Ticker,Date,Time,LTP,BuyPrice,BuyQty,SellPrice,SellQty,LTQ,OpenInterest
BANKNIFTY-I.NFO,30/07/2024,09:15:00,51349,51320.75,75,51350.1,15,195,984720
BANKNIFTY-I.NFO,30/07/2024,09:15:00,51349,51320.75,75,51350.1,15,0,984720
BANKNIFTY-I.NFO,30/07/2024,09:15:00,51349,51320.75,75,51350.1,15,0,984720
BANKNIFTY-I.NFO,30/07/2024,09:15:00,51348.95,51320.75,75,51350.1,15,0,984720
BANKNIFTY-I.NFO,30/07/2024,09:15:01,51352.65,51333.35,60,51353.45,30,30,984720
BANKNIFTY-I.NFO,30/07/2024,09:15:01,51356.4,51333.35,60,51353.45,30,0,984720
BANKNIFTY-I.NFO,30/07/2024,09:15:02,51295.65,51275.05,60,51286.65,90,645,984720
BANKNIFTY-I.NFO,30/07/2024,09:15:02,51271.15,51275.05,60,51286.65,90,0,984720
BANKNIFTY-I.NFO,30/07/2024,09:15:04,51234.4,51235.85,15,51245.8,15,1650,984720
BANKNIFTY-I.NFO,30/07/2024,09:15:04,51226.7,51235.85,15,51245.8,15,0,984720
BANKNIFTY-I.NFO,30/07/2024,09:15:05,51290.05,51290.05,60,51312.95,60,1110,984720
BANKNIFTY-I.NFO,30/07/2024,09:15:06,51338.25,51338.3,60,51353.3,90,315,984720
BANKNIFTY-I.NFO,30/07/2024,09:15:08,51335.45,51335.4,15,51347.35,45,885,984720
BANKNIFTY-I.NFO,30/07/2024,09:15:09,51327.35,51317.8,90,51334.95,60,705,984720
BANKNIFTY-I.NFO,30/07/2024,09:15:11,51295.45,51295.45,60,51308.25,30,855,984720
BANKNIFTY-I.NFO,30/07/2024,09:15:12,51292.45,51289.05,75,51301.7,75,1035,984720
BANKNIFTY-I.NFO,30/07/2024,09:15:14,51275.25,51276.35,45,51294.9,60,405,984720
BANKNIFTY-I.NFO,30/07/2024,09:15:16,51273.25,51252.65,90,51268.15,15,390,984720
BANKNIFTY-I.NFO,30/07/2024,09:15:17,51259.2,51253.5,75,51266.8,15,630,984720
BANKNIFTY-I.NFO,30/07/2024,09:15:19,51287.15,51281.55,30,51287.2,15,705,984720
BANKNIFTY-I.NFO,30/07/2024,09:15:20,51284.2,51280.2,60,51292.75,30,825,984720
BANKNIFTY-I.NFO,30/07/2024,09:15:22,51276.15,51265.1,30,51276.15,60,420,984720
BANKNIFTY-I.NFO,30/07/2024,09:15:24,51282.65,51262.35,15,51271.1,75,315,984720
BANKNIFTY-I.NFO,30/07/2024,09:15:25,51284.35,51266.1,60,51278.95,60,390,984720
BANKNIFTY-I.NFO,30/07/2024,09:15:27,51289.45,51277.9,15,51288.75,30,60,984720
BANKNIFTY-I.NFO,30/07/2024,09:15:28,51291.4,51283.5,15,51293.75,210,540,984720
BANKNIFTY-I.NFO,30/07/2024,09:15:30,51275,51275,15,51283.7,15,300,984720
BANKNIFTY-I.NFO,30/07/2024,09:15:31,51284.3,51271.65,60,51283.8,15,150,984720
BANKNIFTY-I.NFO,30/07/2024,09:15:33,51270.2,51265,15,51268.8,210,525,984720
BANKNIFTY-I.NFO,30/07/2024,09:15:35,51272.7,51263.35,15,51272.7,15,795,987225
BANKNIFTY-I.NFO,30/07/2024,09:15:36,51269.15,51270.9,60,51280.1,45,450,987225
BANKNIFTY-I.NFO,30/07/2024,09:15:38,51284.3,51282.3,60,51293.7,15,360,987225
BANKNIFTY-I.NFO,30/07/2024,09:15:39,51285.4,51280.25,30,51286.45,15,165,987225
BANKNIFTY-I.NFO,30/07/2024,09:15:41,51280,51273.95,15,51280,1530,660,987225
BANKNIFTY-I.NFO,30/07/2024,09:15:42,51280,51275.25,15,51280,1425,135,987225
BANKNIFTY-I.NFO,30/07/2024,09:15:44,51281.5,51281.45,75,51292.4,60,1845,987225
BANKNIFTY-I.NFO,30/07/2024,09:15:45,51276.9,51277.8,90,51289.7,45,180,987225
BANKNIFTY-I.NFO,30/07/2024,09:15:47,51285,51287.75,135,51292.15,15,255,987225
BANKNIFTY-I.NFO,30/07/2024,09:15:49,51292.45,51290.6,300,51292.45,15,150,987225
BANKNIFTY-I.NFO,30/07/2024,09:15:50,51304,51293.65,15,51301.65,240,315,987225
BANKNIFTY-I.NFO,30/07/2024,09:15:52,51308,51296.15,60,51306.35,30,30,987225
BANKNIFTY-I.NFO,30/07/2024,09:15:53,51295.15,51300.4,15,51310.65,60,885,987225
BANKNIFTY-I.NFO,30/07/2024,09:15:55,51293.35,51295.65,15,51304.9,60,330,987225
BANKNIFTY-I.NFO,30/07/2024,09:15:57,51312.45,51305.05,15,51315.2,45,120,987225
BANKNIFTY-I.NFO,30/07/2024,09:15:58,51317.8,51312.4,15,51317.8,135,195,987225
BANKNIFTY-I.NFO,30/07/2024,09:16:00,51318,51316.65,60,51323,885,1050,987225
BANKNIFTY-I.NFO,30/07/2024,09:16:02,51323,51319.3,15,51323,840,750,987225
BANKNIFTY-I.NFO,30/07/2024,09:16:03,51334.8,51326.15,75,51334.85,45,1125,987225
BANKNIFTY-I.NFO,30/07/2024,09:16:05,51334.5,51332.6,15,51339.15,15,375,987225
BANKNIFTY-I.NFO,30/07/2024,09:16:07,51338.8,51332,45,51337.95,30,945,987225
BANKNIFTY-I.NFO,30/07/2024,09:16:08,51343.65,51342.8,30,51348,255,255,987225
BANKNIFTY-I.NFO,30/07/2024,09:16:10,51334.75,51334.5,15,51342.05,15,480,987225
BANKNIFTY-I.NFO,30/07/2024,09:16:11,51336.7,51336.75,15,51344.1,45,1830,987225
BANKNIFTY-I.NFO,30/07/2024,09:16:13,51340,51337.45,15,51347,15,2160,987225
BANKNIFTY-I.NFO,30/07/2024,09:16:15,51344.3,51334.5,15,51342.65,15,480,987225
BANKNIFTY-I.NFO,30/07/2024,09:16:16,51332,51330,165,51333.9,60,180,987225
BANKNIFTY-I.NFO,30/07/2024,09:16:18,51330,51321.35,15,51329.9,60,285,987225
BANKNIFTY-I.NFO,30/07/2024,09:16:20,51321.95,51329.45,15,51332,15,45,987225
BANKNIFTY-I.NFO,30/07/2024,09:16:21,51328.65,51328.6,15,51335,15,2385,987225
BANKNIFTY-I.NFO,30/07/2024,09:16:23,51331.95,51332.6,15,51337.8,300,3120,987225
BANKNIFTY-I.NFO,30/07/2024,09:16:24,51327.5,51328.3,15,51334.5,495,2040,987225
BANKNIFTY-I.NFO,30/07/2024,09:16:26,51317.4,51316.35,15,51326.4,30,1275,987225
BANKNIFTY-I.NFO,30/07/2024,09:16:28,51328.4,51326.8,15,51334.5,495,1965,987225
BANKNIFTY-I.NFO,30/07/2024,09:16:29,51325.55,51320.25,15,51331.3,60,705,987225
BANKNIFTY-I.NFO,30/07/2024,09:16:31,51334.5,51329.05,15,51334.5,450,2745,987225
BANKNIFTY-I.NFO,30/07/2024,09:16:33,51336.55,51336.15,30,51339.95,15,660,987225
BANKNIFTY-I.NFO,30/07/2024,09:16:34,51340.9,51338.15,15,51341.95,15,330,987225
BANKNIFTY-I.NFO,30/07/2024,09:16:36,51335.85,51337.5,15,51341.95,15,525,987225
BANKNIFTY-I.NFO,30/07/2024,09:16:37,51331.6,51323.55,15,51332.4,15,195,987225
BANKNIFTY-I.NFO,30/07/2024,09:16:39,51324.9,51325.85,15,51335.8,60,165,987225
BANKNIFTY-I.NFO,30/07/2024,09:16:41,51325.55,51325.55,45,51334.5,75,1170,987225
BANKNIFTY-I.NFO,30/07/2024,09:16:42,51331.6,51326.2,120,51332.75,30,345,987225
BANKNIFTY-I.NFO,30/07/2024,09:16:44,51323.85,51332.75,15,51335.85,15,240,987225
BANKNIFTY-I.NFO,30/07/2024,09:16:46,51328.5,51329.65,30,51335.85,15,375,987225
BANKNIFTY-I.NFO,30/07/2024,09:16:47,51341.95,51335.85,15,51343,15,105,987225
BANKNIFTY-I.NFO,30/07/2024,09:16:49,51344,51339.95,15,51344,135,60,987225
BANKNIFTY-I.NFO,30/07/2024,09:16:50,51337.15,51341.95,15,51344.95,60,165,987225
BANKNIFTY-I.NFO,30/07/2024,09:16:52,51346,51342,15,51348.8,30,195,987225
BANKNIFTY-I.NFO,30/07/2024,09:16:54,51344,51342,15,51346.25,15,45,987225
BANKNIFTY-I.NFO,30/07/2024,09:16:55,51352.7,51346.75,15,51354.4,165,360,987225
BANKNIFTY-I.NFO,30/07/2024,09:16:57,51357.85,51352.7,15,51357.65,30,180,987225
BANKNIFTY-I.NFO,30/07/2024,09:16:57,51357.85,51352.7,15,51357.65,30,0,987225
BANKNIFTY-I.NFO,30/07/2024,09:16:58,51354.5,51353.45,60,51360,15,15,987225
BANKNIFTY-I.NFO,30/07/2024,09:17:00,51371.4,51367.95,60,51378.8,30,1965,987225
BANKNIFTY-I.NFO,30/07/2024,09:17:00,51379.95,51367.95,60,51378.8,30,0,987225
BANKNIFTY-I.NFO,30/07/2024,09:17:02,51374.35,51362,60,51373.8,15,210,987225
BANKNIFTY-I.NFO,30/07/2024,09:17:02,51380,51362,60,51373.8,15,0,987225
BANKNIFTY-I.NFO,30/07/2024,09:17:03,51371.9,51365.35,15,51374.65,15,30,987225
BANKNIFTY-I.NFO,30/07/2024,09:17:05,51351,51350,15,51359,15,300,987225
BANKNIFTY-I.NFO,30/07/2024,09:17:07,51360,51358.1,30,51360,15,45,987225
BANKNIFTY-I.NFO,30/07/2024,09:17:08,51348.85,51347.85,15,51356.75,60,120,987225
BANKNIFTY-I.NFO,30/07/2024,09:17:10,51357.5,51347,15,51354.75,15,195,987225
BANKNIFTY-I.NFO,30/07/2024,09:17:12,51353.25,51345,30,51353.25,45,30,987225
BANKNIFTY-I.NFO,30/07/2024,09:17:13,51354.1,51353.15,15,51359.8,15,510,987225
BANKNIFTY-I.NFO,30/07/2024,09:17:15,51357.65,51347.05,60,51357.2,30,45,987225
BANKNIFTY-I.NFO,30/07/2024,09:17:16,51347,51345,30,51347,90,45,987225
BANKNIFTY-I.NFO,30/07/2024,09:17:18,51344.5,51344.5,30,51348,15,315,987225
BANKNIFTY-I.NFO,30/07/2024,09:17:19,51348,51338.55,60,51350.15,15,30,987225
BANKNIFTY-I.NFO,30/07/2024,09:17:21,51346.5,51346.55,15,51353.7,30,75,987225
BANKNIFTY-I.NFO,30/07/2024,09:17:23,51349,51342.8,60,51352.55,15,45,987225
BANKNIFTY-I.NFO,30/07/2024,09:17:24,51350,51350.05,60,51357.45,15,180,987225
BANKNIFTY-I.NFO,30/07/2024,09:17:26,51360,51351,60,51360,45,135,987225
BANKNIFTY-I.NFO,30/07/2024,09:17:28,51350.05,51348.75,60,51359.85,45,210,987225
BANKNIFTY-I.NFO,30/07/2024,09:17:29,51361.4,51350.6,15,51361.65,15,105,987225
BANKNIFTY-I.NFO,30/07/2024,09:17:31,51350.7,51350.1,30,51358.1,255,255,987225
BANKNIFTY-I.NFO,30/07/2024,09:17:33,51341.8,51341.65,60,51350.15,15,75,987225
BANKNIFTY-I.NFO,30/07/2024,09:17:34,51345.25,51337.6,60,51347.45,15,210,987225
BANKNIFTY-I.NFO,30/07/2024,09:17:36,51349.2,51338,60,51348.65,15,510,987225
BANKNIFTY-I.NFO,30/07/2024,09:17:38,51357.35,51350,15,51357.35,15,120,987225
BANKNIFTY-I.NFO,30/07/2024,09:17:39,51353.65,51352.85,15,51362.3,15,15,987225
BANKNIFTY-I.NFO,30/07/2024,09:17:41,51350,51357.6,15,51360,15,30,987225
BANKNIFTY-I.NFO,30/07/2024,09:17:42,51365.3,51356.8,75,51367.65,45,180,987225
BANKNIFTY-I.NFO,30/07/2024,09:17:44,51367.65,51357.65,60,51368.55,30,105,987225
BANKNIFTY-I.NFO,30/07/2024,09:17:46,51357.2,51357.05,30,51367.15,75,390,987225
BANKNIFTY-I.NFO,30/07/2024,09:17:47,51374.35,51371.5,15,51382.1,75,30,987225
BANKNIFTY-I.NFO,30/07/2024,09:17:49,51374.35,51371.8,45,51381,30,120,987225
BANKNIFTY-I.NFO,30/07/2024,09:17:49,51382.45,51371.8,45,51381,30,0,987225
BANKNIFTY-I.NFO,30/07/2024,09:17:51,51369.75,51370.5,60,51374.35,15,315,987225
BANKNIFTY-I.NFO,30/07/2024,09:17:51,51384.15,51370.5,60,51374.35,15,0,987225
BANKNIFTY-I.NFO,30/07/2024,09:17:52,51371.1,51375.3,45,51384.1,15,195,987225
BANKNIFTY-I.NFO,30/07/2024,09:17:54,51383.9,51388.95,60,51398.75,60,705,987225
BANKNIFTY-I.NFO,30/07/2024,09:17:54,51397.25,51388.95,60,51398.75,60,0,987225
BANKNIFTY-I.NFO,30/07/2024,09:17:56,51389.4,51394.2,15,51399,15,225,987225
BANKNIFTY-I.NFO,30/07/2024,09:17:56,51399,51394.2,15,51399,15,0,987225
BANKNIFTY-I.NFO,30/07/2024,09:17:57,51390.75,51389.2,60,51399.6,15,300,987225
BANKNIFTY-I.NFO,30/07/2024,09:17:57,51400,51389.2,60,51399.6,15,0,987225
BANKNIFTY-I.NFO,30/07/2024,09:17:59,51400,51400.3,15,51404,15,705,987225
BANKNIFTY-I.NFO,30/07/2024,09:18:01,51396.2,51404.95,30,51409,15,975,987225
BANKNIFTY-I.NFO,30/07/2024,09:18:01,51405.7,51404.95,30,51409,15,0,987225
BANKNIFTY-I.NFO,30/07/2024,09:18:02,51401.35,51396.1,15,51400.85,30,105,987225
BANKNIFTY-I.NFO,30/07/2024,09:18:02,51409,51396.1,15,51400.85,30,0,987225
BANKNIFTY-I.NFO,30/07/2024,09:18:04,51396.1,51395.15,75,51406.85,30,15,987225
BANKNIFTY-I.NFO,30/07/2024,09:18:05,51418.15,51406.6,60,51417.55,30,240,987225
BANKNIFTY-I.NFO,30/07/2024,09:18:05,51420,51406.6,60,51417.55,30,0,987225
BANKNIFTY-I.NFO,30/07/2024,09:18:07,51420.7,51408.65,60,51418.85,60,150,987225
BANKNIFTY-I.NFO,30/07/2024,09:18:07,51420.7,51408.65,60,51418.85,60,0,987225
BANKNIFTY-I.NFO,30/07/2024,09:18:09,51417.8,51406.3,75,51411,45,210,987225
BANKNIFTY-I.NFO,30/07/2024,09:18:10,51419.75,51419,75,51428.3,15,1845,987225
BANKNIFTY-I.NFO,30/07/2024,09:18:10,51433.05,51419,75,51428.3,15,0,987225
BANKNIFTY-I.NFO,30/07/2024,09:18:12,51434,51430.75,15,51439.5,15,270,987225
BANKNIFTY-I.NFO,30/07/2024,09:18:12,51441.9,51430.75,15,51439.5,15,0,987225
BANKNIFTY-I.NFO,30/07/2024,09:18:14,51435.75,51427.35,60,51433,30,45,987225
BANKNIFTY-I.NFO,30/07/2024,09:18:15,51438.1,51427.2,45,51437.75,300,270,987225
BANKNIFTY-I.NFO,30/07/2024,09:18:15,51445.9,51427.2,45,51437.75,300,0,987225
BANKNIFTY-I.NFO,30/07/2024,09:18:17,51428.25,51434.25,60,51444.2,60,885,987225
BANKNIFTY-I.NFO,30/07/2024,09:18:19,51459.25,51448.75,60,51459.9,45,825,987225
BANKNIFTY-I.NFO,30/07/2024,09:18:19,51459.25,51448.75,60,51459.9,45,0,987225
BANKNIFTY-I.NFO,30/07/2024,09:18:20,51444.65,51433.95,15,51444.9,15,2430,987225
BANKNIFTY-I.NFO,30/07/2024,09:18:22,51438.35,51432.7,15,51438.35,270,900,987225
BANKNIFTY-I.NFO,30/07/2024,09:18:24,51453.65,51443.85,30,51452.9,45,480,987225
BANKNIFTY-I.NFO,30/07/2024,09:18:25,51456.85,51446.45,15,51457.45,150,450,987225
BANKNIFTY-I.NFO,30/07/2024,09:18:27,51460,51455.65,15,51460,15,30,987225
BANKNIFTY-I.NFO,30/07/2024,09:18:27,51460,51455.65,15,51460,15,0,987225
BANKNIFTY-I.NFO,30/07/2024,09:18:29,51456.75,51457.85,15,51463.8,60,315,987225
BANKNIFTY-I.NFO,30/07/2024,09:18:29,51468.95,51457.85,15,51463.8,60,0,987225
BANKNIFTY-I.NFO,30/07/2024,09:18:30,51462.55,51450.75,15,51461.1,45,315,987225
BANKNIFTY-I.NFO,30/07/2024,09:18:32,51458.55,51461.9,60,51469,15,120,987225
BANKNIFTY-I.NFO,30/07/2024,09:18:34,51478,51472.7,90,51480,45,450,987225
BANKNIFTY-I.NFO,30/07/2024,09:18:34,51478,51472.7,90,51480,45,0,987225
BANKNIFTY-I.NFO,30/07/2024,09:18:35,51472,51462.25,15,51473.15,75,270,987960
BANKNIFTY-I.NFO,30/07/2024,09:18:35,51484.85,51462.25,15,51473.15,75,0,987960
BANKNIFTY-I.NFO,30/07/2024,09:18:37,51467.15,51456,15,51467.1,300,765,987960
BANKNIFTY-I.NFO,30/07/2024,09:18:39,51458.55,51455.35,60,51458.55,60,105,987960
BANKNIFTY-I.NFO,30/07/2024,09:18:40,51455.3,51450,15,51460.95,30,135,987960
BANKNIFTY-I.NFO,30/07/2024,09:18:42,51459.95,51443.9,15,51455.15,30,345,987960
BANKNIFTY-I.NFO,30/07/2024,09:18:44,51442.8,51442.8,15,51453.1,30,180,987960
BANKNIFTY-I.NFO,30/07/2024,09:18:45,51446.4,51450.9,15,51460.9,60,285,987960
BANKNIFTY-I.NFO,30/07/2024,09:18:47,51455.65,51460.15,45,51467.1,60,60,987960
BANKNIFTY-I.NFO,30/07/2024,09:18:49,51460.15,51449.75,15,51461.3,60,135,987960
BANKNIFTY-I.NFO,30/07/2024,09:18:50,51460.15,51447.7,15,51454.85,30,0,987960
BANKNIFTY-I.NFO,30/07/2024,09:18:52,51454.85,51446.55,15,51457.05,60,240,987960
BANKNIFTY-I.NFO,30/07/2024,09:18:54,51465,51465,405,51471.5,60,375,987960
BANKNIFTY-I.NFO,30/07/2024,09:18:55,51466.75,51463.5,15,51473.9,15,435,987960
BANKNIFTY-I.NFO,30/07/2024,09:18:57,51469.25,51469.7,30,51475,90,255,987960
BANKNIFTY-I.NFO,30/07/2024,09:18:59,51480,51469.5,15,51479.2,15,225,987960
BANKNIFTY-I.NFO,30/07/2024,09:19:00,51481.05,51478.5,15,51485,15,345,987960
BANKNIFTY-I.NFO,30/07/2024,09:19:02,51470.3,51469.2,60,51479.9,75,315,987960
BANKNIFTY-I.NFO,30/07/2024,09:19:04,51473.1,51473.95,30,51482.95,15,315,987960
BANKNIFTY-I.NFO,30/07/2024,09:19:05,51479.2,51472.3,30,51479,15,195,987960
BANKNIFTY-I.NFO,30/07/2024,09:19:07,51481.95,51472.9,15,51481.8,15,105,987960
BANKNIFTY-I.NFO,30/07/2024,09:19:09,51477.2,51469.15,60,51474.35,15,495,987960
BANKNIFTY-I.NFO,30/07/2024,09:19:10,51469.65,51453.55,15,51463.85,45,330,987960
BANKNIFTY-I.NFO,30/07/2024,09:19:12,51461.9,51456.35,15,51467.3,60,60,987960
BANKNIFTY-I.NFO,30/07/2024,09:19:14,51462.8,51463.95,15,51473.5,30,75,987960
BANKNIFTY-I.NFO,30/07/2024,09:19:15,51489.25,51478,15,51483.45,30,960,987960
BANKNIFTY-I.NFO,30/07/2024,09:19:15,51489.25,51478,15,51483.45,30,0,987960
BANKNIFTY-I.NFO,30/07/2024,09:19:17,51466.55,51460,900,51465.6,15,90,987960
BANKNIFTY-I.NFO,30/07/2024,09:19:19,51464.8,51457,345,51465.4,195,1170,987960
BANKNIFTY-I.NFO,30/07/2024,09:19:20,51462.9,51457,345,51463.8,15,150,987960
BANKNIFTY-I.NFO,30/07/2024,09:19:22,51461.4,51457,315,51462.35,300,165,987960
BANKNIFTY-I.NFO,30/07/2024,09:19:24,51447.85,51442.3,30,51448,150,585,987960
BANKNIFTY-I.NFO,30/07/2024,09:19:25,51443.3,51440,15,51446.85,15,30,987960
BANKNIFTY-I.NFO,30/07/2024,09:19:27,51442.8,51433.6,15,51443.6,150,60,987960
BANKNIFTY-I.NFO,30/07/2024,09:19:29,51442.8,51434.15,30,51444.25,15,15,987960
BANKNIFTY-I.NFO,30/07/2024,09:19:30,51444.25,51428.4,15,51438.65,15,105,987960
BANKNIFTY-I.NFO,30/07/2024,09:19:32,51420.7,51417.9,60,51425,60,150,987960
BANKNIFTY-I.NFO,30/07/2024,09:19:34,51430.5,51430.45,15,51441.2,120,165,987960
BANKNIFTY-I.NFO,30/07/2024,09:19:35,51428.45,51428.95,15,51439.8,90,420,987960
BANKNIFTY-I.NFO,30/07/2024,09:19:37,51425.05,51425,15,51429.9,15,45,987960
BANKNIFTY-I.NFO,30/07/2024,09:19:38,51420.7,51425.1,15,51431.95,90,75,987960
BANKNIFTY-I.NFO,30/07/2024,09:19:40,51430.45,51425.1,15,51430.45,75,30,987960
BANKNIFTY-I.NFO,30/07/2024,09:19:42,51430.05,51419.5,120,51429.9,75,615,987960
BANKNIFTY-I.NFO,30/07/2024,09:19:43,51430.05,51421.75,15,51431.8,90,0,987960
BANKNIFTY-I.NFO,30/07/2024,09:19:45,51423.8,51419.8,135,51428.4,15,330,987960
BANKNIFTY-I.NFO,30/07/2024,09:19:47,51428.4,51418.2,120,51427.6,15,60,987960
BANKNIFTY-I.NFO,30/07/2024,09:19:48,51417.85,51416.65,15,51419.45,60,30,987960
BANKNIFTY-I.NFO,30/07/2024,09:19:50,51411.6,51404.1,135,51413.7,120,150,987960
BANKNIFTY-I.NFO,30/07/2024,09:19:52,51411.6,51404.05,15,51412,15,0,987960
BANKNIFTY-I.NFO,30/07/2024,09:19:54,51417.9,51402.2,15,51413.5,120,75,987960
BANKNIFTY-I.NFO,30/07/2024,09:19:55,51417.9,51406.3,105,51415.7,120,0,987960
BANKNIFTY-I.NFO,30/07/2024,09:19:57,51402,51400,30,51402.55,120,45,987960
BANKNIFTY-I.NFO,30/07/2024,09:19:59,51402.5,51400,30,51405.5,60,90,987960
BANKNIFTY-I.NFO,30/07/2024,09:20:00,51400.6,51392.7,15,51400.6,30,435,987960
BANKNIFTY-I.NFO,30/07/2024,09:20:02,51390.35,51382.45,30,51390.7,15,90,987960
BANKNIFTY-I.NFO,30/07/2024,09:20:03,51386,51386.6,15,51394.5,15,90,987960
BANKNIFTY-I.NFO,30/07/2024,09:20:05,51391,51390.85,120,51401.15,15,195,987960
BANKNIFTY-I.NFO,30/07/2024,09:20:07,51394.9,51391.4,15,51401.05,285,30,987960
BANKNIFTY-I.NFO,30/07/2024,09:20:08,51391.4,51390,30,51391.4,15,15,987960
BANKNIFTY-I.NFO,30/07/2024,09:20:10,51397.25,51397.2,15,51406.75,120,165,987960
BANKNIFTY-I.NFO,30/07/2024,09:20:12,51404.75,51395.1,120,51403.45,15,90,987960
BANKNIFTY-I.NFO,30/07/2024,09:20:13,51395,51395,15,51398,60,15,987960
BANKNIFTY-I.NFO,30/07/2024,09:20:15,51389.9,51385.25,30,51394.55,120,240,987960
BANKNIFTY-I.NFO,30/07/2024,09:20:17,51399.5,51395.2,15,51400,15,15,987960
BANKNIFTY-I.NFO,30/07/2024,09:20:18,51400,51395.65,15,51406.2,120,180,987960
BANKNIFTY-I.NFO,30/07/2024,09:20:20,51400.3,51403.05,30,51410,15,30,987960
BANKNIFTY-I.NFO,30/07/2024,09:20:22,51407.55,51407.6,15,51417.6,120,345,987960
BANKNIFTY-I.NFO,30/07/2024,09:20:23,51413.4,51402.15,30,51414.1,15,75,987960
BANKNIFTY-I.NFO,30/07/2024,09:20:25,51409.1,51410.9,30,51421.65,120,15,987960
BANKNIFTY-I.NFO,30/07/2024,09:20:27,51421.75,51414.1,15,51421.75,120,30,987960
BANKNIFTY-I.NFO,30/07/2024,09:20:28,51403.7,51404.4,15,51414.8,150,75,987960
BANKNIFTY-I.NFO,30/07/2024,09:20:30,51396.8,51391.4,15,51396.8,30,330,987960
BANKNIFTY-I.NFO,30/07/2024,09:20:32,51389,51383.65,30,51389.9,120,180,987960
BANKNIFTY-I.NFO,30/07/2024,09:20:33,51380,51380,15,51386.35,120,90,987960
BANKNIFTY-I.NFO,30/07/2024,09:20:35,51388.55,51380,15,51388.55,120,15,987960
BANKNIFTY-I.NFO,30/07/2024,09:20:37,51380,51375.05,120,51380,15,60,987960
BANKNIFTY-I.NFO,30/07/2024,09:20:38,51379,51375,135,51378.5,15,30,987960
BANKNIFTY-I.NFO,30/07/2024,09:20:40,51378.45,51376.65,60,51388.05,120,195,987960
BANKNIFTY-I.NFO,30/07/2024,09:20:42,51384.15,51379.4,45,51389.4,135,60,987960
BANKNIFTY-I.NFO,30/07/2024,09:20:43,51380,51375,135,51378.5,300,120,987960
BANKNIFTY-I.NFO,30/07/2024,09:20:45,51379.1,51380.25,15,51384.15,15,675,987960
BANKNIFTY-I.NFO,30/07/2024,09:20:47,51382.1,51379.75,30,51389.85,15,465,987960
BANKNIFTY-I.NFO,30/07/2024,09:20:48,51386.4,51379.75,15,51385.8,120,90,987960
BANKNIFTY-I.NFO,30/07/2024,09:20:50,51381.65,51380.35,90,51388.45,120,30,987960
BANKNIFTY-I.NFO,30/07/2024,09:20:52,51394.05,51389.85,90,51394.05,120,15,987960
BANKNIFTY-I.NFO,30/07/2024,09:20:53,51393.7,51391.95,15,51394,75,15,987960
BANKNIFTY-I.NFO,30/07/2024,09:20:55,51386.4,51380.35,90,51388.85,135,120,987960
BANKNIFTY-I.NFO,30/07/2024,09:20:56,51380.35,51380.35,15,51387.05,135,90,987960
BANKNIFTY-I.NFO,30/07/2024,09:20:58,51376.1,51379.9,15,51389.85,120,75,987960
BANKNIFTY-I.NFO,30/07/2024,09:21:00,51383.9,51385.6,15,51395,15,30,987960
BANKNIFTY-I.NFO,30/07/2024,09:21:01,51396,51389.45,30,51396.8,60,30,987960
BANKNIFTY-I.NFO,30/07/2024,09:21:03,51396,51385.25,120,51396.4,120,450,987960
BANKNIFTY-I.NFO,30/07/2024,09:21:05,51396.3,51387.35,135,51396.8,60,15,987960
BANKNIFTY-I.NFO,30/07/2024,09:21:06,51396.8,51390.4,120,51399,15,225,987960
BANKNIFTY-I.NFO,30/07/2024,09:21:08,51399,51395.1,15,51399.9,30,15,987960
BANKNIFTY-I.NFO,30/07/2024,09:21:09,51396.15,51390,15,51399,135,1245,987960
BANKNIFTY-I.NFO,30/07/2024,09:21:11,51399,51390,15,51399.1,120,15,987960
BANKNIFTY-I.NFO,30/07/2024,09:21:13,51399,51397.65,120,51399.9,30,0,987960
BANKNIFTY-I.NFO,30/07/2024,09:21:14,51399.9,51401.65,120,51405,15,45,987960
BANKNIFTY-I.NFO,30/07/2024,09:21:16,51405,51403.15,15,51410,30,15,987960
BANKNIFTY-I.NFO,30/07/2024,09:21:18,51404.35,51401.65,120,51411.1,120,60,987960
BANKNIFTY-I.NFO,30/07/2024,09:21:19,51403.7,51403.65,15,51412.45,120,150,987960
BANKNIFTY-I.NFO,30/07/2024,09:21:21,51393.25,51394.35,15,51403.25,15,1110,987960
BANKNIFTY-I.NFO,30/07/2024,09:21:23,51389.35,51389.3,15,51399.35,15,2475,987960
BANKNIFTY-I.NFO,30/07/2024,09:21:24,51387.25,51398.15,75,51401.9,120,135,987960
BANKNIFTY-I.NFO,30/07/2024,09:21:26,51387.25,51401.95,30,51403.25,15,0,987960
BANKNIFTY-I.NFO,30/07/2024,09:21:28,51403.25,51401.95,30,51409.95,120,15,987960
BANKNIFTY-I.NFO,30/07/2024,09:21:29,51405.7,51400.15,15,51409.95,120,45,987960
BANKNIFTY-I.NFO,30/07/2024,09:21:31,51410,51404.75,15,51410,60,90,987960
BANKNIFTY-I.NFO,30/07/2024,09:21:33,51406.1,51407.25,15,51415,15,90,987960
BANKNIFTY-I.NFO,30/07/2024,09:21:34,51425,51420,15,51425,75,150,987960
BANKNIFTY-I.NFO,30/07/2024,09:21:36,51420,51420,15,51422.05,120,15,988290
BANKNIFTY-I.NFO,30/07/2024,09:21:37,51420.9,51415,15,51419.95,15,120,988290
BANKNIFTY-I.NFO,30/07/2024,09:21:39,51424.9,51418.9,15,51425,60,45,988290
BANKNIFTY-I.NFO,30/07/2024,09:21:41,51413.85,51406.1,15,51413.85,15,60,988290
BANKNIFTY-I.NFO,30/07/2024,09:21:42,51409.2,51400.15,75,51409.85,135,90,988290
BANKNIFTY-I.NFO,30/07/2024,09:21:44,51395,51392.8,15,51400.85,135,195,988290
BANKNIFTY-I.NFO,30/07/2024,09:21:46,51396.4,51392.85,15,51396.4,135,45,988290
BANKNIFTY-I.NFO,30/07/2024,09:21:47,51398.45,51393,75,51397.2,120,45,988290
BANKNIFTY-I.NFO,30/07/2024,09:21:49,51389.25,51387.25,150,51389,90,645,988290
BANKNIFTY-I.NFO,30/07/2024,09:21:51,51383.15,51380.35,15,51388.05,60,210,988290
BANKNIFTY-I.NFO,30/07/2024,09:21:52,51388.2,51380,15,51388.2,45,45,988290
BANKNIFTY-I.NFO,30/07/2024,09:21:54,51371.35,51372.85,120,51381.95,15,210,988290
BANKNIFTY-I.NFO,30/07/2024,09:21:56,51373.4,51371.95,120,51382.7,75,15,988290
BANKNIFTY-I.NFO,30/07/2024,09:21:57,51370.95,51377.6,15,51387.2,120,1170,988290
BANKNIFTY-I.NFO,30/07/2024,09:21:59,51376.3,51372.8,15,51383.9,285,165,988290
BANKNIFTY-I.NFO,30/07/2024,09:22:01,51371,51367,75,51373,120,45,988290
BANKNIFTY-I.NFO,30/07/2024,09:22:02,51353.7,51353.55,15,51362.1,150,375,988290
BANKNIFTY-I.NFO,30/07/2024,09:22:04,51348.1,51348.75,15,51358,120,225,988290
BANKNIFTY-I.NFO,30/07/2024,09:22:06,51350.7,51356.2,15,51366.45,15,30,988290
BANKNIFTY-I.NFO,30/07/2024,09:22:07,51358.85,51356.25,15,51366.85,120,180,988290
BANKNIFTY-I.NFO,30/07/2024,09:22:09,51359.8,51359.4,15,51367,15,15,988290
BANKNIFTY-I.NFO,30/07/2024,09:22:11,51366.3,51357.9,15,51367,15,165,988290
BANKNIFTY-I.NFO,30/07/2024,09:22:13,51357.05,51358.35,15,51369.3,120,120,988290
BANKNIFTY-I.NFO,30/07/2024,09:22:14,51364.75,51369.25,15,51371,150,30,988290
BANKNIFTY-I.NFO,30/07/2024,09:22:16,51364.2,51360.65,15,51371.25,15,180,988290
BANKNIFTY-I.NFO,30/07/2024,09:22:18,51373.4,51372.05,15,51382.05,15,105,988290
BANKNIFTY-I.NFO,30/07/2024,09:22:19,51373.4,51375.4,30,51386.15,15,0,988290
BANKNIFTY-I.NFO,30/07/2024,09:22:21,51373.4,51374.4,15,51384.75,135,0,988290
BANKNIFTY-I.NFO,30/07/2024,09:22:23,51385.5,51385.5,195,51388.55,15,15,988290
BANKNIFTY-I.NFO,30/07/2024,09:22:24,51385.5,51386.3,15,51392.85,15,0,988290
BANKNIFTY-I.NFO,30/07/2024,09:22:26,51394.9,51385.5,210,51392.7,120,135,988290
BANKNIFTY-I.NFO,30/07/2024,09:22:28,51394.9,51385.5,210,51392.95,135,0,988290
BANKNIFTY-I.NFO,30/07/2024,09:22:29,51385.5,51375.85,15,51385.7,120,210,988290
BANKNIFTY-I.NFO,30/07/2024,09:22:31,51380.8,51370.95,15,51380.15,15,15,988290
BANKNIFTY-I.NFO,30/07/2024,09:22:33,51369.85,51367.7,15,51378.7,135,90,988290
BANKNIFTY-I.NFO,30/07/2024,09:22:34,51369.65,51369.45,15,51379.95,15,150,988290
BANKNIFTY-I.NFO,30/07/2024,09:22:36,51379.7,51367,495,51373.5,120,450,988290
BANKNIFTY-I.NFO,30/07/2024,09:22:38,51375,51371.55,120,51380.55,15,15,988290
BANKNIFTY-I.NFO,30/07/2024,09:22:39,51379.95,51369.3,120,51379.3,15,450,988290
BANKNIFTY-I.NFO,30/07/2024,09:22:41,51377.85,51369.2,120,51377.5,15,450,988290
BANKNIFTY-I.NFO,30/07/2024,09:22:43,51371.1,51379.3,450,51380.5,60,60,988290
BANKNIFTY-I.NFO,30/07/2024,09:22:44,51379.55,51377.5,450,51378.6,15,525,988290
BANKNIFTY-I.NFO,30/07/2024,09:22:46,51377.15,51368.75,15,51377.2,15,465,988290
BANKNIFTY-I.NFO,30/07/2024,09:22:47,51381.4,51367.05,15,51377.25,45,525,988290
BANKNIFTY-I.NFO,30/07/2024,09:22:49,51377.25,51374.2,15,51383.95,15,15,988290
BANKNIFTY-I.NFO,30/07/2024,09:22:51,51370.6,51367.05,15,51376.55,30,15,988290
BANKNIFTY-I.NFO,30/07/2024,09:22:52,51370.6,51372.5,135,51377.15,150,0,988290
BANKNIFTY-I.NFO,30/07/2024,09:22:54,51377.15,51374.85,15,51377.15,30,120,988290
BANKNIFTY-I.NFO,30/07/2024,09:22:56,51377.15,51376.55,450,51381.4,15,30,988290
BANKNIFTY-I.NFO,30/07/2024,09:22:57,51381.4,51380.25,15,51387,15,15,988290
BANKNIFTY-I.NFO,30/07/2024,09:22:59,51375.9,51370,45,51372.4,15,1845,988290
BANKNIFTY-I.NFO,30/07/2024,09:23:01,51367,51360,45,51366.3,15,555,988290
BANKNIFTY-I.NFO,30/07/2024,09:23:02,51368.3,51360,45,51365.35,15,555,988290
BANKNIFTY-I.NFO,30/07/2024,09:23:04,51358.35,51361,15,51368.65,15,90,988290
BANKNIFTY-I.NFO,30/07/2024,09:23:06,51367.4,51366.3,315,51367.5,75,180,988290
BANKNIFTY-I.NFO,30/07/2024,09:23:07,51367.4,51366.3,60,51366.75,15,735,988290
BANKNIFTY-I.NFO,30/07/2024,09:23:09,51367.4,51366.3,60,51372.75,15,0,988290
BANKNIFTY-I.NFO,30/07/2024,09:23:11,51375.25,51367.35,135,51375,15,15,988290
BANKNIFTY-I.NFO,30/07/2024,09:23:12,51376.6,51367.35,15,51369.1,15,60,988290
BANKNIFTY-I.NFO,30/07/2024,09:23:14,51369.1,51369.1,45,51375.8,15,120,988290
BANKNIFTY-I.NFO,30/07/2024,09:23:16,51370,51367.35,15,51370,120,300,988290
BANKNIFTY-I.NFO,30/07/2024,09:23:17,51371.9,51368.7,15,51371.45,255,270,988290
BANKNIFTY-I.NFO,30/07/2024,09:23:19,51374.95,51370.55,15,51379,30,60,988290
BANKNIFTY-I.NFO,30/07/2024,09:23:21,51371.7,51366,15,51371.8,15,60,988290
BANKNIFTY-I.NFO,30/07/2024,09:23:22,51377.6,51370.25,120,51380,15,330,988290
BANKNIFTY-I.NFO,30/07/2024,09:23:24,51377.6,51371.55,120,51380,30,0,988290
BANKNIFTY-I.NFO,30/07/2024,09:23:26,51377.6,51366.65,15,51374.9,105,165,988290
BANKNIFTY-I.NFO,30/07/2024,09:23:27,51377.6,51366.15,15,51373.8,15,0,988290
BANKNIFTY-I.NFO,30/07/2024,09:23:29,51377.6,51372.3,60,51378.05,105,0,988290
BANKNIFTY-I.NFO,30/07/2024,09:23:31,51372.3,51373.55,120,51380,15,30,988290
BANKNIFTY-I.NFO,30/07/2024,09:23:32,51374.1,51372.35,30,51379.3,90,30,988290
BANKNIFTY-I.NFO,30/07/2024,09:23:34,51372.3,51372.3,15,51379.95,240,45,988290
BANKNIFTY-I.NFO,30/07/2024,09:23:35,51371.65,51362.35,15,51369.95,15,45,988290
BANKNIFTY-I.NFO,30/07/2024,09:23:37,51362.35,51360,15,51361.1,15,15,988290
BANKNIFTY-I.NFO,30/07/2024,09:23:39,51360,51358,180,51363.7,15,15,988290
BANKNIFTY-I.NFO,30/07/2024,09:23:40,51358,51354.9,15,51363,75,180,988290
BANKNIFTY-I.NFO,30/07/2024,09:23:42,51364.1,51364.45,15,51365.6,15,30,988290
BANKNIFTY-I.NFO,30/07/2024,09:23:44,51366.15,51363.15,15,51366.65,15,75,988290
BANKNIFTY-I.NFO,30/07/2024,09:23:45,51367,51363.15,15,51367.65,15,15,988290
BANKNIFTY-I.NFO,30/07/2024,09:23:47,51364.65,51364.6,15,51371.2,45,15,988290
BANKNIFTY-I.NFO,30/07/2024,09:23:49,51363.15,51357.3,45,51363.15,45,75,988290
BANKNIFTY-I.NFO,30/07/2024,09:23:50,51363.15,51361.05,15,51367.5,15,30,988290
BANKNIFTY-I.NFO,30/07/2024,09:23:52,51361.5,51357.65,15,51365.15,15,15,988290
BANKNIFTY-I.NFO,30/07/2024,09:23:54,51361.5,51358.2,15,51365.6,15,0,988290
BANKNIFTY-I.NFO,30/07/2024,09:23:55,51358.55,51358.5,15,51365.3,15,60,988290
BANKNIFTY-I.NFO,30/07/2024,09:23:57,51368.4,51363.7,30,51369.6,60,390,988290
BANKNIFTY-I.NFO,30/07/2024,09:23:59,51364.8,51363.6,30,51369.75,15,75,988290
BANKNIFTY-I.NFO,30/07/2024,09:24:00,51364.8,51366.5,15,51371.9,15,0,988290
BANKNIFTY-I.NFO,30/07/2024,09:24:02,51371.9,51367.15,15,51373.5,15,15,988290
BANKNIFTY-I.NFO,30/07/2024,09:24:04,51371.25,51363.65,15,51370.4,45,105,988290
BANKNIFTY-I.NFO,30/07/2024,09:24:05,51364.8,51367.05,15,51368.65,15,15,988290
BANKNIFTY-I.NFO,30/07/2024,09:24:07,51372.35,51364.8,15,51372.15,150,225,988290
BANKNIFTY-I.NFO,30/07/2024,09:24:09,51357.3,51354.15,45,51357.45,45,705,988290
BANKNIFTY-I.NFO,30/07/2024,09:24:10,51362.1,51357.45,30,51364.75,15,75,988290
BANKNIFTY-I.NFO,30/07/2024,09:24:12,51364.75,51362.2,30,51364.8,15,15,988290
BANKNIFTY-I.NFO,30/07/2024,09:24:13,51364.8,51363.85,15,51370.65,150,15,988290
BANKNIFTY-I.NFO,30/07/2024,09:24:15,51372.35,51370.35,45,51374,15,45,988290
BANKNIFTY-I.NFO,30/07/2024,09:24:17,51372,51372.55,120,51379.95,15,705,988290
BANKNIFTY-I.NFO,30/07/2024,09:24:18,51371.5,51370.8,15,51379.85,420,45,988290
BANKNIFTY-I.NFO,30/07/2024,09:24:20,51375.55,51376.65,30,51379.9,15,180,988290
BANKNIFTY-I.NFO,30/07/2024,09:24:22,51380,51379.9,15,51386.75,300,75,988290
BANKNIFTY-I.NFO,30/07/2024,09:24:23,51386.5,51379.9,30,51388.05,15,15,988290
BANKNIFTY-I.NFO,30/07/2024,09:24:25,51386.75,51379.9,30,51386.65,120,15,988290
BANKNIFTY-I.NFO,30/07/2024,09:24:27,51386.75,51382.25,30,51386.75,60,15,988290
BANKNIFTY-I.NFO,30/07/2024,09:24:28,51382.25,51381.5,45,51386.75,45,75,988290
BANKNIFTY-I.NFO,30/07/2024,09:24:30,51392.1,51390.45,105,51398.95,30,135,988290
BANKNIFTY-I.NFO,30/07/2024,09:24:32,51415,51408.75,15,51415,60,195,988290
BANKNIFTY-I.NFO,30/07/2024,09:24:33,51402.1,51402.95,120,51411.95,15,45,988290
BANKNIFTY-I.NFO,30/07/2024,09:24:35,51406.05,51405.8,90,51414.95,15,75,988290
BANKNIFTY-I.NFO,30/07/2024,09:24:37,51405.8,51406.3,90,51415,60,15,993600
BANKNIFTY-I.NFO,30/07/2024,09:24:38,51405.8,51409.25,15,51415,75,0,993600
BANKNIFTY-I.NFO,30/07/2024,09:24:40,51414.2,51414.2,15,51422.05,15,480,993600
BANKNIFTY-I.NFO,30/07/2024,09:24:42,51411,51408.95,15,51417.75,60,435,993600
BANKNIFTY-I.NFO,30/07/2024,09:24:43,51409.85,51406,15,51409.7,150,120,993600
BANKNIFTY-I.NFO,30/07/2024,09:24:45,51403.85,51398.95,15,51401.4,120,60,993600
BANKNIFTY-I.NFO,30/07/2024,09:24:47,51395.45,51387.85,15,51397.3,45,135,993600
BANKNIFTY-I.NFO,30/07/2024,09:24:48,51404.5,51394.55,15,51404.05,30,210,993600
BANKNIFTY-I.NFO,30/07/2024,09:24:50,51396.55,51387.85,15,51396.5,45,75,993600
BANKNIFTY-I.NFO,30/07/2024,09:24:52,51399.35,51389.7,15,51398.65,60,75,993600
BANKNIFTY-I.NFO,30/07/2024,09:24:53,51392.1,51394.2,15,51401,30,30,993600
BANKNIFTY-I.NFO,30/07/2024,09:24:55,51401.4,51394.75,15,51405.05,15,435,993600
BANKNIFTY-I.NFO,30/07/2024,09:24:56,51395.5,51393.35,15,51402.7,15,15,993600
BANKNIFTY-I.NFO,30/07/2024,09:24:58,51401.1,51391.55,15,51400.95,45,450,993600
BANKNIFTY-I.NFO,30/07/2024,09:25:00,51401.45,51401.4,15,51410.7,15,90,993600
BANKNIFTY-I.NFO,30/07/2024,09:25:01,51401.5,51393.25,15,51402.3,180,210,993600
BANKNIFTY-I.NFO,30/07/2024,09:25:03,51390.05,51390.3,15,51399.7,45,210,993600
BANKNIFTY-I.NFO,30/07/2024,09:25:05,51390.05,51390.3,30,51399.7,15,0,993600
BANKNIFTY-I.NFO,30/07/2024,09:25:06,51390.05,51390,15,51398.75,30,15,993600
BANKNIFTY-I.NFO,30/07/2024,09:25:08,51394.1,51391.55,15,51400.8,330,120,993600
BANKNIFTY-I.NFO,30/07/2024,09:25:09,51394.95,51386.55,120,51396,90,480,993600
BANKNIFTY-I.NFO,30/07/2024,09:25:11,51379.9,51381.4,120,51391.2,150,795,993600
BANKNIFTY-I.NFO,30/07/2024,09:25:13,51379.9,51387.05,15,51396.5,120,0,993600
BANKNIFTY-I.NFO,30/07/2024,09:25:14,51379.9,51391.4,120,51400,45,0,993600
BANKNIFTY-I.NFO,30/07/2024,09:25:16,51394,51391.55,105,51400,45,15,993600
BANKNIFTY-I.NFO,30/07/2024,09:25:18,51395.3,51386.65,15,51395.6,150,15,993600
BANKNIFTY-I.NFO,30/07/2024,09:25:19,51398.55,51393.2,135,51400,45,45,993600
BANKNIFTY-I.NFO,30/07/2024,09:25:21,51404.9,51396.25,15,51404.9,60,75,993600
BANKNIFTY-I.NFO,30/07/2024,09:25:22,51395.2,51393,45,51398.25,120,75,993600
BANKNIFTY-I.NFO,30/07/2024,09:25:24,51395.2,51393,45,51399.95,120,0,993600
BANKNIFTY-I.NFO,30/07/2024,09:25:26,51394.2,51394.65,15,51400,15,15,993600
BANKNIFTY-I.NFO,30/07/2024,09:25:27,51400,51398.15,30,51402.45,135,15,993600
BANKNIFTY-I.NFO,30/07/2024,09:25:29,51398.15,51395,15,51400.7,120,270,993600
BANKNIFTY-I.NFO,30/07/2024,09:25:31,51405.7,51395.1,15,51403.55,120,60,993600
BANKNIFTY-I.NFO,30/07/2024,09:25:32,51405.7,51395.15,15,51404.8,105,0,993600
BANKNIFTY-I.NFO,30/07/2024,09:25:34,51404.1,51395.1,15,51395.25,345,30,993600
BANKNIFTY-I.NFO,30/07/2024,09:25:36,51397.9,51388.2,15,51397.3,60,180,993600
BANKNIFTY-I.NFO,30/07/2024,09:25:37,51384.5,51386,120,51394,30,45,993600
BANKNIFTY-I.NFO,30/07/2024,09:25:39,51395.7,51385.9,120,51395.45,30,45,993600
BANKNIFTY-I.NFO,30/07/2024,09:25:41,51388.25,51387.25,15,51396.5,75,45,993600
BANKNIFTY-I.NFO,30/07/2024,09:25:42,51397.35,51388.9,120,51397.95,30,15,993600
BANKNIFTY-I.NFO,30/07/2024,09:25:44,51397.35,51393.3,15,51402.95,30,0,993600
BANKNIFTY-I.NFO,30/07/2024,09:25:45,51397.35,51397.1,15,51405.95,15,0,993600
BANKNIFTY-I.NFO,30/07/2024,09:25:47,51405.95,51398,15,51406.6,900,60,993600
BANKNIFTY-I.NFO,30/07/2024,09:25:49,51405.95,51399.5,15,51406.6,900,0,993600
BANKNIFTY-I.NFO,30/07/2024,09:25:50,51410,51407.55,120,51411,15,915,993600
BANKNIFTY-I.NFO,30/07/2024,09:25:52,51415.65,51416.05,120,51420,15,105,993600
BANKNIFTY-I.NFO,30/07/2024,09:25:54,51430,51426.1,30,51429.6,15,1260,993600
BANKNIFTY-I.NFO,30/07/2024,09:25:55,51432,51426.1,30,51432,30,150,993600
BANKNIFTY-I.NFO,30/07/2024,09:25:57,51416.45,51417,120,51425.95,15,105,993600
BANKNIFTY-I.NFO,30/07/2024,09:25:59,51430.95,51422.5,120,51430.95,15,45,993600
BANKNIFTY-I.NFO,30/07/2024,09:26:00,51439.75,51429.9,15,51438.35,15,75,993600
BANKNIFTY-I.NFO,30/07/2024,09:26:02,51439.75,51432.55,15,51438.85,15,0,993600
BANKNIFTY-I.NFO,30/07/2024,09:26:04,51435.95,51432,30,51437.65,45,60,993600
BANKNIFTY-I.NFO,30/07/2024,09:26:05,51432,51434.85,15,51438.5,30,45,993600
BANKNIFTY-I.NFO,30/07/2024,09:26:07,51432,51434.85,15,51437.4,30,0,993600
BANKNIFTY-I.NFO,30/07/2024,09:26:08,51442.95,51434.85,15,51435,15,165,993600
BANKNIFTY-I.NFO,30/07/2024,09:26:10,51428.05,51419.3,15,51428.05,285,255,993600
BANKNIFTY-I.NFO,30/07/2024,09:26:12,51416.75,51416.75,15,51422,300,105,993600
BANKNIFTY-I.NFO,30/07/2024,09:26:13,51418.75,51421.65,60,51426.25,270,30,993600
BANKNIFTY-I.NFO,30/07/2024,09:26:15,51422.05,51422,255,51425.2,30,60,993600
BANKNIFTY-I.NFO,30/07/2024,09:26:17,51422.05,51422.55,15,51429.9,495,0,993600
BANKNIFTY-I.NFO,30/07/2024,09:26:18,51422.05,51425.65,15,51429.9,495,45,993600
BANKNIFTY-I.NFO,30/07/2024,09:26:20,51424.7,51424.8,15,51429.9,495,15,993600
BANKNIFTY-I.NFO,30/07/2024,09:26:22,51429.9,51422.1,15,51429.9,375,1860,993600
BANKNIFTY-I.NFO,30/07/2024,09:26:23,51429.9,51423.4,15,51429.9,240,450,993600
BANKNIFTY-I.NFO,30/07/2024,09:26:25,51429.9,51424.7,15,51429.9,180,285,993600
BANKNIFTY-I.NFO,30/07/2024,09:26:27,51429.9,51424.7,15,51426.8,300,30,993600
BANKNIFTY-I.NFO,30/07/2024,09:26:28,51420.85,51416.75,15,51422.05,300,570,993600
BANKNIFTY-I.NFO,30/07/2024,09:26:30,51422.95,51419.9,15,51422.65,300,630,993600
BANKNIFTY-I.NFO,30/07/2024,09:26:32,51422.95,51419.9,15,51426.4,30,0,993600
BANKNIFTY-I.NFO,30/07/2024,09:26:33,51422.1,51414.55,15,51421.95,15,120,993600
BANKNIFTY-I.NFO,30/07/2024,09:26:35,51414.5,51414.65,15,51422.95,15,45,993600
BANKNIFTY-I.NFO,30/07/2024,09:26:37,51426.5,51414.5,30,51421.95,15,225,993600
BANKNIFTY-I.NFO,30/07/2024,09:26:38,51416.55,51414.45,45,51417.7,30,90,993600
BANKNIFTY-I.NFO,30/07/2024,09:26:40,51416.8,51414.45,45,51416.35,90,105,993600
BANKNIFTY-I.NFO,30/07/2024,09:26:42,51413,51411,30,51418.9,300,255,993600
BANKNIFTY-I.NFO,30/07/2024,09:26:43,51418.95,51416.25,30,51419.95,15,15,993600
BANKNIFTY-I.NFO,30/07/2024,09:26:45,51416.25,51418.9,135,51425,105,30,993600
BANKNIFTY-I.NFO,30/07/2024,09:26:47,51417.1,51417.25,15,51424.95,15,45,993600
BANKNIFTY-I.NFO,30/07/2024,09:26:48,51417.1,51417.25,15,51422.15,15,0,993600
BANKNIFTY-I.NFO,30/07/2024,09:26:50,51419.5,51411,15,51418.75,15,45,993600
BANKNIFTY-I.NFO,30/07/2024,09:26:52,51419.5,51416.25,15,51420,30,0,993600
BANKNIFTY-I.NFO,30/07/2024,09:26:53,51419.5,51418.75,90,51420,30,0,993600
BANKNIFTY-I.NFO,30/07/2024,09:26:55,51424.35,51418.75,90,51424.15,300,45,993600
BANKNIFTY-I.NFO,30/07/2024,09:26:57,51416.25,51411.75,120,51419.95,15,120,993600
BANKNIFTY-I.NFO,30/07/2024,09:26:58,51413.25,51413.65,120,51423.6,300,105,993600
BANKNIFTY-I.NFO,30/07/2024,09:27:00,51418.85,51411,15,51417.85,15,60,993600
BANKNIFTY-I.NFO,30/07/2024,09:27:02,51410,51402.75,15,51411.5,15,135,993600
BANKNIFTY-I.NFO,30/07/2024,09:27:03,51410,51402.65,30,51411.75,390,0,993600
BANKNIFTY-I.NFO,30/07/2024,09:27:05,51405.65,51402.6,15,51405.6,15,120,993600
BANKNIFTY-I.NFO,30/07/2024,09:27:07,51400,51390,45,51394.3,15,120,993600
BANKNIFTY-I.NFO,30/07/2024,09:27:08,51390,51390.15,15,51394,60,45,993600
BANKNIFTY-I.NFO,30/07/2024,09:27:10,51394,51391.3,15,51394,45,15,993600
BANKNIFTY-I.NFO,30/07/2024,09:27:12,51398.85,51406.6,30,51412.15,15,75,993600
BANKNIFTY-I.NFO,30/07/2024,09:27:13,51405.6,51407.85,120,51415.45,150,135,993600
BANKNIFTY-I.NFO,30/07/2024,09:27:15,51405.6,51406.85,15,51415.2,15,45,993600
BANKNIFTY-I.NFO,30/07/2024,09:27:17,51416.35,51409.45,15,51417.65,15,15,993600
BANKNIFTY-I.NFO,30/07/2024,09:27:18,51413.95,51405.95,15,51415.3,300,15,993600
BANKNIFTY-I.NFO,30/07/2024,09:27:20,51420.45,51414.45,120,51423.1,150,45,993600
BANKNIFTY-I.NFO,30/07/2024,09:27:22,51420.45,51414,120,51423.45,15,0,993600
BANKNIFTY-I.NFO,30/07/2024,09:27:23,51416.9,51417.05,15,51425,105,15,993600
BANKNIFTY-I.NFO,30/07/2024,09:27:25,51416.9,51420.4,45,51425,105,0,993600
BANKNIFTY-I.NFO,30/07/2024,09:27:27,51416.9,51420.35,135,51425,105,0,993600
BANKNIFTY-I.NFO,30/07/2024,09:27:28,51424.6,51422.45,15,51425,105,15,993600
BANKNIFTY-I.NFO,30/07/2024,09:27:30,51429.9,51428.35,120,51434.9,15,270,993600
BANKNIFTY-I.NFO,30/07/2024,09:27:32,51428.3,51426.1,30,51430,30,15,993600
BANKNIFTY-I.NFO,30/07/2024,09:27:33,51430,51426,15,51432,525,60,993600
BANKNIFTY-I.NFO,30/07/2024,09:27:35,51433.35,51426,15,51433.95,30,30,993600
BANKNIFTY-I.NFO,30/07/2024,09:27:37,51434.9,51430.5,15,51435,105,30,993600
BANKNIFTY-I.NFO,30/07/2024,09:27:38,51435,51430.7,45,51435,90,15,998475
BANKNIFTY-I.NFO,30/07/2024,09:27:40,51435,51434.1,15,51435,15,90,998475
BANKNIFTY-I.NFO,30/07/2024,09:27:42,51434.55,51426,15,51431.3,15,60,998475
BANKNIFTY-I.NFO,30/07/2024,09:27:43,51426.55,51418.3,15,51427,15,45,998475
BANKNIFTY-I.NFO,30/07/2024,09:27:45,51414.55,51414.45,15,51421.8,75,90,998475
BANKNIFTY-I.NFO,30/07/2024,09:27:47,51424.3,51414.45,15,51423.2,15,915,998475
BANKNIFTY-I.NFO,30/07/2024,09:27:48,51424.3,51413.95,15,51421.6,60,0,998475
BANKNIFTY-I.NFO,30/07/2024,09:27:50,51424.3,51420.5,30,51429.4,15,0,998475
BANKNIFTY-I.NFO,30/07/2024,09:27:52,51421.1,51420.05,120,51429.7,15,30,998475
BANKNIFTY-I.NFO,30/07/2024,09:27:53,51424.3,51414.35,120,51424.45,15,30,998475
BANKNIFTY-I.NFO,30/07/2024,09:27:55,51424.3,51413.95,15,51419.5,45,0,998475
BANKNIFTY-I.NFO,30/07/2024,09:27:57,51413.95,51410,15,51417.45,45,15,998475
BANKNIFTY-I.NFO,30/07/2024,09:27:58,51416.3,51407.2,15,51413.9,15,165,998475
BANKNIFTY-I.NFO,30/07/2024,09:28:00,51399.1,51394.1,15,51402.95,15,105,998475
BANKNIFTY-I.NFO,30/07/2024,09:28:02,51399.1,51394,15,51399.4,15,0,998475
BANKNIFTY-I.NFO,30/07/2024,09:28:03,51394,51388.75,120,51397.2,15,15,998475
BANKNIFTY-I.NFO,30/07/2024,09:28:05,51397.2,51391.25,15,51399.9,15,15,998475
BANKNIFTY-I.NFO,30/07/2024,09:28:07,51406,51397.15,120,51406.15,75,30,998475
BANKNIFTY-I.NFO,30/07/2024,09:28:08,51405,51397,120,51408,105,45,998475
BANKNIFTY-I.NFO,30/07/2024,09:28:10,51400,51397.7,15,51400.3,315,30,998475
BANKNIFTY-I.NFO,30/07/2024,09:28:12,51398.8,51388.95,15,51398.6,15,105,998475
BANKNIFTY-I.NFO,30/07/2024,09:28:13,51398.8,51399.1,135,51404.9,30,0,998475
BANKNIFTY-I.NFO,30/07/2024,09:28:15,51398.8,51399.1,135,51402.95,15,0,998475
BANKNIFTY-I.NFO,30/07/2024,09:28:16,51398.8,51399.1,135,51400.45,90,0,998475
BANKNIFTY-I.NFO,30/07/2024,09:28:18,51399.65,51392.1,15,51401,15,330,998475
BANKNIFTY-I.NFO,30/07/2024,09:28:20,51399.65,51387.1,15,51397.2,15,0,998475
BANKNIFTY-I.NFO,30/07/2024,09:28:21,51396.9,51388.3,30,51397.2,60,60,998475
BANKNIFTY-I.NFO,30/07/2024,09:28:23,51377.3,51377.75,15,51388.05,30,405,998475
BANKNIFTY-I.NFO,30/07/2024,09:28:25,51372.05,51372.05,15,51378.25,15,60,998475
BANKNIFTY-I.NFO,30/07/2024,09:28:26,51367.3,51365.3,15,51375.1,30,90,998475
BANKNIFTY-I.NFO,30/07/2024,09:28:28,51359.65,51353.15,75,51356.85,15,420,998475
BANKNIFTY-I.NFO,30/07/2024,09:28:30,51362.65,51361.5,45,51364.9,15,195,998475
BANKNIFTY-I.NFO,30/07/2024,09:28:31,51364.9,51367.55,15,51376.7,150,30,998475
BANKNIFTY-I.NFO,30/07/2024,09:28:33,51366.95,51361.75,15,51370.05,30,30,998475
BANKNIFTY-I.NFO,30/07/2024,09:28:35,51361,51356.85,75,51360.5,105,90,998475
BANKNIFTY-I.NFO,30/07/2024,09:28:36,51349,51346.8,15,51355.45,15,495,998475
BANKNIFTY-I.NFO,30/07/2024,09:28:38,51330.35,51330.35,120,51339.75,75,390,998475
BANKNIFTY-I.NFO,30/07/2024,09:28:40,51328,51326.05,30,51334.1,75,60,998475
BANKNIFTY-I.NFO,30/07/2024,09:28:41,51304.95,51311.2,15,51318.8,15,1215,998475
BANKNIFTY-I.NFO,30/07/2024,09:28:43,51324.05,51323.6,15,51334.7,15,570,998475
BANKNIFTY-I.NFO,30/07/2024,09:28:45,51340,51330.05,15,51338.05,15,30,998475
BANKNIFTY-I.NFO,30/07/2024,09:28:46,51338.05,51340.2,15,51344.85,120,15,998475
BANKNIFTY-I.NFO,30/07/2024,09:28:48,51336.05,51332.7,30,51342.6,120,450,998475
BANKNIFTY-I.NFO,30/07/2024,09:28:50,51340,51338,15,51347.55,120,15,998475
BANKNIFTY-I.NFO,30/07/2024,09:28:52,51341.65,51335.55,15,51346.15,135,45,998475
BANKNIFTY-I.NFO,30/07/2024,09:28:53,51341.65,51325,540,51330.25,30,30,998475
BANKNIFTY-I.NFO,30/07/2024,09:28:55,51330.2,51323.15,120,51330.65,135,645,998475
BANKNIFTY-I.NFO,30/07/2024,09:28:57,51325.1,51325.05,15,51333.85,45,210,998475
BANKNIFTY-I.NFO,30/07/2024,09:28:58,51338.5,51329.1,30,51338.25,45,180,998475
BANKNIFTY-I.NFO,30/07/2024,09:29:00,51330.4,51328.5,15,51337.9,15,15,998475
BANKNIFTY-I.NFO,30/07/2024,09:29:02,51334.6,51329.6,15,51338,45,15,998475
BANKNIFTY-I.NFO,30/07/2024,09:29:03,51338.25,51335.55,15,51338.25,165,300,998475
BANKNIFTY-I.NFO,30/07/2024,09:29:05,51341,51345.1,15,51347.55,360,345,998475
BANKNIFTY-I.NFO,30/07/2024,09:29:07,51343.15,51349.4,15,51357.8,15,375,998475
BANKNIFTY-I.NFO,30/07/2024,09:29:08,51347.75,51347,15,51356.6,15,105,998475
BANKNIFTY-I.NFO,30/07/2024,09:29:10,51358,51353.7,15,51363.9,30,15,998475
BANKNIFTY-I.NFO,30/07/2024,09:29:12,51366.05,51350.8,120,51360,30,360,998475
BANKNIFTY-I.NFO,30/07/2024,09:29:13,51360.25,51358.85,15,51365.45,15,15,998475
BANKNIFTY-I.NFO,30/07/2024,09:29:15,51368.6,51362.05,105,51364.9,75,105,998475
BANKNIFTY-I.NFO,30/07/2024,09:29:16,51358.85,51353.55,120,51362.05,60,120,998475
BANKNIFTY-I.NFO,30/07/2024,09:29:18,51357.8,51346.4,120,51355.45,15,60,998475
BANKNIFTY-I.NFO,30/07/2024,09:29:20,51354.85,51356.05,15,51362.05,75,15,998475
BANKNIFTY-I.NFO,30/07/2024,09:29:21,51355.15,51355.4,135,51362.05,60,30,998475
BANKNIFTY-I.NFO,30/07/2024,09:29:23,51354.85,51343.65,30,51352.85,120,90,998475
BANKNIFTY-I.NFO,30/07/2024,09:29:25,51343.65,51338.5,30,51343.4,75,30,998475
BANKNIFTY-I.NFO,30/07/2024,09:29:26,51343.15,51338.5,15,51342.8,105,30,998475
BANKNIFTY-I.NFO,30/07/2024,09:29:28,51338,51335.15,15,51339.55,45,90,998475
BANKNIFTY-I.NFO,30/07/2024,09:29:30,51327.25,51328.8,15,51337.65,45,60,998475
BANKNIFTY-I.NFO,30/07/2024,09:29:31,51330.1,51327.05,15,51336.65,90,15,998475
BANKNIFTY-I.NFO,30/07/2024,09:29:33,51333.2,51326.05,30,51335.75,15,165,998475
BANKNIFTY-I.NFO,30/07/2024,09:29:35,51333.2,51327.05,15,51335.75,300,0,998475
BANKNIFTY-I.NFO,30/07/2024,09:29:36,51333.2,51333.05,15,51342.5,300,0,998475
BANKNIFTY-I.NFO,30/07/2024,09:29:38,51334.65,51335.4,150,51344.8,15,150,998475
BANKNIFTY-I.NFO,30/07/2024,09:29:40,51342.65,51346.55,120,51350,60,30,998475
BANKNIFTY-I.NFO,30/07/2024,09:29:41,51350,51348.3,15,51350,45,90,998475
BANKNIFTY-I.NFO,30/07/2024,09:29:43,51350,51347.4,120,51356.6,15,60,998475
BANKNIFTY-I.NFO,30/07/2024,09:29:45,51350,51348.05,15,51356.75,15,0,998475
BANKNIFTY-I.NFO,30/07/2024,09:29:46,51350,51349.05,15,51358.3,90,15,998475
BANKNIFTY-I.NFO,30/07/2024,09:29:48,51358.85,51350.15,120,51358.85,795,105,998475
BANKNIFTY-I.NFO,30/07/2024,09:29:50,51358.85,51349.75,15,51358.4,90,0,998475
BANKNIFTY-I.NFO,30/07/2024,09:29:51,51362,51354.05,30,51362.05,60,15,998475
BANKNIFTY-I.NFO,30/07/2024,09:29:53,51362,51352.5,15,51361.9,75,0,998475
BANKNIFTY-I.NFO,30/07/2024,09:29:55,51362.05,51354.95,15,51362.05,45,15,998475
BANKNIFTY-I.NFO,30/07/2024,09:29:56,51358.45,51350,15,51358.8,75,15,998475
BANKNIFTY-I.NFO,30/07/2024,09:29:58,51346.15,51346.1,15,51355.5,90,60,998475
BANKNIFTY-I.NFO,30/07/2024,09:29:59,51356.35,51352.05,15,51357.7,30,15,998475
BANKNIFTY-I.NFO,30/07/2024,09:30:01,51357.55,51357.55,60,51362.05,30,135,998475
BANKNIFTY-I.NFO,30/07/2024,09:30:03,51365,51357.65,15,51367.85,15,720,998475
BANKNIFTY-I.NFO,30/07/2024,09:30:04,51370,51367.75,15,51372.05,15,150,998475
BANKNIFTY-I.NFO,30/07/2024,09:30:06,51372.05,51372.05,15,51374,495,15,998475
BANKNIFTY-I.NFO,30/07/2024,09:30:08,51367.85,51367.85,120,51371.9,15,45,998475
BANKNIFTY-I.NFO,30/07/2024,09:30:09,51374,51367.85,120,51374,450,45,998475
BANKNIFTY-I.NFO,30/07/2024,09:30:11,51367.85,51369.7,15,51374,435,90,998475
BANKNIFTY-I.NFO,30/07/2024,09:30:13,51375,51370.9,15,51380,30,540,998475
BANKNIFTY-I.NFO,30/07/2024,09:30:14,51370.8,51375.75,15,51380,30,90,998475
BANKNIFTY-I.NFO,30/07/2024,09:30:16,51383.15,51381.3,15,51389,15,75,998475
BANKNIFTY-I.NFO,30/07/2024,09:30:18,51383.15,51379.75,15,51388.65,15,0,998475
BANKNIFTY-I.NFO,30/07/2024,09:30:19,51384.5,51375.75,15,51384.55,15,15,998475
BANKNIFTY-I.NFO,30/07/2024,09:30:21,51378.5,51378.3,15,51388.2,30,150,998475
BANKNIFTY-I.NFO,30/07/2024,09:30:23,51378.5,51374.5,210,51381.45,105,0,998475
BANKNIFTY-I.NFO,30/07/2024,09:30:24,51381.35,51378,15,51381.45,105,30,998475
BANKNIFTY-I.NFO,30/07/2024,09:30:26,51381.45,51380.35,15,51384.1,15,105,998475
BANKNIFTY-I.NFO,30/07/2024,09:30:28,51378,51374.5,210,51379.2,45,45,998475
BANKNIFTY-I.NFO,30/07/2024,09:30:29,51367.85,51358.25,120,51368.85,105,495,998475
BANKNIFTY-I.NFO,30/07/2024,09:30:31,51367.85,51369.05,15,51378.2,90,0,998475
BANKNIFTY-I.NFO,30/07/2024,09:30:33,51370.6,51360.6,15,51369.8,75,15,998475
BANKNIFTY-I.NFO,30/07/2024,09:30:34,51370.6,51355.6,15,51364.6,75,0,998475
BANKNIFTY-I.NFO,30/07/2024,09:30:36,51362.6,51369.8,60,51373.55,105,15,998475
BANKNIFTY-I.NFO,30/07/2024,09:30:38,51362.6,51369.8,60,51375.3,105,0,998475
BANKNIFTY-I.NFO,30/07/2024,09:30:39,51377.7,51369.8,60,51377.1,15,180,1000440
BANKNIFTY-I.NFO,30/07/2024,09:30:41,51369.8,51369.8,30,51378,15,30,1000440
BANKNIFTY-I.NFO,30/07/2024,09:30:43,51370,51369.8,30,51376.9,30,15,1000440
BANKNIFTY-I.NFO,30/07/2024,09:30:44,51359.2,51361.25,15,51369.3,15,45,1000440
BANKNIFTY-I.NFO,30/07/2024,09:30:46,51359.2,51359.05,15,51368.15,30,0,1000440
BANKNIFTY-I.NFO,30/07/2024,09:30:48,51359.2,51361.8,15,51368.45,30,0,1000440
BANKNIFTY-I.NFO,30/07/2024,09:30:49,51368.45,51360.05,15,51368.8,30,15,1000440
BANKNIFTY-I.NFO,30/07/2024,09:30:51,51368.45,51361.55,15,51370.5,30,0,1000440
BANKNIFTY-I.NFO,30/07/2024,09:30:53,51368.45,51366.05,15,51374.45,30,0,1000440
BANKNIFTY-I.NFO,30/07/2024,09:30:54,51366.05,51365.7,15,51374.05,150,30,1000440
BANKNIFTY-I.NFO,30/07/2024,09:30:56,51366.05,51361.05,30,51370.7,15,0,1000440
BANKNIFTY-I.NFO,30/07/2024,09:30:58,51366.35,51366.35,15,51374.8,30,45,1000440
BANKNIFTY-I.NFO,30/07/2024,09:31:00,51366.35,51373.1,15,51381.9,30,0,1000440
BANKNIFTY-I.NFO,30/07/2024,09:31:01,51373.15,51373.15,15,51382.15,360,15,1000440
BANKNIFTY-I.NFO,30/07/2024,09:31:03,51376.25,51372.45,15,51381.6,315,60,1000440
BANKNIFTY-I.NFO,30/07/2024,09:31:05,51380.1,51381.3,15,51384.85,60,60,1000440
BANKNIFTY-I.NFO,30/07/2024,09:31:06,51396.75,51384.65,30,51395.05,15,150,1000440
BANKNIFTY-I.NFO,30/07/2024,09:31:08,51393.75,51388.4,15,51397.5,15,60,1000440
BANKNIFTY-I.NFO,30/07/2024,09:31:10,51393.75,51389.4,30,51398.15,30,0,1000440
BANKNIFTY-I.NFO,30/07/2024,09:31:11,51399,51397.5,120,51399.85,15,75,1000440
BANKNIFTY-I.NFO,30/07/2024,09:31:13,51405.95,51398.8,15,51406.75,15,135,1000440
BANKNIFTY-I.NFO,30/07/2024,09:31:14,51402.4,51402.4,120,51410,45,30,1000440
BANKNIFTY-I.NFO,30/07/2024,09:31:16,51408,51409.4,75,51414.9,15,90,1000440
BANKNIFTY-I.NFO,30/07/2024,09:31:18,51409.7,51402.75,15,51411.5,300,105,1000440
BANKNIFTY-I.NFO,30/07/2024,09:31:19,51410.1,51402.75,15,51408.95,15,45,1000440
BANKNIFTY-I.NFO,30/07/2024,09:31:21,51399,51389.55,15,51399.3,315,615,1000440
BANKNIFTY-I.NFO,30/07/2024,09:31:23,51400.05,51389.55,15,51400.2,300,60,1000440
BANKNIFTY-I.NFO,30/07/2024,09:31:24,51400.55,51391.4,120,51401.05,15,15,1000440
BANKNIFTY-I.NFO,30/07/2024,09:31:26,51399.4,51392.45,15,51400.05,30,60,1000440
BANKNIFTY-I.NFO,30/07/2024,09:31:28,51399.4,51385.8,15,51389.6,15,0,1000440
BANKNIFTY-I.NFO,30/07/2024,09:31:29,51399.05,51393,195,51397.8,30,465,1000440
BANKNIFTY-I.NFO,30/07/2024,09:31:31,51393,51393,180,51397.65,15,15,1000440
BANKNIFTY-I.NFO,30/07/2024,09:31:33,51393,51393,180,51395,75,0,1000440
BANKNIFTY-I.NFO,30/07/2024,09:31:34,51395,51394,60,51395,30,45,1000440
BANKNIFTY-I.NFO,30/07/2024,09:31:36,51395,51394,75,51395,30,0,1000440
BANKNIFTY-I.NFO,30/07/2024,09:31:38,51395,51394,75,51395,45,15,1000440
BANKNIFTY-I.NFO,30/07/2024,09:31:39,51392,51386.5,15,51394,15,405,1000440
BANKNIFTY-I.NFO,30/07/2024,09:31:41,51397.05,51389.1,45,51397.05,15,45,1000440
BANKNIFTY-I.NFO,30/07/2024,09:31:43,51397.05,51396.5,15,51399.05,15,15,1000440
BANKNIFTY-I.NFO,30/07/2024,09:31:44,51395.25,51400.05,15,51409.95,300,150,1000440
BANKNIFTY-I.NFO,30/07/2024,09:31:46,51395.25,51401.75,15,51410,420,0,1000440
BANKNIFTY-I.NFO,30/07/2024,09:31:48,51395.25,51398.85,45,51408.2,150,0,1000440
BANKNIFTY-I.NFO,30/07/2024,09:31:49,51395.25,51400.1,15,51407.95,150,15,1000440
BANKNIFTY-I.NFO,30/07/2024,09:31:51,51395.25,51403.8,15,51410,420,0,1000440
BANKNIFTY-I.NFO,30/07/2024,09:31:53,51395.25,51405.8,15,51410,420,0,1000440
BANKNIFTY-I.NFO,30/07/2024,09:31:54,51401.7,51406.2,15,51410,420,795,1000440
BANKNIFTY-I.NFO,30/07/2024,09:31:56,51411.4,51410.05,15,51415,30,435,1000440
BANKNIFTY-I.NFO,30/07/2024,09:31:58,51419.45,51416.55,15,51420,75,45,1000440
BANKNIFTY-I.NFO,30/07/2024,09:31:59,51412.45,51406.4,45,51414.9,15,105,1000440
BANKNIFTY-I.NFO,30/07/2024,09:32:01,51406.45,51406.4,15,51407.65,30,105,1000440
BANKNIFTY-I.NFO,30/07/2024,09:32:03,51408.5,51399.6,60,51408.65,120,120,1000440
BANKNIFTY-I.NFO,30/07/2024,09:32:04,51399.05,51395.25,60,51403.5,120,15,1000440
BANKNIFTY-I.NFO,30/07/2024,09:32:06,51406,51397.25,15,51405.75,120,60,1000440
BANKNIFTY-I.NFO,30/07/2024,09:32:08,51396,51396,180,51402,120,90,1000440
BANKNIFTY-I.NFO,30/07/2024,09:32:09,51403.7,51396.05,15,51405.1,135,45,1000440
BANKNIFTY-I.NFO,30/07/2024,09:32:11,51406,51402.9,15,51406,375,45,1000440
BANKNIFTY-I.NFO,30/07/2024,09:32:13,51406.95,51407.05,75,51416.55,30,600,1000440
BANKNIFTY-I.NFO,30/07/2024,09:32:14,51419.35,51414.35,75,51420,105,30,1000440
BANKNIFTY-I.NFO,30/07/2024,09:32:16,51427,51425.1,15,51428.7,120,1125,1000440
BANKNIFTY-I.NFO,30/07/2024,09:32:18,51436.1,51430.15,105,51440,15,75,1000440
BANKNIFTY-I.NFO,30/07/2024,09:32:19,51436.8,51432.35,15,51439.6,120,60,1000440
BANKNIFTY-I.NFO,30/07/2024,09:32:21,51442.95,51434.65,15,51442.9,15,150,1000440
BANKNIFTY-I.NFO,30/07/2024,09:32:23,51442.05,51437.45,105,51443.95,15,30,1000440
BANKNIFTY-I.NFO,30/07/2024,09:32:24,51442.9,51437.45,15,51441.5,15,210,1000440
BANKNIFTY-I.NFO,30/07/2024,09:32:26,51445,51445,405,51448.15,60,390,1000440
BANKNIFTY-I.NFO,30/07/2024,09:32:28,51443.9,51440,450,51443.75,120,465,1000440
BANKNIFTY-I.NFO,30/07/2024,09:32:29,51444.35,51441.9,15,51444.75,135,90,1000440
BANKNIFTY-I.NFO,30/07/2024,09:32:31,51431.85,51422.4,15,51431.85,120,510,1000440
BANKNIFTY-I.NFO,30/07/2024,09:32:32,51422.3,51420.05,15,51428.45,105,30,1000440
BANKNIFTY-I.NFO,30/07/2024,09:32:34,51422.3,51421.15,15,51430.05,105,0,1000440
BANKNIFTY-I.NFO,30/07/2024,09:32:36,51428.7,51422.4,390,51429.35,75,60,1000440
BANKNIFTY-I.NFO,30/07/2024,09:32:37,51428.7,51422.4,390,51429.9,75,0,1000440
BANKNIFTY-I.NFO,30/07/2024,09:32:39,51428.7,51425.95,15,51434.6,75,0,1000440
BANKNIFTY-I.NFO,30/07/2024,09:32:40,51428.7,51428.5,15,51437.95,75,0,1000440
BANKNIFTY-I.NFO,30/07/2024,09:32:42,51430.9,51434.65,120,51443.85,75,15,1000440
BANKNIFTY-I.NFO,30/07/2024,09:32:44,51469,51465,60,51468.75,30,1110,1000440
BANKNIFTY-I.NFO,30/07/2024,09:32:45,51468.75,51465.05,15,51470,405,405,1000440
BANKNIFTY-I.NFO,30/07/2024,09:32:47,51464.75,51454.4,15,51464.5,90,210,1000440
BANKNIFTY-I.NFO,30/07/2024,09:32:49,51450.7,51450.55,120,51459.9,105,75,1000440
BANKNIFTY-I.NFO,30/07/2024,09:32:50,51450.3,51456.95,90,51463.85,15,45,1000440
BANKNIFTY-I.NFO,30/07/2024,09:32:52,51463.2,51453.6,120,51463.25,15,90,1000440
BANKNIFTY-I.NFO,30/07/2024,09:32:54,51464.45,51463.25,30,51466.9,45,150,1000440
BANKNIFTY-I.NFO,30/07/2024,09:32:55,51465.85,51457.5,150,51467.7,15,75,1000440
BANKNIFTY-I.NFO,30/07/2024,09:32:57,51460.05,51460.05,120,51469.35,30,45,1000440
BANKNIFTY-I.NFO,30/07/2024,09:32:58,51465.05,51466.6,15,51469.15,15,45,1000440
BANKNIFTY-I.NFO,30/07/2024,09:33:00,51469.15,51465.15,120,51469.4,15,15,1000440
BANKNIFTY-I.NFO,30/07/2024,09:33:02,51483.3,51480.55,120,51485,30,900,1000440
BANKNIFTY-I.NFO,30/07/2024,09:33:03,51497.9,51488.9,90,51497.05,15,2250,1000440
BANKNIFTY-I.NFO,30/07/2024,09:33:03,51497.9,51488.9,90,51497.05,15,0,1000440
BANKNIFTY-I.NFO,30/07/2024,09:33:05,51493.65,51490.1,15,51497.85,15,525,1000440
BANKNIFTY-I.NFO,30/07/2024,09:33:05,51500,51490.1,15,51497.85,15,0,1000440
BANKNIFTY-I.NFO,30/07/2024,09:33:07,51499.95,51491.6,120,51500,210,225,1000440
BANKNIFTY-I.NFO,30/07/2024,09:33:08,51491.6,51491.6,15,51495.9,30,195,1000440
BANKNIFTY-I.NFO,30/07/2024,09:33:10,51487.1,51480.55,360,51488.95,15,345,1000440
BANKNIFTY-I.NFO,30/07/2024,09:33:12,51479.75,51469.55,30,51479.55,30,5295,1000440
BANKNIFTY-I.NFO,30/07/2024,09:33:13,51486.55,51480.05,15,51490.05,75,7185,1000440
BANKNIFTY-I.NFO,30/07/2024,09:33:15,51482.9,51482.9,30,51492.7,30,6000,1000440
BANKNIFTY-I.NFO,30/07/2024,09:33:17,51480.55,51475.35,15,51481.05,15,2700,1000440
BANKNIFTY-I.NFO,30/07/2024,09:33:18,51487.1,51482.65,15,51487.1,15,120,1000440
BANKNIFTY-I.NFO,30/07/2024,09:33:20,51489.65,51479.6,15,51488.95,15,315,1000440
BANKNIFTY-I.NFO,30/07/2024,09:33:22,51475.35,51469.35,495,51475.35,15,900,1000440
BANKNIFTY-I.NFO,30/07/2024,09:33:23,51469.35,51469.35,435,51479.2,60,105,1000440
BANKNIFTY-I.NFO,30/07/2024,09:33:25,51469.35,51469.35,420,51475.7,30,15,1000440
BANKNIFTY-I.NFO,30/07/2024,09:33:27,51470,51475.6,15,51481.85,15,15,1000440
BANKNIFTY-I.NFO,30/07/2024,09:33:28,51478.85,51480.55,15,51482.9,360,270,1000440
BANKNIFTY-I.NFO,30/07/2024,09:33:30,51489.65,51488,15,51490,75,420,1000440
BANKNIFTY-I.NFO,30/07/2024,09:33:32,51480,51475.4,15,51484.65,90,45,1000440
BANKNIFTY-I.NFO,30/07/2024,09:33:33,51475.35,51475,30,51480.1,105,45,1000440
BANKNIFTY-I.NFO,30/07/2024,09:33:35,51475,51479.95,15,51488.75,30,30,1000440
BANKNIFTY-I.NFO,30/07/2024,09:33:37,51488,51488,60,51489.95,90,390,1000440
BANKNIFTY-I.NFO,30/07/2024,09:33:38,51489.9,51485.4,120,51490,30,120,1017660
BANKNIFTY-I.NFO,30/07/2024,09:33:40,51491.6,51492.15,15,51498,15,165,1017660
BANKNIFTY-I.NFO,30/07/2024,09:33:42,51499,51490.85,45,51499.35,15,135,1017660
BANKNIFTY-I.NFO,30/07/2024,09:33:43,51482.45,51483.55,75,51493.25,120,180,1017660
BANKNIFTY-I.NFO,30/07/2024,09:33:45,51484.2,51485.25,45,51494.95,120,30,1017660
BANKNIFTY-I.NFO,30/07/2024,09:33:47,51490.85,51490.85,360,51495,120,150,1017660
BANKNIFTY-I.NFO,30/07/2024,09:33:48,51501.5,51492.2,15,51500.4,15,600,1017660
BANKNIFTY-I.NFO,30/07/2024,09:33:48,51504.85,51492.2,15,51500.4,15,0,1017660
BANKNIFTY-I.NFO,30/07/2024,09:33:50,51500.85,51494.05,15,51502.8,90,315,1017660
BANKNIFTY-I.NFO,30/07/2024,09:33:52,51504.1,51494.85,120,51504.2,75,330,1017660
BANKNIFTY-I.NFO,30/07/2024,09:33:53,51498.85,51498.1,120,51498.85,15,60,1017660
BANKNIFTY-I.NFO,30/07/2024,09:33:55,51504,51498.95,120,51508.75,30,1035,1017660
BANKNIFTY-I.NFO,30/07/2024,09:33:55,51511.5,51498.95,120,51508.75,30,0,1017660
BANKNIFTY-I.NFO,30/07/2024,09:33:57,51515,51512.85,120,51523.8,15,465,1017660
BANKNIFTY-I.NFO,30/07/2024,09:33:57,51524,51512.85,120,51523.8,15,0,1017660
BANKNIFTY-I.NFO,30/07/2024,09:33:58,51516.25,51507.6,120,51517.25,15,120,1017660
BANKNIFTY-I.NFO,30/07/2024,09:34:00,51524,51524,75,51525,60,195,1017660
BANKNIFTY-I.NFO,30/07/2024,09:34:00,51525,51524,75,51525,60,0,1017660
BANKNIFTY-I.NFO,30/07/2024,09:34:02,51530.75,51525,15,51531.45,75,510,1017660
BANKNIFTY-I.NFO,30/07/2024,09:34:02,51530.75,51525,15,51531.45,75,0,1017660
BANKNIFTY-I.NFO,30/07/2024,09:34:03,51533.2,51528.25,15,51532.7,90,300,1017660
BANKNIFTY-I.NFO,30/07/2024,09:34:03,51534.65,51528.25,15,51532.7,90,0,1017660
BANKNIFTY-I.NFO,30/07/2024,09:34:05,51530.5,51530.55,30,51536.85,15,270,1017660
BANKNIFTY-I.NFO,30/07/2024,09:34:05,51537.05,51530.55,30,51536.85,15,0,1017660
BANKNIFTY-I.NFO,30/07/2024,09:34:07,51530.1,51528.3,45,51530.75,825,225,1017660
BANKNIFTY-I.NFO,30/07/2024,09:34:07,51537.45,51528.3,45,51530.75,825,0,1017660
BANKNIFTY-I.NFO,30/07/2024,09:34:08,51530,51524,375,51528.5,75,255,1017660
BANKNIFTY-I.NFO,30/07/2024,09:34:10,51512.85,51513.55,15,51523.55,30,1200,1017660
BANKNIFTY-I.NFO,30/07/2024,09:34:12,51506.15,51506.15,120,51517,30,465,1017660
BANKNIFTY-I.NFO,30/07/2024,09:34:13,51507.9,51505,135,51513.85,15,585,1017660
BANKNIFTY-I.NFO,30/07/2024,09:34:15,51508.15,51500,120,51509.35,30,180,1017660
BANKNIFTY-I.NFO,30/07/2024,09:34:17,51508.15,51507.9,30,51517.4,105,0,1017660
BANKNIFTY-I.NFO,30/07/2024,09:34:18,51509.3,51509.2,60,51516.25,15,45,1017660
BANKNIFTY-I.NFO,30/07/2024,09:34:20,51507.9,51505.05,30,51514.9,30,75,1017660
BANKNIFTY-I.NFO,30/07/2024,09:34:22,51509.3,51505,30,51507.9,30,15,1017660
BANKNIFTY-I.NFO,30/07/2024,09:34:23,51506,51506,15,51507.9,30,105,1017660
BANKNIFTY-I.NFO,30/07/2024,09:34:25,51507.9,51506.15,120,51509,15,30,1017660
BANKNIFTY-I.NFO,30/07/2024,09:34:26,51509.55,51506,30,51514.95,15,60,1017660
BANKNIFTY-I.NFO,30/07/2024,09:34:28,51506,51508.95,15,51516.25,15,30,1017660
BANKNIFTY-I.NFO,30/07/2024,09:34:30,51517,51518.6,15,51524,15,90,1017660
BANKNIFTY-I.NFO,30/07/2024,09:34:31,51519.75,51511.15,135,51513.1,15,45,1017660
BANKNIFTY-I.NFO,30/07/2024,09:34:33,51509.65,51509.95,15,51515,15,1320,1017660
BANKNIFTY-I.NFO,30/07/2024,09:34:35,51514.95,51509.3,15,51514.95,90,45,1017660
BANKNIFTY-I.NFO,30/07/2024,09:34:36,51514.3,51509.35,15,51513.6,75,45,1017660
BANKNIFTY-I.NFO,30/07/2024,09:34:38,51512.45,51501.5,45,51505,45,105,1017660
BANKNIFTY-I.NFO,30/07/2024,09:34:40,51516.65,51507,15,51516.65,30,300,1017660
BANKNIFTY-I.NFO,30/07/2024,09:34:41,51511.7,51501.95,15,51511.95,45,60,1017660
BANKNIFTY-I.NFO,30/07/2024,09:34:43,51500,51500,60,51508.55,45,150,1017660
BANKNIFTY-I.NFO,30/07/2024,09:34:45,51500.1,51501.25,120,51511.95,15,60,1017660
BANKNIFTY-I.NFO,30/07/2024,09:34:46,51503.65,51503.85,30,51512,30,945,1017660
BANKNIFTY-I.NFO,30/07/2024,09:34:48,51502.25,51504.95,30,51512,30,75,1017660
BANKNIFTY-I.NFO,30/07/2024,09:34:50,51505.4,51505.4,15,51512,15,150,1017660
BANKNIFTY-I.NFO,30/07/2024,09:34:51,51515.7,51511.25,75,51519,75,165,1017660
BANKNIFTY-I.NFO,30/07/2024,09:34:53,51513.15,51504.55,120,51513.8,15,240,1017660
BANKNIFTY-I.NFO,30/07/2024,09:34:55,51513.45,51505.15,120,51513.8,45,15,1017660
BANKNIFTY-I.NFO,30/07/2024,09:34:56,51514.4,51506.45,120,51515.55,15,45,1017660
BANKNIFTY-I.NFO,30/07/2024,09:34:58,51506.35,51508.7,120,51518.55,45,15,1017660
BANKNIFTY-I.NFO,30/07/2024,09:35:00,51519,51510.05,120,51519.95,15,180,1017660
BANKNIFTY-I.NFO,30/07/2024,09:35:01,51514.65,51510.75,180,51519.9,15,90,1017660
BANKNIFTY-I.NFO,30/07/2024,09:35:03,51495,51497.3,120,51506.55,15,585,1017660
BANKNIFTY-I.NFO,30/07/2024,09:35:05,51506.7,51497.95,120,51507.5,45,90,1017660
BANKNIFTY-I.NFO,30/07/2024,09:35:06,51502.85,51502.85,75,51512.05,120,255,1017660
BANKNIFTY-I.NFO,30/07/2024,09:35:08,51507.45,51500.75,15,51509.85,135,45,1017660
BANKNIFTY-I.NFO,30/07/2024,09:35:10,51505.4,51498,30,51504.85,60,450,1017660
BANKNIFTY-I.NFO,30/07/2024,09:35:11,51488.05,51490.35,30,51500.25,15,240,1017660
BANKNIFTY-I.NFO,30/07/2024,09:35:13,51484,51477,75,51482.9,15,630,1017660
BANKNIFTY-I.NFO,30/07/2024,09:35:15,51466.65,51462.4,30,51472.45,120,1260,1017660
BANKNIFTY-I.NFO,30/07/2024,09:35:16,51465,51466.6,15,51476.15,120,165,1017660
BANKNIFTY-I.NFO,30/07/2024,09:35:18,51468,51472.9,15,51477,60,195,1017660
BANKNIFTY-I.NFO,30/07/2024,09:35:20,51486.3,51477.35,15,51487.45,120,105,1017660
BANKNIFTY-I.NFO,30/07/2024,09:35:21,51486.9,51480.65,120,51489.95,120,30,1017660
BANKNIFTY-I.NFO,30/07/2024,09:35:23,51486.9,51470.1,15,51477.9,120,0,1017660
BANKNIFTY-I.NFO,30/07/2024,09:35:25,51472.85,51466.65,15,51472.55,30,225,1017660
BANKNIFTY-I.NFO,30/07/2024,09:35:26,51466,51461.05,15,51470.7,30,45,1017660
BANKNIFTY-I.NFO,30/07/2024,09:35:28,51472.05,51460,45,51468.8,75,60,1017660
BANKNIFTY-I.NFO,30/07/2024,09:35:30,51472.05,51466.9,15,51476.5,30,0,1017660
BANKNIFTY-I.NFO,30/07/2024,09:35:31,51472.05,51465.45,15,51475.45,165,0,1017660
BANKNIFTY-I.NFO,30/07/2024,09:35:33,51462.75,51463.8,15,51473.1,60,90,1017660
BANKNIFTY-I.NFO,30/07/2024,09:35:35,51465,51465.2,15,51475.8,60,60,1017660
BANKNIFTY-I.NFO,30/07/2024,09:35:37,51462.25,51465.2,30,51475.65,120,15,1017660
BANKNIFTY-I.NFO,30/07/2024,09:35:38,51464.3,51465.95,15,51468.6,75,150,1017660
BANKNIFTY-I.NFO,30/07/2024,09:35:40,51468.6,51469.55,135,51479.95,75,90,1017660
BANKNIFTY-I.NFO,30/07/2024,09:35:41,51476.35,51468.45,120,51478.5,60,15,1017660
BANKNIFTY-I.NFO,30/07/2024,09:35:43,51476.35,51469.15,15,51478.6,60,0,1017660
BANKNIFTY-I.NFO,30/07/2024,09:35:45,51471.3,51470.15,15,51479.85,120,60,1017660
BANKNIFTY-I.NFO,30/07/2024,09:35:46,51480,51477.4,120,51480,30,15,1017660
BANKNIFTY-I.NFO,30/07/2024,09:35:48,51480,51472.15,15,51479.25,120,45,1017660
BANKNIFTY-I.NFO,30/07/2024,09:35:50,51472.2,51470,15,51475.85,120,30,1017660
BANKNIFTY-I.NFO,30/07/2024,09:35:51,51461.25,51464.85,60,51474.35,15,150,1017660
BANKNIFTY-I.NFO,30/07/2024,09:35:53,51460,51460,135,51463.05,15,60,1017660
BANKNIFTY-I.NFO,30/07/2024,09:35:55,51465.05,51460,135,51465.9,120,30,1017660
BANKNIFTY-I.NFO,30/07/2024,09:35:56,51470.25,51461.25,15,51468.1,15,105,1017660
BANKNIFTY-I.NFO,30/07/2024,09:35:58,51465.95,51461.25,15,51467.3,120,15,1017660
BANKNIFTY-I.NFO,30/07/2024,09:36:00,51452.25,51447.3,15,51452.25,255,270,1017660
BANKNIFTY-I.NFO,30/07/2024,09:36:01,51447.3,51445.35,15,51449.05,90,90,1017660
BANKNIFTY-I.NFO,30/07/2024,09:36:03,51433.95,51434.15,15,51443,90,465,1017660
BANKNIFTY-I.NFO,30/07/2024,09:36:05,51415,51409.45,30,51417.3,15,330,1017660
BANKNIFTY-I.NFO,30/07/2024,09:36:06,51419.35,51424.05,15,51429.1,90,105,1017660
BANKNIFTY-I.NFO,30/07/2024,09:36:08,51423.05,51422,150,51429.15,75,45,1017660
BANKNIFTY-I.NFO,30/07/2024,09:36:10,51432.35,51432.1,15,51440.8,75,30,1017660
BANKNIFTY-I.NFO,30/07/2024,09:36:11,51432.1,51432.55,120,51441,15,30,1017660
BANKNIFTY-I.NFO,30/07/2024,09:36:13,51443.45,51446,135,51450,60,45,1017660
BANKNIFTY-I.NFO,30/07/2024,09:36:15,51445,51444.4,120,51454.3,15,75,1017660
BANKNIFTY-I.NFO,30/07/2024,09:36:16,51460,51453.4,45,51461.15,15,90,1017660
BANKNIFTY-I.NFO,30/07/2024,09:36:18,51461.15,51450.8,45,51459.1,15,15,1017660
BANKNIFTY-I.NFO,30/07/2024,09:36:20,51461.15,51453,45,51460.9,15,0,1017660
BANKNIFTY-I.NFO,30/07/2024,09:36:21,51464.85,51453.5,60,51460.35,15,45,1017660
BANKNIFTY-I.NFO,30/07/2024,09:36:23,51453.5,51450.1,30,51456.45,45,15,1017660
BANKNIFTY-I.NFO,30/07/2024,09:36:25,51450,51443.45,75,51450.5,135,120,1017660
BANKNIFTY-I.NFO,30/07/2024,09:36:26,51440,51432.45,90,51439.75,15,150,1017660
BANKNIFTY-I.NFO,30/07/2024,09:36:28,51440.95,51435.4,60,51443.45,15,15,1017660
BANKNIFTY-I.NFO,30/07/2024,09:36:30,51443.3,51432,15,51434.45,120,30,1017660
BANKNIFTY-I.NFO,30/07/2024,09:36:31,51432,51426.45,30,51434.8,15,15,1017660
BANKNIFTY-I.NFO,30/07/2024,09:36:33,51425,51422.55,15,51426.8,120,75,1017660
BANKNIFTY-I.NFO,30/07/2024,09:36:35,51422.55,51422.05,15,51427.9,15,30,1017660
BANKNIFTY-I.NFO,30/07/2024,09:36:36,51422.55,51425.05,15,51432.4,15,0,1017660
BANKNIFTY-I.NFO,30/07/2024,09:36:38,51423.2,51425.8,90,51433.15,75,60,1017615
BANKNIFTY-I.NFO,30/07/2024,09:36:40,51433.15,51428.1,105,51433.15,60,30,1017615
BANKNIFTY-I.NFO,30/07/2024,09:36:41,51439.2,51429.7,15,51439.4,15,345,1017615
BANKNIFTY-I.NFO,30/07/2024,09:36:43,51432.35,51431.6,15,51440.9,15,30,1017615
BANKNIFTY-I.NFO,30/07/2024,09:36:45,51431.2,51425,15,51428.1,15,30,1017615
BANKNIFTY-I.NFO,30/07/2024,09:36:46,51420.85,51411.3,45,51420.85,120,225,1017615
BANKNIFTY-I.NFO,30/07/2024,09:36:48,51422.15,51411.3,15,51420.05,120,15,1017615
BANKNIFTY-I.NFO,30/07/2024,09:36:49,51428.3,51417.05,15,51426,120,75,1017615
BANKNIFTY-I.NFO,30/07/2024,09:36:51,51420.45,51421,75,51429.55,15,15,1017615
BANKNIFTY-I.NFO,30/07/2024,09:36:53,51426.9,51426.9,120,51437.75,90,225,1017615
BANKNIFTY-I.NFO,30/07/2024,09:36:54,51426.25,51426.25,105,51436.45,120,120,1017615
BANKNIFTY-I.NFO,30/07/2024,09:36:56,51434.15,51427.1,30,51430,15,30,1017615
BANKNIFTY-I.NFO,30/07/2024,09:36:58,51427.2,51427.2,105,51430,15,30,1017615
BANKNIFTY-I.NFO,30/07/2024,09:36:59,51430,51429.05,15,51436.9,120,45,1017615
BANKNIFTY-I.NFO,30/07/2024,09:37:01,51436.9,51434.15,30,51437.85,15,45,1017615
BANKNIFTY-I.NFO,30/07/2024,09:37:02,51440,51437,90,51440,30,15,1017615
BANKNIFTY-I.NFO,30/07/2024,09:37:04,51450,51443.8,75,51450,15,60,1017615
BANKNIFTY-I.NFO,30/07/2024,09:37:06,51450,51442.55,75,51451.8,15,15,1017615
BANKNIFTY-I.NFO,30/07/2024,09:37:07,51448.7,51443.05,90,51453,15,15,1017615
BANKNIFTY-I.NFO,30/07/2024,09:37:09,51448.7,51443.45,15,51447.35,30,0,1017615
BANKNIFTY-I.NFO,30/07/2024,09:37:10,51443.45,51441.9,75,51451.7,135,45,1017615
BANKNIFTY-I.NFO,30/07/2024,09:37:12,51450,51446.8,75,51455,15,15,1017615
BANKNIFTY-I.NFO,30/07/2024,09:37:14,51449.3,51450.85,15,51456.7,15,45,1017615
BANKNIFTY-I.NFO,30/07/2024,09:37:15,51448.95,51450.8,30,51460,15,1020,1017615
BANKNIFTY-I.NFO,30/07/2024,09:37:17,51448.95,51456.2,15,51465.95,15,0,1017615
BANKNIFTY-I.NFO,30/07/2024,09:37:19,51448.95,51465.8,15,51474.8,15,0,1017615
BANKNIFTY-I.NFO,30/07/2024,09:37:20,51474.65,51461.85,30,51471.45,45,30,1017615
BANKNIFTY-I.NFO,30/07/2024,09:37:22,51474.65,51466.65,15,51475,105,0,1017615
BANKNIFTY-I.NFO,30/07/2024,09:37:24,51474.75,51467,15,51474.5,45,60,1017615
BANKNIFTY-I.NFO,30/07/2024,09:37:25,51474.45,51467,15,51471,15,30,1017615
BANKNIFTY-I.NFO,30/07/2024,09:37:27,51472.8,51469,15,51472.3,135,60,1017615
BANKNIFTY-I.NFO,30/07/2024,09:37:28,51467,51459.25,30,51468.9,120,30,1017615
BANKNIFTY-I.NFO,30/07/2024,09:37:30,51467.6,51458.75,30,51467.15,120,15,1017615
BANKNIFTY-I.NFO,30/07/2024,09:37:32,51465,51458.75,30,51464.5,120,15,1017615
BANKNIFTY-I.NFO,30/07/2024,09:37:33,51465,51458.75,30,51465.9,135,0,1017615
BANKNIFTY-I.NFO,30/07/2024,09:37:35,51469.75,51460.55,120,51469.85,105,15,1017615
BANKNIFTY-I.NFO,30/07/2024,09:37:37,51469.6,51460.55,15,51469.95,105,15,1017615
BANKNIFTY-I.NFO,30/07/2024,09:37:38,51469.6,51460.55,15,51466.6,90,0,1017615
BANKNIFTY-I.NFO,30/07/2024,09:37:40,51469.6,51460.55,30,51469.05,15,0,1017615
BANKNIFTY-I.NFO,30/07/2024,09:37:41,51469.6,51464.8,15,51470.8,90,0,1017615
BANKNIFTY-I.NFO,30/07/2024,09:37:43,51469.6,51465.4,120,51472.75,15,0,1017615
BANKNIFTY-I.NFO,30/07/2024,09:37:45,51469.6,51465,15,51472.6,90,0,1017615
BANKNIFTY-I.NFO,30/07/2024,09:37:46,51468.8,51465.05,30,51469.75,90,15,1017615
BANKNIFTY-I.NFO,30/07/2024,09:37:48,51468.8,51467,210,51469,15,0,1017615
BANKNIFTY-I.NFO,30/07/2024,09:37:49,51468.8,51467,210,51469,15,30,1017615
BANKNIFTY-I.NFO,30/07/2024,09:37:51,51458.75,51450,45,51459.05,75,330,1017615
BANKNIFTY-I.NFO,30/07/2024,09:37:52,51453.7,51451.5,120,51460.3,15,30,1017615
BANKNIFTY-I.NFO,30/07/2024,09:37:54,51448.95,51448.95,90,51458.3,120,60,1017615
BANKNIFTY-I.NFO,30/07/2024,09:37:56,51449.6,51448.25,15,51457.45,120,30,1017615
BANKNIFTY-I.NFO,30/07/2024,09:37:57,51457.45,51441.6,15,51451.8,315,30,1017615
BANKNIFTY-I.NFO,30/07/2024,09:37:59,51457.45,51438.25,15,51446.5,120,0,1017615
BANKNIFTY-I.NFO,30/07/2024,09:38:01,51438.25,51434.15,30,51438.9,15,15,1017615
BANKNIFTY-I.NFO,30/07/2024,09:38:02,51438.85,51434.15,30,51438.9,15,30,1017615
BANKNIFTY-I.NFO,30/07/2024,09:38:04,51434.15,51430.8,30,51438.85,120,30,1017615
BANKNIFTY-I.NFO,30/07/2024,09:38:06,51434.15,51432.65,15,51438.8,15,0,1017615
BANKNIFTY-I.NFO,30/07/2024,09:38:07,51432.65,51433.4,15,51438.8,15,15,1017615
BANKNIFTY-I.NFO,30/07/2024,09:38:09,51432.65,51433.4,15,51438.8,15,0,1017615
BANKNIFTY-I.NFO,30/07/2024,09:38:10,51433.2,51430.15,30,51434.65,135,15,1017615
BANKNIFTY-I.NFO,30/07/2024,09:38:12,51430.15,51430.1,15,51430.5,15,30,1017615
BANKNIFTY-I.NFO,30/07/2024,09:38:14,51430.5,51430.1,15,51432.65,435,15,1017615
BANKNIFTY-I.NFO,30/07/2024,09:38:15,51432.65,51430.7,15,51432.65,300,135,1017615
BANKNIFTY-I.NFO,30/07/2024,09:38:17,51430,51425,15,51432.4,135,45,1017615
BANKNIFTY-I.NFO,30/07/2024,09:38:19,51431,51425,15,51432.5,120,90,1017615
BANKNIFTY-I.NFO,30/07/2024,09:38:20,51431,51429.25,15,51432.65,285,0,1017615
BANKNIFTY-I.NFO,30/07/2024,09:38:22,51432.4,51432.25,15,51438.85,435,315,1017615
BANKNIFTY-I.NFO,30/07/2024,09:38:24,51432.4,51429.15,15,51438.15,135,0,1017615
BANKNIFTY-I.NFO,30/07/2024,09:38:25,51431.2,51429.75,135,51438.85,435,15,1017615
BANKNIFTY-I.NFO,30/07/2024,09:38:27,51429.2,51430.25,105,51438.85,435,30,1017615
BANKNIFTY-I.NFO,30/07/2024,09:38:28,51438.85,51438.85,30,51446.6,15,435,1017615
BANKNIFTY-I.NFO,30/07/2024,09:38:30,51438.85,51439.3,90,51448.5,15,45,1017615
BANKNIFTY-I.NFO,30/07/2024,09:38:32,51440.85,51439.15,60,51448.6,30,30,1017615
BANKNIFTY-I.NFO,30/07/2024,09:38:33,51441.85,51442.45,30,51450.45,30,30,1017615
BANKNIFTY-I.NFO,30/07/2024,09:38:35,51447.9,51443.85,30,51453,30,15,1017615
BANKNIFTY-I.NFO,30/07/2024,09:38:37,51449.45,51439.75,30,51447.85,15,15,1017615
BANKNIFTY-I.NFO,30/07/2024,09:38:38,51440.05,51440.8,45,51450,15,195,1017615
BANKNIFTY-I.NFO,30/07/2024,09:38:40,51455.55,51441.75,120,51451,15,210,1017615
BANKNIFTY-I.NFO,30/07/2024,09:38:41,51460,51450,15,51458.85,75,135,1017615
BANKNIFTY-I.NFO,30/07/2024,09:38:43,51460,51456.95,120,51460,90,0,1017615
BANKNIFTY-I.NFO,30/07/2024,09:38:45,51460.6,51460.7,105,51470.1,15,165,1017615
BANKNIFTY-I.NFO,30/07/2024,09:38:46,51460.6,51460,105,51468.75,15,0,1017615
BANKNIFTY-I.NFO,30/07/2024,09:38:48,51460,51458.65,105,51465,15,15,1017615
BANKNIFTY-I.NFO,30/07/2024,09:38:50,51460,51458.2,105,51465,15,0,1017615
BANKNIFTY-I.NFO,30/07/2024,09:38:51,51473.6,51461.6,120,51471.4,105,75,1017615
BANKNIFTY-I.NFO,30/07/2024,09:38:53,51469.55,51461.6,120,51469.55,75,15,1017615
BANKNIFTY-I.NFO,30/07/2024,09:38:55,51468.95,51459.9,120,51470.75,15,210,1017615
BANKNIFTY-I.NFO,30/07/2024,09:38:56,51463.8,51457,105,51458.7,15,105,1017615
BANKNIFTY-I.NFO,30/07/2024,09:38:58,51464.65,51457,90,51465,15,195,1017615
BANKNIFTY-I.NFO,30/07/2024,09:39:00,51465.2,51457,75,51463.55,60,150,1017615
BANKNIFTY-I.NFO,30/07/2024,09:39:01,51465.15,51457,75,51461.9,30,360,1017615
BANKNIFTY-I.NFO,30/07/2024,09:39:03,51462.25,51452.6,135,51461.5,75,570,1017615
BANKNIFTY-I.NFO,30/07/2024,09:39:05,51457.05,51457.05,30,51462.8,15,180,1017615
BANKNIFTY-I.NFO,30/07/2024,09:39:06,51462.2,51457.05,30,51463.45,75,225,1017615
BANKNIFTY-I.NFO,30/07/2024,09:39:08,51457.05,51457.05,15,51460,60,210,1017615
BANKNIFTY-I.NFO,30/07/2024,09:39:10,51467.35,51458.85,15,51467.45,150,120,1017615
BANKNIFTY-I.NFO,30/07/2024,09:39:11,51467.35,51458.9,30,51467.05,75,0,1017615
BANKNIFTY-I.NFO,30/07/2024,09:39:13,51452.6,51452.6,45,51455.65,15,1020,1017615
BANKNIFTY-I.NFO,30/07/2024,09:39:14,51462.25,51453,60,51463.1,60,90,1017615
BANKNIFTY-I.NFO,30/07/2024,09:39:16,51462.05,51452.6,45,51461.95,45,30,1017615
BANKNIFTY-I.NFO,30/07/2024,09:39:18,51462.05,51452.6,45,51460.15,15,0,1017615
BANKNIFTY-I.NFO,30/07/2024,09:39:19,51455,51455,30,51457.95,75,60,1017615
BANKNIFTY-I.NFO,30/07/2024,09:39:21,51455,51457.85,120,51459.45,15,0,1017615
BANKNIFTY-I.NFO,30/07/2024,09:39:23,51459.5,51458.5,45,51465,15,30,1017615
BANKNIFTY-I.NFO,30/07/2024,09:39:24,51459.5,51458.05,120,51464.95,15,15,1017615
BANKNIFTY-I.NFO,30/07/2024,09:39:26,51468.05,51458.35,15,51468.4,15,195,1017615
BANKNIFTY-I.NFO,30/07/2024,09:39:27,51468.05,51459.55,120,51467.95,15,0,1017615
BANKNIFTY-I.NFO,30/07/2024,09:39:29,51469.55,51461.5,15,51469.8,15,30,1017615
BANKNIFTY-I.NFO,30/07/2024,09:39:31,51469.8,51462.35,120,51470.8,15,30,1017615
BANKNIFTY-I.NFO,30/07/2024,09:39:32,51469.8,51462.55,120,51470.8,15,0,1017615
BANKNIFTY-I.NFO,30/07/2024,09:39:34,51473.45,51463.75,120,51473,15,30,1017615
BANKNIFTY-I.NFO,30/07/2024,09:39:36,51473.45,51464.9,120,51474.6,15,0,1017615
BANKNIFTY-I.NFO,30/07/2024,09:39:37,51467.95,51466.85,135,51475,105,30,1017615
BANKNIFTY-I.NFO,30/07/2024,09:39:39,51471.85,51465.1,45,51473.1,45,15,1017540
BANKNIFTY-I.NFO,30/07/2024,09:39:41,51471.85,51465.15,15,51471.25,45,0,1017540
BANKNIFTY-I.NFO,30/07/2024,09:39:42,51468.2,51465.2,120,51474.8,75,30,1017540
BANKNIFTY-I.NFO,30/07/2024,09:39:44,51468.2,51465.15,30,51471.1,75,0,1017540
BANKNIFTY-I.NFO,30/07/2024,09:39:45,51468.85,51465.2,30,51467.75,75,165,1017540
BANKNIFTY-I.NFO,30/07/2024,09:39:47,51467.7,51465.2,45,51466.6,75,30,1017540
BANKNIFTY-I.NFO,30/07/2024,09:39:49,51463.55,51462.6,15,51464.1,15,150,1017540
BANKNIFTY-I.NFO,30/07/2024,09:39:50,51458.1,51455.05,15,51459.5,150,150,1017540
BANKNIFTY-I.NFO,30/07/2024,09:39:52,51455.05,51455,30,51459.8,15,15,1017540
BANKNIFTY-I.NFO,30/07/2024,09:39:54,51455,51452.65,15,51455,120,75,1017540
BANKNIFTY-I.NFO,30/07/2024,09:39:55,51458.7,51455.05,30,51459.05,75,450,1017540
BANKNIFTY-I.NFO,30/07/2024,09:39:57,51458.7,51455.05,30,51461.05,150,0,1017540
BANKNIFTY-I.NFO,30/07/2024,09:39:58,51458.7,51455.05,30,51458.95,150,0,1017540
BANKNIFTY-I.NFO,30/07/2024,09:40:00,51457.65,51455.05,45,51457.7,15,15,1017540
BANKNIFTY-I.NFO,30/07/2024,09:40:02,51465.15,51465.2,45,51470.2,120,135,1017540
BANKNIFTY-I.NFO,30/07/2024,09:40:03,51467.25,51465.2,30,51467.6,75,45,1017540
BANKNIFTY-I.NFO,30/07/2024,09:40:05,51463.15,51455.65,15,51463.35,90,45,1017540
BANKNIFTY-I.NFO,30/07/2024,09:40:06,51463.15,51459.95,120,51469.2,90,0,1017540
BANKNIFTY-I.NFO,30/07/2024,09:40:08,51473.45,51466.5,30,51473.45,15,75,1017540
BANKNIFTY-I.NFO,30/07/2024,09:40:10,51464.2,51465.1,15,51473.45,15,45,1017540
BANKNIFTY-I.NFO,30/07/2024,09:40:11,51473.4,51464.95,15,51473.4,75,60,1017540
BANKNIFTY-I.NFO,30/07/2024,09:40:13,51462.05,51462.65,15,51470.3,75,15,1017540
BANKNIFTY-I.NFO,30/07/2024,09:40:14,51462.05,51460.05,15,51468.9,75,15,1017540
BANKNIFTY-I.NFO,30/07/2024,09:40:16,51468.85,51461.6,15,51469.9,75,15,1017540
BANKNIFTY-I.NFO,30/07/2024,09:40:18,51468.85,51460.15,135,51462.95,150,0,1017540
BANKNIFTY-I.NFO,30/07/2024,09:40:20,51472.5,51464.2,120,51473.4,30,210,1017540
BANKNIFTY-I.NFO,30/07/2024,09:40:21,51463.95,51456.15,135,51465.6,15,90,1017540
BANKNIFTY-I.NFO,30/07/2024,09:40:23,51463.95,51455.05,30,51460.55,15,0,1017540
BANKNIFTY-I.NFO,30/07/2024,09:40:24,51455.05,51455.05,15,51456.95,15,30,1017540
BANKNIFTY-I.NFO,30/07/2024,09:40:26,51444,51445.05,120,51454.45,15,345,1017540
BANKNIFTY-I.NFO,30/07/2024,09:40:28,51447.85,51452.95,15,51460.9,270,15,1017540
BANKNIFTY-I.NFO,30/07/2024,09:40:29,51447.85,51448.5,15,51456.05,120,0,1017540
BANKNIFTY-I.NFO,30/07/2024,09:40:31,51447.85,51447.9,15,51455.05,15,0,1017540
BANKNIFTY-I.NFO,30/07/2024,09:40:33,51457,51448.35,15,51457.15,120,315,1017540
BANKNIFTY-I.NFO,30/07/2024,09:40:34,51457,51449.7,120,51459.25,120,0,1017540
BANKNIFTY-I.NFO,30/07/2024,09:40:36,51457,51453.35,15,51461.55,120,0,1017540
BANKNIFTY-I.NFO,30/07/2024,09:40:38,51457,51456.05,15,51465.25,120,0,1017540
BANKNIFTY-I.NFO,30/07/2024,09:40:39,51464.5,51461.35,15,51469.85,390,30,1017540
BANKNIFTY-I.NFO,30/07/2024,09:40:41,51473.45,51465.15,15,51473.95,90,30,1017540
BANKNIFTY-I.NFO,30/07/2024,09:40:43,51470,51462.85,45,51471.05,90,165,1017540
BANKNIFTY-I.NFO,30/07/2024,09:40:44,51470,51465.75,120,51474,15,0,1017540
BANKNIFTY-I.NFO,30/07/2024,09:40:46,51470,51466.75,135,51474,15,0,1017540
BANKNIFTY-I.NFO,30/07/2024,09:40:48,51470,51465.9,15,51474,15,0,1017540
BANKNIFTY-I.NFO,30/07/2024,09:40:49,51470,51466.8,15,51473.95,90,0,1017540
BANKNIFTY-I.NFO,30/07/2024,09:40:51,51474.8,51466.05,120,51475,255,90,1017540
BANKNIFTY-I.NFO,30/07/2024,09:40:53,51477.9,51465.9,15,51475.15,150,345,1017540
BANKNIFTY-I.NFO,30/07/2024,09:40:54,51470.55,51468,120,51478.5,15,15,1017540
BANKNIFTY-I.NFO,30/07/2024,09:40:56,51470.55,51469.1,120,51478.9,15,0,1017540
BANKNIFTY-I.NFO,30/07/2024,09:40:58,51477.65,51467.85,120,51476.9,15,30,1017540
BANKNIFTY-I.NFO,30/07/2024,09:40:59,51477.65,51469.85,120,51478.85,15,0,1017540
BANKNIFTY-I.NFO,30/07/2024,09:41:01,51470,51467.35,15,51476.35,120,900,1017540
BANKNIFTY-I.NFO,30/07/2024,09:41:03,51478.85,51471.05,120,51478.9,15,90,1017540
BANKNIFTY-I.NFO,30/07/2024,09:41:04,51485.05,51485.05,90,51488.8,45,210,1017540
BANKNIFTY-I.NFO,30/07/2024,09:41:06,51485.05,51485.05,90,51488.1,45,0,1017540
BANKNIFTY-I.NFO,30/07/2024,09:41:07,51485.05,51481.05,135,51485,45,105,1017540
BANKNIFTY-I.NFO,30/07/2024,09:41:09,51488.85,51488.35,15,51497.8,30,165,1017540
BANKNIFTY-I.NFO,30/07/2024,09:41:11,51496.5,51492.65,120,51498.7,15,15,1017540
BANKNIFTY-I.NFO,30/07/2024,09:41:12,51492.65,51487.7,60,51494.5,15,30,1017540
BANKNIFTY-I.NFO,30/07/2024,09:41:14,51487.7,51482.4,15,51490.2,15,60,1017540
BANKNIFTY-I.NFO,30/07/2024,09:41:15,51485.7,51474.8,120,51485.85,15,45,1017540
BANKNIFTY-I.NFO,30/07/2024,09:41:17,51485.8,51471,15,51478.75,15,150,1017540
BANKNIFTY-I.NFO,30/07/2024,09:41:19,51478.25,51471,15,51479.5,45,15,1017540
BANKNIFTY-I.NFO,30/07/2024,09:41:20,51476.65,51471,15,51477.9,30,45,1017540
BANKNIFTY-I.NFO,30/07/2024,09:41:22,51471.05,51471.35,120,51480.55,15,30,1017540
BANKNIFTY-I.NFO,30/07/2024,09:41:23,51471.05,51476.6,120,51484.95,15,0,1017540
BANKNIFTY-I.NFO,30/07/2024,09:41:25,51471.05,51474.15,120,51484.55,30,0,1017540
BANKNIFTY-I.NFO,30/07/2024,09:41:27,51474.25,51474.1,75,51482.15,15,15,1017540
BANKNIFTY-I.NFO,30/07/2024,09:41:28,51474.25,51474.1,75,51481.95,30,0,1017540
BANKNIFTY-I.NFO,30/07/2024,09:41:30,51474.25,51474.1,75,51483.1,30,0,1017540
BANKNIFTY-I.NFO,30/07/2024,09:41:31,51482.65,51474.1,75,51480.3,15,30,1017540
BANKNIFTY-I.NFO,30/07/2024,09:41:33,51474.1,51471,15,51474.25,30,75,1017540
BANKNIFTY-I.NFO,30/07/2024,09:41:35,51474.1,51471,15,51474.25,30,0,1017540
BANKNIFTY-I.NFO,30/07/2024,09:41:36,51474.1,51471,30,51474.25,30,0,1017540
BANKNIFTY-I.NFO,30/07/2024,09:41:38,51471,51471,270,51474.35,15,150,1017540
BANKNIFTY-I.NFO,30/07/2024,09:41:40,51471,51471,255,51477.75,15,45,1017540
BANKNIFTY-I.NFO,30/07/2024,09:41:41,51471,51470,15,51471.05,15,255,1017540
BANKNIFTY-I.NFO,30/07/2024,09:41:43,51470,51464.65,15,51471,15,15,1017540
BANKNIFTY-I.NFO,30/07/2024,09:41:44,51471.6,51464.2,75,51472.35,75,30,1017540
BANKNIFTY-I.NFO,30/07/2024,09:41:46,51464.5,51467.65,15,51476.8,15,15,1017540
BANKNIFTY-I.NFO,30/07/2024,09:41:48,51473.25,51464.2,90,51471.2,15,30,1017540
BANKNIFTY-I.NFO,30/07/2024,09:41:49,51464.2,51464.2,60,51469.45,30,15,1017540
BANKNIFTY-I.NFO,30/07/2024,09:41:51,51464.2,51464.2,60,51470.25,15,0,1017540
BANKNIFTY-I.NFO,30/07/2024,09:41:52,51464.2,51456.7,15,51464.65,15,60,1017540
BANKNIFTY-I.NFO,30/07/2024,09:41:54,51464.65,51450.05,15,51456.7,15,15,1017540
BANKNIFTY-I.NFO,30/07/2024,09:41:56,51446.55,51442.1,30,51451.15,15,90,1017540
BANKNIFTY-I.NFO,30/07/2024,09:41:57,51456.4,51450.45,15,51458.8,45,60,1017540
BANKNIFTY-I.NFO,30/07/2024,09:41:59,51456.4,51443.05,15,51452.2,15,0,1017540
BANKNIFTY-I.NFO,30/07/2024,09:42:01,51443.05,51442.3,15,51451.8,15,30,1017540
BANKNIFTY-I.NFO,30/07/2024,09:42:02,51455.45,51448.65,30,51457.25,30,75,1017540
BANKNIFTY-I.NFO,30/07/2024,09:42:04,51445.85,51446.8,15,51456.5,45,75,1017540
BANKNIFTY-I.NFO,30/07/2024,09:42:05,51449.2,51446.45,120,51456.3,45,15,1017540
BANKNIFTY-I.NFO,30/07/2024,09:42:07,51451.8,51453.65,120,51462.6,15,45,1017540
BANKNIFTY-I.NFO,30/07/2024,09:42:09,51451.8,51451.2,15,51460.1,30,0,1017540
BANKNIFTY-I.NFO,30/07/2024,09:42:10,51449.35,51448.85,120,51458.75,45,15,1017540
BANKNIFTY-I.NFO,30/07/2024,09:42:12,51449.35,51451.1,120,51461.3,45,0,1017540
BANKNIFTY-I.NFO,30/07/2024,09:42:13,51464.2,51454.95,90,51464.65,15,150,1017540
BANKNIFTY-I.NFO,30/07/2024,09:42:15,51463.95,51454.2,120,51464.6,120,15,1017540
BANKNIFTY-I.NFO,30/07/2024,09:42:17,51463.95,51454.6,105,51463.85,15,0,1017540
BANKNIFTY-I.NFO,30/07/2024,09:42:18,51467.8,51464.1,105,51470.8,15,30,1017540
BANKNIFTY-I.NFO,30/07/2024,09:42:20,51467.8,51466.05,105,51470.8,15,0,1017540
BANKNIFTY-I.NFO,30/07/2024,09:42:22,51467.8,51457.65,105,51461.7,15,0,1017540
BANKNIFTY-I.NFO,30/07/2024,09:42:23,51467.8,51455.05,120,51461.7,15,0,1017540
BANKNIFTY-I.NFO,30/07/2024,09:42:25,51467.8,51457.15,120,51461.7,15,0,1017540
BANKNIFTY-I.NFO,30/07/2024,09:42:27,51456.75,51456.6,90,51465.4,45,15,1017540
BANKNIFTY-I.NFO,30/07/2024,09:42:28,51457.65,51455.05,15,51457.65,975,45,1017540
BANKNIFTY-I.NFO,30/07/2024,09:42:30,51457.65,51456.35,15,51457.65,975,0,1017540
BANKNIFTY-I.NFO,30/07/2024,09:42:32,51458.65,51461.7,90,51470.75,30,990,1017540
BANKNIFTY-I.NFO,30/07/2024,09:42:33,51466,51466,90,51475.5,120,75,1017540
BANKNIFTY-I.NFO,30/07/2024,09:42:35,51470.75,51462.3,90,51470,15,30,1017540
BANKNIFTY-I.NFO,30/07/2024,09:42:37,51470.75,51464.35,90,51466,15,0,1017540
BANKNIFTY-I.NFO,30/07/2024,09:42:38,51470,51467,15,51476.45,165,30,1017540
BANKNIFTY-I.NFO,30/07/2024,09:42:40,51465.95,51465.9,15,51470,15,90,1015500
BANKNIFTY-I.NFO,30/07/2024,09:42:42,51470,51469.9,15,51479.5,135,15,1015500
BANKNIFTY-I.NFO,30/07/2024,09:42:43,51470,51468.75,15,51476.5,120,0,1015500
BANKNIFTY-I.NFO,30/07/2024,09:42:45,51470,51466.15,15,51473.45,120,0,1015500
BANKNIFTY-I.NFO,30/07/2024,09:42:47,51472.7,51466.15,15,51473.35,135,15,1015500
BANKNIFTY-I.NFO,30/07/2024,09:42:48,51467.25,51466.15,30,51473.8,120,420,1015500
BANKNIFTY-I.NFO,30/07/2024,09:42:50,51467.25,51466.55,15,51476.65,120,0,1015500
BANKNIFTY-I.NFO,30/07/2024,09:42:52,51467.25,51466.15,30,51476,120,75,1015500
BANKNIFTY-I.NFO,30/07/2024,09:42:53,51467.25,51471.15,15,51480.4,120,15,1015500
BANKNIFTY-I.NFO,30/07/2024,09:42:55,51467.25,51474.45,30,51483.75,120,0,1015500
BANKNIFTY-I.NFO,30/07/2024,09:42:56,51473.9,51474.15,30,51483.35,120,30,1015500
BANKNIFTY-I.NFO,30/07/2024,09:42:58,51472.65,51478.75,15,51482,120,315,1015500
BANKNIFTY-I.NFO,30/07/2024,09:43:00,51475.65,51475.65,45,51485.3,120,45,1015500
BANKNIFTY-I.NFO,30/07/2024,09:43:01,51486.15,51475.55,15,51484.2,90,195,1015500
BANKNIFTY-I.NFO,30/07/2024,09:43:03,51486.15,51473.65,15,51483.05,90,0,1015500
BANKNIFTY-I.NFO,30/07/2024,09:43:05,51475,51475,90,51475.9,15,45,1015500
BANKNIFTY-I.NFO,30/07/2024,09:43:06,51475,51466.75,120,51476.2,120,105,1015500
BANKNIFTY-I.NFO,30/07/2024,09:43:08,51475,51465.8,15,51475.45,120,0,1015500
BANKNIFTY-I.NFO,30/07/2024,09:43:10,51479.35,51473.2,15,51483.2,105,15,1015500
BANKNIFTY-I.NFO,30/07/2024,09:43:11,51480.9,51469.5,15,51479.55,75,45,1015500
BANKNIFTY-I.NFO,30/07/2024,09:43:13,51465.05,51465,15,51471.4,15,30,1015500
BANKNIFTY-I.NFO,30/07/2024,09:43:15,51465,51465.05,15,51474.85,60,30,1015500
BANKNIFTY-I.NFO,30/07/2024,09:43:16,51465,51467.5,15,51477.55,60,0,1015500
BANKNIFTY-I.NFO,30/07/2024,09:43:18,51465,51470,15,51478.55,60,0,1015500
BANKNIFTY-I.NFO,30/07/2024,09:43:20,51465,51472.85,15,51480.25,60,570,1015500
BANKNIFTY-I.NFO,30/07/2024,09:43:21,51465,51471.85,15,51480.85,60,0,1015500
BANKNIFTY-I.NFO,30/07/2024,09:43:23,51480.85,51471.85,15,51480.85,15,45,1015500
BANKNIFTY-I.NFO,30/07/2024,09:43:24,51472.45,51472.5,15,51480.85,15,15,1015500
BANKNIFTY-I.NFO,30/07/2024,09:43:26,51472.45,51470.85,15,51479.7,15,0,1015500
BANKNIFTY-I.NFO,30/07/2024,09:43:28,51477.55,51469.85,15,51478.05,75,15,1015500
BANKNIFTY-I.NFO,30/07/2024,09:43:29,51477.55,51472.8,30,51480.9,75,0,1015500
BANKNIFTY-I.NFO,30/07/2024,09:43:31,51472.8,51473.95,15,51480.9,75,30,1015500
BANKNIFTY-I.NFO,30/07/2024,09:43:33,51480.9,51478.95,15,51484,30,75,1015500
BANKNIFTY-I.NFO,30/07/2024,09:43:34,51477.25,51476.4,15,51479,15,30,1015500
BANKNIFTY-I.NFO,30/07/2024,09:43:36,51484,51478.3,15,51484,15,105,1015500
BANKNIFTY-I.NFO,30/07/2024,09:43:38,51484,51480.9,15,51484,15,0,1015500
BANKNIFTY-I.NFO,30/07/2024,09:43:39,51480.15,51476.6,15,51484,15,45,1015500
BANKNIFTY-I.NFO,30/07/2024,09:43:41,51480.15,51480.3,15,51483.95,30,0,1015500
BANKNIFTY-I.NFO,30/07/2024,09:43:43,51487.2,51485.3,15,51488.7,15,120,1015500
BANKNIFTY-I.NFO,30/07/2024,09:43:44,51489.55,51480.3,30,51488.3,105,330,1015500
BANKNIFTY-I.NFO,30/07/2024,09:43:46,51489.55,51485.35,105,51490.1,75,0,1015500
BANKNIFTY-I.NFO,30/07/2024,09:43:48,51480,51471.25,15,51480.5,15,255,1015500
BANKNIFTY-I.NFO,30/07/2024,09:43:49,51474.15,51474.85,15,51484.8,225,15,1015500
BANKNIFTY-I.NFO,30/07/2024,09:43:51,51474.15,51476.85,15,51486.2,15,0,1015500
BANKNIFTY-I.NFO,30/07/2024,09:43:52,51474.15,51471.3,120,51480.85,15,0,1015500
BANKNIFTY-I.NFO,30/07/2024,09:43:54,51474.15,51474.15,15,51480.95,15,0,1015500
BANKNIFTY-I.NFO,30/07/2024,09:43:56,51474.15,51474.15,15,51475.1,15,0,1015500
BANKNIFTY-I.NFO,30/07/2024,09:43:57,51474.15,51472.4,120,51475.1,15,60,1015500
BANKNIFTY-I.NFO,30/07/2024,09:43:59,51475.1,51478,120,51480,30,30,1015500
BANKNIFTY-I.NFO,30/07/2024,09:44:01,51497.85,51497,30,51504.95,45,2100,1015500
BANKNIFTY-I.NFO,30/07/2024,09:44:02,51506.95,51500,30,51507,75,45,1015500
BANKNIFTY-I.NFO,30/07/2024,09:44:04,51501.65,51500.55,120,51504.05,15,450,1015500
BANKNIFTY-I.NFO,30/07/2024,09:44:06,51511,51509.5,150,51518.65,45,135,1015500
BANKNIFTY-I.NFO,30/07/2024,09:44:07,51514.3,51505.3,105,51515.8,120,75,1015500
BANKNIFTY-I.NFO,30/07/2024,09:44:09,51524.65,51523.35,105,51524.9,15,270,1015500
BANKNIFTY-I.NFO,30/07/2024,09:44:11,51539.2,51539.2,210,51543.95,15,4905,1015500
BANKNIFTY-I.NFO,30/07/2024,09:44:11,51540.95,51539.2,210,51543.95,15,0,1015500
BANKNIFTY-I.NFO,30/07/2024,09:44:12,51541.4,51541.35,15,51547,60,1800,1015500
BANKNIFTY-I.NFO,30/07/2024,09:44:12,51547,51541.35,15,51547,60,0,1015500
BANKNIFTY-I.NFO,30/07/2024,09:44:14,51536,51530.4,60,51539.35,15,510,1015500
BANKNIFTY-I.NFO,30/07/2024,09:44:15,51529.9,51528.4,15,51538.25,120,435,1015500
BANKNIFTY-I.NFO,30/07/2024,09:44:17,51541.05,51532.6,120,51543.8,120,135,1015500
BANKNIFTY-I.NFO,30/07/2024,09:44:19,51536.8,51537.15,105,51546.95,120,345,1015500
BANKNIFTY-I.NFO,30/07/2024,09:44:20,51536.75,51525.1,15,51535.8,15,600,1015500
BANKNIFTY-I.NFO,30/07/2024,09:44:22,51528.4,51519.75,15,51528.4,30,135,1015500
BANKNIFTY-I.NFO,30/07/2024,09:44:23,51517.9,51514.4,120,51524.65,90,75,1015500
BANKNIFTY-I.NFO,30/07/2024,09:44:25,51528.4,51525.4,15,51530.85,900,75,1015500
BANKNIFTY-I.NFO,30/07/2024,09:44:27,51530.85,51530.9,15,51541.3,45,1080,1015500
BANKNIFTY-I.NFO,30/07/2024,09:44:28,51557.35,51556.75,15,51559,30,1725,1015500
BANKNIFTY-I.NFO,30/07/2024,09:44:28,51558.6,51556.75,15,51559,30,0,1015500
BANKNIFTY-I.NFO,30/07/2024,09:44:30,51560,51557.9,15,51562.85,120,780,1015500
BANKNIFTY-I.NFO,30/07/2024,09:44:30,51564.8,51557.9,15,51562.85,120,0,1015500
BANKNIFTY-I.NFO,30/07/2024,09:44:32,51560.35,51552,90,51558.85,105,150,1015500
BANKNIFTY-I.NFO,30/07/2024,09:44:33,51552,51552,30,51558,150,225,1015500
BANKNIFTY-I.NFO,30/07/2024,09:44:35,51546.85,51547.8,135,51557.95,75,225,1015500
BANKNIFTY-I.NFO,30/07/2024,09:44:36,51546.65,51542.4,120,51552.65,90,630,1015500
BANKNIFTY-I.NFO,30/07/2024,09:44:38,51543.65,51544.7,45,51552,15,525,1015500
BANKNIFTY-I.NFO,30/07/2024,09:44:39,51541.1,51534,45,51544.8,120,105,1015500
BANKNIFTY-I.NFO,30/07/2024,09:44:41,51554,51542.75,135,51550,15,330,1015500
BANKNIFTY-I.NFO,30/07/2024,09:44:42,51554,51547.35,120,51550,30,0,1015500
BANKNIFTY-I.NFO,30/07/2024,09:44:44,51549.35,51549.35,15,51558.9,120,390,1015500
BANKNIFTY-I.NFO,30/07/2024,09:44:46,51552.85,51544.9,15,51553.3,15,60,1015500
BANKNIFTY-I.NFO,30/07/2024,09:44:47,51555.35,51545.3,15,51554.65,45,300,1015500
BANKNIFTY-I.NFO,30/07/2024,09:44:49,51553.65,51545.3,15,51553.85,30,15,1015500
BANKNIFTY-I.NFO,30/07/2024,09:44:50,51544,51543.65,60,51549.9,15,105,1015500
BANKNIFTY-I.NFO,30/07/2024,09:44:52,51554,51553.3,135,51555,15,210,1015500
BANKNIFTY-I.NFO,30/07/2024,09:44:54,51559.95,51559.15,15,51559.95,105,75,1015500
BANKNIFTY-I.NFO,30/07/2024,09:44:55,51550.25,51549.35,15,51556.35,15,120,1015500
BANKNIFTY-I.NFO,30/07/2024,09:44:57,51550.25,51545.65,150,51555.1,15,0,1015500
BANKNIFTY-I.NFO,30/07/2024,09:44:59,51564.2,51552.05,15,51561.7,15,2175,1015500
BANKNIFTY-I.NFO,30/07/2024,09:45:00,51562.25,51557.1,15,51564.85,15,60,1015500
BANKNIFTY-I.NFO,30/07/2024,09:45:02,51562.55,51562.95,120,51571.65,15,465,1015500
BANKNIFTY-I.NFO,30/07/2024,09:45:02,51575,51562.95,120,51571.65,15,0,1015500
BANKNIFTY-I.NFO,30/07/2024,09:45:03,51558.9,51558.85,15,51563.95,90,195,1015500
BANKNIFTY-I.NFO,30/07/2024,09:45:05,51564.3,51554.45,120,51557,45,105,1015500
BANKNIFTY-I.NFO,30/07/2024,09:45:07,51561.95,51561.45,120,51569.15,15,225,1015500
BANKNIFTY-I.NFO,30/07/2024,09:45:08,51572.2,51564.2,30,51572.25,30,450,1015500
BANKNIFTY-I.NFO,30/07/2024,09:45:10,51566.75,51560.6,135,51570.45,15,420,1015500
BANKNIFTY-I.NFO,30/07/2024,09:45:11,51554.15,51551.15,45,51555,15,825,1015500
BANKNIFTY-I.NFO,30/07/2024,09:45:13,51546.3,51540,15,51548.05,135,300,1015500
BANKNIFTY-I.NFO,30/07/2024,09:45:14,51544.2,51533.05,75,51544.2,135,105,1015500
BANKNIFTY-I.NFO,30/07/2024,09:45:16,51532.1,51525.85,90,51535.8,120,120,1015500
BANKNIFTY-I.NFO,30/07/2024,09:45:18,51535.9,51525.9,15,51535.7,150,135,1015500
BANKNIFTY-I.NFO,30/07/2024,09:45:19,51535.9,51527.3,15,51537.9,135,0,1015500
BANKNIFTY-I.NFO,30/07/2024,09:45:21,51534.8,51528,15,51535.9,90,60,1015500
BANKNIFTY-I.NFO,30/07/2024,09:45:23,51527,51530,15,51535.9,75,30,1015500
BANKNIFTY-I.NFO,30/07/2024,09:45:24,51530.95,51531.35,90,51535.9,45,135,1015500
BANKNIFTY-I.NFO,30/07/2024,09:45:26,51530.95,51532.85,15,51535.9,45,0,1015500
BANKNIFTY-I.NFO,30/07/2024,09:45:28,51539.1,51538.6,90,51547.45,45,75,1015500
BANKNIFTY-I.NFO,30/07/2024,09:45:29,51535.9,51527,15,51534.8,15,45,1015500
BANKNIFTY-I.NFO,30/07/2024,09:45:31,51522.9,51520,30,51525,15,270,1015500
BANKNIFTY-I.NFO,30/07/2024,09:45:33,51517.3,51515,15,51519.95,135,30,1015500
BANKNIFTY-I.NFO,30/07/2024,09:45:34,51511.15,51511.35,15,51520,15,120,1015500
BANKNIFTY-I.NFO,30/07/2024,09:45:36,51510,51511.35,15,51517.5,135,30,1015500
BANKNIFTY-I.NFO,30/07/2024,09:45:38,51519.95,51512.05,15,51520,15,60,1015500
BANKNIFTY-I.NFO,30/07/2024,09:45:39,51516,51516.65,15,51526.35,135,90,1014990
BANKNIFTY-I.NFO,30/07/2024,09:45:41,51527.1,51521.5,15,51527.6,135,45,1014990
BANKNIFTY-I.NFO,30/07/2024,09:45:43,51526.75,51518.95,60,51529.45,120,150,1014990
BANKNIFTY-I.NFO,30/07/2024,09:45:44,51525.15,51516.45,15,51525.1,135,210,1014990
BANKNIFTY-I.NFO,30/07/2024,09:45:46,51522.85,51523.2,15,51531.9,15,15,1014990
BANKNIFTY-I.NFO,30/07/2024,09:45:48,51523.2,51528.8,15,51530,30,30,1014990
BANKNIFTY-I.NFO,30/07/2024,09:45:49,51527.05,51529.45,30,51534.8,15,45,1014990
BANKNIFTY-I.NFO,30/07/2024,09:45:51,51528,51527.85,30,51530,45,15,1014990
BANKNIFTY-I.NFO,30/07/2024,09:45:53,51538,51534.8,150,51538,15,195,1014990
BANKNIFTY-I.NFO,30/07/2024,09:45:54,51534.85,51534.8,150,51537.45,30,15,1014990
BANKNIFTY-I.NFO,30/07/2024,09:45:56,51530,51526.15,60,51535.7,15,165,1014990
BANKNIFTY-I.NFO,30/07/2024,09:45:58,51530,51525.15,15,51532.85,90,0,1014990
BANKNIFTY-I.NFO,30/07/2024,09:45:59,51523.2,51517.5,75,51525.05,15,30,1014990
BANKNIFTY-I.NFO,30/07/2024,09:46:01,51515,51515,15,51521.45,15,120,1014990
BANKNIFTY-I.NFO,30/07/2024,09:46:03,51512.1,51512.55,15,51521.2,15,135,1014990
BANKNIFTY-I.NFO,30/07/2024,09:46:04,51512.1,51511.05,45,51520.35,30,0,1014990
BANKNIFTY-I.NFO,30/07/2024,09:46:06,51512.1,51517.35,15,51526.45,15,0,1014990
BANKNIFTY-I.NFO,30/07/2024,09:46:08,51528.15,51519.25,120,51528.05,45,150,1014990
BANKNIFTY-I.NFO,30/07/2024,09:46:09,51528.15,51520,15,51528.4,30,0,1014990
BANKNIFTY-I.NFO,30/07/2024,09:46:11,51526.7,51518,120,51527.15,45,150,1014990
BANKNIFTY-I.NFO,30/07/2024,09:46:13,51526.95,51518.55,15,51525.9,60,105,1014990
BANKNIFTY-I.NFO,30/07/2024,09:46:14,51525.4,51518.95,135,51528,15,15,1014990
BANKNIFTY-I.NFO,30/07/2024,09:46:16,51519,51518.95,15,51525,105,120,1014990
BANKNIFTY-I.NFO,30/07/2024,09:46:18,51515.4,51515.55,105,51519.05,15,15,1014990
BANKNIFTY-I.NFO,30/07/2024,09:46:19,51519.9,51513,15,51518.85,30,60,1014990
BANKNIFTY-I.NFO,30/07/2024,09:46:21,51515,51513,15,51519.6,30,150,1014990
BANKNIFTY-I.NFO,30/07/2024,09:46:23,51519.85,51513.05,15,51522.2,90,15,1014990
BANKNIFTY-I.NFO,30/07/2024,09:46:24,51525,51518.85,75,51525,90,15,1014990
BANKNIFTY-I.NFO,30/07/2024,09:46:26,51519.85,51518.85,75,51524.75,30,15,1014990
BANKNIFTY-I.NFO,30/07/2024,09:46:28,51518.85,51519.15,120,51522,15,15,1014990
BANKNIFTY-I.NFO,30/07/2024,09:46:29,51522,51520.6,15,51522.35,45,15,1014990
BANKNIFTY-I.NFO,30/07/2024,09:46:31,51519.45,51515.85,120,51525,150,135,1014990
BANKNIFTY-I.NFO,30/07/2024,09:46:33,51524.95,51518.2,120,51525,120,15,1014990
BANKNIFTY-I.NFO,30/07/2024,09:46:34,51524.95,51520,15,51522,15,0,1014990
BANKNIFTY-I.NFO,30/07/2024,09:46:36,51520,51515.65,15,51521.65,30,165,1014990
BANKNIFTY-I.NFO,30/07/2024,09:46:37,51520,51519.8,30,51527.4,30,0,1014990
BANKNIFTY-I.NFO,30/07/2024,09:46:39,51520,51519.85,45,51528.45,30,0,1014990
BANKNIFTY-I.NFO,30/07/2024,09:46:41,51519.85,51519.85,30,51524.95,30,15,1014990
BANKNIFTY-I.NFO,30/07/2024,09:46:42,51516,51515.65,15,51515.85,14985,75,1014990
BANKNIFTY-I.NFO,30/07/2024,09:46:44,51515.85,51511,15,51515.55,15,135,1014990
BANKNIFTY-I.NFO,30/07/2024,09:46:46,51515.8,51511,15,51515.8,15,15,1014990
BANKNIFTY-I.NFO,30/07/2024,09:46:47,51510,51507,15,51510.3,15,60,1014990
BANKNIFTY-I.NFO,30/07/2024,09:46:49,51511.7,51507,30,51513.55,15,15,1014990
BANKNIFTY-I.NFO,30/07/2024,09:46:50,51511.7,51507,30,51514.2,15,0,1014990
BANKNIFTY-I.NFO,30/07/2024,09:46:52,51507,51505.65,120,51511.7,15,30,1014990
BANKNIFTY-I.NFO,30/07/2024,09:46:53,51507.2,51507.45,120,51511.7,15,15,1014990
BANKNIFTY-I.NFO,30/07/2024,09:46:55,51507.2,51507.9,120,51511.7,15,0,1014990
BANKNIFTY-I.NFO,30/07/2024,09:46:57,51515.25,51515.1,90,51515.85,14775,225,1014990
BANKNIFTY-I.NFO,30/07/2024,09:46:58,51512.1,51511.7,15,51515.85,14775,435,1014990
BANKNIFTY-I.NFO,30/07/2024,09:47:00,51515.85,51515.6,15,51515.85,14700,75,1014990
BANKNIFTY-I.NFO,30/07/2024,09:47:02,51515.85,51511.7,15,51515.85,14685,15,1014990
BANKNIFTY-I.NFO,30/07/2024,09:47:03,51515.85,51511.7,15,51515.05,15,90,1014990
BANKNIFTY-I.NFO,30/07/2024,09:47:05,51512.5,51511.75,15,51514,300,30,1014990
BANKNIFTY-I.NFO,30/07/2024,09:47:06,51515.85,51517.15,15,51524.9,60,15030,1014990
BANKNIFTY-I.NFO,30/07/2024,09:47:08,51524.75,51513.35,15,51521.55,15,300,1014990
BANKNIFTY-I.NFO,30/07/2024,09:47:10,51524.75,51514.95,15,51522.35,45,0,1014990
BANKNIFTY-I.NFO,30/07/2024,09:47:11,51525,51521.05,105,51530,15,75,1014990
BANKNIFTY-I.NFO,30/07/2024,09:47:13,51525,51521.05,15,51528.65,45,0,1014990
BANKNIFTY-I.NFO,30/07/2024,09:47:14,51525,51521.05,15,51527.3,45,0,1014990
BANKNIFTY-I.NFO,30/07/2024,09:47:16,51521.05,51515,165,51520.4,15,15,1014990
BANKNIFTY-I.NFO,30/07/2024,09:47:18,51521.05,51515,165,51520.05,45,0,1014990
BANKNIFTY-I.NFO,30/07/2024,09:47:19,51521.05,51515,165,51519.9,15,0,1014990
BANKNIFTY-I.NFO,30/07/2024,09:47:21,51521.05,51517.4,90,51523.8,15,0,1014990
BANKNIFTY-I.NFO,30/07/2024,09:47:22,51521.05,51521.25,45,51525,30,0,1014990
BANKNIFTY-I.NFO,30/07/2024,09:47:24,51521.05,51515.2,90,51522.7,45,0,1014990
BANKNIFTY-I.NFO,30/07/2024,09:47:26,51521.6,51515,15,51521.2,15,225,1014990
BANKNIFTY-I.NFO,30/07/2024,09:47:27,51516.85,51512,15,51519.65,15,90,1014990
BANKNIFTY-I.NFO,30/07/2024,09:47:29,51516.85,51512,15,51517.05,30,0,1014990
BANKNIFTY-I.NFO,30/07/2024,09:47:30,51508,51505,30,51509.5,30,90,1014990
BANKNIFTY-I.NFO,30/07/2024,09:47:32,51509.5,51506.05,15,51513.1,15,30,1014990
BANKNIFTY-I.NFO,30/07/2024,09:47:34,51509.5,51506.05,15,51514.45,45,0,1014990
BANKNIFTY-I.NFO,30/07/2024,09:47:35,51509.5,51513,15,51517.65,15,0,1014990
BANKNIFTY-I.NFO,30/07/2024,09:47:37,51518.65,51513,30,51514.45,15,15,1014990
BANKNIFTY-I.NFO,30/07/2024,09:47:39,51518.65,51513,30,51514.45,15,0,1014990
BANKNIFTY-I.NFO,30/07/2024,09:47:40,51514.45,51513,15,51519.6,15,15,1014990
BANKNIFTY-I.NFO,30/07/2024,09:47:42,51519.15,51516.3,15,51519.6,15,45,1014990
BANKNIFTY-I.NFO,30/07/2024,09:47:43,51516.45,51509,15,51516.25,15,105,1014990
BANKNIFTY-I.NFO,30/07/2024,09:47:45,51509.5,51509,30,51516.65,15,75,1014990
BANKNIFTY-I.NFO,30/07/2024,09:47:47,51509.5,51509,15,51513.45,15,0,1014990
BANKNIFTY-I.NFO,30/07/2024,09:47:48,51509.5,51509,45,51517.45,15,0,1014990
BANKNIFTY-I.NFO,30/07/2024,09:47:50,51509.5,51509,15,51512.95,45,0,1014990
BANKNIFTY-I.NFO,30/07/2024,09:47:51,51509,51506,15,51513.65,15,15,1014990
BANKNIFTY-I.NFO,30/07/2024,09:47:53,51509,51506,15,51509.35,60,0,1014990
BANKNIFTY-I.NFO,30/07/2024,09:47:54,51512.05,51506,15,51512.1,135,15,1014990
BANKNIFTY-I.NFO,30/07/2024,09:47:56,51512.05,51506.05,90,51514.5,15,0,1014990
BANKNIFTY-I.NFO,30/07/2024,09:47:57,51507.55,51506.85,15,51512.05,15,150,1014990
BANKNIFTY-I.NFO,30/07/2024,09:47:59,51507.55,51509,15,51512.05,15,0,1014990
BANKNIFTY-I.NFO,30/07/2024,09:48:01,51512,51512.2,15,51520.55,15,180,1014990
BANKNIFTY-I.NFO,30/07/2024,09:48:02,51512,51510.2,15,51519.35,30,0,1014990
BANKNIFTY-I.NFO,30/07/2024,09:48:04,51510.2,51509,30,51517.15,15,15,1014990
BANKNIFTY-I.NFO,30/07/2024,09:48:05,51520.45,51513.1,15,51519.6,45,30,1014990
BANKNIFTY-I.NFO,30/07/2024,09:48:07,51519.35,51513.1,15,51520.8,15,15,1014990
BANKNIFTY-I.NFO,30/07/2024,09:48:09,51516.05,51509,15,51516.1,120,120,1014990
BANKNIFTY-I.NFO,30/07/2024,09:48:10,51510.2,51506,15,51511.65,45,60,1014990
BANKNIFTY-I.NFO,30/07/2024,09:48:12,51510.35,51506,15,51512.95,15,15,1014990
BANKNIFTY-I.NFO,30/07/2024,09:48:13,51505,51504.5,15,51505,30,90,1014990
BANKNIFTY-I.NFO,30/07/2024,09:48:15,51505,51504.05,15,51509.15,120,45,1014990
BANKNIFTY-I.NFO,30/07/2024,09:48:16,51475,51475.4,15,51482.7,30,1920,1014990
BANKNIFTY-I.NFO,30/07/2024,09:48:18,51457.9,51457.45,30,51458.4,15,135,1014990
BANKNIFTY-I.NFO,30/07/2024,09:48:20,51441,51431.05,45,51439.5,15,825,1014990
BANKNIFTY-I.NFO,30/07/2024,09:48:21,51438.65,51434.6,15,51444.55,120,300,1014990
BANKNIFTY-I.NFO,30/07/2024,09:48:23,51426.9,51420,45,51426.9,120,180,1014990
BANKNIFTY-I.NFO,30/07/2024,09:48:25,51449.15,51436.15,15,51445.15,120,45,1014990
BANKNIFTY-I.NFO,30/07/2024,09:48:26,51438.95,51426.35,165,51436.9,120,60,1014990
BANKNIFTY-I.NFO,30/07/2024,09:48:28,51425,51422.95,15,51433.45,135,15,1014990
BANKNIFTY-I.NFO,30/07/2024,09:48:30,51390,51391.1,600,51395.6,15,3105,1014990
BANKNIFTY-I.NFO,30/07/2024,09:48:31,51343.9,51343.85,15,51343.9,150,4950,1014990
BANKNIFTY-I.NFO,30/07/2024,09:48:33,51310.65,51310.95,30,51317.45,210,2235,1014990
BANKNIFTY-I.NFO,30/07/2024,09:48:35,51317.15,51318.55,15,51329.25,120,1845,1014990
BANKNIFTY-I.NFO,30/07/2024,09:48:36,51339.65,51338.1,30,51342.55,75,1185,1014990
BANKNIFTY-I.NFO,30/07/2024,09:48:38,51354.65,51347.15,15,51354.9,15,465,1014990
BANKNIFTY-I.NFO,30/07/2024,09:48:40,51358,51354.95,15,51362.45,120,195,1014990
BANKNIFTY-I.NFO,30/07/2024,09:48:41,51374.1,51370.1,75,51380.2,150,330,1017330
BANKNIFTY-I.NFO,30/07/2024,09:48:43,51371.2,51380.2,45,51386.4,15,675,1017330
BANKNIFTY-I.NFO,30/07/2024,09:48:45,51402.9,51401.6,15,51410.5,30,180,1017330
BANKNIFTY-I.NFO,30/07/2024,09:48:46,51405.85,51390.05,15,51398.25,15,630,1017330
BANKNIFTY-I.NFO,30/07/2024,09:48:48,51389.25,51389.65,15,51393.05,45,525,1017330
BANKNIFTY-I.NFO,30/07/2024,09:48:50,51386.35,51380.25,150,51387.2,120,120,1017330
BANKNIFTY-I.NFO,30/07/2024,09:48:51,51380.6,51372.65,45,51382.75,120,300,1017330
BANKNIFTY-I.NFO,30/07/2024,09:48:53,51363.05,51361.65,45,51368.25,45,180,1017330
BANKNIFTY-I.NFO,30/07/2024,09:48:55,51363.35,51352.9,15,51362.55,105,390,1017330
BANKNIFTY-I.NFO,30/07/2024,09:48:56,51361.35,51350.05,15,51357.85,60,180,1017330
BANKNIFTY-I.NFO,30/07/2024,09:48:58,51357.55,51354.4,15,51363.2,15,75,1017330
BANKNIFTY-I.NFO,30/07/2024,09:49:00,51349.15,51345.4,915,51348.95,75,975,1017330
BANKNIFTY-I.NFO,30/07/2024,09:49:01,51342.5,51333.15,120,51342.6,15,1980,1017330
BANKNIFTY-I.NFO,30/07/2024,09:49:03,51338.4,51338.95,15,51349.85,15,195,1017330
