Ticker,Date,Time,LTP,BuyPrice,BuyQty,SellPrice,SellQty,LTQ,OpenInterest
NIFTY-I.NFO,30/07/2024,09:15:00,24870,24862.3,100,24870,5425,2800,14328600
NIFTY-I.NFO,30/07/2024,09:15:00,24870,24862.3,100,24870,5425,0,14328600
NIFTY-I.NFO,30/07/2024,09:15:00,24870,24862.3,100,24870,5425,0,14328600
NIFTY-I.NFO,30/07/2024,09:15:00,24860.35,24862.3,100,24870,5425,0,14328600
NIFTY-I.NFO,30/07/2024,09:15:01,24890,24876.9,100,24889.95,75,8775,14328600
NIFTY-I.NFO,30/07/2024,09:15:01,24890,24876.9,100,24889.95,75,0,14328600
NIFTY-I.NFO,30/07/2024,09:15:02,24889.5,24879.7,200,24889.5,75,1475,14328600
NIFTY-I.NFO,30/07/2024,09:15:04,24871.45,24871.45,50,24873,25,1950,14328600
NIFTY-I.NFO,30/07/2024,09:15:05,24879.7,24871.75,100,24879.7,75,6425,14328600
NIFTY-I.NFO,30/07/2024,09:15:07,24871.35,24874.05,100,24883.65,150,7225,14328600
NIFTY-I.NFO,30/07/2024,09:15:08,24870.1,24866.5,25,24873.45,100,2075,14328600
NIFTY-I.NFO,30/07/2024,09:15:10,24864.7,24864.85,25,24866.65,50,2725,14328600
NIFTY-I.NFO,30/07/2024,09:15:11,24860.95,24860.2,100,24865,50,2950,14328600
NIFTY-I.NFO,30/07/2024,09:15:11,24860.05,24860.2,100,24865,50,0,14328600
NIFTY-I.NFO,30/07/2024,09:15:13,24858.45,24858.75,75,24864.15,100,875,14328600
NIFTY-I.NFO,30/07/2024,09:15:13,24856,24858.75,75,24864.15,100,0,14328600
NIFTY-I.NFO,30/07/2024,09:15:14,24857.55,24854.8,100,24857.55,25,4675,14328600
NIFTY-I.NFO,30/07/2024,09:15:14,24852.15,24854.8,100,24857.55,25,0,14328600
NIFTY-I.NFO,30/07/2024,09:15:16,24852.65,24852.2,25,24855.95,150,5700,14328600
NIFTY-I.NFO,30/07/2024,09:15:18,24853,24853.3,25,24858.75,25,3825,14328600
NIFTY-I.NFO,30/07/2024,09:15:18,24850,24853.3,25,24858.75,25,0,14328600
NIFTY-I.NFO,30/07/2024,09:15:19,24858.55,24852.8,100,24858.55,25,5900,14328600
NIFTY-I.NFO,30/07/2024,09:15:21,24855.5,24855,100,24859.2,50,2975,14328600
NIFTY-I.NFO,30/07/2024,09:15:23,24859.5,24855.65,100,24859.5,50,2975,14328600
NIFTY-I.NFO,30/07/2024,09:15:24,24853.5,24852.3,25,24854.6,100,4550,14328600
NIFTY-I.NFO,30/07/2024,09:15:26,24857.7,24854.75,50,24857.7,375,2175,14328600
NIFTY-I.NFO,30/07/2024,09:15:27,24862.25,24857.85,100,24862.5,250,2250,14328600
NIFTY-I.NFO,30/07/2024,09:15:29,24860,24858.65,25,24863.55,100,1975,14328600
NIFTY-I.NFO,30/07/2024,09:15:31,24855,24854.6,650,24857.95,25,5125,14328600
NIFTY-I.NFO,30/07/2024,09:15:32,24854.6,24850.45,25,24854.1,175,7375,14328600
NIFTY-I.NFO,30/07/2024,09:15:34,24852,24851.6,50,24852,100,2225,14328600
NIFTY-I.NFO,30/07/2024,09:15:36,24851.75,24851.7,50,24855.55,25,3025,14328600
NIFTY-I.NFO,30/07/2024,09:15:37,24864.45,24858.75,100,24860.95,175,4625,14328600
NIFTY-I.NFO,30/07/2024,09:15:39,24855.95,24856.15,25,24858.25,150,4375,14328600
NIFTY-I.NFO,30/07/2024,09:15:40,24855.85,24856.3,25,24860.5,100,5900,14321975
NIFTY-I.NFO,30/07/2024,09:15:42,24859.95,24860.1,25,24860.3,25,5400,14321975
NIFTY-I.NFO,30/07/2024,09:15:44,24859.5,24858.3,50,24859,125,3725,14321975
NIFTY-I.NFO,30/07/2024,09:15:45,24859.9,24857.6,25,24858.25,200,3075,14321975
NIFTY-I.NFO,30/07/2024,09:15:47,24862,24859.05,100,24864.4,25,6000,14321975
NIFTY-I.NFO,30/07/2024,09:15:49,24866.45,24862.75,50,24866.5,150,1000,14321975
NIFTY-I.NFO,30/07/2024,09:15:50,24864.1,24864.2,150,24868.55,25,900,14321975
NIFTY-I.NFO,30/07/2024,09:15:52,24870,24865.9,100,24870,150,4725,14321975
NIFTY-I.NFO,30/07/2024,09:15:54,24869.8,24865.8,25,24869.8,100,1750,14321975
NIFTY-I.NFO,30/07/2024,09:15:55,24869.45,24866.2,25,24869.45,75,2125,14321975
NIFTY-I.NFO,30/07/2024,09:15:57,24869.8,24869.3,25,24869.8,75,3350,14321975
NIFTY-I.NFO,30/07/2024,09:15:59,24872.3,24869.95,25,24872.95,250,4700,14321975
NIFTY-I.NFO,30/07/2024,09:16:00,24874.7,24871.05,25,24874.7,25,2950,14321975
NIFTY-I.NFO,30/07/2024,09:16:02,24871.1,24871.9,25,24875.15,150,3050,14321975
NIFTY-I.NFO,30/07/2024,09:16:04,24876.5,24873.35,25,24876.7,25,3775,14321975
NIFTY-I.NFO,30/07/2024,09:16:05,24877,24876.95,25,24878.8,25,2950,14321975
NIFTY-I.NFO,30/07/2024,09:16:07,24880,24877.9,25,24880,350,1900,14321975
NIFTY-I.NFO,30/07/2024,09:16:08,24882.2,24882.4,25,24884.25,50,2000,14321975
NIFTY-I.NFO,30/07/2024,09:16:10,24884,24883.95,25,24884.5,150,3400,14321975
NIFTY-I.NFO,30/07/2024,09:16:12,24887.1,24884.7,25,24887.1,100,3525,14321975
NIFTY-I.NFO,30/07/2024,09:16:13,24888.35,24886.95,25,24888.35,150,3675,14321975
NIFTY-I.NFO,30/07/2024,09:16:15,24888.75,24886.15,25,24888.15,125,2150,14321975
NIFTY-I.NFO,30/07/2024,09:16:17,24881.15,24881.15,25,24882,125,5325,14321975
NIFTY-I.NFO,30/07/2024,09:16:18,24879,24878.15,25,24879.45,300,4250,14321975
NIFTY-I.NFO,30/07/2024,09:16:20,24880,24877.95,100,24880,125,2500,14321975
NIFTY-I.NFO,30/07/2024,09:16:22,24880.35,24880.6,275,24883.35,100,775,14321975
NIFTY-I.NFO,30/07/2024,09:16:23,24885,24883.5,25,24885,125,2450,14321975
NIFTY-I.NFO,30/07/2024,09:16:25,24884.2,24884.15,300,24887.1,25,2125,14321975
NIFTY-I.NFO,30/07/2024,09:16:26,24883,24882.25,25,24884.6,425,975,14321975
NIFTY-I.NFO,30/07/2024,09:16:28,24882.75,24883.8,25,24886.65,250,850,14321975
NIFTY-I.NFO,30/07/2024,09:16:30,24884,24883.95,25,24885.2,25,1200,14321975
NIFTY-I.NFO,30/07/2024,09:16:31,24885.9,24885.85,50,24886.65,25,2700,14321975
NIFTY-I.NFO,30/07/2024,09:16:33,24891,24889.2,100,24891.95,25,1975,14321975
NIFTY-I.NFO,30/07/2024,09:16:33,24891,24889.2,100,24891.95,25,0,14321975
NIFTY-I.NFO,30/07/2024,09:16:35,24889.75,24890.1,25,24891.8,50,775,14321975
NIFTY-I.NFO,30/07/2024,09:16:35,24892.65,24890.1,25,24891.8,50,0,14321975
NIFTY-I.NFO,30/07/2024,09:16:36,24890.95,24888.5,25,24890.95,25,525,14321975
NIFTY-I.NFO,30/07/2024,09:16:38,24890,24890,3525,24890.95,25,4025,14321975
NIFTY-I.NFO,30/07/2024,09:16:39,24889.1,24884.2,25,24889.35,25,6875,14321975
NIFTY-I.NFO,30/07/2024,09:16:41,24888,24886.9,25,24888.95,350,175,14321975
NIFTY-I.NFO,30/07/2024,09:16:43,24889.5,24889.7,25,24891.4,300,2575,14321975
NIFTY-I.NFO,30/07/2024,09:16:44,24890.3,24890.55,25,24892.35,150,1375,14321975
NIFTY-I.NFO,30/07/2024,09:16:46,24891.65,24891.7,25,24894.05,25,1425,14321975
NIFTY-I.NFO,30/07/2024,09:16:46,24894.15,24891.7,25,24894.05,25,0,14321975
NIFTY-I.NFO,30/07/2024,09:16:47,24894.9,24892.55,25,24894.9,50,1300,14321975
NIFTY-I.NFO,30/07/2024,09:16:47,24894.9,24892.55,25,24894.9,50,0,14321975
NIFTY-I.NFO,30/07/2024,09:16:49,24895.4,24896.65,50,24898,50,750,14321975
NIFTY-I.NFO,30/07/2024,09:16:49,24896.25,24896.65,50,24898,50,0,14321975
NIFTY-I.NFO,30/07/2024,09:16:51,24898.5,24897.05,25,24898.9,125,850,14321975
NIFTY-I.NFO,30/07/2024,09:16:51,24898.75,24897.05,25,24898.9,125,0,14321975
NIFTY-I.NFO,30/07/2024,09:16:52,24899,24898.3,25,24899.9,350,1100,14321975
NIFTY-I.NFO,30/07/2024,09:16:52,24899,24898.3,25,24899.9,350,0,14321975
NIFTY-I.NFO,30/07/2024,09:16:54,24898.6,24898.6,25,24899.95,100,350,14321975
NIFTY-I.NFO,30/07/2024,09:16:54,24899.75,24898.6,25,24899.95,100,0,14321975
NIFTY-I.NFO,30/07/2024,09:16:55,24894.25,24897.3,25,24900,3300,4000,14321975
NIFTY-I.NFO,30/07/2024,09:16:55,24900,24897.3,25,24900,3300,0,14321975
NIFTY-I.NFO,30/07/2024,09:16:57,24897.4,24897.35,25,24898.6,300,400,14321975
NIFTY-I.NFO,30/07/2024,09:16:59,24897.4,24897.4,25,24898.5,75,525,14321975
NIFTY-I.NFO,30/07/2024,09:17:00,24898.9,24898.8,25,24900,2925,2400,14321975
NIFTY-I.NFO,30/07/2024,09:17:02,24898.85,24896,50,24899.15,25,350,14321975
NIFTY-I.NFO,30/07/2024,09:17:03,24895.4,24895.4,25,24898.1,25,775,14321975
NIFTY-I.NFO,30/07/2024,09:17:05,24891.35,24888.05,250,24891.35,25,1050,14321975
NIFTY-I.NFO,30/07/2024,09:17:07,24891.65,24888.15,250,24891.5,150,550,14321975
NIFTY-I.NFO,30/07/2024,09:17:08,24887.1,24886.6,50,24890.15,125,1775,14321975
NIFTY-I.NFO,30/07/2024,09:17:10,24889.5,24886.6,50,24889.5,150,225,14321975
NIFTY-I.NFO,30/07/2024,09:17:11,24887.9,24884,100,24887.95,25,200,14321975
NIFTY-I.NFO,30/07/2024,09:17:13,24883.5,24885,25,24887.35,300,450,14321975
NIFTY-I.NFO,30/07/2024,09:17:14,24883.1,24884,50,24886,100,275,14321975
NIFTY-I.NFO,30/07/2024,09:17:16,24884.9,24881.15,25,24884.9,250,350,14321975
NIFTY-I.NFO,30/07/2024,09:17:18,24881.6,24880.95,25,24884.3,50,300,14321975
NIFTY-I.NFO,30/07/2024,09:17:19,24886,24882.15,25,24886.45,100,950,14321975
NIFTY-I.NFO,30/07/2024,09:17:21,24884.95,24881.7,25,24885.85,125,225,14321975
NIFTY-I.NFO,30/07/2024,09:17:23,24882.7,24882.4,25,24885.8,25,275,14321975
NIFTY-I.NFO,30/07/2024,09:17:24,24882.05,24882.1,75,24886.9,250,1350,14321975
NIFTY-I.NFO,30/07/2024,09:17:26,24886.7,24882.4,25,24886.7,75,900,14321975
NIFTY-I.NFO,30/07/2024,09:17:28,24882.7,24882.4,25,24885.95,100,200,14321975
NIFTY-I.NFO,30/07/2024,09:17:29,24882.4,24882.4,125,24884.5,75,600,14321975
NIFTY-I.NFO,30/07/2024,09:17:31,24880.15,24880.15,25,24883.6,175,450,14321975
NIFTY-I.NFO,30/07/2024,09:17:33,24880.6,24880.6,775,24881.95,175,1475,14321975
NIFTY-I.NFO,30/07/2024,09:17:34,24880.15,24880,225,24880.55,475,1000,14321975
NIFTY-I.NFO,30/07/2024,09:17:36,24880.05,24880.05,75,24880.1,375,275,14321975
NIFTY-I.NFO,30/07/2024,09:17:38,24880.1,24880.1,50,24880.55,50,450,14321975
NIFTY-I.NFO,30/07/2024,09:17:39,24880.4,24880.25,25,24882.4,25,5275,14321975
NIFTY-I.NFO,30/07/2024,09:17:41,24880.1,24880.1,175,24880.15,25,200,14321975
NIFTY-I.NFO,30/07/2024,09:17:43,24878.5,24878.45,450,24882.85,175,1150,14321975
NIFTY-I.NFO,30/07/2024,09:17:44,24878.85,24880,100,24882,125,650,14321975
NIFTY-I.NFO,30/07/2024,09:17:46,24878.9,24878.8,200,24880,25,3125,14321975
NIFTY-I.NFO,30/07/2024,09:17:48,24881.55,24881.8,125,24884.3,25,400,14321975
NIFTY-I.NFO,30/07/2024,09:17:49,24880.05,24880,25,24883.8,25,875,14321975
NIFTY-I.NFO,30/07/2024,09:17:51,24880.2,24880.15,125,24883.9,200,700,14321975
NIFTY-I.NFO,30/07/2024,09:17:53,24881.85,24881,25,24884.4,150,2675,14321975
NIFTY-I.NFO,30/07/2024,09:17:54,24882.45,24881.6,25,24884.35,25,300,14321975
NIFTY-I.NFO,30/07/2024,09:17:56,24884.4,24881.7,100,24884.05,25,150,14321975
NIFTY-I.NFO,30/07/2024,09:17:58,24881.7,24880.6,25,24883.75,50,100,14321975
NIFTY-I.NFO,30/07/2024,09:17:59,24879.95,24879.85,25,24881.6,25,650,14321975
NIFTY-I.NFO,30/07/2024,09:18:01,24883.75,24881.45,125,24883.8,25,650,14321975
NIFTY-I.NFO,30/07/2024,09:18:03,24883.7,24879.45,25,24883.8,125,1025,14321975
NIFTY-I.NFO,30/07/2024,09:18:05,24884.45,24883.55,75,24884.45,525,200,14321975
NIFTY-I.NFO,30/07/2024,09:18:06,24884.45,24883.8,25,24884,150,300,14321975
NIFTY-I.NFO,30/07/2024,09:18:08,24884.5,24884.5,100,24885,575,1000,14321975
NIFTY-I.NFO,30/07/2024,09:18:10,24887.85,24885.05,25,24887.9,25,700,14321975
NIFTY-I.NFO,30/07/2024,09:18:11,24888.45,24886.6,50,24888.35,25,350,14321975
NIFTY-I.NFO,30/07/2024,09:18:13,24885.65,24885.35,25,24888.35,50,1075,14321975
NIFTY-I.NFO,30/07/2024,09:18:14,24888.3,24887.3,50,24888.35,25,100,14321975
NIFTY-I.NFO,30/07/2024,09:18:16,24887.2,24886.2,100,24888.25,25,275,14321975
NIFTY-I.NFO,30/07/2024,09:18:18,24890,24889.6,125,24890,500,1150,14321975
NIFTY-I.NFO,30/07/2024,09:18:19,24891.05,24889.6,25,24890.5,75,1875,14321975
NIFTY-I.NFO,30/07/2024,09:18:21,24891.05,24888.2,250,24891.15,125,1300,14321975
NIFTY-I.NFO,30/07/2024,09:18:23,24888.8,24888.85,25,24891.85,200,650,14321975
NIFTY-I.NFO,30/07/2024,09:18:24,24891.6,24889.05,125,24891.65,25,1000,14321975
NIFTY-I.NFO,30/07/2024,09:18:26,24893.05,24890.7,300,24893.15,125,500,14321975
NIFTY-I.NFO,30/07/2024,09:18:28,24894.65,24893.95,50,24895,125,1275,14321975
NIFTY-I.NFO,30/07/2024,09:18:29,24892,24891.2,100,24892.65,1900,1475,14321975
NIFTY-I.NFO,30/07/2024,09:18:31,24892.65,24892.6,75,24892.65,1675,375,14321975
NIFTY-I.NFO,30/07/2024,09:18:33,24895,24895.4,25,24896.4,150,2225,14321975
NIFTY-I.NFO,30/07/2024,09:18:34,24898.5,24898.85,25,24899,125,1650,14321975
NIFTY-I.NFO,30/07/2024,09:18:36,24896.2,24894.85,25,24897.6,125,1375,14321975
NIFTY-I.NFO,30/07/2024,09:18:38,24896.95,24893.95,25,24896.95,75,2025,14321975
NIFTY-I.NFO,30/07/2024,09:18:39,24894.7,24892.25,25,24894.25,25,850,14321975
NIFTY-I.NFO,30/07/2024,09:18:41,24892.95,24891.85,25,24892.95,125,1275,14332550
NIFTY-I.NFO,30/07/2024,09:18:43,24893.95,24892.5,25,24893.95,25,575,14332550
NIFTY-I.NFO,30/07/2024,09:18:44,24892.5,24891.9,25,24892.2,300,575,14332550
NIFTY-I.NFO,30/07/2024,09:18:46,24892.35,24892.4,25,24894.7,25,825,14332550
NIFTY-I.NFO,30/07/2024,09:18:48,24895.3,24895.3,25,24896.1,25,100,14332550
NIFTY-I.NFO,30/07/2024,09:18:49,24894.75,24894.05,25,24894.75,25,1625,14332550
NIFTY-I.NFO,30/07/2024,09:18:51,24895.3,24892.65,25,24895.15,25,775,14332550
NIFTY-I.NFO,30/07/2024,09:18:53,24892.65,24892.7,25,24894.35,125,1675,14332550
NIFTY-I.NFO,30/07/2024,09:18:54,24890.3,24890.35,25,24893.95,25,2225,14332550
NIFTY-I.NFO,30/07/2024,09:18:56,24893.35,24894.9,75,24895,1500,2175,14332550
NIFTY-I.NFO,30/07/2024,09:18:58,24894.95,24894.9,25,24895,1425,275,14332550
NIFTY-I.NFO,30/07/2024,09:18:59,24896,24896.1,25,24897.4,25,2075,14332550
NIFTY-I.NFO,30/07/2024,09:19:01,24899,24897.7,25,24899,150,200,14332550
NIFTY-I.NFO,30/07/2024,09:19:03,24895.05,24895.5,50,24899,25,1500,14332550
NIFTY-I.NFO,30/07/2024,09:19:04,24898.5,24895.5,25,24898.8,250,225,14332550
NIFTY-I.NFO,30/07/2024,09:19:06,24898.6,24895.85,25,24898.8,225,325,14332550
NIFTY-I.NFO,30/07/2024,09:19:08,24900,24898.25,25,24900,3650,250,14332550
NIFTY-I.NFO,30/07/2024,09:19:09,24894.85,24890.55,25,24894.5,25,3300,14332550
NIFTY-I.NFO,30/07/2024,09:19:11,24893.55,24889.35,150,24893.65,25,2175,14332550
NIFTY-I.NFO,30/07/2024,09:19:13,24895.2,24891,25,24894.8,150,875,14332550
NIFTY-I.NFO,30/07/2024,09:19:14,24897.15,24894.7,125,24897.05,50,400,14332550
NIFTY-I.NFO,30/07/2024,09:19:16,24894.85,24894.85,250,24898.55,175,1050,14332550
NIFTY-I.NFO,30/07/2024,09:19:18,24889.5,24890.4,25,24895.2,50,2725,14332550
NIFTY-I.NFO,30/07/2024,09:19:19,24896.1,24892.45,125,24896.15,25,1475,14332550
NIFTY-I.NFO,30/07/2024,09:19:21,24896.6,24893.5,100,24896.9,50,225,14332550
NIFTY-I.NFO,30/07/2024,09:19:23,24897.55,24894.6,75,24897.55,25,225,14332550
NIFTY-I.NFO,30/07/2024,09:19:24,24895.2,24895.75,25,24898.95,50,150,14332550
NIFTY-I.NFO,30/07/2024,09:19:26,24896,24895.95,25,24898.65,200,150,14332550
NIFTY-I.NFO,30/07/2024,09:19:28,24899,24896,50,24898.95,100,250,14332550
NIFTY-I.NFO,30/07/2024,09:19:29,24898.85,24897.15,150,24898.9,100,150,14332550
NIFTY-I.NFO,30/07/2024,09:19:31,24898.1,24894.6,75,24898.15,75,350,14332550
NIFTY-I.NFO,30/07/2024,09:19:33,24896.5,24894.6,25,24896,100,1100,14332550
NIFTY-I.NFO,30/07/2024,09:19:34,24896.95,24895.25,225,24897.15,25,175,14332550
NIFTY-I.NFO,30/07/2024,09:19:36,24898.7,24895.7,200,24898.9,50,100,14332550
NIFTY-I.NFO,30/07/2024,09:19:38,24896.5,24895.75,125,24896.5,175,150,14332550
NIFTY-I.NFO,30/07/2024,09:19:39,24896.5,24895.7,125,24896.5,50,275,14332550
NIFTY-I.NFO,30/07/2024,09:19:41,24896.55,24896.55,100,24898.6,25,325,14332550
NIFTY-I.NFO,30/07/2024,09:19:43,24899.1,24897.95,25,24899.55,25,375,14332550
NIFTY-I.NFO,30/07/2024,09:19:44,24895.65,24897.65,25,24900,2150,3475,14332550
NIFTY-I.NFO,30/07/2024,09:19:46,24900,24897.8,50,24900,2025,175,14332550
NIFTY-I.NFO,30/07/2024,09:19:48,24898.65,24895.25,100,24898.65,200,475,14332550
NIFTY-I.NFO,30/07/2024,09:19:49,24897,24895.3,100,24897,550,1150,14332550
NIFTY-I.NFO,30/07/2024,09:19:51,24897.5,24895.35,75,24897.5,250,2000,14332550
NIFTY-I.NFO,30/07/2024,09:19:53,24898.65,24897.05,100,24898.15,25,925,14332550
NIFTY-I.NFO,30/07/2024,09:19:54,24899.1,24897.05,50,24899.6,225,125,14332550
NIFTY-I.NFO,30/07/2024,09:19:56,24897.6,24897.55,25,24899.05,50,50,14332550
NIFTY-I.NFO,30/07/2024,09:19:58,24899.5,24897.5,1000,24898.45,25,1125,14332550
NIFTY-I.NFO,30/07/2024,09:19:59,24899,24899.05,825,24899.95,25,800,14332550
NIFTY-I.NFO,30/07/2024,09:20:01,24892.05,24892,50,24895.45,150,6100,14332550
NIFTY-I.NFO,30/07/2024,09:20:03,24892.9,24891.75,50,24896.2,25,8275,14332550
NIFTY-I.NFO,30/07/2024,09:20:04,24892.35,24892.4,50,24896.6,25,325,14332550
NIFTY-I.NFO,30/07/2024,09:20:06,24897.85,24893.65,125,24897.9,25,1475,14332550
NIFTY-I.NFO,30/07/2024,09:20:07,24889.55,24890.45,150,24895.4,50,3575,14332550
NIFTY-I.NFO,30/07/2024,09:20:09,24892.4,24890.2,100,24892.4,475,825,14332550
NIFTY-I.NFO,30/07/2024,09:20:11,24892.35,24891.7,150,24896.95,25,1425,14332550
NIFTY-I.NFO,30/07/2024,09:20:12,24895.8,24890.05,125,24894.55,50,425,14332550
NIFTY-I.NFO,30/07/2024,09:20:14,24896.15,24891.7,125,24896.1,25,175,14332550
NIFTY-I.NFO,30/07/2024,09:20:16,24890.35,24890.4,100,24895,25,150,14332550
NIFTY-I.NFO,30/07/2024,09:20:17,24895.75,24892.85,200,24895.75,50,25,14332550
NIFTY-I.NFO,30/07/2024,09:20:19,24898,24894.95,75,24898.5,50,100,14332550
NIFTY-I.NFO,30/07/2024,09:20:21,24898.5,24895.1,100,24898.55,150,75,14332550
NIFTY-I.NFO,30/07/2024,09:20:23,24894.65,24894.65,50,24898.55,125,350,14332550
NIFTY-I.NFO,30/07/2024,09:20:24,24898.55,24894.75,25,24898.5,25,50,14332550
NIFTY-I.NFO,30/07/2024,09:20:26,24894.75,24894.35,100,24898,350,500,14332550
NIFTY-I.NFO,30/07/2024,09:20:28,24894.35,24892.75,50,24897.55,50,1200,14332550
NIFTY-I.NFO,30/07/2024,09:20:29,24889.05,24889.05,25,24892.8,25,3825,14332550
NIFTY-I.NFO,30/07/2024,09:20:31,24881.75,24881.75,100,24884,1100,7925,14332550
NIFTY-I.NFO,30/07/2024,09:20:33,24882.65,24885,400,24887.65,25,1800,14332550
NIFTY-I.NFO,30/07/2024,09:20:34,24882.2,24882.05,125,24886.3,50,500,14332550
NIFTY-I.NFO,30/07/2024,09:20:36,24881.7,24881.7,75,24886.2,50,925,14332550
NIFTY-I.NFO,30/07/2024,09:20:38,24885,24883.95,25,24887.5,50,850,14332550
NIFTY-I.NFO,30/07/2024,09:20:39,24883.95,24884.45,125,24888.25,50,200,14332550
NIFTY-I.NFO,30/07/2024,09:20:41,24883.25,24882.9,125,24884.45,50,550,14332550
NIFTY-I.NFO,30/07/2024,09:20:43,24888.65,24884.4,25,24888.4,25,725,14332550
NIFTY-I.NFO,30/07/2024,09:20:44,24884.4,24883.4,100,24887.95,50,1100,14332550
NIFTY-I.NFO,30/07/2024,09:20:46,24884.8,24884.75,25,24888.65,250,1125,14332550
NIFTY-I.NFO,30/07/2024,09:20:48,24886.95,24884.3,50,24886.95,25,625,14332550
NIFTY-I.NFO,30/07/2024,09:20:49,24885.05,24885.05,75,24888.65,275,200,14332550
NIFTY-I.NFO,30/07/2024,09:20:51,24888.65,24886.55,100,24890,50,325,14332550
NIFTY-I.NFO,30/07/2024,09:20:53,24890.05,24890.05,25,24892,125,875,14332550
NIFTY-I.NFO,30/07/2024,09:20:54,24889.5,24887.35,25,24889.5,175,1875,14332550
NIFTY-I.NFO,30/07/2024,09:20:56,24887.35,24887.35,50,24888,475,525,14332550
NIFTY-I.NFO,30/07/2024,09:20:58,24887.35,24887.35,25,24888,475,700,14332550
NIFTY-I.NFO,30/07/2024,09:20:59,24886.5,24886.6,225,24890,75,775,14332550
NIFTY-I.NFO,30/07/2024,09:21:01,24890,24888.1,125,24890,25,350,14332550
NIFTY-I.NFO,30/07/2024,09:21:03,24889.05,24888.15,175,24890,50,75,14332550
NIFTY-I.NFO,30/07/2024,09:21:04,24890.7,24888.15,225,24889.95,100,450,14332550
NIFTY-I.NFO,30/07/2024,09:21:06,24888.55,24884.85,100,24888.5,25,700,14332550
NIFTY-I.NFO,30/07/2024,09:21:08,24890,24885.25,100,24889,50,550,14332550
NIFTY-I.NFO,30/07/2024,09:21:09,24884.8,24884.35,125,24884.8,50,300,14332550
NIFTY-I.NFO,30/07/2024,09:21:11,24883.3,24883.1,125,24887.85,25,1050,14332550
NIFTY-I.NFO,30/07/2024,09:21:13,24886.2,24884.05,150,24888.65,25,600,14332550
NIFTY-I.NFO,30/07/2024,09:21:14,24888,24886.1,275,24888,100,400,14332550
NIFTY-I.NFO,30/07/2024,09:21:16,24886.1,24886.1,150,24887.05,50,225,14332550
NIFTY-I.NFO,30/07/2024,09:21:18,24885,24884.3,100,24885,50,350,14332550
NIFTY-I.NFO,30/07/2024,09:21:19,24885.2,24883.7,150,24886.1,500,350,14332550
NIFTY-I.NFO,30/07/2024,09:21:21,24883.35,24883.35,475,24886.1,450,275,14332550
NIFTY-I.NFO,30/07/2024,09:21:23,24883.5,24883.35,25,24884.05,25,675,14332550
NIFTY-I.NFO,30/07/2024,09:21:24,24883.35,24883.1,200,24887.25,50,1325,14332550
NIFTY-I.NFO,30/07/2024,09:21:26,24884.8,24885.1,125,24888,525,200,14332550
NIFTY-I.NFO,30/07/2024,09:21:28,24885.4,24885.4,50,24888,525,325,14332550
NIFTY-I.NFO,30/07/2024,09:21:29,24883.65,24883.95,350,24886.7,50,225,14332550
NIFTY-I.NFO,30/07/2024,09:21:31,24888,24887.95,125,24888,350,375,14332550
NIFTY-I.NFO,30/07/2024,09:21:33,24887.05,24887.3,150,24888.9,75,900,14332550
NIFTY-I.NFO,30/07/2024,09:21:34,24890,24889.8,175,24890.9,100,550,14332550
NIFTY-I.NFO,30/07/2024,09:21:36,24890.9,24889.85,25,24890.9,75,225,14332550
NIFTY-I.NFO,30/07/2024,09:21:38,24890,24889.9,25,24890.15,25,250,14332550
NIFTY-I.NFO,30/07/2024,09:21:39,24893.75,24891,250,24894.7,200,575,14332550
NIFTY-I.NFO,30/07/2024,09:21:41,24888.35,24888,25,24888.35,250,1475,14332550
NIFTY-I.NFO,30/07/2024,09:21:42,24885,24884.6,25,24885,50,1275,14353075
NIFTY-I.NFO,30/07/2024,09:21:44,24884.45,24884.05,100,24884.6,25,425,14353075
NIFTY-I.NFO,30/07/2024,09:21:46,24883.7,24883,50,24883.7,25,250,14353075
NIFTY-I.NFO,30/07/2024,09:21:47,24883,24882.5,25,24883.35,25,50,14353075
NIFTY-I.NFO,30/07/2024,09:21:49,24881.5,24881,100,24883.35,125,175,14353075
NIFTY-I.NFO,30/07/2024,09:21:51,24882.2,24880.2,200,24882.2,25,225,14353075
NIFTY-I.NFO,30/07/2024,09:21:52,24884.75,24881.3,50,24883.1,150,175,14353075
NIFTY-I.NFO,30/07/2024,09:21:54,24880.2,24880.05,25,24881.15,50,775,14353075
NIFTY-I.NFO,30/07/2024,09:21:56,24881.5,24880.45,200,24883.1,125,375,14353075
NIFTY-I.NFO,30/07/2024,09:21:57,24885.35,24883.15,350,24886.4,250,575,14353075
NIFTY-I.NFO,30/07/2024,09:21:59,24885.35,24884.35,350,24886.9,100,75,14353075
NIFTY-I.NFO,30/07/2024,09:22:01,24884.4,24884.35,125,24884.4,75,325,14353075
NIFTY-I.NFO,30/07/2024,09:22:02,24880.75,24880.8,100,24883.85,100,350,14353075
NIFTY-I.NFO,30/07/2024,09:22:04,24880,24880.05,100,24881.5,25,500,14353075
NIFTY-I.NFO,30/07/2024,09:22:06,24881.3,24881.3,425,24884.35,25,1275,14353075
NIFTY-I.NFO,30/07/2024,09:22:07,24883.15,24882.15,200,24883.15,25,175,14353075
NIFTY-I.NFO,30/07/2024,09:22:09,24882.15,24882.2,200,24883.15,25,125,14353075
NIFTY-I.NFO,30/07/2024,09:22:11,24883.15,24882.3,150,24884,1125,200,14353075
NIFTY-I.NFO,30/07/2024,09:22:12,24885.65,24883.8,100,24885.35,125,2675,14353075
NIFTY-I.NFO,30/07/2024,09:22:14,24885.15,24885.2,50,24886.4,100,225,14353075
NIFTY-I.NFO,30/07/2024,09:22:16,24888.65,24885.4,250,24888.6,375,775,14353075
NIFTY-I.NFO,30/07/2024,09:22:17,24886.3,24885.15,200,24887,50,600,14353075
NIFTY-I.NFO,30/07/2024,09:22:19,24887,24887,50,24890,1000,100,14353075
NIFTY-I.NFO,30/07/2024,09:22:21,24887.55,24888.4,125,24889.95,25,175,14353075
NIFTY-I.NFO,30/07/2024,09:22:22,24888.55,24888.55,50,24889.2,50,225,14353075
NIFTY-I.NFO,30/07/2024,09:22:24,24890.9,24889.9,100,24890.9,75,1200,14353075
NIFTY-I.NFO,30/07/2024,09:22:26,24891.95,24890.45,25,24891.95,150,950,14353075
NIFTY-I.NFO,30/07/2024,09:22:27,24887.85,24887.35,100,24889.65,100,75,14353075
NIFTY-I.NFO,30/07/2024,09:22:29,24889.65,24889.25,50,24889.65,50,150,14353075
NIFTY-I.NFO,30/07/2024,09:22:31,24889.2,24889.2,125,24889.45,25,125,14353075
NIFTY-I.NFO,30/07/2024,09:22:32,24889.45,24888.55,25,24889.65,125,175,14353075
NIFTY-I.NFO,30/07/2024,09:22:34,24891.75,24888.55,50,24889.15,100,500,14353075
NIFTY-I.NFO,30/07/2024,09:22:36,24886,24886,300,24888.25,75,575,14353075
NIFTY-I.NFO,30/07/2024,09:22:37,24886,24886.1,100,24887.25,100,75,14353075
NIFTY-I.NFO,30/07/2024,09:22:39,24886.55,24886.1,25,24888.55,150,250,14353075
NIFTY-I.NFO,30/07/2024,09:22:41,24886.1,24886,225,24888.35,50,250,14353075
NIFTY-I.NFO,30/07/2024,09:22:42,24886,24885,50,24886,25,725,14353075
NIFTY-I.NFO,30/07/2024,09:22:44,24883.95,24883.35,100,24883.95,25,150,14353075
NIFTY-I.NFO,30/07/2024,09:22:46,24883,24882.8,100,24883.55,75,50,14353075
NIFTY-I.NFO,30/07/2024,09:22:47,24882.8,24881.5,50,24883.55,25,100,14353075
NIFTY-I.NFO,30/07/2024,09:22:49,24883.05,24883.1,50,24884,150,875,14353075
NIFTY-I.NFO,30/07/2024,09:22:51,24883.8,24881.55,125,24884,150,325,14353075
NIFTY-I.NFO,30/07/2024,09:22:52,24884.7,24884.7,25,24886.4,250,600,14353075
NIFTY-I.NFO,30/07/2024,09:22:54,24886.4,24885,300,24888.2,75,325,14353075
NIFTY-I.NFO,30/07/2024,09:22:56,24886.4,24886.5,125,24888.2,75,75,14353075
NIFTY-I.NFO,30/07/2024,09:22:57,24888.2,24888.6,250,24891.95,200,2400,14353075
NIFTY-I.NFO,30/07/2024,09:22:59,24886,24885.5,250,24888.6,350,125,14353075
NIFTY-I.NFO,30/07/2024,09:23:01,24886.6,24885.55,250,24888.85,250,1050,14353075
NIFTY-I.NFO,30/07/2024,09:23:02,24883.2,24884,125,24885.55,125,625,14353075
NIFTY-I.NFO,30/07/2024,09:23:04,24884,24884,50,24884.4,100,200,14353075
NIFTY-I.NFO,30/07/2024,09:23:06,24882.8,24882.35,75,24884.4,50,175,14353075
NIFTY-I.NFO,30/07/2024,09:23:07,24881.45,24881.4,125,24881.45,150,2825,14353075
NIFTY-I.NFO,30/07/2024,09:23:09,24884,24882,100,24884,100,525,14353075
NIFTY-I.NFO,30/07/2024,09:23:11,24888.6,24882.8,25,24887.1,200,525,14353075
NIFTY-I.NFO,30/07/2024,09:23:12,24883.65,24882.85,25,24883.65,50,175,14353075
NIFTY-I.NFO,30/07/2024,09:23:14,24883.25,24883.85,100,24884.4,1125,75,14353075
NIFTY-I.NFO,30/07/2024,09:23:16,24885.55,24883,50,24885.75,200,1875,14353075
NIFTY-I.NFO,30/07/2024,09:23:17,24882.8,24882.8,25,24883.05,100,225,14353075
NIFTY-I.NFO,30/07/2024,09:23:19,24885,24884.3,875,24885,125,175,14353075
NIFTY-I.NFO,30/07/2024,09:23:21,24884.35,24884.3,825,24885,150,125,14353075
NIFTY-I.NFO,30/07/2024,09:23:22,24884.65,24884.35,225,24885,125,50,14353075
NIFTY-I.NFO,30/07/2024,09:23:24,24889,24886.5,75,24889,75,225,14353075
NIFTY-I.NFO,30/07/2024,09:23:26,24887.25,24888.45,125,24890,150,250,14353075
NIFTY-I.NFO,30/07/2024,09:23:27,24884.3,24884.85,250,24887.45,75,1525,14353075
NIFTY-I.NFO,30/07/2024,09:23:29,24890,24888.35,125,24890,50,925,14353075
NIFTY-I.NFO,30/07/2024,09:23:31,24890.9,24890.05,75,24890.9,100,600,14353075
NIFTY-I.NFO,30/07/2024,09:23:32,24891.25,24888.75,100,24891.25,200,725,14353075
NIFTY-I.NFO,30/07/2024,09:23:34,24889.75,24890.05,50,24892.8,200,250,14353075
NIFTY-I.NFO,30/07/2024,09:23:36,24889.75,24888.4,100,24890,25,650,14353075
NIFTY-I.NFO,30/07/2024,09:23:37,24887.6,24887.65,125,24888.3,150,725,14353075
NIFTY-I.NFO,30/07/2024,09:23:39,24884.35,24884.35,25,24886,175,75,14353075
NIFTY-I.NFO,30/07/2024,09:23:41,24886,24886.3,250,24888,25,425,14353075
NIFTY-I.NFO,30/07/2024,09:23:42,24887.25,24887.55,125,24888,50,200,14353075
NIFTY-I.NFO,30/07/2024,09:23:44,24891.25,24889.2,100,24891.25,1075,250,14353075
NIFTY-I.NFO,30/07/2024,09:23:46,24890,24889.95,25,24891.25,1100,175,14353075
NIFTY-I.NFO,30/07/2024,09:23:47,24891.25,24890,100,24891.25,450,700,14353075
NIFTY-I.NFO,30/07/2024,09:23:49,24890.1,24890,25,24891,350,325,14353075
NIFTY-I.NFO,30/07/2024,09:23:51,24891.25,24890.35,125,24890.65,100,350,14353075
NIFTY-I.NFO,30/07/2024,09:23:52,24891.2,24886.5,25,24891,150,3350,14353075
NIFTY-I.NFO,30/07/2024,09:23:54,24886.8,24886.75,50,24888.4,150,850,14353075
NIFTY-I.NFO,30/07/2024,09:23:56,24891.55,24889.05,50,24891.55,225,550,14353075
NIFTY-I.NFO,30/07/2024,09:23:57,24890.3,24889.1,100,24890.3,50,150,14353075
NIFTY-I.NFO,30/07/2024,09:23:59,24891,24888.55,100,24891,75,275,14353075
NIFTY-I.NFO,30/07/2024,09:24:01,24891,24888.85,25,24891,50,350,14353075
NIFTY-I.NFO,30/07/2024,09:24:02,24891,24889.1,125,24891,50,50,14353075
NIFTY-I.NFO,30/07/2024,09:24:04,24890.7,24887.9,250,24891,325,125,14353075
NIFTY-I.NFO,30/07/2024,09:24:06,24891.7,24888.95,25,24891.95,225,525,14353075
NIFTY-I.NFO,30/07/2024,09:24:07,24889.15,24889,100,24890.6,125,200,14353075
NIFTY-I.NFO,30/07/2024,09:24:09,24889.85,24889,25,24890.6,300,75,14353075
NIFTY-I.NFO,30/07/2024,09:24:11,24888.15,24888.3,175,24889.8,25,75,14353075
NIFTY-I.NFO,30/07/2024,09:24:12,24890.15,24890.05,50,24890.4,100,50,14353075
NIFTY-I.NFO,30/07/2024,09:24:14,24891,24890.85,125,24892,50,550,14353075
NIFTY-I.NFO,30/07/2024,09:24:15,24890.5,24890.05,100,24892,100,1525,14353075
NIFTY-I.NFO,30/07/2024,09:24:17,24892.8,24893.1,125,24893.7,250,350,14353075
NIFTY-I.NFO,30/07/2024,09:24:19,24893.7,24891.05,100,24893.7,75,650,14353075
NIFTY-I.NFO,30/07/2024,09:24:20,24892.8,24892.75,100,24894.8,100,225,14353075
NIFTY-I.NFO,30/07/2024,09:24:22,24893.7,24893,75,24895,175,425,14353075
NIFTY-I.NFO,30/07/2024,09:24:24,24895,24893.35,125,24894.2,125,550,14353075
NIFTY-I.NFO,30/07/2024,09:24:25,24895.05,24895.05,75,24895.5,275,425,14353075
NIFTY-I.NFO,30/07/2024,09:24:27,24895,24895,1300,24895.05,75,100,14353075
NIFTY-I.NFO,30/07/2024,09:24:29,24895.5,24895.45,75,24895.5,100,225,14353075
NIFTY-I.NFO,30/07/2024,09:24:30,24897.25,24897.2,125,24898,25,1050,14353075
NIFTY-I.NFO,30/07/2024,09:24:32,24900.5,24898.4,250,24901,1025,4275,14353075
NIFTY-I.NFO,30/07/2024,09:24:32,24902,24898.4,250,24901,1025,0,14353075
NIFTY-I.NFO,30/07/2024,09:24:34,24897.95,24897.85,100,24901,100,2675,14353075
NIFTY-I.NFO,30/07/2024,09:24:35,24900.5,24898.25,100,24900.5,50,125,14353075
NIFTY-I.NFO,30/07/2024,09:24:37,24901.5,24898.25,25,24901.5,250,400,14353075
NIFTY-I.NFO,30/07/2024,09:24:39,24900.25,24899.95,50,24902,50,750,14353075
NIFTY-I.NFO,30/07/2024,09:24:40,24900,24899.55,125,24899.95,50,200,14353075
NIFTY-I.NFO,30/07/2024,09:24:42,24901,24898.8,125,24899.6,250,550,14353075
NIFTY-I.NFO,30/07/2024,09:24:42,24902.8,24898.8,125,24899.6,250,0,14353075
NIFTY-I.NFO,30/07/2024,09:24:44,24898.3,24896.1,100,24898.8,175,300,14377000
NIFTY-I.NFO,30/07/2024,09:24:45,24896.1,24896,25,24897.55,125,150,14377000
NIFTY-I.NFO,30/07/2024,09:24:47,24897.6,24895.5,100,24897.6,275,175,14377000
NIFTY-I.NFO,30/07/2024,09:24:49,24897.6,24895.65,100,24897.6,75,50,14377000
NIFTY-I.NFO,30/07/2024,09:24:51,24897.6,24895.75,100,24897.6,50,25,14377000
NIFTY-I.NFO,30/07/2024,09:24:52,24898.05,24897.05,125,24898.05,100,475,14377000
NIFTY-I.NFO,30/07/2024,09:24:54,24897.6,24897.9,75,24898,125,25,14377000
NIFTY-I.NFO,30/07/2024,09:24:56,24899.6,24898.85,50,24899.6,100,300,14377000
NIFTY-I.NFO,30/07/2024,09:24:57,24897.3,24898.2,125,24898.95,50,625,14377000
NIFTY-I.NFO,30/07/2024,09:24:59,24902.1,24899.1,350,24901.6,175,525,14377000
NIFTY-I.NFO,30/07/2024,09:25:01,24901.6,24900.25,100,24901.6,200,225,14377000
NIFTY-I.NFO,30/07/2024,09:25:02,24900.95,24900.25,100,24900.95,125,125,14377000
NIFTY-I.NFO,30/07/2024,09:25:04,24901.6,24900.3,100,24901.6,125,1175,14377000
NIFTY-I.NFO,30/07/2024,09:25:06,24902.8,24901.05,250,24902.8,50,1325,14377000
NIFTY-I.NFO,30/07/2024,09:25:07,24903.6,24902.15,100,24903.1,200,350,14377000
NIFTY-I.NFO,30/07/2024,09:25:07,24903.6,24902.15,100,24903.1,200,0,14377000
NIFTY-I.NFO,30/07/2024,09:25:09,24901.95,24902.15,100,24902.6,275,450,14377000
NIFTY-I.NFO,30/07/2024,09:25:11,24900.05,24896.05,25,24900.05,25,9250,14377000
NIFTY-I.NFO,30/07/2024,09:25:12,24895.4,24895.2,225,24895.4,725,1225,14377000
NIFTY-I.NFO,30/07/2024,09:25:14,24895.45,24895.55,25,24899.45,25,2475,14377000
NIFTY-I.NFO,30/07/2024,09:25:16,24897.95,24896.6,125,24897.95,25,450,14377000
NIFTY-I.NFO,30/07/2024,09:25:17,24899.6,24895.6,25,24898.6,50,650,14377000
NIFTY-I.NFO,30/07/2024,09:25:19,24895.6,24895.6,125,24899.5,500,1300,14377000
NIFTY-I.NFO,30/07/2024,09:25:21,24897.1,24897.35,200,24898.55,25,550,14377000
NIFTY-I.NFO,30/07/2024,09:25:22,24897.45,24897.45,100,24898.5,575,325,14377000
NIFTY-I.NFO,30/07/2024,09:25:24,24898.55,24898.05,25,24901,25,825,14377000
NIFTY-I.NFO,30/07/2024,09:25:26,24901,24898.6,200,24901,125,250,14377000
NIFTY-I.NFO,30/07/2024,09:25:27,24897,24898.6,100,24899.45,125,350,14377000
NIFTY-I.NFO,30/07/2024,09:25:29,24897.55,24896,100,24897.55,150,775,14377000
NIFTY-I.NFO,30/07/2024,09:25:31,24896.3,24895.15,275,24897.55,150,450,14377000
NIFTY-I.NFO,30/07/2024,09:25:32,24893.6,24894.5,300,24896.2,100,325,14377000
NIFTY-I.NFO,30/07/2024,09:25:34,24894.5,24893.1,300,24895,25,300,14377000
NIFTY-I.NFO,30/07/2024,09:25:36,24897.6,24893.8,450,24896.6,125,825,14377000
NIFTY-I.NFO,30/07/2024,09:25:37,24893.5,24890.65,550,24894.1,50,200,14377000
NIFTY-I.NFO,30/07/2024,09:25:39,24893.85,24891.8,350,24894.1,100,200,14377000
NIFTY-I.NFO,30/07/2024,09:25:41,24892.85,24891.8,450,24894.35,25,325,14377000
NIFTY-I.NFO,30/07/2024,09:25:42,24890.8,24890.8,250,24893.8,25,750,14377000
NIFTY-I.NFO,30/07/2024,09:25:44,24894.6,24893.8,25,24895.05,25,650,14377000
NIFTY-I.NFO,30/07/2024,09:25:46,24894.2,24894.15,450,24896.6,250,1000,14377000
NIFTY-I.NFO,30/07/2024,09:25:47,24894.6,24894.6,450,24897.4,25,350,14377000
NIFTY-I.NFO,30/07/2024,09:25:49,24895.25,24895.25,450,24897.4,50,350,14377000
NIFTY-I.NFO,30/07/2024,09:25:51,24896.4,24896.55,325,24898,25,400,14377000
NIFTY-I.NFO,30/07/2024,09:25:52,24900.6,24898.05,350,24900.6,375,1350,14377000
NIFTY-I.NFO,30/07/2024,09:25:54,24899.25,24899.25,250,24901.65,125,800,14377000
NIFTY-I.NFO,30/07/2024,09:25:56,24901.65,24899.85,350,24901.65,125,125,14377000
NIFTY-I.NFO,30/07/2024,09:25:57,24901,24899.75,175,24901,175,425,14377000
NIFTY-I.NFO,30/07/2024,09:25:59,24900.4,24900.8,100,24901,125,250,14377000
NIFTY-I.NFO,30/07/2024,09:26:01,24902,24902.9,125,24904.9,1750,1150,14377000
NIFTY-I.NFO,30/07/2024,09:26:01,24903.7,24902.9,125,24904.9,1750,0,14377000
NIFTY-I.NFO,30/07/2024,09:26:02,24901.1,24898.2,125,24901.1,175,2225,14377000
NIFTY-I.NFO,30/07/2024,09:26:04,24899.2,24899.55,75,24900.15,300,625,14377000
NIFTY-I.NFO,30/07/2024,09:26:06,24900.7,24899.95,175,24901.55,150,1050,14377000
NIFTY-I.NFO,30/07/2024,09:26:07,24901.55,24900,100,24901.55,50,600,14377000
NIFTY-I.NFO,30/07/2024,09:26:07,24903.8,24900,100,24901.55,50,0,14377000
NIFTY-I.NFO,30/07/2024,09:26:09,24901.55,24900.05,25,24903.55,25,75,14377000
NIFTY-I.NFO,30/07/2024,09:26:11,24901.55,24901.55,100,24903.7,125,525,14377000
NIFTY-I.NFO,30/07/2024,09:26:11,24904.5,24901.55,100,24903.7,125,0,14377000
NIFTY-I.NFO,30/07/2024,09:26:12,24904.05,24901.6,25,24903,850,525,14377000
NIFTY-I.NFO,30/07/2024,09:26:14,24903.4,24903.4,75,24904,550,1075,14377000
NIFTY-I.NFO,30/07/2024,09:26:16,24903.7,24903.45,25,24904.9,1925,925,14377000
NIFTY-I.NFO,30/07/2024,09:26:17,24904.2,24904.2,200,24904.8,100,475,14377000
NIFTY-I.NFO,30/07/2024,09:26:19,24904.2,24904.15,25,24904.8,175,25,14377000
NIFTY-I.NFO,30/07/2024,09:26:21,24904.8,24904.2,75,24904.5,25,725,14377000
NIFTY-I.NFO,30/07/2024,09:26:21,24904.8,24904.2,75,24904.5,25,0,14377000
NIFTY-I.NFO,30/07/2024,09:26:22,24904.9,24904.25,25,24904.9,1725,300,14377000
NIFTY-I.NFO,30/07/2024,09:26:22,24904.9,24904.25,25,24904.9,1725,0,14377000
NIFTY-I.NFO,30/07/2024,09:26:24,24904.9,24904.25,175,24904.9,1775,100,14377000
NIFTY-I.NFO,30/07/2024,09:26:26,24904.25,24904.25,50,24904.9,1400,475,14377000
NIFTY-I.NFO,30/07/2024,09:26:27,24904.15,24902.6,50,24904.15,225,500,14377000
NIFTY-I.NFO,30/07/2024,09:26:29,24903.6,24903.05,25,24904.15,225,300,14377000
NIFTY-I.NFO,30/07/2024,09:26:31,24904.25,24903.1,25,24904.25,475,425,14377000
NIFTY-I.NFO,30/07/2024,09:26:32,24904.25,24904.2,100,24904.25,325,350,14377000
NIFTY-I.NFO,30/07/2024,09:26:34,24904.9,24904.25,50,24904.9,1450,575,14377000
NIFTY-I.NFO,30/07/2024,09:26:36,24904.6,24904.3,100,24904.6,225,550,14377000
NIFTY-I.NFO,30/07/2024,09:26:37,24904.7,24904.3,25,24904.6,75,1200,14377000
NIFTY-I.NFO,30/07/2024,09:26:39,24904.15,24903,25,24904,100,1250,14377000
NIFTY-I.NFO,30/07/2024,09:26:41,24902.95,24902.45,25,24902.7,125,600,14377000
NIFTY-I.NFO,30/07/2024,09:26:42,24902.4,24902.35,100,24902.4,75,300,14377000
NIFTY-I.NFO,30/07/2024,09:26:44,24904,24902.6,100,24904,50,700,14377000
NIFTY-I.NFO,30/07/2024,09:26:46,24904.9,24903.75,75,24904.9,525,225,14377000
NIFTY-I.NFO,30/07/2024,09:26:47,24904.9,24903.8,50,24904.9,325,475,14377000
NIFTY-I.NFO,30/07/2024,09:26:49,24902.7,24902.05,100,24902.7,200,950,14377000
NIFTY-I.NFO,30/07/2024,09:26:51,24900.35,24900.35,25,24900.4,100,450,14377000
NIFTY-I.NFO,30/07/2024,09:26:52,24902.7,24902.1,75,24902.7,100,400,14377000
NIFTY-I.NFO,30/07/2024,09:26:54,24902.6,24902.85,75,24904,550,150,14377000
NIFTY-I.NFO,30/07/2024,09:26:56,24903.75,24903.7,25,24903.8,25,275,14377000
NIFTY-I.NFO,30/07/2024,09:26:57,24903.65,24902.45,75,24903.65,150,275,14377000
NIFTY-I.NFO,30/07/2024,09:26:59,24903.65,24902.55,100,24903.65,100,875,14377000
NIFTY-I.NFO,30/07/2024,09:27:01,24902.65,24901.25,50,24902.65,225,400,14377000
NIFTY-I.NFO,30/07/2024,09:27:02,24901.25,24900.1,100,24901.45,175,275,14377000
NIFTY-I.NFO,30/07/2024,09:27:04,24901.1,24900.55,50,24901.1,150,500,14377000
NIFTY-I.NFO,30/07/2024,09:27:06,24897.4,24897.45,100,24899.15,150,1825,14377000
NIFTY-I.NFO,30/07/2024,09:27:07,24897.45,24895.6,200,24897.45,125,1250,14377000
NIFTY-I.NFO,30/07/2024,09:27:09,24897.45,24897.4,125,24898.65,250,575,14377000
NIFTY-I.NFO,30/07/2024,09:27:11,24900,24898.9,50,24900.15,75,475,14377000
NIFTY-I.NFO,30/07/2024,09:27:12,24902.05,24901.25,100,24902.15,100,125,14377000
NIFTY-I.NFO,30/07/2024,09:27:14,24901.25,24900.45,100,24901.85,125,550,14377000
NIFTY-I.NFO,30/07/2024,09:27:16,24902.15,24900.8,250,24902.65,25,500,14377000
NIFTY-I.NFO,30/07/2024,09:27:17,24900.85,24901,100,24902.65,375,475,14377000
NIFTY-I.NFO,30/07/2024,09:27:19,24901,24900.3,100,24901,25,725,14377000
NIFTY-I.NFO,30/07/2024,09:27:21,24902.35,24901.3,75,24902.4,375,1275,14377000
NIFTY-I.NFO,30/07/2024,09:27:22,24901.95,24902,350,24903.65,275,575,14377000
NIFTY-I.NFO,30/07/2024,09:27:24,24902.95,24902.85,25,24903.65,100,375,14377000
NIFTY-I.NFO,30/07/2024,09:27:26,24903.75,24903.85,75,24905,475,825,14377000
NIFTY-I.NFO,30/07/2024,09:27:26,24905,24903.85,75,24905,475,0,14377000
NIFTY-I.NFO,30/07/2024,09:27:27,24904.65,24904.4,50,24904.65,150,325,14377000
NIFTY-I.NFO,30/07/2024,09:27:29,24906,24906.4,75,24906.9,100,825,14377000
NIFTY-I.NFO,30/07/2024,09:27:29,24906,24906.4,75,24906.9,100,0,14377000
NIFTY-I.NFO,30/07/2024,09:27:31,24906.4,24906.05,25,24906.1,25,1100,14377000
NIFTY-I.NFO,30/07/2024,09:27:31,24907.95,24906.05,25,24906.1,25,0,14377000
NIFTY-I.NFO,30/07/2024,09:27:32,24904.7,24903.8,100,24904.7,100,825,14377000
NIFTY-I.NFO,30/07/2024,09:27:34,24904.25,24903.85,100,24904.65,150,700,14377000
NIFTY-I.NFO,30/07/2024,09:27:36,24904.65,24903.9,200,24904.65,400,500,14377000
NIFTY-I.NFO,30/07/2024,09:27:37,24907.15,24905.5,100,24907.15,225,700,14377000
NIFTY-I.NFO,30/07/2024,09:27:39,24908.75,24907.3,100,24908.75,200,925,14377000
NIFTY-I.NFO,30/07/2024,09:27:39,24908.75,24907.3,100,24908.75,200,0,14377000
NIFTY-I.NFO,30/07/2024,09:27:41,24907.7,24907.7,50,24908,175,600,14377000
NIFTY-I.NFO,30/07/2024,09:27:42,24905,24904.05,75,24905.05,175,1800,14377000
NIFTY-I.NFO,30/07/2024,09:27:44,24904,24903.95,100,24904.05,400,1075,14409600
NIFTY-I.NFO,30/07/2024,09:27:46,24903.1,24902.3,100,24903.1,300,1550,14409600
NIFTY-I.NFO,30/07/2024,09:27:47,24903.1,24903.05,125,24903.1,50,625,14409600
NIFTY-I.NFO,30/07/2024,09:27:49,24903.75,24902.45,200,24903.75,100,775,14409600
NIFTY-I.NFO,30/07/2024,09:27:51,24904.75,24903.6,150,24904.75,275,625,14409600
NIFTY-I.NFO,30/07/2024,09:27:52,24904.4,24903.6,25,24904.4,125,1150,14409600
NIFTY-I.NFO,30/07/2024,09:27:54,24901.75,24901.3,100,24901.75,175,2750,14409600
NIFTY-I.NFO,30/07/2024,09:27:56,24899.4,24897.35,100,24899.9,225,2700,14409600
NIFTY-I.NFO,30/07/2024,09:27:57,24899.45,24898.2,100,24899.45,350,600,14409600
NIFTY-I.NFO,30/07/2024,09:27:59,24897.65,24895.35,100,24897.65,325,2025,14409600
NIFTY-I.NFO,30/07/2024,09:28:01,24896.7,24892.7,100,24895.55,150,2375,14409600
NIFTY-I.NFO,30/07/2024,09:28:02,24894.75,24893.1,50,24893.95,125,475,14409600
NIFTY-I.NFO,30/07/2024,09:28:04,24890.05,24890.05,75,24892.15,300,2625,14409600
NIFTY-I.NFO,30/07/2024,09:28:06,24894.85,24893.15,250,24894.9,50,1275,14409600
NIFTY-I.NFO,30/07/2024,09:28:07,24895.55,24892.25,100,24895.55,75,825,14409600
NIFTY-I.NFO,30/07/2024,09:28:09,24895.75,24894.8,75,24895.75,25,550,14409600
NIFTY-I.NFO,30/07/2024,09:28:11,24891.6,24891.65,25,24894.5,125,2175,14409600
NIFTY-I.NFO,30/07/2024,09:28:12,24893.4,24890.85,125,24893.4,125,1600,14409600
NIFTY-I.NFO,30/07/2024,09:28:14,24895.55,24893.75,250,24895.8,125,700,14409600
NIFTY-I.NFO,30/07/2024,09:28:15,24896.35,24894.5,75,24896.1,125,1325,14409600
NIFTY-I.NFO,30/07/2024,09:28:17,24894.5,24892.4,250,24896,150,250,14409600
NIFTY-I.NFO,30/07/2024,09:28:19,24896,24894.35,75,24896,25,425,14409600
NIFTY-I.NFO,30/07/2024,09:28:20,24888.9,24889.2,125,24893.2,25,1775,14409600
NIFTY-I.NFO,30/07/2024,09:28:22,24891.2,24887.6,100,24889.4,25,2100,14409600
NIFTY-I.NFO,30/07/2024,09:28:24,24887.6,24887.2,125,24888.5,400,200,14409600
NIFTY-I.NFO,30/07/2024,09:28:25,24887.2,24887.05,25,24887.2,125,325,14409600
NIFTY-I.NFO,30/07/2024,09:28:27,24886.85,24886.1,25,24886.85,25,250,14409600
NIFTY-I.NFO,30/07/2024,09:28:29,24886.1,24886,100,24887.05,25,1125,14409600
NIFTY-I.NFO,30/07/2024,09:28:30,24888,24886.9,75,24888,125,175,14409600
NIFTY-I.NFO,30/07/2024,09:28:32,24890.55,24890.6,25,24892.55,125,825,14409600
NIFTY-I.NFO,30/07/2024,09:28:34,24892.8,24892.15,175,24892.8,75,275,14409600
NIFTY-I.NFO,30/07/2024,09:28:35,24886.7,24886.75,50,24889.95,150,2125,14409600
NIFTY-I.NFO,30/07/2024,09:28:37,24889.95,24886.8,350,24889.95,25,875,14409600
NIFTY-I.NFO,30/07/2024,09:28:39,24888.9,24886.05,125,24888.85,100,475,14409600
NIFTY-I.NFO,30/07/2024,09:28:40,24886.05,24883.45,200,24886.55,150,1325,14409600
NIFTY-I.NFO,30/07/2024,09:28:42,24886.55,24883.5,200,24886.55,450,350,14409600
NIFTY-I.NFO,30/07/2024,09:28:44,24883.65,24884.5,200,24886.55,375,350,14409600
NIFTY-I.NFO,30/07/2024,09:28:45,24885.5,24885.8,200,24886.55,375,125,14409600
NIFTY-I.NFO,30/07/2024,09:28:47,24886.2,24886.3,125,24886.55,200,425,14409600
NIFTY-I.NFO,30/07/2024,09:28:49,24890.05,24888.05,25,24890.05,225,800,14409600
NIFTY-I.NFO,30/07/2024,09:28:50,24888.1,24888.05,150,24890,250,75,14409600
NIFTY-I.NFO,30/07/2024,09:28:52,24888.6,24886.75,100,24888.6,25,450,14409600
NIFTY-I.NFO,30/07/2024,09:28:54,24885.2,24883.95,25,24886,100,375,14409600
NIFTY-I.NFO,30/07/2024,09:28:55,24886.05,24883.9,250,24886.05,400,525,14409600
NIFTY-I.NFO,30/07/2024,09:28:57,24886.15,24884.4,25,24886.2,300,575,14409600
NIFTY-I.NFO,30/07/2024,09:28:59,24884.85,24884.85,50,24886.2,350,100,14409600
NIFTY-I.NFO,30/07/2024,09:29:00,24884.9,24884.9,50,24886.2,375,275,14409600
NIFTY-I.NFO,30/07/2024,09:29:02,24884.95,24884.9,25,24886.2,275,850,14409600
NIFTY-I.NFO,30/07/2024,09:29:04,24885.55,24885.65,25,24886.2,225,175,14409600
NIFTY-I.NFO,30/07/2024,09:29:05,24890,24888.55,150,24890,1100,600,14409600
NIFTY-I.NFO,30/07/2024,09:29:07,24890,24888.85,25,24890,500,675,14409600
NIFTY-I.NFO,30/07/2024,09:29:09,24890,24889.25,100,24890,375,250,14409600
NIFTY-I.NFO,30/07/2024,09:29:10,24892.45,24890.6,100,24892.45,425,875,14409600
NIFTY-I.NFO,30/07/2024,09:29:12,24892.45,24890.95,50,24892.45,275,200,14409600
NIFTY-I.NFO,30/07/2024,09:29:14,24894,24892.15,175,24894,275,600,14409600
NIFTY-I.NFO,30/07/2024,09:29:15,24893.75,24892.6,25,24893.9,200,675,14409600
NIFTY-I.NFO,30/07/2024,09:29:17,24892.6,24892.6,75,24893.55,125,175,14409600
NIFTY-I.NFO,30/07/2024,09:29:19,24893.55,24892.6,100,24893.7,50,275,14409600
NIFTY-I.NFO,30/07/2024,09:29:20,24895,24894.5,100,24896.05,125,300,14409600
NIFTY-I.NFO,30/07/2024,09:29:22,24895.5,24894.5,150,24895.55,400,150,14409600
NIFTY-I.NFO,30/07/2024,09:29:24,24893.85,24892.55,75,24893.9,125,275,14409600
NIFTY-I.NFO,30/07/2024,09:29:26,24893.8,24892.45,100,24893.8,225,250,14409600
NIFTY-I.NFO,30/07/2024,09:29:27,24891.05,24891.05,100,24893.15,125,1225,14409600
NIFTY-I.NFO,30/07/2024,09:29:29,24892.55,24891.1,100,24892.7,225,200,14409600
NIFTY-I.NFO,30/07/2024,09:29:31,24890.5,24890.5,50,24891.55,150,425,14409600
NIFTY-I.NFO,30/07/2024,09:29:32,24892.15,24891.1,100,24891.9,25,600,14409600
NIFTY-I.NFO,30/07/2024,09:29:34,24890.9,24890.1,100,24891.85,50,50,14409600
NIFTY-I.NFO,30/07/2024,09:29:36,24891.05,24891.05,75,24892.6,50,675,14409600
NIFTY-I.NFO,30/07/2024,09:29:37,24891.7,24890.55,250,24892.45,50,2775,14409600
NIFTY-I.NFO,30/07/2024,09:29:39,24893.7,24893.7,25,24893.75,200,375,14409600
NIFTY-I.NFO,30/07/2024,09:29:41,24893.7,24892.15,225,24895,50,300,14409600
NIFTY-I.NFO,30/07/2024,09:29:42,24893.8,24893.75,25,24895.9,350,325,14409600
NIFTY-I.NFO,30/07/2024,09:29:44,24895.9,24894.4,50,24895.9,250,175,14409600
NIFTY-I.NFO,30/07/2024,09:29:45,24895.9,24894.4,100,24895.9,150,100,14409600
NIFTY-I.NFO,30/07/2024,09:29:47,24895.9,24895.2,50,24895.9,100,75,14409600
NIFTY-I.NFO,30/07/2024,09:29:49,24896,24896,50,24896.2,25,400,14409600
NIFTY-I.NFO,30/07/2024,09:29:50,24899.7,24899.75,50,24899.9,25,400,14409600
NIFTY-I.NFO,30/07/2024,09:29:52,24901.15,24900.6,50,24901.15,125,675,14409600
NIFTY-I.NFO,30/07/2024,09:29:54,24900.5,24898.05,75,24899.9,300,250,14409600
NIFTY-I.NFO,30/07/2024,09:29:55,24899.9,24898.1,100,24900,300,175,14409600
NIFTY-I.NFO,30/07/2024,09:29:57,24901.15,24898.15,350,24901.15,125,1950,14409600
NIFTY-I.NFO,30/07/2024,09:29:59,24900.5,24898.7,100,24901,125,175,14409600
NIFTY-I.NFO,30/07/2024,09:30:00,24900.35,24899,100,24901.25,325,350,14409600
NIFTY-I.NFO,30/07/2024,09:30:02,24901.65,24901.3,25,24901.5,250,175,14409600
NIFTY-I.NFO,30/07/2024,09:30:04,24901.3,24900.15,100,24901.35,125,225,14409600
NIFTY-I.NFO,30/07/2024,09:30:05,24900.15,24900.05,25,24902.45,25,1300,14409600
NIFTY-I.NFO,30/07/2024,09:30:07,24900.85,24900.15,25,24901.45,100,200,14409600
NIFTY-I.NFO,30/07/2024,09:30:09,24902.6,24901.5,50,24902.6,100,650,14409600
NIFTY-I.NFO,30/07/2024,09:30:10,24901.95,24901.65,25,24903,150,275,14409600
NIFTY-I.NFO,30/07/2024,09:30:12,24903,24902.6,25,24903,200,100,14409600
NIFTY-I.NFO,30/07/2024,09:30:14,24901.95,24901.35,50,24901.75,50,750,14409600
NIFTY-I.NFO,30/07/2024,09:30:15,24902.05,24902.05,25,24903.45,200,250,14409600
NIFTY-I.NFO,30/07/2024,09:30:17,24901.35,24899.1,75,24900.75,250,400,14409600
NIFTY-I.NFO,30/07/2024,09:30:19,24901.4,24899.9,100,24901.6,150,250,14409600
NIFTY-I.NFO,30/07/2024,09:30:20,24901.9,24900.7,100,24901.9,175,225,14409600
NIFTY-I.NFO,30/07/2024,09:30:22,24899.85,24899.85,50,24902.75,125,500,14409600
NIFTY-I.NFO,30/07/2024,09:30:24,24901.8,24899.75,250,24901.65,150,250,14409600
NIFTY-I.NFO,30/07/2024,09:30:25,24900,24899.75,275,24901.75,125,200,14409600
NIFTY-I.NFO,30/07/2024,09:30:27,24902,24901.4,25,24902.65,425,650,14409600
NIFTY-I.NFO,30/07/2024,09:30:29,24899,24896.55,250,24898.2,350,150,14409600
NIFTY-I.NFO,30/07/2024,09:30:30,24901.4,24898.8,250,24901.75,250,625,14409600
NIFTY-I.NFO,30/07/2024,09:30:32,24901.25,24901.25,250,24903.65,350,175,14409600
NIFTY-I.NFO,30/07/2024,09:30:34,24901.25,24898.1,250,24900.25,300,25,14409600
NIFTY-I.NFO,30/07/2024,09:30:35,24899.25,24898.45,50,24900.25,25,75,14409600
NIFTY-I.NFO,30/07/2024,09:30:37,24902,24898.5,50,24901.25,25,100,14409600
NIFTY-I.NFO,30/07/2024,09:30:39,24899.5,24899.5,25,24902.25,275,50,14409600
NIFTY-I.NFO,30/07/2024,09:30:40,24899.4,24899.4,75,24902,25,1000,14409600
NIFTY-I.NFO,30/07/2024,09:30:42,24902.8,24901.2,25,24903.25,25,175,14409600
NIFTY-I.NFO,30/07/2024,09:30:44,24903.75,24902.05,25,24902.7,150,450,14430275
NIFTY-I.NFO,30/07/2024,09:30:45,24897.4,24898.25,100,24901.6,150,625,14430275
NIFTY-I.NFO,30/07/2024,09:30:47,24900.7,24899.55,100,24900.7,100,50,14430275
NIFTY-I.NFO,30/07/2024,09:30:49,24900.7,24899.55,25,24900.2,150,50,14430275
NIFTY-I.NFO,30/07/2024,09:30:50,24900.2,24899.55,25,24899.7,125,25,14430275
NIFTY-I.NFO,30/07/2024,09:30:52,24900,24899.55,50,24900,400,125,14430275
NIFTY-I.NFO,30/07/2024,09:30:54,24899.55,24899.55,50,24900,375,75,14430275
NIFTY-I.NFO,30/07/2024,09:30:55,24900.75,24900,50,24900.75,300,550,14430275
NIFTY-I.NFO,30/07/2024,09:30:57,24899.5,24899.05,100,24899.5,100,125,14430275
NIFTY-I.NFO,30/07/2024,09:30:59,24901.75,24900.75,200,24903.7,50,225,14430275
NIFTY-I.NFO,30/07/2024,09:31:00,24902.15,24900.75,100,24902.4,125,200,14430275
NIFTY-I.NFO,30/07/2024,09:31:02,24901.75,24899.5,350,24902.4,125,75,14430275
NIFTY-I.NFO,30/07/2024,09:31:04,24902.75,24901.1,25,24903.75,25,875,14430275
NIFTY-I.NFO,30/07/2024,09:31:05,24904,24904.05,25,24906.25,250,3925,14430275
NIFTY-I.NFO,30/07/2024,09:31:07,24904.1,24904.15,25,24906.6,125,100,14430275
NIFTY-I.NFO,30/07/2024,09:31:09,24904.4,24904.15,25,24906,125,150,14430275
NIFTY-I.NFO,30/07/2024,09:31:10,24904.4,24904.15,25,24906.25,250,0,14430275
NIFTY-I.NFO,30/07/2024,09:31:12,24906.25,24904.35,350,24906.25,25,75,14430275
NIFTY-I.NFO,30/07/2024,09:31:14,24906.8,24906.25,75,24906.85,125,175,14430275
NIFTY-I.NFO,30/07/2024,09:31:15,24906.8,24906.55,125,24908,50,0,14430275
NIFTY-I.NFO,30/07/2024,09:31:17,24908,24906.25,75,24907.9,125,25,14430275
NIFTY-I.NFO,30/07/2024,09:31:19,24904.15,24904.6,25,24907.5,150,5000,14430275
NIFTY-I.NFO,30/07/2024,09:31:20,24907,24904.6,25,24906.2,200,475,14430275
NIFTY-I.NFO,30/07/2024,09:31:22,24904,24901.5,250,24904.5,75,125,14430275
NIFTY-I.NFO,30/07/2024,09:31:24,24901.5,24901.8,450,24904.3,50,25,14430275
NIFTY-I.NFO,30/07/2024,09:31:25,24901.5,24903.25,25,24904.15,150,0,14430275
NIFTY-I.NFO,30/07/2024,09:31:27,24904.15,24903.25,50,24903.95,75,25,14430275
NIFTY-I.NFO,30/07/2024,09:31:29,24905,24903.25,50,24905,475,475,14430275
NIFTY-I.NFO,30/07/2024,09:31:30,24904.85,24903.3,25,24904.65,150,100,14430275
NIFTY-I.NFO,30/07/2024,09:31:32,24904.7,24904.45,25,24905,150,50,14430275
NIFTY-I.NFO,30/07/2024,09:31:34,24905,24904.75,50,24905.3,25,100,14430275
NIFTY-I.NFO,30/07/2024,09:31:35,24904.95,24902.7,300,24904.95,100,125,14430275
NIFTY-I.NFO,30/07/2024,09:31:37,24902.95,24903.3,250,24905.75,200,325,14430275
NIFTY-I.NFO,30/07/2024,09:31:39,24904.8,24901.7,350,24904.9,25,600,14430275
NIFTY-I.NFO,30/07/2024,09:31:40,24906.75,24904.2,250,24906.55,125,150,14430275
NIFTY-I.NFO,30/07/2024,09:31:42,24906.5,24904.2,350,24906.5,25,150,14430275
NIFTY-I.NFO,30/07/2024,09:31:44,24907.7,24906,225,24908,100,75,14430275
NIFTY-I.NFO,30/07/2024,09:31:45,24906.7,24906.7,275,24908,100,25,14430275
NIFTY-I.NFO,30/07/2024,09:31:47,24906.7,24906.2,350,24908,50,350,14430275
NIFTY-I.NFO,30/07/2024,09:31:49,24908,24906.35,200,24908,25,25,14430275
NIFTY-I.NFO,30/07/2024,09:31:50,24907.2,24907.2,325,24909,75,125,14430275
NIFTY-I.NFO,30/07/2024,09:31:52,24908.1,24908.2,125,24909.9,225,275,14430275
NIFTY-I.NFO,30/07/2024,09:31:52,24909.9,24908.2,125,24909.9,225,0,14430275
NIFTY-I.NFO,30/07/2024,09:31:54,24908.2,24908.4,25,24909.9,200,50,14430275
NIFTY-I.NFO,30/07/2024,09:31:55,24909.9,24908.4,75,24909.9,75,125,14430275
NIFTY-I.NFO,30/07/2024,09:31:57,24911.25,24911.3,25,24912,50,2025,14430275
NIFTY-I.NFO,30/07/2024,09:31:57,24911.65,24911.3,25,24912,50,0,14430275
NIFTY-I.NFO,30/07/2024,09:31:59,24914.5,24911.85,50,24914.5,150,3950,14430275
NIFTY-I.NFO,30/07/2024,09:31:59,24915.35,24911.85,50,24914.5,150,0,14430275
NIFTY-I.NFO,30/07/2024,09:32:00,24909.9,24909.9,250,24911.8,75,200,14430275
NIFTY-I.NFO,30/07/2024,09:32:02,24909.55,24909.05,25,24909.65,200,500,14430275
NIFTY-I.NFO,30/07/2024,09:32:04,24909.35,24908,25,24909.35,150,350,14430275
NIFTY-I.NFO,30/07/2024,09:32:05,24909.05,24907.2,250,24908.95,150,1750,14430275
NIFTY-I.NFO,30/07/2024,09:32:07,24908.65,24907,300,24908.65,200,175,14430275
NIFTY-I.NFO,30/07/2024,09:32:09,24906.7,24906,125,24907,100,975,14430275
NIFTY-I.NFO,30/07/2024,09:32:10,24909.95,24908,250,24909.6,250,225,14430275
NIFTY-I.NFO,30/07/2024,09:32:12,24908.85,24908,25,24909.15,150,125,14430275
NIFTY-I.NFO,30/07/2024,09:32:14,24910.65,24909.05,125,24910.75,125,225,14430275
NIFTY-I.NFO,30/07/2024,09:32:15,24914,24912.75,125,24914.3,225,500,14430275
NIFTY-I.NFO,30/07/2024,09:32:17,24912.65,24910.8,375,24913.65,150,500,14430275
NIFTY-I.NFO,30/07/2024,09:32:19,24914.7,24912.5,125,24914.7,50,300,14430275
NIFTY-I.NFO,30/07/2024,09:32:20,24915.3,24915.25,75,24916,250,950,14430275
NIFTY-I.NFO,30/07/2024,09:32:20,24915.8,24915.25,75,24916,250,0,14430275
NIFTY-I.NFO,30/07/2024,09:32:22,24917.4,24915.05,275,24917.35,50,400,14430275
NIFTY-I.NFO,30/07/2024,09:32:22,24917.4,24915.05,275,24917.35,50,0,14430275
NIFTY-I.NFO,30/07/2024,09:32:24,24919.1,24916.05,250,24918.85,25,1650,14430275
NIFTY-I.NFO,30/07/2024,09:32:24,24919.1,24916.05,250,24918.85,25,0,14430275
NIFTY-I.NFO,30/07/2024,09:32:25,24917.95,24917.85,125,24919.9,25,2300,14430275
NIFTY-I.NFO,30/07/2024,09:32:25,24919.5,24917.85,125,24919.9,25,0,14430275
NIFTY-I.NFO,30/07/2024,09:32:27,24918.9,24915.05,75,24918.9,75,1550,14430275
NIFTY-I.NFO,30/07/2024,09:32:27,24920.1,24915.05,75,24918.9,75,0,14430275
NIFTY-I.NFO,30/07/2024,09:32:29,24917.4,24915.05,100,24917.4,300,1725,14430275
NIFTY-I.NFO,30/07/2024,09:32:30,24915.1,24915.05,100,24917,50,1150,14430275
NIFTY-I.NFO,30/07/2024,09:32:32,24917.1,24912.75,25,24916.7,50,1650,14430275
NIFTY-I.NFO,30/07/2024,09:32:34,24915.7,24912.75,25,24915.8,250,1525,14430275
NIFTY-I.NFO,30/07/2024,09:32:35,24915.35,24914.6,25,24915.35,250,1275,14430275
NIFTY-I.NFO,30/07/2024,09:32:37,24914.85,24911.6,50,24914.85,50,900,14430275
NIFTY-I.NFO,30/07/2024,09:32:39,24915.45,24911.65,25,24915.35,275,850,14430275
NIFTY-I.NFO,30/07/2024,09:32:40,24914.3,24911.7,100,24914.25,125,100,14430275
NIFTY-I.NFO,30/07/2024,09:32:42,24911.75,24911.75,75,24914.6,200,50,14430275
NIFTY-I.NFO,30/07/2024,09:32:44,24916,24916.4,50,24916.85,125,250,14430275
NIFTY-I.NFO,30/07/2024,09:32:45,24916.4,24915.45,25,24917.45,25,75,14430275
NIFTY-I.NFO,30/07/2024,09:32:47,24917.35,24915.45,175,24917.45,25,575,14430275
NIFTY-I.NFO,30/07/2024,09:32:49,24913.1,24913.1,75,24915,800,625,14430275
NIFTY-I.NFO,30/07/2024,09:32:50,24915,24913.35,75,24915,650,150,14430275
NIFTY-I.NFO,30/07/2024,09:32:52,24914.4,24913.4,50,24914.15,25,875,14430275
NIFTY-I.NFO,30/07/2024,09:32:54,24915.8,24913.25,100,24915.8,100,300,14430275
NIFTY-I.NFO,30/07/2024,09:32:55,24916.35,24913.2,200,24916.35,175,250,14430275
NIFTY-I.NFO,30/07/2024,09:32:57,24915,24914.45,75,24917,100,75,14430275
NIFTY-I.NFO,30/07/2024,09:32:59,24915,24915.05,150,24916.9,25,225,14430275
NIFTY-I.NFO,30/07/2024,09:33:00,24916.9,24915.85,125,24917.35,125,25,14430275
NIFTY-I.NFO,30/07/2024,09:33:02,24919,24917.45,25,24919.1,50,400,14430275
NIFTY-I.NFO,30/07/2024,09:33:04,24920,24918.1,25,24920,500,225,14430275
NIFTY-I.NFO,30/07/2024,09:33:05,24921.85,24919.75,250,24922,25,4400,14430275
NIFTY-I.NFO,30/07/2024,09:33:05,24921.95,24919.75,250,24922,25,0,14430275
NIFTY-I.NFO,30/07/2024,09:33:07,24920.75,24920.7,250,24923,125,475,14430275
NIFTY-I.NFO,30/07/2024,09:33:07,24922.7,24920.7,250,24923,125,0,14430275
NIFTY-I.NFO,30/07/2024,09:33:09,24920.7,24920.45,250,24923,125,25,14430275
NIFTY-I.NFO,30/07/2024,09:33:10,24922.6,24920.75,25,24922.15,25,1250,14430275
NIFTY-I.NFO,30/07/2024,09:33:10,24924.15,24920.75,25,24922.15,25,0,14430275
NIFTY-I.NFO,30/07/2024,09:33:12,24920.95,24916.95,250,24920.8,125,1475,14430275
NIFTY-I.NFO,30/07/2024,09:33:14,24922.35,24919,25,24920.8,25,400,14430275
NIFTY-I.NFO,30/07/2024,09:33:15,24923.35,24919.65,250,24922.35,250,575,14430275
NIFTY-I.NFO,30/07/2024,09:33:17,24922.5,24919.7,250,24922.55,25,525,14430275
NIFTY-I.NFO,30/07/2024,09:33:19,24919.65,24920.3,25,24923,25,800,14430275
NIFTY-I.NFO,30/07/2024,09:33:20,24922,24922,25,24924.9,700,475,14430275
NIFTY-I.NFO,30/07/2024,09:33:20,24924.45,24922,25,24924.9,700,0,14430275
NIFTY-I.NFO,30/07/2024,09:33:22,24921.4,24920,300,24921.35,25,700,14430275
NIFTY-I.NFO,30/07/2024,09:33:22,24924.9,24920,300,24921.35,25,0,14430275
NIFTY-I.NFO,30/07/2024,09:33:24,24922.6,24920,250,24922.5,100,200,14430275
NIFTY-I.NFO,30/07/2024,09:33:25,24920,24919.75,25,24920,225,2150,14430275
NIFTY-I.NFO,30/07/2024,09:33:27,24924.45,24922.05,150,24924.45,25,1650,14430275
NIFTY-I.NFO,30/07/2024,09:33:29,24925,24923.35,50,24925,750,750,14430275
NIFTY-I.NFO,30/07/2024,09:33:29,24925,24923.35,50,24925,750,0,14430275
NIFTY-I.NFO,30/07/2024,09:33:30,24924.4,24922.75,250,24925.5,500,1450,14430275
NIFTY-I.NFO,30/07/2024,09:33:30,24925.1,24922.75,250,24925.5,500,0,14430275
NIFTY-I.NFO,30/07/2024,09:33:32,24925,24922.75,25,24924.95,150,300,14430275
NIFTY-I.NFO,30/07/2024,09:33:32,24925.5,24922.75,25,24924.95,150,0,14430275
NIFTY-I.NFO,30/07/2024,09:33:34,24924.35,24923.45,25,24924.35,125,175,14430275
NIFTY-I.NFO,30/07/2024,09:33:35,24922.2,24922.75,50,24925,225,100,14430275
NIFTY-I.NFO,30/07/2024,09:33:37,24924.95,24922.8,25,24924.85,25,50,14430275
NIFTY-I.NFO,30/07/2024,09:33:39,24922.85,24922.85,25,24925,350,50,14430275
NIFTY-I.NFO,30/07/2024,09:33:40,24925,24923.35,75,24925,300,300,14430275
NIFTY-I.NFO,30/07/2024,09:33:42,24925,24923.45,50,24925,125,200,14430275
NIFTY-I.NFO,30/07/2024,09:33:44,24925,24923.5,25,24925,125,175,14447000
NIFTY-I.NFO,30/07/2024,09:33:45,24924.4,24923.5,25,24924,25,150,14447000
NIFTY-I.NFO,30/07/2024,09:33:47,24924.5,24923.55,50,24924.5,325,1750,14447000
NIFTY-I.NFO,30/07/2024,09:33:49,24923.55,24923.4,200,24923.5,225,150,14447000
NIFTY-I.NFO,30/07/2024,09:33:50,24922.65,24922,25,24923.5,25,250,14447000
NIFTY-I.NFO,30/07/2024,09:33:52,24924.95,24923.5,25,24925,350,225,14447000
NIFTY-I.NFO,30/07/2024,09:33:54,24925,24924.55,975,24925,75,350,14447000
NIFTY-I.NFO,30/07/2024,09:33:55,24925.5,24925.45,75,24925.5,275,350,14447000
NIFTY-I.NFO,30/07/2024,09:33:57,24928.3,24926.4,250,24928.1,150,625,14447000
NIFTY-I.NFO,30/07/2024,09:33:57,24928.3,24926.4,250,24928.1,150,0,14447000
NIFTY-I.NFO,30/07/2024,09:33:59,24928.55,24926.3,975,24928.65,100,425,14447000
NIFTY-I.NFO,30/07/2024,09:33:59,24928.55,24926.3,975,24928.65,100,0,14447000
NIFTY-I.NFO,30/07/2024,09:34:00,24928.15,24927.6,250,24929.6,25,700,14447000
NIFTY-I.NFO,30/07/2024,09:34:00,24929,24927.6,250,24929.6,25,0,14447000
NIFTY-I.NFO,30/07/2024,09:34:02,24929.55,24928.55,225,24929.5,25,75,14447000
NIFTY-I.NFO,30/07/2024,09:34:02,24929.55,24928.55,225,24929.5,25,0,14447000
NIFTY-I.NFO,30/07/2024,09:34:04,24934.45,24933.15,25,24933.5,175,4100,14447000
NIFTY-I.NFO,30/07/2024,09:34:04,24934.45,24933.15,25,24933.5,175,0,14447000
NIFTY-I.NFO,30/07/2024,09:34:05,24933.6,24930.8,250,24934.2,200,2050,14447000
NIFTY-I.NFO,30/07/2024,09:34:07,24931.05,24930.75,25,24931.05,75,350,14447000
NIFTY-I.NFO,30/07/2024,09:34:09,24929.5,24929.5,25,24930,150,1200,14447000
NIFTY-I.NFO,30/07/2024,09:34:10,24931.35,24929.6,100,24931.2,75,175,14447000
NIFTY-I.NFO,30/07/2024,09:34:12,24932.6,24930,375,24932.7,50,825,14447000
NIFTY-I.NFO,30/07/2024,09:34:14,24932.1,24931.2,25,24932.1,375,650,14447000
NIFTY-I.NFO,30/07/2024,09:34:15,24931.25,24930,25,24931.2,150,475,14447000
NIFTY-I.NFO,30/07/2024,09:34:17,24933,24932,25,24933,50,325,14447000
NIFTY-I.NFO,30/07/2024,09:34:19,24933.8,24933.05,125,24934.4,175,275,14447000
NIFTY-I.NFO,30/07/2024,09:34:20,24933.65,24933.05,25,24934.5,125,1375,14447000
NIFTY-I.NFO,30/07/2024,09:34:22,24933.4,24931.25,25,24933.1,125,825,14447000
NIFTY-I.NFO,30/07/2024,09:34:22,24934.5,24931.25,25,24933.1,125,0,14447000
NIFTY-I.NFO,30/07/2024,09:34:24,24932,24931.25,25,24933.2,25,575,14447000
NIFTY-I.NFO,30/07/2024,09:34:25,24933,24931.9,100,24933,950,125,14447000
NIFTY-I.NFO,30/07/2024,09:34:27,24931.9,24931,25,24932.45,25,175,14447000
NIFTY-I.NFO,30/07/2024,09:34:29,24933,24932.6,100,24933,850,200,14447000
NIFTY-I.NFO,30/07/2024,09:34:30,24934.4,24933.05,25,24934.1,25,925,14447000
NIFTY-I.NFO,30/07/2024,09:34:32,24933.1,24933.05,25,24934.15,300,125,14447000
NIFTY-I.NFO,30/07/2024,09:34:34,24933.9,24933,25,24933.55,200,100,14447000
NIFTY-I.NFO,30/07/2024,09:34:35,24931.6,24931.6,250,24933.4,325,450,14447000
NIFTY-I.NFO,30/07/2024,09:34:37,24934.3,24932,50,24934.3,150,100,14447000
NIFTY-I.NFO,30/07/2024,09:34:39,24933,24933,100,24933.4,25,475,14447000
NIFTY-I.NFO,30/07/2024,09:34:39,24934.55,24933,100,24933.4,25,0,14447000
NIFTY-I.NFO,30/07/2024,09:34:40,24933.4,24932.1,100,24933.5,200,700,14447000
NIFTY-I.NFO,30/07/2024,09:34:42,24933.65,24931.6,25,24932.95,125,1050,14447000
NIFTY-I.NFO,30/07/2024,09:34:44,24933.5,24932,100,24933,100,300,14447000
NIFTY-I.NFO,30/07/2024,09:34:45,24934.2,24934.2,250,24936.6,25,2250,14447000
NIFTY-I.NFO,30/07/2024,09:34:45,24936.8,24934.2,250,24936.6,25,0,14447000
NIFTY-I.NFO,30/07/2024,09:34:47,24936.85,24933.7,975,24936.9,25,525,14447000
NIFTY-I.NFO,30/07/2024,09:34:47,24936.85,24933.7,975,24936.9,25,0,14447000
NIFTY-I.NFO,30/07/2024,09:34:49,24934.65,24934.5,975,24937.1,25,725,14447000
NIFTY-I.NFO,30/07/2024,09:34:49,24937,24934.5,975,24937.1,25,0,14447000
NIFTY-I.NFO,30/07/2024,09:34:50,24936.5,24934.5,975,24936.5,25,200,14447000
NIFTY-I.NFO,30/07/2024,09:34:50,24937.55,24934.5,975,24936.5,25,0,14447000
NIFTY-I.NFO,30/07/2024,09:34:52,24934.5,24934.1,100,24936.75,50,325,14447000
NIFTY-I.NFO,30/07/2024,09:34:54,24935.6,24935,50,24935.7,25,150,14447000
NIFTY-I.NFO,30/07/2024,09:34:55,24934.5,24934,25,24935,75,175,14447000
NIFTY-I.NFO,30/07/2024,09:34:57,24934,24934,50,24934.15,25,350,14447000
NIFTY-I.NFO,30/07/2024,09:34:59,24935.6,24934,25,24935.75,25,600,14447000
NIFTY-I.NFO,30/07/2024,09:35:00,24934.9,24933.05,250,24935,300,775,14447000
NIFTY-I.NFO,30/07/2024,09:35:02,24932,24931.25,25,24932.1,100,750,14447000
NIFTY-I.NFO,30/07/2024,09:35:04,24930,24930,1000,24930.45,125,500,14447000
NIFTY-I.NFO,30/07/2024,09:35:05,24929.95,24929.25,250,24931,25,1450,14447000
NIFTY-I.NFO,30/07/2024,09:35:07,24929.2,24929.2,250,24931.25,25,1275,14447000
NIFTY-I.NFO,30/07/2024,09:35:09,24928.05,24928,25,24929.85,25,1250,14447000
NIFTY-I.NFO,30/07/2024,09:35:10,24927.6,24927.6,250,24929.9,25,550,14447000
NIFTY-I.NFO,30/07/2024,09:35:12,24930.55,24927.6,250,24929.55,125,925,14447000
NIFTY-I.NFO,30/07/2024,09:35:14,24925.8,24925.8,250,24927.95,250,550,14447000
NIFTY-I.NFO,30/07/2024,09:35:15,24927.9,24925.8,275,24928.05,25,50,14447000
NIFTY-I.NFO,30/07/2024,09:35:17,24929,24925.8,250,24929.05,125,550,14447000
NIFTY-I.NFO,30/07/2024,09:35:19,24928,24926.15,50,24928,75,650,14447000
NIFTY-I.NFO,30/07/2024,09:35:20,24930,24928,75,24930,50,400,14447000
NIFTY-I.NFO,30/07/2024,09:35:22,24930.55,24928.3,25,24930.45,25,125,14447000
NIFTY-I.NFO,30/07/2024,09:35:24,24928.75,24927.9,25,24928.75,150,275,14447000
NIFTY-I.NFO,30/07/2024,09:35:25,24925.5,24925.5,25,24927.35,150,1175,14447000
NIFTY-I.NFO,30/07/2024,09:35:27,24925.5,24925.55,75,24927.35,125,50,14447000
NIFTY-I.NFO,30/07/2024,09:35:29,24925.55,24925.55,100,24927.35,50,100,14447000
NIFTY-I.NFO,30/07/2024,09:35:30,24927.35,24925.5,25,24927.5,175,975,14447000
NIFTY-I.NFO,30/07/2024,09:35:32,24927.1,24925.5,25,24926.95,50,100,14447000
NIFTY-I.NFO,30/07/2024,09:35:34,24925,24925,1175,24925.5,225,175,14447000
NIFTY-I.NFO,30/07/2024,09:35:35,24925.3,24922.75,100,24925.15,50,1850,14447000
NIFTY-I.NFO,30/07/2024,09:35:37,24925.05,24922.9,100,24925.1,25,200,14447000
NIFTY-I.NFO,30/07/2024,09:35:39,24923.15,24922.55,250,24924.95,25,400,14447000
NIFTY-I.NFO,30/07/2024,09:35:40,24924,24922,25,24924.05,200,100,14447000
NIFTY-I.NFO,30/07/2024,09:35:42,24925,24922.25,250,24925,1500,100,14447000
NIFTY-I.NFO,30/07/2024,09:35:44,24922.25,24922.8,750,24924.3,25,200,14447000
NIFTY-I.NFO,30/07/2024,09:35:45,24923.55,24922.15,100,24923.55,375,450,14447000
NIFTY-I.NFO,30/07/2024,09:35:47,24925,24923.1,750,24925,1275,400,14447000
NIFTY-I.NFO,30/07/2024,09:35:49,24925,24923.1,25,24924.6,25,50,14447000
NIFTY-I.NFO,30/07/2024,09:35:50,24923.5,24922,25,24923.6,150,100,14447000
NIFTY-I.NFO,30/07/2024,09:35:52,24923.65,24922,75,24923.75,100,75,14447000
NIFTY-I.NFO,30/07/2024,09:35:54,24923,24920.7,50,24922.85,125,650,14447000
NIFTY-I.NFO,30/07/2024,09:35:55,24920.8,24920.75,750,24923.85,100,25,14447000
NIFTY-I.NFO,30/07/2024,09:35:57,24923.3,24920.7,50,24923.15,25,125,14447000
NIFTY-I.NFO,30/07/2024,09:35:59,24923.5,24920.8,250,24923.2,275,50,14447000
NIFTY-I.NFO,30/07/2024,09:36:00,24920.85,24920.8,25,24922.2,25,225,14447000
NIFTY-I.NFO,30/07/2024,09:36:02,24922.15,24920.85,25,24922.15,100,375,14447000
NIFTY-I.NFO,30/07/2024,09:36:04,24922.15,24920.85,25,24922.15,25,125,14447000
NIFTY-I.NFO,30/07/2024,09:36:05,24922.95,24920.85,50,24922.5,50,50,14447000
NIFTY-I.NFO,30/07/2024,09:36:07,24923.6,24922.15,25,24923.25,25,1325,14447000
NIFTY-I.NFO,30/07/2024,09:36:09,24922.95,24920.15,25,24922.95,25,75,14447000
NIFTY-I.NFO,30/07/2024,09:36:10,24923.25,24922.2,25,24924.2,75,25,14447000
NIFTY-I.NFO,30/07/2024,09:36:12,24923.95,24922.4,250,24924.55,25,500,14447000
NIFTY-I.NFO,30/07/2024,09:36:14,24922.75,24922.8,750,24924.55,25,250,14447000
NIFTY-I.NFO,30/07/2024,09:36:15,24925.9,24925.7,750,24927,1000,1800,14447000
NIFTY-I.NFO,30/07/2024,09:36:17,24927,24926.6,25,24927,950,75,14447000
NIFTY-I.NFO,30/07/2024,09:36:18,24927,24927.6,975,24929,125,1150,14447000
NIFTY-I.NFO,30/07/2024,09:36:20,24929,24928.55,25,24929.65,25,125,14447000
NIFTY-I.NFO,30/07/2024,09:36:22,24929,24928.55,75,24929,25,0,14447000
NIFTY-I.NFO,30/07/2024,09:36:23,24927.5,24925.65,250,24928,25,1450,14447000
NIFTY-I.NFO,30/07/2024,09:36:25,24925.65,24925,350,24926.6,100,25,14447000
NIFTY-I.NFO,30/07/2024,09:36:27,24924.2,24924.2,25,24925.5,50,725,14447000
NIFTY-I.NFO,30/07/2024,09:36:28,24924.95,24923,25,24924,200,275,14447000
NIFTY-I.NFO,30/07/2024,09:36:30,24923.7,24922.15,75,24923.05,25,600,14447000
NIFTY-I.NFO,30/07/2024,09:36:32,24922.15,24922,50,24922.85,25,225,14447000
NIFTY-I.NFO,30/07/2024,09:36:33,24920.8,24920.5,100,24921.65,50,150,14447000
NIFTY-I.NFO,30/07/2024,09:36:35,24921.65,24920.35,250,24922.45,25,2050,14447000
NIFTY-I.NFO,30/07/2024,09:36:37,24920.5,24920,100,24920.5,325,675,14447000
NIFTY-I.NFO,30/07/2024,09:36:38,24920.15,24920,250,24920.15,25,150,14447000
NIFTY-I.NFO,30/07/2024,09:36:40,24920.5,24920.05,25,24920.5,250,125,14447000
NIFTY-I.NFO,30/07/2024,09:36:42,24920.5,24920.1,25,24920.5,150,100,14447000
NIFTY-I.NFO,30/07/2024,09:36:43,24920,24920,200,24920.5,50,250,14447000
NIFTY-I.NFO,30/07/2024,09:36:45,24919,24918.15,250,24920.75,25,275,14467500
NIFTY-I.NFO,30/07/2024,09:36:47,24918,24916.4,25,24918.4,25,350,14467500
NIFTY-I.NFO,30/07/2024,09:36:48,24919.45,24916.8,250,24919.45,225,600,14467500
NIFTY-I.NFO,30/07/2024,09:36:50,24917.65,24917.6,250,24919,25,175,14467500
NIFTY-I.NFO,30/07/2024,09:36:52,24917.2,24917.25,100,24918.95,325,125,14467500
NIFTY-I.NFO,30/07/2024,09:36:53,24917.65,24917.4,100,24918.95,175,525,14467500
NIFTY-I.NFO,30/07/2024,09:36:55,24917.45,24917.45,25,24918.85,75,225,14467500
NIFTY-I.NFO,30/07/2024,09:36:57,24918.3,24917.45,50,24918.3,25,50,14467500
NIFTY-I.NFO,30/07/2024,09:36:58,24918.05,24918.05,350,24920,25,150,14467500
NIFTY-I.NFO,30/07/2024,09:37:00,24918.05,24917.85,975,24920,25,875,14467500
NIFTY-I.NFO,30/07/2024,09:37:02,24920.2,24918.35,250,24920.5,425,525,14467500
NIFTY-I.NFO,30/07/2024,09:37:03,24918.35,24919.05,850,24920.5,425,25,14467500
NIFTY-I.NFO,30/07/2024,09:37:05,24920.5,24919.45,200,24920.5,300,150,14467500
NIFTY-I.NFO,30/07/2024,09:37:07,24922.45,24922.4,250,24924.4,50,1875,14467500
NIFTY-I.NFO,30/07/2024,09:37:08,24921.15,24919.55,250,24921.5,100,275,14467500
NIFTY-I.NFO,30/07/2024,09:37:10,24918.35,24918.35,50,24919.5,150,150,14467500
NIFTY-I.NFO,30/07/2024,09:37:12,24920.1,24919.15,200,24920.1,25,375,14467500
NIFTY-I.NFO,30/07/2024,09:37:13,24922.5,24921.55,25,24922.45,250,175,14467500
NIFTY-I.NFO,30/07/2024,09:37:15,24920.65,24920.25,100,24921.1,150,100,14467500
NIFTY-I.NFO,30/07/2024,09:37:17,24922.45,24920.95,200,24922.45,150,225,14467500
NIFTY-I.NFO,30/07/2024,09:37:18,24924,24922.9,100,24923.5,175,350,14467500
NIFTY-I.NFO,30/07/2024,09:37:20,24922.85,24922.9,25,24922.95,150,225,14467500
NIFTY-I.NFO,30/07/2024,09:37:22,24925.15,24925.15,25,24925.2,100,1275,14467500
NIFTY-I.NFO,30/07/2024,09:37:23,24924.65,24924.8,25,24925.65,75,175,14467500
NIFTY-I.NFO,30/07/2024,09:37:25,24926.65,24925.2,50,24925.75,25,375,14467500
NIFTY-I.NFO,30/07/2024,09:37:27,24926.35,24925.2,25,24926.55,25,175,14467500
NIFTY-I.NFO,30/07/2024,09:37:28,24926.45,24925.25,25,24925.95,175,150,14467500
NIFTY-I.NFO,30/07/2024,09:37:30,24925.45,24924.7,25,24925.45,175,550,14467500
NIFTY-I.NFO,30/07/2024,09:37:32,24924.15,24923.2,750,24924.15,125,150,14467500
NIFTY-I.NFO,30/07/2024,09:37:33,24925,24924.9,125,24925,50,300,14467500
NIFTY-I.NFO,30/07/2024,09:37:35,24927.65,24926,350,24927.85,25,450,14467500
NIFTY-I.NFO,30/07/2024,09:37:37,24926.15,24925.9,25,24927.15,50,100,14467500
NIFTY-I.NFO,30/07/2024,09:37:38,24925.4,24925.05,25,24925.4,100,150,14467500
NIFTY-I.NFO,30/07/2024,09:37:40,24925,24924.95,1075,24925.4,100,175,14467500
NIFTY-I.NFO,30/07/2024,09:37:42,24927.6,24925.55,350,24927,25,550,14467500
NIFTY-I.NFO,30/07/2024,09:37:43,24927,24925.45,350,24927.3,25,25,14467500
NIFTY-I.NFO,30/07/2024,09:37:45,24927,24925.45,25,24926,50,0,14467500
NIFTY-I.NFO,30/07/2024,09:37:47,24923.8,24923.8,250,24925.95,125,375,14467500
NIFTY-I.NFO,30/07/2024,09:37:48,24925.65,24923.8,250,24925.65,125,550,14467500
NIFTY-I.NFO,30/07/2024,09:37:50,24925.65,24923.95,350,24926.8,25,125,14467500
NIFTY-I.NFO,30/07/2024,09:37:52,24924.05,24922.25,1075,24923.5,100,100,14467500
NIFTY-I.NFO,30/07/2024,09:37:53,24923.1,24922.05,25,24923.1,25,100,14467500
NIFTY-I.NFO,30/07/2024,09:37:55,24922,24921.5,25,24922,50,350,14467500
NIFTY-I.NFO,30/07/2024,09:37:57,24921.65,24920.3,25,24921.95,250,150,14467500
NIFTY-I.NFO,30/07/2024,09:37:58,24920,24918.75,250,24920.5,75,800,14467500
NIFTY-I.NFO,30/07/2024,09:38:00,24921.05,24918.6,350,24920.3,25,400,14467500
NIFTY-I.NFO,30/07/2024,09:38:02,24918.5,24917.25,25,24918.5,75,300,14467500
NIFTY-I.NFO,30/07/2024,09:38:03,24918.3,24918.3,25,24918.5,75,125,14467500
NIFTY-I.NFO,30/07/2024,09:38:05,24917.8,24917.55,200,24918.45,25,225,14467500
NIFTY-I.NFO,30/07/2024,09:38:07,24919.15,24917.8,350,24919.45,250,1175,14467500
NIFTY-I.NFO,30/07/2024,09:38:08,24919.45,24918.2,75,24919.45,200,50,14467500
NIFTY-I.NFO,30/07/2024,09:38:10,24917.5,24917.45,25,24917.5,50,275,14467500
NIFTY-I.NFO,30/07/2024,09:38:12,24917.45,24917.45,25,24917.5,50,25,14467500
NIFTY-I.NFO,30/07/2024,09:38:13,24918.4,24917.45,50,24918.3,25,175,14467500
NIFTY-I.NFO,30/07/2024,09:38:15,24919.45,24918.25,125,24919.35,25,50,14467500
NIFTY-I.NFO,30/07/2024,09:38:17,24918.2,24917.55,25,24917.7,125,75,14467500
NIFTY-I.NFO,30/07/2024,09:38:18,24919.15,24917.8,350,24919.45,50,475,14467500
NIFTY-I.NFO,30/07/2024,09:38:20,24918,24918.15,200,24919.45,25,225,14467500
NIFTY-I.NFO,30/07/2024,09:38:22,24919.65,24919.2,150,24920,25,75,14467500
NIFTY-I.NFO,30/07/2024,09:38:23,24919.35,24917.75,350,24919.35,75,975,14467500
NIFTY-I.NFO,30/07/2024,09:38:25,24917.55,24917.65,350,24919.3,50,100,14467500
NIFTY-I.NFO,30/07/2024,09:38:27,24917.7,24915.8,175,24918.2,25,450,14467500
NIFTY-I.NFO,30/07/2024,09:38:28,24917.45,24917.5,975,24918.8,325,650,14467500
NIFTY-I.NFO,30/07/2024,09:38:30,24918.8,24917.3,200,24918.8,150,450,14467500
NIFTY-I.NFO,30/07/2024,09:38:32,24918.3,24917.35,100,24918.65,25,575,14467500
NIFTY-I.NFO,30/07/2024,09:38:33,24917.85,24915.35,200,24918.2,25,400,14467500
NIFTY-I.NFO,30/07/2024,09:38:35,24918.2,24916.45,200,24918.2,150,200,14467500
NIFTY-I.NFO,30/07/2024,09:38:37,24919.9,24917.45,50,24918.9,125,850,14467500
NIFTY-I.NFO,30/07/2024,09:38:38,24919.45,24918.05,25,24919.45,225,75,14467500
NIFTY-I.NFO,30/07/2024,09:38:40,24918.75,24917.35,100,24918.9,125,1375,14467500
NIFTY-I.NFO,30/07/2024,09:38:42,24918.9,24918.25,200,24918.95,25,25,14467500
NIFTY-I.NFO,30/07/2024,09:38:43,24919.5,24918,200,24919.5,25,550,14467500
NIFTY-I.NFO,30/07/2024,09:38:45,24922.1,24920.85,25,24921.75,25,150,14467500
NIFTY-I.NFO,30/07/2024,09:38:47,24920.9,24921.3,250,24923.05,75,375,14467500
NIFTY-I.NFO,30/07/2024,09:38:48,24922.35,24920.45,100,24923.05,125,425,14467500
NIFTY-I.NFO,30/07/2024,09:38:50,24921.45,24920.45,275,24921.55,125,125,14467500
NIFTY-I.NFO,30/07/2024,09:38:52,24921.2,24918.9,950,24921.55,25,975,14467500
NIFTY-I.NFO,30/07/2024,09:38:53,24918.5,24918.45,100,24920.2,25,1375,14467500
NIFTY-I.NFO,30/07/2024,09:38:55,24920.85,24918.95,25,24920.65,125,500,14467500
NIFTY-I.NFO,30/07/2024,09:38:57,24921.1,24919,125,24920.95,25,25,14467500
NIFTY-I.NFO,30/07/2024,09:38:58,24920.55,24917.8,100,24920.55,175,25,14467500
NIFTY-I.NFO,30/07/2024,09:39:00,24919.35,24918.4,25,24919.25,375,500,14467500
NIFTY-I.NFO,30/07/2024,09:39:02,24918,24915.95,100,24917.9,50,1425,14467500
NIFTY-I.NFO,30/07/2024,09:39:03,24917.15,24914.5,100,24918.8,125,300,14467500
NIFTY-I.NFO,30/07/2024,09:39:05,24920.4,24919.65,75,24920.85,25,100,14467500
NIFTY-I.NFO,30/07/2024,09:39:07,24919.65,24919.65,50,24920.85,125,50,14467500
NIFTY-I.NFO,30/07/2024,09:39:08,24919.65,24919.65,275,24920.9,25,1050,14467500
NIFTY-I.NFO,30/07/2024,09:39:10,24919.6,24915.6,100,24919.65,150,1425,14467500
NIFTY-I.NFO,30/07/2024,09:39:12,24918.9,24917,25,24917.6,25,100,14467500
NIFTY-I.NFO,30/07/2024,09:39:13,24913.65,24913.4,25,24917.85,100,1100,14467500
NIFTY-I.NFO,30/07/2024,09:39:15,24917.85,24915.2,250,24917.95,25,50,14467500
NIFTY-I.NFO,30/07/2024,09:39:17,24913.25,24913.4,25,24917.65,50,825,14467500
NIFTY-I.NFO,30/07/2024,09:39:18,24917.5,24913.65,100,24917.4,50,75,14467500
NIFTY-I.NFO,30/07/2024,09:39:20,24915.55,24913.5,100,24915.65,25,175,14467500
NIFTY-I.NFO,30/07/2024,09:39:22,24915.95,24914.3,100,24916.4,75,200,14467500
NIFTY-I.NFO,30/07/2024,09:39:23,24917.25,24914.3,125,24917.25,100,475,14467500
NIFTY-I.NFO,30/07/2024,09:39:25,24917.25,24914.45,100,24915.95,25,0,14467500
NIFTY-I.NFO,30/07/2024,09:39:27,24915.95,24916,50,24916.95,200,50,14467500
NIFTY-I.NFO,30/07/2024,09:39:28,24918,24916.15,100,24918.65,100,275,14467500
NIFTY-I.NFO,30/07/2024,09:39:30,24918,24917.45,100,24918.75,100,0,14467500
NIFTY-I.NFO,30/07/2024,09:39:32,24919.4,24917.95,25,24919.05,50,475,14467500
NIFTY-I.NFO,30/07/2024,09:39:33,24914.5,24915.95,50,24917.95,25,600,14467500
NIFTY-I.NFO,30/07/2024,09:39:35,24918.85,24915.95,75,24918.85,25,225,14467500
NIFTY-I.NFO,30/07/2024,09:39:37,24918.85,24917.35,275,24918.95,25,25,14467500
NIFTY-I.NFO,30/07/2024,09:39:38,24918.45,24917,50,24918.15,125,75,14467500
NIFTY-I.NFO,30/07/2024,09:39:40,24911.3,24911.15,25,24915.65,50,2625,14467500
NIFTY-I.NFO,30/07/2024,09:39:42,24915.85,24912.35,100,24915.4,50,50,14467500
NIFTY-I.NFO,30/07/2024,09:39:43,24916.45,24915,150,24917,25,150,14467500
NIFTY-I.NFO,30/07/2024,09:39:45,24911.35,24911,25,24915.4,175,800,14466800
NIFTY-I.NFO,30/07/2024,09:39:47,24913.15,24912.5,50,24915.2,200,625,14466800
NIFTY-I.NFO,30/07/2024,09:39:48,24915,24912.5,75,24914.8,200,25,14466800
NIFTY-I.NFO,30/07/2024,09:39:50,24909.1,24909.2,250,24911.5,300,1375,14466800
NIFTY-I.NFO,30/07/2024,09:39:52,24910.5,24908.65,25,24910.45,75,1675,14466800
NIFTY-I.NFO,30/07/2024,09:39:53,24911.5,24910.45,50,24911.45,25,400,14466800
NIFTY-I.NFO,30/07/2024,09:39:55,24911.15,24907.55,175,24912,100,125,14466800
NIFTY-I.NFO,30/07/2024,09:39:57,24911.15,24910.15,250,24912.5,100,225,14466800
NIFTY-I.NFO,30/07/2024,09:39:58,24912.2,24910.15,275,24911.85,25,175,14466800
NIFTY-I.NFO,30/07/2024,09:40:00,24911.4,24909.6,250,24911.35,25,225,14466800
NIFTY-I.NFO,30/07/2024,09:40:02,24914.25,24912.9,25,24913.45,25,200,14466800
NIFTY-I.NFO,30/07/2024,09:40:03,24911.3,24910.05,75,24912.9,25,250,14466800
NIFTY-I.NFO,30/07/2024,09:40:05,24912.45,24910.15,25,24912.45,175,700,14466800
NIFTY-I.NFO,30/07/2024,09:40:07,24910.1,24910.25,100,24914.2,25,125,14466800
NIFTY-I.NFO,30/07/2024,09:40:08,24912,24913.65,50,24915.4,25,1250,14466800
NIFTY-I.NFO,30/07/2024,09:40:10,24915.4,24915.45,50,24915.5,25,150,14466800
NIFTY-I.NFO,30/07/2024,09:40:12,24915.45,24913.75,75,24915,25,200,14466800
NIFTY-I.NFO,30/07/2024,09:40:13,24914.2,24912.8,50,24914,25,175,14466800
NIFTY-I.NFO,30/07/2024,09:40:15,24913.7,24912.25,50,24913.95,75,425,14466800
NIFTY-I.NFO,30/07/2024,09:40:17,24914.9,24912.35,300,24914.85,25,125,14466800
NIFTY-I.NFO,30/07/2024,09:40:18,24914.75,24913.35,50,24914.9,475,75,14466800
NIFTY-I.NFO,30/07/2024,09:40:20,24914.6,24915,250,24916.95,25,650,14466800
NIFTY-I.NFO,30/07/2024,09:40:22,24914.9,24913.25,100,24914.45,150,575,14466800
NIFTY-I.NFO,30/07/2024,09:40:23,24912.95,24910.5,50,24912.95,100,175,14466800
NIFTY-I.NFO,30/07/2024,09:40:25,24911.65,24911.65,125,24913.5,25,1075,14466800
NIFTY-I.NFO,30/07/2024,09:40:27,24913,24911.55,75,24913,125,1425,14466800
NIFTY-I.NFO,30/07/2024,09:40:28,24910.5,24910.5,75,24912.95,150,650,14466800
NIFTY-I.NFO,30/07/2024,09:40:30,24912.45,24911.15,250,24912.45,75,125,14466800
NIFTY-I.NFO,30/07/2024,09:40:32,24912.3,24910.5,250,24912.3,25,125,14466800
NIFTY-I.NFO,30/07/2024,09:40:33,24913,24910.5,125,24912.6,25,250,14466800
NIFTY-I.NFO,30/07/2024,09:40:35,24912.6,24911.15,50,24912.75,50,400,14466800
NIFTY-I.NFO,30/07/2024,09:40:37,24912.5,24911.35,50,24912.35,25,175,14466800
NIFTY-I.NFO,30/07/2024,09:40:38,24912.45,24911.1,75,24912.45,100,175,14466800
NIFTY-I.NFO,30/07/2024,09:40:40,24911.4,24911.45,200,24914.05,250,700,14466800
NIFTY-I.NFO,30/07/2024,09:40:42,24911.4,24911.75,200,24914.05,25,0,14466800
NIFTY-I.NFO,30/07/2024,09:40:43,24915,24911.95,25,24914.95,25,525,14466800
NIFTY-I.NFO,30/07/2024,09:40:45,24914.55,24913.05,100,24914.8,25,50,14466800
NIFTY-I.NFO,30/07/2024,09:40:47,24914.85,24913.5,100,24914.95,25,50,14466800
NIFTY-I.NFO,30/07/2024,09:40:48,24914.5,24912.95,200,24914.5,25,500,14466800
NIFTY-I.NFO,30/07/2024,09:40:50,24914.55,24914.65,25,24914.85,25,200,14466800
NIFTY-I.NFO,30/07/2024,09:40:52,24914.6,24914.55,375,24914.6,75,325,14466800
NIFTY-I.NFO,30/07/2024,09:40:53,24915.2,24914.7,25,24915.45,50,500,14466800
NIFTY-I.NFO,30/07/2024,09:40:55,24915.4,24915.2,50,24915.4,100,125,14466800
NIFTY-I.NFO,30/07/2024,09:40:57,24915.4,24914.6,25,24915.4,25,175,14466800
NIFTY-I.NFO,30/07/2024,09:40:58,24915.4,24914.65,75,24915.4,25,0,14466800
NIFTY-I.NFO,30/07/2024,09:41:00,24916,24914.65,75,24915.95,25,100,14466800
NIFTY-I.NFO,30/07/2024,09:41:02,24915.95,24914.75,150,24915.95,25,675,14466800
NIFTY-I.NFO,30/07/2024,09:41:03,24918,24917,125,24918,1100,275,14466800
NIFTY-I.NFO,30/07/2024,09:41:05,24918.9,24918.65,25,24918.9,400,1200,14466800
NIFTY-I.NFO,30/07/2024,09:41:07,24918.9,24918.85,75,24918.9,175,1225,14466800
NIFTY-I.NFO,30/07/2024,09:41:08,24922,24920.4,150,24922.1,100,725,14466800
NIFTY-I.NFO,30/07/2024,09:41:10,24922.1,24921.3,250,24923.4,25,100,14466800
NIFTY-I.NFO,30/07/2024,09:41:12,24924.45,24922.5,50,24923.7,50,1125,14466800
NIFTY-I.NFO,30/07/2024,09:41:13,24922.5,24920.8,250,24922,250,175,14466800
NIFTY-I.NFO,30/07/2024,09:41:15,24921.6,24920,300,24921.55,175,325,14466800
NIFTY-I.NFO,30/07/2024,09:41:17,24919.5,24919,25,24919.5,50,325,14466800
NIFTY-I.NFO,30/07/2024,09:41:18,24919,24917.45,100,24919,200,150,14466800
NIFTY-I.NFO,30/07/2024,09:41:20,24918.6,24917.5,350,24919,25,475,14466800
NIFTY-I.NFO,30/07/2024,09:41:22,24920.35,24917.5,350,24920.35,50,225,14466800
NIFTY-I.NFO,30/07/2024,09:41:23,24919.5,24919.15,100,24919.5,25,300,14466800
NIFTY-I.NFO,30/07/2024,09:41:25,24920.4,24920.4,275,24922.55,250,100,14466800
NIFTY-I.NFO,30/07/2024,09:41:27,24922.55,24920.4,300,24921.6,175,25,14466800
NIFTY-I.NFO,30/07/2024,09:41:28,24922.4,24920.4,275,24922.25,125,250,14466800
NIFTY-I.NFO,30/07/2024,09:41:30,24922.3,24920.4,25,24922.05,125,50,14466800
NIFTY-I.NFO,30/07/2024,09:41:32,24922.05,24920.45,75,24921.55,25,50,14466800
NIFTY-I.NFO,30/07/2024,09:41:33,24919.5,24919.2,275,24920.45,25,750,14466800
NIFTY-I.NFO,30/07/2024,09:41:35,24920.75,24919.4,350,24921.45,200,25,14466800
NIFTY-I.NFO,30/07/2024,09:41:37,24921.55,24920,25,24921.55,200,1100,14466800
NIFTY-I.NFO,30/07/2024,09:41:38,24920,24919.95,25,24921.55,250,950,14466800
NIFTY-I.NFO,30/07/2024,09:41:40,24919.5,24919.7,100,24921.55,25,1050,14466800
NIFTY-I.NFO,30/07/2024,09:41:42,24921.7,24919.7,100,24920,525,75,14466800
NIFTY-I.NFO,30/07/2024,09:41:43,24920,24919.95,25,24921.3,25,525,14466800
NIFTY-I.NFO,30/07/2024,09:41:45,24921.65,24920.25,100,24921.5,250,175,14466800
NIFTY-I.NFO,30/07/2024,09:41:47,24917.7,24920.1,100,24921.25,25,725,14466800
NIFTY-I.NFO,30/07/2024,09:41:48,24921.35,24920.1,100,24921.15,25,200,14466800
NIFTY-I.NFO,30/07/2024,09:41:50,24921.45,24921.4,25,24921.5,50,200,14466800
NIFTY-I.NFO,30/07/2024,09:41:52,24921.8,24921.4,50,24921.7,25,200,14466800
NIFTY-I.NFO,30/07/2024,09:41:53,24919.45,24919.05,25,24919.45,125,175,14466800
NIFTY-I.NFO,30/07/2024,09:41:55,24918.85,24917.8,100,24918.85,25,300,14466800
NIFTY-I.NFO,30/07/2024,09:41:57,24919.05,24917.45,50,24919,25,800,14466800
NIFTY-I.NFO,30/07/2024,09:41:58,24918,24917.25,25,24918,25,350,14466800
NIFTY-I.NFO,30/07/2024,09:42:00,24918,24917.5,100,24918.5,125,50,14466800
NIFTY-I.NFO,30/07/2024,09:42:02,24918.9,24917.75,100,24918.95,75,275,14466800
NIFTY-I.NFO,30/07/2024,09:42:03,24915.7,24917.75,100,24918.95,25,325,14466800
NIFTY-I.NFO,30/07/2024,09:42:05,24919.7,24918.6,250,24920,50,200,14466800
NIFTY-I.NFO,30/07/2024,09:42:07,24916,24919.2,250,24921.1,100,725,14466800
NIFTY-I.NFO,30/07/2024,09:42:08,24921.05,24918.8,100,24920.55,25,2575,14466800
NIFTY-I.NFO,30/07/2024,09:42:10,24921.25,24920.15,250,24921.85,225,225,14466800
NIFTY-I.NFO,30/07/2024,09:42:12,24920.2,24920.15,25,24921,500,75,14466800
NIFTY-I.NFO,30/07/2024,09:42:13,24919.7,24918.15,100,24921,500,750,14466800
NIFTY-I.NFO,30/07/2024,09:42:15,24921.95,24920.4,250,24921.95,75,550,14466800
NIFTY-I.NFO,30/07/2024,09:42:17,24921.95,24920.55,100,24921.85,25,100,14466800
NIFTY-I.NFO,30/07/2024,09:42:18,24922,24921.35,125,24922,325,250,14466800
NIFTY-I.NFO,30/07/2024,09:42:20,24924.15,24922.55,25,24924.15,25,450,14466800
NIFTY-I.NFO,30/07/2024,09:42:22,24922.05,24922.1,25,24923.15,100,725,14466800
NIFTY-I.NFO,30/07/2024,09:42:23,24921.45,24920.05,25,24921,200,375,14466800
NIFTY-I.NFO,30/07/2024,09:42:25,24920,24918.65,100,24920,200,150,14466800
NIFTY-I.NFO,30/07/2024,09:42:27,24922.7,24920.8,25,24922.45,50,250,14466800
NIFTY-I.NFO,30/07/2024,09:42:28,24920.8,24920,50,24921,125,250,14466800
NIFTY-I.NFO,30/07/2024,09:42:30,24922.05,24919.4,325,24922.05,175,300,14466800
NIFTY-I.NFO,30/07/2024,09:42:32,24922.05,24919.4,450,24922.4,25,75,14466800
NIFTY-I.NFO,30/07/2024,09:42:33,24922,24921.75,25,24922,100,425,14466800
NIFTY-I.NFO,30/07/2024,09:42:35,24922,24921.8,25,24922,25,75,14466800
NIFTY-I.NFO,30/07/2024,09:42:37,24922.9,24921.85,250,24922,25,25,14466800
NIFTY-I.NFO,30/07/2024,09:42:38,24924.45,24922.7,350,24924.45,125,150,14466800
NIFTY-I.NFO,30/07/2024,09:42:40,24924.35,24923.15,25,24924.35,75,100,14466800
NIFTY-I.NFO,30/07/2024,09:42:42,24924.3,24922.7,250,24924.4,75,275,14466800
NIFTY-I.NFO,30/07/2024,09:42:43,24924.3,24922.1,250,24924.2,75,400,14466800
NIFTY-I.NFO,30/07/2024,09:42:45,24923.2,24922.05,250,24922.85,25,75,14482075
NIFTY-I.NFO,30/07/2024,09:42:47,24922.85,24922.05,250,24923.2,50,25,14482075
NIFTY-I.NFO,30/07/2024,09:42:48,24922.85,24922.05,350,24923.65,25,0,14482075
NIFTY-I.NFO,30/07/2024,09:42:50,24922.1,24922.05,350,24923.75,25,125,14482075
NIFTY-I.NFO,30/07/2024,09:42:52,24924.1,24922.4,25,24924.15,25,525,14482075
NIFTY-I.NFO,30/07/2024,09:42:53,24923.3,24922.05,350,24923.3,100,225,14482075
NIFTY-I.NFO,30/07/2024,09:42:55,24925,24923.3,375,24925,75,375,14482075
NIFTY-I.NFO,30/07/2024,09:42:57,24924.95,24923.3,250,24924.95,25,150,14482075
NIFTY-I.NFO,30/07/2024,09:42:58,24923.2,24923,50,24924.3,25,175,14482075
NIFTY-I.NFO,30/07/2024,09:43:00,24923,24923,350,24924.9,25,100,14482075
NIFTY-I.NFO,30/07/2024,09:43:02,24924.4,24922.85,250,24924.75,50,250,14482075
NIFTY-I.NFO,30/07/2024,09:43:03,24923.45,24922.05,200,24923.25,25,125,14482075
NIFTY-I.NFO,30/07/2024,09:43:05,24922.8,24921.95,75,24922.7,25,450,14482075
NIFTY-I.NFO,30/07/2024,09:43:07,24921,24920.05,75,24920.8,50,275,14482075
NIFTY-I.NFO,30/07/2024,09:43:08,24920.45,24919.8,25,24920.45,25,125,14482075
NIFTY-I.NFO,30/07/2024,09:43:10,24922.05,24920.25,450,24922.45,25,2325,14482075
NIFTY-I.NFO,30/07/2024,09:43:12,24920.25,24919.95,25,24921.5,450,125,14482075
NIFTY-I.NFO,30/07/2024,09:43:13,24920.05,24919,25,24920.5,25,225,14482075
NIFTY-I.NFO,30/07/2024,09:43:15,24920.85,24919,50,24921.05,50,325,14482075
NIFTY-I.NFO,30/07/2024,09:43:17,24919,24919,25,24920.2,200,200,14482075
NIFTY-I.NFO,30/07/2024,09:43:18,24919.65,24919.1,125,24919.65,100,125,14482075
NIFTY-I.NFO,30/07/2024,09:43:20,24920.05,24920.1,125,24922,125,175,14482075
NIFTY-I.NFO,30/07/2024,09:43:22,24920.1,24920.1,125,24921.75,50,25,14482075
NIFTY-I.NFO,30/07/2024,09:43:23,24920.1,24920.1,150,24921.7,25,0,14482075
NIFTY-I.NFO,30/07/2024,09:43:25,24920.1,24920.1,125,24921.5,25,25,14482075
NIFTY-I.NFO,30/07/2024,09:43:27,24921.5,24920.55,25,24921.75,50,100,14482075
NIFTY-I.NFO,30/07/2024,09:43:28,24922,24921.45,25,24921.7,25,475,14482075
NIFTY-I.NFO,30/07/2024,09:43:30,24921.7,24921.7,125,24921.75,25,50,14482075
NIFTY-I.NFO,30/07/2024,09:43:32,24920,24919.9,75,24921.35,50,225,14482075
NIFTY-I.NFO,30/07/2024,09:43:33,24921.35,24920.4,75,24921.35,75,25,14482075
NIFTY-I.NFO,30/07/2024,09:43:35,24921.35,24921.3,100,24921.35,25,25,14482075
NIFTY-I.NFO,30/07/2024,09:43:37,24921.75,24922.05,25,24923.75,75,50,14482075
NIFTY-I.NFO,30/07/2024,09:43:38,24923.75,24923.25,75,24923.75,50,25,14482075
NIFTY-I.NFO,30/07/2024,09:43:40,24923.75,24923.25,100,24923.75,25,50,14482075
NIFTY-I.NFO,30/07/2024,09:43:42,24924.55,24923.25,100,24924.85,25,75,14482075
NIFTY-I.NFO,30/07/2024,09:43:43,24924.45,24923.4,25,24925,425,325,14482075
NIFTY-I.NFO,30/07/2024,09:43:45,24925.85,24924.2,250,24926.1,100,575,14482075
NIFTY-I.NFO,30/07/2024,09:43:47,24926,24926,50,24926.15,200,475,14482075
NIFTY-I.NFO,30/07/2024,09:43:48,24925.55,24924.4,25,24925.6,50,300,14482075
NIFTY-I.NFO,30/07/2024,09:43:50,24926.15,24925.95,25,24926,25,75,14482075
NIFTY-I.NFO,30/07/2024,09:43:52,24926.9,24926,50,24927,325,300,14482075
NIFTY-I.NFO,30/07/2024,09:43:53,24927.15,24927.15,25,24927.6,75,150,14482075
NIFTY-I.NFO,30/07/2024,09:43:55,24927.7,24927.7,25,24927.95,250,125,14482075
NIFTY-I.NFO,30/07/2024,09:43:57,24927.7,24924.15,25,24925.85,50,100,14482075
NIFTY-I.NFO,30/07/2024,09:43:58,24926.45,24925.25,25,24927.2,200,75,14482075
NIFTY-I.NFO,30/07/2024,09:44:00,24929.95,24929.4,150,24929.95,25,2750,14482075
NIFTY-I.NFO,30/07/2024,09:44:02,24932.15,24931.75,50,24932.1,25,200,14482075
NIFTY-I.NFO,30/07/2024,09:44:03,24933,24933.05,25,24934.1,25,1175,14482075
NIFTY-I.NFO,30/07/2024,09:44:05,24932.4,24930.35,50,24932.85,125,2025,14482075
NIFTY-I.NFO,30/07/2024,09:44:07,24934,24932.1,50,24933.1,25,800,14482075
NIFTY-I.NFO,30/07/2024,09:44:08,24935,24933.4,275,24935,425,800,14482075
NIFTY-I.NFO,30/07/2024,09:44:10,24936.55,24935.6,350,24937,125,1225,14482075
NIFTY-I.NFO,30/07/2024,09:44:12,24938.45,24937.25,75,24939,125,1250,14482075
NIFTY-I.NFO,30/07/2024,09:44:12,24938.55,24937.25,75,24939,125,0,14482075
NIFTY-I.NFO,30/07/2024,09:44:13,24937.85,24937.05,25,24937.85,100,2625,14482075
NIFTY-I.NFO,30/07/2024,09:44:13,24940,24937.05,25,24937.85,100,0,14482075
NIFTY-I.NFO,30/07/2024,09:44:15,24937.2,24933.6,25,24937.25,75,725,14482075
NIFTY-I.NFO,30/07/2024,09:44:17,24936.5,24934.75,25,24936.4,125,150,14482075
NIFTY-I.NFO,30/07/2024,09:44:18,24938.3,24935.45,75,24938.55,450,500,14482075
NIFTY-I.NFO,30/07/2024,09:44:20,24937.2,24937.2,25,24937.8,100,225,14482075
NIFTY-I.NFO,30/07/2024,09:44:22,24936.2,24936,50,24936.1,25,1250,14482075
NIFTY-I.NFO,30/07/2024,09:44:23,24935.6,24933.15,50,24935.65,50,800,14482075
NIFTY-I.NFO,30/07/2024,09:44:25,24937.75,24934.9,25,24938.1,50,350,14482075
NIFTY-I.NFO,30/07/2024,09:44:27,24939.75,24938.4,50,24940,250,275,14482075
NIFTY-I.NFO,30/07/2024,09:44:28,24945,24943.85,150,24945,1425,2650,14482075
NIFTY-I.NFO,30/07/2024,09:44:28,24945,24943.85,150,24945,1425,0,14482075
NIFTY-I.NFO,30/07/2024,09:44:30,24946.55,24946.6,125,24948.6,25,5650,14482075
NIFTY-I.NFO,30/07/2024,09:44:30,24948.8,24946.6,125,24948.6,25,0,14482075
NIFTY-I.NFO,30/07/2024,09:44:32,24948.75,24946.6,25,24948.8,1775,400,14482075
NIFTY-I.NFO,30/07/2024,09:44:33,24943.5,24943.7,25,24947.7,50,1100,14482075
NIFTY-I.NFO,30/07/2024,09:44:35,24946.8,24942.55,25,24946.7,50,175,14482075
NIFTY-I.NFO,30/07/2024,09:44:37,24946.65,24943.2,250,24945.3,50,1100,14482075
NIFTY-I.NFO,30/07/2024,09:44:38,24941.3,24940.95,50,24943.65,25,600,14482075
NIFTY-I.NFO,30/07/2024,09:44:40,24945,24941.55,50,24945,175,1675,14482075
NIFTY-I.NFO,30/07/2024,09:44:42,24943.8,24942.4,25,24944,3800,350,14482075
NIFTY-I.NFO,30/07/2024,09:44:43,24942.45,24942.45,275,24944,3675,300,14482075
NIFTY-I.NFO,30/07/2024,09:44:45,24944,24943.3,50,24944,3425,250,14482075
NIFTY-I.NFO,30/07/2024,09:44:47,24942.8,24942.1,25,24942.8,50,875,14482075
NIFTY-I.NFO,30/07/2024,09:44:48,24944,24942.55,25,24944,2775,500,14482075
NIFTY-I.NFO,30/07/2024,09:44:50,24944,24942.5,250,24944,2200,650,14482075
NIFTY-I.NFO,30/07/2024,09:44:52,24944,24942.5,300,24944,2125,100,14482075
NIFTY-I.NFO,30/07/2024,09:44:53,24944,24943.25,50,24944,1950,275,14482075
NIFTY-I.NFO,30/07/2024,09:44:55,24943.65,24943.55,275,24945,350,2175,14482075
NIFTY-I.NFO,30/07/2024,09:44:57,24945,24943.65,50,24945,250,175,14482075
NIFTY-I.NFO,30/07/2024,09:44:58,24942.9,24942.9,25,24945.75,25,925,14482075
NIFTY-I.NFO,30/07/2024,09:45:00,24944.3,24944.3,250,24946,75,150,14482075
NIFTY-I.NFO,30/07/2024,09:45:02,24945.3,24945.2,25,24947.3,200,950,14482075
NIFTY-I.NFO,30/07/2024,09:45:03,24944.35,24944.05,250,24947.65,50,1225,14482075
NIFTY-I.NFO,30/07/2024,09:45:05,24946.45,24946.4,250,24948.3,25,275,14482075
NIFTY-I.NFO,30/07/2024,09:45:07,24947,24947,350,24948.75,75,300,14482075
NIFTY-I.NFO,30/07/2024,09:45:08,24948.75,24946.1,350,24948.8,900,775,14482075
NIFTY-I.NFO,30/07/2024,09:45:10,24948.25,24944.15,25,24948.3,125,1225,14482075
NIFTY-I.NFO,30/07/2024,09:45:12,24944.05,24944,100,24947.15,25,275,14482075
NIFTY-I.NFO,30/07/2024,09:45:13,24946.85,24944,50,24945.8,150,600,14482075
NIFTY-I.NFO,30/07/2024,09:45:15,24946.3,24942.85,25,24944,25,350,14482075
NIFTY-I.NFO,30/07/2024,09:45:17,24944.05,24941.4,200,24945.95,25,225,14482075
NIFTY-I.NFO,30/07/2024,09:45:18,24944.9,24944,50,24945.65,25,225,14482075
NIFTY-I.NFO,30/07/2024,09:45:20,24944.85,24942.65,25,24946.1,25,175,14482075
NIFTY-I.NFO,30/07/2024,09:45:22,24942.5,24941.3,50,24945.2,100,125,14482075
NIFTY-I.NFO,30/07/2024,09:45:23,24942.35,24942.3,250,24944.4,200,275,14482075
NIFTY-I.NFO,30/07/2024,09:45:25,24941.2,24941.2,275,24944.55,50,150,14482075
NIFTY-I.NFO,30/07/2024,09:45:27,24942.3,24941.3,25,24942.3,25,225,14482075
NIFTY-I.NFO,30/07/2024,09:45:28,24944.4,24942.3,25,24944.45,25,600,14482075
NIFTY-I.NFO,30/07/2024,09:45:30,24941.25,24940.05,25,24941.2,50,375,14482075
NIFTY-I.NFO,30/07/2024,09:45:32,24940.5,24937.8,25,24940.5,150,1925,14482075
NIFTY-I.NFO,30/07/2024,09:45:33,24939.65,24936,25,24939.05,25,475,14482075
NIFTY-I.NFO,30/07/2024,09:45:35,24936,24935,25,24937.8,50,675,14482075
NIFTY-I.NFO,30/07/2024,09:45:37,24936.4,24935.05,150,24939.2,25,750,14482075
NIFTY-I.NFO,30/07/2024,09:45:38,24940,24936.1,150,24940,850,1300,14482075
NIFTY-I.NFO,30/07/2024,09:45:40,24940,24935.6,100,24939.8,25,500,14482075
NIFTY-I.NFO,30/07/2024,09:45:42,24940,24936.3,50,24940,125,1775,14482075
NIFTY-I.NFO,30/07/2024,09:45:43,24935.75,24939.95,25,24940,125,250,14482075
NIFTY-I.NFO,30/07/2024,09:45:45,24939.6,24937.2,25,24939.15,25,550,14482075
NIFTY-I.NFO,30/07/2024,09:45:47,24940.25,24937.35,250,24940.25,50,175,14489950
NIFTY-I.NFO,30/07/2024,09:45:48,24940,24937.35,250,24940.25,50,100,14489950
NIFTY-I.NFO,30/07/2024,09:45:50,24940,24937.35,250,24940.05,25,1150,14489950
NIFTY-I.NFO,30/07/2024,09:45:52,24936.85,24936.85,25,24940,25,100,14489950
NIFTY-I.NFO,30/07/2024,09:45:53,24937.35,24936.5,100,24940,75,100,14489950
NIFTY-I.NFO,30/07/2024,09:45:55,24936.85,24936.5,75,24939.05,25,50,14489950
NIFTY-I.NFO,30/07/2024,09:45:57,24935.65,24933.7,250,24935.9,50,450,14489950
NIFTY-I.NFO,30/07/2024,09:45:58,24934.05,24934.05,250,24936.8,425,350,14489950
NIFTY-I.NFO,30/07/2024,09:46:00,24931.5,24931.05,25,24931.25,75,325,14489950
NIFTY-I.NFO,30/07/2024,09:46:02,24931.25,24930.45,25,24932.3,25,300,14489950
NIFTY-I.NFO,30/07/2024,09:46:03,24930.05,24930,100,24932.15,25,300,14489950
NIFTY-I.NFO,30/07/2024,09:46:05,24930.05,24930.55,150,24932.15,25,75,14489950
NIFTY-I.NFO,30/07/2024,09:46:07,24935.55,24932.45,25,24936,50,125,14489950
NIFTY-I.NFO,30/07/2024,09:46:08,24935.95,24932.25,50,24935.95,50,200,14489950
NIFTY-I.NFO,30/07/2024,09:46:10,24936,24933.6,25,24935.6,25,1950,14489950
NIFTY-I.NFO,30/07/2024,09:46:12,24935.65,24933.85,25,24935.7,50,75,14489950
NIFTY-I.NFO,30/07/2024,09:46:13,24935,24933.25,250,24935.5,25,300,14489950
NIFTY-I.NFO,30/07/2024,09:46:15,24933.4,24932.05,250,24934.75,200,50,14489950
NIFTY-I.NFO,30/07/2024,09:46:17,24933.6,24932.6,250,24935,25,200,14489950
NIFTY-I.NFO,30/07/2024,09:46:18,24935,24932,25,24935.05,150,175,14489950
NIFTY-I.NFO,30/07/2024,09:46:20,24932,24931.05,275,24934,775,50,14489950
NIFTY-I.NFO,30/07/2024,09:46:22,24932.6,24931.05,275,24933.05,425,50,14489950
NIFTY-I.NFO,30/07/2024,09:46:23,24933.15,24931.05,350,24933.25,200,100,14489950
NIFTY-I.NFO,30/07/2024,09:46:25,24931.05,24931,375,24933.1,625,50,14489950
NIFTY-I.NFO,30/07/2024,09:46:27,24930.7,24930.7,175,24932.45,50,75,14489950
NIFTY-I.NFO,30/07/2024,09:46:28,24932.45,24931.35,50,24932.35,125,50,14489950
NIFTY-I.NFO,30/07/2024,09:46:30,24929.95,24929.75,50,24930.8,250,500,14489950
NIFTY-I.NFO,30/07/2024,09:46:32,24933,24930.75,350,24933,25,50,14489950
NIFTY-I.NFO,30/07/2024,09:46:33,24929.75,24930,125,24932.85,600,200,14489950
NIFTY-I.NFO,30/07/2024,09:46:35,24930,24929.75,125,24930,275,125,14489950
NIFTY-I.NFO,30/07/2024,09:46:37,24930,24929.3,50,24930,175,175,14489950
NIFTY-I.NFO,30/07/2024,09:46:38,24929.35,24929.3,175,24931.9,25,725,14489950
NIFTY-I.NFO,30/07/2024,09:46:40,24931.75,24929.3,75,24931.65,125,75,14489950
NIFTY-I.NFO,30/07/2024,09:46:42,24929,24929,100,24930.25,125,425,14489950
NIFTY-I.NFO,30/07/2024,09:46:43,24930.3,24929,100,24929.85,75,100,14489950
NIFTY-I.NFO,30/07/2024,09:46:45,24929.8,24929.15,125,24929.8,25,75,14489950
NIFTY-I.NFO,30/07/2024,09:46:47,24925,24924.55,125,24928.4,125,1275,14489950
NIFTY-I.NFO,30/07/2024,09:46:48,24927.4,24924.8,125,24928.05,250,225,14489950
NIFTY-I.NFO,30/07/2024,09:46:50,24929.3,24925.2,225,24929.3,275,125,14489950
NIFTY-I.NFO,30/07/2024,09:46:52,24929.55,24928.65,25,24929.8,100,100,14489950
NIFTY-I.NFO,30/07/2024,09:46:53,24929.8,24926.95,125,24929.8,50,300,14489950
NIFTY-I.NFO,30/07/2024,09:46:55,24929.55,24926.95,125,24929.8,50,25,14489950
NIFTY-I.NFO,30/07/2024,09:46:57,24927.55,24927.75,250,24930,675,125,14489950
NIFTY-I.NFO,30/07/2024,09:46:58,24927.65,24927.65,50,24930,675,175,14489950
NIFTY-I.NFO,30/07/2024,09:47:00,24926.15,24927.25,150,24930,1200,125,14489950
NIFTY-I.NFO,30/07/2024,09:47:02,24927.65,24927.4,375,24930,1225,75,14489950
NIFTY-I.NFO,30/07/2024,09:47:03,24930,24927.4,275,24930,1675,100,14489950
NIFTY-I.NFO,30/07/2024,09:47:05,24930,24927.4,300,24930,1600,75,14489950
NIFTY-I.NFO,30/07/2024,09:47:07,24930,24928.25,250,24930,1975,125,14489950
NIFTY-I.NFO,30/07/2024,09:47:08,24930,24928.85,25,24930,1825,900,14489950
NIFTY-I.NFO,30/07/2024,09:47:10,24930,24928.7,350,24930,1175,650,14489950
NIFTY-I.NFO,30/07/2024,09:47:12,24932.95,24930.55,275,24932.95,50,1325,14489950
NIFTY-I.NFO,30/07/2024,09:47:13,24932.95,24930.55,350,24933,25,100,14489950
NIFTY-I.NFO,30/07/2024,09:47:15,24930.4,24929.05,25,24930.95,75,175,14489950
NIFTY-I.NFO,30/07/2024,09:47:17,24929.1,24927.6,25,24929.2,75,150,14489950
NIFTY-I.NFO,30/07/2024,09:47:18,24929.8,24926.15,350,24930,250,50,14489950
NIFTY-I.NFO,30/07/2024,09:47:20,24930.6,24927.9,550,24930.85,25,275,14489950
NIFTY-I.NFO,30/07/2024,09:47:22,24930.85,24929.3,250,24931.95,25,275,14489950
NIFTY-I.NFO,30/07/2024,09:47:23,24931.2,24930.05,75,24931.25,125,100,14489950
NIFTY-I.NFO,30/07/2024,09:47:25,24931.8,24931,50,24932.3,125,50,14489950
NIFTY-I.NFO,30/07/2024,09:47:27,24930,24929.8,25,24930,400,275,14489950
NIFTY-I.NFO,30/07/2024,09:47:28,24930,24928.6,275,24930.8,75,475,14489950
NIFTY-I.NFO,30/07/2024,09:47:30,24929.55,24928.6,25,24929.55,25,125,14489950
NIFTY-I.NFO,30/07/2024,09:47:32,24927.3,24928.6,25,24929.7,25,125,14489950
NIFTY-I.NFO,30/07/2024,09:47:34,24927,24925.6,250,24929.25,25,50,14489950
NIFTY-I.NFO,30/07/2024,09:47:35,24929.25,24927.3,125,24929.45,125,50,14489950
NIFTY-I.NFO,30/07/2024,09:47:37,24929.5,24927.35,25,24928.2,50,200,14489950
NIFTY-I.NFO,30/07/2024,09:47:39,24929.5,24927.4,50,24928.6,25,0,14489950
NIFTY-I.NFO,30/07/2024,09:47:40,24927.4,24927,75,24928.15,125,25,14489950
NIFTY-I.NFO,30/07/2024,09:47:42,24927,24927,75,24928.6,50,25,14489950
NIFTY-I.NFO,30/07/2024,09:47:44,24927,24925.6,50,24927,50,75,14489950
NIFTY-I.NFO,30/07/2024,09:47:45,24925.6,24925.55,50,24926.3,25,125,14489950
NIFTY-I.NFO,30/07/2024,09:47:47,24925,24924,100,24925.3,25,725,14489950
NIFTY-I.NFO,30/07/2024,09:47:49,24924,24924,75,24924.5,50,75,14489950
NIFTY-I.NFO,30/07/2024,09:47:50,24925.05,24924.05,125,24925.05,25,125,14489950
NIFTY-I.NFO,30/07/2024,09:47:52,24926.35,24924.05,225,24925,25,150,14489950
NIFTY-I.NFO,30/07/2024,09:47:54,24925,24924.05,175,24925.7,125,75,14489950
NIFTY-I.NFO,30/07/2024,09:47:55,24924.4,24924.4,275,24926.1,75,100,14489950
NIFTY-I.NFO,30/07/2024,09:47:57,24926.45,24924.4,450,24926.9,25,75,14489950
NIFTY-I.NFO,30/07/2024,09:47:59,24926.9,24924.9,125,24926,25,50,14489950
NIFTY-I.NFO,30/07/2024,09:48:00,24927,24925.3,175,24927,75,125,14489950
NIFTY-I.NFO,30/07/2024,09:48:02,24928,24925.55,450,24928.55,25,200,14489950
NIFTY-I.NFO,30/07/2024,09:48:04,24926.9,24927.2,250,24929,25,75,14489950
NIFTY-I.NFO,30/07/2024,09:48:05,24927.6,24927.6,325,24929.4,25,50,14489950
NIFTY-I.NFO,30/07/2024,09:48:07,24929.75,24927.75,500,24929.95,100,50,14489950
NIFTY-I.NFO,30/07/2024,09:48:09,24929.25,24927.8,100,24929.45,175,125,14489950
NIFTY-I.NFO,30/07/2024,09:48:10,24928.9,24927.8,125,24928.85,200,50,14489950
NIFTY-I.NFO,30/07/2024,09:48:12,24928.5,24926.85,350,24928.65,25,150,14489950
NIFTY-I.NFO,30/07/2024,09:48:14,24927.75,24926.4,275,24927.8,50,350,14489950
NIFTY-I.NFO,30/07/2024,09:48:15,24927.65,24926,25,24926.4,125,1000,14489950
NIFTY-I.NFO,30/07/2024,09:48:17,24922,24920.6,25,24922,275,825,14489950
NIFTY-I.NFO,30/07/2024,09:48:18,24918.15,24918.1,50,24918.75,50,600,14489950
NIFTY-I.NFO,30/07/2024,09:48:20,24915,24914,25,24915.35,100,500,14489950
NIFTY-I.NFO,30/07/2024,09:48:22,24911.8,24912.8,450,24915.3,50,500,14489950
NIFTY-I.NFO,30/07/2024,09:48:23,24911.05,24906.35,225,24910.4,125,3275,14489950
NIFTY-I.NFO,30/07/2024,09:48:25,24907.05,24906.75,25,24910.9,25,225,14489950
NIFTY-I.NFO,30/07/2024,09:48:27,24905.85,24905.4,125,24906.95,75,125,14489950
NIFTY-I.NFO,30/07/2024,09:48:28,24903.2,24903,25,24905.25,100,1475,14489950
NIFTY-I.NFO,30/07/2024,09:48:30,24900,24900,1950,24902.25,250,5525,14489950
NIFTY-I.NFO,30/07/2024,09:48:32,24893.95,24891.4,75,24893.95,75,5375,14489950
NIFTY-I.NFO,30/07/2024,09:48:33,24887,24889.15,150,24890.9,125,3325,14489950
NIFTY-I.NFO,30/07/2024,09:48:35,24889.5,24889.5,75,24890.15,75,1325,14489950
NIFTY-I.NFO,30/07/2024,09:48:37,24890.5,24886.55,125,24890.15,50,2900,14489950
NIFTY-I.NFO,30/07/2024,09:48:38,24889.15,24889.45,150,24891.55,200,1025,14489950
NIFTY-I.NFO,30/07/2024,09:48:40,24888.85,24888.15,225,24891.4,25,525,14489950
NIFTY-I.NFO,30/07/2024,09:48:42,24891.35,24891.4,125,24895.15,25,2325,14489950
NIFTY-I.NFO,30/07/2024,09:48:43,24895.5,24893.45,50,24896.05,25,1600,14489950
NIFTY-I.NFO,30/07/2024,09:48:45,24895.95,24895.9,250,24898.45,25,800,14489950
NIFTY-I.NFO,30/07/2024,09:48:47,24898.25,24896,125,24899.25,25,175,14492150
NIFTY-I.NFO,30/07/2024,09:48:48,24899.35,24896.1,25,24899.1,50,475,14492150
NIFTY-I.NFO,30/07/2024,09:48:50,24899.25,24896.05,75,24899.5,50,1550,14492150
NIFTY-I.NFO,30/07/2024,09:48:52,24897.95,24897.9,25,24899.5,50,125,14492150
NIFTY-I.NFO,30/07/2024,09:48:53,24897.95,24895.95,25,24898.7,50,225,14492150
NIFTY-I.NFO,30/07/2024,09:48:55,24898.3,24895.95,25,24897.9,25,325,14492150
NIFTY-I.NFO,30/07/2024,09:48:57,24897.25,24895.2,150,24897.9,50,75,14492150
NIFTY-I.NFO,30/07/2024,09:48:58,24893.3,24893.3,50,24895.95,175,350,14492150
NIFTY-I.NFO,30/07/2024,09:49:00,24891.75,24891.75,125,24893,25,250,14492150
NIFTY-I.NFO,30/07/2024,09:49:02,24892.35,24890.1,175,24893.4,50,250,14492150
NIFTY-I.NFO,30/07/2024,09:49:03,24896,24892.35,75,24895.9,50,1575,14492150
NIFTY-I.NFO,30/07/2024,09:49:05,24894.65,24893.55,25,24896.8,50,250,14492150
NIFTY-I.NFO,30/07/2024,09:49:07,24899,24897.45,125,24899,425,800,14492150
NIFTY-I.NFO,30/07/2024,09:49:08,24899,24897.9,200,24899,325,550,14492150
NIFTY-I.NFO,30/07/2024,09:49:10,24904.8,24901.75,50,24904.7,50,800,14492150
NIFTY-I.NFO,30/07/2024,09:49:12,24908.2,24905.4,100,24909,75,5250,14492150
NIFTY-I.NFO,30/07/2024,09:49:13,24908.35,24906.45,225,24909,50,100,14492150
NIFTY-I.NFO,30/07/2024,09:49:15,24909,24907.55,175,24909,25,50,14492150
NIFTY-I.NFO,30/07/2024,09:49:17,24908.1,24908.1,25,24910.75,50,725,14492150
NIFTY-I.NFO,30/07/2024,09:49:18,24912.05,24909.9,125,24913.05,225,50,14492150
NIFTY-I.NFO,30/07/2024,09:49:20,24910,24909.9,25,24911.1,25,75,14492150
NIFTY-I.NFO,30/07/2024,09:49:22,24909.05,24904.7,500,24908.45,50,450,14492150
NIFTY-I.NFO,30/07/2024,09:49:23,24908.45,24905.2,150,24909.15,75,250,14492150
NIFTY-I.NFO,30/07/2024,09:49:25,24909.15,24905.8,50,24909.85,25,50,14492150
NIFTY-I.NFO,30/07/2024,09:49:27,24908.8,24904.7,500,24908.6,75,725,14492150
NIFTY-I.NFO,30/07/2024,09:49:28,24907.45,24905,250,24907.6,175,25,14492150
NIFTY-I.NFO,30/07/2024,09:49:30,24906.85,24905.3,225,24908.75,175,75,14492150
