Ticker,Date,Time,LTP,BuyPrice,BuyQty,SellPrice,SellQty,LTQ,OpenInterest
BANKNIFTY-III.NFO,11/12/2024,09:15:35,54330,54301.05,120,54349.75,120,30,0
BANKNIFTY-III.NFO,11/12/2024,09:15:35,54330,54301.05,120,54349.75,120,0,0
BANKNIFTY-III.NFO,11/12/2024,09:15:35,54330,54301.05,120,54349.75,120,0,0
BANKNIFTY-III.NFO,11/12/2024,09:15:35,54330,54301.05,120,54349.75,120,0,0
BANKNIFTY-III.NFO,11/12/2024,09:15:36,54330,54301.05,120,54339.75,120,0,57360
BANKNIFTY-III.NFO,11/12/2024,09:15:38,54330,54301.05,120,54329.75,120,0,57360
BANKNIFTY-III.NFO,11/12/2024,09:15:39,54330,54301.05,120,54347.25,120,0,57360
BANKNIFTY-III.NFO,11/12/2024,09:15:41,54330,54301.05,120,54346.2,60,0,57360
BANKNIFTY-III.NFO,11/12/2024,09:15:42,54330,54301.05,120,54341.25,120,0,57360
BANKNIFTY-III.NFO,11/12/2024,09:15:44,54341.25,54301.05,120,54340.85,90,30,57360
BANKNIFTY-III.NFO,11/12/2024,09:15:44,54341.25,54301.05,120,54340.85,90,0,57360
BANKNIFTY-III.NFO,11/12/2024,09:15:45,54341.25,54301.05,120,54335.85,90,0,57360
BANKNIFTY-III.NFO,11/12/2024,09:15:47,54341.25,54301.05,120,54330.5,60,0,57360
BANKNIFTY-III.NFO,11/12/2024,09:15:50,54341.25,54301.05,120,54348.9,90,0,57360
BANKNIFTY-III.NFO,11/12/2024,09:15:51,54341.25,54301.05,120,54343.8,90,0,57360
BANKNIFTY-III.NFO,11/12/2024,09:15:53,54341.25,54301.05,120,54333.7,90,0,57360
BANKNIFTY-III.NFO,11/12/2024,09:15:55,54341.25,54301,60,54323.6,90,0,57360
BANKNIFTY-III.NFO,11/12/2024,09:15:56,54341.25,54305,30,54318.5,90,0,57360
BANKNIFTY-III.NFO,11/12/2024,09:15:58,54341.25,54305,30,54325.85,90,0,57360
BANKNIFTY-III.NFO,11/12/2024,09:15:59,54341.25,54315,30,54322.65,90,0,57360
BANKNIFTY-III.NFO,11/12/2024,09:16:01,54301,54280.05,120,54312.75,90,90,57360
BANKNIFTY-III.NFO,11/12/2024,09:16:01,54301,54280.05,120,54312.75,90,0,57360
BANKNIFTY-III.NFO,11/12/2024,09:16:02,54301,54280.05,120,54308.05,90,0,57360
BANKNIFTY-III.NFO,11/12/2024,09:16:04,54280,54280.05,30,54298.55,120,210,57360
BANKNIFTY-III.NFO,11/12/2024,09:16:04,54280,54280.05,30,54298.55,120,0,57360
BANKNIFTY-III.NFO,11/12/2024,09:16:05,54280,54280.05,30,54301.4,120,0,57360
BANKNIFTY-III.NFO,11/12/2024,09:16:06,54280,54280.05,30,54304.35,120,0,57360
BANKNIFTY-III.NFO,11/12/2024,09:16:08,54280,54280.05,30,54295.85,120,0,57360
BANKNIFTY-III.NFO,11/12/2024,09:16:10,54280,54280,270,54296.65,120,0,57360
BANKNIFTY-III.NFO,11/12/2024,09:16:11,54280,54260.05,30,54292.2,120,270,57360
BANKNIFTY-III.NFO,11/12/2024,09:16:13,54280,54260.05,30,54294.65,120,0,57360
BANKNIFTY-III.NFO,11/12/2024,09:16:14,54280,54260.05,30,54289.85,120,0,57360
BANKNIFTY-III.NFO,11/12/2024,09:16:16,54280,54280.05,30,54299.45,120,0,57360
BANKNIFTY-III.NFO,11/12/2024,09:16:17,54280,54260,60,54292.65,120,60,57360
BANKNIFTY-III.NFO,11/12/2024,09:16:19,54280,54260,60,54287.8,60,0,57360
BANKNIFTY-III.NFO,11/12/2024,09:16:20,54280,54260,60,54287.1,60,0,57360
BANKNIFTY-III.NFO,11/12/2024,09:16:22,54280,54260,60,54293.05,120,0,57360
BANKNIFTY-III.NFO,11/12/2024,09:16:23,54280,54260,60,54288.35,120,0,57360
BANKNIFTY-III.NFO,11/12/2024,09:16:25,54280,54260,60,54293.05,120,0,57360
BANKNIFTY-III.NFO,11/12/2024,09:16:26,54280,54260,90,54293.1,60,0,57360
BANKNIFTY-III.NFO,11/12/2024,09:16:28,54280,54260,90,54289.6,60,0,57360
BANKNIFTY-III.NFO,11/12/2024,09:16:29,54280,54260,90,54292.25,120,0,57360
BANKNIFTY-III.NFO,11/12/2024,09:16:31,54280,54260,90,54292.3,60,0,57360
BANKNIFTY-III.NFO,11/12/2024,09:16:32,54280,54260,90,54294.35,120,0,57360
BANKNIFTY-III.NFO,11/12/2024,09:16:34,54280,54260,90,54298.2,60,0,57360
BANKNIFTY-III.NFO,11/12/2024,09:16:35,54280,54260,90,54295.3,60,0,57360
BANKNIFTY-III.NFO,11/12/2024,09:16:38,54280,54260.05,210,54296.95,120,0,57360
BANKNIFTY-III.NFO,11/12/2024,09:16:39,54280,54260.05,60,54293.15,120,0,57360
BANKNIFTY-III.NFO,11/12/2024,09:16:41,54280,54260.05,60,54297.2,60,0,57360
BANKNIFTY-III.NFO,11/12/2024,09:16:42,54280,54261.7,30,54296.75,120,0,57360
BANKNIFTY-III.NFO,11/12/2024,09:16:44,54280,54267.7,30,54299.8,60,0,57360
BANKNIFTY-III.NFO,11/12/2024,09:16:45,54280,54264.7,120,54302.1,60,0,57360
BANKNIFTY-III.NFO,11/12/2024,09:16:47,54280,54267,30,54299.85,120,0,57360
BANKNIFTY-III.NFO,11/12/2024,09:16:48,54280,54267.05,120,54300.95,120,0,57360
BANKNIFTY-III.NFO,11/12/2024,09:16:50,54280,54270.45,30,54300.6,60,0,57360
BANKNIFTY-III.NFO,11/12/2024,09:16:51,54280,54271.05,30,54301.95,120,0,57360
BANKNIFTY-III.NFO,11/12/2024,09:16:52,54280,54280,30,54306.4,120,0,57360
BANKNIFTY-III.NFO,11/12/2024,09:16:54,54280,54280,30,54310.25,120,0,57360
BANKNIFTY-III.NFO,11/12/2024,09:16:55,54280,54280,30,54308.85,120,0,57360
BANKNIFTY-III.NFO,11/12/2024,09:16:57,54280,54280.05,120,54311.85,120,0,57360
BANKNIFTY-III.NFO,11/12/2024,09:16:58,54280,54280.8,30,54312.4,120,0,57360
BANKNIFTY-III.NFO,11/12/2024,09:17:00,54280,54281.1,30,54312,120,0,57360
BANKNIFTY-III.NFO,11/12/2024,09:17:01,54280,54288.5,30,54332.5,120,0,57360
BANKNIFTY-III.NFO,11/12/2024,09:17:03,54280,54287.55,120,54328.5,120,0,57360
BANKNIFTY-III.NFO,11/12/2024,09:17:04,54280,54285.7,30,54325.2,120,0,57360
BANKNIFTY-III.NFO,11/12/2024,09:17:06,54280,54291.25,30,54334.4,120,0,57360
BANKNIFTY-III.NFO,11/12/2024,09:17:07,54280,54286.1,30,54328.8,120,0,57360
BANKNIFTY-III.NFO,11/12/2024,09:17:09,54280,54287.45,30,54330.9,120,0,57360
BANKNIFTY-III.NFO,11/12/2024,09:17:10,54280,54292.35,30,54334.8,120,0,57360
BANKNIFTY-III.NFO,11/12/2024,09:17:12,54280,54296.1,30,54338.35,120,0,57360
BANKNIFTY-III.NFO,11/12/2024,09:17:13,54280,54299.15,30,54338.15,180,0,57360
BANKNIFTY-III.NFO,11/12/2024,09:17:15,54280,54296.5,30,54337.95,120,0,57360
BANKNIFTY-III.NFO,11/12/2024,09:17:17,54280,54297.4,30,54339.55,120,0,57360
BANKNIFTY-III.NFO,11/12/2024,09:17:18,54280,54293.6,30,54334.35,120,0,57360
BANKNIFTY-III.NFO,11/12/2024,09:17:20,54280,54291.35,30,54332.45,120,0,57360
BANKNIFTY-III.NFO,11/12/2024,09:17:21,54280,54292.5,30,54331.25,120,0,57360
BANKNIFTY-III.NFO,11/12/2024,09:17:23,54280,54288.35,60,54330.4,120,0,57360
BANKNIFTY-III.NFO,11/12/2024,09:17:24,54280,54288.7,30,54335.15,120,0,57360
BANKNIFTY-III.NFO,11/12/2024,09:17:26,54280,54288.55,60,54329.3,120,0,57360
BANKNIFTY-III.NFO,11/12/2024,09:17:28,54280,54288.55,60,54335.05,120,0,57360
BANKNIFTY-III.NFO,11/12/2024,09:17:29,54280,54288.55,60,54330.05,120,0,57360
BANKNIFTY-III.NFO,11/12/2024,09:17:31,54280,54288.55,60,54328.45,120,0,57360
BANKNIFTY-III.NFO,11/12/2024,09:17:32,54280,54283.95,30,54324.75,120,0,57360
BANKNIFTY-III.NFO,11/12/2024,09:17:35,54280,54283.95,30,54324.55,120,0,57360
BANKNIFTY-III.NFO,11/12/2024,09:17:37,54280,54283.95,30,54323.35,120,0,57360
BANKNIFTY-III.NFO,11/12/2024,09:17:38,54280,54283.95,30,54323.25,120,0,57360
BANKNIFTY-III.NFO,11/12/2024,09:17:40,54280,54283.95,30,54322.75,120,0,57360
BANKNIFTY-III.NFO,11/12/2024,09:17:41,54280,54290,30,54322.75,120,0,57360
BANKNIFTY-III.NFO,11/12/2024,09:17:43,54280,54290,30,54325.85,120,0,57360
BANKNIFTY-III.NFO,11/12/2024,09:17:44,54280,54290,30,54325.55,120,0,57360
BANKNIFTY-III.NFO,11/12/2024,09:17:47,54280,54290,30,54333.55,120,0,57360
BANKNIFTY-III.NFO,11/12/2024,09:17:49,54280,54290,30,54328.15,120,0,57360
BANKNIFTY-III.NFO,11/12/2024,09:17:50,54280,54290,30,54325.75,120,0,57360
BANKNIFTY-III.NFO,11/12/2024,09:17:55,54280,54290,30,54332.45,180,0,57360
BANKNIFTY-III.NFO,11/12/2024,09:17:58,54280,54290,30,54332.15,120,0,57360
BANKNIFTY-III.NFO,11/12/2024,09:17:59,54280,54283.95,30,54327.85,120,0,57360
BANKNIFTY-III.NFO,11/12/2024,09:18:01,54280,54283.95,30,54326.1,120,0,57360
BANKNIFTY-III.NFO,11/12/2024,09:18:02,54280,54283.95,30,54324.5,120,0,57360
BANKNIFTY-III.NFO,11/12/2024,09:18:05,54324.4,54284,30,54335.05,120,30,57360
BANKNIFTY-III.NFO,11/12/2024,09:18:07,54324.4,54284,30,54326.45,120,0,57360
BANKNIFTY-III.NFO,11/12/2024,09:18:08,54324.4,54284,30,54331.95,120,0,57360
BANKNIFTY-III.NFO,11/12/2024,09:18:10,54324.4,54284,30,54330.35,120,0,57360
BANKNIFTY-III.NFO,11/12/2024,09:18:11,54324.4,54284,30,54329.65,120,0,57360
BANKNIFTY-III.NFO,11/12/2024,09:18:13,54324.5,54284,30,54333.2,120,30,57360
BANKNIFTY-III.NFO,11/12/2024,09:18:14,54324.5,54284,30,54333,120,0,57360
BANKNIFTY-III.NFO,11/12/2024,09:18:16,54324.5,54284,30,54332.9,120,0,57360
BANKNIFTY-III.NFO,11/12/2024,09:18:19,54324.5,54284.95,90,54338.35,120,0,57360
BANKNIFTY-III.NFO,11/12/2024,09:18:21,54324.5,54285.1,90,54338.35,120,0,57360
BANKNIFTY-III.NFO,11/12/2024,09:18:22,54438.95,54295,120,54377.85,90,900,57360
BANKNIFTY-III.NFO,11/12/2024,09:18:22,54438.95,54295,120,54377.85,90,0,57360
BANKNIFTY-III.NFO,11/12/2024,09:18:24,54438.95,54324.5,30,54350.65,90,0,57360
BANKNIFTY-III.NFO,11/12/2024,09:18:25,54438.95,54324.5,30,54350.55,90,0,57360
BANKNIFTY-III.NFO,11/12/2024,09:18:27,54438.95,54324.55,60,54350.45,90,0,57360
BANKNIFTY-III.NFO,11/12/2024,09:18:29,54438.95,54324.65,60,54355.3,90,0,57360
BANKNIFTY-III.NFO,11/12/2024,09:18:30,54438.95,54325.55,60,54355.2,90,0,57360
BANKNIFTY-III.NFO,11/12/2024,09:18:32,54438.95,54325.55,60,54355.1,90,0,57360
BANKNIFTY-III.NFO,11/12/2024,09:18:34,54438.95,54328.95,60,54355,90,0,57360
BANKNIFTY-III.NFO,11/12/2024,09:18:35,54438.95,54331.85,60,54354.9,90,0,57360
BANKNIFTY-III.NFO,11/12/2024,09:18:37,54438.95,54334.35,60,54354.8,90,0,57360
BANKNIFTY-III.NFO,11/12/2024,09:18:39,54438.95,54331.95,60,54354.7,90,0,57360
BANKNIFTY-III.NFO,11/12/2024,09:18:40,54438.95,54331.4,60,54354.6,90,0,57360
BANKNIFTY-III.NFO,11/12/2024,09:18:42,54438.95,54328.35,120,54354.5,90,0,57360
BANKNIFTY-III.NFO,11/12/2024,09:18:44,54438.95,54324.5,30,54354.4,90,0,57360
BANKNIFTY-III.NFO,11/12/2024,09:18:45,54438.95,54327.95,120,54354.3,90,0,57360
BANKNIFTY-III.NFO,11/12/2024,09:18:47,54438.95,54329,120,54362.75,90,0,57360
BANKNIFTY-III.NFO,11/12/2024,09:18:48,54438.95,54325.15,120,54355.1,90,0,57360
BANKNIFTY-III.NFO,11/12/2024,09:18:50,54438.95,54326.95,120,54356.85,90,0,57360
BANKNIFTY-III.NFO,11/12/2024,09:18:52,54438.95,54327.55,120,54356.75,90,0,57360
BANKNIFTY-III.NFO,11/12/2024,09:18:53,54438.95,54324.5,30,54349.55,90,0,57360
BANKNIFTY-III.NFO,11/12/2024,09:18:55,54438.95,54324.5,30,54349.45,90,0,57360
BANKNIFTY-III.NFO,11/12/2024,09:18:57,54438.95,54324.5,30,54348.7,90,0,57360
BANKNIFTY-III.NFO,11/12/2024,09:18:58,54438.95,54324.5,30,54348.6,90,0,57360
BANKNIFTY-III.NFO,11/12/2024,09:19:00,54438.95,54324.5,30,54346,90,0,57360
BANKNIFTY-III.NFO,11/12/2024,09:19:01,54438.95,54324.5,30,54345.9,90,0,57360
BANKNIFTY-III.NFO,11/12/2024,09:19:03,54438.95,54324.5,30,54344.7,90,0,57360
BANKNIFTY-III.NFO,11/12/2024,09:19:05,54438.95,54324.5,30,54341.6,90,0,57360
BANKNIFTY-III.NFO,11/12/2024,09:19:06,54438.95,54324.5,30,54340.4,90,0,57360
BANKNIFTY-III.NFO,11/12/2024,09:19:08,54438.95,54324.5,30,54340.3,120,0,57360
BANKNIFTY-III.NFO,11/12/2024,09:19:09,54438.95,54324.55,120,54343.2,90,0,57360
BANKNIFTY-III.NFO,11/12/2024,09:19:11,54438.95,54324.5,30,54343.1,90,0,57360
BANKNIFTY-III.NFO,11/12/2024,09:19:13,54438.95,54324.5,30,54343,90,0,57360
BANKNIFTY-III.NFO,11/12/2024,09:19:14,54438.95,54324.5,30,54346.5,90,0,57360
BANKNIFTY-III.NFO,11/12/2024,09:19:16,54438.95,54324.5,30,54346.4,90,0,57360
BANKNIFTY-III.NFO,11/12/2024,09:19:18,54438.95,54324.5,30,54344.95,90,0,57360
BANKNIFTY-III.NFO,11/12/2024,09:19:19,54438.95,54324.5,30,54338.3,90,0,57360
BANKNIFTY-III.NFO,11/12/2024,09:19:21,54438.95,54324.5,30,54337.1,90,0,57360
BANKNIFTY-III.NFO,11/12/2024,09:19:23,54438.95,54324.5,30,54336.65,90,0,57360
BANKNIFTY-III.NFO,11/12/2024,09:19:24,54438.95,54324.5,30,54333.65,90,0,57360
BANKNIFTY-III.NFO,11/12/2024,09:19:26,54438.95,54324.5,30,54333.55,90,0,57360
BANKNIFTY-III.NFO,11/12/2024,09:19:28,54438.95,54324.5,30,54333.45,90,0,57360
BANKNIFTY-III.NFO,11/12/2024,09:19:29,54438.95,54324.5,30,54333.35,90,0,57360
BANKNIFTY-III.NFO,11/12/2024,09:19:31,54438.95,54324.5,30,54333.25,90,0,57360
BANKNIFTY-III.NFO,11/12/2024,09:19:33,54438.95,54324.5,30,54337.15,90,0,57360
BANKNIFTY-III.NFO,11/12/2024,09:19:34,54438.95,54324.55,120,54345.6,90,0,57360
BANKNIFTY-III.NFO,11/12/2024,09:19:36,54438.95,54324.55,120,54345.5,90,0,57360
BANKNIFTY-III.NFO,11/12/2024,09:19:38,54438.95,54324.75,120,54346.75,90,0,57360
BANKNIFTY-III.NFO,11/12/2024,09:19:39,54438.95,54324.55,120,54345.75,90,0,57360
BANKNIFTY-III.NFO,11/12/2024,09:19:41,54438.95,54326.75,120,54346,90,0,57360
BANKNIFTY-III.NFO,11/12/2024,09:19:43,54438.95,54332.55,120,54350.25,90,0,57360
BANKNIFTY-III.NFO,11/12/2024,09:19:44,54438.95,54341.85,120,54361.45,90,0,57360
BANKNIFTY-III.NFO,11/12/2024,09:19:46,54438.95,54341.7,120,54361.35,90,0,57360
BANKNIFTY-III.NFO,11/12/2024,09:19:48,54438.95,54341.55,150,54361.3,30,0,57360
BANKNIFTY-III.NFO,11/12/2024,09:19:49,54438.95,54346.4,120,54366.1,90,0,57360
BANKNIFTY-III.NFO,11/12/2024,09:19:51,54438.95,54339.25,60,54356.25,90,0,57360
BANKNIFTY-III.NFO,11/12/2024,09:19:53,54438.95,54340.3,60,54359.9,90,0,57360
BANKNIFTY-III.NFO,11/12/2024,09:19:54,54438.95,54340.35,120,54364.45,90,0,57360
BANKNIFTY-III.NFO,11/12/2024,09:19:56,54438.95,54349.9,120,54369.3,90,0,57360
BANKNIFTY-III.NFO,11/12/2024,09:19:58,54438.95,54346.55,120,54369.2,90,0,57360
BANKNIFTY-III.NFO,11/12/2024,09:19:59,54438.95,54345.5,120,54369.1,90,0,57360
BANKNIFTY-III.NFO,11/12/2024,09:20:01,54438.95,54334.35,120,54369,90,0,57360
BANKNIFTY-III.NFO,11/12/2024,09:20:03,54438.95,54335.4,120,54368.9,90,0,57360
BANKNIFTY-III.NFO,11/12/2024,09:20:04,54438.95,54340.4,120,54367.5,90,0,57360
BANKNIFTY-III.NFO,11/12/2024,09:20:06,54438.95,54347.9,120,54370.95,90,0,57360
BANKNIFTY-III.NFO,11/12/2024,09:20:07,54438.95,54346.15,120,54370.85,90,0,57360
BANKNIFTY-III.NFO,11/12/2024,09:20:09,54438.95,54351.75,120,54370.75,90,0,57360
BANKNIFTY-III.NFO,11/12/2024,09:20:12,54438.95,54353.15,120,54370.7,30,0,57360
BANKNIFTY-III.NFO,11/12/2024,09:20:14,54359.35,54351,90,54370.7,30,210,57360
BANKNIFTY-III.NFO,11/12/2024,09:20:15,54359.35,54351,90,54370.7,30,0,58080
BANKNIFTY-III.NFO,11/12/2024,09:20:17,54359.35,54351,90,54379.6,30,0,58080
BANKNIFTY-III.NFO,11/12/2024,09:20:19,54359.35,54351,90,54389.25,120,0,58080
BANKNIFTY-III.NFO,11/12/2024,09:20:20,54359.35,54351,90,54389.15,120,0,58080
BANKNIFTY-III.NFO,11/12/2024,09:20:22,54359.35,54344.55,60,54389.05,120,0,58080
BANKNIFTY-III.NFO,11/12/2024,09:20:23,54359.35,54344.55,60,54388.95,120,0,58080
BANKNIFTY-III.NFO,11/12/2024,09:20:25,54359.35,54344.55,60,54388.85,120,0,58080
BANKNIFTY-III.NFO,11/12/2024,09:20:27,54359.35,54338.05,60,54388.75,120,0,58080
BANKNIFTY-III.NFO,11/12/2024,09:20:28,54359.35,54338.05,60,54388.65,120,0,58080
BANKNIFTY-III.NFO,11/12/2024,09:20:30,54359.35,54338.05,60,54363.9,120,0,58080
BANKNIFTY-III.NFO,11/12/2024,09:20:32,54359.35,54333.5,60,54366.5,120,0,58080
BANKNIFTY-III.NFO,11/12/2024,09:20:33,54359.35,54324.55,60,54366.4,120,0,58080
BANKNIFTY-III.NFO,11/12/2024,09:20:35,54359.35,54324.55,60,54366.3,120,0,58080
BANKNIFTY-III.NFO,11/12/2024,09:20:36,54359.35,54324.55,60,54366.2,120,0,58080
BANKNIFTY-III.NFO,11/12/2024,09:20:38,54359.35,54324.55,60,54366.1,120,0,58080
BANKNIFTY-III.NFO,11/12/2024,09:20:40,54359.35,54324.55,60,54366,120,0,58080
BANKNIFTY-III.NFO,11/12/2024,09:20:41,54359.35,54324.55,60,54365.9,120,0,58080
BANKNIFTY-III.NFO,11/12/2024,09:20:43,54359.35,54324.5,30,54353.45,120,0,58080
BANKNIFTY-III.NFO,11/12/2024,09:20:45,54359.35,54324.5,30,54352.6,120,0,58080
BANKNIFTY-III.NFO,11/12/2024,09:20:47,54359.35,54324.5,30,54352.5,120,0,58080
BANKNIFTY-III.NFO,11/12/2024,09:20:48,54359.35,54324.5,30,54352.4,120,0,58080
BANKNIFTY-III.NFO,11/12/2024,09:20:50,54359.35,54324.55,60,54379.85,120,0,58080
BANKNIFTY-III.NFO,11/12/2024,09:20:51,54359.35,54324.55,60,54379.75,120,0,58080
BANKNIFTY-III.NFO,11/12/2024,09:20:53,54359.35,54324.55,60,54379.65,120,0,58080
BANKNIFTY-III.NFO,11/12/2024,09:20:55,54359.35,54324.55,60,54379.55,120,0,58080
BANKNIFTY-III.NFO,11/12/2024,09:20:56,54359.35,54324.55,60,54379.45,120,0,58080
BANKNIFTY-III.NFO,11/12/2024,09:20:58,54359.35,54324.55,60,54379.35,120,0,58080
BANKNIFTY-III.NFO,11/12/2024,09:21:00,54359.35,54324.55,60,54379.25,120,0,58080
BANKNIFTY-III.NFO,11/12/2024,09:21:01,54359.35,54324.55,60,54379.15,120,0,58080
BANKNIFTY-III.NFO,11/12/2024,09:21:03,54359.35,54324.55,60,54379.05,120,0,58080
BANKNIFTY-III.NFO,11/12/2024,09:21:04,54359.35,54324.55,60,54378.95,120,0,58080
BANKNIFTY-III.NFO,11/12/2024,09:21:06,54359.35,54324.55,60,54378.85,120,0,58080
BANKNIFTY-III.NFO,11/12/2024,09:21:08,54359.35,54324.55,60,54378.75,120,0,58080
BANKNIFTY-III.NFO,11/12/2024,09:21:09,54359.35,54324.5,30,54349.8,120,0,58080
BANKNIFTY-III.NFO,11/12/2024,09:21:12,54359.35,54324.5,30,54347.35,120,0,58080
BANKNIFTY-III.NFO,11/12/2024,09:21:14,54359.35,54324.5,30,54347.25,120,0,58080
BANKNIFTY-III.NFO,11/12/2024,09:21:15,54359.35,54324.5,30,54347.15,120,0,58080
BANKNIFTY-III.NFO,11/12/2024,09:21:17,54359.35,54324.5,30,54353,120,0,58080
BANKNIFTY-III.NFO,11/12/2024,09:21:18,54359.35,54324.5,30,54352.9,120,0,58080
BANKNIFTY-III.NFO,11/12/2024,09:21:20,54359.35,54324.5,30,54352.8,120,0,58080
BANKNIFTY-III.NFO,11/12/2024,09:21:21,54359.35,54324.5,30,54352.7,120,0,58080
BANKNIFTY-III.NFO,11/12/2024,09:21:23,54359.35,54324.5,30,54352.6,120,0,58080
BANKNIFTY-III.NFO,11/12/2024,09:21:25,54359.35,54324.5,30,54352.5,120,0,58080
BANKNIFTY-III.NFO,11/12/2024,09:21:26,54359.35,54324.5,30,54352.4,120,0,58080
BANKNIFTY-III.NFO,11/12/2024,09:21:28,54359.35,54324.5,30,54352.3,120,0,58080
BANKNIFTY-III.NFO,11/12/2024,09:21:29,54359.35,54324.5,30,54352.2,120,0,58080
BANKNIFTY-III.NFO,11/12/2024,09:21:31,54359.35,54324.5,30,54352.1,120,0,58080
BANKNIFTY-III.NFO,11/12/2024,09:21:32,54359.35,54324.5,30,54352,120,0,58080
BANKNIFTY-III.NFO,11/12/2024,09:21:34,54359.35,54324.5,30,54351.9,120,0,58080
BANKNIFTY-III.NFO,11/12/2024,09:21:36,54359.35,54324.5,30,54356.8,120,0,58080
BANKNIFTY-III.NFO,11/12/2024,09:21:37,54359.35,54324.5,30,54351.65,120,0,58080
BANKNIFTY-III.NFO,11/12/2024,09:21:39,54359.35,54324.5,30,54351.55,120,0,58080
BANKNIFTY-III.NFO,11/12/2024,09:21:40,54359.35,54324.5,30,54351.45,120,0,58080
BANKNIFTY-III.NFO,11/12/2024,09:21:42,54359.35,54324.5,30,54351.35,120,0,58080
BANKNIFTY-III.NFO,11/12/2024,09:21:43,54359.35,54324.5,30,54351.25,120,0,58080
BANKNIFTY-III.NFO,11/12/2024,09:21:44,54359.35,54325,30,54351.15,120,0,58080
BANKNIFTY-III.NFO,11/12/2024,09:21:46,54359.35,54325,30,54351.05,120,0,58080
BANKNIFTY-III.NFO,11/12/2024,09:21:47,54359.35,54325,30,54350.95,120,0,58080
BANKNIFTY-III.NFO,11/12/2024,09:21:49,54359.35,54325,30,54350.85,120,0,58080
BANKNIFTY-III.NFO,11/12/2024,09:21:50,54345,54325,30,54350.75,120,30,58050
BANKNIFTY-III.NFO,11/12/2024,09:21:52,54345,54325,30,54350.65,120,0,58050
BANKNIFTY-III.NFO,11/12/2024,09:21:53,54345,54325,30,54357.7,120,0,58050
BANKNIFTY-III.NFO,11/12/2024,09:21:55,54345,54325,30,54353,120,0,58050
BANKNIFTY-III.NFO,11/12/2024,09:21:56,54345,54325,30,54352.9,120,0,58050
BANKNIFTY-III.NFO,11/12/2024,09:21:58,54345,54325,30,54352.8,120,0,58050
BANKNIFTY-III.NFO,11/12/2024,09:21:59,54345,54325,30,54352.7,120,0,58050
BANKNIFTY-III.NFO,11/12/2024,09:22:01,54345,54325,30,54352.6,120,0,58050
BANKNIFTY-III.NFO,11/12/2024,09:22:02,54345,54325,30,54352.5,120,0,58050
BANKNIFTY-III.NFO,11/12/2024,09:22:04,54345,54325,30,54352.4,120,0,58050
BANKNIFTY-III.NFO,11/12/2024,09:22:05,54345,54325,30,54352.3,120,0,58050
BANKNIFTY-III.NFO,11/12/2024,09:22:07,54345,54325,30,54352.2,120,0,58050
BANKNIFTY-III.NFO,11/12/2024,09:22:08,54345,54325,30,54352.1,120,0,58050
BANKNIFTY-III.NFO,11/12/2024,09:22:10,54345,54325,30,54352,120,0,58050
BANKNIFTY-III.NFO,11/12/2024,09:22:11,54345,54325,30,54351.9,120,0,58050
BANKNIFTY-III.NFO,11/12/2024,09:22:13,54345,54325,30,54351.8,120,0,58050
BANKNIFTY-III.NFO,11/12/2024,09:22:14,54345,54325,30,54351.7,120,0,58050
BANKNIFTY-III.NFO,11/12/2024,09:22:15,54345,54325,30,54351.6,120,0,58050
BANKNIFTY-III.NFO,11/12/2024,09:22:17,54345,54325,30,54351.5,120,0,58050
BANKNIFTY-III.NFO,11/12/2024,09:22:18,54345,54325,30,54351.4,120,0,58050
BANKNIFTY-III.NFO,11/12/2024,09:22:20,54345,54325,30,54344.25,120,0,58050
BANKNIFTY-III.NFO,11/12/2024,09:22:21,54345,54325,30,54345.8,120,0,58050
BANKNIFTY-III.NFO,11/12/2024,09:22:23,54345,54325,30,54340.9,120,0,58050
BANKNIFTY-III.NFO,11/12/2024,09:22:25,54345,54325,30,54338.7,120,0,58050
BANKNIFTY-III.NFO,11/12/2024,09:22:26,54345,54325,30,54338.6,120,0,58050
BANKNIFTY-III.NFO,11/12/2024,09:22:28,54345,54325,30,54338.5,120,0,58050
BANKNIFTY-III.NFO,11/12/2024,09:22:29,54345,54325,30,54338.4,120,0,58050
BANKNIFTY-III.NFO,11/12/2024,09:22:31,54345,54325,30,54335.65,120,0,58050
BANKNIFTY-III.NFO,11/12/2024,09:22:32,54345,54325,30,54335.55,120,0,58050
BANKNIFTY-III.NFO,11/12/2024,09:22:34,54345,54325,30,54340.2,120,0,58050
BANKNIFTY-III.NFO,11/12/2024,09:22:36,54345,54325,30,54337.05,120,0,58050
BANKNIFTY-III.NFO,11/12/2024,09:22:37,54345,54325,30,54336.95,120,0,58050
BANKNIFTY-III.NFO,11/12/2024,09:22:39,54325,54302.65,60,54336.85,120,30,58050
BANKNIFTY-III.NFO,11/12/2024,09:22:40,54325,54302.65,60,54336.75,120,0,58050
BANKNIFTY-III.NFO,11/12/2024,09:22:42,54325,54302.65,60,54336.65,120,0,58050
BANKNIFTY-III.NFO,11/12/2024,09:22:43,54325,54302.65,60,54336.55,120,0,58050
BANKNIFTY-III.NFO,11/12/2024,09:22:45,54325,54302.65,60,54336.45,120,0,58050
BANKNIFTY-III.NFO,11/12/2024,09:22:47,54325,54302.65,60,54336.35,120,0,58050
BANKNIFTY-III.NFO,11/12/2024,09:22:48,54325,54302.65,60,54336.25,120,0,58050
BANKNIFTY-III.NFO,11/12/2024,09:22:50,54325,54302.65,60,54336.15,120,0,58050
BANKNIFTY-III.NFO,11/12/2024,09:22:51,54325,54302.65,60,54336.05,120,0,58050
BANKNIFTY-III.NFO,11/12/2024,09:22:53,54325,54302.65,60,54335.95,120,0,58050
BANKNIFTY-III.NFO,11/12/2024,09:22:54,54325,54302.65,60,54335.85,120,0,58050
BANKNIFTY-III.NFO,11/12/2024,09:22:56,54325,54302.65,60,54335.75,120,0,58050
BANKNIFTY-III.NFO,11/12/2024,09:22:58,54325,54302.65,60,54335.65,120,0,58050
BANKNIFTY-III.NFO,11/12/2024,09:22:59,54325,54302.65,60,54340.55,120,0,58050
BANKNIFTY-III.NFO,11/12/2024,09:23:01,54325,54302.65,60,54340.45,120,0,58050
BANKNIFTY-III.NFO,11/12/2024,09:23:02,54325,54302.65,60,54340.35,120,0,58050
BANKNIFTY-III.NFO,11/12/2024,09:23:04,54325,54302.65,60,54340.25,120,0,58050
BANKNIFTY-III.NFO,11/12/2024,09:23:06,54325,54302.65,60,54340.15,120,0,58050
BANKNIFTY-III.NFO,11/12/2024,09:23:07,54325,54302.65,60,54340.05,120,0,58050
BANKNIFTY-III.NFO,11/12/2024,09:23:09,54325,54302.65,60,54339.95,120,0,58050
BANKNIFTY-III.NFO,11/12/2024,09:23:10,54325,54302.65,60,54339.85,120,0,58050
BANKNIFTY-III.NFO,11/12/2024,09:23:11,54325,54302.65,60,54339.75,120,0,58050
BANKNIFTY-III.NFO,11/12/2024,09:23:13,54325,54302.65,60,54339.65,120,0,58050
BANKNIFTY-III.NFO,11/12/2024,09:23:15,54325,54302.65,60,54332.6,120,0,58050
BANKNIFTY-III.NFO,11/12/2024,09:23:16,54325,54302.65,60,54331.55,120,0,58050
BANKNIFTY-III.NFO,11/12/2024,09:23:18,54325,54302.65,60,54331.45,120,0,58050
BANKNIFTY-III.NFO,11/12/2024,09:23:20,54325,54302.65,60,54328.95,120,0,58050
BANKNIFTY-III.NFO,11/12/2024,09:23:21,54325,54302.65,60,54328.85,120,0,58050
BANKNIFTY-III.NFO,11/12/2024,09:23:23,54300.05,54300.05,60,54328.75,120,30,58050
BANKNIFTY-III.NFO,11/12/2024,09:23:25,54300.05,54300.05,60,54328.65,120,0,58050
BANKNIFTY-III.NFO,11/12/2024,09:23:26,54300.05,54300,240,54324.7,150,0,58050
BANKNIFTY-III.NFO,11/12/2024,09:23:28,54300.05,54300,210,54324.6,150,0,58050
BANKNIFTY-III.NFO,11/12/2024,09:23:30,54300.05,54300,210,54324.5,150,0,58050
BANKNIFTY-III.NFO,11/12/2024,09:23:31,54300.05,54300,210,54324.4,120,0,58050
BANKNIFTY-III.NFO,11/12/2024,09:23:33,54300.05,54300,210,54324.3,150,0,58050
BANKNIFTY-III.NFO,11/12/2024,09:23:38,54300.05,54300,210,54324.2,150,0,58050
BANKNIFTY-III.NFO,11/12/2024,09:23:40,54300.05,54300,210,54324.1,120,0,58050
BANKNIFTY-III.NFO,11/12/2024,09:23:41,54300.05,54300,210,54322.2,150,0,58050
BANKNIFTY-III.NFO,11/12/2024,09:23:43,54300.05,54300,210,54320.85,150,0,58050
BANKNIFTY-III.NFO,11/12/2024,09:23:45,54300.05,54300,210,54320.15,150,0,58050
BANKNIFTY-III.NFO,11/12/2024,09:23:46,54300.05,54300,210,54310.9,120,0,58050
BANKNIFTY-III.NFO,11/12/2024,09:23:48,54300.05,54300,210,54310.8,120,0,58050
BANKNIFTY-III.NFO,11/12/2024,09:23:49,54300.05,54300,210,54310.4,120,0,58050
BANKNIFTY-III.NFO,11/12/2024,09:23:51,54300.05,54300,210,54310,120,0,58050
BANKNIFTY-III.NFO,11/12/2024,09:23:53,54300.05,54300,210,54309.9,120,0,58050
BANKNIFTY-III.NFO,11/12/2024,09:23:54,54300.05,54300,210,54309.8,120,0,58050
BANKNIFTY-III.NFO,11/12/2024,09:23:56,54300.05,54300,210,54309.7,120,0,58050
BANKNIFTY-III.NFO,11/12/2024,09:23:58,54300,54300,180,54309.65,30,30,58050
BANKNIFTY-III.NFO,11/12/2024,09:23:59,54300,54300,180,54309.65,30,0,58050
BANKNIFTY-III.NFO,11/12/2024,09:24:02,54300,54300,180,54309.6,120,0,58050
BANKNIFTY-III.NFO,11/12/2024,09:24:04,54300,54300,180,54309.55,30,0,58050
BANKNIFTY-III.NFO,11/12/2024,09:24:06,54300,54300,180,54309.5,120,30,58050
BANKNIFTY-III.NFO,11/12/2024,09:24:07,54300,54300,180,54309.45,30,0,58050
BANKNIFTY-III.NFO,11/12/2024,09:24:09,54300,54300,180,54312.55,120,0,58050
BANKNIFTY-III.NFO,11/12/2024,09:24:11,54300,54300,180,54312.45,120,0,58050
BANKNIFTY-III.NFO,11/12/2024,09:24:12,54300,54295,30,54312.35,120,180,58050
BANKNIFTY-III.NFO,11/12/2024,09:24:14,54300,54295,30,54312.25,150,0,58050
BANKNIFTY-III.NFO,11/12/2024,09:24:15,54300,54295,30,54311.85,150,0,58050
BANKNIFTY-III.NFO,11/12/2024,09:24:17,54300,54295,30,54311.75,120,0,58050
BANKNIFTY-III.NFO,11/12/2024,09:24:19,54300,54295,30,54310.1,150,0,58050
BANKNIFTY-III.NFO,11/12/2024,09:24:20,54300,54295,30,54300,30,0,58050
BANKNIFTY-III.NFO,11/12/2024,09:24:22,54300,54295,30,54299.95,30,0,58050
BANKNIFTY-III.NFO,11/12/2024,09:24:25,54295,54283.95,30,54299.9,120,30,58050
BANKNIFTY-III.NFO,11/12/2024,09:24:27,54295,54283.95,30,54299.8,120,0,58050
BANKNIFTY-III.NFO,11/12/2024,09:24:29,54295,54283.95,30,54299.7,150,0,58050
BANKNIFTY-III.NFO,11/12/2024,09:24:30,54295,54283.95,30,54299.6,150,0,58050
BANKNIFTY-III.NFO,11/12/2024,09:24:32,54295,54283.95,30,54298.35,150,0,58050
BANKNIFTY-III.NFO,11/12/2024,09:24:34,54298.25,54283.95,30,54298.25,150,30,58050
BANKNIFTY-III.NFO,11/12/2024,09:24:35,54298.25,54283.95,30,54298.15,120,0,58050
BANKNIFTY-III.NFO,11/12/2024,09:24:37,54298.25,54283.95,30,54298.05,150,0,58050
BANKNIFTY-III.NFO,11/12/2024,09:24:39,54298.25,54283.95,30,54297.95,120,0,58050
BANKNIFTY-III.NFO,11/12/2024,09:24:40,54298.25,54283.95,30,54297.85,150,0,58050
BANKNIFTY-III.NFO,11/12/2024,09:24:42,54298.25,54283.95,30,54297.75,150,0,58050
BANKNIFTY-III.NFO,11/12/2024,09:24:43,54298.25,54283.95,30,54297.65,150,0,58050
BANKNIFTY-III.NFO,11/12/2024,09:24:45,54298.25,54283.95,30,54297.55,150,0,58050
BANKNIFTY-III.NFO,11/12/2024,09:24:47,54298.25,54283.95,30,54297.45,150,0,58050
BANKNIFTY-III.NFO,11/12/2024,09:24:49,54298.25,54283.95,30,54297.35,150,0,58050
BANKNIFTY-III.NFO,11/12/2024,09:24:50,54298.25,54283.95,30,54294.25,150,0,58050
BANKNIFTY-III.NFO,11/12/2024,09:24:52,54298.25,54283.95,30,54294.15,120,0,58050
BANKNIFTY-III.NFO,11/12/2024,09:24:54,54298.25,54283.95,30,54290.45,150,0,58050
BANKNIFTY-III.NFO,11/12/2024,09:24:55,54283.95,54280,60,54289.4,150,30,58140
BANKNIFTY-III.NFO,11/12/2024,09:24:57,54283.95,54280,60,54289.3,150,0,58140
BANKNIFTY-III.NFO,11/12/2024,09:24:58,54283.95,54280,60,54287.8,150,0,58140
BANKNIFTY-III.NFO,11/12/2024,09:25:00,54283.95,54280,60,54286.7,150,0,58140
BANKNIFTY-III.NFO,11/12/2024,09:25:02,54280,54260,90,54275.35,150,60,58140
BANKNIFTY-III.NFO,11/12/2024,09:25:03,54280,54260.05,30,54275.25,120,0,58140
BANKNIFTY-III.NFO,11/12/2024,09:25:05,54280,54260,90,54273,120,0,58140
BANKNIFTY-III.NFO,11/12/2024,09:25:07,54272.9,54260,90,54272.9,120,30,58140
BANKNIFTY-III.NFO,11/12/2024,09:25:07,54272.9,54260,90,54272.9,120,0,58140
BANKNIFTY-III.NFO,11/12/2024,09:25:08,54272.9,54260,90,54272.8,120,0,58140
BANKNIFTY-III.NFO,11/12/2024,09:25:10,54272.9,54260,90,54272.7,120,0,58140
BANKNIFTY-III.NFO,11/12/2024,09:25:11,54272.9,54260,90,54272.6,120,0,58140
BANKNIFTY-III.NFO,11/12/2024,09:25:13,54272.9,54260,90,54270.7,120,0,58140
BANKNIFTY-III.NFO,11/12/2024,09:25:15,54260,54255.05,30,54270.5,120,90,58140
BANKNIFTY-III.NFO,11/12/2024,09:25:15,54260,54255.05,30,54270.5,120,0,58140
BANKNIFTY-III.NFO,11/12/2024,09:25:16,54260,54255.05,30,54270.4,120,0,58140
BANKNIFTY-III.NFO,11/12/2024,09:25:18,54260,54255.05,30,54270.3,120,0,58140
BANKNIFTY-III.NFO,11/12/2024,09:25:20,54260,54255.05,30,54270.2,120,0,58140
BANKNIFTY-III.NFO,11/12/2024,09:25:21,54260,54255.05,30,54268.15,120,0,58140
BANKNIFTY-III.NFO,11/12/2024,09:25:23,54260,54255.05,30,54268.65,120,0,58140
BANKNIFTY-III.NFO,11/12/2024,09:25:25,54260,54255.05,30,54267.4,120,0,58140
BANKNIFTY-III.NFO,11/12/2024,09:25:26,54260,54255.05,30,54267.3,120,0,58140
BANKNIFTY-III.NFO,11/12/2024,09:25:28,54260,54255.05,30,54267.2,120,0,58140
BANKNIFTY-III.NFO,11/12/2024,09:25:30,54260,54255.05,30,54267.1,120,0,58140
BANKNIFTY-III.NFO,11/12/2024,09:25:31,54260,54255.05,30,54267.05,30,0,58140
BANKNIFTY-III.NFO,11/12/2024,09:25:33,54260,54255.05,30,54271.4,120,0,58140
BANKNIFTY-III.NFO,11/12/2024,09:25:35,54260,54255.1,60,54271.3,120,0,58140
BANKNIFTY-III.NFO,11/12/2024,09:25:36,54260,54257.9,60,54271.25,30,0,58140
BANKNIFTY-III.NFO,11/12/2024,09:25:38,54260,54260,30,54271.2,120,0,58140
BANKNIFTY-III.NFO,11/12/2024,09:25:40,54260,54260,30,54271.1,120,0,58140
BANKNIFTY-III.NFO,11/12/2024,09:25:41,54260,54260,30,54271,120,0,58140
BANKNIFTY-III.NFO,11/12/2024,09:25:43,54260,54260,30,54270.95,30,0,58140
BANKNIFTY-III.NFO,11/12/2024,09:25:45,54260,54264.9,60,54282.65,120,0,58140
BANKNIFTY-III.NFO,11/12/2024,09:25:46,54260,54261.65,60,54280.5,120,0,58140
BANKNIFTY-III.NFO,11/12/2024,09:25:48,54260,54264.2,60,54280.4,120,0,58140
BANKNIFTY-III.NFO,11/12/2024,09:25:50,54260,54262.45,60,54280.3,120,0,58140
BANKNIFTY-III.NFO,11/12/2024,09:25:51,54260,54267.35,60,54280.25,30,0,58140
BANKNIFTY-III.NFO,11/12/2024,09:25:53,54260,54271.45,120,54280.25,30,0,58140
BANKNIFTY-III.NFO,11/12/2024,09:25:55,54260,54271.9,60,54280.25,30,0,58140
BANKNIFTY-III.NFO,11/12/2024,09:25:56,54269.45,54268.85,30,54280.25,30,30,58140
BANKNIFTY-III.NFO,11/12/2024,09:25:58,54269.45,54271.75,30,54289.85,120,0,58140
BANKNIFTY-III.NFO,11/12/2024,09:26:00,54269.45,54270,30,54289.75,120,0,58140
BANKNIFTY-III.NFO,11/12/2024,09:26:01,54269.45,54268.85,30,54289.05,150,0,58140
BANKNIFTY-III.NFO,11/12/2024,09:26:03,54269.45,54271.25,30,54289,30,0,58140
BANKNIFTY-III.NFO,11/12/2024,09:26:05,54269.45,54275.75,30,54290,30,0,58140
BANKNIFTY-III.NFO,11/12/2024,09:26:06,54269.45,54277.45,30,54290,30,0,58140
BANKNIFTY-III.NFO,11/12/2024,09:26:08,54269.45,54275.6,30,54290,30,0,58140
BANKNIFTY-III.NFO,11/12/2024,09:26:10,54269.45,54278.4,30,54290,30,0,58140
BANKNIFTY-III.NFO,11/12/2024,09:26:11,54269.45,54276.05,30,54290,30,0,58140
BANKNIFTY-III.NFO,11/12/2024,09:26:12,54269.45,54271,30,54289.95,120,0,58140
BANKNIFTY-III.NFO,11/12/2024,09:26:14,54269.45,54275.7,30,54290,30,0,58140
BANKNIFTY-III.NFO,11/12/2024,09:26:16,54269.45,54275.1,30,54290,30,0,58140
BANKNIFTY-III.NFO,11/12/2024,09:26:17,54269.45,54273.7,90,54290,30,0,58140
BANKNIFTY-III.NFO,11/12/2024,09:26:19,54269.45,54276.05,30,54290,30,0,58140
BANKNIFTY-III.NFO,11/12/2024,09:26:21,54269.45,54271.8,30,54290,30,0,58140
BANKNIFTY-III.NFO,11/12/2024,09:26:22,54269.45,54276.1,30,54290,30,0,58140
BANKNIFTY-III.NFO,11/12/2024,09:26:24,54269.45,54275.85,30,54290,30,0,58140
BANKNIFTY-III.NFO,11/12/2024,09:26:26,54269.45,54275.1,30,54290,30,0,58140
BANKNIFTY-III.NFO,11/12/2024,09:26:27,54269.45,54275.55,90,54289.95,30,0,58140
BANKNIFTY-III.NFO,11/12/2024,09:26:29,54269.45,54272.35,90,54289.95,30,0,58140
BANKNIFTY-III.NFO,11/12/2024,09:26:30,54269.45,54272.6,30,54289.95,30,0,58140
BANKNIFTY-III.NFO,11/12/2024,09:26:32,54269.45,54275.3,30,54289.95,30,0,58140
BANKNIFTY-III.NFO,11/12/2024,09:26:35,54269.45,54273.45,30,54289.9,120,0,58140
BANKNIFTY-III.NFO,11/12/2024,09:26:37,54269.45,54269.55,30,54289.8,120,0,58140
BANKNIFTY-III.NFO,11/12/2024,09:26:39,54269.45,54267.75,30,54288.55,120,0,58140
BANKNIFTY-III.NFO,11/12/2024,09:26:40,54269.45,54267.55,30,54288.45,120,0,58140
BANKNIFTY-III.NFO,11/12/2024,09:26:42,54269.45,54266.5,30,54288.35,150,0,58140
BANKNIFTY-III.NFO,11/12/2024,09:26:44,54269.45,54267.05,30,54288.25,150,0,58140
BANKNIFTY-III.NFO,11/12/2024,09:26:45,54269.45,54260.45,30,54288.15,120,0,58140
BANKNIFTY-III.NFO,11/12/2024,09:26:47,54269.45,54264.6,60,54284.95,120,0,58140
BANKNIFTY-III.NFO,11/12/2024,09:26:49,54269.45,54269.45,30,54284.85,120,0,58140
BANKNIFTY-III.NFO,11/12/2024,09:26:50,54269.45,54269.45,30,54284.75,120,0,58140
BANKNIFTY-III.NFO,11/12/2024,09:26:52,54269.45,54269.45,30,54286,120,0,58140
BANKNIFTY-III.NFO,11/12/2024,09:26:54,54269.45,54269.45,30,54285.9,120,0,58140
BANKNIFTY-III.NFO,11/12/2024,09:26:55,54269.45,54269.45,30,54285.8,120,0,58140
BANKNIFTY-III.NFO,11/12/2024,09:26:57,54269.45,54269.45,30,54285.7,120,0,58140
BANKNIFTY-III.NFO,11/12/2024,09:26:59,54269.45,54269.45,30,54285.6,150,0,58140
BANKNIFTY-III.NFO,11/12/2024,09:27:00,54269.45,54269.45,30,54285.5,120,0,58140
BANKNIFTY-III.NFO,11/12/2024,09:27:02,54269.45,54269.45,30,54285.4,120,0,58140
BANKNIFTY-III.NFO,11/12/2024,09:27:03,54269.45,54270.65,30,54285.3,120,0,58140
BANKNIFTY-III.NFO,11/12/2024,09:27:05,54269.45,54269.45,60,54285.2,120,0,58140
BANKNIFTY-III.NFO,11/12/2024,09:27:07,54269.45,54269.45,60,54285.1,120,0,58140
BANKNIFTY-III.NFO,11/12/2024,09:27:08,54269.45,54270.35,30,54285,120,0,58140
BANKNIFTY-III.NFO,11/12/2024,09:27:10,54269.45,54269.5,30,54284.9,120,0,58140
BANKNIFTY-III.NFO,11/12/2024,09:27:12,54269.45,54269.5,30,54284.8,120,0,58140
BANKNIFTY-III.NFO,11/12/2024,09:27:13,54269.45,54270.8,30,54284.75,30,0,58140
BANKNIFTY-III.NFO,11/12/2024,09:27:15,54269.45,54274.65,30,54289.95,30,0,58140
BANKNIFTY-III.NFO,11/12/2024,09:27:17,54269.45,54271.1,30,54289.95,30,0,58140
BANKNIFTY-III.NFO,11/12/2024,09:27:18,54269.45,54276,30,54289.95,30,0,58140
BANKNIFTY-III.NFO,11/12/2024,09:27:20,54269.45,54275.8,30,54290,30,0,58140
BANKNIFTY-III.NFO,11/12/2024,09:27:22,54269.45,54278.2,30,54290,30,0,58140
BANKNIFTY-III.NFO,11/12/2024,09:27:23,54269.45,54276.55,30,54290,30,0,58140
BANKNIFTY-III.NFO,11/12/2024,09:27:25,54269.45,54274.65,30,54290,30,0,58140
BANKNIFTY-III.NFO,11/12/2024,09:27:27,54269.45,54280.35,30,54290,30,0,58140
BANKNIFTY-III.NFO,11/12/2024,09:27:28,54269.45,54279.4,90,54290,30,0,58140
BANKNIFTY-III.NFO,11/12/2024,09:27:30,54269.45,54278.45,30,54290,30,0,58140
BANKNIFTY-III.NFO,11/12/2024,09:27:32,54269.45,54278.8,30,54290,30,0,58140
BANKNIFTY-III.NFO,11/12/2024,09:27:33,54269.45,54280.05,30,54290,30,0,58140
BANKNIFTY-III.NFO,11/12/2024,09:27:35,54269.45,54276.75,30,54290,30,0,58140
BANKNIFTY-III.NFO,11/12/2024,09:27:37,54269.45,54280,30,54290,30,0,58140
BANKNIFTY-III.NFO,11/12/2024,09:27:38,54269.45,54277.15,30,54290,30,0,58140
BANKNIFTY-III.NFO,11/12/2024,09:27:40,54269.45,54279.95,30,54290,30,0,58140
BANKNIFTY-III.NFO,11/12/2024,09:27:42,54269.45,54287.45,30,54290,30,0,58140
BANKNIFTY-III.NFO,11/12/2024,09:27:43,54269.45,54287,30,54290,30,0,58140
BANKNIFTY-III.NFO,11/12/2024,09:27:45,54269.45,54287.4,30,54290,30,0,58140
BANKNIFTY-III.NFO,11/12/2024,09:27:47,54290,54291.1,60,54310.9,30,30,58140
BANKNIFTY-III.NFO,11/12/2024,09:27:48,54290,54295.8,30,54310.9,30,0,58140
BANKNIFTY-III.NFO,11/12/2024,09:27:50,54290,54296.4,30,54310.9,30,0,58140
BANKNIFTY-III.NFO,11/12/2024,09:27:52,54290,54294.75,90,54310.9,30,0,58140
BANKNIFTY-III.NFO,11/12/2024,09:27:53,54290,54293.1,30,54310.85,120,0,58140
BANKNIFTY-III.NFO,11/12/2024,09:27:55,54290,54290,30,54307.35,210,0,58140
BANKNIFTY-III.NFO,11/12/2024,09:27:57,54290,54290,30,54304.25,210,0,58140
BANKNIFTY-III.NFO,11/12/2024,09:27:58,54290,54290,30,54303.1,210,0,58140
BANKNIFTY-III.NFO,11/12/2024,09:28:00,54290,54290,60,54302.85,210,0,58140
BANKNIFTY-III.NFO,11/12/2024,09:28:02,54290,54290,60,54302.75,210,0,58140
BANKNIFTY-III.NFO,11/12/2024,09:28:03,54290,54290,60,54299.9,180,0,58140
BANKNIFTY-III.NFO,11/12/2024,09:28:05,54290,54290,60,54299.8,180,0,58140
BANKNIFTY-III.NFO,11/12/2024,09:28:07,54290,54290,60,54299.7,180,0,58140
BANKNIFTY-III.NFO,11/12/2024,09:28:08,54290,54290,60,54299.6,180,0,58140
BANKNIFTY-III.NFO,11/12/2024,09:28:10,54290,54290,60,54299.5,120,0,58140
BANKNIFTY-III.NFO,11/12/2024,09:28:12,54290,54290,30,54299.4,150,0,58140
BANKNIFTY-III.NFO,11/12/2024,09:28:13,54290,54290,30,54299.3,120,0,58140
BANKNIFTY-III.NFO,11/12/2024,09:28:15,54290,54290,30,54299.2,120,0,58140
BANKNIFTY-III.NFO,11/12/2024,09:28:16,54290,54290,30,54299.15,30,0,58140
BANKNIFTY-III.NFO,11/12/2024,09:28:18,54290,54299,30,54299.1,120,0,58140
BANKNIFTY-III.NFO,11/12/2024,09:28:20,54299,54290,30,54299,120,30,58140
BANKNIFTY-III.NFO,11/12/2024,09:28:21,54299,54290,30,54298.95,30,0,58140
BANKNIFTY-III.NFO,11/12/2024,09:28:23,54299,54299,30,54300,30,0,58140
BANKNIFTY-III.NFO,11/12/2024,09:28:26,54299,54299,60,54300,30,0,58140
BANKNIFTY-III.NFO,11/12/2024,09:28:28,54299,54299,60,54299.95,120,0,58140
BANKNIFTY-III.NFO,11/12/2024,09:28:30,54299,54299,60,54300,30,0,58140
BANKNIFTY-III.NFO,11/12/2024,09:28:31,54299,54299,60,54299.95,150,0,58140
BANKNIFTY-III.NFO,11/12/2024,09:28:33,54299,54299,60,54299.95,120,0,58140
BANKNIFTY-III.NFO,11/12/2024,09:28:34,54299,54299,60,54300,30,0,58140
BANKNIFTY-III.NFO,11/12/2024,09:28:39,54300,54299,60,54309.4,120,30,58140
BANKNIFTY-III.NFO,11/12/2024,09:28:41,54300,54299,60,54309.25,120,0,58140
BANKNIFTY-III.NFO,11/12/2024,09:28:43,54300,54299,90,54306.1,120,0,58140
BANKNIFTY-III.NFO,11/12/2024,09:28:44,54300,54299,90,54305.8,120,0,58140
BANKNIFTY-III.NFO,11/12/2024,09:28:46,54300,54299,90,54305.7,120,0,58140
BANKNIFTY-III.NFO,11/12/2024,09:28:48,54300,54299,90,54305.6,120,0,58140
BANKNIFTY-III.NFO,11/12/2024,09:28:49,54300,54299,90,54305.5,120,0,58140
BANKNIFTY-III.NFO,11/12/2024,09:28:51,54300,54299,90,54305.4,120,0,58140
BANKNIFTY-III.NFO,11/12/2024,09:28:53,54299,54283.9,60,54303.35,210,90,58140
BANKNIFTY-III.NFO,11/12/2024,09:28:54,54299,54282,60,54303.25,210,0,58140
BANKNIFTY-III.NFO,11/12/2024,09:28:56,54299,54281.2,60,54303.15,180,0,58140
BANKNIFTY-III.NFO,11/12/2024,09:28:57,54303.05,54280.05,90,54302.05,180,30,58140
BANKNIFTY-III.NFO,11/12/2024,09:28:59,54303.05,54277.2,90,54299.3,210,0,58140
BANKNIFTY-III.NFO,11/12/2024,09:29:01,54303.05,54275,30,54291.3,180,0,58140
BANKNIFTY-III.NFO,11/12/2024,09:29:02,54303.05,54275.05,90,54291.2,150,0,58140
BANKNIFTY-III.NFO,11/12/2024,09:29:04,54303.05,54275.05,90,54291.1,30,0,58140
BANKNIFTY-III.NFO,11/12/2024,09:29:06,54303.05,54275.05,90,54291,150,0,58140
BANKNIFTY-III.NFO,11/12/2024,09:29:07,54303.05,54275,30,54290.9,150,0,58140
BANKNIFTY-III.NFO,11/12/2024,09:29:09,54303.05,54280,30,54290.8,210,0,58140
BANKNIFTY-III.NFO,11/12/2024,09:29:11,54303.05,54280,30,54290.7,210,0,58140
BANKNIFTY-III.NFO,11/12/2024,09:29:11,54303.05,54280,30,54290.6,180,0,58140
BANKNIFTY-III.NFO,11/12/2024,09:29:13,54303.05,54281.3,30,54290.5,180,0,58140
BANKNIFTY-III.NFO,11/12/2024,09:29:14,54303.05,54281.3,30,54289.7,120,0,58140
BANKNIFTY-III.NFO,11/12/2024,09:29:16,54303.05,54281.3,30,54289.6,120,0,58140
BANKNIFTY-III.NFO,11/12/2024,09:29:18,54303.05,54281.3,30,54289.5,120,0,58140
BANKNIFTY-III.NFO,11/12/2024,09:29:19,54303.05,54281.3,30,54289.4,120,0,58140
BANKNIFTY-III.NFO,11/12/2024,09:29:21,54303.05,54281.3,30,54286.8,120,0,58140
BANKNIFTY-III.NFO,11/12/2024,09:29:22,54303.05,54281.3,30,54286.7,120,0,58140
BANKNIFTY-III.NFO,11/12/2024,09:29:24,54281.3,54280,30,54286.6,120,30,58140
BANKNIFTY-III.NFO,11/12/2024,09:29:26,54280,54275,30,54285.1,210,30,58140
BANKNIFTY-III.NFO,11/12/2024,09:29:27,54280,54275,30,54282.35,120,0,58140
BANKNIFTY-III.NFO,11/12/2024,09:29:29,54280,54275,30,54282.25,120,0,58140
BANKNIFTY-III.NFO,11/12/2024,09:29:31,54280,54275,30,54282.15,120,0,58140
BANKNIFTY-III.NFO,11/12/2024,09:29:32,54280,54275,30,54282.05,120,0,58140
BANKNIFTY-III.NFO,11/12/2024,09:29:34,54280,54275,30,54282,30,0,58140
BANKNIFTY-III.NFO,11/12/2024,09:29:36,54265,54265,120,54281.95,120,150,58140
BANKNIFTY-III.NFO,11/12/2024,09:29:37,54265,54265,120,54281.85,150,0,58140
BANKNIFTY-III.NFO,11/12/2024,09:29:39,54265,54265,120,54281.75,210,0,58140
BANKNIFTY-III.NFO,11/12/2024,09:29:41,54265,54265,150,54281.65,180,0,58140
BANKNIFTY-III.NFO,11/12/2024,09:29:42,54265,54265,150,54281.55,180,0,58140
BANKNIFTY-III.NFO,11/12/2024,09:29:44,54265,54265,150,54281.45,210,0,58140
BANKNIFTY-III.NFO,11/12/2024,09:29:45,54265,54265,150,54281.35,150,0,58140
BANKNIFTY-III.NFO,11/12/2024,09:29:47,54265,54265,150,54278.1,150,0,58140
BANKNIFTY-III.NFO,11/12/2024,09:29:49,54265,54265,150,54277.95,150,0,58140
BANKNIFTY-III.NFO,11/12/2024,09:29:50,54265,54265,150,54277.85,30,0,58140
BANKNIFTY-III.NFO,11/12/2024,09:29:52,54265,54265,150,54277.75,150,0,58140
BANKNIFTY-III.NFO,11/12/2024,09:29:54,54265,54265,150,54277.65,30,0,58140
BANKNIFTY-III.NFO,11/12/2024,09:29:55,54265,54265,120,54277.6,60,0,58140
BANKNIFTY-III.NFO,11/12/2024,09:29:57,54265,54265,120,54277.5,150,0,58140
BANKNIFTY-III.NFO,11/12/2024,09:29:59,54265,54260,30,54265.2,30,120,58140
BANKNIFTY-III.NFO,11/12/2024,09:30:00,54265,54260,30,54273.8,210,0,58140
BANKNIFTY-III.NFO,11/12/2024,09:30:02,54265,54260,30,54273.7,150,0,58140
BANKNIFTY-III.NFO,11/12/2024,09:30:04,54265,54260,30,54273.65,30,0,58140
BANKNIFTY-III.NFO,11/12/2024,09:30:05,54265,54260.05,60,54278.4,30,0,58140
BANKNIFTY-III.NFO,11/12/2024,09:30:07,54265,54260.05,90,54284.7,30,0,58140
BANKNIFTY-III.NFO,11/12/2024,09:30:09,54265,54260.05,90,54284.65,30,0,58140
BANKNIFTY-III.NFO,11/12/2024,09:30:10,54265,54265.05,60,54284.65,30,0,58140
BANKNIFTY-III.NFO,11/12/2024,09:30:12,54265,54265.05,60,54284.65,60,0,58140
BANKNIFTY-III.NFO,11/12/2024,09:30:14,54285.5,54265.05,90,54289.6,150,150,58140
BANKNIFTY-III.NFO,11/12/2024,09:30:16,54285.5,54265.05,60,54286.1,120,0,58140
BANKNIFTY-III.NFO,11/12/2024,09:30:17,54285.5,54265.05,60,54284.95,150,0,58140
BANKNIFTY-III.NFO,11/12/2024,09:30:19,54285.5,54265.05,60,54287.3,120,0,58140
BANKNIFTY-III.NFO,11/12/2024,09:30:21,54285.5,54265.05,90,54288.35,120,0,58140
BANKNIFTY-III.NFO,11/12/2024,09:30:22,54285.5,54265.05,60,54285.35,120,0,58140
BANKNIFTY-III.NFO,11/12/2024,09:30:24,54285.5,54265,60,54275.5,120,0,58140
BANKNIFTY-III.NFO,11/12/2024,09:30:26,54285.5,54265,60,54271.1,120,0,58140
BANKNIFTY-III.NFO,11/12/2024,09:30:29,54285.5,54265,60,54273.4,120,0,58140
BANKNIFTY-III.NFO,11/12/2024,09:30:31,54285.5,54265,60,54274.15,120,0,58140
BANKNIFTY-III.NFO,11/12/2024,09:30:32,54285.5,54265,60,54278.9,120,0,58140
BANKNIFTY-III.NFO,11/12/2024,09:30:34,54285.5,54265,60,54275.55,120,0,58140
BANKNIFTY-III.NFO,11/12/2024,09:30:36,54285.5,54265,60,54275.05,120,0,58140
BANKNIFTY-III.NFO,11/12/2024,09:30:37,54285.5,54265,60,54275.2,120,0,58140
BANKNIFTY-III.NFO,11/12/2024,09:30:39,54285.5,54265,60,54280.4,120,0,58140
BANKNIFTY-III.NFO,11/12/2024,09:30:41,54285.5,54265,60,54280.9,120,0,58140
BANKNIFTY-III.NFO,11/12/2024,09:30:42,54285.5,54265,60,54277.25,120,0,58140
BANKNIFTY-III.NFO,11/12/2024,09:30:44,54285.5,54265,60,54277.75,120,0,58140
BANKNIFTY-III.NFO,11/12/2024,09:30:46,54285.5,54265,60,54271.5,120,0,58140
BANKNIFTY-III.NFO,11/12/2024,09:30:47,54285.5,54265,60,54270.7,120,0,58140
BANKNIFTY-III.NFO,11/12/2024,09:30:49,54285.5,54265,60,54270.25,120,0,58140
BANKNIFTY-III.NFO,11/12/2024,09:30:51,54285.5,54265,60,54278,120,0,58140
BANKNIFTY-III.NFO,11/12/2024,09:30:52,54285.5,54265,60,54272.75,120,0,58140
BANKNIFTY-III.NFO,11/12/2024,09:30:54,54285.5,54265,60,54271.05,120,0,58140
BANKNIFTY-III.NFO,11/12/2024,09:30:55,54285.5,54265,60,54271.9,120,0,58140
BANKNIFTY-III.NFO,11/12/2024,09:30:57,54285.5,54265,60,54275.85,120,0,58140
BANKNIFTY-III.NFO,11/12/2024,09:30:59,54285.5,54265,60,54273.9,120,0,58140
BANKNIFTY-III.NFO,11/12/2024,09:31:00,54285.5,54265,60,54268.75,90,0,58140
BANKNIFTY-III.NFO,11/12/2024,09:31:02,54265,54260,30,54273.55,210,60,58290
BANKNIFTY-III.NFO,11/12/2024,09:31:04,54265,54260,30,54273.45,120,0,58290
BANKNIFTY-III.NFO,11/12/2024,09:31:05,54265,54260,30,54273.4,30,0,58290
BANKNIFTY-III.NFO,11/12/2024,09:31:07,54265,54260,30,54275.55,120,0,58290
BANKNIFTY-III.NFO,11/12/2024,09:31:09,54265,54260,30,54272.3,120,0,58290
BANKNIFTY-III.NFO,11/12/2024,09:31:10,54265,54260,30,54278.7,210,0,58290
BANKNIFTY-III.NFO,11/12/2024,09:31:12,54265,54260,30,54270.4,120,0,58290
BANKNIFTY-III.NFO,11/12/2024,09:31:13,54265,54260,30,54269.45,120,0,58290
BANKNIFTY-III.NFO,11/12/2024,09:31:15,54265,54260,30,54270.3,120,0,58290
BANKNIFTY-III.NFO,11/12/2024,09:31:17,54265,54260,30,54268.7,30,0,58290
BANKNIFTY-III.NFO,11/12/2024,09:31:18,54265,54260,30,54274.2,120,0,58290
BANKNIFTY-III.NFO,11/12/2024,09:31:20,54265,54265,30,54270.8,30,0,58290
BANKNIFTY-III.NFO,11/12/2024,09:31:22,54265,54265,30,54272.2,30,0,58290
BANKNIFTY-III.NFO,11/12/2024,09:31:23,54265,54265,30,54270.85,30,0,58290
BANKNIFTY-III.NFO,11/12/2024,09:31:25,54265,54265,30,54269.85,30,0,58290
BANKNIFTY-III.NFO,11/12/2024,09:31:27,54265,54265,30,54270.25,30,0,58290
BANKNIFTY-III.NFO,11/12/2024,09:31:28,54265,54260,30,54271.4,30,30,58290
BANKNIFTY-III.NFO,11/12/2024,09:31:30,54265,54260,30,54274.55,120,0,58290
BANKNIFTY-III.NFO,11/12/2024,09:31:32,54265,54260,30,54274.5,30,0,58290
BANKNIFTY-III.NFO,11/12/2024,09:31:35,54265,54260,30,54277.3,120,0,58290
BANKNIFTY-III.NFO,11/12/2024,09:31:37,54265,54260.05,60,54278.4,30,0,58290
BANKNIFTY-III.NFO,11/12/2024,09:31:38,54265,54260.05,60,54278.35,120,0,58290
BANKNIFTY-III.NFO,11/12/2024,09:31:40,54265,54260,30,54277.85,120,0,58290
BANKNIFTY-III.NFO,11/12/2024,09:31:41,54265,54260.05,60,54280.1,120,0,58290
BANKNIFTY-III.NFO,11/12/2024,09:31:43,54265,54260.05,60,54281.75,30,0,58290
BANKNIFTY-III.NFO,11/12/2024,09:31:45,54265,54260.05,90,54285.3,120,0,58290
BANKNIFTY-III.NFO,11/12/2024,09:31:46,54265,54260.05,60,54285.2,120,0,58290
BANKNIFTY-III.NFO,11/12/2024,09:31:48,54265,54260.05,60,54286.5,120,0,58290
BANKNIFTY-III.NFO,11/12/2024,09:31:50,54265,54260.05,60,54290.6,180,0,58290
BANKNIFTY-III.NFO,11/12/2024,09:31:51,54265,54260.05,60,54289,180,0,58290
BANKNIFTY-III.NFO,11/12/2024,09:31:53,54265,54260.05,60,54292.45,180,0,58290
BANKNIFTY-III.NFO,11/12/2024,09:31:58,54265,54260.05,60,54288.45,120,0,58290
BANKNIFTY-III.NFO,11/12/2024,09:31:59,54265,54260.05,60,54288.05,120,0,58290
BANKNIFTY-III.NFO,11/12/2024,09:32:01,54265,54260.05,60,54289.25,120,0,58290
BANKNIFTY-III.NFO,11/12/2024,09:32:04,54265,54260.05,60,54292.45,180,0,58290
BANKNIFTY-III.NFO,11/12/2024,09:32:06,54265,54260.05,60,54292.3,120,0,58290
BANKNIFTY-III.NFO,11/12/2024,09:32:09,54265,54260.05,60,54292.1,180,0,58290
BANKNIFTY-III.NFO,11/12/2024,09:32:13,54265,54260.15,60,54293.35,120,0,58290
BANKNIFTY-III.NFO,11/12/2024,09:32:14,54265,54260.15,60,54294.3,120,0,58290
BANKNIFTY-III.NFO,11/12/2024,09:32:16,54265,54260.15,60,54296.95,120,0,58290
BANKNIFTY-III.NFO,11/12/2024,09:32:19,54297.2,54265.1,30,54311.65,120,30,58290
BANKNIFTY-III.NFO,11/12/2024,09:32:21,54297.2,54272.5,30,54311.55,120,0,58290
BANKNIFTY-III.NFO,11/12/2024,09:32:22,54297.2,54277.5,30,54316.2,120,0,58290
BANKNIFTY-III.NFO,11/12/2024,09:32:24,54297.2,54285.5,30,54322,120,0,58290
BANKNIFTY-III.NFO,11/12/2024,09:32:26,54297.2,54286.1,30,54315.15,120,0,58290
BANKNIFTY-III.NFO,11/12/2024,09:32:27,54311.25,54281.95,60,54311.25,180,30,58290
BANKNIFTY-III.NFO,11/12/2024,09:32:29,54311.25,54279.35,60,54308.55,120,0,58290
BANKNIFTY-III.NFO,11/12/2024,09:32:31,54311.25,54279.25,60,54308.95,120,0,58290
BANKNIFTY-III.NFO,11/12/2024,09:32:32,54311.25,54276.25,60,54321.7,180,0,58290
BANKNIFTY-III.NFO,11/12/2024,09:32:34,54311.25,54278.15,60,54321.55,180,0,58290
BANKNIFTY-III.NFO,11/12/2024,09:32:36,54311.25,54273.2,60,54321.45,180,0,58290
BANKNIFTY-III.NFO,11/12/2024,09:32:37,54311.25,54278.2,60,54321.35,180,0,58290
BANKNIFTY-III.NFO,11/12/2024,09:32:39,54311.25,54282.5,60,54310.45,120,0,58290
BANKNIFTY-III.NFO,11/12/2024,09:32:40,54311.25,54283,60,54312.6,120,0,58290
BANKNIFTY-III.NFO,11/12/2024,09:32:42,54311.25,54281.6,60,54310.2,120,0,58290
BANKNIFTY-III.NFO,11/12/2024,09:32:44,54311.25,54273.7,60,54321.9,180,0,58290
BANKNIFTY-III.NFO,11/12/2024,09:32:45,54311.25,54278.8,60,54321.9,180,0,58290
BANKNIFTY-III.NFO,11/12/2024,09:32:47,54311.25,54280.9,60,54321.85,120,0,58290
BANKNIFTY-III.NFO,11/12/2024,09:32:49,54311.25,54281.65,60,54321.7,180,0,58290
BANKNIFTY-III.NFO,11/12/2024,09:32:50,54311.25,54290.05,60,54312.15,120,0,58290
BANKNIFTY-III.NFO,11/12/2024,09:32:52,54311.25,54290,300,54311.05,120,0,58290
BANKNIFTY-III.NFO,11/12/2024,09:32:54,54311.25,54290,300,54308.6,120,0,58290
BANKNIFTY-III.NFO,11/12/2024,09:32:55,54308.3,54290,300,54319.1,120,30,58290
BANKNIFTY-III.NFO,11/12/2024,09:32:57,54308.3,54290,300,54308.7,120,0,58290
BANKNIFTY-III.NFO,11/12/2024,09:32:59,54308.3,54290,300,54305.3,120,0,58290
BANKNIFTY-III.NFO,11/12/2024,09:33:00,54308.3,54290,300,54303.3,120,0,58290
BANKNIFTY-III.NFO,11/12/2024,09:33:02,54308.3,54290,300,54309.5,120,0,58290
BANKNIFTY-III.NFO,11/12/2024,09:33:04,54308.3,54290.05,90,54312.8,120,0,58290
BANKNIFTY-III.NFO,11/12/2024,09:33:05,54308.3,54290.05,90,54313.15,120,0,58290
BANKNIFTY-III.NFO,11/12/2024,09:33:07,54308.3,54290.05,90,54315.05,120,0,58290
BANKNIFTY-III.NFO,11/12/2024,09:33:09,54308.25,54290.05,120,54308.25,120,30,58290
BANKNIFTY-III.NFO,11/12/2024,09:33:10,54308.25,54290,300,54306.2,120,0,58290
BANKNIFTY-III.NFO,11/12/2024,09:33:11,54308.25,54290,300,54308.25,120,0,58290
BANKNIFTY-III.NFO,11/12/2024,09:33:13,54308.25,54290.05,120,54308.25,120,0,58290
BANKNIFTY-III.NFO,11/12/2024,09:33:16,54308.25,54290.05,120,54308.3,90,0,58290
BANKNIFTY-III.NFO,11/12/2024,09:33:18,54308.25,54300,450,54308.3,90,0,58290
BANKNIFTY-III.NFO,11/12/2024,09:33:21,54308.25,54300,450,54308.25,120,0,58290
BANKNIFTY-III.NFO,11/12/2024,09:33:25,54308.25,54300,450,54308.25,150,0,58290
BANKNIFTY-III.NFO,11/12/2024,09:33:26,54308.25,54300,450,54308.25,30,0,58290
BANKNIFTY-III.NFO,11/12/2024,09:33:28,54308.25,54300,450,54307.95,120,0,58290
BANKNIFTY-III.NFO,11/12/2024,09:33:30,54308.25,54300,450,54308.2,120,0,58290
BANKNIFTY-III.NFO,11/12/2024,09:33:31,54308.25,54300,450,54308.05,30,0,58290
BANKNIFTY-III.NFO,11/12/2024,09:33:33,54308.25,54300,450,54307.95,120,0,58290
BANKNIFTY-III.NFO,11/12/2024,09:33:35,54308.25,54300,450,54308,90,0,58290
BANKNIFTY-III.NFO,11/12/2024,09:33:39,54308.25,54300.05,120,54308,90,0,58290
BANKNIFTY-III.NFO,11/12/2024,09:33:45,54308.25,54305.9,60,54329.7,120,120,58290
BANKNIFTY-III.NFO,11/12/2024,09:33:46,54308.25,54310.95,120,54335.25,120,0,58290
BANKNIFTY-III.NFO,11/12/2024,09:33:48,54308.25,54309.3,210,54333.3,60,0,58290
BANKNIFTY-III.NFO,11/12/2024,09:33:50,54308.25,54309.3,180,54331.05,60,0,58290
BANKNIFTY-III.NFO,11/12/2024,09:33:51,54308.25,54306.45,120,54331.05,60,0,58290
BANKNIFTY-III.NFO,11/12/2024,09:33:53,54308.25,54306.55,150,54330.2,60,0,58290
BANKNIFTY-III.NFO,11/12/2024,09:33:55,54308.25,54306.55,120,54329.5,60,0,58290
BANKNIFTY-III.NFO,11/12/2024,09:33:56,54308.25,54304.4,120,54328,60,0,58290
BANKNIFTY-III.NFO,11/12/2024,09:33:58,54308.25,54305,150,54329.9,60,0,58290
BANKNIFTY-III.NFO,11/12/2024,09:34:00,54308.25,54305.3,120,54329.5,60,0,58290
BANKNIFTY-III.NFO,11/12/2024,09:34:01,54308.25,54305.3,120,54329.45,120,0,58290
BANKNIFTY-III.NFO,11/12/2024,09:34:03,54308.25,54306,210,54330.95,120,0,58290
BANKNIFTY-III.NFO,11/12/2024,09:34:05,54308.25,54304.95,120,54330.35,120,0,58290
BANKNIFTY-III.NFO,11/12/2024,09:34:06,54308.25,54303.6,180,54327.75,120,0,58290
BANKNIFTY-III.NFO,11/12/2024,09:34:08,54308.25,54304.9,120,54330.55,180,0,58290
BANKNIFTY-III.NFO,11/12/2024,09:34:10,54308.25,54306.7,120,54331.5,120,0,58290
BANKNIFTY-III.NFO,11/12/2024,09:34:11,54308.25,54306.7,120,54331.35,120,0,58290
BANKNIFTY-III.NFO,11/12/2024,09:34:13,54308.25,54311.1,180,54335.95,60,0,58290
BANKNIFTY-III.NFO,11/12/2024,09:34:15,54308.25,54313.4,120,54338.9,60,0,58290
BANKNIFTY-III.NFO,11/12/2024,09:34:16,54308.25,54309,180,54335.3,120,0,58290
BANKNIFTY-III.NFO,11/12/2024,09:34:18,54308.25,54309.6,120,54334.75,120,0,58290
BANKNIFTY-III.NFO,11/12/2024,09:34:20,54308.25,54310.1,120,54335.9,120,0,58290
BANKNIFTY-III.NFO,11/12/2024,09:34:21,54308.25,54312.55,180,54338.15,180,0,58290
BANKNIFTY-III.NFO,11/12/2024,09:34:23,54308.25,54312.05,120,54337.5,120,0,58290
BANKNIFTY-III.NFO,11/12/2024,09:34:30,54308.25,54318,450,54329.45,120,0,58290
BANKNIFTY-III.NFO,11/12/2024,09:34:31,54308.25,54318,450,54329.85,120,0,58290
BANKNIFTY-III.NFO,11/12/2024,09:34:33,54308.25,54318,450,54328.35,120,0,58290
BANKNIFTY-III.NFO,11/12/2024,09:34:34,54308.25,54318,450,54334.05,120,0,58290
BANKNIFTY-III.NFO,11/12/2024,09:34:36,54333.45,54318,450,54332,90,30,58260
BANKNIFTY-III.NFO,11/12/2024,09:34:38,54333.45,54318,450,54333.45,90,0,58260
BANKNIFTY-III.NFO,11/12/2024,09:34:39,54333.45,54318,450,54334.85,90,0,58260
BANKNIFTY-III.NFO,11/12/2024,09:34:41,54333.45,54318,450,54335.4,90,0,58260
BANKNIFTY-III.NFO,11/12/2024,09:34:43,54333.45,54318,450,54333.65,90,0,58260
BANKNIFTY-III.NFO,11/12/2024,09:34:46,54333.45,54318,450,54326.65,90,0,58260
BANKNIFTY-III.NFO,11/12/2024,09:34:48,54333.45,54318,450,54336.9,30,300,58260
BANKNIFTY-III.NFO,11/12/2024,09:34:49,54333.45,54318,450,54328.6,30,0,58260
BANKNIFTY-III.NFO,11/12/2024,09:34:51,54333.45,54318,450,54326.9,90,0,58260
BANKNIFTY-III.NFO,11/12/2024,09:34:53,54333.45,54318,450,54335.75,150,0,58260
BANKNIFTY-III.NFO,11/12/2024,09:34:54,54333.45,54318,450,54325.75,30,0,58260
BANKNIFTY-III.NFO,11/12/2024,09:34:56,54333.45,54318,450,54325.05,60,0,58260
BANKNIFTY-III.NFO,11/12/2024,09:34:58,54333.45,54318,450,54328.85,30,0,58260
BANKNIFTY-III.NFO,11/12/2024,09:34:59,54333.45,54318,450,54336.3,30,0,58260
BANKNIFTY-III.NFO,11/12/2024,09:35:01,54333.45,54318.05,120,54331.95,30,0,58260
BANKNIFTY-III.NFO,11/12/2024,09:35:03,54333.45,54318.05,120,54334.7,30,0,58260
BANKNIFTY-III.NFO,11/12/2024,09:35:04,54333.45,54318.05,120,54333,30,0,58260
BANKNIFTY-III.NFO,11/12/2024,09:35:12,54333,54318.05,120,54336.15,30,30,58260
BANKNIFTY-III.NFO,11/12/2024,09:35:14,54333,54325,450,54336.1,30,0,58260
BANKNIFTY-III.NFO,11/12/2024,09:35:16,54333,54325,450,54330.5,30,0,58260
BANKNIFTY-III.NFO,11/12/2024,09:35:17,54333,54325,450,54333.25,30,0,58260
BANKNIFTY-III.NFO,11/12/2024,09:35:19,54333,54325.05,120,54336.1,30,0,58260
BANKNIFTY-III.NFO,11/12/2024,09:35:31,54333,54325,450,54336.1,30,0,58260
BANKNIFTY-III.NFO,11/12/2024,09:35:32,54333,54325.05,120,54336.1,30,0,58260
BANKNIFTY-III.NFO,11/12/2024,09:35:36,54340,54325,450,54335.1,30,300,58260
BANKNIFTY-III.NFO,11/12/2024,09:35:37,54340,54325.05,120,54345.3,60,0,58260
BANKNIFTY-III.NFO,11/12/2024,09:35:39,54328.05,54325.95,120,54344.8,150,90,58260
BANKNIFTY-III.NFO,11/12/2024,09:35:41,54328.05,54326.65,120,54345.3,60,0,58260
BANKNIFTY-III.NFO,11/12/2024,09:35:42,54328.05,54325.65,180,54344.05,90,0,58260
BANKNIFTY-III.NFO,11/12/2024,09:35:44,54328.05,54325.65,180,54344.25,60,0,58260
BANKNIFTY-III.NFO,11/12/2024,09:35:46,54328.05,54325.05,120,54342,30,0,58260
BANKNIFTY-III.NFO,11/12/2024,09:35:47,54328.05,54326.65,120,54345.3,60,0,58260
BANKNIFTY-III.NFO,11/12/2024,09:35:49,54328.05,54327.85,150,54348.6,60,0,58260
BANKNIFTY-III.NFO,11/12/2024,09:35:51,54328.05,54336.25,180,54350,90,0,58260
BANKNIFTY-III.NFO,11/12/2024,09:35:52,54328.05,54336,120,54350,90,0,58260
BANKNIFTY-III.NFO,11/12/2024,09:35:54,54328.05,54337.7,180,54350,90,0,58260
BANKNIFTY-III.NFO,11/12/2024,09:35:56,54328.05,54336.05,120,54350,90,0,58260
BANKNIFTY-III.NFO,11/12/2024,09:35:58,54328.05,54332.95,120,54350,90,0,58260
BANKNIFTY-III.NFO,11/12/2024,09:35:59,54328.05,54328.55,120,54348.35,60,0,58260
BANKNIFTY-III.NFO,11/12/2024,09:36:01,54328.05,54329.25,180,54348.3,90,0,58260
BANKNIFTY-III.NFO,11/12/2024,09:36:03,54328.05,54331.35,180,54349.75,30,0,58260
BANKNIFTY-III.NFO,11/12/2024,09:36:04,54328.05,54333,180,54350,90,0,58260
BANKNIFTY-III.NFO,11/12/2024,09:36:08,54328.05,54332.35,120,54350,90,0,58260
BANKNIFTY-III.NFO,11/12/2024,09:36:09,54328.05,54330.2,120,54348.55,30,0,58260
BANKNIFTY-III.NFO,11/12/2024,09:36:11,54328.05,54331.1,120,54349.95,30,0,58260
BANKNIFTY-III.NFO,11/12/2024,09:36:13,54328.05,54331.5,180,54349.95,30,0,58260
BANKNIFTY-III.NFO,11/12/2024,09:36:14,54328.05,54326.8,180,54346.95,30,0,58260
BANKNIFTY-III.NFO,11/12/2024,09:36:16,54343.75,54325.05,120,54328.05,30,30,58260
BANKNIFTY-III.NFO,11/12/2024,09:36:18,54343.75,54325.05,120,54328.05,30,0,58260
BANKNIFTY-III.NFO,11/12/2024,09:36:21,54328.05,54331.55,120,54349.95,60,30,58260
BANKNIFTY-III.NFO,11/12/2024,09:36:23,54328.05,54337.65,120,54350,90,0,58260
BANKNIFTY-III.NFO,11/12/2024,09:36:24,54328.05,54337.85,120,54350,90,0,58260
BANKNIFTY-III.NFO,11/12/2024,09:36:26,54328.05,54335.7,180,54350,90,0,58260
BANKNIFTY-III.NFO,11/12/2024,09:36:28,54328.05,54337.3,180,54350,90,0,58260
BANKNIFTY-III.NFO,11/12/2024,09:36:29,54328.05,54335.85,120,54350,90,0,58260
BANKNIFTY-III.NFO,11/12/2024,09:36:31,54328.05,54333.3,120,54350,90,0,58260
BANKNIFTY-III.NFO,11/12/2024,09:36:33,54328.05,54330.65,180,54349.95,60,0,58260
BANKNIFTY-III.NFO,11/12/2024,09:36:34,54328.05,54334.15,120,54350,90,0,58260
BANKNIFTY-III.NFO,11/12/2024,09:36:36,54328.05,54333.9,120,54350,90,0,58260
BANKNIFTY-III.NFO,11/12/2024,09:36:38,54328.05,54334.1,120,54350,90,0,58260
BANKNIFTY-III.NFO,11/12/2024,09:36:39,54328.05,54334.4,120,54350,90,0,58260
BANKNIFTY-III.NFO,11/12/2024,09:36:41,54328.05,54340,450,54350,90,0,58260
BANKNIFTY-III.NFO,11/12/2024,09:36:43,54350,54350,210,54356.4,30,90,58260
BANKNIFTY-III.NFO,11/12/2024,09:36:44,54350,54350,210,54354.2,30,0,58260
BANKNIFTY-III.NFO,11/12/2024,09:36:46,54350,54340,450,54349.2,30,210,58260
BANKNIFTY-III.NFO,11/12/2024,09:36:47,54350,54340,450,54350.45,30,0,58260
BANKNIFTY-III.NFO,11/12/2024,09:36:49,54350,54340,450,54353.85,30,0,58260
BANKNIFTY-III.NFO,11/12/2024,09:36:51,54350,54340,450,54353.3,30,0,58260
BANKNIFTY-III.NFO,11/12/2024,09:36:52,54350,54340,450,54353.15,30,0,58260
BANKNIFTY-III.NFO,11/12/2024,09:36:54,54350,54345,450,54352.4,30,0,58260
BANKNIFTY-III.NFO,11/12/2024,09:36:56,54350,54345,450,54350,30,0,58260
BANKNIFTY-III.NFO,11/12/2024,09:36:57,54350,54345,450,54349.9,30,0,58260
BANKNIFTY-III.NFO,11/12/2024,09:36:59,54350,54345,450,54348.7,30,0,58260
BANKNIFTY-III.NFO,11/12/2024,09:37:01,54350,54345,450,54345.5,30,0,58260
BANKNIFTY-III.NFO,11/12/2024,09:37:02,54350,54345,450,54348.1,30,0,58260
BANKNIFTY-III.NFO,11/12/2024,09:37:04,54350,54345,450,54348.45,30,0,58260
BANKNIFTY-III.NFO,11/12/2024,09:37:06,54350,54345,450,54358.7,60,0,58260
BANKNIFTY-III.NFO,11/12/2024,09:37:07,54350,54345.05,120,54360.3,150,0,58260
BANKNIFTY-III.NFO,11/12/2024,09:37:09,54350,54345.05,120,54361.3,60,0,58260
BANKNIFTY-III.NFO,11/12/2024,09:37:10,54350,54345.05,120,54364.65,60,0,58260
BANKNIFTY-III.NFO,11/12/2024,09:37:12,54350,54345.05,120,54359.2,30,0,58260
BANKNIFTY-III.NFO,11/12/2024,09:37:14,54350,54345.05,120,54358.4,30,0,58260
BANKNIFTY-III.NFO,11/12/2024,09:37:15,54350,54345.05,120,54360.8,60,0,58260
BANKNIFTY-III.NFO,11/12/2024,09:37:17,54350,54345.05,120,54357.4,60,0,58260
BANKNIFTY-III.NFO,11/12/2024,09:37:19,54350,54345.05,120,54357.3,60,0,58260
BANKNIFTY-III.NFO,11/12/2024,09:37:20,54350,54345.05,120,54357.25,30,0,58260
BANKNIFTY-III.NFO,11/12/2024,09:37:22,54350,54345.05,120,54360.8,60,0,58260
BANKNIFTY-III.NFO,11/12/2024,09:37:24,54350,54345,450,54365.15,60,0,58260
BANKNIFTY-III.NFO,11/12/2024,09:37:25,54350,54345,450,54351.65,30,0,58260
BANKNIFTY-III.NFO,11/12/2024,09:37:27,54350,54345,450,54348.85,30,0,58260
BANKNIFTY-III.NFO,11/12/2024,09:37:29,54350,54345,450,54348.3,30,0,58260
BANKNIFTY-III.NFO,11/12/2024,09:37:30,54350,54345,450,54348.8,90,0,58260
BANKNIFTY-III.NFO,11/12/2024,09:37:32,54350,54345,450,54347.55,30,0,58260
BANKNIFTY-III.NFO,11/12/2024,09:37:33,54345,54345,210,54353.6,60,240,58320
BANKNIFTY-III.NFO,11/12/2024,09:37:35,54345,54321.4,120,54340.8,60,210,58320
BANKNIFTY-III.NFO,11/12/2024,09:37:37,54345,54323.3,180,54342.05,60,0,58320
BANKNIFTY-III.NFO,11/12/2024,09:37:38,54345,54323.5,120,54343,60,0,58320
BANKNIFTY-III.NFO,11/12/2024,09:37:40,54345,54320.9,180,54338.85,30,0,58320
BANKNIFTY-III.NFO,11/12/2024,09:37:42,54345,54318,120,54335.6,30,0,58320
BANKNIFTY-III.NFO,11/12/2024,09:37:43,54345,54315,120,54333.95,60,0,58320
BANKNIFTY-III.NFO,11/12/2024,09:37:45,54345,54317.6,180,54336.5,60,0,58320
BANKNIFTY-III.NFO,11/12/2024,09:37:47,54345,54317.8,120,54336.3,60,0,58320
BANKNIFTY-III.NFO,11/12/2024,09:37:48,54345,54316.9,120,54335.95,60,0,58320
BANKNIFTY-III.NFO,11/12/2024,09:37:52,54345,54318.4,120,54337.6,60,0,58320
BANKNIFTY-III.NFO,11/12/2024,09:37:55,54345,54320.15,60,54342.9,60,0,58320
BANKNIFTY-III.NFO,11/12/2024,09:37:57,54345,54321.9,180,54341.1,60,0,58320
BANKNIFTY-III.NFO,11/12/2024,09:37:58,54345,54322.8,120,54341.1,60,0,58320
BANKNIFTY-III.NFO,11/12/2024,09:38:00,54345,54320.65,120,54341.1,60,0,58320
BANKNIFTY-III.NFO,11/12/2024,09:38:02,54345,54321.15,120,54341.1,60,0,58320
BANKNIFTY-III.NFO,11/12/2024,09:38:03,54345,54318.6,120,54340.8,90,0,58320
BANKNIFTY-III.NFO,11/12/2024,09:38:05,54345,54318.6,120,54337.4,60,0,58320
BANKNIFTY-III.NFO,11/12/2024,09:38:07,54345,54317.5,120,54337.4,60,0,58320
BANKNIFTY-III.NFO,11/12/2024,09:38:08,54345,54317.6,120,54337.4,60,0,58320
BANKNIFTY-III.NFO,11/12/2024,09:38:13,54345,54319,120,54342,90,0,58320
BANKNIFTY-III.NFO,11/12/2024,09:38:15,54345,54319,120,54339.55,60,0,58320
BANKNIFTY-III.NFO,11/12/2024,09:38:17,54345,54316.8,120,54337.6,60,0,58320
BANKNIFTY-III.NFO,11/12/2024,09:38:18,54345,54330,30,54339.35,60,0,58320
BANKNIFTY-III.NFO,11/12/2024,09:38:20,54345,54330,30,54338.6,60,0,58320
BANKNIFTY-III.NFO,11/12/2024,09:38:22,54345,54330,30,54337.6,30,0,58320
BANKNIFTY-III.NFO,11/12/2024,09:38:23,54345,54330,30,54336.75,30,0,58320
BANKNIFTY-III.NFO,11/12/2024,09:38:25,54345,54330,30,54337.05,60,0,58320
BANKNIFTY-III.NFO,11/12/2024,09:38:26,54345,54330,30,54340.7,60,0,58320
BANKNIFTY-III.NFO,11/12/2024,09:38:28,54345,54330,30,54340.05,60,0,58320
BANKNIFTY-III.NFO,11/12/2024,09:38:31,54345,54330,30,54342.4,60,0,58320
BANKNIFTY-III.NFO,11/12/2024,09:38:33,54345,54320.25,120,54340,60,0,58320
BANKNIFTY-III.NFO,11/12/2024,09:38:35,54345,54323.55,120,54342.2,60,0,58320
BANKNIFTY-III.NFO,11/12/2024,09:38:36,54345,54321.05,120,54340.1,90,0,58320
BANKNIFTY-III.NFO,11/12/2024,09:38:38,54345,54323.45,120,54342.35,60,0,58320
BANKNIFTY-III.NFO,11/12/2024,09:38:40,54345,54321.4,120,54341.35,60,0,58320
BANKNIFTY-III.NFO,11/12/2024,09:38:41,54345,54321.8,120,54340.4,60,0,58320
BANKNIFTY-III.NFO,11/12/2024,09:38:43,54345,54320.25,120,54339.3,60,0,58320
BANKNIFTY-III.NFO,11/12/2024,09:38:45,54345,54325,30,54341.7,60,0,58320
BANKNIFTY-III.NFO,11/12/2024,09:38:46,54345,54325.05,120,54342.55,60,0,58320
BANKNIFTY-III.NFO,11/12/2024,09:38:48,54345,54325.05,120,54342.15,60,0,58320
BANKNIFTY-III.NFO,11/12/2024,09:38:51,54345,54325,30,54340.8,30,0,58320
BANKNIFTY-III.NFO,11/12/2024,09:38:53,54345,54325,30,54339.15,30,0,58320
BANKNIFTY-III.NFO,11/12/2024,09:38:55,54345,54325,30,54339,30,0,58320
BANKNIFTY-III.NFO,11/12/2024,09:38:56,54345,54325,30,54338.4,60,0,58320
BANKNIFTY-III.NFO,11/12/2024,09:39:00,54345,54325,30,54333.75,30,0,58320
BANKNIFTY-III.NFO,11/12/2024,09:39:01,54345,54325,30,54330.55,30,0,58320
BANKNIFTY-III.NFO,11/12/2024,09:39:03,54345,54325,30,54331.05,60,0,58320
BANKNIFTY-III.NFO,11/12/2024,09:39:05,54345,54325,30,54330.65,120,0,58320
BANKNIFTY-III.NFO,11/12/2024,09:39:06,54345,54315.05,120,54330.9,30,0,58320
BANKNIFTY-III.NFO,11/12/2024,09:39:08,54345,54315,30,54330.2,30,0,58320
BANKNIFTY-III.NFO,11/12/2024,09:39:10,54345,54315.05,120,54331.55,90,0,58320
BANKNIFTY-III.NFO,11/12/2024,09:39:12,54345,54315,30,54326.45,30,0,58320
BANKNIFTY-III.NFO,11/12/2024,09:39:13,54345,54315,30,54326.8,30,0,58320
BANKNIFTY-III.NFO,11/12/2024,09:39:15,54345,54315,30,54321.45,60,0,58320
BANKNIFTY-III.NFO,11/12/2024,09:39:17,54345,54315,30,54320.2,60,0,58320
BANKNIFTY-III.NFO,11/12/2024,09:39:18,54345,54315,30,54326.65,60,0,58320
BANKNIFTY-III.NFO,11/12/2024,09:39:20,54345,54315,30,54326.5,60,0,58320
BANKNIFTY-III.NFO,11/12/2024,09:39:22,54345,54305.05,120,54321.55,30,0,58320
BANKNIFTY-III.NFO,11/12/2024,09:39:23,54345,54307.85,180,54324.5,60,0,58320
BANKNIFTY-III.NFO,11/12/2024,09:39:25,54345,54305.05,120,54322.6,30,0,58320
BANKNIFTY-III.NFO,11/12/2024,09:39:27,54322.1,54308.65,120,54334.8,210,30,58320
BANKNIFTY-III.NFO,11/12/2024,09:39:28,54322.1,54309.15,120,54335.35,210,0,58320
BANKNIFTY-III.NFO,11/12/2024,09:39:30,54322.1,54310.95,120,54336.65,210,0,58320
BANKNIFTY-III.NFO,11/12/2024,09:39:31,54322.1,54312.05,120,54328.5,30,0,58320
BANKNIFTY-III.NFO,11/12/2024,09:39:33,54322.1,54317.45,150,54341.95,120,0,58320
BANKNIFTY-III.NFO,11/12/2024,09:39:35,54322.1,54318.75,120,54334.35,30,0,58320
BANKNIFTY-III.NFO,11/12/2024,09:39:36,54322.1,54318.95,120,54334.9,30,0,58320
BANKNIFTY-III.NFO,11/12/2024,09:39:40,54322.1,54318.95,180,54335.9,30,0,58320
BANKNIFTY-III.NFO,11/12/2024,09:39:41,54322.1,54318.95,180,54335.05,30,0,58320
BANKNIFTY-III.NFO,11/12/2024,09:39:43,54322.1,54317.55,120,54325,30,0,58320
BANKNIFTY-III.NFO,11/12/2024,09:39:45,54322.1,54318.05,180,54325,30,0,58320
BANKNIFTY-III.NFO,11/12/2024,09:39:46,54322.1,54316.85,120,54325,30,0,58320
BANKNIFTY-III.NFO,11/12/2024,09:39:50,54322.1,54320.05,120,54325,30,0,58320
BANKNIFTY-III.NFO,11/12/2024,09:39:51,54322.1,54320,30,54325,30,0,58320
BANKNIFTY-III.NFO,11/12/2024,09:39:58,54322.1,54320,30,54336.7,90,0,58320
BANKNIFTY-III.NFO,11/12/2024,09:40:00,54322.1,54320,30,54329.6,60,0,58320
BANKNIFTY-III.NFO,11/12/2024,09:40:01,54322.1,54320,30,54341,90,0,58320
BANKNIFTY-III.NFO,11/12/2024,09:40:03,54322.1,54315.05,120,54328.6,30,0,58320
BANKNIFTY-III.NFO,11/12/2024,09:40:05,54322.1,54315.05,120,54330.25,30,0,58320
BANKNIFTY-III.NFO,11/12/2024,09:40:06,54322.1,54315.05,120,54330,30,0,58320
BANKNIFTY-III.NFO,11/12/2024,09:40:08,54322.1,54315.35,120,54341.3,90,0,58320
BANKNIFTY-III.NFO,11/12/2024,09:40:10,54322.1,54317.45,120,54335.4,30,0,58320
BANKNIFTY-III.NFO,11/12/2024,09:40:11,54322.1,54317.65,120,54343,90,0,58320
BANKNIFTY-III.NFO,11/12/2024,09:40:13,54322.1,54318.6,120,54343,120,0,58320
BANKNIFTY-III.NFO,11/12/2024,09:40:15,54322.1,54320.05,120,54339.5,30,0,58320
BANKNIFTY-III.NFO,11/12/2024,09:40:16,54322.1,54320.55,120,54341.35,30,0,58320
BANKNIFTY-III.NFO,11/12/2024,09:40:18,54322.1,54320.85,180,54342.95,90,0,58320
BANKNIFTY-III.NFO,11/12/2024,09:40:20,54322.1,54320.05,120,54339.95,30,0,58320
BANKNIFTY-III.NFO,11/12/2024,09:40:21,54322.1,54321.4,120,54343,90,0,58320
BANKNIFTY-III.NFO,11/12/2024,09:40:23,54322.1,54321.5,180,54342.6,30,0,58320
BANKNIFTY-III.NFO,11/12/2024,09:40:25,54322.1,54322.15,180,54343,90,0,58320
BANKNIFTY-III.NFO,11/12/2024,09:40:26,54322.1,54324.45,120,54343,30,0,58320
BANKNIFTY-III.NFO,11/12/2024,09:40:28,54322.1,54327.25,120,54343,30,0,58320
BANKNIFTY-III.NFO,11/12/2024,09:40:30,54322.1,54329.55,120,54343,30,0,58320
BANKNIFTY-III.NFO,11/12/2024,09:40:31,54322.1,54328.1,120,54343,30,0,58320
BANKNIFTY-III.NFO,11/12/2024,09:40:33,54322.1,54325.05,120,54343,30,0,58320
BANKNIFTY-III.NFO,11/12/2024,09:40:35,54322.1,54331.35,120,54343,30,0,58320
BANKNIFTY-III.NFO,11/12/2024,09:40:36,54322.1,54330.05,120,54343,30,0,58320
BANKNIFTY-III.NFO,11/12/2024,09:40:38,54322.1,54330,30,54343,30,0,58320
BANKNIFTY-III.NFO,11/12/2024,09:40:43,54322.1,54330.05,120,54343,30,0,58320
BANKNIFTY-III.NFO,11/12/2024,09:40:45,54322.1,54330,30,54343,30,0,58320
BANKNIFTY-III.NFO,11/12/2024,09:40:46,54322.1,54330,30,54342.5,30,0,58320
BANKNIFTY-III.NFO,11/12/2024,09:40:48,54322.1,54330,30,54343,30,0,58320
BANKNIFTY-III.NFO,11/12/2024,09:40:51,54322.1,54330,30,54340.2,30,0,58320
BANKNIFTY-III.NFO,11/12/2024,09:40:53,54343.45,54330,30,54344.65,30,300,58320
BANKNIFTY-III.NFO,11/12/2024,09:40:55,54343.45,54330,30,54334.25,30,0,58740
BANKNIFTY-III.NFO,11/12/2024,09:40:56,54343.45,54330,30,54333.65,30,0,58740
BANKNIFTY-III.NFO,11/12/2024,09:40:58,54330,54316.7,120,54343.5,30,30,58740
BANKNIFTY-III.NFO,11/12/2024,09:41:00,54330,54315.25,60,54327.7,30,0,58740
BANKNIFTY-III.NFO,11/12/2024,09:41:01,54330,54313.8,60,54324.35,30,0,58740
BANKNIFTY-III.NFO,11/12/2024,09:41:03,54330,54310,90,54320.45,30,0,58740
BANKNIFTY-III.NFO,11/12/2024,09:41:05,54330,54310,90,54316.1,30,0,58740
BANKNIFTY-III.NFO,11/12/2024,09:41:06,54330,54310,90,54317.3,30,0,58740
BANKNIFTY-III.NFO,11/12/2024,09:41:08,54330,54310,90,54319,30,0,58740
BANKNIFTY-III.NFO,11/12/2024,09:41:10,54330,54310,90,54322.5,30,0,58740
BANKNIFTY-III.NFO,11/12/2024,09:41:12,54330,54310,90,54319.05,30,0,58740
BANKNIFTY-III.NFO,11/12/2024,09:41:13,54330,54310,90,54320.15,30,0,58740
BANKNIFTY-III.NFO,11/12/2024,09:41:15,54330,54310,90,54316.6,30,0,58740
BANKNIFTY-III.NFO,11/12/2024,09:41:16,54330,54310,90,54329.15,30,0,58740
BANKNIFTY-III.NFO,11/12/2024,09:41:18,54330,54310,90,54317.85,60,0,58740
BANKNIFTY-III.NFO,11/12/2024,09:41:20,54330,54310,90,54327.55,90,0,58740
BANKNIFTY-III.NFO,11/12/2024,09:41:21,54310,54300,60,54306.2,30,90,58740
BANKNIFTY-III.NFO,11/12/2024,09:41:23,54310,54300,60,54317.5,150,0,58740
BANKNIFTY-III.NFO,11/12/2024,09:41:25,54310,54300,60,54315,150,0,58740
BANKNIFTY-III.NFO,11/12/2024,09:41:26,54310,54300.05,60,54310.1,30,0,58740
BANKNIFTY-III.NFO,11/12/2024,09:41:28,54310,54302.3,60,54321.55,150,0,58740
BANKNIFTY-III.NFO,11/12/2024,09:41:30,54310,54300,60,54309.55,30,0,58740
BANKNIFTY-III.NFO,11/12/2024,09:41:31,54310,54300.05,180,54310.9,60,0,58740
BANKNIFTY-III.NFO,11/12/2024,09:41:33,54310,54300.7,60,54309,30,0,58740
BANKNIFTY-III.NFO,11/12/2024,09:41:35,54310,54300.9,120,54320.55,150,0,58740
BANKNIFTY-III.NFO,11/12/2024,09:41:36,54310,54303.5,120,54331.15,120,0,58740
BANKNIFTY-III.NFO,11/12/2024,09:41:38,54310,54306.5,120,54317.15,30,0,58740
BANKNIFTY-III.NFO,11/12/2024,09:41:40,54310,54303.5,120,54314.75,30,0,58740
BANKNIFTY-III.NFO,11/12/2024,09:41:41,54310,54302.6,120,54313.35,60,0,58740
BANKNIFTY-III.NFO,11/12/2024,09:41:43,54310,54303.25,120,54312.8,30,0,58740
BANKNIFTY-III.NFO,11/12/2024,09:41:45,54310,54304.45,120,54313.05,30,0,58740
BANKNIFTY-III.NFO,11/12/2024,09:41:46,54310,54304.3,120,54312.3,30,0,58740
BANKNIFTY-III.NFO,11/12/2024,09:41:48,54310,54303.05,120,54311.2,30,0,58740
BANKNIFTY-III.NFO,11/12/2024,09:41:49,54310,54305.7,120,54330.6,30,0,58740
BANKNIFTY-III.NFO,11/12/2024,09:41:51,54310,54307.5,120,54331.3,90,0,58740
BANKNIFTY-III.NFO,11/12/2024,09:41:53,54310,54303.1,120,54311.7,30,0,58740
BANKNIFTY-III.NFO,11/12/2024,09:41:54,54310,54303.1,120,54311.45,60,0,58740
BANKNIFTY-III.NFO,11/12/2024,09:41:56,54310,54303.3,120,54313.55,30,0,58740
BANKNIFTY-III.NFO,11/12/2024,09:41:58,54310,54307.65,120,54316,30,0,58740
BANKNIFTY-III.NFO,11/12/2024,09:41:59,54310,54307.55,120,54316.45,30,0,58740
BANKNIFTY-III.NFO,11/12/2024,09:42:01,54310,54307.95,120,54315.35,30,0,58740
BANKNIFTY-III.NFO,11/12/2024,09:42:03,54310,54307.15,120,54325.2,150,0,58740
BANKNIFTY-III.NFO,11/12/2024,09:42:04,54310,54305.95,120,54313.6,60,0,58740
BANKNIFTY-III.NFO,11/12/2024,09:42:06,54310,54308.75,120,54317.4,60,0,58740
BANKNIFTY-III.NFO,11/12/2024,09:42:08,54310,54306.65,120,54317.35,60,0,58740
BANKNIFTY-III.NFO,11/12/2024,09:42:09,54310,54306.25,120,54316.6,30,0,58740
BANKNIFTY-III.NFO,11/12/2024,09:42:12,54310,54307.8,120,54320.5,150,0,58740
BANKNIFTY-III.NFO,11/12/2024,09:42:14,54310,54307.85,120,54320.5,150,0,58740
BANKNIFTY-III.NFO,11/12/2024,09:42:15,54310,54306.25,120,54320.5,150,0,58740
BANKNIFTY-III.NFO,11/12/2024,09:42:17,54310,54306.55,120,54319.9,30,0,58740
BANKNIFTY-III.NFO,11/12/2024,09:42:19,54310,54303.65,120,54316.2,30,0,58740
BANKNIFTY-III.NFO,11/12/2024,09:42:20,54310,54301.05,120,54312.5,60,0,58740
BANKNIFTY-III.NFO,11/12/2024,09:42:22,54310,54302.75,120,54313.85,30,0,58740
BANKNIFTY-III.NFO,11/12/2024,09:42:24,54310,54303.75,120,54316.9,30,0,58740
BANKNIFTY-III.NFO,11/12/2024,09:42:26,54310,54303.65,120,54316.75,30,0,58740
BANKNIFTY-III.NFO,11/12/2024,09:42:27,54310,54304.9,120,54318.9,60,0,58740
BANKNIFTY-III.NFO,11/12/2024,09:42:29,54310,54303.55,120,54316.7,30,0,58740
BANKNIFTY-III.NFO,11/12/2024,09:42:32,54310,54305.2,120,54318.05,30,0,58740
BANKNIFTY-III.NFO,11/12/2024,09:42:34,54310,54303.1,120,54316,30,0,58740
BANKNIFTY-III.NFO,11/12/2024,09:42:35,54310,54304,120,54315,30,0,58740
BANKNIFTY-III.NFO,11/12/2024,09:42:39,54310,54303.7,120,54315.65,90,0,58740
BANKNIFTY-III.NFO,11/12/2024,09:42:40,54310,54303.7,120,54314.55,30,0,58740
BANKNIFTY-III.NFO,11/12/2024,09:42:42,54310,54305.6,120,54318.15,150,0,58740
BANKNIFTY-III.NFO,11/12/2024,09:42:44,54310,54307.6,180,54320.5,150,0,58740
BANKNIFTY-III.NFO,11/12/2024,09:42:45,54310,54307.1,120,54320.5,150,0,58740
BANKNIFTY-III.NFO,11/12/2024,09:42:47,54310,54306.3,120,54310,150,0,58740
BANKNIFTY-III.NFO,11/12/2024,09:42:48,54310,54307.1,120,54310,150,0,58740
BANKNIFTY-III.NFO,11/12/2024,09:42:50,54310,54306.7,120,54310,150,0,58740
BANKNIFTY-III.NFO,11/12/2024,09:42:52,54310,54306.9,120,54310,150,0,58740
BANKNIFTY-III.NFO,11/12/2024,09:42:53,54310,54307.35,120,54310,150,0,58740
BANKNIFTY-III.NFO,11/12/2024,09:42:55,54310,54305.6,180,54310,150,0,58740
BANKNIFTY-III.NFO,11/12/2024,09:42:57,54310,54306.85,180,54310,150,0,58740
BANKNIFTY-III.NFO,11/12/2024,09:42:58,54310,54307.65,120,54310,150,0,58740
BANKNIFTY-III.NFO,11/12/2024,09:43:00,54310,54305.9,120,54310,150,0,58740
BANKNIFTY-III.NFO,11/12/2024,09:43:02,54310,54301.65,120,54310,150,0,58740
BANKNIFTY-III.NFO,11/12/2024,09:43:05,54310,54301,60,54310,150,0,58740
BANKNIFTY-III.NFO,11/12/2024,09:43:28,54310,54301,60,54310,120,30,59010
BANKNIFTY-III.NFO,11/12/2024,09:43:30,54310,54301,60,54310,120,0,59010
BANKNIFTY-III.NFO,11/12/2024,09:43:38,54310,54301.05,120,54310,120,0,59010
BANKNIFTY-III.NFO,11/12/2024,09:43:42,54310,54301,60,54310,120,0,59010
BANKNIFTY-III.NFO,11/12/2024,09:43:43,54310,54303.55,180,54310,120,0,59010
BANKNIFTY-III.NFO,11/12/2024,09:43:45,54310,54303.55,60,54310,120,0,59010
BANKNIFTY-III.NFO,11/12/2024,09:43:47,54310,54302.3,60,54310,120,0,59010
BANKNIFTY-III.NFO,11/12/2024,09:43:48,54310,54303.45,60,54310,120,0,59010
BANKNIFTY-III.NFO,11/12/2024,09:43:50,54310,54302.1,60,54310,120,0,59010
BANKNIFTY-III.NFO,11/12/2024,09:43:52,54310,54302.4,60,54310,120,0,59010
BANKNIFTY-III.NFO,11/12/2024,09:43:53,54310,54301,60,54307,120,0,59010
BANKNIFTY-III.NFO,11/12/2024,09:44:05,54310,54304.35,120,54307,120,0,59010
BANKNIFTY-III.NFO,11/12/2024,09:44:07,54310,54303.7,120,54307,120,0,59010
BANKNIFTY-III.NFO,11/12/2024,09:44:08,54310,54303.05,60,54307,120,0,59010
BANKNIFTY-III.NFO,11/12/2024,09:44:14,54310,54301.05,60,54307,120,0,59010
BANKNIFTY-III.NFO,11/12/2024,09:44:15,54310,54301.45,60,54307,120,0,59010
BANKNIFTY-III.NFO,11/12/2024,09:44:20,54310,54304.2,60,54307,120,0,59010
BANKNIFTY-III.NFO,11/12/2024,09:44:22,54310,54304.25,120,54307,120,0,59010
BANKNIFTY-III.NFO,11/12/2024,09:44:24,54310,54304.2,60,54307,120,0,59010
BANKNIFTY-III.NFO,11/12/2024,09:44:25,54310,54305.25,120,54307,120,0,59010
BANKNIFTY-III.NFO,11/12/2024,09:44:27,54310,54305.55,120,54307,120,0,59010
BANKNIFTY-III.NFO,11/12/2024,09:44:29,54307,54305.75,120,54307,90,30,59010
BANKNIFTY-III.NFO,11/12/2024,09:44:30,54307,54304.65,120,54307,90,0,59010
BANKNIFTY-III.NFO,11/12/2024,09:44:32,54307,54305.05,180,54307,90,0,59010
BANKNIFTY-III.NFO,11/12/2024,09:44:34,54307,54314.05,150,54333.8,60,90,59010
BANKNIFTY-III.NFO,11/12/2024,09:44:36,54307,54314.4,60,54333.75,30,0,59010
BANKNIFTY-III.NFO,11/12/2024,09:44:37,54307,54313.5,60,54332.75,30,0,59010
BANKNIFTY-III.NFO,11/12/2024,09:44:39,54307,54312.3,120,54331.75,30,0,59010
BANKNIFTY-III.NFO,11/12/2024,09:44:41,54307,54315.05,60,54333.25,60,0,59010
BANKNIFTY-III.NFO,11/12/2024,09:44:42,54307,54312.55,60,54330.65,60,0,59010
BANKNIFTY-III.NFO,11/12/2024,09:44:44,54307,54303.65,150,54327.6,60,0,59010
BANKNIFTY-III.NFO,11/12/2024,09:44:46,54307,54308.6,60,54326.6,30,0,59010
BANKNIFTY-III.NFO,11/12/2024,09:44:47,54307,54308.1,60,54326.9,30,0,59010
BANKNIFTY-III.NFO,11/12/2024,09:44:51,54307,54315.1,60,54332.75,30,0,59010
BANKNIFTY-III.NFO,11/12/2024,09:44:52,54332.75,54316.4,60,54340,150,30,59010
BANKNIFTY-III.NFO,11/12/2024,09:44:54,54332.75,54315.6,180,54340,150,0,59010
BANKNIFTY-III.NFO,11/12/2024,09:44:56,54332.75,54316,120,54334,30,0,59010
BANKNIFTY-III.NFO,11/12/2024,09:44:57,54332.75,54316.45,120,54334.4,60,0,59010
BANKNIFTY-III.NFO,11/12/2024,09:44:59,54332.75,54312.85,60,54331.2,30,0,59010
BANKNIFTY-III.NFO,11/12/2024,09:45:01,54332.75,54304.3,120,54334.2,30,0,59010
BANKNIFTY-III.NFO,11/12/2024,09:45:02,54332.75,54302.15,120,54324.8,30,0,59010
BANKNIFTY-III.NFO,11/12/2024,09:45:04,54332.75,54305.1,60,54330.25,120,0,59010
BANKNIFTY-III.NFO,11/12/2024,09:45:06,54332.75,54306.1,60,54322.1,90,0,59010
BANKNIFTY-III.NFO,11/12/2024,09:45:07,54332.75,54301,60,54329.75,90,0,59010
BANKNIFTY-III.NFO,11/12/2024,09:45:09,54300,54290.15,60,54329.65,300,90,59010
BANKNIFTY-III.NFO,11/12/2024,09:45:11,54304,54274.35,120,54329.55,300,30,59010
BANKNIFTY-III.NFO,11/12/2024,09:45:12,54304,54270.65,120,54298.7,60,0,59010
BANKNIFTY-III.NFO,11/12/2024,09:45:13,54304,54275.3,60,54289.9,60,0,59010
BANKNIFTY-III.NFO,11/12/2024,09:45:15,54304,54277.6,60,54300.6,30,0,59010
BANKNIFTY-III.NFO,11/12/2024,09:45:17,54304,54267.05,120,54295,90,0,59010
BANKNIFTY-III.NFO,11/12/2024,09:45:18,54304,54263.55,120,54283.6,60,0,59010
BANKNIFTY-III.NFO,11/12/2024,09:45:20,54304,54265.05,120,54297.1,60,0,59010
BANKNIFTY-III.NFO,11/12/2024,09:45:22,54304,54274.05,120,54329.45,300,0,59010
BANKNIFTY-III.NFO,11/12/2024,09:45:23,54304,54269.55,120,54299.95,60,0,59010
BANKNIFTY-III.NFO,11/12/2024,09:45:25,54304,54278.85,120,54297.75,30,0,59010
BANKNIFTY-III.NFO,11/12/2024,09:45:27,54304,54275.25,120,54299.4,60,0,59010
BANKNIFTY-III.NFO,11/12/2024,09:45:28,54304,54277.75,120,54306.35,60,0,59010
BANKNIFTY-III.NFO,11/12/2024,09:45:30,54304,54275.9,120,54289.75,30,0,59010
BANKNIFTY-III.NFO,11/12/2024,09:45:32,54304,54275.65,180,54298.5,150,0,59010
BANKNIFTY-III.NFO,11/12/2024,09:45:33,54304,54275.7,120,54289.05,30,0,59010
BANKNIFTY-III.NFO,11/12/2024,09:45:35,54304,54277.5,120,54304.8,30,0,59010
BANKNIFTY-III.NFO,11/12/2024,09:45:37,54304,54276.05,120,54289.6,30,0,59010
BANKNIFTY-III.NFO,11/12/2024,09:45:38,54304,54270.9,120,54305.8,120,0,59010
BANKNIFTY-III.NFO,11/12/2024,09:45:40,54304,54272.15,120,54305.8,60,0,59010
BANKNIFTY-III.NFO,11/12/2024,09:45:42,54304,54272.15,120,54308.95,120,0,59010
BANKNIFTY-III.NFO,11/12/2024,09:45:43,54304,54277.15,120,54306.55,30,0,59010
BANKNIFTY-III.NFO,11/12/2024,09:45:45,54304,54276.7,120,54304.25,30,0,59010
BANKNIFTY-III.NFO,11/12/2024,09:45:47,54304,54275.1,120,54293.65,60,0,59010
BANKNIFTY-III.NFO,11/12/2024,09:45:48,54304,54274.1,120,54287.9,30,0,59010
BANKNIFTY-III.NFO,11/12/2024,09:45:50,54290,54275.1,120,54291.45,30,90,59250
BANKNIFTY-III.NFO,11/12/2024,09:45:52,54290,54274.4,120,54299.85,150,0,59250
BANKNIFTY-III.NFO,11/12/2024,09:45:53,54290,54271.1,120,54296.5,90,0,59250
BANKNIFTY-III.NFO,11/12/2024,09:45:55,54290,54271.3,120,54288.8,60,0,59250
BANKNIFTY-III.NFO,11/12/2024,09:45:57,54290,54272,120,54289.65,30,0,59250
BANKNIFTY-III.NFO,11/12/2024,09:45:58,54290,54264.65,120,54293.05,30,0,59250
BANKNIFTY-III.NFO,11/12/2024,09:46:00,54290,54267.95,120,54282.65,60,0,59250
BANKNIFTY-III.NFO,11/12/2024,09:46:02,54290,54266.4,120,54280.8,30,0,59250
BANKNIFTY-III.NFO,11/12/2024,09:46:03,54290,54264.75,120,54284.85,30,0,59250
BANKNIFTY-III.NFO,11/12/2024,09:46:05,54290,54264.9,120,54299.95,120,0,59250
BANKNIFTY-III.NFO,11/12/2024,09:46:07,54290,54264.75,150,54287.55,30,0,59250
BANKNIFTY-III.NFO,11/12/2024,09:46:08,54290,54263.65,120,54294.5,60,0,59250
BANKNIFTY-III.NFO,11/12/2024,09:46:10,54290,54266.55,120,54295.85,120,0,59250
BANKNIFTY-III.NFO,11/12/2024,09:46:12,54290,54268.7,120,54289.7,30,0,59250
BANKNIFTY-III.NFO,11/12/2024,09:46:13,54290,54267.25,120,54291.4,30,0,59250
BANKNIFTY-III.NFO,11/12/2024,09:46:15,54290,54262.8,150,54287.65,30,0,59250
BANKNIFTY-III.NFO,11/12/2024,09:46:16,54290,54267.8,120,54285.15,90,0,59250
BANKNIFTY-III.NFO,11/12/2024,09:46:18,54290,54266.05,120,54285,60,0,59250
BANKNIFTY-III.NFO,11/12/2024,09:46:20,54290,54265.85,180,54281.15,30,0,59250
BANKNIFTY-III.NFO,11/12/2024,09:46:21,54290,54265.85,180,54281.15,60,0,59250
BANKNIFTY-III.NFO,11/12/2024,09:46:23,54290,54268.05,120,54290.65,60,0,59250
BANKNIFTY-III.NFO,11/12/2024,09:46:24,54290,54267.85,120,54283.5,30,0,59250
BANKNIFTY-III.NFO,11/12/2024,09:46:26,54290,54266.35,120,54280.75,30,0,59250
BANKNIFTY-III.NFO,11/12/2024,09:46:28,54290,54262.55,120,54275.6,150,0,59250
BANKNIFTY-III.NFO,11/12/2024,09:46:29,54290,54265.55,120,54290.15,120,0,59250
BANKNIFTY-III.NFO,11/12/2024,09:46:31,54290,54262.45,180,54290.15,120,0,59250
BANKNIFTY-III.NFO,11/12/2024,09:46:33,54260,54252,60,54259.95,30,60,59250
BANKNIFTY-III.NFO,11/12/2024,09:46:34,54260,54256.3,120,54280.55,60,0,59250
BANKNIFTY-III.NFO,11/12/2024,09:46:36,54260,54255.8,60,54267.9,60,0,59250
BANKNIFTY-III.NFO,11/12/2024,09:46:38,54260,54255.1,180,54269.1,90,0,59250
BANKNIFTY-III.NFO,11/12/2024,09:46:39,54260,54253.8,120,54265.3,30,0,59250
BANKNIFTY-III.NFO,11/12/2024,09:46:41,54260,54254.15,60,54264.5,30,0,59250
BANKNIFTY-III.NFO,11/12/2024,09:46:43,54260,54254.8,60,54273.7,150,0,59250
BANKNIFTY-III.NFO,11/12/2024,09:46:44,54260,54256.2,120,54278.4,150,0,59250
BANKNIFTY-III.NFO,11/12/2024,09:46:46,54260,54253.9,60,54265.05,30,0,59250
BANKNIFTY-III.NFO,11/12/2024,09:46:48,54260,54253,120,54273.35,150,0,59250
BANKNIFTY-III.NFO,11/12/2024,09:46:49,54260,54253.15,60,54263,90,0,59250
BANKNIFTY-III.NFO,11/12/2024,09:46:51,54260,54253.9,60,54263.55,90,0,59250
BANKNIFTY-III.NFO,11/12/2024,09:46:53,54260,54255.5,120,54276.2,150,0,59250
BANKNIFTY-III.NFO,11/12/2024,09:46:54,54260,54255.7,180,54266.9,30,0,59250
BANKNIFTY-III.NFO,11/12/2024,09:46:56,54260,54260,30,54268.5,60,0,59250
BANKNIFTY-III.NFO,11/12/2024,09:46:58,54260,54260,30,54268.85,30,0,59250
BANKNIFTY-III.NFO,11/12/2024,09:46:59,54260,54260,30,54264.15,30,0,59250
BANKNIFTY-III.NFO,11/12/2024,09:47:01,54260,54260,90,54262.3,30,90,59250
BANKNIFTY-III.NFO,11/12/2024,09:47:03,54260,54260,60,54261.2,30,30,59250
BANKNIFTY-III.NFO,11/12/2024,09:47:04,54260,54260,60,54265.8,30,0,59250
BANKNIFTY-III.NFO,11/12/2024,09:47:06,54260,54260,60,54275,150,0,59250
BANKNIFTY-III.NFO,11/12/2024,09:47:08,54260,54260.05,120,54278.9,30,0,59250
BANKNIFTY-III.NFO,11/12/2024,09:47:09,54260,54260.05,120,54278.85,90,0,59250
BANKNIFTY-III.NFO,11/12/2024,09:47:11,54260,54260.05,120,54270.6,30,0,59250
BANKNIFTY-III.NFO,11/12/2024,09:47:13,54260,54260.05,120,54277.8,30,0,59250
BANKNIFTY-III.NFO,11/12/2024,09:47:14,54260,54260.05,120,54270.15,60,0,59250
BANKNIFTY-III.NFO,11/12/2024,09:47:16,54260,54260.05,120,54269.35,30,0,59250
BANKNIFTY-III.NFO,11/12/2024,09:47:18,54260,54269.05,120,54287.55,60,0,59250
BANKNIFTY-III.NFO,11/12/2024,09:47:19,54260,54266.25,120,54281.15,30,0,59250
BANKNIFTY-III.NFO,11/12/2024,09:47:21,54260,54266.05,120,54277.65,30,0,59250
BANKNIFTY-III.NFO,11/12/2024,09:47:23,54260,54264,180,54274.1,30,0,59250
BANKNIFTY-III.NFO,11/12/2024,09:47:24,54260,54260.95,120,54269.9,30,0,59250
BANKNIFTY-III.NFO,11/12/2024,09:47:26,54260,54260.05,120,54267.95,90,0,59250
BANKNIFTY-III.NFO,11/12/2024,09:47:28,54260,54260.05,120,54270.6,30,0,59250
BANKNIFTY-III.NFO,11/12/2024,09:47:29,54275.4,54260.05,120,54270.4,30,60,59250
BANKNIFTY-III.NFO,11/12/2024,09:47:31,54275.4,54261.05,120,54272.95,30,0,59250
BANKNIFTY-III.NFO,11/12/2024,09:47:33,54275.4,54260.75,120,54273.05,30,0,59250
BANKNIFTY-III.NFO,11/12/2024,09:47:34,54275.4,54260.05,120,54271.6,90,0,59250
BANKNIFTY-III.NFO,11/12/2024,09:47:36,54275.4,54260.05,120,54275.75,60,0,59250
BANKNIFTY-III.NFO,11/12/2024,09:47:38,54275.4,54260.05,120,54271.25,30,0,59250
BANKNIFTY-III.NFO,11/12/2024,09:47:39,54275.4,54260.05,120,54269.95,30,0,59250
BANKNIFTY-III.NFO,11/12/2024,09:47:41,54275.4,54260.05,120,54270.95,30,0,59250
BANKNIFTY-III.NFO,11/12/2024,09:47:43,54275.4,54260.05,120,54271.45,30,0,59250
BANKNIFTY-III.NFO,11/12/2024,09:47:44,54275.4,54260.05,120,54270.75,30,0,59250
BANKNIFTY-III.NFO,11/12/2024,09:47:46,54275.4,54260.05,120,54275.85,60,0,59250
BANKNIFTY-III.NFO,11/12/2024,09:47:48,54275.4,54260.05,120,54274.2,60,0,59250
BANKNIFTY-III.NFO,11/12/2024,09:47:49,54275.4,54260.05,120,54274.15,60,0,59250
BANKNIFTY-III.NFO,11/12/2024,09:47:51,54275.4,54263.85,120,54277,60,0,59250
BANKNIFTY-III.NFO,11/12/2024,09:47:53,54275.4,54261.35,120,54274.75,30,0,59250
BANKNIFTY-III.NFO,11/12/2024,09:47:54,54275.4,54261.85,120,54276.4,30,0,59250
BANKNIFTY-III.NFO,11/12/2024,09:47:56,54275.4,54261.15,180,54280.45,60,0,59250
BANKNIFTY-III.NFO,11/12/2024,09:47:58,54275.4,54260.05,120,54280,150,0,59250
BANKNIFTY-III.NFO,11/12/2024,09:47:59,54275.55,54260,30,54279.95,150,60,59250
BANKNIFTY-III.NFO,11/12/2024,09:48:01,54275.55,54260,30,54267.65,30,0,59250
BANKNIFTY-III.NFO,11/12/2024,09:48:03,54275.55,54260.05,120,54279.6,60,0,59250
BANKNIFTY-III.NFO,11/12/2024,09:48:04,54275.55,54260,30,54268.8,30,0,59250
BANKNIFTY-III.NFO,11/12/2024,09:48:06,54275.55,54260.05,120,54270.5,30,0,59250
BANKNIFTY-III.NFO,11/12/2024,09:48:08,54275.55,54260.05,120,54271.15,30,0,59250
BANKNIFTY-III.NFO,11/12/2024,09:48:09,54275.55,54260.05,120,54272.15,30,0,59250
BANKNIFTY-III.NFO,11/12/2024,09:48:11,54275.55,54261.6,120,54277.1,60,0,59250
BANKNIFTY-III.NFO,11/12/2024,09:48:12,54275.55,54267,120,54276.7,60,0,59250
BANKNIFTY-III.NFO,11/12/2024,09:48:14,54275.55,54264.65,120,54284.1,60,0,59250
BANKNIFTY-III.NFO,11/12/2024,09:48:16,54275.55,54265.2,180,54277.4,30,0,59250
BANKNIFTY-III.NFO,11/12/2024,09:48:17,54275.55,54261.8,120,54279.4,30,0,59250
BANKNIFTY-III.NFO,11/12/2024,09:48:19,54275.55,54265.6,120,54279.3,30,0,59250
BANKNIFTY-III.NFO,11/12/2024,09:48:21,54275.55,54264.4,120,54274.6,30,0,59250
BANKNIFTY-III.NFO,11/12/2024,09:48:22,54275.55,54264.2,180,54275.95,60,0,59250
BANKNIFTY-III.NFO,11/12/2024,09:48:24,54275.55,54265.05,120,54277.95,60,0,59250
BANKNIFTY-III.NFO,11/12/2024,09:48:26,54275.55,54273.85,120,54289.1,60,0,59250
BANKNIFTY-III.NFO,11/12/2024,09:48:27,54275.55,54270.55,120,54289.1,60,0,59250
BANKNIFTY-III.NFO,11/12/2024,09:48:29,54275.55,54271.65,180,54289.1,60,0,59250
BANKNIFTY-III.NFO,11/12/2024,09:48:31,54275.55,54269.35,120,54280,60,0,59250
BANKNIFTY-III.NFO,11/12/2024,09:48:32,54275.55,54272.95,120,54287.35,60,0,59250
BANKNIFTY-III.NFO,11/12/2024,09:48:34,54275.55,54272.85,120,54283.55,30,0,59250
BANKNIFTY-III.NFO,11/12/2024,09:48:36,54275.55,54273.4,120,54292.6,60,0,59250
BANKNIFTY-III.NFO,11/12/2024,09:48:37,54275.55,54272.95,120,54282.4,30,0,59250
BANKNIFTY-III.NFO,11/12/2024,09:48:39,54275.55,54271.85,120,54291.65,60,0,59250
BANKNIFTY-III.NFO,11/12/2024,09:48:41,54275.55,54272.15,120,54286,30,0,59250
BANKNIFTY-III.NFO,11/12/2024,09:48:42,54275.55,54269.95,120,54284.65,60,0,59250
BANKNIFTY-III.NFO,11/12/2024,09:48:44,54275.55,54273.75,120,54284.3,30,0,59250
BANKNIFTY-III.NFO,11/12/2024,09:48:46,54275.55,54268.7,60,54285.05,60,0,59250
BANKNIFTY-III.NFO,11/12/2024,09:48:47,54275.55,54271.5,60,54294.6,150,0,59250
BANKNIFTY-III.NFO,11/12/2024,09:48:49,54275.55,54276,30,54293.45,30,0,59250
BANKNIFTY-III.NFO,11/12/2024,09:48:51,54275.55,54276,30,54295,120,0,59250
BANKNIFTY-III.NFO,11/12/2024,09:48:52,54275.55,54276,30,54278.7,30,0,59250
BANKNIFTY-III.NFO,11/12/2024,09:48:54,54276,54268.05,60,54277.05,30,30,59370
BANKNIFTY-III.NFO,11/12/2024,09:48:56,54276,54266.85,60,54276.15,30,0,59370
BANKNIFTY-III.NFO,11/12/2024,09:48:57,54276,54265,90,54270.7,30,0,59370
BANKNIFTY-III.NFO,11/12/2024,09:48:59,54276,54265,90,54269.65,30,0,59370
BANKNIFTY-III.NFO,11/12/2024,09:49:01,54276,54265,90,54279.95,150,0,59370
BANKNIFTY-III.NFO,11/12/2024,09:49:03,54276,54265,90,54268.65,30,0,59370
BANKNIFTY-III.NFO,11/12/2024,09:49:04,54276,54265,90,54271.6,60,0,59370
BANKNIFTY-III.NFO,11/12/2024,09:49:06,54276,54265,90,54270.95,30,0,59370
BANKNIFTY-III.NFO,11/12/2024,09:49:08,54276,54265,90,54270.1,30,0,59370
BANKNIFTY-III.NFO,11/12/2024,09:49:09,54276,54265,90,54271.7,60,0,59370
BANKNIFTY-III.NFO,11/12/2024,09:49:11,54276,54265,90,54281.05,150,0,59370
BANKNIFTY-III.NFO,11/12/2024,09:49:12,54276,54265,90,54270.7,60,0,59370
BANKNIFTY-III.NFO,11/12/2024,09:49:14,54276,54265,90,54271.3,30,0,59370
BANKNIFTY-III.NFO,11/12/2024,09:49:16,54276,54265.05,120,54283.35,60,0,59370
BANKNIFTY-III.NFO,11/12/2024,09:49:17,54276,54265.05,120,54273.8,30,0,59370
BANKNIFTY-III.NFO,11/12/2024,09:49:19,54276,54265.05,120,54273.3,90,0,59370
BANKNIFTY-III.NFO,11/12/2024,09:49:20,54276,54265.05,120,54276.95,120,0,59370
BANKNIFTY-III.NFO,11/12/2024,09:49:22,54276,54265.05,120,54276.7,30,0,59370
BANKNIFTY-III.NFO,11/12/2024,09:49:24,54276,54266.9,60,54283.75,150,0,59370
BANKNIFTY-III.NFO,11/12/2024,09:49:25,54276,54266.85,120,54286.35,150,0,59370
BANKNIFTY-III.NFO,11/12/2024,09:49:27,54276,54265.15,120,54275.35,120,0,59370
BANKNIFTY-III.NFO,11/12/2024,09:49:29,54276,54265.45,120,54274.25,30,0,59370
BANKNIFTY-III.NFO,11/12/2024,09:49:30,54276,54265.15,120,54275.3,30,0,59370
BANKNIFTY-III.NFO,11/12/2024,09:49:32,54276,54265.05,120,54273.3,30,0,59370
BANKNIFTY-III.NFO,11/12/2024,09:49:34,54276,54265,90,54269.65,30,0,59370
BANKNIFTY-III.NFO,11/12/2024,09:49:35,54276,54265,90,54272.05,30,0,59370
BANKNIFTY-III.NFO,11/12/2024,09:49:37,54276,54265,90,54271.75,30,0,59370
BANKNIFTY-III.NFO,11/12/2024,09:49:39,54276,54265,90,54269.3,150,0,59370
BANKNIFTY-III.NFO,11/12/2024,09:49:40,54276,54265.05,120,54280.45,60,0,59370
BANKNIFTY-III.NFO,11/12/2024,09:49:42,54276,54265.05,120,54272.55,30,0,59370
BANKNIFTY-III.NFO,11/12/2024,09:49:44,54276,54265.05,120,54275.5,150,0,59370
BANKNIFTY-III.NFO,11/12/2024,09:49:45,54276,54266.15,180,54277.1,30,0,59370
BANKNIFTY-III.NFO,11/12/2024,09:49:47,54276,54265.35,120,54275.25,30,0,59370
BANKNIFTY-III.NFO,11/12/2024,09:49:49,54276,54265,90,54272.1,90,0,59370
BANKNIFTY-III.NFO,11/12/2024,09:49:50,54276,54265.05,120,54272.35,30,0,59370
BANKNIFTY-III.NFO,11/12/2024,09:49:52,54276,54265.05,120,54276.1,30,0,59370
BANKNIFTY-III.NFO,11/12/2024,09:49:54,54276,54266.25,120,54277.75,30,0,59370
BANKNIFTY-III.NFO,11/12/2024,09:49:55,54276,54266.65,120,54278.95,30,0,59370
BANKNIFTY-III.NFO,11/12/2024,09:49:57,54276,54266.65,120,54277.4,30,0,59370
BANKNIFTY-III.NFO,11/12/2024,09:49:59,54276,54265.05,120,54276.85,30,0,59370
BANKNIFTY-III.NFO,11/12/2024,09:50:00,54276,54265.05,120,54274.3,120,0,59370
BANKNIFTY-III.NFO,11/12/2024,09:50:02,54276,54265,90,54271.1,30,0,59370
BANKNIFTY-III.NFO,11/12/2024,09:50:04,54265,54261,30,54266.2,30,90,59370
BANKNIFTY-III.NFO,11/12/2024,09:50:05,54265,54261,30,54266,60,0,59370
BANKNIFTY-III.NFO,11/12/2024,09:50:07,54265,54261.05,120,54280,60,0,59370
BANKNIFTY-III.NFO,11/12/2024,09:50:09,54265,54261,30,54268.9,60,0,59370
BANKNIFTY-III.NFO,11/12/2024,09:50:10,54265,54261.05,120,54269.95,60,0,59370
BANKNIFTY-III.NFO,11/12/2024,09:50:12,54265,54261,30,54268.4,30,0,59370
BANKNIFTY-III.NFO,11/12/2024,09:50:14,54265,54261,30,54265.35,30,0,59370
BANKNIFTY-III.NFO,11/12/2024,09:50:15,54265,54261,30,54266.05,30,0,59370
BANKNIFTY-III.NFO,11/12/2024,09:50:17,54265,54261,30,54263.1,30,0,59370
BANKNIFTY-III.NFO,11/12/2024,09:50:19,54244.05,54230.05,120,54249.35,120,1110,59370
BANKNIFTY-III.NFO,11/12/2024,09:50:19,54244.05,54230.05,120,54249.35,120,0,59370
BANKNIFTY-III.NFO,11/12/2024,09:50:20,54244.05,54230.05,120,54243.1,30,0,59370
BANKNIFTY-III.NFO,11/12/2024,09:50:22,54244.05,54230,60,54232.15,120,0,59370
BANKNIFTY-III.NFO,11/12/2024,09:50:24,54221.95,54201.05,180,54221.7,120,90,59370
BANKNIFTY-III.NFO,11/12/2024,09:50:24,54221.95,54201.05,180,54221.7,120,0,59370
BANKNIFTY-III.NFO,11/12/2024,09:50:25,54221.95,54201.05,120,54217.4,60,0,59370
BANKNIFTY-III.NFO,11/12/2024,09:50:27,54221.95,54201.05,180,54217.45,150,0,59370
BANKNIFTY-III.NFO,11/12/2024,09:50:29,54221.95,54201.05,180,54223.75,120,0,59370
BANKNIFTY-III.NFO,11/12/2024,09:50:30,54221.95,54201.05,120,54220.5,120,0,59370
BANKNIFTY-III.NFO,11/12/2024,09:50:32,54221.95,54201.05,120,54214.25,60,0,59370
BANKNIFTY-III.NFO,11/12/2024,09:50:34,54221.95,54201.05,120,54217.8,60,0,59370
BANKNIFTY-III.NFO,11/12/2024,09:50:35,54221.95,54201,120,54219.1,120,0,59370
BANKNIFTY-III.NFO,11/12/2024,09:50:37,54221.95,54201.05,120,54214.75,30,0,59370
BANKNIFTY-III.NFO,11/12/2024,09:50:39,54221.95,54201.05,180,54224.4,60,0,59370
BANKNIFTY-III.NFO,11/12/2024,09:50:40,54221.95,54201.05,180,54216.15,30,0,59370
BANKNIFTY-III.NFO,11/12/2024,09:50:42,54221.95,54201.05,180,54225,90,0,59370
BANKNIFTY-III.NFO,11/12/2024,09:50:44,54221.95,54201.05,180,54226.85,60,0,59370
BANKNIFTY-III.NFO,11/12/2024,09:50:45,54221.95,54201.05,180,54225.15,120,0,59370
BANKNIFTY-III.NFO,11/12/2024,09:50:47,54221.95,54201.05,180,54227.4,120,0,59370
BANKNIFTY-III.NFO,11/12/2024,09:50:49,54221.95,54201.05,210,54225.75,30,0,59370
BANKNIFTY-III.NFO,11/12/2024,09:50:50,54221.95,54201.05,210,54227.7,60,0,59370
BANKNIFTY-III.NFO,11/12/2024,09:50:52,54221.95,54201.05,210,54229.35,30,0,59370
BANKNIFTY-III.NFO,11/12/2024,09:50:54,54221.95,54201.05,210,54230,30,0,59370
BANKNIFTY-III.NFO,11/12/2024,09:50:55,54221.95,54201.05,210,54229.5,30,0,59370
BANKNIFTY-III.NFO,11/12/2024,09:50:57,54221.95,54201.05,210,54229.1,60,0,59370
BANKNIFTY-III.NFO,11/12/2024,09:50:58,54221.95,54201.05,210,54221.95,30,0,59370
BANKNIFTY-III.NFO,11/12/2024,09:51:05,54221.95,54220,30,54221.95,30,0,59370
BANKNIFTY-III.NFO,11/12/2024,09:51:10,54221.95,54222,120,54240.05,180,30,59370
BANKNIFTY-III.NFO,11/12/2024,09:51:12,54221.95,54222,120,54241.2,120,0,59370
BANKNIFTY-III.NFO,11/12/2024,09:51:13,54221.95,54222,180,54242.9,120,0,59370
BANKNIFTY-III.NFO,11/12/2024,09:51:15,54221.95,54222,180,54244.55,180,0,59370
BANKNIFTY-III.NFO,11/12/2024,09:51:17,54221.95,54222,180,54243.25,180,0,59370
BANKNIFTY-III.NFO,11/12/2024,09:51:18,54221.95,54222,180,54242.2,120,0,59370
BANKNIFTY-III.NFO,11/12/2024,09:51:20,54221.95,54222,120,54240.45,120,0,59370
BANKNIFTY-III.NFO,11/12/2024,09:51:22,54221.95,54222,120,54240.2,120,0,59370
BANKNIFTY-III.NFO,11/12/2024,09:51:23,54221.95,54222,120,54239.65,120,0,59370
BANKNIFTY-III.NFO,11/12/2024,09:51:25,54221.95,54222,180,54243.55,120,0,59370
BANKNIFTY-III.NFO,11/12/2024,09:51:27,54221.95,54222,180,54242.85,120,0,59370
BANKNIFTY-III.NFO,11/12/2024,09:51:28,54221.95,54222,180,54244.85,180,0,59370
BANKNIFTY-III.NFO,11/12/2024,09:51:30,54244.85,54222,180,54243.75,90,30,59370
BANKNIFTY-III.NFO,11/12/2024,09:51:32,54244.85,54222,180,54244.85,90,0,59370
BANKNIFTY-III.NFO,11/12/2024,09:51:33,54244.85,54222,180,54243.15,90,0,59370
BANKNIFTY-III.NFO,11/12/2024,09:51:35,54244.85,54222,180,54244.85,90,0,59370
BANKNIFTY-III.NFO,11/12/2024,09:51:36,54244.85,54222,180,54244.1,90,0,59370
BANKNIFTY-III.NFO,11/12/2024,09:51:38,54244.85,54222,180,54244.1,150,0,59370
BANKNIFTY-III.NFO,11/12/2024,09:51:40,54244.85,54222,180,54243.3,90,0,59370
BANKNIFTY-III.NFO,11/12/2024,09:51:41,54244.85,54222,180,54242.3,90,0,59370
BANKNIFTY-III.NFO,11/12/2024,09:51:43,54244.85,54222,120,54244.05,90,0,59370
BANKNIFTY-III.NFO,11/12/2024,09:51:45,54244.85,54222,180,54249.5,90,0,59370
BANKNIFTY-III.NFO,11/12/2024,09:51:46,54244.85,54222,180,54248.8,90,0,59370
BANKNIFTY-III.NFO,11/12/2024,09:51:49,54244.85,54222,180,54247.5,90,0,59370
BANKNIFTY-III.NFO,11/12/2024,09:51:51,54244.85,54222,180,54245.45,90,0,59370
BANKNIFTY-III.NFO,11/12/2024,09:51:53,54244.85,54222,180,54245.9,90,0,59370
BANKNIFTY-III.NFO,11/12/2024,09:51:54,54244.85,54222,180,54249.2,90,0,59370
BANKNIFTY-III.NFO,11/12/2024,09:51:59,54244.85,54222,180,54249.1,90,0,59370
BANKNIFTY-III.NFO,11/12/2024,09:52:04,54244.85,54240,30,54254.55,90,0,59370
BANKNIFTY-III.NFO,11/12/2024,09:52:06,54244.85,54240.05,120,54260.8,90,0,59370
BANKNIFTY-III.NFO,11/12/2024,09:52:07,54244.85,54240,30,54258.35,90,0,59370
BANKNIFTY-III.NFO,11/12/2024,09:52:09,54244.85,54240,30,54258.4,90,0,59370
BANKNIFTY-III.NFO,11/12/2024,09:52:11,54244.85,54240,30,54256.2,90,0,59370
BANKNIFTY-III.NFO,11/12/2024,09:52:13,54244.85,54240,30,54254.45,90,0,59370
BANKNIFTY-III.NFO,11/12/2024,09:52:14,54244.85,54240,30,54257.6,90,0,59370
BANKNIFTY-III.NFO,11/12/2024,09:52:16,54244.85,54240,30,54260.45,90,0,59370
BANKNIFTY-III.NFO,11/12/2024,09:52:17,54244.85,54240,30,54257.2,90,0,59370
BANKNIFTY-III.NFO,11/12/2024,09:52:19,54244.85,54240,30,54258.1,90,0,59370
BANKNIFTY-III.NFO,11/12/2024,09:52:21,54244.85,54240.05,120,54258.75,90,0,59370
BANKNIFTY-III.NFO,11/12/2024,09:52:22,54244.85,54240.05,120,54259.95,90,0,59370
BANKNIFTY-III.NFO,11/12/2024,09:52:24,54244.85,54240.05,120,54262.35,90,0,59370
BANKNIFTY-III.NFO,11/12/2024,09:52:26,54244.85,54240.05,180,54263.8,90,0,59370
BANKNIFTY-III.NFO,11/12/2024,09:52:27,54244.85,54240.05,180,54265.3,90,0,59370
BANKNIFTY-III.NFO,11/12/2024,09:52:29,54244.85,54240.05,180,54262.7,90,0,59370
BANKNIFTY-III.NFO,11/12/2024,09:52:31,54244.85,54240.05,120,54262.1,90,0,59370
BANKNIFTY-III.NFO,11/12/2024,09:52:32,54244.85,54240,30,54257.15,90,0,59370
BANKNIFTY-III.NFO,11/12/2024,09:52:34,54244.85,54240,30,54259,90,0,59370
BANKNIFTY-III.NFO,11/12/2024,09:52:36,54244.85,54240.05,120,54260.2,90,0,59370
BANKNIFTY-III.NFO,11/12/2024,09:52:37,54244.85,54240.05,120,54260.15,90,0,59370
BANKNIFTY-III.NFO,11/12/2024,09:52:39,54244.85,54240.05,120,54258.65,90,0,59370
BANKNIFTY-III.NFO,11/12/2024,09:52:41,54244.85,54240,30,54257.25,90,0,59370
BANKNIFTY-III.NFO,11/12/2024,09:52:42,54244.85,54240,30,54253.95,90,0,59370
BANKNIFTY-III.NFO,11/12/2024,09:52:44,54244.85,54240,30,54254.7,90,0,59370
BANKNIFTY-III.NFO,11/12/2024,09:52:46,54244.85,54240,30,54246.45,90,0,59370
BANKNIFTY-III.NFO,11/12/2024,09:52:47,54244.85,54240,30,54247.4,90,0,59370
BANKNIFTY-III.NFO,11/12/2024,09:52:49,54244.85,54240,30,54245.75,90,0,59370
BANKNIFTY-III.NFO,11/12/2024,09:52:51,54244.85,54240,30,54249.7,90,0,59370
BANKNIFTY-III.NFO,11/12/2024,09:52:52,54244.85,54240,30,54253.15,90,0,59370
BANKNIFTY-III.NFO,11/12/2024,09:52:54,54244.85,54240,30,54250.8,90,0,59370
BANKNIFTY-III.NFO,11/12/2024,09:52:56,54244.85,54240,30,54248.7,90,0,59370
BANKNIFTY-III.NFO,11/12/2024,09:52:57,54244.85,54240,30,54254,90,0,59370
BANKNIFTY-III.NFO,11/12/2024,09:52:59,54244.85,54240,30,54250.4,90,0,59370
BANKNIFTY-III.NFO,11/12/2024,09:53:01,54244.85,54240,30,54252.35,90,0,59370
BANKNIFTY-III.NFO,11/12/2024,09:53:02,54244.85,54240,30,54253.8,90,0,59370
BANKNIFTY-III.NFO,11/12/2024,09:53:04,54244.85,54240,30,54249.45,90,0,59370
BANKNIFTY-III.NFO,11/12/2024,09:53:06,54244.85,54240,30,54246.45,90,0,59370
BANKNIFTY-III.NFO,11/12/2024,09:53:07,54244.85,54240,30,54247.45,90,0,59370
BANKNIFTY-III.NFO,11/12/2024,09:53:09,54244.85,54240,30,54246.9,90,0,59370
BANKNIFTY-III.NFO,11/12/2024,09:53:11,54244.85,54240,30,54248.9,90,0,59370
BANKNIFTY-III.NFO,11/12/2024,09:53:12,54244.85,54240,30,54249.4,90,0,59370
BANKNIFTY-III.NFO,11/12/2024,09:53:14,54244.85,54240,30,54247.6,150,0,59370
BANKNIFTY-III.NFO,11/12/2024,09:53:15,54244.85,54240,30,54249.1,90,0,59370
BANKNIFTY-III.NFO,11/12/2024,09:53:17,54244.85,54240,30,54248.8,90,0,59370
BANKNIFTY-III.NFO,11/12/2024,09:53:19,54244.85,54240,30,54249.95,90,0,59370
BANKNIFTY-III.NFO,11/12/2024,09:53:20,54244.85,54240,30,54250.5,90,0,59370
BANKNIFTY-III.NFO,11/12/2024,09:53:22,54244.85,54240,30,54250.75,90,0,59370
BANKNIFTY-III.NFO,11/12/2024,09:53:24,54244.85,54240,30,54253.65,90,0,59370
BANKNIFTY-III.NFO,11/12/2024,09:53:25,54244.85,54240,30,54255.5,90,0,59370
BANKNIFTY-III.NFO,11/12/2024,09:53:27,54244.85,54240,30,54256.3,90,0,59370
BANKNIFTY-III.NFO,11/12/2024,09:53:29,54244.85,54240,30,54253,90,0,59370
BANKNIFTY-III.NFO,11/12/2024,09:53:30,54244.85,54240,30,54251.15,90,0,59370
BANKNIFTY-III.NFO,11/12/2024,09:53:32,54244.85,54240,30,54250.8,90,0,59370
BANKNIFTY-III.NFO,11/12/2024,09:53:34,54244.85,54240,30,54255.15,90,0,59370
BANKNIFTY-III.NFO,11/12/2024,09:53:35,54244.85,54240.05,120,54259.55,90,0,59370
BANKNIFTY-III.NFO,11/12/2024,09:53:37,54244.85,54240.05,120,54255.95,90,0,59370
BANKNIFTY-III.NFO,11/12/2024,09:53:39,54244.85,54240,30,54253.5,90,0,59370
BANKNIFTY-III.NFO,11/12/2024,09:53:40,54244.85,54240,30,54252,90,0,59370
BANKNIFTY-III.NFO,11/12/2024,09:53:42,54244.85,54240.05,120,54256.65,90,0,59370
BANKNIFTY-III.NFO,11/12/2024,09:53:44,54244.85,54240,30,54254.95,90,0,59370
BANKNIFTY-III.NFO,11/12/2024,09:53:45,54244.85,54240.05,180,54261.8,90,0,59370
BANKNIFTY-III.NFO,11/12/2024,09:53:47,54244.85,54240.05,180,54261.35,90,0,59370
BANKNIFTY-III.NFO,11/12/2024,09:53:49,54244.85,54240.05,180,54261.9,90,0,59370
BANKNIFTY-III.NFO,11/12/2024,09:53:50,54244.85,54240.05,180,54258.65,90,0,59370
BANKNIFTY-III.NFO,11/12/2024,09:53:52,54244.85,54240.05,180,54261.65,90,0,59370
BANKNIFTY-III.NFO,11/12/2024,09:53:54,54244.85,54240.05,180,54261.55,90,0,59370
