Ticker,Date,Time,LTP,BuyPrice,BuyQty,SellPrice,SellQty,LTQ,OpenInterest
BANKNIFTY-III.NFO,07/06/2024,09:15:04,50000,49921.7,60,49944.4,15,45,66390
BANKNIFTY-III.NFO,07/06/2024,09:15:04,49969.8,49921.7,60,49944.4,15,0,66390
BANKNIFTY-III.NFO,07/06/2024,09:15:04,50000,49921.7,60,49944.4,15,0,66390
BANKNIFTY-III.NFO,07/06/2024,09:15:04,49946.8,49921.7,60,49944.4,15,0,66390
BANKNIFTY-III.NFO,07/06/2024,09:15:05,49914.2,49885,60,49911.25,15,30,66390
BANKNIFTY-III.NFO,07/06/2024,09:15:05,49914.2,49885,60,49911.25,15,0,66390
BANKNIFTY-III.NFO,07/06/2024,09:15:07,49914.2,49886.2,60,49906.8,60,0,66390
BANKNIFTY-III.NFO,07/06/2024,09:15:08,49862.1,49846.1,45,49881.1,60,30,66390
BANKNIFTY-III.NFO,07/06/2024,09:15:08,49862.1,49846.1,45,49881.1,60,0,66390
BANKNIFTY-III.NFO,07/06/2024,09:15:10,49846.2,49811.85,30,49888.3,60,15,66390
BANKNIFTY-III.NFO,07/06/2024,09:15:10,49846.2,49811.85,30,49888.3,60,0,66390
BANKNIFTY-III.NFO,07/06/2024,09:15:12,49817.65,49812.25,30,49854,60,15,66390
BANKNIFTY-III.NFO,07/06/2024,09:15:12,49817.65,49812.25,30,49854,60,0,66390
BANKNIFTY-III.NFO,07/06/2024,09:15:13,49817.65,49800.85,30,49864.5,60,0,66390
BANKNIFTY-III.NFO,07/06/2024,09:15:15,49817.65,49802.25,30,49852.8,60,0,66390
BANKNIFTY-III.NFO,07/06/2024,09:15:17,49800,49800.35,30,49846.8,60,225,66375
BANKNIFTY-III.NFO,07/06/2024,09:15:17,49800,49800.35,30,49846.8,60,0,66375
BANKNIFTY-III.NFO,07/06/2024,09:15:18,49800,49801.15,30,49838.1,15,0,66375
BANKNIFTY-III.NFO,07/06/2024,09:15:20,49800,49812.05,45,49873.9,60,0,66375
BANKNIFTY-III.NFO,07/06/2024,09:15:22,49800,49830.25,150,49882.2,60,0,66375
BANKNIFTY-III.NFO,07/06/2024,09:15:23,49800,49846.2,45,49894.9,60,0,66375
BANKNIFTY-III.NFO,07/06/2024,09:15:25,49800,49847.25,15,49889.55,60,0,66375
BANKNIFTY-III.NFO,07/06/2024,09:15:27,49800,49847.75,15,49873.65,60,0,66375
BANKNIFTY-III.NFO,07/06/2024,09:15:28,49800,49810.05,1320,49852.75,60,0,66375
BANKNIFTY-III.NFO,07/06/2024,09:15:30,49800,49810.65,30,49848.5,60,0,66375
BANKNIFTY-III.NFO,07/06/2024,09:15:32,49800,49811.6,15,49864.75,60,0,66375
BANKNIFTY-III.NFO,07/06/2024,09:15:33,49860,49824.65,150,49860,30,45,66375
BANKNIFTY-III.NFO,07/06/2024,09:15:35,49860,49830.15,30,49885.55,60,30,66375
BANKNIFTY-III.NFO,07/06/2024,09:15:37,49860,49831.1,15,49885.25,60,0,66375
BANKNIFTY-III.NFO,07/06/2024,09:15:39,49831.5,49832.4,15,49880.25,60,15,66375
BANKNIFTY-III.NFO,07/06/2024,09:15:40,49860,49835.95,780,49881.3,60,15,66375
BANKNIFTY-III.NFO,07/06/2024,09:15:42,49860,49837.05,60,49880.1,15,0,66375
BANKNIFTY-III.NFO,07/06/2024,09:15:44,49860,49837.65,30,49870.3,60,0,66375
BANKNIFTY-III.NFO,07/06/2024,09:15:45,49860,49838,30,49864.2,60,0,66375
BANKNIFTY-III.NFO,07/06/2024,09:15:47,49860,49838.7,30,49859.9,60,0,66375
BANKNIFTY-III.NFO,07/06/2024,09:15:49,49859.9,49839.45,15,49859.9,60,15,66375
BANKNIFTY-III.NFO,07/06/2024,09:15:50,49859.9,49840.35,15,49859.9,60,0,66375
BANKNIFTY-III.NFO,07/06/2024,09:15:52,49859.95,49841.65,15,49874.15,60,30,66375
BANKNIFTY-III.NFO,07/06/2024,09:15:54,49859.95,49850.55,15,49879.55,60,0,66375
BANKNIFTY-III.NFO,07/06/2024,09:15:55,49879.7,49851.35,30,49881.75,60,15,66375
BANKNIFTY-III.NFO,07/06/2024,09:15:57,49879.7,49852.45,30,49881,60,0,66375
BANKNIFTY-III.NFO,07/06/2024,09:15:59,49879.7,49853.65,30,49887.6,60,0,66375
BANKNIFTY-III.NFO,07/06/2024,09:16:00,49876.05,49859.85,30,49896,60,15,66375
BANKNIFTY-III.NFO,07/06/2024,09:16:02,49876.05,49859.75,30,49895.65,60,0,66375
BANKNIFTY-III.NFO,07/06/2024,09:16:04,49876.05,49859.75,30,49889.45,135,0,66375
BANKNIFTY-III.NFO,07/06/2024,09:16:05,49876.05,49859.95,30,49893.6,60,0,66375
BANKNIFTY-III.NFO,07/06/2024,09:16:07,49876.05,49876.05,15,49881.95,75,0,66375
BANKNIFTY-III.NFO,07/06/2024,09:16:09,49868.45,49865.2,15,49886,75,45,66375
BANKNIFTY-III.NFO,07/06/2024,09:16:10,49868.45,49862,15,49886,75,0,66375
BANKNIFTY-III.NFO,07/06/2024,09:16:12,49868.45,49859.7,15,49878.45,60,0,66375
BANKNIFTY-III.NFO,07/06/2024,09:16:14,49850,49831.35,30,49865.45,60,45,66375
BANKNIFTY-III.NFO,07/06/2024,09:16:15,49850,49820.15,30,49854.95,60,0,66375
BANKNIFTY-III.NFO,07/06/2024,09:16:17,49850,49810.75,30,49849.2,60,0,66375
BANKNIFTY-III.NFO,07/06/2024,09:16:19,49850,49811.65,30,49850.1,60,0,66375
BANKNIFTY-III.NFO,07/06/2024,09:16:20,49850,49812.55,30,49846.1,60,0,66375
BANKNIFTY-III.NFO,07/06/2024,09:16:22,49810,49800.25,45,49825.95,60,30,66375
BANKNIFTY-III.NFO,07/06/2024,09:16:24,49810,49800.85,45,49824.35,60,0,66375
BANKNIFTY-III.NFO,07/06/2024,09:16:25,49810,49800.05,45,49821.4,60,0,66375
BANKNIFTY-III.NFO,07/06/2024,09:16:27,49800.05,49800.05,15,49817.45,60,30,66375
BANKNIFTY-III.NFO,07/06/2024,09:16:29,49800.05,49800.05,15,49816.8,60,0,66375
BANKNIFTY-III.NFO,07/06/2024,09:16:30,49800.05,49800.35,15,49816.8,60,0,66375
BANKNIFTY-III.NFO,07/06/2024,09:16:32,49800.05,49800.1,15,49816.8,60,0,66375
BANKNIFTY-III.NFO,07/06/2024,09:16:34,49800.05,49800.9,15,49824.95,75,0,66375
BANKNIFTY-III.NFO,07/06/2024,09:16:35,49800.05,49801.9,15,49825,15,0,66375
BANKNIFTY-III.NFO,07/06/2024,09:16:37,49800.05,49802.95,30,49824.95,60,0,66375
BANKNIFTY-III.NFO,07/06/2024,09:16:39,49800.05,49803.45,15,49825,30,0,66375
BANKNIFTY-III.NFO,07/06/2024,09:16:40,49800.05,49803.55,15,49824.95,60,0,66375
BANKNIFTY-III.NFO,07/06/2024,09:16:42,49825,49804.9,15,49835.95,60,30,66375
BANKNIFTY-III.NFO,07/06/2024,09:16:44,49805.9,49805.9,15,49832.95,60,30,66375
BANKNIFTY-III.NFO,07/06/2024,09:16:45,49805.9,49807.2,30,49832.1,75,0,66375
BANKNIFTY-III.NFO,07/06/2024,09:16:47,49805.9,49807.85,15,49830.95,75,0,66375
BANKNIFTY-III.NFO,07/06/2024,09:16:49,49805.9,49803.1,30,49825.85,60,0,66375
BANKNIFTY-III.NFO,07/06/2024,09:16:50,49805.9,49804,15,49825.2,60,0,66375
BANKNIFTY-III.NFO,07/06/2024,09:16:52,49806.05,49806,15,49822,60,15,66375
BANKNIFTY-III.NFO,07/06/2024,09:16:54,49806.05,49806,15,49820.55,60,0,66375
BANKNIFTY-III.NFO,07/06/2024,09:16:55,49806.05,49806.15,15,49828.45,75,0,66375
BANKNIFTY-III.NFO,07/06/2024,09:16:57,49806.05,49806.55,15,49833.65,60,0,66375
BANKNIFTY-III.NFO,07/06/2024,09:16:59,49806.05,49806.9,765,49841.5,60,0,66375
BANKNIFTY-III.NFO,07/06/2024,09:17:00,49806.05,49815.4,150,49850,15,0,66375
BANKNIFTY-III.NFO,07/06/2024,09:17:02,49850,49823.8,30,49865.45,60,15,66375
BANKNIFTY-III.NFO,07/06/2024,09:17:04,49850,49824.4,30,49868.4,60,0,66375
BANKNIFTY-III.NFO,07/06/2024,09:17:05,49850,49827.4,15,49870.1,60,0,66375
BANKNIFTY-III.NFO,07/06/2024,09:17:07,49850,49830.95,795,49874,60,0,66375
BANKNIFTY-III.NFO,07/06/2024,09:17:09,49874,49845.45,60,49884.55,60,60,66375
BANKNIFTY-III.NFO,07/06/2024,09:17:10,49874,49846.15,60,49884.55,60,0,66375
BANKNIFTY-III.NFO,07/06/2024,09:17:12,49874,49831.55,60,49869.55,60,0,66375
BANKNIFTY-III.NFO,07/06/2024,09:17:14,49874,49831.95,60,49863.85,60,0,66375
BANKNIFTY-III.NFO,07/06/2024,09:17:15,49806.1,49814.9,15,49855.35,60,60,66375
BANKNIFTY-III.NFO,07/06/2024,09:17:17,49806.1,49816.85,15,49857.9,60,0,66375
BANKNIFTY-III.NFO,07/06/2024,09:17:19,49806.1,49819.2,15,49857.9,60,0,66375
BANKNIFTY-III.NFO,07/06/2024,09:17:20,49806.1,49820.9,45,49865.1,60,0,66375
BANKNIFTY-III.NFO,07/06/2024,09:17:22,49806.1,49833.45,15,49878.05,60,0,66375
BANKNIFTY-III.NFO,07/06/2024,09:17:24,49806.1,49835.05,15,49872.4,60,0,66375
BANKNIFTY-III.NFO,07/06/2024,09:17:25,49806.1,49850.15,15,49874.95,60,0,66375
BANKNIFTY-III.NFO,07/06/2024,09:17:27,49885.5,49851.55,30,49880.55,60,15,66375
BANKNIFTY-III.NFO,07/06/2024,09:17:29,49885.5,49850.15,30,49871.35,60,0,66375
BANKNIFTY-III.NFO,07/06/2024,09:17:30,49885.5,49850.05,45,49872.65,75,0,66375
BANKNIFTY-III.NFO,07/06/2024,09:17:32,49885.5,49850.05,30,49867.1,60,0,66375
BANKNIFTY-III.NFO,07/06/2024,09:17:34,49885.5,49850,225,49867.1,60,0,66375
BANKNIFTY-III.NFO,07/06/2024,09:17:35,49850,49850,210,49851.15,60,15,66375
BANKNIFTY-III.NFO,07/06/2024,09:17:37,49850,49850,210,49859.15,60,0,66375
BANKNIFTY-III.NFO,07/06/2024,09:17:39,49859.35,49850,210,49857.45,60,15,66375
BANKNIFTY-III.NFO,07/06/2024,09:17:40,49859.35,49850,210,49859.25,75,0,66375
BANKNIFTY-III.NFO,07/06/2024,09:17:42,49859.35,49850,225,49868.2,60,0,66375
BANKNIFTY-III.NFO,07/06/2024,09:17:44,49859.35,49850,210,49858.2,60,0,66375
BANKNIFTY-III.NFO,07/06/2024,09:17:45,49860.05,49850,195,49860.05,45,45,66375
BANKNIFTY-III.NFO,07/06/2024,09:17:47,49860.05,49850,195,49863.6,60,0,66375
BANKNIFTY-III.NFO,07/06/2024,09:17:49,49860,49850,210,49860.95,45,60,66375
BANKNIFTY-III.NFO,07/06/2024,09:17:50,49860,49850,210,49861.95,45,0,66375
BANKNIFTY-III.NFO,07/06/2024,09:17:52,49860,49850,210,49867.2,60,0,66375
BANKNIFTY-III.NFO,07/06/2024,09:17:54,49860,49850,210,49864.95,60,0,66375
BANKNIFTY-III.NFO,07/06/2024,09:17:55,49860,49850,195,49862.1,60,0,66375
BANKNIFTY-III.NFO,07/06/2024,09:17:57,49860,49850,195,49863.75,60,0,66375
BANKNIFTY-III.NFO,07/06/2024,09:17:59,49860,49861,15,49865.2,60,0,66375
BANKNIFTY-III.NFO,07/06/2024,09:18:00,49850,49850,90,49859.5,60,120,66375
BANKNIFTY-III.NFO,07/06/2024,09:18:02,49850,49850.05,75,49873,45,0,66375
BANKNIFTY-III.NFO,07/06/2024,09:18:04,49850,49850.05,75,49873.1,45,0,66375
BANKNIFTY-III.NFO,07/06/2024,09:18:05,49850,49850.05,75,49871.85,45,0,66375
BANKNIFTY-III.NFO,07/06/2024,09:18:07,49850,49850.05,75,49873.75,45,0,66375
BANKNIFTY-III.NFO,07/06/2024,09:18:08,49850,49850.1,60,49870.1,45,0,66375
BANKNIFTY-III.NFO,07/06/2024,09:18:10,49850,49850.1,60,49868.25,45,0,66375
BANKNIFTY-III.NFO,07/06/2024,09:18:12,49850,49850.05,60,49861.95,45,0,66375
BANKNIFTY-III.NFO,07/06/2024,09:18:13,49850,49850.05,60,49862.35,15,0,66375
BANKNIFTY-III.NFO,07/06/2024,09:18:15,49850,49850.25,60,49879.7,45,0,66375
BANKNIFTY-III.NFO,07/06/2024,09:18:16,49850,49850.1,60,49870.85,45,0,66375
BANKNIFTY-III.NFO,07/06/2024,09:18:18,49850,49850.05,60,49865.75,45,0,66375
BANKNIFTY-III.NFO,07/06/2024,09:18:20,49850,49850.05,75,49870.85,45,0,66375
BANKNIFTY-III.NFO,07/06/2024,09:18:21,49850,49850.05,60,49859.05,135,0,66375
BANKNIFTY-III.NFO,07/06/2024,09:18:23,49850,49850,105,49855.95,45,0,66375
BANKNIFTY-III.NFO,07/06/2024,09:18:25,49850,49850,105,49851.6,45,0,66375
BANKNIFTY-III.NFO,07/06/2024,09:18:26,49850,49850,105,49850.65,15,0,66375
BANKNIFTY-III.NFO,07/06/2024,09:18:28,49850,49850.05,75,49867.55,45,0,66375
BANKNIFTY-III.NFO,07/06/2024,09:18:30,49850,49850.05,60,49864.3,60,0,66375
BANKNIFTY-III.NFO,07/06/2024,09:18:31,49850,49850.05,60,49859.85,135,0,66375
BANKNIFTY-III.NFO,07/06/2024,09:18:33,49850,49850,135,49857.15,15,0,66375
BANKNIFTY-III.NFO,07/06/2024,09:18:34,49850,49850.05,75,49860.8,45,0,66375
BANKNIFTY-III.NFO,07/06/2024,09:18:36,49850,49850.05,75,49865.6,45,0,66375
BANKNIFTY-III.NFO,07/06/2024,09:18:38,49850.05,49850.1,60,49876.85,60,15,66555
BANKNIFTY-III.NFO,07/06/2024,09:18:39,49850.05,49850.05,75,49866.15,60,0,66555
BANKNIFTY-III.NFO,07/06/2024,09:18:41,49850.05,49850.05,75,49872.85,60,0,66555
BANKNIFTY-III.NFO,07/06/2024,09:18:42,49850.05,49850.1,60,49873.3,60,0,66555
BANKNIFTY-III.NFO,07/06/2024,09:18:44,49850.05,49850.1,75,49869.5,60,0,66555
BANKNIFTY-III.NFO,07/06/2024,09:18:46,49850.05,49850.05,15,49857.9,60,0,66555
BANKNIFTY-III.NFO,07/06/2024,09:18:49,49850.05,49850.05,15,49863.35,60,0,66555
BANKNIFTY-III.NFO,07/06/2024,09:18:51,49850.05,49850,135,49858.5,75,15,66555
BANKNIFTY-III.NFO,07/06/2024,09:18:52,49850.05,49850,135,49858.45,75,0,66555
BANKNIFTY-III.NFO,07/06/2024,09:18:54,49850.05,49850.05,60,49863.5,60,15,66555
BANKNIFTY-III.NFO,07/06/2024,09:18:55,49870,49850.05,60,49867.45,60,15,66555
BANKNIFTY-III.NFO,07/06/2024,09:18:57,49870,49850.05,60,49863.65,75,0,66555
BANKNIFTY-III.NFO,07/06/2024,09:18:59,49870,49850.1,75,49864.35,75,0,66555
BANKNIFTY-III.NFO,07/06/2024,09:19:00,49870,49850.1,75,49872.05,60,0,66555
BANKNIFTY-III.NFO,07/06/2024,09:19:02,49870,49850.1,75,49868.4,75,0,66555
BANKNIFTY-III.NFO,07/06/2024,09:19:04,49870,49850.05,15,49861.25,60,0,66555
BANKNIFTY-III.NFO,07/06/2024,09:19:05,49870,49850.1,75,49869.95,75,0,66555
BANKNIFTY-III.NFO,07/06/2024,09:19:07,49870,49850.15,60,49869.95,75,0,66555
BANKNIFTY-III.NFO,07/06/2024,09:19:09,49866.25,49850.1,75,49866.25,45,15,66555
BANKNIFTY-III.NFO,07/06/2024,09:19:10,49866.25,49850.1,75,49864.3,45,0,66555
BANKNIFTY-III.NFO,07/06/2024,09:19:12,49866.25,49850.1,75,49866.25,45,0,66555
BANKNIFTY-III.NFO,07/06/2024,09:19:14,49866.25,49850.15,60,49869.95,45,0,66555
BANKNIFTY-III.NFO,07/06/2024,09:19:15,49866.25,49850.1,75,49869.05,45,0,66555
BANKNIFTY-III.NFO,07/06/2024,09:19:17,49866.25,49850.05,15,49863.25,45,0,66555
BANKNIFTY-III.NFO,07/06/2024,09:19:19,49866.25,49850.1,75,49865.1,45,0,66555
BANKNIFTY-III.NFO,07/06/2024,09:19:20,49850.1,49850.15,60,49869.95,60,15,66555
BANKNIFTY-III.NFO,07/06/2024,09:19:24,49850.1,49850.15,60,49869.5,60,0,66555
BANKNIFTY-III.NFO,07/06/2024,09:19:25,49850.1,49850.1,75,49865.75,60,0,66555
BANKNIFTY-III.NFO,07/06/2024,09:19:27,49850.1,49850.1,75,49869.95,60,0,66555
BANKNIFTY-III.NFO,07/06/2024,09:19:29,49850.1,49850.1,75,49869.95,75,0,66555
BANKNIFTY-III.NFO,07/06/2024,09:19:30,49850.1,49850.15,60,49869.95,75,0,66555
BANKNIFTY-III.NFO,07/06/2024,09:19:33,49869.9,49850.1,75,49869.9,30,30,66555
BANKNIFTY-III.NFO,07/06/2024,09:19:35,49869.9,49850.15,60,49870,15,0,66555
BANKNIFTY-III.NFO,07/06/2024,09:19:37,49869.9,49850.15,60,49869.95,30,0,66555
BANKNIFTY-III.NFO,07/06/2024,09:19:41,49870,49869,30,49883.85,30,15,66555
BANKNIFTY-III.NFO,07/06/2024,09:19:43,49870,49869,15,49877.75,45,0,66555
BANKNIFTY-III.NFO,07/06/2024,09:19:45,49870,49869,30,49882.4,45,0,66555
BANKNIFTY-III.NFO,07/06/2024,09:19:46,49870,49869.05,60,49887.45,30,0,66555
BANKNIFTY-III.NFO,07/06/2024,09:19:48,49870,49869.05,60,49886.25,45,0,66555
BANKNIFTY-III.NFO,07/06/2024,09:19:50,49870,49869.05,60,49884.45,30,0,66555
BANKNIFTY-III.NFO,07/06/2024,09:19:51,49870,49869,15,49884.45,30,0,66555
BANKNIFTY-III.NFO,07/06/2024,09:19:53,49870,49869,15,49882.9,30,0,66555
BANKNIFTY-III.NFO,07/06/2024,09:19:55,49870,49869,15,49879.5,45,0,66555
BANKNIFTY-III.NFO,07/06/2024,09:19:56,49870,49869.05,75,49882.45,30,0,66555
BANKNIFTY-III.NFO,07/06/2024,09:19:58,49870,49869.05,75,49883.75,30,0,66555
BANKNIFTY-III.NFO,07/06/2024,09:19:59,49870,49869.1,60,49894.75,30,0,66555
BANKNIFTY-III.NFO,07/06/2024,09:20:01,49870,49871.7,60,49909.35,30,0,66555
BANKNIFTY-III.NFO,07/06/2024,09:20:03,49870,49878.2,60,49910.3,30,0,66555
BANKNIFTY-III.NFO,07/06/2024,09:20:04,49870,49872.1,60,49902.3,30,0,66555
BANKNIFTY-III.NFO,07/06/2024,09:20:06,49870,49876.7,60,49910.25,30,0,66555
BANKNIFTY-III.NFO,07/06/2024,09:20:08,49870,49887.45,60,49918.9,30,0,66555
BANKNIFTY-III.NFO,07/06/2024,09:20:08,49870,49886.7,60,49918.9,30,0,66555
BANKNIFTY-III.NFO,07/06/2024,09:20:10,49870,49887.2,75,49900,15,0,66555
BANKNIFTY-III.NFO,07/06/2024,09:20:11,49900,49887.55,60,49916.75,30,15,66555
BANKNIFTY-III.NFO,07/06/2024,09:20:13,49900,49889.7,60,49918.75,30,0,66555
BANKNIFTY-III.NFO,07/06/2024,09:20:15,49900,49887.25,60,49918.75,30,0,66555
BANKNIFTY-III.NFO,07/06/2024,09:20:16,49900,49887.25,60,49913.35,30,0,66555
BANKNIFTY-III.NFO,07/06/2024,09:20:18,49900,49887.35,60,49918.15,30,0,66555
BANKNIFTY-III.NFO,07/06/2024,09:20:20,49900,49887.35,60,49916.65,30,0,66555
BANKNIFTY-III.NFO,07/06/2024,09:20:21,49900,49893.85,60,49922.35,30,0,66555
BANKNIFTY-III.NFO,07/06/2024,09:20:23,49900,49899.3,60,49936.1,30,0,66555
BANKNIFTY-III.NFO,07/06/2024,09:20:25,49900,49906.4,60,49940.05,30,0,66555
BANKNIFTY-III.NFO,07/06/2024,09:20:26,49900,49904.5,60,49937.2,30,0,66555
BANKNIFTY-III.NFO,07/06/2024,09:20:28,49900,49904.35,60,49935.9,30,0,66555
BANKNIFTY-III.NFO,07/06/2024,09:20:29,49900,49900.05,60,49930.95,30,0,66555
BANKNIFTY-III.NFO,07/06/2024,09:20:31,49900,49900.05,60,49929.3,30,0,66555
BANKNIFTY-III.NFO,07/06/2024,09:20:33,49900,49900.05,60,49933.3,30,0,66555
BANKNIFTY-III.NFO,07/06/2024,09:20:34,49930.6,49900.05,60,49932.6,15,15,66555
BANKNIFTY-III.NFO,07/06/2024,09:20:36,49930.6,49900.05,60,49926.65,15,0,66555
BANKNIFTY-III.NFO,07/06/2024,09:20:38,49930.6,49900,75,49918.45,15,0,66555
BANKNIFTY-III.NFO,07/06/2024,09:20:39,49930.6,49900.05,60,49922.6,30,0,66555
BANKNIFTY-III.NFO,07/06/2024,09:20:43,49930.6,49900.05,60,49919.4,15,0,66555
BANKNIFTY-III.NFO,07/06/2024,09:20:46,49930.6,49910,30,49929.95,15,0,66555
BANKNIFTY-III.NFO,07/06/2024,09:20:47,49930.6,49910,15,49919.6,30,0,66555
BANKNIFTY-III.NFO,07/06/2024,09:20:49,49930.6,49910,15,49917.55,15,0,66555
BANKNIFTY-III.NFO,07/06/2024,09:20:51,49930.6,49910,15,49918.7,15,0,66555
BANKNIFTY-III.NFO,07/06/2024,09:20:52,49930.6,49910,15,49923.7,15,0,66555
BANKNIFTY-III.NFO,07/06/2024,09:20:54,49930.6,49910.05,60,49929.95,15,0,66555
BANKNIFTY-III.NFO,07/06/2024,09:20:55,49924.15,49924.15,60,49929.95,15,15,66555
BANKNIFTY-III.NFO,07/06/2024,09:20:57,49926,49924.15,60,49929.95,15,15,66555
BANKNIFTY-III.NFO,07/06/2024,09:20:59,49930,49924.15,60,49930,30,30,66555
BANKNIFTY-III.NFO,07/06/2024,09:21:00,49930,49924.15,60,49941.1,105,30,66555
BANKNIFTY-III.NFO,07/06/2024,09:21:02,49930,49924.2,60,49947.65,15,0,66555
BANKNIFTY-III.NFO,07/06/2024,09:21:04,49946.35,49924.2,60,49950.65,15,45,66555
BANKNIFTY-III.NFO,07/06/2024,09:21:05,49946.35,49924.2,60,49947.45,15,0,66555
BANKNIFTY-III.NFO,07/06/2024,09:21:07,49946.35,49924.3,60,49956.75,15,0,66555
BANKNIFTY-III.NFO,07/06/2024,09:21:08,49946.35,49924.6,60,49956.75,15,0,66555
BANKNIFTY-III.NFO,07/06/2024,09:21:10,49946.35,49931.8,60,49963.45,60,0,66555
BANKNIFTY-III.NFO,07/06/2024,09:21:11,49946.35,49942.1,60,49976.75,30,0,66555
BANKNIFTY-III.NFO,07/06/2024,09:21:13,49946.35,49938.4,60,49971.7,60,0,66555
BANKNIFTY-III.NFO,07/06/2024,09:21:15,49946.35,49933.85,60,49971.7,60,0,66555
BANKNIFTY-III.NFO,07/06/2024,09:21:16,49940,49934.25,60,49961.6,15,45,66600
BANKNIFTY-III.NFO,07/06/2024,09:21:18,49940,49938.95,60,49967.6,15,0,66600
BANKNIFTY-III.NFO,07/06/2024,09:21:19,49940,49944.8,60,49976.75,30,0,66600
BANKNIFTY-III.NFO,07/06/2024,09:21:21,49940,49941.4,60,49973.95,45,0,66600
BANKNIFTY-III.NFO,07/06/2024,09:21:23,49940,49934.1,60,49966,45,0,66600
BANKNIFTY-III.NFO,07/06/2024,09:21:24,49946.35,49935.2,75,49946.35,30,30,66600
BANKNIFTY-III.NFO,07/06/2024,09:21:26,49946.35,49944.35,60,49975.55,15,30,66600
BANKNIFTY-III.NFO,07/06/2024,09:21:28,49946.35,49944.85,60,49980.2,75,0,66600
BANKNIFTY-III.NFO,07/06/2024,09:21:29,49946.35,49944.15,60,49972.25,45,0,66600
BANKNIFTY-III.NFO,07/06/2024,09:21:31,49946.35,49945.05,60,49980.75,15,0,66600
BANKNIFTY-III.NFO,07/06/2024,09:21:33,49983.5,49953.15,60,49983.5,45,75,66600
BANKNIFTY-III.NFO,07/06/2024,09:21:34,49980.15,49945.8,60,49975.95,45,60,66600
BANKNIFTY-III.NFO,07/06/2024,09:21:36,49980.15,49946.4,60,49983.5,45,0,66600
BANKNIFTY-III.NFO,07/06/2024,09:21:38,49979.35,49948.8,60,49979.35,30,15,66600
BANKNIFTY-III.NFO,07/06/2024,09:21:39,49979.35,49949.1,60,49976.95,30,0,66600
BANKNIFTY-III.NFO,07/06/2024,09:21:41,49979.35,49949.25,60,49969.05,30,0,66600
BANKNIFTY-III.NFO,07/06/2024,09:21:44,49971.75,49944.35,60,49971.75,15,15,66600
BANKNIFTY-III.NFO,07/06/2024,09:21:46,49971.75,49944.75,60,49974.95,15,0,66600
BANKNIFTY-III.NFO,07/06/2024,09:21:47,49971.75,49948,60,49977.75,15,0,66600
BANKNIFTY-III.NFO,07/06/2024,09:21:49,49969.05,49944.05,60,49968.95,45,60,66600
BANKNIFTY-III.NFO,07/06/2024,09:21:51,49969.05,49944.25,60,49971.3,45,0,66600
BANKNIFTY-III.NFO,07/06/2024,09:21:52,49969.05,49944.75,60,49973.35,45,0,66600
BANKNIFTY-III.NFO,07/06/2024,09:21:54,49971.1,49944.85,60,49970.55,30,15,66600
BANKNIFTY-III.NFO,07/06/2024,09:21:56,49971.1,49950.15,60,49980.2,30,0,66600
BANKNIFTY-III.NFO,07/06/2024,09:21:57,49971.1,49950.55,60,49976.1,30,0,66600
BANKNIFTY-III.NFO,07/06/2024,09:21:59,49971.1,49951.15,60,49979.55,15,0,66600
BANKNIFTY-III.NFO,07/06/2024,09:22:01,49971.1,49952.4,60,49981.4,15,0,66600
BANKNIFTY-III.NFO,07/06/2024,09:22:02,49971.1,49980.2,75,49986,15,0,66600
BANKNIFTY-III.NFO,07/06/2024,09:22:04,49971.1,49980.2,90,49989,225,0,66600
BANKNIFTY-III.NFO,07/06/2024,09:22:09,49989,49971.15,60,49989,150,75,66600
BANKNIFTY-III.NFO,07/06/2024,09:22:11,49989,49971.25,60,49989,135,15,66600
BANKNIFTY-III.NFO,07/06/2024,09:22:12,49989,49971.75,60,49989,135,0,66600
BANKNIFTY-III.NFO,07/06/2024,09:22:14,49989,49972.15,60,49989,135,0,66600
BANKNIFTY-III.NFO,07/06/2024,09:22:16,49989,49972.45,60,49989,135,0,66600
BANKNIFTY-III.NFO,07/06/2024,09:22:18,49989,49973.05,60,49989,135,0,66600
BANKNIFTY-III.NFO,07/06/2024,09:22:19,49989,49974.95,60,49989,135,0,66600
BANKNIFTY-III.NFO,07/06/2024,09:22:21,49989,49974.85,60,49989,135,0,66600
BANKNIFTY-III.NFO,07/06/2024,09:22:23,49989,49974.85,60,49989,60,75,66600
BANKNIFTY-III.NFO,07/06/2024,09:22:24,49989,49978.1,60,49989,45,15,66600
BANKNIFTY-III.NFO,07/06/2024,09:22:26,49989,49985.1,60,49999,15,45,66600
BANKNIFTY-III.NFO,07/06/2024,09:22:28,49989,49990.1,60,49999,15,0,66600
BANKNIFTY-III.NFO,07/06/2024,09:22:29,49989,49990.35,60,49999,15,0,66600
BANKNIFTY-III.NFO,07/06/2024,09:22:31,49999,49990.95,60,50000,105,15,66600
BANKNIFTY-III.NFO,07/06/2024,09:22:33,50000,49995.8,60,50004,15,105,66600
BANKNIFTY-III.NFO,07/06/2024,09:22:34,50000,50001.8,60,50004,15,0,66600
BANKNIFTY-III.NFO,07/06/2024,09:22:36,50004,50006.75,60,50037,15,15,66600
BANKNIFTY-III.NFO,07/06/2024,09:22:36,50004,50006.75,60,50037,15,0,66600
BANKNIFTY-III.NFO,07/06/2024,09:22:38,50004,50021.15,60,50055,30,0,66600
BANKNIFTY-III.NFO,07/06/2024,09:22:39,50004,50022.3,60,50054.9,15,0,66600
BANKNIFTY-III.NFO,07/06/2024,09:22:41,50004,50020.05,60,50054.1,75,0,66600
BANKNIFTY-III.NFO,07/06/2024,09:22:43,50004,50020.05,60,50046.35,15,0,66600
BANKNIFTY-III.NFO,07/06/2024,09:22:44,50004,50020.05,60,50054.95,30,0,66600
BANKNIFTY-III.NFO,07/06/2024,09:22:46,50020.15,50020.35,45,50058.55,60,75,66600
BANKNIFTY-III.NFO,07/06/2024,09:22:46,50020.15,50020.35,45,50058.55,60,0,66600
BANKNIFTY-III.NFO,07/06/2024,09:22:47,50023.95,50023.95,30,50059.9,60,15,66600
BANKNIFTY-III.NFO,07/06/2024,09:22:47,50023.95,50023.95,30,50059.9,60,0,66600
BANKNIFTY-III.NFO,07/06/2024,09:22:49,50023.95,50024.55,30,50059.9,60,0,66600
BANKNIFTY-III.NFO,07/06/2024,09:22:51,50023.95,50025.4,30,50055.5,60,0,66600
BANKNIFTY-III.NFO,07/06/2024,09:22:52,50023.95,50050,45,50069.25,60,0,66600
BANKNIFTY-III.NFO,07/06/2024,09:22:54,50040,50039.9,15,50040,45,180,66600
BANKNIFTY-III.NFO,07/06/2024,09:22:54,50050,50039.9,15,50040,45,0,66600
BANKNIFTY-III.NFO,07/06/2024,09:22:56,50040,50039.95,15,50074.45,60,45,66600
BANKNIFTY-III.NFO,07/06/2024,09:22:57,50040,50040.05,15,50074.45,60,0,66600
BANKNIFTY-III.NFO,07/06/2024,09:22:59,50040,50040.1,15,50074.45,60,0,66600
BANKNIFTY-III.NFO,07/06/2024,09:23:00,50040,50040,30,50067.85,60,0,66600
BANKNIFTY-III.NFO,07/06/2024,09:23:02,50040,50009.25,150,50051.2,60,30,66600
BANKNIFTY-III.NFO,07/06/2024,09:23:04,50043.05,50008.9,15,50053.2,60,15,66600
BANKNIFTY-III.NFO,07/06/2024,09:23:05,50043.05,50009.9,15,50040.95,60,0,66600
BANKNIFTY-III.NFO,07/06/2024,09:23:07,50043.05,50014.4,15,50040.95,60,0,66600
BANKNIFTY-III.NFO,07/06/2024,09:23:08,50043.05,50019.6,15,50040.95,60,0,66600
BANKNIFTY-III.NFO,07/06/2024,09:23:10,50043.05,50020.6,15,50040.95,60,0,66600
BANKNIFTY-III.NFO,07/06/2024,09:23:11,50043.05,50021.4,15,50040.95,60,0,66600
BANKNIFTY-III.NFO,07/06/2024,09:23:13,50043.05,50021.6,15,50040.95,60,0,66600
BANKNIFTY-III.NFO,07/06/2024,09:23:15,50043.05,50022.3,15,50040.95,60,0,66600
BANKNIFTY-III.NFO,07/06/2024,09:23:18,50043.05,50020.65,15,50040.2,60,0,66600
BANKNIFTY-III.NFO,07/06/2024,09:23:19,50040.95,50020,30,50040.9,60,15,66600
BANKNIFTY-III.NFO,07/06/2024,09:23:21,50040.95,50020.05,30,50040.95,75,0,66600
BANKNIFTY-III.NFO,07/06/2024,09:23:22,50040.95,50020.05,30,50040.95,60,0,66600
BANKNIFTY-III.NFO,07/06/2024,09:23:24,50040.95,50020.15,30,50040.95,60,0,66600
BANKNIFTY-III.NFO,07/06/2024,09:23:26,50040.95,50020.05,30,50040.95,60,0,66600
BANKNIFTY-III.NFO,07/06/2024,09:23:27,50040.95,50020,30,50040.95,75,0,66600
BANKNIFTY-III.NFO,07/06/2024,09:23:29,50040.95,50020,30,50038,60,0,66600
BANKNIFTY-III.NFO,07/06/2024,09:23:31,50040.95,50020,30,50037.75,75,0,66600
BANKNIFTY-III.NFO,07/06/2024,09:23:32,50040.95,50020.05,30,50040.95,75,0,66600
BANKNIFTY-III.NFO,07/06/2024,09:23:34,50040.95,50020.05,30,50039.4,75,0,66600
BANKNIFTY-III.NFO,07/06/2024,09:23:35,50040.95,50020.05,30,50040.95,60,0,66600
BANKNIFTY-III.NFO,07/06/2024,09:23:37,50020.05,50020.05,15,50040.95,60,15,66600
BANKNIFTY-III.NFO,07/06/2024,09:23:39,50020.05,50020.45,15,50040.95,60,0,66600
BANKNIFTY-III.NFO,07/06/2024,09:23:40,50020.05,50020.45,15,50040.95,75,0,66600
BANKNIFTY-III.NFO,07/06/2024,09:23:42,50020.05,50020.05,15,50038.45,60,0,66600
BANKNIFTY-III.NFO,07/06/2024,09:23:44,50020.05,50020.45,15,50041,15,0,66600
BANKNIFTY-III.NFO,07/06/2024,09:23:45,50041,50020.65,15,50049.95,60,15,66600
BANKNIFTY-III.NFO,07/06/2024,09:23:47,50041,50022.45,15,50049.95,60,0,66600
BANKNIFTY-III.NFO,07/06/2024,09:23:48,50041,50020.85,15,50049.95,60,0,66600
BANKNIFTY-III.NFO,07/06/2024,09:23:50,50041,50020.55,15,50049.95,60,0,66600
BANKNIFTY-III.NFO,07/06/2024,09:23:52,50041,50020.75,15,50049.95,60,0,66600
BANKNIFTY-III.NFO,07/06/2024,09:23:53,50041,50021.15,15,50049.95,60,0,66600
BANKNIFTY-III.NFO,07/06/2024,09:23:55,50041,50021.25,15,50049.95,60,0,66600
BANKNIFTY-III.NFO,07/06/2024,09:23:57,50041,50026.05,15,50048,60,0,66600
BANKNIFTY-III.NFO,07/06/2024,09:23:58,50041,50026,30,50043.6,60,0,66600
BANKNIFTY-III.NFO,07/06/2024,09:24:00,50041,50026.05,15,50049.95,60,0,66600
BANKNIFTY-III.NFO,07/06/2024,09:24:03,50041,50026.65,15,50049.95,60,0,66600
BANKNIFTY-III.NFO,07/06/2024,09:24:05,50041,50027.45,15,50049.95,60,0,66600
BANKNIFTY-III.NFO,07/06/2024,09:24:06,50041,50032.25,15,50050,150,0,66600
BANKNIFTY-III.NFO,07/06/2024,09:24:08,50041,50036.6,15,50050,150,0,66600
BANKNIFTY-III.NFO,07/06/2024,09:24:09,50041,50039.35,15,50050,150,0,66600
BANKNIFTY-III.NFO,07/06/2024,09:24:11,50041,50039.25,15,50050,150,0,66600
BANKNIFTY-III.NFO,07/06/2024,09:24:13,50041,50039.25,15,50049.95,60,0,66600
BANKNIFTY-III.NFO,07/06/2024,09:24:14,50041,50039.35,15,50050,150,0,66600
BANKNIFTY-III.NFO,07/06/2024,09:24:16,50039.35,50042,90,50050,150,15,66600
BANKNIFTY-III.NFO,07/06/2024,09:24:18,50039.35,50042,90,50050,150,0,66600
BANKNIFTY-III.NFO,07/06/2024,09:24:19,50039.35,50042.05,15,50050,150,0,66600
BANKNIFTY-III.NFO,07/06/2024,09:24:21,50039.35,50042,90,50050,150,0,66600
BANKNIFTY-III.NFO,07/06/2024,09:24:22,50050,50043.05,60,50050,135,15,66765
BANKNIFTY-III.NFO,07/06/2024,09:24:24,50050,50043.05,60,50050,135,0,66765
BANKNIFTY-III.NFO,07/06/2024,09:24:32,50050,50043.1,30,50050,135,0,66765
BANKNIFTY-III.NFO,07/06/2024,09:24:34,50050,50043.35,30,50050,60,75,66765
BANKNIFTY-III.NFO,07/06/2024,09:24:36,50050,50043.05,60,50050,45,15,66765
BANKNIFTY-III.NFO,07/06/2024,09:24:37,50050,50043.05,60,50050,45,0,66765
BANKNIFTY-III.NFO,07/06/2024,09:24:39,50059.6,50053,15,50073.5,60,60,66765
BANKNIFTY-III.NFO,07/06/2024,09:24:39,50059.6,50053,15,50073.5,60,0,66765
BANKNIFTY-III.NFO,07/06/2024,09:24:41,50059.6,50053,15,50073.5,60,0,66765
BANKNIFTY-III.NFO,07/06/2024,09:24:47,50059.6,50043.5,15,50073.5,60,0,66765
BANKNIFTY-III.NFO,07/06/2024,09:24:49,50059.6,50043.9,15,50073.5,60,0,66765
BANKNIFTY-III.NFO,07/06/2024,09:24:50,50059.6,50047.45,150,50076.7,60,0,66765
BANKNIFTY-III.NFO,07/06/2024,09:24:52,50059.6,50050.35,15,50079.95,60,0,66765
BANKNIFTY-III.NFO,07/06/2024,09:24:54,50050.35,50050.3,15,50079.95,60,15,66765
BANKNIFTY-III.NFO,07/06/2024,09:24:55,50050.35,50050.3,15,50079.95,60,0,66765
BANKNIFTY-III.NFO,07/06/2024,09:25:02,50050.35,50050.35,30,50079.95,60,0,66765
BANKNIFTY-III.NFO,07/06/2024,09:25:03,50050.35,50050.3,15,50079.95,60,0,66765
BANKNIFTY-III.NFO,07/06/2024,09:25:05,50050.35,50043.1,15,50072.4,60,0,66765
BANKNIFTY-III.NFO,07/06/2024,09:25:07,50050.35,50043.1,15,50067.3,60,0,66765
BANKNIFTY-III.NFO,07/06/2024,09:25:08,50050.35,50043.05,60,50067.2,60,0,66765
BANKNIFTY-III.NFO,07/06/2024,09:25:10,50050.35,50043.05,60,50066.15,60,0,66765
BANKNIFTY-III.NFO,07/06/2024,09:25:11,50050.35,50043.15,30,50073,60,0,66765
BANKNIFTY-III.NFO,07/06/2024,09:25:13,50050.35,50043.2,15,50072.4,60,0,66765
BANKNIFTY-III.NFO,07/06/2024,09:25:15,50050.35,50043.05,60,50073,60,0,66765
BANKNIFTY-III.NFO,07/06/2024,09:25:16,50050.35,50043.2,15,50073,60,0,66765
BANKNIFTY-III.NFO,07/06/2024,09:25:18,50050.35,50043.05,60,50069.65,60,0,66765
BANKNIFTY-III.NFO,07/06/2024,09:25:20,50050.35,50043.05,60,50067.6,60,0,66765
BANKNIFTY-III.NFO,07/06/2024,09:25:21,50050.35,50043.1,15,50067.6,60,0,66765
BANKNIFTY-III.NFO,07/06/2024,09:25:23,50050.35,50043.05,45,50056.2,60,0,66765
BANKNIFTY-III.NFO,07/06/2024,09:25:25,50050.35,50043.05,45,50054.7,60,0,66765
BANKNIFTY-III.NFO,07/06/2024,09:25:26,50050.35,50043.05,45,50052.3,60,0,66765
BANKNIFTY-III.NFO,07/06/2024,09:25:28,50043.05,50029.6,15,50052.3,60,45,66765
BANKNIFTY-III.NFO,07/06/2024,09:25:30,50025.6,50021.2,15,50045.7,60,45,66765
BANKNIFTY-III.NFO,07/06/2024,09:25:31,50025.6,50021.2,15,50042.9,60,0,66765
BANKNIFTY-III.NFO,07/06/2024,09:25:33,50025.6,50021.2,15,50045,60,0,66765
BANKNIFTY-III.NFO,07/06/2024,09:25:35,50025.6,50021.25,15,50025.6,15,0,66765
BANKNIFTY-III.NFO,07/06/2024,09:25:36,50025.6,50021.3,30,50049.95,60,15,66765
BANKNIFTY-III.NFO,07/06/2024,09:25:38,50025.6,50021.35,630,50049.95,60,0,66765
BANKNIFTY-III.NFO,07/06/2024,09:25:40,50025.6,50021.55,15,50049.95,60,0,66765
BANKNIFTY-III.NFO,07/06/2024,09:25:41,50025.6,50021.2,15,50045.85,60,0,66765
BANKNIFTY-III.NFO,07/06/2024,09:25:43,50025.6,50021.45,15,50049.95,60,0,66765
BANKNIFTY-III.NFO,07/06/2024,09:25:45,50025.6,50021.25,15,50049.95,60,0,66765
BANKNIFTY-III.NFO,07/06/2024,09:25:46,50025.6,50021.25,30,50041.3,60,0,66765
BANKNIFTY-III.NFO,07/06/2024,09:25:48,50025.6,50014.5,30,50039.3,60,0,66765
BANKNIFTY-III.NFO,07/06/2024,09:25:50,50025.6,50012.05,15,50039.3,60,0,66765
BANKNIFTY-III.NFO,07/06/2024,09:25:51,50025.6,50012.05,15,50025.6,15,0,66765
BANKNIFTY-III.NFO,07/06/2024,09:25:53,50025.6,50012,15,50025.6,15,0,66765
BANKNIFTY-III.NFO,07/06/2024,09:25:55,50025.6,50013.95,45,50025.6,15,0,66765
BANKNIFTY-III.NFO,07/06/2024,09:25:56,50025.6,50014.65,15,50025.6,15,0,66765
BANKNIFTY-III.NFO,07/06/2024,09:25:58,50025.6,50018.05,15,50025.6,15,0,66765
BANKNIFTY-III.NFO,07/06/2024,09:26:00,50025.6,50021.6,45,50025.6,15,0,66765
BANKNIFTY-III.NFO,07/06/2024,09:26:01,50025.6,50031.95,15,50050,15,15,66765
BANKNIFTY-III.NFO,07/06/2024,09:26:03,50025.6,50034.95,45,50050,15,0,66765
BANKNIFTY-III.NFO,07/06/2024,09:26:05,50025.6,50038.6,30,50050,15,0,66765
BANKNIFTY-III.NFO,07/06/2024,09:26:06,50025.6,50042.35,15,50050,15,0,66765
BANKNIFTY-III.NFO,07/06/2024,09:26:08,50050,50052,45,50077.55,60,15,66765
BANKNIFTY-III.NFO,07/06/2024,09:26:10,50079.15,50056.3,15,50079.95,60,30,66765
BANKNIFTY-III.NFO,07/06/2024,09:26:10,50079.15,50056.3,15,50079.95,60,0,66765
BANKNIFTY-III.NFO,07/06/2024,09:26:11,50079.15,50064.75,15,50079.95,60,0,66765
BANKNIFTY-III.NFO,07/06/2024,09:26:13,50079.15,50072,15,50080,15,0,66765
BANKNIFTY-III.NFO,07/06/2024,09:26:15,50090,50075.55,15,50098.95,75,30,66765
BANKNIFTY-III.NFO,07/06/2024,09:26:15,50090,50075.55,15,50098.95,75,0,66765
BANKNIFTY-III.NFO,07/06/2024,09:26:16,50074.6,50074.15,15,50098.95,75,60,66765
BANKNIFTY-III.NFO,07/06/2024,09:26:18,50074.6,50074.15,15,50098.95,75,0,66765
BANKNIFTY-III.NFO,07/06/2024,09:26:20,50074.6,50074.45,345,50098.95,60,0,66765
BANKNIFTY-III.NFO,07/06/2024,09:26:21,50074.6,50090.65,15,50099,15,0,66765
BANKNIFTY-III.NFO,07/06/2024,09:26:25,50074.6,50090.7,45,50099,15,0,66765
BANKNIFTY-III.NFO,07/06/2024,09:26:26,50099,50087.45,15,50100,165,15,66765
BANKNIFTY-III.NFO,07/06/2024,09:26:26,50099,50087.45,15,50100,165,0,66765
BANKNIFTY-III.NFO,07/06/2024,09:26:28,50100,50089.65,45,50100,135,45,66765
BANKNIFTY-III.NFO,07/06/2024,09:26:28,50100,50089.65,45,50100,135,0,66765
BANKNIFTY-III.NFO,07/06/2024,09:26:29,50100,50089.65,60,50099.95,60,0,66765
BANKNIFTY-III.NFO,07/06/2024,09:26:31,50100,50089.65,30,50100,135,0,66765
BANKNIFTY-III.NFO,07/06/2024,09:26:33,50100,50094.05,45,50100,75,60,66765
BANKNIFTY-III.NFO,07/06/2024,09:26:34,50100,50094.25,30,50124.35,60,75,66765
BANKNIFTY-III.NFO,07/06/2024,09:26:36,50124.35,50107.75,30,50124.95,60,30,66765
BANKNIFTY-III.NFO,07/06/2024,09:26:36,50124.35,50107.75,30,50124.95,60,0,66765
BANKNIFTY-III.NFO,07/06/2024,09:26:38,50124.35,50108.1,15,50124.95,75,0,66765
BANKNIFTY-III.NFO,07/06/2024,09:26:40,50124.35,50102.75,30,50124.95,75,0,66765
BANKNIFTY-III.NFO,07/06/2024,09:26:41,50124.35,50103.75,30,50124.95,75,0,66765
BANKNIFTY-III.NFO,07/06/2024,09:26:43,50124.35,50094.15,30,50124.95,75,0,66765
BANKNIFTY-III.NFO,07/06/2024,09:26:45,50124.35,50095.65,30,50124.95,60,0,66765
BANKNIFTY-III.NFO,07/06/2024,09:26:46,50124.95,50096.15,45,50124.95,60,15,66765
BANKNIFTY-III.NFO,07/06/2024,09:26:46,50124.95,50096.15,45,50124.95,60,0,66765
BANKNIFTY-III.NFO,07/06/2024,09:26:48,50124.95,50102,45,50124.95,75,0,66765
BANKNIFTY-III.NFO,07/06/2024,09:26:50,50124.95,50108.55,15,50124.95,75,15,66765
BANKNIFTY-III.NFO,07/06/2024,09:26:51,50124.95,50095.75,60,50124.95,75,0,66765
BANKNIFTY-III.NFO,07/06/2024,09:26:53,50124.95,50097.65,60,50124.95,60,0,66765
BANKNIFTY-III.NFO,07/06/2024,09:26:54,50124.95,50098.35,15,50124.95,60,0,66765
BANKNIFTY-III.NFO,07/06/2024,09:26:56,50124.95,50094.05,60,50124.95,60,0,66765
BANKNIFTY-III.NFO,07/06/2024,09:26:59,50124.95,50094.25,60,50124.95,45,15,66765
BANKNIFTY-III.NFO,07/06/2024,09:27:01,50124.95,50095.55,60,50125,15,0,66765
BANKNIFTY-III.NFO,07/06/2024,09:27:03,50124.95,50115.75,60,50124.95,30,0,66765
BANKNIFTY-III.NFO,07/06/2024,09:27:08,50124.95,50114.65,60,50124.95,30,0,66765
BANKNIFTY-III.NFO,07/06/2024,09:27:09,50124.95,50115.05,60,50124.95,30,0,66765
BANKNIFTY-III.NFO,07/06/2024,09:27:11,50125,50117.6,60,50130,45,45,66765
BANKNIFTY-III.NFO,07/06/2024,09:27:11,50125,50117.6,60,50130,45,0,66765
BANKNIFTY-III.NFO,07/06/2024,09:27:12,50130,50124.35,60,50130,30,15,66765
BANKNIFTY-III.NFO,07/06/2024,09:27:12,50130,50124.35,60,50130,30,0,66765
BANKNIFTY-III.NFO,07/06/2024,09:27:14,50130,50125,60,50130,30,0,66765
BANKNIFTY-III.NFO,07/06/2024,09:27:16,50130,50125,60,50130,15,15,66765
BANKNIFTY-III.NFO,07/06/2024,09:27:17,50130,50124.95,15,50139.95,60,0,66765
BANKNIFTY-III.NFO,07/06/2024,09:27:19,50130,50125,60,50139.95,45,0,66765
BANKNIFTY-III.NFO,07/06/2024,09:27:20,50130,50125,60,50139.95,60,0,66765
BANKNIFTY-III.NFO,07/06/2024,09:27:22,50130,50124.95,30,50139.95,60,0,66765
BANKNIFTY-III.NFO,07/06/2024,09:27:24,50129.95,50124.95,15,50129.95,30,15,66870
BANKNIFTY-III.NFO,07/06/2024,09:27:25,50129.95,50124.95,30,50130,15,0,66870
BANKNIFTY-III.NFO,07/06/2024,09:27:27,50129.95,50124.95,15,50129.95,30,0,66870
BANKNIFTY-III.NFO,07/06/2024,09:27:29,50129.95,50124.95,30,50129.95,30,0,66870
BANKNIFTY-III.NFO,07/06/2024,09:27:30,50124.95,50106.6,60,50129.95,45,15,66870
BANKNIFTY-III.NFO,07/06/2024,09:27:32,50124.95,50106.6,60,50129.95,45,0,66870
BANKNIFTY-III.NFO,07/06/2024,09:27:33,50124.95,50106.6,60,50126.3,30,0,66870
BANKNIFTY-III.NFO,07/06/2024,09:27:35,50124.95,50088.9,60,50113.05,45,0,66870
BANKNIFTY-III.NFO,07/06/2024,09:27:37,50124.95,50088.9,60,50107.7,30,0,66870
BANKNIFTY-III.NFO,07/06/2024,09:27:38,50124.95,50088.9,60,50110.85,30,0,66870
BANKNIFTY-III.NFO,07/06/2024,09:27:40,50124.95,50088.9,60,50114.9,30,0,66870
BANKNIFTY-III.NFO,07/06/2024,09:27:42,50124.95,50088.9,60,50109.4,30,0,66870
BANKNIFTY-III.NFO,07/06/2024,09:27:43,50124.95,50088.9,60,50106.9,30,0,66870
BANKNIFTY-III.NFO,07/06/2024,09:27:45,50124.95,50085.9,60,50102.05,30,0,66870
BANKNIFTY-III.NFO,07/06/2024,09:27:47,50124.95,50083.05,60,50101,30,0,66870
BANKNIFTY-III.NFO,07/06/2024,09:27:48,50124.95,50081.05,60,50101,30,0,66870
BANKNIFTY-III.NFO,07/06/2024,09:27:50,50124.95,50081.05,60,50099.95,45,0,66870
BANKNIFTY-III.NFO,07/06/2024,09:27:53,50080.2,50079.85,30,50096.3,60,105,66870
BANKNIFTY-III.NFO,07/06/2024,09:27:55,50080.2,50075.8,30,50095,60,0,66870
BANKNIFTY-III.NFO,07/06/2024,09:27:56,50080.2,50074.6,30,50081.05,30,0,66870
BANKNIFTY-III.NFO,07/06/2024,09:28:00,50081.05,50075,30,50099.95,75,30,66870
BANKNIFTY-III.NFO,07/06/2024,09:28:01,50081.05,50075.1,30,50099.9,60,0,66870
BANKNIFTY-III.NFO,07/06/2024,09:28:03,50081.05,50075.6,30,50099.9,60,0,66870
BANKNIFTY-III.NFO,07/06/2024,09:28:05,50081.05,50075.4,30,50097.3,60,0,66870
BANKNIFTY-III.NFO,07/06/2024,09:28:06,50081.05,50075.4,30,50099.95,60,15,66870
BANKNIFTY-III.NFO,07/06/2024,09:28:08,50081.05,50075.4,30,50099.95,60,0,66870
BANKNIFTY-III.NFO,07/06/2024,09:28:09,50081.05,50072.15,30,50096.2,60,0,66870
BANKNIFTY-III.NFO,07/06/2024,09:28:11,50081.05,50064.7,30,50085.65,60,0,66870
BANKNIFTY-III.NFO,07/06/2024,09:28:13,50081.05,50064.7,30,50085.2,60,0,66870
BANKNIFTY-III.NFO,07/06/2024,09:28:14,50081.05,50063.55,30,50083.45,60,0,66870
BANKNIFTY-III.NFO,07/06/2024,09:28:16,50081.05,50060.7,30,50080.55,60,0,66870
BANKNIFTY-III.NFO,07/06/2024,09:28:18,50081.05,50056.65,15,50077.8,60,0,66870
BANKNIFTY-III.NFO,07/06/2024,09:28:19,50046.35,50046.35,30,50067.3,60,30,66870
BANKNIFTY-III.NFO,07/06/2024,09:28:21,50046.35,50046.45,30,50072.15,60,0,66870
BANKNIFTY-III.NFO,07/06/2024,09:28:23,50046.35,50046.35,30,50070.9,60,0,66870
BANKNIFTY-III.NFO,07/06/2024,09:28:24,50046.35,50046.35,30,50073.7,60,0,66870
BANKNIFTY-III.NFO,07/06/2024,09:28:26,50046.35,50046.35,45,50071.5,60,0,66870
BANKNIFTY-III.NFO,07/06/2024,09:28:28,50046.35,50046.35,45,50067.25,60,0,66870
BANKNIFTY-III.NFO,07/06/2024,09:28:29,50046.35,50040.05,30,50062.05,60,15,66870
BANKNIFTY-III.NFO,07/06/2024,09:28:31,50040,50026.85,30,50049.2,60,45,66870
BANKNIFTY-III.NFO,07/06/2024,09:28:33,50040,50027.15,30,50055.95,60,0,66870
BANKNIFTY-III.NFO,07/06/2024,09:28:36,50040,50027.95,30,50055.95,60,0,66870
BANKNIFTY-III.NFO,07/06/2024,09:28:38,50040,50030.85,30,50062.05,60,0,66870
BANKNIFTY-III.NFO,07/06/2024,09:28:39,50040,50032.7,30,50066.45,60,0,66870
BANKNIFTY-III.NFO,07/06/2024,09:28:41,50066.45,50036.25,45,50066.85,60,15,66870
BANKNIFTY-III.NFO,07/06/2024,09:28:43,50066.45,50037.75,45,50066.85,60,0,66870
BANKNIFTY-III.NFO,07/06/2024,09:28:44,50066.45,50038.35,45,50066.85,60,0,66870
BANKNIFTY-III.NFO,07/06/2024,09:28:46,50066.45,50039.6,45,50069.5,60,0,66870
BANKNIFTY-III.NFO,07/06/2024,09:28:48,50066.45,50040.8,45,50069.5,60,0,66870
BANKNIFTY-III.NFO,07/06/2024,09:28:50,50066.45,50042.1,45,50063.85,60,0,66870
BANKNIFTY-III.NFO,07/06/2024,09:28:51,50066.45,50042.45,45,50062.45,60,0,66870
BANKNIFTY-III.NFO,07/06/2024,09:28:53,50066.45,50050,15,50061.2,60,0,66870
BANKNIFTY-III.NFO,07/06/2024,09:28:56,50066.45,50050.05,45,50066.4,75,0,66870
BANKNIFTY-III.NFO,07/06/2024,09:28:58,50050.45,50050.45,30,50066.45,15,15,66870
BANKNIFTY-III.NFO,07/06/2024,09:29:00,50066.45,50050.85,30,50074.8,60,15,66870
BANKNIFTY-III.NFO,07/06/2024,09:29:01,50066.45,50066.5,30,50079.95,60,0,66870
BANKNIFTY-III.NFO,07/06/2024,09:29:03,50066.45,50066.45,30,50079.95,75,0,66870
BANKNIFTY-III.NFO,07/06/2024,09:29:05,50066.45,50066.5,30,50080,30,0,66870
BANKNIFTY-III.NFO,07/06/2024,09:29:06,50066.45,50066.8,30,50080,30,0,66870
BANKNIFTY-III.NFO,07/06/2024,09:29:08,50080,50068,30,50097.1,60,30,66870
BANKNIFTY-III.NFO,07/06/2024,09:29:09,50080,50071.6,30,50099.95,60,0,66870
BANKNIFTY-III.NFO,07/06/2024,09:29:11,50080,50075.3,30,50099.95,75,0,66870
BANKNIFTY-III.NFO,07/06/2024,09:29:13,50080,50075.7,30,50099.95,75,0,66870
BANKNIFTY-III.NFO,07/06/2024,09:29:14,50075.8,50075.8,15,50099.95,75,15,66870
BANKNIFTY-III.NFO,07/06/2024,09:29:16,50075.8,50076.6,15,50099.95,75,0,66870
BANKNIFTY-III.NFO,07/06/2024,09:29:18,50075.8,50077.4,15,50099.95,75,0,66870
BANKNIFTY-III.NFO,07/06/2024,09:29:19,50075.8,50077.5,15,50099.95,75,0,66870
BANKNIFTY-III.NFO,07/06/2024,09:29:21,50075.8,50077.4,15,50099.95,75,0,66870
BANKNIFTY-III.NFO,07/06/2024,09:29:23,50075.8,50078.2,15,50099.95,75,0,66870
BANKNIFTY-III.NFO,07/06/2024,09:29:26,50075.8,50080.8,15,50100,15,0,66870
BANKNIFTY-III.NFO,07/06/2024,09:29:28,50075.8,50081.9,15,50099.95,60,0,66870
BANKNIFTY-III.NFO,07/06/2024,09:29:29,50075.8,50082.3,15,50099.95,75,0,66870
BANKNIFTY-III.NFO,07/06/2024,09:29:31,50075.8,50082.35,15,50099.95,60,0,66870
BANKNIFTY-III.NFO,07/06/2024,09:29:33,50075.8,50082.45,15,50099.95,60,0,66870
BANKNIFTY-III.NFO,07/06/2024,09:29:34,50075.8,50082.85,15,50100,15,0,66870
BANKNIFTY-III.NFO,07/06/2024,09:29:36,50083.05,50083.55,15,50100,15,15,66870
BANKNIFTY-III.NFO,07/06/2024,09:29:38,50083.05,50084,30,50100,15,0,66870
BANKNIFTY-III.NFO,07/06/2024,09:29:39,50099.95,50082.9,30,50099.9,60,15,66870
BANKNIFTY-III.NFO,07/06/2024,09:29:41,50099.9,50077,30,50099.9,60,15,66870
BANKNIFTY-III.NFO,07/06/2024,09:29:43,50099.9,50073.85,30,50099.2,60,0,66870
BANKNIFTY-III.NFO,07/06/2024,09:29:44,50099.9,50071.55,45,50095.3,60,0,66870
BANKNIFTY-III.NFO,07/06/2024,09:29:46,50099.9,50071.6,30,50092.75,60,0,66870
BANKNIFTY-III.NFO,07/06/2024,09:29:48,50071.65,50067,30,50092.75,60,30,66870
BANKNIFTY-III.NFO,07/06/2024,09:29:49,50071.65,50068.2,30,50099.2,60,0,66870
BANKNIFTY-III.NFO,07/06/2024,09:29:51,50071.65,50068.9,30,50097.25,60,0,66870
BANKNIFTY-III.NFO,07/06/2024,09:29:53,50071.65,50069.2,45,50093.95,60,0,66870
BANKNIFTY-III.NFO,07/06/2024,09:29:54,50071.65,50069.65,30,50092.85,60,0,66870
BANKNIFTY-III.NFO,07/06/2024,09:29:56,50071.65,50068.75,30,50092.5,75,0,66870
BANKNIFTY-III.NFO,07/06/2024,09:29:58,50071.65,50068.8,30,50087.55,60,0,66870
BANKNIFTY-III.NFO,07/06/2024,09:29:59,50071.65,50069.2,30,50087.55,60,0,66870
BANKNIFTY-III.NFO,07/06/2024,09:30:01,50071.65,50066.9,45,50087.55,60,0,66870
BANKNIFTY-III.NFO,07/06/2024,09:30:03,50071.65,50068,30,50092.45,60,0,66870
BANKNIFTY-III.NFO,07/06/2024,09:30:04,50071.65,50068.6,30,50091.2,60,0,66870
BANKNIFTY-III.NFO,07/06/2024,09:30:06,50071.65,50066.95,30,50071.6,15,0,66870
BANKNIFTY-III.NFO,07/06/2024,09:30:08,50071.6,50067.75,30,50091.55,60,15,66870
BANKNIFTY-III.NFO,07/06/2024,09:30:09,50071.6,50068.75,30,50091.55,60,0,66870
BANKNIFTY-III.NFO,07/06/2024,09:30:11,50071.6,50071.7,30,50091.55,60,0,66870
BANKNIFTY-III.NFO,07/06/2024,09:30:12,50071.6,50071.65,15,50089.65,60,0,66870
BANKNIFTY-III.NFO,07/06/2024,09:30:14,50071.6,50071.65,15,50081.75,60,0,66870
BANKNIFTY-III.NFO,07/06/2024,09:30:16,50071.6,50071.7,30,50086.75,60,0,66870
BANKNIFTY-III.NFO,07/06/2024,09:30:17,50071.6,50071.65,15,50084.75,60,0,66870
BANKNIFTY-III.NFO,07/06/2024,09:30:19,50071.6,50071.65,15,50082.6,60,0,66870
BANKNIFTY-III.NFO,07/06/2024,09:30:21,50071.6,50071.65,15,50080.75,60,0,66870
BANKNIFTY-III.NFO,07/06/2024,09:30:22,50071.6,50071.65,30,50085.4,75,0,66870
BANKNIFTY-III.NFO,07/06/2024,09:30:24,50071.6,50071.65,15,50078.4,60,0,66870
BANKNIFTY-III.NFO,07/06/2024,09:30:26,50066.45,50050.85,30,50071.15,60,30,66945
BANKNIFTY-III.NFO,07/06/2024,09:30:27,50066.45,50043.7,30,50063.95,60,0,66945
BANKNIFTY-III.NFO,07/06/2024,09:30:29,50066.45,50040.1,30,50058.15,60,0,66945
BANKNIFTY-III.NFO,07/06/2024,09:30:31,50066.45,50036.9,30,50059.3,60,0,66945
BANKNIFTY-III.NFO,07/06/2024,09:30:32,50066.45,50036.9,30,50060.5,60,0,66945
BANKNIFTY-III.NFO,07/06/2024,09:30:34,50060.5,50037.2,30,50063.95,60,30,66945
BANKNIFTY-III.NFO,07/06/2024,09:30:36,50060.5,50041.7,30,50074.55,60,0,66945
BANKNIFTY-III.NFO,07/06/2024,09:30:37,50060.5,50042.9,30,50076.75,60,0,66945
BANKNIFTY-III.NFO,07/06/2024,09:30:39,50060,50050.45,30,50079.4,60,15,66945
BANKNIFTY-III.NFO,07/06/2024,09:30:41,50060,50051.55,30,50081,60,0,66945
BANKNIFTY-III.NFO,07/06/2024,09:30:42,50060,50052.65,30,50084.9,60,0,66945
BANKNIFTY-III.NFO,07/06/2024,09:30:44,50060,50054.05,30,50084.9,60,0,66945
BANKNIFTY-III.NFO,07/06/2024,09:30:45,50060,50050.7,30,50079.85,60,0,66945
BANKNIFTY-III.NFO,07/06/2024,09:30:47,50060,50051.8,30,50084.85,60,0,66945
BANKNIFTY-III.NFO,07/06/2024,09:30:49,50060,50052.7,30,50084.45,60,0,66945
BANKNIFTY-III.NFO,07/06/2024,09:30:50,50060,50050.7,30,50084.5,60,0,66945
BANKNIFTY-III.NFO,07/06/2024,09:30:52,50060,50050,30,50076.05,60,0,66945
BANKNIFTY-III.NFO,07/06/2024,09:30:54,50060,50050,30,50077.35,60,0,66945
BANKNIFTY-III.NFO,07/06/2024,09:30:55,50060,50036.9,30,50069.4,60,0,66945
BANKNIFTY-III.NFO,07/06/2024,09:30:57,50060,50038,30,50071.15,60,0,66945
BANKNIFTY-III.NFO,07/06/2024,09:30:59,50060,50039,30,50070.25,60,0,66945
BANKNIFTY-III.NFO,07/06/2024,09:31:00,50060,50037.4,30,50068.9,60,0,66945
BANKNIFTY-III.NFO,07/06/2024,09:31:02,50060,50038.65,30,50068.25,60,0,66945
BANKNIFTY-III.NFO,07/06/2024,09:31:04,50060,50037.1,30,50067.65,60,0,66945
BANKNIFTY-III.NFO,07/06/2024,09:31:05,50060,50036.9,30,50067.25,60,0,66945
BANKNIFTY-III.NFO,07/06/2024,09:31:07,50060,50036.9,30,50062.55,60,0,66945
BANKNIFTY-III.NFO,07/06/2024,09:31:09,50060,50036.9,30,50058.7,60,0,66945
BANKNIFTY-III.NFO,07/06/2024,09:31:10,50060,50034.95,30,50058.7,60,0,66945
BANKNIFTY-III.NFO,07/06/2024,09:31:12,50060,50034.95,30,50057,60,0,66945
BANKNIFTY-III.NFO,07/06/2024,09:31:15,50060,50032.5,30,50057,60,0,66945
BANKNIFTY-III.NFO,07/06/2024,09:31:17,50060,50032.5,30,50051.35,60,0,66945
BANKNIFTY-III.NFO,07/06/2024,09:31:19,50060,50032.5,30,50053.75,60,0,66945
BANKNIFTY-III.NFO,07/06/2024,09:31:20,50060,50032.5,30,50053.15,60,0,66945
BANKNIFTY-III.NFO,07/06/2024,09:31:22,50060,50032.5,30,50059.85,60,0,66945
BANKNIFTY-III.NFO,07/06/2024,09:31:24,50060,50032.5,30,50058.7,60,0,66945
BANKNIFTY-III.NFO,07/06/2024,09:31:25,50060,50028.15,30,50055.3,60,0,66945
BANKNIFTY-III.NFO,07/06/2024,09:31:27,50060,50023.75,30,50048.05,60,0,66945
BANKNIFTY-III.NFO,07/06/2024,09:31:29,50060,50023.75,30,50047.4,60,0,66945
BANKNIFTY-III.NFO,07/06/2024,09:31:30,50060,50023.75,30,50046.4,60,0,66945
BANKNIFTY-III.NFO,07/06/2024,09:31:32,50060,50020.25,30,50040.85,60,0,66945
BANKNIFTY-III.NFO,07/06/2024,09:31:34,50060,50013.05,30,50035.8,60,0,66945
BANKNIFTY-III.NFO,07/06/2024,09:31:35,50060,50010.2,30,50031.2,60,0,66945
BANKNIFTY-III.NFO,07/06/2024,09:31:37,50060,50010.4,30,50034.5,60,0,66945
BANKNIFTY-III.NFO,07/06/2024,09:31:39,50060,50011.2,30,50040.85,60,0,66945
BANKNIFTY-III.NFO,07/06/2024,09:31:40,50060,50010.6,30,50040.85,60,0,66945
BANKNIFTY-III.NFO,07/06/2024,09:31:42,50060,50024.9,30,50056.3,60,0,66945
BANKNIFTY-III.NFO,07/06/2024,09:31:44,50060,50025.7,30,50055.95,60,0,66945
BANKNIFTY-III.NFO,07/06/2024,09:31:45,50060,50024.8,30,50056.3,60,0,66945
BANKNIFTY-III.NFO,07/06/2024,09:31:47,50060,50025.8,30,50056.3,60,0,66945
BANKNIFTY-III.NFO,07/06/2024,09:31:49,50060,50022.45,30,50056.3,60,0,66945
BANKNIFTY-III.NFO,07/06/2024,09:31:50,50060,50023.25,30,50051.45,60,0,66945
BANKNIFTY-III.NFO,07/06/2024,09:31:52,50060,50017.65,30,50056.05,60,0,66945
BANKNIFTY-III.NFO,07/06/2024,09:31:54,50060,50010.4,30,50051.2,60,0,66945
BANKNIFTY-III.NFO,07/06/2024,09:31:55,50060,50012.5,30,50044.15,60,0,66945
BANKNIFTY-III.NFO,07/06/2024,09:31:57,50060,50014.2,30,50047.55,60,0,66945
BANKNIFTY-III.NFO,07/06/2024,09:31:59,50060,50015.5,30,50043.45,60,0,66945
BANKNIFTY-III.NFO,07/06/2024,09:32:00,50060,50016,30,50046.8,60,0,66945
BANKNIFTY-III.NFO,07/06/2024,09:32:02,50060,50014.3,30,50046.55,60,0,66945
BANKNIFTY-III.NFO,07/06/2024,09:32:04,50060,50015.5,30,50042.55,60,0,66945
BANKNIFTY-III.NFO,07/06/2024,09:32:05,50060,50010.8,30,50042.3,60,0,66945
BANKNIFTY-III.NFO,07/06/2024,09:32:07,50060,50010.8,30,50047.45,60,0,66945
BANKNIFTY-III.NFO,07/06/2024,09:32:09,50060,50013.2,30,50046.75,60,0,66945
BANKNIFTY-III.NFO,07/06/2024,09:32:11,50060,50020.85,30,50053.8,60,0,66945
BANKNIFTY-III.NFO,07/06/2024,09:32:12,50060,50026.2,30,50056.3,60,0,66945
BANKNIFTY-III.NFO,07/06/2024,09:32:14,50060,50024.2,30,50054.4,60,0,66945
BANKNIFTY-III.NFO,07/06/2024,09:32:16,50060,50025.6,30,50056.3,60,0,66945
BANKNIFTY-III.NFO,07/06/2024,09:32:17,50060,50026.5,30,50056.3,60,0,66945
BANKNIFTY-III.NFO,07/06/2024,09:32:19,50060,50010.4,30,50049.95,60,0,66945
BANKNIFTY-III.NFO,07/06/2024,09:32:21,50010.6,50013.6,15,50052.05,60,15,66945
BANKNIFTY-III.NFO,07/06/2024,09:32:22,50010.6,50015.4,15,50047.1,60,0,66945
BANKNIFTY-III.NFO,07/06/2024,09:32:24,50010.6,50017,15,50045.3,60,0,66945
BANKNIFTY-III.NFO,07/06/2024,09:32:26,50010.6,50018.4,15,50044.85,60,0,66945
BANKNIFTY-III.NFO,07/06/2024,09:32:27,50010.6,50019.6,15,50046.2,60,0,66945
BANKNIFTY-III.NFO,07/06/2024,09:32:29,50010.6,50011.7,15,50048,60,0,66945
BANKNIFTY-III.NFO,07/06/2024,09:32:31,50015.05,50015.2,15,50048.55,60,15,66945
BANKNIFTY-III.NFO,07/06/2024,09:32:32,50015.05,50016.2,15,50049.85,60,0,66945
BANKNIFTY-III.NFO,07/06/2024,09:32:34,50015.05,50017.05,30,50050.25,60,0,66945
BANKNIFTY-III.NFO,07/06/2024,09:32:36,50015.05,50017.8,15,50050.6,60,0,66945
BANKNIFTY-III.NFO,07/06/2024,09:32:37,50015.05,50018.45,15,50051.6,60,0,66945
BANKNIFTY-III.NFO,07/06/2024,09:32:39,50018.65,50010.2,885,50043.3,60,15,66945
BANKNIFTY-III.NFO,07/06/2024,09:32:41,50018.65,50010.2,360,50031.5,60,0,66945
BANKNIFTY-III.NFO,07/06/2024,09:32:42,50018.65,50004.7,15,50030.1,60,0,66945
BANKNIFTY-III.NFO,07/06/2024,09:32:44,50018.65,50005.5,45,50030.1,60,0,66945
BANKNIFTY-III.NFO,07/06/2024,09:32:46,50010,50003.4,405,50021.55,60,15,66945
BANKNIFTY-III.NFO,07/06/2024,09:32:47,50010,50003.65,15,50019.95,75,0,66945
BANKNIFTY-III.NFO,07/06/2024,09:32:49,50010,50004.1,30,50019.95,60,0,66945
BANKNIFTY-III.NFO,07/06/2024,09:32:51,50010,50004.7,15,50020,15,0,66945
BANKNIFTY-III.NFO,07/06/2024,09:32:52,50010,50005.25,300,50020,15,0,66945
BANKNIFTY-III.NFO,07/06/2024,09:32:54,50010,50002,345,50019.95,75,0,66945
BANKNIFTY-III.NFO,07/06/2024,09:32:56,50010,50002,15,50019.95,75,0,66945
BANKNIFTY-III.NFO,07/06/2024,09:32:59,50019,50001.1,15,50016.85,60,15,66945
BANKNIFTY-III.NFO,07/06/2024,09:33:01,50000,49986.15,15,50013.4,60,75,66945
BANKNIFTY-III.NFO,07/06/2024,09:33:02,50000,49986.95,15,50016.45,60,0,66945
BANKNIFTY-III.NFO,07/06/2024,09:33:04,50000,49985.85,15,50009,60,0,66945
BANKNIFTY-III.NFO,07/06/2024,09:33:06,50000,49997.3,15,50019.95,60,0,66945
BANKNIFTY-III.NFO,07/06/2024,09:33:07,50000,49999.5,15,50019.95,60,0,66945
BANKNIFTY-III.NFO,07/06/2024,09:33:09,50000,50001,15,50019.95,60,0,66945
BANKNIFTY-III.NFO,07/06/2024,09:33:10,50000,50003.1,15,50020,15,0,66945
BANKNIFTY-III.NFO,07/06/2024,09:33:12,50000,50004.9,15,50020,30,0,66945
BANKNIFTY-III.NFO,07/06/2024,09:33:14,50000,50006.65,15,50020,15,0,66945
BANKNIFTY-III.NFO,07/06/2024,09:33:15,50020,50009.9,15,50041.9,60,15,66945
BANKNIFTY-III.NFO,07/06/2024,09:33:17,50020,50016.85,15,50045.15,60,0,66945
BANKNIFTY-III.NFO,07/06/2024,09:33:19,50020,50018.65,15,50046.35,60,0,66945
BANKNIFTY-III.NFO,07/06/2024,09:33:20,50020,50020.15,15,50048.75,60,0,66945
BANKNIFTY-III.NFO,07/06/2024,09:33:22,50048.75,50022.7,30,50049.3,60,15,66900
BANKNIFTY-III.NFO,07/06/2024,09:33:24,50048.75,50025.7,30,50057.15,60,0,66900
BANKNIFTY-III.NFO,07/06/2024,09:33:25,50048.75,50026.8,30,50059.95,60,0,66900
BANKNIFTY-III.NFO,07/06/2024,09:33:27,50048.75,50031.2,30,50059.95,60,0,66900
BANKNIFTY-III.NFO,07/06/2024,09:33:29,50048.75,50033.5,30,50059.95,60,0,66900
BANKNIFTY-III.NFO,07/06/2024,09:33:30,50048.75,50034.8,30,50059.95,60,0,66900
BANKNIFTY-III.NFO,07/06/2024,09:33:32,50048.75,50035.6,30,50059.95,75,0,66900
BANKNIFTY-III.NFO,07/06/2024,09:33:34,50048.75,50036.2,30,50059.95,75,0,66900
BANKNIFTY-III.NFO,07/06/2024,09:33:35,50048.75,50037,30,50059.95,75,0,66900
BANKNIFTY-III.NFO,07/06/2024,09:33:37,50048.75,50025.3,30,50054.1,60,0,66900
BANKNIFTY-III.NFO,07/06/2024,09:33:38,50048.75,50025.9,30,50050.25,60,0,66900
BANKNIFTY-III.NFO,07/06/2024,09:33:40,50048.75,50026.9,45,50050.25,60,0,66900
BANKNIFTY-III.NFO,07/06/2024,09:33:42,50048.75,50030.4,30,50055.9,60,0,66900
BANKNIFTY-III.NFO,07/06/2024,09:33:43,50048.75,50031.85,30,50055.9,60,0,66900
BANKNIFTY-III.NFO,07/06/2024,09:33:45,50048.75,50033.65,30,50056.3,60,0,66900
BANKNIFTY-III.NFO,07/06/2024,09:33:47,50048.75,50034.45,30,50059.9,60,0,66900
BANKNIFTY-III.NFO,07/06/2024,09:33:48,50048.75,50035.65,30,50059.9,60,0,66900
BANKNIFTY-III.NFO,07/06/2024,09:33:50,50048.75,50037.25,30,50059.9,60,0,66900
BANKNIFTY-III.NFO,07/06/2024,09:33:52,50048.75,50038.95,30,50059.95,75,0,66900
BANKNIFTY-III.NFO,07/06/2024,09:33:53,50048.75,50040.75,30,50059.95,75,0,66900
BANKNIFTY-III.NFO,07/06/2024,09:33:55,50048.75,50042.35,30,50059.9,60,0,66900
BANKNIFTY-III.NFO,07/06/2024,09:33:57,50048.75,50036.55,30,50059.9,60,0,66900
BANKNIFTY-III.NFO,07/06/2024,09:33:58,50048.75,50036.45,30,50059.95,75,0,66900
BANKNIFTY-III.NFO,07/06/2024,09:34:00,50048.75,50038.45,30,50059.95,75,0,66900
BANKNIFTY-III.NFO,07/06/2024,09:34:02,50048.75,50040.05,30,50059.95,75,0,66900
BANKNIFTY-III.NFO,07/06/2024,09:34:03,50048.75,50042.35,30,50059.95,60,0,66900
BANKNIFTY-III.NFO,07/06/2024,09:34:05,50048.75,50044.6,15,50059.95,75,0,66900
BANKNIFTY-III.NFO,07/06/2024,09:34:07,50048.75,50045.7,30,50059.95,60,0,66900
BANKNIFTY-III.NFO,07/06/2024,09:34:08,50048.75,50047.2,30,50060,15,0,66900
BANKNIFTY-III.NFO,07/06/2024,09:34:10,50048.75,50048.3,30,50060,15,0,66900
BANKNIFTY-III.NFO,07/06/2024,09:34:12,50048.75,50049.2,30,50060,15,0,66900
BANKNIFTY-III.NFO,07/06/2024,09:34:13,50048.75,50050,30,50060,15,0,66900
BANKNIFTY-III.NFO,07/06/2024,09:34:15,50048.75,50045.9,30,50059.95,75,0,66900
BANKNIFTY-III.NFO,07/06/2024,09:34:17,50048.75,50047.4,30,50059.95,60,0,66900
BANKNIFTY-III.NFO,07/06/2024,09:34:18,50048.75,50048.6,30,50060,15,0,66900
BANKNIFTY-III.NFO,07/06/2024,09:34:20,50048.75,50050.4,45,50060,15,0,66900
BANKNIFTY-III.NFO,07/06/2024,09:34:22,50060,50049.75,30,50070,15,15,66900
BANKNIFTY-III.NFO,07/06/2024,09:34:23,50060,50051.65,30,50069.95,75,0,66900
BANKNIFTY-III.NFO,07/06/2024,09:34:25,50060,50053.45,30,50070,15,0,66900
BANKNIFTY-III.NFO,07/06/2024,09:34:27,50060,50054.95,30,50070,15,0,66900
BANKNIFTY-III.NFO,07/06/2024,09:34:28,50060,50057.15,30,50070,15,0,66900
BANKNIFTY-III.NFO,07/06/2024,09:34:30,50060,50057.85,30,50070,15,0,66900
BANKNIFTY-III.NFO,07/06/2024,09:34:32,50060,50059.25,30,50070,15,0,66900
BANKNIFTY-III.NFO,07/06/2024,09:34:33,50060,50058.85,30,50070,15,0,66900
BANKNIFTY-III.NFO,07/06/2024,09:34:35,50060,50054.95,30,50070,15,0,66900
BANKNIFTY-III.NFO,07/06/2024,09:34:37,50060,50053.05,45,50069.95,75,0,66900
BANKNIFTY-III.NFO,07/06/2024,09:34:38,50060,50053.75,15,50069.95,75,0,66900
BANKNIFTY-III.NFO,07/06/2024,09:34:40,50051.35,50051.3,30,50069.95,75,30,66900
BANKNIFTY-III.NFO,07/06/2024,09:34:42,50051.35,50051.6,15,50069.95,75,0,66900
BANKNIFTY-III.NFO,07/06/2024,09:34:43,50051.35,50050.55,15,50069.5,60,0,66900
BANKNIFTY-III.NFO,07/06/2024,09:34:45,50051.35,50051.35,15,50069.95,75,0,66900
BANKNIFTY-III.NFO,07/06/2024,09:34:47,50051.35,50052.1,30,50069.95,75,0,66900
BANKNIFTY-III.NFO,07/06/2024,09:34:48,50051.35,50052.95,15,50069.95,75,0,66900
BANKNIFTY-III.NFO,07/06/2024,09:34:50,50051.35,50053.95,15,50069.95,75,0,66900
BANKNIFTY-III.NFO,07/06/2024,09:34:52,50051.35,50051.4,15,50069.95,75,0,66900
BANKNIFTY-III.NFO,07/06/2024,09:34:53,50051.35,50052.2,15,50069.95,75,0,66900
BANKNIFTY-III.NFO,07/06/2024,09:34:55,50051.35,50051.45,15,50069.95,75,0,66900
BANKNIFTY-III.NFO,07/06/2024,09:34:57,50051.35,50051.75,15,50069.95,75,0,66900
BANKNIFTY-III.NFO,07/06/2024,09:34:58,50051.35,50051.8,45,50069.95,75,0,66900
BANKNIFTY-III.NFO,07/06/2024,09:35:00,50051.35,50052.55,45,50070,15,0,66900
BANKNIFTY-III.NFO,07/06/2024,09:35:02,50051.35,50053.4,30,50069.95,75,0,66900
BANKNIFTY-III.NFO,07/06/2024,09:35:03,50051.35,50052.15,15,50069.95,75,0,66900
BANKNIFTY-III.NFO,07/06/2024,09:35:05,50051.35,50052.85,15,50069.95,75,0,66900
BANKNIFTY-III.NFO,07/06/2024,09:35:07,50051.35,50051.35,30,50069.95,75,0,66900
BANKNIFTY-III.NFO,07/06/2024,09:35:10,50061.8,50051.35,15,50069.95,75,30,66900
BANKNIFTY-III.NFO,07/06/2024,09:35:11,50061.8,50051.35,15,50067.85,60,0,66900
BANKNIFTY-III.NFO,07/06/2024,09:35:13,50061.8,50051.7,15,50069.9,60,0,66900
BANKNIFTY-III.NFO,07/06/2024,09:35:15,50061.8,50052.6,105,50069.95,60,0,66900
BANKNIFTY-III.NFO,07/06/2024,09:35:16,50061.8,50053.75,30,50069.95,75,0,66900
BANKNIFTY-III.NFO,07/06/2024,09:35:18,50061.8,50051.5,45,50069.95,75,0,66900
BANKNIFTY-III.NFO,07/06/2024,09:35:20,50061.8,50052.45,30,50069.95,75,0,66900
BANKNIFTY-III.NFO,07/06/2024,09:35:21,50061.8,50051.8,315,50069.95,75,0,66900
BANKNIFTY-III.NFO,07/06/2024,09:35:23,50061.8,50051.35,30,50069.95,75,15,66900
BANKNIFTY-III.NFO,07/06/2024,09:35:25,50061.8,50051.35,15,50068.85,60,0,66900
BANKNIFTY-III.NFO,07/06/2024,09:35:26,50051.35,50033.8,345,50052.05,60,15,66900
BANKNIFTY-III.NFO,07/06/2024,09:35:28,50051.35,50031,15,50049.8,60,0,66900
BANKNIFTY-III.NFO,07/06/2024,09:35:30,50051.35,50030.3,15,50048.95,60,0,66900
BANKNIFTY-III.NFO,07/06/2024,09:35:31,50051.35,50021.75,15,50043.4,60,0,66900
BANKNIFTY-III.NFO,07/06/2024,09:35:33,50051.35,50036.4,30,50068.85,60,0,66900
BANKNIFTY-III.NFO,07/06/2024,09:35:35,50051.35,50049.25,30,50069.95,75,0,66900
BANKNIFTY-III.NFO,07/06/2024,09:35:36,50051.35,50049.85,15,50069.95,75,0,66900
BANKNIFTY-III.NFO,07/06/2024,09:35:38,50051.35,50050.8,30,50069.9,60,0,66900
BANKNIFTY-III.NFO,07/06/2024,09:35:40,50051.35,50051.9,15,50069.9,60,0,66900
BANKNIFTY-III.NFO,07/06/2024,09:35:41,50051.35,50053,30,50069.95,75,0,66900
BANKNIFTY-III.NFO,07/06/2024,09:35:43,50051.35,50054.2,45,50070,30,0,66900
BANKNIFTY-III.NFO,07/06/2024,09:35:45,50051.35,50054.85,60,50069.95,60,0,66900
BANKNIFTY-III.NFO,07/06/2024,09:35:46,50055.55,50055.55,300,50069.95,60,15,66900
BANKNIFTY-III.NFO,07/06/2024,09:35:48,50055.55,50056.35,30,50069.95,75,0,66900
BANKNIFTY-III.NFO,07/06/2024,09:35:50,50055.55,50054.55,15,50069.95,75,0,66900
BANKNIFTY-III.NFO,07/06/2024,09:35:51,50055.55,50055.5,15,50069.95,75,0,66900
BANKNIFTY-III.NFO,07/06/2024,09:35:53,50055.55,50052.7,495,50069.95,75,0,66900
BANKNIFTY-III.NFO,07/06/2024,09:35:55,50055.55,50053.6,300,50069.95,75,0,66900
BANKNIFTY-III.NFO,07/06/2024,09:35:56,50055.55,50054.75,15,50069.95,75,0,66900
BANKNIFTY-III.NFO,07/06/2024,09:35:58,50055.55,50055.25,45,50069.95,75,0,66900
BANKNIFTY-III.NFO,07/06/2024,09:36:00,50055.55,50056.25,15,50069.95,60,0,66900
BANKNIFTY-III.NFO,07/06/2024,09:36:01,50055.55,50057.05,30,50069.95,60,0,66900
BANKNIFTY-III.NFO,07/06/2024,09:36:03,50055.55,50053.45,15,50069.95,75,0,66900
BANKNIFTY-III.NFO,07/06/2024,09:36:05,50055.55,50054.4,30,50069.95,60,0,66900
BANKNIFTY-III.NFO,07/06/2024,09:36:06,50055.55,50055.6,15,50069.95,75,0,66900
BANKNIFTY-III.NFO,07/06/2024,09:36:08,50055.55,50056.55,30,50069.95,75,0,66900
BANKNIFTY-III.NFO,07/06/2024,09:36:10,50055.55,50057.75,30,50069.95,60,0,66900
BANKNIFTY-III.NFO,07/06/2024,09:36:11,50055.55,50056,15,50069.95,75,0,66900
BANKNIFTY-III.NFO,07/06/2024,09:36:13,50055.55,50056.75,30,50069.95,75,0,66900
BANKNIFTY-III.NFO,07/06/2024,09:36:15,50055.55,50054.35,45,50069.95,75,0,66900
BANKNIFTY-III.NFO,07/06/2024,09:36:16,50055.55,50055.4,60,50069.95,75,0,66900
BANKNIFTY-III.NFO,07/06/2024,09:36:18,50055.55,50056.4,30,50069.95,60,0,66900
BANKNIFTY-III.NFO,07/06/2024,09:36:20,50055.55,50056.5,30,50069.95,75,0,66900
BANKNIFTY-III.NFO,07/06/2024,09:36:21,50055.55,50054.2,630,50069.95,75,0,66900
BANKNIFTY-III.NFO,07/06/2024,09:36:23,50055.55,50055,30,50069.95,60,0,66900
BANKNIFTY-III.NFO,07/06/2024,09:36:25,50070,50056.65,15,50081.5,60,15,66915
BANKNIFTY-III.NFO,07/06/2024,09:36:26,50070,50061.15,30,50094.8,60,0,66915
BANKNIFTY-III.NFO,07/06/2024,09:36:28,50070,50066.9,15,50094.8,60,0,66915
BANKNIFTY-III.NFO,07/06/2024,09:36:30,50070,50072.05,15,50094.8,75,0,66915
BANKNIFTY-III.NFO,07/06/2024,09:36:31,50070,50072.3,15,50094.8,75,0,66915
BANKNIFTY-III.NFO,07/06/2024,09:36:33,50070,50073.2,15,50094.8,60,0,66915
BANKNIFTY-III.NFO,07/06/2024,09:36:35,50070,50074.2,15,50094.8,60,0,66915
BANKNIFTY-III.NFO,07/06/2024,09:36:36,50070,50072.35,15,50094.8,75,0,66915
BANKNIFTY-III.NFO,07/06/2024,09:36:38,50070,50070,90,50090.55,60,0,66915
BANKNIFTY-III.NFO,07/06/2024,09:36:40,50070,50070.1,15,50090.8,60,0,66915
BANKNIFTY-III.NFO,07/06/2024,09:36:41,50070,50070,90,50090.8,60,0,66915
BANKNIFTY-III.NFO,07/06/2024,09:36:43,50070,50070,75,50088,60,0,66915
BANKNIFTY-III.NFO,07/06/2024,09:36:45,50070,50070,75,50084.95,60,0,66915
BANKNIFTY-III.NFO,07/06/2024,09:36:46,50070,50070,75,50086.3,60,0,66915
BANKNIFTY-III.NFO,07/06/2024,09:36:48,50070,50070,75,50081,60,0,66915
BANKNIFTY-III.NFO,07/06/2024,09:36:50,50070,50070,75,50077.35,60,0,66915
BANKNIFTY-III.NFO,07/06/2024,09:36:51,50070,50070,75,50076.1,60,0,66915
BANKNIFTY-III.NFO,07/06/2024,09:36:53,50070,50044,75,50069.6,60,75,66915
BANKNIFTY-III.NFO,07/06/2024,09:36:55,50070,50044,90,50065,60,0,66915
BANKNIFTY-III.NFO,07/06/2024,09:36:56,50044,50044,60,50052.5,60,15,66915
BANKNIFTY-III.NFO,07/06/2024,09:36:58,50044,50029.9,15,50052.5,60,60,66915
BANKNIFTY-III.NFO,07/06/2024,09:37:00,50044,50030.7,15,50056.25,60,0,66915
BANKNIFTY-III.NFO,07/06/2024,09:37:01,50044,50031.5,15,50052.7,60,0,66915
BANKNIFTY-III.NFO,07/06/2024,09:37:03,50044,50032.25,45,50053.95,60,0,66915
BANKNIFTY-III.NFO,07/06/2024,09:37:05,50044,50032.8,15,50051.85,60,0,66915
BANKNIFTY-III.NFO,07/06/2024,09:37:06,50044,50030.25,45,50051.15,60,0,66915
BANKNIFTY-III.NFO,07/06/2024,09:37:08,50044,50030.55,15,50051.15,60,0,66915
BANKNIFTY-III.NFO,07/06/2024,09:37:10,50044,50031.45,15,50054.9,60,0,66915
BANKNIFTY-III.NFO,07/06/2024,09:37:11,50044,50025.95,30,50047.95,60,0,66915
BANKNIFTY-III.NFO,07/06/2024,09:37:13,50044,50026.7,15,50051.35,60,0,66915
BANKNIFTY-III.NFO,07/06/2024,09:37:15,50044,50026.75,15,50050.2,60,0,66915
BANKNIFTY-III.NFO,07/06/2024,09:37:17,50044,50026.6,15,50047.4,60,0,66915
BANKNIFTY-III.NFO,07/06/2024,09:37:18,50044,50026.95,30,50049.65,60,0,66915
BANKNIFTY-III.NFO,07/06/2024,09:37:20,50044,50025.4,30,50041.4,60,0,66915
BANKNIFTY-III.NFO,07/06/2024,09:37:21,50044,50025.55,15,50040.8,60,0,66915
BANKNIFTY-III.NFO,07/06/2024,09:37:23,50044,50011.4,15,50034.35,60,0,66915
BANKNIFTY-III.NFO,07/06/2024,09:37:25,50044,50010.2,15,50028.3,60,0,66915
BANKNIFTY-III.NFO,07/06/2024,09:37:26,50044,50010.95,30,50040.8,60,0,66915
BANKNIFTY-III.NFO,07/06/2024,09:37:28,50044,50011.55,15,50037.2,60,0,66915
BANKNIFTY-III.NFO,07/06/2024,09:37:30,50044,50012.6,30,50040,60,0,66915
BANKNIFTY-III.NFO,07/06/2024,09:37:31,50044,50013.55,15,50038.05,60,0,66915
BANKNIFTY-III.NFO,07/06/2024,09:37:33,50044,50014.3,15,50036.4,60,0,66915
BANKNIFTY-III.NFO,07/06/2024,09:37:35,50044,50014.9,30,50036.8,60,0,66915
BANKNIFTY-III.NFO,07/06/2024,09:37:36,50044,50015.15,15,50036.35,75,0,66915
BANKNIFTY-III.NFO,07/06/2024,09:37:38,50044,50016,30,50043.4,60,0,66915
BANKNIFTY-III.NFO,07/06/2024,09:37:40,50044,50016.9,30,50041,60,0,66915
BANKNIFTY-III.NFO,07/06/2024,09:37:41,50044,50017.85,30,50046.15,60,0,66915
BANKNIFTY-III.NFO,07/06/2024,09:37:43,50044,50019,30,50046.25,60,0,66915
BANKNIFTY-III.NFO,07/06/2024,09:37:45,50044,50020.05,45,50047.7,60,0,66915
BANKNIFTY-III.NFO,07/06/2024,09:37:46,50044,50024.3,15,50053.3,60,0,66915
BANKNIFTY-III.NFO,07/06/2024,09:37:48,50044,50025.3,30,50053.3,60,0,66915
BANKNIFTY-III.NFO,07/06/2024,09:37:50,50044,50033.85,15,50054,15,0,66915
BANKNIFTY-III.NFO,07/06/2024,09:37:51,50044,50034.7,30,50054,15,0,66915
BANKNIFTY-III.NFO,07/06/2024,09:37:53,50044,50035.65,45,50053.95,75,0,66915
BANKNIFTY-III.NFO,07/06/2024,09:37:55,50044,50036.85,30,50054,15,0,66915
BANKNIFTY-III.NFO,07/06/2024,09:37:56,50044,50037.9,15,50053.95,75,0,66915
BANKNIFTY-III.NFO,07/06/2024,09:37:58,50044,50035.4,15,50053.95,75,0,66915
BANKNIFTY-III.NFO,07/06/2024,09:37:59,50044,50036,15,50053.95,75,0,66915
BANKNIFTY-III.NFO,07/06/2024,09:38:01,50044,50037.1,15,50053.95,75,0,66915
BANKNIFTY-III.NFO,07/06/2024,09:38:03,50044,50037.85,15,50053.7,60,0,66915
BANKNIFTY-III.NFO,07/06/2024,09:38:04,50044,50038.3,150,50054,15,0,66915
BANKNIFTY-III.NFO,07/06/2024,09:38:06,50044,50039.25,15,50054,15,0,66915
BANKNIFTY-III.NFO,07/06/2024,09:38:08,50044,50040.15,30,50053.95,75,0,66915
BANKNIFTY-III.NFO,07/06/2024,09:38:09,50044,50041.05,15,50054,15,0,66915
BANKNIFTY-III.NFO,07/06/2024,09:38:11,50054,50041.65,15,50059.15,60,15,66915
BANKNIFTY-III.NFO,07/06/2024,09:38:13,50054,50040.2,15,50061.15,60,0,66915
BANKNIFTY-III.NFO,07/06/2024,09:38:14,50054,50041,30,50061.15,60,0,66915
BANKNIFTY-III.NFO,07/06/2024,09:38:16,50054,50042.1,60,50062.35,60,0,66915
BANKNIFTY-III.NFO,07/06/2024,09:38:18,50054,50043.25,30,50062.75,60,0,66915
BANKNIFTY-III.NFO,07/06/2024,09:38:19,50054,50044.3,15,50062.75,60,0,66915
BANKNIFTY-III.NFO,07/06/2024,09:38:21,50054,50045.05,15,50063.55,60,0,66915
BANKNIFTY-III.NFO,07/06/2024,09:38:23,50054,50042.7,15,50065.55,60,0,66915
BANKNIFTY-III.NFO,07/06/2024,09:38:24,50054,50043.6,15,50069.6,60,0,66915
BANKNIFTY-III.NFO,07/06/2024,09:38:26,50054,50045.05,15,50071.15,60,0,66915
BANKNIFTY-III.NFO,07/06/2024,09:38:28,50045.5,50046.5,30,50071.15,60,15,66915
BANKNIFTY-III.NFO,07/06/2024,09:38:29,50045.5,50048.45,15,50073.15,60,0,66915
BANKNIFTY-III.NFO,07/06/2024,09:38:31,50045.5,50049.15,180,50072.45,60,0,66915
BANKNIFTY-III.NFO,07/06/2024,09:38:33,50070.8,50050.05,15,50070.8,60,15,66915
BANKNIFTY-III.NFO,07/06/2024,09:38:34,50070.8,50051.95,30,50070.8,60,0,66915
BANKNIFTY-III.NFO,07/06/2024,09:38:36,50070.8,50053.55,30,50070.8,60,0,66915
BANKNIFTY-III.NFO,07/06/2024,09:38:38,50070.8,50055.05,15,50075.6,60,0,66915
BANKNIFTY-III.NFO,07/06/2024,09:38:39,50070.8,50055.75,15,50075.6,60,0,66915
BANKNIFTY-III.NFO,07/06/2024,09:38:41,50070.8,50056.85,30,50078.3,60,0,66915
BANKNIFTY-III.NFO,07/06/2024,09:38:43,50070.8,50058.4,15,50078.85,60,0,66915
BANKNIFTY-III.NFO,07/06/2024,09:38:44,50070.8,50060.3,15,50082.25,60,0,66915
BANKNIFTY-III.NFO,07/06/2024,09:38:46,50070.8,50062.2,15,50085.45,60,0,66915
BANKNIFTY-III.NFO,07/06/2024,09:38:48,50070.8,50065.8,15,50093.5,60,0,66915
BANKNIFTY-III.NFO,07/06/2024,09:38:49,50070.8,50071.4,15,50094.8,75,0,66915
BANKNIFTY-III.NFO,07/06/2024,09:38:51,50070.8,50068.75,15,50094.8,75,0,66915
BANKNIFTY-III.NFO,07/06/2024,09:38:53,50070.8,50062.9,15,50094.75,60,0,66915
BANKNIFTY-III.NFO,07/06/2024,09:38:54,50070.8,50064.2,15,50091.65,60,0,66915
BANKNIFTY-III.NFO,07/06/2024,09:38:56,50070.8,50065.4,15,50094.75,60,0,66915
BANKNIFTY-III.NFO,07/06/2024,09:38:58,50070.8,50067.1,15,50094.75,60,0,66915
BANKNIFTY-III.NFO,07/06/2024,09:38:59,50070.8,50069.1,15,50094.8,60,0,66915
BANKNIFTY-III.NFO,07/06/2024,09:39:01,50070.8,50071.4,15,50094.8,75,0,66915
BANKNIFTY-III.NFO,07/06/2024,09:39:03,50070.8,50072.3,15,50094.8,75,0,66915
BANKNIFTY-III.NFO,07/06/2024,09:39:04,50070.8,50073.5,15,50094.8,75,0,66915
BANKNIFTY-III.NFO,07/06/2024,09:39:06,50070.8,50074.9,15,50094.8,60,0,66915
BANKNIFTY-III.NFO,07/06/2024,09:39:08,50070.8,50076.7,15,50094.8,60,0,66915
BANKNIFTY-III.NFO,07/06/2024,09:39:09,50070.8,50079,15,50094.8,60,0,66915
BANKNIFTY-III.NFO,07/06/2024,09:39:11,50070.8,50080.9,15,50094.85,15,0,66915
BANKNIFTY-III.NFO,07/06/2024,09:39:13,50094.85,50084.25,15,50099.95,75,15,66915
BANKNIFTY-III.NFO,07/06/2024,09:39:14,50094.85,50085.75,15,50099.95,60,0,66915
BANKNIFTY-III.NFO,07/06/2024,09:39:16,50094.85,50087.15,30,50100,195,0,66915
BANKNIFTY-III.NFO,07/06/2024,09:39:18,50094.85,50088.55,15,50099.95,60,0,66915
BANKNIFTY-III.NFO,07/06/2024,09:39:19,50100,50089.95,30,50100,120,75,66870
BANKNIFTY-III.NFO,07/06/2024,09:39:21,50100,50088,15,50100,60,60,66870
BANKNIFTY-III.NFO,07/06/2024,09:39:23,50100,50087.65,15,50100,60,0,66870
BANKNIFTY-III.NFO,07/06/2024,09:39:25,50100,50086.5,15,50099.95,75,15,66870
BANKNIFTY-III.NFO,07/06/2024,09:39:26,50100,50087.6,30,50100,60,0,66870
BANKNIFTY-III.NFO,07/06/2024,09:39:28,50100,50088.9,15,50099.95,60,0,66870
BANKNIFTY-III.NFO,07/06/2024,09:39:30,50100,50090.6,15,50100,60,0,66870
BANKNIFTY-III.NFO,07/06/2024,09:39:31,50100,50080.15,30,50099.95,75,0,66870
BANKNIFTY-III.NFO,07/06/2024,09:39:33,50100,50076.9,45,50095,60,0,66870
BANKNIFTY-III.NFO,07/06/2024,09:39:35,50100,50077.5,15,50095,60,0,66870
BANKNIFTY-III.NFO,07/06/2024,09:39:36,50100,50078.1,15,50097.9,60,0,66870
BANKNIFTY-III.NFO,07/06/2024,09:39:38,50100,50078.1,30,50096.65,60,0,66870
BANKNIFTY-III.NFO,07/06/2024,09:39:40,50100,50077.35,15,50094.2,60,0,66870
BANKNIFTY-III.NFO,07/06/2024,09:39:41,50100,50072.9,15,50091.4,60,0,66870
BANKNIFTY-III.NFO,07/06/2024,09:39:43,50100,50072.95,15,50091.05,60,0,66870
BANKNIFTY-III.NFO,07/06/2024,09:39:45,50100,50069.35,15,50091.05,60,0,66870
BANKNIFTY-III.NFO,07/06/2024,09:39:46,50100,50069.75,15,50087.9,60,0,66870
BANKNIFTY-III.NFO,07/06/2024,09:39:48,50100,50067.15,45,50083.3,60,0,66870
BANKNIFTY-III.NFO,07/06/2024,09:39:50,50100,50069.75,45,50084,60,0,66870
BANKNIFTY-III.NFO,07/06/2024,09:39:51,50100,50069.8,15,50088.1,60,0,66870
BANKNIFTY-III.NFO,07/06/2024,09:39:53,50100,50069.75,45,50086.1,60,0,66870
BANKNIFTY-III.NFO,07/06/2024,09:39:55,50100,50069.8,15,50089.4,60,0,66870
BANKNIFTY-III.NFO,07/06/2024,09:39:56,50100,50069.8,15,50089,60,0,66870
BANKNIFTY-III.NFO,07/06/2024,09:39:58,50100,50071.3,15,50091.05,60,0,66870
BANKNIFTY-III.NFO,07/06/2024,09:40:00,50072.6,50072.8,15,50091.05,60,15,66870
BANKNIFTY-III.NFO,07/06/2024,09:40:01,50072.6,50073.7,15,50097.3,60,0,66870
BANKNIFTY-III.NFO,07/06/2024,09:40:03,50072.6,50074.1,15,50095.2,60,0,66870
BANKNIFTY-III.NFO,07/06/2024,09:40:05,50072.6,50074.4,15,50093.95,60,0,66870
BANKNIFTY-III.NFO,07/06/2024,09:40:06,50072.6,50074.9,45,50093.95,60,0,66870
BANKNIFTY-III.NFO,07/06/2024,09:40:08,50072.6,50075.3,15,50089.95,75,0,66870
BANKNIFTY-III.NFO,07/06/2024,09:40:09,50072.6,50075.75,15,50089.95,60,0,66870
BANKNIFTY-III.NFO,07/06/2024,09:40:11,50072.6,50075.5,45,50089.5,60,0,66870
BANKNIFTY-III.NFO,07/06/2024,09:40:12,50072.6,50069.75,30,50084.8,60,0,66870
BANKNIFTY-III.NFO,07/06/2024,09:40:14,50072.6,50069.75,30,50079.3,60,0,66870
BANKNIFTY-III.NFO,07/06/2024,09:40:16,50072.6,50069.75,30,50080.1,60,0,66870
BANKNIFTY-III.NFO,07/06/2024,09:40:17,50072.6,50069.75,45,50083.6,60,0,66870
BANKNIFTY-III.NFO,07/06/2024,09:40:21,50072.6,50069.95,15,50090,15,0,66870
BANKNIFTY-III.NFO,07/06/2024,09:40:22,50072.6,50070.85,45,50090,15,0,66870
BANKNIFTY-III.NFO,07/06/2024,09:40:24,50072.6,50071.65,15,50090,30,0,66870
BANKNIFTY-III.NFO,07/06/2024,09:40:26,50072.6,50072.25,30,50089.95,60,0,66870
BANKNIFTY-III.NFO,07/06/2024,09:40:27,50072.6,50072.95,30,50090,30,0,66870
BANKNIFTY-III.NFO,07/06/2024,09:40:29,50072.6,50073.85,45,50090,15,0,66870
BANKNIFTY-III.NFO,07/06/2024,09:40:31,50072.6,50074.75,45,50090,15,0,66870
BANKNIFTY-III.NFO,07/06/2024,09:40:32,50072.6,50076,30,50090,15,0,66870
BANKNIFTY-III.NFO,07/06/2024,09:40:34,50072.6,50077.05,15,50090,15,0,66870
BANKNIFTY-III.NFO,07/06/2024,09:40:36,50072.6,50078,15,50090,15,0,66870
BANKNIFTY-III.NFO,07/06/2024,09:40:37,50090,50079.1,15,50099.95,75,15,66870
BANKNIFTY-III.NFO,07/06/2024,09:40:39,50090,50080.7,30,50100,90,0,66870
BANKNIFTY-III.NFO,07/06/2024,09:40:41,50090,50084.3,30,50099.95,75,0,66870
BANKNIFTY-III.NFO,07/06/2024,09:40:42,50090,50085.15,30,50100,90,0,66870
BANKNIFTY-III.NFO,07/06/2024,09:40:44,50090,50086.35,30,50100,90,0,66870
BANKNIFTY-III.NFO,07/06/2024,09:40:46,50090,50087.4,15,50099.95,60,0,66870
BANKNIFTY-III.NFO,07/06/2024,09:40:47,50090,50087.65,15,50099.95,75,0,66870
BANKNIFTY-III.NFO,07/06/2024,09:40:49,50090,50090,15,50099.95,75,0,66870
BANKNIFTY-III.NFO,07/06/2024,09:40:52,50090,50090,15,50099.95,60,0,66870
BANKNIFTY-III.NFO,07/06/2024,09:40:54,50090,50090,30,50099.95,60,0,66870
BANKNIFTY-III.NFO,07/06/2024,09:40:56,50090,50090.15,15,50100,90,0,66870
BANKNIFTY-III.NFO,07/06/2024,09:40:57,50090,50090.35,30,50099.95,60,0,66870
BANKNIFTY-III.NFO,07/06/2024,09:40:59,50090,50090.75,15,50100,90,0,66870
BANKNIFTY-III.NFO,07/06/2024,09:41:01,50090,50090.75,30,50099.95,60,0,66870
BANKNIFTY-III.NFO,07/06/2024,09:41:02,50090,50090,15,50099.95,75,0,66870
BANKNIFTY-III.NFO,07/06/2024,09:41:06,50090,50090,15,50095.8,60,0,66870
BANKNIFTY-III.NFO,07/06/2024,09:41:09,50090,50090,15,50097.75,60,0,66870
BANKNIFTY-III.NFO,07/06/2024,09:41:10,50090,50090,15,50097.35,60,0,66870
BANKNIFTY-III.NFO,07/06/2024,09:41:12,50073.35,50071.75,15,50094.8,60,30,66870
BANKNIFTY-III.NFO,07/06/2024,09:41:14,50073.35,50072.15,45,50091.45,60,0,66870
BANKNIFTY-III.NFO,07/06/2024,09:41:15,50073.35,50070.95,15,50090.35,60,0,66870
BANKNIFTY-III.NFO,07/06/2024,09:41:17,50073.35,50070,30,50083.4,75,0,66870
BANKNIFTY-III.NFO,07/06/2024,09:41:20,50073.35,50070,45,50084.8,60,0,66870
BANKNIFTY-III.NFO,07/06/2024,09:41:22,50073.35,50070,45,50083.7,60,0,66870
BANKNIFTY-III.NFO,07/06/2024,09:41:24,50073.35,50070,30,50081.65,60,0,66870
BANKNIFTY-III.NFO,07/06/2024,09:41:27,50073.35,50070,30,50080.9,75,0,66870
BANKNIFTY-III.NFO,07/06/2024,09:41:29,50073.35,50064.05,45,50079.2,60,0,66870
BANKNIFTY-III.NFO,07/06/2024,09:41:30,50073.35,50060.9,15,50077.35,60,0,66870
BANKNIFTY-III.NFO,07/06/2024,09:41:32,50073.35,50061.2,30,50079.2,90,0,66870
BANKNIFTY-III.NFO,07/06/2024,09:41:34,50073.35,50061.7,15,50080.55,60,0,66870
BANKNIFTY-III.NFO,07/06/2024,09:41:35,50073.35,50062.4,30,50088.8,60,0,66870
BANKNIFTY-III.NFO,07/06/2024,09:41:37,50073.35,50063.15,15,50088.8,60,0,66870
BANKNIFTY-III.NFO,07/06/2024,09:41:39,50073.35,50063.75,15,50085.05,60,0,66870
BANKNIFTY-III.NFO,07/06/2024,09:41:40,50073.35,50064.2,15,50083,60,0,66870
BANKNIFTY-III.NFO,07/06/2024,09:41:42,50073.35,50065,15,50084.8,60,0,66870
BANKNIFTY-III.NFO,07/06/2024,09:41:44,50073.35,50065.9,45,50085.05,60,0,66870
BANKNIFTY-III.NFO,07/06/2024,09:41:45,50073.35,50065.55,45,50080.45,60,0,66870
BANKNIFTY-III.NFO,07/06/2024,09:41:47,50073.35,50065.55,30,50078.95,60,0,66870
BANKNIFTY-III.NFO,07/06/2024,09:41:52,50073.35,50057,240,50078.6,75,0,66870
BANKNIFTY-III.NFO,07/06/2024,09:41:54,50073.35,50057.95,30,50085.55,60,0,66870
BANKNIFTY-III.NFO,07/06/2024,09:41:55,50073.35,50059.15,30,50082.3,60,0,66870
BANKNIFTY-III.NFO,07/06/2024,09:41:57,50073.35,50060.1,30,50079.35,60,0,66870
BANKNIFTY-III.NFO,07/06/2024,09:41:59,50073.35,50061.2,30,50079.35,60,0,66870
BANKNIFTY-III.NFO,07/06/2024,09:42:00,50073.35,50055.85,15,50072.95,60,0,66870
BANKNIFTY-III.NFO,07/06/2024,09:42:02,50073.35,50054.75,15,50072.95,60,0,66870
BANKNIFTY-III.NFO,07/06/2024,09:42:04,50073.35,50048.45,60,50065.6,60,0,66870
BANKNIFTY-III.NFO,07/06/2024,09:42:05,50073.35,50040.65,15,50058.35,60,0,66870
BANKNIFTY-III.NFO,07/06/2024,09:42:07,50073.35,50040.75,15,50057.7,75,0,66870
BANKNIFTY-III.NFO,07/06/2024,09:42:09,50073.35,50041.45,15,50059.3,75,0,66870
BANKNIFTY-III.NFO,07/06/2024,09:42:11,50073.35,50033.75,15,50050.1,60,0,66870
BANKNIFTY-III.NFO,07/06/2024,09:42:13,50073.35,50032.2,30,50055.95,60,0,66870
BANKNIFTY-III.NFO,07/06/2024,09:42:14,50073.35,50033.05,15,50057.15,60,0,66870
BANKNIFTY-III.NFO,07/06/2024,09:42:16,50073.35,50034.05,30,50060.45,60,0,66870
BANKNIFTY-III.NFO,07/06/2024,09:42:18,50034.35,50034.6,15,50071.05,60,150,66870
BANKNIFTY-III.NFO,07/06/2024,09:42:19,50034.35,50039.35,15,50069.65,60,0,66870
BANKNIFTY-III.NFO,07/06/2024,09:42:21,50034.35,50040.2,30,50066.7,60,0,66870
BANKNIFTY-III.NFO,07/06/2024,09:42:23,50034.35,50041.2,15,50064.6,60,0,66870
BANKNIFTY-III.NFO,07/06/2024,09:42:24,50034.35,50042.45,30,50070.55,60,0,66870
BANKNIFTY-III.NFO,07/06/2024,09:42:26,50034.35,50043.75,105,50070.55,60,0,66870
BANKNIFTY-III.NFO,07/06/2024,09:42:28,50034.35,50044.95,30,50070.55,60,0,66870
BANKNIFTY-III.NFO,07/06/2024,09:42:29,50034.35,50046.05,15,50073,30,0,66870
BANKNIFTY-III.NFO,07/06/2024,09:42:31,50073,50058,30,50085.85,60,30,66870
BANKNIFTY-III.NFO,07/06/2024,09:42:33,50073,50061.8,15,50087.4,60,0,66870
BANKNIFTY-III.NFO,07/06/2024,09:42:34,50073,50062.55,45,50087.4,60,0,66870
BANKNIFTY-III.NFO,07/06/2024,09:42:36,50073,50063.75,15,50087.4,60,0,66870
BANKNIFTY-III.NFO,07/06/2024,09:42:38,50073,50067.55,30,50089.15,60,0,66870
BANKNIFTY-III.NFO,07/06/2024,09:42:39,50073,50068.6,15,50089.15,60,0,66870
BANKNIFTY-III.NFO,07/06/2024,09:42:41,50073,50069.5,30,50090.1,60,0,66870
BANKNIFTY-III.NFO,07/06/2024,09:42:43,50073,50070.75,30,50091.9,60,0,66870
BANKNIFTY-III.NFO,07/06/2024,09:42:44,50073,50071.85,30,50092.8,60,0,66870
BANKNIFTY-III.NFO,07/06/2024,09:42:46,50073,50073.2,30,50093.35,60,0,66870
BANKNIFTY-III.NFO,07/06/2024,09:42:48,50073,50073.95,30,50095.9,60,0,66870
BANKNIFTY-III.NFO,07/06/2024,09:42:49,50073,50074.9,15,50095.9,60,0,66870
BANKNIFTY-III.NFO,07/06/2024,09:42:51,50073,50075.65,105,50097.75,60,0,66870
BANKNIFTY-III.NFO,07/06/2024,09:42:53,50073,50073.75,30,50097.75,60,0,66870
BANKNIFTY-III.NFO,07/06/2024,09:42:54,50073,50074.5,30,50097.75,60,0,66870
BANKNIFTY-III.NFO,07/06/2024,09:42:56,50073,50075.35,30,50098.15,60,0,66870
BANKNIFTY-III.NFO,07/06/2024,09:42:58,50073,50076.25,30,50098.15,60,0,66870
BANKNIFTY-III.NFO,07/06/2024,09:42:59,50073,50077.05,30,50098.15,60,0,66870
BANKNIFTY-III.NFO,07/06/2024,09:43:01,50073,50078,15,50099.75,60,0,66870
BANKNIFTY-III.NFO,07/06/2024,09:43:03,50073,50079.45,15,50099.95,75,0,66870
BANKNIFTY-III.NFO,07/06/2024,09:43:04,50073,50081,45,50099.95,75,0,66870
BANKNIFTY-III.NFO,07/06/2024,09:43:06,50073,50082.6,45,50099.95,75,0,66870
BANKNIFTY-III.NFO,07/06/2024,09:43:08,50073,50083.6,270,50099.95,75,0,66870
BANKNIFTY-III.NFO,07/06/2024,09:43:09,50073,50084.8,30,50099.95,60,0,66870
BANKNIFTY-III.NFO,07/06/2024,09:43:11,50073,50080.25,15,50099.95,75,0,66870
BANKNIFTY-III.NFO,07/06/2024,09:43:13,50073,50081,30,50099.95,75,0,66870
BANKNIFTY-III.NFO,07/06/2024,09:43:14,50073,50078.65,30,50099.95,75,0,66870
BANKNIFTY-III.NFO,07/06/2024,09:43:16,50078.85,50079.5,30,50099.95,75,15,66870
BANKNIFTY-III.NFO,07/06/2024,09:43:18,50078.85,50080.25,15,50097.9,60,0,66870
BANKNIFTY-III.NFO,07/06/2024,09:43:19,50078.85,50078.65,30,50093.1,60,0,66870
BANKNIFTY-III.NFO,07/06/2024,09:43:21,50078.85,50078.65,30,50092.05,60,0,66870
BANKNIFTY-III.NFO,07/06/2024,09:43:24,50078.85,50078.65,30,50089.4,60,0,66870
BANKNIFTY-III.NFO,07/06/2024,09:43:26,50078.65,50061.25,15,50083.55,60,30,66870
BANKNIFTY-III.NFO,07/06/2024,09:43:28,50078.65,50059.3,15,50079.85,60,0,66870
BANKNIFTY-III.NFO,07/06/2024,09:43:29,50078.65,50059.2,15,50078.5,60,0,66870
BANKNIFTY-III.NFO,07/06/2024,09:43:31,50078.65,50056.6,15,50076.05,60,0,66870
BANKNIFTY-III.NFO,07/06/2024,09:43:32,50078.65,50073,15,50073.9,60,0,66870
BANKNIFTY-III.NFO,07/06/2024,09:43:34,50078.65,50073,15,50076.05,60,0,66870
BANKNIFTY-III.NFO,07/06/2024,09:43:36,50073,50055.2,45,50073.65,60,15,66870
BANKNIFTY-III.NFO,07/06/2024,09:43:37,50073,50055.45,15,50073.65,60,0,66870
BANKNIFTY-III.NFO,07/06/2024,09:43:39,50073,50056.1,30,50073.65,60,0,66870
BANKNIFTY-III.NFO,07/06/2024,09:43:41,50073,50056.35,15,50075.25,60,0,66870
BANKNIFTY-III.NFO,07/06/2024,09:43:42,50073,50056.75,30,50073.25,60,0,66870
BANKNIFTY-III.NFO,07/06/2024,09:43:44,50073,50055.6,30,50071.95,60,0,66870
BANKNIFTY-III.NFO,07/06/2024,09:43:46,50073,50055.6,15,50069.4,60,0,66870
BANKNIFTY-III.NFO,07/06/2024,09:43:47,50073,50054,15,50071.45,60,0,66870
BANKNIFTY-III.NFO,07/06/2024,09:43:49,50073,50054.15,15,50071.45,60,0,66870
BANKNIFTY-III.NFO,07/06/2024,09:43:50,50073,50054.4,15,50072.05,60,0,66870
BANKNIFTY-III.NFO,07/06/2024,09:43:54,50073,50054.9,30,50073,15,0,66870
BANKNIFTY-III.NFO,07/06/2024,09:43:55,50073,50055.8,30,50073,15,0,66870
BANKNIFTY-III.NFO,07/06/2024,09:43:57,50073,50056.75,30,50073,15,0,66870
BANKNIFTY-III.NFO,07/06/2024,09:43:59,50073,50059.2,105,50073,15,0,66870
BANKNIFTY-III.NFO,07/06/2024,09:44:00,50073,50061.9,30,50086.05,60,15,66870
BANKNIFTY-III.NFO,07/06/2024,09:44:02,50073,50063.65,45,50086.5,60,0,66870
BANKNIFTY-III.NFO,07/06/2024,09:44:04,50073,50067.55,15,50089.45,15,0,66870
BANKNIFTY-III.NFO,07/06/2024,09:44:05,50075,50069.4,15,50095.35,60,15,66870
BANKNIFTY-III.NFO,07/06/2024,09:44:07,50075,50080.65,15,50100,105,0,66870
BANKNIFTY-III.NFO,07/06/2024,09:44:09,50075,50081.2,15,50100,105,0,66870
BANKNIFTY-III.NFO,07/06/2024,09:44:10,50075,50081.95,15,50100,90,0,66870
BANKNIFTY-III.NFO,07/06/2024,09:44:12,50075,50083.55,15,50100,105,0,66870
BANKNIFTY-III.NFO,07/06/2024,09:44:14,50075,50084.2,15,50099.95,60,0,66870
BANKNIFTY-III.NFO,07/06/2024,09:44:15,50075,50084.65,15,50099.95,75,0,66870
BANKNIFTY-III.NFO,07/06/2024,09:44:17,50075,50068.8,15,50099.9,60,0,66870
BANKNIFTY-III.NFO,07/06/2024,09:44:19,50075,50072.25,30,50099.9,60,0,66870
BANKNIFTY-III.NFO,07/06/2024,09:44:20,50075,50072.9,270,50099.9,60,0,66870
BANKNIFTY-III.NFO,07/06/2024,09:44:22,50075,50073.95,105,50099.9,60,0,66870
BANKNIFTY-III.NFO,07/06/2024,09:44:24,50075,50074.65,30,50099.9,60,0,66870
BANKNIFTY-III.NFO,07/06/2024,09:44:25,50075,50075.55,15,50099.9,60,0,66870
BANKNIFTY-III.NFO,07/06/2024,09:44:27,50075,50076.5,60,50099.9,60,0,66870
BANKNIFTY-III.NFO,07/06/2024,09:44:29,50075,50077.35,30,50099.9,60,0,66870
BANKNIFTY-III.NFO,07/06/2024,09:44:30,50075,50073.35,15,50097.3,60,0,66870
BANKNIFTY-III.NFO,07/06/2024,09:44:32,50075,50068.5,15,50095.3,60,0,66870
BANKNIFTY-III.NFO,07/06/2024,09:44:34,50075,50061.45,30,50083,60,0,66870
BANKNIFTY-III.NFO,07/06/2024,09:44:35,50075,50062.1,15,50080.8,60,0,66870
BANKNIFTY-III.NFO,07/06/2024,09:44:37,50075,50062.85,15,50080.8,60,0,66870
BANKNIFTY-III.NFO,07/06/2024,09:44:39,50075,50063.3,15,50080.8,60,0,66870
BANKNIFTY-III.NFO,07/06/2024,09:44:40,50075,50061.75,15,50079.4,60,0,66870
BANKNIFTY-III.NFO,07/06/2024,09:44:42,50075,50058.5,15,50077.5,60,0,66870
BANKNIFTY-III.NFO,07/06/2024,09:44:44,50075,50058.9,15,50079.4,60,0,66870
BANKNIFTY-III.NFO,07/06/2024,09:44:45,50075,50058.75,15,50080.8,60,0,66870
BANKNIFTY-III.NFO,07/06/2024,09:44:47,50075,50054.35,30,50075.55,60,0,66870
BANKNIFTY-III.NFO,07/06/2024,09:44:49,50075,50055,15,50074.9,60,0,66870
BANKNIFTY-III.NFO,07/06/2024,09:44:50,50075,50056,45,50075.55,90,0,66870
BANKNIFTY-III.NFO,07/06/2024,09:44:52,50075,50056.9,30,50076.7,60,0,66870
BANKNIFTY-III.NFO,07/06/2024,09:44:54,50075,50057.85,15,50080.8,60,0,66870
BANKNIFTY-III.NFO,07/06/2024,09:44:55,50075,50058.7,15,50080.8,60,0,66870
BANKNIFTY-III.NFO,07/06/2024,09:44:57,50075,50056.05,15,50076,60,0,66870
BANKNIFTY-III.NFO,07/06/2024,09:44:59,50075,50054.6,30,50076,60,0,66870
BANKNIFTY-III.NFO,07/06/2024,09:45:00,50075,50056.3,15,50083.75,60,0,66870
BANKNIFTY-III.NFO,07/06/2024,09:45:02,50075,50057.95,30,50083.75,60,0,66870
BANKNIFTY-III.NFO,07/06/2024,09:45:04,50075,50058.4,15,50082.4,60,0,66870
BANKNIFTY-III.NFO,07/06/2024,09:45:05,50075,50058.4,15,50079.05,60,0,66870
BANKNIFTY-III.NFO,07/06/2024,09:45:07,50075,50054.9,15,50077.8,60,0,66870
BANKNIFTY-III.NFO,07/06/2024,09:45:09,50075,50056.1,30,50077.8,60,0,66870
BANKNIFTY-III.NFO,07/06/2024,09:45:11,50075,50056.8,30,50077.8,60,0,66870
BANKNIFTY-III.NFO,07/06/2024,09:45:12,50075,50052.4,15,50078.8,60,0,66870
BANKNIFTY-III.NFO,07/06/2024,09:45:14,50075,50051.8,60,50073.4,60,0,66870
BANKNIFTY-III.NFO,07/06/2024,09:45:15,50075,50051.8,45,50067.9,60,0,66870
BANKNIFTY-III.NFO,07/06/2024,09:45:17,50075,50051.8,45,50056.9,60,0,66870
BANKNIFTY-III.NFO,07/06/2024,09:45:19,50075,50051.8,45,50057.35,60,0,66870
BANKNIFTY-III.NFO,07/06/2024,09:45:22,50075,50051.8,45,50057.2,60,0,66870
BANKNIFTY-III.NFO,07/06/2024,09:45:24,50075,50051.8,45,50061.35,60,0,66870
BANKNIFTY-III.NFO,07/06/2024,09:45:25,50075,50051.85,30,50065.65,60,0,66870
BANKNIFTY-III.NFO,07/06/2024,09:45:27,50075,50051.8,45,50064.4,60,0,66870
BANKNIFTY-III.NFO,07/06/2024,09:45:28,50075,50051.8,45,50061,60,0,66870
BANKNIFTY-III.NFO,07/06/2024,09:45:30,50075,50051.8,45,50055.6,60,0,66870
BANKNIFTY-III.NFO,07/06/2024,09:45:32,50075,50051.8,45,50059.25,75,0,66870
BANKNIFTY-III.NFO,07/06/2024,09:45:33,50075,50051.8,60,50062.75,60,0,66870
BANKNIFTY-III.NFO,07/06/2024,09:45:35,50075,50050,30,50061.7,60,0,66870
BANKNIFTY-III.NFO,07/06/2024,09:45:36,50075,50050,15,50060.15,75,0,66870
BANKNIFTY-III.NFO,07/06/2024,09:45:38,50075,50050,15,50058.25,75,0,66870
BANKNIFTY-III.NFO,07/06/2024,09:45:40,50075,50050,30,50068.55,60,0,66870
BANKNIFTY-III.NFO,07/06/2024,09:45:41,50075,50050,30,50068.55,75,0,66870
BANKNIFTY-III.NFO,07/06/2024,09:45:43,50075,50050,30,50067.75,75,0,66870
BANKNIFTY-III.NFO,07/06/2024,09:45:44,50075,50050,15,50059.2,60,0,66870
BANKNIFTY-III.NFO,07/06/2024,09:45:47,50075,50050,15,50057.8,60,0,66870
BANKNIFTY-III.NFO,07/06/2024,09:45:49,50075,50050,15,50054.5,60,0,66870
BANKNIFTY-III.NFO,07/06/2024,09:45:50,50050,50030.25,15,50052.4,60,15,67035
BANKNIFTY-III.NFO,07/06/2024,09:45:52,50050,50030,15,50047.25,60,0,67035
BANKNIFTY-III.NFO,07/06/2024,09:45:54,50050,50030,30,50047.25,60,0,67035
BANKNIFTY-III.NFO,07/06/2024,09:45:55,50050,50030.15,15,50049.95,60,0,67035
BANKNIFTY-III.NFO,07/06/2024,09:45:57,50050,50030,30,50046.45,60,0,67035
BANKNIFTY-III.NFO,07/06/2024,09:45:58,50050,50030,30,50046.05,60,0,67035
BANKNIFTY-III.NFO,07/06/2024,09:46:00,50050,50030.05,15,50049.95,60,0,67035
BANKNIFTY-III.NFO,07/06/2024,09:46:02,50050,50030.55,30,50050,15,0,67035
BANKNIFTY-III.NFO,07/06/2024,09:46:03,50050,50031.2,30,50050,30,0,67035
BANKNIFTY-III.NFO,07/06/2024,09:46:05,50031.8,50031.95,15,50051.55,60,15,67035
BANKNIFTY-III.NFO,07/06/2024,09:46:06,50031.8,50032.7,90,50051.55,60,0,67035
BANKNIFTY-III.NFO,07/06/2024,09:46:09,50031.8,50034.05,15,50054.75,60,0,67035
BANKNIFTY-III.NFO,07/06/2024,09:46:11,50031.8,50029.2,15,50049.05,60,0,67035
BANKNIFTY-III.NFO,07/06/2024,09:46:12,50031.8,50029.25,60,50049.05,60,0,67035
BANKNIFTY-III.NFO,07/06/2024,09:46:14,50031.8,50028.85,15,50048.15,60,0,67035
BANKNIFTY-III.NFO,07/06/2024,09:46:16,50031.8,50029.05,15,50048.15,60,0,67035
BANKNIFTY-III.NFO,07/06/2024,09:46:17,50031.8,50028.8,15,50047.5,60,0,67035
BANKNIFTY-III.NFO,07/06/2024,09:46:19,50031.8,50029.15,15,50051.65,60,0,67035
BANKNIFTY-III.NFO,07/06/2024,09:46:21,50031.8,50029.6,30,50051.35,60,0,67035
BANKNIFTY-III.NFO,07/06/2024,09:46:23,50031.8,50029.6,15,50050.2,60,0,67035
BANKNIFTY-III.NFO,07/06/2024,09:46:24,50031.8,50030.05,45,50052.3,60,0,67035
BANKNIFTY-III.NFO,07/06/2024,09:46:26,50031.8,50030.8,105,50052.3,60,0,67035
BANKNIFTY-III.NFO,07/06/2024,09:46:28,50031.8,50031.55,30,50054.75,60,0,67035
BANKNIFTY-III.NFO,07/06/2024,09:46:29,50031.8,50032.75,30,50056.75,60,0,67035
BANKNIFTY-III.NFO,07/06/2024,09:46:31,50031.8,50033.75,15,50056.75,60,0,67035
BANKNIFTY-III.NFO,07/06/2024,09:46:33,50031.8,50034.6,30,50056.75,60,0,67035
BANKNIFTY-III.NFO,07/06/2024,09:46:34,50031.8,50033.9,15,50056.5,60,0,67035
BANKNIFTY-III.NFO,07/06/2024,09:46:36,50031.8,50034.35,30,50056.75,60,0,67035
BANKNIFTY-III.NFO,07/06/2024,09:46:38,50031.8,50035.1,30,50044.75,15,0,67035
BANKNIFTY-III.NFO,07/06/2024,09:46:39,50044.75,50050,15,50056.75,60,15,67035
BANKNIFTY-III.NFO,07/06/2024,09:46:41,50044.75,50050,15,50055.3,60,0,67035
BANKNIFTY-III.NFO,07/06/2024,09:46:43,50050,50031.8,45,50040.85,60,15,67035
BANKNIFTY-III.NFO,07/06/2024,09:46:44,50031.8,50016.25,15,50023.3,75,45,67035
BANKNIFTY-III.NFO,07/06/2024,09:46:46,50031.8,50016.25,15,50019.45,60,0,67035
BANKNIFTY-III.NFO,07/06/2024,09:46:48,50031.8,50016.25,15,50026.4,75,0,67035
BANKNIFTY-III.NFO,07/06/2024,09:46:49,50031.8,50016.3,15,50032.4,60,0,67035
BANKNIFTY-III.NFO,07/06/2024,09:46:51,50031.8,50016.6,90,50039.25,60,0,67035
BANKNIFTY-III.NFO,07/06/2024,09:46:53,50031.8,50016.85,15,50038.15,90,0,67035
BANKNIFTY-III.NFO,07/06/2024,09:46:54,50031.8,50017.5,15,50042.55,60,0,67035
BANKNIFTY-III.NFO,07/06/2024,09:46:56,50031.8,50017.75,30,50038.45,60,0,67035
BANKNIFTY-III.NFO,07/06/2024,09:46:58,50031.8,50018.1,15,50038.95,60,0,67035
BANKNIFTY-III.NFO,07/06/2024,09:46:59,50031.8,50018.8,120,50041.8,60,0,67035
BANKNIFTY-III.NFO,07/06/2024,09:47:01,50031.8,50019.45,15,50042.9,60,0,67035
BANKNIFTY-III.NFO,07/06/2024,09:47:03,50031.8,50019.55,15,50041.5,60,0,67035
BANKNIFTY-III.NFO,07/06/2024,09:47:04,50031.8,50016.25,15,50032.3,60,0,67035
BANKNIFTY-III.NFO,07/06/2024,09:47:06,50031.8,50016.25,15,50025.9,60,0,67035
BANKNIFTY-III.NFO,07/06/2024,09:47:08,50031.8,50016.25,15,50018.5,60,0,67035
BANKNIFTY-III.NFO,07/06/2024,09:47:11,50031.8,50016.25,15,50025.9,60,0,67035
BANKNIFTY-III.NFO,07/06/2024,09:47:14,50031.8,50016.25,30,50031.05,60,0,67035
BANKNIFTY-III.NFO,07/06/2024,09:47:16,50031.8,50016.25,15,50027.1,60,0,67035
BANKNIFTY-III.NFO,07/06/2024,09:47:18,50031.8,50016.25,15,50025.45,60,0,67035
BANKNIFTY-III.NFO,07/06/2024,09:47:19,50031.8,50016.25,15,50021.25,75,0,67035
BANKNIFTY-III.NFO,07/06/2024,09:47:21,50031.8,50016.25,15,50025.4,60,0,67035
BANKNIFTY-III.NFO,07/06/2024,09:47:23,50031.8,50016.25,30,50032.05,75,0,67035
BANKNIFTY-III.NFO,07/06/2024,09:47:24,50031.8,50016.25,30,50034.8,75,0,67035
BANKNIFTY-III.NFO,07/06/2024,09:47:26,50031.8,50016.25,30,50036.95,60,0,67035
BANKNIFTY-III.NFO,07/06/2024,09:47:28,50031.8,50016.25,30,50032.4,60,0,67035
BANKNIFTY-III.NFO,07/06/2024,09:47:29,50031.8,50016.25,30,50036.25,60,0,67035
BANKNIFTY-III.NFO,07/06/2024,09:47:31,50031.8,50016.3,15,50033.6,60,0,67035
BANKNIFTY-III.NFO,07/06/2024,09:47:33,50031.8,50016.25,30,50033.6,60,0,67035
BANKNIFTY-III.NFO,07/06/2024,09:47:34,50031.8,50016.25,30,50033.4,60,0,67035
BANKNIFTY-III.NFO,07/06/2024,09:47:36,50016.25,50010.75,30,50038.95,60,15,67035
BANKNIFTY-III.NFO,07/06/2024,09:47:38,50016.25,50012.3,15,50040.15,60,0,67035
BANKNIFTY-III.NFO,07/06/2024,09:47:39,50016.25,50013.25,15,50040.15,60,0,67035
BANKNIFTY-III.NFO,07/06/2024,09:47:41,50016.25,50013.9,120,50038.4,60,0,67035
BANKNIFTY-III.NFO,07/06/2024,09:47:43,50016.25,50016.45,15,50033.45,60,0,67035
BANKNIFTY-III.NFO,07/06/2024,09:47:44,50016.25,50016.25,15,50032.75,60,0,67035
BANKNIFTY-III.NFO,07/06/2024,09:47:46,50016.25,50016.25,30,50031.85,60,0,67035
BANKNIFTY-III.NFO,07/06/2024,09:47:48,50016.25,50016.5,15,50031.85,60,0,67035
BANKNIFTY-III.NFO,07/06/2024,09:47:49,50016.25,50016.25,15,50025.95,60,0,67035
BANKNIFTY-III.NFO,07/06/2024,09:47:51,50016.25,50016.25,15,50025.4,60,0,67035
BANKNIFTY-III.NFO,07/06/2024,09:47:53,50016.25,50016.25,15,50028.1,60,0,67035
BANKNIFTY-III.NFO,07/06/2024,09:47:54,50016.25,50016.25,15,50030.3,60,0,67035
BANKNIFTY-III.NFO,07/06/2024,09:47:56,50016.25,50016.25,15,50028.65,60,0,67035
BANKNIFTY-III.NFO,07/06/2024,09:47:58,50016.25,50016.25,15,50025.2,60,0,67035
BANKNIFTY-III.NFO,07/06/2024,09:47:59,50016.25,50016.25,30,50029.55,60,0,67035
BANKNIFTY-III.NFO,07/06/2024,09:48:01,50016.25,50016.25,30,50029.95,75,0,67035
BANKNIFTY-III.NFO,07/06/2024,09:48:03,50016.25,50016.25,30,50029.15,75,0,67035
BANKNIFTY-III.NFO,07/06/2024,09:48:04,50016.25,50016.25,15,50028.95,60,0,67035
BANKNIFTY-III.NFO,07/06/2024,09:48:06,50016.25,50016.25,15,50025.3,60,0,67035
BANKNIFTY-III.NFO,07/06/2024,09:48:08,50016.25,50016.25,15,50026.1,60,0,67035
BANKNIFTY-III.NFO,07/06/2024,09:48:09,50016.25,50016.25,15,50023.1,60,0,67035
BANKNIFTY-III.NFO,07/06/2024,09:48:11,50016.25,50016.25,15,50019.8,60,0,67035
BANKNIFTY-III.NFO,07/06/2024,09:48:12,50016.25,50003.3,15,50010.8,60,15,67035
BANKNIFTY-III.NFO,07/06/2024,09:48:14,50000,49982.1,15,50000.35,60,105,67035
BANKNIFTY-III.NFO,07/06/2024,09:48:16,50000.35,49983.2,15,50005.15,60,15,67035
BANKNIFTY-III.NFO,07/06/2024,09:48:18,50000.35,49983.8,15,50001.05,60,0,67035
BANKNIFTY-III.NFO,07/06/2024,09:48:19,50000.35,49983.1,15,49996.6,60,0,67035
BANKNIFTY-III.NFO,07/06/2024,09:48:21,50000.35,49980.55,15,50004.65,60,0,67035
BANKNIFTY-III.NFO,07/06/2024,09:48:23,50000.35,49982.2,15,50004.65,60,0,67035
BANKNIFTY-III.NFO,07/06/2024,09:48:24,50000.35,49983.6,15,50009.65,15,0,67035
BANKNIFTY-III.NFO,07/06/2024,09:48:26,50000.35,49990.2,15,50012.45,15,0,67035
BANKNIFTY-III.NFO,07/06/2024,09:48:28,50000.35,49992.1,15,50013.65,15,0,67035
BANKNIFTY-III.NFO,07/06/2024,09:48:29,50000.35,50000.05,15,50017.2,60,0,67035
BANKNIFTY-III.NFO,07/06/2024,09:48:31,50000.35,50010.5,15,50029.95,15,0,67035
BANKNIFTY-III.NFO,07/06/2024,09:48:33,50000.35,50013.15,15,50029.95,75,0,67035
BANKNIFTY-III.NFO,07/06/2024,09:48:34,50000.35,50014.05,15,50030,15,0,67035
BANKNIFTY-III.NFO,07/06/2024,09:48:36,50000.35,50015.5,30,50029.95,60,0,67035
BANKNIFTY-III.NFO,07/06/2024,09:48:38,50000.35,50016.4,15,50029.95,75,0,67035
BANKNIFTY-III.NFO,07/06/2024,09:48:39,50000.35,50015.45,15,50029.9,60,0,67035
BANKNIFTY-III.NFO,07/06/2024,09:48:41,50000.35,50015.75,30,50029.9,60,0,67035
BANKNIFTY-III.NFO,07/06/2024,09:48:43,50000.35,50029.9,15,50029.95,75,0,67035
BANKNIFTY-III.NFO,07/06/2024,09:48:44,50000.35,50029.9,15,50030,15,0,67035
BANKNIFTY-III.NFO,07/06/2024,09:48:51,50045.5,50030,30,50045.5,60,30,67110
BANKNIFTY-III.NFO,07/06/2024,09:48:53,50045.5,50027.55,30,50045.5,60,0,67110
BANKNIFTY-III.NFO,07/06/2024,09:48:56,50045.5,50031.05,30,50050.75,60,0,67110
BANKNIFTY-III.NFO,07/06/2024,09:48:58,50045.5,50034.7,30,50053.95,60,0,67110
BANKNIFTY-III.NFO,07/06/2024,09:49:01,50045.5,50035.6,45,50050.3,60,0,67110
BANKNIFTY-III.NFO,07/06/2024,09:49:03,50045.5,50028.6,30,50050.3,60,0,67110
BANKNIFTY-III.NFO,07/06/2024,09:49:04,50045.5,50030.85,30,50051.6,60,0,67110
BANKNIFTY-III.NFO,07/06/2024,09:49:06,50045.5,50033.4,30,50051.6,60,0,67110
BANKNIFTY-III.NFO,07/06/2024,09:49:08,50045.5,50033.9,30,50051.6,60,0,67110
BANKNIFTY-III.NFO,07/06/2024,09:49:09,50045.5,50034,30,50051.95,60,0,67110
BANKNIFTY-III.NFO,07/06/2024,09:49:11,50045.5,50015.95,30,50047.25,60,0,67110
BANKNIFTY-III.NFO,07/06/2024,09:49:12,50045.5,50016.55,30,50036.1,60,0,67110
BANKNIFTY-III.NFO,07/06/2024,09:49:14,50045.5,50017.55,45,50041.7,60,0,67110
BANKNIFTY-III.NFO,07/06/2024,09:49:16,50045.5,50019.2,30,50041.7,60,0,67110
BANKNIFTY-III.NFO,07/06/2024,09:49:17,50045.5,50019.3,30,50038.8,60,0,67110
BANKNIFTY-III.NFO,07/06/2024,09:49:19,50045.5,50019.5,30,50036.9,60,0,67110
BANKNIFTY-III.NFO,07/06/2024,09:49:21,50045.5,50015.75,30,50034.5,60,0,67110
BANKNIFTY-III.NFO,07/06/2024,09:49:22,50045.5,50010.4,45,50026.4,60,0,67110
BANKNIFTY-III.NFO,07/06/2024,09:49:24,50045.5,50010.4,30,50025.9,60,0,67110
BANKNIFTY-III.NFO,07/06/2024,09:49:26,50045.5,50010.8,45,50025.9,60,0,67110
BANKNIFTY-III.NFO,07/06/2024,09:49:27,50045.5,50010.3,30,50025.35,60,0,67110
BANKNIFTY-III.NFO,07/06/2024,09:49:29,50045.5,50010.25,15,50017.9,60,0,67110
BANKNIFTY-III.NFO,07/06/2024,09:49:31,50045.5,50010.25,15,50015.75,60,0,67110
BANKNIFTY-III.NFO,07/06/2024,09:49:32,50010.25,49992.6,30,50006.4,60,15,67110
BANKNIFTY-III.NFO,07/06/2024,09:49:34,50010.25,49990.45,30,50021.5,60,0,67110
BANKNIFTY-III.NFO,07/06/2024,09:49:36,50010.25,50006.25,30,50029.25,60,0,67110
BANKNIFTY-III.NFO,07/06/2024,09:49:37,50010.25,50007.15,30,50029.8,60,0,67110
BANKNIFTY-III.NFO,07/06/2024,09:49:39,50010.25,50010.2,30,50032.55,60,0,67110
BANKNIFTY-III.NFO,07/06/2024,09:49:41,50010.25,50013.55,45,50034.95,60,0,67110
BANKNIFTY-III.NFO,07/06/2024,09:49:42,50010.25,50014.2,30,50035.35,60,0,67110
BANKNIFTY-III.NFO,07/06/2024,09:49:44,50010.25,50014.8,30,50035.85,60,0,67110
BANKNIFTY-III.NFO,07/06/2024,09:49:46,50014.8,50014.8,15,50035.85,60,30,67110
BANKNIFTY-III.NFO,07/06/2024,09:49:47,50014.8,50015.05,15,50035.85,60,0,67110
BANKNIFTY-III.NFO,07/06/2024,09:49:49,50014.8,50011.3,15,50035.85,60,0,67110
BANKNIFTY-III.NFO,07/06/2024,09:49:51,50014.8,50010,15,50035.85,60,0,67110
BANKNIFTY-III.NFO,07/06/2024,09:49:52,50014.8,50010.05,15,50031.55,60,0,67110
BANKNIFTY-III.NFO,07/06/2024,09:49:54,50014.8,50010.15,15,50029.3,60,0,67110
BANKNIFTY-III.NFO,07/06/2024,09:49:55,50014.8,50010.15,30,50024.75,60,0,67110
BANKNIFTY-III.NFO,07/06/2024,09:49:57,50014.8,50005.35,30,50022.35,60,0,67110
BANKNIFTY-III.NFO,07/06/2024,09:49:59,50014.8,50005.35,30,50021,60,0,67110
BANKNIFTY-III.NFO,07/06/2024,09:50:00,50014.8,50005.75,30,50030.5,60,0,67110
BANKNIFTY-III.NFO,07/06/2024,09:50:02,50014.8,50006.1,30,50025.7,60,0,67110
BANKNIFTY-III.NFO,07/06/2024,09:50:04,50014.8,50006.15,15,50026.55,60,0,67110
BANKNIFTY-III.NFO,07/06/2024,09:50:05,50005,50005.05,30,50019.2,60,15,67110
BANKNIFTY-III.NFO,07/06/2024,09:50:07,50005,50005.1,30,50021.5,60,0,67110
BANKNIFTY-III.NFO,07/06/2024,09:50:09,50005,50005.2,90,50024.25,60,0,67110
BANKNIFTY-III.NFO,07/06/2024,09:50:11,50005,50005.15,15,50019.85,60,0,67110
BANKNIFTY-III.NFO,07/06/2024,09:50:12,50005,50005.15,15,50017.6,60,0,67110
BANKNIFTY-III.NFO,07/06/2024,09:50:14,50005,50005.15,30,50019.85,60,0,67110
BANKNIFTY-III.NFO,07/06/2024,09:50:15,50005,50005.15,15,50019.5,75,0,67110
BANKNIFTY-III.NFO,07/06/2024,09:50:17,50005,50005.15,15,50018.85,60,0,67110
BANKNIFTY-III.NFO,07/06/2024,09:50:20,50005,50005.3,15,50025.4,60,0,67110
BANKNIFTY-III.NFO,07/06/2024,09:50:22,50005,50005.3,15,50019.35,60,0,67110
BANKNIFTY-III.NFO,07/06/2024,09:50:24,50005,50005.3,15,50018.55,60,0,67110
BANKNIFTY-III.NFO,07/06/2024,09:50:25,50005.3,50005.35,15,50017.75,60,15,67110
BANKNIFTY-III.NFO,07/06/2024,09:50:27,50005.3,50005.35,15,50017.75,60,0,67110
BANKNIFTY-III.NFO,07/06/2024,09:50:29,50005.3,50005.35,30,50025.4,60,0,67110
BANKNIFTY-III.NFO,07/06/2024,09:50:30,50005.3,50005.35,30,50024.7,60,0,67110
BANKNIFTY-III.NFO,07/06/2024,09:50:32,50005.3,49996.25,15,50010.45,60,0,67110
BANKNIFTY-III.NFO,07/06/2024,09:50:34,50005.3,49995.35,15,50014.05,60,0,67110
BANKNIFTY-III.NFO,07/06/2024,09:50:35,50005.3,49995.55,15,50015.8,60,0,67110
BANKNIFTY-III.NFO,07/06/2024,09:50:37,50005.3,49996.25,120,50015.8,60,0,67110
BANKNIFTY-III.NFO,07/06/2024,09:50:39,50005.3,49996.65,30,50015.8,60,0,67110
BANKNIFTY-III.NFO,07/06/2024,09:50:40,50005.3,49997.15,15,50014.8,60,0,67110
BANKNIFTY-III.NFO,07/06/2024,09:50:42,50005.3,49997.15,15,50015.4,60,0,67110
BANKNIFTY-III.NFO,07/06/2024,09:50:44,50005.3,49995.7,30,50015.4,60,0,67110
BANKNIFTY-III.NFO,07/06/2024,09:50:45,50005.3,49995.65,30,50014.45,60,0,67110
BANKNIFTY-III.NFO,07/06/2024,09:50:47,50005.3,49995.65,30,50011.25,60,0,67110
BANKNIFTY-III.NFO,07/06/2024,09:50:49,50005.3,49995.7,30,50013,60,0,67110
BANKNIFTY-III.NFO,07/06/2024,09:50:50,50005.3,49989.65,15,50009.15,60,0,67110
BANKNIFTY-III.NFO,07/06/2024,09:50:52,50005.3,49989.75,30,50006.05,60,0,67110
BANKNIFTY-III.NFO,07/06/2024,09:50:54,50005.3,49980.05,15,49995.8,60,0,67110
BANKNIFTY-III.NFO,07/06/2024,09:50:55,50005.3,49980.3,15,50005.6,60,0,67110
BANKNIFTY-III.NFO,07/06/2024,09:50:57,50005.3,49985.7,30,50010.5,60,0,67110
BANKNIFTY-III.NFO,07/06/2024,09:50:58,50005.3,49985.6,15,50005.05,60,0,67110
BANKNIFTY-III.NFO,07/06/2024,09:51:00,50005.3,49986.05,15,50009.2,60,0,67110
BANKNIFTY-III.NFO,07/06/2024,09:51:02,50005.3,49987,15,50010.5,60,0,67110
BANKNIFTY-III.NFO,07/06/2024,09:51:03,50005.3,49987.7,15,50010.5,60,0,67110
BANKNIFTY-III.NFO,07/06/2024,09:51:05,50005.3,49988.2,15,50009.7,60,0,67110
BANKNIFTY-III.NFO,07/06/2024,09:51:07,50005.3,49988.95,90,50012.85,60,0,67110
BANKNIFTY-III.NFO,07/06/2024,09:51:08,50005.3,49990.95,90,50014.45,60,0,67110
BANKNIFTY-III.NFO,07/06/2024,09:51:10,50005.3,49991.6,15,50014.45,60,0,67110
BANKNIFTY-III.NFO,07/06/2024,09:51:12,50005.3,49992.2,45,50013.65,60,0,67110
BANKNIFTY-III.NFO,07/06/2024,09:51:13,50005.3,49993.05,15,50013.65,60,0,67110
BANKNIFTY-III.NFO,07/06/2024,09:51:15,50005.3,49993.4,30,50013.65,60,0,67110
BANKNIFTY-III.NFO,07/06/2024,09:51:17,50005.3,49993.8,45,50015.4,60,0,67110
BANKNIFTY-III.NFO,07/06/2024,09:51:18,50005.3,49994.1,15,50015.4,60,0,67110
BANKNIFTY-III.NFO,07/06/2024,09:51:20,50005.3,49996.05,15,50018.35,60,0,67110
BANKNIFTY-III.NFO,07/06/2024,09:51:22,50005.3,49998.95,15,50019.75,60,0,67110
BANKNIFTY-III.NFO,07/06/2024,09:51:23,50005.3,49999.1,15,50019.35,60,0,67110
BANKNIFTY-III.NFO,07/06/2024,09:51:25,50005.3,49999.8,15,50005.3,15,0,67110
BANKNIFTY-III.NFO,07/06/2024,09:51:27,50005.3,50000.45,30,50015.6,60,15,67110
BANKNIFTY-III.NFO,07/06/2024,09:51:28,50005.3,50000.8,45,50016.8,60,0,67140
BANKNIFTY-III.NFO,07/06/2024,09:51:30,50005.3,50000.65,15,50016.8,60,0,67140
BANKNIFTY-III.NFO,07/06/2024,09:51:32,50005.3,50001.05,15,50016.8,60,0,67140
BANKNIFTY-III.NFO,07/06/2024,09:51:33,50005.3,50004.15,15,50025.4,60,0,67140
BANKNIFTY-III.NFO,07/06/2024,09:51:35,50005.3,50005.55,15,50026.15,60,0,67140
BANKNIFTY-III.NFO,07/06/2024,09:51:37,50005.3,50009.5,45,50028.4,60,0,67140
BANKNIFTY-III.NFO,07/06/2024,09:51:38,50005.3,50011,30,50030.5,60,0,67140
BANKNIFTY-III.NFO,07/06/2024,09:51:40,50005.3,50008.75,15,50030.5,60,0,67140
BANKNIFTY-III.NFO,07/06/2024,09:51:42,50005.3,50009.7,30,50030.5,60,0,67140
BANKNIFTY-III.NFO,07/06/2024,09:51:43,50005.3,50009.4,15,50030.5,60,0,67140
BANKNIFTY-III.NFO,07/06/2024,09:51:45,50005.3,50013.85,150,50032.65,60,0,67140
BANKNIFTY-III.NFO,07/06/2024,09:51:47,50005.3,50015.05,30,50032.65,60,0,67140
BANKNIFTY-III.NFO,07/06/2024,09:51:48,50005.3,50015.45,30,50032.65,60,0,67140
BANKNIFTY-III.NFO,07/06/2024,09:51:50,50005.3,50015.75,30,50030.45,60,0,67140
BANKNIFTY-III.NFO,07/06/2024,09:51:52,50005.3,50015.75,45,50030.65,60,0,67140
BANKNIFTY-III.NFO,07/06/2024,09:51:53,50005.3,50015.75,30,50030.65,60,0,67140
BANKNIFTY-III.NFO,07/06/2024,09:51:55,50005.3,50005.35,60,50028.15,60,0,67140
BANKNIFTY-III.NFO,07/06/2024,09:51:57,50005.3,50000.55,60,50024.7,60,0,67140
BANKNIFTY-III.NFO,07/06/2024,09:51:58,50005.3,50000.55,60,50021.45,60,0,67140
BANKNIFTY-III.NFO,07/06/2024,09:52:00,50005.3,49999.3,60,50020,60,0,67140
BANKNIFTY-III.NFO,07/06/2024,09:52:03,50005.3,49999.6,30,50020,60,0,67140
BANKNIFTY-III.NFO,07/06/2024,09:52:05,50005.3,50000,15,50020,60,0,67140
