Ticker,Date,Time,LTP,BuyPrice,BuyQty,SellPrice,SellQty,LTQ,OpenInterest
BANKNIFTY-II.NFO,12/02/2025,09:15:03,49917.65,49906.15,300,49956.55,120,480,0
BANKNIFTY-II.NFO,12/02/2025,09:15:03,49750.2,49906.15,300,49956.55,120,0,0
BANKNIFTY-II.NFO,12/02/2025,09:15:03,49917.65,49906.15,300,49956.55,120,0,0
BANKNIFTY-II.NFO,12/02/2025,09:15:03,49750.2,49906.15,300,49956.55,120,0,0
BANKNIFTY-II.NFO,12/02/2025,09:15:04,49750.2,49907.95,30,49950.7,120,0,672750
BANKNIFTY-II.NFO,12/02/2025,09:15:06,49937,49883.5,120,49919.15,120,150,672750
BANKNIFTY-II.NFO,12/02/2025,09:15:06,49937,49883.5,120,49919.15,120,0,672750
BANKNIFTY-II.NFO,12/02/2025,09:15:08,49937,49861.6,120,49890.9,120,0,672750
BANKNIFTY-II.NFO,12/02/2025,09:15:09,49861.6,49869.75,60,49885.9,120,30,672750
BANKNIFTY-II.NFO,12/02/2025,09:15:11,49859.25,49838.55,90,49868.85,120,90,672750
BANKNIFTY-II.NFO,12/02/2025,09:15:13,49866.85,49840.9,120,49867.65,120,30,672750
BANKNIFTY-II.NFO,12/02/2025,09:15:14,49866.85,49845.5,120,49872.05,120,0,672750
BANKNIFTY-II.NFO,12/02/2025,09:15:16,49866.85,49868.6,120,49898.35,120,0,672750
BANKNIFTY-II.NFO,12/02/2025,09:15:18,49898.35,49881.2,30,49899.35,60,60,672750
BANKNIFTY-II.NFO,12/02/2025,09:15:19,49885.2,49867.1,120,49895.75,60,150,672750
BANKNIFTY-II.NFO,12/02/2025,09:15:21,49885.2,49866.9,120,49890.2,60,0,672750
BANKNIFTY-II.NFO,12/02/2025,09:15:23,49881.3,49866.85,30,49890.3,150,60,672750
BANKNIFTY-II.NFO,12/02/2025,09:15:24,49881.3,49870.05,120,49881.2,120,0,672750
BANKNIFTY-II.NFO,12/02/2025,09:15:26,49881.2,49870.05,120,49881.2,90,30,672750
BANKNIFTY-II.NFO,12/02/2025,09:15:28,49881.3,49870.45,120,49900.9,30,180,672750
BANKNIFTY-II.NFO,12/02/2025,09:15:29,49881.2,49878.3,120,49907.9,30,30,672750
BANKNIFTY-II.NFO,12/02/2025,09:15:31,49881.8,49873.1,120,49904.6,60,30,672750
BANKNIFTY-II.NFO,12/02/2025,09:15:33,49881.2,49870,30,49890.65,60,30,672750
BANKNIFTY-II.NFO,12/02/2025,09:15:34,49885.3,49870,30,49885.45,120,450,672750
BANKNIFTY-II.NFO,12/02/2025,09:15:36,49866.85,49844.4,120,49874.25,30,60,672750
BANKNIFTY-II.NFO,12/02/2025,09:15:38,49848.15,49843.45,120,49875.5,30,30,672750
BANKNIFTY-II.NFO,12/02/2025,09:15:39,49848.15,49841.4,120,49872.9,30,0,672750
BANKNIFTY-II.NFO,12/02/2025,09:15:41,49848.15,49841.8,150,49865.75,30,0,672750
BANKNIFTY-II.NFO,12/02/2025,09:15:43,49848.15,49841.55,120,49865.1,30,0,672750
BANKNIFTY-II.NFO,12/02/2025,09:15:44,49848.15,49841.85,120,49860.85,30,0,672750
BANKNIFTY-II.NFO,12/02/2025,09:15:46,49848.15,49833.35,150,49854.45,30,0,672750
BANKNIFTY-II.NFO,12/02/2025,09:15:48,49848,49830.05,150,49851.25,30,30,672750
BANKNIFTY-II.NFO,12/02/2025,09:15:49,49835.55,49832,60,49855,120,210,672750
BANKNIFTY-II.NFO,12/02/2025,09:15:51,49835.55,49830.05,60,49853.45,120,0,672750
BANKNIFTY-II.NFO,12/02/2025,09:15:53,49835.55,49830,60,49843.15,120,0,672750
BANKNIFTY-II.NFO,12/02/2025,09:15:54,49835.55,49830,60,49838.45,150,0,672750
BANKNIFTY-II.NFO,12/02/2025,09:15:56,49835.55,49835,30,49841.95,150,30,672750
BANKNIFTY-II.NFO,12/02/2025,09:15:58,49830,49810.4,60,49829.95,120,90,672750
BANKNIFTY-II.NFO,12/02/2025,09:15:59,49830.55,49812.55,60,49836.05,120,30,672750
BANKNIFTY-II.NFO,12/02/2025,09:16:01,49807.55,49808.1,30,49832.4,120,240,672750
BANKNIFTY-II.NFO,12/02/2025,09:16:03,49807.55,49810.1,30,49831.25,150,0,672750
BANKNIFTY-II.NFO,12/02/2025,09:16:04,49810,49820.5,300,49844.1,120,180,672750
BANKNIFTY-II.NFO,12/02/2025,09:16:06,49844.1,49821.85,30,49844.1,120,30,672750
BANKNIFTY-II.NFO,12/02/2025,09:16:08,49844.1,49823.5,30,49849.6,120,0,672750
BANKNIFTY-II.NFO,12/02/2025,09:16:09,49851.6,49828.45,60,49852.35,120,30,672750
BANKNIFTY-II.NFO,12/02/2025,09:16:11,49851.6,49834.6,60,49856.85,30,0,672750
BANKNIFTY-II.NFO,12/02/2025,09:16:13,49851.6,49832.2,60,49856.8,120,0,672750
BANKNIFTY-II.NFO,12/02/2025,09:16:14,49851.6,49830.45,60,49856.8,120,0,672750
BANKNIFTY-II.NFO,12/02/2025,09:16:16,49851.6,49830.25,60,49854.2,120,0,672750
BANKNIFTY-II.NFO,12/02/2025,09:16:18,49851.6,49833.95,60,49851.6,60,0,672750
BANKNIFTY-II.NFO,12/02/2025,09:16:19,49851.6,49839.6,60,49856,90,60,672750
BANKNIFTY-II.NFO,12/02/2025,09:16:21,49856,49842.8,60,49856,60,30,672750
BANKNIFTY-II.NFO,12/02/2025,09:16:23,49856,49842.8,60,49856,30,30,672750
BANKNIFTY-II.NFO,12/02/2025,09:16:24,49856,49839.05,60,49855.95,150,0,672750
BANKNIFTY-II.NFO,12/02/2025,09:16:26,49856,49842.9,60,49856,30,0,672750
BANKNIFTY-II.NFO,12/02/2025,09:16:28,49856,49849.05,60,49856,30,0,672750
BANKNIFTY-II.NFO,12/02/2025,09:16:29,49856,49843.8,30,49855.95,120,0,672750
BANKNIFTY-II.NFO,12/02/2025,09:16:31,49856,49840.3,60,49855.95,120,0,672750
BANKNIFTY-II.NFO,12/02/2025,09:16:33,49856,49846.75,30,49855.95,120,0,672750
BANKNIFTY-II.NFO,12/02/2025,09:16:34,49856,49835.65,60,49855.95,150,0,672750
BANKNIFTY-II.NFO,12/02/2025,09:16:36,49856,49840.6,60,49856,30,0,672750
BANKNIFTY-II.NFO,12/02/2025,09:16:38,49856,49844.5,60,49856,30,0,672750
BANKNIFTY-II.NFO,12/02/2025,09:16:39,49856,49846.25,60,49856,30,0,672750
BANKNIFTY-II.NFO,12/02/2025,09:16:41,49856,49844.1,60,49856,30,60,672750
BANKNIFTY-II.NFO,12/02/2025,09:16:43,49856,49841.95,60,49856,30,0,672750
BANKNIFTY-II.NFO,12/02/2025,09:16:44,49856,49853.3,60,49874.95,150,30,672750
BANKNIFTY-II.NFO,12/02/2025,09:16:46,49852.45,49864,30,49872.8,120,30,672750
BANKNIFTY-II.NFO,12/02/2025,09:16:48,49852.45,49867,30,49874.95,120,0,672750
BANKNIFTY-II.NFO,12/02/2025,09:16:50,49869,49852.3,30,49864.95,120,30,672750
BANKNIFTY-II.NFO,12/02/2025,09:16:51,49869,49853.85,30,49865,30,0,672750
BANKNIFTY-II.NFO,12/02/2025,09:16:53,49865,49855.15,30,49874.95,150,30,672750
BANKNIFTY-II.NFO,12/02/2025,09:16:55,49865,49855.05,30,49874.95,150,0,672750
BANKNIFTY-II.NFO,12/02/2025,09:16:56,49865,49856.15,30,49874.95,120,0,672750
BANKNIFTY-II.NFO,12/02/2025,09:16:58,49865,49858.35,30,49874.95,120,0,672750
BANKNIFTY-II.NFO,12/02/2025,09:17:00,49865,49860.15,30,49875,90,0,672750
BANKNIFTY-II.NFO,12/02/2025,09:17:01,49865,49865.5,30,49875,90,0,672750
BANKNIFTY-II.NFO,12/02/2025,09:17:03,49865,49866.1,30,49875,90,0,672750
BANKNIFTY-II.NFO,12/02/2025,09:17:05,49865,49866.2,30,49875,90,0,672750
BANKNIFTY-II.NFO,12/02/2025,09:17:06,49865,49866.6,30,49875,90,0,672750
BANKNIFTY-II.NFO,12/02/2025,09:17:08,49875,49872.1,30,49896.1,150,90,672750
BANKNIFTY-II.NFO,12/02/2025,09:17:10,49875,49871.9,30,49893.7,150,0,672750
BANKNIFTY-II.NFO,12/02/2025,09:17:11,49875,49876.4,330,49897.95,120,0,672750
BANKNIFTY-II.NFO,12/02/2025,09:17:13,49897.95,49878.3,60,49897.45,150,30,672750
BANKNIFTY-II.NFO,12/02/2025,09:17:15,49897.95,49878.45,30,49895.5,150,0,672750
BANKNIFTY-II.NFO,12/02/2025,09:17:16,49897.95,49879.8,60,49897.95,120,0,672750
BANKNIFTY-II.NFO,12/02/2025,09:17:18,49898,49884.75,60,49902.95,120,30,672750
BANKNIFTY-II.NFO,12/02/2025,09:17:20,49898,49882.6,60,49902.95,150,0,672750
BANKNIFTY-II.NFO,12/02/2025,09:17:21,49898,49882.8,60,49902.95,150,0,672750
BANKNIFTY-II.NFO,12/02/2025,09:17:23,49898,49882.95,60,49904.65,150,0,672750
BANKNIFTY-II.NFO,12/02/2025,09:17:25,49898,49883.15,60,49904.6,150,0,672750
BANKNIFTY-II.NFO,12/02/2025,09:17:26,49898,49883.3,30,49897.9,150,0,672750
BANKNIFTY-II.NFO,12/02/2025,09:17:28,49898,49883.55,30,49897.9,150,0,672750
BANKNIFTY-II.NFO,12/02/2025,09:17:30,49896.9,49880.05,30,49895.95,120,30,672750
BANKNIFTY-II.NFO,12/02/2025,09:17:31,49896.9,49880,30,49894.55,120,0,672750
BANKNIFTY-II.NFO,12/02/2025,09:17:33,49896.9,49880,30,49894.6,150,0,672750
BANKNIFTY-II.NFO,12/02/2025,09:17:35,49896.9,49880,30,49893.95,150,0,672750
BANKNIFTY-II.NFO,12/02/2025,09:17:36,49896.9,49880,30,49891.4,150,0,672750
BANKNIFTY-II.NFO,12/02/2025,09:17:38,49896.9,49880,30,49892.75,150,0,672750
BANKNIFTY-II.NFO,12/02/2025,09:17:40,49896.9,49880,30,49893.1,120,0,672750
BANKNIFTY-II.NFO,12/02/2025,09:17:41,49896.9,49880,30,49891.4,150,0,672750
BANKNIFTY-II.NFO,12/02/2025,09:17:43,49891.4,49880,30,49893.95,120,30,672750
BANKNIFTY-II.NFO,12/02/2025,09:17:44,49891.4,49880,30,49895.5,150,0,672750
BANKNIFTY-II.NFO,12/02/2025,09:17:46,49880.1,49878.05,120,49896.65,120,60,672750
BANKNIFTY-II.NFO,12/02/2025,09:17:48,49880.1,49879.45,120,49896.85,120,0,672750
BANKNIFTY-II.NFO,12/02/2025,09:17:49,49880.1,49879.2,120,49896.85,150,0,672750
BANKNIFTY-II.NFO,12/02/2025,09:17:51,49896.9,49889.2,300,49897.95,30,30,672750
BANKNIFTY-II.NFO,12/02/2025,09:17:53,49896.9,49891.1,300,49897.95,30,0,672750
BANKNIFTY-II.NFO,12/02/2025,09:17:54,49896.9,49888.8,300,49897.8,120,0,672750
BANKNIFTY-II.NFO,12/02/2025,09:17:56,49895.2,49886.9,300,49897,90,30,672750
BANKNIFTY-II.NFO,12/02/2025,09:17:58,49896.9,49886.65,300,49896.9,90,30,672750
BANKNIFTY-II.NFO,12/02/2025,09:17:59,49886.65,49886.4,300,49895.2,60,30,672750
BANKNIFTY-II.NFO,12/02/2025,09:18:01,49886.65,49884.3,300,49893.3,60,0,672750
BANKNIFTY-II.NFO,12/02/2025,09:18:03,49897.9,49884.35,120,49897.9,30,60,672750
BANKNIFTY-II.NFO,12/02/2025,09:18:04,49897.9,49883.9,300,49897.6,30,0,672750
BANKNIFTY-II.NFO,12/02/2025,09:18:06,49884.3,49883.8,300,49895.95,60,60,672750
BANKNIFTY-II.NFO,12/02/2025,09:18:08,49884.3,49881.5,300,49895.85,30,0,672750
BANKNIFTY-II.NFO,12/02/2025,09:18:09,49884.3,49881.55,120,49895.8,30,0,672750
BANKNIFTY-II.NFO,12/02/2025,09:18:11,49884.3,49885.85,120,49897.95,30,0,672750
BANKNIFTY-II.NFO,12/02/2025,09:18:13,49884.3,49888.15,120,49897.95,30,0,672750
BANKNIFTY-II.NFO,12/02/2025,09:18:15,49884.3,49887.05,120,49897.95,30,0,672750
BANKNIFTY-II.NFO,12/02/2025,09:18:16,49884.3,49889.95,120,49897.95,30,0,672750
BANKNIFTY-II.NFO,12/02/2025,09:18:18,49897.95,49892.5,120,49899,30,30,672750
BANKNIFTY-II.NFO,12/02/2025,09:18:20,49897.95,49894.15,120,49899,30,0,672750
BANKNIFTY-II.NFO,12/02/2025,09:18:21,49899,49898.05,120,49907.85,30,30,672750
BANKNIFTY-II.NFO,12/02/2025,09:18:23,49907.85,49907.35,300,49907.9,30,60,672750
BANKNIFTY-II.NFO,12/02/2025,09:18:25,49907.85,49906.85,300,49907.9,30,0,672750
BANKNIFTY-II.NFO,12/02/2025,09:18:28,49907.85,49907.85,30,49907.9,30,0,672750
BANKNIFTY-II.NFO,12/02/2025,09:18:30,49907.9,49907.9,120,49920,30,30,672750
BANKNIFTY-II.NFO,12/02/2025,09:18:31,49907.9,49907.9,120,49920,30,0,672750
BANKNIFTY-II.NFO,12/02/2025,09:18:33,49907.9,49907.85,30,49919.95,60,0,672750
BANKNIFTY-II.NFO,12/02/2025,09:18:35,49907.9,49907.85,30,49917.75,60,0,672750
BANKNIFTY-II.NFO,12/02/2025,09:18:36,49907.9,49907.85,30,49913.35,60,0,672750
BANKNIFTY-II.NFO,12/02/2025,09:18:38,49907.85,49899,300,49909.35,60,30,672750
BANKNIFTY-II.NFO,12/02/2025,09:18:40,49907.9,49898.95,300,49907.95,60,30,672750
BANKNIFTY-II.NFO,12/02/2025,09:18:41,49907.9,49897.1,300,49907.2,60,0,672750
BANKNIFTY-II.NFO,12/02/2025,09:18:43,49907.9,49895.75,300,49903.5,60,0,672750
BANKNIFTY-II.NFO,12/02/2025,09:18:44,49907.9,49888.55,300,49899.8,60,0,672750
BANKNIFTY-II.NFO,12/02/2025,09:18:46,49907.9,49885.35,300,49893.4,60,0,672750
BANKNIFTY-II.NFO,12/02/2025,09:18:48,49882.05,49882.05,270,49896.35,90,30,672750
BANKNIFTY-II.NFO,12/02/2025,09:18:49,49882.05,49881.45,300,49896.2,90,0,672750
BANKNIFTY-II.NFO,12/02/2025,09:18:51,49882.05,49880,30,49893.95,90,0,672750
BANKNIFTY-II.NFO,12/02/2025,09:18:53,49882.05,49880,30,49892.6,90,0,672750
BANKNIFTY-II.NFO,12/02/2025,09:18:54,49882.05,49880,30,49891.75,90,0,672750
BANKNIFTY-II.NFO,12/02/2025,09:18:56,49882.05,49880,30,49885.55,60,0,672750
BANKNIFTY-II.NFO,12/02/2025,09:18:58,49882.05,49880,30,49887.4,90,0,672750
BANKNIFTY-II.NFO,12/02/2025,09:19:00,49882.05,49880,60,49890.7,60,0,672750
BANKNIFTY-II.NFO,12/02/2025,09:19:01,49882.05,49880,60,49890.6,90,0,672750
BANKNIFTY-II.NFO,12/02/2025,09:19:03,49882.05,49880,60,49885.45,30,0,672750
BANKNIFTY-II.NFO,12/02/2025,09:19:05,49892.85,49880.25,120,49894,90,60,673140
BANKNIFTY-II.NFO,12/02/2025,09:19:06,49892.85,49881.6,120,49894,90,0,673140
BANKNIFTY-II.NFO,12/02/2025,09:19:08,49892.85,49888.95,120,49894,90,0,673140
BANKNIFTY-II.NFO,12/02/2025,09:19:10,49894,49892.3,120,49894,60,30,673140
BANKNIFTY-II.NFO,12/02/2025,09:19:11,49900,49894.25,120,49903,600,90,673140
BANKNIFTY-II.NFO,12/02/2025,09:19:13,49900,49895.1,120,49903,600,0,673140
BANKNIFTY-II.NFO,12/02/2025,09:19:15,49900,49892.05,120,49903,600,0,673140
BANKNIFTY-II.NFO,12/02/2025,09:19:16,49900,49892.35,120,49903,600,0,673140
BANKNIFTY-II.NFO,12/02/2025,09:19:18,49900,49890.1,120,49908.85,150,0,673140
BANKNIFTY-II.NFO,12/02/2025,09:19:20,49900,49894.05,120,49909,600,0,673140
BANKNIFTY-II.NFO,12/02/2025,09:19:21,49900,49898.55,120,49909,600,0,673140
BANKNIFTY-II.NFO,12/02/2025,09:19:23,49900,49901.8,120,49909,600,0,673140
BANKNIFTY-II.NFO,12/02/2025,09:19:25,49900,49902.15,30,49909,600,0,673140
BANKNIFTY-II.NFO,12/02/2025,09:19:26,49908.35,49890.45,120,49908.35,60,30,673140
BANKNIFTY-II.NFO,12/02/2025,09:19:28,49908.35,49890.65,120,49908.25,60,0,673140
BANKNIFTY-II.NFO,12/02/2025,09:19:29,49908.35,49890.7,30,49906.35,60,0,673140
BANKNIFTY-II.NFO,12/02/2025,09:19:31,49908.35,49888.9,120,49904.8,60,0,673140
BANKNIFTY-II.NFO,12/02/2025,09:19:33,49908.35,49889.1,120,49907.4,60,0,673140
BANKNIFTY-II.NFO,12/02/2025,09:19:34,49908.35,49889.95,30,49905.25,60,0,673140
BANKNIFTY-II.NFO,12/02/2025,09:19:36,49908.35,49889.1,120,49906,30,0,673140
BANKNIFTY-II.NFO,12/02/2025,09:19:38,49908.35,49891.4,120,49907.35,30,0,673140
BANKNIFTY-II.NFO,12/02/2025,09:19:39,49908.35,49891.45,30,49907.25,60,0,673140
BANKNIFTY-II.NFO,12/02/2025,09:19:41,49891.45,49891.4,30,49906.05,30,30,673140
BANKNIFTY-II.NFO,12/02/2025,09:19:43,49891.45,49891.45,30,49902.85,120,0,673140
BANKNIFTY-II.NFO,12/02/2025,09:19:44,49891.45,49888.85,30,49899.3,30,0,673140
BANKNIFTY-II.NFO,12/02/2025,09:19:46,49891.45,49888.85,30,49899.2,30,0,673140
BANKNIFTY-II.NFO,12/02/2025,09:19:48,49891.45,49889.4,120,49905.05,60,0,673140
BANKNIFTY-II.NFO,12/02/2025,09:19:49,49891.45,49888.85,30,49899.85,60,0,673140
BANKNIFTY-II.NFO,12/02/2025,09:19:51,49891.45,49888.85,30,49891.45,30,0,673140
BANKNIFTY-II.NFO,12/02/2025,09:19:53,49891.45,49888.85,30,49899.75,30,30,673140
BANKNIFTY-II.NFO,12/02/2025,09:19:54,49891.45,49888.85,30,49897.95,30,0,673140
BANKNIFTY-II.NFO,12/02/2025,09:19:56,49891.45,49888.85,30,49897.85,30,0,673140
BANKNIFTY-II.NFO,12/02/2025,09:19:58,49891.45,49888.85,30,49894,30,0,673140
BANKNIFTY-II.NFO,12/02/2025,09:19:59,49888.85,49880,90,49889.95,60,30,673140
BANKNIFTY-II.NFO,12/02/2025,09:20:01,49880,49880,60,49889.45,60,30,673140
BANKNIFTY-II.NFO,12/02/2025,09:20:03,49880,49880,30,49889.85,60,0,673140
BANKNIFTY-II.NFO,12/02/2025,09:20:04,49880,49880,30,49889.95,30,0,673140
BANKNIFTY-II.NFO,12/02/2025,09:20:06,49880,49880,30,49889.95,60,0,673140
BANKNIFTY-II.NFO,12/02/2025,09:20:07,49880,49880,30,49890,30,0,673140
BANKNIFTY-II.NFO,12/02/2025,09:20:09,49880.05,49880.55,120,49895.85,60,30,673140
BANKNIFTY-II.NFO,12/02/2025,09:20:11,49880.05,49880,30,49895.75,90,0,673140
BANKNIFTY-II.NFO,12/02/2025,09:20:12,49880.05,49881.4,120,49896.55,30,0,673140
BANKNIFTY-II.NFO,12/02/2025,09:20:14,49880.05,49882.25,150,49896.5,60,0,673140
BANKNIFTY-II.NFO,12/02/2025,09:20:16,49880.05,49880.05,120,49896.4,90,0,673140
BANKNIFTY-II.NFO,12/02/2025,09:20:17,49880.05,49880,30,49893.2,60,0,673140
BANKNIFTY-II.NFO,12/02/2025,09:20:19,49880.05,49880,30,49896.05,60,0,673140
BANKNIFTY-II.NFO,12/02/2025,09:20:21,49880.05,49880,30,49888.5,90,0,673140
BANKNIFTY-II.NFO,12/02/2025,09:20:22,49880.05,49880,30,49891.15,60,0,673140
BANKNIFTY-II.NFO,12/02/2025,09:20:24,49880.05,49880,30,49891.1,90,0,673140
BANKNIFTY-II.NFO,12/02/2025,09:20:25,49880.05,49880,30,49889.05,90,0,673140
BANKNIFTY-II.NFO,12/02/2025,09:20:27,49888.45,49880,30,49888.95,90,60,673140
BANKNIFTY-II.NFO,12/02/2025,09:20:29,49888.45,49880,30,49884.65,90,0,673140
BANKNIFTY-II.NFO,12/02/2025,09:20:30,49875,49875,30,49879.55,90,60,673140
BANKNIFTY-II.NFO,12/02/2025,09:20:32,49875,49875,30,49878.3,90,0,673140
BANKNIFTY-II.NFO,12/02/2025,09:20:34,49870,49861.2,30,49877.85,60,60,673140
BANKNIFTY-II.NFO,12/02/2025,09:20:35,49856.3,49856.4,120,49875.65,120,30,673140
BANKNIFTY-II.NFO,12/02/2025,09:20:37,49856.3,49844.1,30,49862.95,90,0,673140
BANKNIFTY-II.NFO,12/02/2025,09:20:39,49856.3,49845.85,120,49862.85,30,0,673140
BANKNIFTY-II.NFO,12/02/2025,09:20:40,49861.3,49860.2,120,49875.15,30,30,673140
BANKNIFTY-II.NFO,12/02/2025,09:20:42,49861.3,49862.8,120,49875.15,30,0,673140
BANKNIFTY-II.NFO,12/02/2025,09:20:44,49866.15,49862.8,30,49884.3,120,90,673140
BANKNIFTY-II.NFO,12/02/2025,09:20:45,49866.15,49862.6,30,49883.7,120,0,673140
BANKNIFTY-II.NFO,12/02/2025,09:20:47,49866.15,49867.3,30,49883.6,120,0,673140
BANKNIFTY-II.NFO,12/02/2025,09:20:49,49866.15,49869.5,30,49884.9,150,0,673140
BANKNIFTY-II.NFO,12/02/2025,09:20:50,49866.15,49873.3,30,49886.7,60,0,673140
BANKNIFTY-II.NFO,12/02/2025,09:20:52,49866.15,49878.3,30,49890,30,0,673140
BANKNIFTY-II.NFO,12/02/2025,09:20:54,49866.15,49880.6,30,49895.55,150,0,673140
BANKNIFTY-II.NFO,12/02/2025,09:20:55,49866.15,49873.3,30,49892.4,120,0,673140
BANKNIFTY-II.NFO,12/02/2025,09:20:57,49866.15,49867.5,30,49887.25,150,0,673140
BANKNIFTY-II.NFO,12/02/2025,09:20:59,49866.15,49872.55,30,49887.2,30,0,673140
BANKNIFTY-II.NFO,12/02/2025,09:21:00,49866.15,49873.65,30,49893.3,120,0,673140
BANKNIFTY-II.NFO,12/02/2025,09:21:02,49866.15,49876.7,30,49893.2,150,0,673140
BANKNIFTY-II.NFO,12/02/2025,09:21:04,49866.15,49881.15,30,49893.15,30,0,673140
BANKNIFTY-II.NFO,12/02/2025,09:21:05,49866.15,49885.65,30,49899.95,30,0,673140
BANKNIFTY-II.NFO,12/02/2025,09:21:07,49866.15,49888.7,30,49899.95,30,0,673140
BANKNIFTY-II.NFO,12/02/2025,09:21:09,49866.15,49891.75,30,49899.95,30,0,673140
BANKNIFTY-II.NFO,12/02/2025,09:21:11,49900,49892.9,30,49904.95,30,30,673140
BANKNIFTY-II.NFO,12/02/2025,09:21:12,49900,49894.6,30,49905,600,0,673140
BANKNIFTY-II.NFO,12/02/2025,09:21:14,49900,49896.25,90,49905,600,0,673140
BANKNIFTY-II.NFO,12/02/2025,09:21:15,49900,49894.65,30,49904.95,150,0,673140
BANKNIFTY-II.NFO,12/02/2025,09:21:17,49900,49887.3,30,49902.8,180,0,673140
BANKNIFTY-II.NFO,12/02/2025,09:21:19,49900,49888.7,30,49904.3,150,0,673140
BANKNIFTY-II.NFO,12/02/2025,09:21:20,49900,49893.85,30,49905,600,0,673140
BANKNIFTY-II.NFO,12/02/2025,09:21:22,49900,49894.2,30,49905,600,0,673140
BANKNIFTY-II.NFO,12/02/2025,09:21:24,49900,49890.6,30,49904.95,120,0,673140
BANKNIFTY-II.NFO,12/02/2025,09:21:25,49900,49890.75,30,49904.4,150,0,673140
BANKNIFTY-II.NFO,12/02/2025,09:21:27,49904.35,49890.95,30,49902.5,120,180,673140
BANKNIFTY-II.NFO,12/02/2025,09:21:29,49904.35,49891.15,30,49903.5,120,0,673140
BANKNIFTY-II.NFO,12/02/2025,09:21:30,49904.35,49891.3,30,49904.95,120,0,673140
BANKNIFTY-II.NFO,12/02/2025,09:21:32,49904.35,49891.45,30,49904.85,90,0,673140
BANKNIFTY-II.NFO,12/02/2025,09:21:34,49904.35,49893.9,30,49904.8,30,0,673140
BANKNIFTY-II.NFO,12/02/2025,09:21:35,49904.35,49894.8,90,49904.8,30,0,673140
BANKNIFTY-II.NFO,12/02/2025,09:21:37,49904.35,49899.75,90,49905,600,0,673140
BANKNIFTY-II.NFO,12/02/2025,09:21:39,49904.35,49902.4,90,49905,600,0,673140
BANKNIFTY-II.NFO,12/02/2025,09:21:40,49902.4,49902.9,60,49905,600,30,673140
BANKNIFTY-II.NFO,12/02/2025,09:21:42,49905,49902.2,60,49905,570,30,673140
BANKNIFTY-II.NFO,12/02/2025,09:21:44,49905,49898.4,60,49905,540,30,673140
BANKNIFTY-II.NFO,12/02/2025,09:21:45,49905,49898.45,30,49904.95,90,30,673140
BANKNIFTY-II.NFO,12/02/2025,09:21:47,49905,49898.6,30,49904.95,90,0,673140
BANKNIFTY-II.NFO,12/02/2025,09:21:49,49905,49891.1,30,49904.95,90,0,673140
BANKNIFTY-II.NFO,12/02/2025,09:21:50,49905,49891.3,30,49904.85,120,0,673140
BANKNIFTY-II.NFO,12/02/2025,09:21:52,49905,49876.9,60,49897.5,90,0,673140
BANKNIFTY-II.NFO,12/02/2025,09:21:53,49905,49871,30,49886.35,120,0,673140
BANKNIFTY-II.NFO,12/02/2025,09:21:55,49905,49871.4,30,49887.6,120,0,673140
BANKNIFTY-II.NFO,12/02/2025,09:21:57,49870,49850.5,120,49871.25,90,120,673260
BANKNIFTY-II.NFO,12/02/2025,09:21:58,49870,49850,30,49866.1,90,0,673260
BANKNIFTY-II.NFO,12/02/2025,09:22:00,49870,49850,30,49863.55,120,0,673260
BANKNIFTY-II.NFO,12/02/2025,09:22:02,49870,49850,30,49859.3,120,0,673260
BANKNIFTY-II.NFO,12/02/2025,09:22:03,49870,49850,30,49859.2,90,0,673260
BANKNIFTY-II.NFO,12/02/2025,09:22:05,49870,49850,30,49859.1,120,0,673260
BANKNIFTY-II.NFO,12/02/2025,09:22:07,49870,49850,30,49857.7,120,0,673260
BANKNIFTY-II.NFO,12/02/2025,09:22:08,49850,49833.55,30,49847.7,90,30,673260
BANKNIFTY-II.NFO,12/02/2025,09:22:10,49850,49830.05,30,49844.4,90,0,673260
BANKNIFTY-II.NFO,12/02/2025,09:22:12,49844.3,49830,30,49844.05,60,60,673260
BANKNIFTY-II.NFO,12/02/2025,09:22:13,49844.3,49830,30,49843.95,30,0,673260
BANKNIFTY-II.NFO,12/02/2025,09:22:15,49830,49829.3,60,49843.85,60,30,673260
BANKNIFTY-II.NFO,12/02/2025,09:22:17,49830,49818.05,120,49836.6,60,0,673260
BANKNIFTY-II.NFO,12/02/2025,09:22:18,49830,49820.1,120,49836.5,60,0,673260
BANKNIFTY-II.NFO,12/02/2025,09:22:20,49830,49817.9,120,49836.35,30,0,673260
BANKNIFTY-II.NFO,12/02/2025,09:22:22,49830,49820.55,120,49829.55,30,0,673260
BANKNIFTY-II.NFO,12/02/2025,09:22:23,49830,49820,60,49829.5,30,0,673260
BANKNIFTY-II.NFO,12/02/2025,09:22:25,49830,49817.9,60,49829.5,30,0,673260
BANKNIFTY-II.NFO,12/02/2025,09:22:27,49817.9,49821.3,120,49829.5,30,30,673260
BANKNIFTY-II.NFO,12/02/2025,09:22:28,49817.9,49821.8,30,49829.5,30,0,673260
BANKNIFTY-II.NFO,12/02/2025,09:22:30,49830,49827.2,120,49844.7,30,60,673260
BANKNIFTY-II.NFO,12/02/2025,09:22:32,49830,49825.95,120,49843.85,30,0,673260
BANKNIFTY-II.NFO,12/02/2025,09:22:33,49828.35,49833.05,120,49849.8,60,30,673260
BANKNIFTY-II.NFO,12/02/2025,09:22:35,49828.35,49835.2,120,49851.65,60,0,673260
BANKNIFTY-II.NFO,12/02/2025,09:22:37,49828.35,49837.35,120,49856.4,60,0,673260
BANKNIFTY-II.NFO,12/02/2025,09:22:38,49828.35,49841.7,120,49859.15,60,0,673260
BANKNIFTY-II.NFO,12/02/2025,09:22:40,49860.3,49842.7,120,49860.2,60,60,673260
BANKNIFTY-II.NFO,12/02/2025,09:22:42,49860.3,49845.1,120,49862.25,60,0,673260
BANKNIFTY-II.NFO,12/02/2025,09:22:43,49860.3,49844.25,120,49861.35,60,0,673260
BANKNIFTY-II.NFO,12/02/2025,09:22:45,49841.75,49836.3,120,49856.45,90,30,673260
BANKNIFTY-II.NFO,12/02/2025,09:22:47,49841.75,49831.8,120,49847.95,120,0,673260
BANKNIFTY-II.NFO,12/02/2025,09:22:48,49841.75,49833.9,120,49851.7,120,0,673260
BANKNIFTY-II.NFO,12/02/2025,09:22:50,49841.75,49834.8,120,49851.6,120,0,673260
BANKNIFTY-II.NFO,12/02/2025,09:22:52,49841.75,49840.65,120,49851.55,30,0,673260
BANKNIFTY-II.NFO,12/02/2025,09:22:53,49841.75,49843.45,120,49855.7,30,0,673260
BANKNIFTY-II.NFO,12/02/2025,09:22:55,49841.75,49835.6,120,49854.5,90,0,673260
BANKNIFTY-II.NFO,12/02/2025,09:22:57,49841.75,49835.2,120,49852.05,120,0,673260
BANKNIFTY-II.NFO,12/02/2025,09:22:58,49841.75,49835.3,30,49849.1,120,0,673260
BANKNIFTY-II.NFO,12/02/2025,09:23:02,49835.35,49841.15,30,49849.05,30,30,673260
BANKNIFTY-II.NFO,12/02/2025,09:23:03,49835.35,49838.65,30,49845.95,30,0,673260
BANKNIFTY-II.NFO,12/02/2025,09:23:05,49835.35,49836.8,120,49843.95,30,0,673260
BANKNIFTY-II.NFO,12/02/2025,09:23:07,49836.8,49837.45,90,49847.9,30,30,673260
BANKNIFTY-II.NFO,12/02/2025,09:23:08,49842.2,49840.75,90,49849.9,30,30,673260
BANKNIFTY-II.NFO,12/02/2025,09:23:10,49849.9,49839.45,90,49851.95,30,30,673260
BANKNIFTY-II.NFO,12/02/2025,09:23:12,49849.9,49842.95,90,49851.95,30,0,673260
BANKNIFTY-II.NFO,12/02/2025,09:23:13,49849.9,49839.65,30,49847.95,30,0,673260
BANKNIFTY-II.NFO,12/02/2025,09:23:15,49837.95,49829.05,30,49837.95,30,30,673260
BANKNIFTY-II.NFO,12/02/2025,09:23:17,49837.95,49823.45,30,49833.95,30,0,673260
BANKNIFTY-II.NFO,12/02/2025,09:23:18,49825.95,49816.2,30,49819.95,30,60,673260
BANKNIFTY-II.NFO,12/02/2025,09:23:20,49811.35,49811.35,120,49825.9,90,120,673260
BANKNIFTY-II.NFO,12/02/2025,09:23:22,49815.35,49817.5,120,49835.9,150,90,673260
BANKNIFTY-II.NFO,12/02/2025,09:23:23,49815.35,49816.35,120,49835.9,150,0,673260
BANKNIFTY-II.NFO,12/02/2025,09:23:25,49815.35,49817.25,120,49827.95,30,0,673260
BANKNIFTY-II.NFO,12/02/2025,09:23:27,49829.95,49818.95,120,49831.9,120,30,673260
BANKNIFTY-II.NFO,12/02/2025,09:23:28,49827.05,49836.55,30,49845.95,30,30,673260
BANKNIFTY-II.NFO,12/02/2025,09:23:30,49827.05,49830.15,90,49841.95,30,0,673260
BANKNIFTY-II.NFO,12/02/2025,09:23:32,49829.95,49818.8,30,49827.95,30,90,673260
BANKNIFTY-II.NFO,12/02/2025,09:23:33,49829.95,49823.6,30,49836.75,120,0,673260
BANKNIFTY-II.NFO,12/02/2025,09:23:35,49829.95,49820.25,30,49831.95,30,0,673260
BANKNIFTY-II.NFO,12/02/2025,09:23:37,49825.95,49821.85,30,49831.95,30,30,673260
BANKNIFTY-II.NFO,12/02/2025,09:23:38,49831.65,49818.5,30,49827.95,30,120,673260
BANKNIFTY-II.NFO,12/02/2025,09:23:40,49831.65,49817.3,30,49827.95,30,0,673260
BANKNIFTY-II.NFO,12/02/2025,09:23:42,49831.65,49823.5,30,49833.6,360,0,673260
BANKNIFTY-II.NFO,12/02/2025,09:23:43,49831.65,49821.55,30,49833.95,30,0,673260
BANKNIFTY-II.NFO,12/02/2025,09:23:45,49831.65,49823.35,120,49834.85,360,0,673260
BANKNIFTY-II.NFO,12/02/2025,09:23:47,49831.65,49826.55,30,49834.85,360,0,673260
BANKNIFTY-II.NFO,12/02/2025,09:23:48,49831.65,49821.4,30,49831.95,30,0,673260
BANKNIFTY-II.NFO,12/02/2025,09:23:50,49831.95,49821.5,30,49829.95,30,30,673260
BANKNIFTY-II.NFO,12/02/2025,09:23:52,49831.95,49817.8,30,49829.9,480,0,673260
BANKNIFTY-II.NFO,12/02/2025,09:23:53,49831.95,49817.8,30,49829.85,120,0,673260
BANKNIFTY-II.NFO,12/02/2025,09:23:55,49831.95,49813.35,120,49823.95,30,0,673260
BANKNIFTY-II.NFO,12/02/2025,09:23:57,49831.95,49816.4,30,49823.9,360,0,673260
BANKNIFTY-II.NFO,12/02/2025,09:23:58,49813.55,49815.85,120,49823.9,360,60,673260
BANKNIFTY-II.NFO,12/02/2025,09:24:00,49813.55,49811.65,120,49823.9,360,0,673260
BANKNIFTY-II.NFO,12/02/2025,09:24:02,49823.9,49815.2,150,49825.9,360,30,673260
BANKNIFTY-II.NFO,12/02/2025,09:24:03,49823.9,49811.85,30,49823.9,120,0,673260
BANKNIFTY-II.NFO,12/02/2025,09:24:05,49823.9,49812.9,120,49823.95,30,0,673260
BANKNIFTY-II.NFO,12/02/2025,09:24:07,49823.9,49817.65,120,49831.9,120,0,673260
BANKNIFTY-II.NFO,12/02/2025,09:24:08,49817.65,49818.5,90,49831.9,120,30,673260
BANKNIFTY-II.NFO,12/02/2025,09:24:10,49817.65,49818.1,90,49833.9,150,0,673260
BANKNIFTY-II.NFO,12/02/2025,09:24:12,49817.65,49816.4,90,49831.9,120,0,673260
BANKNIFTY-II.NFO,12/02/2025,09:24:13,49827.9,49814.05,120,49827.9,120,30,673260
BANKNIFTY-II.NFO,12/02/2025,09:24:15,49827.9,49813.25,30,49827.9,150,0,673260
BANKNIFTY-II.NFO,12/02/2025,09:24:17,49827.9,49810.1,120,49825.95,180,0,673260
BANKNIFTY-II.NFO,12/02/2025,09:24:18,49827.9,49805,30,49813.8,150,0,673260
BANKNIFTY-II.NFO,12/02/2025,09:24:20,49827.9,49805,30,49813.3,120,0,673260
BANKNIFTY-II.NFO,12/02/2025,09:24:22,49827.9,49805,30,49817.9,150,0,673260
BANKNIFTY-II.NFO,12/02/2025,09:24:23,49827.9,49805,30,49819.9,120,0,673260
BANKNIFTY-II.NFO,12/02/2025,09:24:25,49827.9,49805,30,49817.2,150,0,673260
BANKNIFTY-II.NFO,12/02/2025,09:24:27,49827.9,49805,30,49808.65,120,0,673260
BANKNIFTY-II.NFO,12/02/2025,09:24:28,49827.9,49805,30,49809.2,120,0,673260
BANKNIFTY-II.NFO,12/02/2025,09:24:30,49805,49800.05,60,49803.85,150,30,673260
BANKNIFTY-II.NFO,12/02/2025,09:24:32,49800,49780.55,60,49795.9,120,240,673260
BANKNIFTY-II.NFO,12/02/2025,09:24:33,49800,49786.25,120,49803.9,120,0,673260
BANKNIFTY-II.NFO,12/02/2025,09:24:35,49804.15,49788.1,30,49804.2,120,120,673260
BANKNIFTY-II.NFO,12/02/2025,09:24:37,49804.15,49796.05,30,49805.85,90,0,673260
BANKNIFTY-II.NFO,12/02/2025,09:24:38,49804.15,49796.05,30,49809.1,90,0,673260
BANKNIFTY-II.NFO,12/02/2025,09:24:40,49804.15,49796.05,30,49809.05,90,0,673260
BANKNIFTY-II.NFO,12/02/2025,09:24:42,49804.15,49794.05,30,49807.05,90,0,673260
BANKNIFTY-II.NFO,12/02/2025,09:24:43,49804.15,49794.05,30,49806,30,0,673260
BANKNIFTY-II.NFO,12/02/2025,09:24:45,49804.15,49783.35,60,49800.25,120,0,673260
BANKNIFTY-II.NFO,12/02/2025,09:24:47,49804.15,49780.05,60,49794.7,90,0,673260
BANKNIFTY-II.NFO,12/02/2025,09:24:48,49804.15,49784.15,60,49798.85,90,0,673260
BANKNIFTY-II.NFO,12/02/2025,09:24:50,49786.15,49784.15,30,49798.45,90,30,673230
BANKNIFTY-II.NFO,12/02/2025,09:24:52,49782.05,49782.05,30,49795.5,90,30,673230
BANKNIFTY-II.NFO,12/02/2025,09:24:53,49782.05,49786.05,30,49799.35,90,0,673230
BANKNIFTY-II.NFO,12/02/2025,09:24:55,49782.05,49784.05,30,49796.65,90,0,673230
BANKNIFTY-II.NFO,12/02/2025,09:24:57,49782.05,49780.05,30,49795.35,120,0,673230
BANKNIFTY-II.NFO,12/02/2025,09:24:58,49782.05,49782.1,120,49797.95,30,0,673230
BANKNIFTY-II.NFO,12/02/2025,09:25:00,49782.05,49782.05,30,49795.6,30,0,673230
BANKNIFTY-II.NFO,12/02/2025,09:25:02,49782.05,49774.7,120,49789.95,30,0,673230
BANKNIFTY-II.NFO,12/02/2025,09:25:03,49782.05,49777.65,120,49797.3,90,0,673230
BANKNIFTY-II.NFO,12/02/2025,09:25:05,49782.05,49776.6,150,49791.95,30,0,673230
BANKNIFTY-II.NFO,12/02/2025,09:25:07,49782.05,49770.2,150,49785.95,30,0,673230
BANKNIFTY-II.NFO,12/02/2025,09:25:08,49787.95,49771,150,49785.95,30,30,673230
BANKNIFTY-II.NFO,12/02/2025,09:25:10,49787.95,49771.4,120,49783.95,30,0,673230
BANKNIFTY-II.NFO,12/02/2025,09:25:12,49787.95,49770.7,120,49781.95,30,0,673230
BANKNIFTY-II.NFO,12/02/2025,09:25:13,49787.95,49774,150,49787.95,30,0,673230
BANKNIFTY-II.NFO,12/02/2025,09:25:15,49795.1,49773.05,150,49789.95,30,150,673230
BANKNIFTY-II.NFO,12/02/2025,09:25:17,49779.25,49778.2,150,49795.9,60,60,673230
BANKNIFTY-II.NFO,12/02/2025,09:25:18,49779.25,49783.95,150,49795.95,30,0,673230
BANKNIFTY-II.NFO,12/02/2025,09:25:20,49779.25,49784.5,150,49800,90,0,673230
BANKNIFTY-II.NFO,12/02/2025,09:25:22,49779.25,49794.95,120,49800,180,0,673230
BANKNIFTY-II.NFO,12/02/2025,09:25:23,49805,49801.1,150,49820.05,60,240,673230
BANKNIFTY-II.NFO,12/02/2025,09:25:25,49800.9,49808.8,60,49819.95,30,300,673230
BANKNIFTY-II.NFO,12/02/2025,09:25:27,49810.5,49805.2,150,49817.95,30,180,673230
BANKNIFTY-II.NFO,12/02/2025,09:25:28,49810.5,49805.5,30,49817.95,30,0,673230
BANKNIFTY-II.NFO,12/02/2025,09:25:30,49815.95,49803.55,150,49819.95,30,30,673230
BANKNIFTY-II.NFO,12/02/2025,09:25:32,49804.2,49804.45,270,49817.95,30,120,673230
BANKNIFTY-II.NFO,12/02/2025,09:25:33,49804.2,49804.75,300,49821.95,30,0,673230
BANKNIFTY-II.NFO,12/02/2025,09:25:35,49809.8,49808.75,60,49825.95,30,60,673230
BANKNIFTY-II.NFO,12/02/2025,09:25:37,49809.8,49811.1,60,49823.95,30,0,673230
BANKNIFTY-II.NFO,12/02/2025,09:25:39,49809.8,49816.25,240,49825.95,30,0,673230
BANKNIFTY-II.NFO,12/02/2025,09:25:40,49809.8,49815.6,30,49829.95,30,0,673230
BANKNIFTY-II.NFO,12/02/2025,09:25:42,49815.7,49813.45,30,49825.95,30,30,673230
BANKNIFTY-II.NFO,12/02/2025,09:25:44,49815.7,49813.45,30,49825.9,120,0,673230
BANKNIFTY-II.NFO,12/02/2025,09:25:45,49815.7,49813.45,30,49825.95,30,0,673230
BANKNIFTY-II.NFO,12/02/2025,09:25:47,49825.95,49817.8,30,49829.95,30,30,673230
BANKNIFTY-II.NFO,12/02/2025,09:25:49,49825.95,49819.4,60,49835.9,120,0,673230
BANKNIFTY-II.NFO,12/02/2025,09:25:50,49825.95,49819.85,240,49831.95,30,0,673230
BANKNIFTY-II.NFO,12/02/2025,09:25:52,49825.95,49820.25,270,49835.95,30,0,673230
BANKNIFTY-II.NFO,12/02/2025,09:25:54,49825.95,49824.1,270,49841.9,120,0,673230
BANKNIFTY-II.NFO,12/02/2025,09:25:55,49825.95,49814.9,30,49827.95,30,30,673230
BANKNIFTY-II.NFO,12/02/2025,09:25:57,49825.95,49815.8,30,49827.95,30,0,673230
BANKNIFTY-II.NFO,12/02/2025,09:25:59,49825.95,49815.8,30,49827.9,120,0,673230
BANKNIFTY-II.NFO,12/02/2025,09:26:00,49825.95,49815.8,30,49829.9,120,0,673230
BANKNIFTY-II.NFO,12/02/2025,09:26:02,49825.95,49808.75,30,49821.9,120,0,673230
BANKNIFTY-II.NFO,12/02/2025,09:26:04,49825.95,49800.4,90,49813.95,30,0,673230
BANKNIFTY-II.NFO,12/02/2025,09:26:05,49825.95,49800.85,30,49813.95,30,0,673230
BANKNIFTY-II.NFO,12/02/2025,09:26:07,49813.95,49801.4,30,49815.9,120,30,673230
BANKNIFTY-II.NFO,12/02/2025,09:26:09,49802.05,49801.55,30,49817.9,120,60,673230
BANKNIFTY-II.NFO,12/02/2025,09:26:10,49800,49800.05,30,49813.9,120,30,673230
BANKNIFTY-II.NFO,12/02/2025,09:26:12,49800,49800.15,60,49811.9,120,0,673230
BANKNIFTY-II.NFO,12/02/2025,09:26:14,49800,49800,240,49817.95,30,0,673230
BANKNIFTY-II.NFO,12/02/2025,09:26:15,49800,49806.05,60,49823.9,120,0,673230
BANKNIFTY-II.NFO,12/02/2025,09:26:17,49800,49808.05,60,49824.95,120,0,673230
BANKNIFTY-II.NFO,12/02/2025,09:26:19,49824.95,49803,90,49819.9,120,60,673230
BANKNIFTY-II.NFO,12/02/2025,09:26:20,49824.95,49803.1,60,49817.9,120,0,673230
BANKNIFTY-II.NFO,12/02/2025,09:26:22,49824.95,49801.65,90,49817.9,120,0,673230
BANKNIFTY-II.NFO,12/02/2025,09:26:23,49824.95,49804.4,60,49819.9,120,0,673230
BANKNIFTY-II.NFO,12/02/2025,09:26:25,49824.95,49801,30,49813.9,120,0,673230
BANKNIFTY-II.NFO,12/02/2025,09:26:27,49801.05,49801.05,30,49817.6,120,30,673230
BANKNIFTY-II.NFO,12/02/2025,09:26:28,49801.05,49801,30,49817.9,120,0,673230
BANKNIFTY-II.NFO,12/02/2025,09:26:30,49801.05,49801.05,60,49817.9,120,0,673230
BANKNIFTY-II.NFO,12/02/2025,09:26:32,49801.05,49806.1,30,49820,90,0,673230
BANKNIFTY-II.NFO,12/02/2025,09:26:33,49801.05,49802.1,60,49819.95,150,0,673230
BANKNIFTY-II.NFO,12/02/2025,09:26:35,49801.05,49801.05,30,49815.9,120,0,673230
BANKNIFTY-II.NFO,12/02/2025,09:26:36,49801.05,49800.4,30,49817.9,120,0,673230
BANKNIFTY-II.NFO,12/02/2025,09:26:38,49801.05,49802.1,60,49817.95,120,0,673230
BANKNIFTY-II.NFO,12/02/2025,09:26:40,49801.05,49801.4,60,49815.95,30,0,673230
BANKNIFTY-II.NFO,12/02/2025,09:26:41,49801.05,49803.2,30,49817.9,120,0,673230
BANKNIFTY-II.NFO,12/02/2025,09:26:43,49802.45,49802.1,90,49817.9,150,90,673230
BANKNIFTY-II.NFO,12/02/2025,09:26:45,49802.45,49801.15,90,49817.9,150,0,673230
BANKNIFTY-II.NFO,12/02/2025,09:26:46,49802.45,49801.05,120,49815,90,0,673230
BANKNIFTY-II.NFO,12/02/2025,09:26:48,49802.45,49801.1,90,49815,90,0,673230
BANKNIFTY-II.NFO,12/02/2025,09:26:50,49815,49802.1,60,49815,30,60,673230
BANKNIFTY-II.NFO,12/02/2025,09:26:51,49815,49802.15,30,49815,30,0,673230
BANKNIFTY-II.NFO,12/02/2025,09:26:53,49815,49808.05,60,49815,30,0,673230
BANKNIFTY-II.NFO,12/02/2025,09:26:55,49815,49804.05,60,49815,30,0,673230
BANKNIFTY-II.NFO,12/02/2025,09:26:56,49815,49802.5,30,49814.95,120,0,673230
BANKNIFTY-II.NFO,12/02/2025,09:26:58,49814.95,49802.45,30,49812.15,120,30,673230
BANKNIFTY-II.NFO,12/02/2025,09:26:59,49814.95,49802.45,30,49812.5,150,0,673230
BANKNIFTY-II.NFO,12/02/2025,09:27:01,49814.95,49802.45,30,49808.25,150,0,673230
BANKNIFTY-II.NFO,12/02/2025,09:27:03,49814.95,49802.45,30,49806.35,120,0,673230
BANKNIFTY-II.NFO,12/02/2025,09:27:04,49814.95,49802.45,30,49805.15,120,0,673230
BANKNIFTY-II.NFO,12/02/2025,09:27:06,49814.95,49802.45,30,49805.2,120,0,673230
BANKNIFTY-II.NFO,12/02/2025,09:27:08,49814.95,49802.45,30,49811.65,120,0,673230
BANKNIFTY-II.NFO,12/02/2025,09:27:09,49810,49802.45,30,49807.75,120,30,673230
BANKNIFTY-II.NFO,12/02/2025,09:27:11,49802.45,49801.05,90,49802.9,120,30,673230
BANKNIFTY-II.NFO,12/02/2025,09:27:12,49802.45,49801.05,90,49814.95,120,0,673230
BANKNIFTY-II.NFO,12/02/2025,09:27:14,49802.45,49801.05,90,49812.55,120,0,673230
BANKNIFTY-II.NFO,12/02/2025,09:27:16,49813.9,49810,30,49814.95,120,30,673230
BANKNIFTY-II.NFO,12/02/2025,09:27:17,49810,49804.75,90,49815,30,30,673230
BANKNIFTY-II.NFO,12/02/2025,09:27:19,49810,49806.4,90,49815,30,0,673230
BANKNIFTY-II.NFO,12/02/2025,09:27:22,49815,49805.35,90,49823.9,150,30,673230
BANKNIFTY-II.NFO,12/02/2025,09:27:24,49815,49811.6,90,49825,30,0,673230
BANKNIFTY-II.NFO,12/02/2025,09:27:26,49815,49815.7,90,49825,30,0,673230
BANKNIFTY-II.NFO,12/02/2025,09:27:27,49815,49810.45,120,49825,30,0,673230
BANKNIFTY-II.NFO,12/02/2025,09:27:29,49815,49808.2,90,49822.3,120,0,673230
BANKNIFTY-II.NFO,12/02/2025,09:27:31,49815,49808.15,30,49819,120,0,673230
BANKNIFTY-II.NFO,12/02/2025,09:27:32,49804.1,49804.05,30,49818.85,120,30,673230
BANKNIFTY-II.NFO,12/02/2025,09:27:34,49804.1,49806.2,60,49823.9,120,0,673230
BANKNIFTY-II.NFO,12/02/2025,09:27:36,49804.1,49810.1,90,49824.45,60,0,673230
BANKNIFTY-II.NFO,12/02/2025,09:27:37,49804.1,49805.75,60,49821.9,120,0,673230
BANKNIFTY-II.NFO,12/02/2025,09:27:39,49804.1,49807.9,60,49822.55,60,0,673230
BANKNIFTY-II.NFO,12/02/2025,09:27:41,49821.95,49813.75,60,49825,30,30,673230
BANKNIFTY-II.NFO,12/02/2025,09:27:42,49821.95,49812.5,60,49825,30,0,673230
BANKNIFTY-II.NFO,12/02/2025,09:27:44,49821.95,49812.6,60,49825,30,0,673230
BANKNIFTY-II.NFO,12/02/2025,09:27:46,49821.95,49814.5,60,49825,30,0,673230
BANKNIFTY-II.NFO,12/02/2025,09:27:47,49821.95,49814.6,60,49825,30,0,673230
BANKNIFTY-II.NFO,12/02/2025,09:27:49,49821.95,49818.1,90,49825,30,0,673230
BANKNIFTY-II.NFO,12/02/2025,09:27:51,49821.95,49817.55,60,49825,30,0,673230
BANKNIFTY-II.NFO,12/02/2025,09:27:52,49825,49830.05,30,49840.7,120,30,674160
BANKNIFTY-II.NFO,12/02/2025,09:27:54,49825,49830.05,30,49841.05,120,0,674160
BANKNIFTY-II.NFO,12/02/2025,09:27:56,49825,49832.05,30,49839.95,120,0,674160
BANKNIFTY-II.NFO,12/02/2025,09:27:57,49825,49826.05,30,49839.45,120,0,674160
BANKNIFTY-II.NFO,12/02/2025,09:27:59,49825,49824.05,30,49836.8,120,0,674160
BANKNIFTY-II.NFO,12/02/2025,09:28:01,49836.05,49828.05,30,49838.2,120,30,674160
BANKNIFTY-II.NFO,12/02/2025,09:28:02,49836.05,49826.05,30,49838.6,120,0,674160
BANKNIFTY-II.NFO,12/02/2025,09:28:04,49836.05,49824.3,120,49839.1,120,0,674160
BANKNIFTY-II.NFO,12/02/2025,09:28:06,49836.05,49822.1,120,49837.55,120,0,674160
BANKNIFTY-II.NFO,12/02/2025,09:28:07,49836.05,49822.1,120,49836.4,120,0,674160
BANKNIFTY-II.NFO,12/02/2025,09:28:09,49836,49817.35,30,49831.5,120,60,674160
BANKNIFTY-II.NFO,12/02/2025,09:28:11,49825,49812.9,90,49826.85,120,30,674160
BANKNIFTY-II.NFO,12/02/2025,09:28:12,49825,49812.05,30,49823.8,120,0,674160
BANKNIFTY-II.NFO,12/02/2025,09:28:14,49825,49806.35,90,49822.15,120,0,674160
BANKNIFTY-II.NFO,12/02/2025,09:28:16,49825,49812.1,90,49825.65,120,0,674160
BANKNIFTY-II.NFO,12/02/2025,09:28:17,49825,49808.65,90,49822.75,120,0,674160
BANKNIFTY-II.NFO,12/02/2025,09:28:19,49825,49822.05,30,49832.1,120,0,674160
BANKNIFTY-II.NFO,12/02/2025,09:28:21,49832.2,49818.1,90,49835.2,120,30,674160
BANKNIFTY-II.NFO,12/02/2025,09:28:22,49832.2,49824.35,90,49836,60,0,674160
BANKNIFTY-II.NFO,12/02/2025,09:28:24,49822.8,49822,60,49836,60,30,674160
BANKNIFTY-II.NFO,12/02/2025,09:28:26,49822.8,49823.9,30,49836,60,0,674160
BANKNIFTY-II.NFO,12/02/2025,09:28:27,49822.8,49824.1,60,49836,60,0,674160
BANKNIFTY-II.NFO,12/02/2025,09:28:31,49822.8,49822.85,60,49836,60,0,674160
BANKNIFTY-II.NFO,12/02/2025,09:28:32,49822.8,49822.8,60,49835.25,120,0,674160
BANKNIFTY-II.NFO,12/02/2025,09:28:34,49822.8,49822.8,60,49835.85,120,0,674160
BANKNIFTY-II.NFO,12/02/2025,09:28:36,49822.8,49822.8,60,49834.4,120,0,674160
BANKNIFTY-II.NFO,12/02/2025,09:28:37,49822.8,49822.8,60,49830,120,0,674160
BANKNIFTY-II.NFO,12/02/2025,09:28:39,49822.8,49806.6,60,49821.35,150,60,674160
BANKNIFTY-II.NFO,12/02/2025,09:28:41,49822.8,49801.95,60,49815.95,120,0,674160
BANKNIFTY-II.NFO,12/02/2025,09:28:42,49822.8,49807.2,30,49817.25,120,0,674160
BANKNIFTY-II.NFO,12/02/2025,09:28:44,49822.8,49807.85,30,49818.6,120,0,674160
BANKNIFTY-II.NFO,12/02/2025,09:28:46,49822.8,49806.4,30,49818.65,120,0,674160
BANKNIFTY-II.NFO,12/02/2025,09:28:47,49822.8,49807.85,30,49818.35,120,0,674160
BANKNIFTY-II.NFO,12/02/2025,09:28:49,49822.8,49808.6,30,49816.5,120,0,674160
BANKNIFTY-II.NFO,12/02/2025,09:28:51,49822.8,49808.05,30,49819.65,120,0,674160
BANKNIFTY-II.NFO,12/02/2025,09:28:52,49822.8,49807.3,30,49819.15,120,0,674160
BANKNIFTY-II.NFO,12/02/2025,09:28:54,49822.8,49806.75,30,49817.55,120,0,674160
BANKNIFTY-II.NFO,12/02/2025,09:28:56,49822.8,49801.05,60,49809.45,120,0,674160
BANKNIFTY-II.NFO,12/02/2025,09:28:57,49800,49788.5,30,49798.7,120,180,674160
BANKNIFTY-II.NFO,12/02/2025,09:28:59,49800,49787.25,60,49791.05,120,0,674160
BANKNIFTY-II.NFO,12/02/2025,09:29:01,49785,49781,30,49785,120,150,674160
BANKNIFTY-II.NFO,12/02/2025,09:29:02,49785,49781,30,49786.7,120,0,674160
BANKNIFTY-II.NFO,12/02/2025,09:29:04,49785,49781,30,49783.1,120,0,674160
BANKNIFTY-II.NFO,12/02/2025,09:29:06,49781,49775,60,49781.5,120,30,674160
BANKNIFTY-II.NFO,12/02/2025,09:29:07,49770,49770,60,49782.1,120,90,674160
BANKNIFTY-II.NFO,12/02/2025,09:29:09,49783.35,49771,30,49783.35,90,90,674160
BANKNIFTY-II.NFO,12/02/2025,09:29:11,49771,49770,60,49780.9,90,30,674160
BANKNIFTY-II.NFO,12/02/2025,09:29:12,49771,49770.8,150,49786.2,90,0,674160
BANKNIFTY-II.NFO,12/02/2025,09:29:14,49771,49777.55,120,49792.55,120,0,674160
BANKNIFTY-II.NFO,12/02/2025,09:29:16,49776.85,49775.3,120,49790.2,180,30,674160
BANKNIFTY-II.NFO,12/02/2025,09:29:17,49776.85,49770,60,49781.4,90,0,674160
BANKNIFTY-II.NFO,12/02/2025,09:29:19,49776.85,49770.2,120,49783.25,60,0,674160
BANKNIFTY-II.NFO,12/02/2025,09:29:21,49776.85,49770.05,150,49783.2,90,0,674160
BANKNIFTY-II.NFO,12/02/2025,09:29:22,49776.85,49770.05,30,49783.25,90,0,674160
BANKNIFTY-II.NFO,12/02/2025,09:29:24,49781.3,49774.55,30,49787.3,90,30,674160
BANKNIFTY-II.NFO,12/02/2025,09:29:26,49781.3,49774.05,30,49784.75,30,0,674160
BANKNIFTY-II.NFO,12/02/2025,09:29:27,49781.3,49772.05,30,49782.5,30,0,674160
BANKNIFTY-II.NFO,12/02/2025,09:29:29,49781.3,49772.35,120,49785.15,30,0,674160
BANKNIFTY-II.NFO,12/02/2025,09:29:31,49781.3,49770,60,49781.6,90,0,674160
BANKNIFTY-II.NFO,12/02/2025,09:29:32,49770,49770,30,49777.55,30,30,674160
BANKNIFTY-II.NFO,12/02/2025,09:29:34,49762.8,49767.85,30,49780.8,60,510,674160
BANKNIFTY-II.NFO,12/02/2025,09:29:36,49762.8,49766.1,30,49780.2,60,0,674160
BANKNIFTY-II.NFO,12/02/2025,09:29:37,49762.8,49774.05,30,49780.75,30,0,674160
BANKNIFTY-II.NFO,12/02/2025,09:29:39,49762.8,49772.85,30,49783.5,30,0,674160
BANKNIFTY-II.NFO,12/02/2025,09:29:41,49762.8,49772.1,30,49786.6,60,0,674160
BANKNIFTY-II.NFO,12/02/2025,09:29:42,49762.8,49771.15,30,49774.05,30,0,674160
BANKNIFTY-II.NFO,12/02/2025,09:29:44,49786.35,49768.1,30,49782.15,60,90,674160
BANKNIFTY-II.NFO,12/02/2025,09:29:46,49786.35,49762.1,30,49779.8,120,0,674160
BANKNIFTY-II.NFO,12/02/2025,09:29:47,49786.35,49764.7,30,49776.6,120,0,674160
BANKNIFTY-II.NFO,12/02/2025,09:29:49,49786.35,49761,30,49770.2,120,0,674160
BANKNIFTY-II.NFO,12/02/2025,09:29:51,49786.35,49761,30,49773.2,120,0,674160
BANKNIFTY-II.NFO,12/02/2025,09:29:52,49786.35,49761,30,49770.15,30,0,674160
BANKNIFTY-II.NFO,12/02/2025,09:29:54,49786.35,49761,30,49770.3,30,0,674160
BANKNIFTY-II.NFO,12/02/2025,09:29:56,49786.35,49761,30,49770.3,120,0,674160
BANKNIFTY-II.NFO,12/02/2025,09:29:58,49786.35,49761,30,49771.4,30,0,674160
BANKNIFTY-II.NFO,12/02/2025,09:29:59,49786.35,49760,180,49763.6,120,0,674160
BANKNIFTY-II.NFO,12/02/2025,09:30:01,49786.35,49760,180,49762.5,30,0,674160
BANKNIFTY-II.NFO,12/02/2025,09:30:03,49760,49760,90,49764.9,30,90,674160
BANKNIFTY-II.NFO,12/02/2025,09:30:04,49760,49760,60,49767.15,30,30,674160
BANKNIFTY-II.NFO,12/02/2025,09:30:06,49760,49760,30,49771.7,30,30,674160
BANKNIFTY-II.NFO,12/02/2025,09:30:08,49773.7,49764.1,30,49777.75,120,30,674160
BANKNIFTY-II.NFO,12/02/2025,09:30:09,49762.05,49760.05,30,49772.55,120,60,674160
BANKNIFTY-II.NFO,12/02/2025,09:30:11,49762.05,49760,60,49762.8,120,0,674160
BANKNIFTY-II.NFO,12/02/2025,09:30:13,49760,49752.05,30,49760.4,120,60,674160
BANKNIFTY-II.NFO,12/02/2025,09:30:14,49760,49752,30,49760.25,120,0,674160
BANKNIFTY-II.NFO,12/02/2025,09:30:16,49752,49751,30,49761.2,120,30,674160
BANKNIFTY-II.NFO,12/02/2025,09:30:18,49752,49751,30,49760.3,30,0,674160
BANKNIFTY-II.NFO,12/02/2025,09:30:19,49752,49752.05,30,49764.95,120,0,674160
BANKNIFTY-II.NFO,12/02/2025,09:30:21,49752,49751,30,49763.05,120,0,674160
BANKNIFTY-II.NFO,12/02/2025,09:30:23,49752,49756.1,30,49765,60,0,674160
BANKNIFTY-II.NFO,12/02/2025,09:30:24,49760.5,49760.5,90,49765,60,60,674160
BANKNIFTY-II.NFO,12/02/2025,09:30:26,49768.05,49766.05,30,49779.3,150,120,674160
BANKNIFTY-II.NFO,12/02/2025,09:30:28,49768.05,49766.05,30,49778,120,0,674160
BANKNIFTY-II.NFO,12/02/2025,09:30:29,49768.05,49752.05,60,49770.25,150,0,674160
BANKNIFTY-II.NFO,12/02/2025,09:30:31,49768.05,49752.3,90,49767.7,60,0,674160
BANKNIFTY-II.NFO,12/02/2025,09:30:33,49768.05,49751,30,49759.2,60,0,674160
BANKNIFTY-II.NFO,12/02/2025,09:30:34,49768.05,49751,30,49761.35,60,0,674160
BANKNIFTY-II.NFO,12/02/2025,09:30:36,49768.05,49752,30,49758.7,60,0,674160
BANKNIFTY-II.NFO,12/02/2025,09:30:38,49752,49751,30,49759.15,30,30,674160
BANKNIFTY-II.NFO,12/02/2025,09:30:39,49752,49751,30,49755.6,60,0,674160
BANKNIFTY-II.NFO,12/02/2025,09:30:41,49752,49751,30,49758.25,60,0,674160
BANKNIFTY-II.NFO,12/02/2025,09:30:43,49752,49751,30,49759.1,60,0,674160
BANKNIFTY-II.NFO,12/02/2025,09:30:44,49752,49751,30,49758.1,60,0,674160
BANKNIFTY-II.NFO,12/02/2025,09:30:46,49752,49751,30,49755.4,60,0,674160
BANKNIFTY-II.NFO,12/02/2025,09:30:48,49752,49751,30,49755.95,60,0,674160
BANKNIFTY-II.NFO,12/02/2025,09:30:49,49752,49751,30,49752.35,60,0,674160
BANKNIFTY-II.NFO,12/02/2025,09:30:51,49752,49751,30,49759.05,60,0,674160
BANKNIFTY-II.NFO,12/02/2025,09:30:53,49752,49752.05,30,49760.95,60,0,674160
BANKNIFTY-II.NFO,12/02/2025,09:30:54,49752,49751,30,49759.2,60,0,674160
BANKNIFTY-II.NFO,12/02/2025,09:30:56,49752,49751,30,49757.8,60,0,674160
BANKNIFTY-II.NFO,12/02/2025,09:30:58,49752,49751,30,49756.7,30,0,674160
BANKNIFTY-II.NFO,12/02/2025,09:30:59,49750,49735,90,49745.45,30,420,674160
BANKNIFTY-II.NFO,12/02/2025,09:30:59,49750,49735,90,49745.45,30,0,674160
BANKNIFTY-II.NFO,12/02/2025,09:31:01,49750,49735,90,49743.65,60,0,673650
BANKNIFTY-II.NFO,12/02/2025,09:31:03,49750,49735,90,49744.6,60,0,673650
BANKNIFTY-II.NFO,12/02/2025,09:31:04,49750,49736.05,30,49746.8,60,0,673650
BANKNIFTY-II.NFO,12/02/2025,09:31:06,49750,49735,90,49744.25,120,0,673650
BANKNIFTY-II.NFO,12/02/2025,09:31:08,49735,49735,60,49740,90,30,673650
BANKNIFTY-II.NFO,12/02/2025,09:31:08,49735,49735,60,49740,90,0,673650
BANKNIFTY-II.NFO,12/02/2025,09:31:09,49735,49735,60,49740,90,0,673650
BANKNIFTY-II.NFO,12/02/2025,09:31:11,49735,49735,30,49740,90,30,673650
BANKNIFTY-II.NFO,12/02/2025,09:31:13,49735,49735,30,49738.2,60,0,673650
BANKNIFTY-II.NFO,12/02/2025,09:31:14,49735,49735,30,49739.95,60,0,673650
BANKNIFTY-II.NFO,12/02/2025,09:31:16,49732.05,49730,30,49735.15,60,60,673650
BANKNIFTY-II.NFO,12/02/2025,09:31:16,49732.05,49730,30,49735.15,60,0,673650
BANKNIFTY-II.NFO,12/02/2025,09:31:18,49732.05,49730,30,49733.85,60,0,673650
BANKNIFTY-II.NFO,12/02/2025,09:31:19,49730,49727.7,30,49732.3,60,60,673650
BANKNIFTY-II.NFO,12/02/2025,09:31:19,49730,49727.7,30,49732.3,60,0,673650
BANKNIFTY-II.NFO,12/02/2025,09:31:21,49730,49724.05,30,49731.05,30,0,673650
BANKNIFTY-II.NFO,12/02/2025,09:31:23,49730,49717.1,30,49728.85,30,0,673650
BANKNIFTY-II.NFO,12/02/2025,09:31:24,49730,49720.75,60,49732,30,0,673650
BANKNIFTY-II.NFO,12/02/2025,09:31:26,49722.4,49717.65,30,49728.05,30,30,673650
BANKNIFTY-II.NFO,12/02/2025,09:31:26,49722.4,49717.65,30,49728.05,30,0,673650
BANKNIFTY-II.NFO,12/02/2025,09:31:28,49726.8,49716.05,30,49726.45,30,30,673650
BANKNIFTY-II.NFO,12/02/2025,09:31:29,49724.05,49716,30,49720.8,30,30,673650
BANKNIFTY-II.NFO,12/02/2025,09:31:31,49724.05,49710,30,49720.05,30,0,673650
BANKNIFTY-II.NFO,12/02/2025,09:31:33,49724.05,49710,30,49718.15,30,0,673650
BANKNIFTY-II.NFO,12/02/2025,09:31:34,49724.05,49710.1,30,49715.5,30,0,673650
BANKNIFTY-II.NFO,12/02/2025,09:31:36,49705,49705,30,49707.6,30,60,673650
BANKNIFTY-II.NFO,12/02/2025,09:31:36,49705,49705,30,49707.6,30,0,673650
BANKNIFTY-II.NFO,12/02/2025,09:31:38,49705,49703,30,49710.45,30,30,673650
BANKNIFTY-II.NFO,12/02/2025,09:31:39,49705,49703,30,49703.85,30,0,673650
BANKNIFTY-II.NFO,12/02/2025,09:31:41,49700,49690.05,30,49699.35,120,540,673650
BANKNIFTY-II.NFO,12/02/2025,09:31:41,49700,49690.05,30,49699.35,120,0,673650
BANKNIFTY-II.NFO,12/02/2025,09:31:43,49698.95,49690.05,30,49698.75,120,60,673650
BANKNIFTY-II.NFO,12/02/2025,09:31:43,49698.95,49690.05,30,49698.75,120,0,673650
BANKNIFTY-II.NFO,12/02/2025,09:31:44,49698.95,49694.35,30,49695.55,30,0,673650
BANKNIFTY-II.NFO,12/02/2025,09:31:46,49698.95,49694.35,30,49699,30,0,673650
BANKNIFTY-II.NFO,12/02/2025,09:31:48,49694.35,49688,30,49695.15,120,30,673650
BANKNIFTY-II.NFO,12/02/2025,09:31:48,49694.35,49688,30,49695.15,120,0,673650
BANKNIFTY-II.NFO,12/02/2025,09:31:49,49688,49682.05,30,49689.95,30,30,673650
BANKNIFTY-II.NFO,12/02/2025,09:31:49,49688,49682.05,30,49689.95,30,0,673650
BANKNIFTY-II.NFO,12/02/2025,09:31:51,49688,49680.05,60,49688,30,0,673650
BANKNIFTY-II.NFO,12/02/2025,09:31:53,49688,49681.05,90,49688,30,0,673650
BANKNIFTY-II.NFO,12/02/2025,09:31:54,49679.55,49678.4,60,49688,30,330,673650
BANKNIFTY-II.NFO,12/02/2025,09:31:54,49679.55,49678.4,60,49688,30,0,673650
BANKNIFTY-II.NFO,12/02/2025,09:31:56,49688,49680,30,49688.1,150,60,673650
BANKNIFTY-II.NFO,12/02/2025,09:31:56,49678.4,49680,30,49688.1,150,0,673650
BANKNIFTY-II.NFO,12/02/2025,09:31:58,49680,49670.05,30,49683.85,60,30,673650
BANKNIFTY-II.NFO,12/02/2025,09:31:59,49680,49672.05,30,49686.9,60,0,673650
BANKNIFTY-II.NFO,12/02/2025,09:32:01,49680,49668.3,30,49681.65,60,0,673650
BANKNIFTY-II.NFO,12/02/2025,09:32:03,49680,49680,30,49688,30,0,673650
BANKNIFTY-II.NFO,12/02/2025,09:32:04,49680,49677.3,60,49688,30,30,673650
BANKNIFTY-II.NFO,12/02/2025,09:32:06,49680,49675.4,30,49680,930,0,673650
BANKNIFTY-II.NFO,12/02/2025,09:32:08,49679.55,49675.8,30,49688,30,960,673650
BANKNIFTY-II.NFO,12/02/2025,09:32:09,49679.55,49672.1,30,49685.95,60,0,673650
BANKNIFTY-II.NFO,12/02/2025,09:32:11,49679.55,49672.1,30,49685.2,30,0,673650
BANKNIFTY-II.NFO,12/02/2025,09:32:13,49679.55,49672.1,30,49683.95,30,0,673650
BANKNIFTY-II.NFO,12/02/2025,09:32:14,49679.55,49679.55,30,49687.95,30,0,673650
BANKNIFTY-II.NFO,12/02/2025,09:32:16,49679.55,49679.55,30,49687.95,60,0,673650
BANKNIFTY-II.NFO,12/02/2025,09:32:18,49679.55,49672.1,30,49681.9,120,30,673650
BANKNIFTY-II.NFO,12/02/2025,09:32:19,49679.55,49666.1,30,49675.95,30,0,673650
BANKNIFTY-II.NFO,12/02/2025,09:32:21,49679.55,49661.15,30,49673.9,60,0,673650
BANKNIFTY-II.NFO,12/02/2025,09:32:23,49679.55,49662.95,30,49675.95,30,0,673650
BANKNIFTY-II.NFO,12/02/2025,09:32:24,49663.25,49664.8,30,49675.95,30,150,673650
BANKNIFTY-II.NFO,12/02/2025,09:32:24,49663.25,49664.8,30,49675.95,30,0,673650
BANKNIFTY-II.NFO,12/02/2025,09:32:26,49663.25,49667.4,30,49679.9,60,0,673650
BANKNIFTY-II.NFO,12/02/2025,09:32:28,49663.25,49665.95,30,49675.85,30,0,673650
BANKNIFTY-II.NFO,12/02/2025,09:32:33,49663.25,49666.8,30,49675.85,30,0,673650
BANKNIFTY-II.NFO,12/02/2025,09:32:34,49663.25,49665.2,30,49673.95,30,0,673650
BANKNIFTY-II.NFO,12/02/2025,09:32:36,49663.25,49660.1,30,49673.85,60,0,673650
BANKNIFTY-II.NFO,12/02/2025,09:32:38,49663.25,49665.4,30,49675.85,30,0,673650
BANKNIFTY-II.NFO,12/02/2025,09:32:39,49663.25,49665.1,30,49675.15,60,0,673650
BANKNIFTY-II.NFO,12/02/2025,09:32:41,49668.1,49652.05,30,49665.6,60,60,673650
BANKNIFTY-II.NFO,12/02/2025,09:32:43,49665.9,49651.9,60,49667.6,60,30,673650
BANKNIFTY-II.NFO,12/02/2025,09:32:44,49665.9,49651.05,60,49665.55,60,0,673650
BANKNIFTY-II.NFO,12/02/2025,09:32:46,49665.9,49652.5,60,49667.3,60,0,673650
BANKNIFTY-II.NFO,12/02/2025,09:32:48,49665.9,49654.95,150,49669.55,60,0,673650
BANKNIFTY-II.NFO,12/02/2025,09:32:49,49665.9,49660,30,49670.1,120,0,673650
BANKNIFTY-II.NFO,12/02/2025,09:32:51,49665.9,49665.9,30,49671.8,120,0,673650
BANKNIFTY-II.NFO,12/02/2025,09:32:53,49665.9,49665.9,30,49674.7,120,0,673650
BANKNIFTY-II.NFO,12/02/2025,09:32:54,49683.8,49675,60,49681.25,60,90,673650
BANKNIFTY-II.NFO,12/02/2025,09:32:56,49683.8,49675,60,49678.1,120,0,673650
BANKNIFTY-II.NFO,12/02/2025,09:32:58,49683.8,49675,60,49687.3,120,0,673650
BANKNIFTY-II.NFO,12/02/2025,09:32:59,49688,49690.95,30,49699,30,30,673650
BANKNIFTY-II.NFO,12/02/2025,09:33:01,49700,49692.3,30,49713.5,120,90,673650
BANKNIFTY-II.NFO,12/02/2025,09:33:03,49700,49695.8,30,49713.6,120,0,673650
BANKNIFTY-II.NFO,12/02/2025,09:33:04,49710.1,49686.4,30,49705.9,210,30,673650
BANKNIFTY-II.NFO,12/02/2025,09:33:06,49710.1,49698,30,49714.2,120,0,673650
BANKNIFTY-II.NFO,12/02/2025,09:33:08,49710.1,49706.75,30,49722.15,60,0,673650
BANKNIFTY-II.NFO,12/02/2025,09:33:09,49710.1,49709.85,30,49724.95,60,0,673650
BANKNIFTY-II.NFO,12/02/2025,09:33:11,49710.1,49709.7,30,49727.95,120,0,673650
BANKNIFTY-II.NFO,12/02/2025,09:33:13,49730,49714,30,49732.05,150,90,673650
BANKNIFTY-II.NFO,12/02/2025,09:33:14,49730,49709.85,30,49722.05,60,0,673650
BANKNIFTY-II.NFO,12/02/2025,09:33:16,49730,49709.9,30,49723.15,60,0,673650
BANKNIFTY-II.NFO,12/02/2025,09:33:18,49730,49710,30,49722.35,60,0,673650
BANKNIFTY-II.NFO,12/02/2025,09:33:19,49730,49710.05,30,49722.7,120,0,673650
BANKNIFTY-II.NFO,12/02/2025,09:33:21,49730,49698.55,30,49713.65,120,0,673650
BANKNIFTY-II.NFO,12/02/2025,09:33:23,49711.8,49698.15,60,49716.25,120,30,673650
BANKNIFTY-II.NFO,12/02/2025,09:33:24,49714,49711,30,49719.4,150,30,673650
BANKNIFTY-II.NFO,12/02/2025,09:33:26,49714,49711.05,30,49719.45,120,0,673650
BANKNIFTY-II.NFO,12/02/2025,09:33:28,49711,49705,30,49710.6,120,30,673650
BANKNIFTY-II.NFO,12/02/2025,09:33:29,49706.35,49698.4,120,49716.6,120,60,673650
BANKNIFTY-II.NFO,12/02/2025,09:33:31,49706.35,49695.9,30,49701.7,120,0,673650
BANKNIFTY-II.NFO,12/02/2025,09:33:33,49706.35,49695.9,30,49700.15,120,0,673650
BANKNIFTY-II.NFO,12/02/2025,09:33:34,49695.9,49677.65,120,49693.25,120,30,673650
BANKNIFTY-II.NFO,12/02/2025,09:33:36,49695.9,49686.15,120,49703.15,120,0,673650
BANKNIFTY-II.NFO,12/02/2025,09:33:38,49695.9,49689.1,120,49704.4,120,0,673650
BANKNIFTY-II.NFO,12/02/2025,09:33:39,49695.9,49684.2,120,49700.3,120,0,673650
BANKNIFTY-II.NFO,12/02/2025,09:33:41,49695.9,49684.3,120,49701.65,150,0,673650
BANKNIFTY-II.NFO,12/02/2025,09:33:43,49695.9,49688.25,120,49703.4,120,0,673650
BANKNIFTY-II.NFO,12/02/2025,09:33:44,49695.9,49691.1,120,49706.9,120,0,673650
BANKNIFTY-II.NFO,12/02/2025,09:33:46,49695.9,49696.5,120,49712.65,210,0,673650
BANKNIFTY-II.NFO,12/02/2025,09:33:48,49695.9,49699,60,49713.45,120,0,673650
BANKNIFTY-II.NFO,12/02/2025,09:33:49,49695.9,49705.25,120,49719.8,120,0,673650
BANKNIFTY-II.NFO,12/02/2025,09:33:51,49695.9,49705.95,120,49722.15,120,0,673650
BANKNIFTY-II.NFO,12/02/2025,09:33:53,49695.9,49707.2,120,49722.95,120,0,673650
BANKNIFTY-II.NFO,12/02/2025,09:33:54,49695.9,49705.5,120,49724.05,120,0,673650
BANKNIFTY-II.NFO,12/02/2025,09:33:56,49713.2,49695.9,30,49706.6,90,30,673080
BANKNIFTY-II.NFO,12/02/2025,09:33:58,49695.9,49695.25,120,49708.95,90,30,673080
BANKNIFTY-II.NFO,12/02/2025,09:33:59,49695.9,49695.7,30,49708.75,90,0,673080
BANKNIFTY-II.NFO,12/02/2025,09:34:01,49700,49695,150,49695.85,90,30,673080
BANKNIFTY-II.NFO,12/02/2025,09:34:03,49695,49680,30,49691.8,90,150,673080
BANKNIFTY-II.NFO,12/02/2025,09:34:04,49695,49680,30,49689.85,90,0,673080
BANKNIFTY-II.NFO,12/02/2025,09:34:06,49675,49665,120,49673.6,120,180,673080
BANKNIFTY-II.NFO,12/02/2025,09:34:08,49675,49665,120,49676.35,120,0,673080
BANKNIFTY-II.NFO,12/02/2025,09:34:09,49676,49665,120,49670.5,90,30,673080
BANKNIFTY-II.NFO,12/02/2025,09:34:11,49676,49665,120,49673.75,90,0,673080
BANKNIFTY-II.NFO,12/02/2025,09:34:13,49676,49665,120,49670.45,90,0,673080
BANKNIFTY-II.NFO,12/02/2025,09:34:14,49676,49665,120,49674.15,90,0,673080
BANKNIFTY-II.NFO,12/02/2025,09:34:16,49665,49665,90,49668.55,30,90,673080
BANKNIFTY-II.NFO,12/02/2025,09:34:17,49665,49665,90,49670.3,30,0,673080
BANKNIFTY-II.NFO,12/02/2025,09:34:19,49665,49665,90,49668.4,30,0,673080
BANKNIFTY-II.NFO,12/02/2025,09:34:21,49665,49665,90,49674.65,30,30,673080
BANKNIFTY-II.NFO,12/02/2025,09:34:22,49665,49665,90,49674.9,30,0,673080
BANKNIFTY-II.NFO,12/02/2025,09:34:24,49665,49665,90,49667.9,30,0,673080
BANKNIFTY-II.NFO,12/02/2025,09:34:26,49665,49665,60,49668.55,30,30,673080
BANKNIFTY-II.NFO,12/02/2025,09:34:27,49656.8,49650,180,49660.7,60,150,673080
BANKNIFTY-II.NFO,12/02/2025,09:34:27,49651,49650,180,49660.7,60,0,673080
BANKNIFTY-II.NFO,12/02/2025,09:34:29,49656.8,49650,180,49659.9,30,0,673080
BANKNIFTY-II.NFO,12/02/2025,09:34:31,49656.8,49650.05,30,49659.9,30,0,673080
BANKNIFTY-II.NFO,12/02/2025,09:34:33,49656.8,49650.05,30,49657.35,30,0,673080
BANKNIFTY-II.NFO,12/02/2025,09:34:34,49650,49650,60,49656.55,30,120,673080
BANKNIFTY-II.NFO,12/02/2025,09:34:34,49650,49650,60,49656.55,30,0,673080
BANKNIFTY-II.NFO,12/02/2025,09:34:36,49650,49651,30,49656.8,30,0,673080
BANKNIFTY-II.NFO,12/02/2025,09:34:39,49651,49651,30,49656.8,30,30,673080
BANKNIFTY-II.NFO,12/02/2025,09:34:41,49652.85,49651,30,49656.8,30,30,673080
BANKNIFTY-II.NFO,12/02/2025,09:34:43,49652.85,49651,30,49656.8,30,0,673080
BANKNIFTY-II.NFO,12/02/2025,09:34:46,49651.15,49650,60,49655.95,30,30,673080
BANKNIFTY-II.NFO,12/02/2025,09:34:48,49651.15,49650,60,49651,30,0,673080
BANKNIFTY-II.NFO,12/02/2025,09:34:49,49651,49650,60,49654.8,30,30,673080
BANKNIFTY-II.NFO,12/02/2025,09:34:51,49650,49641,90,49652.7,60,90,673080
BANKNIFTY-II.NFO,12/02/2025,09:34:53,49650,49642.45,120,49655,30,0,673080
BANKNIFTY-II.NFO,12/02/2025,09:34:54,49650,49643.25,120,49651.15,30,0,673080
BANKNIFTY-II.NFO,12/02/2025,09:34:56,49650,49641,90,49651.15,30,0,673080
BANKNIFTY-II.NFO,12/02/2025,09:34:58,49650,49641.05,120,49650,30,30,673080
BANKNIFTY-II.NFO,12/02/2025,09:34:59,49650,49641,90,49649.85,30,0,673080
BANKNIFTY-II.NFO,12/02/2025,09:35:01,49641,49641,60,49650,30,30,673080
BANKNIFTY-II.NFO,12/02/2025,09:35:01,49641,49641,60,49650,30,0,673080
BANKNIFTY-II.NFO,12/02/2025,09:35:03,49641,49641,60,49650,30,0,673080
BANKNIFTY-II.NFO,12/02/2025,09:35:04,49641,49641,60,49648.75,30,0,673080
BANKNIFTY-II.NFO,12/02/2025,09:35:06,49649.5,49641,30,49649.95,30,60,673080
BANKNIFTY-II.NFO,12/02/2025,09:35:08,49649.5,49641.15,120,49650,60,0,673080
BANKNIFTY-II.NFO,12/02/2025,09:35:09,49649.5,49642.75,120,49650,60,0,673080
BANKNIFTY-II.NFO,12/02/2025,09:35:11,49650,49642.6,120,49650,30,30,673080
BANKNIFTY-II.NFO,12/02/2025,09:35:13,49655,49652.75,120,49656.8,30,90,673080
BANKNIFTY-II.NFO,12/02/2025,09:35:14,49661,49660.75,60,49671.95,30,120,673080
BANKNIFTY-II.NFO,12/02/2025,09:35:16,49653,49653.7,90,49669.1,150,240,673080
BANKNIFTY-II.NFO,12/02/2025,09:35:18,49653,49647.6,30,49661.65,150,0,673080
BANKNIFTY-II.NFO,12/02/2025,09:35:19,49653,49641.45,90,49656.15,120,0,673080
BANKNIFTY-II.NFO,12/02/2025,09:35:21,49653,49641,30,49646.5,120,0,673080
BANKNIFTY-II.NFO,12/02/2025,09:35:23,49653,49640,30,49647.4,120,0,673080
BANKNIFTY-II.NFO,12/02/2025,09:35:24,49640,49630.05,30,49642.4,120,60,673080
BANKNIFTY-II.NFO,12/02/2025,09:35:24,49640,49630.05,30,49642.4,120,0,673080
BANKNIFTY-II.NFO,12/02/2025,09:35:26,49640,49630,90,49638.5,120,0,673080
BANKNIFTY-II.NFO,12/02/2025,09:35:28,49640,49630,90,49639.45,120,0,673080
BANKNIFTY-II.NFO,12/02/2025,09:35:29,49640,49630,90,49636.55,60,0,673080
BANKNIFTY-II.NFO,12/02/2025,09:35:31,49640,49630,90,49631.6,120,0,673080
BANKNIFTY-II.NFO,12/02/2025,09:35:33,49630,49616.1,150,49632.25,150,90,673080
BANKNIFTY-II.NFO,12/02/2025,09:35:33,49630,49616.1,150,49632.25,150,0,673080
BANKNIFTY-II.NFO,12/02/2025,09:35:34,49630,49609.6,150,49625,150,0,673080
BANKNIFTY-II.NFO,12/02/2025,09:35:36,49609.9,49611.65,90,49626.35,120,30,673080
BANKNIFTY-II.NFO,12/02/2025,09:35:36,49609.9,49611.65,90,49626.35,120,0,673080
BANKNIFTY-II.NFO,12/02/2025,09:35:38,49626.95,49612.3,150,49626.95,60,90,673080
BANKNIFTY-II.NFO,12/02/2025,09:35:39,49626.95,49613.15,90,49625.95,60,0,673080
BANKNIFTY-II.NFO,12/02/2025,09:35:41,49626.95,49615.55,60,49628.7,60,0,673080
BANKNIFTY-II.NFO,12/02/2025,09:35:42,49626.95,49614.75,30,49622.35,60,0,673080
BANKNIFTY-II.NFO,12/02/2025,09:35:44,49626.95,49609.9,30,49622.5,90,0,673080
BANKNIFTY-II.NFO,12/02/2025,09:35:46,49625.95,49609.9,30,49623.55,90,60,673080
BANKNIFTY-II.NFO,12/02/2025,09:35:47,49621.5,49609.9,30,49619.65,90,30,673080
BANKNIFTY-II.NFO,12/02/2025,09:35:49,49621.5,49609.9,30,49618.65,60,0,673080
BANKNIFTY-II.NFO,12/02/2025,09:35:51,49621.5,49609.9,30,49614.15,60,0,673080
BANKNIFTY-II.NFO,12/02/2025,09:35:52,49609.9,49605.25,30,49612.15,90,30,673080
BANKNIFTY-II.NFO,12/02/2025,09:35:54,49609.9,49605.25,30,49613.9,60,0,673080
BANKNIFTY-II.NFO,12/02/2025,09:35:56,49611.85,49605.25,30,49610.55,30,30,673080
BANKNIFTY-II.NFO,12/02/2025,09:35:57,49605.25,49603.5,60,49613.95,30,30,673080
BANKNIFTY-II.NFO,12/02/2025,09:35:57,49605.25,49603.5,60,49613.95,30,0,673080
BANKNIFTY-II.NFO,12/02/2025,09:35:59,49605.25,49605.35,120,49619.85,60,0,673080
BANKNIFTY-II.NFO,12/02/2025,09:36:01,49621.5,49611.85,60,49621.5,30,30,673080
BANKNIFTY-II.NFO,12/02/2025,09:36:02,49610.9,49606.5,120,49617.95,30,60,673080
BANKNIFTY-II.NFO,12/02/2025,09:36:04,49610.9,49601.05,120,49605.25,480,0,673080
BANKNIFTY-II.NFO,12/02/2025,09:36:06,49605.25,49601,30,49605.25,420,60,673080
BANKNIFTY-II.NFO,12/02/2025,09:36:07,49605.25,49601,30,49605.25,420,0,673080
BANKNIFTY-II.NFO,12/02/2025,09:36:09,49605.25,49611.35,120,49624.7,90,420,673080
BANKNIFTY-II.NFO,12/02/2025,09:36:11,49611.35,49614.45,30,49626.45,150,30,673080
BANKNIFTY-II.NFO,12/02/2025,09:36:12,49611.35,49617.45,30,49625.75,120,0,673080
BANKNIFTY-II.NFO,12/02/2025,09:36:14,49620.55,49621,90,49635.8,90,30,673080
BANKNIFTY-II.NFO,12/02/2025,09:36:16,49620.55,49626.8,30,49636.75,150,0,673080
BANKNIFTY-II.NFO,12/02/2025,09:36:17,49617.8,49626.9,60,49642.2,60,450,673080
BANKNIFTY-II.NFO,12/02/2025,09:36:19,49630.75,49628.95,60,49645.4,60,30,673080
BANKNIFTY-II.NFO,12/02/2025,09:36:21,49641.2,49628.7,30,49643.75,60,30,673080
BANKNIFTY-II.NFO,12/02/2025,09:36:22,49643.6,49617.05,60,49633.5,90,30,673080
BANKNIFTY-II.NFO,12/02/2025,09:36:24,49618.5,49619.4,30,49636.85,150,30,673080
BANKNIFTY-II.NFO,12/02/2025,09:36:26,49618.5,49619.2,30,49634.1,60,0,673080
BANKNIFTY-II.NFO,12/02/2025,09:36:27,49640.9,49624.85,60,49639.55,60,30,673080
BANKNIFTY-II.NFO,12/02/2025,09:36:29,49639.1,49623.95,60,49641,120,60,673080
BANKNIFTY-II.NFO,12/02/2025,09:36:31,49643.45,49630.05,60,49644.85,60,30,673080
BANKNIFTY-II.NFO,12/02/2025,09:36:32,49643.45,49622.7,60,49637.95,60,0,673080
BANKNIFTY-II.NFO,12/02/2025,09:36:34,49624.65,49625,30,49637.2,120,30,673080
BANKNIFTY-II.NFO,12/02/2025,09:36:36,49624.65,49619.3,30,49631.95,30,0,673080
BANKNIFTY-II.NFO,12/02/2025,09:36:37,49624.65,49619.3,30,49633.75,120,0,673080
BANKNIFTY-II.NFO,12/02/2025,09:36:39,49624.65,49622.45,30,49637.8,60,0,673080
BANKNIFTY-II.NFO,12/02/2025,09:36:41,49624.65,49618.5,30,49629.95,30,0,673080
BANKNIFTY-II.NFO,12/02/2025,09:36:42,49626.35,49618.5,30,49626.35,120,30,673080
BANKNIFTY-II.NFO,12/02/2025,09:36:44,49624.65,49618.5,30,49625.25,150,30,673080
BANKNIFTY-II.NFO,12/02/2025,09:36:46,49609.5,49612.6,30,49621.95,30,480,673080
BANKNIFTY-II.NFO,12/02/2025,09:36:48,49615,49605.4,30,49615.9,120,30,673080
BANKNIFTY-II.NFO,12/02/2025,09:36:49,49615,49605.4,30,49615.15,120,0,673080
BANKNIFTY-II.NFO,12/02/2025,09:36:51,49615,49605.4,30,49615.95,30,0,673080
BANKNIFTY-II.NFO,12/02/2025,09:36:53,49615,49605.45,60,49619.85,60,0,673080
BANKNIFTY-II.NFO,12/02/2025,09:36:54,49615,49605.5,60,49617.95,30,0,673080
BANKNIFTY-II.NFO,12/02/2025,09:36:56,49600,49601.65,30,49617.3,60,450,673830
BANKNIFTY-II.NFO,12/02/2025,09:36:56,49600,49601.65,30,49617.3,60,0,673830
BANKNIFTY-II.NFO,12/02/2025,09:36:58,49600,49601.75,30,49614.35,60,0,673830
BANKNIFTY-II.NFO,12/02/2025,09:36:59,49600,49604.75,30,49617.55,60,0,673830
BANKNIFTY-II.NFO,12/02/2025,09:37:01,49612.85,49600.05,30,49614,120,30,673830
BANKNIFTY-II.NFO,12/02/2025,09:37:03,49613.9,49600.05,120,49611.95,30,60,673830
BANKNIFTY-II.NFO,12/02/2025,09:37:04,49613.9,49601.25,60,49611.95,30,0,673830
BANKNIFTY-II.NFO,12/02/2025,09:37:06,49600,49617.95,30,49620.3,120,60,673830
BANKNIFTY-II.NFO,12/02/2025,09:37:08,49620.95,49602.2,60,49615.9,120,30,673830
BANKNIFTY-II.NFO,12/02/2025,09:37:09,49620.95,49600.75,60,49611.95,30,0,673830
BANKNIFTY-II.NFO,12/02/2025,09:37:11,49620.95,49600.2,60,49609.95,30,0,673830
BANKNIFTY-II.NFO,12/02/2025,09:37:13,49620.95,49602.4,60,49613.95,30,0,673830
BANKNIFTY-II.NFO,12/02/2025,09:37:14,49606.4,49606.45,30,49615,30,480,673830
BANKNIFTY-II.NFO,12/02/2025,09:37:16,49615,49600,900,49612.85,120,30,673830
BANKNIFTY-II.NFO,12/02/2025,09:37:17,49615,49600,900,49611.9,120,0,673830
BANKNIFTY-II.NFO,12/02/2025,09:37:19,49615,49600,900,49607.5,90,0,673830
BANKNIFTY-II.NFO,12/02/2025,09:37:21,49615,49600,900,49611.95,30,0,673830
BANKNIFTY-II.NFO,12/02/2025,09:37:22,49600,49600,480,49612.75,60,480,673830
BANKNIFTY-II.NFO,12/02/2025,09:37:24,49601.05,49600,480,49615,60,30,673830
BANKNIFTY-II.NFO,12/02/2025,09:37:26,49600.15,49600,630,49614.9,60,30,673830
BANKNIFTY-II.NFO,12/02/2025,09:37:27,49600.15,49600,480,49613.5,120,0,673830
BANKNIFTY-II.NFO,12/02/2025,09:37:29,49600,49600,360,49614.3,60,150,673830
BANKNIFTY-II.NFO,12/02/2025,09:37:31,49600,49602.2,150,49613.95,30,0,673830
BANKNIFTY-II.NFO,12/02/2025,09:37:32,49600,49603.45,150,49617.85,60,0,673830
BANKNIFTY-II.NFO,12/02/2025,09:37:34,49600,49600.05,30,49613.15,60,0,673830
BANKNIFTY-II.NFO,12/02/2025,09:37:36,49600.05,49600,330,49609.85,90,30,673830
BANKNIFTY-II.NFO,12/02/2025,09:37:37,49600,49600,300,49600.05,30,60,673830
BANKNIFTY-II.NFO,12/02/2025,09:37:39,49600.05,49600,300,49607.95,30,30,673830
BANKNIFTY-II.NFO,12/02/2025,09:37:41,49592.75,49595.75,30,49610.65,60,420,673830
BANKNIFTY-II.NFO,12/02/2025,09:37:41,49592.75,49595.75,30,49610.65,60,0,673830
BANKNIFTY-II.NFO,12/02/2025,09:37:42,49592.75,49592.9,60,49605.25,60,0,673830
BANKNIFTY-II.NFO,12/02/2025,09:37:44,49592.75,49592.8,30,49605.9,60,0,673830
BANKNIFTY-II.NFO,12/02/2025,09:37:46,49606.8,49591.45,30,49604.95,60,30,673830
BANKNIFTY-II.NFO,12/02/2025,09:37:47,49606.8,49600.3,30,49612.55,60,0,673830
BANKNIFTY-II.NFO,12/02/2025,09:37:49,49606.8,49600,30,49609.35,60,0,673830
BANKNIFTY-II.NFO,12/02/2025,09:37:51,49600,49590,30,49600,60,30,673830
BANKNIFTY-II.NFO,12/02/2025,09:37:52,49600,49590.9,30,49600,30,30,673830
BANKNIFTY-II.NFO,12/02/2025,09:37:54,49600,49590,30,49600,180,0,673830
BANKNIFTY-II.NFO,12/02/2025,09:37:56,49600,49590,30,49598.1,60,0,673830
BANKNIFTY-II.NFO,12/02/2025,09:37:57,49600,49590,30,49599.95,60,0,673830
BANKNIFTY-II.NFO,12/02/2025,09:37:59,49600,49590,30,49597.75,60,0,673830
BANKNIFTY-II.NFO,12/02/2025,09:38:01,49590,49588,30,49597.95,30,30,673830
BANKNIFTY-II.NFO,12/02/2025,09:38:01,49590,49588,30,49597.95,30,0,673830
BANKNIFTY-II.NFO,12/02/2025,09:38:02,49600,49589.65,150,49600,120,90,673830
BANKNIFTY-II.NFO,12/02/2025,09:38:04,49590,49589.7,150,49590,510,60,673830
BANKNIFTY-II.NFO,12/02/2025,09:38:06,49590,49588.55,30,49590,360,150,673830
BANKNIFTY-II.NFO,12/02/2025,09:38:07,49590,49588,30,49590,150,210,673830
BANKNIFTY-II.NFO,12/02/2025,09:38:09,49585.45,49587.4,30,49590,150,450,673830
BANKNIFTY-II.NFO,12/02/2025,09:38:09,49585.45,49587.4,30,49590,150,0,673830
BANKNIFTY-II.NFO,12/02/2025,09:38:11,49590,49591.65,30,49600,120,150,673830
BANKNIFTY-II.NFO,12/02/2025,09:38:12,49591.1,49587.55,30,49598.7,60,60,673830
BANKNIFTY-II.NFO,12/02/2025,09:38:14,49597.35,49587.55,30,49598.7,120,60,673830
BANKNIFTY-II.NFO,12/02/2025,09:38:16,49597.35,49587.55,30,49597.7,120,0,673830
BANKNIFTY-II.NFO,12/02/2025,09:38:17,49597.35,49591.1,30,49596.15,120,0,673830
BANKNIFTY-II.NFO,12/02/2025,09:38:19,49597.35,49591.1,30,49600,120,0,673830
BANKNIFTY-II.NFO,12/02/2025,09:38:21,49597.35,49592.65,30,49600,120,0,673830
BANKNIFTY-II.NFO,12/02/2025,09:38:22,49600,49591.1,30,49600,90,30,673830
BANKNIFTY-II.NFO,12/02/2025,09:38:24,49600,49591.5,90,49600,90,0,673830
BANKNIFTY-II.NFO,12/02/2025,09:38:26,49600,49591.1,30,49600,90,0,673830
BANKNIFTY-II.NFO,12/02/2025,09:38:29,49600,49591.1,30,49600,30,60,673830
BANKNIFTY-II.NFO,12/02/2025,09:38:31,49591.1,49577.5,30,49592.4,120,60,673830
BANKNIFTY-II.NFO,12/02/2025,09:38:32,49591.1,49582.15,30,49597.9,60,0,673830
BANKNIFTY-II.NFO,12/02/2025,09:38:34,49591.1,49586.55,30,49599.9,60,0,673830
BANKNIFTY-II.NFO,12/02/2025,09:38:36,49599.4,49591.1,30,49598.45,120,30,673830
BANKNIFTY-II.NFO,12/02/2025,09:38:37,49599.4,49591.1,30,49595.85,120,0,673830
BANKNIFTY-II.NFO,12/02/2025,09:38:39,49591.1,49581.7,60,49596.4,60,30,673830
BANKNIFTY-II.NFO,12/02/2025,09:38:41,49579.35,49581.6,30,49597.1,60,540,673830
BANKNIFTY-II.NFO,12/02/2025,09:38:41,49579.35,49581.6,30,49597.1,60,0,673830
BANKNIFTY-II.NFO,12/02/2025,09:38:42,49579.35,49585.65,120,49599.35,60,0,673830
BANKNIFTY-II.NFO,12/02/2025,09:38:44,49579.35,49583.8,120,49598.45,60,0,673830
BANKNIFTY-II.NFO,12/02/2025,09:38:46,49579.5,49579.5,30,49594.2,60,30,673830
BANKNIFTY-II.NFO,12/02/2025,09:38:47,49579.5,49580.05,90,49593.25,60,0,673830
BANKNIFTY-II.NFO,12/02/2025,09:38:49,49594.2,49577.2,30,49591.55,60,270,673830
BANKNIFTY-II.NFO,12/02/2025,09:38:51,49579.5,49584,30,49597.95,30,30,673830
BANKNIFTY-II.NFO,12/02/2025,09:38:53,49605.9,49589.8,60,49604.45,60,60,673830
BANKNIFTY-II.NFO,12/02/2025,09:38:54,49605.9,49587.15,60,49601.75,60,0,673830
BANKNIFTY-II.NFO,12/02/2025,09:38:56,49605.9,49588.2,60,49602.75,60,0,673830
BANKNIFTY-II.NFO,12/02/2025,09:38:58,49605.9,49588.2,60,49602.45,60,0,673830
BANKNIFTY-II.NFO,12/02/2025,09:38:59,49603.55,49583.45,60,49601.05,150,60,673830
BANKNIFTY-II.NFO,12/02/2025,09:39:01,49603.55,49580.8,90,49596.3,120,0,673830
BANKNIFTY-II.NFO,12/02/2025,09:39:03,49603.55,49584.1,60,49598.55,60,0,673830
BANKNIFTY-II.NFO,12/02/2025,09:39:04,49603.55,49584.75,60,49598.8,60,0,673830
BANKNIFTY-II.NFO,12/02/2025,09:39:06,49603.55,49589.1,60,49601.95,30,0,673830
BANKNIFTY-II.NFO,12/02/2025,09:39:08,49603.55,49591.85,30,49602.95,60,0,673830
BANKNIFTY-II.NFO,12/02/2025,09:39:09,49590.7,49592.75,300,49606.95,60,420,673830
BANKNIFTY-II.NFO,12/02/2025,09:39:11,49590.7,49591.95,300,49606.15,60,0,673830
BANKNIFTY-II.NFO,12/02/2025,09:39:13,49590.7,49592.6,60,49606.25,60,0,673830
BANKNIFTY-II.NFO,12/02/2025,09:39:14,49590.7,49591.7,60,49605.9,60,0,673830
BANKNIFTY-II.NFO,12/02/2025,09:39:16,49590.7,49587.4,30,49600.65,60,0,673830
BANKNIFTY-II.NFO,12/02/2025,09:39:18,49590.7,49591.65,90,49605.2,60,0,673830
BANKNIFTY-II.NFO,12/02/2025,09:39:19,49602.5,49591.5,90,49604.05,120,30,673830
BANKNIFTY-II.NFO,12/02/2025,09:39:21,49610,49615.45,90,49629.15,150,30,673830
BANKNIFTY-II.NFO,12/02/2025,09:39:23,49610,49614.55,30,49625.8,150,0,673830
BANKNIFTY-II.NFO,12/02/2025,09:39:24,49610,49614.5,30,49625.85,120,0,673830
BANKNIFTY-II.NFO,12/02/2025,09:39:26,49624.95,49614.7,30,49623.95,30,30,673830
BANKNIFTY-II.NFO,12/02/2025,09:39:28,49624.95,49617.15,30,49629.95,30,0,673830
BANKNIFTY-II.NFO,12/02/2025,09:39:29,49616.65,49619.8,30,49632.6,60,180,673830
BANKNIFTY-II.NFO,12/02/2025,09:39:31,49616.65,49615.35,30,49624.95,30,0,673830
BANKNIFTY-II.NFO,12/02/2025,09:39:33,49624.95,49619.05,90,49632.9,120,60,673830
BANKNIFTY-II.NFO,12/02/2025,09:39:34,49619.05,49613.3,30,49625.8,120,30,673830
BANKNIFTY-II.NFO,12/02/2025,09:39:36,49619.05,49609.65,30,49620.75,60,0,673830
BANKNIFTY-II.NFO,12/02/2025,09:39:38,49619.05,49611.45,60,49622.55,60,0,673830
BANKNIFTY-II.NFO,12/02/2025,09:39:39,49622.55,49615,60,49622.85,60,60,673830
BANKNIFTY-II.NFO,12/02/2025,09:39:41,49615,49615,30,49621.65,120,30,673830
BANKNIFTY-II.NFO,12/02/2025,09:39:43,49615,49599.3,30,49612,120,30,673830
BANKNIFTY-II.NFO,12/02/2025,09:39:44,49616.1,49594.75,90,49610.75,120,660,673830
BANKNIFTY-II.NFO,12/02/2025,09:39:46,49616.1,49588.2,60,49603.45,90,0,673830
BANKNIFTY-II.NFO,12/02/2025,09:39:48,49605.65,49594.15,60,49609.95,30,120,673830
BANKNIFTY-II.NFO,12/02/2025,09:39:49,49605.65,49593.35,60,49609.65,90,0,673830
BANKNIFTY-II.NFO,12/02/2025,09:39:51,49605.65,49600,30,49605.5,90,0,673830
BANKNIFTY-II.NFO,12/02/2025,09:39:53,49600,49588.1,30,49601.75,150,30,673830
BANKNIFTY-II.NFO,12/02/2025,09:39:54,49600,49588.8,30,49600.4,90,0,673830
BANKNIFTY-II.NFO,12/02/2025,09:39:56,49600,49588.8,30,49601.5,60,0,673830
BANKNIFTY-II.NFO,12/02/2025,09:39:58,49600,49588.8,30,49597.9,90,0,673830
BANKNIFTY-II.NFO,12/02/2025,09:39:59,49600,49586.1,30,49599.4,60,0,673830
BANKNIFTY-II.NFO,12/02/2025,09:40:01,49600,49584.85,30,49596.45,60,0,673830
BANKNIFTY-II.NFO,12/02/2025,09:40:03,49599,49586.15,60,49600,30,30,675360
BANKNIFTY-II.NFO,12/02/2025,09:40:04,49599,49587,30,49600,30,0,675360
BANKNIFTY-II.NFO,12/02/2025,09:40:06,49599,49580.45,330,49591.95,90,0,675360
BANKNIFTY-II.NFO,12/02/2025,09:40:08,49599,49580.45,330,49589.9,60,0,675360
BANKNIFTY-II.NFO,12/02/2025,09:40:09,49599,49580.45,330,49586.95,150,0,675360
BANKNIFTY-II.NFO,12/02/2025,09:40:11,49580.45,49580.45,30,49581.85,60,300,675360
BANKNIFTY-II.NFO,12/02/2025,09:40:13,49575,49566.5,90,49583.15,210,420,675360
BANKNIFTY-II.NFO,12/02/2025,09:40:13,49575,49566.5,90,49583.15,210,0,675360
BANKNIFTY-II.NFO,12/02/2025,09:40:14,49575,49561.8,90,49582.55,90,0,675360
BANKNIFTY-II.NFO,12/02/2025,09:40:16,49575,49560,60,49574.45,90,0,675360
BANKNIFTY-II.NFO,12/02/2025,09:40:17,49575,49560.8,30,49572.45,150,0,675360
BANKNIFTY-II.NFO,12/02/2025,09:40:19,49575,49560,60,49570.7,90,0,675360
BANKNIFTY-II.NFO,12/02/2025,09:40:21,49575,49560,60,49568.65,90,0,675360
BANKNIFTY-II.NFO,12/02/2025,09:40:22,49575,49560,60,49565.25,150,0,675360
BANKNIFTY-II.NFO,12/02/2025,09:40:24,49575,49560,90,49569.3,150,0,675360
BANKNIFTY-II.NFO,12/02/2025,09:40:26,49575,49560,90,49565.25,150,0,675360
BANKNIFTY-II.NFO,12/02/2025,09:40:27,49575,49560,90,49568.45,150,0,675360
BANKNIFTY-II.NFO,12/02/2025,09:40:29,49575,49560,90,49566.85,150,0,675360
BANKNIFTY-II.NFO,12/02/2025,09:40:31,49575,49560,90,49570.35,210,0,675360
BANKNIFTY-II.NFO,12/02/2025,09:40:32,49575,49560,90,49568.05,210,0,675360
BANKNIFTY-II.NFO,12/02/2025,09:40:34,49570.1,49560,90,49564.1,150,30,675360
BANKNIFTY-II.NFO,12/02/2025,09:40:34,49570.1,49560,90,49564.1,150,0,675360
BANKNIFTY-II.NFO,12/02/2025,09:40:36,49570.1,49560,90,49569.9,150,0,675360
BANKNIFTY-II.NFO,12/02/2025,09:40:37,49566.55,49560,90,49565.3,150,30,675360
BANKNIFTY-II.NFO,12/02/2025,09:40:37,49566.55,49560,90,49565.3,150,0,675360
BANKNIFTY-II.NFO,12/02/2025,09:40:39,49560,49560,60,49571.25,150,30,675360
BANKNIFTY-II.NFO,12/02/2025,09:40:39,49560,49560,60,49571.25,150,0,675360
BANKNIFTY-II.NFO,12/02/2025,09:40:41,49560,49560,60,49569.9,150,0,675360
BANKNIFTY-II.NFO,12/02/2025,09:40:42,49560,49560,30,49568.25,210,30,675360
BANKNIFTY-II.NFO,12/02/2025,09:40:44,49560,49560,30,49566.75,150,0,675360
BANKNIFTY-II.NFO,12/02/2025,09:40:46,49560,49555,30,49565.85,30,60,675360
BANKNIFTY-II.NFO,12/02/2025,09:40:47,49560,49555,30,49563.5,120,0,675360
BANKNIFTY-II.NFO,12/02/2025,09:40:49,49560,49555,30,49567.3,30,0,675360
BANKNIFTY-II.NFO,12/02/2025,09:40:51,49560,49555,30,49566.05,120,0,675360
BANKNIFTY-II.NFO,12/02/2025,09:40:52,49560,49555,30,49564.15,120,0,675360
BANKNIFTY-II.NFO,12/02/2025,09:40:54,49560,49555,30,49564.8,120,0,675360
BANKNIFTY-II.NFO,12/02/2025,09:40:56,49560,49555,30,49567.25,120,0,675360
BANKNIFTY-II.NFO,12/02/2025,09:40:57,49560,49555,30,49563.95,30,0,675360
BANKNIFTY-II.NFO,12/02/2025,09:40:59,49560,49555,30,49563.85,120,0,675360
BANKNIFTY-II.NFO,12/02/2025,09:41:01,49560,49555,30,49558.7,120,0,675360
BANKNIFTY-II.NFO,12/02/2025,09:41:02,49559.75,49555,30,49560,30,240,675360
BANKNIFTY-II.NFO,12/02/2025,09:41:02,49558.7,49555,30,49560,30,0,675360
BANKNIFTY-II.NFO,12/02/2025,09:41:04,49550,49550,60,49560,30,90,675360
BANKNIFTY-II.NFO,12/02/2025,09:41:04,49550,49550,60,49560,30,0,675360
BANKNIFTY-II.NFO,12/02/2025,09:41:06,49560,49550.95,60,49563.5,60,30,675360
BANKNIFTY-II.NFO,12/02/2025,09:41:07,49555.25,49555.35,120,49563.4,60,30,675360
BANKNIFTY-II.NFO,12/02/2025,09:41:09,49555.25,49558.85,120,49569.95,30,0,675360
BANKNIFTY-II.NFO,12/02/2025,09:41:11,49560,49553.85,60,49567.75,60,30,675360
BANKNIFTY-II.NFO,12/02/2025,09:41:13,49560,49550.05,120,49555.25,30,0,675360
BANKNIFTY-II.NFO,12/02/2025,09:41:14,49556.7,49554.15,60,49567.9,60,60,675360
BANKNIFTY-II.NFO,12/02/2025,09:41:16,49556.7,49550.95,60,49563.8,30,0,675360
BANKNIFTY-II.NFO,12/02/2025,09:41:18,49550,49550.5,60,49563.2,30,60,675360
BANKNIFTY-II.NFO,12/02/2025,09:41:19,49550,49550,60,49561.9,60,0,675360
BANKNIFTY-II.NFO,12/02/2025,09:41:21,49550,49541,30,49550.75,60,300,675360
BANKNIFTY-II.NFO,12/02/2025,09:41:21,49549,49541,30,49550.75,60,0,675360
BANKNIFTY-II.NFO,12/02/2025,09:41:23,49550,49541,30,49549.65,60,0,675360
BANKNIFTY-II.NFO,12/02/2025,09:41:24,49550,49541.1,120,49551.9,60,0,675360
BANKNIFTY-II.NFO,12/02/2025,09:41:26,49550,49542,60,49551.9,60,0,675360
BANKNIFTY-II.NFO,12/02/2025,09:41:28,49551.9,49541,30,49549.25,60,30,675360
BANKNIFTY-II.NFO,12/02/2025,09:41:29,49551.9,49542.55,120,49551.9,60,0,675360
BANKNIFTY-II.NFO,12/02/2025,09:41:31,49551.9,49541.8,60,49551.9,60,0,675360
BANKNIFTY-II.NFO,12/02/2025,09:41:33,49551.9,49550.05,120,49559.9,60,0,675360
BANKNIFTY-II.NFO,12/02/2025,09:41:34,49561.9,49553.3,60,49561.9,60,30,675360
BANKNIFTY-II.NFO,12/02/2025,09:41:36,49551.9,49551.9,30,49561.9,60,60,675360
BANKNIFTY-II.NFO,12/02/2025,09:41:38,49551.9,49551.9,30,49557.45,150,0,675360
BANKNIFTY-II.NFO,12/02/2025,09:41:39,49551.9,49551.9,30,49555.2,150,0,675360
BANKNIFTY-II.NFO,12/02/2025,09:41:41,49551.9,49551.9,30,49558.45,150,0,675360
BANKNIFTY-II.NFO,12/02/2025,09:41:43,49551.9,49551.9,30,49559.8,60,0,675360
BANKNIFTY-II.NFO,12/02/2025,09:41:44,49551.9,49551.9,30,49561.9,30,0,675360
BANKNIFTY-II.NFO,12/02/2025,09:41:48,49551.9,49553,30,49562.55,30,0,675360
BANKNIFTY-II.NFO,12/02/2025,09:41:49,49551.9,49553,30,49562.35,30,0,675360
BANKNIFTY-II.NFO,12/02/2025,09:41:51,49551.9,49553.05,60,49564.05,30,0,675360
BANKNIFTY-II.NFO,12/02/2025,09:41:53,49551.9,49555,30,49562.9,30,0,675360
BANKNIFTY-II.NFO,12/02/2025,09:41:54,49555,49553,30,49557.2,150,30,675360
BANKNIFTY-II.NFO,12/02/2025,09:41:56,49551.9,49551.9,60,49555.05,150,60,675360
BANKNIFTY-II.NFO,12/02/2025,09:41:58,49551.9,49556.2,30,49561.9,60,0,675360
BANKNIFTY-II.NFO,12/02/2025,09:41:59,49561.9,49551.9,60,49562.95,60,30,675360
BANKNIFTY-II.NFO,12/02/2025,09:42:01,49562.95,49551.9,60,49563.05,30,30,675360
BANKNIFTY-II.NFO,12/02/2025,09:42:03,49562.95,49555,30,49564.95,60,0,675360
BANKNIFTY-II.NFO,12/02/2025,09:42:04,49565,49561.65,150,49571.9,60,90,675360
BANKNIFTY-II.NFO,12/02/2025,09:42:06,49565,49566.45,120,49578.5,60,0,675360
BANKNIFTY-II.NFO,12/02/2025,09:42:08,49582.4,49571.4,120,49581.95,30,60,675360
BANKNIFTY-II.NFO,12/02/2025,09:42:09,49579.95,49568.95,60,49581.05,150,30,675360
BANKNIFTY-II.NFO,12/02/2025,09:42:11,49579.95,49565.05,60,49575.95,30,0,675360
BANKNIFTY-II.NFO,12/02/2025,09:42:13,49579.95,49575.25,60,49585.8,30,0,675360
BANKNIFTY-II.NFO,12/02/2025,09:42:14,49579.95,49574.55,60,49584.65,60,0,675360
BANKNIFTY-II.NFO,12/02/2025,09:42:16,49579.95,49573.15,60,49584.65,60,0,675360
BANKNIFTY-II.NFO,12/02/2025,09:42:18,49586.3,49570.35,60,49583.95,30,480,675360
BANKNIFTY-II.NFO,12/02/2025,09:42:19,49586.3,49576.15,60,49585.9,60,0,675360
BANKNIFTY-II.NFO,12/02/2025,09:42:21,49586.3,49571.7,60,49584.65,30,0,675360
BANKNIFTY-II.NFO,12/02/2025,09:42:23,49586.3,49576.15,60,49587.9,30,0,675360
BANKNIFTY-II.NFO,12/02/2025,09:42:24,49586.3,49575.25,60,49587.85,30,0,675360
BANKNIFTY-II.NFO,12/02/2025,09:42:26,49586.3,49582.4,60,49595.55,30,0,675360
BANKNIFTY-II.NFO,12/02/2025,09:42:28,49586.3,49586.3,30,49593.25,30,0,675360
BANKNIFTY-II.NFO,12/02/2025,09:42:29,49593.25,49586.3,30,49593.2,60,30,675360
BANKNIFTY-II.NFO,12/02/2025,09:42:31,49593.25,49586.3,30,49593.2,60,0,675360
BANKNIFTY-II.NFO,12/02/2025,09:42:33,49593.25,49586.3,30,49595.7,60,0,675360
BANKNIFTY-II.NFO,12/02/2025,09:42:34,49593.25,49590,60,49599.95,30,0,675360
BANKNIFTY-II.NFO,12/02/2025,09:42:36,49593.25,49591.9,120,49599.95,30,0,675360
BANKNIFTY-II.NFO,12/02/2025,09:42:38,49600,49600.05,120,49605.65,330,150,675360
BANKNIFTY-II.NFO,12/02/2025,09:42:39,49605.65,49602,120,49605.65,120,210,675360
BANKNIFTY-II.NFO,12/02/2025,09:42:41,49605.65,49612.25,60,49620,30,150,675360
BANKNIFTY-II.NFO,12/02/2025,09:42:43,49612.25,49601.6,120,49613.95,30,30,675360
BANKNIFTY-II.NFO,12/02/2025,09:42:44,49609.9,49597.95,120,49607.9,60,30,675360
BANKNIFTY-II.NFO,12/02/2025,09:42:46,49609.9,49603.35,120,49613.9,60,0,675360
BANKNIFTY-II.NFO,12/02/2025,09:42:48,49609.9,49603.5,120,49613.9,60,0,675360
BANKNIFTY-II.NFO,12/02/2025,09:42:49,49609.9,49606.35,120,49619.9,60,0,675360
BANKNIFTY-II.NFO,12/02/2025,09:42:51,49609.9,49610.85,120,49624.95,60,0,675360
BANKNIFTY-II.NFO,12/02/2025,09:42:53,49609.9,49604.25,60,49619.45,30,0,675360
BANKNIFTY-II.NFO,12/02/2025,09:42:54,49609.9,49605.95,60,49619.75,180,0,675360
BANKNIFTY-II.NFO,12/02/2025,09:42:56,49609.9,49604.5,120,49619.95,60,0,675360
BANKNIFTY-II.NFO,12/02/2025,09:42:58,49609.9,49600,60,49613.9,60,0,675360
BANKNIFTY-II.NFO,12/02/2025,09:42:59,49609.9,49600.05,60,49611.9,30,0,675360
BANKNIFTY-II.NFO,12/02/2025,09:43:01,49609.9,49600.8,120,49609.9,30,0,675360
BANKNIFTY-II.NFO,12/02/2025,09:43:03,49605.85,49595.25,120,49605.8,30,30,674580
BANKNIFTY-II.NFO,12/02/2025,09:43:04,49605.85,49599.65,120,49605.8,30,0,674580
BANKNIFTY-II.NFO,12/02/2025,09:43:06,49609.95,49600.45,120,49609.85,60,60,674580
BANKNIFTY-II.NFO,12/02/2025,09:43:08,49609.95,49592.2,90,49605.95,30,0,674580
BANKNIFTY-II.NFO,12/02/2025,09:43:09,49604.75,49590,30,49603.35,90,30,674580
BANKNIFTY-II.NFO,12/02/2025,09:43:11,49604.75,49590,30,49592.2,30,0,674580
BANKNIFTY-II.NFO,12/02/2025,09:43:14,49592.2,49586,30,49593.6,120,240,674580
BANKNIFTY-II.NFO,12/02/2025,09:43:16,49596.75,49586,30,49589.3,120,450,674580
BANKNIFTY-II.NFO,12/02/2025,09:43:18,49586,49575,60,49587.95,30,30,674580
BANKNIFTY-II.NFO,12/02/2025,09:43:19,49586,49576.55,60,49587.95,30,0,674580
BANKNIFTY-II.NFO,12/02/2025,09:43:21,49586,49571,120,49586.65,120,0,674580
BANKNIFTY-II.NFO,12/02/2025,09:43:23,49586,49575.15,60,49585.95,30,0,674580
BANKNIFTY-II.NFO,12/02/2025,09:43:24,49573.65,49571.3,120,49583.9,60,30,674580
BANKNIFTY-II.NFO,12/02/2025,09:43:26,49573.65,49570.5,60,49583.9,60,0,674580
BANKNIFTY-II.NFO,12/02/2025,09:43:28,49573.65,49573.65,60,49583.9,60,0,674580
BANKNIFTY-II.NFO,12/02/2025,09:43:29,49573.65,49573.65,60,49581.25,60,0,674580
BANKNIFTY-II.NFO,12/02/2025,09:43:31,49573.65,49573.65,30,49576.95,120,30,674580
BANKNIFTY-II.NFO,12/02/2025,09:43:33,49577.35,49573.65,30,49577.05,60,30,674580
BANKNIFTY-II.NFO,12/02/2025,09:43:34,49579.75,49573.65,30,49578.75,60,30,674580
BANKNIFTY-II.NFO,12/02/2025,09:43:36,49579.75,49573.65,30,49578.15,120,0,674580
BANKNIFTY-II.NFO,12/02/2025,09:43:38,49579.75,49573.65,30,49582.2,180,0,674580
BANKNIFTY-II.NFO,12/02/2025,09:43:39,49579.75,49573.65,30,49582.45,60,0,674580
BANKNIFTY-II.NFO,12/02/2025,09:43:41,49573.65,49570,30,49572,120,30,674580
BANKNIFTY-II.NFO,12/02/2025,09:43:43,49573.65,49570,30,49572.45,120,0,674580
BANKNIFTY-II.NFO,12/02/2025,09:43:44,49570,49561.1,60,49575.4,60,150,674580
BANKNIFTY-II.NFO,12/02/2025,09:43:46,49570,49558.65,60,49570.75,60,0,674580
BANKNIFTY-II.NFO,12/02/2025,09:43:48,49571.95,49559.95,120,49575,30,150,674580
BANKNIFTY-II.NFO,12/02/2025,09:43:49,49571.95,49558.75,60,49571.95,60,0,674580
BANKNIFTY-II.NFO,12/02/2025,09:43:51,49571.95,49573.9,120,49580.25,60,0,674580
BANKNIFTY-II.NFO,12/02/2025,09:43:53,49571.95,49573.9,120,49580.45,60,0,674580
BANKNIFTY-II.NFO,12/02/2025,09:43:54,49573.9,49573.9,60,49575.95,150,60,674580
BANKNIFTY-II.NFO,12/02/2025,09:43:56,49573.9,49573.9,60,49585.2,60,0,674580
BANKNIFTY-II.NFO,12/02/2025,09:43:58,49582.9,49571.8,120,49585.95,30,60,674580
BANKNIFTY-II.NFO,12/02/2025,09:43:59,49585.95,49568.15,150,49585.95,30,60,674580
BANKNIFTY-II.NFO,12/02/2025,09:44:01,49585.95,49576.1,120,49590.9,60,0,674580
BANKNIFTY-II.NFO,12/02/2025,09:44:03,49585.95,49580.55,120,49595.3,30,0,674580
BANKNIFTY-II.NFO,12/02/2025,09:44:04,49585.95,49580.9,60,49594.2,30,0,674580
BANKNIFTY-II.NFO,12/02/2025,09:44:06,49585.95,49576.45,120,49589.9,60,0,674580
BANKNIFTY-II.NFO,12/02/2025,09:44:08,49585.95,49578.6,120,49591.9,60,0,674580
BANKNIFTY-II.NFO,12/02/2025,09:44:09,49585.95,49576.1,60,49589.05,60,0,674580
BANKNIFTY-II.NFO,12/02/2025,09:44:11,49589.05,49572.05,60,49586.85,60,30,674580
BANKNIFTY-II.NFO,12/02/2025,09:44:13,49589.05,49576.2,120,49587.9,90,0,674580
BANKNIFTY-II.NFO,12/02/2025,09:44:14,49589.05,49574.45,120,49587.1,60,0,674580
BANKNIFTY-II.NFO,12/02/2025,09:44:16,49589.05,49570.95,150,49587.1,60,0,674580
BANKNIFTY-II.NFO,12/02/2025,09:44:17,49589.05,49568.2,120,49583.85,60,0,674580
BANKNIFTY-II.NFO,12/02/2025,09:44:19,49589.05,49566.55,60,49579.85,60,0,674580
BANKNIFTY-II.NFO,12/02/2025,09:44:21,49589.05,49561.8,120,49576.45,60,0,674580
BANKNIFTY-II.NFO,12/02/2025,09:44:22,49589.05,49559.35,60,49573.1,30,0,674580
BANKNIFTY-II.NFO,12/02/2025,09:44:24,49589.05,49561.5,150,49572.15,60,0,674580
BANKNIFTY-II.NFO,12/02/2025,09:44:26,49589.05,49563.4,120,49572.1,60,0,674580
BANKNIFTY-II.NFO,12/02/2025,09:44:27,49589.05,49564.1,120,49572.1,60,0,674580
BANKNIFTY-II.NFO,12/02/2025,09:44:29,49572.1,49567.45,120,49575.8,60,30,674580
BANKNIFTY-II.NFO,12/02/2025,09:44:30,49572.1,49570.4,120,49581.85,60,0,674580
BANKNIFTY-II.NFO,12/02/2025,09:44:32,49572.1,49568.6,120,49581.85,60,0,674580
BANKNIFTY-II.NFO,12/02/2025,09:44:34,49572.1,49570.25,60,49581.85,60,0,674580
BANKNIFTY-II.NFO,12/02/2025,09:44:35,49572.1,49575.1,60,49583.8,60,0,674580
BANKNIFTY-II.NFO,12/02/2025,09:44:37,49572.1,49581.9,120,49588.95,60,0,674580
BANKNIFTY-II.NFO,12/02/2025,09:44:39,49572.1,49574.5,60,49587.85,60,0,674580
BANKNIFTY-II.NFO,12/02/2025,09:44:40,49572.1,49571.5,120,49585.85,60,0,674580
BANKNIFTY-II.NFO,12/02/2025,09:44:42,49572.1,49572.45,60,49585.85,60,0,674580
BANKNIFTY-II.NFO,12/02/2025,09:44:44,49583.8,49572.1,30,49582.2,30,90,674580
BANKNIFTY-II.NFO,12/02/2025,09:44:45,49583.8,49572.1,30,49580.8,30,0,674580
BANKNIFTY-II.NFO,12/02/2025,09:44:47,49580.05,49572.1,90,49580,30,180,674580
BANKNIFTY-II.NFO,12/02/2025,09:44:49,49572.1,49572.1,60,49580,30,30,674580
BANKNIFTY-II.NFO,12/02/2025,09:44:50,49572.1,49572.1,60,49580,30,0,674580
BANKNIFTY-II.NFO,12/02/2025,09:44:54,49572.1,49572.1,60,49579.55,90,0,674580
BANKNIFTY-II.NFO,12/02/2025,09:44:55,49572.1,49572.1,60,49578,30,0,674580
BANKNIFTY-II.NFO,12/02/2025,09:44:57,49572.1,49572.1,60,49576.1,30,0,674580
BANKNIFTY-II.NFO,12/02/2025,09:44:59,49572.1,49572.1,30,49573.55,30,30,674580
BANKNIFTY-II.NFO,12/02/2025,09:45:00,49572.1,49558.25,120,49572.35,30,30,674580
BANKNIFTY-II.NFO,12/02/2025,09:45:02,49572.1,49558,60,49572.35,30,0,674580
BANKNIFTY-II.NFO,12/02/2025,09:45:04,49572.1,49558.8,60,49572.35,30,0,674580
BANKNIFTY-II.NFO,12/02/2025,09:45:05,49572.1,49555.25,60,49569.85,30,0,674580
BANKNIFTY-II.NFO,12/02/2025,09:45:07,49569.3,49557.35,120,49569.15,90,480,674580
BANKNIFTY-II.NFO,12/02/2025,09:45:09,49569.3,49561.45,120,49569.15,30,0,674580
BANKNIFTY-II.NFO,12/02/2025,09:45:10,49569.3,49557.95,120,49568.8,30,0,674580
BANKNIFTY-II.NFO,12/02/2025,09:45:12,49569.3,49560.7,120,49568.15,30,0,674580
BANKNIFTY-II.NFO,12/02/2025,09:45:14,49569.3,49559.45,120,49568.15,30,0,674580
BANKNIFTY-II.NFO,12/02/2025,09:45:15,49557.85,49559.15,60,49568.15,30,540,674580
BANKNIFTY-II.NFO,12/02/2025,09:45:17,49568.15,49563.1,30,49572,30,30,674580
BANKNIFTY-II.NFO,12/02/2025,09:45:19,49560.45,49563.25,60,49572,30,150,674580
BANKNIFTY-II.NFO,12/02/2025,09:45:20,49560.45,49563.3,60,49572,30,0,674580
BANKNIFTY-II.NFO,12/02/2025,09:45:22,49560.45,49557.9,60,49571.95,60,0,674580
BANKNIFTY-II.NFO,12/02/2025,09:45:24,49557.85,49557,30,49567.4,60,30,674580
BANKNIFTY-II.NFO,12/02/2025,09:45:25,49544.3,49544.95,30,49559.45,60,420,674580
BANKNIFTY-II.NFO,12/02/2025,09:45:25,49544.3,49544.95,30,49559.45,60,0,674580
BANKNIFTY-II.NFO,12/02/2025,09:45:27,49544.3,49544.3,30,49556.65,60,0,674580
BANKNIFTY-II.NFO,12/02/2025,09:45:29,49544.3,49542.55,30,49555.65,60,0,674580
BANKNIFTY-II.NFO,12/02/2025,09:45:30,49544.3,49542.55,30,49555.6,60,0,674580
BANKNIFTY-II.NFO,12/02/2025,09:45:32,49544.3,49542.55,30,49552.1,60,0,674580
BANKNIFTY-II.NFO,12/02/2025,09:45:34,49540.05,49520,30,49531.95,30,120,674580
BANKNIFTY-II.NFO,12/02/2025,09:45:34,49540,49520,30,49531.95,30,0,674580
BANKNIFTY-II.NFO,12/02/2025,09:45:35,49520,49510,510,49522.85,120,60,674580
BANKNIFTY-II.NFO,12/02/2025,09:45:35,49520,49510,510,49522.85,120,0,674580
BANKNIFTY-II.NFO,12/02/2025,09:45:37,49520.45,49510.15,60,49524.4,60,30,674580
BANKNIFTY-II.NFO,12/02/2025,09:45:39,49520.45,49513.4,60,49525.9,60,0,674580
BANKNIFTY-II.NFO,12/02/2025,09:45:40,49532,49516.85,60,49532.05,60,60,674580
BANKNIFTY-II.NFO,12/02/2025,09:45:42,49532,49511.05,60,49527.2,60,0,674580
BANKNIFTY-II.NFO,12/02/2025,09:45:44,49510,49510,480,49520.45,300,30,674580
BANKNIFTY-II.NFO,12/02/2025,09:45:44,49510,49510,480,49520.45,300,0,674580
BANKNIFTY-II.NFO,12/02/2025,09:45:45,49510,49510,480,49520.4,120,0,674580
BANKNIFTY-II.NFO,12/02/2025,09:45:47,49518.7,49510,480,49520.4,120,60,674580
BANKNIFTY-II.NFO,12/02/2025,09:45:49,49510,49506.8,30,49510,30,480,674580
BANKNIFTY-II.NFO,12/02/2025,09:45:50,49509.95,49500.1,30,49509.95,120,60,674580
BANKNIFTY-II.NFO,12/02/2025,09:45:50,49506.8,49500.1,30,49509.95,120,0,674580
BANKNIFTY-II.NFO,12/02/2025,09:45:52,49509.95,49500.1,30,49505.25,150,0,674580
BANKNIFTY-II.NFO,12/02/2025,09:45:54,49499.95,49485.25,30,49491.95,150,570,674580
BANKNIFTY-II.NFO,12/02/2025,09:45:54,49499.95,49485.25,30,49491.95,150,0,674580
BANKNIFTY-II.NFO,12/02/2025,09:45:55,49496.1,49485.3,30,49497.95,30,480,675600
BANKNIFTY-II.NFO,12/02/2025,09:45:55,49492.8,49485.3,30,49497.95,30,0,675600
BANKNIFTY-II.NFO,12/02/2025,09:45:57,49485.3,49487.5,60,49501.85,30,30,675600
BANKNIFTY-II.NFO,12/02/2025,09:45:57,49485.3,49487.5,60,49501.85,30,0,675600
BANKNIFTY-II.NFO,12/02/2025,09:45:59,49501.95,49487.95,60,49503.3,60,90,675600
BANKNIFTY-II.NFO,12/02/2025,09:46:00,49485.25,49485,90,49486.3,300,30,675600
BANKNIFTY-II.NFO,12/02/2025,09:46:00,49485.25,49485,90,49486.3,300,0,675600
BANKNIFTY-II.NFO,12/02/2025,09:46:02,49485,49485,60,49487.35,300,30,675600
BANKNIFTY-II.NFO,12/02/2025,09:46:02,49485,49485,60,49487.35,300,0,675600
BANKNIFTY-II.NFO,12/02/2025,09:46:04,49495.9,49488.25,30,49501.05,90,330,675600
BANKNIFTY-II.NFO,12/02/2025,09:46:04,49478.8,49488.25,30,49501.05,90,0,675600
BANKNIFTY-II.NFO,12/02/2025,09:46:05,49488.25,49482.75,30,49496.5,60,30,675600
BANKNIFTY-II.NFO,12/02/2025,09:46:07,49488.25,49480.9,30,49495.7,90,0,675600
BANKNIFTY-II.NFO,12/02/2025,09:46:09,49478.55,49480.95,30,49494.25,90,90,675600
BANKNIFTY-II.NFO,12/02/2025,09:46:09,49478.55,49480.95,30,49494.25,90,0,675600
BANKNIFTY-II.NFO,12/02/2025,09:46:10,49478.55,49479.95,30,49493.25,90,0,675600
BANKNIFTY-II.NFO,12/02/2025,09:46:12,49479.95,49480.3,30,49492.85,120,330,675600
BANKNIFTY-II.NFO,12/02/2025,09:46:12,49470.1,49480.3,30,49492.85,120,0,675600
BANKNIFTY-II.NFO,12/02/2025,09:46:14,49492.85,49481.85,30,49492.75,30,30,675600
BANKNIFTY-II.NFO,12/02/2025,09:46:15,49492.85,49481.5,30,49492.9,120,0,675600
BANKNIFTY-II.NFO,12/02/2025,09:46:17,49492.85,49471.6,30,49478.8,300,0,675600
BANKNIFTY-II.NFO,12/02/2025,09:46:19,49469.1,49472.4,30,49486.1,60,1020,675600
BANKNIFTY-II.NFO,12/02/2025,09:46:19,49456.25,49472.4,30,49486.1,60,0,675600
BANKNIFTY-II.NFO,12/02/2025,09:46:20,49469.1,49469.2,30,49481.75,120,0,675600
BANKNIFTY-II.NFO,12/02/2025,09:46:22,49469.1,49464.7,30,49478.5,60,0,675600
BANKNIFTY-II.NFO,12/02/2025,09:46:24,49469.1,49455,60,49466.85,120,0,675600
BANKNIFTY-II.NFO,12/02/2025,09:46:25,49450,49451,30,49453.7,300,330,675600
BANKNIFTY-II.NFO,12/02/2025,09:46:25,49450,49451,30,49453.7,300,0,675600
BANKNIFTY-II.NFO,12/02/2025,09:46:27,49468.8,49453.4,30,49466.65,60,210,675600
BANKNIFTY-II.NFO,12/02/2025,09:46:29,49463.9,49455.9,30,49467.75,60,330,675600
BANKNIFTY-II.NFO,12/02/2025,09:46:29,49447.1,49455.9,30,49467.75,60,0,675600
BANKNIFTY-II.NFO,12/02/2025,09:46:30,49446.9,49458.4,30,49469.1,30,900,675600
BANKNIFTY-II.NFO,12/02/2025,09:46:30,49446.9,49458.4,30,49469.1,30,0,675600
BANKNIFTY-II.NFO,12/02/2025,09:46:32,49469.9,49455.1,30,49469.15,60,210,675600
BANKNIFTY-II.NFO,12/02/2025,09:46:34,49469.9,49455.05,30,49468.6,60,0,675600
BANKNIFTY-II.NFO,12/02/2025,09:46:35,49446.3,49452.85,30,49466.45,60,330,675600
BANKNIFTY-II.NFO,12/02/2025,09:46:35,49446.3,49452.85,30,49466.45,60,0,675600
BANKNIFTY-II.NFO,12/02/2025,09:46:37,49462.55,49448.6,30,49463.75,60,90,675600
BANKNIFTY-II.NFO,12/02/2025,09:46:39,49462.55,49452.25,30,49462.95,60,0,675600
BANKNIFTY-II.NFO,12/02/2025,09:46:40,49462.55,49451.35,30,49463.05,60,0,675600
BANKNIFTY-II.NFO,12/02/2025,09:46:42,49446.25,49452.35,30,49463.9,60,300,675600
BANKNIFTY-II.NFO,12/02/2025,09:46:42,49446.25,49452.35,30,49463.9,60,0,675600
BANKNIFTY-II.NFO,12/02/2025,09:46:44,49446.25,49453.5,30,49465.9,60,0,675600
BANKNIFTY-II.NFO,12/02/2025,09:46:45,49455.9,49454.35,60,49469.05,60,30,675600
BANKNIFTY-II.NFO,12/02/2025,09:46:47,49455.6,49454.65,30,49468.25,60,60,675600
BANKNIFTY-II.NFO,12/02/2025,09:46:49,49455.6,49456.8,60,49468.4,60,0,675600
BANKNIFTY-II.NFO,12/02/2025,09:46:50,49468.4,49458.6,60,49469.1,30,90,675600
BANKNIFTY-II.NFO,12/02/2025,09:46:52,49468.05,49460.1,30,49481,120,90,675600
BANKNIFTY-II.NFO,12/02/2025,09:46:54,49468.05,49468,60,49483.5,60,0,675600
BANKNIFTY-II.NFO,12/02/2025,09:46:55,49478.1,49479.05,60,49496.1,60,60,675600
BANKNIFTY-II.NFO,12/02/2025,09:46:57,49478.1,49467.35,90,49483.35,60,0,675600
BANKNIFTY-II.NFO,12/02/2025,09:46:59,49488.6,49461.65,30,49477.85,60,30,675600
BANKNIFTY-II.NFO,12/02/2025,09:47:00,49488.6,49458.75,30,49474.6,60,0,675600
BANKNIFTY-II.NFO,12/02/2025,09:47:02,49488.6,49462.85,30,49480.8,60,0,675600
BANKNIFTY-II.NFO,12/02/2025,09:47:04,49482.55,49469.6,30,49483.55,60,30,675600
BANKNIFTY-II.NFO,12/02/2025,09:47:05,49482.55,49476.55,30,49488.6,30,0,675600
BANKNIFTY-II.NFO,12/02/2025,09:47:07,49482.55,49470.4,30,49486.35,60,0,675600
BANKNIFTY-II.NFO,12/02/2025,09:47:09,49473.5,49473.6,90,49488.5,60,60,675600
BANKNIFTY-II.NFO,12/02/2025,09:47:10,49473.5,49483.55,30,49488.6,30,0,675600
BANKNIFTY-II.NFO,12/02/2025,09:47:15,49488.6,49483.6,60,49498.85,60,30,675600
BANKNIFTY-II.NFO,12/02/2025,09:47:17,49488.6,49483.55,30,49498.45,120,0,675600
BANKNIFTY-II.NFO,12/02/2025,09:47:19,49488.6,49484.95,60,49501.2,60,0,675600
BANKNIFTY-II.NFO,12/02/2025,09:47:20,49488.6,49485.6,120,49500.65,60,0,675600
BANKNIFTY-II.NFO,12/02/2025,09:47:22,49488.6,49483.55,30,49494.7,60,0,675600
BANKNIFTY-II.NFO,12/02/2025,09:47:24,49488.6,49483.55,30,49493.15,60,0,675600
BANKNIFTY-II.NFO,12/02/2025,09:47:25,49493.3,49483.8,30,49499.15,120,30,675600
BANKNIFTY-II.NFO,12/02/2025,09:47:27,49493.3,49487.3,30,49500.6,120,0,675600
BANKNIFTY-II.NFO,12/02/2025,09:47:29,49500.9,49491.05,30,49509.95,120,60,675600
BANKNIFTY-II.NFO,12/02/2025,09:47:30,49504.9,49497.5,60,49510,30,30,675600
BANKNIFTY-II.NFO,12/02/2025,09:47:32,49504.9,49489.85,60,49505.2,120,0,675600
BANKNIFTY-II.NFO,12/02/2025,09:47:34,49504.9,49491,60,49506,120,0,675600
BANKNIFTY-II.NFO,12/02/2025,09:47:36,49504.9,49493.6,60,49508.95,60,0,675600
BANKNIFTY-II.NFO,12/02/2025,09:47:37,49504.9,49494.05,60,49509.15,120,0,675600
BANKNIFTY-II.NFO,12/02/2025,09:47:39,49494.8,49498.5,30,49510,30,30,675600
BANKNIFTY-II.NFO,12/02/2025,09:47:41,49494.8,49501.65,30,49510,30,0,675600
BANKNIFTY-II.NFO,12/02/2025,09:47:42,49510,49493.85,30,49511.75,120,30,675600
BANKNIFTY-II.NFO,12/02/2025,09:47:44,49509.95,49491.15,30,49509.65,150,30,675600
BANKNIFTY-II.NFO,12/02/2025,09:47:46,49509.95,49493.65,30,49508.6,120,0,675600
BANKNIFTY-II.NFO,12/02/2025,09:47:47,49508.45,49491.05,60,49507.95,120,30,675600
BANKNIFTY-II.NFO,12/02/2025,09:47:49,49508.45,49491.1,30,49502.8,120,0,675600
BANKNIFTY-II.NFO,12/02/2025,09:47:51,49508.45,49488.65,30,49500.05,120,0,675600
BANKNIFTY-II.NFO,12/02/2025,09:47:52,49508.45,49488.65,30,49498.75,120,0,675600
BANKNIFTY-II.NFO,12/02/2025,09:47:54,49483,49482.35,30,49497.2,120,450,675600
BANKNIFTY-II.NFO,12/02/2025,09:47:56,49483,49484.9,30,49498,120,0,675600
BANKNIFTY-II.NFO,12/02/2025,09:47:57,49483,49484.9,30,49496.35,60,0,675600
BANKNIFTY-II.NFO,12/02/2025,09:47:59,49483,49487.35,30,49498.45,120,0,675600
BANKNIFTY-II.NFO,12/02/2025,09:48:01,49483,49491.3,60,49505.25,60,0,675600
BANKNIFTY-II.NFO,12/02/2025,09:48:02,49493.55,49493.95,60,49508.9,60,60,675600
BANKNIFTY-II.NFO,12/02/2025,09:48:04,49493.55,49494.35,30,49506,120,0,675600
BANKNIFTY-II.NFO,12/02/2025,09:48:06,49493.55,49490.6,30,49504.3,60,0,675600
BANKNIFTY-II.NFO,12/02/2025,09:48:07,49493.55,49489.8,30,49500,30,0,675600
BANKNIFTY-II.NFO,12/02/2025,09:48:09,49493.55,49488.8,30,49498.65,120,0,675600
BANKNIFTY-II.NFO,12/02/2025,09:48:11,49493.55,49488.8,30,49499.85,180,0,675600
BANKNIFTY-II.NFO,12/02/2025,09:48:12,49493.55,49487,30,49499.85,210,0,675600
BANKNIFTY-II.NFO,12/02/2025,09:48:14,49479.85,49484.1,30,49499.85,180,480,675600
BANKNIFTY-II.NFO,12/02/2025,09:48:15,49479.85,49486,30,49491.7,150,0,675600
BANKNIFTY-II.NFO,12/02/2025,09:48:17,49489.75,49477.4,30,49489.85,60,30,675600
BANKNIFTY-II.NFO,12/02/2025,09:48:19,49473.05,49478.2,60,49492.5,60,90,675600
BANKNIFTY-II.NFO,12/02/2025,09:48:20,49473.05,49478.75,60,49495.05,60,0,675600
BANKNIFTY-II.NFO,12/02/2025,09:48:22,49473.05,49483.3,60,49499.2,60,0,675600
BANKNIFTY-II.NFO,12/02/2025,09:48:24,49484,49484.25,60,49498.4,60,30,675600
BANKNIFTY-II.NFO,12/02/2025,09:48:25,49484,49483.65,60,49498.05,60,0,675600
BANKNIFTY-II.NFO,12/02/2025,09:48:27,49482.55,49481.8,60,49496.05,60,30,675600
BANKNIFTY-II.NFO,12/02/2025,09:48:29,49482.55,49478.05,60,49493.1,60,0,675600
BANKNIFTY-II.NFO,12/02/2025,09:48:30,49482.55,49478.8,60,49495.1,120,0,675600
BANKNIFTY-II.NFO,12/02/2025,09:48:32,49482.55,49483.4,60,49499.15,60,0,675600
BANKNIFTY-II.NFO,12/02/2025,09:48:34,49482.55,49487.9,90,49499.95,60,0,675600
BANKNIFTY-II.NFO,12/02/2025,09:48:35,49484.35,49489.15,150,49500,90,420,675600
BANKNIFTY-II.NFO,12/02/2025,09:48:37,49500,49505,30,49515.9,120,90,675600
BANKNIFTY-II.NFO,12/02/2025,09:48:39,49507,49488.7,180,49505.1,60,30,675600
BANKNIFTY-II.NFO,12/02/2025,09:48:40,49507,49495.65,60,49512.05,60,0,675600
BANKNIFTY-II.NFO,12/02/2025,09:48:42,49507,49499.1,60,49512.35,60,0,675600
BANKNIFTY-II.NFO,12/02/2025,09:48:44,49507,49490,60,49507.7,150,0,675600
BANKNIFTY-II.NFO,12/02/2025,09:48:45,49507,49492.65,60,49505.8,60,0,675600
BANKNIFTY-II.NFO,12/02/2025,09:48:47,49507,49485.35,60,49503.4,150,0,675600
BANKNIFTY-II.NFO,12/02/2025,09:48:49,49507,49478,30,49490.9,120,0,675600
BANKNIFTY-II.NFO,12/02/2025,09:48:50,49490.3,49478,30,49487.95,120,30,675600
BANKNIFTY-II.NFO,12/02/2025,09:48:52,49490.3,49478.05,30,49490.4,60,0,675600
BANKNIFTY-II.NFO,12/02/2025,09:48:54,49490.3,49478.6,30,49491.55,60,0,675600
BANKNIFTY-II.NFO,12/02/2025,09:48:55,49479,49478,30,49491.5,60,60,679620
BANKNIFTY-II.NFO,12/02/2025,09:48:57,49479,49478,30,49483.55,120,0,679620
BANKNIFTY-II.NFO,12/02/2025,09:48:59,49478,49455.55,60,49470.45,60,30,679620
BANKNIFTY-II.NFO,12/02/2025,09:49:00,49478,49451.6,30,49463.05,120,0,679620
BANKNIFTY-II.NFO,12/02/2025,09:49:02,49471.75,49458.15,60,49476.35,120,60,679620
BANKNIFTY-II.NFO,12/02/2025,09:49:04,49476.35,49460.6,90,49478.85,180,30,679620
BANKNIFTY-II.NFO,12/02/2025,09:49:05,49476.35,49459.1,90,49477.9,150,0,679620
BANKNIFTY-II.NFO,12/02/2025,09:49:07,49476.35,49452.65,90,49469.05,120,0,679620
BANKNIFTY-II.NFO,12/02/2025,09:49:09,49476.35,49453.45,30,49467.15,120,0,679620
BANKNIFTY-II.NFO,12/02/2025,09:49:10,49476.35,49452,30,49464.3,120,0,679620
BANKNIFTY-II.NFO,12/02/2025,09:49:12,49476.35,49452,30,49462.4,120,0,679620
BANKNIFTY-II.NFO,12/02/2025,09:49:14,49476.35,49452,30,49462.6,120,0,679620
BANKNIFTY-II.NFO,12/02/2025,09:49:15,49476.35,49452,30,49462.25,120,0,679620
BANKNIFTY-II.NFO,12/02/2025,09:49:17,49476.35,49452,30,49461.15,120,0,679620
BANKNIFTY-II.NFO,12/02/2025,09:49:19,49476.35,49452,30,49456.8,120,0,679620
BANKNIFTY-II.NFO,12/02/2025,09:49:20,49476.35,49452,30,49460.8,120,0,679620
BANKNIFTY-II.NFO,12/02/2025,09:49:22,49456.25,49450,60,49460.4,150,60,679620
BANKNIFTY-II.NFO,12/02/2025,09:49:24,49456.25,49450,60,49456.65,150,0,679620
BANKNIFTY-II.NFO,12/02/2025,09:49:25,49455.35,49450,60,49455.85,30,90,679620
BANKNIFTY-II.NFO,12/02/2025,09:49:27,49458.85,49450,30,49459.35,60,180,679620
BANKNIFTY-II.NFO,12/02/2025,09:49:29,49458.85,49450,30,49458.35,60,0,679620
BANKNIFTY-II.NFO,12/02/2025,09:49:30,49458.85,49450,60,49457.9,60,0,679620
BANKNIFTY-II.NFO,12/02/2025,09:49:32,49458.85,49450,60,49459.45,60,0,679620
BANKNIFTY-II.NFO,12/02/2025,09:49:34,49458.85,49450,60,49462.6,60,0,679620
BANKNIFTY-II.NFO,12/02/2025,09:49:35,49458.85,49450,60,49459.2,90,0,679620
BANKNIFTY-II.NFO,12/02/2025,09:49:37,49460.5,49450,60,49461.05,30,60,679620
BANKNIFTY-II.NFO,12/02/2025,09:49:39,49460.5,49450,60,49461.1,60,0,679620
BANKNIFTY-II.NFO,12/02/2025,09:49:40,49460.5,49450,60,49455.35,60,0,679620
BANKNIFTY-II.NFO,12/02/2025,09:49:42,49441,49440.05,30,49445.7,90,270,679620
BANKNIFTY-II.NFO,12/02/2025,09:49:42,49441,49440.05,30,49445.7,90,0,679620
BANKNIFTY-II.NFO,12/02/2025,09:49:44,49430.1,49430.1,30,49436.8,60,60,679620
BANKNIFTY-II.NFO,12/02/2025,09:49:44,49430.1,49430.1,30,49436.8,60,0,679620
BANKNIFTY-II.NFO,12/02/2025,09:49:46,49440.6,49427.55,120,49442.9,60,120,679620
BANKNIFTY-II.NFO,12/02/2025,09:49:47,49442.05,49431.45,60,49446,60,30,679620
BANKNIFTY-II.NFO,12/02/2025,09:49:49,49442.05,49430.1,30,49443.8,60,0,679620
BANKNIFTY-II.NFO,12/02/2025,09:49:51,49442.05,49430.25,120,49445.05,60,0,679620
