Ticker,Date,Time,LTP,BuyPrice,BuyQty,SellPrice,SellQty,LTQ,OpenInterest
NIFTY-I.NFO,21/08/2024,09:15:00,24697.7,24699.2,100,24704.75,50,125,0
NIFTY-I.NFO,21/08/2024,09:15:00,24697.7,24699.2,100,24704.75,50,0,0
NIFTY-I.NFO,21/08/2024,09:15:00,24700,24699.2,100,24704.75,50,0,0
NIFTY-I.NFO,21/08/2024,09:15:00,24697.7,24699.2,100,24704.75,50,0,0
NIFTY-I.NFO,21/08/2024,09:15:01,24698,24698,25,24702.8,25,4525,10772675
NIFTY-I.NFO,21/08/2024,09:15:01,24705.95,24698,25,24702.8,25,0,10772675
NIFTY-I.NFO,21/08/2024,09:15:01,24696.35,24698,25,24702.8,25,0,10772675
NIFTY-I.NFO,21/08/2024,09:15:02,24702.4,24698.65,150,24702.95,25,225,10772675
NIFTY-I.NFO,21/08/2024,09:15:03,24696.2,24696.3,100,24702.45,75,1325,10772675
NIFTY-I.NFO,21/08/2024,09:15:03,24692.15,24696.3,100,24702.45,75,0,10772675
NIFTY-I.NFO,21/08/2024,09:15:03,24696.2,24697.1,100,24703.55,75,0,10772675
NIFTY-I.NFO,21/08/2024,09:15:04,24703,24700.1,150,24701.35,25,75,10772675
NIFTY-I.NFO,21/08/2024,09:15:06,24702,24700.15,100,24702.7,50,2275,10772675
NIFTY-I.NFO,21/08/2024,09:15:07,24698.55,24698.55,250,24701.25,250,950,10772675
NIFTY-I.NFO,21/08/2024,09:15:08,24701,24698.1,200,24698.4,50,675,10772675
NIFTY-I.NFO,21/08/2024,09:15:09,24703.35,24698.1,150,24701.95,25,1300,10772675
NIFTY-I.NFO,21/08/2024,09:15:10,24698.1,24698.1,50,24700.4,25,1175,10772675
NIFTY-I.NFO,21/08/2024,09:15:11,24699.5,24694,25,24699.5,25,675,10772675
NIFTY-I.NFO,21/08/2024,09:15:12,24698.05,24694,25,24698.1,25,350,10772675
NIFTY-I.NFO,21/08/2024,09:15:13,24698.65,24695.05,100,24700,25,575,10772675
NIFTY-I.NFO,21/08/2024,09:15:15,24699.5,24695.3,25,24699.75,25,575,10772675
NIFTY-I.NFO,21/08/2024,09:15:16,24700.6,24695.6,25,24700,25,2875,10772675
NIFTY-I.NFO,21/08/2024,09:15:17,24696.75,24696.75,25,24702.15,100,2225,10772675
NIFTY-I.NFO,21/08/2024,09:15:18,24702.55,24696.95,100,24702.25,25,575,10772675
NIFTY-I.NFO,21/08/2024,09:15:19,24695.65,24695.05,100,24699.95,100,450,10772675
NIFTY-I.NFO,21/08/2024,09:15:21,24695.85,24693.55,25,24695,50,1150,10772675
NIFTY-I.NFO,21/08/2024,09:15:22,24694.25,24693.9,125,24699.35,100,275,10772675
NIFTY-I.NFO,21/08/2024,09:15:23,24695.6,24695.95,25,24699.95,100,1100,10772675
NIFTY-I.NFO,21/08/2024,09:15:24,24700,24697.5,125,24703.25,100,1050,10772675
NIFTY-I.NFO,21/08/2024,09:15:25,24700.55,24700.55,200,24706.05,50,650,10772675
NIFTY-I.NFO,21/08/2024,09:15:25,24707.5,24700.55,200,24706.05,50,0,10772675
NIFTY-I.NFO,21/08/2024,09:15:27,24706.8,24700.15,25,24705.9,100,1100,10772675
NIFTY-I.NFO,21/08/2024,09:15:28,24702.7,24702.7,125,24707.9,100,1125,10772675
NIFTY-I.NFO,21/08/2024,09:15:29,24703.25,24704.7,200,24710.45,100,2200,10772675
NIFTY-I.NFO,21/08/2024,09:15:29,24710.5,24704.7,200,24710.45,100,0,10772675
NIFTY-I.NFO,21/08/2024,09:15:30,24710.05,24705.9,50,24710.95,100,1550,10772675
NIFTY-I.NFO,21/08/2024,09:15:30,24711.25,24705.9,50,24710.95,100,0,10772675
NIFTY-I.NFO,21/08/2024,09:15:31,24705.7,24705.4,100,24710.85,100,25,10772675
NIFTY-I.NFO,21/08/2024,09:15:32,24708.65,24705.05,50,24708.65,50,2450,10772675
NIFTY-I.NFO,21/08/2024,09:15:34,24703.9,24704.65,200,24709.1,25,1600,10772675
NIFTY-I.NFO,21/08/2024,09:15:35,24703.55,24703.8,200,24707.7,100,500,10772675
NIFTY-I.NFO,21/08/2024,09:15:36,24707.25,24702.45,100,24707.4,50,200,10772675
NIFTY-I.NFO,21/08/2024,09:15:37,24703.9,24703,100,24708.05,100,475,10772675
NIFTY-I.NFO,21/08/2024,09:15:39,24703.6,24703.6,175,24709.3,25,875,10772675
NIFTY-I.NFO,21/08/2024,09:15:40,24709.9,24705.6,75,24710.45,100,150,10772675
NIFTY-I.NFO,21/08/2024,09:15:41,24707.25,24705.25,175,24709.65,100,475,10772675
NIFTY-I.NFO,21/08/2024,09:15:42,24709,24707.75,125,24709.95,75,75,10772675
NIFTY-I.NFO,21/08/2024,09:15:43,24710.95,24705.85,200,24710.85,25,2100,10772675
NIFTY-I.NFO,21/08/2024,09:15:45,24705.9,24705.55,100,24709.8,100,350,10772675
NIFTY-I.NFO,21/08/2024,09:15:46,24705.05,24705.1,100,24708.95,75,775,10772675
NIFTY-I.NFO,21/08/2024,09:15:47,24705.8,24705.85,200,24711.1,100,2350,10770800
NIFTY-I.NFO,21/08/2024,09:15:48,24706.7,24707.9,175,24711.15,100,150,10770800
NIFTY-I.NFO,21/08/2024,09:15:49,24709.05,24706,125,24709.05,75,200,10770800
NIFTY-I.NFO,21/08/2024,09:15:51,24707.6,24708,200,24710,575,225,10770800
NIFTY-I.NFO,21/08/2024,09:15:52,24709.45,24711.15,100,24713.85,100,975,10770800
NIFTY-I.NFO,21/08/2024,09:15:52,24712,24711.15,100,24713.85,100,0,10770800
NIFTY-I.NFO,21/08/2024,09:15:53,24713.25,24707.6,100,24712.85,100,1325,10770800
NIFTY-I.NFO,21/08/2024,09:15:53,24713.9,24707.6,100,24712.85,100,0,10770800
NIFTY-I.NFO,21/08/2024,09:15:54,24708.45,24708.3,175,24713.45,75,1950,10770800
NIFTY-I.NFO,21/08/2024,09:15:56,24714.95,24710.65,325,24715,525,1200,10770800
NIFTY-I.NFO,21/08/2024,09:15:56,24714.95,24710.65,325,24715,525,0,10770800
NIFTY-I.NFO,21/08/2024,09:15:57,24714.05,24714.05,200,24717.95,100,1000,10770800
NIFTY-I.NFO,21/08/2024,09:15:57,24717.65,24714.05,200,24717.95,100,0,10770800
NIFTY-I.NFO,21/08/2024,09:15:58,24718.7,24716.5,25,24718.7,75,3600,10770800
NIFTY-I.NFO,21/08/2024,09:15:58,24719,24716.5,25,24718.7,75,0,10770800
NIFTY-I.NFO,21/08/2024,09:15:59,24715.15,24714.45,175,24718.95,50,500,10770800
NIFTY-I.NFO,21/08/2024,09:16:00,24715.55,24715.55,25,24720,225,900,10770800
NIFTY-I.NFO,21/08/2024,09:16:00,24720,24715.55,25,24720,225,0,10770800
NIFTY-I.NFO,21/08/2024,09:16:02,24720,24717.95,300,24720,200,175,10770800
NIFTY-I.NFO,21/08/2024,09:16:03,24720,24717.95,100,24721.85,100,425,10770800
NIFTY-I.NFO,21/08/2024,09:16:04,24720,24718.7,200,24721.6,100,200,10770800
NIFTY-I.NFO,21/08/2024,09:16:04,24721.85,24718.7,200,24721.6,100,0,10770800
NIFTY-I.NFO,21/08/2024,09:16:05,24716.5,24715.6,25,24718.6,100,350,10770800
NIFTY-I.NFO,21/08/2024,09:16:07,24721.6,24718.15,125,24720.45,25,775,10770800
NIFTY-I.NFO,21/08/2024,09:16:08,24718.15,24717.9,200,24721.35,25,75,10770800
NIFTY-I.NFO,21/08/2024,09:16:09,24722.15,24718.9,275,24723.7,100,1925,10770800
NIFTY-I.NFO,21/08/2024,09:16:09,24722.7,24718.9,275,24723.7,100,0,10770800
NIFTY-I.NFO,21/08/2024,09:16:10,24722.2,24716.3,250,24718.9,50,400,10770800
NIFTY-I.NFO,21/08/2024,09:16:11,24719.85,24715.45,75,24719.7,175,150,10770800
NIFTY-I.NFO,21/08/2024,09:16:13,24716.3,24716.3,125,24719.65,100,75,10770800
NIFTY-I.NFO,21/08/2024,09:16:14,24719,24715.75,250,24719.65,100,100,10770800
NIFTY-I.NFO,21/08/2024,09:16:15,24719.9,24716.95,275,24721.4,100,150,10770800
NIFTY-I.NFO,21/08/2024,09:16:16,24722.05,24718.6,100,24722.1,25,375,10770800
NIFTY-I.NFO,21/08/2024,09:16:18,24722.2,24717.7,125,24722.65,100,375,10770800
NIFTY-I.NFO,21/08/2024,09:16:19,24718.25,24716.85,25,24721.95,100,900,10770800
NIFTY-I.NFO,21/08/2024,09:16:20,24716.45,24716.3,375,24720.7,175,750,10770800
NIFTY-I.NFO,21/08/2024,09:16:21,24716.85,24716.45,275,24721.1,100,75,10770800
NIFTY-I.NFO,21/08/2024,09:16:22,24716.5,24716.95,125,24720.4,100,175,10770800
NIFTY-I.NFO,21/08/2024,09:16:24,24717,24717.15,350,24721.3,100,75,10770800
NIFTY-I.NFO,21/08/2024,09:16:25,24724,24719.35,200,24724,75,1975,10770800
NIFTY-I.NFO,21/08/2024,09:16:25,24724,24719.35,200,24724,75,0,10770800
NIFTY-I.NFO,21/08/2024,09:16:26,24720.9,24720.05,100,24722,25,275,10770800
NIFTY-I.NFO,21/08/2024,09:16:27,24720.05,24720,500,24721.85,100,125,10770800
NIFTY-I.NFO,21/08/2024,09:16:28,24723.85,24722,50,24723.75,75,575,10770800
NIFTY-I.NFO,21/08/2024,09:16:30,24720,24720.05,800,24723.4,100,600,10770800
NIFTY-I.NFO,21/08/2024,09:16:31,24725,24722.05,300,24726.75,100,1650,10770800
NIFTY-I.NFO,21/08/2024,09:16:31,24725,24722.05,300,24726.75,100,0,10770800
NIFTY-I.NFO,21/08/2024,09:16:32,24726.95,24722.8,125,24726.95,50,150,10770800
NIFTY-I.NFO,21/08/2024,09:16:32,24726.95,24722.8,125,24726.95,50,0,10770800
NIFTY-I.NFO,21/08/2024,09:16:33,24724.95,24721.25,125,24724.95,25,200,10770800
NIFTY-I.NFO,21/08/2024,09:16:35,24720.05,24720.05,500,24722,275,175,10770800
NIFTY-I.NFO,21/08/2024,09:16:36,24722,24722,50,24724.9,100,725,10770800
NIFTY-I.NFO,21/08/2024,09:16:37,24724.85,24722,100,24724.85,25,100,10770800
NIFTY-I.NFO,21/08/2024,09:16:38,24724.85,24723.6,25,24724.8,25,0,10770800
NIFTY-I.NFO,21/08/2024,09:16:40,24727,24722.95,200,24726.9,100,375,10770800
NIFTY-I.NFO,21/08/2024,09:16:40,24727,24722.95,200,24726.9,100,0,10770800
NIFTY-I.NFO,21/08/2024,09:16:41,24722.2,24724.85,100,24725,75,100,10770800
NIFTY-I.NFO,21/08/2024,09:16:42,24720.15,24720.15,225,24722,275,2125,10770800
NIFTY-I.NFO,21/08/2024,09:16:43,24722,24720.05,250,24722,250,150,10770800
NIFTY-I.NFO,21/08/2024,09:16:44,24721.95,24720.15,225,24721.95,50,50,10770800
NIFTY-I.NFO,21/08/2024,09:16:46,24718.35,24717.05,350,24720,125,1075,10770800
NIFTY-I.NFO,21/08/2024,09:16:47,24716.35,24716.4,250,24720,25,1750,10770800
NIFTY-I.NFO,21/08/2024,09:16:48,24717.4,24717.4,300,24721.7,100,150,10770800
NIFTY-I.NFO,21/08/2024,09:16:50,24717.75,24717.7,25,24721.1,25,50,10770800
NIFTY-I.NFO,21/08/2024,09:16:51,24718.35,24718.45,225,24720,75,325,10770800
NIFTY-I.NFO,21/08/2024,09:16:52,24720,24717.4,125,24720,50,375,10770800
NIFTY-I.NFO,21/08/2024,09:16:53,24716.85,24716.55,250,24720,125,150,10770800
NIFTY-I.NFO,21/08/2024,09:16:54,24719.95,24716.9,350,24718.45,25,25,10770800
NIFTY-I.NFO,21/08/2024,09:16:56,24717.65,24716,275,24717.65,25,325,10770800
NIFTY-I.NFO,21/08/2024,09:16:57,24716.85,24716.05,900,24717.4,25,100,10770800
NIFTY-I.NFO,21/08/2024,09:16:58,24716.05,24716.05,550,24717.9,25,400,10770800
NIFTY-I.NFO,21/08/2024,09:17:00,24716.05,24716.05,375,24718.35,50,225,10770800
NIFTY-I.NFO,21/08/2024,09:17:01,24718.35,24718.35,25,24719.9,25,150,10770800
NIFTY-I.NFO,21/08/2024,09:17:02,24718.2,24717.6,100,24721.15,25,400,10770800
NIFTY-I.NFO,21/08/2024,09:17:03,24716.95,24717.05,125,24721.45,100,950,10770800
NIFTY-I.NFO,21/08/2024,09:17:04,24717.5,24717,225,24721.75,100,250,10770800
NIFTY-I.NFO,21/08/2024,09:17:06,24718.35,24719.35,325,24721.95,75,175,10770800
NIFTY-I.NFO,21/08/2024,09:17:07,24719.9,24719.85,50,24721.75,100,125,10770800
NIFTY-I.NFO,21/08/2024,09:17:08,24719.85,24719.85,125,24721.65,200,150,10770800
NIFTY-I.NFO,21/08/2024,09:17:09,24720.05,24718.15,50,24720.05,100,300,10770800
NIFTY-I.NFO,21/08/2024,09:17:11,24719.85,24718.15,250,24721,100,225,10770800
NIFTY-I.NFO,21/08/2024,09:17:12,24721.15,24721,125,24722,300,125,10770800
NIFTY-I.NFO,21/08/2024,09:17:13,24721,24719.5,375,24723.7,125,950,10770800
NIFTY-I.NFO,21/08/2024,09:17:14,24724,24720.95,125,24724,25,125,10770800
NIFTY-I.NFO,21/08/2024,09:17:16,24720,24718.15,225,24721.2,125,125,10770800
NIFTY-I.NFO,21/08/2024,09:17:17,24717.5,24717,125,24719.25,25,2150,10770800
NIFTY-I.NFO,21/08/2024,09:17:18,24719.05,24717,125,24718.45,250,75,10770800
NIFTY-I.NFO,21/08/2024,09:17:19,24719.7,24719,250,24719.9,25,250,10770800
NIFTY-I.NFO,21/08/2024,09:17:20,24719,24719,200,24720,1350,125,10770800
NIFTY-I.NFO,21/08/2024,09:17:22,24719.4,24719.15,600,24720,450,1200,10770800
NIFTY-I.NFO,21/08/2024,09:17:23,24720,24719.95,25,24720.95,25,625,10770800
NIFTY-I.NFO,21/08/2024,09:17:24,24719.8,24720.3,325,24720.95,25,50,10770800
NIFTY-I.NFO,21/08/2024,09:17:25,24720.35,24720.35,75,24721.55,475,300,10770800
NIFTY-I.NFO,21/08/2024,09:17:27,24721.55,24720.35,75,24721.55,175,325,10770800
NIFTY-I.NFO,21/08/2024,09:17:28,24722,24722,25,24723,300,100,10770800
NIFTY-I.NFO,21/08/2024,09:17:29,24723,24721,425,24723,175,225,10770800
NIFTY-I.NFO,21/08/2024,09:17:30,24721,24721,675,24723,175,375,10770800
NIFTY-I.NFO,21/08/2024,09:17:31,24723,24722,25,24723,100,150,10770800
NIFTY-I.NFO,21/08/2024,09:17:32,24723,24722,225,24723,50,50,10770800
NIFTY-I.NFO,21/08/2024,09:17:34,24724,24723.2,250,24724,325,150,10770800
NIFTY-I.NFO,21/08/2024,09:17:35,24724,24722.35,250,24724,275,575,10770800
NIFTY-I.NFO,21/08/2024,09:17:36,24724.6,24724.6,225,24724.85,25,425,10770800
NIFTY-I.NFO,21/08/2024,09:17:37,24723.25,24724.4,250,24724.85,25,1050,10770800
NIFTY-I.NFO,21/08/2024,09:17:39,24726.5,24725.3,25,24726.95,25,900,10770800
NIFTY-I.NFO,21/08/2024,09:17:40,24728.7,24725.85,250,24728.7,225,675,10770800
NIFTY-I.NFO,21/08/2024,09:17:40,24728.7,24725.85,250,24728.7,225,0,10770800
NIFTY-I.NFO,21/08/2024,09:17:41,24726.15,24725.95,350,24728.6,200,550,10770800
NIFTY-I.NFO,21/08/2024,09:17:42,24728.45,24725.95,50,24728.45,100,1150,10770800
NIFTY-I.NFO,21/08/2024,09:17:42,24729,24725.95,50,24728.45,100,0,10770800
NIFTY-I.NFO,21/08/2024,09:17:44,24729.3,24725.35,575,24728.95,25,425,10770800
NIFTY-I.NFO,21/08/2024,09:17:44,24729.3,24725.35,575,24728.95,25,0,10770800
NIFTY-I.NFO,21/08/2024,09:17:45,24725.85,24726.3,350,24728.85,125,50,10770800
NIFTY-I.NFO,21/08/2024,09:17:46,24729,24727.9,225,24729.7,100,650,10770800
NIFTY-I.NFO,21/08/2024,09:17:46,24730,24727.9,225,24729.7,100,0,10770800
NIFTY-I.NFO,21/08/2024,09:17:47,24729.5,24727.9,175,24729.6,50,75,10770800
NIFTY-I.NFO,21/08/2024,09:17:49,24726,24725,75,24728.3,250,775,10770800
NIFTY-I.NFO,21/08/2024,09:17:50,24725,24725,150,24728.7,250,950,10770800
NIFTY-I.NFO,21/08/2024,09:17:51,24730,24727.5,450,24730,1075,150,10770800
NIFTY-I.NFO,21/08/2024,09:17:52,24729.9,24726.5,175,24729.85,225,200,10770800
NIFTY-I.NFO,21/08/2024,09:17:54,24728.7,24725.15,350,24728.85,25,375,10770800
NIFTY-I.NFO,21/08/2024,09:17:55,24728.75,24725,175,24728.65,150,100,10770800
NIFTY-I.NFO,21/08/2024,09:17:56,24725,24725,300,24728.65,225,1050,10770800
NIFTY-I.NFO,21/08/2024,09:17:57,24728.9,24725,200,24728.85,250,25,10770800
NIFTY-I.NFO,21/08/2024,09:17:59,24725,24724.6,225,24725,3175,3450,10770800
NIFTY-I.NFO,21/08/2024,09:18:00,24728,24728,50,24728.75,100,3275,10770800
NIFTY-I.NFO,21/08/2024,09:18:01,24729,24728.25,25,24729,650,550,10770800
NIFTY-I.NFO,21/08/2024,09:18:02,24726.35,24726.2,100,24728.25,25,100,10770800
NIFTY-I.NFO,21/08/2024,09:18:04,24728,24725.05,100,24728,100,125,10770800
NIFTY-I.NFO,21/08/2024,09:18:05,24725.1,24726.5,25,24728,125,25,10770800
NIFTY-I.NFO,21/08/2024,09:18:06,24725.1,24727,100,24728,125,0,10770800
NIFTY-I.NFO,21/08/2024,09:18:07,24728.25,24728.15,75,24728.7,25,900,10770800
NIFTY-I.NFO,21/08/2024,09:18:09,24728.75,24728,175,24728.75,25,50,10770800
NIFTY-I.NFO,21/08/2024,09:18:10,24728,24728,100,24728.25,25,100,10770800
NIFTY-I.NFO,21/08/2024,09:18:11,24729.95,24728,200,24730,1325,1300,10770800
NIFTY-I.NFO,21/08/2024,09:18:12,24729.15,24725.1,350,24729.15,225,800,10770800
NIFTY-I.NFO,21/08/2024,09:18:13,24725.85,24726.7,350,24730,1350,75,10770800
NIFTY-I.NFO,21/08/2024,09:18:15,24729.9,24728,125,24729.9,450,300,10770800
NIFTY-I.NFO,21/08/2024,09:18:16,24729.9,24729.15,125,24729.9,425,25,10770800
NIFTY-I.NFO,21/08/2024,09:18:17,24729.9,24729.55,150,24729.75,25,275,10770800
NIFTY-I.NFO,21/08/2024,09:18:18,24729.2,24729.2,500,24730,1350,925,10770800
NIFTY-I.NFO,21/08/2024,09:18:20,24730,24729.15,150,24730,1300,50,10770800
NIFTY-I.NFO,21/08/2024,09:18:21,24730.6,24729.6,350,24730.9,25,1375,10770800
NIFTY-I.NFO,21/08/2024,09:18:21,24730.6,24729.6,350,24730.9,25,0,10770800
NIFTY-I.NFO,21/08/2024,09:18:22,24731,24730.9,2425,24731,275,100,10770800
NIFTY-I.NFO,21/08/2024,09:18:22,24731,24730.9,2425,24731,275,0,10770800
NIFTY-I.NFO,21/08/2024,09:18:23,24731.85,24731,2500,24731.85,100,5150,10770800
NIFTY-I.NFO,21/08/2024,09:18:23,24731.85,24731,2500,24731.85,100,0,10770800
NIFTY-I.NFO,21/08/2024,09:18:25,24731,24731,2425,24732.3,100,6050,10770800
NIFTY-I.NFO,21/08/2024,09:18:25,24732.65,24731,2425,24732.3,100,0,10770800
NIFTY-I.NFO,21/08/2024,09:18:27,24731,24731,2425,24732.35,100,0,10770800
NIFTY-I.NFO,21/08/2024,09:18:28,24731,24731,2375,24732,25,225,10770800
NIFTY-I.NFO,21/08/2024,09:18:30,24731,24731,1975,24732,25,675,10770800
NIFTY-I.NFO,21/08/2024,09:18:32,24733,24731,1800,24732,25,225,10770800
NIFTY-I.NFO,21/08/2024,09:18:32,24733,24731,1800,24732,25,0,10770800
NIFTY-I.NFO,21/08/2024,09:18:33,24731.85,24731,1025,24731.85,100,875,10770800
NIFTY-I.NFO,21/08/2024,09:18:35,24732,24731,700,24732.15,25,500,10770800
NIFTY-I.NFO,21/08/2024,09:18:37,24731.85,24731,625,24732.15,25,175,10770800
NIFTY-I.NFO,21/08/2024,09:18:38,24732,24731,525,24732.05,175,575,10770800
NIFTY-I.NFO,21/08/2024,09:18:40,24731,24732.15,250,24732.85,100,275,10770800
NIFTY-I.NFO,21/08/2024,09:18:42,24731.8,24731,325,24731.55,75,650,10770800
NIFTY-I.NFO,21/08/2024,09:18:43,24730.8,24729.15,225,24731,75,950,10770800
NIFTY-I.NFO,21/08/2024,09:18:45,24731,24729.15,325,24730,100,125,10770800
NIFTY-I.NFO,21/08/2024,09:18:46,24731.25,24731,200,24731.35,75,600,10776650
NIFTY-I.NFO,21/08/2024,09:18:48,24731,24731,125,24731.25,25,150,10776650
NIFTY-I.NFO,21/08/2024,09:18:50,24728.75,24728,325,24728.65,50,325,10776650
NIFTY-I.NFO,21/08/2024,09:18:51,24729,24728,100,24729,25,375,10776650
NIFTY-I.NFO,21/08/2024,09:18:53,24729.2,24728,200,24729.6,50,200,10776650
NIFTY-I.NFO,21/08/2024,09:18:55,24731,24729.2,225,24730.9,25,375,10776650
NIFTY-I.NFO,21/08/2024,09:18:56,24733,24730.1,125,24733,225,1350,10776650
NIFTY-I.NFO,21/08/2024,09:18:58,24733.75,24730,200,24732,25,350,10776650
NIFTY-I.NFO,21/08/2024,09:18:58,24733.75,24730,200,24732,25,0,10776650
NIFTY-I.NFO,21/08/2024,09:19:00,24731.45,24730.85,100,24733.75,25,600,10776650
NIFTY-I.NFO,21/08/2024,09:19:02,24730.2,24731.8,25,24732.15,325,300,10776650
NIFTY-I.NFO,21/08/2024,09:19:02,24734,24731.8,25,24732.15,325,0,10776650
NIFTY-I.NFO,21/08/2024,09:19:03,24727.75,24727.75,50,24731.3,100,625,10776650
NIFTY-I.NFO,21/08/2024,09:19:05,24731.7,24730,200,24731.7,175,250,10776650
NIFTY-I.NFO,21/08/2024,09:19:07,24731.9,24729.75,250,24732.9,25,250,10776650
NIFTY-I.NFO,21/08/2024,09:19:08,24731.45,24730.15,350,24732.9,25,50,10776650
NIFTY-I.NFO,21/08/2024,09:19:10,24731.15,24730.25,175,24734.3,125,325,10776650
NIFTY-I.NFO,21/08/2024,09:19:12,24731.25,24731.45,50,24733.9,50,25,10776650
NIFTY-I.NFO,21/08/2024,09:19:13,24731.15,24731.6,25,24733.9,50,50,10776650
NIFTY-I.NFO,21/08/2024,09:19:15,24732.8,24731.6,25,24732.55,325,150,10776650
NIFTY-I.NFO,21/08/2024,09:19:17,24732,24731.45,25,24732.05,375,175,10776650
NIFTY-I.NFO,21/08/2024,09:19:18,24732.05,24731.45,25,24731.95,250,25,10776650
NIFTY-I.NFO,21/08/2024,09:19:20,24730,24728.7,125,24731.25,100,125,10776650
NIFTY-I.NFO,21/08/2024,09:19:21,24731,24727.7,125,24731.25,150,50,10776650
NIFTY-I.NFO,21/08/2024,09:19:23,24731.25,24730,50,24730.25,25,25,10776650
NIFTY-I.NFO,21/08/2024,09:19:25,24727.7,24726.05,225,24730.4,50,4700,10776650
NIFTY-I.NFO,21/08/2024,09:19:26,24729.5,24725.25,375,24729.5,25,275,10776650
NIFTY-I.NFO,21/08/2024,09:19:28,24729.95,24726.25,150,24730,200,75,10776650
NIFTY-I.NFO,21/08/2024,09:19:30,24727.4,24727.4,150,24730.85,75,250,10776650
NIFTY-I.NFO,21/08/2024,09:19:31,24730.5,24726.95,150,24730.5,75,300,10776650
NIFTY-I.NFO,21/08/2024,09:19:33,24726.25,24727.25,300,24730.45,25,1550,10776650
NIFTY-I.NFO,21/08/2024,09:19:35,24726.35,24726.15,200,24728.85,225,25,10776650
NIFTY-I.NFO,21/08/2024,09:19:36,24726.15,24726.15,150,24728.25,225,50,10776650
NIFTY-I.NFO,21/08/2024,09:19:38,24726.2,24726.15,150,24727.4,100,375,10776650
NIFTY-I.NFO,21/08/2024,09:19:40,24726,24725.15,150,24728.35,25,975,10776650
NIFTY-I.NFO,21/08/2024,09:19:41,24726,24725.15,150,24728.25,200,25,10776650
NIFTY-I.NFO,21/08/2024,09:19:43,24727.3,24726,125,24727.3,250,25,10776650
NIFTY-I.NFO,21/08/2024,09:19:45,24725.15,24725,675,24725.15,50,225,10776650
NIFTY-I.NFO,21/08/2024,09:19:46,24726,24725,625,24725.5,75,150,10776650
NIFTY-I.NFO,21/08/2024,09:19:48,24725.15,24725,625,24725.9,125,100,10776650
NIFTY-I.NFO,21/08/2024,09:19:50,24725.5,24725,600,24725.5,25,250,10776650
NIFTY-I.NFO,21/08/2024,09:19:51,24725.95,24725,300,24726,600,375,10776650
NIFTY-I.NFO,21/08/2024,09:19:53,24725.6,24725,200,24725.6,125,175,10776650
NIFTY-I.NFO,21/08/2024,09:19:55,24724.95,24722.6,1100,24725.4,50,300,10776650
NIFTY-I.NFO,21/08/2024,09:19:56,24725.4,24723.1,125,24725,50,25,10776650
NIFTY-I.NFO,21/08/2024,09:19:58,24725,24723.1,125,24725.15,25,50,10776650
NIFTY-I.NFO,21/08/2024,09:20:00,24725,24723.15,200,24725,225,100,10776650
NIFTY-I.NFO,21/08/2024,09:20:01,24723.65,24720,100,24724.35,25,7475,10776650
NIFTY-I.NFO,21/08/2024,09:20:03,24720.15,24720.2,125,24724.55,25,75,10776650
NIFTY-I.NFO,21/08/2024,09:20:05,24723.25,24720,125,24724.3,25,300,10776650
NIFTY-I.NFO,21/08/2024,09:20:06,24719.85,24719.75,150,24723.85,25,750,10776650
NIFTY-I.NFO,21/08/2024,09:20:08,24724.05,24720.1,25,24724.45,25,1100,10776650
NIFTY-I.NFO,21/08/2024,09:20:10,24719.4,24719.4,100,24724.2,25,400,10776650
NIFTY-I.NFO,21/08/2024,09:20:11,24723.2,24718.95,125,24723.25,25,200,10776650
NIFTY-I.NFO,21/08/2024,09:20:13,24724.1,24720.15,200,24724,25,75,10776650
NIFTY-I.NFO,21/08/2024,09:20:15,24718.75,24718.7,125,24723.15,25,525,10776650
NIFTY-I.NFO,21/08/2024,09:20:16,24723.6,24719.2,50,24723.95,75,425,10776650
NIFTY-I.NFO,21/08/2024,09:20:18,24724.35,24721.05,150,24725,750,75,10776650
NIFTY-I.NFO,21/08/2024,09:20:20,24723.75,24721,150,24724,25,475,10776650
NIFTY-I.NFO,21/08/2024,09:20:21,24720.25,24719.2,150,24723.85,25,150,10776650
NIFTY-I.NFO,21/08/2024,09:20:23,24724.05,24720.05,150,24724.1,100,125,10776650
NIFTY-I.NFO,21/08/2024,09:20:25,24720.65,24720.3,125,24724.95,25,850,10776650
NIFTY-I.NFO,21/08/2024,09:20:26,24721,24720.55,150,24723,25,400,10776650
NIFTY-I.NFO,21/08/2024,09:20:28,24719.6,24719.15,125,24724.25,25,2675,10776650
NIFTY-I.NFO,21/08/2024,09:20:30,24718.65,24718.95,125,24722.95,25,1675,10776650
NIFTY-I.NFO,21/08/2024,09:20:31,24723,24719.45,125,24723,50,25,10776650
NIFTY-I.NFO,21/08/2024,09:20:33,24719,24718.05,25,24722.75,100,50,10776650
NIFTY-I.NFO,21/08/2024,09:20:35,24718.25,24718,450,24721.2,50,75,10776650
NIFTY-I.NFO,21/08/2024,09:20:36,24722.45,24720,125,24722.95,50,50,10776650
NIFTY-I.NFO,21/08/2024,09:20:38,24723.9,24723.9,375,24724,225,275,10776650
NIFTY-I.NFO,21/08/2024,09:20:40,24723.5,24723.65,25,24725,25,2700,10776650
NIFTY-I.NFO,21/08/2024,09:20:41,24723.15,24723.15,25,24725.1,475,1175,10776650
NIFTY-I.NFO,21/08/2024,09:20:43,24725.1,24722.8,275,24725.1,450,50,10776650
NIFTY-I.NFO,21/08/2024,09:20:45,24722.8,24722.8,125,24725,100,175,10776650
NIFTY-I.NFO,21/08/2024,09:20:46,24725,24722.7,125,24725,50,475,10776650
NIFTY-I.NFO,21/08/2024,09:20:48,24725.1,24722.7,125,24725,25,150,10776650
NIFTY-I.NFO,21/08/2024,09:20:50,24721.95,24721.9,125,24725.1,400,150,10776650
NIFTY-I.NFO,21/08/2024,09:20:51,24722.35,24722.35,50,24725.1,475,150,10776650
NIFTY-I.NFO,21/08/2024,09:20:53,24722.35,24722.35,150,24723,25,0,10776650
NIFTY-I.NFO,21/08/2024,09:20:55,24722.35,24721.6,125,24725,25,375,10776650
NIFTY-I.NFO,21/08/2024,09:20:56,24721.7,24721.65,125,24725.1,450,50,10776650
NIFTY-I.NFO,21/08/2024,09:20:58,24725.05,24720.95,125,24725.1,450,50,10776650
NIFTY-I.NFO,21/08/2024,09:21:00,24722.75,24721.45,125,24725.1,425,150,10776650
NIFTY-I.NFO,21/08/2024,09:21:01,24721.2,24721.9,25,24725.1,425,300,10776650
NIFTY-I.NFO,21/08/2024,09:21:03,24722.8,24723.65,25,24725.9,25,575,10776650
NIFTY-I.NFO,21/08/2024,09:21:05,24724.85,24724.25,25,24726,125,600,10776650
NIFTY-I.NFO,21/08/2024,09:21:06,24724.25,24721.05,25,24725.3,50,50,10776650
NIFTY-I.NFO,21/08/2024,09:21:08,24722.55,24722.5,25,24725.9,50,125,10776650
NIFTY-I.NFO,21/08/2024,09:21:10,24726,24724.3,25,24726,50,500,10776650
NIFTY-I.NFO,21/08/2024,09:21:11,24725,24723.05,25,24726,50,75,10776650
NIFTY-I.NFO,21/08/2024,09:21:13,24725,24725,325,24726,50,225,10776650
NIFTY-I.NFO,21/08/2024,09:21:15,24726.1,24725.45,25,24728.8,25,450,10776650
NIFTY-I.NFO,21/08/2024,09:21:17,24726,24725,125,24729.25,50,125,10776650
NIFTY-I.NFO,21/08/2024,09:21:18,24726,24726,75,24729.3,100,125,10776650
NIFTY-I.NFO,21/08/2024,09:21:20,24726,24728.05,25,24729.85,100,0,10776650
NIFTY-I.NFO,21/08/2024,09:21:22,24729.9,24726,125,24729.2,125,150,10776650
NIFTY-I.NFO,21/08/2024,09:21:23,24728.95,24728.55,25,24729.5,100,50,10776650
NIFTY-I.NFO,21/08/2024,09:21:25,24726,24726,175,24729.5,75,75,10776650
NIFTY-I.NFO,21/08/2024,09:21:26,24729.5,24726,175,24729.85,50,25,10776650
NIFTY-I.NFO,21/08/2024,09:21:28,24729,24726.6,150,24728.95,150,75,10776650
NIFTY-I.NFO,21/08/2024,09:21:30,24728.95,24728.35,25,24728.95,75,75,10776650
NIFTY-I.NFO,21/08/2024,09:21:31,24728.95,24728.8,25,24728.95,675,150,10776650
NIFTY-I.NFO,21/08/2024,09:21:33,24728.95,24728.25,25,24728.8,300,50,10776650
NIFTY-I.NFO,21/08/2024,09:21:35,24728.8,24727.25,250,24728.8,75,275,10776650
NIFTY-I.NFO,21/08/2024,09:21:36,24728.8,24727.7,350,24728.8,25,50,10776650
NIFTY-I.NFO,21/08/2024,09:21:38,24729,24728.9,250,24729.9,175,800,10776650
NIFTY-I.NFO,21/08/2024,09:21:39,24729.9,24727.55,25,24730,450,2000,10776650
NIFTY-I.NFO,21/08/2024,09:21:41,24729.9,24727.15,125,24729,150,100,10776650
NIFTY-I.NFO,21/08/2024,09:21:43,24730,24727.3,125,24729.5,25,500,10776650
NIFTY-I.NFO,21/08/2024,09:21:44,24729.5,24729,125,24729.95,100,25,10776650
NIFTY-I.NFO,21/08/2024,09:21:46,24729.9,24729.9,150,24729.95,100,25,10776650
NIFTY-I.NFO,21/08/2024,09:21:48,24729.95,24727,150,24728.95,75,300,10783050
NIFTY-I.NFO,21/08/2024,09:21:49,24727,24728,25,24728.85,50,150,10783050
NIFTY-I.NFO,21/08/2024,09:21:51,24728.95,24726.4,200,24728.95,100,200,10783050
NIFTY-I.NFO,21/08/2024,09:21:53,24729.1,24727,100,24729.9,25,1625,10783050
NIFTY-I.NFO,21/08/2024,09:21:54,24727,24727,175,24729.9,25,100,10783050
NIFTY-I.NFO,21/08/2024,09:21:56,24727.45,24727.4,150,24729.9,25,50,10783050
NIFTY-I.NFO,21/08/2024,09:21:57,24730.9,24730,1000,24731,100,150,10783050
NIFTY-I.NFO,21/08/2024,09:21:59,24731.95,24731.8,25,24731.95,25,825,10783050
NIFTY-I.NFO,21/08/2024,09:22:01,24731.95,24730.05,150,24731.95,75,150,10783050
NIFTY-I.NFO,21/08/2024,09:22:02,24730.2,24726.45,50,24730.75,150,550,10783050
NIFTY-I.NFO,21/08/2024,09:22:04,24730,24729.95,25,24731.95,100,625,10783050
NIFTY-I.NFO,21/08/2024,09:22:06,24731.95,24729,25,24731.9,100,125,10783050
NIFTY-I.NFO,21/08/2024,09:22:07,24731.9,24728.2,125,24731.8,100,125,10783050
NIFTY-I.NFO,21/08/2024,09:22:09,24730.5,24726,125,24730.45,100,675,10783050
NIFTY-I.NFO,21/08/2024,09:22:11,24728.3,24726.6,125,24729.85,100,175,10783050
NIFTY-I.NFO,21/08/2024,09:22:12,24726.85,24727.1,125,24729.3,100,50,10783050
NIFTY-I.NFO,21/08/2024,09:22:14,24727.1,24727.1,125,24729.2,75,125,10783050
NIFTY-I.NFO,21/08/2024,09:22:16,24729.2,24727.1,125,24729.2,25,50,10783050
NIFTY-I.NFO,21/08/2024,09:22:17,24726.35,24728,100,24729.15,100,475,10783050
NIFTY-I.NFO,21/08/2024,09:22:19,24727.9,24725.55,125,24727.9,50,175,10783050
NIFTY-I.NFO,21/08/2024,09:22:21,24727.9,24725.55,125,24727.8,50,0,10783050
NIFTY-I.NFO,21/08/2024,09:22:22,24726.15,24726.15,175,24727.95,100,175,10783050
NIFTY-I.NFO,21/08/2024,09:22:24,24726.1,24726.1,325,24727.95,100,175,10783050
NIFTY-I.NFO,21/08/2024,09:22:26,24728,24726.6,200,24727.95,100,200,10783050
NIFTY-I.NFO,21/08/2024,09:22:27,24727.95,24727.85,25,24727.95,75,25,10783050
NIFTY-I.NFO,21/08/2024,09:22:29,24727.95,24726.15,225,24727,25,50,10783050
NIFTY-I.NFO,21/08/2024,09:22:31,24726.1,24725.5,125,24726.15,75,375,10783050
NIFTY-I.NFO,21/08/2024,09:22:32,24725.95,24725,325,24725.95,50,50,10783050
NIFTY-I.NFO,21/08/2024,09:22:34,24724.95,24724,125,24724.9,100,400,10783050
NIFTY-I.NFO,21/08/2024,09:22:35,24724,24724,200,24724.25,75,25,10783050
NIFTY-I.NFO,21/08/2024,09:22:37,24726.15,24725,150,24726.1,100,725,10783050
NIFTY-I.NFO,21/08/2024,09:22:39,24725,24725,125,24726.1,100,25,10783050
NIFTY-I.NFO,21/08/2024,09:22:40,24722.4,24722.4,175,24723.95,100,625,10783050
NIFTY-I.NFO,21/08/2024,09:22:42,24723.05,24722.85,125,24726.1,100,750,10783050
NIFTY-I.NFO,21/08/2024,09:22:43,24721.7,24722.25,125,24724.95,75,50,10783050
NIFTY-I.NFO,21/08/2024,09:22:45,24723,24722.85,350,24724.95,50,150,10783050
NIFTY-I.NFO,21/08/2024,09:22:47,24722.85,24723.4,225,24724.95,50,300,10783050
NIFTY-I.NFO,21/08/2024,09:22:48,24727.05,24726.2,75,24728.95,100,525,10783050
NIFTY-I.NFO,21/08/2024,09:22:50,24725.6,24725.55,125,24728.95,100,25,10783050
NIFTY-I.NFO,21/08/2024,09:22:51,24728.95,24724.95,50,24728.85,100,25,10783050
NIFTY-I.NFO,21/08/2024,09:22:53,24728.95,24725.6,125,24728.9,275,0,10783050
NIFTY-I.NFO,21/08/2024,09:22:55,24728.9,24728.4,25,24728.85,50,50,10783050
NIFTY-I.NFO,21/08/2024,09:22:56,24726.2,24726.2,25,24728.85,50,50,10783050
NIFTY-I.NFO,21/08/2024,09:22:58,24728.65,24725.6,25,24728.35,50,175,10783050
NIFTY-I.NFO,21/08/2024,09:23:00,24725.9,24725.4,25,24728.55,100,100,10783050
NIFTY-I.NFO,21/08/2024,09:23:01,24728.2,24725,275,24728.45,100,250,10783050
NIFTY-I.NFO,21/08/2024,09:23:03,24725.6,24725.6,25,24728.45,75,75,10783050
NIFTY-I.NFO,21/08/2024,09:23:04,24725.6,24725,150,24728.25,25,75,10783050
NIFTY-I.NFO,21/08/2024,09:23:06,24727.6,24725,100,24727.35,175,275,10783050
NIFTY-I.NFO,21/08/2024,09:23:08,24725,24725,100,24727.1,100,25,10783050
NIFTY-I.NFO,21/08/2024,09:23:09,24724.95,24724.35,25,24725,50,200,10783050
NIFTY-I.NFO,21/08/2024,09:23:11,24724.95,24724.35,25,24724.95,100,0,10783050
NIFTY-I.NFO,21/08/2024,09:23:12,24724.35,24724.35,25,24724.95,100,50,10783050
NIFTY-I.NFO,21/08/2024,09:23:14,24724.85,24724.35,25,24724.85,50,150,10783050
NIFTY-I.NFO,21/08/2024,09:23:16,24724.35,24724.35,25,24724.75,100,150,10783050
NIFTY-I.NFO,21/08/2024,09:23:17,24724.75,24724.35,25,24724.75,25,75,10783050
NIFTY-I.NFO,21/08/2024,09:23:19,24724.35,24724,1200,24724.3,75,75,10783050
NIFTY-I.NFO,21/08/2024,09:23:21,24724,24724,1175,24724.3,75,50,10783050
NIFTY-I.NFO,21/08/2024,09:23:22,24724,24724,1100,24724.3,75,100,10783050
NIFTY-I.NFO,21/08/2024,09:23:24,24720.6,24719.55,125,24719.8,50,8500,10783050
NIFTY-I.NFO,21/08/2024,09:23:25,24718.3,24718.8,25,24719.6,50,100,10783050
NIFTY-I.NFO,21/08/2024,09:23:27,24718.3,24717,25,24718.25,100,150,10783050
NIFTY-I.NFO,21/08/2024,09:23:29,24717.6,24717,50,24719.6,100,150,10783050
NIFTY-I.NFO,21/08/2024,09:23:31,24716.45,24716.25,25,24716.95,25,175,10783050
NIFTY-I.NFO,21/08/2024,09:23:32,24716.25,24716,25,24716.2,150,150,10783050
NIFTY-I.NFO,21/08/2024,09:23:34,24716.4,24716.3,125,24718.25,100,275,10783050
NIFTY-I.NFO,21/08/2024,09:23:35,24716.9,24716.5,25,24716.9,175,50,10783050
NIFTY-I.NFO,21/08/2024,09:23:37,24716.25,24716.3,125,24718.25,100,425,10783050
NIFTY-I.NFO,21/08/2024,09:23:39,24717.4,24716.6,125,24718,200,125,10783050
NIFTY-I.NFO,21/08/2024,09:23:40,24718,24715.95,50,24717.95,125,25,10783050
NIFTY-I.NFO,21/08/2024,09:23:42,24717.9,24716.2,125,24717.95,150,950,10783050
NIFTY-I.NFO,21/08/2024,09:23:44,24717.95,24717.6,25,24717.9,150,225,10783050
NIFTY-I.NFO,21/08/2024,09:23:45,24716.95,24716.7,125,24717.8,25,700,10783050
NIFTY-I.NFO,21/08/2024,09:23:47,24716.65,24716.5,125,24717.8,25,175,10783050
NIFTY-I.NFO,21/08/2024,09:23:49,24715.7,24716.05,25,24717.8,75,100,10783050
NIFTY-I.NFO,21/08/2024,09:23:50,24716.15,24716.75,25,24717.6,25,100,10783050
NIFTY-I.NFO,21/08/2024,09:23:52,24722.8,24716.85,50,24720.7,100,1775,10783050
NIFTY-I.NFO,21/08/2024,09:23:54,24719.2,24715.9,225,24720.25,100,50,10783050
NIFTY-I.NFO,21/08/2024,09:23:55,24716.65,24716.65,75,24716.7,25,150,10783050
NIFTY-I.NFO,21/08/2024,09:23:57,24717.15,24715.95,50,24717.15,25,225,10783050
NIFTY-I.NFO,21/08/2024,09:23:59,24717.15,24715.55,200,24717.15,125,50,10783050
NIFTY-I.NFO,21/08/2024,09:24:00,24717.75,24716.35,125,24717.75,75,300,10783050
NIFTY-I.NFO,21/08/2024,09:24:02,24717.8,24717,25,24719.5,100,250,10783050
NIFTY-I.NFO,21/08/2024,09:24:04,24718,24718,75,24719.95,100,375,10783050
NIFTY-I.NFO,21/08/2024,09:24:05,24715.3,24715.75,25,24719.45,225,1250,10783050
NIFTY-I.NFO,21/08/2024,09:24:07,24715.15,24716,25,24719.55,100,100,10783050
NIFTY-I.NFO,21/08/2024,09:24:09,24715.95,24715.7,125,24719.75,75,725,10783050
NIFTY-I.NFO,21/08/2024,09:24:10,24715.4,24715.35,225,24719.3,50,175,10783050
NIFTY-I.NFO,21/08/2024,09:24:12,24719.65,24715.6,200,24719.65,25,75,10783050
NIFTY-I.NFO,21/08/2024,09:24:14,24719.85,24716.5,125,24719.85,50,100,10783050
NIFTY-I.NFO,21/08/2024,09:24:15,24719.85,24716.5,125,24719.85,50,0,10783050
NIFTY-I.NFO,21/08/2024,09:24:17,24715.25,24715.5,25,24716.5,175,525,10783050
NIFTY-I.NFO,21/08/2024,09:24:19,24716.45,24715.85,125,24719.9,150,1425,10783050
NIFTY-I.NFO,21/08/2024,09:24:20,24716.15,24715.9,150,24719.8,125,400,10783050
NIFTY-I.NFO,21/08/2024,09:24:22,24718.95,24715.4,150,24718.95,50,200,10783050
NIFTY-I.NFO,21/08/2024,09:24:24,24719,24718.4,25,24718.95,100,725,10783050
NIFTY-I.NFO,21/08/2024,09:24:25,24718.8,24715.9,275,24718.95,100,125,10783050
NIFTY-I.NFO,21/08/2024,09:24:27,24718.95,24718.45,25,24718.8,125,25,10783050
NIFTY-I.NFO,21/08/2024,09:24:28,24717.65,24716.85,150,24717.65,25,150,10783050
NIFTY-I.NFO,21/08/2024,09:24:30,24717.9,24717.95,50,24720,575,1350,10783050
NIFTY-I.NFO,21/08/2024,09:24:32,24720,24717.7,125,24719.95,75,50,10783050
NIFTY-I.NFO,21/08/2024,09:24:33,24718.5,24718.7,150,24719.95,75,350,10783050
NIFTY-I.NFO,21/08/2024,09:24:35,24720,24720,125,24720.15,125,650,10783050
NIFTY-I.NFO,21/08/2024,09:24:37,24720,24720,625,24720.1,100,425,10783050
NIFTY-I.NFO,21/08/2024,09:24:38,24720,24718.65,125,24720.05,250,650,10783050
NIFTY-I.NFO,21/08/2024,09:24:40,24720.1,24719.9,175,24722.4,100,725,10783050
NIFTY-I.NFO,21/08/2024,09:24:42,24720.05,24719.55,275,24722.4,100,100,10783050
NIFTY-I.NFO,21/08/2024,09:24:43,24722.4,24719.1,325,24722.4,25,75,10783050
NIFTY-I.NFO,21/08/2024,09:24:45,24722.4,24719.8,325,24722.4,25,0,10783050
NIFTY-I.NFO,21/08/2024,09:24:47,24720.45,24720.4,350,24722.4,25,150,10783050
NIFTY-I.NFO,21/08/2024,09:24:48,24722.4,24720.3,50,24722.4,25,25,10789750
NIFTY-I.NFO,21/08/2024,09:24:50,24720,24719.75,50,24722.4,50,725,10789750
NIFTY-I.NFO,21/08/2024,09:24:52,24719.75,24719.35,50,24722.35,100,50,10789750
NIFTY-I.NFO,21/08/2024,09:24:53,24722.4,24721.6,25,24722.4,100,200,10789750
NIFTY-I.NFO,21/08/2024,09:24:55,24719.1,24718.8,150,24722.4,100,50,10789750
NIFTY-I.NFO,21/08/2024,09:24:57,24718.9,24718.75,50,24721.55,100,50,10789750
NIFTY-I.NFO,21/08/2024,09:24:58,24718.8,24718.9,175,24719.7,100,125,10789750
NIFTY-I.NFO,21/08/2024,09:25:00,24718.95,24718.95,25,24719.7,100,150,10789750
NIFTY-I.NFO,21/08/2024,09:25:02,24717.15,24718.2,150,24719.7,100,100,10789750
NIFTY-I.NFO,21/08/2024,09:25:03,24718.9,24717.1,800,24718.95,100,50,10789750
NIFTY-I.NFO,21/08/2024,09:25:05,24718.9,24717.1,800,24718.85,50,0,10789750
NIFTY-I.NFO,21/08/2024,09:25:07,24717.1,24717.1,425,24718.3,50,275,10789750
NIFTY-I.NFO,21/08/2024,09:25:08,24717,24716.7,25,24716.85,175,575,10789750
NIFTY-I.NFO,21/08/2024,09:25:10,24716,24716,350,24716.25,225,275,10789750
NIFTY-I.NFO,21/08/2024,09:25:12,24713.95,24711.6,125,24713.9,50,4550,10789750
NIFTY-I.NFO,21/08/2024,09:25:13,24712.35,24711.35,150,24714.45,50,25,10789750
NIFTY-I.NFO,21/08/2024,09:25:15,24713.25,24713.95,25,24714.4,175,125,10789750
NIFTY-I.NFO,21/08/2024,09:25:17,24711.15,24711,350,24714.3,125,175,10789750
NIFTY-I.NFO,21/08/2024,09:25:18,24711,24711.35,125,24712.1,125,50,10789750
NIFTY-I.NFO,21/08/2024,09:25:20,24709.9,24709.05,125,24709.8,50,4150,10789750
NIFTY-I.NFO,21/08/2024,09:25:22,24709.2,24709.25,50,24711,375,575,10789750
NIFTY-I.NFO,21/08/2024,09:25:23,24709.3,24708,150,24709.45,25,300,10789750
NIFTY-I.NFO,21/08/2024,09:25:25,24709.45,24707.1,25,24709.9,150,550,10789750
NIFTY-I.NFO,21/08/2024,09:25:26,24709.35,24709.3,500,24709.4,25,50,10789750
NIFTY-I.NFO,21/08/2024,09:25:28,24709.4,24709.3,475,24711,375,100,10789750
NIFTY-I.NFO,21/08/2024,09:25:30,24712.35,24711.55,25,24713.05,50,475,10789750
NIFTY-I.NFO,21/08/2024,09:25:31,24709.4,24709.95,50,24712.6,50,100,10789750
NIFTY-I.NFO,21/08/2024,09:25:33,24713.55,24713,25,24713.55,100,100,10789750
NIFTY-I.NFO,21/08/2024,09:25:35,24713.55,24711.35,25,24713.25,300,50,10789750
NIFTY-I.NFO,21/08/2024,09:25:36,24713.55,24711.35,25,24713,150,0,10789750
NIFTY-I.NFO,21/08/2024,09:25:38,24711.35,24712.35,75,24712.55,1800,25,10789750
NIFTY-I.NFO,21/08/2024,09:25:40,24710.6,24710.6,150,24712.55,1725,175,10789750
NIFTY-I.NFO,21/08/2024,09:25:41,24712,24712,25,24712.55,1725,200,10789750
NIFTY-I.NFO,21/08/2024,09:25:43,24712,24711,175,24712.55,1600,200,10789750
NIFTY-I.NFO,21/08/2024,09:25:45,24710.5,24710.8,225,24712.55,1600,1000,10789750
NIFTY-I.NFO,21/08/2024,09:25:46,24711.25,24711.15,175,24712.55,1575,2025,10789750
NIFTY-I.NFO,21/08/2024,09:25:48,24711.75,24711.75,125,24713,150,1650,10789750
NIFTY-I.NFO,21/08/2024,09:25:50,24712.5,24711.75,25,24712,150,75,10789750
NIFTY-I.NFO,21/08/2024,09:25:51,24712,24711.35,50,24712,100,75,10789750
NIFTY-I.NFO,21/08/2024,09:25:53,24712.5,24711.25,50,24712.5,50,400,10789750
NIFTY-I.NFO,21/08/2024,09:25:55,24712.5,24711.25,50,24711.75,50,0,10789750
NIFTY-I.NFO,21/08/2024,09:25:56,24711.35,24709.65,100,24711.35,1775,275,10789750
NIFTY-I.NFO,21/08/2024,09:25:58,24711.2,24710.85,25,24711.25,200,75,10789750
NIFTY-I.NFO,21/08/2024,09:26:00,24707.45,24707.9,150,24709.65,2925,1475,10789750
NIFTY-I.NFO,21/08/2024,09:26:01,24709.65,24709.7,225,24711.25,200,3250,10789750
NIFTY-I.NFO,21/08/2024,09:26:03,24711.25,24710.4,125,24711,150,575,10789750
NIFTY-I.NFO,21/08/2024,09:26:05,24710.5,24709.25,125,24710.5,150,2400,10789750
NIFTY-I.NFO,21/08/2024,09:26:06,24710.15,24709.75,25,24710.5,150,50,10789750
NIFTY-I.NFO,21/08/2024,09:26:08,24712.45,24711.8,25,24712.5,350,1425,10789750
NIFTY-I.NFO,21/08/2024,09:26:10,24712.1,24711.9,125,24712.5,325,100,10789750
NIFTY-I.NFO,21/08/2024,09:26:11,24713,24712.5,25,24713.25,325,375,10789750
NIFTY-I.NFO,21/08/2024,09:26:13,24715,24714.15,100,24716.7,25,925,10789750
NIFTY-I.NFO,21/08/2024,09:26:15,24715,24714.7,50,24716.7,25,0,10789750
NIFTY-I.NFO,21/08/2024,09:26:16,24716.65,24713.85,25,24716.7,25,175,10789750
NIFTY-I.NFO,21/08/2024,09:26:18,24715,24714,150,24716.7,25,50,10789750
NIFTY-I.NFO,21/08/2024,09:26:20,24714.7,24714.35,25,24716.7,25,25,10789750
NIFTY-I.NFO,21/08/2024,09:26:21,24719,24715.05,25,24718.95,75,550,10789750
NIFTY-I.NFO,21/08/2024,09:26:23,24715,24716.1,75,24719,375,200,10789750
NIFTY-I.NFO,21/08/2024,09:26:25,24715,24716.1,75,24719,375,0,10789750
NIFTY-I.NFO,21/08/2024,09:26:26,24716.15,24716.9,75,24719,325,125,10789750
NIFTY-I.NFO,21/08/2024,09:26:28,24716.15,24716.1,25,24718.95,75,0,10789750
NIFTY-I.NFO,21/08/2024,09:26:30,24716.15,24718.2,25,24718.95,75,0,10789750
NIFTY-I.NFO,21/08/2024,09:26:31,24718.95,24715.7,50,24718.95,25,75,10789750
NIFTY-I.NFO,21/08/2024,09:26:33,24715.7,24715.75,25,24718.95,25,25,10789750
NIFTY-I.NFO,21/08/2024,09:26:34,24715.55,24715.6,25,24719,325,125,10789750
NIFTY-I.NFO,21/08/2024,09:26:36,24715.55,24716,75,24718,100,0,10789750
NIFTY-I.NFO,21/08/2024,09:26:38,24716.15,24716,25,24720.05,25,2000,10789750
NIFTY-I.NFO,21/08/2024,09:26:39,24715.35,24715.9,25,24719.95,25,150,10789750
NIFTY-I.NFO,21/08/2024,09:26:41,24716.75,24716.75,25,24721.1,75,100,10789750
NIFTY-I.NFO,21/08/2024,09:26:42,24716.45,24716.35,25,24720.3,75,175,10789750
NIFTY-I.NFO,21/08/2024,09:26:44,24719.85,24716.35,50,24719.85,50,50,10789750
NIFTY-I.NFO,21/08/2024,09:26:46,24720,24715.6,25,24719.75,25,325,10789750
NIFTY-I.NFO,21/08/2024,09:26:47,24714.05,24715.6,50,24718.75,100,2075,10789750
NIFTY-I.NFO,21/08/2024,09:26:49,24715.6,24716.65,50,24719.65,100,25,10789750
NIFTY-I.NFO,21/08/2024,09:26:50,24718.95,24715.6,25,24718.45,25,175,10789750
NIFTY-I.NFO,21/08/2024,09:26:52,24718.95,24715.6,50,24717.7,75,0,10789750
NIFTY-I.NFO,21/08/2024,09:26:54,24716.9,24713.55,25,24717,150,250,10789750
NIFTY-I.NFO,21/08/2024,09:26:55,24713.55,24712.55,50,24716.85,100,25,10789750
NIFTY-I.NFO,21/08/2024,09:26:57,24717,24713.05,50,24716.9,100,25,10789750
NIFTY-I.NFO,21/08/2024,09:26:59,24716.6,24712.8,25,24717.1,100,75,10789750
NIFTY-I.NFO,21/08/2024,09:27:00,24713.65,24713.8,25,24717.4,100,125,10789750
NIFTY-I.NFO,21/08/2024,09:27:02,24714.6,24712.65,25,24714.6,25,300,10789750
NIFTY-I.NFO,21/08/2024,09:27:03,24713.9,24711.2,50,24714.9,50,75,10789750
NIFTY-I.NFO,21/08/2024,09:27:05,24714.6,24715.55,25,24716.45,25,450,10789750
NIFTY-I.NFO,21/08/2024,09:27:07,24712.15,24714.9,50,24716.45,25,100,10789750
NIFTY-I.NFO,21/08/2024,09:27:08,24711.2,24711.2,25,24714.6,25,250,10789750
NIFTY-I.NFO,21/08/2024,09:27:10,24711.1,24712,400,24714.6,50,550,10789750
NIFTY-I.NFO,21/08/2024,09:27:12,24712,24712,350,24716.2,50,550,10789750
NIFTY-I.NFO,21/08/2024,09:27:13,24712,24712,175,24714.85,50,175,10789750
NIFTY-I.NFO,21/08/2024,09:27:15,24712,24712,150,24715.35,50,25,10789750
NIFTY-I.NFO,21/08/2024,09:27:16,24714.75,24712,150,24714.1,50,75,10789750
NIFTY-I.NFO,21/08/2024,09:27:18,24710.05,24710.55,150,24714.6,50,250,10789750
NIFTY-I.NFO,21/08/2024,09:27:19,24717.05,24711.75,25,24716.3,150,1925,10789750
NIFTY-I.NFO,21/08/2024,09:27:21,24710,24710.05,75,24714,25,75,10789750
NIFTY-I.NFO,21/08/2024,09:27:23,24711,24710.75,25,24713.5,25,150,10789750
NIFTY-I.NFO,21/08/2024,09:27:24,24710.55,24710.8,200,24714.75,50,275,10789750
NIFTY-I.NFO,21/08/2024,09:27:26,24711.5,24711.1,150,24715.8,100,350,10789750
NIFTY-I.NFO,21/08/2024,09:27:28,24711.95,24711.55,150,24716.25,100,25,10789750
NIFTY-I.NFO,21/08/2024,09:27:29,24711.95,24711,75,24715.05,100,0,10789750
NIFTY-I.NFO,21/08/2024,09:27:31,24715,24711,150,24715,50,75,10789750
NIFTY-I.NFO,21/08/2024,09:27:33,24711,24711,50,24711.95,275,50,10789750
NIFTY-I.NFO,21/08/2024,09:27:34,24713.55,24711.1,25,24713.75,50,300,10789750
NIFTY-I.NFO,21/08/2024,09:27:36,24711.1,24710.75,175,24714.95,100,375,10789750
NIFTY-I.NFO,21/08/2024,09:27:37,24710.05,24710.4,100,24714.7,100,225,10789750
NIFTY-I.NFO,21/08/2024,09:27:39,24710.05,24710,575,24711.9,50,0,10789750
NIFTY-I.NFO,21/08/2024,09:27:41,24710.05,24710,675,24711.1,50,0,10789750
NIFTY-I.NFO,21/08/2024,09:27:42,24711.1,24710,675,24711.1,50,25,10789750
NIFTY-I.NFO,21/08/2024,09:27:44,24711.1,24710,650,24711.05,250,100,10789750
NIFTY-I.NFO,21/08/2024,09:27:46,24711.05,24710,600,24711.05,200,100,10789750
NIFTY-I.NFO,21/08/2024,09:27:47,24710,24710.05,25,24711.05,200,225,10789750
NIFTY-I.NFO,21/08/2024,09:27:49,24710.35,24708,125,24710.55,275,650,10791900
NIFTY-I.NFO,21/08/2024,09:27:51,24707.3,24707.05,150,24710.6,50,50,10791900
NIFTY-I.NFO,21/08/2024,09:27:52,24710,24707.05,150,24710,125,175,10791900
NIFTY-I.NFO,21/08/2024,09:27:54,24710,24707.05,150,24709.6,25,200,10791900
NIFTY-I.NFO,21/08/2024,09:27:56,24709.6,24707.05,175,24709.65,25,25,10791900
NIFTY-I.NFO,21/08/2024,09:27:57,24707,24706.7,125,24710,1075,450,10791900
NIFTY-I.NFO,21/08/2024,09:27:59,24707.1,24707.05,225,24709.6,25,175,10791900
NIFTY-I.NFO,21/08/2024,09:28:00,24709.5,24707.25,250,24709.6,100,275,10791900
NIFTY-I.NFO,21/08/2024,09:28:02,24707,24706.1,25,24709.55,50,125,10791900
NIFTY-I.NFO,21/08/2024,09:28:04,24709.5,24705.25,125,24709.35,50,375,10791900
NIFTY-I.NFO,21/08/2024,09:28:05,24707.05,24707.05,225,24709.6,25,175,10791900
NIFTY-I.NFO,21/08/2024,09:28:07,24709.3,24705.9,200,24709.3,150,1325,10791900
NIFTY-I.NFO,21/08/2024,09:28:08,24709,24707.05,375,24709.3,150,925,10791900
NIFTY-I.NFO,21/08/2024,09:28:10,24710.55,24710.55,25,24714.4,50,2775,10791900
NIFTY-I.NFO,21/08/2024,09:28:12,24711,24709.1,50,24712.8,100,125,10791900
NIFTY-I.NFO,21/08/2024,09:28:13,24709,24707.35,200,24711.6,25,75,10791900
NIFTY-I.NFO,21/08/2024,09:28:15,24706.25,24710.55,25,24712.45,100,2550,10791900
NIFTY-I.NFO,21/08/2024,09:28:17,24708,24707.1,150,24711.6,100,100,10791900
NIFTY-I.NFO,21/08/2024,09:28:18,24707.4,24707.35,125,24711.7,100,750,10791900
NIFTY-I.NFO,21/08/2024,09:28:20,24705.7,24705.7,25,24710.55,100,550,10791900
NIFTY-I.NFO,21/08/2024,09:28:21,24705,24705.4,150,24709.6,50,5050,10791900
NIFTY-I.NFO,21/08/2024,09:28:23,24708.4,24708.4,125,24709.3,25,50,10791900
NIFTY-I.NFO,21/08/2024,09:28:25,24705.55,24705.4,25,24709.65,100,600,10791900
NIFTY-I.NFO,21/08/2024,09:28:26,24706.25,24706.25,50,24710.4,25,50,10791900
NIFTY-I.NFO,21/08/2024,09:28:28,24710,24708.35,50,24711,100,25,10791900
NIFTY-I.NFO,21/08/2024,09:28:30,24710.4,24709.3,25,24710.6,100,25,10791900
NIFTY-I.NFO,21/08/2024,09:28:31,24706,24705.75,25,24709.2,100,150,10791900
NIFTY-I.NFO,21/08/2024,09:28:33,24706.5,24705.75,25,24707.25,100,200,10791900
NIFTY-I.NFO,21/08/2024,09:28:35,24707.35,24705.75,125,24707.35,25,100,10791900
NIFTY-I.NFO,21/08/2024,09:28:36,24705,24704,300,24705,375,875,10791900
NIFTY-I.NFO,21/08/2024,09:28:38,24703,24703,375,24706.95,25,775,10791900
NIFTY-I.NFO,21/08/2024,09:28:40,24703,24703,300,24704.25,75,100,10791900
NIFTY-I.NFO,21/08/2024,09:28:41,24703,24703,450,24706.2,75,0,10791900
NIFTY-I.NFO,21/08/2024,09:28:43,24703.05,24703,225,24705,150,1775,10791900
NIFTY-I.NFO,21/08/2024,09:28:45,24707.3,24704.9,25,24707.35,25,225,10791900
NIFTY-I.NFO,21/08/2024,09:28:46,24704.9,24704.6,150,24707.35,25,25,10791900
NIFTY-I.NFO,21/08/2024,09:28:48,24709.95,24705.3,125,24709.5,50,275,10791900
NIFTY-I.NFO,21/08/2024,09:28:50,24705.55,24705,25,24708.95,100,225,10791900
NIFTY-I.NFO,21/08/2024,09:28:51,24704.9,24704,25,24704.9,900,600,10791900
NIFTY-I.NFO,21/08/2024,09:28:53,24703.7,24703.75,50,24704.9,875,200,10791900
NIFTY-I.NFO,21/08/2024,09:28:55,24704.9,24703.75,50,24704.9,850,50,10791900
NIFTY-I.NFO,21/08/2024,09:28:56,24708.05,24704.55,50,24708.15,100,900,10791900
NIFTY-I.NFO,21/08/2024,09:28:58,24707.55,24704.9,75,24707.55,50,25,10791900
NIFTY-I.NFO,21/08/2024,09:29:00,24704.35,24703.75,50,24708.6,25,375,10791900
NIFTY-I.NFO,21/08/2024,09:29:01,24705.35,24705.5,150,24709.4,25,350,10791900
NIFTY-I.NFO,21/08/2024,09:29:03,24706.35,24705.85,50,24708.75,50,175,10791900
NIFTY-I.NFO,21/08/2024,09:29:05,24712,24706.9,25,24710,25,900,10791900
NIFTY-I.NFO,21/08/2024,09:29:06,24711.6,24706.9,50,24710.35,75,500,10791900
NIFTY-I.NFO,21/08/2024,09:29:08,24706.9,24706.9,25,24709.2,75,50,10791900
NIFTY-I.NFO,21/08/2024,09:29:09,24705.3,24705.2,200,24709.15,175,450,10791900
NIFTY-I.NFO,21/08/2024,09:29:11,24709,24705.1,25,24708.95,175,25,10791900
NIFTY-I.NFO,21/08/2024,09:29:13,24705.1,24705,225,24708.95,150,50,10791900
NIFTY-I.NFO,21/08/2024,09:29:14,24705,24705.95,175,24708.85,150,50,10791900
NIFTY-I.NFO,21/08/2024,09:29:16,24708.85,24706.65,175,24708.85,25,125,10791900
NIFTY-I.NFO,21/08/2024,09:29:18,24708.9,24708.95,25,24709,300,50,10791900
NIFTY-I.NFO,21/08/2024,09:29:19,24708.95,24708.85,50,24709,225,100,10791900
NIFTY-I.NFO,21/08/2024,09:29:21,24708.95,24708.85,50,24709,225,0,10791900
NIFTY-I.NFO,21/08/2024,09:29:22,24712.85,24708.85,75,24712.2,25,1800,10791900
NIFTY-I.NFO,21/08/2024,09:29:24,24712.1,24708.95,50,24712.5,75,150,10791900
NIFTY-I.NFO,21/08/2024,09:29:26,24708.95,24708.85,75,24710,100,75,10791900
NIFTY-I.NFO,21/08/2024,09:29:27,24710,24708.85,75,24710,50,50,10791900
NIFTY-I.NFO,21/08/2024,09:29:29,24708.85,24706.9,25,24710.3,50,175,10791900
NIFTY-I.NFO,21/08/2024,09:29:31,24710.45,24706.9,25,24709.95,175,75,10791900
NIFTY-I.NFO,21/08/2024,09:29:32,24705.5,24705.1,175,24705.45,150,325,10791900
NIFTY-I.NFO,21/08/2024,09:29:34,24705.1,24705.1,25,24706.9,500,225,10791900
NIFTY-I.NFO,21/08/2024,09:29:35,24705.1,24705,450,24706.9,500,300,10791900
NIFTY-I.NFO,21/08/2024,09:29:37,24705,24705,300,24706.9,500,175,10791900
NIFTY-I.NFO,21/08/2024,09:29:39,24705.1,24705,250,24706.9,500,100,10791900
NIFTY-I.NFO,21/08/2024,09:29:40,24705,24705,225,24706.9,500,25,10791900
NIFTY-I.NFO,21/08/2024,09:29:42,24705,24704.9,25,24706.9,500,275,10791900
NIFTY-I.NFO,21/08/2024,09:29:44,24706.9,24705.35,25,24706.9,475,25,10791900
NIFTY-I.NFO,21/08/2024,09:29:45,24706.9,24705.5,50,24706.9,450,50,10791900
NIFTY-I.NFO,21/08/2024,09:29:47,24705.55,24705.35,25,24706.9,425,50,10791900
NIFTY-I.NFO,21/08/2024,09:29:48,24706.9,24704.9,25,24705.35,100,50,10791900
NIFTY-I.NFO,21/08/2024,09:29:50,24705,24704.9,25,24705.35,100,100,10791900
NIFTY-I.NFO,21/08/2024,09:29:52,24705.1,24705.1,25,24706.9,375,175,10791900
NIFTY-I.NFO,21/08/2024,09:29:53,24703.05,24703.25,25,24706.9,275,5275,10791900
NIFTY-I.NFO,21/08/2024,09:29:55,24706.9,24702.45,25,24706.15,25,75,10791900
NIFTY-I.NFO,21/08/2024,09:29:56,24702.15,24705.45,25,24706.8,25,100,10791900
NIFTY-I.NFO,21/08/2024,09:29:58,24706.3,24705.45,50,24706.3,25,50,10791900
NIFTY-I.NFO,21/08/2024,09:30:00,24703.2,24702.65,50,24706.65,25,425,10791900
NIFTY-I.NFO,21/08/2024,09:30:01,24701.95,24705.55,250,24706.3,50,175,10791900
NIFTY-I.NFO,21/08/2024,09:30:03,24701.2,24701.2,175,24704.05,50,875,10791900
NIFTY-I.NFO,21/08/2024,09:30:05,24701.2,24700.45,100,24705.15,25,2625,10791900
NIFTY-I.NFO,21/08/2024,09:30:06,24704.95,24701.45,75,24705.35,25,625,10791900
NIFTY-I.NFO,21/08/2024,09:30:08,24701.45,24701.95,125,24705.65,25,25,10791900
NIFTY-I.NFO,21/08/2024,09:30:10,24701.3,24701.3,25,24705.35,50,375,10791900
NIFTY-I.NFO,21/08/2024,09:30:11,24705.2,24700.7,125,24705.25,50,25,10791900
NIFTY-I.NFO,21/08/2024,09:30:13,24701.45,24701.45,100,24705,100,50,10791900
NIFTY-I.NFO,21/08/2024,09:30:15,24705,24702.4,25,24706.4,100,825,10791900
NIFTY-I.NFO,21/08/2024,09:30:17,24702,24700.2,2175,24704.5,100,100,10791900
NIFTY-I.NFO,21/08/2024,09:30:18,24704.4,24701.3,25,24704.65,75,325,10791900
NIFTY-I.NFO,21/08/2024,09:30:20,24701.3,24700.3,25,24704.2,75,75,10791900
NIFTY-I.NFO,21/08/2024,09:30:21,24703.95,24700.2,2075,24704.4,500,100,10791900
NIFTY-I.NFO,21/08/2024,09:30:23,24700.2,24701.5,50,24703.75,50,50,10791900
NIFTY-I.NFO,21/08/2024,09:30:25,24703.55,24701,25,24703.45,50,200,10791900
NIFTY-I.NFO,21/08/2024,09:30:26,24701.9,24700.2,2000,24701.1,25,200,10791900
NIFTY-I.NFO,21/08/2024,09:30:28,24702.35,24701.15,25,24702.75,25,150,10791900
NIFTY-I.NFO,21/08/2024,09:30:30,24702.75,24701,50,24703.2,25,600,10791900
NIFTY-I.NFO,21/08/2024,09:30:31,24699,24698.8,25,24699.45,50,6700,10791900
NIFTY-I.NFO,21/08/2024,09:30:33,24698.35,24698.3,25,24699.5,100,100,10791900
NIFTY-I.NFO,21/08/2024,09:30:35,24696,24696,625,24699.65,50,1275,10791900
NIFTY-I.NFO,21/08/2024,09:30:36,24696,24696,550,24698.85,125,175,10791900
NIFTY-I.NFO,21/08/2024,09:30:38,24696,24696,500,24698.95,25,375,10791900
NIFTY-I.NFO,21/08/2024,09:30:40,24697.3,24696,325,24698.75,25,250,10791900
NIFTY-I.NFO,21/08/2024,09:30:41,24699,24696.8,50,24699,250,125,10791900
NIFTY-I.NFO,21/08/2024,09:30:43,24699,24697.1,25,24699,175,300,10791900
NIFTY-I.NFO,21/08/2024,09:30:45,24697.1,24696,350,24697.1,75,75,10791900
NIFTY-I.NFO,21/08/2024,09:30:46,24697.1,24696,300,24698.5,50,125,10791900
NIFTY-I.NFO,21/08/2024,09:30:48,24695,24695,500,24697.5,125,375,10791900
NIFTY-I.NFO,21/08/2024,09:30:49,24695,24695,550,24696,150,225,10791900
NIFTY-I.NFO,21/08/2024,09:30:51,24696,24695,200,24696,125,425,10802275
NIFTY-I.NFO,21/08/2024,09:30:53,24697.1,24695,225,24697.1,150,350,10802275
NIFTY-I.NFO,21/08/2024,09:30:54,24695.8,24696.15,25,24697.1,600,7375,10802275
NIFTY-I.NFO,21/08/2024,09:30:56,24693.55,24694.1,25,24695.35,675,1150,10802275
NIFTY-I.NFO,21/08/2024,09:30:58,24694.05,24693.85,350,24697.05,25,1050,10802275
NIFTY-I.NFO,21/08/2024,09:30:59,24694.35,24693.95,250,24697.05,25,1000,10802275
NIFTY-I.NFO,21/08/2024,09:31:01,24692,24692.6,25,24696.15,75,1625,10802275
NIFTY-I.NFO,21/08/2024,09:31:01,24692,24692.6,25,24696.15,75,0,10802275
NIFTY-I.NFO,21/08/2024,09:31:03,24695,24693,25,24695,25,625,10802275
NIFTY-I.NFO,21/08/2024,09:31:04,24693.25,24693.55,25,24696.1,75,500,10802275
NIFTY-I.NFO,21/08/2024,09:31:06,24700.45,24694.45,100,24698.35,50,2150,10802275
NIFTY-I.NFO,21/08/2024,09:31:07,24695.05,24695,25,24697.05,125,550,10802275
NIFTY-I.NFO,21/08/2024,09:31:09,24697.05,24698.35,100,24699.45,25,300,10802275
NIFTY-I.NFO,21/08/2024,09:31:11,24698.35,24695.05,25,24697.05,25,150,10802275
NIFTY-I.NFO,21/08/2024,09:31:12,24697,24697.05,25,24698.35,175,150,10802275
NIFTY-I.NFO,21/08/2024,09:31:14,24697.05,24696.4,25,24698.35,150,50,10802275
NIFTY-I.NFO,21/08/2024,09:31:16,24698.35,24698.1,25,24698.35,50,100,10802275
NIFTY-I.NFO,21/08/2024,09:31:17,24696.15,24695.8,25,24698,25,75,10802275
NIFTY-I.NFO,21/08/2024,09:31:19,24699.95,24698.1,25,24699.65,100,175,10802275
NIFTY-I.NFO,21/08/2024,09:31:20,24694.5,24697,25,24698.95,100,550,10802275
NIFTY-I.NFO,21/08/2024,09:31:22,24696.15,24696.15,50,24699,150,100,10802275
NIFTY-I.NFO,21/08/2024,09:31:24,24695,24694.45,100,24698.45,100,175,10802275
NIFTY-I.NFO,21/08/2024,09:31:25,24695.2,24695.6,25,24698.1,100,25,10802275
NIFTY-I.NFO,21/08/2024,09:31:27,24695.55,24695.4,25,24697,75,300,10802275
NIFTY-I.NFO,21/08/2024,09:31:29,24699.85,24695.7,25,24698.1,25,700,10802275
NIFTY-I.NFO,21/08/2024,09:31:30,24695.95,24695.95,50,24699.85,50,300,10802275
NIFTY-I.NFO,21/08/2024,09:31:32,24696.05,24695.9,25,24700,150,850,10802275
NIFTY-I.NFO,21/08/2024,09:31:34,24695.8,24695.7,100,24700.1,25,725,10802275
NIFTY-I.NFO,21/08/2024,09:31:35,24695.8,24695.9,25,24700.1,25,0,10802275
NIFTY-I.NFO,21/08/2024,09:31:37,24696.05,24696.1,25,24700.25,50,250,10802275
NIFTY-I.NFO,21/08/2024,09:31:39,24697.7,24695,25,24697.6,50,4100,10802275
NIFTY-I.NFO,21/08/2024,09:31:40,24692.5,24692.6,50,24695,200,50,10802275
NIFTY-I.NFO,21/08/2024,09:31:42,24692.6,24692.55,25,24695,825,25,10802275
NIFTY-I.NFO,21/08/2024,09:31:44,24692.55,24692.55,25,24695,825,50,10802275
NIFTY-I.NFO,21/08/2024,09:31:45,24692,24692,75,24695,825,225,10802275
NIFTY-I.NFO,21/08/2024,09:31:47,24691.55,24691.9,50,24695,775,175,10802275
NIFTY-I.NFO,21/08/2024,09:31:47,24691.55,24691.9,50,24695,775,0,10802275
NIFTY-I.NFO,21/08/2024,09:31:48,24692,24692.7,100,24695,800,150,10802275
NIFTY-I.NFO,21/08/2024,09:31:50,24694,24692.7,125,24694,125,50,10802275
NIFTY-I.NFO,21/08/2024,09:31:52,24694,24692.7,25,24693.9,25,875,10802275
NIFTY-I.NFO,21/08/2024,09:31:53,24694.65,24694.05,100,24694.7,75,3175,10802275
NIFTY-I.NFO,21/08/2024,09:31:53,24690.1,24694.05,100,24694.7,75,0,10802275
NIFTY-I.NFO,21/08/2024,09:31:55,24690.1,24690.1,750,24692,50,3375,10802275
NIFTY-I.NFO,21/08/2024,09:31:55,24690,24690.1,750,24692,50,0,10802275
NIFTY-I.NFO,21/08/2024,09:31:57,24690.1,24690.1,50,24691.55,50,725,10802275
NIFTY-I.NFO,21/08/2024,09:31:58,24687.65,24685.1,25,24687.65,25,3200,10802275
NIFTY-I.NFO,21/08/2024,09:31:58,24685.8,24685.1,25,24687.65,25,0,10802275
NIFTY-I.NFO,21/08/2024,09:32:00,24685.05,24685.05,50,24688.25,100,525,10802275
NIFTY-I.NFO,21/08/2024,09:32:00,24685.05,24685.05,50,24688.25,100,0,10802275
NIFTY-I.NFO,21/08/2024,09:32:02,24687.95,24687.95,175,24690,275,1000,10802275
NIFTY-I.NFO,21/08/2024,09:32:03,24690.5,24688.45,75,24692.8,25,1075,10802275
NIFTY-I.NFO,21/08/2024,09:32:05,24688.1,24688.35,25,24692.55,25,1225,10802275
NIFTY-I.NFO,21/08/2024,09:32:07,24690,24688.55,25,24690,175,700,10802275
NIFTY-I.NFO,21/08/2024,09:32:08,24688,24688,150,24690,300,650,10802275
NIFTY-I.NFO,21/08/2024,09:32:10,24690.1,24688.1,200,24691,25,600,10802275
NIFTY-I.NFO,21/08/2024,09:32:12,24687.9,24688.1,25,24692,75,2750,10802275
NIFTY-I.NFO,21/08/2024,09:32:13,24688.75,24690,300,24692,75,675,10802275
NIFTY-I.NFO,21/08/2024,09:32:15,24692,24690.8,50,24694.5,25,175,10802275
NIFTY-I.NFO,21/08/2024,09:32:17,24690.7,24688.6,25,24690.8,25,1425,10802275
NIFTY-I.NFO,21/08/2024,09:32:18,24690,24690,25,24693.55,100,925,10802275
NIFTY-I.NFO,21/08/2024,09:32:20,24688.1,24688,225,24692,25,1450,10802275
NIFTY-I.NFO,21/08/2024,09:32:22,24688.1,24688.15,75,24692,250,1550,10802275
NIFTY-I.NFO,21/08/2024,09:32:23,24688.75,24688.25,50,24692,250,100,10802275
NIFTY-I.NFO,21/08/2024,09:32:25,24690,24688.1,25,24690,350,700,10802275
NIFTY-I.NFO,21/08/2024,09:32:27,24688.1,24688.1,50,24690,200,1000,10802275
NIFTY-I.NFO,21/08/2024,09:32:28,24692,24690,50,24692,1200,350,10802275
NIFTY-I.NFO,21/08/2024,09:32:30,24690,24689.5,25,24692,1175,100,10802275
NIFTY-I.NFO,21/08/2024,09:32:31,24692,24691.35,50,24692,1175,100,10802275
NIFTY-I.NFO,21/08/2024,09:32:33,24691.3,24690,25,24692,1175,75,10802275
NIFTY-I.NFO,21/08/2024,09:32:35,24689.85,24689.95,50,24692,1050,275,10802275
NIFTY-I.NFO,21/08/2024,09:32:36,24692,24691.05,25,24692,625,600,10802275
NIFTY-I.NFO,21/08/2024,09:32:38,24691.35,24690,25,24692,550,250,10802275
NIFTY-I.NFO,21/08/2024,09:32:40,24695.45,24691.35,150,24695.45,25,4400,10802275
NIFTY-I.NFO,21/08/2024,09:32:41,24692,24690.05,25,24694.55,50,800,10802275
NIFTY-I.NFO,21/08/2024,09:32:43,24690.05,24690,575,24690.6,25,150,10802275
NIFTY-I.NFO,21/08/2024,09:32:45,24690,24690,50,24690.6,25,675,10802275
NIFTY-I.NFO,21/08/2024,09:32:46,24691.1,24690.05,25,24693,150,100,10802275
NIFTY-I.NFO,21/08/2024,09:32:48,24693,24690.05,25,24693,25,225,10802275
NIFTY-I.NFO,21/08/2024,09:32:50,24692.6,24690.6,25,24692.55,25,125,10802275
NIFTY-I.NFO,21/08/2024,09:32:51,24690,24689.85,150,24690,4900,150,10802275
NIFTY-I.NFO,21/08/2024,09:32:53,24689.85,24689.85,25,24690,4875,200,10802275
NIFTY-I.NFO,21/08/2024,09:32:55,24689,24689,150,24689.85,50,275,10802275
NIFTY-I.NFO,21/08/2024,09:32:56,24690,24689.85,25,24690,4650,375,10802275
NIFTY-I.NFO,21/08/2024,09:32:58,24689,24688.55,100,24690,4700,175,10802275
NIFTY-I.NFO,21/08/2024,09:32:59,24689.1,24689.75,50,24690,4675,200,10802275
NIFTY-I.NFO,21/08/2024,09:33:01,24690,24688,450,24690,3100,1875,10802275
NIFTY-I.NFO,21/08/2024,09:33:03,24690,24688,75,24689.8,50,875,10802275
NIFTY-I.NFO,21/08/2024,09:33:04,24689.35,24689.7,25,24690,2825,75,10802275
NIFTY-I.NFO,21/08/2024,09:33:08,24690,24688.2,50,24690,2375,600,10802275
NIFTY-I.NFO,21/08/2024,09:33:09,24689.3,24688.05,50,24690,2325,250,10802275
NIFTY-I.NFO,21/08/2024,09:33:11,24690,24688.2,25,24690,1950,900,10802275
NIFTY-I.NFO,21/08/2024,09:33:13,24690,24688.5,100,24690,1800,350,10802275
NIFTY-I.NFO,21/08/2024,09:33:14,24690,24688.5,75,24690,1675,425,10802275
NIFTY-I.NFO,21/08/2024,09:33:16,24690,24688.5,100,24690,1600,125,10802275
NIFTY-I.NFO,21/08/2024,09:33:18,24690,24690.1,125,24690.5,25,1650,10802275
NIFTY-I.NFO,21/08/2024,09:33:19,24691,24690.95,50,24695.05,25,800,10802275
NIFTY-I.NFO,21/08/2024,09:33:21,24690.95,24690.95,50,24693.8,150,150,10802275
NIFTY-I.NFO,21/08/2024,09:33:23,24696.45,24691,25,24694.95,25,500,10802275
NIFTY-I.NFO,21/08/2024,09:33:24,24696.45,24691.15,25,24694.9,25,0,10802275
NIFTY-I.NFO,21/08/2024,09:33:26,24695.2,24691.25,25,24695.25,50,150,10802275
NIFTY-I.NFO,21/08/2024,09:33:27,24695,24691.35,100,24694.95,25,200,10802275
NIFTY-I.NFO,21/08/2024,09:33:29,24691.6,24692.5,125,24694.9,25,225,10802275
NIFTY-I.NFO,21/08/2024,09:33:31,24694.9,24694.9,75,24694.95,25,200,10802275
NIFTY-I.NFO,21/08/2024,09:33:32,24691.55,24692.25,25,24692.45,50,150,10802275
NIFTY-I.NFO,21/08/2024,09:33:34,24694,24692.45,50,24694.05,150,1150,10802275
NIFTY-I.NFO,21/08/2024,09:33:36,24693.55,24691.6,25,24693.55,25,275,10802275
NIFTY-I.NFO,21/08/2024,09:33:37,24694.6,24690,350,24691.6,150,525,10802275
NIFTY-I.NFO,21/08/2024,09:33:39,24690.6,24690.6,400,24692.15,150,425,10802275
NIFTY-I.NFO,21/08/2024,09:33:41,24692.45,24694.05,50,24694.9,25,550,10802275
NIFTY-I.NFO,21/08/2024,09:33:42,24694.05,24691.2,100,24695,150,175,10802275
NIFTY-I.NFO,21/08/2024,09:33:44,24691.15,24691.6,275,24693.55,50,75,10802275
NIFTY-I.NFO,21/08/2024,09:33:46,24693.55,24693.6,50,24695,200,200,10802275
NIFTY-I.NFO,21/08/2024,09:33:47,24693.05,24691.85,50,24695,175,175,10802275
NIFTY-I.NFO,21/08/2024,09:33:49,24695,24695.1,25,24695.45,125,375,10802275
NIFTY-I.NFO,21/08/2024,09:33:50,24693.75,24693.55,25,24695.65,25,100,10820800
NIFTY-I.NFO,21/08/2024,09:33:52,24696.1,24693.75,75,24695.65,25,225,10820800
NIFTY-I.NFO,21/08/2024,09:33:54,24693.7,24693.55,25,24693.75,25,125,10820800
NIFTY-I.NFO,21/08/2024,09:33:55,24693.75,24692.25,50,24693.75,75,150,10820800
NIFTY-I.NFO,21/08/2024,09:33:57,24692.25,24692.25,25,24692.75,50,300,10820800
NIFTY-I.NFO,21/08/2024,09:33:58,24692.25,24692.3,25,24694.85,25,1225,10820800
NIFTY-I.NFO,21/08/2024,09:34:00,24694.9,24692.3,200,24693.9,25,225,10820800
NIFTY-I.NFO,21/08/2024,09:34:01,24692.3,24692.3,200,24695,25,125,10820800
NIFTY-I.NFO,21/08/2024,09:34:03,24692.3,24692.3,75,24695,25,250,10820800
NIFTY-I.NFO,21/08/2024,09:34:05,24691.8,24691.8,75,24695,50,75,10820800
NIFTY-I.NFO,21/08/2024,09:34:06,24695,24692.3,925,24695,150,250,10820800
NIFTY-I.NFO,21/08/2024,09:34:08,24692.3,24692.3,700,24694.5,25,350,10820800
NIFTY-I.NFO,21/08/2024,09:34:09,24692.3,24692.3,400,24694.45,50,375,10820800
NIFTY-I.NFO,21/08/2024,09:34:11,24692.3,24692.35,50,24694,175,175,10820800
NIFTY-I.NFO,21/08/2024,09:34:13,24692.3,24691.65,25,24692.3,175,1500,10820800
NIFTY-I.NFO,21/08/2024,09:34:14,24692.3,24692.8,100,24696.6,25,550,10820800
NIFTY-I.NFO,21/08/2024,09:34:16,24692.6,24693.7,125,24696.6,25,350,10820800
NIFTY-I.NFO,21/08/2024,09:34:18,24698.95,24695.8,25,24698.95,75,200,10820800
NIFTY-I.NFO,21/08/2024,09:34:19,24694.85,24694.3,25,24698.65,100,200,10820800
NIFTY-I.NFO,21/08/2024,09:34:21,24695.15,24695,100,24699,425,825,10820800
NIFTY-I.NFO,21/08/2024,09:34:22,24700.95,24696.5,225,24700.9,100,875,10820800
NIFTY-I.NFO,21/08/2024,09:34:24,24700.95,24698.95,75,24700.95,50,125,10820800
NIFTY-I.NFO,21/08/2024,09:34:26,24697.9,24698.1,125,24701,25,175,10820800
NIFTY-I.NFO,21/08/2024,09:34:27,24701.4,24701.4,25,24705,125,600,10820800
NIFTY-I.NFO,21/08/2024,09:34:29,24705.4,24705,1150,24705.4,50,1200,10820800
NIFTY-I.NFO,21/08/2024,09:34:31,24705,24705,1025,24705.85,50,400,10820800
NIFTY-I.NFO,21/08/2024,09:34:32,24705,24701.5,25,24705.95,25,1050,10820800
NIFTY-I.NFO,21/08/2024,09:34:34,24701.9,24701,75,24705.15,150,100,10820800
NIFTY-I.NFO,21/08/2024,09:34:36,24701.15,24701.05,100,24705,25,300,10820800
NIFTY-I.NFO,21/08/2024,09:34:39,24705.75,24701.15,25,24705.1,25,275,10820800
NIFTY-I.NFO,21/08/2024,09:34:41,24705.5,24701,525,24705.05,25,225,10820800
NIFTY-I.NFO,21/08/2024,09:34:43,24705.65,24701.25,125,24705.6,25,325,10820800
NIFTY-I.NFO,21/08/2024,09:34:44,24705,24702,25,24705,275,75,10820800
NIFTY-I.NFO,21/08/2024,09:34:46,24705,24702.15,125,24705,200,100,10820800
NIFTY-I.NFO,21/08/2024,09:34:48,24708.15,24705.1,100,24708.9,25,1900,10820800
NIFTY-I.NFO,21/08/2024,09:34:49,24706.15,24706.5,150,24708.9,25,250,10820800
NIFTY-I.NFO,21/08/2024,09:34:51,24711.95,24707.3,25,24711.95,25,1975,10820800
NIFTY-I.NFO,21/08/2024,09:34:53,24712.95,24707.8,125,24712.3,125,800,10820800
NIFTY-I.NFO,21/08/2024,09:34:54,24707.7,24708.05,50,24713,25,1900,10820800
NIFTY-I.NFO,21/08/2024,09:34:56,24708.05,24707.9,175,24712.7,25,150,10820800
NIFTY-I.NFO,21/08/2024,09:34:58,24711.6,24707.2,50,24711.65,25,250,10820800
NIFTY-I.NFO,21/08/2024,09:34:59,24710,24708.6,100,24710,1000,450,10820800
NIFTY-I.NFO,21/08/2024,09:35:01,24713.95,24713.35,100,24718.15,25,4125,10820800
NIFTY-I.NFO,21/08/2024,09:35:03,24721.1,24721.1,25,24723.3,25,2725,10820800
NIFTY-I.NFO,21/08/2024,09:35:04,24721.75,24718.55,25,24721.15,200,1350,10820800
NIFTY-I.NFO,21/08/2024,09:35:06,24719.2,24715.35,50,24720.2,100,400,10820800
NIFTY-I.NFO,21/08/2024,09:35:08,24713.65,24713.65,25,24715.35,50,25,10820800
NIFTY-I.NFO,21/08/2024,09:35:09,24717,24716,125,24719.3,200,525,10820800
NIFTY-I.NFO,21/08/2024,09:35:11,24718.5,24713.9,50,24718.3,50,2225,10820800
NIFTY-I.NFO,21/08/2024,09:35:13,24714.5,24714.45,150,24719.25,150,1025,10820800
NIFTY-I.NFO,21/08/2024,09:35:14,24714.45,24713.65,25,24717.05,50,75,10820800
NIFTY-I.NFO,21/08/2024,09:35:16,24715,24711.65,75,24716,150,900,10820800
NIFTY-I.NFO,21/08/2024,09:35:18,24711.65,24710.5,100,24713.95,50,1225,10820800
NIFTY-I.NFO,21/08/2024,09:35:19,24710.5,24710.4,25,24712,500,350,10820800
NIFTY-I.NFO,21/08/2024,09:35:21,24710,24708.95,150,24710,400,475,10820800
NIFTY-I.NFO,21/08/2024,09:35:23,24708.05,24708.05,75,24708.95,25,275,10820800
NIFTY-I.NFO,21/08/2024,09:35:24,24708.8,24708,25,24710,400,125,10820800
NIFTY-I.NFO,21/08/2024,09:35:26,24708,24707.1,75,24708,125,150,10820800
NIFTY-I.NFO,21/08/2024,09:35:28,24707.1,24707,525,24707.8,25,50,10820800
NIFTY-I.NFO,21/08/2024,09:35:29,24707,24707,175,24707.8,25,375,10820800
NIFTY-I.NFO,21/08/2024,09:35:31,24705,24704,25,24705.75,50,1650,10820800
NIFTY-I.NFO,21/08/2024,09:35:33,24702.15,24702,25,24703.55,50,175,10820800
NIFTY-I.NFO,21/08/2024,09:35:34,24702.15,24701.65,100,24703.5,25,950,10820800
NIFTY-I.NFO,21/08/2024,09:35:36,24700,24700,450,24703.5,25,1075,10820800
NIFTY-I.NFO,21/08/2024,09:35:38,24700.95,24702.25,250,24704,225,425,10820800
NIFTY-I.NFO,21/08/2024,09:35:39,24701.85,24703.25,25,24704,200,1175,10820800
NIFTY-I.NFO,21/08/2024,09:35:41,24703.2,24700.95,25,24703.2,25,300,10820800
NIFTY-I.NFO,21/08/2024,09:35:43,24703.45,24700.05,25,24703.45,900,275,10820800
NIFTY-I.NFO,21/08/2024,09:35:44,24700.3,24700.3,50,24703,125,575,10820800
NIFTY-I.NFO,21/08/2024,09:35:46,24700.65,24701.9,50,24703,125,50,10820800
NIFTY-I.NFO,21/08/2024,09:35:48,24701.9,24700.9,25,24700.95,150,50,10820800
NIFTY-I.NFO,21/08/2024,09:35:49,24702.55,24701.35,75,24702.9,300,825,10820800
NIFTY-I.NFO,21/08/2024,09:35:51,24702.9,24700.5,50,24702.9,125,300,10820800
NIFTY-I.NFO,21/08/2024,09:35:52,24702.9,24701.1,125,24702.9,125,475,10820800
NIFTY-I.NFO,21/08/2024,09:35:54,24701,24700.8,125,24702,25,50,10820800
NIFTY-I.NFO,21/08/2024,09:35:56,24702,24701,75,24702.9,125,50,10820800
NIFTY-I.NFO,21/08/2024,09:35:57,24701,24700.85,25,24701,25,325,10820800
NIFTY-I.NFO,21/08/2024,09:35:59,24701,24700.6,25,24700.8,25,0,10820800
NIFTY-I.NFO,21/08/2024,09:36:00,24702.9,24700.85,25,24701,150,350,10820800
NIFTY-I.NFO,21/08/2024,09:36:02,24702.9,24700.55,100,24700.85,75,0,10820800
NIFTY-I.NFO,21/08/2024,09:36:04,24700.55,24700.5,100,24700.55,75,175,10820800
NIFTY-I.NFO,21/08/2024,09:36:05,24700,24700,1175,24700.5,350,300,10820800
NIFTY-I.NFO,21/08/2024,09:36:07,24700.5,24700.3,25,24700.5,350,300,10820800
NIFTY-I.NFO,21/08/2024,09:36:09,24700.85,24700,350,24701,200,1225,10820800
NIFTY-I.NFO,21/08/2024,09:36:10,24700.3,24700.8,75,24704.3,25,2350,10820800
NIFTY-I.NFO,21/08/2024,09:36:12,24705.9,24702.45,50,24706.6,25,75,10820800
NIFTY-I.NFO,21/08/2024,09:36:14,24702.5,24702.75,125,24705.85,25,550,10820800
NIFTY-I.NFO,21/08/2024,09:36:15,24701.8,24700.5,25,24702.5,175,200,10820800
NIFTY-I.NFO,21/08/2024,09:36:17,24700.5,24700,575,24702.5,200,25,10820800
NIFTY-I.NFO,21/08/2024,09:36:19,24700.1,24700,500,24702.5,200,125,10820800
NIFTY-I.NFO,21/08/2024,09:36:20,24702.5,24700,475,24702.5,150,275,10820800
NIFTY-I.NFO,21/08/2024,09:36:22,24700.5,24700.05,75,24702.5,150,775,10820800
NIFTY-I.NFO,21/08/2024,09:36:23,24700.3,24700.15,75,24702.5,50,300,10820800
NIFTY-I.NFO,21/08/2024,09:36:25,24700,24699.35,25,24700.15,100,850,10820800
NIFTY-I.NFO,21/08/2024,09:36:27,24700,24700,100,24702.45,100,425,10820800
NIFTY-I.NFO,21/08/2024,09:36:28,24704.35,24700,25,24703.4,25,525,10820800
NIFTY-I.NFO,21/08/2024,09:36:30,24698.6,24699.7,50,24704.2,25,725,10820800
NIFTY-I.NFO,21/08/2024,09:36:32,24701.1,24701.3,75,24704.95,25,200,10820800
NIFTY-I.NFO,21/08/2024,09:36:33,24700.05,24700.05,100,24701.3,25,775,10820800
NIFTY-I.NFO,21/08/2024,09:36:35,24700.75,24700.9,75,24701.3,25,75,10820800
NIFTY-I.NFO,21/08/2024,09:36:37,24701.3,24700.9,25,24701,150,75,10820800
NIFTY-I.NFO,21/08/2024,09:36:38,24699.7,24699.8,25,24700,75,225,10820800
NIFTY-I.NFO,21/08/2024,09:36:40,24700.05,24699.4,25,24701,125,450,10820800
NIFTY-I.NFO,21/08/2024,09:36:42,24699.35,24698.65,125,24701,125,225,10820800
NIFTY-I.NFO,21/08/2024,09:36:43,24698.6,24698.45,25,24701,75,125,10820800
NIFTY-I.NFO,21/08/2024,09:36:45,24699.35,24698.8,25,24701,50,475,10820800
NIFTY-I.NFO,21/08/2024,09:36:47,24700,24698.5,50,24700,50,175,10820800
NIFTY-I.NFO,21/08/2024,09:36:48,24699.9,24698.05,125,24699.9,350,475,10820800
NIFTY-I.NFO,21/08/2024,09:36:50,24698.1,24698,25,24699.9,325,100,10831175
NIFTY-I.NFO,21/08/2024,09:36:52,24698.05,24697.7,75,24698.05,75,125,10831175
NIFTY-I.NFO,21/08/2024,09:36:53,24699.9,24696.6,100,24699.6,150,525,10831175
NIFTY-I.NFO,21/08/2024,09:36:55,24696.6,24696.6,75,24697.15,225,175,10831175
NIFTY-I.NFO,21/08/2024,09:36:57,24695,24692.35,25,24694.6,150,450,10831175
NIFTY-I.NFO,21/08/2024,09:36:58,24692.35,24692.35,75,24693.35,25,100,10831175
NIFTY-I.NFO,21/08/2024,09:37:00,24696.6,24694.55,25,24696.45,25,400,10831175
NIFTY-I.NFO,21/08/2024,09:37:02,24695.2,24696.45,50,24698.1,50,75,10831175
NIFTY-I.NFO,21/08/2024,09:37:03,24696.45,24695.85,25,24696,100,275,10831175
NIFTY-I.NFO,21/08/2024,09:37:05,24696.45,24695.6,25,24697.8,50,325,10831175
NIFTY-I.NFO,21/08/2024,09:37:07,24698.5,24698.1,25,24699,25,175,10831175
NIFTY-I.NFO,21/08/2024,09:37:10,24694.35,24694.8,25,24697.9,25,550,10831175
NIFTY-I.NFO,21/08/2024,09:37:12,24697.65,24698.05,125,24699.85,25,650,10831175
NIFTY-I.NFO,21/08/2024,09:37:13,24695.05,24695.05,100,24699.45,125,550,10831175
NIFTY-I.NFO,21/08/2024,09:37:15,24695.1,24695.6,50,24699.2,25,125,10831175
NIFTY-I.NFO,21/08/2024,09:37:17,24695.7,24695.6,175,24698.6,50,50,10831175
NIFTY-I.NFO,21/08/2024,09:37:18,24694.8,24694.6,150,24695.6,50,150,10831175
NIFTY-I.NFO,21/08/2024,09:37:20,24695.05,24694.8,100,24698.45,25,125,10831175
NIFTY-I.NFO,21/08/2024,09:37:22,24695.4,24695.4,50,24697.5,175,250,10831175
NIFTY-I.NFO,21/08/2024,09:37:23,24694.35,24696.75,50,24697.6,25,125,10831175
NIFTY-I.NFO,21/08/2024,09:37:25,24695.4,24694.35,100,24696.75,25,350,10831175
NIFTY-I.NFO,21/08/2024,09:37:26,24695.05,24694.35,100,24696.75,50,100,10831175
NIFTY-I.NFO,21/08/2024,09:37:28,24692.85,24693.1,25,24696.75,1850,200,10831175
NIFTY-I.NFO,21/08/2024,09:37:30,24693,24694.35,25,24695.05,150,150,10831175
NIFTY-I.NFO,21/08/2024,09:37:31,24694.35,24692.35,225,24694.1,25,75,10831175
NIFTY-I.NFO,21/08/2024,09:37:33,24695,24695,475,24695.05,175,175,10831175
NIFTY-I.NFO,21/08/2024,09:37:35,24695.05,24695,350,24695.05,100,150,10831175
NIFTY-I.NFO,21/08/2024,09:37:36,24695.05,24695.05,50,24696.75,1800,275,10831175
NIFTY-I.NFO,21/08/2024,09:37:38,24695,24695.2,25,24696.75,1800,275,10831175
NIFTY-I.NFO,21/08/2024,09:37:40,24695.2,24694.65,25,24696.75,1800,75,10831175
NIFTY-I.NFO,21/08/2024,09:37:41,24695.05,24694.55,75,24696.75,1775,100,10831175
NIFTY-I.NFO,21/08/2024,09:37:43,24696.75,24694.5,150,24694.8,100,250,10831175
NIFTY-I.NFO,21/08/2024,09:37:44,24696.75,24694.3,25,24696.75,1700,650,10831175
NIFTY-I.NFO,21/08/2024,09:37:46,24695.2,24696.1,25,24696.75,1700,75,10831175
NIFTY-I.NFO,21/08/2024,09:37:48,24698,24696.75,50,24699.9,50,1950,10831175
NIFTY-I.NFO,21/08/2024,09:37:49,24698,24697.7,50,24698,200,125,10831175
NIFTY-I.NFO,21/08/2024,09:37:51,24698.9,24699,25,24700,525,725,10831175
NIFTY-I.NFO,21/08/2024,09:37:53,24699.75,24698.85,250,24703.25,25,1100,10831175
NIFTY-I.NFO,21/08/2024,09:37:54,24703.2,24699.65,25,24703.6,25,250,10831175
NIFTY-I.NFO,21/08/2024,09:37:56,24703.6,24699.65,25,24703.65,50,250,10831175
NIFTY-I.NFO,21/08/2024,09:37:58,24699.65,24699.15,150,24703.2,25,50,10831175
NIFTY-I.NFO,21/08/2024,09:37:59,24702.4,24699.3,25,24703.6,25,150,10831175
NIFTY-I.NFO,21/08/2024,09:38:01,24700.15,24700.15,25,24704.65,25,175,10831175
NIFTY-I.NFO,21/08/2024,09:38:03,24703.6,24698.9,25,24703.2,100,275,10831175
NIFTY-I.NFO,21/08/2024,09:38:04,24699.5,24698.8,25,24703,25,100,10831175
NIFTY-I.NFO,21/08/2024,09:38:06,24699.7,24699.65,50,24703.85,25,100,10831175
NIFTY-I.NFO,21/08/2024,09:38:08,24705,24701.1,25,24705,50,150,10831175
NIFTY-I.NFO,21/08/2024,09:38:09,24700.6,24701.05,25,24705,125,425,10831175
NIFTY-I.NFO,21/08/2024,09:38:11,24708.2,24704.55,50,24708.9,25,1075,10831175
NIFTY-I.NFO,21/08/2024,09:38:13,24709,24709,25,24710,100,175,10831175
NIFTY-I.NFO,21/08/2024,09:38:14,24704.35,24704.05,25,24708.1,25,125,10831175
NIFTY-I.NFO,21/08/2024,09:38:16,24705,24705.35,50,24709,25,200,10831175
NIFTY-I.NFO,21/08/2024,09:38:18,24705.35,24706,750,24709.9,25,175,10831175
NIFTY-I.NFO,21/08/2024,09:38:19,24710.1,24706,600,24708.95,50,350,10831175
NIFTY-I.NFO,21/08/2024,09:38:21,24708.95,24706.2,25,24709.75,50,150,10831175
NIFTY-I.NFO,21/08/2024,09:38:23,24706.25,24706.45,100,24709,25,650,10831175
NIFTY-I.NFO,21/08/2024,09:38:24,24706.45,24706.75,150,24710.5,25,150,10831175
NIFTY-I.NFO,21/08/2024,09:38:26,24707.1,24710,25,24711.85,25,150,10831175
NIFTY-I.NFO,21/08/2024,09:38:28,24713.8,24709.45,50,24714.15,25,250,10831175
NIFTY-I.NFO,21/08/2024,09:38:29,24710.1,24712,475,24714.3,25,175,10831175
NIFTY-I.NFO,21/08/2024,09:38:31,24711.2,24709.85,25,24713.35,100,675,10831175
NIFTY-I.NFO,21/08/2024,09:38:33,24712.7,24709.85,50,24712.5,100,375,10831175
NIFTY-I.NFO,21/08/2024,09:38:34,24707.5,24708,125,24709.85,125,75,10831175
NIFTY-I.NFO,21/08/2024,09:38:36,24708.25,24708,125,24708.6,25,50,10831175
NIFTY-I.NFO,21/08/2024,09:38:38,24708.6,24708,100,24709.85,125,125,10831175
NIFTY-I.NFO,21/08/2024,09:38:39,24708.05,24708,100,24709.85,125,25,10831175
NIFTY-I.NFO,21/08/2024,09:38:41,24708,24708,25,24709.85,100,125,10831175
NIFTY-I.NFO,21/08/2024,09:38:42,24709,24708,25,24709.85,100,75,10831175
NIFTY-I.NFO,21/08/2024,09:38:44,24708,24706.85,100,24708,100,275,10831175
NIFTY-I.NFO,21/08/2024,09:38:46,24708.05,24708,150,24711.7,50,175,10831175
NIFTY-I.NFO,21/08/2024,09:38:47,24708,24708.15,125,24711.95,25,25,10831175
NIFTY-I.NFO,21/08/2024,09:38:49,24712,24709,25,24713.3,50,1900,10831175
NIFTY-I.NFO,21/08/2024,09:38:51,24708.4,24708.95,200,24712.9,25,100,10831175
NIFTY-I.NFO,21/08/2024,09:38:52,24712.95,24709.7,100,24712.95,250,625,10831175
NIFTY-I.NFO,21/08/2024,09:38:54,24712.1,24710.35,50,24712.95,100,175,10831175
NIFTY-I.NFO,21/08/2024,09:38:55,24709.95,24709.95,50,24712.95,75,275,10831175
NIFTY-I.NFO,21/08/2024,09:38:57,24710,24711.6,25,24712.95,25,200,10831175
NIFTY-I.NFO,21/08/2024,09:39:01,24712.75,24712.65,25,24715,300,500,10831175
NIFTY-I.NFO,21/08/2024,09:39:02,24711.55,24710.3,25,24712.65,25,100,10831175
NIFTY-I.NFO,21/08/2024,09:39:04,24711.65,24711.6,75,24715,300,225,10831175
NIFTY-I.NFO,21/08/2024,09:39:06,24711.6,24710,25,24714.35,50,425,10831175
NIFTY-I.NFO,21/08/2024,09:39:07,24710,24710.55,25,24714.85,25,800,10831175
NIFTY-I.NFO,21/08/2024,09:39:09,24711.2,24710.85,25,24714,75,100,10831175
NIFTY-I.NFO,21/08/2024,09:39:10,24710.85,24711,25,24714,25,175,10831175
NIFTY-I.NFO,21/08/2024,09:39:12,24711.55,24711.55,25,24715,125,1300,10831175
NIFTY-I.NFO,21/08/2024,09:39:14,24714,24714.2,50,24715,175,75,10831175
NIFTY-I.NFO,21/08/2024,09:39:15,24714.2,24714,150,24714.2,50,100,10831175
NIFTY-I.NFO,21/08/2024,09:39:17,24714,24714,125,24714.05,75,25,10831175
NIFTY-I.NFO,21/08/2024,09:39:19,24715.75,24715.75,75,24715.95,50,675,10831175
NIFTY-I.NFO,21/08/2024,09:39:20,24716,24716.25,25,24718,375,375,10831175
NIFTY-I.NFO,21/08/2024,09:39:22,24715.75,24716.15,25,24719,125,525,10831175
NIFTY-I.NFO,21/08/2024,09:39:24,24719.5,24714.3,275,24718.6,25,250,10831175
NIFTY-I.NFO,21/08/2024,09:39:25,24717.95,24714,175,24718,25,175,10831175
NIFTY-I.NFO,21/08/2024,09:39:27,24717.9,24715,75,24717.9,100,200,10831175
NIFTY-I.NFO,21/08/2024,09:39:29,24718,24715,550,24719.45,75,125,10831175
NIFTY-I.NFO,21/08/2024,09:39:30,24720,24715.55,25,24719.8,50,300,10831175
NIFTY-I.NFO,21/08/2024,09:39:32,24715.3,24716.8,25,24720,850,175,10831175
NIFTY-I.NFO,21/08/2024,09:39:33,24715.2,24715.3,25,24716.6,25,150,10831175
NIFTY-I.NFO,21/08/2024,09:39:35,24715.5,24715.55,250,24716.4,25,75,10831175
NIFTY-I.NFO,21/08/2024,09:39:36,24716.8,24716.3,225,24719.9,100,150,10831175
NIFTY-I.NFO,21/08/2024,09:39:38,24716.5,24715.85,150,24719.9,50,275,10831175
NIFTY-I.NFO,21/08/2024,09:39:40,24715.65,24715.55,50,24719.2,25,175,10831175
NIFTY-I.NFO,21/08/2024,09:39:41,24719.8,24715.55,25,24719.65,25,150,10831175
NIFTY-I.NFO,21/08/2024,09:39:43,24715.55,24715.5,50,24715.55,25,100,10831175
NIFTY-I.NFO,21/08/2024,09:39:44,24715.55,24715.75,50,24717.3,50,175,10831175
NIFTY-I.NFO,21/08/2024,09:39:46,24715.75,24715.4,25,24717.15,50,100,10831175
NIFTY-I.NFO,21/08/2024,09:39:48,24715.35,24714,125,24715.45,150,1025,10831175
NIFTY-I.NFO,21/08/2024,09:39:49,24710,24710,225,24714.05,225,475,10831175
NIFTY-I.NFO,21/08/2024,09:39:51,24713.6,24710,175,24712.95,150,225,10831175
NIFTY-I.NFO,21/08/2024,09:39:53,24710.3,24710,225,24712.05,125,50,10840025
NIFTY-I.NFO,21/08/2024,09:39:54,24711.8,24710,25,24711.7,200,275,10840025
NIFTY-I.NFO,21/08/2024,09:39:56,24710.05,24710,75,24712.5,150,200,10840025
NIFTY-I.NFO,21/08/2024,09:39:57,24710,24709.15,100,24712,275,125,10840025
NIFTY-I.NFO,21/08/2024,09:39:59,24712,24709.15,50,24712.7,150,300,10840025
NIFTY-I.NFO,21/08/2024,09:40:01,24709.15,24710,100,24712.1,150,50,10840025
NIFTY-I.NFO,21/08/2024,09:40:02,24712.25,24710,100,24712.7,225,250,10840025
NIFTY-I.NFO,21/08/2024,09:40:04,24712,24709.15,50,24710,150,175,10840025
NIFTY-I.NFO,21/08/2024,09:40:06,24709.2,24709.15,50,24710.75,225,225,10840025
NIFTY-I.NFO,21/08/2024,09:40:07,24708,24708,50,24710.65,25,250,10840025
NIFTY-I.NFO,21/08/2024,09:40:09,24708,24708,25,24709.15,1825,50,10840025
NIFTY-I.NFO,21/08/2024,09:40:11,24709.15,24707,50,24709.15,1700,375,10840025
NIFTY-I.NFO,21/08/2024,09:40:14,24709.15,24707,25,24709.15,350,1500,10840025
NIFTY-I.NFO,21/08/2024,09:40:16,24709.15,24708.05,25,24708.65,125,0,10840025
NIFTY-I.NFO,21/08/2024,09:40:17,24707.35,24707,25,24708.05,125,50,10840025
NIFTY-I.NFO,21/08/2024,09:40:19,24707.3,24705.55,100,24707,75,75,10840025
NIFTY-I.NFO,21/08/2024,09:40:21,24707,24705.05,100,24707,50,100,10840025
NIFTY-I.NFO,21/08/2024,09:40:22,24705,24705,150,24707,50,25,10840025
NIFTY-I.NFO,21/08/2024,09:40:24,24709.85,24705.15,50,24708.7,25,1900,10840025
NIFTY-I.NFO,21/08/2024,09:40:26,24706.95,24705,75,24707.35,25,50,10840025
NIFTY-I.NFO,21/08/2024,09:40:27,24706.65,24705,50,24706.9,75,125,10840025
NIFTY-I.NFO,21/08/2024,09:40:29,24705,24704,25,24705,150,100,10840025
NIFTY-I.NFO,21/08/2024,09:40:31,24704,24703,25,24704.1,75,50,10840025
NIFTY-I.NFO,21/08/2024,09:40:32,24706.05,24705.05,75,24706.05,25,1950,10840025
NIFTY-I.NFO,21/08/2024,09:40:34,24702.2,24702.2,25,24705,25,350,10840025
NIFTY-I.NFO,21/08/2024,09:40:35,24703.4,24703.35,75,24705,25,275,10840025
NIFTY-I.NFO,21/08/2024,09:40:37,24704.7,24705.25,50,24709.15,25,300,10840025
NIFTY-I.NFO,21/08/2024,09:40:39,24705.25,24702.35,25,24707.05,25,425,10840025
NIFTY-I.NFO,21/08/2024,09:40:40,24705.9,24702.15,25,24706.2,50,200,10840025
NIFTY-I.NFO,21/08/2024,09:40:42,24705,24702,25,24705,425,100,10840025
NIFTY-I.NFO,21/08/2024,09:40:44,24705,24702,25,24705,400,75,10840025
NIFTY-I.NFO,21/08/2024,09:40:45,24702.05,24702,50,24705,400,25,10840025
NIFTY-I.NFO,21/08/2024,09:40:47,24704.25,24701,125,24704.25,100,125,10840025
NIFTY-I.NFO,21/08/2024,09:40:49,24703.75,24701,175,24703.25,100,150,10840025
NIFTY-I.NFO,21/08/2024,09:40:50,24698,24698,25,24700.85,25,775,10840025
NIFTY-I.NFO,21/08/2024,09:40:52,24698.15,24698,75,24700.1,25,25,10840025
NIFTY-I.NFO,21/08/2024,09:40:54,24696.5,24696.35,100,24699.95,50,875,10840025
NIFTY-I.NFO,21/08/2024,09:40:55,24696.55,24696.2,100,24699.95,25,25,10840025
NIFTY-I.NFO,21/08/2024,09:40:57,24695.2,24695.05,50,24697.5,25,275,10840025
NIFTY-I.NFO,21/08/2024,09:40:59,24696.2,24695.05,75,24699.35,25,2775,10840025
NIFTY-I.NFO,21/08/2024,09:41:00,24696.8,24696.75,25,24700,100,200,10840025
NIFTY-I.NFO,21/08/2024,09:41:02,24699.8,24699.2,25,24700,125,50,10840025
NIFTY-I.NFO,21/08/2024,09:41:04,24700,24696.85,100,24700,50,200,10840025
NIFTY-I.NFO,21/08/2024,09:41:05,24698.55,24698.55,50,24699.2,600,125,10840025
NIFTY-I.NFO,21/08/2024,09:41:07,24697,24696.75,75,24698.05,100,75,10840025
NIFTY-I.NFO,21/08/2024,09:41:08,24698.25,24696.75,75,24699.2,600,50,10840025
NIFTY-I.NFO,21/08/2024,09:41:10,24699.2,24696.75,50,24699.2,550,100,10840025
NIFTY-I.NFO,21/08/2024,09:41:12,24696.75,24695,150,24699.05,100,225,10840025
NIFTY-I.NFO,21/08/2024,09:41:14,24699.2,24697,25,24699.55,25,1200,10840025
NIFTY-I.NFO,21/08/2024,09:41:15,24695.5,24695.5,25,24697,25,125,10840025
NIFTY-I.NFO,21/08/2024,09:41:17,24697,24698.25,25,24699.25,25,150,10840025
NIFTY-I.NFO,21/08/2024,09:41:18,24700.95,24696.2,25,24700.75,25,275,10840025
NIFTY-I.NFO,21/08/2024,09:41:20,24696.2,24695.25,100,24697.2,25,175,10840025
NIFTY-I.NFO,21/08/2024,09:41:22,24698.9,24695.05,75,24699.45,50,325,10840025
NIFTY-I.NFO,21/08/2024,09:41:23,24695.25,24695.25,100,24699.8,25,350,10840025
NIFTY-I.NFO,21/08/2024,09:41:25,24695.2,24695.05,50,24699.2,100,125,10840025
NIFTY-I.NFO,21/08/2024,09:41:26,24698.3,24696.2,25,24698.25,25,225,10840025
NIFTY-I.NFO,21/08/2024,09:41:28,24694.1,24694.1,425,24695.7,25,750,10840025
NIFTY-I.NFO,21/08/2024,09:41:30,24698.35,24697.4,25,24699,25,150,10840025
NIFTY-I.NFO,21/08/2024,09:41:31,24694.25,24694.1,425,24697.2,25,175,10840025
NIFTY-I.NFO,21/08/2024,09:41:33,24694.1,24695.85,25,24696.45,50,25,10840025
NIFTY-I.NFO,21/08/2024,09:41:35,24696.45,24694.35,150,24697.2,50,125,10840025
NIFTY-I.NFO,21/08/2024,09:41:36,24694.85,24695.35,25,24699.6,50,200,10840025
NIFTY-I.NFO,21/08/2024,09:41:38,24695.25,24695.55,25,24699.7,75,375,10840025
NIFTY-I.NFO,21/08/2024,09:41:40,24699.55,24696.85,50,24700,300,400,10840025
NIFTY-I.NFO,21/08/2024,09:41:41,24697.25,24698.35,125,24700,275,50,10840025
NIFTY-I.NFO,21/08/2024,09:41:43,24703.85,24700,600,24704,100,2175,10840025
NIFTY-I.NFO,21/08/2024,09:41:45,24700.1,24700.1,50,24704.5,125,225,10840025
NIFTY-I.NFO,21/08/2024,09:41:46,24703.1,24701.65,125,24705.45,325,200,10840025
NIFTY-I.NFO,21/08/2024,09:41:48,24701.65,24704,100,24705.45,325,25,10840025
NIFTY-I.NFO,21/08/2024,09:41:49,24704.75,24704,275,24706.75,25,425,10840025
NIFTY-I.NFO,21/08/2024,09:41:51,24704.8,24706,150,24706.75,25,75,10840025
NIFTY-I.NFO,21/08/2024,09:41:53,24706,24706.1,50,24708,25,100,10840025
NIFTY-I.NFO,21/08/2024,09:41:54,24708,24709.5,25,24710,75,50,10840025
NIFTY-I.NFO,21/08/2024,09:41:56,24709.75,24709.5,175,24711.85,125,225,10840025
NIFTY-I.NFO,21/08/2024,09:41:58,24709.5,24709.5,75,24711.9,25,100,10840025
NIFTY-I.NFO,21/08/2024,09:41:59,24711.75,24709,50,24711.55,175,150,10840025
NIFTY-I.NFO,21/08/2024,09:42:01,24709,24708.15,25,24710.9,150,25,10840025
NIFTY-I.NFO,21/08/2024,09:42:03,24711.7,24711.25,25,24711.8,150,125,10840025
NIFTY-I.NFO,21/08/2024,09:42:04,24710,24709.75,50,24711.25,25,150,10840025
NIFTY-I.NFO,21/08/2024,09:42:06,24709.7,24708.5,25,24711.25,275,125,10840025
NIFTY-I.NFO,21/08/2024,09:42:08,24708.5,24708.75,125,24711.25,250,50,10840025
NIFTY-I.NFO,21/08/2024,09:42:09,24712,24710.35,125,24712,1325,475,10840025
NIFTY-I.NFO,21/08/2024,09:42:11,24710.15,24710.25,50,24712,1325,375,10840025
NIFTY-I.NFO,21/08/2024,09:42:13,24712,24710.55,50,24712,1325,150,10840025
NIFTY-I.NFO,21/08/2024,09:42:14,24711.45,24710.4,75,24714,150,1650,10840025
NIFTY-I.NFO,21/08/2024,09:42:16,24714,24710.9,25,24714.65,50,75,10840025
NIFTY-I.NFO,21/08/2024,09:42:18,24714,24711.75,75,24715,50,0,10840025
NIFTY-I.NFO,21/08/2024,09:42:19,24712.05,24711.95,25,24715,25,75,10840025
NIFTY-I.NFO,21/08/2024,09:42:21,24710.65,24710.7,50,24711.9,25,425,10840025
NIFTY-I.NFO,21/08/2024,09:42:23,24711.95,24711.3,125,24714,25,50,10840025
NIFTY-I.NFO,21/08/2024,09:42:24,24714.15,24710.55,25,24714.75,150,150,10840025
NIFTY-I.NFO,21/08/2024,09:42:26,24710.75,24710.75,25,24714.3,25,75,10840025
NIFTY-I.NFO,21/08/2024,09:42:27,24714.25,24713.95,50,24715.2,150,50,10840025
NIFTY-I.NFO,21/08/2024,09:42:29,24714.8,24714.3,100,24715.85,150,100,10840025
NIFTY-I.NFO,21/08/2024,09:42:31,24715.35,24714.3,50,24716,150,125,10840025
NIFTY-I.NFO,21/08/2024,09:42:32,24714.3,24713.45,25,24714.3,150,25,10840025
NIFTY-I.NFO,21/08/2024,09:42:34,24711,24708.85,100,24711,475,1625,10840025
NIFTY-I.NFO,21/08/2024,09:42:36,24711,24708,50,24711,400,100,10840025
NIFTY-I.NFO,21/08/2024,09:42:37,24710.6,24708,50,24710.55,125,150,10840025
NIFTY-I.NFO,21/08/2024,09:42:41,24709.15,24708.85,25,24709.1,25,175,10840025
NIFTY-I.NFO,21/08/2024,09:42:42,24711,24710.6,25,24710.95,25,150,10840025
NIFTY-I.NFO,21/08/2024,09:42:44,24710.55,24710.85,50,24711,275,125,10840025
NIFTY-I.NFO,21/08/2024,09:42:46,24711,24708.85,25,24711,250,75,10840025
NIFTY-I.NFO,21/08/2024,09:42:47,24708.85,24710.6,75,24711,250,200,10840025
NIFTY-I.NFO,21/08/2024,09:42:49,24708.25,24706.15,50,24709.85,25,200,10840025
NIFTY-I.NFO,21/08/2024,09:42:51,24702.95,24702.95,100,24705.75,150,275,10840025
NIFTY-I.NFO,21/08/2024,09:42:52,24703.45,24703.6,50,24707.65,25,350,10846825
NIFTY-I.NFO,21/08/2024,09:42:54,24707,24706.1,25,24707.15,50,25,10846825
NIFTY-I.NFO,21/08/2024,09:42:56,24705.35,24703,50,24706.1,450,100,10846825
NIFTY-I.NFO,21/08/2024,09:42:59,24706.1,24705.7,25,24706.1,350,275,10846825
NIFTY-I.NFO,21/08/2024,09:43:01,24706,24705.9,50,24709.5,25,500,10846825
NIFTY-I.NFO,21/08/2024,09:43:02,24708.45,24707.35,25,24708.45,25,75,10846825
NIFTY-I.NFO,21/08/2024,09:43:04,24707.3,24705.1,50,24708.55,25,75,10846825
NIFTY-I.NFO,21/08/2024,09:43:06,24707,24706.75,50,24709.5,50,25,10846825
NIFTY-I.NFO,21/08/2024,09:43:07,24706.5,24706.15,50,24709.5,50,100,10846825
NIFTY-I.NFO,21/08/2024,09:43:09,24705.9,24705.6,100,24709.45,25,300,10846825
NIFTY-I.NFO,21/08/2024,09:43:11,24710,24706.15,25,24710.2,25,200,10846825
NIFTY-I.NFO,21/08/2024,09:43:12,24706.15,24706.65,50,24710.2,25,25,10846825
NIFTY-I.NFO,21/08/2024,09:43:14,24711,24707.25,75,24711.7,100,225,10846825
NIFTY-I.NFO,21/08/2024,09:43:16,24712.2,24706.7,50,24711.35,50,250,10846825
NIFTY-I.NFO,21/08/2024,09:43:17,24707.45,24707.45,50,24712.2,25,275,10846825
NIFTY-I.NFO,21/08/2024,09:43:19,24712.4,24708.15,25,24712.4,50,50,10846825
NIFTY-I.NFO,21/08/2024,09:43:21,24712.4,24709.25,50,24713.85,50,0,10846825
NIFTY-I.NFO,21/08/2024,09:43:22,24713.25,24710.25,50,24714,75,75,10846825
NIFTY-I.NFO,21/08/2024,09:43:24,24710.2,24710.2,200,24714,75,125,10846825
NIFTY-I.NFO,21/08/2024,09:43:26,24710.2,24710.2,200,24713.85,25,50,10846825
NIFTY-I.NFO,21/08/2024,09:43:28,24708.15,24708.3,100,24712,100,350,10846825
NIFTY-I.NFO,21/08/2024,09:43:29,24712,24708.55,75,24712,25,125,10846825
NIFTY-I.NFO,21/08/2024,09:43:31,24713.9,24709.95,75,24714,25,300,10846825
NIFTY-I.NFO,21/08/2024,09:43:32,24709.95,24709.35,25,24713.45,25,425,10846825
NIFTY-I.NFO,21/08/2024,09:43:34,24713.15,24708.85,50,24713.2,25,50,10846825
NIFTY-I.NFO,21/08/2024,09:43:36,24708,24707.05,100,24708.85,25,50,10846825
NIFTY-I.NFO,21/08/2024,09:43:37,24712,24707.7,100,24712.5,50,175,10846825
NIFTY-I.NFO,21/08/2024,09:43:39,24707.75,24707.65,150,24710.2,25,25,10846825
NIFTY-I.NFO,21/08/2024,09:43:41,24710.2,24709.3,150,24712,125,50,10846825
NIFTY-I.NFO,21/08/2024,09:43:42,24710.4,24710.45,150,24712,125,50,10846825
NIFTY-I.NFO,21/08/2024,09:43:44,24710.4,24710.15,75,24712,125,175,10846825
NIFTY-I.NFO,21/08/2024,09:43:45,24710.5,24710.55,75,24712,100,100,10846825
NIFTY-I.NFO,21/08/2024,09:43:47,24710.55,24708.15,50,24712,100,75,10846825
NIFTY-I.NFO,21/08/2024,09:43:49,24710.5,24710,150,24710.5,250,50,10846825
NIFTY-I.NFO,21/08/2024,09:43:50,24710,24710,125,24710.5,250,100,10846825
NIFTY-I.NFO,21/08/2024,09:43:52,24710.5,24710.05,300,24710.5,200,75,10846825
NIFTY-I.NFO,21/08/2024,09:43:54,24710.5,24711.7,50,24712,75,300,10846825
NIFTY-I.NFO,21/08/2024,09:43:55,24710.55,24710.5,225,24712,25,225,10846825
NIFTY-I.NFO,21/08/2024,09:43:57,24710.7,24710.7,75,24710.85,25,25,10846825
NIFTY-I.NFO,21/08/2024,09:43:58,24710.85,24710.95,50,24711.05,25,50,10846825
NIFTY-I.NFO,21/08/2024,09:44:00,24711.05,24710.75,25,24712,25,75,10846825
NIFTY-I.NFO,21/08/2024,09:44:02,24711.05,24710.75,75,24710.8,25,0,10846825
NIFTY-I.NFO,21/08/2024,09:44:03,24710.8,24711.95,50,24712,50,75,10846825
NIFTY-I.NFO,21/08/2024,09:44:05,24711.1,24711.05,75,24712,50,75,10846825
NIFTY-I.NFO,21/08/2024,09:44:07,24711.05,24712.1,25,24713,25,100,10846825
NIFTY-I.NFO,21/08/2024,09:44:08,24714,24712.95,25,24715,700,375,10846825
NIFTY-I.NFO,21/08/2024,09:44:12,24713,24713,175,24715,675,150,10846825
NIFTY-I.NFO,21/08/2024,09:44:13,24715,24714.95,150,24715,100,600,10846825
NIFTY-I.NFO,21/08/2024,09:44:15,24718,24714.95,100,24717.85,100,1450,10846825
NIFTY-I.NFO,21/08/2024,09:44:16,24715.55,24715.75,75,24718,750,75,10846825
NIFTY-I.NFO,21/08/2024,09:44:18,24715.75,24716.95,50,24718,750,25,10846825
NIFTY-I.NFO,21/08/2024,09:44:20,24716.95,24716.9,25,24716.95,25,50,10846825
NIFTY-I.NFO,21/08/2024,09:44:21,24716.95,24715.45,50,24716.85,25,50,10846825
NIFTY-I.NFO,21/08/2024,09:44:23,24716.9,24713.35,25,24717.3,100,125,10846825
NIFTY-I.NFO,21/08/2024,09:44:24,24717.95,24716.85,1225,24717.95,75,75,10846825
NIFTY-I.NFO,21/08/2024,09:44:26,24716.85,24716.85,575,24716.9,25,725,10846825
NIFTY-I.NFO,21/08/2024,09:44:28,24717,24716.85,550,24717,150,75,10846825
NIFTY-I.NFO,21/08/2024,09:44:29,24717,24712.85,50,24716.9,50,1600,10846825
NIFTY-I.NFO,21/08/2024,09:44:31,24712.9,24712.9,50,24716.8,25,75,10846825
NIFTY-I.NFO,21/08/2024,09:44:33,24716.05,24712.9,50,24715,25,75,10846825
NIFTY-I.NFO,21/08/2024,09:44:34,24715.05,24712,200,24714.85,25,375,10846825
NIFTY-I.NFO,21/08/2024,09:44:36,24715,24711.55,25,24715.35,25,250,10846825
NIFTY-I.NFO,21/08/2024,09:44:38,24712.9,24710.9,25,24712.9,500,75,10846825
NIFTY-I.NFO,21/08/2024,09:44:39,24711.05,24711,25,24712.9,475,50,10846825
NIFTY-I.NFO,21/08/2024,09:44:41,24709.25,24710.3,25,24711.05,25,525,10846825
NIFTY-I.NFO,21/08/2024,09:44:43,24711,24710.75,25,24711,75,75,10846825
NIFTY-I.NFO,21/08/2024,09:44:44,24711.05,24711.05,25,24711.9,25,300,10846825
NIFTY-I.NFO,21/08/2024,09:44:46,24710.05,24709.9,25,24711.05,25,50,10846825
NIFTY-I.NFO,21/08/2024,09:44:48,24711.05,24710.1,25,24711.05,50,75,10846825
NIFTY-I.NFO,21/08/2024,09:44:49,24710.15,24710.15,50,24710.3,25,125,10846825
NIFTY-I.NFO,21/08/2024,09:44:51,24711,24710.5,1325,24711,100,150,10846825
NIFTY-I.NFO,21/08/2024,09:44:53,24711,24710.5,1325,24711,75,75,10846825
NIFTY-I.NFO,21/08/2024,09:44:54,24710.85,24710.5,1250,24711,75,75,10846825
NIFTY-I.NFO,21/08/2024,09:44:56,24711.7,24712,125,24712.9,475,250,10846825
NIFTY-I.NFO,21/08/2024,09:44:57,24712.9,24712.3,25,24713.8,250,500,10846825
NIFTY-I.NFO,21/08/2024,09:44:59,24712.3,24712.25,175,24713.8,250,75,10846825
NIFTY-I.NFO,21/08/2024,09:45:01,24713.8,24712.6,25,24713.8,225,50,10846825
NIFTY-I.NFO,21/08/2024,09:45:02,24712.75,24713.25,150,24713.8,250,50,10846825
NIFTY-I.NFO,21/08/2024,09:45:04,24713.65,24712.75,50,24713.8,250,150,10846825
NIFTY-I.NFO,21/08/2024,09:45:05,24713.8,24711,1800,24713.8,100,325,10846825
NIFTY-I.NFO,21/08/2024,09:45:07,24712.05,24711,1725,24713.8,75,75,10846825
NIFTY-I.NFO,21/08/2024,09:45:09,24715.85,24712.35,50,24716,25,850,10846825
NIFTY-I.NFO,21/08/2024,09:45:10,24712.35,24713.7,25,24716,25,50,10846825
NIFTY-I.NFO,21/08/2024,09:45:12,24715,24715.4,25,24716,25,150,10846825
NIFTY-I.NFO,21/08/2024,09:45:13,24715,24713.05,25,24716.05,100,75,10846825
NIFTY-I.NFO,21/08/2024,09:45:15,24718.8,24715.25,25,24718.8,25,975,10846825
NIFTY-I.NFO,21/08/2024,09:45:17,24718.8,24715.35,25,24718.7,25,25,10846825
NIFTY-I.NFO,21/08/2024,09:45:18,24715,24715,175,24718.8,25,125,10846825
NIFTY-I.NFO,21/08/2024,09:45:20,24715,24715,150,24718,1775,75,10846825
NIFTY-I.NFO,21/08/2024,09:45:21,24719,24717.95,25,24719,125,2050,10846825
NIFTY-I.NFO,21/08/2024,09:45:23,24719,24715.95,25,24718.8,25,375,10846825
NIFTY-I.NFO,21/08/2024,09:45:25,24719,24718,1175,24719,25,100,10846825
NIFTY-I.NFO,21/08/2024,09:45:26,24719,24719.1,50,24719.5,475,50,10846825
NIFTY-I.NFO,21/08/2024,09:45:28,24719.5,24719.15,25,24719.5,425,100,10846825
NIFTY-I.NFO,21/08/2024,09:45:29,24718,24718,1525,24720,1075,775,10846825
NIFTY-I.NFO,21/08/2024,09:45:31,24718,24718,1350,24720,1200,300,10846825
NIFTY-I.NFO,21/08/2024,09:45:33,24718.05,24719.55,25,24720,1200,525,10846825
NIFTY-I.NFO,21/08/2024,09:45:34,24719.15,24718,800,24720,1200,100,10846825
NIFTY-I.NFO,21/08/2024,09:45:36,24719.15,24718,800,24718.3,25,0,10846825
NIFTY-I.NFO,21/08/2024,09:45:37,24718.3,24718,825,24718.8,25,50,10846825
NIFTY-I.NFO,21/08/2024,09:45:39,24718.05,24718,925,24718.8,25,75,10846825
NIFTY-I.NFO,21/08/2024,09:45:41,24720,24718,900,24720,1200,200,10846825
NIFTY-I.NFO,21/08/2024,09:45:42,24720,24718,675,24720,975,525,10846825
NIFTY-I.NFO,21/08/2024,09:45:44,24720,24718,650,24720,950,75,10846825
NIFTY-I.NFO,21/08/2024,09:45:45,24720,24718,675,24720,900,75,10846825
NIFTY-I.NFO,21/08/2024,09:45:47,24718.05,24718.25,25,24720,900,50,10846825
NIFTY-I.NFO,21/08/2024,09:45:48,24718,24718,550,24720,925,100,10846825
NIFTY-I.NFO,21/08/2024,09:45:50,24720,24720,775,24720.05,50,925,10846825
NIFTY-I.NFO,21/08/2024,09:45:52,24719.85,24720,50,24720.05,25,975,10851500
NIFTY-I.NFO,21/08/2024,09:45:53,24719.9,24718,375,24719.9,100,250,10851500
NIFTY-I.NFO,21/08/2024,09:45:55,24720.05,24720.75,25,24721,100,175,10851500
NIFTY-I.NFO,21/08/2024,09:45:57,24720.05,24718,350,24718.25,25,450,10851500
NIFTY-I.NFO,21/08/2024,09:45:58,24718,24718,350,24720,225,100,10851500
NIFTY-I.NFO,21/08/2024,09:46:00,24718.1,24718.1,1750,24719.45,25,75,10851500
NIFTY-I.NFO,21/08/2024,09:46:02,24719.5,24719.5,25,24719.85,50,100,10851500
NIFTY-I.NFO,21/08/2024,09:46:03,24718.2,24718.15,50,24719.85,50,75,10851500
NIFTY-I.NFO,21/08/2024,09:46:05,24718.15,24718.1,1750,24720,850,100,10851500
NIFTY-I.NFO,21/08/2024,09:46:06,24720,24718.1,1725,24718.15,900,100,10851500
NIFTY-I.NFO,21/08/2024,09:46:08,24718.15,24718.1,1650,24718.15,875,100,10851500
NIFTY-I.NFO,21/08/2024,09:46:10,24718.1,24718.1,1400,24718.15,850,275,10851500
NIFTY-I.NFO,21/08/2024,09:46:11,24718.1,24718.1,1325,24718.15,850,75,10851500
NIFTY-I.NFO,21/08/2024,09:46:13,24718.1,24718.1,1325,24718.15,850,0,10851500
NIFTY-I.NFO,21/08/2024,09:46:14,24718.1,24718.1,450,24718.15,900,900,10851500
NIFTY-I.NFO,21/08/2024,09:46:16,24718.15,24715,2050,24718.15,425,2000,10851500
NIFTY-I.NFO,21/08/2024,09:46:17,24715.75,24716.25,50,24718,275,50,10851500
NIFTY-I.NFO,21/08/2024,09:46:19,24716.4,24716.45,50,24718,375,25,10851500
NIFTY-I.NFO,21/08/2024,09:46:21,24716.4,24716.55,50,24717.95,150,0,10851500
NIFTY-I.NFO,21/08/2024,09:46:22,24717.95,24715,2075,24717.95,125,25,10851500
NIFTY-I.NFO,21/08/2024,09:46:24,24715.3,24715,2050,24717.95,125,50,10851500
NIFTY-I.NFO,21/08/2024,09:46:25,24717.95,24715,2050,24718.1,50,425,10851500
NIFTY-I.NFO,21/08/2024,09:46:27,24717.1,24715,2075,24716.6,50,25,10851500
NIFTY-I.NFO,21/08/2024,09:46:29,24713,24712.35,25,24714.35,50,2275,10851500
NIFTY-I.NFO,21/08/2024,09:46:30,24711,24710.45,25,24713.45,50,125,10851500
NIFTY-I.NFO,21/08/2024,09:46:32,24709.4,24709.4,50,24712,25,375,10851500
NIFTY-I.NFO,21/08/2024,09:46:34,24709.4,24709.2,100,24713.45,50,50,10851500
NIFTY-I.NFO,21/08/2024,09:46:35,24712.55,24710,50,24712.55,50,175,10851500
NIFTY-I.NFO,21/08/2024,09:46:37,24708,24708.65,150,24710,50,125,10851500
NIFTY-I.NFO,21/08/2024,09:46:39,24710,24709.15,125,24710,275,275,10851500
NIFTY-I.NFO,21/08/2024,09:46:40,24709.15,24708.65,25,24709.85,25,300,10851500
NIFTY-I.NFO,21/08/2024,09:46:42,24710,24709.15,100,24711,50,50,10851500
NIFTY-I.NFO,21/08/2024,09:46:44,24710.15,24710.55,100,24712,50,125,10851500
NIFTY-I.NFO,21/08/2024,09:46:45,24711.15,24710.5,25,24714.6,25,175,10851500
NIFTY-I.NFO,21/08/2024,09:46:47,24715.85,24710.7,25,24714.85,25,2025,10851500
NIFTY-I.NFO,21/08/2024,09:46:49,24715.85,24712.8,25,24715,250,0,10851500
NIFTY-I.NFO,21/08/2024,09:46:50,24712.8,24710.55,25,24713.9,25,50,10851500
NIFTY-I.NFO,21/08/2024,09:46:52,24714,24710.75,25,24713.9,200,75,10851500
NIFTY-I.NFO,21/08/2024,09:46:54,24714,24711.8,25,24715,250,0,10851500
NIFTY-I.NFO,21/08/2024,09:46:55,24711.5,24710.65,100,24711.8,25,125,10851500
NIFTY-I.NFO,21/08/2024,09:46:57,24711.8,24710.15,25,24711.75,25,25,10851500
NIFTY-I.NFO,21/08/2024,09:46:59,24710,24710.4,25,24711.75,200,175,10851500
NIFTY-I.NFO,21/08/2024,09:47:00,24712,24711.95,50,24714.95,50,250,10851500
NIFTY-I.NFO,21/08/2024,09:47:02,24714.9,24711,100,24715,100,125,10851500
NIFTY-I.NFO,21/08/2024,09:47:04,24715,24712.15,25,24715,125,50,10851500
NIFTY-I.NFO,21/08/2024,09:47:05,24715,24712.85,50,24715,125,0,10851500
NIFTY-I.NFO,21/08/2024,09:47:07,24711.8,24711.9,25,24714.95,50,300,10851500
NIFTY-I.NFO,21/08/2024,09:47:09,24714.95,24713,50,24714.95,25,25,10851500
NIFTY-I.NFO,21/08/2024,09:47:10,24713,24713,25,24714.95,25,25,10851500
NIFTY-I.NFO,21/08/2024,09:47:12,24714.9,24712.4,25,24714.95,25,100,10851500
NIFTY-I.NFO,21/08/2024,09:47:14,24714.95,24713.5,25,24715,250,25,10851500
NIFTY-I.NFO,21/08/2024,09:47:15,24714.85,24713.9,25,24714.85,175,25,10851500
NIFTY-I.NFO,21/08/2024,09:47:17,24715.1,24715.05,25,24718.15,275,625,10851500
NIFTY-I.NFO,21/08/2024,09:47:19,24718.05,24714.2,25,24718.15,275,75,10851500
NIFTY-I.NFO,21/08/2024,09:47:20,24718.05,24713,50,24714.9,25,0,10851500
NIFTY-I.NFO,21/08/2024,09:47:22,24714.85,24713.6,175,24714.9,25,25,10851500
NIFTY-I.NFO,21/08/2024,09:47:24,24718.15,24714.95,25,24718,25,50,10851500
NIFTY-I.NFO,21/08/2024,09:47:25,24717.3,24716.25,50,24718.15,250,75,10851500
NIFTY-I.NFO,21/08/2024,09:47:27,24715.9,24715.55,50,24718.15,275,150,10851500
NIFTY-I.NFO,21/08/2024,09:47:29,24715.55,24715.6,75,24718.15,300,25,10851500
NIFTY-I.NFO,21/08/2024,09:47:30,24718.15,24716.9,75,24718.15,275,25,10851500
NIFTY-I.NFO,21/08/2024,09:47:32,24715,24714.85,25,24718.15,500,150,10851500
NIFTY-I.NFO,21/08/2024,09:47:34,24718.15,24716,50,24718.05,175,75,10851500
NIFTY-I.NFO,21/08/2024,09:47:35,24716,24714.95,50,24718.05,175,50,10851500
NIFTY-I.NFO,21/08/2024,09:47:37,24718.05,24714.9,100,24718.05,150,375,10851500
NIFTY-I.NFO,21/08/2024,09:47:38,24718.05,24716,25,24718.05,175,0,10851500
NIFTY-I.NFO,21/08/2024,09:47:40,24716.15,24716,25,24717.95,25,175,10851500
NIFTY-I.NFO,21/08/2024,09:47:42,24716.15,24716.5,25,24717.9,25,0,10851500
NIFTY-I.NFO,21/08/2024,09:47:43,24717.9,24716.4,150,24717.9,50,100,10851500
NIFTY-I.NFO,21/08/2024,09:47:45,24716.6,24716.4,25,24717.9,50,50,10851500
NIFTY-I.NFO,21/08/2024,09:47:47,24716.6,24716.6,25,24717.9,75,0,10851500
NIFTY-I.NFO,21/08/2024,09:47:48,24717.9,24717.05,25,24717.9,25,75,10851500
NIFTY-I.NFO,21/08/2024,09:47:50,24720.05,24720.05,50,24721,100,925,10851500
NIFTY-I.NFO,21/08/2024,09:47:52,24724,24723,450,24724,275,625,10851500
NIFTY-I.NFO,21/08/2024,09:47:53,24728.1,24728,325,24729,125,2400,10851500
NIFTY-I.NFO,21/08/2024,09:47:55,24730,24728.9,175,24730,425,1175,10851500
NIFTY-I.NFO,21/08/2024,09:47:57,24729.5,24729.5,150,24730,375,100,10851500
NIFTY-I.NFO,21/08/2024,09:47:58,24737,24736.1,25,24737.05,125,7850,10851500
NIFTY-I.NFO,21/08/2024,09:47:58,24738,24736.1,25,24737.05,125,0,10851500
NIFTY-I.NFO,21/08/2024,09:48:00,24733.25,24732.1,50,24734,25,3600,10851500
NIFTY-I.NFO,21/08/2024,09:48:02,24738,24734.55,50,24737.95,25,250,10851500
NIFTY-I.NFO,21/08/2024,09:48:03,24734.4,24734.15,25,24738.3,25,175,10851500
NIFTY-I.NFO,21/08/2024,09:48:05,24740,24736.25,25,24740,825,1500,10851500
NIFTY-I.NFO,21/08/2024,09:48:05,24740,24736.25,25,24740,825,0,10851500
NIFTY-I.NFO,21/08/2024,09:48:07,24740,24738.15,25,24740,775,175,10851500
NIFTY-I.NFO,21/08/2024,09:48:08,24739.3,24734.75,25,24739.1,25,800,10851500
NIFTY-I.NFO,21/08/2024,09:48:10,24738.85,24735.1,25,24738.95,25,400,10851500
NIFTY-I.NFO,21/08/2024,09:48:11,24738.15,24735.5,25,24737.35,25,1350,10851500
NIFTY-I.NFO,21/08/2024,09:48:13,24737.9,24734.15,50,24737.9,50,300,10851500
NIFTY-I.NFO,21/08/2024,09:48:15,24734.55,24735.25,25,24737.9,50,425,10851500
NIFTY-I.NFO,21/08/2024,09:48:16,24735,24734.9,100,24737.9,175,275,10851500
NIFTY-I.NFO,21/08/2024,09:48:18,24733.95,24733.8,25,24736.5,25,250,10851500
NIFTY-I.NFO,21/08/2024,09:48:20,24734.55,24734.95,25,24739.3,25,475,10851500
NIFTY-I.NFO,21/08/2024,09:48:21,24737.9,24735,75,24738.3,125,675,10851500
NIFTY-I.NFO,21/08/2024,09:48:23,24734.95,24734,50,24734.95,100,725,10851500
NIFTY-I.NFO,21/08/2024,09:48:24,24734.95,24734,75,24734.95,75,225,10851500
NIFTY-I.NFO,21/08/2024,09:48:26,24734,24734,50,24734.95,75,75,10851500
NIFTY-I.NFO,21/08/2024,09:48:28,24730,24730,300,24733,75,800,10851500
NIFTY-I.NFO,21/08/2024,09:48:29,24730,24730,250,24733.4,75,200,10851500
NIFTY-I.NFO,21/08/2024,09:48:31,24733,24729.5,75,24733.25,25,625,10851500
NIFTY-I.NFO,21/08/2024,09:48:33,24729.9,24730.55,25,24734,75,900,10851500
NIFTY-I.NFO,21/08/2024,09:48:34,24734.1,24730.05,25,24733.95,200,800,10851500
NIFTY-I.NFO,21/08/2024,09:48:36,24730.35,24730.25,25,24734.55,25,325,10851500
NIFTY-I.NFO,21/08/2024,09:48:38,24731,24730.35,25,24734.65,100,675,10851500
NIFTY-I.NFO,21/08/2024,09:48:39,24730.65,24730,200,24732.75,150,200,10851500
NIFTY-I.NFO,21/08/2024,09:48:41,24730,24730,75,24732.85,100,150,10851500
NIFTY-I.NFO,21/08/2024,09:48:43,24732.85,24730,50,24733.3,175,50,10851500
NIFTY-I.NFO,21/08/2024,09:48:44,24730.1,24729.4,100,24733.95,25,250,10851500
NIFTY-I.NFO,21/08/2024,09:48:46,24730.1,24730.55,100,24734,100,0,10851500
NIFTY-I.NFO,21/08/2024,09:48:47,24730.35,24730.15,100,24734.1,50,125,10851500
NIFTY-I.NFO,21/08/2024,09:48:49,24730.35,24730.1,25,24733.95,250,0,10851500
NIFTY-I.NFO,21/08/2024,09:48:51,24729.45,24730,25,24733.15,125,125,10851500
NIFTY-I.NFO,21/08/2024,09:48:52,24730,24729.8,100,24733,75,225,10851500
NIFTY-I.NFO,21/08/2024,09:48:54,24733,24731.7,100,24733,25,75,10841100
NIFTY-I.NFO,21/08/2024,09:48:55,24733.85,24733.15,100,24734,100,425,10841100
NIFTY-I.NFO,21/08/2024,09:48:57,24734,24732.7,100,24734,50,75,10841100
NIFTY-I.NFO,21/08/2024,09:48:59,24734.1,24733.15,200,24735,300,125,10841100
NIFTY-I.NFO,21/08/2024,09:49:00,24733.95,24733.85,150,24735,125,500,10841100
NIFTY-I.NFO,21/08/2024,09:49:02,24734.65,24734.65,75,24734.85,100,125,10841100
NIFTY-I.NFO,21/08/2024,09:49:03,24735,24732.2,25,24735,300,300,10841100
NIFTY-I.NFO,21/08/2024,09:49:05,24735,24732.55,25,24735,175,250,10841100
NIFTY-I.NFO,21/08/2024,09:49:07,24735,24732.45,75,24735,125,575,10841100
