Ticker,Date,Time,LTP,BuyPrice,BuyQty,SellPrice,SellQty,LTQ,OpenInterest
BANKNIFTY-II.NFO,08/11/2024,09:15:01,52500.05,52350.05,510,52498.4,60,555,221910
BANKNIFTY-II.NFO,08/11/2024,09:15:01,52350.05,52350.05,510,52498.4,60,0,221910
BANKNIFTY-II.NFO,08/11/2024,09:15:01,52500.05,52350.05,510,52498.4,60,0,221910
BANKNIFTY-II.NFO,08/11/2024,09:15:01,52350.05,52350.05,510,52498.4,60,0,221910
BANKNIFTY-II.NFO,08/11/2024,09:15:02,52440.55,52420,150,52440.15,60,45,221910
BANKNIFTY-II.NFO,08/11/2024,09:15:03,52440.55,52420.05,45,52442.35,60,0,221910
BANKNIFTY-II.NFO,08/11/2024,09:15:05,52414,52400,15,52413.25,45,180,221910
BANKNIFTY-II.NFO,08/11/2024,09:15:06,52400,52374.05,60,52400.15,45,60,221910
BANKNIFTY-II.NFO,08/11/2024,09:15:08,52375.05,52372.05,60,52388.25,60,15,221910
BANKNIFTY-II.NFO,08/11/2024,09:15:09,52372.05,52381.05,60,52398.6,15,90,221910
BANKNIFTY-II.NFO,08/11/2024,09:15:11,52404.9,52381.05,60,52409.9,30,15,221910
BANKNIFTY-II.NFO,08/11/2024,09:15:12,52391.35,52379.05,60,52397.15,75,15,221910
BANKNIFTY-II.NFO,08/11/2024,09:15:14,52372.05,52351,75,52363,75,30,221910
BANKNIFTY-II.NFO,08/11/2024,09:15:15,52335,52333,15,52339.7,90,120,221910
BANKNIFTY-II.NFO,08/11/2024,09:15:15,52335,52333,15,52339.7,90,0,221910
BANKNIFTY-II.NFO,08/11/2024,09:15:17,52332.75,52321.15,60,52348.05,45,30,221910
BANKNIFTY-II.NFO,08/11/2024,09:15:17,52332.75,52321.15,60,52348.05,45,0,221910
BANKNIFTY-II.NFO,08/11/2024,09:15:19,52332.75,52317.05,60,52349.5,30,0,221910
BANKNIFTY-II.NFO,08/11/2024,09:15:20,52290.8,52290.8,45,52334.1,60,300,221910
BANKNIFTY-II.NFO,08/11/2024,09:15:20,52290.05,52290.8,45,52334.1,60,0,221910
BANKNIFTY-II.NFO,08/11/2024,09:15:22,52280,52270.05,45,52296.8,60,30,221910
BANKNIFTY-II.NFO,08/11/2024,09:15:22,52280,52270.05,45,52296.8,60,0,221910
BANKNIFTY-II.NFO,08/11/2024,09:15:23,52296.8,52274,60,52299.65,60,30,221910
BANKNIFTY-II.NFO,08/11/2024,09:15:25,52286.5,52296.8,15,52304.9,45,30,221910
BANKNIFTY-II.NFO,08/11/2024,09:15:27,52270.05,52272.55,60,52280,15,105,221910
BANKNIFTY-II.NFO,08/11/2024,09:15:27,52270.05,52272.55,60,52280,15,0,221910
BANKNIFTY-II.NFO,08/11/2024,09:15:28,52280,52282.2,45,52298.15,45,15,221910
BANKNIFTY-II.NFO,08/11/2024,09:15:30,52286.85,52285.05,30,52309.9,45,30,221910
BANKNIFTY-II.NFO,08/11/2024,09:15:31,52286.85,52277.1,60,52307.3,45,0,221910
BANKNIFTY-II.NFO,08/11/2024,09:15:33,52280,52287.8,60,52316.05,60,90,221910
BANKNIFTY-II.NFO,08/11/2024,09:15:35,52280,52300,60,52322,60,0,221910
BANKNIFTY-II.NFO,08/11/2024,09:15:36,52280,52288.9,60,52315.75,60,0,221910
BANKNIFTY-II.NFO,08/11/2024,09:15:38,52312.7,52287.4,60,52310.8,30,30,221775
BANKNIFTY-II.NFO,08/11/2024,09:15:39,52312.7,52287.6,75,52309.9,45,0,221775
BANKNIFTY-II.NFO,08/11/2024,09:15:41,52312.7,52305.5,15,52320.5,30,0,221775
BANKNIFTY-II.NFO,08/11/2024,09:15:43,52320.55,52307.15,60,52326.85,30,15,221775
BANKNIFTY-II.NFO,08/11/2024,09:15:44,52326.8,52305.65,60,52325.6,30,225,221775
BANKNIFTY-II.NFO,08/11/2024,09:15:46,52326.8,52297.55,75,52322.8,150,0,221775
BANKNIFTY-II.NFO,08/11/2024,09:15:47,52332.35,52301.1,90,52330.55,90,480,221775
BANKNIFTY-II.NFO,08/11/2024,09:15:49,52332.35,52299.6,60,52331.45,60,0,221775
BANKNIFTY-II.NFO,08/11/2024,09:15:51,52332.35,52297.55,60,52318.15,90,0,221775
BANKNIFTY-II.NFO,08/11/2024,09:15:52,52321.75,52298.5,60,52321.75,15,15,221775
BANKNIFTY-II.NFO,08/11/2024,09:15:54,52321.75,52289.65,60,52315,15,0,221775
BANKNIFTY-II.NFO,08/11/2024,09:15:56,52307.8,52287.75,60,52310.75,150,15,221775
BANKNIFTY-II.NFO,08/11/2024,09:15:57,52307.8,52291.4,60,52312.4,15,0,221775
BANKNIFTY-II.NFO,08/11/2024,09:15:59,52329.75,52295.25,30,52313.7,75,315,221775
BANKNIFTY-II.NFO,08/11/2024,09:16:00,52309,52294.5,60,52314,240,30,221775
BANKNIFTY-II.NFO,08/11/2024,09:16:02,52314,52297.15,45,52314.35,75,30,221775
BANKNIFTY-II.NFO,08/11/2024,09:16:04,52284.7,52280,30,52285.45,75,135,221775
BANKNIFTY-II.NFO,08/11/2024,09:16:05,52280,52280,75,52285.3,60,30,221775
BANKNIFTY-II.NFO,08/11/2024,09:16:07,52280,52275,30,52283.25,30,90,221775
BANKNIFTY-II.NFO,08/11/2024,09:16:09,52270,52257.75,30,52271.1,75,105,221775
BANKNIFTY-II.NFO,08/11/2024,09:16:09,52270,52257.75,30,52271.1,75,0,221775
BANKNIFTY-II.NFO,08/11/2024,09:16:10,52252.05,52254.5,75,52272.2,15,15,221775
BANKNIFTY-II.NFO,08/11/2024,09:16:10,52252.05,52254.5,75,52272.2,15,0,221775
BANKNIFTY-II.NFO,08/11/2024,09:16:12,52278.35,52260.25,75,52276.1,75,45,221775
BANKNIFTY-II.NFO,08/11/2024,09:16:13,52278.35,52260.4,60,52279,465,0,221775
BANKNIFTY-II.NFO,08/11/2024,09:16:15,52266.05,52252.05,60,52261.95,75,30,221775
BANKNIFTY-II.NFO,08/11/2024,09:16:17,52271.7,52260.05,60,52278.75,30,45,221775
BANKNIFTY-II.NFO,08/11/2024,09:16:18,52266.15,52266.2,60,52284.65,45,15,221775
BANKNIFTY-II.NFO,08/11/2024,09:16:20,52271.1,52267.2,60,52282.9,60,15,221775
BANKNIFTY-II.NFO,08/11/2024,09:16:21,52271.1,52261.65,60,52280.6,15,0,221775
BANKNIFTY-II.NFO,08/11/2024,09:16:23,52271.1,52260,15,52273.85,60,0,221775
BANKNIFTY-II.NFO,08/11/2024,09:16:25,52271.1,52264.35,75,52284.65,60,0,221775
BANKNIFTY-II.NFO,08/11/2024,09:16:26,52271.1,52260.35,60,52279.35,60,15,221775
BANKNIFTY-II.NFO,08/11/2024,09:16:28,52271.1,52266.75,75,52283.3,60,15,221775
BANKNIFTY-II.NFO,08/11/2024,09:16:29,52271.1,52271.1,15,52273,480,0,221775
BANKNIFTY-II.NFO,08/11/2024,09:16:31,52268.5,52260,30,52267.05,30,45,221775
BANKNIFTY-II.NFO,08/11/2024,09:16:33,52272,52255.9,30,52270.75,15,270,221775
BANKNIFTY-II.NFO,08/11/2024,09:16:34,52264.7,52255.1,30,52268,405,15,221775
BANKNIFTY-II.NFO,08/11/2024,09:16:36,52267.4,52252,150,52270.7,15,30,221775
BANKNIFTY-II.NFO,08/11/2024,09:16:37,52259,52252,150,52260,360,30,221775
BANKNIFTY-II.NFO,08/11/2024,09:16:39,52252,52252,135,52265.35,15,15,221775
BANKNIFTY-II.NFO,08/11/2024,09:16:39,52252,52252,135,52265.35,15,0,221775
BANKNIFTY-II.NFO,08/11/2024,09:16:41,52252.75,52252.7,90,52268.85,15,15,221775
BANKNIFTY-II.NFO,08/11/2024,09:16:42,52259,52254.1,30,52264.4,15,15,221775
BANKNIFTY-II.NFO,08/11/2024,09:16:44,52255.2,52255.2,60,52274.35,180,45,221775
BANKNIFTY-II.NFO,08/11/2024,09:16:45,52255.9,52256.35,15,52272.95,60,90,221775
BANKNIFTY-II.NFO,08/11/2024,09:16:47,52255.9,52252,135,52261.95,60,0,221775
BANKNIFTY-II.NFO,08/11/2024,09:16:49,52255.9,52252,150,52270.7,60,0,221775
BANKNIFTY-II.NFO,08/11/2024,09:16:50,52252,52252,120,52261.95,60,15,221775
BANKNIFTY-II.NFO,08/11/2024,09:16:52,52252,52252,120,52257.95,60,0,221775
BANKNIFTY-II.NFO,08/11/2024,09:16:53,52252,52252,45,52256.2,60,75,221775
BANKNIFTY-II.NFO,08/11/2024,09:16:55,52255.95,52252,45,52261.9,60,30,221775
BANKNIFTY-II.NFO,08/11/2024,09:16:57,52257.95,52252,30,52256.95,30,60,221775
BANKNIFTY-II.NFO,08/11/2024,09:16:58,52240.5,52240,30,52251.95,15,180,221775
BANKNIFTY-II.NFO,08/11/2024,09:16:58,52240.5,52240,30,52251.95,15,0,221775
BANKNIFTY-II.NFO,08/11/2024,09:17:00,52240,52240,15,52242,225,105,221775
BANKNIFTY-II.NFO,08/11/2024,09:17:00,52240,52240,15,52242,225,0,221775
BANKNIFTY-II.NFO,08/11/2024,09:17:01,52232,52222,30,52232,225,60,221775
BANKNIFTY-II.NFO,08/11/2024,09:17:01,52231,52222,30,52232,225,0,221775
BANKNIFTY-II.NFO,08/11/2024,09:17:03,52227,52222,30,52231.95,45,15,221775
BANKNIFTY-II.NFO,08/11/2024,09:17:03,52227,52222,30,52231.95,45,0,221775
BANKNIFTY-II.NFO,08/11/2024,09:17:05,52213,52213.15,75,52225.95,45,60,221775
BANKNIFTY-II.NFO,08/11/2024,09:17:05,52213,52213.15,75,52225.95,45,0,221775
BANKNIFTY-II.NFO,08/11/2024,09:17:06,52234.25,52212.45,60,52231.5,45,30,221775
BANKNIFTY-II.NFO,08/11/2024,09:17:08,52234.25,52211.3,60,52221.95,45,0,221775
BANKNIFTY-II.NFO,08/11/2024,09:17:09,52234.25,52216.55,60,52236.95,45,0,221775
BANKNIFTY-II.NFO,08/11/2024,09:17:11,52234.25,52215.8,105,52233.95,45,0,221775
BANKNIFTY-II.NFO,08/11/2024,09:17:13,52224.75,52213,45,52224.8,45,225,221775
BANKNIFTY-II.NFO,08/11/2024,09:17:14,52211.65,52213.7,30,52224.8,45,60,221775
BANKNIFTY-II.NFO,08/11/2024,09:17:14,52211.65,52213.7,30,52224.8,45,0,221775
BANKNIFTY-II.NFO,08/11/2024,09:17:16,52211.65,52216.3,60,52233.85,60,0,221775
BANKNIFTY-II.NFO,08/11/2024,09:17:17,52211.65,52220.3,60,52231.9,15,0,221775
BANKNIFTY-II.NFO,08/11/2024,09:17:19,52220.15,52215.8,15,52224.9,60,15,221775
BANKNIFTY-II.NFO,08/11/2024,09:17:21,52218.95,52211.65,30,52219.85,60,30,221775
BANKNIFTY-II.NFO,08/11/2024,09:17:22,52218.95,52211.65,30,52218.8,15,0,221775
BANKNIFTY-II.NFO,08/11/2024,09:17:24,52211.8,52211.65,15,52219.85,90,45,221775
BANKNIFTY-II.NFO,08/11/2024,09:17:25,52210,52201,15,52208.35,45,345,221775
BANKNIFTY-II.NFO,08/11/2024,09:17:25,52204.95,52201,15,52208.35,45,0,221775
BANKNIFTY-II.NFO,08/11/2024,09:17:27,52210,52204.85,60,52215.75,45,0,221775
BANKNIFTY-II.NFO,08/11/2024,09:17:29,52210,52204.85,60,52217.95,45,0,221775
BANKNIFTY-II.NFO,08/11/2024,09:17:30,52204.85,52204.8,15,52212.9,15,15,221775
BANKNIFTY-II.NFO,08/11/2024,09:17:30,52204.85,52204.8,15,52212.9,15,0,221775
BANKNIFTY-II.NFO,08/11/2024,09:17:32,52205.75,52201.3,15,52207.05,75,45,221775
BANKNIFTY-II.NFO,08/11/2024,09:17:32,52204.8,52201.3,15,52207.05,75,0,221775
BANKNIFTY-II.NFO,08/11/2024,09:17:33,52185.85,52181.25,60,52200.4,150,195,221775
BANKNIFTY-II.NFO,08/11/2024,09:17:33,52185.85,52181.25,60,52200.4,150,0,221775
BANKNIFTY-II.NFO,08/11/2024,09:17:35,52185.85,52180,120,52191.7,45,0,221775
BANKNIFTY-II.NFO,08/11/2024,09:17:37,52191.25,52180.05,60,52197.1,45,15,221775
BANKNIFTY-II.NFO,08/11/2024,09:17:38,52194,52180.45,60,52193.95,15,45,221775
BANKNIFTY-II.NFO,08/11/2024,09:17:38,52180.05,52180.45,60,52193.95,15,0,221775
BANKNIFTY-II.NFO,08/11/2024,09:17:40,52193.95,52185.85,75,52203.4,30,15,221775
BANKNIFTY-II.NFO,08/11/2024,09:17:41,52210,52190.4,75,52209.95,15,90,221775
BANKNIFTY-II.NFO,08/11/2024,09:17:43,52193.55,52193.15,30,52208.95,15,240,221775
BANKNIFTY-II.NFO,08/11/2024,09:17:45,52188.3,52191.15,30,52208.95,15,15,221775
BANKNIFTY-II.NFO,08/11/2024,09:17:46,52204.85,52201.45,45,52217,15,15,221775
BANKNIFTY-II.NFO,08/11/2024,09:17:48,52219.95,52208.6,30,52220,15,15,221775
BANKNIFTY-II.NFO,08/11/2024,09:17:49,52219.95,52204.9,30,52219.95,15,0,221775
BANKNIFTY-II.NFO,08/11/2024,09:17:51,52219.95,52204.9,30,52219.95,30,0,221775
BANKNIFTY-II.NFO,08/11/2024,09:17:53,52231.6,52218,45,52231.55,15,90,221775
BANKNIFTY-II.NFO,08/11/2024,09:17:54,52245.05,52222.45,60,52245.05,15,180,221775
BANKNIFTY-II.NFO,08/11/2024,09:17:56,52239.4,52232.8,75,52251.5,300,45,221775
BANKNIFTY-II.NFO,08/11/2024,09:17:57,52234.6,52234.65,60,52252.15,15,15,221775
BANKNIFTY-II.NFO,08/11/2024,09:17:59,52255,52240.3,60,52264.6,15,285,221775
BANKNIFTY-II.NFO,08/11/2024,09:18:01,52245.5,52252.65,60,52268.85,30,30,221775
BANKNIFTY-II.NFO,08/11/2024,09:18:02,52264,52244.9,105,52262,210,90,221775
BANKNIFTY-II.NFO,08/11/2024,09:18:04,52265.55,52250.55,30,52263.6,45,465,221775
BANKNIFTY-II.NFO,08/11/2024,09:18:06,52265.55,52246.6,30,52262.65,45,0,221775
BANKNIFTY-II.NFO,08/11/2024,09:18:07,52265.55,52245.85,15,52258.4,45,0,221775
BANKNIFTY-II.NFO,08/11/2024,09:18:09,52265.55,52250,15,52258.4,45,0,221775
BANKNIFTY-II.NFO,08/11/2024,09:18:10,52242.45,52245.55,60,52255.7,45,30,221775
BANKNIFTY-II.NFO,08/11/2024,09:18:12,52242.65,52246.8,75,52255.7,45,30,221775
BANKNIFTY-II.NFO,08/11/2024,09:18:13,52255.7,52251.55,30,52262.55,15,45,221775
BANKNIFTY-II.NFO,08/11/2024,09:18:15,52269.45,52255.65,60,52269.45,45,45,221775
BANKNIFTY-II.NFO,08/11/2024,09:18:17,52269.45,52262.05,60,52277.25,15,0,221775
BANKNIFTY-II.NFO,08/11/2024,09:18:19,52280.95,52271.5,90,52287.6,45,45,221775
BANKNIFTY-II.NFO,08/11/2024,09:18:20,52286.9,52270.35,45,52285.85,45,30,221775
BANKNIFTY-II.NFO,08/11/2024,09:18:22,52286.9,52268,45,52278.95,45,0,221775
BANKNIFTY-II.NFO,08/11/2024,09:18:24,52286.9,52269.8,75,52278.95,45,0,221775
BANKNIFTY-II.NFO,08/11/2024,09:18:25,52278.95,52269.55,45,52278.95,45,150,221775
BANKNIFTY-II.NFO,08/11/2024,09:18:27,52278.95,52270.45,60,52287.45,60,45,221775
BANKNIFTY-II.NFO,08/11/2024,09:18:28,52278.95,52278.95,15,52284.85,60,0,221775
BANKNIFTY-II.NFO,08/11/2024,09:18:30,52278.95,52265.45,75,52280.95,105,15,221775
BANKNIFTY-II.NFO,08/11/2024,09:18:32,52262.5,52265.7,15,52278.85,60,15,221775
BANKNIFTY-II.NFO,08/11/2024,09:18:33,52262.5,52262.35,60,52275.95,45,0,221775
BANKNIFTY-II.NFO,08/11/2024,09:18:35,52260,52258.9,75,52272.9,45,15,221775
BANKNIFTY-II.NFO,08/11/2024,09:18:37,52271.85,52262.5,30,52274.25,60,15,222180
BANKNIFTY-II.NFO,08/11/2024,09:18:38,52261.75,52251.35,75,52267.95,45,45,222180
BANKNIFTY-II.NFO,08/11/2024,09:18:40,52261.75,52250.35,75,52265.45,45,0,222180
BANKNIFTY-II.NFO,08/11/2024,09:18:42,52261.75,52261.75,15,52269.45,15,0,222180
BANKNIFTY-II.NFO,08/11/2024,09:18:43,52261.75,52261.75,15,52269.2,45,0,222180
BANKNIFTY-II.NFO,08/11/2024,09:18:45,52265.5,52261.75,30,52266.75,30,15,222180
BANKNIFTY-II.NFO,08/11/2024,09:18:47,52269.45,52261.75,30,52272.6,30,15,222180
BANKNIFTY-II.NFO,08/11/2024,09:18:48,52269.45,52270,15,52272.95,30,0,222180
BANKNIFTY-II.NFO,08/11/2024,09:18:50,52273.85,52270.65,30,52272.95,15,15,222180
BANKNIFTY-II.NFO,08/11/2024,09:18:52,52269.9,52261.75,45,52269.9,45,90,222180
BANKNIFTY-II.NFO,08/11/2024,09:18:53,52261.75,52250,15,52258.4,45,60,222180
BANKNIFTY-II.NFO,08/11/2024,09:18:55,52261.75,52250,15,52257.35,90,0,222180
BANKNIFTY-II.NFO,08/11/2024,09:18:57,52260.85,52250,15,52257.85,45,150,222180
BANKNIFTY-II.NFO,08/11/2024,09:18:58,52257.55,52251,135,52259.2,45,30,222180
BANKNIFTY-II.NFO,08/11/2024,09:19:00,52258.6,52251,135,52261.7,45,15,222180
BANKNIFTY-II.NFO,08/11/2024,09:19:02,52258.6,52250,30,52257.55,15,0,222180
BANKNIFTY-II.NFO,08/11/2024,09:19:05,52252,52250,30,52257.55,15,15,222180
BANKNIFTY-II.NFO,08/11/2024,09:19:07,52257.5,52250,30,52257.5,120,15,222180
BANKNIFTY-II.NFO,08/11/2024,09:19:08,52257.5,52250,30,52252.4,45,0,222180
BANKNIFTY-II.NFO,08/11/2024,09:19:10,52250,52234.05,60,52249.15,45,165,222180
BANKNIFTY-II.NFO,08/11/2024,09:19:12,52250,52227.6,60,52243.2,45,0,222180
BANKNIFTY-II.NFO,08/11/2024,09:19:14,52250,52227.55,15,52235.9,45,0,222180
BANKNIFTY-II.NFO,08/11/2024,09:19:15,52234.45,52225,135,52234.5,45,60,222180
BANKNIFTY-II.NFO,08/11/2024,09:19:17,52216.05,52225,135,52231.75,45,15,222180
BANKNIFTY-II.NFO,08/11/2024,09:19:18,52238.8,52226.05,60,52238.85,45,30,222180
BANKNIFTY-II.NFO,08/11/2024,09:19:20,52238.8,52219.3,60,52233.15,45,0,222180
BANKNIFTY-II.NFO,08/11/2024,09:19:22,52238.8,52225,135,52233.15,45,0,222180
BANKNIFTY-II.NFO,08/11/2024,09:19:23,52233.15,52219.3,75,52235.2,15,15,222180
BANKNIFTY-II.NFO,08/11/2024,09:19:25,52233.15,52227.05,75,52242.35,45,0,222180
BANKNIFTY-II.NFO,08/11/2024,09:19:27,52246.9,52223.25,75,52235.55,45,150,222180
BANKNIFTY-II.NFO,08/11/2024,09:19:28,52246.9,52229.05,60,52243.55,45,0,222180
BANKNIFTY-II.NFO,08/11/2024,09:19:30,52246.9,52230.05,60,52243.55,45,0,222180
BANKNIFTY-II.NFO,08/11/2024,09:19:32,52246.9,52232,135,52241.65,45,0,222180
BANKNIFTY-II.NFO,08/11/2024,09:19:33,52246.9,52233.25,60,52241.65,45,0,222180
BANKNIFTY-II.NFO,08/11/2024,09:19:35,52246.9,52232.15,75,52247.7,45,0,222180
BANKNIFTY-II.NFO,08/11/2024,09:19:37,52246.9,52232.15,60,52247.65,15,0,222180
BANKNIFTY-II.NFO,08/11/2024,09:19:38,52246,52233.05,60,52246,45,15,222180
BANKNIFTY-II.NFO,08/11/2024,09:19:40,52245.1,52233,135,52245.15,45,15,222180
BANKNIFTY-II.NFO,08/11/2024,09:19:41,52245.15,52238,135,52245.15,45,15,222180
BANKNIFTY-II.NFO,08/11/2024,09:19:43,52245.15,52236.05,75,52245.15,45,0,222180
BANKNIFTY-II.NFO,08/11/2024,09:19:45,52245.15,52244,120,52246.9,15,0,222180
BANKNIFTY-II.NFO,08/11/2024,09:19:46,52257.55,52247.65,60,52261.65,15,30,222180
BANKNIFTY-II.NFO,08/11/2024,09:19:48,52257.55,52245.2,60,52261.4,45,0,222180
BANKNIFTY-II.NFO,08/11/2024,09:19:50,52257.55,52255.05,60,52261.35,15,0,222180
BANKNIFTY-II.NFO,08/11/2024,09:19:51,52257.55,52250.1,60,52261.35,15,0,222180
BANKNIFTY-II.NFO,08/11/2024,09:19:53,52257.55,52255.05,60,52261.75,15,0,222180
BANKNIFTY-II.NFO,08/11/2024,09:19:55,52261.7,52254.05,75,52261.75,15,45,222180
BANKNIFTY-II.NFO,08/11/2024,09:19:56,52261.75,52257.15,60,52270.25,45,225,222180
BANKNIFTY-II.NFO,08/11/2024,09:19:58,52278.95,52262.55,75,52278.95,30,15,222180
BANKNIFTY-II.NFO,08/11/2024,09:20:00,52256.85,52254.75,15,52274.95,30,60,222180
BANKNIFTY-II.NFO,08/11/2024,09:20:01,52270.45,52240.6,15,52258.95,60,15,222180
BANKNIFTY-II.NFO,08/11/2024,09:20:03,52259.95,52240.05,15,52254.55,60,120,222180
BANKNIFTY-II.NFO,08/11/2024,09:20:05,52259.95,52240,30,52244.55,15,0,222180
BANKNIFTY-II.NFO,08/11/2024,09:20:06,52240,52236.4,15,52249.4,45,30,222180
BANKNIFTY-II.NFO,08/11/2024,09:20:08,52240,52234.05,30,52249.4,45,0,222180
BANKNIFTY-II.NFO,08/11/2024,09:20:10,52240,52235.95,15,52253.4,60,0,222180
BANKNIFTY-II.NFO,08/11/2024,09:20:11,52240,52245,15,52250.9,15,0,222180
BANKNIFTY-II.NFO,08/11/2024,09:20:13,52240,52245,15,52248.95,15,0,222180
BANKNIFTY-II.NFO,08/11/2024,09:20:15,52245,52235.05,15,52250.65,60,15,222180
BANKNIFTY-II.NFO,08/11/2024,09:20:16,52235,52234,15,52241,45,15,222180
BANKNIFTY-II.NFO,08/11/2024,09:20:18,52240,52240,30,52243.65,60,30,222180
BANKNIFTY-II.NFO,08/11/2024,09:20:20,52233,52226,15,52234.85,60,120,222180
BANKNIFTY-II.NFO,08/11/2024,09:20:21,52233,52226,15,52232.95,60,0,222180
BANKNIFTY-II.NFO,08/11/2024,09:20:23,52233,52226,15,52232.3,60,0,222180
BANKNIFTY-II.NFO,08/11/2024,09:20:25,52201.7,52212.55,15,52221,30,450,222180
BANKNIFTY-II.NFO,08/11/2024,09:20:26,52201.7,52202.2,15,52215.75,45,0,222180
BANKNIFTY-II.NFO,08/11/2024,09:20:28,52201.3,52201,15,52214.3,15,15,222180
BANKNIFTY-II.NFO,08/11/2024,09:20:30,52201,52200,735,52214.35,45,15,222180
BANKNIFTY-II.NFO,08/11/2024,09:20:31,52201,52203.65,75,52214.35,45,0,222180
BANKNIFTY-II.NFO,08/11/2024,09:20:33,52201,52200,765,52219.9,30,0,222180
BANKNIFTY-II.NFO,08/11/2024,09:20:35,52201,52200,750,52218.1,30,0,222180
BANKNIFTY-II.NFO,08/11/2024,09:20:36,52201,52202.25,15,52217.95,45,0,222180
BANKNIFTY-II.NFO,08/11/2024,09:20:38,52201,52201.35,105,52217.95,45,0,222180
BANKNIFTY-II.NFO,08/11/2024,09:20:39,52201,52202.15,105,52217.95,45,0,222180
BANKNIFTY-II.NFO,08/11/2024,09:20:41,52201,52201.05,15,52217.9,45,0,222180
BANKNIFTY-II.NFO,08/11/2024,09:20:43,52201,52201.7,15,52216,60,0,222180
BANKNIFTY-II.NFO,08/11/2024,09:20:44,52201,52201.7,15,52216.05,60,0,222180
BANKNIFTY-II.NFO,08/11/2024,09:20:46,52201,52201.7,15,52216,15,0,222180
BANKNIFTY-II.NFO,08/11/2024,09:20:48,52201,52201.7,15,52215.9,45,0,222180
BANKNIFTY-II.NFO,08/11/2024,09:20:49,52201,52201.7,15,52215.8,15,0,222180
BANKNIFTY-II.NFO,08/11/2024,09:20:51,52201,52201.7,15,52215.75,15,0,222180
BANKNIFTY-II.NFO,08/11/2024,09:20:52,52201,52210,15,52224.75,45,0,222180
BANKNIFTY-II.NFO,08/11/2024,09:20:54,52201,52210,15,52221.65,90,0,222180
BANKNIFTY-II.NFO,08/11/2024,09:20:56,52201,52210,15,52215.15,75,0,222180
BANKNIFTY-II.NFO,08/11/2024,09:20:57,52210,52201.7,15,52207.55,60,15,222180
BANKNIFTY-II.NFO,08/11/2024,09:20:59,52210,52201.7,15,52208.7,75,0,222180
BANKNIFTY-II.NFO,08/11/2024,09:21:01,52208.7,52201.7,15,52205.95,60,15,222180
BANKNIFTY-II.NFO,08/11/2024,09:21:02,52208.7,52201.7,15,52211.7,75,0,222180
BANKNIFTY-II.NFO,08/11/2024,09:21:04,52201.7,52201.05,15,52210,45,15,222180
BANKNIFTY-II.NFO,08/11/2024,09:21:06,52201.05,52201,75,52211.8,60,30,222180
BANKNIFTY-II.NFO,08/11/2024,09:21:07,52201.7,52201,75,52208.7,30,45,222180
BANKNIFTY-II.NFO,08/11/2024,09:21:09,52208.7,52207.5,45,52225.7,15,30,222180
BANKNIFTY-II.NFO,08/11/2024,09:21:11,52208.7,52218.7,15,52236.1,60,0,222180
BANKNIFTY-II.NFO,08/11/2024,09:21:12,52208.7,52209.15,15,52227.4,75,0,222180
BANKNIFTY-II.NFO,08/11/2024,09:21:14,52208.7,52209.15,45,52222.5,45,0,222180
BANKNIFTY-II.NFO,08/11/2024,09:21:16,52222.5,52206.6,45,52222.45,45,15,222180
BANKNIFTY-II.NFO,08/11/2024,09:21:17,52222.5,52213.25,15,52232.45,60,0,222180
BANKNIFTY-II.NFO,08/11/2024,09:21:19,52222.5,52226.9,15,52238.85,15,0,222180
BANKNIFTY-II.NFO,08/11/2024,09:21:20,52222.5,52226.9,15,52233,30,0,222180
BANKNIFTY-II.NFO,08/11/2024,09:21:22,52222.5,52226.9,15,52237,15,0,222180
BANKNIFTY-II.NFO,08/11/2024,09:21:24,52250,52247,45,52252,15,45,222180
BANKNIFTY-II.NFO,08/11/2024,09:21:25,52250,52247.65,45,52252,15,0,222180
BANKNIFTY-II.NFO,08/11/2024,09:21:27,52273,52255.05,90,52272.95,15,120,222180
BANKNIFTY-II.NFO,08/11/2024,09:21:29,52273,52253.95,105,52272.9,75,0,222180
BANKNIFTY-II.NFO,08/11/2024,09:21:30,52273,52255,90,52271.65,60,0,222180
BANKNIFTY-II.NFO,08/11/2024,09:21:32,52273,52255.05,90,52271.7,15,0,222180
BANKNIFTY-II.NFO,08/11/2024,09:21:34,52273,52257.2,90,52271.7,15,0,222180
BANKNIFTY-II.NFO,08/11/2024,09:21:35,52273,52254,90,52271.65,75,0,222180
BANKNIFTY-II.NFO,08/11/2024,09:21:37,52271.65,52250.05,105,52268.15,30,15,222180
BANKNIFTY-II.NFO,08/11/2024,09:21:39,52271.65,52251.1,105,52268.15,15,0,222180
BANKNIFTY-II.NFO,08/11/2024,09:21:40,52271.65,52260,15,52268.15,15,0,222180
BANKNIFTY-II.NFO,08/11/2024,09:21:42,52260,52244.05,75,52259.65,60,15,222840
BANKNIFTY-II.NFO,08/11/2024,09:21:44,52260,52230,15,52246.05,45,0,222840
BANKNIFTY-II.NFO,08/11/2024,09:21:45,52260,52231.05,75,52245.9,45,0,222840
BANKNIFTY-II.NFO,08/11/2024,09:21:47,52260,52230,30,52244,60,0,222840
BANKNIFTY-II.NFO,08/11/2024,09:21:48,52260,52230,30,52239.15,75,0,222840
BANKNIFTY-II.NFO,08/11/2024,09:21:50,52260,52230,30,52239.15,45,0,222840
BANKNIFTY-II.NFO,08/11/2024,09:21:52,52239.15,52230,30,52239.15,45,30,222840
BANKNIFTY-II.NFO,08/11/2024,09:21:53,52239.15,52233.05,60,52248.45,60,0,222840
BANKNIFTY-II.NFO,08/11/2024,09:21:55,52232.1,52230.05,105,52248.1,60,15,222840
BANKNIFTY-II.NFO,08/11/2024,09:21:56,52248.15,52230.05,90,52248.15,60,75,222840
BANKNIFTY-II.NFO,08/11/2024,09:21:58,52248.15,52230.05,105,52248.15,60,0,222840
BANKNIFTY-II.NFO,08/11/2024,09:22:00,52248.15,52235.05,105,52253,30,0,222840
BANKNIFTY-II.NFO,08/11/2024,09:22:01,52248.15,52239.05,105,52253.05,45,0,222840
BANKNIFTY-II.NFO,08/11/2024,09:22:03,52253.05,52245.05,105,52259.95,45,15,222840
BANKNIFTY-II.NFO,08/11/2024,09:22:04,52253.05,52244.05,105,52259.95,60,0,222840
BANKNIFTY-II.NFO,08/11/2024,09:22:06,52253.05,52246.05,75,52259.95,45,0,222840
BANKNIFTY-II.NFO,08/11/2024,09:22:08,52259.95,52259.95,15,52260,15,30,222840
BANKNIFTY-II.NFO,08/11/2024,09:22:09,52259.95,52259.95,15,52260,15,0,222840
BANKNIFTY-II.NFO,08/11/2024,09:22:12,52259.95,52259.95,15,52269.05,45,0,222840
BANKNIFTY-II.NFO,08/11/2024,09:22:14,52259.95,52259.95,15,52264,75,0,222840
BANKNIFTY-II.NFO,08/11/2024,09:22:16,52259.95,52259.95,30,52262,60,0,222840
BANKNIFTY-II.NFO,08/11/2024,09:22:17,52259.95,52246.6,60,52258.95,45,30,222840
BANKNIFTY-II.NFO,08/11/2024,09:22:19,52259.95,52246.55,15,52254.95,45,0,222840
BANKNIFTY-II.NFO,08/11/2024,09:22:21,52259.95,52246.55,15,52253.95,45,0,222840
BANKNIFTY-II.NFO,08/11/2024,09:22:22,52259.95,52246.55,15,52253.95,60,0,222840
BANKNIFTY-II.NFO,08/11/2024,09:22:24,52259.95,52245.95,150,52251.95,60,0,222840
BANKNIFTY-II.NFO,08/11/2024,09:22:26,52251.95,52245.95,150,52251.95,45,15,222840
BANKNIFTY-II.NFO,08/11/2024,09:22:27,52251.95,52245.95,150,52251.95,45,0,222840
BANKNIFTY-II.NFO,08/11/2024,09:22:32,52251.95,52246,60,52254.8,45,0,222840
BANKNIFTY-II.NFO,08/11/2024,09:22:34,52253.95,52245.95,150,52253.95,45,30,222840
BANKNIFTY-II.NFO,08/11/2024,09:22:35,52253.95,52246,15,52253.95,45,0,222840
BANKNIFTY-II.NFO,08/11/2024,09:22:37,52253.95,52248.65,150,52251.95,45,0,222840
BANKNIFTY-II.NFO,08/11/2024,09:22:39,52248.65,52245.95,150,52247.95,45,150,222840
BANKNIFTY-II.NFO,08/11/2024,09:22:40,52245.95,52240,15,52243.9,45,150,222840
BANKNIFTY-II.NFO,08/11/2024,09:22:42,52245.95,52240,15,52243.95,45,0,222840
BANKNIFTY-II.NFO,08/11/2024,09:22:44,52245.95,52240,15,52245.8,45,0,222840
BANKNIFTY-II.NFO,08/11/2024,09:22:45,52244.95,52240,15,52244.85,60,45,222840
BANKNIFTY-II.NFO,08/11/2024,09:22:47,52244.95,52240,15,52244.85,45,0,222840
BANKNIFTY-II.NFO,08/11/2024,09:22:49,52249.95,52245.95,105,52250,60,60,222840
BANKNIFTY-II.NFO,08/11/2024,09:22:50,52249.95,52246,15,52250,15,0,222840
BANKNIFTY-II.NFO,08/11/2024,09:22:52,52245.95,52245.95,60,52249.95,45,45,222840
BANKNIFTY-II.NFO,08/11/2024,09:22:53,52245.95,52245.95,60,52249.95,45,0,222840
BANKNIFTY-II.NFO,08/11/2024,09:22:55,52245.95,52245.95,60,52247,105,0,222840
BANKNIFTY-II.NFO,08/11/2024,09:22:57,52245.95,52245.95,60,52247.95,45,0,222840
BANKNIFTY-II.NFO,08/11/2024,09:22:58,52245.95,52245.95,45,52249.95,45,15,222840
BANKNIFTY-II.NFO,08/11/2024,09:23:00,52245.95,52246,60,52250,15,0,222840
BANKNIFTY-II.NFO,08/11/2024,09:23:03,52250,52245.95,45,52253.9,45,15,222840
BANKNIFTY-II.NFO,08/11/2024,09:23:05,52250,52246,60,52253.9,45,0,222840
BANKNIFTY-II.NFO,08/11/2024,09:23:07,52253.9,52245.95,75,52253.9,45,15,222840
BANKNIFTY-II.NFO,08/11/2024,09:23:08,52253.9,52246,60,52253.9,45,0,222840
BANKNIFTY-II.NFO,08/11/2024,09:23:13,52253.9,52253.9,75,52259.9,45,75,222840
BANKNIFTY-II.NFO,08/11/2024,09:23:15,52253.9,52253.9,75,52259.75,45,0,222840
BANKNIFTY-II.NFO,08/11/2024,09:23:16,52253.9,52253.9,60,52256.95,45,15,222840
BANKNIFTY-II.NFO,08/11/2024,09:23:18,52253.9,52245.95,45,52251.95,45,60,222840
BANKNIFTY-II.NFO,08/11/2024,09:23:20,52245.95,52245.95,15,52251.95,45,30,222840
BANKNIFTY-II.NFO,08/11/2024,09:23:21,52245.95,52245.95,15,52249.95,45,0,222840
BANKNIFTY-II.NFO,08/11/2024,09:23:23,52245.95,52245.95,15,52247.95,45,0,222840
BANKNIFTY-II.NFO,08/11/2024,09:23:25,52245.95,52245.95,15,52253.25,45,0,222840
BANKNIFTY-II.NFO,08/11/2024,09:23:26,52245.95,52246,60,52252.95,45,0,222840
BANKNIFTY-II.NFO,08/11/2024,09:23:28,52245.95,52246,90,52256.95,45,0,222840
BANKNIFTY-II.NFO,08/11/2024,09:23:30,52245.95,52245.95,30,52253.9,45,0,222840
BANKNIFTY-II.NFO,08/11/2024,09:23:33,52245.95,52245.95,30,52253.9,60,0,222840
BANKNIFTY-II.NFO,08/11/2024,09:23:34,52245.95,52246,120,52253.9,45,0,222840
BANKNIFTY-II.NFO,08/11/2024,09:23:36,52245.95,52246,120,52252,135,0,222840
BANKNIFTY-II.NFO,08/11/2024,09:23:38,52245.95,52246,120,52250.95,45,0,222840
BANKNIFTY-II.NFO,08/11/2024,09:23:41,52246,52246,105,52250.95,45,30,222840
BANKNIFTY-II.NFO,08/11/2024,09:23:43,52246,52246,105,52250.95,45,0,222840
BANKNIFTY-II.NFO,08/11/2024,09:23:49,52246,52246,105,52251.95,45,0,222840
BANKNIFTY-II.NFO,08/11/2024,09:23:51,52246,52246,105,52251.95,60,0,222840
BANKNIFTY-II.NFO,08/11/2024,09:23:52,52246,52246,105,52251.9,15,0,222840
BANKNIFTY-II.NFO,08/11/2024,09:23:54,52246,52246,105,52250.95,45,0,222840
BANKNIFTY-II.NFO,08/11/2024,09:24:01,52245.95,52240,465,52243.7,45,120,222840
BANKNIFTY-II.NFO,08/11/2024,09:24:02,52226.9,52222.5,15,52228.9,45,570,222840
BANKNIFTY-II.NFO,08/11/2024,09:24:04,52226.9,52222.5,15,52226.9,45,0,222840
BANKNIFTY-II.NFO,08/11/2024,09:24:06,52226.9,52222.5,15,52230.9,45,0,222840
BANKNIFTY-II.NFO,08/11/2024,09:24:07,52233,52222.5,15,52230.9,45,300,222840
BANKNIFTY-II.NFO,08/11/2024,09:24:09,52233,52222.5,15,52230.95,45,0,222840
BANKNIFTY-II.NFO,08/11/2024,09:24:10,52233,52222.55,60,52230.95,45,0,222840
BANKNIFTY-II.NFO,08/11/2024,09:24:12,52233,52230.8,90,52242.95,45,0,222840
BANKNIFTY-II.NFO,08/11/2024,09:24:14,52233,52235.65,75,52247.9,45,0,222840
BANKNIFTY-II.NFO,08/11/2024,09:24:19,52233,52233.25,60,52245.9,45,0,222840
BANKNIFTY-II.NFO,08/11/2024,09:24:22,52250,52245.35,60,52258.75,45,15,222840
BANKNIFTY-II.NFO,08/11/2024,09:24:24,52250,52242.15,60,52253.9,45,0,222840
BANKNIFTY-II.NFO,08/11/2024,09:24:25,52250,52245.65,75,52257.9,45,0,222840
BANKNIFTY-II.NFO,08/11/2024,09:24:27,52250,52242.05,60,52255.9,15,0,222840
BANKNIFTY-II.NFO,08/11/2024,09:24:29,52257.95,52249.85,105,52259.9,15,45,222840
BANKNIFTY-II.NFO,08/11/2024,09:24:30,52257.95,52246.2,60,52259.9,15,0,222840
BANKNIFTY-II.NFO,08/11/2024,09:24:32,52246.2,52246.2,60,52259.9,15,15,222840
BANKNIFTY-II.NFO,08/11/2024,09:24:34,52246.2,52246.15,75,52259.9,15,0,222840
BANKNIFTY-II.NFO,08/11/2024,09:24:35,52253.95,52240.15,105,52253.9,15,45,222840
BANKNIFTY-II.NFO,08/11/2024,09:24:37,52253.95,52238.7,105,52249.9,15,0,222840
BANKNIFTY-II.NFO,08/11/2024,09:24:38,52253.95,52241.45,75,52251.9,15,0,222840
BANKNIFTY-II.NFO,08/11/2024,09:24:40,52253.95,52250,30,52255.95,15,0,222840
BANKNIFTY-II.NFO,08/11/2024,09:24:42,52250,52233,60,52238.65,15,30,223995
BANKNIFTY-II.NFO,08/11/2024,09:24:43,52250,52233,60,52239.2,15,0,223995
BANKNIFTY-II.NFO,08/11/2024,09:24:45,52250,52233,15,52238.35,15,0,223995
BANKNIFTY-II.NFO,08/11/2024,09:24:47,52250,52233,15,52238.95,15,0,223995
BANKNIFTY-II.NFO,08/11/2024,09:24:48,52250,52233,15,52238.85,15,0,223995
BANKNIFTY-II.NFO,08/11/2024,09:24:52,52250,52233,15,52241.85,30,0,223995
BANKNIFTY-II.NFO,08/11/2024,09:24:53,52250,52233,15,52239.85,30,0,223995
BANKNIFTY-II.NFO,08/11/2024,09:24:55,52250,52233,15,52237.85,15,0,223995
BANKNIFTY-II.NFO,08/11/2024,09:24:57,52250,52233,15,52240.85,15,0,223995
BANKNIFTY-II.NFO,08/11/2024,09:24:58,52250,52233,15,52238.85,15,0,223995
BANKNIFTY-II.NFO,08/11/2024,09:25:00,52250,52233,15,52240.95,15,0,223995
BANKNIFTY-II.NFO,08/11/2024,09:25:02,52250,52234.1,75,52245.95,45,0,223995
BANKNIFTY-II.NFO,08/11/2024,09:25:03,52250,52236.05,30,52248.85,15,0,223995
BANKNIFTY-II.NFO,08/11/2024,09:25:05,52250,52233,15,52242.95,60,0,223995
BANKNIFTY-II.NFO,08/11/2024,09:25:07,52250,52233,15,52244.85,15,0,223995
BANKNIFTY-II.NFO,08/11/2024,09:25:08,52250,52242.05,15,52250,15,0,223995
BANKNIFTY-II.NFO,08/11/2024,09:25:10,52250,52242.5,15,52250,15,0,223995
BANKNIFTY-II.NFO,08/11/2024,09:25:12,52250,52242.1,75,52250,15,0,223995
BANKNIFTY-II.NFO,08/11/2024,09:25:13,52250,52250,15,52251.1,30,15,223995
BANKNIFTY-II.NFO,08/11/2024,09:25:15,52251.1,52250.7,60,52257,150,30,223995
BANKNIFTY-II.NFO,08/11/2024,09:25:17,52260,52260.1,75,52269.95,15,15,223995
BANKNIFTY-II.NFO,08/11/2024,09:25:18,52268.95,52256.05,30,52268.95,15,15,223995
BANKNIFTY-II.NFO,08/11/2024,09:25:20,52268.95,52260.1,60,52270,15,0,223995
BANKNIFTY-II.NFO,08/11/2024,09:25:21,52275,52282.05,30,52290,30,60,223995
BANKNIFTY-II.NFO,08/11/2024,09:25:23,52300,52300,45,52307.8,15,75,223995
BANKNIFTY-II.NFO,08/11/2024,09:25:25,52307,52300.05,15,52308,15,15,223995
BANKNIFTY-II.NFO,08/11/2024,09:25:26,52317.95,52310.05,15,52319.95,30,15,223995
BANKNIFTY-II.NFO,08/11/2024,09:25:28,52319.95,52310.1,60,52320,300,30,223995
BANKNIFTY-II.NFO,08/11/2024,09:25:30,52319.95,52310,450,52317.95,15,0,223995
BANKNIFTY-II.NFO,08/11/2024,09:25:31,52319.95,52316.1,60,52320,300,0,223995
BANKNIFTY-II.NFO,08/11/2024,09:25:33,52320,52319,60,52330,75,30,223995
BANKNIFTY-II.NFO,08/11/2024,09:25:34,52320,52320.05,15,52329,90,0,223995
BANKNIFTY-II.NFO,08/11/2024,09:25:36,52320,52318,240,52328,90,0,223995
BANKNIFTY-II.NFO,08/11/2024,09:25:38,52320,52318,240,52329,90,0,223995
BANKNIFTY-II.NFO,08/11/2024,09:25:39,52328.95,52318,240,52320,30,15,223995
BANKNIFTY-II.NFO,08/11/2024,09:25:41,52320,52322.05,15,52330,75,30,223995
BANKNIFTY-II.NFO,08/11/2024,09:25:42,52330,52329,75,52330,30,45,223995
BANKNIFTY-II.NFO,08/11/2024,09:25:44,52330,52328.95,600,52330,30,0,223995
BANKNIFTY-II.NFO,08/11/2024,09:25:47,52335.85,52328.95,600,52335.95,30,255,223995
BANKNIFTY-II.NFO,08/11/2024,09:25:49,52335.85,52328.95,600,52336.95,15,0,223995
BANKNIFTY-II.NFO,08/11/2024,09:25:50,52335.85,52328.95,600,52338.45,15,0,223995
BANKNIFTY-II.NFO,08/11/2024,09:25:52,52335.85,52328.95,600,52338.45,15,15,223995
BANKNIFTY-II.NFO,08/11/2024,09:25:54,52335.85,52332.05,15,52340,915,0,223995
BANKNIFTY-II.NFO,08/11/2024,09:25:55,52335.85,52328.95,600,52339.7,30,0,223995
BANKNIFTY-II.NFO,08/11/2024,09:25:57,52336,52336,525,52338.4,150,75,223995
BANKNIFTY-II.NFO,08/11/2024,09:25:58,52333.45,52320.1,60,52333.5,15,555,223995
BANKNIFTY-II.NFO,08/11/2024,09:26:00,52333.45,52335.85,60,52340,915,0,223995
BANKNIFTY-II.NFO,08/11/2024,09:26:02,52374.05,52372.05,15,52376.3,30,1515,223995
BANKNIFTY-II.NFO,08/11/2024,09:26:03,52384.95,52384.1,60,52391.3,15,15,223995
BANKNIFTY-II.NFO,08/11/2024,09:26:05,52390.95,52384.05,15,52392,15,15,223995
BANKNIFTY-II.NFO,08/11/2024,09:26:07,52390.95,52382.05,15,52387.75,75,0,223995
BANKNIFTY-II.NFO,08/11/2024,09:26:08,52384.05,52384.05,30,52392,15,15,223995
BANKNIFTY-II.NFO,08/11/2024,09:26:10,52382.05,52386.15,60,52392,15,30,223995
BANKNIFTY-II.NFO,08/11/2024,09:26:12,52386.15,52382.1,75,52392,15,15,223995
BANKNIFTY-II.NFO,08/11/2024,09:26:13,52386.15,52382.05,15,52389.95,15,0,223995
BANKNIFTY-II.NFO,08/11/2024,09:26:15,52380,52370.05,15,52382,30,180,223995
BANKNIFTY-II.NFO,08/11/2024,09:26:17,52380,52366.05,15,52377.95,15,0,223995
BANKNIFTY-II.NFO,08/11/2024,09:26:18,52373.95,52348.05,15,52363.85,30,15,223995
BANKNIFTY-II.NFO,08/11/2024,09:26:20,52373.95,52356.05,30,52369.95,15,0,223995
BANKNIFTY-II.NFO,08/11/2024,09:26:22,52352.1,52348.1,75,52364.65,30,15,223995
BANKNIFTY-II.NFO,08/11/2024,09:26:23,52368.95,52362.05,15,52374.95,15,15,223995
BANKNIFTY-II.NFO,08/11/2024,09:26:25,52368.95,52374.05,15,52383.85,60,0,223995
BANKNIFTY-II.NFO,08/11/2024,09:26:27,52368.95,52374.05,15,52383.95,30,0,223995
BANKNIFTY-II.NFO,08/11/2024,09:26:28,52368.95,52352.3,60,52366,30,30,223995
BANKNIFTY-II.NFO,08/11/2024,09:26:30,52363.95,52364.05,15,52373.95,15,30,223995
BANKNIFTY-II.NFO,08/11/2024,09:26:32,52368.95,52352.3,60,52370,150,15,223995
BANKNIFTY-II.NFO,08/11/2024,09:26:33,52368.95,52352.1,60,52366.95,15,0,223995
BANKNIFTY-II.NFO,08/11/2024,09:26:35,52368.95,52342.15,75,52358.9,30,0,223995
BANKNIFTY-II.NFO,08/11/2024,09:26:37,52368.95,52352.1,60,52365.9,15,0,223995
BANKNIFTY-II.NFO,08/11/2024,09:26:38,52352.1,52349.6,60,52362.95,15,30,223995
BANKNIFTY-II.NFO,08/11/2024,09:26:40,52352.1,52355,75,52363,30,0,223995
BANKNIFTY-II.NFO,08/11/2024,09:26:42,52355.2,52351.85,75,52363,30,15,223995
BANKNIFTY-II.NFO,08/11/2024,09:26:43,52363,52364.05,15,52375.95,75,30,223995
BANKNIFTY-II.NFO,08/11/2024,09:26:45,52363,52352.15,60,52366,165,0,223995
BANKNIFTY-II.NFO,08/11/2024,09:26:47,52363,52352.15,60,52366.4,30,0,223995
BANKNIFTY-II.NFO,08/11/2024,09:26:48,52364.95,52352.15,60,52365,165,45,223995
BANKNIFTY-II.NFO,08/11/2024,09:26:50,52363,52352.15,60,52364.95,30,15,223995
BANKNIFTY-II.NFO,08/11/2024,09:26:52,52363,52355.25,60,52366.9,15,0,223995
BANKNIFTY-II.NFO,08/11/2024,09:26:53,52373.95,52360.1,60,52375,120,60,223995
BANKNIFTY-II.NFO,08/11/2024,09:26:55,52373.95,52360.05,15,52372.95,45,0,223995
BANKNIFTY-II.NFO,08/11/2024,09:26:57,52373.95,52364.1,60,52377.95,15,0,223995
BANKNIFTY-II.NFO,08/11/2024,09:26:58,52373.95,52362.05,15,52373.95,45,0,223995
BANKNIFTY-II.NFO,08/11/2024,09:27:00,52373.95,52362.1,60,52375,120,0,223995
BANKNIFTY-II.NFO,08/11/2024,09:27:01,52373.95,52352.55,60,52367.85,30,0,223995
BANKNIFTY-II.NFO,08/11/2024,09:27:03,52373.95,52356.1,60,52370,120,0,223995
BANKNIFTY-II.NFO,08/11/2024,09:27:05,52369,52352.5,450,52361.9,45,15,223995
BANKNIFTY-II.NFO,08/11/2024,09:27:06,52352.5,52352.5,375,52352.95,30,75,223995
BANKNIFTY-II.NFO,08/11/2024,09:27:08,52350,52335.85,45,52349.8,45,465,223995
BANKNIFTY-II.NFO,08/11/2024,09:27:10,52349.8,52340.05,15,52353.8,30,15,223995
BANKNIFTY-II.NFO,08/11/2024,09:27:12,52349.8,52336.05,15,52351.85,30,0,223995
BANKNIFTY-II.NFO,08/11/2024,09:27:13,52349.8,52335.85,45,52343.9,45,0,223995
BANKNIFTY-II.NFO,08/11/2024,09:27:15,52343.9,52335.85,45,52340,150,15,223995
BANKNIFTY-II.NFO,08/11/2024,09:27:16,52335.85,52307.05,60,52315.95,15,45,223995
BANKNIFTY-II.NFO,08/11/2024,09:27:18,52335.85,52307.1,15,52315.95,15,0,223995
BANKNIFTY-II.NFO,08/11/2024,09:27:20,52335.85,52307.05,75,52315.9,15,0,223995
BANKNIFTY-II.NFO,08/11/2024,09:27:21,52335.85,52300.05,75,52307.95,15,0,223995
BANKNIFTY-II.NFO,08/11/2024,09:27:23,52335.85,52300,45,52307.9,15,0,223995
BANKNIFTY-II.NFO,08/11/2024,09:27:26,52335.85,52300,45,52303.9,15,0,223995
BANKNIFTY-II.NFO,08/11/2024,09:27:28,52335.85,52300,45,52310.95,90,0,223995
BANKNIFTY-II.NFO,08/11/2024,09:27:30,52335.85,52302.05,75,52311.95,15,0,223995
BANKNIFTY-II.NFO,08/11/2024,09:27:31,52335.85,52300.05,60,52307.95,15,0,223995
BANKNIFTY-II.NFO,08/11/2024,09:27:33,52335.85,52300,45,52307.95,15,0,223995
BANKNIFTY-II.NFO,08/11/2024,09:27:35,52315.9,52303.05,75,52315.9,45,15,223995
BANKNIFTY-II.NFO,08/11/2024,09:27:36,52315.9,52304.05,105,52315.9,45,0,223995
BANKNIFTY-II.NFO,08/11/2024,09:27:38,52315.9,52304.2,60,52317.9,45,0,223995
BANKNIFTY-II.NFO,08/11/2024,09:27:40,52315.9,52304.05,75,52315.9,45,0,223995
BANKNIFTY-II.NFO,08/11/2024,09:27:41,52315.9,52304.85,75,52315.9,45,0,223995
BANKNIFTY-II.NFO,08/11/2024,09:27:43,52315.9,52309.05,60,52321.9,45,0,223995
BANKNIFTY-II.NFO,08/11/2024,09:27:45,52315.9,52315,15,52321.9,60,0,223995
BANKNIFTY-II.NFO,08/11/2024,09:27:46,52315.9,52315,15,52323.65,30,0,223995
BANKNIFTY-II.NFO,08/11/2024,09:27:48,52315.9,52315,15,52323.6,45,0,223995
BANKNIFTY-II.NFO,08/11/2024,09:27:50,52315.9,52315,15,52322,60,0,223995
BANKNIFTY-II.NFO,08/11/2024,09:27:51,52315,52300,165,52307.9,60,15,224475
BANKNIFTY-II.NFO,08/11/2024,09:27:53,52315,52300,165,52311.9,45,0,224475
BANKNIFTY-II.NFO,08/11/2024,09:27:55,52315,52301.75,105,52313.9,45,0,224475
BANKNIFTY-II.NFO,08/11/2024,09:27:56,52315,52300.05,60,52311.9,45,0,224475
BANKNIFTY-II.NFO,08/11/2024,09:27:58,52315,52303.25,30,52317.9,45,0,224475
BANKNIFTY-II.NFO,08/11/2024,09:28:00,52315,52307.05,60,52317.9,45,0,224475
BANKNIFTY-II.NFO,08/11/2024,09:28:01,52315,52302.05,75,52317.9,60,0,224475
BANKNIFTY-II.NFO,08/11/2024,09:28:03,52302.15,52300,165,52311.8,15,15,224475
BANKNIFTY-II.NFO,08/11/2024,09:28:05,52311.85,52300,165,52311.8,15,15,224475
BANKNIFTY-II.NFO,08/11/2024,09:28:06,52311.85,52302.05,60,52311.85,45,0,224475
BANKNIFTY-II.NFO,08/11/2024,09:28:08,52311.85,52315,75,52324,30,0,224475
BANKNIFTY-II.NFO,08/11/2024,09:28:10,52311.85,52319.7,105,52324,30,0,224475
BANKNIFTY-II.NFO,08/11/2024,09:28:11,52311.85,52317.05,75,52324,30,0,224475
BANKNIFTY-II.NFO,08/11/2024,09:28:13,52311.85,52317.2,60,52324,30,0,224475
BANKNIFTY-II.NFO,08/11/2024,09:28:14,52311.85,52312.1,75,52323.95,15,0,224475
BANKNIFTY-II.NFO,08/11/2024,09:28:16,52323.95,52312.1,60,52324,45,15,224475
BANKNIFTY-II.NFO,08/11/2024,09:28:18,52323.95,52318.85,60,52324,30,0,224475
BANKNIFTY-II.NFO,08/11/2024,09:28:19,52324,52330.05,15,52342.6,30,30,224475
BANKNIFTY-II.NFO,08/11/2024,09:28:21,52327.65,52326.1,75,52341.8,60,45,224475
BANKNIFTY-II.NFO,08/11/2024,09:28:23,52327.65,52329.55,75,52339.85,15,0,224475
BANKNIFTY-II.NFO,08/11/2024,09:28:24,52327.65,52326.35,75,52339.85,15,0,224475
BANKNIFTY-II.NFO,08/11/2024,09:28:26,52327.65,52326.1,60,52339.85,15,0,224475
BANKNIFTY-II.NFO,08/11/2024,09:28:28,52342.05,52330.05,15,52343.8,30,30,224475
BANKNIFTY-II.NFO,08/11/2024,09:28:29,52347.3,52334.05,15,52347.3,45,30,224475
BANKNIFTY-II.NFO,08/11/2024,09:28:31,52347.3,52332.1,75,52347,30,0,224475
BANKNIFTY-II.NFO,08/11/2024,09:28:33,52347.3,52332.95,45,52345.8,30,0,224475
BANKNIFTY-II.NFO,08/11/2024,09:28:34,52347.3,52334.1,75,52345.85,15,0,224475
BANKNIFTY-II.NFO,08/11/2024,09:28:36,52347.3,52330.05,15,52345.8,45,0,224475
BANKNIFTY-II.NFO,08/11/2024,09:28:38,52347.3,52336.05,15,52349.8,45,0,224475
BANKNIFTY-II.NFO,08/11/2024,09:28:39,52347.3,52352.05,15,52366.75,45,0,224475
BANKNIFTY-II.NFO,08/11/2024,09:28:41,52352.05,52344.05,15,52358.5,75,30,224475
BANKNIFTY-II.NFO,08/11/2024,09:28:43,52352.05,52339,120,52349,15,0,224475
BANKNIFTY-II.NFO,08/11/2024,09:28:44,52352.05,52344.1,60,52349,15,0,224475
BANKNIFTY-II.NFO,08/11/2024,09:28:46,52352.05,52346.05,15,52349,15,0,224475
BANKNIFTY-II.NFO,08/11/2024,09:28:48,52352.05,52344.4,90,52349,15,0,224475
BANKNIFTY-II.NFO,08/11/2024,09:28:49,52352.05,52346.05,75,52349,15,0,224475
BANKNIFTY-II.NFO,08/11/2024,09:28:51,52352,52358.05,15,52367.95,30,45,224475
BANKNIFTY-II.NFO,08/11/2024,09:28:53,52352,52348.05,15,52363.8,75,0,224475
BANKNIFTY-II.NFO,08/11/2024,09:28:54,52352,52354.05,15,52365.1,30,0,224475
BANKNIFTY-II.NFO,08/11/2024,09:28:56,52352,52354.05,15,52368.15,45,0,224475
BANKNIFTY-II.NFO,08/11/2024,09:28:58,52352,52358.05,15,52367.95,30,0,224475
BANKNIFTY-II.NFO,08/11/2024,09:28:59,52352,52350.25,75,52367.25,45,0,224475
BANKNIFTY-II.NFO,08/11/2024,09:29:01,52352,52352.05,15,52365.2,60,0,224475
BANKNIFTY-II.NFO,08/11/2024,09:29:03,52352,52348.05,15,52359.1,30,0,224475
BANKNIFTY-II.NFO,08/11/2024,09:29:04,52352,52340.05,15,52355.55,30,0,224475
BANKNIFTY-II.NFO,08/11/2024,09:29:06,52352,52340.1,60,52355.35,30,0,224475
BANKNIFTY-II.NFO,08/11/2024,09:29:08,52352,52352.05,15,52364.1,30,0,224475
BANKNIFTY-II.NFO,08/11/2024,09:29:09,52352,52358.05,15,52367.95,30,0,224475
BANKNIFTY-II.NFO,08/11/2024,09:29:11,52358.05,52356.05,15,52368.3,30,15,224475
BANKNIFTY-II.NFO,08/11/2024,09:29:12,52356.05,52358.05,15,52367.95,45,15,224475
BANKNIFTY-II.NFO,08/11/2024,09:29:14,52356.05,52356.3,15,52370.1,30,0,224475
BANKNIFTY-II.NFO,08/11/2024,09:29:16,52356.05,52350.1,60,52367.95,90,0,224475
BANKNIFTY-II.NFO,08/11/2024,09:29:17,52356.05,52350.1,75,52366.8,45,0,224475
BANKNIFTY-II.NFO,08/11/2024,09:29:19,52356.05,52347.05,75,52361.7,15,0,224475
BANKNIFTY-II.NFO,08/11/2024,09:29:21,52373,52380.05,15,52387.85,15,45,224475
BANKNIFTY-II.NFO,08/11/2024,09:29:22,52392,52390.05,15,52396.6,45,15,224475
BANKNIFTY-II.NFO,08/11/2024,09:29:24,52392,52384.05,15,52395.4,30,0,224475
BANKNIFTY-II.NFO,08/11/2024,09:29:26,52392,52390.05,15,52397.95,30,0,224475
BANKNIFTY-II.NFO,08/11/2024,09:29:27,52392,52392.15,60,52398,15,0,224475
BANKNIFTY-II.NFO,08/11/2024,09:29:29,52392,52389.05,60,52398,15,0,224475
BANKNIFTY-II.NFO,08/11/2024,09:29:31,52400,52404.15,105,52408,15,270,224475
BANKNIFTY-II.NFO,08/11/2024,09:29:32,52400,52401.05,60,52408,15,0,224475
BANKNIFTY-II.NFO,08/11/2024,09:29:34,52400,52398.1,60,52408,15,0,224475
BANKNIFTY-II.NFO,08/11/2024,09:29:36,52400,52405,30,52408,15,0,224475
BANKNIFTY-II.NFO,08/11/2024,09:29:37,52405,52402.05,15,52407.95,45,30,224475
BANKNIFTY-II.NFO,08/11/2024,09:29:39,52405,52400,45,52408,15,0,224475
BANKNIFTY-II.NFO,08/11/2024,09:29:41,52405,52400,45,52405.7,15,0,224475
BANKNIFTY-II.NFO,08/11/2024,09:29:42,52392,52392,15,52400.95,60,60,224475
BANKNIFTY-II.NFO,08/11/2024,09:29:44,52392,52392.05,15,52403.2,60,0,224475
BANKNIFTY-II.NFO,08/11/2024,09:29:46,52392,52394.05,15,52402.75,75,15,224475
BANKNIFTY-II.NFO,08/11/2024,09:29:47,52392,52392.1,60,52405,30,0,224475
BANKNIFTY-II.NFO,08/11/2024,09:29:49,52392,52386.05,60,52402.4,60,0,224475
BANKNIFTY-II.NFO,08/11/2024,09:29:51,52392,52386.1,60,52399.2,30,0,224475
BANKNIFTY-II.NFO,08/11/2024,09:29:52,52388.05,52383.05,60,52398.6,90,15,224475
BANKNIFTY-II.NFO,08/11/2024,09:29:54,52387,52386.1,60,52401.8,75,60,224475
BANKNIFTY-II.NFO,08/11/2024,09:29:56,52387,52386.6,60,52402.2,60,0,224475
BANKNIFTY-II.NFO,08/11/2024,09:29:57,52387,52390.05,15,52402.25,30,0,224475
BANKNIFTY-II.NFO,08/11/2024,09:29:59,52387,52395.25,75,52403.1,15,0,224475
BANKNIFTY-II.NFO,08/11/2024,09:30:00,52387,52390.05,60,52404.95,60,0,224475
BANKNIFTY-II.NFO,08/11/2024,09:30:02,52387,52382.05,60,52398.25,75,0,224475
BANKNIFTY-II.NFO,08/11/2024,09:30:04,52387,52387,15,52394.35,15,0,224475
BANKNIFTY-II.NFO,08/11/2024,09:30:05,52387,52380,15,52387.95,15,15,224475
BANKNIFTY-II.NFO,08/11/2024,09:30:07,52389.75,52380,15,52389.3,15,45,224475
BANKNIFTY-II.NFO,08/11/2024,09:30:09,52389.75,52380.05,60,52392.35,15,0,224475
BANKNIFTY-II.NFO,08/11/2024,09:30:10,52389.75,52380,15,52389.35,15,0,224475
BANKNIFTY-II.NFO,08/11/2024,09:30:12,52389.75,52380,15,52385.7,15,0,224475
BANKNIFTY-II.NFO,08/11/2024,09:30:14,52389.75,52380,15,52385.5,30,0,224475
BANKNIFTY-II.NFO,08/11/2024,09:30:15,52380,52375,15,52382.95,15,15,224475
BANKNIFTY-II.NFO,08/11/2024,09:30:17,52370,52364.1,60,52368,15,30,224475
BANKNIFTY-II.NFO,08/11/2024,09:30:19,52368.05,52368.05,30,52382.35,15,120,224475
BANKNIFTY-II.NFO,08/11/2024,09:30:20,52368.05,52368.05,15,52381.3,105,0,224475
BANKNIFTY-II.NFO,08/11/2024,09:30:22,52368.05,52358.1,30,52375.9,120,0,224475
BANKNIFTY-II.NFO,08/11/2024,09:30:23,52368.05,52358.7,30,52373.9,15,0,224475
BANKNIFTY-II.NFO,08/11/2024,09:30:25,52368.05,52356.1,30,52373.9,60,0,224475
BANKNIFTY-II.NFO,08/11/2024,09:30:27,52356.05,52354.3,30,52371.9,15,30,224475
BANKNIFTY-II.NFO,08/11/2024,09:30:28,52356.05,52354.05,15,52369.9,15,0,224475
BANKNIFTY-II.NFO,08/11/2024,09:30:30,52355.45,52358.55,15,52373.9,15,15,224475
BANKNIFTY-II.NFO,08/11/2024,09:30:32,52355.45,52353.25,15,52367.9,15,0,224475
BANKNIFTY-II.NFO,08/11/2024,09:30:33,52355.45,52353.2,30,52367.9,30,0,224475
BANKNIFTY-II.NFO,08/11/2024,09:30:35,52355.45,52350,120,52357.95,15,0,224475
BANKNIFTY-II.NFO,08/11/2024,09:30:37,52350,52350,105,52359.8,60,15,224475
BANKNIFTY-II.NFO,08/11/2024,09:30:38,52350,52350,105,52353.05,15,0,224475
BANKNIFTY-II.NFO,08/11/2024,09:30:40,52350,52350,105,52360.55,60,0,224475
BANKNIFTY-II.NFO,08/11/2024,09:30:41,52350,52350,105,52358.45,30,0,224475
BANKNIFTY-II.NFO,08/11/2024,09:30:43,52350,52350,105,52359.4,45,0,224475
BANKNIFTY-II.NFO,08/11/2024,09:30:45,52350,52356.05,15,52368.6,15,0,224475
BANKNIFTY-II.NFO,08/11/2024,09:30:46,52370.1,52370.85,45,52378,15,75,224625
BANKNIFTY-II.NFO,08/11/2024,09:30:48,52370.1,52368.35,75,52381.9,15,0,224625
BANKNIFTY-II.NFO,08/11/2024,09:30:50,52370.1,52372.1,30,52387.9,15,0,224625
BANKNIFTY-II.NFO,08/11/2024,09:30:51,52370.1,52385.9,75,52390,45,0,224625
BANKNIFTY-II.NFO,08/11/2024,09:30:53,52380.3,52381.25,15,52390,30,15,224625
BANKNIFTY-II.NFO,08/11/2024,09:30:55,52380.3,52384.1,75,52390,30,0,224625
BANKNIFTY-II.NFO,08/11/2024,09:30:56,52380.3,52380.4,75,52390,30,0,224625
BANKNIFTY-II.NFO,08/11/2024,09:30:58,52380.3,52382.1,75,52390,30,0,224625
BANKNIFTY-II.NFO,08/11/2024,09:30:59,52380.45,52378.05,15,52390,15,120,224625
BANKNIFTY-II.NFO,08/11/2024,09:31:01,52380.45,52379.7,45,52390,15,0,224625
BANKNIFTY-II.NFO,08/11/2024,09:31:03,52381,52383.75,75,52390,15,15,224625
BANKNIFTY-II.NFO,08/11/2024,09:31:04,52390,52388.05,15,52399,15,15,224625
BANKNIFTY-II.NFO,08/11/2024,09:31:06,52390,52394.05,15,52399,15,0,224625
BANKNIFTY-II.NFO,08/11/2024,09:31:08,52408,52413.9,75,52418,15,75,224625
BANKNIFTY-II.NFO,08/11/2024,09:31:09,52418,52420.05,15,52429,15,180,224625
BANKNIFTY-II.NFO,08/11/2024,09:31:11,52418,52423.35,75,52429,15,0,224625
BANKNIFTY-II.NFO,08/11/2024,09:31:12,52418,52427.7,45,52429,15,0,224625
BANKNIFTY-II.NFO,08/11/2024,09:31:14,52418,52420,45,52429,15,0,224625
BANKNIFTY-II.NFO,08/11/2024,09:31:16,52437.9,52434.05,15,52448.7,60,30,224625
BANKNIFTY-II.NFO,08/11/2024,09:31:17,52437.9,52432.05,15,52445.25,60,0,224625
BANKNIFTY-II.NFO,08/11/2024,09:31:19,52437.9,52432.05,15,52446.15,75,0,224625
BANKNIFTY-II.NFO,08/11/2024,09:31:21,52446.15,52436.05,15,52448.95,75,15,224625
BANKNIFTY-II.NFO,08/11/2024,09:31:22,52446.15,52432.05,15,52446.85,60,0,224625
BANKNIFTY-II.NFO,08/11/2024,09:31:24,52445.25,52432.05,15,52447.9,60,60,224625
BANKNIFTY-II.NFO,08/11/2024,09:31:26,52445.25,52432.1,45,52443,15,0,224625
BANKNIFTY-II.NFO,08/11/2024,09:31:27,52443,52434.1,45,52443,15,15,224625
BANKNIFTY-II.NFO,08/11/2024,09:31:29,52448.85,52438.05,15,52448.95,15,105,224625
BANKNIFTY-II.NFO,08/11/2024,09:31:31,52448.85,52442.65,60,52449,60,0,224625
BANKNIFTY-II.NFO,08/11/2024,09:31:32,52451,52456.05,15,52463,30,225,224625
BANKNIFTY-II.NFO,08/11/2024,09:31:34,52463,52450.05,15,52464.4,15,30,224625
BANKNIFTY-II.NFO,08/11/2024,09:31:36,52463,52458.85,75,52468,15,0,224625
BANKNIFTY-II.NFO,08/11/2024,09:31:37,52463,52461.7,75,52468,15,0,224625
BANKNIFTY-II.NFO,08/11/2024,09:31:39,52463,52458.2,75,52467.9,15,0,224625
BANKNIFTY-II.NFO,08/11/2024,09:31:41,52467.9,52466.75,75,52470,30,15,224625
BANKNIFTY-II.NFO,08/11/2024,09:31:42,52474.05,52472.05,15,52487.4,60,600,224625
BANKNIFTY-II.NFO,08/11/2024,09:31:44,52476.05,52476.05,15,52489.85,60,15,224625
BANKNIFTY-II.NFO,08/11/2024,09:31:46,52485,52485,60,52487.15,90,90,224625
BANKNIFTY-II.NFO,08/11/2024,09:31:47,52472.05,52472.05,15,52485.1,60,90,224625
BANKNIFTY-II.NFO,08/11/2024,09:31:49,52485.1,52474.05,15,52487.25,45,15,224625
BANKNIFTY-II.NFO,08/11/2024,09:31:51,52485.1,52474.1,60,52487.25,45,0,224625
BANKNIFTY-II.NFO,08/11/2024,09:31:52,52487.25,52472.05,15,52487.05,30,15,224625
BANKNIFTY-II.NFO,08/11/2024,09:31:54,52487.25,52470.1,60,52485,30,0,224625
BANKNIFTY-II.NFO,08/11/2024,09:31:56,52487.25,52472.05,15,52485.7,45,0,224625
BANKNIFTY-II.NFO,08/11/2024,09:31:57,52487.25,52467,135,52483.05,30,0,224625
BANKNIFTY-II.NFO,08/11/2024,09:31:59,52476.85,52462,135,52476.9,15,30,224625
BANKNIFTY-II.NFO,08/11/2024,09:32:01,52461,52456,135,52471.4,15,15,224625
BANKNIFTY-II.NFO,08/11/2024,09:32:02,52471.4,52462.05,45,52471,15,15,224625
BANKNIFTY-II.NFO,08/11/2024,09:32:04,52471.4,52463.35,30,52477.05,15,0,224625
BANKNIFTY-II.NFO,08/11/2024,09:32:05,52471.4,52463,105,52477.05,15,0,224625
BANKNIFTY-II.NFO,08/11/2024,09:32:07,52463,52459,75,52473.35,15,195,224625
BANKNIFTY-II.NFO,08/11/2024,09:32:09,52463,52461,90,52470.65,15,0,224625
BANKNIFTY-II.NFO,08/11/2024,09:32:10,52463,52462,75,52476.8,15,15,224625
BANKNIFTY-II.NFO,08/11/2024,09:32:12,52463,52462,75,52476.8,15,0,224625
BANKNIFTY-II.NFO,08/11/2024,09:32:14,52463,52465,60,52476.8,15,0,224625
BANKNIFTY-II.NFO,08/11/2024,09:32:15,52460,52455.85,15,52463,15,60,224625
BANKNIFTY-II.NFO,08/11/2024,09:32:17,52463,52462.1,75,52476.7,15,30,224625
BANKNIFTY-II.NFO,08/11/2024,09:32:19,52463,52465.7,75,52470,15,0,224625
BANKNIFTY-II.NFO,08/11/2024,09:32:20,52463,52465.7,60,52470,15,0,224625
BANKNIFTY-II.NFO,08/11/2024,09:32:22,52470,52464.1,75,52484.7,45,15,224625
BANKNIFTY-II.NFO,08/11/2024,09:32:24,52482.15,52459.5,60,52475.2,15,75,224625
BANKNIFTY-II.NFO,08/11/2024,09:32:25,52482.15,52457.65,90,52470.55,15,0,224625
BANKNIFTY-II.NFO,08/11/2024,09:32:27,52482.15,52462.05,15,52479.1,15,0,224625
BANKNIFTY-II.NFO,08/11/2024,09:32:29,52482.15,52470.55,15,52481.45,15,0,224625
BANKNIFTY-II.NFO,08/11/2024,09:32:30,52482.15,52470.55,15,52475,15,0,224625
BANKNIFTY-II.NFO,08/11/2024,09:32:34,52482.15,52470.55,15,52475,30,0,224625
BANKNIFTY-II.NFO,08/11/2024,09:32:35,52470.55,52453.7,75,52472,15,15,224625
BANKNIFTY-II.NFO,08/11/2024,09:32:37,52470.55,52455.5,60,52472,15,0,224625
BANKNIFTY-II.NFO,08/11/2024,09:32:38,52470.55,52460.45,75,52472,15,0,224625
BANKNIFTY-II.NFO,08/11/2024,09:32:40,52457.7,52456.1,75,52472,15,150,224625
BANKNIFTY-II.NFO,08/11/2024,09:32:42,52457.7,52455.55,75,52471.95,60,0,224625
BANKNIFTY-II.NFO,08/11/2024,09:32:43,52450.1,52452.05,30,52469.65,105,150,224625
BANKNIFTY-II.NFO,08/11/2024,09:32:45,52450.1,52452.05,15,52469.65,105,0,224625
BANKNIFTY-II.NFO,08/11/2024,09:32:47,52450.1,52443,15,52459.15,105,0,224625
BANKNIFTY-II.NFO,08/11/2024,09:32:48,52450.1,52443,15,52455.35,90,0,224625
BANKNIFTY-II.NFO,08/11/2024,09:32:50,52450.1,52443,15,52455.4,15,0,224625
BANKNIFTY-II.NFO,08/11/2024,09:32:52,52442.05,52442.05,15,52462.55,105,30,224625
BANKNIFTY-II.NFO,08/11/2024,09:32:53,52442.05,52446.05,15,52460.8,90,0,224625
BANKNIFTY-II.NFO,08/11/2024,09:32:55,52444.05,52442.05,15,52458.05,75,15,224625
BANKNIFTY-II.NFO,08/11/2024,09:32:57,52444.05,52434.05,30,52456.65,105,0,224625
BANKNIFTY-II.NFO,08/11/2024,09:32:58,52444.05,52432.85,15,52450.65,105,0,224625
BANKNIFTY-II.NFO,08/11/2024,09:33:00,52436.05,52434.1,45,52448.7,15,15,224625
BANKNIFTY-II.NFO,08/11/2024,09:33:02,52436.05,52432.85,45,52451.65,75,0,224625
BANKNIFTY-II.NFO,08/11/2024,09:33:03,52436.05,52420.05,30,52440.95,90,0,224625
BANKNIFTY-II.NFO,08/11/2024,09:33:05,52436.05,52414.05,15,52431.6,120,0,224625
BANKNIFTY-II.NFO,08/11/2024,09:33:07,52436.05,52414.05,15,52430.25,105,0,224625
BANKNIFTY-II.NFO,08/11/2024,09:33:08,52436.05,52412.1,30,52430.25,105,0,224625
BANKNIFTY-II.NFO,08/11/2024,09:33:10,52430.3,52416.45,30,52435.9,90,15,224625
BANKNIFTY-II.NFO,08/11/2024,09:33:12,52430.3,52413.05,45,52429.1,15,0,224625
BANKNIFTY-II.NFO,08/11/2024,09:33:13,52430.3,52410.1,45,52427.55,75,0,224625
BANKNIFTY-II.NFO,08/11/2024,09:33:15,52430.3,52407.15,45,52424.3,30,0,224625
BANKNIFTY-II.NFO,08/11/2024,09:33:17,52428.4,52414.05,15,52426.05,15,30,224625
BANKNIFTY-II.NFO,08/11/2024,09:33:18,52428.4,52416.05,15,52431.2,75,0,224625
BANKNIFTY-II.NFO,08/11/2024,09:33:20,52428.4,52410.1,30,52425.65,15,0,224625
BANKNIFTY-II.NFO,08/11/2024,09:33:21,52428.4,52415,75,52432.35,60,0,224625
BANKNIFTY-II.NFO,08/11/2024,09:33:23,52428.4,52414,75,52428.85,75,0,224625
BANKNIFTY-II.NFO,08/11/2024,09:33:25,52428.4,52415.05,30,52428.65,15,0,224625
BANKNIFTY-II.NFO,08/11/2024,09:33:26,52428.4,52412,75,52426.25,60,0,224625
BANKNIFTY-II.NFO,08/11/2024,09:33:28,52428.4,52409,75,52421.5,15,0,224625
BANKNIFTY-II.NFO,08/11/2024,09:33:29,52428.4,52413,75,52428.55,75,0,224625
BANKNIFTY-II.NFO,08/11/2024,09:33:31,52428.4,52412,90,52423.9,15,0,224625
BANKNIFTY-II.NFO,08/11/2024,09:33:33,52428.4,52425,30,52436.05,60,0,224625
BANKNIFTY-II.NFO,08/11/2024,09:33:34,52424.05,52424.05,15,52436.05,60,15,224625
BANKNIFTY-II.NFO,08/11/2024,09:33:36,52424.05,52421,30,52428,15,0,224625
BANKNIFTY-II.NFO,08/11/2024,09:33:38,52424.05,52414.1,30,52428,15,0,224625
BANKNIFTY-II.NFO,08/11/2024,09:33:39,52424.05,52417.2,30,52428.15,15,0,224625
BANKNIFTY-II.NFO,08/11/2024,09:33:41,52424.05,52415,75,52428.1,15,0,224625
BANKNIFTY-II.NFO,08/11/2024,09:33:43,52424.05,52419,75,52428,15,0,224625
BANKNIFTY-II.NFO,08/11/2024,09:33:44,52424.05,52422.4,30,52428,15,0,224625
BANKNIFTY-II.NFO,08/11/2024,09:33:46,52424.05,52415,75,52424.05,15,0,224625
BANKNIFTY-II.NFO,08/11/2024,09:33:48,52415,52414,60,52424.05,15,15,224340
BANKNIFTY-II.NFO,08/11/2024,09:33:49,52415,52414,60,52424.05,15,0,224340
BANKNIFTY-II.NFO,08/11/2024,09:33:53,52415,52412,60,52424.05,15,0,224340
BANKNIFTY-II.NFO,08/11/2024,09:33:54,52409,52409,30,52421.45,15,30,224340
BANKNIFTY-II.NFO,08/11/2024,09:33:56,52407,52407,15,52417.9,60,30,224340
BANKNIFTY-II.NFO,08/11/2024,09:33:58,52407,52401,15,52413.25,75,0,224340
BANKNIFTY-II.NFO,08/11/2024,09:33:59,52398.05,52400.1,45,52415,15,60,224340
BANKNIFTY-II.NFO,08/11/2024,09:34:01,52398.05,52394.1,45,52409.65,15,0,224340
BANKNIFTY-II.NFO,08/11/2024,09:34:03,52398.05,52400.05,15,52413.8,15,0,224340
BANKNIFTY-II.NFO,08/11/2024,09:34:04,52398.05,52398.05,15,52412.3,15,0,224340
BANKNIFTY-II.NFO,08/11/2024,09:34:06,52398.05,52400.1,45,52415.3,15,0,224340
BANKNIFTY-II.NFO,08/11/2024,09:34:07,52398.05,52421.05,75,52424.05,15,0,224340
BANKNIFTY-II.NFO,08/11/2024,09:34:09,52419.55,52418.05,30,52424.05,15,45,224340
BANKNIFTY-II.NFO,08/11/2024,09:34:11,52415.85,52414.2,30,52424.05,15,30,224340
BANKNIFTY-II.NFO,08/11/2024,09:34:12,52415.85,52409.65,15,52424.05,15,0,224340
BANKNIFTY-II.NFO,08/11/2024,09:34:14,52415.85,52410.1,45,52424.05,15,0,224340
BANKNIFTY-II.NFO,08/11/2024,09:34:16,52424.05,52408.7,30,52421.75,15,15,224340
BANKNIFTY-II.NFO,08/11/2024,09:34:17,52411.85,52416.05,15,52427.95,15,15,224340
BANKNIFTY-II.NFO,08/11/2024,09:34:19,52411.85,52414.05,15,52427.55,15,0,224340
BANKNIFTY-II.NFO,08/11/2024,09:34:20,52411.85,52412.05,15,52424.1,15,0,224340
BANKNIFTY-II.NFO,08/11/2024,09:34:22,52411.85,52406.05,15,52418.15,15,0,224340
BANKNIFTY-II.NFO,08/11/2024,09:34:24,52411.85,52396.1,15,52413.55,75,0,224340
BANKNIFTY-II.NFO,08/11/2024,09:34:25,52413.55,52392.25,30,52407.5,15,15,224340
BANKNIFTY-II.NFO,08/11/2024,09:34:27,52413.55,52398.1,15,52412.15,15,0,224340
BANKNIFTY-II.NFO,08/11/2024,09:34:29,52413.55,52400.05,15,52410.05,15,0,224340
BANKNIFTY-II.NFO,08/11/2024,09:34:30,52413.55,52404.05,15,52414.4,15,0,224340
BANKNIFTY-II.NFO,08/11/2024,09:34:32,52413.55,52408.1,15,52423.05,75,0,224340
BANKNIFTY-II.NFO,08/11/2024,09:34:34,52413.55,52402.1,15,52415.75,15,0,224340
BANKNIFTY-II.NFO,08/11/2024,09:34:35,52413.55,52398.6,15,52412.45,60,0,224340
BANKNIFTY-II.NFO,08/11/2024,09:34:37,52413.55,52406.05,15,52417.1,15,0,224340
BANKNIFTY-II.NFO,08/11/2024,09:34:39,52413.55,52410.1,15,52424.45,75,0,224340
BANKNIFTY-II.NFO,08/11/2024,09:34:40,52413.55,52404.95,15,52417.65,15,0,224340
BANKNIFTY-II.NFO,08/11/2024,09:34:42,52415.75,52403.55,60,52420.65,60,30,224340
BANKNIFTY-II.NFO,08/11/2024,09:34:43,52415.75,52404.1,30,52415,15,0,224340
BANKNIFTY-II.NFO,08/11/2024,09:34:45,52404.1,52412.05,15,52420.45,15,15,224340
BANKNIFTY-II.NFO,08/11/2024,09:34:47,52404.1,52412.1,15,52426.05,60,0,224340
BANKNIFTY-II.NFO,08/11/2024,09:34:48,52404.1,52418.3,15,52428.25,15,0,224340
BANKNIFTY-II.NFO,08/11/2024,09:34:50,52404.1,52425.95,15,52428.25,30,0,224340
BANKNIFTY-II.NFO,08/11/2024,09:34:51,52428.45,52430.2,75,52436.05,60,45,224340
BANKNIFTY-II.NFO,08/11/2024,09:34:53,52428.45,52428.75,30,52436.05,60,0,224340
BANKNIFTY-II.NFO,08/11/2024,09:34:55,52428.45,52424.35,30,52436.05,60,0,224340
BANKNIFTY-II.NFO,08/11/2024,09:34:56,52428.45,52428.45,15,52436.05,60,0,224340
BANKNIFTY-II.NFO,08/11/2024,09:34:58,52428.45,52423.55,30,52436.05,60,15,224340
BANKNIFTY-II.NFO,08/11/2024,09:34:59,52428.45,52425.45,30,52436.05,60,0,224340
BANKNIFTY-II.NFO,08/11/2024,09:35:01,52436.1,52442.35,75,52450,15,75,224340
BANKNIFTY-II.NFO,08/11/2024,09:35:03,52436.1,52449.4,75,52450,15,0,224340
BANKNIFTY-II.NFO,08/11/2024,09:35:04,52436.1,52444.45,30,52450,15,0,224340
BANKNIFTY-II.NFO,08/11/2024,09:35:06,52450,52444.45,30,52459.1,15,15,224340
BANKNIFTY-II.NFO,08/11/2024,09:35:08,52455.95,52441.2,30,52456.7,15,30,224340
BANKNIFTY-II.NFO,08/11/2024,09:35:09,52455.95,52442.3,30,52455.95,15,0,224340
BANKNIFTY-II.NFO,08/11/2024,09:35:11,52454.2,52432.85,60,52452.75,30,75,224340
BANKNIFTY-II.NFO,08/11/2024,09:35:13,52454.2,52430.05,15,52442.75,15,0,224340
BANKNIFTY-II.NFO,08/11/2024,09:35:14,52454.2,52428.25,15,52442.85,45,0,224340
BANKNIFTY-II.NFO,08/11/2024,09:35:16,52454.2,52428.25,15,52435.5,30,0,224340
BANKNIFTY-II.NFO,08/11/2024,09:35:18,52454.2,52428.25,15,52434.8,45,0,224340
BANKNIFTY-II.NFO,08/11/2024,09:35:19,52454.2,52428.25,15,52437.15,30,0,224340
BANKNIFTY-II.NFO,08/11/2024,09:35:21,52454.2,52428.25,15,52435.9,45,0,224340
BANKNIFTY-II.NFO,08/11/2024,09:35:22,52454.2,52428.25,15,52437.5,15,0,224340
BANKNIFTY-II.NFO,08/11/2024,09:35:24,52454.2,52428.25,15,52439.4,15,0,224340
BANKNIFTY-II.NFO,08/11/2024,09:35:26,52441.15,52428.25,15,52436.25,30,15,224340
BANKNIFTY-II.NFO,08/11/2024,09:35:27,52441.15,52428.25,15,52436.9,30,0,224340
BANKNIFTY-II.NFO,08/11/2024,09:35:29,52441.15,52428.25,15,52433.3,30,0,224340
BANKNIFTY-II.NFO,08/11/2024,09:35:31,52428.25,52414.05,15,52429.05,30,15,224340
BANKNIFTY-II.NFO,08/11/2024,09:35:32,52428.25,52414.05,15,52429.75,30,0,224340
BANKNIFTY-II.NFO,08/11/2024,09:35:34,52428.25,52414.75,75,52429.6,15,0,224340
BANKNIFTY-II.NFO,08/11/2024,09:35:36,52428.25,52428,15,52428.15,15,0,224340
BANKNIFTY-II.NFO,08/11/2024,09:35:37,52428,52408.1,75,52425.75,60,15,224340
BANKNIFTY-II.NFO,08/11/2024,09:35:39,52428,52414.7,30,52427.05,15,0,224340
BANKNIFTY-II.NFO,08/11/2024,09:35:41,52428,52418.1,75,52432.6,15,0,224340
BANKNIFTY-II.NFO,08/11/2024,09:35:42,52428,52428,15,52433.85,30,0,224340
BANKNIFTY-II.NFO,08/11/2024,09:35:44,52428,52428,15,52437.15,30,0,224340
BANKNIFTY-II.NFO,08/11/2024,09:35:46,52428,52428,15,52432.2,30,0,224340
BANKNIFTY-II.NFO,08/11/2024,09:35:47,52428,52428,15,52433.05,15,0,224340
BANKNIFTY-II.NFO,08/11/2024,09:35:49,52428,52428,15,52437.45,15,0,224340
BANKNIFTY-II.NFO,08/11/2024,09:35:51,52428,52428,15,52434.4,15,0,224340
BANKNIFTY-II.NFO,08/11/2024,09:35:52,52430,52428,15,52430,45,15,224340
BANKNIFTY-II.NFO,08/11/2024,09:35:54,52430,52428,15,52430,45,0,224340
BANKNIFTY-II.NFO,08/11/2024,09:36:01,52428,52404.3,75,52423.1,15,15,224340
BANKNIFTY-II.NFO,08/11/2024,09:36:02,52428,52406.1,75,52422,30,0,224340
BANKNIFTY-II.NFO,08/11/2024,09:36:04,52428,52403,75,52421.1,30,0,224340
BANKNIFTY-II.NFO,08/11/2024,09:36:06,52428,52398.1,75,52415.55,30,0,224340
BANKNIFTY-II.NFO,08/11/2024,09:36:07,52428,52400.1,75,52416.15,15,0,224340
BANKNIFTY-II.NFO,08/11/2024,09:36:09,52428,52401.05,75,52416.05,15,0,224340
BANKNIFTY-II.NFO,08/11/2024,09:36:10,52428,52396.8,60,52413.6,30,0,224340
BANKNIFTY-II.NFO,08/11/2024,09:36:12,52428,52384.7,60,52402.8,45,0,224340
BANKNIFTY-II.NFO,08/11/2024,09:36:14,52428,52380.45,75,52396.4,30,0,224340
BANKNIFTY-II.NFO,08/11/2024,09:36:15,52397.85,52379.75,75,52397.9,60,75,224340
BANKNIFTY-II.NFO,08/11/2024,09:36:17,52397.85,52374.8,75,52389.4,15,0,224340
BANKNIFTY-II.NFO,08/11/2024,09:36:19,52397.85,52377,60,52392.15,15,0,224340
BANKNIFTY-II.NFO,08/11/2024,09:36:20,52397.85,52376.9,60,52394.95,60,0,224340
BANKNIFTY-II.NFO,08/11/2024,09:36:22,52397.85,52370.3,60,52385.45,15,0,224340
BANKNIFTY-II.NFO,08/11/2024,09:36:24,52397.85,52373.4,75,52388.45,15,0,224340
BANKNIFTY-II.NFO,08/11/2024,09:36:25,52397.85,52370.3,135,52385.1,15,0,224340
BANKNIFTY-II.NFO,08/11/2024,09:36:27,52388.85,52370.25,15,52379,45,15,224340
BANKNIFTY-II.NFO,08/11/2024,09:36:29,52388.85,52370.25,15,52379,15,0,224340
BANKNIFTY-II.NFO,08/11/2024,09:36:30,52388.85,52359.65,60,52378,60,0,224340
BANKNIFTY-II.NFO,08/11/2024,09:36:32,52388.85,52360.55,75,52378,60,0,224340
BANKNIFTY-II.NFO,08/11/2024,09:36:34,52388.85,52358.75,60,52377,60,0,224340
BANKNIFTY-II.NFO,08/11/2024,09:36:35,52388.85,52366.9,75,52380.95,15,0,224340
BANKNIFTY-II.NFO,08/11/2024,09:36:37,52388.85,52365.7,75,52379.95,15,0,224340
BANKNIFTY-II.NFO,08/11/2024,09:36:39,52388.85,52373.55,60,52386.95,15,0,224340
BANKNIFTY-II.NFO,08/11/2024,09:36:40,52372.7,52373.85,60,52386.95,15,15,224325
BANKNIFTY-II.NFO,08/11/2024,09:36:42,52372.7,52375.5,60,52388,15,0,224325
BANKNIFTY-II.NFO,08/11/2024,09:36:44,52390,52391.1,60,52403,15,45,224325
BANKNIFTY-II.NFO,08/11/2024,09:36:45,52390,52382.7,60,52396,15,0,224325
BANKNIFTY-II.NFO,08/11/2024,09:36:47,52390,52390.25,60,52402,15,0,224325
BANKNIFTY-II.NFO,08/11/2024,09:36:48,52390,52393.95,60,52408,30,0,224325
BANKNIFTY-II.NFO,08/11/2024,09:36:50,52390,52390.6,60,52406.95,15,0,224325
BANKNIFTY-II.NFO,08/11/2024,09:36:52,52390,52395.05,60,52408.9,30,0,224325
BANKNIFTY-II.NFO,08/11/2024,09:36:53,52390,52384.25,60,52399.2,15,0,224325
BANKNIFTY-II.NFO,08/11/2024,09:36:55,52390,52386.9,60,52401,15,0,224325
BANKNIFTY-II.NFO,08/11/2024,09:36:57,52390,52383.35,60,52396.6,15,0,224325
BANKNIFTY-II.NFO,08/11/2024,09:36:58,52390,52384.8,60,52398.95,15,0,224325
BANKNIFTY-II.NFO,08/11/2024,09:37:00,52390,52390,15,52395,15,0,224325
BANKNIFTY-II.NFO,08/11/2024,09:37:02,52390,52390,15,52394.95,45,0,224325
BANKNIFTY-II.NFO,08/11/2024,09:37:03,52390,52390,15,52396,15,0,224325
BANKNIFTY-II.NFO,08/11/2024,09:37:05,52390,52392.3,60,52407,15,0,224325
BANKNIFTY-II.NFO,08/11/2024,09:37:07,52390,52390.05,60,52404.95,15,0,224325
BANKNIFTY-II.NFO,08/11/2024,09:37:08,52390,52390.15,60,52400,90,0,224325
BANKNIFTY-II.NFO,08/11/2024,09:37:10,52390,52390,15,52399.95,15,0,224325
BANKNIFTY-II.NFO,08/11/2024,09:37:11,52390,52375.3,75,52391.85,45,15,224325
BANKNIFTY-II.NFO,08/11/2024,09:37:13,52390,52375,15,52383.95,60,0,224325
BANKNIFTY-II.NFO,08/11/2024,09:37:15,52390,52375,15,52379.95,45,0,224325
BANKNIFTY-II.NFO,08/11/2024,09:37:16,52390,52375,15,52380.75,30,0,224325
BANKNIFTY-II.NFO,08/11/2024,09:37:18,52390,52375,15,52387.75,15,0,224325
BANKNIFTY-II.NFO,08/11/2024,09:37:20,52390,52377.95,60,52393.95,15,0,224325
BANKNIFTY-II.NFO,08/11/2024,09:37:21,52390,52375,15,52389.85,45,0,224325
BANKNIFTY-II.NFO,08/11/2024,09:37:23,52390,52375,15,52385.95,15,0,224325
BANKNIFTY-II.NFO,08/11/2024,09:37:25,52390,52378.1,60,52392.95,15,0,224325
BANKNIFTY-II.NFO,08/11/2024,09:37:26,52390,52375.05,60,52388.95,15,0,224325
BANKNIFTY-II.NFO,08/11/2024,09:37:28,52390,52375.5,60,52390.75,30,0,224325
BANKNIFTY-II.NFO,08/11/2024,09:37:30,52390,52375,15,52387.95,15,0,224325
BANKNIFTY-II.NFO,08/11/2024,09:37:31,52390,52375,15,52388.95,15,0,224325
BANKNIFTY-II.NFO,08/11/2024,09:37:33,52360.45,52360.45,15,52374.8,45,30,224325
BANKNIFTY-II.NFO,08/11/2024,09:37:35,52360.45,52359.3,75,52372.95,15,0,224325
BANKNIFTY-II.NFO,08/11/2024,09:37:36,52360.45,52361.95,135,52374.95,15,0,224325
BANKNIFTY-II.NFO,08/11/2024,09:37:38,52360.45,52368.5,75,52382.9,15,0,224325
BANKNIFTY-II.NFO,08/11/2024,09:37:40,52382,52367.15,75,52384.2,15,45,224325
BANKNIFTY-II.NFO,08/11/2024,09:37:41,52382,52375.45,75,52388.65,15,0,224325
BANKNIFTY-II.NFO,08/11/2024,09:37:43,52382,52375.15,75,52391.25,30,0,224325
BANKNIFTY-II.NFO,08/11/2024,09:37:44,52382,52371.35,60,52391.25,60,0,224325
BANKNIFTY-II.NFO,08/11/2024,09:37:46,52382,52378.15,60,52393.45,15,0,224325
BANKNIFTY-II.NFO,08/11/2024,09:37:48,52382,52382.9,60,52392.7,15,0,224325
BANKNIFTY-II.NFO,08/11/2024,09:37:49,52382,52380.7,60,52393.45,15,0,224325
BANKNIFTY-II.NFO,08/11/2024,09:37:51,52382,52377.8,60,52392.6,15,0,224325
BANKNIFTY-II.NFO,08/11/2024,09:37:53,52382,52390.1,60,52408.9,60,0,224325
BANKNIFTY-II.NFO,08/11/2024,09:37:54,52382,52391.45,60,52411.65,60,0,224325
BANKNIFTY-II.NFO,08/11/2024,09:37:56,52382,52390.2,60,52404.5,45,0,224325
BANKNIFTY-II.NFO,08/11/2024,09:37:58,52382,52394.5,60,52410.1,15,0,224325
BANKNIFTY-II.NFO,08/11/2024,09:37:59,52382,52394.05,15,52407.35,15,0,224325
BANKNIFTY-II.NFO,08/11/2024,09:38:01,52382,52384.75,60,52398.1,15,0,224325
BANKNIFTY-II.NFO,08/11/2024,09:38:03,52382,52387.9,75,52401.6,15,0,224325
BANKNIFTY-II.NFO,08/11/2024,09:38:04,52382,52392.1,60,52409.35,30,0,224325
BANKNIFTY-II.NFO,08/11/2024,09:38:06,52382,52391.95,60,52406.9,15,0,224325
BANKNIFTY-II.NFO,08/11/2024,09:38:08,52382,52392,60,52408.3,15,0,224325
BANKNIFTY-II.NFO,08/11/2024,09:38:09,52382,52389.65,60,52404.85,30,0,224325
BANKNIFTY-II.NFO,08/11/2024,09:38:11,52382,52384.25,60,52397.85,15,0,224325
BANKNIFTY-II.NFO,08/11/2024,09:38:13,52382,52384.25,60,52395.6,15,0,224325
BANKNIFTY-II.NFO,08/11/2024,09:38:14,52382,52384.2,15,52395.6,15,0,224325
BANKNIFTY-II.NFO,08/11/2024,09:38:16,52382,52384.2,15,52394.9,45,0,224325
BANKNIFTY-II.NFO,08/11/2024,09:38:18,52382,52384.2,15,52393.7,60,0,224325
BANKNIFTY-II.NFO,08/11/2024,09:38:19,52382,52384.2,15,52391.35,60,0,224325
BANKNIFTY-II.NFO,08/11/2024,09:38:21,52382,52384.2,15,52391.25,15,0,224325
BANKNIFTY-II.NFO,08/11/2024,09:38:23,52382,52384.25,60,52395.45,15,0,224325
BANKNIFTY-II.NFO,08/11/2024,09:38:24,52399.4,52384.2,15,52395.1,30,75,224325
BANKNIFTY-II.NFO,08/11/2024,09:38:26,52399.4,52384.2,15,52391.15,15,0,224325
BANKNIFTY-II.NFO,08/11/2024,09:38:27,52399.4,52384.2,15,52390.15,15,0,224325
BANKNIFTY-II.NFO,08/11/2024,09:38:29,52391.65,52384.25,75,52402.8,45,15,224325
BANKNIFTY-II.NFO,08/11/2024,09:38:31,52391.65,52384.25,75,52402.8,45,0,224325
BANKNIFTY-II.NFO,08/11/2024,09:38:32,52391.65,52384.2,15,52395.65,15,0,224325
BANKNIFTY-II.NFO,08/11/2024,09:38:34,52391.65,52385.6,75,52398.25,15,0,224325
BANKNIFTY-II.NFO,08/11/2024,09:38:36,52391.65,52386.55,60,52398.5,15,0,224325
BANKNIFTY-II.NFO,08/11/2024,09:38:37,52386.55,52387.9,75,52401.15,15,15,224325
BANKNIFTY-II.NFO,08/11/2024,09:38:39,52386.55,52392.55,60,52405.7,15,0,224325
BANKNIFTY-II.NFO,08/11/2024,09:38:41,52386.55,52399.95,90,52410.7,15,0,224325
BANKNIFTY-II.NFO,08/11/2024,09:38:42,52386.55,52399.65,60,52412.15,15,0,224325
BANKNIFTY-II.NFO,08/11/2024,09:38:44,52386.55,52406.3,60,52415,750,0,224325
BANKNIFTY-II.NFO,08/11/2024,09:38:45,52386.55,52403.4,60,52415,750,0,224325
BANKNIFTY-II.NFO,08/11/2024,09:38:47,52386.55,52402.1,60,52414.95,15,0,224325
BANKNIFTY-II.NFO,08/11/2024,09:38:49,52386.55,52403.8,90,52415,750,0,224325
BANKNIFTY-II.NFO,08/11/2024,09:38:50,52386.55,52404.15,60,52415,750,0,224325
BANKNIFTY-II.NFO,08/11/2024,09:38:52,52386.55,52407.65,60,52415,750,0,224325
BANKNIFTY-II.NFO,08/11/2024,09:38:54,52386.55,52406.25,60,52415,750,0,224325
BANKNIFTY-II.NFO,08/11/2024,09:38:55,52386.55,52406.3,60,52415,750,0,224325
BANKNIFTY-II.NFO,08/11/2024,09:38:57,52386.55,52396.8,60,52411.25,15,0,224325
BANKNIFTY-II.NFO,08/11/2024,09:38:59,52386.55,52401,75,52414.65,15,0,224325
BANKNIFTY-II.NFO,08/11/2024,09:39:00,52415,52403.55,60,52415,735,15,224325
BANKNIFTY-II.NFO,08/11/2024,09:39:02,52415,52417.1,75,52441,15,735,224325
BANKNIFTY-II.NFO,08/11/2024,09:39:04,52418,52418,120,52427.05,15,30,224325
BANKNIFTY-II.NFO,08/11/2024,09:39:05,52418,52418,120,52433.05,15,0,224325
BANKNIFTY-II.NFO,08/11/2024,09:39:07,52418,52417,120,52427.3,15,0,224325
BANKNIFTY-II.NFO,08/11/2024,09:39:09,52418,52415,15,52423.6,15,0,224325
BANKNIFTY-II.NFO,08/11/2024,09:39:10,52418,52415,135,52425.3,15,0,224325
BANKNIFTY-II.NFO,08/11/2024,09:39:12,52418,52416,120,52428.15,15,0,224325
BANKNIFTY-II.NFO,08/11/2024,09:39:14,52418,52415,135,52427.85,15,0,224325
BANKNIFTY-II.NFO,08/11/2024,09:39:15,52418,52415,135,52423.7,15,0,224325
BANKNIFTY-II.NFO,08/11/2024,09:39:17,52418,52416.05,30,52425.5,15,0,224325
BANKNIFTY-II.NFO,08/11/2024,09:39:19,52417,52416.05,15,52427.95,15,15,224325
BANKNIFTY-II.NFO,08/11/2024,09:39:20,52417,52415,15,52426.9,15,0,224325
BANKNIFTY-II.NFO,08/11/2024,09:39:22,52417,52415,15,52420.25,15,0,224325
BANKNIFTY-II.NFO,08/11/2024,09:39:24,52415,52403,90,52415,15,15,224325
BANKNIFTY-II.NFO,08/11/2024,09:39:25,52423.15,52401,90,52416.6,30,105,224325
BANKNIFTY-II.NFO,08/11/2024,09:39:27,52423.15,52400,15,52406.7,15,0,224325
BANKNIFTY-II.NFO,08/11/2024,09:39:29,52423.15,52400,15,52403.75,15,0,224325
BANKNIFTY-II.NFO,08/11/2024,09:39:30,52423.15,52400,15,52404.2,15,0,224325
BANKNIFTY-II.NFO,08/11/2024,09:39:32,52400,52390,90,52401.75,15,15,224325
BANKNIFTY-II.NFO,08/11/2024,09:39:33,52400,52386,90,52394.3,15,0,224325
BANKNIFTY-II.NFO,08/11/2024,09:39:35,52384.25,52384.25,60,52396.6,15,150,224325
BANKNIFTY-II.NFO,08/11/2024,09:39:37,52384.25,52384.25,60,52397.45,60,0,224325
BANKNIFTY-II.NFO,08/11/2024,09:39:38,52384.25,52384.2,15,52397.45,60,0,224325
BANKNIFTY-II.NFO,08/11/2024,09:39:40,52384.25,52384.2,15,52394.35,15,0,224325
BANKNIFTY-II.NFO,08/11/2024,09:39:42,52384.25,52384.2,15,52389.8,15,0,224325
BANKNIFTY-II.NFO,08/11/2024,09:39:43,52384.25,52384.2,15,52389.55,15,0,224325
BANKNIFTY-II.NFO,08/11/2024,09:39:45,52363.95,52364.9,45,52382.55,45,30,224460
BANKNIFTY-II.NFO,08/11/2024,09:39:47,52363.95,52368.1,45,52383.1,45,0,224460
BANKNIFTY-II.NFO,08/11/2024,09:39:50,52363.95,52368.1,60,52381.75,45,0,224460
BANKNIFTY-II.NFO,08/11/2024,09:39:51,52363.95,52370.1,60,52384.75,45,0,224460
BANKNIFTY-II.NFO,08/11/2024,09:39:53,52363.95,52361.4,45,52378,45,0,224460
BANKNIFTY-II.NFO,08/11/2024,09:39:55,52363.95,52364.1,45,52378,45,0,224460
BANKNIFTY-II.NFO,08/11/2024,09:39:56,52363.95,52364.1,45,52385.5,60,0,224460
BANKNIFTY-II.NFO,08/11/2024,09:39:58,52363.95,52367.4,60,52381.5,15,0,224460
BANKNIFTY-II.NFO,08/11/2024,09:40:00,52363.95,52365.65,45,52381.5,15,0,224460
BANKNIFTY-II.NFO,08/11/2024,09:40:01,52363.95,52354.55,45,52378.5,60,0,224460
BANKNIFTY-II.NFO,08/11/2024,09:40:03,52353.6,52358.05,15,52375.3,45,240,224460
BANKNIFTY-II.NFO,08/11/2024,09:40:05,52353.6,52358.1,15,52374,45,0,224460
BANKNIFTY-II.NFO,08/11/2024,09:40:06,52353.6,52358.1,15,52372,45,0,224460
BANKNIFTY-II.NFO,08/11/2024,09:40:08,52353.6,52358.1,15,52371.3,30,0,224460
BANKNIFTY-II.NFO,08/11/2024,09:40:10,52358.1,52355.7,15,52370.4,30,15,224460
BANKNIFTY-II.NFO,08/11/2024,09:40:11,52358.1,52351.4,15,52368.5,45,0,224460
BANKNIFTY-II.NFO,08/11/2024,09:40:13,52358.1,52351.85,15,52366,45,0,224460
BANKNIFTY-II.NFO,08/11/2024,09:40:15,52358.1,52351.85,15,52365.4,30,0,224460
BANKNIFTY-II.NFO,08/11/2024,09:40:16,52358.1,52364.85,15,52371.9,15,0,224460
BANKNIFTY-II.NFO,08/11/2024,09:40:18,52358.1,52354.05,15,52371.8,45,0,224460
BANKNIFTY-II.NFO,08/11/2024,09:40:19,52358.1,52353.3,30,52368.5,15,0,224460
BANKNIFTY-II.NFO,08/11/2024,09:40:21,52358.1,52357.3,30,52371.85,15,0,224460
BANKNIFTY-II.NFO,08/11/2024,09:40:23,52358.1,52368.05,120,52382.95,15,0,224460
BANKNIFTY-II.NFO,08/11/2024,09:40:24,52358.1,52376.05,15,52389.95,30,0,224460
BANKNIFTY-II.NFO,08/11/2024,09:40:26,52358.1,52376.65,15,52387.95,15,0,224460
BANKNIFTY-II.NFO,08/11/2024,09:40:28,52358.1,52381.3,15,52392.95,15,0,224460
BANKNIFTY-II.NFO,08/11/2024,09:40:29,52358.1,52380.55,15,52391.95,15,0,224460
BANKNIFTY-II.NFO,08/11/2024,09:40:31,52358.1,52381.5,15,52392.95,15,0,224460
BANKNIFTY-II.NFO,08/11/2024,09:40:32,52358.1,52377.15,15,52389.95,30,0,224460
BANKNIFTY-II.NFO,08/11/2024,09:40:34,52358.1,52383.2,15,52393.95,15,0,224460
BANKNIFTY-II.NFO,08/11/2024,09:40:35,52358.1,52388,15,52396.95,15,0,224460
BANKNIFTY-II.NFO,08/11/2024,09:40:39,52388,52388.75,15,52398,15,15,224460
BANKNIFTY-II.NFO,08/11/2024,09:40:40,52388,52386.05,15,52397.95,15,0,224460
BANKNIFTY-II.NFO,08/11/2024,09:40:42,52388,52386.05,15,52395.95,15,0,224460
BANKNIFTY-II.NFO,08/11/2024,09:40:43,52388,52388.9,15,52399.95,15,0,224460
BANKNIFTY-II.NFO,08/11/2024,09:40:45,52388,52390.85,15,52400,45,0,224460
BANKNIFTY-II.NFO,08/11/2024,09:40:47,52388,52389.9,15,52400,45,0,224460
BANKNIFTY-II.NFO,08/11/2024,09:40:48,52388,52385.65,30,52396.9,15,0,224460
BANKNIFTY-II.NFO,08/11/2024,09:40:50,52388,52383.65,75,52394.9,15,0,224460
BANKNIFTY-II.NFO,08/11/2024,09:40:51,52388,52390.15,15,52399.95,15,0,224460
BANKNIFTY-II.NFO,08/11/2024,09:40:53,52388,52391.25,15,52400,45,0,224460
BANKNIFTY-II.NFO,08/11/2024,09:40:55,52388,52388,15,52397.95,60,0,224460
BANKNIFTY-II.NFO,08/11/2024,09:40:56,52388,52388,30,52398.9,60,0,224460
BANKNIFTY-II.NFO,08/11/2024,09:40:58,52388,52388,30,52397.8,15,0,224460
BANKNIFTY-II.NFO,08/11/2024,09:40:59,52388,52390.6,15,52398.75,15,0,224460
BANKNIFTY-II.NFO,08/11/2024,09:41:01,52388,52388,30,52394.95,60,0,224460
BANKNIFTY-II.NFO,08/11/2024,09:41:03,52388,52388,30,52398.7,60,0,224460
BANKNIFTY-II.NFO,08/11/2024,09:41:04,52388,52397.75,15,52398.75,15,0,224460
BANKNIFTY-II.NFO,08/11/2024,09:41:06,52388,52396.8,15,52398.75,15,0,224460
BANKNIFTY-II.NFO,08/11/2024,09:41:07,52388,52392.95,15,52398.75,15,0,224460
BANKNIFTY-II.NFO,08/11/2024,09:41:09,52388,52392.15,90,52398.75,15,0,224460
BANKNIFTY-II.NFO,08/11/2024,09:41:11,52393.6,52390.35,15,52398.75,15,30,224460
BANKNIFTY-II.NFO,08/11/2024,09:41:12,52393.6,52390.4,150,52398.75,15,0,224460
BANKNIFTY-II.NFO,08/11/2024,09:41:14,52401.75,52402.4,75,52410,30,105,224460
BANKNIFTY-II.NFO,08/11/2024,09:41:15,52401.75,52402.75,150,52410,30,0,224460
BANKNIFTY-II.NFO,08/11/2024,09:41:17,52401.75,52395.9,30,52409.95,75,0,224460
BANKNIFTY-II.NFO,08/11/2024,09:41:19,52401.75,52396.05,15,52409.85,60,0,224460
BANKNIFTY-II.NFO,08/11/2024,09:41:20,52420.35,52420.05,15,52433.3,45,45,224460
BANKNIFTY-II.NFO,08/11/2024,09:41:22,52420.35,52426.05,15,52434.8,30,0,224460
BANKNIFTY-II.NFO,08/11/2024,09:41:24,52420.35,52431.9,30,52441.15,15,0,224460
BANKNIFTY-II.NFO,08/11/2024,09:41:25,52441.15,52440.2,15,52449.9,60,15,224460
BANKNIFTY-II.NFO,08/11/2024,09:41:27,52441.15,52438.65,15,52447.05,60,0,224460
BANKNIFTY-II.NFO,08/11/2024,09:41:29,52441.15,52441.4,45,52450,345,0,224460
BANKNIFTY-II.NFO,08/11/2024,09:41:30,52441.15,52439.15,15,52450,345,0,224460
BANKNIFTY-II.NFO,08/11/2024,09:41:32,52441.15,52436.5,150,52448.6,75,0,224460
BANKNIFTY-II.NFO,08/11/2024,09:41:34,52441.15,52425,15,52434,60,0,224460
BANKNIFTY-II.NFO,08/11/2024,09:41:35,52425,52417,15,52427.45,75,15,224460
BANKNIFTY-II.NFO,08/11/2024,09:41:37,52424.85,52412.1,30,52425.8,60,30,224460
BANKNIFTY-II.NFO,08/11/2024,09:41:38,52424.85,52414.05,15,52430.3,60,0,224460
BANKNIFTY-II.NFO,08/11/2024,09:41:40,52424.85,52406.1,30,52419.05,30,0,224460
BANKNIFTY-II.NFO,08/11/2024,09:41:42,52424.85,52401.25,30,52414,60,0,224460
BANKNIFTY-II.NFO,08/11/2024,09:41:43,52402.3,52404.05,15,52416.45,60,15,224460
BANKNIFTY-II.NFO,08/11/2024,09:41:45,52402.3,52400,15,52412.85,60,0,224460
BANKNIFTY-II.NFO,08/11/2024,09:41:47,52402.3,52400,15,52409.9,60,0,224460
BANKNIFTY-II.NFO,08/11/2024,09:41:48,52402.3,52400,15,52408.25,60,0,224460
BANKNIFTY-II.NFO,08/11/2024,09:41:50,52402.3,52400,15,52408.45,60,0,224460
BANKNIFTY-II.NFO,08/11/2024,09:41:52,52402.3,52400,15,52409.7,60,0,224460
BANKNIFTY-II.NFO,08/11/2024,09:41:53,52402.3,52400,15,52407.45,60,0,224460
BANKNIFTY-II.NFO,08/11/2024,09:41:55,52402.3,52400,15,52407.1,60,0,224460
BANKNIFTY-II.NFO,08/11/2024,09:41:57,52402.3,52400,15,52408.55,60,0,224460
BANKNIFTY-II.NFO,08/11/2024,09:41:58,52402.3,52400,15,52412.55,60,0,224460
BANKNIFTY-II.NFO,08/11/2024,09:42:00,52402.3,52400,15,52411.75,60,0,224460
BANKNIFTY-II.NFO,08/11/2024,09:42:03,52402.3,52406.05,15,52418.85,60,0,224460
BANKNIFTY-II.NFO,08/11/2024,09:42:05,52402.3,52410.05,15,52423.55,60,0,224460
BANKNIFTY-II.NFO,08/11/2024,09:42:06,52402.3,52422.05,15,52431.9,60,0,224460
BANKNIFTY-II.NFO,08/11/2024,09:42:08,52402.3,52416.1,30,52429.15,60,0,224460
BANKNIFTY-II.NFO,08/11/2024,09:42:10,52402.3,52412.05,15,52422.55,60,0,224460
BANKNIFTY-II.NFO,08/11/2024,09:42:11,52402.3,52410.05,15,52422.95,60,0,224460
BANKNIFTY-II.NFO,08/11/2024,09:42:13,52410.05,52418.05,15,52430.05,60,30,224460
BANKNIFTY-II.NFO,08/11/2024,09:42:14,52410.05,52414.05,15,52425.8,15,0,224460
BANKNIFTY-II.NFO,08/11/2024,09:42:16,52410.05,52418.05,15,52430.5,60,0,224460
BANKNIFTY-II.NFO,08/11/2024,09:42:18,52410.05,52412.05,15,52424.65,60,0,224460
BANKNIFTY-II.NFO,08/11/2024,09:42:19,52410.05,52414.05,15,52424.65,60,0,224460
BANKNIFTY-II.NFO,08/11/2024,09:42:21,52410.05,52414.05,15,52426.35,60,0,224460
BANKNIFTY-II.NFO,08/11/2024,09:42:23,52410.05,52416.1,45,52429.9,60,0,224460
BANKNIFTY-II.NFO,08/11/2024,09:42:24,52410.05,52414.05,15,52424.2,30,0,224460
BANKNIFTY-II.NFO,08/11/2024,09:42:26,52410.05,52414.1,45,52427,30,0,224460
BANKNIFTY-II.NFO,08/11/2024,09:42:27,52416.65,52416.1,15,52430,15,30,224460
BANKNIFTY-II.NFO,08/11/2024,09:42:29,52416.65,52416.1,15,52428.4,30,0,224460
BANKNIFTY-II.NFO,08/11/2024,09:42:31,52416.65,52416.1,15,52429.9,30,0,224460
BANKNIFTY-II.NFO,08/11/2024,09:42:34,52416.65,52420.3,45,52430,15,0,224460
BANKNIFTY-II.NFO,08/11/2024,09:42:36,52416.65,52418.05,15,52429.95,30,0,224460
BANKNIFTY-II.NFO,08/11/2024,09:42:37,52416.65,52418.1,15,52430,15,0,224460
BANKNIFTY-II.NFO,08/11/2024,09:42:39,52430,52418.3,15,52433.3,45,15,224460
BANKNIFTY-II.NFO,08/11/2024,09:42:41,52430,52424.1,15,52437.65,30,0,224460
BANKNIFTY-II.NFO,08/11/2024,09:42:42,52430,52424.05,15,52433.6,60,0,224460
BANKNIFTY-II.NFO,08/11/2024,09:42:44,52430,52424.05,15,52434.4,30,0,224460
BANKNIFTY-II.NFO,08/11/2024,09:42:46,52430,52424.3,30,52439.05,30,0,224460
BANKNIFTY-II.NFO,08/11/2024,09:42:47,52430,52430,15,52441.05,30,0,224460
BANKNIFTY-II.NFO,08/11/2024,09:42:49,52430,52430.05,15,52440.05,30,0,224460
BANKNIFTY-II.NFO,08/11/2024,09:42:51,52430,52430,15,52438.35,30,0,224460
BANKNIFTY-II.NFO,08/11/2024,09:42:52,52430,52430.05,15,52441.55,60,0,224460
BANKNIFTY-II.NFO,08/11/2024,09:42:54,52430,52432.05,15,52443,75,0,224460
BANKNIFTY-II.NFO,08/11/2024,09:42:55,52430,52430,30,52438,75,0,224460
BANKNIFTY-II.NFO,08/11/2024,09:42:57,52430,52411.05,15,52426.95,15,30,224505
BANKNIFTY-II.NFO,08/11/2024,09:42:59,52430,52420.1,15,52426.95,15,0,224505
BANKNIFTY-II.NFO,08/11/2024,09:43:00,52426.95,52428.1,15,52441,75,15,224505
BANKNIFTY-II.NFO,08/11/2024,09:43:02,52426.95,52428.1,15,52440.6,30,0,224505
BANKNIFTY-II.NFO,08/11/2024,09:43:04,52426.95,52426.05,15,52435.15,30,0,224505
BANKNIFTY-II.NFO,08/11/2024,09:43:05,52422.75,52419.8,15,52435,75,15,224505
BANKNIFTY-II.NFO,08/11/2024,09:43:07,52422.75,52417.05,45,52430.6,30,0,224505
BANKNIFTY-II.NFO,08/11/2024,09:43:09,52422.75,52424.1,15,52437.95,30,0,224505
BANKNIFTY-II.NFO,08/11/2024,09:43:10,52422.75,52425.6,45,52439,75,0,224505
BANKNIFTY-II.NFO,08/11/2024,09:43:12,52422.75,52422.75,30,52430.3,60,0,224505
BANKNIFTY-II.NFO,08/11/2024,09:43:14,52422.75,52422.75,30,52432.95,60,0,224505
BANKNIFTY-II.NFO,08/11/2024,09:43:15,52422.75,52422.75,30,52430.35,30,0,224505
BANKNIFTY-II.NFO,08/11/2024,09:43:17,52431.1,52422.75,15,52430.05,60,15,224505
BANKNIFTY-II.NFO,08/11/2024,09:43:19,52431.1,52422.75,15,52428.6,60,0,224505
BANKNIFTY-II.NFO,08/11/2024,09:43:20,52429,52422.75,15,52429.95,30,60,224505
BANKNIFTY-II.NFO,08/11/2024,09:43:22,52429,52422.75,15,52430.95,30,0,224505
BANKNIFTY-II.NFO,08/11/2024,09:43:23,52429,52422.75,15,52429.8,30,0,224505
BANKNIFTY-II.NFO,08/11/2024,09:43:25,52429,52422.75,15,52433,75,0,224505
BANKNIFTY-II.NFO,08/11/2024,09:43:27,52429,52422.75,15,52431.85,30,0,224505
BANKNIFTY-II.NFO,08/11/2024,09:43:28,52429,52422.75,15,52431.2,30,0,224505
BANKNIFTY-II.NFO,08/11/2024,09:43:30,52429,52422.75,15,52432.1,30,0,224505
BANKNIFTY-II.NFO,08/11/2024,09:43:32,52429,52422.75,15,52431.7,30,0,224505
BANKNIFTY-II.NFO,08/11/2024,09:43:33,52429,52422.75,15,52435,90,0,224505
BANKNIFTY-II.NFO,08/11/2024,09:43:35,52420,52402.8,60,52418.95,30,30,224505
BANKNIFTY-II.NFO,08/11/2024,09:43:37,52420,52406.1,60,52420.85,30,0,224505
BANKNIFTY-II.NFO,08/11/2024,09:43:38,52420,52406,15,52418.55,30,0,224505
BANKNIFTY-II.NFO,08/11/2024,09:43:40,52420,52406.05,75,52420.1,30,0,224505
BANKNIFTY-II.NFO,08/11/2024,09:43:42,52420,52409.15,60,52423.95,30,0,224505
BANKNIFTY-II.NFO,08/11/2024,09:43:43,52420,52412.05,15,52422,30,0,224505
BANKNIFTY-II.NFO,08/11/2024,09:43:45,52420,52408.05,15,52422.95,30,0,224505
BANKNIFTY-II.NFO,08/11/2024,09:43:47,52420,52408.35,90,52420,60,0,224505
BANKNIFTY-II.NFO,08/11/2024,09:43:48,52420,52406.1,60,52419.95,30,0,224505
BANKNIFTY-II.NFO,08/11/2024,09:43:50,52420,52407.45,60,52420,60,0,224505
BANKNIFTY-II.NFO,08/11/2024,09:43:52,52420,52406.2,60,52420,60,0,224505
BANKNIFTY-II.NFO,08/11/2024,09:43:53,52420,52409.55,60,52420,60,0,224505
BANKNIFTY-II.NFO,08/11/2024,09:43:55,52409.55,52406,15,52418.85,60,30,224505
BANKNIFTY-II.NFO,08/11/2024,09:43:56,52409.55,52406,15,52416.45,60,0,224505
BANKNIFTY-II.NFO,08/11/2024,09:43:58,52409.55,52408.45,15,52417.25,30,0,224505
BANKNIFTY-II.NFO,08/11/2024,09:44:00,52409.55,52406,15,52418.9,75,0,224505
BANKNIFTY-II.NFO,08/11/2024,09:44:01,52406,52400.05,60,52413.95,60,15,224505
BANKNIFTY-II.NFO,08/11/2024,09:44:03,52406,52400.45,60,52414.6,15,0,224505
BANKNIFTY-II.NFO,08/11/2024,09:44:05,52406,52400.05,15,52413.65,75,0,224505
BANKNIFTY-II.NFO,08/11/2024,09:44:06,52406,52403.1,60,52414.6,15,0,224505
BANKNIFTY-II.NFO,08/11/2024,09:44:08,52406,52400.25,30,52413.4,60,0,224505
BANKNIFTY-II.NFO,08/11/2024,09:44:10,52406,52400,30,52411.65,75,0,224505
BANKNIFTY-II.NFO,08/11/2024,09:44:11,52406,52400,30,52402.95,60,0,224505
BANKNIFTY-II.NFO,08/11/2024,09:44:13,52406,52400,30,52405.4,60,0,224505
BANKNIFTY-II.NFO,08/11/2024,09:44:14,52406,52400,30,52405.95,60,0,224505
BANKNIFTY-II.NFO,08/11/2024,09:44:16,52400,52385,30,52398.65,60,30,224505
BANKNIFTY-II.NFO,08/11/2024,09:44:18,52398.75,52385,30,52398.6,45,15,224505
BANKNIFTY-II.NFO,08/11/2024,09:44:19,52385,52385.15,60,52400.85,45,15,224505
BANKNIFTY-II.NFO,08/11/2024,09:44:21,52385,52388.05,60,52402.95,45,0,224505
BANKNIFTY-II.NFO,08/11/2024,09:44:23,52385.05,52385,15,52396.3,60,60,224505
BANKNIFTY-II.NFO,08/11/2024,09:44:24,52385.05,52385,15,52397.25,60,0,224505
BANKNIFTY-II.NFO,08/11/2024,09:44:26,52385.05,52385.05,15,52397.65,60,0,224505
BANKNIFTY-II.NFO,08/11/2024,09:44:28,52385.05,52385.05,15,52397.45,60,0,224505
BANKNIFTY-II.NFO,08/11/2024,09:44:29,52385.05,52385.3,30,52400.7,30,0,224505
BANKNIFTY-II.NFO,08/11/2024,09:44:31,52385.05,52385.1,30,52399.5,60,0,224505
BANKNIFTY-II.NFO,08/11/2024,09:44:33,52385.05,52385.1,30,52398.95,60,0,224505
BANKNIFTY-II.NFO,08/11/2024,09:44:34,52385.05,52385.1,30,52399.1,30,0,224505
BANKNIFTY-II.NFO,08/11/2024,09:44:36,52385.05,52385.1,30,52397.7,30,0,224505
BANKNIFTY-II.NFO,08/11/2024,09:44:38,52385.05,52385.05,15,52394.75,15,0,224505
BANKNIFTY-II.NFO,08/11/2024,09:44:39,52394.75,52400.1,30,52412,75,15,224505
BANKNIFTY-II.NFO,08/11/2024,09:44:41,52394.75,52405.8,15,52412,75,0,224505
BANKNIFTY-II.NFO,08/11/2024,09:44:42,52394.75,52400.1,30,52413,75,0,224505
BANKNIFTY-II.NFO,08/11/2024,09:44:44,52394.75,52397.1,30,52411,75,0,224505
BANKNIFTY-II.NFO,08/11/2024,09:44:46,52394.75,52398.7,15,52409,75,0,224505
BANKNIFTY-II.NFO,08/11/2024,09:44:47,52394.75,52392.45,30,52407.9,30,0,224505
BANKNIFTY-II.NFO,08/11/2024,09:44:49,52394.75,52397.5,30,52411,75,0,224505
BANKNIFTY-II.NFO,08/11/2024,09:44:51,52394.75,52400.05,15,52412,75,0,224505
BANKNIFTY-II.NFO,08/11/2024,09:44:53,52394.75,52394.05,15,52406.95,60,0,224505
BANKNIFTY-II.NFO,08/11/2024,09:44:54,52394.75,52388.1,15,52399.35,60,0,224505
BANKNIFTY-II.NFO,08/11/2024,09:44:56,52394.75,52385.05,15,52394.85,60,0,224505
BANKNIFTY-II.NFO,08/11/2024,09:44:58,52394.75,52385.05,15,52397.7,60,0,224505
BANKNIFTY-II.NFO,08/11/2024,09:44:59,52394.75,52385.05,15,52397.2,60,0,224505
BANKNIFTY-II.NFO,08/11/2024,09:45:01,52394.75,52385.05,15,52397.3,60,0,224505
BANKNIFTY-II.NFO,08/11/2024,09:45:03,52394.75,52385.05,15,52395.4,60,15,224505
BANKNIFTY-II.NFO,08/11/2024,09:45:04,52394.75,52386.8,30,52400,15,0,224505
BANKNIFTY-II.NFO,08/11/2024,09:45:06,52394.75,52387.55,30,52400,15,0,224505
BANKNIFTY-II.NFO,08/11/2024,09:45:08,52394.75,52388.05,15,52399.95,60,0,224505
BANKNIFTY-II.NFO,08/11/2024,09:45:09,52394.75,52388.1,30,52400,15,0,224505
BANKNIFTY-II.NFO,08/11/2024,09:45:11,52394.75,52389,15,52399.85,60,0,224505
BANKNIFTY-II.NFO,08/11/2024,09:45:13,52394.75,52387.1,30,52400,15,0,224505
BANKNIFTY-II.NFO,08/11/2024,09:45:14,52394.75,52392.7,30,52400,15,0,224505
BANKNIFTY-II.NFO,08/11/2024,09:45:16,52400,52404.75,30,52418,60,15,224505
BANKNIFTY-II.NFO,08/11/2024,09:45:18,52403.25,52404.2,150,52417,45,90,224505
BANKNIFTY-II.NFO,08/11/2024,09:45:19,52405.55,52405.75,30,52420,30,15,224505
BANKNIFTY-II.NFO,08/11/2024,09:45:21,52405.55,52406.05,30,52424.15,60,0,224505
BANKNIFTY-II.NFO,08/11/2024,09:45:23,52405.55,52408.35,30,52422,30,0,224505
BANKNIFTY-II.NFO,08/11/2024,09:45:24,52406.7,52407.2,30,52422,15,15,224505
BANKNIFTY-II.NFO,08/11/2024,09:45:26,52406.7,52406,15,52417.45,60,0,224505
BANKNIFTY-II.NFO,08/11/2024,09:45:28,52406.7,52403.85,30,52420.1,75,0,224505
BANKNIFTY-II.NFO,08/11/2024,09:45:29,52406.7,52408.7,30,52422.55,15,0,224505
BANKNIFTY-II.NFO,08/11/2024,09:45:31,52406.7,52418.6,150,52430,60,0,224505
BANKNIFTY-II.NFO,08/11/2024,09:45:33,52406.7,52418.4,30,52424.6,15,0,224505
BANKNIFTY-II.NFO,08/11/2024,09:45:34,52424.6,52421.4,150,52430,60,15,224505
BANKNIFTY-II.NFO,08/11/2024,09:45:36,52424.6,52418.4,30,52430,60,0,224505
BANKNIFTY-II.NFO,08/11/2024,09:45:38,52424.6,52414.55,30,52430,60,0,224505
BANKNIFTY-II.NFO,08/11/2024,09:45:39,52424.6,52424.6,15,52430,60,0,224505
BANKNIFTY-II.NFO,08/11/2024,09:45:41,52424.6,52424.6,15,52429.75,60,0,224505
BANKNIFTY-II.NFO,08/11/2024,09:45:42,52430,52426.15,30,52443.3,75,60,224535
BANKNIFTY-II.NFO,08/11/2024,09:45:44,52430,52437.6,30,52450,300,0,224535
BANKNIFTY-II.NFO,08/11/2024,09:45:46,52430,52437.4,75,52450,300,0,224535
BANKNIFTY-II.NFO,08/11/2024,09:45:47,52430,52439.25,30,52450,300,0,224535
BANKNIFTY-II.NFO,08/11/2024,09:45:49,52430,52441.75,150,52450,300,0,224535
BANKNIFTY-II.NFO,08/11/2024,09:45:51,52450,52444.6,30,52450,285,15,224535
BANKNIFTY-II.NFO,08/11/2024,09:45:52,52484.95,52480.45,90,52489.95,15,780,224535
BANKNIFTY-II.NFO,08/11/2024,09:45:54,52484.95,52488.4,60,52490.55,15,0,224535
BANKNIFTY-II.NFO,08/11/2024,09:45:56,52495.15,52490.05,15,52500,150,135,224535
BANKNIFTY-II.NFO,08/11/2024,09:45:57,52495.15,52495.15,60,52500,150,0,224535
BANKNIFTY-II.NFO,08/11/2024,09:45:59,52501,52502.15,60,52508,15,150,224535
BANKNIFTY-II.NFO,08/11/2024,09:45:59,52501,52502.15,60,52508,15,0,224535
BANKNIFTY-II.NFO,08/11/2024,09:46:01,52530,52520.1,60,52534.45,15,30,224535
BANKNIFTY-II.NFO,08/11/2024,09:46:01,52530,52520.1,60,52534.45,15,0,224535
BANKNIFTY-II.NFO,08/11/2024,09:46:02,52530,52526.1,60,52541.35,45,0,224535
BANKNIFTY-II.NFO,08/11/2024,09:46:04,52530,52529.9,60,52533.8,60,0,224535
BANKNIFTY-II.NFO,08/11/2024,09:46:06,52531.2,52531.2,15,52533.8,60,15,224535
BANKNIFTY-II.NFO,08/11/2024,09:46:06,52531.2,52531.2,15,52533.8,60,0,224535
BANKNIFTY-II.NFO,08/11/2024,09:46:07,52527.65,52518,195,52533.5,15,30,224535
BANKNIFTY-II.NFO,08/11/2024,09:46:09,52529.95,52518.05,30,52532.85,30,15,224535
BANKNIFTY-II.NFO,08/11/2024,09:46:11,52516.25,52521,165,52533.75,15,30,224535
BANKNIFTY-II.NFO,08/11/2024,09:46:12,52516.25,52522,15,52533.8,60,0,224535
BANKNIFTY-II.NFO,08/11/2024,09:46:14,52531.85,52515.15,45,52531.85,30,120,224535
BANKNIFTY-II.NFO,08/11/2024,09:46:14,52531.85,52515.15,45,52531.85,30,0,224535
BANKNIFTY-II.NFO,08/11/2024,09:46:16,52528.75,52510.05,15,52524.15,30,15,224535
BANKNIFTY-II.NFO,08/11/2024,09:46:17,52528.75,52506,15,52512,30,0,224535
BANKNIFTY-II.NFO,08/11/2024,09:46:19,52528.75,52500.25,30,52515.1,15,0,224535
BANKNIFTY-II.NFO,08/11/2024,09:46:21,52507.65,52507.65,60,52519,75,45,224535
BANKNIFTY-II.NFO,08/11/2024,09:46:22,52507.65,52502.05,75,52515.15,30,0,224535
BANKNIFTY-II.NFO,08/11/2024,09:46:24,52507.65,52506.05,15,52518.9,15,0,224535
BANKNIFTY-II.NFO,08/11/2024,09:46:26,52507.65,52507.6,15,52519,75,0,224535
BANKNIFTY-II.NFO,08/11/2024,09:46:27,52507.65,52505.05,60,52518.95,15,0,224535
BANKNIFTY-II.NFO,08/11/2024,09:46:29,52507.65,52508.2,30,52519,75,0,224535
BANKNIFTY-II.NFO,08/11/2024,09:46:30,52507.65,52514,15,52519,75,0,224535
BANKNIFTY-II.NFO,08/11/2024,09:46:32,52507.65,52512.05,60,52519,75,0,224535
BANKNIFTY-II.NFO,08/11/2024,09:46:34,52519,52516.5,75,52519,60,15,224535
BANKNIFTY-II.NFO,08/11/2024,09:46:35,52519,52516.1,60,52531.7,15,60,224535
BANKNIFTY-II.NFO,08/11/2024,09:46:37,52516.1,52516.1,60,52533.75,30,15,224535
BANKNIFTY-II.NFO,08/11/2024,09:46:39,52516.1,52518.05,15,52530.9,30,0,224535
BANKNIFTY-II.NFO,08/11/2024,09:46:40,52516.1,52518.05,15,52527.7,30,0,224535
BANKNIFTY-II.NFO,08/11/2024,09:46:42,52516.1,52514.1,60,52529.1,30,0,224535
BANKNIFTY-II.NFO,08/11/2024,09:46:44,52516.1,52514.2,75,52531.25,30,0,224535
BANKNIFTY-II.NFO,08/11/2024,09:46:45,52533.8,52532.65,75,52533.8,60,30,224535
BANKNIFTY-II.NFO,08/11/2024,09:46:45,52533.8,52532.65,75,52533.8,60,0,224535
BANKNIFTY-II.NFO,08/11/2024,09:46:47,52554.45,52550,120,52553.35,15,120,224535
BANKNIFTY-II.NFO,08/11/2024,09:46:47,52554.45,52550,120,52553.35,15,0,224535
BANKNIFTY-II.NFO,08/11/2024,09:46:48,52550,52550,105,52553.5,30,60,224535
BANKNIFTY-II.NFO,08/11/2024,09:46:50,52550,52538.05,15,52549.6,75,105,224535
BANKNIFTY-II.NFO,08/11/2024,09:46:52,52550,52532.05,15,52541.4,30,0,224535
BANKNIFTY-II.NFO,08/11/2024,09:46:53,52550,52529.45,30,52546.05,75,0,224535
BANKNIFTY-II.NFO,08/11/2024,09:46:55,52550,52526.05,60,52544.85,45,0,224535
BANKNIFTY-II.NFO,08/11/2024,09:46:57,52550,52532.65,15,52544.4,45,0,224535
BANKNIFTY-II.NFO,08/11/2024,09:46:58,52550,52532.1,60,52547.55,45,0,224535
BANKNIFTY-II.NFO,08/11/2024,09:47:00,52550,52526,15,52540.4,45,0,224535
BANKNIFTY-II.NFO,08/11/2024,09:47:02,52525.95,52510.25,75,52528.5,30,15,224535
BANKNIFTY-II.NFO,08/11/2024,09:47:04,52525.95,52512.05,15,52529.1,45,0,224535
BANKNIFTY-II.NFO,08/11/2024,09:47:05,52525.95,52511.55,60,52527.6,30,0,224535
BANKNIFTY-II.NFO,08/11/2024,09:47:07,52525.95,52519.5,75,52537.85,30,0,224535
BANKNIFTY-II.NFO,08/11/2024,09:47:09,52519.55,52526.1,60,52543.6,45,15,224535
BANKNIFTY-II.NFO,08/11/2024,09:47:10,52519.55,52522.1,15,52537.9,30,0,224535
BANKNIFTY-II.NFO,08/11/2024,09:47:12,52519.55,52521,75,52538.05,60,0,224535
BANKNIFTY-II.NFO,08/11/2024,09:47:14,52519.55,52522.9,75,52538.6,15,0,224535
BANKNIFTY-II.NFO,08/11/2024,09:47:15,52519.55,52521.05,15,52535,15,0,224535
BANKNIFTY-II.NFO,08/11/2024,09:47:17,52519.55,52521.4,60,52536.35,30,0,224535
BANKNIFTY-II.NFO,08/11/2024,09:47:19,52519.55,52526.4,75,52541.4,30,0,224535
BANKNIFTY-II.NFO,08/11/2024,09:47:20,52549.1,52538.1,15,52549.1,15,30,224535
BANKNIFTY-II.NFO,08/11/2024,09:47:22,52549.1,52530.2,60,52545.95,15,0,224535
BANKNIFTY-II.NFO,08/11/2024,09:47:24,52549.1,52532.1,60,52547.2,15,0,224535
BANKNIFTY-II.NFO,08/11/2024,09:47:25,52549.1,52531.8,60,52544.8,30,0,224535
BANKNIFTY-II.NFO,08/11/2024,09:47:27,52549.1,52528.65,60,52545.9,15,0,224535
BANKNIFTY-II.NFO,08/11/2024,09:47:29,52549.1,52531,15,52542.9,30,0,224535
BANKNIFTY-II.NFO,08/11/2024,09:47:30,52549.1,52527.35,60,52542.35,30,0,224535
BANKNIFTY-II.NFO,08/11/2024,09:47:32,52549.1,52527.7,60,52543.7,15,0,224535
BANKNIFTY-II.NFO,08/11/2024,09:47:34,52543.35,52530.7,60,52548.4,30,45,224535
BANKNIFTY-II.NFO,08/11/2024,09:47:35,52543.35,52532.45,60,52548.6,30,0,224535
BANKNIFTY-II.NFO,08/11/2024,09:47:37,52543.35,52543.35,15,52547.7,30,0,224535
BANKNIFTY-II.NFO,08/11/2024,09:47:39,52543.35,52535.35,60,52548.8,30,15,224535
BANKNIFTY-II.NFO,08/11/2024,09:47:40,52543.35,52534.6,60,52548.7,30,0,224535
BANKNIFTY-II.NFO,08/11/2024,09:47:42,52543.35,52535.95,60,52548.9,30,0,224535
BANKNIFTY-II.NFO,08/11/2024,09:47:44,52565,52567.5,60,52570,15,315,224535
BANKNIFTY-II.NFO,08/11/2024,09:47:44,52565,52567.5,60,52570,15,0,224535
BANKNIFTY-II.NFO,08/11/2024,09:47:45,52570,52570.05,60,52575,15,15,224535
BANKNIFTY-II.NFO,08/11/2024,09:47:45,52570,52570.05,60,52575,15,0,224535
BANKNIFTY-II.NFO,08/11/2024,09:47:47,52573.45,52565.8,60,52575,15,60,224535
BANKNIFTY-II.NFO,08/11/2024,09:47:47,52573.45,52565.8,60,52575,15,0,224535
BANKNIFTY-II.NFO,08/11/2024,09:47:49,52573.45,52562,15,52572.1,30,0,224535
BANKNIFTY-II.NFO,08/11/2024,09:47:50,52573.45,52561.2,15,52568.6,30,0,224535
BANKNIFTY-II.NFO,08/11/2024,09:47:52,52561.2,52549.1,15,52559.05,45,15,224535
BANKNIFTY-II.NFO,08/11/2024,09:47:54,52561.2,52549.1,15,52556.55,30,0,224535
BANKNIFTY-II.NFO,08/11/2024,09:47:55,52561.2,52552.35,60,52566.55,30,0,224535
BANKNIFTY-II.NFO,08/11/2024,09:47:57,52552.1,52551.5,60,52566.1,30,15,224535
BANKNIFTY-II.NFO,08/11/2024,09:47:59,52552.1,52549.15,60,52562.65,45,0,224535
BANKNIFTY-II.NFO,08/11/2024,09:48:00,52552.1,52550.1,60,52563.4,45,0,224535
BANKNIFTY-II.NFO,08/11/2024,09:48:02,52552.1,52549.1,15,52558.6,45,0,224535
BANKNIFTY-II.NFO,08/11/2024,09:48:04,52549.1,52540.1,60,52555.5,45,15,224535
BANKNIFTY-II.NFO,08/11/2024,09:48:05,52553.85,52539.6,60,52554.55,45,15,224535
BANKNIFTY-II.NFO,08/11/2024,09:48:07,52558.25,52546.05,15,52557.95,30,30,224535
BANKNIFTY-II.NFO,08/11/2024,09:48:09,52558.25,52542.55,60,52558.1,15,0,224535
BANKNIFTY-II.NFO,08/11/2024,09:48:10,52558.25,52544.25,60,52560,45,0,224535
BANKNIFTY-II.NFO,08/11/2024,09:48:12,52558.25,52546.1,60,52549.1,15,0,224535
BANKNIFTY-II.NFO,08/11/2024,09:48:14,52558.25,52547.25,60,52549.1,15,0,224535
BANKNIFTY-II.NFO,08/11/2024,09:48:17,52558.25,52547.45,60,52549.1,15,0,224535
BANKNIFTY-II.NFO,08/11/2024,09:48:18,52549.1,52552.65,75,52563.7,15,15,224535
BANKNIFTY-II.NFO,08/11/2024,09:48:20,52549.1,52547.75,60,52561.45,45,0,224535
BANKNIFTY-II.NFO,08/11/2024,09:48:22,52549.1,52549.7,135,52563.7,30,0,224535
BANKNIFTY-II.NFO,08/11/2024,09:48:23,52563.65,52549.7,60,52563.6,30,15,224535
BANKNIFTY-II.NFO,08/11/2024,09:48:25,52545.9,52544.6,60,52556.8,30,15,224535
BANKNIFTY-II.NFO,08/11/2024,09:48:27,52545.9,52542.8,60,52556.85,75,0,224535
BANKNIFTY-II.NFO,08/11/2024,09:48:28,52545.9,52539.45,60,52554.25,15,0,224535
BANKNIFTY-II.NFO,08/11/2024,09:48:30,52537.3,52539,60,52557.65,60,15,224535
BANKNIFTY-II.NFO,08/11/2024,09:48:32,52537.3,52536.3,45,52551.85,75,0,224535
BANKNIFTY-II.NFO,08/11/2024,09:48:33,52537.3,52534.05,15,52545.5,60,0,224535
BANKNIFTY-II.NFO,08/11/2024,09:48:35,52537.3,52531.3,300,52546.8,60,0,224535
BANKNIFTY-II.NFO,08/11/2024,09:48:37,52537.3,52531.55,60,52547.9,60,0,224535
BANKNIFTY-II.NFO,08/11/2024,09:48:38,52537.3,52533.55,45,52547.75,15,0,224535
BANKNIFTY-II.NFO,08/11/2024,09:48:40,52537.3,52530,15,52540.6,60,0,224535
BANKNIFTY-II.NFO,08/11/2024,09:48:42,52537.3,52530.4,45,52547.25,60,0,224535
BANKNIFTY-II.NFO,08/11/2024,09:48:43,52537.3,52530,15,52541.8,45,0,224535
BANKNIFTY-II.NFO,08/11/2024,09:48:45,52537.3,52531.65,45,52547.2,60,0,224535
BANKNIFTY-II.NFO,08/11/2024,09:48:47,52537.3,52534,60,52547.75,15,0,224535
BANKNIFTY-II.NFO,08/11/2024,09:48:48,52550,52551.1,45,52563.7,15,30,224940
BANKNIFTY-II.NFO,08/11/2024,09:48:50,52550,52544.4,45,52559.85,60,0,224940
BANKNIFTY-II.NFO,08/11/2024,09:48:52,52534.9,52531.6,30,52545.8,45,15,224940
BANKNIFTY-II.NFO,08/11/2024,09:48:53,52546.75,52531.15,30,52544.4,30,15,224940
BANKNIFTY-II.NFO,08/11/2024,09:48:55,52546.75,52532.1,30,52544.75,45,0,224940
BANKNIFTY-II.NFO,08/11/2024,09:48:57,52546.75,52534.9,15,52544.55,60,0,224940
BANKNIFTY-II.NFO,08/11/2024,09:48:58,52546.75,52534.9,15,52544.3,75,0,224940
BANKNIFTY-II.NFO,08/11/2024,09:49:00,52534.9,52530,45,52537.45,60,30,224940
BANKNIFTY-II.NFO,08/11/2024,09:49:02,52534.9,52530,45,52536.25,30,0,224940
BANKNIFTY-II.NFO,08/11/2024,09:49:03,52534.9,52530,45,52535.15,75,0,224940
BANKNIFTY-II.NFO,08/11/2024,09:49:05,52520,52512.7,195,52526.35,75,60,224940
BANKNIFTY-II.NFO,08/11/2024,09:49:07,52512.7,52511.25,60,52525.95,15,15,224940
BANKNIFTY-II.NFO,08/11/2024,09:49:08,52512.7,52513.05,60,52528.7,60,0,224940
BANKNIFTY-II.NFO,08/11/2024,09:49:10,52512.7,52513.85,60,52528.8,60,0,224940
BANKNIFTY-II.NFO,08/11/2024,09:49:12,52512.7,52506.8,45,52521.8,75,0,224940
BANKNIFTY-II.NFO,08/11/2024,09:49:13,52512.7,52511.7,45,52525.8,15,0,224940
BANKNIFTY-II.NFO,08/11/2024,09:49:15,52512.7,52512.4,45,52526.3,15,0,224940
BANKNIFTY-II.NFO,08/11/2024,09:49:17,52512.7,52518.3,45,52530.1,15,0,224940
BANKNIFTY-II.NFO,08/11/2024,09:49:18,52512.7,52515.1,45,52529.95,60,0,224940
BANKNIFTY-II.NFO,08/11/2024,09:49:20,52512.7,52516.8,45,52530.1,15,0,224940
BANKNIFTY-II.NFO,08/11/2024,09:49:22,52512.7,52519.85,60,52530.1,15,0,224940
BANKNIFTY-II.NFO,08/11/2024,09:49:24,52512.7,52524.25,45,52530.1,15,0,224940
BANKNIFTY-II.NFO,08/11/2024,09:49:25,52512.7,52516.1,45,52530.05,15,0,224940
BANKNIFTY-II.NFO,08/11/2024,09:49:27,52512.7,52516.45,45,52530,15,0,224940
BANKNIFTY-II.NFO,08/11/2024,09:49:29,52528.05,52516.8,30,52530,15,30,224940
BANKNIFTY-II.NFO,08/11/2024,09:49:30,52528.05,52512.05,30,52527.25,75,0,224940
BANKNIFTY-II.NFO,08/11/2024,09:49:32,52528.05,52514,30,52529.8,75,0,224940
BANKNIFTY-II.NFO,08/11/2024,09:49:34,52528.05,52513.75,45,52529.4,60,0,224940
BANKNIFTY-II.NFO,08/11/2024,09:49:35,52528.05,52513.45,30,52528.7,60,0,224940
BANKNIFTY-II.NFO,08/11/2024,09:49:37,52528.05,52512,15,52523.85,60,0,224940
BANKNIFTY-II.NFO,08/11/2024,09:49:39,52528.05,52512.5,30,52528.45,60,0,224940
BANKNIFTY-II.NFO,08/11/2024,09:49:40,52528.05,52512.15,30,52527.5,60,0,224940
BANKNIFTY-II.NFO,08/11/2024,09:49:42,52528.05,52512,15,52521.4,60,0,224940
BANKNIFTY-II.NFO,08/11/2024,09:49:44,52528.05,52512,15,52522.1,30,0,224940
BANKNIFTY-II.NFO,08/11/2024,09:49:45,52528.05,52513.7,30,52528,15,0,224940
BANKNIFTY-II.NFO,08/11/2024,09:49:47,52528.05,52512.05,30,52526.05,60,0,224940
BANKNIFTY-II.NFO,08/11/2024,09:49:49,52510.3,52505.65,45,52522.35,75,30,224940
BANKNIFTY-II.NFO,08/11/2024,09:49:50,52510.3,52505.25,15,52520.5,60,0,224940
BANKNIFTY-II.NFO,08/11/2024,09:49:52,52510.3,52502.15,45,52519.45,60,0,224940
BANKNIFTY-II.NFO,08/11/2024,09:49:54,52510.3,52504.75,30,52520.15,60,0,224940
BANKNIFTY-II.NFO,08/11/2024,09:49:55,52510.3,52509.5,30,52523.7,15,0,224940
BANKNIFTY-II.NFO,08/11/2024,09:49:57,52510.3,52504.45,45,52520.6,30,0,224940
BANKNIFTY-II.NFO,08/11/2024,09:49:59,52510.3,52503.15,30,52510.3,15,0,224940
BANKNIFTY-II.NFO,08/11/2024,09:50:00,52510.3,52502.35,30,52510.3,15,0,224940
BANKNIFTY-II.NFO,08/11/2024,09:50:02,52510.3,52501.3,30,52510.3,15,0,224940
BANKNIFTY-II.NFO,08/11/2024,09:50:04,52510.3,52504.15,15,52510.3,15,0,224940
BANKNIFTY-II.NFO,08/11/2024,09:50:05,52510.3,52507,15,52521.1,30,15,224940
BANKNIFTY-II.NFO,08/11/2024,09:50:07,52510.3,52502.35,45,52516.75,75,0,224940
BANKNIFTY-II.NFO,08/11/2024,09:50:09,52510.3,52505.7,15,52520.65,60,0,224940
BANKNIFTY-II.NFO,08/11/2024,09:50:10,52510.3,52502.25,15,52516,30,0,224940
BANKNIFTY-II.NFO,08/11/2024,09:50:12,52510.3,52500,165,52512.75,60,0,224940
BANKNIFTY-II.NFO,08/11/2024,09:50:13,52513.4,52500.55,30,52516.95,60,30,224940
BANKNIFTY-II.NFO,08/11/2024,09:50:15,52513.4,52500.15,15,52515.6,75,0,224940
BANKNIFTY-II.NFO,08/11/2024,09:50:17,52513.4,52504.3,15,52518.95,75,0,224940
BANKNIFTY-II.NFO,08/11/2024,09:50:18,52513.4,52511.95,45,52525,15,0,224940
BANKNIFTY-II.NFO,08/11/2024,09:50:20,52513.4,52504.05,15,52519.95,60,0,224940
BANKNIFTY-II.NFO,08/11/2024,09:50:22,52513.4,52500,165,52512.15,75,0,224940
BANKNIFTY-II.NFO,08/11/2024,09:50:23,52513.4,52500,165,52506.3,75,0,224940
BANKNIFTY-II.NFO,08/11/2024,09:50:25,52514.95,52500,165,52505.2,60,405,224940
BANKNIFTY-II.NFO,08/11/2024,09:50:27,52500,52485,15,52494.35,60,165,224940
BANKNIFTY-II.NFO,08/11/2024,09:50:28,52500,52485,15,52496.8,45,0,224940
BANKNIFTY-II.NFO,08/11/2024,09:50:30,52500,52485,15,52490.25,45,0,224940
BANKNIFTY-II.NFO,08/11/2024,09:50:32,52500,52485,15,52492.6,60,0,224940
BANKNIFTY-II.NFO,08/11/2024,09:50:33,52500,52485,15,52494.45,60,0,224940
BANKNIFTY-II.NFO,08/11/2024,09:50:35,52500,52485,15,52495.2,60,0,224940
BANKNIFTY-II.NFO,08/11/2024,09:50:36,52500,52485,15,52491.8,90,0,224940
BANKNIFTY-II.NFO,08/11/2024,09:50:38,52500,52485,15,52491.3,45,0,224940
BANKNIFTY-II.NFO,08/11/2024,09:50:40,52492.55,52485,15,52493.9,30,30,224940
BANKNIFTY-II.NFO,08/11/2024,09:50:41,52492.55,52485,15,52492.5,30,0,224940
BANKNIFTY-II.NFO,08/11/2024,09:50:43,52492.55,52485,15,52491.05,30,0,224940
BANKNIFTY-II.NFO,08/11/2024,09:50:46,52472.9,52472.3,30,52487.5,60,405,224940
BANKNIFTY-II.NFO,08/11/2024,09:50:48,52472.9,52471.8,30,52486.8,60,0,224940
BANKNIFTY-II.NFO,08/11/2024,09:50:50,52472.9,52468.7,60,52485.65,60,0,224940
