Ticker,Date,Time,LTP,BuyPrice,BuyQty,SellPrice,SellQty,LTQ,OpenInterest
NIFTY-III.NFO,08/11/2024,09:15:01,24589.95,24574.1,100,24589.95,75,25,315350
NIFTY-III.NFO,08/11/2024,09:15:01,24589.95,24574.1,100,24589.95,75,0,315350
NIFTY-III.NFO,08/11/2024,09:15:01,24589.95,24574.1,100,24589.95,75,0,315350
NIFTY-III.NFO,08/11/2024,09:15:01,24589.95,24574.1,100,24589.95,75,0,315350
NIFTY-III.NFO,08/11/2024,09:15:02,24585.05,24574.15,100,24585.05,25,50,315350
NIFTY-III.NFO,08/11/2024,09:15:02,24585.05,24574.15,100,24585.05,25,0,315350
NIFTY-III.NFO,08/11/2024,09:15:04,24585.05,24574.9,100,24586.35,25,0,315350
NIFTY-III.NFO,08/11/2024,09:15:05,24558.8,24558.75,50,24580.15,100,200,315350
NIFTY-III.NFO,08/11/2024,09:15:05,24558.8,24558.75,50,24580.15,100,0,315350
NIFTY-III.NFO,08/11/2024,09:15:07,24560,24559.1,25,24571.2,50,25,315350
NIFTY-III.NFO,08/11/2024,09:15:08,24560,24563,150,24577.6,100,0,315350
NIFTY-III.NFO,08/11/2024,09:15:10,24560,24571.2,125,24585.45,100,0,315350
NIFTY-III.NFO,08/11/2024,09:15:12,24560,24572.4,125,24584.65,100,0,315350
NIFTY-III.NFO,08/11/2024,09:15:13,24560,24565.15,25,24581.05,100,0,315350
NIFTY-III.NFO,08/11/2024,09:15:15,24563.65,24563,150,24579.45,100,25,315350
NIFTY-III.NFO,08/11/2024,09:15:16,24563,24563,125,24574.45,100,25,315350
NIFTY-III.NFO,08/11/2024,09:15:18,24563,24563,125,24573,100,0,315350
NIFTY-III.NFO,08/11/2024,09:15:20,24563,24563,125,24569.7,150,0,315350
NIFTY-III.NFO,08/11/2024,09:15:21,24566.65,24560,75,24566.75,100,150,315350
NIFTY-III.NFO,08/11/2024,09:15:23,24550,24542.05,50,24556.75,100,375,315350
NIFTY-III.NFO,08/11/2024,09:15:23,24550,24542.05,50,24556.75,100,0,315350
NIFTY-III.NFO,08/11/2024,09:15:25,24550,24541.9,125,24561.45,100,0,315350
NIFTY-III.NFO,08/11/2024,09:15:26,24541.9,24540,25,24556.15,100,25,315350
NIFTY-III.NFO,08/11/2024,09:15:26,24541.9,24540,25,24556.15,100,0,315350
NIFTY-III.NFO,08/11/2024,09:15:28,24554.05,24540.05,75,24554.05,100,75,315350
NIFTY-III.NFO,08/11/2024,09:15:30,24554.05,24540.05,75,24548.65,100,0,315350
NIFTY-III.NFO,08/11/2024,09:15:31,24554.05,24540.05,75,24547.55,100,0,315350
NIFTY-III.NFO,08/11/2024,09:15:33,24554.05,24540.05,75,24547.95,100,0,315350
NIFTY-III.NFO,08/11/2024,09:15:35,24554.05,24540.05,75,24546.8,100,0,315350
NIFTY-III.NFO,08/11/2024,09:15:36,24554.05,24540,25,24545.4,100,0,315350
NIFTY-III.NFO,08/11/2024,09:15:38,24540,24538,250,24542.85,75,25,315625
NIFTY-III.NFO,08/11/2024,09:15:38,24540,24538,250,24542.85,75,0,315625
NIFTY-III.NFO,08/11/2024,09:15:39,24538,24538,125,24540.55,100,150,315625
NIFTY-III.NFO,08/11/2024,09:15:39,24538,24538,125,24540.55,100,0,315625
NIFTY-III.NFO,08/11/2024,09:15:41,24538,24523.65,100,24534.8,100,125,315625
NIFTY-III.NFO,08/11/2024,09:15:43,24534.7,24525.85,75,24536.3,75,25,315625
NIFTY-III.NFO,08/11/2024,09:15:43,24534.7,24525.85,75,24536.3,75,0,315625
NIFTY-III.NFO,08/11/2024,09:15:44,24534.7,24528.2,175,24537.1,75,0,315625
NIFTY-III.NFO,08/11/2024,09:15:46,24532.6,24524,100,24532.6,75,50,315625
NIFTY-III.NFO,08/11/2024,09:15:46,24532.6,24524,100,24532.6,75,0,315625
NIFTY-III.NFO,08/11/2024,09:15:48,24532.6,24522.4,100,24529.95,25,0,315625
NIFTY-III.NFO,08/11/2024,09:15:49,24524.05,24513.8,175,24524.1,125,25,315625
NIFTY-III.NFO,08/11/2024,09:15:49,24524.05,24513.8,175,24524.1,125,0,315625
NIFTY-III.NFO,08/11/2024,09:15:51,24513.8,24511.9,100,24522.6,125,25,315625
NIFTY-III.NFO,08/11/2024,09:15:51,24513.8,24511.9,100,24522.6,125,0,315625
NIFTY-III.NFO,08/11/2024,09:15:53,24513.8,24511.1,100,24520.5,125,0,315625
NIFTY-III.NFO,08/11/2024,09:15:54,24511.55,24511.55,100,24520.4,75,100,315625
NIFTY-III.NFO,08/11/2024,09:15:54,24511.55,24511.55,100,24520.4,75,0,315625
NIFTY-III.NFO,08/11/2024,09:15:56,24511.55,24511.55,175,24519.8,125,0,315625
NIFTY-III.NFO,08/11/2024,09:15:57,24511.55,24511.8,75,24520.8,50,150,315625
NIFTY-III.NFO,08/11/2024,09:15:59,24511.55,24513.35,75,24521.45,50,0,315625
NIFTY-III.NFO,08/11/2024,09:16:01,24520,24520,50,24522.6,25,75,315625
NIFTY-III.NFO,08/11/2024,09:16:02,24520,24515,100,24529,175,150,315625
NIFTY-III.NFO,08/11/2024,09:16:04,24524,24512.7,100,24522.85,150,50,315625
NIFTY-III.NFO,08/11/2024,09:16:06,24515,24511.7,100,24515,25,25,315625
NIFTY-III.NFO,08/11/2024,09:16:07,24515,24514.25,25,24522.6,50,25,315625
NIFTY-III.NFO,08/11/2024,09:16:09,24512.8,24512.05,50,24519.95,175,25,315625
NIFTY-III.NFO,08/11/2024,09:16:10,24512.8,24512.35,75,24522.35,100,0,315625
NIFTY-III.NFO,08/11/2024,09:16:12,24516.55,24515.6,75,24524.4,100,25,315625
NIFTY-III.NFO,08/11/2024,09:16:14,24516.55,24519.85,125,24529.95,100,0,315625
NIFTY-III.NFO,08/11/2024,09:16:15,24516.55,24518.95,75,24530.2,100,0,315625
NIFTY-III.NFO,08/11/2024,09:16:17,24516.55,24521,50,24531.2,100,0,315625
NIFTY-III.NFO,08/11/2024,09:16:19,24514.3,24521.1,50,24536.8,150,1000,315625
NIFTY-III.NFO,08/11/2024,09:16:20,24514.3,24523.8,50,24536.2,100,0,315625
NIFTY-III.NFO,08/11/2024,09:16:22,24520,24521.2,125,24536.85,100,25,315625
NIFTY-III.NFO,08/11/2024,09:16:24,24521.2,24520,250,24531.65,150,25,315625
NIFTY-III.NFO,08/11/2024,09:16:25,24521.2,24520.05,50,24532.8,100,0,315625
NIFTY-III.NFO,08/11/2024,09:16:27,24521.2,24521.65,125,24532.65,100,0,315625
NIFTY-III.NFO,08/11/2024,09:16:28,24521.2,24521.05,125,24533.55,100,0,315625
NIFTY-III.NFO,08/11/2024,09:16:30,24521.2,24520,275,24530.55,100,0,315625
NIFTY-III.NFO,08/11/2024,09:16:32,24521.2,24520.6,125,24532.7,150,0,315625
NIFTY-III.NFO,08/11/2024,09:16:33,24521.2,24520,275,24530.3,100,0,315625
NIFTY-III.NFO,08/11/2024,09:16:35,24520,24520,300,24527.95,175,25,315625
NIFTY-III.NFO,08/11/2024,09:16:37,24520,24516.55,25,24523.7,225,300,315625
NIFTY-III.NFO,08/11/2024,09:16:38,24523.05,24516.55,25,24522.45,100,50,315625
NIFTY-III.NFO,08/11/2024,09:16:40,24516.55,24514.1,25,24521.4,100,25,315625
NIFTY-III.NFO,08/11/2024,09:16:42,24516.55,24514.1,100,24521.7,100,0,315625
NIFTY-III.NFO,08/11/2024,09:16:43,24516.55,24514.1,25,24515,25,0,315625
NIFTY-III.NFO,08/11/2024,09:16:45,24516.55,24514.05,50,24515,25,0,315625
NIFTY-III.NFO,08/11/2024,09:16:46,24514.05,24511,25,24515,100,50,315625
NIFTY-III.NFO,08/11/2024,09:16:48,24511,24506.4,25,24513.6,75,25,315625
NIFTY-III.NFO,08/11/2024,09:16:48,24511,24506.4,25,24513.6,75,0,315625
NIFTY-III.NFO,08/11/2024,09:16:50,24511,24503.05,25,24511.7,100,0,315625
NIFTY-III.NFO,08/11/2024,09:16:51,24511,24506.85,100,24514.95,100,0,315625
NIFTY-III.NFO,08/11/2024,09:16:53,24503.05,24503,425,24510.85,75,50,315625
NIFTY-III.NFO,08/11/2024,09:16:53,24503.05,24503,425,24510.85,75,0,315625
NIFTY-III.NFO,08/11/2024,09:16:55,24503.05,24506.5,200,24514.95,100,0,315625
NIFTY-III.NFO,08/11/2024,09:16:56,24503.05,24505.2,25,24510.4,250,0,315625
NIFTY-III.NFO,08/11/2024,09:16:58,24510.7,24505.2,100,24513,225,125,315625
NIFTY-III.NFO,08/11/2024,09:16:59,24510.4,24505.2,25,24510.65,100,200,315625
NIFTY-III.NFO,08/11/2024,09:17:01,24503.05,24503,250,24503.05,50,150,315625
NIFTY-III.NFO,08/11/2024,09:17:03,24503,24501,25,24503,100,250,315625
NIFTY-III.NFO,08/11/2024,09:17:03,24503,24501,25,24503,100,0,315625
NIFTY-III.NFO,08/11/2024,09:17:04,24500,24492.55,25,24499.9,25,275,315625
NIFTY-III.NFO,08/11/2024,09:17:04,24500,24492.55,25,24499.9,25,0,315625
NIFTY-III.NFO,08/11/2024,09:17:06,24499.9,24496.45,25,24503,100,25,315625
NIFTY-III.NFO,08/11/2024,09:17:06,24499.9,24496.45,25,24503,100,0,315625
NIFTY-III.NFO,08/11/2024,09:17:08,24499.9,24495.35,25,24503,25,0,315625
NIFTY-III.NFO,08/11/2024,09:17:09,24499.9,24496.9,100,24503,25,0,315625
NIFTY-III.NFO,08/11/2024,09:17:11,24499.9,24500,250,24503,25,0,315625
NIFTY-III.NFO,08/11/2024,09:17:12,24503,24500,225,24503.05,75,75,315625
NIFTY-III.NFO,08/11/2024,09:17:14,24500,24500,200,24503.05,150,25,315625
NIFTY-III.NFO,08/11/2024,09:17:16,24500,24500,200,24503,75,0,315625
NIFTY-III.NFO,08/11/2024,09:17:17,24500,24499.9,25,24500,75,225,315625
NIFTY-III.NFO,08/11/2024,09:17:19,24491.55,24490.2,50,24499.85,150,75,315625
NIFTY-III.NFO,08/11/2024,09:17:19,24491.55,24490.2,50,24499.85,150,0,315625
NIFTY-III.NFO,08/11/2024,09:17:21,24490,24488.8,75,24490,1100,200,315625
NIFTY-III.NFO,08/11/2024,09:17:21,24490,24488.8,75,24490,1100,0,315625
NIFTY-III.NFO,08/11/2024,09:17:22,24490,24489.45,50,24496.8,25,1100,315625
NIFTY-III.NFO,08/11/2024,09:17:24,24499.85,24489.5,25,24498.35,100,50,315625
NIFTY-III.NFO,08/11/2024,09:17:25,24499.85,24488.25,25,24498.85,100,0,315625
NIFTY-III.NFO,08/11/2024,09:17:29,24499.85,24488.85,25,24499.35,150,0,315625
NIFTY-III.NFO,08/11/2024,09:17:30,24490,24489.35,50,24498.75,100,50,315625
NIFTY-III.NFO,08/11/2024,09:17:32,24499.85,24487.7,25,24491,25,125,315625
NIFTY-III.NFO,08/11/2024,09:17:32,24489.35,24487.7,25,24491,25,0,315625
NIFTY-III.NFO,08/11/2024,09:17:34,24490,24483.55,75,24491,25,25,315625
NIFTY-III.NFO,08/11/2024,09:17:35,24490,24480.75,75,24489.45,225,0,315625
NIFTY-III.NFO,08/11/2024,09:17:37,24488.8,24483.55,50,24490.95,100,25,315625
NIFTY-III.NFO,08/11/2024,09:17:37,24488.8,24483.55,50,24490.95,100,0,315625
NIFTY-III.NFO,08/11/2024,09:17:38,24488.8,24483.55,100,24490,125,0,315625
NIFTY-III.NFO,08/11/2024,09:17:40,24488.8,24484.45,50,24490,50,0,315625
NIFTY-III.NFO,08/11/2024,09:17:42,24490,24485.15,125,24490,25,25,315625
NIFTY-III.NFO,08/11/2024,09:17:43,24490,24485.7,50,24490,25,0,315625
NIFTY-III.NFO,08/11/2024,09:17:45,24490,24486,100,24490,25,0,315625
NIFTY-III.NFO,08/11/2024,09:17:47,24491,24491.2,50,24499.35,100,50,315625
NIFTY-III.NFO,08/11/2024,09:17:48,24491,24493.6,50,24500,50,0,315625
NIFTY-III.NFO,08/11/2024,09:17:50,24491,24495.05,125,24500,50,0,315625
NIFTY-III.NFO,08/11/2024,09:17:52,24495.75,24495.75,25,24500,50,25,315625
NIFTY-III.NFO,08/11/2024,09:17:53,24496.85,24496.8,125,24503.05,25,75,315625
NIFTY-III.NFO,08/11/2024,09:17:55,24496.85,24497.45,75,24503.05,25,0,315625
NIFTY-III.NFO,08/11/2024,09:17:57,24497.5,24497.45,50,24504.95,100,75,315625
NIFTY-III.NFO,08/11/2024,09:17:58,24505.95,24499.25,100,24507.65,150,250,315625
NIFTY-III.NFO,08/11/2024,09:18:00,24507.45,24500.55,125,24509.8,125,100,315625
NIFTY-III.NFO,08/11/2024,09:18:01,24501.15,24500.7,75,24509,50,50,315625
NIFTY-III.NFO,08/11/2024,09:18:03,24501.15,24500.7,75,24508.9,125,0,315625
NIFTY-III.NFO,08/11/2024,09:18:05,24501.15,24498.55,75,24508.45,125,0,315625
NIFTY-III.NFO,08/11/2024,09:18:06,24505,24496.85,25,24504.35,125,100,315625
NIFTY-III.NFO,08/11/2024,09:18:08,24505,24496.85,100,24504.2,75,0,315625
NIFTY-III.NFO,08/11/2024,09:18:10,24500,24496.85,25,24500,150,25,315625
NIFTY-III.NFO,08/11/2024,09:18:11,24500,24496.85,25,24500,150,0,315625
NIFTY-III.NFO,08/11/2024,09:18:13,24500,24496.85,25,24500,75,0,315625
NIFTY-III.NFO,08/11/2024,09:18:15,24500,24497.1,100,24500,75,0,315625
NIFTY-III.NFO,08/11/2024,09:18:17,24500,24498.9,175,24500,25,50,315625
NIFTY-III.NFO,08/11/2024,09:18:19,24500,24505,175,24510.7,25,25,315625
NIFTY-III.NFO,08/11/2024,09:18:20,24500,24505,100,24508,50,0,315625
NIFTY-III.NFO,08/11/2024,09:18:22,24500,24505,100,24505.95,50,0,315625
NIFTY-III.NFO,08/11/2024,09:18:24,24505,24505,50,24510.15,50,50,315625
NIFTY-III.NFO,08/11/2024,09:18:25,24505,24505,25,24509.95,125,25,315625
NIFTY-III.NFO,08/11/2024,09:18:27,24505,24505,25,24509.75,50,0,315625
NIFTY-III.NFO,08/11/2024,09:18:29,24509.1,24505,25,24509.15,75,50,315625
NIFTY-III.NFO,08/11/2024,09:18:30,24509.1,24505,25,24509,75,0,315625
NIFTY-III.NFO,08/11/2024,09:18:32,24505,24502,25,24508.75,50,25,315625
NIFTY-III.NFO,08/11/2024,09:18:34,24505,24502,25,24508.35,25,0,315625
NIFTY-III.NFO,08/11/2024,09:18:35,24505,24502,100,24510.5,50,0,315625
NIFTY-III.NFO,08/11/2024,09:18:37,24505,24503.5,75,24510.65,125,0,315625
NIFTY-III.NFO,08/11/2024,09:18:39,24507.75,24502.05,50,24510.4,50,25,316300
NIFTY-III.NFO,08/11/2024,09:18:40,24507.75,24502.25,150,24510.05,125,0,316300
NIFTY-III.NFO,08/11/2024,09:18:42,24507.75,24502.5,150,24510,25,0,316300
NIFTY-III.NFO,08/11/2024,09:18:44,24507.75,24502.6,175,24510.05,200,0,316300
NIFTY-III.NFO,08/11/2024,09:18:45,24502.25,24502.05,100,24502.25,75,25,316300
NIFTY-III.NFO,08/11/2024,09:18:47,24502.25,24502.05,175,24502.25,75,0,316300
NIFTY-III.NFO,08/11/2024,09:18:49,24502.25,24504.5,150,24510.65,125,75,316300
NIFTY-III.NFO,08/11/2024,09:18:50,24502.25,24502.05,175,24510.5,125,0,316300
NIFTY-III.NFO,08/11/2024,09:18:52,24502.25,24502,25,24502.25,250,0,316300
NIFTY-III.NFO,08/11/2024,09:18:54,24502,24501.3,25,24502.25,250,25,316300
NIFTY-III.NFO,08/11/2024,09:18:55,24502,24501.3,25,24502.25,250,0,316300
NIFTY-III.NFO,08/11/2024,09:18:57,24505.25,24501.3,25,24507.6,50,275,316300
NIFTY-III.NFO,08/11/2024,09:18:59,24507.75,24501.3,25,24507.75,550,25,316300
NIFTY-III.NFO,08/11/2024,09:19:00,24507.75,24501.3,25,24506.4,100,0,316300
NIFTY-III.NFO,08/11/2024,09:19:02,24507.75,24501.3,25,24507,100,0,316300
NIFTY-III.NFO,08/11/2024,09:19:05,24507.75,24501.35,100,24507,25,0,316300
NIFTY-III.NFO,08/11/2024,09:19:07,24507.75,24501,25,24505.5,50,0,316300
NIFTY-III.NFO,08/11/2024,09:19:09,24507.75,24501,25,24504.3,75,0,316300
NIFTY-III.NFO,08/11/2024,09:19:10,24507.75,24501,25,24505.25,50,0,316300
NIFTY-III.NFO,08/11/2024,09:19:12,24501,24500,300,24502.45,200,25,316300
NIFTY-III.NFO,08/11/2024,09:19:14,24501,24500,300,24503.65,50,0,316300
NIFTY-III.NFO,08/11/2024,09:19:16,24499.75,24496.05,25,24499.45,150,325,316300
NIFTY-III.NFO,08/11/2024,09:19:17,24499.75,24496.05,25,24500.55,125,0,316300
NIFTY-III.NFO,08/11/2024,09:19:19,24499.75,24496.05,25,24500,425,0,316300
NIFTY-III.NFO,08/11/2024,09:19:21,24499.75,24496.05,25,24498.2,75,0,316300
NIFTY-III.NFO,08/11/2024,09:19:22,24491.15,24491.05,175,24499.9,75,50,316300
NIFTY-III.NFO,08/11/2024,09:19:24,24491.15,24491,25,24495.8,100,0,316300
NIFTY-III.NFO,08/11/2024,09:19:26,24491.15,24491,25,24495.8,150,0,316300
NIFTY-III.NFO,08/11/2024,09:19:27,24488,24488,25,24492.05,75,425,316300
NIFTY-III.NFO,08/11/2024,09:19:27,24488,24488,25,24492.05,75,0,316300
NIFTY-III.NFO,08/11/2024,09:19:29,24488,24488,25,24493.55,25,0,316300
NIFTY-III.NFO,08/11/2024,09:19:31,24488,24488,25,24494.5,150,0,316300
NIFTY-III.NFO,08/11/2024,09:19:32,24486.2,24483.55,150,24492.55,150,300,316300
NIFTY-III.NFO,08/11/2024,09:19:32,24486.2,24483.55,150,24492.55,150,0,316300
NIFTY-III.NFO,08/11/2024,09:19:34,24486.2,24487.75,75,24495.5,100,0,316300
NIFTY-III.NFO,08/11/2024,09:19:36,24495.5,24486.3,175,24494.65,150,25,316300
NIFTY-III.NFO,08/11/2024,09:19:37,24486.3,24485,25,24492.4,150,25,316300
NIFTY-III.NFO,08/11/2024,09:19:39,24486.3,24485,25,24488.55,250,0,316300
NIFTY-III.NFO,08/11/2024,09:19:41,24486.3,24486.3,50,24488.9,175,0,316300
NIFTY-III.NFO,08/11/2024,09:19:42,24486.3,24486.35,75,24492.95,100,0,316300
NIFTY-III.NFO,08/11/2024,09:19:44,24486,24486,50,24486.3,75,175,316300
NIFTY-III.NFO,08/11/2024,09:19:44,24486,24486,50,24486.3,75,0,316300
NIFTY-III.NFO,08/11/2024,09:19:46,24486.3,24486.15,125,24497.75,225,75,316300
NIFTY-III.NFO,08/11/2024,09:19:47,24486.3,24487.15,50,24497.4,150,0,316300
NIFTY-III.NFO,08/11/2024,09:19:49,24487.15,24487.1,75,24496.35,225,25,316300
NIFTY-III.NFO,08/11/2024,09:19:51,24487.15,24487.1,75,24496.35,225,0,316300
NIFTY-III.NFO,08/11/2024,09:19:52,24494.6,24486.6,100,24494.55,225,50,316300
NIFTY-III.NFO,08/11/2024,09:19:54,24494.6,24487.1,150,24495.5,150,0,316300
NIFTY-III.NFO,08/11/2024,09:19:56,24494.6,24488.55,25,24496.75,150,0,316300
NIFTY-III.NFO,08/11/2024,09:19:57,24494.6,24489.75,100,24498.35,225,0,316300
NIFTY-III.NFO,08/11/2024,09:19:59,24494.6,24488,100,24497,150,0,316300
NIFTY-III.NFO,08/11/2024,09:20:01,24494.6,24486.9,100,24491.45,150,0,316300
NIFTY-III.NFO,08/11/2024,09:20:02,24478,24478,25,24479.1,25,650,316300
NIFTY-III.NFO,08/11/2024,09:20:02,24478,24478,25,24479.1,25,0,316300
NIFTY-III.NFO,08/11/2024,09:20:04,24474.05,24474.35,150,24482.6,175,50,316300
NIFTY-III.NFO,08/11/2024,09:20:04,24474.05,24474.35,150,24482.6,175,0,316300
NIFTY-III.NFO,08/11/2024,09:20:06,24475,24473.75,125,24485.1,50,75,316300
NIFTY-III.NFO,08/11/2024,09:20:07,24475,24482,25,24485.05,75,0,316300
NIFTY-III.NFO,08/11/2024,09:20:09,24475,24482,25,24485.95,175,0,316300
NIFTY-III.NFO,08/11/2024,09:20:11,24482,24473.45,50,24482.4,125,25,316300
NIFTY-III.NFO,08/11/2024,09:20:13,24482,24473.7,50,24478,200,0,316300
NIFTY-III.NFO,08/11/2024,09:20:14,24475.1,24475.1,25,24478,200,50,316300
NIFTY-III.NFO,08/11/2024,09:20:16,24475.1,24472.25,125,24478,200,0,316300
NIFTY-III.NFO,08/11/2024,09:20:17,24475.1,24471.05,125,24478,200,0,316300
NIFTY-III.NFO,08/11/2024,09:20:19,24475.1,24471.05,125,24477.55,75,0,316300
NIFTY-III.NFO,08/11/2024,09:20:21,24475.1,24475.1,100,24477.55,175,0,316300
NIFTY-III.NFO,08/11/2024,09:20:22,24475.1,24475.1,25,24476.85,100,100,316300
NIFTY-III.NFO,08/11/2024,09:20:24,24470,24470,25,24476.35,100,150,316300
NIFTY-III.NFO,08/11/2024,09:20:24,24470,24470,25,24476.35,100,0,316300
NIFTY-III.NFO,08/11/2024,09:20:26,24470,24470.05,150,24477.4,175,0,316300
NIFTY-III.NFO,08/11/2024,09:20:27,24470.05,24470,50,24476.6,150,50,316300
NIFTY-III.NFO,08/11/2024,09:20:29,24470,24470,50,24475.85,100,25,316300
NIFTY-III.NFO,08/11/2024,09:20:31,24470,24470,25,24475.7,125,175,316300
NIFTY-III.NFO,08/11/2024,09:20:32,24470,24470.05,100,24477.95,75,0,316300
NIFTY-III.NFO,08/11/2024,09:20:34,24470,24470,25,24476.9,150,0,316300
NIFTY-III.NFO,08/11/2024,09:20:36,24470,24470.05,175,24477.85,150,0,316300
NIFTY-III.NFO,08/11/2024,09:20:39,24466.5,24466.6,25,24474.1,125,1050,316300
NIFTY-III.NFO,08/11/2024,09:20:39,24465.35,24466.6,25,24474.1,125,0,316300
NIFTY-III.NFO,08/11/2024,09:20:41,24466.5,24468.6,25,24470,100,0,316300
NIFTY-III.NFO,08/11/2024,09:20:42,24470,24458.35,50,24469.65,50,25,316300
NIFTY-III.NFO,08/11/2024,09:20:44,24469.25,24466.05,25,24470,75,50,316300
NIFTY-III.NFO,08/11/2024,09:20:44,24462.2,24466.05,25,24470,75,0,316300
NIFTY-III.NFO,08/11/2024,09:20:46,24469.25,24466.05,25,24470,75,0,316300
NIFTY-III.NFO,08/11/2024,09:20:47,24469.25,24466.05,25,24470,550,0,316300
NIFTY-III.NFO,08/11/2024,09:20:51,24466.05,24465.75,25,24470,550,25,316300
NIFTY-III.NFO,08/11/2024,09:20:52,24465.75,24466.15,125,24470,475,125,316300
NIFTY-III.NFO,08/11/2024,09:20:54,24465.75,24465.2,125,24470,475,0,316300
NIFTY-III.NFO,08/11/2024,09:20:56,24465.75,24462.75,125,24470,475,0,316300
NIFTY-III.NFO,08/11/2024,09:20:57,24465.75,24462.6,125,24469.95,100,0,316300
NIFTY-III.NFO,08/11/2024,09:20:59,24470,24463.3,50,24470,375,100,316300
NIFTY-III.NFO,08/11/2024,09:21:01,24470,24465.75,1000,24469.95,100,0,316300
NIFTY-III.NFO,08/11/2024,09:21:02,24470,24465.75,1000,24470,375,0,316300
NIFTY-III.NFO,08/11/2024,09:21:04,24470,24466.5,50,24470,375,0,316300
NIFTY-III.NFO,08/11/2024,09:21:06,24465.75,24468.4,125,24470,275,175,316300
NIFTY-III.NFO,08/11/2024,09:21:07,24479.95,24477,25,24480,500,300,316300
NIFTY-III.NFO,08/11/2024,09:21:09,24479.95,24475.25,50,24480,500,25,316300
NIFTY-III.NFO,08/11/2024,09:21:11,24479.95,24477.75,50,24480,525,0,316300
NIFTY-III.NFO,08/11/2024,09:21:12,24480,24480,400,24481.95,175,525,316300
NIFTY-III.NFO,08/11/2024,09:21:14,24480,24480,375,24482,25,25,316300
NIFTY-III.NFO,08/11/2024,09:21:16,24480,24480.05,50,24482,25,0,316300
NIFTY-III.NFO,08/11/2024,09:21:17,24488.9,24480.35,50,24488.55,175,75,316300
NIFTY-III.NFO,08/11/2024,09:21:19,24488.9,24488.9,50,24490.3,100,0,316300
NIFTY-III.NFO,08/11/2024,09:21:21,24491.6,24488.9,50,24491.95,150,25,316300
NIFTY-III.NFO,08/11/2024,09:21:22,24492.6,24488.9,50,24492.2,25,375,316300
NIFTY-III.NFO,08/11/2024,09:21:24,24492.6,24490.65,100,24494.6,25,0,316300
NIFTY-III.NFO,08/11/2024,09:21:26,24494.6,24491.95,100,24499.65,50,25,316300
NIFTY-III.NFO,08/11/2024,09:21:27,24494.6,24491.95,25,24499.7,125,0,316300
NIFTY-III.NFO,08/11/2024,09:21:29,24494.6,24491.95,25,24499.25,125,0,316300
NIFTY-III.NFO,08/11/2024,09:21:31,24499,24491.95,25,24499.1,50,50,316300
NIFTY-III.NFO,08/11/2024,09:21:32,24499,24491.95,25,24494.6,250,0,316300
NIFTY-III.NFO,08/11/2024,09:21:36,24494.6,24491.95,25,24494.6,225,25,316300
NIFTY-III.NFO,08/11/2024,09:21:37,24494.6,24491.95,25,24494.6,175,50,317925
NIFTY-III.NFO,08/11/2024,09:21:39,24494.6,24494,375,24494.6,175,0,317925
NIFTY-III.NFO,08/11/2024,09:21:41,24494.6,24494,425,24494.6,25,150,317925
NIFTY-III.NFO,08/11/2024,09:21:42,24494.6,24494,425,24494.6,25,0,317925
NIFTY-III.NFO,08/11/2024,09:21:44,24491.95,24480.3,125,24489.7,250,1450,317925
NIFTY-III.NFO,08/11/2024,09:21:46,24489.35,24480.8,125,24490.8,200,50,317925
NIFTY-III.NFO,08/11/2024,09:21:47,24489.35,24480,50,24488.55,250,0,317925
NIFTY-III.NFO,08/11/2024,09:21:49,24487.4,24480.05,125,24487.4,75,25,317925
NIFTY-III.NFO,08/11/2024,09:21:51,24487.4,24480,50,24488.5,200,25,317925
NIFTY-III.NFO,08/11/2024,09:21:52,24480.65,24480.05,125,24488.8,50,25,317925
NIFTY-III.NFO,08/11/2024,09:21:54,24480.65,24480.55,125,24489.9,50,0,317925
NIFTY-III.NFO,08/11/2024,09:21:56,24489.9,24480,50,24481.55,25,25,317925
NIFTY-III.NFO,08/11/2024,09:21:57,24489.9,24480,50,24481.55,25,0,317925
NIFTY-III.NFO,08/11/2024,09:22:01,24485.6,24481.55,125,24490,150,150,317925
NIFTY-III.NFO,08/11/2024,09:22:02,24485.6,24482.25,225,24489.95,150,0,317925
NIFTY-III.NFO,08/11/2024,09:22:04,24485.6,24484.95,225,24490,25,0,317925
NIFTY-III.NFO,08/11/2024,09:22:06,24485.15,24482.6,100,24489.9,100,100,317925
NIFTY-III.NFO,08/11/2024,09:22:07,24490,24487.1,175,24494.55,100,25,317925
NIFTY-III.NFO,08/11/2024,09:22:09,24490,24486.4,225,24494.55,225,0,317925
NIFTY-III.NFO,08/11/2024,09:22:11,24490,24483.6,150,24492,150,0,317925
NIFTY-III.NFO,08/11/2024,09:22:12,24490,24485.55,225,24493.55,175,0,317925
NIFTY-III.NFO,08/11/2024,09:22:14,24490,24485.2,150,24493.55,100,0,317925
NIFTY-III.NFO,08/11/2024,09:22:16,24490,24483.9,100,24492.3,150,0,317925
NIFTY-III.NFO,08/11/2024,09:22:17,24490,24483.75,175,24492,225,0,317925
NIFTY-III.NFO,08/11/2024,09:22:19,24490,24483.9,225,24492.4,150,0,317925
NIFTY-III.NFO,08/11/2024,09:22:21,24490,24485.05,175,24492.75,175,0,317925
NIFTY-III.NFO,08/11/2024,09:22:22,24490,24481.85,150,24490.55,150,0,317925
NIFTY-III.NFO,08/11/2024,09:22:24,24490,24483.25,175,24491.2,225,0,317925
NIFTY-III.NFO,08/11/2024,09:22:26,24490,24483.55,175,24492.45,150,0,317925
NIFTY-III.NFO,08/11/2024,09:22:27,24490,24482.6,100,24491.6,225,0,317925
NIFTY-III.NFO,08/11/2024,09:22:29,24490,24483.5,175,24491.6,250,0,317925
NIFTY-III.NFO,08/11/2024,09:22:31,24490,24484.3,175,24492.35,225,0,317925
NIFTY-III.NFO,08/11/2024,09:22:32,24489,24483.05,175,24489,125,25,317925
NIFTY-III.NFO,08/11/2024,09:22:34,24489,24483.35,175,24489,125,0,317925
NIFTY-III.NFO,08/11/2024,09:22:36,24489,24481.95,175,24489,125,0,317925
NIFTY-III.NFO,08/11/2024,09:22:37,24488.65,24480.9,150,24488.65,150,25,317925
NIFTY-III.NFO,08/11/2024,09:22:39,24488.95,24480,25,24486,100,50,317925
NIFTY-III.NFO,08/11/2024,09:22:41,24479.95,24472.5,100,24478.3,75,50,317925
NIFTY-III.NFO,08/11/2024,09:22:43,24471.6,24474.2,75,24480.75,75,125,317925
NIFTY-III.NFO,08/11/2024,09:22:44,24471.6,24474.6,150,24483.3,150,0,317925
NIFTY-III.NFO,08/11/2024,09:22:46,24471.6,24475,25,24479.95,25,0,317925
NIFTY-III.NFO,08/11/2024,09:22:48,24471.6,24474.1,150,24479.95,25,0,317925
NIFTY-III.NFO,08/11/2024,09:22:49,24471.6,24473,150,24479.95,25,0,317925
NIFTY-III.NFO,08/11/2024,09:22:51,24473,24473.05,50,24479.95,25,100,317925
NIFTY-III.NFO,08/11/2024,09:22:53,24473,24473.05,50,24479.95,25,0,317925
NIFTY-III.NFO,08/11/2024,09:22:54,24473,24473.85,50,24479.95,25,0,317925
NIFTY-III.NFO,08/11/2024,09:22:56,24479.95,24479.95,50,24483.65,175,50,317925
NIFTY-III.NFO,08/11/2024,09:22:58,24473.4,24473.45,125,24480.7,75,75,317925
NIFTY-III.NFO,08/11/2024,09:22:59,24473.4,24479.95,25,24483.45,100,0,317925
NIFTY-III.NFO,08/11/2024,09:23:01,24473.4,24479.95,25,24483.5,175,0,317925
NIFTY-III.NFO,08/11/2024,09:23:03,24479.95,24473.45,125,24483.4,150,25,317925
NIFTY-III.NFO,08/11/2024,09:23:04,24479.95,24474.85,50,24484.7,100,0,317925
NIFTY-III.NFO,08/11/2024,09:23:06,24476.95,24474.85,50,24484.75,150,25,317925
NIFTY-III.NFO,08/11/2024,09:23:08,24474.85,24477.25,125,24485.05,150,25,317925
NIFTY-III.NFO,08/11/2024,09:23:09,24474.85,24477.25,125,24485.95,175,0,317925
NIFTY-III.NFO,08/11/2024,09:23:11,24474.85,24478.65,50,24485.8,75,0,317925
NIFTY-III.NFO,08/11/2024,09:23:13,24474.85,24478.6,75,24485.65,75,0,317925
NIFTY-III.NFO,08/11/2024,09:23:14,24474.85,24479.95,125,24488,75,0,317925
NIFTY-III.NFO,08/11/2024,09:23:16,24474.85,24477.45,125,24485.7,150,0,317925
NIFTY-III.NFO,08/11/2024,09:23:17,24474.85,24475.55,125,24483.7,100,0,317925
NIFTY-III.NFO,08/11/2024,09:23:19,24474.85,24476.2,75,24480,125,0,317925
NIFTY-III.NFO,08/11/2024,09:23:21,24480,24475.9,50,24480,100,75,317925
NIFTY-III.NFO,08/11/2024,09:23:22,24480,24473.55,50,24480,75,25,317925
NIFTY-III.NFO,08/11/2024,09:23:24,24480,24476.35,75,24480,50,25,317925
NIFTY-III.NFO,08/11/2024,09:23:26,24480,24479.85,125,24480,25,25,317925
NIFTY-III.NFO,08/11/2024,09:23:27,24480,24480.95,125,24486,25,25,317925
NIFTY-III.NFO,08/11/2024,09:23:29,24480,24480.95,50,24486,25,0,317925
NIFTY-III.NFO,08/11/2024,09:23:31,24486,24480.05,125,24488.7,175,25,317925
NIFTY-III.NFO,08/11/2024,09:23:32,24486,24480.05,125,24488.4,175,0,317925
NIFTY-III.NFO,08/11/2024,09:23:34,24487,24481.5,50,24490,225,50,317925
NIFTY-III.NFO,08/11/2024,09:23:36,24489.8,24480.55,150,24488.5,225,25,317925
NIFTY-III.NFO,08/11/2024,09:23:37,24486,24479,75,24488.3,100,25,317925
NIFTY-III.NFO,08/11/2024,09:23:39,24486,24481.9,50,24490.05,225,0,317925
NIFTY-III.NFO,08/11/2024,09:23:41,24481.2,24480.4,75,24488.45,225,25,317925
NIFTY-III.NFO,08/11/2024,09:23:42,24481.2,24486,25,24489.15,100,0,317925
NIFTY-III.NFO,08/11/2024,09:23:44,24481.2,24486,25,24491.3,100,0,317925
NIFTY-III.NFO,08/11/2024,09:23:46,24493.2,24486,25,24492.45,50,1300,317925
NIFTY-III.NFO,08/11/2024,09:23:47,24493.2,24486,25,24492.65,25,0,317925
NIFTY-III.NFO,08/11/2024,09:23:49,24493.2,24486,25,24490.15,25,0,317925
NIFTY-III.NFO,08/11/2024,09:23:51,24493.2,24486,25,24490.75,50,0,317925
NIFTY-III.NFO,08/11/2024,09:23:54,24493.2,24486,25,24490.1,50,0,317925
NIFTY-III.NFO,08/11/2024,09:23:56,24493.2,24486,25,24489.7,50,0,317925
NIFTY-III.NFO,08/11/2024,09:23:57,24493.2,24486,25,24492.1,50,0,317925
NIFTY-III.NFO,08/11/2024,09:23:59,24493.2,24486,25,24491.1,50,0,317925
NIFTY-III.NFO,08/11/2024,09:24:01,24486,24475,75,24484.75,125,25,317925
NIFTY-III.NFO,08/11/2024,09:24:02,24486,24475,75,24480.15,75,0,317925
NIFTY-III.NFO,08/11/2024,09:24:04,24486,24475.15,125,24482.25,75,0,317925
NIFTY-III.NFO,08/11/2024,09:24:06,24480,24476.75,125,24482.95,75,25,317925
NIFTY-III.NFO,08/11/2024,09:24:07,24480,24475.25,125,24482.8,75,0,317925
NIFTY-III.NFO,08/11/2024,09:24:09,24480,24475.9,50,24482.8,75,0,317925
NIFTY-III.NFO,08/11/2024,09:24:11,24480,24476.4,100,24482.8,75,0,317925
NIFTY-III.NFO,08/11/2024,09:24:12,24480,24481.3,100,24489.45,50,0,317925
NIFTY-III.NFO,08/11/2024,09:24:14,24480,24484.4,125,24490.75,75,0,317925
NIFTY-III.NFO,08/11/2024,09:24:16,24482.95,24482.5,225,24489.8,75,50,317925
NIFTY-III.NFO,08/11/2024,09:24:18,24482.95,24483.6,75,24489.8,75,0,317925
NIFTY-III.NFO,08/11/2024,09:24:19,24482.95,24482.6,225,24489.8,75,0,317925
NIFTY-III.NFO,08/11/2024,09:24:21,24482.95,24484.15,175,24489.8,75,0,317925
NIFTY-III.NFO,08/11/2024,09:24:23,24482.95,24488.2,225,24492,25,0,317925
NIFTY-III.NFO,08/11/2024,09:24:24,24488.3,24487.2,150,24492,25,25,317925
NIFTY-III.NFO,08/11/2024,09:24:26,24488.3,24487.55,175,24492,25,0,317925
NIFTY-III.NFO,08/11/2024,09:24:27,24488.3,24489.8,50,24492,25,0,317925
NIFTY-III.NFO,08/11/2024,09:24:31,24488.3,24489.95,100,24492,25,0,317925
NIFTY-III.NFO,08/11/2024,09:24:32,24492,24492.3,100,24493.2,25,25,317925
NIFTY-III.NFO,08/11/2024,09:24:34,24492,24490.5,175,24493.2,25,0,317925
NIFTY-III.NFO,08/11/2024,09:24:36,24490.05,24489.9,75,24493.2,25,25,317925
NIFTY-III.NFO,08/11/2024,09:24:37,24490.05,24489.85,100,24493.2,25,0,317925
NIFTY-III.NFO,08/11/2024,09:24:39,24490.05,24490,175,24493.2,25,0,317925
NIFTY-III.NFO,08/11/2024,09:24:41,24490.05,24489.8,50,24493.2,25,0,317925
NIFTY-III.NFO,08/11/2024,09:24:42,24494.55,24490.9,25,24494.6,25,50,317650
NIFTY-III.NFO,08/11/2024,09:24:44,24495,24490.9,25,24494.7,125,75,317650
NIFTY-III.NFO,08/11/2024,09:24:46,24495,24490.9,25,24494.1,50,0,317650
NIFTY-III.NFO,08/11/2024,09:24:47,24495,24490.9,25,24494.55,50,0,317650
NIFTY-III.NFO,08/11/2024,09:24:49,24495,24489.35,100,24495,25,0,317650
NIFTY-III.NFO,08/11/2024,09:24:51,24495,24489.3,100,24495.55,25,50,317650
NIFTY-III.NFO,08/11/2024,09:24:52,24495,24489.3,100,24495.1,25,0,317650
NIFTY-III.NFO,08/11/2024,09:24:54,24495,24489.3,100,24495.45,175,100,317650
NIFTY-III.NFO,08/11/2024,09:24:56,24495,24489.65,50,24497.05,125,0,317650
NIFTY-III.NFO,08/11/2024,09:24:57,24495,24489.35,50,24495.7,125,0,317650
NIFTY-III.NFO,08/11/2024,09:24:59,24495,24490.1,150,24495,275,0,317650
NIFTY-III.NFO,08/11/2024,09:25:01,24495,24493.25,175,24500,50,275,317650
NIFTY-III.NFO,08/11/2024,09:25:02,24500,24497.65,175,24500,25,25,317650
NIFTY-III.NFO,08/11/2024,09:25:04,24497.65,24495.25,175,24500,25,25,317650
NIFTY-III.NFO,08/11/2024,09:25:06,24497.65,24497.35,150,24500,50,0,317650
NIFTY-III.NFO,08/11/2024,09:25:07,24500.45,24502.75,100,24508.75,75,75,317650
NIFTY-III.NFO,08/11/2024,09:25:09,24500.45,24503.35,175,24510,25,0,317650
NIFTY-III.NFO,08/11/2024,09:25:11,24510,24505.1,100,24510,25,75,317650
NIFTY-III.NFO,08/11/2024,09:25:12,24510,24505.1,100,24509.9,75,0,317650
NIFTY-III.NFO,08/11/2024,09:25:14,24510.5,24510,25,24510.5,50,50,317650
NIFTY-III.NFO,08/11/2024,09:25:15,24505.95,24505.95,175,24510.7,25,100,317650
NIFTY-III.NFO,08/11/2024,09:25:17,24513.8,24510.55,175,24518.05,175,75,317650
NIFTY-III.NFO,08/11/2024,09:25:19,24510.55,24510.5,25,24516.3,150,25,317650
NIFTY-III.NFO,08/11/2024,09:25:20,24521.75,24520.85,75,24523.35,50,100,317650
NIFTY-III.NFO,08/11/2024,09:25:22,24528.4,24524.6,125,24529.8,75,25,317650
NIFTY-III.NFO,08/11/2024,09:25:24,24528.4,24524.35,75,24530,25,0,317650
NIFTY-III.NFO,08/11/2024,09:25:25,24530,24530.65,25,24531,25,25,317650
NIFTY-III.NFO,08/11/2024,09:25:27,24534.65,24527.9,75,24534.45,100,50,317650
NIFTY-III.NFO,08/11/2024,09:25:29,24534.65,24531.15,75,24535.9,50,0,317650
NIFTY-III.NFO,08/11/2024,09:25:30,24534.65,24534.35,75,24535.9,50,0,317650
NIFTY-III.NFO,08/11/2024,09:25:32,24535.9,24534.85,75,24540,25,50,317650
NIFTY-III.NFO,08/11/2024,09:25:34,24535.9,24534.2,25,24539.95,175,0,317650
NIFTY-III.NFO,08/11/2024,09:25:35,24535.9,24535.45,25,24539.95,100,0,317650
NIFTY-III.NFO,08/11/2024,09:25:37,24538.8,24535.95,25,24539.55,100,25,317650
NIFTY-III.NFO,08/11/2024,09:25:39,24535.95,24535.9,25,24539.95,100,25,317650
NIFTY-III.NFO,08/11/2024,09:25:40,24535.9,24533.35,125,24535.9,75,200,317650
NIFTY-III.NFO,08/11/2024,09:25:42,24540,24539.9,50,24548.75,75,100,317650
NIFTY-III.NFO,08/11/2024,09:25:44,24540,24540,25,24546.55,125,100,317650
NIFTY-III.NFO,08/11/2024,09:25:45,24540,24540,25,24547.3,50,0,317650
NIFTY-III.NFO,08/11/2024,09:25:47,24540,24539.95,25,24545.35,175,25,317650
NIFTY-III.NFO,08/11/2024,09:25:49,24539.95,24538.8,25,24544.2,175,25,317650
NIFTY-III.NFO,08/11/2024,09:25:50,24539.95,24540,25,24547.15,175,0,317650
NIFTY-III.NFO,08/11/2024,09:25:52,24539.95,24540.05,25,24544.85,100,0,317650
NIFTY-III.NFO,08/11/2024,09:25:54,24545,24540.8,25,24545,25,25,317650
NIFTY-III.NFO,08/11/2024,09:25:55,24545,24540.8,25,24545,25,0,317650
NIFTY-III.NFO,08/11/2024,09:25:57,24545,24540.9,25,24545,25,0,317650
NIFTY-III.NFO,08/11/2024,09:25:59,24545,24545,25,24549.8,75,25,317650
NIFTY-III.NFO,08/11/2024,09:26:00,24550.25,24547.35,50,24555,25,75,317650
NIFTY-III.NFO,08/11/2024,09:26:02,24565.05,24565.05,25,24573.85,100,200,317650
NIFTY-III.NFO,08/11/2024,09:26:04,24571.7,24570.35,200,24575,500,200,317650
NIFTY-III.NFO,08/11/2024,09:26:05,24575,24571.5,25,24575,175,325,317650
NIFTY-III.NFO,08/11/2024,09:26:07,24580,24576,150,24585.2,125,225,317650
NIFTY-III.NFO,08/11/2024,09:26:09,24580,24577.55,75,24580,25,0,317650
NIFTY-III.NFO,08/11/2024,09:26:10,24580,24583.1,25,24589,50,25,317650
NIFTY-III.NFO,08/11/2024,09:26:12,24580,24583.1,25,24589,125,0,317650
NIFTY-III.NFO,08/11/2024,09:26:14,24583.1,24578.45,125,24580,125,25,317650
NIFTY-III.NFO,08/11/2024,09:26:15,24580,24576,25,24580,25,100,317650
NIFTY-III.NFO,08/11/2024,09:26:17,24580,24576.05,25,24579.4,75,0,317650
NIFTY-III.NFO,08/11/2024,09:26:18,24576,24568.55,50,24577.55,175,75,317650
NIFTY-III.NFO,08/11/2024,09:26:20,24576,24567.8,25,24576.95,175,0,317650
NIFTY-III.NFO,08/11/2024,09:26:22,24576,24567.8,50,24572.65,50,0,317650
NIFTY-III.NFO,08/11/2024,09:26:23,24580,24576,375,24580.15,125,950,317650
NIFTY-III.NFO,08/11/2024,09:26:25,24580,24576,375,24581.7,50,0,317650
NIFTY-III.NFO,08/11/2024,09:26:27,24576,24576,325,24578.95,75,50,317650
NIFTY-III.NFO,08/11/2024,09:26:28,24576,24567.8,50,24571.65,50,325,317650
NIFTY-III.NFO,08/11/2024,09:26:30,24567.85,24567.8,50,24573.7,125,25,317650
NIFTY-III.NFO,08/11/2024,09:26:32,24567.8,24565.6,100,24574.05,75,25,317650
NIFTY-III.NFO,08/11/2024,09:26:33,24567.8,24560.15,225,24569.05,125,0,317650
NIFTY-III.NFO,08/11/2024,09:26:35,24561.3,24560.1,25,24565.1,150,75,317650
NIFTY-III.NFO,08/11/2024,09:26:37,24560.1,24560,25,24566.85,75,25,317650
NIFTY-III.NFO,08/11/2024,09:26:38,24560.1,24560,25,24561.3,25,0,317650
NIFTY-III.NFO,08/11/2024,09:26:40,24560.1,24558,175,24561.3,25,25,317650
NIFTY-III.NFO,08/11/2024,09:26:42,24561.3,24561.6,50,24569.95,50,25,317650
NIFTY-III.NFO,08/11/2024,09:26:43,24561.3,24561.65,125,24569.95,75,0,317650
NIFTY-III.NFO,08/11/2024,09:26:45,24561.45,24558.55,175,24566.75,25,75,317650
NIFTY-III.NFO,08/11/2024,09:26:47,24561.45,24559.25,100,24567.25,150,0,317650
NIFTY-III.NFO,08/11/2024,09:26:48,24561.45,24558.55,175,24566.45,100,0,317650
NIFTY-III.NFO,08/11/2024,09:26:50,24560.75,24556.85,100,24565.9,50,50,317650
NIFTY-III.NFO,08/11/2024,09:26:52,24560.75,24561.3,100,24566.8,25,0,317650
NIFTY-III.NFO,08/11/2024,09:26:53,24560.75,24563.35,100,24569.85,25,0,317650
NIFTY-III.NFO,08/11/2024,09:26:55,24560.75,24562.4,175,24570,100,0,317650
NIFTY-III.NFO,08/11/2024,09:26:57,24560.75,24563.85,175,24570,25,0,317650
NIFTY-III.NFO,08/11/2024,09:26:58,24560.75,24559.55,100,24569.25,50,0,317650
NIFTY-III.NFO,08/11/2024,09:27:00,24560.75,24562.75,100,24570,25,0,317650
NIFTY-III.NFO,08/11/2024,09:27:02,24560.75,24559.75,175,24568.65,50,0,317650
NIFTY-III.NFO,08/11/2024,09:27:04,24560.75,24560.15,100,24569.95,50,0,317650
NIFTY-III.NFO,08/11/2024,09:27:05,24552.75,24550.3,100,24557.1,50,50,317650
NIFTY-III.NFO,08/11/2024,09:27:07,24552.75,24550,50,24554.5,125,0,317650
NIFTY-III.NFO,08/11/2024,09:27:09,24552.75,24550,50,24555.6,125,0,317650
NIFTY-III.NFO,08/11/2024,09:27:10,24552.75,24551.25,150,24558.05,125,0,317650
NIFTY-III.NFO,08/11/2024,09:27:12,24552.75,24550,50,24556.75,50,0,317650
NIFTY-III.NFO,08/11/2024,09:27:14,24552.75,24550,25,24554.75,125,0,317650
NIFTY-III.NFO,08/11/2024,09:27:15,24554.6,24550,25,24551.2,150,75,317650
NIFTY-III.NFO,08/11/2024,09:27:17,24545,24545,75,24546.35,150,150,317650
NIFTY-III.NFO,08/11/2024,09:27:18,24544.5,24540,25,24544.4,125,150,317650
NIFTY-III.NFO,08/11/2024,09:27:20,24544.5,24540,25,24542.95,50,0,317650
NIFTY-III.NFO,08/11/2024,09:27:22,24544.5,24540,25,24543.45,75,0,317650
NIFTY-III.NFO,08/11/2024,09:27:23,24544.5,24535.05,175,24542.25,150,0,317650
NIFTY-III.NFO,08/11/2024,09:27:25,24544.5,24535,25,24541,75,0,317650
NIFTY-III.NFO,08/11/2024,09:27:27,24535,24527.05,100,24534.35,75,25,317650
NIFTY-III.NFO,08/11/2024,09:27:28,24536.7,24530.25,175,24539.45,50,25,317650
NIFTY-III.NFO,08/11/2024,09:27:30,24536.7,24534.6,125,24543.25,100,0,317650
NIFTY-III.NFO,08/11/2024,09:27:32,24536.7,24530.6,100,24539.95,50,0,317650
NIFTY-III.NFO,08/11/2024,09:27:33,24536.7,24531.75,100,24539.9,75,0,317650
NIFTY-III.NFO,08/11/2024,09:27:35,24531.4,24532.35,175,24541.7,75,50,317650
NIFTY-III.NFO,08/11/2024,09:27:37,24531.4,24533.75,75,24542.6,50,0,317650
NIFTY-III.NFO,08/11/2024,09:27:38,24531.4,24534.55,50,24542.85,100,0,317650
NIFTY-III.NFO,08/11/2024,09:27:40,24531.4,24532.85,175,24542.5,125,0,317650
NIFTY-III.NFO,08/11/2024,09:27:42,24531.4,24533.55,175,24542.15,125,0,317650
NIFTY-III.NFO,08/11/2024,09:27:43,24535.35,24533.55,225,24541.6,100,25,318100
NIFTY-III.NFO,08/11/2024,09:27:45,24533.55,24530.4,100,24531.4,50,25,318100
NIFTY-III.NFO,08/11/2024,09:27:47,24531.4,24533.3,225,24541.85,50,50,318100
NIFTY-III.NFO,08/11/2024,09:27:48,24531.4,24533.8,150,24541.85,50,0,318100
NIFTY-III.NFO,08/11/2024,09:27:50,24531.4,24528.45,175,24537,125,0,318100
NIFTY-III.NFO,08/11/2024,09:27:52,24531.4,24525.2,175,24533.1,50,0,318100
NIFTY-III.NFO,08/11/2024,09:27:53,24531.4,24526.65,175,24536.5,125,0,318100
NIFTY-III.NFO,08/11/2024,09:27:55,24531.4,24531.5,175,24540.75,125,0,318100
NIFTY-III.NFO,08/11/2024,09:27:57,24531.4,24533.9,225,24541.75,50,0,318100
NIFTY-III.NFO,08/11/2024,09:27:58,24531.4,24530.05,50,24537.85,50,0,318100
NIFTY-III.NFO,08/11/2024,09:28:00,24531.85,24531.8,125,24539.75,125,50,318100
NIFTY-III.NFO,08/11/2024,09:28:02,24531.85,24531.55,175,24539.75,50,0,318100
NIFTY-III.NFO,08/11/2024,09:28:03,24531.85,24529.05,100,24537.15,125,0,318100
NIFTY-III.NFO,08/11/2024,09:28:05,24531.85,24528.8,100,24537,150,0,318100
NIFTY-III.NFO,08/11/2024,09:28:07,24531.85,24532.9,175,24539.9,25,0,318100
NIFTY-III.NFO,08/11/2024,09:28:08,24539.9,24533.6,175,24540.9,25,25,318100
NIFTY-III.NFO,08/11/2024,09:28:10,24539.9,24535.55,175,24542.3,75,0,318100
NIFTY-III.NFO,08/11/2024,09:28:12,24539.9,24534.6,175,24542.45,125,0,318100
NIFTY-III.NFO,08/11/2024,09:28:13,24539.9,24534.7,75,24542.45,125,0,318100
NIFTY-III.NFO,08/11/2024,09:28:15,24539.9,24532.65,175,24541.1,125,0,318100
NIFTY-III.NFO,08/11/2024,09:28:17,24539.9,24531.8,100,24540.2,125,0,318100
NIFTY-III.NFO,08/11/2024,09:28:18,24539.9,24535.65,100,24542.5,25,0,318100
NIFTY-III.NFO,08/11/2024,09:28:20,24539.9,24539.65,100,24542.5,25,0,318100
NIFTY-III.NFO,08/11/2024,09:28:22,24539.9,24539.6,100,24539.9,25,0,318100
NIFTY-III.NFO,08/11/2024,09:28:23,24539.9,24537.6,175,24542.5,25,25,318100
NIFTY-III.NFO,08/11/2024,09:28:25,24539.9,24536.85,175,24542.5,25,25,318100
NIFTY-III.NFO,08/11/2024,09:28:27,24539.9,24540.5,100,24542.5,25,0,318100
NIFTY-III.NFO,08/11/2024,09:28:28,24539.9,24540.45,100,24542.5,25,0,318100
NIFTY-III.NFO,08/11/2024,09:28:30,24539.9,24538.6,100,24542.5,25,0,318100
NIFTY-III.NFO,08/11/2024,09:28:32,24542.5,24541.5,175,24549.5,200,25,318100
NIFTY-III.NFO,08/11/2024,09:28:33,24542.5,24542.8,100,24549.95,100,0,318100
NIFTY-III.NFO,08/11/2024,09:28:35,24542.5,24543.3,100,24549.95,25,0,318100
NIFTY-III.NFO,08/11/2024,09:28:37,24543,24538.7,100,24547.05,50,150,318100
NIFTY-III.NFO,08/11/2024,09:28:38,24543,24542.7,100,24549.9,175,0,318100
NIFTY-III.NFO,08/11/2024,09:28:40,24543,24547.6,25,24549.95,25,0,318100
NIFTY-III.NFO,08/11/2024,09:28:42,24543,24545,75,24549.95,25,0,318100
NIFTY-III.NFO,08/11/2024,09:28:43,24543,24546.35,25,24549.95,25,0,318100
NIFTY-III.NFO,08/11/2024,09:28:45,24543,24545.45,25,24549.95,25,0,318100
NIFTY-III.NFO,08/11/2024,09:28:47,24543,24547.5,25,24549.95,25,0,318100
NIFTY-III.NFO,08/11/2024,09:28:48,24549.95,24547.75,25,24556.15,100,25,318100
NIFTY-III.NFO,08/11/2024,09:28:50,24549.95,24549.5,25,24557.55,100,0,318100
NIFTY-III.NFO,08/11/2024,09:28:52,24549.95,24549.8,25,24558.2,150,0,318100
NIFTY-III.NFO,08/11/2024,09:28:53,24549.95,24549.2,25,24557.25,100,0,318100
NIFTY-III.NFO,08/11/2024,09:28:55,24549.95,24551.6,25,24559.4,100,0,318100
NIFTY-III.NFO,08/11/2024,09:28:57,24549.95,24553.9,100,24559.55,25,0,318100
NIFTY-III.NFO,08/11/2024,09:28:58,24549.95,24549.45,75,24556.75,175,0,318100
NIFTY-III.NFO,08/11/2024,09:29:00,24549.95,24551.5,25,24559.25,100,0,318100
NIFTY-III.NFO,08/11/2024,09:29:02,24557.95,24548.4,100,24556.95,100,25,318100
NIFTY-III.NFO,08/11/2024,09:29:03,24557.95,24550,50,24558.4,175,0,318100
NIFTY-III.NFO,08/11/2024,09:29:05,24557.95,24549.95,250,24556.9,225,0,318100
NIFTY-III.NFO,08/11/2024,09:29:07,24557.95,24549.95,250,24554.95,175,0,318100
NIFTY-III.NFO,08/11/2024,09:29:08,24557.95,24549.95,250,24554.85,175,0,318100
NIFTY-III.NFO,08/11/2024,09:29:10,24557.95,24549.95,250,24554.65,100,0,318100
NIFTY-III.NFO,08/11/2024,09:29:12,24557.95,24549.95,250,24556.35,100,0,318100
NIFTY-III.NFO,08/11/2024,09:29:13,24557.95,24549.95,250,24556.15,100,0,318100
NIFTY-III.NFO,08/11/2024,09:29:15,24557.95,24549.95,250,24556.7,150,0,318100
NIFTY-III.NFO,08/11/2024,09:29:16,24555.35,24549.95,250,24555.3,175,25,318100
NIFTY-III.NFO,08/11/2024,09:29:18,24555.35,24549.95,250,24556.1,175,0,318100
NIFTY-III.NFO,08/11/2024,09:29:20,24556.65,24551.1,175,24557.9,250,250,318100
NIFTY-III.NFO,08/11/2024,09:29:22,24560,24566.25,50,24570,25,50,318100
NIFTY-III.NFO,08/11/2024,09:29:23,24560,24561.55,100,24569.95,100,0,318100
NIFTY-III.NFO,08/11/2024,09:29:25,24562.45,24563.15,75,24570,25,150,318100
NIFTY-III.NFO,08/11/2024,09:29:27,24562.45,24566.6,150,24570,25,0,318100
NIFTY-III.NFO,08/11/2024,09:29:28,24570,24570.45,75,24576,250,25,318100
NIFTY-III.NFO,08/11/2024,09:29:30,24570,24571.7,150,24576,250,0,318100
NIFTY-III.NFO,08/11/2024,09:29:32,24570,24574.85,75,24580,125,0,318100
NIFTY-III.NFO,08/11/2024,09:29:33,24570,24574.55,75,24580,125,0,318100
NIFTY-III.NFO,08/11/2024,09:29:35,24570,24568.15,75,24577.25,175,0,318100
NIFTY-III.NFO,08/11/2024,09:29:37,24570,24568.05,75,24576.1,150,0,318100
NIFTY-III.NFO,08/11/2024,09:29:38,24570,24570,25,24575.95,175,0,318100
NIFTY-III.NFO,08/11/2024,09:29:40,24570,24570,25,24575.45,100,0,318100
NIFTY-III.NFO,08/11/2024,09:29:42,24570,24570,25,24573.55,100,0,318100
NIFTY-III.NFO,08/11/2024,09:29:43,24570,24570,25,24573.5,100,0,318100
NIFTY-III.NFO,08/11/2024,09:29:45,24570,24563.55,150,24571.85,175,25,318100
NIFTY-III.NFO,08/11/2024,09:29:47,24570,24564.75,150,24572.1,175,0,318100
NIFTY-III.NFO,08/11/2024,09:29:48,24570,24562.5,150,24569.75,175,0,318100
NIFTY-III.NFO,08/11/2024,09:29:50,24570,24564.1,50,24570.7,175,0,318100
NIFTY-III.NFO,08/11/2024,09:29:52,24570,24561.75,125,24569.8,100,0,318100
NIFTY-III.NFO,08/11/2024,09:29:53,24570,24561.2,150,24569.1,175,0,318100
NIFTY-III.NFO,08/11/2024,09:29:55,24567.35,24559.05,75,24566.9,50,275,318100
NIFTY-III.NFO,08/11/2024,09:29:57,24567.35,24561.4,50,24569.4,75,0,318100
NIFTY-III.NFO,08/11/2024,09:29:58,24567.35,24563.2,225,24569.65,250,0,318100
NIFTY-III.NFO,08/11/2024,09:30:00,24567.35,24561.7,100,24569.9,50,0,318100
NIFTY-III.NFO,08/11/2024,09:30:02,24567.35,24560.45,225,24568.9,125,0,318100
NIFTY-III.NFO,08/11/2024,09:30:03,24567.35,24558.05,175,24566.25,250,0,318100
NIFTY-III.NFO,08/11/2024,09:30:05,24567.35,24555.7,100,24563.95,75,0,318100
NIFTY-III.NFO,08/11/2024,09:30:07,24567.35,24554.4,100,24562.7,75,0,318100
NIFTY-III.NFO,08/11/2024,09:30:08,24567.35,24554.35,100,24561.6,250,0,318100
NIFTY-III.NFO,08/11/2024,09:30:10,24567.35,24557,75,24566.3,375,0,318100
NIFTY-III.NFO,08/11/2024,09:30:12,24557,24552.7,175,24560.7,125,50,318100
NIFTY-III.NFO,08/11/2024,09:30:13,24557,24552.8,100,24562.2,50,0,318100
NIFTY-III.NFO,08/11/2024,09:30:15,24557,24552.5,100,24561.2,50,0,318100
NIFTY-III.NFO,08/11/2024,09:30:17,24552.1,24552.15,175,24559.9,100,25,318100
NIFTY-III.NFO,08/11/2024,09:30:18,24552.1,24553.9,100,24559.95,250,0,318100
NIFTY-III.NFO,08/11/2024,09:30:20,24552.1,24554.4,100,24562.7,25,0,318100
NIFTY-III.NFO,08/11/2024,09:30:22,24551.55,24551.6,100,24559.7,50,25,318100
NIFTY-III.NFO,08/11/2024,09:30:23,24551.55,24552,175,24559.65,125,0,318100
NIFTY-III.NFO,08/11/2024,09:30:25,24551.55,24550.65,75,24557.75,125,0,318100
NIFTY-III.NFO,08/11/2024,09:30:27,24551.55,24550.05,175,24557.65,325,0,318100
NIFTY-III.NFO,08/11/2024,09:30:28,24551.55,24550.9,175,24557.55,250,0,318100
NIFTY-III.NFO,08/11/2024,09:30:30,24551.55,24550.55,175,24559,325,0,318100
NIFTY-III.NFO,08/11/2024,09:30:32,24551.65,24552.25,100,24559.75,325,50,318100
NIFTY-III.NFO,08/11/2024,09:30:33,24551.65,24550.05,175,24558.1,100,0,318100
NIFTY-III.NFO,08/11/2024,09:30:35,24551.65,24550,25,24556.75,150,0,318100
NIFTY-III.NFO,08/11/2024,09:30:37,24551.65,24550,25,24556.2,225,0,318100
NIFTY-III.NFO,08/11/2024,09:30:38,24551.65,24550,25,24553.65,100,0,318100
NIFTY-III.NFO,08/11/2024,09:30:40,24551.65,24550,25,24556.1,175,0,318100
NIFTY-III.NFO,08/11/2024,09:30:42,24551.65,24550,50,24555.6,100,0,318100
NIFTY-III.NFO,08/11/2024,09:30:43,24551.65,24550,50,24555,100,0,318100
NIFTY-III.NFO,08/11/2024,09:30:45,24551.65,24553,100,24560,325,0,318100
NIFTY-III.NFO,08/11/2024,09:30:47,24551.65,24556.65,100,24560,325,0,318100
NIFTY-III.NFO,08/11/2024,09:30:48,24551.65,24553.25,100,24560,325,0,318100
NIFTY-III.NFO,08/11/2024,09:30:50,24551.65,24557.2,225,24560,325,0,318100
NIFTY-III.NFO,08/11/2024,09:30:52,24560,24563.05,100,24565,25,325,318525
NIFTY-III.NFO,08/11/2024,09:30:53,24565,24562.15,150,24569.15,100,25,318525
NIFTY-III.NFO,08/11/2024,09:30:55,24565,24563.8,275,24569.2,75,0,318525
NIFTY-III.NFO,08/11/2024,09:30:57,24564.1,24565.65,50,24570,125,100,318525
NIFTY-III.NFO,08/11/2024,09:30:58,24564.1,24564.9,75,24569.95,100,0,318525
NIFTY-III.NFO,08/11/2024,09:31:00,24564.1,24560,25,24567.2,150,0,318525
NIFTY-III.NFO,08/11/2024,09:31:02,24564.1,24560.15,125,24568.95,100,0,318525
NIFTY-III.NFO,08/11/2024,09:31:03,24564.1,24560.15,125,24569.95,75,0,318525
NIFTY-III.NFO,08/11/2024,09:31:05,24564.1,24562.3,50,24564.1,50,0,318525
NIFTY-III.NFO,08/11/2024,09:31:07,24564.1,24564.75,125,24570,125,50,318525
NIFTY-III.NFO,08/11/2024,09:31:08,24564.1,24567.45,75,24570,125,0,318525
NIFTY-III.NFO,08/11/2024,09:31:10,24570,24570.9,75,24575,125,175,318525
NIFTY-III.NFO,08/11/2024,09:31:12,24575,24572.7,75,24579.65,100,125,318525
NIFTY-III.NFO,08/11/2024,09:31:13,24579.65,24573.7,75,24579.8,75,25,318525
NIFTY-III.NFO,08/11/2024,09:31:15,24579.65,24572.05,200,24579.6,150,0,318525
NIFTY-III.NFO,08/11/2024,09:31:17,24579.65,24579.75,125,24580,125,0,318525
NIFTY-III.NFO,08/11/2024,09:31:18,24579.65,24576.6,75,24579.65,25,0,318525
NIFTY-III.NFO,08/11/2024,09:31:20,24579.65,24575.35,75,24579.65,25,0,318525
NIFTY-III.NFO,08/11/2024,09:31:22,24580,24578.05,75,24583.1,50,175,318525
NIFTY-III.NFO,08/11/2024,09:31:23,24580,24575.55,50,24583.1,50,0,318525
NIFTY-III.NFO,08/11/2024,09:31:25,24580,24582,75,24583.1,50,0,318525
NIFTY-III.NFO,08/11/2024,09:31:27,24580,24579.6,150,24583.1,50,0,318525
NIFTY-III.NFO,08/11/2024,09:31:28,24580,24579.15,150,24583.1,50,0,318525
NIFTY-III.NFO,08/11/2024,09:31:30,24583.1,24582.7,75,24584.65,200,50,318525
NIFTY-III.NFO,08/11/2024,09:31:32,24585,24585.35,125,24589,50,225,318525
NIFTY-III.NFO,08/11/2024,09:31:33,24590.25,24590.05,25,24595,25,175,318525
NIFTY-III.NFO,08/11/2024,09:31:33,24590.25,24590.05,25,24595,25,0,318525
NIFTY-III.NFO,08/11/2024,09:31:35,24596.55,24593.7,75,24599,50,50,318525
NIFTY-III.NFO,08/11/2024,09:31:35,24596.55,24593.7,75,24599,50,0,318525
NIFTY-III.NFO,08/11/2024,09:31:37,24596.55,24593.25,75,24599,50,0,318525
NIFTY-III.NFO,08/11/2024,09:31:38,24593.4,24593.8,50,24599,50,25,318525
NIFTY-III.NFO,08/11/2024,09:31:40,24593.4,24593.95,125,24599,50,0,318525
NIFTY-III.NFO,08/11/2024,09:31:42,24602.8,24596.55,200,24602.65,75,1500,318525
NIFTY-III.NFO,08/11/2024,09:31:42,24602.8,24596.55,200,24602.65,75,0,318525
NIFTY-III.NFO,08/11/2024,09:31:44,24602.8,24595.45,200,24604,200,0,318525
NIFTY-III.NFO,08/11/2024,09:31:45,24602.8,24595.95,50,24604.15,200,0,318525
NIFTY-III.NFO,08/11/2024,09:31:47,24602.8,24595.1,200,24604.35,200,0,318525
NIFTY-III.NFO,08/11/2024,09:31:49,24602.8,24595,125,24603.95,200,0,318525
NIFTY-III.NFO,08/11/2024,09:31:50,24595,24595.85,50,24604.05,200,25,318525
NIFTY-III.NFO,08/11/2024,09:31:52,24595,24595,25,24600,25,0,318525
NIFTY-III.NFO,08/11/2024,09:31:55,24595,24595.05,275,24600,25,0,318525
NIFTY-III.NFO,08/11/2024,09:31:57,24595.55,24595,25,24599.95,200,25,318525
NIFTY-III.NFO,08/11/2024,09:31:59,24598.35,24595,25,24598.35,50,50,318525
NIFTY-III.NFO,08/11/2024,09:32:00,24598.35,24590.8,325,24595,25,25,318525
NIFTY-III.NFO,08/11/2024,09:32:02,24598.35,24591.95,200,24595,25,0,318525
NIFTY-III.NFO,08/11/2024,09:32:04,24595,24592.5,125,24599.95,200,25,318525
NIFTY-III.NFO,08/11/2024,09:32:05,24595,24594.1,75,24599.95,200,0,318525
NIFTY-III.NFO,08/11/2024,09:32:07,24595,24591,75,24599,250,0,318525
NIFTY-III.NFO,08/11/2024,09:32:09,24595,24590.1,125,24598.1,200,0,318525
NIFTY-III.NFO,08/11/2024,09:32:10,24595,24592.55,125,24599.95,200,0,318525
NIFTY-III.NFO,08/11/2024,09:32:12,24595,24595.05,200,24600,25,25,318525
NIFTY-III.NFO,08/11/2024,09:32:14,24595,24595.05,200,24600,25,0,318525
NIFTY-III.NFO,08/11/2024,09:32:15,24595,24595,125,24599.95,200,0,318525
NIFTY-III.NFO,08/11/2024,09:32:17,24595,24595.25,275,24600,25,0,318525
NIFTY-III.NFO,08/11/2024,09:32:19,24595,24595.7,75,24600,25,0,318525
NIFTY-III.NFO,08/11/2024,09:32:20,24595,24595.05,200,24600,25,0,318525
NIFTY-III.NFO,08/11/2024,09:32:22,24595,24595.05,275,24600,25,0,318525
NIFTY-III.NFO,08/11/2024,09:32:24,24595.05,24595,175,24598.95,200,25,318525
NIFTY-III.NFO,08/11/2024,09:32:25,24595,24595,100,24595.65,200,75,318525
NIFTY-III.NFO,08/11/2024,09:32:27,24595,24595,100,24597.25,75,0,318525
NIFTY-III.NFO,08/11/2024,09:32:29,24595,24595,100,24599.15,200,0,318525
NIFTY-III.NFO,08/11/2024,09:32:30,24595,24595,100,24598.25,200,0,318525
NIFTY-III.NFO,08/11/2024,09:32:32,24595,24595,100,24599.15,200,0,318525
NIFTY-III.NFO,08/11/2024,09:32:34,24595,24595,100,24596.2,200,0,318525
NIFTY-III.NFO,08/11/2024,09:32:35,24595,24595,75,24597,200,25,318525
NIFTY-III.NFO,08/11/2024,09:32:37,24595,24595,50,24596.35,200,25,318525
NIFTY-III.NFO,08/11/2024,09:32:39,24595,24595,25,24599.65,200,25,318525
NIFTY-III.NFO,08/11/2024,09:32:40,24595,24595,25,24599.85,250,0,318525
NIFTY-III.NFO,08/11/2024,09:32:42,24595,24595,50,24599.75,200,0,318525
NIFTY-III.NFO,08/11/2024,09:32:44,24595,24590.1,175,24595,75,50,318525
NIFTY-III.NFO,08/11/2024,09:32:45,24595,24590.05,25,24595,100,0,318525
NIFTY-III.NFO,08/11/2024,09:32:47,24594.75,24590.05,25,24594.75,200,25,318525
NIFTY-III.NFO,08/11/2024,09:32:49,24594.75,24590.05,25,24594.95,200,0,318525
NIFTY-III.NFO,08/11/2024,09:32:52,24594.75,24590.05,25,24594.9,200,0,318525
NIFTY-III.NFO,08/11/2024,09:32:54,24590.05,24590,25,24594.15,200,25,318525
NIFTY-III.NFO,08/11/2024,09:32:55,24594.85,24590,25,24594.85,75,125,318525
NIFTY-III.NFO,08/11/2024,09:32:57,24590,24582.7,75,24589.8,75,25,318525
NIFTY-III.NFO,08/11/2024,09:32:59,24590,24583,325,24590.4,75,0,318525
NIFTY-III.NFO,08/11/2024,09:33:00,24590,24584.85,275,24590.4,75,0,318525
NIFTY-III.NFO,08/11/2024,09:33:02,24590.4,24582.9,275,24590.4,75,25,318525
NIFTY-III.NFO,08/11/2024,09:33:04,24590.4,24580,25,24583.8,75,0,318525
NIFTY-III.NFO,08/11/2024,09:33:05,24580,24573.45,275,24579.95,75,25,318525
NIFTY-III.NFO,08/11/2024,09:33:07,24580,24571.2,50,24578.6,50,0,318525
NIFTY-III.NFO,08/11/2024,09:33:09,24580,24572.1,200,24579.2,50,0,318525
NIFTY-III.NFO,08/11/2024,09:33:10,24580,24572.2,275,24579.1,50,0,318525
NIFTY-III.NFO,08/11/2024,09:33:12,24580,24571.9,275,24579.25,50,0,318525
NIFTY-III.NFO,08/11/2024,09:33:15,24580,24570.45,200,24577.3,50,0,318525
NIFTY-III.NFO,08/11/2024,09:33:17,24580,24572.5,275,24579.9,50,0,318525
NIFTY-III.NFO,08/11/2024,09:33:18,24580,24573.15,275,24580.1,250,0,318525
NIFTY-III.NFO,08/11/2024,09:33:20,24580,24572.55,275,24579.45,75,0,318525
NIFTY-III.NFO,08/11/2024,09:33:22,24580,24571.75,275,24579.85,50,0,318525
NIFTY-III.NFO,08/11/2024,09:33:23,24580,24571.35,275,24579.3,50,0,318525
NIFTY-III.NFO,08/11/2024,09:33:25,24580,24570.15,275,24578.7,50,0,318525
NIFTY-III.NFO,08/11/2024,09:33:27,24580,24568.55,275,24576.4,50,0,318525
NIFTY-III.NFO,08/11/2024,09:33:28,24580,24569.35,325,24571.75,25,0,318525
NIFTY-III.NFO,08/11/2024,09:33:30,24580,24567.05,275,24570,250,0,318525
NIFTY-III.NFO,08/11/2024,09:33:32,24571.75,24572.15,275,24582.8,50,275,318525
NIFTY-III.NFO,08/11/2024,09:33:33,24571.75,24573.4,275,24582.5,50,0,318525
NIFTY-III.NFO,08/11/2024,09:33:35,24571.75,24572.65,275,24580.7,50,0,318525
NIFTY-III.NFO,08/11/2024,09:33:37,24571.75,24569.45,325,24577.6,50,0,318525
NIFTY-III.NFO,08/11/2024,09:33:38,24571.75,24570.65,50,24576.45,50,0,318525
NIFTY-III.NFO,08/11/2024,09:33:40,24571.75,24571.8,275,24578.75,50,0,318525
NIFTY-III.NFO,08/11/2024,09:33:42,24571.75,24569.95,325,24571.75,25,0,318525
NIFTY-III.NFO,08/11/2024,09:33:43,24571.75,24571.75,275,24579.85,50,25,319550
NIFTY-III.NFO,08/11/2024,09:33:45,24571.75,24572.4,275,24579.85,50,0,319550
NIFTY-III.NFO,08/11/2024,09:33:47,24571.75,24571.7,200,24579.65,50,0,319550
NIFTY-III.NFO,08/11/2024,09:33:49,24571.75,24571.8,275,24579.85,50,0,319550
NIFTY-III.NFO,08/11/2024,09:33:50,24571.75,24573.4,275,24579.8,250,0,319550
NIFTY-III.NFO,08/11/2024,09:33:52,24571.75,24572.4,325,24579.65,50,0,319550
NIFTY-III.NFO,08/11/2024,09:33:54,24572.05,24572,25,24578.65,225,125,319550
NIFTY-III.NFO,08/11/2024,09:33:55,24572.05,24572,25,24578.95,225,0,319550
NIFTY-III.NFO,08/11/2024,09:33:57,24572.05,24572,25,24575.9,150,0,319550
NIFTY-III.NFO,08/11/2024,09:33:59,24572.05,24572,25,24577.4,175,0,319550
NIFTY-III.NFO,08/11/2024,09:34:00,24572.05,24572,25,24577.4,100,0,319550
NIFTY-III.NFO,08/11/2024,09:34:02,24572.05,24575.4,275,24580,100,0,319550
NIFTY-III.NFO,08/11/2024,09:34:04,24572.05,24578.05,75,24580,100,0,319550
NIFTY-III.NFO,08/11/2024,09:34:05,24572.05,24578.1,75,24580,100,0,319550
NIFTY-III.NFO,08/11/2024,09:34:07,24572.05,24579.35,200,24580,100,0,319550
NIFTY-III.NFO,08/11/2024,09:34:09,24580,24584.85,275,24593.25,125,125,319550
NIFTY-III.NFO,08/11/2024,09:34:10,24580,24583.8,275,24592.15,100,0,319550
NIFTY-III.NFO,08/11/2024,09:34:12,24580,24582.2,275,24590.3,225,0,319550
NIFTY-III.NFO,08/11/2024,09:34:14,24580,24582.35,275,24590.5,175,0,319550
NIFTY-III.NFO,08/11/2024,09:34:15,24580,24583.25,275,24591.4,175,0,319550
NIFTY-III.NFO,08/11/2024,09:34:17,24580,24585.4,325,24593.5,100,0,319550
NIFTY-III.NFO,08/11/2024,09:34:19,24580,24584.9,275,24592.95,175,0,319550
NIFTY-III.NFO,08/11/2024,09:34:20,24580,24583.35,275,24591.55,50,0,319550
NIFTY-III.NFO,08/11/2024,09:34:22,24580,24580.75,200,24588.65,175,0,319550
NIFTY-III.NFO,08/11/2024,09:34:24,24580,24580,1275,24583.35,25,0,319550
NIFTY-III.NFO,08/11/2024,09:34:27,24580,24580.05,200,24583.35,25,0,319550
NIFTY-III.NFO,08/11/2024,09:34:29,24580,24580,1275,24583.35,25,0,319550
NIFTY-III.NFO,08/11/2024,09:34:30,24580,24580.05,200,24583.35,25,0,319550
NIFTY-III.NFO,08/11/2024,09:34:34,24580,24580,1275,24583.35,25,0,319550
NIFTY-III.NFO,08/11/2024,09:34:35,24580,24580,1250,24585,100,25,319550
NIFTY-III.NFO,08/11/2024,09:34:37,24580,24580,1250,24585.85,175,0,319550
NIFTY-III.NFO,08/11/2024,09:34:39,24580,24580,1325,24587.3,175,0,319550
NIFTY-III.NFO,08/11/2024,09:34:40,24580,24580,1350,24584.1,175,0,319550
NIFTY-III.NFO,08/11/2024,09:34:42,24580,24580,1350,24582.75,300,0,319550
NIFTY-III.NFO,08/11/2024,09:34:44,24580,24580,1350,24583.3,175,0,319550
NIFTY-III.NFO,08/11/2024,09:34:45,24580,24580,1350,24584.85,175,0,319550
NIFTY-III.NFO,08/11/2024,09:34:47,24580,24580,1350,24585.75,100,0,319550
NIFTY-III.NFO,08/11/2024,09:34:49,24580,24581.05,200,24586.9,250,0,319550
NIFTY-III.NFO,08/11/2024,09:34:50,24580,24585.7,275,24594.1,175,0,319550
NIFTY-III.NFO,08/11/2024,09:34:52,24586.65,24585.9,200,24594.25,250,25,319550
NIFTY-III.NFO,08/11/2024,09:34:54,24586.65,24586.05,275,24594.15,75,0,319550
NIFTY-III.NFO,08/11/2024,09:34:55,24586.65,24586.55,250,24594.65,100,0,319550
NIFTY-III.NFO,08/11/2024,09:34:57,24586.65,24586.45,275,24593.6,200,0,319550
NIFTY-III.NFO,08/11/2024,09:34:59,24586.55,24586.7,275,24594.75,125,25,319550
NIFTY-III.NFO,08/11/2024,09:35:00,24586.55,24590.6,275,24595,25,0,319550
NIFTY-III.NFO,08/11/2024,09:35:02,24595,24589.55,325,24597.65,150,25,319550
NIFTY-III.NFO,08/11/2024,09:35:04,24595,24591.25,275,24598.35,150,0,319550
NIFTY-III.NFO,08/11/2024,09:35:05,24595,24593.25,275,24599.95,25,0,319550
NIFTY-III.NFO,08/11/2024,09:35:07,24592.25,24588.6,200,24596.75,175,25,319550
NIFTY-III.NFO,08/11/2024,09:35:09,24592.25,24589.5,200,24597.75,300,0,319550
NIFTY-III.NFO,08/11/2024,09:35:10,24592.25,24585.4,200,24594.3,75,0,319550
NIFTY-III.NFO,08/11/2024,09:35:12,24592.25,24584.05,200,24590.65,175,0,319550
NIFTY-III.NFO,08/11/2024,09:35:14,24592.25,24584.05,275,24592.6,175,0,319550
NIFTY-III.NFO,08/11/2024,09:35:15,24589.8,24584.4,25,24589.8,225,25,319550
NIFTY-III.NFO,08/11/2024,09:35:17,24589.8,24584.4,25,24589.8,225,0,319550
NIFTY-III.NFO,08/11/2024,09:35:19,24589.8,24584.4,25,24589.45,150,0,319550
NIFTY-III.NFO,08/11/2024,09:35:20,24589.8,24584.45,275,24592.1,275,0,319550
NIFTY-III.NFO,08/11/2024,09:35:22,24589.8,24585.55,200,24593.95,225,0,319550
NIFTY-III.NFO,08/11/2024,09:35:24,24589.8,24587.7,275,24595,25,0,319550
NIFTY-III.NFO,08/11/2024,09:35:25,24589.8,24585.15,275,24593.35,275,0,319550
NIFTY-III.NFO,08/11/2024,09:35:27,24589.8,24585.05,275,24592.5,150,0,319550
NIFTY-III.NFO,08/11/2024,09:35:29,24589.8,24585,25,24591.45,225,0,319550
NIFTY-III.NFO,08/11/2024,09:35:30,24588.35,24585,25,24588,50,100,319550
NIFTY-III.NFO,08/11/2024,09:35:32,24588.35,24585,25,24586.55,75,0,319550
NIFTY-III.NFO,08/11/2024,09:35:34,24590.1,24585,25,24589.1,75,1325,319550
NIFTY-III.NFO,08/11/2024,09:35:35,24585,24584.4,25,24586.4,100,25,319550
NIFTY-III.NFO,08/11/2024,09:35:37,24584.4,24580,25,24585.9,75,25,319550
NIFTY-III.NFO,08/11/2024,09:35:39,24584.4,24580,25,24585.85,75,0,319550
NIFTY-III.NFO,08/11/2024,09:35:40,24584.4,24585,50,24585.85,75,0,319550
NIFTY-III.NFO,08/11/2024,09:35:42,24585,24580,25,24586.05,75,50,319550
NIFTY-III.NFO,08/11/2024,09:35:44,24580,24576.2,125,24584.65,75,25,319550
NIFTY-III.NFO,08/11/2024,09:35:45,24580,24575.1,125,24583.3,75,0,319550
NIFTY-III.NFO,08/11/2024,09:35:47,24580,24576.3,50,24584.95,75,0,319550
NIFTY-III.NFO,08/11/2024,09:35:49,24580,24577.65,125,24585.85,75,0,319550
NIFTY-III.NFO,08/11/2024,09:35:50,24580,24577.15,125,24585.7,75,0,319550
NIFTY-III.NFO,08/11/2024,09:35:52,24580,24577,125,24584.95,75,0,319550
NIFTY-III.NFO,08/11/2024,09:35:54,24580,24575.1,125,24583.2,150,0,319550
NIFTY-III.NFO,08/11/2024,09:35:55,24580,24575.6,50,24582.3,75,0,319550
NIFTY-III.NFO,08/11/2024,09:35:57,24575.45,24576.05,325,24582.3,75,100,319550
NIFTY-III.NFO,08/11/2024,09:35:59,24575.45,24576.2,275,24583.7,75,0,319550
NIFTY-III.NFO,08/11/2024,09:36:01,24575.45,24575,25,24578.55,75,0,319550
NIFTY-III.NFO,08/11/2024,09:36:02,24575.45,24575,25,24579.9,75,0,319550
NIFTY-III.NFO,08/11/2024,09:36:04,24575.45,24575,25,24575.45,50,0,319550
NIFTY-III.NFO,08/11/2024,09:36:06,24575.45,24575,25,24575.35,75,0,319550
NIFTY-III.NFO,08/11/2024,09:36:07,24575.45,24575,25,24575.45,50,0,319550
NIFTY-III.NFO,08/11/2024,09:36:12,24575,24564.25,50,24570.9,75,25,319550
NIFTY-III.NFO,08/11/2024,09:36:14,24575,24561.3,200,24568.95,75,0,319550
NIFTY-III.NFO,08/11/2024,09:36:16,24575,24561.9,125,24569.35,75,0,319550
NIFTY-III.NFO,08/11/2024,09:36:17,24575,24560.5,275,24566.55,75,0,319550
NIFTY-III.NFO,08/11/2024,09:36:19,24575,24560.75,250,24566.45,75,0,319550
NIFTY-III.NFO,08/11/2024,09:36:21,24575,24561.15,275,24569.2,75,0,319550
NIFTY-III.NFO,08/11/2024,09:36:22,24575,24560,50,24565.7,75,0,319550
NIFTY-III.NFO,08/11/2024,09:36:24,24560.6,24561.35,75,24566.75,75,25,319550
NIFTY-III.NFO,08/11/2024,09:36:26,24560.6,24560.15,200,24566.05,75,0,319550
NIFTY-III.NFO,08/11/2024,09:36:27,24551.35,24550,200,24555.85,75,75,319550
NIFTY-III.NFO,08/11/2024,09:36:29,24551.35,24552.15,50,24557.15,75,0,319550
NIFTY-III.NFO,08/11/2024,09:36:31,24551.35,24552.15,50,24557.7,75,0,319550
NIFTY-III.NFO,08/11/2024,09:36:32,24551.35,24550.85,275,24556.5,75,0,319550
NIFTY-III.NFO,08/11/2024,09:36:34,24551.35,24551.75,275,24555.95,75,0,319550
NIFTY-III.NFO,08/11/2024,09:36:36,24551.35,24552.25,250,24555.95,75,0,319550
NIFTY-III.NFO,08/11/2024,09:36:37,24551.35,24550.15,275,24555.8,75,0,319550
NIFTY-III.NFO,08/11/2024,09:36:39,24551.35,24550.65,200,24555.8,75,0,319550
NIFTY-III.NFO,08/11/2024,09:36:41,24551.35,24550.55,200,24555.65,75,0,319550
NIFTY-III.NFO,08/11/2024,09:36:42,24553.65,24553.65,275,24561.4,50,25,319700
NIFTY-III.NFO,08/11/2024,09:36:44,24553.65,24557.85,275,24565.05,25,0,319700
NIFTY-III.NFO,08/11/2024,09:36:46,24553.65,24556.8,200,24563.15,50,0,319700
NIFTY-III.NFO,08/11/2024,09:36:47,24553.65,24558.6,275,24566.9,50,0,319700
NIFTY-III.NFO,08/11/2024,09:36:49,24553.65,24559.95,275,24567.75,50,0,319700
NIFTY-III.NFO,08/11/2024,09:36:51,24553.65,24559.8,275,24567.45,50,0,319700
NIFTY-III.NFO,08/11/2024,09:36:52,24553.65,24558.75,50,24563.5,75,0,319700
NIFTY-III.NFO,08/11/2024,09:36:54,24553.65,24557.75,200,24564.2,50,0,319700
NIFTY-III.NFO,08/11/2024,09:36:56,24553.65,24556.5,200,24564,225,0,319700
NIFTY-III.NFO,08/11/2024,09:36:57,24553.65,24558.2,275,24564,175,0,319700
NIFTY-III.NFO,08/11/2024,09:36:59,24553.65,24556.3,275,24563.95,50,0,319700
NIFTY-III.NFO,08/11/2024,09:37:01,24553.65,24556,200,24563.35,50,0,319700
NIFTY-III.NFO,08/11/2024,09:37:02,24553.65,24558.2,50,24563.5,25,0,319700
NIFTY-III.NFO,08/11/2024,09:37:04,24553.65,24561.45,275,24568.1,50,0,319700
NIFTY-III.NFO,08/11/2024,09:37:06,24553.65,24561.25,200,24568.15,25,0,319700
NIFTY-III.NFO,08/11/2024,09:37:07,24553.65,24562.75,275,24570,25,0,319700
NIFTY-III.NFO,08/11/2024,09:37:09,24553.65,24562.1,200,24570,25,0,319700
NIFTY-III.NFO,08/11/2024,09:37:11,24553.65,24558.5,200,24565.4,50,0,319700
NIFTY-III.NFO,08/11/2024,09:37:12,24553.65,24554.55,275,24562.95,50,0,319700
NIFTY-III.NFO,08/11/2024,09:37:14,24553.65,24551.8,125,24559.85,75,0,319700
NIFTY-III.NFO,08/11/2024,09:37:15,24557.95,24553,25,24558.65,50,50,319700
NIFTY-III.NFO,08/11/2024,09:37:17,24557.95,24553.85,125,24560.4,50,0,319700
NIFTY-III.NFO,08/11/2024,09:37:19,24557.95,24554.85,200,24561.1,25,0,319700
NIFTY-III.NFO,08/11/2024,09:37:20,24557.95,24556.6,125,24564.25,50,0,319700
NIFTY-III.NFO,08/11/2024,09:37:22,24557.95,24553.05,50,24559.65,50,0,319700
NIFTY-III.NFO,08/11/2024,09:37:24,24557.95,24553,75,24557.95,25,0,319700
NIFTY-III.NFO,08/11/2024,09:37:25,24557.95,24554.2,275,24557.95,25,0,319700
NIFTY-III.NFO,08/11/2024,09:37:27,24557.95,24553.2,275,24557.95,25,0,319700
NIFTY-III.NFO,08/11/2024,09:37:29,24557.95,24553.05,200,24557.95,25,0,319700
NIFTY-III.NFO,08/11/2024,09:37:30,24557.95,24553.75,200,24557.9,25,0,319700
NIFTY-III.NFO,08/11/2024,09:37:32,24557.95,24553,25,24557.85,50,0,319700
NIFTY-III.NFO,08/11/2024,09:37:34,24553,24550,150,24552.25,50,25,319700
NIFTY-III.NFO,08/11/2024,09:37:35,24553,24550,150,24555,50,0,319700
NIFTY-III.NFO,08/11/2024,09:37:37,24553,24550,150,24556.1,50,0,319700
NIFTY-III.NFO,08/11/2024,09:37:39,24553,24551.55,200,24558.25,25,0,319700
NIFTY-III.NFO,08/11/2024,09:37:40,24553,24552.35,200,24558.25,25,0,319700
NIFTY-III.NFO,08/11/2024,09:37:42,24553,24552.2,200,24558.25,25,0,319700
NIFTY-III.NFO,08/11/2024,09:37:44,24553,24552.35,325,24560.55,50,0,319700
NIFTY-III.NFO,08/11/2024,09:37:45,24553,24552.9,275,24560.85,25,0,319700
NIFTY-III.NFO,08/11/2024,09:37:47,24553,24552.35,275,24560.7,50,0,319700
NIFTY-III.NFO,08/11/2024,09:37:49,24553,24553.5,275,24560.8,50,0,319700
NIFTY-III.NFO,08/11/2024,09:37:50,24553,24555.7,275,24563.55,50,0,319700
NIFTY-III.NFO,08/11/2024,09:37:52,24553,24557.3,200,24563.25,75,0,319700
NIFTY-III.NFO,08/11/2024,09:37:54,24553,24559.35,275,24567.35,50,0,319700
NIFTY-III.NFO,08/11/2024,09:37:55,24553,24557.85,325,24566.65,50,0,319700
NIFTY-III.NFO,08/11/2024,09:37:57,24551.35,24552.9,125,24563.3,150,4000,319700
NIFTY-III.NFO,08/11/2024,09:37:59,24551.35,24552.75,75,24563.3,75,0,319700
NIFTY-III.NFO,08/11/2024,09:38:00,24551.35,24550,150,24560.35,50,0,319700
NIFTY-III.NFO,08/11/2024,09:38:02,24551.35,24550.2,125,24561.15,125,0,319700
NIFTY-III.NFO,08/11/2024,09:38:04,24551.35,24553.3,75,24563.1,125,0,319700
NIFTY-III.NFO,08/11/2024,09:38:05,24551.35,24554.1,75,24563.1,125,0,319700
NIFTY-III.NFO,08/11/2024,09:38:07,24551.35,24554.1,75,24563.05,125,0,319700
NIFTY-III.NFO,08/11/2024,09:38:09,24551.35,24551.6,75,24562.65,50,0,319700
NIFTY-III.NFO,08/11/2024,09:38:10,24551.35,24552.55,75,24561.85,125,0,319700
NIFTY-III.NFO,08/11/2024,09:38:12,24551.35,24550,150,24560.65,125,0,319700
NIFTY-III.NFO,08/11/2024,09:38:14,24551.35,24550.15,50,24560.65,125,0,319700
NIFTY-III.NFO,08/11/2024,09:38:16,24551.35,24550,150,24560.05,125,0,319700
NIFTY-III.NFO,08/11/2024,09:38:17,24551.35,24551.35,25,24560.05,125,0,319700
NIFTY-III.NFO,08/11/2024,09:38:19,24551.35,24551.35,25,24558.75,50,0,319700
NIFTY-III.NFO,08/11/2024,09:38:21,24551.35,24551.35,25,24555.65,50,0,319700
NIFTY-III.NFO,08/11/2024,09:38:22,24550,24550,25,24558.65,125,150,319700
NIFTY-III.NFO,08/11/2024,09:38:24,24550,24550,25,24557.7,125,0,319700
NIFTY-III.NFO,08/11/2024,09:38:26,24550,24550,25,24554.85,200,0,319700
NIFTY-III.NFO,08/11/2024,09:38:27,24550,24545.2,75,24555.05,50,25,319700
NIFTY-III.NFO,08/11/2024,09:38:29,24550,24546.75,175,24556.1,125,0,319700
NIFTY-III.NFO,08/11/2024,09:38:31,24550,24547.7,50,24550,500,0,319700
NIFTY-III.NFO,08/11/2024,09:38:32,24550,24546.7,75,24550,500,0,319700
NIFTY-III.NFO,08/11/2024,09:38:34,24550,24549.45,50,24550,425,75,319700
NIFTY-III.NFO,08/11/2024,09:38:36,24550,24546.55,50,24550,425,0,319700
NIFTY-III.NFO,08/11/2024,09:38:37,24550,24548.75,50,24550,425,0,319700
NIFTY-III.NFO,08/11/2024,09:38:39,24550,24548.9,50,24550,450,0,319700
NIFTY-III.NFO,08/11/2024,09:38:41,24550,24550.95,125,24560.2,275,450,319700
NIFTY-III.NFO,08/11/2024,09:38:42,24550,24554.95,75,24562.55,200,0,319700
NIFTY-III.NFO,08/11/2024,09:38:44,24550,24561.05,125,24568.85,275,0,319700
NIFTY-III.NFO,08/11/2024,09:38:46,24550,24558.45,75,24565.1,275,0,319700
NIFTY-III.NFO,08/11/2024,09:38:47,24550,24558.6,75,24565.9,250,0,319700
NIFTY-III.NFO,08/11/2024,09:38:49,24550,24558.6,75,24566.3,325,0,319700
NIFTY-III.NFO,08/11/2024,09:38:51,24550,24558.75,125,24567.45,200,0,319700
NIFTY-III.NFO,08/11/2024,09:38:52,24550,24560.6,125,24568.95,200,0,319700
NIFTY-III.NFO,08/11/2024,09:38:54,24550,24561.3,75,24568.8,200,0,319700
NIFTY-III.NFO,08/11/2024,09:38:56,24550,24556.3,125,24564.9,275,0,319700
NIFTY-III.NFO,08/11/2024,09:38:57,24550,24554.35,50,24561.4,275,0,319700
NIFTY-III.NFO,08/11/2024,09:38:59,24550,24556.25,100,24565.3,200,0,319700
NIFTY-III.NFO,08/11/2024,09:39:01,24550,24561.75,125,24571.1,200,0,319700
NIFTY-III.NFO,08/11/2024,09:39:02,24550,24566.85,125,24574.65,275,0,319700
NIFTY-III.NFO,08/11/2024,09:39:06,24550,24566.85,75,24573.55,275,0,319700
NIFTY-III.NFO,08/11/2024,09:39:07,24550,24569.65,75,24576.4,250,0,319700
NIFTY-III.NFO,08/11/2024,09:39:09,24550,24567.25,75,24574.3,200,0,319700
NIFTY-III.NFO,08/11/2024,09:39:11,24550,24568.7,75,24576.65,275,0,319700
NIFTY-III.NFO,08/11/2024,09:39:12,24550,24569.7,75,24577.85,325,0,319700
NIFTY-III.NFO,08/11/2024,09:39:15,24569.7,24569.8,75,24577.3,275,25,319700
NIFTY-III.NFO,08/11/2024,09:39:16,24569.7,24570.15,75,24577.75,275,0,319700
NIFTY-III.NFO,08/11/2024,09:39:18,24571.95,24572.75,75,24579.8,275,25,319700
NIFTY-III.NFO,08/11/2024,09:39:20,24572.75,24572.75,50,24579.7,275,25,319700
NIFTY-III.NFO,08/11/2024,09:39:21,24572.75,24572.75,50,24579.25,275,0,319700
NIFTY-III.NFO,08/11/2024,09:39:23,24572.75,24570.55,75,24577.35,325,0,319700
NIFTY-III.NFO,08/11/2024,09:39:25,24572.75,24567.8,125,24576.1,275,0,319700
NIFTY-III.NFO,08/11/2024,09:39:26,24572.75,24567.8,75,24573.35,275,0,319700
NIFTY-III.NFO,08/11/2024,09:39:28,24572.75,24566,25,24571.1,325,0,319700
NIFTY-III.NFO,08/11/2024,09:39:30,24572.75,24566,25,24572.7,325,0,319700
NIFTY-III.NFO,08/11/2024,09:39:31,24572.75,24563.85,50,24571.75,275,0,319700
NIFTY-III.NFO,08/11/2024,09:39:33,24572.75,24560.7,75,24568.65,275,0,319700
NIFTY-III.NFO,08/11/2024,09:39:35,24572.75,24560.85,125,24569.55,325,0,319700
NIFTY-III.NFO,08/11/2024,09:39:36,24572.75,24561.65,175,24570.3,250,0,319700
NIFTY-III.NFO,08/11/2024,09:39:38,24572.75,24561.85,125,24570.35,275,0,319700
NIFTY-III.NFO,08/11/2024,09:39:40,24572.75,24562.7,75,24568.8,200,0,319700
NIFTY-III.NFO,08/11/2024,09:39:41,24572.75,24560.05,75,24565.5,275,0,319700
NIFTY-III.NFO,08/11/2024,09:39:43,24572.75,24560.05,75,24567.6,325,0,319700
NIFTY-III.NFO,08/11/2024,09:39:45,24557.25,24557.25,50,24563.85,250,25,321325
NIFTY-III.NFO,08/11/2024,09:39:46,24557.25,24555.55,125,24564.25,275,0,321325
NIFTY-III.NFO,08/11/2024,09:39:48,24557.25,24555.55,75,24562.1,200,0,321325
NIFTY-III.NFO,08/11/2024,09:39:50,24557.25,24555.55,75,24563.9,325,0,321325
NIFTY-III.NFO,08/11/2024,09:39:51,24557.25,24557.1,75,24563.7,200,0,321325
NIFTY-III.NFO,08/11/2024,09:39:53,24557.25,24557,25,24560.05,200,0,321325
NIFTY-III.NFO,08/11/2024,09:39:55,24557.25,24557.1,75,24561.8,200,0,321325
NIFTY-III.NFO,08/11/2024,09:39:56,24557.25,24557,25,24562.95,275,0,321325
NIFTY-III.NFO,08/11/2024,09:39:58,24557.25,24557,25,24562.85,275,0,321325
NIFTY-III.NFO,08/11/2024,09:40:00,24557.25,24557,25,24562,200,0,321325
NIFTY-III.NFO,08/11/2024,09:40:01,24557,24549.35,75,24560.45,275,25,321325
NIFTY-III.NFO,08/11/2024,09:40:03,24557,24546.65,125,24556.85,200,0,321325
NIFTY-III.NFO,08/11/2024,09:40:05,24557,24546.85,125,24556.15,275,0,321325
NIFTY-III.NFO,08/11/2024,09:40:06,24557,24544.65,75,24555.1,275,0,321325
NIFTY-III.NFO,08/11/2024,09:40:08,24557,24546.4,125,24555.35,200,0,321325
NIFTY-III.NFO,08/11/2024,09:40:10,24557,24548.1,125,24556.65,325,0,321325
NIFTY-III.NFO,08/11/2024,09:40:11,24557,24546.05,75,24555.25,275,0,321325
NIFTY-III.NFO,08/11/2024,09:40:13,24557,24543.95,125,24552.3,275,0,321325
NIFTY-III.NFO,08/11/2024,09:40:14,24557,24543.95,125,24553.2,325,0,321325
NIFTY-III.NFO,08/11/2024,09:40:16,24557,24546,125,24555.9,75,0,321325
NIFTY-III.NFO,08/11/2024,09:40:17,24557,24547.25,75,24555.85,275,0,321325
NIFTY-III.NFO,08/11/2024,09:40:19,24557,24542.15,75,24551.3,275,0,321325
NIFTY-III.NFO,08/11/2024,09:40:21,24557,24546.7,75,24555.05,325,0,321325
NIFTY-III.NFO,08/11/2024,09:40:22,24557,24546.65,100,24556.5,200,0,321325
NIFTY-III.NFO,08/11/2024,09:40:24,24557,24554.85,75,24561.25,200,0,321325
NIFTY-III.NFO,08/11/2024,09:40:26,24557,24551.85,125,24560.95,200,0,321325
NIFTY-III.NFO,08/11/2024,09:40:27,24557,24553.7,50,24561.85,275,0,321325
NIFTY-III.NFO,08/11/2024,09:40:29,24557,24553.75,50,24561.45,275,0,321325
NIFTY-III.NFO,08/11/2024,09:40:31,24557,24554.7,75,24562,325,0,321325
NIFTY-III.NFO,08/11/2024,09:40:32,24557,24551.9,75,24559.45,275,0,321325
NIFTY-III.NFO,08/11/2024,09:40:34,24557,24552.45,175,24561.2,275,0,321325
NIFTY-III.NFO,08/11/2024,09:40:36,24557,24554.55,125,24563.25,200,0,321325
NIFTY-III.NFO,08/11/2024,09:40:37,24557,24555.25,125,24563.9,200,0,321325
NIFTY-III.NFO,08/11/2024,09:40:39,24557,24557.1,75,24565.05,275,0,321325
NIFTY-III.NFO,08/11/2024,09:40:41,24557,24557.65,75,24564.55,275,0,321325
NIFTY-III.NFO,08/11/2024,09:40:42,24557,24558.85,75,24567.25,275,0,321325
NIFTY-III.NFO,08/11/2024,09:40:44,24557,24560.3,75,24567.7,275,0,321325
NIFTY-III.NFO,08/11/2024,09:40:46,24557,24562.9,75,24569.35,325,0,321325
NIFTY-III.NFO,08/11/2024,09:40:47,24557,24560.35,75,24567.15,275,0,321325
NIFTY-III.NFO,08/11/2024,09:40:49,24557,24557.7,75,24565,200,0,321325
NIFTY-III.NFO,08/11/2024,09:40:51,24557,24557.7,75,24565.75,275,0,321325
NIFTY-III.NFO,08/11/2024,09:40:52,24557,24557.95,75,24565.55,275,0,321325
NIFTY-III.NFO,08/11/2024,09:40:54,24557,24557.95,75,24564.45,275,0,321325
NIFTY-III.NFO,08/11/2024,09:40:56,24557,24556.3,75,24563.9,250,0,321325
NIFTY-III.NFO,08/11/2024,09:40:57,24557,24557.2,50,24565.65,275,0,321325
NIFTY-III.NFO,08/11/2024,09:40:59,24557,24559.7,75,24568.25,200,0,321325
NIFTY-III.NFO,08/11/2024,09:41:01,24557,24559.65,75,24565.4,275,0,321325
NIFTY-III.NFO,08/11/2024,09:41:02,24557,24559.65,75,24567.15,275,0,321325
NIFTY-III.NFO,08/11/2024,09:41:04,24557,24564.1,50,24572.3,275,0,321325
NIFTY-III.NFO,08/11/2024,09:41:06,24557,24563,50,24571.65,250,0,321325
NIFTY-III.NFO,08/11/2024,09:41:07,24557,24562.2,75,24569.9,275,0,321325
NIFTY-III.NFO,08/11/2024,09:41:09,24557,24562.2,75,24570.35,275,0,321325
NIFTY-III.NFO,08/11/2024,09:41:11,24557,24563,75,24569.45,325,0,321325
NIFTY-III.NFO,08/11/2024,09:41:12,24560.9,24561.95,75,24570.6,275,25,321325
NIFTY-III.NFO,08/11/2024,09:41:14,24560.9,24570.95,75,24577.2,200,0,321325
NIFTY-III.NFO,08/11/2024,09:41:16,24560.9,24568.2,75,24576,275,0,321325
NIFTY-III.NFO,08/11/2024,09:41:18,24560.9,24569,125,24577.65,325,0,321325
NIFTY-III.NFO,08/11/2024,09:41:19,24560.9,24571.45,75,24578.95,275,0,321325
NIFTY-III.NFO,08/11/2024,09:41:21,24586,24584,75,24586,50,75,321325
NIFTY-III.NFO,08/11/2024,09:41:23,24586,24581.3,75,24586,50,0,321325
NIFTY-III.NFO,08/11/2024,09:41:24,24586,24592.35,75,24599.9,275,50,321325
NIFTY-III.NFO,08/11/2024,09:41:26,24586,24591.8,75,24599.1,200,0,321325
NIFTY-III.NFO,08/11/2024,09:41:28,24586,24591.8,75,24598.25,275,0,321325
NIFTY-III.NFO,08/11/2024,09:41:29,24586,24593.35,75,24599.6,275,0,321325
NIFTY-III.NFO,08/11/2024,09:41:31,24586,24592,75,24595,25,0,321325
NIFTY-III.NFO,08/11/2024,09:41:33,24595,24589.15,75,24595.8,50,25,321325
NIFTY-III.NFO,08/11/2024,09:41:34,24595,24585.5,75,24591.8,200,0,321325
NIFTY-III.NFO,08/11/2024,09:41:36,24595,24579.55,75,24587.95,275,0,321325
NIFTY-III.NFO,08/11/2024,09:41:38,24595,24581.45,150,24590,275,0,321325
NIFTY-III.NFO,08/11/2024,09:41:39,24595,24588.8,50,24592.45,275,0,321325
NIFTY-III.NFO,08/11/2024,09:41:41,24588.8,24578.85,75,24586.95,275,50,321325
NIFTY-III.NFO,08/11/2024,09:41:43,24588.8,24580.1,75,24585.9,200,0,321325
NIFTY-III.NFO,08/11/2024,09:41:44,24588.8,24581.85,75,24589.85,275,0,321325
NIFTY-III.NFO,08/11/2024,09:41:46,24588.8,24580.05,75,24586.35,275,0,321325
NIFTY-III.NFO,08/11/2024,09:41:48,24588.8,24580.05,75,24585.4,200,0,321325
NIFTY-III.NFO,08/11/2024,09:41:49,24585.1,24580,25,24584.65,275,50,321325
NIFTY-III.NFO,08/11/2024,09:41:51,24585.1,24580,25,24586.35,275,0,321325
NIFTY-III.NFO,08/11/2024,09:41:53,24585.1,24580.1,75,24584.85,200,0,321325
NIFTY-III.NFO,08/11/2024,09:41:54,24585.1,24580.2,75,24585.1,200,0,321325
NIFTY-III.NFO,08/11/2024,09:41:56,24585.1,24580.1,75,24584.25,200,0,321325
NIFTY-III.NFO,08/11/2024,09:41:58,24585.1,24580,25,24584.8,200,0,321325
NIFTY-III.NFO,08/11/2024,09:41:59,24585.1,24580,25,24585.45,275,0,321325
NIFTY-III.NFO,08/11/2024,09:42:01,24585.1,24580.1,75,24585.8,275,0,321325
NIFTY-III.NFO,08/11/2024,09:42:03,24585.1,24585.15,75,24589.85,50,0,321325
NIFTY-III.NFO,08/11/2024,09:42:04,24585.1,24586.75,75,24593.2,200,0,321325
NIFTY-III.NFO,08/11/2024,09:42:06,24585.1,24588.15,50,24592.2,50,0,321325
NIFTY-III.NFO,08/11/2024,09:42:08,24585.1,24589.55,75,24594.95,200,0,321325
NIFTY-III.NFO,08/11/2024,09:42:09,24585.1,24588.2,75,24594.75,275,0,321325
NIFTY-III.NFO,08/11/2024,09:42:11,24585.1,24586.8,75,24592.05,200,0,321325
NIFTY-III.NFO,08/11/2024,09:42:13,24585.1,24585.6,50,24593.3,200,0,321325
NIFTY-III.NFO,08/11/2024,09:42:14,24585.1,24585.1,50,24591.4,200,0,321325
NIFTY-III.NFO,08/11/2024,09:42:15,24585.1,24585.15,50,24592.2,275,0,321325
NIFTY-III.NFO,08/11/2024,09:42:17,24585.1,24586.55,75,24593.8,275,0,321325
NIFTY-III.NFO,08/11/2024,09:42:19,24585.1,24588,75,24594.45,200,0,321325
NIFTY-III.NFO,08/11/2024,09:42:20,24585.1,24588.7,75,24594.3,50,0,321325
NIFTY-III.NFO,08/11/2024,09:42:22,24585.1,24588.5,50,24594.65,50,0,321325
NIFTY-III.NFO,08/11/2024,09:42:24,24585.1,24586.8,75,24593.7,275,0,321325
NIFTY-III.NFO,08/11/2024,09:42:25,24594.15,24588.7,50,24595,25,50,321325
NIFTY-III.NFO,08/11/2024,09:42:27,24594.15,24588.15,50,24595,25,0,321325
NIFTY-III.NFO,08/11/2024,09:42:29,24594.15,24588.45,50,24594.75,325,0,321325
NIFTY-III.NFO,08/11/2024,09:42:30,24594.15,24589.5,75,24595,25,0,321325
NIFTY-III.NFO,08/11/2024,09:42:32,24594.15,24589.65,75,24595,25,0,321325
NIFTY-III.NFO,08/11/2024,09:42:34,24594.15,24593.3,50,24595,25,0,321325
NIFTY-III.NFO,08/11/2024,09:42:35,24595,24592.25,75,24599.65,275,25,321325
NIFTY-III.NFO,08/11/2024,09:42:37,24595,24592.35,75,24598.8,275,0,321325
NIFTY-III.NFO,08/11/2024,09:42:39,24595,24592.35,75,24598.7,325,0,321325
NIFTY-III.NFO,08/11/2024,09:42:41,24595,24595.8,50,24599.95,25,0,321325
NIFTY-III.NFO,08/11/2024,09:42:42,24595,24591.75,75,24597.8,50,0,321325
NIFTY-III.NFO,08/11/2024,09:42:44,24595,24592.2,75,24598.75,200,0,321325
NIFTY-III.NFO,08/11/2024,09:42:46,24595,24594.25,75,24599.95,25,0,321325
NIFTY-III.NFO,08/11/2024,09:42:47,24595,24595.45,75,24599.95,25,0,321325
NIFTY-III.NFO,08/11/2024,09:42:49,24595,24595.9,75,24599.95,25,0,321325
NIFTY-III.NFO,08/11/2024,09:42:51,24595,24594.45,75,24599.95,25,0,321325
NIFTY-III.NFO,08/11/2024,09:42:52,24593.9,24594.45,75,24599.95,25,25,321475
NIFTY-III.NFO,08/11/2024,09:42:54,24593.9,24595.55,75,24599.95,25,0,321475
NIFTY-III.NFO,08/11/2024,09:42:56,24593.9,24594.6,75,24599.95,25,0,321475
NIFTY-III.NFO,08/11/2024,09:42:57,24593.9,24587.75,25,24597.2,275,0,321475
NIFTY-III.NFO,08/11/2024,09:42:59,24597.05,24589.35,25,24598.55,275,50,321475
NIFTY-III.NFO,08/11/2024,09:43:01,24597.05,24594.55,25,24599.95,25,0,321475
NIFTY-III.NFO,08/11/2024,09:43:02,24597.05,24595.7,25,24599.95,25,0,321475
NIFTY-III.NFO,08/11/2024,09:43:04,24597.05,24595,25,24599.35,200,0,321475
NIFTY-III.NFO,08/11/2024,09:43:06,24597.05,24595,25,24599.1,275,0,321475
NIFTY-III.NFO,08/11/2024,09:43:07,24597.05,24588.05,25,24594.85,50,0,321475
NIFTY-III.NFO,08/11/2024,09:43:09,24593,24590.75,25,24598.9,325,25,321475
NIFTY-III.NFO,08/11/2024,09:43:11,24593,24591.8,75,24599.9,275,0,321475
NIFTY-III.NFO,08/11/2024,09:43:12,24593,24586.5,25,24594.5,275,0,321475
NIFTY-III.NFO,08/11/2024,09:43:14,24593,24589.05,25,24596.45,275,0,321475
NIFTY-III.NFO,08/11/2024,09:43:16,24593,24589.25,25,24596.85,250,0,321475
NIFTY-III.NFO,08/11/2024,09:43:17,24593,24584.8,25,24593.6,200,0,321475
NIFTY-III.NFO,08/11/2024,09:43:19,24593,24584.3,25,24592.6,325,0,321475
NIFTY-III.NFO,08/11/2024,09:43:21,24584.7,24586.1,75,24594,275,25,321475
NIFTY-III.NFO,08/11/2024,09:43:22,24584.7,24585.35,75,24591.8,250,0,321475
NIFTY-III.NFO,08/11/2024,09:43:24,24584.7,24585.6,75,24593.05,275,0,321475
NIFTY-III.NFO,08/11/2024,09:43:26,24584.7,24584.9,75,24592.75,325,0,321475
NIFTY-III.NFO,08/11/2024,09:43:27,24584.7,24586,75,24593.05,200,0,321475
NIFTY-III.NFO,08/11/2024,09:43:29,24584.7,24583.05,75,24591.55,275,0,321475
NIFTY-III.NFO,08/11/2024,09:43:31,24584.7,24584.3,75,24591.25,200,0,321475
NIFTY-III.NFO,08/11/2024,09:43:32,24584.7,24584.05,75,24591,200,0,321475
NIFTY-III.NFO,08/11/2024,09:43:34,24584.7,24584.3,25,24594.5,275,0,321475
NIFTY-III.NFO,08/11/2024,09:43:36,24584.7,24582.3,75,24588.85,275,0,321475
NIFTY-III.NFO,08/11/2024,09:43:37,24584.7,24582.9,75,24590.4,275,0,321475
NIFTY-III.NFO,08/11/2024,09:43:39,24584.7,24584.7,25,24589.55,200,0,321475
NIFTY-III.NFO,08/11/2024,09:43:42,24584.7,24584.7,25,24589.45,200,0,321475
NIFTY-III.NFO,08/11/2024,09:43:44,24584.7,24584.7,25,24588.25,275,0,321475
NIFTY-III.NFO,08/11/2024,09:43:46,24584.7,24584.7,25,24587.9,200,0,321475
NIFTY-III.NFO,08/11/2024,09:43:47,24584.7,24585,25,24588.45,200,0,321475
NIFTY-III.NFO,08/11/2024,09:43:49,24585,24580.8,75,24587.85,250,25,321475
NIFTY-III.NFO,08/11/2024,09:43:51,24585,24584,25,24588.55,250,0,321475
NIFTY-III.NFO,08/11/2024,09:43:52,24585,24584,25,24590.95,250,0,321475
NIFTY-III.NFO,08/11/2024,09:43:54,24585,24584,25,24590.9,275,0,321475
NIFTY-III.NFO,08/11/2024,09:43:56,24585,24584,25,24591,325,0,321475
NIFTY-III.NFO,08/11/2024,09:43:57,24585,24584,25,24591.5,275,0,321475
NIFTY-III.NFO,08/11/2024,09:43:59,24585,24584,25,24589.85,200,0,321475
NIFTY-III.NFO,08/11/2024,09:44:01,24585,24584,25,24588.5,325,0,321475
NIFTY-III.NFO,08/11/2024,09:44:02,24585,24584.2,75,24589.75,200,0,321475
NIFTY-III.NFO,08/11/2024,09:44:04,24585,24584,25,24590.3,200,0,321475
NIFTY-III.NFO,08/11/2024,09:44:06,24585,24584,25,24590.65,275,0,321475
NIFTY-III.NFO,08/11/2024,09:44:07,24585,24584,25,24590.45,325,0,321475
NIFTY-III.NFO,08/11/2024,09:44:09,24585,24584.05,25,24590.65,275,0,321475
NIFTY-III.NFO,08/11/2024,09:44:11,24582.05,24582,25,24587.3,275,50,321475
NIFTY-III.NFO,08/11/2024,09:44:12,24582.05,24580,25,24584.3,275,0,321475
NIFTY-III.NFO,08/11/2024,09:44:14,24582.05,24580,25,24585.05,325,0,321475
NIFTY-III.NFO,08/11/2024,09:44:16,24582.05,24580,25,24583.45,325,0,321475
NIFTY-III.NFO,08/11/2024,09:44:17,24582.05,24580,25,24583.95,275,0,321475
NIFTY-III.NFO,08/11/2024,09:44:21,24582.05,24580,50,24583.95,275,0,321475
NIFTY-III.NFO,08/11/2024,09:44:22,24582.05,24580,50,24583.45,50,0,321475
NIFTY-III.NFO,08/11/2024,09:44:24,24582.05,24580,50,24583.6,275,0,321475
NIFTY-III.NFO,08/11/2024,09:44:26,24582.05,24580,50,24581.95,200,0,321475
NIFTY-III.NFO,08/11/2024,09:44:27,24582.05,24580,50,24580.4,75,0,321475
NIFTY-III.NFO,08/11/2024,09:44:29,24580,24576.1,500,24580.9,75,50,321475
NIFTY-III.NFO,08/11/2024,09:44:31,24580,24576.1,500,24580,75,0,321475
NIFTY-III.NFO,08/11/2024,09:44:32,24580,24576.1,500,24582,25,0,321475
NIFTY-III.NFO,08/11/2024,09:44:36,24580,24576.1,500,24580,75,25,321475
NIFTY-III.NFO,08/11/2024,09:44:37,24580,24576.1,500,24580,75,0,321475
NIFTY-III.NFO,08/11/2024,09:44:39,24581.5,24580.8,75,24582,25,100,321475
NIFTY-III.NFO,08/11/2024,09:44:41,24583,24583.05,75,24584,25,75,321475
NIFTY-III.NFO,08/11/2024,09:44:42,24581.65,24582.35,75,24584,25,25,321475
NIFTY-III.NFO,08/11/2024,09:44:44,24581.65,24578.95,75,24584,25,0,321475
NIFTY-III.NFO,08/11/2024,09:44:46,24581.65,24581.1,75,24584,25,0,321475
NIFTY-III.NFO,08/11/2024,09:44:47,24581.65,24580.35,75,24583,50,0,321475
NIFTY-III.NFO,08/11/2024,09:44:49,24581.65,24580.2,25,24583,50,0,321475
NIFTY-III.NFO,08/11/2024,09:44:51,24584,24584.95,75,24585,150,75,321475
NIFTY-III.NFO,08/11/2024,09:44:52,24584,24583.05,75,24585,150,0,321475
NIFTY-III.NFO,08/11/2024,09:44:54,24584,24580.6,75,24585,150,0,321475
NIFTY-III.NFO,08/11/2024,09:44:56,24584,24577.3,25,24584.95,200,0,321475
NIFTY-III.NFO,08/11/2024,09:44:57,24584,24580.05,75,24585,150,0,321475
NIFTY-III.NFO,08/11/2024,09:45:01,24584,24579.5,25,24585,150,0,321475
NIFTY-III.NFO,08/11/2024,09:45:02,24584,24578.5,75,24585,150,0,321475
NIFTY-III.NFO,08/11/2024,09:45:04,24584,24582.85,75,24585,150,0,321475
NIFTY-III.NFO,08/11/2024,09:45:06,24584,24584.05,75,24585,150,0,321475
NIFTY-III.NFO,08/11/2024,09:45:07,24585,24584.2,75,24590.7,25,150,321475
NIFTY-III.NFO,08/11/2024,09:45:09,24584.95,24584.95,50,24590.7,25,25,321475
NIFTY-III.NFO,08/11/2024,09:45:11,24584.95,24584.9,75,24590.7,25,0,321475
NIFTY-III.NFO,08/11/2024,09:45:12,24584.95,24583.6,75,24590.7,100,0,321475
NIFTY-III.NFO,08/11/2024,09:45:14,24584.95,24586.6,75,24590.7,25,0,321475
NIFTY-III.NFO,08/11/2024,09:45:16,24584.95,24589.25,75,24590.7,25,0,321475
NIFTY-III.NFO,08/11/2024,09:45:18,24584.95,24588.7,75,24590.7,25,0,321475
NIFTY-III.NFO,08/11/2024,09:45:19,24584.95,24590.3,75,24590.7,25,0,321475
NIFTY-III.NFO,08/11/2024,09:45:21,24590.7,24591.6,75,24595,25,25,321475
NIFTY-III.NFO,08/11/2024,09:45:23,24595,24595.2,50,24599.95,25,25,321475
NIFTY-III.NFO,08/11/2024,09:45:24,24595,24594.5,75,24599.95,25,0,321475
NIFTY-III.NFO,08/11/2024,09:45:26,24595,24593.55,75,24599.6,275,0,321475
NIFTY-III.NFO,08/11/2024,09:45:28,24599.6,24594.7,25,24599.95,25,25,321475
NIFTY-III.NFO,08/11/2024,09:45:29,24599.6,24595.55,25,24599.95,25,0,321475
NIFTY-III.NFO,08/11/2024,09:45:31,24599.6,24595.05,75,24599.95,25,0,321475
NIFTY-III.NFO,08/11/2024,09:45:33,24599.6,24598.85,25,24599.95,25,0,321475
NIFTY-III.NFO,08/11/2024,09:45:34,24599.6,24599.65,25,24599.95,25,0,321475
NIFTY-III.NFO,08/11/2024,09:45:36,24599.05,24599.05,25,24599.95,25,25,321475
NIFTY-III.NFO,08/11/2024,09:45:38,24599.95,24598.95,25,24600,200,25,321475
NIFTY-III.NFO,08/11/2024,09:45:39,24600,24598.55,25,24600,150,50,321475
NIFTY-III.NFO,08/11/2024,09:45:41,24600,24599.2,25,24601.65,25,150,321325
NIFTY-III.NFO,08/11/2024,09:45:43,24610,24610.75,25,24615,100,175,321325
NIFTY-III.NFO,08/11/2024,09:45:43,24610,24610.75,25,24615,100,0,321325
NIFTY-III.NFO,08/11/2024,09:45:44,24615.9,24615.3,75,24620,125,125,321325
NIFTY-III.NFO,08/11/2024,09:45:44,24615.9,24615.3,75,24620,125,0,321325
NIFTY-III.NFO,08/11/2024,09:45:46,24615.9,24616.9,50,24620,125,0,321325
NIFTY-III.NFO,08/11/2024,09:45:48,24615.9,24619.9,25,24620,125,0,321325
NIFTY-III.NFO,08/11/2024,09:45:49,24620,24617.45,25,24620,100,75,321325
NIFTY-III.NFO,08/11/2024,09:45:49,24620,24617.45,25,24620,100,0,321325
NIFTY-III.NFO,08/11/2024,09:45:51,24620,24618.25,125,24620,100,0,321325
NIFTY-III.NFO,08/11/2024,09:45:53,24649,24642.1,200,24649,25,3600,321325
NIFTY-III.NFO,08/11/2024,09:45:53,24649,24642.1,200,24649,25,0,321325
NIFTY-III.NFO,08/11/2024,09:45:54,24650,24643.55,275,24650,375,50,321325
NIFTY-III.NFO,08/11/2024,09:45:54,24650,24643.55,275,24650,375,0,321325
NIFTY-III.NFO,08/11/2024,09:45:56,24650.75,24649.2,200,24652,50,400,321325
NIFTY-III.NFO,08/11/2024,09:45:56,24650.75,24649.2,200,24652,50,0,321325
NIFTY-III.NFO,08/11/2024,09:45:58,24657,24654.3,75,24659,25,100,321325
NIFTY-III.NFO,08/11/2024,09:45:58,24657,24654.3,75,24659,25,0,321325
NIFTY-III.NFO,08/11/2024,09:45:59,24659,24655.9,200,24660,150,25,321325
NIFTY-III.NFO,08/11/2024,09:45:59,24659,24655.9,200,24660,150,0,321325
NIFTY-III.NFO,08/11/2024,09:46:01,24665.8,24665.8,275,24670,25,225,321325
NIFTY-III.NFO,08/11/2024,09:46:01,24665.8,24665.8,275,24670,25,0,321325
NIFTY-III.NFO,08/11/2024,09:46:03,24670,24667.9,200,24675,25,25,321325
NIFTY-III.NFO,08/11/2024,09:46:03,24670,24667.9,200,24675,25,0,321325
NIFTY-III.NFO,08/11/2024,09:46:04,24670,24669.8,200,24675,25,0,321325
NIFTY-III.NFO,08/11/2024,09:46:06,24670,24665,75,24667.65,50,0,321325
NIFTY-III.NFO,08/11/2024,09:46:08,24665,24656.1,75,24665.2,125,75,321325
NIFTY-III.NFO,08/11/2024,09:46:09,24665,24657.65,200,24665.35,50,0,321325
NIFTY-III.NFO,08/11/2024,09:46:11,24665,24657.05,200,24664.5,50,0,321325
NIFTY-III.NFO,08/11/2024,09:46:13,24664.5,24656.15,75,24664.2,125,25,321325
NIFTY-III.NFO,08/11/2024,09:46:14,24664.5,24652.3,200,24661.75,50,0,321325
NIFTY-III.NFO,08/11/2024,09:46:16,24660.6,24651.75,150,24660.6,75,50,321325
NIFTY-III.NFO,08/11/2024,09:46:17,24660.6,24650,25,24657.3,50,0,321325
NIFTY-III.NFO,08/11/2024,09:46:19,24660.6,24650.05,250,24659.85,125,0,321325
NIFTY-III.NFO,08/11/2024,09:46:21,24660.6,24652,200,24660.55,125,0,321325
NIFTY-III.NFO,08/11/2024,09:46:22,24660.6,24653.4,200,24660.6,50,0,321325
NIFTY-III.NFO,08/11/2024,09:46:24,24660.6,24659.05,25,24664.4,50,50,321325
NIFTY-III.NFO,08/11/2024,09:46:26,24660.6,24656.9,200,24664.5,50,0,321325
NIFTY-III.NFO,08/11/2024,09:46:27,24660.6,24656.55,275,24660.6,300,0,321325
NIFTY-III.NFO,08/11/2024,09:46:29,24660.6,24656.65,275,24660,250,0,321325
NIFTY-III.NFO,08/11/2024,09:46:31,24660.6,24659.35,275,24664.5,50,550,321325
NIFTY-III.NFO,08/11/2024,09:46:32,24660.6,24660.05,75,24664.5,50,0,321325
NIFTY-III.NFO,08/11/2024,09:46:34,24660.6,24660.05,75,24664.5,50,25,321325
NIFTY-III.NFO,08/11/2024,09:46:36,24659.2,24660.05,275,24664.5,50,75,321325
NIFTY-III.NFO,08/11/2024,09:46:37,24665,24662.8,200,24665,25,75,321325
NIFTY-III.NFO,08/11/2024,09:46:39,24665,24666.1,200,24670,125,25,321325
NIFTY-III.NFO,08/11/2024,09:46:41,24665,24662.15,200,24669.45,50,0,321325
NIFTY-III.NFO,08/11/2024,09:46:42,24665,24664.45,275,24670,125,0,321325
NIFTY-III.NFO,08/11/2024,09:46:44,24670,24670.3,325,24677,100,125,321325
NIFTY-III.NFO,08/11/2024,09:46:46,24677,24672.55,275,24677,50,50,321325
NIFTY-III.NFO,08/11/2024,09:46:46,24677,24672.55,275,24677,50,0,321325
NIFTY-III.NFO,08/11/2024,09:46:47,24672.25,24672.65,275,24677,50,50,321325
NIFTY-III.NFO,08/11/2024,09:46:49,24673.15,24672.35,200,24677,50,50,321325
NIFTY-III.NFO,08/11/2024,09:46:51,24673.15,24673.75,200,24677,50,0,321325
NIFTY-III.NFO,08/11/2024,09:46:52,24673.15,24670.05,200,24676.35,125,0,321325
NIFTY-III.NFO,08/11/2024,09:46:54,24673.15,24670.55,200,24676.95,125,0,321325
NIFTY-III.NFO,08/11/2024,09:46:56,24673.15,24669.9,200,24676.95,275,0,321325
NIFTY-III.NFO,08/11/2024,09:46:57,24673.15,24671.05,200,24673.15,100,0,321325
NIFTY-III.NFO,08/11/2024,09:46:59,24673.15,24670.2,200,24673.15,50,50,321325
NIFTY-III.NFO,08/11/2024,09:47:01,24673.15,24670.3,200,24673.15,25,50,321325
NIFTY-III.NFO,08/11/2024,09:47:03,24673.15,24665,25,24669.8,75,0,321325
NIFTY-III.NFO,08/11/2024,09:47:04,24665,24660.75,25,24666.8,50,25,321325
NIFTY-III.NFO,08/11/2024,09:47:06,24665,24661.4,125,24667.3,125,0,321325
NIFTY-III.NFO,08/11/2024,09:47:08,24665,24662.6,200,24668.9,150,0,321325
NIFTY-III.NFO,08/11/2024,09:47:09,24665,24665.55,200,24671.75,50,0,321325
NIFTY-III.NFO,08/11/2024,09:47:11,24664.2,24662.95,200,24669.2,50,25,321325
NIFTY-III.NFO,08/11/2024,09:47:13,24664.2,24663.35,200,24669.25,200,0,321325
NIFTY-III.NFO,08/11/2024,09:47:14,24664.2,24665.35,125,24670.9,175,0,321325
NIFTY-III.NFO,08/11/2024,09:47:16,24664.2,24664.3,200,24670.85,300,0,321325
NIFTY-III.NFO,08/11/2024,09:47:18,24664.2,24664.25,125,24670.2,50,0,321325
NIFTY-III.NFO,08/11/2024,09:47:19,24672,24672,25,24672.95,25,75,321325
NIFTY-III.NFO,08/11/2024,09:47:21,24672,24672,25,24672.95,25,0,321325
NIFTY-III.NFO,08/11/2024,09:47:24,24672.95,24671.35,75,24673.15,25,25,321325
NIFTY-III.NFO,08/11/2024,09:47:26,24672.95,24668.5,175,24672,525,0,321325
NIFTY-III.NFO,08/11/2024,09:47:28,24672,24667.75,200,24672,475,50,321325
NIFTY-III.NFO,08/11/2024,09:47:29,24672,24669.9,125,24672,425,50,321325
NIFTY-III.NFO,08/11/2024,09:47:31,24672,24667.85,200,24672,425,0,321325
NIFTY-III.NFO,08/11/2024,09:47:33,24672,24668.2,75,24672,400,25,321325
NIFTY-III.NFO,08/11/2024,09:47:34,24672,24670.5,25,24672,400,0,321325
NIFTY-III.NFO,08/11/2024,09:47:36,24672,24668.2,125,24672,400,0,321325
NIFTY-III.NFO,08/11/2024,09:47:38,24672,24667.05,125,24672,400,0,321325
NIFTY-III.NFO,08/11/2024,09:47:39,24671.25,24670.85,150,24673.15,25,475,321325
NIFTY-III.NFO,08/11/2024,09:47:41,24673.15,24670.2,275,24676.95,50,25,321325
NIFTY-III.NFO,08/11/2024,09:47:43,24681,24682.05,250,24685,300,600,321325
NIFTY-III.NFO,08/11/2024,09:47:43,24681,24682.05,250,24685,300,0,321325
NIFTY-III.NFO,08/11/2024,09:47:44,24685,24686.85,75,24688.5,25,300,321325
NIFTY-III.NFO,08/11/2024,09:47:44,24685,24686.85,75,24688.5,25,0,321325
NIFTY-III.NFO,08/11/2024,09:47:46,24683.3,24683.85,150,24688.5,25,50,321325
NIFTY-III.NFO,08/11/2024,09:47:48,24683.3,24679.55,200,24684.2,50,25,321325
NIFTY-III.NFO,08/11/2024,09:47:49,24677.6,24677.25,25,24683.75,200,250,321325
NIFTY-III.NFO,08/11/2024,09:47:51,24677.6,24675,150,24681.8,125,0,321325
NIFTY-III.NFO,08/11/2024,09:47:53,24675.1,24674.25,25,24680.45,275,75,321325
NIFTY-III.NFO,08/11/2024,09:47:54,24680.45,24673.4,75,24679.3,125,25,321325
NIFTY-III.NFO,08/11/2024,09:47:56,24675.1,24673.45,75,24679.55,200,25,321325
NIFTY-III.NFO,08/11/2024,09:47:58,24675.1,24672.75,25,24679.25,200,0,321325
NIFTY-III.NFO,08/11/2024,09:47:59,24672.9,24672.85,25,24677.05,50,25,321325
NIFTY-III.NFO,08/11/2024,09:48:01,24677.05,24672.15,25,24678.55,275,25,321325
NIFTY-III.NFO,08/11/2024,09:48:03,24671,24667.3,75,24672.8,200,25,321325
NIFTY-III.NFO,08/11/2024,09:48:04,24671,24667,25,24674.05,275,0,321325
NIFTY-III.NFO,08/11/2024,09:48:06,24671,24665.4,25,24671.35,25,25,321325
NIFTY-III.NFO,08/11/2024,09:48:08,24670,24665.6,25,24671.35,25,50,321325
NIFTY-III.NFO,08/11/2024,09:48:09,24670,24667.2,25,24671.35,25,0,321325
NIFTY-III.NFO,08/11/2024,09:48:11,24671.35,24667.3,25,24674,25,25,321325
NIFTY-III.NFO,08/11/2024,09:48:13,24671.35,24667.35,25,24670,100,0,321325
NIFTY-III.NFO,08/11/2024,09:48:14,24671.35,24666.5,25,24670,100,0,321325
NIFTY-III.NFO,08/11/2024,09:48:16,24670,24665.05,25,24670,75,25,321325
NIFTY-III.NFO,08/11/2024,09:48:18,24670,24666.5,25,24670,75,0,321325
NIFTY-III.NFO,08/11/2024,09:48:19,24670,24667.4,25,24670,50,25,321325
NIFTY-III.NFO,08/11/2024,09:48:21,24667.45,24670,25,24673.95,200,50,321325
NIFTY-III.NFO,08/11/2024,09:48:22,24670,24667.1,175,24673.6,200,25,321325
NIFTY-III.NFO,08/11/2024,09:48:24,24665.8,24665,25,24670.4,275,250,321325
NIFTY-III.NFO,08/11/2024,09:48:26,24665.8,24665.6,25,24671.05,200,0,321325
NIFTY-III.NFO,08/11/2024,09:48:27,24665.8,24663.5,200,24670.8,50,0,321325
NIFTY-III.NFO,08/11/2024,09:48:29,24665.8,24662.75,175,24669.3,200,0,321325
NIFTY-III.NFO,08/11/2024,09:48:31,24665.8,24665,25,24669.95,50,0,321325
NIFTY-III.NFO,08/11/2024,09:48:32,24665.8,24665.8,25,24669.75,50,0,321325
NIFTY-III.NFO,08/11/2024,09:48:34,24665.8,24662,25,24666.95,150,25,321325
NIFTY-III.NFO,08/11/2024,09:48:36,24665,24662,25,24665.7,200,50,321325
NIFTY-III.NFO,08/11/2024,09:48:37,24665,24662.1,25,24667.35,200,0,321325
NIFTY-III.NFO,08/11/2024,09:48:39,24665,24661.9,25,24668.7,275,0,321325
NIFTY-III.NFO,08/11/2024,09:48:41,24660,24660,25,24666.8,275,50,321325
NIFTY-III.NFO,08/11/2024,09:48:42,24660,24660,25,24665.4,75,0,321325
NIFTY-III.NFO,08/11/2024,09:48:44,24660,24660,25,24665.45,75,0,321325
NIFTY-III.NFO,08/11/2024,09:48:46,24660,24659.05,75,24665.15,150,25,319925
NIFTY-III.NFO,08/11/2024,09:48:47,24660,24659.8,25,24665.8,25,0,319925
NIFTY-III.NFO,08/11/2024,09:48:49,24665.8,24665.8,25,24671.55,50,25,319925
NIFTY-III.NFO,08/11/2024,09:48:51,24665.8,24662.9,175,24669.35,275,0,319925
NIFTY-III.NFO,08/11/2024,09:48:52,24665.8,24660,25,24666.55,200,0,319925
NIFTY-III.NFO,08/11/2024,09:48:54,24665.8,24662.5,25,24668.5,125,0,319925
NIFTY-III.NFO,08/11/2024,09:48:56,24665.8,24661.9,25,24665.75,200,0,319925
NIFTY-III.NFO,08/11/2024,09:48:59,24665.05,24660,25,24664.45,75,50,319925
NIFTY-III.NFO,08/11/2024,09:49:01,24665.05,24655.45,25,24662.4,200,0,319925
NIFTY-III.NFO,08/11/2024,09:49:02,24665.05,24654.7,75,24661.6,275,0,319925
NIFTY-III.NFO,08/11/2024,09:49:04,24665.05,24653.55,75,24660.5,275,0,319925
NIFTY-III.NFO,08/11/2024,09:49:06,24665.05,24650,75,24654.2,250,0,319925
NIFTY-III.NFO,08/11/2024,09:49:07,24665.05,24650.1,75,24658.35,200,0,319925
NIFTY-III.NFO,08/11/2024,09:49:09,24665.05,24650.1,25,24657.45,275,0,319925
NIFTY-III.NFO,08/11/2024,09:49:11,24665.05,24650.1,25,24656.9,275,0,319925
NIFTY-III.NFO,08/11/2024,09:49:12,24650,24650.5,25,24651,25,50,319925
NIFTY-III.NFO,08/11/2024,09:49:14,24651,24651,50,24655.4,75,25,319925
NIFTY-III.NFO,08/11/2024,09:49:16,24656.5,24650.7,100,24660.5,200,50,319925
NIFTY-III.NFO,08/11/2024,09:49:17,24653.4,24653.1,50,24661.25,275,50,319925
NIFTY-III.NFO,08/11/2024,09:49:19,24653.4,24650.85,25,24659.05,200,0,319925
NIFTY-III.NFO,08/11/2024,09:49:21,24653.4,24653.65,200,24662.05,325,0,319925
NIFTY-III.NFO,08/11/2024,09:49:23,24655,24656.25,150,24664.15,275,25,319925
NIFTY-III.NFO,08/11/2024,09:49:24,24656.9,24654.85,175,24662.3,275,25,319925
NIFTY-III.NFO,08/11/2024,09:49:26,24656.9,24652.5,175,24659.55,250,0,319925
NIFTY-III.NFO,08/11/2024,09:49:28,24656.9,24652.25,175,24658.8,250,0,319925
NIFTY-III.NFO,08/11/2024,09:49:29,24656.9,24653,175,24660.9,275,0,319925
NIFTY-III.NFO,08/11/2024,09:49:31,24656.9,24652.15,125,24659.65,200,0,319925
NIFTY-III.NFO,08/11/2024,09:49:33,24656.9,24651.55,175,24658.75,325,0,319925
NIFTY-III.NFO,08/11/2024,09:49:34,24656.9,24651.55,250,24659.65,325,0,319925
NIFTY-III.NFO,08/11/2024,09:49:36,24656.9,24650.6,175,24656.55,50,0,319925
NIFTY-III.NFO,08/11/2024,09:49:38,24656.9,24650.15,25,24657.25,200,0,319925
NIFTY-III.NFO,08/11/2024,09:49:39,24656.9,24651.2,75,24659.45,275,0,319925
NIFTY-III.NFO,08/11/2024,09:49:41,24656.9,24650.85,25,24657.8,275,0,319925
NIFTY-III.NFO,08/11/2024,09:49:43,24656.9,24650.35,175,24658.2,200,0,319925
NIFTY-III.NFO,08/11/2024,09:49:44,24657.4,24652.7,100,24660.4,275,25,319925
NIFTY-III.NFO,08/11/2024,09:49:46,24657.4,24655.7,100,24663.25,275,0,319925
NIFTY-III.NFO,08/11/2024,09:49:48,24657.4,24651.65,100,24659.15,275,0,319925
NIFTY-III.NFO,08/11/2024,09:49:49,24657.4,24650.7,100,24657.55,275,0,319925
NIFTY-III.NFO,08/11/2024,09:49:51,24657.4,24650.15,100,24657.35,275,0,319925
NIFTY-III.NFO,08/11/2024,09:49:53,24657.4,24651.35,100,24657.2,75,0,319925
NIFTY-III.NFO,08/11/2024,09:49:54,24657.4,24653.5,125,24657.4,25,0,319925
NIFTY-III.NFO,08/11/2024,09:49:56,24657.4,24655.15,75,24657.4,50,25,319925
NIFTY-III.NFO,08/11/2024,09:49:58,24657.4,24650.05,25,24657.35,250,0,319925
NIFTY-III.NFO,08/11/2024,09:49:59,24657.4,24650,75,24656.8,200,0,319925
NIFTY-III.NFO,08/11/2024,09:50:01,24657.4,24650.75,75,24657.35,75,0,319925
NIFTY-III.NFO,08/11/2024,09:50:03,24657.4,24651.1,25,24657.4,50,0,319925
NIFTY-III.NFO,08/11/2024,09:50:04,24657.4,24652.4,150,24657.4,50,0,319925
NIFTY-III.NFO,08/11/2024,09:50:06,24657.4,24653.6,25,24657.4,75,0,319925
NIFTY-III.NFO,08/11/2024,09:50:08,24657.4,24654.55,25,24662.85,275,75,319925
NIFTY-III.NFO,08/11/2024,09:50:09,24657.4,24653.25,100,24660.65,275,0,319925
NIFTY-III.NFO,08/11/2024,09:50:11,24657.4,24652.65,25,24659.1,275,0,319925
NIFTY-III.NFO,08/11/2024,09:50:13,24660.95,24653.35,125,24660.85,200,25,319925
NIFTY-III.NFO,08/11/2024,09:50:14,24661.3,24657.4,25,24662.95,250,50,319925
NIFTY-III.NFO,08/11/2024,09:50:16,24661.3,24657.4,25,24662.55,275,0,319925
NIFTY-III.NFO,08/11/2024,09:50:18,24664.1,24656.55,150,24664.1,200,25,319925
NIFTY-III.NFO,08/11/2024,09:50:19,24663.15,24655.45,100,24662.65,200,25,319925
NIFTY-III.NFO,08/11/2024,09:50:21,24663.15,24653.55,100,24660.6,250,0,319925
NIFTY-III.NFO,08/11/2024,09:50:23,24663.15,24651,25,24654.55,200,0,319925
NIFTY-III.NFO,08/11/2024,09:50:24,24663.15,24650.5,25,24655.45,200,0,319925
NIFTY-III.NFO,08/11/2024,09:50:26,24650,24642,25,24649.3,275,100,319925
NIFTY-III.NFO,08/11/2024,09:50:28,24650,24642.05,100,24649.2,200,0,319925
NIFTY-III.NFO,08/11/2024,09:50:29,24650,24642.45,225,24650.65,200,0,319925
NIFTY-III.NFO,08/11/2024,09:50:31,24649.6,24642.05,125,24649.6,200,25,319925
NIFTY-III.NFO,08/11/2024,09:50:33,24649.6,24642.05,250,24650.55,200,0,319925
NIFTY-III.NFO,08/11/2024,09:50:34,24642.05,24642.05,150,24648,25,100,319925
NIFTY-III.NFO,08/11/2024,09:50:36,24642.75,24642.1,175,24648,25,25,319925
NIFTY-III.NFO,08/11/2024,09:50:38,24642.75,24642,25,24648,100,0,319925
NIFTY-III.NFO,08/11/2024,09:50:41,24642,24640.25,175,24646.4,75,25,319925
NIFTY-III.NFO,08/11/2024,09:50:43,24646.1,24640,25,24645.9,75,150,319925
NIFTY-III.NFO,08/11/2024,09:50:44,24646.1,24640,25,24644.85,150,0,319925
NIFTY-III.NFO,08/11/2024,09:50:46,24646.1,24640,25,24645.1,75,0,319925
NIFTY-III.NFO,08/11/2024,09:50:48,24646.1,24640,25,24645.5,75,0,319925
NIFTY-III.NFO,08/11/2024,09:50:49,24646.1,24640,25,24645.6,75,0,319925
NIFTY-III.NFO,08/11/2024,09:50:51,24646.1,24640,25,24644.2,275,0,319925
NIFTY-III.NFO,08/11/2024,09:50:53,24646.1,24640,50,24647.7,125,0,319925
NIFTY-III.NFO,08/11/2024,09:50:54,24646.1,24640,50,24645.45,50,0,319925
NIFTY-III.NFO,08/11/2024,09:50:56,24646.1,24640,50,24646.15,275,0,319925
NIFTY-III.NFO,08/11/2024,09:50:58,24646.1,24640,50,24645.95,200,0,319925
NIFTY-III.NFO,08/11/2024,09:50:59,24646.1,24640,50,24644.35,200,0,319925
NIFTY-III.NFO,08/11/2024,09:51:01,24646.1,24640,50,24644.75,275,0,319925
NIFTY-III.NFO,08/11/2024,09:51:03,24646.1,24640,50,24642.75,275,0,319925
NIFTY-III.NFO,08/11/2024,09:51:04,24640,24635,25,24642.1,275,50,319925
NIFTY-III.NFO,08/11/2024,09:51:06,24640,24635,25,24641.05,275,0,319925
NIFTY-III.NFO,08/11/2024,09:51:08,24640,24635,25,24640.3,200,0,319925
NIFTY-III.NFO,08/11/2024,09:51:09,24640,24631.95,200,24639.8,275,0,319925
NIFTY-III.NFO,08/11/2024,09:51:11,24631.95,24630.95,125,24639.55,200,25,319925
NIFTY-III.NFO,08/11/2024,09:51:13,24631.95,24631.1,150,24638.3,275,0,319925
NIFTY-III.NFO,08/11/2024,09:51:14,24630.8,24632,25,24633,75,100,319925
NIFTY-III.NFO,08/11/2024,09:51:16,24623.2,24620.05,75,24626.75,200,75,319925
NIFTY-III.NFO,08/11/2024,09:51:18,24623.2,24620.3,125,24628.8,275,0,319925
NIFTY-III.NFO,08/11/2024,09:51:19,24623.2,24621,125,24628.05,25,0,319925
NIFTY-III.NFO,08/11/2024,09:51:21,24623.2,24620.45,125,24628,200,0,319925
NIFTY-III.NFO,08/11/2024,09:51:23,24623.2,24620.65,125,24628,200,0,319925
NIFTY-III.NFO,08/11/2024,09:51:24,24623.2,24620.6,75,24623.2,25,0,319925
NIFTY-III.NFO,08/11/2024,09:51:26,24623.15,24616.4,200,24623.15,200,75,319925
NIFTY-III.NFO,08/11/2024,09:51:28,24623.15,24616.4,150,24623.15,200,0,319925
NIFTY-III.NFO,08/11/2024,09:51:29,24623.15,24618.15,75,24623.2,25,0,319925
NIFTY-III.NFO,08/11/2024,09:51:31,24623.15,24618.8,75,24623.2,25,0,319925
NIFTY-III.NFO,08/11/2024,09:51:33,24623.15,24617.6,125,24623.2,25,0,319925
NIFTY-III.NFO,08/11/2024,09:51:34,24623.15,24618.95,200,24623.2,25,0,319925
NIFTY-III.NFO,08/11/2024,09:51:36,24623.2,24619,125,24627.55,275,25,319925
NIFTY-III.NFO,08/11/2024,09:51:38,24623.2,24620.55,125,24628.05,25,0,319925
NIFTY-III.NFO,08/11/2024,09:51:39,24623.2,24625.25,25,24628.05,25,0,319925
NIFTY-III.NFO,08/11/2024,09:51:41,24623.2,24621.15,150,24628.05,25,0,319925
NIFTY-III.NFO,08/11/2024,09:51:43,24623.2,24616.9,200,24625.35,275,0,319925
NIFTY-III.NFO,08/11/2024,09:51:45,24623.2,24618.55,200,24626.5,325,0,319925
