Ticker,Date,Time,LTP,BuyPrice,BuyQty,SellPrice,SellQty,LTQ,OpenInterest
BANKNIFTY-III.NFO,16/10/2024,09:15:00,52727.5,52600.75,60,52652.25,60,45,116310
BANKNIFTY-III.NFO,16/10/2024,09:15:00,52727.5,52600.75,60,52652.25,60,0,116310
BANKNIFTY-III.NFO,16/10/2024,09:15:00,52727.5,52600.75,60,52652.25,60,0,116310
BANKNIFTY-III.NFO,16/10/2024,09:15:00,52684.05,52600.75,60,52652.25,60,0,116310
BANKNIFTY-III.NFO,16/10/2024,09:15:01,52684.05,52576.1,60,52620.35,60,0,116310
BANKNIFTY-III.NFO,16/10/2024,09:15:03,52644.7,52609.05,60,52644.7,45,30,116310
BANKNIFTY-III.NFO,16/10/2024,09:15:03,52621.45,52609.05,60,52644.7,45,0,116310
BANKNIFTY-III.NFO,16/10/2024,09:15:05,52644.7,52615.25,60,52639.35,30,0,116310
BANKNIFTY-III.NFO,16/10/2024,09:15:06,52639.35,52603.6,60,52634.35,30,15,116310
BANKNIFTY-III.NFO,16/10/2024,09:15:08,52639.35,52600.05,60,52628.25,30,0,116310
BANKNIFTY-III.NFO,16/10/2024,09:15:09,52602.15,52600.05,60,52641.95,60,15,116310
BANKNIFTY-III.NFO,16/10/2024,09:15:09,52602.15,52600.05,60,52641.95,60,0,116310
BANKNIFTY-III.NFO,16/10/2024,09:15:11,52600.05,52600.05,45,52631.95,60,15,116310
BANKNIFTY-III.NFO,16/10/2024,09:15:11,52600.05,52600.05,45,52631.95,60,0,116310
BANKNIFTY-III.NFO,16/10/2024,09:15:12,52631.95,52600.15,60,52626.95,60,15,116310
BANKNIFTY-III.NFO,16/10/2024,09:15:14,52631.95,52600.05,60,52632,60,0,116310
BANKNIFTY-III.NFO,16/10/2024,09:15:15,52631.95,52600.05,60,52625.6,60,0,116310
BANKNIFTY-III.NFO,16/10/2024,09:15:17,52631.95,52600.05,60,52623.05,60,0,116310
BANKNIFTY-III.NFO,16/10/2024,09:15:19,52631.95,52600.05,60,52623.95,60,0,116310
BANKNIFTY-III.NFO,16/10/2024,09:15:20,52631.95,52600.05,60,52621.85,60,0,116310
BANKNIFTY-III.NFO,16/10/2024,09:15:22,52631.95,52600.05,60,52627.9,60,0,116310
BANKNIFTY-III.NFO,16/10/2024,09:15:23,52631.95,52610.05,60,52633.8,60,0,116310
BANKNIFTY-III.NFO,16/10/2024,09:15:25,52631.95,52627.9,15,52640.6,60,0,116310
BANKNIFTY-III.NFO,16/10/2024,09:15:27,52631.95,52627.9,15,52643.3,60,0,116310
BANKNIFTY-III.NFO,16/10/2024,09:15:28,52631.95,52627.9,15,52645.2,60,0,116310
BANKNIFTY-III.NFO,16/10/2024,09:15:30,52631.95,52632,60,52645,15,0,116310
BANKNIFTY-III.NFO,16/10/2024,09:15:33,52631.95,52633.45,60,52645,15,0,116310
BANKNIFTY-III.NFO,16/10/2024,09:15:35,52636.3,52637.95,45,52673.45,30,45,116310
BANKNIFTY-III.NFO,16/10/2024,09:15:36,52636.3,52644.9,45,52682.05,60,0,116310
BANKNIFTY-III.NFO,16/10/2024,09:15:38,52636.3,52647.85,45,52681.35,60,0,116310
BANKNIFTY-III.NFO,16/10/2024,09:15:40,52636.3,52640.65,45,52672.45,60,0,116310
BANKNIFTY-III.NFO,16/10/2024,09:15:41,52636.3,52633.95,45,52666.35,60,0,116310
BANKNIFTY-III.NFO,16/10/2024,09:15:43,52636.3,52636.3,45,52667.35,60,0,116310
BANKNIFTY-III.NFO,16/10/2024,09:15:44,52636.3,52632,45,52663.55,60,0,116310
BANKNIFTY-III.NFO,16/10/2024,09:15:46,52636,52633.6,45,52665.9,60,15,116310
BANKNIFTY-III.NFO,16/10/2024,09:15:48,52636,52632.5,45,52660.1,60,0,116310
BANKNIFTY-III.NFO,16/10/2024,09:15:49,52636,52632.6,45,52661.6,60,0,116310
BANKNIFTY-III.NFO,16/10/2024,09:15:51,52636,52632,45,52655.65,60,0,116310
BANKNIFTY-III.NFO,16/10/2024,09:15:52,52636,52632,45,52651.85,60,0,116310
BANKNIFTY-III.NFO,16/10/2024,09:15:54,52650,52631.95,15,52647.3,60,30,116310
BANKNIFTY-III.NFO,16/10/2024,09:15:56,52650,52631.95,15,52644.5,60,0,116310
BANKNIFTY-III.NFO,16/10/2024,09:15:57,52636,52631.95,15,52639.2,60,15,116295
BANKNIFTY-III.NFO,16/10/2024,09:15:59,52636,52631.95,15,52638.65,60,0,116295
BANKNIFTY-III.NFO,16/10/2024,09:16:00,52631.95,52627.95,60,52644.5,60,15,116295
BANKNIFTY-III.NFO,16/10/2024,09:16:02,52631.95,52628.05,60,52649.95,75,0,116295
BANKNIFTY-III.NFO,16/10/2024,09:16:04,52649.95,52636,30,52649.95,45,15,116295
BANKNIFTY-III.NFO,16/10/2024,09:16:05,52649.95,52636,15,52649.95,45,0,116295
BANKNIFTY-III.NFO,16/10/2024,09:16:07,52649.95,52636,15,52649.9,60,0,116295
BANKNIFTY-III.NFO,16/10/2024,09:16:08,52649.95,52636,15,52648.55,45,0,116295
BANKNIFTY-III.NFO,16/10/2024,09:16:10,52649.95,52636,15,52649.9,60,0,116295
BANKNIFTY-III.NFO,16/10/2024,09:16:12,52649.95,52636.05,60,52649.95,30,0,116295
BANKNIFTY-III.NFO,16/10/2024,09:16:13,52649.95,52636,15,52649.9,60,0,116295
BANKNIFTY-III.NFO,16/10/2024,09:16:16,52636,52624.95,60,52649.9,45,30,116295
BANKNIFTY-III.NFO,16/10/2024,09:16:18,52636,52626.9,60,52649.95,45,0,116295
BANKNIFTY-III.NFO,16/10/2024,09:16:20,52636,52632.75,60,52649.95,30,0,116295
BANKNIFTY-III.NFO,16/10/2024,09:16:21,52636,52635.05,60,52649.95,30,0,116295
BANKNIFTY-III.NFO,16/10/2024,09:16:23,52636,52636.15,60,52649.95,30,0,116295
BANKNIFTY-III.NFO,16/10/2024,09:16:26,52636,52637.75,60,52649.95,30,0,116295
BANKNIFTY-III.NFO,16/10/2024,09:16:27,52636,52638.55,60,52649.95,30,0,116295
BANKNIFTY-III.NFO,16/10/2024,09:16:29,52636,52640.45,75,52649.95,30,0,116295
BANKNIFTY-III.NFO,16/10/2024,09:16:31,52636,52641.65,75,52649.95,30,0,116295
BANKNIFTY-III.NFO,16/10/2024,09:16:35,52650,52640.05,75,52658.35,45,45,116295
BANKNIFTY-III.NFO,16/10/2024,09:16:37,52650,52641.55,60,52660.5,45,0,116295
BANKNIFTY-III.NFO,16/10/2024,09:16:39,52650,52641.65,75,52664.7,45,0,116295
BANKNIFTY-III.NFO,16/10/2024,09:16:40,52666.05,52642.95,60,52669.95,15,15,116295
BANKNIFTY-III.NFO,16/10/2024,09:16:42,52666.05,52644.8,75,52673.25,15,0,116295
BANKNIFTY-III.NFO,16/10/2024,09:16:44,52666.05,52655.4,60,52679.95,30,0,116295
BANKNIFTY-III.NFO,16/10/2024,09:16:45,52666.05,52664.55,75,52680,15,0,116295
BANKNIFTY-III.NFO,16/10/2024,09:16:47,52666.05,52658.3,60,52679.95,30,0,116295
BANKNIFTY-III.NFO,16/10/2024,09:16:50,52666.05,52660.9,60,52679.95,15,0,116295
BANKNIFTY-III.NFO,16/10/2024,09:16:51,52666.05,52661.7,60,52680,15,0,116295
BANKNIFTY-III.NFO,16/10/2024,09:16:53,52666.05,52663.6,60,52680,15,0,116295
BANKNIFTY-III.NFO,16/10/2024,09:16:55,52666.05,52663.9,60,52679.95,15,0,116295
BANKNIFTY-III.NFO,16/10/2024,09:16:56,52666.05,52662.3,60,52680,15,0,116295
BANKNIFTY-III.NFO,16/10/2024,09:16:58,52666.05,52663.8,60,52680,15,0,116295
BANKNIFTY-III.NFO,16/10/2024,09:17:01,52666.05,52671.1,60,52680,15,0,116295
BANKNIFTY-III.NFO,16/10/2024,09:17:03,52666.05,52666.95,60,52680,15,0,116295
BANKNIFTY-III.NFO,16/10/2024,09:17:04,52666.05,52658.8,60,52679.95,30,0,116295
BANKNIFTY-III.NFO,16/10/2024,09:17:06,52666.05,52661.75,75,52679.95,30,0,116295
BANKNIFTY-III.NFO,16/10/2024,09:17:09,52666.05,52656.15,60,52676.05,15,0,116295
BANKNIFTY-III.NFO,16/10/2024,09:17:11,52666.05,52656.75,60,52674.1,15,0,116295
BANKNIFTY-III.NFO,16/10/2024,09:17:13,52666.05,52657.65,60,52674.1,15,0,116295
BANKNIFTY-III.NFO,16/10/2024,09:17:14,52666.05,52666.05,15,52679.2,15,0,116295
BANKNIFTY-III.NFO,16/10/2024,09:17:16,52666.05,52666.05,15,52675,480,0,116295
BANKNIFTY-III.NFO,16/10/2024,09:17:19,52666.05,52666.1,60,52675,480,0,116295
BANKNIFTY-III.NFO,16/10/2024,09:17:20,52666.05,52666.05,15,52675,480,0,116295
BANKNIFTY-III.NFO,16/10/2024,09:17:22,52666.05,52666.05,15,52674.95,15,0,116295
BANKNIFTY-III.NFO,16/10/2024,09:17:24,52666.05,52666.05,15,52675,480,0,116295
BANKNIFTY-III.NFO,16/10/2024,09:17:25,52675,52666.05,15,52675,465,15,116295
BANKNIFTY-III.NFO,16/10/2024,09:17:29,52675,52666.25,15,52675,465,0,116295
BANKNIFTY-III.NFO,16/10/2024,09:17:30,52675,52659.6,60,52674.95,15,15,116295
BANKNIFTY-III.NFO,16/10/2024,09:17:32,52675,52660.3,75,52674.95,15,0,116295
BANKNIFTY-III.NFO,16/10/2024,09:17:34,52675,52661.35,15,52674.95,15,0,116295
BANKNIFTY-III.NFO,16/10/2024,09:17:35,52675,52660.45,15,52674.95,30,0,116295
BANKNIFTY-III.NFO,16/10/2024,09:17:37,52675,52660.7,75,52675,450,0,116295
BANKNIFTY-III.NFO,16/10/2024,09:17:38,52675,52661.7,75,52675,450,0,116295
BANKNIFTY-III.NFO,16/10/2024,09:17:40,52675,52659.65,75,52674.95,15,0,116295
BANKNIFTY-III.NFO,16/10/2024,09:17:42,52675,52660.35,15,52674.95,30,0,116295
BANKNIFTY-III.NFO,16/10/2024,09:17:43,52675,52650.95,60,52669.45,15,0,116295
BANKNIFTY-III.NFO,16/10/2024,09:17:45,52675,52651.55,60,52670.15,30,0,116295
BANKNIFTY-III.NFO,16/10/2024,09:17:46,52675,52651.5,15,52668.75,15,0,116295
BANKNIFTY-III.NFO,16/10/2024,09:17:48,52675,52651.55,75,52670.1,15,0,116295
BANKNIFTY-III.NFO,16/10/2024,09:17:50,52675,52651.65,60,52670,15,0,116295
BANKNIFTY-III.NFO,16/10/2024,09:17:51,52675,52651.7,15,52668,15,0,116295
BANKNIFTY-III.NFO,16/10/2024,09:17:53,52675,52650.3,15,52666.25,15,0,116295
BANKNIFTY-III.NFO,16/10/2024,09:17:54,52675,52650.5,60,52668,15,0,116295
BANKNIFTY-III.NFO,16/10/2024,09:17:56,52668.15,52651.2,15,52668.2,45,15,116295
BANKNIFTY-III.NFO,16/10/2024,09:17:58,52668.15,52650,15,52662.25,15,0,116295
BANKNIFTY-III.NFO,16/10/2024,09:17:59,52668.15,52650,15,52666.25,15,0,116295
BANKNIFTY-III.NFO,16/10/2024,09:18:01,52668.15,52650,15,52666.55,45,0,116295
BANKNIFTY-III.NFO,16/10/2024,09:18:02,52668.15,52650,15,52663.9,15,0,116295
BANKNIFTY-III.NFO,16/10/2024,09:18:04,52668.15,52650,15,52663.45,15,0,116295
BANKNIFTY-III.NFO,16/10/2024,09:18:05,52668.15,52650,15,52658.95,45,0,116295
BANKNIFTY-III.NFO,16/10/2024,09:18:07,52668.15,52650,15,52663.6,15,0,116295
BANKNIFTY-III.NFO,16/10/2024,09:18:09,52668.15,52650,15,52663.3,45,0,116295
BANKNIFTY-III.NFO,16/10/2024,09:18:10,52668.15,52650,15,52664.1,45,0,116295
BANKNIFTY-III.NFO,16/10/2024,09:18:12,52668.15,52650,15,52662.85,45,0,116295
BANKNIFTY-III.NFO,16/10/2024,09:18:13,52668.15,52650,15,52662.1,30,0,116295
BANKNIFTY-III.NFO,16/10/2024,09:18:15,52668.15,52650,15,52664.35,45,0,116295
BANKNIFTY-III.NFO,16/10/2024,09:18:16,52668.15,52650.05,60,52664.95,15,0,116295
BANKNIFTY-III.NFO,16/10/2024,09:18:18,52668.15,52650.6,15,52664.35,30,0,116295
BANKNIFTY-III.NFO,16/10/2024,09:18:19,52668.15,52665,30,52666.6,30,0,116295
BANKNIFTY-III.NFO,16/10/2024,09:18:21,52668.15,52665,30,52667.95,30,0,116295
BANKNIFTY-III.NFO,16/10/2024,09:18:22,52668.15,52665,30,52670.45,30,0,116295
BANKNIFTY-III.NFO,16/10/2024,09:18:24,52665,52652.15,75,52665,420,30,116295
BANKNIFTY-III.NFO,16/10/2024,09:18:26,52665,52654,75,52665,420,0,116295
BANKNIFTY-III.NFO,16/10/2024,09:18:27,52665,52651.55,60,52665,420,0,116295
BANKNIFTY-III.NFO,16/10/2024,09:18:29,52665,52651.5,30,52665,390,30,116295
BANKNIFTY-III.NFO,16/10/2024,09:18:30,52665,52651.65,60,52665,390,0,116295
BANKNIFTY-III.NFO,16/10/2024,09:18:32,52665,52656.05,60,52665,390,0,116295
BANKNIFTY-III.NFO,16/10/2024,09:18:34,52665,52652.2,60,52665,360,30,116295
BANKNIFTY-III.NFO,16/10/2024,09:18:35,52665,52652.7,75,52665,360,0,116295
BANKNIFTY-III.NFO,16/10/2024,09:18:37,52665,52651.55,60,52665,360,0,116295
BANKNIFTY-III.NFO,16/10/2024,09:18:38,52665,52651.65,15,52664.95,30,0,116295
BANKNIFTY-III.NFO,16/10/2024,09:18:40,52665,52650,15,52662.1,45,0,116295
BANKNIFTY-III.NFO,16/10/2024,09:18:42,52665,52650.05,60,52665,390,0,116295
BANKNIFTY-III.NFO,16/10/2024,09:18:45,52665,52650,30,52665,390,0,116295
BANKNIFTY-III.NFO,16/10/2024,09:18:46,52665,52650.05,60,52665,375,0,116295
BANKNIFTY-III.NFO,16/10/2024,09:18:48,52665,52654.55,105,52665,375,0,116295
BANKNIFTY-III.NFO,16/10/2024,09:18:50,52665,52654.7,60,52665,375,0,116295
BANKNIFTY-III.NFO,16/10/2024,09:18:51,52665,52654.6,75,52665,375,0,116295
BANKNIFTY-III.NFO,16/10/2024,09:18:53,52665,52652.45,60,52665,375,0,116295
BANKNIFTY-III.NFO,16/10/2024,09:18:55,52665,52654.55,75,52665,375,0,116295
BANKNIFTY-III.NFO,16/10/2024,09:18:56,52665,52656.3,60,52665,375,0,116295
BANKNIFTY-III.NFO,16/10/2024,09:18:58,52665,52659.65,75,52665,345,30,116235
BANKNIFTY-III.NFO,16/10/2024,09:19:00,52665,52657.85,15,52665,345,0,116235
BANKNIFTY-III.NFO,16/10/2024,09:19:01,52665,52652.85,60,52665,345,0,116235
BANKNIFTY-III.NFO,16/10/2024,09:19:03,52665,52656.85,75,52665,300,45,116235
BANKNIFTY-III.NFO,16/10/2024,09:19:05,52665,52653.7,75,52665,285,15,116235
BANKNIFTY-III.NFO,16/10/2024,09:19:06,52665,52656.35,60,52665,240,45,116235
BANKNIFTY-III.NFO,16/10/2024,09:19:08,52665,52656.9,60,52665,240,0,116235
BANKNIFTY-III.NFO,16/10/2024,09:19:10,52665,52662.05,30,52665,45,195,116235
BANKNIFTY-III.NFO,16/10/2024,09:19:11,52680,52668.1,30,52686.85,30,60,116235
BANKNIFTY-III.NFO,16/10/2024,09:19:13,52680,52671.7,45,52689.3,30,0,116235
BANKNIFTY-III.NFO,16/10/2024,09:19:14,52680,52663.1,30,52683,30,0,116235
BANKNIFTY-III.NFO,16/10/2024,09:19:16,52680,52666.6,30,52687.9,45,0,116235
BANKNIFTY-III.NFO,16/10/2024,09:19:18,52680,52669,30,52687.9,45,0,116235
BANKNIFTY-III.NFO,16/10/2024,09:19:19,52680,52670,45,52689.7,30,0,116235
BANKNIFTY-III.NFO,16/10/2024,09:19:21,52680,52677.25,60,52695.6,45,0,116235
BANKNIFTY-III.NFO,16/10/2024,09:19:23,52680,52683.35,15,52699,15,0,116235
BANKNIFTY-III.NFO,16/10/2024,09:19:24,52698.95,52675.35,60,52695.75,45,15,116235
BANKNIFTY-III.NFO,16/10/2024,09:19:26,52695.1,52679.35,30,52697.55,45,15,116235
BANKNIFTY-III.NFO,16/10/2024,09:19:28,52695.1,52682.3,75,52699,15,0,116235
BANKNIFTY-III.NFO,16/10/2024,09:19:29,52695.1,52680.1,45,52697.75,75,0,116235
BANKNIFTY-III.NFO,16/10/2024,09:19:31,52695.1,52678.2,45,52695.65,45,0,116235
BANKNIFTY-III.NFO,16/10/2024,09:19:33,52695.1,52679.7,30,52696.95,45,0,116235
BANKNIFTY-III.NFO,16/10/2024,09:19:34,52695.1,52676.35,45,52695.9,45,0,116235
BANKNIFTY-III.NFO,16/10/2024,09:19:36,52695.1,52681.4,15,52697.75,45,0,116235
BANKNIFTY-III.NFO,16/10/2024,09:19:38,52697.75,52683.2,15,52699,15,15,116235
BANKNIFTY-III.NFO,16/10/2024,09:19:39,52697.75,52680.55,60,52697.5,30,0,116235
BANKNIFTY-III.NFO,16/10/2024,09:19:41,52697.75,52679.9,45,52698.95,45,0,116235
BANKNIFTY-III.NFO,16/10/2024,09:19:43,52697.75,52678.55,30,52696.25,45,0,116235
BANKNIFTY-III.NFO,16/10/2024,09:19:45,52697.75,52676.45,30,52693.85,45,0,116235
BANKNIFTY-III.NFO,16/10/2024,09:19:46,52697.75,52677.4,45,52695.2,15,0,116235
BANKNIFTY-III.NFO,16/10/2024,09:19:48,52697.75,52675.65,30,52692.6,45,0,116235
BANKNIFTY-III.NFO,16/10/2024,09:19:50,52697.75,52676.05,60,52694.45,30,0,116235
BANKNIFTY-III.NFO,16/10/2024,09:19:51,52697.75,52675.6,75,52692.9,45,0,116235
BANKNIFTY-III.NFO,16/10/2024,09:19:53,52697.75,52676.05,60,52694.65,15,0,116235
BANKNIFTY-III.NFO,16/10/2024,09:19:55,52697.75,52677.1,75,52694.25,15,0,116235
BANKNIFTY-III.NFO,16/10/2024,09:19:56,52697.75,52672.4,75,52690.2,15,0,116235
BANKNIFTY-III.NFO,16/10/2024,09:19:58,52697.75,52670.65,60,52685.8,30,0,116235
BANKNIFTY-III.NFO,16/10/2024,09:20:00,52687.35,52674.85,75,52692.5,45,15,116235
BANKNIFTY-III.NFO,16/10/2024,09:20:01,52687.35,52676.65,75,52694.4,15,0,116235
BANKNIFTY-III.NFO,16/10/2024,09:20:03,52676.65,52683.55,75,52688,15,15,116235
BANKNIFTY-III.NFO,16/10/2024,09:20:05,52688,52693.15,75,52699,30,15,116235
BANKNIFTY-III.NFO,16/10/2024,09:20:06,52725,52722.8,60,52739.95,15,135,116235
BANKNIFTY-III.NFO,16/10/2024,09:20:08,52725,52713.75,60,52732.4,45,0,116235
BANKNIFTY-III.NFO,16/10/2024,09:20:10,52725,52725.75,60,52740,15,0,116235
BANKNIFTY-III.NFO,16/10/2024,09:20:11,52740,52724.85,60,52737.45,30,15,116235
BANKNIFTY-III.NFO,16/10/2024,09:20:11,52740,52724.85,60,52737.45,30,0,116235
BANKNIFTY-III.NFO,16/10/2024,09:20:13,52738.5,52732.55,15,52747.8,45,45,116235
BANKNIFTY-III.NFO,16/10/2024,09:20:14,52738.5,52732.55,15,52747.8,45,0,116235
BANKNIFTY-III.NFO,16/10/2024,09:20:16,52738.5,52729.1,60,52747.8,45,0,116235
BANKNIFTY-III.NFO,16/10/2024,09:20:18,52740,52728.65,60,52746.2,45,15,116235
BANKNIFTY-III.NFO,16/10/2024,09:20:19,52740,52729.5,60,52747.8,45,0,116235
BANKNIFTY-III.NFO,16/10/2024,09:20:21,52747.8,52727.5,60,52747.85,15,15,116235
BANKNIFTY-III.NFO,16/10/2024,09:20:21,52747.8,52727.5,60,52747.85,15,0,116235
BANKNIFTY-III.NFO,16/10/2024,09:20:23,52747.8,52727.65,60,52747.85,45,0,116235
BANKNIFTY-III.NFO,16/10/2024,09:20:24,52747.8,52734.1,60,52750,30,0,116235
BANKNIFTY-III.NFO,16/10/2024,09:20:26,52747.8,52739.45,60,52750,30,0,116235
BANKNIFTY-III.NFO,16/10/2024,09:20:28,52747.8,52747.8,15,52750,30,0,116235
BANKNIFTY-III.NFO,16/10/2024,09:20:29,52747.8,52747.85,60,52750,30,0,116235
BANKNIFTY-III.NFO,16/10/2024,09:20:33,52750,52749.15,60,52777.6,30,30,116235
BANKNIFTY-III.NFO,16/10/2024,09:20:33,52750,52749.15,60,52777.6,30,0,116235
BANKNIFTY-III.NFO,16/10/2024,09:20:34,52750,52754.8,60,52783.8,30,0,116235
BANKNIFTY-III.NFO,16/10/2024,09:20:36,52750.05,52750.05,60,52774.35,45,15,116235
BANKNIFTY-III.NFO,16/10/2024,09:20:36,52750.05,52750.05,60,52774.35,45,0,116235
BANKNIFTY-III.NFO,16/10/2024,09:20:38,52750.05,52750.45,60,52774.35,45,0,116235
BANKNIFTY-III.NFO,16/10/2024,09:20:39,52750.05,52750.15,60,52773.5,45,0,116235
BANKNIFTY-III.NFO,16/10/2024,09:20:41,52750.05,52749.15,60,52783.75,45,0,116235
BANKNIFTY-III.NFO,16/10/2024,09:20:43,52750.05,52750.7,60,52772.2,45,0,116235
BANKNIFTY-III.NFO,16/10/2024,09:20:44,52750.05,52751.35,75,52771.9,60,0,116235
BANKNIFTY-III.NFO,16/10/2024,09:20:46,52750.05,52749.2,60,52771.7,45,0,116235
BANKNIFTY-III.NFO,16/10/2024,09:20:48,52750.05,52749.2,60,52771.4,45,0,116235
BANKNIFTY-III.NFO,16/10/2024,09:20:49,52750.05,52749.2,60,52771.1,45,0,116235
BANKNIFTY-III.NFO,16/10/2024,09:20:51,52750.05,52750.9,75,52770.95,45,0,116235
BANKNIFTY-III.NFO,16/10/2024,09:20:53,52750.05,52750.55,60,52770.95,60,0,116235
BANKNIFTY-III.NFO,16/10/2024,09:20:56,52750.05,52751.85,60,52770.75,15,0,116235
BANKNIFTY-III.NFO,16/10/2024,09:20:57,52750.05,52755.95,90,52770.75,15,0,116235
BANKNIFTY-III.NFO,16/10/2024,09:20:59,52750.05,52761.8,60,52777.15,15,0,116235
BANKNIFTY-III.NFO,16/10/2024,09:21:01,52750.05,52765.05,60,52777.15,15,0,116235
BANKNIFTY-III.NFO,16/10/2024,09:21:02,52750.05,52768.2,60,52785,15,0,116235
BANKNIFTY-III.NFO,16/10/2024,09:21:04,52750.05,52778.7,60,52785,15,0,116235
BANKNIFTY-III.NFO,16/10/2024,09:21:06,52750.05,52774.95,60,52784.95,15,0,116235
BANKNIFTY-III.NFO,16/10/2024,09:21:07,52750.05,52766.85,60,52784.8,15,0,116235
BANKNIFTY-III.NFO,16/10/2024,09:21:09,52750.05,52757.55,60,52784.6,45,0,116235
BANKNIFTY-III.NFO,16/10/2024,09:21:11,52784.3,52760.95,60,52784.35,45,15,116235
BANKNIFTY-III.NFO,16/10/2024,09:21:11,52784.3,52760.95,60,52784.35,45,0,116235
BANKNIFTY-III.NFO,16/10/2024,09:21:12,52784.3,52755.95,60,52784.35,45,0,116235
BANKNIFTY-III.NFO,16/10/2024,09:21:16,52756.25,52754.25,60,52780.15,45,15,116235
BANKNIFTY-III.NFO,16/10/2024,09:21:17,52775.4,52750.1,60,52772.3,60,30,116235
BANKNIFTY-III.NFO,16/10/2024,09:21:19,52750.1,52747.8,15,52765.45,60,60,116235
BANKNIFTY-III.NFO,16/10/2024,09:21:21,52750.1,52748.25,60,52765.4,15,0,116235
BANKNIFTY-III.NFO,16/10/2024,09:21:22,52750.1,52749.35,60,52765.4,15,0,116235
BANKNIFTY-III.NFO,16/10/2024,09:21:24,52750.1,52749.15,60,52765.4,15,0,116235
BANKNIFTY-III.NFO,16/10/2024,09:21:26,52750.1,52749.1,60,52765.4,15,0,116235
BANKNIFTY-III.NFO,16/10/2024,09:21:27,52750.1,52748.7,30,52765.4,15,0,116235
BANKNIFTY-III.NFO,16/10/2024,09:21:29,52750.1,52750.15,60,52765.4,15,0,116235
BANKNIFTY-III.NFO,16/10/2024,09:21:31,52750.1,52747.8,15,52765.4,15,0,116235
BANKNIFTY-III.NFO,16/10/2024,09:21:32,52750.1,52747.8,15,52762.8,60,0,116235
BANKNIFTY-III.NFO,16/10/2024,09:21:34,52750.1,52750,15,52761.75,60,0,116235
BANKNIFTY-III.NFO,16/10/2024,09:21:36,52750.1,52750,15,52761.2,45,0,116235
BANKNIFTY-III.NFO,16/10/2024,09:21:37,52750.1,52750,15,52761.2,30,0,116235
BANKNIFTY-III.NFO,16/10/2024,09:21:39,52750,52747.8,15,52761.2,60,15,116235
BANKNIFTY-III.NFO,16/10/2024,09:21:41,52750,52747.8,15,52761.2,30,0,116235
BANKNIFTY-III.NFO,16/10/2024,09:21:42,52750,52747.8,15,52761.2,60,0,116235
BANKNIFTY-III.NFO,16/10/2024,09:21:44,52750,52747.8,15,52757.95,45,0,116235
BANKNIFTY-III.NFO,16/10/2024,09:21:46,52747.8,52740,45,52757.35,45,15,116235
BANKNIFTY-III.NFO,16/10/2024,09:21:47,52747.8,52740,45,52757.35,45,0,116235
BANKNIFTY-III.NFO,16/10/2024,09:21:49,52747.8,52742.05,60,52757.35,30,0,116235
BANKNIFTY-III.NFO,16/10/2024,09:21:51,52747.8,52740.05,60,52757.35,30,0,116235
BANKNIFTY-III.NFO,16/10/2024,09:21:53,52747.8,52740,45,52750,15,0,116235
BANKNIFTY-III.NFO,16/10/2024,09:21:58,52740,52740.05,60,52750,15,15,116235
BANKNIFTY-III.NFO,16/10/2024,09:22:00,52740,52740,30,52750,15,0,116235
BANKNIFTY-III.NFO,16/10/2024,09:22:03,52740,52740,30,52760.75,90,0,116235
BANKNIFTY-III.NFO,16/10/2024,09:22:05,52740,52740,30,52755.75,60,0,116235
BANKNIFTY-III.NFO,16/10/2024,09:22:06,52740,52740.05,60,52761.65,60,0,116235
BANKNIFTY-III.NFO,16/10/2024,09:22:08,52740,52740.05,60,52761.8,75,0,116235
BANKNIFTY-III.NFO,16/10/2024,09:22:10,52740,52740.05,60,52760.8,60,0,116235
BANKNIFTY-III.NFO,16/10/2024,09:22:11,52740,52742.55,60,52760.7,30,0,116235
BANKNIFTY-III.NFO,16/10/2024,09:22:13,52740,52740.95,60,52760.55,45,0,116235
BANKNIFTY-III.NFO,16/10/2024,09:22:15,52740,52740,30,52759.1,45,0,116235
BANKNIFTY-III.NFO,16/10/2024,09:22:16,52740,52740,30,52757.45,60,0,116235
BANKNIFTY-III.NFO,16/10/2024,09:22:18,52740,52742.55,60,52758.6,15,0,116235
BANKNIFTY-III.NFO,16/10/2024,09:22:20,52740,52740.85,60,52750,75,0,116235
BANKNIFTY-III.NFO,16/10/2024,09:22:21,52740,52740.05,60,52750,75,0,116235
BANKNIFTY-III.NFO,16/10/2024,09:22:23,52740,52740,15,52750,75,15,116220
BANKNIFTY-III.NFO,16/10/2024,09:22:24,52740,52740,15,52750,75,0,116220
BANKNIFTY-III.NFO,16/10/2024,09:22:26,52740,52742.25,60,52750,75,0,116220
BANKNIFTY-III.NFO,16/10/2024,09:22:28,52740,52746.55,60,52750,75,0,116220
BANKNIFTY-III.NFO,16/10/2024,09:22:29,52750,52749.55,60,52769.85,15,75,116220
BANKNIFTY-III.NFO,16/10/2024,09:22:31,52750,52751.8,60,52769.85,15,0,116220
BANKNIFTY-III.NFO,16/10/2024,09:22:33,52750,52755.4,60,52769.85,15,0,116220
BANKNIFTY-III.NFO,16/10/2024,09:22:34,52750,52745.55,60,52768.85,30,0,116220
BANKNIFTY-III.NFO,16/10/2024,09:22:36,52750,52742.4,30,52761.25,30,0,116220
BANKNIFTY-III.NFO,16/10/2024,09:22:38,52750,52740,15,52756.8,30,0,116220
BANKNIFTY-III.NFO,16/10/2024,09:22:39,52750,52740,15,52755.95,30,0,116220
BANKNIFTY-III.NFO,16/10/2024,09:22:41,52750,52740,15,52753.6,30,0,116220
BANKNIFTY-III.NFO,16/10/2024,09:22:43,52750,52740,15,52748.9,30,0,116220
BANKNIFTY-III.NFO,16/10/2024,09:22:44,52750,52740,15,52752.55,30,0,116220
BANKNIFTY-III.NFO,16/10/2024,09:22:46,52750,52740.05,30,52757.85,30,0,116220
BANKNIFTY-III.NFO,16/10/2024,09:22:48,52750,52741.9,30,52760.2,30,0,116220
BANKNIFTY-III.NFO,16/10/2024,09:22:49,52750,52741.65,30,52766.55,30,0,116220
BANKNIFTY-III.NFO,16/10/2024,09:22:51,52750,52743.95,60,52766.55,30,0,116220
BANKNIFTY-III.NFO,16/10/2024,09:22:53,52750,52740.05,60,52766.15,30,0,116220
BANKNIFTY-III.NFO,16/10/2024,09:22:54,52750,52744,30,52750,15,0,116220
BANKNIFTY-III.NFO,16/10/2024,09:22:56,52750,52740.45,60,52763.75,30,15,116220
BANKNIFTY-III.NFO,16/10/2024,09:22:58,52750,52740,15,52754.9,15,0,116220
BANKNIFTY-III.NFO,16/10/2024,09:23:01,52740,52734.3,60,52740,15,15,116220
BANKNIFTY-III.NFO,16/10/2024,09:23:03,52740,52734.1,60,52740,15,0,116220
BANKNIFTY-III.NFO,16/10/2024,09:23:04,52740,52738.2,60,52740,15,0,116220
BANKNIFTY-III.NFO,16/10/2024,09:23:06,52740,52743.15,60,52768,15,15,116220
BANKNIFTY-III.NFO,16/10/2024,09:23:08,52740,52739.45,60,52767.95,30,0,116220
BANKNIFTY-III.NFO,16/10/2024,09:23:09,52740,52734.6,60,52759,15,0,116220
BANKNIFTY-III.NFO,16/10/2024,09:23:11,52738.6,52735.5,60,52756.65,15,15,116220
BANKNIFTY-III.NFO,16/10/2024,09:23:13,52738.6,52735.8,60,52757.6,15,0,116220
BANKNIFTY-III.NFO,16/10/2024,09:23:14,52738.6,52735,60,52756.7,15,0,116220
BANKNIFTY-III.NFO,16/10/2024,09:23:16,52738.6,52737.2,60,52756.45,15,0,116220
BANKNIFTY-III.NFO,16/10/2024,09:23:18,52738.6,52730.55,60,52753.5,15,0,116220
BANKNIFTY-III.NFO,16/10/2024,09:23:19,52738.6,52726.95,60,52750.8,15,0,116220
BANKNIFTY-III.NFO,16/10/2024,09:23:21,52738.6,52728.05,60,52751.95,15,0,116220
BANKNIFTY-III.NFO,16/10/2024,09:23:23,52738.6,52728.55,60,52750.25,15,0,116220
BANKNIFTY-III.NFO,16/10/2024,09:23:24,52738.6,52720.25,60,52745.45,15,0,116220
BANKNIFTY-III.NFO,16/10/2024,09:23:26,52738.6,52725.55,60,52746.95,15,0,116220
BANKNIFTY-III.NFO,16/10/2024,09:23:28,52738.6,52724.65,60,52746.6,15,0,116220
BANKNIFTY-III.NFO,16/10/2024,09:23:29,52738.6,52722.45,60,52746.6,15,0,116220
BANKNIFTY-III.NFO,16/10/2024,09:23:31,52738.6,52721.45,90,52741.8,15,0,116220
BANKNIFTY-III.NFO,16/10/2024,09:23:33,52738.6,52721.05,60,52742.6,15,0,116220
BANKNIFTY-III.NFO,16/10/2024,09:23:34,52738.6,52721.75,60,52742.6,15,0,116220
BANKNIFTY-III.NFO,16/10/2024,09:23:36,52738.6,52717.6,60,52740.65,45,0,116220
BANKNIFTY-III.NFO,16/10/2024,09:23:38,52738.6,52718.5,60,52744.2,15,0,116220
BANKNIFTY-III.NFO,16/10/2024,09:23:39,52738.6,52721.3,60,52746.45,15,0,116220
BANKNIFTY-III.NFO,16/10/2024,09:23:41,52738.6,52721.3,60,52742.55,15,0,116220
BANKNIFTY-III.NFO,16/10/2024,09:23:43,52738.6,52716,90,52738.85,45,0,116220
BANKNIFTY-III.NFO,16/10/2024,09:23:44,52738.6,52718.7,60,52745.55,15,0,116220
BANKNIFTY-III.NFO,16/10/2024,09:23:46,52738.6,52715.85,60,52743.75,15,0,116220
BANKNIFTY-III.NFO,16/10/2024,09:23:48,52738.6,52715.6,60,52742.75,15,0,116220
BANKNIFTY-III.NFO,16/10/2024,09:23:49,52738.6,52715.6,60,52738.65,15,0,116220
BANKNIFTY-III.NFO,16/10/2024,09:23:53,52738.6,52721,60,52744.25,15,0,116220
BANKNIFTY-III.NFO,16/10/2024,09:23:55,52738.6,52718.7,60,52744,15,0,116220
BANKNIFTY-III.NFO,16/10/2024,09:23:57,52738.6,52716.55,60,52740.15,15,0,116220
BANKNIFTY-III.NFO,16/10/2024,09:23:59,52738.6,52715.65,60,52740.05,15,0,116220
BANKNIFTY-III.NFO,16/10/2024,09:24:00,52738.6,52717.15,60,52741.85,15,0,116220
BANKNIFTY-III.NFO,16/10/2024,09:24:02,52738.6,52721.15,60,52743.35,15,0,116220
BANKNIFTY-III.NFO,16/10/2024,09:24:04,52738.6,52721.15,60,52745.7,15,0,116220
BANKNIFTY-III.NFO,16/10/2024,09:24:05,52738.6,52724.05,60,52738.6,15,0,116220
BANKNIFTY-III.NFO,16/10/2024,09:24:07,52738.6,52730.05,60,52738.6,15,0,116220
BANKNIFTY-III.NFO,16/10/2024,09:24:09,52738.6,52732.4,60,52738.6,15,0,116220
BANKNIFTY-III.NFO,16/10/2024,09:24:10,52738.6,52730.95,60,52738.6,15,0,116220
BANKNIFTY-III.NFO,16/10/2024,09:24:12,52738.6,52730.05,60,52738.6,15,0,116220
BANKNIFTY-III.NFO,16/10/2024,09:24:14,52738.6,52732.15,60,52738.6,15,0,116220
BANKNIFTY-III.NFO,16/10/2024,09:24:15,52738.6,52735.25,60,52738.6,15,0,116220
BANKNIFTY-III.NFO,16/10/2024,09:24:17,52738.6,52738.05,60,52740,15,15,116220
BANKNIFTY-III.NFO,16/10/2024,09:24:19,52740,52743.5,60,52760,15,15,116220
BANKNIFTY-III.NFO,16/10/2024,09:24:20,52740,52741.5,60,52760,15,0,116220
BANKNIFTY-III.NFO,16/10/2024,09:24:22,52744,52743.35,60,52760,15,30,116220
BANKNIFTY-III.NFO,16/10/2024,09:24:24,52744,52750.9,60,52760,15,0,116220
BANKNIFTY-III.NFO,16/10/2024,09:24:25,52744,52745.85,60,52760,15,0,116220
BANKNIFTY-III.NFO,16/10/2024,09:24:27,52744,52745.85,90,52760,15,0,116220
BANKNIFTY-III.NFO,16/10/2024,09:24:29,52744,52742,300,52759.95,45,0,116220
BANKNIFTY-III.NFO,16/10/2024,09:24:30,52745.85,52745.85,15,52748.75,15,30,116220
BANKNIFTY-III.NFO,16/10/2024,09:24:32,52745.85,52742,285,52745.1,15,15,116220
BANKNIFTY-III.NFO,16/10/2024,09:24:34,52742,52742,210,52749.4,45,75,116220
BANKNIFTY-III.NFO,16/10/2024,09:24:35,52742,52742,210,52748.1,45,0,116220
BANKNIFTY-III.NFO,16/10/2024,09:24:37,52742,52742,195,52747.25,45,15,116220
BANKNIFTY-III.NFO,16/10/2024,09:24:39,52742,52742,195,52743.95,30,0,116220
BANKNIFTY-III.NFO,16/10/2024,09:24:40,52742,52742,195,52748.05,45,0,116220
BANKNIFTY-III.NFO,16/10/2024,09:24:42,52742,52742,165,52743.15,30,30,116220
BANKNIFTY-III.NFO,16/10/2024,09:24:44,52742,52742,165,52746.35,30,0,116220
BANKNIFTY-III.NFO,16/10/2024,09:24:45,52742,52742,150,52747.55,30,15,116220
BANKNIFTY-III.NFO,16/10/2024,09:24:47,52742,52742,150,52750.05,30,0,116220
BANKNIFTY-III.NFO,16/10/2024,09:24:49,52742,52742.45,60,52756.65,30,0,116220
BANKNIFTY-III.NFO,16/10/2024,09:24:50,52742,52742.05,60,52754.9,30,0,116220
BANKNIFTY-III.NFO,16/10/2024,09:24:52,52742,52742.05,60,52754.6,30,0,116220
BANKNIFTY-III.NFO,16/10/2024,09:24:54,52742,52742,150,52755.3,45,0,116220
BANKNIFTY-III.NFO,16/10/2024,09:24:56,52742,52742,150,52747.1,30,0,116220
BANKNIFTY-III.NFO,16/10/2024,09:24:58,52742,52742,135,52751.3,30,15,116220
BANKNIFTY-III.NFO,16/10/2024,09:24:59,52742,52742.05,60,52755.85,30,0,116220
BANKNIFTY-III.NFO,16/10/2024,09:25:01,52742,52742.05,60,52758.3,45,0,116220
BANKNIFTY-III.NFO,16/10/2024,09:25:03,52742,52745.45,30,52758.65,30,0,116220
BANKNIFTY-III.NFO,16/10/2024,09:25:04,52742,52745.85,60,52760,15,0,116220
BANKNIFTY-III.NFO,16/10/2024,09:25:06,52742,52746.55,60,52760,15,0,116220
BANKNIFTY-III.NFO,16/10/2024,09:25:08,52742,52744.1,60,52758.4,30,0,116220
BANKNIFTY-III.NFO,16/10/2024,09:25:09,52742,52743.85,60,52760,15,0,116220
BANKNIFTY-III.NFO,16/10/2024,09:25:11,52742,52746.35,60,52760,15,0,116220
BANKNIFTY-III.NFO,16/10/2024,09:25:13,52742,52747.15,60,52760,15,0,116220
BANKNIFTY-III.NFO,16/10/2024,09:25:14,52742,52746.55,60,52760,15,0,116220
BANKNIFTY-III.NFO,16/10/2024,09:25:16,52742,52747.25,60,52760,15,0,116220
BANKNIFTY-III.NFO,16/10/2024,09:25:18,52742,52747.05,90,52760,15,0,116220
BANKNIFTY-III.NFO,16/10/2024,09:25:19,52742,52744.8,60,52758.05,30,0,116220
BANKNIFTY-III.NFO,16/10/2024,09:25:21,52742,52742.05,60,52753.1,30,0,116220
BANKNIFTY-III.NFO,16/10/2024,09:25:23,52742,52742.05,60,52752.85,30,0,116220
BANKNIFTY-III.NFO,16/10/2024,09:25:24,52742,52742.05,60,52753.45,30,0,116220
BANKNIFTY-III.NFO,16/10/2024,09:25:26,52742,52742.05,60,52754.25,15,0,116220
BANKNIFTY-III.NFO,16/10/2024,09:25:28,52742,52742,300,52750.75,30,0,116220
BANKNIFTY-III.NFO,16/10/2024,09:25:29,52742,52742.05,60,52754.35,30,0,116220
BANKNIFTY-III.NFO,16/10/2024,09:25:31,52742,52742.05,60,52751.65,30,0,116220
BANKNIFTY-III.NFO,16/10/2024,09:25:33,52742,52742.05,60,52754.3,30,0,116220
BANKNIFTY-III.NFO,16/10/2024,09:25:34,52742.15,52742.25,60,52760,15,15,116385
BANKNIFTY-III.NFO,16/10/2024,09:25:36,52756.35,52743.35,90,52755.95,15,15,116385
BANKNIFTY-III.NFO,16/10/2024,09:25:38,52756.35,52746.9,60,52760,15,0,116385
BANKNIFTY-III.NFO,16/10/2024,09:25:39,52756.35,52745.6,60,52760,15,0,116385
BANKNIFTY-III.NFO,16/10/2024,09:25:41,52756.35,52748.5,60,52760,15,0,116385
BANKNIFTY-III.NFO,16/10/2024,09:25:43,52745.6,52745.6,45,52760,15,15,116385
BANKNIFTY-III.NFO,16/10/2024,09:25:44,52745.6,52748.05,45,52760,15,0,116385
BANKNIFTY-III.NFO,16/10/2024,09:25:48,52745.6,52748.85,45,52760,15,0,116385
BANKNIFTY-III.NFO,16/10/2024,09:25:49,52745.6,52747.6,45,52760,15,0,116385
BANKNIFTY-III.NFO,16/10/2024,09:25:51,52750,52749.9,45,52760,15,30,116385
BANKNIFTY-III.NFO,16/10/2024,09:25:53,52750,52749.9,45,52760,15,0,116385
BANKNIFTY-III.NFO,16/10/2024,09:25:54,52750,52750.1,45,52760,15,0,116385
BANKNIFTY-III.NFO,16/10/2024,09:25:56,52750,52744.65,90,52760,15,0,116385
BANKNIFTY-III.NFO,16/10/2024,09:25:57,52750,52744.1,90,52760,15,0,116385
BANKNIFTY-III.NFO,16/10/2024,09:25:59,52750,52750.05,45,52760,15,0,116385
BANKNIFTY-III.NFO,16/10/2024,09:26:04,52750,52750,30,52760,15,0,116385
BANKNIFTY-III.NFO,16/10/2024,09:26:06,52750,52750,30,52758,30,0,116385
BANKNIFTY-III.NFO,16/10/2024,09:26:07,52750,52750,30,52757.4,30,0,116385
BANKNIFTY-III.NFO,16/10/2024,09:26:09,52750,52750,180,52758.15,15,0,116385
BANKNIFTY-III.NFO,16/10/2024,09:26:11,52750,52750,150,52752.8,60,30,116385
BANKNIFTY-III.NFO,16/10/2024,09:26:12,52750,52750,135,52759.9,30,15,116385
BANKNIFTY-III.NFO,16/10/2024,09:26:14,52750,52750,120,52758.6,30,15,116385
BANKNIFTY-III.NFO,16/10/2024,09:26:16,52756,52750,120,52757.55,60,15,116385
BANKNIFTY-III.NFO,16/10/2024,09:26:17,52756,52750,120,52755.95,60,0,116385
BANKNIFTY-III.NFO,16/10/2024,09:26:21,52750,52750,105,52753.45,60,15,116385
BANKNIFTY-III.NFO,16/10/2024,09:26:22,52750,52750,105,52755.95,60,0,116385
BANKNIFTY-III.NFO,16/10/2024,09:26:26,52750,52742,135,52749.6,60,105,116385
BANKNIFTY-III.NFO,16/10/2024,09:26:27,52750,52742,135,52747.5,60,0,116385
BANKNIFTY-III.NFO,16/10/2024,09:26:29,52750,52742,135,52750.85,60,0,116385
BANKNIFTY-III.NFO,16/10/2024,09:26:31,52742,52742,105,52751.55,60,30,116385
BANKNIFTY-III.NFO,16/10/2024,09:26:33,52742,52742,105,52749.95,60,0,116385
BANKNIFTY-III.NFO,16/10/2024,09:26:34,52742,52742,105,52750,30,0,116385
BANKNIFTY-III.NFO,16/10/2024,09:26:36,52742,52742,105,52749.95,60,0,116385
BANKNIFTY-III.NFO,16/10/2024,09:26:38,52742,52742,105,52748.9,60,0,116385
BANKNIFTY-III.NFO,16/10/2024,09:26:39,52742,52720.7,45,52741.75,30,105,116385
BANKNIFTY-III.NFO,16/10/2024,09:26:41,52742,52721.6,45,52741.6,60,0,116385
BANKNIFTY-III.NFO,16/10/2024,09:26:43,52742,52719.75,45,52737.9,60,0,116385
BANKNIFTY-III.NFO,16/10/2024,09:26:44,52742,52720.55,45,52741.55,60,0,116385
BANKNIFTY-III.NFO,16/10/2024,09:26:46,52742,52716.8,45,52739.85,60,0,116385
BANKNIFTY-III.NFO,16/10/2024,09:26:48,52742,52712.6,45,52740.5,30,0,116385
BANKNIFTY-III.NFO,16/10/2024,09:26:49,52742,52716.4,45,52740.1,30,0,116385
BANKNIFTY-III.NFO,16/10/2024,09:26:51,52742,52721.4,45,52742,15,0,116385
BANKNIFTY-III.NFO,16/10/2024,09:26:53,52721.4,52719.9,30,52741.95,30,15,116385
BANKNIFTY-III.NFO,16/10/2024,09:26:54,52721.4,52718.5,30,52742,15,0,116385
BANKNIFTY-III.NFO,16/10/2024,09:26:56,52721.4,52719,30,52741.95,30,0,116385
BANKNIFTY-III.NFO,16/10/2024,09:26:58,52721.4,52719.4,30,52739.45,60,0,116385
BANKNIFTY-III.NFO,16/10/2024,09:26:59,52721.4,52720.15,30,52739.1,30,0,116385
BANKNIFTY-III.NFO,16/10/2024,09:27:01,52721.4,52719.8,30,52741.75,60,0,116385
BANKNIFTY-III.NFO,16/10/2024,09:27:03,52721.4,52714.2,30,52735.95,60,0,116385
BANKNIFTY-III.NFO,16/10/2024,09:27:04,52721.4,52712.6,30,52739.55,60,0,116385
BANKNIFTY-III.NFO,16/10/2024,09:27:06,52721.4,52712.95,30,52739.3,15,0,116385
BANKNIFTY-III.NFO,16/10/2024,09:27:08,52721.4,52717.7,30,52741.1,30,0,116385
BANKNIFTY-III.NFO,16/10/2024,09:27:09,52721.4,52722.7,45,52741.95,15,0,116385
BANKNIFTY-III.NFO,16/10/2024,09:27:11,52721.4,52729.8,45,52742,15,0,116385
BANKNIFTY-III.NFO,16/10/2024,09:27:13,52721.4,52725.8,30,52741.95,75,0,116385
BANKNIFTY-III.NFO,16/10/2024,09:27:14,52721.4,52726.1,45,52741.95,60,0,116385
BANKNIFTY-III.NFO,16/10/2024,09:27:16,52721.4,52726.75,30,52741.95,60,0,116385
BANKNIFTY-III.NFO,16/10/2024,09:27:18,52726.95,52726,15,52745.8,60,15,116385
BANKNIFTY-III.NFO,16/10/2024,09:27:19,52726.95,52727.3,30,52746.2,60,0,116385
BANKNIFTY-III.NFO,16/10/2024,09:27:21,52726.95,52721.45,30,52740.35,90,0,116385
BANKNIFTY-III.NFO,16/10/2024,09:27:23,52726.95,52718.45,30,52736.55,60,0,116385
BANKNIFTY-III.NFO,16/10/2024,09:27:24,52726.95,52715.85,15,52736.65,60,0,116385
BANKNIFTY-III.NFO,16/10/2024,09:27:26,52726.95,52719.55,15,52740.05,60,0,116385
BANKNIFTY-III.NFO,16/10/2024,09:27:28,52726.95,52715.55,15,52740.95,60,0,116385
BANKNIFTY-III.NFO,16/10/2024,09:27:29,52726.95,52719.55,15,52740.95,60,0,116385
BANKNIFTY-III.NFO,16/10/2024,09:27:31,52726.95,52721.7,45,52740.75,60,0,116385
BANKNIFTY-III.NFO,16/10/2024,09:27:33,52726.95,52717.85,15,52726.95,15,0,116385
BANKNIFTY-III.NFO,16/10/2024,09:27:34,52726.95,52716.35,15,52726.95,15,0,116385
BANKNIFTY-III.NFO,16/10/2024,09:27:36,52726.95,52714.25,15,52726.95,15,0,116385
BANKNIFTY-III.NFO,16/10/2024,09:27:37,52726.95,52715.05,15,52726.95,15,0,116385
BANKNIFTY-III.NFO,16/10/2024,09:27:39,52726.95,52714.4,15,52726.95,15,0,116385
BANKNIFTY-III.NFO,16/10/2024,09:27:41,52726.95,52712.95,15,52726.95,15,0,116385
BANKNIFTY-III.NFO,16/10/2024,09:27:42,52726.95,52711.45,15,52726.95,15,0,116385
BANKNIFTY-III.NFO,16/10/2024,09:27:44,52726.95,52710.55,15,52726.95,15,0,116385
BANKNIFTY-III.NFO,16/10/2024,09:27:46,52726.95,52711.05,15,52726.95,15,0,116385
BANKNIFTY-III.NFO,16/10/2024,09:27:47,52726.95,52714.95,15,52726.95,15,0,116385
BANKNIFTY-III.NFO,16/10/2024,09:27:49,52726.95,52710.05,15,52726.95,15,0,116385
BANKNIFTY-III.NFO,16/10/2024,09:27:51,52726.95,52717.75,15,52726.95,15,0,116385
BANKNIFTY-III.NFO,16/10/2024,09:27:52,52726.95,52718.25,15,52726.95,15,0,116385
BANKNIFTY-III.NFO,16/10/2024,09:27:54,52726.95,52718.15,15,52726.95,15,0,116385
BANKNIFTY-III.NFO,16/10/2024,09:27:55,52726.95,52718.6,15,52726.95,15,0,116385
BANKNIFTY-III.NFO,16/10/2024,09:27:57,52726.95,52724.25,15,52726.95,15,0,116385
BANKNIFTY-III.NFO,16/10/2024,09:27:58,52726.95,52717.55,15,52726.95,15,0,116385
BANKNIFTY-III.NFO,16/10/2024,09:28:00,52726.95,52714.25,15,52726.95,15,0,116385
BANKNIFTY-III.NFO,16/10/2024,09:28:02,52726.95,52716.15,15,52726.95,15,0,116385
BANKNIFTY-III.NFO,16/10/2024,09:28:03,52726.95,52711.05,15,52726.95,15,0,116385
BANKNIFTY-III.NFO,16/10/2024,09:28:05,52709.95,52700.5,30,52726.9,60,15,116700
BANKNIFTY-III.NFO,16/10/2024,09:28:07,52709.95,52700.5,30,52726.95,15,0,116700
BANKNIFTY-III.NFO,16/10/2024,09:28:08,52709.95,52702.1,30,52726.9,60,0,116700
BANKNIFTY-III.NFO,16/10/2024,09:28:10,52709.95,52704.15,30,52726.95,15,0,116700
BANKNIFTY-III.NFO,16/10/2024,09:28:12,52709.95,52705.95,30,52726.95,15,0,116700
BANKNIFTY-III.NFO,16/10/2024,09:28:13,52709.95,52706.85,30,52726.95,15,0,116700
BANKNIFTY-III.NFO,16/10/2024,09:28:15,52709.95,52709.45,45,52726.95,15,0,116700
BANKNIFTY-III.NFO,16/10/2024,09:28:17,52709.95,52715.4,30,52726.95,15,0,116700
BANKNIFTY-III.NFO,16/10/2024,09:28:18,52709.95,52714.1,30,52726.95,15,0,116700
BANKNIFTY-III.NFO,16/10/2024,09:28:20,52709.95,52717.5,30,52726.95,15,0,116700
BANKNIFTY-III.NFO,16/10/2024,09:28:22,52726.95,52724.8,30,52745.9,30,15,116700
BANKNIFTY-III.NFO,16/10/2024,09:28:23,52726.95,52724.9,30,52746.95,30,0,116700
BANKNIFTY-III.NFO,16/10/2024,09:28:25,52746.95,52727.05,30,52746.75,30,15,116700
BANKNIFTY-III.NFO,16/10/2024,09:28:27,52746.95,52727.05,30,52747.15,30,0,116700
BANKNIFTY-III.NFO,16/10/2024,09:28:28,52746.95,52727.9,30,52747.85,30,0,116700
BANKNIFTY-III.NFO,16/10/2024,09:28:30,52746.95,52724.95,30,52746.4,60,0,116700
BANKNIFTY-III.NFO,16/10/2024,09:28:32,52746.95,52724.25,30,52745.9,60,0,116700
BANKNIFTY-III.NFO,16/10/2024,09:28:33,52746.95,52724.25,30,52748,60,0,116700
BANKNIFTY-III.NFO,16/10/2024,09:28:35,52746.95,52723.85,30,52746.4,60,0,116700
BANKNIFTY-III.NFO,16/10/2024,09:28:37,52746.95,52727.3,30,52748.8,60,0,116700
BANKNIFTY-III.NFO,16/10/2024,09:28:38,52746.95,52730.95,30,52749.95,60,0,116700
BANKNIFTY-III.NFO,16/10/2024,09:28:40,52746.95,52733.05,30,52750,210,0,116700
BANKNIFTY-III.NFO,16/10/2024,09:28:42,52746.95,52730.35,30,52749.95,60,0,116700
BANKNIFTY-III.NFO,16/10/2024,09:28:43,52746.95,52727.55,30,52749.95,60,0,116700
BANKNIFTY-III.NFO,16/10/2024,09:28:45,52746.95,52722.95,30,52747.65,60,0,116700
BANKNIFTY-III.NFO,16/10/2024,09:28:47,52746.95,52715.55,30,52745.85,60,0,116700
BANKNIFTY-III.NFO,16/10/2024,09:28:49,52746.95,52714.15,30,52744.85,60,0,116700
BANKNIFTY-III.NFO,16/10/2024,09:28:50,52746.95,52710.55,30,52740.45,60,0,116700
BANKNIFTY-III.NFO,16/10/2024,09:28:52,52746.95,52710.55,30,52734.5,60,0,116700
BANKNIFTY-III.NFO,16/10/2024,09:28:54,52746.95,52710.05,30,52737.55,60,0,116700
BANKNIFTY-III.NFO,16/10/2024,09:28:56,52746.95,52710.05,30,52735.95,60,0,116700
BANKNIFTY-III.NFO,16/10/2024,09:28:57,52746.95,52710.05,30,52733.95,60,0,116700
BANKNIFTY-III.NFO,16/10/2024,09:28:59,52746.95,52710.45,30,52744.75,60,0,116700
BANKNIFTY-III.NFO,16/10/2024,09:29:01,52746.95,52712.85,30,52740.85,60,0,116700
BANKNIFTY-III.NFO,16/10/2024,09:29:02,52746.95,52715.35,30,52742.35,60,0,116700
BANKNIFTY-III.NFO,16/10/2024,09:29:04,52746.95,52714.15,30,52740.55,90,0,116700
BANKNIFTY-III.NFO,16/10/2024,09:29:06,52746.95,52714.15,30,52744.75,60,0,116700
BANKNIFTY-III.NFO,16/10/2024,09:29:07,52746.95,52714.15,30,52744.15,60,0,116700
BANKNIFTY-III.NFO,16/10/2024,09:29:09,52711.15,52710.95,30,52744.45,60,45,116700
BANKNIFTY-III.NFO,16/10/2024,09:29:11,52711.15,52712.25,30,52740.75,60,0,116700
BANKNIFTY-III.NFO,16/10/2024,09:29:12,52711.15,52712.65,30,52741.25,60,0,116700
BANKNIFTY-III.NFO,16/10/2024,09:29:14,52711.15,52714.8,30,52741.25,60,0,116700
BANKNIFTY-III.NFO,16/10/2024,09:29:16,52711.15,52714.7,15,52740.3,60,0,116700
BANKNIFTY-III.NFO,16/10/2024,09:29:17,52711.15,52712.4,30,52744.05,60,0,116700
BANKNIFTY-III.NFO,16/10/2024,09:29:19,52711.15,52715.2,30,52743.45,60,0,116700
BANKNIFTY-III.NFO,16/10/2024,09:29:21,52711.15,52717.5,30,52742.2,60,0,116700
BANKNIFTY-III.NFO,16/10/2024,09:29:22,52742.2,52717,15,52742.2,60,15,116700
BANKNIFTY-III.NFO,16/10/2024,09:29:24,52742.2,52717,15,52742.2,60,0,116700
BANKNIFTY-III.NFO,16/10/2024,09:29:26,52742.2,52718.05,15,52748.65,60,0,116700
BANKNIFTY-III.NFO,16/10/2024,09:29:27,52742.2,52717,15,52743.85,60,0,116700
BANKNIFTY-III.NFO,16/10/2024,09:29:29,52742.2,52717,15,52743.35,60,0,116700
BANKNIFTY-III.NFO,16/10/2024,09:29:31,52742.2,52717,15,52743.65,60,0,116700
BANKNIFTY-III.NFO,16/10/2024,09:29:32,52742.2,52717,15,52742.95,60,0,116700
BANKNIFTY-III.NFO,16/10/2024,09:29:34,52742.2,52716.4,15,52741.35,60,0,116700
BANKNIFTY-III.NFO,16/10/2024,09:29:36,52742.2,52713.85,15,52738.75,60,0,116700
BANKNIFTY-III.NFO,16/10/2024,09:29:37,52742.2,52716.5,15,52743.5,60,0,116700
BANKNIFTY-III.NFO,16/10/2024,09:29:39,52742.2,52714.5,15,52740.95,60,0,116700
BANKNIFTY-III.NFO,16/10/2024,09:29:41,52742.2,52710.65,15,52734.65,60,0,116700
BANKNIFTY-III.NFO,16/10/2024,09:29:42,52742.2,52713.45,15,52742.1,60,0,116700
BANKNIFTY-III.NFO,16/10/2024,09:29:44,52742.2,52717.3,15,52741.3,60,0,116700
BANKNIFTY-III.NFO,16/10/2024,09:29:46,52742.2,52719.6,15,52744.75,60,0,116700
BANKNIFTY-III.NFO,16/10/2024,09:29:47,52742.2,52717.95,15,52744.1,90,0,116700
BANKNIFTY-III.NFO,16/10/2024,09:29:49,52742.2,52716,15,52741.2,60,0,116700
BANKNIFTY-III.NFO,16/10/2024,09:29:51,52742.2,52714.8,15,52741.2,60,0,116700
BANKNIFTY-III.NFO,16/10/2024,09:29:52,52742.2,52717.7,15,52741.2,60,0,116700
BANKNIFTY-III.NFO,16/10/2024,09:29:54,52742.2,52713.7,15,52740.4,60,0,116700
BANKNIFTY-III.NFO,16/10/2024,09:29:56,52742.2,52714.85,15,52740.1,60,0,116700
BANKNIFTY-III.NFO,16/10/2024,09:29:57,52742.2,52715.05,15,52737.8,60,0,116700
BANKNIFTY-III.NFO,16/10/2024,09:29:59,52742.2,52712.9,15,52743.15,60,0,116700
BANKNIFTY-III.NFO,16/10/2024,09:30:01,52742.2,52720.7,15,52744.85,60,0,116700
BANKNIFTY-III.NFO,16/10/2024,09:30:02,52742.2,52718.1,15,52744.85,60,0,116700
BANKNIFTY-III.NFO,16/10/2024,09:30:04,52742.2,52731.25,15,52744.9,15,0,116700
BANKNIFTY-III.NFO,16/10/2024,09:30:05,52742.2,52725.5,15,52744.85,60,0,116700
BANKNIFTY-III.NFO,16/10/2024,09:30:07,52742.2,52724.8,15,52744.85,60,0,116700
BANKNIFTY-III.NFO,16/10/2024,09:30:09,52742.2,52725.95,15,52744.9,15,0,116700
BANKNIFTY-III.NFO,16/10/2024,09:30:10,52742.2,52716.85,15,52744.65,90,0,116700
BANKNIFTY-III.NFO,16/10/2024,09:30:12,52742.2,52715.55,15,52741.05,60,0,116700
BANKNIFTY-III.NFO,16/10/2024,09:30:14,52742.2,52714.15,15,52737.1,60,0,116700
BANKNIFTY-III.NFO,16/10/2024,09:30:15,52742.2,52716.05,15,52739.4,60,0,116700
BANKNIFTY-III.NFO,16/10/2024,09:30:17,52742.2,52719.05,15,52743.45,90,0,116700
BANKNIFTY-III.NFO,16/10/2024,09:30:19,52742.2,52718,15,52742.05,60,0,116700
BANKNIFTY-III.NFO,16/10/2024,09:30:20,52742.2,52718.4,15,52744.85,60,0,116700
BANKNIFTY-III.NFO,16/10/2024,09:30:22,52742.2,52724.65,30,52744.85,75,0,116700
BANKNIFTY-III.NFO,16/10/2024,09:30:25,52742.2,52728.25,15,52749.95,75,0,116700
BANKNIFTY-III.NFO,16/10/2024,09:30:27,52742.2,52732,15,52749.95,60,0,116700
BANKNIFTY-III.NFO,16/10/2024,09:30:29,52742.2,52733.15,30,52750,285,0,116700
BANKNIFTY-III.NFO,16/10/2024,09:30:30,52742.2,52735.3,30,52750,285,0,116700
BANKNIFTY-III.NFO,16/10/2024,09:30:32,52742.2,52735.5,30,52750,285,0,116700
BANKNIFTY-III.NFO,16/10/2024,09:30:34,52742.2,52733.5,30,52750,285,0,116700
BANKNIFTY-III.NFO,16/10/2024,09:30:35,52742.2,52730.05,45,52749.95,60,0,116700
BANKNIFTY-III.NFO,16/10/2024,09:30:37,52742.2,52731.95,15,52749.95,60,0,116700
BANKNIFTY-III.NFO,16/10/2024,09:30:39,52742.2,52732.95,15,52749.95,60,0,116700
BANKNIFTY-III.NFO,16/10/2024,09:30:40,52742.2,52737.65,15,52750,285,0,116700
BANKNIFTY-III.NFO,16/10/2024,09:30:42,52742.2,52728.1,15,52749.95,60,0,116700
BANKNIFTY-III.NFO,16/10/2024,09:30:43,52742.2,52726.55,15,52749.95,60,0,116700
BANKNIFTY-III.NFO,16/10/2024,09:30:45,52742.2,52727.9,15,52749.15,60,0,116700
BANKNIFTY-III.NFO,16/10/2024,09:30:47,52742.2,52723.7,15,52745.55,90,0,116700
BANKNIFTY-III.NFO,16/10/2024,09:30:48,52742.2,52723.75,15,52743.85,60,0,116700
BANKNIFTY-III.NFO,16/10/2024,09:30:50,52742.2,52723.3,15,52748.35,60,0,116700
BANKNIFTY-III.NFO,16/10/2024,09:30:52,52742.2,52725.6,15,52745.5,60,0,116700
BANKNIFTY-III.NFO,16/10/2024,09:30:54,52742.2,52726.6,15,52742.2,15,0,116700
BANKNIFTY-III.NFO,16/10/2024,09:30:54,52742.2,52728,15,52742.2,15,0,116700
BANKNIFTY-III.NFO,16/10/2024,09:30:56,52728.65,52729,15,52742.2,15,15,116700
BANKNIFTY-III.NFO,16/10/2024,09:30:58,52728.65,52733.35,30,52742.2,15,0,116700
BANKNIFTY-III.NFO,16/10/2024,09:30:59,52728.65,52731.95,30,52742.2,15,0,116700
BANKNIFTY-III.NFO,16/10/2024,09:31:01,52728.65,52730.85,30,52742.2,15,0,116700
BANKNIFTY-III.NFO,16/10/2024,09:31:03,52728.65,52731.55,30,52742.2,15,0,116700
BANKNIFTY-III.NFO,16/10/2024,09:31:04,52728.65,52735.45,30,52742.2,15,0,116700
BANKNIFTY-III.NFO,16/10/2024,09:31:06,52728.65,52732.8,30,52742.2,15,0,116700
BANKNIFTY-III.NFO,16/10/2024,09:31:08,52728.65,52732.9,30,52742.2,15,0,116700
BANKNIFTY-III.NFO,16/10/2024,09:31:09,52728.65,52734.4,30,52742.2,15,0,116700
BANKNIFTY-III.NFO,16/10/2024,09:31:11,52728.65,52737.5,30,52742.2,15,0,116700
BANKNIFTY-III.NFO,16/10/2024,09:31:13,52742.2,52738.45,30,52750,285,15,116700
BANKNIFTY-III.NFO,16/10/2024,09:31:14,52742.2,52741.4,30,52750,285,0,116700
BANKNIFTY-III.NFO,16/10/2024,09:31:16,52742.2,52741.65,30,52750,285,0,116700
BANKNIFTY-III.NFO,16/10/2024,09:31:18,52742.2,52740.2,30,52750,285,0,116700
BANKNIFTY-III.NFO,16/10/2024,09:31:19,52750,52744.2,30,52750,270,15,116700
BANKNIFTY-III.NFO,16/10/2024,09:31:21,52750,52744.45,15,52750,180,90,116700
BANKNIFTY-III.NFO,16/10/2024,09:31:23,52750,52744.45,15,52750,180,15,116700
BANKNIFTY-III.NFO,16/10/2024,09:31:24,52750,52746.85,15,52750,180,0,116700
BANKNIFTY-III.NFO,16/10/2024,09:31:26,52750,52736.7,30,52760,15,195,116700
BANKNIFTY-III.NFO,16/10/2024,09:31:28,52750,52742.75,30,52760,15,0,116700
BANKNIFTY-III.NFO,16/10/2024,09:31:29,52750,52745.2,15,52760,15,0,116700
BANKNIFTY-III.NFO,16/10/2024,09:31:31,52750,52750.2,15,52760,15,0,116700
BANKNIFTY-III.NFO,16/10/2024,09:31:33,52755,52751,15,52760,15,45,116700
BANKNIFTY-III.NFO,16/10/2024,09:31:34,52761,52752.4,30,52761,315,75,116700
BANKNIFTY-III.NFO,16/10/2024,09:31:36,52761,52753.85,30,52761,165,165,116700
BANKNIFTY-III.NFO,16/10/2024,09:31:38,52761,52754.05,15,52761,150,15,116700
BANKNIFTY-III.NFO,16/10/2024,09:31:39,52761,52754.55,15,52761,150,0,116700
BANKNIFTY-III.NFO,16/10/2024,09:31:41,52761,52754.65,15,52761,150,0,116700
BANKNIFTY-III.NFO,16/10/2024,09:31:43,52761,52755.05,15,52761,135,15,116700
BANKNIFTY-III.NFO,16/10/2024,09:31:44,52761,52755.3,15,52761,120,30,116700
BANKNIFTY-III.NFO,16/10/2024,09:31:46,52761,52755.4,15,52761,30,90,116700
BANKNIFTY-III.NFO,16/10/2024,09:31:48,52761,52756.5,30,52770,15,30,116700
BANKNIFTY-III.NFO,16/10/2024,09:31:49,52756.8,52756.85,30,52769.95,60,15,116700
BANKNIFTY-III.NFO,16/10/2024,09:31:51,52756.8,52757.1,15,52769.95,60,0,116700
BANKNIFTY-III.NFO,16/10/2024,09:31:53,52756.8,52757.4,15,52769.95,60,0,116700
BANKNIFTY-III.NFO,16/10/2024,09:31:55,52756.8,52757.4,15,52766.85,60,0,116700
BANKNIFTY-III.NFO,16/10/2024,09:31:56,52756.8,52757.4,15,52767.55,60,0,116700
BANKNIFTY-III.NFO,16/10/2024,09:31:58,52756.8,52750.7,15,52767.5,60,0,116700
BANKNIFTY-III.NFO,16/10/2024,09:32:00,52756.8,52750,315,52769.65,60,0,116700
BANKNIFTY-III.NFO,16/10/2024,09:32:01,52756.8,52750.05,15,52759.25,30,0,116700
BANKNIFTY-III.NFO,16/10/2024,09:32:03,52756.8,52750.95,15,52763.65,60,0,116700
BANKNIFTY-III.NFO,16/10/2024,09:32:05,52756.8,52755.5,15,52769.95,60,0,116700
BANKNIFTY-III.NFO,16/10/2024,09:32:06,52756.8,52755.9,15,52761.8,60,0,116700
BANKNIFTY-III.NFO,16/10/2024,09:32:08,52756.8,52756.35,15,52764.95,15,0,116700
BANKNIFTY-III.NFO,16/10/2024,09:32:10,52756.8,52756.8,30,52768.35,60,0,116700
BANKNIFTY-III.NFO,16/10/2024,09:32:11,52756.8,52757.3,15,52761.95,15,0,116700
BANKNIFTY-III.NFO,16/10/2024,09:32:13,52760.25,52750.45,15,52768.8,90,15,116700
BANKNIFTY-III.NFO,16/10/2024,09:32:15,52760.25,52750,315,52769.6,60,0,116700
BANKNIFTY-III.NFO,16/10/2024,09:32:16,52760.25,52750.05,15,52765.05,60,0,116700
BANKNIFTY-III.NFO,16/10/2024,09:32:18,52750.05,52750.05,15,52758.4,60,15,116700
BANKNIFTY-III.NFO,16/10/2024,09:32:20,52750.05,52750.05,15,52757.15,60,0,116700
BANKNIFTY-III.NFO,16/10/2024,09:32:21,52750.05,52750,315,52754.3,15,0,116700
BANKNIFTY-III.NFO,16/10/2024,09:32:23,52750.05,52750,315,52750.05,15,0,116700
BANKNIFTY-III.NFO,16/10/2024,09:32:33,52750.05,52750,315,52757.5,15,15,116700
BANKNIFTY-III.NFO,16/10/2024,09:32:34,52750.05,52750,315,52764,15,0,116700
BANKNIFTY-III.NFO,16/10/2024,09:32:36,52750.05,52750.1,30,52770,15,0,116700
BANKNIFTY-III.NFO,16/10/2024,09:32:38,52750.05,52751.65,15,52767.45,30,0,116700
BANKNIFTY-III.NFO,16/10/2024,09:32:39,52750.05,52752,30,52770,15,0,116700
BANKNIFTY-III.NFO,16/10/2024,09:32:41,52750.05,52754,15,52769.9,30,0,116700
BANKNIFTY-III.NFO,16/10/2024,09:32:43,52750.05,52754,15,52767.3,15,0,116700
BANKNIFTY-III.NFO,16/10/2024,09:32:44,52750.05,52750.05,15,52767.6,30,0,116700
BANKNIFTY-III.NFO,16/10/2024,09:32:46,52750.05,52750.35,15,52763.3,15,0,116700
BANKNIFTY-III.NFO,16/10/2024,09:32:48,52750.05,52750,315,52761.5,30,0,116700
BANKNIFTY-III.NFO,16/10/2024,09:32:49,52750.05,52750,315,52760.1,15,0,116700
BANKNIFTY-III.NFO,16/10/2024,09:32:51,52750.05,52750,315,52754.15,15,0,116700
BANKNIFTY-III.NFO,16/10/2024,09:32:53,52750.05,52750,315,52753.65,15,0,116700
BANKNIFTY-III.NFO,16/10/2024,09:32:55,52750,52750,300,52759.1,60,15,116700
BANKNIFTY-III.NFO,16/10/2024,09:32:57,52750,52750,300,52757.65,60,0,116700
BANKNIFTY-III.NFO,16/10/2024,09:32:59,52750,52750,300,52761.25,60,0,116700
BANKNIFTY-III.NFO,16/10/2024,09:33:00,52750,52750,300,52760.45,60,0,116700
BANKNIFTY-III.NFO,16/10/2024,09:33:02,52750,52750,300,52760,30,0,116700
BANKNIFTY-III.NFO,16/10/2024,09:33:04,52750,52750,300,52759.2,30,0,116700
BANKNIFTY-III.NFO,16/10/2024,09:33:05,52750,52750,360,52757.8,60,0,116700
BANKNIFTY-III.NFO,16/10/2024,09:33:07,52750,52750,360,52755.5,60,0,116700
BANKNIFTY-III.NFO,16/10/2024,09:33:09,52750,52750,360,52754.85,30,0,116700
BANKNIFTY-III.NFO,16/10/2024,09:33:10,52750,52750,285,52754.5,60,75,116700
BANKNIFTY-III.NFO,16/10/2024,09:33:12,52750,52750,255,52754.85,60,30,116700
BANKNIFTY-III.NFO,16/10/2024,09:33:14,52750,52750,240,52759.55,60,15,116700
BANKNIFTY-III.NFO,16/10/2024,09:33:15,52750,52750,240,52755.15,60,0,116700
BANKNIFTY-III.NFO,16/10/2024,09:33:17,52750,52750,240,52752.4,60,0,116700
BANKNIFTY-III.NFO,16/10/2024,09:33:19,52750,52722.9,30,52750.8,60,240,116700
BANKNIFTY-III.NFO,16/10/2024,09:33:20,52750,52726.65,30,52752.1,60,0,116700
BANKNIFTY-III.NFO,16/10/2024,09:33:22,52750,52726.9,30,52747.8,60,0,116700
BANKNIFTY-III.NFO,16/10/2024,09:33:24,52750,52723.15,30,52744.7,30,0,116700
BANKNIFTY-III.NFO,16/10/2024,09:33:25,52750,52720.85,15,52742.3,60,0,116700
BANKNIFTY-III.NFO,16/10/2024,09:33:27,52750,52721.2,30,52741.25,30,0,116700
BANKNIFTY-III.NFO,16/10/2024,09:33:29,52750,52721.8,30,52741.25,30,0,116700
BANKNIFTY-III.NFO,16/10/2024,09:33:30,52750,52721.85,30,52739.25,30,0,116700
BANKNIFTY-III.NFO,16/10/2024,09:33:32,52750,52721.85,30,52737.2,15,0,116700
BANKNIFTY-III.NFO,16/10/2024,09:33:34,52750,52721.95,30,52740.45,15,0,116700
BANKNIFTY-III.NFO,16/10/2024,09:33:35,52750,52722.1,30,52742.25,30,0,116700
BANKNIFTY-III.NFO,16/10/2024,09:33:37,52750,52722.1,30,52740.45,30,0,116700
BANKNIFTY-III.NFO,16/10/2024,09:33:39,52750,52721.95,30,52739.85,30,0,116700
BANKNIFTY-III.NFO,16/10/2024,09:33:40,52750,52721.95,30,52735.95,30,0,116700
BANKNIFTY-III.NFO,16/10/2024,09:33:42,52750,52721.95,30,52734.45,15,0,116700
BANKNIFTY-III.NFO,16/10/2024,09:33:44,52750,52715.85,15,52729.6,15,0,116700
BANKNIFTY-III.NFO,16/10/2024,09:33:45,52750,52716.3,15,52733.8,15,0,116700
BANKNIFTY-III.NFO,16/10/2024,09:33:47,52750,52717.75,30,52740.45,30,0,116700
BANKNIFTY-III.NFO,16/10/2024,09:33:49,52750,52719.55,30,52747.85,60,0,116700
BANKNIFTY-III.NFO,16/10/2024,09:33:50,52750,52722.3,30,52749.95,30,0,116700
BANKNIFTY-III.NFO,16/10/2024,09:33:52,52750,52729.55,30,52749.95,30,0,116700
BANKNIFTY-III.NFO,16/10/2024,09:33:54,52750,52736.35,30,52750,15,0,116700
BANKNIFTY-III.NFO,16/10/2024,09:33:55,52750,52736.7,30,52750,15,0,116700
BANKNIFTY-III.NFO,16/10/2024,09:33:57,52750,52738.15,30,52750,15,0,116700
BANKNIFTY-III.NFO,16/10/2024,09:33:59,52750,52739.6,30,52750,15,0,116700
BANKNIFTY-III.NFO,16/10/2024,09:34:00,52750,52737.55,30,52750,15,0,116700
BANKNIFTY-III.NFO,16/10/2024,09:34:02,52750,52738.2,15,52750,15,0,116700
BANKNIFTY-III.NFO,16/10/2024,09:34:04,52750,52738.95,30,52750,15,0,116700
BANKNIFTY-III.NFO,16/10/2024,09:34:05,52750,52742.35,15,52767.85,60,15,116610
BANKNIFTY-III.NFO,16/10/2024,09:34:07,52750,52737.9,15,52762.5,60,0,116610
BANKNIFTY-III.NFO,16/10/2024,09:34:09,52750,52738.4,30,52759.25,90,0,116610
BANKNIFTY-III.NFO,16/10/2024,09:34:10,52750,52738.95,15,52761.95,60,0,116610
BANKNIFTY-III.NFO,16/10/2024,09:34:12,52750,52739.4,30,52758.8,60,0,116610
BANKNIFTY-III.NFO,16/10/2024,09:34:14,52750,52737.75,30,52757.9,60,0,116610
BANKNIFTY-III.NFO,16/10/2024,09:34:15,52750,52738.55,30,52757.2,60,0,116610
BANKNIFTY-III.NFO,16/10/2024,09:34:17,52750,52739,15,52754.45,60,0,116610
BANKNIFTY-III.NFO,16/10/2024,09:34:19,52750,52739,15,52755.1,60,0,116610
BANKNIFTY-III.NFO,16/10/2024,09:34:20,52750,52727.65,15,52751.25,60,0,116610
BANKNIFTY-III.NFO,16/10/2024,09:34:22,52750,52729.8,15,52748,60,0,116610
BANKNIFTY-III.NFO,16/10/2024,09:34:24,52750,52730.15,30,52743.95,60,0,116610
BANKNIFTY-III.NFO,16/10/2024,09:34:25,52740.9,52728.6,60,52753.2,60,105,116610
BANKNIFTY-III.NFO,16/10/2024,09:34:27,52740.9,52725.5,60,52752,60,0,116610
BANKNIFTY-III.NFO,16/10/2024,09:34:29,52740.9,52725.1,60,52748.4,60,0,116610
BANKNIFTY-III.NFO,16/10/2024,09:34:30,52748.4,52725.2,60,52743.75,45,15,116610
BANKNIFTY-III.NFO,16/10/2024,09:34:32,52748.4,52727.6,60,52747.25,45,0,116610
BANKNIFTY-III.NFO,16/10/2024,09:34:34,52748.4,52725.1,15,52739.1,45,0,116610
BANKNIFTY-III.NFO,16/10/2024,09:34:35,52748.4,52730.1,30,52744.6,45,0,116610
BANKNIFTY-III.NFO,16/10/2024,09:34:37,52748.4,52723.55,15,52738.5,45,0,116610
BANKNIFTY-III.NFO,16/10/2024,09:34:39,52748.4,52721.5,15,52735.85,45,0,116610
BANKNIFTY-III.NFO,16/10/2024,09:34:40,52748.4,52717.75,135,52736.25,45,0,116610
BANKNIFTY-III.NFO,16/10/2024,09:34:42,52748.4,52712.35,60,52730.55,45,0,116610
BANKNIFTY-III.NFO,16/10/2024,09:34:44,52748.4,52713.95,60,52733.75,45,0,116610
BANKNIFTY-III.NFO,16/10/2024,09:34:45,52748.4,52716.45,60,52734.8,45,0,116610
BANKNIFTY-III.NFO,16/10/2024,09:34:47,52748.4,52708.45,60,52729.35,45,0,116610
BANKNIFTY-III.NFO,16/10/2024,09:34:49,52748.4,52708.75,60,52727.55,45,0,116610
BANKNIFTY-III.NFO,16/10/2024,09:34:50,52748.4,52709.1,60,52727.95,45,0,116610
BANKNIFTY-III.NFO,16/10/2024,09:34:52,52748.4,52713.35,60,52733.8,45,0,116610
BANKNIFTY-III.NFO,16/10/2024,09:34:54,52748.4,52707.5,60,52729.5,45,0,116610
BANKNIFTY-III.NFO,16/10/2024,09:34:55,52748.4,52711.3,60,52728.6,45,0,116610
BANKNIFTY-III.NFO,16/10/2024,09:34:57,52748.4,52712.4,60,52731,45,0,116610
BANKNIFTY-III.NFO,16/10/2024,09:34:58,52748.4,52714.75,60,52733.35,45,0,116610
BANKNIFTY-III.NFO,16/10/2024,09:35:00,52748.4,52716.15,60,52736.25,45,0,116610
BANKNIFTY-III.NFO,16/10/2024,09:35:02,52748.4,52714.1,60,52733.1,45,0,116610
BANKNIFTY-III.NFO,16/10/2024,09:35:03,52748.4,52712.5,60,52736.25,45,0,116610
BANKNIFTY-III.NFO,16/10/2024,09:35:05,52748.4,52716.45,60,52735.75,45,0,116610
BANKNIFTY-III.NFO,16/10/2024,09:35:07,52748.4,52718.1,60,52736.8,45,0,116610
BANKNIFTY-III.NFO,16/10/2024,09:35:08,52748.4,52713.8,60,52730.85,45,0,116610
BANKNIFTY-III.NFO,16/10/2024,09:35:10,52748.4,52711.35,60,52728.2,45,0,116610
BANKNIFTY-III.NFO,16/10/2024,09:35:12,52748.4,52712.05,60,52727.05,45,0,116610
BANKNIFTY-III.NFO,16/10/2024,09:35:13,52748.4,52712.15,60,52731.15,45,0,116610
BANKNIFTY-III.NFO,16/10/2024,09:35:15,52748.4,52713.05,60,52730.3,15,0,116610
BANKNIFTY-III.NFO,16/10/2024,09:35:17,52748.4,52714.8,60,52732.3,45,0,116610
BANKNIFTY-III.NFO,16/10/2024,09:35:18,52748.4,52712.05,60,52728.9,45,0,116610
BANKNIFTY-III.NFO,16/10/2024,09:35:20,52748.4,52713.6,60,52726.9,15,0,116610
BANKNIFTY-III.NFO,16/10/2024,09:35:22,52748.4,52712.35,60,52727.9,15,0,116610
BANKNIFTY-III.NFO,16/10/2024,09:35:23,52748.4,52713.45,60,52728.55,45,0,116610
BANKNIFTY-III.NFO,16/10/2024,09:35:25,52748.4,52713.85,60,52731.6,45,0,116610
BANKNIFTY-III.NFO,16/10/2024,09:35:27,52748.4,52715.05,75,52729.9,45,0,116610
BANKNIFTY-III.NFO,16/10/2024,09:35:28,52748.4,52715.1,60,52730.85,45,0,116610
BANKNIFTY-III.NFO,16/10/2024,09:35:30,52748.4,52715.1,15,52730,45,0,116610
BANKNIFTY-III.NFO,16/10/2024,09:35:32,52748.4,52715.1,15,52727.65,45,0,116610
BANKNIFTY-III.NFO,16/10/2024,09:35:33,52748.4,52709.15,60,52722.75,15,0,116610
BANKNIFTY-III.NFO,16/10/2024,09:35:35,52748.4,52710.15,60,52726.9,45,0,116610
BANKNIFTY-III.NFO,16/10/2024,09:35:37,52748.4,52712.05,60,52727.65,45,0,116610
BANKNIFTY-III.NFO,16/10/2024,09:35:38,52748.4,52712.15,60,52729.45,45,0,116610
BANKNIFTY-III.NFO,16/10/2024,09:35:40,52748.4,52715,60,52734.1,45,0,116610
BANKNIFTY-III.NFO,16/10/2024,09:35:42,52748.4,52712,30,52731.6,45,0,116610
BANKNIFTY-III.NFO,16/10/2024,09:35:43,52748.4,52708.6,60,52726.3,45,0,116610
BANKNIFTY-III.NFO,16/10/2024,09:35:45,52748.4,52710.05,30,52722.75,15,0,116610
BANKNIFTY-III.NFO,16/10/2024,09:35:47,52748.4,52706.05,60,52722.1,45,0,116610
BANKNIFTY-III.NFO,16/10/2024,09:35:48,52748.4,52706.85,60,52722.35,45,0,116610
BANKNIFTY-III.NFO,16/10/2024,09:35:50,52748.4,52708.85,60,52727.9,45,0,116610
BANKNIFTY-III.NFO,16/10/2024,09:35:52,52748.4,52712.05,60,52738.55,45,0,116610
BANKNIFTY-III.NFO,16/10/2024,09:35:53,52748.4,52716.15,60,52738.55,45,0,116610
BANKNIFTY-III.NFO,16/10/2024,09:35:55,52748.4,52719.4,60,52740.25,45,0,116610
BANKNIFTY-III.NFO,16/10/2024,09:35:57,52748.4,52719.2,60,52741.25,45,0,116610
BANKNIFTY-III.NFO,16/10/2024,09:35:59,52748.4,52719.1,60,52744.1,45,0,116610
BANKNIFTY-III.NFO,16/10/2024,09:36:00,52748.4,52719.1,60,52740.2,45,0,116610
BANKNIFTY-III.NFO,16/10/2024,09:36:02,52748.4,52719.1,60,52739.7,45,0,116610
BANKNIFTY-III.NFO,16/10/2024,09:36:04,52748.4,52720.5,60,52742.45,45,0,116610
BANKNIFTY-III.NFO,16/10/2024,09:36:05,52748.4,52718.55,60,52744.5,45,0,116610
BANKNIFTY-III.NFO,16/10/2024,09:36:07,52748.4,52723.15,60,52747.05,45,0,116610
BANKNIFTY-III.NFO,16/10/2024,09:36:09,52748.4,52720.1,60,52739.3,45,0,116610
BANKNIFTY-III.NFO,16/10/2024,09:36:10,52748.4,52721,60,52741.8,45,0,116610
BANKNIFTY-III.NFO,16/10/2024,09:36:12,52748.4,52718.5,60,52740.25,45,0,116610
BANKNIFTY-III.NFO,16/10/2024,09:36:14,52748.4,52714.85,60,52735.5,45,0,116610
BANKNIFTY-III.NFO,16/10/2024,09:36:15,52748.4,52714.7,60,52735.45,45,0,116610
BANKNIFTY-III.NFO,16/10/2024,09:36:17,52748.4,52715.35,60,52736.95,45,0,116610
BANKNIFTY-III.NFO,16/10/2024,09:36:19,52748.4,52715.45,90,52736.7,45,0,116610
BANKNIFTY-III.NFO,16/10/2024,09:36:20,52748.4,52715.25,60,52735.3,45,0,116610
BANKNIFTY-III.NFO,16/10/2024,09:36:22,52748.4,52714.3,60,52735.95,45,0,116610
BANKNIFTY-III.NFO,16/10/2024,09:36:24,52748.4,52714.55,60,52739.75,45,0,116610
BANKNIFTY-III.NFO,16/10/2024,09:36:25,52748.4,52713.35,60,52736.55,45,0,116610
BANKNIFTY-III.NFO,16/10/2024,09:36:27,52748.4,52713.45,60,52734.8,45,0,116610
BANKNIFTY-III.NFO,16/10/2024,09:36:29,52748.4,52708.85,60,52735.8,45,0,116610
BANKNIFTY-III.NFO,16/10/2024,09:36:30,52710.4,52710.4,60,52735.65,60,15,116610
BANKNIFTY-III.NFO,16/10/2024,09:36:32,52710.4,52709.15,60,52737.7,60,0,116610
BANKNIFTY-III.NFO,16/10/2024,09:36:34,52710.4,52709.85,60,52733.1,60,0,116610
BANKNIFTY-III.NFO,16/10/2024,09:36:35,52710.4,52708.15,60,52730.35,60,0,116610
BANKNIFTY-III.NFO,16/10/2024,09:36:37,52710.4,52708.15,60,52730.05,60,0,116610
BANKNIFTY-III.NFO,16/10/2024,09:36:39,52710.4,52706.15,75,52727.05,60,0,116610
BANKNIFTY-III.NFO,16/10/2024,09:36:40,52710.4,52706.05,75,52710,15,0,116610
BANKNIFTY-III.NFO,16/10/2024,09:36:42,52710,52710.75,60,52733.85,60,15,116610
BANKNIFTY-III.NFO,16/10/2024,09:36:44,52710,52718.5,60,52745.25,60,0,116610
BANKNIFTY-III.NFO,16/10/2024,09:36:45,52710,52721.2,60,52753.35,60,0,116610
BANKNIFTY-III.NFO,16/10/2024,09:36:47,52710,52729.95,60,52753.4,60,0,116610
BANKNIFTY-III.NFO,16/10/2024,09:36:49,52710,52728.15,60,52756.45,60,0,116610
BANKNIFTY-III.NFO,16/10/2024,09:36:50,52710,52733.05,60,52756.45,60,0,116610
BANKNIFTY-III.NFO,16/10/2024,09:36:52,52733.05,52730.9,15,52762.6,60,45,116610
BANKNIFTY-III.NFO,16/10/2024,09:36:54,52733.05,52730.95,15,52759.2,60,0,116610
BANKNIFTY-III.NFO,16/10/2024,09:36:55,52733.05,52734.35,15,52759.2,60,0,116610
BANKNIFTY-III.NFO,16/10/2024,09:36:56,52733.05,52736.55,15,52764.5,60,0,116610
BANKNIFTY-III.NFO,16/10/2024,09:36:58,52733.05,52735.25,15,52759.7,60,0,116610
BANKNIFTY-III.NFO,16/10/2024,09:37:00,52733.05,52736.05,15,52761.4,60,0,116610
BANKNIFTY-III.NFO,16/10/2024,09:37:01,52733.05,52736.35,15,52749.95,60,0,116610
BANKNIFTY-III.NFO,16/10/2024,09:37:03,52733.05,52718.95,15,52747.55,60,0,116610
BANKNIFTY-III.NFO,16/10/2024,09:37:05,52733.05,52723.35,15,52748.25,60,0,116610
BANKNIFTY-III.NFO,16/10/2024,09:37:06,52733.05,52716.6,15,52744.95,60,0,116610
BANKNIFTY-III.NFO,16/10/2024,09:37:08,52733.05,52715.5,15,52742.2,60,0,116610
BANKNIFTY-III.NFO,16/10/2024,09:37:10,52733.05,52711.75,15,52741.9,60,0,116610
BANKNIFTY-III.NFO,16/10/2024,09:37:11,52733.05,52713.5,15,52738.65,60,0,116610
BANKNIFTY-III.NFO,16/10/2024,09:37:13,52733.05,52713.9,45,52740,60,0,116610
BANKNIFTY-III.NFO,16/10/2024,09:37:15,52733.05,52733.05,15,52743.05,90,0,116610
BANKNIFTY-III.NFO,16/10/2024,09:37:16,52733.05,52711.35,15,52733.55,60,15,116535
BANKNIFTY-III.NFO,16/10/2024,09:37:18,52733.05,52710.35,15,52735.8,60,0,116535
BANKNIFTY-III.NFO,16/10/2024,09:37:20,52733.05,52709.85,15,52735.7,60,0,116535
BANKNIFTY-III.NFO,16/10/2024,09:37:21,52733.05,52709.65,15,52730,15,0,116535
BANKNIFTY-III.NFO,16/10/2024,09:37:23,52733.05,52714.3,15,52730,15,0,116535
BANKNIFTY-III.NFO,16/10/2024,09:37:25,52733.05,52717.4,45,52730,15,0,116535
BANKNIFTY-III.NFO,16/10/2024,09:37:26,52733.05,52715.45,15,52730,15,0,116535
BANKNIFTY-III.NFO,16/10/2024,09:37:28,52733.05,52716,15,52730,15,0,116535
BANKNIFTY-III.NFO,16/10/2024,09:37:30,52733.05,52719.05,15,52730,15,0,116535
BANKNIFTY-III.NFO,16/10/2024,09:37:32,52733.05,52720.65,15,52730,15,0,116535
BANKNIFTY-III.NFO,16/10/2024,09:37:33,52733.05,52721.5,15,52730,15,0,116535
BANKNIFTY-III.NFO,16/10/2024,09:37:35,52733.05,52716.4,15,52730,15,0,116535
BANKNIFTY-III.NFO,16/10/2024,09:37:37,52733.05,52718.05,15,52730,15,0,116535
BANKNIFTY-III.NFO,16/10/2024,09:37:38,52733.05,52719.5,15,52730,15,0,116535
BANKNIFTY-III.NFO,16/10/2024,09:37:40,52733.05,52719.7,15,52730,15,0,116535
BANKNIFTY-III.NFO,16/10/2024,09:37:42,52719.7,52719.65,15,52730,15,15,116535
BANKNIFTY-III.NFO,16/10/2024,09:37:43,52719.7,52718.9,15,52730,15,0,116535
BANKNIFTY-III.NFO,16/10/2024,09:37:45,52719.7,52719.3,30,52730,15,0,116535
BANKNIFTY-III.NFO,16/10/2024,09:37:47,52719.7,52719.65,15,52730,15,0,116535
BANKNIFTY-III.NFO,16/10/2024,09:37:48,52719.7,52718.85,15,52730,15,0,116535
BANKNIFTY-III.NFO,16/10/2024,09:37:50,52719.7,52719.1,15,52730,15,0,116535
BANKNIFTY-III.NFO,16/10/2024,09:37:52,52719.7,52719.55,15,52730,15,0,116535
BANKNIFTY-III.NFO,16/10/2024,09:37:53,52719.7,52716.4,15,52729.95,60,0,116535
BANKNIFTY-III.NFO,16/10/2024,09:37:55,52719.7,52711.2,30,52729.95,75,0,116535
BANKNIFTY-III.NFO,16/10/2024,09:37:57,52719.7,52711.9,30,52729.95,60,0,116535
BANKNIFTY-III.NFO,16/10/2024,09:37:59,52719.7,52713.6,30,52730,15,0,116535
BANKNIFTY-III.NFO,16/10/2024,09:38:00,52719.7,52715.15,15,52729.95,60,0,116535
BANKNIFTY-III.NFO,16/10/2024,09:38:02,52719.7,52715.55,15,52730,15,0,116535
BANKNIFTY-III.NFO,16/10/2024,09:38:04,52719.7,52716.35,15,52730,15,0,116535
BANKNIFTY-III.NFO,16/10/2024,09:38:05,52719.7,52717.1,15,52730,15,0,116535
BANKNIFTY-III.NFO,16/10/2024,09:38:07,52719.7,52717.6,15,52729.95,60,0,116535
BANKNIFTY-III.NFO,16/10/2024,09:38:09,52717.65,52712.25,30,52728.85,90,30,116535
BANKNIFTY-III.NFO,16/10/2024,09:38:10,52717.65,52712.25,30,52729.95,60,0,116535
BANKNIFTY-III.NFO,16/10/2024,09:38:12,52717.65,52713,15,52729.95,60,0,116535
BANKNIFTY-III.NFO,16/10/2024,09:38:14,52717.65,52714.85,15,52730,15,0,116535
BANKNIFTY-III.NFO,16/10/2024,09:38:15,52717.65,52715.7,15,52730,15,0,116535
BANKNIFTY-III.NFO,16/10/2024,09:38:17,52717.65,52716.55,30,52730,15,0,116535
BANKNIFTY-III.NFO,16/10/2024,09:38:19,52717.65,52718.05,30,52730,15,0,116535
BANKNIFTY-III.NFO,16/10/2024,09:38:20,52717.65,52723.35,30,52730,15,0,116535
BANKNIFTY-III.NFO,16/10/2024,09:38:22,52730,52730.05,30,52733,15,15,116535
BANKNIFTY-III.NFO,16/10/2024,09:38:24,52733,52730.25,30,52750,15,15,116535
BANKNIFTY-III.NFO,16/10/2024,09:38:25,52730.25,52734.35,30,52750,15,15,116535
BANKNIFTY-III.NFO,16/10/2024,09:38:27,52730.25,52737.85,30,52750,15,0,116535
BANKNIFTY-III.NFO,16/10/2024,09:38:29,52730.25,52739.35,30,52750,15,0,116535
BANKNIFTY-III.NFO,16/10/2024,09:38:30,52750,52742.9,30,52760,15,15,116535
BANKNIFTY-III.NFO,16/10/2024,09:38:32,52750,52743.15,15,52760,15,0,116535
BANKNIFTY-III.NFO,16/10/2024,09:38:34,52750,52743.6,30,52760,15,0,116535
BANKNIFTY-III.NFO,16/10/2024,09:38:35,52750,52748.9,30,52760,15,0,116535
BANKNIFTY-III.NFO,16/10/2024,09:38:37,52770,52751.15,30,52773.2,60,30,116535
BANKNIFTY-III.NFO,16/10/2024,09:38:39,52770,52752.9,30,52773.2,60,0,116535
BANKNIFTY-III.NFO,16/10/2024,09:38:40,52770,52754.25,45,52773.2,60,0,116535
BANKNIFTY-III.NFO,16/10/2024,09:38:42,52770,52755.5,15,52778.85,60,0,116535
BANKNIFTY-III.NFO,16/10/2024,09:38:44,52770,52756.55,15,52775.05,60,0,116535
BANKNIFTY-III.NFO,16/10/2024,09:38:45,52770,52757.35,15,52775.45,60,0,116535
BANKNIFTY-III.NFO,16/10/2024,09:38:47,52770,52757.8,15,52774.15,60,0,116535
BANKNIFTY-III.NFO,16/10/2024,09:38:48,52770,52758.15,15,52774.2,60,0,116535
BANKNIFTY-III.NFO,16/10/2024,09:38:50,52770,52758.5,15,52773.5,60,0,116535
BANKNIFTY-III.NFO,16/10/2024,09:38:52,52770,52758.85,15,52779.25,60,0,116535
BANKNIFTY-III.NFO,16/10/2024,09:38:53,52770,52759.3,15,52778.75,60,0,116535
BANKNIFTY-III.NFO,16/10/2024,09:38:54,52770,52759.55,15,52779.15,60,0,116535
BANKNIFTY-III.NFO,16/10/2024,09:38:56,52770,52760,15,52778.25,60,0,116535
BANKNIFTY-III.NFO,16/10/2024,09:38:58,52770,52760,15,52770,15,0,116535
BANKNIFTY-III.NFO,16/10/2024,09:38:59,52770,52758.6,30,52770,15,0,116535
BANKNIFTY-III.NFO,16/10/2024,09:39:01,52770,52759.25,15,52770,15,0,116535
BANKNIFTY-III.NFO,16/10/2024,09:39:03,52770,52750.25,30,52770,15,0,116535
BANKNIFTY-III.NFO,16/10/2024,09:39:04,52770,52751.05,30,52770,15,0,116535
BANKNIFTY-III.NFO,16/10/2024,09:39:06,52770,52753.95,15,52769.95,60,0,116535
BANKNIFTY-III.NFO,16/10/2024,09:39:08,52770,52754.05,15,52769.95,60,0,116535
BANKNIFTY-III.NFO,16/10/2024,09:39:09,52770,52754.6,30,52770,15,0,116535
BANKNIFTY-III.NFO,16/10/2024,09:39:11,52770,52755.3,30,52770,15,0,116535
BANKNIFTY-III.NFO,16/10/2024,09:39:12,52770,52756.3,30,52770,15,0,116535
BANKNIFTY-III.NFO,16/10/2024,09:39:14,52770,52756.15,30,52770,30,0,116535
BANKNIFTY-III.NFO,16/10/2024,09:39:16,52770,52757.75,15,52770,30,0,116535
BANKNIFTY-III.NFO,16/10/2024,09:39:17,52770,52758.7,30,52780.55,60,30,116535
BANKNIFTY-III.NFO,16/10/2024,09:39:19,52790,52787.4,15,52791.35,30,75,116535
BANKNIFTY-III.NFO,16/10/2024,09:39:19,52790,52787.4,15,52791.35,30,0,116535
BANKNIFTY-III.NFO,16/10/2024,09:39:21,52789.95,52784.4,30,52799,60,60,116535
BANKNIFTY-III.NFO,16/10/2024,09:39:21,52791.35,52784.4,30,52799,60,0,116535
BANKNIFTY-III.NFO,16/10/2024,09:39:22,52789.95,52771.9,30,52798.95,90,0,116535
BANKNIFTY-III.NFO,16/10/2024,09:39:24,52789.95,52773.8,30,52798.95,90,0,116535
BANKNIFTY-III.NFO,16/10/2024,09:39:26,52789.95,52771,30,52798.95,90,0,116535
BANKNIFTY-III.NFO,16/10/2024,09:39:27,52789.95,52771.45,15,52798.95,90,0,116535
BANKNIFTY-III.NFO,16/10/2024,09:39:29,52789.95,52772.3,15,52791.95,90,0,116535
BANKNIFTY-III.NFO,16/10/2024,09:39:31,52789.95,52765.9,15,52788.3,90,0,116535
BANKNIFTY-III.NFO,16/10/2024,09:39:32,52789.95,52766.85,15,52788.45,60,0,116535
BANKNIFTY-III.NFO,16/10/2024,09:39:34,52789.95,52760.15,15,52781.2,90,0,116535
BANKNIFTY-III.NFO,16/10/2024,09:39:36,52789.95,52751.55,30,52788.4,90,0,116535
BANKNIFTY-III.NFO,16/10/2024,09:39:37,52789.95,52754.55,30,52785.25,90,0,116535
BANKNIFTY-III.NFO,16/10/2024,09:39:39,52789.95,52759,30,52784.95,90,0,116535
BANKNIFTY-III.NFO,16/10/2024,09:39:41,52789.95,52760.3,30,52783.75,90,0,116535
BANKNIFTY-III.NFO,16/10/2024,09:39:42,52789.95,52761.2,30,52783.75,90,0,116535
BANKNIFTY-III.NFO,16/10/2024,09:39:44,52789.95,52761.95,15,52783.7,60,0,116535
BANKNIFTY-III.NFO,16/10/2024,09:39:46,52789.95,52763.05,30,52787.8,90,0,116535
BANKNIFTY-III.NFO,16/10/2024,09:39:47,52789.95,52764.15,30,52787.8,90,0,116535
BANKNIFTY-III.NFO,16/10/2024,09:39:49,52789.95,52765.25,30,52787.8,90,0,116535
BANKNIFTY-III.NFO,16/10/2024,09:39:51,52789.95,52766,15,52786.4,90,0,116535
BANKNIFTY-III.NFO,16/10/2024,09:39:52,52789.95,52766.45,15,52785.15,60,0,116535
BANKNIFTY-III.NFO,16/10/2024,09:39:54,52789.95,52766.9,15,52786.35,60,0,116535
BANKNIFTY-III.NFO,16/10/2024,09:39:56,52789.95,52767.4,15,52791.7,90,0,116535
BANKNIFTY-III.NFO,16/10/2024,09:39:58,52789.95,52768.35,30,52791.15,90,0,116535
BANKNIFTY-III.NFO,16/10/2024,09:39:59,52789.95,52769.15,30,52792.15,90,0,116535
BANKNIFTY-III.NFO,16/10/2024,09:40:01,52789.95,52770,30,52790.65,60,0,116535
BANKNIFTY-III.NFO,16/10/2024,09:40:03,52789.95,52770.65,15,52792.1,60,0,116535
BANKNIFTY-III.NFO,16/10/2024,09:40:04,52789.95,52771.55,30,52793.3,60,0,116535
BANKNIFTY-III.NFO,16/10/2024,09:40:06,52789.95,52773.2,15,52794.8,60,0,116535
BANKNIFTY-III.NFO,16/10/2024,09:40:08,52789.95,52774.25,15,52795.4,60,0,116535
BANKNIFTY-III.NFO,16/10/2024,09:40:09,52789.95,52775.8,30,52796.9,60,0,116535
BANKNIFTY-III.NFO,16/10/2024,09:40:11,52789.95,52776.85,15,52797.5,60,0,116535
BANKNIFTY-III.NFO,16/10/2024,09:40:13,52789.95,52777.95,15,52798.95,60,0,116535
BANKNIFTY-III.NFO,16/10/2024,09:40:14,52789.95,52778.8,15,52798.95,60,0,116535
BANKNIFTY-III.NFO,16/10/2024,09:40:16,52789.95,52777.1,15,52798.95,60,0,116535
BANKNIFTY-III.NFO,16/10/2024,09:40:18,52789.95,52778.25,30,52798.95,60,0,116535
BANKNIFTY-III.NFO,16/10/2024,09:40:19,52789.95,52774.1,30,52798.95,60,0,116535
BANKNIFTY-III.NFO,16/10/2024,09:40:21,52789.95,52775.5,30,52798.95,60,0,116535
BANKNIFTY-III.NFO,16/10/2024,09:40:23,52789.95,52775.85,15,52797.95,60,0,116535
BANKNIFTY-III.NFO,16/10/2024,09:40:24,52789.95,52775.75,15,52794.4,60,0,116535
BANKNIFTY-III.NFO,16/10/2024,09:40:26,52789.95,52776,15,52793.65,60,0,116535
BANKNIFTY-III.NFO,16/10/2024,09:40:28,52789.95,52770,15,52791.45,60,0,116535
BANKNIFTY-III.NFO,16/10/2024,09:40:29,52789.95,52770.3,15,52787.7,60,0,116535
BANKNIFTY-III.NFO,16/10/2024,09:40:31,52789.95,52770.3,15,52786.8,60,0,116535
BANKNIFTY-III.NFO,16/10/2024,09:40:33,52789.95,52768.9,15,52788.4,60,0,116535
BANKNIFTY-III.NFO,16/10/2024,09:40:34,52789.95,52769,15,52785.95,60,0,116535
BANKNIFTY-III.NFO,16/10/2024,09:40:36,52789.95,52769,15,52787.65,60,0,116535
BANKNIFTY-III.NFO,16/10/2024,09:40:38,52789.95,52769,15,52788.6,60,0,116535
BANKNIFTY-III.NFO,16/10/2024,09:40:39,52789.95,52769,15,52786.35,60,0,116535
BANKNIFTY-III.NFO,16/10/2024,09:40:41,52789.95,52769,15,52781.15,60,0,116535
BANKNIFTY-III.NFO,16/10/2024,09:40:43,52789.95,52768.85,15,52783.6,60,0,116535
BANKNIFTY-III.NFO,16/10/2024,09:40:44,52789.95,52768.85,15,52784.45,60,0,116535
BANKNIFTY-III.NFO,16/10/2024,09:40:46,52789.95,52768.85,15,52777.2,60,0,116535
BANKNIFTY-III.NFO,16/10/2024,09:40:48,52789.95,52768.85,15,52782.7,90,0,116535
BANKNIFTY-III.NFO,16/10/2024,09:40:49,52789.95,52768.85,15,52779.7,60,0,116535
BANKNIFTY-III.NFO,16/10/2024,09:40:51,52789.95,52768.85,15,52776.15,90,0,116535
BANKNIFTY-III.NFO,16/10/2024,09:40:53,52789.95,52768.85,15,52775.7,60,0,116535
BANKNIFTY-III.NFO,16/10/2024,09:40:54,52789.95,52755.8,30,52776.85,60,0,116535
BANKNIFTY-III.NFO,16/10/2024,09:40:56,52789.95,52756.65,15,52771.9,60,0,116535
BANKNIFTY-III.NFO,16/10/2024,09:40:58,52789.95,52756.65,15,52773.15,60,0,116535
BANKNIFTY-III.NFO,16/10/2024,09:41:00,52789.95,52751.6,30,52772.85,60,0,116535
BANKNIFTY-III.NFO,16/10/2024,09:41:01,52789.95,52752.25,30,52771.7,60,0,116535
BANKNIFTY-III.NFO,16/10/2024,09:41:03,52789.95,52752.7,15,52770.1,60,0,116535
BANKNIFTY-III.NFO,16/10/2024,09:41:04,52789.95,52753.2,15,52771.15,60,0,116535
BANKNIFTY-III.NFO,16/10/2024,09:41:06,52789.95,52754.2,15,52770.95,60,0,116535
BANKNIFTY-III.NFO,16/10/2024,09:41:08,52789.95,52754.1,15,52766.45,60,0,116535
BANKNIFTY-III.NFO,16/10/2024,09:41:09,52789.95,52754.1,15,52775.6,90,0,116535
BANKNIFTY-III.NFO,16/10/2024,09:41:11,52789.95,52754.1,15,52768.8,15,0,116535
BANKNIFTY-III.NFO,16/10/2024,09:41:13,52750,52750.4,15,52766.25,15,30,116520
BANKNIFTY-III.NFO,16/10/2024,09:41:14,52750,52750.9,30,52770.25,15,0,116520
BANKNIFTY-III.NFO,16/10/2024,09:41:16,52750,52752.2,30,52770.9,15,0,116520
BANKNIFTY-III.NFO,16/10/2024,09:41:18,52750,52753.4,15,52765.45,15,0,116520
BANKNIFTY-III.NFO,16/10/2024,09:41:19,52750,52753.4,15,52764.4,15,0,116520
BANKNIFTY-III.NFO,16/10/2024,09:41:21,52750,52753.4,15,52761.1,15,0,116520
BANKNIFTY-III.NFO,16/10/2024,09:41:23,52750,52750.05,15,52761.65,15,0,116520
BANKNIFTY-III.NFO,16/10/2024,09:41:24,52750,52750.05,15,52762.65,15,0,116520
BANKNIFTY-III.NFO,16/10/2024,09:41:26,52750,52750.1,30,52766.3,15,0,116520
BANKNIFTY-III.NFO,16/10/2024,09:41:27,52750,52750.05,15,52765.15,15,0,116520
BANKNIFTY-III.NFO,16/10/2024,09:41:29,52750,52750.2,30,52767.5,15,0,116520
BANKNIFTY-III.NFO,16/10/2024,09:41:31,52750,52750.6,30,52769.95,15,0,116520
BANKNIFTY-III.NFO,16/10/2024,09:41:32,52750,52750.95,15,52766.5,15,0,116520
BANKNIFTY-III.NFO,16/10/2024,09:41:34,52750,52753,30,52773.3,15,0,116520
BANKNIFTY-III.NFO,16/10/2024,09:41:36,52770.35,52753.7,30,52777.45,60,15,116520
BANKNIFTY-III.NFO,16/10/2024,09:41:37,52770.35,52750.25,15,52775.2,90,0,116520
BANKNIFTY-III.NFO,16/10/2024,09:41:39,52770.35,52750.25,15,52773.1,90,0,116520
BANKNIFTY-III.NFO,16/10/2024,09:41:41,52770.35,52750.25,15,52771.55,90,0,116520
BANKNIFTY-III.NFO,16/10/2024,09:41:46,52770.35,52750.55,15,52771.55,90,0,116520
BANKNIFTY-III.NFO,16/10/2024,09:41:47,52770.35,52751.55,15,52775.85,90,0,116520
BANKNIFTY-III.NFO,16/10/2024,09:41:49,52770.35,52752.55,15,52775.75,90,0,116520
BANKNIFTY-III.NFO,16/10/2024,09:41:51,52770.35,52752.95,15,52775.75,90,0,116520
BANKNIFTY-III.NFO,16/10/2024,09:41:52,52770.35,52753.1,15,52775.75,90,0,116520
BANKNIFTY-III.NFO,16/10/2024,09:41:54,52770.35,52750.2,30,52775.75,90,0,116520
BANKNIFTY-III.NFO,16/10/2024,09:41:55,52770.35,52751.6,30,52775.75,90,0,116520
BANKNIFTY-III.NFO,16/10/2024,09:41:57,52770.35,52753.6,30,52783.25,90,0,116520
BANKNIFTY-III.NFO,16/10/2024,09:41:59,52770.35,52756.2,30,52781.7,90,0,116520
BANKNIFTY-III.NFO,16/10/2024,09:42:00,52770.35,52770,15,52781.7,90,0,116520
BANKNIFTY-III.NFO,16/10/2024,09:42:03,52770.35,52770,15,52783.75,105,0,116520
BANKNIFTY-III.NFO,16/10/2024,09:42:07,52770.35,52770,15,52783.5,90,0,116520
BANKNIFTY-III.NFO,16/10/2024,09:42:30,52770.35,52770,15,52783.7,60,0,116520
BANKNIFTY-III.NFO,16/10/2024,09:42:31,52770.35,52770,15,52785.5,60,0,116520
BANKNIFTY-III.NFO,16/10/2024,09:42:33,52770.35,52764.85,45,52789.85,60,0,116520
BANKNIFTY-III.NFO,16/10/2024,09:42:35,52770.35,52768.25,30,52795.95,90,0,116520
BANKNIFTY-III.NFO,16/10/2024,09:42:36,52770.35,52772,30,52798.95,90,0,116520
BANKNIFTY-III.NFO,16/10/2024,09:42:38,52770.35,52774.3,30,52798.95,90,0,116520
BANKNIFTY-III.NFO,16/10/2024,09:42:40,52770.35,52775,30,52798.95,90,0,116520
BANKNIFTY-III.NFO,16/10/2024,09:42:41,52770.35,52775.6,30,52798.95,90,0,116520
BANKNIFTY-III.NFO,16/10/2024,09:42:43,52770.35,52777.45,30,52799,60,0,116520
BANKNIFTY-III.NFO,16/10/2024,09:42:44,52770.35,52777.45,30,52798.95,90,0,116520
BANKNIFTY-III.NFO,16/10/2024,09:42:46,52770.35,52778.15,15,52798.95,90,0,116520
BANKNIFTY-III.NFO,16/10/2024,09:42:48,52770.35,52781.4,30,52799,60,0,116520
BANKNIFTY-III.NFO,16/10/2024,09:42:49,52770.35,52781.7,15,52795,15,0,116520
BANKNIFTY-III.NFO,16/10/2024,09:42:51,52770.35,52781.75,15,52795,15,0,116520
BANKNIFTY-III.NFO,16/10/2024,09:42:53,52781.75,52781.75,15,52795,15,15,116520
BANKNIFTY-III.NFO,16/10/2024,09:42:54,52781.75,52781.75,15,52795,15,0,116520
BANKNIFTY-III.NFO,16/10/2024,09:42:58,52781.75,52781.75,15,52799,60,0,116520
BANKNIFTY-III.NFO,16/10/2024,09:43:00,52781.75,52781.75,15,52798.95,60,0,116520
BANKNIFTY-III.NFO,16/10/2024,09:43:01,52781.75,52782.2,30,52799,60,0,116520
BANKNIFTY-III.NFO,16/10/2024,09:43:03,52783.95,52785.3,30,52799,60,15,116505
BANKNIFTY-III.NFO,16/10/2024,09:43:05,52783.95,52784.45,15,52799,60,0,116505
BANKNIFTY-III.NFO,16/10/2024,09:43:06,52783.95,52784.45,15,52798.95,60,0,116505
BANKNIFTY-III.NFO,16/10/2024,09:43:08,52783.95,52785.85,30,52799,60,0,116505
BANKNIFTY-III.NFO,16/10/2024,09:43:11,52783.95,52788.65,30,52799,60,0,116505
BANKNIFTY-III.NFO,16/10/2024,09:43:13,52783.95,52788.1,30,52799,60,0,116505
BANKNIFTY-III.NFO,16/10/2024,09:43:15,52783.95,52784.6,15,52798.95,60,0,116505
BANKNIFTY-III.NFO,16/10/2024,09:43:16,52783.95,52785.3,15,52798.95,60,0,116505
BANKNIFTY-III.NFO,16/10/2024,09:43:18,52783.95,52785.6,30,52798.95,60,0,116505
BANKNIFTY-III.NFO,16/10/2024,09:43:20,52783.95,52785.9,30,52798.95,60,0,116505
BANKNIFTY-III.NFO,16/10/2024,09:43:21,52783.95,52786.1,30,52799,60,0,116505
BANKNIFTY-III.NFO,16/10/2024,09:43:23,52783.95,52786.35,30,52799,60,0,116505
BANKNIFTY-III.NFO,16/10/2024,09:43:24,52783.95,52786.8,15,52798.95,60,0,116505
BANKNIFTY-III.NFO,16/10/2024,09:43:26,52783.95,52786.95,45,52799,60,0,116505
BANKNIFTY-III.NFO,16/10/2024,09:43:28,52783.95,52787.2,15,52799,60,0,116505
BANKNIFTY-III.NFO,16/10/2024,09:43:29,52783.95,52789.6,30,52799,60,0,116505
BANKNIFTY-III.NFO,16/10/2024,09:43:31,52783.95,52788.75,15,52799,60,0,116505
BANKNIFTY-III.NFO,16/10/2024,09:43:33,52783.95,52788.85,30,52798.95,60,0,116505
BANKNIFTY-III.NFO,16/10/2024,09:43:34,52783.95,52788.85,15,52798.95,60,0,116505
BANKNIFTY-III.NFO,16/10/2024,09:43:36,52783.95,52785.9,15,52798.95,60,0,116505
BANKNIFTY-III.NFO,16/10/2024,09:43:38,52783.95,52776.1,15,52798.95,90,0,116505
BANKNIFTY-III.NFO,16/10/2024,09:43:39,52783.95,52776.4,30,52796.15,90,0,116505
BANKNIFTY-III.NFO,16/10/2024,09:43:41,52783.95,52777.7,15,52796.15,90,0,116505
BANKNIFTY-III.NFO,16/10/2024,09:43:43,52783.95,52775.35,15,52796.15,90,0,116505
BANKNIFTY-III.NFO,16/10/2024,09:43:44,52783.95,52775.95,30,52796.15,90,0,116505
BANKNIFTY-III.NFO,16/10/2024,09:43:46,52783.95,52781.3,30,52798.95,60,0,116505
BANKNIFTY-III.NFO,16/10/2024,09:43:48,52783.95,52782.5,30,52798.95,60,0,116505
BANKNIFTY-III.NFO,16/10/2024,09:43:49,52783.95,52784.4,30,52799,60,0,116505
BANKNIFTY-III.NFO,16/10/2024,09:43:51,52800,52791.25,30,52811,15,375,116505
BANKNIFTY-III.NFO,16/10/2024,09:43:51,52800,52791.25,30,52811,15,0,116505
BANKNIFTY-III.NFO,16/10/2024,09:43:53,52800,52792.95,30,52810.95,60,0,116505
BANKNIFTY-III.NFO,16/10/2024,09:43:55,52811,52810,15,52819.95,60,30,116505
BANKNIFTY-III.NFO,16/10/2024,09:43:55,52811,52810,15,52819.95,60,0,116505
BANKNIFTY-III.NFO,16/10/2024,09:43:57,52810,52802.05,30,52819.9,60,15,116505
BANKNIFTY-III.NFO,16/10/2024,09:43:58,52810,52802.75,30,52820,15,0,116505
BANKNIFTY-III.NFO,16/10/2024,09:44:00,52810,52802.9,15,52819.95,60,0,116505
BANKNIFTY-III.NFO,16/10/2024,09:44:02,52810,52797.9,30,52819.95,60,0,116505
BANKNIFTY-III.NFO,16/10/2024,09:44:03,52810,52804.1,30,52820,15,0,116505
BANKNIFTY-III.NFO,16/10/2024,09:44:05,52820,52809.4,30,52822,15,15,116505
BANKNIFTY-III.NFO,16/10/2024,09:44:05,52820,52809.4,30,52822,15,0,116505
BANKNIFTY-III.NFO,16/10/2024,09:44:07,52820,52810.2,15,52822,15,0,116505
BANKNIFTY-III.NFO,16/10/2024,09:44:08,52820,52804.2,15,52821.95,60,15,116505
BANKNIFTY-III.NFO,16/10/2024,09:44:10,52820,52804.95,15,52821.95,60,0,116505
BANKNIFTY-III.NFO,16/10/2024,09:44:12,52805.95,52806.15,30,52822,15,15,116505
BANKNIFTY-III.NFO,16/10/2024,09:44:13,52805.95,52807.4,15,52822,15,0,116505
BANKNIFTY-III.NFO,16/10/2024,09:44:15,52805.95,52808.45,30,52822,15,0,116505
BANKNIFTY-III.NFO,16/10/2024,09:44:17,52815,52809.4,15,52822,15,15,116505
BANKNIFTY-III.NFO,16/10/2024,09:44:18,52815,52810.1,15,52821.95,60,0,116505
BANKNIFTY-III.NFO,16/10/2024,09:44:20,52815,52806.25,30,52822,15,0,116505
BANKNIFTY-III.NFO,16/10/2024,09:44:22,52815,52809.1,30,52822,15,15,116505
BANKNIFTY-III.NFO,16/10/2024,09:44:23,52815,52809.95,15,52821.35,60,0,116505
BANKNIFTY-III.NFO,16/10/2024,09:44:25,52815,52805.85,15,52821.95,60,0,116505
BANKNIFTY-III.NFO,16/10/2024,09:44:27,52815,52806.05,30,52818,15,0,116505
BANKNIFTY-III.NFO,16/10/2024,09:44:28,52815,52805.85,15,52818,15,0,116505
BANKNIFTY-III.NFO,16/10/2024,09:44:32,52815,52805.9,30,52822,15,0,116505
BANKNIFTY-III.NFO,16/10/2024,09:44:33,52815,52808.8,30,52820,150,0,116505
BANKNIFTY-III.NFO,16/10/2024,09:44:35,52815,52810.15,15,52820,150,0,116505
BANKNIFTY-III.NFO,16/10/2024,09:44:37,52791.6,52803.35,75,52819.95,30,450,116505
BANKNIFTY-III.NFO,16/10/2024,09:44:38,52791.6,52807.2,15,52820,150,0,116505
BANKNIFTY-III.NFO,16/10/2024,09:44:40,52791.6,52809.9,15,52820,150,0,116505
BANKNIFTY-III.NFO,16/10/2024,09:44:41,52791.6,52810.45,30,52820,150,0,116505
BANKNIFTY-III.NFO,16/10/2024,09:44:43,52791.6,52811.05,15,52820,150,0,116505
BANKNIFTY-III.NFO,16/10/2024,09:44:45,52820,52811.7,15,52820,135,15,116505
BANKNIFTY-III.NFO,16/10/2024,09:44:46,52820,52812.2,15,52820,135,0,116505
BANKNIFTY-III.NFO,16/10/2024,09:44:48,52820,52812.5,15,52820,135,0,116505
BANKNIFTY-III.NFO,16/10/2024,09:44:50,52820,52813.15,15,52820,105,30,116505
BANKNIFTY-III.NFO,16/10/2024,09:44:51,52820,52813.7,15,52820,105,0,116505
BANKNIFTY-III.NFO,16/10/2024,09:44:53,52820,52814.15,15,52820,105,0,116505
BANKNIFTY-III.NFO,16/10/2024,09:44:55,52820,52814.8,15,52820,30,75,116505
BANKNIFTY-III.NFO,16/10/2024,09:44:57,52820,52807.45,15,52820,15,15,116505
BANKNIFTY-III.NFO,16/10/2024,09:44:58,52820,52808.65,15,52820,15,0,116505
BANKNIFTY-III.NFO,16/10/2024,09:45:00,52820,52799.6,30,52819.5,60,0,116505
BANKNIFTY-III.NFO,16/10/2024,09:45:02,52820,52799.7,30,52819.5,60,0,116505
BANKNIFTY-III.NFO,16/10/2024,09:45:03,52820,52800.5,15,52817.3,60,0,116505
BANKNIFTY-III.NFO,16/10/2024,09:45:05,52820,52801.15,15,52812.1,30,0,116505
BANKNIFTY-III.NFO,16/10/2024,09:45:07,52820,52801.55,15,52805.3,15,0,116505
BANKNIFTY-III.NFO,16/10/2024,09:45:08,52820,52792.45,30,52802.05,15,0,116505
BANKNIFTY-III.NFO,16/10/2024,09:45:10,52820,52793.9,15,52808.8,15,0,116505
BANKNIFTY-III.NFO,16/10/2024,09:45:12,52820,52796.35,15,52810.7,15,0,116505
BANKNIFTY-III.NFO,16/10/2024,09:45:13,52820,52790.8,45,52805.75,15,0,116505
BANKNIFTY-III.NFO,16/10/2024,09:45:15,52820,52790.85,30,52802.25,15,0,116505
BANKNIFTY-III.NFO,16/10/2024,09:45:17,52820,52778.8,180,52798.25,60,0,116505
BANKNIFTY-III.NFO,16/10/2024,09:45:18,52820,52786.55,15,52804.55,60,0,116505
BANKNIFTY-III.NFO,16/10/2024,09:45:20,52820,52786,15,52802.15,15,0,116505
BANKNIFTY-III.NFO,16/10/2024,09:45:22,52820,52783.9,15,52798.75,15,0,116505
BANKNIFTY-III.NFO,16/10/2024,09:45:23,52820,52785.65,15,52801.95,60,0,116505
BANKNIFTY-III.NFO,16/10/2024,09:45:25,52820,52787.35,75,52804.55,60,0,116505
BANKNIFTY-III.NFO,16/10/2024,09:45:27,52820,52786.9,15,52802.65,60,0,116505
BANKNIFTY-III.NFO,16/10/2024,09:45:28,52820,52787.35,15,52801.25,30,0,116505
BANKNIFTY-III.NFO,16/10/2024,09:45:30,52820,52787.5,15,52799.1,60,0,116505
BANKNIFTY-III.NFO,16/10/2024,09:45:32,52820,52786.85,30,52796.95,60,0,116505
BANKNIFTY-III.NFO,16/10/2024,09:45:33,52820,52775.15,75,52792,30,0,116505
BANKNIFTY-III.NFO,16/10/2024,09:45:35,52775.9,52776.5,75,52794.25,60,15,116505
BANKNIFTY-III.NFO,16/10/2024,09:45:37,52775.9,52776,15,52793.1,60,0,116505
BANKNIFTY-III.NFO,16/10/2024,09:45:38,52775.9,52776.85,45,52797,60,0,116505
BANKNIFTY-III.NFO,16/10/2024,09:45:40,52777.1,52777.6,75,52794.45,30,15,116505
BANKNIFTY-III.NFO,16/10/2024,09:45:42,52777.1,52780.45,75,52798.2,60,0,116505
BANKNIFTY-III.NFO,16/10/2024,09:45:43,52777.1,52779.15,75,52797.55,60,0,116505
BANKNIFTY-III.NFO,16/10/2024,09:45:45,52777.1,52776.15,105,52796.45,60,0,116505
BANKNIFTY-III.NFO,16/10/2024,09:45:47,52777.1,52777.75,180,52796.5,60,0,116505
BANKNIFTY-III.NFO,16/10/2024,09:45:48,52763.3,52775.75,15,52797.25,30,465,116505
BANKNIFTY-III.NFO,16/10/2024,09:45:50,52763.3,52775.65,15,52798.3,60,0,116505
BANKNIFTY-III.NFO,16/10/2024,09:45:52,52763.3,52772.65,45,52795,60,0,116505
BANKNIFTY-III.NFO,16/10/2024,09:45:53,52763.3,52773.75,15,52797.6,60,0,116505
BANKNIFTY-III.NFO,16/10/2024,09:45:55,52763.3,52775.8,15,52798.6,60,0,116505
BANKNIFTY-III.NFO,16/10/2024,09:45:59,52763.3,52777.15,15,52797.5,60,0,116505
BANKNIFTY-III.NFO,16/10/2024,09:46:00,52763.3,52777.7,15,52791.7,60,0,116505
BANKNIFTY-III.NFO,16/10/2024,09:46:02,52763.3,52778.35,15,52792.5,60,0,116505
BANKNIFTY-III.NFO,16/10/2024,09:46:04,52763.3,52772.85,15,52796.7,30,0,116505
BANKNIFTY-III.NFO,16/10/2024,09:46:05,52763.3,52776.4,105,52795.85,30,0,116505
BANKNIFTY-III.NFO,16/10/2024,09:46:07,52763.3,52777.9,15,52796.05,60,0,116505
BANKNIFTY-III.NFO,16/10/2024,09:46:08,52763.3,52779.05,15,52797.1,30,0,116505
BANKNIFTY-III.NFO,16/10/2024,09:46:10,52763.3,52780.6,15,52797.05,30,0,116505
BANKNIFTY-III.NFO,16/10/2024,09:46:12,52763.3,52781.9,15,52802.6,60,0,116505
BANKNIFTY-III.NFO,16/10/2024,09:46:13,52763.3,52783,15,52803.35,60,0,116505
BANKNIFTY-III.NFO,16/10/2024,09:46:15,52763.3,52784.4,15,52802,30,0,116505
BANKNIFTY-III.NFO,16/10/2024,09:46:17,52763.3,52785.15,30,52806.9,60,0,116505
BANKNIFTY-III.NFO,16/10/2024,09:46:18,52763.3,52785.65,15,52803.6,60,0,116505
BANKNIFTY-III.NFO,16/10/2024,09:46:20,52763.3,52788.1,15,52809.05,60,0,116505
BANKNIFTY-III.NFO,16/10/2024,09:46:22,52763.3,52792.9,15,52810.2,30,0,116505
BANKNIFTY-III.NFO,16/10/2024,09:46:23,52763.3,52786.45,15,52810.5,60,0,116505
BANKNIFTY-III.NFO,16/10/2024,09:46:25,52763.3,52787,15,52808.8,60,0,116505
BANKNIFTY-III.NFO,16/10/2024,09:46:27,52763.3,52787.2,15,52808.9,60,0,116505
BANKNIFTY-III.NFO,16/10/2024,09:46:28,52763.3,52785.7,15,52803.95,30,0,116505
BANKNIFTY-III.NFO,16/10/2024,09:46:30,52763.3,52786.15,15,52809.1,60,0,116505
BANKNIFTY-III.NFO,16/10/2024,09:46:32,52763.3,52787,15,52808.8,60,0,116505
BANKNIFTY-III.NFO,16/10/2024,09:46:33,52763.3,52785.85,15,52805.1,60,0,116505
BANKNIFTY-III.NFO,16/10/2024,09:46:35,52763.3,52782.4,15,52804.5,60,0,116505
BANKNIFTY-III.NFO,16/10/2024,09:46:37,52763.3,52788.35,15,52805.45,30,0,116505
BANKNIFTY-III.NFO,16/10/2024,09:46:38,52763.3,52788.1,15,52806.95,60,0,116505
BANKNIFTY-III.NFO,16/10/2024,09:46:40,52763.3,52791.55,15,52813.25,60,0,116505
BANKNIFTY-III.NFO,16/10/2024,09:46:42,52763.3,52781.65,255,52814.15,60,0,116505
BANKNIFTY-III.NFO,16/10/2024,09:46:43,52763.3,52792.15,15,52813.35,60,0,116505
BANKNIFTY-III.NFO,16/10/2024,09:46:45,52763.3,52795.4,15,52815.2,60,0,116505
BANKNIFTY-III.NFO,16/10/2024,09:46:47,52763.3,52797.55,15,52816.65,60,0,116505
BANKNIFTY-III.NFO,16/10/2024,09:46:48,52763.3,52796.55,150,52818.2,60,0,116505
BANKNIFTY-III.NFO,16/10/2024,09:46:50,52763.3,52798.6,15,52817.6,60,0,116505
BANKNIFTY-III.NFO,16/10/2024,09:46:52,52763.3,52796.5,15,52819.6,60,0,116505
BANKNIFTY-III.NFO,16/10/2024,09:46:54,52800.25,52796.1,15,52816.2,60,15,116610
BANKNIFTY-III.NFO,16/10/2024,09:46:55,52800.25,52796.2,15,52805.1,60,0,116610
BANKNIFTY-III.NFO,16/10/2024,09:46:56,52800.25,52796.2,15,52804.25,30,0,116610
BANKNIFTY-III.NFO,16/10/2024,09:46:58,52800.25,52786,15,52803.8,60,0,116610
BANKNIFTY-III.NFO,16/10/2024,09:47:00,52800.25,52785.5,30,52796.2,15,0,116610
BANKNIFTY-III.NFO,16/10/2024,09:47:01,52800.25,52786.5,15,52796.2,15,0,116610
BANKNIFTY-III.NFO,16/10/2024,09:47:03,52800.25,52785.15,30,52796.2,15,0,116610
BANKNIFTY-III.NFO,16/10/2024,09:47:08,52800.25,52785.15,30,52793.95,60,0,116610
BANKNIFTY-III.NFO,16/10/2024,09:47:10,52800.25,52785.15,30,52795.05,30,0,116610
BANKNIFTY-III.NFO,16/10/2024,09:47:11,52800.25,52785.15,30,52795.25,30,0,116610
BANKNIFTY-III.NFO,16/10/2024,09:47:13,52800.25,52785.15,30,52794.2,30,0,116610
BANKNIFTY-III.NFO,16/10/2024,09:47:15,52800.25,52785.15,30,52793.45,30,0,116610
BANKNIFTY-III.NFO,16/10/2024,09:47:16,52800.25,52785.55,15,52796.2,15,0,116610
BANKNIFTY-III.NFO,16/10/2024,09:47:18,52800.25,52786.9,30,52796.2,15,0,116610
BANKNIFTY-III.NFO,16/10/2024,09:47:20,52787,52779.9,255,52795.45,60,15,116610
BANKNIFTY-III.NFO,16/10/2024,09:47:21,52787,52780.1,15,52796.2,15,0,116610
BANKNIFTY-III.NFO,16/10/2024,09:47:23,52787,52788.45,150,52796.2,15,0,116610
BANKNIFTY-III.NFO,16/10/2024,09:47:25,52787,52786.45,15,52796.2,15,0,116610
BANKNIFTY-III.NFO,16/10/2024,09:47:26,52787,52790.4,150,52796.2,15,0,116610
BANKNIFTY-III.NFO,16/10/2024,09:47:28,52796.2,52796.9,15,52814.65,30,15,116610
BANKNIFTY-III.NFO,16/10/2024,09:47:30,52796.2,52799.3,15,52816.05,30,0,116610
BANKNIFTY-III.NFO,16/10/2024,09:47:31,52796.2,52804.2,150,52819.75,30,0,116610
BANKNIFTY-III.NFO,16/10/2024,09:47:33,52796.2,52805.1,15,52820,15,0,116610
BANKNIFTY-III.NFO,16/10/2024,09:47:35,52796.2,52809,30,52820,15,0,116610
BANKNIFTY-III.NFO,16/10/2024,09:47:36,52827,52810.1,30,52827.4,15,45,116610
BANKNIFTY-III.NFO,16/10/2024,09:47:36,52827,52810.1,30,52827.4,15,0,116610
BANKNIFTY-III.NFO,16/10/2024,09:47:38,52827,52811.05,15,52825.45,60,0,116610
BANKNIFTY-III.NFO,16/10/2024,09:47:40,52827,52811.7,30,52827.05,60,0,116610
BANKNIFTY-III.NFO,16/10/2024,09:47:41,52827,52812.55,15,52826,60,0,116610
BANKNIFTY-III.NFO,16/10/2024,09:47:43,52827,52813.15,15,52825.05,60,0,116610
BANKNIFTY-III.NFO,16/10/2024,09:47:45,52827,52802.2,15,52815.6,60,0,116610
BANKNIFTY-III.NFO,16/10/2024,09:47:46,52827,52802.5,15,52815,60,0,116610
BANKNIFTY-III.NFO,16/10/2024,09:47:48,52827,52786.5,150,52809.25,60,0,116610
BANKNIFTY-III.NFO,16/10/2024,09:47:50,52827,52784.65,15,52802.3,30,0,116610
BANKNIFTY-III.NFO,16/10/2024,09:47:51,52797.5,52785,15,52797.5,15,15,116610
BANKNIFTY-III.NFO,16/10/2024,09:47:53,52797.5,52785.25,15,52800.85,60,0,116610
BANKNIFTY-III.NFO,16/10/2024,09:47:55,52797.5,52785.55,15,52800.05,60,0,116610
BANKNIFTY-III.NFO,16/10/2024,09:47:57,52797.5,52785.7,15,52799.95,30,0,116610
BANKNIFTY-III.NFO,16/10/2024,09:47:59,52797.5,52786,15,52799.4,30,0,116610
BANKNIFTY-III.NFO,16/10/2024,09:48:00,52797.5,52790,15,52804.2,60,0,116610
BANKNIFTY-III.NFO,16/10/2024,09:48:02,52797.5,52790.15,15,52805.65,30,0,116610
BANKNIFTY-III.NFO,16/10/2024,09:48:04,52797.5,52790.05,30,52806.7,60,0,116610
BANKNIFTY-III.NFO,16/10/2024,09:48:05,52797.5,52790,15,52804.1,60,0,116610
BANKNIFTY-III.NFO,16/10/2024,09:48:07,52797.5,52791.55,150,52809.15,30,0,116610
BANKNIFTY-III.NFO,16/10/2024,09:48:09,52797.5,52798.55,150,52816,30,0,116610
BANKNIFTY-III.NFO,16/10/2024,09:48:10,52797.5,52799.05,15,52817.3,60,0,116610
BANKNIFTY-III.NFO,16/10/2024,09:48:12,52797.5,52797.4,150,52815.15,30,0,116610
BANKNIFTY-III.NFO,16/10/2024,09:48:14,52797.5,52798.95,150,52817.6,30,0,116610
BANKNIFTY-III.NFO,16/10/2024,09:48:15,52797.5,52796.4,45,52816.15,30,0,116610
BANKNIFTY-III.NFO,16/10/2024,09:48:17,52797.5,52799.55,30,52817.55,30,0,116610
BANKNIFTY-III.NFO,16/10/2024,09:48:19,52797.5,52800.45,150,52821.8,60,0,116610
BANKNIFTY-III.NFO,16/10/2024,09:48:20,52797.5,52799.65,30,52821.35,60,0,116610
BANKNIFTY-III.NFO,16/10/2024,09:48:22,52797.5,52805.45,150,52824.15,30,0,116610
BANKNIFTY-III.NFO,16/10/2024,09:48:24,52797.5,52800.15,30,52819.75,60,0,116610
BANKNIFTY-III.NFO,16/10/2024,09:48:25,52797.5,52800.15,30,52817.95,30,0,116610
BANKNIFTY-III.NFO,16/10/2024,09:48:27,52797.5,52801.25,150,52819.75,30,0,116610
BANKNIFTY-III.NFO,16/10/2024,09:48:29,52797.5,52802.7,45,52821.35,30,0,116610
BANKNIFTY-III.NFO,16/10/2024,09:48:30,52802.7,52802.7,15,52820.9,30,15,116610
BANKNIFTY-III.NFO,16/10/2024,09:48:32,52802.7,52802.55,30,52822.6,60,0,116610
BANKNIFTY-III.NFO,16/10/2024,09:48:34,52802.7,52802.55,30,52820.3,30,0,116610
BANKNIFTY-III.NFO,16/10/2024,09:48:35,52802.7,52802.55,30,52821.55,30,0,116610
BANKNIFTY-III.NFO,16/10/2024,09:48:37,52802.7,52802.9,15,52819.75,30,0,116610
BANKNIFTY-III.NFO,16/10/2024,09:48:39,52802.7,52802.9,15,52819.35,30,0,116610
BANKNIFTY-III.NFO,16/10/2024,09:48:40,52802.7,52798.85,30,52818.9,60,0,116610
BANKNIFTY-III.NFO,16/10/2024,09:48:42,52802.7,52805.4,150,52821.9,30,0,116610
BANKNIFTY-III.NFO,16/10/2024,09:48:44,52802.7,52803.1,15,52823.55,60,0,116610
BANKNIFTY-III.NFO,16/10/2024,09:48:45,52802.7,52801.8,150,52824.1,60,0,116610
BANKNIFTY-III.NFO,16/10/2024,09:48:47,52802.7,52812.1,150,52827.35,30,0,116610
BANKNIFTY-III.NFO,16/10/2024,09:48:49,52802.7,52811.75,150,52826.65,30,0,116610
BANKNIFTY-III.NFO,16/10/2024,09:48:50,52802.7,52809.95,150,52826.65,30,0,116610
BANKNIFTY-III.NFO,16/10/2024,09:48:52,52802.7,52809.85,15,52826.4,30,0,116610
BANKNIFTY-III.NFO,16/10/2024,09:48:54,52826.4,52813.5,150,52827.4,15,15,116610
BANKNIFTY-III.NFO,16/10/2024,09:48:55,52826.4,52813.5,150,52827.4,15,0,116610
BANKNIFTY-III.NFO,16/10/2024,09:48:56,52826.4,52812.35,15,52827.4,15,0,116610
BANKNIFTY-III.NFO,16/10/2024,09:48:58,52826.4,52812.5,15,52827.35,30,0,116610
BANKNIFTY-III.NFO,16/10/2024,09:49:00,52826.4,52812.65,15,52824.75,60,0,116610
BANKNIFTY-III.NFO,16/10/2024,09:49:01,52826.4,52808.85,30,52825.95,60,0,116610
BANKNIFTY-III.NFO,16/10/2024,09:49:03,52826.4,52809.2,15,52825.9,30,0,116610
BANKNIFTY-III.NFO,16/10/2024,09:49:05,52826.4,52810.4,15,52827.05,60,0,116610
BANKNIFTY-III.NFO,16/10/2024,09:49:06,52826.4,52810.55,15,52824.8,30,0,116610
BANKNIFTY-III.NFO,16/10/2024,09:49:08,52826.4,52807.4,30,52822.65,60,0,116610
BANKNIFTY-III.NFO,16/10/2024,09:49:10,52826.4,52805.7,15,52826.1,60,0,116610
BANKNIFTY-III.NFO,16/10/2024,09:49:12,52809.85,52809.95,135,52828.35,30,15,116550
BANKNIFTY-III.NFO,16/10/2024,09:49:13,52809.85,52810.4,135,52826.65,30,0,116550
BANKNIFTY-III.NFO,16/10/2024,09:49:15,52809.85,52812.85,135,52826.65,30,0,116550
BANKNIFTY-III.NFO,16/10/2024,09:49:17,52809.85,52813.65,30,52827.4,15,0,116550
BANKNIFTY-III.NFO,16/10/2024,09:49:18,52809.85,52814.05,15,52829.75,30,0,116550
BANKNIFTY-III.NFO,16/10/2024,09:49:20,52809.85,52814.5,135,52827.4,15,0,116550
BANKNIFTY-III.NFO,16/10/2024,09:49:22,52809.85,52814.65,15,52827.4,15,0,116550
BANKNIFTY-III.NFO,16/10/2024,09:49:23,52809.85,52815.05,15,52825.95,30,0,116550
BANKNIFTY-III.NFO,16/10/2024,09:49:25,52809.85,52815.25,15,52826.8,60,0,116550
BANKNIFTY-III.NFO,16/10/2024,09:49:27,52809.85,52815.3,15,52824.15,30,0,116550
BANKNIFTY-III.NFO,16/10/2024,09:49:28,52809.85,52815.4,15,52823.85,30,0,116550
BANKNIFTY-III.NFO,16/10/2024,09:49:30,52809.85,52808,60,52822.95,60,0,116550
BANKNIFTY-III.NFO,16/10/2024,09:49:32,52809.85,52808.3,15,52820.35,30,0,116550
BANKNIFTY-III.NFO,16/10/2024,09:49:33,52821.9,52808.6,15,52820.9,30,15,116550
BANKNIFTY-III.NFO,16/10/2024,09:49:35,52821.9,52809.55,15,52825.85,30,0,116550
BANKNIFTY-III.NFO,16/10/2024,09:49:37,52821.9,52813.05,15,52827.35,30,0,116550
BANKNIFTY-III.NFO,16/10/2024,09:49:38,52821.9,52811.4,15,52827.35,30,0,116550
BANKNIFTY-III.NFO,16/10/2024,09:49:40,52821.9,52811.05,15,52827.35,30,0,116550
BANKNIFTY-III.NFO,16/10/2024,09:49:42,52821.9,52811.25,15,52827.35,30,0,116550
BANKNIFTY-III.NFO,16/10/2024,09:49:43,52821.9,52812.85,15,52827.35,30,0,116550
BANKNIFTY-III.NFO,16/10/2024,09:49:45,52821.9,52814,15,52827.4,15,0,116550
BANKNIFTY-III.NFO,16/10/2024,09:49:47,52830,52818.95,15,52844.45,30,75,116550
BANKNIFTY-III.NFO,16/10/2024,09:49:47,52830,52818.95,15,52844.45,30,0,116550
BANKNIFTY-III.NFO,16/10/2024,09:49:48,52845.75,52833.45,15,52849.35,30,60,116550
BANKNIFTY-III.NFO,16/10/2024,09:49:48,52845.75,52833.45,15,52849.35,30,0,116550
BANKNIFTY-III.NFO,16/10/2024,09:49:50,52845.75,52834.25,15,52847.85,30,0,116550
BANKNIFTY-III.NFO,16/10/2024,09:49:52,52847.85,52835.05,15,52850,105,15,116550
BANKNIFTY-III.NFO,16/10/2024,09:49:52,52847.85,52835.05,15,52850,105,0,116550
BANKNIFTY-III.NFO,16/10/2024,09:49:53,52849.95,52842.05,15,52850,105,30,116550
BANKNIFTY-III.NFO,16/10/2024,09:49:53,52850,52842.05,15,52850,105,0,116550
BANKNIFTY-III.NFO,16/10/2024,09:49:55,52850,52842.25,15,52850,60,45,116550
BANKNIFTY-III.NFO,16/10/2024,09:49:57,52850,52842.6,15,52856,15,60,116550
BANKNIFTY-III.NFO,16/10/2024,09:49:59,52859.2,52841.35,15,52857.4,30,75,116550
BANKNIFTY-III.NFO,16/10/2024,09:49:59,52860,52841.35,15,52857.4,30,0,116550
BANKNIFTY-III.NFO,16/10/2024,09:50:00,52842.05,52842.45,30,52857.75,60,15,116550
BANKNIFTY-III.NFO,16/10/2024,09:50:02,52842.05,52843.2,30,52858.15,60,0,116550
BANKNIFTY-III.NFO,16/10/2024,09:50:04,52842.05,52844.4,15,52855.5,60,0,116550
BANKNIFTY-III.NFO,16/10/2024,09:50:05,52842.05,52840.7,45,52857.4,60,0,116550
BANKNIFTY-III.NFO,16/10/2024,09:50:07,52842.05,52837.55,45,52854.25,60,0,116550
BANKNIFTY-III.NFO,16/10/2024,09:50:09,52842.05,52853,15,52853.15,60,0,116550
BANKNIFTY-III.NFO,16/10/2024,09:50:10,52853,52837.75,15,52845.5,90,15,116550
BANKNIFTY-III.NFO,16/10/2024,09:50:12,52853,52837.85,15,52845.45,60,0,116550
BANKNIFTY-III.NFO,16/10/2024,09:50:14,52827.65,52827.55,15,52845.25,60,30,116550
BANKNIFTY-III.NFO,16/10/2024,09:50:15,52844.55,52828.7,15,52846.45,60,15,116550
BANKNIFTY-III.NFO,16/10/2024,09:50:17,52844.55,52830.95,45,52848.15,60,0,116550
BANKNIFTY-III.NFO,16/10/2024,09:50:18,52844.55,52831.65,45,52850.2,60,0,116550
BANKNIFTY-III.NFO,16/10/2024,09:50:20,52844.55,52833.55,15,52850.25,60,0,116550
BANKNIFTY-III.NFO,16/10/2024,09:50:22,52846.1,52834.15,15,52845.15,60,45,116550
BANKNIFTY-III.NFO,16/10/2024,09:50:23,52846.1,52834.45,15,52841.05,30,0,116550
BANKNIFTY-III.NFO,16/10/2024,09:50:25,52846.1,52834.7,15,52838.8,30,0,116550
BANKNIFTY-III.NFO,16/10/2024,09:50:27,52846.1,52825.25,75,52838,60,0,116550
BANKNIFTY-III.NFO,16/10/2024,09:50:28,52846.1,52825.7,15,52836,30,0,116550
BANKNIFTY-III.NFO,16/10/2024,09:50:30,52825.9,52826,15,52832.3,30,15,116550
BANKNIFTY-III.NFO,16/10/2024,09:50:32,52825.9,52817.95,60,52830.5,30,0,116550
BANKNIFTY-III.NFO,16/10/2024,09:50:33,52825.9,52818.6,15,52826.7,30,0,116550
BANKNIFTY-III.NFO,16/10/2024,09:50:35,52825.9,52818.85,30,52827,30,0,116550
BANKNIFTY-III.NFO,16/10/2024,09:50:37,52825.9,52818.85,30,52823.4,30,0,116550
BANKNIFTY-III.NFO,16/10/2024,09:50:38,52825.9,52818.85,30,52823.65,30,0,116550
BANKNIFTY-III.NFO,16/10/2024,09:50:40,52825.9,52816,60,52818.95,30,0,116550
BANKNIFTY-III.NFO,16/10/2024,09:50:42,52818.85,52815.95,15,52824.05,30,15,116550
BANKNIFTY-III.NFO,16/10/2024,09:50:43,52818.85,52815.95,15,52821.3,30,0,116550
BANKNIFTY-III.NFO,16/10/2024,09:50:45,52818.85,52815.95,15,52822.9,30,0,116550
BANKNIFTY-III.NFO,16/10/2024,09:50:47,52818.85,52815.95,15,52820.9,30,0,116550
BANKNIFTY-III.NFO,16/10/2024,09:50:48,52818.85,52815.95,15,52822.2,30,0,116550
BANKNIFTY-III.NFO,16/10/2024,09:50:50,52818.85,52815.95,15,52824.55,30,0,116550
BANKNIFTY-III.NFO,16/10/2024,09:50:52,52815.95,52808.8,90,52830.1,60,15,116550
BANKNIFTY-III.NFO,16/10/2024,09:50:53,52815.95,52812.95,60,52829.85,60,0,116550
BANKNIFTY-III.NFO,16/10/2024,09:50:55,52815.95,52807.5,60,52822.5,60,0,116550
BANKNIFTY-III.NFO,16/10/2024,09:50:57,52815.95,52807.6,60,52820.5,30,0,116550
BANKNIFTY-III.NFO,16/10/2024,09:50:58,52815.95,52807.6,60,52822.6,30,0,116550
BANKNIFTY-III.NFO,16/10/2024,09:51:00,52815.95,52807.6,90,52828.75,60,0,116550
BANKNIFTY-III.NFO,16/10/2024,09:51:02,52815.95,52807.65,60,52824.45,30,0,116550
BANKNIFTY-III.NFO,16/10/2024,09:51:03,52815.95,52807.6,60,52823.45,30,0,116550
BANKNIFTY-III.NFO,16/10/2024,09:51:05,52815.95,52807.7,165,52824.85,30,0,116550
BANKNIFTY-III.NFO,16/10/2024,09:51:07,52815.95,52807.1,60,52823.45,30,0,116550
BANKNIFTY-III.NFO,16/10/2024,09:51:08,52815.95,52808.05,60,52822.85,30,0,116550
BANKNIFTY-III.NFO,16/10/2024,09:51:10,52815.95,52808.45,90,52826.3,30,0,116550
BANKNIFTY-III.NFO,16/10/2024,09:51:12,52815.95,52811.6,90,52818.85,15,0,116550
BANKNIFTY-III.NFO,16/10/2024,09:51:13,52815.95,52815.3,60,52818.85,15,0,116550
BANKNIFTY-III.NFO,16/10/2024,09:51:15,52815.95,52811.2,90,52818.85,15,0,116550
BANKNIFTY-III.NFO,16/10/2024,09:51:17,52832.85,52813.8,90,52832.9,60,30,116550
BANKNIFTY-III.NFO,16/10/2024,09:51:18,52829.8,52813.15,60,52831.05,60,15,116550
BANKNIFTY-III.NFO,16/10/2024,09:51:20,52829.8,52808.05,60,52825.15,60,0,116550
BANKNIFTY-III.NFO,16/10/2024,09:51:22,52829.8,52812.1,60,52829.1,30,0,116550
BANKNIFTY-III.NFO,16/10/2024,09:51:23,52829.8,52815.6,60,52832.9,60,0,116550
BANKNIFTY-III.NFO,16/10/2024,09:51:25,52829.8,52816.25,60,52834.3,60,0,116550
BANKNIFTY-III.NFO,16/10/2024,09:51:27,52829.8,52813.6,60,52830.85,60,0,116550
BANKNIFTY-III.NFO,16/10/2024,09:51:28,52829.8,52814.4,60,52829.75,60,0,116550
BANKNIFTY-III.NFO,16/10/2024,09:51:30,52829.8,52810.1,60,52824.5,60,0,116550
BANKNIFTY-III.NFO,16/10/2024,09:51:32,52829.8,52810.4,60,52824.8,60,0,116550
BANKNIFTY-III.NFO,16/10/2024,09:51:33,52829.8,52808.05,60,52823.55,60,0,116550
