Ticker,Date,Time,LTP,BuyPrice,BuyQty,SellPrice,SellQty,LTQ,OpenInterest
NIFTY-I.NFO,18/06/2024,09:15:00,23511.15,23548.35,125,23559.2,100,5100,12093850
NIFTY-I.NFO,18/06/2024,09:15:00,23511.15,23548.35,125,23559.2,100,0,12093850
NIFTY-I.NFO,18/06/2024,09:15:00,23566.4,23548.35,125,23559.2,100,0,12093850
NIFTY-I.NFO,18/06/2024,09:15:00,23511.15,23548.35,125,23559.2,100,0,12093850
NIFTY-I.NFO,18/06/2024,09:15:01,23546,23546,400,23551.25,50,6500,12093850
NIFTY-I.NFO,18/06/2024,09:15:02,23545.1,23545.1,4600,23549.15,50,22825,12093850
NIFTY-I.NFO,18/06/2024,09:15:03,23542.7,23541.1,1300,23544,25,7400,12093850
NIFTY-I.NFO,18/06/2024,09:15:04,23534.5,23535.6,125,23543.65,25,7825,12093850
NIFTY-I.NFO,18/06/2024,09:15:06,23545.8,23536.4,150,23544.75,50,12325,12093850
NIFTY-I.NFO,18/06/2024,09:15:07,23544,23544,1650,23544.6,100,3925,12093850
NIFTY-I.NFO,18/06/2024,09:15:09,23540,23540,800,23540.9,325,5675,12093850
NIFTY-I.NFO,18/06/2024,09:15:10,23539.15,23541.05,125,23544,175,9175,12093850
NIFTY-I.NFO,18/06/2024,09:15:11,23536.6,23536.45,175,23536.95,200,7875,12093850
NIFTY-I.NFO,18/06/2024,09:15:13,23538.5,23538.5,650,23539.55,250,9150,12093850
NIFTY-I.NFO,18/06/2024,09:15:14,23536.45,23536.45,3550,23540,100,7700,12093850
NIFTY-I.NFO,18/06/2024,09:15:16,23538.5,23538.5,2100,23538.85,125,6050,12093850
NIFTY-I.NFO,18/06/2024,09:15:18,23541.95,23537.75,125,23541.9,200,15300,12093850
NIFTY-I.NFO,18/06/2024,09:15:19,23541.9,23541.9,2875,23545.35,25,6400,12093850
NIFTY-I.NFO,18/06/2024,09:15:21,23545,23543.05,25,23545.6,25,2775,12104350
NIFTY-I.NFO,18/06/2024,09:15:23,23546.8,23545.35,1500,23546.85,25,4575,12104350
NIFTY-I.NFO,18/06/2024,09:15:24,23544.9,23544.9,100,23547.7,25,2875,12104350
NIFTY-I.NFO,18/06/2024,09:15:26,23545.05,23545,125,23547.95,100,4325,12104350
NIFTY-I.NFO,18/06/2024,09:15:27,23543.85,23543.9,100,23546.9,125,3675,12104350
NIFTY-I.NFO,18/06/2024,09:15:29,23543.4,23543.05,150,23547.1,100,2100,12104350
NIFTY-I.NFO,18/06/2024,09:15:31,23542.2,23541.95,25,23544.45,50,3425,12104350
NIFTY-I.NFO,18/06/2024,09:15:32,23544.4,23540.55,100,23543.5,125,4450,12104350
NIFTY-I.NFO,18/06/2024,09:15:34,23543.35,23540.15,300,23543.35,50,2600,12104350
NIFTY-I.NFO,18/06/2024,09:15:35,23538.7,23538.7,150,23542.6,25,9475,12104350
NIFTY-I.NFO,18/06/2024,09:15:37,23541,23540.4,175,23543.75,100,1650,12104350
NIFTY-I.NFO,18/06/2024,09:15:39,23539.9,23539.8,25,23541.9,250,3500,12104350
NIFTY-I.NFO,18/06/2024,09:15:40,23541.9,23541.9,1025,23543.65,50,2400,12104350
NIFTY-I.NFO,18/06/2024,09:15:42,23543.85,23541.9,1125,23544,200,850,12104350
NIFTY-I.NFO,18/06/2024,09:15:44,23543.5,23540,525,23543.95,200,2025,12104350
NIFTY-I.NFO,18/06/2024,09:15:45,23538.2,23538.1,350,23541.85,100,2450,12104350
NIFTY-I.NFO,18/06/2024,09:15:47,23540,23540.4,350,23542,75,1200,12104350
NIFTY-I.NFO,18/06/2024,09:15:48,23540,23540,1800,23542.6,75,950,12104350
NIFTY-I.NFO,18/06/2024,09:15:50,23541.55,23536.85,200,23541.55,200,2775,12104350
NIFTY-I.NFO,18/06/2024,09:15:51,23540.05,23540,400,23543,25,3225,12104350
NIFTY-I.NFO,18/06/2024,09:15:53,23537.3,23537.4,125,23541.95,25,600,12104350
NIFTY-I.NFO,18/06/2024,09:15:55,23536.45,23536.35,100,23541.3,25,2050,12104350
NIFTY-I.NFO,18/06/2024,09:15:56,23541.85,23540,1025,23542.35,125,4650,12104350
NIFTY-I.NFO,18/06/2024,09:15:58,23542.1,23538.15,200,23542.3,25,4150,12104350
NIFTY-I.NFO,18/06/2024,09:16:00,23537.3,23537.3,300,23542.15,400,800,12104350
NIFTY-I.NFO,18/06/2024,09:16:01,23541.85,23540.55,250,23543.35,100,1500,12104350
NIFTY-I.NFO,18/06/2024,09:16:03,23543.9,23543.9,25,23548.35,200,6050,12104350
NIFTY-I.NFO,18/06/2024,09:16:05,23542.65,23542.65,25,23548.1,25,3225,12104350
NIFTY-I.NFO,18/06/2024,09:16:06,23550,23545.05,400,23548.05,75,3825,12104350
NIFTY-I.NFO,18/06/2024,09:16:08,23546.1,23543.6,25,23546.05,100,1950,12104350
NIFTY-I.NFO,18/06/2024,09:16:09,23545.05,23545,250,23549.1,100,1700,12104350
NIFTY-I.NFO,18/06/2024,09:16:11,23545.05,23545.05,25,23545.85,250,2425,12104350
NIFTY-I.NFO,18/06/2024,09:16:13,23546,23546.05,25,23547.95,100,1425,12104350
NIFTY-I.NFO,18/06/2024,09:16:14,23548.5,23547.45,25,23549.85,25,2550,12104350
NIFTY-I.NFO,18/06/2024,09:16:16,23549.05,23546.6,25,23549.05,250,1375,12104350
NIFTY-I.NFO,18/06/2024,09:16:17,23546.25,23547.45,500,23548.3,250,2350,12104350
NIFTY-I.NFO,18/06/2024,09:16:19,23547.45,23545.2,1350,23547.45,325,1975,12104350
NIFTY-I.NFO,18/06/2024,09:16:21,23545.2,23545.2,675,23547.35,100,2075,12104350
NIFTY-I.NFO,18/06/2024,09:16:22,23545.25,23545.25,125,23547.25,100,4950,12104350
NIFTY-I.NFO,18/06/2024,09:16:24,23547.85,23545.45,150,23547.2,25,1550,12104350
NIFTY-I.NFO,18/06/2024,09:16:25,23546,23547.4,200,23549.95,100,2625,12104350
NIFTY-I.NFO,18/06/2024,09:16:27,23550,23547.5,25,23550,4150,1975,12104350
NIFTY-I.NFO,18/06/2024,09:16:29,23549.9,23548.5,75,23549.05,75,1075,12104350
NIFTY-I.NFO,18/06/2024,09:16:30,23546.1,23546.1,500,23547.45,175,675,12104350
NIFTY-I.NFO,18/06/2024,09:16:32,23546.25,23546.6,50,23546.95,25,1600,12104350
NIFTY-I.NFO,18/06/2024,09:16:33,23547.95,23546.55,25,23548.65,250,5050,12104350
NIFTY-I.NFO,18/06/2024,09:16:35,23547.1,23547.1,50,23548.5,250,950,12104350
NIFTY-I.NFO,18/06/2024,09:16:37,23546,23546,50,23548.9,150,1000,12104350
NIFTY-I.NFO,18/06/2024,09:16:38,23547.95,23547.95,75,23548.85,25,400,12104350
NIFTY-I.NFO,18/06/2024,09:16:40,23548.9,23547.95,75,23549.85,100,3600,12104350
NIFTY-I.NFO,18/06/2024,09:16:41,23547.85,23546.65,50,23547.95,25,1000,12104350
NIFTY-I.NFO,18/06/2024,09:16:43,23549.95,23548.3,100,23549.95,250,1600,12104350
NIFTY-I.NFO,18/06/2024,09:16:45,23551,23550.9,175,23551,200,3000,12104350
NIFTY-I.NFO,18/06/2024,09:16:46,23550.95,23550.9,2850,23552.55,250,1225,12104350
NIFTY-I.NFO,18/06/2024,09:16:48,23550.95,23551.45,175,23552.5,300,1225,12104350
NIFTY-I.NFO,18/06/2024,09:16:50,23550.85,23549.25,325,23551,25,2875,12104350
NIFTY-I.NFO,18/06/2024,09:16:51,23552,23550.25,75,23552.5,25,1350,12104350
NIFTY-I.NFO,18/06/2024,09:16:53,23550.9,23550.2,125,23551.25,150,225,12104350
NIFTY-I.NFO,18/06/2024,09:16:54,23550,23550.25,125,23552,250,1450,12104350
NIFTY-I.NFO,18/06/2024,09:16:56,23552.35,23552.35,25,23552.4,150,725,12104350
NIFTY-I.NFO,18/06/2024,09:16:57,23552.35,23552.35,650,23552.4,25,1150,12104350
NIFTY-I.NFO,18/06/2024,09:16:59,23553.6,23552.4,1475,23553.6,250,1600,12104350
NIFTY-I.NFO,18/06/2024,09:17:01,23552.1,23552.1,175,23552.4,25,3175,12104350
NIFTY-I.NFO,18/06/2024,09:17:02,23552.45,23551.6,50,23552.65,150,1575,12104350
NIFTY-I.NFO,18/06/2024,09:17:04,23552.55,23551.65,475,23552.55,75,2025,12104350
NIFTY-I.NFO,18/06/2024,09:17:05,23552.05,23552.05,700,23552.6,25,2925,12104350
NIFTY-I.NFO,18/06/2024,09:17:07,23554.85,23554.85,75,23555,2925,2800,12104350
NIFTY-I.NFO,18/06/2024,09:17:09,23554.95,23554.95,450,23555,3025,3850,12104350
NIFTY-I.NFO,18/06/2024,09:17:10,23553.3,23553.35,25,23555,2325,2050,12104350
NIFTY-I.NFO,18/06/2024,09:17:12,23556,23555.85,1175,23556.1,150,5050,12104350
NIFTY-I.NFO,18/06/2024,09:17:14,23556.95,23555.9,150,23556.05,25,1950,12104350
NIFTY-I.NFO,18/06/2024,09:17:15,23557.8,23556,125,23557.8,250,800,12104350
NIFTY-I.NFO,18/06/2024,09:17:17,23557.65,23555.85,225,23557.65,250,625,12104350
NIFTY-I.NFO,18/06/2024,09:17:18,23555.95,23555.6,175,23557.55,250,2450,12104350
NIFTY-I.NFO,18/06/2024,09:17:20,23557.5,23555.85,25,23557.5,75,775,12104350
NIFTY-I.NFO,18/06/2024,09:17:22,23557.9,23556.15,25,23557.9,250,375,12104350
NIFTY-I.NFO,18/06/2024,09:17:23,23556.25,23556.25,25,23557,25,100,12104350
NIFTY-I.NFO,18/06/2024,09:17:25,23557.75,23556.3,75,23557.8,75,400,12104350
NIFTY-I.NFO,18/06/2024,09:17:27,23556.4,23556.4,25,23558,225,1125,12104350
NIFTY-I.NFO,18/06/2024,09:17:28,23557.8,23557.8,75,23559.5,250,1000,12104350
NIFTY-I.NFO,18/06/2024,09:17:30,23557.45,23557.45,25,23559.3,250,1775,12104350
NIFTY-I.NFO,18/06/2024,09:17:31,23558.05,23558.05,75,23559.25,75,3425,12104350
NIFTY-I.NFO,18/06/2024,09:17:33,23557,23557,275,23557.8,50,550,12104350
NIFTY-I.NFO,18/06/2024,09:17:35,23557.8,23557,250,23557.75,25,1550,12104350
NIFTY-I.NFO,18/06/2024,09:17:36,23558,23556.4,25,23558,775,1350,12104350
NIFTY-I.NFO,18/06/2024,09:17:38,23556.3,23554.75,75,23556.35,250,2900,12104350
NIFTY-I.NFO,18/06/2024,09:17:39,23554.05,23554.15,50,23556,250,2000,12104350
NIFTY-I.NFO,18/06/2024,09:17:41,23557,23555.5,50,23555.95,75,2375,12104350
NIFTY-I.NFO,18/06/2024,09:17:43,23555.95,23555.95,50,23556.4,125,350,12104350
NIFTY-I.NFO,18/06/2024,09:17:44,23554.55,23555.05,125,23556.3,250,525,12104350
NIFTY-I.NFO,18/06/2024,09:17:46,23556.5,23556.5,50,23557.8,150,2400,12104350
NIFTY-I.NFO,18/06/2024,09:17:48,23557,23557,425,23557.75,175,1975,12104350
NIFTY-I.NFO,18/06/2024,09:17:49,23557.15,23557.15,125,23558,1150,1825,12104350
NIFTY-I.NFO,18/06/2024,09:17:51,23557.85,23556.25,925,23557.85,375,1000,12104350
NIFTY-I.NFO,18/06/2024,09:17:52,23555.9,23555.9,575,23557.1,325,1175,12104350
NIFTY-I.NFO,18/06/2024,09:17:54,23556.65,23555.05,1300,23556.65,325,1125,12104350
NIFTY-I.NFO,18/06/2024,09:17:56,23556.6,23555.05,950,23556.6,350,750,12104350
NIFTY-I.NFO,18/06/2024,09:17:57,23556.25,23555.05,875,23555.9,125,150,12104350
NIFTY-I.NFO,18/06/2024,09:17:59,23555.8,23555.05,1200,23555.9,25,1450,12104350
NIFTY-I.NFO,18/06/2024,09:18:01,23556.55,23556.55,50,23556.95,100,5450,12104350
NIFTY-I.NFO,18/06/2024,09:18:02,23555.2,23553.75,25,23555.2,100,2150,12104350
NIFTY-I.NFO,18/06/2024,09:18:04,23554.9,23554.25,75,23554.95,175,1450,12104350
NIFTY-I.NFO,18/06/2024,09:18:06,23554.85,23553.75,25,23554.85,25,1625,12104350
NIFTY-I.NFO,18/06/2024,09:18:07,23551.75,23551.95,100,23553.4,250,1225,12104350
NIFTY-I.NFO,18/06/2024,09:18:09,23550.75,23550.5,25,23553.7,75,6125,12104350
NIFTY-I.NFO,18/06/2024,09:18:10,23553.35,23550.35,125,23553.35,100,825,12104350
NIFTY-I.NFO,18/06/2024,09:18:12,23550,23550,550,23552.05,250,900,12104350
NIFTY-I.NFO,18/06/2024,09:18:14,23551.6,23551.6,75,23553.35,25,800,12104350
NIFTY-I.NFO,18/06/2024,09:18:15,23551.5,23551.5,25,23553.25,25,600,12104350
NIFTY-I.NFO,18/06/2024,09:18:17,23553.2,23553.2,25,23554,1675,1250,12104350
NIFTY-I.NFO,18/06/2024,09:18:19,23553.35,23553.65,25,23554,1550,450,12104350
NIFTY-I.NFO,18/06/2024,09:18:20,23553.6,23553.1,350,23553.65,75,1100,12104350
NIFTY-I.NFO,18/06/2024,09:18:22,23553.6,23553.8,125,23554,1125,150,12088200
NIFTY-I.NFO,18/06/2024,09:18:24,23552.2,23552.2,825,23553.65,250,1475,12088200
NIFTY-I.NFO,18/06/2024,09:18:25,23552.85,23551.65,3200,23552.85,100,1000,12088200
NIFTY-I.NFO,18/06/2024,09:18:27,23551.65,23551.65,2425,23553.15,250,1300,12088200
NIFTY-I.NFO,18/06/2024,09:18:28,23553.8,23551.65,2300,23553.8,50,1225,12088200
NIFTY-I.NFO,18/06/2024,09:18:30,23551.65,23551.65,2250,23553.05,100,1100,12088200
NIFTY-I.NFO,18/06/2024,09:18:32,23553,23551.65,1875,23553,1775,900,12088200
NIFTY-I.NFO,18/06/2024,09:18:33,23551.65,23551.65,1625,23553,1500,825,12088200
NIFTY-I.NFO,18/06/2024,09:18:35,23551.75,23551.75,225,23553,1425,3575,12088200
NIFTY-I.NFO,18/06/2024,09:18:37,23551.45,23551.55,25,23552.95,75,3100,12088200
NIFTY-I.NFO,18/06/2024,09:18:38,23551.65,23551.35,1000,23551.6,75,300,12088200
NIFTY-I.NFO,18/06/2024,09:18:40,23550.55,23549,225,23550.5,100,2275,12088200
NIFTY-I.NFO,18/06/2024,09:18:42,23550.4,23550,125,23551.5,75,925,12088200
NIFTY-I.NFO,18/06/2024,09:18:43,23548.55,23548.55,125,23549.95,25,425,12088200
NIFTY-I.NFO,18/06/2024,09:18:45,23548.45,23548.4,125,23550,250,2700,12088200
NIFTY-I.NFO,18/06/2024,09:18:46,23548.3,23548.3,100,23549.8,250,250,12088200
NIFTY-I.NFO,18/06/2024,09:18:48,23549.05,23549.05,250,23550.45,100,975,12088200
NIFTY-I.NFO,18/06/2024,09:18:50,23550,23550,775,23550.4,75,1050,12088200
NIFTY-I.NFO,18/06/2024,09:18:51,23548.55,23548.55,125,23550.05,325,900,12088200
NIFTY-I.NFO,18/06/2024,09:18:53,23548.55,23548.65,125,23551.9,150,2175,12088200
NIFTY-I.NFO,18/06/2024,09:18:55,23547.55,23546,400,23547.55,75,1650,12088200
NIFTY-I.NFO,18/06/2024,09:18:56,23546.8,23545.4,150,23547.45,75,1775,12088200
NIFTY-I.NFO,18/06/2024,09:18:58,23545.05,23545.05,850,23546.4,100,575,12088200
NIFTY-I.NFO,18/06/2024,09:19:00,23543.2,23543.6,150,23546.7,25,3550,12088200
NIFTY-I.NFO,18/06/2024,09:19:01,23543,23542.9,600,23546.05,25,1150,12088200
NIFTY-I.NFO,18/06/2024,09:19:03,23543.7,23543.85,175,23546,75,500,12088200
NIFTY-I.NFO,18/06/2024,09:19:05,23545.8,23545.8,500,23547.2,100,625,12088200
NIFTY-I.NFO,18/06/2024,09:19:06,23545.8,23545.85,350,23546.75,75,675,12088200
NIFTY-I.NFO,18/06/2024,09:19:08,23544,23542.9,600,23544.3,100,700,12088200
NIFTY-I.NFO,18/06/2024,09:19:09,23545.25,23542.05,125,23545.15,25,1675,12088200
NIFTY-I.NFO,18/06/2024,09:19:11,23542,23541.55,225,23543.6,250,300,12088200
NIFTY-I.NFO,18/06/2024,09:19:13,23545,23541.65,125,23545.1,300,775,12088200
NIFTY-I.NFO,18/06/2024,09:19:14,23541.55,23541.55,125,23544.95,75,525,12088200
NIFTY-I.NFO,18/06/2024,09:19:16,23544.9,23542,175,23545,200,575,12088200
NIFTY-I.NFO,18/06/2024,09:19:18,23542.6,23542.6,25,23545.1,50,1225,12088200
NIFTY-I.NFO,18/06/2024,09:19:19,23542.6,23542.55,250,23544.95,200,1425,12088200
NIFTY-I.NFO,18/06/2024,09:19:21,23542.75,23542.2,225,23544,250,25,12088200
NIFTY-I.NFO,18/06/2024,09:19:23,23543.85,23543.8,100,23545.8,300,1925,12088200
NIFTY-I.NFO,18/06/2024,09:19:24,23546,23546,725,23548.65,50,1100,12088200
NIFTY-I.NFO,18/06/2024,09:19:26,23546,23546.4,125,23548.6,75,575,12088200
NIFTY-I.NFO,18/06/2024,09:19:28,23545.65,23545.7,125,23548.6,75,400,12088200
NIFTY-I.NFO,18/06/2024,09:19:29,23546,23544.55,125,23546.2,250,175,12088200
NIFTY-I.NFO,18/06/2024,09:19:31,23543.5,23544.05,25,23546.15,25,1475,12088200
NIFTY-I.NFO,18/06/2024,09:19:32,23546,23544.55,125,23546,300,125,12088200
NIFTY-I.NFO,18/06/2024,09:19:34,23546.9,23546.5,125,23548,25,2050,12088200
NIFTY-I.NFO,18/06/2024,09:19:36,23547.65,23547.65,175,23549,175,450,12088200
NIFTY-I.NFO,18/06/2024,09:19:37,23549.95,23548.65,150,23549.95,75,875,12088200
NIFTY-I.NFO,18/06/2024,09:19:39,23549.25,23549.05,25,23551,25,2575,12088200
NIFTY-I.NFO,18/06/2024,09:19:41,23552.85,23550.2,125,23552.1,250,1650,12088200
NIFTY-I.NFO,18/06/2024,09:19:42,23550,23550,1050,23551.9,250,1125,12088200
NIFTY-I.NFO,18/06/2024,09:19:44,23551.25,23551.25,75,23551.85,75,575,12088200
NIFTY-I.NFO,18/06/2024,09:19:46,23551,23551,1175,23552.7,50,150,12088200
NIFTY-I.NFO,18/06/2024,09:19:47,23551,23551,425,23551.25,250,1300,12088200
NIFTY-I.NFO,18/06/2024,09:19:49,23551.25,23551,150,23552,25,950,12088200
NIFTY-I.NFO,18/06/2024,09:19:51,23554.9,23552.05,250,23554.9,175,1075,12088200
NIFTY-I.NFO,18/06/2024,09:19:52,23552.55,23552.55,400,23554.85,75,600,12088200
NIFTY-I.NFO,18/06/2024,09:19:54,23552.55,23553.05,400,23554,25,250,12088200
NIFTY-I.NFO,18/06/2024,09:19:56,23551.85,23553,50,23554,1650,725,12088200
NIFTY-I.NFO,18/06/2024,09:19:57,23553,23553,25,23553.95,25,150,12088200
NIFTY-I.NFO,18/06/2024,09:19:59,23554,23552.55,25,23554,450,1600,12088200
NIFTY-I.NFO,18/06/2024,09:20:01,23553.9,23552.6,175,23553.95,25,29525,12088200
NIFTY-I.NFO,18/06/2024,09:20:02,23555,23554,100,23555,4650,2625,12088200
NIFTY-I.NFO,18/06/2024,09:20:04,23555.15,23555.15,50,23556.5,750,7225,12088200
NIFTY-I.NFO,18/06/2024,09:20:06,23557.5,23556.1,500,23557.5,1775,4725,12088200
NIFTY-I.NFO,18/06/2024,09:20:08,23558,23556.2,50,23558,3125,3875,12088200
NIFTY-I.NFO,18/06/2024,09:20:09,23556.3,23556.7,75,23557.95,75,1800,12088200
NIFTY-I.NFO,18/06/2024,09:20:11,23558,23556.75,500,23558,1500,700,12088200
NIFTY-I.NFO,18/06/2024,09:20:13,23560,23559.7,250,23560,2125,10025,12088200
NIFTY-I.NFO,18/06/2024,09:20:14,23560,23559.7,25,23560,50,3725,12088200
NIFTY-I.NFO,18/06/2024,09:20:16,23560,23560,75,23560.15,150,675,12088200
NIFTY-I.NFO,18/06/2024,09:20:18,23560.25,23556.85,25,23559.3,300,2050,12088200
NIFTY-I.NFO,18/06/2024,09:20:19,23556.5,23556.5,75,23559.1,250,500,12088200
NIFTY-I.NFO,18/06/2024,09:20:21,23556,23555.5,175,23556,900,1075,12088200
NIFTY-I.NFO,18/06/2024,09:20:23,23554,23554,75,23555.95,100,400,12088200
NIFTY-I.NFO,18/06/2024,09:20:24,23552.85,23552.85,2575,23554.5,50,675,12088200
NIFTY-I.NFO,18/06/2024,09:20:26,23552,23550.45,25,23552.1,100,3750,12088200
NIFTY-I.NFO,18/06/2024,09:20:28,23552.15,23552.65,175,23553.2,75,275,12088200
NIFTY-I.NFO,18/06/2024,09:20:29,23554.3,23551.65,250,23552.65,150,1500,12088200
NIFTY-I.NFO,18/06/2024,09:20:31,23552.3,23552.15,400,23554.6,250,850,12088200
NIFTY-I.NFO,18/06/2024,09:20:33,23555,23554.65,175,23555.9,75,1100,12088200
NIFTY-I.NFO,18/06/2024,09:20:34,23554.65,23554.65,75,23555.9,25,675,12088200
NIFTY-I.NFO,18/06/2024,09:20:36,23556,23555.15,175,23556,875,1050,12088200
NIFTY-I.NFO,18/06/2024,09:20:38,23554.65,23555,200,23556,900,75,12088200
NIFTY-I.NFO,18/06/2024,09:20:39,23554,23552.85,200,23554,1550,450,12088200
NIFTY-I.NFO,18/06/2024,09:20:41,23552.85,23553.1,250,23554,1450,250,12088200
NIFTY-I.NFO,18/06/2024,09:20:43,23553.55,23551.6,50,23553.55,200,1625,12088200
NIFTY-I.NFO,18/06/2024,09:20:44,23553.55,23552.6,150,23553.5,75,150,12088200
NIFTY-I.NFO,18/06/2024,09:20:46,23554,23552.6,225,23554,1200,1125,12088200
NIFTY-I.NFO,18/06/2024,09:20:48,23553.1,23553.1,25,23554,1150,1400,12088200
NIFTY-I.NFO,18/06/2024,09:20:49,23554.6,23553.1,250,23554.65,25,1225,12088200
NIFTY-I.NFO,18/06/2024,09:20:51,23551.7,23551.6,225,23553.6,250,400,12088200
NIFTY-I.NFO,18/06/2024,09:20:53,23552.6,23552.6,300,23552.75,150,150,12088200
NIFTY-I.NFO,18/06/2024,09:20:54,23553.6,23553.6,200,23554.65,25,1225,12088200
NIFTY-I.NFO,18/06/2024,09:20:56,23552.6,23552.6,25,23554,150,200,12088200
NIFTY-I.NFO,18/06/2024,09:20:58,23553.15,23553.5,25,23555,300,1100,12088200
NIFTY-I.NFO,18/06/2024,09:20:59,23555,23553.5,25,23554,50,600,12088200
NIFTY-I.NFO,18/06/2024,09:21:01,23554,23554,150,23555,375,1850,12088200
NIFTY-I.NFO,18/06/2024,09:21:03,23554,23554,50,23554.95,25,100,12088200
NIFTY-I.NFO,18/06/2024,09:21:04,23554.95,23554.95,400,23556,250,925,12088200
NIFTY-I.NFO,18/06/2024,09:21:06,23554.95,23554.95,50,23555,25,375,12088200
NIFTY-I.NFO,18/06/2024,09:21:08,23555.9,23554.95,50,23555,50,250,12088200
NIFTY-I.NFO,18/06/2024,09:21:09,23555,23554.95,100,23555,25,25,12088200
NIFTY-I.NFO,18/06/2024,09:21:11,23556,23556.05,175,23556.5,75,550,12088200
NIFTY-I.NFO,18/06/2024,09:21:13,23556.45,23555.55,75,23556.5,250,2150,12088200
NIFTY-I.NFO,18/06/2024,09:21:14,23556.55,23556.2,25,23556.5,25,2475,12088200
NIFTY-I.NFO,18/06/2024,09:21:16,23556.15,23555.55,25,23556.15,1750,250,12088200
NIFTY-I.NFO,18/06/2024,09:21:18,23558.35,23555.95,25,23558.35,25,4250,12088200
NIFTY-I.NFO,18/06/2024,09:21:19,23556.45,23556.45,75,23557.95,25,5950,12088200
NIFTY-I.NFO,18/06/2024,09:21:21,23559.25,23556.45,75,23559.35,25,1425,12088200
NIFTY-I.NFO,18/06/2024,09:21:23,23555,23554.9,25,23555,1800,2325,12112175
NIFTY-I.NFO,18/06/2024,09:21:24,23555,23554.55,225,23555,13075,325,12112175
NIFTY-I.NFO,18/06/2024,09:21:26,23555,23554.85,25,23555,12875,250,12112175
NIFTY-I.NFO,18/06/2024,09:21:28,23554.55,23554.15,50,23555,12425,2200,12112175
NIFTY-I.NFO,18/06/2024,09:21:29,23555,23554.2,75,23555,12200,1500,12112175
NIFTY-I.NFO,18/06/2024,09:21:31,23555,23554,225,23555,11650,700,12112175
NIFTY-I.NFO,18/06/2024,09:21:33,23555,23554.1,75,23555,11425,525,12112175
NIFTY-I.NFO,18/06/2024,09:21:34,23555,23554.05,25,23555,11025,775,12112175
NIFTY-I.NFO,18/06/2024,09:21:36,23553.5,23553.5,75,23554.55,25,550,12112175
NIFTY-I.NFO,18/06/2024,09:21:38,23554.75,23553,75,23555,8425,2925,12112175
NIFTY-I.NFO,18/06/2024,09:21:39,23554,23554,425,23554.15,125,100,12112175
NIFTY-I.NFO,18/06/2024,09:21:41,23554,23554,450,23554.3,25,125,12112175
NIFTY-I.NFO,18/06/2024,09:21:43,23555,23554.3,25,23555,6175,2775,12112175
NIFTY-I.NFO,18/06/2024,09:21:44,23555,23554.15,25,23555,6100,850,12112175
NIFTY-I.NFO,18/06/2024,09:21:46,23555,23554.15,100,23555,4725,1775,12112175
NIFTY-I.NFO,18/06/2024,09:21:48,23554,23554,25,23555,4250,925,12112175
NIFTY-I.NFO,18/06/2024,09:21:49,23554.65,23554.7,125,23555,3550,1000,12112175
NIFTY-I.NFO,18/06/2024,09:21:51,23555.9,23555.9,75,23556,25,6125,12112175
NIFTY-I.NFO,18/06/2024,09:21:53,23556.45,23556.75,200,23557,1350,925,12112175
NIFTY-I.NFO,18/06/2024,09:21:54,23556.95,23556.65,100,23558,1350,2575,12112175
NIFTY-I.NFO,18/06/2024,09:21:56,23558,23556.65,25,23557.95,175,125,12112175
NIFTY-I.NFO,18/06/2024,09:21:58,23555.9,23556,25,23557,1800,200,12112175
NIFTY-I.NFO,18/06/2024,09:21:59,23557,23556,150,23556.95,25,725,12112175
NIFTY-I.NFO,18/06/2024,09:22:01,23557,23556.1,50,23557,450,1100,12112175
NIFTY-I.NFO,18/06/2024,09:22:03,23556.95,23556.95,25,23557,325,750,12112175
NIFTY-I.NFO,18/06/2024,09:22:04,23554.8,23554.65,25,23555.9,275,1650,12112175
NIFTY-I.NFO,18/06/2024,09:22:06,23553.6,23553.9,100,23554.7,50,1475,12112175
NIFTY-I.NFO,18/06/2024,09:22:08,23555.4,23555.7,50,23555.95,25,625,12112175
NIFTY-I.NFO,18/06/2024,09:22:09,23555,23555,225,23555.9,25,925,12112175
NIFTY-I.NFO,18/06/2024,09:22:11,23555.75,23555.55,150,23555.85,25,500,12112175
NIFTY-I.NFO,18/06/2024,09:22:13,23555,23555,250,23555.75,25,450,12112175
NIFTY-I.NFO,18/06/2024,09:22:14,23555.65,23554.8,25,23555.55,100,2425,12112175
NIFTY-I.NFO,18/06/2024,09:22:16,23554.45,23554.65,100,23555.2,125,725,12112175
NIFTY-I.NFO,18/06/2024,09:22:18,23554,23553.95,75,23554.9,25,625,12112175
NIFTY-I.NFO,18/06/2024,09:22:19,23553.55,23553.4,75,23554.5,150,125,12112175
NIFTY-I.NFO,18/06/2024,09:22:21,23552.1,23552.1,25,23554.05,100,1600,12112175
NIFTY-I.NFO,18/06/2024,09:22:23,23551.6,23552.05,100,23552.8,100,1375,12112175
NIFTY-I.NFO,18/06/2024,09:22:24,23551.3,23551.05,25,23552.2,150,250,12112175
NIFTY-I.NFO,18/06/2024,09:22:26,23551.4,23550.5,25,23551.05,25,450,12112175
NIFTY-I.NFO,18/06/2024,09:22:28,23548.2,23546.9,50,23547.95,25,5875,12112175
NIFTY-I.NFO,18/06/2024,09:22:29,23547.75,23545,150,23547.55,275,425,12112175
NIFTY-I.NFO,18/06/2024,09:22:31,23543.1,23543.6,100,23545.8,25,450,12112175
NIFTY-I.NFO,18/06/2024,09:22:33,23543.45,23543.45,25,23544.35,25,725,12112175
NIFTY-I.NFO,18/06/2024,09:22:34,23542.95,23542.95,50,23544.2,375,1400,12112175
NIFTY-I.NFO,18/06/2024,09:22:36,23543.55,23543.65,100,23544,25,950,12112175
NIFTY-I.NFO,18/06/2024,09:22:38,23543.85,23544.4,200,23545,50,2550,12112175
NIFTY-I.NFO,18/06/2024,09:22:39,23543.95,23543.95,50,23544.6,25,850,12112175
NIFTY-I.NFO,18/06/2024,09:22:41,23544.25,23544,500,23544.5,25,525,12112175
NIFTY-I.NFO,18/06/2024,09:22:43,23546.45,23546.5,100,23547.7,150,975,12112175
NIFTY-I.NFO,18/06/2024,09:22:44,23545.95,23545.7,100,23546.55,25,750,12112175
NIFTY-I.NFO,18/06/2024,09:22:46,23547.1,23546.7,25,23547.5,25,550,12112175
NIFTY-I.NFO,18/06/2024,09:22:48,23547.05,23546.85,250,23547.1,50,625,12112175
NIFTY-I.NFO,18/06/2024,09:22:49,23547.75,23547.7,125,23548.85,100,1875,12112175
NIFTY-I.NFO,18/06/2024,09:22:51,23548.05,23548.05,50,23549.1,150,650,12112175
NIFTY-I.NFO,18/06/2024,09:22:53,23547.8,23547.2,150,23548.85,25,800,12112175
NIFTY-I.NFO,18/06/2024,09:22:54,23547.95,23547.55,150,23548.75,300,825,12112175
NIFTY-I.NFO,18/06/2024,09:22:56,23546.7,23546.4,25,23547.55,150,175,12112175
NIFTY-I.NFO,18/06/2024,09:22:58,23546,23546,25,23547.45,150,1625,12112175
NIFTY-I.NFO,18/06/2024,09:22:59,23545.15,23545.1,25,23546.2,250,450,12112175
NIFTY-I.NFO,18/06/2024,09:23:01,23544.05,23543.55,100,23544.3,400,1975,12112175
NIFTY-I.NFO,18/06/2024,09:23:03,23542.9,23542.7,125,23543.4,100,1025,12112175
NIFTY-I.NFO,18/06/2024,09:23:04,23541.25,23541.1,100,23541.9,75,2025,12112175
NIFTY-I.NFO,18/06/2024,09:23:06,23543.35,23543.35,100,23544.55,100,2300,12112175
NIFTY-I.NFO,18/06/2024,09:23:08,23542.35,23542.35,125,23543.9,325,1825,12112175
NIFTY-I.NFO,18/06/2024,09:23:09,23543.3,23543.15,150,23544.55,25,1775,12112175
NIFTY-I.NFO,18/06/2024,09:23:11,23544.45,23543.05,600,23544.5,200,1950,12112175
NIFTY-I.NFO,18/06/2024,09:23:13,23541.45,23541.75,100,23542.3,25,1075,12112175
NIFTY-I.NFO,18/06/2024,09:23:14,23542.7,23542.35,25,23543.2,250,800,12112175
NIFTY-I.NFO,18/06/2024,09:23:16,23543.15,23542.05,200,23542.5,150,350,12112175
NIFTY-I.NFO,18/06/2024,09:23:18,23540.2,23540.7,25,23540.9,375,600,12112175
NIFTY-I.NFO,18/06/2024,09:23:19,23540.2,23540.2,4700,23540.75,25,400,12112175
NIFTY-I.NFO,18/06/2024,09:23:21,23540.2,23540.2,4050,23540.8,25,825,12112175
NIFTY-I.NFO,18/06/2024,09:23:23,23540.75,23540.8,100,23540.85,100,375,12112175
NIFTY-I.NFO,18/06/2024,09:23:24,23537,23537,250,23537.9,100,7975,12112175
NIFTY-I.NFO,18/06/2024,09:23:26,23537,23537.2,50,23537.85,25,825,12112175
NIFTY-I.NFO,18/06/2024,09:23:28,23537.75,23536.7,125,23537.75,450,3425,12112175
NIFTY-I.NFO,18/06/2024,09:23:29,23538.9,23538.05,25,23539,100,1575,12112175
NIFTY-I.NFO,18/06/2024,09:23:31,23539.35,23538.55,25,23539.7,250,650,12112175
NIFTY-I.NFO,18/06/2024,09:23:33,23539.85,23540.5,100,23541,25,4350,12112175
NIFTY-I.NFO,18/06/2024,09:23:34,23539.25,23539.5,175,23540.6,150,850,12112175
NIFTY-I.NFO,18/06/2024,09:23:36,23540.5,23540.3,100,23540.55,25,475,12112175
NIFTY-I.NFO,18/06/2024,09:23:38,23539.05,23539,450,23539.1,150,350,12112175
NIFTY-I.NFO,18/06/2024,09:23:39,23539,23538.75,50,23539,75,975,12112175
NIFTY-I.NFO,18/06/2024,09:23:41,23539,23538.6,100,23539.7,350,375,12112175
NIFTY-I.NFO,18/06/2024,09:23:43,23539.25,23538.5,200,23539.25,350,700,12112175
NIFTY-I.NFO,18/06/2024,09:23:44,23537.05,23537,75,23538.05,200,1175,12112175
NIFTY-I.NFO,18/06/2024,09:23:46,23537.55,23536.7,100,23536.85,25,1850,12112175
NIFTY-I.NFO,18/06/2024,09:23:48,23536.55,23537.1,50,23537.55,350,750,12112175
NIFTY-I.NFO,18/06/2024,09:23:49,23535.05,23535.05,650,23535.9,25,1125,12112175
NIFTY-I.NFO,18/06/2024,09:23:51,23536.15,23535.5,25,23536.35,175,2650,12112175
NIFTY-I.NFO,18/06/2024,09:23:53,23535.1,23535.4,75,23535.95,75,675,12112175
NIFTY-I.NFO,18/06/2024,09:23:54,23535,23535,100,23536,100,4000,12112175
NIFTY-I.NFO,18/06/2024,09:23:56,23535.15,23535.15,25,23535.85,100,2375,12112175
NIFTY-I.NFO,18/06/2024,09:23:58,23534.9,23534.8,25,23534.95,25,1725,12112175
NIFTY-I.NFO,18/06/2024,09:23:59,23535.6,23535.6,25,23536.35,100,3025,12112175
NIFTY-I.NFO,18/06/2024,09:24:01,23535.7,23534.95,75,23535.7,100,1750,12112175
NIFTY-I.NFO,18/06/2024,09:24:03,23534.9,23534,625,23534.9,75,725,12112175
NIFTY-I.NFO,18/06/2024,09:24:04,23535.15,23535.25,100,23535.55,100,3875,12112175
NIFTY-I.NFO,18/06/2024,09:24:06,23534.1,23535.45,250,23535.95,300,2375,12112175
NIFTY-I.NFO,18/06/2024,09:24:08,23535.85,23534.35,125,23535.9,25,3575,12112175
NIFTY-I.NFO,18/06/2024,09:24:09,23536,23536,25,23536.9,50,1475,12112175
NIFTY-I.NFO,18/06/2024,09:24:11,23533.95,23533.3,125,23535,25,875,12112175
NIFTY-I.NFO,18/06/2024,09:24:13,23535.3,23535.3,725,23535.4,100,825,12112175
NIFTY-I.NFO,18/06/2024,09:24:14,23536.4,23535.85,325,23536.5,75,2225,12112175
NIFTY-I.NFO,18/06/2024,09:24:16,23536.75,23537.4,100,23537.7,100,1275,12112175
NIFTY-I.NFO,18/06/2024,09:24:18,23538.95,23538.45,175,23539,275,1650,12112175
NIFTY-I.NFO,18/06/2024,09:24:19,23539.4,23538.5,100,23538.95,25,1550,12112175
NIFTY-I.NFO,18/06/2024,09:24:21,23537.1,23537.85,25,23538.3,100,250,12112175
NIFTY-I.NFO,18/06/2024,09:24:23,23537.45,23536.5,175,23537.5,250,800,12152525
NIFTY-I.NFO,18/06/2024,09:24:24,23536.2,23536.35,200,23537.05,350,1075,12152525
NIFTY-I.NFO,18/06/2024,09:24:26,23539.7,23537.95,50,23539.7,125,1250,12152525
NIFTY-I.NFO,18/06/2024,09:24:28,23539.9,23537.3,225,23538.85,125,1050,12152525
NIFTY-I.NFO,18/06/2024,09:24:29,23538.45,23538,50,23538.45,50,950,12152525
NIFTY-I.NFO,18/06/2024,09:24:31,23538.8,23537.8,200,23538.75,100,675,12152525
NIFTY-I.NFO,18/06/2024,09:24:33,23540.7,23539.75,225,23540.75,25,2225,12152525
NIFTY-I.NFO,18/06/2024,09:24:34,23542.95,23540.8,100,23543,75,3275,12152525
NIFTY-I.NFO,18/06/2024,09:24:36,23540.8,23541.25,100,23541.8,150,1125,12152525
NIFTY-I.NFO,18/06/2024,09:24:38,23542.55,23542.25,100,23542.95,100,775,12152525
NIFTY-I.NFO,18/06/2024,09:24:39,23543.15,23542.9,100,23543.25,25,2075,12152525
NIFTY-I.NFO,18/06/2024,09:24:41,23547.9,23545.9,100,23547.9,75,1150,12152525
NIFTY-I.NFO,18/06/2024,09:24:43,23544.7,23545,100,23546.05,25,2650,12152525
NIFTY-I.NFO,18/06/2024,09:24:44,23544.05,23544.45,100,23545.85,50,750,12152525
NIFTY-I.NFO,18/06/2024,09:24:46,23544.8,23544.95,100,23545.75,75,400,12152525
NIFTY-I.NFO,18/06/2024,09:24:48,23545,23545,250,23545.95,25,2400,12152525
NIFTY-I.NFO,18/06/2024,09:24:49,23546.75,23544.95,1200,23546.75,75,875,12152525
NIFTY-I.NFO,18/06/2024,09:24:51,23545,23544.95,950,23545.8,25,550,12152525
NIFTY-I.NFO,18/06/2024,09:24:53,23544.95,23543.9,100,23544.95,800,1225,12152525
NIFTY-I.NFO,18/06/2024,09:24:54,23544.95,23543.5,125,23544.95,625,1900,12152525
NIFTY-I.NFO,18/06/2024,09:24:56,23548.55,23544.75,25,23544.95,25,1125,12152525
NIFTY-I.NFO,18/06/2024,09:24:58,23544.9,23543.95,100,23544.3,25,125,12152525
NIFTY-I.NFO,18/06/2024,09:24:59,23544.6,23543.9,125,23544.2,100,325,12152525
NIFTY-I.NFO,18/06/2024,09:25:01,23544,23543.55,125,23544.1,25,150,12152525
NIFTY-I.NFO,18/06/2024,09:25:03,23544.45,23544.45,25,23544.5,25,1650,12152525
NIFTY-I.NFO,18/06/2024,09:25:04,23544.1,23544.45,100,23545.05,50,825,12152525
NIFTY-I.NFO,18/06/2024,09:25:06,23550,23546.45,150,23547.75,100,2050,12152525
NIFTY-I.NFO,18/06/2024,09:25:08,23550,23548.6,175,23548.95,125,925,12152525
NIFTY-I.NFO,18/06/2024,09:25:09,23549.4,23548.85,25,23549.65,100,1525,12152525
NIFTY-I.NFO,18/06/2024,09:25:11,23550.95,23550.85,75,23550.95,50,1600,12152525
NIFTY-I.NFO,18/06/2024,09:25:13,23550.95,23550.95,575,23551.4,75,375,12152525
NIFTY-I.NFO,18/06/2024,09:25:14,23551.95,23551.55,50,23551.95,100,1150,12152525
NIFTY-I.NFO,18/06/2024,09:25:16,23552.85,23552.4,25,23553,25,1250,12152525
NIFTY-I.NFO,18/06/2024,09:25:18,23553.35,23552.4,50,23553.35,75,950,12152525
NIFTY-I.NFO,18/06/2024,09:25:19,23552.8,23552.9,325,23554.9,250,1225,12152525
NIFTY-I.NFO,18/06/2024,09:25:21,23553.4,23553.4,150,23553.9,50,575,12152525
NIFTY-I.NFO,18/06/2024,09:25:23,23552.75,23552.75,25,23553.6,100,2550,12152525
NIFTY-I.NFO,18/06/2024,09:25:24,23553.3,23552.3,50,23553.3,400,675,12152525
NIFTY-I.NFO,18/06/2024,09:25:26,23552.95,23552.85,75,23552.95,100,200,12152525
NIFTY-I.NFO,18/06/2024,09:25:28,23552.85,23551.15,125,23552.8,100,1825,12152525
NIFTY-I.NFO,18/06/2024,09:25:29,23552.1,23551.1,250,23552.05,100,1000,12152525
NIFTY-I.NFO,18/06/2024,09:25:31,23551.45,23551.8,100,23551.9,100,550,12152525
NIFTY-I.NFO,18/06/2024,09:25:33,23551.8,23551.1,50,23551.8,100,625,12152525
NIFTY-I.NFO,18/06/2024,09:25:34,23550.8,23551.2,100,23551.55,175,100,12152525
NIFTY-I.NFO,18/06/2024,09:25:36,23551,23550.9,250,23551.7,300,775,12152525
NIFTY-I.NFO,18/06/2024,09:25:38,23551.95,23551.35,25,23551.95,25,1300,12152525
NIFTY-I.NFO,18/06/2024,09:25:39,23551.55,23551.05,25,23551.6,250,425,12152525
NIFTY-I.NFO,18/06/2024,09:25:41,23551.95,23551.1,25,23551.7,75,275,12152525
NIFTY-I.NFO,18/06/2024,09:25:43,23551.1,23550.8,1575,23551.7,50,150,12152525
NIFTY-I.NFO,18/06/2024,09:25:44,23551.3,23550.8,1575,23551.7,125,100,12152525
NIFTY-I.NFO,18/06/2024,09:25:46,23552,23550.8,1575,23551.7,100,1350,12152525
NIFTY-I.NFO,18/06/2024,09:25:48,23550,23550,700,23550.9,150,1625,12152525
NIFTY-I.NFO,18/06/2024,09:25:49,23545.9,23546.5,100,23547.15,75,925,12152525
NIFTY-I.NFO,18/06/2024,09:25:51,23545.95,23545.3,125,23545.95,100,200,12152525
NIFTY-I.NFO,18/06/2024,09:25:53,23545.85,23545.6,25,23545.8,100,175,12152525
NIFTY-I.NFO,18/06/2024,09:25:54,23545.55,23544.9,50,23545.8,350,400,12152525
NIFTY-I.NFO,18/06/2024,09:25:56,23543.55,23543.2,25,23543.85,100,1025,12152525
NIFTY-I.NFO,18/06/2024,09:25:58,23543.15,23543,25,23543.2,150,400,12152525
NIFTY-I.NFO,18/06/2024,09:25:59,23543.9,23543.2,25,23544,75,700,12152525
NIFTY-I.NFO,18/06/2024,09:26:01,23541.25,23541.2,25,23542.15,75,450,12152525
NIFTY-I.NFO,18/06/2024,09:26:03,23540.65,23540.65,75,23541.2,25,5600,12152525
NIFTY-I.NFO,18/06/2024,09:26:04,23540,23540,375,23540.95,100,1475,12152525
NIFTY-I.NFO,18/06/2024,09:26:06,23540.8,23540.7,100,23540.8,75,450,12152525
NIFTY-I.NFO,18/06/2024,09:26:08,23540,23540,150,23540.6,100,750,12152525
NIFTY-I.NFO,18/06/2024,09:26:09,23540.4,23540,75,23540.45,250,650,12152525
NIFTY-I.NFO,18/06/2024,09:26:11,23540.8,23540.75,100,23541.55,100,3825,12152525
NIFTY-I.NFO,18/06/2024,09:26:12,23540.05,23540,25,23540.9,100,1050,12152525
NIFTY-I.NFO,18/06/2024,09:26:14,23540,23540.15,25,23540.7,1000,425,12152525
NIFTY-I.NFO,18/06/2024,09:26:16,23540.1,23540.05,500,23540.65,75,100,12152525
NIFTY-I.NFO,18/06/2024,09:26:17,23539.15,23539.55,100,23539.95,100,1150,12152525
NIFTY-I.NFO,18/06/2024,09:26:19,23540.25,23539.25,25,23540.2,250,850,12152525
NIFTY-I.NFO,18/06/2024,09:26:21,23540.8,23540.4,50,23541.5,250,1250,12152525
NIFTY-I.NFO,18/06/2024,09:26:22,23540.8,23540.75,100,23541.5,100,0,12152525
NIFTY-I.NFO,18/06/2024,09:26:24,23539.95,23539,50,23539.85,100,250,12152525
NIFTY-I.NFO,18/06/2024,09:26:26,23539.65,23539.1,100,23539.65,50,375,12152525
NIFTY-I.NFO,18/06/2024,09:26:27,23537.85,23537.65,100,23538.3,25,50,12152525
NIFTY-I.NFO,18/06/2024,09:26:29,23538.45,23537.35,25,23538.45,100,1300,12152525
NIFTY-I.NFO,18/06/2024,09:26:31,23537.75,23537.55,25,23537.85,100,1125,12152525
NIFTY-I.NFO,18/06/2024,09:26:32,23536.7,23536.7,25,23537.05,50,875,12152525
NIFTY-I.NFO,18/06/2024,09:26:34,23536.15,23535,650,23536.1,100,975,12152525
NIFTY-I.NFO,18/06/2024,09:26:36,23534.75,23534.9,100,23535.75,100,1325,12152525
NIFTY-I.NFO,18/06/2024,09:26:37,23534.85,23534.6,25,23535.35,100,325,12152525
NIFTY-I.NFO,18/06/2024,09:26:39,23536.85,23536.7,100,23537.65,350,1575,12152525
NIFTY-I.NFO,18/06/2024,09:26:41,23536.85,23537.4,100,23537.6,100,3000,12152525
NIFTY-I.NFO,18/06/2024,09:26:42,23537,23536.4,25,23537,75,800,12152525
NIFTY-I.NFO,18/06/2024,09:26:44,23535.75,23535.75,75,23536.7,50,450,12152525
NIFTY-I.NFO,18/06/2024,09:26:46,23534,23534,100,23534.6,350,900,12152525
NIFTY-I.NFO,18/06/2024,09:26:47,23534.2,23534.1,200,23534.55,25,500,12152525
NIFTY-I.NFO,18/06/2024,09:26:49,23534.1,23534,100,23534.25,50,475,12152525
NIFTY-I.NFO,18/06/2024,09:26:51,23534.3,23534.15,125,23534.95,100,1550,12152525
NIFTY-I.NFO,18/06/2024,09:26:52,23533.9,23534.4,25,23534.5,325,600,12152525
NIFTY-I.NFO,18/06/2024,09:26:54,23533.2,23533.7,175,23533.95,325,325,12152525
NIFTY-I.NFO,18/06/2024,09:26:56,23533.4,23533.4,100,23533.5,25,1325,12152525
NIFTY-I.NFO,18/06/2024,09:26:58,23534.55,23534.15,100,23534.55,75,1825,12152525
NIFTY-I.NFO,18/06/2024,09:26:59,23534.55,23534.5,25,23534.75,250,1775,12152525
NIFTY-I.NFO,18/06/2024,09:27:01,23537.45,23536,100,23537.4,100,1925,12152525
NIFTY-I.NFO,18/06/2024,09:27:03,23536.25,23535.7,25,23536.25,75,1125,12152525
NIFTY-I.NFO,18/06/2024,09:27:04,23538,23536.55,25,23537.4,250,900,12152525
NIFTY-I.NFO,18/06/2024,09:27:06,23537.7,23537.4,200,23537.55,150,1400,12152525
NIFTY-I.NFO,18/06/2024,09:27:08,23539,23538.95,25,23539,25,3725,12152525
NIFTY-I.NFO,18/06/2024,09:27:09,23538.1,23537.95,75,23538.35,25,375,12152525
NIFTY-I.NFO,18/06/2024,09:27:11,23543.1,23539.3,25,23542.15,150,1800,12152525
NIFTY-I.NFO,18/06/2024,09:27:12,23540,23537.6,100,23540.2,100,525,12152525
NIFTY-I.NFO,18/06/2024,09:27:14,23537.9,23537.7,25,23539.15,250,200,12152525
NIFTY-I.NFO,18/06/2024,09:27:16,23539.7,23537.75,175,23539.7,300,125,12152525
NIFTY-I.NFO,18/06/2024,09:27:17,23538.05,23538.05,175,23538.9,50,425,12152525
NIFTY-I.NFO,18/06/2024,09:27:19,23537.2,23537.9,25,23538,100,575,12152525
NIFTY-I.NFO,18/06/2024,09:27:21,23535.8,23535.8,50,23536.6,150,575,12152525
NIFTY-I.NFO,18/06/2024,09:27:22,23536.75,23536.5,25,23536.8,25,900,12152525
NIFTY-I.NFO,18/06/2024,09:27:24,23537.2,23536.65,125,23537.8,350,125,12184050
NIFTY-I.NFO,18/06/2024,09:27:26,23537.7,23537.5,25,23537.75,25,75,12184050
NIFTY-I.NFO,18/06/2024,09:27:27,23540.85,23540.7,75,23542.05,100,1400,12184050
NIFTY-I.NFO,18/06/2024,09:27:29,23541.2,23540.35,25,23541.2,75,725,12184050
NIFTY-I.NFO,18/06/2024,09:27:31,23543.05,23542.65,25,23543.05,75,1125,12184050
NIFTY-I.NFO,18/06/2024,09:27:32,23543.95,23543.6,250,23544.95,100,475,12184050
NIFTY-I.NFO,18/06/2024,09:27:34,23544.95,23543.95,150,23544.9,25,725,12184050
NIFTY-I.NFO,18/06/2024,09:27:36,23544.1,23544.05,125,23544.2,100,400,12184050
NIFTY-I.NFO,18/06/2024,09:27:37,23543.35,23543.9,25,23544.15,75,575,12184050
NIFTY-I.NFO,18/06/2024,09:27:39,23543.75,23543.7,500,23544.75,450,650,12184050
NIFTY-I.NFO,18/06/2024,09:27:41,23544.65,23544.05,650,23544.65,75,950,12184050
NIFTY-I.NFO,18/06/2024,09:27:42,23543.9,23542.7,25,23542.8,25,125,12184050
NIFTY-I.NFO,18/06/2024,09:27:44,23543.55,23543,25,23543.55,25,275,12184050
NIFTY-I.NFO,18/06/2024,09:27:46,23543.55,23543.2,500,23543.55,75,200,12184050
NIFTY-I.NFO,18/06/2024,09:27:47,23543.8,23543.2,500,23543.8,250,925,12184050
NIFTY-I.NFO,18/06/2024,09:27:49,23542.7,23543,500,23543.75,75,150,12184050
NIFTY-I.NFO,18/06/2024,09:27:51,23543.9,23543,450,23543.9,400,350,12184050
NIFTY-I.NFO,18/06/2024,09:27:52,23543,23542.6,25,23543.45,75,475,12184050
NIFTY-I.NFO,18/06/2024,09:27:54,23541.4,23541.05,500,23541.4,25,575,12184050
NIFTY-I.NFO,18/06/2024,09:27:56,23541.85,23541.25,1025,23542.15,100,800,12184050
NIFTY-I.NFO,18/06/2024,09:27:57,23540.55,23540.35,750,23541.2,100,350,12184050
NIFTY-I.NFO,18/06/2024,09:27:59,23541.1,23540.35,750,23541.1,75,50,12184050
NIFTY-I.NFO,18/06/2024,09:28:01,23539,23538.55,500,23539.15,100,1350,12184050
NIFTY-I.NFO,18/06/2024,09:28:02,23538.4,23538.1,250,23538.95,50,100,12184050
NIFTY-I.NFO,18/06/2024,09:28:04,23538.7,23538.15,400,23538.75,475,850,12184050
NIFTY-I.NFO,18/06/2024,09:28:06,23538,23537.85,500,23538.35,50,475,12184050
NIFTY-I.NFO,18/06/2024,09:28:07,23537.95,23537,425,23537.7,75,575,12184050
NIFTY-I.NFO,18/06/2024,09:28:09,23538.75,23537.9,75,23538.65,25,2375,12184050
NIFTY-I.NFO,18/06/2024,09:28:11,23538.25,23538.2,500,23538.55,100,850,12184050
NIFTY-I.NFO,18/06/2024,09:28:12,23538,23538,250,23538.55,200,600,12184050
NIFTY-I.NFO,18/06/2024,09:28:14,23538,23538.05,300,23538.5,100,2100,12184050
NIFTY-I.NFO,18/06/2024,09:28:16,23541.1,23540,250,23540.8,200,1375,12184050
NIFTY-I.NFO,18/06/2024,09:28:17,23537.95,23537.75,300,23537.95,150,1700,12184050
NIFTY-I.NFO,18/06/2024,09:28:19,23537.1,23537.4,50,23537.75,100,950,12184050
NIFTY-I.NFO,18/06/2024,09:28:21,23537.6,23537,50,23537.6,150,100,12184050
NIFTY-I.NFO,18/06/2024,09:28:22,23537,23536.9,500,23537,100,625,12184050
NIFTY-I.NFO,18/06/2024,09:28:24,23537,23537.35,500,23537.7,100,525,12184050
NIFTY-I.NFO,18/06/2024,09:28:25,23537.85,23537.85,700,23537.95,75,2400,12184050
NIFTY-I.NFO,18/06/2024,09:28:27,23537.65,23537.65,275,23538,50,2200,12184050
NIFTY-I.NFO,18/06/2024,09:28:29,23539,23538.9,25,23539.65,100,625,12184050
NIFTY-I.NFO,18/06/2024,09:28:30,23538.05,23538.2,400,23538.9,250,750,12184050
NIFTY-I.NFO,18/06/2024,09:28:32,23538.6,23537.85,25,23538.6,200,525,12184050
NIFTY-I.NFO,18/06/2024,09:28:34,23538.5,23537.55,25,23538.45,100,850,12184050
NIFTY-I.NFO,18/06/2024,09:28:35,23535.8,23534.9,25,23535.7,100,1750,12184050
NIFTY-I.NFO,18/06/2024,09:28:37,23534.85,23534.05,200,23535.15,100,450,12184050
NIFTY-I.NFO,18/06/2024,09:28:39,23534.2,23534.2,25,23535.05,350,50,12184050
NIFTY-I.NFO,18/06/2024,09:28:40,23535.05,23534.95,25,23535.05,50,1700,12184050
NIFTY-I.NFO,18/06/2024,09:28:42,23535.05,23534.45,125,23534.95,100,250,12184050
NIFTY-I.NFO,18/06/2024,09:28:44,23535,23534.5,25,23534.85,100,1375,12184050
NIFTY-I.NFO,18/06/2024,09:28:45,23534.85,23534.85,225,23536.15,100,3025,12184050
NIFTY-I.NFO,18/06/2024,09:28:47,23535,23535,75,23535.8,150,125,12184050
NIFTY-I.NFO,18/06/2024,09:28:49,23535.55,23535.35,125,23535.6,100,1250,12184050
NIFTY-I.NFO,18/06/2024,09:28:50,23536,23535.4,125,23536,1800,1650,12184050
NIFTY-I.NFO,18/06/2024,09:28:52,23537,23536.15,50,23536.75,100,2200,12184050
NIFTY-I.NFO,18/06/2024,09:28:54,23535.7,23536.05,500,23536.4,100,925,12184050
NIFTY-I.NFO,18/06/2024,09:28:55,23535,23534.7,525,23535.2,75,150,12184050
NIFTY-I.NFO,18/06/2024,09:28:57,23534.95,23534.9,500,23534.95,100,1200,12184050
NIFTY-I.NFO,18/06/2024,09:28:59,23534.6,23534.45,175,23535.25,100,1150,12184050
NIFTY-I.NFO,18/06/2024,09:29:01,23535.75,23535.3,375,23535.85,50,400,12184050
NIFTY-I.NFO,18/06/2024,09:29:02,23536.25,23536,500,23536.7,100,1050,12184050
NIFTY-I.NFO,18/06/2024,09:29:04,23538,23537.95,100,23538,1125,3400,12184050
NIFTY-I.NFO,18/06/2024,09:29:06,23539,23538.75,150,23539,25,1950,12184050
NIFTY-I.NFO,18/06/2024,09:29:07,23539.05,23539.05,25,23539.2,125,375,12184050
NIFTY-I.NFO,18/06/2024,09:29:09,23539.8,23539.75,125,23539.8,50,2075,12184050
NIFTY-I.NFO,18/06/2024,09:29:11,23538.9,23539.6,125,23540,3750,700,12184050
NIFTY-I.NFO,18/06/2024,09:29:12,23539.85,23539.95,175,23540,2300,1775,12184050
NIFTY-I.NFO,18/06/2024,09:29:14,23540,23539.85,125,23540,2250,125,12184050
NIFTY-I.NFO,18/06/2024,09:29:15,23539,23539.3,125,23539.95,150,800,12184050
NIFTY-I.NFO,18/06/2024,09:29:17,23539.25,23539.9,50,23540,2775,1600,12184050
NIFTY-I.NFO,18/06/2024,09:29:19,23539.95,23539.9,225,23539.95,25,1250,12184050
NIFTY-I.NFO,18/06/2024,09:29:20,23540.55,23540.7,125,23540.9,150,1850,12184050
NIFTY-I.NFO,18/06/2024,09:29:22,23541.1,23540.95,75,23541.35,150,500,12184050
NIFTY-I.NFO,18/06/2024,09:29:24,23541.95,23541.8,150,23542,400,350,12184050
NIFTY-I.NFO,18/06/2024,09:29:25,23542.2,23542.3,75,23542.5,150,725,12184050
NIFTY-I.NFO,18/06/2024,09:29:27,23542.3,23542.15,50,23542.3,25,225,12184050
NIFTY-I.NFO,18/06/2024,09:29:29,23543.95,23543.85,100,23544,575,725,12184050
NIFTY-I.NFO,18/06/2024,09:29:30,23544.3,23543.05,50,23544.5,25,1300,12184050
NIFTY-I.NFO,18/06/2024,09:29:32,23543.95,23543.8,50,23544.2,150,250,12184050
NIFTY-I.NFO,18/06/2024,09:29:34,23544.7,23544.65,75,23545.9,25,1100,12184050
NIFTY-I.NFO,18/06/2024,09:29:35,23545.25,23545.35,225,23545.8,100,200,12184050
NIFTY-I.NFO,18/06/2024,09:29:37,23545,23545,175,23545.85,25,600,12184050
NIFTY-I.NFO,18/06/2024,09:29:39,23546,23545.05,50,23546,250,400,12184050
NIFTY-I.NFO,18/06/2024,09:29:40,23546.95,23546.05,100,23547,150,975,12184050
NIFTY-I.NFO,18/06/2024,09:29:42,23546.1,23546.1,25,23547.45,25,400,12184050
NIFTY-I.NFO,18/06/2024,09:29:44,23548.05,23546.1,25,23547.45,50,175,12184050
NIFTY-I.NFO,18/06/2024,09:29:45,23547,23547,475,23547.35,150,275,12184050
NIFTY-I.NFO,18/06/2024,09:29:47,23546.95,23545.5,25,23546.95,25,900,12184050
NIFTY-I.NFO,18/06/2024,09:29:48,23546.25,23545,150,23546.25,25,400,12184050
NIFTY-I.NFO,18/06/2024,09:29:50,23545.8,23545.75,25,23546.05,75,225,12184050
NIFTY-I.NFO,18/06/2024,09:29:52,23546.9,23546.5,25,23546.95,25,250,12184050
NIFTY-I.NFO,18/06/2024,09:29:53,23546.95,23546,25,23546.5,25,150,12184050
NIFTY-I.NFO,18/06/2024,09:29:55,23547.3,23546.9,25,23546.95,25,375,12184050
NIFTY-I.NFO,18/06/2024,09:29:57,23547.65,23547.45,25,23547.85,250,275,12184050
NIFTY-I.NFO,18/06/2024,09:29:58,23548,23546.55,25,23548.7,200,700,12184050
NIFTY-I.NFO,18/06/2024,09:30:00,23547.5,23547.55,150,23548.6,125,600,12184050
NIFTY-I.NFO,18/06/2024,09:30:02,23548.4,23548.05,125,23548.6,125,1525,12184050
NIFTY-I.NFO,18/06/2024,09:30:03,23548.9,23549.75,75,23550,1750,1850,12184050
NIFTY-I.NFO,18/06/2024,09:30:05,23551.45,23551.2,75,23552.95,275,3150,12184050
NIFTY-I.NFO,18/06/2024,09:30:07,23552.95,23551.9,75,23553.4,350,1800,12184050
NIFTY-I.NFO,18/06/2024,09:30:08,23553.3,23550.8,50,23553.3,125,225,12184050
NIFTY-I.NFO,18/06/2024,09:30:10,23553.2,23552,25,23553.5,25,625,12184050
NIFTY-I.NFO,18/06/2024,09:30:12,23552.85,23551.3,100,23552.25,25,325,12184050
NIFTY-I.NFO,18/06/2024,09:30:13,23554.5,23552.25,75,23554.7,450,1650,12184050
NIFTY-I.NFO,18/06/2024,09:30:15,23553.75,23552.25,50,23553.75,175,900,12184050
NIFTY-I.NFO,18/06/2024,09:30:17,23554.75,23551.5,25,23553.4,300,1350,12184050
NIFTY-I.NFO,18/06/2024,09:30:18,23553.9,23552.4,25,23553.9,150,1575,12184050
NIFTY-I.NFO,18/06/2024,09:30:20,23553.85,23551.45,25,23553.5,225,1550,12184050
NIFTY-I.NFO,18/06/2024,09:30:22,23553.85,23553.85,50,23553.95,25,675,12184050
NIFTY-I.NFO,18/06/2024,09:30:23,23553.6,23553.5,100,23553.6,300,400,12184050
NIFTY-I.NFO,18/06/2024,09:30:25,23552.85,23552.2,25,23552.95,150,1050,12219075
NIFTY-I.NFO,18/06/2024,09:30:27,23553,23553,50,23553.45,75,425,12219075
NIFTY-I.NFO,18/06/2024,09:30:28,23554,23553.9,100,23554,25,1300,12219075
NIFTY-I.NFO,18/06/2024,09:30:30,23556.05,23556.05,50,23557.5,1675,5450,12219075
NIFTY-I.NFO,18/06/2024,09:30:32,23556.1,23556.15,125,23556.55,350,325,12219075
NIFTY-I.NFO,18/06/2024,09:30:33,23557.4,23555.05,625,23557.4,275,1725,12219075
NIFTY-I.NFO,18/06/2024,09:30:35,23556.45,23555.3,50,23556.6,450,275,12219075
NIFTY-I.NFO,18/06/2024,09:30:36,23556.55,23556.2,600,23556.9,125,250,12219075
NIFTY-I.NFO,18/06/2024,09:30:38,23556.55,23555.25,150,23556,25,925,12219075
NIFTY-I.NFO,18/06/2024,09:30:40,23556.55,23555.25,100,23555.3,25,100,12219075
NIFTY-I.NFO,18/06/2024,09:30:41,23552.55,23552.55,25,23553.4,50,800,12219075
NIFTY-I.NFO,18/06/2024,09:30:43,23552.2,23550.35,100,23552.2,25,1825,12219075
NIFTY-I.NFO,18/06/2024,09:30:45,23551.05,23547.8,25,23549.6,250,225,12219075
NIFTY-I.NFO,18/06/2024,09:30:46,23546.7,23546.75,100,23549.45,100,1325,12219075
NIFTY-I.NFO,18/06/2024,09:30:48,23548.55,23547,25,23548.55,150,775,12219075
NIFTY-I.NFO,18/06/2024,09:30:50,23550,23548,25,23549.2,250,575,12219075
NIFTY-I.NFO,18/06/2024,09:30:51,23549.2,23548.1,25,23549.8,250,100,12219075
NIFTY-I.NFO,18/06/2024,09:30:53,23545.85,23545.05,25,23547.9,150,2875,12219075
NIFTY-I.NFO,18/06/2024,09:30:55,23547,23545.3,250,23547.05,250,500,12219075
NIFTY-I.NFO,18/06/2024,09:30:56,23544.5,23544.25,25,23546.6,25,125,12219075
NIFTY-I.NFO,18/06/2024,09:30:58,23546.7,23544.8,25,23546.7,25,175,12219075
NIFTY-I.NFO,18/06/2024,09:31:00,23546.7,23545,500,23546.65,75,0,12219075
NIFTY-I.NFO,18/06/2024,09:31:01,23549.2,23546.95,275,23550,1850,550,12219075
NIFTY-I.NFO,18/06/2024,09:31:03,23549.25,23548,25,23549.2,25,75,12219075
NIFTY-I.NFO,18/06/2024,09:31:05,23550,23549.5,250,23550,1800,250,12219075
NIFTY-I.NFO,18/06/2024,09:31:06,23553.9,23550.9,250,23554,350,2200,12219075
NIFTY-I.NFO,18/06/2024,09:31:08,23554.15,23551.25,100,23553.85,75,4325,12219075
NIFTY-I.NFO,18/06/2024,09:31:10,23550,23550.55,25,23553.75,25,5425,12219075
NIFTY-I.NFO,18/06/2024,09:31:11,23553.85,23551.9,250,23553.9,75,25,12219075
NIFTY-I.NFO,18/06/2024,09:31:13,23551.55,23551.45,25,23554.1,150,375,12219075
NIFTY-I.NFO,18/06/2024,09:31:15,23553.95,23550.55,25,23551.3,25,300,12219075
NIFTY-I.NFO,18/06/2024,09:31:16,23554.1,23552,500,23553.35,25,325,12219075
NIFTY-I.NFO,18/06/2024,09:31:18,23554.6,23552.05,25,23554.2,25,350,12219075
NIFTY-I.NFO,18/06/2024,09:31:20,23554.15,23552.5,25,23554.15,25,425,12219075
NIFTY-I.NFO,18/06/2024,09:31:21,23554.8,23553.4,50,23554.85,225,100,12219075
NIFTY-I.NFO,18/06/2024,09:31:23,23554.35,23554,75,23554.2,25,75,12219075
NIFTY-I.NFO,18/06/2024,09:31:25,23553.2,23553.5,200,23555,1975,1250,12219075
NIFTY-I.NFO,18/06/2024,09:31:27,23553.8,23553.8,25,23554,225,125,12219075
NIFTY-I.NFO,18/06/2024,09:31:28,23553.5,23553.5,125,23555,2225,500,12219075
NIFTY-I.NFO,18/06/2024,09:31:30,23555,23554.95,1475,23555,875,1300,12219075
NIFTY-I.NFO,18/06/2024,09:31:32,23555.35,23554.95,1525,23555.5,1525,1250,12219075
NIFTY-I.NFO,18/06/2024,09:31:33,23555,23555,25,23555.5,1450,1475,12219075
NIFTY-I.NFO,18/06/2024,09:31:35,23555.35,23553.65,75,23555.35,75,1625,12219075
NIFTY-I.NFO,18/06/2024,09:31:36,23555.5,23555.5,325,23555.6,25,825,12219075
NIFTY-I.NFO,18/06/2024,09:31:38,23556,23555.5,50,23555.65,25,1450,12219075
NIFTY-I.NFO,18/06/2024,09:31:40,23555.5,23555.5,25,23555.65,25,150,12219075
NIFTY-I.NFO,18/06/2024,09:31:41,23556,23555.35,925,23556,400,600,12219075
NIFTY-I.NFO,18/06/2024,09:31:43,23555.35,23555.35,675,23556,375,325,12219075
NIFTY-I.NFO,18/06/2024,09:31:45,23555.35,23555.35,625,23555.5,25,100,12219075
NIFTY-I.NFO,18/06/2024,09:31:46,23556,23555.35,625,23556,75,350,12219075
NIFTY-I.NFO,18/06/2024,09:31:48,23556,23555.35,325,23556,150,350,12219075
NIFTY-I.NFO,18/06/2024,09:31:50,23556,23555.35,300,23556,125,75,12219075
NIFTY-I.NFO,18/06/2024,09:31:51,23556.5,23556.25,75,23556.5,1750,675,12219075
NIFTY-I.NFO,18/06/2024,09:31:53,23556.5,23556.3,25,23556.5,1150,825,12219075
NIFTY-I.NFO,18/06/2024,09:31:55,23556.5,23556.25,100,23557,1750,1600,12219075
NIFTY-I.NFO,18/06/2024,09:31:56,23556,23556,125,23557,1575,650,12219075
NIFTY-I.NFO,18/06/2024,09:31:58,23557,23556.5,525,23557,700,875,12219075
NIFTY-I.NFO,18/06/2024,09:32:00,23556.85,23556.85,25,23557,450,275,12219075
NIFTY-I.NFO,18/06/2024,09:32:01,23557.5,23557.3,100,23557.5,875,625,12219075
NIFTY-I.NFO,18/06/2024,09:32:03,23557.45,23557.4,150,23558,2375,1475,12219075
NIFTY-I.NFO,18/06/2024,09:32:05,23557.5,23557.5,450,23558,2300,175,12219075
NIFTY-I.NFO,18/06/2024,09:32:06,23558,23557.8,100,23558,2100,475,12219075
NIFTY-I.NFO,18/06/2024,09:32:08,23558,23557.15,25,23558.5,1625,2950,12219075
NIFTY-I.NFO,18/06/2024,09:32:10,23558.5,23558,500,23558.5,50,1575,12219075
NIFTY-I.NFO,18/06/2024,09:32:11,23558.9,23558.9,75,23559,25,4600,12219075
NIFTY-I.NFO,18/06/2024,09:32:13,23559,23559,1750,23559.2,25,900,12219075
NIFTY-I.NFO,18/06/2024,09:32:15,23559.9,23559,1400,23559.9,175,2425,12219075
NIFTY-I.NFO,18/06/2024,09:32:16,23559.45,23559,50,23559.8,25,2625,12219075
NIFTY-I.NFO,18/06/2024,09:32:18,23560,23559.8,125,23560,2300,1225,12219075
NIFTY-I.NFO,18/06/2024,09:32:20,23559.5,23559.5,50,23560,1275,1125,12219075
NIFTY-I.NFO,18/06/2024,09:32:21,23560,23559.7,175,23560,200,1400,12219075
NIFTY-I.NFO,18/06/2024,09:32:23,23563,23561.95,25,23563,75,2500,12219075
NIFTY-I.NFO,18/06/2024,09:32:25,23561,23561,975,23561.7,25,750,12219075
NIFTY-I.NFO,18/06/2024,09:32:26,23560,23560.1,25,23561,150,1450,12219075
NIFTY-I.NFO,18/06/2024,09:32:28,23560,23560,900,23560.2,25,1175,12219075
NIFTY-I.NFO,18/06/2024,09:32:30,23560,23560,500,23560.75,25,650,12219075
NIFTY-I.NFO,18/06/2024,09:32:31,23560,23559.6,25,23560,1075,1000,12219075
NIFTY-I.NFO,18/06/2024,09:32:33,23560,23558.8,25,23560,925,625,12219075
NIFTY-I.NFO,18/06/2024,09:32:35,23560.15,23560.15,100,23561,75,1275,12219075
NIFTY-I.NFO,18/06/2024,09:32:36,23560,23560.1,25,23561,350,625,12219075
NIFTY-I.NFO,18/06/2024,09:32:38,23560.15,23560,25,23560.75,200,250,12219075
NIFTY-I.NFO,18/06/2024,09:32:40,23561.95,23561.15,100,23561.95,25,600,12219075
NIFTY-I.NFO,18/06/2024,09:32:41,23560.7,23560.65,100,23561.95,25,400,12219075
NIFTY-I.NFO,18/06/2024,09:32:43,23561.95,23561.25,50,23561.95,75,125,12219075
NIFTY-I.NFO,18/06/2024,09:32:45,23561.95,23561.3,50,23562,100,300,12219075
NIFTY-I.NFO,18/06/2024,09:32:46,23562,23561.35,25,23561.95,25,175,12219075
NIFTY-I.NFO,18/06/2024,09:32:48,23562,23562,25,23562.2,150,175,12219075
NIFTY-I.NFO,18/06/2024,09:32:50,23562.35,23560.9,125,23562.4,150,200,12219075
NIFTY-I.NFO,18/06/2024,09:32:51,23562.5,23560.4,75,23562.5,325,125,12219075
NIFTY-I.NFO,18/06/2024,09:32:53,23561.15,23561.1,75,23562.5,300,325,12219075
NIFTY-I.NFO,18/06/2024,09:32:55,23560.4,23560.35,125,23560.4,75,1900,12219075
NIFTY-I.NFO,18/06/2024,09:32:56,23561.1,23561.1,25,23561.15,100,525,12219075
NIFTY-I.NFO,18/06/2024,09:32:58,23562.05,23561.8,25,23562.35,50,250,12219075
NIFTY-I.NFO,18/06/2024,09:33:00,23568.9,23568.9,100,23570,2000,10375,12219075
NIFTY-I.NFO,18/06/2024,09:33:00,23570,23568.9,100,23570,2000,0,12219075
NIFTY-I.NFO,18/06/2024,09:33:01,23570.25,23568.55,25,23570.25,50,5950,12219075
NIFTY-I.NFO,18/06/2024,09:33:01,23571,23568.55,25,23570.25,50,0,12219075
NIFTY-I.NFO,18/06/2024,09:33:03,23568.9,23568.25,75,23568.9,3525,1900,12219075
NIFTY-I.NFO,18/06/2024,09:33:05,23568.9,23568.55,25,23568.9,2025,1575,12219075
NIFTY-I.NFO,18/06/2024,09:33:06,23567.95,23568.1,25,23570,25,3275,12219075
NIFTY-I.NFO,18/06/2024,09:33:08,23568.1,23568,50,23568.1,875,5025,12219075
NIFTY-I.NFO,18/06/2024,09:33:10,23568.6,23568.55,225,23569,25,1475,12219075
NIFTY-I.NFO,18/06/2024,09:33:11,23570.7,23568.9,50,23571,200,425,12219075
NIFTY-I.NFO,18/06/2024,09:33:13,23568.65,23568.6,150,23570.7,25,700,12219075
NIFTY-I.NFO,18/06/2024,09:33:15,23570,23570.7,50,23571,25,125,12219075
NIFTY-I.NFO,18/06/2024,09:33:16,23572.6,23572.05,75,23573.95,25,3975,12219075
NIFTY-I.NFO,18/06/2024,09:33:16,23574,23572.05,75,23573.95,25,0,12219075
NIFTY-I.NFO,18/06/2024,09:33:18,23570.7,23570.7,300,23571.95,25,775,12219075
NIFTY-I.NFO,18/06/2024,09:33:18,23574.8,23570.7,300,23571.95,25,0,12219075
NIFTY-I.NFO,18/06/2024,09:33:20,23573.4,23573.35,25,23574,25,5650,12219075
NIFTY-I.NFO,18/06/2024,09:33:21,23573.95,23573,25,23573.95,150,6025,12219075
NIFTY-I.NFO,18/06/2024,09:33:21,23575,23573,25,23573.95,150,0,12219075
NIFTY-I.NFO,18/06/2024,09:33:23,23577.8,23577.75,25,23578,50,5925,12219075
NIFTY-I.NFO,18/06/2024,09:33:23,23578,23577.75,25,23578,50,0,12219075
NIFTY-I.NFO,18/06/2024,09:33:25,23576.85,23576.9,25,23577.8,25,4800,12244650
NIFTY-I.NFO,18/06/2024,09:33:25,23580,23576.9,25,23577.8,25,0,12244650
NIFTY-I.NFO,18/06/2024,09:33:26,23580,23579.4,250,23580,550,9025,12244650
NIFTY-I.NFO,18/06/2024,09:33:28,23580.65,23581.35,50,23581.95,25,1550,12244650
NIFTY-I.NFO,18/06/2024,09:33:28,23581.9,23581.35,50,23581.95,25,0,12244650
NIFTY-I.NFO,18/06/2024,09:33:30,23579.55,23579.4,250,23582,425,1825,12244650
NIFTY-I.NFO,18/06/2024,09:33:30,23582.05,23579.4,250,23582,425,0,12244650
NIFTY-I.NFO,18/06/2024,09:33:31,23582,23578.65,125,23581.2,25,1600,12244650
NIFTY-I.NFO,18/06/2024,09:33:33,23581.35,23580.4,100,23581.75,75,625,12244650
NIFTY-I.NFO,18/06/2024,09:33:35,23579.85,23579.8,150,23580.4,25,5475,12244650
NIFTY-I.NFO,18/06/2024,09:33:35,23583,23579.8,150,23580.4,25,0,12244650
NIFTY-I.NFO,18/06/2024,09:33:36,23584,23583.95,600,23584,25,3825,12244650
NIFTY-I.NFO,18/06/2024,09:33:36,23585,23583.95,600,23584,25,0,12244650
NIFTY-I.NFO,18/06/2024,09:33:38,23583.05,23583.05,25,23583.8,25,2800,12244650
NIFTY-I.NFO,18/06/2024,09:33:38,23585.5,23583.05,25,23583.8,25,0,12244650
NIFTY-I.NFO,18/06/2024,09:33:40,23582.5,23580.5,25,23582.5,200,725,12244650
NIFTY-I.NFO,18/06/2024,09:33:41,23581.65,23580.4,1700,23583.05,4725,775,12244650
NIFTY-I.NFO,18/06/2024,09:33:43,23582.8,23580.4,1625,23582.8,75,925,12244650
NIFTY-I.NFO,18/06/2024,09:33:45,23583.05,23581,25,23583.05,4425,1450,12244650
NIFTY-I.NFO,18/06/2024,09:33:46,23581.65,23580.95,100,23583.05,4250,5550,12244650
NIFTY-I.NFO,18/06/2024,09:33:48,23583.05,23581.65,25,23583.05,4075,650,12244650
NIFTY-I.NFO,18/06/2024,09:33:50,23580.4,23580.4,50,23582.75,25,1150,12244650
NIFTY-I.NFO,18/06/2024,09:33:51,23581.65,23581,500,23582.8,175,525,12244650
NIFTY-I.NFO,18/06/2024,09:33:53,23581.4,23581.4,50,23583.05,3650,975,12244650
NIFTY-I.NFO,18/06/2024,09:33:55,23582.5,23582.5,750,23583.05,2850,1200,12244650
NIFTY-I.NFO,18/06/2024,09:33:56,23583.05,23582.5,75,23583.05,2825,800,12244650
NIFTY-I.NFO,18/06/2024,09:33:58,23581.9,23581.65,225,23582.4,250,325,12244650
NIFTY-I.NFO,18/06/2024,09:34:00,23587.4,23586.05,25,23586.8,250,5175,12244650
NIFTY-I.NFO,18/06/2024,09:34:00,23587.4,23586.05,25,23586.8,250,0,12244650
NIFTY-I.NFO,18/06/2024,09:34:01,23585,23585.05,25,23585.4,150,700,12244650
NIFTY-I.NFO,18/06/2024,09:34:03,23585.4,23586.05,1200,23586.3,250,525,12244650
NIFTY-I.NFO,18/06/2024,09:34:05,23587,23586.3,25,23587,25,2100,12244650
NIFTY-I.NFO,18/06/2024,09:34:06,23586.5,23586.5,300,23587.4,250,2050,12244650
NIFTY-I.NFO,18/06/2024,09:34:06,23588,23586.5,300,23587.4,250,0,12244650
NIFTY-I.NFO,18/06/2024,09:34:08,23587.4,23587.4,75,23588,100,600,12244650
NIFTY-I.NFO,18/06/2024,09:34:10,23586.05,23586.05,925,23587,50,2050,12244650
NIFTY-I.NFO,18/06/2024,09:34:10,23589,23586.05,925,23587,50,0,12244650
NIFTY-I.NFO,18/06/2024,09:34:11,23585,23584.6,250,23585,100,2200,12244650
NIFTY-I.NFO,18/06/2024,09:34:13,23581.65,23581,450,23582.55,25,2600,12244650
NIFTY-I.NFO,18/06/2024,09:34:15,23581.75,23581,100,23582.15,25,3675,12244650
NIFTY-I.NFO,18/06/2024,09:34:16,23579.95,23580.55,250,23582.7,25,1300,12244650
NIFTY-I.NFO,18/06/2024,09:34:18,23581.15,23580.05,25,23582,25,650,12244650
NIFTY-I.NFO,18/06/2024,09:34:20,23579.7,23579.1,250,23580.7,250,200,12244650
NIFTY-I.NFO,18/06/2024,09:34:21,23580,23579.6,75,23580,6350,900,12244650
NIFTY-I.NFO,18/06/2024,09:34:23,23579,23578.45,75,23580,6050,325,12244650
NIFTY-I.NFO,18/06/2024,09:34:25,23580,23579,25,23580,7825,375,12244650
NIFTY-I.NFO,18/06/2024,09:34:26,23579.95,23579.9,25,23580,3875,4750,12244650
NIFTY-I.NFO,18/06/2024,09:34:28,23583,23580,75,23582,25,4625,12244650
NIFTY-I.NFO,18/06/2024,09:34:30,23580.5,23580.4,75,23583.75,50,975,12244650
NIFTY-I.NFO,18/06/2024,09:34:31,23583.9,23582,500,23583.95,25,275,12244650
NIFTY-I.NFO,18/06/2024,09:34:33,23582,23582,225,23582.35,25,1175,12244650
NIFTY-I.NFO,18/06/2024,09:34:35,23582.35,23582.35,25,23582.7,25,350,12244650
NIFTY-I.NFO,18/06/2024,09:34:36,23580.55,23580.55,25,23581.85,250,600,12244650
NIFTY-I.NFO,18/06/2024,09:34:38,23579.6,23578.45,75,23580,25,1000,12244650
NIFTY-I.NFO,18/06/2024,09:34:40,23578.1,23578.1,100,23580,75,1850,12244650
NIFTY-I.NFO,18/06/2024,09:34:41,23577.9,23577.35,125,23580.1,25,1300,12244650
NIFTY-I.NFO,18/06/2024,09:34:43,23577,23576,50,23577.6,25,250,12244650
NIFTY-I.NFO,18/06/2024,09:34:45,23574.1,23574.05,100,23575,250,400,12244650
NIFTY-I.NFO,18/06/2024,09:34:46,23575.3,23576,100,23576.5,25,325,12244650
NIFTY-I.NFO,18/06/2024,09:34:48,23577.95,23577.95,25,23578.1,2475,425,12244650
NIFTY-I.NFO,18/06/2024,09:34:50,23578.1,23577.95,125,23578.1,1575,1025,12244650
NIFTY-I.NFO,18/06/2024,09:34:51,23579,23578.4,25,23579,75,2175,12244650
NIFTY-I.NFO,18/06/2024,09:34:53,23578,23577.95,50,23579,75,725,12244650
NIFTY-I.NFO,18/06/2024,09:34:55,23577.15,23577.6,25,23578.1,50,575,12244650
NIFTY-I.NFO,18/06/2024,09:34:56,23577.1,23577.1,25,23578.1,50,100,12244650
NIFTY-I.NFO,18/06/2024,09:34:58,23577.1,23577.05,25,23578.45,100,300,12244650
NIFTY-I.NFO,18/06/2024,09:35:00,23581.95,23579.95,25,23582,650,2250,12244650
NIFTY-I.NFO,18/06/2024,09:35:01,23581.45,23580.55,75,23581.85,25,925,12244650
NIFTY-I.NFO,18/06/2024,09:35:03,23582,23580.6,100,23582,225,600,12244650
NIFTY-I.NFO,18/06/2024,09:35:05,23581.5,23581.5,100,23582,50,575,12244650
NIFTY-I.NFO,18/06/2024,09:35:06,23582.65,23581.5,100,23582,25,375,12244650
NIFTY-I.NFO,18/06/2024,09:35:08,23581.15,23581.15,75,23581.9,350,450,12244650
NIFTY-I.NFO,18/06/2024,09:35:10,23581.95,23581.95,225,23582,50,1800,12244650
NIFTY-I.NFO,18/06/2024,09:35:11,23581.35,23581.35,200,23582,50,475,12244650
NIFTY-I.NFO,18/06/2024,09:35:13,23580,23580,375,23581.5,25,700,12244650
NIFTY-I.NFO,18/06/2024,09:35:15,23581.25,23579,50,23581.25,50,1050,12244650
NIFTY-I.NFO,18/06/2024,09:35:16,23579.35,23579.35,50,23580.95,50,1075,12244650
NIFTY-I.NFO,18/06/2024,09:35:18,23579.75,23579.7,25,23580,25,325,12244650
NIFTY-I.NFO,18/06/2024,09:35:20,23579.7,23580,125,23581,350,525,12244650
NIFTY-I.NFO,18/06/2024,09:35:21,23581,23580,75,23581,275,275,12244650
NIFTY-I.NFO,18/06/2024,09:35:23,23579.8,23579.65,125,23580.1,25,425,12244650
NIFTY-I.NFO,18/06/2024,09:35:25,23578.95,23579,150,23579.55,25,450,12244650
NIFTY-I.NFO,18/06/2024,09:35:26,23580,23578.85,125,23580.25,25,575,12244650
NIFTY-I.NFO,18/06/2024,09:35:28,23579.3,23579.25,25,23579.75,25,75,12244650
NIFTY-I.NFO,18/06/2024,09:35:30,23578.8,23578.8,25,23579.75,25,75,12244650
NIFTY-I.NFO,18/06/2024,09:35:31,23578.8,23578.15,150,23579.65,250,200,12244650
NIFTY-I.NFO,18/06/2024,09:35:33,23579.65,23578.15,125,23580,2050,150,12244650
NIFTY-I.NFO,18/06/2024,09:35:35,23578.95,23577.25,100,23578.95,25,675,12244650
NIFTY-I.NFO,18/06/2024,09:35:36,23576.5,23576.5,50,23577.05,75,275,12244650
NIFTY-I.NFO,18/06/2024,09:35:38,23576.7,23575,2225,23577.55,25,850,12244650
NIFTY-I.NFO,18/06/2024,09:35:40,23575,23575,2150,23577.35,125,75,12244650
NIFTY-I.NFO,18/06/2024,09:35:41,23576.65,23575,2050,23576.65,75,225,12244650
NIFTY-I.NFO,18/06/2024,09:35:43,23575,23575,975,23577.25,75,2125,12244650
NIFTY-I.NFO,18/06/2024,09:35:45,23578.1,23575.05,25,23577.45,25,300,12244650
NIFTY-I.NFO,18/06/2024,09:35:46,23577.25,23577.3,125,23578.8,50,150,12244650
NIFTY-I.NFO,18/06/2024,09:35:48,23577.45,23578.15,25,23579,25,650,12244650
NIFTY-I.NFO,18/06/2024,09:35:50,23578.85,23578.8,25,23578.85,75,225,12244650
NIFTY-I.NFO,18/06/2024,09:35:51,23577.3,23577.25,125,23577.3,150,175,12244650
NIFTY-I.NFO,18/06/2024,09:35:53,23575.95,23575.75,25,23577.3,75,275,12244650
NIFTY-I.NFO,18/06/2024,09:35:55,23577.3,23576.65,50,23577.3,75,50,12244650
NIFTY-I.NFO,18/06/2024,09:35:56,23577.35,23577.3,1500,23577.35,525,200,12244650
NIFTY-I.NFO,18/06/2024,09:35:58,23577.3,23577.3,1025,23577.35,475,525,12244650
NIFTY-I.NFO,18/06/2024,09:36:00,23576.4,23575.05,500,23576.4,250,1125,12244650
NIFTY-I.NFO,18/06/2024,09:36:01,23575.8,23575,1475,23575.75,75,650,12244650
NIFTY-I.NFO,18/06/2024,09:36:03,23575.8,23576,500,23577,300,300,12244650
NIFTY-I.NFO,18/06/2024,09:36:05,23575,23575,450,23575.75,250,1600,12244650
NIFTY-I.NFO,18/06/2024,09:36:06,23575,23575,575,23575.3,25,125,12244650
NIFTY-I.NFO,18/06/2024,09:36:08,23575.3,23575,350,23575.5,25,275,12244650
NIFTY-I.NFO,18/06/2024,09:36:10,23577.35,23575.35,75,23576.65,25,1125,12244650
NIFTY-I.NFO,18/06/2024,09:36:11,23575,23574.75,25,23575,1325,800,12244650
NIFTY-I.NFO,18/06/2024,09:36:13,23575,23574.85,100,23575,1225,450,12244650
NIFTY-I.NFO,18/06/2024,09:36:15,23574.35,23573.6,125,23574.35,250,150,12244650
NIFTY-I.NFO,18/06/2024,09:36:16,23573.3,23573.25,125,23574.35,250,75,12244650
NIFTY-I.NFO,18/06/2024,09:36:18,23572.5,23572.5,75,23573.55,250,525,12244650
NIFTY-I.NFO,18/06/2024,09:36:20,23573.55,23574.05,25,23575,2675,575,12244650
NIFTY-I.NFO,18/06/2024,09:36:21,23574.6,23574.6,125,23575,2525,225,12244650
NIFTY-I.NFO,18/06/2024,09:36:23,23577,23576.55,150,23577.3,25,2850,12244650
NIFTY-I.NFO,18/06/2024,09:36:25,23577.35,23576.9,100,23577.35,650,275,12273825
NIFTY-I.NFO,18/06/2024,09:36:26,23577.35,23575,450,23577.35,325,825,12273825
NIFTY-I.NFO,18/06/2024,09:36:28,23576.55,23574.5,25,23577.1,1000,900,12273825
NIFTY-I.NFO,18/06/2024,09:36:30,23577.1,23575.45,50,23577.1,625,550,12273825
NIFTY-I.NFO,18/06/2024,09:36:31,23577.1,23576.7,50,23577.1,500,325,12273825
NIFTY-I.NFO,18/06/2024,09:36:33,23577.35,23577.1,2350,23577.35,250,925,12273825
NIFTY-I.NFO,18/06/2024,09:36:35,23577.35,23577.1,2225,23577.35,150,225,12273825
NIFTY-I.NFO,18/06/2024,09:36:36,23578,23578,50,23578.6,50,625,12273825
NIFTY-I.NFO,18/06/2024,09:36:38,23577.15,23574.75,150,23577.15,100,2225,12273825
NIFTY-I.NFO,18/06/2024,09:36:40,23576.6,23575,1575,23577.05,25,50,12273825
NIFTY-I.NFO,18/06/2024,09:36:41,23575,23575,1525,23576.2,250,175,12273825
NIFTY-I.NFO,18/06/2024,09:36:43,23575.6,23575,1525,23576.2,250,25,12273825
NIFTY-I.NFO,18/06/2024,09:36:45,23575,23575,1500,23576.2,250,25,12273825
NIFTY-I.NFO,18/06/2024,09:36:46,23575,23575.1,200,23576.2,250,125,12273825
NIFTY-I.NFO,18/06/2024,09:36:48,23576.4,23575.6,25,23576.4,250,275,12273825
NIFTY-I.NFO,18/06/2024,09:36:50,23576.4,23575.6,25,23576.95,250,25,12273825
NIFTY-I.NFO,18/06/2024,09:36:51,23575.65,23575.6,275,23575.8,150,200,12273825
NIFTY-I.NFO,18/06/2024,09:36:53,23575,23575,1250,23575.1,125,325,12273825
NIFTY-I.NFO,18/06/2024,09:36:55,23575,23574.95,75,23575,1400,3875,12273825
NIFTY-I.NFO,18/06/2024,09:36:56,23576.4,23576.45,25,23577.1,125,2025,12273825
NIFTY-I.NFO,18/06/2024,09:36:58,23577.1,23576.1,125,23577,150,125,12273825
NIFTY-I.NFO,18/06/2024,09:37:00,23575.95,23576.3,25,23576.9,150,200,12273825
NIFTY-I.NFO,18/06/2024,09:37:01,23577.15,23576.55,25,23577.15,625,700,12273825
NIFTY-I.NFO,18/06/2024,09:37:03,23575.65,23575.4,50,23577.3,250,850,12273825
NIFTY-I.NFO,18/06/2024,09:37:05,23575,23575,100,23576.4,325,50,12273825
NIFTY-I.NFO,18/06/2024,09:37:06,23575,23574.6,25,23575.4,250,100,12273825
NIFTY-I.NFO,18/06/2024,09:37:08,23575.4,23574.6,25,23575,25,150,12273825
NIFTY-I.NFO,18/06/2024,09:37:10,23575,23575,350,23575.6,250,75,12273825
NIFTY-I.NFO,18/06/2024,09:37:11,23575,23575,275,23575.9,25,1425,12273825
NIFTY-I.NFO,18/06/2024,09:37:13,23575,23575,225,23576.35,25,75,12273825
NIFTY-I.NFO,18/06/2024,09:37:15,23576.35,23575,150,23576.5,25,250,12273825
NIFTY-I.NFO,18/06/2024,09:37:16,23575.05,23575.85,50,23577,75,100,12273825
NIFTY-I.NFO,18/06/2024,09:37:18,23576,23575.95,50,23577,125,150,12273825
NIFTY-I.NFO,18/06/2024,09:37:20,23577,23575,150,23576.85,25,100,12273825
NIFTY-I.NFO,18/06/2024,09:37:21,23574.95,23574.95,175,23575.85,25,600,12273825
NIFTY-I.NFO,18/06/2024,09:37:23,23574.95,23573,25,23575.35,50,350,12273825
NIFTY-I.NFO,18/06/2024,09:37:25,23572.25,23571.95,400,23572.3,125,1150,12273825
NIFTY-I.NFO,18/06/2024,09:37:26,23571.95,23571.95,175,23572.85,25,400,12273825
NIFTY-I.NFO,18/06/2024,09:37:28,23572.85,23572.2,25,23574.55,25,75,12273825
NIFTY-I.NFO,18/06/2024,09:37:30,23574.1,23573.45,25,23574.1,25,400,12273825
NIFTY-I.NFO,18/06/2024,09:37:31,23573,23572.25,100,23573,950,100,12273825
NIFTY-I.NFO,18/06/2024,09:37:33,23573,23572.85,25,23573,800,275,12273825
NIFTY-I.NFO,18/06/2024,09:37:35,23573,23572.9,25,23573,250,750,12273825
NIFTY-I.NFO,18/06/2024,09:37:36,23574.9,23573.35,125,23574.95,25,425,12273825
NIFTY-I.NFO,18/06/2024,09:37:38,23575.75,23573.15,150,23575.85,25,700,12273825
NIFTY-I.NFO,18/06/2024,09:37:40,23573,23575,25,23575.55,25,575,12273825
NIFTY-I.NFO,18/06/2024,09:37:41,23571.65,23571.2,125,23574.15,25,300,12273825
NIFTY-I.NFO,18/06/2024,09:37:43,23571.35,23571.3,125,23572.05,100,300,12273825
NIFTY-I.NFO,18/06/2024,09:37:45,23571.15,23571.1,75,23572.05,100,75,12273825
NIFTY-I.NFO,18/06/2024,09:37:46,23572.25,23571.1,100,23573.3,100,375,12273825
NIFTY-I.NFO,18/06/2024,09:37:48,23575,23573.3,25,23573.6,25,550,12273825
NIFTY-I.NFO,18/06/2024,09:37:50,23572.35,23572.3,125,23573.25,25,100,12273825
NIFTY-I.NFO,18/06/2024,09:37:51,23572.4,23572.4,150,23573.25,25,25,12273825
NIFTY-I.NFO,18/06/2024,09:37:53,23575,23573,25,23573.35,25,350,12273825
NIFTY-I.NFO,18/06/2024,09:37:55,23572,23572.05,75,23574.3,25,150,12273825
NIFTY-I.NFO,18/06/2024,09:37:56,23572.2,23572.1,25,23572.75,50,25,12273825
NIFTY-I.NFO,18/06/2024,09:37:58,23572.15,23572.15,100,23574.2,25,1025,12273825
NIFTY-I.NFO,18/06/2024,09:38:00,23574.25,23574.55,25,23575,725,150,12273825
NIFTY-I.NFO,18/06/2024,09:38:01,23573.35,23573.2,25,23575,775,150,12273825
NIFTY-I.NFO,18/06/2024,09:38:03,23572.15,23572.15,25,23573.15,75,775,12273825
NIFTY-I.NFO,18/06/2024,09:38:05,23571.55,23571.15,25,23572.45,325,700,12273825
NIFTY-I.NFO,18/06/2024,09:38:06,23571.2,23571.2,25,23572.55,250,325,12273825
NIFTY-I.NFO,18/06/2024,09:38:08,23571.3,23571.3,25,23571.6,25,975,12273825
NIFTY-I.NFO,18/06/2024,09:38:10,23573,23571.35,125,23571.9,25,550,12273825
NIFTY-I.NFO,18/06/2024,09:38:11,23574,23571.4,125,23574,25,950,12273825
NIFTY-I.NFO,18/06/2024,09:38:13,23571.4,23571.4,25,23573.8,25,925,12273825
NIFTY-I.NFO,18/06/2024,09:38:15,23571.4,23570.1,25,23571.4,75,1025,12273825
NIFTY-I.NFO,18/06/2024,09:38:16,23572.9,23571.75,25,23572.9,25,125,12273825
NIFTY-I.NFO,18/06/2024,09:38:18,23575,23570.55,75,23571.75,150,525,12273825
NIFTY-I.NFO,18/06/2024,09:38:20,23571.7,23571.7,25,23572.9,25,175,12273825
NIFTY-I.NFO,18/06/2024,09:38:21,23573.85,23572,175,23575,775,225,12273825
NIFTY-I.NFO,18/06/2024,09:38:23,23574.25,23572.15,100,23572.4,25,325,12273825
NIFTY-I.NFO,18/06/2024,09:38:25,23571.1,23571.75,25,23572.15,25,200,12273825
NIFTY-I.NFO,18/06/2024,09:38:26,23571.8,23571.8,100,23572.15,25,575,12273825
NIFTY-I.NFO,18/06/2024,09:38:28,23571.85,23571.35,25,23574,100,425,12273825
NIFTY-I.NFO,18/06/2024,09:38:30,23571.4,23571,50,23572.6,75,375,12273825
NIFTY-I.NFO,18/06/2024,09:38:31,23571.6,23570.05,200,23571.6,50,425,12273825
NIFTY-I.NFO,18/06/2024,09:38:33,23570.1,23570,450,23572.1,50,800,12273825
NIFTY-I.NFO,18/06/2024,09:38:35,23570,23569,75,23570.9,50,850,12273825
NIFTY-I.NFO,18/06/2024,09:38:36,23567.75,23567,200,23567.7,100,750,12273825
NIFTY-I.NFO,18/06/2024,09:38:38,23567.5,23567.05,225,23568.3,250,700,12273825
NIFTY-I.NFO,18/06/2024,09:38:40,23567.65,23567.6,25,23569.4,250,6875,12273825
NIFTY-I.NFO,18/06/2024,09:38:41,23569.75,23570.05,50,23571.2,250,200,12273825
NIFTY-I.NFO,18/06/2024,09:38:43,23575,23572.1,225,23575,675,1325,12273825
NIFTY-I.NFO,18/06/2024,09:38:45,23575.3,23575.4,25,23576.9,200,1325,12273825
NIFTY-I.NFO,18/06/2024,09:38:46,23578.65,23575.45,25,23578.65,150,1250,12273825
NIFTY-I.NFO,18/06/2024,09:38:48,23578.7,23575.5,100,23578.8,25,500,12273825
NIFTY-I.NFO,18/06/2024,09:38:50,23575.6,23575.5,75,23578.65,50,50,12273825
NIFTY-I.NFO,18/06/2024,09:38:51,23574.1,23575.55,150,23577.9,100,550,12273825
NIFTY-I.NFO,18/06/2024,09:38:53,23578.7,23576.15,175,23577.45,250,525,12273825
NIFTY-I.NFO,18/06/2024,09:38:55,23576.15,23576.15,100,23577.4,250,125,12273825
NIFTY-I.NFO,18/06/2024,09:38:56,23578.5,23576.2,125,23578.3,100,425,12273825
NIFTY-I.NFO,18/06/2024,09:38:58,23576.25,23576.25,125,23577.25,75,250,12273825
NIFTY-I.NFO,18/06/2024,09:39:00,23577.15,23576.25,50,23577.2,150,1225,12273825
NIFTY-I.NFO,18/06/2024,09:39:01,23573.15,23573.45,25,23577.25,25,475,12273825
NIFTY-I.NFO,18/06/2024,09:39:03,23576.25,23573.5,125,23576.65,125,375,12273825
NIFTY-I.NFO,18/06/2024,09:39:05,23573.55,23573.5,75,23573.55,125,75,12273825
NIFTY-I.NFO,18/06/2024,09:39:06,23573.55,23573.55,25,23575,250,275,12273825
NIFTY-I.NFO,18/06/2024,09:39:08,23574.25,23573.6,125,23575,175,50,12273825
NIFTY-I.NFO,18/06/2024,09:39:10,23575,23573.6,25,23575,150,125,12273825
NIFTY-I.NFO,18/06/2024,09:39:11,23573.15,23572,25,23573.15,700,325,12273825
NIFTY-I.NFO,18/06/2024,09:39:13,23575.15,23575.5,25,23575.9,50,1200,12273825
NIFTY-I.NFO,18/06/2024,09:39:15,23573.55,23573.55,50,23574.8,250,100,12273825
NIFTY-I.NFO,18/06/2024,09:39:16,23576.55,23573.55,50,23576.55,25,200,12273825
NIFTY-I.NFO,18/06/2024,09:39:18,23572.4,23572.4,50,23573.55,150,525,12273825
NIFTY-I.NFO,18/06/2024,09:39:19,23575,23572.35,25,23575,50,250,12273825
NIFTY-I.NFO,18/06/2024,09:39:21,23573.55,23574,50,23575,100,75,12273825
NIFTY-I.NFO,18/06/2024,09:39:23,23574.05,23574.05,125,23575,50,225,12273825
NIFTY-I.NFO,18/06/2024,09:39:24,23575.7,23574.1,125,23575.6,25,675,12273825
NIFTY-I.NFO,18/06/2024,09:39:26,23575.7,23574.1,150,23576.25,25,525,12288400
NIFTY-I.NFO,18/06/2024,09:39:28,23574.15,23574.15,100,23575,475,325,12288400
NIFTY-I.NFO,18/06/2024,09:39:29,23574.15,23574.15,50,23575,475,75,12288400
NIFTY-I.NFO,18/06/2024,09:39:31,23574.15,23574.2,175,23575,475,25,12288400
NIFTY-I.NFO,18/06/2024,09:39:33,23575,23574.25,100,23575,225,475,12288400
NIFTY-I.NFO,18/06/2024,09:39:34,23574.3,23574.3,50,23575,125,400,12288400
NIFTY-I.NFO,18/06/2024,09:39:36,23574.35,23574.35,75,23575,125,1700,12288400
NIFTY-I.NFO,18/06/2024,09:39:38,23574.4,23574.4,100,23575,600,550,12288400
NIFTY-I.NFO,18/06/2024,09:39:39,23574.4,23574.4,25,23575,500,450,12288400
NIFTY-I.NFO,18/06/2024,09:39:41,23575,23574.4,25,23575,400,100,12288400
NIFTY-I.NFO,18/06/2024,09:39:43,23575.2,23574.4,25,23576,25,525,12288400
NIFTY-I.NFO,18/06/2024,09:39:44,23576,23574.4,125,23576.2,75,25,12288400
NIFTY-I.NFO,18/06/2024,09:39:46,23574.55,23574.8,75,23576.2,75,100,12288400
NIFTY-I.NFO,18/06/2024,09:39:48,23578,23576.15,100,23577,25,625,12288400
NIFTY-I.NFO,18/06/2024,09:39:49,23576.15,23575.7,50,23576.15,75,125,12288400
NIFTY-I.NFO,18/06/2024,09:39:51,23577.7,23576.45,75,23577.75,150,800,12288400
NIFTY-I.NFO,18/06/2024,09:39:53,23578,23576.9,75,23578,75,475,12288400
NIFTY-I.NFO,18/06/2024,09:39:54,23578,23576.35,125,23577.9,150,250,12288400
NIFTY-I.NFO,18/06/2024,09:39:56,23578,23577.85,75,23577.9,25,0,12288400
NIFTY-I.NFO,18/06/2024,09:39:58,23578.6,23577.05,25,23579,175,250,12288400
NIFTY-I.NFO,18/06/2024,09:39:59,23578.9,23578.5,25,23579,25,175,12288400
NIFTY-I.NFO,18/06/2024,09:40:01,23577,23576.4,125,23578.85,150,175,12288400
NIFTY-I.NFO,18/06/2024,09:40:03,23577.6,23576.4,125,23578,50,1375,12288400
NIFTY-I.NFO,18/06/2024,09:40:04,23577.9,23576.4,25,23577.85,50,125,12288400
NIFTY-I.NFO,18/06/2024,09:40:06,23576.45,23576.3,25,23576.45,25,100,12288400
NIFTY-I.NFO,18/06/2024,09:40:08,23576,23576,75,23577.75,25,75,12288400
NIFTY-I.NFO,18/06/2024,09:40:09,23577.9,23576.05,75,23577.9,50,200,12288400
NIFTY-I.NFO,18/06/2024,09:40:11,23576.3,23576.8,100,23577.8,250,25,12288400
NIFTY-I.NFO,18/06/2024,09:40:13,23578.5,23578.1,100,23580,1725,1300,12288400
NIFTY-I.NFO,18/06/2024,09:40:14,23578.05,23578,100,23580,1750,325,12288400
NIFTY-I.NFO,18/06/2024,09:40:16,23580,23578.4,250,23580,1650,100,12288400
NIFTY-I.NFO,18/06/2024,09:40:18,23578.35,23578.35,150,23580,1000,1400,12288400
NIFTY-I.NFO,18/06/2024,09:40:19,23580.35,23579.35,100,23580.85,25,1025,12288400
NIFTY-I.NFO,18/06/2024,09:40:21,23578.45,23577.75,25,23578.65,25,625,12288400
NIFTY-I.NFO,18/06/2024,09:40:23,23580,23580,400,23580.45,150,100,12288400
NIFTY-I.NFO,18/06/2024,09:40:24,23580,23578.35,100,23579.7,25,425,12288400
NIFTY-I.NFO,18/06/2024,09:40:26,23579.1,23578.35,75,23579.4,200,225,12288400
NIFTY-I.NFO,18/06/2024,09:40:28,23579.1,23578.35,100,23579.55,25,0,12288400
NIFTY-I.NFO,18/06/2024,09:40:29,23578.35,23578.1,100,23579.55,100,225,12288400
NIFTY-I.NFO,18/06/2024,09:40:31,23581.25,23578.1,125,23581.3,75,1300,12288400
NIFTY-I.NFO,18/06/2024,09:40:33,23578.35,23577.65,75,23578.35,125,325,12288400
NIFTY-I.NFO,18/06/2024,09:40:34,23580.4,23577,175,23580.4,50,175,12288400
NIFTY-I.NFO,18/06/2024,09:40:36,23580.4,23578.65,125,23580.35,50,0,12288400
NIFTY-I.NFO,18/06/2024,09:40:38,23578.2,23578.45,25,23580.6,150,350,12288400
NIFTY-I.NFO,18/06/2024,09:40:39,23578.7,23578.65,50,23580.65,150,150,12288400
NIFTY-I.NFO,18/06/2024,09:40:41,23580,23580,775,23580.65,150,50,12288400
NIFTY-I.NFO,18/06/2024,09:40:42,23580.65,23580,625,23580.75,150,175,12288400
NIFTY-I.NFO,18/06/2024,09:40:44,23579.15,23578.7,25,23579.15,250,650,12288400
NIFTY-I.NFO,18/06/2024,09:40:46,23579.95,23575.8,100,23577.05,25,775,12288400
NIFTY-I.NFO,18/06/2024,09:40:47,23577.25,23578.35,25,23579.7,75,175,12288400
NIFTY-I.NFO,18/06/2024,09:40:49,23576.95,23577.05,175,23578.2,250,300,12288400
NIFTY-I.NFO,18/06/2024,09:40:51,23576.3,23575,150,23576.6,25,775,12288400
NIFTY-I.NFO,18/06/2024,09:40:52,23573.25,23573.05,125,23576.15,50,300,12288400
NIFTY-I.NFO,18/06/2024,09:40:54,23573.05,23573.1,25,23573.85,25,50,12288400
NIFTY-I.NFO,18/06/2024,09:40:56,23576.8,23573.15,25,23576.65,50,150,12288400
NIFTY-I.NFO,18/06/2024,09:40:57,23575.35,23576.65,25,23578.35,25,125,12288400
NIFTY-I.NFO,18/06/2024,09:40:59,23576.65,23576.3,75,23578.35,50,25,12288400
NIFTY-I.NFO,18/06/2024,09:41:01,23577,23575,50,23575.5,150,100,12288400
NIFTY-I.NFO,18/06/2024,09:41:02,23574.2,23574.1,75,23575,250,125,12288400
NIFTY-I.NFO,18/06/2024,09:41:04,23575,23574.3,25,23575,250,50,12288400
NIFTY-I.NFO,18/06/2024,09:41:06,23574.1,23574,25,23574.95,250,175,12288400
NIFTY-I.NFO,18/06/2024,09:41:07,23572.45,23571.15,25,23572.15,250,625,12288400
NIFTY-I.NFO,18/06/2024,09:41:09,23570.6,23571.05,75,23571.5,250,150,12288400
NIFTY-I.NFO,18/06/2024,09:41:11,23571.25,23570.6,100,23572.05,25,575,12288400
NIFTY-I.NFO,18/06/2024,09:41:12,23572.05,23571,75,23572,50,50,12288400
NIFTY-I.NFO,18/06/2024,09:41:14,23570.9,23570.7,125,23573.55,100,2625,12288400
NIFTY-I.NFO,18/06/2024,09:41:15,23571.55,23571.35,25,23573.4,100,350,12288400
NIFTY-I.NFO,18/06/2024,09:41:17,23572,23571.65,50,23572.05,25,150,12288400
NIFTY-I.NFO,18/06/2024,09:41:19,23572.05,23571.85,75,23572.45,25,25,12288400
NIFTY-I.NFO,18/06/2024,09:41:20,23571.25,23571.6,25,23572.45,25,1000,12288400
NIFTY-I.NFO,18/06/2024,09:41:22,23572.45,23571.35,100,23573,525,150,12288400
NIFTY-I.NFO,18/06/2024,09:41:24,23573,23572.55,50,23574.1,900,100,12288400
NIFTY-I.NFO,18/06/2024,09:41:25,23570.75,23570.7,200,23572.45,25,325,12288400
NIFTY-I.NFO,18/06/2024,09:41:27,23572,23570.8,100,23572.45,25,75,12288400
NIFTY-I.NFO,18/06/2024,09:41:29,23570.5,23571.25,75,23572.45,25,200,12288400
NIFTY-I.NFO,18/06/2024,09:41:30,23569.55,23569.15,50,23570,400,775,12288400
NIFTY-I.NFO,18/06/2024,09:41:32,23569.3,23569.3,125,23570,325,275,12288400
NIFTY-I.NFO,18/06/2024,09:41:34,23570.5,23570,225,23570.75,25,375,12288400
NIFTY-I.NFO,18/06/2024,09:41:35,23571,23570.6,25,23572,75,450,12288400
NIFTY-I.NFO,18/06/2024,09:41:37,23571.2,23571.25,25,23572.2,900,600,12288400
NIFTY-I.NFO,18/06/2024,09:41:39,23571.45,23571.45,325,23572.2,900,1050,12288400
NIFTY-I.NFO,18/06/2024,09:41:40,23572,23571.3,25,23572.2,600,450,12288400
NIFTY-I.NFO,18/06/2024,09:41:42,23571.8,23571.75,50,23572.2,600,125,12288400
NIFTY-I.NFO,18/06/2024,09:41:44,23572.55,23572.55,25,23573,50,1000,12288400
NIFTY-I.NFO,18/06/2024,09:41:45,23573,23573,100,23574.6,150,50,12288400
NIFTY-I.NFO,18/06/2024,09:41:47,23574.45,23573,100,23574.55,100,175,12288400
NIFTY-I.NFO,18/06/2024,09:41:49,23574.1,23573,125,23574.1,100,75,12288400
NIFTY-I.NFO,18/06/2024,09:41:50,23574.25,23571,150,23573,25,200,12288400
NIFTY-I.NFO,18/06/2024,09:41:52,23573,23574.1,400,23575,225,350,12288400
NIFTY-I.NFO,18/06/2024,09:41:54,23575.5,23575.1,25,23575.5,100,375,12288400
NIFTY-I.NFO,18/06/2024,09:41:55,23576,23575.85,25,23576,25,250,12288400
NIFTY-I.NFO,18/06/2024,09:41:57,23576,23574.1,400,23575,25,275,12288400
NIFTY-I.NFO,18/06/2024,09:41:59,23574.1,23574.1,300,23575.25,50,100,12288400
NIFTY-I.NFO,18/06/2024,09:42:00,23574.6,23574,75,23574.6,25,475,12288400
NIFTY-I.NFO,18/06/2024,09:42:02,23574.9,23574,100,23574.8,50,100,12288400
NIFTY-I.NFO,18/06/2024,09:42:04,23571,23571,175,23574,450,275,12288400
NIFTY-I.NFO,18/06/2024,09:42:05,23572.25,23572.15,125,23574,375,225,12288400
NIFTY-I.NFO,18/06/2024,09:42:07,23574,23572.25,200,23574,300,75,12288400
NIFTY-I.NFO,18/06/2024,09:42:09,23576.15,23576.15,125,23578,75,1475,12288400
NIFTY-I.NFO,18/06/2024,09:42:10,23576.5,23575.45,25,23577.75,75,150,12288400
NIFTY-I.NFO,18/06/2024,09:42:12,23574,23572.85,25,23576.15,50,875,12288400
NIFTY-I.NFO,18/06/2024,09:42:14,23578.25,23574,125,23578.3,25,2225,12288400
NIFTY-I.NFO,18/06/2024,09:42:15,23573.85,23573.9,50,23577.25,25,100,12288400
NIFTY-I.NFO,18/06/2024,09:42:17,23577.95,23576.5,25,23578,175,25,12288400
NIFTY-I.NFO,18/06/2024,09:42:19,23577.95,23576.5,25,23577.05,100,0,12288400
NIFTY-I.NFO,18/06/2024,09:42:20,23576.5,23574.85,25,23577,25,200,12288400
NIFTY-I.NFO,18/06/2024,09:42:22,23577.05,23575.35,175,23577.05,25,125,12288400
NIFTY-I.NFO,18/06/2024,09:42:24,23575.75,23575.2,225,23577.05,25,300,12288400
NIFTY-I.NFO,18/06/2024,09:42:25,23577.55,23577.55,25,23578.75,150,325,12288400
NIFTY-I.NFO,18/06/2024,09:42:27,23578.95,23578.9,25,23579,25,75,12301475
NIFTY-I.NFO,18/06/2024,09:42:29,23579.1,23579,50,23579.95,25,800,12301475
NIFTY-I.NFO,18/06/2024,09:42:30,23578.25,23578.2,75,23579.55,150,150,12301475
NIFTY-I.NFO,18/06/2024,09:42:32,23580.9,23580.75,25,23582,525,1575,12301475
NIFTY-I.NFO,18/06/2024,09:42:34,23580.5,23580.5,75,23581.7,150,200,12301475
NIFTY-I.NFO,18/06/2024,09:42:35,23580,23580,725,23581.85,150,275,12301475
NIFTY-I.NFO,18/06/2024,09:42:37,23580.5,23580,600,23582,350,300,12301475
NIFTY-I.NFO,18/06/2024,09:42:39,23580.1,23577.95,50,23580.1,25,800,12301475
NIFTY-I.NFO,18/06/2024,09:42:40,23577.95,23578,25,23581.25,25,25,12301475
NIFTY-I.NFO,18/06/2024,09:42:42,23577.95,23579.05,25,23580,100,0,12301475
NIFTY-I.NFO,18/06/2024,09:42:44,23579.05,23577.95,75,23579.5,25,75,12301475
NIFTY-I.NFO,18/06/2024,09:42:45,23580,23577.9,250,23580,50,325,12301475
NIFTY-I.NFO,18/06/2024,09:42:47,23580,23579.05,50,23580,25,25,12301475
NIFTY-I.NFO,18/06/2024,09:42:49,23578.35,23578.8,75,23580,25,225,12301475
NIFTY-I.NFO,18/06/2024,09:42:50,23578.8,23578.75,75,23580.25,75,175,12301475
NIFTY-I.NFO,18/06/2024,09:42:52,23579.8,23579.15,25,23580.25,75,575,12301475
NIFTY-I.NFO,18/06/2024,09:42:54,23579.85,23579.75,225,23582,250,275,12301475
NIFTY-I.NFO,18/06/2024,09:42:55,23580,23580.2,75,23582,250,125,12301475
NIFTY-I.NFO,18/06/2024,09:42:57,23580.25,23580.15,25,23581.55,150,75,12301475
NIFTY-I.NFO,18/06/2024,09:42:59,23582.95,23578.9,25,23582.85,25,1425,12301475
NIFTY-I.NFO,18/06/2024,09:43:00,23580,23578.1,25,23580,25,150,12301475
NIFTY-I.NFO,18/06/2024,09:43:02,23579.8,23579.8,50,23580,25,100,12301475
NIFTY-I.NFO,18/06/2024,09:43:04,23580,23580,500,23580.25,100,25,12301475
NIFTY-I.NFO,18/06/2024,09:43:05,23584,23580,225,23582,25,2050,12301475
NIFTY-I.NFO,18/06/2024,09:43:07,23579.55,23580.05,25,23582,600,275,12301475
NIFTY-I.NFO,18/06/2024,09:43:09,23582,23580,25,23582,700,50,12301475
NIFTY-I.NFO,18/06/2024,09:43:10,23580.15,23580.2,25,23581.95,150,275,12301475
NIFTY-I.NFO,18/06/2024,09:43:12,23579.8,23580,775,23581.25,150,100,12301475
NIFTY-I.NFO,18/06/2024,09:43:14,23580,23580,25,23581.25,25,1150,12301475
NIFTY-I.NFO,18/06/2024,09:43:15,23581.7,23580,125,23581.75,150,1200,12301475
NIFTY-I.NFO,18/06/2024,09:43:17,23580,23579.1,125,23580,200,50,12301475
NIFTY-I.NFO,18/06/2024,09:43:19,23581.75,23579.65,75,23581.85,150,250,12301475
NIFTY-I.NFO,18/06/2024,09:43:20,23581.95,23580.95,25,23582,275,100,12301475
NIFTY-I.NFO,18/06/2024,09:43:22,23582,23579.85,175,23582,175,525,12301475
NIFTY-I.NFO,18/06/2024,09:43:24,23582,23579.9,125,23580,25,150,12301475
NIFTY-I.NFO,18/06/2024,09:43:25,23580,23581.45,25,23581.95,250,75,12301475
NIFTY-I.NFO,18/06/2024,09:43:27,23580,23581.65,50,23581.95,250,0,12301475
NIFTY-I.NFO,18/06/2024,09:43:29,23580,23580,250,23581.65,25,375,12301475
NIFTY-I.NFO,18/06/2024,09:43:30,23581.45,23580,125,23581.45,650,175,12301475
NIFTY-I.NFO,18/06/2024,09:43:32,23580,23580,125,23581.45,675,25,12301475
NIFTY-I.NFO,18/06/2024,09:43:34,23581.45,23581.2,25,23581.4,150,150,12301475
NIFTY-I.NFO,18/06/2024,09:43:35,23581.3,23580,50,23581.35,125,100,12301475
NIFTY-I.NFO,18/06/2024,09:43:37,23580.65,23581.3,75,23581.45,500,125,12301475
NIFTY-I.NFO,18/06/2024,09:43:39,23581.45,23581.35,75,23581.45,375,125,12301475
NIFTY-I.NFO,18/06/2024,09:43:40,23581.5,23581.45,175,23582,25,775,12301475
NIFTY-I.NFO,18/06/2024,09:43:42,23581.45,23582,25,23582.2,25,325,12301475
NIFTY-I.NFO,18/06/2024,09:43:44,23582,23582,100,23583.8,50,1075,12301475
NIFTY-I.NFO,18/06/2024,09:43:45,23581.3,23581.3,50,23583.85,25,175,12301475
NIFTY-I.NFO,18/06/2024,09:43:47,23582,23582,275,23582.8,25,250,12301475
NIFTY-I.NFO,18/06/2024,09:43:49,23582,23582,200,23582.8,25,75,12301475
NIFTY-I.NFO,18/06/2024,09:43:50,23582.15,23582.25,25,23583.85,25,200,12301475
NIFTY-I.NFO,18/06/2024,09:43:52,23582.1,23582,325,23583.85,25,650,12301475
NIFTY-I.NFO,18/06/2024,09:43:54,23583.9,23582,125,23583.9,25,125,12301475
NIFTY-I.NFO,18/06/2024,09:43:55,23582.75,23582,100,23582.1,25,125,12301475
NIFTY-I.NFO,18/06/2024,09:43:57,23582,23582.75,25,23584,625,125,12301475
NIFTY-I.NFO,18/06/2024,09:43:59,23584,23582.05,50,23584,600,75,12301475
NIFTY-I.NFO,18/06/2024,09:44:00,23584.5,23584.4,25,23584.5,1200,875,12301475
NIFTY-I.NFO,18/06/2024,09:44:02,23584.5,23582.5,50,23584.5,950,400,12301475
NIFTY-I.NFO,18/06/2024,09:44:04,23582.75,23582.75,150,23584.15,150,925,12301475
NIFTY-I.NFO,18/06/2024,09:44:05,23584.4,23582.2,50,23584.5,900,500,12301475
NIFTY-I.NFO,18/06/2024,09:44:07,23582.1,23582,75,23584.5,1050,25,12301475
NIFTY-I.NFO,18/06/2024,09:44:09,23584.5,23582.5,1000,23584.5,925,175,12301475
NIFTY-I.NFO,18/06/2024,09:44:10,23583.75,23581.05,800,23583.75,50,2175,12301475
NIFTY-I.NFO,18/06/2024,09:44:12,23581.35,23581.45,25,23583.75,50,75,12301475
NIFTY-I.NFO,18/06/2024,09:44:14,23581.05,23581.75,25,23582.6,25,150,12301475
NIFTY-I.NFO,18/06/2024,09:44:15,23582.25,23582.2,100,23584.5,550,550,12301475
NIFTY-I.NFO,18/06/2024,09:44:17,23582.1,23582.6,75,23584.5,675,3675,12301475
NIFTY-I.NFO,18/06/2024,09:44:19,23585,23584.65,25,23585,4550,2025,12301475
NIFTY-I.NFO,18/06/2024,09:44:20,23585,23583.5,50,23585,4675,175,12301475
NIFTY-I.NFO,18/06/2024,09:44:22,23585,23583.6,150,23584,25,25,12301475
NIFTY-I.NFO,18/06/2024,09:44:24,23585,23584.9,25,23585,4375,2450,12301475
NIFTY-I.NFO,18/06/2024,09:44:25,23584.5,23584.5,25,23584.9,300,150,12301475
NIFTY-I.NFO,18/06/2024,09:44:27,23583.15,23583.35,25,23583.8,25,2000,12301475
NIFTY-I.NFO,18/06/2024,09:44:29,23585,23583.85,25,23585,1775,1075,12301475
NIFTY-I.NFO,18/06/2024,09:44:30,23583.8,23583.8,325,23584.9,50,1150,12301475
NIFTY-I.NFO,18/06/2024,09:44:32,23583.95,23584,75,23584.9,25,50,12301475
NIFTY-I.NFO,18/06/2024,09:44:34,23583.55,23583.55,25,23584.9,50,100,12301475
NIFTY-I.NFO,18/06/2024,09:44:35,23585,23583.3,125,23585,1375,350,12301475
NIFTY-I.NFO,18/06/2024,09:44:37,23585,23583.3,75,23583.45,25,325,12301475
NIFTY-I.NFO,18/06/2024,09:44:39,23584.9,23584.9,475,23585,850,1150,12301475
NIFTY-I.NFO,18/06/2024,09:44:40,23585,23584.95,50,23585,725,175,12301475
NIFTY-I.NFO,18/06/2024,09:44:42,23583.25,23583.2,25,23584.9,25,550,12301475
NIFTY-I.NFO,18/06/2024,09:44:43,23583.8,23583.4,25,23584.9,25,150,12301475
NIFTY-I.NFO,18/06/2024,09:44:45,23583.35,23583.65,25,23585,400,600,12301475
NIFTY-I.NFO,18/06/2024,09:44:47,23585,23584.95,50,23585,50,550,12301475
NIFTY-I.NFO,18/06/2024,09:44:48,23583.65,23583.65,75,23585,200,75,12301475
NIFTY-I.NFO,18/06/2024,09:44:50,23583.8,23582.95,25,23583.8,200,175,12301475
NIFTY-I.NFO,18/06/2024,09:44:52,23585,23582.75,50,23585,200,425,12301475
NIFTY-I.NFO,18/06/2024,09:44:53,23585,23582.7,50,23585,150,50,12301475
NIFTY-I.NFO,18/06/2024,09:44:55,23585,23583,25,23585.1,25,325,12301475
NIFTY-I.NFO,18/06/2024,09:44:57,23584.35,23582.2,25,23584.4,25,475,12301475
NIFTY-I.NFO,18/06/2024,09:44:59,23583,23583,25,23585,150,225,12301475
NIFTY-I.NFO,18/06/2024,09:45:00,23582.9,23582.85,50,23585,175,75,12301475
NIFTY-I.NFO,18/06/2024,09:45:02,23583,23582.85,25,23583.4,25,225,12301475
NIFTY-I.NFO,18/06/2024,09:45:04,23582,23582,75,23583.8,25,200,12301475
NIFTY-I.NFO,18/06/2024,09:45:05,23582,23582.95,50,23585,225,575,12301475
NIFTY-I.NFO,18/06/2024,09:45:07,23583.65,23583.65,50,23585,75,500,12301475
NIFTY-I.NFO,18/06/2024,09:45:09,23584.85,23584.8,25,23585,50,1150,12301475
NIFTY-I.NFO,18/06/2024,09:45:10,23584.55,23584.55,25,23585,1550,500,12301475
NIFTY-I.NFO,18/06/2024,09:45:12,23585,23584.8,25,23585,1300,525,12301475
NIFTY-I.NFO,18/06/2024,09:45:14,23584.6,23584.6,25,23585,1700,1000,12301475
NIFTY-I.NFO,18/06/2024,09:45:15,23586,23585.7,25,23586,25,1850,12301475
NIFTY-I.NFO,18/06/2024,09:45:17,23587,23585.3,50,23587.9,25,1175,12301475
NIFTY-I.NFO,18/06/2024,09:45:19,23585.95,23585.75,100,23585.95,25,925,12301475
NIFTY-I.NFO,18/06/2024,09:45:20,23586,23586.1,25,23586.45,25,1125,12301475
NIFTY-I.NFO,18/06/2024,09:45:22,23586.45,23586.85,150,23588,250,200,12301475
NIFTY-I.NFO,18/06/2024,09:45:23,23588.95,23588.9,50,23588.95,25,600,12301475
NIFTY-I.NFO,18/06/2024,09:45:25,23588.95,23588.95,50,23589.1,125,700,12301475
NIFTY-I.NFO,18/06/2024,09:45:25,23589.1,23588.95,50,23589.1,125,0,12301475
NIFTY-I.NFO,18/06/2024,09:45:27,23590.3,23590.3,100,23592.7,150,8650,12329325
NIFTY-I.NFO,18/06/2024,09:45:27,23594,23590.3,100,23592.7,150,0,12329325
NIFTY-I.NFO,18/06/2024,09:45:28,23589.95,23589.95,25,23593.6,50,1000,12329325
NIFTY-I.NFO,18/06/2024,09:45:30,23590.25,23590.25,25,23593.05,150,1650,12329325
NIFTY-I.NFO,18/06/2024,09:45:32,23594,23590.15,50,23591,50,1100,12329325
NIFTY-I.NFO,18/06/2024,09:45:33,23593.6,23589.6,100,23593.55,50,5575,12329325
NIFTY-I.NFO,18/06/2024,09:45:35,23589.7,23589.55,25,23590,25,250,12329325
NIFTY-I.NFO,18/06/2024,09:45:37,23593.05,23590,75,23593.05,25,500,12329325
NIFTY-I.NFO,18/06/2024,09:45:38,23592.65,23592.65,325,23592.9,25,5050,12329325
NIFTY-I.NFO,18/06/2024,09:45:38,23594.4,23592.65,325,23592.9,25,0,12329325
NIFTY-I.NFO,18/06/2024,09:45:40,23591,23590.15,250,23590.65,25,1025,12329325
NIFTY-I.NFO,18/06/2024,09:45:42,23590.45,23590.65,100,23592,100,525,12329325
NIFTY-I.NFO,18/06/2024,09:45:43,23594.05,23594.05,25,23594.45,150,1500,12329325
NIFTY-I.NFO,18/06/2024,09:45:43,23595,23594.05,25,23594.45,150,0,12329325
NIFTY-I.NFO,18/06/2024,09:45:45,23592.1,23592,25,23593,25,250,12329325
NIFTY-I.NFO,18/06/2024,09:45:47,23591.6,23591.7,100,23593.2,25,975,12329325
NIFTY-I.NFO,18/06/2024,09:45:48,23593,23593.2,5000,23594.7,25,625,12329325
NIFTY-I.NFO,18/06/2024,09:45:50,23594.4,23593.3,100,23594.5,150,175,12329325
NIFTY-I.NFO,18/06/2024,09:45:52,23593.4,23593.65,100,23595,1150,825,12329325
NIFTY-I.NFO,18/06/2024,09:45:53,23593.8,23594.55,100,23595,1075,275,12329325
NIFTY-I.NFO,18/06/2024,09:45:55,23595.2,23595.15,25,23597.95,100,4950,12329325
NIFTY-I.NFO,18/06/2024,09:45:55,23598,23595.15,25,23597.95,100,0,12329325
NIFTY-I.NFO,18/06/2024,09:45:57,23593.55,23593.5,25,23595,325,775,12329325
NIFTY-I.NFO,18/06/2024,09:45:58,23595,23595,4825,23595.75,25,525,12329325
NIFTY-I.NFO,18/06/2024,09:46:00,23595.05,23595.05,100,23595.2,25,450,12329325
NIFTY-I.NFO,18/06/2024,09:46:02,23597.9,23595.2,125,23597.9,100,700,12329325
NIFTY-I.NFO,18/06/2024,09:46:03,23595.95,23595.95,2425,23596.7,150,250,12329325
NIFTY-I.NFO,18/06/2024,09:46:05,23596.5,23595.95,1975,23596.95,25,1300,12329325
NIFTY-I.NFO,18/06/2024,09:46:07,23596.95,23596.65,25,23596.95,125,475,12329325
NIFTY-I.NFO,18/06/2024,09:46:08,23595.95,23595.95,1775,23596,25,75,12329325
NIFTY-I.NFO,18/06/2024,09:46:10,23597.85,23596,2425,23597.9,25,850,12329325
NIFTY-I.NFO,18/06/2024,09:46:11,23597.8,23596,2925,23597.8,50,150,12329325
NIFTY-I.NFO,18/06/2024,09:46:13,23596.65,23596,2825,23597.1,100,700,12329325
NIFTY-I.NFO,18/06/2024,09:46:15,23595,23594.7,50,23596.2,100,5000,12329325
NIFTY-I.NFO,18/06/2024,09:46:16,23597.35,23594.7,50,23595.95,100,1325,12329325
NIFTY-I.NFO,18/06/2024,09:46:18,23595.95,23594.7,50,23595.15,25,1075,12329325
NIFTY-I.NFO,18/06/2024,09:46:20,23593.35,23593.25,25,23595,150,1050,12329325
NIFTY-I.NFO,18/06/2024,09:46:21,23595,23595,1725,23595.8,75,1000,12329325
NIFTY-I.NFO,18/06/2024,09:46:23,23595,23595,1500,23595.85,50,275,12329325
NIFTY-I.NFO,18/06/2024,09:46:25,23595,23595,1150,23595.7,25,375,12329325
NIFTY-I.NFO,18/06/2024,09:46:26,23595,23595,1000,23595.95,50,150,12329325
NIFTY-I.NFO,18/06/2024,09:46:28,23595,23595,125,23595.65,100,1025,12329325
NIFTY-I.NFO,18/06/2024,09:46:30,23595.9,23595.65,100,23596,75,500,12329325
NIFTY-I.NFO,18/06/2024,09:46:31,23595,23594.45,25,23595,150,400,12329325
NIFTY-I.NFO,18/06/2024,09:46:33,23595,23594.95,3025,23595.95,25,1200,12329325
NIFTY-I.NFO,18/06/2024,09:46:35,23596,23595.95,75,23596,25,275,12329325
NIFTY-I.NFO,18/06/2024,09:46:36,23595.95,23595.7,225,23595.95,25,925,12329325
NIFTY-I.NFO,18/06/2024,09:46:38,23595.7,23595.7,25,23596,100,250,12329325
NIFTY-I.NFO,18/06/2024,09:46:39,23595.7,23595,125,23595.95,50,175,12329325
NIFTY-I.NFO,18/06/2024,09:46:41,23595,23595,100,23595.9,50,25,12329325
NIFTY-I.NFO,18/06/2024,09:46:43,23594.95,23594.95,2825,23595.9,75,225,12329325
NIFTY-I.NFO,18/06/2024,09:46:44,23594.95,23594.95,2800,23595.9,75,25,12329325
NIFTY-I.NFO,18/06/2024,09:46:46,23592.55,23592.55,25,23593.1,150,3250,12329325
NIFTY-I.NFO,18/06/2024,09:46:48,23590,23590,1175,23591.3,150,625,12329325
NIFTY-I.NFO,18/06/2024,09:46:49,23590,23590,725,23591.25,150,75,12329325
NIFTY-I.NFO,18/06/2024,09:46:51,23590,23590,700,23590.65,125,75,12329325
NIFTY-I.NFO,18/06/2024,09:46:53,23590.7,23590,425,23590.7,75,325,12329325
NIFTY-I.NFO,18/06/2024,09:46:54,23590.3,23590,400,23590.45,100,100,12329325
NIFTY-I.NFO,18/06/2024,09:46:56,23589.5,23589.5,50,23590,75,500,12329325
NIFTY-I.NFO,18/06/2024,09:46:58,23590,23589.5,75,23590,125,150,12329325
NIFTY-I.NFO,18/06/2024,09:46:59,23590,23589.5,50,23590,125,125,12329325
NIFTY-I.NFO,18/06/2024,09:47:01,23590,23589.5,75,23589.75,100,25,12329325
NIFTY-I.NFO,18/06/2024,09:47:02,23589.3,23589.2,25,23589.35,25,250,12329325
NIFTY-I.NFO,18/06/2024,09:47:04,23588.9,23588.85,25,23589.5,25,100,12329325
NIFTY-I.NFO,18/06/2024,09:47:06,23592,23592,16725,23592.1,150,1400,12329325
NIFTY-I.NFO,18/06/2024,09:47:07,23592.05,23592,16700,23592.05,100,500,12329325
NIFTY-I.NFO,18/06/2024,09:47:09,23592.05,23592,16650,23592.05,100,100,12329325
NIFTY-I.NFO,18/06/2024,09:47:11,23592,23592,8750,23592.05,100,7900,12329325
NIFTY-I.NFO,18/06/2024,09:47:12,23589.3,23589.3,225,23590.9,25,8900,12329325
NIFTY-I.NFO,18/06/2024,09:47:14,23588,23588,675,23590.05,25,400,12329325
NIFTY-I.NFO,18/06/2024,09:47:16,23589.95,23588.05,25,23588.55,25,25,12329325
NIFTY-I.NFO,18/06/2024,09:47:17,23588.6,23588.5,125,23589.9,75,750,12329325
NIFTY-I.NFO,18/06/2024,09:47:19,23588.4,23588.1,25,23589.95,25,150,12329325
NIFTY-I.NFO,18/06/2024,09:47:21,23588.6,23588,700,23589.55,100,150,12329325
NIFTY-I.NFO,18/06/2024,09:47:22,23588,23587.1,50,23589.55,25,725,12329325
NIFTY-I.NFO,18/06/2024,09:47:24,23586.5,23586.5,25,23588.1,25,100,12329325
NIFTY-I.NFO,18/06/2024,09:47:25,23586.05,23586.05,125,23590.05,100,2425,12329325
NIFTY-I.NFO,18/06/2024,09:47:27,23589.85,23586.7,175,23589.9,25,300,12329325
NIFTY-I.NFO,18/06/2024,09:47:29,23587.2,23587.5,50,23588.2,150,75,12329325
NIFTY-I.NFO,18/06/2024,09:47:30,23586.75,23586.8,75,23588.1,25,250,12329325
NIFTY-I.NFO,18/06/2024,09:47:32,23586.8,23587.1,175,23588.15,50,3025,12329325
NIFTY-I.NFO,18/06/2024,09:47:34,23588.1,23588.3,25,23590,25,500,12329325
NIFTY-I.NFO,18/06/2024,09:47:35,23591.55,23590.1,50,23591.6,100,150,12329325
NIFTY-I.NFO,18/06/2024,09:47:37,23590,23590,125,23592,425,1675,12329325
NIFTY-I.NFO,18/06/2024,09:47:39,23592,23590.6,100,23592,350,300,12329325
NIFTY-I.NFO,18/06/2024,09:47:40,23593.55,23593.55,75,23596.95,200,2700,12329325
NIFTY-I.NFO,18/06/2024,09:47:42,23592,23590.8,175,23592,25,125,12329325
NIFTY-I.NFO,18/06/2024,09:47:44,23592.7,23592.55,175,23594.3,150,525,12329325
NIFTY-I.NFO,18/06/2024,09:47:45,23594.4,23592.2,50,23594.5,175,125,12329325
NIFTY-I.NFO,18/06/2024,09:47:47,23594.3,23592.55,25,23594.5,25,275,12329325
NIFTY-I.NFO,18/06/2024,09:47:49,23594.5,23594.65,175,23595,275,125,12329325
NIFTY-I.NFO,18/06/2024,09:47:50,23593.8,23593.7,25,23595.2,25,425,12329325
NIFTY-I.NFO,18/06/2024,09:47:52,23593.3,23593.15,75,23594.55,150,125,12329325
NIFTY-I.NFO,18/06/2024,09:47:54,23596.1,23595.1,350,23596,25,150,12329325
NIFTY-I.NFO,18/06/2024,09:47:55,23597,23595.3,100,23596.75,150,375,12329325
NIFTY-I.NFO,18/06/2024,09:47:57,23597,23595.1,100,23597,650,250,12329325
NIFTY-I.NFO,18/06/2024,09:47:59,23595.1,23595.2,125,23596.85,150,100,12329325
NIFTY-I.NFO,18/06/2024,09:48:00,23595,23595,275,23595.3,75,2300,12329325
NIFTY-I.NFO,18/06/2024,09:48:00,23598.1,23595,275,23595.3,75,0,12329325
NIFTY-I.NFO,18/06/2024,09:48:02,23595,23594.75,25,23595,25,400,12329325
NIFTY-I.NFO,18/06/2024,09:48:04,23595,23594,100,23595,25,600,12329325
NIFTY-I.NFO,18/06/2024,09:48:04,23598.45,23594,100,23595,25,0,12329325
NIFTY-I.NFO,18/06/2024,09:48:05,23593.6,23593.05,50,23595.95,25,425,12329325
NIFTY-I.NFO,18/06/2024,09:48:07,23594.55,23594.55,475,23596,25,125,12329325
NIFTY-I.NFO,18/06/2024,09:48:09,23597.1,23595.95,25,23597,25,1425,12329325
NIFTY-I.NFO,18/06/2024,09:48:10,23594.55,23594.45,50,23594.55,775,325,12329325
NIFTY-I.NFO,18/06/2024,09:48:12,23598.7,23595.05,450,23597.85,25,2275,12329325
NIFTY-I.NFO,18/06/2024,09:48:12,23598.9,23595.05,450,23597.85,25,0,12329325
NIFTY-I.NFO,18/06/2024,09:48:13,23595.05,23595.05,350,23596,50,100,12329325
NIFTY-I.NFO,18/06/2024,09:48:15,23593.25,23593.2,25,23594.45,50,4025,12329325
NIFTY-I.NFO,18/06/2024,09:48:17,23598,23594.7,125,23597.95,25,800,12329325
NIFTY-I.NFO,18/06/2024,09:48:18,23594.45,23594.45,50,23595.05,50,75,12329325
NIFTY-I.NFO,18/06/2024,09:48:20,23597.85,23596,25,23597.85,25,150,12329325
NIFTY-I.NFO,18/06/2024,09:48:22,23594.1,23594.1,25,23597.1,25,400,12329325
NIFTY-I.NFO,18/06/2024,09:48:23,23597.95,23595,75,23597.2,25,275,12329325
NIFTY-I.NFO,18/06/2024,09:48:25,23598,23597.2,75,23598,700,400,12329325
NIFTY-I.NFO,18/06/2024,09:48:27,23597.35,23597.3,125,23598,425,425,12329325
NIFTY-I.NFO,18/06/2024,09:48:28,23598.9,23598.1,50,23599,6975,950,12322250
NIFTY-I.NFO,18/06/2024,09:48:30,23599,23598.1,50,23599,6600,800,12322250
NIFTY-I.NFO,18/06/2024,09:48:30,23599,23598.1,50,23599,6600,0,12322250
NIFTY-I.NFO,18/06/2024,09:48:32,23598.9,23597.55,25,23598.95,300,1375,12322250
NIFTY-I.NFO,18/06/2024,09:48:33,23598.95,23598,275,23598.95,75,400,12322250
NIFTY-I.NFO,18/06/2024,09:48:35,23598,23598,175,23599,5825,300,12322250
NIFTY-I.NFO,18/06/2024,09:48:37,23598,23598,150,23599,5775,100,12322250
NIFTY-I.NFO,18/06/2024,09:48:38,23599,23598.1,25,23599,5625,725,12322250
NIFTY-I.NFO,18/06/2024,09:48:40,23598.9,23597.4,25,23599,5650,150,12322250
NIFTY-I.NFO,18/06/2024,09:48:42,23599,23597.25,25,23598,25,425,12322250
NIFTY-I.NFO,18/06/2024,09:48:43,23599,23597.3,25,23597.6,25,0,12322250
NIFTY-I.NFO,18/06/2024,09:48:45,23598,23597.3,25,23598,100,275,12322250
NIFTY-I.NFO,18/06/2024,09:48:47,23597.85,23595.4,25,23597.85,125,25,12322250
NIFTY-I.NFO,18/06/2024,09:48:48,23595,23595,175,23597.15,25,100,12322250
NIFTY-I.NFO,18/06/2024,09:48:50,23597.25,23595,175,23597.85,125,50,12322250
NIFTY-I.NFO,18/06/2024,09:48:52,23595.95,23595,125,23595.95,25,700,12322250
NIFTY-I.NFO,18/06/2024,09:48:53,23595.6,23595.6,125,23596.65,25,225,12322250
NIFTY-I.NFO,18/06/2024,09:48:55,23596.65,23595.6,100,23596.65,25,125,12322250
NIFTY-I.NFO,18/06/2024,09:48:57,23595.6,23595.6,25,23596.7,25,150,12322250
NIFTY-I.NFO,18/06/2024,09:48:58,23595,23595,425,23595.6,700,325,12322250
NIFTY-I.NFO,18/06/2024,09:49:00,23595,23595,425,23595.6,650,75,12322250
NIFTY-I.NFO,18/06/2024,09:49:02,23595,23595,300,23595.6,675,125,12322250
NIFTY-I.NFO,18/06/2024,09:49:03,23595.45,23595,150,23595.3,200,225,12322250
NIFTY-I.NFO,18/06/2024,09:49:05,23595.35,23595,150,23595.45,125,200,12322250
NIFTY-I.NFO,18/06/2024,09:49:07,23595,23594,875,23594.8,325,1100,12322250
NIFTY-I.NFO,18/06/2024,09:49:08,23594,23594,850,23595,275,25,12322250
NIFTY-I.NFO,18/06/2024,09:49:10,23594.65,23593.75,75,23594.5,200,900,12322250
NIFTY-I.NFO,18/06/2024,09:49:11,23593,23593,100,23594.65,25,875,12322250
NIFTY-I.NFO,18/06/2024,09:49:13,23595,23593.15,25,23595,175,325,12322250
NIFTY-I.NFO,18/06/2024,09:49:15,23595,23593.15,25,23595,150,275,12322250
NIFTY-I.NFO,18/06/2024,09:49:16,23595,23592.7,25,23595,75,2250,12322250
NIFTY-I.NFO,18/06/2024,09:49:18,23597,23593.5,50,23596.75,325,3950,12322250
NIFTY-I.NFO,18/06/2024,09:49:20,23597.7,23595.85,75,23596.3,325,675,12322250
NIFTY-I.NFO,18/06/2024,09:49:21,23594.45,23594.45,50,23595,125,300,12322250
NIFTY-I.NFO,18/06/2024,09:49:23,23595,23594.6,25,23595,100,75,12322250
NIFTY-I.NFO,18/06/2024,09:49:25,23595.95,23595,200,23596,25,275,12322250
NIFTY-I.NFO,18/06/2024,09:49:26,23595,23595,100,23595.7,325,100,12322250
NIFTY-I.NFO,18/06/2024,09:49:28,23595,23595,100,23595.95,25,75,12322250
NIFTY-I.NFO,18/06/2024,09:49:30,23596,23595,75,23595.6,25,100,12322250
NIFTY-I.NFO,18/06/2024,09:49:31,23596,23596.05,50,23596.1,100,150,12322250
NIFTY-I.NFO,18/06/2024,09:49:33,23595.95,23595.95,50,23596.1,75,125,12322250
NIFTY-I.NFO,18/06/2024,09:49:35,23595.15,23595.15,25,23596.05,100,100,12322250
NIFTY-I.NFO,18/06/2024,09:49:36,23595.05,23596,50,23596.05,50,100,12322250
NIFTY-I.NFO,18/06/2024,09:49:38,23596,23595.15,25,23595.95,50,50,12322250
NIFTY-I.NFO,18/06/2024,09:49:40,23595.95,23595.05,25,23595.95,150,250,12322250
NIFTY-I.NFO,18/06/2024,09:49:41,23595.95,23595.65,50,23596,25,100,12322250
NIFTY-I.NFO,18/06/2024,09:49:43,23595.95,23595.65,50,23596,25,175,12322250
NIFTY-I.NFO,18/06/2024,09:49:44,23595.65,23595.7,25,23596,25,25,12322250
NIFTY-I.NFO,18/06/2024,09:49:46,23594.5,23595.65,50,23595.7,50,925,12322250
NIFTY-I.NFO,18/06/2024,09:49:48,23594.9,23594.85,25,23594.95,25,375,12322250
NIFTY-I.NFO,18/06/2024,09:49:49,23596.15,23595.95,25,23596.7,25,350,12322250
NIFTY-I.NFO,18/06/2024,09:49:51,23596.15,23595.8,100,23596.7,25,250,12322250
NIFTY-I.NFO,18/06/2024,09:49:53,23597,23596.75,25,23598,100,475,12322250
NIFTY-I.NFO,18/06/2024,09:49:54,23598.6,23596.65,25,23598.6,75,600,12322250
NIFTY-I.NFO,18/06/2024,09:49:56,23599,23596.85,50,23599,5475,300,12322250
NIFTY-I.NFO,18/06/2024,09:49:58,23599,23598.75,200,23599,4925,850,12322250
NIFTY-I.NFO,18/06/2024,09:49:59,23598,23597.95,50,23599,4775,750,12322250
NIFTY-I.NFO,18/06/2024,09:50:01,23599,23597.35,50,23599,4775,475,12322250
NIFTY-I.NFO,18/06/2024,09:50:03,23597.45,23597.4,50,23599,4800,100,12322250
NIFTY-I.NFO,18/06/2024,09:50:04,23597.5,23597.35,275,23598.5,25,375,12322250
NIFTY-I.NFO,18/06/2024,09:50:06,23598.95,23597.65,25,23598.95,25,225,12322250
NIFTY-I.NFO,18/06/2024,09:50:08,23597.65,23597.65,125,23598.95,25,100,12322250
NIFTY-I.NFO,18/06/2024,09:50:09,23599,23597.65,25,23599,4225,550,12322250
NIFTY-I.NFO,18/06/2024,09:50:11,23597.55,23597.7,50,23599,4175,375,12322250
NIFTY-I.NFO,18/06/2024,09:50:12,23597.8,23597.95,125,23599,3950,350,12322250
NIFTY-I.NFO,18/06/2024,09:50:14,23598.2,23598.2,175,23599,3800,300,12322250
NIFTY-I.NFO,18/06/2024,09:50:16,23599,23598.35,25,23599,3525,350,12322250
NIFTY-I.NFO,18/06/2024,09:50:17,23598.2,23597.95,25,23599,3125,300,12322250
NIFTY-I.NFO,18/06/2024,09:50:19,23598.95,23598.05,50,23599,3100,1025,12322250
NIFTY-I.NFO,18/06/2024,09:50:21,23598.2,23598.05,25,23599,3100,100,12322250
