Ticker,Date,Time,LTP,BuyPrice,BuyQty,SellPrice,SellQty,LTQ,OpenInterest
BANKNIFTY-II.NFO,31/10/2024,09:15:02,52660.8,52474.25,60,52515.6,60,30,190620
BANKNIFTY-II.NFO,31/10/2024,09:15:02,52660.8,52474.25,60,52515.6,60,0,190620
BANKNIFTY-II.NFO,31/10/2024,09:15:02,52660.8,52474.25,60,52515.6,60,0,190620
BANKNIFTY-II.NFO,31/10/2024,09:15:02,52660.8,52474.25,60,52515.6,60,0,190620
BANKNIFTY-II.NFO,31/10/2024,09:15:03,52510.5,52470,15,52509.85,45,30,190620
BANKNIFTY-II.NFO,31/10/2024,09:15:03,52500,52470,15,52509.85,45,0,190620
BANKNIFTY-II.NFO,31/10/2024,09:15:05,52458.85,52449.2,60,52499.3,60,60,190620
BANKNIFTY-II.NFO,31/10/2024,09:15:05,52458.85,52449.2,60,52499.3,60,0,190620
BANKNIFTY-II.NFO,31/10/2024,09:15:06,52458.85,52450.05,60,52470.05,15,0,190620
BANKNIFTY-II.NFO,31/10/2024,09:15:07,52470.05,52447.95,60,52492.2,60,15,190620
BANKNIFTY-II.NFO,31/10/2024,09:15:09,52485.95,52443.55,60,52485.95,45,480,190620
BANKNIFTY-II.NFO,31/10/2024,09:15:09,52453.6,52443.55,60,52485.95,45,0,190620
BANKNIFTY-II.NFO,31/10/2024,09:15:10,52485.45,52453,60,52485.45,15,15,190620
BANKNIFTY-II.NFO,31/10/2024,09:15:12,52491.95,52455.85,60,52495.45,30,105,190620
BANKNIFTY-II.NFO,31/10/2024,09:15:13,52491.95,52460,60,52497.95,45,0,190620
BANKNIFTY-II.NFO,31/10/2024,09:15:15,52483.15,52455.1,60,52483.15,15,15,190620
BANKNIFTY-II.NFO,31/10/2024,09:15:16,52455.05,52426.1,60,52468.95,60,90,190620
BANKNIFTY-II.NFO,31/10/2024,09:15:17,52484.55,52449.7,60,52484.1,45,15,190620
BANKNIFTY-II.NFO,31/10/2024,09:15:19,52445,52434.7,60,52469.95,45,15,190620
BANKNIFTY-II.NFO,31/10/2024,09:15:19,52445,52434.7,60,52469.95,45,0,190620
BANKNIFTY-II.NFO,31/10/2024,09:15:20,52473.9,52455.05,15,52475.8,30,15,190620
BANKNIFTY-II.NFO,31/10/2024,09:15:22,52473.9,52455.05,15,52468.2,30,0,190620
BANKNIFTY-II.NFO,31/10/2024,09:15:23,52467.5,52465,15,52467.55,15,45,190620
BANKNIFTY-II.NFO,31/10/2024,09:15:25,52455.1,52455.1,60,52475.85,15,30,190620
BANKNIFTY-II.NFO,31/10/2024,09:15:26,52455.1,52459.65,60,52489.95,15,0,190620
BANKNIFTY-II.NFO,31/10/2024,09:15:28,52490,52485.15,45,52490,180,240,190620
BANKNIFTY-II.NFO,31/10/2024,09:15:29,52468.35,52479.8,60,52490,150,105,190620
BANKNIFTY-II.NFO,31/10/2024,09:15:31,52500,52467.55,90,52500,75,300,190620
BANKNIFTY-II.NFO,31/10/2024,09:15:32,52500,52488.65,60,52500,75,0,190620
BANKNIFTY-II.NFO,31/10/2024,09:15:34,52500,52469.75,60,52500,75,0,190620
BANKNIFTY-II.NFO,31/10/2024,09:15:35,52488.75,52467.55,60,52492.4,30,15,190620
BANKNIFTY-II.NFO,31/10/2024,09:15:37,52488.75,52467.55,75,52488.75,15,0,190620
BANKNIFTY-II.NFO,31/10/2024,09:15:38,52493.1,52470.65,90,52500,75,45,190620
BANKNIFTY-II.NFO,31/10/2024,09:15:40,52493.1,52467.85,60,52500,75,0,190620
BANKNIFTY-II.NFO,31/10/2024,09:15:41,52467.85,52467.55,60,52488.7,15,15,190620
BANKNIFTY-II.NFO,31/10/2024,09:15:43,52471.35,52467.55,45,52485.6,60,90,190620
BANKNIFTY-II.NFO,31/10/2024,09:15:44,52471.35,52467.55,60,52495.35,60,0,190620
BANKNIFTY-II.NFO,31/10/2024,09:15:45,52467.5,52467.55,45,52474.7,15,90,190620
BANKNIFTY-II.NFO,31/10/2024,09:15:47,52475.95,52467.55,45,52486.7,90,15,190620
BANKNIFTY-II.NFO,31/10/2024,09:15:48,52471.4,52471.4,30,52486.1,60,15,190995
BANKNIFTY-II.NFO,31/10/2024,09:15:50,52467.5,52467.5,120,52475,30,30,190995
BANKNIFTY-II.NFO,31/10/2024,09:15:51,52467.5,52467.5,90,52475,30,30,190995
BANKNIFTY-II.NFO,31/10/2024,09:15:53,52467.5,52460,15,52467.5,30,90,190995
BANKNIFTY-II.NFO,31/10/2024,09:15:54,52467.45,52450.05,60,52470.55,150,195,190995
BANKNIFTY-II.NFO,31/10/2024,09:15:56,52455.1,52450.05,60,52456.2,15,30,190995
BANKNIFTY-II.NFO,31/10/2024,09:15:57,52455.1,52450,300,52458.2,150,0,190995
BANKNIFTY-II.NFO,31/10/2024,09:15:59,52455.1,52450.05,60,52460.35,150,0,190995
BANKNIFTY-II.NFO,31/10/2024,09:16:00,52455.1,52450.05,60,52470,15,0,190995
BANKNIFTY-II.NFO,31/10/2024,09:16:01,52480.05,52450.05,60,52477.05,75,330,190995
BANKNIFTY-II.NFO,31/10/2024,09:16:03,52455,52450.05,60,52462.1,15,45,190995
BANKNIFTY-II.NFO,31/10/2024,09:16:04,52440.05,52440,120,52470.75,60,480,190995
BANKNIFTY-II.NFO,31/10/2024,09:16:04,52440,52440,120,52470.75,60,0,190995
BANKNIFTY-II.NFO,31/10/2024,09:16:06,52440.05,52440,135,52463.75,75,0,190995
BANKNIFTY-II.NFO,31/10/2024,09:16:07,52440,52440.75,15,52469.3,60,60,190995
BANKNIFTY-II.NFO,31/10/2024,09:16:09,52440,52444.05,45,52468.3,60,0,190995
BANKNIFTY-II.NFO,31/10/2024,09:16:10,52450.1,52444.1,30,52478.35,60,15,190995
BANKNIFTY-II.NFO,31/10/2024,09:16:11,52450.1,52467.2,165,52495.55,60,0,190995
BANKNIFTY-II.NFO,31/10/2024,09:16:13,52450.1,52486.45,15,52493.45,60,0,190995
BANKNIFTY-II.NFO,31/10/2024,09:16:14,52491.45,52480.45,15,52491.35,15,15,190995
BANKNIFTY-II.NFO,31/10/2024,09:16:16,52491.45,52480.45,15,52491.35,15,0,190995
BANKNIFTY-II.NFO,31/10/2024,09:16:19,52485.7,52481.6,165,52500,60,30,190995
BANKNIFTY-II.NFO,31/10/2024,09:16:20,52500,52489.05,165,52515.6,60,60,190995
BANKNIFTY-II.NFO,31/10/2024,09:16:22,52500,52505.4,15,52526.4,75,0,190995
BANKNIFTY-II.NFO,31/10/2024,09:16:23,52500,52505.55,15,52526.4,60,0,190995
BANKNIFTY-II.NFO,31/10/2024,09:16:25,52500,52502.2,15,52526.35,60,0,190995
BANKNIFTY-II.NFO,31/10/2024,09:16:26,52502.2,52500.8,15,52526.35,60,15,190995
BANKNIFTY-II.NFO,31/10/2024,09:16:27,52502.2,52504.45,165,52526.4,60,0,190995
BANKNIFTY-II.NFO,31/10/2024,09:16:29,52502.2,52508.45,15,52528.9,60,0,190995
BANKNIFTY-II.NFO,31/10/2024,09:16:30,52527,52514.9,30,52538.2,75,15,190995
BANKNIFTY-II.NFO,31/10/2024,09:16:32,52527,52520.8,165,52541.4,30,0,190995
BANKNIFTY-II.NFO,31/10/2024,09:16:33,52527,52519.1,15,52541.3,60,0,190995
BANKNIFTY-II.NFO,31/10/2024,09:16:35,52541.3,52515.35,15,52541.3,75,15,190995
BANKNIFTY-II.NFO,31/10/2024,09:16:36,52541.3,52527,15,52537.75,30,0,190995
BANKNIFTY-II.NFO,31/10/2024,09:16:38,52527,52503.7,30,52529.3,30,15,190995
BANKNIFTY-II.NFO,31/10/2024,09:16:39,52500.55,52500,15,52518.25,30,105,190995
BANKNIFTY-II.NFO,31/10/2024,09:16:41,52500.55,52516.75,30,52541.3,15,0,190995
BANKNIFTY-II.NFO,31/10/2024,09:16:42,52500.55,52517.3,30,52541.3,30,0,190995
BANKNIFTY-II.NFO,31/10/2024,09:16:43,52539.1,52513.85,30,52540.3,60,15,190995
BANKNIFTY-II.NFO,31/10/2024,09:16:45,52541.25,52519.6,45,52541.3,15,15,190995
BANKNIFTY-II.NFO,31/10/2024,09:16:46,52541.25,52525.65,15,52541.3,15,0,190995
BANKNIFTY-II.NFO,31/10/2024,09:16:48,52541.25,52522.9,45,52541.3,15,0,190995
BANKNIFTY-II.NFO,31/10/2024,09:16:49,52541.3,52516.6,15,52534.7,30,15,190995
BANKNIFTY-II.NFO,31/10/2024,09:16:51,52541.3,52528.15,15,52550,315,0,190995
BANKNIFTY-II.NFO,31/10/2024,09:16:52,52550,52549,450,52550,240,75,190995
BANKNIFTY-II.NFO,31/10/2024,09:16:53,52549,52549,420,52549.05,15,30,190995
BANKNIFTY-II.NFO,31/10/2024,09:16:55,52549,52549,315,52549.05,15,105,190995
BANKNIFTY-II.NFO,31/10/2024,09:16:56,52549,52549,210,52549.05,15,105,190995
BANKNIFTY-II.NFO,31/10/2024,09:16:58,52550,52549,210,52550,240,30,190995
BANKNIFTY-II.NFO,31/10/2024,09:16:59,52564.85,52549,210,52550,15,420,190995
BANKNIFTY-II.NFO,31/10/2024,09:17:01,52550.55,52549.05,75,52565.65,30,30,190995
BANKNIFTY-II.NFO,31/10/2024,09:17:02,52550.55,52549.05,75,52565.65,30,0,190995
BANKNIFTY-II.NFO,31/10/2024,09:17:04,52565.95,52565.95,30,52582,30,45,190995
BANKNIFTY-II.NFO,31/10/2024,09:17:05,52565.95,52564.2,30,52580.35,30,0,190995
BANKNIFTY-II.NFO,31/10/2024,09:17:06,52565.95,52558.85,30,52580.35,30,0,190995
BANKNIFTY-II.NFO,31/10/2024,09:17:08,52565.95,52574.05,30,52587.15,30,0,190995
BANKNIFTY-II.NFO,31/10/2024,09:17:09,52589.95,52569.55,45,52585,60,15,190995
BANKNIFTY-II.NFO,31/10/2024,09:17:11,52585,52568.9,30,52584.35,30,15,190995
BANKNIFTY-II.NFO,31/10/2024,09:17:12,52585,52566.2,30,52584.8,30,75,190995
BANKNIFTY-II.NFO,31/10/2024,09:17:14,52585,52570.6,30,52589.95,30,0,190995
BANKNIFTY-II.NFO,31/10/2024,09:17:15,52585,52574.25,30,52589.95,30,0,190995
BANKNIFTY-II.NFO,31/10/2024,09:17:16,52585,52586,30,52600,195,0,190995
BANKNIFTY-II.NFO,31/10/2024,09:17:18,52573.8,52574.7,30,52595,30,420,190995
BANKNIFTY-II.NFO,31/10/2024,09:17:19,52596.85,52572.55,30,52597.3,15,195,190995
BANKNIFTY-II.NFO,31/10/2024,09:17:21,52596.85,52569.05,30,52587,15,0,190995
BANKNIFTY-II.NFO,31/10/2024,09:17:22,52596.85,52566.1,30,52586.95,90,0,190995
BANKNIFTY-II.NFO,31/10/2024,09:17:24,52567.45,52571.8,30,52594.4,60,60,190995
BANKNIFTY-II.NFO,31/10/2024,09:17:25,52567.45,52567.4,30,52589,45,0,190995
BANKNIFTY-II.NFO,31/10/2024,09:17:26,52567.45,52567.95,30,52588.9,60,0,190995
BANKNIFTY-II.NFO,31/10/2024,09:17:28,52557.05,52570.95,30,52592.35,45,90,190995
BANKNIFTY-II.NFO,31/10/2024,09:17:29,52557.05,52573.05,30,52599.95,60,0,190995
BANKNIFTY-II.NFO,31/10/2024,09:17:31,52592.4,52573.1,15,52596.75,60,15,190995
BANKNIFTY-II.NFO,31/10/2024,09:17:32,52592.4,52573.1,15,52596.85,45,0,190995
BANKNIFTY-II.NFO,31/10/2024,09:17:34,52592.4,52573.1,15,52596.8,75,0,190995
BANKNIFTY-II.NFO,31/10/2024,09:17:35,52592.4,52573.1,15,52596.75,60,30,190995
BANKNIFTY-II.NFO,31/10/2024,09:17:36,52592.4,52573.15,30,52597.55,60,0,190995
BANKNIFTY-II.NFO,31/10/2024,09:17:38,52592.4,52573.15,30,52597.6,45,0,190995
BANKNIFTY-II.NFO,31/10/2024,09:17:39,52592.4,52573,60,52589.15,15,0,190995
BANKNIFTY-II.NFO,31/10/2024,09:17:41,52592.4,52573,60,52589.05,90,0,190995
BANKNIFTY-II.NFO,31/10/2024,09:17:42,52592.4,52573,60,52593.1,75,0,190995
BANKNIFTY-II.NFO,31/10/2024,09:17:43,52573.05,52576.35,75,52593.15,30,45,190995
BANKNIFTY-II.NFO,31/10/2024,09:17:45,52592.4,52573.05,30,52594.45,90,15,190995
BANKNIFTY-II.NFO,31/10/2024,09:17:46,52599.95,52577.5,15,52599.5,75,15,190995
BANKNIFTY-II.NFO,31/10/2024,09:17:48,52599.5,52579,60,52599.5,60,45,190995
BANKNIFTY-II.NFO,31/10/2024,09:17:49,52599.5,52581.2,60,52600,225,0,190995
BANKNIFTY-II.NFO,31/10/2024,09:17:51,52599.5,52583.85,60,52600,225,0,190995
BANKNIFTY-II.NFO,31/10/2024,09:17:52,52600,52584.75,60,52600,210,15,190995
BANKNIFTY-II.NFO,31/10/2024,09:17:54,52600,52584.85,60,52600,210,0,190995
BANKNIFTY-II.NFO,31/10/2024,09:17:55,52600,52596.75,15,52600,210,0,190995
BANKNIFTY-II.NFO,31/10/2024,09:17:56,52600,52596.75,15,52599.95,60,0,190995
BANKNIFTY-II.NFO,31/10/2024,09:17:59,52596.75,52584.8,15,52599.95,75,15,190995
BANKNIFTY-II.NFO,31/10/2024,09:18:01,52596.75,52585.15,60,52600,210,0,190995
BANKNIFTY-II.NFO,31/10/2024,09:18:02,52600,52609,15,52614.35,60,210,190995
BANKNIFTY-II.NFO,31/10/2024,09:18:03,52601.9,52594.8,75,52614.35,75,30,190995
BANKNIFTY-II.NFO,31/10/2024,09:18:05,52591.35,52594.25,75,52614.3,30,15,190995
BANKNIFTY-II.NFO,31/10/2024,09:18:06,52614.3,52594.75,30,52614.35,75,15,190995
BANKNIFTY-II.NFO,31/10/2024,09:18:08,52614.3,52590.25,60,52614.35,90,0,190995
BANKNIFTY-II.NFO,31/10/2024,09:18:09,52614.35,52590.25,60,52614.35,75,15,190995
BANKNIFTY-II.NFO,31/10/2024,09:18:11,52614.35,52590.5,30,52614.35,75,0,190995
BANKNIFTY-II.NFO,31/10/2024,09:18:12,52614.35,52592,30,52600,15,0,190995
BANKNIFTY-II.NFO,31/10/2024,09:18:13,52614.35,52593.35,15,52600,15,0,190995
BANKNIFTY-II.NFO,31/10/2024,09:18:16,52600,52593.65,30,52614.3,45,15,190995
BANKNIFTY-II.NFO,31/10/2024,09:18:18,52600,52593.35,15,52614.3,45,0,190995
BANKNIFTY-II.NFO,31/10/2024,09:18:19,52600,52594.15,75,52614.3,45,0,190995
BANKNIFTY-II.NFO,31/10/2024,09:18:20,52595.9,52594.2,30,52614.3,45,45,190995
BANKNIFTY-II.NFO,31/10/2024,09:18:22,52594.2,52595,75,52614.3,45,15,190995
BANKNIFTY-II.NFO,31/10/2024,09:18:23,52594.85,52598,30,52600,15,150,190995
BANKNIFTY-II.NFO,31/10/2024,09:18:25,52594.85,52596.95,30,52600,15,0,190995
BANKNIFTY-II.NFO,31/10/2024,09:18:27,52600,52600,15,52614.35,105,15,190995
BANKNIFTY-II.NFO,31/10/2024,09:18:29,52600,52600,15,52614.3,30,0,190995
BANKNIFTY-II.NFO,31/10/2024,09:18:30,52614.3,52600,15,52614.3,30,15,190995
BANKNIFTY-II.NFO,31/10/2024,09:18:32,52614.3,52600,15,52614.35,105,15,190995
BANKNIFTY-II.NFO,31/10/2024,09:18:33,52614.3,52605.75,30,52614.35,105,0,190995
BANKNIFTY-II.NFO,31/10/2024,09:18:34,52618.35,52592.2,15,52619,15,285,190995
BANKNIFTY-II.NFO,31/10/2024,09:18:36,52610.75,52590.25,60,52609.4,75,15,190995
BANKNIFTY-II.NFO,31/10/2024,09:18:37,52610.75,52590.25,60,52607.55,75,0,190995
BANKNIFTY-II.NFO,31/10/2024,09:18:39,52610.75,52590.25,75,52614.35,30,0,190995
BANKNIFTY-II.NFO,31/10/2024,09:18:42,52610.75,52590.25,75,52613.4,45,0,190995
BANKNIFTY-II.NFO,31/10/2024,09:18:43,52610.75,52594.05,45,52614.35,30,0,190995
BANKNIFTY-II.NFO,31/10/2024,09:18:44,52610.75,52590.25,75,52610.75,45,0,190995
BANKNIFTY-II.NFO,31/10/2024,09:18:46,52610.75,52590.25,60,52610.65,45,0,190995
BANKNIFTY-II.NFO,31/10/2024,09:18:47,52585.75,52590.3,60,52610.6,60,105,190995
BANKNIFTY-II.NFO,31/10/2024,09:18:49,52585.75,52590.3,60,52603.3,15,0,190995
BANKNIFTY-II.NFO,31/10/2024,09:18:50,52610.6,52590.3,60,52610.6,45,15,191565
BANKNIFTY-II.NFO,31/10/2024,09:18:52,52600,52590.3,60,52610.2,30,210,191565
BANKNIFTY-II.NFO,31/10/2024,09:18:53,52600,52590.3,60,52608.85,150,0,191565
BANKNIFTY-II.NFO,31/10/2024,09:18:55,52580.35,52587.95,30,52607.6,45,300,191565
BANKNIFTY-II.NFO,31/10/2024,09:18:56,52594.65,52585.75,15,52597.35,15,15,191565
BANKNIFTY-II.NFO,31/10/2024,09:18:58,52594.65,52588.95,30,52611.9,45,0,191565
BANKNIFTY-II.NFO,31/10/2024,09:18:59,52594.65,52588.95,30,52611.95,45,0,191565
BANKNIFTY-II.NFO,31/10/2024,09:19:00,52594.65,52588.3,30,52611.95,15,0,191565
BANKNIFTY-II.NFO,31/10/2024,09:19:02,52594.65,52585.75,15,52604.9,45,0,191565
BANKNIFTY-II.NFO,31/10/2024,09:19:03,52594.65,52585.75,15,52606.75,45,0,191565
BANKNIFTY-II.NFO,31/10/2024,09:19:05,52584.1,52584.1,30,52606.75,45,30,191565
BANKNIFTY-II.NFO,31/10/2024,09:19:06,52584.1,52581.3,30,52597.15,15,0,191565
BANKNIFTY-II.NFO,31/10/2024,09:19:08,52584.1,52581.1,30,52588.95,30,0,191565
BANKNIFTY-II.NFO,31/10/2024,09:19:09,52588.95,52581.1,30,52600,30,30,191565
BANKNIFTY-II.NFO,31/10/2024,09:19:11,52588.95,52581.1,30,52600,30,0,191565
BANKNIFTY-II.NFO,31/10/2024,09:19:14,52588.95,52582.4,30,52600,30,0,191565
BANKNIFTY-II.NFO,31/10/2024,09:19:15,52588.95,52582.4,30,52600,15,0,191565
BANKNIFTY-II.NFO,31/10/2024,09:19:16,52588.95,52587.15,30,52600,15,0,191565
BANKNIFTY-II.NFO,31/10/2024,09:19:18,52588.95,52588.95,30,52600,15,0,191565
BANKNIFTY-II.NFO,31/10/2024,09:19:19,52588.95,52586.3,30,52600,15,0,191565
BANKNIFTY-II.NFO,31/10/2024,09:19:21,52588.95,52586.2,30,52600,15,0,191565
BANKNIFTY-II.NFO,31/10/2024,09:19:22,52600,52586.25,30,52607.85,45,15,191565
BANKNIFTY-II.NFO,31/10/2024,09:19:24,52600,52585.1,75,52604,30,0,191565
BANKNIFTY-II.NFO,31/10/2024,09:19:25,52600,52577.8,15,52599.95,15,0,191565
BANKNIFTY-II.NFO,31/10/2024,09:19:27,52600,52581.1,30,52602.85,45,0,191565
BANKNIFTY-II.NFO,31/10/2024,09:19:28,52608.3,52588.95,15,52607.5,45,60,191565
BANKNIFTY-II.NFO,31/10/2024,09:19:30,52608.3,52594.3,90,52610,15,0,191565
BANKNIFTY-II.NFO,31/10/2024,09:19:31,52610,52600.9,30,52612,30,15,191565
BANKNIFTY-II.NFO,31/10/2024,09:19:33,52610,52608.3,15,52612,30,0,191565
BANKNIFTY-II.NFO,31/10/2024,09:19:36,52610,52608.3,15,52610,15,0,191565
BANKNIFTY-II.NFO,31/10/2024,09:19:38,52610,52596.4,15,52612,30,15,191565
BANKNIFTY-II.NFO,31/10/2024,09:19:40,52610,52593.45,30,52609.8,15,0,191565
BANKNIFTY-II.NFO,31/10/2024,09:19:41,52610,52597.3,30,52612,30,0,191565
BANKNIFTY-II.NFO,31/10/2024,09:19:43,52610,52593.45,45,52612,30,0,191565
BANKNIFTY-II.NFO,31/10/2024,09:19:45,52610,52597.3,45,52612,30,0,191565
BANKNIFTY-II.NFO,31/10/2024,09:19:46,52610,52593.45,45,52612,45,0,191565
BANKNIFTY-II.NFO,31/10/2024,09:19:48,52610,52601.95,15,52612,30,0,191565
BANKNIFTY-II.NFO,31/10/2024,09:19:50,52612,52603.1,15,52613.4,15,30,191565
BANKNIFTY-II.NFO,31/10/2024,09:19:51,52612,52606.3,15,52613.4,15,0,191565
BANKNIFTY-II.NFO,31/10/2024,09:19:53,52612,52603.9,15,52613.4,15,0,191565
BANKNIFTY-II.NFO,31/10/2024,09:19:55,52612,52610,315,52612.8,15,0,191565
BANKNIFTY-II.NFO,31/10/2024,09:19:58,52612,52610,315,52612.7,15,0,191565
BANKNIFTY-II.NFO,31/10/2024,09:20:00,52610,52593.15,30,52610,30,315,191565
BANKNIFTY-II.NFO,31/10/2024,09:20:01,52589.6,52589.05,15,52610,45,15,191565
BANKNIFTY-II.NFO,31/10/2024,09:20:03,52610.6,52595.9,15,52612,45,30,191565
BANKNIFTY-II.NFO,31/10/2024,09:20:05,52610.6,52596.35,15,52612,45,0,191565
BANKNIFTY-II.NFO,31/10/2024,09:20:06,52610.25,52600.65,30,52612,45,15,191565
BANKNIFTY-II.NFO,31/10/2024,09:20:08,52610.25,52599.15,15,52612,45,0,191565
BANKNIFTY-II.NFO,31/10/2024,09:20:10,52612,52602.85,15,52612,30,15,191565
BANKNIFTY-II.NFO,31/10/2024,09:20:11,52612,52599.75,15,52612,30,0,191565
BANKNIFTY-II.NFO,31/10/2024,09:20:13,52612,52605.25,15,52612,30,0,191565
BANKNIFTY-II.NFO,31/10/2024,09:20:15,52612,52601.05,15,52612,30,0,191565
BANKNIFTY-II.NFO,31/10/2024,09:20:16,52612,52594.85,45,52610.65,30,0,191565
BANKNIFTY-II.NFO,31/10/2024,09:20:18,52612,52591.5,30,52603.5,30,0,191565
BANKNIFTY-II.NFO,31/10/2024,09:20:20,52612,52581.1,45,52600.1,45,0,191565
BANKNIFTY-II.NFO,31/10/2024,09:20:21,52612,52585.95,30,52595.9,45,0,191565
BANKNIFTY-II.NFO,31/10/2024,09:20:23,52612,52585.95,30,52601.2,15,0,191565
BANKNIFTY-II.NFO,31/10/2024,09:20:25,52599.6,52584.15,30,52600.05,15,75,191565
BANKNIFTY-II.NFO,31/10/2024,09:20:26,52584.15,52584.15,30,52599.35,90,15,191565
BANKNIFTY-II.NFO,31/10/2024,09:20:28,52584.15,52584.5,30,52600,75,0,191565
BANKNIFTY-II.NFO,31/10/2024,09:20:30,52584.15,52577.3,30,52590.9,90,0,191565
BANKNIFTY-II.NFO,31/10/2024,09:20:31,52580.2,52577,30,52593.2,15,45,191565
BANKNIFTY-II.NFO,31/10/2024,09:20:33,52577,52575,30,52593.4,30,30,191565
BANKNIFTY-II.NFO,31/10/2024,09:20:35,52577,52575,30,52592.65,90,0,191565
BANKNIFTY-II.NFO,31/10/2024,09:20:36,52577,52581.6,30,52601.7,75,0,191565
BANKNIFTY-II.NFO,31/10/2024,09:20:38,52606.55,52591.05,15,52606.55,30,15,191565
BANKNIFTY-II.NFO,31/10/2024,09:20:40,52606.55,52606.05,15,52610,45,0,191565
BANKNIFTY-II.NFO,31/10/2024,09:20:41,52610,52609.4,15,52612,30,45,191565
BANKNIFTY-II.NFO,31/10/2024,09:20:43,52612,52604.75,15,52612,15,15,191565
BANKNIFTY-II.NFO,31/10/2024,09:20:45,52612,52604.75,15,52612,15,0,191565
BANKNIFTY-II.NFO,31/10/2024,09:20:48,52612,52599.2,30,52612,15,0,191565
BANKNIFTY-II.NFO,31/10/2024,09:20:50,52599.2,52599.2,30,52612,15,30,191565
BANKNIFTY-II.NFO,31/10/2024,09:20:51,52599.2,52600.35,45,52612,15,15,191565
BANKNIFTY-II.NFO,31/10/2024,09:20:53,52614.3,52600.35,15,52614.3,60,30,191565
BANKNIFTY-II.NFO,31/10/2024,09:20:55,52614.3,52612,15,52614.3,60,0,191565
BANKNIFTY-II.NFO,31/10/2024,09:20:56,52612,52597.3,15,52614.3,60,15,191565
BANKNIFTY-II.NFO,31/10/2024,09:20:58,52612,52599.6,15,52614.3,60,0,191565
BANKNIFTY-II.NFO,31/10/2024,09:21:00,52612,52612,30,52614.3,60,0,191565
BANKNIFTY-II.NFO,31/10/2024,09:21:01,52612,52594.15,45,52612.35,15,30,191565
BANKNIFTY-II.NFO,31/10/2024,09:21:03,52612,52591.9,30,52611.1,30,0,191565
BANKNIFTY-II.NFO,31/10/2024,09:21:05,52600,52590.3,15,52602.3,165,15,191565
BANKNIFTY-II.NFO,31/10/2024,09:21:06,52600,52590.3,15,52598.8,150,0,191565
BANKNIFTY-II.NFO,31/10/2024,09:21:08,52590.3,52580.05,30,52590.6,90,15,191565
BANKNIFTY-II.NFO,31/10/2024,09:21:10,52590.3,52580.05,30,52592.85,165,0,191565
BANKNIFTY-II.NFO,31/10/2024,09:21:11,52592.85,52582.85,30,52598.7,45,15,191565
BANKNIFTY-II.NFO,31/10/2024,09:21:13,52580.05,52580.05,15,52593.3,15,15,191565
BANKNIFTY-II.NFO,31/10/2024,09:21:15,52580.05,52580.05,15,52593.2,30,0,191565
BANKNIFTY-II.NFO,31/10/2024,09:21:16,52580.05,52580.05,15,52592.65,15,0,191565
BANKNIFTY-II.NFO,31/10/2024,09:21:18,52580.05,52580.05,15,52590.2,15,0,191565
BANKNIFTY-II.NFO,31/10/2024,09:21:20,52580.05,52580.05,15,52593.2,30,0,191565
BANKNIFTY-II.NFO,31/10/2024,09:21:21,52580.05,52580.4,30,52593.3,30,0,191565
BANKNIFTY-II.NFO,31/10/2024,09:21:23,52580.05,52577.5,30,52594.25,15,30,191565
BANKNIFTY-II.NFO,31/10/2024,09:21:25,52580.05,52580.45,45,52599.5,30,0,191565
BANKNIFTY-II.NFO,31/10/2024,09:21:26,52580.05,52577.5,30,52591.5,90,0,191565
BANKNIFTY-II.NFO,31/10/2024,09:21:28,52575,52565.05,30,52577.55,15,15,191565
BANKNIFTY-II.NFO,31/10/2024,09:21:30,52575,52567.2,30,52568.45,15,0,191565
BANKNIFTY-II.NFO,31/10/2024,09:21:31,52576.95,52563.8,30,52574.55,300,30,191565
BANKNIFTY-II.NFO,31/10/2024,09:21:33,52563.8,52560,15,52566.15,300,15,191565
BANKNIFTY-II.NFO,31/10/2024,09:21:35,52563.8,52560,15,52563.8,15,0,191565
BANKNIFTY-II.NFO,31/10/2024,09:21:38,52563.8,52560,15,52561.9,150,0,191565
BANKNIFTY-II.NFO,31/10/2024,09:21:40,52558.25,52550.35,30,52559.75,120,30,191565
BANKNIFTY-II.NFO,31/10/2024,09:21:41,52550,52551.4,30,52563.8,15,15,191565
BANKNIFTY-II.NFO,31/10/2024,09:21:43,52547.45,52548.9,30,52563,15,15,191565
BANKNIFTY-II.NFO,31/10/2024,09:21:45,52546.05,52545.5,30,52560.85,120,60,191565
BANKNIFTY-II.NFO,31/10/2024,09:21:46,52546.05,52550.6,30,52563.1,15,0,191565
BANKNIFTY-II.NFO,31/10/2024,09:21:48,52546.05,52547.1,45,52563.1,15,0,191565
BANKNIFTY-II.NFO,31/10/2024,09:21:49,52546.05,52548.7,45,52563.8,15,0,191565
BANKNIFTY-II.NFO,31/10/2024,09:21:51,52550,52548.7,15,52563.8,15,15,192315
BANKNIFTY-II.NFO,31/10/2024,09:21:53,52550,52547.05,45,52563.15,15,0,192315
BANKNIFTY-II.NFO,31/10/2024,09:21:54,52547.05,52547.25,45,52563.8,15,15,192315
BANKNIFTY-II.NFO,31/10/2024,09:21:56,52547.25,52550,15,52563.8,15,30,192315
BANKNIFTY-II.NFO,31/10/2024,09:21:58,52550,52547.15,30,52563.8,15,45,192315
BANKNIFTY-II.NFO,31/10/2024,09:21:59,52550,52547.15,30,52563.8,30,0,192315
BANKNIFTY-II.NFO,31/10/2024,09:22:01,52550,52548.85,30,52563.8,15,0,192315
BANKNIFTY-II.NFO,31/10/2024,09:22:02,52550,52548.95,30,52563.8,15,0,192315
BANKNIFTY-II.NFO,31/10/2024,09:22:04,52550,52547.3,30,52563.8,15,0,192315
BANKNIFTY-II.NFO,31/10/2024,09:22:06,52550,52550,15,52563.8,15,0,192315
BANKNIFTY-II.NFO,31/10/2024,09:22:07,52550,52559.55,15,52563.8,15,0,192315
BANKNIFTY-II.NFO,31/10/2024,09:22:09,52563.8,52563.35,15,52573.25,30,15,192315
BANKNIFTY-II.NFO,31/10/2024,09:22:11,52563.8,52561.45,15,52573.25,30,0,192315
BANKNIFTY-II.NFO,31/10/2024,09:22:12,52576.95,52570.05,30,52581,30,30,192315
BANKNIFTY-II.NFO,31/10/2024,09:22:14,52576.95,52581.95,15,52591.6,30,0,192315
BANKNIFTY-II.NFO,31/10/2024,09:22:16,52576.95,52580,15,52592.05,30,0,192315
BANKNIFTY-II.NFO,31/10/2024,09:22:17,52576.95,52581.4,75,52593.65,30,0,192315
BANKNIFTY-II.NFO,31/10/2024,09:22:19,52576.95,52579.75,15,52591.95,30,0,192315
BANKNIFTY-II.NFO,31/10/2024,09:22:21,52576.95,52580.35,15,52591.95,30,0,192315
BANKNIFTY-II.NFO,31/10/2024,09:22:22,52576.95,52576.95,15,52590.35,30,0,192315
BANKNIFTY-II.NFO,31/10/2024,09:22:24,52576.95,52576.95,15,52593.65,30,0,192315
BANKNIFTY-II.NFO,31/10/2024,09:22:25,52576.95,52576.95,15,52590.45,30,0,192315
BANKNIFTY-II.NFO,31/10/2024,09:22:27,52576.95,52576.95,15,52590.55,30,0,192315
BANKNIFTY-II.NFO,31/10/2024,09:22:29,52590.55,52576.95,15,52590.55,45,15,192315
BANKNIFTY-II.NFO,31/10/2024,09:22:30,52590.55,52576.95,15,52583.9,15,0,192315
BANKNIFTY-II.NFO,31/10/2024,09:22:32,52590.55,52576.95,15,52588.85,45,0,192315
BANKNIFTY-II.NFO,31/10/2024,09:22:33,52588.65,52576.95,15,52590.55,15,30,192315
BANKNIFTY-II.NFO,31/10/2024,09:22:35,52588.65,52588.9,15,52590.55,15,0,192315
BANKNIFTY-II.NFO,31/10/2024,09:22:45,52588.9,52588.65,30,52596.4,45,15,192315
BANKNIFTY-II.NFO,31/10/2024,09:22:47,52588.9,52588.65,30,52594.8,45,0,192315
BANKNIFTY-II.NFO,31/10/2024,09:22:48,52575.6,52571.45,30,52588.9,30,60,192315
BANKNIFTY-II.NFO,31/10/2024,09:22:50,52575.6,52573.05,30,52588.9,15,0,192315
BANKNIFTY-II.NFO,31/10/2024,09:22:52,52588.55,52568.25,30,52588.55,30,15,192315
BANKNIFTY-II.NFO,31/10/2024,09:22:53,52588.55,52570.05,30,52588.55,30,0,192315
BANKNIFTY-II.NFO,31/10/2024,09:22:55,52588.55,52577.8,75,52588.9,15,0,192315
BANKNIFTY-II.NFO,31/10/2024,09:22:57,52588.55,52576.2,75,52588.9,15,0,192315
BANKNIFTY-II.NFO,31/10/2024,09:22:58,52588.55,52577.65,15,52588.9,15,0,192315
BANKNIFTY-II.NFO,31/10/2024,09:23:00,52588.55,52585.7,30,52588.9,15,0,192315
BANKNIFTY-II.NFO,31/10/2024,09:23:02,52588.9,52587.2,15,52598.45,30,15,192315
BANKNIFTY-II.NFO,31/10/2024,09:23:03,52588.9,52586.75,30,52599.25,30,0,192315
BANKNIFTY-II.NFO,31/10/2024,09:23:05,52599.3,52586,75,52597.95,15,75,192315
BANKNIFTY-II.NFO,31/10/2024,09:23:07,52599.3,52585.85,75,52599.25,30,0,192315
BANKNIFTY-II.NFO,31/10/2024,09:23:08,52599.3,52588.9,15,52595.95,15,0,192315
BANKNIFTY-II.NFO,31/10/2024,09:23:10,52599.3,52588.9,15,52597.95,15,0,192315
BANKNIFTY-II.NFO,31/10/2024,09:23:12,52599.3,52590.3,15,52602.8,30,0,192315
BANKNIFTY-II.NFO,31/10/2024,09:23:13,52599.3,52588.9,15,52599.1,30,0,192315
BANKNIFTY-II.NFO,31/10/2024,09:23:15,52597.95,52588.9,15,52599.95,15,30,192315
BANKNIFTY-II.NFO,31/10/2024,09:23:17,52597.95,52588.9,15,52595.95,15,0,192315
BANKNIFTY-II.NFO,31/10/2024,09:23:18,52595.95,52588.9,15,52597.65,45,15,192315
BANKNIFTY-II.NFO,31/10/2024,09:23:20,52595.95,52588,15,52595.9,15,30,192315
BANKNIFTY-II.NFO,31/10/2024,09:23:22,52595.95,52588,15,52599.95,15,0,192315
BANKNIFTY-II.NFO,31/10/2024,09:23:25,52595.95,52588,15,52599.7,30,0,192315
BANKNIFTY-II.NFO,31/10/2024,09:23:27,52595.95,52588,15,52595.95,15,15,192315
BANKNIFTY-II.NFO,31/10/2024,09:23:28,52595.95,52588,15,52595.95,15,0,192315
BANKNIFTY-II.NFO,31/10/2024,09:23:30,52588,52574.85,30,52583.95,15,15,192315
BANKNIFTY-II.NFO,31/10/2024,09:23:32,52574.85,52573.15,105,52587.95,15,15,192315
BANKNIFTY-II.NFO,31/10/2024,09:23:33,52574.85,52573.25,30,52581.95,15,0,192315
BANKNIFTY-II.NFO,31/10/2024,09:23:35,52574.85,52573.4,30,52583.95,15,0,192315
BANKNIFTY-II.NFO,31/10/2024,09:23:37,52574.85,52571.55,30,52581.95,15,0,192315
BANKNIFTY-II.NFO,31/10/2024,09:23:38,52574.85,52573.15,30,52585.95,15,0,192315
BANKNIFTY-II.NFO,31/10/2024,09:23:40,52574.85,52571.55,30,52583.95,15,0,192315
BANKNIFTY-II.NFO,31/10/2024,09:23:42,52574.85,52570,15,52581.95,15,0,192315
BANKNIFTY-II.NFO,31/10/2024,09:23:43,52574.85,52571.65,30,52589.95,30,0,192315
BANKNIFTY-II.NFO,31/10/2024,09:23:45,52574.85,52570,15,52585.95,15,0,192315
BANKNIFTY-II.NFO,31/10/2024,09:23:47,52570.4,52570.4,15,52579.95,15,15,192315
BANKNIFTY-II.NFO,31/10/2024,09:23:48,52563.3,52570.5,30,52583.95,15,495,192315
BANKNIFTY-II.NFO,31/10/2024,09:23:50,52563.3,52567.35,30,52579.95,15,0,192315
BANKNIFTY-II.NFO,31/10/2024,09:23:52,52563.3,52561.95,30,52571.95,15,0,192315
BANKNIFTY-II.NFO,31/10/2024,09:23:53,52563.3,52560,15,52567.95,15,0,192315
BANKNIFTY-II.NFO,31/10/2024,09:23:57,52558.75,52554.2,15,52561.95,15,30,192315
BANKNIFTY-II.NFO,31/10/2024,09:23:58,52558.75,52550,105,52557.95,15,0,192315
BANKNIFTY-II.NFO,31/10/2024,09:24:00,52558.75,52550,105,52557.9,60,0,192315
BANKNIFTY-II.NFO,31/10/2024,09:24:02,52557.95,52550,105,52557.9,60,75,192315
BANKNIFTY-II.NFO,31/10/2024,09:24:03,52557.95,52550,105,52557.9,60,0,192315
BANKNIFTY-II.NFO,31/10/2024,09:24:05,52557.95,52550,105,52557.9,75,0,192315
BANKNIFTY-II.NFO,31/10/2024,09:24:07,52550,52550,90,52557.9,75,15,192315
BANKNIFTY-II.NFO,31/10/2024,09:24:08,52550,52550,90,52559.9,60,0,192315
BANKNIFTY-II.NFO,31/10/2024,09:24:10,52550,52550,75,52559.9,60,15,192315
BANKNIFTY-II.NFO,31/10/2024,09:24:12,52550,52550,75,52559.9,60,0,192315
BANKNIFTY-II.NFO,31/10/2024,09:24:13,52550,52550,75,52559.9,75,0,192315
BANKNIFTY-II.NFO,31/10/2024,09:24:17,52550,52550,75,52557.9,75,0,192315
BANKNIFTY-II.NFO,31/10/2024,09:24:18,52550,52550,75,52559.9,75,0,192315
BANKNIFTY-II.NFO,31/10/2024,09:24:20,52550,52550,75,52561.9,75,0,192315
BANKNIFTY-II.NFO,31/10/2024,09:24:22,52550,52550,75,52557.9,60,0,192315
BANKNIFTY-II.NFO,31/10/2024,09:24:23,52550,52550,90,52561.9,75,0,192315
BANKNIFTY-II.NFO,31/10/2024,09:24:25,52550,52550,90,52561.9,60,0,192315
BANKNIFTY-II.NFO,31/10/2024,09:24:27,52550,52550,90,52563.9,60,0,192315
BANKNIFTY-II.NFO,31/10/2024,09:24:28,52550,52550,90,52559.9,60,0,192315
BANKNIFTY-II.NFO,31/10/2024,09:24:30,52533.95,52521.4,30,52538.35,60,135,192315
BANKNIFTY-II.NFO,31/10/2024,09:24:32,52533.95,52521.95,30,52535.9,75,0,192315
BANKNIFTY-II.NFO,31/10/2024,09:24:34,52535.9,52521.4,30,52539.9,45,15,192315
BANKNIFTY-II.NFO,31/10/2024,09:24:37,52535.9,52522.7,15,52539.9,60,0,192315
BANKNIFTY-II.NFO,31/10/2024,09:24:39,52535.9,52521.45,60,52539.9,60,0,192315
BANKNIFTY-II.NFO,31/10/2024,09:24:40,52535.9,52520.05,60,52529.95,15,0,192315
BANKNIFTY-II.NFO,31/10/2024,09:24:42,52535.9,52525.25,60,52531.95,15,0,192315
BANKNIFTY-II.NFO,31/10/2024,09:24:44,52535.9,52528.55,60,52541.95,15,0,192315
BANKNIFTY-II.NFO,31/10/2024,09:24:45,52535.9,52525.35,60,52533.95,15,0,192315
BANKNIFTY-II.NFO,31/10/2024,09:24:47,52535.9,52525.35,60,52537.95,30,0,192315
BANKNIFTY-II.NFO,31/10/2024,09:24:49,52535.9,52525.35,60,52539.95,30,0,192315
BANKNIFTY-II.NFO,31/10/2024,09:24:50,52535.9,52525.3,45,52535.95,15,0,192315
BANKNIFTY-II.NFO,31/10/2024,09:24:52,52521.4,52522.4,15,52541.9,60,135,192435
BANKNIFTY-II.NFO,31/10/2024,09:24:54,52521.4,52522.4,15,52531.95,15,0,192435
BANKNIFTY-II.NFO,31/10/2024,09:24:55,52521.4,52520.05,15,52529.95,15,0,192435
BANKNIFTY-II.NFO,31/10/2024,09:24:58,52521.4,52521.45,15,52529.95,15,0,192435
BANKNIFTY-II.NFO,31/10/2024,09:25:00,52521.4,52524.5,15,52537.95,15,0,192435
BANKNIFTY-II.NFO,31/10/2024,09:25:02,52521.4,52531.25,15,52541.95,15,0,192435
BANKNIFTY-II.NFO,31/10/2024,09:25:03,52526.45,52525.5,15,52533.95,15,30,192435
BANKNIFTY-II.NFO,31/10/2024,09:25:05,52526.45,52525.6,15,52535.95,15,0,192435
BANKNIFTY-II.NFO,31/10/2024,09:25:07,52526.45,52523.05,15,52533.95,30,0,192435
BANKNIFTY-II.NFO,31/10/2024,09:25:08,52526.45,52521.85,30,52529.95,15,0,192435
BANKNIFTY-II.NFO,31/10/2024,09:25:10,52526.45,52520,15,52527.95,15,0,192435
BANKNIFTY-II.NFO,31/10/2024,09:25:13,52526.45,52520,15,52527.9,75,0,192435
BANKNIFTY-II.NFO,31/10/2024,09:25:15,52526.45,52520,15,52523.75,60,0,192435
BANKNIFTY-II.NFO,31/10/2024,09:25:17,52520,52514,15,52521.95,15,15,192435
BANKNIFTY-II.NFO,31/10/2024,09:25:18,52520,52514,15,52523.9,75,0,192435
BANKNIFTY-II.NFO,31/10/2024,09:25:20,52520,52514,15,52523.95,15,0,192435
BANKNIFTY-II.NFO,31/10/2024,09:25:22,52520,52514,15,52525.95,15,0,192435
BANKNIFTY-II.NFO,31/10/2024,09:25:23,52520,52520.9,15,52534.7,30,30,192435
BANKNIFTY-II.NFO,31/10/2024,09:25:25,52520,52526.6,15,52537.6,30,0,192435
BANKNIFTY-II.NFO,31/10/2024,09:25:27,52520,52526.6,15,52537.65,30,0,192435
BANKNIFTY-II.NFO,31/10/2024,09:25:28,52520,52538.85,15,52546.75,30,0,192435
BANKNIFTY-II.NFO,31/10/2024,09:25:31,52547.6,52545.3,75,52550,15,15,192435
BANKNIFTY-II.NFO,31/10/2024,09:25:33,52547.6,52545.6,75,52550,15,0,192435
BANKNIFTY-II.NFO,31/10/2024,09:25:34,52550,52550.45,15,52558.3,30,15,192435
BANKNIFTY-II.NFO,31/10/2024,09:25:36,52550,52551,150,52560.9,30,0,192435
BANKNIFTY-II.NFO,31/10/2024,09:25:38,52550.45,52545.7,15,52559.55,30,15,192435
BANKNIFTY-II.NFO,31/10/2024,09:25:39,52550.45,52545.8,30,52559.55,30,0,192435
BANKNIFTY-II.NFO,31/10/2024,09:25:41,52550.45,52550.75,15,52562,30,0,192435
BANKNIFTY-II.NFO,31/10/2024,09:25:43,52550.45,52550.75,15,52561.95,15,0,192435
BANKNIFTY-II.NFO,31/10/2024,09:25:44,52551.65,52551.6,15,52561.95,15,15,192435
BANKNIFTY-II.NFO,31/10/2024,09:25:46,52551.65,52550.75,15,52560.65,30,0,192435
BANKNIFTY-II.NFO,31/10/2024,09:25:48,52551.65,52550.75,15,52561.95,15,0,192435
BANKNIFTY-II.NFO,31/10/2024,09:25:49,52551.65,52550.75,15,52562.35,30,0,192435
BANKNIFTY-II.NFO,31/10/2024,09:25:51,52551.65,52551.5,15,52563.35,30,0,192435
BANKNIFTY-II.NFO,31/10/2024,09:25:53,52551.65,52557.75,15,52565.95,15,0,192435
BANKNIFTY-II.NFO,31/10/2024,09:25:56,52551.65,52551.65,15,52561.95,15,0,192435
BANKNIFTY-II.NFO,31/10/2024,09:25:58,52551.65,52551.65,15,52563.9,60,0,192435
BANKNIFTY-II.NFO,31/10/2024,09:25:59,52551.65,52551.65,15,52565.9,75,0,192435
BANKNIFTY-II.NFO,31/10/2024,09:26:01,52565.9,52551.65,15,52565.9,75,15,192435
BANKNIFTY-II.NFO,31/10/2024,09:26:03,52565.9,52551.65,15,52563.9,60,0,192435
BANKNIFTY-II.NFO,31/10/2024,09:26:04,52565.9,52551.65,15,52565.9,60,0,192435
BANKNIFTY-II.NFO,31/10/2024,09:26:06,52565.9,52553.45,15,52566.4,60,15,192435
BANKNIFTY-II.NFO,31/10/2024,09:26:08,52565.9,52552.3,15,52565.9,60,0,192435
BANKNIFTY-II.NFO,31/10/2024,09:26:09,52565.9,52551.65,15,52563.9,75,0,192435
BANKNIFTY-II.NFO,31/10/2024,09:26:11,52565.9,52551.65,15,52559.9,75,0,192435
BANKNIFTY-II.NFO,31/10/2024,09:26:13,52551.65,52550,15,52557.9,60,15,192435
BANKNIFTY-II.NFO,31/10/2024,09:26:14,52551.65,52550,15,52557.9,60,0,192435
BANKNIFTY-II.NFO,31/10/2024,09:26:16,52551.65,52550,15,52559.9,75,0,192435
BANKNIFTY-II.NFO,31/10/2024,09:26:18,52551.65,52550,15,52561.9,60,0,192435
BANKNIFTY-II.NFO,31/10/2024,09:26:19,52551.65,52550,15,52557.9,75,0,192435
BANKNIFTY-II.NFO,31/10/2024,09:26:23,52551.65,52550,15,52561.9,75,0,192435
BANKNIFTY-II.NFO,31/10/2024,09:26:26,52551.65,52550,15,52560.65,60,0,192435
BANKNIFTY-II.NFO,31/10/2024,09:26:28,52551.65,52550,15,52561.9,60,0,192435
BANKNIFTY-II.NFO,31/10/2024,09:26:29,52551.65,52550,15,52563.9,75,0,192435
BANKNIFTY-II.NFO,31/10/2024,09:26:31,52550,52541.1,30,52553.9,75,15,192435
BANKNIFTY-II.NFO,31/10/2024,09:26:33,52550,52550,15,52555.9,75,0,192435
BANKNIFTY-II.NFO,31/10/2024,09:26:34,52550,52550,15,52561.9,75,0,192435
BANKNIFTY-II.NFO,31/10/2024,09:26:39,52550,52550,15,52565,75,0,192435
BANKNIFTY-II.NFO,31/10/2024,09:26:41,52550,52550.05,30,52564.85,75,0,192435
BANKNIFTY-II.NFO,31/10/2024,09:26:43,52550,52550.05,30,52563.9,75,0,192435
BANKNIFTY-II.NFO,31/10/2024,09:26:44,52550,52550.95,30,52565.95,15,0,192435
BANKNIFTY-II.NFO,31/10/2024,09:26:46,52550,52561.4,30,52571.35,30,0,192435
BANKNIFTY-II.NFO,31/10/2024,09:26:48,52550,52566.1,30,52572.4,15,0,192435
BANKNIFTY-II.NFO,31/10/2024,09:26:49,52550,52563.55,30,52572.4,15,0,192435
BANKNIFTY-II.NFO,31/10/2024,09:26:51,52550,52559.65,30,52571.95,15,0,192435
BANKNIFTY-II.NFO,31/10/2024,09:26:53,52550,52559.55,30,52571.1,30,0,192435
BANKNIFTY-II.NFO,31/10/2024,09:26:54,52550,52550.05,30,52561.95,15,0,192435
BANKNIFTY-II.NFO,31/10/2024,09:26:56,52550,52550,30,52561.9,60,0,192435
BANKNIFTY-II.NFO,31/10/2024,09:26:58,52550,52550,30,52557.9,75,0,192435
BANKNIFTY-II.NFO,31/10/2024,09:26:59,52550,52550,30,52559.9,60,0,192435
BANKNIFTY-II.NFO,31/10/2024,09:27:01,52550,52550,30,52559.9,75,0,192435
BANKNIFTY-II.NFO,31/10/2024,09:27:03,52550,52550,30,52557.9,60,0,192435
BANKNIFTY-II.NFO,31/10/2024,09:27:04,52550,52531.65,15,52539.95,15,30,192435
BANKNIFTY-II.NFO,31/10/2024,09:27:06,52550,52531.65,15,52543.9,15,0,192435
BANKNIFTY-II.NFO,31/10/2024,09:27:08,52550,52531.65,15,52543.9,75,0,192435
BANKNIFTY-II.NFO,31/10/2024,09:27:11,52550,52531.65,15,52543.95,15,0,192435
BANKNIFTY-II.NFO,31/10/2024,09:27:13,52550,52531.65,15,52545.9,75,0,192435
BANKNIFTY-II.NFO,31/10/2024,09:27:14,52550,52531.65,15,52539.9,75,0,192435
BANKNIFTY-II.NFO,31/10/2024,09:27:16,52526.6,52525.2,30,52537.9,60,75,192435
BANKNIFTY-II.NFO,31/10/2024,09:27:18,52526.6,52528.4,30,52539.9,60,0,192435
BANKNIFTY-II.NFO,31/10/2024,09:27:19,52528.4,52528.4,15,52541.9,75,15,192435
BANKNIFTY-II.NFO,31/10/2024,09:27:21,52528.4,52529.9,30,52541.9,60,0,192435
BANKNIFTY-II.NFO,31/10/2024,09:27:23,52528.4,52528.45,30,52541.95,15,0,192435
BANKNIFTY-II.NFO,31/10/2024,09:27:24,52528.4,52528.4,15,52539.95,15,0,192435
BANKNIFTY-II.NFO,31/10/2024,09:27:26,52528.4,52529.95,30,52539.95,15,0,192435
BANKNIFTY-II.NFO,31/10/2024,09:27:28,52528.4,52528.8,15,52539.95,15,0,192435
BANKNIFTY-II.NFO,31/10/2024,09:27:29,52528.4,52529.3,30,52539.95,15,0,192435
BANKNIFTY-II.NFO,31/10/2024,09:27:31,52528.4,52528.4,15,52537.9,60,0,192435
BANKNIFTY-II.NFO,31/10/2024,09:27:33,52528.4,52528.4,15,52537.95,15,0,192435
BANKNIFTY-II.NFO,31/10/2024,09:27:34,52528.4,52528.4,15,52537.9,75,0,192435
BANKNIFTY-II.NFO,31/10/2024,09:27:39,52528.4,52520.8,30,52529.95,15,15,192435
BANKNIFTY-II.NFO,31/10/2024,09:27:41,52528.4,52520.05,30,52529.95,15,0,192435
BANKNIFTY-II.NFO,31/10/2024,09:27:42,52528.4,52520,135,52529.95,15,0,192435
BANKNIFTY-II.NFO,31/10/2024,09:27:44,52528.4,52520,135,52529.9,75,0,192435
BANKNIFTY-II.NFO,31/10/2024,09:27:46,52528.4,52520,135,52527.9,60,0,192435
BANKNIFTY-II.NFO,31/10/2024,09:27:47,52528.4,52520,135,52529.9,60,0,192435
BANKNIFTY-II.NFO,31/10/2024,09:27:51,52528.4,52520,135,52529.95,15,0,192435
BANKNIFTY-II.NFO,31/10/2024,09:27:52,52528.4,52520.05,30,52529.95,15,0,192435
BANKNIFTY-II.NFO,31/10/2024,09:27:54,52528.4,52520.05,30,52531.95,15,0,192435
BANKNIFTY-II.NFO,31/10/2024,09:27:57,52528.4,52528.5,30,52540,15,0,192435
BANKNIFTY-II.NFO,31/10/2024,09:27:59,52528.4,52534.2,30,52540,15,0,192435
BANKNIFTY-II.NFO,31/10/2024,09:28:01,52528.4,52533.55,30,52540,15,0,192435
BANKNIFTY-II.NFO,31/10/2024,09:28:04,52537,52535.2,15,52540,15,15,192435
BANKNIFTY-II.NFO,31/10/2024,09:28:06,52540,52538.6,15,52550.95,30,15,192510
BANKNIFTY-II.NFO,31/10/2024,09:28:07,52540,52538.85,15,52552.3,30,0,192510
BANKNIFTY-II.NFO,31/10/2024,09:28:09,52553,52541.95,15,52553,600,300,192510
BANKNIFTY-II.NFO,31/10/2024,09:28:11,52553,52538.55,15,52551.5,60,0,192510
BANKNIFTY-II.NFO,31/10/2024,09:28:13,52553,52538.55,15,52552.55,75,0,192510
BANKNIFTY-II.NFO,31/10/2024,09:28:14,52553,52535.05,15,52543.9,60,0,192510
BANKNIFTY-II.NFO,31/10/2024,09:28:16,52553,52523.55,15,52533.95,15,0,192510
BANKNIFTY-II.NFO,31/10/2024,09:28:19,52553,52524.05,15,52531.95,15,0,192510
BANKNIFTY-II.NFO,31/10/2024,09:28:21,52531.95,52522.75,15,52531.95,15,15,192510
BANKNIFTY-II.NFO,31/10/2024,09:28:22,52531.95,52523.9,15,52531.95,15,0,192510
BANKNIFTY-II.NFO,31/10/2024,09:28:24,52531.95,52523.4,15,52533.95,15,15,192510
BANKNIFTY-II.NFO,31/10/2024,09:28:26,52538,52538,780,52543.9,60,120,192510
BANKNIFTY-II.NFO,31/10/2024,09:28:27,52538,52538,780,52546.65,60,0,192510
BANKNIFTY-II.NFO,31/10/2024,09:28:29,52538,52538.05,60,52549.8,30,0,192510
BANKNIFTY-II.NFO,31/10/2024,09:28:31,52538,52540.3,60,52552.5,30,0,192510
BANKNIFTY-II.NFO,31/10/2024,09:28:32,52538,52538,780,52549.7,60,0,192510
BANKNIFTY-II.NFO,31/10/2024,09:28:34,52538,52538,780,52547.9,60,0,192510
BANKNIFTY-II.NFO,31/10/2024,09:28:36,52538,52538,780,52548.3,60,0,192510
BANKNIFTY-II.NFO,31/10/2024,09:28:37,52538,52538,780,52546.75,60,0,192510
BANKNIFTY-II.NFO,31/10/2024,09:28:39,52538,52538,780,52546.8,60,0,192510
BANKNIFTY-II.NFO,31/10/2024,09:28:41,52538,52538,780,52546.9,60,0,192510
BANKNIFTY-II.NFO,31/10/2024,09:28:42,52538,52538,780,52548.6,60,0,192510
BANKNIFTY-II.NFO,31/10/2024,09:28:44,52538,52538,780,52547.2,60,0,192510
BANKNIFTY-II.NFO,31/10/2024,09:28:46,52538,52538,780,52545.55,60,0,192510
BANKNIFTY-II.NFO,31/10/2024,09:28:47,52538,52538,615,52542.55,45,165,192510
BANKNIFTY-II.NFO,31/10/2024,09:28:49,52538,52538,525,52544.1,60,90,192510
BANKNIFTY-II.NFO,31/10/2024,09:28:51,52538,52538,495,52543.05,45,30,192510
BANKNIFTY-II.NFO,31/10/2024,09:28:52,52538,52520.55,30,52531.9,60,495,192510
BANKNIFTY-II.NFO,31/10/2024,09:28:54,52538,52522,30,52531.9,45,0,192510
BANKNIFTY-II.NFO,31/10/2024,09:28:56,52538,52522,30,52531.95,15,0,192510
BANKNIFTY-II.NFO,31/10/2024,09:28:57,52538,52520.55,30,52531.9,60,0,192510
BANKNIFTY-II.NFO,31/10/2024,09:29:01,52538,52521.45,30,52531.9,60,0,192510
BANKNIFTY-II.NFO,31/10/2024,09:29:02,52538,52520.05,30,52533.9,60,0,192510
BANKNIFTY-II.NFO,31/10/2024,09:29:04,52538,52531.9,15,52537.25,45,0,192510
BANKNIFTY-II.NFO,31/10/2024,09:29:06,52538,52531.9,15,52539.85,60,0,192510
BANKNIFTY-II.NFO,31/10/2024,09:29:07,52538,52531.9,15,52538.5,45,0,192510
BANKNIFTY-II.NFO,31/10/2024,09:29:09,52538,52531.9,15,52536.75,45,0,192510
BANKNIFTY-II.NFO,31/10/2024,09:29:11,52538,52531.9,15,52536.95,45,0,192510
BANKNIFTY-II.NFO,31/10/2024,09:29:12,52531.9,52520,135,52531.9,60,15,192510
BANKNIFTY-II.NFO,31/10/2024,09:29:14,52531.9,52520.05,30,52531.9,45,0,192510
BANKNIFTY-II.NFO,31/10/2024,09:29:16,52531.9,52520,135,52531.9,60,0,192510
BANKNIFTY-II.NFO,31/10/2024,09:29:17,52531.9,52520,135,52529.95,15,0,192510
BANKNIFTY-II.NFO,31/10/2024,09:29:19,52531.9,52520,135,52531.9,60,0,192510
BANKNIFTY-II.NFO,31/10/2024,09:29:21,52531.9,52520,135,52531.95,15,0,192510
BANKNIFTY-II.NFO,31/10/2024,09:29:22,52520,52521.35,60,52531.95,15,15,192510
BANKNIFTY-II.NFO,31/10/2024,09:29:24,52520,52520,120,52531.9,45,0,192510
BANKNIFTY-II.NFO,31/10/2024,09:29:27,52520,52520,120,52531.9,60,0,192510
BANKNIFTY-II.NFO,31/10/2024,09:29:29,52520,52520,120,52529.9,45,0,192510
BANKNIFTY-II.NFO,31/10/2024,09:29:32,52520,52520,120,52529.95,15,0,192510
BANKNIFTY-II.NFO,31/10/2024,09:29:34,52520,52520.4,60,52529.95,15,0,192510
BANKNIFTY-II.NFO,31/10/2024,09:29:35,52520,52520.05,60,52529.95,15,0,192510
BANKNIFTY-II.NFO,31/10/2024,09:29:37,52520,52520,120,52529.95,15,0,192510
BANKNIFTY-II.NFO,31/10/2024,09:29:39,52520,52520.05,60,52529.95,15,0,192510
BANKNIFTY-II.NFO,31/10/2024,09:29:45,52520,52520.05,60,52530,15,0,192510
BANKNIFTY-II.NFO,31/10/2024,09:29:47,52520,52520.05,75,52530,15,0,192510
BANKNIFTY-II.NFO,31/10/2024,09:29:49,52530,52520,120,52531.9,60,30,192510
BANKNIFTY-II.NFO,31/10/2024,09:29:50,52530,52520,120,52531.9,210,0,192510
BANKNIFTY-II.NFO,31/10/2024,09:29:52,52530,52520,120,52529.2,45,0,192510
BANKNIFTY-II.NFO,31/10/2024,09:29:54,52530,52520,120,52528.25,45,0,192510
BANKNIFTY-II.NFO,31/10/2024,09:29:57,52520,52520,105,52525.4,60,15,192510
BANKNIFTY-II.NFO,31/10/2024,09:29:59,52520,52520,90,52526.8,45,15,192510
BANKNIFTY-II.NFO,31/10/2024,09:30:00,52520,52520,90,52527.45,45,0,192510
BANKNIFTY-II.NFO,31/10/2024,09:30:02,52520,52520,90,52531.75,45,0,192510
BANKNIFTY-II.NFO,31/10/2024,09:30:05,52520,52520.05,60,52533.95,15,0,192510
BANKNIFTY-II.NFO,31/10/2024,09:30:07,52520,52520.05,105,52531.95,15,0,192510
BANKNIFTY-II.NFO,31/10/2024,09:30:09,52520.05,52520.05,60,52531.95,15,15,192510
BANKNIFTY-II.NFO,31/10/2024,09:30:12,52520.05,52520,90,52531.9,75,0,192510
BANKNIFTY-II.NFO,31/10/2024,09:30:14,52520.05,52520,90,52531.9,60,0,192510
BANKNIFTY-II.NFO,31/10/2024,09:30:15,52520.05,52520.05,60,52531.95,15,0,192510
BANKNIFTY-II.NFO,31/10/2024,09:30:17,52520.05,52520,90,52529.9,60,0,192510
BANKNIFTY-II.NFO,31/10/2024,09:30:19,52520.05,52520,90,52529.7,60,0,192510
BANKNIFTY-II.NFO,31/10/2024,09:30:20,52520,52520,75,52527.55,75,15,192510
BANKNIFTY-II.NFO,31/10/2024,09:30:22,52529.25,52520,75,52531.9,15,15,192510
BANKNIFTY-II.NFO,31/10/2024,09:30:24,52529.25,52520.05,60,52531.95,15,0,192510
BANKNIFTY-II.NFO,31/10/2024,09:30:26,52529.25,52520.05,75,52531.95,15,0,192510
BANKNIFTY-II.NFO,31/10/2024,09:30:27,52533.95,52525.2,60,52537.95,15,15,192510
BANKNIFTY-II.NFO,31/10/2024,09:30:29,52533.95,52524.45,75,52536.95,30,0,192510
BANKNIFTY-II.NFO,31/10/2024,09:30:30,52533.95,52529.3,60,52539.75,30,0,192510
BANKNIFTY-II.NFO,31/10/2024,09:30:32,52533.95,52534.6,60,52543.4,30,0,192510
BANKNIFTY-II.NFO,31/10/2024,09:30:34,52549.3,52534.75,60,52549.35,30,15,192510
BANKNIFTY-II.NFO,31/10/2024,09:30:35,52549.95,52542,60,52550.6,30,30,192510
BANKNIFTY-II.NFO,31/10/2024,09:30:37,52549.95,52535.35,75,52549.3,30,0,192510
BANKNIFTY-II.NFO,31/10/2024,09:30:39,52549.95,52533.55,75,52547.95,15,0,192510
BANKNIFTY-II.NFO,31/10/2024,09:30:40,52549.95,52532.2,75,52545.95,15,0,192510
BANKNIFTY-II.NFO,31/10/2024,09:30:42,52534.1,52535.25,75,52547.95,15,15,192510
BANKNIFTY-II.NFO,31/10/2024,09:30:44,52549.4,52534.35,75,52548.2,30,15,192510
BANKNIFTY-II.NFO,31/10/2024,09:30:45,52549.4,52532.45,60,52547.95,15,0,192510
BANKNIFTY-II.NFO,31/10/2024,09:30:47,52549.4,52532.2,75,52545.55,30,0,192510
BANKNIFTY-II.NFO,31/10/2024,09:30:49,52549.4,52532.2,60,52543.95,15,0,192510
BANKNIFTY-II.NFO,31/10/2024,09:30:50,52547.95,52535.95,60,52546.95,30,45,192510
BANKNIFTY-II.NFO,31/10/2024,09:30:52,52547.95,52532.6,15,52544.35,30,0,192510
BANKNIFTY-II.NFO,31/10/2024,09:30:54,52547.95,52526.35,15,52537.9,60,0,192510
BANKNIFTY-II.NFO,31/10/2024,09:30:55,52547.95,52526.55,45,52539.9,60,0,192510
BANKNIFTY-II.NFO,31/10/2024,09:30:57,52547.95,52525.4,60,52539.9,60,0,192510
BANKNIFTY-II.NFO,31/10/2024,09:30:59,52547.95,52532,15,52541.5,60,0,192510
BANKNIFTY-II.NFO,31/10/2024,09:31:00,52547.95,52532,15,52539.9,75,0,192510
BANKNIFTY-II.NFO,31/10/2024,09:31:02,52547.95,52532,15,52540.7,60,0,192510
BANKNIFTY-II.NFO,31/10/2024,09:31:04,52547.95,52532,15,52539.5,60,0,192510
BANKNIFTY-II.NFO,31/10/2024,09:31:05,52547.95,52532,15,52539.8,60,0,192510
BANKNIFTY-II.NFO,31/10/2024,09:31:07,52532,52526.25,15,52539.9,75,15,193110
BANKNIFTY-II.NFO,31/10/2024,09:31:09,52532,52521,75,52533.9,75,0,193110
BANKNIFTY-II.NFO,31/10/2024,09:31:12,52532,52521,75,52531.9,75,0,193110
BANKNIFTY-II.NFO,31/10/2024,09:31:14,52532,52521,75,52530.95,75,0,193110
BANKNIFTY-II.NFO,31/10/2024,09:31:15,52532,52521,75,52532.05,75,0,193110
BANKNIFTY-II.NFO,31/10/2024,09:31:17,52532,52521,75,52531.9,60,0,193110
BANKNIFTY-II.NFO,31/10/2024,09:31:19,52532,52521,75,52531.9,75,0,193110
BANKNIFTY-II.NFO,31/10/2024,09:31:20,52531.9,52521,75,52529.95,30,30,193110
BANKNIFTY-II.NFO,31/10/2024,09:31:22,52531.9,52521,75,52529.95,45,0,193110
BANKNIFTY-II.NFO,31/10/2024,09:31:23,52529.95,52521,75,52528.65,30,15,193110
BANKNIFTY-II.NFO,31/10/2024,09:31:25,52529.95,52521,75,52527.45,30,0,193110
BANKNIFTY-II.NFO,31/10/2024,09:31:27,52529.95,52521,75,52527.1,30,0,193110
BANKNIFTY-II.NFO,31/10/2024,09:31:28,52521,52521,60,52525,30,15,193110
BANKNIFTY-II.NFO,31/10/2024,09:31:30,52521,52508.55,30,52519.95,30,60,193110
BANKNIFTY-II.NFO,31/10/2024,09:31:32,52521,52508.55,30,52519.95,30,0,193110
BANKNIFTY-II.NFO,31/10/2024,09:31:33,52521,52507.35,30,52519.6,30,0,193110
BANKNIFTY-II.NFO,31/10/2024,09:31:35,52521,52507.35,30,52519.9,15,0,193110
BANKNIFTY-II.NFO,31/10/2024,09:31:37,52521,52507.35,30,52519.95,15,0,193110
BANKNIFTY-II.NFO,31/10/2024,09:31:38,52521,52508.6,30,52519.95,15,0,193110
BANKNIFTY-II.NFO,31/10/2024,09:31:40,52521,52507.35,45,52519.95,15,0,193110
BANKNIFTY-II.NFO,31/10/2024,09:31:42,52521,52511.1,60,52520,15,0,193110
BANKNIFTY-II.NFO,31/10/2024,09:31:43,52521,52509.85,75,52520,15,0,193110
BANKNIFTY-II.NFO,31/10/2024,09:31:45,52521,52507.45,30,52519.9,15,0,193110
BANKNIFTY-II.NFO,31/10/2024,09:31:47,52521,52508.65,30,52519.95,15,0,193110
BANKNIFTY-II.NFO,31/10/2024,09:31:48,52521,52507.35,15,52519.95,15,0,193110
BANKNIFTY-II.NFO,31/10/2024,09:31:52,52521,52510.45,75,52520,15,0,193110
BANKNIFTY-II.NFO,31/10/2024,09:31:53,52521,52507.7,75,52520,15,0,193110
BANKNIFTY-II.NFO,31/10/2024,09:31:55,52521,52508.9,60,52520,15,0,193110
BANKNIFTY-II.NFO,31/10/2024,09:31:57,52521,52507.7,75,52520,15,0,193110
BANKNIFTY-II.NFO,31/10/2024,09:31:58,52521,52510.4,75,52520,15,0,193110
BANKNIFTY-II.NFO,31/10/2024,09:32:00,52521,52507.7,60,52520,15,0,193110
BANKNIFTY-II.NFO,31/10/2024,09:32:03,52521,52509.85,60,52520,15,0,193110
BANKNIFTY-II.NFO,31/10/2024,09:32:05,52521,52508.05,75,52520,15,0,193110
BANKNIFTY-II.NFO,31/10/2024,09:32:07,52521,52511.95,75,52520,15,0,193110
BANKNIFTY-II.NFO,31/10/2024,09:32:08,52520,52508,15,52520.95,15,15,193110
BANKNIFTY-II.NFO,31/10/2024,09:32:10,52520,52508.3,75,52521,30,0,193110
BANKNIFTY-II.NFO,31/10/2024,09:32:12,52520,52509.3,60,52521,90,0,193110
BANKNIFTY-II.NFO,31/10/2024,09:32:13,52520,52508.3,60,52521,90,0,193110
BANKNIFTY-II.NFO,31/10/2024,09:32:15,52520,52520,15,52521,90,0,193110
BANKNIFTY-II.NFO,31/10/2024,09:32:25,52511,52510.5,60,52521,90,105,193110
BANKNIFTY-II.NFO,31/10/2024,09:32:27,52511,52508,15,52519.45,60,0,193110
BANKNIFTY-II.NFO,31/10/2024,09:32:28,52511,52508,15,52519.45,75,0,193110
BANKNIFTY-II.NFO,31/10/2024,09:32:30,52511,52508,15,52517,75,0,193110
BANKNIFTY-II.NFO,31/10/2024,09:32:32,52503,52503,570,52505.7,60,60,193110
BANKNIFTY-II.NFO,31/10/2024,09:32:33,52503,52503,570,52505.55,60,0,193110
BANKNIFTY-II.NFO,31/10/2024,09:32:35,52500,52490,15,52501.7,75,750,193110
BANKNIFTY-II.NFO,31/10/2024,09:32:37,52500,52490,15,52495.05,60,0,193110
BANKNIFTY-II.NFO,31/10/2024,09:32:38,52500,52490,15,52497.45,60,0,193110
BANKNIFTY-II.NFO,31/10/2024,09:32:40,52480.7,52482.35,30,52495.9,60,75,193110
BANKNIFTY-II.NFO,31/10/2024,09:32:42,52497.6,52498.25,195,52500.1,15,75,193110
BANKNIFTY-II.NFO,31/10/2024,09:32:43,52498.25,52498.25,180,52504.65,15,15,193110
BANKNIFTY-II.NFO,31/10/2024,09:32:45,52498.25,52498.25,165,52501.2,15,15,193110
BANKNIFTY-II.NFO,31/10/2024,09:32:47,52498.25,52498.25,165,52501.2,15,0,193110
BANKNIFTY-II.NFO,31/10/2024,09:32:48,52498.25,52498.25,120,52503.55,135,45,193110
BANKNIFTY-II.NFO,31/10/2024,09:32:50,52498.25,52498.25,90,52503.55,135,30,193110
BANKNIFTY-II.NFO,31/10/2024,09:32:52,52498.25,52498.25,60,52504.65,15,30,193110
BANKNIFTY-II.NFO,31/10/2024,09:32:53,52504.65,52498.25,60,52504.65,15,15,193110
BANKNIFTY-II.NFO,31/10/2024,09:32:55,52533.15,52519.8,60,52530.05,30,330,193110
BANKNIFTY-II.NFO,31/10/2024,09:32:57,52533.15,52515.5,60,52527.95,15,0,193110
BANKNIFTY-II.NFO,31/10/2024,09:32:58,52533.15,52513.4,75,52527.95,15,0,193110
BANKNIFTY-II.NFO,31/10/2024,09:33:00,52513.4,52511.3,60,52524.15,30,15,193110
BANKNIFTY-II.NFO,31/10/2024,09:33:02,52525.2,52511.3,60,52524.2,30,60,193110
BANKNIFTY-II.NFO,31/10/2024,09:33:03,52525.2,52506.55,75,52523.95,15,0,193110
BANKNIFTY-II.NFO,31/10/2024,09:33:05,52525.2,52511.05,60,52523.95,15,0,193110
BANKNIFTY-II.NFO,31/10/2024,09:33:07,52525.2,52511.05,75,52523.95,15,0,193110
BANKNIFTY-II.NFO,31/10/2024,09:33:08,52511.05,52510.9,60,52523.95,15,15,193110
BANKNIFTY-II.NFO,31/10/2024,09:33:10,52511.05,52510.9,60,52523.95,15,0,193110
BANKNIFTY-II.NFO,31/10/2024,09:33:11,52510.85,52511.1,60,52523.95,15,15,193110
BANKNIFTY-II.NFO,31/10/2024,09:33:13,52526,52513.85,60,52527.05,30,45,193110
BANKNIFTY-II.NFO,31/10/2024,09:33:15,52526,52513.85,60,52523,600,0,193110
BANKNIFTY-II.NFO,31/10/2024,09:33:16,52526,52511.1,60,52523,600,0,193110
BANKNIFTY-II.NFO,31/10/2024,09:33:20,52523,52511.1,75,52523,585,15,193110
BANKNIFTY-II.NFO,31/10/2024,09:33:21,52523,52511.1,75,52523,585,0,193110
BANKNIFTY-II.NFO,31/10/2024,09:33:25,52523,52513.05,60,52523,570,15,193110
BANKNIFTY-II.NFO,31/10/2024,09:33:26,52523,52513.05,60,52523,570,0,193110
BANKNIFTY-II.NFO,31/10/2024,09:33:28,52523,52516.15,60,52523,570,0,193110
BANKNIFTY-II.NFO,31/10/2024,09:33:30,52523,52520.3,75,52523,570,0,193110
BANKNIFTY-II.NFO,31/10/2024,09:33:31,52525.2,52525.1,75,52533,15,600,193110
BANKNIFTY-II.NFO,31/10/2024,09:33:33,52525.2,52524.9,75,52533,15,0,193110
BANKNIFTY-II.NFO,31/10/2024,09:33:34,52525.2,52524.9,60,52536,30,0,193110
BANKNIFTY-II.NFO,31/10/2024,09:33:36,52525.2,52525.4,75,52536,30,0,193110
BANKNIFTY-II.NFO,31/10/2024,09:33:38,52525.2,52524.9,75,52534.95,30,0,193110
BANKNIFTY-II.NFO,31/10/2024,09:33:39,52525.2,52514.55,75,52529.9,60,0,193110
BANKNIFTY-II.NFO,31/10/2024,09:33:41,52525.2,52515.2,15,52526.6,75,0,193110
BANKNIFTY-II.NFO,31/10/2024,09:33:43,52515.9,52503.25,30,52514.45,60,30,193110
BANKNIFTY-II.NFO,31/10/2024,09:33:44,52514.4,52501.2,30,52511.9,30,30,193110
BANKNIFTY-II.NFO,31/10/2024,09:33:46,52514.4,52503,600,52507.25,15,0,193110
BANKNIFTY-II.NFO,31/10/2024,09:33:48,52514.4,52503,600,52506.55,105,0,193110
BANKNIFTY-II.NFO,31/10/2024,09:33:49,52514.4,52503,600,52511.85,15,0,193110
BANKNIFTY-II.NFO,31/10/2024,09:33:51,52514.4,52508.05,15,52513.7,15,0,193110
BANKNIFTY-II.NFO,31/10/2024,09:33:53,52514.4,52508.05,15,52508.8,105,0,193110
BANKNIFTY-II.NFO,31/10/2024,09:33:54,52514.4,52508.05,15,52517.4,30,0,193110
BANKNIFTY-II.NFO,31/10/2024,09:33:56,52514.4,52508.05,15,52519.8,30,0,193110
BANKNIFTY-II.NFO,31/10/2024,09:33:58,52514.4,52508.05,15,52516.1,15,0,193110
BANKNIFTY-II.NFO,31/10/2024,09:33:59,52508.05,52503,600,52513.1,30,15,193350
BANKNIFTY-II.NFO,31/10/2024,09:34:01,52508.05,52503,600,52515.9,30,0,193350
BANKNIFTY-II.NFO,31/10/2024,09:34:03,52508.05,52503,600,52512.65,15,0,193350
BANKNIFTY-II.NFO,31/10/2024,09:34:04,52508.05,52503,600,52510.3,15,0,193350
BANKNIFTY-II.NFO,31/10/2024,09:34:06,52503,52503,585,52513.9,15,15,193350
BANKNIFTY-II.NFO,31/10/2024,09:34:08,52503,52503,585,52517.9,30,0,193350
BANKNIFTY-II.NFO,31/10/2024,09:34:09,52503,52504.45,15,52517.9,15,0,193350
BANKNIFTY-II.NFO,31/10/2024,09:34:11,52503,52503,585,52519.55,15,0,193350
BANKNIFTY-II.NFO,31/10/2024,09:34:13,52503,52503,570,52519.05,15,15,193350
BANKNIFTY-II.NFO,31/10/2024,09:34:14,52503,52503,570,52516.7,15,15,193350
BANKNIFTY-II.NFO,31/10/2024,09:34:16,52514.25,52503,570,52513.05,15,15,193350
BANKNIFTY-II.NFO,31/10/2024,09:34:18,52514.25,52503,570,52515.95,30,0,193350
BANKNIFTY-II.NFO,31/10/2024,09:34:19,52514.25,52503,570,52514.95,15,0,193350
BANKNIFTY-II.NFO,31/10/2024,09:34:23,52514.25,52503,570,52515.95,30,0,193350
BANKNIFTY-II.NFO,31/10/2024,09:34:24,52514.25,52505.55,60,52522.35,30,0,193350
BANKNIFTY-II.NFO,31/10/2024,09:34:26,52504.5,52505.45,60,52522.35,30,15,193350
BANKNIFTY-II.NFO,31/10/2024,09:34:28,52522.35,52505.8,60,52523.4,30,15,193350
BANKNIFTY-II.NFO,31/10/2024,09:34:29,52522.35,52505.45,60,52523.7,30,0,193350
BANKNIFTY-II.NFO,31/10/2024,09:34:31,52505.45,52506,60,52523.7,30,45,193350
BANKNIFTY-II.NFO,31/10/2024,09:34:33,52505.45,52505.45,60,52521.95,15,0,193350
BANKNIFTY-II.NFO,31/10/2024,09:34:34,52505.45,52503.05,75,52519.9,75,0,193350
BANKNIFTY-II.NFO,31/10/2024,09:34:36,52505.45,52503,570,52519.85,60,0,193350
BANKNIFTY-II.NFO,31/10/2024,09:34:38,52505.45,52503,570,52511.85,60,0,193350
BANKNIFTY-II.NFO,31/10/2024,09:34:41,52505.45,52503,570,52513.1,60,0,193350
BANKNIFTY-II.NFO,31/10/2024,09:34:43,52513.1,52503,570,52514.45,45,15,193350
BANKNIFTY-II.NFO,31/10/2024,09:34:44,52513.1,52503,570,52514.45,45,0,193350
BANKNIFTY-II.NFO,31/10/2024,09:34:46,52513.1,52503,570,52511.7,45,0,193350
BANKNIFTY-II.NFO,31/10/2024,09:34:48,52513.1,52503,570,52512.1,60,0,193350
BANKNIFTY-II.NFO,31/10/2024,09:34:49,52503,52503,510,52510.95,60,60,193350
BANKNIFTY-II.NFO,31/10/2024,09:34:51,52503,52503,510,52513.35,60,0,193350
BANKNIFTY-II.NFO,31/10/2024,09:34:53,52503,52503,510,52511.1,30,0,193350
BANKNIFTY-II.NFO,31/10/2024,09:34:54,52510.5,52503,510,52505.35,15,15,193350
BANKNIFTY-II.NFO,31/10/2024,09:34:56,52510.5,52503,510,52509.55,15,0,193350
BANKNIFTY-II.NFO,31/10/2024,09:34:58,52510.5,52503.1,30,52513.95,15,0,193350
BANKNIFTY-II.NFO,31/10/2024,09:34:59,52510.5,52503,510,52513.25,45,0,193350
BANKNIFTY-II.NFO,31/10/2024,09:35:01,52510.5,52504.25,60,52515.95,15,0,193350
BANKNIFTY-II.NFO,31/10/2024,09:35:03,52510.5,52504.5,75,52519.95,15,0,193350
BANKNIFTY-II.NFO,31/10/2024,09:35:04,52510.5,52505.35,60,52515.95,15,0,193350
BANKNIFTY-II.NFO,31/10/2024,09:35:06,52510.5,52503.15,30,52515.95,15,0,193350
BANKNIFTY-II.NFO,31/10/2024,09:35:08,52519.9,52510.5,15,52519.9,30,30,193350
BANKNIFTY-II.NFO,31/10/2024,09:35:09,52519.9,52510.5,15,52517.85,30,0,193350
BANKNIFTY-II.NFO,31/10/2024,09:35:11,52519.9,52510.5,15,52514.15,45,0,193350
BANKNIFTY-II.NFO,31/10/2024,09:35:13,52510.5,52505.45,15,52511,105,15,193350
BANKNIFTY-II.NFO,31/10/2024,09:35:14,52505.45,52503,510,52511.9,30,15,193350
BANKNIFTY-II.NFO,31/10/2024,09:35:16,52505.45,52503,510,52508.75,15,0,193350
BANKNIFTY-II.NFO,31/10/2024,09:35:18,52526,52518.1,60,52526,435,165,193350
BANKNIFTY-II.NFO,31/10/2024,09:35:20,52526,52518.1,60,52526,435,0,193350
BANKNIFTY-II.NFO,31/10/2024,09:35:21,52526,52516.25,60,52526,435,0,193350
BANKNIFTY-II.NFO,31/10/2024,09:35:23,52526,52519,60,52526,435,0,193350
BANKNIFTY-II.NFO,31/10/2024,09:35:25,52526,52521.15,60,52526,420,15,193350
BANKNIFTY-II.NFO,31/10/2024,09:35:26,52526,52521.15,60,52526,420,0,193350
BANKNIFTY-II.NFO,31/10/2024,09:35:28,52548.5,52532.3,75,52549,15,465,193350
BANKNIFTY-II.NFO,31/10/2024,09:35:30,52548.5,52532.3,75,52546.9,30,0,193350
BANKNIFTY-II.NFO,31/10/2024,09:35:31,52548.5,52532.35,60,52547.85,30,0,193350
BANKNIFTY-II.NFO,31/10/2024,09:35:34,52542.85,52525.95,75,52541.9,15,15,193350
BANKNIFTY-II.NFO,31/10/2024,09:35:36,52542.85,52523.15,75,52537.9,15,0,193350
BANKNIFTY-II.NFO,31/10/2024,09:35:38,52542.85,52517.1,75,52531.9,15,0,193350
BANKNIFTY-II.NFO,31/10/2024,09:35:39,52542.85,52517.15,60,52529.95,15,0,193350
BANKNIFTY-II.NFO,31/10/2024,09:35:41,52542.85,52516.7,30,52527.95,15,0,193350
BANKNIFTY-II.NFO,31/10/2024,09:35:43,52542.85,52518.1,60,52529.95,15,0,193350
BANKNIFTY-II.NFO,31/10/2024,09:35:44,52542.85,52520.45,30,52533.9,15,0,193350
BANKNIFTY-II.NFO,31/10/2024,09:35:46,52542.85,52521.3,30,52533.9,15,0,193350
BANKNIFTY-II.NFO,31/10/2024,09:35:48,52542.85,52523.35,60,52537.9,15,0,193350
BANKNIFTY-II.NFO,31/10/2024,09:35:49,52542.85,52524.05,60,52533.3,15,0,193350
BANKNIFTY-II.NFO,31/10/2024,09:35:51,52542.85,52526.15,60,52533.3,15,0,193350
BANKNIFTY-II.NFO,31/10/2024,09:35:53,52542.85,52528,75,52533.3,15,0,193350
BANKNIFTY-II.NFO,31/10/2024,09:35:54,52542.85,52528.65,75,52533.3,15,0,193350
BANKNIFTY-II.NFO,31/10/2024,09:35:56,52542.85,52521.9,60,52533.3,15,0,193350
BANKNIFTY-II.NFO,31/10/2024,09:35:58,52542.85,52522,60,52533.3,15,0,193350
BANKNIFTY-II.NFO,31/10/2024,09:35:59,52542.85,52523.55,45,52533.3,15,0,193350
BANKNIFTY-II.NFO,31/10/2024,09:36:01,52542.85,52522.5,60,52533.3,15,0,193350
BANKNIFTY-II.NFO,31/10/2024,09:36:03,52522.3,52520.95,75,52533.3,15,30,193350
BANKNIFTY-II.NFO,31/10/2024,09:36:04,52519.6,52518.65,75,52533.25,45,15,193350
BANKNIFTY-II.NFO,31/10/2024,09:36:06,52519.6,52516.55,60,52529.9,45,0,193350
BANKNIFTY-II.NFO,31/10/2024,09:36:08,52519.6,52511.4,30,52527.35,60,0,193350
BANKNIFTY-II.NFO,31/10/2024,09:36:09,52519.6,52510.5,30,52524.8,60,0,193350
BANKNIFTY-II.NFO,31/10/2024,09:36:11,52517.65,52508.1,15,52516.9,15,30,193350
BANKNIFTY-II.NFO,31/10/2024,09:36:13,52517.65,52508.1,15,52515.8,30,0,193350
BANKNIFTY-II.NFO,31/10/2024,09:36:14,52517.65,52508.1,15,52514.75,30,0,193350
BANKNIFTY-II.NFO,31/10/2024,09:36:16,52517.65,52508.1,15,52513.5,30,0,193350
BANKNIFTY-II.NFO,31/10/2024,09:36:18,52517.65,52508.1,15,52513.75,15,0,193350
BANKNIFTY-II.NFO,31/10/2024,09:36:19,52517.65,52508.1,15,52513.65,30,0,193350
BANKNIFTY-II.NFO,31/10/2024,09:36:21,52517.65,52508.1,15,52514.25,15,0,193350
BANKNIFTY-II.NFO,31/10/2024,09:36:23,52517.65,52508.1,15,52511.05,15,0,193350
BANKNIFTY-II.NFO,31/10/2024,09:36:24,52517.65,52508.1,15,52512.65,15,0,193350
BANKNIFTY-II.NFO,31/10/2024,09:36:26,52508.1,52503,495,52513.7,30,15,193350
BANKNIFTY-II.NFO,31/10/2024,09:36:28,52508.1,52508.1,15,52510.9,15,0,193350
BANKNIFTY-II.NFO,31/10/2024,09:36:29,52508.1,52508.1,15,52517.65,75,0,193350
BANKNIFTY-II.NFO,31/10/2024,09:36:31,52508.1,52508.1,15,52514.25,15,0,193350
BANKNIFTY-II.NFO,31/10/2024,09:36:33,52514.6,52508.1,15,52513.25,75,15,193350
BANKNIFTY-II.NFO,31/10/2024,09:36:34,52514.6,52503.1,30,52514.5,15,0,193350
BANKNIFTY-II.NFO,31/10/2024,09:36:36,52514.6,52504.25,60,52515.95,15,0,193350
BANKNIFTY-II.NFO,31/10/2024,09:36:38,52514.6,52505.3,75,52517.65,75,0,193350
BANKNIFTY-II.NFO,31/10/2024,09:36:39,52514.6,52503,495,52513.35,15,0,193350
BANKNIFTY-II.NFO,31/10/2024,09:36:41,52514.6,52503,495,52512.5,15,0,193350
BANKNIFTY-II.NFO,31/10/2024,09:36:43,52514.6,52503.1,60,52514.6,75,0,193350
BANKNIFTY-II.NFO,31/10/2024,09:36:44,52514.6,52507.45,60,52514.6,75,0,193350
BANKNIFTY-II.NFO,31/10/2024,09:36:46,52514.6,52508.25,75,52514.6,75,0,193350
BANKNIFTY-II.NFO,31/10/2024,09:36:48,52514.6,52503.7,60,52514.6,75,0,193350
BANKNIFTY-II.NFO,31/10/2024,09:36:49,52514.6,52503.05,60,52514.6,75,0,193350
BANKNIFTY-II.NFO,31/10/2024,09:36:51,52514.6,52503,495,52514.15,150,0,193350
BANKNIFTY-II.NFO,31/10/2024,09:36:53,52514.6,52503,495,52506.85,75,0,193350
BANKNIFTY-II.NFO,31/10/2024,09:36:54,52514.6,52503,495,52507.85,150,0,193350
BANKNIFTY-II.NFO,31/10/2024,09:36:56,52503,52503,315,52507.45,75,180,192990
BANKNIFTY-II.NFO,31/10/2024,09:36:58,52508.3,52503,240,52511.9,30,135,192990
BANKNIFTY-II.NFO,31/10/2024,09:36:59,52508.3,52503,240,52511.85,15,0,192990
BANKNIFTY-II.NFO,31/10/2024,09:37:01,52508.3,52503,240,52513.05,15,0,192990
BANKNIFTY-II.NFO,31/10/2024,09:37:03,52508.3,52503,240,52512.4,15,0,192990
BANKNIFTY-II.NFO,31/10/2024,09:37:08,52508.3,52503,240,52512.9,30,0,192990
BANKNIFTY-II.NFO,31/10/2024,09:37:09,52508.3,52508,15,52513.9,30,0,192990
BANKNIFTY-II.NFO,31/10/2024,09:37:11,52508,52503,240,52512.1,30,15,192990
BANKNIFTY-II.NFO,31/10/2024,09:37:13,52508,52503,240,52512.05,15,0,192990
BANKNIFTY-II.NFO,31/10/2024,09:37:14,52508,52503,240,52508.95,30,0,192990
BANKNIFTY-II.NFO,31/10/2024,09:37:16,52501.3,52500,45,52505.95,15,255,192990
BANKNIFTY-II.NFO,31/10/2024,09:37:18,52489.2,52489.4,30,52501.9,15,75,192990
BANKNIFTY-II.NFO,31/10/2024,09:37:19,52489.2,52489.7,75,52501.95,15,0,192990
BANKNIFTY-II.NFO,31/10/2024,09:37:21,52489.2,52491.6,60,52503.95,15,0,192990
BANKNIFTY-II.NFO,31/10/2024,09:37:23,52489.2,52492.4,15,52505.9,15,0,192990
BANKNIFTY-II.NFO,31/10/2024,09:37:24,52489.2,52491.6,75,52503.8,15,0,192990
BANKNIFTY-II.NFO,31/10/2024,09:37:26,52489.2,52495.2,75,52503.7,15,0,192990
BANKNIFTY-II.NFO,31/10/2024,09:37:28,52489.2,52497.25,45,52509.95,15,0,192990
BANKNIFTY-II.NFO,31/10/2024,09:37:30,52489.2,52499.5,75,52513.95,15,0,192990
BANKNIFTY-II.NFO,31/10/2024,09:37:31,52489.2,52497.5,60,52513.6,15,0,192990
BANKNIFTY-II.NFO,31/10/2024,09:37:33,52489.2,52498.5,75,52511.95,15,0,192990
BANKNIFTY-II.NFO,31/10/2024,09:37:35,52489.2,52489.25,75,52500,300,0,192990
BANKNIFTY-II.NFO,31/10/2024,09:37:36,52489.2,52489.2,15,52499.75,15,0,192990
BANKNIFTY-II.NFO,31/10/2024,09:37:38,52489.2,52489.2,15,52493.6,30,0,192990
BANKNIFTY-II.NFO,31/10/2024,09:37:40,52489.2,52489.2,15,52496.15,15,0,192990
BANKNIFTY-II.NFO,31/10/2024,09:37:41,52496.3,52489.2,15,52499.45,45,30,192990
BANKNIFTY-II.NFO,31/10/2024,09:37:43,52496.3,52489.2,15,52494.15,90,0,192990
BANKNIFTY-II.NFO,31/10/2024,09:37:45,52496.3,52489.2,15,52500,300,0,192990
BANKNIFTY-II.NFO,31/10/2024,09:37:46,52496.3,52489.2,15,52497.75,30,0,192990
BANKNIFTY-II.NFO,31/10/2024,09:37:48,52475,52475,135,52480,15,375,192990
BANKNIFTY-II.NFO,31/10/2024,09:37:49,52475,52475,45,52480.4,15,90,192990
BANKNIFTY-II.NFO,31/10/2024,09:37:51,52465,52462.85,30,52472.05,15,105,192990
BANKNIFTY-II.NFO,31/10/2024,09:37:53,52465,52463,60,52471.95,15,0,192990
BANKNIFTY-II.NFO,31/10/2024,09:37:54,52465,52465.4,60,52471.3,15,0,192990
BANKNIFTY-II.NFO,31/10/2024,09:37:56,52464.8,52471.95,15,52482.25,30,15,192990
BANKNIFTY-II.NFO,31/10/2024,09:37:58,52464.8,52471.95,15,52482.95,30,0,192990
BANKNIFTY-II.NFO,31/10/2024,09:37:59,52464.8,52471.95,15,52481.15,45,0,192990
BANKNIFTY-II.NFO,31/10/2024,09:38:01,52464.8,52471.95,15,52478.65,30,0,192990
BANKNIFTY-II.NFO,31/10/2024,09:38:03,52464.35,52465.7,45,52481.15,15,75,192990
BANKNIFTY-II.NFO,31/10/2024,09:38:04,52464.35,52465.35,45,52471.95,15,0,192990
BANKNIFTY-II.NFO,31/10/2024,09:38:06,52486,52474.05,30,52488.5,15,105,192990
BANKNIFTY-II.NFO,31/10/2024,09:38:08,52486,52470.95,45,52486.75,60,0,192990
BANKNIFTY-II.NFO,31/10/2024,09:38:09,52486,52474.35,30,52488.55,15,0,192990
BANKNIFTY-II.NFO,31/10/2024,09:38:11,52486,52471.6,30,52486.95,60,0,192990
BANKNIFTY-II.NFO,31/10/2024,09:38:13,52486,52478.8,30,52491.55,15,0,192990
BANKNIFTY-II.NFO,31/10/2024,09:38:14,52486,52486,15,52494.7,30,0,192990
BANKNIFTY-II.NFO,31/10/2024,09:38:16,52486,52486.9,30,52499.05,30,0,192990
BANKNIFTY-II.NFO,31/10/2024,09:38:18,52486,52488.2,45,52500.45,30,0,192990
BANKNIFTY-II.NFO,31/10/2024,09:38:19,52487.5,52487.55,15,52500.45,30,30,192990
BANKNIFTY-II.NFO,31/10/2024,09:38:21,52487.5,52486,15,52499,30,0,192990
BANKNIFTY-II.NFO,31/10/2024,09:38:23,52487.5,52486,15,52496.35,30,0,192990
BANKNIFTY-II.NFO,31/10/2024,09:38:24,52487.5,52486,15,52498.65,30,0,192990
BANKNIFTY-II.NFO,31/10/2024,09:38:26,52487.5,52486.05,45,52500.45,30,0,192990
BANKNIFTY-II.NFO,31/10/2024,09:38:28,52487.5,52486,15,52499.05,30,0,192990
BANKNIFTY-II.NFO,31/10/2024,09:38:29,52487.5,52486,15,52499,45,0,192990
BANKNIFTY-II.NFO,31/10/2024,09:38:31,52487.5,52486,15,52500.4,30,0,192990
BANKNIFTY-II.NFO,31/10/2024,09:38:33,52487.5,52486.15,45,52500.55,30,0,192990
BANKNIFTY-II.NFO,31/10/2024,09:38:34,52487.5,52486,15,52497.9,30,0,192990
BANKNIFTY-II.NFO,31/10/2024,09:38:36,52487.5,52486,15,52486.05,15,0,192990
BANKNIFTY-II.NFO,31/10/2024,09:38:43,52486,52481.6,30,52495.95,15,15,192990
BANKNIFTY-II.NFO,31/10/2024,09:38:44,52486,52479.9,45,52495.95,30,0,192990
BANKNIFTY-II.NFO,31/10/2024,09:38:46,52486,52489.9,15,52500,15,0,192990
BANKNIFTY-II.NFO,31/10/2024,09:38:48,52486,52485.3,30,52499.95,15,0,192990
BANKNIFTY-II.NFO,31/10/2024,09:38:49,52486,52473.9,30,52489.95,15,0,192990
BANKNIFTY-II.NFO,31/10/2024,09:38:51,52486,52481.5,45,52495.5,30,0,192990
BANKNIFTY-II.NFO,31/10/2024,09:38:53,52486,52478.15,30,52491.9,60,0,192990
BANKNIFTY-II.NFO,31/10/2024,09:38:54,52486,52476.8,30,52489.7,60,0,192990
BANKNIFTY-II.NFO,31/10/2024,09:38:56,52486,52475.6,30,52489.35,60,0,192990
BANKNIFTY-II.NFO,31/10/2024,09:38:58,52486,52480.7,45,52495.05,30,0,192990
BANKNIFTY-II.NFO,31/10/2024,09:38:59,52486,52479.5,45,52495.25,60,0,192990
BANKNIFTY-II.NFO,31/10/2024,09:39:01,52486,52483.35,45,52500,15,0,192990
BANKNIFTY-II.NFO,31/10/2024,09:39:03,52501.95,52482.25,45,52495.95,15,30,192990
BANKNIFTY-II.NFO,31/10/2024,09:39:04,52501.95,52486,15,52494.05,60,0,192990
BANKNIFTY-II.NFO,31/10/2024,09:39:06,52501.95,52486,15,52493.1,60,0,192990
BANKNIFTY-II.NFO,31/10/2024,09:39:08,52501.95,52486,15,52493.65,75,0,192990
BANKNIFTY-II.NFO,31/10/2024,09:39:09,52501.95,52486,15,52493.05,75,0,192990
BANKNIFTY-II.NFO,31/10/2024,09:39:11,52473,52474.25,30,52485.95,15,30,192990
BANKNIFTY-II.NFO,31/10/2024,09:39:13,52473,52473,30,52487.6,60,0,192990
BANKNIFTY-II.NFO,31/10/2024,09:39:14,52473,52471.1,30,52483.75,75,0,192990
BANKNIFTY-II.NFO,31/10/2024,09:39:16,52473,52476.15,30,52489.6,60,0,192990
BANKNIFTY-II.NFO,31/10/2024,09:39:18,52473,52473.5,30,52487.15,60,0,192990
BANKNIFTY-II.NFO,31/10/2024,09:39:19,52473,52470,15,52481.4,60,0,192990
BANKNIFTY-II.NFO,31/10/2024,09:39:21,52473,52470,15,52480.8,60,0,192990
BANKNIFTY-II.NFO,31/10/2024,09:39:23,52473,52470,15,52479.65,60,0,192990
BANKNIFTY-II.NFO,31/10/2024,09:39:24,52473,52470,15,52482,60,0,192990
BANKNIFTY-II.NFO,31/10/2024,09:39:26,52473,52470,15,52480.8,60,0,192990
BANKNIFTY-II.NFO,31/10/2024,09:39:28,52473,52470.8,30,52481.25,60,0,192990
BANKNIFTY-II.NFO,31/10/2024,09:39:29,52473,52470,15,52481.7,60,0,192990
BANKNIFTY-II.NFO,31/10/2024,09:39:31,52473,52470.9,30,52482.75,60,0,192990
BANKNIFTY-II.NFO,31/10/2024,09:39:33,52473,52472.1,30,52483.1,15,0,192990
BANKNIFTY-II.NFO,31/10/2024,09:39:34,52473,52477.95,45,52486,45,0,192990
BANKNIFTY-II.NFO,31/10/2024,09:39:36,52473,52474.9,30,52486,45,0,192990
BANKNIFTY-II.NFO,31/10/2024,09:39:38,52473,52476.1,45,52486,45,0,192990
BANKNIFTY-II.NFO,31/10/2024,09:39:40,52470,52467.15,30,52479.8,60,15,192990
BANKNIFTY-II.NFO,31/10/2024,09:39:41,52470,52470.8,30,52481.6,60,0,192990
BANKNIFTY-II.NFO,31/10/2024,09:39:43,52470,52468.45,30,52477.45,15,0,192990
BANKNIFTY-II.NFO,31/10/2024,09:39:45,52470,52468.45,30,52477.3,120,0,192990
BANKNIFTY-II.NFO,31/10/2024,09:39:46,52477.3,52467.15,30,52477.45,75,105,192990
BANKNIFTY-II.NFO,31/10/2024,09:39:48,52477.3,52470,15,52473.9,15,0,192990
BANKNIFTY-II.NFO,31/10/2024,09:39:50,52477.3,52470,15,52477.5,15,0,192990
BANKNIFTY-II.NFO,31/10/2024,09:39:51,52477.3,52470,15,52477.45,15,0,192990
BANKNIFTY-II.NFO,31/10/2024,09:39:53,52477.3,52470,15,52483.55,60,0,192990
BANKNIFTY-II.NFO,31/10/2024,09:39:55,52477.3,52470.05,45,52483.7,15,0,192990
BANKNIFTY-II.NFO,31/10/2024,09:39:56,52477.3,52470,15,52481.95,30,0,192990
BANKNIFTY-II.NFO,31/10/2024,09:39:58,52470,52467.15,30,52481.25,45,15,193710
BANKNIFTY-II.NFO,31/10/2024,09:40:00,52470,52467,600,52473.9,15,0,193710
BANKNIFTY-II.NFO,31/10/2024,09:40:01,52470,52467,600,52480.6,60,0,193710
BANKNIFTY-II.NFO,31/10/2024,09:40:03,52470,52468.55,30,52481.6,60,0,193710
BANKNIFTY-II.NFO,31/10/2024,09:40:05,52470,52467.05,30,52481.9,75,0,193710
BANKNIFTY-II.NFO,31/10/2024,09:40:06,52476.9,52470,15,52478.8,60,15,193710
BANKNIFTY-II.NFO,31/10/2024,09:40:08,52470,52468.75,30,52479.95,15,15,193710
BANKNIFTY-II.NFO,31/10/2024,09:40:10,52470,52469.05,30,52481.9,60,0,193710
BANKNIFTY-II.NFO,31/10/2024,09:40:11,52470,52467,600,52480.1,60,0,193710
BANKNIFTY-II.NFO,31/10/2024,09:40:13,52470,52467.9,15,52483.7,60,0,193710
BANKNIFTY-II.NFO,31/10/2024,09:40:15,52470,52467.6,30,52481.9,60,0,193710
BANKNIFTY-II.NFO,31/10/2024,09:40:16,52470,52467,600,52474.3,15,0,193710
BANKNIFTY-II.NFO,31/10/2024,09:40:18,52470,52467,600,52474.45,15,0,193710
BANKNIFTY-II.NFO,31/10/2024,09:40:20,52474.45,52467,600,52479.45,60,15,193710
BANKNIFTY-II.NFO,31/10/2024,09:40:21,52474.45,52469.2,30,52481.9,60,0,193710
BANKNIFTY-II.NFO,31/10/2024,09:40:23,52474.05,52474.1,15,52485.95,15,15,193710
BANKNIFTY-II.NFO,31/10/2024,09:40:25,52485.95,52476.5,15,52486,45,15,193710
BANKNIFTY-II.NFO,31/10/2024,09:40:26,52485.95,52471.75,45,52486,45,0,193710
BANKNIFTY-II.NFO,31/10/2024,09:40:28,52485.95,52474.15,15,52486,45,0,193710
BANKNIFTY-II.NFO,31/10/2024,09:40:30,52473.4,52474.1,15,52486,45,45,193710
BANKNIFTY-II.NFO,31/10/2024,09:40:31,52473.4,52474.1,15,52486,45,0,193710
BANKNIFTY-II.NFO,31/10/2024,09:40:33,52473.4,52477,45,52486,45,0,193710
BANKNIFTY-II.NFO,31/10/2024,09:40:36,52473.4,52474.95,15,52486,45,0,193710
BANKNIFTY-II.NFO,31/10/2024,09:40:38,52473.4,52473.4,30,52486,45,0,193710
BANKNIFTY-II.NFO,31/10/2024,09:40:40,52473.4,52473.4,15,52482.55,30,0,193710
BANKNIFTY-II.NFO,31/10/2024,09:40:41,52473.4,52473.6,30,52485.8,30,0,193710
BANKNIFTY-II.NFO,31/10/2024,09:40:46,52473.4,52475.5,45,52486,45,0,193710
BANKNIFTY-II.NFO,31/10/2024,09:40:48,52473.4,52478.05,45,52486,45,0,193710
BANKNIFTY-II.NFO,31/10/2024,09:40:50,52473.4,52476.2,45,52486,45,0,193710
BANKNIFTY-II.NFO,31/10/2024,09:40:51,52473.4,52475.45,45,52486,45,0,193710
BANKNIFTY-II.NFO,31/10/2024,09:40:53,52473.4,52480.25,30,52486,45,0,193710
BANKNIFTY-II.NFO,31/10/2024,09:40:55,52473.4,52480.35,30,52486,45,0,193710
BANKNIFTY-II.NFO,31/10/2024,09:40:56,52486,52479.55,45,52493.7,30,45,193710
BANKNIFTY-II.NFO,31/10/2024,09:40:58,52486,52481.1,45,52494.2,30,0,193710
BANKNIFTY-II.NFO,31/10/2024,09:41:00,52486,52483,30,52495.45,30,0,193710
BANKNIFTY-II.NFO,31/10/2024,09:41:01,52483.5,52486.95,30,52497.8,30,15,193710
BANKNIFTY-II.NFO,31/10/2024,09:41:03,52483.5,52491.2,30,52501.4,30,0,193710
BANKNIFTY-II.NFO,31/10/2024,09:41:05,52483.5,52492.4,45,52503.8,30,0,193710
BANKNIFTY-II.NFO,31/10/2024,09:41:06,52483.5,52494.8,30,52506.95,30,0,193710
BANKNIFTY-II.NFO,31/10/2024,09:41:08,52483.5,52490.25,45,52505.95,15,0,193710
BANKNIFTY-II.NFO,31/10/2024,09:41:10,52483.5,52494.85,30,52507.6,30,0,193710
BANKNIFTY-II.NFO,31/10/2024,09:41:11,52483.5,52492,30,52505.9,30,0,193710
BANKNIFTY-II.NFO,31/10/2024,09:41:13,52483.5,52489.65,45,52504.35,30,0,193710
BANKNIFTY-II.NFO,31/10/2024,09:41:15,52488.8,52487.6,45,52503.2,30,15,193710
BANKNIFTY-II.NFO,31/10/2024,09:41:16,52488.8,52484.8,30,52498.85,60,0,193710
BANKNIFTY-II.NFO,31/10/2024,09:41:18,52488.8,52487.15,15,52499.95,15,0,193710
BANKNIFTY-II.NFO,31/10/2024,09:41:20,52498.1,52485.7,45,52499.9,60,30,193710
BANKNIFTY-II.NFO,31/10/2024,09:41:21,52498.1,52485.7,30,52499.8,60,0,193710
BANKNIFTY-II.NFO,31/10/2024,09:41:23,52483.2,52484.4,45,52498.9,30,90,193710
BANKNIFTY-II.NFO,31/10/2024,09:41:25,52499.95,52487.65,45,52501.95,15,15,193710
BANKNIFTY-II.NFO,31/10/2024,09:41:26,52506.45,52492.25,45,52506.35,30,15,193710
BANKNIFTY-II.NFO,31/10/2024,09:41:28,52506.45,52487.1,45,52501.95,15,0,193710
BANKNIFTY-II.NFO,31/10/2024,09:41:30,52506.45,52491.1,30,52505.8,30,0,193710
BANKNIFTY-II.NFO,31/10/2024,09:41:31,52506.45,52491.6,30,52505.95,15,0,193710
BANKNIFTY-II.NFO,31/10/2024,09:41:33,52506.45,52493.75,30,52505.5,30,0,193710
BANKNIFTY-II.NFO,31/10/2024,09:41:35,52506.45,52492.15,45,52505.5,30,0,193710
BANKNIFTY-II.NFO,31/10/2024,09:41:36,52506.45,52491,30,52503.95,15,0,193710
BANKNIFTY-II.NFO,31/10/2024,09:41:38,52506.45,52491.05,30,52503.95,15,0,193710
BANKNIFTY-II.NFO,31/10/2024,09:41:40,52506.45,52498.2,30,52507.85,30,0,193710
BANKNIFTY-II.NFO,31/10/2024,09:41:41,52506.45,52493.25,30,52507.35,30,0,193710
BANKNIFTY-II.NFO,31/10/2024,09:41:43,52506.45,52491.3,15,52504.95,15,0,193710
BANKNIFTY-II.NFO,31/10/2024,09:41:45,52506.45,52491.3,15,52505.8,60,0,193710
BANKNIFTY-II.NFO,31/10/2024,09:41:46,52505.9,52491.3,15,52504.65,60,15,193710
BANKNIFTY-II.NFO,31/10/2024,09:41:48,52505.9,52492,15,52505.95,15,0,193710
BANKNIFTY-II.NFO,31/10/2024,09:41:50,52505.9,52493.5,15,52507.65,30,0,193710
BANKNIFTY-II.NFO,31/10/2024,09:41:51,52505.9,52500.95,30,52506.45,15,0,193710
BANKNIFTY-II.NFO,31/10/2024,09:41:53,52506.45,52509.55,30,52513,15,15,193710
BANKNIFTY-II.NFO,31/10/2024,09:41:55,52506.45,52506.6,15,52513,15,0,193710
BANKNIFTY-II.NFO,31/10/2024,09:41:58,52506.45,52507.45,15,52513,15,0,193710
BANKNIFTY-II.NFO,31/10/2024,09:42:00,52513,52506.6,15,52518,600,15,193710
BANKNIFTY-II.NFO,31/10/2024,09:42:01,52513,52512.2,15,52518,600,0,193710
BANKNIFTY-II.NFO,31/10/2024,09:42:03,52520,52529.85,15,52533.3,15,615,193710
BANKNIFTY-II.NFO,31/10/2024,09:42:05,52533.3,52526.75,45,52540.45,30,15,193710
BANKNIFTY-II.NFO,31/10/2024,09:42:06,52533.3,52529.7,15,52540.4,30,0,193710
BANKNIFTY-II.NFO,31/10/2024,09:42:08,52533.3,52524.35,15,52537.95,15,0,193710
BANKNIFTY-II.NFO,31/10/2024,09:42:10,52533.3,52521,15,52537.7,75,0,193710
BANKNIFTY-II.NFO,31/10/2024,09:42:11,52533.3,52516.35,15,52530.85,75,0,193710
BANKNIFTY-II.NFO,31/10/2024,09:42:13,52533.3,52516.3,30,52530.25,75,0,193710
BANKNIFTY-II.NFO,31/10/2024,09:42:15,52533.3,52512,15,52525.95,15,0,193710
BANKNIFTY-II.NFO,31/10/2024,09:42:16,52533.3,52510.1,30,52521.5,75,0,193710
BANKNIFTY-II.NFO,31/10/2024,09:42:18,52533.3,52504.3,30,52515.6,75,0,193710
BANKNIFTY-II.NFO,31/10/2024,09:42:20,52533.3,52504.25,30,52518.95,75,0,193710
BANKNIFTY-II.NFO,31/10/2024,09:42:21,52533.3,52501.9,15,52517.45,75,0,193710
BANKNIFTY-II.NFO,31/10/2024,09:42:23,52533.3,52512.65,15,52527.9,75,0,193710
BANKNIFTY-II.NFO,31/10/2024,09:42:25,52533.3,52508.8,15,52525.9,60,0,193710
BANKNIFTY-II.NFO,31/10/2024,09:42:26,52533.3,52521.9,30,52530,60,0,193710
BANKNIFTY-II.NFO,31/10/2024,09:42:28,52533.3,52521.9,30,52527.95,60,0,193710
BANKNIFTY-II.NFO,31/10/2024,09:42:33,52533.3,52521.9,30,52530.2,60,0,193710
BANKNIFTY-II.NFO,31/10/2024,09:42:35,52533.3,52527.95,30,52531.45,75,0,193710
BANKNIFTY-II.NFO,31/10/2024,09:42:36,52533.3,52527.95,30,52534.75,60,0,193710
BANKNIFTY-II.NFO,31/10/2024,09:42:40,52533.3,52527.95,30,52538.5,30,0,193710
BANKNIFTY-II.NFO,31/10/2024,09:42:41,52533.3,52527.95,30,52537.3,30,0,193710
BANKNIFTY-II.NFO,31/10/2024,09:42:43,52533.3,52527.95,30,52534.6,30,0,193710
BANKNIFTY-II.NFO,31/10/2024,09:42:45,52533.3,52527.95,30,52533.55,75,0,193710
BANKNIFTY-II.NFO,31/10/2024,09:42:46,52533.3,52527.95,30,52535.9,60,0,193710
BANKNIFTY-II.NFO,31/10/2024,09:42:48,52533.3,52527.95,30,52533.7,60,0,193710
BANKNIFTY-II.NFO,31/10/2024,09:42:50,52533.3,52527.95,30,52536.15,15,0,193710
BANKNIFTY-II.NFO,31/10/2024,09:42:51,52527.95,52527.95,15,52537.3,45,15,193710
BANKNIFTY-II.NFO,31/10/2024,09:42:53,52527.95,52527.95,15,52536.1,45,0,193710
BANKNIFTY-II.NFO,31/10/2024,09:42:55,52536.1,52527.95,15,52537.3,30,30,193170
BANKNIFTY-II.NFO,31/10/2024,09:42:56,52537.3,52527.95,15,52537.3,45,15,193170
BANKNIFTY-II.NFO,31/10/2024,09:42:58,52537.3,52527.95,15,52536.15,45,15,193170
BANKNIFTY-II.NFO,31/10/2024,09:43:00,52537.3,52527.95,15,52534.55,60,0,193170
BANKNIFTY-II.NFO,31/10/2024,09:43:01,52537.3,52527.95,15,52534.05,60,0,193170
BANKNIFTY-II.NFO,31/10/2024,09:43:03,52527.95,52513.2,15,52527.75,60,15,193170
BANKNIFTY-II.NFO,31/10/2024,09:43:05,52527.95,52513.2,15,52527.8,15,0,193170
BANKNIFTY-II.NFO,31/10/2024,09:43:06,52527.95,52513.2,15,52525.85,15,0,193170
BANKNIFTY-II.NFO,31/10/2024,09:43:08,52527.95,52513.15,15,52526.15,60,0,193170
BANKNIFTY-II.NFO,31/10/2024,09:43:10,52527.95,52513.2,15,52528.35,45,0,193170
BANKNIFTY-II.NFO,31/10/2024,09:43:11,52527.95,52514.4,15,52528.2,75,0,193170
BANKNIFTY-II.NFO,31/10/2024,09:43:13,52527.95,52514.65,15,52530.55,45,0,193170
BANKNIFTY-II.NFO,31/10/2024,09:43:15,52527.95,52515.35,30,52529.95,15,0,193170
BANKNIFTY-II.NFO,31/10/2024,09:43:16,52527.95,52523.75,15,52537.3,30,0,193170
BANKNIFTY-II.NFO,31/10/2024,09:43:18,52527.95,52529.15,15,52542.05,30,0,193170
BANKNIFTY-II.NFO,31/10/2024,09:43:20,52529.15,52528.2,15,52539.95,15,15,193170
BANKNIFTY-II.NFO,31/10/2024,09:43:21,52529.15,52531.9,15,52543.4,30,0,193170
BANKNIFTY-II.NFO,31/10/2024,09:43:23,52529.15,52531.3,15,52542.2,30,0,193170
BANKNIFTY-II.NFO,31/10/2024,09:43:25,52529.15,52531.25,30,52543.4,30,0,193170
BANKNIFTY-II.NFO,31/10/2024,09:43:26,52529.15,52534.1,15,52543.4,30,0,193170
BANKNIFTY-II.NFO,31/10/2024,09:43:28,52529.15,52528.7,15,52543.25,60,0,193170
BANKNIFTY-II.NFO,31/10/2024,09:43:30,52529.15,52528.7,15,52542.4,30,0,193170
BANKNIFTY-II.NFO,31/10/2024,09:43:31,52529.15,52527.05,15,52539.95,30,0,193170
BANKNIFTY-II.NFO,31/10/2024,09:43:33,52523.6,52523.8,45,52538.75,45,60,193170
BANKNIFTY-II.NFO,31/10/2024,09:43:35,52523.6,52522.8,15,52536.65,15,0,193170
BANKNIFTY-II.NFO,31/10/2024,09:43:36,52523.6,52522.8,15,52533.65,45,0,193170
BANKNIFTY-II.NFO,31/10/2024,09:43:38,52523.6,52518.95,30,52532.55,75,0,193170
BANKNIFTY-II.NFO,31/10/2024,09:43:40,52523.6,52518.95,30,52531.75,15,0,193170
BANKNIFTY-II.NFO,31/10/2024,09:43:41,52523.6,52520.15,30,52533.05,15,0,193170
BANKNIFTY-II.NFO,31/10/2024,09:43:43,52523.6,52520.15,30,52532.3,75,0,193170
BANKNIFTY-II.NFO,31/10/2024,09:43:45,52523.6,52523.6,15,52533.2,75,0,193170
BANKNIFTY-II.NFO,31/10/2024,09:43:46,52523.6,52523.6,15,52533.35,75,0,193170
BANKNIFTY-II.NFO,31/10/2024,09:43:48,52523.6,52523.6,15,52533.5,75,0,193170
BANKNIFTY-II.NFO,31/10/2024,09:43:50,52531.6,52523.6,15,52530.5,75,15,193170
BANKNIFTY-II.NFO,31/10/2024,09:43:51,52531.6,52523.6,15,52532.85,75,0,193170
BANKNIFTY-II.NFO,31/10/2024,09:43:53,52531.6,52523.6,15,52532.25,75,0,193170
BANKNIFTY-II.NFO,31/10/2024,09:43:55,52531.6,52523.6,15,52535.9,60,0,193170
BANKNIFTY-II.NFO,31/10/2024,09:44:00,52531.6,52523.6,15,52534.45,75,0,193170
BANKNIFTY-II.NFO,31/10/2024,09:44:01,52531.6,52523.6,15,52530.4,75,0,193170
BANKNIFTY-II.NFO,31/10/2024,09:44:03,52531.6,52523.6,15,52534.55,75,0,193170
BANKNIFTY-II.NFO,31/10/2024,09:44:05,52531.6,52523.6,15,52532.95,75,0,193170
BANKNIFTY-II.NFO,31/10/2024,09:44:06,52531.6,52523.6,15,52533.3,60,0,193170
BANKNIFTY-II.NFO,31/10/2024,09:44:08,52531.6,52523.6,15,52533.05,75,0,193170
BANKNIFTY-II.NFO,31/10/2024,09:44:10,52531.6,52523.6,15,52535.9,60,0,193170
BANKNIFTY-II.NFO,31/10/2024,09:44:11,52531.6,52523.6,15,52535.7,60,0,193170
BANKNIFTY-II.NFO,31/10/2024,09:44:13,52531.6,52523.6,15,52535.9,60,0,193170
BANKNIFTY-II.NFO,31/10/2024,09:44:15,52531.6,52523.65,15,52535.95,15,0,193170
BANKNIFTY-II.NFO,31/10/2024,09:44:17,52535.3,52525.3,30,52535.95,15,120,193170
BANKNIFTY-II.NFO,31/10/2024,09:44:18,52535.95,52531.6,15,52541.65,60,15,193170
BANKNIFTY-II.NFO,31/10/2024,09:44:20,52532,52531.6,30,52542.2,30,15,193170
BANKNIFTY-II.NFO,31/10/2024,09:44:22,52532,52531.65,60,52543,600,0,193170
BANKNIFTY-II.NFO,31/10/2024,09:44:23,52532,52535.75,60,52543,600,0,193170
BANKNIFTY-II.NFO,31/10/2024,09:44:25,52532,52535.75,75,52543,600,0,193170
BANKNIFTY-II.NFO,31/10/2024,09:44:27,52532,52535.75,60,52543,600,0,193170
BANKNIFTY-II.NFO,31/10/2024,09:44:28,52532,52535.7,15,52543,600,0,193170
BANKNIFTY-II.NFO,31/10/2024,09:44:30,52532,52531.65,75,52543,600,0,193170
BANKNIFTY-II.NFO,31/10/2024,09:44:31,52532,52535.35,15,52543,600,0,193170
BANKNIFTY-II.NFO,31/10/2024,09:44:33,52532,52535.35,30,52543,600,0,193170
BANKNIFTY-II.NFO,31/10/2024,09:44:35,52532,52535.35,15,52543,600,0,193170
BANKNIFTY-II.NFO,31/10/2024,09:44:38,52532,52535.4,60,52543,600,0,193170
BANKNIFTY-II.NFO,31/10/2024,09:44:40,52543,52540.4,15,52543,585,15,193170
BANKNIFTY-II.NFO,31/10/2024,09:44:41,52543,52540.4,15,52543,585,0,193170
BANKNIFTY-II.NFO,31/10/2024,09:44:43,52543,52535.15,15,52543,585,0,193170
BANKNIFTY-II.NFO,31/10/2024,09:44:45,52543,52535.2,75,52543,585,0,193170
BANKNIFTY-II.NFO,31/10/2024,09:44:46,52534.25,52537.65,15,52543,585,270,193170
BANKNIFTY-II.NFO,31/10/2024,09:44:48,52534.25,52537.65,15,52543,585,0,193170
BANKNIFTY-II.NFO,31/10/2024,09:44:51,52534.25,52532,15,52541.65,75,0,193170
BANKNIFTY-II.NFO,31/10/2024,09:44:53,52534.25,52532,15,52542.95,60,0,193170
BANKNIFTY-II.NFO,31/10/2024,09:44:55,52534.25,52532.15,15,52543,585,0,193170
BANKNIFTY-II.NFO,31/10/2024,09:44:58,52534.25,52532.15,15,52542.75,75,0,193170
BANKNIFTY-II.NFO,31/10/2024,09:45:00,52534.25,52532.15,15,52542.95,60,0,193170
BANKNIFTY-II.NFO,31/10/2024,09:45:01,52534.25,52537.2,15,52543,585,0,193170
BANKNIFTY-II.NFO,31/10/2024,09:45:05,52543,52542.6,15,52543,465,120,193170
BANKNIFTY-II.NFO,31/10/2024,09:45:06,52549,52555,15,52559.95,60,480,193170
BANKNIFTY-II.NFO,31/10/2024,09:45:08,52560,52557.4,15,52560,90,15,193170
BANKNIFTY-II.NFO,31/10/2024,09:45:10,52563.55,52562.85,15,52566,15,120,193170
BANKNIFTY-II.NFO,31/10/2024,09:45:11,52570,52570,150,52575,375,30,193170
BANKNIFTY-II.NFO,31/10/2024,09:45:13,52594.7,52585.4,90,52594.95,60,405,193170
BANKNIFTY-II.NFO,31/10/2024,09:45:15,52594.7,52588.75,90,52595,30,0,193170
BANKNIFTY-II.NFO,31/10/2024,09:45:16,52594.7,52579.35,90,52593.05,60,0,193170
BANKNIFTY-II.NFO,31/10/2024,09:45:18,52594.7,52579.55,90,52593.9,60,0,193170
BANKNIFTY-II.NFO,31/10/2024,09:45:20,52594.95,52582.2,15,52594.75,60,15,193170
BANKNIFTY-II.NFO,31/10/2024,09:45:21,52594.95,52582.2,15,52594.95,60,0,193170
BANKNIFTY-II.NFO,31/10/2024,09:45:23,52583.45,52590.35,15,52595,30,105,193170
BANKNIFTY-II.NFO,31/10/2024,09:45:25,52600,52602.05,15,52611.05,30,375,193170
BANKNIFTY-II.NFO,31/10/2024,09:45:26,52600,52602.05,15,52610.5,60,0,193170
BANKNIFTY-II.NFO,31/10/2024,09:45:28,52633.2,52622.2,15,52632,45,255,193170
BANKNIFTY-II.NFO,31/10/2024,09:45:30,52617.1,52622.15,120,52634.6,15,45,193170
BANKNIFTY-II.NFO,31/10/2024,09:45:32,52617.1,52615.65,15,52627.6,105,0,193170
BANKNIFTY-II.NFO,31/10/2024,09:45:33,52617.1,52610.25,15,52620.65,90,0,193170
BANKNIFTY-II.NFO,31/10/2024,09:45:35,52617.1,52611,15,52622.5,90,0,193170
BANKNIFTY-II.NFO,31/10/2024,09:45:37,52617.1,52611.05,15,52623.9,90,0,193170
BANKNIFTY-II.NFO,31/10/2024,09:45:38,52617.1,52620.3,15,52631.45,105,0,193170
BANKNIFTY-II.NFO,31/10/2024,09:45:40,52617.1,52610,15,52621.55,90,0,193170
BANKNIFTY-II.NFO,31/10/2024,09:45:43,52617.1,52610.6,45,52617.1,15,0,193170
BANKNIFTY-II.NFO,31/10/2024,09:45:45,52617.1,52614.5,120,52629.9,90,15,193170
BANKNIFTY-II.NFO,31/10/2024,09:45:46,52629.7,52611.65,45,52617,45,30,193170
BANKNIFTY-II.NFO,31/10/2024,09:45:48,52629.7,52610.95,45,52614.35,15,0,193170
BANKNIFTY-II.NFO,31/10/2024,09:45:50,52617,52610,15,52621.7,30,60,193170
BANKNIFTY-II.NFO,31/10/2024,09:45:51,52617,52610,15,52620.25,105,0,193170
BANKNIFTY-II.NFO,31/10/2024,09:45:53,52617,52610,15,52623.15,90,0,193170
BANKNIFTY-II.NFO,31/10/2024,09:45:55,52617,52610.05,165,52624.15,90,0,193170
BANKNIFTY-II.NFO,31/10/2024,09:45:56,52617,52610,15,52620.55,90,0,193170
BANKNIFTY-II.NFO,31/10/2024,09:45:58,52617,52610,15,52623.8,90,0,193170
BANKNIFTY-II.NFO,31/10/2024,09:46:00,52617,52610,15,52621.15,90,0,193170
BANKNIFTY-II.NFO,31/10/2024,09:46:01,52617,52610,15,52619.65,90,0,193170
BANKNIFTY-II.NFO,31/10/2024,09:46:03,52617,52610,15,52615.6,90,0,193170
BANKNIFTY-II.NFO,31/10/2024,09:46:05,52610,52602.6,30,52616.2,90,15,193155
BANKNIFTY-II.NFO,31/10/2024,09:46:06,52614.6,52602.85,30,52617,75,15,193155
BANKNIFTY-II.NFO,31/10/2024,09:46:08,52614.6,52603.7,30,52617.8,75,0,193155
BANKNIFTY-II.NFO,31/10/2024,09:46:09,52614.6,52602.55,135,52618.4,90,0,193155
BANKNIFTY-II.NFO,31/10/2024,09:46:11,52614.6,52599.8,15,52613.5,90,0,193155
BANKNIFTY-II.NFO,31/10/2024,09:46:13,52613.25,52605.55,30,52617.9,60,15,193155
BANKNIFTY-II.NFO,31/10/2024,09:46:14,52613.25,52605.25,15,52617.9,60,0,193155
BANKNIFTY-II.NFO,31/10/2024,09:46:16,52613.25,52607.6,15,52619.95,15,0,193155
BANKNIFTY-II.NFO,31/10/2024,09:46:18,52613.25,52608.05,120,52619.95,15,0,193155
BANKNIFTY-II.NFO,31/10/2024,09:46:19,52613.25,52600.85,30,52605.55,75,0,193155
BANKNIFTY-II.NFO,31/10/2024,09:46:21,52599.7,52599.7,120,52605.55,75,30,193155
BANKNIFTY-II.NFO,31/10/2024,09:46:23,52601.75,52598.6,120,52605.55,60,30,193155
BANKNIFTY-II.NFO,31/10/2024,09:46:24,52601.75,52598.95,135,52605.55,60,0,193155
BANKNIFTY-II.NFO,31/10/2024,09:46:26,52601.75,52598.35,30,52605.55,60,0,193155
BANKNIFTY-II.NFO,31/10/2024,09:46:28,52601.75,52596.4,30,52605.55,60,0,193155
BANKNIFTY-II.NFO,31/10/2024,09:46:29,52601.75,52596.5,15,52605.55,60,0,193155
BANKNIFTY-II.NFO,31/10/2024,09:46:31,52601.75,52593.9,30,52600,15,0,193155
BANKNIFTY-II.NFO,31/10/2024,09:46:32,52601.75,52595.25,135,52599.7,15,0,193155
BANKNIFTY-II.NFO,31/10/2024,09:46:34,52599.7,52595.3,135,52600,15,15,193155
BANKNIFTY-II.NFO,31/10/2024,09:46:36,52596.3,52595.15,135,52600,15,30,193155
BANKNIFTY-II.NFO,31/10/2024,09:46:37,52605.55,52609.4,120,52623,600,75,193155
BANKNIFTY-II.NFO,31/10/2024,09:46:39,52605.55,52611.8,135,52623,600,0,193155
BANKNIFTY-II.NFO,31/10/2024,09:46:41,52605.55,52605.7,120,52622.75,45,0,193155
BANKNIFTY-II.NFO,31/10/2024,09:46:43,52607.35,52608.3,120,52623,600,15,193155
BANKNIFTY-II.NFO,31/10/2024,09:46:44,52607.35,52608.1,120,52623,600,0,193155
BANKNIFTY-II.NFO,31/10/2024,09:46:46,52607.35,52608.9,120,52623,600,0,193155
BANKNIFTY-II.NFO,31/10/2024,09:46:48,52607.5,52606.35,90,52622.25,30,30,193155
BANKNIFTY-II.NFO,31/10/2024,09:46:49,52607.5,52610.7,75,52623,600,0,193155
BANKNIFTY-II.NFO,31/10/2024,09:46:51,52620.5,52604.25,75,52620.15,120,15,193155
BANKNIFTY-II.NFO,31/10/2024,09:46:53,52620.5,52601.8,75,52616.05,120,0,193155
BANKNIFTY-II.NFO,31/10/2024,09:46:54,52620.5,52602.95,30,52615.45,135,0,193155
BANKNIFTY-II.NFO,31/10/2024,09:46:56,52620.5,52605.5,75,52617.95,15,0,193155
BANKNIFTY-II.NFO,31/10/2024,09:46:58,52620.5,52609.4,75,52621.95,15,0,193155
BANKNIFTY-II.NFO,31/10/2024,09:46:59,52620.5,52613.05,75,52622,15,0,193155
BANKNIFTY-II.NFO,31/10/2024,09:47:01,52614.6,52615.15,45,52622,15,30,193155
BANKNIFTY-II.NFO,31/10/2024,09:47:03,52623,52618.75,60,52623,585,30,193155
BANKNIFTY-II.NFO,31/10/2024,09:47:04,52623,52617.6,45,52623,570,15,193155
BANKNIFTY-II.NFO,31/10/2024,09:47:06,52623,52614.85,45,52623,465,105,193155
BANKNIFTY-II.NFO,31/10/2024,09:47:08,52623,52622.8,15,52623,465,0,193155
BANKNIFTY-II.NFO,31/10/2024,09:47:09,52630.2,52612.35,135,52629.85,75,630,193155
BANKNIFTY-II.NFO,31/10/2024,09:47:11,52630.2,52612.65,15,52628.2,75,0,193155
BANKNIFTY-II.NFO,31/10/2024,09:47:13,52630.2,52616,30,52629.9,75,0,193155
BANKNIFTY-II.NFO,31/10/2024,09:47:14,52630.2,52617.1,15,52630.15,75,0,193155
BANKNIFTY-II.NFO,31/10/2024,09:47:16,52630.2,52617.9,120,52630.2,30,0,193155
BANKNIFTY-II.NFO,31/10/2024,09:47:17,52630.2,52618.25,15,52630.2,30,0,193155
BANKNIFTY-II.NFO,31/10/2024,09:47:19,52630.2,52616.55,15,52629.95,75,0,193155
BANKNIFTY-II.NFO,31/10/2024,09:47:21,52630.2,52616.65,30,52630.15,75,0,193155
BANKNIFTY-II.NFO,31/10/2024,09:47:22,52630.2,52621.65,120,52630.2,30,0,193155
BANKNIFTY-II.NFO,31/10/2024,09:47:24,52630.2,52622.15,135,52630.2,30,0,193155
BANKNIFTY-II.NFO,31/10/2024,09:47:26,52622.15,52623.75,150,52630.2,30,15,193155
BANKNIFTY-II.NFO,31/10/2024,09:47:27,52630.2,52625.15,150,52630.2,15,15,193155
BANKNIFTY-II.NFO,31/10/2024,09:47:29,52625.5,52625.8,150,52630.2,15,15,193155
BANKNIFTY-II.NFO,31/10/2024,09:47:31,52625.5,52624,15,52630.2,15,0,193155
BANKNIFTY-II.NFO,31/10/2024,09:47:32,52622.15,52621,15,52622.15,45,60,193155
BANKNIFTY-II.NFO,31/10/2024,09:47:34,52622.15,52622.25,135,52630.2,15,45,193155
BANKNIFTY-II.NFO,31/10/2024,09:47:36,52622.15,52627.1,150,52630.2,15,0,193155
BANKNIFTY-II.NFO,31/10/2024,09:47:37,52640,52639.3,120,52647.8,30,60,193155
BANKNIFTY-II.NFO,31/10/2024,09:47:39,52650,52638.5,120,52650,30,60,193155
BANKNIFTY-II.NFO,31/10/2024,09:47:41,52650,52635,135,52647.95,15,0,193155
BANKNIFTY-II.NFO,31/10/2024,09:47:42,52650,52633.25,135,52645.95,15,0,193155
BANKNIFTY-II.NFO,31/10/2024,09:47:44,52651.9,52642.55,135,52653,90,75,193155
BANKNIFTY-II.NFO,31/10/2024,09:47:46,52651.9,52638.2,15,52651.9,75,0,193155
BANKNIFTY-II.NFO,31/10/2024,09:47:47,52651.9,52644.95,15,52653,90,0,193155
BANKNIFTY-II.NFO,31/10/2024,09:47:49,52636.35,52636.35,120,52649.9,75,45,193155
BANKNIFTY-II.NFO,31/10/2024,09:47:51,52636.35,52632.55,120,52648.65,75,0,193155
BANKNIFTY-II.NFO,31/10/2024,09:47:52,52636.35,52630.3,30,52645.6,75,0,193155
BANKNIFTY-II.NFO,31/10/2024,09:47:54,52643.2,52630.3,30,52641.6,45,30,193155
BANKNIFTY-II.NFO,31/10/2024,09:47:56,52643.2,52626.5,30,52636.15,45,0,193155
BANKNIFTY-II.NFO,31/10/2024,09:47:57,52639.9,52626.3,30,52639.7,30,15,193155
BANKNIFTY-II.NFO,31/10/2024,09:47:59,52639.9,52624.5,30,52637.9,30,0,193155
BANKNIFTY-II.NFO,31/10/2024,09:48:01,52639.9,52621.6,30,52635.3,30,0,193155
BANKNIFTY-II.NFO,31/10/2024,09:48:02,52639.9,52624.5,30,52635.15,30,0,193155
BANKNIFTY-II.NFO,31/10/2024,09:48:04,52639.9,52624.5,30,52636.8,30,0,193155
BANKNIFTY-II.NFO,31/10/2024,09:48:06,52639.9,52624.5,30,52631.6,30,0,193155
BANKNIFTY-II.NFO,31/10/2024,09:48:07,52639.9,52630,30,52636.5,30,0,193155
BANKNIFTY-II.NFO,31/10/2024,09:48:09,52639.9,52630,30,52635.95,30,0,193155
BANKNIFTY-II.NFO,31/10/2024,09:48:11,52639.9,52630,30,52641.65,30,0,193155
BANKNIFTY-II.NFO,31/10/2024,09:48:12,52641.9,52633,30,52643.3,30,30,193155
BANKNIFTY-II.NFO,31/10/2024,09:48:14,52641.9,52633,30,52646.6,30,0,193155
BANKNIFTY-II.NFO,31/10/2024,09:48:16,52641.9,52633,30,52646.2,30,0,193155
BANKNIFTY-II.NFO,31/10/2024,09:48:17,52641.9,52633,30,52644.6,30,0,193155
BANKNIFTY-II.NFO,31/10/2024,09:48:19,52641.9,52640,30,52646.2,30,0,193155
BANKNIFTY-II.NFO,31/10/2024,09:48:21,52640,52623.6,45,52640.9,30,30,193155
BANKNIFTY-II.NFO,31/10/2024,09:48:22,52640,52623.6,45,52641.9,30,0,193155
BANKNIFTY-II.NFO,31/10/2024,09:48:24,52640,52630,15,52635.45,15,0,193155
BANKNIFTY-II.NFO,31/10/2024,09:48:26,52640,52630,120,52635.45,15,0,193155
BANKNIFTY-II.NFO,31/10/2024,09:48:29,52632.45,52631.25,45,52643.95,15,30,193155
BANKNIFTY-II.NFO,31/10/2024,09:48:31,52632.45,52631.3,45,52645.95,15,0,193155
BANKNIFTY-II.NFO,31/10/2024,09:48:32,52632.45,52631.75,30,52645.95,15,0,193155
BANKNIFTY-II.NFO,31/10/2024,09:48:34,52632.45,52633.7,45,52645.95,15,0,193155
BANKNIFTY-II.NFO,31/10/2024,09:48:36,52632.45,52632.45,135,52645.95,15,0,193155
BANKNIFTY-II.NFO,31/10/2024,09:48:37,52632.45,52634.8,135,52649.95,15,0,193155
BANKNIFTY-II.NFO,31/10/2024,09:48:39,52632.45,52633,120,52649.9,30,0,193155
BANKNIFTY-II.NFO,31/10/2024,09:48:41,52632.45,52633.05,30,52649.9,30,0,193155
BANKNIFTY-II.NFO,31/10/2024,09:48:42,52632.45,52635.2,135,52650,15,0,193155
BANKNIFTY-II.NFO,31/10/2024,09:48:44,52632.45,52636.05,30,52649.95,15,0,193155
BANKNIFTY-II.NFO,31/10/2024,09:48:46,52632.45,52638.5,135,52650,15,0,193155
BANKNIFTY-II.NFO,31/10/2024,09:48:47,52632.45,52639.9,135,52650,15,0,193155
BANKNIFTY-II.NFO,31/10/2024,09:48:49,52632.45,52639.4,135,52650,15,0,193155
BANKNIFTY-II.NFO,31/10/2024,09:48:51,52632.45,52637.85,120,52649.95,15,0,193155
BANKNIFTY-II.NFO,31/10/2024,09:48:52,52650,52650,90,52653,90,45,193155
BANKNIFTY-II.NFO,31/10/2024,09:48:54,52650,52650,75,52653,90,15,193155
BANKNIFTY-II.NFO,31/10/2024,09:48:56,52650,52650.05,120,52653,90,0,193155
BANKNIFTY-II.NFO,31/10/2024,09:48:57,52650,52650,75,52653,90,0,193155
BANKNIFTY-II.NFO,31/10/2024,09:48:59,52653,52650,60,52653,75,30,193125
BANKNIFTY-II.NFO,31/10/2024,09:49:01,52653,52650,60,52653,75,0,193125
BANKNIFTY-II.NFO,31/10/2024,09:49:02,52650,52639.9,135,52653,75,60,193125
BANKNIFTY-II.NFO,31/10/2024,09:49:04,52653,52650,60,52653,60,15,193125
BANKNIFTY-II.NFO,31/10/2024,09:49:06,52653,52650,60,52653,60,0,193125
BANKNIFTY-II.NFO,31/10/2024,09:49:09,52653,52650,60,52653,75,0,193125
BANKNIFTY-II.NFO,31/10/2024,09:49:12,52653,52650.05,120,52653,75,0,193125
BANKNIFTY-II.NFO,31/10/2024,09:49:16,52653,52650,60,52653,75,0,193125
BANKNIFTY-II.NFO,31/10/2024,09:49:17,52653,52650.05,120,52653,75,0,193125
BANKNIFTY-II.NFO,31/10/2024,09:49:19,52653,52650,60,52653,75,0,193125
BANKNIFTY-II.NFO,31/10/2024,09:49:21,52653,52650.05,120,52653,75,0,193125
BANKNIFTY-II.NFO,31/10/2024,09:49:22,52653,52650.05,135,52653,75,0,193125
BANKNIFTY-II.NFO,31/10/2024,09:49:24,52653,52650.05,120,52653,75,0,193125
BANKNIFTY-II.NFO,31/10/2024,09:49:26,52653,52650.05,135,52653,75,0,193125
BANKNIFTY-II.NFO,31/10/2024,09:49:27,52662.55,52661.15,120,52671.6,15,255,193125
BANKNIFTY-II.NFO,31/10/2024,09:49:27,52662.55,52661.15,120,52671.6,15,0,193125
BANKNIFTY-II.NFO,31/10/2024,09:49:29,52662.55,52666.3,120,52671.6,15,0,193125
BANKNIFTY-II.NFO,31/10/2024,09:49:31,52690,52687.75,120,52690,330,60,193125
BANKNIFTY-II.NFO,31/10/2024,09:49:31,52690,52687.75,120,52690,330,0,193125
BANKNIFTY-II.NFO,31/10/2024,09:49:32,52690,52684.95,135,52695,30,330,193125
BANKNIFTY-II.NFO,31/10/2024,09:49:34,52686.75,52688.85,120,52695,30,15,193125
BANKNIFTY-II.NFO,31/10/2024,09:49:36,52686.75,52692.8,120,52695,30,0,193125
BANKNIFTY-II.NFO,31/10/2024,09:49:37,52686.75,52689.75,120,52695,30,0,193125
BANKNIFTY-II.NFO,31/10/2024,09:49:39,52690.45,52685.65,135,52695,30,30,193125
BANKNIFTY-II.NFO,31/10/2024,09:49:39,52690.45,52685.65,135,52695,30,0,193125
BANKNIFTY-II.NFO,31/10/2024,09:49:41,52690.45,52689.6,135,52695,30,0,193125
BANKNIFTY-II.NFO,31/10/2024,09:49:42,52695,52688.8,135,52699.95,90,30,193125
BANKNIFTY-II.NFO,31/10/2024,09:49:42,52695,52688.8,135,52699.95,90,0,193125
BANKNIFTY-II.NFO,31/10/2024,09:49:44,52695,52691.15,120,52699,15,0,193125
BANKNIFTY-II.NFO,31/10/2024,09:49:46,52710.25,52691.6,120,52706.45,30,615,193125
BANKNIFTY-II.NFO,31/10/2024,09:49:46,52710.25,52691.6,120,52706.45,30,0,193125
BANKNIFTY-II.NFO,31/10/2024,09:49:47,52691.3,52685.2,135,52700,15,15,193125
BANKNIFTY-II.NFO,31/10/2024,09:49:49,52695,52688.9,120,52700,15,15,193125
BANKNIFTY-II.NFO,31/10/2024,09:49:51,52695,52690,15,52698.9,15,0,193125
BANKNIFTY-II.NFO,31/10/2024,09:49:52,52695,52690,15,52693.4,15,0,193125
BANKNIFTY-II.NFO,31/10/2024,09:49:54,52694.95,52690,15,52694.85,30,30,193125
BANKNIFTY-II.NFO,31/10/2024,09:49:56,52690,52680,15,52694.85,30,15,193125
BANKNIFTY-II.NFO,31/10/2024,09:49:57,52694.85,52680,30,52694.65,30,30,193125
BANKNIFTY-II.NFO,31/10/2024,09:49:59,52673.85,52673.1,120,52693.9,120,645,193125
BANKNIFTY-II.NFO,31/10/2024,09:50:01,52682.95,52683.2,105,52695,15,15,193125
BANKNIFTY-II.NFO,31/10/2024,09:50:02,52683,52683,15,52695,15,120,193125
BANKNIFTY-II.NFO,31/10/2024,09:50:04,52683,52682.9,30,52695,15,0,193125
BANKNIFTY-II.NFO,31/10/2024,09:50:06,52683,52684.8,30,52695,15,0,193125
BANKNIFTY-II.NFO,31/10/2024,09:50:07,52683,52682.5,30,52695,15,0,193125
BANKNIFTY-II.NFO,31/10/2024,09:50:09,52695,52686.55,15,52700,60,15,193125
BANKNIFTY-II.NFO,31/10/2024,09:50:11,52695,52687.6,30,52700,60,15,193125
BANKNIFTY-II.NFO,31/10/2024,09:50:12,52695,52690.3,150,52700,60,0,193125
BANKNIFTY-II.NFO,31/10/2024,09:50:14,52695,52682.05,75,52695,15,0,193125
BANKNIFTY-II.NFO,31/10/2024,09:50:16,52695,52689.9,150,52695,15,0,193125
BANKNIFTY-II.NFO,31/10/2024,09:50:17,52695,52689.6,75,52700,45,15,193125
BANKNIFTY-II.NFO,31/10/2024,09:50:19,52700,52693.4,15,52700,30,15,193125
BANKNIFTY-II.NFO,31/10/2024,09:50:21,52695,52687.95,15,52698.95,30,150,193125
BANKNIFTY-II.NFO,31/10/2024,09:50:22,52695,52680.25,15,52691.5,30,0,193125
BANKNIFTY-II.NFO,31/10/2024,09:50:24,52695,52676.15,30,52684.5,135,0,193125
BANKNIFTY-II.NFO,31/10/2024,09:50:26,52678.6,52670.1,15,52680.4,135,15,193125
BANKNIFTY-II.NFO,31/10/2024,09:50:27,52671.2,52670.1,45,52680.25,120,45,193125
BANKNIFTY-II.NFO,31/10/2024,09:50:29,52673.1,52670.1,15,52676.15,120,15,193125
BANKNIFTY-II.NFO,31/10/2024,09:50:31,52673.1,52670.1,15,52675.35,135,0,193125
BANKNIFTY-II.NFO,31/10/2024,09:50:32,52673.1,52670.1,15,52683.6,135,0,193125
BANKNIFTY-II.NFO,31/10/2024,09:50:34,52673.1,52670.15,30,52685.9,135,0,193125
BANKNIFTY-II.NFO,31/10/2024,09:50:36,52673.1,52670.1,15,52682.4,30,0,193125
BANKNIFTY-II.NFO,31/10/2024,09:50:37,52673.1,52670.1,15,52681.5,120,15,193125
BANKNIFTY-II.NFO,31/10/2024,09:50:39,52673.1,52670.15,30,52684.1,135,0,193125
BANKNIFTY-II.NFO,31/10/2024,09:50:41,52682.65,52670.1,15,52682.35,45,15,193125
BANKNIFTY-II.NFO,31/10/2024,09:50:42,52673.1,52670.1,15,52681.15,120,15,193125
BANKNIFTY-II.NFO,31/10/2024,09:50:44,52679.3,52670,15,52679.1,135,30,193125
BANKNIFTY-II.NFO,31/10/2024,09:50:46,52679.3,52670,15,52679.35,120,0,193125
BANKNIFTY-II.NFO,31/10/2024,09:50:47,52679.3,52670,15,52682.2,120,0,193125
BANKNIFTY-II.NFO,31/10/2024,09:50:49,52685.1,52670.05,60,52685.8,120,15,193125
BANKNIFTY-II.NFO,31/10/2024,09:50:51,52685.1,52670.05,60,52684.7,30,0,193125
BANKNIFTY-II.NFO,31/10/2024,09:50:52,52670.05,52670.05,30,52684.7,30,30,193125
BANKNIFTY-II.NFO,31/10/2024,09:50:54,52666.3,52671.05,30,52685.9,30,90,193125
BANKNIFTY-II.NFO,31/10/2024,09:50:56,52666.3,52671.75,15,52685.95,15,0,193125
BANKNIFTY-II.NFO,31/10/2024,09:50:57,52666.3,52669,15,52682.65,30,0,193125
BANKNIFTY-II.NFO,31/10/2024,09:50:59,52666.3,52673,105,52684.25,30,0,193125
BANKNIFTY-II.NFO,31/10/2024,09:51:01,52684.25,52673,105,52683.65,45,15,193125
BANKNIFTY-II.NFO,31/10/2024,09:51:02,52684.25,52673,105,52682.15,45,0,193125
BANKNIFTY-II.NFO,31/10/2024,09:51:04,52673,52673,90,52677.75,135,60,193125
BANKNIFTY-II.NFO,31/10/2024,09:51:06,52680.5,52673,90,52683,90,180,193125
BANKNIFTY-II.NFO,31/10/2024,09:51:07,52680.5,52673,90,52681.6,90,0,193125
BANKNIFTY-II.NFO,31/10/2024,09:51:09,52680.5,52673,90,52679.4,90,0,193125
BANKNIFTY-II.NFO,31/10/2024,09:51:11,52680.5,52673,90,52678.8,90,0,193125
BANKNIFTY-II.NFO,31/10/2024,09:51:12,52680.5,52673,90,52682.7,90,0,193125
BANKNIFTY-II.NFO,31/10/2024,09:51:14,52680.5,52673,90,52682,90,0,193125
BANKNIFTY-II.NFO,31/10/2024,09:51:16,52680.5,52675,120,52688.95,75,0,193125
BANKNIFTY-II.NFO,31/10/2024,09:51:17,52680.5,52673.15,120,52685.65,30,0,193125
BANKNIFTY-II.NFO,31/10/2024,09:51:19,52680.5,52673.25,30,52686.75,75,0,193125
BANKNIFTY-II.NFO,31/10/2024,09:51:21,52687.9,52680.7,120,52688,15,30,193125
BANKNIFTY-II.NFO,31/10/2024,09:51:22,52687.9,52681.4,120,52688,15,0,193125
BANKNIFTY-II.NFO,31/10/2024,09:51:24,52687.9,52686,30,52688,15,0,193125
BANKNIFTY-II.NFO,31/10/2024,09:51:26,52687.9,52686.05,120,52688,15,0,193125
BANKNIFTY-II.NFO,31/10/2024,09:51:27,52687.9,52686,30,52688,15,0,193125
BANKNIFTY-II.NFO,31/10/2024,09:51:29,52687.9,52686.05,15,52688,15,0,193125
BANKNIFTY-II.NFO,31/10/2024,09:51:31,52690,52686.15,15,52693.5,60,45,193125
BANKNIFTY-II.NFO,31/10/2024,09:51:32,52690,52686.25,120,52693.5,60,0,193125
BANKNIFTY-II.NFO,31/10/2024,09:51:37,52693.5,52686,30,52693.5,45,30,193125
BANKNIFTY-II.NFO,31/10/2024,09:51:39,52693.5,52685.8,45,52690,150,0,193125
BANKNIFTY-II.NFO,31/10/2024,09:51:42,52690,52685.8,45,52690,135,15,193125
BANKNIFTY-II.NFO,31/10/2024,09:51:44,52690,52685.8,45,52690,135,0,193125
BANKNIFTY-II.NFO,31/10/2024,09:51:52,52689.95,52673,90,52686.45,30,45,193125
BANKNIFTY-II.NFO,31/10/2024,09:51:54,52689.95,52673,90,52686.6,30,0,193125
BANKNIFTY-II.NFO,31/10/2024,09:51:56,52689.95,52673,90,52683.9,15,0,193125
BANKNIFTY-II.NFO,31/10/2024,09:51:57,52689.95,52673,90,52686.4,15,0,193125
BANKNIFTY-II.NFO,31/10/2024,09:51:59,52689.95,52673.05,30,52687.9,30,0,193125
BANKNIFTY-II.NFO,31/10/2024,09:52:01,52673,52673,75,52684.85,15,15,193035
BANKNIFTY-II.NFO,31/10/2024,09:52:02,52673,52673,75,52684.85,15,0,193035
BANKNIFTY-II.NFO,31/10/2024,09:52:07,52673,52675,15,52683.7,15,0,193035
BANKNIFTY-II.NFO,31/10/2024,09:52:09,52673,52675,15,52682.4,15,0,193035
BANKNIFTY-II.NFO,31/10/2024,09:52:11,52675,52673,75,52675.05,30,15,193035
BANKNIFTY-II.NFO,31/10/2024,09:52:12,52674.05,52673,75,52678.65,15,15,193035
BANKNIFTY-II.NFO,31/10/2024,09:52:14,52673,52673,60,52677.2,45,15,193035
BANKNIFTY-II.NFO,31/10/2024,09:52:16,52673,52673,60,52680.1,15,0,193035
BANKNIFTY-II.NFO,31/10/2024,09:52:17,52673,52673,60,52684.55,30,0,193035
BANKNIFTY-II.NFO,31/10/2024,09:52:19,52682.65,52673,60,52684.45,45,90,193035
BANKNIFTY-II.NFO,31/10/2024,09:52:21,52682.65,52673,75,52685.95,30,0,193035
BANKNIFTY-II.NFO,31/10/2024,09:52:22,52682.65,52673,15,52685.95,30,0,193035
BANKNIFTY-II.NFO,31/10/2024,09:52:24,52682.65,52673,15,52681.85,30,0,193035
BANKNIFTY-II.NFO,31/10/2024,09:52:26,52673,52665.1,15,52670.35,30,15,193035
BANKNIFTY-II.NFO,31/10/2024,09:52:27,52673,52665.1,15,52672.4,30,0,193035
BANKNIFTY-II.NFO,31/10/2024,09:52:29,52673,52665.1,15,52677.9,30,0,193035
BANKNIFTY-II.NFO,31/10/2024,09:52:31,52673,52665.1,15,52675.5,15,0,193035
BANKNIFTY-II.NFO,31/10/2024,09:52:32,52673,52665.1,15,52677.95,30,0,193035
BANKNIFTY-II.NFO,31/10/2024,09:52:34,52673,52665.7,120,52681.7,30,0,193035
BANKNIFTY-II.NFO,31/10/2024,09:52:36,52677.75,52665.1,15,52677.65,30,90,193035
BANKNIFTY-II.NFO,31/10/2024,09:52:37,52677.75,52665.1,15,52676.85,15,0,193035
BANKNIFTY-II.NFO,31/10/2024,09:52:39,52677.75,52659.1,30,52674.7,45,0,193035
BANKNIFTY-II.NFO,31/10/2024,09:52:41,52660.25,52652.75,30,52660.25,15,15,193035
BANKNIFTY-II.NFO,31/10/2024,09:52:42,52660.25,52654.1,30,52660.25,15,0,193035
BANKNIFTY-II.NFO,31/10/2024,09:52:44,52667.45,52653.7,30,52667.7,45,90,193035
BANKNIFTY-II.NFO,31/10/2024,09:52:46,52667.45,52651.05,30,52665.5,45,0,193035
