Ticker,Date,Time,LTP,BuyPrice,BuyQty,SellPrice,SellQty,LTQ,OpenInterest
NIFTY-II.NFO,31/10/2024,09:15:00,24472.75,24459.7,25,24478.95,25,225,7817475
NIFTY-II.NFO,31/10/2024,09:15:00,24472.75,24459.7,25,24478.95,25,0,7817475
NIFTY-II.NFO,31/10/2024,09:15:00,24479.95,24459.7,25,24478.95,25,0,7817475
NIFTY-II.NFO,31/10/2024,09:15:00,24453.65,24459.7,25,24478.95,25,0,7817475
NIFTY-II.NFO,31/10/2024,09:15:01,24471.85,24460.25,100,24471.85,125,2200,7817475
NIFTY-II.NFO,31/10/2024,09:15:02,24456.55,24457.2,25,24469.75,100,2575,7817475
NIFTY-II.NFO,31/10/2024,09:15:04,24460.2,24460.2,50,24469.55,100,1725,7817475
NIFTY-II.NFO,31/10/2024,09:15:05,24459.35,24459.35,75,24462.35,325,1500,7817475
NIFTY-II.NFO,31/10/2024,09:15:07,24462.15,24462.2,25,24472.15,125,4400,7817475
NIFTY-II.NFO,31/10/2024,09:15:09,24461.4,24456.3,100,24461.4,250,2325,7817475
NIFTY-II.NFO,31/10/2024,09:15:10,24453.6,24451.5,25,24463.25,150,2750,7817475
NIFTY-II.NFO,31/10/2024,09:15:10,24453.6,24451.5,25,24463.25,150,0,7817475
NIFTY-II.NFO,31/10/2024,09:15:12,24450.05,24450.05,50,24452,50,1250,7817475
NIFTY-II.NFO,31/10/2024,09:15:12,24450,24450.05,50,24452,50,0,7817475
NIFTY-II.NFO,31/10/2024,09:15:13,24445.2,24451,25,24455.5,100,2675,7817475
NIFTY-II.NFO,31/10/2024,09:15:13,24445.2,24451,25,24455.5,100,0,7817475
NIFTY-II.NFO,31/10/2024,09:15:15,24446.95,24445.05,250,24446.95,250,425,7817475
NIFTY-II.NFO,31/10/2024,09:15:15,24445.1,24445.05,250,24446.95,250,0,7817475
NIFTY-II.NFO,31/10/2024,09:15:17,24445.05,24442.15,100,24446.95,375,1275,7817475
NIFTY-II.NFO,31/10/2024,09:15:17,24442,24442.15,100,24446.95,375,0,7817475
NIFTY-II.NFO,31/10/2024,09:15:18,24446.9,24441.15,100,24446.9,25,1250,7817475
NIFTY-II.NFO,31/10/2024,09:15:18,24440,24441.15,100,24446.9,25,0,7817475
NIFTY-II.NFO,31/10/2024,09:15:20,24446.95,24441.15,50,24446.8,50,375,7817475
NIFTY-II.NFO,31/10/2024,09:15:21,24440.05,24440.05,25,24440.55,750,5325,7817475
NIFTY-II.NFO,31/10/2024,09:15:23,24436,24435.05,100,24436,500,675,7817475
NIFTY-II.NFO,31/10/2024,09:15:23,24436,24435.05,100,24436,500,0,7817475
NIFTY-II.NFO,31/10/2024,09:15:25,24438,24435.65,100,24440.05,600,5725,7817475
NIFTY-II.NFO,31/10/2024,09:15:25,24435.05,24435.65,100,24440.05,600,0,7817475
NIFTY-II.NFO,31/10/2024,09:15:26,24436.7,24438.05,100,24440.05,600,3650,7817475
NIFTY-II.NFO,31/10/2024,09:15:26,24434.55,24438.05,100,24440.05,600,0,7817475
NIFTY-II.NFO,31/10/2024,09:15:28,24438.6,24439.8,25,24444.95,100,4300,7817475
NIFTY-II.NFO,31/10/2024,09:15:29,24442.55,24442.65,50,24449.95,100,2975,7817475
NIFTY-II.NFO,31/10/2024,09:15:31,24447,24441.5,25,24447,725,3400,7817475
NIFTY-II.NFO,31/10/2024,09:15:33,24446.9,24439.4,25,24446.75,100,2350,7817475
NIFTY-II.NFO,31/10/2024,09:15:34,24439.3,24437.65,175,24439.3,150,550,7817475
NIFTY-II.NFO,31/10/2024,09:15:36,24430.2,24430.05,100,24435.95,200,2325,7817475
NIFTY-II.NFO,31/10/2024,09:15:36,24430,24430.05,100,24435.95,200,0,7817475
NIFTY-II.NFO,31/10/2024,09:15:37,24431.1,24427.4,100,24431.1,300,2850,7817475
NIFTY-II.NFO,31/10/2024,09:15:37,24427.3,24427.4,100,24431.1,300,0,7817475
NIFTY-II.NFO,31/10/2024,09:15:39,24431.1,24426.55,75,24431.1,100,2950,7817475
NIFTY-II.NFO,31/10/2024,09:15:39,24426,24426.55,75,24431.1,100,0,7817475
NIFTY-II.NFO,31/10/2024,09:15:41,24430,24426.15,75,24430,325,175,7817475
NIFTY-II.NFO,31/10/2024,09:15:42,24430,24426.15,100,24430,250,975,7817475
NIFTY-II.NFO,31/10/2024,09:15:44,24430.9,24425.05,25,24430.95,25,1250,7817475
NIFTY-II.NFO,31/10/2024,09:15:44,24425,24425.05,25,24430.95,25,0,7817475
NIFTY-II.NFO,31/10/2024,09:15:46,24429.45,24425.05,100,24428.95,25,925,7817475
NIFTY-II.NFO,31/10/2024,09:15:47,24426.5,24425.1,100,24428.45,25,625,7829850
NIFTY-II.NFO,31/10/2024,09:15:49,24425.05,24425.05,50,24427.45,25,1200,7829850
NIFTY-II.NFO,31/10/2024,09:15:50,24425.05,24425.05,125,24425.45,25,1275,7829850
NIFTY-II.NFO,31/10/2024,09:15:52,24424.95,24422.05,75,24424.95,25,975,7829850
NIFTY-II.NFO,31/10/2024,09:15:52,24421,24422.05,75,24424.95,25,0,7829850
NIFTY-II.NFO,31/10/2024,09:15:54,24420,24418.5,100,24420,375,1300,7829850
NIFTY-II.NFO,31/10/2024,09:15:54,24419.75,24418.5,100,24420,375,0,7829850
NIFTY-II.NFO,31/10/2024,09:15:55,24420.05,24420.05,75,24424.95,25,925,7829850
NIFTY-II.NFO,31/10/2024,09:15:55,24419.55,24420.05,75,24424.95,25,0,7829850
NIFTY-II.NFO,31/10/2024,09:15:57,24420.2,24420.05,25,24422.95,25,375,7829850
NIFTY-II.NFO,31/10/2024,09:15:59,24425.15,24422.05,100,24424.95,25,1800,7829850
NIFTY-II.NFO,31/10/2024,09:16:00,24426.7,24423,100,24424.95,100,775,7829850
NIFTY-II.NFO,31/10/2024,09:16:02,24423,24423,25,24424.95,25,975,7829850
NIFTY-II.NFO,31/10/2024,09:16:03,24420,24418.4,100,24420,1575,4050,7829850
NIFTY-II.NFO,31/10/2024,09:16:03,24418.45,24418.4,100,24420,1575,0,7829850
NIFTY-II.NFO,31/10/2024,09:16:05,24426.15,24425,75,24425.95,25,1925,7829850
NIFTY-II.NFO,31/10/2024,09:16:07,24423,24420.05,100,24423,100,2525,7829850
NIFTY-II.NFO,31/10/2024,09:16:08,24424.95,24422.25,350,24424.95,25,2425,7829850
NIFTY-II.NFO,31/10/2024,09:16:10,24426.95,24422.35,50,24426.95,700,5900,7829850
NIFTY-II.NFO,31/10/2024,09:16:10,24417.3,24422.35,50,24426.95,700,0,7829850
NIFTY-II.NFO,31/10/2024,09:16:12,24430,24422,25,24428.95,200,2925,7829850
NIFTY-II.NFO,31/10/2024,09:16:13,24421,24423.15,100,24429.85,25,1475,7829850
NIFTY-II.NFO,31/10/2024,09:16:15,24423.45,24425.35,150,24429.85,25,1775,7829850
NIFTY-II.NFO,31/10/2024,09:16:16,24433.95,24429.9,100,24435,100,6700,7829850
NIFTY-II.NFO,31/10/2024,09:16:18,24429.5,24425.65,25,24429.85,325,1775,7829850
NIFTY-II.NFO,31/10/2024,09:16:20,24433.95,24427.35,250,24430,50,925,7829850
NIFTY-II.NFO,31/10/2024,09:16:21,24429.05,24429.05,50,24435.6,25,850,7829850
NIFTY-II.NFO,31/10/2024,09:16:23,24428.05,24428.05,100,24430,1050,1425,7829850
NIFTY-II.NFO,31/10/2024,09:16:25,24427.35,24427.35,25,24430,1475,1350,7829850
NIFTY-II.NFO,31/10/2024,09:16:26,24429.9,24427.05,75,24430,2900,900,7829850
NIFTY-II.NFO,31/10/2024,09:16:28,24430,24429.1,100,24430,2700,425,7829850
NIFTY-II.NFO,31/10/2024,09:16:29,24428.1,24429.1,100,24430,2600,600,7829850
NIFTY-II.NFO,31/10/2024,09:16:31,24430,24429.1,50,24430,2500,425,7829850
NIFTY-II.NFO,31/10/2024,09:16:33,24429.1,24429.05,550,24430,2275,725,7829850
NIFTY-II.NFO,31/10/2024,09:16:34,24430,24429.1,50,24430,2125,200,7829850
NIFTY-II.NFO,31/10/2024,09:16:36,24430,24429.1,100,24430,500,1750,7829850
NIFTY-II.NFO,31/10/2024,09:16:38,24428.15,24428.15,75,24431,100,1750,7829850
NIFTY-II.NFO,31/10/2024,09:16:39,24427.35,24427.4,75,24429.85,175,850,7829850
NIFTY-II.NFO,31/10/2024,09:16:41,24436,24429.05,25,24436,950,1625,7829850
NIFTY-II.NFO,31/10/2024,09:16:42,24428.95,24431.05,50,24435,300,75,7829850
NIFTY-II.NFO,31/10/2024,09:16:44,24431.2,24431.2,75,24435,300,300,7829850
NIFTY-II.NFO,31/10/2024,09:16:46,24430.55,24430.75,25,24435,225,750,7829850
NIFTY-II.NFO,31/10/2024,09:16:47,24438.05,24433.25,75,24438.05,725,1925,7829850
NIFTY-II.NFO,31/10/2024,09:16:49,24438.05,24433.65,75,24438.05,675,225,7829850
NIFTY-II.NFO,31/10/2024,09:16:51,24438.05,24436.65,150,24439,125,925,7829850
NIFTY-II.NFO,31/10/2024,09:16:52,24439.3,24437,100,24439.8,25,500,7829850
NIFTY-II.NFO,31/10/2024,09:16:54,24443.4,24438.2,100,24443.4,100,650,7829850
NIFTY-II.NFO,31/10/2024,09:16:56,24442.25,24435.1,75,24441.55,100,2550,7829850
NIFTY-II.NFO,31/10/2024,09:16:57,24440,24437.55,100,24440,25,275,7829850
NIFTY-II.NFO,31/10/2024,09:16:59,24440.65,24440.65,100,24445.3,25,800,7829850
NIFTY-II.NFO,31/10/2024,09:17:00,24447,24443.45,450,24448.6,25,525,7829850
NIFTY-II.NFO,31/10/2024,09:17:02,24445.6,24445.8,350,24450,200,675,7829850
NIFTY-II.NFO,31/10/2024,09:17:04,24445.35,24445.35,50,24449.95,175,1475,7829850
NIFTY-II.NFO,31/10/2024,09:17:05,24447.55,24443.45,25,24447.6,75,425,7829850
NIFTY-II.NFO,31/10/2024,09:17:07,24445.35,24443.55,100,24449.95,25,275,7829850
NIFTY-II.NFO,31/10/2024,09:17:09,24443.1,24445.05,25,24449.95,25,950,7829850
NIFTY-II.NFO,31/10/2024,09:17:10,24441.8,24441.4,125,24445.05,25,1350,7829850
NIFTY-II.NFO,31/10/2024,09:17:12,24445.05,24445.05,100,24448.6,25,550,7829850
NIFTY-II.NFO,31/10/2024,09:17:13,24452,24445.05,50,24451.9,25,425,7829850
NIFTY-II.NFO,31/10/2024,09:17:15,24446.25,24446.25,75,24451.6,25,375,7829850
NIFTY-II.NFO,31/10/2024,09:17:17,24446.55,24446.45,50,24451.6,50,25,7829850
NIFTY-II.NFO,31/10/2024,09:17:18,24454.3,24446.55,75,24452.55,75,475,7829850
NIFTY-II.NFO,31/10/2024,09:17:20,24454.8,24446.65,75,24454.25,25,475,7829850
NIFTY-II.NFO,31/10/2024,09:17:22,24451.45,24449.05,50,24452.95,25,375,7829850
NIFTY-II.NFO,31/10/2024,09:17:23,24451.6,24449.05,75,24452.45,25,525,7829850
NIFTY-II.NFO,31/10/2024,09:17:25,24450.05,24450.05,25,24453.95,25,450,7829850
NIFTY-II.NFO,31/10/2024,09:17:27,24455.7,24455.7,50,24456,25,2575,7829850
NIFTY-II.NFO,31/10/2024,09:17:28,24456,24450.2,100,24456.85,100,2875,7829850
NIFTY-II.NFO,31/10/2024,09:17:30,24454.05,24454.25,25,24458,300,450,7829850
NIFTY-II.NFO,31/10/2024,09:17:31,24458,24452.55,25,24458,75,1025,7829850
NIFTY-II.NFO,31/10/2024,09:17:33,24455.7,24455.05,50,24456,25,300,7829850
NIFTY-II.NFO,31/10/2024,09:17:35,24458.95,24456.05,50,24458.95,25,300,7829850
NIFTY-II.NFO,31/10/2024,09:17:36,24458.95,24457.05,25,24458.95,25,50,7829850
NIFTY-II.NFO,31/10/2024,09:17:38,24456.05,24456.05,100,24458.25,50,350,7829850
NIFTY-II.NFO,31/10/2024,09:17:40,24453.2,24453,25,24454.95,25,1425,7829850
NIFTY-II.NFO,31/10/2024,09:17:41,24452.95,24450.05,75,24452.95,25,700,7829850
NIFTY-II.NFO,31/10/2024,09:17:43,24450.05,24450.05,100,24454.95,100,475,7829850
NIFTY-II.NFO,31/10/2024,09:17:44,24450.05,24450,325,24450.95,25,475,7829850
NIFTY-II.NFO,31/10/2024,09:17:46,24447.35,24448.6,75,24452.95,25,1250,7829850
NIFTY-II.NFO,31/10/2024,09:17:48,24452.05,24452,25,24456,75,225,7829850
NIFTY-II.NFO,31/10/2024,09:17:49,24459,24454.8,175,24460,550,550,7829850
NIFTY-II.NFO,31/10/2024,09:17:51,24454.45,24454.75,100,24459,50,175,7829850
NIFTY-II.NFO,31/10/2024,09:17:53,24457.4,24456.55,175,24462,50,1050,7829850
NIFTY-II.NFO,31/10/2024,09:17:54,24454.95,24454.95,75,24461.85,100,1225,7829850
NIFTY-II.NFO,31/10/2024,09:17:56,24460.5,24453.05,50,24459.2,100,1275,7829850
NIFTY-II.NFO,31/10/2024,09:17:58,24462.95,24454.6,100,24462.2,25,1175,7829850
NIFTY-II.NFO,31/10/2024,09:17:59,24454.55,24454.45,50,24460.55,25,725,7829850
NIFTY-II.NFO,31/10/2024,09:18:01,24462,24455.8,125,24462.95,25,1450,7829850
NIFTY-II.NFO,31/10/2024,09:18:03,24455.8,24454.7,100,24461.35,100,350,7829850
NIFTY-II.NFO,31/10/2024,09:18:04,24461.95,24454.45,175,24461.9,25,2075,7829850
NIFTY-II.NFO,31/10/2024,09:18:06,24461.55,24454.45,25,24460.7,250,175,7829850
NIFTY-II.NFO,31/10/2024,09:18:07,24460.55,24455.05,25,24461,250,75,7829850
NIFTY-II.NFO,31/10/2024,09:18:09,24461.2,24455.05,100,24460.7,25,600,7829850
NIFTY-II.NFO,31/10/2024,09:18:11,24460.9,24455.05,100,24460.8,25,200,7829850
NIFTY-II.NFO,31/10/2024,09:18:12,24452.95,24454.45,100,24460,1000,525,7829850
NIFTY-II.NFO,31/10/2024,09:18:14,24454.45,24454.45,100,24455,300,1925,7829850
NIFTY-II.NFO,31/10/2024,09:18:16,24454.75,24454.45,100,24458.55,250,825,7829850
NIFTY-II.NFO,31/10/2024,09:18:17,24455.2,24454.45,75,24457.6,150,225,7829850
NIFTY-II.NFO,31/10/2024,09:18:19,24452,24451.95,25,24456.3,75,900,7829850
NIFTY-II.NFO,31/10/2024,09:18:20,24456.45,24450.8,100,24456.45,25,200,7829850
NIFTY-II.NFO,31/10/2024,09:18:22,24452,24450.8,100,24455.9,200,525,7829850
NIFTY-II.NFO,31/10/2024,09:18:24,24455.95,24450.25,100,24457.1,200,275,7829850
NIFTY-II.NFO,31/10/2024,09:18:25,24454.45,24455.95,25,24456.95,25,525,7829850
NIFTY-II.NFO,31/10/2024,09:18:27,24455,24454.45,50,24456.65,375,75,7829850
NIFTY-II.NFO,31/10/2024,09:18:29,24455.95,24450,550,24455.95,125,325,7829850
NIFTY-II.NFO,31/10/2024,09:18:30,24455.05,24448.1,25,24455.3,125,1050,7829850
NIFTY-II.NFO,31/10/2024,09:18:32,24450,24447.25,25,24453.35,100,75,7829850
NIFTY-II.NFO,31/10/2024,09:18:34,24450,24447.15,100,24450,450,525,7829850
NIFTY-II.NFO,31/10/2024,09:18:35,24445,24445,100,24450,450,225,7829850
NIFTY-II.NFO,31/10/2024,09:18:37,24450,24442.65,50,24450,225,350,7829850
NIFTY-II.NFO,31/10/2024,09:18:38,24444.5,24444.85,25,24449.95,75,150,7829850
NIFTY-II.NFO,31/10/2024,09:18:40,24449.95,24444.05,25,24450,150,250,7829850
NIFTY-II.NFO,31/10/2024,09:18:42,24444.85,24443.3,100,24444.85,50,75,7829850
NIFTY-II.NFO,31/10/2024,09:18:43,24449,24444.55,100,24449.3,75,825,7829850
NIFTY-II.NFO,31/10/2024,09:18:45,24444.55,24444.5,1000,24449.3,25,25,7829850
NIFTY-II.NFO,31/10/2024,09:18:46,24442,24442,800,24444.5,50,1225,7829850
NIFTY-II.NFO,31/10/2024,09:18:48,24441.1,24441.1,1375,24442,100,1075,7851750
NIFTY-II.NFO,31/10/2024,09:18:50,24441.1,24441.1,1100,24442,25,350,7851750
NIFTY-II.NFO,31/10/2024,09:18:51,24442,24441.2,75,24442,25,75,7851750
NIFTY-II.NFO,31/10/2024,09:18:53,24444.5,24444.5,350,24447.6,25,750,7851750
NIFTY-II.NFO,31/10/2024,09:18:55,24444.5,24444.55,50,24445.4,25,0,7851750
NIFTY-II.NFO,31/10/2024,09:18:56,24445.15,24442,25,24444.85,125,550,7851750
NIFTY-II.NFO,31/10/2024,09:18:58,24441.15,24441.45,50,24447.5,50,100,7851750
NIFTY-II.NFO,31/10/2024,09:18:59,24445.15,24443.05,100,24446.65,75,250,7851750
NIFTY-II.NFO,31/10/2024,09:19:01,24443,24441.15,100,24443.6,125,250,7851750
NIFTY-II.NFO,31/10/2024,09:19:03,24440,24440,525,24442.1,125,1925,7851750
NIFTY-II.NFO,31/10/2024,09:19:04,24444.25,24440,500,24443,50,400,7851750
NIFTY-II.NFO,31/10/2024,09:19:06,24438,24435.05,100,24440.5,25,675,7851750
NIFTY-II.NFO,31/10/2024,09:19:08,24440,24435.05,100,24441.45,25,100,7851750
NIFTY-II.NFO,31/10/2024,09:19:09,24440,24435.05,100,24440,50,100,7851750
NIFTY-II.NFO,31/10/2024,09:19:11,24435.05,24438,25,24440,75,75,7851750
NIFTY-II.NFO,31/10/2024,09:19:12,24435.25,24435.25,25,24440,75,150,7851750
NIFTY-II.NFO,31/10/2024,09:19:14,24440,24434.6,100,24440.45,150,1275,7851750
NIFTY-II.NFO,31/10/2024,09:19:16,24440.45,24435.35,100,24440.45,100,25,7851750
NIFTY-II.NFO,31/10/2024,09:19:17,24436,24435.4,100,24440.45,25,125,7851750
NIFTY-II.NFO,31/10/2024,09:19:19,24440.45,24435.4,100,24440.45,100,50,7851750
NIFTY-II.NFO,31/10/2024,09:19:21,24440,24439,650,24440,25,925,7851750
NIFTY-II.NFO,31/10/2024,09:19:22,24440,24439,650,24440,75,25,7851750
NIFTY-II.NFO,31/10/2024,09:19:24,24440,24439,525,24440,400,400,7851750
NIFTY-II.NFO,31/10/2024,09:19:26,24440,24440,50,24440.45,25,1050,7851750
NIFTY-II.NFO,31/10/2024,09:19:27,24436.4,24436.7,75,24439,250,850,7851750
NIFTY-II.NFO,31/10/2024,09:19:29,24436.85,24437.4,25,24440,1525,1825,7851750
NIFTY-II.NFO,31/10/2024,09:19:30,24450,24443.3,25,24450.95,75,4700,7851750
NIFTY-II.NFO,31/10/2024,09:19:32,24443.1,24441.3,75,24443.3,25,950,7851750
NIFTY-II.NFO,31/10/2024,09:19:34,24443.4,24440.5,200,24441.2,375,250,7851750
NIFTY-II.NFO,31/10/2024,09:19:35,24441.2,24440.55,75,24441.2,600,525,7851750
NIFTY-II.NFO,31/10/2024,09:19:37,24440.55,24440.9,100,24442.05,750,3050,7851750
NIFTY-II.NFO,31/10/2024,09:19:39,24443.9,24440.05,100,24445.7,175,2825,7851750
NIFTY-II.NFO,31/10/2024,09:19:40,24440.45,24440.05,100,24440.45,25,475,7851750
NIFTY-II.NFO,31/10/2024,09:19:42,24440.05,24440.05,25,24440.75,125,275,7851750
NIFTY-II.NFO,31/10/2024,09:19:44,24442,24440.05,25,24442,375,1150,7851750
NIFTY-II.NFO,31/10/2024,09:19:45,24440.05,24440.05,75,24442,375,625,7851750
NIFTY-II.NFO,31/10/2024,09:19:47,24442,24440.75,100,24442,200,625,7851750
NIFTY-II.NFO,31/10/2024,09:19:49,24440.1,24440.1,100,24443.45,50,825,7851750
NIFTY-II.NFO,31/10/2024,09:19:50,24448.7,24441.05,50,24448.3,25,675,7851750
NIFTY-II.NFO,31/10/2024,09:19:52,24448.7,24442.8,75,24445,25,500,7851750
NIFTY-II.NFO,31/10/2024,09:19:54,24445,24440.55,25,24445,25,100,7851750
NIFTY-II.NFO,31/10/2024,09:19:55,24445.3,24443,25,24445.65,50,200,7851750
NIFTY-II.NFO,31/10/2024,09:19:57,24446.25,24443,25,24445.85,250,150,7851750
NIFTY-II.NFO,31/10/2024,09:19:59,24446.25,24443,50,24445.75,125,0,7851750
NIFTY-II.NFO,31/10/2024,09:20:00,24443,24442,125,24442.8,100,100,7851750
NIFTY-II.NFO,31/10/2024,09:20:02,24442.8,24442,75,24442.8,75,100,7851750
NIFTY-II.NFO,31/10/2024,09:20:04,24442.8,24444,1775,24448.75,25,175,7851750
NIFTY-II.NFO,31/10/2024,09:20:05,24448.35,24444.05,100,24448.35,25,75,7851750
NIFTY-II.NFO,31/10/2024,09:20:07,24444.05,24443,200,24448.1,75,2350,7851750
NIFTY-II.NFO,31/10/2024,09:20:09,24443,24443,175,24448.1,25,25,7851750
NIFTY-II.NFO,31/10/2024,09:20:10,24448.35,24448.35,100,24449.65,100,1100,7851750
NIFTY-II.NFO,31/10/2024,09:20:12,24448.35,24448.35,75,24450.2,50,1175,7851750
NIFTY-II.NFO,31/10/2024,09:20:14,24449.2,24448.35,50,24449.45,25,125,7851750
NIFTY-II.NFO,31/10/2024,09:20:15,24448.3,24445,50,24447.6,100,125,7851750
NIFTY-II.NFO,31/10/2024,09:20:17,24445,24445,25,24446.2,125,50,7851750
NIFTY-II.NFO,31/10/2024,09:20:19,24447.75,24445,25,24447.3,100,50,7851750
NIFTY-II.NFO,31/10/2024,09:20:21,24443,24443,100,24447,125,175,7851750
NIFTY-II.NFO,31/10/2024,09:20:22,24447,24447,200,24448.35,125,300,7851750
NIFTY-II.NFO,31/10/2024,09:20:24,24449.75,24447,200,24449.75,75,500,7851750
NIFTY-II.NFO,31/10/2024,09:20:26,24449,24447,300,24448.35,550,200,7851750
NIFTY-II.NFO,31/10/2024,09:20:27,24448.35,24447,300,24448.35,525,50,7851750
NIFTY-II.NFO,31/10/2024,09:20:29,24447,24446.2,25,24447,1175,350,7851750
NIFTY-II.NFO,31/10/2024,09:20:31,24447,24446.25,175,24447,1150,50,7851750
NIFTY-II.NFO,31/10/2024,09:20:32,24446.3,24446.25,175,24447,1500,50,7851750
NIFTY-II.NFO,31/10/2024,09:20:34,24446.3,24446.3,75,24447,1500,0,7851750
NIFTY-II.NFO,31/10/2024,09:20:36,24447,24446.3,250,24447,1025,475,7851750
NIFTY-II.NFO,31/10/2024,09:20:37,24449,24449.15,100,24449.75,100,1950,7851750
NIFTY-II.NFO,31/10/2024,09:20:39,24449.9,24451.1,25,24454,100,225,7851750
NIFTY-II.NFO,31/10/2024,09:20:41,24455,24454,100,24455.95,25,1325,7851750
NIFTY-II.NFO,31/10/2024,09:20:42,24460,24454.8,100,24460,850,550,7851750
NIFTY-II.NFO,31/10/2024,09:20:44,24459.95,24455.55,100,24459.9,25,300,7851750
NIFTY-II.NFO,31/10/2024,09:20:46,24459.85,24455.65,100,24459.9,25,50,7851750
NIFTY-II.NFO,31/10/2024,09:20:47,24459.85,24455.95,100,24459.85,25,100,7851750
NIFTY-II.NFO,31/10/2024,09:20:49,24457.45,24457.45,25,24461.3,100,1000,7851750
NIFTY-II.NFO,31/10/2024,09:20:51,24459.85,24459.9,25,24461.3,100,150,7851750
NIFTY-II.NFO,31/10/2024,09:20:52,24460.05,24460.05,25,24462,650,600,7851750
NIFTY-II.NFO,31/10/2024,09:20:54,24460.05,24460.05,300,24462,650,50,7851750
NIFTY-II.NFO,31/10/2024,09:20:56,24461.3,24460.1,100,24461.4,75,1350,7851750
NIFTY-II.NFO,31/10/2024,09:20:57,24461.4,24460.1,275,24461.4,25,125,7851750
NIFTY-II.NFO,31/10/2024,09:20:59,24460.1,24460.1,375,24462.45,75,100,7851750
NIFTY-II.NFO,31/10/2024,09:21:01,24460,24457.45,75,24460,200,2275,7851750
NIFTY-II.NFO,31/10/2024,09:21:02,24462.45,24455.2,125,24462.2,25,575,7851750
NIFTY-II.NFO,31/10/2024,09:21:04,24458.65,24455.05,75,24459.15,125,100,7851750
NIFTY-II.NFO,31/10/2024,09:21:06,24459.95,24455.05,75,24459.8,25,425,7851750
NIFTY-II.NFO,31/10/2024,09:21:07,24457.5,24455.05,75,24459.35,50,75,7851750
NIFTY-II.NFO,31/10/2024,09:21:09,24457.3,24454.4,100,24456.35,25,1650,7851750
NIFTY-II.NFO,31/10/2024,09:21:10,24456.3,24452.5,100,24456.35,25,425,7851750
NIFTY-II.NFO,31/10/2024,09:21:12,24452.3,24452.25,100,24455.35,25,1475,7851750
NIFTY-II.NFO,31/10/2024,09:21:14,24454.55,24451,25,24454.25,25,350,7851750
NIFTY-II.NFO,31/10/2024,09:21:15,24453.6,24450,275,24453.6,175,300,7851750
NIFTY-II.NFO,31/10/2024,09:21:17,24450,24452,50,24453.6,25,25,7851750
NIFTY-II.NFO,31/10/2024,09:21:19,24451.85,24447,225,24451.3,25,800,7851750
NIFTY-II.NFO,31/10/2024,09:21:20,24450,24446.3,75,24451.25,25,650,7851750
NIFTY-II.NFO,31/10/2024,09:21:22,24450,24450,1225,24451.2,75,0,7851750
NIFTY-II.NFO,31/10/2024,09:21:24,24450,24446.3,50,24450,800,1525,7851750
NIFTY-II.NFO,31/10/2024,09:21:25,24446.3,24446.3,25,24447,75,25,7851750
NIFTY-II.NFO,31/10/2024,09:21:27,24446.3,24446.2,25,24446.3,125,125,7851750
NIFTY-II.NFO,31/10/2024,09:21:29,24440.1,24440.4,25,24446.3,100,700,7851750
NIFTY-II.NFO,31/10/2024,09:21:30,24441,24446.3,300,24447.45,25,300,7851750
NIFTY-II.NFO,31/10/2024,09:21:32,24445,24441.1,125,24445,25,450,7851750
NIFTY-II.NFO,31/10/2024,09:21:34,24445,24440.15,75,24445,25,25,7851750
NIFTY-II.NFO,31/10/2024,09:21:35,24446,24440.05,125,24445,25,150,7851750
NIFTY-II.NFO,31/10/2024,09:21:37,24446.3,24440.05,75,24447.4,25,250,7851750
NIFTY-II.NFO,31/10/2024,09:21:39,24440.05,24440,400,24441,25,575,7851750
NIFTY-II.NFO,31/10/2024,09:21:40,24441,24440,150,24444.95,25,425,7851750
NIFTY-II.NFO,31/10/2024,09:21:42,24444.15,24440,150,24444.7,25,25,7851750
NIFTY-II.NFO,31/10/2024,09:21:44,24440,24440,450,24443.95,25,525,7851750
NIFTY-II.NFO,31/10/2024,09:21:45,24444.05,24440,425,24444.05,25,125,7851750
NIFTY-II.NFO,31/10/2024,09:21:47,24437.35,24437.35,50,24443.55,25,975,7851750
NIFTY-II.NFO,31/10/2024,09:21:49,24436.1,24436.1,25,24443.5,25,500,7859725
NIFTY-II.NFO,31/10/2024,09:21:50,24440,24436.05,50,24440,25,100,7859725
NIFTY-II.NFO,31/10/2024,09:21:52,24443.45,24437,25,24443.35,25,75,7859725
NIFTY-II.NFO,31/10/2024,09:21:54,24443.35,24436.05,25,24443.4,25,1025,7859725
NIFTY-II.NFO,31/10/2024,09:21:55,24442.2,24437,175,24442.2,75,200,7859725
NIFTY-II.NFO,31/10/2024,09:21:57,24435,24440,25,24442.05,25,350,7859725
NIFTY-II.NFO,31/10/2024,09:21:59,24442.25,24437,200,24442.4,100,425,7859725
NIFTY-II.NFO,31/10/2024,09:22:00,24440,24437,175,24440,25,75,7859725
NIFTY-II.NFO,31/10/2024,09:22:02,24432,24431.25,50,24437,25,950,7859725
NIFTY-II.NFO,31/10/2024,09:22:04,24439.7,24434.1,125,24437,25,150,7859725
NIFTY-II.NFO,31/10/2024,09:22:05,24437,24431.65,25,24437,25,200,7859725
NIFTY-II.NFO,31/10/2024,09:22:07,24432.55,24433.3,75,24437,450,575,7859725
NIFTY-II.NFO,31/10/2024,09:22:09,24433.3,24432.75,25,24437,450,450,7859725
NIFTY-II.NFO,31/10/2024,09:22:10,24437,24432.95,100,24437,350,125,7859725
NIFTY-II.NFO,31/10/2024,09:22:12,24432.75,24435.25,100,24437,375,500,7859725
NIFTY-II.NFO,31/10/2024,09:22:14,24440,24439.6,50,24444.05,50,1400,7859725
NIFTY-II.NFO,31/10/2024,09:22:15,24444.05,24441.4,100,24444.05,50,75,7859725
NIFTY-II.NFO,31/10/2024,09:22:17,24441.7,24441.7,25,24444.05,25,175,7859725
NIFTY-II.NFO,31/10/2024,09:22:19,24444.05,24441.45,100,24445,175,75,7859725
NIFTY-II.NFO,31/10/2024,09:22:20,24442.45,24442.9,250,24445,125,200,7859725
NIFTY-II.NFO,31/10/2024,09:22:22,24445.05,24444.5,75,24450,1025,225,7859725
NIFTY-II.NFO,31/10/2024,09:22:24,24450,24445.05,50,24449.5,50,25,7859725
NIFTY-II.NFO,31/10/2024,09:22:25,24450,24445.1,75,24448.95,100,325,7859725
NIFTY-II.NFO,31/10/2024,09:22:27,24449.25,24445.1,50,24450,900,300,7859725
NIFTY-II.NFO,31/10/2024,09:22:29,24449.25,24445.1,50,24448.7,125,75,7859725
NIFTY-II.NFO,31/10/2024,09:22:30,24438.2,24438.15,100,24445.3,75,550,7859725
NIFTY-II.NFO,31/10/2024,09:22:32,24440.6,24440.6,100,24448.4,25,250,7859725
NIFTY-II.NFO,31/10/2024,09:22:34,24447.5,24440.95,50,24447.55,25,175,7859725
NIFTY-II.NFO,31/10/2024,09:22:36,24442.5,24442.6,25,24447.55,25,375,7859725
NIFTY-II.NFO,31/10/2024,09:22:37,24441.5,24443.1,100,24447.55,25,275,7859725
NIFTY-II.NFO,31/10/2024,09:22:39,24445.05,24445,25,24447.55,25,375,7859725
NIFTY-II.NFO,31/10/2024,09:22:41,24445,24445,100,24447.55,25,75,7859725
NIFTY-II.NFO,31/10/2024,09:22:42,24445,24445.35,100,24447.55,25,250,7859725
NIFTY-II.NFO,31/10/2024,09:22:44,24446.6,24446.6,50,24447.55,25,375,7859725
NIFTY-II.NFO,31/10/2024,09:22:46,24446.65,24446.6,175,24447.55,25,100,7859725
NIFTY-II.NFO,31/10/2024,09:22:47,24445,24446.65,75,24449.95,25,1850,7859725
NIFTY-II.NFO,31/10/2024,09:22:49,24446.65,24448.05,25,24449.95,50,25,7859725
NIFTY-II.NFO,31/10/2024,09:22:51,24450,24448.05,125,24450,1000,600,7859725
NIFTY-II.NFO,31/10/2024,09:22:52,24447.55,24448,625,24449.6,25,425,7859725
NIFTY-II.NFO,31/10/2024,09:22:54,24446.6,24446.6,775,24449.15,175,900,7859725
NIFTY-II.NFO,31/10/2024,09:22:56,24449.85,24446.6,775,24450,1000,100,7859725
NIFTY-II.NFO,31/10/2024,09:22:57,24450,24447.55,50,24450,875,175,7859725
NIFTY-II.NFO,31/10/2024,09:22:59,24449,24449.6,275,24450,875,25,7859725
NIFTY-II.NFO,31/10/2024,09:23:01,24450,24449.6,100,24450,750,325,7859725
NIFTY-II.NFO,31/10/2024,09:23:02,24447.55,24448.6,25,24455,25,2600,7859725
NIFTY-II.NFO,31/10/2024,09:23:04,24451.05,24451.05,25,24455,50,725,7859725
NIFTY-II.NFO,31/10/2024,09:23:06,24451.05,24451.05,25,24455,50,0,7859725
NIFTY-II.NFO,31/10/2024,09:23:07,24456.65,24451.25,25,24457,100,250,7859725
NIFTY-II.NFO,31/10/2024,09:23:09,24451.35,24451.25,25,24455,50,25,7859725
NIFTY-II.NFO,31/10/2024,09:23:11,24455,24452.35,125,24455,25,50,7859725
NIFTY-II.NFO,31/10/2024,09:23:12,24450.4,24451.65,100,24457,25,775,7859725
NIFTY-II.NFO,31/10/2024,09:23:14,24450.2,24455,200,24457,100,275,7859725
NIFTY-II.NFO,31/10/2024,09:23:16,24456,24452.35,25,24455.8,75,350,7859725
NIFTY-II.NFO,31/10/2024,09:23:17,24452.35,24450,425,24452.35,25,50,7859725
NIFTY-II.NFO,31/10/2024,09:23:19,24452.35,24450.05,25,24454.65,25,50,7859725
NIFTY-II.NFO,31/10/2024,09:23:21,24456.35,24450.2,25,24454.45,125,925,7859725
NIFTY-II.NFO,31/10/2024,09:23:22,24450.2,24450.05,25,24455.15,25,25,7859725
NIFTY-II.NFO,31/10/2024,09:23:24,24455,24450.35,50,24455,25,450,7859725
NIFTY-II.NFO,31/10/2024,09:23:26,24450,24450,425,24451.65,25,100,7859725
NIFTY-II.NFO,31/10/2024,09:23:27,24450,24450,225,24451.65,25,225,7859725
NIFTY-II.NFO,31/10/2024,09:23:29,24450,24450,225,24451.65,25,0,7859725
NIFTY-II.NFO,31/10/2024,09:23:31,24451.6,24447,25,24451.6,600,1650,7859725
NIFTY-II.NFO,31/10/2024,09:23:32,24451.05,24446.2,25,24451.1,125,100,7859725
NIFTY-II.NFO,31/10/2024,09:23:34,24451.05,24446.2,25,24450,25,0,7859725
NIFTY-II.NFO,31/10/2024,09:23:36,24446.2,24446.2,225,24450,50,25,7859725
NIFTY-II.NFO,31/10/2024,09:23:37,24446.2,24445.05,250,24446.2,1675,925,7859725
NIFTY-II.NFO,31/10/2024,09:23:39,24446.2,24445.1,100,24446.2,1650,25,7859725
NIFTY-II.NFO,31/10/2024,09:23:41,24446.2,24445.1,100,24446.2,1600,50,7859725
NIFTY-II.NFO,31/10/2024,09:23:42,24446.2,24445.05,325,24446.2,1550,700,7859725
NIFTY-II.NFO,31/10/2024,09:23:44,24446.2,24445.05,250,24446.2,1475,100,7859725
NIFTY-II.NFO,31/10/2024,09:23:46,24446.2,24445.05,250,24446.2,1325,175,7859725
NIFTY-II.NFO,31/10/2024,09:23:47,24446.2,24445.05,250,24446.2,1250,75,7859725
NIFTY-II.NFO,31/10/2024,09:23:49,24446.2,24445.2,200,24446.2,600,650,7859725
NIFTY-II.NFO,31/10/2024,09:23:51,24446.2,24445.1,50,24446.2,475,300,7859725
NIFTY-II.NFO,31/10/2024,09:23:52,24445.05,24445.05,175,24446.2,275,875,7859725
NIFTY-II.NFO,31/10/2024,09:23:54,24445,24444,25,24445.05,100,400,7859725
NIFTY-II.NFO,31/10/2024,09:23:56,24445.05,24445,25,24445.05,75,25,7859725
NIFTY-II.NFO,31/10/2024,09:23:57,24442,24441.1,75,24443.85,250,275,7859725
NIFTY-II.NFO,31/10/2024,09:23:59,24441.3,24438.2,25,24441.05,25,1725,7859725
NIFTY-II.NFO,31/10/2024,09:24:01,24440,24436.05,25,24440.35,200,125,7859725
NIFTY-II.NFO,31/10/2024,09:24:02,24441.05,24436.05,50,24441.05,500,525,7859725
NIFTY-II.NFO,31/10/2024,09:24:04,24435,24435,75,24440.1,75,125,7859725
NIFTY-II.NFO,31/10/2024,09:24:06,24438.25,24432,350,24438.3,150,325,7859725
NIFTY-II.NFO,31/10/2024,09:24:07,24435.55,24431,25,24436,225,775,7859725
NIFTY-II.NFO,31/10/2024,09:24:09,24435,24431,25,24435,700,225,7859725
NIFTY-II.NFO,31/10/2024,09:24:11,24435,24432,250,24435,700,100,7859725
NIFTY-II.NFO,31/10/2024,09:24:12,24432,24431.05,100,24432,50,500,7859725
NIFTY-II.NFO,31/10/2024,09:24:14,24435,24431.1,100,24435,325,700,7859725
NIFTY-II.NFO,31/10/2024,09:24:16,24431.05,24430.95,25,24431.05,150,75,7859725
NIFTY-II.NFO,31/10/2024,09:24:17,24430.95,24430.9,25,24431.05,100,100,7859725
NIFTY-II.NFO,31/10/2024,09:24:19,24435,24431.65,75,24434.9,475,150,7859725
NIFTY-II.NFO,31/10/2024,09:24:21,24434.9,24431.3,75,24434.9,275,250,7859725
NIFTY-II.NFO,31/10/2024,09:24:22,24434.9,24431.05,25,24434.9,225,375,7859725
NIFTY-II.NFO,31/10/2024,09:24:24,24432.1,24432.1,25,24434.9,25,600,7859725
NIFTY-II.NFO,31/10/2024,09:24:26,24435,24434.25,25,24435,50,625,7859725
NIFTY-II.NFO,31/10/2024,09:24:27,24436.05,24434.25,25,24436.05,875,450,7859725
NIFTY-II.NFO,31/10/2024,09:24:29,24435,24433.75,25,24436.05,825,150,7859725
NIFTY-II.NFO,31/10/2024,09:24:30,24435,24432,50,24434.85,25,150,7859725
NIFTY-II.NFO,31/10/2024,09:24:32,24432,24432,50,24434.85,25,75,7859725
NIFTY-II.NFO,31/10/2024,09:24:34,24434.85,24432,50,24434.85,25,25,7859725
NIFTY-II.NFO,31/10/2024,09:24:36,24432,24431,100,24432,25,275,7859725
NIFTY-II.NFO,31/10/2024,09:24:37,24432,24431,100,24432,25,0,7859725
NIFTY-II.NFO,31/10/2024,09:24:39,24431,24431,25,24432,50,75,7859725
NIFTY-II.NFO,31/10/2024,09:24:41,24430,24428.95,75,24431.45,175,1250,7859725
NIFTY-II.NFO,31/10/2024,09:24:42,24431,24428,50,24431.35,25,225,7859725
NIFTY-II.NFO,31/10/2024,09:24:44,24431.35,24430,25,24432.95,25,125,7859725
NIFTY-II.NFO,31/10/2024,09:24:46,24426.35,24428.45,25,24431.8,25,350,7859725
NIFTY-II.NFO,31/10/2024,09:24:47,24426.35,24425.9,25,24430.95,100,225,7859725
NIFTY-II.NFO,31/10/2024,09:24:49,24430,24425,1050,24430,150,925,7859725
NIFTY-II.NFO,31/10/2024,09:24:51,24425,24425.05,75,24430,50,600,7874650
NIFTY-II.NFO,31/10/2024,09:24:52,24425.95,24426.1,200,24428,25,25,7874650
NIFTY-II.NFO,31/10/2024,09:24:54,24430,24426.2,125,24430,25,200,7874650
NIFTY-II.NFO,31/10/2024,09:24:56,24431.3,24430,100,24431.3,25,250,7874650
NIFTY-II.NFO,31/10/2024,09:24:57,24430,24426,125,24431.85,100,325,7874650
NIFTY-II.NFO,31/10/2024,09:24:59,24431.95,24426.5,25,24430,100,1800,7874650
NIFTY-II.NFO,31/10/2024,09:25:01,24426.5,24426.45,25,24430,100,1075,7874650
NIFTY-II.NFO,31/10/2024,09:25:02,24427.25,24427.8,125,24430,250,175,7874650
NIFTY-II.NFO,31/10/2024,09:25:04,24427.8,24427.7,25,24430,200,1725,7874650
NIFTY-II.NFO,31/10/2024,09:25:06,24430,24427.7,25,24430,150,2725,7874650
NIFTY-II.NFO,31/10/2024,09:25:07,24427.7,24427.7,25,24430,150,1050,7874650
NIFTY-II.NFO,31/10/2024,09:25:09,24430,24423.75,50,24430,100,3275,7874650
NIFTY-II.NFO,31/10/2024,09:25:11,24428.4,24423.2,150,24428.45,25,900,7874650
NIFTY-II.NFO,31/10/2024,09:25:12,24423,24423,900,24428.3,25,225,7874650
NIFTY-II.NFO,31/10/2024,09:25:14,24422,24422,900,24422.8,200,1300,7874650
NIFTY-II.NFO,31/10/2024,09:25:16,24415,24414.15,250,24415,175,10275,7874650
NIFTY-II.NFO,31/10/2024,09:25:16,24413.75,24414.15,250,24415,175,0,7874650
NIFTY-II.NFO,31/10/2024,09:25:17,24416.05,24415.05,25,24420.85,25,1950,7874650
NIFTY-II.NFO,31/10/2024,09:25:17,24413.4,24415.05,25,24420.85,25,0,7874650
NIFTY-II.NFO,31/10/2024,09:25:19,24420.8,24415,25,24420.75,50,150,7874650
NIFTY-II.NFO,31/10/2024,09:25:21,24422,24416,25,24422,100,375,7874650
NIFTY-II.NFO,31/10/2024,09:25:22,24419.95,24418.95,250,24422,25,1075,7874650
NIFTY-II.NFO,31/10/2024,09:25:24,24420.05,24420.05,25,24425,25,650,7874650
NIFTY-II.NFO,31/10/2024,09:25:26,24428.5,24422.1,100,24427.4,50,475,7874650
NIFTY-II.NFO,31/10/2024,09:25:27,24420.85,24421,25,24423,25,475,7874650
NIFTY-II.NFO,31/10/2024,09:25:29,24421.15,24421.15,75,24423,50,50,7874650
NIFTY-II.NFO,31/10/2024,09:25:31,24425,24421.15,50,24423,25,575,7874650
NIFTY-II.NFO,31/10/2024,09:25:32,24422.3,24422.3,25,24423,25,625,7874650
NIFTY-II.NFO,31/10/2024,09:25:34,24422.3,24422.35,25,24426.95,50,625,7874650
NIFTY-II.NFO,31/10/2024,09:25:36,24427,24422.35,100,24427,525,300,7874650
NIFTY-II.NFO,31/10/2024,09:25:37,24424.5,24424.45,25,24427,525,50,7874650
NIFTY-II.NFO,31/10/2024,09:25:39,24427,24425.15,25,24427,500,50,7874650
NIFTY-II.NFO,31/10/2024,09:25:41,24424.45,24424.4,25,24427,450,225,7874650
NIFTY-II.NFO,31/10/2024,09:25:42,24426.95,24426.95,75,24427,400,100,7874650
NIFTY-II.NFO,31/10/2024,09:25:44,24426.95,24425.95,200,24427,400,450,7874650
NIFTY-II.NFO,31/10/2024,09:25:46,24427,24425.95,25,24427,300,300,7874650
NIFTY-II.NFO,31/10/2024,09:25:47,24419.95,24422.3,25,24426.95,50,2125,7874650
NIFTY-II.NFO,31/10/2024,09:25:49,24422.3,24422.3,50,24426.95,100,375,7874650
NIFTY-II.NFO,31/10/2024,09:25:51,24427,24422.35,50,24427,100,150,7874650
NIFTY-II.NFO,31/10/2024,09:25:52,24425.95,24424.25,100,24427,100,1825,7874650
NIFTY-II.NFO,31/10/2024,09:25:54,24427,24424.25,100,24427,75,100,7874650
NIFTY-II.NFO,31/10/2024,09:25:56,24426,24422.4,50,24426,275,25,7874650
NIFTY-II.NFO,31/10/2024,09:25:57,24426,24422.35,50,24426,250,25,7874650
NIFTY-II.NFO,31/10/2024,09:25:59,24423.3,24425.05,50,24426,225,75,7874650
NIFTY-II.NFO,31/10/2024,09:26:01,24426,24425.05,25,24426,175,75,7874650
NIFTY-II.NFO,31/10/2024,09:26:02,24423,24422,1000,24423.3,25,225,7874650
NIFTY-II.NFO,31/10/2024,09:26:04,24426,24423.45,50,24427,100,250,7874650
NIFTY-II.NFO,31/10/2024,09:26:06,24429.85,24426.05,50,24428.2,25,950,7874650
NIFTY-II.NFO,31/10/2024,09:26:07,24430,24427.8,25,24430,1100,575,7874650
NIFTY-II.NFO,31/10/2024,09:26:09,24429.85,24426.05,25,24429.95,50,50,7874650
NIFTY-II.NFO,31/10/2024,09:26:11,24428,24426.05,25,24428.25,225,125,7874650
NIFTY-II.NFO,31/10/2024,09:26:12,24422,24422,925,24425.55,175,525,7874650
NIFTY-II.NFO,31/10/2024,09:26:14,24422,24421,275,24423.9,200,950,7874650
NIFTY-II.NFO,31/10/2024,09:26:16,24425.15,24417.85,125,24425,25,475,7874650
NIFTY-II.NFO,31/10/2024,09:26:17,24417.6,24418.45,125,24422,25,75,7874650
NIFTY-II.NFO,31/10/2024,09:26:19,24417.6,24420,25,24421.95,25,0,7874650
NIFTY-II.NFO,31/10/2024,09:26:21,24415.05,24416.4,50,24421.8,100,725,7874650
NIFTY-II.NFO,31/10/2024,09:26:22,24423.1,24417.6,25,24424,50,150,7874650
NIFTY-II.NFO,31/10/2024,09:26:24,24422.45,24417.6,25,24422.45,250,175,7874650
NIFTY-II.NFO,31/10/2024,09:26:26,24422.45,24417.45,100,24422.45,25,450,7874650
NIFTY-II.NFO,31/10/2024,09:26:27,24416.35,24416.6,25,24418.45,150,800,7874650
NIFTY-II.NFO,31/10/2024,09:26:29,24415.95,24415.3,100,24421.65,50,650,7874650
NIFTY-II.NFO,31/10/2024,09:26:31,24421,24421,75,24422.35,100,1725,7874650
NIFTY-II.NFO,31/10/2024,09:26:32,24416,24416,25,24420,325,225,7874650
NIFTY-II.NFO,31/10/2024,09:26:34,24420,24418.45,25,24420,175,225,7874650
NIFTY-II.NFO,31/10/2024,09:26:36,24420,24415.95,50,24422,75,475,7874650
NIFTY-II.NFO,31/10/2024,09:26:37,24416.4,24416.4,25,24420,25,150,7874650
NIFTY-II.NFO,31/10/2024,09:26:39,24421.9,24420,25,24422,75,325,7874650
NIFTY-II.NFO,31/10/2024,09:26:41,24417.6,24418.1,25,24419.8,25,75,7874650
NIFTY-II.NFO,31/10/2024,09:26:42,24417.6,24417.6,425,24421,250,150,7874650
NIFTY-II.NFO,31/10/2024,09:26:44,24421,24421,200,24422,75,650,7874650
NIFTY-II.NFO,31/10/2024,09:26:46,24422,24420,1000,24423.1,25,850,7874650
NIFTY-II.NFO,31/10/2024,09:26:47,24424.2,24424.2,50,24425,1425,500,7874650
NIFTY-II.NFO,31/10/2024,09:26:49,24425,24424.2,50,24425,1200,225,7874650
NIFTY-II.NFO,31/10/2024,09:26:51,24427.6,24426,50,24428,50,1350,7874650
NIFTY-II.NFO,31/10/2024,09:26:52,24428,24427,50,24428,50,50,7874650
NIFTY-II.NFO,31/10/2024,09:26:54,24429,24428,50,24429.45,100,125,7874650
NIFTY-II.NFO,31/10/2024,09:26:56,24422,24420.05,50,24426.4,100,600,7874650
NIFTY-II.NFO,31/10/2024,09:26:57,24427,24425,1000,24426.65,225,100,7874650
NIFTY-II.NFO,31/10/2024,09:26:59,24425.55,24420.25,25,24426.65,25,1325,7874650
NIFTY-II.NFO,31/10/2024,09:27:01,24425,24425,550,24427.05,25,225,7874650
NIFTY-II.NFO,31/10/2024,09:27:02,24425,24425,525,24426.7,225,275,7874650
NIFTY-II.NFO,31/10/2024,09:27:04,24422,24420,625,24423,25,675,7874650
NIFTY-II.NFO,31/10/2024,09:27:06,24423.25,24420,550,24423.2,75,250,7874650
NIFTY-II.NFO,31/10/2024,09:27:07,24423.25,24420.05,25,24422.9,25,0,7874650
NIFTY-II.NFO,31/10/2024,09:27:09,24423.3,24420.1,25,24422,250,250,7874650
NIFTY-II.NFO,31/10/2024,09:27:11,24422,24420.2,25,24421.8,250,25,7874650
NIFTY-II.NFO,31/10/2024,09:27:12,24420.2,24420,225,24425,50,375,7874650
NIFTY-II.NFO,31/10/2024,09:27:14,24424.55,24420,225,24420.1,25,350,7874650
NIFTY-II.NFO,31/10/2024,09:27:16,24423.25,24422,50,24422.7,200,300,7874650
NIFTY-II.NFO,31/10/2024,09:27:17,24421,24420,25,24421.65,25,125,7874650
NIFTY-II.NFO,31/10/2024,09:27:19,24422.85,24418.9,25,24421.4,25,550,7874650
NIFTY-II.NFO,31/10/2024,09:27:21,24418.9,24418,1000,24420.85,25,25,7874650
NIFTY-II.NFO,31/10/2024,09:27:22,24418,24418,975,24419.95,25,25,7874650
NIFTY-II.NFO,31/10/2024,09:27:24,24418,24418,850,24420,50,175,7874650
NIFTY-II.NFO,31/10/2024,09:27:26,24418,24418,750,24420,25,200,7874650
NIFTY-II.NFO,31/10/2024,09:27:27,24420,24420,25,24422,50,450,7874650
NIFTY-II.NFO,31/10/2024,09:27:29,24420.05,24420.05,725,24422,50,1050,7874650
NIFTY-II.NFO,31/10/2024,09:27:31,24421,24420.05,725,24422,75,25,7874650
NIFTY-II.NFO,31/10/2024,09:27:32,24422,24417.05,50,24422,25,2150,7874650
NIFTY-II.NFO,31/10/2024,09:27:34,24422,24420,25,24422,25,25,7874650
NIFTY-II.NFO,31/10/2024,09:27:36,24421.45,24420,25,24421.45,25,50,7874650
NIFTY-II.NFO,31/10/2024,09:27:37,24418,24418,50,24420,25,75,7874650
NIFTY-II.NFO,31/10/2024,09:27:39,24420,24418,50,24420.05,50,50,7874650
NIFTY-II.NFO,31/10/2024,09:27:41,24418.95,24418.95,25,24422.25,25,100,7874650
NIFTY-II.NFO,31/10/2024,09:27:42,24415.55,24418,25,24421.4,125,1800,7874650
NIFTY-II.NFO,31/10/2024,09:27:44,24420.75,24416.4,50,24420.3,25,3300,7874650
NIFTY-II.NFO,31/10/2024,09:27:46,24416.4,24416.4,50,24419.95,25,100,7874650
NIFTY-II.NFO,31/10/2024,09:27:47,24419.95,24416.5,50,24420,500,150,7874650
NIFTY-II.NFO,31/10/2024,09:27:49,24420,24417,25,24420,425,200,7874650
NIFTY-II.NFO,31/10/2024,09:27:51,24415.5,24419.95,25,24422,25,1150,7908075
NIFTY-II.NFO,31/10/2024,09:27:52,24414,24416.4,50,24420.1,125,225,7908075
NIFTY-II.NFO,31/10/2024,09:27:54,24423.85,24416.75,25,24423.15,25,300,7908075
NIFTY-II.NFO,31/10/2024,09:27:56,24420,24418,50,24422.45,50,575,7908075
NIFTY-II.NFO,31/10/2024,09:27:57,24420,24418.15,25,24420.1,150,50,7908075
NIFTY-II.NFO,31/10/2024,09:27:59,24422.1,24421.1,50,24425,200,250,7908075
NIFTY-II.NFO,31/10/2024,09:28:01,24422.1,24423,25,24425,125,175,7908075
NIFTY-II.NFO,31/10/2024,09:28:02,24423.4,24423.7,25,24429,50,600,7908075
NIFTY-II.NFO,31/10/2024,09:28:04,24424,24423.65,25,24426.85,25,50,7908075
NIFTY-II.NFO,31/10/2024,09:28:06,24426.85,24426.85,50,24429.95,75,225,7908075
NIFTY-II.NFO,31/10/2024,09:28:07,24432.05,24426.85,50,24432.8,100,425,7908075
NIFTY-II.NFO,31/10/2024,09:28:09,24434,24426.6,25,24428.9,25,500,7908075
NIFTY-II.NFO,31/10/2024,09:28:11,24428.9,24425.9,50,24432.55,50,150,7908075
NIFTY-II.NFO,31/10/2024,09:28:12,24425.25,24426.3,25,24429,25,125,7908075
NIFTY-II.NFO,31/10/2024,09:28:14,24429,24425.95,25,24429,25,1425,7908075
NIFTY-II.NFO,31/10/2024,09:28:16,24425.95,24425.3,25,24425.95,250,200,7908075
NIFTY-II.NFO,31/10/2024,09:28:17,24432.55,24425,300,24429.8,125,5825,7908075
NIFTY-II.NFO,31/10/2024,09:28:19,24422.8,24421.8,175,24425,1400,600,7908075
NIFTY-II.NFO,31/10/2024,09:28:21,24425,24421.45,25,24425,825,750,7908075
NIFTY-II.NFO,31/10/2024,09:28:22,24425,24421.05,100,24424.95,100,500,7908075
NIFTY-II.NFO,31/10/2024,09:28:24,24421.45,24421,25,24421.45,500,600,7908075
NIFTY-II.NFO,31/10/2024,09:28:26,24421,24421,50,24421.45,500,175,7908075
NIFTY-II.NFO,31/10/2024,09:28:27,24427.3,24426.5,75,24428.3,100,750,7908075
NIFTY-II.NFO,31/10/2024,09:28:29,24422.7,24423.45,25,24426.5,150,100,7908075
NIFTY-II.NFO,31/10/2024,09:28:31,24433.85,24425.15,25,24430.95,25,2000,7908075
NIFTY-II.NFO,31/10/2024,09:28:32,24425,24422.5,100,24425.15,450,325,7908075
NIFTY-II.NFO,31/10/2024,09:28:34,24425.15,24423.05,25,24425.15,75,500,7908075
NIFTY-II.NFO,31/10/2024,09:28:36,24423.05,24423.05,50,24425.15,75,150,7908075
NIFTY-II.NFO,31/10/2024,09:28:37,24421.6,24423,25,24425.85,25,225,7908075
NIFTY-II.NFO,31/10/2024,09:28:39,24421.55,24422,25,24424.55,25,150,7908075
NIFTY-II.NFO,31/10/2024,09:28:41,24425,24423,100,24424.55,25,650,7908075
NIFTY-II.NFO,31/10/2024,09:28:42,24427,24423,25,24424.75,25,625,7908075
NIFTY-II.NFO,31/10/2024,09:28:44,24423,24424.6,25,24424.75,25,450,7908075
NIFTY-II.NFO,31/10/2024,09:28:46,24426.35,24422.05,50,24424.9,25,500,7908075
NIFTY-II.NFO,31/10/2024,09:28:47,24424.35,24421.05,100,24424,25,525,7908075
NIFTY-II.NFO,31/10/2024,09:28:49,24421.05,24421.05,25,24423.75,25,200,7908075
NIFTY-II.NFO,31/10/2024,09:28:51,24421,24421,50,24421.05,25,50,7908075
NIFTY-II.NFO,31/10/2024,09:28:52,24418,24418,25,24421,50,1775,7908075
NIFTY-II.NFO,31/10/2024,09:28:54,24419.5,24417,25,24419,25,350,7908075
NIFTY-II.NFO,31/10/2024,09:28:56,24419.5,24417,25,24419,50,0,7908075
NIFTY-II.NFO,31/10/2024,09:28:57,24416.4,24416,50,24418.35,25,150,7908075
NIFTY-II.NFO,31/10/2024,09:28:59,24416.35,24416,50,24416.7,25,50,7908075
NIFTY-II.NFO,31/10/2024,09:29:01,24414.55,24411,400,24414.6,125,1525,7908075
NIFTY-II.NFO,31/10/2024,09:29:01,24411,24411,400,24414.6,125,0,7908075
NIFTY-II.NFO,31/10/2024,09:29:02,24411,24411.05,175,24416.45,125,350,7908075
NIFTY-II.NFO,31/10/2024,09:29:04,24414.8,24411,275,24414.8,25,125,7908075
NIFTY-II.NFO,31/10/2024,09:29:06,24414.8,24411.4,125,24414.8,25,25,7908075
NIFTY-II.NFO,31/10/2024,09:29:07,24418.7,24411.2,50,24416.85,125,175,7908075
NIFTY-II.NFO,31/10/2024,09:29:09,24410.55,24410.55,50,24414.8,25,550,7908075
NIFTY-II.NFO,31/10/2024,09:29:09,24410.55,24410.55,50,24414.8,25,0,7908075
NIFTY-II.NFO,31/10/2024,09:29:11,24410.5,24410.7,125,24415.45,25,1200,7908075
NIFTY-II.NFO,31/10/2024,09:29:11,24410.5,24410.7,125,24415.45,25,0,7908075
NIFTY-II.NFO,31/10/2024,09:29:12,24411.1,24411,1150,24414.75,125,400,7908075
NIFTY-II.NFO,31/10/2024,09:29:14,24415.5,24411,1175,24415.5,25,200,7908075
NIFTY-II.NFO,31/10/2024,09:29:16,24415.5,24411,1100,24414.65,125,50,7908075
NIFTY-II.NFO,31/10/2024,09:29:17,24411.15,24411.55,175,24414.1,25,100,7908075
NIFTY-II.NFO,31/10/2024,09:29:19,24415,24411.5,25,24415,425,200,7908075
NIFTY-II.NFO,31/10/2024,09:29:21,24411.25,24411.2,175,24415,575,50,7908075
NIFTY-II.NFO,31/10/2024,09:29:22,24415,24411.55,125,24415,475,150,7908075
NIFTY-II.NFO,31/10/2024,09:29:24,24415,24411.85,50,24415,375,200,7908075
NIFTY-II.NFO,31/10/2024,09:29:26,24415,24411.85,50,24415,375,50,7908075
NIFTY-II.NFO,31/10/2024,09:29:27,24415,24412,25,24415,350,25,7908075
NIFTY-II.NFO,31/10/2024,09:29:29,24415,24411.5,50,24415,350,250,7908075
NIFTY-II.NFO,31/10/2024,09:29:31,24415,24413,25,24415,50,400,7908075
NIFTY-II.NFO,31/10/2024,09:29:32,24415,24413,100,24415,225,100,7908075
NIFTY-II.NFO,31/10/2024,09:29:34,24415,24413,100,24415,200,275,7908075
NIFTY-II.NFO,31/10/2024,09:29:36,24415,24414,500,24415,25,250,7908075
NIFTY-II.NFO,31/10/2024,09:29:37,24414,24414,250,24415,100,375,7908075
NIFTY-II.NFO,31/10/2024,09:29:39,24418.5,24412,750,24415,25,950,7908075
NIFTY-II.NFO,31/10/2024,09:29:41,24415,24412.05,225,24417.1,125,400,7908075
NIFTY-II.NFO,31/10/2024,09:29:42,24412,24412,450,24415,100,225,7908075
NIFTY-II.NFO,31/10/2024,09:29:44,24412.05,24412.1,100,24414.85,50,425,7908075
NIFTY-II.NFO,31/10/2024,09:29:46,24412.05,24412.1,175,24414.85,75,0,7908075
NIFTY-II.NFO,31/10/2024,09:29:47,24412.25,24412.25,100,24414.85,50,100,7908075
NIFTY-II.NFO,31/10/2024,09:29:49,24414.85,24412.25,75,24414.85,175,50,7908075
NIFTY-II.NFO,31/10/2024,09:29:51,24414,24412.5,25,24414.25,25,225,7908075
NIFTY-II.NFO,31/10/2024,09:29:52,24412.05,24412.05,450,24414.25,50,300,7908075
NIFTY-II.NFO,31/10/2024,09:29:54,24412.05,24412.05,375,24414.25,25,200,7908075
NIFTY-II.NFO,31/10/2024,09:29:56,24412.05,24412.05,325,24414.25,25,125,7908075
NIFTY-II.NFO,31/10/2024,09:29:57,24414.35,24414.35,1650,24415,200,300,7908075
NIFTY-II.NFO,31/10/2024,09:29:59,24412.05,24412.55,25,24415,250,2125,7908075
NIFTY-II.NFO,31/10/2024,09:30:01,24412.05,24412,1000,24412.05,350,1300,7908075
NIFTY-II.NFO,31/10/2024,09:30:02,24416,24412.1,25,24416,250,1200,7908075
NIFTY-II.NFO,31/10/2024,09:30:04,24416,24414,100,24415,25,3150,7908075
NIFTY-II.NFO,31/10/2024,09:30:06,24415,24411,325,24415,850,625,7908075
NIFTY-II.NFO,31/10/2024,09:30:07,24415,24415,350,24416,75,1500,7908075
NIFTY-II.NFO,31/10/2024,09:30:09,24411,24411.1,25,24415,100,450,7908075
NIFTY-II.NFO,31/10/2024,09:30:11,24415,24415,25,24416,25,725,7908075
NIFTY-II.NFO,31/10/2024,09:30:12,24416.35,24412,25,24415,25,700,7908075
NIFTY-II.NFO,31/10/2024,09:30:14,24411,24411,100,24415,250,350,7908075
NIFTY-II.NFO,31/10/2024,09:30:16,24415,24410.45,100,24415,75,575,7908075
NIFTY-II.NFO,31/10/2024,09:30:16,24410.45,24410.45,100,24415,75,0,7908075
NIFTY-II.NFO,31/10/2024,09:30:17,24410,24410,2175,24413.35,25,450,7908075
NIFTY-II.NFO,31/10/2024,09:30:17,24410,24410,2175,24413.35,25,0,7908075
NIFTY-II.NFO,31/10/2024,09:30:19,24411.9,24410,25,24413.25,25,2300,7908075
NIFTY-II.NFO,31/10/2024,09:30:19,24408.65,24410,25,24413.25,25,0,7908075
NIFTY-II.NFO,31/10/2024,09:30:21,24410,24408,175,24411.15,25,25,7908075
NIFTY-II.NFO,31/10/2024,09:30:22,24410,24408.05,175,24412,25,1125,7908075
NIFTY-II.NFO,31/10/2024,09:30:22,24408,24408.05,175,24412,25,0,7908075
NIFTY-II.NFO,31/10/2024,09:30:24,24409.05,24410.05,75,24413,25,25,7908075
NIFTY-II.NFO,31/10/2024,09:30:26,24408.05,24408.05,100,24413,50,250,7908075
NIFTY-II.NFO,31/10/2024,09:30:27,24409.35,24409.35,125,24413,25,25,7908075
NIFTY-II.NFO,31/10/2024,09:30:29,24409.2,24409.8,25,24413,25,125,7908075
NIFTY-II.NFO,31/10/2024,09:30:31,24409.35,24410,100,24413,25,325,7908075
NIFTY-II.NFO,31/10/2024,09:30:32,24415,24412.6,25,24415,450,350,7908075
NIFTY-II.NFO,31/10/2024,09:30:34,24416,24416,25,24419.75,50,675,7908075
NIFTY-II.NFO,31/10/2024,09:30:36,24415,24413.1,25,24415,100,175,7908075
NIFTY-II.NFO,31/10/2024,09:30:37,24415,24413.75,125,24418.8,25,1900,7908075
NIFTY-II.NFO,31/10/2024,09:30:39,24415,24413.1,75,24415,175,1000,7908075
NIFTY-II.NFO,31/10/2024,09:30:41,24415,24413.1,75,24415,375,100,7908075
NIFTY-II.NFO,31/10/2024,09:30:42,24411,24411.15,100,24417,25,950,7908075
NIFTY-II.NFO,31/10/2024,09:30:44,24416.95,24410.9,25,24415,25,700,7908075
NIFTY-II.NFO,31/10/2024,09:30:46,24416.95,24413.1,50,24415,275,0,7908075
NIFTY-II.NFO,31/10/2024,09:30:47,24413.1,24410.05,100,24411.8,25,75,7908075
NIFTY-II.NFO,31/10/2024,09:30:49,24417,24411.8,25,24416.95,75,350,7908075
NIFTY-II.NFO,31/10/2024,09:30:51,24410.45,24411.5,25,24415,25,300,7927550
NIFTY-II.NFO,31/10/2024,09:30:52,24413.5,24410.05,75,24411.8,25,75,7927550
NIFTY-II.NFO,31/10/2024,09:30:54,24410,24410,150,24411,25,1200,7927550
NIFTY-II.NFO,31/10/2024,09:30:56,24410,24410,250,24411,25,0,7927550
NIFTY-II.NFO,31/10/2024,09:30:57,24408.05,24409.05,100,24411,25,675,7927550
NIFTY-II.NFO,31/10/2024,09:30:59,24409,24408.05,50,24413.85,100,375,7927550
NIFTY-II.NFO,31/10/2024,09:31:01,24409,24408,375,24410,25,550,7927550
NIFTY-II.NFO,31/10/2024,09:31:02,24409,24408,350,24409,25,125,7927550
NIFTY-II.NFO,31/10/2024,09:31:04,24408,24408,225,24410,25,150,7927550
NIFTY-II.NFO,31/10/2024,09:31:06,24408,24408,100,24410,50,175,7927550
NIFTY-II.NFO,31/10/2024,09:31:07,24408,24407.5,25,24408,50,600,7927550
NIFTY-II.NFO,31/10/2024,09:31:09,24409.75,24407,75,24409.75,25,425,7927550
NIFTY-II.NFO,31/10/2024,09:31:09,24407,24407,75,24409.75,25,0,7927550
NIFTY-II.NFO,31/10/2024,09:31:11,24407.7,24406,125,24406.6,25,775,7927550
NIFTY-II.NFO,31/10/2024,09:31:11,24406,24406,125,24406.6,25,0,7927550
NIFTY-II.NFO,31/10/2024,09:31:12,24405,24405,1025,24406,25,650,7927550
NIFTY-II.NFO,31/10/2024,09:31:12,24405,24405,1025,24406,25,0,7927550
NIFTY-II.NFO,31/10/2024,09:31:14,24405,24405,975,24406,25,325,7927550
NIFTY-II.NFO,31/10/2024,09:31:16,24405,24405,775,24407.2,50,650,7927550
NIFTY-II.NFO,31/10/2024,09:31:17,24404,24403.45,25,24405,75,975,7927550
NIFTY-II.NFO,31/10/2024,09:31:17,24404,24403.45,25,24405,75,0,7927550
NIFTY-II.NFO,31/10/2024,09:31:19,24403,24403,275,24403.75,25,375,7927550
NIFTY-II.NFO,31/10/2024,09:31:19,24403,24403,275,24403.75,25,0,7927550
NIFTY-II.NFO,31/10/2024,09:31:21,24403,24403,50,24403.2,25,225,7927550
NIFTY-II.NFO,31/10/2024,09:31:22,24402.4,24402.4,25,24403.2,75,275,7927550
NIFTY-II.NFO,31/10/2024,09:31:22,24402.4,24402.4,25,24403.2,75,0,7927550
NIFTY-II.NFO,31/10/2024,09:31:24,24401,24401,625,24402.4,75,2625,7927550
NIFTY-II.NFO,31/10/2024,09:31:24,24401,24401,625,24402.4,75,0,7927550
NIFTY-II.NFO,31/10/2024,09:31:26,24401,24401,75,24401.1,25,650,7927550
NIFTY-II.NFO,31/10/2024,09:31:27,24400.05,24400.05,250,24401,25,575,7927550
NIFTY-II.NFO,31/10/2024,09:31:27,24400.05,24400.05,250,24401,25,0,7927550
NIFTY-II.NFO,31/10/2024,09:31:29,24400,24400,4075,24401,100,6225,7927550
NIFTY-II.NFO,31/10/2024,09:31:29,24400,24400,4075,24401,100,0,7927550
NIFTY-II.NFO,31/10/2024,09:31:31,24400.05,24400,3325,24400.95,125,775,7927550
NIFTY-II.NFO,31/10/2024,09:31:32,24400,24400,25,24400.7,25,3575,7927550
NIFTY-II.NFO,31/10/2024,09:31:34,24400.45,24397,150,24400,150,1400,7927550
NIFTY-II.NFO,31/10/2024,09:31:34,24397,24397,150,24400,150,0,7927550
NIFTY-II.NFO,31/10/2024,09:31:36,24397,24396.5,25,24400,200,775,7927550
NIFTY-II.NFO,31/10/2024,09:31:37,24396.05,24396.1,125,24399.05,25,1200,7927550
NIFTY-II.NFO,31/10/2024,09:31:37,24395,24396.1,125,24399.05,25,0,7927550
NIFTY-II.NFO,31/10/2024,09:31:39,24399.05,24396.5,175,24400,50,450,7927550
NIFTY-II.NFO,31/10/2024,09:31:41,24400,24396.5,25,24400,25,500,7927550
NIFTY-II.NFO,31/10/2024,09:31:42,24396.5,24395.9,25,24400,125,225,7927550
NIFTY-II.NFO,31/10/2024,09:31:44,24399,24395.85,25,24400,50,375,7927550
NIFTY-II.NFO,31/10/2024,09:31:46,24399,24395.6,25,24399,25,100,7927550
NIFTY-II.NFO,31/10/2024,09:31:47,24400,24397,25,24400,125,1350,7927550
NIFTY-II.NFO,31/10/2024,09:31:49,24400,24395,25,24399,25,1000,7927550
NIFTY-II.NFO,31/10/2024,09:31:51,24391.85,24391.85,50,24395.75,25,1350,7927550
NIFTY-II.NFO,31/10/2024,09:31:51,24391.85,24391.85,50,24395.75,25,0,7927550
NIFTY-II.NFO,31/10/2024,09:31:52,24399.2,24392.45,125,24397.65,25,350,7927550
NIFTY-II.NFO,31/10/2024,09:31:52,24391.1,24392.45,125,24397.65,25,0,7927550
NIFTY-II.NFO,31/10/2024,09:31:54,24399.05,24392.5,50,24399.6,50,125,7927550
NIFTY-II.NFO,31/10/2024,09:31:56,24399.7,24392.6,25,24399.3,25,425,7927550
NIFTY-II.NFO,31/10/2024,09:31:57,24393.45,24393.05,175,24399.95,25,1700,7927550
NIFTY-II.NFO,31/10/2024,09:31:59,24393,24393.6,50,24398.65,25,600,7927550
NIFTY-II.NFO,31/10/2024,09:32:01,24393.5,24393.25,25,24398.65,25,450,7927550
NIFTY-II.NFO,31/10/2024,09:32:02,24393.55,24393,25,24399.3,25,150,7927550
NIFTY-II.NFO,31/10/2024,09:32:04,24399.15,24395,75,24398.15,25,100,7927550
NIFTY-II.NFO,31/10/2024,09:32:06,24392,24392,50,24395,50,300,7927550
NIFTY-II.NFO,31/10/2024,09:32:07,24393.5,24392,50,24395.55,25,75,7927550
NIFTY-II.NFO,31/10/2024,09:32:09,24395.55,24393.55,25,24395.55,25,25,7927550
NIFTY-II.NFO,31/10/2024,09:32:11,24395.55,24392,75,24395.55,50,100,7927550
NIFTY-II.NFO,31/10/2024,09:32:12,24399.9,24395.55,100,24399.5,75,375,7927550
NIFTY-II.NFO,31/10/2024,09:32:14,24392.1,24392.1,225,24395.6,25,375,7927550
NIFTY-II.NFO,31/10/2024,09:32:16,24390.8,24392,700,24395.5,25,1175,7927550
NIFTY-II.NFO,31/10/2024,09:32:16,24390.8,24392,700,24395.5,25,0,7927550
NIFTY-II.NFO,31/10/2024,09:32:17,24399.15,24392.45,50,24399.3,150,475,7927550
NIFTY-II.NFO,31/10/2024,09:32:19,24396.6,24395.55,100,24395.6,25,75,7927550
NIFTY-II.NFO,31/10/2024,09:32:21,24397.6,24392.6,50,24398.4,150,250,7927550
NIFTY-II.NFO,31/10/2024,09:32:22,24395.5,24395.6,125,24396,100,75,7927550
NIFTY-II.NFO,31/10/2024,09:32:24,24395,24393.65,200,24395.3,25,325,7927550
NIFTY-II.NFO,31/10/2024,09:32:26,24395.3,24393.65,100,24394.85,25,175,7927550
NIFTY-II.NFO,31/10/2024,09:32:27,24386.7,24385,475,24386,25,4800,7927550
NIFTY-II.NFO,31/10/2024,09:32:27,24385,24385,475,24386,25,0,7927550
NIFTY-II.NFO,31/10/2024,09:32:29,24385,24385,450,24385.95,25,75,7927550
NIFTY-II.NFO,31/10/2024,09:32:31,24385,24385,325,24387.05,25,300,7927550
NIFTY-II.NFO,31/10/2024,09:32:32,24385,24381,25,24385.45,25,1050,7927550
NIFTY-II.NFO,31/10/2024,09:32:32,24381,24381,25,24385.45,25,0,7927550
NIFTY-II.NFO,31/10/2024,09:32:34,24380.85,24380.85,225,24384.45,25,150,7927550
NIFTY-II.NFO,31/10/2024,09:32:34,24380.85,24380.85,225,24384.45,25,0,7927550
NIFTY-II.NFO,31/10/2024,09:32:36,24383.5,24380.85,25,24383.5,25,925,7927550
NIFTY-II.NFO,31/10/2024,09:32:37,24385,24381.85,25,24385,1175,225,7927550
NIFTY-II.NFO,31/10/2024,09:32:37,24380.8,24381.85,25,24385,1175,0,7927550
NIFTY-II.NFO,31/10/2024,09:32:39,24385,24383.5,25,24385,1075,1650,7927550
NIFTY-II.NFO,31/10/2024,09:32:41,24384.45,24382.8,25,24385,775,350,7927550
NIFTY-II.NFO,31/10/2024,09:32:42,24384.9,24386.95,25,24390,950,1300,7927550
NIFTY-II.NFO,31/10/2024,09:32:44,24386.1,24386.3,25,24390,875,500,7927550
NIFTY-II.NFO,31/10/2024,09:32:46,24390,24386.5,25,24390,1200,1725,7927550
NIFTY-II.NFO,31/10/2024,09:32:47,24386.5,24386.5,25,24390,1725,25,7927550
NIFTY-II.NFO,31/10/2024,09:32:49,24386.5,24386.3,25,24389,50,2175,7927550
NIFTY-II.NFO,31/10/2024,09:32:51,24390,24387.4,25,24390,1550,150,7927550
NIFTY-II.NFO,31/10/2024,09:32:52,24384.8,24385.25,50,24390,1575,1975,7927550
NIFTY-II.NFO,31/10/2024,09:32:54,24393.75,24391.85,25,24394.8,50,1825,7927550
NIFTY-II.NFO,31/10/2024,09:32:56,24396.65,24391.4,25,24394.9,25,825,7927550
NIFTY-II.NFO,31/10/2024,09:32:57,24389.05,24393.25,25,24394.9,25,2400,7927550
NIFTY-II.NFO,31/10/2024,09:32:59,24394.25,24394.8,475,24395,25,425,7927550
NIFTY-II.NFO,31/10/2024,09:33:01,24387.25,24388.45,25,24394.1,125,3425,7927550
NIFTY-II.NFO,31/10/2024,09:33:02,24393.25,24390,25,24393.25,25,150,7927550
NIFTY-II.NFO,31/10/2024,09:33:04,24390.2,24390.2,25,24391.4,25,325,7927550
NIFTY-II.NFO,31/10/2024,09:33:06,24393.4,24390.45,25,24394.8,25,750,7927550
NIFTY-II.NFO,31/10/2024,09:33:07,24393.4,24393.4,25,24394.95,75,800,7927550
NIFTY-II.NFO,31/10/2024,09:33:09,24394.4,24390,25,24394.35,100,875,7927550
NIFTY-II.NFO,31/10/2024,09:33:11,24394,24388.9,25,24393.35,25,725,7927550
NIFTY-II.NFO,31/10/2024,09:33:12,24393.35,24390,150,24395,150,400,7927550
NIFTY-II.NFO,31/10/2024,09:33:14,24389.1,24391.4,50,24395,275,600,7927550
NIFTY-II.NFO,31/10/2024,09:33:16,24395,24393.35,25,24394.95,25,50,7927550
NIFTY-II.NFO,31/10/2024,09:33:17,24392.35,24391.4,250,24392.35,25,75,7927550
NIFTY-II.NFO,31/10/2024,09:33:19,24391.2,24391.45,50,24394.35,25,500,7927550
NIFTY-II.NFO,31/10/2024,09:33:21,24390.2,24391.2,25,24395,225,625,7927550
NIFTY-II.NFO,31/10/2024,09:33:22,24395,24390.05,25,24395,125,375,7927550
NIFTY-II.NFO,31/10/2024,09:33:24,24392.2,24391.2,50,24395,50,425,7927550
NIFTY-II.NFO,31/10/2024,09:33:26,24395,24390.25,25,24395,100,375,7927550
NIFTY-II.NFO,31/10/2024,09:33:27,24391.15,24390.4,25,24391.2,150,200,7927550
NIFTY-II.NFO,31/10/2024,09:33:29,24395,24395,1200,24396,450,550,7927550
NIFTY-II.NFO,31/10/2024,09:33:31,24395,24395,800,24396,375,475,7927550
NIFTY-II.NFO,31/10/2024,09:33:32,24397.8,24395.7,25,24399,375,725,7927550
NIFTY-II.NFO,31/10/2024,09:33:34,24396.55,24395,700,24399,350,600,7927550
NIFTY-II.NFO,31/10/2024,09:33:36,24399,24396.5,25,24399,25,600,7927550
NIFTY-II.NFO,31/10/2024,09:33:37,24399.9,24397.85,25,24399.9,375,800,7927550
NIFTY-II.NFO,31/10/2024,09:33:39,24399.9,24399,125,24399.9,250,350,7927550
NIFTY-II.NFO,31/10/2024,09:33:41,24399.9,24399,25,24399.9,100,250,7927550
NIFTY-II.NFO,31/10/2024,09:33:42,24399.1,24397.85,25,24399.1,25,1000,7927550
NIFTY-II.NFO,31/10/2024,09:33:44,24397.85,24395,925,24397.85,25,775,7927550
NIFTY-II.NFO,31/10/2024,09:33:46,24397.85,24395,250,24397.45,25,1050,7927550
NIFTY-II.NFO,31/10/2024,09:33:47,24396,24392,50,24397.2,25,425,7927550
NIFTY-II.NFO,31/10/2024,09:33:49,24396.4,24391.25,25,24395.8,25,375,7927550
NIFTY-II.NFO,31/10/2024,09:33:51,24397,24391.95,25,24397.8,100,450,7944000
NIFTY-II.NFO,31/10/2024,09:33:52,24391.1,24391.05,25,24397.25,75,300,7944000
NIFTY-II.NFO,31/10/2024,09:33:54,24395,24391.25,25,24396,50,625,7944000
NIFTY-II.NFO,31/10/2024,09:33:56,24395,24391.8,25,24395,25,275,7944000
NIFTY-II.NFO,31/10/2024,09:33:57,24397.85,24395.8,25,24397.85,25,450,7944000
NIFTY-II.NFO,31/10/2024,09:33:59,24395,24392.05,25,24397.6,25,150,7944000
NIFTY-II.NFO,31/10/2024,09:34:01,24391,24391,25,24395.8,25,125,7944000
NIFTY-II.NFO,31/10/2024,09:34:02,24395.8,24391.8,25,24395.6,25,325,7944000
NIFTY-II.NFO,31/10/2024,09:34:04,24391.8,24391,25,24393.05,25,475,7944000
NIFTY-II.NFO,31/10/2024,09:34:06,24390.6,24390.6,100,24391,125,50,7944000
NIFTY-II.NFO,31/10/2024,09:34:07,24395.55,24392.25,25,24395.65,25,250,7944000
NIFTY-II.NFO,31/10/2024,09:34:09,24395.9,24392.2,25,24395.65,25,125,7944000
NIFTY-II.NFO,31/10/2024,09:34:11,24396.45,24394.85,25,24396.45,25,375,7944000
NIFTY-II.NFO,31/10/2024,09:34:12,24390.65,24392.2,25,24394.85,75,2150,7944000
NIFTY-II.NFO,31/10/2024,09:34:14,24392.2,24390.65,25,24392.2,575,1850,7944000
NIFTY-II.NFO,31/10/2024,09:34:16,24392.2,24391,50,24392.2,450,2500,7944000
NIFTY-II.NFO,31/10/2024,09:34:17,24391,24390.6,25,24391,500,4025,7944000
NIFTY-II.NFO,31/10/2024,09:34:19,24391,24390.2,25,24391,325,1850,7944000
NIFTY-II.NFO,31/10/2024,09:34:21,24391,24391.2,550,24392.2,25,1175,7944000
NIFTY-II.NFO,31/10/2024,09:34:22,24391.2,24390,1200,24391,50,1425,7944000
NIFTY-II.NFO,31/10/2024,09:34:24,24392.2,24391.25,25,24393.6,25,650,7944000
NIFTY-II.NFO,31/10/2024,09:34:26,24391.25,24391,50,24392,25,250,7944000
NIFTY-II.NFO,31/10/2024,09:34:27,24391.5,24392,50,24393.6,25,200,7944000
NIFTY-II.NFO,31/10/2024,09:34:29,24393.6,24393.6,50,24395,25,150,7944000
NIFTY-II.NFO,31/10/2024,09:34:31,24396,24394.8,25,24396,25,200,7944000
NIFTY-II.NFO,31/10/2024,09:34:32,24394.8,24393.85,25,24396,50,175,7944000
NIFTY-II.NFO,31/10/2024,09:34:34,24400,24392.2,25,24395,25,1625,7944000
NIFTY-II.NFO,31/10/2024,09:34:36,24392.2,24392,50,24395,50,775,7944000
NIFTY-II.NFO,31/10/2024,09:34:37,24395,24391.75,25,24395,25,700,7944000
NIFTY-II.NFO,31/10/2024,09:34:39,24395,24391.2,25,24395,200,350,7944000
NIFTY-II.NFO,31/10/2024,09:34:41,24391.35,24391.05,25,24395,1475,1650,7944000
NIFTY-II.NFO,31/10/2024,09:34:42,24395,24391.05,25,24395,1325,975,7944000
NIFTY-II.NFO,31/10/2024,09:34:44,24395,24392,100,24395,1275,450,7944000
NIFTY-II.NFO,31/10/2024,09:34:46,24391.25,24391.25,50,24395,1125,750,7944000
NIFTY-II.NFO,31/10/2024,09:34:47,24395,24391.25,50,24395,250,1100,7944000
NIFTY-II.NFO,31/10/2024,09:34:49,24395.1,24390.95,25,24394.3,250,675,7944000
NIFTY-II.NFO,31/10/2024,09:34:51,24395,24391.25,25,24395,1075,850,7944000
NIFTY-II.NFO,31/10/2024,09:34:52,24393.9,24391,250,24395,950,525,7944000
NIFTY-II.NFO,31/10/2024,09:34:54,24392.85,24390,1775,24392.85,25,300,7944000
NIFTY-II.NFO,31/10/2024,09:34:56,24390,24391,225,24392.85,25,100,7944000
NIFTY-II.NFO,31/10/2024,09:34:57,24391,24391,275,24392.85,25,25,7944000
NIFTY-II.NFO,31/10/2024,09:34:59,24394.5,24391,225,24394.5,25,75,7944000
NIFTY-II.NFO,31/10/2024,09:35:01,24391,24391,150,24394.45,25,75,7944000
NIFTY-II.NFO,31/10/2024,09:35:02,24394.45,24391,75,24395,875,375,7944000
NIFTY-II.NFO,31/10/2024,09:35:04,24391,24390,1900,24392.95,25,100,7944000
NIFTY-II.NFO,31/10/2024,09:35:06,24392.85,24391.4,25,24394.75,25,275,7944000
NIFTY-II.NFO,31/10/2024,09:35:07,24394.75,24391.4,75,24394.75,50,150,7944000
NIFTY-II.NFO,31/10/2024,09:35:09,24392,24391.4,25,24392,75,200,7944000
NIFTY-II.NFO,31/10/2024,09:35:11,24392,24391,25,24392,50,475,7944000
NIFTY-II.NFO,31/10/2024,09:35:12,24390,24390,1325,24395,1375,1025,7944000
NIFTY-II.NFO,31/10/2024,09:35:14,24391.4,24390,750,24393.25,25,900,7944000
NIFTY-II.NFO,31/10/2024,09:35:16,24393,24393,25,24394.95,25,375,7944000
NIFTY-II.NFO,31/10/2024,09:35:17,24396,24394.8,125,24399,50,2550,7944000
NIFTY-II.NFO,31/10/2024,09:35:19,24397.15,24398,25,24399,25,875,7944000
NIFTY-II.NFO,31/10/2024,09:35:21,24401.15,24401.1,25,24402.6,25,675,7944000
NIFTY-II.NFO,31/10/2024,09:35:22,24402.6,24403.3,25,24407,50,375,7944000
NIFTY-II.NFO,31/10/2024,09:35:24,24404.6,24404.55,25,24407,25,450,7944000
NIFTY-II.NFO,31/10/2024,09:35:26,24409.2,24405,100,24407.75,25,450,7944000
NIFTY-II.NFO,31/10/2024,09:35:27,24405,24405.2,25,24407.75,50,475,7944000
NIFTY-II.NFO,31/10/2024,09:35:29,24409.75,24404.65,100,24409.85,25,1125,7944000
NIFTY-II.NFO,31/10/2024,09:35:31,24407,24404.9,25,24407,25,725,7944000
NIFTY-II.NFO,31/10/2024,09:35:32,24405,24401.9,75,24407.1,25,2300,7944000
NIFTY-II.NFO,31/10/2024,09:35:34,24404.9,24400.8,25,24407.1,100,1175,7944000
NIFTY-II.NFO,31/10/2024,09:35:36,24399.95,24402.25,50,24405.05,25,2350,7944000
NIFTY-II.NFO,31/10/2024,09:35:37,24399.9,24400.75,25,24402.25,675,125,7944000
NIFTY-II.NFO,31/10/2024,09:35:39,24399.95,24397.2,75,24400,25,400,7944000
NIFTY-II.NFO,31/10/2024,09:35:41,24399.35,24395.35,175,24399.35,25,325,7944000
NIFTY-II.NFO,31/10/2024,09:35:42,24397.55,24397.65,50,24403.6,25,1375,7944000
NIFTY-II.NFO,31/10/2024,09:35:44,24400,24400,25,24402.6,25,425,7944000
NIFTY-II.NFO,31/10/2024,09:35:46,24397.75,24398.05,25,24401.95,25,225,7944000
NIFTY-II.NFO,31/10/2024,09:35:48,24398.05,24398.05,100,24401.6,25,175,7944000
NIFTY-II.NFO,31/10/2024,09:35:49,24399,24398.05,100,24399,25,400,7944000
NIFTY-II.NFO,31/10/2024,09:35:51,24403.85,24398.6,50,24401.1,25,450,7944000
NIFTY-II.NFO,31/10/2024,09:35:53,24401.1,24399.15,100,24405,25,1975,7944000
NIFTY-II.NFO,31/10/2024,09:35:54,24399,24401.6,25,24405,50,625,7944000
NIFTY-II.NFO,31/10/2024,09:35:56,24399,24399,50,24400,475,75,7944000
NIFTY-II.NFO,31/10/2024,09:35:58,24400,24399,125,24400,250,275,7944000
NIFTY-II.NFO,31/10/2024,09:35:59,24401.6,24400,750,24401.6,150,1275,7944000
NIFTY-II.NFO,31/10/2024,09:36:01,24401.6,24400,400,24401.6,25,550,7944000
NIFTY-II.NFO,31/10/2024,09:36:03,24402,24402,150,24404.3,25,250,7944000
NIFTY-II.NFO,31/10/2024,09:36:04,24402,24402,50,24404.3,50,125,7944000
NIFTY-II.NFO,31/10/2024,09:36:06,24402,24402,150,24403.55,25,100,7944000
NIFTY-II.NFO,31/10/2024,09:36:08,24401.95,24401.95,25,24403.2,25,1450,7944000
NIFTY-II.NFO,31/10/2024,09:36:09,24401.95,24401.6,25,24401.95,75,675,7944000
NIFTY-II.NFO,31/10/2024,09:36:11,24400,24399,25,24400.65,25,325,7944000
NIFTY-II.NFO,31/10/2024,09:36:13,24400,24398.85,25,24400,25,425,7944000
NIFTY-II.NFO,31/10/2024,09:36:14,24398.85,24398,150,24399.85,100,250,7944000
NIFTY-II.NFO,31/10/2024,09:36:16,24398,24398,100,24399.75,25,50,7944000
NIFTY-II.NFO,31/10/2024,09:36:18,24399.95,24398,25,24398.65,25,1350,7944000
NIFTY-II.NFO,31/10/2024,09:36:19,24398.65,24396.3,25,24398.65,25,175,7944000
NIFTY-II.NFO,31/10/2024,09:36:21,24396.95,24396.95,75,24397.65,25,125,7944000
NIFTY-II.NFO,31/10/2024,09:36:23,24395,24395,250,24397.3,50,175,7944000
NIFTY-II.NFO,31/10/2024,09:36:24,24397.3,24395,250,24396.3,150,50,7944000
NIFTY-II.NFO,31/10/2024,09:36:26,24396.3,24395,250,24396.3,125,50,7944000
NIFTY-II.NFO,31/10/2024,09:36:28,24396.3,24395,250,24398.65,50,175,7944000
NIFTY-II.NFO,31/10/2024,09:36:29,24396.3,24395.3,250,24398.65,50,675,7944000
NIFTY-II.NFO,31/10/2024,09:36:31,24397.3,24397.3,25,24398.65,25,150,7944000
NIFTY-II.NFO,31/10/2024,09:36:32,24397,24396.3,25,24398.65,50,175,7944000
NIFTY-II.NFO,31/10/2024,09:36:34,24396.3,24395,250,24396.3,25,600,7944000
NIFTY-II.NFO,31/10/2024,09:36:36,24395,24395,25,24399.85,50,875,7944000
NIFTY-II.NFO,31/10/2024,09:36:37,24395,24393.8,125,24396.05,25,125,7944000
NIFTY-II.NFO,31/10/2024,09:36:39,24400,24396.3,50,24397.65,25,1975,7944000
NIFTY-II.NFO,31/10/2024,09:36:41,24392.75,24392.35,25,24396.05,25,125,7944000
NIFTY-II.NFO,31/10/2024,09:36:42,24400,24396.3,25,24397.15,25,625,7944000
NIFTY-II.NFO,31/10/2024,09:36:44,24398.8,24395.5,100,24399.05,25,125,7944000
NIFTY-II.NFO,31/10/2024,09:36:46,24400,24396.85,100,24400,550,175,7944000
NIFTY-II.NFO,31/10/2024,09:36:47,24395.5,24395.85,25,24399,25,775,7944000
NIFTY-II.NFO,31/10/2024,09:36:49,24398,24395,175,24395.85,25,250,7944000
NIFTY-II.NFO,31/10/2024,09:36:51,24398,24395,175,24399,50,200,7944000
NIFTY-II.NFO,31/10/2024,09:36:52,24395,24395,125,24398.85,25,200,7965675
NIFTY-II.NFO,31/10/2024,09:36:54,24395,24395.05,200,24398.45,25,1100,7965675
NIFTY-II.NFO,31/10/2024,09:36:56,24398.3,24395.1,50,24397.3,25,225,7965675
NIFTY-II.NFO,31/10/2024,09:36:57,24397.3,24395,450,24397.3,50,75,7965675
NIFTY-II.NFO,31/10/2024,09:36:59,24393,24393,1475,24395,25,1175,7965675
NIFTY-II.NFO,31/10/2024,09:37:01,24393,24393,1275,24395,175,450,7965675
NIFTY-II.NFO,31/10/2024,09:37:02,24395,24393,1250,24395,75,175,7965675
NIFTY-II.NFO,31/10/2024,09:37:04,24394.1,24393,1250,24393.75,50,50,7965675
NIFTY-II.NFO,31/10/2024,09:37:06,24394.05,24391.45,25,24393.05,25,3550,7965675
NIFTY-II.NFO,31/10/2024,09:37:07,24393,24390.15,100,24393.05,50,675,7965675
NIFTY-II.NFO,31/10/2024,09:37:09,24390.2,24390.2,100,24393,25,475,7965675
NIFTY-II.NFO,31/10/2024,09:37:11,24390.2,24390,675,24392.4,25,575,7965675
NIFTY-II.NFO,31/10/2024,09:37:12,24390.05,24390.05,50,24392.4,50,175,7965675
NIFTY-II.NFO,31/10/2024,09:37:14,24390.2,24390.05,50,24391,25,550,7965675
NIFTY-II.NFO,31/10/2024,09:37:16,24390,24390,700,24390.2,75,150,7965675
NIFTY-II.NFO,31/10/2024,09:37:17,24390,24389.05,250,24390,50,775,7965675
NIFTY-II.NFO,31/10/2024,09:37:19,24388,24389.1,25,24390,200,675,7965675
NIFTY-II.NFO,31/10/2024,09:37:21,24386,24386.05,100,24389.05,175,725,7965675
NIFTY-II.NFO,31/10/2024,09:37:22,24388.75,24385.9,100,24388.75,175,200,7965675
NIFTY-II.NFO,31/10/2024,09:37:24,24385.9,24385.9,50,24387.8,175,50,7965675
NIFTY-II.NFO,31/10/2024,09:37:26,24387.8,24385.9,50,24388.75,175,175,7965675
NIFTY-II.NFO,31/10/2024,09:37:27,24387.25,24387.25,525,24388.75,125,825,7965675
NIFTY-II.NFO,31/10/2024,09:37:29,24388.75,24387.9,25,24390,475,375,7965675
NIFTY-II.NFO,31/10/2024,09:37:31,24387.5,24387.5,600,24390,375,225,7965675
NIFTY-II.NFO,31/10/2024,09:37:32,24390.2,24387.5,550,24390.6,25,525,7965675
NIFTY-II.NFO,31/10/2024,09:37:34,24393.7,24385.9,50,24390.45,25,1375,7965675
NIFTY-II.NFO,31/10/2024,09:37:36,24390.4,24386,25,24389.8,25,25,7965675
NIFTY-II.NFO,31/10/2024,09:37:37,24383.2,24382,350,24384.95,100,1575,7965675
NIFTY-II.NFO,31/10/2024,09:37:39,24383.2,24382,350,24384,25,300,7965675
NIFTY-II.NFO,31/10/2024,09:37:41,24387.45,24381.65,25,24384.25,25,725,7965675
NIFTY-II.NFO,31/10/2024,09:37:42,24380,24380,2850,24381.05,25,4025,7965675
NIFTY-II.NFO,31/10/2024,09:37:42,24380,24380,2850,24381.05,25,0,7965675
NIFTY-II.NFO,31/10/2024,09:37:44,24376.85,24376.85,225,24380,550,3675,7965675
NIFTY-II.NFO,31/10/2024,09:37:44,24376.85,24376.85,225,24380,550,0,7965675
NIFTY-II.NFO,31/10/2024,09:37:46,24378.65,24377.8,100,24381.05,25,875,7965675
NIFTY-II.NFO,31/10/2024,09:37:47,24380.9,24376.85,50,24380.95,25,125,7965675
NIFTY-II.NFO,31/10/2024,09:37:49,24378,24376,50,24378.95,25,475,7965675
NIFTY-II.NFO,31/10/2024,09:37:49,24376,24376,50,24378.95,25,0,7965675
NIFTY-II.NFO,31/10/2024,09:37:51,24380.25,24375.95,75,24377.5,25,600,7965675
NIFTY-II.NFO,31/10/2024,09:37:51,24375.95,24375.95,75,24377.5,25,0,7965675
NIFTY-II.NFO,31/10/2024,09:37:52,24375.95,24375,2325,24375.95,25,875,7965675
NIFTY-II.NFO,31/10/2024,09:37:52,24375,24375,2325,24375.95,25,0,7965675
NIFTY-II.NFO,31/10/2024,09:37:54,24375.4,24375.35,50,24378,50,1125,7965675
NIFTY-II.NFO,31/10/2024,09:37:56,24378.95,24375.95,25,24378.15,25,150,7965675
NIFTY-II.NFO,31/10/2024,09:37:57,24375.45,24378.15,250,24381.95,25,225,7965675
NIFTY-II.NFO,31/10/2024,09:37:59,24381,24377,25,24380,25,3375,7965675
NIFTY-II.NFO,31/10/2024,09:38:01,24375.3,24375.1,625,24378.15,25,550,7965675
NIFTY-II.NFO,31/10/2024,09:38:03,24378.15,24375,2675,24381,125,675,7965675
NIFTY-II.NFO,31/10/2024,09:38:04,24378.15,24376,25,24380.95,25,2725,7965675
NIFTY-II.NFO,31/10/2024,09:38:06,24376,24376,25,24380,25,775,7965675
NIFTY-II.NFO,31/10/2024,09:38:08,24376.35,24376.35,25,24379,50,775,7965675
NIFTY-II.NFO,31/10/2024,09:38:09,24377.2,24378.65,25,24382.9,50,975,7965675
NIFTY-II.NFO,31/10/2024,09:38:11,24385.1,24381,350,24385.05,125,425,7965675
NIFTY-II.NFO,31/10/2024,09:38:13,24381.05,24381.05,25,24387,50,525,7965675
NIFTY-II.NFO,31/10/2024,09:38:14,24384.05,24381.35,50,24383.2,25,200,7965675
NIFTY-II.NFO,31/10/2024,09:38:16,24383.2,24385.3,25,24390,75,300,7965675
NIFTY-II.NFO,31/10/2024,09:38:18,24392.05,24385.55,25,24392.65,50,275,7965675
NIFTY-II.NFO,31/10/2024,09:38:19,24391.6,24385.8,200,24391.75,25,1150,7965675
NIFTY-II.NFO,31/10/2024,09:38:21,24390,24384.5,125,24390,250,200,7965675
NIFTY-II.NFO,31/10/2024,09:38:23,24390,24384.05,50,24389.45,200,50,7965675
NIFTY-II.NFO,31/10/2024,09:38:24,24389.5,24385,25,24389,50,575,7965675
NIFTY-II.NFO,31/10/2024,09:38:26,24385.5,24385.5,75,24390,775,175,7965675
NIFTY-II.NFO,31/10/2024,09:38:28,24389.95,24383.25,75,24389.4,50,300,7965675
NIFTY-II.NFO,31/10/2024,09:38:29,24389.4,24384.15,75,24390,800,725,7965675
NIFTY-II.NFO,31/10/2024,09:38:31,24390,24385,250,24390,375,500,7965675
NIFTY-II.NFO,31/10/2024,09:38:33,24386,24386,75,24390,400,150,7965675
NIFTY-II.NFO,31/10/2024,09:38:34,24389,24386,75,24388.5,25,200,7965675
NIFTY-II.NFO,31/10/2024,09:38:36,24385,24385,250,24385.3,25,1375,7965675
NIFTY-II.NFO,31/10/2024,09:38:38,24385.05,24385,250,24387.85,125,450,7965675
NIFTY-II.NFO,31/10/2024,09:38:39,24385,24385,200,24388.65,150,125,7965675
NIFTY-II.NFO,31/10/2024,09:38:41,24387.85,24388.6,25,24389.8,25,275,7965675
NIFTY-II.NFO,31/10/2024,09:38:43,24385,24385,175,24387.85,75,50,7965675
NIFTY-II.NFO,31/10/2024,09:38:44,24385.55,24385.55,50,24386,25,325,7965675
NIFTY-II.NFO,31/10/2024,09:38:46,24390,24387.15,25,24390,325,250,7965675
NIFTY-II.NFO,31/10/2024,09:38:48,24390,24389.8,50,24390,400,0,7965675
NIFTY-II.NFO,31/10/2024,09:38:49,24389.8,24389,150,24389.8,50,50,7965675
NIFTY-II.NFO,31/10/2024,09:38:51,24389,24386,50,24389.9,25,800,7965675
NIFTY-II.NFO,31/10/2024,09:38:53,24389,24386,150,24389,75,50,7965675
NIFTY-II.NFO,31/10/2024,09:38:54,24389,24386,150,24389.1,25,75,7965675
NIFTY-II.NFO,31/10/2024,09:38:56,24390,24386,125,24389.95,25,475,7965675
NIFTY-II.NFO,31/10/2024,09:38:58,24386,24389,25,24389.95,25,350,7965675
NIFTY-II.NFO,31/10/2024,09:38:59,24386,24386,75,24390,350,725,7965675
NIFTY-II.NFO,31/10/2024,09:39:01,24390.6,24389.75,25,24391,250,375,7965675
NIFTY-II.NFO,31/10/2024,09:39:03,24390,24389.75,25,24390,100,125,7965675
NIFTY-II.NFO,31/10/2024,09:39:04,24391,24389,600,24389.05,25,350,7965675
NIFTY-II.NFO,31/10/2024,09:39:06,24389,24389,225,24390,50,450,7965675
NIFTY-II.NFO,31/10/2024,09:39:08,24391,24389,225,24390,25,275,7965675
NIFTY-II.NFO,31/10/2024,09:39:09,24389.75,24389,100,24390,25,325,7965675
NIFTY-II.NFO,31/10/2024,09:39:11,24389.75,24389,100,24390,25,0,7965675
NIFTY-II.NFO,31/10/2024,09:39:13,24389,24389,75,24390,25,175,7965675
NIFTY-II.NFO,31/10/2024,09:39:14,24389,24389,50,24389.35,125,450,7965675
NIFTY-II.NFO,31/10/2024,09:39:16,24385.55,24386.65,50,24391.05,25,325,7965675
NIFTY-II.NFO,31/10/2024,09:39:18,24386.65,24385.55,25,24386.65,50,150,7965675
NIFTY-II.NFO,31/10/2024,09:39:19,24385.55,24385,600,24386.5,25,125,7965675
NIFTY-II.NFO,31/10/2024,09:39:21,24389.35,24385,625,24388.35,50,250,7965675
NIFTY-II.NFO,31/10/2024,09:39:23,24387.85,24385,625,24386.35,50,25,7965675
NIFTY-II.NFO,31/10/2024,09:39:24,24389.35,24385,450,24389.4,75,825,7965675
NIFTY-II.NFO,31/10/2024,09:39:26,24384.8,24384.1,25,24384.7,25,500,7965675
NIFTY-II.NFO,31/10/2024,09:39:28,24385,24381.2,50,24385,25,1825,7965675
NIFTY-II.NFO,31/10/2024,09:39:29,24386.35,24381.65,50,24386.35,50,825,7965675
NIFTY-II.NFO,31/10/2024,09:39:31,24381.85,24382.45,25,24386,25,25,7965675
NIFTY-II.NFO,31/10/2024,09:39:33,24385,24382.55,25,24385,1025,25,7965675
NIFTY-II.NFO,31/10/2024,09:39:34,24385,24382.05,25,24384.95,25,150,7965675
NIFTY-II.NFO,31/10/2024,09:39:36,24385,24381.85,50,24385,700,325,7965675
NIFTY-II.NFO,31/10/2024,09:39:38,24385,24382.6,200,24385,500,200,7965675
NIFTY-II.NFO,31/10/2024,09:39:39,24386,24385,450,24386,25,675,7965675
NIFTY-II.NFO,31/10/2024,09:39:41,24386,24385,25,24386.5,25,525,7965675
NIFTY-II.NFO,31/10/2024,09:39:43,24386.3,24381.85,50,24386.5,25,250,7965675
NIFTY-II.NFO,31/10/2024,09:39:44,24385.95,24381,1525,24381.7,25,100,7965675
NIFTY-II.NFO,31/10/2024,09:39:46,24386.9,24382,250,24386.85,50,125,7965675
NIFTY-II.NFO,31/10/2024,09:39:48,24387.7,24382,250,24386.95,25,275,7965675
NIFTY-II.NFO,31/10/2024,09:39:49,24386.75,24382,125,24386.95,25,225,7965675
NIFTY-II.NFO,31/10/2024,09:39:51,24381.05,24381,1425,24383.7,25,325,7965675
NIFTY-II.NFO,31/10/2024,09:39:53,24384.85,24384.85,50,24386.95,25,225,7981400
NIFTY-II.NFO,31/10/2024,09:39:54,24381.05,24381.45,200,24383.7,25,175,7981400
NIFTY-II.NFO,31/10/2024,09:39:56,24383.7,24381,1300,24382,25,550,7981400
NIFTY-II.NFO,31/10/2024,09:39:58,24381,24381,1175,24382,25,125,7981400
NIFTY-II.NFO,31/10/2024,09:39:59,24381.9,24381,1075,24385.75,50,950,7981400
NIFTY-II.NFO,31/10/2024,09:40:01,24381.9,24381.05,25,24385.45,25,50,7981400
NIFTY-II.NFO,31/10/2024,09:40:03,24382,24381,1125,24382.85,50,250,7981400
NIFTY-II.NFO,31/10/2024,09:40:04,24382,24381,1200,24385.95,50,1600,7981400
NIFTY-II.NFO,31/10/2024,09:40:06,24386.45,24381,1250,24385.95,25,1625,7981400
NIFTY-II.NFO,31/10/2024,09:40:08,24384.35,24381,1450,24384.35,25,1000,7981400
NIFTY-II.NFO,31/10/2024,09:40:10,24381.05,24381.05,200,24383.8,25,50,7981400
NIFTY-II.NFO,31/10/2024,09:40:11,24381,24381,1175,24383.8,25,600,7981400
NIFTY-II.NFO,31/10/2024,09:40:13,24387.6,24381.15,200,24387.6,150,325,7981400
NIFTY-II.NFO,31/10/2024,09:40:15,24383.8,24383,125,24387.05,50,50,7981400
NIFTY-II.NFO,31/10/2024,09:40:16,24387,24382,125,24387,175,200,7981400
NIFTY-II.NFO,31/10/2024,09:40:18,24385,24385,25,24386.95,200,1600,7981400
NIFTY-II.NFO,31/10/2024,09:40:20,24386.45,24383,25,24386.45,25,500,7981400
NIFTY-II.NFO,31/10/2024,09:40:21,24386,24386,50,24387.45,200,1275,7981400
NIFTY-II.NFO,31/10/2024,09:40:23,24388,24383.9,200,24388,25,100,7981400
NIFTY-II.NFO,31/10/2024,09:40:25,24388,24385.15,200,24390,300,225,7981400
NIFTY-II.NFO,31/10/2024,09:40:26,24389.9,24388,25,24389.9,25,25,7981400
NIFTY-II.NFO,31/10/2024,09:40:28,24387,24385,50,24389.9,25,75,7981400
NIFTY-II.NFO,31/10/2024,09:40:30,24389.75,24385.9,200,24389.9,25,475,7981400
NIFTY-II.NFO,31/10/2024,09:40:31,24385.7,24385.55,175,24389.85,25,100,7981400
NIFTY-II.NFO,31/10/2024,09:40:33,24389.85,24387.45,50,24389.85,175,100,7981400
NIFTY-II.NFO,31/10/2024,09:40:34,24389,24388,50,24389,125,25,7981400
NIFTY-II.NFO,31/10/2024,09:40:36,24389,24388,50,24389,25,325,7981400
NIFTY-II.NFO,31/10/2024,09:40:38,24388,24388,75,24389.95,25,425,7981400
NIFTY-II.NFO,31/10/2024,09:40:39,24389,24389,100,24389.95,25,100,7981400
NIFTY-II.NFO,31/10/2024,09:40:41,24387.45,24387,50,24388.65,25,375,7981400
NIFTY-II.NFO,31/10/2024,09:40:43,24389,24386,100,24388.95,25,325,7981400
NIFTY-II.NFO,31/10/2024,09:40:44,24388.65,24386,75,24388.95,25,775,7981400
NIFTY-II.NFO,31/10/2024,09:40:46,24386,24386,50,24389.1,25,275,7981400
NIFTY-II.NFO,31/10/2024,09:40:48,24389.1,24388,225,24389.95,225,25,7981400
NIFTY-II.NFO,31/10/2024,09:40:49,24389,24388.95,100,24389.95,225,25,7981400
NIFTY-II.NFO,31/10/2024,09:40:51,24388.95,24388.95,100,24390,275,700,7981400
NIFTY-II.NFO,31/10/2024,09:40:53,24389.95,24388.95,100,24389.95,75,150,7981400
NIFTY-II.NFO,31/10/2024,09:40:54,24390,24388.95,1100,24390,225,125,7981400
NIFTY-II.NFO,31/10/2024,09:40:56,24390.85,24388.95,1050,24392,75,500,7981400
NIFTY-II.NFO,31/10/2024,09:40:58,24394.45,24389.1,150,24393.45,175,350,7981400
NIFTY-II.NFO,31/10/2024,09:40:59,24394.95,24391.1,50,24394.95,50,1050,7981400
NIFTY-II.NFO,31/10/2024,09:41:01,24395,24395,75,24395.05,25,800,7981400
NIFTY-II.NFO,31/10/2024,09:41:03,24395.05,24393.5,25,24396.95,175,275,7981400
NIFTY-II.NFO,31/10/2024,09:41:04,24396.95,24394.9,25,24397,25,125,7981400
NIFTY-II.NFO,31/10/2024,09:41:06,24398,24394.5,25,24398,25,100,7981400
NIFTY-II.NFO,31/10/2024,09:41:08,24399,24395.15,100,24399,875,175,7981400
NIFTY-II.NFO,31/10/2024,09:41:09,24398.95,24397,225,24398.95,100,25,7981400
NIFTY-II.NFO,31/10/2024,09:41:11,24397,24395,50,24397.45,75,300,7981400
NIFTY-II.NFO,31/10/2024,09:41:13,24395,24395,25,24397.45,50,925,7981400
NIFTY-II.NFO,31/10/2024,09:41:14,24396.95,24395,25,24396.95,25,575,7981400
NIFTY-II.NFO,31/10/2024,09:41:16,24393.45,24390.85,175,24394.5,50,300,7981400
NIFTY-II.NFO,31/10/2024,09:41:18,24396.35,24390.35,50,24395.45,25,350,7981400
NIFTY-II.NFO,31/10/2024,09:41:19,24396.15,24390.15,100,24390.2,25,50,7981400
NIFTY-II.NFO,31/10/2024,09:41:21,24394.5,24390.15,100,24394.5,25,500,7981400
NIFTY-II.NFO,31/10/2024,09:41:23,24396.75,24390.3,200,24395.45,25,225,7981400
NIFTY-II.NFO,31/10/2024,09:41:24,24395.95,24391.55,25,24395.95,25,350,7981400
NIFTY-II.NFO,31/10/2024,09:41:26,24399,24392.9,50,24397.95,25,925,7981400
NIFTY-II.NFO,31/10/2024,09:41:28,24391.05,24390.85,50,24396.05,175,150,7981400
NIFTY-II.NFO,31/10/2024,09:41:29,24391.05,24391.3,125,24396.05,175,650,7981400
NIFTY-II.NFO,31/10/2024,09:41:31,24398,24392.5,175,24397.45,50,3375,7981400
NIFTY-II.NFO,31/10/2024,09:41:33,24397.45,24393.35,125,24397.45,25,200,7981400
NIFTY-II.NFO,31/10/2024,09:41:34,24397.45,24392.2,125,24397.45,25,1800,7981400
NIFTY-II.NFO,31/10/2024,09:41:36,24397.45,24392.4,125,24397.45,25,0,7981400
NIFTY-II.NFO,31/10/2024,09:41:38,24397.45,24391.7,125,24397.45,50,50,7981400
NIFTY-II.NFO,31/10/2024,09:41:39,24397.45,24393.5,125,24397.45,25,225,7981400
NIFTY-II.NFO,31/10/2024,09:41:41,24395.95,24395,25,24397.45,25,175,7981400
NIFTY-II.NFO,31/10/2024,09:41:43,24397.05,24392.3,50,24397.05,50,400,7981400
NIFTY-II.NFO,31/10/2024,09:41:44,24396.55,24393.25,50,24397.45,25,25,7981400
NIFTY-II.NFO,31/10/2024,09:41:46,24397.45,24397.45,125,24397.55,25,125,7981400
NIFTY-II.NFO,31/10/2024,09:41:48,24395.5,24395.5,50,24395.7,25,325,7981400
NIFTY-II.NFO,31/10/2024,09:41:49,24395,24395,975,24399,25,200,7981400
NIFTY-II.NFO,31/10/2024,09:41:51,24399.9,24396.85,150,24399.95,75,400,7981400
NIFTY-II.NFO,31/10/2024,09:41:53,24400.75,24399.55,150,24402,25,1675,7981400
NIFTY-II.NFO,31/10/2024,09:41:54,24404.55,24400.3,150,24405.45,25,675,7981400
NIFTY-II.NFO,31/10/2024,09:41:56,24400.8,24401.25,50,24405.95,25,1675,7981400
NIFTY-II.NFO,31/10/2024,09:41:58,24400.8,24402.15,125,24405,25,0,7981400
NIFTY-II.NFO,31/10/2024,09:41:59,24405,24402.6,200,24407,50,100,7981400
NIFTY-II.NFO,31/10/2024,09:42:01,24409.8,24405.5,125,24409.8,50,375,7981400
NIFTY-II.NFO,31/10/2024,09:42:03,24414.85,24410.05,50,24414.75,75,1850,7981400
NIFTY-II.NFO,31/10/2024,09:42:04,24408,24407.15,25,24412.95,25,800,7981400
NIFTY-II.NFO,31/10/2024,09:42:06,24405.45,24405.05,25,24410.6,75,425,7981400
NIFTY-II.NFO,31/10/2024,09:42:08,24410.05,24405,25,24408.95,25,150,7981400
NIFTY-II.NFO,31/10/2024,09:42:09,24408.95,24405,25,24408.45,25,300,7981400
NIFTY-II.NFO,31/10/2024,09:42:11,24400.95,24401.4,50,24407.45,25,275,7981400
NIFTY-II.NFO,31/10/2024,09:42:13,24405.95,24401.35,50,24405.05,25,500,7981400
NIFTY-II.NFO,31/10/2024,09:42:14,24405.05,24401.4,50,24405.95,25,100,7981400
NIFTY-II.NFO,31/10/2024,09:42:16,24405.95,24400.3,50,24405.15,25,150,7981400
NIFTY-II.NFO,31/10/2024,09:42:18,24400,24400,2800,24401.55,100,3075,7981400
NIFTY-II.NFO,31/10/2024,09:42:19,24400,24400,2775,24401.55,100,100,7981400
NIFTY-II.NFO,31/10/2024,09:42:21,24405.95,24401.05,125,24404.45,25,1850,7981400
NIFTY-II.NFO,31/10/2024,09:42:23,24404.45,24401.5,25,24404.45,25,1075,7981400
NIFTY-II.NFO,31/10/2024,09:42:24,24405.55,24401.1,75,24406.05,100,125,7981400
NIFTY-II.NFO,31/10/2024,09:42:26,24403.05,24403.05,475,24405,25,50,7981400
NIFTY-II.NFO,31/10/2024,09:42:28,24403.05,24403.05,425,24404.55,75,100,7981400
NIFTY-II.NFO,31/10/2024,09:42:30,24404.05,24403.05,350,24404.05,75,475,7981400
NIFTY-II.NFO,31/10/2024,09:42:31,24403.05,24401,50,24403.05,275,525,7981400
NIFTY-II.NFO,31/10/2024,09:42:33,24402.55,24400,3075,24403.3,25,175,7981400
NIFTY-II.NFO,31/10/2024,09:42:35,24400,24400.7,50,24401.05,200,50,7981400
NIFTY-II.NFO,31/10/2024,09:42:36,24400,24400,4825,24401.55,200,575,7981400
NIFTY-II.NFO,31/10/2024,09:42:38,24400,24400,4825,24401.55,200,1500,7981400
NIFTY-II.NFO,31/10/2024,09:42:40,24401.55,24400,4925,24401.55,150,50,7981400
NIFTY-II.NFO,31/10/2024,09:42:41,24400,24401.55,25,24402.55,200,225,7981400
NIFTY-II.NFO,31/10/2024,09:42:43,24401.55,24400.95,25,24401.55,125,75,7981400
NIFTY-II.NFO,31/10/2024,09:42:45,24401.15,24400,5400,24401.15,200,850,7981400
NIFTY-II.NFO,31/10/2024,09:42:46,24401.95,24400,3700,24400.15,200,2425,7981400
NIFTY-II.NFO,31/10/2024,09:42:48,24397.3,24396,25,24400,25,4400,7981400
NIFTY-II.NFO,31/10/2024,09:42:50,24399.45,24395.6,200,24399.45,25,1700,7981400
NIFTY-II.NFO,31/10/2024,09:42:51,24401.55,24400.15,50,24402.25,100,700,7981400
NIFTY-II.NFO,31/10/2024,09:42:53,24400,24400,175,24401,50,125,8011175
NIFTY-II.NFO,31/10/2024,09:42:55,24400,24400,250,24400.95,25,1300,8011175
NIFTY-II.NFO,31/10/2024,09:42:56,24400,24400,150,24400.95,25,175,8011175
NIFTY-II.NFO,31/10/2024,09:42:58,24400,24400,50,24400.45,25,100,8011175
NIFTY-II.NFO,31/10/2024,09:43:00,24396.35,24396,25,24399.75,100,150,8011175
NIFTY-II.NFO,31/10/2024,09:43:01,24398.95,24395,150,24395.3,25,275,8011175
NIFTY-II.NFO,31/10/2024,09:43:03,24395.25,24394,25,24396.25,150,300,8011175
NIFTY-II.NFO,31/10/2024,09:43:05,24393,24391.3,200,24392.5,50,75,8011175
NIFTY-II.NFO,31/10/2024,09:43:06,24393,24391.3,200,24392.5,50,0,8011175
NIFTY-II.NFO,31/10/2024,09:43:08,24398.25,24391.45,100,24395.95,25,675,8011175
NIFTY-II.NFO,31/10/2024,09:43:10,24398.95,24392.2,275,24396.45,25,1150,8011175
NIFTY-II.NFO,31/10/2024,09:43:11,24390,24390,700,24395.45,25,1900,8011175
NIFTY-II.NFO,31/10/2024,09:43:13,24395.7,24391.05,175,24395.45,25,125,8011175
NIFTY-II.NFO,31/10/2024,09:43:15,24395.45,24392.9,25,24395.95,25,750,8011175
NIFTY-II.NFO,31/10/2024,09:43:16,24397.45,24393.2,150,24397.45,25,400,8011175
NIFTY-II.NFO,31/10/2024,09:43:18,24398.95,24395.6,75,24398.95,25,75,8011175
NIFTY-II.NFO,31/10/2024,09:43:20,24395.45,24393.4,175,24398.45,25,200,8011175
NIFTY-II.NFO,31/10/2024,09:43:21,24393.5,24393.55,100,24397.45,25,125,8011175
NIFTY-II.NFO,31/10/2024,09:43:23,24394.45,24394.65,125,24399.45,25,50,8011175
NIFTY-II.NFO,31/10/2024,09:43:25,24400,24396.8,125,24400,450,25,8011175
NIFTY-II.NFO,31/10/2024,09:43:26,24401,24399.6,50,24401.55,25,825,8011175
NIFTY-II.NFO,31/10/2024,09:43:28,24400,24400,100,24401.55,25,125,8011175
NIFTY-II.NFO,31/10/2024,09:43:30,24400,24400,25,24402.45,25,625,8011175
NIFTY-II.NFO,31/10/2024,09:43:31,24399.95,24399.95,925,24401.95,25,100,8011175
NIFTY-II.NFO,31/10/2024,09:43:33,24399.95,24399.95,825,24400.75,125,1175,8011175
NIFTY-II.NFO,31/10/2024,09:43:35,24399.95,24395.95,200,24399.45,25,1025,8011175
NIFTY-II.NFO,31/10/2024,09:43:36,24397.25,24395.95,50,24397.25,200,525,8011175
NIFTY-II.NFO,31/10/2024,09:43:38,24391.15,24391.15,25,24396.95,25,400,8011175
NIFTY-II.NFO,31/10/2024,09:43:40,24391.1,24391.45,125,24396.95,25,200,8011175
NIFTY-II.NFO,31/10/2024,09:43:41,24399.9,24393.2,125,24397.95,25,300,8011175
NIFTY-II.NFO,31/10/2024,09:43:43,24396.95,24392.6,125,24396.95,25,100,8011175
NIFTY-II.NFO,31/10/2024,09:43:45,24396.95,24392.3,50,24396.45,25,0,8011175
NIFTY-II.NFO,31/10/2024,09:43:46,24396.45,24392.1,100,24396.95,25,550,8011175
NIFTY-II.NFO,31/10/2024,09:43:48,24392.3,24392.15,125,24396.95,25,75,8011175
NIFTY-II.NFO,31/10/2024,09:43:50,24395.75,24392.05,25,24395.75,50,1100,8011175
NIFTY-II.NFO,31/10/2024,09:43:51,24395.75,24392.05,25,24396.25,50,0,8011175
NIFTY-II.NFO,31/10/2024,09:43:53,24396.45,24392.05,100,24398,25,100,8011175
NIFTY-II.NFO,31/10/2024,09:43:55,24396.45,24393.3,125,24398,25,0,8011175
NIFTY-II.NFO,31/10/2024,09:43:56,24395.75,24393.2,125,24396.75,25,50,8011175
NIFTY-II.NFO,31/10/2024,09:43:58,24395,24395,25,24398,25,125,8011175
NIFTY-II.NFO,31/10/2024,09:44:00,24396.75,24396.45,25,24396.75,100,925,8011175
NIFTY-II.NFO,31/10/2024,09:44:01,24396.25,24394,25,24395.75,50,75,8011175
NIFTY-II.NFO,31/10/2024,09:44:03,24397.95,24392.1,125,24398,25,225,8011175
NIFTY-II.NFO,31/10/2024,09:44:05,24396.75,24392,25,24398,25,1100,8011175
NIFTY-II.NFO,31/10/2024,09:44:06,24394,24392,50,24395.25,200,225,8011175
NIFTY-II.NFO,31/10/2024,09:44:08,24395.25,24392.05,200,24395.25,125,75,8011175
NIFTY-II.NFO,31/10/2024,09:44:10,24399.55,24393.55,275,24398,25,750,8011175
NIFTY-II.NFO,31/10/2024,09:44:11,24392.7,24392.7,200,24395,25,225,8011175
NIFTY-II.NFO,31/10/2024,09:44:13,24395,24392.25,275,24395,25,50,8011175
NIFTY-II.NFO,31/10/2024,09:44:15,24395,24392.85,275,24399.25,250,325,8011175
NIFTY-II.NFO,31/10/2024,09:44:16,24395,24392.9,275,24399.25,250,575,8011175
NIFTY-II.NFO,31/10/2024,09:44:18,24395.25,24392.7,200,24395,25,275,8011175
NIFTY-II.NFO,31/10/2024,09:44:20,24393.5,24394.1,275,24400,150,150,8011175
NIFTY-II.NFO,31/10/2024,09:44:21,24396.1,24395.15,200,24400,175,75,8011175
NIFTY-II.NFO,31/10/2024,09:44:23,24396.9,24395.5,275,24396.9,50,25,8011175
NIFTY-II.NFO,31/10/2024,09:44:25,24400,24398.15,275,24402,25,250,8011175
NIFTY-II.NFO,31/10/2024,09:44:26,24402,24400.05,200,24403,325,25,8011175
NIFTY-II.NFO,31/10/2024,09:44:28,24403,24400,25,24403,250,75,8011175
NIFTY-II.NFO,31/10/2024,09:44:30,24403,24403,175,24403.15,25,1275,8011175
NIFTY-II.NFO,31/10/2024,09:44:31,24403.3,24403.3,475,24404,25,125,8011175
NIFTY-II.NFO,31/10/2024,09:44:33,24404,24403.3,400,24404,25,200,8011175
NIFTY-II.NFO,31/10/2024,09:44:35,24403.3,24403.3,225,24404,25,175,8011175
NIFTY-II.NFO,31/10/2024,09:44:36,24403.3,24403.3,125,24404,50,125,8011175
NIFTY-II.NFO,31/10/2024,09:44:38,24408,24408,2050,24409,125,7975,8011175
NIFTY-II.NFO,31/10/2024,09:44:40,24408,24408,1475,24409,75,625,8011175
NIFTY-II.NFO,31/10/2024,09:44:41,24403.35,24403.3,200,24404,25,1625,8011175
NIFTY-II.NFO,31/10/2024,09:44:43,24408.15,24403.3,100,24404,25,350,8011175
NIFTY-II.NFO,31/10/2024,09:44:45,24403.3,24403,100,24404,25,250,8011175
NIFTY-II.NFO,31/10/2024,09:44:47,24403,24400.1,50,24404.45,25,200,8011175
NIFTY-II.NFO,31/10/2024,09:44:48,24404,24400.35,50,24405,25,25,8011175
NIFTY-II.NFO,31/10/2024,09:44:52,24403,24400,1050,24403,25,350,8011175
NIFTY-II.NFO,31/10/2024,09:44:53,24401.25,24401.25,25,24405,25,100,8011175
NIFTY-II.NFO,31/10/2024,09:44:55,24405,24403,375,24405,25,175,8011175
NIFTY-II.NFO,31/10/2024,09:44:57,24403,24403,350,24406.95,25,100,8011175
NIFTY-II.NFO,31/10/2024,09:44:58,24408.95,24403,50,24405.85,25,850,8011175
NIFTY-II.NFO,31/10/2024,09:45:00,24405.85,24402.5,125,24405.85,25,200,8011175
NIFTY-II.NFO,31/10/2024,09:45:02,24405.85,24404.5,275,24405.85,325,175,8011175
NIFTY-II.NFO,31/10/2024,09:45:03,24410,24406.6,275,24410,50,400,8011175
NIFTY-II.NFO,31/10/2024,09:45:05,24413,24408.05,225,24413,475,325,8011175
NIFTY-II.NFO,31/10/2024,09:45:07,24410.8,24409.6,150,24412,25,100,8011175
NIFTY-II.NFO,31/10/2024,09:45:08,24416,24416,175,24418.85,25,1350,8011175
NIFTY-II.NFO,31/10/2024,09:45:10,24415.5,24414.75,25,24419.9,25,275,8011175
NIFTY-II.NFO,31/10/2024,09:45:12,24423,24421.75,25,24424,25,3975,8011175
NIFTY-II.NFO,31/10/2024,09:45:13,24429,24425.05,25,24429,50,14000,8011175
NIFTY-II.NFO,31/10/2024,09:45:15,24430,24426,400,24430,1075,625,8011175
NIFTY-II.NFO,31/10/2024,09:45:17,24426,24426,250,24427,25,600,8011175
NIFTY-II.NFO,31/10/2024,09:45:18,24420,24420,25,24425.75,25,750,8011175
NIFTY-II.NFO,31/10/2024,09:45:20,24425.35,24420.05,25,24424.85,25,1100,8011175
NIFTY-II.NFO,31/10/2024,09:45:22,24424.05,24421.05,25,24423.4,25,475,8011175
NIFTY-II.NFO,31/10/2024,09:45:23,24422.45,24421.1,200,24422.85,25,400,8011175
NIFTY-II.NFO,31/10/2024,09:45:25,24423.25,24424.05,25,24429,125,75,8011175
NIFTY-II.NFO,31/10/2024,09:45:27,24425,24425,25,24428.6,25,150,8011175
NIFTY-II.NFO,31/10/2024,09:45:28,24425.55,24425.7,200,24429,75,100,8011175
NIFTY-II.NFO,31/10/2024,09:45:30,24425.95,24425.7,75,24429,25,125,8011175
NIFTY-II.NFO,31/10/2024,09:45:32,24425.95,24425.95,175,24430,2600,725,8011175
NIFTY-II.NFO,31/10/2024,09:45:33,24426.75,24424.05,25,24426.5,175,375,8011175
NIFTY-II.NFO,31/10/2024,09:45:35,24429.45,24422.9,50,24426.75,25,900,8011175
NIFTY-II.NFO,31/10/2024,09:45:37,24429.7,24423.5,50,24425.1,25,450,8011175
NIFTY-II.NFO,31/10/2024,09:45:38,24430,24424.1,50,24428.1,25,750,8011175
NIFTY-II.NFO,31/10/2024,09:45:40,24428.1,24424.1,25,24428.1,25,600,8011175
NIFTY-II.NFO,31/10/2024,09:45:42,24423.05,24421.05,200,24422.6,25,175,8011175
NIFTY-II.NFO,31/10/2024,09:45:43,24422.6,24424.05,25,24428.1,25,400,8011175
NIFTY-II.NFO,31/10/2024,09:45:45,24425,24424.45,50,24428.25,25,50,8011175
NIFTY-II.NFO,31/10/2024,09:45:47,24425,24425,25,24428,200,1350,8011175
NIFTY-II.NFO,31/10/2024,09:45:48,24426,24422.1,75,24426,100,225,8011175
NIFTY-II.NFO,31/10/2024,09:45:50,24426.05,24423.1,50,24427.4,25,1600,8011175
NIFTY-II.NFO,31/10/2024,09:45:52,24422,24422.05,100,24422.95,25,1225,8011175
NIFTY-II.NFO,31/10/2024,09:45:53,24424.05,24422.05,100,24427.5,175,575,8038850
NIFTY-II.NFO,31/10/2024,09:45:55,24423.05,24422.05,75,24422.45,25,300,8038850
NIFTY-II.NFO,31/10/2024,09:45:57,24422.25,24423.05,25,24426.5,50,1125,8038850
NIFTY-II.NFO,31/10/2024,09:45:58,24426.5,24426.25,50,24427.5,150,375,8038850
NIFTY-II.NFO,31/10/2024,09:46:00,24425.45,24422.75,25,24425.5,125,575,8038850
NIFTY-II.NFO,31/10/2024,09:46:02,24424.5,24422.75,50,24424.5,50,250,8038850
NIFTY-II.NFO,31/10/2024,09:46:03,24424.5,24422.55,50,24424,75,525,8038850
NIFTY-II.NFO,31/10/2024,09:46:05,24423,24422,300,24422.5,225,575,8038850
NIFTY-II.NFO,31/10/2024,09:46:07,24422.75,24422.15,100,24423,200,1350,8038850
NIFTY-II.NFO,31/10/2024,09:46:08,24420.05,24418.65,275,24419.45,25,925,8038850
NIFTY-II.NFO,31/10/2024,09:46:10,24418.7,24418.75,75,24424.75,25,650,8038850
NIFTY-II.NFO,31/10/2024,09:46:12,24421,24419.05,25,24423.85,25,1075,8038850
NIFTY-II.NFO,31/10/2024,09:46:13,24421.6,24417.55,25,24421.05,25,850,8038850
NIFTY-II.NFO,31/10/2024,09:46:15,24420.05,24418.1,200,24421.05,25,225,8038850
NIFTY-II.NFO,31/10/2024,09:46:17,24423.6,24421.05,25,24425,1550,600,8038850
NIFTY-II.NFO,31/10/2024,09:46:18,24421,24421,100,24423.6,200,700,8038850
NIFTY-II.NFO,31/10/2024,09:46:20,24422,24418.05,25,24421.6,200,325,8038850
NIFTY-II.NFO,31/10/2024,09:46:22,24421.05,24417.6,25,24423.1,175,775,8038850
NIFTY-II.NFO,31/10/2024,09:46:23,24421.05,24418.05,25,24423.1,150,1350,8038850
NIFTY-II.NFO,31/10/2024,09:46:25,24424.5,24419.05,25,24423.6,200,775,8038850
NIFTY-II.NFO,31/10/2024,09:46:27,24420,24417.7,200,24422.3,25,150,8038850
NIFTY-II.NFO,31/10/2024,09:46:28,24420,24417.8,200,24421.05,25,350,8038850
NIFTY-II.NFO,31/10/2024,09:46:30,24420,24420,25,24422.7,25,350,8038850
NIFTY-II.NFO,31/10/2024,09:46:31,24420,24417.85,100,24422.1,200,50,8038850
NIFTY-II.NFO,31/10/2024,09:46:33,24422.6,24418.2,200,24423.1,25,125,8038850
NIFTY-II.NFO,31/10/2024,09:46:35,24423.6,24420,250,24423.6,125,75,8038850
NIFTY-II.NFO,31/10/2024,09:46:36,24422.6,24420.05,200,24423.65,25,150,8038850
NIFTY-II.NFO,31/10/2024,09:46:38,24421.25,24421.65,200,24424,25,75,8038850
NIFTY-II.NFO,31/10/2024,09:46:40,24426.25,24424.55,75,24426.25,150,1800,8038850
NIFTY-II.NFO,31/10/2024,09:46:41,24425.1,24424.6,50,24426.25,100,125,8038850
NIFTY-II.NFO,31/10/2024,09:46:43,24428,24426.05,125,24428,75,450,8038850
NIFTY-II.NFO,31/10/2024,09:46:45,24425.7,24426,100,24429,25,300,8038850
NIFTY-II.NFO,31/10/2024,09:46:46,24426.55,24426.55,50,24427.15,25,75,8038850
NIFTY-II.NFO,31/10/2024,09:46:48,24428.05,24428,125,24429.5,25,200,8038850
NIFTY-II.NFO,31/10/2024,09:46:50,24428.05,24428.05,75,24429.5,25,0,8038850
NIFTY-II.NFO,31/10/2024,09:46:51,24428,24428,100,24430,1725,200,8038850
NIFTY-II.NFO,31/10/2024,09:46:53,24427.15,24427.15,1775,24428.7,25,150,8038850
NIFTY-II.NFO,31/10/2024,09:46:55,24427.15,24427.15,1700,24428.05,25,125,8038850
NIFTY-II.NFO,31/10/2024,09:46:57,24428.75,24427.2,75,24428.75,25,150,8038850
NIFTY-II.NFO,31/10/2024,09:46:58,24428.75,24427.2,75,24428.75,25,25,8038850
NIFTY-II.NFO,31/10/2024,09:47:00,24428.95,24428.95,75,24429.6,50,275,8038850
NIFTY-II.NFO,31/10/2024,09:47:02,24434.95,24430.1,100,24434.95,75,2300,8038850
NIFTY-II.NFO,31/10/2024,09:47:03,24429,24429,50,24432.95,25,200,8038850
NIFTY-II.NFO,31/10/2024,09:47:05,24429,24428.95,50,24434,25,725,8038850
NIFTY-II.NFO,31/10/2024,09:47:07,24433.95,24428.95,25,24433.95,175,4575,8038850
NIFTY-II.NFO,31/10/2024,09:47:08,24433.7,24428.9,100,24432.45,25,5275,8038850
NIFTY-II.NFO,31/10/2024,09:47:10,24429.05,24428.95,100,24432.15,25,600,8038850
NIFTY-II.NFO,31/10/2024,09:47:12,24430,24429.55,100,24432.15,25,525,8038850
NIFTY-II.NFO,31/10/2024,09:47:13,24429.6,24429.6,175,24433,25,100,8038850
NIFTY-II.NFO,31/10/2024,09:47:15,24431,24431,50,24433,25,150,8038850
NIFTY-II.NFO,31/10/2024,09:47:17,24433,24431,100,24434.6,25,225,8038850
NIFTY-II.NFO,31/10/2024,09:47:18,24431,24431,25,24433.9,50,1250,8038850
NIFTY-II.NFO,31/10/2024,09:47:20,24433,24430,50,24434.2,25,200,8038850
NIFTY-II.NFO,31/10/2024,09:47:22,24433,24430.05,125,24433,25,25,8038850
NIFTY-II.NFO,31/10/2024,09:47:23,24435.6,24431.05,150,24435.55,25,575,8038850
NIFTY-II.NFO,31/10/2024,09:47:25,24434.4,24431.05,50,24435.75,25,300,8038850
NIFTY-II.NFO,31/10/2024,09:47:27,24433.45,24431.1,75,24435.5,25,900,8038850
NIFTY-II.NFO,31/10/2024,09:47:28,24435,24431.15,175,24435,25,750,8038850
NIFTY-II.NFO,31/10/2024,09:47:30,24435.45,24431.2,125,24433.05,25,650,8038850
NIFTY-II.NFO,31/10/2024,09:47:32,24431.7,24430,975,24431.2,100,850,8038850
NIFTY-II.NFO,31/10/2024,09:47:33,24430.3,24430.05,125,24431.15,25,25,8038850
NIFTY-II.NFO,31/10/2024,09:47:35,24431,24430.1,100,24431,150,75,8038850
NIFTY-II.NFO,31/10/2024,09:47:37,24433.7,24432.65,200,24433.7,50,375,8038850
NIFTY-II.NFO,31/10/2024,09:47:38,24432.7,24432.65,275,24433.7,150,925,8038850
NIFTY-II.NFO,31/10/2024,09:47:40,24431,24430.3,25,24430.7,100,925,8038850
NIFTY-II.NFO,31/10/2024,09:47:42,24430.05,24430.05,25,24430.6,25,375,8038850
NIFTY-II.NFO,31/10/2024,09:47:43,24430.35,24430.05,175,24430.35,25,125,8038850
NIFTY-II.NFO,31/10/2024,09:47:45,24430,24430,325,24430.35,25,1150,8038850
NIFTY-II.NFO,31/10/2024,09:47:47,24430.05,24430.05,25,24430.25,25,275,8038850
NIFTY-II.NFO,31/10/2024,09:47:48,24430,24428.75,200,24429.7,125,1125,8038850
NIFTY-II.NFO,31/10/2024,09:47:50,24428.75,24428.8,125,24429.7,175,800,8038850
NIFTY-II.NFO,31/10/2024,09:47:52,24428.8,24428.05,250,24428.8,25,425,8038850
NIFTY-II.NFO,31/10/2024,09:47:53,24428.05,24428,175,24428.75,200,450,8038850
NIFTY-II.NFO,31/10/2024,09:47:55,24428,24428,75,24428.8,175,300,8038850
NIFTY-II.NFO,31/10/2024,09:47:57,24428.8,24428.05,150,24428.65,25,200,8038850
NIFTY-II.NFO,31/10/2024,09:47:58,24428.1,24428.1,100,24428.85,25,200,8038850
NIFTY-II.NFO,31/10/2024,09:48:00,24428.75,24428.15,175,24428.85,25,100,8038850
NIFTY-II.NFO,31/10/2024,09:48:02,24426.15,24425.6,1500,24426.25,25,1150,8038850
NIFTY-II.NFO,31/10/2024,09:48:03,24428.65,24426.2,25,24431.5,25,350,8038850
NIFTY-II.NFO,31/10/2024,09:48:05,24426.25,24426,75,24431.7,25,225,8038850
NIFTY-II.NFO,31/10/2024,09:48:07,24426.05,24426.05,100,24428,25,50,8038850
NIFTY-II.NFO,31/10/2024,09:48:08,24428.35,24428.25,25,24431.95,25,125,8038850
NIFTY-II.NFO,31/10/2024,09:48:10,24431.95,24427,25,24432.15,25,325,8038850
NIFTY-II.NFO,31/10/2024,09:48:12,24427.15,24427.15,200,24432.25,150,225,8038850
NIFTY-II.NFO,31/10/2024,09:48:13,24433.7,24427.25,200,24429.3,25,150,8038850
NIFTY-II.NFO,31/10/2024,09:48:15,24429.3,24427.35,200,24429.3,25,200,8038850
NIFTY-II.NFO,31/10/2024,09:48:17,24429.55,24429.55,75,24433.8,25,300,8038850
NIFTY-II.NFO,31/10/2024,09:48:18,24429.6,24429.6,100,24432.75,200,375,8038850
NIFTY-II.NFO,31/10/2024,09:48:20,24429.65,24429.65,125,24430.25,50,1350,8038850
NIFTY-II.NFO,31/10/2024,09:48:22,24426.15,24426,100,24428.25,200,2300,8038850
NIFTY-II.NFO,31/10/2024,09:48:23,24426,24425.6,1500,24426.4,25,375,8038850
NIFTY-II.NFO,31/10/2024,09:48:25,24426.4,24425.65,125,24428.25,125,125,8038850
NIFTY-II.NFO,31/10/2024,09:48:27,24425.6,24425.6,1450,24428.25,150,450,8038850
NIFTY-II.NFO,31/10/2024,09:48:28,24425.6,24425.65,25,24426.7,25,300,8038850
NIFTY-II.NFO,31/10/2024,09:48:30,24425.75,24425.75,25,24427,25,150,8038850
NIFTY-II.NFO,31/10/2024,09:48:31,24425.6,24425.6,1325,24428.25,75,300,8038850
NIFTY-II.NFO,31/10/2024,09:48:33,24425.6,24425.6,1000,24428.25,75,325,8038850
NIFTY-II.NFO,31/10/2024,09:48:35,24429.25,24425.6,525,24429.9,25,625,8038850
NIFTY-II.NFO,31/10/2024,09:48:36,24425.6,24425.65,25,24429.9,25,550,8038850
NIFTY-II.NFO,31/10/2024,09:48:38,24425,24425,150,24429.45,25,2100,8038850
NIFTY-II.NFO,31/10/2024,09:48:40,24428.95,24422.85,200,24424.95,25,1400,8038850
NIFTY-II.NFO,31/10/2024,09:48:41,24424.95,24425.7,200,24429,25,800,8038850
NIFTY-II.NFO,31/10/2024,09:48:43,24425.65,24425,25,24429,50,25,8038850
NIFTY-II.NFO,31/10/2024,09:48:45,24426,24426.05,200,24429,50,1875,8038850
NIFTY-II.NFO,31/10/2024,09:48:46,24426.05,24426.05,200,24429,25,1300,8038850
NIFTY-II.NFO,31/10/2024,09:48:48,24429,24426.6,200,24430,25,650,8038850
NIFTY-II.NFO,31/10/2024,09:48:50,24430,24426.25,200,24432.55,25,850,8038850
NIFTY-II.NFO,31/10/2024,09:48:51,24432.55,24426.6,250,24430,125,625,8038850
NIFTY-II.NFO,31/10/2024,09:48:53,24430,24428.65,275,24433,325,125,8038850
NIFTY-II.NFO,31/10/2024,09:48:55,24432.5,24430,25,24433,325,50,8075725
NIFTY-II.NFO,31/10/2024,09:48:56,24430.05,24430.05,150,24433,150,225,8075725
NIFTY-II.NFO,31/10/2024,09:48:58,24433,24430,25,24433,100,75,8075725
NIFTY-II.NFO,31/10/2024,09:49:00,24429.95,24426.65,150,24429.75,25,125,8075725
NIFTY-II.NFO,31/10/2024,09:49:01,24429.95,24427.75,150,24429.95,75,50,8075725
NIFTY-II.NFO,31/10/2024,09:49:03,24429.95,24428.5,150,24430,500,75,8075725
NIFTY-II.NFO,31/10/2024,09:49:05,24430,24428.75,150,24430,500,25,8075725
NIFTY-II.NFO,31/10/2024,09:49:06,24430,24429.95,25,24430,25,650,8075725
NIFTY-II.NFO,31/10/2024,09:49:08,24430,24430,1100,24432,75,175,8075725
NIFTY-II.NFO,31/10/2024,09:49:10,24432,24430,1050,24432.95,25,150,8075725
NIFTY-II.NFO,31/10/2024,09:49:12,24430,24430,625,24430.7,25,575,8075725
NIFTY-II.NFO,31/10/2024,09:49:13,24435,24432,25,24435,75,500,8075725
NIFTY-II.NFO,31/10/2024,09:49:15,24435,24432,25,24435,75,0,8075725
NIFTY-II.NFO,31/10/2024,09:49:17,24435,24432,25,24435,75,25,8075725
NIFTY-II.NFO,31/10/2024,09:49:18,24435.25,24435,225,24437.05,200,725,8075725
NIFTY-II.NFO,31/10/2024,09:49:20,24435,24435,25,24435.7,175,1200,8075725
NIFTY-II.NFO,31/10/2024,09:49:22,24432,24430,1475,24430.7,175,400,8075725
NIFTY-II.NFO,31/10/2024,09:49:23,24437.9,24431.65,100,24437.25,50,825,8075725
NIFTY-II.NFO,31/10/2024,09:49:25,24430.9,24430.9,25,24435,25,450,8075725
NIFTY-II.NFO,31/10/2024,09:49:27,24438,24433.65,250,24438,100,350,8075725
NIFTY-II.NFO,31/10/2024,09:49:28,24433.25,24434.95,50,24438,100,250,8075725
NIFTY-II.NFO,31/10/2024,09:49:30,24440,24437.85,50,24440,400,950,8075725
NIFTY-II.NFO,31/10/2024,09:49:32,24437.9,24437.8,175,24440,375,50,8075725
NIFTY-II.NFO,31/10/2024,09:49:33,24435.2,24435.35,100,24440,350,75,8075725
NIFTY-II.NFO,31/10/2024,09:49:35,24443.9,24440,25,24443.95,50,675,8075725
NIFTY-II.NFO,31/10/2024,09:49:37,24440,24438.1,25,24443.8,200,100,8075725
NIFTY-II.NFO,31/10/2024,09:49:38,24442,24437.95,75,24442,25,1100,8075725
NIFTY-II.NFO,31/10/2024,09:49:40,24442,24438,250,24440,100,275,8075725
NIFTY-II.NFO,31/10/2024,09:49:42,24442.65,24440,350,24441.3,25,2100,8075725
NIFTY-II.NFO,31/10/2024,09:49:43,24440,24440,225,24442,25,450,8075725
NIFTY-II.NFO,31/10/2024,09:49:45,24442,24440,275,24442,25,2500,8075725
NIFTY-II.NFO,31/10/2024,09:49:47,24440,24440,1875,24441,25,2025,8075725
NIFTY-II.NFO,31/10/2024,09:49:48,24440,24440,1450,24440.95,100,475,8075725
NIFTY-II.NFO,31/10/2024,09:49:50,24440,24440,1275,24441,25,2175,8075725
NIFTY-II.NFO,31/10/2024,09:49:52,24440.05,24440,1850,24440.05,25,2000,8075725
NIFTY-II.NFO,31/10/2024,09:49:53,24440,24440,2025,24441,25,3600,8075725
NIFTY-II.NFO,31/10/2024,09:49:55,24439.75,24437,25,24439.8,25,2775,8075725
NIFTY-II.NFO,31/10/2024,09:49:57,24437.85,24437,25,24437.3,25,250,8075725
NIFTY-II.NFO,31/10/2024,09:49:58,24437,24435.2,25,24437.9,75,1925,8075725
NIFTY-II.NFO,31/10/2024,09:50:00,24437.9,24435.25,50,24438.35,25,1900,8075725
NIFTY-II.NFO,31/10/2024,09:50:02,24440,24440,25,24440.55,25,75,8075725
NIFTY-II.NFO,31/10/2024,09:50:03,24440.55,24436,50,24440.85,25,200,8075725
NIFTY-II.NFO,31/10/2024,09:50:05,24442.2,24435.7,50,24440.85,25,225,8075725
NIFTY-II.NFO,31/10/2024,09:50:07,24441.95,24441.95,25,24443,100,200,8075725
NIFTY-II.NFO,31/10/2024,09:50:08,24440.85,24440,25,24443,100,350,8075725
NIFTY-II.NFO,31/10/2024,09:50:10,24441.95,24439.6,225,24442,25,2300,8075725
NIFTY-II.NFO,31/10/2024,09:50:12,24439.6,24439.6,200,24442,25,875,8075725
NIFTY-II.NFO,31/10/2024,09:50:13,24440.55,24440.55,375,24440.6,25,2775,8075725
NIFTY-II.NFO,31/10/2024,09:50:15,24440.6,24440.6,300,24441.95,25,3325,8075725
NIFTY-II.NFO,31/10/2024,09:50:17,24440.55,24439.4,325,24441.85,200,2600,8075725
NIFTY-II.NFO,31/10/2024,09:50:18,24439.6,24438,175,24441,25,2025,8075725
NIFTY-II.NFO,31/10/2024,09:50:20,24439.6,24440,300,24441,25,2600,8075725
NIFTY-II.NFO,31/10/2024,09:50:22,24439.05,24440.1,25,24440.35,25,625,8075725
NIFTY-II.NFO,31/10/2024,09:50:23,24437.15,24437,25,24437.15,25,575,8075725
NIFTY-II.NFO,31/10/2024,09:50:25,24435,24435,3050,24437.15,25,350,8075725
NIFTY-II.NFO,31/10/2024,09:50:27,24435,24435,1725,24436.75,25,3150,8075725
