Ticker,Date,Time,LTP,BuyPrice,BuyQty,SellPrice,SellQty,LTQ,OpenInterest
BANKNIFTY-I.NFO,09/09/2024,09:15:00,50761,50710.25,30,50730.5,60,525,2516595
BANKNIFTY-I.NFO,09/09/2024,09:15:00,50761,50710.25,30,50730.5,60,0,2516595
BANKNIFTY-I.NFO,09/09/2024,09:15:00,50761,50710.25,30,50730.5,60,0,2516595
BANKNIFTY-I.NFO,09/09/2024,09:15:00,50255.55,50710.25,30,50730.5,60,0,2516595
BANKNIFTY-I.NFO,09/09/2024,09:15:01,50731,50711.7,60,50731,15,720,2516595
BANKNIFTY-I.NFO,09/09/2024,09:15:02,50693.75,50660.05,15,50678.75,60,1260,2516595
BANKNIFTY-I.NFO,09/09/2024,09:15:04,50632.25,50632.25,15,50649.9,60,1215,2516595
BANKNIFTY-I.NFO,09/09/2024,09:15:06,50647.55,50642.85,30,50658.55,60,1290,2516595
BANKNIFTY-I.NFO,09/09/2024,09:15:07,50656.85,50656.85,45,50677.2,60,780,2516595
BANKNIFTY-I.NFO,09/09/2024,09:15:09,50660.15,50660.15,60,50673.15,45,840,2516595
BANKNIFTY-I.NFO,09/09/2024,09:15:10,50670.7,50650.05,30,50669.65,75,570,2516595
BANKNIFTY-I.NFO,09/09/2024,09:15:12,50631.75,50630.05,60,50648.4,60,885,2516595
BANKNIFTY-I.NFO,09/09/2024,09:15:13,50617.4,50619,45,50639.9,60,2880,2516595
BANKNIFTY-I.NFO,09/09/2024,09:15:15,50608.35,50603.75,15,50618.9,60,690,2516595
BANKNIFTY-I.NFO,09/09/2024,09:15:16,50588,50588,30,50599.95,15,1680,2516595
BANKNIFTY-I.NFO,09/09/2024,09:15:18,50600,50582.75,60,50602.9,30,1275,2516595
BANKNIFTY-I.NFO,09/09/2024,09:15:19,50581.4,50581,15,50581.4,30,420,2516595
BANKNIFTY-I.NFO,09/09/2024,09:15:21,50560.9,50557.55,315,50564.15,75,2265,2516595
BANKNIFTY-I.NFO,09/09/2024,09:15:23,50559.55,50557.65,15,50569.8,60,900,2518530
BANKNIFTY-I.NFO,09/09/2024,09:15:24,50572.95,50557.65,15,50572.95,60,1620,2518530
BANKNIFTY-I.NFO,09/09/2024,09:15:26,50589.95,50579.35,60,50590,30,1515,2518530
BANKNIFTY-I.NFO,09/09/2024,09:15:27,50599.95,50586.15,45,50598.45,105,270,2518530
BANKNIFTY-I.NFO,09/09/2024,09:15:29,50596,50581.75,60,50596,15,930,2518530
BANKNIFTY-I.NFO,09/09/2024,09:15:31,50582.05,50582.05,60,50592.5,15,255,2518530
BANKNIFTY-I.NFO,09/09/2024,09:15:32,50590.9,50582.1,15,50590.9,60,330,2518530
BANKNIFTY-I.NFO,09/09/2024,09:15:34,50588.55,50580,1500,50588.85,105,1755,2518530
BANKNIFTY-I.NFO,09/09/2024,09:15:36,50580.05,50580.05,15,50590,15,1200,2518530
BANKNIFTY-I.NFO,09/09/2024,09:15:37,50590.9,50584.9,60,50599.45,60,840,2518530
BANKNIFTY-I.NFO,09/09/2024,09:15:39,50599.95,50585.4,60,50600,120,390,2518530
BANKNIFTY-I.NFO,09/09/2024,09:15:41,50595.35,50600,15,50607,45,1005,2518530
BANKNIFTY-I.NFO,09/09/2024,09:15:42,50612.8,50598.2,75,50612.85,15,1110,2518530
BANKNIFTY-I.NFO,09/09/2024,09:15:44,50614.7,50601.2,15,50614.4,15,420,2518530
BANKNIFTY-I.NFO,09/09/2024,09:15:46,50609.25,50609.25,15,50615.8,15,495,2518530
BANKNIFTY-I.NFO,09/09/2024,09:15:47,50614.7,50607.05,105,50619.95,15,1875,2518530
BANKNIFTY-I.NFO,09/09/2024,09:15:49,50611.25,50611.1,30,50619.9,15,570,2518530
BANKNIFTY-I.NFO,09/09/2024,09:15:51,50609.25,50602.05,60,50609.25,90,240,2518530
BANKNIFTY-I.NFO,09/09/2024,09:15:52,50614.25,50609.3,15,50614.25,45,360,2518530
BANKNIFTY-I.NFO,09/09/2024,09:15:54,50606,50606,15,50610,15,690,2518530
BANKNIFTY-I.NFO,09/09/2024,09:15:56,50600,50600.05,15,50606,30,480,2518530
BANKNIFTY-I.NFO,09/09/2024,09:15:57,50606.55,50606.05,60,50606.5,75,1005,2518530
BANKNIFTY-I.NFO,09/09/2024,09:15:59,50604.9,50600,75,50604.95,120,1635,2518530
BANKNIFTY-I.NFO,09/09/2024,09:16:01,50600,50589.85,15,50599.95,15,975,2518530
BANKNIFTY-I.NFO,09/09/2024,09:16:02,50585.3,50585.55,15,50600.55,15,1170,2518530
BANKNIFTY-I.NFO,09/09/2024,09:16:04,50587.3,50596.85,135,50608.15,60,1440,2518530
BANKNIFTY-I.NFO,09/09/2024,09:16:06,50600.9,50590.1,15,50601.9,30,1035,2518530
BANKNIFTY-I.NFO,09/09/2024,09:16:07,50593.6,50595.1,225,50603.35,15,1095,2518530
BANKNIFTY-I.NFO,09/09/2024,09:16:09,50601.9,50601.65,15,50612.25,105,405,2518530
BANKNIFTY-I.NFO,09/09/2024,09:16:11,50614.5,50601.95,120,50615.2,45,780,2518530
BANKNIFTY-I.NFO,09/09/2024,09:16:12,50615.4,50604.05,30,50615.95,15,900,2518530
BANKNIFTY-I.NFO,09/09/2024,09:16:14,50619.85,50609.9,120,50620,15,2025,2518530
BANKNIFTY-I.NFO,09/09/2024,09:16:16,50619.55,50612.3,15,50626.1,15,630,2518530
BANKNIFTY-I.NFO,09/09/2024,09:16:17,50617.3,50617.3,135,50628.95,15,300,2518530
BANKNIFTY-I.NFO,09/09/2024,09:16:19,50628.55,50618.2,15,50626,15,1050,2518530
BANKNIFTY-I.NFO,09/09/2024,09:16:21,50628.4,50621.65,15,50628.4,45,285,2518530
BANKNIFTY-I.NFO,09/09/2024,09:16:22,50627.4,50621.7,45,50627.35,150,360,2518530
BANKNIFTY-I.NFO,09/09/2024,09:16:24,50621.75,50621.75,30,50626.5,30,660,2518530
BANKNIFTY-I.NFO,09/09/2024,09:16:26,50621.85,50621.8,30,50628.5,60,465,2518530
BANKNIFTY-I.NFO,09/09/2024,09:16:27,50630,50628,255,50630,360,825,2518530
BANKNIFTY-I.NFO,09/09/2024,09:16:29,50627.95,50620,150,50627.95,15,555,2518530
BANKNIFTY-I.NFO,09/09/2024,09:16:31,50624.95,50620.1,45,50624.95,15,450,2518530
BANKNIFTY-I.NFO,09/09/2024,09:16:32,50620.1,50620.1,120,50627.95,15,510,2518530
BANKNIFTY-I.NFO,09/09/2024,09:16:34,50629,50624,15,50628.95,15,375,2518530
BANKNIFTY-I.NFO,09/09/2024,09:16:36,50629.9,50624,120,50630,300,165,2518530
BANKNIFTY-I.NFO,09/09/2024,09:16:37,50630.25,50625,15,50631.5,285,660,2518530
BANKNIFTY-I.NFO,09/09/2024,09:16:39,50630,50630,45,50631,15,225,2518530
BANKNIFTY-I.NFO,09/09/2024,09:16:41,50630.05,50630.1,15,50633.05,15,270,2518530
BANKNIFTY-I.NFO,09/09/2024,09:16:42,50626.3,50626.3,105,50634.15,135,435,2518530
BANKNIFTY-I.NFO,09/09/2024,09:16:44,50638.4,50631,180,50638.4,120,360,2518530
BANKNIFTY-I.NFO,09/09/2024,09:16:46,50630.9,50626.6,30,50630.95,15,270,2518530
BANKNIFTY-I.NFO,09/09/2024,09:16:47,50630.9,50626.65,60,50630.8,15,105,2518530
BANKNIFTY-I.NFO,09/09/2024,09:16:49,50626.65,50622.4,30,50628.8,120,1680,2518530
BANKNIFTY-I.NFO,09/09/2024,09:16:51,50613.9,50613.9,120,50624.05,15,180,2518530
BANKNIFTY-I.NFO,09/09/2024,09:16:52,50613.95,50602.15,120,50614.2,15,4575,2518530
BANKNIFTY-I.NFO,09/09/2024,09:16:54,50605,50604.9,15,50614.2,15,435,2518530
BANKNIFTY-I.NFO,09/09/2024,09:16:56,50604.9,50604.9,15,50612.45,15,720,2518530
BANKNIFTY-I.NFO,09/09/2024,09:16:57,50603.15,50604.9,15,50611.65,15,255,2518530
BANKNIFTY-I.NFO,09/09/2024,09:16:59,50603.15,50597.65,15,50605.3,150,645,2518530
BANKNIFTY-I.NFO,09/09/2024,09:17:01,50602.85,50597.65,75,50602.85,120,510,2518530
BANKNIFTY-I.NFO,09/09/2024,09:17:02,50597.75,50597.7,555,50604.95,150,1080,2518530
BANKNIFTY-I.NFO,09/09/2024,09:17:04,50603.3,50597.75,45,50603.45,75,1275,2518530
BANKNIFTY-I.NFO,09/09/2024,09:17:06,50596.55,50590.05,120,50595.65,15,1620,2518530
BANKNIFTY-I.NFO,09/09/2024,09:17:07,50587.1,50582.5,90,50588.15,15,1080,2518530
BANKNIFTY-I.NFO,09/09/2024,09:17:09,50582.7,50582.65,30,50591.4,45,225,2518530
BANKNIFTY-I.NFO,09/09/2024,09:17:11,50584.1,50582.65,15,50583.95,60,390,2518530
BANKNIFTY-I.NFO,09/09/2024,09:17:12,50578.3,50572.15,15,50576.75,30,555,2518530
BANKNIFTY-I.NFO,09/09/2024,09:17:14,50566.55,50560.3,30,50566.35,60,2790,2518530
BANKNIFTY-I.NFO,09/09/2024,09:17:16,50563.35,50561.85,75,50570.5,45,540,2518530
BANKNIFTY-I.NFO,09/09/2024,09:17:17,50570.45,50563.8,15,50570.45,30,225,2518530
BANKNIFTY-I.NFO,09/09/2024,09:17:19,50570.1,50563.85,15,50570.55,30,345,2518530
BANKNIFTY-I.NFO,09/09/2024,09:17:21,50563.9,50563.85,75,50568.15,15,285,2518530
BANKNIFTY-I.NFO,09/09/2024,09:17:22,50563.95,50563.95,15,50570.55,45,225,2518530
BANKNIFTY-I.NFO,09/09/2024,09:17:24,50573.1,50564.05,15,50573.1,45,510,2518530
BANKNIFTY-I.NFO,09/09/2024,09:17:26,50581.35,50573.8,30,50583.4,15,765,2518530
BANKNIFTY-I.NFO,09/09/2024,09:17:27,50582.4,50573.8,60,50577.5,15,585,2518530
BANKNIFTY-I.NFO,09/09/2024,09:17:29,50570,50565.5,75,50569.6,15,570,2518530
BANKNIFTY-I.NFO,09/09/2024,09:17:31,50576.8,50566.85,120,50574.6,15,1590,2518530
BANKNIFTY-I.NFO,09/09/2024,09:17:32,50566.1,50565.7,15,50570,165,795,2518530
BANKNIFTY-I.NFO,09/09/2024,09:17:34,50570,50570,465,50571.7,15,780,2518530
BANKNIFTY-I.NFO,09/09/2024,09:17:36,50562.5,50562.05,15,50563.8,45,780,2518530
BANKNIFTY-I.NFO,09/09/2024,09:17:37,50570.05,50570.05,15,50573.05,45,1230,2518530
BANKNIFTY-I.NFO,09/09/2024,09:17:39,50562.35,50562.3,60,50567.15,15,345,2518530
BANKNIFTY-I.NFO,09/09/2024,09:17:41,50566.15,50560.05,30,50566.1,15,660,2518530
BANKNIFTY-I.NFO,09/09/2024,09:17:43,50558,50560.1,15,50560.3,15,1575,2518530
BANKNIFTY-I.NFO,09/09/2024,09:17:44,50560.1,50557.55,90,50560.1,15,840,2518530
BANKNIFTY-I.NFO,09/09/2024,09:17:46,50557.65,50557.65,15,50563.2,30,1440,2518530
BANKNIFTY-I.NFO,09/09/2024,09:17:48,50558.05,50558.05,15,50562.7,15,90,2518530
BANKNIFTY-I.NFO,09/09/2024,09:17:49,50560.1,50560.1,225,50560.2,75,585,2518530
BANKNIFTY-I.NFO,09/09/2024,09:17:51,50560.15,50560.2,30,50561.75,75,1215,2518530
BANKNIFTY-I.NFO,09/09/2024,09:17:53,50555.65,50559.6,30,50560.15,45,1185,2518530
BANKNIFTY-I.NFO,09/09/2024,09:17:54,50560.2,50560.2,15,50567.5,75,240,2518530
BANKNIFTY-I.NFO,09/09/2024,09:17:56,50567.15,50562.7,15,50567.15,60,1200,2518530
BANKNIFTY-I.NFO,09/09/2024,09:17:58,50558.4,50560.2,60,50567.2,15,315,2518530
BANKNIFTY-I.NFO,09/09/2024,09:17:59,50560.2,50560.2,75,50565.3,60,345,2518530
BANKNIFTY-I.NFO,09/09/2024,09:18:01,50565.25,50566.3,15,50574.2,15,705,2518530
BANKNIFTY-I.NFO,09/09/2024,09:18:03,50574.55,50566.05,90,50574.55,45,765,2518530
BANKNIFTY-I.NFO,09/09/2024,09:18:04,50565.65,50560.2,45,50566.1,75,465,2518530
BANKNIFTY-I.NFO,09/09/2024,09:18:06,50565.85,50560.1,15,50567.25,15,255,2518530
BANKNIFTY-I.NFO,09/09/2024,09:18:08,50560.15,50558.45,30,50566.25,45,120,2518530
BANKNIFTY-I.NFO,09/09/2024,09:18:09,50561.95,50558.45,15,50562.65,60,1200,2518530
BANKNIFTY-I.NFO,09/09/2024,09:18:11,50560.2,50553.1,120,50562.35,120,1275,2518530
BANKNIFTY-I.NFO,09/09/2024,09:18:13,50566.55,50558.45,30,50566.6,30,150,2518530
BANKNIFTY-I.NFO,09/09/2024,09:18:14,50566.55,50564.65,330,50566.55,60,75,2518530
BANKNIFTY-I.NFO,09/09/2024,09:18:16,50570,50564.7,30,50570.4,15,465,2518530
BANKNIFTY-I.NFO,09/09/2024,09:18:18,50560,50560,30,50566.55,90,555,2518530
BANKNIFTY-I.NFO,09/09/2024,09:18:20,50557.2,50557.3,30,50568.6,75,855,2518530
BANKNIFTY-I.NFO,09/09/2024,09:18:21,50572.6,50565,15,50572.6,15,75,2518530
BANKNIFTY-I.NFO,09/09/2024,09:18:23,50566.55,50565.4,75,50573.9,30,210,2518530
BANKNIFTY-I.NFO,09/09/2024,09:18:25,50560,50565.4,30,50573.5,45,135,2525655
BANKNIFTY-I.NFO,09/09/2024,09:18:26,50574.95,50574.95,105,50575,150,300,2525655
BANKNIFTY-I.NFO,09/09/2024,09:18:28,50576.9,50574.95,15,50576.95,15,1800,2525655
BANKNIFTY-I.NFO,09/09/2024,09:18:30,50565.55,50566.8,15,50576.4,75,1410,2525655
BANKNIFTY-I.NFO,09/09/2024,09:18:31,50574.55,50565.3,75,50574.6,15,2490,2525655
BANKNIFTY-I.NFO,09/09/2024,09:18:33,50575.6,50566.2,120,50575.5,75,225,2525655
BANKNIFTY-I.NFO,09/09/2024,09:18:35,50579.8,50569.9,30,50579.85,30,810,2525655
BANKNIFTY-I.NFO,09/09/2024,09:18:36,50579.25,50577.5,15,50579.3,90,360,2525655
BANKNIFTY-I.NFO,09/09/2024,09:18:38,50583.55,50579.8,15,50584.95,15,105,2525655
BANKNIFTY-I.NFO,09/09/2024,09:18:40,50584.55,50580.15,45,50584.55,15,150,2525655
BANKNIFTY-I.NFO,09/09/2024,09:18:41,50589.25,50584.95,30,50590,240,420,2525655
BANKNIFTY-I.NFO,09/09/2024,09:18:43,50584.95,50584.95,225,50588,75,135,2525655
BANKNIFTY-I.NFO,09/09/2024,09:18:45,50571.75,50566.55,30,50571.75,45,1080,2525655
BANKNIFTY-I.NFO,09/09/2024,09:18:46,50574.1,50567.45,120,50574.1,75,105,2525655
BANKNIFTY-I.NFO,09/09/2024,09:18:48,50575.75,50568.45,15,50575.8,90,150,2525655
BANKNIFTY-I.NFO,09/09/2024,09:18:50,50567.4,50560.25,120,50568.3,15,465,2525655
BANKNIFTY-I.NFO,09/09/2024,09:18:51,50561.2,50560.25,15,50566.9,30,45,2525655
BANKNIFTY-I.NFO,09/09/2024,09:18:53,50563.1,50560.25,15,50563.55,15,390,2525655
BANKNIFTY-I.NFO,09/09/2024,09:18:55,50563.95,50563.75,15,50564.2,90,375,2525655
BANKNIFTY-I.NFO,09/09/2024,09:18:56,50563.15,50561.4,30,50562.4,75,1095,2525655
BANKNIFTY-I.NFO,09/09/2024,09:18:58,50563.95,50555,240,50559.25,30,1365,2525655
BANKNIFTY-I.NFO,09/09/2024,09:19:00,50560,50555,225,50560,165,90,2525655
BANKNIFTY-I.NFO,09/09/2024,09:19:01,50559.7,50555,240,50559.55,15,315,2525655
BANKNIFTY-I.NFO,09/09/2024,09:19:03,50559.9,50555.1,120,50559.95,15,135,2525655
BANKNIFTY-I.NFO,09/09/2024,09:19:05,50560,50555.1,75,50560,15,225,2525655
BANKNIFTY-I.NFO,09/09/2024,09:19:06,50560.25,50560.25,15,50566.5,165,270,2525655
BANKNIFTY-I.NFO,09/09/2024,09:19:08,50560.25,50560.25,45,50563.8,45,45,2525655
BANKNIFTY-I.NFO,09/09/2024,09:19:10,50560.6,50560.25,120,50568.2,150,585,2525655
BANKNIFTY-I.NFO,09/09/2024,09:19:11,50567.25,50560.25,75,50568.25,75,150,2525655
BANKNIFTY-I.NFO,09/09/2024,09:19:13,50560.6,50560.25,90,50565.2,75,30,2525655
BANKNIFTY-I.NFO,09/09/2024,09:19:15,50569.75,50561.65,15,50570.1,30,105,2525655
BANKNIFTY-I.NFO,09/09/2024,09:19:16,50565,50561.85,45,50569.95,15,15,2525655
BANKNIFTY-I.NFO,09/09/2024,09:19:18,50561.05,50561.9,45,50568.6,45,195,2525655
BANKNIFTY-I.NFO,09/09/2024,09:19:20,50569.75,50569.75,75,50574.25,15,210,2525655
BANKNIFTY-I.NFO,09/09/2024,09:19:21,50569.85,50569.75,90,50574.35,15,225,2525655
BANKNIFTY-I.NFO,09/09/2024,09:19:23,50569.8,50569.8,30,50574.2,120,870,2525655
BANKNIFTY-I.NFO,09/09/2024,09:19:25,50575,50575,120,50576.5,120,540,2525655
BANKNIFTY-I.NFO,09/09/2024,09:19:26,50576.5,50570.05,15,50579.8,75,480,2525655
BANKNIFTY-I.NFO,09/09/2024,09:19:28,50566,50565.95,15,50575.25,30,255,2525655
BANKNIFTY-I.NFO,09/09/2024,09:19:30,50576.65,50569.15,180,50579.8,60,165,2525655
BANKNIFTY-I.NFO,09/09/2024,09:19:31,50570.1,50570.1,135,50574.25,15,60,2525655
BANKNIFTY-I.NFO,09/09/2024,09:19:33,50575,50574.25,15,50575,120,240,2525655
BANKNIFTY-I.NFO,09/09/2024,09:19:35,50579.9,50578.35,15,50579.9,15,420,2525655
BANKNIFTY-I.NFO,09/09/2024,09:19:36,50578.35,50578.35,15,50585,15,135,2525655
BANKNIFTY-I.NFO,09/09/2024,09:19:38,50578.35,50578.35,165,50582.9,105,0,2525655
BANKNIFTY-I.NFO,09/09/2024,09:19:40,50578.35,50578.35,60,50582.9,15,165,2525655
BANKNIFTY-I.NFO,09/09/2024,09:19:41,50578.35,50578.4,30,50585.8,75,180,2525655
BANKNIFTY-I.NFO,09/09/2024,09:19:43,50578.8,50579.15,120,50588.7,75,45,2525655
BANKNIFTY-I.NFO,09/09/2024,09:19:45,50588.5,50579.2,120,50587.95,60,15,2525655
BANKNIFTY-I.NFO,09/09/2024,09:19:46,50583.45,50581,150,50583,45,60,2525655
BANKNIFTY-I.NFO,09/09/2024,09:19:48,50587.4,50583.45,75,50585,45,195,2525655
BANKNIFTY-I.NFO,09/09/2024,09:19:50,50588,50583.45,150,50588,30,120,2525655
BANKNIFTY-I.NFO,09/09/2024,09:19:51,50587.4,50585,75,50588,15,30,2525655
BANKNIFTY-I.NFO,09/09/2024,09:19:53,50590,50587.4,150,50590,165,150,2525655
BANKNIFTY-I.NFO,09/09/2024,09:19:55,50594,50592.05,15,50594,330,330,2525655
BANKNIFTY-I.NFO,09/09/2024,09:19:56,50592.5,50592.1,15,50600,300,450,2525655
BANKNIFTY-I.NFO,09/09/2024,09:19:58,50592.1,50592.1,150,50599.55,15,165,2525655
BANKNIFTY-I.NFO,09/09/2024,09:20:00,50600,50595.55,15,50600,30,345,2525655
BANKNIFTY-I.NFO,09/09/2024,09:20:01,50595.55,50595.55,105,50599.3,75,240,2525655
BANKNIFTY-I.NFO,09/09/2024,09:20:03,50595.55,50594.1,15,50598.65,15,330,2525655
BANKNIFTY-I.NFO,09/09/2024,09:20:05,50594.85,50588,30,50594.5,45,480,2525655
BANKNIFTY-I.NFO,09/09/2024,09:20:06,50588.05,50588,45,50592.7,15,135,2525655
BANKNIFTY-I.NFO,09/09/2024,09:20:08,50591.9,50588.05,45,50595.25,60,75,2525655
BANKNIFTY-I.NFO,09/09/2024,09:20:10,50600,50593.25,120,50603.45,45,120,2525655
BANKNIFTY-I.NFO,09/09/2024,09:20:11,50595.25,50599.45,15,50600,15,105,2525655
BANKNIFTY-I.NFO,09/09/2024,09:20:13,50599.45,50595.25,135,50599,15,255,2525655
BANKNIFTY-I.NFO,09/09/2024,09:20:15,50595.3,50595.3,15,50600,105,120,2525655
BANKNIFTY-I.NFO,09/09/2024,09:20:16,50595.25,50595.25,30,50600,120,75,2525655
BANKNIFTY-I.NFO,09/09/2024,09:20:18,50592,50590.75,15,50597.4,30,165,2525655
BANKNIFTY-I.NFO,09/09/2024,09:20:20,50582.9,50582.9,105,50589.55,15,300,2525655
BANKNIFTY-I.NFO,09/09/2024,09:20:21,50583,50583,120,50591.75,15,150,2525655
BANKNIFTY-I.NFO,09/09/2024,09:20:23,50590.8,50584.7,120,50591.8,45,105,2525655
BANKNIFTY-I.NFO,09/09/2024,09:20:25,50583.9,50583.9,75,50591.9,60,1080,2525655
BANKNIFTY-I.NFO,09/09/2024,09:20:26,50590.35,50585.05,30,50591.9,60,195,2525655
BANKNIFTY-I.NFO,09/09/2024,09:20:28,50591.9,50591.9,45,50594,75,180,2525655
BANKNIFTY-I.NFO,09/09/2024,09:20:30,50591.9,50590,15,50591,15,225,2525655
BANKNIFTY-I.NFO,09/09/2024,09:20:31,50583.9,50583.9,15,50594.1,45,120,2525655
BANKNIFTY-I.NFO,09/09/2024,09:20:33,50592,50591.95,795,50597.05,45,315,2525655
BANKNIFTY-I.NFO,09/09/2024,09:20:35,50591.95,50591.95,675,50596.1,45,330,2525655
BANKNIFTY-I.NFO,09/09/2024,09:20:36,50591.95,50592,45,50593.95,45,210,2525655
BANKNIFTY-I.NFO,09/09/2024,09:20:38,50591.95,50592,60,50594.45,15,270,2525655
BANKNIFTY-I.NFO,09/09/2024,09:20:40,50593.6,50592.05,30,50592.55,45,180,2525655
BANKNIFTY-I.NFO,09/09/2024,09:20:41,50597.45,50592.05,30,50597.45,45,165,2525655
BANKNIFTY-I.NFO,09/09/2024,09:20:43,50595,50591.95,465,50595.95,30,195,2525655
BANKNIFTY-I.NFO,09/09/2024,09:20:45,50595.95,50592.1,15,50595.95,15,30,2525655
BANKNIFTY-I.NFO,09/09/2024,09:20:46,50598.1,50592.15,60,50597.95,45,105,2525655
BANKNIFTY-I.NFO,09/09/2024,09:20:48,50595,50595,195,50595.35,45,195,2525655
BANKNIFTY-I.NFO,09/09/2024,09:20:50,50592.75,50587.15,240,50595.2,120,720,2525655
BANKNIFTY-I.NFO,09/09/2024,09:20:51,50593.85,50587.15,180,50592.95,120,105,2525655
BANKNIFTY-I.NFO,09/09/2024,09:20:53,50592.75,50587.15,210,50594.8,150,135,2525655
BANKNIFTY-I.NFO,09/09/2024,09:20:55,50585.05,50582.8,45,50593.55,45,855,2525655
BANKNIFTY-I.NFO,09/09/2024,09:20:56,50590.6,50585,30,50591.65,15,435,2525655
BANKNIFTY-I.NFO,09/09/2024,09:20:58,50591.9,50585.15,15,50591.95,15,30,2525655
BANKNIFTY-I.NFO,09/09/2024,09:21:00,50585.2,50587.65,15,50592.15,150,60,2525655
BANKNIFTY-I.NFO,09/09/2024,09:21:01,50592.15,50587.7,15,50592.15,135,60,2525655
BANKNIFTY-I.NFO,09/09/2024,09:21:03,50591.55,50587.7,135,50591.1,15,15,2525655
BANKNIFTY-I.NFO,09/09/2024,09:21:05,50587.75,50587.75,150,50591.4,135,255,2525655
BANKNIFTY-I.NFO,09/09/2024,09:21:06,50591.4,50587.75,180,50591.4,90,90,2525655
BANKNIFTY-I.NFO,09/09/2024,09:21:08,50587.65,50585,45,50587.8,60,330,2525655
BANKNIFTY-I.NFO,09/09/2024,09:21:10,50577.25,50575.25,15,50575.7,30,465,2525655
BANKNIFTY-I.NFO,09/09/2024,09:21:11,50571.25,50565.25,75,50573.65,15,900,2525655
BANKNIFTY-I.NFO,09/09/2024,09:21:13,50576,50568,60,50576.7,75,165,2525655
BANKNIFTY-I.NFO,09/09/2024,09:21:15,50576.3,50573.95,15,50577,15,180,2525655
BANKNIFTY-I.NFO,09/09/2024,09:21:16,50576,50573.95,30,50575.7,75,120,2525655
BANKNIFTY-I.NFO,09/09/2024,09:21:18,50577.45,50573.95,15,50577.7,120,210,2525655
BANKNIFTY-I.NFO,09/09/2024,09:21:20,50576.95,50576,15,50579.95,75,45,2525655
BANKNIFTY-I.NFO,09/09/2024,09:21:21,50578.55,50578.5,15,50583.25,300,195,2525655
BANKNIFTY-I.NFO,09/09/2024,09:21:23,50585.4,50586.5,15,50590,15,285,2528985
BANKNIFTY-I.NFO,09/09/2024,09:21:25,50590.55,50586.5,105,50589.6,150,210,2528985
BANKNIFTY-I.NFO,09/09/2024,09:21:26,50586.5,50586.5,135,50591.65,120,180,2528985
BANKNIFTY-I.NFO,09/09/2024,09:21:28,50591.7,50590,15,50591.7,210,600,2528985
BANKNIFTY-I.NFO,09/09/2024,09:21:30,50595,50590.05,15,50595,15,90,2528985
BANKNIFTY-I.NFO,09/09/2024,09:21:31,50595,50590.25,15,50595.95,30,75,2528985
BANKNIFTY-I.NFO,09/09/2024,09:21:33,50597.6,50591.7,30,50597.75,300,150,2528985
BANKNIFTY-I.NFO,09/09/2024,09:21:35,50595,50591.85,30,50598.3,30,195,2528985
BANKNIFTY-I.NFO,09/09/2024,09:21:36,50602.35,50598.05,210,50601.95,90,360,2528985
BANKNIFTY-I.NFO,09/09/2024,09:21:38,50609,50605.9,15,50610,30,225,2528985
BANKNIFTY-I.NFO,09/09/2024,09:21:40,50629,50622.85,30,50629,285,765,2528985
BANKNIFTY-I.NFO,09/09/2024,09:21:41,50630,50624.3,15,50630,60,510,2528985
BANKNIFTY-I.NFO,09/09/2024,09:21:43,50624.3,50624.3,60,50625,30,825,2528985
BANKNIFTY-I.NFO,09/09/2024,09:21:45,50625.35,50624.1,15,50633.9,300,465,2528985
BANKNIFTY-I.NFO,09/09/2024,09:21:46,50633.9,50632.65,15,50635,165,180,2528985
BANKNIFTY-I.NFO,09/09/2024,09:21:48,50643.65,50632.65,90,50633.75,15,750,2528985
BANKNIFTY-I.NFO,09/09/2024,09:21:50,50642.35,50634.05,15,50642.8,60,480,2528985
BANKNIFTY-I.NFO,09/09/2024,09:21:51,50638.45,50631,120,50640.9,30,315,2528985
BANKNIFTY-I.NFO,09/09/2024,09:21:53,50639.5,50634.05,15,50639.9,15,645,2528985
BANKNIFTY-I.NFO,09/09/2024,09:21:55,50635,50634.05,120,50638.25,15,300,2528985
BANKNIFTY-I.NFO,09/09/2024,09:21:56,50639.1,50639.1,60,50640,15,195,2528985
BANKNIFTY-I.NFO,09/09/2024,09:21:58,50644.4,50645.5,135,50650,495,555,2528985
BANKNIFTY-I.NFO,09/09/2024,09:22:00,50650.05,50645.5,45,50653.95,105,750,2528985
BANKNIFTY-I.NFO,09/09/2024,09:22:01,50657.2,50646.55,60,50655.55,30,270,2528985
BANKNIFTY-I.NFO,09/09/2024,09:22:03,50658.1,50650.05,15,50657.6,15,330,2528985
BANKNIFTY-I.NFO,09/09/2024,09:22:05,50658.05,50649.55,120,50658.35,300,1095,2528985
BANKNIFTY-I.NFO,09/09/2024,09:22:06,50664.85,50654.55,75,50664.25,120,225,2528985
BANKNIFTY-I.NFO,09/09/2024,09:22:08,50654.9,50654.55,105,50658.05,15,405,2528985
BANKNIFTY-I.NFO,09/09/2024,09:22:10,50665,50658.1,15,50660.05,15,360,2528985
BANKNIFTY-I.NFO,09/09/2024,09:22:11,50660,50653.95,15,50659.05,15,315,2528985
BANKNIFTY-I.NFO,09/09/2024,09:22:13,50652.15,50645.05,30,50651.7,15,525,2528985
BANKNIFTY-I.NFO,09/09/2024,09:22:15,50651.7,50646.15,15,50655.4,75,330,2528985
BANKNIFTY-I.NFO,09/09/2024,09:22:16,50656,50648.7,120,50658,15,225,2528985
BANKNIFTY-I.NFO,09/09/2024,09:22:18,50660,50658.2,120,50664.85,15,30,2528985
BANKNIFTY-I.NFO,09/09/2024,09:22:20,50662.25,50658.45,120,50669.05,15,1035,2528985
BANKNIFTY-I.NFO,09/09/2024,09:22:21,50659.05,50658.65,30,50662.2,15,45,2528985
BANKNIFTY-I.NFO,09/09/2024,09:22:23,50662.25,50658.65,60,50662.8,75,345,2528985
BANKNIFTY-I.NFO,09/09/2024,09:22:25,50658.65,50658.65,15,50660.85,15,120,2528985
BANKNIFTY-I.NFO,09/09/2024,09:22:26,50664.95,50660,30,50665,15,165,2528985
BANKNIFTY-I.NFO,09/09/2024,09:22:28,50659.55,50653.2,45,50659.55,15,195,2528985
BANKNIFTY-I.NFO,09/09/2024,09:22:30,50650.1,50650.15,120,50658.75,15,75,2528985
BANKNIFTY-I.NFO,09/09/2024,09:22:31,50658.4,50650.2,15,50657.45,15,60,2528985
BANKNIFTY-I.NFO,09/09/2024,09:22:33,50654.75,50654.75,120,50660,30,150,2528985
BANKNIFTY-I.NFO,09/09/2024,09:22:35,50664.9,50660.05,120,50664.95,15,135,2528985
BANKNIFTY-I.NFO,09/09/2024,09:22:36,50677.4,50677.4,150,50679,405,1395,2528985
BANKNIFTY-I.NFO,09/09/2024,09:22:38,50677.4,50674.15,90,50683.9,120,705,2528985
BANKNIFTY-I.NFO,09/09/2024,09:22:40,50684.6,50685.85,150,50687.1,900,330,2528985
BANKNIFTY-I.NFO,09/09/2024,09:22:41,50686.9,50685.85,45,50687.55,30,1065,2528985
BANKNIFTY-I.NFO,09/09/2024,09:22:43,50687.1,50687.1,120,50693.35,120,330,2528985
BANKNIFTY-I.NFO,09/09/2024,09:22:45,50687.1,50687.1,90,50689.95,120,510,2528985
BANKNIFTY-I.NFO,09/09/2024,09:22:46,50682.85,50682.8,75,50686.9,15,660,2528985
BANKNIFTY-I.NFO,09/09/2024,09:22:48,50682.9,50683.05,15,50691.5,15,1050,2528985
BANKNIFTY-I.NFO,09/09/2024,09:22:50,50685.85,50682.8,60,50687.1,150,180,2528985
BANKNIFTY-I.NFO,09/09/2024,09:22:51,50682.8,50682.8,30,50687.05,15,75,2528985
BANKNIFTY-I.NFO,09/09/2024,09:22:53,50685.75,50682.8,15,50687.1,105,480,2528985
BANKNIFTY-I.NFO,09/09/2024,09:22:55,50683.3,50681.8,75,50687.1,150,240,2528985
BANKNIFTY-I.NFO,09/09/2024,09:22:56,50683.95,50683.9,225,50687.1,60,105,2528985
BANKNIFTY-I.NFO,09/09/2024,09:22:58,50684.7,50684.65,15,50690,60,375,2528985
BANKNIFTY-I.NFO,09/09/2024,09:23:00,50692,50687.75,15,50695,210,390,2528985
BANKNIFTY-I.NFO,09/09/2024,09:23:01,50695,50690,30,50696.65,30,630,2528985
BANKNIFTY-I.NFO,09/09/2024,09:23:03,50696.65,50690.6,150,50697,45,195,2528985
BANKNIFTY-I.NFO,09/09/2024,09:23:05,50691.95,50684.3,15,50690,15,150,2528985
BANKNIFTY-I.NFO,09/09/2024,09:23:06,50694.9,50690,255,50694.9,120,135,2528985
BANKNIFTY-I.NFO,09/09/2024,09:23:08,50680.05,50680,15,50688.1,15,510,2528985
BANKNIFTY-I.NFO,09/09/2024,09:23:10,50680.05,50680.1,120,50688.35,15,270,2528985
BANKNIFTY-I.NFO,09/09/2024,09:23:11,50680.2,50680.2,45,50687.85,15,135,2528985
BANKNIFTY-I.NFO,09/09/2024,09:23:13,50692,50685.15,15,50692,15,390,2528985
BANKNIFTY-I.NFO,09/09/2024,09:23:15,50681,50681,30,50685.25,75,300,2528985
BANKNIFTY-I.NFO,09/09/2024,09:23:16,50685.9,50678.8,120,50687.1,855,180,2528985
BANKNIFTY-I.NFO,09/09/2024,09:23:18,50678.75,50678.75,45,50681,15,105,2528985
BANKNIFTY-I.NFO,09/09/2024,09:23:19,50682.7,50671.9,120,50681.25,30,720,2528985
BANKNIFTY-I.NFO,09/09/2024,09:23:21,50681,50673.2,30,50681.05,15,135,2528985
BANKNIFTY-I.NFO,09/09/2024,09:23:23,50678.75,50673.35,45,50680.95,15,90,2528985
BANKNIFTY-I.NFO,09/09/2024,09:23:24,50682.2,50673.2,15,50682.1,15,480,2528985
BANKNIFTY-I.NFO,09/09/2024,09:23:26,50670.05,50670.05,105,50678.25,45,480,2528985
BANKNIFTY-I.NFO,09/09/2024,09:23:28,50670,50670.05,30,50676.95,45,210,2528985
BANKNIFTY-I.NFO,09/09/2024,09:23:29,50666.65,50670.1,15,50672.6,45,675,2528985
BANKNIFTY-I.NFO,09/09/2024,09:23:31,50670,50661.1,120,50669.95,45,150,2528985
BANKNIFTY-I.NFO,09/09/2024,09:23:33,50661.1,50655.8,135,50665.9,15,795,2528985
BANKNIFTY-I.NFO,09/09/2024,09:23:34,50657.75,50657.75,120,50665,15,60,2528985
BANKNIFTY-I.NFO,09/09/2024,09:23:36,50657.8,50657.75,30,50665.5,15,45,2528985
BANKNIFTY-I.NFO,09/09/2024,09:23:38,50657.8,50657.8,15,50665.45,60,45,2528985
BANKNIFTY-I.NFO,09/09/2024,09:23:39,50659.2,50659.45,120,50665.45,30,195,2528985
BANKNIFTY-I.NFO,09/09/2024,09:23:41,50659.45,50659.45,15,50665.45,75,45,2528985
BANKNIFTY-I.NFO,09/09/2024,09:23:43,50660.15,50662.75,120,50669.85,30,255,2528985
BANKNIFTY-I.NFO,09/09/2024,09:23:44,50665.8,50665.8,120,50669.95,60,1050,2528985
BANKNIFTY-I.NFO,09/09/2024,09:23:46,50670,50665.8,105,50670,45,300,2528985
BANKNIFTY-I.NFO,09/09/2024,09:23:48,50673.8,50673.9,15,50675.55,120,60,2528985
BANKNIFTY-I.NFO,09/09/2024,09:23:49,50673.9,50676.75,30,50679.7,30,315,2528985
BANKNIFTY-I.NFO,09/09/2024,09:23:51,50679.8,50676.75,135,50679.8,45,165,2528985
BANKNIFTY-I.NFO,09/09/2024,09:23:53,50678.2,50677.95,15,50680,30,90,2528985
BANKNIFTY-I.NFO,09/09/2024,09:23:54,50682.15,50681.1,165,50685.9,75,255,2528985
BANKNIFTY-I.NFO,09/09/2024,09:23:56,50690,50688.5,45,50692,105,300,2528985
BANKNIFTY-I.NFO,09/09/2024,09:23:58,50689.95,50689.95,90,50693.9,105,1080,2528985
BANKNIFTY-I.NFO,09/09/2024,09:23:59,50689.95,50689.95,30,50694.7,90,210,2528985
BANKNIFTY-I.NFO,09/09/2024,09:24:01,50689.95,50685.95,15,50690,15,120,2528985
BANKNIFTY-I.NFO,09/09/2024,09:24:03,50688.6,50689,15,50697.35,75,810,2528985
BANKNIFTY-I.NFO,09/09/2024,09:24:05,50699,50689,90,50698.9,15,375,2528985
BANKNIFTY-I.NFO,09/09/2024,09:24:06,50698.55,50694.7,45,50699.95,285,795,2528985
BANKNIFTY-I.NFO,09/09/2024,09:24:08,50688.2,50685.95,15,50689.05,30,615,2528985
BANKNIFTY-I.NFO,09/09/2024,09:24:10,50681.5,50681,30,50691.5,15,150,2528985
BANKNIFTY-I.NFO,09/09/2024,09:24:11,50673,50673,120,50682.65,75,255,2528985
BANKNIFTY-I.NFO,09/09/2024,09:24:13,50694.7,50685.5,15,50695.1,15,135,2528985
BANKNIFTY-I.NFO,09/09/2024,09:24:15,50685.5,50680.95,45,50689.7,15,120,2528985
BANKNIFTY-I.NFO,09/09/2024,09:24:16,50689.6,50681.55,30,50690.75,15,15,2528985
BANKNIFTY-I.NFO,09/09/2024,09:24:18,50690.8,50681.75,15,50691.75,15,180,2528985
BANKNIFTY-I.NFO,09/09/2024,09:24:20,50685,50681.75,75,50685.5,30,105,2528985
BANKNIFTY-I.NFO,09/09/2024,09:24:21,50690,50682.4,15,50690,30,600,2528985
BANKNIFTY-I.NFO,09/09/2024,09:24:23,50684.95,50684.2,45,50693.2,15,60,2528985
BANKNIFTY-I.NFO,09/09/2024,09:24:25,50685.25,50692.6,15,50694.7,45,150,2527200
BANKNIFTY-I.NFO,09/09/2024,09:24:26,50697.7,50693.55,45,50694.95,810,255,2527200
BANKNIFTY-I.NFO,09/09/2024,09:24:28,50693.55,50693.55,105,50697.95,435,165,2527200
BANKNIFTY-I.NFO,09/09/2024,09:24:30,50693.55,50693.55,60,50697.95,435,300,2527200
BANKNIFTY-I.NFO,09/09/2024,09:24:31,50700,50706.65,30,50707.7,15,2070,2527200
BANKNIFTY-I.NFO,09/09/2024,09:24:33,50707.5,50699.3,15,50707.55,30,465,2527200
BANKNIFTY-I.NFO,09/09/2024,09:24:35,50699.8,50693,15,50700.65,15,180,2527200
BANKNIFTY-I.NFO,09/09/2024,09:24:36,50699.8,50694.65,150,50704.3,45,420,2527200
BANKNIFTY-I.NFO,09/09/2024,09:24:38,50700,50698.25,135,50700,105,225,2527200
BANKNIFTY-I.NFO,09/09/2024,09:24:40,50698.75,50699.05,15,50706.95,30,180,2527200
BANKNIFTY-I.NFO,09/09/2024,09:24:41,50708.95,50699.45,210,50707.25,45,255,2527200
BANKNIFTY-I.NFO,09/09/2024,09:24:43,50710,50703.8,150,50712.55,30,240,2527200
BANKNIFTY-I.NFO,09/09/2024,09:24:45,50710.45,50704,15,50710.45,30,405,2527200
BANKNIFTY-I.NFO,09/09/2024,09:24:46,50704,50704,45,50709.4,15,270,2527200
BANKNIFTY-I.NFO,09/09/2024,09:24:48,50700,50700,30,50708.7,30,135,2527200
BANKNIFTY-I.NFO,09/09/2024,09:24:50,50709.95,50701.8,120,50710,60,225,2527200
BANKNIFTY-I.NFO,09/09/2024,09:24:51,50709.9,50705,30,50709.9,15,150,2527200
BANKNIFTY-I.NFO,09/09/2024,09:24:53,50710,50705,105,50712.5,300,45,2527200
BANKNIFTY-I.NFO,09/09/2024,09:24:55,50710,50710.65,105,50715,15,480,2527200
BANKNIFTY-I.NFO,09/09/2024,09:24:56,50718,50711.45,15,50718,15,600,2527200
BANKNIFTY-I.NFO,09/09/2024,09:24:58,50720.25,50711.45,75,50717.8,15,195,2527200
BANKNIFTY-I.NFO,09/09/2024,09:25:00,50718,50717.95,150,50721.4,30,240,2527200
BANKNIFTY-I.NFO,09/09/2024,09:25:01,50729.55,50721.9,30,50729.45,45,690,2527200
BANKNIFTY-I.NFO,09/09/2024,09:25:03,50730.5,50730.95,15,50734,15,150,2527200
BANKNIFTY-I.NFO,09/09/2024,09:25:05,50740.8,50734,15,50738.95,120,600,2527200
BANKNIFTY-I.NFO,09/09/2024,09:25:06,50730.5,50730.5,120,50735.8,60,600,2527200
BANKNIFTY-I.NFO,09/09/2024,09:25:08,50727.25,50727.25,120,50735.4,15,210,2527200
BANKNIFTY-I.NFO,09/09/2024,09:25:10,50731.35,50725,4935,50732.3,150,435,2527200
BANKNIFTY-I.NFO,09/09/2024,09:25:11,50730,50725.1,60,50727.25,120,135,2527200
BANKNIFTY-I.NFO,09/09/2024,09:25:13,50730.55,50730.55,120,50738.9,15,5550,2527200
BANKNIFTY-I.NFO,09/09/2024,09:25:15,50733.9,50731.8,135,50737.5,75,90,2527200
BANKNIFTY-I.NFO,09/09/2024,09:25:16,50731.85,50725,30,50734,15,345,2527200
BANKNIFTY-I.NFO,09/09/2024,09:25:18,50734.7,50726.6,30,50734,15,120,2527200
BANKNIFTY-I.NFO,09/09/2024,09:25:19,50730,50726.65,15,50733.9,15,120,2527200
BANKNIFTY-I.NFO,09/09/2024,09:25:21,50724.55,50724.7,15,50731.8,30,435,2527200
BANKNIFTY-I.NFO,09/09/2024,09:25:23,50735.75,50734.8,15,50743.95,30,615,2527200
BANKNIFTY-I.NFO,09/09/2024,09:25:24,50744.85,50735.4,75,50741.05,45,345,2527200
BANKNIFTY-I.NFO,09/09/2024,09:25:26,50745,50736.95,15,50745,480,510,2527200
BANKNIFTY-I.NFO,09/09/2024,09:25:28,50736.95,50736.95,60,50744.95,15,285,2527200
BANKNIFTY-I.NFO,09/09/2024,09:25:29,50735.4,50735.4,60,50737.9,45,180,2527200
BANKNIFTY-I.NFO,09/09/2024,09:25:31,50726.65,50713.8,45,50721.35,45,300,2527200
BANKNIFTY-I.NFO,09/09/2024,09:25:33,50722.95,50715.5,60,50722.95,45,90,2527200
BANKNIFTY-I.NFO,09/09/2024,09:25:34,50725.15,50716.1,15,50725,15,75,2527200
BANKNIFTY-I.NFO,09/09/2024,09:25:36,50721.4,50718,45,50724.25,15,105,2527200
BANKNIFTY-I.NFO,09/09/2024,09:25:38,50718,50710,45,50718.05,75,210,2527200
BANKNIFTY-I.NFO,09/09/2024,09:25:39,50710,50710,45,50714.85,15,180,2527200
BANKNIFTY-I.NFO,09/09/2024,09:25:41,50715.55,50714.7,90,50718,45,75,2527200
BANKNIFTY-I.NFO,09/09/2024,09:25:43,50715.05,50714.85,135,50718.05,30,285,2527200
BANKNIFTY-I.NFO,09/09/2024,09:25:44,50714.85,50714.85,120,50722.9,45,210,2527200
BANKNIFTY-I.NFO,09/09/2024,09:25:46,50714.85,50715.05,15,50721.3,30,120,2527200
BANKNIFTY-I.NFO,09/09/2024,09:25:48,50716,50715.55,15,50718.75,30,30,2527200
BANKNIFTY-I.NFO,09/09/2024,09:25:49,50715.6,50715.6,15,50718,30,45,2527200
BANKNIFTY-I.NFO,09/09/2024,09:25:51,50715.6,50713.55,15,50717.95,15,210,2527200
BANKNIFTY-I.NFO,09/09/2024,09:25:53,50705.8,50713.55,15,50715.55,15,270,2527200
BANKNIFTY-I.NFO,09/09/2024,09:25:54,50713.55,50703.8,45,50712.25,45,300,2527200
BANKNIFTY-I.NFO,09/09/2024,09:25:56,50704.75,50704.75,135,50712.15,45,240,2527200
BANKNIFTY-I.NFO,09/09/2024,09:25:58,50704,50706.25,45,50712.2,150,75,2527200
BANKNIFTY-I.NFO,09/09/2024,09:25:59,50703.55,50702.1,15,50711.55,120,390,2527200
BANKNIFTY-I.NFO,09/09/2024,09:26:01,50713.95,50704.45,15,50713.95,120,360,2527200
BANKNIFTY-I.NFO,09/09/2024,09:26:03,50707,50704.45,30,50711.35,120,120,2527200
BANKNIFTY-I.NFO,09/09/2024,09:26:04,50700,50699,15,50702.4,120,195,2527200
BANKNIFTY-I.NFO,09/09/2024,09:26:06,50695.65,50687.15,120,50696.15,75,300,2527200
BANKNIFTY-I.NFO,09/09/2024,09:26:08,50694.1,50689.2,135,50697.4,75,15,2527200
BANKNIFTY-I.NFO,09/09/2024,09:26:09,50691.55,50693.15,120,50699.9,15,15,2527200
BANKNIFTY-I.NFO,09/09/2024,09:26:11,50693.2,50693.2,15,50699.3,15,270,2527200
BANKNIFTY-I.NFO,09/09/2024,09:26:13,50693.2,50693.35,30,50698.8,75,90,2527200
BANKNIFTY-I.NFO,09/09/2024,09:26:15,50689.1,50687.2,150,50694.45,75,210,2527200
BANKNIFTY-I.NFO,09/09/2024,09:26:16,50680,50679.8,150,50680,930,345,2527200
BANKNIFTY-I.NFO,09/09/2024,09:26:18,50688.9,50679.85,30,50687.8,75,1035,2527200
BANKNIFTY-I.NFO,09/09/2024,09:26:20,50681.85,50675.75,120,50686.7,120,390,2527200
BANKNIFTY-I.NFO,09/09/2024,09:26:21,50679.85,50679.5,120,50688.25,15,360,2527200
BANKNIFTY-I.NFO,09/09/2024,09:26:23,50680,50671.35,120,50679.6,45,60,2527200
BANKNIFTY-I.NFO,09/09/2024,09:26:25,50680,50672.6,30,50678.8,15,0,2527200
BANKNIFTY-I.NFO,09/09/2024,09:26:26,50675.2,50672.6,30,50679.4,30,30,2527200
BANKNIFTY-I.NFO,09/09/2024,09:26:28,50662.3,50655,30,50662.45,45,225,2527200
BANKNIFTY-I.NFO,09/09/2024,09:26:30,50650.05,50650.05,120,50655.85,15,120,2527200
BANKNIFTY-I.NFO,09/09/2024,09:26:31,50650.55,50650.55,120,50659.65,75,210,2527200
BANKNIFTY-I.NFO,09/09/2024,09:26:33,50650.6,50650.65,15,50660,120,255,2527200
BANKNIFTY-I.NFO,09/09/2024,09:26:35,50650.7,50650,135,50650.7,15,225,2527200
BANKNIFTY-I.NFO,09/09/2024,09:26:36,50650.05,50649,15,50655.5,15,180,2527200
BANKNIFTY-I.NFO,09/09/2024,09:26:38,50649,50646.45,45,50649,120,195,2527200
BANKNIFTY-I.NFO,09/09/2024,09:26:40,50649,50643,15,50647.65,120,210,2527200
BANKNIFTY-I.NFO,09/09/2024,09:26:41,50645.2,50643.1,15,50649,375,60,2527200
BANKNIFTY-I.NFO,09/09/2024,09:26:43,50642.75,50644.05,150,50649,330,75,2527200
BANKNIFTY-I.NFO,09/09/2024,09:26:45,50643.25,50643.8,90,50650,75,1425,2527200
BANKNIFTY-I.NFO,09/09/2024,09:26:46,50644.35,50645.6,15,50650,90,195,2527200
BANKNIFTY-I.NFO,09/09/2024,09:26:48,50645.8,50645.6,60,50650,120,180,2527200
BANKNIFTY-I.NFO,09/09/2024,09:26:50,50645.6,50645.6,30,50649.95,15,90,2527200
BANKNIFTY-I.NFO,09/09/2024,09:26:51,50645.6,50645,15,50645.6,825,810,2527200
BANKNIFTY-I.NFO,09/09/2024,09:26:53,50645.6,50646.7,15,50650,30,1620,2527200
BANKNIFTY-I.NFO,09/09/2024,09:26:55,50652.45,50652.45,75,50660.4,120,165,2527200
BANKNIFTY-I.NFO,09/09/2024,09:26:56,50654.5,50648.4,105,50656.75,195,1020,2527200
BANKNIFTY-I.NFO,09/09/2024,09:26:58,50652.45,50646.3,15,50653.45,120,165,2527200
BANKNIFTY-I.NFO,09/09/2024,09:27:00,50646.65,50646.3,30,50651.15,15,150,2527200
BANKNIFTY-I.NFO,09/09/2024,09:27:01,50636.25,50635.95,15,50644.05,15,270,2527200
BANKNIFTY-I.NFO,09/09/2024,09:27:03,50646.2,50643.65,15,50652.25,120,180,2527200
BANKNIFTY-I.NFO,09/09/2024,09:27:05,50644.4,50636.95,15,50645.55,120,105,2527200
BANKNIFTY-I.NFO,09/09/2024,09:27:06,50649.85,50644.35,15,50650,60,345,2527200
BANKNIFTY-I.NFO,09/09/2024,09:27:08,50650,50647.3,150,50650,45,90,2527200
BANKNIFTY-I.NFO,09/09/2024,09:27:10,50647.35,50647.35,15,50649,15,150,2527200
BANKNIFTY-I.NFO,09/09/2024,09:27:11,50647.3,50646.35,150,50650,90,105,2527200
BANKNIFTY-I.NFO,09/09/2024,09:27:13,50650,50650,45,50650.45,15,180,2527200
BANKNIFTY-I.NFO,09/09/2024,09:27:15,50654.5,50650.25,15,50655,45,75,2527200
BANKNIFTY-I.NFO,09/09/2024,09:27:16,50658.6,50657.8,45,50660.95,30,285,2527200
BANKNIFTY-I.NFO,09/09/2024,09:27:18,50666.5,50659.75,60,50666.65,15,600,2527200
BANKNIFTY-I.NFO,09/09/2024,09:27:19,50659.65,50650.25,15,50656.7,15,150,2527200
BANKNIFTY-I.NFO,09/09/2024,09:27:21,50653.8,50654,15,50658.6,15,135,2527200
BANKNIFTY-I.NFO,09/09/2024,09:27:23,50655.6,50655,45,50658.6,15,390,2527200
BANKNIFTY-I.NFO,09/09/2024,09:27:24,50660,50658.9,15,50660,120,90,2527455
BANKNIFTY-I.NFO,09/09/2024,09:27:26,50670.2,50661.45,15,50668.2,15,300,2527455
BANKNIFTY-I.NFO,09/09/2024,09:27:28,50664,50661.45,90,50667.85,75,105,2527455
BANKNIFTY-I.NFO,09/09/2024,09:27:29,50667.8,50662.05,15,50667.8,60,15,2527455
BANKNIFTY-I.NFO,09/09/2024,09:27:31,50663.9,50662.05,120,50663.95,15,135,2527455
BANKNIFTY-I.NFO,09/09/2024,09:27:33,50665.95,50660.95,120,50668.3,105,180,2527455
BANKNIFTY-I.NFO,09/09/2024,09:27:34,50663.5,50663.2,15,50668.85,15,135,2527455
BANKNIFTY-I.NFO,09/09/2024,09:27:36,50665.75,50663.35,15,50667.9,60,45,2527455
BANKNIFTY-I.NFO,09/09/2024,09:27:38,50665.95,50666.15,60,50671.6,105,60,2527455
BANKNIFTY-I.NFO,09/09/2024,09:27:39,50672.65,50673.45,60,50675,30,90,2527455
BANKNIFTY-I.NFO,09/09/2024,09:27:41,50680,50677.8,30,50679.15,15,330,2527455
BANKNIFTY-I.NFO,09/09/2024,09:27:43,50679.05,50678.3,15,50679.05,45,60,2527455
BANKNIFTY-I.NFO,09/09/2024,09:27:44,50684.95,50680.2,15,50684.95,15,120,2527455
BANKNIFTY-I.NFO,09/09/2024,09:27:46,50679.4,50673.55,30,50679.4,15,180,2527455
BANKNIFTY-I.NFO,09/09/2024,09:27:48,50681.5,50676.15,15,50683,45,195,2527455
BANKNIFTY-I.NFO,09/09/2024,09:27:49,50677.8,50683,225,50684.95,30,90,2527455
BANKNIFTY-I.NFO,09/09/2024,09:27:51,50689.85,50687.05,15,50690,75,645,2527455
BANKNIFTY-I.NFO,09/09/2024,09:27:53,50688.85,50687.1,30,50689.95,15,60,2527455
BANKNIFTY-I.NFO,09/09/2024,09:27:54,50696.35,50689.5,15,50694.25,15,135,2527455
BANKNIFTY-I.NFO,09/09/2024,09:27:56,50698.9,50692.1,15,50698.05,30,300,2527455
BANKNIFTY-I.NFO,09/09/2024,09:27:58,50699.7,50700.7,30,50706.5,30,1155,2527455
BANKNIFTY-I.NFO,09/09/2024,09:27:59,50696.05,50694.65,15,50702.9,60,225,2527455
BANKNIFTY-I.NFO,09/09/2024,09:28:01,50689.65,50687.55,15,50695.65,15,375,2527455
BANKNIFTY-I.NFO,09/09/2024,09:28:03,50695.35,50687.1,30,50695.4,45,75,2527455
BANKNIFTY-I.NFO,09/09/2024,09:28:04,50687.1,50687.05,30,50694.35,15,90,2527455
BANKNIFTY-I.NFO,09/09/2024,09:28:06,50681.1,50682.05,15,50689.05,15,255,2527455
BANKNIFTY-I.NFO,09/09/2024,09:28:08,50680,50682.1,15,50687.9,15,435,2527455
BANKNIFTY-I.NFO,09/09/2024,09:28:09,50682.1,50675.75,120,50684.75,15,180,2527455
BANKNIFTY-I.NFO,09/09/2024,09:28:11,50675,50670.6,120,50679.65,15,60,2527455
BANKNIFTY-I.NFO,09/09/2024,09:28:13,50668.8,50667.85,120,50677,15,90,2527455
BANKNIFTY-I.NFO,09/09/2024,09:28:14,50668.55,50667.9,60,50675.3,15,330,2527455
BANKNIFTY-I.NFO,09/09/2024,09:28:16,50668.05,50668.25,45,50670,150,495,2527455
BANKNIFTY-I.NFO,09/09/2024,09:28:18,50669.95,50669.15,45,50669.95,30,120,2527455
BANKNIFTY-I.NFO,09/09/2024,09:28:20,50669.85,50671.6,30,50674.2,15,345,2527455
BANKNIFTY-I.NFO,09/09/2024,09:28:21,50682.1,50683.05,15,50689.6,60,135,2527455
BANKNIFTY-I.NFO,09/09/2024,09:28:23,50670.7,50670.95,15,50677.9,75,240,2527455
BANKNIFTY-I.NFO,09/09/2024,09:28:25,50671.75,50672.3,30,50673.8,60,60,2527455
BANKNIFTY-I.NFO,09/09/2024,09:28:26,50670.95,50667.8,150,50670.95,15,255,2527455
BANKNIFTY-I.NFO,09/09/2024,09:28:28,50688.4,50676,30,50684.65,45,120,2527455
BANKNIFTY-I.NFO,09/09/2024,09:28:30,50676.05,50676.05,30,50684.5,120,60,2527455
BANKNIFTY-I.NFO,09/09/2024,09:28:31,50676.05,50674.5,30,50682.6,120,30,2527455
BANKNIFTY-I.NFO,09/09/2024,09:28:33,50676.05,50676.6,30,50684.1,120,0,2527455
BANKNIFTY-I.NFO,09/09/2024,09:28:35,50676.6,50671,30,50678.5,45,60,2527455
BANKNIFTY-I.NFO,09/09/2024,09:28:36,50670,50670,15,50676.8,120,30,2527455
BANKNIFTY-I.NFO,09/09/2024,09:28:38,50670,50670.8,30,50677.75,15,75,2527455
BANKNIFTY-I.NFO,09/09/2024,09:28:40,50682.15,50671.15,30,50679.2,15,300,2527455
BANKNIFTY-I.NFO,09/09/2024,09:28:41,50672.05,50673.1,30,50679.45,15,30,2527455
BANKNIFTY-I.NFO,09/09/2024,09:28:43,50671.15,50666.5,120,50675.45,15,165,2527455
BANKNIFTY-I.NFO,09/09/2024,09:28:45,50666.1,50666.95,120,50676.8,45,105,2527455
BANKNIFTY-I.NFO,09/09/2024,09:28:46,50671.15,50667,30,50672.3,15,45,2527455
BANKNIFTY-I.NFO,09/09/2024,09:28:48,50667.05,50667,90,50674.85,30,210,2527455
BANKNIFTY-I.NFO,09/09/2024,09:28:50,50667.05,50666.1,135,50671.9,90,105,2527455
BANKNIFTY-I.NFO,09/09/2024,09:28:51,50665.3,50665.3,15,50672.8,30,300,2527455
BANKNIFTY-I.NFO,09/09/2024,09:28:53,50670,50664.1,150,50670,45,225,2527455
BANKNIFTY-I.NFO,09/09/2024,09:28:55,50670,50665,15,50671.6,120,45,2527455
BANKNIFTY-I.NFO,09/09/2024,09:28:56,50668.4,50660.95,45,50665.6,45,60,2527455
BANKNIFTY-I.NFO,09/09/2024,09:28:58,50660.05,50654.05,30,50661.45,15,225,2527455
BANKNIFTY-I.NFO,09/09/2024,09:29:00,50651,50654.05,15,50659.8,120,225,2527455
BANKNIFTY-I.NFO,09/09/2024,09:29:01,50651,50650.4,45,50652.4,45,285,2527455
BANKNIFTY-I.NFO,09/09/2024,09:29:03,50652.8,50652.8,45,50661.85,120,285,2527455
BANKNIFTY-I.NFO,09/09/2024,09:29:05,50654.8,50645.4,15,50654.8,120,225,2527455
BANKNIFTY-I.NFO,09/09/2024,09:29:06,50658.55,50650.3,15,50660.25,30,480,2527455
BANKNIFTY-I.NFO,09/09/2024,09:29:08,50654.9,50650.3,60,50655,15,165,2527455
BANKNIFTY-I.NFO,09/09/2024,09:29:10,50655,50654,75,50661.05,30,60,2527455
BANKNIFTY-I.NFO,09/09/2024,09:29:11,50654,50650,15,50657.3,30,405,2527455
BANKNIFTY-I.NFO,09/09/2024,09:29:13,50647.05,50648.3,135,50656.35,15,60,2527455
BANKNIFTY-I.NFO,09/09/2024,09:29:15,50656.35,50648.3,195,50655.85,15,75,2527455
BANKNIFTY-I.NFO,09/09/2024,09:29:16,50640,50635.55,135,50645.1,15,585,2527455
BANKNIFTY-I.NFO,09/09/2024,09:29:18,50651.85,50643.15,120,50651.85,15,255,2527455
BANKNIFTY-I.NFO,09/09/2024,09:29:19,50637.85,50635.05,90,50644.5,120,135,2527455
BANKNIFTY-I.NFO,09/09/2024,09:29:21,50640,50640.55,45,50650.3,15,45,2527455
BANKNIFTY-I.NFO,09/09/2024,09:29:23,50635,50634.55,30,50642.55,15,210,2527455
BANKNIFTY-I.NFO,09/09/2024,09:29:24,50636.65,50634.55,45,50642.95,15,75,2527455
BANKNIFTY-I.NFO,09/09/2024,09:29:26,50635.55,50636.75,150,50640,645,45,2527455
BANKNIFTY-I.NFO,09/09/2024,09:29:28,50636.5,50631,15,50638.15,15,750,2527455
BANKNIFTY-I.NFO,09/09/2024,09:29:29,50631.05,50625,60,50633.8,45,435,2527455
BANKNIFTY-I.NFO,09/09/2024,09:29:31,50625.05,50625,120,50633.45,15,15,2527455
BANKNIFTY-I.NFO,09/09/2024,09:29:33,50625.6,50630,30,50634.95,15,240,2527455
BANKNIFTY-I.NFO,09/09/2024,09:29:34,50626,50626,255,50632.55,15,735,2527455
BANKNIFTY-I.NFO,09/09/2024,09:29:36,50626,50624.35,45,50626,405,345,2527455
BANKNIFTY-I.NFO,09/09/2024,09:29:38,50621,50624.35,30,50631.4,15,870,2527455
BANKNIFTY-I.NFO,09/09/2024,09:29:39,50629.75,50621.8,15,50631.25,15,150,2527455
BANKNIFTY-I.NFO,09/09/2024,09:29:41,50630.8,50624.05,15,50633.85,120,15,2527455
BANKNIFTY-I.NFO,09/09/2024,09:29:43,50633.55,50625,15,50630.45,15,120,2527455
BANKNIFTY-I.NFO,09/09/2024,09:29:44,50630.45,50621.4,90,50630.65,120,150,2527455
BANKNIFTY-I.NFO,09/09/2024,09:29:46,50633.8,50624.05,45,50625,30,135,2527455
BANKNIFTY-I.NFO,09/09/2024,09:29:48,50632.8,50624.1,15,50633.2,15,360,2527455
BANKNIFTY-I.NFO,09/09/2024,09:29:49,50633.2,50627.95,15,50634.95,15,210,2527455
BANKNIFTY-I.NFO,09/09/2024,09:29:51,50629.2,50629.2,15,50635,45,510,2527455
BANKNIFTY-I.NFO,09/09/2024,09:29:53,50624.05,50624,15,50629.9,15,90,2527455
BANKNIFTY-I.NFO,09/09/2024,09:29:54,50627.8,50619.5,75,50627.8,45,195,2527455
BANKNIFTY-I.NFO,09/09/2024,09:29:56,50621.2,50619.9,105,50628.9,120,30,2527455
BANKNIFTY-I.NFO,09/09/2024,09:29:58,50624,50616.75,15,50626,120,1125,2527455
BANKNIFTY-I.NFO,09/09/2024,09:29:59,50617.45,50618.75,15,50626.05,45,45,2527455
BANKNIFTY-I.NFO,09/09/2024,09:30:01,50628.5,50625.85,150,50628.5,30,285,2527455
BANKNIFTY-I.NFO,09/09/2024,09:30:03,50630,50628.95,15,50633,15,525,2527455
BANKNIFTY-I.NFO,09/09/2024,09:30:04,50632.15,50633.15,15,50636.65,45,120,2527455
BANKNIFTY-I.NFO,09/09/2024,09:30:06,50638.35,50640.25,15,50642.75,15,240,2527455
BANKNIFTY-I.NFO,09/09/2024,09:30:08,50646.65,50640.25,105,50646.7,15,120,2527455
BANKNIFTY-I.NFO,09/09/2024,09:30:09,50642.85,50643.05,15,50647.1,15,345,2527455
BANKNIFTY-I.NFO,09/09/2024,09:30:11,50650,50646.1,15,50650,60,1425,2527455
BANKNIFTY-I.NFO,09/09/2024,09:30:13,50644.05,50645.05,15,50654.05,30,345,2527455
BANKNIFTY-I.NFO,09/09/2024,09:30:14,50648,50648,45,50654.4,15,120,2527455
BANKNIFTY-I.NFO,09/09/2024,09:30:16,50648,50645.05,15,50652.85,75,15,2527455
BANKNIFTY-I.NFO,09/09/2024,09:30:18,50633.95,50633.05,15,50643.5,15,120,2527455
BANKNIFTY-I.NFO,09/09/2024,09:30:19,50641.05,50637.1,15,50641.7,45,45,2527455
BANKNIFTY-I.NFO,09/09/2024,09:30:21,50652.25,50639.55,15,50647.7,75,900,2527455
BANKNIFTY-I.NFO,09/09/2024,09:30:23,50648,50645.5,15,50648,300,60,2527455
BANKNIFTY-I.NFO,09/09/2024,09:30:25,50655.55,50655.95,150,50660,45,1335,2529030
BANKNIFTY-I.NFO,09/09/2024,09:30:26,50656.05,50657.3,150,50666.15,30,165,2529030
BANKNIFTY-I.NFO,09/09/2024,09:30:28,50663.9,50657.3,45,50663.9,75,210,2529030
BANKNIFTY-I.NFO,09/09/2024,09:30:30,50663.9,50657.3,135,50663.9,45,30,2529030
BANKNIFTY-I.NFO,09/09/2024,09:30:31,50663.85,50660.7,150,50663.85,45,150,2529030
BANKNIFTY-I.NFO,09/09/2024,09:30:33,50660.85,50661,225,50665,15,60,2529030
BANKNIFTY-I.NFO,09/09/2024,09:30:35,50660.8,50652.8,15,50659.9,15,360,2529030
BANKNIFTY-I.NFO,09/09/2024,09:30:36,50656.05,50652.25,255,50656.05,15,75,2529030
BANKNIFTY-I.NFO,09/09/2024,09:30:38,50655.75,50652.85,30,50656,60,75,2529030
BANKNIFTY-I.NFO,09/09/2024,09:30:40,50652.9,50652.9,15,50659,75,150,2529030
BANKNIFTY-I.NFO,09/09/2024,09:30:41,50652.9,50652.9,15,50658.25,30,120,2529030
BANKNIFTY-I.NFO,09/09/2024,09:30:43,50646.05,50640.35,105,50646.05,45,210,2529030
BANKNIFTY-I.NFO,09/09/2024,09:30:45,50662.55,50649.55,15,50660.75,15,3780,2529030
BANKNIFTY-I.NFO,09/09/2024,09:30:46,50658.8,50649.55,30,50657.3,30,135,2529030
BANKNIFTY-I.NFO,09/09/2024,09:30:48,50656.45,50649.55,30,50656.45,15,30,2529030
BANKNIFTY-I.NFO,09/09/2024,09:30:50,50657.35,50649.55,60,50658.4,15,30,2529030
BANKNIFTY-I.NFO,09/09/2024,09:30:51,50656.45,50650.25,120,50658.45,15,165,2529030
BANKNIFTY-I.NFO,09/09/2024,09:30:53,50651.85,50650.35,120,50660.15,15,120,2529030
BANKNIFTY-I.NFO,09/09/2024,09:30:55,50663.8,50666.35,30,50670,60,855,2529030
BANKNIFTY-I.NFO,09/09/2024,09:30:56,50670,50669.7,15,50678.95,15,75,2529030
BANKNIFTY-I.NFO,09/09/2024,09:30:58,50667.55,50670.8,15,50678.8,15,3420,2529030
BANKNIFTY-I.NFO,09/09/2024,09:31:00,50673.75,50669.15,15,50679.75,15,255,2529030
BANKNIFTY-I.NFO,09/09/2024,09:31:01,50677.2,50667.75,15,50677.9,45,30,2529030
BANKNIFTY-I.NFO,09/09/2024,09:31:03,50674.55,50667.75,15,50675.55,75,90,2529030
BANKNIFTY-I.NFO,09/09/2024,09:31:05,50674.85,50664.9,15,50674.9,15,180,2529030
BANKNIFTY-I.NFO,09/09/2024,09:31:06,50664.8,50658.55,45,50664.85,60,90,2529030
BANKNIFTY-I.NFO,09/09/2024,09:31:08,50660.8,50658.6,30,50664.9,30,105,2529030
BANKNIFTY-I.NFO,09/09/2024,09:31:10,50660.55,50659.8,60,50669.05,15,360,2529030
BANKNIFTY-I.NFO,09/09/2024,09:31:11,50669.95,50661.9,60,50669.9,45,60,2529030
BANKNIFTY-I.NFO,09/09/2024,09:31:13,50661.9,50659.8,45,50661.9,15,165,2529030
BANKNIFTY-I.NFO,09/09/2024,09:31:15,50653.7,50654.65,45,50663.7,60,120,2529030
BANKNIFTY-I.NFO,09/09/2024,09:31:16,50651.75,50654,345,50659.3,60,210,2529030
BANKNIFTY-I.NFO,09/09/2024,09:31:18,50651.75,50656.75,15,50661.95,45,0,2529030
BANKNIFTY-I.NFO,09/09/2024,09:31:19,50656.75,50656.8,30,50661.9,60,15,2529030
BANKNIFTY-I.NFO,09/09/2024,09:31:21,50661.9,50657.45,45,50664.85,15,90,2529030
BANKNIFTY-I.NFO,09/09/2024,09:31:23,50659.25,50660.35,45,50664.85,30,30,2529030
BANKNIFTY-I.NFO,09/09/2024,09:31:24,50660.35,50660.35,15,50664.85,60,15,2529030
BANKNIFTY-I.NFO,09/09/2024,09:31:26,50660.9,50662.05,45,50663.65,30,150,2529030
BANKNIFTY-I.NFO,09/09/2024,09:31:28,50661.85,50660.75,30,50663.7,30,30,2529030
BANKNIFTY-I.NFO,09/09/2024,09:31:29,50665.1,50665.15,75,50673.05,60,270,2529030
BANKNIFTY-I.NFO,09/09/2024,09:31:31,50667.15,50666.9,150,50668.7,15,75,2529030
BANKNIFTY-I.NFO,09/09/2024,09:31:33,50670.55,50669.1,15,50675,510,15,2529030
BANKNIFTY-I.NFO,09/09/2024,09:31:34,50670.75,50673.7,120,50674.95,30,45,2529030
BANKNIFTY-I.NFO,09/09/2024,09:31:36,50673.75,50676.2,150,50679.95,30,540,2529030
BANKNIFTY-I.NFO,09/09/2024,09:31:38,50679.95,50678.05,45,50679.95,30,30,2529030
BANKNIFTY-I.NFO,09/09/2024,09:31:39,50678.05,50676.25,45,50680.55,90,360,2529030
BANKNIFTY-I.NFO,09/09/2024,09:31:41,50676.2,50672.8,150,50679.25,45,270,2529030
BANKNIFTY-I.NFO,09/09/2024,09:31:43,50672.85,50669.05,150,50676.05,45,195,2529030
BANKNIFTY-I.NFO,09/09/2024,09:31:44,50677.85,50671.65,30,50677.9,45,30,2529030
BANKNIFTY-I.NFO,09/09/2024,09:31:46,50678,50676.55,15,50678.05,60,180,2529030
BANKNIFTY-I.NFO,09/09/2024,09:31:48,50690,50685.25,150,50690,30,405,2529030
BANKNIFTY-I.NFO,09/09/2024,09:31:49,50689.9,50685.45,30,50689.95,30,75,2529030
BANKNIFTY-I.NFO,09/09/2024,09:31:51,50692.45,50686.95,15,50692.55,45,450,2529030
BANKNIFTY-I.NFO,09/09/2024,09:31:53,50695.35,50683.25,150,50691.4,30,840,2529030
BANKNIFTY-I.NFO,09/09/2024,09:31:54,50695.35,50682.7,150,50688.9,45,0,2529030
BANKNIFTY-I.NFO,09/09/2024,09:31:56,50682.4,50682.2,150,50689.05,30,30,2529030
BANKNIFTY-I.NFO,09/09/2024,09:31:58,50672.35,50671.15,45,50678.5,45,60,2529030
BANKNIFTY-I.NFO,09/09/2024,09:31:59,50679.05,50672.95,150,50679.25,45,15,2529030
BANKNIFTY-I.NFO,09/09/2024,09:32:01,50675.5,50675.9,30,50683.65,75,735,2529030
BANKNIFTY-I.NFO,09/09/2024,09:32:03,50684,50677.55,30,50684.35,45,45,2529030
BANKNIFTY-I.NFO,09/09/2024,09:32:04,50680.8,50679.4,150,50685.75,60,120,2529030
BANKNIFTY-I.NFO,09/09/2024,09:32:06,50685.65,50683.75,30,50689.75,75,120,2529030
BANKNIFTY-I.NFO,09/09/2024,09:32:08,50689.9,50685.2,30,50690,15,210,2529030
BANKNIFTY-I.NFO,09/09/2024,09:32:09,50685.2,50685.2,30,50685.6,30,135,2529030
BANKNIFTY-I.NFO,09/09/2024,09:32:11,50685.65,50685.25,45,50690.95,30,90,2529030
BANKNIFTY-I.NFO,09/09/2024,09:32:13,50685.25,50678.5,15,50686,30,240,2529030
BANKNIFTY-I.NFO,09/09/2024,09:32:14,50678.65,50679.15,15,50686.65,45,780,2529030
BANKNIFTY-I.NFO,09/09/2024,09:32:16,50680.9,50681.3,15,50685.25,15,75,2529030
BANKNIFTY-I.NFO,09/09/2024,09:32:18,50690,50689.9,15,50693.85,45,60,2529030
BANKNIFTY-I.NFO,09/09/2024,09:32:19,50687.25,50681.15,15,50687.85,45,870,2529030
BANKNIFTY-I.NFO,09/09/2024,09:32:21,50681.6,50682.85,15,50687.55,45,75,2529030
BANKNIFTY-I.NFO,09/09/2024,09:32:23,50687.55,50683.7,15,50687.85,45,30,2529030
BANKNIFTY-I.NFO,09/09/2024,09:32:25,50691.1,50683.7,105,50692.55,30,180,2529030
BANKNIFTY-I.NFO,09/09/2024,09:32:26,50680,50678.5,15,50686.7,45,210,2529030
BANKNIFTY-I.NFO,09/09/2024,09:32:28,50683.75,50678.5,60,50683.7,15,30,2529030
BANKNIFTY-I.NFO,09/09/2024,09:32:30,50683.75,50678.55,15,50680.9,45,0,2529030
BANKNIFTY-I.NFO,09/09/2024,09:32:31,50693,50679.4,15,50687.9,45,285,2529030
BANKNIFTY-I.NFO,09/09/2024,09:32:33,50679.45,50679.45,15,50685.45,30,90,2529030
BANKNIFTY-I.NFO,09/09/2024,09:32:35,50685.45,50679.45,105,50685.45,15,15,2529030
BANKNIFTY-I.NFO,09/09/2024,09:32:36,50679.45,50679.5,45,50685.45,60,195,2529030
BANKNIFTY-I.NFO,09/09/2024,09:32:38,50679.5,50682.85,15,50685.45,45,120,2529030
BANKNIFTY-I.NFO,09/09/2024,09:32:40,50689,50689,15,50690,15,135,2529030
BANKNIFTY-I.NFO,09/09/2024,09:32:41,50689,50689,135,50696.3,15,105,2529030
BANKNIFTY-I.NFO,09/09/2024,09:32:43,50689.05,50689.05,75,50696.15,15,60,2529030
BANKNIFTY-I.NFO,09/09/2024,09:32:45,50690,50686.5,15,50690,30,165,2529030
BANKNIFTY-I.NFO,09/09/2024,09:32:46,50685,50685.15,15,50689.05,15,945,2529030
BANKNIFTY-I.NFO,09/09/2024,09:32:48,50689.35,50682.45,15,50689.4,45,60,2529030
BANKNIFTY-I.NFO,09/09/2024,09:32:50,50685.9,50685,15,50690,15,45,2529030
BANKNIFTY-I.NFO,09/09/2024,09:32:51,50690.3,50692.05,30,50698,60,165,2529030
BANKNIFTY-I.NFO,09/09/2024,09:32:53,50698,50692.65,30,50698,15,150,2529030
BANKNIFTY-I.NFO,09/09/2024,09:32:55,50700,50700.9,15,50708.1,45,1125,2529030
BANKNIFTY-I.NFO,09/09/2024,09:32:56,50710,50711.4,15,50713.9,45,435,2529030
BANKNIFTY-I.NFO,09/09/2024,09:32:58,50718,50714.8,30,50718,15,465,2529030
BANKNIFTY-I.NFO,09/09/2024,09:33:00,50720,50714.85,30,50720,45,120,2529030
BANKNIFTY-I.NFO,09/09/2024,09:33:01,50719.4,50710.95,30,50719.4,30,270,2529030
BANKNIFTY-I.NFO,09/09/2024,09:33:03,50717.5,50707.4,150,50711.05,15,285,2529030
BANKNIFTY-I.NFO,09/09/2024,09:33:05,50716.3,50706.2,75,50716.3,60,120,2529030
BANKNIFTY-I.NFO,09/09/2024,09:33:06,50702.1,50701.8,45,50710.35,75,60,2529030
BANKNIFTY-I.NFO,09/09/2024,09:33:08,50713.85,50704.85,150,50713.5,45,135,2529030
BANKNIFTY-I.NFO,09/09/2024,09:33:10,50704.9,50704.85,30,50713.25,45,30,2529030
BANKNIFTY-I.NFO,09/09/2024,09:33:11,50702.85,50701.25,15,50704.9,15,105,2529030
BANKNIFTY-I.NFO,09/09/2024,09:33:13,50718.55,50709.75,75,50718.75,15,300,2529030
BANKNIFTY-I.NFO,09/09/2024,09:33:15,50710.3,50711.05,75,50718.85,300,75,2529030
BANKNIFTY-I.NFO,09/09/2024,09:33:16,50711.05,50712.35,75,50720,90,30,2529030
BANKNIFTY-I.NFO,09/09/2024,09:33:18,50711.05,50710.3,30,50715,15,30,2529030
BANKNIFTY-I.NFO,09/09/2024,09:33:20,50710.3,50710.3,30,50715.25,30,165,2529030
BANKNIFTY-I.NFO,09/09/2024,09:33:21,50714,50704.75,120,50713.7,45,330,2529030
BANKNIFTY-I.NFO,09/09/2024,09:33:23,50717.25,50706.3,15,50715.65,45,30,2529030
BANKNIFTY-I.NFO,09/09/2024,09:33:25,50713.6,50706.35,30,50713.55,15,15,2529030
BANKNIFTY-I.NFO,09/09/2024,09:33:26,50715,50708.95,15,50718.9,30,105,2528775
BANKNIFTY-I.NFO,09/09/2024,09:33:28,50710.25,50710,135,50719.5,300,90,2528775
BANKNIFTY-I.NFO,09/09/2024,09:33:30,50710.8,50714.95,75,50719.95,75,30,2528775
BANKNIFTY-I.NFO,09/09/2024,09:33:31,50714.95,50712.25,105,50719.95,75,75,2528775
BANKNIFTY-I.NFO,09/09/2024,09:33:33,50720,50718.1,150,50720,135,375,2528775
BANKNIFTY-I.NFO,09/09/2024,09:33:35,50718.9,50718.1,45,50720,90,135,2528775
BANKNIFTY-I.NFO,09/09/2024,09:33:36,50729.6,50725.4,60,50729.6,3405,1530,2528775
BANKNIFTY-I.NFO,09/09/2024,09:33:38,50733,50735.1,150,50738,600,645,2528775
BANKNIFTY-I.NFO,09/09/2024,09:33:40,50736.8,50736.8,135,50738,585,45,2528775
BANKNIFTY-I.NFO,09/09/2024,09:33:41,50744.95,50744.85,60,50744.95,165,1065,2528775
BANKNIFTY-I.NFO,09/09/2024,09:33:43,50750,50746.05,45,50750,1935,1695,2528775
BANKNIFTY-I.NFO,09/09/2024,09:33:45,50755.2,50750,5010,50755.2,15,4665,2528775
BANKNIFTY-I.NFO,09/09/2024,09:33:46,50758,50758,75,50760,210,345,2528775
BANKNIFTY-I.NFO,09/09/2024,09:33:48,50758,50758,60,50760,45,285,2528775
BANKNIFTY-I.NFO,09/09/2024,09:33:50,50768.25,50762.85,15,50772,30,8025,2528775
BANKNIFTY-I.NFO,09/09/2024,09:33:50,50777.85,50762.85,15,50772,30,0,2528775
BANKNIFTY-I.NFO,09/09/2024,09:33:51,50765.55,50765,5025,50770,120,405,2528775
BANKNIFTY-I.NFO,09/09/2024,09:33:53,50777.6,50767.95,60,50777.8,30,570,2528775
BANKNIFTY-I.NFO,09/09/2024,09:33:55,50778.45,50769.9,15,50778.45,15,5250,2528775
BANKNIFTY-I.NFO,09/09/2024,09:33:55,50780.05,50769.9,15,50778.45,15,0,2528775
BANKNIFTY-I.NFO,09/09/2024,09:33:56,50767.9,50765,15,50772.7,15,750,2528775
BANKNIFTY-I.NFO,09/09/2024,09:33:58,50763,50762.05,30,50772.3,15,300,2528775
BANKNIFTY-I.NFO,09/09/2024,09:34:00,50765.6,50763.3,30,50772.6,15,240,2528775
BANKNIFTY-I.NFO,09/09/2024,09:34:01,50752.75,50751.95,30,50762.95,15,540,2528775
BANKNIFTY-I.NFO,09/09/2024,09:34:03,50763.3,50756.95,15,50766.4,15,1185,2528775
BANKNIFTY-I.NFO,09/09/2024,09:34:05,50766.6,50758.55,30,50766.7,15,1260,2528775
BANKNIFTY-I.NFO,09/09/2024,09:34:06,50766.05,50766.85,30,50775,225,225,2528775
BANKNIFTY-I.NFO,09/09/2024,09:34:08,50768.9,50768.85,30,50777.7,15,375,2528775
BANKNIFTY-I.NFO,09/09/2024,09:34:10,50774.95,50768.85,75,50774.95,15,735,2528775
BANKNIFTY-I.NFO,09/09/2024,09:34:11,50776.5,50770.05,15,50777,45,405,2528775
BANKNIFTY-I.NFO,09/09/2024,09:34:13,50770,50771.3,15,50777,45,60,2528775
BANKNIFTY-I.NFO,09/09/2024,09:34:15,50777,50771.3,45,50778.45,45,180,2528775
BANKNIFTY-I.NFO,09/09/2024,09:34:16,50773.05,50766.75,30,50773.05,15,645,2528775
BANKNIFTY-I.NFO,09/09/2024,09:34:18,50767.05,50766.95,15,50776.85,15,255,2528775
BANKNIFTY-I.NFO,09/09/2024,09:34:20,50770,50768.2,15,50771.3,150,1020,2528775
BANKNIFTY-I.NFO,09/09/2024,09:34:21,50761.6,50760.15,120,50768.7,15,435,2528775
BANKNIFTY-I.NFO,09/09/2024,09:34:23,50768.2,50760.2,30,50767.05,15,330,2528775
BANKNIFTY-I.NFO,09/09/2024,09:34:25,50765.25,50757,30,50766.3,15,165,2528775
BANKNIFTY-I.NFO,09/09/2024,09:34:27,50766.15,50757.9,15,50767.35,45,495,2528775
BANKNIFTY-I.NFO,09/09/2024,09:34:28,50767.35,50759.8,30,50766.25,60,150,2528775
BANKNIFTY-I.NFO,09/09/2024,09:34:30,50766.3,50759.8,15,50766.15,600,195,2528775
BANKNIFTY-I.NFO,09/09/2024,09:34:32,50759.8,50755,15,50760.95,15,1470,2528775
BANKNIFTY-I.NFO,09/09/2024,09:34:33,50760.1,50763.45,15,50766.15,150,135,2528775
BANKNIFTY-I.NFO,09/09/2024,09:34:35,50766,50766.4,60,50770,15,315,2528775
BANKNIFTY-I.NFO,09/09/2024,09:34:37,50771.2,50771.7,15,50777,45,255,2528775
BANKNIFTY-I.NFO,09/09/2024,09:34:38,50773.5,50766.3,60,50773.55,60,285,2528775
BANKNIFTY-I.NFO,09/09/2024,09:34:40,50775.65,50770,120,50776.6,15,225,2528775
BANKNIFTY-I.NFO,09/09/2024,09:34:42,50770,50770.05,15,50771.7,45,60,2528775
BANKNIFTY-I.NFO,09/09/2024,09:34:43,50770.05,50770.05,30,50771,15,180,2528775
BANKNIFTY-I.NFO,09/09/2024,09:34:45,50772.25,50777,45,50779.95,15,1005,2528775
BANKNIFTY-I.NFO,09/09/2024,09:34:47,50782.75,50782.75,75,50786,240,225,2528775
BANKNIFTY-I.NFO,09/09/2024,09:34:47,50786,50782.75,75,50786,240,0,2528775
BANKNIFTY-I.NFO,09/09/2024,09:34:48,50783.1,50775,75,50783.2,15,555,2528775
BANKNIFTY-I.NFO,09/09/2024,09:34:50,50780,50775.9,15,50780,60,120,2528775
BANKNIFTY-I.NFO,09/09/2024,09:34:52,50780,50775.95,105,50779.95,15,60,2528775
BANKNIFTY-I.NFO,09/09/2024,09:34:53,50776.05,50776,45,50779,90,705,2528775
BANKNIFTY-I.NFO,09/09/2024,09:34:55,50786,50780.1,30,50786,225,225,2528775
BANKNIFTY-I.NFO,09/09/2024,09:34:57,50780.7,50780.7,15,50783,15,60,2528775
BANKNIFTY-I.NFO,09/09/2024,09:34:58,50792,50790.75,30,50792,60,855,2528775
BANKNIFTY-I.NFO,09/09/2024,09:34:58,50792,50790.75,30,50792,60,0,2528775
BANKNIFTY-I.NFO,09/09/2024,09:35:00,50806.6,50795.95,75,50806.6,15,6585,2528775
BANKNIFTY-I.NFO,09/09/2024,09:35:00,50817.5,50795.95,75,50806.6,15,0,2528775
BANKNIFTY-I.NFO,09/09/2024,09:35:02,50806.75,50800.65,90,50806.75,15,180,2528775
BANKNIFTY-I.NFO,09/09/2024,09:35:03,50804.45,50800,90,50804.25,75,870,2528775
BANKNIFTY-I.NFO,09/09/2024,09:35:05,50794.6,50791.45,105,50799.65,15,1920,2528775
BANKNIFTY-I.NFO,09/09/2024,09:35:07,50784.9,50785.85,60,50794.05,75,1035,2528775
BANKNIFTY-I.NFO,09/09/2024,09:35:08,50786.2,50783.35,60,50786.2,45,645,2528775
BANKNIFTY-I.NFO,09/09/2024,09:35:10,50791.5,50783.2,15,50791.1,15,360,2528775
BANKNIFTY-I.NFO,09/09/2024,09:35:12,50789.05,50782.65,60,50789.25,15,105,2528775
BANKNIFTY-I.NFO,09/09/2024,09:35:13,50784.95,50784.85,15,50791.9,75,1005,2528775
BANKNIFTY-I.NFO,09/09/2024,09:35:15,50787,50784.85,45,50786.95,15,195,2528775
BANKNIFTY-I.NFO,09/09/2024,09:35:17,50778.8,50774.65,15,50783.6,15,540,2528775
BANKNIFTY-I.NFO,09/09/2024,09:35:18,50782.1,50772.65,60,50782,15,465,2528775
BANKNIFTY-I.NFO,09/09/2024,09:35:20,50773.4,50772.9,45,50782.5,15,465,2528775
BANKNIFTY-I.NFO,09/09/2024,09:35:21,50784.85,50780.05,30,50784,15,180,2528775
BANKNIFTY-I.NFO,09/09/2024,09:35:23,50770,50762.95,60,50769.9,30,1335,2528775
BANKNIFTY-I.NFO,09/09/2024,09:35:25,50763.75,50763,30,50769.2,30,165,2528775
BANKNIFTY-I.NFO,09/09/2024,09:35:26,50769.2,50761,15,50767.7,15,60,2528775
BANKNIFTY-I.NFO,09/09/2024,09:35:28,50760.35,50757.55,15,50765.85,45,330,2528775
BANKNIFTY-I.NFO,09/09/2024,09:35:30,50757.95,50758,15,50765.25,45,90,2528775
BANKNIFTY-I.NFO,09/09/2024,09:35:31,50763.15,50757.6,15,50763,45,75,2528775
BANKNIFTY-I.NFO,09/09/2024,09:35:33,50760,50758.25,30,50766.45,45,885,2528775
BANKNIFTY-I.NFO,09/09/2024,09:35:35,50762.25,50760.25,30,50765.8,75,225,2528775
BANKNIFTY-I.NFO,09/09/2024,09:35:36,50769.9,50760.3,30,50770,30,165,2528775
BANKNIFTY-I.NFO,09/09/2024,09:35:38,50763.05,50760.3,75,50764.1,150,180,2528775
BANKNIFTY-I.NFO,09/09/2024,09:35:40,50756.7,50756.8,45,50760,45,735,2528775
BANKNIFTY-I.NFO,09/09/2024,09:35:41,50765.15,50758.7,15,50765.8,210,345,2528775
BANKNIFTY-I.NFO,09/09/2024,09:35:43,50756.7,50756.7,45,50765.8,120,195,2528775
BANKNIFTY-I.NFO,09/09/2024,09:35:45,50756.7,50756.7,60,50762.1,135,75,2528775
BANKNIFTY-I.NFO,09/09/2024,09:35:46,50760,50760,510,50763.55,30,30,2528775
BANKNIFTY-I.NFO,09/09/2024,09:35:48,50760,50760.1,30,50765.75,30,0,2528775
BANKNIFTY-I.NFO,09/09/2024,09:35:50,50765.75,50760.1,90,50765.75,15,45,2528775
BANKNIFTY-I.NFO,09/09/2024,09:35:51,50765.8,50764.95,15,50768.5,15,765,2528775
BANKNIFTY-I.NFO,09/09/2024,09:35:53,50765.95,50768.5,15,50769.9,15,75,2528775
BANKNIFTY-I.NFO,09/09/2024,09:35:55,50769.9,50768.5,105,50772,75,15,2528775
BANKNIFTY-I.NFO,09/09/2024,09:35:56,50770,50768.5,60,50770.95,60,90,2528775
BANKNIFTY-I.NFO,09/09/2024,09:35:58,50770.95,50768.5,15,50771.95,30,90,2528775
BANKNIFTY-I.NFO,09/09/2024,09:36:00,50760.15,50760.1,30,50764.05,60,255,2528775
BANKNIFTY-I.NFO,09/09/2024,09:36:01,50763.45,50754.85,15,50762.55,120,1035,2528775
BANKNIFTY-I.NFO,09/09/2024,09:36:03,50760,50754.85,45,50759.55,15,45,2528775
BANKNIFTY-I.NFO,09/09/2024,09:36:05,50750.35,50750.3,15,50753.1,45,120,2528775
BANKNIFTY-I.NFO,09/09/2024,09:36:06,50756.1,50750.25,30,50755.8,45,60,2528775
BANKNIFTY-I.NFO,09/09/2024,09:36:08,50750,50750,30,50751.45,15,345,2528775
BANKNIFTY-I.NFO,09/09/2024,09:36:10,50750,50752.05,30,50757.3,15,240,2528775
BANKNIFTY-I.NFO,09/09/2024,09:36:11,50758.65,50751.65,75,50757.85,75,360,2528775
BANKNIFTY-I.NFO,09/09/2024,09:36:13,50749.55,50749.8,15,50750.8,75,150,2528775
BANKNIFTY-I.NFO,09/09/2024,09:36:15,50753,50752.95,30,50753.6,75,345,2528775
BANKNIFTY-I.NFO,09/09/2024,09:36:16,50751.2,50751.2,15,50753.15,30,240,2528775
BANKNIFTY-I.NFO,09/09/2024,09:36:18,50759.95,50757.45,15,50759.95,30,210,2528775
BANKNIFTY-I.NFO,09/09/2024,09:36:20,50760,50759.35,450,50764.95,45,210,2528775
BANKNIFTY-I.NFO,09/09/2024,09:36:21,50770.9,50766.45,150,50770.95,150,75,2528775
BANKNIFTY-I.NFO,09/09/2024,09:36:23,50770.95,50768.35,135,50770.95,120,75,2528775
BANKNIFTY-I.NFO,09/09/2024,09:36:25,50770.95,50768.95,15,50771.65,15,150,2528775
BANKNIFTY-I.NFO,09/09/2024,09:36:26,50770.85,50769,15,50770.85,15,45,2529660
BANKNIFTY-I.NFO,09/09/2024,09:36:28,50769,50769,15,50770.9,15,60,2529660
BANKNIFTY-I.NFO,09/09/2024,09:36:30,50775,50772.55,15,50775,105,495,2529660
BANKNIFTY-I.NFO,09/09/2024,09:36:31,50778.7,50772.55,60,50778.65,15,195,2529660
BANKNIFTY-I.NFO,09/09/2024,09:36:33,50780,50776.9,135,50780,45,90,2529660
BANKNIFTY-I.NFO,09/09/2024,09:36:35,50770,50768.95,90,50774.3,15,225,2529660
BANKNIFTY-I.NFO,09/09/2024,09:36:36,50774.1,50770.25,30,50774.1,15,45,2529660
BANKNIFTY-I.NFO,09/09/2024,09:36:38,50778.4,50772.7,15,50779.65,45,150,2529660
BANKNIFTY-I.NFO,09/09/2024,09:36:40,50779.75,50772.75,90,50779.75,75,225,2529660
BANKNIFTY-I.NFO,09/09/2024,09:36:41,50780,50777.45,135,50781.95,30,60,2529660
BANKNIFTY-I.NFO,09/09/2024,09:36:43,50780.6,50780.65,15,50784.95,30,150,2529660
BANKNIFTY-I.NFO,09/09/2024,09:36:45,50785,50783.1,75,50785,870,135,2529660
BANKNIFTY-I.NFO,09/09/2024,09:36:46,50787.8,50787.85,150,50792,285,1140,2529660
BANKNIFTY-I.NFO,09/09/2024,09:36:48,50791,50787.85,15,50791,15,270,2529660
BANKNIFTY-I.NFO,09/09/2024,09:36:50,50787.85,50787.85,90,50791.95,30,75,2529660
BANKNIFTY-I.NFO,09/09/2024,09:36:51,50797.95,50793.35,150,50797.95,15,390,2529660
BANKNIFTY-I.NFO,09/09/2024,09:36:53,50800,50798,30,50800,285,555,2529660
BANKNIFTY-I.NFO,09/09/2024,09:36:55,50810.25,50809.65,15,50810.25,3120,765,2529660
BANKNIFTY-I.NFO,09/09/2024,09:36:56,50812.9,50811.9,150,50813.95,15,255,2529660
BANKNIFTY-I.NFO,09/09/2024,09:36:56,50817.9,50811.9,150,50813.95,15,0,2529660
BANKNIFTY-I.NFO,09/09/2024,09:36:58,50818,50812.25,15,50819.35,75,615,2529660
BANKNIFTY-I.NFO,09/09/2024,09:36:58,50820,50812.25,15,50819.35,75,0,2529660
BANKNIFTY-I.NFO,09/09/2024,09:37:01,50809.8,50803.95,165,50810.6,15,600,2529660
BANKNIFTY-I.NFO,09/09/2024,09:37:03,50803.65,50801.15,15,50809.15,15,840,2529660
BANKNIFTY-I.NFO,09/09/2024,09:37:05,50805,50805.1,60,50814.95,15,405,2529660
BANKNIFTY-I.NFO,09/09/2024,09:37:06,50820,50817.15,15,50820,315,345,2529660
BANKNIFTY-I.NFO,09/09/2024,09:37:08,50820,50816.65,150,50820,255,495,2529660
BANKNIFTY-I.NFO,09/09/2024,09:37:10,50805.05,50810.65,15,50813.1,15,330,2529660
BANKNIFTY-I.NFO,09/09/2024,09:37:11,50819.95,50814.65,15,50819.85,60,225,2529660
BANKNIFTY-I.NFO,09/09/2024,09:37:13,50819.9,50814.65,60,50820,240,120,2529660
BANKNIFTY-I.NFO,09/09/2024,09:37:15,50818.8,50814.65,45,50818.85,45,180,2529660
BANKNIFTY-I.NFO,09/09/2024,09:37:16,50820,50814.7,15,50819.65,15,75,2529660
BANKNIFTY-I.NFO,09/09/2024,09:37:18,50810,50814.7,15,50818.45,30,165,2529660
BANKNIFTY-I.NFO,09/09/2024,09:37:20,50820,50815.55,15,50820,195,180,2529660
BANKNIFTY-I.NFO,09/09/2024,09:37:21,50817.95,50815.55,30,50817.95,15,900,2529660
BANKNIFTY-I.NFO,09/09/2024,09:37:21,50823.65,50815.55,30,50817.95,15,0,2529660
BANKNIFTY-I.NFO,09/09/2024,09:37:23,50824.95,50820,60,50824.9,15,135,2529660
BANKNIFTY-I.NFO,09/09/2024,09:37:23,50824.95,50820,60,50824.9,15,0,2529660
BANKNIFTY-I.NFO,09/09/2024,09:37:25,50824.95,50824.95,255,50829.9,45,1185,2529660
BANKNIFTY-I.NFO,09/09/2024,09:37:25,50830,50824.95,255,50829.9,45,0,2529660
BANKNIFTY-I.NFO,09/09/2024,09:37:26,50828.05,50825,45,50828.05,75,495,2529660
BANKNIFTY-I.NFO,09/09/2024,09:37:28,50825.75,50820,105,50825,15,585,2529660
BANKNIFTY-I.NFO,09/09/2024,09:37:30,50824.9,50820.05,15,50826.9,45,1320,2529660
BANKNIFTY-I.NFO,09/09/2024,09:37:31,50829.35,50821.1,15,50829.4,15,420,2529660
BANKNIFTY-I.NFO,09/09/2024,09:37:33,50818.45,50819.15,60,50824.95,150,495,2529660
BANKNIFTY-I.NFO,09/09/2024,09:37:35,50829.9,50825.3,60,50829.9,165,345,2529660
BANKNIFTY-I.NFO,09/09/2024,09:37:36,50834,50829.4,840,50833.3,15,600,2529660
BANKNIFTY-I.NFO,09/09/2024,09:37:36,50834,50829.4,840,50833.3,15,0,2529660
BANKNIFTY-I.NFO,09/09/2024,09:37:38,50833.9,50829.45,45,50833.95,15,120,2529660
BANKNIFTY-I.NFO,09/09/2024,09:37:40,50824.95,50821.05,15,50825.8,75,1335,2529660
BANKNIFTY-I.NFO,09/09/2024,09:37:41,50820,50817.1,15,50823.6,105,585,2529660
BANKNIFTY-I.NFO,09/09/2024,09:37:43,50825.65,50820,15,50824.75,60,300,2529660
BANKNIFTY-I.NFO,09/09/2024,09:37:45,50817.9,50816.65,45,50817.95,45,210,2529660
BANKNIFTY-I.NFO,09/09/2024,09:37:46,50817.85,50811.2,15,50811.8,15,525,2529660
BANKNIFTY-I.NFO,09/09/2024,09:37:48,50809,50809,30,50811,105,435,2529660
BANKNIFTY-I.NFO,09/09/2024,09:37:50,50806.4,50805.5,90,50811.2,45,330,2529660
BANKNIFTY-I.NFO,09/09/2024,09:37:51,50805.15,50803,30,50807.15,30,465,2529660
BANKNIFTY-I.NFO,09/09/2024,09:37:53,50803.95,50803,15,50805,75,420,2529660
BANKNIFTY-I.NFO,09/09/2024,09:37:55,50805.55,50802.35,15,50805.55,30,390,2529660
BANKNIFTY-I.NFO,09/09/2024,09:37:56,50803,50798.45,30,50802.95,15,735,2529660
BANKNIFTY-I.NFO,09/09/2024,09:37:58,50799.8,50800.25,15,50805,45,555,2529660
BANKNIFTY-I.NFO,09/09/2024,09:38:00,50804.55,50803.55,75,50811.1,120,195,2529660
BANKNIFTY-I.NFO,09/09/2024,09:38:01,50805.95,50806,30,50809.7,45,165,2529660
BANKNIFTY-I.NFO,09/09/2024,09:38:03,50798.95,50799,30,50804.8,150,435,2529660
BANKNIFTY-I.NFO,09/09/2024,09:38:05,50799.85,50800,15,50803,30,330,2529660
BANKNIFTY-I.NFO,09/09/2024,09:38:06,50791,50792.7,75,50799.4,15,930,2529660
BANKNIFTY-I.NFO,09/09/2024,09:38:08,50797.75,50800.6,60,50804,300,150,2529660
BANKNIFTY-I.NFO,09/09/2024,09:38:10,50800.35,50799.05,75,50807.35,75,1395,2529660
BANKNIFTY-I.NFO,09/09/2024,09:38:11,50808.95,50801.7,90,50809,30,210,2529660
BANKNIFTY-I.NFO,09/09/2024,09:38:13,50811.15,50807.5,75,50814.6,60,480,2529660
BANKNIFTY-I.NFO,09/09/2024,09:38:15,50824.9,50818.2,15,50824.9,30,315,2529660
BANKNIFTY-I.NFO,09/09/2024,09:38:16,50819.9,50818.25,15,50819.95,45,600,2529660
BANKNIFTY-I.NFO,09/09/2024,09:38:18,50824.95,50819.9,30,50824.95,30,105,2529660
BANKNIFTY-I.NFO,09/09/2024,09:38:20,50825.65,50821,450,50824,60,540,2529660
BANKNIFTY-I.NFO,09/09/2024,09:38:21,50825,50825,15,50829,435,345,2529660
BANKNIFTY-I.NFO,09/09/2024,09:38:23,50825.5,50825.45,60,50832.7,75,585,2529660
BANKNIFTY-I.NFO,09/09/2024,09:38:25,50833.95,50829.55,450,50833.85,45,420,2529660
BANKNIFTY-I.NFO,09/09/2024,09:38:26,50834.55,50829.6,15,50832.45,45,870,2529660
BANKNIFTY-I.NFO,09/09/2024,09:38:26,50836.4,50829.6,15,50832.45,45,0,2529660
BANKNIFTY-I.NFO,09/09/2024,09:38:28,50835.4,50829.7,15,50836.85,30,450,2529660
BANKNIFTY-I.NFO,09/09/2024,09:38:28,50838.75,50829.7,15,50836.85,30,0,2529660
BANKNIFTY-I.NFO,09/09/2024,09:38:30,50830,50829.7,45,50836.4,15,555,2529660
BANKNIFTY-I.NFO,09/09/2024,09:38:30,50839,50829.7,45,50836.4,15,0,2529660
BANKNIFTY-I.NFO,09/09/2024,09:38:31,50839.9,50831.25,15,50840,270,105,2529660
BANKNIFTY-I.NFO,09/09/2024,09:38:31,50839.9,50831.25,15,50840,270,0,2529660
BANKNIFTY-I.NFO,09/09/2024,09:38:33,50839.75,50833.15,45,50842.75,15,510,2529660
BANKNIFTY-I.NFO,09/09/2024,09:38:33,50841.5,50833.15,45,50842.75,15,0,2529660
BANKNIFTY-I.NFO,09/09/2024,09:38:35,50836.2,50836.5,30,50844,195,345,2529660
BANKNIFTY-I.NFO,09/09/2024,09:38:35,50844,50836.5,30,50844,195,0,2529660
BANKNIFTY-I.NFO,09/09/2024,09:38:36,50844,50836.85,30,50847,30,555,2529660
BANKNIFTY-I.NFO,09/09/2024,09:38:36,50847,50836.85,30,50847,30,0,2529660
BANKNIFTY-I.NFO,09/09/2024,09:38:38,50842.15,50842.6,15,50850,1845,570,2529660
BANKNIFTY-I.NFO,09/09/2024,09:38:38,50850,50842.6,15,50850,1845,0,2529660
BANKNIFTY-I.NFO,09/09/2024,09:38:40,50849.65,50842.75,15,50849.95,45,1995,2529660
BANKNIFTY-I.NFO,09/09/2024,09:38:40,50851.75,50842.75,15,50849.95,45,0,2529660
BANKNIFTY-I.NFO,09/09/2024,09:38:41,50842.85,50840.45,120,50840.95,45,1170,2529660
BANKNIFTY-I.NFO,09/09/2024,09:38:43,50837.75,50831.7,15,50837.65,45,2550,2529660
BANKNIFTY-I.NFO,09/09/2024,09:38:43,50852.7,50831.7,15,50837.65,45,0,2529660
BANKNIFTY-I.NFO,09/09/2024,09:38:45,50841.6,50836.45,150,50837.75,15,360,2529660
BANKNIFTY-I.NFO,09/09/2024,09:38:46,50848.25,50841.6,135,50845.95,30,825,2529660
BANKNIFTY-I.NFO,09/09/2024,09:38:48,50841.6,50841.65,15,50843.8,30,690,2529660
BANKNIFTY-I.NFO,09/09/2024,09:38:50,50829.65,50831.7,30,50832.95,60,420,2529660
BANKNIFTY-I.NFO,09/09/2024,09:38:51,50832.8,50831.75,30,50833,15,210,2529660
BANKNIFTY-I.NFO,09/09/2024,09:38:53,50841,50833,15,50841,30,1125,2529660
BANKNIFTY-I.NFO,09/09/2024,09:38:55,50840,50843.15,30,50844.85,15,1455,2529660
BANKNIFTY-I.NFO,09/09/2024,09:38:56,50845.35,50835.85,15,50845.15,75,1065,2529660
BANKNIFTY-I.NFO,09/09/2024,09:38:58,50841,50839.5,15,50849,105,570,2529660
BANKNIFTY-I.NFO,09/09/2024,09:39:00,50850.25,50842.45,15,50848.9,45,525,2529660
BANKNIFTY-I.NFO,09/09/2024,09:39:01,50850,50842.45,30,50849.05,30,450,2529660
BANKNIFTY-I.NFO,09/09/2024,09:39:03,50844.6,50839.9,45,50844.6,30,420,2529660
BANKNIFTY-I.NFO,09/09/2024,09:39:05,50844.45,50844.45,15,50845.85,30,720,2529660
BANKNIFTY-I.NFO,09/09/2024,09:39:06,50858.85,50858.85,165,50861.85,30,4050,2529660
BANKNIFTY-I.NFO,09/09/2024,09:39:06,50866,50858.85,165,50861.85,30,0,2529660
BANKNIFTY-I.NFO,09/09/2024,09:39:08,50860,50855.05,45,50860.05,45,945,2529660
BANKNIFTY-I.NFO,09/09/2024,09:39:10,50859.85,50857.7,30,50859.85,15,465,2529660
BANKNIFTY-I.NFO,09/09/2024,09:39:11,50857.85,50850,15,50857.85,15,225,2529660
BANKNIFTY-I.NFO,09/09/2024,09:39:13,50848.8,50848.8,30,50857.25,15,585,2529660
BANKNIFTY-I.NFO,09/09/2024,09:39:15,50855,50845.6,15,50852.95,75,180,2529660
BANKNIFTY-I.NFO,09/09/2024,09:39:16,50850.65,50850.3,45,50856.3,15,450,2529660
BANKNIFTY-I.NFO,09/09/2024,09:39:18,50850,50850.85,15,50860.2,300,135,2529660
BANKNIFTY-I.NFO,09/09/2024,09:39:19,50850.95,50850.85,15,50850.95,30,1500,2529660
BANKNIFTY-I.NFO,09/09/2024,09:39:21,50854.25,50850,15,50851.95,30,345,2529660
BANKNIFTY-I.NFO,09/09/2024,09:39:23,50850,50850.05,15,50853.9,60,165,2529660
BANKNIFTY-I.NFO,09/09/2024,09:39:24,50852.25,50850.05,30,50854.5,15,690,2529660
BANKNIFTY-I.NFO,09/09/2024,09:39:26,50850.05,50845.55,150,50852.55,60,255,2532255
BANKNIFTY-I.NFO,09/09/2024,09:39:28,50845.55,50845.5,75,50846.95,45,375,2532255
BANKNIFTY-I.NFO,09/09/2024,09:39:29,50850.6,50850,45,50852.25,15,135,2532255
BANKNIFTY-I.NFO,09/09/2024,09:39:31,50851,50850.15,15,50851,60,120,2532255
BANKNIFTY-I.NFO,09/09/2024,09:39:33,50850.15,50850.15,15,50856,105,210,2532255
BANKNIFTY-I.NFO,09/09/2024,09:39:34,50850.15,50850.15,15,50856.95,45,345,2532255
BANKNIFTY-I.NFO,09/09/2024,09:39:36,50845.55,50847.65,45,50854.45,75,300,2532255
BANKNIFTY-I.NFO,09/09/2024,09:39:38,50845.75,50847.65,15,50849.95,75,120,2532255
BANKNIFTY-I.NFO,09/09/2024,09:39:39,50846.9,50845.55,15,50850,330,210,2532255
BANKNIFTY-I.NFO,09/09/2024,09:39:41,50856.15,50846.7,15,50854.85,75,555,2532255
BANKNIFTY-I.NFO,09/09/2024,09:39:43,50850,50845.5,45,50850,15,345,2532255
BANKNIFTY-I.NFO,09/09/2024,09:39:44,50850,50850,210,50854.6,45,390,2532255
BANKNIFTY-I.NFO,09/09/2024,09:39:46,50851,50850,75,50857.75,15,1170,2532255
BANKNIFTY-I.NFO,09/09/2024,09:39:48,50853,50853.4,45,50859.95,60,75,2532255
BANKNIFTY-I.NFO,09/09/2024,09:39:49,50852.85,50851.65,45,50859.95,45,90,2532255
BANKNIFTY-I.NFO,09/09/2024,09:39:51,50867.05,50863.3,30,50869.85,15,3900,2532255
BANKNIFTY-I.NFO,09/09/2024,09:39:51,50869.85,50863.3,30,50869.85,15,0,2532255
BANKNIFTY-I.NFO,09/09/2024,09:39:53,50862.2,50863.35,15,50866.95,30,435,2532255
BANKNIFTY-I.NFO,09/09/2024,09:39:53,50869.9,50863.35,15,50866.95,30,0,2532255
BANKNIFTY-I.NFO,09/09/2024,09:39:54,50863.9,50865.55,45,50870,225,105,2532255
BANKNIFTY-I.NFO,09/09/2024,09:39:54,50869.95,50865.55,45,50870,225,0,2532255
BANKNIFTY-I.NFO,09/09/2024,09:39:56,50874.9,50867.05,60,50875,615,645,2532255
BANKNIFTY-I.NFO,09/09/2024,09:39:56,50874.9,50867.05,60,50875,615,0,2532255
BANKNIFTY-I.NFO,09/09/2024,09:39:58,50870,50867.1,60,50874.1,45,810,2532255
BANKNIFTY-I.NFO,09/09/2024,09:39:58,50875,50867.1,60,50874.1,45,0,2532255
BANKNIFTY-I.NFO,09/09/2024,09:39:59,50873.15,50867.1,75,50872.8,15,270,2532255
BANKNIFTY-I.NFO,09/09/2024,09:40:01,50864.85,50858,15,50869.05,30,660,2532255
BANKNIFTY-I.NFO,09/09/2024,09:40:03,50869.7,50865.35,135,50868.85,15,285,2532255
BANKNIFTY-I.NFO,09/09/2024,09:40:04,50857.8,50857.8,30,50865.35,15,540,2532255
BANKNIFTY-I.NFO,09/09/2024,09:40:06,50857.8,50857.75,840,50857.8,75,450,2532255
BANKNIFTY-I.NFO,09/09/2024,09:40:08,50857.8,50857.8,30,50859,45,105,2532255
BANKNIFTY-I.NFO,09/09/2024,09:40:09,50856,50850.05,15,50853.45,15,1035,2532255
BANKNIFTY-I.NFO,09/09/2024,09:40:11,50855.65,50850.05,15,50855.05,15,75,2532255
BANKNIFTY-I.NFO,09/09/2024,09:40:13,50850.15,50850.15,15,50855.2,15,165,2532255
BANKNIFTY-I.NFO,09/09/2024,09:40:14,50864.35,50851.2,60,50858.2,15,510,2532255
BANKNIFTY-I.NFO,09/09/2024,09:40:16,50851.25,50851.35,15,50854.2,30,120,2532255
BANKNIFTY-I.NFO,09/09/2024,09:40:18,50852.8,50852.65,30,50856.55,15,90,2532255
BANKNIFTY-I.NFO,09/09/2024,09:40:19,50858.8,50857.1,15,50860,15,465,2532255
BANKNIFTY-I.NFO,09/09/2024,09:40:21,50863.85,50857.1,30,50864,75,195,2532255
BANKNIFTY-I.NFO,09/09/2024,09:40:23,50854,50851.2,15,50856.95,15,180,2532255
BANKNIFTY-I.NFO,09/09/2024,09:40:24,50851.05,50850,75,50851.2,15,75,2532255
BANKNIFTY-I.NFO,09/09/2024,09:40:26,50850.5,50845,15,50850.55,15,195,2532255
BANKNIFTY-I.NFO,09/09/2024,09:40:28,50848.45,50840.55,15,50846.25,60,60,2532255
BANKNIFTY-I.NFO,09/09/2024,09:40:29,50846.75,50842,15,50846.7,30,135,2532255
BANKNIFTY-I.NFO,09/09/2024,09:40:31,50840.55,50842.4,15,50850,90,285,2532255
BANKNIFTY-I.NFO,09/09/2024,09:40:33,50839.75,50842.4,30,50848.4,30,345,2532255
BANKNIFTY-I.NFO,09/09/2024,09:40:34,50842.4,50839.95,30,50848.05,60,285,2532255
BANKNIFTY-I.NFO,09/09/2024,09:40:36,50860.5,50848.4,15,50857.05,15,825,2532255
BANKNIFTY-I.NFO,09/09/2024,09:40:38,50860.5,50848.95,75,50858.6,15,0,2532255
BANKNIFTY-I.NFO,09/09/2024,09:40:39,50848.95,50848.95,15,50855.7,15,360,2532255
BANKNIFTY-I.NFO,09/09/2024,09:40:41,50848.4,50848.4,15,50849.8,60,525,2532255
BANKNIFTY-I.NFO,09/09/2024,09:40:43,50846.8,50842,60,50846.8,15,120,2532255
BANKNIFTY-I.NFO,09/09/2024,09:40:44,50833,50833.1,45,50842.15,15,240,2532255
BANKNIFTY-I.NFO,09/09/2024,09:40:46,50833.1,50829.15,15,50839.95,75,135,2532255
BANKNIFTY-I.NFO,09/09/2024,09:40:48,50826.05,50829.2,30,50833.05,15,360,2532255
BANKNIFTY-I.NFO,09/09/2024,09:40:49,50841.25,50836.25,45,50842,15,150,2532255
BANKNIFTY-I.NFO,09/09/2024,09:40:51,50829.15,50831.15,15,50841.1,75,225,2532255
BANKNIFTY-I.NFO,09/09/2024,09:40:53,50839.05,50829.85,15,50839.05,15,210,2532255
BANKNIFTY-I.NFO,09/09/2024,09:40:55,50831.15,50828.45,60,50830,15,90,2532255
BANKNIFTY-I.NFO,09/09/2024,09:40:56,50838.35,50828.95,75,50837.8,45,105,2532255
BANKNIFTY-I.NFO,09/09/2024,09:40:58,50838.65,50831.45,60,50841.5,30,30,2532255
BANKNIFTY-I.NFO,09/09/2024,09:41:00,50839.95,50831.15,30,50840.15,45,60,2532255
BANKNIFTY-I.NFO,09/09/2024,09:41:01,50833.65,50828.4,15,50834.5,150,210,2532255
BANKNIFTY-I.NFO,09/09/2024,09:41:03,50824.65,50824.65,30,50826.05,30,180,2532255
BANKNIFTY-I.NFO,09/09/2024,09:41:05,50831,50823.45,60,50831.15,30,285,2532255
BANKNIFTY-I.NFO,09/09/2024,09:41:06,50824.65,50824.65,15,50831.15,15,240,2532255
BANKNIFTY-I.NFO,09/09/2024,09:41:08,50824.7,50822,120,50822.6,15,30,2532255
BANKNIFTY-I.NFO,09/09/2024,09:41:10,50824.65,50824.6,60,50831.15,15,315,2532255
BANKNIFTY-I.NFO,09/09/2024,09:41:11,50823.95,50823.9,15,50825,465,525,2532255
BANKNIFTY-I.NFO,09/09/2024,09:41:13,50825,50823.65,30,50830,30,495,2532255
BANKNIFTY-I.NFO,09/09/2024,09:41:15,50830.15,50831.05,45,50838.6,45,105,2532255
BANKNIFTY-I.NFO,09/09/2024,09:41:16,50831,50831.1,30,50838.6,45,105,2532255
BANKNIFTY-I.NFO,09/09/2024,09:41:18,50839,50838.2,150,50840,15,270,2532255
BANKNIFTY-I.NFO,09/09/2024,09:41:20,50833.1,50832.9,165,50841.75,45,720,2532255
BANKNIFTY-I.NFO,09/09/2024,09:41:21,50830.8,50832.95,45,50840,15,75,2532255
BANKNIFTY-I.NFO,09/09/2024,09:41:23,50832.95,50833,15,50842.55,15,120,2532255
BANKNIFTY-I.NFO,09/09/2024,09:41:25,50833.5,50831.85,15,50842.35,15,330,2532255
BANKNIFTY-I.NFO,09/09/2024,09:41:26,50833.1,50833.4,45,50839,30,45,2532255
BANKNIFTY-I.NFO,09/09/2024,09:41:28,50839,50835.75,30,50839,15,15,2532255
BANKNIFTY-I.NFO,09/09/2024,09:41:30,50839,50842,15,50843.45,30,15,2532255
BANKNIFTY-I.NFO,09/09/2024,09:41:31,50837.8,50837.75,120,50843.45,15,120,2532255
BANKNIFTY-I.NFO,09/09/2024,09:41:33,50848.95,50848.85,15,50848.95,15,150,2532255
BANKNIFTY-I.NFO,09/09/2024,09:41:35,50851.4,50848.85,45,50858.4,105,225,2532255
BANKNIFTY-I.NFO,09/09/2024,09:41:36,50860,50851.9,15,50860,15,60,2532255
BANKNIFTY-I.NFO,09/09/2024,09:41:38,50851.9,50851.9,60,50856.45,60,45,2532255
BANKNIFTY-I.NFO,09/09/2024,09:41:40,50852.05,50843.35,45,50852.9,15,270,2532255
BANKNIFTY-I.NFO,09/09/2024,09:41:41,50849.45,50843.4,60,50849.5,1005,30,2532255
BANKNIFTY-I.NFO,09/09/2024,09:41:43,50851.8,50843.4,60,50851,15,1245,2532255
BANKNIFTY-I.NFO,09/09/2024,09:41:45,50859.3,50850,75,50856.55,15,1485,2532255
BANKNIFTY-I.NFO,09/09/2024,09:41:46,50850,50843.35,60,50853.45,15,165,2532255
BANKNIFTY-I.NFO,09/09/2024,09:41:48,50842.75,50840.65,60,50851.05,15,15,2532255
BANKNIFTY-I.NFO,09/09/2024,09:41:50,50840.8,50841,15,50850.55,15,30,2532255
BANKNIFTY-I.NFO,09/09/2024,09:41:51,50840.05,50835,15,50840.05,60,75,2532255
BANKNIFTY-I.NFO,09/09/2024,09:41:53,50839.9,50833.9,45,50842.15,30,105,2532255
BANKNIFTY-I.NFO,09/09/2024,09:41:55,50842.15,50836.65,45,50842.15,15,30,2532255
BANKNIFTY-I.NFO,09/09/2024,09:41:56,50840.2,50840.1,15,50842.6,15,120,2532255
BANKNIFTY-I.NFO,09/09/2024,09:41:58,50851,50841.55,15,50850.95,15,345,2532255
BANKNIFTY-I.NFO,09/09/2024,09:42:00,50851,50843.4,30,50851.9,30,60,2532255
BANKNIFTY-I.NFO,09/09/2024,09:42:01,50841.6,50843.95,15,50851.85,30,75,2532255
BANKNIFTY-I.NFO,09/09/2024,09:42:03,50850.95,50847.25,15,50851,15,75,2532255
BANKNIFTY-I.NFO,09/09/2024,09:42:05,50847.35,50847.3,75,50850.95,30,165,2532255
BANKNIFTY-I.NFO,09/09/2024,09:42:06,50847.25,50847.35,15,50850.95,60,15,2532255
BANKNIFTY-I.NFO,09/09/2024,09:42:08,50853.7,50855,15,50859.45,3090,195,2532255
BANKNIFTY-I.NFO,09/09/2024,09:42:10,50855.2,50855.15,15,50860,30,45,2532255
BANKNIFTY-I.NFO,09/09/2024,09:42:11,50860,50855.15,90,50861,60,60,2532255
BANKNIFTY-I.NFO,09/09/2024,09:42:13,50860,50855.15,90,50860.95,30,30,2532255
BANKNIFTY-I.NFO,09/09/2024,09:42:15,50855.2,50855.2,45,50860.95,30,105,2532255
BANKNIFTY-I.NFO,09/09/2024,09:42:16,50861,50857.35,15,50860,30,90,2532255
BANKNIFTY-I.NFO,09/09/2024,09:42:18,50857.35,50857.35,75,50859.95,60,105,2532255
BANKNIFTY-I.NFO,09/09/2024,09:42:19,50855,50847.4,60,50857.1,45,180,2532255
BANKNIFTY-I.NFO,09/09/2024,09:42:21,50857.75,50850,15,50857.35,120,135,2532255
BANKNIFTY-I.NFO,09/09/2024,09:42:23,50854.95,50845,15,50853.1,15,120,2532255
BANKNIFTY-I.NFO,09/09/2024,09:42:24,50850,50845.7,15,50853.8,45,45,2532255
BANKNIFTY-I.NFO,09/09/2024,09:42:26,50840.1,50840.05,30,50845.7,15,60,2531010
BANKNIFTY-I.NFO,09/09/2024,09:42:28,50840.05,50840.05,15,50844.55,15,150,2531010
BANKNIFTY-I.NFO,09/09/2024,09:42:29,50844.05,50831.9,15,50842.6,15,360,2531010
BANKNIFTY-I.NFO,09/09/2024,09:42:31,50844.05,50830,30,50830.4,15,0,2531010
BANKNIFTY-I.NFO,09/09/2024,09:42:33,50830.05,50830,30,50837.7,45,105,2531010
BANKNIFTY-I.NFO,09/09/2024,09:42:34,50835.1,50830.4,15,50836.5,15,450,2531010
BANKNIFTY-I.NFO,09/09/2024,09:42:36,50830.4,50830.4,60,50839.7,15,15,2531010
BANKNIFTY-I.NFO,09/09/2024,09:42:38,50835,50835.05,45,50840,60,180,2531010
BANKNIFTY-I.NFO,09/09/2024,09:42:39,50833.4,50835.65,15,50840,45,225,2531010
BANKNIFTY-I.NFO,09/09/2024,09:42:41,50835.45,50835.65,45,50837.35,15,150,2531010
BANKNIFTY-I.NFO,09/09/2024,09:42:43,50848.05,50842.8,75,50850,45,240,2531010
BANKNIFTY-I.NFO,09/09/2024,09:42:44,50846.25,50844.9,120,50850,45,30,2531010
BANKNIFTY-I.NFO,09/09/2024,09:42:46,50845.25,50845.95,135,50850,45,300,2531010
BANKNIFTY-I.NFO,09/09/2024,09:42:48,50846.4,50850,15,50854.6,30,120,2531010
BANKNIFTY-I.NFO,09/09/2024,09:42:49,50855,50852,15,50855,2400,285,2531010
BANKNIFTY-I.NFO,09/09/2024,09:42:51,50854.45,50854.45,30,50855,2400,15,2531010
BANKNIFTY-I.NFO,09/09/2024,09:42:53,50854.45,50854.45,150,50855,2115,300,2531010
BANKNIFTY-I.NFO,09/09/2024,09:42:54,50854.6,50854.6,60,50860,375,2175,2531010
BANKNIFTY-I.NFO,09/09/2024,09:42:56,50855,50854.6,90,50855,600,60,2531010
BANKNIFTY-I.NFO,09/09/2024,09:42:58,50854.6,50854.6,60,50855,600,30,2531010
BANKNIFTY-I.NFO,09/09/2024,09:42:59,50855,50854,15,50855,585,90,2531010
BANKNIFTY-I.NFO,09/09/2024,09:43:01,50854.05,50850,30,50854.6,75,150,2531010
BANKNIFTY-I.NFO,09/09/2024,09:43:03,50852,50850,15,50854.55,15,15,2531010
BANKNIFTY-I.NFO,09/09/2024,09:43:05,50855.25,50855.25,15,50860,435,660,2531010
BANKNIFTY-I.NFO,09/09/2024,09:43:06,50860,50855.85,15,50860,390,45,2531010
BANKNIFTY-I.NFO,09/09/2024,09:43:08,50860,50855.85,75,50860,240,150,2531010
BANKNIFTY-I.NFO,09/09/2024,09:43:10,50860,50857.35,45,50860,240,0,2531010
BANKNIFTY-I.NFO,09/09/2024,09:43:11,50861,50859.1,15,50860,300,465,2531010
BANKNIFTY-I.NFO,09/09/2024,09:43:13,50859.1,50859.1,90,50860,285,90,2531010
BANKNIFTY-I.NFO,09/09/2024,09:43:15,50855.3,50854.6,15,50859.1,165,150,2531010
BANKNIFTY-I.NFO,09/09/2024,09:43:16,50855.3,50854.6,15,50859.1,165,0,2531010
BANKNIFTY-I.NFO,09/09/2024,09:43:18,50859.1,50854.6,45,50859.1,135,30,2531010
BANKNIFTY-I.NFO,09/09/2024,09:43:20,50859.1,50855.1,60,50859.1,75,90,2531010
BANKNIFTY-I.NFO,09/09/2024,09:43:21,50859.1,50855.15,45,50859.1,75,0,2531010
BANKNIFTY-I.NFO,09/09/2024,09:43:23,50859.1,50855.25,45,50860,510,105,2531010
BANKNIFTY-I.NFO,09/09/2024,09:43:25,50860,50859.7,15,50860,495,15,2531010
BANKNIFTY-I.NFO,09/09/2024,09:43:26,50859.55,50858.9,45,50864,30,915,2531010
BANKNIFTY-I.NFO,09/09/2024,09:43:28,50858.85,50858.85,90,50860,45,60,2531010
BANKNIFTY-I.NFO,09/09/2024,09:43:30,50864.9,50863.15,30,50865,45,90,2531010
BANKNIFTY-I.NFO,09/09/2024,09:43:31,50859.4,50858.9,30,50859.4,165,405,2531010
BANKNIFTY-I.NFO,09/09/2024,09:43:33,50866,50867.4,30,50868,15,315,2531010
BANKNIFTY-I.NFO,09/09/2024,09:43:35,50865,50865,255,50868,15,15,2531010
BANKNIFTY-I.NFO,09/09/2024,09:43:36,50866.65,50867.15,120,50868,15,30,2531010
BANKNIFTY-I.NFO,09/09/2024,09:43:38,50865.15,50868,30,50869.7,15,225,2531010
BANKNIFTY-I.NFO,09/09/2024,09:43:41,50874.9,50870.05,60,50874.25,60,945,2531010
BANKNIFTY-I.NFO,09/09/2024,09:43:43,50870.05,50870.05,60,50873.8,60,435,2531010
BANKNIFTY-I.NFO,09/09/2024,09:43:45,50875,50870.05,60,50875,240,390,2531010
BANKNIFTY-I.NFO,09/09/2024,09:43:46,50870.05,50870.05,15,50875,225,60,2531010
BANKNIFTY-I.NFO,09/09/2024,09:43:48,50875,50874.1,15,50875,90,195,2531010
BANKNIFTY-I.NFO,09/09/2024,09:43:50,50875,50874.1,105,50875,390,225,2531010
BANKNIFTY-I.NFO,09/09/2024,09:43:51,50875,50874.95,150,50875,495,3090,2531010
BANKNIFTY-I.NFO,09/09/2024,09:43:51,50878,50874.95,150,50875,495,0,2531010
BANKNIFTY-I.NFO,09/09/2024,09:43:53,50874.95,50874.05,30,50875,285,2805,2531010
BANKNIFTY-I.NFO,09/09/2024,09:43:55,50870,50869.5,135,50875,495,1440,2531010
BANKNIFTY-I.NFO,09/09/2024,09:43:55,50885,50869.5,135,50875,495,0,2531010
BANKNIFTY-I.NFO,09/09/2024,09:43:56,50880,50880,750,50883.95,15,2595,2531010
BANKNIFTY-I.NFO,09/09/2024,09:43:58,50889,50887.2,75,50889,1800,825,2531010
BANKNIFTY-I.NFO,09/09/2024,09:43:58,50889,50887.2,75,50889,1800,0,2531010
BANKNIFTY-I.NFO,09/09/2024,09:44:00,50889,50887.2,75,50888,15,240,2531010
BANKNIFTY-I.NFO,09/09/2024,09:44:01,50884.35,50882.4,30,50889,1530,210,2531010
BANKNIFTY-I.NFO,09/09/2024,09:44:03,50890,50889.45,15,50890,255,2040,2531010
BANKNIFTY-I.NFO,09/09/2024,09:44:03,50890,50889.45,15,50890,255,0,2531010
BANKNIFTY-I.NFO,09/09/2024,09:44:05,50896,50896,480,50900.15,75,3030,2531010
BANKNIFTY-I.NFO,09/09/2024,09:44:05,50900.3,50896,480,50900.15,75,0,2531010
BANKNIFTY-I.NFO,09/09/2024,09:44:06,50900.05,50900.05,15,50906,15,960,2531010
BANKNIFTY-I.NFO,09/09/2024,09:44:06,50906.4,50900.05,15,50906,15,0,2531010
BANKNIFTY-I.NFO,09/09/2024,09:44:08,50890,50890,1830,50897.3,45,2715,2531010
BANKNIFTY-I.NFO,09/09/2024,09:44:08,50906.55,50890,1830,50897.3,45,0,2531010
BANKNIFTY-I.NFO,09/09/2024,09:44:10,50898.2,50897.65,45,50900,15,435,2531010
BANKNIFTY-I.NFO,09/09/2024,09:44:11,50900,50900,5160,50906.75,30,1995,2531010
BANKNIFTY-I.NFO,09/09/2024,09:44:11,50909.1,50900,5160,50906.75,30,0,2531010
BANKNIFTY-I.NFO,09/09/2024,09:44:13,50900,50900,4440,50904.15,15,870,2531010
BANKNIFTY-I.NFO,09/09/2024,09:44:15,50897.65,50892.3,30,50897.7,60,4590,2531010
BANKNIFTY-I.NFO,09/09/2024,09:44:16,50899.7,50890,3570,50897.9,30,240,2531010
BANKNIFTY-I.NFO,09/09/2024,09:44:18,50890.55,50890.15,15,50898.6,15,1530,2531010
BANKNIFTY-I.NFO,09/09/2024,09:44:20,50900,50892.9,30,50903.45,30,195,2531010
BANKNIFTY-I.NFO,09/09/2024,09:44:21,50910,50903.15,15,50910,60,540,2531010
BANKNIFTY-I.NFO,09/09/2024,09:44:21,50910,50903.15,15,50910,60,0,2531010
BANKNIFTY-I.NFO,09/09/2024,09:44:23,50910,50903.15,90,50908.6,15,165,2531010
BANKNIFTY-I.NFO,09/09/2024,09:44:25,50906.95,50900,15,50905.3,15,840,2531010
BANKNIFTY-I.NFO,09/09/2024,09:44:26,50900,50896,675,50900,2625,1185,2531010
BANKNIFTY-I.NFO,09/09/2024,09:44:28,50900,50896,645,50900,2565,90,2531010
BANKNIFTY-I.NFO,09/09/2024,09:44:30,50898,50896.7,30,50900,1665,930,2531010
BANKNIFTY-I.NFO,09/09/2024,09:44:31,50900,50896,645,50900,1635,180,2531010
BANKNIFTY-I.NFO,09/09/2024,09:44:33,50900,50896,585,50900,1620,90,2531010
BANKNIFTY-I.NFO,09/09/2024,09:44:35,50900,50896,600,50900,1530,225,2531010
BANKNIFTY-I.NFO,09/09/2024,09:44:36,50896.55,50896.05,75,50899.85,15,105,2531010
BANKNIFTY-I.NFO,09/09/2024,09:44:38,50896,50896.05,30,50899.95,120,525,2531010
BANKNIFTY-I.NFO,09/09/2024,09:44:40,50896.05,50896.05,15,50898.35,15,180,2531010
BANKNIFTY-I.NFO,09/09/2024,09:44:41,50895.8,50890.1,45,50896.3,15,165,2531010
BANKNIFTY-I.NFO,09/09/2024,09:44:43,50890,50890.05,195,50892.5,60,1440,2531010
BANKNIFTY-I.NFO,09/09/2024,09:44:45,50894.05,50890.45,15,50895.6,15,1320,2531010
BANKNIFTY-I.NFO,09/09/2024,09:44:46,50890.05,50890,3810,50891,75,255,2531010
BANKNIFTY-I.NFO,09/09/2024,09:44:48,50890,50890,3075,50890.05,30,810,2531010
BANKNIFTY-I.NFO,09/09/2024,09:44:50,50890,50890,765,50890.05,30,2340,2531010
BANKNIFTY-I.NFO,09/09/2024,09:44:51,50889,50889,150,50889.1,45,1560,2531010
BANKNIFTY-I.NFO,09/09/2024,09:44:53,50880,50880.05,15,50884.9,15,510,2531010
BANKNIFTY-I.NFO,09/09/2024,09:44:55,50877.75,50875.3,75,50879.95,45,270,2531010
BANKNIFTY-I.NFO,09/09/2024,09:44:56,50880,50875.35,30,50879.95,30,90,2531010
BANKNIFTY-I.NFO,09/09/2024,09:44:58,50875.35,50875.4,30,50879.5,45,75,2531010
BANKNIFTY-I.NFO,09/09/2024,09:45:00,50869.35,50865.8,60,50873.35,60,705,2531010
BANKNIFTY-I.NFO,09/09/2024,09:45:01,50880,50875.05,60,50880,15,315,2531010
BANKNIFTY-I.NFO,09/09/2024,09:45:03,50887.75,50880.05,15,50887.65,15,210,2531010
BANKNIFTY-I.NFO,09/09/2024,09:45:05,50887.65,50879.85,45,50888,465,255,2531010
BANKNIFTY-I.NFO,09/09/2024,09:45:06,50887.95,50879.85,30,50887.95,45,375,2531010
BANKNIFTY-I.NFO,09/09/2024,09:45:08,50880.55,50880,60,50886.45,60,120,2531010
BANKNIFTY-I.NFO,09/09/2024,09:45:10,50880.85,50880,45,50883.7,45,45,2531010
BANKNIFTY-I.NFO,09/09/2024,09:45:11,50884.25,50882.95,30,50884,15,225,2531010
BANKNIFTY-I.NFO,09/09/2024,09:45:13,50883.35,50882.95,15,50887.15,15,645,2531010
BANKNIFTY-I.NFO,09/09/2024,09:45:15,50884,50880,15,50885.85,15,30,2531010
BANKNIFTY-I.NFO,09/09/2024,09:45:16,50881.95,50878.65,15,50882.55,45,45,2531010
BANKNIFTY-I.NFO,09/09/2024,09:45:18,50875.9,50867.05,15,50875,30,240,2531010
BANKNIFTY-I.NFO,09/09/2024,09:45:20,50867.4,50868.65,30,50875,30,15,2531010
BANKNIFTY-I.NFO,09/09/2024,09:45:21,50870.05,50870.55,15,50875,135,375,2531010
BANKNIFTY-I.NFO,09/09/2024,09:45:23,50868.2,50870.55,15,50875,120,45,2531010
BANKNIFTY-I.NFO,09/09/2024,09:45:25,50875,50872.6,15,50875,75,60,2531010
BANKNIFTY-I.NFO,09/09/2024,09:45:26,50873.45,50873.85,15,50880,60,285,2531010
BANKNIFTY-I.NFO,09/09/2024,09:45:28,50883.35,50874.5,60,50883.55,15,195,2536950
BANKNIFTY-I.NFO,09/09/2024,09:45:30,50883.35,50874.4,60,50883.45,15,0,2536950
BANKNIFTY-I.NFO,09/09/2024,09:45:33,50870.6,50870.25,45,50877.55,15,1050,2536950
BANKNIFTY-I.NFO,09/09/2024,09:45:34,50865,50865.05,60,50872.55,15,90,2536950
BANKNIFTY-I.NFO,09/09/2024,09:45:36,50871.05,50867.05,45,50872.55,15,915,2536950
BANKNIFTY-I.NFO,09/09/2024,09:45:38,50871.95,50864.05,15,50871.9,15,345,2536950
BANKNIFTY-I.NFO,09/09/2024,09:45:39,50871.9,50866.85,45,50871.9,15,60,2536950
BANKNIFTY-I.NFO,09/09/2024,09:45:41,50866.7,50866.7,15,50876.45,15,150,2536950
BANKNIFTY-I.NFO,09/09/2024,09:45:43,50870,50868.85,15,50877.95,15,90,2536950
BANKNIFTY-I.NFO,09/09/2024,09:45:44,50870.55,50868.85,45,50873.1,15,30,2536950
BANKNIFTY-I.NFO,09/09/2024,09:45:46,50868.75,50860.25,15,50868.75,15,150,2536950
BANKNIFTY-I.NFO,09/09/2024,09:45:48,50860.2,50860.3,30,50866.75,15,75,2536950
BANKNIFTY-I.NFO,09/09/2024,09:45:49,50857.35,50860.5,75,50867.85,15,810,2536950
BANKNIFTY-I.NFO,09/09/2024,09:45:51,50867.9,50855.4,120,50864.1,15,90,2536950
BANKNIFTY-I.NFO,09/09/2024,09:45:53,50860.45,50860.1,30,50865.65,15,105,2536950
BANKNIFTY-I.NFO,09/09/2024,09:45:54,50861.6,50861.95,45,50870,30,60,2536950
BANKNIFTY-I.NFO,09/09/2024,09:45:56,50866.65,50865.55,60,50869.95,15,120,2536950
BANKNIFTY-I.NFO,09/09/2024,09:45:58,50870,50869.25,15,50874.4,15,60,2536950
BANKNIFTY-I.NFO,09/09/2024,09:45:59,50874.4,50870.5,15,50876.7,15,105,2536950
BANKNIFTY-I.NFO,09/09/2024,09:46:01,50870.5,50869.25,15,50875.2,75,165,2536950
BANKNIFTY-I.NFO,09/09/2024,09:46:03,50870.5,50865,600,50870.15,60,30,2536950
BANKNIFTY-I.NFO,09/09/2024,09:46:04,50865,50866.65,30,50868.4,60,30,2536950
BANKNIFTY-I.NFO,09/09/2024,09:46:06,50857.35,50857.35,90,50861.95,30,735,2536950
BANKNIFTY-I.NFO,09/09/2024,09:46:08,50863.75,50861.95,15,50864.15,15,375,2536950
BANKNIFTY-I.NFO,09/09/2024,09:46:09,50857.35,50861.95,15,50866.3,15,60,2536950
BANKNIFTY-I.NFO,09/09/2024,09:46:11,50855.4,50855.4,75,50864.9,15,120,2536950
BANKNIFTY-I.NFO,09/09/2024,09:46:12,50855.4,50855.4,75,50862.6,15,0,2536950
BANKNIFTY-I.NFO,09/09/2024,09:46:14,50864.95,50855.75,45,50865.2,30,90,2536950
BANKNIFTY-I.NFO,09/09/2024,09:46:16,50865.4,50857.55,45,50867.15,30,150,2536950
BANKNIFTY-I.NFO,09/09/2024,09:46:17,50859.35,50859,15,50869.1,30,165,2536950
BANKNIFTY-I.NFO,09/09/2024,09:46:19,50870.5,50869.05,60,50871.2,30,75,2536950
BANKNIFTY-I.NFO,09/09/2024,09:46:21,50866.1,50857.45,15,50867,15,90,2536950
BANKNIFTY-I.NFO,09/09/2024,09:46:23,50861.95,50858.7,15,50868.4,15,75,2536950
BANKNIFTY-I.NFO,09/09/2024,09:46:24,50858.05,50855.4,75,50860.1,45,90,2536950
BANKNIFTY-I.NFO,09/09/2024,09:46:26,50857.5,50851,30,50857.55,15,120,2536950
BANKNIFTY-I.NFO,09/09/2024,09:46:28,50859.8,50851,60,50861.6,15,180,2536950
BANKNIFTY-I.NFO,09/09/2024,09:46:29,50851.1,50851.15,15,50861.35,45,150,2536950
BANKNIFTY-I.NFO,09/09/2024,09:46:31,50851.2,50851.15,15,50858.1,15,45,2536950
BANKNIFTY-I.NFO,09/09/2024,09:46:33,50846.8,50846.8,45,50854.75,15,120,2536950
BANKNIFTY-I.NFO,09/09/2024,09:46:34,50850.75,50842.7,15,50851.85,75,150,2536950
BANKNIFTY-I.NFO,09/09/2024,09:46:36,50850.35,50842.1,15,50850.55,45,105,2536950
BANKNIFTY-I.NFO,09/09/2024,09:46:38,50846.65,50838.05,15,50845.55,15,180,2536950
BANKNIFTY-I.NFO,09/09/2024,09:46:39,50842.05,50840.9,60,50849.95,15,60,2536950
BANKNIFTY-I.NFO,09/09/2024,09:46:41,50840.55,50841.25,45,50850.65,30,195,2536950
BANKNIFTY-I.NFO,09/09/2024,09:46:43,50841.2,50842.75,15,50851.6,15,480,2536950
BANKNIFTY-I.NFO,09/09/2024,09:46:44,50842.8,50842.8,15,50850,120,30,2536950
BANKNIFTY-I.NFO,09/09/2024,09:46:46,50841,50840.85,15,50850,60,255,2536950
BANKNIFTY-I.NFO,09/09/2024,09:46:48,50839.85,50844.4,15,50848.1,15,375,2536950
BANKNIFTY-I.NFO,09/09/2024,09:46:49,50840.55,50840.4,15,50849.3,60,75,2536950
BANKNIFTY-I.NFO,09/09/2024,09:46:51,50849.85,50840.45,15,50849.65,30,120,2536950
BANKNIFTY-I.NFO,09/09/2024,09:46:53,50840.5,50840.5,45,50847.1,60,30,2536950
BANKNIFTY-I.NFO,09/09/2024,09:46:54,50840.45,50840.45,15,50844.6,15,60,2536950
BANKNIFTY-I.NFO,09/09/2024,09:46:56,50840.5,50840.5,15,50844.8,15,75,2536950
BANKNIFTY-I.NFO,09/09/2024,09:46:58,50840,50840,45,50840.5,45,135,2536950
BANKNIFTY-I.NFO,09/09/2024,09:46:59,50840.8,50840.8,15,50845.15,60,120,2536950
BANKNIFTY-I.NFO,09/09/2024,09:47:01,50849,50847.1,15,50849,75,120,2536950
BANKNIFTY-I.NFO,09/09/2024,09:47:03,50847.15,50847.1,15,50849,75,45,2536950
BANKNIFTY-I.NFO,09/09/2024,09:47:04,50847.15,50847.2,30,50849,75,0,2536950
BANKNIFTY-I.NFO,09/09/2024,09:47:06,50859.8,50850.7,15,50859.4,60,255,2536950
BANKNIFTY-I.NFO,09/09/2024,09:47:08,50856.7,50850.7,45,50858.7,15,120,2536950
BANKNIFTY-I.NFO,09/09/2024,09:47:09,50854.25,50854,15,50864.25,60,60,2536950
BANKNIFTY-I.NFO,09/09/2024,09:47:11,50863.2,50854.15,15,50859.65,15,105,2536950
BANKNIFTY-I.NFO,09/09/2024,09:47:13,50862.05,50854.2,45,50862.3,30,90,2536950
BANKNIFTY-I.NFO,09/09/2024,09:47:14,50854.25,50854.2,105,50861.2,15,240,2536950
BANKNIFTY-I.NFO,09/09/2024,09:47:16,50840.85,50840.85,15,50849.2,15,330,2536950
BANKNIFTY-I.NFO,09/09/2024,09:47:18,50847.3,50840.55,60,50846.4,15,15,2536950
BANKNIFTY-I.NFO,09/09/2024,09:47:19,50836.15,50832.4,15,50838.6,15,270,2536950
BANKNIFTY-I.NFO,09/09/2024,09:47:21,50841.05,50833,60,50842.05,15,75,2536950
BANKNIFTY-I.NFO,09/09/2024,09:47:23,50832.05,50832.05,60,50841.2,45,150,2536950
BANKNIFTY-I.NFO,09/09/2024,09:47:24,50832.2,50832.05,15,50839.95,30,15,2536950
BANKNIFTY-I.NFO,09/09/2024,09:47:26,50840,50837.3,45,50840,30,150,2536950
BANKNIFTY-I.NFO,09/09/2024,09:47:28,50838.75,50839.25,15,50849.7,105,315,2536950
BANKNIFTY-I.NFO,09/09/2024,09:47:29,50838.75,50839.25,15,50847.9,60,0,2536950
BANKNIFTY-I.NFO,09/09/2024,09:47:31,50842.05,50843.45,45,50850,105,30,2536950
BANKNIFTY-I.NFO,09/09/2024,09:47:33,50850,50846.25,45,50850,30,75,2536950
BANKNIFTY-I.NFO,09/09/2024,09:47:34,50846.25,50846.35,45,50850,30,15,2536950
BANKNIFTY-I.NFO,09/09/2024,09:47:36,50850,50850,30,50858.2,60,120,2536950
BANKNIFTY-I.NFO,09/09/2024,09:47:38,50850,50850.05,45,50859,15,0,2536950
BANKNIFTY-I.NFO,09/09/2024,09:47:39,50850,50850.85,15,50859,15,105,2536950
BANKNIFTY-I.NFO,09/09/2024,09:47:41,50846.25,50850,15,50858,30,45,2536950
BANKNIFTY-I.NFO,09/09/2024,09:47:43,50850,50843.05,30,50853.5,60,30,2536950
BANKNIFTY-I.NFO,09/09/2024,09:47:44,50854.5,50846.75,15,50855,15,15,2536950
BANKNIFTY-I.NFO,09/09/2024,09:47:46,50850,50846.75,60,50854.15,45,60,2536950
BANKNIFTY-I.NFO,09/09/2024,09:47:48,50850,50846.8,45,50854.15,60,0,2536950
BANKNIFTY-I.NFO,09/09/2024,09:47:49,50846.8,50850,15,50854.95,60,15,2536950
BANKNIFTY-I.NFO,09/09/2024,09:47:51,50854.45,50850,90,50854.25,60,60,2536950
BANKNIFTY-I.NFO,09/09/2024,09:47:53,50842.9,50841,15,50849.8,15,240,2536950
BANKNIFTY-I.NFO,09/09/2024,09:47:54,50849.3,50847,15,50848.8,60,15,2536950
BANKNIFTY-I.NFO,09/09/2024,09:47:56,50847,50841.05,15,50847.65,60,60,2536950
BANKNIFTY-I.NFO,09/09/2024,09:47:58,50847,50842.05,45,50850,120,0,2536950
BANKNIFTY-I.NFO,09/09/2024,09:47:59,50850,50844.8,30,50850,75,45,2536950
BANKNIFTY-I.NFO,09/09/2024,09:48:01,50850,50846.55,30,50850,60,15,2536950
BANKNIFTY-I.NFO,09/09/2024,09:48:03,50850.15,50850.85,15,50855,15,90,2536950
BANKNIFTY-I.NFO,09/09/2024,09:48:04,50852.9,50852.5,60,50858,105,30,2536950
BANKNIFTY-I.NFO,09/09/2024,09:48:08,50859,50858,15,50860,75,135,2536950
BANKNIFTY-I.NFO,09/09/2024,09:48:09,50860,50858.05,30,50860,60,105,2536950
BANKNIFTY-I.NFO,09/09/2024,09:48:11,50860,50858.05,90,50862,15,75,2536950
BANKNIFTY-I.NFO,09/09/2024,09:48:13,50859.6,50859.65,15,50865,45,120,2536950
BANKNIFTY-I.NFO,09/09/2024,09:48:14,50859.65,50859.65,30,50865,30,90,2536950
BANKNIFTY-I.NFO,09/09/2024,09:48:16,50859.65,50859.65,45,50864.95,45,0,2536950
BANKNIFTY-I.NFO,09/09/2024,09:48:18,50870,50862.65,45,50870,15,90,2536950
BANKNIFTY-I.NFO,09/09/2024,09:48:19,50872.2,50863.55,30,50873,90,180,2536950
BANKNIFTY-I.NFO,09/09/2024,09:48:21,50863.5,50864.95,15,50870,15,60,2536950
BANKNIFTY-I.NFO,09/09/2024,09:48:23,50865,50864.95,15,50869.55,60,15,2536950
BANKNIFTY-I.NFO,09/09/2024,09:48:24,50856.65,50857.6,60,50868.1,30,600,2536950
BANKNIFTY-I.NFO,09/09/2024,09:48:26,50869.05,50861,30,50870,45,60,2536950
BANKNIFTY-I.NFO,09/09/2024,09:48:28,50861.75,50863.05,15,50869,15,15,2536950
BANKNIFTY-I.NFO,09/09/2024,09:48:29,50873,50863.95,30,50874.3,30,465,2532570
BANKNIFTY-I.NFO,09/09/2024,09:48:31,50864.45,50864.4,30,50873.95,60,30,2532570
BANKNIFTY-I.NFO,09/09/2024,09:48:33,50877.6,50876.2,30,50877.6,45,90,2532570
BANKNIFTY-I.NFO,09/09/2024,09:48:34,50879.9,50876.2,75,50879.95,30,60,2532570
BANKNIFTY-I.NFO,09/09/2024,09:48:36,50876.4,50876.3,90,50883,15,165,2532570
BANKNIFTY-I.NFO,09/09/2024,09:48:38,50884,50876.5,45,50884,120,90,2532570
BANKNIFTY-I.NFO,09/09/2024,09:48:39,50884,50880,15,50884,75,135,2532570
BANKNIFTY-I.NFO,09/09/2024,09:48:41,50884,50885.05,30,50890,975,420,2532570
BANKNIFTY-I.NFO,09/09/2024,09:48:43,50890,50885.35,60,50890,840,135,2532570
BANKNIFTY-I.NFO,09/09/2024,09:48:44,50884,50880,90,50885.5,45,480,2532570
BANKNIFTY-I.NFO,09/09/2024,09:48:46,50880,50880.05,15,50887.6,15,150,2532570
BANKNIFTY-I.NFO,09/09/2024,09:48:48,50879.95,50880,15,50888.85,15,90,2532570
BANKNIFTY-I.NFO,09/09/2024,09:48:49,50885.2,50880.05,15,50888.7,30,15,2532570
BANKNIFTY-I.NFO,09/09/2024,09:48:51,50888.5,50880.15,15,50889,15,60,2532570
BANKNIFTY-I.NFO,09/09/2024,09:48:53,50889.6,50880.2,60,50889.65,60,75,2532570
BANKNIFTY-I.NFO,09/09/2024,09:48:54,50890,50886.85,45,50890,750,270,2532570
BANKNIFTY-I.NFO,09/09/2024,09:48:56,50890,50888.5,15,50889.95,15,0,2532570
BANKNIFTY-I.NFO,09/09/2024,09:48:58,50890,50889.05,15,50889.95,15,105,2532570
BANKNIFTY-I.NFO,09/09/2024,09:48:59,50889.05,50889.05,15,50890.1,15,945,2532570
BANKNIFTY-I.NFO,09/09/2024,09:49:01,50890,50885,15,50889.75,15,225,2532570
BANKNIFTY-I.NFO,09/09/2024,09:49:03,50887.7,50880.2,45,50887.7,30,150,2532570
BANKNIFTY-I.NFO,09/09/2024,09:49:04,50890,50880.25,60,50889.8,15,45,2532570
BANKNIFTY-I.NFO,09/09/2024,09:49:06,50887.95,50880.25,30,50887.85,15,90,2532570
BANKNIFTY-I.NFO,09/09/2024,09:49:08,50888,50882.35,60,50888,285,105,2532570
BANKNIFTY-I.NFO,09/09/2024,09:49:09,50888,50882.35,30,50888,270,15,2532570
BANKNIFTY-I.NFO,09/09/2024,09:49:11,50880.7,50880.3,30,50880.6,75,165,2532570
BANKNIFTY-I.NFO,09/09/2024,09:49:13,50887.65,50880.75,60,50887.65,30,135,2532570
BANKNIFTY-I.NFO,09/09/2024,09:49:14,50882.1,50882.05,15,50887.9,30,75,2532570
BANKNIFTY-I.NFO,09/09/2024,09:49:16,50888,50882.05,15,50887.95,30,195,2532570
BANKNIFTY-I.NFO,09/09/2024,09:49:18,50880.75,50880.75,15,50887.9,45,60,2532570
BANKNIFTY-I.NFO,09/09/2024,09:49:19,50887.9,50883.3,15,50888,285,45,2532570
BANKNIFTY-I.NFO,09/09/2024,09:49:21,50886.05,50886.15,30,50888,90,360,2532570
BANKNIFTY-I.NFO,09/09/2024,09:49:23,50888,50888.05,90,50889,15,120,2532570
BANKNIFTY-I.NFO,09/09/2024,09:49:24,50888,50888.05,90,50889,15,0,2532570
BANKNIFTY-I.NFO,09/09/2024,09:49:26,50888.05,50888.05,105,50889,15,30,2532570
