Ticker,Date,Time,LTP,BuyPrice,BuyQty,SellPrice,SellQty,LTQ,OpenInterest
BANKNIFTY-III.NFO,04/11/2024,09:15:19,52548.65,52510.6,60,52549.8,30,120,6855
BANKNIFTY-III.NFO,04/11/2024,09:15:19,52544.9,52510.6,60,52549.8,30,0,6855
BANKNIFTY-III.NFO,04/11/2024,09:15:19,52548.65,52510.6,60,52549.8,30,0,6855
BANKNIFTY-III.NFO,04/11/2024,09:15:19,52544.75,52510.6,60,52549.8,30,0,6855
BANKNIFTY-III.NFO,04/11/2024,09:15:21,52544.9,52511.2,60,52549.8,30,0,6855
BANKNIFTY-III.NFO,04/11/2024,09:15:23,52544.9,52511.6,60,52549.8,30,0,6855
BANKNIFTY-III.NFO,04/11/2024,09:15:24,52544.9,52512.1,60,52549.8,30,0,6855
BANKNIFTY-III.NFO,04/11/2024,09:15:26,52544.9,52512.5,60,52549.6,30,0,6855
BANKNIFTY-III.NFO,04/11/2024,09:15:28,52544.9,52512.9,60,52549.6,30,0,6855
BANKNIFTY-III.NFO,04/11/2024,09:15:29,52544.9,52513.4,60,52549.2,30,0,6855
BANKNIFTY-III.NFO,04/11/2024,09:15:31,52544.9,52479.85,60,52544.45,30,0,6855
BANKNIFTY-III.NFO,04/11/2024,09:15:32,52544.9,52450.25,60,52526.25,30,0,6855
BANKNIFTY-III.NFO,04/11/2024,09:15:34,52544.9,52451.95,60,52510.95,30,0,6855
BANKNIFTY-III.NFO,04/11/2024,09:15:36,52453.35,52453.35,60,52500.9,15,15,6855
BANKNIFTY-III.NFO,04/11/2024,09:15:36,52453.35,52453.35,60,52500.9,15,0,6855
BANKNIFTY-III.NFO,04/11/2024,09:15:37,52453.35,52453.75,60,52495.8,15,0,6855
BANKNIFTY-III.NFO,04/11/2024,09:15:39,52453.35,52454.55,60,52485.8,15,0,6855
BANKNIFTY-III.NFO,04/11/2024,09:15:41,52453.35,52454.95,60,52495.8,15,0,6855
BANKNIFTY-III.NFO,04/11/2024,09:15:42,52453.35,52455.35,60,52490.8,15,0,6855
BANKNIFTY-III.NFO,04/11/2024,09:15:44,52453.35,52455.85,60,52497.7,15,0,6855
BANKNIFTY-III.NFO,04/11/2024,09:15:45,52453.35,52460.1,60,52492.7,15,0,6855
BANKNIFTY-III.NFO,04/11/2024,09:15:47,52453.35,52460.45,60,52494.7,15,0,6855
BANKNIFTY-III.NFO,04/11/2024,09:15:49,52453.35,52460.85,60,52494.8,15,0,6855
BANKNIFTY-III.NFO,04/11/2024,09:15:50,52453.35,52453.6,60,52489.7,15,0,6855
BANKNIFTY-III.NFO,04/11/2024,09:15:52,52453.35,52454,60,52494.8,15,0,6855
BANKNIFTY-III.NFO,04/11/2024,09:15:53,52453.35,52454.4,60,52489.8,15,0,6855
BANKNIFTY-III.NFO,04/11/2024,09:15:55,52453.35,52433.95,60,52479.8,15,0,6855
BANKNIFTY-III.NFO,04/11/2024,09:15:57,52453.35,52434.45,60,52469.9,15,0,6855
BANKNIFTY-III.NFO,04/11/2024,09:15:58,52434.65,52434.85,60,52485.45,30,15,6915
BANKNIFTY-III.NFO,04/11/2024,09:15:58,52434.65,52434.85,60,52485.45,30,0,6915
BANKNIFTY-III.NFO,04/11/2024,09:16:00,52434.65,52435.25,60,52490.55,30,0,6915
BANKNIFTY-III.NFO,04/11/2024,09:16:01,52434.65,52447.25,60,52485.55,30,0,6915
BANKNIFTY-III.NFO,04/11/2024,09:16:03,52434.65,52435,60,52475.8,30,0,6915
BANKNIFTY-III.NFO,04/11/2024,09:16:05,52434.65,52400.05,60,52459,30,0,6915
BANKNIFTY-III.NFO,04/11/2024,09:16:06,52434.65,52400.05,60,52455.45,30,0,6915
BANKNIFTY-III.NFO,04/11/2024,09:16:08,52434.65,52411.95,60,52454.9,30,0,6915
BANKNIFTY-III.NFO,04/11/2024,09:16:10,52434.65,52400.05,60,52446.4,30,0,6915
BANKNIFTY-III.NFO,04/11/2024,09:16:11,52434.65,52403.55,60,52449.5,30,0,6915
BANKNIFTY-III.NFO,04/11/2024,09:16:13,52434.65,52412.2,60,52453.5,30,0,6915
BANKNIFTY-III.NFO,04/11/2024,09:16:14,52434.65,52413,60,52450.8,30,0,6915
BANKNIFTY-III.NFO,04/11/2024,09:16:16,52434.65,52400.15,60,52448.9,30,0,6915
BANKNIFTY-III.NFO,04/11/2024,09:16:18,52434.65,52400.15,60,52445.1,30,0,6915
BANKNIFTY-III.NFO,04/11/2024,09:16:19,52428.05,52428.05,60,52452.05,30,15,6915
BANKNIFTY-III.NFO,04/11/2024,09:16:19,52428.05,52428.05,60,52452.05,30,0,6915
BANKNIFTY-III.NFO,04/11/2024,09:16:21,52428.05,52408.05,60,52446.65,45,0,6915
BANKNIFTY-III.NFO,04/11/2024,09:16:22,52428.05,52402.85,60,52441.6,45,0,6915
BANKNIFTY-III.NFO,04/11/2024,09:16:24,52428.05,52400,15,52432.55,45,0,6915
BANKNIFTY-III.NFO,04/11/2024,09:16:26,52428.05,52400,15,52436.5,45,0,6915
BANKNIFTY-III.NFO,04/11/2024,09:16:27,52428.05,52404.8,30,52439.45,45,0,6915
BANKNIFTY-III.NFO,04/11/2024,09:16:29,52428.05,52401.1,60,52434.8,45,0,6915
BANKNIFTY-III.NFO,04/11/2024,09:16:30,52428.05,52401.05,30,52433.9,45,0,6915
BANKNIFTY-III.NFO,04/11/2024,09:16:32,52428.05,52401.1,60,52430.4,45,0,6915
BANKNIFTY-III.NFO,04/11/2024,09:16:33,52428.05,52401.1,60,52439.65,45,0,6915
BANKNIFTY-III.NFO,04/11/2024,09:16:35,52428.05,52401.6,60,52446.55,45,0,6915
BANKNIFTY-III.NFO,04/11/2024,09:16:37,52428.05,52401.1,60,52439.75,45,0,6915
BANKNIFTY-III.NFO,04/11/2024,09:16:38,52428.05,52401.1,60,52439.35,45,0,6915
BANKNIFTY-III.NFO,04/11/2024,09:16:40,52428.05,52401.1,60,52439.1,45,15,6915
BANKNIFTY-III.NFO,04/11/2024,09:16:42,52428.05,52401.3,60,52439.1,45,0,6915
BANKNIFTY-III.NFO,04/11/2024,09:16:43,52428.05,52401.1,60,52436.05,45,0,6915
BANKNIFTY-III.NFO,04/11/2024,09:16:45,52428.05,52401.1,60,52435.55,45,0,6915
BANKNIFTY-III.NFO,04/11/2024,09:16:47,52428.05,52402.05,60,52438.9,45,0,6915
BANKNIFTY-III.NFO,04/11/2024,09:16:48,52428.05,52402.05,60,52424.95,45,0,6915
BANKNIFTY-III.NFO,04/11/2024,09:16:50,52402.05,52402.05,75,52424.95,60,15,6915
BANKNIFTY-III.NFO,04/11/2024,09:16:50,52402.05,52402.05,75,52424.95,60,0,6915
BANKNIFTY-III.NFO,04/11/2024,09:16:52,52402.05,52402.05,60,52424.95,75,0,6915
BANKNIFTY-III.NFO,04/11/2024,09:16:53,52402.05,52402.05,75,52424.95,75,0,6915
BANKNIFTY-III.NFO,04/11/2024,09:16:58,52402.05,52402.05,60,52424.9,60,0,6915
BANKNIFTY-III.NFO,04/11/2024,09:17:01,52402.05,52402,15,52424.9,60,0,6915
BANKNIFTY-III.NFO,04/11/2024,09:17:03,52402.05,52400,195,52415.1,60,30,6915
BANKNIFTY-III.NFO,04/11/2024,09:17:03,52402,52400,195,52415.1,60,0,6915
BANKNIFTY-III.NFO,04/11/2024,09:17:04,52400,52400,165,52413.55,60,30,6915
BANKNIFTY-III.NFO,04/11/2024,09:17:04,52400,52400,165,52413.55,60,0,6915
BANKNIFTY-III.NFO,04/11/2024,09:17:06,52400,52400,150,52413.25,60,15,6915
BANKNIFTY-III.NFO,04/11/2024,09:17:08,52400,52400,150,52412.85,60,0,6915
BANKNIFTY-III.NFO,04/11/2024,09:17:09,52400,52400,165,52412.6,60,0,6915
BANKNIFTY-III.NFO,04/11/2024,09:17:11,52400,52400.05,75,52420.8,75,0,6915
BANKNIFTY-III.NFO,04/11/2024,09:17:13,52400,52400,165,52420.8,75,0,6915
BANKNIFTY-III.NFO,04/11/2024,09:17:14,52400,52400,180,52420.5,75,0,6915
BANKNIFTY-III.NFO,04/11/2024,09:17:16,52400,52400.05,60,52420.8,60,15,6915
BANKNIFTY-III.NFO,04/11/2024,09:17:19,52400,52400,195,52420.8,75,0,6915
BANKNIFTY-III.NFO,04/11/2024,09:17:22,52400,52400.05,75,52420.8,75,0,6915
BANKNIFTY-III.NFO,04/11/2024,09:17:25,52400,52400.05,75,52420.8,60,0,6915
BANKNIFTY-III.NFO,04/11/2024,09:17:30,52400.05,52400.05,60,52420.8,75,15,6915
BANKNIFTY-III.NFO,04/11/2024,09:17:32,52400.05,52400.05,45,52420.8,60,15,6915
BANKNIFTY-III.NFO,04/11/2024,09:17:33,52400.05,52400.05,30,52420.85,30,45,6915
BANKNIFTY-III.NFO,04/11/2024,09:17:35,52422.6,52413.9,15,52425,900,60,6915
BANKNIFTY-III.NFO,04/11/2024,09:17:37,52425,52413.95,15,52439.75,60,900,6915
BANKNIFTY-III.NFO,04/11/2024,09:17:38,52428.5,52409.65,45,52428.5,15,15,6915
BANKNIFTY-III.NFO,04/11/2024,09:17:40,52409.65,52409.65,15,52428.5,30,15,6915
BANKNIFTY-III.NFO,04/11/2024,09:17:41,52409.65,52412.55,30,52439.75,60,0,6915
BANKNIFTY-III.NFO,04/11/2024,09:17:43,52409.65,52410,30,52427,45,0,6915
BANKNIFTY-III.NFO,04/11/2024,09:17:45,52409.65,52410,30,52427,15,0,6915
BANKNIFTY-III.NFO,04/11/2024,09:17:46,52409.65,52410,30,52424.95,45,0,6915
BANKNIFTY-III.NFO,04/11/2024,09:17:48,52409.65,52410,45,52439.75,60,0,6915
BANKNIFTY-III.NFO,04/11/2024,09:17:50,52409.65,52410,45,52426.8,30,0,6915
BANKNIFTY-III.NFO,04/11/2024,09:17:51,52409.65,52410,45,52428.5,30,0,6915
BANKNIFTY-III.NFO,04/11/2024,09:17:53,52409.65,52410,45,52428.45,60,0,6915
BANKNIFTY-III.NFO,04/11/2024,09:17:54,52409.65,52410,30,52424.95,45,0,6915
BANKNIFTY-III.NFO,04/11/2024,09:17:56,52409.65,52410,30,52424.95,15,0,6915
BANKNIFTY-III.NFO,04/11/2024,09:17:58,52409.65,52410,45,52428.4,30,0,6915
BANKNIFTY-III.NFO,04/11/2024,09:17:59,52409.65,52410,30,52424.45,15,0,6915
BANKNIFTY-III.NFO,04/11/2024,09:18:01,52409.65,52412.6,15,52439.75,60,0,6915
BANKNIFTY-III.NFO,04/11/2024,09:18:03,52409.65,52412.75,15,52430.5,30,0,6915
BANKNIFTY-III.NFO,04/11/2024,09:18:04,52409.65,52417.75,15,52439.8,30,0,6915
BANKNIFTY-III.NFO,04/11/2024,09:18:06,52409.65,52423.65,15,52439.8,30,0,6915
BANKNIFTY-III.NFO,04/11/2024,09:18:08,52409.65,52425.85,15,52439.8,30,0,6915
BANKNIFTY-III.NFO,04/11/2024,09:18:10,52425.85,52423.6,15,52439.75,60,15,6915
BANKNIFTY-III.NFO,04/11/2024,09:18:12,52439.8,52431.7,30,52439.8,30,15,6915
BANKNIFTY-III.NFO,04/11/2024,09:18:14,52439.8,52431.7,15,52439.8,30,0,6915
BANKNIFTY-III.NFO,04/11/2024,09:18:15,52439.8,52427.55,15,52439.8,30,0,6915
BANKNIFTY-III.NFO,04/11/2024,09:18:17,52439.8,52427.55,15,52439.8,30,15,6915
BANKNIFTY-III.NFO,04/11/2024,09:18:19,52427.55,52422.5,165,52439.8,30,15,6915
BANKNIFTY-III.NFO,04/11/2024,09:18:20,52427.55,52422.5,165,52439.8,60,0,6915
BANKNIFTY-III.NFO,04/11/2024,09:18:22,52427.55,52418.3,30,52439.75,60,0,6915
BANKNIFTY-III.NFO,04/11/2024,09:18:27,52427.55,52416.65,30,52427.55,15,0,6915
BANKNIFTY-III.NFO,04/11/2024,09:18:29,52427.55,52416,15,52427.55,15,15,6915
BANKNIFTY-III.NFO,04/11/2024,09:18:30,52427.55,52417,30,52434.65,60,0,6915
BANKNIFTY-III.NFO,04/11/2024,09:18:32,52427.55,52418.55,165,52439.75,75,0,6915
BANKNIFTY-III.NFO,04/11/2024,09:18:34,52427.55,52417,45,52437.15,60,15,6915
BANKNIFTY-III.NFO,04/11/2024,09:18:35,52427.55,52417,45,52439.95,60,0,6915
BANKNIFTY-III.NFO,04/11/2024,09:18:37,52427.55,52419.1,165,52439.95,60,0,6915
BANKNIFTY-III.NFO,04/11/2024,09:18:39,52427.55,52424.6,15,52439.95,60,0,6915
BANKNIFTY-III.NFO,04/11/2024,09:18:40,52427.55,52425.15,15,52440,15,0,6915
BANKNIFTY-III.NFO,04/11/2024,09:18:42,52427.55,52417,45,52436.75,75,0,6915
BANKNIFTY-III.NFO,04/11/2024,09:18:44,52427.55,52424.65,15,52440,15,0,6915
BANKNIFTY-III.NFO,04/11/2024,09:18:45,52425.65,52423.1,150,52439.95,15,15,7860
BANKNIFTY-III.NFO,04/11/2024,09:18:47,52425.65,52421.05,165,52440,30,0,7860
BANKNIFTY-III.NFO,04/11/2024,09:18:49,52425.65,52427.35,165,52440,15,0,7860
BANKNIFTY-III.NFO,04/11/2024,09:18:50,52425.65,52425.75,165,52440,15,0,7860
BANKNIFTY-III.NFO,04/11/2024,09:18:52,52425.65,52425.75,150,52427.55,15,0,7860
BANKNIFTY-III.NFO,04/11/2024,09:18:54,52425.65,52425.75,165,52427.55,15,0,7860
BANKNIFTY-III.NFO,04/11/2024,09:18:55,52427.55,52435.45,150,52440,15,15,7860
BANKNIFTY-III.NFO,04/11/2024,09:18:57,52427.55,52435.45,150,52440,15,0,7860
BANKNIFTY-III.NFO,04/11/2024,09:18:59,52427.55,52433.65,150,52440,15,0,7860
BANKNIFTY-III.NFO,04/11/2024,09:19:00,52427.55,52428.8,150,52440,15,0,7860
BANKNIFTY-III.NFO,04/11/2024,09:19:02,52427.55,52434.05,150,52440,15,0,7860
BANKNIFTY-III.NFO,04/11/2024,09:19:04,52427.55,52439.7,120,52440,15,0,7860
BANKNIFTY-III.NFO,04/11/2024,09:19:05,52440,52445.4,120,52450,930,15,7860
BANKNIFTY-III.NFO,04/11/2024,09:19:07,52440,52443.65,105,52450,930,0,7860
BANKNIFTY-III.NFO,04/11/2024,09:19:09,52440,52441.05,15,52450,930,0,7860
BANKNIFTY-III.NFO,04/11/2024,09:19:12,52440,52448,45,52450,930,0,7860
BANKNIFTY-III.NFO,04/11/2024,09:19:14,52450,52449.9,15,52450,390,540,7860
BANKNIFTY-III.NFO,04/11/2024,09:19:15,52450,52443.1,15,52450,390,0,7860
BANKNIFTY-III.NFO,04/11/2024,09:19:17,52450,52435.6,45,52450,390,0,7860
BANKNIFTY-III.NFO,04/11/2024,09:19:19,52450,52442.3,75,52450,375,15,7860
BANKNIFTY-III.NFO,04/11/2024,09:19:20,52450,52449.9,15,52450,75,300,7860
BANKNIFTY-III.NFO,04/11/2024,09:19:22,52450,52445.55,30,52465.75,30,75,7860
BANKNIFTY-III.NFO,04/11/2024,09:19:24,52450,52464.25,75,52477,30,0,7860
BANKNIFTY-III.NFO,04/11/2024,09:19:25,52450,52452.85,15,52472,45,0,7860
BANKNIFTY-III.NFO,04/11/2024,09:19:27,52450,52456,75,52467.85,45,0,7860
BANKNIFTY-III.NFO,04/11/2024,09:19:29,52467.85,52452.35,75,52474.65,60,150,7860
BANKNIFTY-III.NFO,04/11/2024,09:19:30,52467.85,52452.55,60,52474.65,60,0,7860
BANKNIFTY-III.NFO,04/11/2024,09:19:32,52467.85,52452.35,75,52474.2,60,0,7860
BANKNIFTY-III.NFO,04/11/2024,09:19:34,52467.85,52450.05,60,52468.95,60,0,7860
BANKNIFTY-III.NFO,04/11/2024,09:19:35,52467.85,52450,15,52458.5,75,0,7860
BANKNIFTY-III.NFO,04/11/2024,09:19:37,52450,52429.4,30,52455.2,60,15,7860
BANKNIFTY-III.NFO,04/11/2024,09:19:39,52450,52434.65,30,52442.65,75,0,7860
BANKNIFTY-III.NFO,04/11/2024,09:19:40,52450,52429.4,30,52435.1,75,0,7860
BANKNIFTY-III.NFO,04/11/2024,09:19:42,52429.85,52425,30,52434,15,30,7860
BANKNIFTY-III.NFO,04/11/2024,09:19:44,52429.85,52429.7,30,52443.95,75,0,7860
BANKNIFTY-III.NFO,04/11/2024,09:19:45,52429.85,52425.05,60,52441.25,60,0,7860
BANKNIFTY-III.NFO,04/11/2024,09:19:47,52429.85,52429.7,30,52441.65,60,0,7860
BANKNIFTY-III.NFO,04/11/2024,09:19:49,52429.85,52429.9,30,52445.75,60,0,7860
BANKNIFTY-III.NFO,04/11/2024,09:19:50,52429.85,52429.9,45,52449.9,60,0,7860
BANKNIFTY-III.NFO,04/11/2024,09:19:52,52429.85,52430.75,60,52457.2,60,0,7860
BANKNIFTY-III.NFO,04/11/2024,09:19:54,52429.85,52429.85,45,52453,60,0,7860
BANKNIFTY-III.NFO,04/11/2024,09:19:55,52429.85,52425,30,52437.8,60,30,7860
BANKNIFTY-III.NFO,04/11/2024,09:19:57,52429.85,52425,30,52435.6,45,0,7860
BANKNIFTY-III.NFO,04/11/2024,09:20:00,52429.85,52425,30,52436.2,45,15,7860
BANKNIFTY-III.NFO,04/11/2024,09:20:02,52425,52417,30,52429.8,60,30,7860
BANKNIFTY-III.NFO,04/11/2024,09:20:04,52425,52422.4,30,52429.8,45,0,7860
BANKNIFTY-III.NFO,04/11/2024,09:20:07,52425,52417,30,52429.8,45,0,7860
BANKNIFTY-III.NFO,04/11/2024,09:20:09,52417,52417,30,52429.8,45,15,7860
BANKNIFTY-III.NFO,04/11/2024,09:20:10,52417,52417,30,52429.35,45,0,7860
BANKNIFTY-III.NFO,04/11/2024,09:20:12,52417,52422,45,52437.05,45,15,7860
BANKNIFTY-III.NFO,04/11/2024,09:20:13,52417,52417,45,52439.65,90,0,7860
BANKNIFTY-III.NFO,04/11/2024,09:20:15,52417,52417,45,52436.05,60,0,7860
BANKNIFTY-III.NFO,04/11/2024,09:20:17,52417,52417,30,52429.6,60,0,7860
BANKNIFTY-III.NFO,04/11/2024,09:20:18,52417,52410.75,30,52420.8,45,0,7860
BANKNIFTY-III.NFO,04/11/2024,09:20:20,52417,52409.45,30,52415.7,45,0,7860
BANKNIFTY-III.NFO,04/11/2024,09:20:22,52409.2,52409.2,45,52427.6,45,30,7860
BANKNIFTY-III.NFO,04/11/2024,09:20:23,52409.2,52409.2,30,52424.25,45,0,7860
BANKNIFTY-III.NFO,04/11/2024,09:20:25,52409.2,52409.2,45,52431.3,45,0,7860
BANKNIFTY-III.NFO,04/11/2024,09:20:27,52409.2,52409.2,45,52431.25,45,0,7860
BANKNIFTY-III.NFO,04/11/2024,09:20:28,52409.2,52409.2,45,52429.15,45,0,7860
BANKNIFTY-III.NFO,04/11/2024,09:20:30,52409.2,52409.2,45,52433.1,45,0,7860
BANKNIFTY-III.NFO,04/11/2024,09:20:32,52409.2,52409.2,45,52432.4,45,0,7860
BANKNIFTY-III.NFO,04/11/2024,09:20:33,52409.2,52409.2,45,52430.55,45,0,7860
BANKNIFTY-III.NFO,04/11/2024,09:20:35,52409.2,52409.2,45,52432.4,45,0,7860
BANKNIFTY-III.NFO,04/11/2024,09:20:37,52409.2,52410,15,52428.05,45,15,7860
BANKNIFTY-III.NFO,04/11/2024,09:20:38,52409.2,52410,15,52425.45,45,0,7860
BANKNIFTY-III.NFO,04/11/2024,09:20:40,52409.2,52410,15,52421.05,60,0,7860
BANKNIFTY-III.NFO,04/11/2024,09:20:42,52409.2,52410,15,52419.2,45,0,7860
BANKNIFTY-III.NFO,04/11/2024,09:20:43,52409.2,52410,15,52419.8,45,0,7860
BANKNIFTY-III.NFO,04/11/2024,09:20:45,52409.2,52410,15,52426.65,45,0,7860
BANKNIFTY-III.NFO,04/11/2024,09:20:47,52409.2,52410,15,52428.15,60,0,7860
BANKNIFTY-III.NFO,04/11/2024,09:20:48,52409.2,52410,15,52424.95,45,0,7860
BANKNIFTY-III.NFO,04/11/2024,09:20:50,52409.2,52410,15,52424.75,45,0,7860
BANKNIFTY-III.NFO,04/11/2024,09:20:52,52409.2,52410,15,52423.85,45,0,7860
BANKNIFTY-III.NFO,04/11/2024,09:20:53,52409.2,52410,15,52420.2,60,0,7860
BANKNIFTY-III.NFO,04/11/2024,09:20:55,52409.2,52410,15,52420.05,45,0,7860
BANKNIFTY-III.NFO,04/11/2024,09:20:57,52410,52404,30,52415.95,45,15,7860
BANKNIFTY-III.NFO,04/11/2024,09:20:58,52410,52408.25,30,52423.65,45,0,7860
BANKNIFTY-III.NFO,04/11/2024,09:21:00,52410,52408.25,30,52421.5,45,0,7860
BANKNIFTY-III.NFO,04/11/2024,09:21:02,52410,52400,225,52410.05,60,0,7860
BANKNIFTY-III.NFO,04/11/2024,09:21:03,52410,52400,225,52410,45,0,7860
BANKNIFTY-III.NFO,04/11/2024,09:21:05,52400,52400,165,52410.5,45,60,7860
BANKNIFTY-III.NFO,04/11/2024,09:21:07,52400,52400,165,52410,45,0,7860
BANKNIFTY-III.NFO,04/11/2024,09:21:08,52400,52400,165,52410.05,45,0,7860
BANKNIFTY-III.NFO,04/11/2024,09:21:10,52400,52400,165,52407,45,0,7860
BANKNIFTY-III.NFO,04/11/2024,09:21:12,52400,52400,165,52404.4,30,0,7860
BANKNIFTY-III.NFO,04/11/2024,09:21:14,52388.5,52380,15,52392.1,30,180,7860
BANKNIFTY-III.NFO,04/11/2024,09:21:14,52388.5,52380,15,52392.1,30,0,7860
BANKNIFTY-III.NFO,04/11/2024,09:21:15,52388.5,52383.05,60,52396.25,15,0,7860
BANKNIFTY-III.NFO,04/11/2024,09:21:17,52388.5,52383.05,75,52398.85,45,0,7860
BANKNIFTY-III.NFO,04/11/2024,09:21:19,52383.05,52383.05,60,52397.35,60,15,7860
BANKNIFTY-III.NFO,04/11/2024,09:21:19,52383.05,52383.05,60,52397.35,60,0,7860
BANKNIFTY-III.NFO,04/11/2024,09:21:20,52383.05,52380.05,60,52394.2,60,0,7860
BANKNIFTY-III.NFO,04/11/2024,09:21:22,52383.05,52380,15,52393.3,75,0,7860
BANKNIFTY-III.NFO,04/11/2024,09:21:24,52383.05,52380,15,52387,15,0,7860
BANKNIFTY-III.NFO,04/11/2024,09:21:25,52383.05,52380,15,52389.75,15,0,7860
BANKNIFTY-III.NFO,04/11/2024,09:21:27,52383.05,52380,15,52388.3,15,0,7860
BANKNIFTY-III.NFO,04/11/2024,09:21:28,52383.05,52380.05,60,52389.9,15,0,7860
BANKNIFTY-III.NFO,04/11/2024,09:21:30,52383.05,52380.05,75,52389.9,15,0,7860
BANKNIFTY-III.NFO,04/11/2024,09:21:32,52383.05,52380.05,15,52394.4,60,0,7860
BANKNIFTY-III.NFO,04/11/2024,09:21:33,52383.05,52380,15,52384.9,15,0,7860
BANKNIFTY-III.NFO,04/11/2024,09:21:35,52380,52373.85,30,52383.1,15,15,7860
BANKNIFTY-III.NFO,04/11/2024,09:21:35,52380,52373.85,30,52383.1,15,0,7860
BANKNIFTY-III.NFO,04/11/2024,09:21:37,52380,52377.4,60,52390.85,15,0,7860
BANKNIFTY-III.NFO,04/11/2024,09:21:39,52380,52373.9,60,52385.65,15,0,7860
BANKNIFTY-III.NFO,04/11/2024,09:21:40,52380,52373.85,30,52384.5,15,0,7860
BANKNIFTY-III.NFO,04/11/2024,09:21:42,52380,52377.25,60,52392.85,150,0,7860
BANKNIFTY-III.NFO,04/11/2024,09:21:44,52381.95,52377.3,30,52395.05,30,30,8475
BANKNIFTY-III.NFO,04/11/2024,09:21:45,52381.95,52377.25,45,52394.85,30,0,8475
BANKNIFTY-III.NFO,04/11/2024,09:21:47,52381.95,52382.35,45,52394.85,15,0,8475
BANKNIFTY-III.NFO,04/11/2024,09:21:49,52381.95,52382.3,30,52399.85,15,0,8475
BANKNIFTY-III.NFO,04/11/2024,09:21:50,52381.95,52377.3,30,52395.25,75,0,8475
BANKNIFTY-III.NFO,04/11/2024,09:21:52,52381.95,52377.25,30,52394.45,75,0,8475
BANKNIFTY-III.NFO,04/11/2024,09:21:54,52381.95,52377.25,30,52391.45,15,0,8475
BANKNIFTY-III.NFO,04/11/2024,09:21:55,52381.95,52377.25,30,52392.95,60,0,8475
BANKNIFTY-III.NFO,04/11/2024,09:21:57,52381.95,52377.25,30,52390.35,15,0,8475
BANKNIFTY-III.NFO,04/11/2024,09:21:59,52381.95,52381.95,15,52394.75,60,0,8475
BANKNIFTY-III.NFO,04/11/2024,09:22:00,52381.95,52381.95,15,52393.45,75,0,8475
BANKNIFTY-III.NFO,04/11/2024,09:22:02,52381.95,52381.95,15,52386.65,75,0,8475
BANKNIFTY-III.NFO,04/11/2024,09:22:04,52381.95,52372.3,30,52385.15,30,15,8475
BANKNIFTY-III.NFO,04/11/2024,09:22:05,52381.95,52372.25,30,52386.5,75,0,8475
BANKNIFTY-III.NFO,04/11/2024,09:22:07,52381.95,52372.25,30,52384.1,75,0,8475
BANKNIFTY-III.NFO,04/11/2024,09:22:09,52381.95,52372.25,30,52384,60,0,8475
BANKNIFTY-III.NFO,04/11/2024,09:22:10,52381.95,52372.25,30,52383.2,60,0,8475
BANKNIFTY-III.NFO,04/11/2024,09:22:11,52381.95,52372.25,30,52383.9,75,0,8475
BANKNIFTY-III.NFO,04/11/2024,09:22:13,52381.95,52375.9,30,52385.85,15,0,8475
BANKNIFTY-III.NFO,04/11/2024,09:22:15,52382,52372.25,30,52383.15,60,15,8475
BANKNIFTY-III.NFO,04/11/2024,09:22:16,52382,52368.8,30,52381.25,60,0,8475
BANKNIFTY-III.NFO,04/11/2024,09:22:18,52382,52372.35,30,52381,15,0,8475
BANKNIFTY-III.NFO,04/11/2024,09:22:20,52382,52378,45,52391.4,60,0,8475
BANKNIFTY-III.NFO,04/11/2024,09:22:21,52382,52376.1,45,52391.55,60,0,8475
BANKNIFTY-III.NFO,04/11/2024,09:22:23,52382,52381.35,30,52398.55,75,0,8475
BANKNIFTY-III.NFO,04/11/2024,09:22:25,52382,52370.6,30,52391.3,60,0,8475
BANKNIFTY-III.NFO,04/11/2024,09:22:26,52382,52368.85,45,52385.9,60,0,8475
BANKNIFTY-III.NFO,04/11/2024,09:22:28,52382,52373.85,30,52383.75,15,0,8475
BANKNIFTY-III.NFO,04/11/2024,09:22:30,52382,52370.55,45,52383.75,15,0,8475
BANKNIFTY-III.NFO,04/11/2024,09:22:31,52382,52374.4,45,52383.65,15,0,8475
BANKNIFTY-III.NFO,04/11/2024,09:22:33,52382,52382,210,52392.55,75,0,8475
BANKNIFTY-III.NFO,04/11/2024,09:22:35,52382,52382,210,52384.3,60,0,8475
BANKNIFTY-III.NFO,04/11/2024,09:22:36,52382,52382,135,52386.8,60,75,8475
BANKNIFTY-III.NFO,04/11/2024,09:22:38,52382,52382,135,52387.3,60,0,8475
BANKNIFTY-III.NFO,04/11/2024,09:22:40,52382,52382,105,52387.1,60,30,8475
BANKNIFTY-III.NFO,04/11/2024,09:22:41,52382,52382,90,52389,60,15,8475
BANKNIFTY-III.NFO,04/11/2024,09:22:43,52382,52382,90,52393.6,75,0,8475
BANKNIFTY-III.NFO,04/11/2024,09:22:45,52382,52382,90,52385.35,60,0,8475
BANKNIFTY-III.NFO,04/11/2024,09:22:46,52382,52382,90,52394.75,60,0,8475
BANKNIFTY-III.NFO,04/11/2024,09:22:48,52395.3,52382,105,52393,150,150,8475
BANKNIFTY-III.NFO,04/11/2024,09:22:50,52395.3,52382,105,52394.2,150,0,8475
BANKNIFTY-III.NFO,04/11/2024,09:22:53,52395.3,52382.05,15,52397.4,30,0,8475
BANKNIFTY-III.NFO,04/11/2024,09:22:55,52382.05,52382.05,75,52395.45,45,15,8475
BANKNIFTY-III.NFO,04/11/2024,09:22:56,52382.05,52382,90,52394,45,0,8475
BANKNIFTY-III.NFO,04/11/2024,09:22:58,52382.05,52382,90,52392.35,45,0,8475
BANKNIFTY-III.NFO,04/11/2024,09:23:00,52382.05,52382.05,75,52395.5,150,0,8475
BANKNIFTY-III.NFO,04/11/2024,09:23:01,52382.05,52382.15,60,52395.15,150,0,8475
BANKNIFTY-III.NFO,04/11/2024,09:23:03,52382.05,52382.1,60,52399.9,45,0,8475
BANKNIFTY-III.NFO,04/11/2024,09:23:04,52382.05,52382.9,60,52402.15,30,0,8475
BANKNIFTY-III.NFO,04/11/2024,09:23:06,52382.05,52382.05,75,52397.1,60,15,8475
BANKNIFTY-III.NFO,04/11/2024,09:23:08,52382.05,52382,90,52395.4,60,0,8475
BANKNIFTY-III.NFO,04/11/2024,09:23:10,52382,52380,15,52386.7,60,105,8475
BANKNIFTY-III.NFO,04/11/2024,09:23:11,52380,52380,660,52383.05,165,255,8475
BANKNIFTY-III.NFO,04/11/2024,09:23:11,52377.55,52380,660,52383.05,165,0,8475
BANKNIFTY-III.NFO,04/11/2024,09:23:13,52380,52380,660,52392.05,15,0,8475
BANKNIFTY-III.NFO,04/11/2024,09:23:15,52380,52380,660,52392.05,45,0,8475
BANKNIFTY-III.NFO,04/11/2024,09:23:16,52380,52380,660,52389.2,45,0,8475
BANKNIFTY-III.NFO,04/11/2024,09:23:18,52380,52380,660,52386.7,150,0,8475
BANKNIFTY-III.NFO,04/11/2024,09:23:20,52380,52380,660,52387.15,165,0,8475
BANKNIFTY-III.NFO,04/11/2024,09:23:21,52380,52380.05,60,52395.6,45,0,8475
BANKNIFTY-III.NFO,04/11/2024,09:23:23,52380,52370.9,75,52389.85,165,0,8475
BANKNIFTY-III.NFO,04/11/2024,09:23:24,52380,52374.6,30,52389.85,165,0,8475
BANKNIFTY-III.NFO,04/11/2024,09:23:26,52380,52374.6,45,52389,150,0,8475
BANKNIFTY-III.NFO,04/11/2024,09:23:28,52380,52375.6,45,52380,30,0,8475
BANKNIFTY-III.NFO,04/11/2024,09:23:29,52380,52370.9,60,52380,30,0,8475
BANKNIFTY-III.NFO,04/11/2024,09:23:34,52380,52371.3,30,52380,30,0,8475
BANKNIFTY-III.NFO,04/11/2024,09:23:36,52380,52370.55,60,52380,30,0,8475
BANKNIFTY-III.NFO,04/11/2024,09:23:38,52380,52370.65,30,52380,30,0,8475
BANKNIFTY-III.NFO,04/11/2024,09:23:39,52380,52370,660,52380,30,0,8475
BANKNIFTY-III.NFO,04/11/2024,09:23:43,52380,52370,660,52380,15,15,8475
BANKNIFTY-III.NFO,04/11/2024,09:23:44,52380,52370,660,52379.7,150,0,8475
BANKNIFTY-III.NFO,04/11/2024,09:23:46,52380,52370,660,52380.25,15,45,8475
BANKNIFTY-III.NFO,04/11/2024,09:23:48,52380,52370,660,52379.85,15,0,8475
BANKNIFTY-III.NFO,04/11/2024,09:23:49,52380,52370.05,75,52383.25,15,0,8475
BANKNIFTY-III.NFO,04/11/2024,09:23:51,52380,52373.95,60,52389.25,150,0,8475
BANKNIFTY-III.NFO,04/11/2024,09:23:53,52380,52367.15,30,52375,900,0,8475
BANKNIFTY-III.NFO,04/11/2024,09:23:55,52380,52367.2,60,52375,900,0,8475
BANKNIFTY-III.NFO,04/11/2024,09:23:56,52380,52370.55,60,52375,900,0,8475
BANKNIFTY-III.NFO,04/11/2024,09:23:58,52380,52367.2,60,52375,900,0,8475
BANKNIFTY-III.NFO,04/11/2024,09:24:00,52380,52370.55,60,52375,900,0,8475
BANKNIFTY-III.NFO,04/11/2024,09:24:01,52368.75,52367.2,75,52375,900,75,8475
BANKNIFTY-III.NFO,04/11/2024,09:24:01,52368.75,52367.2,75,52375,900,0,8475
BANKNIFTY-III.NFO,04/11/2024,09:24:03,52368.75,52367.2,75,52375,900,0,8475
BANKNIFTY-III.NFO,04/11/2024,09:24:05,52375,52370.6,75,52375,795,105,8475
BANKNIFTY-III.NFO,04/11/2024,09:24:06,52375,52370.6,75,52375,795,0,8475
BANKNIFTY-III.NFO,04/11/2024,09:24:08,52375,52370.6,75,52375,765,30,8475
BANKNIFTY-III.NFO,04/11/2024,09:24:10,52375,52370.6,75,52375,765,0,8475
BANKNIFTY-III.NFO,04/11/2024,09:24:15,52375,52367.25,60,52375,765,0,8475
BANKNIFTY-III.NFO,04/11/2024,09:24:20,52375,52373.1,60,52375,345,420,8475
BANKNIFTY-III.NFO,04/11/2024,09:24:21,52375,52374.05,60,52399,30,345,8475
BANKNIFTY-III.NFO,04/11/2024,09:24:23,52375,52374.05,60,52392.1,30,0,8475
BANKNIFTY-III.NFO,04/11/2024,09:24:28,52375,52370,60,52392.1,45,0,8475
BANKNIFTY-III.NFO,04/11/2024,09:24:30,52375,52370,60,52389.85,15,0,8475
BANKNIFTY-III.NFO,04/11/2024,09:24:31,52375,52370,60,52391.75,30,0,8475
BANKNIFTY-III.NFO,04/11/2024,09:24:33,52375,52370,60,52390.35,45,0,8475
BANKNIFTY-III.NFO,04/11/2024,09:24:36,52375,52367.05,60,52385.1,45,0,8475
BANKNIFTY-III.NFO,04/11/2024,09:24:38,52375,52367.05,75,52387.7,45,0,8475
BANKNIFTY-III.NFO,04/11/2024,09:24:40,52375,52367,15,52378.45,60,0,8475
BANKNIFTY-III.NFO,04/11/2024,09:24:41,52375,52367,15,52372.75,45,0,8475
BANKNIFTY-III.NFO,04/11/2024,09:24:43,52367,52365,660,52370.75,60,15,9030
BANKNIFTY-III.NFO,04/11/2024,09:24:43,52367,52365,660,52370.75,60,0,9030
BANKNIFTY-III.NFO,04/11/2024,09:24:45,52365,52365,570,52367.7,45,90,9030
BANKNIFTY-III.NFO,04/11/2024,09:24:45,52365,52365,570,52367.7,45,0,9030
BANKNIFTY-III.NFO,04/11/2024,09:24:46,52365,52365,570,52367.2,60,0,9030
BANKNIFTY-III.NFO,04/11/2024,09:24:48,52362,52351.4,30,52365.5,60,600,9030
BANKNIFTY-III.NFO,04/11/2024,09:24:48,52362,52351.4,30,52365.5,60,0,9030
BANKNIFTY-III.NFO,04/11/2024,09:24:50,52362,52353.6,30,52365.5,60,0,9030
BANKNIFTY-III.NFO,04/11/2024,09:24:51,52362,52353.6,30,52365.4,45,0,9030
BANKNIFTY-III.NFO,04/11/2024,09:24:53,52362,52353.6,30,52365.35,45,0,9030
BANKNIFTY-III.NFO,04/11/2024,09:24:55,52362,52353.6,30,52363.9,45,0,9030
BANKNIFTY-III.NFO,04/11/2024,09:24:56,52362,52351.4,30,52361.8,60,0,9030
BANKNIFTY-III.NFO,04/11/2024,09:24:58,52351.4,52350,15,52361.05,60,15,9030
BANKNIFTY-III.NFO,04/11/2024,09:24:58,52351.4,52350,15,52361.05,60,0,9030
BANKNIFTY-III.NFO,04/11/2024,09:25:00,52351.4,52351.4,30,52360.85,45,0,9030
BANKNIFTY-III.NFO,04/11/2024,09:25:01,52338,52322,15,52355.4,45,120,9030
BANKNIFTY-III.NFO,04/11/2024,09:25:01,52338,52322,15,52355.4,45,0,9030
BANKNIFTY-III.NFO,04/11/2024,09:25:03,52338.3,52323.1,15,52345.25,60,30,9030
BANKNIFTY-III.NFO,04/11/2024,09:25:05,52338.3,52323.1,15,52345.15,60,0,9030
BANKNIFTY-III.NFO,04/11/2024,09:25:06,52338.3,52322,30,52343.55,45,0,9030
BANKNIFTY-III.NFO,04/11/2024,09:25:08,52338.3,52322,15,52341.85,45,0,9030
BANKNIFTY-III.NFO,04/11/2024,09:25:10,52338.3,52322,30,52341.2,45,0,9030
BANKNIFTY-III.NFO,04/11/2024,09:25:12,52337.45,52322,15,52337.95,45,15,9030
BANKNIFTY-III.NFO,04/11/2024,09:25:12,52337.45,52322,15,52337.95,45,0,9030
BANKNIFTY-III.NFO,04/11/2024,09:25:13,52337.45,52322,30,52338.25,30,0,9030
BANKNIFTY-III.NFO,04/11/2024,09:25:15,52337.45,52312.95,60,52335.75,45,0,9030
BANKNIFTY-III.NFO,04/11/2024,09:25:17,52337.45,52310.05,75,52334.25,45,0,9030
BANKNIFTY-III.NFO,04/11/2024,09:25:18,52337.45,52310.05,75,52332.5,30,0,9030
BANKNIFTY-III.NFO,04/11/2024,09:25:20,52337.45,52310.05,75,52334.4,30,0,9030
BANKNIFTY-III.NFO,04/11/2024,09:25:22,52337.45,52310.1,60,52338.25,30,0,9030
BANKNIFTY-III.NFO,04/11/2024,09:25:23,52337.45,52313.55,60,52338.25,45,0,9030
BANKNIFTY-III.NFO,04/11/2024,09:25:25,52337.45,52315.2,60,52338.25,45,0,9030
BANKNIFTY-III.NFO,04/11/2024,09:25:27,52315.2,52315.2,60,52338.3,45,15,9030
BANKNIFTY-III.NFO,04/11/2024,09:25:27,52315.2,52315.2,60,52338.3,45,0,9030
BANKNIFTY-III.NFO,04/11/2024,09:25:28,52315.2,52317.9,60,52338.3,45,0,9030
BANKNIFTY-III.NFO,04/11/2024,09:25:30,52315.2,52317.9,60,52338.25,60,0,9030
BANKNIFTY-III.NFO,04/11/2024,09:25:32,52315.2,52317.9,60,52338.25,45,0,9030
BANKNIFTY-III.NFO,04/11/2024,09:25:33,52325,52317.9,60,52338.25,45,15,9030
BANKNIFTY-III.NFO,04/11/2024,09:25:35,52325,52315.05,75,52338.2,45,0,9030
BANKNIFTY-III.NFO,04/11/2024,09:25:37,52325,52315.05,75,52337.95,60,0,9030
BANKNIFTY-III.NFO,04/11/2024,09:25:38,52325,52315.05,75,52336.5,45,0,9030
BANKNIFTY-III.NFO,04/11/2024,09:25:40,52325,52315.05,75,52336.4,45,0,9030
BANKNIFTY-III.NFO,04/11/2024,09:25:42,52325,52315.05,75,52336.5,45,0,9030
BANKNIFTY-III.NFO,04/11/2024,09:25:43,52325,52315.05,75,52338.25,60,0,9030
BANKNIFTY-III.NFO,04/11/2024,09:25:45,52325,52325,15,52338.25,45,0,9030
BANKNIFTY-III.NFO,04/11/2024,09:25:47,52325,52325,30,52338.25,45,0,9030
BANKNIFTY-III.NFO,04/11/2024,09:25:50,52325.05,52325.05,60,52338.3,45,15,9030
BANKNIFTY-III.NFO,04/11/2024,09:25:52,52325.05,52325.7,60,52338.3,45,0,9030
BANKNIFTY-III.NFO,04/11/2024,09:25:53,52338.3,52332.1,60,52344.2,30,45,9030
BANKNIFTY-III.NFO,04/11/2024,09:25:55,52338.3,52342.05,75,52356.05,30,0,9030
BANKNIFTY-III.NFO,04/11/2024,09:25:57,52356.05,52341.5,60,52356.05,30,15,9030
BANKNIFTY-III.NFO,04/11/2024,09:25:58,52356.05,52341.5,60,52354.95,30,0,9030
BANKNIFTY-III.NFO,04/11/2024,09:26:00,52356.05,52344.65,60,52361.55,30,0,9030
BANKNIFTY-III.NFO,04/11/2024,09:26:02,52356.05,52351.55,60,52365,30,0,9030
BANKNIFTY-III.NFO,04/11/2024,09:26:03,52356.05,52351.65,75,52365,30,0,9030
BANKNIFTY-III.NFO,04/11/2024,09:26:05,52356.05,52357.35,75,52367.5,30,0,9030
BANKNIFTY-III.NFO,04/11/2024,09:26:07,52356.05,52353.65,60,52367.5,30,0,9030
BANKNIFTY-III.NFO,04/11/2024,09:26:08,52364.1,52349.7,75,52367.45,75,15,9030
BANKNIFTY-III.NFO,04/11/2024,09:26:10,52364.1,52360.45,60,52369.45,30,0,9030
BANKNIFTY-III.NFO,04/11/2024,09:26:12,52364.1,52360.05,75,52369.45,30,0,9030
BANKNIFTY-III.NFO,04/11/2024,09:26:13,52364.1,52359.5,60,52374.5,30,0,9030
BANKNIFTY-III.NFO,04/11/2024,09:26:15,52364.1,52350.75,60,52374.5,45,0,9030
BANKNIFTY-III.NFO,04/11/2024,09:26:17,52364.1,52350.05,75,52372,60,0,9030
BANKNIFTY-III.NFO,04/11/2024,09:26:18,52364.1,52350.05,60,52372,60,0,9030
BANKNIFTY-III.NFO,04/11/2024,09:26:20,52364.1,52350,15,52368.8,60,0,9030
BANKNIFTY-III.NFO,04/11/2024,09:26:22,52364.1,52350.05,75,52368.8,60,0,9030
BANKNIFTY-III.NFO,04/11/2024,09:26:23,52364.1,52350,15,52364.05,75,0,9030
BANKNIFTY-III.NFO,04/11/2024,09:26:28,52364.1,52350.05,60,52364.05,60,0,9030
BANKNIFTY-III.NFO,04/11/2024,09:26:30,52364.1,52350.05,60,52364.05,75,0,9030
BANKNIFTY-III.NFO,04/11/2024,09:26:32,52364.1,52350.05,60,52364.1,135,0,9030
BANKNIFTY-III.NFO,04/11/2024,09:26:33,52364.1,52353,75,52364.1,135,0,9030
BANKNIFTY-III.NFO,04/11/2024,09:26:35,52364.1,52353.05,60,52364.1,135,0,9030
BANKNIFTY-III.NFO,04/11/2024,09:26:36,52364.1,52350.1,60,52364.1,135,0,9030
BANKNIFTY-III.NFO,04/11/2024,09:26:40,52364.1,52351.5,60,52364.1,135,0,9030
BANKNIFTY-III.NFO,04/11/2024,09:26:43,52364.1,52356.05,75,52360,15,0,9030
BANKNIFTY-III.NFO,04/11/2024,09:26:45,52360,52358.2,75,52364.1,135,15,9030
BANKNIFTY-III.NFO,04/11/2024,09:26:46,52364.1,52359.6,75,52364.1,120,15,9030
BANKNIFTY-III.NFO,04/11/2024,09:26:48,52364.1,52356.4,75,52364.1,120,0,9030
BANKNIFTY-III.NFO,04/11/2024,09:26:50,52364.1,52361.7,30,52364.1,120,0,9030
BANKNIFTY-III.NFO,04/11/2024,09:26:51,52364.1,52358.2,75,52364.1,120,0,9030
BANKNIFTY-III.NFO,04/11/2024,09:26:53,52364.1,52358.7,30,52364.1,120,0,9030
BANKNIFTY-III.NFO,04/11/2024,09:26:55,52364.1,52350.05,60,52364.05,75,0,9030
BANKNIFTY-III.NFO,04/11/2024,09:26:56,52364.1,52350,15,52364.05,75,0,9030
BANKNIFTY-III.NFO,04/11/2024,09:27:00,52364.1,52350.05,75,52364.1,120,0,9030
BANKNIFTY-III.NFO,04/11/2024,09:27:01,52374.6,52364.65,60,52370.55,30,150,9030
BANKNIFTY-III.NFO,04/11/2024,09:27:03,52356.6,52360.4,15,52373.9,30,45,9030
BANKNIFTY-III.NFO,04/11/2024,09:27:05,52356.6,52357.25,30,52371.65,30,0,9030
BANKNIFTY-III.NFO,04/11/2024,09:27:06,52356.6,52354.75,15,52369.3,60,0,9030
BANKNIFTY-III.NFO,04/11/2024,09:27:08,52356.6,52350.05,30,52367.05,75,0,9030
BANKNIFTY-III.NFO,04/11/2024,09:27:10,52356.6,52350,15,52367.05,75,0,9030
BANKNIFTY-III.NFO,04/11/2024,09:27:15,52356.6,52350.05,15,52369.3,60,0,9030
BANKNIFTY-III.NFO,04/11/2024,09:27:16,52356.6,52350.05,15,52371.6,75,0,9030
BANKNIFTY-III.NFO,04/11/2024,09:27:18,52356.6,52350,30,52369.35,75,0,9030
BANKNIFTY-III.NFO,04/11/2024,09:27:20,52356.6,52350.05,30,52368.9,75,0,9030
BANKNIFTY-III.NFO,04/11/2024,09:27:21,52356.6,52355.95,15,52373.85,60,0,9030
BANKNIFTY-III.NFO,04/11/2024,09:27:23,52356.6,52357.3,30,52369.25,60,45,9030
BANKNIFTY-III.NFO,04/11/2024,09:27:25,52356.6,52350,15,52367,60,0,9030
BANKNIFTY-III.NFO,04/11/2024,09:27:26,52363.4,52350,15,52367,75,30,9030
BANKNIFTY-III.NFO,04/11/2024,09:27:28,52363.4,52350,15,52363.25,75,0,9030
BANKNIFTY-III.NFO,04/11/2024,09:27:30,52363.4,52350,15,52366.95,60,0,9030
BANKNIFTY-III.NFO,04/11/2024,09:27:31,52363.4,52350,15,52364.6,75,0,9030
BANKNIFTY-III.NFO,04/11/2024,09:27:33,52360,52337.2,45,52360.35,60,15,9030
BANKNIFTY-III.NFO,04/11/2024,09:27:34,52360,52341.2,45,52362.3,75,0,9030
BANKNIFTY-III.NFO,04/11/2024,09:27:36,52360,52346.65,45,52367,75,0,9030
BANKNIFTY-III.NFO,04/11/2024,09:27:38,52360,52342.35,45,52364.75,60,0,9030
BANKNIFTY-III.NFO,04/11/2024,09:27:39,52342.5,52344.75,30,52364.75,60,30,9030
BANKNIFTY-III.NFO,04/11/2024,09:27:41,52342.5,52344.75,30,52367,75,0,9030
BANKNIFTY-III.NFO,04/11/2024,09:27:43,52342.5,52330.65,15,52358.9,60,0,9030
BANKNIFTY-III.NFO,04/11/2024,09:27:44,52342.5,52335.3,15,52358.9,60,0,9030
BANKNIFTY-III.NFO,04/11/2024,09:27:46,52342.5,52328.2,15,52358,60,0,9030
BANKNIFTY-III.NFO,04/11/2024,09:27:48,52358,52328.2,45,52357.1,60,30,8730
BANKNIFTY-III.NFO,04/11/2024,09:27:49,52358,52331.05,45,52358.9,60,0,8730
BANKNIFTY-III.NFO,04/11/2024,09:27:51,52358,52328.2,45,52358.8,60,0,8730
BANKNIFTY-III.NFO,04/11/2024,09:27:53,52358,52328.2,45,52358.05,60,0,8730
BANKNIFTY-III.NFO,04/11/2024,09:27:54,52358,52328.2,45,52357.1,60,0,8730
BANKNIFTY-III.NFO,04/11/2024,09:27:56,52358,52328.2,45,52356.6,60,0,8730
BANKNIFTY-III.NFO,04/11/2024,09:27:58,52358,52328.2,45,52358.9,60,0,8730
BANKNIFTY-III.NFO,04/11/2024,09:27:59,52358,52335.5,45,52361.6,60,0,8730
BANKNIFTY-III.NFO,04/11/2024,09:28:01,52358,52333.4,45,52360.4,60,0,8730
BANKNIFTY-III.NFO,04/11/2024,09:28:03,52358,52325.05,45,52354.15,60,0,8730
BANKNIFTY-III.NFO,04/11/2024,09:28:04,52358,52325.05,60,52345.3,60,0,8730
BANKNIFTY-III.NFO,04/11/2024,09:28:08,52358,52325,15,52344,60,0,8730
BANKNIFTY-III.NFO,04/11/2024,09:28:10,52358,52325.05,45,52346.95,60,0,8730
BANKNIFTY-III.NFO,04/11/2024,09:28:11,52358,52325.05,60,52346.95,60,0,8730
BANKNIFTY-III.NFO,04/11/2024,09:28:13,52358,52325.05,60,52352.55,60,0,8730
BANKNIFTY-III.NFO,04/11/2024,09:28:15,52349.3,52325.05,75,52348.4,60,15,8730
BANKNIFTY-III.NFO,04/11/2024,09:28:17,52349.3,52325,30,52344.1,60,0,8730
BANKNIFTY-III.NFO,04/11/2024,09:28:18,52349.3,52325.05,75,52343.9,75,0,8730
BANKNIFTY-III.NFO,04/11/2024,09:28:20,52349.3,52338,15,52343.8,60,0,8730
BANKNIFTY-III.NFO,04/11/2024,09:28:22,52349.3,52338,15,52344.65,75,0,8730
BANKNIFTY-III.NFO,04/11/2024,09:28:23,52349.3,52338,15,52344.45,60,0,8730
BANKNIFTY-III.NFO,04/11/2024,09:28:25,52349.3,52338,15,52344.75,75,0,8730
BANKNIFTY-III.NFO,04/11/2024,09:28:27,52349.3,52338,15,52347.1,75,0,8730
BANKNIFTY-III.NFO,04/11/2024,09:28:28,52349.3,52338,15,52344.65,75,0,8730
BANKNIFTY-III.NFO,04/11/2024,09:28:30,52344.25,52325.05,15,52344.25,45,30,8730
BANKNIFTY-III.NFO,04/11/2024,09:28:32,52344.25,52325.05,75,52349.85,60,0,8730
BANKNIFTY-III.NFO,04/11/2024,09:28:33,52344.25,52329.1,60,52350,15,0,8730
BANKNIFTY-III.NFO,04/11/2024,09:28:35,52344.25,52335.5,60,52350,15,0,8730
BANKNIFTY-III.NFO,04/11/2024,09:28:37,52344.25,52325.05,75,52346.6,45,0,8730
BANKNIFTY-III.NFO,04/11/2024,09:28:38,52344.25,52325.05,75,52345.9,45,0,8730
BANKNIFTY-III.NFO,04/11/2024,09:28:40,52344.25,52325,30,52343.2,90,0,8730
BANKNIFTY-III.NFO,04/11/2024,09:28:42,52344.25,52325.05,75,52348.5,75,0,8730
BANKNIFTY-III.NFO,04/11/2024,09:28:43,52345,52325.05,75,52346.25,60,15,8730
BANKNIFTY-III.NFO,04/11/2024,09:28:45,52345,52325.05,75,52348.5,45,0,8730
BANKNIFTY-III.NFO,04/11/2024,09:28:47,52345,52325.05,60,52346.2,45,0,8730
BANKNIFTY-III.NFO,04/11/2024,09:28:48,52325.05,52325.05,60,52344.4,60,15,8730
BANKNIFTY-III.NFO,04/11/2024,09:28:50,52325.05,52325.05,60,52344.3,60,0,8730
BANKNIFTY-III.NFO,04/11/2024,09:28:52,52325.05,52325.05,30,52341.8,75,30,8730
BANKNIFTY-III.NFO,04/11/2024,09:28:53,52325.05,52325,15,52340.7,60,0,8730
BANKNIFTY-III.NFO,04/11/2024,09:28:55,52325.05,52325,15,52341.1,60,0,8730
BANKNIFTY-III.NFO,04/11/2024,09:28:57,52325.05,52325,15,52339.1,60,0,8730
BANKNIFTY-III.NFO,04/11/2024,09:28:58,52325.05,52325,15,52336.45,60,0,8730
BANKNIFTY-III.NFO,04/11/2024,09:29:00,52325.05,52325,15,52342.5,75,0,8730
BANKNIFTY-III.NFO,04/11/2024,09:29:02,52325.05,52325,15,52338.9,75,0,8730
BANKNIFTY-III.NFO,04/11/2024,09:29:03,52325.05,52325,15,52328.7,75,0,8730
BANKNIFTY-III.NFO,04/11/2024,09:29:05,52338.9,52319.45,30,52337.1,30,390,8730
BANKNIFTY-III.NFO,04/11/2024,09:29:07,52338.9,52325,15,52338.15,30,0,8730
BANKNIFTY-III.NFO,04/11/2024,09:29:08,52338.9,52325,15,52336.45,45,0,8730
BANKNIFTY-III.NFO,04/11/2024,09:29:09,52338.9,52325,15,52335.95,30,0,8730
BANKNIFTY-III.NFO,04/11/2024,09:29:11,52338.9,52325,15,52333.15,45,0,8730
BANKNIFTY-III.NFO,04/11/2024,09:29:13,52338.9,52325,15,52332.75,45,0,8730
BANKNIFTY-III.NFO,04/11/2024,09:29:16,52338.9,52325,15,52335.6,45,0,8730
BANKNIFTY-III.NFO,04/11/2024,09:29:18,52338.9,52325,15,52329.05,45,0,8730
BANKNIFTY-III.NFO,04/11/2024,09:29:19,52325,52317,30,52329.3,30,15,8730
BANKNIFTY-III.NFO,04/11/2024,09:29:21,52325,52317,30,52328.65,45,0,8730
BANKNIFTY-III.NFO,04/11/2024,09:29:23,52315,52315,15,52326.8,45,15,8730
BANKNIFTY-III.NFO,04/11/2024,09:29:23,52315,52315,15,52326.8,45,0,8730
BANKNIFTY-III.NFO,04/11/2024,09:29:24,52315,52315,15,52326.8,30,0,8730
BANKNIFTY-III.NFO,04/11/2024,09:29:26,52315,52317.3,30,52334.15,45,0,8730
BANKNIFTY-III.NFO,04/11/2024,09:29:28,52315,52315,30,52328.5,30,0,8730
BANKNIFTY-III.NFO,04/11/2024,09:29:29,52315,52315,15,52328.1,30,0,8730
BANKNIFTY-III.NFO,04/11/2024,09:29:31,52315,52314.75,30,52327.6,30,15,8730
BANKNIFTY-III.NFO,04/11/2024,09:29:33,52315,52317,30,52331.25,45,0,8730
BANKNIFTY-III.NFO,04/11/2024,09:29:34,52317,52317.2,75,52336.1,45,30,8730
BANKNIFTY-III.NFO,04/11/2024,09:29:36,52317,52317.2,75,52338.6,45,0,8730
BANKNIFTY-III.NFO,04/11/2024,09:29:38,52317,52317.2,60,52336.15,30,0,8730
BANKNIFTY-III.NFO,04/11/2024,09:29:39,52317,52317.15,30,52335.55,30,0,8730
BANKNIFTY-III.NFO,04/11/2024,09:29:41,52317,52308.9,60,52317,15,0,8730
BANKNIFTY-III.NFO,04/11/2024,09:29:43,52317,52308.9,75,52326.55,15,15,8730
BANKNIFTY-III.NFO,04/11/2024,09:29:44,52317,52308.9,60,52326.3,30,0,8730
BANKNIFTY-III.NFO,04/11/2024,09:29:46,52317,52306.65,30,52323.8,30,0,8730
BANKNIFTY-III.NFO,04/11/2024,09:29:48,52317,52308.9,75,52322.6,15,0,8730
BANKNIFTY-III.NFO,04/11/2024,09:29:49,52317,52308.9,75,52328.3,45,0,8730
BANKNIFTY-III.NFO,04/11/2024,09:29:51,52317,52308.9,75,52330.9,45,0,8730
BANKNIFTY-III.NFO,04/11/2024,09:29:53,52317,52308.9,60,52328.7,30,0,8730
BANKNIFTY-III.NFO,04/11/2024,09:29:54,52317,52308.9,75,52327.25,30,0,8730
BANKNIFTY-III.NFO,04/11/2024,09:29:56,52317,52308.9,75,52330.7,45,0,8730
BANKNIFTY-III.NFO,04/11/2024,09:29:58,52317,52308.9,60,52317,15,0,8730
BANKNIFTY-III.NFO,04/11/2024,09:30:01,52317,52308,15,52316.95,45,0,8730
BANKNIFTY-III.NFO,04/11/2024,09:30:03,52317,52308.05,60,52317,15,0,8730
BANKNIFTY-III.NFO,04/11/2024,09:30:06,52317,52308.05,60,52319.65,15,15,8730
BANKNIFTY-III.NFO,04/11/2024,09:30:08,52317,52308.05,75,52322.85,15,0,8730
BANKNIFTY-III.NFO,04/11/2024,09:30:09,52317,52308.05,75,52322.6,30,0,8730
BANKNIFTY-III.NFO,04/11/2024,09:30:11,52317,52308.05,60,52322.15,30,0,8730
BANKNIFTY-III.NFO,04/11/2024,09:30:13,52317,52308.05,60,52321.9,30,0,8730
BANKNIFTY-III.NFO,04/11/2024,09:30:14,52317,52308.05,60,52321.4,15,0,8730
BANKNIFTY-III.NFO,04/11/2024,09:30:16,52317,52308.05,75,52332.6,15,0,8730
BANKNIFTY-III.NFO,04/11/2024,09:30:18,52317,52315.7,75,52334.15,30,0,8730
BANKNIFTY-III.NFO,04/11/2024,09:30:19,52317,52325.9,75,52333.8,30,0,8730
BANKNIFTY-III.NFO,04/11/2024,09:30:21,52336.4,52329.7,75,52338.85,30,30,8730
BANKNIFTY-III.NFO,04/11/2024,09:30:23,52336.6,52336.7,60,52340,600,15,8730
BANKNIFTY-III.NFO,04/11/2024,09:30:24,52336.6,52335.9,75,52340,600,0,8730
BANKNIFTY-III.NFO,04/11/2024,09:30:26,52336.6,52329.95,60,52340,600,0,8730
BANKNIFTY-III.NFO,04/11/2024,09:30:28,52336.6,52325.9,60,52339.7,30,0,8730
BANKNIFTY-III.NFO,04/11/2024,09:30:29,52336.6,52326.35,75,52340,600,0,8730
BANKNIFTY-III.NFO,04/11/2024,09:30:31,52336.6,52326.15,60,52340,600,0,8730
BANKNIFTY-III.NFO,04/11/2024,09:30:33,52336.6,52316.95,75,52334.9,75,0,8730
BANKNIFTY-III.NFO,04/11/2024,09:30:34,52336.6,52321,75,52337.75,30,0,8730
BANKNIFTY-III.NFO,04/11/2024,09:30:36,52336.6,52327.65,60,52340,600,0,8730
BANKNIFTY-III.NFO,04/11/2024,09:30:38,52336.6,52332.25,75,52340,600,0,8730
BANKNIFTY-III.NFO,04/11/2024,09:30:40,52336.6,52335.7,30,52340,600,0,8730
BANKNIFTY-III.NFO,04/11/2024,09:30:41,52336.6,52337,30,52340,600,0,8730
BANKNIFTY-III.NFO,04/11/2024,09:30:43,52340,52347.05,30,52353.05,30,600,8430
BANKNIFTY-III.NFO,04/11/2024,09:30:45,52340,52354.7,30,52359.8,30,0,8430
BANKNIFTY-III.NFO,04/11/2024,09:30:46,52368.8,52356.15,75,52368.8,30,30,8430
BANKNIFTY-III.NFO,04/11/2024,09:30:48,52368.8,52356.15,75,52366.45,30,0,8430
BANKNIFTY-III.NFO,04/11/2024,09:30:51,52368.8,52341,75,52361.95,45,0,8430
BANKNIFTY-III.NFO,04/11/2024,09:30:53,52368.8,52352.4,75,52364.2,30,0,8430
BANKNIFTY-III.NFO,04/11/2024,09:30:55,52368.8,52350.6,60,52364.2,30,0,8430
BANKNIFTY-III.NFO,04/11/2024,09:30:56,52368.8,52345.85,75,52364.15,45,0,8430
BANKNIFTY-III.NFO,04/11/2024,09:30:58,52368.8,52345.05,75,52364.2,30,0,8430
BANKNIFTY-III.NFO,04/11/2024,09:31:00,52368.8,52351.7,75,52364.2,30,0,8430
BANKNIFTY-III.NFO,04/11/2024,09:31:01,52368.8,52350.25,60,52361.9,30,0,8430
BANKNIFTY-III.NFO,04/11/2024,09:31:03,52368.8,52348.95,60,52361.9,30,0,8430
BANKNIFTY-III.NFO,04/11/2024,09:31:05,52368.8,52345.7,75,52361.9,30,0,8430
BANKNIFTY-III.NFO,04/11/2024,09:31:06,52368.8,52348.35,60,52361.7,30,0,8430
BANKNIFTY-III.NFO,04/11/2024,09:31:08,52368.8,52349.15,30,52361.65,30,0,8430
BANKNIFTY-III.NFO,04/11/2024,09:31:09,52368.8,52341,60,52359.35,30,0,8430
BANKNIFTY-III.NFO,04/11/2024,09:31:11,52368.8,52338.7,30,52359.35,30,0,8430
BANKNIFTY-III.NFO,04/11/2024,09:31:13,52359,52338.7,30,52358.25,15,15,8430
BANKNIFTY-III.NFO,04/11/2024,09:31:14,52359,52338.7,30,52355.7,15,0,8430
BANKNIFTY-III.NFO,04/11/2024,09:31:16,52359,52341,30,52356.9,15,0,8430
BANKNIFTY-III.NFO,04/11/2024,09:31:18,52359,52336.45,30,52350.75,30,0,8430
BANKNIFTY-III.NFO,04/11/2024,09:31:19,52359,52330,60,52347.5,15,0,8430
BANKNIFTY-III.NFO,04/11/2024,09:31:21,52359,52337.7,60,52356.6,30,0,8430
BANKNIFTY-III.NFO,04/11/2024,09:31:23,52359,52338.8,60,52359.3,30,0,8430
BANKNIFTY-III.NFO,04/11/2024,09:31:24,52359,52343.6,45,52359.8,15,0,8430
BANKNIFTY-III.NFO,04/11/2024,09:31:26,52359,52330.05,75,52349.8,30,0,8430
BANKNIFTY-III.NFO,04/11/2024,09:31:28,52359,52330,60,52347.8,60,0,8430
BANKNIFTY-III.NFO,04/11/2024,09:31:29,52359,52330,60,52347.7,15,0,8430
BANKNIFTY-III.NFO,04/11/2024,09:31:31,52359,52336.45,75,52357.35,30,0,8430
BANKNIFTY-III.NFO,04/11/2024,09:31:33,52359,52333.7,45,52352.3,30,0,8430
BANKNIFTY-III.NFO,04/11/2024,09:31:34,52359,52330,45,52347.35,15,0,8430
BANKNIFTY-III.NFO,04/11/2024,09:31:36,52359,52330,45,52347.3,15,0,8430
BANKNIFTY-III.NFO,04/11/2024,09:31:38,52359,52332.45,45,52352.25,15,0,8430
BANKNIFTY-III.NFO,04/11/2024,09:31:39,52359,52330,60,52349.8,30,0,8430
BANKNIFTY-III.NFO,04/11/2024,09:31:41,52359,52332.25,45,52352.1,30,0,8430
BANKNIFTY-III.NFO,04/11/2024,09:31:43,52359,52334.85,45,52354.15,30,0,8430
BANKNIFTY-III.NFO,04/11/2024,09:31:44,52359,52337.25,90,52357.35,30,0,8430
BANKNIFTY-III.NFO,04/11/2024,09:31:46,52359,52337.25,60,52357.4,30,0,8430
BANKNIFTY-III.NFO,04/11/2024,09:31:48,52359,52347.45,75,52359,15,0,8430
BANKNIFTY-III.NFO,04/11/2024,09:31:49,52359,52346.9,75,52359,15,0,8430
BANKNIFTY-III.NFO,04/11/2024,09:31:51,52359,52345,75,52359,15,0,8430
BANKNIFTY-III.NFO,04/11/2024,09:31:53,52359,52347.85,75,52359,15,0,8430
BANKNIFTY-III.NFO,04/11/2024,09:31:54,52359,52349.9,60,52359,15,0,8430
BANKNIFTY-III.NFO,04/11/2024,09:31:56,52359,52350.4,75,52359,15,0,8430
BANKNIFTY-III.NFO,04/11/2024,09:31:58,52359,52348.05,75,52359,15,0,8430
BANKNIFTY-III.NFO,04/11/2024,09:31:59,52359,52344.55,60,52359,15,0,8430
BANKNIFTY-III.NFO,04/11/2024,09:32:01,52337.25,52337.25,60,52355.8,60,75,8430
BANKNIFTY-III.NFO,04/11/2024,09:32:03,52337.25,52337.25,60,52355.6,75,0,8430
BANKNIFTY-III.NFO,04/11/2024,09:32:04,52337.25,52337.25,60,52357.9,60,0,8430
BANKNIFTY-III.NFO,04/11/2024,09:32:06,52337.25,52342.95,45,52359,30,0,8430
BANKNIFTY-III.NFO,04/11/2024,09:32:08,52337.25,52340,60,52358.65,75,0,8430
BANKNIFTY-III.NFO,04/11/2024,09:32:09,52337.25,52341.55,60,52358.65,75,0,8430
BANKNIFTY-III.NFO,04/11/2024,09:32:11,52335.1,52340.35,30,52358.6,60,300,8430
BANKNIFTY-III.NFO,04/11/2024,09:32:13,52335.1,52337.6,30,52355.7,60,0,8430
BANKNIFTY-III.NFO,04/11/2024,09:32:14,52337.6,52337.6,30,52355.7,60,15,8430
BANKNIFTY-III.NFO,04/11/2024,09:32:16,52337.6,52337.6,30,52355.7,60,0,8430
BANKNIFTY-III.NFO,04/11/2024,09:32:18,52337.6,52335.1,15,52350.9,90,0,8430
BANKNIFTY-III.NFO,04/11/2024,09:32:19,52337.6,52335.1,15,52347.6,30,0,8430
BANKNIFTY-III.NFO,04/11/2024,09:32:21,52337.6,52335.1,15,52349.9,30,0,8430
BANKNIFTY-III.NFO,04/11/2024,09:32:23,52337.6,52335.1,15,52348.5,15,0,8430
BANKNIFTY-III.NFO,04/11/2024,09:32:24,52337.6,52335.1,15,52353.95,15,0,8430
BANKNIFTY-III.NFO,04/11/2024,09:32:26,52337.6,52335.1,15,52352.3,45,0,8430
BANKNIFTY-III.NFO,04/11/2024,09:32:28,52335.1,52330.15,30,52351.7,60,15,8430
BANKNIFTY-III.NFO,04/11/2024,09:32:29,52335.1,52330,450,52344.35,60,0,8430
BANKNIFTY-III.NFO,04/11/2024,09:32:31,52335.1,52330,450,52343.6,60,0,8430
BANKNIFTY-III.NFO,04/11/2024,09:32:34,52343.6,52330.05,15,52343.6,60,15,8430
BANKNIFTY-III.NFO,04/11/2024,09:32:36,52343.6,52330,450,52343.6,60,0,8430
BANKNIFTY-III.NFO,04/11/2024,09:32:38,52343.6,52330.05,15,52343.6,60,0,8430
BANKNIFTY-III.NFO,04/11/2024,09:32:41,52343.6,52330,450,52335,15,0,8430
BANKNIFTY-III.NFO,04/11/2024,09:32:43,52343.6,52323.6,15,52335,15,0,8430
BANKNIFTY-III.NFO,04/11/2024,09:32:46,52335,52323.6,15,52340.65,60,15,8430
BANKNIFTY-III.NFO,04/11/2024,09:32:48,52335,52323.6,15,52340.65,60,0,8430
BANKNIFTY-III.NFO,04/11/2024,09:32:49,52335,52326.35,15,52344,75,0,8430
BANKNIFTY-III.NFO,04/11/2024,09:32:51,52335,52326.35,15,52343.95,60,0,8430
BANKNIFTY-III.NFO,04/11/2024,09:32:54,52335,52326.35,15,52349.8,15,0,8430
BANKNIFTY-III.NFO,04/11/2024,09:32:56,52335,52335,15,52350,30,0,8430
BANKNIFTY-III.NFO,04/11/2024,09:32:58,52335,52335.65,15,52350,15,0,8430
BANKNIFTY-III.NFO,04/11/2024,09:32:59,52335,52329.6,15,52349.95,60,0,8430
BANKNIFTY-III.NFO,04/11/2024,09:33:01,52326.35,52326.3,30,52344.95,60,15,8430
BANKNIFTY-III.NFO,04/11/2024,09:33:03,52326.35,52326.3,30,52344.95,60,0,8430
BANKNIFTY-III.NFO,04/11/2024,09:33:04,52326.35,52326.3,30,52344.3,60,0,8430
BANKNIFTY-III.NFO,04/11/2024,09:33:08,52326.35,52329.05,30,52345,30,0,8430
BANKNIFTY-III.NFO,04/11/2024,09:33:09,52326.35,52331.65,15,52340,15,0,8430
BANKNIFTY-III.NFO,04/11/2024,09:33:11,52326.35,52326.3,30,52340,30,0,8430
BANKNIFTY-III.NFO,04/11/2024,09:33:16,52326.35,52323.55,30,52339.95,60,0,8430
BANKNIFTY-III.NFO,04/11/2024,09:33:22,52326.35,52326.35,15,52339.95,75,0,8430
BANKNIFTY-III.NFO,04/11/2024,09:33:26,52326.35,52326.35,15,52329,15,0,8430
BANKNIFTY-III.NFO,04/11/2024,09:33:35,52326.35,52320,15,52329,15,15,8430
BANKNIFTY-III.NFO,04/11/2024,09:33:37,52326.35,52320,15,52329,15,0,8430
BANKNIFTY-III.NFO,04/11/2024,09:33:40,52326.35,52320,15,52328.95,60,0,8430
BANKNIFTY-III.NFO,04/11/2024,09:33:47,52326.35,52320,15,52328.95,75,15,9405
BANKNIFTY-III.NFO,04/11/2024,09:33:49,52315.5,52310.05,30,52328.95,75,45,9405
BANKNIFTY-III.NFO,04/11/2024,09:33:50,52315.5,52313.6,30,52328.95,75,0,9405
BANKNIFTY-III.NFO,04/11/2024,09:33:55,52315.5,52313.6,30,52327.65,60,0,9405
BANKNIFTY-III.NFO,04/11/2024,09:33:57,52315.5,52307.35,30,52321.8,60,0,9405
BANKNIFTY-III.NFO,04/11/2024,09:33:58,52305,52304.6,30,52318.3,60,45,9405
BANKNIFTY-III.NFO,04/11/2024,09:33:58,52305,52304.6,30,52318.3,60,0,9405
BANKNIFTY-III.NFO,04/11/2024,09:34:00,52305,52304.6,30,52316,60,0,9405
BANKNIFTY-III.NFO,04/11/2024,09:34:02,52305,52304.6,30,52318.3,60,0,9405
BANKNIFTY-III.NFO,04/11/2024,09:34:07,52305,52303.65,30,52320.25,60,0,9405
BANKNIFTY-III.NFO,04/11/2024,09:34:08,52305,52303.65,30,52317.55,60,0,9405
BANKNIFTY-III.NFO,04/11/2024,09:34:10,52305,52300,540,52306.6,30,0,9405
BANKNIFTY-III.NFO,04/11/2024,09:34:11,52270,52250,15,52284.15,60,735,9405
BANKNIFTY-III.NFO,04/11/2024,09:34:11,52270,52250,15,52284.15,60,0,9405
BANKNIFTY-III.NFO,04/11/2024,09:34:13,52270,52250,15,52283.35,60,0,9405
BANKNIFTY-III.NFO,04/11/2024,09:34:15,52270,52250,15,52281.9,60,0,9405
BANKNIFTY-III.NFO,04/11/2024,09:34:16,52270,52250,15,52281.4,60,0,9405
BANKNIFTY-III.NFO,04/11/2024,09:34:18,52271,52250,15,52280.8,60,15,9405
BANKNIFTY-III.NFO,04/11/2024,09:34:20,52271,52250,15,52277.3,60,0,9405
BANKNIFTY-III.NFO,04/11/2024,09:34:21,52271,52250,15,52276.8,60,0,9405
BANKNIFTY-III.NFO,04/11/2024,09:34:23,52271,52250,15,52276.4,60,0,9405
BANKNIFTY-III.NFO,04/11/2024,09:34:25,52271,52250,15,52280.35,60,0,9405
BANKNIFTY-III.NFO,04/11/2024,09:34:26,52271,52250,15,52279.65,60,0,9405
BANKNIFTY-III.NFO,04/11/2024,09:34:28,52271,52250,15,52270.95,60,0,9405
BANKNIFTY-III.NFO,04/11/2024,09:34:31,52271,52250,15,52270.65,60,0,9405
BANKNIFTY-III.NFO,04/11/2024,09:34:33,52271,52250,15,52270.55,60,0,9405
BANKNIFTY-III.NFO,04/11/2024,09:34:34,52271,52250,15,52268.85,60,0,9405
BANKNIFTY-III.NFO,04/11/2024,09:34:36,52250,52231.55,15,52250,450,15,9405
BANKNIFTY-III.NFO,04/11/2024,09:34:36,52250,52231.55,15,52250,450,0,9405
BANKNIFTY-III.NFO,04/11/2024,09:34:38,52250,52232.1,15,52250,465,0,9405
BANKNIFTY-III.NFO,04/11/2024,09:34:39,52250,52233.05,15,52250,450,0,9405
BANKNIFTY-III.NFO,04/11/2024,09:34:41,52250,52233.7,15,52250,465,0,9405
BANKNIFTY-III.NFO,04/11/2024,09:34:43,52250,52220,450,52249.95,60,0,9405
BANKNIFTY-III.NFO,04/11/2024,09:34:44,52250,52225.05,15,52249.95,60,0,9405
BANKNIFTY-III.NFO,04/11/2024,09:34:46,52249.95,52227.7,15,52250,450,15,9405
BANKNIFTY-III.NFO,04/11/2024,09:34:46,52249.95,52227.7,15,52250,450,0,9405
BANKNIFTY-III.NFO,04/11/2024,09:34:48,52249.95,52233.15,15,52250,465,0,9405
BANKNIFTY-III.NFO,04/11/2024,09:34:49,52249.95,52229.35,15,52249.95,60,0,9405
BANKNIFTY-III.NFO,04/11/2024,09:34:51,52249.95,52229.6,15,52249.95,60,0,9405
BANKNIFTY-III.NFO,04/11/2024,09:34:53,52249.95,52233.7,15,52249.95,75,0,9405
BANKNIFTY-III.NFO,04/11/2024,09:34:54,52249.95,52229.5,15,52249.95,75,0,9405
BANKNIFTY-III.NFO,04/11/2024,09:34:56,52249.95,52232.7,15,52249.95,75,0,9405
BANKNIFTY-III.NFO,04/11/2024,09:34:58,52249.95,52240.85,15,52250,465,0,9405
BANKNIFTY-III.NFO,04/11/2024,09:35:00,52249.95,52241.85,15,52250,465,0,9405
BANKNIFTY-III.NFO,04/11/2024,09:35:01,52236.65,52238.5,15,52250,465,15,9405
BANKNIFTY-III.NFO,04/11/2024,09:35:01,52236.65,52238.5,15,52250,465,0,9405
BANKNIFTY-III.NFO,04/11/2024,09:35:03,52220,52229.55,15,52249.95,75,90,9405
BANKNIFTY-III.NFO,04/11/2024,09:35:03,52220,52229.55,15,52249.95,75,0,9405
BANKNIFTY-III.NFO,04/11/2024,09:35:05,52220,52226.1,15,52249.95,75,0,9405
BANKNIFTY-III.NFO,04/11/2024,09:35:06,52220,52237.35,15,52249.95,75,0,9405
BANKNIFTY-III.NFO,04/11/2024,09:35:08,52220,52240.5,15,52250,465,0,9405
BANKNIFTY-III.NFO,04/11/2024,09:35:09,52220,52241.2,15,52250,465,0,9405
BANKNIFTY-III.NFO,04/11/2024,09:35:11,52240,52232.75,15,52250,450,165,9405
BANKNIFTY-III.NFO,04/11/2024,09:35:13,52240,52238.3,15,52250,450,0,9405
BANKNIFTY-III.NFO,04/11/2024,09:35:14,52250,52240.5,15,52264.1,30,450,9405
BANKNIFTY-III.NFO,04/11/2024,09:35:16,52250,52257.45,15,52271,30,0,9405
BANKNIFTY-III.NFO,04/11/2024,09:35:18,52250,52257.45,15,52268.35,30,0,9405
BANKNIFTY-III.NFO,04/11/2024,09:35:19,52250,52257.45,15,52269.7,60,0,9405
BANKNIFTY-III.NFO,04/11/2024,09:35:21,52250,52250,15,52265.05,75,0,9405
BANKNIFTY-III.NFO,04/11/2024,09:35:23,52250,52250,15,52259.3,105,0,9405
BANKNIFTY-III.NFO,04/11/2024,09:35:24,52250,52250,15,52257.25,75,0,9405
BANKNIFTY-III.NFO,04/11/2024,09:35:26,52250,52250,15,52260.35,60,0,9405
BANKNIFTY-III.NFO,04/11/2024,09:35:28,52269.7,52250.05,15,52266.55,60,15,9405
BANKNIFTY-III.NFO,04/11/2024,09:35:29,52269.7,52250,15,52264.7,75,0,9405
BANKNIFTY-III.NFO,04/11/2024,09:35:31,52269.7,52250.05,15,52266.15,75,0,9405
BANKNIFTY-III.NFO,04/11/2024,09:35:33,52269.7,52250.9,15,52266.35,60,0,9405
BANKNIFTY-III.NFO,04/11/2024,09:35:34,52269.7,52252.25,15,52269.15,75,0,9405
BANKNIFTY-III.NFO,04/11/2024,09:35:36,52269.7,52252.95,15,52269.7,15,0,9405
BANKNIFTY-III.NFO,04/11/2024,09:35:38,52269.7,52250.05,15,52267.5,75,0,9405
BANKNIFTY-III.NFO,04/11/2024,09:35:39,52269.7,52251.2,15,52268.2,75,0,9405
BANKNIFTY-III.NFO,04/11/2024,09:35:41,52269.7,52250,15,52256.8,60,0,9405
BANKNIFTY-III.NFO,04/11/2024,09:35:43,52250,52232.35,15,52249.95,75,15,9405
BANKNIFTY-III.NFO,04/11/2024,09:35:44,52250,52232.75,15,52249.95,75,0,9405
BANKNIFTY-III.NFO,04/11/2024,09:35:46,52250,52232.25,15,52249.95,75,0,9405
BANKNIFTY-III.NFO,04/11/2024,09:35:48,52250,52233.55,15,52250,15,0,9405
BANKNIFTY-III.NFO,04/11/2024,09:35:49,52250,52247.15,15,52250,15,0,9405
BANKNIFTY-III.NFO,04/11/2024,09:35:51,52250,52246.65,15,52263.6,75,15,9405
BANKNIFTY-III.NFO,04/11/2024,09:35:53,52250,52243.9,15,52260.15,75,0,9405
BANKNIFTY-III.NFO,04/11/2024,09:35:54,52250,52244.75,15,52261.8,75,0,9405
BANKNIFTY-III.NFO,04/11/2024,09:35:56,52250,52245.9,15,52261.8,75,0,9405
BANKNIFTY-III.NFO,04/11/2024,09:35:58,52250,52246.05,15,52263.6,75,0,9405
BANKNIFTY-III.NFO,04/11/2024,09:35:59,52250,52243.45,15,52259.7,60,0,9405
BANKNIFTY-III.NFO,04/11/2024,09:36:01,52250,52246.95,15,52260,30,0,9405
BANKNIFTY-III.NFO,04/11/2024,09:36:03,52250,52247.35,15,52260,30,0,9405
BANKNIFTY-III.NFO,04/11/2024,09:36:04,52260,52252.4,150,52268.25,30,45,9405
BANKNIFTY-III.NFO,04/11/2024,09:36:06,52252.45,52250.25,150,52266.6,30,15,9405
BANKNIFTY-III.NFO,04/11/2024,09:36:08,52252.45,52247.95,150,52265.95,75,0,9405
BANKNIFTY-III.NFO,04/11/2024,09:36:10,52252.45,52250,15,52268.2,75,0,9405
BANKNIFTY-III.NFO,04/11/2024,09:36:12,52252.45,52250.35,150,52268.2,75,0,9405
BANKNIFTY-III.NFO,04/11/2024,09:36:14,52252.45,52250,15,52264.8,60,0,9405
BANKNIFTY-III.NFO,04/11/2024,09:36:17,52252.45,52250,15,52263.2,60,0,9405
BANKNIFTY-III.NFO,04/11/2024,09:36:19,52246.1,52245.5,15,52259.6,60,45,9405
BANKNIFTY-III.NFO,04/11/2024,09:36:20,52266.75,52245.5,15,52268.2,15,405,9405
BANKNIFTY-III.NFO,04/11/2024,09:36:22,52266.75,52245.5,15,52260.75,30,0,9405
BANKNIFTY-III.NFO,04/11/2024,09:36:24,52264.2,52245.5,15,52262.15,45,75,9405
BANKNIFTY-III.NFO,04/11/2024,09:36:25,52264.2,52245.5,15,52260.75,30,0,9405
BANKNIFTY-III.NFO,04/11/2024,09:36:29,52264.2,52240.9,45,52260.75,30,0,9405
BANKNIFTY-III.NFO,04/11/2024,09:36:32,52264.2,52242.85,45,52262.25,45,0,9405
BANKNIFTY-III.NFO,04/11/2024,09:36:34,52264.2,52247.15,45,52265.85,45,0,9405
BANKNIFTY-III.NFO,04/11/2024,09:36:35,52264.2,52260,105,52266.75,15,0,9405
BANKNIFTY-III.NFO,04/11/2024,09:36:37,52264.2,52260,105,52264,15,0,9405
BANKNIFTY-III.NFO,04/11/2024,09:36:45,52264,52260,105,52270.25,45,15,9525
BANKNIFTY-III.NFO,04/11/2024,09:36:47,52264,52260,105,52270.25,30,0,9525
BANKNIFTY-III.NFO,04/11/2024,09:36:49,52264,52260,105,52272.2,30,0,9525
BANKNIFTY-III.NFO,04/11/2024,09:36:50,52264,52260,105,52270.35,30,0,9525
BANKNIFTY-III.NFO,04/11/2024,09:36:54,52264,52260,105,52270.35,45,0,9525
BANKNIFTY-III.NFO,04/11/2024,09:36:55,52264,52260,105,52270.35,30,0,9525
BANKNIFTY-III.NFO,04/11/2024,09:36:57,52264,52260.05,75,52274.35,30,0,9525
BANKNIFTY-III.NFO,04/11/2024,09:36:59,52264,52263.5,60,52276.4,30,0,9525
BANKNIFTY-III.NFO,04/11/2024,09:37:00,52264,52260.05,60,52272.7,30,0,9525
BANKNIFTY-III.NFO,04/11/2024,09:37:02,52272.7,52264.05,75,52276.4,30,15,9525
BANKNIFTY-III.NFO,04/11/2024,09:37:04,52272.7,52264.05,75,52274.55,30,0,9525
BANKNIFTY-III.NFO,04/11/2024,09:37:05,52264.05,52264.05,60,52274.55,30,45,9525
BANKNIFTY-III.NFO,04/11/2024,09:37:07,52264.05,52264.05,60,52274.55,30,0,9525
BANKNIFTY-III.NFO,04/11/2024,09:37:09,52264.05,52264.05,60,52276.4,30,0,9525
BANKNIFTY-III.NFO,04/11/2024,09:37:09,52276.4,52264.05,75,52277.9,30,30,9525
BANKNIFTY-III.NFO,04/11/2024,09:37:11,52278.5,52273.05,60,52285.7,30,210,9525
BANKNIFTY-III.NFO,04/11/2024,09:37:13,52278.5,52269.55,75,52283.85,30,0,9525
BANKNIFTY-III.NFO,04/11/2024,09:37:14,52278.5,52266.3,60,52283.55,30,0,9525
BANKNIFTY-III.NFO,04/11/2024,09:37:16,52278.5,52264.05,60,52283.5,45,0,9525
BANKNIFTY-III.NFO,04/11/2024,09:37:18,52278.5,52266.6,105,52283.55,45,0,9525
BANKNIFTY-III.NFO,04/11/2024,09:37:19,52278.5,52266.6,75,52283.85,45,0,9525
BANKNIFTY-III.NFO,04/11/2024,09:37:21,52278.5,52266.1,90,52283.85,45,0,9525
BANKNIFTY-III.NFO,04/11/2024,09:37:23,52278.5,52268.2,75,52285.7,45,0,9525
BANKNIFTY-III.NFO,04/11/2024,09:37:24,52278.5,52265.1,60,52283.8,45,0,9525
BANKNIFTY-III.NFO,04/11/2024,09:37:26,52275,52264.05,75,52275,15,15,9525
BANKNIFTY-III.NFO,04/11/2024,09:37:28,52275,52264.95,60,52275,15,0,9525
BANKNIFTY-III.NFO,04/11/2024,09:37:29,52275,52266.15,75,52283.8,45,15,9525
BANKNIFTY-III.NFO,04/11/2024,09:37:31,52275,52265.1,15,52283.75,45,0,9525
BANKNIFTY-III.NFO,04/11/2024,09:37:33,52275,52265.85,75,52283.8,45,0,9525
BANKNIFTY-III.NFO,04/11/2024,09:37:34,52275,52267.3,75,52285.35,45,0,9525
BANKNIFTY-III.NFO,04/11/2024,09:37:36,52275,52267.55,75,52283.5,30,0,9525
BANKNIFTY-III.NFO,04/11/2024,09:37:38,52275,52265.3,60,52283.45,60,0,9525
BANKNIFTY-III.NFO,04/11/2024,09:37:39,52275,52265.45,15,52283.45,60,0,9525
BANKNIFTY-III.NFO,04/11/2024,09:37:41,52275,52265.5,75,52283.45,60,0,9525
BANKNIFTY-III.NFO,04/11/2024,09:37:43,52275,52267.1,75,52285.3,60,0,9525
BANKNIFTY-III.NFO,04/11/2024,09:37:44,52275,52265.5,75,52283.45,60,0,9525
BANKNIFTY-III.NFO,04/11/2024,09:37:46,52275,52265.6,60,52283.45,45,0,9525
BANKNIFTY-III.NFO,04/11/2024,09:37:48,52275,52280,105,52288.7,60,0,9525
BANKNIFTY-III.NFO,04/11/2024,09:37:51,52275,52280,105,52290.55,45,0,9525
BANKNIFTY-III.NFO,04/11/2024,09:37:53,52275,52280,105,52290.55,60,0,9525
BANKNIFTY-III.NFO,04/11/2024,09:37:54,52275,52280,105,52290.55,45,0,9525
BANKNIFTY-III.NFO,04/11/2024,09:38:01,52275,52280,105,52290.55,60,0,9525
BANKNIFTY-III.NFO,04/11/2024,09:38:04,52275,52280,105,52288.7,45,0,9525
BANKNIFTY-III.NFO,04/11/2024,09:38:06,52275,52280,105,52288.7,60,0,9525
BANKNIFTY-III.NFO,04/11/2024,09:38:08,52275,52280,105,52290.55,45,0,9525
BANKNIFTY-III.NFO,04/11/2024,09:38:09,52275,52280,105,52290.55,60,0,9525
BANKNIFTY-III.NFO,04/11/2024,09:38:11,52275,52280,105,52290.55,45,0,9525
BANKNIFTY-III.NFO,04/11/2024,09:38:12,52275,52280,105,52290.55,60,0,9525
BANKNIFTY-III.NFO,04/11/2024,09:38:16,52275,52280,105,52288.65,45,0,9525
BANKNIFTY-III.NFO,04/11/2024,09:38:19,52280,52280,60,52288.65,45,45,9525
BANKNIFTY-III.NFO,04/11/2024,09:38:21,52286.35,52264.55,75,52286.4,15,105,9525
BANKNIFTY-III.NFO,04/11/2024,09:38:22,52286.35,52264,15,52284.2,90,0,9525
BANKNIFTY-III.NFO,04/11/2024,09:38:24,52286.35,52264.05,60,52284.2,15,0,9525
BANKNIFTY-III.NFO,04/11/2024,09:38:26,52286.35,52264.55,60,52284.2,15,0,9525
BANKNIFTY-III.NFO,04/11/2024,09:38:27,52286.35,52266.55,60,52288.7,45,0,9525
BANKNIFTY-III.NFO,04/11/2024,09:38:29,52286.35,52266.55,60,52288.7,120,0,9525
BANKNIFTY-III.NFO,04/11/2024,09:38:31,52286.35,52264.05,75,52284.6,90,0,9525
BANKNIFTY-III.NFO,04/11/2024,09:38:32,52286.35,52264,15,52280.8,45,0,9525
BANKNIFTY-III.NFO,04/11/2024,09:38:34,52286.35,52264.05,75,52280.8,15,0,9525
BANKNIFTY-III.NFO,04/11/2024,09:38:36,52286.35,52264.05,75,52284.15,15,0,9525
BANKNIFTY-III.NFO,04/11/2024,09:38:39,52286.35,52264.1,60,52288.7,45,0,9525
BANKNIFTY-III.NFO,04/11/2024,09:38:41,52265.95,52274.55,60,52292.45,30,15,9525
BANKNIFTY-III.NFO,04/11/2024,09:38:42,52265.95,52274.4,60,52292.45,45,0,9525
BANKNIFTY-III.NFO,04/11/2024,09:38:44,52265.95,52267.9,75,52288.25,45,0,9525
BANKNIFTY-III.NFO,04/11/2024,09:38:47,52265.95,52270.05,60,52285,45,0,9525
BANKNIFTY-III.NFO,04/11/2024,09:38:49,52265.95,52267.9,75,52285,60,0,9525
BANKNIFTY-III.NFO,04/11/2024,09:38:51,52265.95,52266.5,75,52285,60,0,9525
BANKNIFTY-III.NFO,04/11/2024,09:38:52,52265.95,52268.5,75,52285,45,0,9525
BANKNIFTY-III.NFO,04/11/2024,09:38:54,52265.95,52273.15,75,52285,45,0,9525
BANKNIFTY-III.NFO,04/11/2024,09:38:55,52265.95,52264.05,75,52284.9,15,0,9525
BANKNIFTY-III.NFO,04/11/2024,09:38:57,52265.95,52266.2,75,52284.95,30,0,9525
BANKNIFTY-III.NFO,04/11/2024,09:38:59,52265.95,52264.55,75,52284.95,30,0,9525
BANKNIFTY-III.NFO,04/11/2024,09:39:00,52284.95,52266.8,75,52285,60,15,9525
BANKNIFTY-III.NFO,04/11/2024,09:39:02,52284.95,52269.05,60,52275,30,0,9525
BANKNIFTY-III.NFO,04/11/2024,09:39:05,52284.95,52266.7,60,52275,30,0,9525
BANKNIFTY-III.NFO,04/11/2024,09:39:07,52284.95,52264.45,60,52275,30,0,9525
BANKNIFTY-III.NFO,04/11/2024,09:39:09,52284.95,52267,75,52275,30,0,9525
BANKNIFTY-III.NFO,04/11/2024,09:39:10,52284.95,52269.25,60,52275,30,0,9525
BANKNIFTY-III.NFO,04/11/2024,09:39:14,52284.95,52271.4,60,52275,30,0,9525
BANKNIFTY-III.NFO,04/11/2024,09:39:15,52284.95,52271.25,60,52275,30,0,9525
BANKNIFTY-III.NFO,04/11/2024,09:39:17,52284.95,52269.25,60,52275,30,0,9525
BANKNIFTY-III.NFO,04/11/2024,09:39:19,52275,52271.7,60,52275,15,15,9525
BANKNIFTY-III.NFO,04/11/2024,09:39:20,52275,52265,30,52275,15,0,9525
BANKNIFTY-III.NFO,04/11/2024,09:39:22,52275,52266.65,75,52275,15,0,9525
BANKNIFTY-III.NFO,04/11/2024,09:39:24,52275,52266.65,60,52275,15,0,9525
BANKNIFTY-III.NFO,04/11/2024,09:39:27,52275,52266.6,30,52275,15,0,9525
BANKNIFTY-III.NFO,04/11/2024,09:39:29,52275,52266.65,60,52275,15,0,9525
BANKNIFTY-III.NFO,04/11/2024,09:39:30,52275,52269,60,52275,15,0,9525
BANKNIFTY-III.NFO,04/11/2024,09:39:32,52269,52269,75,52287.7,30,15,9525
BANKNIFTY-III.NFO,04/11/2024,09:39:34,52269,52269.05,60,52287.7,30,0,9525
BANKNIFTY-III.NFO,04/11/2024,09:39:35,52269,52265,30,52285.9,15,0,9525
BANKNIFTY-III.NFO,04/11/2024,09:39:37,52289.7,52266.85,45,52287.7,45,180,9525
BANKNIFTY-III.NFO,04/11/2024,09:39:39,52289.7,52266.85,15,52286.45,90,0,9525
BANKNIFTY-III.NFO,04/11/2024,09:39:40,52289.7,52265,15,52283.6,90,0,9525
BANKNIFTY-III.NFO,04/11/2024,09:39:42,52289.7,52265,15,52275,450,0,9525
BANKNIFTY-III.NFO,04/11/2024,09:39:52,52289.7,52265,15,52275,465,0,9525
BANKNIFTY-III.NFO,04/11/2024,09:39:57,52265,52260,30,52275,465,15,9525
BANKNIFTY-III.NFO,04/11/2024,09:39:59,52265,52259.8,30,52266.15,45,0,9435
BANKNIFTY-III.NFO,04/11/2024,09:40:00,52265,52259.3,30,52266.85,75,0,9435
BANKNIFTY-III.NFO,04/11/2024,09:40:02,52265,52255.1,30,52266.85,75,0,9435
BANKNIFTY-III.NFO,04/11/2024,09:40:04,52265,52257.35,30,52266.8,75,0,9435
BANKNIFTY-III.NFO,04/11/2024,09:40:05,52266.8,52257.35,30,52266.8,60,15,9435
BANKNIFTY-III.NFO,04/11/2024,09:40:07,52266.8,52257.35,30,52266.8,60,0,9435
BANKNIFTY-III.NFO,04/11/2024,09:40:10,52266.8,52255.1,30,52266.8,60,0,9435
BANKNIFTY-III.NFO,04/11/2024,09:40:12,52266.8,52259.9,30,52270.7,60,0,9435
BANKNIFTY-III.NFO,04/11/2024,09:40:15,52266.8,52257.65,30,52265,15,0,9435
BANKNIFTY-III.NFO,04/11/2024,09:40:17,52266.8,52259.9,30,52265,15,0,9435
BANKNIFTY-III.NFO,04/11/2024,09:40:19,52266.8,52259.95,30,52265,15,0,9435
BANKNIFTY-III.NFO,04/11/2024,09:40:20,52266.8,52261.55,30,52265,15,0,9435
BANKNIFTY-III.NFO,04/11/2024,09:40:22,52266.8,52262.25,60,52265,15,0,9435
BANKNIFTY-III.NFO,04/11/2024,09:40:24,52266.8,52259.95,30,52265,15,0,9435
BANKNIFTY-III.NFO,04/11/2024,09:40:25,52266.8,52257.65,30,52265,15,0,9435
BANKNIFTY-III.NFO,04/11/2024,09:40:29,52266.8,52255.1,30,52265,15,0,9435
BANKNIFTY-III.NFO,04/11/2024,09:40:30,52266.8,52257.35,30,52265,15,0,9435
BANKNIFTY-III.NFO,04/11/2024,09:40:32,52266.8,52259.75,30,52265,15,0,9435
BANKNIFTY-III.NFO,04/11/2024,09:40:34,52266.8,52257.35,30,52265,15,0,9435
BANKNIFTY-III.NFO,04/11/2024,09:40:35,52266.8,52259.6,30,52265,15,0,9435
BANKNIFTY-III.NFO,04/11/2024,09:40:37,52266.8,52257.35,30,52265,15,0,9435
BANKNIFTY-III.NFO,04/11/2024,09:40:39,52266.8,52259.7,30,52265,15,0,9435
BANKNIFTY-III.NFO,04/11/2024,09:40:43,52266.8,52257.4,60,52265,15,0,9435
BANKNIFTY-III.NFO,04/11/2024,09:40:45,52265,52263.4,60,52266.8,15,15,9435
BANKNIFTY-III.NFO,04/11/2024,09:40:47,52265,52262.3,60,52266.8,15,0,9435
BANKNIFTY-III.NFO,04/11/2024,09:40:48,52265,52259.65,60,52266.8,15,0,9435
BANKNIFTY-III.NFO,04/11/2024,09:40:50,52265,52263.2,60,52266.8,15,0,9435
BANKNIFTY-III.NFO,04/11/2024,09:40:52,52265,52261.9,60,52266.8,15,0,9435
BANKNIFTY-III.NFO,04/11/2024,09:40:53,52265,52263.1,60,52266.8,15,0,9435
BANKNIFTY-III.NFO,04/11/2024,09:40:57,52265,52262.3,60,52266.8,15,0,9435
BANKNIFTY-III.NFO,04/11/2024,09:40:58,52266.8,52262.2,75,52275,135,15,9435
BANKNIFTY-III.NFO,04/11/2024,09:41:00,52266.8,52264.2,60,52265,15,0,9435
BANKNIFTY-III.NFO,04/11/2024,09:41:02,52265,52264.9,60,52275,135,15,9435
BANKNIFTY-III.NFO,04/11/2024,09:41:03,52265,52265.4,90,52275,135,0,9435
BANKNIFTY-III.NFO,04/11/2024,09:41:05,52265,52266.25,60,52275,135,0,9435
BANKNIFTY-III.NFO,04/11/2024,09:41:07,52265,52265.1,60,52275,135,0,9435
BANKNIFTY-III.NFO,04/11/2024,09:41:08,52265,52265.35,60,52275,135,0,9435
BANKNIFTY-III.NFO,04/11/2024,09:41:10,52265,52264.7,60,52275,135,0,9435
BANKNIFTY-III.NFO,04/11/2024,09:41:11,52265,52264.8,75,52275,135,0,9435
BANKNIFTY-III.NFO,04/11/2024,09:41:13,52265,52261.9,75,52275,135,0,9435
BANKNIFTY-III.NFO,04/11/2024,09:41:15,52265,52265.2,60,52275,135,0,9435
BANKNIFTY-III.NFO,04/11/2024,09:41:16,52265,52264.35,60,52275,135,0,9435
BANKNIFTY-III.NFO,04/11/2024,09:41:18,52265,52264.55,105,52275,135,0,9435
BANKNIFTY-III.NFO,04/11/2024,09:41:20,52265,52259.65,60,52265,15,0,9435
BANKNIFTY-III.NFO,04/11/2024,09:41:21,52265,52261.9,60,52265,15,0,9435
BANKNIFTY-III.NFO,04/11/2024,09:41:25,52265,52261.85,30,52265,15,0,9435
BANKNIFTY-III.NFO,04/11/2024,09:41:26,52265,52259.6,30,52275,150,15,9435
BANKNIFTY-III.NFO,04/11/2024,09:41:28,52265,52257.35,30,52275,150,0,9435
BANKNIFTY-III.NFO,04/11/2024,09:41:30,52265,52255.1,30,52275,150,0,9435
BANKNIFTY-III.NFO,04/11/2024,09:41:31,52265,52258.35,30,52275,150,0,9435
BANKNIFTY-III.NFO,04/11/2024,09:41:38,52265,52262.85,30,52275,135,0,9435
BANKNIFTY-III.NFO,04/11/2024,09:41:41,52265,52264.25,45,52275,135,0,9435
BANKNIFTY-III.NFO,04/11/2024,09:41:43,52265,52265.4,30,52275,135,0,9435
BANKNIFTY-III.NFO,04/11/2024,09:41:46,52265,52265.9,30,52275,135,0,9435
BANKNIFTY-III.NFO,04/11/2024,09:41:50,52265,52263.95,30,52275,135,0,9435
BANKNIFTY-III.NFO,04/11/2024,09:41:53,52265,52264.35,30,52275,135,0,9435
BANKNIFTY-III.NFO,04/11/2024,09:41:55,52265,52264.35,45,52275,135,0,9435
BANKNIFTY-III.NFO,04/11/2024,09:41:56,52265,52265.65,30,52275,135,0,9435
BANKNIFTY-III.NFO,04/11/2024,09:41:58,52265,52267.85,45,52275,135,0,9435
BANKNIFTY-III.NFO,04/11/2024,09:42:00,52265,52264,75,52275,135,0,9435
BANKNIFTY-III.NFO,04/11/2024,09:42:01,52265,52267.55,30,52275,135,0,9435
BANKNIFTY-III.NFO,04/11/2024,09:42:03,52265,52267.35,60,52275,135,0,9435
BANKNIFTY-III.NFO,04/11/2024,09:42:05,52275,52275.1,90,52293.15,30,135,9435
BANKNIFTY-III.NFO,04/11/2024,09:42:06,52275,52284.6,60,52298,15,0,9435
BANKNIFTY-III.NFO,04/11/2024,09:42:08,52298,52291.25,60,52302.6,30,15,9435
BANKNIFTY-III.NFO,04/11/2024,09:42:10,52298,52288,75,52302,30,0,9435
BANKNIFTY-III.NFO,04/11/2024,09:42:11,52298,52282.55,60,52302,45,0,9435
BANKNIFTY-III.NFO,04/11/2024,09:42:15,52298,52284.45,60,52302,45,0,9435
BANKNIFTY-III.NFO,04/11/2024,09:42:16,52298,52298,15,52306.2,15,0,9435
BANKNIFTY-III.NFO,04/11/2024,09:42:18,52298,52298,15,52306.3,45,0,9435
BANKNIFTY-III.NFO,04/11/2024,09:42:30,52298,52282.1,45,52306.3,45,15,9435
BANKNIFTY-III.NFO,04/11/2024,09:42:31,52298,52282.15,75,52298,15,0,9435
BANKNIFTY-III.NFO,04/11/2024,09:42:35,52298,52282.05,45,52304.3,75,15,9435
BANKNIFTY-III.NFO,04/11/2024,09:42:36,52298,52282.05,15,52304.3,15,0,9435
BANKNIFTY-III.NFO,04/11/2024,09:42:38,52298,52280,390,52296.4,15,0,9435
BANKNIFTY-III.NFO,04/11/2024,09:42:41,52298,52281.8,30,52299,15,0,9435
BANKNIFTY-III.NFO,04/11/2024,09:42:43,52298,52280,390,52294.3,75,0,9435
BANKNIFTY-III.NFO,04/11/2024,09:42:46,52298,52278.8,30,52292.3,75,0,9435
BANKNIFTY-III.NFO,04/11/2024,09:42:50,52298,52278.8,30,52290.5,75,0,9435
BANKNIFTY-III.NFO,04/11/2024,09:42:51,52298,52278.6,30,52288.9,45,0,9435
BANKNIFTY-III.NFO,04/11/2024,09:42:53,52298,52275.75,30,52285.5,60,0,9435
BANKNIFTY-III.NFO,04/11/2024,09:42:55,52298,52275,30,52282.3,60,0,9435
BANKNIFTY-III.NFO,04/11/2024,09:42:56,52298,52275,30,52280.55,60,0,9435
BANKNIFTY-III.NFO,04/11/2024,09:42:58,52298,52270,390,52278.45,60,0,9435
BANKNIFTY-III.NFO,04/11/2024,09:43:01,52278.45,52270,390,52280.3,45,15,9615
BANKNIFTY-III.NFO,04/11/2024,09:43:03,52278.45,52269.15,30,52277.45,60,0,9615
BANKNIFTY-III.NFO,04/11/2024,09:43:05,52278.45,52263.55,30,52275.85,45,0,9615
BANKNIFTY-III.NFO,04/11/2024,09:43:06,52275.85,52263.4,30,52273.15,30,15,9615
BANKNIFTY-III.NFO,04/11/2024,09:43:08,52275.85,52260.65,30,52271.55,30,0,9615
BANKNIFTY-III.NFO,04/11/2024,09:43:10,52275.85,52263.4,30,52272.8,30,0,9615
BANKNIFTY-III.NFO,04/11/2024,09:43:11,52275.85,52260.65,30,52271.5,30,0,9615
BANKNIFTY-III.NFO,04/11/2024,09:43:15,52275.85,52260.65,30,52269.5,30,0,9615
BANKNIFTY-III.NFO,04/11/2024,09:43:16,52275.85,52264.1,30,52270.55,30,0,9615
BANKNIFTY-III.NFO,04/11/2024,09:43:18,52275.85,52267.5,75,52281.45,30,0,9615
BANKNIFTY-III.NFO,04/11/2024,09:43:20,52275.85,52267,60,52282.7,45,0,9615
BANKNIFTY-III.NFO,04/11/2024,09:43:21,52275.85,52267.5,60,52286,30,0,9615
BANKNIFTY-III.NFO,04/11/2024,09:43:23,52275.85,52265.7,105,52284.7,45,0,9615
BANKNIFTY-III.NFO,04/11/2024,09:43:25,52275.85,52261.2,60,52277.45,45,0,9615
BANKNIFTY-III.NFO,04/11/2024,09:43:26,52275.85,52261.2,60,52274.4,30,0,9615
BANKNIFTY-III.NFO,04/11/2024,09:43:28,52275.85,52265.7,60,52279.4,30,0,9615
BANKNIFTY-III.NFO,04/11/2024,09:43:30,52275,52264.1,60,52271.75,165,15,9615
BANKNIFTY-III.NFO,04/11/2024,09:43:31,52275,52261.2,30,52271.75,165,0,9615
BANKNIFTY-III.NFO,04/11/2024,09:43:33,52275,52266.95,90,52271.75,165,0,9615
BANKNIFTY-III.NFO,04/11/2024,09:43:35,52275,52265.55,90,52271.75,165,0,9615
BANKNIFTY-III.NFO,04/11/2024,09:43:36,52275,52261.25,60,52271.75,165,0,9615
BANKNIFTY-III.NFO,04/11/2024,09:43:40,52275,52263.95,30,52271.75,165,0,9615
BANKNIFTY-III.NFO,04/11/2024,09:43:41,52275,52264.15,60,52271.75,165,0,9615
BANKNIFTY-III.NFO,04/11/2024,09:43:45,52275,52266.1,60,52271.75,165,0,9615
BANKNIFTY-III.NFO,04/11/2024,09:43:46,52275,52266.25,60,52271.75,165,0,9615
BANKNIFTY-III.NFO,04/11/2024,09:43:48,52275,52264.25,60,52271.75,165,0,9615
BANKNIFTY-III.NFO,04/11/2024,09:43:51,52275,52261.25,60,52271.75,165,0,9615
BANKNIFTY-III.NFO,04/11/2024,09:43:53,52275,52265.3,75,52271.75,165,0,9615
BANKNIFTY-III.NFO,04/11/2024,09:43:55,52275,52260,150,52271.75,165,0,9615
BANKNIFTY-III.NFO,04/11/2024,09:43:56,52275,52264.35,60,52271.75,165,0,9615
BANKNIFTY-III.NFO,04/11/2024,09:43:58,52275,52261.15,60,52271.75,165,0,9615
BANKNIFTY-III.NFO,04/11/2024,09:44:03,52275,52265.4,105,52271.75,165,0,9615
BANKNIFTY-III.NFO,04/11/2024,09:44:05,52275,52265.5,90,52271.75,165,0,9615
BANKNIFTY-III.NFO,04/11/2024,09:44:07,52275,52268.2,105,52271.75,165,0,9615
BANKNIFTY-III.NFO,04/11/2024,09:44:08,52275,52268.75,60,52271.75,165,0,9615
BANKNIFTY-III.NFO,04/11/2024,09:44:09,52275,52266.7,60,52271.75,165,0,9615
BANKNIFTY-III.NFO,04/11/2024,09:44:11,52275,52266.65,60,52271.75,165,0,9615
BANKNIFTY-III.NFO,04/11/2024,09:44:13,52275,52267.65,60,52271.75,165,0,9615
BANKNIFTY-III.NFO,04/11/2024,09:44:14,52275,52266.65,60,52271.75,165,0,9615
BANKNIFTY-III.NFO,04/11/2024,09:44:16,52275,52268.8,75,52271.75,165,0,9615
BANKNIFTY-III.NFO,04/11/2024,09:44:18,52275,52267.95,60,52271.75,165,0,9615
BANKNIFTY-III.NFO,04/11/2024,09:44:19,52275,52267.5,105,52271.75,165,0,9615
BANKNIFTY-III.NFO,04/11/2024,09:44:21,52275,52267.9,60,52271.75,165,0,9615
BANKNIFTY-III.NFO,04/11/2024,09:44:23,52275,52266.65,60,52271.75,165,0,9615
BANKNIFTY-III.NFO,04/11/2024,09:44:24,52271.75,52269.45,105,52275,60,165,9615
BANKNIFTY-III.NFO,04/11/2024,09:44:26,52271.75,52266.65,60,52275,60,0,9615
BANKNIFTY-III.NFO,04/11/2024,09:44:28,52271.75,52266,150,52275,60,0,9615
BANKNIFTY-III.NFO,04/11/2024,09:44:34,52266,52263.85,30,52275,60,15,9615
BANKNIFTY-III.NFO,04/11/2024,09:44:36,52266,52262,135,52275,75,0,9615
BANKNIFTY-III.NFO,04/11/2024,09:44:37,52266,52262,135,52275,60,0,9615
BANKNIFTY-III.NFO,04/11/2024,09:44:39,52266,52262,135,52275,75,0,9615
BANKNIFTY-III.NFO,04/11/2024,09:44:42,52266,52264.4,30,52275,60,0,9615
BANKNIFTY-III.NFO,04/11/2024,09:44:46,52266,52262,135,52275,60,0,9615
BANKNIFTY-III.NFO,04/11/2024,09:44:51,52266,52264.45,30,52275,60,0,9615
BANKNIFTY-III.NFO,04/11/2024,09:44:52,52266,52262,135,52275,60,0,9615
BANKNIFTY-III.NFO,04/11/2024,09:44:56,52266,52262,135,52275,75,0,9615
BANKNIFTY-III.NFO,04/11/2024,09:45:09,52266,52260.7,30,52275,75,0,9615
BANKNIFTY-III.NFO,04/11/2024,09:45:11,52266,52260,135,52274.1,45,0,9615
BANKNIFTY-III.NFO,04/11/2024,09:45:13,52260,52260,45,52271.75,45,90,9615
BANKNIFTY-III.NFO,04/11/2024,09:45:14,52260,52260.6,30,52275,15,0,9615
BANKNIFTY-III.NFO,04/11/2024,09:45:16,52260,52260,45,52272.75,45,0,9615
BANKNIFTY-III.NFO,04/11/2024,09:45:18,52260,52260.65,30,52271.3,45,0,9615
BANKNIFTY-III.NFO,04/11/2024,09:45:19,52260,52257.85,30,52270,45,0,9615
BANKNIFTY-III.NFO,04/11/2024,09:45:23,52257,52255.1,30,52259.7,30,45,9615
BANKNIFTY-III.NFO,04/11/2024,09:45:24,52257,52252.35,30,52261.5,30,0,9615
BANKNIFTY-III.NFO,04/11/2024,09:45:26,52257,52246.85,30,52254.45,30,0,9615
BANKNIFTY-III.NFO,04/11/2024,09:45:27,52257,52245,30,52250.95,30,0,9615
BANKNIFTY-III.NFO,04/11/2024,09:45:29,52257,52245,30,52250.25,30,0,9615
BANKNIFTY-III.NFO,04/11/2024,09:45:31,52257,52247,30,52253.35,30,0,9615
BANKNIFTY-III.NFO,04/11/2024,09:45:32,52257,52245,30,52251.1,30,0,9615
BANKNIFTY-III.NFO,04/11/2024,09:45:34,52257,52245,30,52251.25,30,0,9615
BANKNIFTY-III.NFO,04/11/2024,09:45:36,52257,52246.4,30,52257.8,30,0,9615
BANKNIFTY-III.NFO,04/11/2024,09:45:37,52257,52246.4,30,52255.7,30,0,9615
BANKNIFTY-III.NFO,04/11/2024,09:45:39,52257,52246.4,30,52253.8,30,0,9615
BANKNIFTY-III.NFO,04/11/2024,09:45:41,52257,52246.4,30,52255,30,0,9615
BANKNIFTY-III.NFO,04/11/2024,09:45:42,52257,52246.4,30,52256.15,30,0,9615
BANKNIFTY-III.NFO,04/11/2024,09:45:44,52257,52246.6,30,52259.4,30,0,9615
BANKNIFTY-III.NFO,04/11/2024,09:45:46,52257,52246.4,30,52249.4,30,0,9615
BANKNIFTY-III.NFO,04/11/2024,09:45:47,52245,52245,15,52249.4,30,45,9720
BANKNIFTY-III.NFO,04/11/2024,09:45:49,52245,52245,105,52249.4,30,0,9720
BANKNIFTY-III.NFO,04/11/2024,09:45:51,52245,52245,105,52252.25,30,0,9720
BANKNIFTY-III.NFO,04/11/2024,09:45:52,52245,52245,90,52248.65,30,15,9720
BANKNIFTY-III.NFO,04/11/2024,09:45:54,52245,52245,90,52253.8,30,0,9720
BANKNIFTY-III.NFO,04/11/2024,09:45:56,52247.25,52247.25,75,52257,150,15,9720
BANKNIFTY-III.NFO,04/11/2024,09:45:57,52247.25,52248.45,60,52257,150,0,9720
BANKNIFTY-III.NFO,04/11/2024,09:45:59,52247.25,52245.05,60,52257,150,0,9720
BANKNIFTY-III.NFO,04/11/2024,09:46:02,52247.25,52247.8,60,52257,150,0,9720
BANKNIFTY-III.NFO,04/11/2024,09:46:04,52247.25,52245.05,60,52257,165,0,9720
BANKNIFTY-III.NFO,04/11/2024,09:46:06,52247.25,52249.55,75,52257,150,0,9720
BANKNIFTY-III.NFO,04/11/2024,09:46:07,52247.25,52247.85,75,52257,150,0,9720
BANKNIFTY-III.NFO,04/11/2024,09:46:11,52247.25,52251.15,90,52257,180,0,9720
BANKNIFTY-III.NFO,04/11/2024,09:46:12,52247.25,52251.55,75,52257,180,0,9720
BANKNIFTY-III.NFO,04/11/2024,09:46:14,52247.25,52251.25,60,52257,180,0,9720
BANKNIFTY-III.NFO,04/11/2024,09:46:16,52247.25,52250.3,60,52257,180,0,9720
BANKNIFTY-III.NFO,04/11/2024,09:46:17,52247.25,52249,60,52257,180,0,9720
BANKNIFTY-III.NFO,04/11/2024,09:46:19,52249,52248.7,75,52257,180,45,9720
BANKNIFTY-III.NFO,04/11/2024,09:46:21,52249,52247.65,75,52257,180,0,9720
BANKNIFTY-III.NFO,04/11/2024,09:46:22,52257,52251.35,60,52257,165,15,9720
BANKNIFTY-III.NFO,04/11/2024,09:46:24,52257,52251.25,60,52257,150,15,9720
BANKNIFTY-III.NFO,04/11/2024,09:46:26,52257,52250.95,90,52257,150,0,9720
BANKNIFTY-III.NFO,04/11/2024,09:46:27,52257,52247.4,60,52257,150,0,9720
BANKNIFTY-III.NFO,04/11/2024,09:46:29,52257,52248,90,52257,150,0,9720
BANKNIFTY-III.NFO,04/11/2024,09:46:31,52257,52248.85,75,52257,150,0,9720
BANKNIFTY-III.NFO,04/11/2024,09:46:32,52257,52248.9,105,52257,150,0,9720
BANKNIFTY-III.NFO,04/11/2024,09:46:34,52257,52247,120,52256.95,75,0,9720
BANKNIFTY-III.NFO,04/11/2024,09:46:36,52257,52247,120,52256.95,60,0,9720
BANKNIFTY-III.NFO,04/11/2024,09:46:39,52257,52245,90,52256.95,60,0,9720
BANKNIFTY-III.NFO,04/11/2024,09:46:42,52257,52245,90,52256.95,75,0,9720
BANKNIFTY-III.NFO,04/11/2024,09:46:46,52256.95,52245,90,52256.95,60,15,9720
BANKNIFTY-III.NFO,04/11/2024,09:46:47,52256.95,52245,90,52252.6,45,0,9720
BANKNIFTY-III.NFO,04/11/2024,09:46:49,52245,52245,60,52245.9,60,30,9720
BANKNIFTY-III.NFO,04/11/2024,09:46:51,52245,52233.5,30,52245.9,45,210,9720
BANKNIFTY-III.NFO,04/11/2024,09:46:52,52245,52237.1,45,52254.55,60,0,9720
BANKNIFTY-III.NFO,04/11/2024,09:46:54,52245,52239.6,30,52251,45,0,9720
BANKNIFTY-III.NFO,04/11/2024,09:46:56,52245,52239.6,45,52256,45,0,9720
BANKNIFTY-III.NFO,04/11/2024,09:46:57,52245,52239.6,30,52254.45,60,0,9720
BANKNIFTY-III.NFO,04/11/2024,09:46:59,52239.6,52239.45,30,52252.65,45,45,9720
BANKNIFTY-III.NFO,04/11/2024,09:47:01,52239.6,52236.75,30,52251.05,60,0,9720
BANKNIFTY-III.NFO,04/11/2024,09:47:02,52239.6,52233.5,30,52251.05,60,0,9720
BANKNIFTY-III.NFO,04/11/2024,09:47:04,52239.6,52236.35,30,52246.95,45,0,9720
BANKNIFTY-III.NFO,04/11/2024,09:47:06,52239.6,52236.2,30,52243.1,45,0,9720
BANKNIFTY-III.NFO,04/11/2024,09:47:07,52239.6,52236.2,30,52248.95,45,0,9720
BANKNIFTY-III.NFO,04/11/2024,09:47:09,52239.6,52236.2,30,52246.9,45,0,9720
BANKNIFTY-III.NFO,04/11/2024,09:47:14,52239.6,52230.35,30,52238.95,45,0,9720
BANKNIFTY-III.NFO,04/11/2024,09:47:16,52239.6,52230.35,30,52238.95,60,0,9720
BANKNIFTY-III.NFO,04/11/2024,09:47:17,52239.6,52233.25,30,52242,45,0,9720
BANKNIFTY-III.NFO,04/11/2024,09:47:19,52239.6,52235.8,45,52239,15,0,9720
BANKNIFTY-III.NFO,04/11/2024,09:47:21,52239.6,52235.8,30,52239,15,0,9720
BANKNIFTY-III.NFO,04/11/2024,09:47:22,52239.6,52235.85,60,52239,15,0,9720
BANKNIFTY-III.NFO,04/11/2024,09:47:27,52239.6,52233.1,30,52239,15,0,9720
BANKNIFTY-III.NFO,04/11/2024,09:47:31,52239.6,52233.15,75,52239,15,0,9720
BANKNIFTY-III.NFO,04/11/2024,09:47:32,52239.6,52235.9,75,52239,15,0,9720
BANKNIFTY-III.NFO,04/11/2024,09:47:34,52239,52242,90,52250,120,15,9720
BANKNIFTY-III.NFO,04/11/2024,09:47:36,52242,52242.3,45,52250,120,30,9720
BANKNIFTY-III.NFO,04/11/2024,09:47:37,52242,52240.05,60,52250,120,0,9720
BANKNIFTY-III.NFO,04/11/2024,09:47:39,52242,52241.05,75,52250,120,0,9720
BANKNIFTY-III.NFO,04/11/2024,09:47:41,52242,52241.05,90,52250,120,0,9720
BANKNIFTY-III.NFO,04/11/2024,09:47:42,52242,52239.9,45,52250,120,0,9720
BANKNIFTY-III.NFO,04/11/2024,09:47:44,52242,52240.1,60,52250,120,0,9720
BANKNIFTY-III.NFO,04/11/2024,09:47:46,52242,52241.75,90,52250,120,0,9720
BANKNIFTY-III.NFO,04/11/2024,09:47:47,52242,52241.85,60,52250,120,0,9720
BANKNIFTY-III.NFO,04/11/2024,09:47:49,52242,52241.95,45,52250,120,0,9720
BANKNIFTY-III.NFO,04/11/2024,09:47:51,52242,52242.25,45,52250,120,0,9720
BANKNIFTY-III.NFO,04/11/2024,09:47:52,52242,52242.5,45,52250,120,0,9720
BANKNIFTY-III.NFO,04/11/2024,09:47:54,52250,52242.5,45,52250,105,15,9720
BANKNIFTY-III.NFO,04/11/2024,09:47:56,52250,52238.7,45,52250,105,0,9720
BANKNIFTY-III.NFO,04/11/2024,09:47:57,52238.7,52241.7,15,52250,105,30,9720
BANKNIFTY-III.NFO,04/11/2024,09:47:59,52238.7,52238.75,15,52250,105,0,9720
BANKNIFTY-III.NFO,04/11/2024,09:48:01,52238.7,52239.1,30,52250,105,0,9720
BANKNIFTY-III.NFO,04/11/2024,09:48:02,52238.7,52233.15,15,52249.95,60,0,9720
BANKNIFTY-III.NFO,04/11/2024,09:48:04,52238.7,52233.1,30,52249.95,60,0,9720
BANKNIFTY-III.NFO,04/11/2024,09:48:06,52238.7,52233.1,30,52249.95,75,0,9720
BANKNIFTY-III.NFO,04/11/2024,09:48:09,52238.7,52235.9,15,52249.95,60,0,9720
BANKNIFTY-III.NFO,04/11/2024,09:48:11,52238.7,52241.2,30,52250,105,0,9720
BANKNIFTY-III.NFO,04/11/2024,09:48:12,52250,52242.2,15,52250,60,45,9720
BANKNIFTY-III.NFO,04/11/2024,09:48:14,52250,52242.6,15,52250,60,0,9720
BANKNIFTY-III.NFO,04/11/2024,09:48:17,52250,52242.55,15,52250,60,0,9720
BANKNIFTY-III.NFO,04/11/2024,09:48:19,52250,52238.75,30,52250,60,0,9720
BANKNIFTY-III.NFO,04/11/2024,09:48:24,52250,52238.8,15,52250,60,0,9720
BANKNIFTY-III.NFO,04/11/2024,09:48:31,52250,52241.8,15,52250,60,0,9720
BANKNIFTY-III.NFO,04/11/2024,09:48:32,52250,52241.5,15,52250,60,0,9720
BANKNIFTY-III.NFO,04/11/2024,09:48:34,52250,52238.75,30,52250,60,0,9720
BANKNIFTY-III.NFO,04/11/2024,09:48:36,52250,52238.7,30,52249.95,75,0,9720
BANKNIFTY-III.NFO,04/11/2024,09:48:37,52250,52238.7,30,52249.95,60,0,9720
BANKNIFTY-III.NFO,04/11/2024,09:48:41,52250,52238.7,30,52249.95,75,0,9720
BANKNIFTY-III.NFO,04/11/2024,09:48:47,52250,52235.8,45,52249.95,60,0,9720
BANKNIFTY-III.NFO,04/11/2024,09:48:49,52250,52235.8,30,52249.95,60,0,9720
BANKNIFTY-III.NFO,04/11/2024,09:48:50,52250,52235.8,45,52249.95,60,0,9720
BANKNIFTY-III.NFO,04/11/2024,09:48:52,52249.95,52235.8,30,52249.95,60,15,9795
BANKNIFTY-III.NFO,04/11/2024,09:49:00,52249.95,52235.8,30,52249.95,60,0,9795
BANKNIFTY-III.NFO,04/11/2024,09:49:02,52249.95,52238.55,30,52249.95,60,0,9795
BANKNIFTY-III.NFO,04/11/2024,09:49:04,52249.95,52235.8,30,52249.95,60,0,9795
BANKNIFTY-III.NFO,04/11/2024,09:49:05,52249.95,52238.55,45,52250,75,0,9795
BANKNIFTY-III.NFO,04/11/2024,09:49:07,52249.95,52241.55,45,52250,75,0,9795
BANKNIFTY-III.NFO,04/11/2024,09:49:08,52249.95,52238.6,45,52250,75,0,9795
BANKNIFTY-III.NFO,04/11/2024,09:49:10,52249.95,52238.55,30,52250,75,0,9795
BANKNIFTY-III.NFO,04/11/2024,09:49:12,52249.95,52235.8,30,52249.95,75,0,9795
BANKNIFTY-III.NFO,04/11/2024,09:49:13,52249.95,52238.6,30,52250,75,0,9795
BANKNIFTY-III.NFO,04/11/2024,09:49:15,52249.95,52241.55,30,52250,75,0,9795
BANKNIFTY-III.NFO,04/11/2024,09:49:17,52249.95,52243.4,45,52250,75,0,9795
BANKNIFTY-III.NFO,04/11/2024,09:49:18,52249.95,52238.6,45,52250,75,0,9795
BANKNIFTY-III.NFO,04/11/2024,09:49:20,52249.95,52238.6,30,52250,75,0,9795
BANKNIFTY-III.NFO,04/11/2024,09:49:23,52249.95,52238.6,45,52250,75,0,9795
BANKNIFTY-III.NFO,04/11/2024,09:49:25,52249.95,52238.6,30,52250,75,0,9795
BANKNIFTY-III.NFO,04/11/2024,09:49:27,52249.95,52238.6,45,52250,75,0,9795
BANKNIFTY-III.NFO,04/11/2024,09:49:30,52249.95,52235.85,30,52249.95,75,0,9795
BANKNIFTY-III.NFO,04/11/2024,09:49:32,52249.95,52235.8,30,52249.95,75,0,9795
BANKNIFTY-III.NFO,04/11/2024,09:49:33,52249.95,52235.95,30,52249.95,75,0,9795
BANKNIFTY-III.NFO,04/11/2024,09:49:35,52249.95,52233.1,30,52249.95,75,0,9795
BANKNIFTY-III.NFO,04/11/2024,09:49:38,52249.95,52235.8,30,52249.95,75,0,9795
BANKNIFTY-III.NFO,04/11/2024,09:49:40,52249.95,52233.1,45,52249.95,75,0,9795
BANKNIFTY-III.NFO,04/11/2024,09:49:42,52249.95,52233.1,30,52249.95,75,0,9795
BANKNIFTY-III.NFO,04/11/2024,09:49:45,52249.95,52235.85,30,52249.95,75,0,9795
BANKNIFTY-III.NFO,04/11/2024,09:49:47,52249.95,52235.85,30,52249.95,60,0,9795
BANKNIFTY-III.NFO,04/11/2024,09:49:48,52249.95,52233.1,30,52249.95,75,0,9795
BANKNIFTY-III.NFO,04/11/2024,09:49:50,52249.95,52235.8,30,52249.95,75,0,9795
BANKNIFTY-III.NFO,04/11/2024,09:49:52,52249.95,52235.8,30,52249.95,60,0,9795
BANKNIFTY-III.NFO,04/11/2024,09:49:53,52249.95,52238.55,30,52250,75,0,9795
BANKNIFTY-III.NFO,04/11/2024,09:49:55,52249.95,52238.6,45,52250,75,0,9795
BANKNIFTY-III.NFO,04/11/2024,09:49:57,52249.95,52240.85,45,52250,75,0,9795
BANKNIFTY-III.NFO,04/11/2024,09:49:58,52249.95,52238.55,30,52250,75,0,9795
BANKNIFTY-III.NFO,04/11/2024,09:50:00,52249.95,52235.8,30,52249.95,75,0,9795
BANKNIFTY-III.NFO,04/11/2024,09:50:03,52249.95,52233.15,45,52249.95,75,0,9795
BANKNIFTY-III.NFO,04/11/2024,09:50:05,52249.95,52235.8,45,52249.95,60,15,9795
BANKNIFTY-III.NFO,04/11/2024,09:50:07,52249.95,52242.05,45,52250,75,0,9795
BANKNIFTY-III.NFO,04/11/2024,09:50:08,52249.95,52241.4,60,52250,75,0,9795
BANKNIFTY-III.NFO,04/11/2024,09:50:10,52249.95,52238.9,60,52250,75,0,9795
BANKNIFTY-III.NFO,04/11/2024,09:50:15,52249.95,52242.35,45,52250,75,0,9795
BANKNIFTY-III.NFO,04/11/2024,09:50:17,52249.95,52242.2,45,52250,75,0,9795
BANKNIFTY-III.NFO,04/11/2024,09:50:18,52249.95,52238.9,60,52250,75,0,9795
BANKNIFTY-III.NFO,04/11/2024,09:50:20,52249.95,52238.9,45,52250,75,0,9795
BANKNIFTY-III.NFO,04/11/2024,09:50:22,52249.95,52241.35,60,52250,75,0,9795
BANKNIFTY-III.NFO,04/11/2024,09:50:23,52249.95,52243.35,45,52250,75,0,9795
BANKNIFTY-III.NFO,04/11/2024,09:50:25,52250,52247.65,60,52257,150,75,9795
BANKNIFTY-III.NFO,04/11/2024,09:50:27,52257,52261.05,45,52269.55,30,150,9795
BANKNIFTY-III.NFO,04/11/2024,09:50:28,52257,52269.15,60,52280.5,30,0,9795
BANKNIFTY-III.NFO,04/11/2024,09:50:30,52286,52275.55,60,52288.75,30,45,9795
BANKNIFTY-III.NFO,04/11/2024,09:50:32,52286,52281.05,45,52291.5,30,0,9795
BANKNIFTY-III.NFO,04/11/2024,09:50:33,52286,52270.45,60,52291.45,75,0,9795
BANKNIFTY-III.NFO,04/11/2024,09:50:35,52286,52263.3,15,52285.95,60,0,9795
BANKNIFTY-III.NFO,04/11/2024,09:50:37,52286,52266.1,45,52285.95,75,0,9795
BANKNIFTY-III.NFO,04/11/2024,09:50:39,52286,52265.9,45,52285.95,75,0,9795
BANKNIFTY-III.NFO,04/11/2024,09:50:40,52286,52268,45,52285.95,75,0,9795
BANKNIFTY-III.NFO,04/11/2024,09:50:42,52286,52267.2,30,52285.95,75,0,9795
BANKNIFTY-III.NFO,04/11/2024,09:50:44,52286,52264.3,45,52285.95,75,0,9795
BANKNIFTY-III.NFO,04/11/2024,09:50:45,52275,52264.35,30,52285.9,60,15,9795
BANKNIFTY-III.NFO,04/11/2024,09:50:47,52275,52265.9,30,52285.9,60,0,9795
BANKNIFTY-III.NFO,04/11/2024,09:50:49,52275,52266.5,30,52287.4,60,0,9795
BANKNIFTY-III.NFO,04/11/2024,09:50:52,52275,52266.1,45,52287.4,60,0,9795
BANKNIFTY-III.NFO,04/11/2024,09:50:53,52275,52266.15,75,52287.35,60,0,9795
BANKNIFTY-III.NFO,04/11/2024,09:50:55,52275,52271.2,45,52291.45,75,0,9795
BANKNIFTY-III.NFO,04/11/2024,09:50:57,52275,52272.45,45,52291.45,75,0,9795
BANKNIFTY-III.NFO,04/11/2024,09:50:58,52275,52269.15,45,52291.45,75,0,9795
BANKNIFTY-III.NFO,04/11/2024,09:51:00,52275,52261.4,45,52291.45,75,0,9795
BANKNIFTY-III.NFO,04/11/2024,09:51:02,52275,52261.6,45,52283.45,60,0,9795
BANKNIFTY-III.NFO,04/11/2024,09:51:03,52275,52263.35,45,52283.45,60,0,9795
BANKNIFTY-III.NFO,04/11/2024,09:51:05,52275,52264,45,52284.7,75,0,9795
BANKNIFTY-III.NFO,04/11/2024,09:51:07,52275,52265.7,30,52285.85,75,0,9795
BANKNIFTY-III.NFO,04/11/2024,09:51:08,52275,52264.5,45,52285.85,75,0,9795
BANKNIFTY-III.NFO,04/11/2024,09:51:10,52275,52264.5,45,52284.8,60,0,9795
BANKNIFTY-III.NFO,04/11/2024,09:51:12,52275,52265.45,45,52284.8,60,0,9795
BANKNIFTY-III.NFO,04/11/2024,09:51:13,52275,52264.5,45,52284.8,60,0,9795
BANKNIFTY-III.NFO,04/11/2024,09:51:15,52275,52264.35,45,52282.75,75,0,9795
BANKNIFTY-III.NFO,04/11/2024,09:51:16,52275,52261.15,60,52282.75,75,0,9795
BANKNIFTY-III.NFO,04/11/2024,09:51:18,52275,52262.75,45,52280.55,60,0,9795
BANKNIFTY-III.NFO,04/11/2024,09:51:20,52275,52263.4,60,52282.7,60,0,9795
BANKNIFTY-III.NFO,04/11/2024,09:51:21,52275,52266.6,60,52285.8,60,0,9795
BANKNIFTY-III.NFO,04/11/2024,09:51:23,52275,52268.1,45,52285.85,75,0,9795
BANKNIFTY-III.NFO,04/11/2024,09:51:25,52275,52275,150,52285.85,75,0,9795
BANKNIFTY-III.NFO,04/11/2024,09:51:26,52275,52275,150,52282.9,60,0,9795
BANKNIFTY-III.NFO,04/11/2024,09:51:28,52275,52275,150,52285.85,75,0,9795
BANKNIFTY-III.NFO,04/11/2024,09:51:30,52275,52275,150,52285.85,60,0,9795
BANKNIFTY-III.NFO,04/11/2024,09:51:31,52275,52275,150,52285.25,60,0,9795
BANKNIFTY-III.NFO,04/11/2024,09:51:33,52275,52275,150,52282.25,75,0,9795
BANKNIFTY-III.NFO,04/11/2024,09:51:36,52275,52275,150,52277.05,60,0,9795
BANKNIFTY-III.NFO,04/11/2024,09:51:38,52275,52275,120,52277.05,60,30,9795
BANKNIFTY-III.NFO,04/11/2024,09:51:40,52275,52256.15,60,52277.5,60,120,9795
BANKNIFTY-III.NFO,04/11/2024,09:51:41,52275,52256.15,60,52278.75,60,0,9795
BANKNIFTY-III.NFO,04/11/2024,09:51:43,52275,52258.45,60,52278.75,60,0,9795
BANKNIFTY-III.NFO,04/11/2024,09:51:45,52275,52261.2,15,52280.85,60,0,9795
BANKNIFTY-III.NFO,04/11/2024,09:51:46,52275,52260.05,45,52280.85,60,0,9795
BANKNIFTY-III.NFO,04/11/2024,09:51:48,52275,52262.8,45,52282.2,60,0,9795
BANKNIFTY-III.NFO,04/11/2024,09:51:50,52275,52260.1,60,52282.2,60,0,9795
BANKNIFTY-III.NFO,04/11/2024,09:51:51,52275,52257.1,45,52282.2,60,0,9795
BANKNIFTY-III.NFO,04/11/2024,09:51:53,52275,52252.4,45,52276.45,60,0,9795
BANKNIFTY-III.NFO,04/11/2024,09:51:55,52275,52252.4,45,52271.9,60,0,9795
BANKNIFTY-III.NFO,04/11/2024,09:51:56,52275,52252.4,30,52271.75,60,0,9795
BANKNIFTY-III.NFO,04/11/2024,09:51:58,52275,52252.4,30,52270.95,60,0,9795
BANKNIFTY-III.NFO,04/11/2024,09:52:00,52275,52255.35,30,52271.35,75,0,9795
BANKNIFTY-III.NFO,04/11/2024,09:52:01,52275,52252.45,30,52270.65,60,0,9795
BANKNIFTY-III.NFO,04/11/2024,09:52:03,52275,52252.45,30,52265.8,75,0,9795
BANKNIFTY-III.NFO,04/11/2024,09:52:05,52275,52252.45,30,52266.7,75,0,9795
BANKNIFTY-III.NFO,04/11/2024,09:52:06,52275,52252.45,30,52264.45,75,0,9795
BANKNIFTY-III.NFO,04/11/2024,09:52:08,52275,52252.45,30,52264.25,75,0,9795
BANKNIFTY-III.NFO,04/11/2024,09:52:10,52275,52250,120,52259.1,75,0,9795
BANKNIFTY-III.NFO,04/11/2024,09:52:11,52275,52250,120,52262.2,60,0,9795
BANKNIFTY-III.NFO,04/11/2024,09:52:13,52275,52252.6,30,52268.1,75,0,9795
BANKNIFTY-III.NFO,04/11/2024,09:52:15,52275,52249.65,30,52261.45,60,0,9795
BANKNIFTY-III.NFO,04/11/2024,09:52:16,52275,52249.65,30,52262.1,60,0,9795
BANKNIFTY-III.NFO,04/11/2024,09:52:18,52275,52249.65,30,52263.85,60,0,9795
BANKNIFTY-III.NFO,04/11/2024,09:52:20,52275,52249.65,30,52260.8,60,0,9795
BANKNIFTY-III.NFO,04/11/2024,09:52:28,52275,52249.65,30,52260.8,75,0,9795
BANKNIFTY-III.NFO,04/11/2024,09:52:30,52275,52255.15,30,52260.85,90,0,9795
BANKNIFTY-III.NFO,04/11/2024,09:52:31,52275,52252.4,30,52260.85,90,0,9795
BANKNIFTY-III.NFO,04/11/2024,09:52:33,52275,52249.65,30,52260.85,90,0,9795
BANKNIFTY-III.NFO,04/11/2024,09:52:35,52275,52249.65,30,52260.8,60,0,9795
BANKNIFTY-III.NFO,04/11/2024,09:52:36,52275,52252.5,30,52260.85,90,0,9795
BANKNIFTY-III.NFO,04/11/2024,09:52:41,52275,52249.65,30,52260.8,75,0,9795
BANKNIFTY-III.NFO,04/11/2024,09:52:43,52275,52246.35,30,52255.75,15,0,9795
BANKNIFTY-III.NFO,04/11/2024,09:52:45,52275,52246.35,30,52257.85,60,0,9795
BANKNIFTY-III.NFO,04/11/2024,09:52:46,52275,52246.35,30,52257.45,15,0,9795
BANKNIFTY-III.NFO,04/11/2024,09:52:48,52275,52246.4,60,52260.85,90,0,9795
BANKNIFTY-III.NFO,04/11/2024,09:52:50,52275,52246.4,45,52260.25,60,0,9795
BANKNIFTY-III.NFO,04/11/2024,09:52:51,52275,52246.4,45,52260.85,105,0,9795
BANKNIFTY-III.NFO,04/11/2024,09:52:55,52275,52246.4,45,52256.6,90,0,9795
BANKNIFTY-III.NFO,04/11/2024,09:52:58,52256.6,52259.1,45,52278.35,75,90,10020
BANKNIFTY-III.NFO,04/11/2024,09:53:00,52256.6,52255.7,45,52274.2,60,0,10020
BANKNIFTY-III.NFO,04/11/2024,09:53:01,52256.6,52252.15,45,52270,60,0,10020
BANKNIFTY-III.NFO,04/11/2024,09:53:03,52256.6,52253.2,45,52270,60,0,10020
BANKNIFTY-III.NFO,04/11/2024,09:53:05,52256.6,52256.95,45,52276.2,60,0,10020
BANKNIFTY-III.NFO,04/11/2024,09:53:06,52276.2,52259.4,60,52280.55,60,15,10020
BANKNIFTY-III.NFO,04/11/2024,09:53:08,52276.2,52261.45,60,52281.45,60,0,10020
BANKNIFTY-III.NFO,04/11/2024,09:53:09,52276.2,52262.25,60,52281.55,15,0,10020
BANKNIFTY-III.NFO,04/11/2024,09:53:11,52276.2,52262.25,60,52281.5,60,0,10020
BANKNIFTY-III.NFO,04/11/2024,09:53:13,52276.2,52263.6,60,52281.6,45,0,10020
BANKNIFTY-III.NFO,04/11/2024,09:53:14,52276.2,52261.7,75,52281.55,60,0,10020
BANKNIFTY-III.NFO,04/11/2024,09:53:16,52276.2,52256.65,60,52277.8,60,0,10020
BANKNIFTY-III.NFO,04/11/2024,09:53:18,52276.2,52256.65,60,52274.3,60,0,10020
BANKNIFTY-III.NFO,04/11/2024,09:53:19,52276.2,52262.95,75,52281.55,75,0,10020
BANKNIFTY-III.NFO,04/11/2024,09:53:23,52276.2,52262,75,52281.55,60,0,10020
BANKNIFTY-III.NFO,04/11/2024,09:53:24,52276.2,52259.3,75,52281.55,60,0,10020
BANKNIFTY-III.NFO,04/11/2024,09:53:26,52276.2,52262.45,75,52281.55,60,0,10020
BANKNIFTY-III.NFO,04/11/2024,09:53:28,52276.2,52256.65,75,52281.55,60,0,10020
BANKNIFTY-III.NFO,04/11/2024,09:53:29,52276.2,52256.65,60,52281.55,60,0,10020
BANKNIFTY-III.NFO,04/11/2024,09:53:31,52276.2,52256.6,15,52271.6,75,0,10020
BANKNIFTY-III.NFO,04/11/2024,09:53:33,52276.2,52256.6,15,52274.15,75,0,10020
BANKNIFTY-III.NFO,04/11/2024,09:53:34,52276.2,52256.6,15,52270.5,75,0,10020
BANKNIFTY-III.NFO,04/11/2024,09:53:36,52276.2,52265,15,52271.85,75,0,10020
BANKNIFTY-III.NFO,04/11/2024,09:53:38,52276.2,52265,15,52271,60,0,10020
BANKNIFTY-III.NFO,04/11/2024,09:53:39,52276.2,52265,15,52272.65,75,0,10020
BANKNIFTY-III.NFO,04/11/2024,09:53:41,52276.2,52265,15,52274.3,60,0,10020
BANKNIFTY-III.NFO,04/11/2024,09:53:43,52276.2,52265,15,52267.95,60,0,10020
BANKNIFTY-III.NFO,04/11/2024,09:53:44,52276.2,52265,15,52265.55,60,0,10020
BANKNIFTY-III.NFO,04/11/2024,09:53:46,52265,52257,15,52260.6,60,15,10020
BANKNIFTY-III.NFO,04/11/2024,09:53:48,52265,52257,15,52258.6,60,0,10020
BANKNIFTY-III.NFO,04/11/2024,09:53:49,52265,52257,15,52262.5,60,0,10020
BANKNIFTY-III.NFO,04/11/2024,09:53:51,52265,52257,15,52264.8,75,0,10020
BANKNIFTY-III.NFO,04/11/2024,09:53:53,52257,52246.6,30,52262.45,75,15,10020
BANKNIFTY-III.NFO,04/11/2024,09:53:54,52257,52243.6,30,52259.3,75,0,10020
BANKNIFTY-III.NFO,04/11/2024,09:53:56,52257,52243.6,30,52258.65,75,0,10020
BANKNIFTY-III.NFO,04/11/2024,09:53:58,52257,52243.6,30,52257.45,60,0,10020
BANKNIFTY-III.NFO,04/11/2024,09:53:59,52257,52243.6,30,52258.85,75,0,10020
BANKNIFTY-III.NFO,04/11/2024,09:54:01,52257,52243.6,30,52259.15,75,0,10020
BANKNIFTY-III.NFO,04/11/2024,09:54:02,52257,52243.6,30,52257.35,75,0,10020
BANKNIFTY-III.NFO,04/11/2024,09:54:04,52257,52243.6,30,52258.7,75,0,10020
BANKNIFTY-III.NFO,04/11/2024,09:54:06,52243.6,52243.6,30,52256.6,75,15,10020
BANKNIFTY-III.NFO,04/11/2024,09:54:09,52243.6,52243.6,30,52255.75,60,0,10020
BANKNIFTY-III.NFO,04/11/2024,09:54:10,52243.6,52243.6,30,52256.7,60,0,10020
BANKNIFTY-III.NFO,04/11/2024,09:54:12,52243.6,52243.6,30,52256.5,75,0,10020
BANKNIFTY-III.NFO,04/11/2024,09:54:14,52243.6,52243.6,30,52255.85,60,0,10020
BANKNIFTY-III.NFO,04/11/2024,09:54:15,52243.6,52241.65,30,52256.2,75,0,10020
BANKNIFTY-III.NFO,04/11/2024,09:54:17,52243.6,52244.4,60,52256.05,15,0,10020
BANKNIFTY-III.NFO,04/11/2024,09:54:19,52243.6,52247.15,60,52261.4,15,0,10020
BANKNIFTY-III.NFO,04/11/2024,09:54:20,52243.6,52249.95,60,52262.1,15,0,10020
BANKNIFTY-III.NFO,04/11/2024,09:54:22,52243.6,52244.35,30,52259.65,75,0,10020
BANKNIFTY-III.NFO,04/11/2024,09:54:24,52243.6,52241.65,30,52253.4,60,0,10020
BANKNIFTY-III.NFO,04/11/2024,09:54:25,52243.6,52241.65,30,52252.55,60,0,10020
BANKNIFTY-III.NFO,04/11/2024,09:54:27,52243.6,52241.65,30,52252.45,60,0,10020
BANKNIFTY-III.NFO,04/11/2024,09:54:29,52243.6,52244.35,30,52256.25,60,0,10020
BANKNIFTY-III.NFO,04/11/2024,09:54:30,52243.6,52247.25,45,52260.55,60,0,10020
BANKNIFTY-III.NFO,04/11/2024,09:54:32,52243.6,52247.3,75,52262,210,0,10020
BANKNIFTY-III.NFO,04/11/2024,09:54:34,52243.6,52247.3,75,52262.45,60,0,10020
BANKNIFTY-III.NFO,04/11/2024,09:54:35,52243.6,52247.3,75,52262.6,60,0,10020
BANKNIFTY-III.NFO,04/11/2024,09:54:37,52243.6,52247.25,30,52261.95,75,0,10020
BANKNIFTY-III.NFO,04/11/2024,09:54:38,52243.6,52249.7,30,52264.5,60,0,10020
BANKNIFTY-III.NFO,04/11/2024,09:54:40,52243.6,52247.3,75,52263.4,60,0,10020
BANKNIFTY-III.NFO,04/11/2024,09:54:42,52243.6,52244.35,30,52258.9,75,0,10020
BANKNIFTY-III.NFO,04/11/2024,09:54:43,52243.6,52244.4,60,52258.55,60,0,10020
BANKNIFTY-III.NFO,04/11/2024,09:54:45,52243.6,52250.25,105,52265.15,60,0,10020
BANKNIFTY-III.NFO,04/11/2024,09:54:47,52243.6,52251.4,75,52269.25,15,0,10020
BANKNIFTY-III.NFO,04/11/2024,09:54:48,52243.6,52251.15,60,52269.45,75,0,10020
BANKNIFTY-III.NFO,04/11/2024,09:54:50,52243.6,52250.55,75,52268.15,75,0,10020
BANKNIFTY-III.NFO,04/11/2024,09:54:52,52243.6,52250.5,75,52267.6,75,0,10020
BANKNIFTY-III.NFO,04/11/2024,09:54:55,52243.6,52250.3,75,52268.2,75,0,10020
BANKNIFTY-III.NFO,04/11/2024,09:54:58,52243.6,52250.6,60,52269.45,75,0,10020
BANKNIFTY-III.NFO,04/11/2024,09:55:00,52243.6,52250.3,75,52269.45,75,0,10020
BANKNIFTY-III.NFO,04/11/2024,09:55:02,52243.6,52247.15,75,52267.05,60,0,10020
BANKNIFTY-III.NFO,04/11/2024,09:55:04,52243.6,52250.55,60,52269.45,75,0,10020
BANKNIFTY-III.NFO,04/11/2024,09:55:05,52243.6,52247.2,60,52267.55,75,0,10020
BANKNIFTY-III.NFO,04/11/2024,09:55:07,52243.6,52244.4,75,52263.55,60,0,10020
BANKNIFTY-III.NFO,04/11/2024,09:55:09,52243.6,52247.15,75,52264.55,75,0,10020
BANKNIFTY-III.NFO,04/11/2024,09:55:10,52243.6,52247.15,60,52263.2,60,0,10020
BANKNIFTY-III.NFO,04/11/2024,09:55:14,52243.6,52250.8,60,52269.45,75,0,10020
BANKNIFTY-III.NFO,04/11/2024,09:55:15,52243.6,52250.8,75,52268.55,75,0,10020
BANKNIFTY-III.NFO,04/11/2024,09:55:17,52243.6,52250.8,75,52268.4,60,0,10020
BANKNIFTY-III.NFO,04/11/2024,09:55:18,52243.6,52254.45,60,52274.2,75,0,10020
BANKNIFTY-III.NFO,04/11/2024,09:55:20,52243.6,52255.4,75,52274.95,75,0,10020
BANKNIFTY-III.NFO,04/11/2024,09:55:22,52243.6,52257.35,60,52275,30,0,10020
BANKNIFTY-III.NFO,04/11/2024,09:55:23,52257.35,52257.35,45,52275,30,15,10110
BANKNIFTY-III.NFO,04/11/2024,09:55:28,52257.35,52257.35,45,52275,30,0,10110
BANKNIFTY-III.NFO,04/11/2024,09:55:35,52257.35,52257.35,45,52275,45,0,10110
BANKNIFTY-III.NFO,04/11/2024,09:55:37,52257.35,52255.6,45,52275,45,0,10110
BANKNIFTY-III.NFO,04/11/2024,09:55:38,52257.35,52257.7,75,52275,30,0,10110
BANKNIFTY-III.NFO,04/11/2024,09:55:40,52257.35,52257.7,75,52275,45,0,10110
BANKNIFTY-III.NFO,04/11/2024,09:55:43,52257.35,52257.7,75,52275,30,0,10110
BANKNIFTY-III.NFO,04/11/2024,09:55:45,52257.35,52257.65,45,52275,30,0,10110
BANKNIFTY-III.NFO,04/11/2024,09:55:46,52257.35,52257.65,75,52275,30,0,10110
BANKNIFTY-III.NFO,04/11/2024,09:55:48,52257.35,52257.65,45,52275,30,0,10110
BANKNIFTY-III.NFO,04/11/2024,09:55:50,52257.35,52252.7,60,52271.5,45,0,10110
BANKNIFTY-III.NFO,04/11/2024,09:55:51,52257.35,52255.15,45,52274.95,60,0,10110
BANKNIFTY-III.NFO,04/11/2024,09:55:53,52257.35,52255.45,75,52275,45,0,10110
BANKNIFTY-III.NFO,04/11/2024,09:55:55,52257.35,52253.95,90,52272.15,45,0,10110
BANKNIFTY-III.NFO,04/11/2024,09:55:56,52257.35,52253.05,60,52272.1,60,0,10110
BANKNIFTY-III.NFO,04/11/2024,09:55:58,52257.35,52253.15,60,52272.1,60,0,10110
BANKNIFTY-III.NFO,04/11/2024,09:56:00,52257.35,52253.15,60,52272.15,45,0,10110
BANKNIFTY-III.NFO,04/11/2024,09:56:01,52257.35,52253.15,60,52272.1,75,0,10110
BANKNIFTY-III.NFO,04/11/2024,09:56:03,52257.35,52253.25,45,52272.1,60,0,10110
BANKNIFTY-III.NFO,04/11/2024,09:56:04,52257.35,52252.7,60,52272.1,75,0,10110
BANKNIFTY-III.NFO,04/11/2024,09:56:06,52257.35,52252.7,60,52272.1,60,0,10110
BANKNIFTY-III.NFO,04/11/2024,09:56:08,52257.35,52252.7,60,52272.05,75,0,10110
BANKNIFTY-III.NFO,04/11/2024,09:56:09,52257.35,52256.8,60,52274.95,75,0,10110
BANKNIFTY-III.NFO,04/11/2024,09:56:11,52257.35,52257.9,60,52275,30,0,10110
BANKNIFTY-III.NFO,04/11/2024,09:56:13,52257.6,52253.05,30,52257.35,195,105,10110
BANKNIFTY-III.NFO,04/11/2024,09:56:15,52257.35,52254.75,30,52277.75,45,195,10110
BANKNIFTY-III.NFO,04/11/2024,09:56:16,52257.35,52261.2,45,52274.65,30,0,10110
BANKNIFTY-III.NFO,04/11/2024,09:56:18,52257.35,52265.6,45,52280.5,30,0,10110
BANKNIFTY-III.NFO,04/11/2024,09:56:20,52257.35,52265.95,45,52280.5,30,0,10110
BANKNIFTY-III.NFO,04/11/2024,09:56:21,52257.35,52263.45,15,52280.5,45,0,10110
BANKNIFTY-III.NFO,04/11/2024,09:56:23,52257.35,52263.45,15,52280.5,30,0,10110
BANKNIFTY-III.NFO,04/11/2024,09:56:24,52257.35,52260.65,15,52277.75,30,0,10110
BANKNIFTY-III.NFO,04/11/2024,09:56:26,52257.35,52264.4,45,52280.5,30,0,10110
BANKNIFTY-III.NFO,04/11/2024,09:56:28,52257.35,52262.4,45,52280.5,45,0,10110
BANKNIFTY-III.NFO,04/11/2024,09:56:29,52257.35,52262.45,45,52280.5,45,0,10110
BANKNIFTY-III.NFO,04/11/2024,09:56:31,52257.35,52262.5,30,52280.5,45,0,10110
BANKNIFTY-III.NFO,04/11/2024,09:56:33,52257.35,52263.15,15,52280.5,30,0,10110
BANKNIFTY-III.NFO,04/11/2024,09:56:34,52257.35,52270.55,45,52280.5,30,0,10110
BANKNIFTY-III.NFO,04/11/2024,09:56:36,52257.35,52270.95,45,52285.9,180,0,10110
BANKNIFTY-III.NFO,04/11/2024,09:56:38,52257.35,52275.9,30,52285.9,180,0,10110
BANKNIFTY-III.NFO,04/11/2024,09:56:39,52257.35,52280.9,30,52285.9,180,0,10110
BANKNIFTY-III.NFO,04/11/2024,09:56:41,52257.35,52280.25,30,52285.9,180,0,10110
BANKNIFTY-III.NFO,04/11/2024,09:56:43,52272.6,52271.15,45,52285.9,180,375,10110
BANKNIFTY-III.NFO,04/11/2024,09:56:44,52272.6,52271.15,45,52285.9,180,0,10110
