Ticker,Date,Time,LTP,BuyPrice,BuyQty,SellPrice,SellQty,LTQ,OpenInterest
NIFTY-II.NFO,04/11/2024,09:15:00,24524.95,24500.05,75,24539.65,100,100,1055250
NIFTY-II.NFO,04/11/2024,09:15:00,24524.95,24500.05,75,24539.65,100,0,1055250
NIFTY-II.NFO,04/11/2024,09:15:00,24524.95,24500.05,75,24539.65,100,0,1055250
NIFTY-II.NFO,04/11/2024,09:15:00,24500.05,24500.05,75,24539.65,100,0,1055250
NIFTY-II.NFO,04/11/2024,09:15:01,24522.35,24509.7,50,24517.8,75,50,1055250
NIFTY-II.NFO,04/11/2024,09:15:03,24506.2,24505.8,50,24523.85,150,425,1055250
NIFTY-II.NFO,04/11/2024,09:15:04,24506.95,24505.1,50,24519.3,100,25,1055250
NIFTY-II.NFO,04/11/2024,09:15:06,24519.3,24504.25,50,24513.7,100,25,1055250
NIFTY-II.NFO,04/11/2024,09:15:07,24501.05,24502,50,24513.25,100,125,1055250
NIFTY-II.NFO,04/11/2024,09:15:09,24501.05,24501.65,75,24511.7,100,0,1055250
NIFTY-II.NFO,04/11/2024,09:15:10,24501.65,24501.05,75,24505,225,50,1055250
NIFTY-II.NFO,04/11/2024,09:15:12,24501.05,24492.55,100,24501.6,25,775,1055250
NIFTY-II.NFO,04/11/2024,09:15:12,24500,24492.55,100,24501.6,25,0,1055250
NIFTY-II.NFO,04/11/2024,09:15:14,24501.05,24490.75,50,24501.6,25,0,1055250
NIFTY-II.NFO,04/11/2024,09:15:15,24501.1,24490.75,50,24501.15,125,25,1055250
NIFTY-II.NFO,04/11/2024,09:15:17,24490.85,24490.85,50,24500.9,350,75,1055250
NIFTY-II.NFO,04/11/2024,09:15:17,24490.85,24490.85,50,24500.9,350,0,1055250
NIFTY-II.NFO,04/11/2024,09:15:19,24486,24491.85,125,24499.15,100,300,1055250
NIFTY-II.NFO,04/11/2024,09:15:19,24486,24491.85,125,24499.15,100,0,1055250
NIFTY-II.NFO,04/11/2024,09:15:20,24486,24490.3,125,24499.9,100,0,1055250
NIFTY-II.NFO,04/11/2024,09:15:22,24489.4,24486.9,100,24497,100,25,1055250
NIFTY-II.NFO,04/11/2024,09:15:24,24485.05,24482.9,100,24489.05,100,50,1055250
NIFTY-II.NFO,04/11/2024,09:15:24,24485.05,24482.9,100,24489.05,100,0,1055250
NIFTY-II.NFO,04/11/2024,09:15:25,24489,24486,125,24490.7,100,100,1055250
NIFTY-II.NFO,04/11/2024,09:15:27,24486,24486,100,24490.7,225,25,1055250
NIFTY-II.NFO,04/11/2024,09:15:29,24490.7,24483.3,50,24490.7,100,250,1055250
NIFTY-II.NFO,04/11/2024,09:15:29,24481.05,24483.3,50,24490.7,100,0,1055250
NIFTY-II.NFO,04/11/2024,09:15:30,24484.6,24484.6,25,24486,25,25,1055250
NIFTY-II.NFO,04/11/2024,09:15:32,24484.6,24481.05,25,24485.5,125,0,1055250
NIFTY-II.NFO,04/11/2024,09:15:34,24484.55,24481,25,24482.5,75,75,1055250
NIFTY-II.NFO,04/11/2024,09:15:35,24484.55,24481,25,24485.7,100,0,1055250
NIFTY-II.NFO,04/11/2024,09:15:37,24480,24478.25,75,24479.35,100,300,1055250
NIFTY-II.NFO,04/11/2024,09:15:37,24480,24478.25,75,24479.35,100,0,1055250
NIFTY-II.NFO,04/11/2024,09:15:39,24480,24478.25,75,24481.1,100,200,1055525
NIFTY-II.NFO,04/11/2024,09:15:39,24478.8,24478.25,75,24481.1,100,0,1055525
NIFTY-II.NFO,04/11/2024,09:15:40,24471.2,24471.2,50,24478.8,100,375,1055525
NIFTY-II.NFO,04/11/2024,09:15:40,24471.2,24471.2,50,24478.8,100,0,1055525
NIFTY-II.NFO,04/11/2024,09:15:42,24471,24470,25,24471.2,50,25,1055525
NIFTY-II.NFO,04/11/2024,09:15:42,24471,24470,25,24471.2,50,0,1055525
NIFTY-II.NFO,04/11/2024,09:15:44,24470,24469,25,24471.2,300,50,1055525
NIFTY-II.NFO,04/11/2024,09:15:44,24470,24469,25,24471.2,300,0,1055525
NIFTY-II.NFO,04/11/2024,09:15:45,24469,24466,25,24471.15,100,25,1055525
NIFTY-II.NFO,04/11/2024,09:15:45,24469,24466,25,24471.15,100,0,1055525
NIFTY-II.NFO,04/11/2024,09:15:47,24469,24471,25,24471.2,300,0,1055525
NIFTY-II.NFO,04/11/2024,09:15:49,24471.15,24466,25,24471.15,100,50,1055525
NIFTY-II.NFO,04/11/2024,09:15:50,24471.15,24469,1050,24470,25,125,1055525
NIFTY-II.NFO,04/11/2024,09:15:50,24464.25,24469,1050,24470,25,0,1055525
NIFTY-II.NFO,04/11/2024,09:15:52,24470,24469,1050,24470,500,25,1055525
NIFTY-II.NFO,04/11/2024,09:15:54,24474.25,24469,1025,24473.35,125,1125,1055525
NIFTY-II.NFO,04/11/2024,09:15:55,24474.25,24469,1025,24473.05,250,0,1055525
NIFTY-II.NFO,04/11/2024,09:15:57,24469,24469,900,24474.1,50,125,1055525
NIFTY-II.NFO,04/11/2024,09:15:59,24472,24470,50,24473.1,100,75,1055525
NIFTY-II.NFO,04/11/2024,09:16:00,24469,24470,25,24471.5,250,200,1055525
NIFTY-II.NFO,04/11/2024,09:16:02,24471.6,24461,25,24468.45,50,2100,1055525
NIFTY-II.NFO,04/11/2024,09:16:04,24455,24454,25,24455.85,250,425,1055525
NIFTY-II.NFO,04/11/2024,09:16:04,24455,24454,25,24455.85,250,0,1055525
NIFTY-II.NFO,04/11/2024,09:16:06,24450,24446,25,24452.45,50,125,1055525
NIFTY-II.NFO,04/11/2024,09:16:06,24450,24446,25,24452.45,50,0,1055525
NIFTY-II.NFO,04/11/2024,09:16:07,24448.5,24440.05,50,24448.4,250,750,1055525
NIFTY-II.NFO,04/11/2024,09:16:07,24441,24440.05,50,24448.4,250,0,1055525
NIFTY-II.NFO,04/11/2024,09:16:09,24446.7,24441.2,50,24446.65,50,150,1055525
NIFTY-II.NFO,04/11/2024,09:16:09,24440,24441.2,50,24446.65,50,0,1055525
NIFTY-II.NFO,04/11/2024,09:16:11,24448.5,24443.05,125,24450.75,200,75,1055525
NIFTY-II.NFO,04/11/2024,09:16:12,24447.9,24442,25,24447.8,25,250,1055525
NIFTY-II.NFO,04/11/2024,09:16:14,24441.2,24441.9,50,24452.3,25,200,1055525
NIFTY-II.NFO,04/11/2024,09:16:16,24446.7,24446.7,75,24450.65,250,25,1055525
NIFTY-II.NFO,04/11/2024,09:16:17,24450.5,24446.7,50,24450.2,125,300,1055525
NIFTY-II.NFO,04/11/2024,09:16:19,24446.7,24449.15,50,24457.9,25,25,1055525
NIFTY-II.NFO,04/11/2024,09:16:21,24459.3,24446.7,25,24454.7,50,1100,1055525
NIFTY-II.NFO,04/11/2024,09:16:22,24446.7,24441.2,50,24448.5,50,100,1055525
NIFTY-II.NFO,04/11/2024,09:16:24,24436.65,24431,25,24438.75,125,2200,1055525
NIFTY-II.NFO,04/11/2024,09:16:24,24436.65,24431,25,24438.75,125,0,1055525
NIFTY-II.NFO,04/11/2024,09:16:26,24437.2,24431,25,24437.95,125,25,1055525
NIFTY-II.NFO,04/11/2024,09:16:27,24431,24432.05,100,24441.1,25,50,1055525
NIFTY-II.NFO,04/11/2024,09:16:27,24431,24432.05,100,24441.1,25,0,1055525
NIFTY-II.NFO,04/11/2024,09:16:29,24438.25,24431.5,175,24441.75,50,25,1055525
NIFTY-II.NFO,04/11/2024,09:16:31,24431.5,24431,25,24436.2,25,25,1055525
NIFTY-II.NFO,04/11/2024,09:16:32,24430.15,24430.2,100,24440.65,50,50,1055525
NIFTY-II.NFO,04/11/2024,09:16:32,24430.15,24430.2,100,24440.65,50,0,1055525
NIFTY-II.NFO,04/11/2024,09:16:34,24441.4,24433,100,24441.4,25,50,1055525
NIFTY-II.NFO,04/11/2024,09:16:36,24436,24437.5,100,24442.5,25,475,1055525
NIFTY-II.NFO,04/11/2024,09:16:37,24440.7,24433.7,100,24440.7,50,225,1055525
NIFTY-II.NFO,04/11/2024,09:16:39,24436,24436,575,24440.5,75,50,1055525
NIFTY-II.NFO,04/11/2024,09:16:41,24436,24436,500,24439.7,50,100,1055525
NIFTY-II.NFO,04/11/2024,09:16:42,24431.5,24431.5,75,24432.9,125,575,1055525
NIFTY-II.NFO,04/11/2024,09:16:44,24436,24430.15,25,24432.85,125,300,1055525
NIFTY-II.NFO,04/11/2024,09:16:46,24428.05,24428.15,100,24436.6,100,500,1055525
NIFTY-II.NFO,04/11/2024,09:16:46,24428.05,24428.15,100,24436.6,100,0,1055525
NIFTY-II.NFO,04/11/2024,09:16:47,24430.15,24428.7,50,24435.95,50,25,1055525
NIFTY-II.NFO,04/11/2024,09:16:49,24430.15,24426.7,50,24433.95,50,0,1055525
NIFTY-II.NFO,04/11/2024,09:16:51,24434.15,24426.3,100,24430,25,125,1055525
NIFTY-II.NFO,04/11/2024,09:16:51,24426.05,24426.3,100,24430,25,0,1055525
NIFTY-II.NFO,04/11/2024,09:16:52,24434.85,24431.5,25,24435.2,125,75,1055525
NIFTY-II.NFO,04/11/2024,09:16:54,24431.5,24430.15,25,24432.9,25,25,1055525
NIFTY-II.NFO,04/11/2024,09:16:56,24426.1,24426.3,175,24430.8,25,225,1055525
NIFTY-II.NFO,04/11/2024,09:16:56,24426,24426.3,175,24430.8,25,0,1055525
NIFTY-II.NFO,04/11/2024,09:16:57,24432.05,24434.15,25,24434.7,50,75,1055525
NIFTY-II.NFO,04/11/2024,09:16:59,24426.75,24427.55,175,24434.8,25,200,1055525
NIFTY-II.NFO,04/11/2024,09:16:59,24425.25,24427.55,175,24434.8,25,0,1055525
NIFTY-II.NFO,04/11/2024,09:17:01,24432.6,24430.8,25,24431.25,125,125,1055525
NIFTY-II.NFO,04/11/2024,09:17:02,24420,24420,125,24422.35,125,425,1055525
NIFTY-II.NFO,04/11/2024,09:17:02,24420,24420,125,24422.35,125,0,1055525
NIFTY-II.NFO,04/11/2024,09:17:04,24420.5,24416,25,24420.5,25,275,1055525
NIFTY-II.NFO,04/11/2024,09:17:04,24417.95,24416,25,24420.5,25,0,1055525
NIFTY-II.NFO,04/11/2024,09:17:06,24418.55,24416,25,24420.5,300,25,1055525
NIFTY-II.NFO,04/11/2024,09:17:07,24415,24412.75,100,24415,25,125,1055525
NIFTY-II.NFO,04/11/2024,09:17:07,24412.75,24412.75,100,24415,25,0,1055525
NIFTY-II.NFO,04/11/2024,09:17:09,24411.05,24411,25,24414.85,75,100,1055525
NIFTY-II.NFO,04/11/2024,09:17:09,24411.05,24411,25,24414.85,75,0,1055525
NIFTY-II.NFO,04/11/2024,09:17:11,24415,24411,25,24417.4,50,50,1055525
NIFTY-II.NFO,04/11/2024,09:17:12,24416.1,24416.05,125,24425.1,100,75,1055525
NIFTY-II.NFO,04/11/2024,09:17:14,24424.25,24415.2,50,24424.25,100,275,1055525
NIFTY-II.NFO,04/11/2024,09:17:16,24424.25,24420.6,75,24429.3,150,25,1055525
NIFTY-II.NFO,04/11/2024,09:17:17,24418.9,24419.85,75,24426.75,25,50,1055525
NIFTY-II.NFO,04/11/2024,09:17:19,24430,24425,25,24425.2,100,125,1055525
NIFTY-II.NFO,04/11/2024,09:17:21,24422.8,24415,475,24422.5,100,800,1055525
NIFTY-II.NFO,04/11/2024,09:17:22,24418.6,24418.65,50,24425,25,250,1055525
NIFTY-II.NFO,04/11/2024,09:17:24,24418.6,24417.3,175,24424.95,100,0,1055525
NIFTY-II.NFO,04/11/2024,09:17:26,24418.6,24418.6,125,24425,50,0,1055525
NIFTY-II.NFO,04/11/2024,09:17:27,24420.95,24419.25,100,24424.65,25,25,1055525
NIFTY-II.NFO,04/11/2024,09:17:29,24425.75,24420.15,25,24427.25,100,75,1055525
NIFTY-II.NFO,04/11/2024,09:17:31,24421.05,24421.45,125,24426.3,25,25,1055525
NIFTY-II.NFO,04/11/2024,09:17:32,24434.55,24425.35,150,24434.55,150,200,1055525
NIFTY-II.NFO,04/11/2024,09:17:34,24443.65,24435.5,175,24443.65,75,125,1055525
NIFTY-II.NFO,04/11/2024,09:17:36,24443.35,24433.9,175,24442.9,75,225,1055525
NIFTY-II.NFO,04/11/2024,09:17:37,24443.35,24428.75,100,24437.2,75,0,1055525
NIFTY-II.NFO,04/11/2024,09:17:39,24443.35,24426.45,150,24436.25,75,0,1055525
NIFTY-II.NFO,04/11/2024,09:17:41,24424.65,24422.95,75,24432.8,225,200,1055525
NIFTY-II.NFO,04/11/2024,09:17:42,24432.8,24424.55,100,24430,100,25,1055525
NIFTY-II.NFO,04/11/2024,09:17:44,24432.8,24424,100,24430,100,0,1055525
NIFTY-II.NFO,04/11/2024,09:17:46,24425.2,24422.1,75,24430,100,25,1055525
NIFTY-II.NFO,04/11/2024,09:17:47,24422.35,24425.45,50,24430,100,25,1055525
NIFTY-II.NFO,04/11/2024,09:17:49,24435.85,24425.95,100,24432.45,25,125,1055525
NIFTY-II.NFO,04/11/2024,09:17:51,24435.7,24427.7,50,24437.2,150,50,1055525
NIFTY-II.NFO,04/11/2024,09:17:52,24428.45,24426.75,25,24432.9,25,25,1055525
NIFTY-II.NFO,04/11/2024,09:17:54,24428.55,24427.1,50,24432.9,25,25,1055525
NIFTY-II.NFO,04/11/2024,09:17:56,24425.05,24425,25,24432.9,75,25,1055525
NIFTY-II.NFO,04/11/2024,09:17:57,24433.15,24426.85,50,24433.7,25,25,1055525
NIFTY-II.NFO,04/11/2024,09:17:59,24430,24430,325,24432.5,25,375,1055525
NIFTY-II.NFO,04/11/2024,09:18:01,24428.45,24426.85,175,24437.15,100,425,1055525
NIFTY-II.NFO,04/11/2024,09:18:02,24433.15,24426.85,100,24434.25,100,125,1055525
NIFTY-II.NFO,04/11/2024,09:18:04,24433.15,24429.65,225,24433.2,25,0,1055525
NIFTY-II.NFO,04/11/2024,09:18:06,24433.2,24433.15,25,24433.25,25,25,1055525
NIFTY-II.NFO,04/11/2024,09:18:07,24433.2,24433.15,50,24433.2,100,175,1055525
NIFTY-II.NFO,04/11/2024,09:18:09,24441.2,24433.2,125,24435.4,25,625,1055525
NIFTY-II.NFO,04/11/2024,09:18:11,24435.4,24436,100,24443.35,50,25,1055525
NIFTY-II.NFO,04/11/2024,09:18:12,24438.85,24438.85,25,24445,25,250,1055525
NIFTY-II.NFO,04/11/2024,09:18:14,24438.85,24433.25,25,24433.8,25,0,1055525
NIFTY-II.NFO,04/11/2024,09:18:16,24438.85,24433.25,25,24434.65,25,0,1055525
NIFTY-II.NFO,04/11/2024,09:18:17,24433.25,24433.2,75,24434.7,25,25,1055525
NIFTY-II.NFO,04/11/2024,09:18:19,24433.2,24433.2,50,24435.75,25,100,1055525
NIFTY-II.NFO,04/11/2024,09:18:21,24432.5,24430.05,50,24434.9,25,150,1055525
NIFTY-II.NFO,04/11/2024,09:18:23,24435.8,24425.05,100,24433,50,550,1055525
NIFTY-II.NFO,04/11/2024,09:18:24,24429.5,24425,100,24427.4,250,75,1055525
NIFTY-II.NFO,04/11/2024,09:18:26,24420,24420,600,24424.05,250,200,1055525
NIFTY-II.NFO,04/11/2024,09:18:28,24420,24420,150,24420.45,250,450,1055525
NIFTY-II.NFO,04/11/2024,09:18:29,24420.8,24418,25,24420.8,25,600,1055525
NIFTY-II.NFO,04/11/2024,09:18:31,24420.8,24420,25,24423.45,225,75,1055525
NIFTY-II.NFO,04/11/2024,09:18:33,24420,24417,25,24422.5,200,50,1055525
NIFTY-II.NFO,04/11/2024,09:18:34,24417,24420,25,24422.5,75,25,1055525
NIFTY-II.NFO,04/11/2024,09:18:36,24420,24415,600,24419.2,50,50,1055525
NIFTY-II.NFO,04/11/2024,09:18:38,24417,24415,575,24421.05,25,50,1055525
NIFTY-II.NFO,04/11/2024,09:18:39,24421.15,24415,575,24419.15,25,50,1056950
NIFTY-II.NFO,04/11/2024,09:18:41,24421.55,24415,600,24422.35,250,125,1056950
NIFTY-II.NFO,04/11/2024,09:18:43,24421.55,24415,600,24417.45,25,0,1056950
NIFTY-II.NFO,04/11/2024,09:18:44,24415,24415,550,24418.4,75,50,1056950
NIFTY-II.NFO,04/11/2024,09:18:46,24417.2,24415,550,24416.9,200,50,1056950
NIFTY-II.NFO,04/11/2024,09:18:48,24415,24415,325,24415.1,25,225,1056950
NIFTY-II.NFO,04/11/2024,09:18:49,24415.1,24415,100,24415.15,25,250,1056950
NIFTY-II.NFO,04/11/2024,09:18:51,24412,24412,25,24415.15,25,275,1056950
NIFTY-II.NFO,04/11/2024,09:18:53,24411,24410,225,24411,125,125,1056950
NIFTY-II.NFO,04/11/2024,09:18:53,24411,24410,225,24411,125,0,1056950
NIFTY-II.NFO,04/11/2024,09:18:54,24410,24410,125,24410.9,25,150,1056950
NIFTY-II.NFO,04/11/2024,09:18:54,24410,24410,125,24410.9,25,0,1056950
NIFTY-II.NFO,04/11/2024,09:18:56,24420,24420,25,24423.05,25,275,1056950
NIFTY-II.NFO,04/11/2024,09:18:58,24420,24410,100,24416,25,25,1056950
NIFTY-II.NFO,04/11/2024,09:18:59,24420,24412.55,175,24419.15,25,0,1056950
NIFTY-II.NFO,04/11/2024,09:19:01,24410,24410,200,24416.75,25,25,1056950
NIFTY-II.NFO,04/11/2024,09:19:03,24410,24412.6,100,24414,25,0,1056950
NIFTY-II.NFO,04/11/2024,09:19:04,24413.95,24410.6,100,24415.9,150,125,1056950
NIFTY-II.NFO,04/11/2024,09:19:06,24411.25,24411.15,100,24417.35,100,350,1056950
NIFTY-II.NFO,04/11/2024,09:19:08,24416.75,24412.05,100,24419.15,100,50,1056950
NIFTY-II.NFO,04/11/2024,09:19:09,24416.75,24411.95,100,24418,100,0,1056950
NIFTY-II.NFO,04/11/2024,09:19:11,24410,24410.55,150,24417.5,100,600,1056950
NIFTY-II.NFO,04/11/2024,09:19:13,24410,24415.05,75,24417.4,50,0,1056950
NIFTY-II.NFO,04/11/2024,09:19:14,24419.65,24416.75,25,24418.3,100,250,1056950
NIFTY-II.NFO,04/11/2024,09:19:16,24417.15,24410.05,75,24417,100,75,1056950
NIFTY-II.NFO,04/11/2024,09:19:18,24419.85,24413.45,150,24418,75,25,1056950
NIFTY-II.NFO,04/11/2024,09:19:19,24411.2,24411.15,75,24416.6,250,100,1056950
NIFTY-II.NFO,04/11/2024,09:19:21,24417.95,24415.35,200,24420,25,100,1056950
NIFTY-II.NFO,04/11/2024,09:19:23,24420,24418.3,75,24422.85,25,25,1056950
NIFTY-II.NFO,04/11/2024,09:19:24,24420,24416.75,25,24418.25,250,0,1056950
NIFTY-II.NFO,04/11/2024,09:19:26,24412,24411.2,250,24416,225,50,1056950
NIFTY-II.NFO,04/11/2024,09:19:28,24410,24410,175,24415.05,100,25,1056950
NIFTY-II.NFO,04/11/2024,09:19:29,24410,24410.05,75,24415.5,225,0,1056950
NIFTY-II.NFO,04/11/2024,09:19:31,24414.45,24410,200,24414.35,150,75,1056950
NIFTY-II.NFO,04/11/2024,09:19:33,24410,24410,200,24413.8,125,50,1056950
NIFTY-II.NFO,04/11/2024,09:19:34,24416.1,24412,200,24416.75,75,325,1056950
NIFTY-II.NFO,04/11/2024,09:19:36,24414.75,24412,200,24414.8,50,75,1056950
NIFTY-II.NFO,04/11/2024,09:19:38,24414.75,24412,200,24415.7,50,0,1056950
NIFTY-II.NFO,04/11/2024,09:19:39,24412.6,24412,200,24412.8,175,25,1056950
NIFTY-II.NFO,04/11/2024,09:19:41,24413.55,24410,1300,24413.15,225,475,1056950
NIFTY-II.NFO,04/11/2024,09:19:43,24413.55,24410,1300,24411.6,175,0,1056950
NIFTY-II.NFO,04/11/2024,09:19:44,24410,24410,1250,24411.6,175,75,1056950
NIFTY-II.NFO,04/11/2024,09:19:46,24411.45,24410,1250,24413.4,25,100,1056950
NIFTY-II.NFO,04/11/2024,09:19:48,24410,24410,250,24410.35,50,1000,1056950
NIFTY-II.NFO,04/11/2024,09:19:49,24410,24410,200,24411.15,175,75,1056950
NIFTY-II.NFO,04/11/2024,09:19:51,24410,24410.1,100,24413.55,25,0,1056950
NIFTY-II.NFO,04/11/2024,09:19:53,24410,24409,75,24410.55,50,225,1056950
NIFTY-II.NFO,04/11/2024,09:19:54,24402,24401.7,25,24402,75,575,1056950
NIFTY-II.NFO,04/11/2024,09:19:54,24402,24401.7,25,24402,75,0,1056950
NIFTY-II.NFO,04/11/2024,09:19:56,24403.55,24400.1,25,24402.05,50,675,1056950
NIFTY-II.NFO,04/11/2024,09:19:56,24400.25,24400.1,25,24402.05,50,0,1056950
NIFTY-II.NFO,04/11/2024,09:19:58,24400.1,24400,575,24401.7,50,50,1056950
NIFTY-II.NFO,04/11/2024,09:19:58,24400.1,24400,575,24401.7,50,0,1056950
NIFTY-II.NFO,04/11/2024,09:19:59,24400.1,24400,575,24401.7,50,0,1056950
NIFTY-II.NFO,04/11/2024,09:20:01,24390,24389,25,24390,50,975,1056950
NIFTY-II.NFO,04/11/2024,09:20:01,24390,24389,25,24390,50,0,1056950
NIFTY-II.NFO,04/11/2024,09:20:03,24390,24387.05,100,24394.75,75,150,1056950
NIFTY-II.NFO,04/11/2024,09:20:03,24387.05,24387.05,100,24394.75,75,0,1056950
NIFTY-II.NFO,04/11/2024,09:20:04,24393.35,24387.15,100,24395,175,50,1056950
NIFTY-II.NFO,04/11/2024,09:20:06,24387.75,24387.45,200,24394.9,200,100,1056950
NIFTY-II.NFO,04/11/2024,09:20:08,24387.5,24387.15,50,24394.1,200,150,1056950
NIFTY-II.NFO,04/11/2024,09:20:09,24387.5,24387.25,250,24393.55,200,0,1056950
NIFTY-II.NFO,04/11/2024,09:20:11,24386.35,24386.5,25,24390,100,50,1056950
NIFTY-II.NFO,04/11/2024,09:20:11,24386.35,24386.5,25,24390,100,0,1056950
NIFTY-II.NFO,04/11/2024,09:20:13,24387.45,24387.4,100,24389.9,25,200,1056950
NIFTY-II.NFO,04/11/2024,09:20:14,24387.55,24386.6,50,24389.9,50,150,1056950
NIFTY-II.NFO,04/11/2024,09:20:16,24387.55,24386.8,50,24389.8,50,0,1056950
NIFTY-II.NFO,04/11/2024,09:20:18,24387.45,24387.45,150,24389.8,50,125,1056950
NIFTY-II.NFO,04/11/2024,09:20:19,24387.45,24387.45,100,24388.4,200,75,1056950
NIFTY-II.NFO,04/11/2024,09:20:21,24389.75,24383.05,200,24389.75,275,775,1056950
NIFTY-II.NFO,04/11/2024,09:20:21,24384,24383.05,200,24389.75,275,0,1056950
NIFTY-II.NFO,04/11/2024,09:20:23,24383.05,24387,25,24389.75,200,25,1056950
NIFTY-II.NFO,04/11/2024,09:20:23,24383.05,24387,25,24389.75,200,0,1056950
NIFTY-II.NFO,04/11/2024,09:20:24,24383.05,24387,25,24389.7,75,0,1056950
NIFTY-II.NFO,04/11/2024,09:20:26,24389.9,24388.2,175,24390,75,375,1056950
NIFTY-II.NFO,04/11/2024,09:20:28,24394.9,24385.75,75,24394.85,275,350,1056950
NIFTY-II.NFO,04/11/2024,09:20:29,24385.8,24385.2,50,24389,125,225,1056950
NIFTY-II.NFO,04/11/2024,09:20:31,24385.8,24383.05,125,24389,100,50,1056950
NIFTY-II.NFO,04/11/2024,09:20:33,24384.45,24383.05,125,24389,75,50,1056950
NIFTY-II.NFO,04/11/2024,09:20:34,24389,24385.85,125,24389,50,25,1056950
NIFTY-II.NFO,04/11/2024,09:20:36,24395,24388.7,200,24393.35,25,300,1056950
NIFTY-II.NFO,04/11/2024,09:20:38,24390,24389.15,275,24397.5,150,300,1056950
NIFTY-II.NFO,04/11/2024,09:20:39,24390.2,24390.45,250,24397.95,200,100,1056950
NIFTY-II.NFO,04/11/2024,09:20:41,24390.2,24391.75,200,24399.7,500,0,1056950
NIFTY-II.NFO,04/11/2024,09:20:43,24391.75,24394.25,175,24400,225,25,1056950
NIFTY-II.NFO,04/11/2024,09:20:44,24400,24399.05,200,24404.45,50,275,1056950
NIFTY-II.NFO,04/11/2024,09:20:46,24401.65,24405.8,50,24412.45,200,50,1056950
NIFTY-II.NFO,04/11/2024,09:20:48,24407.05,24400,300,24405.25,200,200,1056950
NIFTY-II.NFO,04/11/2024,09:20:49,24404,24400,300,24402.2,50,175,1056950
NIFTY-II.NFO,04/11/2024,09:20:51,24402.6,24400,300,24401.9,200,75,1056950
NIFTY-II.NFO,04/11/2024,09:20:53,24400,24399,50,24400.85,200,325,1056950
NIFTY-II.NFO,04/11/2024,09:20:54,24402.1,24399,50,24401.85,250,25,1056950
NIFTY-II.NFO,04/11/2024,09:20:56,24402.1,24399,50,24400.9,250,0,1056950
NIFTY-II.NFO,04/11/2024,09:20:58,24399,24399,25,24400,25,25,1056950
NIFTY-II.NFO,04/11/2024,09:20:59,24394,24391.85,200,24399,200,50,1056950
NIFTY-II.NFO,04/11/2024,09:21:01,24389.05,24389.05,200,24396.5,250,375,1056950
NIFTY-II.NFO,04/11/2024,09:21:03,24389.05,24390,25,24396.5,175,0,1056950
NIFTY-II.NFO,04/11/2024,09:21:04,24392.4,24391.65,200,24399,25,150,1056950
NIFTY-II.NFO,04/11/2024,09:21:06,24398.3,24398.3,50,24399.85,100,325,1056950
NIFTY-II.NFO,04/11/2024,09:21:08,24398.3,24398.3,50,24399.9,25,0,1056950
NIFTY-II.NFO,04/11/2024,09:21:09,24398.3,24398.3,50,24399,25,0,1056950
NIFTY-II.NFO,04/11/2024,09:21:11,24399,24398.3,50,24399.9,25,25,1056950
NIFTY-II.NFO,04/11/2024,09:21:13,24398.3,24395,25,24399,200,125,1056950
NIFTY-II.NFO,04/11/2024,09:21:14,24399.95,24391.45,200,24399.95,25,75,1056950
NIFTY-II.NFO,04/11/2024,09:21:16,24402.85,24394.85,275,24402.5,25,175,1056950
NIFTY-II.NFO,04/11/2024,09:21:18,24392.75,24393.55,200,24400.7,25,25,1056950
NIFTY-II.NFO,04/11/2024,09:21:19,24398.3,24395,25,24398.1,25,25,1056950
NIFTY-II.NFO,04/11/2024,09:21:21,24398.2,24395,25,24396.4,150,75,1056950
NIFTY-II.NFO,04/11/2024,09:21:23,24395,24390.05,200,24397.7,25,25,1056950
NIFTY-II.NFO,04/11/2024,09:21:24,24399.05,24390,225,24396.8,75,100,1056950
NIFTY-II.NFO,04/11/2024,09:21:26,24390,24390,200,24395.55,75,100,1056950
NIFTY-II.NFO,04/11/2024,09:21:28,24394.9,24390,200,24395.6,75,75,1056950
NIFTY-II.NFO,04/11/2024,09:21:29,24394.9,24390,200,24397.3,125,0,1056950
NIFTY-II.NFO,04/11/2024,09:21:31,24394.65,24390,250,24395.2,50,25,1056950
NIFTY-II.NFO,04/11/2024,09:21:33,24395.05,24390.05,25,24393,25,25,1056950
NIFTY-II.NFO,04/11/2024,09:21:34,24390,24390,175,24391.55,175,125,1056950
NIFTY-II.NFO,04/11/2024,09:21:36,24392.5,24390,175,24391.55,25,25,1056950
NIFTY-II.NFO,04/11/2024,09:21:38,24392.5,24390,175,24392.95,250,0,1056950
NIFTY-II.NFO,04/11/2024,09:21:39,24391.05,24390,200,24391.7,250,25,1059275
NIFTY-II.NFO,04/11/2024,09:21:41,24390,24392.15,25,24393.15,25,75,1059275
NIFTY-II.NFO,04/11/2024,09:21:43,24392.15,24391,25,24393.95,25,75,1059275
NIFTY-II.NFO,04/11/2024,09:21:44,24394,24391,25,24394,75,50,1059275
NIFTY-II.NFO,04/11/2024,09:21:46,24394,24391,25,24394,50,25,1059275
NIFTY-II.NFO,04/11/2024,09:21:48,24394,24391,125,24394,50,0,1059275
NIFTY-II.NFO,04/11/2024,09:21:54,24394,24391,125,24394,25,25,1059275
NIFTY-II.NFO,04/11/2024,09:21:56,24394,24394,25,24394.6,25,25,1059275
NIFTY-II.NFO,04/11/2024,09:21:58,24390,24390,1200,24394.6,25,225,1059275
NIFTY-II.NFO,04/11/2024,09:21:59,24390,24390,1200,24394.6,25,0,1059275
NIFTY-II.NFO,04/11/2024,09:22:01,24389,24388,50,24388.6,25,1250,1059275
NIFTY-II.NFO,04/11/2024,09:22:03,24391.2,24388,50,24390.5,125,50,1059275
NIFTY-II.NFO,04/11/2024,09:22:04,24391.2,24388,50,24389.55,250,0,1059275
NIFTY-II.NFO,04/11/2024,09:22:06,24391.2,24388,50,24392.9,125,0,1059275
NIFTY-II.NFO,04/11/2024,09:22:08,24390.55,24388,25,24390.15,250,75,1059275
NIFTY-II.NFO,04/11/2024,09:22:09,24390.55,24388,25,24390.35,250,0,1059275
NIFTY-II.NFO,04/11/2024,09:22:11,24390.55,24388,25,24392,100,0,1059275
NIFTY-II.NFO,04/11/2024,09:22:13,24390.55,24388.25,25,24389.85,25,0,1059275
NIFTY-II.NFO,04/11/2024,09:22:14,24388.25,24388,25,24389.85,25,25,1059275
NIFTY-II.NFO,04/11/2024,09:22:16,24385.05,24388,50,24389.8,25,100,1059275
NIFTY-II.NFO,04/11/2024,09:22:18,24388,24389.85,25,24391.05,250,625,1059275
NIFTY-II.NFO,04/11/2024,09:22:19,24388,24389.85,25,24390.5,25,0,1059275
NIFTY-II.NFO,04/11/2024,09:22:21,24388,24385.05,200,24390.5,25,50,1059275
NIFTY-II.NFO,04/11/2024,09:22:23,24390.5,24388.05,275,24391.95,50,25,1059275
NIFTY-II.NFO,04/11/2024,09:22:24,24391.9,24387.6,325,24391.85,50,50,1059275
NIFTY-II.NFO,04/11/2024,09:22:26,24391.9,24385.05,200,24387.95,25,0,1059275
NIFTY-II.NFO,04/11/2024,09:22:28,24387.95,24385,575,24387.95,50,25,1059275
NIFTY-II.NFO,04/11/2024,09:22:29,24385,24385.05,200,24387.9,50,50,1059275
NIFTY-II.NFO,04/11/2024,09:22:31,24387.95,24385.05,200,24388,25,100,1059275
NIFTY-II.NFO,04/11/2024,09:22:33,24385.05,24385,625,24388,25,50,1059275
NIFTY-II.NFO,04/11/2024,09:22:35,24387.6,24385,625,24387.6,25,75,1059275
NIFTY-II.NFO,04/11/2024,09:22:36,24385.05,24385.05,25,24387.45,50,25,1059275
NIFTY-II.NFO,04/11/2024,09:22:38,24385.05,24385,625,24387.35,25,25,1059275
NIFTY-II.NFO,04/11/2024,09:22:40,24385.05,24385,625,24387.3,25,0,1059275
NIFTY-II.NFO,04/11/2024,09:22:41,24385.05,24385,625,24387,100,0,1059275
NIFTY-II.NFO,04/11/2024,09:22:43,24387,24385,625,24387,75,25,1059275
NIFTY-II.NFO,04/11/2024,09:22:46,24387,24385,650,24386.85,50,25,1059275
NIFTY-II.NFO,04/11/2024,09:22:48,24387,24385.05,200,24386.8,25,0,1059275
NIFTY-II.NFO,04/11/2024,09:22:50,24385.05,24385,650,24386.8,25,25,1059275
NIFTY-II.NFO,04/11/2024,09:22:51,24385.05,24385,650,24386.75,25,0,1059275
NIFTY-II.NFO,04/11/2024,09:22:53,24387.35,24385.7,25,24387.1,50,150,1059275
NIFTY-II.NFO,04/11/2024,09:22:55,24387.35,24385.7,25,24388.2,25,0,1059275
NIFTY-II.NFO,04/11/2024,09:22:56,24387,24387,75,24388.05,50,25,1059275
NIFTY-II.NFO,04/11/2024,09:22:58,24387,24387,75,24387.9,500,25,1059275
NIFTY-II.NFO,04/11/2024,09:23:00,24387,24387,75,24388,25,0,1059275
NIFTY-II.NFO,04/11/2024,09:23:01,24388.2,24387,75,24388.25,25,125,1059275
NIFTY-II.NFO,04/11/2024,09:23:03,24387,24387,50,24388.25,25,25,1059275
NIFTY-II.NFO,04/11/2024,09:23:05,24386.05,24386.05,175,24388.2,25,75,1059275
NIFTY-II.NFO,04/11/2024,09:23:06,24386.05,24386.05,200,24388.15,50,25,1059275
NIFTY-II.NFO,04/11/2024,09:23:08,24388.15,24385.7,25,24388.15,25,50,1059275
NIFTY-II.NFO,04/11/2024,09:23:10,24385.7,24385.05,25,24385.3,475,25,1059275
NIFTY-II.NFO,04/11/2024,09:23:11,24385,24385,475,24385.4,125,475,1059275
NIFTY-II.NFO,04/11/2024,09:23:13,24384,24384,50,24387.15,25,525,1059275
NIFTY-II.NFO,04/11/2024,09:23:15,24385,24384,50,24385.75,125,50,1059275
NIFTY-II.NFO,04/11/2024,09:23:16,24385.75,24384,25,24385.5,125,75,1059275
NIFTY-II.NFO,04/11/2024,09:23:18,24384,24383.7,625,24386.1,125,25,1059275
NIFTY-II.NFO,04/11/2024,09:23:20,24384,24384,125,24386.1,25,0,1059275
NIFTY-II.NFO,04/11/2024,09:23:21,24384.05,24384.05,200,24389.65,25,50,1059275
NIFTY-II.NFO,04/11/2024,09:23:23,24384,24384,100,24385,50,25,1059275
NIFTY-II.NFO,04/11/2024,09:23:25,24384.95,24384,100,24385,50,25,1059275
NIFTY-II.NFO,04/11/2024,09:23:26,24385,24385,50,24385.95,250,100,1059275
NIFTY-II.NFO,04/11/2024,09:23:28,24383,24381,50,24383,175,775,1059275
NIFTY-II.NFO,04/11/2024,09:23:28,24383,24381,50,24383,175,0,1059275
NIFTY-II.NFO,04/11/2024,09:23:30,24380,24380,375,24381.9,25,225,1059275
NIFTY-II.NFO,04/11/2024,09:23:30,24380,24380,375,24381.9,25,0,1059275
NIFTY-II.NFO,04/11/2024,09:23:31,24380.9,24380,375,24381.95,25,75,1059275
NIFTY-II.NFO,04/11/2024,09:23:33,24380.3,24373.65,25,24380.95,25,1750,1059275
NIFTY-II.NFO,04/11/2024,09:23:33,24374,24373.65,25,24380.95,25,0,1059275
NIFTY-II.NFO,04/11/2024,09:23:35,24373.5,24373.25,50,24378.95,25,75,1059275
NIFTY-II.NFO,04/11/2024,09:23:35,24373.5,24373.25,50,24378.95,25,0,1059275
NIFTY-II.NFO,04/11/2024,09:23:36,24373.55,24373.25,25,24377.95,25,75,1059275
NIFTY-II.NFO,04/11/2024,09:23:36,24373.25,24373.25,25,24377.95,25,0,1059275
NIFTY-II.NFO,04/11/2024,09:23:38,24374.9,24370.7,150,24374.95,25,75,1059275
NIFTY-II.NFO,04/11/2024,09:23:40,24374.9,24370.25,50,24373.95,25,25,1059275
NIFTY-II.NFO,04/11/2024,09:23:41,24370.8,24370.3,50,24374.95,25,525,1059275
NIFTY-II.NFO,04/11/2024,09:23:41,24370.4,24370.3,50,24374.95,25,0,1059275
NIFTY-II.NFO,04/11/2024,09:23:43,24371.15,24370.8,25,24376.95,25,25,1059275
NIFTY-II.NFO,04/11/2024,09:23:45,24371.15,24371.55,50,24377.9,25,0,1059275
NIFTY-II.NFO,04/11/2024,09:23:46,24374.9,24371.15,125,24376.95,25,75,1059275
NIFTY-II.NFO,04/11/2024,09:23:48,24371.8,24370.25,125,24377.9,25,125,1059275
NIFTY-II.NFO,04/11/2024,09:23:50,24377.95,24372.5,50,24379.9,25,75,1059275
NIFTY-II.NFO,04/11/2024,09:23:51,24380,24372.95,125,24379.95,50,25,1059275
NIFTY-II.NFO,04/11/2024,09:23:53,24371.15,24370,725,24373.95,25,50,1059275
NIFTY-II.NFO,04/11/2024,09:23:55,24375.75,24370,725,24374.85,25,200,1059275
NIFTY-II.NFO,04/11/2024,09:23:56,24375.75,24370,725,24374.85,25,0,1059275
NIFTY-II.NFO,04/11/2024,09:23:58,24374.9,24370,700,24374.95,25,100,1059275
NIFTY-II.NFO,04/11/2024,09:24:00,24370.6,24370.6,25,24374.95,25,25,1059275
NIFTY-II.NFO,04/11/2024,09:24:01,24370.6,24370.6,25,24374.85,25,0,1059275
NIFTY-II.NFO,04/11/2024,09:24:03,24376.65,24370.65,50,24376.95,25,125,1059275
NIFTY-II.NFO,04/11/2024,09:24:05,24378.95,24371.2,175,24378.95,25,50,1059275
NIFTY-II.NFO,04/11/2024,09:24:06,24371.75,24371.45,100,24378.95,25,25,1059275
NIFTY-II.NFO,04/11/2024,09:24:08,24378.95,24371.35,25,24377.9,25,50,1059275
NIFTY-II.NFO,04/11/2024,09:24:10,24380,24372.25,275,24378.55,25,525,1059275
NIFTY-II.NFO,04/11/2024,09:24:11,24371.35,24371.35,100,24374.85,25,125,1059275
NIFTY-II.NFO,04/11/2024,09:24:13,24371.35,24372.05,50,24374.85,25,50,1059275
NIFTY-II.NFO,04/11/2024,09:24:15,24372.05,24372.05,25,24374.85,25,25,1059275
NIFTY-II.NFO,04/11/2024,09:24:16,24372,24372,150,24377.9,250,400,1059275
NIFTY-II.NFO,04/11/2024,09:24:18,24372.05,24372,150,24375,50,50,1059275
NIFTY-II.NFO,04/11/2024,09:24:20,24375,24372.05,125,24377,50,75,1059275
NIFTY-II.NFO,04/11/2024,09:24:21,24375.05,24375.05,100,24380,100,175,1059275
NIFTY-II.NFO,04/11/2024,09:24:23,24375.05,24375.45,125,24380,150,25,1059275
NIFTY-II.NFO,04/11/2024,09:24:25,24380,24375.05,125,24380,100,50,1059275
NIFTY-II.NFO,04/11/2024,09:24:28,24375.05,24375.05,50,24380,100,25,1059275
NIFTY-II.NFO,04/11/2024,09:24:30,24375.05,24375.05,125,24380,100,0,1059275
NIFTY-II.NFO,04/11/2024,09:24:31,24380,24375.7,125,24380,50,50,1059275
NIFTY-II.NFO,04/11/2024,09:24:33,24380,24375.7,125,24380,25,25,1059275
NIFTY-II.NFO,04/11/2024,09:24:35,24375.7,24375,75,24380,25,50,1059275
NIFTY-II.NFO,04/11/2024,09:24:36,24384.6,24375.75,200,24382.9,175,750,1059275
NIFTY-II.NFO,04/11/2024,09:24:38,24384.9,24377.4,200,24384.9,125,50,1059275
NIFTY-II.NFO,04/11/2024,09:24:40,24380,24375.7,25,24378.25,125,50,1061250
NIFTY-II.NFO,04/11/2024,09:24:41,24378.25,24375.7,25,24377.6,100,25,1061250
NIFTY-II.NFO,04/11/2024,09:24:43,24378.25,24375.7,25,24377.15,100,0,1061250
NIFTY-II.NFO,04/11/2024,09:24:45,24372.35,24372,100,24373.3,50,225,1061250
NIFTY-II.NFO,04/11/2024,09:24:46,24372.35,24372,100,24374.5,50,0,1061250
NIFTY-II.NFO,04/11/2024,09:24:48,24370,24370,400,24371.3,50,425,1061250
NIFTY-II.NFO,04/11/2024,09:24:48,24370,24370,400,24371.3,50,0,1061250
NIFTY-II.NFO,04/11/2024,09:24:50,24369,24369,25,24369.45,50,450,1061250
NIFTY-II.NFO,04/11/2024,09:24:50,24369,24369,25,24369.45,50,0,1061250
NIFTY-II.NFO,04/11/2024,09:24:51,24369,24368,50,24369.25,50,25,1061250
NIFTY-II.NFO,04/11/2024,09:24:53,24364,24363.3,25,24366.6,50,75,1061250
NIFTY-II.NFO,04/11/2024,09:24:53,24364,24363.3,25,24366.6,50,0,1061250
NIFTY-II.NFO,04/11/2024,09:24:55,24367.9,24363.3,25,24368.25,125,250,1061250
NIFTY-II.NFO,04/11/2024,09:24:56,24367.9,24363.3,25,24366.4,25,0,1061250
NIFTY-II.NFO,04/11/2024,09:24:58,24367.95,24364,25,24368.65,175,25,1061250
NIFTY-II.NFO,04/11/2024,09:25:00,24367.95,24364.6,250,24367.9,25,0,1061250
NIFTY-II.NFO,04/11/2024,09:25:01,24364,24363.3,25,24363.9,75,275,1061250
NIFTY-II.NFO,04/11/2024,09:25:03,24365,24362,75,24364,125,100,1061250
NIFTY-II.NFO,04/11/2024,09:25:03,24362,24362,75,24364,125,0,1061250
NIFTY-II.NFO,04/11/2024,09:25:05,24360,24360,50,24367.4,300,150,1061250
NIFTY-II.NFO,04/11/2024,09:25:05,24360,24360,50,24367.4,300,0,1061250
NIFTY-II.NFO,04/11/2024,09:25:06,24360,24360,50,24365.65,75,0,1061250
NIFTY-II.NFO,04/11/2024,09:25:08,24360,24358,25,24362.95,75,50,1061250
NIFTY-II.NFO,04/11/2024,09:25:10,24360,24358,25,24364.25,175,0,1061250
NIFTY-II.NFO,04/11/2024,09:25:11,24360,24358.05,200,24362,125,75,1061250
NIFTY-II.NFO,04/11/2024,09:25:11,24358,24358.05,200,24362,125,0,1061250
NIFTY-II.NFO,04/11/2024,09:25:13,24362,24358,425,24362,100,75,1061250
NIFTY-II.NFO,04/11/2024,09:25:13,24357.8,24358,425,24362,100,0,1061250
NIFTY-II.NFO,04/11/2024,09:25:15,24362,24360,25,24361.95,25,25,1061250
NIFTY-II.NFO,04/11/2024,09:25:16,24360,24358,50,24360.6,25,25,1061250
NIFTY-II.NFO,04/11/2024,09:25:18,24362,24358,50,24362,50,75,1061250
NIFTY-II.NFO,04/11/2024,09:25:20,24360,24358.05,200,24362,50,50,1061250
NIFTY-II.NFO,04/11/2024,09:25:21,24362,24363.55,275,24367.9,25,125,1061250
NIFTY-II.NFO,04/11/2024,09:25:23,24365.3,24365.35,200,24367.9,25,25,1061250
NIFTY-II.NFO,04/11/2024,09:25:25,24367.9,24365.95,200,24370,275,25,1061250
NIFTY-II.NFO,04/11/2024,09:25:26,24371,24368.3,200,24375,25,325,1061250
NIFTY-II.NFO,04/11/2024,09:25:28,24374.95,24367.9,25,24373.9,125,50,1061250
NIFTY-II.NFO,04/11/2024,09:25:30,24374.95,24367.9,25,24371.8,125,0,1061250
NIFTY-II.NFO,04/11/2024,09:25:31,24372.95,24368.95,200,24374.95,25,25,1061250
NIFTY-II.NFO,04/11/2024,09:25:33,24368.95,24368.65,200,24374.95,50,25,1061250
NIFTY-II.NFO,04/11/2024,09:25:35,24368.95,24367.9,25,24368.8,125,0,1061250
NIFTY-II.NFO,04/11/2024,09:25:36,24370.95,24367.9,25,24370.95,125,25,1061250
NIFTY-II.NFO,04/11/2024,09:25:38,24368,24367.9,25,24369.4,125,25,1061250
NIFTY-II.NFO,04/11/2024,09:25:40,24367.9,24365,50,24368.6,100,50,1061250
NIFTY-II.NFO,04/11/2024,09:25:41,24367.9,24365,50,24368.75,100,0,1061250
NIFTY-II.NFO,04/11/2024,09:25:43,24370.4,24365,25,24370.95,100,50,1061250
NIFTY-II.NFO,04/11/2024,09:25:45,24370.95,24365.35,200,24370.95,75,25,1061250
NIFTY-II.NFO,04/11/2024,09:25:46,24366.05,24366,425,24367.9,25,25,1061250
NIFTY-II.NFO,04/11/2024,09:25:48,24367.9,24367.25,425,24370.95,75,25,1061250
NIFTY-II.NFO,04/11/2024,09:25:50,24371,24369.05,200,24374.95,25,175,1061250
NIFTY-II.NFO,04/11/2024,09:25:51,24371,24370.05,275,24374.95,25,0,1061250
NIFTY-II.NFO,04/11/2024,09:25:53,24370.05,24374.3,200,24374.95,25,100,1061250
NIFTY-II.NFO,04/11/2024,09:25:55,24371.9,24371.7,175,24374.95,25,25,1061250
NIFTY-II.NFO,04/11/2024,09:25:56,24370.85,24371.35,275,24374.95,25,25,1061250
NIFTY-II.NFO,04/11/2024,09:25:58,24375,24374.7,150,24377,25,225,1061250
NIFTY-II.NFO,04/11/2024,09:26:00,24376.9,24376.9,125,24385,25,150,1061250
NIFTY-II.NFO,04/11/2024,09:26:01,24386.7,24377.95,50,24385.15,200,50,1061250
NIFTY-II.NFO,04/11/2024,09:26:03,24386.15,24378.15,225,24386.15,200,50,1061250
NIFTY-II.NFO,04/11/2024,09:26:05,24388.2,24379.9,25,24388.15,275,625,1061250
NIFTY-II.NFO,04/11/2024,09:26:06,24388.15,24381.25,425,24388.1,200,75,1061250
NIFTY-II.NFO,04/11/2024,09:26:08,24388,24379.1,200,24387.9,250,125,1061250
NIFTY-II.NFO,04/11/2024,09:26:09,24380.75,24380,475,24389.2,275,575,1061250
NIFTY-II.NFO,04/11/2024,09:26:11,24385.05,24384.1,175,24389.7,25,200,1061250
NIFTY-II.NFO,04/11/2024,09:26:13,24385.05,24385.1,175,24389.7,25,0,1061250
NIFTY-II.NFO,04/11/2024,09:26:14,24385.05,24384.1,175,24389.7,25,0,1061250
NIFTY-II.NFO,04/11/2024,09:26:16,24389.65,24384.05,25,24389.6,200,25,1061250
NIFTY-II.NFO,04/11/2024,09:26:18,24389.65,24385.05,25,24388.3,200,0,1061250
NIFTY-II.NFO,04/11/2024,09:26:19,24385.05,24380,25,24384.15,275,25,1061250
NIFTY-II.NFO,04/11/2024,09:26:21,24380,24384.75,50,24387.6,200,25,1061250
NIFTY-II.NFO,04/11/2024,09:26:23,24384.75,24373.8,200,24382.9,275,125,1061250
NIFTY-II.NFO,04/11/2024,09:26:24,24384.75,24372.9,200,24380.9,150,0,1061250
NIFTY-II.NFO,04/11/2024,09:26:26,24377.95,24371.9,25,24377.95,150,200,1061250
NIFTY-II.NFO,04/11/2024,09:26:28,24378.95,24373.1,200,24380.8,75,75,1061250
NIFTY-II.NFO,04/11/2024,09:26:29,24378.95,24380,25,24383.75,75,0,1061250
NIFTY-II.NFO,04/11/2024,09:26:31,24378.95,24380,25,24380.3,225,0,1061250
NIFTY-II.NFO,04/11/2024,09:26:33,24378.95,24380,25,24383,225,0,1061250
NIFTY-II.NFO,04/11/2024,09:26:34,24377.95,24373.1,200,24379.95,25,50,1061250
NIFTY-II.NFO,04/11/2024,09:26:36,24374.6,24380,25,24383.55,50,50,1061250
NIFTY-II.NFO,04/11/2024,09:26:38,24383.6,24380,25,24384.9,25,150,1061250
NIFTY-II.NFO,04/11/2024,09:26:40,24383.6,24380,25,24385,200,0,1061250
NIFTY-II.NFO,04/11/2024,09:26:41,24385,24380,25,24385,100,100,1061250
NIFTY-II.NFO,04/11/2024,09:26:43,24387.15,24380.05,200,24386.95,25,125,1061250
NIFTY-II.NFO,04/11/2024,09:26:44,24387.95,24384.05,25,24389.7,25,25,1061250
NIFTY-II.NFO,04/11/2024,09:26:46,24385.05,24386.05,25,24389.7,25,25,1061250
NIFTY-II.NFO,04/11/2024,09:26:48,24385.05,24385.05,25,24389.7,25,0,1061250
NIFTY-II.NFO,04/11/2024,09:26:49,24385.05,24384.05,25,24389.65,25,0,1061250
NIFTY-II.NFO,04/11/2024,09:26:51,24385.05,24385.05,50,24389.65,25,0,1061250
NIFTY-II.NFO,04/11/2024,09:26:54,24385.05,24381.05,25,24388.95,150,50,1061250
NIFTY-II.NFO,04/11/2024,09:26:56,24385.05,24382.05,25,24388.2,25,0,1061250
NIFTY-II.NFO,04/11/2024,09:26:58,24389.25,24383.05,25,24389.65,25,75,1061250
NIFTY-II.NFO,04/11/2024,09:26:59,24389.65,24384.05,25,24389.25,25,50,1061250
NIFTY-II.NFO,04/11/2024,09:27:01,24390.05,24389.2,200,24392,25,425,1061250
NIFTY-II.NFO,04/11/2024,09:27:03,24390.05,24384.6,250,24392,25,0,1061250
NIFTY-II.NFO,04/11/2024,09:27:04,24390.05,24385.1,200,24392,25,0,1061250
NIFTY-II.NFO,04/11/2024,09:27:06,24390.05,24386.05,25,24392,25,0,1061250
NIFTY-II.NFO,04/11/2024,09:27:08,24390.05,24385.1,200,24392,25,0,1061250
NIFTY-II.NFO,04/11/2024,09:27:10,24387.1,24384.1,200,24390,50,25,1061250
NIFTY-II.NFO,04/11/2024,09:27:11,24387.1,24383.6,200,24390,50,0,1061250
NIFTY-II.NFO,04/11/2024,09:27:13,24387.1,24382.1,200,24389.9,100,0,1061250
NIFTY-II.NFO,04/11/2024,09:27:15,24389.95,24384.1,200,24390,50,75,1061250
NIFTY-II.NFO,04/11/2024,09:27:16,24390,24384.2,200,24389.95,25,25,1061250
NIFTY-II.NFO,04/11/2024,09:27:18,24390,24381.25,200,24387.95,25,0,1061250
NIFTY-II.NFO,04/11/2024,09:27:20,24383.2,24381.25,250,24389.9,100,25,1061250
NIFTY-II.NFO,04/11/2024,09:27:21,24382.5,24385.3,250,24390,50,75,1061250
NIFTY-II.NFO,04/11/2024,09:27:23,24390,24389.95,25,24390,25,25,1061250
NIFTY-II.NFO,04/11/2024,09:27:25,24389.95,24380.2,200,24386.95,25,25,1061250
NIFTY-II.NFO,04/11/2024,09:27:26,24386.95,24381.55,200,24387.9,25,25,1061250
NIFTY-II.NFO,04/11/2024,09:27:28,24387.9,24380.05,200,24386.95,25,25,1061250
NIFTY-II.NFO,04/11/2024,09:27:30,24380.05,24380.05,200,24385.95,25,25,1061250
NIFTY-II.NFO,04/11/2024,09:27:31,24385.95,24380.05,200,24386.95,25,25,1061250
NIFTY-II.NFO,04/11/2024,09:27:33,24385.95,24380,225,24385.15,200,0,1061250
NIFTY-II.NFO,04/11/2024,09:27:35,24385.15,24380,225,24385.9,175,25,1061250
NIFTY-II.NFO,04/11/2024,09:27:36,24385.15,24385.15,175,24387.2,50,0,1061250
NIFTY-II.NFO,04/11/2024,09:27:38,24385.15,24380.05,200,24384.35,50,175,1061250
NIFTY-II.NFO,04/11/2024,09:27:40,24380.05,24380.05,175,24384.65,100,25,1061250
NIFTY-II.NFO,04/11/2024,09:27:41,24380.05,24380.05,175,24386.9,100,0,1061250
NIFTY-II.NFO,04/11/2024,09:27:43,24380.05,24380,25,24382.2,175,225,1061450
NIFTY-II.NFO,04/11/2024,09:27:45,24380.05,24380,25,24383.45,300,0,1061450
NIFTY-II.NFO,04/11/2024,09:27:46,24375,24375,25,24380.75,175,100,1061450
NIFTY-II.NFO,04/11/2024,09:27:48,24379.7,24375,25,24379.85,300,50,1061450
NIFTY-II.NFO,04/11/2024,09:27:50,24377.95,24371.5,200,24378.95,25,50,1061450
NIFTY-II.NFO,04/11/2024,09:27:51,24371.5,24371.55,200,24377.9,50,50,1061450
NIFTY-II.NFO,04/11/2024,09:27:53,24371.5,24371.5,25,24377.8,100,0,1061450
NIFTY-II.NFO,04/11/2024,09:27:55,24377.9,24370.05,200,24376.9,25,25,1061450
NIFTY-II.NFO,04/11/2024,09:27:56,24377.9,24370,125,24376.9,75,0,1061450
NIFTY-II.NFO,04/11/2024,09:27:58,24377.9,24370.65,200,24378.8,25,0,1061450
NIFTY-II.NFO,04/11/2024,09:28:00,24377.9,24370.65,200,24377.9,25,0,1061450
NIFTY-II.NFO,04/11/2024,09:28:01,24377.9,24370,175,24376.9,25,0,1061450
NIFTY-II.NFO,04/11/2024,09:28:05,24377.9,24372,25,24376.9,25,0,1061450
NIFTY-II.NFO,04/11/2024,09:28:06,24377.9,24372,25,24374.95,25,0,1061450
NIFTY-II.NFO,04/11/2024,09:28:08,24372,24370,200,24372.4,25,25,1061450
NIFTY-II.NFO,04/11/2024,09:28:10,24370,24365,25,24370.9,25,200,1061450
NIFTY-II.NFO,04/11/2024,09:28:11,24370,24366.35,250,24373.15,25,0,1061450
NIFTY-II.NFO,04/11/2024,09:28:13,24374.1,24365.05,200,24371.95,25,150,1061450
NIFTY-II.NFO,04/11/2024,09:28:15,24372.95,24365.05,200,24372.95,75,75,1061450
NIFTY-II.NFO,04/11/2024,09:28:16,24372.95,24370,25,24373.55,300,0,1061450
NIFTY-II.NFO,04/11/2024,09:28:18,24365.05,24366.1,50,24372.9,25,50,1061450
NIFTY-II.NFO,04/11/2024,09:28:20,24365.05,24365.25,200,24372.9,25,0,1061450
NIFTY-II.NFO,04/11/2024,09:28:21,24372.9,24365.45,200,24371.5,25,75,1061450
NIFTY-II.NFO,04/11/2024,09:28:23,24366.9,24366.9,200,24371.5,25,25,1061450
NIFTY-II.NFO,04/11/2024,09:28:25,24366.9,24365.05,200,24371.5,25,25,1061450
NIFTY-II.NFO,04/11/2024,09:28:26,24370.1,24365,25,24370.95,75,100,1061450
NIFTY-II.NFO,04/11/2024,09:28:28,24370.1,24365,25,24371,75,0,1061450
NIFTY-II.NFO,04/11/2024,09:28:30,24370.1,24365,25,24371,25,0,1061450
NIFTY-II.NFO,04/11/2024,09:28:31,24371.05,24365.05,200,24370.7,25,50,1061450
NIFTY-II.NFO,04/11/2024,09:28:33,24365.05,24367.2,200,24371.5,25,75,1061450
NIFTY-II.NFO,04/11/2024,09:28:35,24368.2,24370.1,100,24371.5,25,150,1061450
NIFTY-II.NFO,04/11/2024,09:28:36,24370.1,24370.1,75,24371.45,200,25,1061450
NIFTY-II.NFO,04/11/2024,09:28:38,24370.1,24370.1,50,24370.4,200,25,1061450
NIFTY-II.NFO,04/11/2024,09:28:40,24370.1,24365,25,24370.9,200,50,1061450
NIFTY-II.NFO,04/11/2024,09:28:41,24370.1,24365.4,175,24370.95,25,0,1061450
NIFTY-II.NFO,04/11/2024,09:28:43,24370.9,24365.25,250,24370.95,25,25,1061450
NIFTY-II.NFO,04/11/2024,09:28:45,24370.9,24365,25,24370.9,200,0,1061450
NIFTY-II.NFO,04/11/2024,09:28:46,24369.4,24365,25,24368.45,175,25,1061450
NIFTY-II.NFO,04/11/2024,09:28:48,24367.2,24364,25,24367.2,125,100,1061450
NIFTY-II.NFO,04/11/2024,09:28:50,24367.2,24364,25,24369.7,125,0,1061450
NIFTY-II.NFO,04/11/2024,09:28:51,24367.2,24364,25,24369.2,125,0,1061450
NIFTY-II.NFO,04/11/2024,09:28:53,24367.2,24364,25,24368.75,125,0,1061450
NIFTY-II.NFO,04/11/2024,09:28:55,24369.6,24364,25,24369.7,375,50,1061450
NIFTY-II.NFO,04/11/2024,09:28:56,24366,24366,25,24367.95,75,25,1061450
NIFTY-II.NFO,04/11/2024,09:28:58,24366,24366,25,24369.3,75,0,1061450
NIFTY-II.NFO,04/11/2024,09:29:00,24366,24366,25,24368.9,75,0,1061450
NIFTY-II.NFO,04/11/2024,09:29:01,24366.85,24364,25,24365.6,25,75,1061450
NIFTY-II.NFO,04/11/2024,09:29:03,24366.85,24364,25,24366.6,25,0,1061450
NIFTY-II.NFO,04/11/2024,09:29:05,24366.85,24364,25,24364.2,25,0,1061450
NIFTY-II.NFO,04/11/2024,09:29:06,24366.85,24366,25,24367.5,25,0,1061450
NIFTY-II.NFO,04/11/2024,09:29:08,24366,24364,25,24366,675,25,1061450
NIFTY-II.NFO,04/11/2024,09:29:10,24366,24364,25,24365.95,25,0,1061450
NIFTY-II.NFO,04/11/2024,09:29:11,24364,24363,300,24365.95,25,75,1061450
NIFTY-II.NFO,04/11/2024,09:29:13,24363,24363,75,24364.9,25,250,1061450
NIFTY-II.NFO,04/11/2024,09:29:15,24363,24363,75,24363.2,25,0,1061450
NIFTY-II.NFO,04/11/2024,09:29:18,24362,24361.1,25,24363.2,25,200,1061450
NIFTY-II.NFO,04/11/2024,09:29:20,24360,24360,450,24361.85,125,150,1061450
NIFTY-II.NFO,04/11/2024,09:29:21,24360,24360,75,24362,25,475,1061450
NIFTY-II.NFO,04/11/2024,09:29:23,24362,24360,75,24363,25,25,1061450
NIFTY-II.NFO,04/11/2024,09:29:25,24361.25,24361.25,150,24366.05,25,75,1061450
NIFTY-II.NFO,04/11/2024,09:29:26,24361.55,24360,75,24363.2,25,25,1061450
NIFTY-II.NFO,04/11/2024,09:29:28,24360,24359.8,200,24365.5,25,225,1061450
NIFTY-II.NFO,04/11/2024,09:29:30,24360,24357.55,200,24364.6,25,0,1061450
NIFTY-II.NFO,04/11/2024,09:29:31,24362,24362,25,24363.15,250,50,1061450
NIFTY-II.NFO,04/11/2024,09:29:33,24362,24362,25,24364.7,125,0,1061450
NIFTY-II.NFO,04/11/2024,09:29:35,24362,24362,25,24364.35,25,0,1061450
NIFTY-II.NFO,04/11/2024,09:29:36,24366.25,24365,25,24366.8,125,500,1061450
NIFTY-II.NFO,04/11/2024,09:29:38,24365,24362,25,24365.45,125,50,1061450
NIFTY-II.NFO,04/11/2024,09:29:40,24362,24357.5,150,24362.2,25,75,1061450
NIFTY-II.NFO,04/11/2024,09:29:41,24362,24357.5,150,24362,600,125,1061450
NIFTY-II.NFO,04/11/2024,09:29:43,24361.55,24361.55,50,24362,175,475,1061450
NIFTY-II.NFO,04/11/2024,09:29:45,24361.55,24361.55,25,24362,175,50,1061450
NIFTY-II.NFO,04/11/2024,09:29:46,24362,24361.55,25,24362,150,25,1061450
NIFTY-II.NFO,04/11/2024,09:29:48,24362.5,24361.55,25,24364.45,75,500,1061450
NIFTY-II.NFO,04/11/2024,09:29:50,24362.5,24361.55,25,24364.45,75,0,1061450
NIFTY-II.NFO,04/11/2024,09:29:51,24362.5,24361.55,25,24365.55,25,0,1061450
NIFTY-II.NFO,04/11/2024,09:29:53,24361.55,24357.5,150,24361.05,25,25,1061450
NIFTY-II.NFO,04/11/2024,09:29:55,24357.5,24357.5,100,24361.05,25,50,1061450
NIFTY-II.NFO,04/11/2024,09:29:55,24357.5,24357.5,100,24361.05,25,0,1061450
NIFTY-II.NFO,04/11/2024,09:29:56,24357.5,24357.5,100,24363.55,25,0,1061450
NIFTY-II.NFO,04/11/2024,09:29:58,24362.5,24360,50,24362.8,125,225,1061450
NIFTY-II.NFO,04/11/2024,09:30:00,24362.8,24360,50,24362.25,800,50,1061450
NIFTY-II.NFO,04/11/2024,09:30:01,24357.5,24355.5,25,24359.2,125,175,1061450
NIFTY-II.NFO,04/11/2024,09:30:03,24358.95,24355,150,24359.9,25,50,1061450
NIFTY-II.NFO,04/11/2024,09:30:03,24355.5,24355,150,24359.9,25,0,1061450
NIFTY-II.NFO,04/11/2024,09:30:05,24353.05,24353,50,24357.5,25,200,1061450
NIFTY-II.NFO,04/11/2024,09:30:05,24353.05,24353,50,24357.5,25,0,1061450
NIFTY-II.NFO,04/11/2024,09:30:06,24353,24352,50,24357.45,50,50,1061450
NIFTY-II.NFO,04/11/2024,09:30:06,24353,24352,50,24357.45,50,0,1061450
NIFTY-II.NFO,04/11/2024,09:30:08,24352,24351,50,24357.45,50,50,1061450
NIFTY-II.NFO,04/11/2024,09:30:08,24352,24351,50,24357.45,50,0,1061450
NIFTY-II.NFO,04/11/2024,09:30:10,24356.65,24351,50,24356.95,25,125,1061450
NIFTY-II.NFO,04/11/2024,09:30:11,24350.7,24352,25,24355,25,75,1061450
NIFTY-II.NFO,04/11/2024,09:30:11,24350.7,24352,25,24355,25,0,1061450
NIFTY-II.NFO,04/11/2024,09:30:13,24350.05,24350,1300,24355,25,75,1061450
NIFTY-II.NFO,04/11/2024,09:30:13,24350.05,24350,1300,24355,25,0,1061450
NIFTY-II.NFO,04/11/2024,09:30:15,24355,24350.05,200,24355.95,25,250,1061450
NIFTY-II.NFO,04/11/2024,09:30:15,24350,24350.05,200,24355.95,25,0,1061450
NIFTY-II.NFO,04/11/2024,09:30:16,24357.5,24353.65,325,24360.9,25,50,1061450
NIFTY-II.NFO,04/11/2024,09:30:18,24352,24352,25,24358.05,25,25,1061450
NIFTY-II.NFO,04/11/2024,09:30:20,24352.05,24352.05,200,24359.75,150,125,1061450
NIFTY-II.NFO,04/11/2024,09:30:21,24360,24353.95,200,24360.85,150,25,1061450
NIFTY-II.NFO,04/11/2024,09:30:23,24364.55,24356.05,275,24365,25,75,1061450
NIFTY-II.NFO,04/11/2024,09:30:25,24360.05,24360,25,24365.6,200,25,1061450
NIFTY-II.NFO,04/11/2024,09:30:26,24360,24355.55,250,24362.9,325,25,1061450
NIFTY-II.NFO,04/11/2024,09:30:28,24360,24354.2,275,24360.95,25,0,1061450
NIFTY-II.NFO,04/11/2024,09:30:30,24360,24354.2,200,24360,25,0,1061450
NIFTY-II.NFO,04/11/2024,09:30:31,24354.2,24354.2,150,24356.9,25,100,1061450
NIFTY-II.NFO,04/11/2024,09:30:33,24354.2,24352.05,150,24356.9,25,0,1061450
NIFTY-II.NFO,04/11/2024,09:30:35,24356.9,24352.75,200,24359.6,25,25,1061450
NIFTY-II.NFO,04/11/2024,09:30:36,24356.9,24353.85,150,24359.95,25,0,1061450
NIFTY-II.NFO,04/11/2024,09:30:38,24356.9,24355.65,150,24359.95,25,0,1061450
NIFTY-II.NFO,04/11/2024,09:30:40,24356.05,24357.05,175,24359.95,25,25,1061450
NIFTY-II.NFO,04/11/2024,09:30:41,24360,24359.5,125,24364,125,100,1064125
NIFTY-II.NFO,04/11/2024,09:30:43,24370,24367.1,100,24370.9,50,200,1064125
NIFTY-II.NFO,04/11/2024,09:30:45,24370,24367.5,50,24370.9,50,0,1064125
NIFTY-II.NFO,04/11/2024,09:30:46,24370.9,24373.45,50,24375,50,75,1064125
NIFTY-II.NFO,04/11/2024,09:30:48,24370.9,24372.15,250,24375,75,0,1064125
NIFTY-II.NFO,04/11/2024,09:30:50,24375,24370.1,250,24375,25,50,1064125
NIFTY-II.NFO,04/11/2024,09:30:51,24375,24371.05,25,24375,150,0,1064125
NIFTY-II.NFO,04/11/2024,09:30:53,24375,24370.1,250,24375,125,25,1064125
NIFTY-II.NFO,04/11/2024,09:30:55,24375,24368.2,75,24374.95,200,0,1064125
NIFTY-II.NFO,04/11/2024,09:30:56,24375,24366.3,75,24368.65,25,0,1064125
NIFTY-II.NFO,04/11/2024,09:30:58,24366.3,24367.8,50,24374.2,200,25,1064125
NIFTY-II.NFO,04/11/2024,09:31:00,24367.3,24369.05,25,24374.95,200,275,1064125
NIFTY-II.NFO,04/11/2024,09:31:01,24374.7,24369.1,250,24374.95,200,100,1064125
NIFTY-II.NFO,04/11/2024,09:31:03,24374.7,24369.1,250,24374.45,200,0,1064125
NIFTY-II.NFO,04/11/2024,09:31:05,24374.9,24368.45,50,24373.95,25,75,1064125
NIFTY-II.NFO,04/11/2024,09:31:06,24374.9,24367.3,25,24372.95,200,0,1064125
NIFTY-II.NFO,04/11/2024,09:31:08,24371.7,24367.3,25,24369.55,200,25,1064125
NIFTY-II.NFO,04/11/2024,09:31:10,24367.3,24366,25,24366.95,175,50,1064125
NIFTY-II.NFO,04/11/2024,09:31:11,24364.9,24357.95,200,24364.9,150,75,1064125
NIFTY-II.NFO,04/11/2024,09:31:13,24364.9,24358.1,200,24364.9,150,0,1064125
NIFTY-II.NFO,04/11/2024,09:31:15,24364.9,24358.35,200,24364.95,25,0,1064125
NIFTY-II.NFO,04/11/2024,09:31:16,24364.9,24364.9,25,24366.95,150,0,1064125
NIFTY-II.NFO,04/11/2024,09:31:18,24366.45,24360.25,25,24366.45,125,50,1064125
NIFTY-II.NFO,04/11/2024,09:31:20,24366.45,24364.9,25,24366.9,50,0,1064125
NIFTY-II.NFO,04/11/2024,09:31:21,24369.2,24364.9,25,24369.25,500,125,1064125
NIFTY-II.NFO,04/11/2024,09:31:23,24369.75,24364.95,50,24371.5,475,25,1064125
NIFTY-II.NFO,04/11/2024,09:31:25,24369.75,24365.4,50,24371.5,675,0,1064125
NIFTY-II.NFO,04/11/2024,09:31:26,24369.75,24364.9,25,24368.7,125,0,1064125
NIFTY-II.NFO,04/11/2024,09:31:28,24369.75,24364.9,25,24369.5,750,0,1064125
NIFTY-II.NFO,04/11/2024,09:31:30,24369.75,24364.95,50,24370.5,25,0,1064125
NIFTY-II.NFO,04/11/2024,09:31:31,24366.1,24368.1,250,24373,100,25,1064125
NIFTY-II.NFO,04/11/2024,09:31:33,24366.1,24367.1,250,24372.7,25,0,1064125
NIFTY-II.NFO,04/11/2024,09:31:35,24364.9,24364.9,25,24367.75,750,50,1064125
NIFTY-II.NFO,04/11/2024,09:31:36,24367.75,24364.9,25,24367,750,25,1064125
NIFTY-II.NFO,04/11/2024,09:31:38,24367.75,24364.9,25,24369.5,750,0,1064125
NIFTY-II.NFO,04/11/2024,09:31:40,24367.75,24367.75,50,24369.75,750,0,1064125
NIFTY-II.NFO,04/11/2024,09:31:41,24367.75,24367.75,25,24371.25,750,50,1064125
NIFTY-II.NFO,04/11/2024,09:31:43,24367.75,24367.75,50,24371.25,750,50,1064125
NIFTY-II.NFO,04/11/2024,09:31:45,24367.8,24367.75,50,24373,100,200,1064125
NIFTY-II.NFO,04/11/2024,09:31:46,24367.8,24369.3,50,24373,100,0,1064125
NIFTY-II.NFO,04/11/2024,09:31:48,24367.8,24370.05,25,24373,100,0,1064125
NIFTY-II.NFO,04/11/2024,09:31:50,24370.4,24370.4,25,24373,100,125,1064125
NIFTY-II.NFO,04/11/2024,09:31:51,24370.4,24370.85,250,24373,100,0,1064125
NIFTY-II.NFO,04/11/2024,09:31:53,24370.4,24371.95,250,24373,100,0,1064125
NIFTY-II.NFO,04/11/2024,09:31:55,24373,24372.2,200,24373,25,100,1064125
NIFTY-II.NFO,04/11/2024,09:31:56,24373,24373.15,200,24374.4,25,25,1064125
NIFTY-II.NFO,04/11/2024,09:31:58,24375,24372.9,200,24375,125,75,1064125
NIFTY-II.NFO,04/11/2024,09:32:00,24374.4,24374.4,325,24375,75,375,1064125
NIFTY-II.NFO,04/11/2024,09:32:01,24375,24374.4,325,24375,75,25,1064125
NIFTY-II.NFO,04/11/2024,09:32:03,24373.5,24370.4,1000,24373.35,25,375,1064125
NIFTY-II.NFO,04/11/2024,09:32:05,24373.5,24370.4,1000,24372.9,25,0,1064125
NIFTY-II.NFO,04/11/2024,09:32:06,24373,24373,25,24373.7,25,25,1064125
NIFTY-II.NFO,04/11/2024,09:32:08,24374.45,24373,25,24374.5,750,25,1064125
NIFTY-II.NFO,04/11/2024,09:32:10,24371.5,24370.4,1000,24370.95,250,200,1064125
NIFTY-II.NFO,04/11/2024,09:32:11,24369.1,24367,25,24368.75,250,2875,1064125
NIFTY-II.NFO,04/11/2024,09:32:13,24369.1,24367,25,24369.1,200,0,1064125
NIFTY-II.NFO,04/11/2024,09:32:15,24365,24365.05,25,24371.5,600,200,1064125
NIFTY-II.NFO,04/11/2024,09:32:16,24365,24365,75,24370,25,0,1064125
NIFTY-II.NFO,04/11/2024,09:32:20,24365,24365.35,200,24371.95,25,150,1064125
NIFTY-II.NFO,04/11/2024,09:32:21,24365.15,24365,25,24369.2,25,25,1064125
NIFTY-II.NFO,04/11/2024,09:32:23,24365,24365,50,24369.85,225,225,1064125
NIFTY-II.NFO,04/11/2024,09:32:25,24365,24366.05,25,24372,675,25,1064125
NIFTY-II.NFO,04/11/2024,09:32:26,24366.05,24366.05,25,24372,25,25,1064125
NIFTY-II.NFO,04/11/2024,09:32:28,24371.5,24365,300,24368.35,225,25,1064125
NIFTY-II.NFO,04/11/2024,09:32:30,24365,24365,300,24369.15,175,50,1064125
NIFTY-II.NFO,04/11/2024,09:32:31,24365,24365,275,24367.8,225,50,1064125
NIFTY-II.NFO,04/11/2024,09:32:33,24365,24365,250,24367.75,175,25,1064125
NIFTY-II.NFO,04/11/2024,09:32:35,24365,24365,250,24368.45,325,0,1064125
NIFTY-II.NFO,04/11/2024,09:32:36,24365,24365,250,24368.05,175,0,1064125
NIFTY-II.NFO,04/11/2024,09:32:38,24365,24365,250,24368.4,125,0,1064125
NIFTY-II.NFO,04/11/2024,09:32:40,24365,24365,225,24368,175,25,1064125
NIFTY-II.NFO,04/11/2024,09:32:41,24365,24365,225,24367.3,125,0,1064125
NIFTY-II.NFO,04/11/2024,09:32:43,24365,24365,225,24367.2,225,0,1064125
NIFTY-II.NFO,04/11/2024,09:32:45,24367.3,24365,200,24367.45,175,50,1064125
NIFTY-II.NFO,04/11/2024,09:32:46,24367.3,24365,200,24366.8,175,0,1064125
NIFTY-II.NFO,04/11/2024,09:32:48,24365,24365,200,24366.65,25,25,1064125
NIFTY-II.NFO,04/11/2024,09:32:50,24365,24365,175,24366.65,25,0,1064125
NIFTY-II.NFO,04/11/2024,09:32:51,24365,24365,50,24366.65,50,150,1064125
NIFTY-II.NFO,04/11/2024,09:32:53,24365.05,24365.05,200,24366.65,50,25,1064125
NIFTY-II.NFO,04/11/2024,09:32:55,24367.4,24367.2,200,24370,100,150,1064125
NIFTY-II.NFO,04/11/2024,09:32:56,24370,24367.7,200,24370,50,50,1064125
NIFTY-II.NFO,04/11/2024,09:32:58,24370,24368.4,200,24370,50,0,1064125
NIFTY-II.NFO,04/11/2024,09:33:00,24369.05,24365,75,24370.85,175,250,1064125
NIFTY-II.NFO,04/11/2024,09:33:01,24369.05,24366.65,125,24371.8,25,0,1064125
NIFTY-II.NFO,04/11/2024,09:33:03,24369.05,24366.65,125,24371.95,25,25,1064125
NIFTY-II.NFO,04/11/2024,09:33:05,24369.05,24366.65,125,24370.65,225,0,1064125
NIFTY-II.NFO,04/11/2024,09:33:07,24367.4,24367.4,200,24371.95,25,150,1064125
NIFTY-II.NFO,04/11/2024,09:33:08,24372,24372.15,175,24375,75,100,1064125
NIFTY-II.NFO,04/11/2024,09:33:10,24372.05,24371.25,175,24375,75,25,1064125
NIFTY-II.NFO,04/11/2024,09:33:12,24374.55,24370,75,24374.55,175,75,1064125
NIFTY-II.NFO,04/11/2024,09:33:13,24374.55,24370,75,24373.9,425,0,1064125
NIFTY-II.NFO,04/11/2024,09:33:15,24374.55,24370,100,24374.15,175,0,1064125
NIFTY-II.NFO,04/11/2024,09:33:17,24370.25,24370,75,24370.3,225,75,1064125
NIFTY-II.NFO,04/11/2024,09:33:18,24370,24369.05,25,24369.95,375,75,1064125
NIFTY-II.NFO,04/11/2024,09:33:20,24370,24370,25,24371.5,175,0,1064125
NIFTY-II.NFO,04/11/2024,09:33:22,24370,24370,25,24373.75,150,0,1064125
NIFTY-II.NFO,04/11/2024,09:33:23,24370,24370,25,24373.45,225,0,1064125
NIFTY-II.NFO,04/11/2024,09:33:25,24370,24370,50,24372.8,175,0,1064125
NIFTY-II.NFO,04/11/2024,09:33:27,24370,24370,50,24370.9,250,0,1064125
NIFTY-II.NFO,04/11/2024,09:33:28,24369.05,24365,150,24369.05,175,375,1064125
NIFTY-II.NFO,04/11/2024,09:33:30,24369.85,24365,150,24370.65,150,25,1064125
NIFTY-II.NFO,04/11/2024,09:33:32,24369.85,24365.05,200,24371.75,175,0,1064125
NIFTY-II.NFO,04/11/2024,09:33:33,24369.85,24365.05,225,24371.75,175,0,1064125
NIFTY-II.NFO,04/11/2024,09:33:35,24371.75,24365.05,225,24371.4,150,25,1064125
NIFTY-II.NFO,04/11/2024,09:33:37,24371.75,24365,150,24369.2,150,0,1064125
NIFTY-II.NFO,04/11/2024,09:33:38,24371.75,24365,150,24368.3,150,0,1064125
NIFTY-II.NFO,04/11/2024,09:33:40,24365,24361,50,24363.4,150,250,1064125
NIFTY-II.NFO,04/11/2024,09:33:42,24360,24360,225,24363.1,375,225,1066275
NIFTY-II.NFO,04/11/2024,09:33:43,24360,24360,225,24365.75,125,0,1066275
NIFTY-II.NFO,04/11/2024,09:33:45,24360,24360,25,24363.4,125,200,1066275
NIFTY-II.NFO,04/11/2024,09:33:47,24360,24360,25,24363.7,325,0,1066275
NIFTY-II.NFO,04/11/2024,09:33:48,24360,24360,25,24361.45,50,0,1066275
NIFTY-II.NFO,04/11/2024,09:33:50,24356,24356.05,200,24360,25,50,1066275
NIFTY-II.NFO,04/11/2024,09:33:52,24356,24356.05,200,24360,25,0,1066275
NIFTY-II.NFO,04/11/2024,09:33:53,24355.05,24355,25,24360,50,50,1066275
NIFTY-II.NFO,04/11/2024,09:33:55,24355.05,24355,25,24359.95,175,0,1066275
NIFTY-II.NFO,04/11/2024,09:33:57,24345.7,24344.9,25,24349.95,50,2275,1066275
NIFTY-II.NFO,04/11/2024,09:33:57,24345.7,24344.9,25,24349.95,50,0,1066275
NIFTY-II.NFO,04/11/2024,09:33:58,24344.6,24343,25,24345.6,25,50,1066275
NIFTY-II.NFO,04/11/2024,09:33:58,24344.6,24343,25,24345.6,25,0,1066275
NIFTY-II.NFO,04/11/2024,09:34:00,24344.6,24343,25,24345.55,50,0,1066275
NIFTY-II.NFO,04/11/2024,09:34:02,24345.5,24342,575,24345.55,25,100,1066275
NIFTY-II.NFO,04/11/2024,09:34:02,24342.05,24342,575,24345.55,25,0,1066275
NIFTY-II.NFO,04/11/2024,09:34:03,24345.5,24342,575,24345.55,25,0,1066275
NIFTY-II.NFO,04/11/2024,09:34:05,24345.5,24342,575,24345.55,25,25,1066275
NIFTY-II.NFO,04/11/2024,09:34:07,24342,24342,550,24344.05,125,25,1066275
NIFTY-II.NFO,04/11/2024,09:34:07,24342,24342,550,24344.05,125,0,1066275
NIFTY-II.NFO,04/11/2024,09:34:08,24342.05,24340,200,24342.65,350,750,1066275
NIFTY-II.NFO,04/11/2024,09:34:08,24340.9,24340,200,24342.65,350,0,1066275
NIFTY-II.NFO,04/11/2024,09:34:10,24340,24337.2,375,24340.45,100,200,1066275
NIFTY-II.NFO,04/11/2024,09:34:10,24340,24337.2,375,24340.45,100,0,1066275
NIFTY-II.NFO,04/11/2024,09:34:11,24337.2,24337.2,175,24338.95,25,225,1066275
NIFTY-II.NFO,04/11/2024,09:34:11,24337.2,24337.2,175,24338.95,25,0,1066275
NIFTY-II.NFO,04/11/2024,09:34:13,24337.2,24337.2,150,24338.95,25,25,1066275
NIFTY-II.NFO,04/11/2024,09:34:15,24336,24335.3,25,24338.8,25,175,1066275
NIFTY-II.NFO,04/11/2024,09:34:15,24336,24335.3,25,24338.8,25,0,1066275
NIFTY-II.NFO,04/11/2024,09:34:16,24337.2,24335.05,50,24338.85,25,75,1066275
NIFTY-II.NFO,04/11/2024,09:34:16,24335.3,24335.05,50,24338.85,25,0,1066275
NIFTY-II.NFO,04/11/2024,09:34:18,24335,24335,500,24338.85,25,75,1066275
NIFTY-II.NFO,04/11/2024,09:34:18,24335,24335,500,24338.85,25,0,1066275
NIFTY-II.NFO,04/11/2024,09:34:20,24337,24335,450,24336.85,25,100,1066275
NIFTY-II.NFO,04/11/2024,09:34:21,24338.85,24335.05,50,24341.95,200,75,1066275
NIFTY-II.NFO,04/11/2024,09:34:23,24335,24335,400,24336.95,25,50,1066275
NIFTY-II.NFO,04/11/2024,09:34:25,24335,24335,100,24336.95,25,300,1066275
NIFTY-II.NFO,04/11/2024,09:34:26,24334,24330,75,24334.2,125,150,1066275
NIFTY-II.NFO,04/11/2024,09:34:26,24334,24330,75,24334.2,125,0,1066275
NIFTY-II.NFO,04/11/2024,09:34:28,24330,24330.45,50,24336.9,25,75,1066275
NIFTY-II.NFO,04/11/2024,09:34:28,24330,24330.45,50,24336.9,25,0,1066275
NIFTY-II.NFO,04/11/2024,09:34:30,24336.95,24329.4,50,24335,25,200,1066275
NIFTY-II.NFO,04/11/2024,09:34:30,24329.05,24329.4,50,24335,25,0,1066275
NIFTY-II.NFO,04/11/2024,09:34:31,24332.95,24331.5,75,24335,25,25,1066275
NIFTY-II.NFO,04/11/2024,09:34:33,24330,24329.05,50,24332.95,25,1850,1066275
NIFTY-II.NFO,04/11/2024,09:34:33,24325,24329.05,50,24332.95,25,0,1066275
NIFTY-II.NFO,04/11/2024,09:34:35,24335,24329.1,50,24336.95,25,150,1066275
NIFTY-II.NFO,04/11/2024,09:34:36,24329.05,24329.6,50,24332.95,25,1050,1066275
NIFTY-II.NFO,04/11/2024,09:34:38,24329.8,24330,50,24332.95,25,25,1066275
NIFTY-II.NFO,04/11/2024,09:34:40,24330.55,24330,50,24332.95,25,25,1066275
NIFTY-II.NFO,04/11/2024,09:34:41,24332.95,24330,50,24334.95,25,25,1066275
NIFTY-II.NFO,04/11/2024,09:34:43,24332.95,24330,50,24332.75,125,0,1066275
NIFTY-II.NFO,04/11/2024,09:34:45,24326.05,24329.8,25,24332.95,25,150,1066275
NIFTY-II.NFO,04/11/2024,09:34:46,24330.55,24330.05,50,24336.95,25,50,1066275
NIFTY-II.NFO,04/11/2024,09:34:48,24330.55,24330.6,50,24336.95,25,0,1066275
NIFTY-II.NFO,04/11/2024,09:34:50,24335.95,24330.55,25,24335.95,25,50,1066275
NIFTY-II.NFO,04/11/2024,09:34:51,24330.55,24330,100,24335.95,25,25,1066275
NIFTY-II.NFO,04/11/2024,09:34:53,24330,24330,50,24335.9,25,50,1066275
NIFTY-II.NFO,04/11/2024,09:34:55,24330,24330.55,25,24335.9,25,0,1066275
NIFTY-II.NFO,04/11/2024,09:34:56,24330,24330.6,50,24335.9,25,0,1066275
NIFTY-II.NFO,04/11/2024,09:34:58,24330.55,24330.1,50,24335.9,25,50,1066275
NIFTY-II.NFO,04/11/2024,09:35:00,24330,24330.25,50,24334.4,250,200,1066275
NIFTY-II.NFO,04/11/2024,09:35:01,24334.4,24330,50,24334.4,200,75,1066275
NIFTY-II.NFO,04/11/2024,09:35:03,24330,24329.8,25,24332.25,200,75,1066275
NIFTY-II.NFO,04/11/2024,09:35:05,24327.85,24325.8,25,24330.95,25,1025,1066275
NIFTY-II.NFO,04/11/2024,09:35:06,24333.9,24327.9,50,24334.35,200,25,1066275
NIFTY-II.NFO,04/11/2024,09:35:08,24333.9,24330.9,50,24334.4,200,0,1066275
NIFTY-II.NFO,04/11/2024,09:35:10,24328.6,24328.7,100,24334.4,200,875,1066275
NIFTY-II.NFO,04/11/2024,09:35:11,24338.85,24336.75,50,24339,25,250,1066275
NIFTY-II.NFO,04/11/2024,09:35:13,24335.65,24335.95,300,24339,25,125,1066275
NIFTY-II.NFO,04/11/2024,09:35:15,24340,24338.1,50,24342,25,50,1066275
NIFTY-II.NFO,04/11/2024,09:35:16,24342.05,24343.5,50,24345.6,25,125,1066275
NIFTY-II.NFO,04/11/2024,09:35:20,24343.05,24344.05,25,24348.9,50,775,1066275
NIFTY-II.NFO,04/11/2024,09:35:21,24343.4,24345.05,25,24348.85,25,150,1066275
NIFTY-II.NFO,04/11/2024,09:35:23,24342,24342.05,25,24345,25,125,1066275
NIFTY-II.NFO,04/11/2024,09:35:25,24342.05,24341.45,50,24348.85,25,325,1066275
NIFTY-II.NFO,04/11/2024,09:35:26,24346.05,24345.05,25,24346.05,25,50,1066275
NIFTY-II.NFO,04/11/2024,09:35:28,24341.15,24346.05,25,24349.55,50,25,1066275
NIFTY-II.NFO,04/11/2024,09:35:30,24341.15,24345.05,25,24349.95,200,0,1066275
NIFTY-II.NFO,04/11/2024,09:35:31,24351.95,24345.05,25,24350.55,200,125,1066275
NIFTY-II.NFO,04/11/2024,09:35:33,24351.95,24343.05,25,24349.35,200,0,1066275
NIFTY-II.NFO,04/11/2024,09:35:35,24349.85,24347.05,25,24351.4,200,25,1066275
NIFTY-II.NFO,04/11/2024,09:35:36,24349.85,24352.05,25,24355,25,0,1066275
NIFTY-II.NFO,04/11/2024,09:35:38,24349.85,24351.95,25,24353.65,200,0,1066275
NIFTY-II.NFO,04/11/2024,09:35:40,24353.1,24348,25,24353,200,75,1066275
NIFTY-II.NFO,04/11/2024,09:35:41,24345,24343,100,24344.2,200,75,1066275
NIFTY-II.NFO,04/11/2024,09:35:43,24345,24343,100,24344.4,200,25,1066275
NIFTY-II.NFO,04/11/2024,09:35:45,24344.75,24343,100,24344.75,200,50,1066275
NIFTY-II.NFO,04/11/2024,09:35:46,24344.75,24343,100,24346.4,200,0,1066275
NIFTY-II.NFO,04/11/2024,09:35:48,24346.05,24347.05,25,24353.25,75,150,1066275
NIFTY-II.NFO,04/11/2024,09:35:50,24346.05,24344.25,200,24349.95,25,0,1066275
NIFTY-II.NFO,04/11/2024,09:35:51,24346.05,24345.35,50,24349.95,25,0,1066275
NIFTY-II.NFO,04/11/2024,09:35:53,24349.95,24349.05,25,24354.3,75,25,1066275
NIFTY-II.NFO,04/11/2024,09:35:55,24349.95,24345.3,50,24352.45,75,0,1066275
NIFTY-II.NFO,04/11/2024,09:35:56,24349.95,24346.15,50,24352.95,75,0,1066275
NIFTY-II.NFO,04/11/2024,09:35:58,24354.1,24346.25,50,24354.1,50,125,1066275
NIFTY-II.NFO,04/11/2024,09:36:00,24354.1,24348.05,25,24354.75,50,0,1066275
NIFTY-II.NFO,04/11/2024,09:36:01,24354.1,24346.05,25,24351.75,50,0,1066275
NIFTY-II.NFO,04/11/2024,09:36:03,24354.1,24348.05,25,24354.1,25,0,1066275
NIFTY-II.NFO,04/11/2024,09:36:05,24354.1,24350.05,25,24354.1,25,0,1066275
NIFTY-II.NFO,04/11/2024,09:36:08,24350.05,24346.3,200,24354.05,50,25,1066275
NIFTY-II.NFO,04/11/2024,09:36:10,24350.05,24350,25,24354.05,50,0,1066275
NIFTY-II.NFO,04/11/2024,09:36:11,24350.05,24350.05,25,24354.1,25,0,1066275
NIFTY-II.NFO,04/11/2024,09:36:13,24349.05,24348.05,25,24354.05,50,75,1066275
NIFTY-II.NFO,04/11/2024,09:36:15,24354.2,24346.85,200,24354.65,50,250,1066275
NIFTY-II.NFO,04/11/2024,09:36:16,24354.2,24346.1,200,24352.95,50,0,1066275
NIFTY-II.NFO,04/11/2024,09:36:18,24348.05,24345,25,24350.9,50,25,1066275
NIFTY-II.NFO,04/11/2024,09:36:20,24348.35,24345,25,24348.35,25,150,1066275
NIFTY-II.NFO,04/11/2024,09:36:21,24348.35,24345,25,24348.15,50,0,1066275
NIFTY-II.NFO,04/11/2024,09:36:23,24348.9,24345,25,24348.9,25,50,1066275
NIFTY-II.NFO,04/11/2024,09:36:25,24348.9,24345,25,24347.15,250,0,1066275
NIFTY-II.NFO,04/11/2024,09:36:26,24348.9,24345,25,24346.45,125,0,1066275
NIFTY-II.NFO,04/11/2024,09:36:28,24346.75,24345,25,24347.35,250,25,1066275
NIFTY-II.NFO,04/11/2024,09:36:30,24347.05,24345,25,24347.5,250,100,1066275
NIFTY-II.NFO,04/11/2024,09:36:31,24347.75,24345,50,24346.75,75,50,1066275
NIFTY-II.NFO,04/11/2024,09:36:33,24345,24343.05,25,24346.75,75,50,1066275
NIFTY-II.NFO,04/11/2024,09:36:35,24345,24344.7,200,24346.75,75,0,1066275
NIFTY-II.NFO,04/11/2024,09:36:36,24350,24350.05,25,24354.95,250,125,1066275
NIFTY-II.NFO,04/11/2024,09:36:38,24355,24350.05,25,24354.35,250,25,1066275
NIFTY-II.NFO,04/11/2024,09:36:40,24348.9,24347,25,24350.9,250,25,1066275
NIFTY-II.NFO,04/11/2024,09:36:41,24348.9,24347,25,24351.15,250,0,1066275
NIFTY-II.NFO,04/11/2024,09:36:43,24349.6,24347,25,24350,225,25,1067925
NIFTY-II.NFO,04/11/2024,09:36:45,24349.95,24347,25,24349.9,175,50,1067925
NIFTY-II.NFO,04/11/2024,09:36:46,24349.55,24347,25,24349.75,250,50,1067925
NIFTY-II.NFO,04/11/2024,09:36:48,24349.55,24347,25,24352.5,50,0,1067925
NIFTY-II.NFO,04/11/2024,09:36:50,24349.55,24347.05,25,24352.25,50,0,1067925
NIFTY-II.NFO,04/11/2024,09:36:51,24351.45,24349.05,25,24354.1,175,25,1067925
NIFTY-II.NFO,04/11/2024,09:36:53,24353.3,24347,25,24351.3,250,25,1067925
NIFTY-II.NFO,04/11/2024,09:36:55,24353.3,24347,25,24349.95,175,0,1067925
NIFTY-II.NFO,04/11/2024,09:36:56,24353.3,24347,25,24352.2,175,0,1067925
NIFTY-II.NFO,04/11/2024,09:36:58,24353.3,24351.1,50,24356.2,175,0,1067925
NIFTY-II.NFO,04/11/2024,09:37:00,24353.3,24349.55,25,24354.95,250,0,1067925
NIFTY-II.NFO,04/11/2024,09:37:01,24353.3,24350.05,25,24354.1,175,0,1067925
NIFTY-II.NFO,04/11/2024,09:37:03,24353.3,24351.05,25,24354.55,175,0,1067925
NIFTY-II.NFO,04/11/2024,09:37:05,24353.3,24351.05,25,24354.95,25,0,1067925
NIFTY-II.NFO,04/11/2024,09:37:08,24353.3,24350.6,50,24354.95,25,0,1067925
NIFTY-II.NFO,04/11/2024,09:37:09,24353.3,24352.05,25,24355,25,0,1067925
NIFTY-II.NFO,04/11/2024,09:37:11,24360.55,24360,25,24360.3,125,100,1067925
NIFTY-II.NFO,04/11/2024,09:37:13,24360.2,24353.1,50,24358.85,125,50,1067925
NIFTY-II.NFO,04/11/2024,09:37:14,24360.2,24352.85,50,24359.45,375,0,1067925
NIFTY-II.NFO,04/11/2024,09:37:16,24347,24346,25,24352.05,250,50,1067925
NIFTY-II.NFO,04/11/2024,09:37:18,24347,24350.05,25,24355.35,375,0,1067925
NIFTY-II.NFO,04/11/2024,09:37:19,24347,24348.1,200,24354.6,125,0,1067925
NIFTY-II.NFO,04/11/2024,09:37:21,24347,24349.8,200,24355.95,125,0,1067925
NIFTY-II.NFO,04/11/2024,09:37:23,24347.65,24347.85,200,24355,25,400,1067925
NIFTY-II.NFO,04/11/2024,09:37:24,24347.65,24348.1,200,24354.3,125,0,1067925
NIFTY-II.NFO,04/11/2024,09:37:26,24347.65,24350.05,25,24354.55,125,0,1067925
NIFTY-II.NFO,04/11/2024,09:37:28,24347.65,24346.05,200,24352.75,50,0,1067925
NIFTY-II.NFO,04/11/2024,09:37:30,24347.65,24346,25,24347.65,25,0,1067925
NIFTY-II.NFO,04/11/2024,09:37:31,24347.65,24346,25,24348.45,125,25,1067925
NIFTY-II.NFO,04/11/2024,09:37:33,24349.35,24346.05,25,24350,125,25,1067925
NIFTY-II.NFO,04/11/2024,09:37:35,24349.35,24347.65,25,24352.4,125,0,1067925
NIFTY-II.NFO,04/11/2024,09:37:36,24349.35,24347.7,200,24350,25,0,1067925
NIFTY-II.NFO,04/11/2024,09:37:40,24351.35,24347.65,25,24351.35,25,50,1067925
NIFTY-II.NFO,04/11/2024,09:37:41,24351.35,24347.65,25,24352.15,125,25,1067925
NIFTY-II.NFO,04/11/2024,09:37:43,24351.95,24347.65,25,24353.2,125,25,1067925
NIFTY-II.NFO,04/11/2024,09:37:45,24351.95,24347.65,25,24353,125,0,1067925
NIFTY-II.NFO,04/11/2024,09:37:46,24352.15,24348.05,25,24352.7,125,25,1067925
NIFTY-II.NFO,04/11/2024,09:37:48,24352.7,24347.65,50,24352.4,125,25,1067925
NIFTY-II.NFO,04/11/2024,09:37:50,24352.7,24348.05,25,24351.45,125,0,1067925
NIFTY-II.NFO,04/11/2024,09:37:51,24352.7,24350.05,25,24354.45,125,0,1067925
NIFTY-II.NFO,04/11/2024,09:37:53,24352.7,24347.65,50,24351.4,125,0,1067925
NIFTY-II.NFO,04/11/2024,09:37:55,24352.7,24352.7,125,24353.45,200,125,1067925
NIFTY-II.NFO,04/11/2024,09:37:56,24352.7,24348.05,25,24353,200,125,1067925
NIFTY-II.NFO,04/11/2024,09:37:58,24352.7,24349.05,25,24352.55,125,0,1067925
NIFTY-II.NFO,04/11/2024,09:38:00,24353.6,24349.05,25,24354.9,175,25,1067925
NIFTY-II.NFO,04/11/2024,09:38:01,24350.15,24349.1,25,24350.95,175,25,1067925
NIFTY-II.NFO,04/11/2024,09:38:03,24349.1,24347.65,50,24349.85,250,25,1067925
NIFTY-II.NFO,04/11/2024,09:38:05,24348.8,24347.65,25,24349.65,250,25,1067925
NIFTY-II.NFO,04/11/2024,09:38:06,24348.8,24347.65,25,24351.7,175,0,1067925
NIFTY-II.NFO,04/11/2024,09:38:08,24348.8,24348.05,25,24351.9,175,0,1067925
NIFTY-II.NFO,04/11/2024,09:38:10,24348.8,24347,50,24349.8,125,0,1067925
NIFTY-II.NFO,04/11/2024,09:38:11,24348.8,24347.05,25,24350.9,150,0,1067925
NIFTY-II.NFO,04/11/2024,09:38:13,24347,24345,25,24347.05,100,50,1067925
NIFTY-II.NFO,04/11/2024,09:38:15,24347.15,24345,25,24347.75,75,25,1067925
NIFTY-II.NFO,04/11/2024,09:38:16,24344,24343,100,24346.3,125,75,1067925
NIFTY-II.NFO,04/11/2024,09:38:18,24343,24341,25,24343.3,175,125,1067925
NIFTY-II.NFO,04/11/2024,09:38:20,24342.8,24341,25,24342.85,100,100,1067925
NIFTY-II.NFO,04/11/2024,09:38:21,24342.8,24341.05,25,24344.4,125,0,1067925
NIFTY-II.NFO,04/11/2024,09:38:23,24344.4,24341,25,24344.6,125,25,1067925
NIFTY-II.NFO,04/11/2024,09:38:25,24344.4,24341,25,24344.45,125,0,1067925
NIFTY-II.NFO,04/11/2024,09:38:26,24344.4,24343.05,25,24347.1,25,0,1067925
NIFTY-II.NFO,04/11/2024,09:38:28,24347.1,24346.05,25,24348.6,175,25,1067925
NIFTY-II.NFO,04/11/2024,09:38:30,24340.65,24340.4,25,24346.9,100,325,1067925
NIFTY-II.NFO,04/11/2024,09:38:31,24345.85,24340,150,24345.95,200,25,1067925
NIFTY-II.NFO,04/11/2024,09:38:33,24340,24338.85,50,24342.65,200,150,1067925
NIFTY-II.NFO,04/11/2024,09:38:35,24345.3,24345,50,24345.9,25,25,1067925
NIFTY-II.NFO,04/11/2024,09:38:36,24345.3,24345,50,24346.55,125,0,1067925
NIFTY-II.NFO,04/11/2024,09:38:38,24345.3,24345.05,25,24348.55,200,0,1067925
NIFTY-II.NFO,04/11/2024,09:38:40,24345.85,24348.05,25,24350.15,25,200,1067925
NIFTY-II.NFO,04/11/2024,09:38:41,24354,24352.15,50,24355,525,50,1067925
NIFTY-II.NFO,04/11/2024,09:38:43,24354,24352.05,25,24354.95,200,0,1067925
NIFTY-II.NFO,04/11/2024,09:38:45,24354,24350.05,25,24354.55,100,0,1067925
NIFTY-II.NFO,04/11/2024,09:38:46,24354,24351.05,25,24355,525,0,1067925
NIFTY-II.NFO,04/11/2024,09:38:48,24354.85,24351.05,25,24354.65,50,50,1067925
NIFTY-II.NFO,04/11/2024,09:38:50,24354.85,24350.05,25,24355,525,0,1067925
NIFTY-II.NFO,04/11/2024,09:38:51,24354.85,24350.95,50,24355,525,0,1067925
NIFTY-II.NFO,04/11/2024,09:38:53,24354.85,24350.45,125,24354,100,0,1067925
NIFTY-II.NFO,04/11/2024,09:38:55,24354.85,24350.25,25,24354,100,0,1067925
NIFTY-II.NFO,04/11/2024,09:38:58,24354.85,24348.55,50,24354,100,0,1067925
NIFTY-II.NFO,04/11/2024,09:39:01,24354.85,24350.75,50,24354,100,0,1067925
NIFTY-II.NFO,04/11/2024,09:39:03,24354.85,24350,50,24352.15,25,0,1067925
NIFTY-II.NFO,04/11/2024,09:39:05,24354,24350,50,24354,50,75,1067925
NIFTY-II.NFO,04/11/2024,09:39:06,24354,24350,50,24354,50,0,1067925
NIFTY-II.NFO,04/11/2024,09:39:08,24354,24350,50,24353.2,50,0,1067925
NIFTY-II.NFO,04/11/2024,09:39:10,24354,24354,75,24354.15,50,250,1067925
NIFTY-II.NFO,04/11/2024,09:39:11,24354,24354,75,24354.8,125,0,1067925
NIFTY-II.NFO,04/11/2024,09:39:13,24354,24354,75,24354.85,125,0,1067925
NIFTY-II.NFO,04/11/2024,09:39:15,24350,24350.05,25,24354.85,125,175,1067925
NIFTY-II.NFO,04/11/2024,09:39:16,24354.85,24354,50,24354.8,125,25,1067925
NIFTY-II.NFO,04/11/2024,09:39:18,24354.85,24354,50,24354.85,50,50,1067925
NIFTY-II.NFO,04/11/2024,09:39:20,24354,24350,50,24353,250,50,1067925
NIFTY-II.NFO,04/11/2024,09:39:21,24354,24350,50,24351.85,125,0,1067925
NIFTY-II.NFO,04/11/2024,09:39:23,24354,24350,50,24354.4,125,0,1067925
NIFTY-II.NFO,04/11/2024,09:39:25,24348.1,24350.05,25,24354.8,175,125,1067925
NIFTY-II.NFO,04/11/2024,09:39:26,24348.1,24348.05,25,24354.2,225,0,1067925
NIFTY-II.NFO,04/11/2024,09:39:28,24348.55,24349.05,25,24354.7,200,200,1067925
NIFTY-II.NFO,04/11/2024,09:39:30,24348.55,24350.15,25,24354.85,50,0,1067925
NIFTY-II.NFO,04/11/2024,09:39:31,24350.3,24350.05,25,24354.85,50,25,1067925
NIFTY-II.NFO,04/11/2024,09:39:33,24350.3,24350,25,24354.75,200,0,1067925
NIFTY-II.NFO,04/11/2024,09:39:35,24350.3,24350,25,24352.55,250,0,1067925
NIFTY-II.NFO,04/11/2024,09:39:36,24345.9,24345.9,25,24352.75,200,300,1067925
NIFTY-II.NFO,04/11/2024,09:39:38,24345.9,24349.05,25,24354,325,0,1067925
NIFTY-II.NFO,04/11/2024,09:39:40,24348.05,24345.9,25,24352.25,200,25,1067925
NIFTY-II.NFO,04/11/2024,09:39:41,24348.05,24345.9,25,24351.25,200,0,1067925
NIFTY-II.NFO,04/11/2024,09:39:43,24348.05,24348.55,25,24353.35,200,0,1067925
NIFTY-II.NFO,04/11/2024,09:39:45,24348.05,24348.55,25,24351.2,200,0,1067925
NIFTY-II.NFO,04/11/2024,09:39:46,24348.05,24348.55,25,24350.65,200,0,1067925
NIFTY-II.NFO,04/11/2024,09:39:48,24348.55,24345.9,25,24349.95,300,25,1069000
NIFTY-II.NFO,04/11/2024,09:39:50,24348.55,24345.9,25,24350,25,0,1069000
NIFTY-II.NFO,04/11/2024,09:39:51,24348.55,24345.9,25,24349.95,100,0,1069000
NIFTY-II.NFO,04/11/2024,09:39:53,24348.55,24348.05,100,24349.7,200,0,1069000
NIFTY-II.NFO,04/11/2024,09:39:55,24352.55,24348.05,125,24353.35,50,100,1069000
NIFTY-II.NFO,04/11/2024,09:39:56,24352.55,24348.05,100,24352,200,0,1069000
NIFTY-II.NFO,04/11/2024,09:39:58,24345.9,24345,100,24346.15,325,150,1069000
NIFTY-II.NFO,04/11/2024,09:40:00,24345,24338.85,50,24344.65,50,100,1069000
NIFTY-II.NFO,04/11/2024,09:40:01,24345,24340.05,25,24344.55,200,0,1069000
NIFTY-II.NFO,04/11/2024,09:40:03,24345,24338.9,75,24344.65,100,0,1069000
NIFTY-II.NFO,04/11/2024,09:40:05,24344.65,24345,25,24345.55,200,25,1069000
NIFTY-II.NFO,04/11/2024,09:40:06,24344.65,24345,25,24347.2,200,0,1069000
NIFTY-II.NFO,04/11/2024,09:40:08,24345,24340.25,50,24346.25,75,75,1069000
NIFTY-II.NFO,04/11/2024,09:40:10,24345,24339.05,25,24345.6,200,0,1069000
NIFTY-II.NFO,04/11/2024,09:40:11,24345,24339.1,50,24345.9,250,0,1069000
NIFTY-II.NFO,04/11/2024,09:40:13,24345,24339.1,125,24346.1,200,0,1069000
NIFTY-II.NFO,04/11/2024,09:40:15,24345,24340.05,25,24346,200,0,1069000
NIFTY-II.NFO,04/11/2024,09:40:16,24345,24338.85,50,24344.35,200,0,1069000
NIFTY-II.NFO,04/11/2024,09:40:18,24344.35,24339.05,25,24344.3,200,25,1069000
NIFTY-II.NFO,04/11/2024,09:40:20,24344.35,24339.05,25,24344.35,200,0,1069000
NIFTY-II.NFO,04/11/2024,09:40:21,24344.35,24338.85,50,24344.65,200,50,1069000
NIFTY-II.NFO,04/11/2024,09:40:23,24338.85,24330.75,200,24338,125,75,1069000
NIFTY-II.NFO,04/11/2024,09:40:25,24338.85,24330.1,25,24333.4,125,0,1069000
NIFTY-II.NFO,04/11/2024,09:40:26,24338.85,24330.1,25,24333.2,500,0,1069000
NIFTY-II.NFO,04/11/2024,09:40:28,24333.35,24330.1,25,24332.7,125,25,1069000
NIFTY-II.NFO,04/11/2024,09:40:30,24333.2,24330.1,25,24333.35,125,25,1069000
NIFTY-II.NFO,04/11/2024,09:40:31,24333.2,24330.1,25,24335.25,125,0,1069000
NIFTY-II.NFO,04/11/2024,09:40:33,24334.45,24330.1,25,24334.9,100,25,1069000
NIFTY-II.NFO,04/11/2024,09:40:35,24334.45,24330.1,25,24335.25,100,0,1069000
NIFTY-II.NFO,04/11/2024,09:40:36,24330.1,24330,200,24334.55,100,25,1069000
NIFTY-II.NFO,04/11/2024,09:40:38,24330.1,24330.05,25,24335.3,75,0,1069000
NIFTY-II.NFO,04/11/2024,09:40:40,24330,24330,75,24332.95,75,150,1069000
NIFTY-II.NFO,04/11/2024,09:40:41,24332.95,24327.1,200,24332.95,50,125,1069000
NIFTY-II.NFO,04/11/2024,09:40:43,24332.95,24327.1,200,24332.95,50,0,1069000
NIFTY-II.NFO,04/11/2024,09:40:45,24330.1,24329.65,200,24333,25,25,1069000
NIFTY-II.NFO,04/11/2024,09:40:46,24330.1,24330.1,25,24333,25,0,1069000
NIFTY-II.NFO,04/11/2024,09:40:48,24333,24330.1,25,24334.5,125,25,1069000
NIFTY-II.NFO,04/11/2024,09:40:50,24333,24330.1,25,24334.85,125,0,1069000
NIFTY-II.NFO,04/11/2024,09:40:51,24330.55,24330.75,200,24332.95,25,25,1069000
NIFTY-II.NFO,04/11/2024,09:40:53,24327.45,24327.95,75,24332.95,25,300,1069000
NIFTY-II.NFO,04/11/2024,09:40:55,24327.45,24327.1,75,24332.95,25,0,1069000
NIFTY-II.NFO,04/11/2024,09:40:56,24332.95,24327.05,50,24332.95,200,25,1069000
NIFTY-II.NFO,04/11/2024,09:40:58,24332.95,24327.6,75,24332.95,25,0,1069000
NIFTY-II.NFO,04/11/2024,09:41:00,24327.8,24329.35,75,24332.95,25,225,1069000
NIFTY-II.NFO,04/11/2024,09:41:01,24327.35,24329.15,75,24333,25,525,1069000
NIFTY-II.NFO,04/11/2024,09:41:03,24329.85,24329.85,50,24333,25,25,1069000
NIFTY-II.NFO,04/11/2024,09:41:05,24329.2,24329.05,25,24333,25,50,1069000
NIFTY-II.NFO,04/11/2024,09:41:06,24329.85,24329.4,25,24332,25,25,1069000
NIFTY-II.NFO,04/11/2024,09:41:08,24332,24329.05,25,24335,25,25,1069000
NIFTY-II.NFO,04/11/2024,09:41:10,24332,24332.95,50,24335,25,0,1069000
NIFTY-II.NFO,04/11/2024,09:41:13,24335,24329.2,50,24336.5,50,175,1069000
NIFTY-II.NFO,04/11/2024,09:41:15,24332.15,24333.05,25,24339.65,50,25,1069000
NIFTY-II.NFO,04/11/2024,09:41:16,24332.15,24333.05,25,24339.25,200,0,1069000
NIFTY-II.NFO,04/11/2024,09:41:18,24332.15,24336.5,25,24340.35,200,0,1069000
NIFTY-II.NFO,04/11/2024,09:41:20,24332.15,24336.5,25,24338.5,200,0,1069000
NIFTY-II.NFO,04/11/2024,09:41:21,24332.15,24336.5,25,24340.95,250,0,1069000
NIFTY-II.NFO,04/11/2024,09:41:23,24332.15,24336.5,25,24340.2,200,0,1069000
NIFTY-II.NFO,04/11/2024,09:41:25,24332.15,24336.5,25,24340,250,0,1069000
NIFTY-II.NFO,04/11/2024,09:41:26,24332.15,24336.5,25,24338.35,200,0,1069000
NIFTY-II.NFO,04/11/2024,09:41:28,24336.5,24332.15,25,24335.95,250,25,1069000
NIFTY-II.NFO,04/11/2024,09:41:30,24336.5,24332.15,25,24333.7,250,0,1069000
NIFTY-II.NFO,04/11/2024,09:41:31,24336.5,24332.15,25,24335.7,200,0,1069000
NIFTY-II.NFO,04/11/2024,09:41:33,24336.5,24333,500,24339.45,200,0,1069000
NIFTY-II.NFO,04/11/2024,09:41:35,24336.5,24333.05,50,24339.45,200,0,1069000
NIFTY-II.NFO,04/11/2024,09:41:36,24336.5,24333.05,50,24339.8,200,0,1069000
NIFTY-II.NFO,04/11/2024,09:41:38,24336.5,24333.05,50,24340.4,250,0,1069000
NIFTY-II.NFO,04/11/2024,09:41:40,24336.5,24333.05,50,24340.85,50,0,1069000
NIFTY-II.NFO,04/11/2024,09:41:41,24336.5,24338.2,50,24345.2,50,0,1069000
NIFTY-II.NFO,04/11/2024,09:41:43,24345.2,24339.8,50,24346.95,50,25,1069000
NIFTY-II.NFO,04/11/2024,09:41:45,24338.25,24338.05,25,24344.8,50,75,1069000
NIFTY-II.NFO,04/11/2024,09:41:46,24338.25,24339.05,25,24345.35,50,0,1069000
NIFTY-II.NFO,04/11/2024,09:41:48,24338.25,24339.05,25,24343.6,200,0,1069000
NIFTY-II.NFO,04/11/2024,09:41:50,24342.25,24337.05,25,24343.2,200,50,1069000
NIFTY-II.NFO,04/11/2024,09:41:51,24342.25,24337.25,50,24344.65,250,0,1069000
NIFTY-II.NFO,04/11/2024,09:41:53,24342.25,24338.1,50,24344.3,50,0,1069000
NIFTY-II.NFO,04/11/2024,09:41:55,24342.25,24338.9,50,24345.2,25,0,1069000
NIFTY-II.NFO,04/11/2024,09:41:56,24342.25,24339.65,50,24345.2,25,0,1069000
NIFTY-II.NFO,04/11/2024,09:41:58,24347.95,24341.6,50,24347.9,150,425,1069000
NIFTY-II.NFO,04/11/2024,09:42:00,24347.95,24342.05,25,24348.2,150,0,1069000
NIFTY-II.NFO,04/11/2024,09:42:01,24348.35,24345.1,200,24350,75,25,1069000
NIFTY-II.NFO,04/11/2024,09:42:03,24348.35,24347,200,24350,75,0,1069000
NIFTY-II.NFO,04/11/2024,09:42:05,24350,24352.1,200,24354.85,50,75,1069000
NIFTY-II.NFO,04/11/2024,09:42:06,24355,24356.05,25,24360,100,575,1069000
NIFTY-II.NFO,04/11/2024,09:42:08,24360,24360,125,24362,25,100,1069000
NIFTY-II.NFO,04/11/2024,09:42:10,24360,24354.05,25,24360,125,125,1069000
NIFTY-II.NFO,04/11/2024,09:42:11,24351.05,24351.1,200,24358.35,125,100,1069000
NIFTY-II.NFO,04/11/2024,09:42:13,24358.35,24353.05,25,24358.4,50,75,1069000
NIFTY-II.NFO,04/11/2024,09:42:15,24360.75,24353.05,25,24358,50,300,1069000
NIFTY-II.NFO,04/11/2024,09:42:16,24360.75,24347.75,50,24355.15,50,0,1069000
NIFTY-II.NFO,04/11/2024,09:42:18,24360.75,24345.8,50,24353.05,50,0,1069000
NIFTY-II.NFO,04/11/2024,09:42:20,24353.8,24346.05,25,24352.95,50,25,1069000
NIFTY-II.NFO,04/11/2024,09:42:21,24353.8,24346.15,50,24353.05,50,0,1069000
NIFTY-II.NFO,04/11/2024,09:42:23,24351.1,24343.65,50,24351.1,25,25,1069000
NIFTY-II.NFO,04/11/2024,09:42:25,24351.1,24344.05,25,24350.15,100,0,1069000
NIFTY-II.NFO,04/11/2024,09:42:26,24350.4,24341.95,50,24348.85,50,25,1069000
NIFTY-II.NFO,04/11/2024,09:42:28,24341.9,24341.7,25,24348.45,50,25,1069000
NIFTY-II.NFO,04/11/2024,09:42:30,24341.9,24340.6,25,24346.85,50,0,1069000
NIFTY-II.NFO,04/11/2024,09:42:31,24341.9,24341.9,25,24347.25,50,0,1069000
NIFTY-II.NFO,04/11/2024,09:42:35,24343.75,24340,200,24344.45,125,75,1069000
NIFTY-II.NFO,04/11/2024,09:42:36,24343.75,24342,200,24342.35,125,0,1069000
NIFTY-II.NFO,04/11/2024,09:42:38,24342.35,24335,25,24342.55,125,700,1069000
NIFTY-II.NFO,04/11/2024,09:42:40,24341.3,24333.7,200,24340.85,50,50,1069000
NIFTY-II.NFO,04/11/2024,09:42:41,24341.3,24336.05,25,24341.4,50,0,1069000
NIFTY-II.NFO,04/11/2024,09:42:43,24341.3,24332.55,25,24338.65,50,0,1069000
NIFTY-II.NFO,04/11/2024,09:42:45,24340.55,24334.1,200,24340.6,50,25,1069675
NIFTY-II.NFO,04/11/2024,09:42:46,24334.05,24333.1,200,24339.95,50,50,1069675
NIFTY-II.NFO,04/11/2024,09:42:50,24339.95,24335.05,25,24340.25,50,25,1069675
NIFTY-II.NFO,04/11/2024,09:42:51,24339.95,24332.35,200,24338.9,50,0,1069675
NIFTY-II.NFO,04/11/2024,09:42:53,24339.95,24332.3,25,24338,50,0,1069675
NIFTY-II.NFO,04/11/2024,09:42:55,24340.1,24332,25,24338.2,50,500,1069675
NIFTY-II.NFO,04/11/2024,09:42:56,24340.1,24333.05,25,24338.1,50,0,1069675
NIFTY-II.NFO,04/11/2024,09:42:58,24340.1,24333.05,25,24337.9,50,0,1069675
NIFTY-II.NFO,04/11/2024,09:43:00,24340.1,24333.05,25,24339.4,175,0,1069675
NIFTY-II.NFO,04/11/2024,09:43:01,24340.1,24333.05,25,24338.4,50,0,1069675
NIFTY-II.NFO,04/11/2024,09:43:03,24333.05,24332,25,24335.6,50,25,1069675
NIFTY-II.NFO,04/11/2024,09:43:05,24333.05,24332,25,24336.45,50,0,1069675
NIFTY-II.NFO,04/11/2024,09:43:06,24333.05,24332,25,24335.35,50,0,1069675
NIFTY-II.NFO,04/11/2024,09:43:08,24333.05,24332,25,24335.75,125,0,1069675
NIFTY-II.NFO,04/11/2024,09:43:10,24332,24330,75,24333,25,50,1069675
NIFTY-II.NFO,04/11/2024,09:43:11,24330,24330,250,24334.75,50,225,1069675
NIFTY-II.NFO,04/11/2024,09:43:13,24330,24330,250,24335.15,50,0,1069675
NIFTY-II.NFO,04/11/2024,09:43:15,24330,24330.05,25,24335.25,50,0,1069675
NIFTY-II.NFO,04/11/2024,09:43:16,24330,24329.15,25,24331.95,25,250,1069675
NIFTY-II.NFO,04/11/2024,09:43:18,24330,24329.15,25,24333,50,0,1069675
NIFTY-II.NFO,04/11/2024,09:43:20,24330,24329.15,25,24332,50,0,1069675
NIFTY-II.NFO,04/11/2024,09:43:21,24330,24330,25,24331.6,50,0,1069675
NIFTY-II.NFO,04/11/2024,09:43:23,24330,24329.15,25,24330.9,50,50,1069675
NIFTY-II.NFO,04/11/2024,09:43:25,24330,24329.15,25,24329.55,100,0,1069675
NIFTY-II.NFO,04/11/2024,09:43:26,24329.65,24329.15,25,24331.15,100,25,1069675
NIFTY-II.NFO,04/11/2024,09:43:28,24329.15,24327.35,25,24331.15,100,25,1069675
NIFTY-II.NFO,04/11/2024,09:43:30,24329.15,24327.35,25,24332.35,225,0,1069675
NIFTY-II.NFO,04/11/2024,09:43:31,24329.15,24327.35,25,24330.65,350,0,1069675
NIFTY-II.NFO,04/11/2024,09:43:33,24329.15,24329.15,25,24334.1,250,0,1069675
NIFTY-II.NFO,04/11/2024,09:43:35,24333.3,24329.15,25,24334.65,200,25,1069675
NIFTY-II.NFO,04/11/2024,09:43:36,24328.1,24327.35,25,24331.9,200,250,1069675
NIFTY-II.NFO,04/11/2024,09:43:38,24331.8,24327.35,25,24330,50,25,1069675
NIFTY-II.NFO,04/11/2024,09:43:40,24331.8,24327.35,25,24331.95,200,300,1069675
NIFTY-II.NFO,04/11/2024,09:43:41,24331.8,24328,100,24331.95,200,0,1069675
NIFTY-II.NFO,04/11/2024,09:43:43,24331.95,24328,100,24331.95,100,100,1069675
NIFTY-II.NFO,04/11/2024,09:43:45,24331.95,24330,50,24331.95,100,0,1069675
NIFTY-II.NFO,04/11/2024,09:43:46,24331.95,24330,150,24334.1,100,0,1069675
NIFTY-II.NFO,04/11/2024,09:43:48,24334.1,24330,150,24332,25,25,1069675
NIFTY-II.NFO,04/11/2024,09:43:50,24330,24330,100,24333.75,75,75,1069675
NIFTY-II.NFO,04/11/2024,09:43:51,24333.75,24330,100,24333.45,250,25,1069675
NIFTY-II.NFO,04/11/2024,09:43:53,24333.75,24333.3,200,24334.1,25,0,1069675
NIFTY-II.NFO,04/11/2024,09:43:55,24331.95,24330,100,24332.4,75,25,1069675
NIFTY-II.NFO,04/11/2024,09:43:56,24331.95,24330,100,24333.3,25,0,1069675
NIFTY-II.NFO,04/11/2024,09:44:00,24330,24330,50,24333.7,50,75,1069675
NIFTY-II.NFO,04/11/2024,09:44:02,24330,24330,50,24333.75,25,0,1069675
NIFTY-II.NFO,04/11/2024,09:44:03,24330.05,24330.05,200,24331.95,25,200,1069675
NIFTY-II.NFO,04/11/2024,09:44:05,24330.05,24330.05,200,24331.95,25,0,1069675
NIFTY-II.NFO,04/11/2024,09:44:07,24333.75,24332.4,200,24334.1,25,100,1069675
NIFTY-II.NFO,04/11/2024,09:44:08,24333.75,24332.5,200,24334.1,25,0,1069675
NIFTY-II.NFO,04/11/2024,09:44:10,24333.75,24331.5,200,24334.1,25,0,1069675
NIFTY-II.NFO,04/11/2024,09:44:12,24337.25,24333.75,475,24338.55,150,75,1069675
NIFTY-II.NFO,04/11/2024,09:44:13,24337.25,24333.75,475,24339.1,150,0,1069675
NIFTY-II.NFO,04/11/2024,09:44:15,24337.25,24334.05,25,24339.45,50,0,1069675
NIFTY-II.NFO,04/11/2024,09:44:17,24337.25,24334.65,50,24340,75,0,1069675
NIFTY-II.NFO,04/11/2024,09:44:18,24334.85,24334.05,25,24340,50,50,1069675
NIFTY-II.NFO,04/11/2024,09:44:20,24334.85,24334.05,25,24339.7,150,0,1069675
NIFTY-II.NFO,04/11/2024,09:44:22,24334.05,24333.75,475,24339.15,50,25,1069675
NIFTY-II.NFO,04/11/2024,09:44:23,24334.05,24333.8,200,24337.25,25,0,1069675
NIFTY-II.NFO,04/11/2024,09:44:25,24337.25,24334.05,25,24339.85,150,25,1069675
NIFTY-II.NFO,04/11/2024,09:44:27,24339.95,24333.75,475,24338.5,750,25,1069675
NIFTY-II.NFO,04/11/2024,09:44:28,24339.95,24335,300,24336,50,0,1069675
NIFTY-II.NFO,04/11/2024,09:44:30,24339.95,24335,300,24337.5,50,0,1069675
NIFTY-II.NFO,04/11/2024,09:44:32,24339.95,24335,300,24337.2,125,0,1069675
NIFTY-II.NFO,04/11/2024,09:44:33,24333.75,24333.75,425,24334.4,375,350,1069675
NIFTY-II.NFO,04/11/2024,09:44:35,24333.45,24330.1,25,24333.1,175,475,1069675
NIFTY-II.NFO,04/11/2024,09:44:37,24332.3,24330.1,25,24332.7,250,50,1069675
NIFTY-II.NFO,04/11/2024,09:44:38,24333.6,24330.1,25,24333.45,125,25,1069675
NIFTY-II.NFO,04/11/2024,09:44:40,24330.1,24330,50,24334.45,125,25,1069675
NIFTY-II.NFO,04/11/2024,09:44:42,24330.1,24330,75,24334.35,50,0,1069675
NIFTY-II.NFO,04/11/2024,09:44:43,24328,24328.05,75,24334.4,200,500,1069675
NIFTY-II.NFO,04/11/2024,09:44:45,24327.35,24327.5,50,24333.85,50,200,1069675
NIFTY-II.NFO,04/11/2024,09:44:47,24327.35,24327.5,50,24333.1,50,0,1069675
NIFTY-II.NFO,04/11/2024,09:44:48,24327.5,24328.05,25,24334.65,50,75,1069675
NIFTY-II.NFO,04/11/2024,09:44:50,24327.5,24329.05,25,24335.8,50,0,1069675
NIFTY-II.NFO,04/11/2024,09:44:52,24327.5,24329.05,25,24335.4,50,0,1069675
NIFTY-II.NFO,04/11/2024,09:44:53,24327.5,24329.1,125,24336.95,25,0,1069675
NIFTY-II.NFO,04/11/2024,09:44:55,24327.5,24327.5,125,24332.9,50,0,1069675
NIFTY-II.NFO,04/11/2024,09:44:57,24327.5,24327.5,125,24333.55,200,0,1069675
NIFTY-II.NFO,04/11/2024,09:44:58,24327.5,24327.5,125,24333.85,50,0,1069675
NIFTY-II.NFO,04/11/2024,09:45:00,24327.5,24327.5,125,24332.45,50,0,1069675
NIFTY-II.NFO,04/11/2024,09:45:02,24332.45,24327.5,125,24331.95,25,50,1069675
NIFTY-II.NFO,04/11/2024,09:45:03,24332.45,24327.5,150,24332.25,50,0,1069675
NIFTY-II.NFO,04/11/2024,09:45:05,24332.5,24327.5,125,24331.1,200,100,1069675
NIFTY-II.NFO,04/11/2024,09:45:07,24332.5,24327.5,125,24329,175,0,1069675
NIFTY-II.NFO,04/11/2024,09:45:10,24324,24320,225,24322.95,25,1150,1069675
NIFTY-II.NFO,04/11/2024,09:45:10,24324,24320,225,24322.95,25,0,1069675
NIFTY-II.NFO,04/11/2024,09:45:11,24324,24320,225,24322.15,50,0,1069675
NIFTY-II.NFO,04/11/2024,09:45:13,24320,24315,75,24319.7,200,225,1069675
NIFTY-II.NFO,04/11/2024,09:45:13,24320,24315,75,24319.7,200,0,1069675
NIFTY-II.NFO,04/11/2024,09:45:15,24315,24315,50,24321.65,200,100,1069675
NIFTY-II.NFO,04/11/2024,09:45:15,24315,24315,50,24321.65,200,0,1069675
NIFTY-II.NFO,04/11/2024,09:45:16,24321.8,24320,25,24321.4,175,50,1069675
NIFTY-II.NFO,04/11/2024,09:45:18,24315.05,24315,50,24320.8,200,100,1069675
NIFTY-II.NFO,04/11/2024,09:45:20,24320,24314.05,25,24319.6,200,200,1069675
NIFTY-II.NFO,04/11/2024,09:45:20,24314.05,24314.05,25,24319.6,200,0,1069675
NIFTY-II.NFO,04/11/2024,09:45:21,24313.05,24313,25,24317.7,50,75,1069675
NIFTY-II.NFO,04/11/2024,09:45:21,24313.05,24313,25,24317.7,50,0,1069675
NIFTY-II.NFO,04/11/2024,09:45:23,24313.05,24313,25,24316.55,200,200,1069675
NIFTY-II.NFO,04/11/2024,09:45:25,24310.1,24310.05,25,24316.2,200,125,1069675
NIFTY-II.NFO,04/11/2024,09:45:25,24310.1,24310.05,25,24316.2,200,0,1069675
NIFTY-II.NFO,04/11/2024,09:45:26,24310.1,24310,200,24314.3,200,0,1069675
NIFTY-II.NFO,04/11/2024,09:45:28,24309.65,24308,200,24312,125,250,1069675
NIFTY-II.NFO,04/11/2024,09:45:28,24309.65,24308,200,24312,125,0,1069675
NIFTY-II.NFO,04/11/2024,09:45:30,24312.55,24307.05,25,24312.7,125,300,1069675
NIFTY-II.NFO,04/11/2024,09:45:30,24307,24307.05,25,24312.7,125,0,1069675
NIFTY-II.NFO,04/11/2024,09:45:31,24307.55,24307.55,25,24310,25,100,1069675
NIFTY-II.NFO,04/11/2024,09:45:33,24310,24310.1,50,24313.55,200,125,1069675
NIFTY-II.NFO,04/11/2024,09:45:35,24310,24310.1,50,24315.7,200,0,1069675
NIFTY-II.NFO,04/11/2024,09:45:36,24310.1,24310.1,25,24314.3,50,25,1069675
NIFTY-II.NFO,04/11/2024,09:45:38,24314.4,24307.05,25,24313.3,100,100,1069675
NIFTY-II.NFO,04/11/2024,09:45:40,24310,24305.75,50,24312.3,200,125,1069675
NIFTY-II.NFO,04/11/2024,09:45:40,24305.9,24305.75,50,24312.3,200,0,1069675
NIFTY-II.NFO,04/11/2024,09:45:41,24310,24306.05,25,24312.85,50,0,1069675
NIFTY-II.NFO,04/11/2024,09:45:43,24305.7,24305.5,25,24310,25,25,1069675
NIFTY-II.NFO,04/11/2024,09:45:43,24305.7,24305.5,25,24310,25,0,1069675
NIFTY-II.NFO,04/11/2024,09:45:45,24305.7,24305.5,25,24310,25,0,1069675
NIFTY-II.NFO,04/11/2024,09:45:46,24312.9,24310,50,24312.3,50,275,1071975
NIFTY-II.NFO,04/11/2024,09:45:46,24305.05,24310,50,24312.3,50,0,1071975
NIFTY-II.NFO,04/11/2024,09:45:48,24310,24310,25,24312.75,200,25,1071975
NIFTY-II.NFO,04/11/2024,09:45:50,24307.1,24306.45,50,24313.6,200,75,1071975
NIFTY-II.NFO,04/11/2024,09:45:51,24307.1,24305,50,24311.85,200,0,1071975
NIFTY-II.NFO,04/11/2024,09:45:53,24305.7,24306.7,50,24310,25,1000,1071975
NIFTY-II.NFO,04/11/2024,09:45:55,24310,24308.1,50,24313.95,25,25,1071975
NIFTY-II.NFO,04/11/2024,09:45:56,24310,24308.8,50,24314.95,25,0,1071975
NIFTY-II.NFO,04/11/2024,09:45:58,24310,24305.9,50,24310,25,0,1071975
NIFTY-II.NFO,04/11/2024,09:46:01,24310,24305.7,25,24310,25,0,1071975
NIFTY-II.NFO,04/11/2024,09:46:05,24305,24303.35,25,24308.4,200,125,1071975
NIFTY-II.NFO,04/11/2024,09:46:05,24305,24303.35,25,24308.4,200,0,1071975
NIFTY-II.NFO,04/11/2024,09:46:07,24305,24303.4,25,24309,200,0,1071975
NIFTY-II.NFO,04/11/2024,09:46:08,24303.35,24303,150,24307.2,200,50,1071975
NIFTY-II.NFO,04/11/2024,09:46:08,24303.35,24303,150,24307.2,200,0,1071975
NIFTY-II.NFO,04/11/2024,09:46:10,24303,24303,100,24308.4,200,50,1071975
NIFTY-II.NFO,04/11/2024,09:46:10,24303,24303,100,24308.4,200,0,1071975
NIFTY-II.NFO,04/11/2024,09:46:11,24303,24305,25,24306.95,200,25,1071975
NIFTY-II.NFO,04/11/2024,09:46:13,24306.6,24305,25,24306.95,375,250,1071975
NIFTY-II.NFO,04/11/2024,09:46:15,24306.6,24305,25,24307.65,125,0,1071975
NIFTY-II.NFO,04/11/2024,09:46:16,24303,24303,50,24307,125,50,1071975
NIFTY-II.NFO,04/11/2024,09:46:18,24303,24303,50,24307,125,0,1071975
NIFTY-II.NFO,04/11/2024,09:46:20,24303,24303,25,24306.9,125,25,1071975
NIFTY-II.NFO,04/11/2024,09:46:21,24303,24301.1,50,24306.9,375,25,1071975
NIFTY-II.NFO,04/11/2024,09:46:23,24303,24301.05,50,24306.9,375,0,1071975
NIFTY-II.NFO,04/11/2024,09:46:25,24303,24302.6,50,24308.9,375,0,1071975
NIFTY-II.NFO,04/11/2024,09:46:26,24308.8,24302.1,50,24308.8,100,25,1071975
NIFTY-II.NFO,04/11/2024,09:46:28,24308.8,24301.1,200,24307,125,0,1071975
NIFTY-II.NFO,04/11/2024,09:46:30,24303,24301.65,200,24305,50,50,1071975
NIFTY-II.NFO,04/11/2024,09:46:30,24301.1,24301.65,200,24305,50,0,1071975
NIFTY-II.NFO,04/11/2024,09:46:31,24301.1,24301.05,250,24305,50,25,1071975
NIFTY-II.NFO,04/11/2024,09:46:33,24301.1,24301.05,50,24303,25,0,1071975
NIFTY-II.NFO,04/11/2024,09:46:35,24298,24295.9,200,24302.1,125,3225,1071975
NIFTY-II.NFO,04/11/2024,09:46:35,24298,24295.9,200,24302.1,125,0,1071975
NIFTY-II.NFO,04/11/2024,09:46:36,24296.4,24295.05,25,24300.85,175,25,1071975
NIFTY-II.NFO,04/11/2024,09:46:36,24296.4,24295.05,25,24300.85,175,0,1071975
NIFTY-II.NFO,04/11/2024,09:46:38,24297.25,24298.3,125,24300,125,125,1071975
NIFTY-II.NFO,04/11/2024,09:46:40,24303,24301.45,125,24305,50,150,1071975
NIFTY-II.NFO,04/11/2024,09:46:41,24300.45,24301.4,25,24305,50,175,1071975
NIFTY-II.NFO,04/11/2024,09:46:43,24300,24298.35,25,24304.35,50,50,1071975
NIFTY-II.NFO,04/11/2024,09:46:45,24296.55,24297.05,25,24302.95,25,125,1071975
NIFTY-II.NFO,04/11/2024,09:46:46,24296.55,24291.4,25,24296.9,200,0,1071975
NIFTY-II.NFO,04/11/2024,09:46:48,24291,24290,25,24294.9,200,50,1071975
NIFTY-II.NFO,04/11/2024,09:46:48,24291,24290,25,24294.9,200,0,1071975
NIFTY-II.NFO,04/11/2024,09:46:50,24285.05,24285,125,24290.5,200,125,1071975
NIFTY-II.NFO,04/11/2024,09:46:50,24285.05,24285,125,24290.5,200,0,1071975
NIFTY-II.NFO,04/11/2024,09:46:51,24285.05,24286.3,50,24291,75,0,1071975
NIFTY-II.NFO,04/11/2024,09:46:53,24290.4,24291.85,25,24298,200,125,1071975
NIFTY-II.NFO,04/11/2024,09:46:55,24294.1,24292.25,50,24296.55,25,25,1071975
NIFTY-II.NFO,04/11/2024,09:46:56,24296.55,24294.4,25,24300,100,25,1071975
NIFTY-II.NFO,04/11/2024,09:46:58,24296.55,24294.4,25,24300,100,0,1071975
NIFTY-II.NFO,04/11/2024,09:47:00,24293.85,24293.75,25,24296.55,25,175,1071975
NIFTY-II.NFO,04/11/2024,09:47:01,24296.3,24293.75,75,24296.55,25,25,1071975
NIFTY-II.NFO,04/11/2024,09:47:03,24300,24295.35,25,24300,100,50,1071975
NIFTY-II.NFO,04/11/2024,09:47:05,24300,24296.55,50,24300,50,50,1071975
NIFTY-II.NFO,04/11/2024,09:47:06,24300,24296.55,50,24299.3,200,0,1071975
NIFTY-II.NFO,04/11/2024,09:47:08,24296.55,24295,25,24300,75,50,1071975
NIFTY-II.NFO,04/11/2024,09:47:09,24296.55,24295,25,24300,75,0,1071975
NIFTY-II.NFO,04/11/2024,09:47:11,24300,24292.15,25,24298.4,125,75,1071975
NIFTY-II.NFO,04/11/2024,09:47:13,24300,24292,100,24296.7,200,0,1071975
NIFTY-II.NFO,04/11/2024,09:47:14,24292,24292,50,24293.5,200,75,1071975
NIFTY-II.NFO,04/11/2024,09:47:16,24289.35,24285,25,24290.55,200,350,1071975
NIFTY-II.NFO,04/11/2024,09:47:16,24285,24285,25,24290.55,200,0,1071975
NIFTY-II.NFO,04/11/2024,09:47:18,24285,24285.7,75,24292.95,200,25,1071975
NIFTY-II.NFO,04/11/2024,09:47:19,24290,24290.65,75,24294.95,25,25,1071975
NIFTY-II.NFO,04/11/2024,09:47:21,24295,24290,25,24295,25,300,1071975
NIFTY-II.NFO,04/11/2024,09:47:23,24295,24291.9,25,24295,25,0,1071975
NIFTY-II.NFO,04/11/2024,09:47:24,24295,24291.65,25,24297.95,200,25,1071975
NIFTY-II.NFO,04/11/2024,09:47:26,24297.85,24292.35,25,24299.3,200,25,1071975
NIFTY-II.NFO,04/11/2024,09:47:28,24295,24292.25,25,24299.05,200,25,1071975
NIFTY-II.NFO,04/11/2024,09:47:31,24298.8,24293.75,50,24299.85,250,25,1071975
NIFTY-II.NFO,04/11/2024,09:47:33,24298,24295.85,50,24300,125,25,1071975
NIFTY-II.NFO,04/11/2024,09:47:34,24300,24300.45,25,24303,25,250,1071975
NIFTY-II.NFO,04/11/2024,09:47:36,24300,24298.5,50,24305.4,200,125,1071975
NIFTY-II.NFO,04/11/2024,09:47:38,24300,24300,1000,24305.75,200,0,1071975
NIFTY-II.NFO,04/11/2024,09:47:39,24305,24300.05,25,24301,25,50,1071975
NIFTY-II.NFO,04/11/2024,09:47:41,24306.55,24300.6,125,24306.95,200,125,1071975
NIFTY-II.NFO,04/11/2024,09:47:43,24305.4,24300.25,200,24306.95,200,275,1071975
NIFTY-II.NFO,04/11/2024,09:47:44,24300.65,24300.95,175,24307,125,25,1071975
NIFTY-II.NFO,04/11/2024,09:47:46,24306.95,24300.35,150,24307,125,75,1071975
NIFTY-II.NFO,04/11/2024,09:47:48,24306.95,24301.35,150,24307,125,0,1071975
NIFTY-II.NFO,04/11/2024,09:47:49,24306.95,24302.7,150,24307,125,0,1071975
NIFTY-II.NFO,04/11/2024,09:47:51,24301.5,24301.5,75,24307,100,100,1071975
NIFTY-II.NFO,04/11/2024,09:47:53,24301.5,24300.4,75,24307,100,0,1071975
NIFTY-II.NFO,04/11/2024,09:47:54,24301.5,24300,1050,24305.6,200,0,1071975
NIFTY-II.NFO,04/11/2024,09:47:56,24301.5,24300,1050,24306.15,200,0,1071975
NIFTY-II.NFO,04/11/2024,09:47:58,24306.25,24302.3,100,24307,100,50,1071975
NIFTY-II.NFO,04/11/2024,09:47:59,24300.6,24301.4,25,24307,100,450,1071975
NIFTY-II.NFO,04/11/2024,09:48:01,24300.6,24300,1050,24304.3,200,0,1071975
NIFTY-II.NFO,04/11/2024,09:48:03,24295,24295,75,24296.1,200,2225,1071975
NIFTY-II.NFO,04/11/2024,09:48:04,24297.85,24295,75,24297.25,50,25,1071975
NIFTY-II.NFO,04/11/2024,09:48:06,24295,24291.35,25,24295,25,75,1071975
NIFTY-II.NFO,04/11/2024,09:48:08,24295,24292.6,25,24295,50,0,1071975
NIFTY-II.NFO,04/11/2024,09:48:09,24300.75,24293.95,50,24301.6,200,150,1071975
NIFTY-II.NFO,04/11/2024,09:48:11,24300.75,24297.85,25,24303.85,25,0,1071975
NIFTY-II.NFO,04/11/2024,09:48:13,24300.75,24298.8,25,24305.75,200,0,1071975
NIFTY-II.NFO,04/11/2024,09:48:14,24300.75,24300.05,25,24306,25,0,1071975
NIFTY-II.NFO,04/11/2024,09:48:16,24300.05,24300.05,25,24306,25,25,1071975
NIFTY-II.NFO,04/11/2024,09:48:18,24300,24300,900,24305.15,200,100,1071975
NIFTY-II.NFO,04/11/2024,09:48:19,24300,24300,825,24305.05,200,100,1071975
NIFTY-II.NFO,04/11/2024,09:48:21,24300,24300,800,24305.15,200,75,1071975
NIFTY-II.NFO,04/11/2024,09:48:23,24305.15,24300,800,24305.15,200,50,1071975
NIFTY-II.NFO,04/11/2024,09:48:24,24300,24300,625,24303.4,200,175,1071975
NIFTY-II.NFO,04/11/2024,09:48:26,24300,24300,525,24303.55,200,100,1071975
NIFTY-II.NFO,04/11/2024,09:48:28,24303.4,24300,525,24302.75,250,25,1071975
NIFTY-II.NFO,04/11/2024,09:48:29,24303.4,24300.05,25,24302.7,250,0,1071975
NIFTY-II.NFO,04/11/2024,09:48:31,24300,24300,500,24303.4,25,50,1071975
NIFTY-II.NFO,04/11/2024,09:48:33,24302.85,24300,500,24302.95,425,25,1071975
NIFTY-II.NFO,04/11/2024,09:48:35,24302.95,24300,500,24302.9,200,25,1071975
NIFTY-II.NFO,04/11/2024,09:48:36,24297.85,24295,1350,24298.05,200,550,1071975
NIFTY-II.NFO,04/11/2024,09:48:38,24297.85,24295,1350,24298.95,250,0,1071975
NIFTY-II.NFO,04/11/2024,09:48:40,24297.85,24295,1350,24300.85,225,0,1071975
NIFTY-II.NFO,04/11/2024,09:48:41,24295,24295,1325,24297.55,50,25,1071975
NIFTY-II.NFO,04/11/2024,09:48:43,24297.85,24295,1325,24297.9,50,25,1071975
NIFTY-II.NFO,04/11/2024,09:48:45,24295,24295,1300,24297.95,25,25,1073750
NIFTY-II.NFO,04/11/2024,09:48:46,24295,24295,1175,24297.9,50,125,1073750
NIFTY-II.NFO,04/11/2024,09:48:48,24295,24295,1050,24299.05,50,125,1073750
NIFTY-II.NFO,04/11/2024,09:48:50,24295,24295,1025,24297.1,275,25,1073750
NIFTY-II.NFO,04/11/2024,09:48:51,24295,24295,1000,24297.15,225,25,1073750
NIFTY-II.NFO,04/11/2024,09:48:53,24295,24295,850,24297.1,50,150,1073750
NIFTY-II.NFO,04/11/2024,09:48:55,24295,24290.05,100,24294.95,25,850,1073750
NIFTY-II.NFO,04/11/2024,09:48:56,24295.95,24290.5,100,24296.65,250,50,1073750
NIFTY-II.NFO,04/11/2024,09:48:58,24295.95,24291.5,100,24298,225,0,1073750
NIFTY-II.NFO,04/11/2024,09:49:00,24295.95,24291.35,100,24297.95,25,0,1073750
NIFTY-II.NFO,04/11/2024,09:49:01,24295.95,24290.8,100,24296.95,25,0,1073750
NIFTY-II.NFO,04/11/2024,09:49:03,24295.95,24290.4,100,24295.95,25,0,1073750
NIFTY-II.NFO,04/11/2024,09:49:05,24290.5,24291.2,75,24297.95,25,25,1073750
NIFTY-II.NFO,04/11/2024,09:49:06,24290.5,24292.4,75,24299.35,250,0,1073750
NIFTY-II.NFO,04/11/2024,09:49:08,24292,24290.05,50,24296.45,50,25,1073750
NIFTY-II.NFO,04/11/2024,09:49:10,24295.95,24290,75,24294.8,50,50,1073750
NIFTY-II.NFO,04/11/2024,09:49:11,24295.95,24290,75,24293.1,200,0,1073750
NIFTY-II.NFO,04/11/2024,09:49:13,24291.45,24290,75,24293.2,200,25,1073750
NIFTY-II.NFO,04/11/2024,09:49:15,24293,24290,75,24294.45,450,1000,1073750
NIFTY-II.NFO,04/11/2024,09:49:16,24290,24290,50,24295.4,475,25,1073750
NIFTY-II.NFO,04/11/2024,09:49:18,24293,24293,775,24294.35,250,225,1073750
NIFTY-II.NFO,04/11/2024,09:49:20,24293,24290,50,24293.45,200,775,1073750
NIFTY-II.NFO,04/11/2024,09:49:21,24293,24290,50,24292.1,250,0,1073750
NIFTY-II.NFO,04/11/2024,09:49:23,24293,24290,50,24293.6,200,0,1073750
NIFTY-II.NFO,04/11/2024,09:49:25,24293,24290,50,24293.4,200,0,1073750
NIFTY-II.NFO,04/11/2024,09:49:26,24293,24292,1000,24293.4,250,0,1073750
NIFTY-II.NFO,04/11/2024,09:49:28,24292,24292,600,24293.7,25,400,1073750
NIFTY-II.NFO,04/11/2024,09:49:30,24292,24290,175,24292.25,250,600,1073750
NIFTY-II.NFO,04/11/2024,09:49:31,24288.75,24285,75,24289.05,50,225,1073750
NIFTY-II.NFO,04/11/2024,09:49:33,24280,24280,1775,24282.7,50,1025,1073750
NIFTY-II.NFO,04/11/2024,09:49:33,24280,24280,1775,24282.7,50,0,1073750
NIFTY-II.NFO,04/11/2024,09:49:35,24280,24280,1425,24281.9,50,350,1073750
NIFTY-II.NFO,04/11/2024,09:49:36,24280,24280,25,24283.85,50,1425,1073750
NIFTY-II.NFO,04/11/2024,09:49:38,24284.4,24277.1,50,24284.35,75,1325,1073750
NIFTY-II.NFO,04/11/2024,09:49:38,24273.8,24277.1,50,24284.35,75,0,1073750
NIFTY-II.NFO,04/11/2024,09:49:40,24284.4,24278.15,50,24285.5,50,0,1073750
NIFTY-II.NFO,04/11/2024,09:49:41,24284.4,24280,1000,24284.7,25,0,1073750
NIFTY-II.NFO,04/11/2024,09:49:43,24284.4,24280,1000,24284.35,200,0,1073750
NIFTY-II.NFO,04/11/2024,09:49:45,24284.4,24280,1000,24283.7,250,0,1073750
NIFTY-II.NFO,04/11/2024,09:49:46,24284.4,24280.05,50,24286.6,200,0,1073750
NIFTY-II.NFO,04/11/2024,09:49:48,24284.4,24282,1000,24284.4,25,25,1073750
NIFTY-II.NFO,04/11/2024,09:49:50,24280,24280,975,24285.7,250,1100,1073750
NIFTY-II.NFO,04/11/2024,09:49:51,24284.4,24280,975,24285.4,125,25,1073750
NIFTY-II.NFO,04/11/2024,09:49:53,24280,24280,925,24285.4,125,75,1073750
NIFTY-II.NFO,04/11/2024,09:49:55,24280,24280,900,24285.15,250,25,1073750
NIFTY-II.NFO,04/11/2024,09:49:56,24285.15,24280,900,24285.65,250,150,1073750
NIFTY-II.NFO,04/11/2024,09:49:58,24285.15,24280,900,24284.5,200,0,1073750
NIFTY-II.NFO,04/11/2024,09:50:00,24280,24280,700,24282.9,200,200,1073750
NIFTY-II.NFO,04/11/2024,09:50:01,24282.2,24280,700,24282.2,125,25,1073750
NIFTY-II.NFO,04/11/2024,09:50:03,24280,24275.5,25,24281.9,50,700,1073750
NIFTY-II.NFO,04/11/2024,09:50:05,24280,24276.4,25,24283.6,50,0,1073750
NIFTY-II.NFO,04/11/2024,09:50:06,24280,24280.05,50,24286.1,50,0,1073750
NIFTY-II.NFO,04/11/2024,09:50:08,24280,24282.05,25,24286.65,175,0,1073750
NIFTY-II.NFO,04/11/2024,09:50:09,24285,24280,175,24285,50,25,1073750
NIFTY-II.NFO,04/11/2024,09:50:11,24285,24280,175,24282.55,425,0,1073750
NIFTY-II.NFO,04/11/2024,09:50:13,24285,24280,175,24283.65,125,0,1073750
NIFTY-II.NFO,04/11/2024,09:50:14,24283.6,24280,175,24284.2,125,25,1073750
NIFTY-II.NFO,04/11/2024,09:50:16,24283.6,24281.5,25,24284.8,75,0,1073750
NIFTY-II.NFO,04/11/2024,09:50:18,24283.6,24280,250,24284.95,125,25,1073750
