Ticker,Date,Time,LTP,BuyPrice,BuyQty,SellPrice,SellQty,LTQ,OpenInterest
NIFTY-III.NFO,02/01/2025,09:15:05,24222.75,24191,150,24213.55,75,75,0
NIFTY-III.NFO,02/01/2025,09:15:05,24222.75,24191,150,24213.55,75,0,0
NIFTY-III.NFO,02/01/2025,09:15:05,24222.75,24191,150,24213.55,75,0,0
NIFTY-III.NFO,02/01/2025,09:15:05,24222.75,24191,150,24213.55,75,0,0
NIFTY-III.NFO,02/01/2025,09:15:07,24222.75,24189,150,24200.85,75,0,126525
NIFTY-III.NFO,02/01/2025,09:15:08,24222.75,24192.85,75,24202.85,75,0,126525
NIFTY-III.NFO,02/01/2025,09:15:10,24222.75,24193.55,300,24210.65,75,0,126525
NIFTY-III.NFO,02/01/2025,09:15:11,24222.75,24191.05,150,24209.3,225,0,126525
NIFTY-III.NFO,02/01/2025,09:15:13,24222.75,24182.7,150,24199.95,75,0,126525
NIFTY-III.NFO,02/01/2025,09:15:14,24222.75,24176.05,150,24196.05,75,0,126525
NIFTY-III.NFO,02/01/2025,09:15:16,24222.75,24194,75,24199.95,75,0,126525
NIFTY-III.NFO,02/01/2025,09:15:17,24222.75,24192.25,75,24199.95,75,0,126525
NIFTY-III.NFO,02/01/2025,09:15:19,24222.75,24186.05,75,24196.65,75,0,126525
NIFTY-III.NFO,02/01/2025,09:15:21,24186.1,24186.05,150,24197.4,150,75,126525
NIFTY-III.NFO,02/01/2025,09:15:21,24186.1,24186.05,150,24197.4,150,0,126525
NIFTY-III.NFO,02/01/2025,09:15:22,24186.1,24185.25,75,24194.8,150,0,126525
NIFTY-III.NFO,02/01/2025,09:15:24,24186.1,24183.7,150,24194.8,150,0,126525
NIFTY-III.NFO,02/01/2025,09:15:25,24186.1,24183.3,150,24194.5,300,0,126525
NIFTY-III.NFO,02/01/2025,09:15:27,24186.1,24184.9,150,24198.8,150,0,126525
NIFTY-III.NFO,02/01/2025,09:15:28,24186.1,24185.45,150,24197.4,150,0,126525
NIFTY-III.NFO,02/01/2025,09:15:30,24186.1,24184.6,150,24196.55,150,0,126525
NIFTY-III.NFO,02/01/2025,09:15:32,24186.1,24185.2,150,24197.9,150,0,126525
NIFTY-III.NFO,02/01/2025,09:15:33,24186.1,24184.4,150,24195.55,150,0,126525
NIFTY-III.NFO,02/01/2025,09:15:35,24197.4,24186.35,150,24197.95,75,75,126600
NIFTY-III.NFO,02/01/2025,09:15:36,24197.4,24191.2,150,24199.95,75,0,126600
NIFTY-III.NFO,02/01/2025,09:15:38,24197.4,24191.45,150,24199.95,75,0,126600
NIFTY-III.NFO,02/01/2025,09:15:40,24197.4,24190.45,150,24199.95,150,0,126600
NIFTY-III.NFO,02/01/2025,09:15:41,24197.4,24192.8,150,24200,75,0,126600
NIFTY-III.NFO,02/01/2025,09:15:43,24197.4,24193.1,75,24199.95,75,0,126600
NIFTY-III.NFO,02/01/2025,09:15:44,24197.4,24193.2,75,24199.95,150,0,126600
NIFTY-III.NFO,02/01/2025,09:15:48,24197.4,24192.25,75,24199.95,150,0,126600
NIFTY-III.NFO,02/01/2025,09:15:49,24197.4,24190.25,150,24199.95,150,0,126600
NIFTY-III.NFO,02/01/2025,09:15:51,24197.4,24189.65,150,24199.95,150,0,126600
NIFTY-III.NFO,02/01/2025,09:15:52,24197.4,24191.55,75,24199.95,150,0,126600
NIFTY-III.NFO,02/01/2025,09:15:54,24197.4,24193.6,75,24199.95,75,0,126600
NIFTY-III.NFO,02/01/2025,09:15:56,24197.4,24193.45,75,24197.4,150,0,126600
NIFTY-III.NFO,02/01/2025,09:15:57,24197.4,24193.7,75,24197.4,150,0,126600
NIFTY-III.NFO,02/01/2025,09:15:59,24197.4,24193.15,150,24197.4,150,0,126600
NIFTY-III.NFO,02/01/2025,09:16:01,24197.4,24194.15,75,24197.4,150,0,126600
NIFTY-III.NFO,02/01/2025,09:16:02,24197.4,24194.4,75,24197.4,150,0,126600
NIFTY-III.NFO,02/01/2025,09:16:04,24197.4,24194.3,150,24197,75,0,126600
NIFTY-III.NFO,02/01/2025,09:16:05,24197.4,24196.9,150,24197,75,0,126600
NIFTY-III.NFO,02/01/2025,09:16:07,24200,24200.65,75,24207.4,75,300,126600
NIFTY-III.NFO,02/01/2025,09:16:08,24200,24202.15,75,24208,75,0,126600
NIFTY-III.NFO,02/01/2025,09:16:10,24200,24201.55,75,24207.35,75,0,126600
NIFTY-III.NFO,02/01/2025,09:16:12,24200,24200.35,75,24205.5,75,0,126600
NIFTY-III.NFO,02/01/2025,09:16:13,24200,24200.5,75,24205.85,375,0,126600
NIFTY-III.NFO,02/01/2025,09:16:15,24200,24205.85,75,24210.45,75,0,126600
NIFTY-III.NFO,02/01/2025,09:16:16,24200,24203.05,150,24213.15,75,0,126600
NIFTY-III.NFO,02/01/2025,09:16:18,24200,24201.45,150,24211.1,150,0,126600
NIFTY-III.NFO,02/01/2025,09:16:20,24200,24200.85,150,24211.1,75,0,126600
NIFTY-III.NFO,02/01/2025,09:16:21,24210.85,24198.95,150,24209.85,825,75,126600
NIFTY-III.NFO,02/01/2025,09:16:23,24210.85,24201.4,150,24210.65,375,0,126600
NIFTY-III.NFO,02/01/2025,09:16:24,24210.85,24204.2,225,24205.85,75,0,126600
NIFTY-III.NFO,02/01/2025,09:16:26,24210.85,24200.55,150,24205.85,75,0,126600
NIFTY-III.NFO,02/01/2025,09:16:28,24210.85,24200.6,150,24205.85,75,0,126600
NIFTY-III.NFO,02/01/2025,09:16:29,24210.85,24201.95,150,24205.85,75,0,126600
NIFTY-III.NFO,02/01/2025,09:16:32,24210.85,24203.8,150,24205.85,75,0,126600
NIFTY-III.NFO,02/01/2025,09:16:34,24210.85,24203.2,150,24205.85,75,0,126600
NIFTY-III.NFO,02/01/2025,09:16:36,24210.85,24204.8,150,24205.85,75,0,126600
NIFTY-III.NFO,02/01/2025,09:16:37,24205.85,24204.75,150,24213.8,750,75,126600
NIFTY-III.NFO,02/01/2025,09:16:39,24205.85,24203.65,150,24212.45,150,0,126600
NIFTY-III.NFO,02/01/2025,09:16:40,24205.85,24202.4,150,24211.25,150,0,126600
NIFTY-III.NFO,02/01/2025,09:16:42,24205.85,24203.6,150,24212.45,750,0,126600
NIFTY-III.NFO,02/01/2025,09:16:44,24205.85,24205.3,150,24214.15,150,0,126600
NIFTY-III.NFO,02/01/2025,09:16:45,24205.85,24205.4,150,24215.35,150,0,126600
NIFTY-III.NFO,02/01/2025,09:16:47,24205.85,24206.5,150,24215,750,0,126600
NIFTY-III.NFO,02/01/2025,09:16:48,24205.85,24205.9,150,24213.1,150,0,126600
NIFTY-III.NFO,02/01/2025,09:16:50,24205.85,24205.85,300,24212.4,150,0,126600
NIFTY-III.NFO,02/01/2025,09:16:52,24205.85,24205.85,300,24211.05,750,0,126600
NIFTY-III.NFO,02/01/2025,09:16:53,24205.85,24205.85,300,24210.35,1125,0,126600
NIFTY-III.NFO,02/01/2025,09:16:55,24205.85,24205.85,150,24208.15,450,150,126600
NIFTY-III.NFO,02/01/2025,09:16:56,24205.85,24205.85,150,24208.05,450,0,126600
NIFTY-III.NFO,02/01/2025,09:16:58,24205.85,24205.85,150,24209.9,750,0,126600
NIFTY-III.NFO,02/01/2025,09:17:00,24205.85,24205.85,150,24210.3,150,0,126600
NIFTY-III.NFO,02/01/2025,09:17:01,24205.85,24205.85,150,24207.75,750,0,126600
NIFTY-III.NFO,02/01/2025,09:17:03,24205.85,24205.85,150,24208.45,375,0,126600
NIFTY-III.NFO,02/01/2025,09:17:05,24205.85,24205.85,150,24207.9,375,0,126600
NIFTY-III.NFO,02/01/2025,09:17:06,24205.85,24205.85,150,24206.95,375,0,126600
NIFTY-III.NFO,02/01/2025,09:17:08,24205.85,24200,1050,24205.85,225,150,126600
NIFTY-III.NFO,02/01/2025,09:17:09,24205.85,24200,1050,24205.2,150,0,126600
NIFTY-III.NFO,02/01/2025,09:17:11,24205.85,24200,1050,24204.15,750,0,126600
NIFTY-III.NFO,02/01/2025,09:17:13,24205.85,24200,1050,24205.1,75,0,126600
NIFTY-III.NFO,02/01/2025,09:17:14,24205.85,24200,1050,24204.45,375,0,126600
NIFTY-III.NFO,02/01/2025,09:17:16,24205.85,24200,1050,24207.65,75,0,126600
NIFTY-III.NFO,02/01/2025,09:17:17,24205.85,24200.35,225,24209.3,150,0,126600
NIFTY-III.NFO,02/01/2025,09:17:19,24205.85,24201.85,225,24210.3,150,0,126600
NIFTY-III.NFO,02/01/2025,09:17:21,24205.85,24202.45,150,24211.15,150,0,126600
NIFTY-III.NFO,02/01/2025,09:17:22,24205.85,24202.45,150,24210.5,750,0,126600
NIFTY-III.NFO,02/01/2025,09:17:24,24205.85,24201.05,150,24209.15,150,0,126600
NIFTY-III.NFO,02/01/2025,09:17:26,24205.85,24204.05,225,24211.6,750,0,126600
NIFTY-III.NFO,02/01/2025,09:17:27,24205.85,24204.7,225,24212.3,150,0,126600
NIFTY-III.NFO,02/01/2025,09:17:29,24205.85,24204.7,375,24213.5,150,0,126600
NIFTY-III.NFO,02/01/2025,09:17:30,24205.85,24206.05,150,24213.4,150,0,126600
NIFTY-III.NFO,02/01/2025,09:17:32,24205.85,24207.95,150,24215.4,750,0,126600
NIFTY-III.NFO,02/01/2025,09:17:34,24205.85,24208.95,150,24217.7,150,0,126600
NIFTY-III.NFO,02/01/2025,09:17:35,24205.85,24208.15,150,24217,150,0,126600
NIFTY-III.NFO,02/01/2025,09:17:37,24208.15,24208.2,300,24216.75,150,75,126600
NIFTY-III.NFO,02/01/2025,09:17:38,24208.15,24209.95,150,24218.2,150,0,126600
NIFTY-III.NFO,02/01/2025,09:17:40,24208.15,24208.5,150,24217.2,75,0,126600
NIFTY-III.NFO,02/01/2025,09:17:42,24208.15,24210.85,150,24219.35,225,0,126600
NIFTY-III.NFO,02/01/2025,09:17:43,24208.15,24211.2,150,24219.8,150,0,126600
NIFTY-III.NFO,02/01/2025,09:17:45,24219.65,24212.55,150,24221.4,150,75,126600
NIFTY-III.NFO,02/01/2025,09:17:46,24219.65,24211.85,150,24221.05,150,0,126600
NIFTY-III.NFO,02/01/2025,09:17:48,24219.65,24210.25,150,24220.85,150,0,126600
NIFTY-III.NFO,02/01/2025,09:17:50,24219.65,24208.15,150,24218.7,225,0,126600
NIFTY-III.NFO,02/01/2025,09:17:51,24219.65,24209.05,150,24218.7,150,0,126600
NIFTY-III.NFO,02/01/2025,09:17:53,24219.65,24210.3,150,24218.7,150,0,126600
NIFTY-III.NFO,02/01/2025,09:17:55,24219.65,24209.35,150,24220.15,225,0,126600
NIFTY-III.NFO,02/01/2025,09:17:56,24219.65,24210,150,24219.05,150,0,126600
NIFTY-III.NFO,02/01/2025,09:17:58,24219.65,24210.6,150,24220.45,150,0,126600
NIFTY-III.NFO,02/01/2025,09:17:59,24219.65,24210.7,150,24220.45,150,0,126600
NIFTY-III.NFO,02/01/2025,09:18:01,24219.65,24207.25,150,24217.45,300,0,126600
NIFTY-III.NFO,02/01/2025,09:18:03,24219.65,24208.1,150,24218.9,150,0,126600
NIFTY-III.NFO,02/01/2025,09:18:04,24208.1,24208.55,150,24217.75,225,75,126600
NIFTY-III.NFO,02/01/2025,09:18:06,24208.1,24208.65,150,24218.45,75,0,126600
NIFTY-III.NFO,02/01/2025,09:18:08,24208.1,24209.3,150,24219.2,225,0,126600
NIFTY-III.NFO,02/01/2025,09:18:09,24208.1,24210.35,150,24221.65,75,0,126600
NIFTY-III.NFO,02/01/2025,09:18:11,24208.1,24210.95,150,24220.3,75,0,126600
NIFTY-III.NFO,02/01/2025,09:18:13,24208.1,24209.95,150,24219.1,75,0,126600
NIFTY-III.NFO,02/01/2025,09:18:14,24208.1,24209.3,75,24218.6,75,0,126600
NIFTY-III.NFO,02/01/2025,09:18:16,24208.1,24208.1,150,24218,75,0,126600
NIFTY-III.NFO,02/01/2025,09:18:17,24208.1,24209.4,150,24218.9,75,0,126600
NIFTY-III.NFO,02/01/2025,09:18:19,24208.1,24210.15,150,24219.25,75,0,126600
NIFTY-III.NFO,02/01/2025,09:18:21,24208.1,24208.35,150,24218.1,75,0,126600
NIFTY-III.NFO,02/01/2025,09:18:22,24208.1,24210,75,24218.85,75,0,126600
NIFTY-III.NFO,02/01/2025,09:18:24,24208.1,24210,75,24218.4,75,0,126600
NIFTY-III.NFO,02/01/2025,09:18:26,24208.1,24210,75,24217.95,75,0,126600
NIFTY-III.NFO,02/01/2025,09:18:29,24208.1,24210,75,24218.1,75,0,126600
NIFTY-III.NFO,02/01/2025,09:18:31,24208.1,24210,75,24216.5,75,0,126600
NIFTY-III.NFO,02/01/2025,09:18:32,24208.1,24210,75,24215.7,75,0,126600
NIFTY-III.NFO,02/01/2025,09:18:34,24208.1,24210,75,24215.4,75,0,126600
NIFTY-III.NFO,02/01/2025,09:18:36,24208.1,24210,75,24215.3,75,0,126600
NIFTY-III.NFO,02/01/2025,09:18:37,24208.1,24210,75,24214.15,75,0,126600
NIFTY-III.NFO,02/01/2025,09:18:39,24213.9,24210,75,24215,750,150,127200
NIFTY-III.NFO,02/01/2025,09:18:41,24213.9,24210,75,24214.15,75,0,127200
NIFTY-III.NFO,02/01/2025,09:18:42,24213.9,24210,75,24214.8,75,0,127200
NIFTY-III.NFO,02/01/2025,09:18:44,24213.9,24210,75,24216.2,150,0,127200
NIFTY-III.NFO,02/01/2025,09:18:46,24213.9,24210,75,24215.7,150,0,127200
NIFTY-III.NFO,02/01/2025,09:18:47,24213.9,24210,75,24216.25,150,0,127200
NIFTY-III.NFO,02/01/2025,09:18:49,24213.9,24210,75,24214.9,150,0,127200
NIFTY-III.NFO,02/01/2025,09:18:51,24213.9,24210,75,24214.9,225,0,127200
NIFTY-III.NFO,02/01/2025,09:18:52,24213.9,24210,75,24216.1,150,0,127200
NIFTY-III.NFO,02/01/2025,09:18:54,24213.9,24210,75,24215.4,150,0,127200
NIFTY-III.NFO,02/01/2025,09:18:56,24213.9,24210,75,24216.7,150,0,127200
NIFTY-III.NFO,02/01/2025,09:18:57,24213.9,24210,75,24216.6,150,0,127200
NIFTY-III.NFO,02/01/2025,09:18:59,24213.9,24210,75,24215.75,150,0,127200
NIFTY-III.NFO,02/01/2025,09:19:01,24213.9,24210,150,24212.3,150,0,127200
NIFTY-III.NFO,02/01/2025,09:19:02,24210,24208,75,24210.9,150,150,127200
NIFTY-III.NFO,02/01/2025,09:19:04,24210.9,24208,75,24210.3,75,75,127200
NIFTY-III.NFO,02/01/2025,09:19:06,24210.9,24208,75,24211.6,75,0,127200
NIFTY-III.NFO,02/01/2025,09:19:07,24210.9,24208,75,24210.95,75,0,127200
NIFTY-III.NFO,02/01/2025,09:19:09,24210.9,24208,75,24212.45,375,0,127200
NIFTY-III.NFO,02/01/2025,09:19:11,24210.9,24208,75,24209.9,75,0,127200
NIFTY-III.NFO,02/01/2025,09:19:12,24210.9,24208,75,24210.5,75,0,127200
NIFTY-III.NFO,02/01/2025,09:19:14,24210.9,24208,75,24211.75,75,0,127200
NIFTY-III.NFO,02/01/2025,09:19:16,24210.9,24208,75,24212.1,75,0,127200
NIFTY-III.NFO,02/01/2025,09:19:17,24210.9,24208,75,24211.45,75,0,127200
NIFTY-III.NFO,02/01/2025,09:19:19,24210.9,24208,75,24209.55,75,0,127200
NIFTY-III.NFO,02/01/2025,09:19:21,24210.9,24208,75,24209.4,375,0,127200
NIFTY-III.NFO,02/01/2025,09:19:22,24210.9,24208,75,24209.05,75,0,127200
NIFTY-III.NFO,02/01/2025,09:19:24,24208,24200.05,150,24207.6,75,75,127200
NIFTY-III.NFO,02/01/2025,09:19:26,24208,24200,1125,24206.9,75,0,127200
NIFTY-III.NFO,02/01/2025,09:19:27,24208,24200,1125,24206.3,300,0,127200
NIFTY-III.NFO,02/01/2025,09:19:29,24208,24200,1125,24204.85,75,0,127200
NIFTY-III.NFO,02/01/2025,09:19:31,24208,24200,1125,24204.25,75,0,127200
NIFTY-III.NFO,02/01/2025,09:19:32,24208,24200,1125,24203.55,75,0,127200
NIFTY-III.NFO,02/01/2025,09:19:34,24208,24200,1125,24201.45,75,0,127200
NIFTY-III.NFO,02/01/2025,09:19:36,24208,24200,1125,24202.5,300,0,127200
NIFTY-III.NFO,02/01/2025,09:19:37,24208,24200,1125,24202.2,75,0,127200
NIFTY-III.NFO,02/01/2025,09:19:39,24208,24200,1125,24202.95,75,0,127200
NIFTY-III.NFO,02/01/2025,09:19:41,24208,24200,1125,24203.4,75,0,127200
NIFTY-III.NFO,02/01/2025,09:19:42,24208,24200,1125,24203.55,75,0,127200
NIFTY-III.NFO,02/01/2025,09:19:44,24208,24200,1125,24204.15,75,0,127200
NIFTY-III.NFO,02/01/2025,09:19:46,24208,24200.05,150,24205.45,75,0,127200
NIFTY-III.NFO,02/01/2025,09:19:47,24208,24200.05,150,24205.4,75,0,127200
NIFTY-III.NFO,02/01/2025,09:19:49,24208,24200.05,225,24205.4,75,0,127200
NIFTY-III.NFO,02/01/2025,09:19:51,24208,24200.05,75,24202.7,75,0,127200
NIFTY-III.NFO,02/01/2025,09:19:52,24208,24200.05,75,24202.25,75,0,127200
NIFTY-III.NFO,02/01/2025,09:19:54,24208,24200.05,75,24200.75,75,0,127200
NIFTY-III.NFO,02/01/2025,09:19:56,24200,24190.7,150,24199.5,150,1125,127200
NIFTY-III.NFO,02/01/2025,09:19:57,24200,24190.3,150,24198.5,150,0,127200
NIFTY-III.NFO,02/01/2025,09:19:59,24200,24189.6,150,24197.7,75,0,127200
NIFTY-III.NFO,02/01/2025,09:20:01,24200,24184.9,150,24189.5,75,0,127200
NIFTY-III.NFO,02/01/2025,09:20:02,24200,24183.4,150,24191.65,75,0,127200
NIFTY-III.NFO,02/01/2025,09:20:04,24200,24180,225,24188.45,150,0,127200
NIFTY-III.NFO,02/01/2025,09:20:06,24200,24182,150,24191.05,75,0,127200
NIFTY-III.NFO,02/01/2025,09:20:08,24200,24180,225,24188.25,150,0,127200
NIFTY-III.NFO,02/01/2025,09:20:09,24200,24180,225,24184.2,225,0,127200
NIFTY-III.NFO,02/01/2025,09:20:11,24200,24180,225,24182.4,75,0,127200
NIFTY-III.NFO,02/01/2025,09:20:13,24200,24180,225,24180.55,150,0,127200
NIFTY-III.NFO,02/01/2025,09:20:14,24200,24180,225,24184.05,150,0,127200
NIFTY-III.NFO,02/01/2025,09:20:16,24200,24180,225,24185.2,150,0,127200
NIFTY-III.NFO,02/01/2025,09:20:17,24200,24180,225,24186.85,75,0,127200
NIFTY-III.NFO,02/01/2025,09:20:19,24200,24180,225,24183.85,150,0,127200
NIFTY-III.NFO,02/01/2025,09:20:21,24200,24180,225,24181.45,150,0,127200
NIFTY-III.NFO,02/01/2025,09:20:22,24200,24180,225,24183,150,0,127200
NIFTY-III.NFO,02/01/2025,09:20:24,24200,24180,225,24181.65,150,0,127200
NIFTY-III.NFO,02/01/2025,09:20:26,24200,24180,225,24182.9,75,0,127200
NIFTY-III.NFO,02/01/2025,09:20:27,24200,24180,225,24182.15,150,0,127200
NIFTY-III.NFO,02/01/2025,09:20:29,24200,24180,225,24184.25,225,0,127200
NIFTY-III.NFO,02/01/2025,09:20:31,24200,24180,225,24183.6,150,0,127200
NIFTY-III.NFO,02/01/2025,09:20:34,24200,24180,225,24180.85,150,0,127200
NIFTY-III.NFO,02/01/2025,09:20:36,24180,24175.25,150,24180.45,75,225,127200
NIFTY-III.NFO,02/01/2025,09:20:36,24180,24175.25,150,24180.45,75,0,127200
NIFTY-III.NFO,02/01/2025,09:20:37,24180,24175.05,150,24180.6,75,0,127200
NIFTY-III.NFO,02/01/2025,09:20:39,24180,24175,75,24179.75,75,0,127200
NIFTY-III.NFO,02/01/2025,09:20:41,24180,24175,75,24177.15,75,0,127200
NIFTY-III.NFO,02/01/2025,09:20:42,24175,24170.05,150,24175.6,600,75,127200
NIFTY-III.NFO,02/01/2025,09:20:42,24175,24170.05,150,24175.6,600,0,127200
NIFTY-III.NFO,02/01/2025,09:20:44,24170.05,24159,150,24168.6,75,150,127200
NIFTY-III.NFO,02/01/2025,09:20:44,24170.05,24159,150,24168.6,75,0,127200
NIFTY-III.NFO,02/01/2025,09:20:46,24170.05,24160.35,225,24170.55,75,0,127200
NIFTY-III.NFO,02/01/2025,09:20:47,24170.05,24160.8,150,24170.25,375,0,127200
NIFTY-III.NFO,02/01/2025,09:20:49,24170.05,24161.1,150,24168.6,75,0,127200
NIFTY-III.NFO,02/01/2025,09:20:51,24171.4,24160.7,225,24170.25,375,300,127200
NIFTY-III.NFO,02/01/2025,09:20:51,24170,24160.7,225,24170.25,375,0,127200
NIFTY-III.NFO,02/01/2025,09:20:52,24171.4,24162.05,225,24173.55,75,0,127200
NIFTY-III.NFO,02/01/2025,09:20:54,24171.4,24167.2,225,24178.4,375,0,127200
NIFTY-III.NFO,02/01/2025,09:20:56,24171.4,24168.3,150,24175.55,375,0,127200
NIFTY-III.NFO,02/01/2025,09:20:57,24171.4,24168,225,24177.9,75,0,127200
NIFTY-III.NFO,02/01/2025,09:20:59,24171.4,24171.6,150,24179.5,75,0,127200
NIFTY-III.NFO,02/01/2025,09:21:01,24171.4,24172.8,150,24179.65,75,0,127200
NIFTY-III.NFO,02/01/2025,09:21:02,24171.4,24173.8,150,24179.5,375,0,127200
NIFTY-III.NFO,02/01/2025,09:21:04,24171.4,24171.3,225,24179.65,75,0,127200
NIFTY-III.NFO,02/01/2025,09:21:06,24171.4,24169.9,225,24178.8,75,0,127200
NIFTY-III.NFO,02/01/2025,09:21:07,24178.8,24171.8,150,24179.25,75,75,127200
NIFTY-III.NFO,02/01/2025,09:21:09,24178.8,24171.4,75,24176.05,375,0,127200
NIFTY-III.NFO,02/01/2025,09:21:11,24178.8,24173.75,150,24180.75,150,0,127200
NIFTY-III.NFO,02/01/2025,09:21:12,24178.8,24173.2,150,24180.65,150,0,127200
NIFTY-III.NFO,02/01/2025,09:21:14,24178.8,24172.1,150,24179.9,150,0,127200
NIFTY-III.NFO,02/01/2025,09:21:15,24178.8,24171.85,150,24178.65,150,0,127200
NIFTY-III.NFO,02/01/2025,09:21:17,24178.8,24172.2,150,24180.25,150,0,127200
NIFTY-III.NFO,02/01/2025,09:21:19,24178.8,24172.5,225,24180.8,375,0,127200
NIFTY-III.NFO,02/01/2025,09:21:20,24178.8,24174,150,24181.95,150,0,127200
NIFTY-III.NFO,02/01/2025,09:21:22,24178.8,24175.9,150,24182.65,150,0,127200
NIFTY-III.NFO,02/01/2025,09:21:24,24178.8,24173.4,150,24180.35,150,0,127200
NIFTY-III.NFO,02/01/2025,09:21:25,24178.8,24172.6,150,24181.75,150,0,127200
NIFTY-III.NFO,02/01/2025,09:21:27,24178.8,24172.5,150,24181.1,150,0,127200
NIFTY-III.NFO,02/01/2025,09:21:29,24178.8,24174.7,150,24183.6,75,0,127200
NIFTY-III.NFO,02/01/2025,09:21:30,24178.8,24175.1,225,24185.95,75,0,127200
NIFTY-III.NFO,02/01/2025,09:21:32,24178.8,24177.4,225,24185.85,150,0,127200
NIFTY-III.NFO,02/01/2025,09:21:34,24178.8,24175.95,150,24186.15,75,0,127200
NIFTY-III.NFO,02/01/2025,09:21:35,24178.8,24178.85,150,24186.85,150,0,127200
NIFTY-III.NFO,02/01/2025,09:21:37,24178.8,24179.2,150,24186.6,150,0,127200
NIFTY-III.NFO,02/01/2025,09:21:39,24178.8,24178.8,75,24184.1,75,0,127200
NIFTY-III.NFO,02/01/2025,09:21:40,24178.8,24178.8,75,24184.45,150,0,127200
NIFTY-III.NFO,02/01/2025,09:21:42,24182.7,24178.8,75,24183.1,150,75,126975
NIFTY-III.NFO,02/01/2025,09:21:44,24182.7,24178.8,75,24182.4,375,0,126975
NIFTY-III.NFO,02/01/2025,09:21:45,24182.7,24178.8,75,24182.85,375,0,126975
NIFTY-III.NFO,02/01/2025,09:21:47,24182.7,24178.8,75,24180.1,150,0,126975
NIFTY-III.NFO,02/01/2025,09:21:49,24182.7,24178.8,75,24181.75,150,0,126975
NIFTY-III.NFO,02/01/2025,09:21:50,24182.7,24178.8,75,24183.65,150,0,126975
NIFTY-III.NFO,02/01/2025,09:21:52,24182.7,24178.85,150,24184.7,150,0,126975
NIFTY-III.NFO,02/01/2025,09:21:54,24185.65,24183,75,24186.3,150,75,126975
NIFTY-III.NFO,02/01/2025,09:21:55,24185.65,24183,75,24184.65,375,0,126975
NIFTY-III.NFO,02/01/2025,09:21:57,24183,24175.6,150,24183.65,375,75,126975
NIFTY-III.NFO,02/01/2025,09:21:59,24183,24173.75,150,24181.55,375,0,126975
NIFTY-III.NFO,02/01/2025,09:22:00,24183,24173,75,24180.75,375,0,126975
NIFTY-III.NFO,02/01/2025,09:22:02,24183,24173.55,150,24180.4,150,0,126975
NIFTY-III.NFO,02/01/2025,09:22:04,24183,24173,75,24178.35,375,0,126975
NIFTY-III.NFO,02/01/2025,09:22:05,24183,24173,75,24176.2,150,0,126975
NIFTY-III.NFO,02/01/2025,09:22:07,24183,24173.05,150,24179.05,150,0,126975
NIFTY-III.NFO,02/01/2025,09:22:09,24183,24173.55,150,24179.75,150,0,126975
NIFTY-III.NFO,02/01/2025,09:22:11,24183,24173.55,150,24178.5,150,0,126975
NIFTY-III.NFO,02/01/2025,09:22:12,24183,24173.25,150,24180.8,150,0,126975
NIFTY-III.NFO,02/01/2025,09:22:14,24183,24173.15,150,24180.75,150,0,126975
NIFTY-III.NFO,02/01/2025,09:22:16,24183,24173.1,150,24178.95,375,0,126975
NIFTY-III.NFO,02/01/2025,09:22:17,24183,24173.5,150,24178.65,150,0,126975
NIFTY-III.NFO,02/01/2025,09:22:19,24183,24173.45,150,24179.9,375,0,126975
NIFTY-III.NFO,02/01/2025,09:22:21,24183,24174,150,24179.55,150,0,126975
NIFTY-III.NFO,02/01/2025,09:22:22,24183,24174.15,150,24180.55,150,0,126975
NIFTY-III.NFO,02/01/2025,09:22:24,24183,24175.05,150,24180.55,150,0,126975
NIFTY-III.NFO,02/01/2025,09:22:26,24183,24175.15,150,24181.5,150,0,126975
NIFTY-III.NFO,02/01/2025,09:22:27,24183,24174.15,150,24181.5,150,0,126975
NIFTY-III.NFO,02/01/2025,09:22:29,24183,24173.05,150,24181.25,375,0,126975
NIFTY-III.NFO,02/01/2025,09:22:31,24183,24173.9,150,24179.55,150,0,126975
NIFTY-III.NFO,02/01/2025,09:22:32,24183,24174.45,150,24180.85,150,0,126975
NIFTY-III.NFO,02/01/2025,09:22:34,24183,24173.65,150,24179.6,150,0,126975
NIFTY-III.NFO,02/01/2025,09:22:36,24183,24175.15,150,24180.9,150,0,126975
NIFTY-III.NFO,02/01/2025,09:22:37,24181.6,24174,150,24180.85,150,75,126975
NIFTY-III.NFO,02/01/2025,09:22:39,24181.6,24174.25,150,24182.15,150,0,126975
NIFTY-III.NFO,02/01/2025,09:22:41,24181.6,24175.45,150,24182.15,150,0,126975
NIFTY-III.NFO,02/01/2025,09:22:42,24181.6,24175.6,225,24184.05,150,0,126975
NIFTY-III.NFO,02/01/2025,09:22:44,24181.6,24176.9,225,24184.5,150,0,126975
NIFTY-III.NFO,02/01/2025,09:22:46,24181.6,24179.1,150,24185.25,150,0,126975
NIFTY-III.NFO,02/01/2025,09:22:47,24181.6,24178.9,150,24186.75,600,0,126975
NIFTY-III.NFO,02/01/2025,09:22:49,24181.6,24176.7,150,24184.2,375,0,126975
NIFTY-III.NFO,02/01/2025,09:22:51,24181.6,24181.6,75,24185.55,150,0,126975
NIFTY-III.NFO,02/01/2025,09:22:54,24181.6,24181.6,75,24186.7,150,0,126975
NIFTY-III.NFO,02/01/2025,09:22:56,24181.6,24181.75,150,24187.65,150,0,126975
NIFTY-III.NFO,02/01/2025,09:22:57,24181.6,24183.05,150,24190.15,225,0,126975
NIFTY-III.NFO,02/01/2025,09:22:59,24181.6,24182.1,150,24188.7,375,0,126975
NIFTY-III.NFO,02/01/2025,09:23:01,24181.6,24182.9,150,24188.7,375,0,126975
NIFTY-III.NFO,02/01/2025,09:23:02,24181.6,24182.05,150,24187.45,150,0,126975
NIFTY-III.NFO,02/01/2025,09:23:04,24182,24180.95,150,24187.45,150,75,126975
NIFTY-III.NFO,02/01/2025,09:23:06,24182,24181.45,150,24188.4,75,0,126975
NIFTY-III.NFO,02/01/2025,09:23:07,24182,24182.75,150,24190.2,150,0,126975
NIFTY-III.NFO,02/01/2025,09:23:09,24182,24182.15,150,24189.4,150,0,126975
NIFTY-III.NFO,02/01/2025,09:23:11,24182,24182,75,24186.55,675,0,126975
NIFTY-III.NFO,02/01/2025,09:23:12,24182,24181,75,24182.85,150,75,126975
NIFTY-III.NFO,02/01/2025,09:23:14,24182,24181,75,24184.2,150,0,126975
NIFTY-III.NFO,02/01/2025,09:23:15,24181,24173.2,150,24181.55,150,75,126975
NIFTY-III.NFO,02/01/2025,09:23:17,24181,24173,75,24180.65,375,0,126975
NIFTY-III.NFO,02/01/2025,09:23:19,24181,24173,75,24178.05,150,0,126975
NIFTY-III.NFO,02/01/2025,09:23:20,24181,24173,75,24178,150,0,126975
NIFTY-III.NFO,02/01/2025,09:23:22,24181,24173,75,24178.35,150,0,126975
NIFTY-III.NFO,02/01/2025,09:23:24,24181,24173,75,24178.05,150,0,126975
NIFTY-III.NFO,02/01/2025,09:23:25,24181,24173,75,24180.15,150,0,126975
NIFTY-III.NFO,02/01/2025,09:23:27,24181,24173.05,150,24180.15,150,0,126975
NIFTY-III.NFO,02/01/2025,09:23:29,24181,24173,75,24179.75,300,0,126975
NIFTY-III.NFO,02/01/2025,09:23:30,24181,24173.05,150,24179.9,150,0,126975
NIFTY-III.NFO,02/01/2025,09:23:32,24181,24173.6,150,24180.75,150,0,126975
NIFTY-III.NFO,02/01/2025,09:23:34,24181,24173.05,150,24180.25,150,0,126975
NIFTY-III.NFO,02/01/2025,09:23:35,24181,24173.05,150,24180.15,150,0,126975
NIFTY-III.NFO,02/01/2025,09:23:37,24181,24174.25,300,24181.7,150,0,126975
NIFTY-III.NFO,02/01/2025,09:23:39,24181,24174.4,225,24183.45,150,0,126975
NIFTY-III.NFO,02/01/2025,09:23:40,24181,24173.05,150,24180.7,150,0,126975
NIFTY-III.NFO,02/01/2025,09:23:42,24181,24173,75,24179.35,375,0,126975
NIFTY-III.NFO,02/01/2025,09:23:44,24181,24173,75,24179.8,150,0,126975
NIFTY-III.NFO,02/01/2025,09:23:45,24181,24173,75,24179.6,150,0,126975
NIFTY-III.NFO,02/01/2025,09:23:47,24181,24173.9,150,24180.4,150,0,126975
NIFTY-III.NFO,02/01/2025,09:23:49,24181,24173,75,24180.05,225,0,126975
NIFTY-III.NFO,02/01/2025,09:23:50,24181,24173.55,150,24180.5,150,0,126975
NIFTY-III.NFO,02/01/2025,09:23:52,24181,24173.55,150,24181.5,150,0,126975
NIFTY-III.NFO,02/01/2025,09:23:54,24181,24174.2,150,24183,150,0,126975
NIFTY-III.NFO,02/01/2025,09:23:55,24181,24173.55,150,24182.35,150,0,126975
NIFTY-III.NFO,02/01/2025,09:23:57,24176.25,24176.2,150,24182.9,75,75,126975
NIFTY-III.NFO,02/01/2025,09:23:59,24176.25,24173.95,150,24181.55,75,0,126975
NIFTY-III.NFO,02/01/2025,09:24:00,24176.25,24174.6,150,24180.6,75,0,126975
NIFTY-III.NFO,02/01/2025,09:24:02,24176.25,24173,75,24178.75,75,0,126975
NIFTY-III.NFO,02/01/2025,09:24:04,24176.25,24174.45,150,24180.5,150,0,126975
NIFTY-III.NFO,02/01/2025,09:24:05,24176.25,24173.8,150,24181.45,75,0,126975
NIFTY-III.NFO,02/01/2025,09:24:07,24176.25,24174.6,150,24181.45,75,0,126975
NIFTY-III.NFO,02/01/2025,09:24:09,24176.25,24173.65,150,24180.1,75,0,126975
NIFTY-III.NFO,02/01/2025,09:24:10,24176.25,24174.65,150,24181.3,75,0,126975
NIFTY-III.NFO,02/01/2025,09:24:12,24176.25,24173.7,150,24182.05,225,0,126975
NIFTY-III.NFO,02/01/2025,09:24:14,24176.25,24174,150,24182,75,0,126975
NIFTY-III.NFO,02/01/2025,09:24:15,24176.25,24175.3,150,24180.8,75,0,126975
NIFTY-III.NFO,02/01/2025,09:24:17,24176.25,24175.6,225,24184.35,75,0,126975
NIFTY-III.NFO,02/01/2025,09:24:19,24176.25,24176.2,150,24184.3,75,0,126975
NIFTY-III.NFO,02/01/2025,09:24:21,24176.25,24179.2,150,24186.7,75,0,126975
NIFTY-III.NFO,02/01/2025,09:24:22,24176.25,24179.3,225,24190.4,75,0,126975
NIFTY-III.NFO,02/01/2025,09:24:24,24176.25,24180.6,150,24188.85,150,0,126975
NIFTY-III.NFO,02/01/2025,09:24:26,24176.25,24182.7,150,24190.05,75,0,126975
NIFTY-III.NFO,02/01/2025,09:24:27,24176.25,24181.2,150,24190.05,75,0,126975
NIFTY-III.NFO,02/01/2025,09:24:29,24176.25,24182.5,150,24189.4,75,0,126975
NIFTY-III.NFO,02/01/2025,09:24:31,24176.25,24182,150,24190,75,0,126975
NIFTY-III.NFO,02/01/2025,09:24:32,24176.25,24180.85,150,24188.05,75,0,126975
NIFTY-III.NFO,02/01/2025,09:24:34,24176.25,24179.15,150,24187.25,75,0,126975
NIFTY-III.NFO,02/01/2025,09:24:36,24176.25,24176,150,24184.95,75,0,126975
NIFTY-III.NFO,02/01/2025,09:24:37,24176.25,24175.5,150,24184.1,75,0,126975
NIFTY-III.NFO,02/01/2025,09:24:39,24176.25,24175.7,150,24184.1,75,0,126975
NIFTY-III.NFO,02/01/2025,09:24:41,24176.25,24175,75,24184.45,225,0,126975
NIFTY-III.NFO,02/01/2025,09:24:42,24176.25,24175,75,24180.4,75,0,126975
NIFTY-III.NFO,02/01/2025,09:24:44,24176.25,24175,75,24178.45,75,0,126975
NIFTY-III.NFO,02/01/2025,09:24:47,24176.25,24175.05,150,24182.1,75,0,126975
NIFTY-III.NFO,02/01/2025,09:24:49,24176.25,24175,75,24182.25,75,0,126975
NIFTY-III.NFO,02/01/2025,09:24:52,24176.25,24175,75,24180.65,75,0,126975
NIFTY-III.NFO,02/01/2025,09:24:54,24176.25,24175.05,150,24182.4,75,0,126975
NIFTY-III.NFO,02/01/2025,09:24:56,24176.25,24175.45,150,24183.6,75,0,126975
NIFTY-III.NFO,02/01/2025,09:24:57,24176.25,24175,75,24180.75,75,0,126975
NIFTY-III.NFO,02/01/2025,09:24:59,24176.25,24173.05,150,24181.7,225,0,126975
NIFTY-III.NFO,02/01/2025,09:25:01,24176.25,24173,75,24180.8,225,0,126975
NIFTY-III.NFO,02/01/2025,09:25:02,24176.25,24175,300,24177.15,75,0,126975
NIFTY-III.NFO,02/01/2025,09:25:04,24176.25,24175,300,24176.8,75,0,126975
NIFTY-III.NFO,02/01/2025,09:25:06,24175,24175,225,24176.8,75,75,127050
NIFTY-III.NFO,02/01/2025,09:25:07,24175,24175,225,24178.7,75,0,127050
NIFTY-III.NFO,02/01/2025,09:25:09,24175,24175,225,24180,75,0,127050
NIFTY-III.NFO,02/01/2025,09:25:11,24175,24175.05,150,24180,75,0,127050
NIFTY-III.NFO,02/01/2025,09:25:12,24175,24175,225,24180,75,0,127050
NIFTY-III.NFO,02/01/2025,09:25:14,24175,24175,225,24179.95,75,0,127050
NIFTY-III.NFO,02/01/2025,09:25:16,24175,24175,150,24180,75,75,127050
NIFTY-III.NFO,02/01/2025,09:25:17,24175,24175,150,24180,75,0,127050
NIFTY-III.NFO,02/01/2025,09:25:19,24175,24175.05,150,24180,75,0,127050
NIFTY-III.NFO,02/01/2025,09:25:26,24175,24175,150,24180,75,0,127050
NIFTY-III.NFO,02/01/2025,09:25:27,24175,24175.05,150,24180,75,0,127050
NIFTY-III.NFO,02/01/2025,09:25:34,24175,24175.25,150,24180,75,0,127050
NIFTY-III.NFO,02/01/2025,09:25:36,24175,24175.15,150,24180,75,0,127050
NIFTY-III.NFO,02/01/2025,09:25:39,24175,24175,150,24179.95,225,0,127050
NIFTY-III.NFO,02/01/2025,09:25:41,24175,24175,150,24178.25,75,0,127050
NIFTY-III.NFO,02/01/2025,09:25:42,24175,24175,150,24176.5,75,0,127050
NIFTY-III.NFO,02/01/2025,09:25:44,24175,24175,150,24176.25,75,0,127050
NIFTY-III.NFO,02/01/2025,09:25:46,24175,24175,150,24177.7,150,0,127050
NIFTY-III.NFO,02/01/2025,09:25:47,24175,24175,75,24179.7,75,75,127050
NIFTY-III.NFO,02/01/2025,09:25:49,24175,24175.05,150,24181.4,75,0,127050
NIFTY-III.NFO,02/01/2025,09:25:51,24175,24175,75,24180.5,75,0,127050
NIFTY-III.NFO,02/01/2025,09:25:52,24175,24175.05,150,24181.5,75,0,127050
NIFTY-III.NFO,02/01/2025,09:25:54,24175,24175,75,24182.15,75,0,127050
NIFTY-III.NFO,02/01/2025,09:25:56,24175,24175,75,24181.4,75,0,127050
NIFTY-III.NFO,02/01/2025,09:25:57,24175,24175,75,24181.5,75,0,127050
NIFTY-III.NFO,02/01/2025,09:26:01,24175,24175,75,24180.1,75,0,127050
NIFTY-III.NFO,02/01/2025,09:26:02,24175,24175,75,24180.8,75,0,127050
NIFTY-III.NFO,02/01/2025,09:26:04,24175,24175.05,150,24178,75,0,127050
NIFTY-III.NFO,02/01/2025,09:26:06,24175,24175,75,24178,75,0,127050
NIFTY-III.NFO,02/01/2025,09:26:09,24175,24175.05,150,24178,75,0,127050
NIFTY-III.NFO,02/01/2025,09:26:12,24178,24176.55,150,24184.4,75,75,127050
NIFTY-III.NFO,02/01/2025,09:26:14,24178,24175.45,150,24183.15,75,0,127050
NIFTY-III.NFO,02/01/2025,09:26:16,24178,24175.05,150,24182.75,225,0,127050
NIFTY-III.NFO,02/01/2025,09:26:17,24178,24176.1,150,24184.3,75,0,127050
NIFTY-III.NFO,02/01/2025,09:26:19,24178,24175,75,24183.5,225,0,127050
NIFTY-III.NFO,02/01/2025,09:26:21,24178,24175,75,24181.95,225,0,127050
NIFTY-III.NFO,02/01/2025,09:26:22,24178,24175.05,150,24182,75,0,127050
NIFTY-III.NFO,02/01/2025,09:26:24,24178,24175.55,150,24184.05,75,0,127050
NIFTY-III.NFO,02/01/2025,09:26:26,24178,24175.75,225,24185.4,75,0,127050
NIFTY-III.NFO,02/01/2025,09:26:28,24178,24175.45,150,24184.55,225,0,127050
NIFTY-III.NFO,02/01/2025,09:26:29,24178,24176.05,150,24183.7,75,0,127050
NIFTY-III.NFO,02/01/2025,09:26:31,24178,24175.75,225,24185.5,75,0,127050
NIFTY-III.NFO,02/01/2025,09:26:33,24178,24178.05,225,24188.65,75,0,127050
NIFTY-III.NFO,02/01/2025,09:26:34,24178,24177.65,150,24188.7,75,0,127050
NIFTY-III.NFO,02/01/2025,09:26:36,24178,24180.2,225,24191.5,150,0,127050
NIFTY-III.NFO,02/01/2025,09:26:38,24178,24188.2,150,24196.9,75,0,127050
NIFTY-III.NFO,02/01/2025,09:26:39,24178,24191.45,150,24196.9,75,0,127050
NIFTY-III.NFO,02/01/2025,09:26:41,24178,24187.25,225,24198.35,150,0,127050
NIFTY-III.NFO,02/01/2025,09:26:43,24178,24187.15,150,24196.05,225,0,127050
NIFTY-III.NFO,02/01/2025,09:26:44,24178,24188.25,150,24197,150,0,127050
NIFTY-III.NFO,02/01/2025,09:26:46,24178,24185.3,150,24196.1,300,0,127050
NIFTY-III.NFO,02/01/2025,09:26:48,24178,24186.05,150,24194.8,75,0,127050
NIFTY-III.NFO,02/01/2025,09:26:49,24178,24185.7,150,24194.95,75,0,127050
NIFTY-III.NFO,02/01/2025,09:26:51,24178,24184.9,150,24193.1,75,0,127050
NIFTY-III.NFO,02/01/2025,09:26:53,24178,24185.35,300,24193.45,75,0,127050
NIFTY-III.NFO,02/01/2025,09:26:54,24178,24188.05,150,24195.5,75,0,127050
NIFTY-III.NFO,02/01/2025,09:26:56,24178,24186.75,150,24193.9,75,0,127050
NIFTY-III.NFO,02/01/2025,09:26:58,24178,24186.3,150,24193.55,75,0,127050
NIFTY-III.NFO,02/01/2025,09:26:59,24178,24183.45,150,24191.15,75,0,127050
NIFTY-III.NFO,02/01/2025,09:27:01,24178,24178.25,150,24188.25,150,0,127050
NIFTY-III.NFO,02/01/2025,09:27:03,24178,24178.9,150,24188.7,75,0,127050
NIFTY-III.NFO,02/01/2025,09:27:04,24178,24175.7,300,24184.95,75,0,127050
NIFTY-III.NFO,02/01/2025,09:27:06,24178,24178.75,150,24185.95,75,0,127050
NIFTY-III.NFO,02/01/2025,09:27:08,24178,24178.35,150,24186.4,75,0,127050
NIFTY-III.NFO,02/01/2025,09:27:09,24178,24180.35,150,24188.65,75,0,127050
NIFTY-III.NFO,02/01/2025,09:27:11,24178,24179.8,150,24188.65,75,0,127050
NIFTY-III.NFO,02/01/2025,09:27:13,24178,24181.25,150,24189,75,0,127050
NIFTY-III.NFO,02/01/2025,09:27:14,24178,24180.5,150,24188.75,75,0,127050
NIFTY-III.NFO,02/01/2025,09:27:16,24178,24179.75,150,24188.7,75,0,127050
NIFTY-III.NFO,02/01/2025,09:27:17,24178,24179.05,150,24186.95,75,0,127050
NIFTY-III.NFO,02/01/2025,09:27:19,24178,24179.3,150,24186.1,75,0,127050
NIFTY-III.NFO,02/01/2025,09:27:21,24178,24179.55,150,24188.55,75,0,127050
NIFTY-III.NFO,02/01/2025,09:27:22,24178,24180.15,150,24188.55,75,0,127050
NIFTY-III.NFO,02/01/2025,09:27:24,24178,24181.1,150,24187.85,75,0,127050
NIFTY-III.NFO,02/01/2025,09:27:26,24178,24182.3,150,24188.45,75,0,127050
NIFTY-III.NFO,02/01/2025,09:27:27,24178,24179.8,150,24188.45,75,0,127050
NIFTY-III.NFO,02/01/2025,09:27:29,24178,24180.4,150,24187.25,75,0,127050
NIFTY-III.NFO,02/01/2025,09:27:30,24178,24176.45,150,24184.6,75,0,127050
NIFTY-III.NFO,02/01/2025,09:27:32,24178,24175.2,150,24183.85,75,0,127050
NIFTY-III.NFO,02/01/2025,09:27:34,24178,24175.55,150,24182.7,75,0,127050
NIFTY-III.NFO,02/01/2025,09:27:35,24178,24176.5,150,24184.2,75,0,127050
NIFTY-III.NFO,02/01/2025,09:27:37,24178,24178.35,150,24187,75,0,127050
NIFTY-III.NFO,02/01/2025,09:27:39,24178,24177.9,150,24186.4,75,0,127050
NIFTY-III.NFO,02/01/2025,09:27:40,24178,24179.9,150,24188,75,0,127050
NIFTY-III.NFO,02/01/2025,09:27:42,24178,24178.45,150,24188,75,0,127050
NIFTY-III.NFO,02/01/2025,09:27:44,24178,24181.55,150,24189.05,75,0,127050
NIFTY-III.NFO,02/01/2025,09:27:45,24178,24182.05,150,24189.5,75,0,127050
NIFTY-III.NFO,02/01/2025,09:27:47,24178,24185,225,24193.55,150,0,127050
NIFTY-III.NFO,02/01/2025,09:27:49,24178,24185.7,150,24192.85,75,0,127050
NIFTY-III.NFO,02/01/2025,09:27:50,24178,24185.3,150,24195.2,75,0,127050
NIFTY-III.NFO,02/01/2025,09:27:52,24178,24183.75,150,24191.4,75,0,127050
NIFTY-III.NFO,02/01/2025,09:27:54,24178,24183.75,150,24191.95,75,0,127050
NIFTY-III.NFO,02/01/2025,09:27:55,24178,24182.85,150,24192.4,75,0,127050
NIFTY-III.NFO,02/01/2025,09:27:57,24178,24184.2,150,24191.9,75,0,127050
NIFTY-III.NFO,02/01/2025,09:27:59,24178,24182.85,150,24191.1,75,0,127050
NIFTY-III.NFO,02/01/2025,09:28:00,24178,24180.6,150,24189.8,75,0,127050
NIFTY-III.NFO,02/01/2025,09:28:02,24178,24178.3,150,24188.25,75,0,127050
NIFTY-III.NFO,02/01/2025,09:28:04,24178,24178.95,150,24188.35,75,0,127050
NIFTY-III.NFO,02/01/2025,09:28:05,24178,24177.05,150,24184.4,75,0,127050
NIFTY-III.NFO,02/01/2025,09:28:07,24178,24180.5,150,24187.75,75,0,127050
NIFTY-III.NFO,02/01/2025,09:28:09,24178,24180.75,150,24188.55,75,0,127050
NIFTY-III.NFO,02/01/2025,09:28:10,24178,24181.55,150,24189.75,75,0,127050
NIFTY-III.NFO,02/01/2025,09:28:12,24178,24182.35,150,24190.2,75,0,127050
NIFTY-III.NFO,02/01/2025,09:28:14,24178,24183.1,150,24191.4,75,0,127050
NIFTY-III.NFO,02/01/2025,09:28:16,24178,24184.4,150,24191.7,75,0,127050
NIFTY-III.NFO,02/01/2025,09:28:17,24178,24183.8,150,24191.65,75,0,127050
NIFTY-III.NFO,02/01/2025,09:28:19,24178,24181.6,150,24190.15,75,0,127050
NIFTY-III.NFO,02/01/2025,09:28:21,24178,24182.6,150,24190.7,75,0,127050
NIFTY-III.NFO,02/01/2025,09:28:22,24178,24184.65,300,24191.7,75,0,127050
NIFTY-III.NFO,02/01/2025,09:28:24,24178,24183.6,150,24191.4,75,0,127050
NIFTY-III.NFO,02/01/2025,09:28:26,24178,24186.35,150,24192.8,75,0,127050
NIFTY-III.NFO,02/01/2025,09:28:27,24178,24183.65,150,24191.45,75,0,127050
NIFTY-III.NFO,02/01/2025,09:28:29,24178,24184.1,150,24192.05,75,0,127050
NIFTY-III.NFO,02/01/2025,09:28:31,24178,24183.45,150,24190.95,75,0,127050
NIFTY-III.NFO,02/01/2025,09:28:32,24178,24185.2,150,24192.6,75,0,127050
NIFTY-III.NFO,02/01/2025,09:28:34,24178,24185.3,150,24192.35,75,0,127050
NIFTY-III.NFO,02/01/2025,09:28:36,24178,24185.45,150,24192.5,75,0,127050
NIFTY-III.NFO,02/01/2025,09:28:37,24178,24186.1,150,24192.5,75,0,127050
NIFTY-III.NFO,02/01/2025,09:28:39,24178,24186.2,150,24193.75,75,0,127050
NIFTY-III.NFO,02/01/2025,09:28:41,24178,24186.4,150,24194.1,75,0,127050
NIFTY-III.NFO,02/01/2025,09:28:42,24178,24184.3,150,24192.4,75,0,127050
NIFTY-III.NFO,02/01/2025,09:28:44,24178,24185.05,150,24192.4,75,0,127050
NIFTY-III.NFO,02/01/2025,09:28:46,24178,24183.5,150,24192.4,75,0,127050
NIFTY-III.NFO,02/01/2025,09:28:47,24178,24181.7,150,24190.45,75,0,127050
NIFTY-III.NFO,02/01/2025,09:28:49,24178,24184.1,150,24192.2,75,0,127050
NIFTY-III.NFO,02/01/2025,09:28:51,24178,24183.45,150,24191.6,75,0,127050
NIFTY-III.NFO,02/01/2025,09:28:52,24178,24183.3,150,24191.6,75,0,127050
NIFTY-III.NFO,02/01/2025,09:28:54,24178,24182.45,150,24190.1,75,0,127050
NIFTY-III.NFO,02/01/2025,09:28:56,24178,24182.95,150,24190.9,75,0,127050
NIFTY-III.NFO,02/01/2025,09:28:57,24178,24181.8,150,24190.3,75,0,127050
NIFTY-III.NFO,02/01/2025,09:28:59,24178,24182.3,150,24189.6,75,0,127050
NIFTY-III.NFO,02/01/2025,09:29:01,24178,24182.45,150,24189.6,75,0,127050
NIFTY-III.NFO,02/01/2025,09:29:02,24178,24181.95,150,24189.7,75,0,127050
NIFTY-III.NFO,02/01/2025,09:29:04,24178,24182.25,150,24189.8,75,0,127050
NIFTY-III.NFO,02/01/2025,09:29:06,24178,24182.75,150,24189.8,75,0,127050
NIFTY-III.NFO,02/01/2025,09:29:07,24178,24182.7,150,24190.4,75,0,127050
NIFTY-III.NFO,02/01/2025,09:29:09,24178,24180.1,150,24188.85,75,0,127050
NIFTY-III.NFO,02/01/2025,09:29:11,24178,24178.85,150,24186.15,75,0,127050
NIFTY-III.NFO,02/01/2025,09:29:12,24178,24177.75,150,24186.15,75,0,127050
NIFTY-III.NFO,02/01/2025,09:29:14,24178,24177.55,150,24184.85,75,0,127050
NIFTY-III.NFO,02/01/2025,09:29:16,24178,24179.7,150,24187.1,75,0,127050
NIFTY-III.NFO,02/01/2025,09:29:18,24178,24181.65,150,24188.9,75,0,127050
NIFTY-III.NFO,02/01/2025,09:29:19,24178,24180.45,150,24187.75,75,0,127050
NIFTY-III.NFO,02/01/2025,09:29:21,24178,24179.05,150,24186.05,75,0,127050
NIFTY-III.NFO,02/01/2025,09:29:23,24178,24178.45,150,24185.4,75,0,127050
NIFTY-III.NFO,02/01/2025,09:29:24,24178,24178.25,150,24184.9,75,0,127050
NIFTY-III.NFO,02/01/2025,09:29:26,24178,24177.9,150,24187.2,75,0,127050
NIFTY-III.NFO,02/01/2025,09:29:29,24178,24177.95,150,24186.5,75,0,127050
NIFTY-III.NFO,02/01/2025,09:29:31,24178,24176.3,150,24183.35,75,0,127050
NIFTY-III.NFO,02/01/2025,09:29:33,24178,24177,150,24184.4,75,0,127050
NIFTY-III.NFO,02/01/2025,09:29:34,24178,24177.75,150,24186.2,75,0,127050
NIFTY-III.NFO,02/01/2025,09:29:36,24178,24177.1,150,24184.25,75,0,127050
NIFTY-III.NFO,02/01/2025,09:29:38,24178,24175.05,150,24183.1,75,0,127050
NIFTY-III.NFO,02/01/2025,09:29:39,24178,24175.05,150,24182.8,75,0,127050
NIFTY-III.NFO,02/01/2025,09:29:41,24178,24175.05,150,24182.5,75,0,127050
NIFTY-III.NFO,02/01/2025,09:29:43,24178,24175.55,150,24183.6,75,0,127050
NIFTY-III.NFO,02/01/2025,09:29:44,24178,24175.9,150,24184.25,225,0,127050
NIFTY-III.NFO,02/01/2025,09:29:46,24178,24175.05,150,24182.4,75,0,127050
NIFTY-III.NFO,02/01/2025,09:29:48,24178,24175,75,24180.1,75,0,127050
NIFTY-III.NFO,02/01/2025,09:29:49,24178,24175,75,24180.25,75,0,127050
NIFTY-III.NFO,02/01/2025,09:29:51,24178,24175,75,24179.4,225,0,127050
NIFTY-III.NFO,02/01/2025,09:29:53,24178,24175,75,24177.45,75,0,127050
NIFTY-III.NFO,02/01/2025,09:29:56,24178,24175,75,24176.6,75,0,127050
NIFTY-III.NFO,02/01/2025,09:29:58,24175,24173,75,24177.8,225,75,127050
NIFTY-III.NFO,02/01/2025,09:29:59,24170,24165.95,150,24175.75,75,525,127275
NIFTY-III.NFO,02/01/2025,09:30:01,24170,24165.95,150,24168.85,150,0,127275
NIFTY-III.NFO,02/01/2025,09:30:03,24165.95,24161,75,24165,75,150,127275
NIFTY-III.NFO,02/01/2025,09:30:03,24165.95,24161,75,24165,75,0,127275
NIFTY-III.NFO,02/01/2025,09:30:04,24165.95,24161,75,24166.1,75,0,127275
NIFTY-III.NFO,02/01/2025,09:30:06,24165.95,24161.05,150,24168.7,75,0,127275
NIFTY-III.NFO,02/01/2025,09:30:08,24165.95,24162.25,150,24169.1,75,0,127275
NIFTY-III.NFO,02/01/2025,09:30:09,24165.95,24162.45,150,24170.8,75,0,127275
NIFTY-III.NFO,02/01/2025,09:30:11,24165.95,24165.3,150,24172.2,75,0,127275
NIFTY-III.NFO,02/01/2025,09:30:13,24165.95,24165.6,150,24172.2,75,0,127275
NIFTY-III.NFO,02/01/2025,09:30:14,24165.95,24165.6,225,24177.6,75,0,127275
NIFTY-III.NFO,02/01/2025,09:30:16,24165.95,24170.4,150,24178.55,150,0,127275
NIFTY-III.NFO,02/01/2025,09:30:18,24165.95,24168.85,150,24177.15,75,0,127275
NIFTY-III.NFO,02/01/2025,09:30:19,24169.55,24166.5,75,24175.95,150,300,127275
NIFTY-III.NFO,02/01/2025,09:30:21,24169.55,24167.6,75,24174.85,75,0,127275
NIFTY-III.NFO,02/01/2025,09:30:23,24169.55,24167.4,75,24174.8,75,0,127275
NIFTY-III.NFO,02/01/2025,09:30:24,24169.55,24168.55,75,24175.45,75,0,127275
NIFTY-III.NFO,02/01/2025,09:30:26,24169.55,24165.2,75,24172.85,225,0,127275
NIFTY-III.NFO,02/01/2025,09:30:28,24169.55,24165.25,75,24173.35,75,0,127275
NIFTY-III.NFO,02/01/2025,09:30:29,24169.55,24166.45,75,24173.5,150,0,127275
NIFTY-III.NFO,02/01/2025,09:30:31,24169.55,24166.45,75,24173.4,75,0,127275
NIFTY-III.NFO,02/01/2025,09:30:33,24169.55,24164.95,225,24172.3,150,0,127275
NIFTY-III.NFO,02/01/2025,09:30:34,24169.55,24166,75,24172.65,75,0,127275
NIFTY-III.NFO,02/01/2025,09:30:36,24169.55,24164.05,225,24171.95,75,0,127275
NIFTY-III.NFO,02/01/2025,09:30:38,24169.55,24165.2,75,24171.95,150,0,127275
NIFTY-III.NFO,02/01/2025,09:30:39,24169.55,24161.85,75,24169.5,75,0,127275
NIFTY-III.NFO,02/01/2025,09:30:41,24169.55,24164.55,75,24170.8,225,0,127275
NIFTY-III.NFO,02/01/2025,09:30:43,24169.55,24164.55,75,24171.2,75,0,127275
NIFTY-III.NFO,02/01/2025,09:30:44,24169.55,24164.05,75,24172.45,75,0,127275
NIFTY-III.NFO,02/01/2025,09:30:46,24169.55,24164,75,24173.65,75,0,127275
NIFTY-III.NFO,02/01/2025,09:30:48,24169.55,24164.65,75,24172.8,150,0,127275
NIFTY-III.NFO,02/01/2025,09:30:49,24169.55,24163.95,75,24174,150,0,127275
NIFTY-III.NFO,02/01/2025,09:30:51,24169.55,24166.2,75,24173.1,75,0,127275
NIFTY-III.NFO,02/01/2025,09:30:53,24169.55,24164.55,75,24171.45,150,0,127275
NIFTY-III.NFO,02/01/2025,09:30:54,24169.55,24164.25,75,24170.45,75,0,127275
NIFTY-III.NFO,02/01/2025,09:30:56,24169.55,24164.55,75,24172.9,75,0,127275
NIFTY-III.NFO,02/01/2025,09:30:58,24169.55,24166.9,75,24174.8,150,0,127275
NIFTY-III.NFO,02/01/2025,09:30:59,24169.55,24168.5,75,24175.15,150,0,127275
NIFTY-III.NFO,02/01/2025,09:31:01,24169.55,24171.5,75,24179.5,225,0,127275
NIFTY-III.NFO,02/01/2025,09:31:03,24167.05,24168.6,150,24178.05,150,900,127575
NIFTY-III.NFO,02/01/2025,09:31:04,24178.1,24167.55,150,24178.25,375,75,127575
NIFTY-III.NFO,02/01/2025,09:31:06,24178.1,24166.2,150,24174.6,150,0,127575
NIFTY-III.NFO,02/01/2025,09:31:08,24178.1,24166.7,150,24175.4,150,0,127575
NIFTY-III.NFO,02/01/2025,09:31:09,24178.1,24167.35,150,24175.85,150,0,127575
NIFTY-III.NFO,02/01/2025,09:31:11,24178.1,24167.9,150,24176.5,150,0,127575
NIFTY-III.NFO,02/01/2025,09:31:13,24178.1,24169.2,150,24178,150,0,127575
NIFTY-III.NFO,02/01/2025,09:31:14,24178.1,24169.9,150,24178.5,300,0,127575
NIFTY-III.NFO,02/01/2025,09:31:17,24178.1,24171.1,225,24181.4,150,0,127575
NIFTY-III.NFO,02/01/2025,09:31:19,24178.1,24174.2,150,24182.05,75,0,127575
NIFTY-III.NFO,02/01/2025,09:31:21,24178.1,24173.45,150,24181.35,300,0,127575
NIFTY-III.NFO,02/01/2025,09:31:22,24178.1,24171.3,150,24180.3,300,0,127575
NIFTY-III.NFO,02/01/2025,09:31:24,24178.1,24172.25,150,24181.5,150,0,127575
NIFTY-III.NFO,02/01/2025,09:31:26,24178.1,24168.15,150,24177.35,150,0,127575
NIFTY-III.NFO,02/01/2025,09:31:27,24178.1,24170.25,225,24180.45,150,0,127575
NIFTY-III.NFO,02/01/2025,09:31:29,24178.1,24170.25,150,24181.1,225,0,127575
NIFTY-III.NFO,02/01/2025,09:31:31,24178.1,24170.6,150,24180.25,150,0,127575
NIFTY-III.NFO,02/01/2025,09:31:32,24178.1,24171.75,150,24181.45,150,0,127575
NIFTY-III.NFO,02/01/2025,09:31:34,24178.1,24170.2,150,24180.25,150,0,127575
NIFTY-III.NFO,02/01/2025,09:31:36,24178.1,24169.6,300,24179.7,150,0,127575
NIFTY-III.NFO,02/01/2025,09:31:37,24178.1,24169.6,150,24179.4,150,0,127575
NIFTY-III.NFO,02/01/2025,09:31:39,24178.1,24169.8,150,24180.3,150,0,127575
NIFTY-III.NFO,02/01/2025,09:31:41,24178.1,24171.9,150,24181.55,150,0,127575
NIFTY-III.NFO,02/01/2025,09:31:42,24178.1,24171.9,150,24181.4,150,0,127575
NIFTY-III.NFO,02/01/2025,09:31:44,24178.1,24171.9,150,24181.55,150,0,127575
NIFTY-III.NFO,02/01/2025,09:31:46,24178.1,24171.9,150,24181.45,150,0,127575
NIFTY-III.NFO,02/01/2025,09:31:47,24178.1,24171.9,150,24180.75,150,0,127575
NIFTY-III.NFO,02/01/2025,09:31:49,24178.1,24169.4,225,24180.8,150,0,127575
NIFTY-III.NFO,02/01/2025,09:31:51,24178.1,24169.8,150,24179.8,150,0,127575
NIFTY-III.NFO,02/01/2025,09:31:52,24178.1,24169.8,150,24179.45,150,0,127575
NIFTY-III.NFO,02/01/2025,09:31:54,24178.1,24175,75,24180.4,150,0,127575
NIFTY-III.NFO,02/01/2025,09:31:56,24178.1,24175,75,24181.05,150,0,127575
NIFTY-III.NFO,02/01/2025,09:31:57,24178.1,24175,75,24180.2,150,0,127575
NIFTY-III.NFO,02/01/2025,09:31:59,24178.1,24175,75,24180.85,150,0,127575
NIFTY-III.NFO,02/01/2025,09:32:01,24178.1,24175.05,150,24184.7,150,0,127575
NIFTY-III.NFO,02/01/2025,09:32:02,24178.1,24175.05,150,24184.55,150,0,127575
NIFTY-III.NFO,02/01/2025,09:32:04,24178.1,24175,75,24183.7,150,0,127575
NIFTY-III.NFO,02/01/2025,09:32:06,24178.1,24175.05,150,24184.35,150,0,127575
NIFTY-III.NFO,02/01/2025,09:32:07,24178.1,24175,75,24182.85,150,0,127575
NIFTY-III.NFO,02/01/2025,09:32:09,24178.1,24175.05,150,24183.75,150,0,127575
NIFTY-III.NFO,02/01/2025,09:32:11,24178.1,24175,75,24183,150,0,127575
NIFTY-III.NFO,02/01/2025,09:32:12,24178.1,24175,75,24182.25,150,0,127575
NIFTY-III.NFO,02/01/2025,09:32:14,24178.1,24175,75,24181.55,150,0,127575
NIFTY-III.NFO,02/01/2025,09:32:16,24178.1,24175.05,150,24184.5,150,0,127575
NIFTY-III.NFO,02/01/2025,09:32:18,24178.1,24175.05,150,24183.5,150,0,127575
NIFTY-III.NFO,02/01/2025,09:32:20,24178.1,24175,75,24183.2,150,0,127575
NIFTY-III.NFO,02/01/2025,09:32:21,24178.1,24175,75,24182.55,150,0,127575
NIFTY-III.NFO,02/01/2025,09:32:25,24178.1,24175,75,24180.95,150,0,127575
NIFTY-III.NFO,02/01/2025,09:32:26,24178.1,24175.05,150,24184.2,150,0,127575
NIFTY-III.NFO,02/01/2025,09:32:30,24178.1,24175,150,24184.1,150,0,127575
NIFTY-III.NFO,02/01/2025,09:32:31,24178.1,24175.05,150,24184.1,150,0,127575
NIFTY-III.NFO,02/01/2025,09:32:33,24178.1,24176.45,150,24190.45,150,0,127575
NIFTY-III.NFO,02/01/2025,09:32:35,24178.1,24181.65,225,24189.95,150,0,127575
NIFTY-III.NFO,02/01/2025,09:32:36,24178.1,24180.9,225,24188.85,150,0,127575
NIFTY-III.NFO,02/01/2025,09:32:38,24178.1,24178.55,150,24188.8,300,0,127575
NIFTY-III.NFO,02/01/2025,09:32:40,24178.1,24178.75,150,24188.65,150,0,127575
NIFTY-III.NFO,02/01/2025,09:32:41,24178.1,24179.6,150,24189.1,150,0,127575
NIFTY-III.NFO,02/01/2025,09:32:43,24178.1,24181.55,225,24190.35,150,0,127575
NIFTY-III.NFO,02/01/2025,09:32:46,24178.1,24179.25,300,24189.95,150,0,127575
NIFTY-III.NFO,02/01/2025,09:32:48,24178.1,24179.55,150,24190.35,150,0,127575
NIFTY-III.NFO,02/01/2025,09:32:50,24178.1,24180.35,150,24190.35,150,0,127575
NIFTY-III.NFO,02/01/2025,09:32:51,24178.1,24180,150,24190.35,150,0,127575
NIFTY-III.NFO,02/01/2025,09:32:55,24178.1,24179.35,150,24189.7,150,0,127575
NIFTY-III.NFO,02/01/2025,09:32:56,24178.1,24178.8,225,24190.35,150,0,127575
NIFTY-III.NFO,02/01/2025,09:32:58,24178.1,24180.85,225,24192.75,225,0,127575
NIFTY-III.NFO,02/01/2025,09:33:00,24178.1,24182.7,150,24192.8,75,0,127575
NIFTY-III.NFO,02/01/2025,09:33:02,24178.1,24186.5,225,24195.7,150,0,127575
NIFTY-III.NFO,02/01/2025,09:33:07,24178.1,24184.4,225,24192.3,150,0,127575
NIFTY-III.NFO,02/01/2025,09:33:08,24192.3,24183.6,75,24194.45,150,75,127575
NIFTY-III.NFO,02/01/2025,09:33:10,24192.3,24181.55,75,24191.75,150,0,127575
NIFTY-III.NFO,02/01/2025,09:33:12,24192.3,24180.9,75,24191.65,300,0,127575
NIFTY-III.NFO,02/01/2025,09:33:13,24192.3,24182.9,75,24191.75,150,0,127575
NIFTY-III.NFO,02/01/2025,09:33:15,24192.3,24184.2,75,24194.45,150,0,127575
NIFTY-III.NFO,02/01/2025,09:33:17,24192.3,24185.4,75,24193.7,150,0,127575
NIFTY-III.NFO,02/01/2025,09:33:18,24192.3,24185.95,75,24193.7,150,0,127575
NIFTY-III.NFO,02/01/2025,09:33:20,24192.3,24186.1,75,24195.1,150,0,127575
NIFTY-III.NFO,02/01/2025,09:33:22,24192.3,24184.25,75,24195.1,225,0,127575
NIFTY-III.NFO,02/01/2025,09:33:23,24192.3,24183.05,75,24192.7,225,0,127575
NIFTY-III.NFO,02/01/2025,09:33:25,24192.3,24183.05,75,24192.7,150,0,127575
NIFTY-III.NFO,02/01/2025,09:33:28,24192.3,24183.75,75,24192.7,150,0,127575
NIFTY-III.NFO,02/01/2025,09:33:30,24192.3,24184.45,75,24193.65,150,0,127575
NIFTY-III.NFO,02/01/2025,09:33:32,24192.3,24184.3,75,24193.65,150,0,127575
NIFTY-III.NFO,02/01/2025,09:33:33,24192.3,24184.95,75,24193.3,150,0,127575
NIFTY-III.NFO,02/01/2025,09:33:35,24192.3,24188,225,24193.35,75,0,127575
NIFTY-III.NFO,02/01/2025,09:33:37,24192.3,24184.65,75,24193.3,150,0,127575
NIFTY-III.NFO,02/01/2025,09:33:38,24192.3,24185.65,75,24193.3,150,0,127575
NIFTY-III.NFO,02/01/2025,09:33:40,24192.3,24185.9,75,24193.35,75,0,127575
NIFTY-III.NFO,02/01/2025,09:33:42,24192.3,24185.9,225,24193.35,75,0,127575
NIFTY-III.NFO,02/01/2025,09:33:43,24192.3,24188.8,225,24193.35,75,0,127575
NIFTY-III.NFO,02/01/2025,09:33:45,24192.3,24188.2,225,24193.35,75,0,127575
NIFTY-III.NFO,02/01/2025,09:33:47,24192.3,24187.75,225,24193.35,75,0,127575
NIFTY-III.NFO,02/01/2025,09:33:48,24192.3,24185.05,75,24193.3,150,0,127575
NIFTY-III.NFO,02/01/2025,09:33:50,24192.3,24186.65,75,24193.35,75,0,127575
NIFTY-III.NFO,02/01/2025,09:33:52,24192.3,24185.35,75,24193.3,150,0,127575
NIFTY-III.NFO,02/01/2025,09:33:53,24192.3,24184.1,75,24193.3,225,0,127575
NIFTY-III.NFO,02/01/2025,09:33:55,24192.3,24184.8,75,24193.3,150,0,127575
NIFTY-III.NFO,02/01/2025,09:33:57,24192.3,24184.45,75,24193.3,150,0,127575
NIFTY-III.NFO,02/01/2025,09:33:58,24192.3,24186.5,75,24193.35,75,0,127575
NIFTY-III.NFO,02/01/2025,09:34:00,24192.3,24188.5,75,24193.35,75,0,127575
NIFTY-III.NFO,02/01/2025,09:34:02,24193.35,24194.05,75,24200,150,75,128025
NIFTY-III.NFO,02/01/2025,09:34:03,24193.35,24194.45,75,24200,150,0,128025
NIFTY-III.NFO,02/01/2025,09:34:05,24193.35,24195.6,225,24200,150,0,128025
NIFTY-III.NFO,02/01/2025,09:34:07,24193.35,24195.9,75,24200,150,0,128025
NIFTY-III.NFO,02/01/2025,09:34:08,24193.35,24194.15,225,24200,150,0,128025
NIFTY-III.NFO,02/01/2025,09:34:10,24193.35,24194.95,225,24200,150,0,128025
NIFTY-III.NFO,02/01/2025,09:34:12,24193.35,24195,75,24199.95,150,0,128025
NIFTY-III.NFO,02/01/2025,09:34:13,24193.35,24195,75,24199.05,150,0,128025
NIFTY-III.NFO,02/01/2025,09:34:15,24193.35,24195,75,24199.55,300,0,128025
NIFTY-III.NFO,02/01/2025,09:34:16,24193.35,24195,75,24198.45,150,0,128025
NIFTY-III.NFO,02/01/2025,09:34:18,24193.35,24195,75,24199.95,150,0,128025
NIFTY-III.NFO,02/01/2025,09:34:28,24193.35,24195,75,24198.85,150,0,128025
NIFTY-III.NFO,02/01/2025,09:34:29,24193.35,24195,75,24197.5,150,0,128025
NIFTY-III.NFO,02/01/2025,09:34:31,24193.35,24195,75,24198.9,150,0,128025
NIFTY-III.NFO,02/01/2025,09:34:33,24193.35,24195,75,24198.15,150,0,128025
NIFTY-III.NFO,02/01/2025,09:34:34,24193.35,24195,75,24197.2,150,0,128025
NIFTY-III.NFO,02/01/2025,09:34:36,24193.35,24195,75,24198.3,150,0,128025
NIFTY-III.NFO,02/01/2025,09:34:38,24193.35,24195,75,24199.95,150,0,128025
NIFTY-III.NFO,02/01/2025,09:34:39,24193.35,24195,75,24199.6,300,0,128025
NIFTY-III.NFO,02/01/2025,09:34:41,24195,24189.35,75,24198.1,150,75,128025
NIFTY-III.NFO,02/01/2025,09:34:43,24195,24189.4,75,24197.9,300,0,128025
NIFTY-III.NFO,02/01/2025,09:34:44,24195,24189.25,75,24197.9,300,0,128025
NIFTY-III.NFO,02/01/2025,09:34:46,24195,24187.95,75,24196.95,300,0,128025
NIFTY-III.NFO,02/01/2025,09:34:48,24195,24186.55,75,24194.7,150,0,128025
NIFTY-III.NFO,02/01/2025,09:34:49,24195,24188.55,75,24197.25,150,0,128025
NIFTY-III.NFO,02/01/2025,09:34:51,24195,24185.7,75,24194.35,150,0,128025
NIFTY-III.NFO,02/01/2025,09:34:53,24195,24187.8,75,24196.8,150,0,128025
NIFTY-III.NFO,02/01/2025,09:34:56,24196.8,24187.3,150,24195.95,150,900,128025
NIFTY-III.NFO,02/01/2025,09:34:58,24196.85,24196.85,600,24196.9,225,300,128025
NIFTY-III.NFO,02/01/2025,09:34:59,24196.85,24196.85,450,24198.1,225,150,128025
NIFTY-III.NFO,02/01/2025,09:35:01,24196.85,24196.85,225,24199.2,300,225,128025
NIFTY-III.NFO,02/01/2025,09:35:03,24196.85,24196.85,225,24199.6,75,0,128025
NIFTY-III.NFO,02/01/2025,09:35:04,24196.85,24191.55,150,24199.6,75,0,128025
NIFTY-III.NFO,02/01/2025,09:35:06,24196.85,24190,225,24199.6,75,0,128025
NIFTY-III.NFO,02/01/2025,09:35:08,24196.85,24199.6,375,24200,150,0,128025
NIFTY-III.NFO,02/01/2025,09:35:11,24200,24199.6,375,24200,75,75,128025
NIFTY-III.NFO,02/01/2025,09:35:13,24200,24199.6,375,24200,75,0,128025
NIFTY-III.NFO,02/01/2025,09:35:15,24200,24199.65,150,24200,75,0,128025
NIFTY-III.NFO,02/01/2025,09:35:16,24200,24199.6,375,24200,75,0,128025
NIFTY-III.NFO,02/01/2025,09:35:20,24200,24199.6,375,24200,375,0,128025
NIFTY-III.NFO,02/01/2025,09:35:21,24199.6,24190.4,150,24200,150,375,128025
NIFTY-III.NFO,02/01/2025,09:35:23,24199.6,24190.6,225,24200,75,0,128025
NIFTY-III.NFO,02/01/2025,09:35:25,24199.6,24191.4,150,24200,75,0,128025
NIFTY-III.NFO,02/01/2025,09:35:26,24199.6,24190.65,225,24200,75,0,128025
NIFTY-III.NFO,02/01/2025,09:35:28,24199.6,24193,150,24200,75,0,128025
NIFTY-III.NFO,02/01/2025,09:35:30,24199.6,24193.8,300,24200,75,0,128025
NIFTY-III.NFO,02/01/2025,09:35:31,24199.6,24192.95,300,24200,150,0,128025
NIFTY-III.NFO,02/01/2025,09:35:33,24199.6,24191.25,300,24200,150,0,128025
NIFTY-III.NFO,02/01/2025,09:35:35,24199.6,24191.25,150,24200,150,0,128025
NIFTY-III.NFO,02/01/2025,09:35:36,24199.6,24191.55,150,24200,150,0,128025
NIFTY-III.NFO,02/01/2025,09:35:38,24199.6,24191.25,150,24200,150,0,128025
NIFTY-III.NFO,02/01/2025,09:35:40,24199.6,24192.15,150,24200,150,0,128025
NIFTY-III.NFO,02/01/2025,09:35:41,24199.6,24199.6,225,24200,150,0,128025
NIFTY-III.NFO,02/01/2025,09:36:20,24199.6,24199.6,225,24200,300,0,128025
NIFTY-III.NFO,02/01/2025,09:36:33,24199.6,24199.6,75,24200,150,150,129150
NIFTY-III.NFO,02/01/2025,09:36:35,24199.6,24199.6,75,24200,150,0,129150
NIFTY-III.NFO,02/01/2025,09:36:40,24199.6,24188.85,225,24199.05,75,75,129150
NIFTY-III.NFO,02/01/2025,09:36:42,24199.6,24189.25,300,24199.05,225,0,129150
NIFTY-III.NFO,02/01/2025,09:36:43,24199.6,24190.15,225,24199.95,150,0,129150
NIFTY-III.NFO,02/01/2025,09:36:45,24199.6,24189.85,150,24199.85,150,0,129150
NIFTY-III.NFO,02/01/2025,09:36:47,24199.6,24188.15,150,24198.9,225,0,129150
NIFTY-III.NFO,02/01/2025,09:36:48,24199.6,24189.85,150,24198.4,225,0,129150
NIFTY-III.NFO,02/01/2025,09:36:50,24199.6,24190,150,24198.35,75,0,129150
NIFTY-III.NFO,02/01/2025,09:36:52,24199.6,24190.7,150,24198.55,225,0,129150
NIFTY-III.NFO,02/01/2025,09:36:53,24199.6,24189.95,150,24199.35,225,0,129150
NIFTY-III.NFO,02/01/2025,09:36:55,24199.6,24191.1,150,24200,150,0,129150
NIFTY-III.NFO,02/01/2025,09:36:57,24199.6,24193.55,300,24200,150,0,129150
NIFTY-III.NFO,02/01/2025,09:36:58,24199.6,24192,225,24200,150,0,129150
NIFTY-III.NFO,02/01/2025,09:37:00,24199.6,24195.65,150,24200,150,0,129150
NIFTY-III.NFO,02/01/2025,09:37:02,24205.1,24211.45,225,24217.35,225,225,129150
NIFTY-III.NFO,02/01/2025,09:37:03,24205.1,24212.9,150,24218,75,0,129150
NIFTY-III.NFO,02/01/2025,09:37:05,24205.1,24210.35,225,24218,75,0,129150
NIFTY-III.NFO,02/01/2025,09:37:07,24205.1,24211.35,150,24218,75,0,129150
NIFTY-III.NFO,02/01/2025,09:37:08,24225,24222.7,150,24225,75,300,129150
NIFTY-III.NFO,02/01/2025,09:37:08,24225,24222.7,150,24225,75,0,129150
NIFTY-III.NFO,02/01/2025,09:37:10,24225,24216.85,150,24225,75,0,129150
NIFTY-III.NFO,02/01/2025,09:37:12,24225,24215.55,150,24225,225,0,129150
NIFTY-III.NFO,02/01/2025,09:37:13,24225,24210.95,150,24224,450,0,129150
NIFTY-III.NFO,02/01/2025,09:37:15,24225,24212.85,225,24222.25,150,0,129150
NIFTY-III.NFO,02/01/2025,09:37:16,24225,24218.45,150,24224.8,150,0,129150
NIFTY-III.NFO,02/01/2025,09:37:18,24227,24230.85,150,24239.5,225,225,129150
NIFTY-III.NFO,02/01/2025,09:37:18,24227,24230.85,150,24239.5,225,0,129150
NIFTY-III.NFO,02/01/2025,09:37:20,24227,24226.1,150,24236.5,450,0,129150
NIFTY-III.NFO,02/01/2025,09:37:21,24227,24224.1,225,24236.2,975,0,129150
NIFTY-III.NFO,02/01/2025,09:37:23,24227,24222.95,150,24232.7,225,0,129150
NIFTY-III.NFO,02/01/2025,09:37:25,24227,24225.35,150,24234.55,225,0,129150
NIFTY-III.NFO,02/01/2025,09:37:26,24227,24231.05,150,24237.65,225,0,129150
NIFTY-III.NFO,02/01/2025,09:37:28,24227,24229.55,150,24240.3,375,0,129150
NIFTY-III.NFO,02/01/2025,09:37:30,24227,24228.4,150,24238.3,300,0,129150
NIFTY-III.NFO,02/01/2025,09:37:31,24227,24225.85,150,24235.4,225,0,129150
NIFTY-III.NFO,02/01/2025,09:37:33,24227,24225.2,150,24236.05,75,0,129150
NIFTY-III.NFO,02/01/2025,09:37:35,24227,24225.45,150,24235.2,300,0,129150
NIFTY-III.NFO,02/01/2025,09:37:36,24227,24225.25,150,24234.6,225,0,129150
NIFTY-III.NFO,02/01/2025,09:37:38,24227,24221.2,150,24233.1,450,0,129150
NIFTY-III.NFO,02/01/2025,09:37:40,24227,24222.1,150,24232.5,450,0,129150
NIFTY-III.NFO,02/01/2025,09:37:41,24227,24222.85,150,24232.4,375,0,129150
NIFTY-III.NFO,02/01/2025,09:37:43,24227,24220.35,150,24231.1,375,0,129150
NIFTY-III.NFO,02/01/2025,09:37:45,24227,24220.1,150,24229.45,450,0,129150
NIFTY-III.NFO,02/01/2025,09:37:46,24227,24218.15,150,24229.45,375,0,129150
NIFTY-III.NFO,02/01/2025,09:37:48,24227,24217.45,150,24227.75,375,0,129150
NIFTY-III.NFO,02/01/2025,09:37:50,24227,24221,150,24229.85,375,0,129150
NIFTY-III.NFO,02/01/2025,09:37:51,24227,24221.55,150,24232.25,150,0,129150
NIFTY-III.NFO,02/01/2025,09:37:53,24227,24221.1,300,24229.85,75,0,129150
NIFTY-III.NFO,02/01/2025,09:37:55,24227,24223.15,150,24227,525,0,129150
NIFTY-III.NFO,02/01/2025,09:37:56,24227,24223.7,300,24227,525,0,129150
NIFTY-III.NFO,02/01/2025,09:37:58,24227,24221.8,150,24227,525,0,129150
NIFTY-III.NFO,02/01/2025,09:38:00,24227,24220,150,24227,525,0,129150
NIFTY-III.NFO,02/01/2025,09:38:01,24227,24221.8,150,24227,525,0,129150
NIFTY-III.NFO,02/01/2025,09:38:03,24227,24218.65,150,24227,525,0,129150
NIFTY-III.NFO,02/01/2025,09:38:05,24227,24219.05,150,24227,525,0,129150
NIFTY-III.NFO,02/01/2025,09:38:06,24227,24218,150,24227,675,0,129150
NIFTY-III.NFO,02/01/2025,09:38:10,24227,24218.9,150,24227,525,0,129150
NIFTY-III.NFO,02/01/2025,09:38:11,24227,24219.3,150,24227,525,0,129150
NIFTY-III.NFO,02/01/2025,09:38:13,24227,24219.4,150,24227,525,0,129150
NIFTY-III.NFO,02/01/2025,09:38:15,24227,24218,150,24227,525,0,129150
NIFTY-III.NFO,02/01/2025,09:38:16,24227,24219.05,150,24227,525,0,129150
NIFTY-III.NFO,02/01/2025,09:38:18,24227,24218.9,150,24227,525,0,129150
NIFTY-III.NFO,02/01/2025,09:38:20,24227,24219.5,150,24227,525,0,129150
NIFTY-III.NFO,02/01/2025,09:38:23,24227,24218.15,150,24227,525,0,129150
NIFTY-III.NFO,02/01/2025,09:38:25,24227,24219,300,24227,525,0,129150
NIFTY-III.NFO,02/01/2025,09:38:26,24227,24217.25,150,24227,675,0,129150
NIFTY-III.NFO,02/01/2025,09:38:28,24227,24218.2,150,24227,675,0,129150
NIFTY-III.NFO,02/01/2025,09:38:30,24227,24218.7,150,24227,525,0,129150
NIFTY-III.NFO,02/01/2025,09:38:31,24227,24218.9,150,24227,525,0,129150
NIFTY-III.NFO,02/01/2025,09:38:33,24227,24218.65,300,24227,525,0,129150
NIFTY-III.NFO,02/01/2025,09:38:35,24227,24219,150,24227,525,0,129150
NIFTY-III.NFO,02/01/2025,09:38:36,24227,24219.45,225,24227,525,0,129150
NIFTY-III.NFO,02/01/2025,09:38:38,24227,24220.55,300,24227,525,0,129150
NIFTY-III.NFO,02/01/2025,09:38:40,24227,24218.2,300,24227,525,0,129150
NIFTY-III.NFO,02/01/2025,09:38:41,24227,24218.5,150,24227,525,0,129150
NIFTY-III.NFO,02/01/2025,09:38:43,24227,24219.25,150,24227,525,0,129150
NIFTY-III.NFO,02/01/2025,09:38:45,24227,24222.65,150,24227,525,0,129150
NIFTY-III.NFO,02/01/2025,09:38:46,24227,24222.25,150,24227,525,0,129150
NIFTY-III.NFO,02/01/2025,09:38:48,24227,24222.05,300,24227,525,0,129150
NIFTY-III.NFO,02/01/2025,09:38:50,24227,24223,300,24227,525,0,129150
NIFTY-III.NFO,02/01/2025,09:38:51,24227,24223,150,24227,450,75,129150
NIFTY-III.NFO,02/01/2025,09:38:53,24227,24221.3,150,24227,450,0,129150
NIFTY-III.NFO,02/01/2025,09:38:55,24227,24221.8,150,24227,450,0,129150
NIFTY-III.NFO,02/01/2025,09:38:56,24227,24220.6,150,24226.95,75,0,129150
NIFTY-III.NFO,02/01/2025,09:38:58,24227,24220.65,150,24226.95,75,0,129150
NIFTY-III.NFO,02/01/2025,09:39:00,24227,24220.95,150,24226.95,75,0,129150
NIFTY-III.NFO,02/01/2025,09:39:01,24227,24221.05,150,24226.95,75,0,129150
NIFTY-III.NFO,02/01/2025,09:39:03,24227,24221,150,24226.95,75,0,129150
NIFTY-III.NFO,02/01/2025,09:39:05,24227,24218.5,150,24226.95,75,0,129150
NIFTY-III.NFO,02/01/2025,09:39:06,24227,24219.4,225,24226.95,75,0,129150
NIFTY-III.NFO,02/01/2025,09:39:08,24227,24221.9,150,24226.95,75,0,129150
NIFTY-III.NFO,02/01/2025,09:39:10,24227,24220.85,150,24226.95,75,0,129150
NIFTY-III.NFO,02/01/2025,09:39:11,24227,24223,150,24226.95,75,0,129150
NIFTY-III.NFO,02/01/2025,09:39:13,24227,24221.05,150,24226.95,75,0,129150
NIFTY-III.NFO,02/01/2025,09:39:15,24227,24218.2,225,24226.95,75,0,129150
NIFTY-III.NFO,02/01/2025,09:39:16,24227,24220.85,150,24226.95,75,0,129150
NIFTY-III.NFO,02/01/2025,09:39:18,24227,24221.15,150,24226.95,75,0,129150
NIFTY-III.NFO,02/01/2025,09:39:19,24227,24222.8,150,24226.95,75,0,129150
NIFTY-III.NFO,02/01/2025,09:39:21,24227,24222.9,150,24226.95,75,0,129150
NIFTY-III.NFO,02/01/2025,09:39:23,24227,24224.65,150,24226.95,75,0,129150
NIFTY-III.NFO,02/01/2025,09:39:25,24227,24223.6,150,24226.95,75,0,129150
NIFTY-III.NFO,02/01/2025,09:39:26,24227,24223.1,225,24226.95,75,0,129150
NIFTY-III.NFO,02/01/2025,09:39:28,24227,24223,75,24226.95,75,0,129150
NIFTY-III.NFO,02/01/2025,09:39:30,24227,24225.25,150,24226.95,75,0,129150
NIFTY-III.NFO,02/01/2025,09:39:31,24227,24223.15,150,24226.95,75,0,129150
NIFTY-III.NFO,02/01/2025,09:39:33,24227,24223,75,24226.95,75,0,129150
NIFTY-III.NFO,02/01/2025,09:39:35,24227,24223.05,150,24226.95,75,0,129150
NIFTY-III.NFO,02/01/2025,09:39:36,24227,24223,75,24226.95,75,0,129150
NIFTY-III.NFO,02/01/2025,09:39:38,24227,24223.3,150,24226.95,75,0,129150
NIFTY-III.NFO,02/01/2025,09:39:40,24227,24223,75,24226.95,75,0,129150
NIFTY-III.NFO,02/01/2025,09:39:41,24227,24223,75,24227,525,0,129150
NIFTY-III.NFO,02/01/2025,09:39:46,24227,24223,75,24227,600,0,129150
NIFTY-III.NFO,02/01/2025,09:39:51,24227,24223,75,24227,900,0,129150
NIFTY-III.NFO,02/01/2025,09:39:53,24227,24223,75,24227,675,0,129150
NIFTY-III.NFO,02/01/2025,09:40:00,24227,24223,75,24226.95,75,0,129150
NIFTY-III.NFO,02/01/2025,09:40:03,24227,24224.15,75,24226.95,75,0,129150
NIFTY-III.NFO,02/01/2025,09:40:05,24227,24224.1,75,24226.95,75,0,129150
NIFTY-III.NFO,02/01/2025,09:40:06,24227,24225.45,75,24226.95,75,0,129150
NIFTY-III.NFO,02/01/2025,09:40:08,24227,24225.65,75,24226.95,75,0,129150
NIFTY-III.NFO,02/01/2025,09:40:10,24227,24223.05,75,24226.95,75,0,129150
NIFTY-III.NFO,02/01/2025,09:40:11,24227,24223,75,24226.95,75,0,129150
NIFTY-III.NFO,02/01/2025,09:40:17,24227,24223,75,24226.95,225,0,129150
NIFTY-III.NFO,02/01/2025,09:40:18,24227,24223,75,24226.95,75,0,129150
NIFTY-III.NFO,02/01/2025,09:40:20,24227,24223,75,24226.95,225,0,129150
NIFTY-III.NFO,02/01/2025,09:40:22,24227,24223,75,24226.95,75,0,129150
NIFTY-III.NFO,02/01/2025,09:40:23,24227,24223,75,24226.95,225,0,129150
NIFTY-III.NFO,02/01/2025,09:40:28,24227,24223,75,24226.95,75,0,129150
NIFTY-III.NFO,02/01/2025,09:40:35,24227,24223.25,150,24226.95,75,0,129150
NIFTY-III.NFO,02/01/2025,09:40:37,24227,24223.75,150,24226.9,75,0,129150
NIFTY-III.NFO,02/01/2025,09:40:38,24227,24223.05,150,24226.9,75,0,129150
NIFTY-III.NFO,02/01/2025,09:40:40,24227,24223,75,24226.9,75,0,129150
NIFTY-III.NFO,02/01/2025,09:40:55,24226.9,24223,75,24227,600,75,129150
NIFTY-III.NFO,02/01/2025,09:40:57,24226.9,24223,75,24227,600,0,129150
NIFTY-III.NFO,02/01/2025,09:41:03,24226.9,24223,75,24227,825,0,129150
NIFTY-III.NFO,02/01/2025,09:41:05,24226.9,24223,75,24226.05,375,0,129150
NIFTY-III.NFO,02/01/2025,09:41:07,24226.9,24223,75,24227,600,0,129150
NIFTY-III.NFO,02/01/2025,09:41:08,24226.9,24223,75,24227,750,0,129150
NIFTY-III.NFO,02/01/2025,09:41:10,24226.9,24223,75,24227,600,0,129150
NIFTY-III.NFO,02/01/2025,09:41:12,24226.9,24223,75,24227,600,75,129150
NIFTY-III.NFO,02/01/2025,09:41:13,24226.9,24223,75,24227,600,0,129150
NIFTY-III.NFO,02/01/2025,09:41:19,24227,24223.35,75,24227,525,75,129150
NIFTY-III.NFO,02/01/2025,09:41:20,24227,24223,75,24227,525,0,129150
NIFTY-III.NFO,02/01/2025,09:41:25,24227,24223,75,24223.35,75,0,129150
NIFTY-III.NFO,02/01/2025,09:41:35,24223,24220,75,24223.35,75,75,129150
NIFTY-III.NFO,02/01/2025,09:41:37,24223,24220,75,24223.35,75,0,129150
NIFTY-III.NFO,02/01/2025,09:41:39,24223,24220,75,24222,75,0,129150
NIFTY-III.NFO,02/01/2025,09:41:42,24223,24220,75,24221,75,0,129150
NIFTY-III.NFO,02/01/2025,09:41:45,24220,24218.8,300,24227,525,75,129150
NIFTY-III.NFO,02/01/2025,09:41:47,24220,24219,150,24227,525,0,129150
NIFTY-III.NFO,02/01/2025,09:41:49,24220,24220.1,150,24227,525,0,129150
NIFTY-III.NFO,02/01/2025,09:41:50,24220,24219.9,375,24227,525,0,129150
NIFTY-III.NFO,02/01/2025,09:41:52,24220,24223.5,150,24227,525,0,129150
NIFTY-III.NFO,02/01/2025,09:41:54,24220,24224.05,150,24227,525,0,129150
NIFTY-III.NFO,02/01/2025,09:41:55,24220,24223.45,150,24227,525,0,129150
NIFTY-III.NFO,02/01/2025,09:41:57,24230,24228.2,150,24235.95,225,600,129150
NIFTY-III.NFO,02/01/2025,09:41:57,24230,24228.2,150,24235.95,225,0,129150
NIFTY-III.NFO,02/01/2025,09:41:59,24230,24233.55,150,24237.75,75,0,129150
NIFTY-III.NFO,02/01/2025,09:42:00,24239.95,24243.2,225,24248.15,225,150,129150
NIFTY-III.NFO,02/01/2025,09:42:00,24239.95,24243.2,225,24248.15,225,0,129150
NIFTY-III.NFO,02/01/2025,09:42:02,24239.95,24236.4,300,24246.9,225,0,129150
NIFTY-III.NFO,02/01/2025,09:42:04,24239.95,24232.65,150,24243.95,225,0,129150
NIFTY-III.NFO,02/01/2025,09:42:05,24239.95,24230.9,150,24241.7,225,0,129150
NIFTY-III.NFO,02/01/2025,09:42:07,24239.95,24233.75,150,24244.3,150,0,129150
NIFTY-III.NFO,02/01/2025,09:42:09,24239.95,24235.1,225,24245.65,225,0,129150
NIFTY-III.NFO,02/01/2025,09:42:10,24239.95,24237.95,300,24247.4,225,0,129150
NIFTY-III.NFO,02/01/2025,09:42:12,24239.95,24236.9,225,24247.8,225,0,129150
NIFTY-III.NFO,02/01/2025,09:42:14,24239.95,24233.5,300,24244.35,600,0,129150
NIFTY-III.NFO,02/01/2025,09:42:17,24239.95,24239,75,24243,225,0,129150
NIFTY-III.NFO,02/01/2025,09:42:18,24239.95,24239,75,24241.65,375,0,129150
NIFTY-III.NFO,02/01/2025,09:42:20,24239.95,24239,75,24244.55,225,0,129150
NIFTY-III.NFO,02/01/2025,09:42:22,24239.95,24239,75,24241.4,225,0,129150
NIFTY-III.NFO,02/01/2025,09:42:23,24239,24231.45,150,24241.3,300,75,129150
NIFTY-III.NFO,02/01/2025,09:42:25,24239,24232.05,150,24240.85,375,0,129150
NIFTY-III.NFO,02/01/2025,09:42:27,24239,24230.15,150,24240.25,150,0,129150
NIFTY-III.NFO,02/01/2025,09:42:28,24239,24228.9,150,24238.9,225,0,129150
NIFTY-III.NFO,02/01/2025,09:42:30,24239,24230.2,150,24238.55,225,0,129150
NIFTY-III.NFO,02/01/2025,09:42:32,24239,24231.05,150,24239.85,225,0,129150
NIFTY-III.NFO,02/01/2025,09:42:33,24240.55,24230.8,225,24241.55,75,150,129300
NIFTY-III.NFO,02/01/2025,09:42:33,24240.55,24230.8,225,24241.55,75,0,129300
NIFTY-III.NFO,02/01/2025,09:42:35,24240.55,24233.25,150,24242.35,225,0,129300
NIFTY-III.NFO,02/01/2025,09:42:37,24240.55,24231.4,150,24241.15,300,0,129300
NIFTY-III.NFO,02/01/2025,09:42:38,24240.55,24230.4,150,24240.85,525,0,129300
NIFTY-III.NFO,02/01/2025,09:42:40,24240.55,24232.55,300,24242.5,300,0,129300
NIFTY-III.NFO,02/01/2025,09:42:42,24240.55,24236.55,150,24244.25,75,0,129300
NIFTY-III.NFO,02/01/2025,09:42:43,24240.55,24235.75,300,24245.75,300,0,129300
NIFTY-III.NFO,02/01/2025,09:42:45,24240.55,24237.85,150,24246.3,375,0,129300
NIFTY-III.NFO,02/01/2025,09:42:47,24240.55,24239.15,150,24248.45,375,0,129300
NIFTY-III.NFO,02/01/2025,09:42:48,24240.55,24237.6,150,24247.05,450,0,129300
NIFTY-III.NFO,02/01/2025,09:42:50,24240.55,24238.9,150,24246.9,225,0,129300
NIFTY-III.NFO,02/01/2025,09:42:52,24240.55,24238.3,150,24246.7,375,0,129300
NIFTY-III.NFO,02/01/2025,09:42:53,24240.55,24237.25,150,24246.2,225,0,129300
NIFTY-III.NFO,02/01/2025,09:42:55,24240.55,24237.9,150,24247.1,225,0,129300
NIFTY-III.NFO,02/01/2025,09:42:57,24240.55,24237.5,150,24246.4,300,0,129300
NIFTY-III.NFO,02/01/2025,09:42:58,24240.55,24237.4,150,24246.8,300,0,129300
NIFTY-III.NFO,02/01/2025,09:43:00,24240.55,24236.15,150,24246.35,300,0,129300
NIFTY-III.NFO,02/01/2025,09:43:02,24240.55,24234.4,150,24244.95,525,0,129300
NIFTY-III.NFO,02/01/2025,09:43:03,24240.55,24232.8,150,24242.55,225,0,129300
NIFTY-III.NFO,02/01/2025,09:43:05,24240.55,24233.5,300,24243.6,225,0,129300
NIFTY-III.NFO,02/01/2025,09:43:07,24240.55,24233.05,150,24241.7,75,0,129300
NIFTY-III.NFO,02/01/2025,09:43:08,24240.55,24230.9,300,24240.8,225,0,129300
NIFTY-III.NFO,02/01/2025,09:43:10,24240.55,24230,225,24239.75,450,0,129300
NIFTY-III.NFO,02/01/2025,09:43:12,24240.55,24231.2,150,24240.15,75,0,129300
NIFTY-III.NFO,02/01/2025,09:43:13,24240.55,24233.3,150,24242.4,375,0,129300
NIFTY-III.NFO,02/01/2025,09:43:15,24240.55,24233.75,150,24244.1,525,0,129300
NIFTY-III.NFO,02/01/2025,09:43:17,24240.55,24234.55,150,24244.1,225,0,129300
NIFTY-III.NFO,02/01/2025,09:43:18,24240.55,24234.8,150,24244.05,225,0,129300
NIFTY-III.NFO,02/01/2025,09:43:20,24240.55,24233.05,150,24242.35,600,0,129300
NIFTY-III.NFO,02/01/2025,09:43:22,24240.55,24230.55,150,24240.5,675,0,129300
NIFTY-III.NFO,02/01/2025,09:43:23,24240.55,24233.45,150,24242.65,75,0,129300
NIFTY-III.NFO,02/01/2025,09:43:25,24240.55,24233.6,150,24242.65,225,0,129300
NIFTY-III.NFO,02/01/2025,09:43:27,24240.55,24232.5,150,24242,225,0,129300
NIFTY-III.NFO,02/01/2025,09:43:28,24240.55,24231.75,150,24240.7,225,0,129300
NIFTY-III.NFO,02/01/2025,09:43:30,24240.55,24231.85,150,24241,225,0,129300
NIFTY-III.NFO,02/01/2025,09:43:32,24240.55,24230.05,150,24239.65,375,0,129300
NIFTY-III.NFO,02/01/2025,09:43:33,24240.55,24230.15,150,24239.15,375,0,129300
NIFTY-III.NFO,02/01/2025,09:43:35,24240.55,24230.25,150,24239.15,225,0,129300
NIFTY-III.NFO,02/01/2025,09:43:37,24240.55,24230.9,150,24239.15,225,0,129300
NIFTY-III.NFO,02/01/2025,09:43:38,24240.55,24231.55,150,24239.15,225,0,129300
NIFTY-III.NFO,02/01/2025,09:43:40,24240.55,24230.35,150,24239.65,225,0,129300
NIFTY-III.NFO,02/01/2025,09:43:42,24240.55,24231.6,150,24240,75,0,129300
NIFTY-III.NFO,02/01/2025,09:43:43,24240.55,24231.45,150,24240,75,0,129300
NIFTY-III.NFO,02/01/2025,09:43:45,24240.55,24231.45,150,24239.95,75,0,129300
NIFTY-III.NFO,02/01/2025,09:43:47,24240.55,24232.75,150,24240,75,0,129300
NIFTY-III.NFO,02/01/2025,09:43:48,24240.55,24232.85,150,24241.7,75,0,129300
NIFTY-III.NFO,02/01/2025,09:43:50,24240.55,24231.6,150,24241.05,300,0,129300
NIFTY-III.NFO,02/01/2025,09:43:52,24240.55,24234.1,150,24243.1,225,0,129300
NIFTY-III.NFO,02/01/2025,09:43:53,24240.55,24232.85,150,24242.5,300,0,129300
NIFTY-III.NFO,02/01/2025,09:43:55,24240.55,24231.6,150,24241.85,300,0,129300
NIFTY-III.NFO,02/01/2025,09:43:57,24240.55,24234,150,24242.6,75,0,129300
NIFTY-III.NFO,02/01/2025,09:43:58,24240.55,24235.3,150,24244.5,75,0,129300
NIFTY-III.NFO,02/01/2025,09:44:00,24240.55,24234.7,150,24243.9,225,0,129300
NIFTY-III.NFO,02/01/2025,09:44:02,24240.55,24234.8,150,24240.55,75,0,129300
NIFTY-III.NFO,02/01/2025,09:44:03,24240.55,24232.15,150,24240.55,225,0,129300
NIFTY-III.NFO,02/01/2025,09:44:05,24240.55,24231.25,150,24240.55,225,0,129300
NIFTY-III.NFO,02/01/2025,09:44:07,24240.55,24230.4,150,24240.45,375,0,129300
NIFTY-III.NFO,02/01/2025,09:44:08,24240.55,24230.05,150,24240.55,225,0,129300
NIFTY-III.NFO,02/01/2025,09:44:10,24240.55,24230,75,24238.75,300,0,129300
NIFTY-III.NFO,02/01/2025,09:44:12,24240.55,24230,75,24239.65,225,0,129300
NIFTY-III.NFO,02/01/2025,09:44:13,24240.55,24230,75,24239.1,225,0,129300
NIFTY-III.NFO,02/01/2025,09:44:15,24240.55,24230,75,24237.6,150,0,129300
NIFTY-III.NFO,02/01/2025,09:44:15,24240.55,24230.05,150,24238.9,225,0,129300
NIFTY-III.NFO,02/01/2025,09:44:17,24240.55,24230,75,24237.55,300,0,129300
NIFTY-III.NFO,02/01/2025,09:44:19,24240.55,24230,75,24237.75,225,0,129300
NIFTY-III.NFO,02/01/2025,09:44:20,24240.55,24230.05,150,24238.2,225,0,129300
NIFTY-III.NFO,02/01/2025,09:44:22,24240.55,24230.05,150,24238.85,225,0,129300
NIFTY-III.NFO,02/01/2025,09:44:24,24240.55,24230,75,24238.15,225,0,129300
NIFTY-III.NFO,02/01/2025,09:44:25,24240.55,24230,75,24238.85,300,0,129300
NIFTY-III.NFO,02/01/2025,09:44:27,24240.55,24230.05,150,24238.85,300,0,129300
NIFTY-III.NFO,02/01/2025,09:44:29,24240.55,24230,75,24235,75,0,129300
NIFTY-III.NFO,02/01/2025,09:44:30,24240.55,24230.05,225,24235,75,0,129300
NIFTY-III.NFO,02/01/2025,09:44:32,24240.55,24230.15,150,24235,75,0,129300
NIFTY-III.NFO,02/01/2025,09:44:34,24240.55,24230,75,24235,75,0,129300
NIFTY-III.NFO,02/01/2025,09:44:35,24240.55,24230,75,24235,225,0,129300
NIFTY-III.NFO,02/01/2025,09:44:39,24240.55,24230,75,24234.9,375,0,129300
NIFTY-III.NFO,02/01/2025,09:44:40,24240.55,24230.05,150,24235,75,0,129300
NIFTY-III.NFO,02/01/2025,09:44:42,24240.55,24230,75,24235,75,0,129300
NIFTY-III.NFO,02/01/2025,09:44:44,24240.55,24230.05,150,24235,75,0,129300
NIFTY-III.NFO,02/01/2025,09:44:45,24240.55,24230.05,150,24232,75,0,129300
NIFTY-III.NFO,02/01/2025,09:44:47,24240.55,24230.3,150,24232,75,0,129300
NIFTY-III.NFO,02/01/2025,09:44:49,24240.55,24230.05,150,24232,75,0,129300
NIFTY-III.NFO,02/01/2025,09:44:50,24240.55,24230.5,150,24232,75,0,129300
NIFTY-III.NFO,02/01/2025,09:44:52,24240.55,24230.55,150,24232,75,0,129300
NIFTY-III.NFO,02/01/2025,09:44:54,24240.55,24231.95,150,24232,75,0,129300
NIFTY-III.NFO,02/01/2025,09:44:55,24240.55,24231.3,150,24232,75,0,129300
NIFTY-III.NFO,02/01/2025,09:44:57,24232,24231.05,150,24238.3,75,75,129300
NIFTY-III.NFO,02/01/2025,09:44:59,24232,24229.65,150,24238.3,225,0,129300
NIFTY-III.NFO,02/01/2025,09:45:00,24232,24230.45,150,24238.3,225,0,129300
NIFTY-III.NFO,02/01/2025,09:45:02,24232,24231.25,150,24238.3,75,0,129300
NIFTY-III.NFO,02/01/2025,09:45:04,24230.75,24230.75,150,24238.25,75,75,129300
NIFTY-III.NFO,02/01/2025,09:45:05,24230.75,24230.1,150,24238.25,225,0,129300
NIFTY-III.NFO,02/01/2025,09:45:07,24230.75,24230.8,150,24238.3,75,0,129300
NIFTY-III.NFO,02/01/2025,09:45:09,24230.75,24231.6,150,24238.3,75,0,129300
NIFTY-III.NFO,02/01/2025,09:45:12,24230.75,24235.25,150,24238.3,75,0,129300
NIFTY-III.NFO,02/01/2025,09:45:14,24230.75,24234.05,150,24238.3,75,0,129300
NIFTY-III.NFO,02/01/2025,09:45:15,24230.75,24234.9,150,24240.55,150,0,129300
NIFTY-III.NFO,02/01/2025,09:45:17,24230.75,24233,150,24240.5,75,0,129300
NIFTY-III.NFO,02/01/2025,09:45:19,24230.75,24234.3,150,24240.55,150,0,129300
NIFTY-III.NFO,02/01/2025,09:45:22,24230.75,24233.1,150,24240.5,75,0,129300
NIFTY-III.NFO,02/01/2025,09:45:25,24230.75,24232.45,150,24240.5,75,0,129300
NIFTY-III.NFO,02/01/2025,09:45:27,24230.75,24231.05,300,24232,75,0,129300
NIFTY-III.NFO,02/01/2025,09:45:29,24230.75,24229.85,150,24232,75,0,129300
NIFTY-III.NFO,02/01/2025,09:45:30,24230.75,24230.55,300,24232,75,0,129300
NIFTY-III.NFO,02/01/2025,09:45:34,24230.75,24231.65,150,24232,75,0,129300
NIFTY-III.NFO,02/01/2025,09:45:35,24232,24232.15,225,24240.45,150,75,129375
NIFTY-III.NFO,02/01/2025,09:45:37,24232,24232.2,225,24240.45,150,0,129375
NIFTY-III.NFO,02/01/2025,09:45:39,24232,24231.5,225,24240.45,375,0,129375
NIFTY-III.NFO,02/01/2025,09:45:40,24232,24231.65,150,24240.45,225,0,129375
NIFTY-III.NFO,02/01/2025,09:45:42,24232,24233.85,150,24240.5,75,0,129375
NIFTY-III.NFO,02/01/2025,09:45:44,24232,24231.85,150,24240.5,225,0,129375
NIFTY-III.NFO,02/01/2025,09:45:45,24232,24231.8,150,24240.5,225,0,129375
NIFTY-III.NFO,02/01/2025,09:45:47,24232,24233.15,150,24240.5,75,0,129375
NIFTY-III.NFO,02/01/2025,09:45:49,24232,24234.6,150,24240.55,150,0,129375
NIFTY-III.NFO,02/01/2025,09:45:51,24232,24235.2,150,24240.55,150,0,129375
NIFTY-III.NFO,02/01/2025,09:45:52,24232,24234,150,24240.55,150,0,129375
NIFTY-III.NFO,02/01/2025,09:45:54,24232,24232.3,225,24239.2,75,0,129375
NIFTY-III.NFO,02/01/2025,09:45:56,24232,24228.95,150,24237.85,225,0,129375
NIFTY-III.NFO,02/01/2025,09:45:57,24232,24231.1,300,24238,225,0,129375
NIFTY-III.NFO,02/01/2025,09:45:59,24232,24231.75,150,24240.25,75,0,129375
NIFTY-III.NFO,02/01/2025,09:46:01,24232,24231.25,150,24239.85,225,0,129375
NIFTY-III.NFO,02/01/2025,09:46:02,24232,24229.15,150,24232,75,0,129375
NIFTY-III.NFO,02/01/2025,09:46:04,24232,24228,150,24232,75,0,129375
NIFTY-III.NFO,02/01/2025,09:46:06,24232,24226.45,150,24232,75,0,129375
NIFTY-III.NFO,02/01/2025,09:46:07,24232,24229.65,150,24232,75,0,129375
NIFTY-III.NFO,02/01/2025,09:46:09,24232,24231.35,150,24232,75,0,129375
NIFTY-III.NFO,02/01/2025,09:46:11,24232,24232.15,150,24240.4,75,75,129375
NIFTY-III.NFO,02/01/2025,09:46:12,24232,24233.8,150,24240.55,75,0,129375
NIFTY-III.NFO,02/01/2025,09:46:14,24232,24236.35,150,24240.55,75,0,129375
NIFTY-III.NFO,02/01/2025,09:46:17,24232,24236.05,150,24240.55,75,0,129375
NIFTY-III.NFO,02/01/2025,09:46:19,24232,24236,150,24240.55,75,0,129375
NIFTY-III.NFO,02/01/2025,09:46:20,24232,24234.9,150,24240.55,75,0,129375
NIFTY-III.NFO,02/01/2025,09:46:22,24232,24236.85,150,24240.55,75,0,129375
NIFTY-III.NFO,02/01/2025,09:46:24,24232,24235.95,150,24240.55,75,0,129375
NIFTY-III.NFO,02/01/2025,09:46:25,24232,24234.2,150,24240.55,75,0,129375
NIFTY-III.NFO,02/01/2025,09:46:27,24232,24234.1,150,24240.55,75,0,129375
NIFTY-III.NFO,02/01/2025,09:46:29,24232,24232.55,300,24240.55,75,0,129375
NIFTY-III.NFO,02/01/2025,09:46:30,24232,24232.15,150,24240.5,75,0,129375
NIFTY-III.NFO,02/01/2025,09:46:32,24232,24232.65,150,24240.05,225,0,129375
NIFTY-III.NFO,02/01/2025,09:46:34,24232,24231.45,150,24238.8,225,0,129375
NIFTY-III.NFO,02/01/2025,09:46:35,24232,24231.45,150,24238.85,225,0,129375
NIFTY-III.NFO,02/01/2025,09:46:37,24232,24231.6,150,24240.5,225,0,129375
NIFTY-III.NFO,02/01/2025,09:46:39,24232,24232.65,150,24240.55,75,0,129375
NIFTY-III.NFO,02/01/2025,09:46:40,24232,24234.2,150,24240.55,75,0,129375
NIFTY-III.NFO,02/01/2025,09:46:42,24232,24233.4,150,24240.55,75,0,129375
NIFTY-III.NFO,02/01/2025,09:46:44,24232,24234.25,150,24240.55,75,0,129375
NIFTY-III.NFO,02/01/2025,09:46:45,24232,24235.55,150,24240.55,75,0,129375
NIFTY-III.NFO,02/01/2025,09:46:47,24232,24236.4,150,24240.55,75,0,129375
NIFTY-III.NFO,02/01/2025,09:46:49,24240.55,24239.5,300,24243,75,75,129375
NIFTY-III.NFO,02/01/2025,09:46:50,24240.55,24238.3,150,24243,75,0,129375
NIFTY-III.NFO,02/01/2025,09:46:52,24240.55,24234.25,150,24242.6,150,0,129375
NIFTY-III.NFO,02/01/2025,09:46:54,24240.55,24234.15,150,24242.15,75,0,129375
NIFTY-III.NFO,02/01/2025,09:46:55,24240.55,24232.15,150,24240.95,75,0,129375
NIFTY-III.NFO,02/01/2025,09:46:57,24240.55,24232.25,150,24242.05,75,0,129375
NIFTY-III.NFO,02/01/2025,09:46:59,24240.55,24230.3,150,24238.8,225,0,129375
NIFTY-III.NFO,02/01/2025,09:47:00,24240.55,24227.95,150,24236.4,75,0,129375
NIFTY-III.NFO,02/01/2025,09:47:02,24240.55,24226.2,225,24233.1,75,0,129375
NIFTY-III.NFO,02/01/2025,09:47:04,24240.55,24225.75,150,24232.5,75,0,129375
NIFTY-III.NFO,02/01/2025,09:47:05,24240.55,24227.75,150,24235.7,75,0,129375
NIFTY-III.NFO,02/01/2025,09:47:07,24240.55,24228.65,150,24234.85,75,0,129375
NIFTY-III.NFO,02/01/2025,09:47:09,24240.55,24226.75,150,24234.75,75,0,129375
NIFTY-III.NFO,02/01/2025,09:47:10,24240.55,24225.45,150,24233.6,75,0,129375
NIFTY-III.NFO,02/01/2025,09:47:12,24240.55,24229.05,150,24237.95,75,0,129375
NIFTY-III.NFO,02/01/2025,09:47:14,24240.55,24227.95,150,24237.15,75,0,129375
NIFTY-III.NFO,02/01/2025,09:47:15,24240.55,24226.7,150,24235.25,75,0,129375
NIFTY-III.NFO,02/01/2025,09:47:17,24240.55,24228,150,24235.35,75,0,129375
NIFTY-III.NFO,02/01/2025,09:47:18,24240.55,24226.75,300,24235.5,75,0,129375
NIFTY-III.NFO,02/01/2025,09:47:20,24240.55,24226,150,24233.3,75,0,129375
NIFTY-III.NFO,02/01/2025,09:47:22,24240.55,24226,150,24234.6,75,0,129375
NIFTY-III.NFO,02/01/2025,09:47:23,24240.55,24225,75,24233.85,150,0,129375
NIFTY-III.NFO,02/01/2025,09:47:25,24240.55,24225.05,150,24233.7,75,0,129375
NIFTY-III.NFO,02/01/2025,09:47:27,24240.55,24225,75,24232.3,75,0,129375
NIFTY-III.NFO,02/01/2025,09:47:28,24240.55,24225,75,24229.25,75,0,129375
NIFTY-III.NFO,02/01/2025,09:47:30,24240.55,24225,75,24229.2,225,0,129375
NIFTY-III.NFO,02/01/2025,09:47:32,24225,24220,75,24225.75,225,75,129375
NIFTY-III.NFO,02/01/2025,09:47:33,24214.25,24210.9,225,24218.6,75,150,129375
NIFTY-III.NFO,02/01/2025,09:47:35,24214.25,24209.7,150,24215.85,75,0,129375
NIFTY-III.NFO,02/01/2025,09:47:37,24214.25,24212.1,150,24221.25,225,0,129375
NIFTY-III.NFO,02/01/2025,09:47:38,24214.25,24214.6,150,24224.4,225,0,129375
NIFTY-III.NFO,02/01/2025,09:47:40,24214.25,24213.05,150,24224.1,150,0,129375
NIFTY-III.NFO,02/01/2025,09:47:42,24214.25,24214.3,150,24224.1,225,0,129375
NIFTY-III.NFO,02/01/2025,09:47:43,24214.25,24214.45,150,24223.65,225,0,129375
NIFTY-III.NFO,02/01/2025,09:47:45,24215.55,24216.2,150,24225.5,300,75,129375
NIFTY-III.NFO,02/01/2025,09:47:47,24215.55,24216.85,150,24226.35,300,0,129375
NIFTY-III.NFO,02/01/2025,09:47:48,24215.55,24216.1,150,24225.45,150,0,129375
NIFTY-III.NFO,02/01/2025,09:47:50,24215.55,24217.15,150,24226.35,150,0,129375
NIFTY-III.NFO,02/01/2025,09:47:52,24215.55,24216.25,150,24225.5,150,0,129375
NIFTY-III.NFO,02/01/2025,09:47:53,24215.55,24215.95,150,24224.95,300,0,129375
NIFTY-III.NFO,02/01/2025,09:47:55,24215.55,24215.45,150,24224.25,150,0,129375
NIFTY-III.NFO,02/01/2025,09:47:57,24215.55,24213.85,150,24222.95,300,0,129375
NIFTY-III.NFO,02/01/2025,09:47:59,24215.55,24216.3,150,24225.45,150,0,129375
NIFTY-III.NFO,02/01/2025,09:48:00,24215.55,24216.95,150,24225.9,150,0,129375
NIFTY-III.NFO,02/01/2025,09:48:02,24215.55,24217.15,150,24224.95,150,0,129375
NIFTY-III.NFO,02/01/2025,09:48:04,24215.55,24216.4,150,24224.95,150,0,129375
NIFTY-III.NFO,02/01/2025,09:48:05,24215.55,24215.65,300,24224.95,150,0,129375
NIFTY-III.NFO,02/01/2025,09:48:07,24215.55,24215.75,150,24224.95,300,0,129375
NIFTY-III.NFO,02/01/2025,09:48:09,24215.55,24215,150,24224.6,150,0,129375
NIFTY-III.NFO,02/01/2025,09:48:10,24215.55,24215.55,150,24224.95,150,0,129375
NIFTY-III.NFO,02/01/2025,09:48:12,24215.55,24215.7,150,24224.95,300,0,129375
NIFTY-III.NFO,02/01/2025,09:48:14,24215.55,24215.1,150,24224.95,300,0,129375
NIFTY-III.NFO,02/01/2025,09:48:15,24215.55,24213.9,150,24224.95,375,0,129375
NIFTY-III.NFO,02/01/2025,09:48:17,24215.55,24213.15,150,24224.65,375,0,129375
NIFTY-III.NFO,02/01/2025,09:48:19,24215.55,24213.05,150,24223.75,375,0,129375
NIFTY-III.NFO,02/01/2025,09:48:20,24215.55,24214.8,150,24221.95,225,0,129375
NIFTY-III.NFO,02/01/2025,09:48:22,24215.55,24213.95,150,24222.9,150,0,129375
NIFTY-III.NFO,02/01/2025,09:48:24,24215.55,24214.7,150,24224.3,150,0,129375
NIFTY-III.NFO,02/01/2025,09:48:25,24215.55,24216.55,300,24224.95,150,0,129375
NIFTY-III.NFO,02/01/2025,09:48:27,24215.55,24214.5,150,24224.6,150,0,129375
NIFTY-III.NFO,02/01/2025,09:48:29,24215.55,24214.35,300,24224.35,300,0,129375
NIFTY-III.NFO,02/01/2025,09:48:30,24215.55,24213.3,150,24223.65,150,0,129375
NIFTY-III.NFO,02/01/2025,09:48:32,24215.55,24211.7,150,24215.55,75,0,129375
NIFTY-III.NFO,02/01/2025,09:48:34,24215.55,24211.35,150,24215.55,75,0,129375
NIFTY-III.NFO,02/01/2025,09:48:35,24215.55,24212.15,150,24215.55,75,0,129375
NIFTY-III.NFO,02/01/2025,09:48:37,24215.55,24213.85,150,24215.55,75,0,129375
NIFTY-III.NFO,02/01/2025,09:48:39,24215.55,24214.65,150,24215.55,75,0,129375
NIFTY-III.NFO,02/01/2025,09:48:40,24215.55,24216.8,150,24224.95,150,75,129525
NIFTY-III.NFO,02/01/2025,09:48:42,24215.55,24215.6,150,24224.85,300,0,129525
NIFTY-III.NFO,02/01/2025,09:48:44,24215.55,24214.75,150,24224.05,150,0,129525
NIFTY-III.NFO,02/01/2025,09:48:45,24214.75,24215.7,75,24224.85,150,75,129525
NIFTY-III.NFO,02/01/2025,09:48:47,24214.75,24217.6,75,24224.9,75,0,129525
NIFTY-III.NFO,02/01/2025,09:48:49,24214.75,24215.6,75,24224.85,150,0,129525
NIFTY-III.NFO,02/01/2025,09:48:54,24214.75,24215.6,75,24224.85,300,0,129525
NIFTY-III.NFO,02/01/2025,09:48:55,24214.75,24213.6,75,24223.25,150,0,129525
NIFTY-III.NFO,02/01/2025,09:48:57,24214.75,24213.85,75,24215,75,0,129525
NIFTY-III.NFO,02/01/2025,09:48:59,24215,24215.45,75,24224.25,150,75,129525
NIFTY-III.NFO,02/01/2025,09:49:00,24215,24214.15,75,24223.85,150,0,129525
NIFTY-III.NFO,02/01/2025,09:49:02,24222.35,24211.1,150,24221.45,150,150,129525
NIFTY-III.NFO,02/01/2025,09:49:04,24222.35,24212.15,300,24221.35,75,0,129525
NIFTY-III.NFO,02/01/2025,09:49:05,24222.35,24212.4,150,24221.85,75,0,129525
NIFTY-III.NFO,02/01/2025,09:49:07,24222.35,24213.75,300,24222.6,75,0,129525
NIFTY-III.NFO,02/01/2025,09:49:09,24222.35,24214,150,24224.15,75,0,129525
NIFTY-III.NFO,02/01/2025,09:49:10,24222.35,24213.7,150,24223.05,75,0,129525
NIFTY-III.NFO,02/01/2025,09:49:12,24222.35,24213.1,150,24222.95,150,0,129525
NIFTY-III.NFO,02/01/2025,09:49:14,24222.35,24211.8,300,24221.5,150,0,129525
NIFTY-III.NFO,02/01/2025,09:49:15,24222.35,24210.6,150,24220.45,300,0,129525
NIFTY-III.NFO,02/01/2025,09:49:17,24222.35,24212.85,300,24221.45,75,0,129525
NIFTY-III.NFO,02/01/2025,09:49:19,24222.35,24213.85,150,24222.95,75,0,129525
NIFTY-III.NFO,02/01/2025,09:49:20,24222.35,24212.1,150,24222.05,75,0,129525
NIFTY-III.NFO,02/01/2025,09:49:22,24222.35,24212.1,150,24222.05,300,0,129525
NIFTY-III.NFO,02/01/2025,09:49:25,24222.35,24210.7,150,24219.3,300,0,129525
NIFTY-III.NFO,02/01/2025,09:49:27,24222.35,24210.05,150,24217.7,225,0,129525
NIFTY-III.NFO,02/01/2025,09:49:29,24222.35,24210.35,150,24218.8,75,0,129525
NIFTY-III.NFO,02/01/2025,09:49:30,24222.35,24210.7,150,24218.4,225,0,129525
NIFTY-III.NFO,02/01/2025,09:49:32,24222.35,24212.5,150,24222.4,75,0,129525
NIFTY-III.NFO,02/01/2025,09:49:34,24222.35,24214.7,300,24222.45,225,0,129525
NIFTY-III.NFO,02/01/2025,09:49:35,24222.35,24211.6,150,24222.05,150,0,129525
NIFTY-III.NFO,02/01/2025,09:49:37,24222.35,24213.05,150,24223.05,75,0,129525
NIFTY-III.NFO,02/01/2025,09:49:39,24222.35,24214.85,150,24225,75,0,129525
NIFTY-III.NFO,02/01/2025,09:49:40,24222.35,24217.55,225,24223.4,225,0,129525
NIFTY-III.NFO,02/01/2025,09:49:42,24222.35,24218,150,24224.9,75,0,129525
NIFTY-III.NFO,02/01/2025,09:49:44,24222.35,24214.4,150,24223.3,75,0,129525
NIFTY-III.NFO,02/01/2025,09:49:45,24222.35,24213.25,150,24222.65,75,0,129525
NIFTY-III.NFO,02/01/2025,09:49:47,24222.35,24213.45,150,24222.95,75,0,129525
NIFTY-III.NFO,02/01/2025,09:49:49,24222.35,24215,150,24224.9,75,0,129525
NIFTY-III.NFO,02/01/2025,09:49:50,24222.35,24213.15,150,24223.6,75,0,129525
NIFTY-III.NFO,02/01/2025,09:49:52,24222.35,24211.9,150,24222.25,150,0,129525
NIFTY-III.NFO,02/01/2025,09:49:54,24222.35,24212.1,150,24221.4,75,0,129525
NIFTY-III.NFO,02/01/2025,09:49:55,24222.35,24215.55,75,24221.95,75,0,129525
NIFTY-III.NFO,02/01/2025,09:49:57,24222.35,24215.6,150,24222,75,0,129525
NIFTY-III.NFO,02/01/2025,09:49:59,24222.35,24215.55,75,24221.85,75,0,129525
NIFTY-III.NFO,02/01/2025,09:50:04,24222.35,24215.55,75,24222.25,75,0,129525
NIFTY-III.NFO,02/01/2025,09:50:06,24222.35,24215.55,75,24223.25,75,0,129525
NIFTY-III.NFO,02/01/2025,09:50:09,24222.35,24215.6,150,24223.55,75,0,129525
NIFTY-III.NFO,02/01/2025,09:50:11,24222.35,24215.55,75,24222.7,225,0,129525
NIFTY-III.NFO,02/01/2025,09:50:12,24222.35,24215.55,75,24222.5,75,0,129525
NIFTY-III.NFO,02/01/2025,09:50:14,24222.35,24215.55,75,24221.65,75,0,129525
NIFTY-III.NFO,02/01/2025,09:50:17,24222.35,24215.55,75,24221.25,225,0,129525
NIFTY-III.NFO,02/01/2025,09:50:19,24222.35,24215.55,75,24221.15,75,0,129525
NIFTY-III.NFO,02/01/2025,09:50:20,24222.35,24215.55,75,24222.05,75,0,129525
NIFTY-III.NFO,02/01/2025,09:50:22,24222.35,24215.55,75,24222.65,75,0,129525
NIFTY-III.NFO,02/01/2025,09:50:24,24222.35,24215.6,150,24223.15,75,0,129525
NIFTY-III.NFO,02/01/2025,09:50:29,24222.35,24215.9,150,24223.15,75,0,129525
NIFTY-III.NFO,02/01/2025,09:50:30,24222.35,24218,150,24223.15,75,0,129525
NIFTY-III.NFO,02/01/2025,09:50:32,24222.35,24217.6,150,24223.15,75,0,129525
NIFTY-III.NFO,02/01/2025,09:50:34,24222.35,24219.6,150,24225.45,225,0,129525
NIFTY-III.NFO,02/01/2025,09:50:35,24222.35,24221,150,24229.7,75,0,129525
NIFTY-III.NFO,02/01/2025,09:50:37,24222.35,24219.65,150,24224.65,75,0,129525
NIFTY-III.NFO,02/01/2025,09:50:39,24222.35,24217,150,24224.4,75,0,129525
NIFTY-III.NFO,02/01/2025,09:50:40,24222.35,24215.55,75,24222.5,75,0,129525
NIFTY-III.NFO,02/01/2025,09:50:42,24222.5,24215.6,150,24224.6,150,75,129525
NIFTY-III.NFO,02/01/2025,09:50:44,24222.5,24215.55,75,24223.85,150,0,129525
NIFTY-III.NFO,02/01/2025,09:50:45,24222.5,24216.1,225,24224.2,450,0,129525
NIFTY-III.NFO,02/01/2025,09:50:47,24222.5,24215.6,150,24224.65,150,0,129525
NIFTY-III.NFO,02/01/2025,09:50:49,24222.5,24215.55,75,24223.7,150,0,129525
NIFTY-III.NFO,02/01/2025,09:50:50,24222.5,24215.6,150,24224.2,75,0,129525
NIFTY-III.NFO,02/01/2025,09:50:52,24222.5,24216.15,150,24224.55,75,0,129525
NIFTY-III.NFO,02/01/2025,09:50:54,24222.5,24216.2,300,24224.65,75,0,129525
NIFTY-III.NFO,02/01/2025,09:50:55,24222.5,24217.05,150,24225.1,75,0,129525
NIFTY-III.NFO,02/01/2025,09:50:57,24222.5,24217.1,150,24225.1,75,0,129525
NIFTY-III.NFO,02/01/2025,09:50:59,24222.5,24219,150,24228.1,75,0,129525
NIFTY-III.NFO,02/01/2025,09:51:00,24222.5,24219.1,150,24225.85,150,0,129525
NIFTY-III.NFO,02/01/2025,09:51:02,24222.5,24219.3,150,24227,150,0,129525
NIFTY-III.NFO,02/01/2025,09:51:04,24222.5,24221.6,150,24227.3,75,0,129525
NIFTY-III.NFO,02/01/2025,09:51:05,24222.5,24219.15,150,24227.1,150,0,129525
NIFTY-III.NFO,02/01/2025,09:51:07,24222.5,24219.7,150,24227.85,75,0,129525
NIFTY-III.NFO,02/01/2025,09:51:09,24222.5,24220.5,150,24226.15,150,0,129525
NIFTY-III.NFO,02/01/2025,09:51:10,24222.5,24223.85,150,24230,75,0,129525
NIFTY-III.NFO,02/01/2025,09:51:12,24222.5,24224.7,150,24230,75,0,129525
NIFTY-III.NFO,02/01/2025,09:51:14,24222.5,24227.05,150,24230,75,0,129525
NIFTY-III.NFO,02/01/2025,09:51:15,24222.5,24225.2,150,24230,75,0,129525
NIFTY-III.NFO,02/01/2025,09:51:17,24222.5,24222.95,150,24229.65,150,0,129525
NIFTY-III.NFO,02/01/2025,09:51:18,24222.5,24222.25,150,24230,75,0,129525
NIFTY-III.NFO,02/01/2025,09:51:20,24222.5,24223.65,150,24229.95,75,0,129525
NIFTY-III.NFO,02/01/2025,09:51:22,24222.5,24221.3,150,24229.55,150,0,129525
NIFTY-III.NFO,02/01/2025,09:51:23,24222.5,24222.6,150,24230,75,0,129525
NIFTY-III.NFO,02/01/2025,09:51:25,24222.5,24222.65,150,24230,75,0,129525
NIFTY-III.NFO,02/01/2025,09:51:27,24222.5,24222.05,150,24229.95,150,0,129525
NIFTY-III.NFO,02/01/2025,09:51:28,24222.5,24222,150,24229.95,150,0,129525
NIFTY-III.NFO,02/01/2025,09:51:32,24222.5,24221.95,75,24229.95,150,0,129525
NIFTY-III.NFO,02/01/2025,09:51:33,24222.5,24220,150,24229.95,225,0,129525
NIFTY-III.NFO,02/01/2025,09:51:35,24222.5,24220,150,24229.85,225,0,129525
NIFTY-III.NFO,02/01/2025,09:51:37,24222.5,24218.6,150,24229.2,225,0,129525
NIFTY-III.NFO,02/01/2025,09:51:38,24222.5,24217.25,150,24227.85,225,0,129525
NIFTY-III.NFO,02/01/2025,09:51:40,24222.5,24218.75,75,24229.35,225,0,129525
NIFTY-III.NFO,02/01/2025,09:51:42,24222.5,24218.05,75,24228.3,225,0,129525
NIFTY-III.NFO,02/01/2025,09:51:43,24222.5,24218.05,75,24226.05,150,0,129525
NIFTY-III.NFO,02/01/2025,09:51:45,24222.5,24217.65,75,24225.6,225,0,129525
NIFTY-III.NFO,02/01/2025,09:51:47,24222.5,24217.65,75,24225.8,375,0,129525
NIFTY-III.NFO,02/01/2025,09:51:48,24222.5,24215.65,225,24223.55,150,0,129525
NIFTY-III.NFO,02/01/2025,09:51:50,24222.5,24215.55,75,24219.15,150,0,129525
NIFTY-III.NFO,02/01/2025,09:51:52,24222.5,24215.55,75,24219.3,375,0,129525
NIFTY-III.NFO,02/01/2025,09:51:53,24215.55,24210.1,225,24217.35,375,75,129825
NIFTY-III.NFO,02/01/2025,09:51:55,24215.55,24210,75,24219.15,375,0,129825
NIFTY-III.NFO,02/01/2025,09:51:57,24215.55,24210.45,75,24221.35,450,0,129825
NIFTY-III.NFO,02/01/2025,09:51:58,24215.55,24210,75,24220.15,450,0,129825
NIFTY-III.NFO,02/01/2025,09:52:00,24210,24204.55,300,24217,300,75,129825
NIFTY-III.NFO,02/01/2025,09:52:02,24210,24200,600,24208.8,375,0,129825
NIFTY-III.NFO,02/01/2025,09:52:03,24210,24200,600,24205.9,375,0,129825
NIFTY-III.NFO,02/01/2025,09:52:05,24210,24200,600,24206.6,75,0,129825
NIFTY-III.NFO,02/01/2025,09:52:08,24210,24200.5,75,24209.95,225,0,129825
NIFTY-III.NFO,02/01/2025,09:52:10,24210,24200.05,150,24210.35,450,0,129825
NIFTY-III.NFO,02/01/2025,09:52:12,24210,24200,600,24209.3,225,0,129825
NIFTY-III.NFO,02/01/2025,09:52:13,24210,24200.75,150,24211.1,375,0,129825
NIFTY-III.NFO,02/01/2025,09:52:15,24210,24200.05,150,24209.3,375,0,129825
NIFTY-III.NFO,02/01/2025,09:52:17,24210,24200,600,24206.75,225,0,129825
NIFTY-III.NFO,02/01/2025,09:52:18,24210,24200,600,24205.25,225,0,129825
NIFTY-III.NFO,02/01/2025,09:52:20,24210,24200,600,24205,225,0,129825
NIFTY-III.NFO,02/01/2025,09:52:22,24210,24200,600,24207.6,75,0,129825
NIFTY-III.NFO,02/01/2025,09:52:24,24210,24200.05,150,24209.55,225,0,129825
NIFTY-III.NFO,02/01/2025,09:52:25,24210,24200.05,150,24209.2,225,0,129825
NIFTY-III.NFO,02/01/2025,09:52:27,24210,24200.05,150,24209.25,75,0,129825
NIFTY-III.NFO,02/01/2025,09:52:29,24210,24200.05,150,24207.95,75,0,129825
NIFTY-III.NFO,02/01/2025,09:52:30,24210,24200.15,150,24210.25,75,0,129825
NIFTY-III.NFO,02/01/2025,09:52:32,24210,24203.2,225,24215.75,225,0,129825
NIFTY-III.NFO,02/01/2025,09:52:34,24210,24200.75,150,24210,75,0,129825
NIFTY-III.NFO,02/01/2025,09:52:35,24210,24201.4,150,24210,75,0,129825
NIFTY-III.NFO,02/01/2025,09:52:37,24210,24202.05,150,24210,75,0,129825
NIFTY-III.NFO,02/01/2025,09:52:39,24210,24200.3,150,24210,225,0,129825
NIFTY-III.NFO,02/01/2025,09:52:40,24210,24200.4,150,24210,75,0,129825
NIFTY-III.NFO,02/01/2025,09:52:42,24210,24203.35,150,24210,75,0,129825
NIFTY-III.NFO,02/01/2025,09:52:44,24210,24204.35,150,24210,75,0,129825
NIFTY-III.NFO,02/01/2025,09:52:45,24210,24204.15,150,24210,75,0,129825
NIFTY-III.NFO,02/01/2025,09:52:47,24210,24201.5,150,24210,75,0,129825
NIFTY-III.NFO,02/01/2025,09:52:49,24210,24201.1,150,24210,225,0,129825
NIFTY-III.NFO,02/01/2025,09:52:50,24210,24200.05,150,24209.1,225,0,129825
NIFTY-III.NFO,02/01/2025,09:52:52,24210,24200.05,150,24207.3,75,0,129825
NIFTY-III.NFO,02/01/2025,09:52:54,24210,24200.05,150,24208.75,225,0,129825
NIFTY-III.NFO,02/01/2025,09:52:55,24210,24200.05,150,24209,75,0,129825
NIFTY-III.NFO,02/01/2025,09:52:57,24210,24200.05,150,24208.9,75,0,129825
NIFTY-III.NFO,02/01/2025,09:52:59,24210,24200.05,150,24208.25,75,0,129825
NIFTY-III.NFO,02/01/2025,09:53:00,24210,24202.1,150,24210,150,0,129825
NIFTY-III.NFO,02/01/2025,09:53:02,24210,24201.35,150,24210,150,0,129825
NIFTY-III.NFO,02/01/2025,09:53:04,24210,24202.05,150,24210,150,0,129825
NIFTY-III.NFO,02/01/2025,09:53:05,24210,24200.7,150,24209.55,75,0,129825
NIFTY-III.NFO,02/01/2025,09:53:07,24210,24200.05,150,24209.15,75,0,129825
NIFTY-III.NFO,02/01/2025,09:53:09,24210,24200,150,24206.2,75,0,129825
NIFTY-III.NFO,02/01/2025,09:53:10,24210,24200.8,150,24210,150,0,129825
NIFTY-III.NFO,02/01/2025,09:53:12,24210,24201.65,150,24210,150,0,129825
NIFTY-III.NFO,02/01/2025,09:53:14,24210,24201.3,150,24210,150,0,129825
NIFTY-III.NFO,02/01/2025,09:53:15,24210,24200.05,150,24209.85,75,0,129825
NIFTY-III.NFO,02/01/2025,09:53:17,24210,24202.4,300,24210,150,0,129825
NIFTY-III.NFO,02/01/2025,09:53:19,24210,24200.65,150,24210,150,0,129825
NIFTY-III.NFO,02/01/2025,09:53:20,24210,24201.9,375,24210,150,0,129825
NIFTY-III.NFO,02/01/2025,09:53:22,24210,24201.4,150,24210,150,0,129825
NIFTY-III.NFO,02/01/2025,09:53:24,24210,24200.8,150,24210,150,0,129825
NIFTY-III.NFO,02/01/2025,09:53:25,24210,24200.05,150,24210,300,0,129825
NIFTY-III.NFO,02/01/2025,09:53:27,24210,24200.2,150,24210,300,0,129825
NIFTY-III.NFO,02/01/2025,09:53:29,24210,24201.6,150,24210,150,0,129825
NIFTY-III.NFO,02/01/2025,09:53:30,24210,24200.4,150,24210,150,0,129825
NIFTY-III.NFO,02/01/2025,09:53:32,24210,24200.05,150,24209.9,300,0,129825
NIFTY-III.NFO,02/01/2025,09:53:34,24210,24200.3,150,24210,150,0,129825
NIFTY-III.NFO,02/01/2025,09:53:35,24210,24200,150,24207.95,300,0,129825
NIFTY-III.NFO,02/01/2025,09:53:37,24210,24200,150,24209.2,300,0,129825
NIFTY-III.NFO,02/01/2025,09:53:39,24210,24200.05,150,24208.95,150,0,129825
NIFTY-III.NFO,02/01/2025,09:53:40,24210,24200.05,150,24210,300,0,129825
NIFTY-III.NFO,02/01/2025,09:53:42,24210,24200.05,150,24208.55,150,0,129825
NIFTY-III.NFO,02/01/2025,09:53:44,24210,24200.05,150,24209.9,75,0,129825
NIFTY-III.NFO,02/01/2025,09:53:45,24210,24200.05,150,24210,150,0,129825
NIFTY-III.NFO,02/01/2025,09:53:47,24210,24200.05,225,24210,150,0,129825
NIFTY-III.NFO,02/01/2025,09:53:49,24210,24200.05,150,24209.45,600,0,129825
NIFTY-III.NFO,02/01/2025,09:53:50,24210,24200.05,150,24209.4,300,0,129825
NIFTY-III.NFO,02/01/2025,09:53:52,24210,24200.6,150,24210,225,0,129825
NIFTY-III.NFO,02/01/2025,09:53:54,24210,24200.05,150,24209.95,75,0,129825
NIFTY-III.NFO,02/01/2025,09:53:55,24210,24200.05,150,24208.5,450,0,129825
NIFTY-III.NFO,02/01/2025,09:53:57,24210,24200.05,150,24209.25,150,0,129825
NIFTY-III.NFO,02/01/2025,09:53:59,24210,24200,150,24207.15,300,0,129825
NIFTY-III.NFO,02/01/2025,09:54:00,24210,24200,150,24205.05,450,0,129825
NIFTY-III.NFO,02/01/2025,09:54:02,24210,24200,150,24206.9,225,0,129825
NIFTY-III.NFO,02/01/2025,09:54:04,24210,24200,150,24206.9,150,0,129825
NIFTY-III.NFO,02/01/2025,09:54:05,24210,24200.05,150,24210,225,0,129825
NIFTY-III.NFO,02/01/2025,09:54:07,24210,24200.05,150,24209.1,450,0,129825
NIFTY-III.NFO,02/01/2025,09:54:09,24210,24200,150,24206.55,150,0,129825
NIFTY-III.NFO,02/01/2025,09:54:10,24210,24200,150,24205.85,150,0,129825
NIFTY-III.NFO,02/01/2025,09:54:12,24210,24200.1,75,24205.85,150,0,129825
NIFTY-III.NFO,02/01/2025,09:54:14,24210,24200.1,75,24205,150,0,129825
NIFTY-III.NFO,02/01/2025,09:54:15,24210,24200.1,75,24206.3,150,0,129825
NIFTY-III.NFO,02/01/2025,09:54:17,24210,24200.1,75,24204.7,300,0,129825
NIFTY-III.NFO,02/01/2025,09:54:19,24210,24200.1,75,24204.6,150,0,129825
NIFTY-III.NFO,02/01/2025,09:54:20,24210,24200.1,75,24207.2,150,0,129825
NIFTY-III.NFO,02/01/2025,09:54:22,24210,24200.15,150,24209.55,300,0,129825
NIFTY-III.NFO,02/01/2025,09:54:24,24210,24200.15,150,24209.8,300,0,129825
NIFTY-III.NFO,02/01/2025,09:54:25,24200.15,24200.15,150,24207.75,75,75,129825
NIFTY-III.NFO,02/01/2025,09:54:27,24208.4,24200.15,150,24209.05,300,75,129825
NIFTY-III.NFO,02/01/2025,09:54:29,24208.4,24200.15,150,24209.05,300,0,129825
NIFTY-III.NFO,02/01/2025,09:54:30,24208.4,24200.75,150,24209.95,225,0,129825
NIFTY-III.NFO,02/01/2025,09:54:32,24208.4,24200.1,75,24206.15,300,0,129825
NIFTY-III.NFO,02/01/2025,09:54:34,24208.4,24200.1,75,24206.5,150,0,129825
NIFTY-III.NFO,02/01/2025,09:54:35,24208.4,24200.1,75,24207.3,75,0,129825
NIFTY-III.NFO,02/01/2025,09:54:37,24208.4,24200.55,150,24209.5,150,0,129825
NIFTY-III.NFO,02/01/2025,09:54:39,24208.4,24200.25,150,24209.45,75,0,129825
NIFTY-III.NFO,02/01/2025,09:54:40,24208.4,24200.15,150,24209.4,150,0,129825
NIFTY-III.NFO,02/01/2025,09:54:42,24208.4,24200.45,300,24209.45,75,0,129825
NIFTY-III.NFO,02/01/2025,09:54:44,24208.4,24201.3,150,24209.95,75,0,129825
NIFTY-III.NFO,02/01/2025,09:54:45,24208.4,24202.55,150,24210,300,0,129825
NIFTY-III.NFO,02/01/2025,09:54:47,24208.4,24204.65,225,24210,300,0,129825
NIFTY-III.NFO,02/01/2025,09:54:49,24208.4,24207.5,150,24210,300,0,129825
NIFTY-III.NFO,02/01/2025,09:54:50,24210,24211.7,225,24221.25,225,300,129900
NIFTY-III.NFO,02/01/2025,09:54:52,24215,24217.25,150,24225.25,225,150,129900
NIFTY-III.NFO,02/01/2025,09:54:54,24215,24221.45,150,24230,75,0,129900
NIFTY-III.NFO,02/01/2025,09:54:55,24215,24222.75,150,24230,75,0,129900
NIFTY-III.NFO,02/01/2025,09:54:57,24215,24217.35,150,24229.3,375,0,129900
NIFTY-III.NFO,02/01/2025,09:54:59,24215,24217.1,150,24227,150,0,129900
NIFTY-III.NFO,02/01/2025,09:55:00,24215,24220.8,225,24229.65,150,0,129900
NIFTY-III.NFO,02/01/2025,09:55:02,24230,24230,225,24238.85,150,75,129900
NIFTY-III.NFO,02/01/2025,09:55:04,24230,24231.8,150,24240,75,0,129900
NIFTY-III.NFO,02/01/2025,09:55:05,24230,24234.1,150,24240,75,0,129900
NIFTY-III.NFO,02/01/2025,09:55:07,24230,24235.35,150,24240,75,0,129900
NIFTY-III.NFO,02/01/2025,09:55:09,24230,24237.8,150,24240,75,0,129900
NIFTY-III.NFO,02/01/2025,09:55:10,24240,24236.7,150,24243,75,75,129900
NIFTY-III.NFO,02/01/2025,09:55:12,24243,24241.75,150,24245.75,75,75,129900
NIFTY-III.NFO,02/01/2025,09:55:12,24243,24241.75,150,24245.75,75,0,129900
NIFTY-III.NFO,02/01/2025,09:55:14,24250,24248.2,300,24250,225,675,129900
NIFTY-III.NFO,02/01/2025,09:55:14,24250,24248.2,300,24250,225,0,129900
NIFTY-III.NFO,02/01/2025,09:55:15,24250,24252.25,300,24258,75,225,129900
NIFTY-III.NFO,02/01/2025,09:55:17,24260,24257.55,300,24269.2,150,225,129900
NIFTY-III.NFO,02/01/2025,09:55:17,24260,24257.55,300,24269.2,150,0,129900
NIFTY-III.NFO,02/01/2025,09:55:18,24260,24251.65,225,24261.55,150,0,129900
NIFTY-III.NFO,02/01/2025,09:55:20,24260,24250.6,150,24256.9,150,0,129900
NIFTY-III.NFO,02/01/2025,09:55:22,24260,24248.35,150,24252.7,75,0,129900
