Ticker,Date,Time,LTP,BuyPrice,BuyQty,SellPrice,SellQty,LTQ,OpenInterest
NIFTY-I.NFO,04/03/2025,09:15:00,22115.6,22129.35,75,22139.5,225,16350,17949600
NIFTY-I.NFO,04/03/2025,09:15:00,22115.6,22129.35,75,22139.5,225,0,17949600
NIFTY-I.NFO,04/03/2025,09:15:00,22149,22129.35,75,22139.5,225,0,17949600
NIFTY-I.NFO,04/03/2025,09:15:00,22101,22129.35,75,22139.5,225,0,17949600
NIFTY-I.NFO,04/03/2025,09:15:01,22134.35,22120.75,300,22131.15,375,10575,17949600
NIFTY-I.NFO,04/03/2025,09:15:02,22122.1,22124.75,375,22127.85,825,10875,17949600
NIFTY-I.NFO,04/03/2025,09:15:04,22123.15,22121.6,150,22127.85,1350,17550,17949600
NIFTY-I.NFO,04/03/2025,09:15:06,22134.7,22129.35,75,22134.45,300,8700,17949600
NIFTY-I.NFO,04/03/2025,09:15:07,22136.95,22131.25,300,22134.95,75,6150,17949600
NIFTY-I.NFO,04/03/2025,09:15:09,22133.7,22130,75,22132.9,150,6225,17949600
NIFTY-I.NFO,04/03/2025,09:15:11,22132.15,22127.8,75,22131.65,150,9525,17949600
NIFTY-I.NFO,04/03/2025,09:15:12,22135,22127.9,300,22135.15,150,4875,17949600
NIFTY-I.NFO,04/03/2025,09:15:14,22130,22125.05,300,22130,75,14475,17951775
NIFTY-I.NFO,04/03/2025,09:15:15,22132.15,22129.9,375,22134,1425,9525,17951775
NIFTY-I.NFO,04/03/2025,09:15:17,22130.55,22130.35,75,22133.55,150,6000,17951775
NIFTY-I.NFO,04/03/2025,09:15:19,22125.65,22126.9,75,22128.3,1200,11625,17951775
NIFTY-I.NFO,04/03/2025,09:15:20,22131.6,22128.5,600,22131.6,375,8925,17951775
NIFTY-I.NFO,04/03/2025,09:15:22,22134.85,22126.5,525,22134.85,600,6000,17951775
NIFTY-I.NFO,04/03/2025,09:15:24,22132.55,22128.3,75,22132.05,75,7125,17951775
NIFTY-I.NFO,04/03/2025,09:15:25,22130,22125.8,150,22133.1,825,2775,17951775
NIFTY-I.NFO,04/03/2025,09:15:27,22127.2,22125.15,75,22127.2,450,5250,17951775
NIFTY-I.NFO,04/03/2025,09:15:29,22128,22124.65,150,22128,150,6225,17951775
NIFTY-I.NFO,04/03/2025,09:15:30,22127.65,22127.1,600,22133.85,375,3750,17951775
NIFTY-I.NFO,04/03/2025,09:15:32,22125.45,22125.6,75,22127,8625,5100,17951775
NIFTY-I.NFO,04/03/2025,09:15:33,22127,22125.05,150,22127,6225,3975,17951775
NIFTY-I.NFO,04/03/2025,09:15:35,22124.55,22124.7,150,22127,3000,5625,17951775
NIFTY-I.NFO,04/03/2025,09:15:37,22125.35,22125,150,22125.35,1200,1650,17951775
NIFTY-I.NFO,04/03/2025,09:15:38,22127,22125.35,225,22129.95,225,4125,17951775
NIFTY-I.NFO,04/03/2025,09:15:40,22125.35,22124,150,22124.95,75,2850,17951775
NIFTY-I.NFO,04/03/2025,09:15:42,22125,22122.85,75,22125,150,3150,17951775
NIFTY-I.NFO,04/03/2025,09:15:43,22120,22120,1425,22123.85,225,3525,17951775
NIFTY-I.NFO,04/03/2025,09:15:45,22124.35,22120,975,22123.9,225,1800,17951775
NIFTY-I.NFO,04/03/2025,09:15:47,22121.95,22120.3,225,22121.9,75,4275,17951775
NIFTY-I.NFO,04/03/2025,09:15:48,22125,22121.95,900,22125,150,12225,17951775
NIFTY-I.NFO,04/03/2025,09:15:50,22122,22121.95,375,22124.85,525,1050,17951775
NIFTY-I.NFO,04/03/2025,09:15:52,22120.3,22120.3,525,22124,450,2700,17951775
NIFTY-I.NFO,04/03/2025,09:15:53,22123.95,22120,975,22124,75,1575,17951775
NIFTY-I.NFO,04/03/2025,09:15:55,22123.9,22118,1800,22123.95,75,3300,17951775
NIFTY-I.NFO,04/03/2025,09:15:57,22123.95,22120,75,22123.8,900,1875,17951775
NIFTY-I.NFO,04/03/2025,09:15:58,22122.8,22120,75,22122.75,75,975,17951775
NIFTY-I.NFO,04/03/2025,09:16:00,22122.6,22120,1875,22121.85,75,1125,17951775
NIFTY-I.NFO,04/03/2025,09:16:02,22118.2,22118.2,75,22119.65,75,5250,17951775
NIFTY-I.NFO,04/03/2025,09:16:03,22112,22111.85,75,22114,75,5250,17951775
NIFTY-I.NFO,04/03/2025,09:16:05,22111.9,22111.9,450,22116.2,75,450,17951775
NIFTY-I.NFO,04/03/2025,09:16:07,22107.3,22108.2,75,22114.5,75,6300,17951775
NIFTY-I.NFO,04/03/2025,09:16:08,22108.2,22108.2,375,22113.9,150,2775,17951775
NIFTY-I.NFO,04/03/2025,09:16:10,22108.2,22108.2,225,22110,75,1575,17951775
NIFTY-I.NFO,04/03/2025,09:16:12,22109.05,22108.45,75,22113.95,75,3225,17951775
NIFTY-I.NFO,04/03/2025,09:16:13,22109,22108.45,150,22113.75,75,900,17951775
NIFTY-I.NFO,04/03/2025,09:16:15,22108.45,22108.45,75,22111.9,75,2475,17951775
NIFTY-I.NFO,04/03/2025,09:16:16,22111.9,22109.05,75,22112.9,225,2475,17951775
NIFTY-I.NFO,04/03/2025,09:16:18,22109.95,22108,150,22110,150,825,17951775
NIFTY-I.NFO,04/03/2025,09:16:20,22105.05,22108.2,75,22111.6,75,1050,17951775
NIFTY-I.NFO,04/03/2025,09:16:21,22110,22108.3,75,22111.6,150,750,17951775
NIFTY-I.NFO,04/03/2025,09:16:23,22109,22108.3,525,22109.95,75,2025,17951775
NIFTY-I.NFO,04/03/2025,09:16:24,22108.3,22108.3,75,22110,825,825,17951775
NIFTY-I.NFO,04/03/2025,09:16:26,22111.6,22108.3,75,22111.6,75,2175,17951775
NIFTY-I.NFO,04/03/2025,09:16:28,22111.6,22110,75,22111.9,1650,3000,17951775
NIFTY-I.NFO,04/03/2025,09:16:29,22107.85,22107.9,75,22108,225,1425,17951775
NIFTY-I.NFO,04/03/2025,09:16:31,22110.6,22107,75,22111.6,150,1350,17951775
NIFTY-I.NFO,04/03/2025,09:16:33,22110,22106.6,600,22111.5,75,1350,17951775
NIFTY-I.NFO,04/03/2025,09:16:34,22105.4,22106.05,75,22111.05,225,1800,17951775
NIFTY-I.NFO,04/03/2025,09:16:36,22111.8,22108,450,22111.8,150,825,17951775
NIFTY-I.NFO,04/03/2025,09:16:37,22111.9,22110,75,22111.9,75,2625,17951775
NIFTY-I.NFO,04/03/2025,09:16:39,22112.95,22108,225,22112.95,600,1500,17951775
NIFTY-I.NFO,04/03/2025,09:16:41,22112.9,22111.55,300,22112.95,75,675,17951775
NIFTY-I.NFO,04/03/2025,09:16:42,22114.35,22111.8,75,22114.1,225,1200,17951775
NIFTY-I.NFO,04/03/2025,09:16:44,22114.7,22109.95,150,22115,675,3225,17951775
NIFTY-I.NFO,04/03/2025,09:16:45,22110.65,22109.95,225,22116.65,150,4725,17951775
NIFTY-I.NFO,04/03/2025,09:16:47,22111,22109.95,375,22116.75,75,23475,17951775
NIFTY-I.NFO,04/03/2025,09:16:49,22115,22109.35,75,22115.35,375,2475,17951775
NIFTY-I.NFO,04/03/2025,09:16:50,22111,22109,150,22114.95,450,1950,17951775
NIFTY-I.NFO,04/03/2025,09:16:52,22111,22109,225,22111.8,75,1500,17951775
NIFTY-I.NFO,04/03/2025,09:16:54,22114.25,22111.8,75,22114.8,600,3975,17951775
NIFTY-I.NFO,04/03/2025,09:16:55,22113.6,22113,75,22113.6,75,600,17951775
NIFTY-I.NFO,04/03/2025,09:16:57,22113.95,22113,975,22113.95,75,300,17951775
NIFTY-I.NFO,04/03/2025,09:16:58,22114.45,22113,75,22114.45,525,18300,17951775
NIFTY-I.NFO,04/03/2025,09:17:00,22106.1,22106.15,225,22110,75,1275,17951775
NIFTY-I.NFO,04/03/2025,09:17:02,22111.75,22111,75,22111.8,900,675,17951775
NIFTY-I.NFO,04/03/2025,09:17:03,22106.8,22106.65,75,22111.75,300,750,17951775
NIFTY-I.NFO,04/03/2025,09:17:05,22106.85,22109.35,150,22111.8,900,750,17951775
NIFTY-I.NFO,04/03/2025,09:17:07,22108.2,22108.2,225,22111.3,150,1350,17951775
NIFTY-I.NFO,04/03/2025,09:17:08,22108.2,22106.8,150,22106.85,75,2625,17951775
NIFTY-I.NFO,04/03/2025,09:17:10,22108,22106,75,22108.4,300,1500,17951775
NIFTY-I.NFO,04/03/2025,09:17:12,22105,22104,225,22105,150,1200,17951775
NIFTY-I.NFO,04/03/2025,09:17:13,22109.75,22109.05,75,22109.75,450,825,17951775
NIFTY-I.NFO,04/03/2025,09:17:15,22108.35,22106.8,150,22108.4,375,1725,17951775
NIFTY-I.NFO,04/03/2025,09:17:17,22108.15,22108.15,225,22108.35,75,525,17951775
NIFTY-I.NFO,04/03/2025,09:17:18,22108.3,22107.5,150,22108.4,525,1200,17951775
NIFTY-I.NFO,04/03/2025,09:17:20,22107.25,22107.05,75,22107.5,75,1425,17951775
NIFTY-I.NFO,04/03/2025,09:17:22,22107.5,22107.5,75,22107.75,225,825,17951775
NIFTY-I.NFO,04/03/2025,09:17:23,22107.8,22107.3,450,22107.8,675,1575,17951775
NIFTY-I.NFO,04/03/2025,09:17:25,22107.8,22107.65,75,22107.8,75,900,17951775
NIFTY-I.NFO,04/03/2025,09:17:26,22108.25,22108.1,75,22108.2,75,1200,17951775
NIFTY-I.NFO,04/03/2025,09:17:28,22107.8,22107.75,75,22107.85,75,2925,17951775
NIFTY-I.NFO,04/03/2025,09:17:30,22107.65,22106.15,75,22107.65,600,3450,17951775
NIFTY-I.NFO,04/03/2025,09:17:31,22105.8,22105,1425,22105.75,300,3075,17951775
NIFTY-I.NFO,04/03/2025,09:17:33,22105.75,22105.75,150,22106.95,150,1800,17951775
NIFTY-I.NFO,04/03/2025,09:17:35,22105.5,22105.5,225,22105.95,300,1650,17951775
NIFTY-I.NFO,04/03/2025,09:17:36,22105.55,22105.5,225,22105.6,75,750,17951775
NIFTY-I.NFO,04/03/2025,09:17:38,22105.5,22106,75,22106.25,75,900,17951775
NIFTY-I.NFO,04/03/2025,09:17:40,22106,22105.5,225,22106.2,225,1725,17951775
NIFTY-I.NFO,04/03/2025,09:17:41,22105.75,22105,1425,22105.8,150,3675,17951775
NIFTY-I.NFO,04/03/2025,09:17:43,22105.4,22105.3,75,22105.45,150,1125,17951775
NIFTY-I.NFO,04/03/2025,09:17:45,22105,22105,1125,22105.2,75,1875,17951775
NIFTY-I.NFO,04/03/2025,09:17:46,22105.4,22105.4,75,22105.7,75,750,17951775
NIFTY-I.NFO,04/03/2025,09:17:48,22106,22105.8,150,22106.05,75,1800,17951775
NIFTY-I.NFO,04/03/2025,09:17:49,22104.9,22104,225,22105,75,2850,17951775
NIFTY-I.NFO,04/03/2025,09:17:51,22105.15,22104.85,150,22105.4,75,1725,17951775
NIFTY-I.NFO,04/03/2025,09:17:53,22105.4,22106.1,75,22106.6,225,975,17951775
NIFTY-I.NFO,04/03/2025,09:17:54,22106.15,22105.7,300,22106.55,300,1275,17951775
NIFTY-I.NFO,04/03/2025,09:17:56,22107.1,22106.35,150,22106.9,150,1425,17951775
NIFTY-I.NFO,04/03/2025,09:17:58,22105.7,22105.4,75,22105.75,150,1725,17951775
NIFTY-I.NFO,04/03/2025,09:17:59,22105.95,22105.95,225,22106.8,300,1275,17951775
NIFTY-I.NFO,04/03/2025,09:18:01,22104.35,22104,225,22104.35,225,3900,17951775
NIFTY-I.NFO,04/03/2025,09:18:03,22105.75,22105.7,75,22106.85,225,3150,17951775
NIFTY-I.NFO,04/03/2025,09:18:04,22105.75,22105.05,150,22105.75,75,1425,17951775
NIFTY-I.NFO,04/03/2025,09:18:06,22105.65,22105,75,22105.65,75,3825,17951775
NIFTY-I.NFO,04/03/2025,09:18:08,22107.6,22107.1,75,22107.6,75,900,17951775
NIFTY-I.NFO,04/03/2025,09:18:09,22105.95,22105.95,300,22107.5,150,600,17951775
NIFTY-I.NFO,04/03/2025,09:18:11,22105.1,22105.05,75,22105.15,75,2625,17951775
NIFTY-I.NFO,04/03/2025,09:18:13,22107.15,22105.05,300,22105.15,750,2025,17951775
NIFTY-I.NFO,04/03/2025,09:18:14,22105.1,22105.05,375,22105.15,225,975,17951775
NIFTY-I.NFO,04/03/2025,09:18:16,22105.05,22105.05,300,22107.5,150,600,17993025
NIFTY-I.NFO,04/03/2025,09:18:18,22107.3,22106.15,75,22107.65,600,675,17993025
NIFTY-I.NFO,04/03/2025,09:18:19,22106.65,22107,75,22109.85,150,3000,17993025
NIFTY-I.NFO,04/03/2025,09:18:21,22111.7,22111.55,300,22114,75,3300,17993025
NIFTY-I.NFO,04/03/2025,09:18:22,22115,22113.25,225,22115,225,1350,17993025
NIFTY-I.NFO,04/03/2025,09:18:24,22113.25,22117.95,75,22119.9,75,1050,17993025
NIFTY-I.NFO,04/03/2025,09:18:26,22115.6,22113.95,150,22117.1,225,825,17993025
NIFTY-I.NFO,04/03/2025,09:18:27,22113.5,22113.4,75,22114.8,300,975,17993025
NIFTY-I.NFO,04/03/2025,09:18:29,22113.65,22112.25,150,22113.65,225,1200,17993025
NIFTY-I.NFO,04/03/2025,09:18:31,22112.95,22112.25,150,22114.05,300,1050,17993025
NIFTY-I.NFO,04/03/2025,09:18:32,22114.8,22114.1,75,22115.8,150,900,17993025
NIFTY-I.NFO,04/03/2025,09:18:34,22115.45,22115.25,75,22115.8,150,1500,17993025
NIFTY-I.NFO,04/03/2025,09:18:36,22116.7,22116.35,75,22116.95,150,675,17993025
NIFTY-I.NFO,04/03/2025,09:18:39,22113.45,22113.25,150,22116,225,2700,17993025
NIFTY-I.NFO,04/03/2025,09:18:40,22113.4,22113.25,150,22114.75,75,1800,17993025
NIFTY-I.NFO,04/03/2025,09:18:42,22113.2,22112.15,300,22113.2,300,1500,17993025
NIFTY-I.NFO,04/03/2025,09:18:44,22114,22113.3,225,22114.8,300,750,17993025
NIFTY-I.NFO,04/03/2025,09:18:45,22114.05,22114.2,75,22114.95,75,600,17993025
NIFTY-I.NFO,04/03/2025,09:18:47,22114,22113.25,525,22114,150,975,17993025
NIFTY-I.NFO,04/03/2025,09:18:49,22114,22114,150,22117,300,12075,17993025
NIFTY-I.NFO,04/03/2025,09:18:50,22110,22110,525,22111.8,150,5850,17993025
NIFTY-I.NFO,04/03/2025,09:18:52,22111.8,22111.8,600,22112.1,75,2025,17993025
NIFTY-I.NFO,04/03/2025,09:18:54,22111.35,22111.25,300,22111.5,75,1575,17993025
NIFTY-I.NFO,04/03/2025,09:18:55,22111.6,22111.5,150,22111.55,150,1275,17993025
NIFTY-I.NFO,04/03/2025,09:18:57,22110.15,22109,75,22109.95,225,1875,17993025
NIFTY-I.NFO,04/03/2025,09:18:59,22107.1,22106,525,22107.1,375,3675,17993025
NIFTY-I.NFO,04/03/2025,09:19:00,22109.2,22107.2,75,22109.15,75,3525,17993025
NIFTY-I.NFO,04/03/2025,09:19:02,22110.55,22109.05,150,22110.6,75,1575,17993025
NIFTY-I.NFO,04/03/2025,09:19:03,22110.55,22109.8,150,22110.75,75,1500,17993025
NIFTY-I.NFO,04/03/2025,09:19:05,22109.8,22110.15,75,22110.5,225,975,17993025
NIFTY-I.NFO,04/03/2025,09:19:07,22111,22110.75,75,22112,75,2100,17993025
NIFTY-I.NFO,04/03/2025,09:19:08,22110.85,22110.5,75,22110.7,150,2925,17993025
NIFTY-I.NFO,04/03/2025,09:19:10,22108.65,22108.2,150,22109.6,225,3825,17993025
NIFTY-I.NFO,04/03/2025,09:19:12,22108.2,22109.6,75,22110.05,225,2925,17993025
NIFTY-I.NFO,04/03/2025,09:19:13,22110.05,22107.1,75,22110.1,75,6000,17993025
NIFTY-I.NFO,04/03/2025,09:19:15,22108.65,22108.05,75,22108.15,150,2700,17993025
NIFTY-I.NFO,04/03/2025,09:19:17,22108,22108,525,22109.3,300,3675,17993025
NIFTY-I.NFO,04/03/2025,09:19:18,22108.5,22108.5,75,22109.05,225,1350,17993025
NIFTY-I.NFO,04/03/2025,09:19:20,22110,22109.75,225,22110.95,375,1575,17993025
NIFTY-I.NFO,04/03/2025,09:19:22,22110,22109.95,975,22110.6,75,825,17993025
NIFTY-I.NFO,04/03/2025,09:19:23,22111.25,22109.8,75,22111.25,75,1725,17993025
NIFTY-I.NFO,04/03/2025,09:19:25,22111.2,22109.85,75,22111.25,150,3375,17993025
NIFTY-I.NFO,04/03/2025,09:19:26,22111.55,22109.85,300,22112.25,300,1500,17993025
NIFTY-I.NFO,04/03/2025,09:19:28,22110,22109.95,75,22110.4,75,2550,17993025
NIFTY-I.NFO,04/03/2025,09:19:30,22112.4,22109.95,375,22112.45,150,2775,17993025
NIFTY-I.NFO,04/03/2025,09:19:31,22110,22109.95,300,22116.95,75,8325,17993025
NIFTY-I.NFO,04/03/2025,09:19:33,22112.65,22109.95,300,22116.8,375,3900,17993025
NIFTY-I.NFO,04/03/2025,09:19:35,22110,22109.95,600,22116.85,225,9750,17993025
NIFTY-I.NFO,04/03/2025,09:19:36,22110.75,22109.95,600,22117.75,450,10350,17993025
NIFTY-I.NFO,04/03/2025,09:19:38,22110.2,22109.95,450,22117.75,225,6750,17993025
NIFTY-I.NFO,04/03/2025,09:19:40,22111.35,22114.45,75,22117.1,75,3375,17993025
NIFTY-I.NFO,04/03/2025,09:19:41,22117.25,22117.15,225,22117.55,75,1125,17993025
NIFTY-I.NFO,04/03/2025,09:19:43,22118,22117.75,75,22118.45,300,525,17993025
NIFTY-I.NFO,04/03/2025,09:19:45,22118.25,22117.5,225,22118.4,225,1050,17993025
NIFTY-I.NFO,04/03/2025,09:19:46,22117.7,22117.7,75,22117.85,75,900,17993025
NIFTY-I.NFO,04/03/2025,09:19:48,22119.4,22118.95,150,22119.4,75,1200,17993025
NIFTY-I.NFO,04/03/2025,09:19:50,22119.5,22119.5,150,22119.85,300,900,17993025
NIFTY-I.NFO,04/03/2025,09:19:51,22120,22119.65,75,22119.95,75,4575,17993025
NIFTY-I.NFO,04/03/2025,09:19:53,22122.1,22120,2100,22122.2,75,1275,17993025
NIFTY-I.NFO,04/03/2025,09:19:55,22123.2,22120.05,225,22122.2,525,6600,17993025
NIFTY-I.NFO,04/03/2025,09:19:56,22120.8,22120,2775,22120.7,150,825,17993025
NIFTY-I.NFO,04/03/2025,09:19:58,22121.35,22120.05,150,22121.35,225,1725,17993025
NIFTY-I.NFO,04/03/2025,09:20:00,22120,22120,1950,22121.2,75,1650,17993025
NIFTY-I.NFO,04/03/2025,09:20:01,22120.85,22120,2325,22120.85,375,2025,17993025
NIFTY-I.NFO,04/03/2025,09:20:03,22120.85,22120.05,1125,22121.15,825,1650,17993025
NIFTY-I.NFO,04/03/2025,09:20:04,22120.05,22120.05,450,22121.15,675,1125,17993025
NIFTY-I.NFO,04/03/2025,09:20:06,22121.15,22121.15,225,22122.25,150,825,17993025
NIFTY-I.NFO,04/03/2025,09:20:08,22122.4,22122.4,1200,22123.55,75,1050,17993025
NIFTY-I.NFO,04/03/2025,09:20:09,22121.4,22121.4,375,22121.45,300,5100,17993025
NIFTY-I.NFO,04/03/2025,09:20:11,22121.4,22121.4,375,22121.45,225,2100,17993025
NIFTY-I.NFO,04/03/2025,09:20:13,22121.4,22121.4,300,22121.5,450,1500,17993025
NIFTY-I.NFO,04/03/2025,09:20:14,22121.6,22121.5,75,22121.6,825,4350,17993025
NIFTY-I.NFO,04/03/2025,09:20:16,22121.45,22121.4,375,22121.45,75,1200,17993025
NIFTY-I.NFO,04/03/2025,09:20:18,22121.4,22121.4,300,22121.45,300,6375,17993025
NIFTY-I.NFO,04/03/2025,09:20:19,22121.45,22120.05,150,22121,75,1050,17993025
NIFTY-I.NFO,04/03/2025,09:20:21,22121.6,22121.45,150,22121.6,450,600,17993025
NIFTY-I.NFO,04/03/2025,09:20:23,22121.85,22120,975,22121.85,600,2100,17993025
NIFTY-I.NFO,04/03/2025,09:20:24,22121.8,22121.5,525,22121.8,75,900,17993025
NIFTY-I.NFO,04/03/2025,09:20:26,22122.7,22122,225,22122.7,300,1800,17993025
NIFTY-I.NFO,04/03/2025,09:20:28,22122,22122,225,22122.7,150,525,17993025
NIFTY-I.NFO,04/03/2025,09:20:29,22124.75,22122.05,600,22124.75,300,750,17993025
NIFTY-I.NFO,04/03/2025,09:20:31,22125,22122.8,600,22125,300,1050,17993025
NIFTY-I.NFO,04/03/2025,09:20:33,22125,22123.05,600,22125,225,150,17993025
NIFTY-I.NFO,04/03/2025,09:20:34,22128,22125.05,750,22129,225,1425,17993025
NIFTY-I.NFO,04/03/2025,09:20:36,22130.8,22125.55,750,22130.1,150,900,17993025
NIFTY-I.NFO,04/03/2025,09:20:38,22131.95,22129.05,225,22132.5,75,1125,17993025
NIFTY-I.NFO,04/03/2025,09:20:39,22132.6,22130.05,75,22132.65,450,1125,17993025
NIFTY-I.NFO,04/03/2025,09:20:41,22130.05,22130.1,75,22131.8,225,825,17993025
NIFTY-I.NFO,04/03/2025,09:20:43,22131.85,22130.15,375,22131.85,525,525,17993025
NIFTY-I.NFO,04/03/2025,09:20:44,22134,22132.65,75,22135,600,750,17993025
NIFTY-I.NFO,04/03/2025,09:20:46,22130.3,22130.65,450,22135.95,75,2625,17993025
NIFTY-I.NFO,04/03/2025,09:20:48,22137.65,22134.05,75,22137.7,150,1125,17993025
NIFTY-I.NFO,04/03/2025,09:20:49,22135.55,22134.1,75,22135.55,75,1425,17993025
NIFTY-I.NFO,04/03/2025,09:20:51,22134.95,22134.15,75,22134.95,675,825,17993025
NIFTY-I.NFO,04/03/2025,09:20:53,22133.45,22131.9,150,22133.45,225,1425,17993025
NIFTY-I.NFO,04/03/2025,09:20:54,22131.8,22131.8,150,22132.7,600,5325,17993025
NIFTY-I.NFO,04/03/2025,09:20:56,22132.55,22131.8,75,22132.55,300,4950,17993025
NIFTY-I.NFO,04/03/2025,09:20:58,22131.8,22131.8,225,22132.45,375,3900,17993025
NIFTY-I.NFO,04/03/2025,09:20:59,22131.8,22131.8,150,22132.35,75,5625,17993025
NIFTY-I.NFO,04/03/2025,09:21:01,22130.65,22125,75,22127.6,75,14400,17993025
NIFTY-I.NFO,04/03/2025,09:21:03,22126.95,22122.9,75,22127,150,300,17993025
NIFTY-I.NFO,04/03/2025,09:21:04,22126.95,22121.8,75,22126.95,75,600,17993025
NIFTY-I.NFO,04/03/2025,09:21:06,22125.5,22121,450,22125.5,225,1050,17993025
NIFTY-I.NFO,04/03/2025,09:21:08,22123.85,22122.2,150,22123.85,225,1125,17993025
NIFTY-I.NFO,04/03/2025,09:21:09,22122.2,22122,75,22124.95,225,450,17993025
NIFTY-I.NFO,04/03/2025,09:21:11,22121,22120.2,75,22123.9,1275,1275,17993025
NIFTY-I.NFO,04/03/2025,09:21:13,22121,22120.2,75,22123.9,1125,225,17993025
NIFTY-I.NFO,04/03/2025,09:21:14,22122.15,22120.2,75,22121.7,75,150,17993025
NIFTY-I.NFO,04/03/2025,09:21:16,22120.2,22120.05,150,22120.75,375,225,18099750
NIFTY-I.NFO,04/03/2025,09:21:18,22120,22115.65,600,22120,225,2175,18099750
NIFTY-I.NFO,04/03/2025,09:21:19,22120,22117.1,600,22120,2175,525,18099750
NIFTY-I.NFO,04/03/2025,09:21:21,22116.55,22117.2,75,22119.95,150,750,18099750
NIFTY-I.NFO,04/03/2025,09:21:23,22120,22119.05,75,22120,2025,450,18099750
NIFTY-I.NFO,04/03/2025,09:21:24,22120,22115.9,600,22120,1650,525,18099750
NIFTY-I.NFO,04/03/2025,09:21:26,22119.15,22119,75,22120,1650,375,18099750
NIFTY-I.NFO,04/03/2025,09:21:28,22120,22119.45,225,22120,1425,375,18099750
NIFTY-I.NFO,04/03/2025,09:21:29,22120.65,22120.65,225,22120.95,150,2025,18099750
NIFTY-I.NFO,04/03/2025,09:21:31,22120.95,22120.95,150,22121.95,75,150,18099750
NIFTY-I.NFO,04/03/2025,09:21:33,22122,22120.65,150,22122,1950,525,18099750
NIFTY-I.NFO,04/03/2025,09:21:34,22122,22120.95,75,22122,1650,375,18099750
NIFTY-I.NFO,04/03/2025,09:21:36,22120.95,22120,675,22121.95,75,525,18099750
NIFTY-I.NFO,04/03/2025,09:21:38,22122,22121,225,22122,1050,600,18099750
NIFTY-I.NFO,04/03/2025,09:21:39,22120.95,22120,750,22122,1050,975,18099750
NIFTY-I.NFO,04/03/2025,09:21:41,22122,22121.75,75,22122,450,675,18099750
NIFTY-I.NFO,04/03/2025,09:21:43,22122,22122,75,22122.15,75,2700,18099750
NIFTY-I.NFO,04/03/2025,09:21:44,22122.1,22122.1,600,22123.9,450,1575,18099750
NIFTY-I.NFO,04/03/2025,09:21:46,22126.95,22123.8,300,22129.85,150,1575,18099750
NIFTY-I.NFO,04/03/2025,09:21:48,22130,22129.15,75,22130.4,75,900,18099750
NIFTY-I.NFO,04/03/2025,09:21:49,22131,22130,75,22132.85,150,300,18099750
NIFTY-I.NFO,04/03/2025,09:21:51,22130,22126.95,150,22132.9,150,150,18099750
NIFTY-I.NFO,04/03/2025,09:21:53,22134.5,22130,750,22134.45,600,450,18099750
NIFTY-I.NFO,04/03/2025,09:21:54,22133.05,22130,900,22132,75,150,18099750
NIFTY-I.NFO,04/03/2025,09:21:56,22132,22131,75,22133.45,150,150,18099750
NIFTY-I.NFO,04/03/2025,09:21:58,22135,22134.45,75,22135,150,300,18099750
NIFTY-I.NFO,04/03/2025,09:21:59,22135,22135,300,22136.95,600,525,18099750
NIFTY-I.NFO,04/03/2025,09:22:01,22137.45,22137,1125,22138,975,2175,18099750
NIFTY-I.NFO,04/03/2025,09:22:03,22140,22140,3225,22141.3,150,3975,18099750
NIFTY-I.NFO,04/03/2025,09:22:04,22140,22140,300,22141.9,300,7275,18099750
NIFTY-I.NFO,04/03/2025,09:22:06,22140.85,22137,1050,22141.35,150,1050,18099750
NIFTY-I.NFO,04/03/2025,09:22:08,22137,22137,225,22140.25,300,1050,18099750
NIFTY-I.NFO,04/03/2025,09:22:09,22138,22136.9,75,22139.05,75,1125,18099750
NIFTY-I.NFO,04/03/2025,09:22:11,22134.5,22132,75,22134.5,75,1200,18099750
NIFTY-I.NFO,04/03/2025,09:22:13,22138.45,22132,75,22138.25,225,15075,18099750
NIFTY-I.NFO,04/03/2025,09:22:14,22140.2,22136,75,22140.15,450,25125,18099750
NIFTY-I.NFO,04/03/2025,09:22:16,22136,22132,225,22135.5,75,150,18099750
NIFTY-I.NFO,04/03/2025,09:22:17,22133,22131,75,22134.7,75,750,18099750
NIFTY-I.NFO,04/03/2025,09:22:19,22134.75,22130,675,22134.7,75,1125,18099750
NIFTY-I.NFO,04/03/2025,09:22:21,22134.45,22130,1800,22134.45,225,1125,18099750
NIFTY-I.NFO,04/03/2025,09:22:22,22130,22126.6,75,22130,75,2025,18099750
NIFTY-I.NFO,04/03/2025,09:22:24,22132.2,22125.75,75,22132.25,675,2625,18099750
NIFTY-I.NFO,04/03/2025,09:22:26,22132.15,22125.8,75,22131.9,150,3000,18099750
NIFTY-I.NFO,04/03/2025,09:22:28,22129.5,22125.8,150,22129.5,75,150,18099750
NIFTY-I.NFO,04/03/2025,09:22:29,22125.8,22125.8,75,22131.3,75,1650,18099750
NIFTY-I.NFO,04/03/2025,09:22:31,22129,22125.25,75,22131.05,75,375,18099750
NIFTY-I.NFO,04/03/2025,09:22:33,22132.45,22132.45,525,22134,150,56700,18099750
NIFTY-I.NFO,04/03/2025,09:22:34,22134,22134,1650,22134.45,150,300,18099750
NIFTY-I.NFO,04/03/2025,09:22:36,22134.45,22134.45,750,22134.5,75,975,18099750
NIFTY-I.NFO,04/03/2025,09:22:38,22134.45,22134,1650,22134.35,375,1650,18099750
NIFTY-I.NFO,04/03/2025,09:22:39,22134.35,22134,1650,22134.3,75,150,18099750
NIFTY-I.NFO,04/03/2025,09:22:41,22136.2,22134.05,225,22136.25,75,1500,18099750
NIFTY-I.NFO,04/03/2025,09:22:43,22134,22134.05,75,22136.65,375,2625,18099750
NIFTY-I.NFO,04/03/2025,09:22:44,22137,22135,825,22137,150,150,18099750
NIFTY-I.NFO,04/03/2025,09:22:46,22138.9,22135,1050,22138.8,300,975,18099750
NIFTY-I.NFO,04/03/2025,09:22:48,22139.75,22136.35,375,22139.9,1800,975,18099750
NIFTY-I.NFO,04/03/2025,09:22:49,22138,22136.35,375,22139.85,75,525,18099750
NIFTY-I.NFO,04/03/2025,09:22:51,22136.35,22136.95,300,22139.75,75,1500,18099750
NIFTY-I.NFO,04/03/2025,09:22:53,22139.9,22136.6,900,22139.9,1425,525,18099750
NIFTY-I.NFO,04/03/2025,09:22:54,22138,22138,75,22139.6,75,300,18099750
NIFTY-I.NFO,04/03/2025,09:22:56,22139.9,22137.2,75,22139.9,1125,525,18099750
NIFTY-I.NFO,04/03/2025,09:22:58,22139.9,22138.9,75,22139.9,975,525,18099750
NIFTY-I.NFO,04/03/2025,09:22:59,22139.9,22138.9,75,22139.9,900,150,18099750
NIFTY-I.NFO,04/03/2025,09:23:01,22139.9,22139,75,22139.9,675,300,18099750
NIFTY-I.NFO,04/03/2025,09:23:03,22138.9,22138.05,600,22139.9,300,825,18099750
NIFTY-I.NFO,04/03/2025,09:23:04,22136.45,22136.5,75,22139.9,450,450,18099750
NIFTY-I.NFO,04/03/2025,09:23:06,22139.9,22136.4,75,22139.9,375,150,18099750
NIFTY-I.NFO,04/03/2025,09:23:08,22139.9,22138.4,75,22139.9,375,375,18099750
NIFTY-I.NFO,04/03/2025,09:23:09,22139.95,22139.9,300,22139.95,225,525,18099750
NIFTY-I.NFO,04/03/2025,09:23:11,22140.4,22140,75,22140.55,375,975,18099750
NIFTY-I.NFO,04/03/2025,09:23:13,22139.05,22137,150,22139.05,300,900,18099750
NIFTY-I.NFO,04/03/2025,09:23:14,22139.05,22137,150,22139.05,75,225,18099750
NIFTY-I.NFO,04/03/2025,09:23:16,22139.95,22139.05,75,22139.95,75,225,18099750
NIFTY-I.NFO,04/03/2025,09:23:17,22140,22137.05,375,22140.85,75,2325,18099750
NIFTY-I.NFO,04/03/2025,09:23:19,22139.95,22140,1050,22140.8,300,675,18099750
NIFTY-I.NFO,04/03/2025,09:23:21,22140,22140,450,22140.45,300,600,18099750
NIFTY-I.NFO,04/03/2025,09:23:22,22140.45,22140.05,450,22140.45,75,1425,18099750
NIFTY-I.NFO,04/03/2025,09:23:24,22140.1,22140.1,150,22140.45,75,150,18099750
NIFTY-I.NFO,04/03/2025,09:23:26,22140,22140,1875,22141,75,675,18099750
NIFTY-I.NFO,04/03/2025,09:23:27,22142.3,22141.1,150,22142.4,225,300,18099750
NIFTY-I.NFO,04/03/2025,09:23:29,22140,22140,2025,22140.45,75,1350,18099750
NIFTY-I.NFO,04/03/2025,09:23:31,22140,22141.8,75,22142.55,375,1425,18099750
NIFTY-I.NFO,04/03/2025,09:23:32,22141.8,22141.8,300,22142.55,300,300,18099750
NIFTY-I.NFO,04/03/2025,09:23:34,22141.8,22141.8,75,22144.25,150,825,18099750
NIFTY-I.NFO,04/03/2025,09:23:36,22151.7,22151.35,1050,22153,75,6975,18099750
NIFTY-I.NFO,04/03/2025,09:23:36,22151.7,22151.35,1050,22153,75,0,18099750
NIFTY-I.NFO,04/03/2025,09:23:37,22152.9,22151.35,75,22154.05,375,1200,18099750
NIFTY-I.NFO,04/03/2025,09:23:37,22157,22151.35,75,22154.05,375,0,18099750
NIFTY-I.NFO,04/03/2025,09:23:39,22151.35,22149.05,900,22152.8,300,675,18099750
NIFTY-I.NFO,04/03/2025,09:23:41,22150.15,22150.7,900,22152.9,75,525,18099750
NIFTY-I.NFO,04/03/2025,09:23:42,22154.5,22153,150,22154.95,75,150,18099750
NIFTY-I.NFO,04/03/2025,09:23:44,22156,22153.05,600,22156.65,150,1275,18099750
NIFTY-I.NFO,04/03/2025,09:23:46,22156.65,22154.55,450,22156.65,150,675,18099750
NIFTY-I.NFO,04/03/2025,09:23:47,22159.8,22156.75,750,22159.9,75,675,18099750
NIFTY-I.NFO,04/03/2025,09:23:47,22159.8,22156.75,750,22159.9,75,0,18099750
NIFTY-I.NFO,04/03/2025,09:23:49,22160,22159.25,300,22160,150,2475,18099750
NIFTY-I.NFO,04/03/2025,09:23:49,22160,22159.25,300,22160,150,0,18099750
NIFTY-I.NFO,04/03/2025,09:23:51,22160.95,22160,75,22161,75,3075,18099750
NIFTY-I.NFO,04/03/2025,09:23:51,22160.95,22160,75,22161,75,0,18099750
NIFTY-I.NFO,04/03/2025,09:23:52,22165,22165,3675,22165.5,75,2175,18099750
NIFTY-I.NFO,04/03/2025,09:23:52,22165.05,22165,3675,22165.5,75,0,18099750
NIFTY-I.NFO,04/03/2025,09:23:54,22167.2,22166.9,600,22173,75,12525,18099750
NIFTY-I.NFO,04/03/2025,09:23:54,22173.7,22166.9,600,22173,75,0,18099750
NIFTY-I.NFO,04/03/2025,09:23:56,22165.1,22166.95,150,22170.55,300,750,18099750
NIFTY-I.NFO,04/03/2025,09:23:57,22172.4,22172.35,375,22172.4,300,2025,18099750
NIFTY-I.NFO,04/03/2025,09:23:57,22174.25,22172.35,375,22172.4,300,0,18099750
NIFTY-I.NFO,04/03/2025,09:23:59,22171.85,22170.55,75,22171.8,375,3600,18099750
NIFTY-I.NFO,04/03/2025,09:23:59,22174.8,22170.55,75,22171.8,375,0,18099750
NIFTY-I.NFO,04/03/2025,09:24:01,22170.05,22168.8,900,22171.85,75,2475,18099750
NIFTY-I.NFO,04/03/2025,09:24:02,22173,22173.05,600,22177.85,75,1800,18099750
NIFTY-I.NFO,04/03/2025,09:24:02,22177,22173.05,600,22177.85,75,0,18099750
NIFTY-I.NFO,04/03/2025,09:24:04,22173.35,22174.95,900,22177.35,150,1500,18099750
NIFTY-I.NFO,04/03/2025,09:24:04,22178.35,22174.95,900,22177.35,150,0,18099750
NIFTY-I.NFO,04/03/2025,09:24:06,22175.35,22173.95,525,22178.8,375,2250,18099750
NIFTY-I.NFO,04/03/2025,09:24:06,22180.65,22173.95,525,22178.8,375,0,18099750
NIFTY-I.NFO,04/03/2025,09:24:07,22180.05,22180.05,75,22184.45,75,1500,18099750
NIFTY-I.NFO,04/03/2025,09:24:07,22184,22180.05,75,22184.45,75,0,18099750
NIFTY-I.NFO,04/03/2025,09:24:09,22181.55,22180,150,22183.85,75,1575,18099750
NIFTY-I.NFO,04/03/2025,09:24:09,22184.4,22180,150,22183.85,75,0,18099750
NIFTY-I.NFO,04/03/2025,09:24:11,22180,22180.05,225,22181.8,75,1725,18099750
NIFTY-I.NFO,04/03/2025,09:24:12,22175.9,22175,675,22179.6,600,1575,18099750
NIFTY-I.NFO,04/03/2025,09:24:14,22174.4,22173,1275,22174.4,300,1200,18099750
NIFTY-I.NFO,04/03/2025,09:24:16,22175.9,22174.65,75,22177.95,75,1275,18208350
NIFTY-I.NFO,04/03/2025,09:24:17,22174.45,22173,900,22178.1,75,5325,18208350
NIFTY-I.NFO,04/03/2025,09:24:19,22175.95,22175.9,75,22180,75,2325,18208350
NIFTY-I.NFO,04/03/2025,09:24:21,22179.25,22179.3,150,22185.45,75,2250,18208350
NIFTY-I.NFO,04/03/2025,09:24:21,22185,22179.3,150,22185.45,75,0,18208350
NIFTY-I.NFO,04/03/2025,09:24:22,22182.3,22178,225,22182.35,150,300,18208350
NIFTY-I.NFO,04/03/2025,09:24:24,22175.4,22175.35,75,22179.2,75,750,18208350
NIFTY-I.NFO,04/03/2025,09:24:26,22175,22175,75,22178.2,150,675,18208350
NIFTY-I.NFO,04/03/2025,09:24:27,22173,22173,225,22176.55,150,900,18208350
NIFTY-I.NFO,04/03/2025,09:24:29,22179.25,22177.7,225,22179.3,225,1500,18208350
NIFTY-I.NFO,04/03/2025,09:24:31,22176.25,22176.55,75,22179,900,1875,18208350
NIFTY-I.NFO,04/03/2025,09:24:32,22175,22175,825,22177,600,525,18208350
NIFTY-I.NFO,04/03/2025,09:24:34,22175,22173,375,22176,75,1200,18208350
NIFTY-I.NFO,04/03/2025,09:24:36,22173,22173,1350,22176.95,75,1350,18208350
NIFTY-I.NFO,04/03/2025,09:24:37,22173,22173,975,22176,75,525,18208350
NIFTY-I.NFO,04/03/2025,09:24:39,22175,22173,300,22175,450,1050,18208350
NIFTY-I.NFO,04/03/2025,09:24:41,22173,22173,1050,22176.05,150,1350,18208350
NIFTY-I.NFO,04/03/2025,09:24:43,22175,22175,300,22177,75,2325,18208350
NIFTY-I.NFO,04/03/2025,09:24:44,22174.9,22175.95,300,22180,2625,7125,18208350
NIFTY-I.NFO,04/03/2025,09:24:46,22175.1,22175.15,375,22179,75,5775,18208350
NIFTY-I.NFO,04/03/2025,09:24:48,22175,22173,1200,22175,1200,675,18208350
NIFTY-I.NFO,04/03/2025,09:24:49,22173,22173,525,22175,975,975,18208350
NIFTY-I.NFO,04/03/2025,09:24:51,22175,22173,1650,22175,675,5175,18208350
NIFTY-I.NFO,04/03/2025,09:24:53,22177.5,22175,150,22177.95,150,975,18208350
NIFTY-I.NFO,04/03/2025,09:24:54,22173.8,22173.25,75,22178,75,3825,18208350
NIFTY-I.NFO,04/03/2025,09:24:56,22177.1,22173,1500,22177.65,150,525,18208350
NIFTY-I.NFO,04/03/2025,09:24:58,22177.25,22175.1,75,22177,75,150,18208350
NIFTY-I.NFO,04/03/2025,09:24:59,22176.95,22173.3,150,22177,150,375,18208350
NIFTY-I.NFO,04/03/2025,09:25:01,22176.15,22173,1500,22176.2,600,2100,18208350
NIFTY-I.NFO,04/03/2025,09:25:03,22176.5,22173,1500,22176.5,75,3150,18208350
NIFTY-I.NFO,04/03/2025,09:25:04,22176.35,22173,1425,22175,75,450,18208350
NIFTY-I.NFO,04/03/2025,09:25:06,22175,22173,525,22175.05,75,1200,18208350
NIFTY-I.NFO,04/03/2025,09:25:08,22162.1,22162.1,750,22165.7,225,4575,18208350
NIFTY-I.NFO,04/03/2025,09:25:09,22167,22162.1,675,22164.3,75,2175,18208350
NIFTY-I.NFO,04/03/2025,09:25:11,22161,22160.95,75,22164.45,150,1125,18208350
NIFTY-I.NFO,04/03/2025,09:25:13,22160,22160,450,22162.05,75,450,18208350
NIFTY-I.NFO,04/03/2025,09:25:14,22162.05,22162.05,75,22164,300,825,18208350
NIFTY-I.NFO,04/03/2025,09:25:16,22162.05,22162.05,300,22163.9,75,975,18208350
NIFTY-I.NFO,04/03/2025,09:25:18,22162.05,22160,75,22163.95,225,1050,18208350
NIFTY-I.NFO,04/03/2025,09:25:19,22160,22157.1,150,22160,450,525,18208350
NIFTY-I.NFO,04/03/2025,09:25:21,22156,22157.6,75,22159.55,75,300,18208350
NIFTY-I.NFO,04/03/2025,09:25:23,22157,22156,75,22159.5,75,975,18208350
NIFTY-I.NFO,04/03/2025,09:25:24,22160,22155.8,75,22159.45,150,525,18208350
NIFTY-I.NFO,04/03/2025,09:25:26,22159.9,22155.8,75,22159.7,75,75,18208350
NIFTY-I.NFO,04/03/2025,09:25:28,22153.55,22153.9,600,22159.8,75,450,18208350
NIFTY-I.NFO,04/03/2025,09:25:29,22152.15,22152,300,22157.65,600,600,18208350
NIFTY-I.NFO,04/03/2025,09:25:31,22152,22152,525,22153.05,150,225,18208350
NIFTY-I.NFO,04/03/2025,09:25:33,22155,22153.05,75,22157.4,150,375,18208350
NIFTY-I.NFO,04/03/2025,09:25:34,22152.05,22152.05,375,22153,375,375,18208350
NIFTY-I.NFO,04/03/2025,09:25:36,22153.05,22152,225,22154,75,1275,18208350
NIFTY-I.NFO,04/03/2025,09:25:38,22150.05,22150.05,525,22152.05,450,600,18208350
NIFTY-I.NFO,04/03/2025,09:25:39,22150.1,22150.1,75,22152.05,75,600,18208350
NIFTY-I.NFO,04/03/2025,09:25:41,22144,22144,300,22145.8,375,3525,18208350
NIFTY-I.NFO,04/03/2025,09:25:43,22144,22144,150,22145.7,375,150,18208350
NIFTY-I.NFO,04/03/2025,09:25:44,22143,22141.8,75,22145.2,150,375,18208350
NIFTY-I.NFO,04/03/2025,09:25:46,22140,22140,1800,22143.8,75,825,18208350
NIFTY-I.NFO,04/03/2025,09:25:48,22140,22140,1725,22143.45,375,150,18208350
NIFTY-I.NFO,04/03/2025,09:25:49,22140,22140,1425,22143.35,375,375,18208350
NIFTY-I.NFO,04/03/2025,09:25:51,22145.45,22143,75,22145.35,375,1950,18208350
NIFTY-I.NFO,04/03/2025,09:25:53,22145.55,22141.65,450,22146,75,1575,18208350
NIFTY-I.NFO,04/03/2025,09:25:54,22140,22140.25,600,22143.55,75,225,18208350
NIFTY-I.NFO,04/03/2025,09:25:56,22140,22140.15,1200,22143.15,75,450,18208350
NIFTY-I.NFO,04/03/2025,09:25:58,22140.05,22140.05,600,22142.95,75,450,18208350
NIFTY-I.NFO,04/03/2025,09:25:59,22140.05,22140.05,225,22142,375,225,18208350
NIFTY-I.NFO,04/03/2025,09:26:01,22140.05,22138.45,825,22140.1,225,1875,18208350
NIFTY-I.NFO,04/03/2025,09:26:03,22140.1,22138.45,750,22139.6,150,450,18208350
NIFTY-I.NFO,04/03/2025,09:26:04,22139.6,22138.45,675,22140,150,225,18208350
NIFTY-I.NFO,04/03/2025,09:26:06,22140,22139.6,75,22140,225,825,18208350
NIFTY-I.NFO,04/03/2025,09:26:08,22138,22137.8,75,22139.9,75,300,18208350
NIFTY-I.NFO,04/03/2025,09:26:09,22136.25,22136.15,600,22140,825,1725,18208350
NIFTY-I.NFO,04/03/2025,09:26:11,22140.6,22140.65,600,22143.35,75,1725,18208350
NIFTY-I.NFO,04/03/2025,09:26:13,22144,22140.65,300,22144,75,675,18208350
NIFTY-I.NFO,04/03/2025,09:26:14,22143.55,22140.65,75,22143.7,225,150,18208350
NIFTY-I.NFO,04/03/2025,09:26:16,22143.45,22140,2025,22143.55,75,225,18208350
NIFTY-I.NFO,04/03/2025,09:26:18,22143.45,22140.65,75,22142.6,150,0,18208350
NIFTY-I.NFO,04/03/2025,09:26:19,22142.45,22140.5,75,22142,75,2175,18208350
NIFTY-I.NFO,04/03/2025,09:26:21,22140,22141.5,75,22142.4,75,225,18208350
NIFTY-I.NFO,04/03/2025,09:26:23,22142.4,22141.5,75,22142.45,75,75,18208350
NIFTY-I.NFO,04/03/2025,09:26:24,22142.4,22142.1,75,22142.45,75,75,18208350
NIFTY-I.NFO,04/03/2025,09:26:26,22141.5,22140,3600,22142.35,75,150,18208350
NIFTY-I.NFO,04/03/2025,09:26:28,22141.6,22140,3600,22141,150,825,18208350
NIFTY-I.NFO,04/03/2025,09:26:29,22139.3,22138,300,22139.2,375,3975,18208350
NIFTY-I.NFO,04/03/2025,09:26:31,22135,22135,4350,22135.15,150,1125,18208350
NIFTY-I.NFO,04/03/2025,09:26:33,22134,22132.35,450,22134,75,4725,18208350
NIFTY-I.NFO,04/03/2025,09:26:34,22134.3,22133.45,675,22137.95,225,900,18208350
NIFTY-I.NFO,04/03/2025,09:26:36,22138,22134.9,225,22139.95,75,825,18208350
NIFTY-I.NFO,04/03/2025,09:26:38,22139.95,22137.95,1800,22140,75,225,18208350
NIFTY-I.NFO,04/03/2025,09:26:39,22138,22137.95,2175,22140,75,300,18208350
NIFTY-I.NFO,04/03/2025,09:26:41,22137.95,22138.95,750,22142.2,75,975,18208350
NIFTY-I.NFO,04/03/2025,09:26:43,22140.95,22140.2,450,22142.65,75,150,18208350
NIFTY-I.NFO,04/03/2025,09:26:44,22140,22142.65,75,22143.85,150,150,18208350
NIFTY-I.NFO,04/03/2025,09:26:46,22143.8,22140.5,75,22143.8,75,225,18208350
NIFTY-I.NFO,04/03/2025,09:26:48,22139.95,22140,150,22141.8,75,150,18208350
NIFTY-I.NFO,04/03/2025,09:26:49,22137.95,22137.95,1275,22140.5,300,525,18208350
NIFTY-I.NFO,04/03/2025,09:26:51,22139.95,22137.95,1200,22139.8,225,375,18208350
NIFTY-I.NFO,04/03/2025,09:26:53,22137.95,22137.95,975,22139.55,75,375,18208350
NIFTY-I.NFO,04/03/2025,09:26:54,22137.95,22136.35,375,22139.2,225,1125,18208350
NIFTY-I.NFO,04/03/2025,09:26:56,22138.8,22136.35,75,22138.7,75,450,18208350
NIFTY-I.NFO,04/03/2025,09:26:58,22140,22136.35,75,22139,75,900,18208350
NIFTY-I.NFO,04/03/2025,09:26:59,22136.35,22135,225,22138.45,150,150,18208350
NIFTY-I.NFO,04/03/2025,09:27:01,22135,22135,150,22136.2,375,1050,18208350
NIFTY-I.NFO,04/03/2025,09:27:03,22135.25,22132,75,22136.9,75,2925,18208350
NIFTY-I.NFO,04/03/2025,09:27:04,22135,22135,75,22137.85,300,225,18208350
NIFTY-I.NFO,04/03/2025,09:27:06,22137.9,22133,75,22137.15,75,450,18208350
NIFTY-I.NFO,04/03/2025,09:27:08,22131,22130,1125,22131,225,1350,18208350
NIFTY-I.NFO,04/03/2025,09:27:09,22130,22130,750,22132.5,75,750,18208350
NIFTY-I.NFO,04/03/2025,09:27:11,22130,22130,600,22131.45,225,450,18208350
NIFTY-I.NFO,04/03/2025,09:27:13,22131.3,22130,150,22131.65,300,975,18208350
NIFTY-I.NFO,04/03/2025,09:27:14,22131.7,22128.1,75,22131.45,225,450,18208350
NIFTY-I.NFO,04/03/2025,09:27:16,22131.55,22129.25,1200,22134.65,225,525,18229875
NIFTY-I.NFO,04/03/2025,09:27:18,22133,22132,75,22134.75,150,75,18229875
NIFTY-I.NFO,04/03/2025,09:27:19,22133.45,22133.45,75,22134.95,75,225,18229875
NIFTY-I.NFO,04/03/2025,09:27:21,22133.35,22134.25,300,22136.95,150,1500,18229875
NIFTY-I.NFO,04/03/2025,09:27:23,22136.35,22134.65,300,22136.95,75,225,18229875
NIFTY-I.NFO,04/03/2025,09:27:24,22136.05,22136.6,600,22139.1,75,375,18229875
NIFTY-I.NFO,04/03/2025,09:27:26,22139.95,22139.95,75,22140,1275,975,18229875
NIFTY-I.NFO,04/03/2025,09:27:28,22139.95,22139,75,22140,900,825,18229875
NIFTY-I.NFO,04/03/2025,09:27:29,22140,22138.2,300,22140,750,375,18229875
NIFTY-I.NFO,04/03/2025,09:27:31,22138.3,22137.05,300,22139.95,150,225,18229875
NIFTY-I.NFO,04/03/2025,09:27:33,22140,22139.25,300,22143.25,150,750,18229875
NIFTY-I.NFO,04/03/2025,09:27:34,22140.75,22141.35,300,22144,150,300,18229875
NIFTY-I.NFO,04/03/2025,09:27:36,22142.55,22141.2,300,22144,150,150,18229875
NIFTY-I.NFO,04/03/2025,09:27:38,22140.3,22140.75,75,22141,75,225,18229875
NIFTY-I.NFO,04/03/2025,09:27:39,22140.75,22140.3,750,22142.95,150,225,18229875
NIFTY-I.NFO,04/03/2025,09:27:41,22140,22139.7,300,22142.9,75,5100,18229875
NIFTY-I.NFO,04/03/2025,09:27:43,22142.9,22140,225,22142.95,150,75,18229875
NIFTY-I.NFO,04/03/2025,09:27:44,22140.75,22140,225,22142.95,150,300,18229875
NIFTY-I.NFO,04/03/2025,09:27:46,22141.95,22140,225,22141.65,75,450,18229875
NIFTY-I.NFO,04/03/2025,09:27:48,22140.75,22140,375,22140.75,75,225,18229875
NIFTY-I.NFO,04/03/2025,09:27:49,22141.2,22140,1275,22142.05,150,375,18229875
NIFTY-I.NFO,04/03/2025,09:27:51,22142.45,22141,150,22141.6,300,1650,18229875
NIFTY-I.NFO,04/03/2025,09:27:53,22140,22140,450,22140.7,150,525,18229875
NIFTY-I.NFO,04/03/2025,09:27:54,22140,22140,375,22140.65,75,75,18229875
NIFTY-I.NFO,04/03/2025,09:27:56,22140,22140,300,22140.65,75,75,18229875
NIFTY-I.NFO,04/03/2025,09:27:58,22140.75,22140.65,675,22140.75,75,525,18229875
NIFTY-I.NFO,04/03/2025,09:27:59,22140.65,22140,375,22140.7,150,75,18229875
NIFTY-I.NFO,04/03/2025,09:28:01,22140.7,22140.7,1050,22140.9,75,375,18229875
NIFTY-I.NFO,04/03/2025,09:28:03,22142,22142.1,300,22143.55,150,1050,18229875
NIFTY-I.NFO,04/03/2025,09:28:04,22140.7,22140.7,675,22141.4,150,375,18229875
NIFTY-I.NFO,04/03/2025,09:28:06,22141.55,22141,150,22143.15,75,225,18229875
NIFTY-I.NFO,04/03/2025,09:28:08,22140.7,22140.6,75,22143.6,75,1200,18229875
NIFTY-I.NFO,04/03/2025,09:28:09,22143.65,22140.6,75,22143.8,150,300,18229875
NIFTY-I.NFO,04/03/2025,09:28:11,22143.65,22141.4,1125,22144,75,150,18229875
NIFTY-I.NFO,04/03/2025,09:28:13,22143.05,22143.05,75,22144.95,75,150,18229875
NIFTY-I.NFO,04/03/2025,09:28:14,22141.4,22141.4,450,22144.95,150,225,18229875
NIFTY-I.NFO,04/03/2025,09:28:16,22141.4,22141.4,450,22144,150,0,18229875
NIFTY-I.NFO,04/03/2025,09:28:18,22143.05,22141.4,375,22144.75,150,225,18229875
NIFTY-I.NFO,04/03/2025,09:28:19,22144,22142.95,675,22145.55,75,1275,18229875
NIFTY-I.NFO,04/03/2025,09:28:21,22145.55,22144.8,600,22147.15,75,75,18229875
NIFTY-I.NFO,04/03/2025,09:28:23,22149,22145.65,75,22148.95,75,225,18229875
NIFTY-I.NFO,04/03/2025,09:28:24,22145.45,22144.8,150,22148.85,225,375,18229875
NIFTY-I.NFO,04/03/2025,09:28:26,22145.55,22145.55,150,22146.25,450,300,18229875
NIFTY-I.NFO,04/03/2025,09:28:28,22144.8,22144,75,22145.1,675,1200,18229875
NIFTY-I.NFO,04/03/2025,09:28:29,22144.6,22144.05,75,22145.15,450,1725,18229875
NIFTY-I.NFO,04/03/2025,09:28:31,22143.55,22142.95,75,22145.65,75,2400,18229875
NIFTY-I.NFO,04/03/2025,09:28:33,22142.95,22142.95,150,22145.15,150,75,18229875
NIFTY-I.NFO,04/03/2025,09:28:34,22144.8,22142.95,450,22146.15,75,1125,18229875
NIFTY-I.NFO,04/03/2025,09:28:36,22145,22142.95,150,22145.05,525,3450,18229875
NIFTY-I.NFO,04/03/2025,09:28:38,22145.05,22143,75,22145,75,12225,18229875
NIFTY-I.NFO,04/03/2025,09:28:39,22145,22143,300,22145.05,150,450,18229875
NIFTY-I.NFO,04/03/2025,09:28:41,22144.85,22143,150,22145.1,150,4800,18229875
NIFTY-I.NFO,04/03/2025,09:28:43,22141.4,22143,75,22144.75,450,6675,18229875
NIFTY-I.NFO,04/03/2025,09:28:44,22145,22143,75,22145.05,150,6600,18229875
NIFTY-I.NFO,04/03/2025,09:28:46,22145,22143,75,22145.05,750,12075,18229875
NIFTY-I.NFO,04/03/2025,09:28:48,22140,22138,75,22140,75,28500,18229875
NIFTY-I.NFO,04/03/2025,09:28:49,22139.1,22138,75,22139.1,225,150,18229875
NIFTY-I.NFO,04/03/2025,09:28:51,22138.9,22137,75,22138.95,150,675,18229875
NIFTY-I.NFO,04/03/2025,09:28:53,22137.8,22137,75,22137.85,150,150,18229875
NIFTY-I.NFO,04/03/2025,09:28:54,22137,22136.35,75,22137.75,300,75,18229875
NIFTY-I.NFO,04/03/2025,09:28:56,22138,22136.4,225,22138,675,450,18229875
NIFTY-I.NFO,04/03/2025,09:28:58,22136.35,22135.1,225,22138,675,75,18229875
NIFTY-I.NFO,04/03/2025,09:28:59,22136.35,22135,150,22138,675,0,18229875
NIFTY-I.NFO,04/03/2025,09:29:01,22134.9,22134,300,22136.35,75,2250,18229875
NIFTY-I.NFO,04/03/2025,09:29:03,22138.2,22136,75,22136.35,75,525,18229875
NIFTY-I.NFO,04/03/2025,09:29:04,22136,22136.05,150,22139.9,225,150,18229875
NIFTY-I.NFO,04/03/2025,09:29:06,22134,22134,75,22136.8,75,450,18229875
NIFTY-I.NFO,04/03/2025,09:29:08,22134,22133,6975,22135.45,75,75,18229875
NIFTY-I.NFO,04/03/2025,09:29:09,22137.2,22134.95,75,22137.25,300,225,18229875
NIFTY-I.NFO,04/03/2025,09:29:11,22133,22133,6600,22137.9,150,375,18229875
NIFTY-I.NFO,04/03/2025,09:29:13,22133,22133,6150,22135.85,225,150,18229875
NIFTY-I.NFO,04/03/2025,09:29:14,22133,22133,5775,22134.75,225,375,18229875
NIFTY-I.NFO,04/03/2025,09:29:16,22133,22133,3225,22135.05,225,2625,18229875
NIFTY-I.NFO,04/03/2025,09:29:18,22133,22133,3075,22134.25,300,300,18229875
NIFTY-I.NFO,04/03/2025,09:29:19,22133,22133,3300,22136.65,300,75,18229875
NIFTY-I.NFO,04/03/2025,09:29:21,22133,22134.1,750,22138.75,75,150,18229875
NIFTY-I.NFO,04/03/2025,09:29:23,22134.25,22133.05,150,22137.8,450,300,18229875
NIFTY-I.NFO,04/03/2025,09:29:24,22137.8,22133,2850,22137.25,75,75,18229875
NIFTY-I.NFO,04/03/2025,09:29:26,22135.7,22133,2850,22135.65,300,375,18229875
NIFTY-I.NFO,04/03/2025,09:29:28,22135.95,22133,3450,22136.8,225,600,18229875
NIFTY-I.NFO,04/03/2025,09:29:29,22135.7,22133,2700,22135.8,825,450,18229875
NIFTY-I.NFO,04/03/2025,09:29:31,22135.2,22133,2775,22135.2,675,225,18229875
NIFTY-I.NFO,04/03/2025,09:29:33,22133,22133,2700,22135.2,600,150,18229875
NIFTY-I.NFO,04/03/2025,09:29:34,22135.2,22133,2700,22135.2,525,75,18229875
NIFTY-I.NFO,04/03/2025,09:29:36,22136.7,22136.7,75,22140,300,825,18229875
NIFTY-I.NFO,04/03/2025,09:29:38,22136.7,22136.65,75,22140,300,0,18229875
NIFTY-I.NFO,04/03/2025,09:29:39,22140,22136,75,22139.75,150,75,18229875
NIFTY-I.NFO,04/03/2025,09:29:41,22140,22136,75,22138.85,75,0,18229875
NIFTY-I.NFO,04/03/2025,09:29:43,22138.45,22136,75,22138.35,150,225,18229875
NIFTY-I.NFO,04/03/2025,09:29:44,22136,22135.95,75,22138.4,75,150,18229875
NIFTY-I.NFO,04/03/2025,09:29:46,22138.4,22136.7,600,22138.4,75,75,18229875
NIFTY-I.NFO,04/03/2025,09:29:48,22138.45,22137.15,600,22140,300,375,18229875
NIFTY-I.NFO,04/03/2025,09:29:49,22139.95,22137.55,1200,22140,300,75,18229875
NIFTY-I.NFO,04/03/2025,09:29:51,22138,22135.95,75,22139.9,75,225,18229875
NIFTY-I.NFO,04/03/2025,09:29:53,22139.5,22136,600,22139.55,75,375,18229875
NIFTY-I.NFO,04/03/2025,09:29:54,22137,22135.95,75,22140,75,150,18229875
NIFTY-I.NFO,04/03/2025,09:29:56,22139.4,22136.5,75,22139.4,225,225,18229875
NIFTY-I.NFO,04/03/2025,09:29:58,22134.7,22133.85,675,22139.4,225,6750,18229875
NIFTY-I.NFO,04/03/2025,09:29:59,22137,22133,2775,22137.4,75,75,18229875
NIFTY-I.NFO,04/03/2025,09:30:01,22137.75,22133.05,450,22137.7,375,2100,18229875
NIFTY-I.NFO,04/03/2025,09:30:03,22133.05,22134.7,75,22137.45,75,225,18229875
NIFTY-I.NFO,04/03/2025,09:30:04,22133.05,22136,75,22137.1,75,0,18229875
NIFTY-I.NFO,04/03/2025,09:30:06,22134.7,22133.7,150,22136.45,525,150,18229875
NIFTY-I.NFO,04/03/2025,09:30:08,22133.05,22133,2625,22136.45,375,150,18229875
NIFTY-I.NFO,04/03/2025,09:30:09,22136.45,22133.05,225,22136.45,300,75,18229875
NIFTY-I.NFO,04/03/2025,09:30:11,22136.4,22133.05,150,22137.05,75,150,18229875
NIFTY-I.NFO,04/03/2025,09:30:13,22133,22133,2625,22134.7,75,150,18229875
NIFTY-I.NFO,04/03/2025,09:30:14,22133,22133,2475,22133.7,75,225,18229875
NIFTY-I.NFO,04/03/2025,09:30:16,22133,22133,2175,22133.6,150,375,18229875
NIFTY-I.NFO,04/03/2025,09:30:18,22133,22133,1200,22133.05,75,1125,18321750
NIFTY-I.NFO,04/03/2025,09:30:19,22134.95,22133.45,75,22135.05,675,1575,18321750
NIFTY-I.NFO,04/03/2025,09:30:21,22131.65,22131,225,22133.4,450,1200,18321750
NIFTY-I.NFO,04/03/2025,09:30:23,22131,22131,150,22133,150,75,18321750
NIFTY-I.NFO,04/03/2025,09:30:24,22131,22131,150,22132.8,150,0,18321750
NIFTY-I.NFO,04/03/2025,09:30:26,22130,22130.05,600,22131.9,150,525,18321750
NIFTY-I.NFO,04/03/2025,09:30:28,22130.05,22130.05,600,22131.9,75,75,18321750
NIFTY-I.NFO,04/03/2025,09:30:29,22131.2,22131.2,525,22134.1,150,1050,18321750
NIFTY-I.NFO,04/03/2025,09:30:31,22131.2,22132.05,525,22134.1,75,0,18321750
NIFTY-I.NFO,04/03/2025,09:30:33,22134.9,22133,75,22134.9,75,300,18321750
NIFTY-I.NFO,04/03/2025,09:30:34,22135,22137.5,525,22139.4,150,300,18321750
NIFTY-I.NFO,04/03/2025,09:30:36,22137.5,22136.7,600,22139.5,75,75,18321750
NIFTY-I.NFO,04/03/2025,09:30:38,22140,22138.4,450,22140,75,225,18321750
NIFTY-I.NFO,04/03/2025,09:30:39,22140,22136.55,450,22141.65,75,150,18321750
NIFTY-I.NFO,04/03/2025,09:30:41,22144.2,22140.95,450,22144.2,75,375,18321750
NIFTY-I.NFO,04/03/2025,09:30:43,22145,22143.75,450,22145,75,300,18321750
NIFTY-I.NFO,04/03/2025,09:30:44,22145,22145.9,75,22149,150,75,18321750
NIFTY-I.NFO,04/03/2025,09:30:46,22148.95,22145.05,75,22149,150,75,18321750
NIFTY-I.NFO,04/03/2025,09:30:48,22148.75,22145,150,22149,75,225,18321750
NIFTY-I.NFO,04/03/2025,09:30:49,22145,22144.95,75,22148.65,300,300,18321750
NIFTY-I.NFO,04/03/2025,09:30:51,22148.7,22148.7,150,22149,75,375,18321750
NIFTY-I.NFO,04/03/2025,09:30:53,22150,22152,150,22154.7,825,375,18321750
NIFTY-I.NFO,04/03/2025,09:30:54,22151.95,22148.7,75,22151.7,750,1050,18321750
NIFTY-I.NFO,04/03/2025,09:30:56,22150.4,22148.65,75,22152,1725,300,18321750
NIFTY-I.NFO,04/03/2025,09:30:58,22149.35,22149,75,22149.65,75,675,18321750
NIFTY-I.NFO,04/03/2025,09:30:59,22148.1,22145,75,22147.95,75,375,18321750
NIFTY-I.NFO,04/03/2025,09:31:01,22145,22144.95,75,22146.8,75,825,18321750
NIFTY-I.NFO,04/03/2025,09:31:03,22146.1,22140,375,22145.55,525,2025,18321750
NIFTY-I.NFO,04/03/2025,09:31:04,22140,22140,300,22142.6,75,75,18321750
NIFTY-I.NFO,04/03/2025,09:31:06,22140,22135.45,300,22141.5,450,300,18321750
NIFTY-I.NFO,04/03/2025,09:31:08,22141.65,22136.5,300,22141.85,75,1275,18321750
NIFTY-I.NFO,04/03/2025,09:31:10,22139.95,22136.15,300,22140,300,375,18321750
NIFTY-I.NFO,04/03/2025,09:31:11,22135,22134,150,22138.9,300,300,18321750
NIFTY-I.NFO,04/03/2025,09:31:13,22137.45,22134,75,22137.5,150,225,18321750
NIFTY-I.NFO,04/03/2025,09:31:15,22131,22131,225,22136.05,150,525,18321750
NIFTY-I.NFO,04/03/2025,09:31:16,22132,22130.55,300,22135.9,225,150,18321750
NIFTY-I.NFO,04/03/2025,09:31:18,22131,22131.75,75,22135.5,300,1950,18321750
NIFTY-I.NFO,04/03/2025,09:31:20,22135.9,22135.9,825,22136.45,300,1275,18321750
NIFTY-I.NFO,04/03/2025,09:31:21,22135.9,22135.9,450,22136.3,300,450,18321750
NIFTY-I.NFO,04/03/2025,09:31:23,22135,22131.05,75,22134.05,300,2025,18321750
NIFTY-I.NFO,04/03/2025,09:31:25,22134.05,22134.05,825,22135.35,375,3750,18321750
NIFTY-I.NFO,04/03/2025,09:31:26,22134.05,22135.35,1500,22136.3,75,225,18321750
NIFTY-I.NFO,04/03/2025,09:31:28,22136.5,22135.35,1500,22136.7,300,150,18321750
NIFTY-I.NFO,04/03/2025,09:31:30,22135.35,22135.35,150,22137.15,450,1350,18321750
NIFTY-I.NFO,04/03/2025,09:31:31,22135.35,22135.35,75,22137.1,75,75,18321750
NIFTY-I.NFO,04/03/2025,09:31:33,22135.35,22136.7,150,22137.5,75,0,18321750
NIFTY-I.NFO,04/03/2025,09:31:35,22136.7,22135.35,75,22138.7,150,300,18321750
NIFTY-I.NFO,04/03/2025,09:31:36,22135.35,22135,300,22137.05,75,675,18321750
NIFTY-I.NFO,04/03/2025,09:31:38,22132,22131,75,22135.25,75,450,18321750
NIFTY-I.NFO,04/03/2025,09:31:40,22135.35,22134.75,75,22137.65,450,300,18321750
NIFTY-I.NFO,04/03/2025,09:31:41,22138.05,22134.75,525,22138,300,600,18321750
NIFTY-I.NFO,04/03/2025,09:31:43,22135.35,22135.35,75,22137.85,75,75,18321750
NIFTY-I.NFO,04/03/2025,09:31:45,22137.85,22135,75,22137.95,150,150,18321750
NIFTY-I.NFO,04/03/2025,09:31:46,22135.35,22135,450,22137.95,150,300,18321750
NIFTY-I.NFO,04/03/2025,09:31:48,22135,22135,375,22137.95,150,75,18321750
NIFTY-I.NFO,04/03/2025,09:31:50,22137.95,22138,2700,22139,75,375,18321750
NIFTY-I.NFO,04/03/2025,09:31:51,22138.05,22138.05,225,22138.95,300,525,18321750
NIFTY-I.NFO,04/03/2025,09:31:53,22138.95,22138.05,225,22138.95,75,150,18321750
NIFTY-I.NFO,04/03/2025,09:31:55,22138.05,22138.05,75,22138.85,75,150,18321750
NIFTY-I.NFO,04/03/2025,09:31:56,22138.05,22138.05,150,22138.95,75,150,18321750
NIFTY-I.NFO,04/03/2025,09:31:58,22138,22138,2250,22138.25,75,450,18321750
NIFTY-I.NFO,04/03/2025,09:32:00,22138,22138,1875,22138.5,750,525,18321750
NIFTY-I.NFO,04/03/2025,09:32:01,22137.45,22135,75,22137.45,225,2400,18321750
NIFTY-I.NFO,04/03/2025,09:32:03,22134.75,22134.8,600,22137.45,150,225,18321750
NIFTY-I.NFO,04/03/2025,09:32:05,22134.75,22134.8,600,22137.35,150,0,18321750
NIFTY-I.NFO,04/03/2025,09:32:06,22137.35,22134.75,75,22137.15,75,150,18321750
NIFTY-I.NFO,04/03/2025,09:32:08,22137.35,22135,75,22137.15,150,0,18321750
NIFTY-I.NFO,04/03/2025,09:32:10,22134.75,22133.85,600,22137.1,225,225,18321750
NIFTY-I.NFO,04/03/2025,09:32:11,22137.1,22133.05,600,22137.1,225,75,18321750
NIFTY-I.NFO,04/03/2025,09:32:13,22136.85,22135.3,900,22136.9,150,150,18321750
NIFTY-I.NFO,04/03/2025,09:32:15,22135.5,22135.35,600,22137.4,75,750,18321750
NIFTY-I.NFO,04/03/2025,09:32:16,22140,22140.05,600,22142.95,75,2025,18321750
NIFTY-I.NFO,04/03/2025,09:32:18,22141.8,22139.4,600,22143.95,75,300,18321750
NIFTY-I.NFO,04/03/2025,09:32:19,22144.6,22140,75,22144.2,150,1200,18321750
NIFTY-I.NFO,04/03/2025,09:32:21,22140,22140.05,600,22144.7,75,75,18321750
NIFTY-I.NFO,04/03/2025,09:32:23,22140,22141.8,75,22144.9,75,0,18321750
NIFTY-I.NFO,04/03/2025,09:32:24,22144.9,22141.8,225,22145,525,75,18321750
NIFTY-I.NFO,04/03/2025,09:32:26,22145,22144.7,75,22145,375,150,18321750
NIFTY-I.NFO,04/03/2025,09:32:28,22145,22144.9,75,22145,375,0,18321750
NIFTY-I.NFO,04/03/2025,09:32:29,22145,22145,75,22148.1,150,375,18321750
NIFTY-I.NFO,04/03/2025,09:32:31,22147,22145,375,22146.55,75,375,18321750
NIFTY-I.NFO,04/03/2025,09:32:33,22147.65,22147,75,22148.1,75,150,18321750
NIFTY-I.NFO,04/03/2025,09:32:34,22147,22147,225,22149,75,300,18321750
NIFTY-I.NFO,04/03/2025,09:32:36,22148.05,22147,225,22147.8,75,225,18321750
NIFTY-I.NFO,04/03/2025,09:32:38,22147.8,22147,225,22148.65,450,75,18321750
NIFTY-I.NFO,04/03/2025,09:32:39,22149.1,22147,225,22149,75,150,18321750
NIFTY-I.NFO,04/03/2025,09:32:41,22150,22148,225,22150,225,450,18321750
NIFTY-I.NFO,04/03/2025,09:32:43,22150,22149,75,22149.1,75,75,18321750
NIFTY-I.NFO,04/03/2025,09:32:44,22150,22149,375,22150,150,150,18321750
NIFTY-I.NFO,04/03/2025,09:32:46,22150,22149,300,22150,75,225,18321750
NIFTY-I.NFO,04/03/2025,09:32:48,22150,22149,300,22151.95,300,75,18321750
NIFTY-I.NFO,04/03/2025,09:32:49,22150,22150,150,22152,1500,0,18321750
NIFTY-I.NFO,04/03/2025,09:32:51,22150,22150,225,22151.15,150,1275,18321750
NIFTY-I.NFO,04/03/2025,09:32:53,22150.15,22150,300,22150.15,75,825,18321750
NIFTY-I.NFO,04/03/2025,09:32:54,22150.1,22150,300,22150.1,225,225,18321750
NIFTY-I.NFO,04/03/2025,09:32:56,22150,22148.1,75,22149.45,300,2025,18321750
NIFTY-I.NFO,04/03/2025,09:32:58,22148,22147,75,22148.1,450,525,18321750
NIFTY-I.NFO,04/03/2025,09:32:59,22147,22145,450,22146.15,375,375,18321750
NIFTY-I.NFO,04/03/2025,09:33:01,22146.25,22145,525,22146.25,150,150,18321750
NIFTY-I.NFO,04/03/2025,09:33:03,22145.1,22145,525,22145.5,525,225,18321750
NIFTY-I.NFO,04/03/2025,09:33:04,22145.5,22145,450,22145.5,375,225,18321750
NIFTY-I.NFO,04/03/2025,09:33:06,22142.35,22141,150,22143.3,150,1800,18321750
NIFTY-I.NFO,04/03/2025,09:33:08,22140,22140,375,22143.1,150,525,18321750
NIFTY-I.NFO,04/03/2025,09:33:09,22140,22140,375,22143,150,0,18321750
NIFTY-I.NFO,04/03/2025,09:33:11,22143.1,22140,75,22143.1,300,450,18321750
NIFTY-I.NFO,04/03/2025,09:33:13,22143.1,22140,75,22143.1,150,0,18321750
NIFTY-I.NFO,04/03/2025,09:33:14,22143.1,22140,225,22143.1,300,0,18321750
NIFTY-I.NFO,04/03/2025,09:33:16,22143.1,22141.05,750,22143.15,375,225,18321750
NIFTY-I.NFO,04/03/2025,09:33:18,22143.15,22140.9,75,22143.15,300,225,18352575
NIFTY-I.NFO,04/03/2025,09:33:19,22143.15,22140,300,22143.15,300,0,18352575
NIFTY-I.NFO,04/03/2025,09:33:21,22140.05,22140.3,675,22143.15,300,75,18352575
NIFTY-I.NFO,04/03/2025,09:33:23,22142.75,22143.7,375,22148,225,375,18352575
NIFTY-I.NFO,04/03/2025,09:33:24,22148,22144,750,22148,75,75,18352575
NIFTY-I.NFO,04/03/2025,09:33:26,22144.05,22144.05,375,22148,75,150,18352575
NIFTY-I.NFO,04/03/2025,09:33:28,22144.05,22144.05,75,22147.6,150,450,18352575
NIFTY-I.NFO,04/03/2025,09:33:30,22149.15,22144.75,300,22149.15,150,825,18352575
NIFTY-I.NFO,04/03/2025,09:33:31,22149.9,22147.7,600,22150,675,150,18352575
NIFTY-I.NFO,04/03/2025,09:33:33,22150,22148.4,75,22150,525,150,18352575
NIFTY-I.NFO,04/03/2025,09:33:35,22150,22150.05,75,22152,675,525,18352575
NIFTY-I.NFO,04/03/2025,09:33:36,22150,22151.15,75,22152,675,0,18352575
NIFTY-I.NFO,04/03/2025,09:33:38,22151.15,22151.15,825,22152,600,525,18352575
NIFTY-I.NFO,04/03/2025,09:33:40,22155,22151.15,375,22155,375,975,18352575
NIFTY-I.NFO,04/03/2025,09:33:41,22155.9,22152,75,22156,150,675,18352575
NIFTY-I.NFO,04/03/2025,09:33:43,22157.9,22153.65,375,22158.1,75,450,18352575
NIFTY-I.NFO,04/03/2025,09:33:45,22158.55,22153.65,450,22157.85,225,300,18352575
NIFTY-I.NFO,04/03/2025,09:33:46,22158.3,22153.7,225,22158.15,150,75,18352575
NIFTY-I.NFO,04/03/2025,09:33:48,22154,22153.7,300,22158,1800,150,18352575
NIFTY-I.NFO,04/03/2025,09:33:50,22158,22154.3,600,22158,1200,750,18352575
NIFTY-I.NFO,04/03/2025,09:33:51,22158,22154.3,75,22158,1050,225,18352575
NIFTY-I.NFO,04/03/2025,09:33:53,22158,22155.95,75,22158,900,300,18352575
NIFTY-I.NFO,04/03/2025,09:33:55,22155.95,22155.95,150,22158,225,900,18352575
NIFTY-I.NFO,04/03/2025,09:33:56,22158,22156,375,22158,75,150,18352575
NIFTY-I.NFO,04/03/2025,09:33:58,22157.9,22156,75,22158,75,75,18352575
NIFTY-I.NFO,04/03/2025,09:34:00,22160,22157.9,75,22160,150,3150,18352575
NIFTY-I.NFO,04/03/2025,09:34:01,22157.7,22156,75,22157.9,75,900,18352575
NIFTY-I.NFO,04/03/2025,09:34:03,22159.3,22158,75,22159.8,75,675,18352575
NIFTY-I.NFO,04/03/2025,09:34:05,22163.95,22160.05,450,22164,150,825,18352575
NIFTY-I.NFO,04/03/2025,09:34:06,22163.15,22160.1,75,22162.9,75,150,18352575
NIFTY-I.NFO,04/03/2025,09:34:08,22162.3,22160.1,75,22161.6,150,75,18352575
NIFTY-I.NFO,04/03/2025,09:34:10,22160,22160,75,22160.1,375,750,18352575
NIFTY-I.NFO,04/03/2025,09:34:11,22158.45,22157,300,22158.35,75,750,18352575
NIFTY-I.NFO,04/03/2025,09:34:13,22154.7,22152,75,22154.5,75,900,18352575
NIFTY-I.NFO,04/03/2025,09:34:15,22154.7,22152,225,22154.9,150,150,18352575
NIFTY-I.NFO,04/03/2025,09:34:16,22150.9,22152.25,225,22154.9,150,975,18352575
NIFTY-I.NFO,04/03/2025,09:34:18,22154.9,22152.95,225,22154.9,75,75,18352575
NIFTY-I.NFO,04/03/2025,09:34:20,22153.4,22153.4,75,22158.3,600,600,18352575
NIFTY-I.NFO,04/03/2025,09:34:21,22155.75,22153.1,75,22154.65,75,5100,18352575
NIFTY-I.NFO,04/03/2025,09:34:23,22153.1,22150.5,75,22154.3,75,150,18352575
NIFTY-I.NFO,04/03/2025,09:34:25,22150.5,22150,1050,22152.6,75,75,18352575
NIFTY-I.NFO,04/03/2025,09:34:26,22152.35,22150,825,22152.6,75,525,18352575
NIFTY-I.NFO,04/03/2025,09:34:28,22152.35,22150,1125,22151.95,75,0,18352575
NIFTY-I.NFO,04/03/2025,09:34:30,22151.95,22151.95,75,22154.2,150,75,18352575
NIFTY-I.NFO,04/03/2025,09:34:31,22154.55,22151.95,150,22154.7,225,150,18352575
NIFTY-I.NFO,04/03/2025,09:34:33,22154.2,22151.95,75,22154.7,150,225,18352575
NIFTY-I.NFO,04/03/2025,09:34:35,22156.05,22151.95,75,22155.6,75,1350,18352575
NIFTY-I.NFO,04/03/2025,09:34:36,22156.05,22152.15,150,22154.55,75,0,18352575
NIFTY-I.NFO,04/03/2025,09:34:38,22154.55,22152.4,75,22156.15,75,75,18352575
NIFTY-I.NFO,04/03/2025,09:34:40,22154.55,22154.3,150,22157.9,150,0,18352575
NIFTY-I.NFO,04/03/2025,09:34:41,22155,22154.55,75,22157.9,300,225,18352575
NIFTY-I.NFO,04/03/2025,09:34:43,22155.85,22155.85,75,22157.9,300,75,18352575
NIFTY-I.NFO,04/03/2025,09:34:45,22155.35,22155.1,150,22155.35,300,975,18352575
NIFTY-I.NFO,04/03/2025,09:34:46,22153.75,22153.1,150,22157.75,150,1350,18352575
NIFTY-I.NFO,04/03/2025,09:34:48,22153,22153.05,300,22157.9,150,900,18352575
NIFTY-I.NFO,04/03/2025,09:34:50,22155.85,22152.65,450,22157.85,75,975,18352575
NIFTY-I.NFO,04/03/2025,09:34:51,22157,22157,2550,22157.3,75,750,18352575
NIFTY-I.NFO,04/03/2025,09:34:53,22151.65,22151.7,150,22156.45,150,2925,18352575
NIFTY-I.NFO,04/03/2025,09:34:55,22151.65,22152.8,825,22155.75,150,0,18352575
NIFTY-I.NFO,04/03/2025,09:34:56,22155.75,22152.15,300,22156.45,225,150,18352575
NIFTY-I.NFO,04/03/2025,09:34:58,22150.95,22151.85,225,22156.4,300,300,18352575
NIFTY-I.NFO,04/03/2025,09:35:00,22156.4,22153.5,600,22156.4,150,75,18352575
NIFTY-I.NFO,04/03/2025,09:35:01,22156.4,22155.75,375,22156.4,75,450,18352575
NIFTY-I.NFO,04/03/2025,09:35:03,22157,22156.4,1725,22158.45,225,375,18352575
NIFTY-I.NFO,04/03/2025,09:35:05,22160,22160,150,22160.1,150,525,18352575
NIFTY-I.NFO,04/03/2025,09:35:06,22158.45,22160,225,22160.1,150,300,18352575
NIFTY-I.NFO,04/03/2025,09:35:08,22156.4,22156.4,2625,22159.15,300,2325,18352575
NIFTY-I.NFO,04/03/2025,09:35:10,22159.3,22156.4,2625,22158.35,75,375,18352575
NIFTY-I.NFO,04/03/2025,09:35:11,22158.5,22157.85,150,22158.5,300,675,18352575
NIFTY-I.NFO,04/03/2025,09:35:13,22157.85,22157.85,75,22158.6,75,225,18352575
NIFTY-I.NFO,04/03/2025,09:35:15,22158.3,22156.4,2550,22157.95,150,225,18352575
NIFTY-I.NFO,04/03/2025,09:35:16,22156.4,22156.4,225,22156.5,150,2475,18352575
NIFTY-I.NFO,04/03/2025,09:35:18,22155.75,22153.05,75,22156.4,75,1050,18352575
NIFTY-I.NFO,04/03/2025,09:35:20,22155.75,22153.05,75,22156.4,225,0,18352575
NIFTY-I.NFO,04/03/2025,09:35:21,22158,22153.45,375,22158.3,75,375,18352575
NIFTY-I.NFO,04/03/2025,09:35:23,22153.1,22153.05,75,22157.65,600,300,18352575
NIFTY-I.NFO,04/03/2025,09:35:25,22153.05,22151.35,375,22157.15,150,75,18352575
NIFTY-I.NFO,04/03/2025,09:35:26,22156.3,22153,75,22155.15,375,75,18352575
NIFTY-I.NFO,04/03/2025,09:35:28,22155.7,22153.1,525,22155.85,225,1125,18352575
NIFTY-I.NFO,04/03/2025,09:35:30,22155.3,22153.1,675,22154.7,450,3000,18352575
NIFTY-I.NFO,04/03/2025,09:35:31,22153.15,22153.1,525,22153.8,75,150,18352575
NIFTY-I.NFO,04/03/2025,09:35:33,22155.25,22154.7,300,22154.75,450,1725,18352575
NIFTY-I.NFO,04/03/2025,09:35:35,22154.15,22153.1,525,22154.15,150,675,18352575
NIFTY-I.NFO,04/03/2025,09:35:36,22151.35,22150.2,75,22151,75,1125,18352575
NIFTY-I.NFO,04/03/2025,09:35:38,22150.8,22150,1950,22150.85,225,300,18352575
NIFTY-I.NFO,04/03/2025,09:35:40,22150.85,22150,1950,22150.85,150,375,18352575
NIFTY-I.NFO,04/03/2025,09:35:41,22151,22150.45,1200,22154.1,375,750,18352575
NIFTY-I.NFO,04/03/2025,09:35:43,22154.1,22150,1575,22153.95,150,600,18352575
NIFTY-I.NFO,04/03/2025,09:35:45,22153,22151,75,22153.45,75,75,18352575
NIFTY-I.NFO,04/03/2025,09:35:46,22153,22151.05,150,22153,1200,600,18352575
NIFTY-I.NFO,04/03/2025,09:35:48,22153.45,22151.05,450,22154.15,150,1275,18352575
NIFTY-I.NFO,04/03/2025,09:35:50,22151.5,22152.55,75,22154.7,75,300,18352575
NIFTY-I.NFO,04/03/2025,09:35:51,22155.25,22155.4,450,22158,225,525,18352575
NIFTY-I.NFO,04/03/2025,09:35:53,22154.1,22155.4,150,22158,225,75,18352575
NIFTY-I.NFO,04/03/2025,09:35:55,22155,22155.4,75,22158,225,225,18352575
NIFTY-I.NFO,04/03/2025,09:35:56,22155.4,22152,150,22156.4,150,1050,18352575
NIFTY-I.NFO,04/03/2025,09:35:58,22155.4,22152,225,22156.45,150,0,18352575
NIFTY-I.NFO,04/03/2025,09:36:00,22155.3,22152,150,22155.35,225,225,18352575
NIFTY-I.NFO,04/03/2025,09:36:01,22154.8,22153,3300,22154.2,450,75,18352575
NIFTY-I.NFO,04/03/2025,09:36:03,22153,22153,1950,22154.2,375,1500,18352575
NIFTY-I.NFO,04/03/2025,09:36:05,22153,22153,1800,22154.2,300,375,18352575
NIFTY-I.NFO,04/03/2025,09:36:06,22153,22153,1425,22153.85,150,675,18352575
NIFTY-I.NFO,04/03/2025,09:36:08,22153.85,22153,1425,22154.2,225,75,18352575
NIFTY-I.NFO,04/03/2025,09:36:10,22153,22153,450,22154.2,225,1200,18352575
NIFTY-I.NFO,04/03/2025,09:36:11,22154.2,22154.2,300,22154.35,75,300,18352575
NIFTY-I.NFO,04/03/2025,09:36:13,22154.2,22154.2,150,22155.55,75,375,18352575
NIFTY-I.NFO,04/03/2025,09:36:15,22153.45,22153,150,22153.45,75,1200,18352575
NIFTY-I.NFO,04/03/2025,09:36:16,22153,22151.5,225,22152.45,225,150,18352575
NIFTY-I.NFO,04/03/2025,09:36:18,22153.45,22152.45,1125,22155,150,675,18380175
NIFTY-I.NFO,04/03/2025,09:36:20,22155,22153.45,75,22155,75,75,18380175
NIFTY-I.NFO,04/03/2025,09:36:21,22155,22153.45,300,22155,75,0,18380175
NIFTY-I.NFO,04/03/2025,09:36:23,22157,22153.45,300,22156.7,150,300,18380175
NIFTY-I.NFO,04/03/2025,09:36:25,22157,22153.45,300,22155.8,75,0,18380175
NIFTY-I.NFO,04/03/2025,09:36:26,22157,22153.45,300,22155.75,450,0,18380175
NIFTY-I.NFO,04/03/2025,09:36:28,22156.3,22153.45,300,22156.3,150,975,18380175
NIFTY-I.NFO,04/03/2025,09:36:30,22153.45,22153.5,225,22155.5,75,75,18380175
NIFTY-I.NFO,04/03/2025,09:36:31,22155.25,22153.5,300,22154.6,75,150,18380175
NIFTY-I.NFO,04/03/2025,09:36:33,22153.55,22153.55,75,22154.3,375,75,18380175
NIFTY-I.NFO,04/03/2025,09:36:35,22150,22153.45,75,22154.2,375,1275,18380175
NIFTY-I.NFO,04/03/2025,09:36:36,22154.2,22153.45,75,22154.2,300,75,18380175
NIFTY-I.NFO,04/03/2025,09:36:38,22153.35,22150,1200,22153.2,75,450,18380175
NIFTY-I.NFO,04/03/2025,09:36:40,22153.05,22150,1200,22151.7,75,75,18380175
NIFTY-I.NFO,04/03/2025,09:36:41,22150,22148,75,22151.15,375,1575,18380175
NIFTY-I.NFO,04/03/2025,09:36:43,22150.4,22148,75,22150.4,75,300,18380175
NIFTY-I.NFO,04/03/2025,09:36:45,22150.4,22148,75,22150,1275,75,18380175
NIFTY-I.NFO,04/03/2025,09:36:46,22150,22148,75,22150,1050,225,18380175
NIFTY-I.NFO,04/03/2025,09:36:48,22148,22147,375,22150,1050,150,18380175
NIFTY-I.NFO,04/03/2025,09:36:50,22147.05,22147.05,375,22150,1125,225,18380175
NIFTY-I.NFO,04/03/2025,09:36:51,22150,22149.1,675,22154.2,300,1125,18380175
NIFTY-I.NFO,04/03/2025,09:36:53,22149.2,22149.45,975,22154.2,300,75,18380175
NIFTY-I.NFO,04/03/2025,09:36:55,22153.75,22149.45,150,22153.75,225,675,18380175
NIFTY-I.NFO,04/03/2025,09:36:56,22149.45,22147.5,375,22150,300,150,18380175
NIFTY-I.NFO,04/03/2025,09:36:58,22150,22148.25,975,22150,75,225,18380175
NIFTY-I.NFO,04/03/2025,09:37:00,22147.1,22147.1,975,22150,75,75,18380175
NIFTY-I.NFO,04/03/2025,09:37:01,22147.1,22148.05,675,22150,150,0,18380175
NIFTY-I.NFO,04/03/2025,09:37:03,22150.4,22150.4,975,22154.2,150,675,18380175
NIFTY-I.NFO,04/03/2025,09:37:05,22152.3,22150.55,375,22155,600,300,18380175
NIFTY-I.NFO,04/03/2025,09:37:06,22152.3,22150,75,22154.35,300,0,18380175
NIFTY-I.NFO,04/03/2025,09:37:08,22152.3,22151.15,675,22155,600,0,18380175
NIFTY-I.NFO,04/03/2025,09:37:10,22152.3,22152.45,675,22155,675,0,18380175
NIFTY-I.NFO,04/03/2025,09:37:11,22152.3,22152.45,75,22155,975,825,18380175
NIFTY-I.NFO,04/03/2025,09:37:13,22150,22152.45,75,22153.6,225,375,18380175
NIFTY-I.NFO,04/03/2025,09:37:15,22151.9,22149,75,22151.9,300,300,18380175
NIFTY-I.NFO,04/03/2025,09:37:16,22149.45,22149.45,150,22151.9,300,300,18380175
NIFTY-I.NFO,04/03/2025,09:37:18,22149.45,22150.1,375,22151.9,300,0,18380175
NIFTY-I.NFO,04/03/2025,09:37:20,22151.9,22151.05,675,22151.9,75,225,18380175
NIFTY-I.NFO,04/03/2025,09:37:21,22151.95,22153.65,375,22155,675,525,18380175
NIFTY-I.NFO,04/03/2025,09:37:23,22152.6,22152.6,375,22155,675,525,18380175
NIFTY-I.NFO,04/03/2025,09:37:25,22152.65,22152.85,375,22155,675,75,18380175
NIFTY-I.NFO,04/03/2025,09:37:26,22155.75,22155.4,675,22158,1875,3825,18380175
NIFTY-I.NFO,04/03/2025,09:37:28,22155.75,22155.4,150,22158,1875,0,18380175
NIFTY-I.NFO,04/03/2025,09:37:30,22155.1,22155.1,300,22157.9,600,450,18380175
NIFTY-I.NFO,04/03/2025,09:37:31,22158,22155.75,75,22158,1725,75,18380175
NIFTY-I.NFO,04/03/2025,09:37:33,22157.9,22157.85,75,22157.9,1425,300,18380175
NIFTY-I.NFO,04/03/2025,09:37:35,22157.9,22157.85,525,22157.9,525,900,18380175
NIFTY-I.NFO,04/03/2025,09:37:36,22158.95,22157.85,150,22159,1575,2250,18380175
NIFTY-I.NFO,04/03/2025,09:37:38,22159,22158.2,375,22159,1275,300,18380175
NIFTY-I.NFO,04/03/2025,09:37:40,22162.45,22160.5,375,22162.5,75,4425,18380175
NIFTY-I.NFO,04/03/2025,09:37:41,22162,22161.05,375,22162.9,75,1950,18380175
NIFTY-I.NFO,04/03/2025,09:37:43,22161.05,22161.05,75,22162.9,75,75,18380175
NIFTY-I.NFO,04/03/2025,09:37:45,22161.05,22161.05,75,22163.95,600,150,18380175
NIFTY-I.NFO,04/03/2025,09:37:46,22163.7,22161.05,225,22164,150,600,18380175
NIFTY-I.NFO,04/03/2025,09:37:48,22164.7,22162.9,225,22164.8,600,375,18380175
NIFTY-I.NFO,04/03/2025,09:37:50,22162.9,22162.9,600,22163.8,75,150,18380175
NIFTY-I.NFO,04/03/2025,09:37:52,22162.95,22162.95,75,22164.75,600,150,18380175
NIFTY-I.NFO,04/03/2025,09:37:53,22165,22163,375,22165,2550,225,18380175
NIFTY-I.NFO,04/03/2025,09:37:55,22165,22163,750,22165,2250,300,18380175
NIFTY-I.NFO,04/03/2025,09:37:57,22163,22163.05,150,22165,1800,750,18380175
NIFTY-I.NFO,04/03/2025,09:37:58,22165,22163.05,150,22165,1725,75,18380175
NIFTY-I.NFO,04/03/2025,09:38:00,22168,22168,75,22169,1275,2475,18380175
NIFTY-I.NFO,04/03/2025,09:38:02,22169,22168.7,75,22169,1500,4425,18380175
NIFTY-I.NFO,04/03/2025,09:38:03,22168.7,22168.7,225,22169,1500,1725,18380175
NIFTY-I.NFO,04/03/2025,09:38:05,22169,22168.7,375,22169,375,1275,18380175
NIFTY-I.NFO,04/03/2025,09:38:07,22169,22169.05,525,22172.3,75,1425,18380175
NIFTY-I.NFO,04/03/2025,09:38:08,22169.1,22169.1,300,22172.2,600,450,18380175
NIFTY-I.NFO,04/03/2025,09:38:10,22173.1,22169.1,150,22173.05,600,1425,18380175
NIFTY-I.NFO,04/03/2025,09:38:12,22172.3,22170,525,22171.8,975,375,18380175
NIFTY-I.NFO,04/03/2025,09:38:13,22171.8,22170,300,22171.8,675,375,18380175
NIFTY-I.NFO,04/03/2025,09:38:15,22172.3,22171.1,525,22173.1,150,900,18380175
NIFTY-I.NFO,04/03/2025,09:38:17,22174.9,22172.05,300,22175,4650,525,18380175
NIFTY-I.NFO,04/03/2025,09:38:18,22174.9,22172.05,750,22174.9,75,225,18380175
NIFTY-I.NFO,04/03/2025,09:38:20,22174,22174,75,22174.9,900,150,18380175
NIFTY-I.NFO,04/03/2025,09:38:22,22172.05,22174,150,22174.9,150,900,18380175
NIFTY-I.NFO,04/03/2025,09:38:23,22174.9,22174.9,1275,22175,4725,375,18380175
NIFTY-I.NFO,04/03/2025,09:38:25,22174.65,22174,300,22174.65,225,1575,18380175
NIFTY-I.NFO,04/03/2025,09:38:27,22172,22171.8,375,22171.85,225,1200,18380175
NIFTY-I.NFO,04/03/2025,09:38:28,22170,22168.2,825,22171.05,150,675,18380175
NIFTY-I.NFO,04/03/2025,09:38:30,22170.85,22170,525,22170.85,75,75,18380175
NIFTY-I.NFO,04/03/2025,09:38:32,22171.05,22168,150,22170,75,375,18380175
NIFTY-I.NFO,04/03/2025,09:38:33,22169.4,22168,150,22170,75,150,18380175
NIFTY-I.NFO,04/03/2025,09:38:35,22168,22168,75,22168.85,75,75,18380175
NIFTY-I.NFO,04/03/2025,09:38:37,22167.1,22164,75,22167.25,150,375,18380175
NIFTY-I.NFO,04/03/2025,09:38:38,22164,22163,150,22165.25,75,225,18380175
NIFTY-I.NFO,04/03/2025,09:38:40,22163,22162.05,75,22165.3,450,225,18380175
NIFTY-I.NFO,04/03/2025,09:38:42,22163.4,22162,75,22163.4,375,150,18380175
NIFTY-I.NFO,04/03/2025,09:38:43,22163,22162,75,22163.1,75,300,18380175
NIFTY-I.NFO,04/03/2025,09:38:45,22164.85,22161.1,1200,22165.45,375,450,18380175
NIFTY-I.NFO,04/03/2025,09:38:47,22164.95,22161.1,900,22164.85,75,225,18380175
NIFTY-I.NFO,04/03/2025,09:38:48,22164.4,22161.1,1200,22165,75,75,18380175
NIFTY-I.NFO,04/03/2025,09:38:50,22163,22163,75,22164,75,75,18380175
NIFTY-I.NFO,04/03/2025,09:38:52,22161.1,22161.1,750,22163.1,75,750,18380175
NIFTY-I.NFO,04/03/2025,09:38:53,22161.1,22161.1,750,22163.55,375,0,18380175
NIFTY-I.NFO,04/03/2025,09:38:55,22165.25,22161.1,975,22165,75,225,18380175
NIFTY-I.NFO,04/03/2025,09:38:57,22166.25,22162.4,150,22166.4,75,900,18380175
NIFTY-I.NFO,04/03/2025,09:38:58,22165,22164,75,22168.2,150,450,18380175
NIFTY-I.NFO,04/03/2025,09:39:00,22165,22164.05,150,22168.1,150,300,18380175
NIFTY-I.NFO,04/03/2025,09:39:02,22168.1,22167.4,75,22169.55,75,75,18380175
NIFTY-I.NFO,04/03/2025,09:39:03,22169,22167.4,75,22169,75,75,18380175
NIFTY-I.NFO,04/03/2025,09:39:05,22166.1,22169.55,75,22170.2,225,1275,18380175
NIFTY-I.NFO,04/03/2025,09:39:07,22170.2,22169.55,75,22170.1,75,150,18380175
NIFTY-I.NFO,04/03/2025,09:39:08,22168.15,22164.4,75,22168.15,75,1200,18380175
NIFTY-I.NFO,04/03/2025,09:39:10,22164.4,22163.15,225,22167.4,150,225,18380175
NIFTY-I.NFO,04/03/2025,09:39:12,22166.9,22164,300,22167.1,150,375,18380175
NIFTY-I.NFO,04/03/2025,09:39:13,22164.05,22164.9,600,22169.9,75,375,18380175
NIFTY-I.NFO,04/03/2025,09:39:15,22164.05,22164.75,825,22169,75,0,18380175
NIFTY-I.NFO,04/03/2025,09:39:17,22169,22170,150,22170.3,225,225,18380175
NIFTY-I.NFO,04/03/2025,09:39:18,22170.3,22170,75,22170.3,150,150,18383625
NIFTY-I.NFO,04/03/2025,09:39:20,22170,22170,150,22170.3,150,75,18383625
NIFTY-I.NFO,04/03/2025,09:39:22,22173.4,22174.25,75,22174.65,225,450,18383625
NIFTY-I.NFO,04/03/2025,09:39:23,22174.55,22169.65,150,22174.65,525,375,18383625
NIFTY-I.NFO,04/03/2025,09:39:25,22174.8,22170.35,75,22174.95,150,225,18383625
NIFTY-I.NFO,04/03/2025,09:39:27,22174.9,22170.35,1050,22174.8,150,450,18383625
NIFTY-I.NFO,04/03/2025,09:39:28,22174.55,22170.35,750,22174.55,150,600,18383625
NIFTY-I.NFO,04/03/2025,09:39:30,22170.35,22174.9,150,22174.95,375,150,18383625
NIFTY-I.NFO,04/03/2025,09:39:32,22174.95,22174.9,675,22174.95,150,300,18383625
NIFTY-I.NFO,04/03/2025,09:39:33,22175,22174.9,900,22175,5400,4575,18383625
NIFTY-I.NFO,04/03/2025,09:39:35,22174.8,22174.55,300,22174.95,300,750,18383625
NIFTY-I.NFO,04/03/2025,09:39:37,22174,22170.9,75,22174,300,5475,18383625
NIFTY-I.NFO,04/03/2025,09:39:38,22176.4,22171.4,75,22176.25,150,2775,18383625
NIFTY-I.NFO,04/03/2025,09:39:40,22176.2,22174.95,225,22176.2,300,150,18383625
NIFTY-I.NFO,04/03/2025,09:39:42,22176.2,22174.95,900,22176.9,75,300,18383625
NIFTY-I.NFO,04/03/2025,09:39:43,22176.2,22176.4,75,22176.85,375,0,18383625
NIFTY-I.NFO,04/03/2025,09:39:45,22176.4,22176.2,75,22177.75,300,1425,18383625
NIFTY-I.NFO,04/03/2025,09:39:47,22172.9,22172.6,75,22177.3,450,825,18383625
NIFTY-I.NFO,04/03/2025,09:39:48,22177.3,22173.6,750,22177.75,75,75,18383625
NIFTY-I.NFO,04/03/2025,09:39:50,22176.4,22171.7,150,22176.4,225,1350,18383625
NIFTY-I.NFO,04/03/2025,09:39:52,22176.4,22172.95,300,22176.4,150,225,18383625
NIFTY-I.NFO,04/03/2025,09:39:53,22176.4,22172.95,300,22176.1,150,150,18383625
NIFTY-I.NFO,04/03/2025,09:39:55,22175.5,22172.95,300,22175.9,300,300,18383625
NIFTY-I.NFO,04/03/2025,09:39:57,22172.9,22172,75,22174.1,150,225,18383625
NIFTY-I.NFO,04/03/2025,09:39:58,22172.9,22172,75,22173.9,150,0,18383625
NIFTY-I.NFO,04/03/2025,09:40:00,22171,22170.05,75,22172.9,150,1200,18383625
NIFTY-I.NFO,04/03/2025,09:40:02,22172.9,22172,150,22172.6,450,300,18383625
NIFTY-I.NFO,04/03/2025,09:40:03,22169.6,22167,75,22170.05,150,825,18383625
NIFTY-I.NFO,04/03/2025,09:40:05,22167,22167,375,22169.15,75,450,18383625
NIFTY-I.NFO,04/03/2025,09:40:07,22169.15,22169.15,75,22169.55,300,150,18383625
NIFTY-I.NFO,04/03/2025,09:40:08,22167.05,22167.05,75,22169.1,75,300,18383625
NIFTY-I.NFO,04/03/2025,09:40:10,22166.6,22165.95,75,22167.15,75,825,18383625
NIFTY-I.NFO,04/03/2025,09:40:12,22168.85,22165.95,75,22168.7,225,300,18383625
NIFTY-I.NFO,04/03/2025,09:40:13,22168.4,22165,825,22167.6,375,225,18383625
NIFTY-I.NFO,04/03/2025,09:40:15,22167.15,22167.15,1425,22168.1,300,375,18383625
NIFTY-I.NFO,04/03/2025,09:40:17,22167.15,22167.15,1200,22167.9,300,300,18383625
NIFTY-I.NFO,04/03/2025,09:40:18,22167.15,22167.15,900,22167.9,150,525,18383625
NIFTY-I.NFO,04/03/2025,09:40:20,22167.55,22167.15,525,22167.55,75,525,18383625
NIFTY-I.NFO,04/03/2025,09:40:22,22167.05,22166,375,22167.05,375,1800,18383625
NIFTY-I.NFO,04/03/2025,09:40:23,22167,22166,225,22166.95,75,2175,18383625
NIFTY-I.NFO,04/03/2025,09:40:25,22166,22166,150,22166.95,225,225,18383625
NIFTY-I.NFO,04/03/2025,09:40:27,22167.05,22167.05,1125,22167.25,75,1350,18383625
NIFTY-I.NFO,04/03/2025,09:40:28,22166.95,22165,1275,22166.85,225,2325,18383625
NIFTY-I.NFO,04/03/2025,09:40:30,22165,22165,675,22166,75,600,18383625
NIFTY-I.NFO,04/03/2025,09:40:32,22166,22165,675,22166,75,150,18383625
NIFTY-I.NFO,04/03/2025,09:40:33,22166,22165,675,22166,75,0,18383625
NIFTY-I.NFO,04/03/2025,09:40:35,22165.7,22165,675,22165.6,150,75,18383625
NIFTY-I.NFO,04/03/2025,09:40:37,22165.65,22165.05,75,22165.7,450,300,18383625
NIFTY-I.NFO,04/03/2025,09:40:38,22165,22165,375,22165.5,600,300,18383625
NIFTY-I.NFO,04/03/2025,09:40:40,22165,22162.05,75,22165,75,450,18383625
NIFTY-I.NFO,04/03/2025,09:40:42,22165,22162.1,600,22165.4,525,150,18383625
NIFTY-I.NFO,04/03/2025,09:40:43,22165,22163.6,900,22165.7,75,675,18383625
NIFTY-I.NFO,04/03/2025,09:40:45,22165,22165.4,75,22165.7,75,0,18383625
NIFTY-I.NFO,04/03/2025,09:40:47,22167.5,22165.75,300,22167.5,750,750,18383625
NIFTY-I.NFO,04/03/2025,09:40:48,22167.5,22165.2,150,22167.5,675,300,18383625
NIFTY-I.NFO,04/03/2025,09:40:50,22168,22168.15,450,22169,75,900,18383625
NIFTY-I.NFO,04/03/2025,09:40:52,22169,22168.4,450,22170,450,300,18383625
NIFTY-I.NFO,04/03/2025,09:40:53,22170,22170.3,75,22172,75,450,18383625
NIFTY-I.NFO,04/03/2025,09:40:55,22170,22170.4,300,22174.95,450,300,18383625
NIFTY-I.NFO,04/03/2025,09:40:57,22170.4,22170.4,375,22172.8,825,75,18383625
NIFTY-I.NFO,04/03/2025,09:40:58,22170.4,22172,300,22174.1,225,0,18383625
NIFTY-I.NFO,04/03/2025,09:41:00,22172,22172,150,22175,300,225,18383625
NIFTY-I.NFO,04/03/2025,09:41:02,22176.4,22172,450,22176.3,150,450,18383625
NIFTY-I.NFO,04/03/2025,09:41:03,22175,22174.95,525,22175,75,300,18383625
NIFTY-I.NFO,04/03/2025,09:41:05,22174.95,22172,75,22175.2,300,1125,18383625
NIFTY-I.NFO,04/03/2025,09:41:07,22173.6,22170.4,300,22173.8,150,675,18383625
NIFTY-I.NFO,04/03/2025,09:41:08,22174.35,22170.4,300,22174.8,375,225,18383625
NIFTY-I.NFO,04/03/2025,09:41:10,22170.4,22170.4,225,22174.15,75,300,18383625
NIFTY-I.NFO,04/03/2025,09:41:12,22175,22172,75,22175.35,300,150,18383625
NIFTY-I.NFO,04/03/2025,09:41:13,22174.35,22172,75,22175.35,300,75,18383625
NIFTY-I.NFO,04/03/2025,09:41:15,22175.35,22172,75,22175.85,300,150,18383625
NIFTY-I.NFO,04/03/2025,09:41:17,22172.05,22172,75,22175,300,75,18383625
NIFTY-I.NFO,04/03/2025,09:41:18,22175.9,22173.3,450,22176,1800,450,18383625
NIFTY-I.NFO,04/03/2025,09:41:20,22176,22173.8,75,22176,1350,675,18383625
NIFTY-I.NFO,04/03/2025,09:41:22,22175.9,22174.05,300,22176,1200,300,18383625
NIFTY-I.NFO,04/03/2025,09:41:23,22180,22179.1,300,22181.9,75,10950,18383625
NIFTY-I.NFO,04/03/2025,09:41:25,22185,22185,150,22186.65,600,6900,18383625
NIFTY-I.NFO,04/03/2025,09:41:25,22186.9,22185,150,22186.65,600,0,18383625
NIFTY-I.NFO,04/03/2025,09:41:27,22180,22177.9,75,22182.45,225,750,18383625
NIFTY-I.NFO,04/03/2025,09:41:28,22183.15,22178.7,375,22184.15,375,450,18383625
NIFTY-I.NFO,04/03/2025,09:41:30,22183.35,22179.45,975,22183.35,150,375,18383625
NIFTY-I.NFO,04/03/2025,09:41:32,22179.45,22179.55,300,22182.1,75,225,18383625
NIFTY-I.NFO,04/03/2025,09:41:33,22182.85,22180.2,75,22182.8,375,450,18383625
NIFTY-I.NFO,04/03/2025,09:41:35,22182.45,22182.1,75,22182.8,75,2175,18383625
NIFTY-I.NFO,04/03/2025,09:41:37,22182.1,22179.65,525,22182.8,75,150,18383625
NIFTY-I.NFO,04/03/2025,09:41:38,22180,22180.55,450,22182.45,75,450,18383625
NIFTY-I.NFO,04/03/2025,09:41:40,22182.45,22180.65,525,22182,75,75,18383625
NIFTY-I.NFO,04/03/2025,09:41:42,22182.95,22181.4,300,22184,1800,600,18383625
NIFTY-I.NFO,04/03/2025,09:41:43,22181.45,22181.4,375,22183.95,525,300,18383625
NIFTY-I.NFO,04/03/2025,09:41:45,22181.95,22181.4,375,22181.95,75,450,18383625
NIFTY-I.NFO,04/03/2025,09:41:47,22180.95,22180,150,22180.95,75,2325,18383625
NIFTY-I.NFO,04/03/2025,09:41:48,22181,22180.05,75,22181,300,150,18383625
NIFTY-I.NFO,04/03/2025,09:41:50,22181,22180.95,75,22181,75,225,18383625
NIFTY-I.NFO,04/03/2025,09:41:52,22182,22181.05,75,22182,150,375,18383625
NIFTY-I.NFO,04/03/2025,09:41:53,22182,22181.05,600,22182,75,75,18383625
NIFTY-I.NFO,04/03/2025,09:41:55,22181.85,22180.05,225,22181.85,150,1275,18383625
NIFTY-I.NFO,04/03/2025,09:41:57,22180.05,22180.05,375,22181.75,375,150,18383625
NIFTY-I.NFO,04/03/2025,09:41:59,22182,22182,1275,22183.25,300,750,18383625
NIFTY-I.NFO,04/03/2025,09:42:00,22183.25,22182,1800,22183.25,150,225,18383625
NIFTY-I.NFO,04/03/2025,09:42:02,22183.25,22182.05,525,22183.25,150,300,18383625
NIFTY-I.NFO,04/03/2025,09:42:04,22183.25,22182.05,300,22183.3,150,450,18383625
NIFTY-I.NFO,04/03/2025,09:42:05,22184,22182.05,300,22184,450,975,18383625
NIFTY-I.NFO,04/03/2025,09:42:07,22182.1,22182.05,300,22184,300,300,18383625
NIFTY-I.NFO,04/03/2025,09:42:09,22182.05,22183.25,75,22183.85,300,75,18383625
NIFTY-I.NFO,04/03/2025,09:42:10,22183.25,22183.25,225,22183.75,150,300,18383625
NIFTY-I.NFO,04/03/2025,09:42:12,22183.25,22183.25,300,22183.75,150,150,18383625
NIFTY-I.NFO,04/03/2025,09:42:14,22184.95,22184,1050,22185,225,825,18383625
NIFTY-I.NFO,04/03/2025,09:42:15,22184.05,22184,1275,22184.2,375,75,18383625
NIFTY-I.NFO,04/03/2025,09:42:17,22184.9,22184,300,22184.9,375,1575,18383625
NIFTY-I.NFO,04/03/2025,09:42:19,22183.6,22184,75,22184.1,75,825,18416700
NIFTY-I.NFO,04/03/2025,09:42:20,22184.1,22184.1,375,22184.65,75,450,18416700
NIFTY-I.NFO,04/03/2025,09:42:22,22185,22184.75,1350,22186.55,150,675,18416700
NIFTY-I.NFO,04/03/2025,09:42:24,22185.05,22184.95,750,22186.2,75,675,18416700
NIFTY-I.NFO,04/03/2025,09:42:25,22188,22185.3,375,22187.15,75,1725,18416700
NIFTY-I.NFO,04/03/2025,09:42:25,22188,22185.3,375,22187.15,75,0,18416700
NIFTY-I.NFO,04/03/2025,09:42:27,22187.15,22187.15,75,22188.25,450,225,18416700
NIFTY-I.NFO,04/03/2025,09:42:29,22188,22185.65,600,22189,1650,750,18416700
NIFTY-I.NFO,04/03/2025,09:42:29,22188.95,22185.65,600,22189,1650,0,18416700
NIFTY-I.NFO,04/03/2025,09:42:30,22194,22191,75,22194,75,4050,18416700
NIFTY-I.NFO,04/03/2025,09:42:30,22194,22191,75,22194,75,0,18416700
NIFTY-I.NFO,04/03/2025,09:42:32,22191.55,22191.05,225,22194,75,75,18416700
NIFTY-I.NFO,04/03/2025,09:42:34,22194.05,22194.05,75,22194.2,375,375,18416700
NIFTY-I.NFO,04/03/2025,09:42:34,22194.4,22194.05,75,22194.2,375,0,18416700
NIFTY-I.NFO,04/03/2025,09:42:35,22193.5,22190,1200,22193.5,225,1125,18416700
NIFTY-I.NFO,04/03/2025,09:42:37,22191,22191,525,22193.6,375,1500,18416700
NIFTY-I.NFO,04/03/2025,09:42:39,22191,22193.05,750,22193.7,75,0,18416700
NIFTY-I.NFO,04/03/2025,09:42:40,22193.45,22192.55,600,22193.45,75,1275,18416700
NIFTY-I.NFO,04/03/2025,09:42:42,22193,22192.55,300,22193,825,600,18416700
NIFTY-I.NFO,04/03/2025,09:42:44,22193,22192.55,450,22193,525,375,18416700
NIFTY-I.NFO,04/03/2025,09:42:45,22193.75,22193,150,22193.6,75,1500,18416700
NIFTY-I.NFO,04/03/2025,09:42:47,22193,22193.05,150,22194.05,150,225,18416700
NIFTY-I.NFO,04/03/2025,09:42:49,22193,22193,75,22194.4,600,600,18416700
NIFTY-I.NFO,04/03/2025,09:42:50,22193.15,22193.15,75,22194.4,600,150,18416700
NIFTY-I.NFO,04/03/2025,09:42:52,22194.1,22193,150,22194.4,600,225,18416700
NIFTY-I.NFO,04/03/2025,09:42:54,22194.4,22193.15,150,22194.4,525,75,18416700
NIFTY-I.NFO,04/03/2025,09:42:55,22196.8,22194,675,22198.4,150,3750,18416700
NIFTY-I.NFO,04/03/2025,09:42:55,22198.1,22194,675,22198.4,150,0,18416700
NIFTY-I.NFO,04/03/2025,09:42:57,22197.9,22193.85,1050,22198,900,750,18416700
NIFTY-I.NFO,04/03/2025,09:42:59,22198,22195,75,22198,525,450,18416700
NIFTY-I.NFO,04/03/2025,09:43:00,22198,22193.9,75,22198,150,750,18416700
NIFTY-I.NFO,04/03/2025,09:43:02,22194.85,22194.4,150,22195,75,600,18416700
NIFTY-I.NFO,04/03/2025,09:43:04,22196,22195,225,22197.9,75,150,18416700
NIFTY-I.NFO,04/03/2025,09:43:05,22195,22195,225,22196.9,375,750,18416700
NIFTY-I.NFO,04/03/2025,09:43:05,22198.6,22195,225,22196.9,375,0,18416700
NIFTY-I.NFO,04/03/2025,09:43:07,22198,22195,750,22198,75,300,18416700
NIFTY-I.NFO,04/03/2025,09:43:09,22198.8,22195.05,225,22198.55,225,1350,18416700
NIFTY-I.NFO,04/03/2025,09:43:09,22198.8,22195.05,225,22198.55,225,0,18416700
NIFTY-I.NFO,04/03/2025,09:43:10,22196.2,22196,225,22196.55,75,600,18416700
NIFTY-I.NFO,04/03/2025,09:43:12,22193.7,22193.15,450,22193.7,150,675,18416700
NIFTY-I.NFO,04/03/2025,09:43:14,22193.7,22192.45,750,22195,75,1575,18416700
NIFTY-I.NFO,04/03/2025,09:43:15,22197,22192.5,75,22197,525,225,18416700
NIFTY-I.NFO,04/03/2025,09:43:17,22194.45,22194,75,22194.4,75,900,18416700
NIFTY-I.NFO,04/03/2025,09:43:19,22193.1,22194,225,22195,75,375,18416700
NIFTY-I.NFO,04/03/2025,09:43:20,22194.25,22193,75,22194.75,75,375,18416700
NIFTY-I.NFO,04/03/2025,09:43:22,22193.7,22193,225,22194,75,150,18416700
NIFTY-I.NFO,04/03/2025,09:43:24,22193,22193,75,22194.05,75,225,18416700
NIFTY-I.NFO,04/03/2025,09:43:25,22193,22193.05,75,22193.4,300,0,18416700
NIFTY-I.NFO,04/03/2025,09:43:27,22192.45,22192,75,22192.45,375,1050,18416700
NIFTY-I.NFO,04/03/2025,09:43:29,22191,22191,4050,22191.35,75,2100,18416700
NIFTY-I.NFO,04/03/2025,09:43:30,22190,22190,450,22190.05,525,5775,18416700
NIFTY-I.NFO,04/03/2025,09:43:32,22189.65,22188.4,75,22189.9,600,600,18416700
NIFTY-I.NFO,04/03/2025,09:43:34,22189.6,22188.4,75,22189.9,300,525,18416700
NIFTY-I.NFO,04/03/2025,09:43:35,22186,22186.05,450,22189.85,75,675,18416700
NIFTY-I.NFO,04/03/2025,09:43:37,22186.05,22185.9,75,22189.65,75,300,18416700
NIFTY-I.NFO,04/03/2025,09:43:39,22185.9,22186.8,600,22189.65,75,75,18416700
NIFTY-I.NFO,04/03/2025,09:43:40,22189.65,22187,75,22189.65,75,75,18416700
NIFTY-I.NFO,04/03/2025,09:43:42,22190,22190,150,22191,75,825,18416700
NIFTY-I.NFO,04/03/2025,09:43:44,22190,22189.65,150,22191.25,75,375,18416700
NIFTY-I.NFO,04/03/2025,09:43:45,22189.65,22189.65,75,22191.35,225,225,18416700
NIFTY-I.NFO,04/03/2025,09:43:47,22192.05,22188.1,1125,22192.45,300,1950,18416700
NIFTY-I.NFO,04/03/2025,09:43:49,22188.55,22187.95,825,22192.45,150,75,18416700
NIFTY-I.NFO,04/03/2025,09:43:50,22190,22189.45,525,22193,450,150,18416700
NIFTY-I.NFO,04/03/2025,09:43:52,22193,22190.15,525,22192,150,150,18416700
NIFTY-I.NFO,04/03/2025,09:43:54,22193,22190.05,525,22192,225,0,18416700
NIFTY-I.NFO,04/03/2025,09:43:55,22190,22190,450,22192,225,2325,18416700
NIFTY-I.NFO,04/03/2025,09:43:57,22190,22190,525,22192,300,75,18416700
NIFTY-I.NFO,04/03/2025,09:43:59,22190,22190.1,75,22190.3,225,225,18416700
NIFTY-I.NFO,04/03/2025,09:44:00,22190.3,22190.15,150,22192,375,225,18416700
NIFTY-I.NFO,04/03/2025,09:44:02,22192,22190,300,22192,150,750,18416700
NIFTY-I.NFO,04/03/2025,09:44:04,22192.3,22190.3,75,22191.85,300,1425,18416700
NIFTY-I.NFO,04/03/2025,09:44:05,22190.6,22190.3,75,22190.55,150,600,18416700
NIFTY-I.NFO,04/03/2025,09:44:07,22186.75,22186,75,22186.6,75,750,18416700
NIFTY-I.NFO,04/03/2025,09:44:09,22185,22186.05,150,22186.7,150,825,18416700
NIFTY-I.NFO,04/03/2025,09:44:10,22185.5,22185,900,22185.5,75,225,18416700
NIFTY-I.NFO,04/03/2025,09:44:12,22185,22185,600,22185.2,75,300,18416700
NIFTY-I.NFO,04/03/2025,09:44:14,22179.1,22179,75,22180.1,150,2400,18416700
NIFTY-I.NFO,04/03/2025,09:44:15,22175.8,22175.8,750,22179.1,75,1050,18416700
NIFTY-I.NFO,04/03/2025,09:44:17,22175.8,22175.85,75,22179,150,0,18416700
NIFTY-I.NFO,04/03/2025,09:44:19,22175.25,22175.25,150,22179,150,1650,18416700
NIFTY-I.NFO,04/03/2025,09:44:20,22175.25,22175.25,375,22175.8,150,75,18416700
NIFTY-I.NFO,04/03/2025,09:44:22,22176.45,22175.25,375,22176.5,150,750,18416700
NIFTY-I.NFO,04/03/2025,09:44:24,22175.2,22175.1,375,22175.25,75,1275,18416700
NIFTY-I.NFO,04/03/2025,09:44:25,22175,22175,1350,22175.7,75,1950,18416700
NIFTY-I.NFO,04/03/2025,09:44:27,22175,22175,975,22175.25,75,375,18416700
NIFTY-I.NFO,04/03/2025,09:44:29,22175,22171,3075,22174.75,75,1725,18416700
NIFTY-I.NFO,04/03/2025,09:44:30,22171,22171.5,75,22173.2,450,225,18416700
NIFTY-I.NFO,04/03/2025,09:44:32,22171,22171,3225,22175,225,300,18416700
NIFTY-I.NFO,04/03/2025,09:44:34,22176.35,22171.5,75,22176.4,450,1200,18416700
NIFTY-I.NFO,04/03/2025,09:44:35,22176.2,22171.5,450,22176.2,375,150,18416700
NIFTY-I.NFO,04/03/2025,09:44:37,22172.05,22173,450,22176.45,75,450,18416700
NIFTY-I.NFO,04/03/2025,09:44:39,22173,22173,600,22178.1,375,375,18416700
NIFTY-I.NFO,04/03/2025,09:44:40,22177.45,22173.05,900,22178,75,225,18416700
NIFTY-I.NFO,04/03/2025,09:44:42,22174.55,22173.35,2850,22178.8,75,150,18416700
NIFTY-I.NFO,04/03/2025,09:44:44,22178.95,22174,75,22178.85,225,825,18416700
NIFTY-I.NFO,04/03/2025,09:44:45,22178.35,22175,75,22178.25,375,675,18416700
NIFTY-I.NFO,04/03/2025,09:44:47,22174.1,22175.05,75,22175.65,75,300,18416700
NIFTY-I.NFO,04/03/2025,09:44:49,22174.95,22172,975,22174.55,150,375,18416700
NIFTY-I.NFO,04/03/2025,09:44:50,22174.95,22172.05,75,22174.4,75,0,18416700
NIFTY-I.NFO,04/03/2025,09:44:52,22174.15,22172,675,22173.3,75,375,18416700
NIFTY-I.NFO,04/03/2025,09:44:54,22172,22172,525,22172.7,300,150,18416700
NIFTY-I.NFO,04/03/2025,09:44:55,22171.15,22171,150,22171.1,75,3975,18416700
NIFTY-I.NFO,04/03/2025,09:44:57,22170,22168.4,75,22169.8,225,600,18416700
NIFTY-I.NFO,04/03/2025,09:44:59,22171.15,22165.4,750,22171.05,75,900,18416700
NIFTY-I.NFO,04/03/2025,09:45:00,22169.85,22165,75,22168.85,225,675,18416700
NIFTY-I.NFO,04/03/2025,09:45:02,22161.45,22161.1,675,22166.55,75,1125,18416700
NIFTY-I.NFO,04/03/2025,09:45:04,22167.9,22162.4,600,22168.1,75,1200,18416700
NIFTY-I.NFO,04/03/2025,09:45:05,22162.25,22162.25,1050,22167.8,75,225,18416700
NIFTY-I.NFO,04/03/2025,09:45:07,22165.5,22161.55,225,22165.5,225,600,18416700
NIFTY-I.NFO,04/03/2025,09:45:09,22165.5,22165.5,75,22166.3,75,2250,18416700
NIFTY-I.NFO,04/03/2025,09:45:10,22161.1,22161.1,525,22165.75,675,300,18416700
NIFTY-I.NFO,04/03/2025,09:45:12,22161.1,22161.1,300,22162.3,300,525,18416700
NIFTY-I.NFO,04/03/2025,09:45:14,22155.1,22155.1,1425,22158.25,75,6225,18416700
NIFTY-I.NFO,04/03/2025,09:45:15,22157.4,22155.1,375,22157.65,300,675,18416700
NIFTY-I.NFO,04/03/2025,09:45:17,22155,22152,75,22154,150,1650,18416700
NIFTY-I.NFO,04/03/2025,09:45:19,22152.05,22152,75,22154.95,150,900,18416700
NIFTY-I.NFO,04/03/2025,09:45:20,22155,22152.65,1500,22155.1,150,675,18412500
NIFTY-I.NFO,04/03/2025,09:45:22,22155.2,22155.1,75,22158.65,375,300,18412500
NIFTY-I.NFO,04/03/2025,09:45:24,22160.9,22156.95,225,22160.6,600,2250,18412500
NIFTY-I.NFO,04/03/2025,09:45:25,22160.35,22156.95,225,22161.65,600,75,18412500
NIFTY-I.NFO,04/03/2025,09:45:27,22160.75,22156.95,450,22160.25,525,150,18412500
NIFTY-I.NFO,04/03/2025,09:45:29,22158.7,22152.8,1200,22158.65,150,900,18412500
NIFTY-I.NFO,04/03/2025,09:45:30,22152.7,22152.85,225,22157.45,150,150,18412500
NIFTY-I.NFO,04/03/2025,09:45:32,22157.55,22152.9,225,22156.8,300,75,18412500
NIFTY-I.NFO,04/03/2025,09:45:34,22153,22153.2,975,22158.85,300,75,18412500
NIFTY-I.NFO,04/03/2025,09:45:35,22153.65,22153.65,900,22158.75,75,150,18412500
NIFTY-I.NFO,04/03/2025,09:45:37,22158.2,22154.2,525,22158.75,75,225,18412500
NIFTY-I.NFO,04/03/2025,09:45:39,22154.55,22154.5,75,22158.95,225,525,18412500
NIFTY-I.NFO,04/03/2025,09:45:40,22154.5,22154.5,75,22158,150,225,18412500
NIFTY-I.NFO,04/03/2025,09:45:42,22157.95,22153.05,75,22158,150,675,18412500
NIFTY-I.NFO,04/03/2025,09:45:44,22153,22153.05,225,22156,600,150,18412500
NIFTY-I.NFO,04/03/2025,09:45:45,22156.95,22153.05,150,22156.7,150,900,18412500
NIFTY-I.NFO,04/03/2025,09:45:47,22155,22154,2100,22158,150,225,18412500
NIFTY-I.NFO,04/03/2025,09:45:49,22154,22154,1800,22157.5,375,150,18412500
NIFTY-I.NFO,04/03/2025,09:45:50,22156,22154.05,1050,22157.9,150,150,18412500
NIFTY-I.NFO,04/03/2025,09:45:52,22154.1,22154.25,525,22157.9,150,75,18412500
NIFTY-I.NFO,04/03/2025,09:45:54,22155,22154.25,150,22155,75,150,18412500
NIFTY-I.NFO,04/03/2025,09:45:55,22155,22154.3,75,22157,150,600,18412500
NIFTY-I.NFO,04/03/2025,09:45:57,22154.3,22154.3,300,22156.3,225,750,18412500
NIFTY-I.NFO,04/03/2025,09:45:59,22154.3,22155,75,22155.75,375,0,18412500
NIFTY-I.NFO,04/03/2025,09:46:00,22150,22150,11325,22150.55,300,5325,18412500
NIFTY-I.NFO,04/03/2025,09:46:02,22150.1,22150,5475,22150.1,150,6000,18412500
NIFTY-I.NFO,04/03/2025,09:46:04,22153,22150,5325,22153,300,450,18412500
NIFTY-I.NFO,04/03/2025,09:46:05,22153,22150,4950,22153,150,600,18412500
NIFTY-I.NFO,04/03/2025,09:46:07,22153,22150.25,150,22154.95,75,150,18412500
NIFTY-I.NFO,04/03/2025,09:46:09,22153,22150.25,150,22154.75,225,975,18412500
NIFTY-I.NFO,04/03/2025,09:46:10,22150.3,22150.3,75,22154.25,150,300,18412500
NIFTY-I.NFO,04/03/2025,09:46:12,22150.25,22150.25,150,22150.7,975,225,18412500
NIFTY-I.NFO,04/03/2025,09:46:14,22148,22148,1725,22148.65,450,9750,18412500
NIFTY-I.NFO,04/03/2025,09:46:16,22148,22148,1800,22148.55,450,75,18412500
NIFTY-I.NFO,04/03/2025,09:46:17,22150,22151,900,22151.5,75,1050,18412500
NIFTY-I.NFO,04/03/2025,09:46:19,22151,22151,1875,22151.45,375,150,18412500
NIFTY-I.NFO,04/03/2025,09:46:21,22151,22151,1650,22151.45,375,450,18412500
NIFTY-I.NFO,04/03/2025,09:46:22,22151,22151.05,225,22151.45,375,600,18412500
NIFTY-I.NFO,04/03/2025,09:46:24,22151.05,22151.05,150,22153,75,525,18412500
NIFTY-I.NFO,04/03/2025,09:46:26,22151.05,22151,825,22153,75,150,18412500
NIFTY-I.NFO,04/03/2025,09:46:27,22153,22151,825,22153.95,300,75,18412500
NIFTY-I.NFO,04/03/2025,09:46:29,22153.95,22151.05,600,22153.95,150,300,18412500
NIFTY-I.NFO,04/03/2025,09:46:31,22155,22153.95,900,22156,75,300,18412500
NIFTY-I.NFO,04/03/2025,09:46:32,22158.95,22156,1200,22159,75,300,18412500
NIFTY-I.NFO,04/03/2025,09:46:34,22153.7,22155.8,600,22159.95,75,1650,18412500
NIFTY-I.NFO,04/03/2025,09:46:36,22160,22155.85,900,22160,75,225,18412500
NIFTY-I.NFO,04/03/2025,09:46:37,22155.85,22155.95,525,22159.7,300,150,18412500
NIFTY-I.NFO,04/03/2025,09:46:39,22161.25,22156,150,22161.25,225,900,18412500
NIFTY-I.NFO,04/03/2025,09:46:41,22162.25,22160,150,22162.5,75,75,18412500
NIFTY-I.NFO,04/03/2025,09:46:42,22158.7,22158.65,75,22163.9,75,1650,18412500
NIFTY-I.NFO,04/03/2025,09:46:44,22161.25,22160.25,900,22164.8,75,150,18412500
NIFTY-I.NFO,04/03/2025,09:46:46,22161.25,22160.8,75,22164.8,75,0,18412500
NIFTY-I.NFO,04/03/2025,09:46:47,22165,22163.9,150,22165,300,150,18412500
NIFTY-I.NFO,04/03/2025,09:46:49,22160,22157.5,450,22163.1,375,600,18412500
NIFTY-I.NFO,04/03/2025,09:46:51,22161.95,22156.8,825,22161.95,300,150,18412500
NIFTY-I.NFO,04/03/2025,09:46:52,22158,22158.1,75,22161.9,150,75,18412500
NIFTY-I.NFO,04/03/2025,09:46:54,22161.85,22159.25,750,22161.95,300,75,18412500
NIFTY-I.NFO,04/03/2025,09:46:56,22161.95,22159.25,750,22160,75,150,18412500
NIFTY-I.NFO,04/03/2025,09:46:57,22158.15,22158,75,22160,75,150,18412500
NIFTY-I.NFO,04/03/2025,09:46:59,22161.45,22160,75,22161.15,75,150,18412500
NIFTY-I.NFO,04/03/2025,09:47:01,22159.5,22158,225,22159.5,150,300,18412500
NIFTY-I.NFO,04/03/2025,09:47:02,22159.5,22160,1425,22160.8,75,150,18412500
NIFTY-I.NFO,04/03/2025,09:47:04,22160.75,22160,1200,22160.75,75,450,18412500
NIFTY-I.NFO,04/03/2025,09:47:06,22161.95,22160.8,300,22161.95,150,300,18412500
NIFTY-I.NFO,04/03/2025,09:47:07,22160.8,22160,1200,22161.2,225,300,18412500
NIFTY-I.NFO,04/03/2025,09:47:09,22161,22160,1200,22161.1,600,225,18412500
NIFTY-I.NFO,04/03/2025,09:47:11,22161,22160,1200,22160.8,75,0,18412500
NIFTY-I.NFO,04/03/2025,09:47:12,22160.8,22160,1200,22161.2,675,150,18412500
NIFTY-I.NFO,04/03/2025,09:47:14,22161.9,22161.15,750,22164.9,150,225,18412500
NIFTY-I.NFO,04/03/2025,09:47:16,22165,22166.3,375,22168,75,375,18412500
NIFTY-I.NFO,04/03/2025,09:47:17,22169.55,22164.5,450,22169,225,1950,18412500
NIFTY-I.NFO,04/03/2025,09:47:19,22168.95,22162.7,450,22167.95,75,75,18412500
NIFTY-I.NFO,04/03/2025,09:47:21,22168,22168,450,22169.15,150,75,18412500
NIFTY-I.NFO,04/03/2025,09:47:22,22168,22168,150,22169.25,75,300,18412500
NIFTY-I.NFO,04/03/2025,09:47:24,22168.3,22168,75,22168.7,300,225,18412500
NIFTY-I.NFO,04/03/2025,09:47:26,22169.3,22168,375,22169.95,75,900,18412500
NIFTY-I.NFO,04/03/2025,09:47:27,22170,22168,75,22171,150,675,18412500
NIFTY-I.NFO,04/03/2025,09:47:29,22173.7,22169.95,75,22174.05,375,750,18412500
NIFTY-I.NFO,04/03/2025,09:47:31,22174.75,22170.1,300,22174.95,450,825,18412500
NIFTY-I.NFO,04/03/2025,09:47:32,22174.9,22171.4,300,22174.95,450,75,18412500
NIFTY-I.NFO,04/03/2025,09:47:34,22174.95,22173.6,375,22174.95,225,300,18412500
NIFTY-I.NFO,04/03/2025,09:47:36,22173.6,22170.1,300,22175,225,300,18412500
NIFTY-I.NFO,04/03/2025,09:47:37,22174.45,22170,1575,22174.45,75,150,18412500
NIFTY-I.NFO,04/03/2025,09:47:39,22172,22173.6,75,22174.3,225,225,18412500
NIFTY-I.NFO,04/03/2025,09:47:41,22170,22170,1575,22170.75,150,375,18412500
NIFTY-I.NFO,04/03/2025,09:47:42,22172,22170,1425,22171.95,150,300,18412500
NIFTY-I.NFO,04/03/2025,09:47:44,22172,22170.05,450,22173.6,150,0,18412500
NIFTY-I.NFO,04/03/2025,09:47:46,22173.6,22170.05,300,22173.5,375,150,18412500
NIFTY-I.NFO,04/03/2025,09:47:47,22170.05,22170,2100,22172.5,75,975,18412500
NIFTY-I.NFO,04/03/2025,09:47:49,22172.5,22170,2025,22171.8,600,150,18412500
NIFTY-I.NFO,04/03/2025,09:47:51,22170,22170,750,22170.75,300,1350,18412500
NIFTY-I.NFO,04/03/2025,09:47:52,22169.95,22168.3,900,22169.75,300,900,18412500
NIFTY-I.NFO,04/03/2025,09:47:54,22165,22165,75,22165.75,375,2625,18412500
NIFTY-I.NFO,04/03/2025,09:47:56,22165,22165,75,22165.6,75,150,18412500
NIFTY-I.NFO,04/03/2025,09:47:57,22165,22165,75,22165.6,75,0,18412500
NIFTY-I.NFO,04/03/2025,09:47:59,22170,22168.3,150,22170,225,750,18412500
NIFTY-I.NFO,04/03/2025,09:48:01,22170,22170,150,22172.05,75,375,18412500
NIFTY-I.NFO,04/03/2025,09:48:02,22165.45,22165.7,225,22171.7,375,600,18412500
NIFTY-I.NFO,04/03/2025,09:48:04,22166.05,22167.5,375,22171.5,75,75,18412500
NIFTY-I.NFO,04/03/2025,09:48:06,22171.5,22165.8,375,22171.8,450,225,18412500
NIFTY-I.NFO,04/03/2025,09:48:07,22171.5,22171.7,375,22171.75,75,0,18412500
NIFTY-I.NFO,04/03/2025,09:48:09,22171.75,22171.7,375,22173.3,225,75,18412500
NIFTY-I.NFO,04/03/2025,09:48:11,22172.1,22171.75,750,22175,600,17550,18412500
NIFTY-I.NFO,04/03/2025,09:48:12,22172.05,22171.7,300,22175,450,5400,18412500
NIFTY-I.NFO,04/03/2025,09:48:14,22175,22170.75,375,22176,75,525,18412500
NIFTY-I.NFO,04/03/2025,09:48:16,22177.35,22171.4,375,22175,75,675,18412500
NIFTY-I.NFO,04/03/2025,09:48:17,22177.55,22171.4,225,22177.95,300,4125,18412500
NIFTY-I.NFO,04/03/2025,09:48:19,22172.15,22170.8,300,22177.65,150,1050,18412500
NIFTY-I.NFO,04/03/2025,09:48:21,22172.05,22170.8,300,22176.9,600,525,18405375
NIFTY-I.NFO,04/03/2025,09:48:22,22175,22171.25,300,22177.4,150,375,18405375
NIFTY-I.NFO,04/03/2025,09:48:24,22172.15,22172.2,300,22177.5,75,3525,18405375
NIFTY-I.NFO,04/03/2025,09:48:26,22177,22171.7,300,22177.45,150,7200,18405375
NIFTY-I.NFO,04/03/2025,09:48:27,22177.8,22172,300,22177.85,150,150,18405375
NIFTY-I.NFO,04/03/2025,09:48:29,22173.35,22173.7,525,22177.9,75,375,18405375
NIFTY-I.NFO,04/03/2025,09:48:31,22173.6,22171.8,225,22177.45,150,375,18405375
NIFTY-I.NFO,04/03/2025,09:48:32,22173.6,22172.9,450,22177.9,75,0,18405375
NIFTY-I.NFO,04/03/2025,09:48:34,22177.45,22172.05,225,22176.8,150,75,18405375
NIFTY-I.NFO,04/03/2025,09:48:36,22172.1,22172.1,150,22174.65,150,75,18405375
NIFTY-I.NFO,04/03/2025,09:48:37,22172.1,22172.15,75,22173.65,375,0,18405375
NIFTY-I.NFO,04/03/2025,09:48:39,22173.65,22172.2,75,22175.6,300,375,18405375
NIFTY-I.NFO,04/03/2025,09:48:41,22175,22175,225,22176.65,150,150,18405375
NIFTY-I.NFO,04/03/2025,09:48:42,22175,22175,150,22176.95,300,225,18405375
NIFTY-I.NFO,04/03/2025,09:48:44,22175,22175,75,22176.3,150,150,18405375
NIFTY-I.NFO,04/03/2025,09:48:46,22175,22175,75,22177,75,0,18405375
NIFTY-I.NFO,04/03/2025,09:48:47,22177.45,22175,150,22177.5,75,225,18405375
NIFTY-I.NFO,04/03/2025,09:48:49,22177.45,22175,150,22177.1,300,0,18405375
NIFTY-I.NFO,04/03/2025,09:48:51,22177.5,22175,225,22177.6,75,150,18405375
NIFTY-I.NFO,04/03/2025,09:48:52,22177.6,22175,225,22177.95,300,75,18405375
NIFTY-I.NFO,04/03/2025,09:48:54,22177.95,22177.5,225,22178,150,300,18405375
NIFTY-I.NFO,04/03/2025,09:48:56,22178,22178,225,22179,150,450,18405375
NIFTY-I.NFO,04/03/2025,09:48:57,22179,22177.45,75,22179,75,75,18405375
NIFTY-I.NFO,04/03/2025,09:48:59,22180,22177.45,375,22178,300,150,18405375
NIFTY-I.NFO,04/03/2025,09:49:01,22179.95,22178,225,22179.15,375,675,18405375
NIFTY-I.NFO,04/03/2025,09:49:02,22177.2,22175,450,22177.95,225,525,18405375
NIFTY-I.NFO,04/03/2025,09:49:04,22177.8,22175,375,22177.8,75,150,18405375
NIFTY-I.NFO,04/03/2025,09:49:06,22178.25,22175,300,22178.3,75,450,18405375
NIFTY-I.NFO,04/03/2025,09:49:07,22178.2,22175.05,150,22178.15,75,75,18405375
NIFTY-I.NFO,04/03/2025,09:49:09,22178.5,22175,375,22177.9,75,2625,18405375
NIFTY-I.NFO,04/03/2025,09:49:11,22178.45,22175,450,22179.35,300,450,18405375
NIFTY-I.NFO,04/03/2025,09:49:12,22179.8,22175,150,22179.45,75,375,18405375
NIFTY-I.NFO,04/03/2025,09:49:14,22178.6,22176,375,22178.75,375,150,18405375
NIFTY-I.NFO,04/03/2025,09:49:16,22179.6,22176,375,22179.6,225,75,18405375
NIFTY-I.NFO,04/03/2025,09:49:17,22179.6,22176.05,75,22179.1,375,0,18405375
NIFTY-I.NFO,04/03/2025,09:49:19,22178.6,22176.05,75,22178.1,75,300,18405375
NIFTY-I.NFO,04/03/2025,09:49:21,22178.75,22176.05,225,22177.95,300,225,18405375
NIFTY-I.NFO,04/03/2025,09:49:22,22176,22176,1725,22177.7,300,600,18405375
NIFTY-I.NFO,04/03/2025,09:49:24,22175.9,22175.2,150,22175.9,150,1875,18405375
NIFTY-I.NFO,04/03/2025,09:49:26,22175.9,22175.2,150,22176,1500,0,18405375
NIFTY-I.NFO,04/03/2025,09:49:27,22176,22175.2,150,22176,1350,150,18405375
NIFTY-I.NFO,04/03/2025,09:49:29,22176,22175.2,150,22176,1275,75,18405375
NIFTY-I.NFO,04/03/2025,09:49:31,22175.2,22175.2,75,22176,1275,75,18405375
NIFTY-I.NFO,04/03/2025,09:49:34,22176,22175.2,75,22176,1275,75,18405375
NIFTY-I.NFO,04/03/2025,09:49:36,22176,22175,300,22176,750,750,18405375
NIFTY-I.NFO,04/03/2025,09:49:37,22176,22175,450,22176,675,75,18405375
NIFTY-I.NFO,04/03/2025,09:49:39,22175.05,22175,525,22178.8,675,750,18405375
NIFTY-I.NFO,04/03/2025,09:49:41,22175.05,22175.05,300,22178.8,375,0,18405375
NIFTY-I.NFO,04/03/2025,09:49:42,22175.05,22175.05,450,22178.8,300,225,18405375
NIFTY-I.NFO,04/03/2025,09:49:44,22175.05,22175.05,300,22178.8,225,150,18405375
NIFTY-I.NFO,04/03/2025,09:49:46,22175.1,22175.1,75,22178.8,150,150,18405375
NIFTY-I.NFO,04/03/2025,09:49:47,22179.5,22178.95,300,22180,8175,1050,18405375
NIFTY-I.NFO,04/03/2025,09:49:49,22182,22179,75,22184,75,8400,18405375
NIFTY-I.NFO,04/03/2025,09:49:51,22182,22179.1,75,22181.65,225,0,18405375
NIFTY-I.NFO,04/03/2025,09:49:52,22183.85,22182,75,22183.35,150,225,18405375
NIFTY-I.NFO,04/03/2025,09:49:54,22182.05,22182,225,22184,150,150,18405375
NIFTY-I.NFO,04/03/2025,09:49:56,22185,22182,375,22184.5,75,1500,18405375
NIFTY-I.NFO,04/03/2025,09:49:57,22182.35,22182.05,75,22183.2,300,75,18405375
NIFTY-I.NFO,04/03/2025,09:49:59,22183.85,22182.3,75,22183.7,150,975,18405375
NIFTY-I.NFO,04/03/2025,09:50:01,22184,22182.15,75,22184,75,375,18405375
NIFTY-I.NFO,04/03/2025,09:50:02,22185.2,22182.2,75,22184.7,675,300,18405375
NIFTY-I.NFO,04/03/2025,09:50:04,22184.7,22182.25,300,22185.7,150,150,18405375
NIFTY-I.NFO,04/03/2025,09:50:06,22183.05,22183.05,150,22184.5,75,225,18405375
NIFTY-I.NFO,04/03/2025,09:50:07,22185,22183.05,300,22185,75,525,18405375
NIFTY-I.NFO,04/03/2025,09:50:09,22185.25,22183.05,75,22184.45,150,1050,18405375
NIFTY-I.NFO,04/03/2025,09:50:11,22183.85,22183.1,225,22185,150,75,18405375
NIFTY-I.NFO,04/03/2025,09:50:12,22183,22182,75,22183,375,525,18405375
NIFTY-I.NFO,04/03/2025,09:50:14,22182.6,22180.05,150,22182.1,225,975,18405375
NIFTY-I.NFO,04/03/2025,09:50:16,22180.05,22180.2,150,22182.05,300,75,18405375
NIFTY-I.NFO,04/03/2025,09:50:17,22180.3,22180.2,150,22181.35,300,75,18405375
NIFTY-I.NFO,04/03/2025,09:50:19,22182.9,22181.35,75,22182.5,150,1125,18405375
NIFTY-I.NFO,04/03/2025,09:50:21,22180.85,22180,300,22180.85,825,225,18405375
NIFTY-I.NFO,04/03/2025,09:50:22,22180.85,22180.05,75,22182.5,150,975,18405375
NIFTY-I.NFO,04/03/2025,09:50:24,22181.4,22181.4,300,22182.3,225,75,18405375
NIFTY-I.NFO,04/03/2025,09:50:26,22181.6,22181.35,450,22182.2,375,150,18405375
NIFTY-I.NFO,04/03/2025,09:50:27,22180.5,22180.05,1800,22180.5,150,1200,18405375
NIFTY-I.NFO,04/03/2025,09:50:29,22180.5,22180.05,1800,22180.5,150,0,18405375
NIFTY-I.NFO,04/03/2025,09:50:31,22180.05,22180.05,600,22180.15,150,1425,18405375
NIFTY-I.NFO,04/03/2025,09:50:32,22180.05,22180.05,150,22180.15,150,450,18405375
NIFTY-I.NFO,04/03/2025,09:50:34,22182.5,22180.05,75,22182.05,75,3225,18405375
NIFTY-I.NFO,04/03/2025,09:50:36,22182.55,22180.05,225,22184.4,525,75,18405375
NIFTY-I.NFO,04/03/2025,09:50:37,22184.45,22180.05,225,22180.85,75,900,18405375
NIFTY-I.NFO,04/03/2025,09:50:39,22184.45,22180.25,150,22180.85,75,0,18405375
NIFTY-I.NFO,04/03/2025,09:50:41,22184,22180.5,225,22184.1,300,150,18405375
NIFTY-I.NFO,04/03/2025,09:50:42,22182.6,22180.55,225,22182.7,300,75,18405375
NIFTY-I.NFO,04/03/2025,09:50:44,22182.85,22180.55,150,22182.7,600,300,18405375
NIFTY-I.NFO,04/03/2025,09:50:46,22180.55,22181,525,22181.4,675,225,18405375
