Ticker,Date,Time,LTP,BuyPrice,BuyQty,SellPrice,SellQty,LTQ,OpenInterest
BANKNIFTY-I.NFO,24/09/2024,09:15:00,54058,54097.35,60,54117.85,60,210,1479720
BANKNIFTY-I.NFO,24/09/2024,09:15:00,54058,54097.35,60,54117.85,60,0,1479720
BANKNIFTY-I.NFO,24/09/2024,09:15:00,54095.9,54097.35,60,54117.85,60,0,1479720
BANKNIFTY-I.NFO,24/09/2024,09:15:00,54057.95,54097.35,60,54117.85,60,0,1479720
BANKNIFTY-I.NFO,24/09/2024,09:15:01,54094,54062.5,60,54080.15,15,975,1479720
BANKNIFTY-I.NFO,24/09/2024,09:15:01,54112.6,54062.5,60,54080.15,15,0,1479720
BANKNIFTY-I.NFO,24/09/2024,09:15:02,54037.7,54020,60,54030.7,15,105,1479720
BANKNIFTY-I.NFO,24/09/2024,09:15:02,54037.7,54020,60,54030.7,15,0,1479720
BANKNIFTY-I.NFO,24/09/2024,09:15:03,54031.05,54016.25,60,54028.6,15,1125,1479720
BANKNIFTY-I.NFO,24/09/2024,09:15:03,54011.3,54016.25,60,54028.6,15,0,1479720
BANKNIFTY-I.NFO,24/09/2024,09:15:04,54018.3,54008.95,75,54020.25,15,300,1479720
BANKNIFTY-I.NFO,24/09/2024,09:15:04,54005.65,54008.95,75,54020.25,15,0,1479720
BANKNIFTY-I.NFO,24/09/2024,09:15:05,54011.1,54019.6,15,54038.5,60,855,1479720
BANKNIFTY-I.NFO,24/09/2024,09:15:07,54015.15,54008.6,15,54023.45,60,60,1479720
BANKNIFTY-I.NFO,24/09/2024,09:15:08,53995.1,53991.35,15,54008.1,60,1080,1479720
BANKNIFTY-I.NFO,24/09/2024,09:15:08,53995.1,53991.35,15,54008.1,60,0,1479720
BANKNIFTY-I.NFO,24/09/2024,09:15:09,53999.5,53992.05,15,54003.3,60,45,1479720
BANKNIFTY-I.NFO,24/09/2024,09:15:09,53992.1,53992.05,15,54003.3,60,0,1479720
BANKNIFTY-I.NFO,24/09/2024,09:15:11,53995.1,53983.6,15,53995.45,15,660,1479720
BANKNIFTY-I.NFO,24/09/2024,09:15:11,53992.05,53983.6,15,53995.45,15,0,1479720
BANKNIFTY-I.NFO,24/09/2024,09:15:12,54000,53996.8,15,54010.55,60,150,1479720
BANKNIFTY-I.NFO,24/09/2024,09:15:12,53980.4,53996.8,15,54010.55,60,0,1479720
BANKNIFTY-I.NFO,24/09/2024,09:15:14,54009.9,54008.2,30,54023.95,75,195,1479720
BANKNIFTY-I.NFO,24/09/2024,09:15:15,54006.65,53995.1,15,54003.45,75,165,1479720
BANKNIFTY-I.NFO,24/09/2024,09:15:17,53992.9,53995.25,60,54008.8,60,225,1479720
BANKNIFTY-I.NFO,24/09/2024,09:15:18,54000,54000,15,54006.6,45,345,1479720
BANKNIFTY-I.NFO,24/09/2024,09:15:20,54006.65,53997.45,75,54007.85,15,195,1479720
BANKNIFTY-I.NFO,24/09/2024,09:15:22,54003.35,53989.15,60,54000.8,15,165,1479720
BANKNIFTY-I.NFO,24/09/2024,09:15:23,54006.65,53992.95,60,54005.3,15,195,1479720
BANKNIFTY-I.NFO,24/09/2024,09:15:25,54008.2,54002.05,15,54008.2,15,180,1479720
BANKNIFTY-I.NFO,24/09/2024,09:15:27,54004.65,54001.95,60,54009.9,15,285,1479720
BANKNIFTY-I.NFO,24/09/2024,09:15:28,54010.9,54008.2,15,54015.9,15,480,1479720
BANKNIFTY-I.NFO,24/09/2024,09:15:30,54007.4,54000.8,315,54002.05,75,495,1479720
BANKNIFTY-I.NFO,24/09/2024,09:15:31,54017.45,54014.35,15,54025.8,45,165,1479720
BANKNIFTY-I.NFO,24/09/2024,09:15:33,54025.2,54016.75,15,54023.35,15,255,1480590
BANKNIFTY-I.NFO,24/09/2024,09:15:35,54012,54013.25,60,54025.95,30,180,1480590
BANKNIFTY-I.NFO,24/09/2024,09:15:36,54021.7,54008.25,60,54019.1,15,180,1480590
BANKNIFTY-I.NFO,24/09/2024,09:15:38,54019.7,54019.7,15,54030,30,135,1480590
BANKNIFTY-I.NFO,24/09/2024,09:15:40,54024.5,54013.6,15,54025.2,60,465,1480590
BANKNIFTY-I.NFO,24/09/2024,09:15:41,54028.65,54016.85,15,54028.65,60,600,1480590
BANKNIFTY-I.NFO,24/09/2024,09:15:43,54021.05,54021.05,60,54030,30,135,1480590
BANKNIFTY-I.NFO,24/09/2024,09:15:44,54025,54020.5,60,54030.15,15,225,1480590
BANKNIFTY-I.NFO,24/09/2024,09:15:46,54028.15,54027.35,60,54038.55,60,75,1480590
BANKNIFTY-I.NFO,24/09/2024,09:15:48,54029.95,54021.7,15,54033.85,75,855,1480590
BANKNIFTY-I.NFO,24/09/2024,09:15:49,54025.1,54020,15,54029.05,60,150,1480590
BANKNIFTY-I.NFO,24/09/2024,09:15:51,54026.3,54019.7,60,54030.8,30,75,1480590
BANKNIFTY-I.NFO,24/09/2024,09:15:53,54028.4,54013.6,60,54024.5,30,15,1480590
BANKNIFTY-I.NFO,24/09/2024,09:15:54,54030.35,54022.6,15,54034.3,60,135,1480590
BANKNIFTY-I.NFO,24/09/2024,09:15:56,54028.45,54015,30,54015.55,15,450,1480590
BANKNIFTY-I.NFO,24/09/2024,09:15:57,54025.85,54013.95,60,54025.2,15,240,1480590
BANKNIFTY-I.NFO,24/09/2024,09:15:59,54021.6,54016.55,45,54028.6,60,225,1480590
BANKNIFTY-I.NFO,24/09/2024,09:16:01,54028.65,54028.95,15,54039.95,60,135,1480590
BANKNIFTY-I.NFO,24/09/2024,09:16:02,54042.85,54030.6,45,54041.75,60,150,1480590
BANKNIFTY-I.NFO,24/09/2024,09:16:04,54033.15,54032.2,15,54043.75,60,720,1480590
BANKNIFTY-I.NFO,24/09/2024,09:16:06,54031,54030.15,60,54040.65,60,255,1480590
BANKNIFTY-I.NFO,24/09/2024,09:16:07,54027,54023.8,60,54035.6,15,1050,1480590
BANKNIFTY-I.NFO,24/09/2024,09:16:09,54030,54030,480,54036.85,15,210,1480590
BANKNIFTY-I.NFO,24/09/2024,09:16:10,54028.2,54028.2,60,54039.55,15,630,1480590
BANKNIFTY-I.NFO,24/09/2024,09:16:12,54030,54026.55,60,54036.8,15,75,1480590
BANKNIFTY-I.NFO,24/09/2024,09:16:14,54030.9,54021,60,54031.5,45,495,1480590
BANKNIFTY-I.NFO,24/09/2024,09:16:15,54033.95,54026,15,54033,60,75,1480590
BANKNIFTY-I.NFO,24/09/2024,09:16:17,54029.1,54020.1,30,54028.7,60,60,1480590
BANKNIFTY-I.NFO,24/09/2024,09:16:18,54025,54020,45,54025,135,165,1480590
BANKNIFTY-I.NFO,24/09/2024,09:16:20,54028.7,54026.05,60,54028.7,45,210,1480590
BANKNIFTY-I.NFO,24/09/2024,09:16:22,54030,54033.55,60,54040,255,135,1480590
BANKNIFTY-I.NFO,24/09/2024,09:16:23,54040,54034.55,60,54045,15,270,1480590
BANKNIFTY-I.NFO,24/09/2024,09:16:25,54044.95,54040,120,54045,15,45,1480590
BANKNIFTY-I.NFO,24/09/2024,09:16:27,54024,54026.4,30,54037.9,60,1335,1480590
BANKNIFTY-I.NFO,24/09/2024,09:16:28,54039,54028.3,60,54039,15,120,1480590
BANKNIFTY-I.NFO,24/09/2024,09:16:30,54030,54025,150,54030,240,90,1480590
BANKNIFTY-I.NFO,24/09/2024,09:16:31,54025,54028.65,45,54030,270,15,1480590
BANKNIFTY-I.NFO,24/09/2024,09:16:33,54030,54028.65,45,54029.95,30,90,1480590
BANKNIFTY-I.NFO,24/09/2024,09:16:35,54034.55,54030.5,15,54034.55,30,270,1480590
BANKNIFTY-I.NFO,24/09/2024,09:16:36,54030.5,54032.3,15,54034.55,15,270,1480590
BANKNIFTY-I.NFO,24/09/2024,09:16:38,54034.55,54030.5,15,54035.05,75,180,1480590
BANKNIFTY-I.NFO,24/09/2024,09:16:40,54034.55,54034.55,15,54035.05,75,15,1480590
BANKNIFTY-I.NFO,24/09/2024,09:16:41,54030,54027,75,54035.05,60,210,1480590
BANKNIFTY-I.NFO,24/09/2024,09:16:43,54025,54025,15,54032.6,60,225,1480590
BANKNIFTY-I.NFO,24/09/2024,09:16:44,54036.55,54030,15,54037.85,75,135,1480590
BANKNIFTY-I.NFO,24/09/2024,09:16:46,54035,54026.3,15,54037.75,60,360,1480590
BANKNIFTY-I.NFO,24/09/2024,09:16:48,54040,54031.9,60,54037.7,30,105,1480590
BANKNIFTY-I.NFO,24/09/2024,09:16:49,54037.7,54034,30,54037.7,30,30,1480590
BANKNIFTY-I.NFO,24/09/2024,09:16:51,54035.65,54035.15,15,54039.95,15,120,1480590
BANKNIFTY-I.NFO,24/09/2024,09:16:53,54035.65,54035.05,15,54039.95,45,0,1480590
BANKNIFTY-I.NFO,24/09/2024,09:16:54,54040,54035.7,15,54040,45,210,1480590
BANKNIFTY-I.NFO,24/09/2024,09:16:56,54040,54040,105,54044.95,15,195,1480590
BANKNIFTY-I.NFO,24/09/2024,09:16:58,54041.65,54040,180,54044.9,30,30,1480590
BANKNIFTY-I.NFO,24/09/2024,09:16:59,54048.05,54040,180,54045.3,30,675,1480590
BANKNIFTY-I.NFO,24/09/2024,09:17:01,54040,54040.05,15,54044.4,15,210,1480590
BANKNIFTY-I.NFO,24/09/2024,09:17:02,54035.65,54035.65,135,54040,15,195,1480590
BANKNIFTY-I.NFO,24/09/2024,09:17:04,54040,54039.35,60,54045.25,150,210,1480590
BANKNIFTY-I.NFO,24/09/2024,09:17:06,54045.2,54045.05,60,54045.2,15,195,1480590
BANKNIFTY-I.NFO,24/09/2024,09:17:07,54045.85,54049.2,15,54054.55,900,810,1480590
BANKNIFTY-I.NFO,24/09/2024,09:17:09,54054.55,54047.7,15,54054.55,855,75,1480590
BANKNIFTY-I.NFO,24/09/2024,09:17:11,54060.5,54060.3,15,54069,15,1125,1480590
BANKNIFTY-I.NFO,24/09/2024,09:17:12,54058.3,54063.1,15,54068.95,15,180,1480590
BANKNIFTY-I.NFO,24/09/2024,09:17:14,54067.8,54062.2,15,54068.9,30,150,1480590
BANKNIFTY-I.NFO,24/09/2024,09:17:16,54075,54075,15,54079.8,15,255,1480590
BANKNIFTY-I.NFO,24/09/2024,09:17:17,54080,54079.35,15,54080,255,195,1480590
BANKNIFTY-I.NFO,24/09/2024,09:17:19,54080,54072.4,15,54079,15,60,1480590
BANKNIFTY-I.NFO,24/09/2024,09:17:20,54075.55,54063.85,15,54074.25,60,75,1480590
BANKNIFTY-I.NFO,24/09/2024,09:17:22,54063.65,54060.05,15,54063.85,15,150,1480590
BANKNIFTY-I.NFO,24/09/2024,09:17:24,54063.85,54063.85,15,54068.85,30,105,1480590
BANKNIFTY-I.NFO,24/09/2024,09:17:25,54066.9,54059.1,60,54068.85,45,45,1480590
BANKNIFTY-I.NFO,24/09/2024,09:17:27,54068.85,54064.25,15,54073.9,15,45,1480590
BANKNIFTY-I.NFO,24/09/2024,09:17:28,54068.85,54068.2,15,54078.25,30,0,1480590
BANKNIFTY-I.NFO,24/09/2024,09:17:30,54063.4,54060.65,15,54063.4,30,180,1480590
BANKNIFTY-I.NFO,24/09/2024,09:17:32,54075.1,54064.05,60,54075.1,45,150,1480590
BANKNIFTY-I.NFO,24/09/2024,09:17:33,54074.25,54064.95,60,54075.85,30,60,1480590
BANKNIFTY-I.NFO,24/09/2024,09:17:35,54079.95,54069.15,60,54079.05,45,225,1480590
BANKNIFTY-I.NFO,24/09/2024,09:17:37,54076.45,54068.85,15,54078.3,15,270,1480590
BANKNIFTY-I.NFO,24/09/2024,09:17:38,54074.25,54070.95,30,54078.3,30,45,1480590
BANKNIFTY-I.NFO,24/09/2024,09:17:40,54085,54084.05,15,54085,45,930,1480590
BANKNIFTY-I.NFO,24/09/2024,09:17:42,54096.95,54094.3,15,54096.4,15,315,1480590
BANKNIFTY-I.NFO,24/09/2024,09:17:43,54099.95,54090.3,60,54100,300,180,1480590
BANKNIFTY-I.NFO,24/09/2024,09:17:45,54090.3,54090,15,54095,15,555,1480590
BANKNIFTY-I.NFO,24/09/2024,09:17:46,54075.15,54075.35,60,54085.15,15,120,1480590
BANKNIFTY-I.NFO,24/09/2024,09:17:48,54084.1,54074.95,30,54085.15,30,270,1480590
BANKNIFTY-I.NFO,24/09/2024,09:17:50,54053,54056.35,15,54067.45,60,240,1480590
BANKNIFTY-I.NFO,24/09/2024,09:17:51,54067.4,54063.8,75,54067.45,30,540,1480590
BANKNIFTY-I.NFO,24/09/2024,09:17:53,54067.45,54061.55,60,54073.45,60,600,1480590
BANKNIFTY-I.NFO,24/09/2024,09:17:55,54070.6,54061.6,15,54067.45,30,60,1480590
BANKNIFTY-I.NFO,24/09/2024,09:17:56,54067.45,54064.9,60,54067.45,45,15,1480590
BANKNIFTY-I.NFO,24/09/2024,09:17:58,54067.45,54062.7,60,54074.35,30,90,1480590
BANKNIFTY-I.NFO,24/09/2024,09:18:00,54067.4,54057.6,60,54069.75,15,285,1480590
BANKNIFTY-I.NFO,24/09/2024,09:18:01,54053.95,54052.95,15,54062.3,15,330,1480590
BANKNIFTY-I.NFO,24/09/2024,09:18:03,54062.3,54053.3,60,54062.3,15,120,1480590
BANKNIFTY-I.NFO,24/09/2024,09:18:04,54062.3,54053.9,45,54064.5,60,165,1480590
BANKNIFTY-I.NFO,24/09/2024,09:18:06,54053.8,54050.1,105,54053.95,60,195,1480590
BANKNIFTY-I.NFO,24/09/2024,09:18:08,54042.3,54042.25,60,54050.85,60,240,1480590
BANKNIFTY-I.NFO,24/09/2024,09:18:09,54046.8,54042.25,30,54050.45,30,450,1480590
BANKNIFTY-I.NFO,24/09/2024,09:18:11,54046.7,54036.05,60,54046.7,15,120,1480590
BANKNIFTY-I.NFO,24/09/2024,09:18:13,54036.3,54036.4,60,54048.25,45,75,1480590
BANKNIFTY-I.NFO,24/09/2024,09:18:14,54044.9,54035.8,60,54047.4,15,150,1480590
BANKNIFTY-I.NFO,24/09/2024,09:18:16,54041.2,54035.35,15,54046.65,30,105,1480590
BANKNIFTY-I.NFO,24/09/2024,09:18:18,54037.6,54036.35,60,54047.05,15,15,1480590
BANKNIFTY-I.NFO,24/09/2024,09:18:19,54039.15,54034.55,30,54035.35,15,120,1480590
BANKNIFTY-I.NFO,24/09/2024,09:18:21,54025,54025,90,54031.3,15,390,1480590
BANKNIFTY-I.NFO,24/09/2024,09:18:22,54031.7,54025,60,54031.3,30,45,1480590
BANKNIFTY-I.NFO,24/09/2024,09:18:24,54025,54025,30,54028.8,15,45,1480590
BANKNIFTY-I.NFO,24/09/2024,09:18:26,54025,54020.1,30,54028.8,45,30,1480590
BANKNIFTY-I.NFO,24/09/2024,09:18:27,54020.85,54020.85,60,54028.8,15,135,1480590
BANKNIFTY-I.NFO,24/09/2024,09:18:29,54015,54015.9,75,54020.85,15,900,1480590
BANKNIFTY-I.NFO,24/09/2024,09:18:31,54017.3,54014,15,54017.3,15,1065,1480590
BANKNIFTY-I.NFO,24/09/2024,09:18:32,54010,54010.55,60,54017.3,15,60,1480590
BANKNIFTY-I.NFO,24/09/2024,09:18:34,54019.15,54019.15,60,54024.05,75,135,1483515
BANKNIFTY-I.NFO,24/09/2024,09:18:36,54020.95,54020.85,15,54030,75,195,1483515
BANKNIFTY-I.NFO,24/09/2024,09:18:37,54030,54028.5,15,54034,15,165,1483515
BANKNIFTY-I.NFO,24/09/2024,09:18:39,54029.55,54029.55,60,54039.35,15,375,1483515
BANKNIFTY-I.NFO,24/09/2024,09:18:40,54035,54034.9,285,54043.35,15,210,1483515
BANKNIFTY-I.NFO,24/09/2024,09:18:42,54042.75,54035.2,300,54042.85,15,15,1483515
BANKNIFTY-I.NFO,24/09/2024,09:18:44,54029.55,54021,60,54029.55,390,390,1483515
BANKNIFTY-I.NFO,24/09/2024,09:18:45,54029.55,54022.5,60,54029.55,375,135,1483515
BANKNIFTY-I.NFO,24/09/2024,09:18:47,54029.55,54028.35,60,54029.55,345,45,1483515
BANKNIFTY-I.NFO,24/09/2024,09:18:49,54029.55,54027.6,15,54029.55,330,30,1483515
BANKNIFTY-I.NFO,24/09/2024,09:18:50,54028.1,54025.95,285,54029.55,315,30,1483515
BANKNIFTY-I.NFO,24/09/2024,09:18:52,54026,54025.9,285,54029.45,30,15,1483515
BANKNIFTY-I.NFO,24/09/2024,09:18:53,54021,54020,495,54025.05,15,150,1483515
BANKNIFTY-I.NFO,24/09/2024,09:18:55,54028.1,54022.3,285,54029,15,135,1483515
BANKNIFTY-I.NFO,24/09/2024,09:18:57,54029.2,54029.2,15,54029.25,15,120,1483515
BANKNIFTY-I.NFO,24/09/2024,09:18:58,54029.2,54024.05,15,54029.25,15,15,1483515
BANKNIFTY-I.NFO,24/09/2024,09:19:00,54023.85,54026.3,300,54029.45,15,45,1483515
BANKNIFTY-I.NFO,24/09/2024,09:19:02,54029.55,54022,15,54027.55,15,300,1483515
BANKNIFTY-I.NFO,24/09/2024,09:19:03,54021,54020.8,15,54029,30,60,1483515
BANKNIFTY-I.NFO,24/09/2024,09:19:05,54025.45,54025.7,60,54028.95,15,45,1483515
BANKNIFTY-I.NFO,24/09/2024,09:19:06,54025.1,54022.4,75,54029,60,315,1483515
BANKNIFTY-I.NFO,24/09/2024,09:19:08,54034.75,54033.3,90,54046.35,90,225,1483515
BANKNIFTY-I.NFO,24/09/2024,09:19:10,54043,54036.6,60,54048.55,60,75,1483515
BANKNIFTY-I.NFO,24/09/2024,09:19:12,54036.55,54032.3,270,54039.65,15,15,1483515
BANKNIFTY-I.NFO,24/09/2024,09:19:13,54042.05,54039,60,54046.4,15,120,1483515
BANKNIFTY-I.NFO,24/09/2024,09:19:15,54047.4,54047.4,15,54050,975,75,1483515
BANKNIFTY-I.NFO,24/09/2024,09:19:16,54047.35,54047.75,15,54050,975,45,1483515
BANKNIFTY-I.NFO,24/09/2024,09:19:18,54064.15,54052.6,15,54063,15,1110,1483515
BANKNIFTY-I.NFO,24/09/2024,09:19:20,54063,54051.05,15,54061.2,15,75,1483515
BANKNIFTY-I.NFO,24/09/2024,09:19:21,54064.8,54054.2,15,54064.15,15,120,1483515
BANKNIFTY-I.NFO,24/09/2024,09:19:23,54064.8,54053.75,15,54064.35,15,0,1483515
BANKNIFTY-I.NFO,24/09/2024,09:19:25,54057.9,54056.85,15,54066.65,30,60,1483515
BANKNIFTY-I.NFO,24/09/2024,09:19:26,54057.9,54063,15,54066.65,30,0,1483515
BANKNIFTY-I.NFO,24/09/2024,09:19:28,54066.65,54056.85,15,54066.45,15,285,1483515
BANKNIFTY-I.NFO,24/09/2024,09:19:29,54065,54056.75,15,54065,285,120,1483515
BANKNIFTY-I.NFO,24/09/2024,09:19:31,54065,54058,15,54063.8,15,180,1483515
BANKNIFTY-I.NFO,24/09/2024,09:19:33,54056.7,54056.65,15,54064.55,60,45,1483515
BANKNIFTY-I.NFO,24/09/2024,09:19:34,54062.2,54056.6,30,54063.15,15,45,1483515
BANKNIFTY-I.NFO,24/09/2024,09:19:36,54056.55,54059.4,15,54064.8,15,225,1483515
BANKNIFTY-I.NFO,24/09/2024,09:19:38,54058.5,54057.15,15,54060,90,30,1483515
BANKNIFTY-I.NFO,24/09/2024,09:19:39,54056.6,54056.5,15,54056.6,15,465,1483515
BANKNIFTY-I.NFO,24/09/2024,09:19:41,54053.5,54055.85,15,54058.35,330,1455,1483515
BANKNIFTY-I.NFO,24/09/2024,09:19:42,54072.2,54071.15,75,54075,90,975,1483515
BANKNIFTY-I.NFO,24/09/2024,09:19:44,54066.1,54066.2,15,54075,75,450,1483515
BANKNIFTY-I.NFO,24/09/2024,09:19:46,54085.85,54074.85,15,54084.65,30,180,1483515
BANKNIFTY-I.NFO,24/09/2024,09:19:47,54076.3,54074,75,54083.35,30,150,1483515
BANKNIFTY-I.NFO,24/09/2024,09:19:49,54073,54060.6,300,54071.55,60,195,1483515
BANKNIFTY-I.NFO,24/09/2024,09:19:51,54066.35,54058.35,15,54065.5,15,330,1483515
BANKNIFTY-I.NFO,24/09/2024,09:19:52,54063.1,54064,15,54070,75,180,1483515
BANKNIFTY-I.NFO,24/09/2024,09:19:54,54070,54064.3,15,54070,60,30,1483515
BANKNIFTY-I.NFO,24/09/2024,09:19:55,54077.85,54068.95,15,54077.75,60,90,1483515
BANKNIFTY-I.NFO,24/09/2024,09:19:57,54064.7,54066.3,30,54077.55,60,45,1483515
BANKNIFTY-I.NFO,24/09/2024,09:19:59,54076,54065.55,60,54076.05,15,60,1483515
BANKNIFTY-I.NFO,24/09/2024,09:20:00,54074.2,54077.45,60,54085,150,90,1483515
BANKNIFTY-I.NFO,24/09/2024,09:20:02,54085.45,54088.5,15,54090,15,180,1483515
BANKNIFTY-I.NFO,24/09/2024,09:20:04,54081.9,54080.55,30,54092.05,60,180,1483515
BANKNIFTY-I.NFO,24/09/2024,09:20:05,54088,54083.05,45,54086.15,75,45,1483515
BANKNIFTY-I.NFO,24/09/2024,09:20:07,54080.7,54081.6,300,54085.85,30,120,1483515
BANKNIFTY-I.NFO,24/09/2024,09:20:09,54086.2,54078.45,300,54084.9,15,15,1483515
BANKNIFTY-I.NFO,24/09/2024,09:20:10,54082.2,54066.45,60,54076.85,15,45,1483515
BANKNIFTY-I.NFO,24/09/2024,09:20:12,54076.7,54071.45,60,54076.85,45,30,1483515
BANKNIFTY-I.NFO,24/09/2024,09:20:14,54076.85,54068.35,15,54071,15,30,1483515
BANKNIFTY-I.NFO,24/09/2024,09:20:15,54068.35,54068.3,15,54071,30,105,1483515
BANKNIFTY-I.NFO,24/09/2024,09:20:17,54075.95,54071,15,54071.45,15,165,1483515
BANKNIFTY-I.NFO,24/09/2024,09:20:19,54076.4,54071,15,54077,15,930,1483515
BANKNIFTY-I.NFO,24/09/2024,09:20:20,54075,54075,195,54077,90,15,1483515
BANKNIFTY-I.NFO,24/09/2024,09:20:22,54076.7,54080.75,60,54085,30,105,1483515
BANKNIFTY-I.NFO,24/09/2024,09:20:23,54081.3,54080.35,60,54085,30,15,1483515
BANKNIFTY-I.NFO,24/09/2024,09:20:25,54081.3,54078.95,60,54085,105,0,1483515
BANKNIFTY-I.NFO,24/09/2024,09:20:27,54081.3,54078.5,15,54084.95,30,0,1483515
BANKNIFTY-I.NFO,24/09/2024,09:20:28,54084.9,54078.5,15,54084.9,15,15,1483515
BANKNIFTY-I.NFO,24/09/2024,09:20:30,54078,54077.95,15,54078,90,255,1483515
BANKNIFTY-I.NFO,24/09/2024,09:20:32,54079.1,54076,15,54078.65,15,150,1483515
BANKNIFTY-I.NFO,24/09/2024,09:20:33,54079.1,54076,15,54077.95,60,0,1483515
BANKNIFTY-I.NFO,24/09/2024,09:20:35,54077.9,54076,15,54077.9,15,30,1483515
BANKNIFTY-I.NFO,24/09/2024,09:20:37,54072.65,54072.4,90,54077.9,15,765,1483515
BANKNIFTY-I.NFO,24/09/2024,09:20:38,54077.9,54072.7,15,54075.95,120,75,1483515
BANKNIFTY-I.NFO,24/09/2024,09:20:40,54072,54071.3,15,54075.95,90,45,1483515
BANKNIFTY-I.NFO,24/09/2024,09:20:42,54075.85,54069,15,54069.6,15,60,1483515
BANKNIFTY-I.NFO,24/09/2024,09:20:43,54075.6,54065.9,15,54072.95,15,45,1483515
BANKNIFTY-I.NFO,24/09/2024,09:20:45,54075.6,54060,30,54067.5,60,0,1483515
BANKNIFTY-I.NFO,24/09/2024,09:20:46,54063.85,54060.05,60,54063.85,30,1080,1483515
BANKNIFTY-I.NFO,24/09/2024,09:20:48,54063.95,54060.85,60,54069,15,60,1483515
BANKNIFTY-I.NFO,24/09/2024,09:20:50,54062,54063.1,15,54069,15,90,1483515
BANKNIFTY-I.NFO,24/09/2024,09:20:51,54063.75,54065.25,30,54069,15,15,1483515
BANKNIFTY-I.NFO,24/09/2024,09:20:53,54065.8,54067.3,75,54069,30,90,1483515
BANKNIFTY-I.NFO,24/09/2024,09:20:55,54066,54065.95,15,54075,15,240,1483515
BANKNIFTY-I.NFO,24/09/2024,09:20:56,54065.95,54066.4,30,54075,15,15,1483515
BANKNIFTY-I.NFO,24/09/2024,09:20:58,54065.5,54060,30,54066.6,60,330,1483515
BANKNIFTY-I.NFO,24/09/2024,09:21:00,54063.55,54052.45,300,54060.7,60,60,1483515
BANKNIFTY-I.NFO,24/09/2024,09:21:01,54059.5,54052,210,54058.85,60,15,1483515
BANKNIFTY-I.NFO,24/09/2024,09:21:03,54059,54052.05,60,54059.05,15,15,1483515
BANKNIFTY-I.NFO,24/09/2024,09:21:05,54059,54054.9,15,54061.55,15,0,1483515
BANKNIFTY-I.NFO,24/09/2024,09:21:06,54052.9,54054.3,15,54061.7,15,915,1483515
BANKNIFTY-I.NFO,24/09/2024,09:21:08,54050,54050,180,54052,45,45,1483515
BANKNIFTY-I.NFO,24/09/2024,09:21:10,54051.75,54040.3,30,54050.2,60,240,1483515
BANKNIFTY-I.NFO,24/09/2024,09:21:11,54049.1,54046,15,54051.4,15,30,1483515
BANKNIFTY-I.NFO,24/09/2024,09:21:13,54050.2,54041.3,15,54050.2,30,30,1483515
BANKNIFTY-I.NFO,24/09/2024,09:21:15,54049.8,54042.8,75,54051.4,30,90,1483515
BANKNIFTY-I.NFO,24/09/2024,09:21:16,54054.75,54042.1,60,54052.3,15,60,1483515
BANKNIFTY-I.NFO,24/09/2024,09:21:18,54040.05,54040,30,54050.4,60,30,1483515
BANKNIFTY-I.NFO,24/09/2024,09:21:20,54040.05,54040,30,54045,15,30,1483515
BANKNIFTY-I.NFO,24/09/2024,09:21:21,54040,54033.55,45,54043.6,60,45,1483515
BANKNIFTY-I.NFO,24/09/2024,09:21:23,54035,54036.75,30,54047.05,15,75,1483515
BANKNIFTY-I.NFO,24/09/2024,09:21:24,54038.85,54038.3,45,54048,15,120,1483515
BANKNIFTY-I.NFO,24/09/2024,09:21:26,54038.85,54040.2,45,54049.65,15,0,1483515
BANKNIFTY-I.NFO,24/09/2024,09:21:28,54038.1,54039.85,60,54050.2,15,30,1483515
BANKNIFTY-I.NFO,24/09/2024,09:21:29,54037.45,54036.95,15,54038.85,30,105,1483515
BANKNIFTY-I.NFO,24/09/2024,09:21:31,54038.85,54038.85,15,54048.4,15,15,1483515
BANKNIFTY-I.NFO,24/09/2024,09:21:33,54038.85,54045,15,54048,30,0,1483515
BANKNIFTY-I.NFO,24/09/2024,09:21:34,54048,54044.05,15,54048,60,30,1487250
BANKNIFTY-I.NFO,24/09/2024,09:21:36,54047.95,54043.6,15,54047.95,45,270,1487250
BANKNIFTY-I.NFO,24/09/2024,09:21:38,54047.9,54048.25,30,54050,225,75,1487250
BANKNIFTY-I.NFO,24/09/2024,09:21:39,54050,54047.2,300,54055,30,270,1487250
BANKNIFTY-I.NFO,24/09/2024,09:21:41,54052.6,54047,15,54052.8,45,915,1487250
BANKNIFTY-I.NFO,24/09/2024,09:21:42,54052.8,54047,15,54050.9,60,30,1487250
BANKNIFTY-I.NFO,24/09/2024,09:21:44,54035.35,54030,60,54036.15,15,135,1487250
BANKNIFTY-I.NFO,24/09/2024,09:21:46,54030,54025.7,60,54035.8,15,105,1487250
BANKNIFTY-I.NFO,24/09/2024,09:21:47,54037.55,54029.4,75,54039.5,15,60,1487250
BANKNIFTY-I.NFO,24/09/2024,09:21:49,54033.45,54032.05,30,54039.5,75,60,1487250
BANKNIFTY-I.NFO,24/09/2024,09:21:51,54033.45,54032,15,54039.15,15,0,1487250
BANKNIFTY-I.NFO,24/09/2024,09:21:52,54033.45,54036.9,30,54039.15,90,0,1487250
BANKNIFTY-I.NFO,24/09/2024,09:21:54,54039.45,54035.85,30,54039.15,30,120,1487250
BANKNIFTY-I.NFO,24/09/2024,09:21:55,54038.8,54032,15,54039.15,30,15,1487250
BANKNIFTY-I.NFO,24/09/2024,09:21:57,54038.8,54034.25,30,54039.15,30,0,1487250
BANKNIFTY-I.NFO,24/09/2024,09:21:59,54039.15,54039.15,30,54047,75,30,1487250
BANKNIFTY-I.NFO,24/09/2024,09:22:00,54047,54045.7,30,54050,30,90,1487250
BANKNIFTY-I.NFO,24/09/2024,09:22:02,54051,54050,15,54057.25,15,105,1487250
BANKNIFTY-I.NFO,24/09/2024,09:22:04,54064.05,54054.3,15,54063.8,60,75,1487250
BANKNIFTY-I.NFO,24/09/2024,09:22:05,54053,54053.45,15,54063.65,60,30,1487250
BANKNIFTY-I.NFO,24/09/2024,09:22:07,54061.1,54050.3,300,54058.2,45,225,1487250
BANKNIFTY-I.NFO,24/09/2024,09:22:09,54050.8,54050.2,255,54056.4,15,90,1487250
BANKNIFTY-I.NFO,24/09/2024,09:22:10,54050.8,54049.95,15,54053.45,15,0,1487250
BANKNIFTY-I.NFO,24/09/2024,09:22:12,54054.95,54047,45,54052.1,15,405,1487250
BANKNIFTY-I.NFO,24/09/2024,09:22:14,54052.1,54047,45,54052.1,30,15,1487250
BANKNIFTY-I.NFO,24/09/2024,09:22:15,54050.8,54050.8,15,54052.1,30,150,1487250
BANKNIFTY-I.NFO,24/09/2024,09:22:17,54047.05,54047.05,60,54052.25,15,495,1487250
BANKNIFTY-I.NFO,24/09/2024,09:22:18,54047.05,54049.1,60,54059.6,15,45,1487250
BANKNIFTY-I.NFO,24/09/2024,09:22:20,54047.05,54048.4,60,54057.8,30,0,1487250
BANKNIFTY-I.NFO,24/09/2024,09:22:22,54057.8,54052.1,15,54059.15,15,15,1487250
BANKNIFTY-I.NFO,24/09/2024,09:22:23,54052.15,54047.05,15,54052.55,60,90,1487250
BANKNIFTY-I.NFO,24/09/2024,09:22:25,54044.65,54047.05,45,54054.25,15,45,1487250
BANKNIFTY-I.NFO,24/09/2024,09:22:27,54047.05,54047.85,15,54056.9,60,15,1487250
BANKNIFTY-I.NFO,24/09/2024,09:22:28,54051.35,54049.15,45,54059.35,15,15,1487250
BANKNIFTY-I.NFO,24/09/2024,09:22:30,54061.15,54055.75,60,54060.55,15,105,1487250
BANKNIFTY-I.NFO,24/09/2024,09:22:32,54060.55,54055.75,60,54059.75,15,15,1487250
BANKNIFTY-I.NFO,24/09/2024,09:22:33,54060.35,54055.75,60,54059.95,45,30,1487250
BANKNIFTY-I.NFO,24/09/2024,09:22:35,54055.75,54055.75,45,54059.95,30,15,1487250
BANKNIFTY-I.NFO,24/09/2024,09:22:36,54055.75,54055.75,30,54059.95,90,15,1487250
BANKNIFTY-I.NFO,24/09/2024,09:22:38,54062,54060.55,15,54062,180,225,1487250
BANKNIFTY-I.NFO,24/09/2024,09:22:40,54062,54060.55,15,54062,180,0,1487250
BANKNIFTY-I.NFO,24/09/2024,09:22:41,54057.6,54049.9,300,54057.55,15,75,1487250
BANKNIFTY-I.NFO,24/09/2024,09:22:43,54057.6,54046.75,300,54053.5,15,0,1487250
BANKNIFTY-I.NFO,24/09/2024,09:22:45,54046.3,54046.3,60,54055.35,15,150,1487250
BANKNIFTY-I.NFO,24/09/2024,09:22:46,54046.3,54048.2,60,54055.3,15,0,1487250
BANKNIFTY-I.NFO,24/09/2024,09:22:48,54060.1,54049.95,60,54060.7,15,450,1487250
BANKNIFTY-I.NFO,24/09/2024,09:22:50,54060.6,54052.85,60,54060.7,15,30,1487250
BANKNIFTY-I.NFO,24/09/2024,09:22:51,54050.65,54050.3,60,54060.2,15,45,1487250
BANKNIFTY-I.NFO,24/09/2024,09:22:53,54050.3,54051.85,15,54060.2,15,15,1487250
BANKNIFTY-I.NFO,24/09/2024,09:22:55,54060.2,54052.3,60,54061.2,15,15,1487250
BANKNIFTY-I.NFO,24/09/2024,09:22:56,54060.2,54055.45,75,54062,210,0,1487250
BANKNIFTY-I.NFO,24/09/2024,09:22:58,54062,54060.2,15,54062,90,120,1487250
BANKNIFTY-I.NFO,24/09/2024,09:23:00,54062,54060.2,15,54062,60,30,1487250
BANKNIFTY-I.NFO,24/09/2024,09:23:01,54062.05,54060.55,15,54069.1,15,90,1487250
BANKNIFTY-I.NFO,24/09/2024,09:23:03,54062,54067.45,75,54070,30,15,1487250
BANKNIFTY-I.NFO,24/09/2024,09:23:05,54070,54068.75,30,54075,585,30,1487250
BANKNIFTY-I.NFO,24/09/2024,09:23:06,54074,54073.95,30,54074,15,390,1487250
BANKNIFTY-I.NFO,24/09/2024,09:23:08,54074,54073.8,15,54075,225,45,1487250
BANKNIFTY-I.NFO,24/09/2024,09:23:10,54077,54077.85,15,54080,90,345,1487250
BANKNIFTY-I.NFO,24/09/2024,09:23:11,54073.85,54067.6,300,54075.85,60,45,1487250
BANKNIFTY-I.NFO,24/09/2024,09:23:13,54070,54070.1,15,54079.85,30,90,1487250
BANKNIFTY-I.NFO,24/09/2024,09:23:14,54080,54075.5,15,54080,60,30,1487250
BANKNIFTY-I.NFO,24/09/2024,09:23:16,54077,54070.35,15,54078.7,45,225,1487250
BANKNIFTY-I.NFO,24/09/2024,09:23:18,54080.45,54078.75,15,54085,15,150,1487250
BANKNIFTY-I.NFO,24/09/2024,09:23:19,54080.45,54078.3,15,54085,15,0,1487250
BANKNIFTY-I.NFO,24/09/2024,09:23:21,54088,54081.75,15,54088,60,30,1487250
BANKNIFTY-I.NFO,24/09/2024,09:23:23,54088,54082.7,15,54090,120,0,1487250
BANKNIFTY-I.NFO,24/09/2024,09:23:25,54094.85,54090,75,54095,405,135,1487250
BANKNIFTY-I.NFO,24/09/2024,09:23:26,54088,54080,15,54087.3,60,405,1487250
BANKNIFTY-I.NFO,24/09/2024,09:23:28,54076.7,54076.45,15,54086.25,60,165,1487250
BANKNIFTY-I.NFO,24/09/2024,09:23:30,54086.75,54076.45,15,54085.85,45,240,1487250
BANKNIFTY-I.NFO,24/09/2024,09:23:31,54084.7,54075.75,15,54084.3,15,75,1487250
BANKNIFTY-I.NFO,24/09/2024,09:23:33,54084.7,54074.75,15,54085.35,15,0,1487250
BANKNIFTY-I.NFO,24/09/2024,09:23:35,54084.7,54073.85,180,54079.95,45,0,1487250
BANKNIFTY-I.NFO,24/09/2024,09:23:36,54080,54075.65,30,54084.65,45,15,1487250
BANKNIFTY-I.NFO,24/09/2024,09:23:38,54079,54073.85,180,54075.15,15,30,1487250
BANKNIFTY-I.NFO,24/09/2024,09:23:39,54075.15,54075.2,60,54079,75,30,1487250
BANKNIFTY-I.NFO,24/09/2024,09:23:41,54075.15,54074.45,30,54079,75,0,1487250
BANKNIFTY-I.NFO,24/09/2024,09:23:43,54074.45,54074.45,15,54079,75,15,1487250
BANKNIFTY-I.NFO,24/09/2024,09:23:44,54079,54075.05,15,54078.65,45,30,1487250
BANKNIFTY-I.NFO,24/09/2024,09:23:46,54079,54075.05,30,54078.8,15,0,1487250
BANKNIFTY-I.NFO,24/09/2024,09:23:48,54079,54074.55,60,54079,45,480,1487250
BANKNIFTY-I.NFO,24/09/2024,09:23:49,54076.9,54074.45,60,54079,15,45,1487250
BANKNIFTY-I.NFO,24/09/2024,09:23:51,54085.9,54076.5,60,54087.5,15,540,1487250
BANKNIFTY-I.NFO,24/09/2024,09:23:52,54080.35,54081,45,54088,90,225,1487250
BANKNIFTY-I.NFO,24/09/2024,09:23:54,54087.45,54089.3,15,54090,15,105,1487250
BANKNIFTY-I.NFO,24/09/2024,09:23:56,54090,54086.3,30,54095,405,15,1487250
BANKNIFTY-I.NFO,24/09/2024,09:23:57,54093.35,54087.5,15,54092,60,120,1487250
BANKNIFTY-I.NFO,24/09/2024,09:23:59,54085.4,54076.65,15,54085.75,15,60,1487250
BANKNIFTY-I.NFO,24/09/2024,09:24:01,54085.8,54077.3,60,54087.15,45,60,1487250
BANKNIFTY-I.NFO,24/09/2024,09:24:02,54072,54070,15,54079.3,30,60,1487250
BANKNIFTY-I.NFO,24/09/2024,09:24:04,54066.95,54066.95,105,54074.45,15,105,1487250
BANKNIFTY-I.NFO,24/09/2024,09:24:06,54072.4,54063.55,60,54074.75,45,30,1487250
BANKNIFTY-I.NFO,24/09/2024,09:24:07,54064.7,54065.2,15,54074.85,15,375,1487250
BANKNIFTY-I.NFO,24/09/2024,09:24:09,54076.95,54066.65,15,54075.35,15,60,1487250
BANKNIFTY-I.NFO,24/09/2024,09:24:11,54076.85,54066.25,60,54075.55,15,60,1487250
BANKNIFTY-I.NFO,24/09/2024,09:24:12,54076.85,54067.9,15,54075.75,105,0,1487250
BANKNIFTY-I.NFO,24/09/2024,09:24:14,54075.75,54072.15,60,54075.75,75,30,1487250
BANKNIFTY-I.NFO,24/09/2024,09:24:15,54071.55,54070.75,15,54075.75,75,810,1487250
BANKNIFTY-I.NFO,24/09/2024,09:24:17,54069.45,54068.8,15,54072.15,30,105,1487250
BANKNIFTY-I.NFO,24/09/2024,09:24:19,54069.3,54066.25,15,54072.15,30,15,1487250
BANKNIFTY-I.NFO,24/09/2024,09:24:20,54072.15,54071.95,15,54076.85,150,60,1487250
BANKNIFTY-I.NFO,24/09/2024,09:24:22,54076.85,54074.55,15,54076.85,120,45,1487250
BANKNIFTY-I.NFO,24/09/2024,09:24:24,54086,54085.6,15,54089,15,465,1487250
BANKNIFTY-I.NFO,24/09/2024,09:24:25,54086,54086.15,15,54088.95,45,0,1487250
BANKNIFTY-I.NFO,24/09/2024,09:24:27,54086.1,54085.8,15,54088.95,45,45,1487250
BANKNIFTY-I.NFO,24/09/2024,09:24:28,54085.3,54085.3,15,54094.5,60,60,1487250
BANKNIFTY-I.NFO,24/09/2024,09:24:30,54085.3,54085.3,30,54088,45,0,1487250
BANKNIFTY-I.NFO,24/09/2024,09:24:32,54083.05,54082.05,15,54085,60,60,1487250
BANKNIFTY-I.NFO,24/09/2024,09:24:33,54085,54076.05,300,54084.9,45,15,1487250
BANKNIFTY-I.NFO,24/09/2024,09:24:35,54075.5,54075.5,15,54084.25,15,15,1487670
BANKNIFTY-I.NFO,24/09/2024,09:24:37,54075.5,54071.95,150,54079.45,60,30,1487670
BANKNIFTY-I.NFO,24/09/2024,09:24:38,54079.5,54074.25,15,54079.45,15,30,1487670
BANKNIFTY-I.NFO,24/09/2024,09:24:40,54080,54072.6,15,54078,30,45,1487670
BANKNIFTY-I.NFO,24/09/2024,09:24:42,54080,54072.95,45,54078,45,0,1487670
BANKNIFTY-I.NFO,24/09/2024,09:24:43,54080,54075.5,15,54078,45,0,1487670
BANKNIFTY-I.NFO,24/09/2024,09:24:45,54078,54078.2,15,54080,15,45,1487670
BANKNIFTY-I.NFO,24/09/2024,09:24:47,54085,54081.85,30,54085,195,75,1487670
BANKNIFTY-I.NFO,24/09/2024,09:24:48,54080,54081.45,15,54085,135,105,1487670
BANKNIFTY-I.NFO,24/09/2024,09:24:50,54081.5,54081.5,15,54085,135,30,1487670
BANKNIFTY-I.NFO,24/09/2024,09:24:52,54085,54081.45,15,54085,45,120,1487670
BANKNIFTY-I.NFO,24/09/2024,09:24:53,54081.45,54078,30,54081.25,60,15,1487670
BANKNIFTY-I.NFO,24/09/2024,09:24:55,54070.4,54070,30,54074.3,45,135,1487670
BANKNIFTY-I.NFO,24/09/2024,09:24:57,54073.95,54070,30,54072,120,30,1487670
BANKNIFTY-I.NFO,24/09/2024,09:24:58,54065,54062.6,15,54067.3,15,105,1487670
BANKNIFTY-I.NFO,24/09/2024,09:25:00,54055,54050.15,60,54061.65,30,165,1487670
BANKNIFTY-I.NFO,24/09/2024,09:25:01,54060.45,54053,15,54060,120,15,1487670
BANKNIFTY-I.NFO,24/09/2024,09:25:03,54060,54050.55,15,54059.9,15,30,1487670
BANKNIFTY-I.NFO,24/09/2024,09:25:05,54063.15,54050,15,54060.2,15,465,1487670
BANKNIFTY-I.NFO,24/09/2024,09:25:06,54053.15,54052.9,60,54063.3,75,105,1487670
BANKNIFTY-I.NFO,24/09/2024,09:25:08,54049.15,54050,30,54058.9,60,15,1487670
BANKNIFTY-I.NFO,24/09/2024,09:25:09,54049.15,54050,30,54057.75,60,0,1487670
BANKNIFTY-I.NFO,24/09/2024,09:25:11,54050,54053.15,15,54057.2,60,15,1487670
BANKNIFTY-I.NFO,24/09/2024,09:25:13,54053.15,54053.1,15,54057,15,15,1487670
BANKNIFTY-I.NFO,24/09/2024,09:25:14,54053.15,54051.75,15,54056.85,60,0,1487670
BANKNIFTY-I.NFO,24/09/2024,09:25:16,54050,54050,60,54053.75,15,60,1487670
BANKNIFTY-I.NFO,24/09/2024,09:25:18,54050.05,54050.05,30,54053.75,60,30,1487670
BANKNIFTY-I.NFO,24/09/2024,09:25:19,54057,54056.8,60,54066.5,15,120,1487670
BANKNIFTY-I.NFO,24/09/2024,09:25:21,54066.45,54063.5,15,54072.65,15,225,1487670
BANKNIFTY-I.NFO,24/09/2024,09:25:22,54073.1,54063.95,15,54074.7,60,75,1487670
BANKNIFTY-I.NFO,24/09/2024,09:25:24,54073.25,54064.5,30,54069.55,60,15,1487670
BANKNIFTY-I.NFO,24/09/2024,09:25:26,54064.5,54057,30,54065.7,60,45,1487670
BANKNIFTY-I.NFO,24/09/2024,09:25:27,54057,54056.4,15,54064.2,60,30,1487670
BANKNIFTY-I.NFO,24/09/2024,09:25:29,54056.35,54053.75,60,54056.85,75,30,1487670
BANKNIFTY-I.NFO,24/09/2024,09:25:31,54045,54040.65,15,54042,15,765,1487670
BANKNIFTY-I.NFO,24/09/2024,09:25:32,54053.9,54040,225,54042,45,570,1487670
BANKNIFTY-I.NFO,24/09/2024,09:25:34,54042,54042,105,54044.25,45,45,1487670
BANKNIFTY-I.NFO,24/09/2024,09:25:36,54044.2,54040,75,54044.65,30,255,1487670
BANKNIFTY-I.NFO,24/09/2024,09:25:37,54034.55,54035.45,60,54042,75,165,1487670
BANKNIFTY-I.NFO,24/09/2024,09:25:39,54042,54035,60,54035.45,15,15,1487670
BANKNIFTY-I.NFO,24/09/2024,09:25:41,54041.9,54035,45,54042,60,645,1487670
BANKNIFTY-I.NFO,24/09/2024,09:25:42,54035.5,54035.5,60,54042,60,75,1487670
BANKNIFTY-I.NFO,24/09/2024,09:25:44,54035.5,54037.6,60,54042,60,0,1487670
BANKNIFTY-I.NFO,24/09/2024,09:25:45,54042,54038.5,15,54044.2,15,90,1487670
BANKNIFTY-I.NFO,24/09/2024,09:25:47,54044.2,54038.9,15,54047.55,30,15,1487670
BANKNIFTY-I.NFO,24/09/2024,09:25:49,54038.9,54038.65,60,54048.6,15,45,1487670
BANKNIFTY-I.NFO,24/09/2024,09:25:50,54051,54041.2,60,54050.9,15,195,1487670
BANKNIFTY-I.NFO,24/09/2024,09:25:52,54040.9,54040.05,60,54049.95,15,60,1487670
BANKNIFTY-I.NFO,24/09/2024,09:25:53,54052.15,54044.7,60,54052.15,15,30,1487670
BANKNIFTY-I.NFO,24/09/2024,09:25:55,54044,54044.5,60,54053,15,45,1487670
BANKNIFTY-I.NFO,24/09/2024,09:25:57,54045,54039.95,15,54045,30,30,1487670
BANKNIFTY-I.NFO,24/09/2024,09:25:58,54044.9,54038.2,60,54044.95,15,30,1487670
BANKNIFTY-I.NFO,24/09/2024,09:26:00,54044.9,54041.15,60,54044.95,15,15,1487670
BANKNIFTY-I.NFO,24/09/2024,09:26:01,54049.15,54049.15,15,54052.45,45,75,1487670
BANKNIFTY-I.NFO,24/09/2024,09:26:03,54049.15,54051.1,60,54053,15,15,1487670
BANKNIFTY-I.NFO,24/09/2024,09:26:05,54056,54055.8,15,54059,15,45,1487670
BANKNIFTY-I.NFO,24/09/2024,09:26:06,54055.8,54050.25,300,54057.05,15,15,1487670
BANKNIFTY-I.NFO,24/09/2024,09:26:08,54055.8,54050.65,300,54055.6,15,0,1487670
BANKNIFTY-I.NFO,24/09/2024,09:26:10,54050.7,54041.25,15,54050,15,300,1487670
BANKNIFTY-I.NFO,24/09/2024,09:26:11,54051.55,54045,315,54049.3,45,150,1487670
BANKNIFTY-I.NFO,24/09/2024,09:26:13,54048.7,54044.95,300,54049.75,15,30,1487670
BANKNIFTY-I.NFO,24/09/2024,09:26:15,54049.75,54044.9,315,54049.75,30,30,1487670
BANKNIFTY-I.NFO,24/09/2024,09:26:16,54045.1,54044.9,15,54048.25,15,60,1487670
BANKNIFTY-I.NFO,24/09/2024,09:26:18,54044.7,54043.75,15,54044.85,30,30,1487670
BANKNIFTY-I.NFO,24/09/2024,09:26:19,54037.75,54036,15,54038.35,15,765,1487670
BANKNIFTY-I.NFO,24/09/2024,09:26:21,54041.45,54036,15,54038.35,30,15,1487670
BANKNIFTY-I.NFO,24/09/2024,09:26:23,54041.85,54036.95,225,54043.7,15,75,1487670
BANKNIFTY-I.NFO,24/09/2024,09:26:24,54037.75,54037.6,225,54042.8,15,15,1487670
BANKNIFTY-I.NFO,24/09/2024,09:26:26,54037.75,54038.35,15,54046.75,45,0,1487670
BANKNIFTY-I.NFO,24/09/2024,09:26:28,54045.55,54037.85,60,54046.9,15,15,1487670
BANKNIFTY-I.NFO,24/09/2024,09:26:29,54045.55,54039.4,15,54046.2,45,0,1487670
BANKNIFTY-I.NFO,24/09/2024,09:26:31,54039.4,54036,15,54039.3,15,45,1487670
BANKNIFTY-I.NFO,24/09/2024,09:26:32,54030.2,54027,15,54030.15,15,540,1487670
BANKNIFTY-I.NFO,24/09/2024,09:26:34,54026,54026,45,54030.15,60,60,1487670
BANKNIFTY-I.NFO,24/09/2024,09:26:36,54029.35,54026.05,15,54030.15,45,45,1487670
BANKNIFTY-I.NFO,24/09/2024,09:26:37,54025.95,54025.55,75,54030.15,45,60,1487670
BANKNIFTY-I.NFO,24/09/2024,09:26:39,54025.55,54027,30,54030.05,15,15,1487670
BANKNIFTY-I.NFO,24/09/2024,09:26:41,54026,54025.55,60,54026.5,15,120,1487670
BANKNIFTY-I.NFO,24/09/2024,09:26:42,54028,54025.1,15,54027.65,15,165,1487670
BANKNIFTY-I.NFO,24/09/2024,09:26:44,54022.55,54025,15,54026.1,15,630,1487670
BANKNIFTY-I.NFO,24/09/2024,09:26:46,54028.5,54025,15,54028.1,15,60,1487670
BANKNIFTY-I.NFO,24/09/2024,09:26:47,54025.55,54022.3,60,54025.55,105,60,1487670
BANKNIFTY-I.NFO,24/09/2024,09:26:49,54026.25,54024.1,60,54032.3,15,135,1487670
BANKNIFTY-I.NFO,24/09/2024,09:26:51,54024.1,54023.1,60,54031.9,15,60,1487670
BANKNIFTY-I.NFO,24/09/2024,09:26:52,54022.6,54022.6,60,54026.25,15,30,1487670
BANKNIFTY-I.NFO,24/09/2024,09:26:54,54022.7,54022.7,45,54026.25,15,60,1487670
BANKNIFTY-I.NFO,24/09/2024,09:26:55,54026.25,54024.1,30,54030,15,15,1487670
BANKNIFTY-I.NFO,24/09/2024,09:26:57,54024.1,54022.6,15,54027.4,15,30,1487670
BANKNIFTY-I.NFO,24/09/2024,09:26:59,54024.1,54022.6,15,54026.15,45,0,1487670
BANKNIFTY-I.NFO,24/09/2024,09:27:00,54020,54017.3,15,54019.65,15,675,1487670
BANKNIFTY-I.NFO,24/09/2024,09:27:02,54016.25,54015.1,45,54023.45,15,255,1487670
BANKNIFTY-I.NFO,24/09/2024,09:27:04,54029.7,54017.2,45,54026.95,15,255,1487670
BANKNIFTY-I.NFO,24/09/2024,09:27:05,54030.7,54017.05,15,54023.65,15,90,1487670
BANKNIFTY-I.NFO,24/09/2024,09:27:07,54025,54019.8,30,54024.1,15,45,1487670
BANKNIFTY-I.NFO,24/09/2024,09:27:08,54020.2,54018.85,15,54029.35,15,120,1487670
BANKNIFTY-I.NFO,24/09/2024,09:27:10,54029.7,54020.85,15,54029.75,45,45,1487670
BANKNIFTY-I.NFO,24/09/2024,09:27:11,54025.55,54018.7,15,54028,15,30,1487670
BANKNIFTY-I.NFO,24/09/2024,09:27:13,54016.25,54018.15,15,54027.35,15,210,1487670
BANKNIFTY-I.NFO,24/09/2024,09:27:15,54020.2,54017,15,54024.65,15,30,1487670
BANKNIFTY-I.NFO,24/09/2024,09:27:16,54020.2,54016,150,54022.4,15,0,1487670
BANKNIFTY-I.NFO,24/09/2024,09:27:18,54016,54016,120,54022.65,15,45,1487670
BANKNIFTY-I.NFO,24/09/2024,09:27:20,54016,54016,90,54024.85,15,30,1487670
BANKNIFTY-I.NFO,24/09/2024,09:27:21,54016.5,54017.05,15,54027.2,15,45,1487670
BANKNIFTY-I.NFO,24/09/2024,09:27:23,54020,54017.6,15,54027.5,15,15,1487670
BANKNIFTY-I.NFO,24/09/2024,09:27:24,54017.8,54018.4,15,54028.25,15,15,1487670
BANKNIFTY-I.NFO,24/09/2024,09:27:26,54027.45,54020.15,60,54028.25,15,315,1487670
BANKNIFTY-I.NFO,24/09/2024,09:27:27,54028.25,54027.35,60,54036,15,15,1487670
BANKNIFTY-I.NFO,24/09/2024,09:27:29,54028.25,54031.2,60,54036,15,0,1487670
BANKNIFTY-I.NFO,24/09/2024,09:27:30,54042.8,54033.55,75,54043,15,45,1487670
BANKNIFTY-I.NFO,24/09/2024,09:27:32,54033.6,54033.55,30,54040.55,105,105,1487670
BANKNIFTY-I.NFO,24/09/2024,09:27:34,54033.5,54028.25,45,54034.65,45,45,1487670
BANKNIFTY-I.NFO,24/09/2024,09:27:35,54029,54020.1,30,54029.15,15,60,1489110
BANKNIFTY-I.NFO,24/09/2024,09:27:37,54029,54021.1,15,54028.95,60,0,1489110
BANKNIFTY-I.NFO,24/09/2024,09:27:38,54029,54021.4,30,54029.9,15,0,1489110
BANKNIFTY-I.NFO,24/09/2024,09:27:40,54023.4,54023.2,15,54030,15,30,1489110
BANKNIFTY-I.NFO,24/09/2024,09:27:42,54022.6,54023.15,15,54025.6,15,15,1489110
BANKNIFTY-I.NFO,24/09/2024,09:27:43,54022,54017.8,15,54023.15,15,60,1489110
BANKNIFTY-I.NFO,24/09/2024,09:27:45,54007.85,54006.05,300,54008.7,15,555,1489110
BANKNIFTY-I.NFO,24/09/2024,09:27:46,54007.15,54003.35,15,54009.75,15,345,1489110
BANKNIFTY-I.NFO,24/09/2024,09:27:48,54014.6,54007.3,15,54015.75,60,30,1489110
BANKNIFTY-I.NFO,24/09/2024,09:27:50,54014.6,54005.45,15,54009.2,15,0,1489110
BANKNIFTY-I.NFO,24/09/2024,09:27:51,54012.8,54009.15,15,54013.65,45,60,1489110
BANKNIFTY-I.NFO,24/09/2024,09:27:53,54005.85,54003.4,15,54006.45,15,75,1489110
BANKNIFTY-I.NFO,24/09/2024,09:27:55,53997.7,53992.2,75,53999.85,15,1860,1489110
BANKNIFTY-I.NFO,24/09/2024,09:27:56,53992.2,53992.15,45,53997.8,15,165,1489110
BANKNIFTY-I.NFO,24/09/2024,09:27:58,53997.7,53998.65,45,54007.3,15,195,1489110
BANKNIFTY-I.NFO,24/09/2024,09:27:59,53998.65,53997.8,15,53999.85,15,15,1489110
BANKNIFTY-I.NFO,24/09/2024,09:28:01,53997.7,53995.15,15,54000.85,15,90,1489110
BANKNIFTY-I.NFO,24/09/2024,09:28:02,53990,53995.2,75,53997.7,75,1080,1489110
BANKNIFTY-I.NFO,24/09/2024,09:28:04,53997.1,54002.1,15,54007.3,15,1230,1489110
BANKNIFTY-I.NFO,24/09/2024,09:28:06,54003.6,54004.25,15,54007.3,15,45,1489110
BANKNIFTY-I.NFO,24/09/2024,09:28:07,53996.05,53994.05,15,54001.95,45,45,1489110
BANKNIFTY-I.NFO,24/09/2024,09:28:09,53997.1,53995.8,15,54006.4,60,45,1489110
BANKNIFTY-I.NFO,24/09/2024,09:28:11,54002.8,53993,15,54001.3,15,45,1489110
BANKNIFTY-I.NFO,24/09/2024,09:28:12,53993,53992.05,15,54000.85,150,60,1489110
BANKNIFTY-I.NFO,24/09/2024,09:28:14,53993,53991.05,15,53999.9,45,0,1489110
BANKNIFTY-I.NFO,24/09/2024,09:28:15,53987.75,53991.05,15,53999.8,120,525,1489110
BANKNIFTY-I.NFO,24/09/2024,09:28:17,53990.45,53990,15,53997.85,15,90,1489110
BANKNIFTY-I.NFO,24/09/2024,09:28:19,53990,53986,15,53992.8,45,150,1489110
BANKNIFTY-I.NFO,24/09/2024,09:28:20,53980.75,53980.75,45,53987.35,15,435,1489110
BANKNIFTY-I.NFO,24/09/2024,09:28:22,53986,53984.05,15,53991.05,600,105,1489110
BANKNIFTY-I.NFO,24/09/2024,09:28:24,53991.05,53989.65,15,53999.65,15,750,1489110
BANKNIFTY-I.NFO,24/09/2024,09:28:25,53992.75,53995.35,15,53999.9,45,75,1489110
BANKNIFTY-I.NFO,24/09/2024,09:28:27,53996.9,53998.15,15,53999.95,45,75,1489110
BANKNIFTY-I.NFO,24/09/2024,09:28:28,54000.85,54000,105,54002.8,345,300,1489110
BANKNIFTY-I.NFO,24/09/2024,09:28:30,54000,54000,90,54002.8,345,15,1489110
BANKNIFTY-I.NFO,24/09/2024,09:28:32,54001.4,54000.7,15,54002.65,90,375,1489110
BANKNIFTY-I.NFO,24/09/2024,09:28:33,54002.65,54001.25,15,54007,60,90,1489110
BANKNIFTY-I.NFO,24/09/2024,09:28:35,54001.25,54001.35,15,54007,45,30,1489110
BANKNIFTY-I.NFO,24/09/2024,09:28:36,54006.95,54000.55,15,54006.95,45,90,1489110
BANKNIFTY-I.NFO,24/09/2024,09:28:38,54000.3,54000.05,15,54006.9,45,15,1489110
BANKNIFTY-I.NFO,24/09/2024,09:28:40,54005.3,54000.85,15,54006.25,15,60,1489110
BANKNIFTY-I.NFO,24/09/2024,09:28:41,54005.3,54000.85,15,54007,30,0,1489110
BANKNIFTY-I.NFO,24/09/2024,09:28:43,54007,54002.3,30,54011.5,15,30,1489110
BANKNIFTY-I.NFO,24/09/2024,09:28:45,54006,54000.85,15,54006,15,15,1489110
BANKNIFTY-I.NFO,24/09/2024,09:28:46,54009,54003.4,15,54009,45,150,1489110
BANKNIFTY-I.NFO,24/09/2024,09:28:48,54009,54007.4,15,54010,45,45,1489110
BANKNIFTY-I.NFO,24/09/2024,09:28:49,54009.9,54007,15,54009.9,45,45,1489110
BANKNIFTY-I.NFO,24/09/2024,09:28:51,54010,54007,15,54009.85,15,30,1489110
BANKNIFTY-I.NFO,24/09/2024,09:28:53,54001.05,54006,15,54008.2,75,105,1489110
BANKNIFTY-I.NFO,24/09/2024,09:28:54,54000,53997.05,15,54005.1,15,135,1489110
BANKNIFTY-I.NFO,24/09/2024,09:28:56,54004.3,53994.95,30,54004.35,15,30,1489110
BANKNIFTY-I.NFO,24/09/2024,09:28:57,53995.2,53996.25,30,54003.6,15,90,1489110
BANKNIFTY-I.NFO,24/09/2024,09:28:59,53995.2,53995.05,15,54003.55,45,0,1489110
BANKNIFTY-I.NFO,24/09/2024,09:29:01,53990.2,53994.55,15,54000,135,300,1489110
BANKNIFTY-I.NFO,24/09/2024,09:29:02,53994.3,53993.2,15,53999.75,45,30,1489110
BANKNIFTY-I.NFO,24/09/2024,09:29:04,53993.05,53992,15,54002,60,390,1489110
BANKNIFTY-I.NFO,24/09/2024,09:29:06,53996.9,53991,15,54000.95,60,30,1489110
BANKNIFTY-I.NFO,24/09/2024,09:29:07,53991.85,53992.8,15,54002.2,30,45,1489110
BANKNIFTY-I.NFO,24/09/2024,09:29:09,53997.55,53997.2,15,54000.95,30,45,1489110
BANKNIFTY-I.NFO,24/09/2024,09:29:10,53999.75,53996.25,15,54002.25,15,150,1489110
BANKNIFTY-I.NFO,24/09/2024,09:29:12,53998.8,53997.55,15,54002.3,60,15,1489110
BANKNIFTY-I.NFO,24/09/2024,09:29:13,54005.05,54004.8,30,54007,30,180,1489110
BANKNIFTY-I.NFO,24/09/2024,09:29:15,54010,54009.95,15,54016.3,60,60,1489110
BANKNIFTY-I.NFO,24/09/2024,09:29:16,54010,54009.95,15,54014.15,60,0,1489110
BANKNIFTY-I.NFO,24/09/2024,09:29:18,54009.95,54004.35,15,54014.05,60,15,1489110
BANKNIFTY-I.NFO,24/09/2024,09:29:19,54014,54002.5,15,54012.95,60,15,1489110
BANKNIFTY-I.NFO,24/09/2024,09:29:21,54010,54006.05,15,54009.95,15,45,1489110
BANKNIFTY-I.NFO,24/09/2024,09:29:23,54009.95,54002.45,15,54010,15,60,1489110
BANKNIFTY-I.NFO,24/09/2024,09:29:24,54010,54008.9,15,54015.9,15,60,1489110
BANKNIFTY-I.NFO,24/09/2024,09:29:26,54010,54010.15,15,54015.95,30,45,1489110
BANKNIFTY-I.NFO,24/09/2024,09:29:27,54015.95,54014.25,15,54015.95,15,15,1489110
BANKNIFTY-I.NFO,24/09/2024,09:29:29,54016,54017.3,15,54022.3,15,30,1489110
BANKNIFTY-I.NFO,24/09/2024,09:29:31,54020,54018.6,15,54022.3,15,45,1489110
BANKNIFTY-I.NFO,24/09/2024,09:29:32,54017.9,54017.3,15,54022.3,15,90,1489110
BANKNIFTY-I.NFO,24/09/2024,09:29:34,54030,54015.3,60,54024.65,45,330,1489110
BANKNIFTY-I.NFO,24/09/2024,09:29:35,54030.7,54019.05,15,54028.95,45,795,1489110
BANKNIFTY-I.NFO,24/09/2024,09:29:37,54027,54016.05,15,54025.6,15,15,1489110
BANKNIFTY-I.NFO,24/09/2024,09:29:39,54013.6,54013.8,15,54024.2,15,30,1489110
BANKNIFTY-I.NFO,24/09/2024,09:29:40,54016.3,54017.45,15,54025.95,15,30,1489110
BANKNIFTY-I.NFO,24/09/2024,09:29:42,54016.8,54015,15,54022.85,15,105,1489110
BANKNIFTY-I.NFO,24/09/2024,09:29:43,54027.45,54015.8,15,54027.15,15,105,1489110
BANKNIFTY-I.NFO,24/09/2024,09:29:45,54015.05,54015.9,15,54026.05,45,15,1489110
BANKNIFTY-I.NFO,24/09/2024,09:29:47,54015.05,54015,30,54022.75,45,0,1489110
BANKNIFTY-I.NFO,24/09/2024,09:29:48,54015,54015,15,54022.75,30,45,1489110
BANKNIFTY-I.NFO,24/09/2024,09:29:50,54022.7,54019.1,15,54022.7,15,15,1489110
BANKNIFTY-I.NFO,24/09/2024,09:29:52,54022.8,54019.75,15,54030.7,45,30,1489110
BANKNIFTY-I.NFO,24/09/2024,09:29:53,54022.8,54023.4,15,54034.85,15,0,1489110
BANKNIFTY-I.NFO,24/09/2024,09:29:55,54022.8,54027.55,60,54038.3,15,0,1489110
BANKNIFTY-I.NFO,24/09/2024,09:29:56,54022.8,54026.35,60,54037.4,15,0,1489110
BANKNIFTY-I.NFO,24/09/2024,09:29:58,54022.8,54024,15,54035.45,15,0,1489110
BANKNIFTY-I.NFO,24/09/2024,09:30:00,54025.4,54030.75,60,54040,30,15,1489110
BANKNIFTY-I.NFO,24/09/2024,09:30:01,54025.4,54029.6,15,54038,15,0,1489110
BANKNIFTY-I.NFO,24/09/2024,09:30:03,54040,54044.2,15,54049.95,15,75,1489110
BANKNIFTY-I.NFO,24/09/2024,09:30:05,54050,54037.6,60,54048.15,45,120,1489110
BANKNIFTY-I.NFO,24/09/2024,09:30:06,54048.85,54032.75,15,54043.75,60,45,1489110
BANKNIFTY-I.NFO,24/09/2024,09:30:08,54043.25,54030.5,60,54041.25,15,75,1489110
BANKNIFTY-I.NFO,24/09/2024,09:30:09,54043.25,54024.3,60,54034.3,15,0,1489110
BANKNIFTY-I.NFO,24/09/2024,09:30:11,54043.25,54022.7,60,54033.3,15,0,1489110
BANKNIFTY-I.NFO,24/09/2024,09:30:13,54033.3,54023.95,15,54033.3,30,15,1489110
BANKNIFTY-I.NFO,24/09/2024,09:30:14,54033.25,54024.2,15,54033.3,30,135,1489110
BANKNIFTY-I.NFO,24/09/2024,09:30:16,54028.25,54020,15,54026.45,45,45,1489110
BANKNIFTY-I.NFO,24/09/2024,09:30:18,54028.25,54020,15,54023.4,45,0,1489110
BANKNIFTY-I.NFO,24/09/2024,09:30:19,54021.6,54015.65,45,54023.4,30,45,1489110
BANKNIFTY-I.NFO,24/09/2024,09:30:21,54023.4,54021.6,45,54023.4,15,15,1489110
BANKNIFTY-I.NFO,24/09/2024,09:30:23,54023.4,54021.6,45,54023.35,60,0,1489110
BANKNIFTY-I.NFO,24/09/2024,09:30:24,54015,54015,30,54018.4,60,75,1489110
BANKNIFTY-I.NFO,24/09/2024,09:30:26,54015,54015,15,54018.35,60,15,1489110
BANKNIFTY-I.NFO,24/09/2024,09:30:28,54015,54015,15,54018.3,60,0,1489110
BANKNIFTY-I.NFO,24/09/2024,09:30:29,54000,54003.95,15,54012.25,60,1635,1489110
BANKNIFTY-I.NFO,24/09/2024,09:30:31,53999,53999,15,54006.2,60,45,1489110
BANKNIFTY-I.NFO,24/09/2024,09:30:33,53993.35,53987,15,53995.7,60,180,1489110
BANKNIFTY-I.NFO,24/09/2024,09:30:34,53998.2,53995,15,53999,390,30,1489110
BANKNIFTY-I.NFO,24/09/2024,09:30:36,53999,53995.85,15,53999,360,255,1489530
BANKNIFTY-I.NFO,24/09/2024,09:30:37,53995.15,53991.55,15,53999,360,15,1489530
BANKNIFTY-I.NFO,24/09/2024,09:30:39,53999,53994.95,30,53999,285,105,1489530
BANKNIFTY-I.NFO,24/09/2024,09:30:41,53999,54001.05,15,54010.15,15,330,1489530
BANKNIFTY-I.NFO,24/09/2024,09:30:42,53999,54007.55,15,54012.3,15,0,1489530
BANKNIFTY-I.NFO,24/09/2024,09:30:44,54012.3,54016.35,15,54020,45,15,1489530
BANKNIFTY-I.NFO,24/09/2024,09:30:46,54012.3,54018.25,15,54020,45,0,1489530
BANKNIFTY-I.NFO,24/09/2024,09:30:47,54023,54021.2,15,54031.2,60,120,1489530
BANKNIFTY-I.NFO,24/09/2024,09:30:49,54020,54015.05,15,54024.6,15,15,1489530
BANKNIFTY-I.NFO,24/09/2024,09:30:51,54020,54020.05,15,54022.45,60,0,1489530
BANKNIFTY-I.NFO,24/09/2024,09:30:52,54020.3,54009.1,15,54019.95,60,30,1489530
BANKNIFTY-I.NFO,24/09/2024,09:30:54,54020.3,54015,15,54020.65,30,105,1489530
BANKNIFTY-I.NFO,24/09/2024,09:30:55,54006.95,54008.85,30,54020.05,60,240,1489530
BANKNIFTY-I.NFO,24/09/2024,09:30:57,54007.4,54008.8,15,54019.55,60,15,1489530
BANKNIFTY-I.NFO,24/09/2024,09:30:59,54007.4,54008.85,15,54019.35,60,0,1489530
BANKNIFTY-I.NFO,24/09/2024,09:31:00,54009.45,54006.6,15,54016.65,60,75,1489530
BANKNIFTY-I.NFO,24/09/2024,09:31:02,54000.05,54003.1,15,54011.85,45,45,1489530
BANKNIFTY-I.NFO,24/09/2024,09:31:03,54015.65,54003.05,15,54013.2,60,75,1489530
BANKNIFTY-I.NFO,24/09/2024,09:31:05,54000.1,54005,15,54009.65,60,30,1489530
BANKNIFTY-I.NFO,24/09/2024,09:31:07,54000.05,54002.05,15,54009.65,30,45,1489530
BANKNIFTY-I.NFO,24/09/2024,09:31:08,54005,54002,15,54005,285,15,1489530
BANKNIFTY-I.NFO,24/09/2024,09:31:10,54000.35,54000,345,54004.9,15,15,1489530
BANKNIFTY-I.NFO,24/09/2024,09:31:12,54000,54000,285,54004.9,30,60,1489530
BANKNIFTY-I.NFO,24/09/2024,09:31:13,54000,53999,15,54004.9,30,345,1489530
BANKNIFTY-I.NFO,24/09/2024,09:31:15,54004.9,54004.2,15,54004.9,15,30,1489530
BANKNIFTY-I.NFO,24/09/2024,09:31:17,54006.15,54006.55,15,54014.9,15,315,1489530
BANKNIFTY-I.NFO,24/09/2024,09:31:18,54006.15,54006.55,15,54012.35,60,0,1489530
BANKNIFTY-I.NFO,24/09/2024,09:31:20,54006.15,54006.55,15,54008.55,60,30,1489530
BANKNIFTY-I.NFO,24/09/2024,09:31:22,54007.15,54001,15,54010.3,45,60,1489530
BANKNIFTY-I.NFO,24/09/2024,09:31:23,54001.65,54004.9,15,54010,15,30,1489530
BANKNIFTY-I.NFO,24/09/2024,09:31:25,54010,54000,15,54009.8,45,30,1489530
BANKNIFTY-I.NFO,24/09/2024,09:31:26,54006.15,54000,15,54006.15,210,15,1489530
BANKNIFTY-I.NFO,24/09/2024,09:31:28,54000,53997.3,60,54000,15,15,1489530
BANKNIFTY-I.NFO,24/09/2024,09:31:30,54000,53997,15,54005.15,45,60,1489530
BANKNIFTY-I.NFO,24/09/2024,09:31:31,54000,54000,15,54005.05,30,0,1489530
BANKNIFTY-I.NFO,24/09/2024,09:31:33,54000,54000,15,54005,15,0,1489530
BANKNIFTY-I.NFO,24/09/2024,09:31:35,54005,54000.65,75,54005,15,30,1489530
BANKNIFTY-I.NFO,24/09/2024,09:31:36,54000,54003.25,15,54005,30,105,1489530
BANKNIFTY-I.NFO,24/09/2024,09:31:38,54005.05,54003.45,15,54005,15,90,1489530
BANKNIFTY-I.NFO,24/09/2024,09:31:40,54006.15,54004.8,15,54010,15,225,1489530
BANKNIFTY-I.NFO,24/09/2024,09:31:41,54014.6,54003.55,60,54012.9,45,75,1489530
BANKNIFTY-I.NFO,24/09/2024,09:31:43,54014.6,54000.05,30,54010.15,45,0,1489530
BANKNIFTY-I.NFO,24/09/2024,09:31:44,54014.6,54003.6,15,54010.2,15,0,1489530
BANKNIFTY-I.NFO,24/09/2024,09:31:46,54014.6,54004.25,15,54010.25,15,15,1489530
BANKNIFTY-I.NFO,24/09/2024,09:31:47,54010.3,54000.7,60,54011.25,45,45,1489530
BANKNIFTY-I.NFO,24/09/2024,09:31:49,54010.3,54002,60,54011.25,15,30,1489530
BANKNIFTY-I.NFO,24/09/2024,09:31:51,54003,54005.95,60,54011.25,15,45,1489530
BANKNIFTY-I.NFO,24/09/2024,09:31:52,54003,54003.7,60,54011.25,15,0,1489530
BANKNIFTY-I.NFO,24/09/2024,09:31:54,54011.25,54003.3,90,54013.3,15,30,1489530
BANKNIFTY-I.NFO,24/09/2024,09:31:56,54011.25,54005.05,60,54014.15,15,30,1489530
BANKNIFTY-I.NFO,24/09/2024,09:31:57,54014.95,54004.05,15,54012.9,15,90,1489530
BANKNIFTY-I.NFO,24/09/2024,09:31:59,54004.1,54003.4,15,54010.5,15,60,1489530
BANKNIFTY-I.NFO,24/09/2024,09:32:01,54001.05,54001.2,15,54009.25,15,240,1489530
BANKNIFTY-I.NFO,24/09/2024,09:32:02,53999.1,54004.9,15,54010.25,30,45,1489530
BANKNIFTY-I.NFO,24/09/2024,09:32:04,54010.05,54009.45,15,54015,75,75,1489530
BANKNIFTY-I.NFO,24/09/2024,09:32:06,54020,54019.2,15,54022.3,15,150,1489530
BANKNIFTY-I.NFO,24/09/2024,09:32:07,54020,54013.15,15,54021.3,60,60,1489530
BANKNIFTY-I.NFO,24/09/2024,09:32:09,54009.35,54010.65,15,54020.05,60,60,1489530
BANKNIFTY-I.NFO,24/09/2024,09:32:11,54010.65,54013.7,15,54022.3,15,15,1489530
BANKNIFTY-I.NFO,24/09/2024,09:32:12,54010.65,54015.85,15,54022.25,15,75,1489530
BANKNIFTY-I.NFO,24/09/2024,09:32:14,54018,54018.75,15,54022.25,15,15,1489530
BANKNIFTY-I.NFO,24/09/2024,09:32:16,54024.85,54015.3,15,54024.55,60,60,1489530
BANKNIFTY-I.NFO,24/09/2024,09:32:17,54024.85,54015,150,54022.85,60,0,1489530
BANKNIFTY-I.NFO,24/09/2024,09:32:19,54022.85,54015,150,54023.6,60,15,1489530
BANKNIFTY-I.NFO,24/09/2024,09:32:21,54024.15,54015.5,15,54024.8,60,45,1489530
BANKNIFTY-I.NFO,24/09/2024,09:32:22,54024.15,54015,150,54023.45,75,0,1489530
BANKNIFTY-I.NFO,24/09/2024,09:32:24,54023,54014.4,15,54023.05,15,150,1489530
BANKNIFTY-I.NFO,24/09/2024,09:32:26,54023.45,54014.4,15,54023.2,15,15,1489530
BANKNIFTY-I.NFO,24/09/2024,09:32:27,54023.45,54016.25,60,54023.15,15,0,1489530
BANKNIFTY-I.NFO,24/09/2024,09:32:29,54023.45,54014.4,15,54024.15,30,0,1489530
BANKNIFTY-I.NFO,24/09/2024,09:32:30,54023.45,54016.9,60,54022,15,0,1489530
BANKNIFTY-I.NFO,24/09/2024,09:32:32,54023.45,54017.4,15,54022,15,0,1489530
BANKNIFTY-I.NFO,24/09/2024,09:32:33,54022.05,54020.6,15,54024.85,15,30,1489530
BANKNIFTY-I.NFO,24/09/2024,09:32:35,54014.45,54014.45,60,54024.8,30,15,1489530
BANKNIFTY-I.NFO,24/09/2024,09:32:36,54016,54016,15,54020.7,15,30,1489530
BANKNIFTY-I.NFO,24/09/2024,09:32:38,54018.85,54016,15,54020.25,15,15,1489530
BANKNIFTY-I.NFO,24/09/2024,09:32:40,54010.05,54007.05,15,54015.85,15,90,1489530
BANKNIFTY-I.NFO,24/09/2024,09:32:41,54010.05,54005,15,54011.9,15,0,1489530
BANKNIFTY-I.NFO,24/09/2024,09:32:43,54010.05,54006,105,54008.95,30,0,1489530
BANKNIFTY-I.NFO,24/09/2024,09:32:45,54008.45,54005,15,54008.1,15,165,1489530
BANKNIFTY-I.NFO,24/09/2024,09:32:46,54003,54001,15,54006,30,30,1489530
BANKNIFTY-I.NFO,24/09/2024,09:32:48,54003,54001,15,54005.5,30,0,1489530
BANKNIFTY-I.NFO,24/09/2024,09:32:49,53999,53999,135,54003.7,15,165,1489530
BANKNIFTY-I.NFO,24/09/2024,09:32:51,54000,54000,105,54003.7,30,15,1489530
BANKNIFTY-I.NFO,24/09/2024,09:32:53,54002.8,53997,15,54003.7,15,285,1489530
BANKNIFTY-I.NFO,24/09/2024,09:32:54,54002.8,53997,15,54003.7,15,0,1489530
BANKNIFTY-I.NFO,24/09/2024,09:32:56,54002.8,53998.55,60,54003.7,15,0,1489530
BANKNIFTY-I.NFO,24/09/2024,09:32:57,54003.7,54003.7,60,54006.45,15,15,1489530
BANKNIFTY-I.NFO,24/09/2024,09:32:59,54003.7,54003.7,60,54006.45,15,0,1489530
BANKNIFTY-I.NFO,24/09/2024,09:33:00,54002.4,54002.1,60,54010.85,15,195,1489530
BANKNIFTY-I.NFO,24/09/2024,09:33:02,54003.7,54003.7,30,54010.15,15,75,1489530
BANKNIFTY-I.NFO,24/09/2024,09:33:04,54003.7,54000.1,60,54009.9,45,30,1489530
BANKNIFTY-I.NFO,24/09/2024,09:33:05,54000,54000,225,54005.65,15,15,1489530
BANKNIFTY-I.NFO,24/09/2024,09:33:07,54000,54003.7,15,54005.6,15,90,1489530
BANKNIFTY-I.NFO,24/09/2024,09:33:09,54000,54003.7,15,54005.6,15,0,1489530
BANKNIFTY-I.NFO,24/09/2024,09:33:10,54001.9,54003.35,60,54005.6,15,120,1489530
BANKNIFTY-I.NFO,24/09/2024,09:33:12,54005.6,54001.15,45,54005.65,30,15,1489530
BANKNIFTY-I.NFO,24/09/2024,09:33:13,54003.95,54004.25,30,54005.65,30,120,1489530
BANKNIFTY-I.NFO,24/09/2024,09:33:15,54010.55,54010.8,30,54018.6,15,105,1489530
BANKNIFTY-I.NFO,24/09/2024,09:33:17,54012.25,54016.45,15,54019,30,60,1489530
BANKNIFTY-I.NFO,24/09/2024,09:33:18,54014.85,54012.45,15,54019,30,30,1489530
BANKNIFTY-I.NFO,24/09/2024,09:33:20,54012.05,54011.65,15,54018.95,30,45,1489530
BANKNIFTY-I.NFO,24/09/2024,09:33:22,54011.3,54013.9,15,54018.95,15,30,1489530
BANKNIFTY-I.NFO,24/09/2024,09:33:23,54013.05,54012.8,30,54020,105,135,1489530
BANKNIFTY-I.NFO,24/09/2024,09:33:25,54014.3,54015.25,15,54020,105,60,1489530
BANKNIFTY-I.NFO,24/09/2024,09:33:26,54014.55,54014.1,30,54020,105,15,1489530
BANKNIFTY-I.NFO,24/09/2024,09:33:28,54020,54017.05,15,54027.95,60,150,1489530
BANKNIFTY-I.NFO,24/09/2024,09:33:30,54020,54018.25,15,54028.5,45,0,1489530
BANKNIFTY-I.NFO,24/09/2024,09:33:31,54020,54018.3,15,54027.65,15,90,1489530
BANKNIFTY-I.NFO,24/09/2024,09:33:33,54022.45,54025.25,15,54027.7,15,105,1489530
BANKNIFTY-I.NFO,24/09/2024,09:33:34,54025.6,54026,30,54027.75,30,60,1489530
BANKNIFTY-I.NFO,24/09/2024,09:33:36,54028.65,54028.85,45,54030,60,45,1489395
BANKNIFTY-I.NFO,24/09/2024,09:33:38,54028.85,54022.6,30,54028.75,60,45,1489395
BANKNIFTY-I.NFO,24/09/2024,09:33:39,54022.6,54015.05,15,54023.85,15,30,1489395
BANKNIFTY-I.NFO,24/09/2024,09:33:41,54011.3,54015.35,15,54024.95,15,45,1489395
BANKNIFTY-I.NFO,24/09/2024,09:33:42,54018.05,54018.4,15,54024,15,45,1489395
BANKNIFTY-I.NFO,24/09/2024,09:33:44,54018.05,54021.5,15,54024,15,15,1489395
BANKNIFTY-I.NFO,24/09/2024,09:33:46,54017.55,54016.5,30,54024,15,30,1489395
BANKNIFTY-I.NFO,24/09/2024,09:33:47,54016.1,54018.3,15,54024,15,15,1489395
BANKNIFTY-I.NFO,24/09/2024,09:33:49,54015.05,54015.4,15,54025.05,45,60,1489395
BANKNIFTY-I.NFO,24/09/2024,09:33:51,54028.55,54018.95,60,54028.85,60,285,1489395
BANKNIFTY-I.NFO,24/09/2024,09:33:52,54021.9,54021.65,15,54028.9,15,45,1489395
BANKNIFTY-I.NFO,24/09/2024,09:33:54,54028.9,54019.3,15,54029.95,60,30,1489395
BANKNIFTY-I.NFO,24/09/2024,09:33:56,54018.3,54018.3,60,54028,30,360,1489395
BANKNIFTY-I.NFO,24/09/2024,09:33:57,54018.3,54018,105,54028,45,15,1489395
BANKNIFTY-I.NFO,24/09/2024,09:33:59,54027.35,54018,60,54027.35,30,60,1489395
BANKNIFTY-I.NFO,24/09/2024,09:34:01,54018.7,54018.65,15,54028.15,60,45,1489395
BANKNIFTY-I.NFO,24/09/2024,09:34:02,54028.2,54022.85,45,54030.35,30,15,1489395
BANKNIFTY-I.NFO,24/09/2024,09:34:04,54021.85,54022.35,15,54030.35,30,90,1489395
BANKNIFTY-I.NFO,24/09/2024,09:34:06,54030.35,54023.4,15,54030.45,15,15,1489395
BANKNIFTY-I.NFO,24/09/2024,09:34:07,54021.9,54022.1,15,54030.45,30,45,1489395
BANKNIFTY-I.NFO,24/09/2024,09:34:09,54030.35,54018.95,15,54029.75,60,15,1489395
BANKNIFTY-I.NFO,24/09/2024,09:34:11,54029.65,54020.35,60,54029.7,15,105,1489395
BANKNIFTY-I.NFO,24/09/2024,09:34:12,54023.15,54024.35,45,54029.7,15,15,1489395
BANKNIFTY-I.NFO,24/09/2024,09:34:14,54034.7,54033.3,60,54040,30,195,1489395
BANKNIFTY-I.NFO,24/09/2024,09:34:15,54036.05,54032.9,15,54040,30,90,1489395
BANKNIFTY-I.NFO,24/09/2024,09:34:17,54032.05,54034.95,90,54040,30,15,1489395
BANKNIFTY-I.NFO,24/09/2024,09:34:19,54034.95,54035,60,54037.35,15,45,1489395
BANKNIFTY-I.NFO,24/09/2024,09:34:20,54037.35,54035,45,54037.45,15,30,1489395
BANKNIFTY-I.NFO,24/09/2024,09:34:22,54035,54035,30,54037.6,60,105,1489395
BANKNIFTY-I.NFO,24/09/2024,09:34:24,54034.95,54025.1,15,54034.75,60,90,1489395
BANKNIFTY-I.NFO,24/09/2024,09:34:26,54020.9,54027,30,54034.95,15,45,1489395
BANKNIFTY-I.NFO,24/09/2024,09:34:27,54023.9,54024.45,15,54034.5,60,60,1489395
BANKNIFTY-I.NFO,24/09/2024,09:34:29,54031.85,54022.45,15,54032.7,60,75,1489395
BANKNIFTY-I.NFO,24/09/2024,09:34:31,54017.35,54018.55,30,54028.6,15,30,1489395
BANKNIFTY-I.NFO,24/09/2024,09:34:32,54025.1,54026.2,15,54028.6,15,45,1489395
BANKNIFTY-I.NFO,24/09/2024,09:34:34,54026.25,54026.25,15,54033.45,60,75,1489395
BANKNIFTY-I.NFO,24/09/2024,09:34:36,54026.25,54026.25,15,54031.9,60,0,1489395
BANKNIFTY-I.NFO,24/09/2024,09:34:37,54020.1,54020.75,15,54030.7,15,75,1489395
BANKNIFTY-I.NFO,24/09/2024,09:34:39,54020.1,54019.9,30,54030.35,60,0,1489395
BANKNIFTY-I.NFO,24/09/2024,09:34:41,54018,54017.15,15,54028.1,60,45,1489395
BANKNIFTY-I.NFO,24/09/2024,09:34:42,54018,54026,15,54029.25,60,0,1489395
BANKNIFTY-I.NFO,24/09/2024,09:34:44,54018.65,54018.2,15,54020,615,45,1489395
BANKNIFTY-I.NFO,24/09/2024,09:34:46,54019.25,54018.05,15,54020,1005,45,1489395
BANKNIFTY-I.NFO,24/09/2024,09:34:47,54020,54017.45,30,54020,795,255,1489395
BANKNIFTY-I.NFO,24/09/2024,09:34:49,54020,54020.6,45,54029.85,60,810,1489395
BANKNIFTY-I.NFO,24/09/2024,09:34:51,54019.95,54017.25,15,54027.9,60,180,1489395
BANKNIFTY-I.NFO,24/09/2024,09:34:52,54017.1,54015.45,30,54025.25,15,30,1489395
BANKNIFTY-I.NFO,24/09/2024,09:34:54,54016.15,54019.75,15,54029.55,15,15,1489395
BANKNIFTY-I.NFO,24/09/2024,09:34:56,54020.4,54021.25,15,54029,15,45,1489395
BANKNIFTY-I.NFO,24/09/2024,09:34:57,54020.8,54020,15,54029.9,15,30,1489395
BANKNIFTY-I.NFO,24/09/2024,09:34:59,54030,54022.55,15,54030,60,45,1489395
BANKNIFTY-I.NFO,24/09/2024,09:35:01,54031.3,54032.2,15,54037,15,90,1489395
BANKNIFTY-I.NFO,24/09/2024,09:35:02,54032.55,54030.35,15,54037,15,75,1489395
BANKNIFTY-I.NFO,24/09/2024,09:35:04,54025.6,54025.9,15,54035.9,60,30,1489395
BANKNIFTY-I.NFO,24/09/2024,09:35:05,54024.7,54027.55,15,54034.05,30,15,1489395
BANKNIFTY-I.NFO,24/09/2024,09:35:07,54034.05,54027.1,30,54027.55,15,120,1489395
BANKNIFTY-I.NFO,24/09/2024,09:35:09,54039.9,54036,15,54040,15,105,1489395
BANKNIFTY-I.NFO,24/09/2024,09:35:10,54039.95,54029.55,60,54038.85,15,120,1489395
BANKNIFTY-I.NFO,24/09/2024,09:35:12,54039.95,54032.95,60,54040,15,0,1489395
BANKNIFTY-I.NFO,24/09/2024,09:35:14,54040.05,54040,90,54044.9,15,75,1489395
BANKNIFTY-I.NFO,24/09/2024,09:35:15,54045,54040,75,54045,45,90,1489395
BANKNIFTY-I.NFO,24/09/2024,09:35:17,54040,54040,30,54045,45,45,1489395
BANKNIFTY-I.NFO,24/09/2024,09:35:19,54040.5,54040.6,30,54045,30,60,1489395
BANKNIFTY-I.NFO,24/09/2024,09:35:20,54045,54045.3,15,54047.1,15,30,1489395
BANKNIFTY-I.NFO,24/09/2024,09:35:22,54044.85,54044.85,15,54045,15,30,1489395
BANKNIFTY-I.NFO,24/09/2024,09:35:24,54047.1,54043.4,15,54049,30,45,1489395
BANKNIFTY-I.NFO,24/09/2024,09:35:25,54049,54041.6,15,54049,15,60,1489395
BANKNIFTY-I.NFO,24/09/2024,09:35:27,54050.9,54045.15,90,54054.95,60,165,1489395
BANKNIFTY-I.NFO,24/09/2024,09:35:29,54046.65,54045.55,15,54054.5,60,30,1489395
BANKNIFTY-I.NFO,24/09/2024,09:35:30,54045.05,54049.05,15,54054.55,15,30,1489395
BANKNIFTY-I.NFO,24/09/2024,09:35:32,54053.85,54049.8,15,54055,315,30,1489395
BANKNIFTY-I.NFO,24/09/2024,09:35:34,54060,54056.4,15,54060,60,480,1489395
BANKNIFTY-I.NFO,24/09/2024,09:35:35,54060.15,54055,30,54061.9,60,105,1489395
BANKNIFTY-I.NFO,24/09/2024,09:35:37,54055,54055.25,15,54061.9,30,135,1489395
BANKNIFTY-I.NFO,24/09/2024,09:35:39,54061.25,54053.6,15,54055,30,30,1489395
BANKNIFTY-I.NFO,24/09/2024,09:35:40,54056.6,54056.4,15,54062,30,105,1489395
BANKNIFTY-I.NFO,24/09/2024,09:35:42,54051.7,54052.3,30,54060.65,15,60,1489395
BANKNIFTY-I.NFO,24/09/2024,09:35:44,54055.9,54056.05,15,54062,30,60,1489395
BANKNIFTY-I.NFO,24/09/2024,09:35:45,54058.05,54058.05,15,54062,30,15,1489395
BANKNIFTY-I.NFO,24/09/2024,09:35:47,54052.75,54052.85,30,54061.45,15,135,1489395
BANKNIFTY-I.NFO,24/09/2024,09:35:48,54054.75,54057.8,15,54062,30,15,1489395
BANKNIFTY-I.NFO,24/09/2024,09:35:50,54062,54054.65,15,54062,15,75,1489395
BANKNIFTY-I.NFO,24/09/2024,09:35:52,54052.45,54052.35,15,54060.25,15,15,1489395
BANKNIFTY-I.NFO,24/09/2024,09:35:53,54060.25,54054.4,15,54060.25,30,45,1489395
BANKNIFTY-I.NFO,24/09/2024,09:35:55,54055.95,54053.55,15,54061.5,300,120,1489395
BANKNIFTY-I.NFO,24/09/2024,09:35:56,54053.25,54049,30,54058.9,15,15,1489395
BANKNIFTY-I.NFO,24/09/2024,09:35:58,54049,54050.25,30,54058.15,15,45,1489395
BANKNIFTY-I.NFO,24/09/2024,09:36:00,54049.2,54045.05,15,54052.9,45,15,1489395
BANKNIFTY-I.NFO,24/09/2024,09:36:01,54050.05,54040.05,210,54049,15,195,1489395
BANKNIFTY-I.NFO,24/09/2024,09:36:03,54040.05,54033.6,15,54039.9,15,255,1489395
BANKNIFTY-I.NFO,24/09/2024,09:36:04,54030.45,54032.55,15,54034,60,45,1489395
BANKNIFTY-I.NFO,24/09/2024,09:36:06,54036.15,54032.65,15,54043.75,15,75,1489395
BANKNIFTY-I.NFO,24/09/2024,09:36:08,54030.3,54035.2,15,54045.9,15,45,1489395
BANKNIFTY-I.NFO,24/09/2024,09:36:09,54047,54047,15,54049.75,15,15,1489395
BANKNIFTY-I.NFO,24/09/2024,09:36:11,54040.35,54031.8,15,54042.1,15,30,1489395
BANKNIFTY-I.NFO,24/09/2024,09:36:13,54031.5,54033.1,15,54044.2,15,60,1489395
BANKNIFTY-I.NFO,24/09/2024,09:36:14,54043.3,54032.6,60,54043.1,15,60,1489395
BANKNIFTY-I.NFO,24/09/2024,09:36:16,54033.7,54033.05,15,54042.7,60,60,1489395
BANKNIFTY-I.NFO,24/09/2024,09:36:17,54033.05,54032.85,15,54042.05,60,15,1489395
BANKNIFTY-I.NFO,24/09/2024,09:36:19,54031.45,54032.35,15,54041.9,75,90,1489395
BANKNIFTY-I.NFO,24/09/2024,09:36:21,54031.45,54030.3,15,54039.95,75,135,1489395
BANKNIFTY-I.NFO,24/09/2024,09:36:22,54029.25,54026.7,15,54035.15,60,90,1489395
BANKNIFTY-I.NFO,24/09/2024,09:36:24,54037.35,54026.3,15,54034.95,15,15,1489395
BANKNIFTY-I.NFO,24/09/2024,09:36:26,54029.4,54030.05,15,54035.1,45,60,1489395
BANKNIFTY-I.NFO,24/09/2024,09:36:27,54028.95,54029.15,15,54035.05,45,15,1489395
BANKNIFTY-I.NFO,24/09/2024,09:36:29,54042.2,54030.3,60,54040.1,60,420,1489395
BANKNIFTY-I.NFO,24/09/2024,09:36:31,54029.7,54028.05,15,54037.5,60,30,1489395
BANKNIFTY-I.NFO,24/09/2024,09:36:32,54036.7,54027.85,15,54036.85,30,30,1489395
BANKNIFTY-I.NFO,24/09/2024,09:36:34,54031.55,54031.2,30,54036.85,30,60,1489395
BANKNIFTY-I.NFO,24/09/2024,09:36:36,54036.85,54038.1,15,54048.15,60,30,1489395
BANKNIFTY-I.NFO,24/09/2024,09:36:37,54041.75,54041.6,15,54050,15,45,1490520
BANKNIFTY-I.NFO,24/09/2024,09:36:39,54050,54046.2,15,54056.8,60,15,1490520
BANKNIFTY-I.NFO,24/09/2024,09:36:40,54046.9,54046.75,15,54057.8,60,45,1490520
BANKNIFTY-I.NFO,24/09/2024,09:36:42,54044.6,54041.55,15,54051.9,60,45,1490520
BANKNIFTY-I.NFO,24/09/2024,09:36:44,54049.65,54042.2,15,54053.05,60,45,1490520
BANKNIFTY-I.NFO,24/09/2024,09:36:45,54055.35,54042.35,60,54053.15,60,210,1490520
BANKNIFTY-I.NFO,24/09/2024,09:36:47,54056.1,54051.7,60,54060,15,150,1490520
BANKNIFTY-I.NFO,24/09/2024,09:36:49,54060.4,54060.4,15,54062,15,60,1490520
BANKNIFTY-I.NFO,24/09/2024,09:36:50,54074,54063.65,60,54074.05,15,450,1490520
BANKNIFTY-I.NFO,24/09/2024,09:36:52,54059.55,54056.75,60,54066.5,15,450,1490520
BANKNIFTY-I.NFO,24/09/2024,09:36:54,54064.95,54055.75,60,54056.95,15,45,1490520
BANKNIFTY-I.NFO,24/09/2024,09:36:55,54056.55,54056.9,30,54066.45,15,90,1490520
BANKNIFTY-I.NFO,24/09/2024,09:36:57,54068.55,54059.95,30,54070.5,60,15,1490520
BANKNIFTY-I.NFO,24/09/2024,09:36:59,54054.15,54055.15,45,54066,60,150,1490520
BANKNIFTY-I.NFO,24/09/2024,09:37:00,54056.6,54056.45,15,54057.05,15,30,1490520
BANKNIFTY-I.NFO,24/09/2024,09:37:02,54063.05,54052.95,60,54062.95,30,195,1490520
BANKNIFTY-I.NFO,24/09/2024,09:37:03,54054.15,54051.8,60,54061.5,15,30,1490520
BANKNIFTY-I.NFO,24/09/2024,09:37:05,54054.3,54055.3,60,54065.65,45,15,1490520
BANKNIFTY-I.NFO,24/09/2024,09:37:07,54057.85,54057.05,45,54067.8,60,45,1490520
BANKNIFTY-I.NFO,24/09/2024,09:37:08,54063.05,54059.15,45,54068.45,15,75,1490520
BANKNIFTY-I.NFO,24/09/2024,09:37:10,54056.15,54056.4,15,54066.95,60,135,1490520
BANKNIFTY-I.NFO,24/09/2024,09:37:12,54056.15,54054.9,30,54064.25,15,0,1490520
BANKNIFTY-I.NFO,24/09/2024,09:37:13,54058.35,54058.2,15,54064.35,15,45,1490520
BANKNIFTY-I.NFO,24/09/2024,09:37:15,54064.5,54064.5,15,54067.1,30,60,1490520
BANKNIFTY-I.NFO,24/09/2024,09:37:17,54056.55,54059.4,15,54066.8,30,75,1490520
BANKNIFTY-I.NFO,24/09/2024,09:37:18,54058.05,54057,15,54066.25,60,165,1490520
BANKNIFTY-I.NFO,24/09/2024,09:37:20,54059.55,54062.15,15,54066.5,300,30,1490520
BANKNIFTY-I.NFO,24/09/2024,09:37:21,54059.55,54058.2,15,54065.5,300,0,1490520
BANKNIFTY-I.NFO,24/09/2024,09:37:23,54061.65,54061.6,150,54065.5,300,90,1490520
BANKNIFTY-I.NFO,24/09/2024,09:37:24,54065.5,54061.6,105,54065.5,255,90,1490520
BANKNIFTY-I.NFO,24/09/2024,09:37:26,54062.05,54061.6,75,54065.5,255,60,1490520
BANKNIFTY-I.NFO,24/09/2024,09:37:27,54061.6,54061.6,75,54065.5,15,270,1490520
BANKNIFTY-I.NFO,24/09/2024,09:37:29,54062.2,54061.9,15,54065.5,15,45,1490520
BANKNIFTY-I.NFO,24/09/2024,09:37:31,54065.5,54066.65,15,54068.55,30,15,1490520
BANKNIFTY-I.NFO,24/09/2024,09:37:32,54068.55,54063.55,15,54070,15,75,1490520
BANKNIFTY-I.NFO,24/09/2024,09:37:34,54070,54070,90,54071,150,60,1490520
BANKNIFTY-I.NFO,24/09/2024,09:37:35,54074,54071.65,30,54078,30,195,1490520
BANKNIFTY-I.NFO,24/09/2024,09:37:37,54071.45,54071.45,30,54078.05,30,30,1490520
BANKNIFTY-I.NFO,24/09/2024,09:37:38,54080,54078.05,15,54080,525,135,1490520
BANKNIFTY-I.NFO,24/09/2024,09:37:40,54085.35,54084.7,15,54089,840,1350,1490520
BANKNIFTY-I.NFO,24/09/2024,09:37:42,54094,54085.3,15,54091,15,1380,1490520
BANKNIFTY-I.NFO,24/09/2024,09:37:43,54095,54079.9,15,54091.05,15,495,1490520
BANKNIFTY-I.NFO,24/09/2024,09:37:45,54091.15,54082.3,15,54090.8,15,60,1490520
BANKNIFTY-I.NFO,24/09/2024,09:37:46,54079.9,54079.25,150,54079.9,30,165,1490520
BANKNIFTY-I.NFO,24/09/2024,09:37:48,54079.95,54079.25,135,54085.8,15,45,1490520
BANKNIFTY-I.NFO,24/09/2024,09:37:50,54077,54070,105,54078.6,15,330,1490520
BANKNIFTY-I.NFO,24/09/2024,09:37:51,54077,54076.95,15,54078.55,30,0,1490520
BANKNIFTY-I.NFO,24/09/2024,09:37:53,54076.3,54075.25,60,54085.25,45,90,1490520
BANKNIFTY-I.NFO,24/09/2024,09:37:55,54082.1,54071.15,60,54081.6,30,15,1490520
BANKNIFTY-I.NFO,24/09/2024,09:37:56,54082.1,54070,105,54078.65,30,0,1490520
BANKNIFTY-I.NFO,24/09/2024,09:37:58,54076.9,54070,105,54077.8,15,45,1490520
BANKNIFTY-I.NFO,24/09/2024,09:37:59,54071.05,54070,120,54079,15,15,1490520
BANKNIFTY-I.NFO,24/09/2024,09:38:01,54083.3,54074.95,15,54080.6,15,210,1490520
BANKNIFTY-I.NFO,24/09/2024,09:38:03,54080.65,54070,120,54079.6,15,240,1490520
BANKNIFTY-I.NFO,24/09/2024,09:38:04,54080.05,54076.9,15,54081,45,45,1490520
BANKNIFTY-I.NFO,24/09/2024,09:38:06,54077.35,54076.9,15,54080.65,15,30,1490520
BANKNIFTY-I.NFO,24/09/2024,09:38:08,54086.75,54086.95,15,54090,15,45,1490520
BANKNIFTY-I.NFO,24/09/2024,09:38:09,54087,54091.5,15,54099,345,60,1490520
BANKNIFTY-I.NFO,24/09/2024,09:38:11,54099.2,54097.2,15,54106.25,120,2340,1490520
BANKNIFTY-I.NFO,24/09/2024,09:38:13,54101.3,54086.75,15,54095.6,60,60,1490520
BANKNIFTY-I.NFO,24/09/2024,09:38:14,54097,54085.95,15,54093.95,15,120,1490520
BANKNIFTY-I.NFO,24/09/2024,09:38:16,54091.5,54091.4,15,54095,15,30,1490520
BANKNIFTY-I.NFO,24/09/2024,09:38:18,54096.05,54094.95,15,54105.05,15,300,1490520
BANKNIFTY-I.NFO,24/09/2024,09:38:19,54099.9,54092.8,15,54099.9,15,90,1490520
BANKNIFTY-I.NFO,24/09/2024,09:38:21,54095,54093.35,75,54095,15,75,1490520
BANKNIFTY-I.NFO,24/09/2024,09:38:22,54100,54095,60,54100,15,120,1490520
BANKNIFTY-I.NFO,24/09/2024,09:38:24,54096,54096.6,15,54097.4,15,240,1490520
BANKNIFTY-I.NFO,24/09/2024,09:38:26,54099.75,54092.75,15,54099.75,15,210,1490520
BANKNIFTY-I.NFO,24/09/2024,09:38:27,54095,54091.5,15,54095,15,90,1490520
BANKNIFTY-I.NFO,24/09/2024,09:38:29,54095,54098,30,54101.1,60,195,1490520
BANKNIFTY-I.NFO,24/09/2024,09:38:31,54091.5,54090.3,15,54093.4,45,45,1490520
BANKNIFTY-I.NFO,24/09/2024,09:38:32,54092,54081,300,54088.85,15,90,1490520
BANKNIFTY-I.NFO,24/09/2024,09:38:34,54081,54081,285,54089.05,15,90,1490520
BANKNIFTY-I.NFO,24/09/2024,09:38:36,54082.45,54082,45,54090.4,15,150,1490520
BANKNIFTY-I.NFO,24/09/2024,09:38:37,54081.2,54082.45,15,54087.45,30,165,1490520
BANKNIFTY-I.NFO,24/09/2024,09:38:39,54087.45,54085.15,15,54093.4,30,30,1490520
BANKNIFTY-I.NFO,24/09/2024,09:38:41,54093.4,54083.5,15,54085.15,30,15,1490520
BANKNIFTY-I.NFO,24/09/2024,09:38:42,54085,54081.8,30,54091.3,45,105,1490520
BANKNIFTY-I.NFO,24/09/2024,09:38:44,54089.4,54081,225,54090.35,15,30,1490520
BANKNIFTY-I.NFO,24/09/2024,09:38:45,54090.35,54081.15,45,54090.45,15,90,1490520
BANKNIFTY-I.NFO,24/09/2024,09:38:47,54090.45,54081.5,15,54089.3,15,30,1490520
BANKNIFTY-I.NFO,24/09/2024,09:38:48,54090.45,54082.45,45,54090.05,15,0,1490520
BANKNIFTY-I.NFO,24/09/2024,09:38:50,54083.75,54084.4,15,54090.9,15,60,1490520
BANKNIFTY-I.NFO,24/09/2024,09:38:52,54089.35,54081.5,15,54089.8,15,75,1490520
BANKNIFTY-I.NFO,24/09/2024,09:38:53,54087.05,54085.1,15,54094.9,15,45,1490520
BANKNIFTY-I.NFO,24/09/2024,09:38:55,54091.5,54081.65,15,54092,60,90,1490520
BANKNIFTY-I.NFO,24/09/2024,09:38:56,54082.15,54081.1,225,54090.7,45,90,1490520
BANKNIFTY-I.NFO,24/09/2024,09:38:58,54094.95,54084.45,15,54091,15,390,1490520
BANKNIFTY-I.NFO,24/09/2024,09:38:59,54085.05,54083.45,15,54089.55,15,195,1490520
BANKNIFTY-I.NFO,24/09/2024,09:39:01,54079.65,54079.2,15,54087.75,45,255,1490520
BANKNIFTY-I.NFO,24/09/2024,09:39:03,54079.7,54078.6,15,54084.4,45,15,1490520
BANKNIFTY-I.NFO,24/09/2024,09:39:04,54077,54079.1,15,54084.4,30,195,1490520
BANKNIFTY-I.NFO,24/09/2024,09:39:06,54084.3,54082.7,15,54086,15,30,1490520
BANKNIFTY-I.NFO,24/09/2024,09:39:07,54086.4,54080.05,30,54086.4,255,90,1490520
BANKNIFTY-I.NFO,24/09/2024,09:39:09,54080.05,54080.05,15,54086.4,135,150,1490520
BANKNIFTY-I.NFO,24/09/2024,09:39:10,54086.45,54085.85,15,54089.45,45,285,1490520
BANKNIFTY-I.NFO,24/09/2024,09:39:12,54090,54090.8,15,54091,15,210,1490520
BANKNIFTY-I.NFO,24/09/2024,09:39:14,54090.65,54092.35,15,54094.9,150,345,1490520
BANKNIFTY-I.NFO,24/09/2024,09:39:15,54112,54120,60,54122.6,15,3990,1490520
BANKNIFTY-I.NFO,24/09/2024,09:39:15,54124.9,54120,60,54122.6,15,0,1490520
BANKNIFTY-I.NFO,24/09/2024,09:39:17,54095.3,54095.9,15,54104.3,30,180,1490520
BANKNIFTY-I.NFO,24/09/2024,09:39:19,54099.4,54097.85,30,54107.65,60,750,1490520
BANKNIFTY-I.NFO,24/09/2024,09:39:20,54100,54095.3,15,54103,15,210,1490520
BANKNIFTY-I.NFO,24/09/2024,09:39:22,54108.35,54096.35,15,54101.95,15,210,1490520
BANKNIFTY-I.NFO,24/09/2024,09:39:24,54097.65,54099.15,15,54104,15,225,1490520
BANKNIFTY-I.NFO,24/09/2024,09:39:25,54105,54098.55,60,54105,15,120,1490520
BANKNIFTY-I.NFO,24/09/2024,09:39:27,54108,54101.4,60,54108,15,75,1490520
BANKNIFTY-I.NFO,24/09/2024,09:39:29,54094.7,54095.85,60,54104.8,15,345,1490520
BANKNIFTY-I.NFO,24/09/2024,09:39:30,54106.85,54101.95,15,54106.8,60,90,1490520
BANKNIFTY-I.NFO,24/09/2024,09:39:32,54105.1,54101.45,15,54105.15,30,60,1490520
BANKNIFTY-I.NFO,24/09/2024,09:39:33,54096.55,54088.3,15,54098.05,60,450,1490520
BANKNIFTY-I.NFO,24/09/2024,09:39:35,54098.05,54091.45,15,54096.4,15,30,1490520
BANKNIFTY-I.NFO,24/09/2024,09:39:37,54087.15,54087.05,30,54095.7,60,120,1490520
BANKNIFTY-I.NFO,24/09/2024,09:39:38,54084.15,54085.35,30,54093.25,15,720,1486665
BANKNIFTY-I.NFO,24/09/2024,09:39:40,54083.35,54083.65,15,54093.2,60,120,1486665
BANKNIFTY-I.NFO,24/09/2024,09:39:41,54083.35,54087.15,15,54092,105,0,1486665
BANKNIFTY-I.NFO,24/09/2024,09:39:43,54090,54090,15,54092,75,60,1486665
BANKNIFTY-I.NFO,24/09/2024,09:39:45,54092.05,54091.3,15,54096.65,15,615,1486665
BANKNIFTY-I.NFO,24/09/2024,09:39:46,54101.1,54093.05,15,54101.7,15,285,1486665
BANKNIFTY-I.NFO,24/09/2024,09:39:48,54104,54103.5,15,54111,15,30,1486665
BANKNIFTY-I.NFO,24/09/2024,09:39:50,54101.05,54096.85,15,54107.1,60,195,1486665
BANKNIFTY-I.NFO,24/09/2024,09:39:51,54098.55,54098.5,45,54100,45,90,1486665
BANKNIFTY-I.NFO,24/09/2024,09:39:53,54111.85,54099.6,15,54107.9,15,135,1486665
BANKNIFTY-I.NFO,24/09/2024,09:39:55,54113.45,54100.6,60,54109.9,15,855,1486665
BANKNIFTY-I.NFO,24/09/2024,09:39:56,54101.05,54100.6,60,54107.15,15,45,1486665
BANKNIFTY-I.NFO,24/09/2024,09:39:58,54097.7,54097.6,15,54104.2,15,90,1486665
BANKNIFTY-I.NFO,24/09/2024,09:39:59,54103.95,54102.6,15,54104.7,15,105,1486665
BANKNIFTY-I.NFO,24/09/2024,09:40:01,54104.7,54104.8,15,54113.9,45,330,1486665
BANKNIFTY-I.NFO,24/09/2024,09:40:03,54114,54105.2,30,54114,75,75,1486665
BANKNIFTY-I.NFO,24/09/2024,09:40:04,54112,54108.75,15,54114,75,45,1486665
BANKNIFTY-I.NFO,24/09/2024,09:40:06,54118.75,54117.2,15,54122.45,15,720,1486665
BANKNIFTY-I.NFO,24/09/2024,09:40:08,54113.4,54108.1,15,54115.95,15,180,1486665
BANKNIFTY-I.NFO,24/09/2024,09:40:09,54116.55,54108.45,135,54113.85,15,210,1486665
BANKNIFTY-I.NFO,24/09/2024,09:40:11,54117.15,54107.95,15,54113.35,15,45,1486665
BANKNIFTY-I.NFO,24/09/2024,09:40:13,54115.6,54113.85,30,54115.75,15,15,1486665
BANKNIFTY-I.NFO,24/09/2024,09:40:14,54113.85,54114,15,54117.2,15,285,1486665
BANKNIFTY-I.NFO,24/09/2024,09:40:16,54118,54110.05,15,54118,15,150,1486665
BANKNIFTY-I.NFO,24/09/2024,09:40:18,54111.4,54111.9,15,54115,30,195,1486665
BANKNIFTY-I.NFO,24/09/2024,09:40:19,54115.6,54112.2,15,54115.6,30,135,1486665
BANKNIFTY-I.NFO,24/09/2024,09:40:21,54118.05,54110.05,90,54117.9,15,120,1486665
BANKNIFTY-I.NFO,24/09/2024,09:40:23,54115.6,54114.45,15,54117.9,15,120,1486665
BANKNIFTY-I.NFO,24/09/2024,09:40:24,54114.45,54110.05,75,54114.45,15,45,1486665
BANKNIFTY-I.NFO,24/09/2024,09:40:26,54114.45,54110.05,75,54113.65,15,0,1486665
BANKNIFTY-I.NFO,24/09/2024,09:40:28,54108,54108,15,54111,15,165,1486665
BANKNIFTY-I.NFO,24/09/2024,09:40:29,54113.25,54110,15,54111.35,15,60,1486665
BANKNIFTY-I.NFO,24/09/2024,09:40:31,54111.55,54108,15,54111.35,30,105,1486665
BANKNIFTY-I.NFO,24/09/2024,09:40:33,54118.05,54117.8,45,54120,180,840,1486665
BANKNIFTY-I.NFO,24/09/2024,09:40:34,54120,54108.2,30,54115,285,30,1486665
BANKNIFTY-I.NFO,24/09/2024,09:40:36,54109,54108.8,15,54115,285,45,1486665
BANKNIFTY-I.NFO,24/09/2024,09:40:37,54112.55,54111,15,54115,285,210,1486665
BANKNIFTY-I.NFO,24/09/2024,09:40:39,54115,54108.9,15,54112.5,15,345,1486665
BANKNIFTY-I.NFO,24/09/2024,09:40:41,54115,54111.95,15,54115,30,105,1486665
BANKNIFTY-I.NFO,24/09/2024,09:40:42,54115,54110.05,15,54115,15,30,1486665
BANKNIFTY-I.NFO,24/09/2024,09:40:44,54105,54108,15,54112.65,15,315,1486665
BANKNIFTY-I.NFO,24/09/2024,09:40:46,54112.65,54109,15,54112.65,30,15,1486665
BANKNIFTY-I.NFO,24/09/2024,09:40:47,54110,54103.9,15,54110,15,240,1486665
BANKNIFTY-I.NFO,24/09/2024,09:40:49,54103.6,54102.5,15,54110.3,45,225,1486665
BANKNIFTY-I.NFO,24/09/2024,09:40:51,54100,54100,675,54103.05,15,30,1486665
BANKNIFTY-I.NFO,24/09/2024,09:40:52,54100,54100,645,54105.8,15,315,1486665
BANKNIFTY-I.NFO,24/09/2024,09:40:54,54097.55,54092.05,15,54098.95,15,690,1486665
BANKNIFTY-I.NFO,24/09/2024,09:40:56,54097.55,54090,465,54092.05,30,0,1486665
BANKNIFTY-I.NFO,24/09/2024,09:40:57,54090,54090,300,54092.05,30,165,1486665
BANKNIFTY-I.NFO,24/09/2024,09:40:59,54101.4,54093.4,120,54101.5,15,225,1486665
BANKNIFTY-I.NFO,24/09/2024,09:41:00,54097.55,54092.5,15,54101.65,30,15,1486665
BANKNIFTY-I.NFO,24/09/2024,09:41:02,54099.75,54090,285,54092.5,15,315,1486665
BANKNIFTY-I.NFO,24/09/2024,09:41:04,54095.8,54090,285,54095.45,15,30,1486665
BANKNIFTY-I.NFO,24/09/2024,09:41:05,54095.8,54090,285,54096.15,15,0,1486665
BANKNIFTY-I.NFO,24/09/2024,09:41:07,54095.8,54090.05,15,54098.7,15,0,1486665
BANKNIFTY-I.NFO,24/09/2024,09:41:09,54099.6,54093.9,15,54099.6,15,30,1486665
BANKNIFTY-I.NFO,24/09/2024,09:41:10,54096.05,54096.55,15,54100,255,75,1486665
BANKNIFTY-I.NFO,24/09/2024,09:41:12,54092.5,54092,15,54094.95,15,75,1486665
BANKNIFTY-I.NFO,24/09/2024,09:41:13,54095,54092,15,54094.95,15,30,1486665
BANKNIFTY-I.NFO,24/09/2024,09:41:15,54098.1,54098.3,15,54100.25,15,615,1486665
BANKNIFTY-I.NFO,24/09/2024,09:41:17,54103.1,54101.55,15,54107,15,30,1486665
BANKNIFTY-I.NFO,24/09/2024,09:41:18,54107,54103.15,15,54107,15,30,1486665
BANKNIFTY-I.NFO,24/09/2024,09:41:20,54106.05,54102.85,15,54110,30,30,1486665
BANKNIFTY-I.NFO,24/09/2024,09:41:22,54104.6,54097.45,15,54105.65,15,30,1486665
BANKNIFTY-I.NFO,24/09/2024,09:41:23,54104.6,54096.5,15,54100,15,0,1486665
BANKNIFTY-I.NFO,24/09/2024,09:41:25,54100,54095.5,60,54105,15,15,1486665
BANKNIFTY-I.NFO,24/09/2024,09:41:27,54100,54094.45,15,54098.4,15,0,1486665
BANKNIFTY-I.NFO,24/09/2024,09:41:30,54098.4,54096,15,54100,15,30,1486665
BANKNIFTY-I.NFO,24/09/2024,09:41:32,54097.5,54093.2,45,54100,45,15,1486665
BANKNIFTY-I.NFO,24/09/2024,09:41:33,54094.05,54096.85,45,54100,45,15,1486665
BANKNIFTY-I.NFO,24/09/2024,09:41:35,54094.05,54094.05,15,54100,45,150,1486665
BANKNIFTY-I.NFO,24/09/2024,09:41:37,54100,54094.85,15,54100,15,30,1486665
BANKNIFTY-I.NFO,24/09/2024,09:41:38,54100,54093.2,45,54100,15,0,1486665
BANKNIFTY-I.NFO,24/09/2024,09:41:40,54105,54094.9,15,54104,45,60,1486665
BANKNIFTY-I.NFO,24/09/2024,09:41:41,54100,54095,30,54098.8,15,180,1486665
BANKNIFTY-I.NFO,24/09/2024,09:41:43,54098.8,54095,30,54098.1,15,15,1486665
BANKNIFTY-I.NFO,24/09/2024,09:41:45,54090,54090,225,54098.5,120,270,1486665
BANKNIFTY-I.NFO,24/09/2024,09:41:46,54094.9,54090,225,54095.1,15,15,1486665
BANKNIFTY-I.NFO,24/09/2024,09:41:48,54089.6,54085,30,54089.45,15,270,1486665
BANKNIFTY-I.NFO,24/09/2024,09:41:50,54092.7,54085,30,54093.05,120,45,1486665
BANKNIFTY-I.NFO,24/09/2024,09:41:51,54085,54086,15,54088,15,15,1486665
BANKNIFTY-I.NFO,24/09/2024,09:41:53,54088,54089.45,15,54095.95,120,30,1486665
BANKNIFTY-I.NFO,24/09/2024,09:41:54,54089.45,54088.05,15,54096.6,120,30,1486665
BANKNIFTY-I.NFO,24/09/2024,09:41:56,54089.45,54090.05,15,54099.55,135,0,1486665
BANKNIFTY-I.NFO,24/09/2024,09:41:57,54089.45,54087.1,30,54096,15,0,1486665
BANKNIFTY-I.NFO,24/09/2024,09:41:59,54089.45,54087.05,15,54094.8,15,0,1486665
BANKNIFTY-I.NFO,24/09/2024,09:42:01,54089.45,54089.45,15,54094.8,30,0,1486665
BANKNIFTY-I.NFO,24/09/2024,09:42:02,54089.45,54086,15,54089.45,15,15,1486665
BANKNIFTY-I.NFO,24/09/2024,09:42:04,54080,54080,465,54081.85,30,90,1486665
BANKNIFTY-I.NFO,24/09/2024,09:42:05,54080.25,54075,330,54081.35,30,660,1486665
BANKNIFTY-I.NFO,24/09/2024,09:42:07,54075,54075,285,54082.65,15,105,1486665
BANKNIFTY-I.NFO,24/09/2024,09:42:09,54080.85,54075,270,54083.75,90,30,1486665
BANKNIFTY-I.NFO,24/09/2024,09:42:10,54085.95,54085.95,15,54089.05,90,30,1486665
BANKNIFTY-I.NFO,24/09/2024,09:42:12,54089.05,54081.35,15,54085.95,15,15,1486665
BANKNIFTY-I.NFO,24/09/2024,09:42:14,54088,54083.7,45,54089.45,15,285,1486665
BANKNIFTY-I.NFO,24/09/2024,09:42:15,54083.7,54083.7,15,54089.35,120,15,1486665
BANKNIFTY-I.NFO,24/09/2024,09:42:17,54078.1,54078.1,90,54085.85,15,375,1486665
BANKNIFTY-I.NFO,24/09/2024,09:42:18,54078.1,54078.1,75,54083.5,15,45,1486665
BANKNIFTY-I.NFO,24/09/2024,09:42:20,54083.45,54078.1,75,54084.35,15,30,1486665
BANKNIFTY-I.NFO,24/09/2024,09:42:22,54078.05,54078,150,54083.9,120,225,1486665
BANKNIFTY-I.NFO,24/09/2024,09:42:23,54078.1,54075,210,54078.1,15,300,1486665
BANKNIFTY-I.NFO,24/09/2024,09:42:25,54075.55,54072,15,54075.7,15,240,1486665
BANKNIFTY-I.NFO,24/09/2024,09:42:27,54071.85,54066.65,60,54072.4,15,330,1486665
BANKNIFTY-I.NFO,24/09/2024,09:42:28,54067.1,54068.8,15,54077.85,120,75,1486665
BANKNIFTY-I.NFO,24/09/2024,09:42:30,54067.1,54068.2,45,54077.65,15,0,1486665
BANKNIFTY-I.NFO,24/09/2024,09:42:31,54078.1,54071.1,30,54079.95,15,135,1486665
BANKNIFTY-I.NFO,24/09/2024,09:42:33,54068.75,54070.7,15,54080,30,915,1486665
BANKNIFTY-I.NFO,24/09/2024,09:42:35,54083.6,54076.8,15,54082.45,15,135,1486665
BANKNIFTY-I.NFO,24/09/2024,09:42:36,54078.1,54079.45,15,54082.45,15,45,1486665
BANKNIFTY-I.NFO,24/09/2024,09:42:38,54083.2,54082.75,15,54085.95,15,30,1492155
BANKNIFTY-I.NFO,24/09/2024,09:42:40,54076.5,54074.85,30,54081.45,15,90,1492155
BANKNIFTY-I.NFO,24/09/2024,09:42:41,54080,54074.4,15,54081.55,15,75,1492155
BANKNIFTY-I.NFO,24/09/2024,09:42:43,54081.55,54072.7,15,54081.9,135,15,1492155
BANKNIFTY-I.NFO,24/09/2024,09:42:44,54071.3,54072.45,15,54081.25,15,315,1492155
BANKNIFTY-I.NFO,24/09/2024,09:42:46,54072.45,54068.05,15,54077.45,15,15,1492155
BANKNIFTY-I.NFO,24/09/2024,09:42:48,54072.45,54069.85,15,54076.8,30,0,1492155
BANKNIFTY-I.NFO,24/09/2024,09:42:49,54076.8,54067.3,15,54076.8,15,30,1492155
BANKNIFTY-I.NFO,24/09/2024,09:42:51,54078.25,54073.1,15,54078.25,15,45,1492155
BANKNIFTY-I.NFO,24/09/2024,09:42:52,54082,54075.45,15,54085.15,15,30,1492155
BANKNIFTY-I.NFO,24/09/2024,09:42:54,54082,54075.8,15,54085.15,30,0,1492155
BANKNIFTY-I.NFO,24/09/2024,09:42:56,54082,54076,15,54085.05,45,0,1492155
BANKNIFTY-I.NFO,24/09/2024,09:42:57,54081.9,54073.75,15,54083.05,120,30,1492155
BANKNIFTY-I.NFO,24/09/2024,09:42:59,54082,54074.1,15,54083,30,15,1492155
BANKNIFTY-I.NFO,24/09/2024,09:43:01,54083,54079.1,15,54083.05,15,60,1492155
BANKNIFTY-I.NFO,24/09/2024,09:43:02,54083.05,54083.65,15,54085.95,15,15,1492155
BANKNIFTY-I.NFO,24/09/2024,09:43:04,54089.45,54087.25,15,54090,150,315,1492155
BANKNIFTY-I.NFO,24/09/2024,09:43:06,54092,54091.05,15,54095,150,255,1492155
BANKNIFTY-I.NFO,24/09/2024,09:43:07,54088.55,54091.2,15,54095,120,45,1492155
BANKNIFTY-I.NFO,24/09/2024,09:43:09,54091.1,54093.9,15,54095,120,15,1492155
BANKNIFTY-I.NFO,24/09/2024,09:43:10,54099,54094.4,15,54099.85,15,135,1492155
BANKNIFTY-I.NFO,24/09/2024,09:43:12,54093.9,54091,15,54098,15,15,1492155
BANKNIFTY-I.NFO,24/09/2024,09:43:14,54090.05,54091.7,15,54098,45,195,1492155
BANKNIFTY-I.NFO,24/09/2024,09:43:15,54091.9,54091.1,15,54096,15,90,1492155
BANKNIFTY-I.NFO,24/09/2024,09:43:17,54086.05,54086.6,15,54094.65,15,60,1492155
BANKNIFTY-I.NFO,24/09/2024,09:43:19,54094.95,54095,15,54099.85,15,150,1492155
BANKNIFTY-I.NFO,24/09/2024,09:43:20,54094.05,54091.7,15,54095,30,15,1492155
BANKNIFTY-I.NFO,24/09/2024,09:43:22,54095,54093.3,15,54099.85,15,60,1492155
BANKNIFTY-I.NFO,24/09/2024,09:43:24,54095,54092.7,15,54099.75,15,0,1492155
BANKNIFTY-I.NFO,24/09/2024,09:43:25,54095.35,54095,15,54099.75,15,60,1492155
BANKNIFTY-I.NFO,24/09/2024,09:43:27,54095.1,54094.6,15,54095,30,180,1492155
BANKNIFTY-I.NFO,24/09/2024,09:43:29,54099.85,54095.15,15,54099.9,15,180,1492155
BANKNIFTY-I.NFO,24/09/2024,09:43:30,54095.15,54096.5,15,54098,15,105,1492155
BANKNIFTY-I.NFO,24/09/2024,09:43:32,54098,54095.15,15,54098,30,90,1492155
BANKNIFTY-I.NFO,24/09/2024,09:43:33,54095.15,54092.45,15,54098,15,225,1492155
BANKNIFTY-I.NFO,24/09/2024,09:43:35,54095.15,54091.2,15,54098,45,30,1492155
BANKNIFTY-I.NFO,24/09/2024,09:43:37,54095.15,54095.15,15,54097.5,15,0,1492155
BANKNIFTY-I.NFO,24/09/2024,09:43:39,54097.55,54096.5,15,54097.45,15,60,1492155
BANKNIFTY-I.NFO,24/09/2024,09:43:40,54105,54104.55,15,54110,90,705,1492155
BANKNIFTY-I.NFO,24/09/2024,09:43:42,54110,54102.65,15,54108.1,15,150,1492155
BANKNIFTY-I.NFO,24/09/2024,09:43:44,54107.8,54099.05,15,54107.8,120,150,1492155
BANKNIFTY-I.NFO,24/09/2024,09:43:45,54107.9,54100.9,15,54107.75,30,225,1492155
BANKNIFTY-I.NFO,24/09/2024,09:43:47,54107.75,54107.9,15,54110,270,30,1492155
BANKNIFTY-I.NFO,24/09/2024,09:43:48,54115,54115.6,15,54117,15,345,1492155
BANKNIFTY-I.NFO,24/09/2024,09:43:50,54117,54115,45,54118,15,30,1492155
BANKNIFTY-I.NFO,24/09/2024,09:43:52,54140.65,54141.9,15,54148.15,15,5775,1492155
BANKNIFTY-I.NFO,24/09/2024,09:43:52,54150,54141.9,15,54148.15,15,0,1492155
BANKNIFTY-I.NFO,24/09/2024,09:43:53,54160,54153,15,54157.6,15,2160,1492155
BANKNIFTY-I.NFO,24/09/2024,09:43:53,54160,54153,15,54157.6,15,0,1492155
BANKNIFTY-I.NFO,24/09/2024,09:43:55,54140.65,54140.65,735,54141.05,15,960,1492155
BANKNIFTY-I.NFO,24/09/2024,09:43:57,54138,54136.9,15,54141.8,15,885,1492155
BANKNIFTY-I.NFO,24/09/2024,09:43:58,54149.65,54148,15,54149.65,15,225,1492155
BANKNIFTY-I.NFO,24/09/2024,09:44:00,54150,54142.75,15,54146.65,15,105,1492155
BANKNIFTY-I.NFO,24/09/2024,09:44:02,54144.55,54140.6,75,54148,15,240,1492155
BANKNIFTY-I.NFO,24/09/2024,09:44:03,54160.15,54149.6,15,54159.1,120,210,1492155
BANKNIFTY-I.NFO,24/09/2024,09:44:03,54160.15,54149.6,15,54159.1,120,0,1492155
BANKNIFTY-I.NFO,24/09/2024,09:44:05,54140.85,54140.85,15,54142.7,15,135,1492155
BANKNIFTY-I.NFO,24/09/2024,09:44:07,54137.1,54137.1,15,54146.65,120,450,1492155
BANKNIFTY-I.NFO,24/09/2024,09:44:08,54138.65,54138.55,120,54144.25,15,105,1492155
BANKNIFTY-I.NFO,24/09/2024,09:44:10,54144.15,54137.1,60,54143.7,45,870,1492155
BANKNIFTY-I.NFO,24/09/2024,09:44:12,54137.1,54133.6,15,54142.8,120,90,1492155
BANKNIFTY-I.NFO,24/09/2024,09:44:13,54135.85,54135.95,15,54143.8,15,210,1492155
BANKNIFTY-I.NFO,24/09/2024,09:44:15,54142.65,54141.9,15,54150.7,15,165,1492155
BANKNIFTY-I.NFO,24/09/2024,09:44:16,54147.8,54146.7,15,54156.75,120,120,1492155
BANKNIFTY-I.NFO,24/09/2024,09:44:18,54141,54139.25,30,54146.7,15,90,1492155
BANKNIFTY-I.NFO,24/09/2024,09:44:20,54146.7,54140.6,15,54143.8,15,75,1492155
BANKNIFTY-I.NFO,24/09/2024,09:44:21,54146,54143.7,15,54145,15,75,1492155
BANKNIFTY-I.NFO,24/09/2024,09:44:23,54156.95,54151.9,15,54160,75,60,1492155
BANKNIFTY-I.NFO,24/09/2024,09:44:25,54152.95,54145.85,15,54152.95,15,225,1492155
BANKNIFTY-I.NFO,24/09/2024,09:44:26,54146.3,54148.05,15,54154.95,15,45,1492155
BANKNIFTY-I.NFO,24/09/2024,09:44:28,54168.9,54156.7,15,54164.15,15,345,1492155
BANKNIFTY-I.NFO,24/09/2024,09:44:28,54168.9,54156.7,15,54164.15,15,0,1492155
BANKNIFTY-I.NFO,24/09/2024,09:44:29,54146.75,54147.25,15,54157.25,15,240,1492155
BANKNIFTY-I.NFO,24/09/2024,09:44:31,54160,54158.45,105,54167.05,15,885,1492155
BANKNIFTY-I.NFO,24/09/2024,09:44:33,54157.6,54150.05,90,54150.2,15,270,1492155
BANKNIFTY-I.NFO,24/09/2024,09:44:34,54155.1,54154.7,15,54159,15,45,1492155
BANKNIFTY-I.NFO,24/09/2024,09:44:36,54160,54151.65,75,54160.65,15,135,1492155
BANKNIFTY-I.NFO,24/09/2024,09:44:38,54155.75,54150.05,90,54155.75,15,45,1492155
BANKNIFTY-I.NFO,24/09/2024,09:44:39,54150.05,54150.05,45,54150.2,15,75,1492155
BANKNIFTY-I.NFO,24/09/2024,09:44:41,54159.25,54150.05,15,54154.75,15,300,1492155
BANKNIFTY-I.NFO,24/09/2024,09:44:42,54163.05,54153.85,120,54163,45,135,1492155
BANKNIFTY-I.NFO,24/09/2024,09:44:44,54153.25,54151.45,15,54157.9,15,420,1492155
BANKNIFTY-I.NFO,24/09/2024,09:44:46,54150.2,54150.2,30,54152,15,990,1492155
BANKNIFTY-I.NFO,24/09/2024,09:44:47,54151.95,54150.2,30,54152.05,15,15,1492155
BANKNIFTY-I.NFO,24/09/2024,09:44:49,54150.2,54150.3,45,54159.4,15,210,1492155
BANKNIFTY-I.NFO,24/09/2024,09:44:51,54151,54150.75,15,54159.95,15,90,1492155
BANKNIFTY-I.NFO,24/09/2024,09:44:52,54159.6,54150.2,30,54159.7,15,180,1492155
BANKNIFTY-I.NFO,24/09/2024,09:44:54,54154.75,54150.2,15,54154.75,15,30,1492155
BANKNIFTY-I.NFO,24/09/2024,09:44:55,54149.95,54146.7,15,54149.95,15,75,1492155
BANKNIFTY-I.NFO,24/09/2024,09:44:57,54146.45,54140.9,15,54145.45,15,60,1492155
BANKNIFTY-I.NFO,24/09/2024,09:44:59,54143.95,54140,30,54145.5,15,30,1492155
BANKNIFTY-I.NFO,24/09/2024,09:45:00,54130,54127.1,30,54135.15,15,255,1492155
BANKNIFTY-I.NFO,24/09/2024,09:45:02,54136,54135.65,15,54138.05,15,300,1492155
BANKNIFTY-I.NFO,24/09/2024,09:45:03,54138.05,54132,15,54142.6,60,195,1492155
BANKNIFTY-I.NFO,24/09/2024,09:45:05,54140.45,54136.5,15,54139.35,15,1050,1492155
BANKNIFTY-I.NFO,24/09/2024,09:45:06,54125.95,54130.55,15,54132.5,15,900,1492155
BANKNIFTY-I.NFO,24/09/2024,09:45:08,54130.3,54125.2,210,54129.5,60,195,1492155
BANKNIFTY-I.NFO,24/09/2024,09:45:10,54125.2,54125.2,165,54128.5,60,45,1492155
BANKNIFTY-I.NFO,24/09/2024,09:45:11,54120.15,54125.1,15,54127.55,15,225,1492155
BANKNIFTY-I.NFO,24/09/2024,09:45:13,54125.1,54121.65,135,54132.25,60,60,1492155
BANKNIFTY-I.NFO,24/09/2024,09:45:14,54118.3,54119.1,15,54125,15,315,1492155
BANKNIFTY-I.NFO,24/09/2024,09:45:16,54120.7,54120.5,30,54128.65,15,315,1492155
BANKNIFTY-I.NFO,24/09/2024,09:45:18,54124.55,54125.95,15,54130.9,15,75,1492155
BANKNIFTY-I.NFO,24/09/2024,09:45:19,54133.8,54128.6,15,54136.95,15,315,1492155
BANKNIFTY-I.NFO,24/09/2024,09:45:21,54121.75,54121.9,15,54125.5,15,45,1492155
BANKNIFTY-I.NFO,24/09/2024,09:45:22,54120.95,54120.15,15,54129.05,15,75,1492155
BANKNIFTY-I.NFO,24/09/2024,09:45:24,54122.85,54113.8,15,54119.75,15,360,1492155
BANKNIFTY-I.NFO,24/09/2024,09:45:26,54115.4,54115.45,120,54124.8,15,135,1492155
BANKNIFTY-I.NFO,24/09/2024,09:45:27,54118.1,54116.85,15,54120,30,150,1492155
BANKNIFTY-I.NFO,24/09/2024,09:45:29,54117.8,54116.25,15,54118,15,90,1492155
BANKNIFTY-I.NFO,24/09/2024,09:45:31,54113.45,54113.15,75,54118,15,30,1492155
BANKNIFTY-I.NFO,24/09/2024,09:45:32,54118,54113.2,30,54118,15,45,1492155
BANKNIFTY-I.NFO,24/09/2024,09:45:34,54118,54110,15,54117.95,15,180,1492155
BANKNIFTY-I.NFO,24/09/2024,09:45:35,54118,54112,15,54112.95,15,0,1492155
BANKNIFTY-I.NFO,24/09/2024,09:45:37,54112,54110.1,15,54115,45,45,1492155
BANKNIFTY-I.NFO,24/09/2024,09:45:39,54112,54112.65,15,54115,45,0,1492155
BANKNIFTY-I.NFO,24/09/2024,09:45:40,54115,54116.15,15,54117.8,15,45,1497885
BANKNIFTY-I.NFO,24/09/2024,09:45:42,54115.95,54115.75,30,54117.8,15,60,1497885
BANKNIFTY-I.NFO,24/09/2024,09:45:44,54117.55,54116.75,15,54125.8,15,375,1497885
BANKNIFTY-I.NFO,24/09/2024,09:45:45,54117.55,54119.1,60,54126.5,15,0,1497885
BANKNIFTY-I.NFO,24/09/2024,09:45:47,54118.6,54119.1,75,54122,15,30,1497885
BANKNIFTY-I.NFO,24/09/2024,09:45:49,54128.4,54127.1,15,54129.9,30,75,1497885
BANKNIFTY-I.NFO,24/09/2024,09:45:50,54128.9,54132.25,15,54138,15,60,1497885
BANKNIFTY-I.NFO,24/09/2024,09:45:52,54132.25,54130.65,15,54137.95,15,15,1497885
BANKNIFTY-I.NFO,24/09/2024,09:45:53,54135,54125.9,15,54135,15,30,1497885
BANKNIFTY-I.NFO,24/09/2024,09:45:55,54134.45,54126.35,30,54134.45,15,45,1497885
BANKNIFTY-I.NFO,24/09/2024,09:45:57,54134.45,54132.4,15,54136.6,15,15,1497885
BANKNIFTY-I.NFO,24/09/2024,09:45:58,54134.45,54132,45,54133.95,15,0,1497885
BANKNIFTY-I.NFO,24/09/2024,09:46:00,54140,54138.6,15,54140,60,660,1497885
BANKNIFTY-I.NFO,24/09/2024,09:46:02,54142.05,54138.55,15,54146.9,15,225,1497885
BANKNIFTY-I.NFO,24/09/2024,09:46:03,54150,54146.9,15,54150,345,75,1497885
BANKNIFTY-I.NFO,24/09/2024,09:46:05,54146.9,54133.45,15,54143.1,120,15,1497885
BANKNIFTY-I.NFO,24/09/2024,09:46:07,54140,54136.6,30,54144.15,120,45,1497885
BANKNIFTY-I.NFO,24/09/2024,09:46:08,54136.9,54136.6,30,54144.7,120,105,1497885
BANKNIFTY-I.NFO,24/09/2024,09:46:10,54136.65,54138.75,15,54141,15,45,1497885
BANKNIFTY-I.NFO,24/09/2024,09:46:11,54141,54138.05,75,54146.3,15,120,1497885
BANKNIFTY-I.NFO,24/09/2024,09:46:13,54137.9,54138.2,15,54139.9,15,90,1497885
BANKNIFTY-I.NFO,24/09/2024,09:46:15,54143,54135.2,15,54140,15,375,1497885
BANKNIFTY-I.NFO,24/09/2024,09:46:16,54139.1,54138.2,30,54139.1,15,225,1497885
BANKNIFTY-I.NFO,24/09/2024,09:46:18,54138.8,54137.65,30,54146.15,45,45,1497885
BANKNIFTY-I.NFO,24/09/2024,09:46:20,54135.05,54135,75,54139.1,15,270,1497885
BANKNIFTY-I.NFO,24/09/2024,09:46:21,54135,54135,60,54139.05,15,15,1497885
BANKNIFTY-I.NFO,24/09/2024,09:46:23,54139.05,54135.2,15,54139.1,15,15,1497885
BANKNIFTY-I.NFO,24/09/2024,09:46:24,54139.05,54135,60,54136.75,15,30,1497885
BANKNIFTY-I.NFO,24/09/2024,09:46:26,54139.05,54138.95,15,54139.05,15,30,1497885
BANKNIFTY-I.NFO,24/09/2024,09:46:28,54139.1,54138.45,15,54145,15,45,1497885
BANKNIFTY-I.NFO,24/09/2024,09:46:29,54139.1,54135,75,54143.8,15,0,1497885
BANKNIFTY-I.NFO,24/09/2024,09:46:31,54136.95,54137.5,15,54145,15,30,1497885
BANKNIFTY-I.NFO,24/09/2024,09:46:32,54145.05,54137.5,30,54145.1,15,60,1497885
BANKNIFTY-I.NFO,24/09/2024,09:46:34,54135,54135,60,54139.55,15,90,1497885
BANKNIFTY-I.NFO,24/09/2024,09:46:36,54135,54135,60,54139.55,15,0,1497885
BANKNIFTY-I.NFO,24/09/2024,09:46:37,54135,54135,45,54137.65,15,15,1497885
BANKNIFTY-I.NFO,24/09/2024,09:46:39,54130,54123.1,15,54131.3,30,105,1497885
BANKNIFTY-I.NFO,24/09/2024,09:46:40,54122.45,54124.4,60,54129.8,30,30,1497885
BANKNIFTY-I.NFO,24/09/2024,09:46:42,54126.4,54126.15,15,54129.8,15,45,1497885
BANKNIFTY-I.NFO,24/09/2024,09:46:44,54126.05,54125.75,15,54132,15,315,1497885
BANKNIFTY-I.NFO,24/09/2024,09:46:45,54124.4,54124.4,15,54126.25,15,195,1497885
BANKNIFTY-I.NFO,24/09/2024,09:46:47,54124.75,54124.15,15,54132,30,45,1497885
BANKNIFTY-I.NFO,24/09/2024,09:46:49,54132,54120.55,30,54129.9,15,30,1497885
BANKNIFTY-I.NFO,24/09/2024,09:46:50,54121.85,54121.45,15,54130.2,120,135,1497885
BANKNIFTY-I.NFO,24/09/2024,09:46:52,54120,54120,15,54127.65,120,330,1497885
BANKNIFTY-I.NFO,24/09/2024,09:46:54,54127.6,54122.25,60,54127.6,15,15,1497885
BANKNIFTY-I.NFO,24/09/2024,09:46:55,54122.25,54123.85,60,54127.6,15,15,1497885
BANKNIFTY-I.NFO,24/09/2024,09:46:57,54125.25,54126.2,15,54130,15,30,1497885
BANKNIFTY-I.NFO,24/09/2024,09:46:59,54130,54129.25,45,54132.95,15,45,1497885
BANKNIFTY-I.NFO,24/09/2024,09:47:00,54130,54131.2,15,54138.7,15,150,1497885
BANKNIFTY-I.NFO,24/09/2024,09:47:02,54139.15,54132.65,15,54139.15,15,135,1497885
BANKNIFTY-I.NFO,24/09/2024,09:47:04,54138.1,54130,690,54138.15,15,30,1497885
BANKNIFTY-I.NFO,24/09/2024,09:47:05,54130,54130,645,54136.1,30,45,1497885
BANKNIFTY-I.NFO,24/09/2024,09:47:07,54138.1,54132.2,30,54140.7,15,390,1497885
BANKNIFTY-I.NFO,24/09/2024,09:47:09,54134.25,54135.1,15,54142.45,15,30,1497885
BANKNIFTY-I.NFO,24/09/2024,09:47:10,54134.25,54134.9,15,54138,15,0,1497885
BANKNIFTY-I.NFO,24/09/2024,09:47:12,54135.9,54136.1,30,54142.4,15,75,1497885
BANKNIFTY-I.NFO,24/09/2024,09:47:14,54138.85,54138.6,45,54142.95,15,360,1497885
BANKNIFTY-I.NFO,24/09/2024,09:47:15,54146.35,54145.55,15,54150,285,135,1497885
BANKNIFTY-I.NFO,24/09/2024,09:47:17,54155.5,54151.25,120,54155.5,15,4275,1497885
BANKNIFTY-I.NFO,24/09/2024,09:47:19,54150.25,54148.9,15,54155.5,15,120,1497885
BANKNIFTY-I.NFO,24/09/2024,09:47:20,54148.35,54146.75,60,54149,15,30,1497885
BANKNIFTY-I.NFO,24/09/2024,09:47:22,54152.9,54149.7,60,54152.9,15,60,1497885
BANKNIFTY-I.NFO,24/09/2024,09:47:24,54152.35,54153.4,15,54155.5,15,135,1497885
BANKNIFTY-I.NFO,24/09/2024,09:47:25,54153.4,54151.35,15,54153.4,15,30,1497885
BANKNIFTY-I.NFO,24/09/2024,09:47:27,54157.55,54156.9,15,54160,300,240,1497885
BANKNIFTY-I.NFO,24/09/2024,09:47:29,54157.4,54156.1,15,54157.7,15,600,1497885
BANKNIFTY-I.NFO,24/09/2024,09:47:29,54170,54156.1,15,54157.7,15,0,1497885
BANKNIFTY-I.NFO,24/09/2024,09:47:30,54155.25,54154,45,54156.6,30,30,1497885
BANKNIFTY-I.NFO,24/09/2024,09:47:32,54157,54154,30,54156.95,15,135,1497885
BANKNIFTY-I.NFO,24/09/2024,09:47:34,54157.4,54154,30,54157.4,30,30,1497885
BANKNIFTY-I.NFO,24/09/2024,09:47:35,54166.15,54155.25,15,54159.1,15,90,1497885
BANKNIFTY-I.NFO,24/09/2024,09:47:37,54152.7,54152.7,15,54157.95,15,135,1497885
BANKNIFTY-I.NFO,24/09/2024,09:47:39,54157.95,54150.5,15,54155.85,15,105,1497885
BANKNIFTY-I.NFO,24/09/2024,09:47:40,54150,54150,540,54155.85,60,75,1497885
BANKNIFTY-I.NFO,24/09/2024,09:47:42,54152.7,54150,285,54151.9,15,1200,1497885
BANKNIFTY-I.NFO,24/09/2024,09:47:43,54151.9,54150,135,54153.65,15,405,1497885
BANKNIFTY-I.NFO,24/09/2024,09:47:45,54153.65,54146.3,30,54150.05,15,150,1497885
BANKNIFTY-I.NFO,24/09/2024,09:47:47,54153.65,54145,15,54150.05,60,0,1497885
BANKNIFTY-I.NFO,24/09/2024,09:47:48,54153.65,54145,15,54148.9,15,0,1497885
BANKNIFTY-I.NFO,24/09/2024,09:47:50,54148.9,54148.05,15,54148.9,60,45,1497885
BANKNIFTY-I.NFO,24/09/2024,09:47:52,54145,54142.9,15,54149.95,15,150,1497885
BANKNIFTY-I.NFO,24/09/2024,09:47:53,54143.6,54145,15,54149.9,15,45,1497885
BANKNIFTY-I.NFO,24/09/2024,09:47:55,54144.55,54145,15,54149.9,15,1995,1497885
BANKNIFTY-I.NFO,24/09/2024,09:47:56,54145.7,54146.85,15,54150,15,30,1497885
BANKNIFTY-I.NFO,24/09/2024,09:47:58,54153.65,54145.6,15,54148,15,120,1497885
BANKNIFTY-I.NFO,24/09/2024,09:48:00,54150.4,54149.95,15,54157,15,345,1497885
BANKNIFTY-I.NFO,24/09/2024,09:48:01,54150,54151.7,15,54156.55,30,45,1497885
BANKNIFTY-I.NFO,24/09/2024,09:48:03,54156,54154.95,15,54156,15,435,1497885
BANKNIFTY-I.NFO,24/09/2024,09:48:05,54156,54153.05,15,54154.95,15,30,1497885
BANKNIFTY-I.NFO,24/09/2024,09:48:06,54150.65,54150.95,15,54159.1,15,705,1497885
BANKNIFTY-I.NFO,24/09/2024,09:48:08,54150.95,54148,30,54155.7,15,150,1497885
BANKNIFTY-I.NFO,24/09/2024,09:48:10,54148,54148,15,54152.55,30,15,1497885
BANKNIFTY-I.NFO,24/09/2024,09:48:11,54152.6,54148,15,54150.55,15,105,1497885
BANKNIFTY-I.NFO,24/09/2024,09:48:13,54133.6,54133,120,54141.1,15,75,1497885
BANKNIFTY-I.NFO,24/09/2024,09:48:15,54133.7,54136.85,15,54141.05,15,585,1497885
BANKNIFTY-I.NFO,24/09/2024,09:48:16,54141.05,54134.05,15,54139.5,15,15,1497885
BANKNIFTY-I.NFO,24/09/2024,09:48:18,54133,54133.25,15,54142.6,45,660,1497885
BANKNIFTY-I.NFO,24/09/2024,09:48:20,54132.1,54135.3,15,54144.15,15,540,1497885
BANKNIFTY-I.NFO,24/09/2024,09:48:21,54144.25,54136.5,15,54143.9,15,30,1497885
BANKNIFTY-I.NFO,24/09/2024,09:48:23,54143.35,54138.2,15,54143.45,15,15,1497885
BANKNIFTY-I.NFO,24/09/2024,09:48:25,54151.65,54139.1,15,54143.45,15,1095,1497885
BANKNIFTY-I.NFO,24/09/2024,09:48:26,54151.65,54143.45,15,54148,15,0,1497885
BANKNIFTY-I.NFO,24/09/2024,09:48:28,54142.2,54145.05,15,54148,15,15,1497885
BANKNIFTY-I.NFO,24/09/2024,09:48:30,54144.35,54141.55,15,54147.95,15,45,1497885
BANKNIFTY-I.NFO,24/09/2024,09:48:31,54143.75,54141.95,60,54147.95,30,45,1497885
BANKNIFTY-I.NFO,24/09/2024,09:48:33,54147.95,54140.4,15,54141.15,105,15,1497885
BANKNIFTY-I.NFO,24/09/2024,09:48:35,54146.6,54140,15,54143.75,75,150,1497885
BANKNIFTY-I.NFO,24/09/2024,09:48:36,54147.95,54140,15,54143,15,255,1497885
BANKNIFTY-I.NFO,24/09/2024,09:48:38,54138.7,54137.85,15,54138.7,15,45,1504095
BANKNIFTY-I.NFO,24/09/2024,09:48:39,54139.4,54141.75,15,54144.95,15,60,1504095
BANKNIFTY-I.NFO,24/09/2024,09:48:41,54144.8,54141,15,54144.8,45,135,1504095
BANKNIFTY-I.NFO,24/09/2024,09:48:43,54144.8,54141,15,54144.8,45,0,1504095
BANKNIFTY-I.NFO,24/09/2024,09:48:44,54144.8,54137.15,15,54143.65,15,345,1504095
BANKNIFTY-I.NFO,24/09/2024,09:48:46,54136.75,54135,30,54142.25,135,30,1504095
BANKNIFTY-I.NFO,24/09/2024,09:48:48,54135,54135,15,54140.85,15,30,1504095
BANKNIFTY-I.NFO,24/09/2024,09:48:49,54136.75,54134.7,15,54139.85,15,30,1504095
BANKNIFTY-I.NFO,24/09/2024,09:48:51,54134.75,54135.3,15,54138.7,15,150,1504095
BANKNIFTY-I.NFO,24/09/2024,09:48:53,54138.85,54137.8,15,54140,75,90,1504095
BANKNIFTY-I.NFO,24/09/2024,09:48:54,54138.25,54138.15,15,54140,75,30,1504095
BANKNIFTY-I.NFO,24/09/2024,09:48:56,54140,54140,90,54147,15,75,1504095
BANKNIFTY-I.NFO,24/09/2024,09:48:58,54140,54135.45,15,54140,15,90,1504095
BANKNIFTY-I.NFO,24/09/2024,09:48:59,54138.15,54138.3,15,54138.85,15,30,1504095
BANKNIFTY-I.NFO,24/09/2024,09:49:01,54140,54138.25,15,54145,90,30,1504095
BANKNIFTY-I.NFO,24/09/2024,09:49:03,54138.25,54135,15,54138.25,15,45,1504095
BANKNIFTY-I.NFO,24/09/2024,09:49:04,54138.25,54134,15,54138.25,30,225,1504095
BANKNIFTY-I.NFO,24/09/2024,09:49:06,54138.25,54131.1,15,54137.65,15,0,1504095
BANKNIFTY-I.NFO,24/09/2024,09:49:07,54131.75,54132.95,15,54138,15,180,1504095
BANKNIFTY-I.NFO,24/09/2024,09:49:09,54131.75,54132.2,15,54138,15,0,1504095
BANKNIFTY-I.NFO,24/09/2024,09:49:11,54132.4,54135.2,15,54138,15,15,1504095
BANKNIFTY-I.NFO,24/09/2024,09:49:12,54137.95,54137.35,15,54144,15,660,1504095
BANKNIFTY-I.NFO,24/09/2024,09:49:14,54134.2,54134.5,15,54138,15,330,1504095
BANKNIFTY-I.NFO,24/09/2024,09:49:16,54134.2,54133.85,15,54138,30,0,1504095
BANKNIFTY-I.NFO,24/09/2024,09:49:17,54138.7,54138.8,15,54140.05,15,60,1504095
BANKNIFTY-I.NFO,24/09/2024,09:49:19,54140.9,54141.45,15,54144,15,60,1504095
BANKNIFTY-I.NFO,24/09/2024,09:49:21,54143,54142.4,15,54143,15,210,1504095
BANKNIFTY-I.NFO,24/09/2024,09:49:22,54143.9,54143.6,15,54144.95,15,165,1504095
BANKNIFTY-I.NFO,24/09/2024,09:49:24,54140.7,54139.3,15,54144.05,15,60,1504095
BANKNIFTY-I.NFO,24/09/2024,09:49:26,54139.6,54135.55,15,54139.85,15,105,1504095
BANKNIFTY-I.NFO,24/09/2024,09:49:27,54139.6,54135,15,54137.85,15,0,1504095
BANKNIFTY-I.NFO,24/09/2024,09:49:29,54137.75,54137.3,15,54137.75,15,225,1504095
BANKNIFTY-I.NFO,24/09/2024,09:49:30,54142,54138.55,15,54145,180,135,1504095
BANKNIFTY-I.NFO,24/09/2024,09:49:32,54142,54140.4,15,54145,180,0,1504095
BANKNIFTY-I.NFO,24/09/2024,09:49:34,54141.1,54140.75,15,54143,15,60,1504095
