Ticker,Date,Time,LTP,BuyPrice,BuyQty,SellPrice,SellQty,LTQ,OpenInterest
NIFTY-II.NFO,23/01/2025,09:15:01,23321.05,23277.8,300,23301.45,300,975,4927200
NIFTY-II.NFO,23/01/2025,09:15:01,23276.6,23277.8,300,23301.45,300,0,4927200
NIFTY-II.NFO,23/01/2025,09:15:01,23321.05,23277.8,300,23301.45,300,0,4927200
NIFTY-II.NFO,23/01/2025,09:15:01,23276.6,23277.8,300,23301.45,300,0,4927200
NIFTY-II.NFO,23/01/2025,09:15:03,23296.65,23285.75,300,23296.65,75,75,4927200
NIFTY-II.NFO,23/01/2025,09:15:05,23303.55,23283.6,300,23299.8,150,975,4927200
NIFTY-II.NFO,23/01/2025,09:15:06,23281.25,23280.8,300,23293.25,150,150,4927200
NIFTY-II.NFO,23/01/2025,09:15:08,23280,23277.05,300,23284.85,150,150,4927200
NIFTY-II.NFO,23/01/2025,09:15:09,23285.65,23277.05,300,23284,150,150,4927200
NIFTY-II.NFO,23/01/2025,09:15:11,23277,23269.9,300,23277.05,150,225,4927200
NIFTY-II.NFO,23/01/2025,09:15:12,23280,23271.1,300,23279.95,225,450,4927200
NIFTY-II.NFO,23/01/2025,09:15:14,23279.95,23280,75,23284.85,150,225,4927200
NIFTY-II.NFO,23/01/2025,09:15:16,23280,23267.25,300,23279.6,225,75,4927200
NIFTY-II.NFO,23/01/2025,09:15:17,23279.55,23265.05,300,23277.3,225,150,4927200
NIFTY-II.NFO,23/01/2025,09:15:17,23269.9,23265.05,300,23277.3,225,0,4927200
NIFTY-II.NFO,23/01/2025,09:15:19,23265.65,23265.9,300,23276.25,75,375,4927200
NIFTY-II.NFO,23/01/2025,09:15:19,23265.65,23265.9,300,23276.25,75,0,4927200
NIFTY-II.NFO,23/01/2025,09:15:21,23276.15,23265.95,300,23276.15,300,1575,4927200
NIFTY-II.NFO,23/01/2025,09:15:21,23264.3,23265.95,300,23276.15,300,0,4927200
NIFTY-II.NFO,23/01/2025,09:15:22,23270.05,23269.45,300,23279.75,225,525,4927200
NIFTY-II.NFO,23/01/2025,09:15:24,23279.8,23279.6,75,23284.65,225,75,4927200
NIFTY-II.NFO,23/01/2025,09:15:26,23279.6,23273.85,300,23279.6,225,75,4927200
NIFTY-II.NFO,23/01/2025,09:15:27,23282.8,23275.5,300,23284.6,150,300,4927200
NIFTY-II.NFO,23/01/2025,09:15:29,23284.6,23276,300,23283.7,150,75,4927200
NIFTY-II.NFO,23/01/2025,09:15:31,23283.7,23272.35,300,23283.2,75,75,4927200
NIFTY-II.NFO,23/01/2025,09:15:32,23283.7,23271.5,300,23281.7,75,0,4927200
NIFTY-II.NFO,23/01/2025,09:15:34,23283.7,23274.45,300,23282.75,75,0,4927200
NIFTY-II.NFO,23/01/2025,09:15:36,23273.05,23272.4,300,23282.75,150,150,4927200
NIFTY-II.NFO,23/01/2025,09:15:37,23273.05,23270.9,300,23278.65,150,0,4927200
NIFTY-II.NFO,23/01/2025,09:15:39,23278.65,23273.1,300,23281.3,150,75,4927200
NIFTY-II.NFO,23/01/2025,09:15:41,23279.55,23273.05,225,23279.55,375,225,4927200
NIFTY-II.NFO,23/01/2025,09:15:42,23279.5,23273.05,225,23279.5,75,150,4927200
NIFTY-II.NFO,23/01/2025,09:15:44,23279.55,23273.9,300,23282.8,150,300,4927200
NIFTY-II.NFO,23/01/2025,09:15:45,23273.9,23273.1,300,23280.4,300,150,4927200
NIFTY-II.NFO,23/01/2025,09:15:47,23273.05,23273.05,150,23273.1,150,75,4927200
NIFTY-II.NFO,23/01/2025,09:15:49,23276.45,23273,1650,23273.05,75,375,4927200
NIFTY-II.NFO,23/01/2025,09:15:50,23274,23273,1650,23274,75,375,4927200
NIFTY-II.NFO,23/01/2025,09:15:52,23273,23273,1125,23273.05,150,675,4927200
NIFTY-II.NFO,23/01/2025,09:15:54,23273.05,23273,900,23277.75,375,300,4931250
NIFTY-II.NFO,23/01/2025,09:15:55,23273,23273,525,23277.6,225,375,4931250
NIFTY-II.NFO,23/01/2025,09:15:57,23273,23273,375,23278.15,150,150,4931250
NIFTY-II.NFO,23/01/2025,09:15:59,23273,23275,75,23278,375,150,4931250
NIFTY-II.NFO,23/01/2025,09:16:00,23275,23273,225,23274.75,75,75,4931250
NIFTY-II.NFO,23/01/2025,09:16:02,23273,23273,75,23274.7,75,225,4931250
NIFTY-II.NFO,23/01/2025,09:16:04,23274.9,23275.65,75,23276,75,600,4931250
NIFTY-II.NFO,23/01/2025,09:16:05,23274.9,23272.5,75,23273,75,225,4931250
NIFTY-II.NFO,23/01/2025,09:16:07,23273,23275,75,23276,75,75,4931250
NIFTY-II.NFO,23/01/2025,09:16:09,23276,23275.35,375,23278,375,375,4931250
NIFTY-II.NFO,23/01/2025,09:16:10,23275.35,23275.3,75,23275.35,75,150,4931250
NIFTY-II.NFO,23/01/2025,09:16:12,23275.35,23275,300,23275.3,150,75,4931250
NIFTY-II.NFO,23/01/2025,09:16:14,23275,23275.75,75,23278,375,300,4931250
NIFTY-II.NFO,23/01/2025,09:16:15,23278,23275.05,300,23275.75,150,150,4931250
NIFTY-II.NFO,23/01/2025,09:16:17,23275.75,23275,150,23275.05,75,150,4931250
NIFTY-II.NFO,23/01/2025,09:16:19,23273,23272.3,1500,23275,75,900,4931250
NIFTY-II.NFO,23/01/2025,09:16:20,23275,23272.65,375,23275.05,75,75,4931250
NIFTY-II.NFO,23/01/2025,09:16:22,23272.65,23272.3,1500,23274.95,150,75,4931250
NIFTY-II.NFO,23/01/2025,09:16:24,23272.65,23271.35,1500,23274.95,150,0,4931250
NIFTY-II.NFO,23/01/2025,09:16:25,23272.65,23272.55,1500,23274.95,150,0,4931250
NIFTY-II.NFO,23/01/2025,09:16:27,23272.55,23272.65,150,23274.9,150,600,4931250
NIFTY-II.NFO,23/01/2025,09:16:29,23272.65,23272.65,75,23274.9,150,150,4931250
NIFTY-II.NFO,23/01/2025,09:16:30,23272.65,23273,75,23274.9,150,0,4931250
NIFTY-II.NFO,23/01/2025,09:16:32,23272.95,23272.65,150,23272.95,75,150,4931250
NIFTY-II.NFO,23/01/2025,09:16:34,23272.95,23272.65,150,23272.9,75,0,4931250
NIFTY-II.NFO,23/01/2025,09:16:35,23272.85,23272.65,150,23272.9,75,75,4931250
NIFTY-II.NFO,23/01/2025,09:16:37,23272.9,23272.65,150,23274.75,150,75,4931250
NIFTY-II.NFO,23/01/2025,09:16:38,23272.9,23272.65,300,23274.7,150,0,4931250
NIFTY-II.NFO,23/01/2025,09:16:40,23272.9,23272.95,75,23274.75,150,0,4931250
NIFTY-II.NFO,23/01/2025,09:16:42,23272.9,23272.95,75,23275,75,0,4931250
NIFTY-II.NFO,23/01/2025,09:16:43,23272.9,23272.95,150,23274.2,150,0,4931250
NIFTY-II.NFO,23/01/2025,09:16:45,23272.95,23272.65,300,23274.55,375,150,4931250
NIFTY-II.NFO,23/01/2025,09:16:47,23272.65,23272.65,75,23273.25,375,300,4931250
NIFTY-II.NFO,23/01/2025,09:16:48,23274.35,23271,75,23274.75,150,450,4931250
NIFTY-II.NFO,23/01/2025,09:16:50,23270.65,23272.95,75,23275,75,150,4931250
NIFTY-II.NFO,23/01/2025,09:16:51,23272.95,23270.1,1500,23272.65,75,75,4931250
NIFTY-II.NFO,23/01/2025,09:16:53,23272,23270.95,375,23272,75,150,4931250
NIFTY-II.NFO,23/01/2025,09:16:55,23272,23270,75,23270.95,75,0,4931250
NIFTY-II.NFO,23/01/2025,09:16:56,23270.65,23269.9,1500,23270,75,300,4931250
NIFTY-II.NFO,23/01/2025,09:16:58,23270.65,23269,150,23269.9,75,0,4931250
NIFTY-II.NFO,23/01/2025,09:17:00,23269,23268.65,375,23269.85,525,300,4931250
NIFTY-II.NFO,23/01/2025,09:17:01,23266.95,23264.65,1500,23265.95,150,150,4931250
NIFTY-II.NFO,23/01/2025,09:17:03,23268.5,23265.2,375,23268.5,300,825,4931250
NIFTY-II.NFO,23/01/2025,09:17:05,23268.5,23265,300,23265.2,150,0,4931250
NIFTY-II.NFO,23/01/2025,09:17:06,23268.15,23265,300,23268.15,375,450,4931250
NIFTY-II.NFO,23/01/2025,09:17:08,23268.15,23266.3,75,23268.95,150,0,4931250
NIFTY-II.NFO,23/01/2025,09:17:10,23266.3,23266.05,1500,23269,75,75,4931250
NIFTY-II.NFO,23/01/2025,09:17:11,23269,23268.15,75,23270,225,75,4931250
NIFTY-II.NFO,23/01/2025,09:17:13,23270,23268.15,75,23269.6,75,150,4931250
NIFTY-II.NFO,23/01/2025,09:17:15,23269,23270,300,23271.35,75,225,4931250
NIFTY-II.NFO,23/01/2025,09:17:17,23270,23270,150,23271.35,75,150,4931250
NIFTY-II.NFO,23/01/2025,09:17:18,23270,23269,150,23270,75,150,4931250
NIFTY-II.NFO,23/01/2025,09:17:20,23269,23269,75,23269.95,75,75,4931250
NIFTY-II.NFO,23/01/2025,09:17:22,23269,23269,75,23269.9,75,0,4931250
NIFTY-II.NFO,23/01/2025,09:17:23,23270,23270,75,23270.95,150,225,4931250
NIFTY-II.NFO,23/01/2025,09:17:25,23270,23269,75,23270.45,150,75,4931250
NIFTY-II.NFO,23/01/2025,09:17:26,23270,23269,75,23270,75,0,4931250
NIFTY-II.NFO,23/01/2025,09:17:28,23265.15,23265.1,1500,23268.9,75,375,4931250
NIFTY-II.NFO,23/01/2025,09:17:30,23268.8,23265.45,1500,23268.85,150,375,4931250
NIFTY-II.NFO,23/01/2025,09:17:31,23270,23267.5,1500,23268.8,75,225,4931250
NIFTY-II.NFO,23/01/2025,09:17:33,23270,23267.25,1500,23268.8,75,0,4931250
NIFTY-II.NFO,23/01/2025,09:17:35,23268.8,23266.5,450,23270.85,375,75,4931250
NIFTY-II.NFO,23/01/2025,09:17:36,23270,23270,75,23271.95,150,150,4931250
NIFTY-II.NFO,23/01/2025,09:17:38,23270,23270,225,23271.9,300,75,4931250
NIFTY-II.NFO,23/01/2025,09:17:40,23270,23266.5,75,23270,75,225,4931250
NIFTY-II.NFO,23/01/2025,09:17:41,23270,23269,75,23272.4,300,75,4931250
NIFTY-II.NFO,23/01/2025,09:17:43,23272.45,23270,75,23272.4,150,225,4931250
NIFTY-II.NFO,23/01/2025,09:17:45,23272.4,23270,75,23272.4,150,150,4931250
NIFTY-II.NFO,23/01/2025,09:17:46,23272.4,23270,75,23272.4,150,0,4931250
NIFTY-II.NFO,23/01/2025,09:17:48,23272.4,23270,75,23272.55,150,0,4931250
NIFTY-II.NFO,23/01/2025,09:17:49,23270,23272.4,150,23273.35,150,75,4931250
NIFTY-II.NFO,23/01/2025,09:17:51,23270,23272.4,150,23273.3,150,0,4931250
NIFTY-II.NFO,23/01/2025,09:17:53,23273.3,23271.95,75,23273.85,75,225,4931250
NIFTY-II.NFO,23/01/2025,09:17:54,23273.3,23271.95,75,23273.9,150,0,4931250
NIFTY-II.NFO,23/01/2025,09:17:56,23271.95,23270.85,75,23273.3,225,75,4931250
NIFTY-II.NFO,23/01/2025,09:17:58,23271.95,23270.85,75,23273.3,150,0,4931250
NIFTY-II.NFO,23/01/2025,09:17:59,23271.95,23270.85,75,23273.25,225,0,4931250
NIFTY-II.NFO,23/01/2025,09:18:01,23271.95,23271.95,75,23272.55,150,0,4931250
NIFTY-II.NFO,23/01/2025,09:18:03,23270.85,23270,75,23271.95,225,150,4931250
NIFTY-II.NFO,23/01/2025,09:18:04,23270.85,23270,75,23271.95,225,0,4931250
NIFTY-II.NFO,23/01/2025,09:18:08,23271.95,23270.05,150,23271.95,150,75,4931250
NIFTY-II.NFO,23/01/2025,09:18:09,23271.95,23272.1,75,23273.95,150,150,4931250
NIFTY-II.NFO,23/01/2025,09:18:11,23270,23271.95,750,23275,150,375,4931250
NIFTY-II.NFO,23/01/2025,09:18:13,23270,23271.95,825,23275,225,0,4931250
NIFTY-II.NFO,23/01/2025,09:18:14,23270,23271.95,825,23275,150,0,4931250
NIFTY-II.NFO,23/01/2025,09:18:16,23270,23271.95,825,23275,525,0,4931250
NIFTY-II.NFO,23/01/2025,09:18:18,23271.95,23271.95,675,23275,450,225,4931250
NIFTY-II.NFO,23/01/2025,09:18:19,23271.95,23271.95,600,23275,450,75,4931250
NIFTY-II.NFO,23/01/2025,09:18:21,23271.95,23271.95,600,23275,450,0,4931250
NIFTY-II.NFO,23/01/2025,09:18:22,23271.95,23271.95,600,23275,75,0,4931250
NIFTY-II.NFO,23/01/2025,09:18:27,23275,23271.95,600,23275.45,375,75,4931250
NIFTY-II.NFO,23/01/2025,09:18:29,23275,23271.95,600,23275.45,375,0,4931250
NIFTY-II.NFO,23/01/2025,09:18:30,23275.45,23271.95,600,23275.95,375,75,4931250
NIFTY-II.NFO,23/01/2025,09:18:32,23275.45,23275,75,23275.95,150,0,4931250
NIFTY-II.NFO,23/01/2025,09:18:34,23275.95,23271.95,675,23275,75,300,4931250
NIFTY-II.NFO,23/01/2025,09:18:35,23275.95,23271.95,675,23275,75,0,4931250
NIFTY-II.NFO,23/01/2025,09:18:37,23276.95,23271.95,675,23276.95,225,150,4931250
NIFTY-II.NFO,23/01/2025,09:18:39,23276.95,23271.95,675,23275.95,225,0,4931250
NIFTY-II.NFO,23/01/2025,09:18:40,23275.95,23271.95,675,23275.95,150,75,4931250
NIFTY-II.NFO,23/01/2025,09:18:42,23275,23271.95,675,23274.1,375,150,4931250
NIFTY-II.NFO,23/01/2025,09:18:44,23275,23271.95,675,23274.3,150,0,4931250
NIFTY-II.NFO,23/01/2025,09:18:45,23274.3,23271.95,675,23274.3,150,75,4931250
NIFTY-II.NFO,23/01/2025,09:18:47,23274.3,23271.95,675,23275,75,75,4931250
NIFTY-II.NFO,23/01/2025,09:18:49,23275,23271.95,600,23274.6,75,75,4931250
NIFTY-II.NFO,23/01/2025,09:18:50,23275,23271.95,600,23275.75,150,0,4931250
NIFTY-II.NFO,23/01/2025,09:18:52,23275,23271.95,600,23275.75,150,150,4931250
NIFTY-II.NFO,23/01/2025,09:18:54,23275.75,23271.95,675,23275.75,150,75,4931250
NIFTY-II.NFO,23/01/2025,09:18:55,23275.75,23275.05,75,23275.95,150,0,4931250
NIFTY-II.NFO,23/01/2025,09:18:57,23275.75,23275.8,75,23276.6,150,0,4931250
NIFTY-II.NFO,23/01/2025,09:18:59,23275.75,23275.75,75,23276.95,150,375,4938675
NIFTY-II.NFO,23/01/2025,09:19:00,23275.75,23275,75,23276.15,375,225,4938675
NIFTY-II.NFO,23/01/2025,09:19:02,23275.1,23272,75,23275,150,150,4938675
NIFTY-II.NFO,23/01/2025,09:19:03,23275.1,23271.95,600,23275,150,0,4938675
NIFTY-II.NFO,23/01/2025,09:19:05,23275.1,23272,75,23275,150,0,4938675
NIFTY-II.NFO,23/01/2025,09:19:06,23274.95,23274.9,900,23275,150,150,4938675
NIFTY-II.NFO,23/01/2025,09:19:08,23271.95,23271.95,300,23274.9,450,2250,4938675
NIFTY-II.NFO,23/01/2025,09:19:10,23271.95,23272,75,23274,375,0,4938675
NIFTY-II.NFO,23/01/2025,09:19:11,23271.95,23272,75,23273.95,225,0,4938675
NIFTY-II.NFO,23/01/2025,09:19:13,23271.95,23272,75,23273.95,300,0,4938675
NIFTY-II.NFO,23/01/2025,09:19:15,23271.95,23272,75,23273.9,75,0,4938675
NIFTY-II.NFO,23/01/2025,09:19:16,23271.95,23272,75,23273,75,0,4938675
NIFTY-II.NFO,23/01/2025,09:19:18,23271.95,23272,75,23272.95,225,525,4938675
NIFTY-II.NFO,23/01/2025,09:19:20,23271.95,23272,75,23272.95,150,0,4938675
NIFTY-II.NFO,23/01/2025,09:19:21,23271.95,23271,75,23272.95,150,225,4938675
NIFTY-II.NFO,23/01/2025,09:19:23,23271.95,23271.05,75,23272.95,150,0,4938675
NIFTY-II.NFO,23/01/2025,09:19:25,23272.95,23271.05,75,23273.75,150,150,4938675
NIFTY-II.NFO,23/01/2025,09:19:26,23272.95,23271.05,75,23273.85,150,0,4938675
NIFTY-II.NFO,23/01/2025,09:19:28,23271.05,23271.05,75,23273.85,150,150,4938675
NIFTY-II.NFO,23/01/2025,09:19:30,23271.05,23271.8,150,23273.85,150,0,4938675
NIFTY-II.NFO,23/01/2025,09:19:31,23271.05,23271.6,75,23273.95,150,0,4938675
NIFTY-II.NFO,23/01/2025,09:19:33,23271.05,23272.8,75,23274.1,75,0,4938675
NIFTY-II.NFO,23/01/2025,09:19:35,23271.05,23272.9,75,23275.8,150,0,4938675
NIFTY-II.NFO,23/01/2025,09:19:36,23271.05,23274.05,75,23275.75,150,0,4938675
NIFTY-II.NFO,23/01/2025,09:19:38,23271.05,23274.35,75,23275.9,75,0,4938675
NIFTY-II.NFO,23/01/2025,09:19:40,23274.4,23272.35,75,23274.35,75,225,4938675
NIFTY-II.NFO,23/01/2025,09:19:41,23272.35,23271.3,75,23274.35,75,75,4938675
NIFTY-II.NFO,23/01/2025,09:19:43,23272.35,23271.35,75,23274.3,375,0,4938675
NIFTY-II.NFO,23/01/2025,09:19:44,23272.35,23272.35,75,23274.25,75,0,4938675
NIFTY-II.NFO,23/01/2025,09:19:46,23274.25,23272.5,75,23274.9,150,75,4938675
NIFTY-II.NFO,23/01/2025,09:19:48,23274.25,23274.4,75,23276.2,150,0,4938675
NIFTY-II.NFO,23/01/2025,09:19:49,23274.25,23274.4,75,23275.95,150,0,4938675
NIFTY-II.NFO,23/01/2025,09:19:51,23274.25,23275,75,23277.95,150,0,4938675
NIFTY-II.NFO,23/01/2025,09:19:53,23278.1,23275.1,75,23277.9,150,2100,4938675
NIFTY-II.NFO,23/01/2025,09:19:54,23278.1,23275.15,300,23277.95,150,0,4938675
NIFTY-II.NFO,23/01/2025,09:19:56,23278.1,23275.1,300,23278.6,150,0,4938675
NIFTY-II.NFO,23/01/2025,09:19:58,23278.1,23275.2,75,23278.9,150,0,4938675
NIFTY-II.NFO,23/01/2025,09:19:59,23278.1,23275,75,23275.2,150,0,4938675
NIFTY-II.NFO,23/01/2025,09:20:03,23275.05,23275,75,23275.2,75,150,4938675
NIFTY-II.NFO,23/01/2025,09:20:04,23275.05,23275.05,75,23275.2,75,0,4938675
NIFTY-II.NFO,23/01/2025,09:20:06,23275.2,23276.4,75,23279.95,300,75,4938675
NIFTY-II.NFO,23/01/2025,09:20:08,23276.4,23276.35,75,23276.4,75,450,4938675
NIFTY-II.NFO,23/01/2025,09:20:09,23281.5,23280,150,23280.75,375,225,4938675
NIFTY-II.NFO,23/01/2025,09:20:11,23280,23276.35,75,23279.3,225,225,4938675
NIFTY-II.NFO,23/01/2025,09:20:13,23278.9,23277,75,23278.9,150,75,4938675
NIFTY-II.NFO,23/01/2025,09:20:14,23278.6,23277,75,23278.55,450,150,4938675
NIFTY-II.NFO,23/01/2025,09:20:16,23277,23276.35,75,23277.35,450,75,4938675
NIFTY-II.NFO,23/01/2025,09:20:18,23276.35,23275,225,23275.95,225,75,4938675
NIFTY-II.NFO,23/01/2025,09:20:19,23275.9,23275,225,23275.95,225,75,4938675
NIFTY-II.NFO,23/01/2025,09:20:21,23275.95,23275.75,75,23275.95,150,75,4938675
NIFTY-II.NFO,23/01/2025,09:20:23,23275.95,23277,75,23281.95,75,75,4938675
NIFTY-II.NFO,23/01/2025,09:20:24,23275.95,23275,225,23279.9,375,0,4938675
NIFTY-II.NFO,23/01/2025,09:20:26,23275.95,23275,225,23279.55,375,0,4938675
NIFTY-II.NFO,23/01/2025,09:20:28,23275.95,23275,225,23278,300,0,4938675
NIFTY-II.NFO,23/01/2025,09:20:31,23277.1,23275,225,23276.95,150,150,4938675
NIFTY-II.NFO,23/01/2025,09:20:33,23276.95,23274.8,75,23278,225,300,4938675
NIFTY-II.NFO,23/01/2025,09:20:34,23274.8,23275.05,300,23278,150,150,4938675
NIFTY-II.NFO,23/01/2025,09:20:36,23275.05,23275,750,23275.05,150,300,4938675
NIFTY-II.NFO,23/01/2025,09:20:37,23275.05,23275,750,23275.05,150,0,4938675
NIFTY-II.NFO,23/01/2025,09:20:39,23275.05,23275,750,23275.05,75,75,4938675
NIFTY-II.NFO,23/01/2025,09:20:41,23275,23275,675,23275.05,75,75,4938675
NIFTY-II.NFO,23/01/2025,09:20:42,23275,23275,675,23275.05,75,0,4938675
NIFTY-II.NFO,23/01/2025,09:20:44,23275,23275,450,23275.05,75,225,4938675
NIFTY-II.NFO,23/01/2025,09:20:46,23275,23275,450,23275.05,150,0,4938675
NIFTY-II.NFO,23/01/2025,09:20:47,23275,23272.05,300,23275.05,150,450,4938675
NIFTY-II.NFO,23/01/2025,09:20:49,23275.05,23275.55,300,23275.95,75,150,4938675
NIFTY-II.NFO,23/01/2025,09:20:51,23275.95,23274.9,300,23278,150,75,4938675
NIFTY-II.NFO,23/01/2025,09:20:52,23278,23274.6,300,23278,75,75,4938675
NIFTY-II.NFO,23/01/2025,09:20:54,23281.2,23280,675,23280.05,150,450,4938675
NIFTY-II.NFO,23/01/2025,09:20:56,23280,23280,300,23281.9,150,375,4938675
NIFTY-II.NFO,23/01/2025,09:20:57,23280,23280,75,23282.95,150,225,4938675
NIFTY-II.NFO,23/01/2025,09:20:59,23280.05,23277,75,23280.05,150,150,4938675
NIFTY-II.NFO,23/01/2025,09:21:01,23280.05,23277,75,23280,150,0,4938675
NIFTY-II.NFO,23/01/2025,09:21:02,23277,23275.05,75,23282.1,225,225,4938675
NIFTY-II.NFO,23/01/2025,09:21:04,23277,23275.15,300,23281.1,75,0,4938675
NIFTY-II.NFO,23/01/2025,09:21:06,23281.1,23275.05,300,23279.9,75,75,4938675
NIFTY-II.NFO,23/01/2025,09:21:07,23279.9,23275.05,375,23281.6,150,75,4938675
NIFTY-II.NFO,23/01/2025,09:21:09,23281.6,23275.05,375,23282.6,150,150,4938675
NIFTY-II.NFO,23/01/2025,09:21:11,23280,23277.1,300,23282.05,150,75,4938675
NIFTY-II.NFO,23/01/2025,09:21:12,23280,23277.45,150,23282.05,150,0,4938675
NIFTY-II.NFO,23/01/2025,09:21:14,23280,23277.55,300,23282.05,150,0,4938675
NIFTY-II.NFO,23/01/2025,09:21:16,23280,23280,75,23282,150,0,4938675
NIFTY-II.NFO,23/01/2025,09:21:17,23280,23280,75,23281.95,150,0,4938675
NIFTY-II.NFO,23/01/2025,09:21:19,23280,23280,75,23281.9,150,0,4938675
NIFTY-II.NFO,23/01/2025,09:21:21,23280,23277,75,23280,75,75,4938675
NIFTY-II.NFO,23/01/2025,09:21:22,23280,23277,75,23280,75,0,4938675
NIFTY-II.NFO,23/01/2025,09:21:26,23281.1,23277,75,23280.6,375,150,4938675
NIFTY-II.NFO,23/01/2025,09:21:27,23280.6,23280,150,23280.6,375,150,4938675
NIFTY-II.NFO,23/01/2025,09:21:29,23280,23275.05,75,23280,75,150,4938675
NIFTY-II.NFO,23/01/2025,09:21:31,23274.4,23277,75,23278.95,375,450,4938675
NIFTY-II.NFO,23/01/2025,09:21:32,23278.45,23277,75,23278.4,150,75,4938675
NIFTY-II.NFO,23/01/2025,09:21:34,23278.45,23277,75,23279,150,300,4938675
NIFTY-II.NFO,23/01/2025,09:21:36,23277,23275.1,300,23279,150,75,4938675
NIFTY-II.NFO,23/01/2025,09:21:37,23277,23278.85,75,23279,150,0,4938675
NIFTY-II.NFO,23/01/2025,09:21:41,23278.85,23277,150,23279,150,75,4938675
NIFTY-II.NFO,23/01/2025,09:21:42,23279,23277,150,23279,75,75,4938675
NIFTY-II.NFO,23/01/2025,09:21:44,23279,23277,150,23279,75,0,4938675
NIFTY-II.NFO,23/01/2025,09:21:46,23279,23277,150,23280.75,150,75,4938675
NIFTY-II.NFO,23/01/2025,09:21:47,23279,23277,150,23281.6,75,0,4938675
NIFTY-II.NFO,23/01/2025,09:21:49,23279,23277,150,23281.65,150,0,4938675
NIFTY-II.NFO,23/01/2025,09:21:51,23279,23277.05,375,23281.65,150,0,4938675
NIFTY-II.NFO,23/01/2025,09:21:52,23279,23279,75,23281.65,150,0,4938675
NIFTY-II.NFO,23/01/2025,09:21:54,23281.65,23280,75,23281.65,150,75,4944600
NIFTY-II.NFO,23/01/2025,09:21:56,23281.65,23280.05,75,23281.65,150,0,4944600
NIFTY-II.NFO,23/01/2025,09:21:57,23281.65,23280.15,75,23281.6,150,0,4944600
NIFTY-II.NFO,23/01/2025,09:21:59,23280.25,23280.2,75,23281.65,150,150,4944600
NIFTY-II.NFO,23/01/2025,09:22:01,23280.3,23280.35,225,23281.6,150,225,4944600
NIFTY-II.NFO,23/01/2025,09:22:02,23281.65,23280.5,225,23281.75,225,150,4944600
NIFTY-II.NFO,23/01/2025,09:22:04,23281.75,23280.65,225,23281.8,150,75,4944600
NIFTY-II.NFO,23/01/2025,09:22:06,23281.75,23280.8,225,23281.6,225,0,4944600
NIFTY-II.NFO,23/01/2025,09:22:07,23280.9,23280.9,225,23281.6,225,300,4944600
NIFTY-II.NFO,23/01/2025,09:22:09,23280.9,23281.05,225,23281.6,225,0,4944600
NIFTY-II.NFO,23/01/2025,09:22:11,23280.9,23281.2,150,23281.6,225,0,4944600
NIFTY-II.NFO,23/01/2025,09:22:12,23281.6,23281.35,75,23281.6,150,75,4944600
NIFTY-II.NFO,23/01/2025,09:22:14,23281.45,23280.95,75,23281.35,75,75,4944600
NIFTY-II.NFO,23/01/2025,09:22:16,23280.95,23280.95,75,23281.35,75,75,4944600
NIFTY-II.NFO,23/01/2025,09:22:17,23280.95,23280.95,75,23281.35,75,0,4944600
NIFTY-II.NFO,23/01/2025,09:22:19,23280.95,23280.9,75,23281.35,75,75,4944600
NIFTY-II.NFO,23/01/2025,09:22:21,23280.9,23280.05,75,23281.35,75,75,4944600
NIFTY-II.NFO,23/01/2025,09:22:22,23280.9,23280.05,75,23281.35,75,0,4944600
NIFTY-II.NFO,23/01/2025,09:22:27,23281.25,23280.9,75,23281.35,75,225,4944600
NIFTY-II.NFO,23/01/2025,09:22:29,23281.25,23280.9,75,23281.35,75,0,4944600
NIFTY-II.NFO,23/01/2025,09:22:34,23281.1,23279,75,23281.35,75,675,4944600
NIFTY-II.NFO,23/01/2025,09:22:36,23281.1,23279,75,23281.35,75,0,4944600
NIFTY-II.NFO,23/01/2025,09:22:37,23281.35,23279,75,23282.65,150,75,4944600
NIFTY-II.NFO,23/01/2025,09:22:39,23281.35,23281.25,75,23283.85,150,0,4944600
NIFTY-II.NFO,23/01/2025,09:22:41,23281.25,23281.1,75,23281.25,150,75,4944600
NIFTY-II.NFO,23/01/2025,09:22:42,23281.25,23281.1,75,23281.25,75,75,4944600
NIFTY-II.NFO,23/01/2025,09:22:44,23281.25,23281.1,75,23283.25,225,75,4944600
NIFTY-II.NFO,23/01/2025,09:22:46,23281.1,23279,75,23281.1,150,375,4944600
NIFTY-II.NFO,23/01/2025,09:22:47,23281.1,23279,75,23281.1,300,0,4944600
NIFTY-II.NFO,23/01/2025,09:22:49,23281.1,23279,75,23281.1,75,75,4944600
NIFTY-II.NFO,23/01/2025,09:22:51,23281.1,23279,75,23281.1,75,0,4944600
NIFTY-II.NFO,23/01/2025,09:22:52,23281.1,23280,600,23281.1,75,0,4944600
NIFTY-II.NFO,23/01/2025,09:22:54,23281.1,23280,600,23283.3,375,75,4944600
NIFTY-II.NFO,23/01/2025,09:22:56,23281.1,23280,600,23283.75,525,0,4944600
NIFTY-II.NFO,23/01/2025,09:22:57,23281.1,23280,600,23282.55,75,0,4944600
NIFTY-II.NFO,23/01/2025,09:22:59,23281.1,23280,600,23282.9,150,0,4944600
NIFTY-II.NFO,23/01/2025,09:23:01,23281.1,23280,600,23281.8,75,0,4944600
NIFTY-II.NFO,23/01/2025,09:23:02,23282.65,23280,600,23282.7,150,300,4944600
NIFTY-II.NFO,23/01/2025,09:23:04,23282.65,23280,600,23282.7,150,0,4944600
NIFTY-II.NFO,23/01/2025,09:23:07,23282.65,23280,600,23284.1,150,0,4944600
NIFTY-II.NFO,23/01/2025,09:23:09,23282.65,23280,600,23282.7,150,0,4944600
NIFTY-II.NFO,23/01/2025,09:23:11,23282.65,23282.65,75,23283.95,225,0,4944600
NIFTY-II.NFO,23/01/2025,09:23:12,23282.65,23280,600,23282.65,75,75,4944600
NIFTY-II.NFO,23/01/2025,09:23:14,23284.05,23280,600,23284.1,150,150,4944600
NIFTY-II.NFO,23/01/2025,09:23:16,23280,23280,525,23280.95,75,75,4944600
NIFTY-II.NFO,23/01/2025,09:23:17,23280,23280,525,23280.95,75,0,4944600
NIFTY-II.NFO,23/01/2025,09:23:19,23280.95,23280,525,23283.15,75,75,4944600
NIFTY-II.NFO,23/01/2025,09:23:26,23280.95,23280.05,75,23283.45,75,0,4944600
NIFTY-II.NFO,23/01/2025,09:23:27,23280.95,23280.05,75,23284,75,0,4944600
NIFTY-II.NFO,23/01/2025,09:23:29,23280.95,23280.05,75,23283.15,75,0,4944600
NIFTY-II.NFO,23/01/2025,09:23:31,23280.95,23280,600,23283.15,75,0,4944600
NIFTY-II.NFO,23/01/2025,09:23:32,23280.95,23282.65,75,23283.15,75,0,4944600
NIFTY-II.NFO,23/01/2025,09:23:34,23282.65,23280,600,23282.65,225,75,4944600
NIFTY-II.NFO,23/01/2025,09:23:36,23282.65,23280,600,23282.65,225,75,4944600
NIFTY-II.NFO,23/01/2025,09:23:37,23282.65,23280,600,23282.65,150,75,4944600
NIFTY-II.NFO,23/01/2025,09:23:39,23282.65,23280,600,23282,150,0,4944600
NIFTY-II.NFO,23/01/2025,09:23:41,23282.65,23280,600,23281.95,75,0,4944600
NIFTY-II.NFO,23/01/2025,09:23:42,23281.95,23280,600,23282,150,75,4944600
NIFTY-II.NFO,23/01/2025,09:23:44,23281.95,23280,600,23282,150,0,4944600
NIFTY-II.NFO,23/01/2025,09:23:47,23281.95,23280.05,300,23282,150,0,4944600
NIFTY-II.NFO,23/01/2025,09:23:49,23282.7,23282.85,75,23285,150,300,4944600
NIFTY-II.NFO,23/01/2025,09:23:51,23287.25,23286.95,300,23287.75,75,225,4944600
NIFTY-II.NFO,23/01/2025,09:23:53,23287.75,23287.05,75,23292.2,75,75,4944600
NIFTY-II.NFO,23/01/2025,09:23:54,23287.75,23284.4,300,23291.6,75,0,4944600
NIFTY-II.NFO,23/01/2025,09:23:56,23290.4,23290,75,23291,150,75,4944600
NIFTY-II.NFO,23/01/2025,09:23:58,23290,23286.05,75,23289.7,375,75,4944600
NIFTY-II.NFO,23/01/2025,09:23:59,23289.65,23290,375,23292.45,75,225,4944600
NIFTY-II.NFO,23/01/2025,09:24:01,23292.5,23290,375,23290.4,525,75,4944600
NIFTY-II.NFO,23/01/2025,09:24:03,23290,23284,75,23289.8,150,375,4944600
NIFTY-II.NFO,23/01/2025,09:24:04,23290,23285,225,23289.75,150,0,4944600
NIFTY-II.NFO,23/01/2025,09:24:06,23289.7,23285.05,375,23289.75,150,75,4944600
NIFTY-II.NFO,23/01/2025,09:24:08,23289.6,23286.05,75,23289.75,150,150,4944600
NIFTY-II.NFO,23/01/2025,09:24:09,23289.6,23285.05,375,23289.4,75,0,4944600
NIFTY-II.NFO,23/01/2025,09:24:11,23289.6,23286,75,23287.6,675,0,4944600
NIFTY-II.NFO,23/01/2025,09:24:13,23286.55,23285,225,23286.85,75,225,4944600
NIFTY-II.NFO,23/01/2025,09:24:14,23286.8,23285,225,23286.8,75,75,4944600
NIFTY-II.NFO,23/01/2025,09:24:16,23287.45,23286.85,75,23287.5,375,450,4944600
NIFTY-II.NFO,23/01/2025,09:24:18,23287.45,23286.85,75,23287.25,375,0,4944600
NIFTY-II.NFO,23/01/2025,09:24:19,23286.85,23286.8,75,23286.85,150,225,4944600
NIFTY-II.NFO,23/01/2025,09:24:21,23286.8,23285,450,23286.8,225,150,4944600
NIFTY-II.NFO,23/01/2025,09:24:23,23286.8,23285,450,23286.7,75,0,4944600
NIFTY-II.NFO,23/01/2025,09:24:24,23285,23285,225,23286.65,75,225,4944600
NIFTY-II.NFO,23/01/2025,09:24:26,23285,23285,225,23286.65,75,0,4944600
NIFTY-II.NFO,23/01/2025,09:24:33,23286.65,23286.7,825,23286.85,150,75,4944600
NIFTY-II.NFO,23/01/2025,09:24:34,23286.7,23286.7,675,23286.85,150,150,4944600
NIFTY-II.NFO,23/01/2025,09:24:36,23286.7,23286.7,600,23286.85,150,75,4944600
NIFTY-II.NFO,23/01/2025,09:24:38,23286.7,23285,225,23286,75,600,4944600
NIFTY-II.NFO,23/01/2025,09:24:39,23285,23285,150,23286,75,225,4944600
NIFTY-II.NFO,23/01/2025,09:24:41,23286,23285,75,23286,75,150,4944600
NIFTY-II.NFO,23/01/2025,09:24:43,23285,23284.45,75,23285.9,75,75,4944600
NIFTY-II.NFO,23/01/2025,09:24:44,23285.85,23284.45,75,23285.85,75,75,4944600
NIFTY-II.NFO,23/01/2025,09:24:46,23285.85,23281.95,150,23284.45,75,150,4944600
NIFTY-II.NFO,23/01/2025,09:24:48,23285.85,23282,300,23284.45,75,0,4944600
NIFTY-II.NFO,23/01/2025,09:24:49,23285.85,23281.95,150,23284.45,150,0,4944600
NIFTY-II.NFO,23/01/2025,09:24:51,23284.45,23281.95,150,23284.45,75,75,4944600
NIFTY-II.NFO,23/01/2025,09:24:53,23284.4,23281.95,150,23284.45,75,75,4944600
NIFTY-II.NFO,23/01/2025,09:24:54,23281.95,23280,225,23284.45,75,150,4950300
NIFTY-II.NFO,23/01/2025,09:24:56,23281.95,23280.1,300,23284.45,75,0,4950300
NIFTY-II.NFO,23/01/2025,09:24:58,23281.95,23280.05,300,23284,75,0,4950300
NIFTY-II.NFO,23/01/2025,09:24:59,23281.95,23281.3,300,23284.35,150,0,4950300
NIFTY-II.NFO,23/01/2025,09:25:01,23281.95,23281.05,75,23284.35,150,0,4950300
NIFTY-II.NFO,23/01/2025,09:25:02,23281.95,23281.55,300,23284.35,150,0,4950300
NIFTY-II.NFO,23/01/2025,09:25:04,23281.95,23280.4,375,23284.75,150,75,4950300
NIFTY-II.NFO,23/01/2025,09:25:06,23281.95,23280.4,300,23284.85,150,0,4950300
NIFTY-II.NFO,23/01/2025,09:25:07,23281.95,23280.4,300,23286.65,150,0,4950300
NIFTY-II.NFO,23/01/2025,09:25:09,23281.95,23280.1,375,23285.6,225,0,4950300
NIFTY-II.NFO,23/01/2025,09:25:11,23281.95,23280.1,375,23284.25,150,0,4950300
NIFTY-II.NFO,23/01/2025,09:25:12,23281.95,23281.95,75,23284.4,150,0,4950300
NIFTY-II.NFO,23/01/2025,09:25:16,23281.95,23280,375,23281.95,75,75,4950300
NIFTY-II.NFO,23/01/2025,09:25:17,23281.95,23280,375,23281.95,75,0,4950300
NIFTY-II.NFO,23/01/2025,09:25:21,23281.95,23280,375,23281.15,75,0,4950300
NIFTY-II.NFO,23/01/2025,09:25:22,23281.95,23280,375,23281.1,75,0,4950300
NIFTY-II.NFO,23/01/2025,09:25:27,23281.95,23281.9,300,23284.3,150,0,4950300
NIFTY-II.NFO,23/01/2025,09:25:29,23281.95,23282.05,75,23284.25,75,0,4950300
NIFTY-II.NFO,23/01/2025,09:25:31,23281.95,23281.85,300,23284.25,75,0,4950300
NIFTY-II.NFO,23/01/2025,09:25:32,23281.95,23281,225,23284.25,75,0,4950300
NIFTY-II.NFO,23/01/2025,09:25:34,23281.95,23281,225,23284.2,75,0,4950300
NIFTY-II.NFO,23/01/2025,09:25:39,23281.95,23282,75,23283.8,150,0,4950300
NIFTY-II.NFO,23/01/2025,09:25:41,23281.95,23282.05,300,23283.75,75,0,4950300
NIFTY-II.NFO,23/01/2025,09:25:42,23281.95,23282.1,450,23283.75,75,0,4950300
NIFTY-II.NFO,23/01/2025,09:25:44,23281.95,23282,75,23283.75,75,0,4950300
NIFTY-II.NFO,23/01/2025,09:25:46,23281.95,23282,75,23283.7,75,0,4950300
NIFTY-II.NFO,23/01/2025,09:25:51,23282,23281,525,23284.6,150,75,4950300
NIFTY-II.NFO,23/01/2025,09:25:53,23281,23281,450,23284.55,75,75,4950300
NIFTY-II.NFO,23/01/2025,09:25:54,23281,23281.05,300,23284.55,75,0,4950300
NIFTY-II.NFO,23/01/2025,09:25:56,23281,23282.1,300,23284.55,75,0,4950300
NIFTY-II.NFO,23/01/2025,09:25:58,23285.4,23282.1,300,23285.4,75,75,4950300
NIFTY-II.NFO,23/01/2025,09:25:59,23285.4,23282.05,75,23285.35,75,0,4950300
NIFTY-II.NFO,23/01/2025,09:26:01,23285.4,23282.1,300,23285.35,75,0,4950300
NIFTY-II.NFO,23/01/2025,09:26:03,23285.4,23282.05,450,23285.35,75,0,4950300
NIFTY-II.NFO,23/01/2025,09:26:04,23282.1,23282.05,75,23284.35,75,75,4950300
NIFTY-II.NFO,23/01/2025,09:26:06,23284.35,23281.15,300,23285.25,75,75,4950300
NIFTY-II.NFO,23/01/2025,09:26:08,23284.35,23281.15,300,23286.4,75,0,4950300
NIFTY-II.NFO,23/01/2025,09:26:09,23284.35,23283.2,375,23286.55,75,0,4950300
NIFTY-II.NFO,23/01/2025,09:26:11,23287.75,23284.6,300,23290,225,300,4950300
NIFTY-II.NFO,23/01/2025,09:26:13,23290,23285.5,375,23289.95,75,75,4950300
NIFTY-II.NFO,23/01/2025,09:26:14,23290,23285.5,375,23290,150,0,4950300
NIFTY-II.NFO,23/01/2025,09:26:18,23290,23285.25,375,23289.9,75,0,4950300
NIFTY-II.NFO,23/01/2025,09:26:19,23290,23285.1,375,23289.85,75,0,4950300
NIFTY-II.NFO,23/01/2025,09:26:21,23290,23283.9,375,23289.7,75,0,4950300
NIFTY-II.NFO,23/01/2025,09:26:23,23290,23284.35,375,23290,150,0,4950300
NIFTY-II.NFO,23/01/2025,09:26:24,23290,23289.85,75,23289.95,75,0,4950300
NIFTY-II.NFO,23/01/2025,09:26:26,23289.85,23284.4,225,23289.4,75,75,4950300
NIFTY-II.NFO,23/01/2025,09:26:28,23289.85,23284.45,75,23289.3,75,0,4950300
NIFTY-II.NFO,23/01/2025,09:26:29,23289.2,23284.45,75,23288.8,75,75,4950300
NIFTY-II.NFO,23/01/2025,09:26:31,23284.45,23286,150,23289,75,75,4950300
NIFTY-II.NFO,23/01/2025,09:26:33,23284.45,23286,150,23289,75,0,4950300
NIFTY-II.NFO,23/01/2025,09:26:34,23284.45,23286,150,23289.4,75,0,4950300
NIFTY-II.NFO,23/01/2025,09:26:36,23284.45,23286,150,23289.45,75,0,4950300
NIFTY-II.NFO,23/01/2025,09:26:38,23284.45,23286,150,23288.25,150,0,4950300
NIFTY-II.NFO,23/01/2025,09:26:39,23284.45,23286,150,23287.2,1050,0,4950300
NIFTY-II.NFO,23/01/2025,09:26:41,23280.1,23280.05,75,23285.85,150,1125,4950300
NIFTY-II.NFO,23/01/2025,09:26:43,23280.1,23285,75,23285.55,150,0,4950300
NIFTY-II.NFO,23/01/2025,09:26:44,23285,23284.15,150,23285.1,75,75,4950300
NIFTY-II.NFO,23/01/2025,09:26:46,23285,23284.15,150,23284.9,75,0,4950300
NIFTY-II.NFO,23/01/2025,09:26:48,23284.85,23284.15,150,23287.05,75,75,4950300
NIFTY-II.NFO,23/01/2025,09:26:49,23280,23279.05,225,23285.25,300,825,4950300
NIFTY-II.NFO,23/01/2025,09:26:51,23280,23285.25,75,23285.8,300,0,4950300
NIFTY-II.NFO,23/01/2025,09:26:53,23285.25,23279.35,225,23285,75,75,4950300
NIFTY-II.NFO,23/01/2025,09:26:54,23285.25,23279.75,225,23284.95,150,0,4950300
NIFTY-II.NFO,23/01/2025,09:26:56,23285.25,23279.35,225,23284.95,150,0,4950300
NIFTY-II.NFO,23/01/2025,09:26:57,23285.25,23280,300,23284.95,75,0,4950300
NIFTY-II.NFO,23/01/2025,09:26:59,23285.25,23279.05,225,23284.9,75,0,4950300
NIFTY-II.NFO,23/01/2025,09:27:01,23277,23277,300,23283.6,525,900,4950300
NIFTY-II.NFO,23/01/2025,09:27:02,23277,23277,300,23283.5,375,0,4950300
NIFTY-II.NFO,23/01/2025,09:27:04,23277,23277,300,23283.4,75,0,4950300
NIFTY-II.NFO,23/01/2025,09:27:06,23277,23277,300,23282.95,75,0,4950300
NIFTY-II.NFO,23/01/2025,09:27:07,23276,23276.05,75,23282.9,225,825,4950300
NIFTY-II.NFO,23/01/2025,09:27:09,23276,23276.1,150,23282.85,150,0,4950300
NIFTY-II.NFO,23/01/2025,09:27:11,23276,23275.75,150,23282.75,75,0,4950300
NIFTY-II.NFO,23/01/2025,09:27:12,23282.7,23276.35,150,23282.7,75,75,4950300
NIFTY-II.NFO,23/01/2025,09:27:14,23275,23275.2,225,23282.5,375,525,4950300
NIFTY-II.NFO,23/01/2025,09:27:15,23275,23276.15,225,23282.45,150,0,4950300
NIFTY-II.NFO,23/01/2025,09:27:17,23275,23276.15,225,23282.45,75,0,4950300
NIFTY-II.NFO,23/01/2025,09:27:19,23275,23276.6,225,23282.45,75,0,4950300
NIFTY-II.NFO,23/01/2025,09:27:20,23276.05,23275.15,1650,23282.95,225,600,4950300
NIFTY-II.NFO,23/01/2025,09:27:22,23276.05,23277,75,23282.85,300,0,4950300
NIFTY-II.NFO,23/01/2025,09:27:24,23276.05,23277,75,23282,75,0,4950300
NIFTY-II.NFO,23/01/2025,09:27:25,23282,23277.2,1650,23284.3,75,150,4950300
NIFTY-II.NFO,23/01/2025,09:27:27,23277.6,23279.05,75,23285,75,825,4950300
NIFTY-II.NFO,23/01/2025,09:27:29,23287.7,23280.1,75,23287.7,375,75,4950300
NIFTY-II.NFO,23/01/2025,09:27:30,23287.7,23280.05,75,23282,150,0,4950300
NIFTY-II.NFO,23/01/2025,09:27:32,23282,23279.05,75,23286.35,525,975,4950300
NIFTY-II.NFO,23/01/2025,09:27:34,23282,23279.05,75,23286.05,375,0,4950300
NIFTY-II.NFO,23/01/2025,09:27:35,23282,23279.05,75,23286.35,450,0,4950300
NIFTY-II.NFO,23/01/2025,09:27:37,23282,23278.05,75,23285.15,525,0,4950300
NIFTY-II.NFO,23/01/2025,09:27:39,23276.55,23278.05,75,23285.95,450,825,4950300
NIFTY-II.NFO,23/01/2025,09:27:40,23276.55,23280,75,23285.25,525,0,4950300
NIFTY-II.NFO,23/01/2025,09:27:42,23275.45,23276,75,23283.9,75,825,4950300
NIFTY-II.NFO,23/01/2025,09:27:44,23275.45,23280,150,23285.05,525,0,4950300
NIFTY-II.NFO,23/01/2025,09:27:45,23284.1,23280,150,23284.3,300,75,4950300
NIFTY-II.NFO,23/01/2025,09:27:47,23284.1,23280,150,23284.55,300,0,4950300
NIFTY-II.NFO,23/01/2025,09:27:49,23284.1,23282,75,23285.85,450,0,4950300
NIFTY-II.NFO,23/01/2025,09:27:50,23284.1,23282,75,23284,150,0,4950300
NIFTY-II.NFO,23/01/2025,09:27:52,23282,23280,150,23284,150,75,4950300
NIFTY-II.NFO,23/01/2025,09:27:54,23276.35,23276.55,75,23284,225,450,4950300
NIFTY-II.NFO,23/01/2025,09:27:55,23276.35,23276.5,75,23284,225,0,4950300
NIFTY-II.NFO,23/01/2025,09:27:57,23276.35,23276.65,75,23283.95,375,0,4950300
NIFTY-II.NFO,23/01/2025,09:27:59,23276.35,23277.5,75,23284,150,0,4950300
NIFTY-II.NFO,23/01/2025,09:28:00,23277.05,23276.2,75,23283.95,375,75,4959300
NIFTY-II.NFO,23/01/2025,09:28:02,23277.05,23276.1,600,23283.95,375,0,4959300
NIFTY-II.NFO,23/01/2025,09:28:04,23277.05,23276.05,75,23282.95,525,0,4959300
NIFTY-II.NFO,23/01/2025,09:28:05,23277.05,23276.05,825,23283.95,375,0,4959300
NIFTY-II.NFO,23/01/2025,09:28:07,23277.05,23276.05,75,23283.45,450,0,4959300
NIFTY-II.NFO,23/01/2025,09:28:08,23277.05,23276.05,75,23281.55,525,0,4959300
NIFTY-II.NFO,23/01/2025,09:28:10,23277.05,23276.05,75,23282.95,300,0,4959300
NIFTY-II.NFO,23/01/2025,09:28:12,23282.75,23276,75,23282.65,300,225,4959300
NIFTY-II.NFO,23/01/2025,09:28:15,23282.75,23276,75,23281.75,525,0,4959300
NIFTY-II.NFO,23/01/2025,09:28:17,23282.75,23276,75,23281.75,375,0,4959300
NIFTY-II.NFO,23/01/2025,09:28:19,23282.75,23276,75,23281.2,375,0,4959300
NIFTY-II.NFO,23/01/2025,09:28:20,23282.75,23281,75,23281.25,150,0,4959300
NIFTY-II.NFO,23/01/2025,09:28:22,23281,23275.6,375,23281.2,375,75,4959300
NIFTY-II.NFO,23/01/2025,09:28:24,23281,23275.85,75,23281.25,150,0,4959300
NIFTY-II.NFO,23/01/2025,09:28:25,23281,23275.05,75,23281.25,150,0,4959300
NIFTY-II.NFO,23/01/2025,09:28:27,23281,23275.15,375,23281.2,375,0,4959300
NIFTY-II.NFO,23/01/2025,09:28:29,23281,23275.05,75,23277.5,975,0,4959300
NIFTY-II.NFO,23/01/2025,09:28:30,23281,23275,225,23277.5,975,0,4959300
NIFTY-II.NFO,23/01/2025,09:28:32,23281,23275,225,23277.3,225,0,4959300
NIFTY-II.NFO,23/01/2025,09:28:34,23281,23275,225,23277.5,975,0,4959300
NIFTY-II.NFO,23/01/2025,09:28:35,23277.5,23274,150,23277.5,600,600,4959300
NIFTY-II.NFO,23/01/2025,09:28:37,23277.5,23274,150,23277.5,600,0,4959300
NIFTY-II.NFO,23/01/2025,09:28:39,23277.5,23274,150,23277,75,0,4959300
NIFTY-II.NFO,23/01/2025,09:28:40,23277.5,23276.8,75,23277,75,0,4959300
NIFTY-II.NFO,23/01/2025,09:28:42,23276.8,23276.95,225,23277,75,450,4959300
NIFTY-II.NFO,23/01/2025,09:28:44,23277,23274.1,75,23277.5,600,75,4959300
NIFTY-II.NFO,23/01/2025,09:28:45,23277,23277.3,150,23277.5,600,0,4959300
NIFTY-II.NFO,23/01/2025,09:28:47,23277,23277.45,75,23277.5,600,0,4959300
NIFTY-II.NFO,23/01/2025,09:28:49,23277.5,23274.05,75,23277.5,525,300,4959300
NIFTY-II.NFO,23/01/2025,09:28:50,23274,23277,75,23277.5,525,75,4959300
NIFTY-II.NFO,23/01/2025,09:28:52,23274,23277,75,23277.4,225,0,4959300
NIFTY-II.NFO,23/01/2025,09:28:54,23274,23275.35,75,23277.4,225,375,4959300
NIFTY-II.NFO,23/01/2025,09:28:55,23275.35,23276.2,75,23277.5,525,75,4959300
NIFTY-II.NFO,23/01/2025,09:28:57,23275.35,23277.45,150,23277.5,525,0,4959300
NIFTY-II.NFO,23/01/2025,09:28:59,23277.45,23277.5,75,23277.8,75,600,4959300
NIFTY-II.NFO,23/01/2025,09:29:00,23277.45,23277.4,75,23279,75,0,4959300
NIFTY-II.NFO,23/01/2025,09:29:04,23277.4,23272.5,600,23277.4,225,150,4959300
NIFTY-II.NFO,23/01/2025,09:29:05,23277.4,23278,75,23281.25,150,225,4959300
NIFTY-II.NFO,23/01/2025,09:29:07,23277.4,23274.4,150,23281.25,225,0,4959300
NIFTY-II.NFO,23/01/2025,09:29:09,23274.3,23274.4,150,23281.25,225,75,4959300
NIFTY-II.NFO,23/01/2025,09:29:10,23274.3,23274.45,150,23281.2,75,0,4959300
NIFTY-II.NFO,23/01/2025,09:29:12,23274.3,23275,300,23281.2,375,0,4959300
NIFTY-II.NFO,23/01/2025,09:29:14,23274.3,23275.05,75,23280.3,525,0,4959300
NIFTY-II.NFO,23/01/2025,09:29:15,23274.3,23275.05,75,23279.9,525,0,4959300
NIFTY-II.NFO,23/01/2025,09:29:17,23274.3,23275.05,75,23280.85,300,0,4959300
NIFTY-II.NFO,23/01/2025,09:29:19,23274.3,23275.05,75,23281.2,300,0,4959300
NIFTY-II.NFO,23/01/2025,09:29:20,23274.3,23275.05,75,23281,300,0,4959300
NIFTY-II.NFO,23/01/2025,09:29:22,23277.4,23275.05,75,23281.2,525,150,4959300
NIFTY-II.NFO,23/01/2025,09:29:24,23277.4,23275.1,75,23279,75,0,4959300
NIFTY-II.NFO,23/01/2025,09:29:25,23277.4,23275.05,75,23281.2,375,0,4959300
NIFTY-II.NFO,23/01/2025,09:29:27,23277.4,23275.05,75,23280.7,375,0,4959300
NIFTY-II.NFO,23/01/2025,09:29:29,23277.4,23275.05,75,23279.85,375,0,4959300
NIFTY-II.NFO,23/01/2025,09:29:30,23277.4,23275,300,23280.2,375,0,4959300
NIFTY-II.NFO,23/01/2025,09:29:32,23277.4,23275,300,23279.5,450,0,4959300
NIFTY-II.NFO,23/01/2025,09:29:34,23275,23275,225,23279.25,75,75,4959300
NIFTY-II.NFO,23/01/2025,09:29:35,23275,23275,300,23279.8,375,0,4959300
NIFTY-II.NFO,23/01/2025,09:29:37,23275,23275,225,23279.4,375,75,4959300
NIFTY-II.NFO,23/01/2025,09:29:39,23275,23275.1,75,23279.9,375,0,4959300
NIFTY-II.NFO,23/01/2025,09:29:40,23275,23275.1,75,23279.65,375,0,4959300
NIFTY-II.NFO,23/01/2025,09:29:42,23275,23275.1,75,23278.55,300,0,4959300
NIFTY-II.NFO,23/01/2025,09:29:44,23275.1,23275.05,75,23279.15,75,75,4959300
NIFTY-II.NFO,23/01/2025,09:29:45,23275.1,23275.05,75,23278.95,375,0,4959300
NIFTY-II.NFO,23/01/2025,09:29:49,23275.1,23275.05,75,23278.15,75,0,4959300
NIFTY-II.NFO,23/01/2025,09:29:50,23275.1,23275.2,75,23276.1,150,0,4959300
NIFTY-II.NFO,23/01/2025,09:29:52,23275.1,23275.2,75,23276.7,375,0,4959300
NIFTY-II.NFO,23/01/2025,09:29:54,23275,23275,150,23277.6,75,300,4959300
NIFTY-II.NFO,23/01/2025,09:29:55,23275,23275,150,23277.25,300,0,4959300
NIFTY-II.NFO,23/01/2025,09:29:57,23275,23275,150,23277.6,75,0,4959300
NIFTY-II.NFO,23/01/2025,09:29:59,23275,23275,150,23277,75,0,4959300
NIFTY-II.NFO,23/01/2025,09:30:00,23275,23275,150,23275.5,300,0,4959300
NIFTY-II.NFO,23/01/2025,09:30:02,23272,23271.4,150,23274,75,450,4959300
NIFTY-II.NFO,23/01/2025,09:30:04,23271.4,23271,300,23273.95,225,150,4959300
NIFTY-II.NFO,23/01/2025,09:30:05,23271.4,23271,300,23273.95,225,0,4959300
NIFTY-II.NFO,23/01/2025,09:30:07,23271.4,23271.05,75,23273.9,75,0,4959300
NIFTY-II.NFO,23/01/2025,09:30:09,23273.85,23271.05,300,23273.85,75,75,4959300
NIFTY-II.NFO,23/01/2025,09:30:10,23273.85,23271.15,75,23273.8,75,0,4959300
NIFTY-II.NFO,23/01/2025,09:30:12,23271,23270,3825,23273.15,75,150,4959300
NIFTY-II.NFO,23/01/2025,09:30:14,23271,23270.15,225,23273.1,150,0,4959300
NIFTY-II.NFO,23/01/2025,09:30:15,23271,23270.4,75,23273.1,150,0,4959300
NIFTY-II.NFO,23/01/2025,09:30:17,23270.15,23270.55,150,23273.1,150,75,4959300
NIFTY-II.NFO,23/01/2025,09:30:19,23270.15,23270.75,150,23273.05,75,0,4959300
NIFTY-II.NFO,23/01/2025,09:30:20,23271,23272.65,75,23273,75,300,4959300
NIFTY-II.NFO,23/01/2025,09:30:22,23273,23273.5,225,23274,75,150,4959300
NIFTY-II.NFO,23/01/2025,09:30:24,23273.6,23273.85,75,23274,75,150,4959300
NIFTY-II.NFO,23/01/2025,09:30:25,23274,23274.15,150,23275,150,375,4959300
NIFTY-II.NFO,23/01/2025,09:30:27,23275,23275.25,75,23277,150,225,4959300
NIFTY-II.NFO,23/01/2025,09:30:29,23277,23271.3,225,23275.25,225,75,4959300
NIFTY-II.NFO,23/01/2025,09:30:30,23277,23274.95,225,23275.25,225,0,4959300
NIFTY-II.NFO,23/01/2025,09:30:32,23277,23275.1,225,23275.25,225,0,4959300
NIFTY-II.NFO,23/01/2025,09:30:34,23275.25,23271.9,525,23278.7,75,300,4959300
NIFTY-II.NFO,23/01/2025,09:30:36,23275.25,23272.95,525,23279,75,0,4959300
NIFTY-II.NFO,23/01/2025,09:30:37,23275.25,23273.3,375,23279,75,0,4959300
NIFTY-II.NFO,23/01/2025,09:30:39,23275.25,23278.55,75,23279,75,0,4959300
NIFTY-II.NFO,23/01/2025,09:30:41,23280,23275.2,75,23282,75,225,4959300
NIFTY-II.NFO,23/01/2025,09:30:42,23280,23273.05,75,23281.25,375,0,4959300
NIFTY-II.NFO,23/01/2025,09:30:44,23280,23275,525,23282,75,0,4959300
NIFTY-II.NFO,23/01/2025,09:30:47,23280,23279,75,23281.95,300,0,4959300
NIFTY-II.NFO,23/01/2025,09:30:49,23280,23279,75,23281.75,300,0,4959300
NIFTY-II.NFO,23/01/2025,09:30:51,23281.65,23279,75,23281.95,300,75,4959300
NIFTY-II.NFO,23/01/2025,09:30:52,23281.95,23279,75,23281.95,300,150,4959300
NIFTY-II.NFO,23/01/2025,09:30:54,23281.95,23281.75,75,23281.95,300,0,4959300
NIFTY-II.NFO,23/01/2025,09:30:56,23281.75,23279,75,23281.6,300,75,4959300
NIFTY-II.NFO,23/01/2025,09:30:57,23281.75,23279,75,23281.55,300,0,4959300
NIFTY-II.NFO,23/01/2025,09:30:59,23282.8,23279.05,150,23284.95,150,525,4963800
NIFTY-II.NFO,23/01/2025,09:31:01,23282.8,23279.35,150,23285,75,0,4963800
NIFTY-II.NFO,23/01/2025,09:31:02,23279.25,23282.8,75,23285,75,150,4963800
NIFTY-II.NFO,23/01/2025,09:31:04,23279.25,23282.8,75,23284.95,300,0,4963800
NIFTY-II.NFO,23/01/2025,09:31:05,23279.25,23282.8,75,23284.75,300,0,4963800
NIFTY-II.NFO,23/01/2025,09:31:07,23279.25,23282.8,75,23283.85,300,0,4963800
NIFTY-II.NFO,23/01/2025,09:31:10,23282.8,23280,1800,23282.8,150,75,4963800
NIFTY-II.NFO,23/01/2025,09:31:12,23282.8,23283.85,150,23284,75,150,4963800
NIFTY-II.NFO,23/01/2025,09:31:14,23283.85,23280,1800,23283.85,75,150,4963800
NIFTY-II.NFO,23/01/2025,09:31:15,23283.8,23280,1800,23283.8,300,75,4963800
NIFTY-II.NFO,23/01/2025,09:31:17,23283.8,23280,1800,23283.75,75,0,4963800
NIFTY-II.NFO,23/01/2025,09:31:19,23280,23280,1725,23282.85,375,75,4963800
NIFTY-II.NFO,23/01/2025,09:31:20,23280,23280,1650,23282.8,75,150,4963800
NIFTY-II.NFO,23/01/2025,09:31:22,23280,23280,1650,23282.8,75,0,4963800
NIFTY-II.NFO,23/01/2025,09:31:24,23280,23280,1725,23282.75,300,0,4963800
NIFTY-II.NFO,23/01/2025,09:31:25,23280,23280,1725,23282.55,300,0,4963800
NIFTY-II.NFO,23/01/2025,09:31:27,23280,23280,1725,23282.3,225,0,4963800
NIFTY-II.NFO,23/01/2025,09:31:29,23280,23280,1725,23282.25,75,0,4963800
NIFTY-II.NFO,23/01/2025,09:31:32,23280,23280,1650,23282.05,225,75,4963800
NIFTY-II.NFO,23/01/2025,09:31:34,23280,23280,1650,23282,75,0,4963800
NIFTY-II.NFO,23/01/2025,09:31:35,23280,23280,1575,23282,75,150,4963800
NIFTY-II.NFO,23/01/2025,09:31:37,23280,23280,1575,23282,75,0,4963800
NIFTY-II.NFO,23/01/2025,09:31:39,23280,23280.1,150,23282,75,75,4963800
NIFTY-II.NFO,23/01/2025,09:31:40,23280,23281.9,150,23282,75,0,4963800
NIFTY-II.NFO,23/01/2025,09:31:42,23282,23280,1500,23281.9,75,75,4963800
NIFTY-II.NFO,23/01/2025,09:31:44,23282,23280.05,75,23281.9,75,0,4963800
NIFTY-II.NFO,23/01/2025,09:31:47,23282,23281.7,75,23283.85,75,0,4963800
NIFTY-II.NFO,23/01/2025,09:31:49,23283.85,23280,1500,23283.8,75,75,4963800
NIFTY-II.NFO,23/01/2025,09:31:50,23283.95,23280.05,150,23284,75,150,4963800
NIFTY-II.NFO,23/01/2025,09:31:52,23284,23283.9,75,23285,75,75,4963800
NIFTY-II.NFO,23/01/2025,09:31:54,23284,23280,1500,23283.9,75,0,4963800
NIFTY-II.NFO,23/01/2025,09:31:55,23284,23282,225,23283.7,225,0,4963800
NIFTY-II.NFO,23/01/2025,09:31:57,23284,23282,225,23283.65,75,0,4963800
NIFTY-II.NFO,23/01/2025,09:31:59,23282,23282,150,23283.75,225,75,4963800
NIFTY-II.NFO,23/01/2025,09:32:00,23282,23282,150,23284.45,375,0,4963800
NIFTY-II.NFO,23/01/2025,09:32:02,23282,23280,1500,23282,225,150,4963800
NIFTY-II.NFO,23/01/2025,09:32:04,23282,23280,1500,23282,75,75,4963800
NIFTY-II.NFO,23/01/2025,09:32:05,23282,23280,1425,23282.45,75,75,4963800
NIFTY-II.NFO,23/01/2025,09:32:07,23281.95,23280,1425,23282.45,75,75,4963800
NIFTY-II.NFO,23/01/2025,09:32:09,23280.05,23280.5,75,23280.95,75,75,4963800
NIFTY-II.NFO,23/01/2025,09:32:10,23282,23280.95,75,23283.4,150,150,4963800
NIFTY-II.NFO,23/01/2025,09:32:12,23282,23280.15,150,23283.4,150,0,4963800
NIFTY-II.NFO,23/01/2025,09:32:13,23282,23280.15,150,23283.45,150,0,4963800
NIFTY-II.NFO,23/01/2025,09:32:15,23282,23283,75,23287.05,75,0,4963800
NIFTY-II.NFO,23/01/2025,09:32:17,23282,23280.15,150,23286.25,150,0,4963800
NIFTY-II.NFO,23/01/2025,09:32:18,23282,23280.15,150,23286,150,0,4963800
NIFTY-II.NFO,23/01/2025,09:32:20,23282,23280.15,150,23286.5,75,0,4963800
NIFTY-II.NFO,23/01/2025,09:32:22,23282,23280.15,150,23286.1,75,0,4963800
NIFTY-II.NFO,23/01/2025,09:32:23,23282,23280.1,75,23282.05,75,0,4963800
NIFTY-II.NFO,23/01/2025,09:32:25,23280.1,23280,1425,23284.7,75,75,4963800
NIFTY-II.NFO,23/01/2025,09:32:27,23285.15,23280,1425,23285,75,75,4963800
NIFTY-II.NFO,23/01/2025,09:32:28,23280,23280,1350,23284.05,150,75,4963800
NIFTY-II.NFO,23/01/2025,09:32:30,23280,23280,1350,23283.25,75,0,4963800
NIFTY-II.NFO,23/01/2025,09:32:32,23280,23280,1275,23283.9,75,150,4963800
NIFTY-II.NFO,23/01/2025,09:32:33,23280,23280,1275,23284.6,75,0,4963800
NIFTY-II.NFO,23/01/2025,09:32:35,23280,23280,1275,23284.8,75,0,4963800
NIFTY-II.NFO,23/01/2025,09:32:37,23280,23280.05,150,23286.35,75,0,4963800
NIFTY-II.NFO,23/01/2025,09:32:38,23280,23280.05,150,23286.55,75,0,4963800
NIFTY-II.NFO,23/01/2025,09:32:40,23280,23280.05,150,23285.6,75,0,4963800
NIFTY-II.NFO,23/01/2025,09:32:42,23280,23280.05,150,23285.85,75,0,4963800
NIFTY-II.NFO,23/01/2025,09:32:43,23280,23280.05,150,23285.55,75,0,4963800
NIFTY-II.NFO,23/01/2025,09:32:45,23280,23280.05,150,23284,75,0,4963800
NIFTY-II.NFO,23/01/2025,09:32:47,23280,23280.05,75,23284,75,0,4963800
NIFTY-II.NFO,23/01/2025,09:32:48,23284.55,23280,1875,23284.65,375,150,4963800
NIFTY-II.NFO,23/01/2025,09:32:50,23284.55,23280,1875,23284,75,0,4963800
NIFTY-II.NFO,23/01/2025,09:32:57,23284.55,23280.05,150,23284,75,0,4963800
NIFTY-II.NFO,23/01/2025,09:32:58,23284.55,23280.05,75,23284,75,0,4963800
NIFTY-II.NFO,23/01/2025,09:33:00,23280,23280,1050,23281.05,75,825,4963800
NIFTY-II.NFO,23/01/2025,09:33:02,23281.05,23280.05,75,23284.95,150,75,4963800
NIFTY-II.NFO,23/01/2025,09:33:03,23287.95,23280.15,150,23287.95,150,75,4963800
NIFTY-II.NFO,23/01/2025,09:33:05,23287.95,23280.9,150,23289,825,0,4963800
NIFTY-II.NFO,23/01/2025,09:33:07,23287.95,23281.1,150,23288.95,75,0,4963800
NIFTY-II.NFO,23/01/2025,09:33:08,23287.95,23281.1,150,23288.25,450,0,4963800
NIFTY-II.NFO,23/01/2025,09:33:10,23287.95,23281.1,150,23287.95,450,0,4963800
NIFTY-II.NFO,23/01/2025,09:33:12,23287.95,23281.1,150,23287.1,150,0,4963800
NIFTY-II.NFO,23/01/2025,09:33:13,23287.95,23281.05,75,23286.4,375,0,4963800
NIFTY-II.NFO,23/01/2025,09:33:15,23281.05,23280,1050,23285.15,225,75,4963800
NIFTY-II.NFO,23/01/2025,09:33:17,23281.05,23280,1050,23285.75,75,0,4963800
NIFTY-II.NFO,23/01/2025,09:33:18,23281.05,23280,1050,23285.95,375,0,4963800
NIFTY-II.NFO,23/01/2025,09:33:20,23281.05,23280,1050,23286.1,375,0,4963800
NIFTY-II.NFO,23/01/2025,09:33:22,23281.05,23280.05,150,23286.45,375,0,4963800
NIFTY-II.NFO,23/01/2025,09:33:23,23281.05,23280,1050,23285.55,375,0,4963800
NIFTY-II.NFO,23/01/2025,09:33:25,23281.05,23280,1050,23286.15,375,0,4963800
NIFTY-II.NFO,23/01/2025,09:33:27,23281.05,23280.05,150,23286.25,300,0,4963800
NIFTY-II.NFO,23/01/2025,09:33:28,23281.05,23280.05,150,23286.3,150,0,4963800
NIFTY-II.NFO,23/01/2025,09:33:32,23286.3,23280.05,150,23286.3,150,150,4963800
NIFTY-II.NFO,23/01/2025,09:33:33,23286.3,23284,75,23286.3,150,0,4963800
NIFTY-II.NFO,23/01/2025,09:33:35,23284,23280.05,150,23285.35,75,75,4963800
NIFTY-II.NFO,23/01/2025,09:33:37,23284,23280.05,150,23286.3,150,0,4963800
NIFTY-II.NFO,23/01/2025,09:33:42,23284,23280.15,150,23284,75,0,4963800
NIFTY-II.NFO,23/01/2025,09:33:43,23285,23280.2,150,23284,75,150,4963800
NIFTY-II.NFO,23/01/2025,09:33:45,23285,23280.35,150,23284,75,0,4963800
NIFTY-II.NFO,23/01/2025,09:33:47,23285,23280.55,150,23284,150,0,4963800
NIFTY-II.NFO,23/01/2025,09:33:48,23285,23280.65,150,23284,150,0,4963800
NIFTY-II.NFO,23/01/2025,09:33:50,23284,23280.8,150,23284,75,75,4963800
NIFTY-II.NFO,23/01/2025,09:33:52,23280,23280.95,150,23284,75,900,4963800
NIFTY-II.NFO,23/01/2025,09:33:53,23280,23281.1,150,23284,75,0,4963800
NIFTY-II.NFO,23/01/2025,09:33:55,23280,23281.05,150,23287.9,150,0,4963800
NIFTY-II.NFO,23/01/2025,09:33:57,23280,23281,75,23286.9,375,0,4963800
NIFTY-II.NFO,23/01/2025,09:33:58,23280,23281,75,23286.45,525,0,4963800
NIFTY-II.NFO,23/01/2025,09:34:00,23280,23280,75,23286.65,300,900,4966350
NIFTY-II.NFO,23/01/2025,09:34:02,23280,23280,75,23286.75,375,0,4966350
NIFTY-II.NFO,23/01/2025,09:34:03,23280,23280,75,23286.65,375,0,4966350
NIFTY-II.NFO,23/01/2025,09:34:05,23280,23280,75,23286.15,375,0,4966350
NIFTY-II.NFO,23/01/2025,09:34:06,23280,23280,75,23286.35,375,0,4966350
NIFTY-II.NFO,23/01/2025,09:34:08,23286.9,23278.45,75,23286.55,300,450,4966350
NIFTY-II.NFO,23/01/2025,09:34:10,23286.9,23281,75,23287.1,300,0,4966350
NIFTY-II.NFO,23/01/2025,09:34:11,23286.9,23281,75,23287.1,375,0,4966350
NIFTY-II.NFO,23/01/2025,09:34:13,23286.9,23281.15,75,23286.7,375,0,4966350
NIFTY-II.NFO,23/01/2025,09:34:15,23279.05,23279,75,23287.1,375,225,4966350
NIFTY-II.NFO,23/01/2025,09:34:16,23279.05,23278.25,75,23286.3,300,0,4966350
NIFTY-II.NFO,23/01/2025,09:34:18,23278.95,23278.3,75,23286.3,375,300,4966350
NIFTY-II.NFO,23/01/2025,09:34:19,23281.15,23282.25,75,23287.45,300,225,4966350
NIFTY-II.NFO,23/01/2025,09:34:21,23281.15,23278.3,75,23285.8,300,0,4966350
NIFTY-II.NFO,23/01/2025,09:34:23,23281.15,23278.3,75,23286.85,300,0,4966350
NIFTY-II.NFO,23/01/2025,09:34:24,23281.15,23278.3,75,23286.25,375,0,4966350
NIFTY-II.NFO,23/01/2025,09:34:26,23281.15,23278.3,75,23286.05,375,0,4966350
NIFTY-II.NFO,23/01/2025,09:34:28,23281.15,23280,75,23286.05,525,0,4966350
NIFTY-II.NFO,23/01/2025,09:34:29,23280.2,23280.25,75,23285.9,525,75,4966350
NIFTY-II.NFO,23/01/2025,09:34:31,23280.2,23280.25,75,23285.4,525,0,4966350
NIFTY-II.NFO,23/01/2025,09:34:33,23280.2,23280.25,75,23286.55,300,0,4966350
NIFTY-II.NFO,23/01/2025,09:34:34,23280.2,23280.4,75,23286.65,375,0,4966350
NIFTY-II.NFO,23/01/2025,09:34:36,23280.2,23282,450,23286.55,300,0,4966350
NIFTY-II.NFO,23/01/2025,09:34:37,23280.2,23282,450,23286.65,75,0,4966350
NIFTY-II.NFO,23/01/2025,09:34:41,23280.2,23282,450,23287.45,300,0,4966350
NIFTY-II.NFO,23/01/2025,09:34:42,23287.05,23282,450,23285,300,75,4966350
NIFTY-II.NFO,23/01/2025,09:34:44,23287.05,23282,450,23285,300,0,4966350
NIFTY-II.NFO,23/01/2025,09:34:46,23285,23282,450,23285,150,150,4966350
NIFTY-II.NFO,23/01/2025,09:34:47,23285,23282,450,23285,75,75,4966350
NIFTY-II.NFO,23/01/2025,09:34:49,23282,23282,375,23285,75,75,4966350
NIFTY-II.NFO,23/01/2025,09:34:51,23282,23282,375,23285,75,0,4966350
NIFTY-II.NFO,23/01/2025,09:35:00,23282,23282,300,23285,75,75,4966350
NIFTY-II.NFO,23/01/2025,09:35:02,23282,23282,300,23285,75,0,4966350
NIFTY-II.NFO,23/01/2025,09:35:04,23282,23282.05,75,23285,75,75,4966350
NIFTY-II.NFO,23/01/2025,09:35:05,23282,23282.05,75,23285,75,0,4966350
NIFTY-II.NFO,23/01/2025,09:35:07,23282.95,23282.95,75,23285,75,75,4966350
NIFTY-II.NFO,23/01/2025,09:35:09,23285,23284.95,75,23287.5,75,75,4966350
NIFTY-II.NFO,23/01/2025,09:35:10,23301.3,23301.3,300,23305,75,3825,4966350
NIFTY-II.NFO,23/01/2025,09:35:12,23300.75,23299.95,75,23301.05,150,600,4966350
NIFTY-II.NFO,23/01/2025,09:35:14,23300.75,23295.5,300,23301,375,0,4966350
NIFTY-II.NFO,23/01/2025,09:35:15,23301,23304.05,300,23309.1,150,375,4966350
NIFTY-II.NFO,23/01/2025,09:35:17,23301,23300.4,300,23307.5,75,0,4966350
NIFTY-II.NFO,23/01/2025,09:35:19,23301,23300.7,300,23308.9,225,0,4966350
NIFTY-II.NFO,23/01/2025,09:35:20,23308.6,23302.5,300,23310,225,75,4966350
NIFTY-II.NFO,23/01/2025,09:35:22,23302.5,23303.9,225,23310,150,300,4966350
NIFTY-II.NFO,23/01/2025,09:35:24,23303.9,23303.1,150,23310,150,75,4966350
NIFTY-II.NFO,23/01/2025,09:35:25,23302.5,23301.85,150,23303.9,150,75,4966350
NIFTY-II.NFO,23/01/2025,09:35:27,23306.85,23301.35,225,23303.9,75,225,4966350
NIFTY-II.NFO,23/01/2025,09:35:29,23303.9,23304.1,75,23311.25,150,75,4966350
NIFTY-II.NFO,23/01/2025,09:35:30,23307.15,23307.55,75,23311.95,225,75,4966350
NIFTY-II.NFO,23/01/2025,09:35:32,23312,23312.95,75,23315,75,75,4966350
NIFTY-II.NFO,23/01/2025,09:35:34,23315,23310.85,75,23317,150,75,4966350
NIFTY-II.NFO,23/01/2025,09:35:35,23315,23312.3,75,23317,75,0,4966350
NIFTY-II.NFO,23/01/2025,09:35:37,23320,23320,450,23321.65,225,225,4966350
NIFTY-II.NFO,23/01/2025,09:35:39,23320,23314.15,225,23320,150,450,4966350
NIFTY-II.NFO,23/01/2025,09:35:40,23320.75,23320.4,150,23322,75,225,4966350
NIFTY-II.NFO,23/01/2025,09:35:42,23320.5,23320.05,75,23321.5,75,150,4966350
NIFTY-II.NFO,23/01/2025,09:35:42,23322,23320.05,75,23321.5,75,0,4966350
NIFTY-II.NFO,23/01/2025,09:35:44,23321.45,23316.25,225,23321.5,75,375,4966350
NIFTY-II.NFO,23/01/2025,09:35:45,23322.45,23319.35,75,23323.95,150,225,4966350
NIFTY-II.NFO,23/01/2025,09:35:45,23322.45,23319.35,75,23323.95,150,0,4966350
NIFTY-II.NFO,23/01/2025,09:35:47,23323.95,23317.9,75,23324,75,450,4966350
NIFTY-II.NFO,23/01/2025,09:35:47,23324.75,23317.9,75,23324,75,0,4966350
NIFTY-II.NFO,23/01/2025,09:35:49,23325,23324,225,23325,75,300,4966350
NIFTY-II.NFO,23/01/2025,09:35:49,23325,23324,225,23325,75,0,4966350
NIFTY-II.NFO,23/01/2025,09:35:50,23324,23318.25,225,23323.95,525,750,4966350
NIFTY-II.NFO,23/01/2025,09:35:50,23327.9,23318.25,225,23323.95,525,0,4966350
NIFTY-II.NFO,23/01/2025,09:35:52,23323.65,23323,75,23323.15,150,75,4966350
NIFTY-II.NFO,23/01/2025,09:35:54,23323,23319.45,75,23323,75,75,4966350
NIFTY-II.NFO,23/01/2025,09:35:55,23322.75,23317.35,75,23323,75,150,4966350
NIFTY-II.NFO,23/01/2025,09:35:57,23323.9,23318.75,75,23323.9,300,375,4966350
NIFTY-II.NFO,23/01/2025,09:35:59,23318.75,23316.85,75,23322.75,450,75,4966350
NIFTY-II.NFO,23/01/2025,09:36:00,23318.75,23313.7,150,23320.9,300,0,4966350
NIFTY-II.NFO,23/01/2025,09:36:02,23315.9,23316.3,150,23318.75,75,75,4966350
NIFTY-II.NFO,23/01/2025,09:36:04,23322,23319.45,75,23323,225,225,4966350
NIFTY-II.NFO,23/01/2025,09:36:05,23322.95,23321,150,23323,225,225,4966350
NIFTY-II.NFO,23/01/2025,09:36:07,23326.35,23326.4,75,23326.85,75,975,4966350
NIFTY-II.NFO,23/01/2025,09:36:10,23326.3,23322.95,75,23326,225,300,4966350
NIFTY-II.NFO,23/01/2025,09:36:12,23322.95,23322,75,23325.95,300,75,4966350
NIFTY-II.NFO,23/01/2025,09:36:13,23322,23322.15,75,23325.9,75,75,4966350
NIFTY-II.NFO,23/01/2025,09:36:15,23320.65,23319.9,75,23325.8,150,150,4966350
NIFTY-II.NFO,23/01/2025,09:36:17,23317.55,23317.5,75,23321.95,75,450,4966350
NIFTY-II.NFO,23/01/2025,09:36:18,23324.9,23319.1,75,23323.95,75,150,4966350
NIFTY-II.NFO,23/01/2025,09:36:20,23324.9,23317.7,75,23321.95,75,0,4966350
NIFTY-II.NFO,23/01/2025,09:36:22,23324.9,23317.45,75,23321.95,75,0,4966350
NIFTY-II.NFO,23/01/2025,09:36:23,23317.45,23317.7,150,23322.9,150,75,4966350
NIFTY-II.NFO,23/01/2025,09:36:25,23317.45,23318.5,75,23322.85,75,0,4966350
NIFTY-II.NFO,23/01/2025,09:36:27,23317.45,23318.25,75,23322.85,75,0,4966350
NIFTY-II.NFO,23/01/2025,09:36:28,23317.45,23318.25,75,23321.95,150,0,4966350
NIFTY-II.NFO,23/01/2025,09:36:30,23316.5,23316.45,75,23321.85,150,900,4966350
NIFTY-II.NFO,23/01/2025,09:36:32,23322.9,23317.5,75,23322.9,150,975,4966350
NIFTY-II.NFO,23/01/2025,09:36:33,23322.9,23317.5,75,23322.8,150,0,4966350
NIFTY-II.NFO,23/01/2025,09:36:35,23322.9,23317.5,75,23322.85,75,0,4966350
NIFTY-II.NFO,23/01/2025,09:36:37,23322.85,23317.5,75,23323,75,75,4966350
NIFTY-II.NFO,23/01/2025,09:36:38,23322.85,23320,150,23323,75,0,4966350
NIFTY-II.NFO,23/01/2025,09:36:40,23323,23320,150,23324,150,75,4966350
NIFTY-II.NFO,23/01/2025,09:36:42,23323,23320,150,23323.35,150,0,4966350
NIFTY-II.NFO,23/01/2025,09:36:43,23323,23320,150,23323.65,150,0,4966350
NIFTY-II.NFO,23/01/2025,09:36:45,23323,23320,150,23321,75,0,4966350
NIFTY-II.NFO,23/01/2025,09:36:47,23320,23318.8,75,23318.95,75,150,4966350
NIFTY-II.NFO,23/01/2025,09:36:48,23318.75,23318.75,75,23323,150,450,4966350
NIFTY-II.NFO,23/01/2025,09:36:50,23318.75,23318.75,75,23322.85,75,0,4966350
NIFTY-II.NFO,23/01/2025,09:36:52,23318.75,23318.75,75,23321.85,75,0,4966350
NIFTY-II.NFO,23/01/2025,09:36:53,23316.5,23311.3,225,23317.9,300,150,4966350
NIFTY-II.NFO,23/01/2025,09:36:55,23316.5,23313,750,23317.85,150,0,4966350
NIFTY-II.NFO,23/01/2025,09:36:57,23313.75,23313.1,75,23317.85,150,75,4971150
NIFTY-II.NFO,23/01/2025,09:36:58,23312.85,23312.25,75,23317.65,225,300,4971150
NIFTY-II.NFO,23/01/2025,09:37:00,23315.55,23308.05,75,23315.25,375,225,4971150
NIFTY-II.NFO,23/01/2025,09:37:02,23314.75,23310.65,75,23315.2,150,75,4971150
NIFTY-II.NFO,23/01/2025,09:37:03,23314.75,23310.55,750,23314,75,0,4971150
NIFTY-II.NFO,23/01/2025,09:37:05,23316.25,23310.05,225,23315.8,150,300,4971150
NIFTY-II.NFO,23/01/2025,09:37:07,23315,23310.25,300,23315,75,150,4971150
NIFTY-II.NFO,23/01/2025,09:37:08,23311.35,23311.55,1425,23315,75,75,4971150
NIFTY-II.NFO,23/01/2025,09:37:10,23311.75,23311.75,600,23315,75,225,4971150
NIFTY-II.NFO,23/01/2025,09:37:12,23319.95,23312.9,600,23318.95,150,1575,4971150
NIFTY-II.NFO,23/01/2025,09:37:13,23319.95,23315.8,150,23318.95,150,0,4971150
NIFTY-II.NFO,23/01/2025,09:37:15,23319.95,23315.85,675,23320,1275,0,4971150
NIFTY-II.NFO,23/01/2025,09:37:17,23319.95,23315.8,150,23320,1200,0,4971150
NIFTY-II.NFO,23/01/2025,09:37:18,23320,23315.4,600,23320,1125,375,4971150
NIFTY-II.NFO,23/01/2025,09:37:20,23320,23315.7,675,23320,1125,0,4971150
NIFTY-II.NFO,23/01/2025,09:37:22,23320,23315.55,1575,23320,1200,0,4971150
NIFTY-II.NFO,23/01/2025,09:37:23,23320,23319.55,150,23320,1125,75,4971150
NIFTY-II.NFO,23/01/2025,09:37:25,23320,23316.55,600,23320,1050,75,4971150
NIFTY-II.NFO,23/01/2025,09:37:27,23320,23319.9,75,23320,1050,0,4971150
NIFTY-II.NFO,23/01/2025,09:37:28,23317.05,23317.05,750,23321.6,75,1125,4971150
NIFTY-II.NFO,23/01/2025,09:37:30,23317.05,23316.85,1350,23321.6,75,0,4971150
NIFTY-II.NFO,23/01/2025,09:37:32,23317.05,23317.7,675,23321.6,75,0,4971150
NIFTY-II.NFO,23/01/2025,09:37:33,23317.05,23318.6,75,23323,150,0,4971150
NIFTY-II.NFO,23/01/2025,09:37:35,23318.5,23318.4,675,23322.75,75,300,4971150
NIFTY-II.NFO,23/01/2025,09:37:37,23318.5,23318.6,600,23322.75,75,0,4971150
NIFTY-II.NFO,23/01/2025,09:37:38,23318.5,23319.75,750,23321.6,75,0,4971150
NIFTY-II.NFO,23/01/2025,09:37:40,23321.6,23321.65,75,23323,150,75,4971150
NIFTY-II.NFO,23/01/2025,09:37:42,23323,23322.9,75,23324,75,525,4971150
NIFTY-II.NFO,23/01/2025,09:37:43,23324,23324.9,75,23325,300,75,4971150
NIFTY-II.NFO,23/01/2025,09:37:45,23325.5,23325.9,75,23326.35,75,375,4971150
NIFTY-II.NFO,23/01/2025,09:37:47,23325.5,23323.7,600,23326.35,75,0,4971150
NIFTY-II.NFO,23/01/2025,09:37:48,23325.5,23326.15,150,23326.35,75,0,4971150
NIFTY-II.NFO,23/01/2025,09:37:50,23326.35,23323.05,75,23328,150,300,4971150
NIFTY-II.NFO,23/01/2025,09:37:52,23323.05,23323.65,525,23328,150,450,4971150
NIFTY-II.NFO,23/01/2025,09:37:53,23323.05,23324.35,450,23328,150,0,4971150
NIFTY-II.NFO,23/01/2025,09:37:55,23329.95,23330.8,75,23333,150,225,4971150
NIFTY-II.NFO,23/01/2025,09:37:55,23329.95,23330.8,75,23333,150,0,4971150
NIFTY-II.NFO,23/01/2025,09:37:57,23333,23330.1,450,23335,75,225,4971150
NIFTY-II.NFO,23/01/2025,09:37:57,23333,23330.1,450,23335,75,0,4971150
NIFTY-II.NFO,23/01/2025,09:37:58,23329.1,23330.05,525,23335,75,75,4971150
NIFTY-II.NFO,23/01/2025,09:38:00,23338.7,23334.55,75,23338.95,750,150,4971150
NIFTY-II.NFO,23/01/2025,09:38:00,23338.7,23334.55,75,23338.95,750,0,4971150
NIFTY-II.NFO,23/01/2025,09:38:02,23333,23333,75,23335,150,75,4971150
NIFTY-II.NFO,23/01/2025,09:38:03,23330,23330.1,750,23334.95,600,225,4971150
NIFTY-II.NFO,23/01/2025,09:38:05,23334.95,23330,225,23334.85,600,75,4971150
NIFTY-II.NFO,23/01/2025,09:38:07,23334.95,23333,75,23334.95,600,0,4971150
NIFTY-II.NFO,23/01/2025,09:38:08,23334.95,23333,75,23335,75,150,4971150
NIFTY-II.NFO,23/01/2025,09:38:10,23332.85,23332.9,150,23335,75,150,4971150
NIFTY-II.NFO,23/01/2025,09:38:12,23332.85,23334.6,150,23334.95,75,0,4971150
NIFTY-II.NFO,23/01/2025,09:38:13,23334.95,23334.75,300,23335,75,75,4971150
NIFTY-II.NFO,23/01/2025,09:38:15,23335,23335.25,75,23339,225,75,4971150
NIFTY-II.NFO,23/01/2025,09:38:17,23339,23335.15,750,23339,150,150,4971150
NIFTY-II.NFO,23/01/2025,09:38:17,23339,23335.15,750,23339,150,0,4971150
NIFTY-II.NFO,23/01/2025,09:38:18,23341,23340.25,75,23341,75,975,4971150
NIFTY-II.NFO,23/01/2025,09:38:18,23341,23340.25,75,23341,75,0,4971150
NIFTY-II.NFO,23/01/2025,09:38:20,23340.9,23340,75,23340.95,450,75,4971150
NIFTY-II.NFO,23/01/2025,09:38:22,23335.05,23335,225,23340.95,450,525,4971150
NIFTY-II.NFO,23/01/2025,09:38:23,23335.05,23335,225,23338.9,375,0,4971150
NIFTY-II.NFO,23/01/2025,09:38:25,23338.8,23335,150,23339.75,225,225,4971150
NIFTY-II.NFO,23/01/2025,09:38:27,23338.8,23335,225,23338.8,300,0,4971150
NIFTY-II.NFO,23/01/2025,09:38:28,23338.55,23335.05,75,23338.95,75,225,4971150
NIFTY-II.NFO,23/01/2025,09:38:30,23335.05,23335,225,23339.95,300,75,4971150
NIFTY-II.NFO,23/01/2025,09:38:32,23335.05,23336.1,600,23341,75,0,4971150
NIFTY-II.NFO,23/01/2025,09:38:33,23341,23339.85,75,23342,150,75,4971150
NIFTY-II.NFO,23/01/2025,09:38:35,23339.85,23335.05,675,23340.95,75,150,4971150
NIFTY-II.NFO,23/01/2025,09:38:37,23339.85,23336.15,750,23342,150,0,4971150
NIFTY-II.NFO,23/01/2025,09:38:38,23335.8,23335.05,675,23340.9,150,825,4971150
NIFTY-II.NFO,23/01/2025,09:38:40,23335.8,23335.05,675,23339.6,150,0,4971150
NIFTY-II.NFO,23/01/2025,09:38:42,23335.8,23335.8,150,23339.85,75,0,4971150
NIFTY-II.NFO,23/01/2025,09:38:45,23335.8,23336.35,600,23339.85,75,0,4971150
NIFTY-II.NFO,23/01/2025,09:38:47,23336.25,23337.1,600,23339.85,75,900,4971150
NIFTY-II.NFO,23/01/2025,09:38:48,23335.95,23335.8,150,23341.9,675,1050,4971150
NIFTY-II.NFO,23/01/2025,09:38:50,23337.15,23337.55,375,23342,150,150,4971150
NIFTY-II.NFO,23/01/2025,09:38:52,23342.95,23337.65,375,23342,75,300,4971150
NIFTY-II.NFO,23/01/2025,09:38:52,23342.95,23337.65,375,23342,75,0,4971150
NIFTY-II.NFO,23/01/2025,09:38:53,23342.95,23335.8,975,23342.3,600,0,4971150
NIFTY-II.NFO,23/01/2025,09:38:55,23341.9,23335.8,150,23341,825,75,4971150
NIFTY-II.NFO,23/01/2025,09:38:57,23341.9,23337,75,23341,75,0,4971150
NIFTY-II.NFO,23/01/2025,09:38:58,23341,23337,75,23341.35,600,75,4971150
NIFTY-II.NFO,23/01/2025,09:39:00,23341,23337,75,23339.75,150,0,4971150
NIFTY-II.NFO,23/01/2025,09:39:02,23339.7,23337,150,23341.25,600,75,4971150
NIFTY-II.NFO,23/01/2025,09:39:03,23340.3,23337,225,23340.45,150,675,4971150
NIFTY-II.NFO,23/01/2025,09:39:05,23341.2,23337,225,23340.9,150,150,4971150
NIFTY-II.NFO,23/01/2025,09:39:07,23340,23339.7,375,23340,150,75,4971150
NIFTY-II.NFO,23/01/2025,09:39:08,23337,23337,150,23340,150,450,4971150
NIFTY-II.NFO,23/01/2025,09:39:10,23337,23337,75,23340,150,75,4971150
NIFTY-II.NFO,23/01/2025,09:39:12,23337,23337,75,23340,150,0,4971150
NIFTY-II.NFO,23/01/2025,09:39:13,23340,23337,225,23340,75,75,4971150
NIFTY-II.NFO,23/01/2025,09:39:15,23337,23337,75,23340,75,150,4971150
NIFTY-II.NFO,23/01/2025,09:39:17,23337,23337,375,23340,75,0,4971150
NIFTY-II.NFO,23/01/2025,09:39:22,23337,23337,375,23339.55,375,0,4971150
NIFTY-II.NFO,23/01/2025,09:39:23,23337,23337,450,23340,150,0,4971150
NIFTY-II.NFO,23/01/2025,09:39:27,23337,23337,450,23340,225,0,4971150
NIFTY-II.NFO,23/01/2025,09:39:29,23337,23337,375,23340,75,150,4971150
NIFTY-II.NFO,23/01/2025,09:39:30,23340.95,23337,375,23340,75,450,4971150
NIFTY-II.NFO,23/01/2025,09:39:32,23340.95,23337,375,23340,75,0,4971150
NIFTY-II.NFO,23/01/2025,09:39:34,23337,23337,300,23340.75,150,75,4971150
NIFTY-II.NFO,23/01/2025,09:39:35,23337,23337,300,23340,150,0,4971150
NIFTY-II.NFO,23/01/2025,09:39:39,23337,23337,375,23340,150,0,4971150
NIFTY-II.NFO,23/01/2025,09:39:45,23340,23337.1,600,23341.25,150,225,4971150
NIFTY-II.NFO,23/01/2025,09:39:47,23340,23337.95,600,23341.25,150,0,4971150
NIFTY-II.NFO,23/01/2025,09:39:49,23338.05,23338.7,750,23341.25,150,75,4971150
NIFTY-II.NFO,23/01/2025,09:39:50,23343,23339.25,600,23343,75,375,4971150
NIFTY-II.NFO,23/01/2025,09:39:50,23343,23339.25,600,23343,75,0,4971150
NIFTY-II.NFO,23/01/2025,09:39:52,23343,23339.25,600,23343,75,0,4971150
NIFTY-II.NFO,23/01/2025,09:39:54,23343,23339.4,75,23343,75,0,4971150
NIFTY-II.NFO,23/01/2025,09:39:55,23341,23337.05,75,23342.7,75,75,4971150
NIFTY-II.NFO,23/01/2025,09:39:57,23343,23338.75,600,23344.9,75,75,4977000
NIFTY-II.NFO,23/01/2025,09:39:59,23343,23344.25,75,23344.75,75,0,4977000
NIFTY-II.NFO,23/01/2025,09:40:00,23344.25,23341,75,23344,150,75,4977000
NIFTY-II.NFO,23/01/2025,09:40:00,23344.25,23341,75,23344,150,0,4977000
NIFTY-II.NFO,23/01/2025,09:40:02,23341,23338.3,750,23343.9,75,75,4977000
NIFTY-II.NFO,23/01/2025,09:40:04,23341,23338.6,600,23343.85,225,0,4977000
NIFTY-II.NFO,23/01/2025,09:40:05,23343.85,23343.8,150,23343.85,75,150,4977000
NIFTY-II.NFO,23/01/2025,09:40:07,23347,23346.9,600,23349,75,375,4977000
NIFTY-II.NFO,23/01/2025,09:40:07,23347,23346.9,600,23349,75,0,4977000
NIFTY-II.NFO,23/01/2025,09:40:09,23353,23351.6,75,23353,75,2100,4977000
NIFTY-II.NFO,23/01/2025,09:40:09,23353,23351.6,75,23353,75,0,4977000
NIFTY-II.NFO,23/01/2025,09:40:10,23353,23349.45,600,23355,150,75,4977000
NIFTY-II.NFO,23/01/2025,09:40:12,23353,23346.7,600,23353.2,150,0,4977000
NIFTY-II.NFO,23/01/2025,09:40:14,23354.95,23353,150,23355,150,75,4977000
NIFTY-II.NFO,23/01/2025,09:40:14,23354.95,23353,150,23355,150,0,4977000
NIFTY-II.NFO,23/01/2025,09:40:15,23353,23348.25,1425,23353,75,150,4977000
NIFTY-II.NFO,23/01/2025,09:40:17,23353,23347.25,75,23353.35,75,150,4977000
NIFTY-II.NFO,23/01/2025,09:40:19,23347.05,23350,300,23355,150,225,4977000
NIFTY-II.NFO,23/01/2025,09:40:20,23355,23350,525,23354.4,150,75,4977000
NIFTY-II.NFO,23/01/2025,09:40:20,23355,23350,525,23354.4,150,0,4977000
NIFTY-II.NFO,23/01/2025,09:40:22,23350,23350,450,23355,75,75,4977000
NIFTY-II.NFO,23/01/2025,09:40:24,23350,23350,450,23353.35,225,0,4977000
NIFTY-II.NFO,23/01/2025,09:40:25,23350,23350,375,23353.35,225,75,4977000
NIFTY-II.NFO,23/01/2025,09:40:27,23350,23350,375,23352.95,150,0,4977000
NIFTY-II.NFO,23/01/2025,09:40:29,23350,23353.15,225,23353.35,225,75,4977000
NIFTY-II.NFO,23/01/2025,09:40:30,23353.35,23350.55,75,23355,150,300,4977000
NIFTY-II.NFO,23/01/2025,09:40:32,23355,23355,225,23360,300,300,4977000
NIFTY-II.NFO,23/01/2025,09:40:32,23359.8,23355,225,23360,300,0,4977000
NIFTY-II.NFO,23/01/2025,09:40:34,23355,23350,75,23355,75,0,4977000
NIFTY-II.NFO,23/01/2025,09:40:35,23348.1,23348.2,600,23354.65,300,675,4977000
NIFTY-II.NFO,23/01/2025,09:40:37,23354.6,23348.75,675,23354.85,75,75,4977000
NIFTY-II.NFO,23/01/2025,09:40:39,23353.15,23350.8,600,23354.85,75,375,4977000
NIFTY-II.NFO,23/01/2025,09:40:40,23353.15,23350.8,600,23354.85,75,0,4977000
NIFTY-II.NFO,23/01/2025,09:40:42,23350.35,23350.7,600,23354.85,75,75,4977000
NIFTY-II.NFO,23/01/2025,09:40:44,23354.85,23350.4,600,23355,375,75,4977000
NIFTY-II.NFO,23/01/2025,09:40:45,23349.7,23348.95,750,23354.95,450,375,4977000
NIFTY-II.NFO,23/01/2025,09:40:47,23354.55,23348.65,75,23354.55,300,150,4977000
NIFTY-II.NFO,23/01/2025,09:40:49,23354.55,23350.4,600,23355,375,0,4977000
NIFTY-II.NFO,23/01/2025,09:40:50,23354.55,23350.35,75,23355,375,0,4977000
NIFTY-II.NFO,23/01/2025,09:40:52,23355,23354.95,75,23358.35,150,825,4977000
NIFTY-II.NFO,23/01/2025,09:40:53,23358.35,23353.2,600,23358.5,75,150,4977000
NIFTY-II.NFO,23/01/2025,09:40:55,23358.5,23353.05,75,23359.1,825,75,4977000
NIFTY-II.NFO,23/01/2025,09:40:57,23358.5,23353.75,600,23360,450,0,4977000
NIFTY-II.NFO,23/01/2025,09:40:58,23358.5,23352.85,600,23359.75,600,0,4977000
NIFTY-II.NFO,23/01/2025,09:41:00,23353.8,23353.85,675,23360,450,225,4977000
NIFTY-II.NFO,23/01/2025,09:41:00,23359.95,23353.85,675,23360,450,0,4977000
NIFTY-II.NFO,23/01/2025,09:41:02,23358.4,23353.05,750,23358.5,75,225,4977000
NIFTY-II.NFO,23/01/2025,09:41:03,23360.2,23354.55,75,23359.05,75,1875,4977000
NIFTY-II.NFO,23/01/2025,09:41:03,23360.2,23354.55,75,23359.05,75,0,4977000
NIFTY-II.NFO,23/01/2025,09:41:05,23360.2,23355,75,23358.65,75,0,4977000
NIFTY-II.NFO,23/01/2025,09:41:07,23358.1,23355,75,23358.5,75,75,4977000
NIFTY-II.NFO,23/01/2025,09:41:08,23358.6,23354.55,75,23357.45,225,225,4977000
NIFTY-II.NFO,23/01/2025,09:41:10,23357.8,23354.55,75,23359.45,525,75,4977000
NIFTY-II.NFO,23/01/2025,09:41:12,23353.05,23352.6,1350,23358.9,75,150,4977000
NIFTY-II.NFO,23/01/2025,09:41:13,23360.05,23354.3,75,23360.35,375,825,4977000
NIFTY-II.NFO,23/01/2025,09:41:15,23360.05,23354.25,75,23359,75,0,4977000
NIFTY-II.NFO,23/01/2025,09:41:17,23359,23354.3,75,23360.6,150,75,4977000
NIFTY-II.NFO,23/01/2025,09:41:18,23353.2,23353.2,675,23359.35,375,150,4977000
NIFTY-II.NFO,23/01/2025,09:41:20,23353.2,23353.05,1500,23357.8,150,0,4977000
NIFTY-II.NFO,23/01/2025,09:41:22,23357.8,23353.75,675,23357.8,75,75,4977000
NIFTY-II.NFO,23/01/2025,09:41:23,23357.8,23355.05,600,23357.8,75,0,4977000
NIFTY-II.NFO,23/01/2025,09:41:25,23360.05,23360.05,150,23360.45,375,525,4977000
NIFTY-II.NFO,23/01/2025,09:41:25,23361.7,23360.05,150,23360.45,375,0,4977000
NIFTY-II.NFO,23/01/2025,09:41:27,23354.95,23354.75,75,23360.05,225,600,4977000
NIFTY-II.NFO,23/01/2025,09:41:28,23360.05,23354.75,75,23360.05,150,150,4977000
NIFTY-II.NFO,23/01/2025,09:41:30,23360.05,23354.75,75,23360.05,75,75,4977000
NIFTY-II.NFO,23/01/2025,09:41:32,23360.05,23354.75,75,23360,75,0,4977000
NIFTY-II.NFO,23/01/2025,09:41:33,23360.05,23354.75,75,23359.8,300,0,4977000
NIFTY-II.NFO,23/01/2025,09:41:35,23360,23354.15,75,23360.05,600,75,4977000
NIFTY-II.NFO,23/01/2025,09:41:37,23360,23354.15,75,23359.25,375,0,4977000
NIFTY-II.NFO,23/01/2025,09:41:39,23360,23353.3,75,23357.8,300,0,4977000
NIFTY-II.NFO,23/01/2025,09:41:40,23360,23351.5,75,23356.45,75,0,4977000
NIFTY-II.NFO,23/01/2025,09:41:42,23360,23351.65,750,23355.65,75,0,4977000
NIFTY-II.NFO,23/01/2025,09:41:44,23360,23352.25,750,23356.5,75,0,4977000
NIFTY-II.NFO,23/01/2025,09:41:45,23352.45,23352.05,75,23352.25,75,525,4977000
NIFTY-II.NFO,23/01/2025,09:41:47,23352.25,23351.2,75,23356.2,375,75,4977000
NIFTY-II.NFO,23/01/2025,09:41:49,23352.25,23350.85,75,23355.8,300,0,4977000
NIFTY-II.NFO,23/01/2025,09:41:50,23352.25,23350.55,75,23353.1,75,0,4977000
NIFTY-II.NFO,23/01/2025,09:41:52,23352.25,23350.35,75,23353.1,75,0,4977000
NIFTY-II.NFO,23/01/2025,09:41:54,23352.25,23350.4,600,23353.1,75,0,4977000
NIFTY-II.NFO,23/01/2025,09:41:55,23352.25,23350.95,600,23353.1,75,0,4977000
NIFTY-II.NFO,23/01/2025,09:41:57,23351.15,23351.1,75,23353.1,75,75,4977000
NIFTY-II.NFO,23/01/2025,09:41:59,23353.1,23350.6,600,23354.95,75,75,4977000
NIFTY-II.NFO,23/01/2025,09:42:00,23353.1,23350.6,600,23354.9,75,0,4977000
NIFTY-II.NFO,23/01/2025,09:42:02,23353.1,23350.7,75,23356.95,75,0,4977000
NIFTY-II.NFO,23/01/2025,09:42:05,23353.1,23350.35,75,23354.6,150,0,4977000
NIFTY-II.NFO,23/01/2025,09:42:07,23353.1,23350.35,75,23355.4,75,0,4977000
NIFTY-II.NFO,23/01/2025,09:42:09,23356,23350.35,75,23356.15,375,75,4977000
NIFTY-II.NFO,23/01/2025,09:42:10,23356,23350.5,600,23354.85,75,0,4977000
NIFTY-II.NFO,23/01/2025,09:42:12,23354.85,23350.65,825,23356.95,150,150,4977000
NIFTY-II.NFO,23/01/2025,09:42:14,23354.85,23350.85,600,23357,75,0,4977000
NIFTY-II.NFO,23/01/2025,09:42:15,23354.85,23353.5,600,23358.95,150,0,4977000
NIFTY-II.NFO,23/01/2025,09:42:17,23354.85,23351.4,675,23356.4,75,0,4977000
NIFTY-II.NFO,23/01/2025,09:42:19,23354.85,23351.3,600,23356.4,75,0,4977000
NIFTY-II.NFO,23/01/2025,09:42:20,23357.35,23351.3,600,23357.35,150,75,4977000
NIFTY-II.NFO,23/01/2025,09:42:22,23357.35,23350.55,750,23354.35,75,0,4977000
NIFTY-II.NFO,23/01/2025,09:42:23,23350.55,23350.4,600,23356.55,300,75,4977000
NIFTY-II.NFO,23/01/2025,09:42:25,23350.4,23351.35,600,23356.95,375,75,4977000
NIFTY-II.NFO,23/01/2025,09:42:27,23350.4,23355,75,23356.6,300,0,4977000
NIFTY-II.NFO,23/01/2025,09:42:28,23355,23351.35,1350,23356.35,75,75,4977000
NIFTY-II.NFO,23/01/2025,09:42:30,23355,23351.35,750,23356.35,75,0,4977000
NIFTY-II.NFO,23/01/2025,09:42:32,23351.35,23351.9,75,23356.3,75,225,4977000
NIFTY-II.NFO,23/01/2025,09:42:33,23356.3,23351.55,600,23355.95,75,75,4977000
NIFTY-II.NFO,23/01/2025,09:42:35,23356.3,23352.05,600,23355,150,0,4977000
NIFTY-II.NFO,23/01/2025,09:42:37,23355,23352.55,1350,23355,75,75,4977000
NIFTY-II.NFO,23/01/2025,09:42:38,23355,23352.25,1125,23355,75,0,4977000
NIFTY-II.NFO,23/01/2025,09:42:40,23355,23352.3,750,23355,75,0,4977000
NIFTY-II.NFO,23/01/2025,09:42:42,23357.5,23352.3,750,23357.8,300,375,4977000
NIFTY-II.NFO,23/01/2025,09:42:43,23352,23352,600,23356.7,225,150,4977000
NIFTY-II.NFO,23/01/2025,09:42:45,23355,23352.4,75,23356.55,225,150,4977000
NIFTY-II.NFO,23/01/2025,09:42:47,23355,23351,150,23355.35,225,0,4977000
NIFTY-II.NFO,23/01/2025,09:42:48,23351.1,23352.1,675,23357.55,600,75,4977000
NIFTY-II.NFO,23/01/2025,09:42:50,23352.15,23352.15,600,23356.95,75,75,4977000
NIFTY-II.NFO,23/01/2025,09:42:52,23352.15,23352.2,600,23356.95,75,0,4977000
NIFTY-II.NFO,23/01/2025,09:42:53,23352.15,23353.15,600,23357.05,75,0,4977000
NIFTY-II.NFO,23/01/2025,09:42:55,23352.15,23356.55,75,23357.45,75,0,4977000
NIFTY-II.NFO,23/01/2025,09:42:57,23357.45,23356.55,75,23358,75,75,4977000
NIFTY-II.NFO,23/01/2025,09:42:58,23352.6,23352.55,75,23358,75,225,4981875
NIFTY-II.NFO,23/01/2025,09:43:00,23357.95,23351,150,23356.8,450,75,4981875
NIFTY-II.NFO,23/01/2025,09:43:02,23351.15,23351.2,600,23355.6,75,75,4981875
NIFTY-II.NFO,23/01/2025,09:43:03,23351.15,23351.2,675,23357.95,75,0,4981875
NIFTY-II.NFO,23/01/2025,09:43:05,23351.15,23352.45,150,23355,75,0,4981875
NIFTY-II.NFO,23/01/2025,09:43:06,23354.6,23352.55,825,23358,75,150,4981875
NIFTY-II.NFO,23/01/2025,09:43:08,23354.6,23352.2,675,23358,75,0,4981875
NIFTY-II.NFO,23/01/2025,09:43:10,23354.6,23353.4,675,23358,75,0,4981875
NIFTY-II.NFO,23/01/2025,09:43:11,23358.9,23353.5,675,23359,300,150,4981875
NIFTY-II.NFO,23/01/2025,09:43:13,23351.85,23352.2,750,23358,75,2925,4981875
NIFTY-II.NFO,23/01/2025,09:43:15,23351.85,23352.5,600,23358,75,0,4981875
NIFTY-II.NFO,23/01/2025,09:43:20,23351.85,23353.6,600,23358,75,0,4981875
NIFTY-II.NFO,23/01/2025,09:43:21,23353.7,23353.85,525,23358,75,75,4981875
NIFTY-II.NFO,23/01/2025,09:43:23,23352.75,23354.7,150,23358,75,2100,4981875
NIFTY-II.NFO,23/01/2025,09:43:25,23352.75,23357.95,75,23358,75,0,4981875
NIFTY-II.NFO,23/01/2025,09:43:26,23359,23353.7,75,23357.95,225,225,4981875
NIFTY-II.NFO,23/01/2025,09:43:28,23359,23353.7,75,23357.95,225,0,4981875
NIFTY-II.NFO,23/01/2025,09:43:30,23359,23353.75,75,23357.95,225,0,4981875
NIFTY-II.NFO,23/01/2025,09:43:31,23357.95,23357.85,150,23359,150,2475,4981875
NIFTY-II.NFO,23/01/2025,09:43:33,23357.95,23358,75,23359,150,0,4981875
NIFTY-II.NFO,23/01/2025,09:43:35,23359,23354.7,75,23359,75,75,4981875
NIFTY-II.NFO,23/01/2025,09:43:36,23359,23354.7,75,23359,75,0,4981875
NIFTY-II.NFO,23/01/2025,09:43:38,23359.2,23354.7,75,23359.85,600,150,4981875
NIFTY-II.NFO,23/01/2025,09:43:40,23359.2,23354.7,75,23359.85,600,0,4981875
NIFTY-II.NFO,23/01/2025,09:43:41,23359.2,23359,75,23359.85,600,0,4981875
NIFTY-II.NFO,23/01/2025,09:43:43,23359.85,23358,75,23358.95,600,150,4981875
NIFTY-II.NFO,23/01/2025,09:43:45,23358.85,23354.05,75,23358.9,300,1500,4981875
NIFTY-II.NFO,23/01/2025,09:43:46,23358.85,23353.2,75,23358.9,300,0,4981875
NIFTY-II.NFO,23/01/2025,09:43:48,23352.15,23352.3,75,23358.55,750,150,4981875
NIFTY-II.NFO,23/01/2025,09:43:50,23358.45,23354.15,75,23358.45,600,75,4981875
NIFTY-II.NFO,23/01/2025,09:43:51,23358.45,23354.2,150,23358.4,150,0,4981875
NIFTY-II.NFO,23/01/2025,09:43:53,23358.4,23358,300,23358.85,75,150,4981875
NIFTY-II.NFO,23/01/2025,09:43:55,23352.8,23357.7,75,23358,75,1800,4981875
NIFTY-II.NFO,23/01/2025,09:43:57,23353.05,23357.8,75,23358,75,300,4981875
NIFTY-II.NFO,23/01/2025,09:43:58,23358.8,23353.95,75,23358.85,75,225,4981875
NIFTY-II.NFO,23/01/2025,09:44:00,23358.8,23353.8,75,23358.85,75,0,4981875
NIFTY-II.NFO,23/01/2025,09:44:02,23358.8,23353.8,75,23358.8,600,0,4981875
NIFTY-II.NFO,23/01/2025,09:44:03,23353.8,23358,75,23358.85,75,75,4981875
NIFTY-II.NFO,23/01/2025,09:44:05,23358,23354.75,75,23358.8,600,75,4981875
NIFTY-II.NFO,23/01/2025,09:44:07,23358,23355.8,75,23358.85,75,0,4981875
NIFTY-II.NFO,23/01/2025,09:44:08,23355.8,23354.35,75,23358.8,750,75,4981875
NIFTY-II.NFO,23/01/2025,09:44:10,23358.8,23354.4,75,23358.8,75,75,4981875
NIFTY-II.NFO,23/01/2025,09:44:11,23358.8,23354.45,75,23358,75,0,4981875
NIFTY-II.NFO,23/01/2025,09:44:13,23358.8,23354.35,75,23358.85,75,150,4981875
NIFTY-II.NFO,23/01/2025,09:44:15,23358.8,23354.4,75,23358,75,0,4981875
NIFTY-II.NFO,23/01/2025,09:44:18,23358.8,23354.45,75,23358,75,0,4981875
NIFTY-II.NFO,23/01/2025,09:44:20,23357.55,23357.7,75,23358,75,75,4981875
NIFTY-II.NFO,23/01/2025,09:44:21,23359.85,23354.7,75,23359.85,600,2025,4981875
NIFTY-II.NFO,23/01/2025,09:44:23,23353.6,23354.9,75,23359.9,75,1050,4981875
NIFTY-II.NFO,23/01/2025,09:44:25,23353.6,23354,150,23357.55,75,0,4981875
NIFTY-II.NFO,23/01/2025,09:44:26,23357.55,23354.2,75,23359.9,75,75,4981875
NIFTY-II.NFO,23/01/2025,09:44:28,23356.7,23356.7,75,23359.9,75,150,4981875
NIFTY-II.NFO,23/01/2025,09:44:30,23353.7,23353.4,75,23358,75,75,4981875
NIFTY-II.NFO,23/01/2025,09:44:31,23358,23358.5,75,23359.9,75,150,4981875
NIFTY-II.NFO,23/01/2025,09:44:33,23358,23358.65,150,23359,150,0,4981875
NIFTY-II.NFO,23/01/2025,09:44:35,23359,23358.8,225,23359,75,75,4981875
NIFTY-II.NFO,23/01/2025,09:44:36,23361,23361.8,75,23362,150,3825,4981875
NIFTY-II.NFO,23/01/2025,09:44:38,23362,23362.25,75,23363,225,300,4981875
NIFTY-II.NFO,23/01/2025,09:44:38,23362,23362.25,75,23363,225,0,4981875
NIFTY-II.NFO,23/01/2025,09:44:40,23364,23358.35,75,23364.75,150,525,4981875
NIFTY-II.NFO,23/01/2025,09:44:40,23364,23358.35,75,23364.75,150,0,4981875
NIFTY-II.NFO,23/01/2025,09:44:41,23364,23357.6,75,23363.55,150,0,4981875
NIFTY-II.NFO,23/01/2025,09:44:43,23364,23357.6,75,23364.55,600,0,4981875
NIFTY-II.NFO,23/01/2025,09:44:45,23364,23365.4,75,23366,75,0,4981875
NIFTY-II.NFO,23/01/2025,09:44:46,23364,23360,75,23365,150,0,4981875
NIFTY-II.NFO,23/01/2025,09:44:48,23364.95,23360.85,75,23366,75,150,4981875
NIFTY-II.NFO,23/01/2025,09:44:48,23364.95,23360.85,75,23366,75,0,4981875
NIFTY-II.NFO,23/01/2025,09:44:50,23365.7,23360.2,75,23366,75,150,4981875
NIFTY-II.NFO,23/01/2025,09:44:50,23365.7,23360.2,75,23366,75,0,4981875
NIFTY-II.NFO,23/01/2025,09:44:51,23375.4,23368.45,75,23374.7,150,5400,4981875
NIFTY-II.NFO,23/01/2025,09:44:51,23375.4,23368.45,75,23374.7,150,0,4981875
NIFTY-II.NFO,23/01/2025,09:44:53,23375.4,23369.25,600,23376,300,0,4981875
NIFTY-II.NFO,23/01/2025,09:44:55,23374,23368.4,225,23374,75,75,4981875
NIFTY-II.NFO,23/01/2025,09:44:56,23368.4,23367.4,600,23375.6,150,75,4981875
NIFTY-II.NFO,23/01/2025,09:44:58,23368.4,23365.35,75,23373.55,150,0,4981875
NIFTY-II.NFO,23/01/2025,09:45:00,23373.55,23368.4,75,23372.55,150,75,4981875
NIFTY-II.NFO,23/01/2025,09:45:01,23370,23368.4,75,23371.85,150,225,4981875
NIFTY-II.NFO,23/01/2025,09:45:03,23370,23368.4,75,23370.9,150,0,4981875
NIFTY-II.NFO,23/01/2025,09:45:05,23370,23368.4,75,23370.5,225,0,4981875
NIFTY-II.NFO,23/01/2025,09:45:06,23368.35,23362.5,150,23368.35,525,2475,4981875
NIFTY-II.NFO,23/01/2025,09:45:08,23368.25,23360.8,225,23367.45,450,75,4981875
NIFTY-II.NFO,23/01/2025,09:45:10,23367.35,23365.4,75,23367.35,150,225,4981875
NIFTY-II.NFO,23/01/2025,09:45:11,23365,23361,225,23365.35,150,225,4981875
NIFTY-II.NFO,23/01/2025,09:45:13,23359.95,23359.05,75,23363.7,225,1350,4981875
NIFTY-II.NFO,23/01/2025,09:45:15,23363.65,23360.9,150,23368.15,375,150,4981875
NIFTY-II.NFO,23/01/2025,09:45:16,23363.65,23361.25,225,23368.75,225,0,4981875
NIFTY-II.NFO,23/01/2025,09:45:18,23368.75,23360.9,150,23368.3,75,75,4981875
NIFTY-II.NFO,23/01/2025,09:45:20,23360.9,23361.6,150,23368.75,75,75,4981875
NIFTY-II.NFO,23/01/2025,09:45:21,23368.75,23361.2,150,23368.8,150,75,4981875
NIFTY-II.NFO,23/01/2025,09:45:23,23368.75,23362.85,150,23369.75,150,0,4981875
NIFTY-II.NFO,23/01/2025,09:45:25,23368.75,23363.95,375,23368.85,150,0,4981875
NIFTY-II.NFO,23/01/2025,09:45:26,23363.7,23364.05,150,23368.8,75,75,4981875
NIFTY-II.NFO,23/01/2025,09:45:28,23363.7,23363.35,150,23368.95,75,0,4981875
NIFTY-II.NFO,23/01/2025,09:45:30,23363.7,23363.5,150,23369.95,225,0,4981875
NIFTY-II.NFO,23/01/2025,09:45:31,23363.7,23368,75,23370,75,0,4981875
NIFTY-II.NFO,23/01/2025,09:45:33,23363.7,23368,150,23370,75,0,4981875
NIFTY-II.NFO,23/01/2025,09:45:35,23366.5,23366.3,75,23369.25,75,450,4981875
NIFTY-II.NFO,23/01/2025,09:45:36,23366.5,23364.2,150,23369.3,75,0,4981875
NIFTY-II.NFO,23/01/2025,09:45:38,23366.5,23365.25,150,23370,75,0,4981875
NIFTY-II.NFO,23/01/2025,09:45:40,23368,23365.6,150,23366.5,75,75,4981875
NIFTY-II.NFO,23/01/2025,09:45:41,23369,23369.4,75,23370,75,150,4981875
NIFTY-II.NFO,23/01/2025,09:45:43,23369,23369.5,75,23370,75,0,4981875
NIFTY-II.NFO,23/01/2025,09:45:45,23370,23370.45,75,23374.7,600,2175,4981875
NIFTY-II.NFO,23/01/2025,09:45:46,23373.3,23367.3,600,23373.35,150,75,4981875
NIFTY-II.NFO,23/01/2025,09:45:48,23373.45,23366.6,600,23373.45,600,75,4981875
NIFTY-II.NFO,23/01/2025,09:45:50,23373.85,23366.8,600,23373.7,450,75,4981875
NIFTY-II.NFO,23/01/2025,09:45:51,23366.6,23366.5,600,23373.6,525,75,4981875
NIFTY-II.NFO,23/01/2025,09:45:53,23365.95,23366.05,450,23372.45,525,75,4981875
NIFTY-II.NFO,23/01/2025,09:45:55,23365.95,23367.1,600,23373,75,0,4981875
NIFTY-II.NFO,23/01/2025,09:45:56,23365.95,23366.15,600,23372.95,750,0,4981875
NIFTY-II.NFO,23/01/2025,09:45:58,23365.95,23366,75,23372.35,600,0,4981875
NIFTY-II.NFO,23/01/2025,09:46:00,23365.95,23366.45,75,23371,525,0,4981875
NIFTY-II.NFO,23/01/2025,09:46:01,23366.45,23366,75,23370.9,150,450,5003700
NIFTY-II.NFO,23/01/2025,09:46:03,23366.25,23367.15,75,23369.95,150,75,5003700
NIFTY-II.NFO,23/01/2025,09:46:05,23366.25,23366,75,23370.95,150,0,5003700
NIFTY-II.NFO,23/01/2025,09:46:06,23370.8,23366,75,23371,75,150,5003700
NIFTY-II.NFO,23/01/2025,09:46:08,23370.8,23366,75,23370.9,75,0,5003700
NIFTY-II.NFO,23/01/2025,09:46:10,23370.8,23366,75,23370,75,0,5003700
NIFTY-II.NFO,23/01/2025,09:46:11,23370.8,23366.15,150,23370,75,0,5003700
NIFTY-II.NFO,23/01/2025,09:46:13,23370,23366,75,23369.95,75,75,5003700
NIFTY-II.NFO,23/01/2025,09:46:15,23369.95,23366.2,150,23369.95,75,75,5003700
NIFTY-II.NFO,23/01/2025,09:46:16,23366.1,23368.7,75,23369.2,75,150,5003700
NIFTY-II.NFO,23/01/2025,09:46:18,23366.1,23366,75,23370,150,0,5003700
NIFTY-II.NFO,23/01/2025,09:46:20,23366.1,23366,75,23369.9,75,0,5003700
NIFTY-II.NFO,23/01/2025,09:46:21,23366.15,23366.15,150,23369.9,75,75,5003700
NIFTY-II.NFO,23/01/2025,09:46:23,23366.15,23366,75,23369.95,75,0,5003700
NIFTY-II.NFO,23/01/2025,09:46:25,23366,23365.3,75,23369.45,75,75,5003700
NIFTY-II.NFO,23/01/2025,09:46:26,23366,23365.1,150,23369.45,75,0,5003700
NIFTY-II.NFO,23/01/2025,09:46:28,23369.4,23365,75,23369.4,75,75,5003700
NIFTY-II.NFO,23/01/2025,09:46:30,23364.4,23366.3,75,23369.45,150,150,5003700
NIFTY-II.NFO,23/01/2025,09:46:31,23364.4,23366.2,75,23369.25,75,0,5003700
NIFTY-II.NFO,23/01/2025,09:46:33,23369.25,23366.1,150,23369.9,300,75,5003700
NIFTY-II.NFO,23/01/2025,09:46:35,23369.25,23363.7,75,23369.85,225,0,5003700
NIFTY-II.NFO,23/01/2025,09:46:36,23363.7,23358.9,225,23362.95,75,75,5003700
NIFTY-II.NFO,23/01/2025,09:46:38,23363.7,23359.8,225,23363.95,75,0,5003700
NIFTY-II.NFO,23/01/2025,09:46:40,23365.25,23359,225,23362.95,75,225,5003700
NIFTY-II.NFO,23/01/2025,09:46:41,23359,23361.8,75,23365.6,75,150,5003700
NIFTY-II.NFO,23/01/2025,09:46:43,23359,23358.7,375,23363.95,75,0,5003700
NIFTY-II.NFO,23/01/2025,09:46:45,23359,23363.7,75,23365.95,75,0,5003700
NIFTY-II.NFO,23/01/2025,09:46:46,23359,23363.7,75,23366.05,75,0,5003700
NIFTY-II.NFO,23/01/2025,09:46:48,23360.05,23360.05,1200,23364.5,75,300,5003700
NIFTY-II.NFO,23/01/2025,09:46:50,23364.35,23364.35,225,23366.1,75,300,5003700
NIFTY-II.NFO,23/01/2025,09:46:51,23364.1,23360.45,600,23364.35,75,150,5003700
NIFTY-II.NFO,23/01/2025,09:46:53,23364.35,23364.8,225,23366.1,75,75,5003700
NIFTY-II.NFO,23/01/2025,09:46:55,23364.35,23361,600,23366.1,75,0,5003700
NIFTY-II.NFO,23/01/2025,09:46:56,23365.65,23366,225,23366.1,75,75,5003700
NIFTY-II.NFO,23/01/2025,09:46:58,23366.1,23362.5,600,23366.95,75,75,5003700
NIFTY-II.NFO,23/01/2025,09:47:00,23362.8,23363.75,375,23369.7,75,1800,5003700
NIFTY-II.NFO,23/01/2025,09:47:01,23369.4,23365.1,750,23369.5,225,1125,5003700
NIFTY-II.NFO,23/01/2025,09:47:03,23369.4,23369.55,225,23369.7,75,0,5003700
NIFTY-II.NFO,23/01/2025,09:47:05,23369.7,23364.25,150,23370,225,150,5003700
NIFTY-II.NFO,23/01/2025,09:47:06,23365,23364.3,750,23370,225,75,5003700
NIFTY-II.NFO,23/01/2025,09:47:08,23365,23363.45,75,23369.95,150,0,5003700
NIFTY-II.NFO,23/01/2025,09:47:10,23365,23362.6,150,23367.95,75,0,5003700
NIFTY-II.NFO,23/01/2025,09:47:11,23368.4,23361.25,75,23366.95,75,75,5003700
NIFTY-II.NFO,23/01/2025,09:47:13,23368.4,23359.75,75,23365.95,75,0,5003700
NIFTY-II.NFO,23/01/2025,09:47:15,23365.9,23359.9,150,23364.95,75,150,5003700
NIFTY-II.NFO,23/01/2025,09:47:16,23365.9,23360.1,150,23364.95,75,0,5003700
NIFTY-II.NFO,23/01/2025,09:47:18,23365.9,23360.2,150,23365.95,75,0,5003700
NIFTY-II.NFO,23/01/2025,09:47:20,23365.9,23362.45,150,23365.9,75,0,5003700
NIFTY-II.NFO,23/01/2025,09:47:21,23365.9,23365.65,225,23365.9,75,0,5003700
NIFTY-II.NFO,23/01/2025,09:47:23,23360.3,23362.55,225,23365.95,75,2700,5003700
NIFTY-II.NFO,23/01/2025,09:47:25,23360.3,23362.15,75,23365.95,75,0,5003700
NIFTY-II.NFO,23/01/2025,09:47:26,23360.3,23361.6,375,23367,75,0,5003700
NIFTY-II.NFO,23/01/2025,09:47:28,23366.85,23362.25,375,23368,75,75,5003700
NIFTY-II.NFO,23/01/2025,09:47:30,23366.85,23362.5,375,23368,75,0,5003700
NIFTY-II.NFO,23/01/2025,09:47:31,23362.65,23365.95,75,23368,75,75,5003700
NIFTY-II.NFO,23/01/2025,09:47:33,23362.65,23365.95,75,23368,75,0,5003700
NIFTY-II.NFO,23/01/2025,09:47:35,23362.3,23362.75,675,23368,75,2250,5003700
NIFTY-II.NFO,23/01/2025,09:47:36,23368.4,23364.8,375,23370,225,150,5003700
NIFTY-II.NFO,23/01/2025,09:47:38,23368.4,23365.8,75,23370,225,0,5003700
NIFTY-II.NFO,23/01/2025,09:47:39,23370.95,23371.15,75,23373,75,300,5003700
NIFTY-II.NFO,23/01/2025,09:47:41,23364.1,23369.35,75,23371.15,300,1425,5003700
NIFTY-II.NFO,23/01/2025,09:47:43,23364.1,23369.5,75,23371.15,300,0,5003700
NIFTY-II.NFO,23/01/2025,09:47:44,23365.85,23370.85,75,23371.15,300,150,5003700
NIFTY-II.NFO,23/01/2025,09:47:46,23370.75,23370.8,75,23371.15,150,150,5003700
NIFTY-II.NFO,23/01/2025,09:47:48,23370.75,23370.85,75,23371.15,150,0,5003700
NIFTY-II.NFO,23/01/2025,09:47:49,23366.3,23366.55,375,23374,300,2775,5003700
NIFTY-II.NFO,23/01/2025,09:47:51,23366.3,23370.75,75,23373,75,0,5003700
NIFTY-II.NFO,23/01/2025,09:47:53,23366.3,23370.75,75,23373.9,600,0,5003700
NIFTY-II.NFO,23/01/2025,09:47:54,23370.75,23368,75,23373.6,675,75,5003700
NIFTY-II.NFO,23/01/2025,09:47:56,23370.75,23368.4,300,23374,300,0,5003700
NIFTY-II.NFO,23/01/2025,09:47:58,23368.5,23368.4,225,23373.95,150,75,5003700
NIFTY-II.NFO,23/01/2025,09:47:59,23368.5,23369.75,150,23374,300,0,5003700
NIFTY-II.NFO,23/01/2025,09:48:01,23368.25,23368.1,375,23373.9,75,150,5003700
NIFTY-II.NFO,23/01/2025,09:48:03,23373.9,23368.15,75,23373.95,600,75,5003700
NIFTY-II.NFO,23/01/2025,09:48:04,23373.9,23373.35,75,23374,300,150,5003700
NIFTY-II.NFO,23/01/2025,09:48:06,23373.9,23373.9,150,23374,300,150,5003700
NIFTY-II.NFO,23/01/2025,09:48:08,23373.95,23373.9,150,23374,300,75,5003700
NIFTY-II.NFO,23/01/2025,09:48:09,23374,23374.5,75,23375,300,300,5003700
NIFTY-II.NFO,23/01/2025,09:48:11,23374.5,23373.9,150,23374.95,600,75,5003700
NIFTY-II.NFO,23/01/2025,09:48:12,23374.95,23373.9,150,23375,300,75,5003700
NIFTY-II.NFO,23/01/2025,09:48:14,23374.95,23374,75,23375,300,0,5003700
NIFTY-II.NFO,23/01/2025,09:48:16,23375,23374.95,75,23375,150,150,5003700
NIFTY-II.NFO,23/01/2025,09:48:18,23375.5,23375,150,23376,225,300,5003700
NIFTY-II.NFO,23/01/2025,09:48:18,23376,23375,150,23376,225,0,5003700
NIFTY-II.NFO,23/01/2025,09:48:19,23377.95,23375,150,23377.95,525,900,5003700
NIFTY-II.NFO,23/01/2025,09:48:19,23377.95,23375,150,23377.95,525,0,5003700
NIFTY-II.NFO,23/01/2025,09:48:21,23377.95,23375,225,23377.95,450,150,5003700
NIFTY-II.NFO,23/01/2025,09:48:22,23374,23373.95,150,23377.95,450,1050,5003700
NIFTY-II.NFO,23/01/2025,09:48:24,23374,23373.9,150,23378,150,0,5003700
NIFTY-II.NFO,23/01/2025,09:48:26,23374,23377.7,75,23378,150,0,5003700
NIFTY-II.NFO,23/01/2025,09:48:27,23379,23379.9,75,23380,450,300,5003700
NIFTY-II.NFO,23/01/2025,09:48:27,23379,23379.9,75,23380,450,0,5003700
NIFTY-II.NFO,23/01/2025,09:48:29,23381.95,23376.2,525,23381.95,375,525,5003700
NIFTY-II.NFO,23/01/2025,09:48:29,23381.95,23376.2,525,23381.95,375,0,5003700
NIFTY-II.NFO,23/01/2025,09:48:31,23381.95,23380,75,23381.4,225,150,5003700
NIFTY-II.NFO,23/01/2025,09:48:32,23381.3,23380,75,23380.8,75,150,5003700
NIFTY-II.NFO,23/01/2025,09:48:34,23380,23380.65,75,23382,300,150,5003700
NIFTY-II.NFO,23/01/2025,09:48:36,23380,23375.5,375,23381.9,150,0,5003700
NIFTY-II.NFO,23/01/2025,09:48:37,23380,23376.1,525,23381.95,150,0,5003700
NIFTY-II.NFO,23/01/2025,09:48:39,23380,23380.7,75,23380.95,75,0,5003700
NIFTY-II.NFO,23/01/2025,09:48:41,23380,23376,375,23380.95,75,0,5003700
NIFTY-II.NFO,23/01/2025,09:48:42,23376.2,23380,150,23381.95,75,75,5003700
NIFTY-II.NFO,23/01/2025,09:48:44,23376.2,23380,150,23381.95,75,0,5003700
NIFTY-II.NFO,23/01/2025,09:48:46,23381.95,23380,150,23382,300,75,5003700
NIFTY-II.NFO,23/01/2025,09:48:47,23382,23380,150,23381.95,225,75,5003700
NIFTY-II.NFO,23/01/2025,09:48:47,23382,23380,150,23381.95,225,0,5003700
NIFTY-II.NFO,23/01/2025,09:48:49,23382,23380,150,23381.65,225,0,5003700
NIFTY-II.NFO,23/01/2025,09:48:51,23380,23377,150,23381.65,75,1125,5003700
NIFTY-II.NFO,23/01/2025,09:48:52,23380,23377,150,23381.9,150,0,5003700
NIFTY-II.NFO,23/01/2025,09:48:54,23376.8,23375.2,75,23381.6,75,300,5003700
NIFTY-II.NFO,23/01/2025,09:48:56,23381.65,23375.2,75,23381.65,75,150,5003700
NIFTY-II.NFO,23/01/2025,09:48:57,23381.65,23375,75,23378.95,75,0,5003700
NIFTY-II.NFO,23/01/2025,09:48:59,23375,23373.85,75,23377.95,75,75,5017875
NIFTY-II.NFO,23/01/2025,09:49:01,23375,23373.85,75,23377.95,75,0,5017875
NIFTY-II.NFO,23/01/2025,09:49:02,23375,23375,75,23377.95,75,0,5017875
NIFTY-II.NFO,23/01/2025,09:49:04,23375,23375,75,23378.8,225,0,5017875
NIFTY-II.NFO,23/01/2025,09:49:06,23375,23375,75,23378.8,75,0,5017875
NIFTY-II.NFO,23/01/2025,09:49:07,23375,23375,75,23378.95,75,0,5017875
NIFTY-II.NFO,23/01/2025,09:49:11,23375,23373.45,75,23377.95,75,75,5017875
NIFTY-II.NFO,23/01/2025,09:49:12,23378.95,23374.2,75,23379.9,600,2925,5017875
NIFTY-II.NFO,23/01/2025,09:49:14,23378.95,23373.65,75,23378.95,75,0,5017875
NIFTY-II.NFO,23/01/2025,09:49:16,23378.95,23372.95,150,23377.95,75,0,5017875
NIFTY-II.NFO,23/01/2025,09:49:17,23378.95,23375,75,23379.8,750,0,5017875
NIFTY-II.NFO,23/01/2025,09:49:19,23378.95,23375,75,23379.7,600,0,5017875
NIFTY-II.NFO,23/01/2025,09:49:21,23378,23378.1,150,23381,600,75,5017875
NIFTY-II.NFO,23/01/2025,09:49:22,23372.2,23373.2,75,23378.95,525,2175,5017875
NIFTY-II.NFO,23/01/2025,09:49:24,23372.2,23373.2,75,23378.95,675,0,5017875
NIFTY-II.NFO,23/01/2025,09:49:26,23372.2,23373.2,75,23378.95,750,0,5017875
NIFTY-II.NFO,23/01/2025,09:49:27,23378.95,23373.2,75,23377.95,75,75,5017875
NIFTY-II.NFO,23/01/2025,09:49:29,23378.95,23372.95,75,23377.95,75,0,5017875
NIFTY-II.NFO,23/01/2025,09:49:30,23376.95,23372.95,75,23376.95,75,75,5017875
NIFTY-II.NFO,23/01/2025,09:49:32,23376.95,23377,225,23378.75,600,150,5017875
NIFTY-II.NFO,23/01/2025,09:49:34,23376.95,23377,225,23378.95,600,0,5017875
NIFTY-II.NFO,23/01/2025,09:49:35,23378.95,23376.95,75,23378.95,525,150,5017875
NIFTY-II.NFO,23/01/2025,09:49:37,23380,23380.6,75,23383.65,600,750,5017875
NIFTY-II.NFO,23/01/2025,09:49:39,23378.5,23376.95,75,23379.95,75,150,5017875
NIFTY-II.NFO,23/01/2025,09:49:40,23374.55,23378.25,75,23383.8,150,2250,5017875
NIFTY-II.NFO,23/01/2025,09:49:42,23374.55,23377.15,300,23383.7,600,0,5017875
NIFTY-II.NFO,23/01/2025,09:49:44,23374.55,23377.55,300,23383.5,600,0,5017875
NIFTY-II.NFO,23/01/2025,09:49:45,23380.95,23374.6,150,23378.95,75,825,5017875
NIFTY-II.NFO,23/01/2025,09:49:45,23383.55,23374.6,150,23378.95,75,0,5017875
NIFTY-II.NFO,23/01/2025,09:49:47,23380.95,23374.6,150,23378.95,75,0,5017875
NIFTY-II.NFO,23/01/2025,09:49:49,23374.6,23373.25,75,23377.95,75,75,5017875
NIFTY-II.NFO,23/01/2025,09:49:50,23374.6,23377.95,75,23382.1,675,0,5017875
NIFTY-II.NFO,23/01/2025,09:49:52,23373.55,23375.45,75,23381.9,600,1350,5017875
NIFTY-II.NFO,23/01/2025,09:49:54,23373.55,23376.65,300,23383.45,600,0,5017875
NIFTY-II.NFO,23/01/2025,09:49:55,23380,23381.5,75,23383.95,600,150,5017875
NIFTY-II.NFO,23/01/2025,09:49:57,23380,23383.5,75,23384,75,0,5017875
NIFTY-II.NFO,23/01/2025,09:49:59,23380,23383.5,75,23383.65,600,0,5017875
NIFTY-II.NFO,23/01/2025,09:50:00,23377.1,23378.1,150,23383.95,75,1950,5017875
NIFTY-II.NFO,23/01/2025,09:50:02,23377.1,23377.95,75,23383.95,75,0,5017875
NIFTY-II.NFO,23/01/2025,09:50:04,23377.1,23377.25,150,23382.95,75,0,5017875
NIFTY-II.NFO,23/01/2025,09:50:05,23377.1,23377.65,75,23383.95,675,0,5017875
NIFTY-II.NFO,23/01/2025,09:50:07,23377.1,23377.3,75,23383.8,600,0,5017875
NIFTY-II.NFO,23/01/2025,09:50:09,23377.1,23377.15,150,23383.8,600,0,5017875
NIFTY-II.NFO,23/01/2025,09:50:10,23381.45,23381.1,75,23383.95,600,150,5017875
NIFTY-II.NFO,23/01/2025,09:50:12,23381.45,23378.05,75,23383.75,600,0,5017875
NIFTY-II.NFO,23/01/2025,09:50:14,23381.45,23378.05,75,23383.6,675,0,5017875
NIFTY-II.NFO,23/01/2025,09:50:15,23381.45,23375.45,75,23381.4,675,0,5017875
NIFTY-II.NFO,23/01/2025,09:50:17,23379.95,23380,300,23380.9,600,150,5017875
NIFTY-II.NFO,23/01/2025,09:50:19,23372.5,23373.9,75,23379.9,675,1500,5017875
NIFTY-II.NFO,23/01/2025,09:50:20,23379.9,23373.85,75,23379.9,600,525,5017875
NIFTY-II.NFO,23/01/2025,09:50:22,23379.9,23374.5,525,23380.9,600,0,5017875
NIFTY-II.NFO,23/01/2025,09:50:24,23379.9,23373.85,75,23378.95,75,0,5017875
NIFTY-II.NFO,23/01/2025,09:50:25,23378.15,23378.5,75,23380,75,150,5017875
NIFTY-II.NFO,23/01/2025,09:50:27,23378.15,23378.95,525,23380,75,0,5017875
NIFTY-II.NFO,23/01/2025,09:50:29,23378.15,23379.75,75,23380,75,0,5017875
NIFTY-II.NFO,23/01/2025,09:50:30,23378.15,23378.95,525,23380,75,0,5017875
NIFTY-II.NFO,23/01/2025,09:50:32,23378.95,23378.95,450,23380,75,75,5017875
NIFTY-II.NFO,23/01/2025,09:50:34,23379.95,23378.95,375,23379.95,75,150,5017875
NIFTY-II.NFO,23/01/2025,09:50:35,23378.95,23378.95,150,23379.95,150,225,5017875
NIFTY-II.NFO,23/01/2025,09:50:37,23378.95,23375,75,23378.3,75,150,5017875
NIFTY-II.NFO,23/01/2025,09:50:39,23378.95,23375,75,23376.7,225,0,5017875
NIFTY-II.NFO,23/01/2025,09:50:40,23378.95,23375,225,23375.9,150,0,5017875
NIFTY-II.NFO,23/01/2025,09:50:42,23375,23372.05,75,23375.85,150,225,5017875
NIFTY-II.NFO,23/01/2025,09:50:44,23375.85,23376.3,75,23379.85,75,150,5017875
NIFTY-II.NFO,23/01/2025,09:50:45,23375.8,23375.7,75,23379.35,225,225,5017875
NIFTY-II.NFO,23/01/2025,09:50:47,23372.15,23372.45,450,23377.95,75,150,5017875
NIFTY-II.NFO,23/01/2025,09:50:49,23375,23375.65,75,23379.6,600,150,5017875
NIFTY-II.NFO,23/01/2025,09:50:50,23375,23372.1,450,23378.95,75,0,5017875
NIFTY-II.NFO,23/01/2025,09:50:52,23373.35,23373.45,375,23379.85,75,75,5017875
NIFTY-II.NFO,23/01/2025,09:50:54,23373.35,23372.45,375,23377.95,75,0,5017875
NIFTY-II.NFO,23/01/2025,09:50:55,23373.35,23375.8,75,23378.85,75,0,5017875
NIFTY-II.NFO,23/01/2025,09:50:57,23373.35,23375.8,75,23379.85,75,0,5017875
NIFTY-II.NFO,23/01/2025,09:50:59,23373.35,23375.8,75,23378.45,600,0,5017875
NIFTY-II.NFO,23/01/2025,09:51:00,23373.35,23375.8,75,23378,600,0,5017875
NIFTY-II.NFO,23/01/2025,09:51:02,23373.35,23375.8,75,23378.6,600,0,5017875
NIFTY-II.NFO,23/01/2025,09:51:04,23373.35,23375.8,75,23379.7,600,0,5017875
NIFTY-II.NFO,23/01/2025,09:51:05,23373.35,23375.8,75,23379.8,825,0,5017875
NIFTY-II.NFO,23/01/2025,09:51:07,23373.35,23375.8,75,23379.85,75,0,5017875
NIFTY-II.NFO,23/01/2025,09:51:10,23373.35,23375.8,75,23379,75,0,5017875
NIFTY-II.NFO,23/01/2025,09:51:14,23373.35,23375.8,75,23378.95,75,0,5017875
NIFTY-II.NFO,23/01/2025,09:51:15,23379,23375.8,75,23378,75,150,5017875
NIFTY-II.NFO,23/01/2025,09:51:17,23377.9,23377.95,75,23378,75,75,5017875
NIFTY-II.NFO,23/01/2025,09:51:19,23377.9,23375.8,75,23378,75,0,5017875
NIFTY-II.NFO,23/01/2025,09:51:20,23378,23378.2,75,23379.95,600,75,5017875
NIFTY-II.NFO,23/01/2025,09:51:22,23375.8,23374.05,375,23379.9,75,75,5017875
NIFTY-II.NFO,23/01/2025,09:51:24,23375.8,23374.05,375,23379.95,75,0,5017875
NIFTY-II.NFO,23/01/2025,09:51:25,23379.95,23374.05,375,23379.95,75,75,5017875
NIFTY-II.NFO,23/01/2025,09:51:27,23380,23376,75,23380,300,75,5017875
NIFTY-II.NFO,23/01/2025,09:51:29,23380,23376,75,23379.95,75,0,5017875
NIFTY-II.NFO,23/01/2025,09:51:30,23380,23376,75,23380,300,0,5017875
NIFTY-II.NFO,23/01/2025,09:51:32,23380,23376,75,23379.95,75,0,5017875
NIFTY-II.NFO,23/01/2025,09:51:34,23380,23376,75,23379.95,675,75,5017875
NIFTY-II.NFO,23/01/2025,09:51:35,23373.4,23373.4,225,23379.8,675,225,5017875
NIFTY-II.NFO,23/01/2025,09:51:37,23373.4,23373.45,225,23379.85,75,0,5017875
NIFTY-II.NFO,23/01/2025,09:51:39,23373.4,23373.4,225,23379.8,600,0,5017875
NIFTY-II.NFO,23/01/2025,09:51:40,23373.4,23373.4,225,23379.85,75,0,5017875
NIFTY-II.NFO,23/01/2025,09:51:42,23373.85,23374.4,150,23380,225,75,5017875
NIFTY-II.NFO,23/01/2025,09:51:44,23373.85,23379.65,75,23380,225,0,5017875
NIFTY-II.NFO,23/01/2025,09:51:47,23379.75,23379.5,75,23380,225,75,5017875
NIFTY-II.NFO,23/01/2025,09:51:49,23379.75,23374.45,150,23379.95,150,0,5017875
NIFTY-II.NFO,23/01/2025,09:51:50,23379.75,23374.45,150,23380,225,150,5017875
NIFTY-II.NFO,23/01/2025,09:51:52,23379.75,23373.85,150,23379.9,600,0,5017875
NIFTY-II.NFO,23/01/2025,09:51:54,23379.75,23373.9,150,23379.95,75,75,5017875
NIFTY-II.NFO,23/01/2025,09:51:55,23379.75,23379.5,75,23380,225,0,5017875
NIFTY-II.NFO,23/01/2025,09:51:57,23379.75,23379.65,75,23380,225,0,5017875
NIFTY-II.NFO,23/01/2025,09:51:59,23379.65,23379.25,75,23379.75,75,75,5017875
NIFTY-II.NFO,23/01/2025,09:52:00,23379.7,23374.25,150,23379.75,75,75,5028525
NIFTY-II.NFO,23/01/2025,09:52:02,23379.7,23378.95,75,23379.6,600,0,5028525
NIFTY-II.NFO,23/01/2025,09:52:04,23379.6,23374,75,23379.6,600,75,5028525
NIFTY-II.NFO,23/01/2025,09:52:05,23379.6,23374,75,23379.6,600,0,5028525
NIFTY-II.NFO,23/01/2025,09:52:07,23379.6,23374,75,23378.9,600,75,5028525
NIFTY-II.NFO,23/01/2025,09:52:09,23377.95,23378.25,75,23379.65,75,75,5028525
NIFTY-II.NFO,23/01/2025,09:52:09,23377.95,23378.2,75,23379.6,600,0,5028525
NIFTY-II.NFO,23/01/2025,09:52:10,23378.95,23374.5,150,23379.65,75,150,5028525
NIFTY-II.NFO,23/01/2025,09:52:12,23378.95,23374.5,150,23378.9,600,0,5028525
NIFTY-II.NFO,23/01/2025,09:52:14,23378.95,23374.5,150,23377.3,600,0,5028525
NIFTY-II.NFO,23/01/2025,09:52:15,23378.8,23374.5,150,23377.9,375,525,5028525
NIFTY-II.NFO,23/01/2025,09:52:17,23378.8,23374.5,150,23377.7,600,0,5028525
NIFTY-II.NFO,23/01/2025,09:52:19,23378.8,23374.5,150,23376.55,375,0,5028525
NIFTY-II.NFO,23/01/2025,09:52:20,23378.8,23374.5,150,23377.55,450,0,5028525
NIFTY-II.NFO,23/01/2025,09:52:22,23378.8,23374.5,150,23376.85,375,0,5028525
NIFTY-II.NFO,23/01/2025,09:52:25,23378.8,23374.5,150,23377.5,375,0,5028525
NIFTY-II.NFO,23/01/2025,09:52:27,23378.8,23376.85,75,23377.55,225,0,5028525
NIFTY-II.NFO,23/01/2025,09:52:29,23374,23374.2,75,23376.95,75,825,5028525
NIFTY-II.NFO,23/01/2025,09:52:30,23375.95,23372.05,75,23375.95,75,75,5028525
NIFTY-II.NFO,23/01/2025,09:52:32,23375.95,23372.05,75,23376.05,375,0,5028525
NIFTY-II.NFO,23/01/2025,09:52:34,23375.95,23372.05,75,23375.35,375,0,5028525
NIFTY-II.NFO,23/01/2025,09:52:35,23375.95,23372.05,75,23376.55,375,0,5028525
NIFTY-II.NFO,23/01/2025,09:52:37,23372.05,23371.05,300,23377.15,375,75,5028525
NIFTY-II.NFO,23/01/2025,09:52:39,23372.05,23370.75,75,23376.9,450,0,5028525
NIFTY-II.NFO,23/01/2025,09:52:40,23372.05,23371,600,23376.95,75,0,5028525
NIFTY-II.NFO,23/01/2025,09:52:42,23372.05,23371.25,600,23378.15,450,0,5028525
NIFTY-II.NFO,23/01/2025,09:52:44,23372.05,23377.1,75,23379,75,0,5028525
NIFTY-II.NFO,23/01/2025,09:52:45,23372.05,23373.5,600,23379,75,0,5028525
NIFTY-II.NFO,23/01/2025,09:52:47,23373.5,23373.5,750,23379,75,675,5028525
NIFTY-II.NFO,23/01/2025,09:52:49,23373.5,23373.4,300,23377,75,0,5028525
