Ticker,Date,Time,LTP,BuyPrice,BuyQty,SellPrice,SellQty,LTQ,OpenInterest
BANKNIFTY-II.NFO,06/03/2025,09:15:04,49218,49172.3,120,49212.65,90,30,575910
BANKNIFTY-II.NFO,06/03/2025,09:15:04,49218,49172.3,120,49212.65,90,0,575910
BANKNIFTY-II.NFO,06/03/2025,09:15:04,49218,49172.3,120,49212.65,90,0,575910
BANKNIFTY-II.NFO,06/03/2025,09:15:04,49218,49172.3,120,49212.65,90,0,575910
BANKNIFTY-II.NFO,06/03/2025,09:15:06,49250,49244.4,120,49266.95,60,360,575910
BANKNIFTY-II.NFO,06/03/2025,09:15:06,49250,49244.4,120,49266.95,60,0,575910
BANKNIFTY-II.NFO,06/03/2025,09:15:06,49209.1,49244.4,120,49266.95,60,0,575910
BANKNIFTY-II.NFO,06/03/2025,09:15:07,49354,49371.4,120,49389,30,660,575910
BANKNIFTY-II.NFO,06/03/2025,09:15:07,49354,49371.4,120,49389,30,0,575910
BANKNIFTY-II.NFO,06/03/2025,09:15:09,49356.6,49323.35,30,49381.1,90,210,575910
BANKNIFTY-II.NFO,06/03/2025,09:15:09,49389,49323.35,30,49381.1,90,0,575910
BANKNIFTY-II.NFO,06/03/2025,09:15:10,49337.7,49300.3,60,49341.85,60,120,575910
BANKNIFTY-II.NFO,06/03/2025,09:15:12,49298.85,49264.15,60,49298.3,180,840,575910
BANKNIFTY-II.NFO,06/03/2025,09:15:13,49248.65,49248.65,60,49273.65,90,60,575910
BANKNIFTY-II.NFO,06/03/2025,09:15:15,49221.95,49221,60,49249.15,60,30,575910
BANKNIFTY-II.NFO,06/03/2025,09:15:17,49221.95,49192.8,60,49224.15,60,0,575910
BANKNIFTY-II.NFO,06/03/2025,09:15:18,49202.2,49212.5,30,49249.4,60,30,575910
BANKNIFTY-II.NFO,06/03/2025,09:15:18,49202.2,49212.5,30,49249.4,60,0,575910
BANKNIFTY-II.NFO,06/03/2025,09:15:20,49243.4,49217.7,60,49244.8,30,120,575910
BANKNIFTY-II.NFO,06/03/2025,09:15:21,49201.15,49201.1,60,49236.75,60,90,575910
BANKNIFTY-II.NFO,06/03/2025,09:15:21,49201.15,49201.1,60,49236.75,60,0,575910
BANKNIFTY-II.NFO,06/03/2025,09:15:23,49201.15,49200.15,60,49234.4,60,0,575910
BANKNIFTY-II.NFO,06/03/2025,09:15:24,49201.15,49200.15,60,49237,60,0,575910
BANKNIFTY-II.NFO,06/03/2025,09:15:26,49235.65,49207.3,60,49237.65,90,30,575940
BANKNIFTY-II.NFO,06/03/2025,09:15:28,49231.5,49200.05,30,49229.35,60,30,575940
BANKNIFTY-II.NFO,06/03/2025,09:15:29,49231.5,49204.25,30,49243.25,60,0,575940
BANKNIFTY-II.NFO,06/03/2025,09:15:31,49203.3,49209,30,49241.85,60,360,575940
BANKNIFTY-II.NFO,06/03/2025,09:15:32,49243.4,49220.6,30,49256.55,60,90,575940
BANKNIFTY-II.NFO,06/03/2025,09:15:34,49213.35,49213.3,30,49240.1,60,90,575940
BANKNIFTY-II.NFO,06/03/2025,09:15:36,49216.1,49218.4,30,49243,60,30,575940
BANKNIFTY-II.NFO,06/03/2025,09:15:37,49216.1,49221.75,30,49245.95,60,0,575940
BANKNIFTY-II.NFO,06/03/2025,09:15:39,49223.85,49227.15,60,49250.5,60,30,575940
BANKNIFTY-II.NFO,06/03/2025,09:15:40,49223.85,49227.2,30,49252.95,60,0,575940
BANKNIFTY-II.NFO,06/03/2025,09:15:42,49223.85,49221.2,30,49247,60,0,575940
BANKNIFTY-II.NFO,06/03/2025,09:15:43,49246.3,49222.4,60,49246.3,60,90,575940
BANKNIFTY-II.NFO,06/03/2025,09:15:45,49226.25,49220.05,30,49248.85,60,60,575940
BANKNIFTY-II.NFO,06/03/2025,09:15:47,49226.25,49232,30,49256.7,60,0,575940
BANKNIFTY-II.NFO,06/03/2025,09:15:48,49226.25,49230,30,49254.15,60,0,575940
BANKNIFTY-II.NFO,06/03/2025,09:15:50,49231.3,49231.25,30,49254.4,60,30,575940
BANKNIFTY-II.NFO,06/03/2025,09:15:51,49231.3,49220,60,49244.75,60,0,575940
BANKNIFTY-II.NFO,06/03/2025,09:15:53,49230,49220,60,49244,60,60,575940
BANKNIFTY-II.NFO,06/03/2025,09:15:55,49244.1,49221.55,30,49244.1,60,30,575940
BANKNIFTY-II.NFO,06/03/2025,09:15:56,49244.1,49220.05,30,49240.3,60,0,575940
BANKNIFTY-II.NFO,06/03/2025,09:15:58,49244.1,49220.05,60,49241.95,60,0,575940
BANKNIFTY-II.NFO,06/03/2025,09:15:59,49244.1,49220.05,30,49237.6,60,0,575940
BANKNIFTY-II.NFO,06/03/2025,09:16:01,49245,49249.7,30,49266,300,60,575940
BANKNIFTY-II.NFO,06/03/2025,09:16:02,49245,49249.6,30,49266,300,0,575940
BANKNIFTY-II.NFO,06/03/2025,09:16:04,49245,49241.05,30,49265.4,60,0,575940
BANKNIFTY-II.NFO,06/03/2025,09:16:05,49250,49246.8,60,49266,300,180,575940
BANKNIFTY-II.NFO,06/03/2025,09:16:07,49250,49242.65,30,49265.75,60,0,575940
BANKNIFTY-II.NFO,06/03/2025,09:16:09,49250,49250.05,30,49265.95,60,0,575940
BANKNIFTY-II.NFO,06/03/2025,09:16:10,49250,49250.05,30,49266,300,0,575940
BANKNIFTY-II.NFO,06/03/2025,09:16:12,49250,49250.4,60,49266,300,0,575940
BANKNIFTY-II.NFO,06/03/2025,09:16:13,49254.4,49250,60,49265.95,60,180,575940
BANKNIFTY-II.NFO,06/03/2025,09:16:15,49252.35,49250.25,60,49265.95,90,30,575940
BANKNIFTY-II.NFO,06/03/2025,09:16:17,49250.25,49230.8,60,49256,60,120,575940
BANKNIFTY-II.NFO,06/03/2025,09:16:18,49250.25,49222.4,60,49244.55,60,0,575940
BANKNIFTY-II.NFO,06/03/2025,09:16:20,49250.25,49226.65,60,49256.15,30,600,575940
BANKNIFTY-II.NFO,06/03/2025,09:16:21,49226.65,49231.2,60,49239.9,30,30,575940
BANKNIFTY-II.NFO,06/03/2025,09:16:23,49226.65,49231.8,60,49239.9,30,0,575940
BANKNIFTY-II.NFO,06/03/2025,09:16:25,49226.65,49234.55,60,49239.9,30,0,575940
BANKNIFTY-II.NFO,06/03/2025,09:16:26,49239.9,49233.55,60,49256.15,30,30,575940
BANKNIFTY-II.NFO,06/03/2025,09:16:28,49239.9,49230.4,60,49259,60,0,575940
BANKNIFTY-II.NFO,06/03/2025,09:16:29,49229.2,49227.95,30,49251.15,60,60,575940
BANKNIFTY-II.NFO,06/03/2025,09:16:31,49229.2,49227.95,30,49257.55,60,0,575940
BANKNIFTY-II.NFO,06/03/2025,09:16:32,49229.2,49228.05,90,49256.7,90,0,575940
BANKNIFTY-II.NFO,06/03/2025,09:16:34,49229.2,49227.95,30,49252.05,60,0,575940
BANKNIFTY-II.NFO,06/03/2025,09:16:36,49229.2,49225,30,49238.4,60,0,575940
BANKNIFTY-II.NFO,06/03/2025,09:16:37,49229.2,49225,60,49241.65,60,0,575940
BANKNIFTY-II.NFO,06/03/2025,09:16:39,49229.2,49225.05,60,49240.9,60,0,575940
BANKNIFTY-II.NFO,06/03/2025,09:16:40,49229.2,49225,60,49242.5,60,30,575940
BANKNIFTY-II.NFO,06/03/2025,09:16:42,49229.2,49225,60,49242.75,60,0,575940
BANKNIFTY-II.NFO,06/03/2025,09:16:44,49229.2,49225,30,49231.5,60,0,575940
BANKNIFTY-II.NFO,06/03/2025,09:16:45,49225,49220,30,49229.5,60,30,575940
BANKNIFTY-II.NFO,06/03/2025,09:16:47,49225,49220,30,49230.5,60,0,575940
BANKNIFTY-II.NFO,06/03/2025,09:16:48,49225,49220,30,49222.6,60,0,575940
BANKNIFTY-II.NFO,06/03/2025,09:16:50,49220,49206.75,60,49224.95,60,30,575940
BANKNIFTY-II.NFO,06/03/2025,09:16:52,49220,49206.8,30,49225.1,60,0,575940
BANKNIFTY-II.NFO,06/03/2025,09:16:53,49207.2,49207.15,60,49236.15,60,30,575940
BANKNIFTY-II.NFO,06/03/2025,09:16:55,49207.15,49207.15,30,49229.65,60,30,575940
BANKNIFTY-II.NFO,06/03/2025,09:16:56,49229.2,49207.15,30,49227,90,30,575940
BANKNIFTY-II.NFO,06/03/2025,09:16:58,49229.2,49206.75,30,49218.3,60,0,575940
BANKNIFTY-II.NFO,06/03/2025,09:16:59,49229.2,49206.8,60,49234.75,60,0,575940
BANKNIFTY-II.NFO,06/03/2025,09:17:01,49229.2,49212.4,60,49241.95,60,0,575940
BANKNIFTY-II.NFO,06/03/2025,09:17:03,49207.3,49207.3,30,49231.45,60,30,575940
BANKNIFTY-II.NFO,06/03/2025,09:17:04,49207.3,49214.05,60,49238.05,60,0,575940
BANKNIFTY-II.NFO,06/03/2025,09:17:06,49207.3,49214.05,30,49238.25,60,0,575940
BANKNIFTY-II.NFO,06/03/2025,09:17:07,49207.3,49214.05,30,49236,60,0,575940
BANKNIFTY-II.NFO,06/03/2025,09:17:09,49207.3,49210,30,49232.9,60,0,575940
BANKNIFTY-II.NFO,06/03/2025,09:17:11,49207.3,49210,30,49230.85,60,0,575940
BANKNIFTY-II.NFO,06/03/2025,09:17:12,49207.3,49210,30,49230.15,60,0,575940
BANKNIFTY-II.NFO,06/03/2025,09:17:14,49210,49208,60,49228.7,60,30,575940
BANKNIFTY-II.NFO,06/03/2025,09:17:15,49210,49208.05,30,49228.45,60,0,575940
BANKNIFTY-II.NFO,06/03/2025,09:17:17,49210,49208.05,30,49228.35,60,0,575940
BANKNIFTY-II.NFO,06/03/2025,09:17:19,49210,49210,60,49231.3,60,0,575940
BANKNIFTY-II.NFO,06/03/2025,09:17:20,49210,49210.05,30,49229.85,60,0,575940
BANKNIFTY-II.NFO,06/03/2025,09:17:22,49207.3,49207.35,30,49229.9,90,150,575940
BANKNIFTY-II.NFO,06/03/2025,09:17:23,49211.6,49211.6,30,49229.4,60,60,575940
BANKNIFTY-II.NFO,06/03/2025,09:17:25,49211.6,49211.6,30,49233.3,90,0,575940
BANKNIFTY-II.NFO,06/03/2025,09:17:27,49211.6,49218.25,30,49231.35,60,0,575940
BANKNIFTY-II.NFO,06/03/2025,09:17:28,49211.6,49206.75,30,49222.4,90,0,575940
BANKNIFTY-II.NFO,06/03/2025,09:17:30,49211.6,49210,60,49227.95,90,0,575940
BANKNIFTY-II.NFO,06/03/2025,09:17:31,49211.6,49210.05,60,49228.75,90,0,575940
BANKNIFTY-II.NFO,06/03/2025,09:17:33,49211.6,49211,60,49227.7,60,0,575940
BANKNIFTY-II.NFO,06/03/2025,09:17:35,49211.6,49211,30,49230.7,60,0,575940
BANKNIFTY-II.NFO,06/03/2025,09:17:36,49211.6,49210,30,49227.85,90,0,575940
BANKNIFTY-II.NFO,06/03/2025,09:17:38,49211.6,49206.75,60,49223.2,60,30,575940
BANKNIFTY-II.NFO,06/03/2025,09:17:39,49211.6,49206.75,30,49219,90,0,575940
BANKNIFTY-II.NFO,06/03/2025,09:17:41,49211.6,49206.75,30,49217.75,90,0,575940
BANKNIFTY-II.NFO,06/03/2025,09:17:43,49206.75,49201.15,30,49213.65,90,30,575940
BANKNIFTY-II.NFO,06/03/2025,09:17:44,49201.15,49200.1,30,49213.65,90,30,575940
BANKNIFTY-II.NFO,06/03/2025,09:17:46,49196.4,49196.4,30,49211,60,300,575940
BANKNIFTY-II.NFO,06/03/2025,09:17:46,49196.4,49196.4,30,49211,60,0,575940
BANKNIFTY-II.NFO,06/03/2025,09:17:47,49196.4,49201.15,30,49210.65,90,0,575940
BANKNIFTY-II.NFO,06/03/2025,09:17:49,49201.15,49190.05,30,49211,30,30,575940
BANKNIFTY-II.NFO,06/03/2025,09:17:51,49201.15,49186,30,49208.55,60,0,575940
BANKNIFTY-II.NFO,06/03/2025,09:17:52,49201.15,49190,30,49204.85,90,0,575940
BANKNIFTY-II.NFO,06/03/2025,09:17:54,49201.15,49190.45,60,49205,30,0,575940
BANKNIFTY-II.NFO,06/03/2025,09:17:55,49190.45,49196.15,30,49205,30,30,575940
BANKNIFTY-II.NFO,06/03/2025,09:17:55,49190.45,49196.15,30,49205,30,0,575940
BANKNIFTY-II.NFO,06/03/2025,09:17:57,49190.45,49200,30,49205,30,0,575940
BANKNIFTY-II.NFO,06/03/2025,09:17:58,49190.45,49197.3,30,49205,30,0,575940
BANKNIFTY-II.NFO,06/03/2025,09:18:00,49190.45,49190,30,49204.95,90,0,575940
BANKNIFTY-II.NFO,06/03/2025,09:18:03,49190.45,49185.9,30,49201.25,90,0,575940
BANKNIFTY-II.NFO,06/03/2025,09:18:05,49185.65,49185.9,30,49200,90,60,575940
BANKNIFTY-II.NFO,06/03/2025,09:18:05,49185.65,49185.9,30,49200,90,0,575940
BANKNIFTY-II.NFO,06/03/2025,09:18:06,49199.05,49185.9,30,49197.8,90,30,575940
BANKNIFTY-II.NFO,06/03/2025,09:18:08,49199.05,49180.05,90,49202.95,60,0,575940
BANKNIFTY-II.NFO,06/03/2025,09:18:10,49199.05,49181.05,90,49200.75,90,0,575940
BANKNIFTY-II.NFO,06/03/2025,09:18:11,49199.05,49182.5,30,49204.85,60,0,575940
BANKNIFTY-II.NFO,06/03/2025,09:18:13,49199.05,49181.1,30,49202.65,60,0,575940
BANKNIFTY-II.NFO,06/03/2025,09:18:14,49199.05,49177.35,30,49199.6,60,0,575940
BANKNIFTY-II.NFO,06/03/2025,09:18:16,49199.05,49175.65,30,49193.45,60,0,575940
BANKNIFTY-II.NFO,06/03/2025,09:18:18,49199.05,49175.65,180,49194.15,60,0,575940
BANKNIFTY-II.NFO,06/03/2025,09:18:19,49199.05,49175.75,30,49197.95,60,0,575940
BANKNIFTY-II.NFO,06/03/2025,09:18:21,49197.95,49175.65,60,49197.85,150,30,575940
BANKNIFTY-II.NFO,06/03/2025,09:18:23,49197.95,49175.65,60,49196.55,90,0,575940
BANKNIFTY-II.NFO,06/03/2025,09:18:24,49175.65,49179.15,60,49202.75,90,60,575940
BANKNIFTY-II.NFO,06/03/2025,09:18:24,49175.65,49179.15,60,49202.75,90,0,575940
BANKNIFTY-II.NFO,06/03/2025,09:18:26,49175.65,49181.25,60,49201.95,60,0,575940
BANKNIFTY-II.NFO,06/03/2025,09:18:27,49175.65,49183.1,60,49204.45,60,0,575940
BANKNIFTY-II.NFO,06/03/2025,09:18:29,49175.65,49198.15,150,49202.25,90,0,575940
BANKNIFTY-II.NFO,06/03/2025,09:18:30,49198.15,49180.05,90,49199.85,90,150,575910
BANKNIFTY-II.NFO,06/03/2025,09:18:32,49198.15,49180.05,90,49197.4,90,0,575910
BANKNIFTY-II.NFO,06/03/2025,09:18:34,49198.15,49180.05,90,49199.05,60,0,575910
BANKNIFTY-II.NFO,06/03/2025,09:18:35,49198.15,49180.05,90,49199.05,90,0,575910
BANKNIFTY-II.NFO,06/03/2025,09:18:37,49198.15,49180,30,49196.4,90,0,575910
BANKNIFTY-II.NFO,06/03/2025,09:18:38,49198.15,49180.05,90,49197.1,90,0,575910
BANKNIFTY-II.NFO,06/03/2025,09:18:40,49198.15,49180,30,49193.6,90,0,575910
BANKNIFTY-II.NFO,06/03/2025,09:18:43,49198.15,49180.05,60,49196.85,60,0,575910
BANKNIFTY-II.NFO,06/03/2025,09:18:45,49198.15,49180.05,90,49199.85,90,0,575910
BANKNIFTY-II.NFO,06/03/2025,09:18:46,49198.15,49180.05,90,49197.85,60,0,575910
BANKNIFTY-II.NFO,06/03/2025,09:18:48,49197.85,49180.35,60,49199.4,60,30,575910
BANKNIFTY-II.NFO,06/03/2025,09:18:49,49197.85,49180.05,90,49197.75,30,0,575910
BANKNIFTY-II.NFO,06/03/2025,09:18:51,49197.85,49180.05,90,49198,60,0,575910
BANKNIFTY-II.NFO,06/03/2025,09:18:52,49197.85,49180.05,90,49197.7,60,0,575910
BANKNIFTY-II.NFO,06/03/2025,09:18:54,49197.85,49180.05,90,49199.55,60,0,575910
BANKNIFTY-II.NFO,06/03/2025,09:18:56,49197.85,49180.05,90,49198.25,30,0,575910
BANKNIFTY-II.NFO,06/03/2025,09:18:57,49198.25,49180.05,90,49199.85,60,30,575910
BANKNIFTY-II.NFO,06/03/2025,09:18:59,49198.25,49180.05,90,49199.95,30,0,575910
BANKNIFTY-II.NFO,06/03/2025,09:19:00,49197.85,49180.05,90,49197.45,60,60,575910
BANKNIFTY-II.NFO,06/03/2025,09:19:02,49197.85,49183.7,90,49200,60,0,575910
BANKNIFTY-II.NFO,06/03/2025,09:19:03,49199.95,49183.7,90,49199.95,30,30,575910
BANKNIFTY-II.NFO,06/03/2025,09:19:05,49198.25,49190,30,49196.4,30,30,575910
BANKNIFTY-II.NFO,06/03/2025,09:19:07,49190,49180,30,49189.8,30,30,575910
BANKNIFTY-II.NFO,06/03/2025,09:19:08,49190,49180,30,49186.1,30,0,575910
BANKNIFTY-II.NFO,06/03/2025,09:19:11,49190,49180,30,49188.55,30,0,575910
BANKNIFTY-II.NFO,06/03/2025,09:19:13,49190,49180,30,49183.9,30,0,575910
BANKNIFTY-II.NFO,06/03/2025,09:19:15,49185.6,49180,30,49184,30,180,575910
BANKNIFTY-II.NFO,06/03/2025,09:19:16,49185.6,49180,30,49183.75,30,0,575910
BANKNIFTY-II.NFO,06/03/2025,09:19:18,49180,49175.65,30,49179.1,30,30,575910
BANKNIFTY-II.NFO,06/03/2025,09:19:19,49175,49160.15,60,49177.85,30,120,575910
BANKNIFTY-II.NFO,06/03/2025,09:19:19,49175,49160.15,60,49177.85,30,0,575910
BANKNIFTY-II.NFO,06/03/2025,09:19:21,49175,49160.25,60,49180.45,210,0,575910
BANKNIFTY-II.NFO,06/03/2025,09:19:22,49175,49161.35,60,49183.35,60,0,575910
BANKNIFTY-II.NFO,06/03/2025,09:19:24,49175,49161.35,90,49182.95,30,0,575910
BANKNIFTY-II.NFO,06/03/2025,09:19:26,49175,49160.65,90,49178.25,30,0,575910
BANKNIFTY-II.NFO,06/03/2025,09:19:27,49175,49160,30,49167.85,60,0,575910
BANKNIFTY-II.NFO,06/03/2025,09:19:29,49160,49150.05,90,49167.5,60,30,575910
BANKNIFTY-II.NFO,06/03/2025,09:19:29,49160,49150.05,90,49167.5,60,0,575910
BANKNIFTY-II.NFO,06/03/2025,09:19:30,49160,49150.05,60,49165.9,60,0,575910
BANKNIFTY-II.NFO,06/03/2025,09:19:32,49160,49150,120,49164,60,0,575910
BANKNIFTY-II.NFO,06/03/2025,09:19:34,49160,49150,120,49165.15,60,0,575910
BANKNIFTY-II.NFO,06/03/2025,09:19:35,49160,49150,120,49159,60,0,575910
BANKNIFTY-II.NFO,06/03/2025,09:19:37,49160,49150,120,49159.65,60,0,575910
BANKNIFTY-II.NFO,06/03/2025,09:19:38,49150,49150,90,49155,60,30,575910
BANKNIFTY-II.NFO,06/03/2025,09:19:38,49150,49150,90,49155,60,0,575910
BANKNIFTY-II.NFO,06/03/2025,09:19:40,49149.9,49130.25,90,49149.95,60,210,575910
BANKNIFTY-II.NFO,06/03/2025,09:19:40,49130.25,49130.25,90,49149.95,60,0,575910
BANKNIFTY-II.NFO,06/03/2025,09:19:41,49150,49126.3,60,49143.4,30,120,575910
BANKNIFTY-II.NFO,06/03/2025,09:19:43,49150,49129.15,60,49150.05,30,0,575910
BANKNIFTY-II.NFO,06/03/2025,09:19:45,49150,49127.75,90,49146.65,30,0,575910
BANKNIFTY-II.NFO,06/03/2025,09:19:46,49150,49132.7,60,49150,540,30,575910
BANKNIFTY-II.NFO,06/03/2025,09:19:48,49133.8,49135.9,90,49150,540,30,575910
BANKNIFTY-II.NFO,06/03/2025,09:19:49,49150,49139.2,90,49150,390,150,575910
BANKNIFTY-II.NFO,06/03/2025,09:19:51,49150,49143.1,60,49150,120,270,575910
BANKNIFTY-II.NFO,06/03/2025,09:19:52,49150,49144,60,49150,120,0,575910
BANKNIFTY-II.NFO,06/03/2025,09:19:54,49150,49146,60,49167.45,90,120,575910
BANKNIFTY-II.NFO,06/03/2025,09:19:56,49150,49141.3,90,49150,120,0,575910
BANKNIFTY-II.NFO,06/03/2025,09:19:59,49150,49137.85,60,49150,120,0,575910
BANKNIFTY-II.NFO,06/03/2025,09:20:00,49150,49134.2,60,49149.95,60,0,575910
BANKNIFTY-II.NFO,06/03/2025,09:20:02,49150,49132.95,60,49150,120,0,575910
BANKNIFTY-II.NFO,06/03/2025,09:20:04,49150,49139.8,90,49145,30,0,575910
BANKNIFTY-II.NFO,06/03/2025,09:20:05,49145,49147.8,60,49150,120,30,575910
BANKNIFTY-II.NFO,06/03/2025,09:20:07,49150,49150.3,60,49172.25,150,120,575910
BANKNIFTY-II.NFO,06/03/2025,09:20:09,49150.3,49158.3,30,49175,60,30,575910
BANKNIFTY-II.NFO,06/03/2025,09:20:10,49150.3,49158.25,30,49175,30,0,575910
BANKNIFTY-II.NFO,06/03/2025,09:20:12,49150.3,49165.45,60,49175,30,0,575910
BANKNIFTY-II.NFO,06/03/2025,09:20:14,49150.3,49167.8,30,49175,30,0,575910
BANKNIFTY-II.NFO,06/03/2025,09:20:15,49150.3,49171.25,30,49175,30,0,575910
BANKNIFTY-II.NFO,06/03/2025,09:20:17,49175,49172.1,30,49194.3,120,30,575910
BANKNIFTY-II.NFO,06/03/2025,09:20:19,49176.05,49176,30,49198.6,60,30,575910
BANKNIFTY-II.NFO,06/03/2025,09:20:21,49176.05,49177.15,180,49198.6,90,0,575910
BANKNIFTY-II.NFO,06/03/2025,09:20:22,49176.05,49178,30,49198.6,90,0,575910
BANKNIFTY-II.NFO,06/03/2025,09:20:24,49176.05,49174.45,30,49197.25,60,0,575910
BANKNIFTY-II.NFO,06/03/2025,09:20:26,49176.05,49174.45,30,49197.05,90,0,575910
BANKNIFTY-II.NFO,06/03/2025,09:20:27,49197.15,49174.55,30,49196.45,60,30,575910
BANKNIFTY-II.NFO,06/03/2025,09:20:29,49195.55,49176.05,60,49192.55,60,30,575910
BANKNIFTY-II.NFO,06/03/2025,09:20:31,49191.15,49176.05,90,49189.15,150,60,575910
BANKNIFTY-II.NFO,06/03/2025,09:20:32,49191.15,49176.05,90,49189.1,30,0,575910
BANKNIFTY-II.NFO,06/03/2025,09:20:34,49182.2,49176.05,90,49180.1,60,30,575910
BANKNIFTY-II.NFO,06/03/2025,09:20:36,49176.05,49174,900,49176.75,30,90,575910
BANKNIFTY-II.NFO,06/03/2025,09:20:37,49174,49150.05,90,49170.8,30,900,575910
BANKNIFTY-II.NFO,06/03/2025,09:20:39,49174,49153.7,60,49175.15,30,0,575910
BANKNIFTY-II.NFO,06/03/2025,09:20:41,49174,49157.55,60,49179.8,60,0,575910
BANKNIFTY-II.NFO,06/03/2025,09:20:42,49175.9,49153.7,60,49175.8,60,30,575910
BANKNIFTY-II.NFO,06/03/2025,09:20:44,49175.9,49150.05,90,49172.05,30,0,575910
BANKNIFTY-II.NFO,06/03/2025,09:20:46,49171.3,49150,150,49167.3,30,30,575910
BANKNIFTY-II.NFO,06/03/2025,09:20:47,49171.3,49150,150,49164.65,30,0,575910
BANKNIFTY-II.NFO,06/03/2025,09:20:49,49160,49150,150,49157.4,30,30,575910
BANKNIFTY-II.NFO,06/03/2025,09:20:50,49160,49150,150,49156.95,30,0,575910
BANKNIFTY-II.NFO,06/03/2025,09:20:52,49160,49150,150,49162.2,30,0,575910
BANKNIFTY-II.NFO,06/03/2025,09:20:54,49160,49150,150,49163.15,30,0,575910
BANKNIFTY-II.NFO,06/03/2025,09:20:55,49150,49150,30,49151,30,120,575910
BANKNIFTY-II.NFO,06/03/2025,09:20:57,49150,49145,30,49149.6,120,60,575910
BANKNIFTY-II.NFO,06/03/2025,09:20:59,49145,49140,60,49146.45,180,30,575910
BANKNIFTY-II.NFO,06/03/2025,09:21:00,49145,49140,60,49143.15,150,0,575910
BANKNIFTY-II.NFO,06/03/2025,09:21:02,49145,49140,60,49146.3,90,0,575910
BANKNIFTY-II.NFO,06/03/2025,09:21:04,49140,49140,30,49152.85,30,30,575910
BANKNIFTY-II.NFO,06/03/2025,09:21:05,49140,49140.25,60,49160.3,30,0,575910
BANKNIFTY-II.NFO,06/03/2025,09:21:07,49141.55,49140.1,120,49160.1,120,90,575910
BANKNIFTY-II.NFO,06/03/2025,09:21:09,49141.55,49147,120,49168.9,120,0,575910
BANKNIFTY-II.NFO,06/03/2025,09:21:10,49141.55,49146.6,150,49167.4,150,0,575910
BANKNIFTY-II.NFO,06/03/2025,09:21:12,49141.55,49147.4,120,49168.4,150,0,575910
BANKNIFTY-II.NFO,06/03/2025,09:21:13,49147.4,49140.9,90,49162.55,120,30,575910
BANKNIFTY-II.NFO,06/03/2025,09:21:15,49147.4,49145.35,120,49167.7,120,0,575910
BANKNIFTY-II.NFO,06/03/2025,09:21:17,49147.4,49145.35,120,49166.3,120,0,575910
BANKNIFTY-II.NFO,06/03/2025,09:21:18,49147.4,49140.05,120,49159.35,120,0,575910
BANKNIFTY-II.NFO,06/03/2025,09:21:20,49147.4,49140.05,120,49158.75,150,0,575910
BANKNIFTY-II.NFO,06/03/2025,09:21:21,49147.4,49141.65,90,49163.4,120,0,575910
BANKNIFTY-II.NFO,06/03/2025,09:21:25,49147.4,49141.65,90,49163.25,120,0,575910
BANKNIFTY-II.NFO,06/03/2025,09:21:26,49147.4,49144.1,90,49166.95,120,0,575910
BANKNIFTY-II.NFO,06/03/2025,09:21:28,49147.4,49144.1,90,49166.85,150,0,575910
BANKNIFTY-II.NFO,06/03/2025,09:21:30,49147.4,49144.4,90,49166.95,150,0,575910
BANKNIFTY-II.NFO,06/03/2025,09:21:31,49147.4,49146.15,90,49168.25,120,0,575910
BANKNIFTY-II.NFO,06/03/2025,09:21:33,49147.4,49146.15,90,49167.55,120,0,575910
BANKNIFTY-II.NFO,06/03/2025,09:21:34,49147.4,49145.3,90,49168.25,120,0,575910
BANKNIFTY-II.NFO,06/03/2025,09:21:36,49147.4,49142.9,90,49164.55,120,0,575910
BANKNIFTY-II.NFO,06/03/2025,09:21:38,49147.4,49142.65,90,49164.65,120,0,575910
BANKNIFTY-II.NFO,06/03/2025,09:21:41,49147.4,49140.05,120,49160.7,120,0,575910
BANKNIFTY-II.NFO,06/03/2025,09:21:42,49147.4,49140.05,90,49159.5,210,0,575910
BANKNIFTY-II.NFO,06/03/2025,09:21:44,49147.4,49140,90,49153.7,150,0,575910
BANKNIFTY-II.NFO,06/03/2025,09:21:46,49147.4,49140,90,49152.95,120,0,575910
BANKNIFTY-II.NFO,06/03/2025,09:21:47,49147.4,49140,90,49148.4,150,0,575910
BANKNIFTY-II.NFO,06/03/2025,09:21:49,49147.4,49140,90,49147.95,150,0,575910
BANKNIFTY-II.NFO,06/03/2025,09:21:51,49147.4,49140,90,49143.95,120,0,575910
BANKNIFTY-II.NFO,06/03/2025,09:21:52,49147.4,49140,120,49147.3,120,0,575910
BANKNIFTY-II.NFO,06/03/2025,09:21:54,49147.4,49140,120,49143.85,120,0,575910
BANKNIFTY-II.NFO,06/03/2025,09:21:56,49147.4,49140,120,49146.05,240,0,575910
BANKNIFTY-II.NFO,06/03/2025,09:21:57,49147.4,49140,120,49148.55,150,0,575910
BANKNIFTY-II.NFO,06/03/2025,09:21:59,49140,49119.85,120,49138.85,120,120,575550
BANKNIFTY-II.NFO,06/03/2025,09:22:00,49140,49120.05,120,49138.65,120,0,575550
BANKNIFTY-II.NFO,06/03/2025,09:22:02,49140,49109.75,120,49127.55,120,0,575550
BANKNIFTY-II.NFO,06/03/2025,09:22:04,49140,49106.7,120,49124.2,150,0,575550
BANKNIFTY-II.NFO,06/03/2025,09:22:05,49104,49100,150,49107.8,120,60,575550
BANKNIFTY-II.NFO,06/03/2025,09:22:05,49104,49100,150,49107.8,120,0,575550
BANKNIFTY-II.NFO,06/03/2025,09:22:07,49104,49100,150,49111.1,120,0,575550
BANKNIFTY-II.NFO,06/03/2025,09:22:09,49100,49100,120,49115.95,120,30,575550
BANKNIFTY-II.NFO,06/03/2025,09:22:09,49100,49100,120,49115.95,120,0,575550
BANKNIFTY-II.NFO,06/03/2025,09:22:10,49100,49100.05,120,49120.75,150,0,575550
BANKNIFTY-II.NFO,06/03/2025,09:22:12,49100,49100,120,49106.05,150,0,575550
BANKNIFTY-II.NFO,06/03/2025,09:22:14,49100,49100,120,49107.1,150,0,575550
BANKNIFTY-II.NFO,06/03/2025,09:22:15,49100,49100,90,49108.9,120,30,575550
BANKNIFTY-II.NFO,06/03/2025,09:22:17,49100,49100,90,49112.75,120,0,575550
BANKNIFTY-II.NFO,06/03/2025,09:22:19,49100,49100,90,49114.35,150,0,575550
BANKNIFTY-II.NFO,06/03/2025,09:22:20,49100,49100.25,150,49119.05,120,0,575550
BANKNIFTY-II.NFO,06/03/2025,09:22:22,49100,49100,90,49114.55,120,0,575550
BANKNIFTY-II.NFO,06/03/2025,09:22:24,49100,49088,90,49112.35,120,90,575550
BANKNIFTY-II.NFO,06/03/2025,09:22:25,49100,49088.5,60,49103,120,0,575550
BANKNIFTY-II.NFO,06/03/2025,09:22:27,49107.45,49090.65,120,49110.65,120,30,575550
BANKNIFTY-II.NFO,06/03/2025,09:22:29,49107.45,49083.3,120,49109.65,150,0,575550
BANKNIFTY-II.NFO,06/03/2025,09:22:30,49107.45,49084.15,60,49095.35,120,0,575550
BANKNIFTY-II.NFO,06/03/2025,09:22:32,49107.45,49070.8,60,49091.45,120,0,575550
BANKNIFTY-II.NFO,06/03/2025,09:22:34,49107.45,49065.7,120,49088.6,120,0,575550
BANKNIFTY-II.NFO,06/03/2025,09:22:36,49107.45,49067.7,120,49090.75,120,0,575550
BANKNIFTY-II.NFO,06/03/2025,09:22:37,49107.45,49083,120,49090.2,120,0,575550
BANKNIFTY-II.NFO,06/03/2025,09:22:39,49107.45,49083,120,49099,120,0,575550
BANKNIFTY-II.NFO,06/03/2025,09:22:41,49107.45,49087.35,120,49112.4,120,0,575550
BANKNIFTY-II.NFO,06/03/2025,09:22:42,49107.45,49086.3,120,49113.5,120,0,575550
BANKNIFTY-II.NFO,06/03/2025,09:22:44,49100,49090.4,180,49109.25,150,30,575550
BANKNIFTY-II.NFO,06/03/2025,09:22:46,49100,49091.8,120,49113.5,120,0,575550
BANKNIFTY-II.NFO,06/03/2025,09:22:47,49100,49095.7,120,49116.8,150,0,575550
BANKNIFTY-II.NFO,06/03/2025,09:22:49,49111,49092.4,120,49113.3,150,30,575550
BANKNIFTY-II.NFO,06/03/2025,09:22:51,49111,49093.55,180,49112.7,150,0,575550
BANKNIFTY-II.NFO,06/03/2025,09:22:52,49111,49095.7,120,49114.85,150,0,575550
BANKNIFTY-II.NFO,06/03/2025,09:22:54,49112.1,49092.55,120,49111,120,30,575550
BANKNIFTY-II.NFO,06/03/2025,09:22:56,49112.1,49094.25,150,49111.8,90,0,575550
BANKNIFTY-II.NFO,06/03/2025,09:22:57,49095.8,49090.05,120,49109.95,90,30,575550
BANKNIFTY-II.NFO,06/03/2025,09:22:57,49095.8,49090.05,120,49109.95,90,0,575550
BANKNIFTY-II.NFO,06/03/2025,09:22:59,49095.8,49090.05,150,49107.95,120,0,575550
BANKNIFTY-II.NFO,06/03/2025,09:23:01,49095.8,49090,90,49094.9,90,0,575550
BANKNIFTY-II.NFO,06/03/2025,09:23:02,49095.8,49090,90,49094.7,90,0,575550
BANKNIFTY-II.NFO,06/03/2025,09:23:04,49073.95,49063,180,49076.95,30,240,575550
BANKNIFTY-II.NFO,06/03/2025,09:23:04,49073.95,49063,180,49076.95,30,0,575550
BANKNIFTY-II.NFO,06/03/2025,09:23:06,49088.8,49071.1,120,49089.65,60,150,575550
BANKNIFTY-II.NFO,06/03/2025,09:23:07,49088.8,49077.2,120,49093.25,30,0,575550
BANKNIFTY-II.NFO,06/03/2025,09:23:09,49088.8,49083.05,30,49095.65,30,0,575550
BANKNIFTY-II.NFO,06/03/2025,09:23:11,49095.8,49089.6,210,49095.8,30,60,575550
BANKNIFTY-II.NFO,06/03/2025,09:23:12,49095.8,49089.1,150,49103.8,30,30,575550
BANKNIFTY-II.NFO,06/03/2025,09:23:14,49103.95,49089.1,150,49100,30,60,575550
BANKNIFTY-II.NFO,06/03/2025,09:23:16,49103.95,49087.9,120,49100,30,0,575550
BANKNIFTY-II.NFO,06/03/2025,09:23:17,49100,49087.65,120,49100.95,30,30,575550
BANKNIFTY-II.NFO,06/03/2025,09:23:19,49094.95,49077.9,120,49091.95,30,30,575550
BANKNIFTY-II.NFO,06/03/2025,09:23:21,49094.95,49077.9,120,49091.95,30,0,575550
BANKNIFTY-II.NFO,06/03/2025,09:23:22,49094.95,49084.3,150,49095,30,0,575550
BANKNIFTY-II.NFO,06/03/2025,09:23:24,49094.95,49080.55,120,49094.95,30,0,575550
BANKNIFTY-II.NFO,06/03/2025,09:23:26,49094.95,49080.1,120,49094.95,30,0,575550
BANKNIFTY-II.NFO,06/03/2025,09:23:27,49094.95,49071.9,120,49085.95,30,0,575550
BANKNIFTY-II.NFO,06/03/2025,09:23:29,49085.95,49072,150,49088.95,30,30,575550
BANKNIFTY-II.NFO,06/03/2025,09:23:31,49085.95,49085,240,49094.95,90,0,575550
BANKNIFTY-II.NFO,06/03/2025,09:23:32,49085.95,49085,240,49094.95,30,0,575550
BANKNIFTY-II.NFO,06/03/2025,09:23:34,49085.95,49085,240,49094.9,30,0,575550
BANKNIFTY-II.NFO,06/03/2025,09:23:36,49085,49085,120,49088.2,30,120,575550
BANKNIFTY-II.NFO,06/03/2025,09:23:37,49085,49065.05,30,49081.9,30,120,575550
BANKNIFTY-II.NFO,06/03/2025,09:23:39,49082.9,49062.85,120,49079.95,30,30,575550
BANKNIFTY-II.NFO,06/03/2025,09:23:41,49082.9,49074.5,120,49091.95,30,0,575550
BANKNIFTY-II.NFO,06/03/2025,09:23:42,49082.9,49085,30,49095,30,0,575550
BANKNIFTY-II.NFO,06/03/2025,09:23:44,49082.9,49085,30,49094.25,60,0,575550
BANKNIFTY-II.NFO,06/03/2025,09:23:46,49085,49079.3,120,49097.95,60,30,575550
BANKNIFTY-II.NFO,06/03/2025,09:23:47,49085,49079.85,120,49094.95,30,0,575550
BANKNIFTY-II.NFO,06/03/2025,09:23:49,49085,49080.9,120,49091.95,30,0,575550
BANKNIFTY-II.NFO,06/03/2025,09:23:51,49100,49087,120,49100.95,30,30,575550
BANKNIFTY-II.NFO,06/03/2025,09:23:52,49100,49087.75,150,49100.95,30,0,575550
BANKNIFTY-II.NFO,06/03/2025,09:23:54,49100.95,49085.05,150,49097.95,30,30,575550
BANKNIFTY-II.NFO,06/03/2025,09:23:56,49100.95,49085.1,120,49097.95,30,0,575550
BANKNIFTY-II.NFO,06/03/2025,09:23:57,49100.95,49085.6,150,49097.95,30,0,575550
BANKNIFTY-II.NFO,06/03/2025,09:23:59,49100.95,49091.55,210,49100.95,30,30,575550
BANKNIFTY-II.NFO,06/03/2025,09:24:01,49100.95,49095.1,150,49109.95,30,0,575550
BANKNIFTY-II.NFO,06/03/2025,09:24:02,49095.65,49099.35,120,49121.15,60,60,575550
BANKNIFTY-II.NFO,06/03/2025,09:24:04,49115.95,49099.15,150,49115.95,30,30,575550
BANKNIFTY-II.NFO,06/03/2025,09:24:06,49115.95,49100.5,150,49115.95,30,30,575550
BANKNIFTY-II.NFO,06/03/2025,09:24:07,49115.95,49098.95,150,49118,60,0,575550
BANKNIFTY-II.NFO,06/03/2025,09:24:09,49112.9,49096.45,120,49112.9,30,30,575550
BANKNIFTY-II.NFO,06/03/2025,09:24:11,49112.9,49100,240,49109.3,120,30,575550
BANKNIFTY-II.NFO,06/03/2025,09:24:12,49112.9,49100,240,49114.85,210,0,575550
BANKNIFTY-II.NFO,06/03/2025,09:24:14,49112.9,49100.15,150,49118.05,60,0,575550
BANKNIFTY-II.NFO,06/03/2025,09:24:16,49112.9,49105,240,49115.95,30,0,575550
BANKNIFTY-II.NFO,06/03/2025,09:24:17,49117.45,49105,240,49117.45,30,30,575550
BANKNIFTY-II.NFO,06/03/2025,09:24:19,49117.45,49105,240,49113.65,90,0,575550
BANKNIFTY-II.NFO,06/03/2025,09:24:21,49117.45,49105,240,49115.95,60,0,575550
BANKNIFTY-II.NFO,06/03/2025,09:24:22,49115.95,49105,240,49108.55,60,30,575550
BANKNIFTY-II.NFO,06/03/2025,09:24:24,49105,49105,210,49106.85,30,30,575550
BANKNIFTY-II.NFO,06/03/2025,09:24:25,49105,49086.1,150,49103.95,60,0,575550
BANKNIFTY-II.NFO,06/03/2025,09:24:27,49105,49087.75,210,49105.8,30,0,575550
BANKNIFTY-II.NFO,06/03/2025,09:24:29,49105,49090,30,49103.95,30,0,575550
BANKNIFTY-II.NFO,06/03/2025,09:24:30,49095,49090,30,49094.7,150,30,575970
BANKNIFTY-II.NFO,06/03/2025,09:24:32,49095,49090.05,120,49106.8,60,0,575970
BANKNIFTY-II.NFO,06/03/2025,09:24:34,49095,49095,30,49103.15,30,0,575970
BANKNIFTY-II.NFO,06/03/2025,09:24:35,49095,49100,30,49102.9,30,0,575970
BANKNIFTY-II.NFO,06/03/2025,09:24:37,49090,49085,30,49094.95,30,90,575970
BANKNIFTY-II.NFO,06/03/2025,09:24:39,49090,49085,30,49093.7,30,0,575970
BANKNIFTY-II.NFO,06/03/2025,09:24:40,49090,49085,30,49088.5,30,0,575970
BANKNIFTY-II.NFO,06/03/2025,09:24:42,49090,49085,30,49089.85,30,0,575970
BANKNIFTY-II.NFO,06/03/2025,09:24:44,49090,49085,30,49097.75,270,0,575970
BANKNIFTY-II.NFO,06/03/2025,09:24:46,49090,49090,30,49096.35,60,0,575970
BANKNIFTY-II.NFO,06/03/2025,09:24:47,49090,49085,30,49093.05,60,30,575970
BANKNIFTY-II.NFO,06/03/2025,09:24:49,49090,49085,30,49096.65,30,0,575970
BANKNIFTY-II.NFO,06/03/2025,09:24:50,49085.05,49085,30,49097.15,30,30,575970
BANKNIFTY-II.NFO,06/03/2025,09:24:52,49085.05,49085,30,49089.05,30,0,575970
BANKNIFTY-II.NFO,06/03/2025,09:24:54,49085,49085.05,30,49088.75,30,30,575970
BANKNIFTY-II.NFO,06/03/2025,09:24:55,49085,49085.05,30,49091.8,30,0,575970
BANKNIFTY-II.NFO,06/03/2025,09:24:57,49085,49085.05,30,49093.65,30,0,575970
BANKNIFTY-II.NFO,06/03/2025,09:24:59,49085,49085.05,30,49091.7,30,0,575970
BANKNIFTY-II.NFO,06/03/2025,09:25:00,49085,49085.05,30,49093.85,30,0,575970
BANKNIFTY-II.NFO,06/03/2025,09:25:02,49085,49085.05,30,49091.1,30,0,575970
BANKNIFTY-II.NFO,06/03/2025,09:25:04,49085,49085.05,30,49089.6,30,0,575970
BANKNIFTY-II.NFO,06/03/2025,09:25:05,49085,49085.05,30,49097.45,60,0,575970
BANKNIFTY-II.NFO,06/03/2025,09:25:07,49085,49093.9,30,49100.6,30,0,575970
BANKNIFTY-II.NFO,06/03/2025,09:25:09,49103.95,49089.45,150,49106.75,60,30,575970
BANKNIFTY-II.NFO,06/03/2025,09:25:10,49103.95,49100.6,30,49107.35,30,0,575970
BANKNIFTY-II.NFO,06/03/2025,09:25:12,49100,49092.6,150,49111,60,90,575970
BANKNIFTY-II.NFO,06/03/2025,09:25:14,49111,49093.45,120,49109.45,30,30,575970
BANKNIFTY-II.NFO,06/03/2025,09:25:15,49111,49093.25,150,49107.95,30,0,575970
BANKNIFTY-II.NFO,06/03/2025,09:25:17,49109.65,49089.05,30,49102.5,30,30,575970
BANKNIFTY-II.NFO,06/03/2025,09:25:19,49109.65,49085.05,30,49097.9,150,0,575970
BANKNIFTY-II.NFO,06/03/2025,09:25:20,49109.65,49089.05,30,49103.3,30,0,575970
BANKNIFTY-II.NFO,06/03/2025,09:25:22,49109.65,49086.1,120,49099.7,60,0,575970
BANKNIFTY-II.NFO,06/03/2025,09:25:24,49085.05,49085,90,49096.55,150,30,575970
BANKNIFTY-II.NFO,06/03/2025,09:25:25,49085.05,49085.15,150,49100.6,210,0,575970
BANKNIFTY-II.NFO,06/03/2025,09:25:27,49085.05,49085,90,49091.15,150,0,575970
BANKNIFTY-II.NFO,06/03/2025,09:25:29,49085.05,49085,90,49089.45,60,0,575970
BANKNIFTY-II.NFO,06/03/2025,09:25:30,49085.05,49085,90,49096.3,60,30,575970
BANKNIFTY-II.NFO,06/03/2025,09:25:32,49085.05,49085,60,49088.3,150,0,575970
BANKNIFTY-II.NFO,06/03/2025,09:25:34,49085,49080,30,49083.5,60,90,575970
BANKNIFTY-II.NFO,06/03/2025,09:25:35,49085,49080,30,49082.65,150,0,575970
BANKNIFTY-II.NFO,06/03/2025,09:25:37,49085,49080,30,49092.05,60,0,575970
BANKNIFTY-II.NFO,06/03/2025,09:25:39,49085,49085,30,49090.25,150,0,575970
BANKNIFTY-II.NFO,06/03/2025,09:25:40,49085,49080,30,49089.25,60,60,575970
BANKNIFTY-II.NFO,06/03/2025,09:25:42,49085,49080,30,49082.85,60,0,575970
BANKNIFTY-II.NFO,06/03/2025,09:25:44,49080,49070,60,49073.05,60,30,575970
BANKNIFTY-II.NFO,06/03/2025,09:25:45,49070,49065,30,49069.1,60,60,575970
BANKNIFTY-II.NFO,06/03/2025,09:25:45,49070,49065,30,49069.1,60,0,575970
BANKNIFTY-II.NFO,06/03/2025,09:25:47,49065,49062,30,49068.95,60,30,575970
BANKNIFTY-II.NFO,06/03/2025,09:25:47,49065,49062,30,49068.95,60,0,575970
BANKNIFTY-II.NFO,06/03/2025,09:25:49,49065,49062,30,49064.35,150,0,575970
BANKNIFTY-II.NFO,06/03/2025,09:25:50,49065,49062,30,49067.35,60,0,575970
BANKNIFTY-II.NFO,06/03/2025,09:25:52,49060,49050.75,150,49067.95,60,60,575970
BANKNIFTY-II.NFO,06/03/2025,09:25:52,49060,49050.75,150,49067.95,60,0,575970
BANKNIFTY-II.NFO,06/03/2025,09:25:54,49060,49050.55,150,49062,1200,0,575970
BANKNIFTY-II.NFO,06/03/2025,09:25:55,49060,49053.9,150,49062,1200,0,575970
BANKNIFTY-II.NFO,06/03/2025,09:25:57,49060,49057.4,120,49062,1200,0,575970
BANKNIFTY-II.NFO,06/03/2025,09:25:59,49080.95,49064.2,210,49082.85,120,1260,575970
BANKNIFTY-II.NFO,06/03/2025,09:26:00,49080.95,49054.75,150,49070.95,60,0,575970
BANKNIFTY-II.NFO,06/03/2025,09:26:02,49080.95,49058.65,120,49073.95,30,0,575970
BANKNIFTY-II.NFO,06/03/2025,09:26:04,49080.95,49059.2,120,49073.95,30,0,575970
BANKNIFTY-II.NFO,06/03/2025,09:26:05,49080.95,49064.3,150,49079.95,30,0,575970
BANKNIFTY-II.NFO,06/03/2025,09:26:07,49080.95,49063.1,120,49079.95,30,0,575970
BANKNIFTY-II.NFO,06/03/2025,09:26:09,49080.95,49066.2,210,49079.95,30,0,575970
BANKNIFTY-II.NFO,06/03/2025,09:26:10,49080.95,49071.55,150,49091.95,30,0,575970
BANKNIFTY-II.NFO,06/03/2025,09:26:12,49080.95,49080.75,180,49097.95,30,0,575970
BANKNIFTY-II.NFO,06/03/2025,09:26:14,49080.95,49076.1,150,49091.95,30,0,575970
BANKNIFTY-II.NFO,06/03/2025,09:26:15,49080.95,49079.4,120,49094.95,30,0,575970
BANKNIFTY-II.NFO,06/03/2025,09:26:17,49080.95,49082.55,120,49094.95,30,0,575970
BANKNIFTY-II.NFO,06/03/2025,09:26:19,49080.95,49086.8,120,49103.95,60,0,575970
BANKNIFTY-II.NFO,06/03/2025,09:26:20,49080.95,49087.45,120,49100.95,30,0,575970
BANKNIFTY-II.NFO,06/03/2025,09:26:22,49080.95,49080.95,30,49094.95,30,0,575970
BANKNIFTY-II.NFO,06/03/2025,09:26:24,49080.95,49080.95,30,49090,30,0,575970
BANKNIFTY-II.NFO,06/03/2025,09:26:25,49080.95,49080.95,30,49087.45,90,0,575970
BANKNIFTY-II.NFO,06/03/2025,09:26:27,49080.95,49080.95,30,49085.35,90,0,575970
BANKNIFTY-II.NFO,06/03/2025,09:26:29,49080.95,49080.95,30,49082,90,0,575970
BANKNIFTY-II.NFO,06/03/2025,09:26:30,49080.95,49069,30,49080.75,60,30,575970
BANKNIFTY-II.NFO,06/03/2025,09:26:32,49080.95,49069,30,49073.25,90,0,575970
BANKNIFTY-II.NFO,06/03/2025,09:26:34,49080.95,49069,30,49071.5,60,0,575970
BANKNIFTY-II.NFO,06/03/2025,09:26:35,49080.95,49069,30,49074.5,60,0,575970
BANKNIFTY-II.NFO,06/03/2025,09:26:37,49080.95,49069,30,49069.95,60,0,575970
BANKNIFTY-II.NFO,06/03/2025,09:26:39,49069,49055.1,120,49067.95,30,30,575970
BANKNIFTY-II.NFO,06/03/2025,09:26:40,49069,49051.05,120,49067.95,30,0,575970
BANKNIFTY-II.NFO,06/03/2025,09:26:42,49069,49053.75,180,49067.95,30,0,575970
BANKNIFTY-II.NFO,06/03/2025,09:26:44,49069,49054.35,150,49067.95,30,0,575970
BANKNIFTY-II.NFO,06/03/2025,09:26:45,49069,49053.45,150,49067.95,30,0,575970
BANKNIFTY-II.NFO,06/03/2025,09:26:47,49069,49050.55,120,49063.65,30,0,575970
BANKNIFTY-II.NFO,06/03/2025,09:26:49,49069,49051.65,150,49064.95,30,0,575970
BANKNIFTY-II.NFO,06/03/2025,09:26:50,49069,49053.45,180,49067.95,30,0,575970
BANKNIFTY-II.NFO,06/03/2025,09:26:52,49053.45,49052.9,150,49068.05,30,30,575970
BANKNIFTY-II.NFO,06/03/2025,09:26:52,49053.45,49052.9,150,49068.05,30,0,575970
BANKNIFTY-II.NFO,06/03/2025,09:26:54,49053.45,49052.3,150,49067.35,30,0,575970
BANKNIFTY-II.NFO,06/03/2025,09:26:55,49053.45,49051.8,150,49067.25,30,0,575970
BANKNIFTY-II.NFO,06/03/2025,09:26:57,49053.45,49052.95,120,49065.4,30,0,575970
BANKNIFTY-II.NFO,06/03/2025,09:26:59,49053.45,49050.5,30,49062.55,30,0,575970
BANKNIFTY-II.NFO,06/03/2025,09:27:00,49053.45,49050.5,30,49062.1,30,0,575970
BANKNIFTY-II.NFO,06/03/2025,09:27:02,49053.45,49050.5,30,49058.65,30,0,575970
BANKNIFTY-II.NFO,06/03/2025,09:27:04,49053.45,49050.5,30,49056.6,30,0,575970
BANKNIFTY-II.NFO,06/03/2025,09:27:05,49053.45,49050.5,30,49059.8,30,0,575970
BANKNIFTY-II.NFO,06/03/2025,09:27:07,49061.65,49051.65,120,49070.9,30,30,575970
BANKNIFTY-II.NFO,06/03/2025,09:27:09,49061.65,49054.45,120,49070.9,30,0,575970
BANKNIFTY-II.NFO,06/03/2025,09:27:10,49061.65,49052,150,49061,30,0,575970
BANKNIFTY-II.NFO,06/03/2025,09:27:12,49061,49056.25,150,49070.9,30,30,575970
BANKNIFTY-II.NFO,06/03/2025,09:27:13,49074.5,49050.55,150,49061,30,180,575970
BANKNIFTY-II.NFO,06/03/2025,09:27:15,49074.5,49054.85,120,49061,30,0,575970
BANKNIFTY-II.NFO,06/03/2025,09:27:17,49061,49057.55,210,49073.95,30,30,575970
BANKNIFTY-II.NFO,06/03/2025,09:27:18,49061,49060.75,180,49073.95,30,0,575970
BANKNIFTY-II.NFO,06/03/2025,09:27:20,49061,49066.9,120,49084.3,60,0,575970
BANKNIFTY-II.NFO,06/03/2025,09:27:22,49061,49067.05,150,49082.95,30,0,575970
BANKNIFTY-II.NFO,06/03/2025,09:27:23,49061,49071.25,150,49085.95,30,0,575970
BANKNIFTY-II.NFO,06/03/2025,09:27:25,49061,49079.6,180,49094.95,30,0,575970
BANKNIFTY-II.NFO,06/03/2025,09:27:27,49094.95,49080.8,120,49097.95,30,30,575970
BANKNIFTY-II.NFO,06/03/2025,09:27:28,49089.75,49071.75,30,49088.5,120,30,575520
BANKNIFTY-II.NFO,06/03/2025,09:27:30,49089.75,49064.6,180,49079.65,60,0,575520
BANKNIFTY-II.NFO,06/03/2025,09:27:32,49076.95,49061.35,120,49077.05,60,30,575520
BANKNIFTY-II.NFO,06/03/2025,09:27:33,49076.95,49061,30,49072.3,30,0,575520
BANKNIFTY-II.NFO,06/03/2025,09:27:35,49072.25,49057.45,90,49072.1,60,60,575520
BANKNIFTY-II.NFO,06/03/2025,09:27:37,49072.25,49059.85,150,49070.95,30,0,575520
BANKNIFTY-II.NFO,06/03/2025,09:27:38,49072.25,49068.5,150,49083.75,30,0,575520
BANKNIFTY-II.NFO,06/03/2025,09:27:40,49079.85,49073.1,120,49079.65,90,30,575520
BANKNIFTY-II.NFO,06/03/2025,09:27:42,49079.85,49073.1,120,49079.75,60,0,575520
BANKNIFTY-II.NFO,06/03/2025,09:27:43,49079.85,49073.1,120,49081.5,60,0,575520
BANKNIFTY-II.NFO,06/03/2025,09:27:45,49079.85,49073.1,120,49076.25,60,0,575520
BANKNIFTY-II.NFO,06/03/2025,09:27:47,49073.1,49055.7,120,49070.65,60,120,575520
BANKNIFTY-II.NFO,06/03/2025,09:27:48,49073.1,49058.75,210,49073.95,30,0,575520
BANKNIFTY-II.NFO,06/03/2025,09:27:50,49073.1,49057.6,90,49071,60,0,575520
BANKNIFTY-II.NFO,06/03/2025,09:27:52,49073.1,49060.3,120,49074.9,60,0,575520
BANKNIFTY-II.NFO,06/03/2025,09:27:53,49073.1,49057.85,150,49072.85,60,0,575520
BANKNIFTY-II.NFO,06/03/2025,09:27:55,49073.1,49054.75,120,49067.95,30,0,575520
BANKNIFTY-II.NFO,06/03/2025,09:27:57,49073.1,49058.75,150,49073.5,60,0,575520
BANKNIFTY-II.NFO,06/03/2025,09:27:58,49071,49050.5,30,49060,60,30,575520
BANKNIFTY-II.NFO,06/03/2025,09:28:00,49071,49050.5,30,49057.6,60,0,575520
BANKNIFTY-II.NFO,06/03/2025,09:28:02,49071,49050.5,30,49057,120,0,575520
BANKNIFTY-II.NFO,06/03/2025,09:28:03,49071,49051.55,120,49063.6,120,0,575520
BANKNIFTY-II.NFO,06/03/2025,09:28:05,49071,49050.5,30,49054.4,120,0,575520
BANKNIFTY-II.NFO,06/03/2025,09:28:07,49071,49050.5,30,49060.5,120,0,575520
BANKNIFTY-II.NFO,06/03/2025,09:28:08,49071,49051.5,150,49067.4,180,0,575520
BANKNIFTY-II.NFO,06/03/2025,09:28:10,49071,49055.05,150,49068.75,120,0,575520
BANKNIFTY-II.NFO,06/03/2025,09:28:12,49071,49058.25,150,49071.2,120,0,575520
BANKNIFTY-II.NFO,06/03/2025,09:28:13,49071,49052.9,150,49066.45,120,0,575520
BANKNIFTY-II.NFO,06/03/2025,09:28:15,49071,49053.8,150,49066.7,120,0,575520
BANKNIFTY-II.NFO,06/03/2025,09:28:17,49071,49050.55,150,49062.5,120,0,575520
BANKNIFTY-II.NFO,06/03/2025,09:28:18,49050.55,49050.55,150,49061.95,30,30,575520
BANKNIFTY-II.NFO,06/03/2025,09:28:18,49050.55,49050.55,150,49061.95,30,0,575520
BANKNIFTY-II.NFO,06/03/2025,09:28:20,49050.55,49050.8,120,49064.1,120,0,575520
BANKNIFTY-II.NFO,06/03/2025,09:28:22,49050.55,49051.25,120,49066.05,120,0,575520
BANKNIFTY-II.NFO,06/03/2025,09:28:23,49072.35,49059,120,49073.4,60,60,575520
BANKNIFTY-II.NFO,06/03/2025,09:28:25,49072.35,49061.35,150,49074.35,60,0,575520
BANKNIFTY-II.NFO,06/03/2025,09:28:27,49072.35,49062.35,150,49075.5,60,0,575520
BANKNIFTY-II.NFO,06/03/2025,09:28:28,49072.35,49068.5,120,49079.65,60,0,575520
BANKNIFTY-II.NFO,06/03/2025,09:28:30,49072.35,49062.6,120,49075.1,60,0,575520
BANKNIFTY-II.NFO,06/03/2025,09:28:32,49072.35,49064.9,120,49076.2,60,0,575520
BANKNIFTY-II.NFO,06/03/2025,09:28:33,49072.35,49063.1,150,49074.95,60,0,575520
BANKNIFTY-II.NFO,06/03/2025,09:28:35,49072.35,49069.75,150,49083.2,60,0,575520
BANKNIFTY-II.NFO,06/03/2025,09:28:37,49072.35,49072.2,120,49086.85,60,0,575520
BANKNIFTY-II.NFO,06/03/2025,09:28:38,49072.35,49071.7,150,49084.95,60,0,575520
BANKNIFTY-II.NFO,06/03/2025,09:28:40,49072.35,49076.15,60,49086.8,60,0,575520
BANKNIFTY-II.NFO,06/03/2025,09:28:42,49074.45,49076.5,120,49088.95,30,300,575520
BANKNIFTY-II.NFO,06/03/2025,09:28:43,49074.45,49075.9,120,49088.95,30,0,575520
BANKNIFTY-II.NFO,06/03/2025,09:28:45,49074.45,49075.5,120,49088.9,120,0,575520
BANKNIFTY-II.NFO,06/03/2025,09:28:47,49074.45,49082.05,150,49097.95,30,0,575520
BANKNIFTY-II.NFO,06/03/2025,09:28:48,49096.95,49084.55,120,49097.95,30,30,575520
BANKNIFTY-II.NFO,06/03/2025,09:28:50,49096.95,49079.4,120,49094.6,60,0,575520
BANKNIFTY-II.NFO,06/03/2025,09:28:52,49096.95,49077,120,49090.2,30,0,575520
BANKNIFTY-II.NFO,06/03/2025,09:28:53,49096.95,49076.85,120,49090.4,120,0,575520
BANKNIFTY-II.NFO,06/03/2025,09:28:55,49088.95,49076.2,150,49090.2,30,30,575520
BANKNIFTY-II.NFO,06/03/2025,09:28:57,49088.95,49074.65,150,49088.95,30,0,575520
BANKNIFTY-II.NFO,06/03/2025,09:28:58,49088.95,49072.35,30,49079.3,120,0,575520
BANKNIFTY-II.NFO,06/03/2025,09:29:00,49088.95,49072.35,30,49074.15,120,0,575520
BANKNIFTY-II.NFO,06/03/2025,09:29:02,49072.35,49059,120,49070.95,30,30,575520
BANKNIFTY-II.NFO,06/03/2025,09:29:03,49072.35,49060.25,120,49070.95,30,0,575520
BANKNIFTY-II.NFO,06/03/2025,09:29:05,49072.35,49059.45,120,49073.9,120,0,575520
BANKNIFTY-II.NFO,06/03/2025,09:29:07,49072.35,49062.1,120,49076.65,120,0,575520
BANKNIFTY-II.NFO,06/03/2025,09:29:08,49072.35,49064.2,120,49079.1,120,0,575520
BANKNIFTY-II.NFO,06/03/2025,09:29:10,49072.35,49061.8,120,49076.9,120,0,575520
BANKNIFTY-II.NFO,06/03/2025,09:29:12,49072.35,49063.3,120,49076.9,120,0,575520
BANKNIFTY-II.NFO,06/03/2025,09:29:13,49072.35,49062.3,150,49072.35,30,0,575520
BANKNIFTY-II.NFO,06/03/2025,09:29:15,49073.95,49063.6,120,49076.9,120,60,575520
BANKNIFTY-II.NFO,06/03/2025,09:29:17,49073.95,49063.45,120,49079.05,120,0,575520
BANKNIFTY-II.NFO,06/03/2025,09:29:18,49073.95,49064.95,150,49079.7,120,0,575520
BANKNIFTY-II.NFO,06/03/2025,09:29:20,49073.95,49067.1,120,49082.15,120,0,575520
BANKNIFTY-II.NFO,06/03/2025,09:29:22,49073.95,49069.9,120,49084.3,120,0,575520
BANKNIFTY-II.NFO,06/03/2025,09:29:23,49073.95,49064.35,120,49076.95,30,0,575520
BANKNIFTY-II.NFO,06/03/2025,09:29:25,49073.95,49063.15,150,49076.9,120,0,575520
BANKNIFTY-II.NFO,06/03/2025,09:29:27,49073.95,49062.6,150,49076.9,120,0,575520
BANKNIFTY-II.NFO,06/03/2025,09:29:28,49073.95,49060.05,30,49074.7,120,0,575520
BANKNIFTY-II.NFO,06/03/2025,09:29:30,49073.95,49060,30,49072.75,120,0,575520
BANKNIFTY-II.NFO,06/03/2025,09:29:31,49073.95,49060,30,49070,120,0,575520
BANKNIFTY-II.NFO,06/03/2025,09:29:33,49073.95,49060,30,49070.4,120,0,575520
BANKNIFTY-II.NFO,06/03/2025,09:29:35,49073.95,49060,30,49069.3,120,0,575520
BANKNIFTY-II.NFO,06/03/2025,09:29:36,49073.95,49060,30,49067.7,120,0,575520
BANKNIFTY-II.NFO,06/03/2025,09:29:38,49073.95,49060,30,49063.75,120,0,575520
BANKNIFTY-II.NFO,06/03/2025,09:29:40,49073.95,49060,30,49066.05,120,0,575520
BANKNIFTY-II.NFO,06/03/2025,09:29:41,49073.95,49060,30,49068.1,150,0,575520
BANKNIFTY-II.NFO,06/03/2025,09:29:43,49073.95,49060,30,49064.05,120,0,575520
BANKNIFTY-II.NFO,06/03/2025,09:29:45,49050.55,49051.8,90,49066.4,120,90,575520
BANKNIFTY-II.NFO,06/03/2025,09:29:46,49050.55,49055.45,90,49070.25,60,0,575520
BANKNIFTY-II.NFO,06/03/2025,09:29:48,49050.55,49052.7,90,49067.9,210,0,575520
BANKNIFTY-II.NFO,06/03/2025,09:29:50,49067.9,49053.9,120,49067.95,30,30,575520
BANKNIFTY-II.NFO,06/03/2025,09:29:51,49067.9,49058,120,49073.2,120,0,575520
BANKNIFTY-II.NFO,06/03/2025,09:29:53,49068.4,49054.25,60,49068.5,120,30,575520
BANKNIFTY-II.NFO,06/03/2025,09:29:55,49068.4,49054.15,120,49068.55,120,0,575520
BANKNIFTY-II.NFO,06/03/2025,09:29:56,49068.4,49050.75,120,49065.45,120,0,575520
BANKNIFTY-II.NFO,06/03/2025,09:29:58,49068.4,49050.5,30,49062.85,120,0,575520
BANKNIFTY-II.NFO,06/03/2025,09:30:00,49068.4,49050.85,150,49065.4,60,0,575520
BANKNIFTY-II.NFO,06/03/2025,09:30:01,49069.2,49057.1,120,49073,120,30,575520
BANKNIFTY-II.NFO,06/03/2025,09:30:03,49069.2,49052.95,120,49067.2,90,0,575520
BANKNIFTY-II.NFO,06/03/2025,09:30:04,49069.2,49053.3,120,49067.75,90,0,575520
BANKNIFTY-II.NFO,06/03/2025,09:30:06,49069.2,49055.1,150,49070.9,120,0,575520
BANKNIFTY-II.NFO,06/03/2025,09:30:08,49069.2,49050.5,30,49061.45,150,0,575520
BANKNIFTY-II.NFO,06/03/2025,09:30:09,49069.2,49055.8,120,49070.95,120,0,575520
BANKNIFTY-II.NFO,06/03/2025,09:30:11,49069.2,49056.75,120,49070.9,90,0,575520
BANKNIFTY-II.NFO,06/03/2025,09:30:13,49069.2,49055.85,120,49070.5,90,0,575520
BANKNIFTY-II.NFO,06/03/2025,09:30:14,49069.2,49060,30,49070.5,90,0,575520
BANKNIFTY-II.NFO,06/03/2025,09:30:16,49069.2,49070.45,30,49073.95,30,0,575520
BANKNIFTY-II.NFO,06/03/2025,09:30:21,49073.95,49070.6,120,49087.6,90,30,575520
BANKNIFTY-II.NFO,06/03/2025,09:30:23,49085.7,49071.45,120,49085.95,30,90,575520
BANKNIFTY-II.NFO,06/03/2025,09:30:24,49085.7,49072.55,120,49090.15,60,0,575520
BANKNIFTY-II.NFO,06/03/2025,09:30:26,49085.7,49075.35,120,49088.95,30,0,575520
BANKNIFTY-II.NFO,06/03/2025,09:30:28,49085.15,49070.45,30,49083,30,30,575520
BANKNIFTY-II.NFO,06/03/2025,09:30:29,49085.15,49075.05,60,49088.95,30,0,575520
BANKNIFTY-II.NFO,06/03/2025,09:30:31,49085.15,49072.85,60,49086.9,60,0,575520
BANKNIFTY-II.NFO,06/03/2025,09:30:33,49085.15,49071.55,120,49086.25,60,0,575520
BANKNIFTY-II.NFO,06/03/2025,09:30:34,49085.15,49070.45,30,49084.85,60,0,575520
BANKNIFTY-II.NFO,06/03/2025,09:30:36,49085.15,49070.45,30,49077.75,90,0,575520
BANKNIFTY-II.NFO,06/03/2025,09:30:38,49085.15,49070.45,30,49076.15,60,0,575520
BANKNIFTY-II.NFO,06/03/2025,09:30:39,49085.15,49070.45,30,49074.1,60,0,575520
BANKNIFTY-II.NFO,06/03/2025,09:30:41,49070,49060,30,49068.3,60,90,575610
BANKNIFTY-II.NFO,06/03/2025,09:30:43,49070,49060,30,49072.45,120,0,575610
BANKNIFTY-II.NFO,06/03/2025,09:30:44,49070,49060,30,49067.15,60,0,575610
BANKNIFTY-II.NFO,06/03/2025,09:30:46,49070,49060,30,49064.4,60,0,575610
BANKNIFTY-II.NFO,06/03/2025,09:30:48,49070,49060,30,49066.85,60,0,575610
BANKNIFTY-II.NFO,06/03/2025,09:30:49,49070,49060,30,49062.95,30,0,575610
BANKNIFTY-II.NFO,06/03/2025,09:30:51,49060,49050.5,30,49062.6,30,30,575610
BANKNIFTY-II.NFO,06/03/2025,09:30:53,49060,49050.5,30,49060.5,60,0,575610
BANKNIFTY-II.NFO,06/03/2025,09:30:54,49060,49050.5,30,49058.1,60,0,575610
BANKNIFTY-II.NFO,06/03/2025,09:30:56,49060,49050.5,30,49055.05,60,0,575610
BANKNIFTY-II.NFO,06/03/2025,09:30:58,49049,49030,30,49043.35,30,150,575610
BANKNIFTY-II.NFO,06/03/2025,09:30:58,49049,49030,30,49043.35,30,0,575610
BANKNIFTY-II.NFO,06/03/2025,09:30:59,49030,49015.6,150,49030.05,30,30,575610
BANKNIFTY-II.NFO,06/03/2025,09:30:59,49030,49015.6,150,49030.05,30,0,575610
BANKNIFTY-II.NFO,06/03/2025,09:31:01,49028.95,49018.45,60,49030.75,30,30,575610
BANKNIFTY-II.NFO,06/03/2025,09:31:01,49028.95,49018.45,60,49030.75,30,0,575610
BANKNIFTY-II.NFO,06/03/2025,09:31:03,49014.7,49020.7,60,49034.9,30,30,575610
BANKNIFTY-II.NFO,06/03/2025,09:31:03,49014.7,49020.7,60,49034.9,30,0,575610
BANKNIFTY-II.NFO,06/03/2025,09:31:04,49014.7,49017.7,90,49029.85,90,0,575610
BANKNIFTY-II.NFO,06/03/2025,09:31:06,49014.7,49024.55,60,49037.25,30,0,575610
BANKNIFTY-II.NFO,06/03/2025,09:31:08,49014.7,49022.95,60,49034.95,30,0,575610
BANKNIFTY-II.NFO,06/03/2025,09:31:09,49037.95,49029.6,120,49044.35,30,30,575610
BANKNIFTY-II.NFO,06/03/2025,09:31:11,49037.95,49025,60,49039.45,30,0,575610
BANKNIFTY-II.NFO,06/03/2025,09:31:13,49037.95,49017.7,90,49024.95,30,0,575610
BANKNIFTY-II.NFO,06/03/2025,09:31:14,49037.95,49017.7,90,49025.85,30,0,575610
BANKNIFTY-II.NFO,06/03/2025,09:31:16,49037.95,49017.7,90,49023.7,30,0,575610
BANKNIFTY-II.NFO,06/03/2025,09:31:18,49037.95,49017.7,90,49024.5,30,0,575610
BANKNIFTY-II.NFO,06/03/2025,09:31:19,49037.95,49017.7,90,49028.85,30,0,575610
BANKNIFTY-II.NFO,06/03/2025,09:31:21,49036.3,49025.2,60,49038.65,60,30,575610
BANKNIFTY-II.NFO,06/03/2025,09:31:23,49036.3,49018.25,60,49031,60,0,575610
BANKNIFTY-II.NFO,06/03/2025,09:31:24,49036.3,49017.75,60,49029.85,60,0,575610
BANKNIFTY-II.NFO,06/03/2025,09:31:26,49036.3,49017.7,90,49023.3,60,0,575610
BANKNIFTY-II.NFO,06/03/2025,09:31:28,49023.1,49017.7,90,49026.5,60,30,575610
BANKNIFTY-II.NFO,06/03/2025,09:31:29,49023.1,49017.7,90,49024.2,60,0,575610
BANKNIFTY-II.NFO,06/03/2025,09:31:31,49017.7,49010,30,49014.15,30,90,575610
BANKNIFTY-II.NFO,06/03/2025,09:31:33,49000,49000,180,49011.3,60,150,575610
BANKNIFTY-II.NFO,06/03/2025,09:31:33,49000,49000,180,49011.3,60,0,575610
BANKNIFTY-II.NFO,06/03/2025,09:31:34,49000,49007.2,90,49016.95,60,0,575610
BANKNIFTY-II.NFO,06/03/2025,09:31:36,49000,49007.2,90,49017.75,120,0,575610
BANKNIFTY-II.NFO,06/03/2025,09:31:38,49015.75,49015.75,30,49029.4,90,60,575610
BANKNIFTY-II.NFO,06/03/2025,09:31:39,49017.3,49016.75,120,49028.95,30,30,575610
BANKNIFTY-II.NFO,06/03/2025,09:31:41,49017.3,49021.8,60,49034.7,30,0,575610
BANKNIFTY-II.NFO,06/03/2025,09:31:43,49017.3,49021.25,60,49034.95,30,0,575610
BANKNIFTY-II.NFO,06/03/2025,09:31:44,49017.3,49020.3,60,49032.4,30,0,575610
BANKNIFTY-II.NFO,06/03/2025,09:31:46,49017.3,49007.2,90,49021.75,30,0,575610
BANKNIFTY-II.NFO,06/03/2025,09:31:48,49017.3,49007.2,90,49011.9,30,0,575610
BANKNIFTY-II.NFO,06/03/2025,09:31:49,49017.3,49007.2,90,49014.65,30,0,575610
BANKNIFTY-II.NFO,06/03/2025,09:31:51,49017.3,49007.2,90,49014.85,60,0,575610
BANKNIFTY-II.NFO,06/03/2025,09:31:53,49007.2,49000,150,49006.4,30,90,575610
BANKNIFTY-II.NFO,06/03/2025,09:31:54,49007.2,49000,150,49011.25,30,0,575610
BANKNIFTY-II.NFO,06/03/2025,09:31:56,49007.2,49000,150,49013.8,60,0,575610
BANKNIFTY-II.NFO,06/03/2025,09:31:58,49007.2,49000,150,49013.35,60,0,575610
BANKNIFTY-II.NFO,06/03/2025,09:31:59,49007.2,49000,150,49006.1,30,0,575610
BANKNIFTY-II.NFO,06/03/2025,09:32:01,49007.2,49000,150,49005.4,30,0,575610
BANKNIFTY-II.NFO,06/03/2025,09:32:03,49007.2,49000.1,120,49014.2,30,0,575610
BANKNIFTY-II.NFO,06/03/2025,09:32:04,49007.2,49005.75,60,49017.3,30,0,575610
BANKNIFTY-II.NFO,06/03/2025,09:32:06,49007.2,49000,150,49008.9,60,0,575610
BANKNIFTY-II.NFO,06/03/2025,09:32:08,49007.2,49000,150,49007.25,30,0,575610
BANKNIFTY-II.NFO,06/03/2025,09:32:09,49007.2,49000,180,49008.4,30,0,575610
BANKNIFTY-II.NFO,06/03/2025,09:32:11,49007.2,49003.55,60,49016.95,30,0,575610
BANKNIFTY-II.NFO,06/03/2025,09:32:13,49007.2,49007.2,330,49018.85,60,0,575610
BANKNIFTY-II.NFO,06/03/2025,09:32:14,49007.2,49009.8,120,49022.35,30,0,575610
BANKNIFTY-II.NFO,06/03/2025,09:32:16,49007.2,49009.45,60,49021.55,60,0,575610
BANKNIFTY-II.NFO,06/03/2025,09:32:18,49007.2,49015.9,60,49025.1,30,0,575610
BANKNIFTY-II.NFO,06/03/2025,09:32:19,49007.2,49013.6,60,49025.1,30,0,575610
BANKNIFTY-II.NFO,06/03/2025,09:32:21,49043.95,49022.55,120,49034.95,30,90,575610
BANKNIFTY-II.NFO,06/03/2025,09:32:23,49043.95,49015.35,120,49028.95,30,0,575610
BANKNIFTY-II.NFO,06/03/2025,09:32:24,49031.2,49016.9,60,49029.8,30,30,575610
BANKNIFTY-II.NFO,06/03/2025,09:32:26,49031.2,49024.65,120,49037.95,30,0,575610
BANKNIFTY-II.NFO,06/03/2025,09:32:28,49031.2,49019.45,60,49031.8,30,0,575610
BANKNIFTY-II.NFO,06/03/2025,09:32:29,49031.2,49013.2,60,49024.9,30,0,575610
BANKNIFTY-II.NFO,06/03/2025,09:32:31,49031.2,49016,60,49027.75,30,0,575610
BANKNIFTY-II.NFO,06/03/2025,09:32:33,49028.65,49015.15,30,49024.85,150,30,575610
BANKNIFTY-II.NFO,06/03/2025,09:32:34,49028.65,49015.15,30,49024.75,30,0,575610
BANKNIFTY-II.NFO,06/03/2025,09:32:36,49028.65,49015.15,30,49023.95,30,0,575610
BANKNIFTY-II.NFO,06/03/2025,09:32:37,49028.65,49015.15,30,49021.15,60,0,575610
BANKNIFTY-II.NFO,06/03/2025,09:32:39,49028.65,49015.55,120,49030.9,60,0,575610
BANKNIFTY-II.NFO,06/03/2025,09:32:41,49028.65,49017.45,30,49029.6,150,0,575610
BANKNIFTY-II.NFO,06/03/2025,09:32:42,49028.65,49017.45,30,49026.75,60,0,575610
BANKNIFTY-II.NFO,06/03/2025,09:32:44,49023.4,49017.45,30,49028,30,30,575610
BANKNIFTY-II.NFO,06/03/2025,09:32:46,49023.4,49017.45,30,49024.4,30,0,575610
BANKNIFTY-II.NFO,06/03/2025,09:32:47,49015.15,49010,30,49015.4,60,90,575610
BANKNIFTY-II.NFO,06/03/2025,09:32:49,49015.15,49010,30,49021,30,0,575610
BANKNIFTY-II.NFO,06/03/2025,09:32:51,49007.2,49000,240,49007.75,30,420,575610
BANKNIFTY-II.NFO,06/03/2025,09:32:52,49008,49000,240,49007.45,30,30,575610
BANKNIFTY-II.NFO,06/03/2025,09:32:54,49008,49000.05,30,49006.65,30,0,575610
BANKNIFTY-II.NFO,06/03/2025,09:32:56,49000.05,49000,240,49003.55,30,30,575610
BANKNIFTY-II.NFO,06/03/2025,09:32:57,49000.05,49000.3,60,49010.6,30,0,575610
BANKNIFTY-II.NFO,06/03/2025,09:32:59,49000.05,49000,240,49005.45,30,0,575610
BANKNIFTY-II.NFO,06/03/2025,09:33:00,49000,49000.05,30,49003.4,60,30,575610
BANKNIFTY-II.NFO,06/03/2025,09:33:02,49000,49000.05,30,49007.45,30,0,575610
BANKNIFTY-II.NFO,06/03/2025,09:33:04,49000,49002.65,60,49013.15,30,0,575610
BANKNIFTY-II.NFO,06/03/2025,09:33:05,49001.75,49006.9,60,49018.75,30,30,575610
BANKNIFTY-II.NFO,06/03/2025,09:33:07,49007.2,49007.25,30,49019.35,60,90,575610
BANKNIFTY-II.NFO,06/03/2025,09:33:09,49007.2,49007.25,60,49010.15,30,0,575610
BANKNIFTY-II.NFO,06/03/2025,09:33:10,49007.25,49007.25,30,49009.55,30,30,575610
BANKNIFTY-II.NFO,06/03/2025,09:33:12,49007.25,49007.25,30,49014.4,60,0,575610
BANKNIFTY-II.NFO,06/03/2025,09:33:14,49007.25,49007.25,30,49016.8,30,0,575610
BANKNIFTY-II.NFO,06/03/2025,09:33:16,49007.35,49007.3,30,49019.15,30,30,575610
BANKNIFTY-II.NFO,06/03/2025,09:33:17,49007.35,49007.3,30,49013.95,60,0,575610
BANKNIFTY-II.NFO,06/03/2025,09:33:19,49007.3,49000.05,120,49013.95,30,30,575610
BANKNIFTY-II.NFO,06/03/2025,09:33:21,49009.15,49000,180,49008.95,60,60,575610
BANKNIFTY-II.NFO,06/03/2025,09:33:22,49009.15,49000,180,49010.3,150,0,575610
BANKNIFTY-II.NFO,06/03/2025,09:33:24,49009.85,49000.05,120,49012.75,60,30,575610
BANKNIFTY-II.NFO,06/03/2025,09:33:26,49009.85,49000,180,49011.3,60,0,575610
BANKNIFTY-II.NFO,06/03/2025,09:33:27,49009.85,49000,180,49008.7,60,0,575610
BANKNIFTY-II.NFO,06/03/2025,09:33:29,49009.85,49000,180,49010.75,30,0,575610
BANKNIFTY-II.NFO,06/03/2025,09:33:31,49009.85,49000,180,49008.25,60,0,575610
BANKNIFTY-II.NFO,06/03/2025,09:33:32,49009,49000,180,49009.25,150,30,575850
BANKNIFTY-II.NFO,06/03/2025,09:33:34,49009,49000,180,49008.7,60,0,575850
BANKNIFTY-II.NFO,06/03/2025,09:33:36,49009,49000,180,49003.25,150,0,575850
BANKNIFTY-II.NFO,06/03/2025,09:33:37,48999,48990,30,48997.15,30,330,575850
BANKNIFTY-II.NFO,06/03/2025,09:33:37,48999,48990,30,48997.15,30,0,575850
BANKNIFTY-II.NFO,06/03/2025,09:33:39,48999,48990,30,48992.35,60,0,575850
BANKNIFTY-II.NFO,06/03/2025,09:33:41,49008.25,48992.35,120,49007.45,30,30,575850
BANKNIFTY-II.NFO,06/03/2025,09:33:42,49008.25,48990,30,49000.15,30,0,575850
BANKNIFTY-II.NFO,06/03/2025,09:33:44,49008.25,48990,30,49003.2,30,0,575850
BANKNIFTY-II.NFO,06/03/2025,09:33:45,49002.7,48990,30,49001.35,30,30,575850
BANKNIFTY-II.NFO,06/03/2025,09:33:47,48990.2,48990,60,49001.15,30,30,575850
BANKNIFTY-II.NFO,06/03/2025,09:33:47,48990.2,48990,60,49001.15,30,0,575850
BANKNIFTY-II.NFO,06/03/2025,09:33:49,49000.1,48990,30,49001.15,30,30,575850
BANKNIFTY-II.NFO,06/03/2025,09:33:50,48990,48982.05,150,48997.25,30,30,575850
BANKNIFTY-II.NFO,06/03/2025,09:33:50,48990,48982.05,150,48997.25,30,0,575850
BANKNIFTY-II.NFO,06/03/2025,09:33:52,48990,48979.85,120,48996.7,30,0,575850
BANKNIFTY-II.NFO,06/03/2025,09:33:54,48990,48981.45,150,48995.15,60,0,575850
BANKNIFTY-II.NFO,06/03/2025,09:33:55,48981.45,48984.4,120,49000,90,90,575850
BANKNIFTY-II.NFO,06/03/2025,09:33:55,48981.45,48984.4,120,49000,90,0,575850
BANKNIFTY-II.NFO,06/03/2025,09:33:57,48981.45,48990.25,150,49004.9,60,0,575850
BANKNIFTY-II.NFO,06/03/2025,09:33:59,48981.45,48986.15,150,49001.8,90,0,575850
BANKNIFTY-II.NFO,06/03/2025,09:34:00,48981.45,48985.8,120,49001.45,90,0,575850
BANKNIFTY-II.NFO,06/03/2025,09:34:02,49000.05,48982.75,150,48998.9,120,30,575850
BANKNIFTY-II.NFO,06/03/2025,09:34:04,49000.05,48969.9,120,48989.25,90,0,575850
BANKNIFTY-II.NFO,06/03/2025,09:34:05,48995.4,48980.8,120,48995.25,90,30,575850
BANKNIFTY-II.NFO,06/03/2025,09:34:07,48995.4,48981.4,120,48990,30,0,575850
BANKNIFTY-II.NFO,06/03/2025,09:34:09,48990,48983.45,120,48997.95,90,30,575850
BANKNIFTY-II.NFO,06/03/2025,09:34:10,48990,48990.7,30,48993.35,60,0,575850
BANKNIFTY-II.NFO,06/03/2025,09:34:12,48993.35,48977.6,120,48991.7,30,30,575850
BANKNIFTY-II.NFO,06/03/2025,09:34:13,48993.35,48972.8,120,48987,30,0,575850
BANKNIFTY-II.NFO,06/03/2025,09:34:15,48986.75,48971,60,48984.25,30,120,575850
BANKNIFTY-II.NFO,06/03/2025,09:34:17,48984,48971.1,120,48986.85,60,30,575850
BANKNIFTY-II.NFO,06/03/2025,09:34:18,48986.85,48976.7,120,48989.9,60,30,575850
BANKNIFTY-II.NFO,06/03/2025,09:34:20,48986.85,48978.25,120,48994.15,30,0,575850
BANKNIFTY-II.NFO,06/03/2025,09:34:22,48986.85,48978.7,120,48992.9,60,0,575850
BANKNIFTY-II.NFO,06/03/2025,09:34:23,48986.85,48978.3,120,48995.85,60,0,575850
BANKNIFTY-II.NFO,06/03/2025,09:34:25,48986.85,48973.75,60,48987.95,30,0,575850
BANKNIFTY-II.NFO,06/03/2025,09:34:27,48986.85,48970,30,48980.75,30,0,575850
BANKNIFTY-II.NFO,06/03/2025,09:34:28,48986.85,48970,30,48974.05,30,0,575850
BANKNIFTY-II.NFO,06/03/2025,09:34:30,48970,48963,30,48970.35,90,60,575850
BANKNIFTY-II.NFO,06/03/2025,09:34:30,48970,48963,30,48970.35,90,0,575850
BANKNIFTY-II.NFO,06/03/2025,09:34:32,48970,48965.35,60,48979.7,30,0,575850
BANKNIFTY-II.NFO,06/03/2025,09:34:33,48970,48970.9,120,48986.55,30,0,575850
BANKNIFTY-II.NFO,06/03/2025,09:34:35,48970,48963,30,48976.7,30,0,575850
BANKNIFTY-II.NFO,06/03/2025,09:34:37,48970,48963,30,48971.45,30,0,575850
BANKNIFTY-II.NFO,06/03/2025,09:34:38,48970,48963,30,48970,30,0,575850
BANKNIFTY-II.NFO,06/03/2025,09:34:45,48970,48966.7,120,48970,30,0,575850
BANKNIFTY-II.NFO,06/03/2025,09:34:47,48970,48971.2,150,48980,90,30,575850
BANKNIFTY-II.NFO,06/03/2025,09:34:48,48970,48969.2,120,48980,90,0,575850
BANKNIFTY-II.NFO,06/03/2025,09:34:50,48970,48968.7,120,48980,90,0,575850
BANKNIFTY-II.NFO,06/03/2025,09:34:52,48970,48964.6,120,48980,90,0,575850
BANKNIFTY-II.NFO,06/03/2025,09:34:53,48970,48971.15,150,48980,90,0,575850
BANKNIFTY-II.NFO,06/03/2025,09:34:55,48970,48971.7,150,48980,90,0,575850
BANKNIFTY-II.NFO,06/03/2025,09:34:57,48973.05,48975.05,120,48980,90,30,575850
BANKNIFTY-II.NFO,06/03/2025,09:34:58,48980,48968.7,150,48980,60,30,575850
BANKNIFTY-II.NFO,06/03/2025,09:35:00,48980,48971.4,120,48980,60,0,575850
BANKNIFTY-II.NFO,06/03/2025,09:35:02,48980,48968.2,120,48980,60,0,575850
BANKNIFTY-II.NFO,06/03/2025,09:35:03,48980,48970,120,48980,60,0,575850
BANKNIFTY-II.NFO,06/03/2025,09:35:05,48980,48981.05,30,48992.55,60,60,575850
BANKNIFTY-II.NFO,06/03/2025,09:35:07,48980,48978.2,120,48991.15,30,0,575850
BANKNIFTY-II.NFO,06/03/2025,09:35:08,48980,48986.75,60,48999.6,30,0,575850
BANKNIFTY-II.NFO,06/03/2025,09:35:10,48980,48988.4,60,49000,30,0,575850
BANKNIFTY-II.NFO,06/03/2025,09:35:12,48980,48987.9,120,49000,30,0,575850
BANKNIFTY-II.NFO,06/03/2025,09:35:13,48990.25,48993.1,120,49000,30,30,575850
BANKNIFTY-II.NFO,06/03/2025,09:35:15,48990.25,48992.5,30,49000,30,0,575850
BANKNIFTY-II.NFO,06/03/2025,09:35:17,48990.25,48993.75,120,49000,30,0,575850
BANKNIFTY-II.NFO,06/03/2025,09:35:18,48990.25,48994.4,120,49000,30,0,575850
BANKNIFTY-II.NFO,06/03/2025,09:35:20,48990.25,48992.55,120,49000,30,0,575850
BANKNIFTY-II.NFO,06/03/2025,09:35:22,48990.25,48994.85,120,49000,30,0,575850
BANKNIFTY-II.NFO,06/03/2025,09:35:23,49000.4,49002.15,120,49005,30,60,575850
BANKNIFTY-II.NFO,06/03/2025,09:35:25,49005,49006.5,120,49010,30,30,575850
BANKNIFTY-II.NFO,06/03/2025,09:35:27,49010,49014.1,120,49031.8,60,30,575850
BANKNIFTY-II.NFO,06/03/2025,09:35:28,49031.65,49016.7,120,49032.15,30,30,575850
BANKNIFTY-II.NFO,06/03/2025,09:35:30,49031.65,49031.65,30,49036.75,30,0,575850
BANKNIFTY-II.NFO,06/03/2025,09:35:32,49031.65,49011.1,120,49031.2,60,30,575850
BANKNIFTY-II.NFO,06/03/2025,09:35:33,49031.65,49008.2,60,49022.85,60,0,575850
BANKNIFTY-II.NFO,06/03/2025,09:35:35,49031.65,49001.3,60,49015.65,60,0,575850
BANKNIFTY-II.NFO,06/03/2025,09:35:37,49019.85,49001.95,60,49016.6,60,30,575850
BANKNIFTY-II.NFO,06/03/2025,09:35:38,49019.85,49007.4,60,49023.7,60,0,575850
BANKNIFTY-II.NFO,06/03/2025,09:35:40,49019.85,49003.25,60,49019.25,90,0,575850
BANKNIFTY-II.NFO,06/03/2025,09:35:42,49019.85,49018,30,49023.1,30,0,575850
BANKNIFTY-II.NFO,06/03/2025,09:35:43,49019.85,49018,30,49025.05,30,0,575850
BANKNIFTY-II.NFO,06/03/2025,09:35:45,49019.85,49018,30,49030.15,90,0,575850
BANKNIFTY-II.NFO,06/03/2025,09:35:47,49019.85,49018,30,49027.95,60,0,575850
BANKNIFTY-II.NFO,06/03/2025,09:35:48,49019.85,49018,30,49029.2,30,0,575850
BANKNIFTY-II.NFO,06/03/2025,09:35:50,49019.85,49018,30,49025.3,30,0,575850
BANKNIFTY-II.NFO,06/03/2025,09:35:52,49019.85,49018,30,49020.3,30,0,575850
BANKNIFTY-II.NFO,06/03/2025,09:35:53,49018,49006,60,49021.45,60,30,575850
BANKNIFTY-II.NFO,06/03/2025,09:35:55,49018,49002.1,60,49017.2,60,0,575850
BANKNIFTY-II.NFO,06/03/2025,09:35:57,49018,49005.95,60,49020.4,60,0,575850
BANKNIFTY-II.NFO,06/03/2025,09:35:58,49006.75,49003.95,150,49019.45,120,30,575850
BANKNIFTY-II.NFO,06/03/2025,09:36:00,49006.75,49000,60,49014.75,60,0,575850
BANKNIFTY-II.NFO,06/03/2025,09:36:02,49006.75,49000,60,49011.05,60,0,575850
BANKNIFTY-II.NFO,06/03/2025,09:36:03,49006.75,49000,60,49010.85,90,0,575850
BANKNIFTY-II.NFO,06/03/2025,09:36:05,49006.75,49000,60,49009.5,60,0,575850
BANKNIFTY-II.NFO,06/03/2025,09:36:07,49006.75,49000,60,49011.3,90,0,575850
BANKNIFTY-II.NFO,06/03/2025,09:36:08,49006.75,49000,60,49012.3,90,0,575850
BANKNIFTY-II.NFO,06/03/2025,09:36:10,49006.75,49005.35,60,49020.1,90,0,575850
BANKNIFTY-II.NFO,06/03/2025,09:36:12,49006.75,49005.4,60,49020.2,60,0,575850
BANKNIFTY-II.NFO,06/03/2025,09:36:13,49006.75,49000.05,120,49015.35,60,0,575850
BANKNIFTY-II.NFO,06/03/2025,09:36:15,49006.75,49001.05,120,49015.4,60,0,575850
BANKNIFTY-II.NFO,06/03/2025,09:36:17,49006.75,49001.95,120,49016.2,60,0,575850
BANKNIFTY-II.NFO,06/03/2025,09:36:18,49006.75,49002.1,120,49020.35,30,0,575850
BANKNIFTY-II.NFO,06/03/2025,09:36:20,49006.75,49005.7,120,49020.95,60,0,575850
BANKNIFTY-II.NFO,06/03/2025,09:36:22,49006.75,49011.15,120,49026.75,60,0,575850
BANKNIFTY-II.NFO,06/03/2025,09:36:23,49006.75,49014.2,120,49029.05,60,0,575850
BANKNIFTY-II.NFO,06/03/2025,09:36:25,49006.75,49015.05,150,49030.8,90,0,575850
BANKNIFTY-II.NFO,06/03/2025,09:36:27,49006.75,49020.05,30,49033.2,60,0,575850
BANKNIFTY-II.NFO,06/03/2025,09:36:28,49006.75,49017.05,30,49031.05,30,0,575850
BANKNIFTY-II.NFO,06/03/2025,09:36:30,49006.75,49020.05,30,49031.15,60,0,575850
BANKNIFTY-II.NFO,06/03/2025,09:36:32,49006.75,49013.1,120,49027.9,60,0,575850
BANKNIFTY-II.NFO,06/03/2025,09:36:33,49006.75,49015.1,120,49030.35,60,0,575850
BANKNIFTY-II.NFO,06/03/2025,09:36:35,49006.75,49016.05,120,49031.15,60,0,575850
BANKNIFTY-II.NFO,06/03/2025,09:36:37,49006.75,49020.05,30,49033.65,60,0,575850
BANKNIFTY-II.NFO,06/03/2025,09:36:38,49006.75,49023.05,30,49036.75,180,0,575850
BANKNIFTY-II.NFO,06/03/2025,09:36:40,49006.75,49017.2,120,49032.6,150,0,575850
BANKNIFTY-II.NFO,06/03/2025,09:36:42,49006.75,49017.85,120,49034.35,30,0,575850
BANKNIFTY-II.NFO,06/03/2025,09:36:43,49006.75,49014,120,49029.25,60,0,575850
BANKNIFTY-II.NFO,06/03/2025,09:36:45,49006.75,49014.3,120,49029.9,60,0,575850
BANKNIFTY-II.NFO,06/03/2025,09:36:47,49006.75,49023.05,30,49032.05,150,0,575850
BANKNIFTY-II.NFO,06/03/2025,09:36:48,49006.75,49018.55,60,49032.65,30,0,575850
BANKNIFTY-II.NFO,06/03/2025,09:36:50,49006.75,49013.05,150,49017.85,30,0,575850
BANKNIFTY-II.NFO,06/03/2025,09:36:52,49006.75,49008.1,120,49017.85,30,0,575850
BANKNIFTY-II.NFO,06/03/2025,09:36:53,49006.75,49010.9,150,49017.85,30,0,575850
BANKNIFTY-II.NFO,06/03/2025,09:36:55,49006.75,49006.6,150,49017.85,30,0,575850
BANKNIFTY-II.NFO,06/03/2025,09:36:57,49006.75,49005.25,90,49017.85,30,0,575850
BANKNIFTY-II.NFO,06/03/2025,09:36:58,49006.75,49008.2,150,49017.85,30,0,575850
BANKNIFTY-II.NFO,06/03/2025,09:37:00,49006.75,49005.45,60,49017.85,30,0,575850
BANKNIFTY-II.NFO,06/03/2025,09:37:01,49006.75,49006,30,49017.85,30,0,575850
BANKNIFTY-II.NFO,06/03/2025,09:37:03,49006.75,49009.25,60,49017.85,30,0,575850
BANKNIFTY-II.NFO,06/03/2025,09:37:05,49006.75,49010.1,120,49017.85,30,0,575850
BANKNIFTY-II.NFO,06/03/2025,09:37:06,49006.75,49011.85,120,49017.85,30,0,575850
BANKNIFTY-II.NFO,06/03/2025,09:37:08,49006.75,49010.8,60,49017.85,30,0,575850
BANKNIFTY-II.NFO,06/03/2025,09:37:10,49006.75,49011.1,150,49017.85,30,0,575850
BANKNIFTY-II.NFO,06/03/2025,09:37:11,49006.75,49014.3,120,49017.85,30,0,575850
BANKNIFTY-II.NFO,06/03/2025,09:37:13,49006.75,49013.3,150,49017.85,30,0,575850
BANKNIFTY-II.NFO,06/03/2025,09:37:15,49017.85,49021.35,150,49036.85,90,30,576270
BANKNIFTY-II.NFO,06/03/2025,09:37:16,49017.85,49016.95,120,49033.35,150,0,576270
BANKNIFTY-II.NFO,06/03/2025,09:37:18,49017.85,49015.55,120,49030.75,60,0,576270
BANKNIFTY-II.NFO,06/03/2025,09:37:20,49017.85,49012.55,120,49028.3,30,0,576270
BANKNIFTY-II.NFO,06/03/2025,09:37:21,49017.85,49011.1,120,49026.1,60,0,576270
BANKNIFTY-II.NFO,06/03/2025,09:37:23,49017.85,49013,120,49028.9,60,0,576270
BANKNIFTY-II.NFO,06/03/2025,09:37:25,49031.8,49014.2,60,49028.85,90,30,576270
BANKNIFTY-II.NFO,06/03/2025,09:37:26,49031.8,49017.7,120,49034.1,30,0,576270
BANKNIFTY-II.NFO,06/03/2025,09:37:28,49031.8,49016,120,49032,150,0,576270
BANKNIFTY-II.NFO,06/03/2025,09:37:30,49031.8,49011,60,49026.15,60,0,576270
BANKNIFTY-II.NFO,06/03/2025,09:37:31,49031.8,49007.1,120,49022.7,60,0,576270
BANKNIFTY-II.NFO,06/03/2025,09:37:33,49031.8,49008.35,120,49023.15,60,0,576270
BANKNIFTY-II.NFO,06/03/2025,09:37:35,49031.8,49009.7,120,49024,60,0,576270
BANKNIFTY-II.NFO,06/03/2025,09:37:36,49031.8,49006,30,49019.6,60,0,576270
BANKNIFTY-II.NFO,06/03/2025,09:37:38,49023,49012,60,49026.85,60,30,576270
BANKNIFTY-II.NFO,06/03/2025,09:37:40,49023,49012.8,120,49027.7,60,0,576270
BANKNIFTY-II.NFO,06/03/2025,09:37:42,49023,49014.05,30,49026.85,60,0,576270
BANKNIFTY-II.NFO,06/03/2025,09:37:43,49029.55,49014.1,120,49029.25,90,30,576270
BANKNIFTY-II.NFO,06/03/2025,09:37:45,49029.55,49014.05,30,49027.3,60,0,576270
BANKNIFTY-II.NFO,06/03/2025,09:37:46,49029.55,49011.8,60,49026.35,90,0,576270
BANKNIFTY-II.NFO,06/03/2025,09:37:48,49029.55,49008.05,30,49021.6,60,0,576270
BANKNIFTY-II.NFO,06/03/2025,09:37:50,49029.55,49006.2,120,49020.85,60,0,576270
BANKNIFTY-II.NFO,06/03/2025,09:37:51,49023.15,49008.05,30,49023.45,270,30,576270
BANKNIFTY-II.NFO,06/03/2025,09:37:53,49014.6,49006,30,49015.7,30,180,576270
BANKNIFTY-II.NFO,06/03/2025,09:37:55,49012.4,49006,30,49011.25,270,240,576270
BANKNIFTY-II.NFO,06/03/2025,09:37:56,49006,49000,60,49006.55,150,150,576270
BANKNIFTY-II.NFO,06/03/2025,09:37:58,49005.9,49006,30,49008.55,90,150,576270
BANKNIFTY-II.NFO,06/03/2025,09:38:00,49008.55,49000,60,49001.75,30,30,576270
BANKNIFTY-II.NFO,06/03/2025,09:38:01,49000,48981.1,120,48996.6,30,60,576270
BANKNIFTY-II.NFO,06/03/2025,09:38:03,49002.6,48992.4,60,49006.6,30,30,576270
BANKNIFTY-II.NFO,06/03/2025,09:38:05,49002.6,48999.9,90,49013.95,60,0,576270
BANKNIFTY-II.NFO,06/03/2025,09:38:06,49017.15,49001.85,60,49015.15,30,60,576270
BANKNIFTY-II.NFO,06/03/2025,09:38:08,49017.15,49006.5,90,49020.95,60,0,576270
BANKNIFTY-II.NFO,06/03/2025,09:38:10,49017.15,49014,60,49027.65,90,0,576270
BANKNIFTY-II.NFO,06/03/2025,09:38:11,49017.15,49010.95,150,49025.65,60,0,576270
BANKNIFTY-II.NFO,06/03/2025,09:38:13,49017.15,49012.9,60,49026.85,90,0,576270
BANKNIFTY-II.NFO,06/03/2025,09:38:15,49017.15,49010.3,60,49024,30,0,576270
BANKNIFTY-II.NFO,06/03/2025,09:38:16,49017.15,49007.55,90,49022.15,90,0,576270
BANKNIFTY-II.NFO,06/03/2025,09:38:18,49017.15,49008.7,90,49022.9,60,0,576270
BANKNIFTY-II.NFO,06/03/2025,09:38:20,49017.15,49010.75,120,49024.95,90,0,576270
BANKNIFTY-II.NFO,06/03/2025,09:38:21,49017.15,49013.05,120,49026.6,60,0,576270
BANKNIFTY-II.NFO,06/03/2025,09:38:23,49017.15,49008.65,150,49023.9,90,0,576270
BANKNIFTY-II.NFO,06/03/2025,09:38:25,49017.15,49009.8,120,49024.25,30,0,576270
BANKNIFTY-II.NFO,06/03/2025,09:38:26,49017.15,49006.55,120,49019.95,30,0,576270
BANKNIFTY-II.NFO,06/03/2025,09:38:28,49017.15,49002.9,90,49016.3,90,0,576270
BANKNIFTY-II.NFO,06/03/2025,09:38:30,49017.15,49001.7,120,49015.45,30,0,576270
BANKNIFTY-II.NFO,06/03/2025,09:38:31,49017.15,49007.4,60,49020.4,90,0,576270
BANKNIFTY-II.NFO,06/03/2025,09:38:33,49017.15,49008.7,120,49024.15,150,0,576270
BANKNIFTY-II.NFO,06/03/2025,09:38:35,49017.15,49008.75,60,49022.8,90,0,576270
BANKNIFTY-II.NFO,06/03/2025,09:38:36,49007.1,49006.7,150,49021.9,60,60,576270
BANKNIFTY-II.NFO,06/03/2025,09:38:38,49007.1,49005.85,150,49022.25,120,0,576270
BANKNIFTY-II.NFO,06/03/2025,09:38:40,49007.1,49008.5,120,49023.8,60,0,576270
BANKNIFTY-II.NFO,06/03/2025,09:38:41,49007.1,49010.05,150,49024.55,30,0,576270
BANKNIFTY-II.NFO,06/03/2025,09:38:43,49007.1,49011.5,150,49024.55,30,0,576270
BANKNIFTY-II.NFO,06/03/2025,09:38:45,49007.1,49013.55,150,49027.8,60,0,576270
BANKNIFTY-II.NFO,06/03/2025,09:38:46,49007.1,49013.85,150,49028.4,60,0,576270
BANKNIFTY-II.NFO,06/03/2025,09:38:48,49007.1,49015,150,49029.15,60,0,576270
BANKNIFTY-II.NFO,06/03/2025,09:38:50,49007.1,49012.35,120,49031.15,60,0,576270
BANKNIFTY-II.NFO,06/03/2025,09:38:51,49031.15,49011.2,120,49028.75,120,30,576270
BANKNIFTY-II.NFO,06/03/2025,09:38:53,49031.15,49011.1,60,49026.3,90,0,576270
BANKNIFTY-II.NFO,06/03/2025,09:38:55,49031.15,49006.5,150,49023.95,30,0,576270
BANKNIFTY-II.NFO,06/03/2025,09:38:56,49031.15,49005.95,150,49022.2,30,0,576270
BANKNIFTY-II.NFO,06/03/2025,09:38:58,49031.15,49007.45,120,49022.7,90,0,576270
BANKNIFTY-II.NFO,06/03/2025,09:39:00,49031.15,49007.35,150,49025.9,60,0,576270
BANKNIFTY-II.NFO,06/03/2025,09:39:01,49031.15,49009.15,120,49027.35,120,0,576270
BANKNIFTY-II.NFO,06/03/2025,09:39:03,49031.15,49002,30,49016.6,60,0,576270
BANKNIFTY-II.NFO,06/03/2025,09:39:05,49031.15,49002,30,49006.7,90,0,576270
BANKNIFTY-II.NFO,06/03/2025,09:39:06,49031.15,49002,30,49014.95,60,0,576270
BANKNIFTY-II.NFO,06/03/2025,09:39:08,49031.15,49002,30,49012,60,0,576270
BANKNIFTY-II.NFO,06/03/2025,09:39:10,49031.15,49002,30,49005.85,60,0,576270
BANKNIFTY-II.NFO,06/03/2025,09:39:11,49002,48995,30,49000,90,30,576270
BANKNIFTY-II.NFO,06/03/2025,09:39:13,49002,48995,30,49000,90,0,576270
BANKNIFTY-II.NFO,06/03/2025,09:39:14,49000,48995,30,49000,30,60,576270
BANKNIFTY-II.NFO,06/03/2025,09:39:16,49000,48995.25,120,49010.05,60,30,576270
BANKNIFTY-II.NFO,06/03/2025,09:39:18,49000,48995.05,120,49010.05,150,0,576270
BANKNIFTY-II.NFO,06/03/2025,09:39:19,49000,48995.35,120,49010.35,90,0,576270
BANKNIFTY-II.NFO,06/03/2025,09:39:21,49000,48995,30,49006.85,90,0,576270
BANKNIFTY-II.NFO,06/03/2025,09:39:23,49000,48995,30,49004.95,90,0,576270
BANKNIFTY-II.NFO,06/03/2025,09:39:24,49000,48995,30,49003.3,60,0,576270
BANKNIFTY-II.NFO,06/03/2025,09:39:26,49000,48995,30,49003.4,90,0,576270
BANKNIFTY-II.NFO,06/03/2025,09:39:28,49000,48995,30,48998.45,90,0,576270
BANKNIFTY-II.NFO,06/03/2025,09:39:29,49000,48995,30,48995.25,90,0,576270
BANKNIFTY-II.NFO,06/03/2025,09:39:31,48995,48974.9,120,48992,60,30,576750
BANKNIFTY-II.NFO,06/03/2025,09:39:33,48995,48972.5,30,48983.3,30,0,576750
BANKNIFTY-II.NFO,06/03/2025,09:39:34,48972.5,48970,120,48976.2,60,30,576750
BANKNIFTY-II.NFO,06/03/2025,09:39:36,48972.5,48970,120,48977.7,60,0,576750
BANKNIFTY-II.NFO,06/03/2025,09:39:38,48972.5,48970,120,48978.5,30,0,576750
BANKNIFTY-II.NFO,06/03/2025,09:39:39,48972.5,48970.35,120,48985.3,60,0,576750
BANKNIFTY-II.NFO,06/03/2025,09:39:41,48972.5,48970.25,120,48984.9,30,0,576750
BANKNIFTY-II.NFO,06/03/2025,09:39:42,48972.5,48970.8,120,48985.8,30,0,576750
BANKNIFTY-II.NFO,06/03/2025,09:39:44,48983.3,48970.4,120,48987.35,60,30,576750
BANKNIFTY-II.NFO,06/03/2025,09:39:46,48983.3,48972.2,150,48988,30,0,576750
BANKNIFTY-II.NFO,06/03/2025,09:39:48,48983.3,48973.7,120,48988.35,60,0,576750
BANKNIFTY-II.NFO,06/03/2025,09:39:49,48983.3,48970.55,120,48986.35,60,0,576750
BANKNIFTY-II.NFO,06/03/2025,09:39:51,48983.3,48972.05,120,48986.35,60,0,576750
BANKNIFTY-II.NFO,06/03/2025,09:39:52,48983.3,48970.85,150,48986.35,60,0,576750
BANKNIFTY-II.NFO,06/03/2025,09:39:54,48983.3,48970.15,120,48986.35,60,0,576750
BANKNIFTY-II.NFO,06/03/2025,09:39:56,48983.3,48971.55,150,48986.5,30,0,576750
BANKNIFTY-II.NFO,06/03/2025,09:39:57,48983.3,48971.15,150,48986.6,30,0,576750
BANKNIFTY-II.NFO,06/03/2025,09:39:59,48983.3,48972.35,120,48985.65,30,0,576750
BANKNIFTY-II.NFO,06/03/2025,09:40:01,48983.3,48973.85,120,48992.65,150,0,576750
BANKNIFTY-II.NFO,06/03/2025,09:40:02,48983.3,48973.05,150,48990.4,30,0,576750
BANKNIFTY-II.NFO,06/03/2025,09:40:04,48983.3,48971.25,120,48989.9,180,0,576750
BANKNIFTY-II.NFO,06/03/2025,09:40:05,48983.3,48973.75,120,48989.95,30,0,576750
BANKNIFTY-II.NFO,06/03/2025,09:40:07,48983.3,48976.25,120,48992.85,60,0,576750
BANKNIFTY-II.NFO,06/03/2025,09:40:09,48983.3,48977.85,120,48992.95,30,0,576750
BANKNIFTY-II.NFO,06/03/2025,09:40:10,48983.3,48974.2,150,48988.9,30,0,576750
BANKNIFTY-II.NFO,06/03/2025,09:40:12,48983.3,48973,120,48988.2,60,0,576750
BANKNIFTY-II.NFO,06/03/2025,09:40:14,48983.3,48971.9,150,48986.75,30,0,576750
BANKNIFTY-II.NFO,06/03/2025,09:40:15,48983.3,48970.5,120,48986.85,60,0,576750
BANKNIFTY-II.NFO,06/03/2025,09:40:17,48983.3,48970.05,60,48983.35,30,0,576750
BANKNIFTY-II.NFO,06/03/2025,09:40:18,48983.3,48970,120,48981.75,60,0,576750
BANKNIFTY-II.NFO,06/03/2025,09:40:20,48983.3,48970,120,48981.3,30,0,576750
BANKNIFTY-II.NFO,06/03/2025,09:40:22,48980.1,48970,120,48979.55,30,30,576750
BANKNIFTY-II.NFO,06/03/2025,09:40:23,48980.1,48970,120,48979.4,30,0,576750
BANKNIFTY-II.NFO,06/03/2025,09:40:25,48980.1,48970,120,48980.3,30,0,576750
BANKNIFTY-II.NFO,06/03/2025,09:40:27,48980.1,48970,120,48978.65,30,0,576750
BANKNIFTY-II.NFO,06/03/2025,09:40:28,48980.1,48970,120,48978.75,30,0,576750
BANKNIFTY-II.NFO,06/03/2025,09:40:30,48970,48970,90,48973,60,30,576750
BANKNIFTY-II.NFO,06/03/2025,09:40:32,48970,48963,30,48965.8,150,90,576750
BANKNIFTY-II.NFO,06/03/2025,09:40:33,48963,48962.5,30,48964.2,90,90,576750
BANKNIFTY-II.NFO,06/03/2025,09:40:33,48963,48962.5,30,48964.2,90,0,576750
BANKNIFTY-II.NFO,06/03/2025,09:40:35,48960,48951,60,48960.4,90,300,576750
BANKNIFTY-II.NFO,06/03/2025,09:40:35,48960,48951,60,48960.4,90,0,576750
BANKNIFTY-II.NFO,06/03/2025,09:40:37,48960,48951,60,48960.5,150,0,576750
BANKNIFTY-II.NFO,06/03/2025,09:40:38,48960,48951,60,48956.4,60,0,576750
BANKNIFTY-II.NFO,06/03/2025,09:40:40,48960,48951,60,48957.4,60,0,576750
BANKNIFTY-II.NFO,06/03/2025,09:40:42,48960,48951,60,48956.35,30,0,576750
BANKNIFTY-II.NFO,06/03/2025,09:40:43,48960,48951,60,48956,30,0,576750
BANKNIFTY-II.NFO,06/03/2025,09:40:45,48960,48951,60,48956.65,60,0,576750
BANKNIFTY-II.NFO,06/03/2025,09:40:47,48962.9,48951,60,48962.35,90,30,576750
BANKNIFTY-II.NFO,06/03/2025,09:40:48,48962.9,48951.25,120,48963.8,30,0,576750
BANKNIFTY-II.NFO,06/03/2025,09:40:50,48962.9,48952.35,120,48967.85,60,0,576750
BANKNIFTY-II.NFO,06/03/2025,09:40:52,48971.3,48953.85,120,48968.85,60,30,576750
BANKNIFTY-II.NFO,06/03/2025,09:40:53,48954.75,48951.35,120,48968.9,30,30,576750
BANKNIFTY-II.NFO,06/03/2025,09:40:53,48954.75,48951.35,120,48968.9,30,0,576750
BANKNIFTY-II.NFO,06/03/2025,09:40:55,48954.75,48953.45,120,48971.9,90,0,576750
BANKNIFTY-II.NFO,06/03/2025,09:40:57,48954.75,48955.05,120,48971.9,60,0,576750
BANKNIFTY-II.NFO,06/03/2025,09:40:58,48954.75,48959.3,120,48979.9,60,0,576750
BANKNIFTY-II.NFO,06/03/2025,09:41:00,48954.75,48964.65,150,48986.05,60,0,576750
BANKNIFTY-II.NFO,06/03/2025,09:41:01,48971.3,48966.65,120,48986.7,30,90,576750
BANKNIFTY-II.NFO,06/03/2025,09:41:03,48971.3,48969.65,150,48986.95,30,0,576750
BANKNIFTY-II.NFO,06/03/2025,09:41:05,48971.3,48973.25,150,48989.85,60,0,576750
BANKNIFTY-II.NFO,06/03/2025,09:41:06,48971.3,48969.35,150,48986.85,60,0,576750
BANKNIFTY-II.NFO,06/03/2025,09:41:08,48971.3,48968.15,150,48984.9,60,0,576750
BANKNIFTY-II.NFO,06/03/2025,09:41:10,48971.3,48969.65,150,48985.2,30,0,576750
BANKNIFTY-II.NFO,06/03/2025,09:41:11,48971.3,48968.95,120,48986.95,30,0,576750
BANKNIFTY-II.NFO,06/03/2025,09:41:13,48969.65,48968.15,120,48984.35,90,30,576750
BANKNIFTY-II.NFO,06/03/2025,09:41:15,48969.65,48968.15,150,48983.05,60,0,576750
BANKNIFTY-II.NFO,06/03/2025,09:41:16,48969.65,48968.15,150,48971.3,120,0,576750
BANKNIFTY-II.NFO,06/03/2025,09:41:18,48969.65,48970.05,120,48971.3,120,0,576750
BANKNIFTY-II.NFO,06/03/2025,09:41:20,48971.3,48970.05,150,48971.3,90,30,576750
BANKNIFTY-II.NFO,06/03/2025,09:41:21,48971.3,48970,30,48971.3,90,0,576750
BANKNIFTY-II.NFO,06/03/2025,09:41:23,48971.3,48970,30,48971.3,60,30,576750
BANKNIFTY-II.NFO,06/03/2025,09:41:25,48969,48968,30,48968.15,60,60,576750
BANKNIFTY-II.NFO,06/03/2025,09:41:26,48968,48951.35,150,48967.6,60,30,576750
BANKNIFTY-II.NFO,06/03/2025,09:41:28,48968,48960,30,48967,60,0,576750
BANKNIFTY-II.NFO,06/03/2025,09:41:30,48968,48960,30,48965.3,30,0,576750
BANKNIFTY-II.NFO,06/03/2025,09:41:31,48968,48960,30,48968.15,60,0,576750
BANKNIFTY-II.NFO,06/03/2025,09:41:33,48960,48951,30,48963,90,30,576750
BANKNIFTY-II.NFO,06/03/2025,09:41:35,48960,48951.45,120,48967.05,60,0,576750
BANKNIFTY-II.NFO,06/03/2025,09:41:36,48951.55,48952.45,150,48968.15,60,30,576750
BANKNIFTY-II.NFO,06/03/2025,09:41:36,48951.55,48952.45,150,48968.15,60,0,576750
BANKNIFTY-II.NFO,06/03/2025,09:41:38,48951.55,48951.75,150,48967.6,90,0,576750
BANKNIFTY-II.NFO,06/03/2025,09:41:40,48951.55,48951.9,120,48968.1,90,0,576750
BANKNIFTY-II.NFO,06/03/2025,09:41:41,48951.55,48956.55,210,48968.15,60,0,576750
BANKNIFTY-II.NFO,06/03/2025,09:41:43,48951.55,48954.6,120,48968.15,60,0,576750
BANKNIFTY-II.NFO,06/03/2025,09:41:45,48951.55,48952.95,120,48968.15,60,0,576750
BANKNIFTY-II.NFO,06/03/2025,09:41:46,48951.55,48954.25,150,48968.15,60,0,576750
BANKNIFTY-II.NFO,06/03/2025,09:41:48,48951.55,48955.85,120,48968.15,60,0,576750
BANKNIFTY-II.NFO,06/03/2025,09:41:50,48951.55,48957.35,120,48968.15,60,0,576750
BANKNIFTY-II.NFO,06/03/2025,09:41:51,48951.55,48958.75,120,48968.15,60,0,576750
BANKNIFTY-II.NFO,06/03/2025,09:41:53,48959.95,48960.35,90,48968.15,60,60,576750
BANKNIFTY-II.NFO,06/03/2025,09:41:55,48959.95,48960.2,90,48968.15,60,0,576750
BANKNIFTY-II.NFO,06/03/2025,09:41:57,48959.95,48960.9,120,48968.15,60,0,576750
BANKNIFTY-II.NFO,06/03/2025,09:41:58,48959.95,48959.55,90,48968.15,60,0,576750
BANKNIFTY-II.NFO,06/03/2025,09:42:00,48968.15,48960.85,90,48968.15,30,30,576750
BANKNIFTY-II.NFO,06/03/2025,09:42:02,48968.15,48968.4,90,48987.8,150,30,576750
BANKNIFTY-II.NFO,06/03/2025,09:42:03,48968.15,48966.6,90,48986.55,120,0,576750
BANKNIFTY-II.NFO,06/03/2025,09:42:05,48986.25,48969.3,150,48986.05,120,30,576750
BANKNIFTY-II.NFO,06/03/2025,09:42:07,48986.25,48979.35,150,48998.05,150,0,576750
BANKNIFTY-II.NFO,06/03/2025,09:42:08,48986.25,48984.5,150,49001.05,150,0,576750
BANKNIFTY-II.NFO,06/03/2025,09:42:10,48986.25,48991.7,120,49001.3,60,0,576750
BANKNIFTY-II.NFO,06/03/2025,09:42:12,48988.45,48990.7,120,49001.3,60,30,576750
BANKNIFTY-II.NFO,06/03/2025,09:42:13,48988.45,48991.1,120,49001.3,60,0,576750
BANKNIFTY-II.NFO,06/03/2025,09:42:15,48988.45,48981.5,120,49000.85,120,0,576750
BANKNIFTY-II.NFO,06/03/2025,09:42:17,48988.45,48980,30,48996.25,120,0,576750
BANKNIFTY-II.NFO,06/03/2025,09:42:18,48988.45,48981.05,30,48998.55,120,0,576750
BANKNIFTY-II.NFO,06/03/2025,09:42:20,48988.45,48984.1,90,49001.05,120,0,576750
BANKNIFTY-II.NFO,06/03/2025,09:42:22,48988.45,48982.8,120,49000.05,120,0,576750
BANKNIFTY-II.NFO,06/03/2025,09:42:23,48988.45,48980,30,48994.55,210,0,576750
BANKNIFTY-II.NFO,06/03/2025,09:42:27,48988.45,48980.55,90,48998.9,120,0,576750
BANKNIFTY-II.NFO,06/03/2025,09:42:28,48988.45,48981.9,120,49000.55,120,0,576750
BANKNIFTY-II.NFO,06/03/2025,09:42:30,48988.45,48981.3,120,48999.35,150,0,576750
BANKNIFTY-II.NFO,06/03/2025,09:42:32,48988.45,48981.6,120,49000.2,120,0,576750
BANKNIFTY-II.NFO,06/03/2025,09:42:33,48988.45,48981.3,120,48999.1,150,0,576750
BANKNIFTY-II.NFO,06/03/2025,09:42:35,48988.45,48980,30,48994.15,150,0,576750
BANKNIFTY-II.NFO,06/03/2025,09:42:37,48988.45,48981.2,90,48998.35,150,0,576750
BANKNIFTY-II.NFO,06/03/2025,09:42:38,48988.45,48987.3,120,49001.3,30,0,576750
BANKNIFTY-II.NFO,06/03/2025,09:42:40,48988.45,48988.6,90,49001.3,30,0,576750
BANKNIFTY-II.NFO,06/03/2025,09:42:42,48988.45,48993.6,120,49001.3,30,0,576750
BANKNIFTY-II.NFO,06/03/2025,09:42:43,48988.45,48995.1,90,49001.3,30,0,576750
BANKNIFTY-II.NFO,06/03/2025,09:42:45,48988.45,48996.5,120,49001.3,30,0,576750
BANKNIFTY-II.NFO,06/03/2025,09:42:47,48988.45,48994.45,180,49001.3,30,0,576750
BANKNIFTY-II.NFO,06/03/2025,09:42:48,48988.45,48995.15,270,49001.3,30,0,576750
BANKNIFTY-II.NFO,06/03/2025,09:42:50,48988.45,48996.5,90,49001.3,30,0,576750
BANKNIFTY-II.NFO,06/03/2025,09:42:52,48988.45,48991.35,120,49001.3,30,0,576750
BANKNIFTY-II.NFO,06/03/2025,09:42:53,48988.45,48987.65,120,49001.3,30,0,576750
BANKNIFTY-II.NFO,06/03/2025,09:42:55,48988.45,48996.5,120,49001.3,30,0,576750
BANKNIFTY-II.NFO,06/03/2025,09:42:57,49001.3,49005.7,90,49023.5,120,30,576300
BANKNIFTY-II.NFO,06/03/2025,09:42:58,49001.3,49008.2,90,49025.85,120,0,576300
BANKNIFTY-II.NFO,06/03/2025,09:43:00,49001.3,49008.8,90,49025.15,150,0,576300
BANKNIFTY-II.NFO,06/03/2025,09:43:02,49001.3,49008.9,120,49027.5,120,0,576300
BANKNIFTY-II.NFO,06/03/2025,09:43:03,49001.3,49002.3,120,49020.15,150,0,576300
BANKNIFTY-II.NFO,06/03/2025,09:43:05,49001.3,49001.3,30,49014.65,150,0,576300
BANKNIFTY-II.NFO,06/03/2025,09:43:06,49001.3,49001.3,30,49013.75,120,0,576300
BANKNIFTY-II.NFO,06/03/2025,09:43:08,49001.3,49001.3,30,49012,180,0,576300
BANKNIFTY-II.NFO,06/03/2025,09:43:10,49001.3,49001.3,30,49010.85,150,0,576300
BANKNIFTY-II.NFO,06/03/2025,09:43:11,49001.3,49001.3,30,49005.35,120,0,576300
BANKNIFTY-II.NFO,06/03/2025,09:43:13,49001.3,48981.25,90,48999.35,180,30,576300
BANKNIFTY-II.NFO,06/03/2025,09:43:15,49001.3,48981.2,30,48997.1,150,0,576300
BANKNIFTY-II.NFO,06/03/2025,09:43:16,49001.3,48987.05,30,49000.6,120,0,576300
BANKNIFTY-II.NFO,06/03/2025,09:43:18,49001.3,48993.05,30,49005.8,120,0,576300
BANKNIFTY-II.NFO,06/03/2025,09:43:20,49001.3,48999.05,30,49012.25,120,0,576300
BANKNIFTY-II.NFO,06/03/2025,09:43:21,49001.3,49000,30,49006.95,150,0,576300
BANKNIFTY-II.NFO,06/03/2025,09:43:23,49001.3,49000,30,49008.95,120,0,576300
BANKNIFTY-II.NFO,06/03/2025,09:43:25,49001.3,49000,30,49006.9,120,0,576300
BANKNIFTY-II.NFO,06/03/2025,09:43:26,49001.3,49000,30,49003.5,120,0,576300
BANKNIFTY-II.NFO,06/03/2025,09:43:28,49001.3,49000,30,49006.45,120,0,576300
BANKNIFTY-II.NFO,06/03/2025,09:43:30,49001.3,49001.3,30,49002.75,150,0,576300
BANKNIFTY-II.NFO,06/03/2025,09:43:31,49000,48982,90,48999.8,150,60,576300
BANKNIFTY-II.NFO,06/03/2025,09:43:33,49000,48981.2,90,48999.1,120,0,576300
BANKNIFTY-II.NFO,06/03/2025,09:43:35,49000,48984.3,90,49004.6,120,0,576300
BANKNIFTY-II.NFO,06/03/2025,09:43:36,49000,48985.75,90,49004.2,150,0,576300
BANKNIFTY-II.NFO,06/03/2025,09:43:38,49000,48986.65,120,49003.5,150,0,576300
BANKNIFTY-II.NFO,06/03/2025,09:43:39,49000,48987.55,90,49004.8,120,0,576300
BANKNIFTY-II.NFO,06/03/2025,09:43:41,49000,48988.75,90,49007.4,150,0,576300
BANKNIFTY-II.NFO,06/03/2025,09:43:43,49000,48989.85,120,49006.9,120,0,576300
BANKNIFTY-II.NFO,06/03/2025,09:43:44,49000,48996.5,90,49016.8,120,0,576300
BANKNIFTY-II.NFO,06/03/2025,09:43:46,49000,49000.6,90,49019.45,150,0,576300
BANKNIFTY-II.NFO,06/03/2025,09:43:48,49000,49006.45,120,49020,30,0,576300
BANKNIFTY-II.NFO,06/03/2025,09:43:49,49000.1,48996.05,30,49010.3,120,30,576300
BANKNIFTY-II.NFO,06/03/2025,09:43:51,49000.1,48990.1,60,49008.7,120,0,576300
BANKNIFTY-II.NFO,06/03/2025,09:43:53,49000.1,48990.4,90,49007.15,150,0,576300
BANKNIFTY-II.NFO,06/03/2025,09:43:54,49000.1,48990.45,60,49010.7,120,0,576300
BANKNIFTY-II.NFO,06/03/2025,09:43:56,49000.1,48991.1,90,49007.15,150,0,576300
BANKNIFTY-II.NFO,06/03/2025,09:43:58,49000.1,48987.1,60,49003.55,120,0,576300
BANKNIFTY-II.NFO,06/03/2025,09:43:59,49000.1,48987.5,60,49005.4,150,0,576300
BANKNIFTY-II.NFO,06/03/2025,09:44:01,49000.1,48987.05,30,49002.9,120,0,576300
BANKNIFTY-II.NFO,06/03/2025,09:44:02,49000.1,48984.5,60,49000.6,120,0,576300
BANKNIFTY-II.NFO,06/03/2025,09:44:04,49000.1,48984.1,60,48999.4,120,0,576300
BANKNIFTY-II.NFO,06/03/2025,09:44:06,49000.1,49000,30,49003,120,0,576300
BANKNIFTY-II.NFO,06/03/2025,09:44:07,49000,48980.55,60,48996.5,180,30,576300
BANKNIFTY-II.NFO,06/03/2025,09:44:09,49000,48980.5,60,48997.4,120,0,576300
BANKNIFTY-II.NFO,06/03/2025,09:44:11,49000,48980.05,90,48994.75,120,0,576300
BANKNIFTY-II.NFO,06/03/2025,09:44:13,49000,48984.3,60,49001.1,150,0,576300
BANKNIFTY-II.NFO,06/03/2025,09:44:14,49000,48980.25,90,48996.35,120,0,576300
BANKNIFTY-II.NFO,06/03/2025,09:44:16,49000,48981.05,30,48995.45,180,0,576300
BANKNIFTY-II.NFO,06/03/2025,09:44:17,49000,48981.05,30,48993.85,120,0,576300
BANKNIFTY-II.NFO,06/03/2025,09:44:19,49000,48981.05,30,48991.3,120,0,576300
BANKNIFTY-II.NFO,06/03/2025,09:44:21,49000,48980,30,48988.15,120,0,576300
BANKNIFTY-II.NFO,06/03/2025,09:44:22,49000,48980,30,48981,150,0,576300
BANKNIFTY-II.NFO,06/03/2025,09:44:24,48980,48960.25,60,48981,120,30,576300
BANKNIFTY-II.NFO,06/03/2025,09:44:26,48980,48960.45,60,48979.05,120,0,576300
BANKNIFTY-II.NFO,06/03/2025,09:44:27,48980,48963.05,30,48977.55,120,0,576300
BANKNIFTY-II.NFO,06/03/2025,09:44:29,48980,48960.6,60,48979.05,120,0,576300
BANKNIFTY-II.NFO,06/03/2025,09:44:31,48980,48969.05,30,48984.15,120,0,576300
BANKNIFTY-II.NFO,06/03/2025,09:44:32,48980,48960.4,60,48979.65,150,0,576300
BANKNIFTY-II.NFO,06/03/2025,09:44:34,48980,48961.2,90,48977.6,150,0,576300
BANKNIFTY-II.NFO,06/03/2025,09:44:36,48980,48963.3,90,48981.7,120,0,576300
BANKNIFTY-II.NFO,06/03/2025,09:44:37,48980,48969.4,60,48989.3,120,0,576300
BANKNIFTY-II.NFO,06/03/2025,09:44:39,48980,48972.7,60,48992.2,150,0,576300
BANKNIFTY-II.NFO,06/03/2025,09:44:41,48980,48973.7,60,48991.6,120,0,576300
BANKNIFTY-II.NFO,06/03/2025,09:44:42,48980,48972.15,90,48989.8,150,0,576300
BANKNIFTY-II.NFO,06/03/2025,09:44:44,48980,48975.95,60,48992.95,30,0,576300
BANKNIFTY-II.NFO,06/03/2025,09:44:46,48980,48981.1,60,49001.05,120,0,576300
BANKNIFTY-II.NFO,06/03/2025,09:44:47,48980,48981.3,150,49001.25,120,0,576300
BANKNIFTY-II.NFO,06/03/2025,09:44:49,48984.8,48984.85,60,49004.7,30,60,576300
BANKNIFTY-II.NFO,06/03/2025,09:44:51,48984.8,48987.1,60,49007.3,150,0,576300
BANKNIFTY-II.NFO,06/03/2025,09:44:52,48984.8,48981.35,60,49001.4,150,0,576300
BANKNIFTY-II.NFO,06/03/2025,09:44:54,48984.8,48981.35,60,49000.6,210,0,576300
BANKNIFTY-II.NFO,06/03/2025,09:44:59,48984.8,49000,30,49007.7,120,0,576300
BANKNIFTY-II.NFO,06/03/2025,09:45:00,48984.8,49000,30,49011.9,150,0,576300
BANKNIFTY-II.NFO,06/03/2025,09:45:02,48984.8,49000,30,49006.7,150,0,576300
BANKNIFTY-II.NFO,06/03/2025,09:45:04,49000,48987.1,90,49004.25,120,30,576300
BANKNIFTY-II.NFO,06/03/2025,09:45:05,49000,48990.1,60,49010.9,150,0,576300
BANKNIFTY-II.NFO,06/03/2025,09:45:07,49000,48993.1,90,49012.25,150,0,576300
BANKNIFTY-II.NFO,06/03/2025,09:45:09,49000,48990.1,90,49006.35,120,0,576300
BANKNIFTY-II.NFO,06/03/2025,09:45:10,49000,48987.1,90,49005.05,150,0,576300
BANKNIFTY-II.NFO,06/03/2025,09:45:12,49000,48993.1,60,49011.55,150,0,576300
BANKNIFTY-II.NFO,06/03/2025,09:45:14,49000,48993.1,90,49010.35,180,0,576300
BANKNIFTY-II.NFO,06/03/2025,09:45:15,49000,49002.1,60,49018.25,120,0,576300
BANKNIFTY-II.NFO,06/03/2025,09:45:17,49000,48993.4,60,49000,570,0,576300
BANKNIFTY-II.NFO,06/03/2025,09:45:19,49000,48993.9,30,49000,570,0,576300
BANKNIFTY-II.NFO,06/03/2025,09:45:20,49000,49002.1,90,49019.75,150,570,576300
BANKNIFTY-II.NFO,06/03/2025,09:45:22,49000,49005.05,30,49019.5,150,0,576300
BANKNIFTY-II.NFO,06/03/2025,09:45:24,49000,49002.1,90,49018,120,0,576300
BANKNIFTY-II.NFO,06/03/2025,09:45:25,49000,49002.05,30,49015.45,120,0,576300
BANKNIFTY-II.NFO,06/03/2025,09:45:27,49000,48999.05,30,49013.6,120,0,576300
BANKNIFTY-II.NFO,06/03/2025,09:45:29,49014.2,48999.05,30,49013.65,120,30,576300
BANKNIFTY-II.NFO,06/03/2025,09:45:30,49014.2,48996.05,30,49011.5,120,0,576300
BANKNIFTY-II.NFO,06/03/2025,09:45:32,49014.2,48999.05,30,49013.15,120,0,576300
BANKNIFTY-II.NFO,06/03/2025,09:45:34,49014.2,49002.05,30,49012.9,120,0,576300
BANKNIFTY-II.NFO,06/03/2025,09:45:35,49014.2,49011.05,30,49020,30,0,576300
BANKNIFTY-II.NFO,06/03/2025,09:45:39,49014.2,49011.05,30,49019.95,120,0,576300
BANKNIFTY-II.NFO,06/03/2025,09:45:42,49019.95,49008.05,30,49019.4,120,30,577020
BANKNIFTY-II.NFO,06/03/2025,09:45:44,49019.95,49005.05,30,49015.75,120,0,577020
BANKNIFTY-II.NFO,06/03/2025,09:45:45,49019.95,48999.05,30,49013.25,120,0,577020
BANKNIFTY-II.NFO,06/03/2025,09:45:47,49019.95,48999.05,30,49012.45,120,0,577020
BANKNIFTY-II.NFO,06/03/2025,09:45:49,49019.95,48990.7,60,49010.2,150,0,577020
BANKNIFTY-II.NFO,06/03/2025,09:45:50,49019.95,48987.3,90,49004.4,150,0,577020
BANKNIFTY-II.NFO,06/03/2025,09:45:52,49019.95,48981.65,60,48999.5,120,0,577020
BANKNIFTY-II.NFO,06/03/2025,09:45:54,49019.95,48987.05,30,49001.6,120,0,577020
BANKNIFTY-II.NFO,06/03/2025,09:45:55,49019.95,48981.1,60,49000.15,120,0,577020
BANKNIFTY-II.NFO,06/03/2025,09:45:57,49019.95,48987.2,60,49003.85,120,0,577020
BANKNIFTY-II.NFO,06/03/2025,09:45:59,49019.95,48976.9,60,48996.25,120,0,577020
BANKNIFTY-II.NFO,06/03/2025,09:46:00,49019.95,48967.85,60,48985.55,120,0,577020
BANKNIFTY-II.NFO,06/03/2025,09:46:02,49019.95,48964.4,60,48981.45,120,0,577020
BANKNIFTY-II.NFO,06/03/2025,09:46:04,49019.95,48962.25,30,48980.45,180,0,577020
BANKNIFTY-II.NFO,06/03/2025,09:46:05,49019.95,48960.15,90,48978.2,150,0,577020
BANKNIFTY-II.NFO,06/03/2025,09:46:07,49019.95,48966.05,30,48976.45,120,0,577020
BANKNIFTY-II.NFO,06/03/2025,09:46:09,49019.95,48975.05,30,48984.35,120,0,577020
BANKNIFTY-II.NFO,06/03/2025,09:46:10,49019.95,48960,30,48972.85,120,0,577020
BANKNIFTY-II.NFO,06/03/2025,09:46:12,49019.95,48960.05,60,48975.15,120,0,577020
BANKNIFTY-II.NFO,06/03/2025,09:46:14,49019.95,48963.05,30,48977.6,120,0,577020
BANKNIFTY-II.NFO,06/03/2025,09:46:15,49019.95,48960.25,90,48976.5,120,0,577020
BANKNIFTY-II.NFO,06/03/2025,09:46:17,49019.95,48963.05,30,48976.25,120,0,577020
BANKNIFTY-II.NFO,06/03/2025,09:46:19,49019.95,48960,30,48972.05,120,0,577020
BANKNIFTY-II.NFO,06/03/2025,09:46:20,49019.95,48960,30,48971.1,120,0,577020
BANKNIFTY-II.NFO,06/03/2025,09:46:22,49019.95,48963.05,30,48972.95,120,0,577020
BANKNIFTY-II.NFO,06/03/2025,09:46:24,49019.95,48972.05,30,48981.95,120,0,577020
BANKNIFTY-II.NFO,06/03/2025,09:46:25,49019.95,48963.1,60,48976.6,120,0,577020
BANKNIFTY-II.NFO,06/03/2025,09:46:27,49019.95,48960.05,30,48973.15,120,0,577020
BANKNIFTY-II.NFO,06/03/2025,09:46:29,49019.95,48966.05,30,48978.9,120,0,577020
BANKNIFTY-II.NFO,06/03/2025,09:46:30,49019.95,48969.05,30,48981.8,120,0,577020
BANKNIFTY-II.NFO,06/03/2025,09:46:32,49019.95,48963.35,60,48978.85,120,0,577020
BANKNIFTY-II.NFO,06/03/2025,09:46:34,49019.95,48960.45,90,48974.8,120,0,577020
BANKNIFTY-II.NFO,06/03/2025,09:46:35,49019.95,48961,30,48973.9,120,0,577020
BANKNIFTY-II.NFO,06/03/2025,09:46:37,49019.95,48961,30,48973.2,120,0,577020
BANKNIFTY-II.NFO,06/03/2025,09:46:39,49019.95,48961,30,48970.75,120,0,577020
BANKNIFTY-II.NFO,06/03/2025,09:46:40,49019.95,48961,30,48970.35,120,0,577020
BANKNIFTY-II.NFO,06/03/2025,09:46:42,49019.95,48963.05,30,48972.3,120,0,577020
BANKNIFTY-II.NFO,06/03/2025,09:46:43,49019.95,48961,30,48972.5,120,0,577020
BANKNIFTY-II.NFO,06/03/2025,09:46:45,49019.95,48966.05,30,48975.55,120,0,577020
BANKNIFTY-II.NFO,06/03/2025,09:46:47,49019.95,48961,30,48967.8,60,0,577020
BANKNIFTY-II.NFO,06/03/2025,09:46:48,49019.95,48961,30,48970.55,60,0,577020
BANKNIFTY-II.NFO,06/03/2025,09:46:50,49019.95,48961,30,48969.4,120,0,577020
BANKNIFTY-II.NFO,06/03/2025,09:46:52,48961,48960,30,48966.35,60,30,577020
BANKNIFTY-II.NFO,06/03/2025,09:46:53,48961,48960,30,48967.5,120,0,577020
BANKNIFTY-II.NFO,06/03/2025,09:46:55,48961,48960,30,48962.8,150,0,577020
BANKNIFTY-II.NFO,06/03/2025,09:46:57,48960,48951.55,30,48957.4,60,30,577020
BANKNIFTY-II.NFO,06/03/2025,09:46:58,48960,48957.05,30,48967.85,120,0,577020
BANKNIFTY-II.NFO,06/03/2025,09:47:00,48960,48960.05,30,48967.65,60,0,577020
BANKNIFTY-II.NFO,06/03/2025,09:47:01,48960,48957.05,30,48965.25,120,0,577020
BANKNIFTY-II.NFO,06/03/2025,09:47:03,48960,48957.05,30,48965.7,120,0,577020
BANKNIFTY-II.NFO,06/03/2025,09:47:05,48960,48957.1,60,48969.2,60,0,577020
BANKNIFTY-II.NFO,06/03/2025,09:47:06,48954.1,48951.6,30,48964.6,120,30,577020
BANKNIFTY-II.NFO,06/03/2025,09:47:08,48954.1,48960.05,30,48970.15,120,0,577020
BANKNIFTY-II.NFO,06/03/2025,09:47:10,48954.1,48954.9,30,48971.5,120,0,577020
BANKNIFTY-II.NFO,06/03/2025,09:47:11,48954.1,48957.4,60,48972.9,120,0,577020
BANKNIFTY-II.NFO,06/03/2025,09:47:13,48954.1,48963.05,30,48974.4,120,0,577020
BANKNIFTY-II.NFO,06/03/2025,09:47:15,48963.05,48954.45,60,48971.15,120,30,577020
BANKNIFTY-II.NFO,06/03/2025,09:47:16,48963.05,48960.05,30,48970.7,120,0,577020
BANKNIFTY-II.NFO,06/03/2025,09:47:18,48963.05,48952.55,30,48967.85,120,0,577020
BANKNIFTY-II.NFO,06/03/2025,09:47:20,48963.05,48951.55,30,48963.55,120,0,577020
BANKNIFTY-II.NFO,06/03/2025,09:47:21,48963.05,48957.05,30,48968.75,120,0,577020
BANKNIFTY-II.NFO,06/03/2025,09:47:23,48963.05,48963.05,30,48974.5,120,0,577020
BANKNIFTY-II.NFO,06/03/2025,09:47:25,48963.05,48966.1,30,48981.7,150,0,577020
BANKNIFTY-II.NFO,06/03/2025,09:47:26,48963.05,48963.1,30,48976.9,60,0,577020
BANKNIFTY-II.NFO,06/03/2025,09:47:28,48976.9,48957.1,30,48970.95,120,30,577020
BANKNIFTY-II.NFO,06/03/2025,09:47:30,48976.9,48957.1,30,48971.75,120,0,577020
BANKNIFTY-II.NFO,06/03/2025,09:47:31,48976.9,48963.05,30,48972.3,120,0,577020
BANKNIFTY-II.NFO,06/03/2025,09:47:33,48976.9,48957.1,60,48971.9,120,0,577020
BANKNIFTY-II.NFO,06/03/2025,09:47:35,48976.9,48954.2,30,48971,120,0,577020
BANKNIFTY-II.NFO,06/03/2025,09:47:36,48976.9,48954.1,30,48970.4,120,0,577020
BANKNIFTY-II.NFO,06/03/2025,09:47:38,48976.9,48954.1,30,48970.5,150,0,577020
BANKNIFTY-II.NFO,06/03/2025,09:47:40,48976.9,48960.05,30,48970.9,120,0,577020
BANKNIFTY-II.NFO,06/03/2025,09:47:41,48976.9,48951.55,30,48963.9,120,0,577020
BANKNIFTY-II.NFO,06/03/2025,09:47:43,48976.9,48951.6,30,48966.35,30,0,577020
BANKNIFTY-II.NFO,06/03/2025,09:47:45,48976.9,48951.55,30,48952.95,150,0,577020
BANKNIFTY-II.NFO,06/03/2025,09:47:46,48950,48948,30,48951.15,120,150,577020
BANKNIFTY-II.NFO,06/03/2025,09:47:46,48950,48948,30,48951.15,120,0,577020
BANKNIFTY-II.NFO,06/03/2025,09:47:48,48945.05,48933.1,60,48942.9,120,60,577020
BANKNIFTY-II.NFO,06/03/2025,09:47:48,48945.05,48933.1,60,48942.9,120,0,577020
BANKNIFTY-II.NFO,06/03/2025,09:47:50,48933.1,48930,30,48933.8,120,60,577020
BANKNIFTY-II.NFO,06/03/2025,09:47:50,48933.1,48930,30,48933.8,120,0,577020
BANKNIFTY-II.NFO,06/03/2025,09:47:51,48930,48925,90,48930.1,120,30,577020
BANKNIFTY-II.NFO,06/03/2025,09:47:51,48930,48925,90,48930.1,120,0,577020
BANKNIFTY-II.NFO,06/03/2025,09:47:53,48916.8,48915.1,60,48919.8,150,150,577020
BANKNIFTY-II.NFO,06/03/2025,09:47:53,48916.8,48915.1,60,48919.8,150,0,577020
BANKNIFTY-II.NFO,06/03/2025,09:47:54,48913.25,48901.15,30,48913.65,90,180,577020
BANKNIFTY-II.NFO,06/03/2025,09:47:54,48910,48901.15,30,48913.65,90,0,577020
BANKNIFTY-II.NFO,06/03/2025,09:47:56,48913.25,48909.05,30,48916.95,90,0,577020
BANKNIFTY-II.NFO,06/03/2025,09:47:58,48913.25,48915.05,30,48922.45,120,0,577020
BANKNIFTY-II.NFO,06/03/2025,09:47:59,48913.25,48901.15,30,48907.1,90,0,577020
BANKNIFTY-II.NFO,06/03/2025,09:48:01,48913.25,48901.15,30,48907.45,90,0,577020
BANKNIFTY-II.NFO,06/03/2025,09:48:03,48900,48900,240,48909.05,120,330,577020
BANKNIFTY-II.NFO,06/03/2025,09:48:03,48900,48900,240,48909.05,120,0,577020
BANKNIFTY-II.NFO,06/03/2025,09:48:04,48900,48907,90,48911.1,90,0,577020
BANKNIFTY-II.NFO,06/03/2025,09:48:06,48900,48900,120,48901.8,60,210,577020
BANKNIFTY-II.NFO,06/03/2025,09:48:08,48901.8,48900.05,90,48910.15,30,60,577020
BANKNIFTY-II.NFO,06/03/2025,09:48:09,48901.8,48903.05,30,48913.2,30,0,577020
BANKNIFTY-II.NFO,06/03/2025,09:48:11,48913.25,48903.6,120,48913.25,60,90,577020
BANKNIFTY-II.NFO,06/03/2025,09:48:13,48913.25,48900.15,120,48913.25,30,30,577020
BANKNIFTY-II.NFO,06/03/2025,09:48:14,48923.5,48911.7,30,48923.8,30,60,577020
BANKNIFTY-II.NFO,06/03/2025,09:48:16,48919.3,48911.7,30,48913.25,270,30,577020
BANKNIFTY-II.NFO,06/03/2025,09:48:17,48919.3,48911.7,30,48913.25,270,0,577020
BANKNIFTY-II.NFO,06/03/2025,09:48:21,48919.3,48900.85,120,48913.25,270,0,577020
BANKNIFTY-II.NFO,06/03/2025,09:48:22,48900,48899,210,48900.15,30,270,577020
BANKNIFTY-II.NFO,06/03/2025,09:48:24,48885.1,48885.65,120,48902.8,120,300,577020
BANKNIFTY-II.NFO,06/03/2025,09:48:24,48885.1,48885.65,120,48902.8,120,0,577020
BANKNIFTY-II.NFO,06/03/2025,09:48:26,48885.1,48891.85,120,48905.6,120,0,577020
BANKNIFTY-II.NFO,06/03/2025,09:48:27,48885.1,48891.2,120,48899.9,120,0,577020
BANKNIFTY-II.NFO,06/03/2025,09:48:29,48891.2,48885.2,30,48890.8,120,120,577020
BANKNIFTY-II.NFO,06/03/2025,09:48:31,48873.05,48870,30,48870.1,30,270,577830
BANKNIFTY-II.NFO,06/03/2025,09:48:31,48873.05,48870,30,48870.1,30,0,577830
BANKNIFTY-II.NFO,06/03/2025,09:48:33,48851.55,48855.05,30,48876.7,120,840,577830
BANKNIFTY-II.NFO,06/03/2025,09:48:33,48851.55,48855.05,30,48876.7,120,0,577830
BANKNIFTY-II.NFO,06/03/2025,09:48:34,48869.2,48861.05,30,48871.25,150,120,577830
BANKNIFTY-II.NFO,06/03/2025,09:48:36,48869.2,48867.1,120,48883.75,120,0,577830
BANKNIFTY-II.NFO,06/03/2025,09:48:38,48869.2,48870.1,120,48887.6,120,0,577830
BANKNIFTY-II.NFO,06/03/2025,09:48:39,48869.2,48852.1,120,48869.2,30,0,577830
BANKNIFTY-II.NFO,06/03/2025,09:48:41,48869.2,48859.6,120,48869.2,30,0,577830
BANKNIFTY-II.NFO,06/03/2025,09:48:43,48869.2,48856.4,120,48869.2,30,0,577830
BANKNIFTY-II.NFO,06/03/2025,09:48:44,48869.2,48864.1,120,48880.65,150,30,577830
BANKNIFTY-II.NFO,06/03/2025,09:48:46,48869.2,48858.1,120,48878.05,150,0,577830
BANKNIFTY-II.NFO,06/03/2025,09:48:47,48869.2,48869.2,30,48876.45,150,0,577830
BANKNIFTY-II.NFO,06/03/2025,09:48:49,48869.2,48869.2,30,48880.9,150,0,577830
BANKNIFTY-II.NFO,06/03/2025,09:48:51,48869.2,48870.05,30,48880.6,150,0,577830
BANKNIFTY-II.NFO,06/03/2025,09:48:52,48869.2,48869.2,30,48882.3,120,0,577830
BANKNIFTY-II.NFO,06/03/2025,09:48:54,48869.2,48869.2,30,48877.75,120,0,577830
BANKNIFTY-II.NFO,06/03/2025,09:48:56,48869.2,48869.2,30,48882.05,150,0,577830
BANKNIFTY-II.NFO,06/03/2025,09:48:57,48869.2,48870.1,120,48885.65,120,0,577830
BANKNIFTY-II.NFO,06/03/2025,09:48:59,48869.2,48869.2,30,48879.15,120,0,577830
BANKNIFTY-II.NFO,06/03/2025,09:49:01,48869.65,48850.35,120,48868.25,150,90,577830
BANKNIFTY-II.NFO,06/03/2025,09:49:03,48869.65,48861.1,120,48875.85,150,0,577830
BANKNIFTY-II.NFO,06/03/2025,09:49:04,48869.65,48858.05,30,48872.85,120,0,577830
BANKNIFTY-II.NFO,06/03/2025,09:49:06,48869.65,48852.1,120,48869.7,120,0,577830
BANKNIFTY-II.NFO,06/03/2025,09:49:08,48869.65,48852.1,120,48868.1,120,0,577830
BANKNIFTY-II.NFO,06/03/2025,09:49:09,48869.65,48855.05,30,48870.8,120,0,577830
BANKNIFTY-II.NFO,06/03/2025,09:49:11,48869.65,48852.3,120,48869.4,150,0,577830
BANKNIFTY-II.NFO,06/03/2025,09:49:13,48869.3,48852.1,120,48868.3,120,30,577830
BANKNIFTY-II.NFO,06/03/2025,09:49:14,48869.3,48855.2,120,48872.7,120,0,577830
BANKNIFTY-II.NFO,06/03/2025,09:49:16,48869.3,48858.05,30,48871.1,120,0,577830
BANKNIFTY-II.NFO,06/03/2025,09:49:18,48869.3,48850,120,48866.3,120,0,577830
BANKNIFTY-II.NFO,06/03/2025,09:49:19,48869.3,48850,150,48863.5,120,0,577830
BANKNIFTY-II.NFO,06/03/2025,09:49:21,48869.3,48850.05,120,48865,90,0,577830
BANKNIFTY-II.NFO,06/03/2025,09:49:23,48850.35,48850.75,120,48866.9,60,30,577830
BANKNIFTY-II.NFO,06/03/2025,09:49:23,48850.35,48850.75,120,48866.9,60,0,577830
BANKNIFTY-II.NFO,06/03/2025,09:49:24,48850.35,48855.1,120,48872.2,150,0,577830
BANKNIFTY-II.NFO,06/03/2025,09:49:26,48850.35,48850.7,120,48866.3,150,0,577830
BANKNIFTY-II.NFO,06/03/2025,09:49:28,48850.35,48850.7,120,48863.15,150,0,577830
BANKNIFTY-II.NFO,06/03/2025,09:49:29,48850.35,48850.95,120,48866.7,120,0,577830
BANKNIFTY-II.NFO,06/03/2025,09:49:31,48850.35,48850.7,120,48863.6,150,0,577830
BANKNIFTY-II.NFO,06/03/2025,09:49:33,48850.35,48855.05,30,48868.45,120,0,577830
BANKNIFTY-II.NFO,06/03/2025,09:49:34,48850.35,48858.05,30,48871.45,150,0,577830
BANKNIFTY-II.NFO,06/03/2025,09:49:36,48850.35,48864.05,30,48872.8,150,0,577830
BANKNIFTY-II.NFO,06/03/2025,09:49:38,48872.2,48852.2,120,48870,120,30,577830
BANKNIFTY-II.NFO,06/03/2025,09:49:39,48869.9,48858.05,30,48873.55,30,60,577830
BANKNIFTY-II.NFO,06/03/2025,09:49:41,48869.9,48861.05,30,48875.25,30,0,577830
