Ticker,Date,Time,LTP,BuyPrice,BuyQty,SellPrice,SellQty,LTQ,OpenInterest
BANKNIFTY-III.NFO,20/09/2024,09:15:00,53700,53756.05,60,53806.15,60,45,105195
BANKNIFTY-III.NFO,20/09/2024,09:15:00,53700,53756.05,60,53806.15,60,0,105195
BANKNIFTY-III.NFO,20/09/2024,09:15:00,53700,53756.05,60,53806.15,60,0,105195
BANKNIFTY-III.NFO,20/09/2024,09:15:00,53693,53756.05,60,53806.15,60,0,105195
BANKNIFTY-III.NFO,20/09/2024,09:15:01,53802.1,53767.4,15,53793.3,45,30,105195
BANKNIFTY-III.NFO,20/09/2024,09:15:01,53802.1,53767.4,15,53793.3,45,0,105195
BANKNIFTY-III.NFO,20/09/2024,09:15:03,53800,53798.75,60,53843.85,30,30,105195
BANKNIFTY-III.NFO,20/09/2024,09:15:04,53801.15,53801.15,15,53825,15,45,105195
BANKNIFTY-III.NFO,20/09/2024,09:15:04,53835.6,53801.15,15,53825,15,0,105195
BANKNIFTY-III.NFO,20/09/2024,09:15:06,53801.15,53801,30,53825,15,15,105195
BANKNIFTY-III.NFO,20/09/2024,09:15:07,53801,53784.7,60,53821.95,150,45,105195
BANKNIFTY-III.NFO,20/09/2024,09:15:09,53801,53794.3,60,53825,15,0,105195
BANKNIFTY-III.NFO,20/09/2024,09:15:10,53801,53796.15,60,53818.45,15,0,105195
BANKNIFTY-III.NFO,20/09/2024,09:15:12,53789.55,53804.4,30,53824.9,60,255,105195
BANKNIFTY-III.NFO,20/09/2024,09:15:13,53785.15,53805.25,15,53824.7,60,150,105195
BANKNIFTY-III.NFO,20/09/2024,09:15:15,53785.15,53805.7,15,53824.5,60,0,105195
BANKNIFTY-III.NFO,20/09/2024,09:15:16,53799.65,53804.15,15,53824.9,60,15,105195
BANKNIFTY-III.NFO,20/09/2024,09:15:18,53848.2,53792.55,60,53805.25,15,900,105195
BANKNIFTY-III.NFO,20/09/2024,09:15:18,53848.2,53792.55,60,53805.25,15,0,105195
BANKNIFTY-III.NFO,20/09/2024,09:15:20,53829.85,53793.55,30,53827.7,60,75,105195
BANKNIFTY-III.NFO,20/09/2024,09:15:21,53792.15,53802.5,15,53819.95,60,15,105195
BANKNIFTY-III.NFO,20/09/2024,09:15:23,53799.3,53802.75,15,53819.95,60,15,105195
BANKNIFTY-III.NFO,20/09/2024,09:15:25,53806.55,53805.3,15,53819.95,60,30,105195
BANKNIFTY-III.NFO,20/09/2024,09:15:26,53806.55,53803.9,15,53819.95,60,0,105195
BANKNIFTY-III.NFO,20/09/2024,09:15:28,53806.55,53803.55,15,53819.95,60,0,105195
BANKNIFTY-III.NFO,20/09/2024,09:15:29,53819.95,53797.85,15,53819.95,60,15,105195
BANKNIFTY-III.NFO,20/09/2024,09:15:31,53806.55,53792.9,15,53819.95,60,15,105195
BANKNIFTY-III.NFO,20/09/2024,09:15:33,53806.55,53800,15,53807.2,60,0,105195
BANKNIFTY-III.NFO,20/09/2024,09:15:34,53800,53785.05,15,53808.05,60,15,105195
BANKNIFTY-III.NFO,20/09/2024,09:15:36,53785,53785,90,53801.6,60,165,105195
BANKNIFTY-III.NFO,20/09/2024,09:15:37,53785,53785,60,53787.15,60,90,104400
BANKNIFTY-III.NFO,20/09/2024,09:15:39,53785,53754.15,60,53782.2,60,60,104400
BANKNIFTY-III.NFO,20/09/2024,09:15:41,53751.3,53750.25,75,53774.65,60,15,104400
BANKNIFTY-III.NFO,20/09/2024,09:15:42,53751.3,53750.05,45,53771.8,60,0,104400
BANKNIFTY-III.NFO,20/09/2024,09:15:44,53751.3,53750.05,45,53765,60,0,104400
BANKNIFTY-III.NFO,20/09/2024,09:15:46,53750,53750,15,53756.75,60,15,104400
BANKNIFTY-III.NFO,20/09/2024,09:15:47,53750,53723.85,105,53747.65,60,30,104400
BANKNIFTY-III.NFO,20/09/2024,09:15:49,53750,53717.45,90,53743.5,60,0,104400
BANKNIFTY-III.NFO,20/09/2024,09:15:51,53749.3,53716.45,60,53749.3,30,30,104400
BANKNIFTY-III.NFO,20/09/2024,09:15:52,53749.3,53732.7,60,53749.95,30,0,104400
BANKNIFTY-III.NFO,20/09/2024,09:15:54,53749.3,53736.95,75,53749.95,15,0,104400
BANKNIFTY-III.NFO,20/09/2024,09:15:56,53749.3,53749.3,15,53749.95,15,0,104400
BANKNIFTY-III.NFO,20/09/2024,09:15:57,53750,53749.3,15,53769.65,45,45,104400
BANKNIFTY-III.NFO,20/09/2024,09:15:59,53750,53749.3,15,53762.15,30,0,104400
BANKNIFTY-III.NFO,20/09/2024,09:16:00,53758.85,53750,195,53758.9,15,45,104400
BANKNIFTY-III.NFO,20/09/2024,09:16:02,53770.15,53750,195,53768.8,165,30,104400
BANKNIFTY-III.NFO,20/09/2024,09:16:04,53770.15,53750,195,53762.8,120,0,104400
BANKNIFTY-III.NFO,20/09/2024,09:16:05,53770.15,53750,210,53769.95,165,0,104400
BANKNIFTY-III.NFO,20/09/2024,09:16:07,53770.15,53750,195,53767.2,165,0,104400
BANKNIFTY-III.NFO,20/09/2024,09:16:09,53770.15,53750,195,53762.8,165,0,104400
BANKNIFTY-III.NFO,20/09/2024,09:16:10,53750,53750,180,53756.8,15,15,104400
BANKNIFTY-III.NFO,20/09/2024,09:16:12,53750,53750,120,53764.05,105,60,104400
BANKNIFTY-III.NFO,20/09/2024,09:16:14,53750,53750,120,53761.95,120,0,104400
BANKNIFTY-III.NFO,20/09/2024,09:16:15,53760.85,53750,120,53757.1,60,75,104400
BANKNIFTY-III.NFO,20/09/2024,09:16:17,53760.85,53750,120,53750.8,60,0,104400
BANKNIFTY-III.NFO,20/09/2024,09:16:18,53722.15,53723.7,60,53742.8,15,225,104400
BANKNIFTY-III.NFO,20/09/2024,09:16:20,53722.15,53720.5,60,53741.45,15,0,104400
BANKNIFTY-III.NFO,20/09/2024,09:16:22,53722.15,53714.85,75,53734.6,30,0,104400
BANKNIFTY-III.NFO,20/09/2024,09:16:23,53722.15,53714.9,60,53735.35,15,0,104400
BANKNIFTY-III.NFO,20/09/2024,09:16:25,53722.15,53717.55,60,53741.2,30,0,104400
BANKNIFTY-III.NFO,20/09/2024,09:16:26,53722.15,53725.45,60,53748.85,15,0,104400
BANKNIFTY-III.NFO,20/09/2024,09:16:28,53722.15,53722.05,60,53741.2,15,0,104400
BANKNIFTY-III.NFO,20/09/2024,09:16:30,53722.15,53708,75,53728,15,0,104400
BANKNIFTY-III.NFO,20/09/2024,09:16:31,53708,53704.5,60,53724.7,30,15,104400
BANKNIFTY-III.NFO,20/09/2024,09:16:33,53727.15,53703.15,60,53724.6,15,60,104400
BANKNIFTY-III.NFO,20/09/2024,09:16:34,53727.15,53710.55,60,53729.3,150,0,104400
BANKNIFTY-III.NFO,20/09/2024,09:16:36,53727.15,53708.5,15,53718.6,15,0,104400
BANKNIFTY-III.NFO,20/09/2024,09:16:38,53722.35,53703.75,60,53722.35,15,15,104400
BANKNIFTY-III.NFO,20/09/2024,09:16:39,53722.55,53708,105,53719.7,120,15,104400
BANKNIFTY-III.NFO,20/09/2024,09:16:41,53722.55,53708,105,53717.85,120,0,104400
BANKNIFTY-III.NFO,20/09/2024,09:16:42,53722.55,53708,105,53717.45,105,0,104400
BANKNIFTY-III.NFO,20/09/2024,09:16:44,53708,53708,90,53719.85,105,30,104400
BANKNIFTY-III.NFO,20/09/2024,09:16:46,53708,53708.05,75,53723.3,120,0,104400
BANKNIFTY-III.NFO,20/09/2024,09:16:47,53708,53708.05,75,53726.75,105,0,104400
BANKNIFTY-III.NFO,20/09/2024,09:16:49,53708,53708.05,75,53728,120,0,104400
BANKNIFTY-III.NFO,20/09/2024,09:16:51,53708,53708.05,60,53721.6,105,0,104400
BANKNIFTY-III.NFO,20/09/2024,09:16:52,53708,53708.05,75,53721.75,105,0,104400
BANKNIFTY-III.NFO,20/09/2024,09:16:54,53708,53709.15,75,53724.05,75,150,104400
BANKNIFTY-III.NFO,20/09/2024,09:16:55,53709.15,53709.15,30,53722.6,75,45,104400
BANKNIFTY-III.NFO,20/09/2024,09:16:57,53726.05,53711.3,30,53729.75,60,15,104400
BANKNIFTY-III.NFO,20/09/2024,09:16:59,53726.05,53714.45,60,53731.8,60,0,104400
BANKNIFTY-III.NFO,20/09/2024,09:17:00,53726.05,53713.1,15,53722.5,60,0,104400
BANKNIFTY-III.NFO,20/09/2024,09:17:02,53723.25,53718.25,60,53725,15,30,104400
BANKNIFTY-III.NFO,20/09/2024,09:17:04,53725,53723.05,60,53741.15,60,15,104400
BANKNIFTY-III.NFO,20/09/2024,09:17:05,53725,53714.25,90,53733.85,60,0,104400
BANKNIFTY-III.NFO,20/09/2024,09:17:07,53714.95,53719.4,60,53738.4,75,15,104400
BANKNIFTY-III.NFO,20/09/2024,09:17:08,53714.95,53719.85,75,53737.15,60,0,104400
BANKNIFTY-III.NFO,20/09/2024,09:17:10,53714.95,53718.15,60,53732.5,75,0,104400
BANKNIFTY-III.NFO,20/09/2024,09:17:12,53714.95,53718.15,45,53729.95,75,0,104400
BANKNIFTY-III.NFO,20/09/2024,09:17:13,53718.15,53718.15,30,53730,15,30,104400
BANKNIFTY-III.NFO,20/09/2024,09:17:15,53718.15,53719.4,15,53730,15,0,104400
BANKNIFTY-III.NFO,20/09/2024,09:17:17,53718.15,53722.9,30,53730,15,0,104400
BANKNIFTY-III.NFO,20/09/2024,09:17:18,53737.45,53730,15,53739,75,75,104400
BANKNIFTY-III.NFO,20/09/2024,09:17:20,53737.45,53730,15,53738.4,75,0,104400
BANKNIFTY-III.NFO,20/09/2024,09:17:22,53737.45,53730.05,60,53742.3,60,0,104400
BANKNIFTY-III.NFO,20/09/2024,09:17:23,53737.45,53730.05,60,53745.9,60,0,104400
BANKNIFTY-III.NFO,20/09/2024,09:17:25,53737.45,53730.05,60,53742.65,60,0,104400
BANKNIFTY-III.NFO,20/09/2024,09:17:26,53743.45,53737.45,15,53742.6,75,15,104400
BANKNIFTY-III.NFO,20/09/2024,09:17:28,53732,53715.85,60,53725,15,75,104400
BANKNIFTY-III.NFO,20/09/2024,09:17:30,53732,53720.1,15,53725,15,0,104400
BANKNIFTY-III.NFO,20/09/2024,09:17:31,53731.05,53720.1,30,53731.25,90,30,104400
BANKNIFTY-III.NFO,20/09/2024,09:17:33,53725,53720.1,15,53725.35,75,15,104400
BANKNIFTY-III.NFO,20/09/2024,09:17:35,53719.8,53708.35,75,53721.05,45,30,104400
BANKNIFTY-III.NFO,20/09/2024,09:17:36,53719.8,53708.35,75,53724.15,60,0,104400
BANKNIFTY-III.NFO,20/09/2024,09:17:38,53725,53709,60,53723.55,30,15,104400
BANKNIFTY-III.NFO,20/09/2024,09:17:40,53723.55,53709.8,90,53729.6,45,60,104400
BANKNIFTY-III.NFO,20/09/2024,09:17:41,53723.55,53709.3,60,53727.85,30,0,104400
BANKNIFTY-III.NFO,20/09/2024,09:17:43,53723.55,53709.5,60,53729.2,165,0,104400
BANKNIFTY-III.NFO,20/09/2024,09:17:45,53723.55,53711.25,15,53726.35,15,0,104400
BANKNIFTY-III.NFO,20/09/2024,09:17:46,53723.55,53711.25,15,53727.4,30,0,104400
BANKNIFTY-III.NFO,20/09/2024,09:17:48,53723.55,53719.8,150,53727.6,90,0,104400
BANKNIFTY-III.NFO,20/09/2024,09:17:50,53726.25,53719.8,165,53730,15,15,104400
BANKNIFTY-III.NFO,20/09/2024,09:17:51,53726.25,53719.8,150,53728.85,30,0,104400
BANKNIFTY-III.NFO,20/09/2024,09:17:53,53726.25,53719.8,150,53727.7,30,0,104400
BANKNIFTY-III.NFO,20/09/2024,09:17:54,53719.8,53719.8,135,53730,15,30,104400
BANKNIFTY-III.NFO,20/09/2024,09:17:56,53719.8,53720.9,60,53730,15,0,104400
BANKNIFTY-III.NFO,20/09/2024,09:17:58,53719.8,53719.8,120,53730,15,0,104400
BANKNIFTY-III.NFO,20/09/2024,09:17:59,53719.8,53719.8,120,53726.3,30,0,104400
BANKNIFTY-III.NFO,20/09/2024,09:18:01,53719.8,53719.8,75,53722.85,30,45,104400
BANKNIFTY-III.NFO,20/09/2024,09:18:03,53719.8,53711,15,53715.25,165,75,104400
BANKNIFTY-III.NFO,20/09/2024,09:18:05,53719.8,53711,15,53715.8,150,0,104400
BANKNIFTY-III.NFO,20/09/2024,09:18:06,53719.8,53711,15,53712.55,150,0,104400
BANKNIFTY-III.NFO,20/09/2024,09:18:08,53711,53700,30,53714.85,135,15,104400
BANKNIFTY-III.NFO,20/09/2024,09:18:10,53711,53702.8,60,53718.15,30,0,104400
BANKNIFTY-III.NFO,20/09/2024,09:18:11,53706.75,53700,60,53708.6,120,15,104400
BANKNIFTY-III.NFO,20/09/2024,09:18:13,53700,53701.95,75,53715.2,120,45,104400
BANKNIFTY-III.NFO,20/09/2024,09:18:15,53700,53705.7,75,53718.45,120,0,104400
BANKNIFTY-III.NFO,20/09/2024,09:18:17,53700,53708.3,60,53720,15,0,104400
BANKNIFTY-III.NFO,20/09/2024,09:18:18,53700,53712.7,60,53720,15,0,104400
BANKNIFTY-III.NFO,20/09/2024,09:18:20,53700,53704.7,60,53720,30,0,104400
BANKNIFTY-III.NFO,20/09/2024,09:18:22,53700,53705.5,60,53720,15,0,104400
BANKNIFTY-III.NFO,20/09/2024,09:18:23,53700,53710.75,60,53720,15,0,104400
BANKNIFTY-III.NFO,20/09/2024,09:18:25,53700,53716.7,60,53720,15,0,104400
BANKNIFTY-III.NFO,20/09/2024,09:18:27,53720,53713.1,60,53723.55,15,15,104400
BANKNIFTY-III.NFO,20/09/2024,09:18:28,53712.45,53710.8,15,53719.7,30,30,104400
BANKNIFTY-III.NFO,20/09/2024,09:18:30,53712.45,53707.5,60,53722.95,30,0,104400
BANKNIFTY-III.NFO,20/09/2024,09:18:32,53712.45,53708,60,53722.95,45,0,104400
BANKNIFTY-III.NFO,20/09/2024,09:18:33,53708.1,53703.35,15,53717.8,60,30,104400
BANKNIFTY-III.NFO,20/09/2024,09:18:35,53708.1,53705.25,60,53716.85,60,0,104400
BANKNIFTY-III.NFO,20/09/2024,09:18:37,53708.1,53705.2,60,53717.9,60,0,104400
BANKNIFTY-III.NFO,20/09/2024,09:18:38,53708.1,53705.15,15,53708.1,15,0,104400
BANKNIFTY-III.NFO,20/09/2024,09:18:42,53708.1,53705.15,15,53708.05,60,0,104400
BANKNIFTY-III.NFO,20/09/2024,09:18:43,53708.1,53705.15,15,53711.15,60,15,104745
BANKNIFTY-III.NFO,20/09/2024,09:18:45,53708.1,53700.55,15,53708.75,60,0,104745
BANKNIFTY-III.NFO,20/09/2024,09:18:47,53708.1,53704.7,15,53708.75,60,0,104745
BANKNIFTY-III.NFO,20/09/2024,09:18:48,53708.1,53700.45,15,53705.8,60,0,104745
BANKNIFTY-III.NFO,20/09/2024,09:18:50,53708.1,53700.85,15,53706.8,60,0,104745
BANKNIFTY-III.NFO,20/09/2024,09:18:52,53704.45,53700,45,53707.4,60,15,104745
BANKNIFTY-III.NFO,20/09/2024,09:18:53,53707,53700.85,60,53713.05,60,15,104745
BANKNIFTY-III.NFO,20/09/2024,09:18:55,53707,53700,60,53710.35,60,0,104745
BANKNIFTY-III.NFO,20/09/2024,09:18:57,53707,53702.45,15,53706,60,0,104745
BANKNIFTY-III.NFO,20/09/2024,09:18:58,53705.8,53702.45,15,53706.1,45,15,104745
BANKNIFTY-III.NFO,20/09/2024,09:19:00,53705.8,53702.55,30,53710.5,45,0,104745
BANKNIFTY-III.NFO,20/09/2024,09:19:02,53705.8,53700,60,53703.7,45,0,104745
BANKNIFTY-III.NFO,20/09/2024,09:19:05,53690,53686.4,15,53695.1,45,105,104745
BANKNIFTY-III.NFO,20/09/2024,09:19:05,53690,53686.4,15,53695.1,45,0,104745
BANKNIFTY-III.NFO,20/09/2024,09:19:07,53690,53687.35,30,53696.45,45,0,104745
BANKNIFTY-III.NFO,20/09/2024,09:19:08,53690,53685.85,15,53692.05,105,0,104745
BANKNIFTY-III.NFO,20/09/2024,09:19:10,53690,53686.15,15,53691.45,45,0,104745
BANKNIFTY-III.NFO,20/09/2024,09:19:12,53679.55,53679.9,15,53689.45,45,30,104745
BANKNIFTY-III.NFO,20/09/2024,09:19:12,53679.55,53679.9,15,53689.45,45,0,104745
BANKNIFTY-III.NFO,20/09/2024,09:19:13,53679.55,53681.8,15,53688.55,45,0,104745
BANKNIFTY-III.NFO,20/09/2024,09:19:15,53684.65,53673.8,75,53685.7,105,45,104745
BANKNIFTY-III.NFO,20/09/2024,09:19:17,53684.65,53683.7,15,53689.3,105,0,104745
BANKNIFTY-III.NFO,20/09/2024,09:19:18,53684.65,53666.9,60,53688.45,30,0,104745
BANKNIFTY-III.NFO,20/09/2024,09:19:20,53681.05,53673.7,75,53688.65,105,15,104745
BANKNIFTY-III.NFO,20/09/2024,09:19:22,53681.05,53674.6,15,53687.55,150,0,104745
BANKNIFTY-III.NFO,20/09/2024,09:19:23,53681.05,53669.35,60,53685.45,30,0,104745
BANKNIFTY-III.NFO,20/09/2024,09:19:25,53681.05,53680,30,53682.65,150,0,104745
BANKNIFTY-III.NFO,20/09/2024,09:19:27,53681.05,53680,30,53685.8,120,0,104745
BANKNIFTY-III.NFO,20/09/2024,09:19:28,53680,53668.05,45,53680.4,135,30,104745
BANKNIFTY-III.NFO,20/09/2024,09:19:30,53678.05,53661.65,60,53675.65,120,15,104745
BANKNIFTY-III.NFO,20/09/2024,09:19:30,53678.05,53661.65,60,53675.65,120,0,104745
BANKNIFTY-III.NFO,20/09/2024,09:19:32,53674.6,53664.35,45,53675.2,15,30,104745
BANKNIFTY-III.NFO,20/09/2024,09:19:32,53674.6,53664.35,45,53675.2,15,0,104745
BANKNIFTY-III.NFO,20/09/2024,09:19:33,53674.6,53669.05,60,53681.5,15,0,104745
BANKNIFTY-III.NFO,20/09/2024,09:19:35,53674.6,53673.4,60,53686.7,90,0,104745
BANKNIFTY-III.NFO,20/09/2024,09:19:37,53674.15,53675.9,60,53689.5,15,15,104745
BANKNIFTY-III.NFO,20/09/2024,09:19:37,53674.15,53675.9,60,53689.5,15,0,104745
BANKNIFTY-III.NFO,20/09/2024,09:19:38,53674.15,53666.85,60,53678.95,15,0,104745
BANKNIFTY-III.NFO,20/09/2024,09:19:40,53662.6,53658.55,15,53672.55,45,30,104745
BANKNIFTY-III.NFO,20/09/2024,09:19:40,53661.8,53658.55,15,53672.55,45,0,104745
BANKNIFTY-III.NFO,20/09/2024,09:19:42,53662.6,53660.4,15,53670.05,45,0,104745
BANKNIFTY-III.NFO,20/09/2024,09:19:43,53669.6,53655.7,60,53667.75,30,15,104745
BANKNIFTY-III.NFO,20/09/2024,09:19:45,53654.85,53654.25,15,53665.65,45,75,104745
BANKNIFTY-III.NFO,20/09/2024,09:19:45,53654.85,53654.25,15,53665.65,45,0,104745
BANKNIFTY-III.NFO,20/09/2024,09:19:47,53663.95,53650.05,60,53663.95,15,30,104745
BANKNIFTY-III.NFO,20/09/2024,09:19:48,53663.95,53650.05,30,53663.95,15,0,104745
BANKNIFTY-III.NFO,20/09/2024,09:19:50,53663.95,53650,60,53660.45,15,0,104745
BANKNIFTY-III.NFO,20/09/2024,09:19:52,53663.95,53650.1,30,53660.75,105,0,104745
BANKNIFTY-III.NFO,20/09/2024,09:19:53,53663.95,53651.4,45,53661.8,15,0,104745
BANKNIFTY-III.NFO,20/09/2024,09:19:55,53663.95,53655.55,60,53668.15,15,0,104745
BANKNIFTY-III.NFO,20/09/2024,09:19:57,53663.95,53664.4,75,53669.6,15,0,104745
BANKNIFTY-III.NFO,20/09/2024,09:19:58,53689.75,53672.85,60,53689.8,30,75,104745
BANKNIFTY-III.NFO,20/09/2024,09:20:00,53689.75,53664.35,45,53682.05,15,0,104745
BANKNIFTY-III.NFO,20/09/2024,09:20:02,53689.75,53654,15,53666.75,15,0,104745
BANKNIFTY-III.NFO,20/09/2024,09:20:03,53689.75,53654,30,53668.55,30,0,104745
BANKNIFTY-III.NFO,20/09/2024,09:20:05,53689.75,53654,15,53661.6,15,0,104745
BANKNIFTY-III.NFO,20/09/2024,09:20:07,53689.75,53654.55,60,53665.4,15,0,104745
BANKNIFTY-III.NFO,20/09/2024,09:20:08,53665.45,53662.9,60,53683.2,30,30,104745
BANKNIFTY-III.NFO,20/09/2024,09:20:10,53665.45,53661.15,90,53678.25,30,0,104745
BANKNIFTY-III.NFO,20/09/2024,09:20:12,53665.45,53661.15,60,53680.05,30,0,104745
BANKNIFTY-III.NFO,20/09/2024,09:20:13,53665.45,53657.5,15,53666,150,0,104745
BANKNIFTY-III.NFO,20/09/2024,09:20:15,53665.45,53658,60,53670.25,90,0,104745
BANKNIFTY-III.NFO,20/09/2024,09:20:17,53665.45,53654.45,30,53668.45,165,0,104745
BANKNIFTY-III.NFO,20/09/2024,09:20:18,53665.45,53657.05,30,53665.6,150,0,104745
BANKNIFTY-III.NFO,20/09/2024,09:20:20,53665.45,53657.1,75,53670.25,165,0,104745
BANKNIFTY-III.NFO,20/09/2024,09:20:22,53665.45,53656.8,60,53669.4,90,0,104745
BANKNIFTY-III.NFO,20/09/2024,09:20:23,53665.45,53657.15,15,53666.65,150,0,104745
BANKNIFTY-III.NFO,20/09/2024,09:20:25,53665.2,53654.15,15,53664.75,60,45,104745
BANKNIFTY-III.NFO,20/09/2024,09:20:27,53665.2,53654,15,53654.6,45,0,104745
BANKNIFTY-III.NFO,20/09/2024,09:20:28,53665.2,53654,15,53661.8,150,0,104745
BANKNIFTY-III.NFO,20/09/2024,09:20:30,53665.2,53654,15,53662.35,30,0,104745
BANKNIFTY-III.NFO,20/09/2024,09:20:32,53665.2,53654,15,53657.5,150,0,104745
BANKNIFTY-III.NFO,20/09/2024,09:20:33,53665.2,53654,15,53659.5,45,0,104745
BANKNIFTY-III.NFO,20/09/2024,09:20:35,53654,53650,90,53653.15,150,30,104745
BANKNIFTY-III.NFO,20/09/2024,09:20:35,53654,53650,90,53653.15,150,0,104745
BANKNIFTY-III.NFO,20/09/2024,09:20:37,53650,53642.75,75,53653.05,45,90,104745
BANKNIFTY-III.NFO,20/09/2024,09:20:37,53650,53642.75,75,53653.05,45,0,104745
BANKNIFTY-III.NFO,20/09/2024,09:20:38,53650,53644.3,75,53655.4,45,0,104745
BANKNIFTY-III.NFO,20/09/2024,09:20:40,53650,53642.85,60,53655.4,45,0,104745
BANKNIFTY-III.NFO,20/09/2024,09:20:42,53650,53636.05,15,53647.15,150,0,104745
BANKNIFTY-III.NFO,20/09/2024,09:20:43,53647.1,53638.55,15,53644.25,150,30,104745
BANKNIFTY-III.NFO,20/09/2024,09:20:43,53647.1,53638.55,15,53644.25,150,0,104745
BANKNIFTY-III.NFO,20/09/2024,09:20:45,53647.1,53637.5,15,53643.3,30,0,104745
BANKNIFTY-III.NFO,20/09/2024,09:20:47,53627,53629.05,30,53636.75,30,60,104745
BANKNIFTY-III.NFO,20/09/2024,09:20:47,53627,53629.05,30,53636.75,30,0,104745
BANKNIFTY-III.NFO,20/09/2024,09:20:48,53627,53629.8,45,53639,30,0,104745
BANKNIFTY-III.NFO,20/09/2024,09:20:50,53630.75,53626.85,75,53634.95,30,15,104745
BANKNIFTY-III.NFO,20/09/2024,09:20:52,53630.75,53632.25,60,53643.7,45,0,104745
BANKNIFTY-III.NFO,20/09/2024,09:20:53,53630.75,53631.7,75,53649.45,30,0,104745
BANKNIFTY-III.NFO,20/09/2024,09:20:55,53630.75,53627.4,105,53640.95,30,0,104745
BANKNIFTY-III.NFO,20/09/2024,09:20:57,53630.75,53629.2,60,53638.4,30,0,104745
BANKNIFTY-III.NFO,20/09/2024,09:20:58,53630.75,53622.65,75,53638.35,45,0,104745
BANKNIFTY-III.NFO,20/09/2024,09:21:00,53630.75,53629.4,45,53639.95,30,0,104745
BANKNIFTY-III.NFO,20/09/2024,09:21:02,53630.75,53627.6,60,53639.95,30,0,104745
BANKNIFTY-III.NFO,20/09/2024,09:21:03,53644.15,53633.55,105,53649.95,30,75,104745
BANKNIFTY-III.NFO,20/09/2024,09:21:05,53644.15,53632.7,60,53648.55,45,0,104745
BANKNIFTY-III.NFO,20/09/2024,09:21:07,53644.15,53631.05,15,53646.15,45,0,104745
BANKNIFTY-III.NFO,20/09/2024,09:21:08,53645.35,53631,15,53641.7,30,15,104745
BANKNIFTY-III.NFO,20/09/2024,09:21:10,53630,53630,30,53642.7,45,30,104745
BANKNIFTY-III.NFO,20/09/2024,09:21:12,53630,53627.05,60,53641.25,90,15,104745
BANKNIFTY-III.NFO,20/09/2024,09:21:13,53644.65,53630.05,60,53644.7,30,30,104745
BANKNIFTY-III.NFO,20/09/2024,09:21:15,53644.65,53632.1,15,53644.65,30,0,104745
BANKNIFTY-III.NFO,20/09/2024,09:21:17,53644.65,53630,45,53644.45,30,0,104745
BANKNIFTY-III.NFO,20/09/2024,09:21:18,53625.5,53625,30,53643.25,30,90,104745
BANKNIFTY-III.NFO,20/09/2024,09:21:18,53625.5,53625,30,53643.25,30,0,104745
BANKNIFTY-III.NFO,20/09/2024,09:21:20,53637.9,53625,15,53637.2,45,15,104745
BANKNIFTY-III.NFO,20/09/2024,09:21:22,53637.9,53627.65,30,53641.75,45,0,104745
BANKNIFTY-III.NFO,20/09/2024,09:21:23,53637.9,53625.55,60,53641.6,30,0,104745
BANKNIFTY-III.NFO,20/09/2024,09:21:25,53637.9,53632.2,15,53637,120,0,104745
BANKNIFTY-III.NFO,20/09/2024,09:21:27,53637,53626.8,15,53637,30,90,104745
BANKNIFTY-III.NFO,20/09/2024,09:21:28,53637,53627.5,15,53637,30,0,104745
BANKNIFTY-III.NFO,20/09/2024,09:21:30,53637,53633.45,15,53637,30,0,104745
BANKNIFTY-III.NFO,20/09/2024,09:21:32,53637,53627.15,45,53637,30,0,104745
BANKNIFTY-III.NFO,20/09/2024,09:21:33,53637,53630.85,30,53637,30,0,104745
BANKNIFTY-III.NFO,20/09/2024,09:21:35,53637,53625.5,15,53637,30,0,104745
BANKNIFTY-III.NFO,20/09/2024,09:21:37,53637,53630.45,75,53637,30,0,104745
BANKNIFTY-III.NFO,20/09/2024,09:21:38,53637,53632.75,60,53637,15,15,104805
BANKNIFTY-III.NFO,20/09/2024,09:21:40,53637,53633.9,75,53637,15,0,104805
BANKNIFTY-III.NFO,20/09/2024,09:21:42,53637,53632.85,90,53637,15,0,104805
BANKNIFTY-III.NFO,20/09/2024,09:21:43,53637,53639.35,90,53644,15,15,104805
BANKNIFTY-III.NFO,20/09/2024,09:21:45,53650,53647.75,60,53669.55,30,240,104805
BANKNIFTY-III.NFO,20/09/2024,09:21:47,53650,53658.3,60,53670,15,0,104805
BANKNIFTY-III.NFO,20/09/2024,09:21:48,53650,53663.1,75,53670,15,0,104805
BANKNIFTY-III.NFO,20/09/2024,09:21:50,53675,53669.45,75,53684.9,15,30,104805
BANKNIFTY-III.NFO,20/09/2024,09:21:52,53675,53665.15,60,53684.65,30,0,104805
BANKNIFTY-III.NFO,20/09/2024,09:21:53,53684.55,53670,15,53676.55,45,30,104805
BANKNIFTY-III.NFO,20/09/2024,09:21:55,53676.45,53675,15,53680.3,135,15,104805
BANKNIFTY-III.NFO,20/09/2024,09:21:57,53682.7,53675,15,53685.2,120,75,104805
BANKNIFTY-III.NFO,20/09/2024,09:21:58,53682.7,53679.25,15,53694.55,120,0,104805
BANKNIFTY-III.NFO,20/09/2024,09:22:00,53679.25,53689.6,90,53700,30,135,104805
BANKNIFTY-III.NFO,20/09/2024,09:22:02,53679.25,53692.45,60,53700,30,0,104805
BANKNIFTY-III.NFO,20/09/2024,09:22:03,53703.6,53686.45,60,53704.15,30,45,104805
BANKNIFTY-III.NFO,20/09/2024,09:22:05,53710.8,53703.15,75,53721.55,75,30,104805
BANKNIFTY-III.NFO,20/09/2024,09:22:07,53710.8,53703.2,60,53720.05,15,0,104805
BANKNIFTY-III.NFO,20/09/2024,09:22:08,53710.8,53698.4,75,53715.3,45,0,104805
BANKNIFTY-III.NFO,20/09/2024,09:22:10,53710.8,53706.2,75,53722.5,45,0,104805
BANKNIFTY-III.NFO,20/09/2024,09:22:12,53710.8,53711.6,75,53723,150,0,104805
BANKNIFTY-III.NFO,20/09/2024,09:22:13,53710.8,53705.15,90,53722.8,60,0,104805
BANKNIFTY-III.NFO,20/09/2024,09:22:15,53715.65,53710,15,53715.65,45,45,104805
BANKNIFTY-III.NFO,20/09/2024,09:22:17,53719.1,53710,15,53719.1,15,15,104805
BANKNIFTY-III.NFO,20/09/2024,09:22:18,53710,53694.55,60,53712.7,30,15,104805
BANKNIFTY-III.NFO,20/09/2024,09:22:20,53712.9,53690.65,60,53710.55,30,30,104805
BANKNIFTY-III.NFO,20/09/2024,09:22:22,53712.9,53691.35,90,53707.15,45,0,104805
BANKNIFTY-III.NFO,20/09/2024,09:22:23,53710.4,53686.85,60,53705.85,30,30,104805
BANKNIFTY-III.NFO,20/09/2024,09:22:25,53710.4,53686.2,60,53707.7,30,0,104805
BANKNIFTY-III.NFO,20/09/2024,09:22:27,53710.4,53687.3,60,53704.4,45,0,104805
BANKNIFTY-III.NFO,20/09/2024,09:22:28,53710.4,53679.9,60,53700.2,30,0,104805
BANKNIFTY-III.NFO,20/09/2024,09:22:30,53710.4,53689.8,60,53704.95,45,0,104805
BANKNIFTY-III.NFO,20/09/2024,09:22:32,53710.4,53694.9,60,53710.15,30,0,104805
BANKNIFTY-III.NFO,20/09/2024,09:22:33,53697.3,53700.9,30,53712.3,30,15,104805
BANKNIFTY-III.NFO,20/09/2024,09:22:35,53697.3,53702.9,60,53719.55,15,0,104805
BANKNIFTY-III.NFO,20/09/2024,09:22:37,53697.3,53700.8,75,53715,30,0,104805
BANKNIFTY-III.NFO,20/09/2024,09:22:38,53697.3,53699.55,75,53715.55,15,0,104805
BANKNIFTY-III.NFO,20/09/2024,09:22:40,53697.3,53703.4,75,53718.15,60,0,104805
BANKNIFTY-III.NFO,20/09/2024,09:22:42,53697.3,53700.45,75,53714.65,45,0,104805
BANKNIFTY-III.NFO,20/09/2024,09:22:43,53697.3,53699.05,60,53710.9,15,0,104805
BANKNIFTY-III.NFO,20/09/2024,09:22:45,53700,53691.75,60,53707.1,15,15,104805
BANKNIFTY-III.NFO,20/09/2024,09:22:47,53700,53692.2,60,53697.3,45,0,104805
BANKNIFTY-III.NFO,20/09/2024,09:22:48,53697.3,53692.2,75,53710.25,30,45,104805
BANKNIFTY-III.NFO,20/09/2024,09:22:50,53697.3,53691.2,60,53707.05,30,0,104805
BANKNIFTY-III.NFO,20/09/2024,09:22:52,53697.3,53697.9,60,53713.3,15,0,104805
BANKNIFTY-III.NFO,20/09/2024,09:22:53,53701.8,53702.2,60,53717.05,30,15,104805
BANKNIFTY-III.NFO,20/09/2024,09:22:55,53701.8,53702.05,60,53716.75,45,0,104805
BANKNIFTY-III.NFO,20/09/2024,09:22:57,53715.8,53702.5,75,53715.85,45,30,104805
BANKNIFTY-III.NFO,20/09/2024,09:22:58,53715.8,53701.65,60,53719.7,30,0,104805
BANKNIFTY-III.NFO,20/09/2024,09:23:00,53720,53700.1,60,53719.95,30,15,104805
BANKNIFTY-III.NFO,20/09/2024,09:23:02,53720,53697.3,30,53710.65,45,0,104805
BANKNIFTY-III.NFO,20/09/2024,09:23:03,53720,53697.3,15,53704.2,30,0,104805
BANKNIFTY-III.NFO,20/09/2024,09:23:05,53697.3,53690,30,53701.2,30,15,104805
BANKNIFTY-III.NFO,20/09/2024,09:23:07,53697.3,53690,30,53697.3,30,0,104805
BANKNIFTY-III.NFO,20/09/2024,09:23:08,53690,53675,15,53688,195,30,104805
BANKNIFTY-III.NFO,20/09/2024,09:23:10,53690,53675,15,53686.25,120,0,104805
BANKNIFTY-III.NFO,20/09/2024,09:23:12,53690,53675,15,53686.7,120,0,104805
BANKNIFTY-III.NFO,20/09/2024,09:23:13,53690,53675,15,53684.35,90,0,104805
BANKNIFTY-III.NFO,20/09/2024,09:23:15,53682.1,53675,15,53680.9,105,15,104805
BANKNIFTY-III.NFO,20/09/2024,09:23:17,53682.1,53676.45,60,53687.6,30,0,104805
BANKNIFTY-III.NFO,20/09/2024,09:23:18,53682.1,53679.7,75,53695.45,45,0,104805
BANKNIFTY-III.NFO,20/09/2024,09:23:20,53682.1,53675,15,53685.4,45,0,104805
BANKNIFTY-III.NFO,20/09/2024,09:23:22,53675,53672.25,60,53688.2,75,15,104805
BANKNIFTY-III.NFO,20/09/2024,09:23:23,53675,53672.35,75,53688.05,75,0,104805
BANKNIFTY-III.NFO,20/09/2024,09:23:25,53675,53673.05,75,53688.3,45,0,104805
BANKNIFTY-III.NFO,20/09/2024,09:23:27,53675,53675.85,75,53688.3,30,0,104805
BANKNIFTY-III.NFO,20/09/2024,09:23:28,53675,53679.9,90,53688.3,30,0,104805
BANKNIFTY-III.NFO,20/09/2024,09:23:30,53675,53687.8,105,53701.75,45,0,104805
BANKNIFTY-III.NFO,20/09/2024,09:23:32,53675,53690.45,75,53705.6,15,0,104805
BANKNIFTY-III.NFO,20/09/2024,09:23:33,53690.45,53690.25,60,53704.55,30,30,104805
BANKNIFTY-III.NFO,20/09/2024,09:23:35,53690.45,53686.55,75,53704.1,60,0,104805
BANKNIFTY-III.NFO,20/09/2024,09:23:37,53690.45,53679.2,75,53699.15,60,0,104805
BANKNIFTY-III.NFO,20/09/2024,09:23:38,53690.45,53679.8,75,53694.25,45,0,104805
BANKNIFTY-III.NFO,20/09/2024,09:23:40,53690.45,53690.45,15,53699.6,45,0,104805
BANKNIFTY-III.NFO,20/09/2024,09:23:42,53690.45,53690.45,15,53695.2,30,0,104805
BANKNIFTY-III.NFO,20/09/2024,09:23:43,53690.45,53690.45,15,53696.05,30,0,104805
BANKNIFTY-III.NFO,20/09/2024,09:23:45,53690.45,53690.45,15,53696.65,30,0,104805
BANKNIFTY-III.NFO,20/09/2024,09:23:47,53697.15,53681.8,60,53697.05,60,30,104805
BANKNIFTY-III.NFO,20/09/2024,09:23:48,53697.15,53676.5,60,53694.4,45,0,104805
BANKNIFTY-III.NFO,20/09/2024,09:23:50,53697.15,53674.2,60,53691.45,45,0,104805
BANKNIFTY-III.NFO,20/09/2024,09:23:51,53697.15,53674.8,60,53690.6,60,0,104805
BANKNIFTY-III.NFO,20/09/2024,09:23:53,53692.95,53681.3,105,53696,75,15,104805
BANKNIFTY-III.NFO,20/09/2024,09:23:55,53692.95,53675.85,60,53691.75,45,0,104805
BANKNIFTY-III.NFO,20/09/2024,09:23:56,53692.95,53683,60,53699.45,75,0,104805
BANKNIFTY-III.NFO,20/09/2024,09:23:58,53692.95,53689.8,60,53699.45,30,0,104805
BANKNIFTY-III.NFO,20/09/2024,09:24:00,53692.95,53686.45,75,53702.1,45,0,104805
BANKNIFTY-III.NFO,20/09/2024,09:24:01,53705.3,53686.4,60,53702.35,45,15,104805
BANKNIFTY-III.NFO,20/09/2024,09:24:03,53705.3,53681.5,60,53698.75,45,0,104805
BANKNIFTY-III.NFO,20/09/2024,09:24:05,53705.3,53683.45,60,53699.95,15,0,104805
BANKNIFTY-III.NFO,20/09/2024,09:24:06,53705.3,53676.25,60,53697.55,45,0,104805
BANKNIFTY-III.NFO,20/09/2024,09:24:08,53705.3,53676.85,60,53689.4,105,0,104805
BANKNIFTY-III.NFO,20/09/2024,09:24:10,53705.3,53670.4,60,53688.65,120,0,104805
BANKNIFTY-III.NFO,20/09/2024,09:24:11,53705.3,53670,30,53681.4,60,0,104805
BANKNIFTY-III.NFO,20/09/2024,09:24:13,53705.3,53670.05,60,53683.25,60,0,104805
BANKNIFTY-III.NFO,20/09/2024,09:24:14,53705.3,53670.9,75,53682.15,15,0,104805
BANKNIFTY-III.NFO,20/09/2024,09:24:16,53705.3,53679.65,75,53693.65,15,0,104805
BANKNIFTY-III.NFO,20/09/2024,09:24:18,53705.3,53673.75,210,53690.8,45,0,104805
BANKNIFTY-III.NFO,20/09/2024,09:24:19,53705.3,53671.85,60,53687.6,105,0,104805
BANKNIFTY-III.NFO,20/09/2024,09:24:21,53705.3,53670.05,75,53686.05,45,0,104805
BANKNIFTY-III.NFO,20/09/2024,09:24:23,53705.3,53670.05,75,53685.4,105,0,104805
BANKNIFTY-III.NFO,20/09/2024,09:24:25,53705.3,53670.05,75,53683.75,90,0,104805
BANKNIFTY-III.NFO,20/09/2024,09:24:26,53705.3,53670,15,53680.9,105,0,104805
BANKNIFTY-III.NFO,20/09/2024,09:24:28,53705.3,53670,15,53680.4,90,0,104805
BANKNIFTY-III.NFO,20/09/2024,09:24:30,53705.3,53670,15,53683.5,105,0,104805
BANKNIFTY-III.NFO,20/09/2024,09:24:31,53705.3,53670,15,53679.8,60,0,104805
BANKNIFTY-III.NFO,20/09/2024,09:24:33,53705.3,53672.5,60,53682.6,15,0,104805
BANKNIFTY-III.NFO,20/09/2024,09:24:35,53705.3,53670.05,60,53682.6,60,0,104805
BANKNIFTY-III.NFO,20/09/2024,09:24:36,53705.3,53671.2,60,53685.75,30,0,104805
BANKNIFTY-III.NFO,20/09/2024,09:24:38,53705.3,53678.7,60,53694.25,15,0,104805
BANKNIFTY-III.NFO,20/09/2024,09:24:40,53705.3,53677.25,75,53692.75,105,0,104805
BANKNIFTY-III.NFO,20/09/2024,09:24:41,53705.3,53676,60,53690.9,105,0,104805
BANKNIFTY-III.NFO,20/09/2024,09:24:43,53705.3,53670.05,75,53686.5,45,0,104805
BANKNIFTY-III.NFO,20/09/2024,09:24:45,53705.3,53670,15,53678.3,105,0,104805
BANKNIFTY-III.NFO,20/09/2024,09:24:46,53705.3,53670,15,53678.85,15,0,104805
BANKNIFTY-III.NFO,20/09/2024,09:24:48,53676.7,53670,15,53678.4,60,15,104730
BANKNIFTY-III.NFO,20/09/2024,09:24:50,53676.7,53670,15,53675.6,60,0,104730
BANKNIFTY-III.NFO,20/09/2024,09:24:51,53676.7,53670,15,53677.15,45,0,104730
BANKNIFTY-III.NFO,20/09/2024,09:24:53,53676.7,53670,15,53678.85,60,0,104730
BANKNIFTY-III.NFO,20/09/2024,09:24:55,53675.9,53670,15,53674.8,45,15,104730
BANKNIFTY-III.NFO,20/09/2024,09:24:56,53675.9,53670,15,53673.35,45,0,104730
BANKNIFTY-III.NFO,20/09/2024,09:24:58,53674.25,53670,15,53674.55,30,15,104730
BANKNIFTY-III.NFO,20/09/2024,09:25:00,53670,53655.1,15,53663,60,15,104730
BANKNIFTY-III.NFO,20/09/2024,09:25:01,53655.1,53653.9,75,53665.05,15,15,104730
BANKNIFTY-III.NFO,20/09/2024,09:25:03,53655.1,53650.8,60,53668.95,60,0,104730
BANKNIFTY-III.NFO,20/09/2024,09:25:05,53655.1,53650.15,75,53666.1,45,0,104730
BANKNIFTY-III.NFO,20/09/2024,09:25:06,53655.1,53650.1,30,53657.85,75,0,104730
BANKNIFTY-III.NFO,20/09/2024,09:25:08,53650.1,53650.1,15,53655.15,30,15,104730
BANKNIFTY-III.NFO,20/09/2024,09:25:10,53650.1,53650.1,15,53655.6,30,0,104730
BANKNIFTY-III.NFO,20/09/2024,09:25:11,53650.1,53650,60,53660.6,30,15,104730
BANKNIFTY-III.NFO,20/09/2024,09:25:13,53650.1,53650,45,53655.65,30,0,104730
BANKNIFTY-III.NFO,20/09/2024,09:25:15,53650,53635.6,90,53647.65,30,45,104730
BANKNIFTY-III.NFO,20/09/2024,09:25:16,53650,53636.95,75,53650.25,45,0,104730
BANKNIFTY-III.NFO,20/09/2024,09:25:18,53650,53638.25,60,53650.2,30,0,104730
BANKNIFTY-III.NFO,20/09/2024,09:25:20,53650,53643,75,53655.85,30,0,104730
BANKNIFTY-III.NFO,20/09/2024,09:25:21,53650,53639.55,60,53652,30,0,104730
BANKNIFTY-III.NFO,20/09/2024,09:25:23,53641,53643.4,60,53657.6,15,15,104730
BANKNIFTY-III.NFO,20/09/2024,09:25:25,53641,53646.35,75,53660.55,30,0,104730
BANKNIFTY-III.NFO,20/09/2024,09:25:26,53641,53648.9,75,53663.35,30,0,104730
BANKNIFTY-III.NFO,20/09/2024,09:25:28,53641,53651.3,90,53664.95,30,0,104730
BANKNIFTY-III.NFO,20/09/2024,09:25:30,53641,53650.3,75,53666,60,0,104730
BANKNIFTY-III.NFO,20/09/2024,09:25:31,53641,53645.35,60,53661.45,60,0,104730
BANKNIFTY-III.NFO,20/09/2024,09:25:33,53641,53651.95,75,53663.15,30,0,104730
BANKNIFTY-III.NFO,20/09/2024,09:25:35,53641,53647.3,75,53659,30,0,104730
BANKNIFTY-III.NFO,20/09/2024,09:25:36,53641,53648.3,75,53662.7,15,0,104730
BANKNIFTY-III.NFO,20/09/2024,09:25:38,53652.25,53654.1,75,53669.95,45,15,104730
BANKNIFTY-III.NFO,20/09/2024,09:25:40,53652.25,53657.8,75,53670,30,0,104730
BANKNIFTY-III.NFO,20/09/2024,09:25:41,53652.25,53662.2,60,53670,30,0,104730
BANKNIFTY-III.NFO,20/09/2024,09:25:43,53652.25,53660.5,30,53669.95,45,0,104730
BANKNIFTY-III.NFO,20/09/2024,09:25:45,53668,53650.15,75,53665.85,30,15,104730
BANKNIFTY-III.NFO,20/09/2024,09:25:46,53668,53647.55,60,53663.3,60,0,104730
BANKNIFTY-III.NFO,20/09/2024,09:25:48,53668,53648.75,75,53662,30,0,104730
BANKNIFTY-III.NFO,20/09/2024,09:25:50,53648.75,53644.4,75,53657.35,45,15,104730
BANKNIFTY-III.NFO,20/09/2024,09:25:51,53659.2,53641.5,75,53650.95,30,15,104730
BANKNIFTY-III.NFO,20/09/2024,09:25:53,53659.2,53650,15,53650.95,30,0,104730
BANKNIFTY-III.NFO,20/09/2024,09:25:55,53650.95,53650,15,53650.95,15,15,104730
BANKNIFTY-III.NFO,20/09/2024,09:25:56,53650,53645.3,90,53650.95,15,15,104730
BANKNIFTY-III.NFO,20/09/2024,09:25:58,53650.95,53654.3,75,53668.6,30,15,104730
BANKNIFTY-III.NFO,20/09/2024,09:26:00,53650.95,53655.35,75,53669.85,15,0,104730
BANKNIFTY-III.NFO,20/09/2024,09:26:01,53650.95,53662.1,75,53670,30,0,104730
BANKNIFTY-III.NFO,20/09/2024,09:26:03,53670,53669.5,60,53685.85,30,45,104730
BANKNIFTY-III.NFO,20/09/2024,09:26:05,53670,53679.25,60,53692.75,30,0,104730
BANKNIFTY-III.NFO,20/09/2024,09:26:06,53670,53669.45,105,53684.75,90,0,104730
BANKNIFTY-III.NFO,20/09/2024,09:26:08,53670,53668.8,75,53684.4,60,0,104730
BANKNIFTY-III.NFO,20/09/2024,09:26:10,53670,53668.8,75,53687.3,60,0,104730
BANKNIFTY-III.NFO,20/09/2024,09:26:11,53670,53674.95,60,53688.15,30,0,104730
BANKNIFTY-III.NFO,20/09/2024,09:26:13,53676.1,53670.65,45,53685.35,60,75,104730
BANKNIFTY-III.NFO,20/09/2024,09:26:15,53676.1,53666.4,30,53679.75,75,0,104730
BANKNIFTY-III.NFO,20/09/2024,09:26:16,53676.1,53665.7,30,53680.15,75,0,104730
BANKNIFTY-III.NFO,20/09/2024,09:26:18,53669.95,53669.9,30,53685.85,60,30,104730
BANKNIFTY-III.NFO,20/09/2024,09:26:20,53669.95,53671.2,45,53686.1,60,0,104730
BANKNIFTY-III.NFO,20/09/2024,09:26:21,53669.95,53672.95,30,53690.15,60,0,104730
BANKNIFTY-III.NFO,20/09/2024,09:26:23,53669.95,53678.4,30,53694.15,60,0,104730
BANKNIFTY-III.NFO,20/09/2024,09:26:25,53669.95,53678.65,30,53698.9,60,0,104730
BANKNIFTY-III.NFO,20/09/2024,09:26:26,53681.8,53680.9,30,53697.9,60,15,104730
BANKNIFTY-III.NFO,20/09/2024,09:26:28,53681.8,53679.85,30,53695.7,60,0,104730
BANKNIFTY-III.NFO,20/09/2024,09:26:30,53681.8,53686.2,30,53703.25,60,0,104730
BANKNIFTY-III.NFO,20/09/2024,09:26:31,53681.8,53691.6,45,53705.2,30,0,104730
BANKNIFTY-III.NFO,20/09/2024,09:26:33,53681.8,53689.2,30,53705.1,60,0,104730
BANKNIFTY-III.NFO,20/09/2024,09:26:35,53681.8,53692.35,45,53705.2,30,0,104730
BANKNIFTY-III.NFO,20/09/2024,09:26:37,53681.8,53689.35,30,53706.45,60,0,104730
BANKNIFTY-III.NFO,20/09/2024,09:26:38,53681.8,53696.45,30,53711.65,60,0,104730
BANKNIFTY-III.NFO,20/09/2024,09:26:40,53681.8,53701.75,165,53716.5,60,0,104730
BANKNIFTY-III.NFO,20/09/2024,09:26:42,53681.8,53696,150,53711.15,60,0,104730
BANKNIFTY-III.NFO,20/09/2024,09:26:43,53681.8,53694.05,165,53708.9,60,0,104730
BANKNIFTY-III.NFO,20/09/2024,09:26:45,53681.8,53694.6,30,53710.8,60,0,104730
BANKNIFTY-III.NFO,20/09/2024,09:26:47,53681.8,53696.95,165,53709.9,105,0,104730
BANKNIFTY-III.NFO,20/09/2024,09:26:48,53681.8,53689.55,165,53703.65,60,0,104730
BANKNIFTY-III.NFO,20/09/2024,09:26:50,53681.8,53685.5,165,53699.45,60,0,104730
BANKNIFTY-III.NFO,20/09/2024,09:26:52,53681.8,53681.8,30,53696.95,60,0,104730
BANKNIFTY-III.NFO,20/09/2024,09:26:53,53681.8,53681.8,30,53696.1,60,0,104730
BANKNIFTY-III.NFO,20/09/2024,09:26:55,53681.8,53681.8,30,53697.35,90,0,104730
BANKNIFTY-III.NFO,20/09/2024,09:26:57,53681.8,53681.8,30,53696.95,75,0,104730
BANKNIFTY-III.NFO,20/09/2024,09:26:58,53681.8,53684.3,30,53702.45,90,0,104730
BANKNIFTY-III.NFO,20/09/2024,09:27:00,53681.8,53692.95,90,53706.55,60,0,104730
BANKNIFTY-III.NFO,20/09/2024,09:27:02,53681.8,53691.2,75,53705.9,60,0,104730
BANKNIFTY-III.NFO,20/09/2024,09:27:03,53681.8,53683.95,15,53697.75,105,0,104730
BANKNIFTY-III.NFO,20/09/2024,09:27:05,53681.8,53682.35,15,53696.6,75,0,104730
BANKNIFTY-III.NFO,20/09/2024,09:27:07,53681.8,53681.8,15,53691.6,60,0,104730
BANKNIFTY-III.NFO,20/09/2024,09:27:08,53681.8,53681.8,15,53689.6,75,0,104730
BANKNIFTY-III.NFO,20/09/2024,09:27:10,53681.8,53681.8,15,53689.2,60,0,104730
BANKNIFTY-III.NFO,20/09/2024,09:27:12,53681.8,53681.8,30,53695,75,0,104730
BANKNIFTY-III.NFO,20/09/2024,09:27:13,53681.8,53681.8,15,53693,75,0,104730
BANKNIFTY-III.NFO,20/09/2024,09:27:15,53681.8,53681.8,15,53691.9,60,0,104730
BANKNIFTY-III.NFO,20/09/2024,09:27:17,53681.8,53681.8,15,53692.95,75,0,104730
BANKNIFTY-III.NFO,20/09/2024,09:27:18,53681.8,53681.8,15,53690.15,60,0,104730
BANKNIFTY-III.NFO,20/09/2024,09:27:20,53681.8,53681.95,30,53695,60,0,104730
BANKNIFTY-III.NFO,20/09/2024,09:27:22,53681.8,53685.05,30,53699.95,60,0,104730
BANKNIFTY-III.NFO,20/09/2024,09:27:23,53681.8,53682.8,30,53698.3,75,0,104730
BANKNIFTY-III.NFO,20/09/2024,09:27:25,53681.8,53681.8,15,53693.35,60,0,104730
BANKNIFTY-III.NFO,20/09/2024,09:27:27,53681.8,53681.8,15,53685.35,75,0,104730
BANKNIFTY-III.NFO,20/09/2024,09:27:28,53681.8,53681.8,15,53688.15,60,0,104730
BANKNIFTY-III.NFO,20/09/2024,09:27:30,53681.8,53681.8,15,53691.15,60,0,104730
BANKNIFTY-III.NFO,20/09/2024,09:27:32,53681.8,53681.8,15,53687.55,60,0,104730
BANKNIFTY-III.NFO,20/09/2024,09:27:33,53681.8,53681.8,15,53683.35,60,0,104730
BANKNIFTY-III.NFO,20/09/2024,09:27:35,53681.8,53664.6,30,53682.2,75,15,104730
BANKNIFTY-III.NFO,20/09/2024,09:27:37,53681.8,53668.8,30,53682,60,0,104730
BANKNIFTY-III.NFO,20/09/2024,09:27:38,53681.8,53673.9,30,53689.3,75,0,104730
BANKNIFTY-III.NFO,20/09/2024,09:27:40,53681.8,53670.5,15,53684.8,75,0,104730
BANKNIFTY-III.NFO,20/09/2024,09:27:42,53681.8,53670.9,30,53684.6,60,0,104730
BANKNIFTY-III.NFO,20/09/2024,09:27:43,53681.8,53672.35,30,53688.45,60,0,104730
BANKNIFTY-III.NFO,20/09/2024,09:27:45,53681.8,53675.5,30,53690.4,60,0,104730
BANKNIFTY-III.NFO,20/09/2024,09:27:47,53681.8,53674.15,30,53690.55,75,0,104730
BANKNIFTY-III.NFO,20/09/2024,09:27:48,53681.8,53674.15,45,53688.9,60,0,104730
BANKNIFTY-III.NFO,20/09/2024,09:27:50,53681.8,53672.25,45,53687.2,60,0,104730
BANKNIFTY-III.NFO,20/09/2024,09:27:52,53681.8,53670.4,45,53685.05,60,0,104730
BANKNIFTY-III.NFO,20/09/2024,09:27:53,53681.8,53670.4,45,53684.95,60,0,104730
BANKNIFTY-III.NFO,20/09/2024,09:27:55,53681.8,53666.45,30,53682.7,60,0,104730
BANKNIFTY-III.NFO,20/09/2024,09:27:57,53681.8,53671.05,45,53684.75,75,0,104730
BANKNIFTY-III.NFO,20/09/2024,09:27:58,53681.8,53669.85,15,53685.75,90,0,104730
BANKNIFTY-III.NFO,20/09/2024,09:28:00,53681.8,53663.25,30,53679.65,90,0,104730
BANKNIFTY-III.NFO,20/09/2024,09:28:02,53681.8,53663.25,45,53678.8,60,0,104730
BANKNIFTY-III.NFO,20/09/2024,09:28:03,53681.8,53658.95,30,53672.35,60,0,104730
BANKNIFTY-III.NFO,20/09/2024,09:28:05,53681.8,53651.75,45,53669.2,75,0,104730
BANKNIFTY-III.NFO,20/09/2024,09:28:07,53681.8,53652.6,30,53668.4,60,0,104730
BANKNIFTY-III.NFO,20/09/2024,09:28:08,53681.8,53651,30,53666.35,75,0,104730
BANKNIFTY-III.NFO,20/09/2024,09:28:10,53681.8,53650,30,53662.7,75,0,104730
BANKNIFTY-III.NFO,20/09/2024,09:28:12,53681.8,53650,15,53661.75,60,0,104730
BANKNIFTY-III.NFO,20/09/2024,09:28:13,53650,53644.15,30,53659.3,75,15,104790
BANKNIFTY-III.NFO,20/09/2024,09:28:15,53650,53644.85,15,53655.5,75,0,104790
BANKNIFTY-III.NFO,20/09/2024,09:28:17,53650,53644.85,15,53650.2,60,0,104790
BANKNIFTY-III.NFO,20/09/2024,09:28:18,53644.85,53635.05,30,53650.85,75,15,104790
BANKNIFTY-III.NFO,20/09/2024,09:28:20,53644.85,53635,15,53644.8,60,0,104790
BANKNIFTY-III.NFO,20/09/2024,09:28:22,53631,53631,60,53640.85,60,60,104790
BANKNIFTY-III.NFO,20/09/2024,09:28:23,53636.75,53631,60,53636.75,60,15,104790
BANKNIFTY-III.NFO,20/09/2024,09:28:25,53631,53631,30,53638.7,60,30,104790
BANKNIFTY-III.NFO,20/09/2024,09:28:27,53631,53631,30,53634.8,60,0,104790
BANKNIFTY-III.NFO,20/09/2024,09:28:28,53630.9,53625,60,53630.9,60,120,104790
BANKNIFTY-III.NFO,20/09/2024,09:28:30,53630.9,53625,60,53629.25,60,0,104790
BANKNIFTY-III.NFO,20/09/2024,09:28:32,53630.9,53633.05,45,53646.95,75,0,104790
BANKNIFTY-III.NFO,20/09/2024,09:28:33,53630.9,53634.4,75,53647.25,60,0,104790
BANKNIFTY-III.NFO,20/09/2024,09:28:35,53630.9,53640.1,30,53651,75,0,104790
BANKNIFTY-III.NFO,20/09/2024,09:28:37,53630.9,53632.75,75,53645.1,60,0,104790
BANKNIFTY-III.NFO,20/09/2024,09:28:38,53630.9,53637.65,75,53647.25,60,0,104790
BANKNIFTY-III.NFO,20/09/2024,09:28:40,53630.9,53628.4,60,53643.85,90,0,104790
BANKNIFTY-III.NFO,20/09/2024,09:28:42,53630.9,53626.25,60,53635.3,30,0,104790
BANKNIFTY-III.NFO,20/09/2024,09:28:44,53630.9,53626.15,60,53635.75,30,0,104790
BANKNIFTY-III.NFO,20/09/2024,09:28:45,53630.9,53625,60,53634.35,75,0,104790
BANKNIFTY-III.NFO,20/09/2024,09:28:47,53630.9,53625.7,30,53634.4,30,0,104790
BANKNIFTY-III.NFO,20/09/2024,09:28:49,53630.9,53625,60,53629.75,30,0,104790
BANKNIFTY-III.NFO,20/09/2024,09:28:50,53630.9,53625,60,53629.8,60,0,104790
BANKNIFTY-III.NFO,20/09/2024,09:28:52,53630.9,53625,60,53627.85,30,0,104790
BANKNIFTY-III.NFO,20/09/2024,09:28:54,53630.9,53630.2,30,53643.85,60,0,104790
BANKNIFTY-III.NFO,20/09/2024,09:28:55,53630.9,53628.15,60,53641.05,60,0,104790
BANKNIFTY-III.NFO,20/09/2024,09:28:57,53630.9,53625.55,75,53641.55,75,0,104790
BANKNIFTY-III.NFO,20/09/2024,09:28:59,53630.9,53625.05,60,53634.45,30,0,104790
BANKNIFTY-III.NFO,20/09/2024,09:29:00,53630.9,53625,60,53630.45,30,0,104790
BANKNIFTY-III.NFO,20/09/2024,09:29:02,53630.9,53629.35,75,53638.1,30,0,104790
BANKNIFTY-III.NFO,20/09/2024,09:29:04,53630.9,53636.5,60,53654.2,60,0,104790
BANKNIFTY-III.NFO,20/09/2024,09:29:05,53630.9,53642.6,75,53655.25,45,0,104790
BANKNIFTY-III.NFO,20/09/2024,09:29:07,53630.9,53645.2,60,53657.85,30,0,104790
BANKNIFTY-III.NFO,20/09/2024,09:29:09,53630.9,53639.3,90,53650.55,30,0,104790
BANKNIFTY-III.NFO,20/09/2024,09:29:10,53630.9,53631.45,60,53647.25,75,0,104790
BANKNIFTY-III.NFO,20/09/2024,09:29:12,53630.9,53625.55,60,53636.4,30,0,104790
BANKNIFTY-III.NFO,20/09/2024,09:29:14,53630.9,53629.65,60,53644.1,60,0,104790
BANKNIFTY-III.NFO,20/09/2024,09:29:15,53630.9,53627.25,75,53636.6,30,0,104790
BANKNIFTY-III.NFO,20/09/2024,09:29:17,53630.9,53633.95,75,53643.4,30,0,104790
BANKNIFTY-III.NFO,20/09/2024,09:29:18,53630.9,53632.3,75,53643.25,30,0,104790
BANKNIFTY-III.NFO,20/09/2024,09:29:20,53630.9,53633.8,75,53645.95,75,0,104790
BANKNIFTY-III.NFO,20/09/2024,09:29:22,53630.9,53636.2,60,53646.9,30,0,104790
BANKNIFTY-III.NFO,20/09/2024,09:29:23,53653.3,53635.1,60,53653,30,225,104790
BANKNIFTY-III.NFO,20/09/2024,09:29:25,53653.3,53631.85,60,53647.05,30,0,104790
BANKNIFTY-III.NFO,20/09/2024,09:29:27,53653.3,53643.3,60,53658.15,30,0,104790
BANKNIFTY-III.NFO,20/09/2024,09:29:28,53653.3,53649.75,60,53664.6,30,0,104790
BANKNIFTY-III.NFO,20/09/2024,09:29:30,53653.3,53645.95,60,53661.3,30,0,104790
BANKNIFTY-III.NFO,20/09/2024,09:29:32,53653.3,53645.35,75,53660.5,30,0,104790
BANKNIFTY-III.NFO,20/09/2024,09:29:33,53653.3,53652.5,60,53670.8,60,0,104790
BANKNIFTY-III.NFO,20/09/2024,09:29:35,53653.3,53665.2,75,53679.7,90,0,104790
BANKNIFTY-III.NFO,20/09/2024,09:29:37,53670.8,53662.2,105,53679.1,30,15,104790
BANKNIFTY-III.NFO,20/09/2024,09:29:38,53670.8,53663.1,60,53677.65,30,0,104790
BANKNIFTY-III.NFO,20/09/2024,09:29:40,53670.8,53668.3,60,53679.05,60,0,104790
BANKNIFTY-III.NFO,20/09/2024,09:29:42,53670.8,53669.9,60,53684.6,60,0,104790
BANKNIFTY-III.NFO,20/09/2024,09:29:43,53670.8,53666.25,90,53681.95,30,0,104790
BANKNIFTY-III.NFO,20/09/2024,09:29:45,53681.05,53667.3,60,53680.6,75,15,104790
BANKNIFTY-III.NFO,20/09/2024,09:29:47,53644.8,53661.3,75,53671.9,30,1500,104790
BANKNIFTY-III.NFO,20/09/2024,09:29:48,53644.8,53662.55,75,53672.7,30,0,104790
BANKNIFTY-III.NFO,20/09/2024,09:29:50,53644.8,53663.8,75,53674.5,30,0,104790
BANKNIFTY-III.NFO,20/09/2024,09:29:52,53644.8,53668.7,75,53679,30,0,104790
BANKNIFTY-III.NFO,20/09/2024,09:29:53,53670.35,53670.2,75,53680.55,60,15,104790
BANKNIFTY-III.NFO,20/09/2024,09:29:55,53670.35,53668.55,75,53679.2,45,0,104790
BANKNIFTY-III.NFO,20/09/2024,09:29:57,53670,53668,45,53676.15,30,30,104790
BANKNIFTY-III.NFO,20/09/2024,09:29:58,53670,53657,45,53669.8,60,0,104790
BANKNIFTY-III.NFO,20/09/2024,09:30:00,53670,53658.75,45,53668.6,45,0,104790
BANKNIFTY-III.NFO,20/09/2024,09:30:02,53670,53670,30,53675.1,30,0,104790
BANKNIFTY-III.NFO,20/09/2024,09:30:03,53670,53675.45,45,53684.1,45,0,104790
BANKNIFTY-III.NFO,20/09/2024,09:30:05,53670,53681.35,45,53685,30,0,104790
BANKNIFTY-III.NFO,20/09/2024,09:30:07,53685,53687.6,30,53695.8,30,30,104790
BANKNIFTY-III.NFO,20/09/2024,09:30:08,53685,53685.5,30,53697,30,0,104790
BANKNIFTY-III.NFO,20/09/2024,09:30:10,53685,53678.35,30,53687.4,30,0,104790
BANKNIFTY-III.NFO,20/09/2024,09:30:11,53685,53681,30,53689.25,30,0,104790
BANKNIFTY-III.NFO,20/09/2024,09:30:13,53685,53689.15,30,53696.3,30,0,104790
BANKNIFTY-III.NFO,20/09/2024,09:30:15,53685,53688.8,30,53696.9,30,0,104790
BANKNIFTY-III.NFO,20/09/2024,09:30:16,53685,53682.85,30,53691.85,75,0,104790
BANKNIFTY-III.NFO,20/09/2024,09:30:18,53685,53684,30,53694.5,30,0,104790
BANKNIFTY-III.NFO,20/09/2024,09:30:20,53685,53685.8,30,53696.7,75,0,104790
BANKNIFTY-III.NFO,20/09/2024,09:30:21,53685,53686.2,30,53693.7,60,0,104790
BANKNIFTY-III.NFO,20/09/2024,09:30:23,53697.6,53694.45,30,53699.15,30,15,104790
BANKNIFTY-III.NFO,20/09/2024,09:30:25,53697.6,53689.8,30,53702.05,75,0,104790
BANKNIFTY-III.NFO,20/09/2024,09:30:26,53697.6,53687.75,30,53697.05,75,0,104790
BANKNIFTY-III.NFO,20/09/2024,09:30:28,53693.95,53693.65,15,53698.4,30,15,104790
BANKNIFTY-III.NFO,20/09/2024,09:30:30,53693.95,53698.3,15,53702.3,30,0,104790
BANKNIFTY-III.NFO,20/09/2024,09:30:31,53693.95,53695.6,15,53702.55,60,0,104790
BANKNIFTY-III.NFO,20/09/2024,09:30:33,53693.95,53694.8,15,53701.45,60,0,104790
BANKNIFTY-III.NFO,20/09/2024,09:30:35,53693.95,53690.4,15,53697.45,75,0,104790
BANKNIFTY-III.NFO,20/09/2024,09:30:36,53693.95,53693.05,15,53699.4,60,0,104790
BANKNIFTY-III.NFO,20/09/2024,09:30:38,53693.95,53690.95,15,53702.95,75,0,104790
BANKNIFTY-III.NFO,20/09/2024,09:30:40,53693.95,53691.2,15,53696.45,60,0,104790
BANKNIFTY-III.NFO,20/09/2024,09:30:41,53693.95,53697.25,15,53701.25,60,0,104790
BANKNIFTY-III.NFO,20/09/2024,09:30:43,53693.95,53695.95,15,53702.25,60,0,104790
BANKNIFTY-III.NFO,20/09/2024,09:30:45,53701.45,53693.75,15,53700.8,60,15,106155
BANKNIFTY-III.NFO,20/09/2024,09:30:47,53701.45,53693.95,30,53700.2,60,0,106155
BANKNIFTY-III.NFO,20/09/2024,09:30:48,53693.95,53680,15,53692.6,75,30,106155
BANKNIFTY-III.NFO,20/09/2024,09:30:50,53693.95,53680,15,53685.7,75,0,106155
BANKNIFTY-III.NFO,20/09/2024,09:30:52,53680,53670,30,53687.05,75,15,106155
BANKNIFTY-III.NFO,20/09/2024,09:30:53,53680,53670,30,53677.35,60,0,106155
BANKNIFTY-III.NFO,20/09/2024,09:30:55,53680,53670,30,53679.25,75,0,106155
BANKNIFTY-III.NFO,20/09/2024,09:30:57,53670,53652,15,53670.95,60,30,106155
BANKNIFTY-III.NFO,20/09/2024,09:30:58,53670,53655.25,15,53670.05,75,0,106155
BANKNIFTY-III.NFO,20/09/2024,09:31:00,53670,53654.25,15,53662.65,60,0,106155
BANKNIFTY-III.NFO,20/09/2024,09:31:02,53670,53658.35,15,53664.45,15,0,106155
BANKNIFTY-III.NFO,20/09/2024,09:31:03,53670,53655.95,30,53664.85,30,0,106155
BANKNIFTY-III.NFO,20/09/2024,09:31:05,53670,53657.8,15,53666.95,60,0,106155
BANKNIFTY-III.NFO,20/09/2024,09:31:07,53670,53660.5,15,53669.15,60,0,106155
BANKNIFTY-III.NFO,20/09/2024,09:31:08,53670,53660.3,15,53669.05,90,0,106155
BANKNIFTY-III.NFO,20/09/2024,09:31:10,53670,53661.1,15,53668.35,90,0,106155
BANKNIFTY-III.NFO,20/09/2024,09:31:12,53670,53658,15,53667,60,0,106155
BANKNIFTY-III.NFO,20/09/2024,09:31:13,53670,53663.85,15,53669.95,60,0,106155
BANKNIFTY-III.NFO,20/09/2024,09:31:15,53670,53667.7,15,53670,15,0,106155
BANKNIFTY-III.NFO,20/09/2024,09:31:17,53670,53662.95,30,53676.3,15,15,106155
BANKNIFTY-III.NFO,20/09/2024,09:31:18,53670,53661.6,30,53672.6,45,0,106155
BANKNIFTY-III.NFO,20/09/2024,09:31:20,53670,53655.35,30,53669.6,75,0,106155
BANKNIFTY-III.NFO,20/09/2024,09:31:22,53670,53657.35,30,53672.8,90,0,106155
BANKNIFTY-III.NFO,20/09/2024,09:31:23,53670,53665.05,15,53672.65,90,0,106155
BANKNIFTY-III.NFO,20/09/2024,09:31:25,53670,53670,15,53674.1,60,0,106155
BANKNIFTY-III.NFO,20/09/2024,09:31:27,53670,53670,15,53677.4,105,0,106155
BANKNIFTY-III.NFO,20/09/2024,09:31:28,53670,53670,45,53680.1,60,0,106155
BANKNIFTY-III.NFO,20/09/2024,09:31:30,53670,53670,45,53677.5,60,0,106155
BANKNIFTY-III.NFO,20/09/2024,09:31:32,53670,53670,45,53680.6,60,0,106155
BANKNIFTY-III.NFO,20/09/2024,09:31:33,53670,53670,45,53680.1,75,0,106155
BANKNIFTY-III.NFO,20/09/2024,09:31:35,53670,53653.85,30,53674.1,60,45,106155
BANKNIFTY-III.NFO,20/09/2024,09:31:37,53670,53654.35,60,53672.85,105,0,106155
BANKNIFTY-III.NFO,20/09/2024,09:31:38,53670,53655.35,30,53671.7,60,0,106155
BANKNIFTY-III.NFO,20/09/2024,09:31:40,53670,53665.65,15,53675.45,60,0,106155
BANKNIFTY-III.NFO,20/09/2024,09:31:42,53670,53661.45,60,53677.5,75,0,106155
BANKNIFTY-III.NFO,20/09/2024,09:31:43,53670,53666.65,60,53682.9,60,0,106155
BANKNIFTY-III.NFO,20/09/2024,09:31:45,53670,53665.15,30,53674.45,30,0,106155
BANKNIFTY-III.NFO,20/09/2024,09:31:47,53670,53660.3,30,53674.85,90,0,106155
BANKNIFTY-III.NFO,20/09/2024,09:31:48,53670,53659.25,30,53670.3,60,0,106155
BANKNIFTY-III.NFO,20/09/2024,09:31:50,53670,53661.85,30,53674.1,75,0,106155
BANKNIFTY-III.NFO,20/09/2024,09:31:52,53670,53660.65,30,53675.15,60,0,106155
BANKNIFTY-III.NFO,20/09/2024,09:31:53,53670,53660.8,30,53675.15,60,0,106155
BANKNIFTY-III.NFO,20/09/2024,09:31:55,53670,53663.15,30,53677.25,60,0,106155
BANKNIFTY-III.NFO,20/09/2024,09:31:57,53670,53666.2,60,53682.9,60,0,106155
BANKNIFTY-III.NFO,20/09/2024,09:31:58,53670,53669.95,60,53685.2,15,0,106155
BANKNIFTY-III.NFO,20/09/2024,09:32:00,53670,53676.8,60,53691.85,60,0,106155
BANKNIFTY-III.NFO,20/09/2024,09:32:02,53670,53685.2,30,53698.4,90,0,106155
BANKNIFTY-III.NFO,20/09/2024,09:32:03,53670,53683,30,53697.9,60,0,106155
BANKNIFTY-III.NFO,20/09/2024,09:32:05,53692.45,53676.85,45,53692.45,60,15,106155
BANKNIFTY-III.NFO,20/09/2024,09:32:07,53692.45,53681.1,45,53695,60,0,106155
BANKNIFTY-III.NFO,20/09/2024,09:32:08,53692.45,53679.25,45,53688.45,30,0,106155
BANKNIFTY-III.NFO,20/09/2024,09:32:10,53692.45,53685.45,75,53699.9,60,0,106155
BANKNIFTY-III.NFO,20/09/2024,09:32:12,53692.45,53686.75,135,53699.95,75,0,106155
BANKNIFTY-III.NFO,20/09/2024,09:32:13,53692.45,53681.05,45,53691.15,45,0,106155
BANKNIFTY-III.NFO,20/09/2024,09:32:15,53692.45,53682.45,45,53694.35,90,0,106155
BANKNIFTY-III.NFO,20/09/2024,09:32:17,53692.45,53680.85,45,53694.65,60,0,106155
BANKNIFTY-III.NFO,20/09/2024,09:32:18,53692.45,53674.55,45,53687.4,60,0,106155
BANKNIFTY-III.NFO,20/09/2024,09:32:20,53692.45,53673.8,45,53686.85,60,0,106155
BANKNIFTY-III.NFO,20/09/2024,09:32:22,53692.45,53674.05,45,53688.45,90,0,106155
BANKNIFTY-III.NFO,20/09/2024,09:32:23,53692.45,53679.15,45,53692.1,60,0,106155
BANKNIFTY-III.NFO,20/09/2024,09:32:25,53692.45,53681.4,75,53697.2,60,0,106155
BANKNIFTY-III.NFO,20/09/2024,09:32:27,53692.45,53685.15,45,53699.6,60,0,106155
BANKNIFTY-III.NFO,20/09/2024,09:32:28,53692.45,53683.5,45,53697.7,60,0,106155
BANKNIFTY-III.NFO,20/09/2024,09:32:30,53692.45,53681,60,53693.85,60,0,106155
BANKNIFTY-III.NFO,20/09/2024,09:32:32,53692.45,53693,30,53699.15,105,0,106155
BANKNIFTY-III.NFO,20/09/2024,09:32:33,53692.45,53693,30,53699.95,75,0,106155
BANKNIFTY-III.NFO,20/09/2024,09:32:35,53692.45,53693,30,53694.9,105,0,106155
BANKNIFTY-III.NFO,20/09/2024,09:32:37,53693,53679.3,45,53690.9,60,30,106155
BANKNIFTY-III.NFO,20/09/2024,09:32:38,53693,53677.4,45,53690.6,90,0,106155
BANKNIFTY-III.NFO,20/09/2024,09:32:40,53693,53673.9,45,53687.9,90,0,106155
BANKNIFTY-III.NFO,20/09/2024,09:32:42,53693,53682.85,45,53697.4,75,0,106155
BANKNIFTY-III.NFO,20/09/2024,09:32:44,53693,53687.4,45,53699.3,60,0,106155
BANKNIFTY-III.NFO,20/09/2024,09:32:45,53693,53688.65,45,53699.95,75,0,106155
BANKNIFTY-III.NFO,20/09/2024,09:32:47,53693,53689.75,45,53699.95,15,0,106155
BANKNIFTY-III.NFO,20/09/2024,09:32:49,53693,53685.9,45,53695.6,15,0,106155
BANKNIFTY-III.NFO,20/09/2024,09:32:50,53693,53689.15,45,53699.95,75,0,106155
BANKNIFTY-III.NFO,20/09/2024,09:32:52,53693,53689.5,45,53699.95,75,0,106155
BANKNIFTY-III.NFO,20/09/2024,09:32:54,53693,53683.55,45,53694.15,75,0,106155
BANKNIFTY-III.NFO,20/09/2024,09:32:55,53693,53678.95,45,53691.95,60,0,106155
BANKNIFTY-III.NFO,20/09/2024,09:32:57,53693,53681.5,45,53694.2,75,0,106155
BANKNIFTY-III.NFO,20/09/2024,09:32:59,53693,53682.55,60,53695.9,60,0,106155
BANKNIFTY-III.NFO,20/09/2024,09:33:00,53693,53678.2,45,53691.9,30,0,106155
BANKNIFTY-III.NFO,20/09/2024,09:33:02,53693,53676.55,45,53689.9,75,0,106155
BANKNIFTY-III.NFO,20/09/2024,09:33:04,53693,53669.6,15,53681.5,60,0,106155
BANKNIFTY-III.NFO,20/09/2024,09:33:05,53693,53670,45,53685.55,60,0,106155
BANKNIFTY-III.NFO,20/09/2024,09:33:07,53693,53662.7,75,53679,75,0,106155
BANKNIFTY-III.NFO,20/09/2024,09:33:09,53678.8,53668.75,15,53673.85,75,15,106155
BANKNIFTY-III.NFO,20/09/2024,09:33:10,53678.8,53658.75,90,53674.85,75,0,106155
BANKNIFTY-III.NFO,20/09/2024,09:33:12,53678.8,53669.65,15,53674.6,105,0,106155
BANKNIFTY-III.NFO,20/09/2024,09:33:14,53678.8,53651.35,90,53667.45,60,0,106155
BANKNIFTY-III.NFO,20/09/2024,09:33:15,53667.5,53659.9,60,53674.2,60,45,106155
BANKNIFTY-III.NFO,20/09/2024,09:33:17,53667.5,53666.05,15,53677.55,60,0,106155
BANKNIFTY-III.NFO,20/09/2024,09:33:18,53667.5,53656.6,60,53672.85,60,0,106155
BANKNIFTY-III.NFO,20/09/2024,09:33:20,53667.5,53653.05,60,53668.1,45,0,106155
BANKNIFTY-III.NFO,20/09/2024,09:33:22,53667.5,53656.45,15,53667.55,60,0,106155
BANKNIFTY-III.NFO,20/09/2024,09:33:23,53667.5,53659.15,60,53672.2,45,0,106155
BANKNIFTY-III.NFO,20/09/2024,09:33:25,53667.5,53655.15,60,53670.4,45,0,106155
BANKNIFTY-III.NFO,20/09/2024,09:33:27,53667.5,53664.4,60,53676.9,75,0,106155
BANKNIFTY-III.NFO,20/09/2024,09:33:28,53667.5,53668.3,60,53678.75,45,0,106155
BANKNIFTY-III.NFO,20/09/2024,09:33:30,53667.5,53668.55,60,53678.75,60,0,106155
BANKNIFTY-III.NFO,20/09/2024,09:33:32,53675.35,53677.6,60,53691.55,60,30,106155
BANKNIFTY-III.NFO,20/09/2024,09:33:33,53675.35,53683.55,60,53696.1,60,0,106155
BANKNIFTY-III.NFO,20/09/2024,09:33:35,53675.35,53686.9,60,53698.4,15,0,106155
BANKNIFTY-III.NFO,20/09/2024,09:33:37,53675.35,53690.15,15,53696.95,15,0,106155
BANKNIFTY-III.NFO,20/09/2024,09:33:38,53675.35,53690.75,60,53700,60,0,106155
BANKNIFTY-III.NFO,20/09/2024,09:33:40,53675.35,53681.15,60,53696.3,60,0,106155
BANKNIFTY-III.NFO,20/09/2024,09:33:41,53675.35,53688.35,60,53699.95,75,0,106155
BANKNIFTY-III.NFO,20/09/2024,09:33:43,53675.35,53688.85,60,53700,60,0,106155
BANKNIFTY-III.NFO,20/09/2024,09:33:45,53675.35,53693.1,15,53700,75,0,106155
BANKNIFTY-III.NFO,20/09/2024,09:33:46,53675.35,53689.6,60,53700,60,0,106155
BANKNIFTY-III.NFO,20/09/2024,09:33:48,53675.35,53691.85,15,53698.8,60,0,106155
BANKNIFTY-III.NFO,20/09/2024,09:33:50,53675.35,53687.1,60,53700,75,0,106155
BANKNIFTY-III.NFO,20/09/2024,09:33:51,53675.35,53691.65,60,53700,60,0,106155
BANKNIFTY-III.NFO,20/09/2024,09:33:53,53675.35,53693.4,15,53699.85,60,0,106155
BANKNIFTY-III.NFO,20/09/2024,09:33:55,53675.35,53675.5,60,53692.65,60,0,106155
BANKNIFTY-III.NFO,20/09/2024,09:33:56,53675.35,53684.75,15,53694.85,60,0,106155
BANKNIFTY-III.NFO,20/09/2024,09:33:58,53675.35,53690,15,53699.95,75,0,106155
BANKNIFTY-III.NFO,20/09/2024,09:34:00,53675.35,53690.05,15,53699.95,75,0,106155
BANKNIFTY-III.NFO,20/09/2024,09:34:01,53675.35,53691.1,15,53699.95,75,0,106155
BANKNIFTY-III.NFO,20/09/2024,09:34:03,53675.35,53681.7,15,53697.6,105,0,106155
BANKNIFTY-III.NFO,20/09/2024,09:34:04,53675.35,53675.5,60,53692.95,60,0,106155
BANKNIFTY-III.NFO,20/09/2024,09:34:06,53675.35,53681.35,15,53692.5,60,0,106155
BANKNIFTY-III.NFO,20/09/2024,09:34:08,53675.35,53675.35,30,53684.05,60,0,106155
BANKNIFTY-III.NFO,20/09/2024,09:34:09,53675.35,53675.35,30,53683.05,60,0,106155
BANKNIFTY-III.NFO,20/09/2024,09:34:11,53675.35,53675.35,30,53682.75,75,0,106155
BANKNIFTY-III.NFO,20/09/2024,09:34:13,53675.35,53675.35,30,53683.9,75,0,106155
BANKNIFTY-III.NFO,20/09/2024,09:34:14,53675.35,53675.35,30,53680.6,60,0,106155
BANKNIFTY-III.NFO,20/09/2024,09:34:16,53675.35,53659.75,60,53677.9,75,30,106065
BANKNIFTY-III.NFO,20/09/2024,09:34:18,53675.35,53667.1,15,53677.3,60,0,106065
BANKNIFTY-III.NFO,20/09/2024,09:34:19,53675.35,53667.2,15,53679.3,90,0,106065
BANKNIFTY-III.NFO,20/09/2024,09:34:21,53675.35,53663.8,15,53676,60,0,106065
BANKNIFTY-III.NFO,20/09/2024,09:34:23,53675.35,53665.8,15,53678.8,60,0,106065
BANKNIFTY-III.NFO,20/09/2024,09:34:24,53675.35,53663.45,60,53679.4,90,0,106065
BANKNIFTY-III.NFO,20/09/2024,09:34:26,53675.35,53669.4,60,53684.35,60,0,106065
BANKNIFTY-III.NFO,20/09/2024,09:34:28,53675.35,53671.45,15,53682.35,60,0,106065
BANKNIFTY-III.NFO,20/09/2024,09:34:29,53675.35,53668.2,15,53678.3,90,0,106065
BANKNIFTY-III.NFO,20/09/2024,09:34:31,53675.35,53670.95,15,53680.2,75,0,106065
BANKNIFTY-III.NFO,20/09/2024,09:34:33,53675.35,53670.5,15,53676.2,75,0,106065
BANKNIFTY-III.NFO,20/09/2024,09:34:34,53675.35,53667.3,15,53675.9,90,0,106065
BANKNIFTY-III.NFO,20/09/2024,09:34:36,53675.35,53666.85,15,53678.8,75,0,106065
BANKNIFTY-III.NFO,20/09/2024,09:34:38,53675.35,53670.45,60,53682.9,75,0,106065
BANKNIFTY-III.NFO,20/09/2024,09:34:39,53675.35,53676.55,60,53687.6,60,0,106065
BANKNIFTY-III.NFO,20/09/2024,09:34:41,53675.35,53684.15,15,53692.8,90,0,106065
BANKNIFTY-III.NFO,20/09/2024,09:34:43,53675.35,53676.6,60,53689.65,75,0,106065
BANKNIFTY-III.NFO,20/09/2024,09:34:44,53675.35,53677.3,60,53691.3,60,0,106065
BANKNIFTY-III.NFO,20/09/2024,09:34:46,53675.35,53668.95,60,53684.7,60,0,106065
BANKNIFTY-III.NFO,20/09/2024,09:34:48,53675.35,53667.05,60,53679.7,105,0,106065
BANKNIFTY-III.NFO,20/09/2024,09:34:49,53675.35,53668.2,60,53681.6,90,0,106065
BANKNIFTY-III.NFO,20/09/2024,09:34:51,53670.05,53669.85,60,53683.15,60,15,106065
BANKNIFTY-III.NFO,20/09/2024,09:34:53,53670.05,53667.5,45,53675.35,15,0,106065
BANKNIFTY-III.NFO,20/09/2024,09:34:54,53670.05,53665.85,45,53675.35,15,0,106065
BANKNIFTY-III.NFO,20/09/2024,09:34:56,53670.05,53666.65,45,53675.35,15,0,106065
BANKNIFTY-III.NFO,20/09/2024,09:34:58,53670.05,53665.9,45,53670.05,15,0,106065
BANKNIFTY-III.NFO,20/09/2024,09:34:59,53670.05,53662.9,45,53670.05,15,0,106065
BANKNIFTY-III.NFO,20/09/2024,09:35:01,53665.2,53662,30,53670.05,15,15,106065
BANKNIFTY-III.NFO,20/09/2024,09:35:03,53665.2,53659.15,15,53670,75,0,106065
BANKNIFTY-III.NFO,20/09/2024,09:35:04,53665.2,53654.75,15,53668.05,60,0,106065
BANKNIFTY-III.NFO,20/09/2024,09:35:06,53665.2,53657.75,60,53670.05,30,0,106065
BANKNIFTY-III.NFO,20/09/2024,09:35:08,53665.2,53658,15,53670,60,0,106065
BANKNIFTY-III.NFO,20/09/2024,09:35:09,53665.2,53663.05,30,53670.05,15,0,106065
BANKNIFTY-III.NFO,20/09/2024,09:35:11,53665.2,53668.25,15,53670.05,15,0,106065
BANKNIFTY-III.NFO,20/09/2024,09:35:13,53665.2,53667.05,30,53670.05,15,0,106065
BANKNIFTY-III.NFO,20/09/2024,09:35:15,53665.2,53662.5,30,53670.05,15,0,106065
BANKNIFTY-III.NFO,20/09/2024,09:35:16,53665.2,53667.55,30,53670.05,15,0,106065
BANKNIFTY-III.NFO,20/09/2024,09:35:18,53665.2,53667.9,30,53670.05,15,0,106065
BANKNIFTY-III.NFO,20/09/2024,09:35:20,53665.2,53666.7,15,53670.05,15,0,106065
BANKNIFTY-III.NFO,20/09/2024,09:35:21,53665.2,53666.9,15,53670.05,15,0,106065
BANKNIFTY-III.NFO,20/09/2024,09:35:23,53670.05,53670.65,60,53675.35,15,15,106065
BANKNIFTY-III.NFO,20/09/2024,09:35:25,53680,53678.95,15,53689.5,60,30,106065
BANKNIFTY-III.NFO,20/09/2024,09:35:26,53680,53685.45,15,53697.3,60,0,106065
BANKNIFTY-III.NFO,20/09/2024,09:35:28,53680,53688.55,15,53696.45,105,0,106065
BANKNIFTY-III.NFO,20/09/2024,09:35:30,53685.8,53670.7,30,53690.05,60,15,106065
BANKNIFTY-III.NFO,20/09/2024,09:35:31,53685.8,53671,30,53680,15,0,106065
BANKNIFTY-III.NFO,20/09/2024,09:35:33,53685.8,53675.25,15,53679.95,60,0,106065
BANKNIFTY-III.NFO,20/09/2024,09:35:35,53685.8,53674.7,15,53680,15,0,106065
BANKNIFTY-III.NFO,20/09/2024,09:35:40,53685.8,53674.8,15,53680,15,0,106065
BANKNIFTY-III.NFO,20/09/2024,09:35:41,53680,53676.95,30,53692.15,60,15,106065
BANKNIFTY-III.NFO,20/09/2024,09:35:43,53680,53675.55,30,53689.7,75,0,106065
BANKNIFTY-III.NFO,20/09/2024,09:35:45,53680,53682.35,30,53695.8,90,0,106065
BANKNIFTY-III.NFO,20/09/2024,09:35:46,53680,53679.75,15,53685.75,60,0,106065
BANKNIFTY-III.NFO,20/09/2024,09:35:48,53685.75,53676.4,15,53681,30,60,106065
BANKNIFTY-III.NFO,20/09/2024,09:35:50,53685.75,53668.05,60,53680.5,30,0,106065
BANKNIFTY-III.NFO,20/09/2024,09:35:51,53685.75,53672.9,60,53685.75,45,0,106065
BANKNIFTY-III.NFO,20/09/2024,09:35:53,53685.75,53676.2,60,53685.8,15,0,106065
BANKNIFTY-III.NFO,20/09/2024,09:35:55,53685.75,53674.6,60,53685.8,30,0,106065
BANKNIFTY-III.NFO,20/09/2024,09:35:56,53685.75,53678.55,60,53685.8,15,0,106065
BANKNIFTY-III.NFO,20/09/2024,09:35:58,53685.75,53674.05,60,53685.75,45,0,106065
BANKNIFTY-III.NFO,20/09/2024,09:36:00,53685.75,53680,45,53685.75,30,0,106065
BANKNIFTY-III.NFO,20/09/2024,09:36:01,53685.75,53680,45,53685.75,45,0,106065
BANKNIFTY-III.NFO,20/09/2024,09:36:03,53685.75,53680,45,53685.75,30,15,106065
BANKNIFTY-III.NFO,20/09/2024,09:36:05,53685.75,53680,45,53685.8,15,0,106065
BANKNIFTY-III.NFO,20/09/2024,09:36:06,53685.75,53680.05,60,53685.8,15,0,106065
BANKNIFTY-III.NFO,20/09/2024,09:36:08,53685.75,53680.55,60,53685.8,15,0,106065
BANKNIFTY-III.NFO,20/09/2024,09:36:10,53685.75,53682.2,60,53685.8,15,0,106065
BANKNIFTY-III.NFO,20/09/2024,09:36:11,53685.8,53684.6,60,53698.5,15,15,106065
BANKNIFTY-III.NFO,20/09/2024,09:36:13,53685.8,53686.6,60,53700,90,0,106065
BANKNIFTY-III.NFO,20/09/2024,09:36:14,53685.8,53680.05,60,53697.45,45,0,106065
BANKNIFTY-III.NFO,20/09/2024,09:36:16,53685.8,53680.05,60,53692.3,15,0,106065
BANKNIFTY-III.NFO,20/09/2024,09:36:18,53692.3,53680,45,53692.35,30,15,106065
BANKNIFTY-III.NFO,20/09/2024,09:36:19,53692.3,53680,45,53684.65,30,0,106065
BANKNIFTY-III.NFO,20/09/2024,09:36:21,53692.3,53680,45,53684.3,45,0,106065
BANKNIFTY-III.NFO,20/09/2024,09:36:23,53680,53663.3,60,53679.35,30,45,106065
BANKNIFTY-III.NFO,20/09/2024,09:36:24,53680,53657.7,60,53675.6,30,0,106065
BANKNIFTY-III.NFO,20/09/2024,09:36:26,53680,53656.85,60,53672.6,30,0,106065
BANKNIFTY-III.NFO,20/09/2024,09:36:28,53680,53659.8,60,53677.6,30,0,106065
BANKNIFTY-III.NFO,20/09/2024,09:36:29,53680,53657.85,195,53677.2,30,0,106065
BANKNIFTY-III.NFO,20/09/2024,09:36:31,53680,53650.05,60,53670.8,30,0,106065
BANKNIFTY-III.NFO,20/09/2024,09:36:33,53680,53650,75,53657.55,30,0,106065
BANKNIFTY-III.NFO,20/09/2024,09:36:34,53650,53650,45,53656.95,30,30,106065
BANKNIFTY-III.NFO,20/09/2024,09:36:36,53650,53641.05,60,53656.95,30,45,106065
BANKNIFTY-III.NFO,20/09/2024,09:36:38,53650,53638.45,90,53657.2,30,0,106065
BANKNIFTY-III.NFO,20/09/2024,09:36:39,53650,53639.7,30,53650,45,0,106065
BANKNIFTY-III.NFO,20/09/2024,09:36:41,53650,53637.9,15,53650,75,0,106065
BANKNIFTY-III.NFO,20/09/2024,09:36:43,53650,53633.25,60,53649.95,30,0,106065
BANKNIFTY-III.NFO,20/09/2024,09:36:44,53650,53635,60,53649.95,15,0,106065
BANKNIFTY-III.NFO,20/09/2024,09:36:46,53650,53639.25,30,53650,45,0,106065
BANKNIFTY-III.NFO,20/09/2024,09:36:48,53633.9,53634.75,60,53649.05,15,45,106215
BANKNIFTY-III.NFO,20/09/2024,09:36:49,53633.9,53632.05,60,53644.35,15,0,106215
BANKNIFTY-III.NFO,20/09/2024,09:36:51,53633.9,53632.7,60,53647.55,15,0,106215
BANKNIFTY-III.NFO,20/09/2024,09:36:53,53633.9,53632,15,53642.8,30,0,106215
BANKNIFTY-III.NFO,20/09/2024,09:36:54,53625,53620.05,30,53629.75,30,165,106215
BANKNIFTY-III.NFO,20/09/2024,09:36:54,53625,53620.05,30,53629.75,30,0,106215
BANKNIFTY-III.NFO,20/09/2024,09:36:56,53625,53617.5,15,53622.5,15,0,106215
BANKNIFTY-III.NFO,20/09/2024,09:36:58,53625,53608.05,30,53625.1,15,0,106215
BANKNIFTY-III.NFO,20/09/2024,09:36:59,53625,53606.2,30,53621.55,15,0,106215
BANKNIFTY-III.NFO,20/09/2024,09:37:01,53612.2,53612.3,60,53624.95,30,15,106215
BANKNIFTY-III.NFO,20/09/2024,09:37:01,53612.2,53612.3,60,53624.95,30,0,106215
BANKNIFTY-III.NFO,20/09/2024,09:37:03,53612.2,53605.05,60,53621.55,15,0,106215
BANKNIFTY-III.NFO,20/09/2024,09:37:04,53612.2,53606.85,60,53615.2,30,0,106215
BANKNIFTY-III.NFO,20/09/2024,09:37:06,53612.2,53617.9,60,53625,30,0,106215
BANKNIFTY-III.NFO,20/09/2024,09:37:08,53620.05,53616.95,60,53625,30,15,106215
BANKNIFTY-III.NFO,20/09/2024,09:37:10,53625,53624.35,60,53625,15,15,106215
BANKNIFTY-III.NFO,20/09/2024,09:37:11,53625,53624.45,60,53633.9,15,15,106215
BANKNIFTY-III.NFO,20/09/2024,09:37:13,53625,53619.65,60,53633.85,45,0,106215
BANKNIFTY-III.NFO,20/09/2024,09:37:15,53625,53625.55,60,53639.45,45,0,106215
BANKNIFTY-III.NFO,20/09/2024,09:37:16,53625,53628.2,60,53643,15,0,106215
BANKNIFTY-III.NFO,20/09/2024,09:37:18,53625,53625.25,60,53640.35,45,0,106215
BANKNIFTY-III.NFO,20/09/2024,09:37:20,53625,53624.1,60,53639.65,45,0,106215
BANKNIFTY-III.NFO,20/09/2024,09:37:21,53625,53624,60,53641,60,0,106215
BANKNIFTY-III.NFO,20/09/2024,09:37:23,53625,53618.75,15,53631.95,45,0,106215
BANKNIFTY-III.NFO,20/09/2024,09:37:25,53625,53623.5,60,53638.25,45,0,106215
BANKNIFTY-III.NFO,20/09/2024,09:37:26,53625,53619.3,30,53637.2,45,0,106215
BANKNIFTY-III.NFO,20/09/2024,09:37:28,53625,53616.3,15,53628.45,30,0,106215
BANKNIFTY-III.NFO,20/09/2024,09:37:30,53625,53619.35,60,53634.2,60,0,106215
BANKNIFTY-III.NFO,20/09/2024,09:37:31,53625,53621.2,90,53635.75,45,0,106215
BANKNIFTY-III.NFO,20/09/2024,09:37:33,53625,53620.3,60,53637.65,45,0,106215
BANKNIFTY-III.NFO,20/09/2024,09:37:35,53625,53625.35,90,53640.65,45,0,106215
BANKNIFTY-III.NFO,20/09/2024,09:37:36,53625,53621.5,60,53638.45,45,0,106215
BANKNIFTY-III.NFO,20/09/2024,09:37:38,53625,53621.85,30,53637.45,75,0,106215
BANKNIFTY-III.NFO,20/09/2024,09:37:40,53625,53621.85,60,53637.5,45,0,106215
BANKNIFTY-III.NFO,20/09/2024,09:37:41,53625,53625.55,30,53640.95,60,0,106215
BANKNIFTY-III.NFO,20/09/2024,09:37:43,53625,53628.4,90,53644.1,90,0,106215
BANKNIFTY-III.NFO,20/09/2024,09:37:45,53625,53635.3,60,53649.95,45,0,106215
BANKNIFTY-III.NFO,20/09/2024,09:37:46,53639.1,53641,45,53650,75,30,106215
BANKNIFTY-III.NFO,20/09/2024,09:37:48,53639.1,53640.15,45,53650,75,0,106215
BANKNIFTY-III.NFO,20/09/2024,09:37:50,53639.1,53638.65,45,53650,90,0,106215
BANKNIFTY-III.NFO,20/09/2024,09:37:51,53650,53647.15,45,53650,45,30,106215
BANKNIFTY-III.NFO,20/09/2024,09:37:53,53650,53652.05,45,53667.1,15,45,106215
BANKNIFTY-III.NFO,20/09/2024,09:37:55,53668.55,53650.5,60,53666.45,90,15,106215
BANKNIFTY-III.NFO,20/09/2024,09:37:56,53650,53648.7,30,53664.45,60,90,106215
BANKNIFTY-III.NFO,20/09/2024,09:37:58,53650,53650.1,30,53670.05,60,0,106215
BANKNIFTY-III.NFO,20/09/2024,09:38:00,53650,53667.25,135,53682.45,60,0,106215
BANKNIFTY-III.NFO,20/09/2024,09:38:01,53650,53664.05,30,53679.15,90,0,106215
BANKNIFTY-III.NFO,20/09/2024,09:38:03,53650,53657,30,53673.6,60,0,106215
BANKNIFTY-III.NFO,20/09/2024,09:38:05,53650,53657.1,30,53671.25,15,0,106215
BANKNIFTY-III.NFO,20/09/2024,09:38:06,53650,53655.05,30,53668.85,15,0,106215
BANKNIFTY-III.NFO,20/09/2024,09:38:08,53650,53659.05,30,53675.4,60,0,106215
BANKNIFTY-III.NFO,20/09/2024,09:38:10,53650,53658.05,15,53671.35,60,0,106215
BANKNIFTY-III.NFO,20/09/2024,09:38:11,53650,53657,30,53673,60,0,106215
BANKNIFTY-III.NFO,20/09/2024,09:38:13,53650,53659.6,30,53675.8,90,0,106215
BANKNIFTY-III.NFO,20/09/2024,09:38:14,53650,53662.05,30,53677.2,60,0,106215
BANKNIFTY-III.NFO,20/09/2024,09:38:16,53650,53662.25,90,53676.95,45,0,106215
BANKNIFTY-III.NFO,20/09/2024,09:38:18,53650,53664.95,30,53680.7,60,0,106215
BANKNIFTY-III.NFO,20/09/2024,09:38:19,53650,53659,150,53676.2,60,0,106215
BANKNIFTY-III.NFO,20/09/2024,09:38:21,53650,53650.1,135,53667.4,60,0,106215
BANKNIFTY-III.NFO,20/09/2024,09:38:23,53650,53647.5,30,53664.3,60,0,106215
BANKNIFTY-III.NFO,20/09/2024,09:38:24,53650,53648.6,15,53660.65,90,0,106215
BANKNIFTY-III.NFO,20/09/2024,09:38:26,53650,53642,150,53656.2,60,0,106215
BANKNIFTY-III.NFO,20/09/2024,09:38:28,53650,53643.65,15,53658,75,0,106215
BANKNIFTY-III.NFO,20/09/2024,09:38:29,53650,53639.55,150,53655.25,60,0,106215
BANKNIFTY-III.NFO,20/09/2024,09:38:31,53650,53643.1,15,53656.75,60,0,106215
BANKNIFTY-III.NFO,20/09/2024,09:38:33,53650,53644.7,15,53659.3,60,0,106215
BANKNIFTY-III.NFO,20/09/2024,09:38:34,53650,53645.6,15,53655.55,75,0,106215
BANKNIFTY-III.NFO,20/09/2024,09:38:36,53650,53641.9,15,53655.85,75,0,106215
BANKNIFTY-III.NFO,20/09/2024,09:38:38,53650,53644.9,15,53657.55,60,0,106215
BANKNIFTY-III.NFO,20/09/2024,09:38:39,53650,53645.65,30,53661.3,60,0,106215
BANKNIFTY-III.NFO,20/09/2024,09:38:41,53650,53649.9,30,53667.6,60,0,106215
BANKNIFTY-III.NFO,20/09/2024,09:38:43,53650,53651,15,53665.3,60,0,106215
BANKNIFTY-III.NFO,20/09/2024,09:38:44,53650,53649.15,15,53661.55,60,0,106215
BANKNIFTY-III.NFO,20/09/2024,09:38:46,53650,53651.4,30,53666.2,60,0,106215
BANKNIFTY-III.NFO,20/09/2024,09:38:48,53652.95,53650.4,150,53663.8,60,30,106215
BANKNIFTY-III.NFO,20/09/2024,09:38:49,53652.95,53651.3,15,53661.4,75,0,106215
BANKNIFTY-III.NFO,20/09/2024,09:38:51,53652.95,53649.15,150,53664.1,60,0,106215
BANKNIFTY-III.NFO,20/09/2024,09:38:53,53652.95,53653,150,53666.2,60,0,106215
BANKNIFTY-III.NFO,20/09/2024,09:38:54,53652.95,53655.05,30,53669.5,60,0,106215
BANKNIFTY-III.NFO,20/09/2024,09:38:56,53652.95,53658.95,30,53673.25,60,0,106215
BANKNIFTY-III.NFO,20/09/2024,09:38:58,53652.95,53663.35,30,53677,15,0,106215
BANKNIFTY-III.NFO,20/09/2024,09:38:59,53652.95,53659.45,150,53674.55,60,0,106215
BANKNIFTY-III.NFO,20/09/2024,09:39:01,53652.95,53655.7,15,53670.35,60,0,106215
BANKNIFTY-III.NFO,20/09/2024,09:39:03,53652.95,53656.1,15,53665,75,0,106215
BANKNIFTY-III.NFO,20/09/2024,09:39:04,53652.95,53642.7,30,53661.05,60,0,106215
BANKNIFTY-III.NFO,20/09/2024,09:39:06,53652.95,53645.4,15,53658.5,60,0,106215
BANKNIFTY-III.NFO,20/09/2024,09:39:08,53652.95,53648.25,150,53662.55,60,0,106215
BANKNIFTY-III.NFO,20/09/2024,09:39:09,53652.95,53644.85,15,53658.6,60,0,106215
BANKNIFTY-III.NFO,20/09/2024,09:39:11,53652.95,53645.25,15,53658.35,60,0,106215
BANKNIFTY-III.NFO,20/09/2024,09:39:13,53652.95,53648.85,150,53663.15,60,0,106215
BANKNIFTY-III.NFO,20/09/2024,09:39:15,53652.95,53651.55,30,53666.45,60,0,106215
BANKNIFTY-III.NFO,20/09/2024,09:39:16,53652.95,53647.25,15,53661.95,60,0,106215
BANKNIFTY-III.NFO,20/09/2024,09:39:18,53652.95,53642.8,15,53656.3,75,0,106215
BANKNIFTY-III.NFO,20/09/2024,09:39:20,53652.95,53642.35,150,53657.75,60,0,106215
BANKNIFTY-III.NFO,20/09/2024,09:39:21,53652.95,53644.45,15,53656.15,60,0,106215
BANKNIFTY-III.NFO,20/09/2024,09:39:23,53652.95,53645.1,15,53657.85,60,0,106215
BANKNIFTY-III.NFO,20/09/2024,09:39:25,53652.95,53642.9,150,53657.05,90,0,106215
BANKNIFTY-III.NFO,20/09/2024,09:39:26,53652.95,53646.35,15,53658.05,60,0,106215
BANKNIFTY-III.NFO,20/09/2024,09:39:28,53652.95,53649.35,150,53661.95,60,0,106215
BANKNIFTY-III.NFO,20/09/2024,09:39:30,53652.95,53635.5,30,53655.9,60,0,106215
BANKNIFTY-III.NFO,20/09/2024,09:39:31,53652.95,53646.6,15,53659.55,60,0,106215
BANKNIFTY-III.NFO,20/09/2024,09:39:33,53652.95,53649.5,150,53662.55,60,0,106215
BANKNIFTY-III.NFO,20/09/2024,09:39:35,53652.95,53646.55,150,53659.55,60,0,106215
BANKNIFTY-III.NFO,20/09/2024,09:39:36,53652.95,53646.05,15,53655.8,60,0,106215
BANKNIFTY-III.NFO,20/09/2024,09:39:38,53652.95,53646.85,15,53655.8,60,0,106215
BANKNIFTY-III.NFO,20/09/2024,09:39:40,53652.95,53647.6,30,53661.35,60,0,106215
BANKNIFTY-III.NFO,20/09/2024,09:39:41,53652.95,53648.05,30,53663.15,60,0,106215
BANKNIFTY-III.NFO,20/09/2024,09:39:43,53652.95,53649.7,15,53659.85,60,0,106215
BANKNIFTY-III.NFO,20/09/2024,09:39:45,53652.95,53648.7,15,53655.85,75,0,106215
BANKNIFTY-III.NFO,20/09/2024,09:39:46,53652.95,53644.05,15,53654.45,75,0,106215
BANKNIFTY-III.NFO,20/09/2024,09:39:48,53652.95,53645.1,30,53662.1,60,0,106215
BANKNIFTY-III.NFO,20/09/2024,09:39:50,53652.95,53641.6,150,53658.15,60,0,106215
BANKNIFTY-III.NFO,20/09/2024,09:39:51,53652.95,53646.4,15,53653.55,150,0,106215
BANKNIFTY-III.NFO,20/09/2024,09:39:53,53652.95,53640,15,53648,60,0,106215
BANKNIFTY-III.NFO,20/09/2024,09:39:55,53652.95,53640,15,53650.5,75,0,106215
BANKNIFTY-III.NFO,20/09/2024,09:39:56,53652.95,53640,15,53646,60,0,106215
BANKNIFTY-III.NFO,20/09/2024,09:40:00,53652.95,53645.9,15,53654.05,60,0,106215
BANKNIFTY-III.NFO,20/09/2024,09:40:01,53652.95,53647.55,15,53658.4,90,0,106215
BANKNIFTY-III.NFO,20/09/2024,09:40:03,53655.7,53648.25,15,53651.6,60,15,106290
BANKNIFTY-III.NFO,20/09/2024,09:40:05,53655.7,53640,15,53645.75,60,0,106290
BANKNIFTY-III.NFO,20/09/2024,09:40:06,53655.7,53640,15,53651.45,60,0,106290
BANKNIFTY-III.NFO,20/09/2024,09:40:08,53640,53632.05,15,53637.9,75,15,106290
BANKNIFTY-III.NFO,20/09/2024,09:40:10,53640,53625.15,30,53640.8,60,0,106290
BANKNIFTY-III.NFO,20/09/2024,09:40:11,53640,53626.8,15,53633.05,60,0,106290
BANKNIFTY-III.NFO,20/09/2024,09:40:13,53640,53632.7,15,53641.5,75,0,106290
BANKNIFTY-III.NFO,20/09/2024,09:40:15,53640,53636,15,53648.95,60,0,106290
BANKNIFTY-III.NFO,20/09/2024,09:40:16,53640,53645.65,15,53656.2,60,0,106290
BANKNIFTY-III.NFO,20/09/2024,09:40:18,53640,53644.7,15,53658.75,60,0,106290
BANKNIFTY-III.NFO,20/09/2024,09:40:20,53640,53647.65,15,53659.95,60,0,106290
BANKNIFTY-III.NFO,20/09/2024,09:40:21,53640,53651.2,15,53660,30,0,106290
BANKNIFTY-III.NFO,20/09/2024,09:40:23,53640,53655.45,45,53660,30,0,106290
BANKNIFTY-III.NFO,20/09/2024,09:40:25,53660,53658,15,53660,15,15,106290
BANKNIFTY-III.NFO,20/09/2024,09:40:26,53660,53651.4,15,53668.35,75,0,106290
BANKNIFTY-III.NFO,20/09/2024,09:40:28,53660,53653.25,15,53668.4,45,0,106290
BANKNIFTY-III.NFO,20/09/2024,09:40:30,53660,53656.9,45,53670.15,15,0,106290
BANKNIFTY-III.NFO,20/09/2024,09:40:31,53660,53652.3,15,53667.85,90,0,106290
BANKNIFTY-III.NFO,20/09/2024,09:40:33,53660,53653.75,15,53668.9,60,0,106290
BANKNIFTY-III.NFO,20/09/2024,09:40:35,53660,53655.8,15,53669.8,60,0,106290
BANKNIFTY-III.NFO,20/09/2024,09:40:36,53660,53649.55,15,53663.9,60,0,106290
BANKNIFTY-III.NFO,20/09/2024,09:40:38,53660,53655.9,15,53669.85,15,0,106290
BANKNIFTY-III.NFO,20/09/2024,09:40:40,53660,53663.25,15,53678.05,15,0,106290
BANKNIFTY-III.NFO,20/09/2024,09:40:41,53660,53666.25,15,53680,30,0,106290
BANKNIFTY-III.NFO,20/09/2024,09:40:43,53660,53669.85,15,53679.95,60,0,106290
BANKNIFTY-III.NFO,20/09/2024,09:40:45,53660,53663.75,15,53676.3,15,0,106290
BANKNIFTY-III.NFO,20/09/2024,09:40:46,53660,53661.15,15,53676.45,90,0,106290
BANKNIFTY-III.NFO,20/09/2024,09:40:48,53660,53657.15,15,53671.55,75,0,106290
BANKNIFTY-III.NFO,20/09/2024,09:40:50,53660,53654.25,30,53669.05,60,0,106290
BANKNIFTY-III.NFO,20/09/2024,09:40:51,53660,53655.65,15,53670.65,60,0,106290
BANKNIFTY-III.NFO,20/09/2024,09:40:53,53660,53659.1,15,53673.5,60,0,106290
BANKNIFTY-III.NFO,20/09/2024,09:40:55,53660,53655.6,15,53671.1,60,0,106290
BANKNIFTY-III.NFO,20/09/2024,09:40:56,53660,53661.3,15,53674.25,60,0,106290
BANKNIFTY-III.NFO,20/09/2024,09:40:58,53660,53668.35,15,53678.3,60,0,106290
BANKNIFTY-III.NFO,20/09/2024,09:41:00,53663.3,53665.5,30,53679.95,75,30,106290
BANKNIFTY-III.NFO,20/09/2024,09:41:01,53663.3,53662.55,30,53678.7,60,0,106290
BANKNIFTY-III.NFO,20/09/2024,09:41:03,53663.3,53671.55,30,53680,15,0,106290
BANKNIFTY-III.NFO,20/09/2024,09:41:05,53663.3,53668.7,30,53680,30,0,106290
BANKNIFTY-III.NFO,20/09/2024,09:41:06,53663.3,53671.05,30,53680,15,0,106290
BANKNIFTY-III.NFO,20/09/2024,09:41:08,53671.05,53668.35,30,53680,30,15,106290
BANKNIFTY-III.NFO,20/09/2024,09:41:10,53671.05,53669.25,30,53680,30,0,106290
BANKNIFTY-III.NFO,20/09/2024,09:41:11,53671.05,53670.7,30,53680,15,0,106290
BANKNIFTY-III.NFO,20/09/2024,09:41:13,53671.05,53670.8,30,53680,15,0,106290
BANKNIFTY-III.NFO,20/09/2024,09:41:15,53671.05,53669.4,150,53680,30,0,106290
BANKNIFTY-III.NFO,20/09/2024,09:41:16,53671.05,53668.5,90,53680,30,0,106290
BANKNIFTY-III.NFO,20/09/2024,09:41:18,53671.05,53666.7,30,53679.95,60,0,106290
BANKNIFTY-III.NFO,20/09/2024,09:41:20,53671.05,53656.5,285,53671.25,75,0,106290
BANKNIFTY-III.NFO,20/09/2024,09:41:21,53671.05,53661.5,15,53674.85,60,0,106290
BANKNIFTY-III.NFO,20/09/2024,09:41:23,53671.05,53666.6,30,53679.95,75,0,106290
BANKNIFTY-III.NFO,20/09/2024,09:41:25,53671.05,53669.6,30,53680,15,0,106290
BANKNIFTY-III.NFO,20/09/2024,09:41:26,53671.05,53669.05,150,53679.95,75,0,106290
BANKNIFTY-III.NFO,20/09/2024,09:41:28,53671.05,53663.1,135,53677.55,75,0,106290
BANKNIFTY-III.NFO,20/09/2024,09:41:30,53671.05,53665.45,30,53679.95,75,0,106290
BANKNIFTY-III.NFO,20/09/2024,09:41:31,53671.05,53675,15,53680,15,0,106290
BANKNIFTY-III.NFO,20/09/2024,09:41:35,53671.05,53665,30,53679.35,60,0,106290
BANKNIFTY-III.NFO,20/09/2024,09:41:36,53671.05,53670.5,15,53679.35,60,0,106290
BANKNIFTY-III.NFO,20/09/2024,09:41:38,53671.05,53670,15,53678.45,60,0,106290
BANKNIFTY-III.NFO,20/09/2024,09:41:40,53671.05,53670.3,15,53679.95,60,0,106290
BANKNIFTY-III.NFO,20/09/2024,09:41:41,53671.05,53672.35,15,53680,15,0,106290
BANKNIFTY-III.NFO,20/09/2024,09:41:43,53671.05,53672.85,15,53680,30,0,106290
BANKNIFTY-III.NFO,20/09/2024,09:41:45,53671.05,53672.85,15,53679.95,60,0,106290
BANKNIFTY-III.NFO,20/09/2024,09:41:46,53671.05,53663,150,53677.65,90,0,106290
BANKNIFTY-III.NFO,20/09/2024,09:41:48,53671.05,53665.4,15,53675.7,60,0,106290
BANKNIFTY-III.NFO,20/09/2024,09:41:50,53671.05,53671.8,15,53676,75,0,106290
BANKNIFTY-III.NFO,20/09/2024,09:41:51,53671.05,53671.8,15,53674.45,75,0,106290
BANKNIFTY-III.NFO,20/09/2024,09:41:53,53671.85,53663.15,15,53668.5,105,15,106290
BANKNIFTY-III.NFO,20/09/2024,09:41:55,53671.85,53663.15,15,53668.35,75,0,106290
BANKNIFTY-III.NFO,20/09/2024,09:41:56,53671.85,53667.7,15,53677.65,75,0,106290
BANKNIFTY-III.NFO,20/09/2024,09:41:58,53671.85,53667.8,15,53677,75,0,106290
BANKNIFTY-III.NFO,20/09/2024,09:42:00,53671.85,53660.8,45,53676.5,60,0,106290
BANKNIFTY-III.NFO,20/09/2024,09:42:01,53671.85,53669.65,15,53679.1,75,0,106290
BANKNIFTY-III.NFO,20/09/2024,09:42:03,53671.85,53668.85,15,53674.7,60,0,106290
BANKNIFTY-III.NFO,20/09/2024,09:42:05,53671.85,53667.6,15,53673.2,90,0,106290
BANKNIFTY-III.NFO,20/09/2024,09:42:06,53671.85,53667.95,15,53671.45,60,0,106290
BANKNIFTY-III.NFO,20/09/2024,09:42:08,53671.85,53658.75,15,53668.55,60,0,106290
BANKNIFTY-III.NFO,20/09/2024,09:42:10,53671.85,53649.05,15,53662.9,60,0,106290
BANKNIFTY-III.NFO,20/09/2024,09:42:11,53671.85,53660.7,15,53662.35,60,0,106290
BANKNIFTY-III.NFO,20/09/2024,09:42:13,53671.85,53657.15,15,53659.6,60,0,106290
BANKNIFTY-III.NFO,20/09/2024,09:42:15,53671.85,53656.2,15,53663.5,60,0,106290
BANKNIFTY-III.NFO,20/09/2024,09:42:17,53671.85,53649,30,53660.8,60,0,106290
BANKNIFTY-III.NFO,20/09/2024,09:42:18,53671.85,53658.7,15,53663.85,60,0,106290
BANKNIFTY-III.NFO,20/09/2024,09:42:20,53671.85,53662.15,15,53667.55,60,0,106290
BANKNIFTY-III.NFO,20/09/2024,09:42:22,53671.85,53662.75,15,53674.6,60,0,106290
BANKNIFTY-III.NFO,20/09/2024,09:42:23,53671.85,53660.2,30,53674.5,60,0,106290
BANKNIFTY-III.NFO,20/09/2024,09:42:25,53671.85,53661.25,15,53673.45,60,0,106290
BANKNIFTY-III.NFO,20/09/2024,09:42:27,53671.85,53661,15,53670.3,75,0,106290
BANKNIFTY-III.NFO,20/09/2024,09:42:28,53671.85,53663.25,15,53671.2,60,0,106290
BANKNIFTY-III.NFO,20/09/2024,09:42:30,53671.85,53656.95,15,53668.7,75,0,106290
BANKNIFTY-III.NFO,20/09/2024,09:42:32,53671.85,53660,15,53665.35,60,0,106290
BANKNIFTY-III.NFO,20/09/2024,09:42:33,53671.85,53660.85,15,53666.4,75,0,106290
BANKNIFTY-III.NFO,20/09/2024,09:42:35,53671.85,53660.75,15,53667,75,0,106290
BANKNIFTY-III.NFO,20/09/2024,09:42:37,53671.85,53663.05,15,53669.05,60,0,106290
BANKNIFTY-III.NFO,20/09/2024,09:42:38,53671.85,53662.85,15,53669.05,60,0,106290
BANKNIFTY-III.NFO,20/09/2024,09:42:40,53671.85,53667.35,15,53678.45,75,0,106290
BANKNIFTY-III.NFO,20/09/2024,09:42:42,53671.85,53663.25,15,53678.45,75,0,106290
BANKNIFTY-III.NFO,20/09/2024,09:42:43,53671.85,53668.25,15,53671.35,60,0,106290
BANKNIFTY-III.NFO,20/09/2024,09:42:45,53671.85,53664.6,15,53672,75,0,106290
BANKNIFTY-III.NFO,20/09/2024,09:42:47,53671.85,53666.2,15,53671.05,75,0,106290
BANKNIFTY-III.NFO,20/09/2024,09:42:48,53671.85,53663.15,15,53676.85,15,0,106290
BANKNIFTY-III.NFO,20/09/2024,09:42:50,53671.85,53662.2,15,53677.3,75,0,106290
BANKNIFTY-III.NFO,20/09/2024,09:42:52,53671.85,53671.15,15,53680,15,0,106290
BANKNIFTY-III.NFO,20/09/2024,09:42:53,53671.85,53671.85,15,53680,15,0,106290
BANKNIFTY-III.NFO,20/09/2024,09:42:55,53671.85,53671.85,15,53677.85,75,0,106290
BANKNIFTY-III.NFO,20/09/2024,09:42:57,53671.85,53671.85,15,53672.85,60,0,106290
BANKNIFTY-III.NFO,20/09/2024,09:42:58,53671.85,53660.65,15,53669.8,60,15,106245
BANKNIFTY-III.NFO,20/09/2024,09:43:00,53671.85,53664.05,15,53668.65,60,0,106245
BANKNIFTY-III.NFO,20/09/2024,09:43:01,53671.85,53656.3,15,53666.3,60,0,106245
BANKNIFTY-III.NFO,20/09/2024,09:43:03,53671.85,53659.2,15,53662.1,75,0,106245
BANKNIFTY-III.NFO,20/09/2024,09:43:05,53671.85,53656.85,15,53659.1,60,0,106245
BANKNIFTY-III.NFO,20/09/2024,09:43:06,53671.85,53655.7,15,53657.9,60,0,106245
BANKNIFTY-III.NFO,20/09/2024,09:43:08,53671.85,53658.15,15,53665.65,60,0,106245
BANKNIFTY-III.NFO,20/09/2024,09:43:10,53671.85,53660.05,15,53666.1,60,0,106245
BANKNIFTY-III.NFO,20/09/2024,09:43:11,53671.85,53661.9,15,53668.45,75,0,106245
BANKNIFTY-III.NFO,20/09/2024,09:43:13,53671.85,53664.1,15,53671,60,0,106245
BANKNIFTY-III.NFO,20/09/2024,09:43:15,53671.85,53659,15,53670.5,75,0,106245
BANKNIFTY-III.NFO,20/09/2024,09:43:16,53671.85,53659.7,15,53669.05,75,0,106245
BANKNIFTY-III.NFO,20/09/2024,09:43:18,53671.85,53657.6,15,53664.55,60,0,106245
BANKNIFTY-III.NFO,20/09/2024,09:43:20,53671.85,53659.45,15,53670.9,75,0,106245
BANKNIFTY-III.NFO,20/09/2024,09:43:21,53671.85,53660.95,15,53669.65,75,0,106245
BANKNIFTY-III.NFO,20/09/2024,09:43:23,53671.85,53660.5,15,53673.25,75,0,106245
BANKNIFTY-III.NFO,20/09/2024,09:43:25,53671.85,53662.65,30,53674.25,75,0,106245
BANKNIFTY-III.NFO,20/09/2024,09:43:26,53671.85,53658.95,15,53671.9,75,0,106245
BANKNIFTY-III.NFO,20/09/2024,09:43:28,53671.85,53660.85,15,53671.4,75,0,106245
BANKNIFTY-III.NFO,20/09/2024,09:43:30,53671.85,53657.1,15,53664.4,75,0,106245
BANKNIFTY-III.NFO,20/09/2024,09:43:31,53671.85,53653.15,165,53667,60,0,106245
BANKNIFTY-III.NFO,20/09/2024,09:43:33,53671.85,53647,15,53665,60,0,106245
BANKNIFTY-III.NFO,20/09/2024,09:43:35,53671.85,53652.55,15,53661.15,60,0,106245
BANKNIFTY-III.NFO,20/09/2024,09:43:36,53671.85,53643.5,15,53659.15,60,0,106245
BANKNIFTY-III.NFO,20/09/2024,09:43:38,53671.85,53650.8,15,53653.5,60,0,106245
BANKNIFTY-III.NFO,20/09/2024,09:43:40,53648.3,53641.25,15,53649.8,60,15,106245
BANKNIFTY-III.NFO,20/09/2024,09:43:41,53648.3,53638,30,53650.65,75,0,106245
BANKNIFTY-III.NFO,20/09/2024,09:43:43,53648.3,53642,15,53650,60,0,106245
BANKNIFTY-III.NFO,20/09/2024,09:43:45,53648.3,53642.25,15,53647.7,60,0,106245
BANKNIFTY-III.NFO,20/09/2024,09:43:47,53648.3,53641.85,15,53650.2,60,0,106245
BANKNIFTY-III.NFO,20/09/2024,09:43:48,53648.65,53643.6,15,53648.65,45,60,106245
BANKNIFTY-III.NFO,20/09/2024,09:43:50,53648.65,53643.2,15,53645.35,45,0,106245
BANKNIFTY-III.NFO,20/09/2024,09:43:52,53648.65,53643.2,15,53644.3,45,0,106245
BANKNIFTY-III.NFO,20/09/2024,09:43:53,53648.65,53643.2,15,53646.05,45,0,106245
BANKNIFTY-III.NFO,20/09/2024,09:43:55,53648.65,53643.5,15,53647.1,45,0,106245
BANKNIFTY-III.NFO,20/09/2024,09:43:58,53648.65,53643.55,15,53648.6,45,0,106245
BANKNIFTY-III.NFO,20/09/2024,09:44:00,53648.65,53643.3,15,53648.65,15,0,106245
BANKNIFTY-III.NFO,20/09/2024,09:44:02,53646.8,53644.55,15,53648.65,15,15,106245
BANKNIFTY-III.NFO,20/09/2024,09:44:03,53667.85,53652.6,15,53660.6,30,120,106245
BANKNIFTY-III.NFO,20/09/2024,09:44:05,53667.85,53650.15,15,53659.85,45,0,106245
BANKNIFTY-III.NFO,20/09/2024,09:44:07,53667.85,53650.7,15,53660.1,15,0,106245
BANKNIFTY-III.NFO,20/09/2024,09:44:08,53667.85,53640.85,60,53656.55,45,0,106245
BANKNIFTY-III.NFO,20/09/2024,09:44:10,53667.85,53643.5,15,53652.95,45,0,106245
BANKNIFTY-III.NFO,20/09/2024,09:44:12,53667.85,53645.3,15,53657.8,30,0,106245
BANKNIFTY-III.NFO,20/09/2024,09:44:13,53645.6,53637.5,15,53648.75,45,15,106245
BANKNIFTY-III.NFO,20/09/2024,09:44:15,53645.6,53640.9,15,53649.75,45,0,106245
BANKNIFTY-III.NFO,20/09/2024,09:44:17,53645.6,53642.9,15,53650.6,30,0,106245
BANKNIFTY-III.NFO,20/09/2024,09:44:18,53645.6,53643.6,15,53651.1,45,0,106245
BANKNIFTY-III.NFO,20/09/2024,09:44:20,53645.6,53640.15,15,53647.85,30,0,106245
BANKNIFTY-III.NFO,20/09/2024,09:44:22,53645.6,53638.25,30,53642.9,15,0,106245
BANKNIFTY-III.NFO,20/09/2024,09:44:23,53653.75,53646.65,15,53653.5,30,120,106245
BANKNIFTY-III.NFO,20/09/2024,09:44:25,53653.75,53644.9,15,53654.5,15,0,106245
BANKNIFTY-III.NFO,20/09/2024,09:44:27,53653.75,53645,15,53651.55,15,0,106245
BANKNIFTY-III.NFO,20/09/2024,09:44:28,53653.75,53636.9,15,53646.35,15,0,106245
BANKNIFTY-III.NFO,20/09/2024,09:44:30,53641.6,53637.35,15,53650.5,15,15,106245
BANKNIFTY-III.NFO,20/09/2024,09:44:32,53641.6,53638.65,15,53653,30,0,106245
BANKNIFTY-III.NFO,20/09/2024,09:44:33,53641.6,53644.85,15,53651.25,165,0,106245
BANKNIFTY-III.NFO,20/09/2024,09:44:35,53641.6,53645.6,15,53655.55,30,0,106245
BANKNIFTY-III.NFO,20/09/2024,09:44:37,53641.6,53645.95,15,53655.65,30,0,106245
BANKNIFTY-III.NFO,20/09/2024,09:44:38,53641.6,53646.15,15,53656,165,0,106245
BANKNIFTY-III.NFO,20/09/2024,09:44:40,53646.2,53643.25,15,53652.1,165,15,106245
BANKNIFTY-III.NFO,20/09/2024,09:44:42,53646.2,53640.45,15,53653.8,45,0,106245
BANKNIFTY-III.NFO,20/09/2024,09:44:43,53646.2,53644.2,15,53657.5,30,0,106245
BANKNIFTY-III.NFO,20/09/2024,09:44:45,53646.2,53648.4,60,53661.8,15,0,106245
BANKNIFTY-III.NFO,20/09/2024,09:44:47,53646.2,53649.15,60,53663.8,15,0,106245
BANKNIFTY-III.NFO,20/09/2024,09:44:48,53646.2,53649.2,60,53664.4,15,0,106245
BANKNIFTY-III.NFO,20/09/2024,09:44:50,53646.2,53644.4,60,53661.35,30,0,106245
BANKNIFTY-III.NFO,20/09/2024,09:44:52,53646.2,53642.7,60,53657.35,15,0,106245
BANKNIFTY-III.NFO,20/09/2024,09:44:53,53646.2,53646.15,60,53660.55,15,0,106245
BANKNIFTY-III.NFO,20/09/2024,09:44:55,53646.2,53646.95,75,53659.9,15,0,106245
BANKNIFTY-III.NFO,20/09/2024,09:44:57,53646.2,53648.1,60,53661.55,15,0,106245
BANKNIFTY-III.NFO,20/09/2024,09:44:58,53646.2,53652.2,60,53667.4,30,0,106245
BANKNIFTY-III.NFO,20/09/2024,09:45:00,53646.2,53653.9,60,53669.75,30,0,106245
BANKNIFTY-III.NFO,20/09/2024,09:45:02,53646.2,53654.45,60,53669.8,15,0,106245
BANKNIFTY-III.NFO,20/09/2024,09:45:03,53646.2,53656.95,60,53670,30,0,106245
BANKNIFTY-III.NFO,20/09/2024,09:45:05,53646.2,53642.9,60,53669.25,30,0,106245
BANKNIFTY-III.NFO,20/09/2024,09:45:07,53646.2,53652.9,60,53669.25,30,0,106245
BANKNIFTY-III.NFO,20/09/2024,09:45:08,53646.2,53650.65,15,53665.55,30,0,106245
BANKNIFTY-III.NFO,20/09/2024,09:45:10,53646.2,53649.35,15,53658.95,30,0,106245
BANKNIFTY-III.NFO,20/09/2024,09:45:12,53648.85,53649.4,15,53657.75,45,30,106245
BANKNIFTY-III.NFO,20/09/2024,09:45:13,53648.85,53639.3,60,53657.9,15,0,106245
BANKNIFTY-III.NFO,20/09/2024,09:45:15,53648.85,53645.2,75,53659.85,15,0,106245
BANKNIFTY-III.NFO,20/09/2024,09:45:17,53648.85,53643.9,60,53659.85,15,0,106245
BANKNIFTY-III.NFO,20/09/2024,09:45:18,53648.85,53641.75,60,53659.15,30,0,106245
BANKNIFTY-III.NFO,20/09/2024,09:45:20,53648.85,53643.15,60,53659.2,15,0,106245
BANKNIFTY-III.NFO,20/09/2024,09:45:23,53648.85,53646.8,60,53663.65,30,0,106245
BANKNIFTY-III.NFO,20/09/2024,09:45:25,53648.85,53646.9,60,53663.75,15,0,106245
BANKNIFTY-III.NFO,20/09/2024,09:45:27,53648.85,53643.25,60,53660.95,30,0,106245
BANKNIFTY-III.NFO,20/09/2024,09:45:28,53648.85,53643.05,90,53658.25,30,0,106245
BANKNIFTY-III.NFO,20/09/2024,09:45:30,53648.85,53635.35,60,53654.75,30,0,106245
BANKNIFTY-III.NFO,20/09/2024,09:45:32,53648.85,53635.95,60,53651.8,30,0,106245
BANKNIFTY-III.NFO,20/09/2024,09:45:33,53648.85,53633.35,60,53651.7,30,0,106245
BANKNIFTY-III.NFO,20/09/2024,09:45:35,53648.85,53636.9,60,53651.85,15,0,106245
BANKNIFTY-III.NFO,20/09/2024,09:45:37,53648.85,53640.1,60,53654.75,30,0,106245
BANKNIFTY-III.NFO,20/09/2024,09:45:38,53648.85,53640.3,60,53654.8,45,0,106245
BANKNIFTY-III.NFO,20/09/2024,09:45:40,53648.85,53640.9,60,53654.8,15,0,106245
BANKNIFTY-III.NFO,20/09/2024,09:45:42,53648.85,53642.25,60,53658.3,15,0,106245
BANKNIFTY-III.NFO,20/09/2024,09:45:43,53648.85,53642.5,60,53658.95,15,0,106245
BANKNIFTY-III.NFO,20/09/2024,09:45:45,53648.85,53649.45,15,53659.55,30,0,106245
BANKNIFTY-III.NFO,20/09/2024,09:45:47,53648.85,53638.75,60,53653.85,45,0,106245
BANKNIFTY-III.NFO,20/09/2024,09:45:48,53648.85,53635.1,60,53648.85,30,0,106245
BANKNIFTY-III.NFO,20/09/2024,09:45:50,53648.85,53633.4,90,53648.6,30,0,106245
BANKNIFTY-III.NFO,20/09/2024,09:45:52,53648.85,53631.8,60,53647.3,15,0,106245
BANKNIFTY-III.NFO,20/09/2024,09:45:53,53648.85,53631,90,53647.25,30,0,106245
BANKNIFTY-III.NFO,20/09/2024,09:45:55,53648.85,53631,90,53639.45,15,0,106245
BANKNIFTY-III.NFO,20/09/2024,09:45:57,53648.85,53631,90,53642.65,30,0,106245
BANKNIFTY-III.NFO,20/09/2024,09:45:58,53648.85,53631,90,53639.05,15,0,106245
BANKNIFTY-III.NFO,20/09/2024,09:46:00,53648.85,53640,15,53646.6,15,0,106245
BANKNIFTY-III.NFO,20/09/2024,09:46:02,53648.85,53640,15,53643.2,45,0,106245
BANKNIFTY-III.NFO,20/09/2024,09:46:03,53640,53631,90,53639.45,45,15,106080
BANKNIFTY-III.NFO,20/09/2024,09:46:05,53640,53631,90,53639.05,15,0,106080
BANKNIFTY-III.NFO,20/09/2024,09:46:07,53640,53631,90,53643.15,30,0,106080
BANKNIFTY-III.NFO,20/09/2024,09:46:08,53640,53631,90,53642.45,15,0,106080
BANKNIFTY-III.NFO,20/09/2024,09:46:10,53640,53631.05,60,53643.15,15,0,106080
BANKNIFTY-III.NFO,20/09/2024,09:46:13,53640,53631.05,60,53645.3,45,0,106080
BANKNIFTY-III.NFO,20/09/2024,09:46:15,53640,53633.15,30,53645.9,15,0,106080
BANKNIFTY-III.NFO,20/09/2024,09:46:17,53640,53633.45,60,53645.9,15,0,106080
BANKNIFTY-III.NFO,20/09/2024,09:46:18,53640,53631.05,60,53645.95,30,0,106080
BANKNIFTY-III.NFO,20/09/2024,09:46:20,53640,53632.75,90,53646.9,15,0,106080
BANKNIFTY-III.NFO,20/09/2024,09:46:22,53640,53632.6,90,53646.9,15,0,106080
BANKNIFTY-III.NFO,20/09/2024,09:46:23,53640,53631.05,60,53645.7,15,0,106080
BANKNIFTY-III.NFO,20/09/2024,09:46:25,53640,53631.05,60,53644.6,45,0,106080
BANKNIFTY-III.NFO,20/09/2024,09:46:27,53640,53631.05,60,53642.1,15,0,106080
BANKNIFTY-III.NFO,20/09/2024,09:46:28,53640,53631,90,53637.6,45,0,106080
BANKNIFTY-III.NFO,20/09/2024,09:46:30,53640,53631,90,53635.4,15,0,106080
BANKNIFTY-III.NFO,20/09/2024,09:46:32,53640,53631,90,53641.8,45,0,106080
BANKNIFTY-III.NFO,20/09/2024,09:46:33,53640,53631,90,53642,30,0,106080
BANKNIFTY-III.NFO,20/09/2024,09:46:35,53640,53631,90,53635.65,45,0,106080
BANKNIFTY-III.NFO,20/09/2024,09:46:37,53645.85,53632.1,60,53645.25,30,30,106080
BANKNIFTY-III.NFO,20/09/2024,09:46:38,53645.85,53631.05,60,53644.7,30,0,106080
BANKNIFTY-III.NFO,20/09/2024,09:46:40,53645.85,53631.05,60,53641.05,30,0,106080
BANKNIFTY-III.NFO,20/09/2024,09:46:42,53645.85,53631,90,53631.05,30,0,106080
BANKNIFTY-III.NFO,20/09/2024,09:46:43,53631.05,53631,90,53640.4,30,30,106080
BANKNIFTY-III.NFO,20/09/2024,09:46:45,53631.05,53631.05,60,53641.15,45,0,106080
BANKNIFTY-III.NFO,20/09/2024,09:46:47,53641.15,53631.05,60,53641.1,15,15,106080
BANKNIFTY-III.NFO,20/09/2024,09:46:48,53641.15,53631.05,60,53640.75,30,0,106080
BANKNIFTY-III.NFO,20/09/2024,09:46:50,53641.15,53633,60,53646.9,15,0,106080
BANKNIFTY-III.NFO,20/09/2024,09:46:52,53641.15,53639.3,60,53648.85,15,0,106080
BANKNIFTY-III.NFO,20/09/2024,09:46:53,53641.15,53638,60,53648.85,30,0,106080
BANKNIFTY-III.NFO,20/09/2024,09:46:55,53641.15,53632.15,60,53646.4,30,0,106080
BANKNIFTY-III.NFO,20/09/2024,09:46:57,53641.15,53633.65,60,53647.6,30,0,106080
BANKNIFTY-III.NFO,20/09/2024,09:46:58,53641.15,53631.95,60,53645.9,30,0,106080
BANKNIFTY-III.NFO,20/09/2024,09:47:00,53641.15,53632.15,60,53647.05,30,0,106080
BANKNIFTY-III.NFO,20/09/2024,09:47:02,53641.15,53638.75,60,53648.85,15,0,106080
BANKNIFTY-III.NFO,20/09/2024,09:47:03,53641.15,53640.95,60,53648.85,15,0,106080
BANKNIFTY-III.NFO,20/09/2024,09:47:05,53641.15,53642.55,60,53648.85,15,0,106080
BANKNIFTY-III.NFO,20/09/2024,09:47:07,53641.15,53643.15,60,53648.85,15,0,106080
BANKNIFTY-III.NFO,20/09/2024,09:47:08,53641.15,53646.1,60,53648.85,15,0,106080
BANKNIFTY-III.NFO,20/09/2024,09:47:10,53641.15,53646.8,60,53648.85,15,0,106080
BANKNIFTY-III.NFO,20/09/2024,09:47:12,53648.85,53649.3,60,53660,15,30,106080
BANKNIFTY-III.NFO,20/09/2024,09:47:13,53648.85,53647.45,60,53660,30,0,106080
BANKNIFTY-III.NFO,20/09/2024,09:47:15,53648.85,53646.45,60,53660,30,0,106080
BANKNIFTY-III.NFO,20/09/2024,09:47:17,53648.85,53644.25,60,53659.95,45,0,106080
BANKNIFTY-III.NFO,20/09/2024,09:47:18,53648.85,53644.55,210,53659.35,45,0,106080
BANKNIFTY-III.NFO,20/09/2024,09:47:20,53648.85,53644.65,60,53659.35,45,0,106080
BANKNIFTY-III.NFO,20/09/2024,09:47:22,53648.85,53644.35,60,53657.55,45,0,106080
BANKNIFTY-III.NFO,20/09/2024,09:47:23,53648.85,53636.95,60,53654.8,45,0,106080
BANKNIFTY-III.NFO,20/09/2024,09:47:25,53648.85,53637.5,60,53652.45,45,0,106080
BANKNIFTY-III.NFO,20/09/2024,09:47:27,53648.85,53643.05,60,53656.65,45,0,106080
BANKNIFTY-III.NFO,20/09/2024,09:47:28,53648.85,53636.95,60,53653.25,45,0,106080
BANKNIFTY-III.NFO,20/09/2024,09:47:30,53648.85,53631,90,53644.95,45,0,106080
BANKNIFTY-III.NFO,20/09/2024,09:47:32,53648.85,53631,90,53637.55,45,0,106080
BANKNIFTY-III.NFO,20/09/2024,09:47:33,53648.85,53631,90,53638.35,45,0,106080
BANKNIFTY-III.NFO,20/09/2024,09:47:35,53648.85,53631,90,53639.9,60,0,106080
BANKNIFTY-III.NFO,20/09/2024,09:47:37,53648.85,53631,90,53641.35,45,0,106080
BANKNIFTY-III.NFO,20/09/2024,09:47:38,53641.35,53631.05,30,53644.05,15,30,106080
BANKNIFTY-III.NFO,20/09/2024,09:47:40,53641.35,53635.75,60,53652.1,30,0,106080
BANKNIFTY-III.NFO,20/09/2024,09:47:42,53641.35,53637.5,60,53653,15,0,106080
BANKNIFTY-III.NFO,20/09/2024,09:47:43,53641.35,53635.7,30,53651.7,15,0,106080
BANKNIFTY-III.NFO,20/09/2024,09:47:45,53641.35,53633.5,60,53647.05,15,0,106080
BANKNIFTY-III.NFO,20/09/2024,09:47:47,53641.35,53636.45,60,53649.7,15,0,106080
BANKNIFTY-III.NFO,20/09/2024,09:47:48,53641.35,53635.85,60,53649.7,15,0,106080
BANKNIFTY-III.NFO,20/09/2024,09:47:50,53641.35,53635.45,15,53647.9,15,0,106080
BANKNIFTY-III.NFO,20/09/2024,09:47:52,53641.35,53636.9,60,53649.7,15,0,106080
BANKNIFTY-III.NFO,20/09/2024,09:47:53,53641.35,53636.55,15,53646.25,15,0,106080
BANKNIFTY-III.NFO,20/09/2024,09:47:55,53641.35,53632.1,30,53646.1,15,0,106080
BANKNIFTY-III.NFO,20/09/2024,09:47:57,53641.35,53632.2,60,53646.1,15,0,106080
BANKNIFTY-III.NFO,20/09/2024,09:47:58,53646.7,53633.9,180,53647.35,15,15,106080
BANKNIFTY-III.NFO,20/09/2024,09:48:00,53646.7,53633.75,60,53648.25,15,0,106080
BANKNIFTY-III.NFO,20/09/2024,09:48:02,53646.7,53635.7,60,53649.7,45,0,106080
BANKNIFTY-III.NFO,20/09/2024,09:48:03,53646.7,53644.55,60,53655.45,30,0,106080
BANKNIFTY-III.NFO,20/09/2024,09:48:05,53646.7,53649.45,90,53660,30,0,106080
BANKNIFTY-III.NFO,20/09/2024,09:48:07,53646.7,53646.65,60,53660,30,0,106080
BANKNIFTY-III.NFO,20/09/2024,09:48:08,53646.7,53647.05,90,53660,30,0,106080
BANKNIFTY-III.NFO,20/09/2024,09:48:10,53660,53647.3,90,53661.15,15,15,106080
BANKNIFTY-III.NFO,20/09/2024,09:48:12,53661.1,53641.05,60,53659.45,15,15,106080
BANKNIFTY-III.NFO,20/09/2024,09:48:13,53661.1,53640.55,60,53657.9,15,0,106080
BANKNIFTY-III.NFO,20/09/2024,09:48:15,53661.1,53639.55,60,53655.8,30,0,106080
BANKNIFTY-III.NFO,20/09/2024,09:48:17,53661.1,53643.1,60,53655.2,15,0,106080
BANKNIFTY-III.NFO,20/09/2024,09:48:19,53661.1,53643.85,60,53657.8,45,0,106080
BANKNIFTY-III.NFO,20/09/2024,09:48:20,53661.1,53638.75,60,53656.15,30,0,106080
BANKNIFTY-III.NFO,20/09/2024,09:48:22,53661.1,53640.4,90,53654.75,165,0,106080
BANKNIFTY-III.NFO,20/09/2024,09:48:24,53661.1,53635.35,60,53650.7,165,0,106080
BANKNIFTY-III.NFO,20/09/2024,09:48:25,53661.1,53636.55,60,53650.25,15,0,106080
BANKNIFTY-III.NFO,20/09/2024,09:48:27,53661.1,53637.75,60,53650.25,15,0,106080
BANKNIFTY-III.NFO,20/09/2024,09:48:29,53661.1,53638.3,60,53651.9,15,0,106080
BANKNIFTY-III.NFO,20/09/2024,09:48:30,53661.1,53639.35,60,53652.95,165,0,106080
BANKNIFTY-III.NFO,20/09/2024,09:48:32,53661.1,53639,60,53649.6,45,0,106080
BANKNIFTY-III.NFO,20/09/2024,09:48:34,53661.1,53638.5,60,53649.6,45,0,106080
BANKNIFTY-III.NFO,20/09/2024,09:48:35,53649.6,53639.1,90,53650.8,15,15,106080
BANKNIFTY-III.NFO,20/09/2024,09:48:37,53649.6,53641.65,60,53653.45,15,0,106080
BANKNIFTY-III.NFO,20/09/2024,09:48:39,53649.6,53646.5,60,53662.35,15,0,106080
BANKNIFTY-III.NFO,20/09/2024,09:48:40,53649.6,53649.1,60,53664.7,15,0,106080
BANKNIFTY-III.NFO,20/09/2024,09:48:42,53649.6,53652.05,60,53664.7,15,0,106080
BANKNIFTY-III.NFO,20/09/2024,09:48:44,53649.6,53653.25,60,53668.05,15,0,106080
BANKNIFTY-III.NFO,20/09/2024,09:48:45,53649.6,53669.1,60,53683.7,30,0,106080
BANKNIFTY-III.NFO,20/09/2024,09:48:47,53684.25,53670.15,60,53685,15,60,106080
BANKNIFTY-III.NFO,20/09/2024,09:48:49,53684.25,53675.05,60,53685,15,0,106080
BANKNIFTY-III.NFO,20/09/2024,09:48:50,53684.25,53671.1,60,53685,30,0,106080
BANKNIFTY-III.NFO,20/09/2024,09:48:52,53684.25,53673.4,60,53684.6,30,0,106080
BANKNIFTY-III.NFO,20/09/2024,09:48:54,53684.25,53667.6,90,53684.6,60,0,106080
BANKNIFTY-III.NFO,20/09/2024,09:48:55,53684.25,53669.75,60,53684.6,30,0,106080
BANKNIFTY-III.NFO,20/09/2024,09:48:57,53684.25,53665.3,60,53684.6,45,0,106080
BANKNIFTY-III.NFO,20/09/2024,09:48:59,53684.25,53668.15,60,53684.3,15,0,106080
BANKNIFTY-III.NFO,20/09/2024,09:49:00,53685,53681.35,60,53691.25,30,15,106080
BANKNIFTY-III.NFO,20/09/2024,09:49:02,53685,53685.35,60,53700,105,0,106080
BANKNIFTY-III.NFO,20/09/2024,09:49:04,53685,53682,60,53700,135,0,106080
BANKNIFTY-III.NFO,20/09/2024,09:49:05,53685,53682.35,60,53700,105,0,106080
BANKNIFTY-III.NFO,20/09/2024,09:49:07,53685,53684.05,60,53700,135,0,106080
BANKNIFTY-III.NFO,20/09/2024,09:49:09,53685,53676.25,60,53697.85,120,0,106080
BANKNIFTY-III.NFO,20/09/2024,09:49:10,53685,53680.2,60,53700,135,0,106080
BANKNIFTY-III.NFO,20/09/2024,09:49:12,53685,53681.75,60,53699.3,45,0,106080
BANKNIFTY-III.NFO,20/09/2024,09:49:14,53681.75,53685.95,60,53700,105,15,106080
BANKNIFTY-III.NFO,20/09/2024,09:49:15,53681.75,53689.45,90,53700,105,0,106080
BANKNIFTY-III.NFO,20/09/2024,09:49:17,53681.75,53687.45,60,53700,105,0,106080
BANKNIFTY-III.NFO,20/09/2024,09:49:18,53681.75,53687.75,90,53699.95,15,0,106080
BANKNIFTY-III.NFO,20/09/2024,09:49:20,53681.75,53690.1,90,53700,90,0,106080
BANKNIFTY-III.NFO,20/09/2024,09:49:22,53681.75,53688.8,60,53700,105,0,106080
BANKNIFTY-III.NFO,20/09/2024,09:49:23,53700,53686.9,60,53699.95,15,15,106080
BANKNIFTY-III.NFO,20/09/2024,09:49:25,53700,53684.55,60,53699.95,15,0,106080
BANKNIFTY-III.NFO,20/09/2024,09:49:27,53700,53678.75,60,53695.35,45,0,106080
BANKNIFTY-III.NFO,20/09/2024,09:49:28,53676.65,53672.75,60,53689.25,45,15,106080
BANKNIFTY-III.NFO,20/09/2024,09:49:30,53676.65,53675.55,90,53691.3,30,0,106080
BANKNIFTY-III.NFO,20/09/2024,09:49:32,53676.65,53665.9,60,53686.05,30,0,106080
BANKNIFTY-III.NFO,20/09/2024,09:49:33,53676.65,53672.5,60,53685.4,30,0,106080
BANKNIFTY-III.NFO,20/09/2024,09:49:35,53676.65,53657.6,60,53684.5,60,0,106080
BANKNIFTY-III.NFO,20/09/2024,09:49:37,53676.65,53662.05,60,53676.75,30,0,106080
BANKNIFTY-III.NFO,20/09/2024,09:49:38,53676.65,53661.2,30,53675.6,30,0,106080
BANKNIFTY-III.NFO,20/09/2024,09:49:40,53676.65,53666.1,60,53678,30,0,106080
BANKNIFTY-III.NFO,20/09/2024,09:49:42,53676.65,53670.5,60,53682.45,30,0,106080
BANKNIFTY-III.NFO,20/09/2024,09:49:43,53676.65,53671.2,15,53682.75,45,0,106080
BANKNIFTY-III.NFO,20/09/2024,09:49:45,53676.65,53671.35,15,53682.75,45,0,106080
BANKNIFTY-III.NFO,20/09/2024,09:49:47,53676.65,53672.35,60,53686.05,30,0,106080
BANKNIFTY-III.NFO,20/09/2024,09:49:48,53676.65,53672.55,15,53685.5,60,0,106080
BANKNIFTY-III.NFO,20/09/2024,09:49:50,53676.65,53672.8,15,53685.65,30,0,106080
BANKNIFTY-III.NFO,20/09/2024,09:49:52,53676.65,53675.1,60,53688.65,30,0,106080
BANKNIFTY-III.NFO,20/09/2024,09:49:53,53676.65,53675.8,60,53689.55,30,0,106080
BANKNIFTY-III.NFO,20/09/2024,09:49:55,53676.65,53677.05,15,53689.95,30,0,106080
BANKNIFTY-III.NFO,20/09/2024,09:49:57,53676.65,53673.25,15,53686.25,30,0,106080
BANKNIFTY-III.NFO,20/09/2024,09:49:58,53676.65,53675.4,15,53687.6,30,0,106080
BANKNIFTY-III.NFO,20/09/2024,09:50:00,53676.65,53680.85,60,53693.8,30,0,106080
BANKNIFTY-III.NFO,20/09/2024,09:50:02,53681.25,53677.95,60,53694.5,90,30,106080
BANKNIFTY-III.NFO,20/09/2024,09:50:03,53681.25,53678.5,60,53694.65,60,0,106080
BANKNIFTY-III.NFO,20/09/2024,09:50:05,53681.25,53681.4,90,53695.75,60,0,106080
BANKNIFTY-III.NFO,20/09/2024,09:50:07,53681.25,53677.95,60,53693.65,60,0,106080
BANKNIFTY-III.NFO,20/09/2024,09:50:08,53681.25,53681.3,60,53693.65,60,0,106080
BANKNIFTY-III.NFO,20/09/2024,09:50:10,53681.25,53681.75,60,53696.65,60,0,106080
BANKNIFTY-III.NFO,20/09/2024,09:50:12,53681.25,53681.35,60,53696.65,90,0,106080
BANKNIFTY-III.NFO,20/09/2024,09:50:13,53681.25,53683.3,60,53695.95,15,0,106080
BANKNIFTY-III.NFO,20/09/2024,09:50:15,53681.25,53685.95,60,53700,90,0,106080
BANKNIFTY-III.NFO,20/09/2024,09:50:17,53681.25,53688.7,60,53700,75,0,106080
BANKNIFTY-III.NFO,20/09/2024,09:50:18,53681.25,53691.3,60,53700,75,0,106080
BANKNIFTY-III.NFO,20/09/2024,09:50:22,53681.25,53689.95,60,53700,90,0,106080
