Ticker,Date,Time,LTP,BuyPrice,BuyQty,SellPrice,SellQty,LTQ,OpenInterest
NIFTY-I.NFO,06/01/2025,09:15:00,24145.1,24130.1,3400,24135,50,25,0
NIFTY-I.NFO,06/01/2025,09:15:00,24145.1,24130.1,3400,24135,50,0,0
NIFTY-I.NFO,06/01/2025,09:15:00,24145.1,24130.1,3400,24135,50,0,0
NIFTY-I.NFO,06/01/2025,09:15:00,24145.1,24130.1,3400,24135,50,0,0
NIFTY-I.NFO,06/01/2025,09:15:01,24120.55,24120.5,25,24124.95,175,11275,12608625
NIFTY-I.NFO,06/01/2025,09:15:01,24120.55,24120.5,25,24124.95,175,0,12608625
NIFTY-I.NFO,06/01/2025,09:15:03,24120.45,24120.45,75,24123.5,825,2275,12608625
NIFTY-I.NFO,06/01/2025,09:15:03,24113.8,24120.45,75,24123.5,825,0,12608625
NIFTY-I.NFO,06/01/2025,09:15:04,24111.9,24111.9,150,24116.7,225,6300,12608625
NIFTY-I.NFO,06/01/2025,09:15:04,24111,24111.9,150,24116.7,225,0,12608625
NIFTY-I.NFO,06/01/2025,09:15:06,24111,24110.9,175,24116.3,125,4650,12608625
NIFTY-I.NFO,06/01/2025,09:15:07,24116.2,24110.9,125,24117.3,175,3925,12608625
NIFTY-I.NFO,06/01/2025,09:15:07,24108.55,24110.9,125,24117.3,175,0,12608625
NIFTY-I.NFO,06/01/2025,09:15:09,24115.85,24115.85,75,24122.95,100,1475,12608625
NIFTY-I.NFO,06/01/2025,09:15:11,24125,24124.95,475,24125,100,975,12608625
NIFTY-I.NFO,06/01/2025,09:15:12,24126.7,24126.8,150,24129,1025,3050,12608625
NIFTY-I.NFO,06/01/2025,09:15:14,24125.7,24125.7,1750,24127.7,75,4525,12608625
NIFTY-I.NFO,06/01/2025,09:15:16,24126.7,24125.7,1500,24126.7,50,2900,12608625
NIFTY-I.NFO,06/01/2025,09:15:17,24120,24116.55,25,24120.8,150,3075,12608625
NIFTY-I.NFO,06/01/2025,09:15:19,24120.45,24116,25,24120.2,75,700,12608625
NIFTY-I.NFO,06/01/2025,09:15:20,24124,24117.65,375,24123.95,25,2525,12608625
NIFTY-I.NFO,06/01/2025,09:15:22,24121.85,24116.6,225,24121.85,50,1775,12608625
NIFTY-I.NFO,06/01/2025,09:15:23,24114.9,24114.25,125,24116,25,650,12608625
NIFTY-I.NFO,06/01/2025,09:15:25,24111.9,24111.4,150,24116.15,25,3200,12608625
NIFTY-I.NFO,06/01/2025,09:15:27,24112.95,24114.4,25,24114.9,25,375,12608625
NIFTY-I.NFO,06/01/2025,09:15:28,24116.15,24116,25,24118.25,125,600,12608625
NIFTY-I.NFO,06/01/2025,09:15:30,24117.45,24112.4,100,24118.6,100,300,12608625
NIFTY-I.NFO,06/01/2025,09:15:31,24112.95,24112.9,125,24118.6,75,400,12596825
NIFTY-I.NFO,06/01/2025,09:15:33,24118.6,24118.6,2475,24119.65,25,2000,12596825
NIFTY-I.NFO,06/01/2025,09:15:34,24118.6,24118.6,1925,24119,250,775,12596825
NIFTY-I.NFO,06/01/2025,09:15:36,24111.95,24111.95,100,24118,50,2175,12596825
NIFTY-I.NFO,06/01/2025,09:15:38,24115.2,24111.95,25,24115.2,50,1400,12596825
NIFTY-I.NFO,06/01/2025,09:15:39,24114.25,24111.35,125,24115,100,325,12596825
NIFTY-I.NFO,06/01/2025,09:15:41,24110.1,24110.4,275,24116.9,100,875,12596825
NIFTY-I.NFO,06/01/2025,09:15:42,24116.8,24111,150,24116.75,25,500,12596825
NIFTY-I.NFO,06/01/2025,09:15:44,24110.1,24110.15,100,24115.15,75,125,12596825
NIFTY-I.NFO,06/01/2025,09:15:45,24110.15,24112.45,25,24114,250,75,12596825
NIFTY-I.NFO,06/01/2025,09:15:47,24114,24110.1,800,24114,125,325,12596825
NIFTY-I.NFO,06/01/2025,09:15:49,24110,24109.4,150,24110,1475,2275,12596825
NIFTY-I.NFO,06/01/2025,09:15:49,24108,24109.4,150,24110,1475,0,12596825
NIFTY-I.NFO,06/01/2025,09:15:50,24109,24108.9,175,24110,1450,3375,12596825
NIFTY-I.NFO,06/01/2025,09:15:52,24108.05,24111.7,25,24111.95,25,3225,12596825
NIFTY-I.NFO,06/01/2025,09:15:53,24111.65,24111.75,50,24114,800,1225,12596825
NIFTY-I.NFO,06/01/2025,09:15:55,24115,24112.65,50,24115,100,1300,12596825
NIFTY-I.NFO,06/01/2025,09:15:57,24117.4,24117.4,75,24118,900,1700,12596825
NIFTY-I.NFO,06/01/2025,09:15:58,24119.7,24117.4,175,24119.7,50,4550,12596825
NIFTY-I.NFO,06/01/2025,09:16:00,24123,24122,150,24123,550,3225,12596825
NIFTY-I.NFO,06/01/2025,09:16:02,24123,24122.15,75,24123,150,650,12596825
NIFTY-I.NFO,06/01/2025,09:16:03,24117.6,24117.6,75,24121.4,175,29600,12596825
NIFTY-I.NFO,06/01/2025,09:16:05,24116.9,24115.45,25,24116.9,275,1400,12596825
NIFTY-I.NFO,06/01/2025,09:16:06,24115.7,24116.1,25,24123,50,525,12596825
NIFTY-I.NFO,06/01/2025,09:16:08,24122.55,24118,100,24122.6,25,625,12596825
NIFTY-I.NFO,06/01/2025,09:16:10,24120,24120,400,24121.95,75,225,12596825
NIFTY-I.NFO,06/01/2025,09:16:11,24120.05,24120.05,25,24121.15,25,250,12596825
NIFTY-I.NFO,06/01/2025,09:16:13,24118,24116.4,175,24118,25,625,12596825
NIFTY-I.NFO,06/01/2025,09:16:15,24116.45,24117.45,25,24120.05,25,450,12596825
NIFTY-I.NFO,06/01/2025,09:16:16,24120,24117.45,125,24121.95,25,425,12596825
NIFTY-I.NFO,06/01/2025,09:16:18,24124.4,24124.4,600,24124.5,50,2250,12596825
NIFTY-I.NFO,06/01/2025,09:16:19,24125.65,24124.4,1075,24124.6,75,2950,12596825
NIFTY-I.NFO,06/01/2025,09:16:21,24123,24123,1025,24123.4,150,1275,12596825
NIFTY-I.NFO,06/01/2025,09:16:23,24123.1,24123,675,24123.1,150,700,12596825
NIFTY-I.NFO,06/01/2025,09:16:24,24123,24123.05,200,24123.1,150,125,12596825
NIFTY-I.NFO,06/01/2025,09:16:26,24123.1,24123.05,200,24123.1,150,225,12596825
NIFTY-I.NFO,06/01/2025,09:16:27,24123.1,24123.1,50,24124,25,1150,12596825
NIFTY-I.NFO,06/01/2025,09:16:29,24123.1,24123.1,225,24123.85,175,1350,12596825
NIFTY-I.NFO,06/01/2025,09:16:30,24124.3,24123.1,275,24124.45,375,525,12596825
NIFTY-I.NFO,06/01/2025,09:16:32,24123.15,24120.25,125,24123.7,25,1325,12596825
NIFTY-I.NFO,06/01/2025,09:16:34,24120.25,24120.25,25,24123.1,75,400,12596825
NIFTY-I.NFO,06/01/2025,09:16:35,24120,24121.95,25,24123.1,25,1275,12596825
NIFTY-I.NFO,06/01/2025,09:16:37,24125,24122.45,25,24125,2275,1200,12596825
NIFTY-I.NFO,06/01/2025,09:16:39,24123.9,24123.9,50,24125,1375,1325,12596825
NIFTY-I.NFO,06/01/2025,09:16:40,24123.9,24123.9,250,24128,175,2600,12596825
NIFTY-I.NFO,06/01/2025,09:16:42,24123.9,24123.9,625,24125,100,150,12596825
NIFTY-I.NFO,06/01/2025,09:16:43,24123.95,24124,25,24125,100,50,12596825
NIFTY-I.NFO,06/01/2025,09:16:45,24124.05,24124.05,100,24126,1000,300,12596825
NIFTY-I.NFO,06/01/2025,09:16:46,24125,24124.05,225,24125,50,450,12596825
NIFTY-I.NFO,06/01/2025,09:16:48,24126,24126.4,800,24127,850,1100,12596825
NIFTY-I.NFO,06/01/2025,09:16:50,24129,24128,750,24129,675,2175,12596825
NIFTY-I.NFO,06/01/2025,09:16:51,24128,24128,875,24129,25,1025,12596825
NIFTY-I.NFO,06/01/2025,09:16:53,24128,24128.05,125,24129.85,25,600,12596825
NIFTY-I.NFO,06/01/2025,09:16:54,24128.4,24125,75,24128.5,175,1825,12596825
NIFTY-I.NFO,06/01/2025,09:16:56,24125,24125,425,24127.7,75,175,12596825
NIFTY-I.NFO,06/01/2025,09:16:58,24122.95,24120.1,25,24122.95,100,1600,12596825
NIFTY-I.NFO,06/01/2025,09:16:59,24120.1,24120,50,24121.4,50,375,12596825
NIFTY-I.NFO,06/01/2025,09:17:01,24120,24120,200,24121.45,50,375,12596825
NIFTY-I.NFO,06/01/2025,09:17:03,24116.2,24116.2,150,24120,25,600,12596825
NIFTY-I.NFO,06/01/2025,09:17:04,24117.3,24117.25,125,24120,1075,650,12596825
NIFTY-I.NFO,06/01/2025,09:17:06,24117.25,24115.95,25,24119.9,125,750,12596825
NIFTY-I.NFO,06/01/2025,09:17:08,24119.05,24117.2,25,24117.25,25,50,12596825
NIFTY-I.NFO,06/01/2025,09:17:09,24119.05,24117.2,200,24119.05,50,300,12596825
NIFTY-I.NFO,06/01/2025,09:17:11,24120,24116,175,24120,2775,1075,12596825
NIFTY-I.NFO,06/01/2025,09:17:12,24120,24116.6,350,24120,2750,200,12596825
NIFTY-I.NFO,06/01/2025,09:17:14,24116.4,24116,200,24120,2725,400,12596825
NIFTY-I.NFO,06/01/2025,09:17:15,24116,24116,150,24119.95,25,1150,12596825
NIFTY-I.NFO,06/01/2025,09:17:17,24116,24116,150,24119.95,50,225,12596825
NIFTY-I.NFO,06/01/2025,09:17:19,24116.7,24117.25,175,24119,25,75,12596825
NIFTY-I.NFO,06/01/2025,09:17:20,24117.35,24118.55,50,24120,1850,425,12596825
NIFTY-I.NFO,06/01/2025,09:17:22,24120,24119.15,150,24120,50,2475,12596825
NIFTY-I.NFO,06/01/2025,09:17:23,24122.9,24119.45,150,24120,50,3950,12596825
NIFTY-I.NFO,06/01/2025,09:17:25,24123.1,24119.9,25,24120,50,4450,12596825
NIFTY-I.NFO,06/01/2025,09:17:27,24120,24119.95,350,24120,75,2375,12596825
NIFTY-I.NFO,06/01/2025,09:17:28,24124.05,24119.95,200,24120,50,7600,12596825
NIFTY-I.NFO,06/01/2025,09:17:30,24120,24119.95,150,24120,50,225,12596825
NIFTY-I.NFO,06/01/2025,09:17:31,24120,24119.95,100,24120,50,1700,12596825
NIFTY-I.NFO,06/01/2025,09:17:33,24119.4,24119.95,100,24120,50,75,12596825
NIFTY-I.NFO,06/01/2025,09:17:35,24122,24122,400,24122.9,50,1000,12596825
NIFTY-I.NFO,06/01/2025,09:17:36,24119.9,24119.9,350,24120,50,2600,12596825
NIFTY-I.NFO,06/01/2025,09:17:38,24120,24119.85,150,24120,50,3825,12596825
NIFTY-I.NFO,06/01/2025,09:17:40,24120.05,24120,125,24124,225,5625,12596825
NIFTY-I.NFO,06/01/2025,09:17:41,24120,24119.95,175,24124,125,17225,12596825
NIFTY-I.NFO,06/01/2025,09:17:43,24120,24119.95,125,24120,50,1625,12596825
NIFTY-I.NFO,06/01/2025,09:17:45,24120,24118.4,150,24120,50,475,12596825
NIFTY-I.NFO,06/01/2025,09:17:46,24118.4,24118.45,175,24120,100,150,12596825
NIFTY-I.NFO,06/01/2025,09:17:48,24120,24118.45,75,24120,100,150,12596825
NIFTY-I.NFO,06/01/2025,09:17:50,24120,24118.45,75,24120,50,975,12596825
NIFTY-I.NFO,06/01/2025,09:17:51,24118.5,24118.5,350,24120,50,75,12596825
NIFTY-I.NFO,06/01/2025,09:17:53,24118.5,24118.5,375,24120,125,250,12596825
NIFTY-I.NFO,06/01/2025,09:17:55,24119.9,24116.4,75,24120,125,600,12596825
NIFTY-I.NFO,06/01/2025,09:17:56,24119.95,24117,100,24120,850,25,12596825
NIFTY-I.NFO,06/01/2025,09:17:58,24117,24116.4,75,24119.4,125,150,12596825
NIFTY-I.NFO,06/01/2025,09:18:00,24119.15,24116.4,450,24119.35,150,75,12596825
NIFTY-I.NFO,06/01/2025,09:18:01,24120,24116.95,775,24120,675,525,12596825
NIFTY-I.NFO,06/01/2025,09:18:03,24120,24117.1,25,24120,925,600,12596825
NIFTY-I.NFO,06/01/2025,09:18:04,24120,24119,50,24120,925,75,12596825
NIFTY-I.NFO,06/01/2025,09:18:06,24116,24116.4,175,24119,25,275,12596825
NIFTY-I.NFO,06/01/2025,09:18:08,24116,24116,125,24119,75,25,12596825
NIFTY-I.NFO,06/01/2025,09:18:09,24119,24116,425,24116.95,25,325,12596825
NIFTY-I.NFO,06/01/2025,09:18:11,24116.05,24116,350,24119,50,225,12596825
NIFTY-I.NFO,06/01/2025,09:18:12,24116,24116.05,25,24116.95,25,50,12596825
NIFTY-I.NFO,06/01/2025,09:18:14,24116.05,24116.05,150,24118.3,175,1100,12596825
NIFTY-I.NFO,06/01/2025,09:18:16,24116,24112.9,275,24116,25,175,12596825
NIFTY-I.NFO,06/01/2025,09:18:17,24112.9,24112.85,625,24116,25,525,12596825
NIFTY-I.NFO,06/01/2025,09:18:19,24113.6,24112.9,175,24116,25,325,12596825
NIFTY-I.NFO,06/01/2025,09:18:21,24113.65,24113.7,25,24114.9,1000,450,12596825
NIFTY-I.NFO,06/01/2025,09:18:22,24113.65,24113.65,125,24114.9,1325,300,12596825
NIFTY-I.NFO,06/01/2025,09:18:24,24113.65,24113.6,100,24114.9,1225,200,12596825
NIFTY-I.NFO,06/01/2025,09:18:26,24113.55,24113.55,25,24114.25,250,75,12596825
NIFTY-I.NFO,06/01/2025,09:18:27,24113.5,24113.5,800,24113.9,250,200,12596825
NIFTY-I.NFO,06/01/2025,09:18:29,24113.5,24113.45,700,24113.55,50,100,12596825
NIFTY-I.NFO,06/01/2025,09:18:31,24114.9,24113.4,75,24114.9,925,575,12596825
NIFTY-I.NFO,06/01/2025,09:18:32,24114.9,24113.4,100,24114.9,775,250,12569050
NIFTY-I.NFO,06/01/2025,09:18:34,24114.9,24113.4,375,24114.9,75,700,12569050
NIFTY-I.NFO,06/01/2025,09:18:36,24113.4,24113.4,325,24114.9,75,50,12569050
NIFTY-I.NFO,06/01/2025,09:18:37,24113.4,24113.4,50,24114.9,25,350,12569050
NIFTY-I.NFO,06/01/2025,09:18:39,24113.4,24113.4,25,24114.9,75,375,12569050
NIFTY-I.NFO,06/01/2025,09:18:41,24113.65,24113.4,200,24114.9,100,250,12569050
NIFTY-I.NFO,06/01/2025,09:18:42,24115,24114.9,200,24115,150,400,12569050
NIFTY-I.NFO,06/01/2025,09:18:44,24114.9,24114.9,550,24116.05,1325,300,12569050
NIFTY-I.NFO,06/01/2025,09:18:46,24114.9,24114.9,325,24116.05,1325,225,12569050
NIFTY-I.NFO,06/01/2025,09:18:47,24116,24114.9,400,24115.9,150,25,12569050
NIFTY-I.NFO,06/01/2025,09:18:49,24114.9,24114.9,250,24115,75,575,12569050
NIFTY-I.NFO,06/01/2025,09:18:51,24115,24114.95,175,24116,125,100,12569050
NIFTY-I.NFO,06/01/2025,09:18:52,24114.95,24114.95,600,24116,100,775,12569050
NIFTY-I.NFO,06/01/2025,09:18:54,24115,24115,50,24115.3,150,250,12569050
NIFTY-I.NFO,06/01/2025,09:18:56,24115.05,24115.05,200,24115.2,25,575,12569050
NIFTY-I.NFO,06/01/2025,09:18:57,24110,24110,275,24112.1,25,875,12569050
NIFTY-I.NFO,06/01/2025,09:18:59,24112.75,24110,350,24112.1,75,150,12569050
NIFTY-I.NFO,06/01/2025,09:19:01,24110,24113.1,75,24113.4,25,350,12569050
NIFTY-I.NFO,06/01/2025,09:19:02,24112.8,24110,75,24112.8,50,450,12569050
NIFTY-I.NFO,06/01/2025,09:19:04,24110.05,24110,300,24114.5,25,375,12569050
NIFTY-I.NFO,06/01/2025,09:19:06,24110,24110,175,24113.55,25,125,12569050
NIFTY-I.NFO,06/01/2025,09:19:07,24110.05,24110.05,125,24114.9,25,150,12569050
NIFTY-I.NFO,06/01/2025,09:19:09,24110,24110,425,24113,625,375,12569050
NIFTY-I.NFO,06/01/2025,09:19:11,24112,24112,800,24113,475,425,12569050
NIFTY-I.NFO,06/01/2025,09:19:12,24112,24112,550,24112.95,75,250,12569050
NIFTY-I.NFO,06/01/2025,09:19:14,24112,24112,100,24112.5,150,625,12569050
NIFTY-I.NFO,06/01/2025,09:19:16,24112.05,24112.05,50,24113,450,775,12569050
NIFTY-I.NFO,06/01/2025,09:19:17,24112.05,24112.05,25,24113,450,25,12569050
NIFTY-I.NFO,06/01/2025,09:19:19,24112,24112.05,75,24113,450,200,12569050
NIFTY-I.NFO,06/01/2025,09:19:21,24113,24111.4,200,24113,400,250,12569050
NIFTY-I.NFO,06/01/2025,09:19:22,24111.4,24111.4,250,24112,75,2450,12569050
NIFTY-I.NFO,06/01/2025,09:19:24,24111.45,24111.55,200,24112,25,175,12569050
NIFTY-I.NFO,06/01/2025,09:19:26,24111.4,24111.5,875,24112,125,250,12569050
NIFTY-I.NFO,06/01/2025,09:19:27,24111.45,24111.5,125,24112,150,1300,12569050
NIFTY-I.NFO,06/01/2025,09:19:29,24111.5,24111.45,50,24112,25,1075,12569050
NIFTY-I.NFO,06/01/2025,09:19:31,24112,24111.8,175,24112,25,2025,12569050
NIFTY-I.NFO,06/01/2025,09:19:32,24112,24111.95,475,24112,25,3125,12569050
NIFTY-I.NFO,06/01/2025,09:19:34,24112,24111.95,50,24112,25,4800,12569050
NIFTY-I.NFO,06/01/2025,09:19:36,24111.95,24111.95,175,24112,50,550,12569050
NIFTY-I.NFO,06/01/2025,09:19:37,24110,24110,1175,24112,25,1550,12569050
NIFTY-I.NFO,06/01/2025,09:19:39,24112,24111,25,24112,25,650,12569050
NIFTY-I.NFO,06/01/2025,09:19:41,24110.95,24110.95,250,24112,25,575,12569050
NIFTY-I.NFO,06/01/2025,09:19:42,24111.95,24111.95,125,24112,75,2600,12569050
NIFTY-I.NFO,06/01/2025,09:19:44,24112.85,24112.75,375,24115,50,11800,12569050
NIFTY-I.NFO,06/01/2025,09:19:46,24114.75,24114.75,300,24115,25,3775,12569050
NIFTY-I.NFO,06/01/2025,09:19:47,24114.75,24114.75,200,24115,25,2875,12569050
NIFTY-I.NFO,06/01/2025,09:19:49,24114.7,24114.7,75,24115,25,800,12569050
NIFTY-I.NFO,06/01/2025,09:19:51,24115,24114.7,275,24115,50,100,12569050
NIFTY-I.NFO,06/01/2025,09:19:52,24114.65,24114.4,175,24115,100,300,12569050
NIFTY-I.NFO,06/01/2025,09:19:54,24115,24114.35,175,24115,125,50,12569050
NIFTY-I.NFO,06/01/2025,09:19:56,24114.35,24114.35,175,24114.7,50,600,12569050
NIFTY-I.NFO,06/01/2025,09:19:57,24114.35,24112.9,175,24115,200,250,12569050
NIFTY-I.NFO,06/01/2025,09:19:59,24114.35,24114,50,24114.35,375,0,12569050
NIFTY-I.NFO,06/01/2025,09:20:01,24110.4,24110.9,525,24114.35,350,2600,12569050
NIFTY-I.NFO,06/01/2025,09:20:02,24111.4,24111.45,25,24112.4,175,100,12569050
NIFTY-I.NFO,06/01/2025,09:20:04,24111.4,24110,75,24113.25,175,450,12569050
NIFTY-I.NFO,06/01/2025,09:20:06,24114.3,24110,75,24113.4,150,200,12569050
NIFTY-I.NFO,06/01/2025,09:20:07,24110,24110,925,24112.25,150,50,12569050
NIFTY-I.NFO,06/01/2025,09:20:09,24112.15,24110,925,24112.05,125,125,12569050
NIFTY-I.NFO,06/01/2025,09:20:11,24110.15,24110.15,175,24111.65,25,100,12569050
NIFTY-I.NFO,06/01/2025,09:20:12,24110,24110.25,75,24111.65,350,200,12569050
NIFTY-I.NFO,06/01/2025,09:20:14,24110,24109,150,24109.8,275,1100,12569050
NIFTY-I.NFO,06/01/2025,09:20:16,24110,24109.05,25,24110.25,50,500,12569050
NIFTY-I.NFO,06/01/2025,09:20:16,24107.5,24109.05,25,24110.25,50,0,12569050
NIFTY-I.NFO,06/01/2025,09:20:17,24109.05,24109.05,100,24109.65,150,150,12569050
NIFTY-I.NFO,06/01/2025,09:20:19,24109.05,24109.05,200,24109.65,125,2550,12569050
NIFTY-I.NFO,06/01/2025,09:20:21,24106.95,24104,25,24106.95,175,1000,12569050
NIFTY-I.NFO,06/01/2025,09:20:21,24104.55,24104,25,24106.95,175,0,12569050
NIFTY-I.NFO,06/01/2025,09:20:22,24103,24103,150,24103.95,100,225,12569050
NIFTY-I.NFO,06/01/2025,09:20:22,24103,24103,150,24103.95,100,0,12569050
NIFTY-I.NFO,06/01/2025,09:20:24,24101,24101,150,24103.6,25,450,12569050
NIFTY-I.NFO,06/01/2025,09:20:24,24101,24101,150,24103.6,25,0,12569050
NIFTY-I.NFO,06/01/2025,09:20:26,24102.1,24100.4,125,24102.95,25,75,12569050
NIFTY-I.NFO,06/01/2025,09:20:27,24100,24100,1400,24104,75,600,12569050
NIFTY-I.NFO,06/01/2025,09:20:27,24100,24100,1400,24104,75,0,12569050
NIFTY-I.NFO,06/01/2025,09:20:29,24100,24100,1075,24103.95,25,350,12569050
NIFTY-I.NFO,06/01/2025,09:20:31,24100,24100.05,150,24100.95,50,250,12569050
NIFTY-I.NFO,06/01/2025,09:20:32,24101,24101,150,24102.1,25,400,12569050
NIFTY-I.NFO,06/01/2025,09:20:34,24102.1,24101.2,125,24102.05,25,75,12569050
NIFTY-I.NFO,06/01/2025,09:20:36,24100,24100,625,24101,125,475,12569050
NIFTY-I.NFO,06/01/2025,09:20:37,24100,24096,25,24099.65,100,800,12569050
NIFTY-I.NFO,06/01/2025,09:20:37,24098.8,24096,25,24099.65,100,0,12569050
NIFTY-I.NFO,06/01/2025,09:20:39,24095.05,24095.45,100,24098,475,950,12569050
NIFTY-I.NFO,06/01/2025,09:20:39,24095,24095.45,100,24098,475,0,12569050
NIFTY-I.NFO,06/01/2025,09:20:41,24098,24095.05,100,24098,325,175,12569050
NIFTY-I.NFO,06/01/2025,09:20:42,24095,24095,3425,24098,325,950,12569050
NIFTY-I.NFO,06/01/2025,09:20:44,24095,24094.95,175,24095,25,5450,12569050
NIFTY-I.NFO,06/01/2025,09:20:44,24094.95,24094.95,175,24095,25,0,12569050
NIFTY-I.NFO,06/01/2025,09:20:46,24100,24098.4,175,24100,425,725,12569050
NIFTY-I.NFO,06/01/2025,09:20:46,24094.9,24098.4,175,24100,425,0,12569050
NIFTY-I.NFO,06/01/2025,09:20:47,24098.4,24098.4,275,24100,300,75,12569050
NIFTY-I.NFO,06/01/2025,09:20:49,24098.4,24098.4,375,24100,350,125,12569050
NIFTY-I.NFO,06/01/2025,09:20:51,24098.4,24093.9,325,24099.95,325,1325,12569050
NIFTY-I.NFO,06/01/2025,09:20:51,24093.05,24093.9,325,24099.95,325,0,12569050
NIFTY-I.NFO,06/01/2025,09:20:52,24093,24093,25,24098.5,150,175,12569050
NIFTY-I.NFO,06/01/2025,09:20:52,24093,24093,25,24098.5,150,0,12569050
NIFTY-I.NFO,06/01/2025,09:20:54,24095,24092.4,25,24097.45,25,600,12569050
NIFTY-I.NFO,06/01/2025,09:20:54,24092.4,24092.4,25,24097.45,25,0,12569050
NIFTY-I.NFO,06/01/2025,09:20:56,24092.4,24092.35,350,24094.95,25,50,12569050
NIFTY-I.NFO,06/01/2025,09:20:57,24095,24095,750,24098.8,75,250,12569050
NIFTY-I.NFO,06/01/2025,09:20:59,24095.45,24095,1175,24098.8,50,350,12569050
NIFTY-I.NFO,06/01/2025,09:21:01,24095.05,24097.45,1800,24098.8,100,175,12569050
NIFTY-I.NFO,06/01/2025,09:21:03,24097.45,24097.45,1600,24098.4,50,350,12569050
NIFTY-I.NFO,06/01/2025,09:21:04,24097.45,24097.45,1225,24098,50,1550,12569050
NIFTY-I.NFO,06/01/2025,09:21:06,24097.45,24097.4,350,24100,775,2125,12569050
NIFTY-I.NFO,06/01/2025,09:21:08,24098,24095.4,350,24097.45,50,625,12569050
NIFTY-I.NFO,06/01/2025,09:21:09,24097.4,24095.5,200,24097.4,25,50,12569050
NIFTY-I.NFO,06/01/2025,09:21:11,24097.4,24095.7,200,24097.45,100,50,12569050
NIFTY-I.NFO,06/01/2025,09:21:13,24095.7,24097.4,25,24097.45,100,25,12569050
NIFTY-I.NFO,06/01/2025,09:21:14,24097.4,24097.4,350,24097.45,125,200,12569050
NIFTY-I.NFO,06/01/2025,09:21:16,24097.4,24097.4,325,24097.45,100,250,12569050
NIFTY-I.NFO,06/01/2025,09:21:18,24097.4,24097.45,25,24098,325,275,12569050
NIFTY-I.NFO,06/01/2025,09:21:19,24101,24097.8,75,24100,25,1600,12569050
NIFTY-I.NFO,06/01/2025,09:21:21,24102.9,24098.95,125,24100,25,750,12569050
NIFTY-I.NFO,06/01/2025,09:21:23,24099,24099.2,125,24100,25,525,12569050
NIFTY-I.NFO,06/01/2025,09:21:24,24100,24099.35,125,24100,50,50,12569050
NIFTY-I.NFO,06/01/2025,09:21:26,24099.35,24099.35,250,24100,25,850,12569050
NIFTY-I.NFO,06/01/2025,09:21:28,24099.5,24099.4,75,24100,50,275,12569050
NIFTY-I.NFO,06/01/2025,09:21:29,24100,24099.55,150,24100,25,1425,12569050
NIFTY-I.NFO,06/01/2025,09:21:31,24099.6,24099.6,50,24100,25,200,12569050
NIFTY-I.NFO,06/01/2025,09:21:32,24099.95,24099.95,150,24100,25,175,12560150
NIFTY-I.NFO,06/01/2025,09:21:34,24103.9,24100.65,225,24103.9,75,2075,12560150
NIFTY-I.NFO,06/01/2025,09:21:36,24103.9,24103.7,175,24107,25,225,12560150
NIFTY-I.NFO,06/01/2025,09:21:37,24108.85,24108.45,125,24108.9,25,200,12560150
NIFTY-I.NFO,06/01/2025,09:21:39,24108.35,24103.9,125,24107.9,200,775,12560150
NIFTY-I.NFO,06/01/2025,09:21:41,24103.95,24103.95,175,24109.05,75,450,12560150
NIFTY-I.NFO,06/01/2025,09:21:42,24109.05,24104,100,24109.05,50,100,12560150
NIFTY-I.NFO,06/01/2025,09:21:44,24109.05,24104.85,100,24109.05,50,25,12560150
NIFTY-I.NFO,06/01/2025,09:21:46,24110,24109.05,25,24110,300,150,12560150
NIFTY-I.NFO,06/01/2025,09:21:47,24110,24109.55,50,24110,50,350,12560150
NIFTY-I.NFO,06/01/2025,09:21:49,24110.15,24109.9,100,24110,50,6975,12560150
NIFTY-I.NFO,06/01/2025,09:21:51,24111.3,24111.75,150,24113,575,13900,12560150
NIFTY-I.NFO,06/01/2025,09:21:52,24115,24113.05,250,24115,975,725,12560150
NIFTY-I.NFO,06/01/2025,09:21:54,24117.9,24117.95,225,24118,375,1325,12560150
NIFTY-I.NFO,06/01/2025,09:21:56,24119.8,24117.95,250,24119.8,650,800,12560150
NIFTY-I.NFO,06/01/2025,09:21:57,24121,24120.35,200,24121,225,2500,12560150
NIFTY-I.NFO,06/01/2025,09:21:59,24120,24119.8,200,24120,25,950,12560150
NIFTY-I.NFO,06/01/2025,09:22:01,24120,24119.75,225,24120,25,1250,12560150
NIFTY-I.NFO,06/01/2025,09:22:02,24122.35,24122.35,25,24123.7,50,4950,12560150
NIFTY-I.NFO,06/01/2025,09:22:04,24128,24123.7,150,24128,1725,2600,12560150
NIFTY-I.NFO,06/01/2025,09:22:06,24128,24123.65,175,24128,1600,200,12560150
NIFTY-I.NFO,06/01/2025,09:22:07,24128,24123.6,500,24128,900,1125,12560150
NIFTY-I.NFO,06/01/2025,09:22:09,24124.55,24124.55,25,24125,25,2450,12560150
NIFTY-I.NFO,06/01/2025,09:22:11,24129,24128.05,150,24129,1475,3875,12560150
NIFTY-I.NFO,06/01/2025,09:22:12,24129,24128.05,175,24129,1525,1200,12560150
NIFTY-I.NFO,06/01/2025,09:22:14,24128.1,24128.05,200,24129,1300,375,12560150
NIFTY-I.NFO,06/01/2025,09:22:16,24127.4,24128.05,125,24128.1,375,675,12560150
NIFTY-I.NFO,06/01/2025,09:22:17,24128.1,24128.05,125,24128.1,150,925,12560150
NIFTY-I.NFO,06/01/2025,09:22:19,24128.1,24128.05,75,24128.1,175,500,12560150
NIFTY-I.NFO,06/01/2025,09:22:21,24130,24129.7,25,24130,25,6300,12560150
NIFTY-I.NFO,06/01/2025,09:22:22,24134.95,24129.65,175,24130,25,2200,12560150
NIFTY-I.NFO,06/01/2025,09:22:24,24130,24127.05,25,24130,25,1400,12560150
NIFTY-I.NFO,06/01/2025,09:22:26,24130,24126.9,175,24130,25,625,12560150
NIFTY-I.NFO,06/01/2025,09:22:27,24127.8,24127.6,675,24130,75,400,12560150
NIFTY-I.NFO,06/01/2025,09:22:29,24128.7,24127.85,50,24130,125,275,12560150
NIFTY-I.NFO,06/01/2025,09:22:31,24130,24127.9,100,24130,25,150,12560150
NIFTY-I.NFO,06/01/2025,09:22:32,24129.9,24129.95,100,24130,25,2650,12560150
NIFTY-I.NFO,06/01/2025,09:22:34,24136,24136.5,25,24137,25,10725,12560150
NIFTY-I.NFO,06/01/2025,09:22:36,24137.25,24137.4,25,24138,25,475,12560150
NIFTY-I.NFO,06/01/2025,09:22:37,24137.4,24137.4,150,24139.2,25,975,12560150
NIFTY-I.NFO,06/01/2025,09:22:39,24140,24138,25,24139.15,25,525,12560150
NIFTY-I.NFO,06/01/2025,09:22:41,24138,24138.1,100,24140,125,1375,12560150
NIFTY-I.NFO,06/01/2025,09:22:42,24140,24138.55,25,24140,25,4550,12560150
NIFTY-I.NFO,06/01/2025,09:22:44,24144.9,24137.95,500,24140,25,550,12560150
NIFTY-I.NFO,06/01/2025,09:22:46,24138.55,24136.8,500,24138.55,700,625,12560150
NIFTY-I.NFO,06/01/2025,09:22:47,24140,24138.7,75,24140,350,1200,12560150
NIFTY-I.NFO,06/01/2025,09:22:49,24139.5,24139.45,725,24140,50,3250,12560150
NIFTY-I.NFO,06/01/2025,09:22:49,24146.7,24139.45,725,24140,50,0,12560150
NIFTY-I.NFO,06/01/2025,09:22:51,24140,24138,75,24140,75,200,12560150
NIFTY-I.NFO,06/01/2025,09:22:52,24139,24138,400,24140,50,625,12560150
NIFTY-I.NFO,06/01/2025,09:22:54,24138,24138.05,25,24139.45,50,1900,12560150
NIFTY-I.NFO,06/01/2025,09:22:56,24133.5,24138.1,175,24139.45,25,1175,12560150
NIFTY-I.NFO,06/01/2025,09:22:57,24138.15,24138.15,175,24140,1025,500,12560150
NIFTY-I.NFO,06/01/2025,09:22:59,24145.8,24138.2,50,24140,25,6475,12560150
NIFTY-I.NFO,06/01/2025,09:23:01,24138,24136.05,500,24139,25,650,12560150
NIFTY-I.NFO,06/01/2025,09:23:02,24140,24136.65,50,24140,125,250,12560150
NIFTY-I.NFO,06/01/2025,09:23:04,24138.1,24138.1,475,24139.9,25,350,12560150
NIFTY-I.NFO,06/01/2025,09:23:06,24140,24135.5,425,24140,100,600,12560150
NIFTY-I.NFO,06/01/2025,09:23:07,24140,24135,225,24139.95,200,300,12560150
NIFTY-I.NFO,06/01/2025,09:23:09,24141.2,24135,200,24138.6,150,1875,12560150
NIFTY-I.NFO,06/01/2025,09:23:11,24133.5,24134.8,25,24137.85,50,425,12560150
NIFTY-I.NFO,06/01/2025,09:23:12,24134.8,24133,25,24135,200,125,12560150
NIFTY-I.NFO,06/01/2025,09:23:14,24131.1,24132.95,175,24135,50,100,12560150
NIFTY-I.NFO,06/01/2025,09:23:16,24132.95,24131,200,24133.5,25,275,12560150
NIFTY-I.NFO,06/01/2025,09:23:17,24136.85,24131.85,50,24137.05,25,200,12560150
NIFTY-I.NFO,06/01/2025,09:23:19,24132.05,24131.9,25,24133.5,75,150,12560150
NIFTY-I.NFO,06/01/2025,09:23:21,24133.5,24132.75,25,24133.5,100,75,12560150
NIFTY-I.NFO,06/01/2025,09:23:22,24132.75,24132.75,25,24133.5,125,175,12560150
NIFTY-I.NFO,06/01/2025,09:23:24,24130.95,24130.95,300,24132.05,25,550,12560150
NIFTY-I.NFO,06/01/2025,09:23:26,24133.5,24133.5,100,24134,1000,1000,12560150
NIFTY-I.NFO,06/01/2025,09:23:27,24134,24133.5,250,24134,925,325,12560150
NIFTY-I.NFO,06/01/2025,09:23:29,24133.5,24132.05,25,24134,925,1550,12560150
NIFTY-I.NFO,06/01/2025,09:23:31,24134,24133.5,275,24134,800,275,12560150
NIFTY-I.NFO,06/01/2025,09:23:32,24130,24130,350,24131.95,250,1825,12560150
NIFTY-I.NFO,06/01/2025,09:23:34,24131.95,24130,225,24132,25,375,12560150
NIFTY-I.NFO,06/01/2025,09:23:36,24133.65,24130,225,24131.95,25,175,12560150
NIFTY-I.NFO,06/01/2025,09:23:37,24134,24130,50,24134,925,250,12560150
NIFTY-I.NFO,06/01/2025,09:23:39,24133.75,24128.95,250,24133.8,25,525,12560150
NIFTY-I.NFO,06/01/2025,09:23:41,24134,24130.45,150,24134,625,575,12560150
NIFTY-I.NFO,06/01/2025,09:23:42,24130.45,24130.45,75,24133.75,50,50,12560150
NIFTY-I.NFO,06/01/2025,09:23:44,24136.7,24131.75,150,24137,25,2650,12560150
NIFTY-I.NFO,06/01/2025,09:23:46,24134,24131.8,25,24133.8,25,50,12560150
NIFTY-I.NFO,06/01/2025,09:23:47,24133.8,24133.8,25,24135.85,225,1900,12560150
NIFTY-I.NFO,06/01/2025,09:23:49,24131.4,24132.65,50,24137.1,25,275,12560150
NIFTY-I.NFO,06/01/2025,09:23:51,24135.85,24132.45,50,24137.5,50,225,12560150
NIFTY-I.NFO,06/01/2025,09:23:52,24137.6,24132.4,25,24137.4,150,2250,12560150
NIFTY-I.NFO,06/01/2025,09:23:54,24138.55,24132.4,25,24134.8,1000,775,12560150
NIFTY-I.NFO,06/01/2025,09:23:56,24132.05,24132.25,100,24134.8,825,300,12560150
NIFTY-I.NFO,06/01/2025,09:23:57,24134.8,24133,25,24133.8,25,225,12560150
NIFTY-I.NFO,06/01/2025,09:23:59,24134.8,24133,50,24134.8,475,325,12560150
NIFTY-I.NFO,06/01/2025,09:24:01,24133,24133,50,24134.75,125,325,12560150
NIFTY-I.NFO,06/01/2025,09:24:02,24132.35,24132.35,75,24133,425,400,12560150
NIFTY-I.NFO,06/01/2025,09:24:04,24133,24132.35,150,24133,325,175,12560150
NIFTY-I.NFO,06/01/2025,09:24:06,24134.8,24132.35,100,24134.8,775,1500,12560150
NIFTY-I.NFO,06/01/2025,09:24:07,24133,24133.9,50,24134.8,675,400,12560150
NIFTY-I.NFO,06/01/2025,09:24:09,24134.8,24134.8,225,24139,200,2650,12560150
NIFTY-I.NFO,06/01/2025,09:24:11,24139.1,24134.8,50,24139.05,75,3250,12560150
NIFTY-I.NFO,06/01/2025,09:24:12,24139.2,24133.4,350,24139.15,25,325,12560150
NIFTY-I.NFO,06/01/2025,09:24:14,24133.8,24133.75,150,24139.35,125,450,12560150
NIFTY-I.NFO,06/01/2025,09:24:16,24139.3,24133.8,75,24138.75,125,100,12560150
NIFTY-I.NFO,06/01/2025,09:24:17,24133.4,24134.8,100,24138.45,250,100,12560150
NIFTY-I.NFO,06/01/2025,09:24:19,24133.9,24134.85,25,24138.45,150,275,12560150
NIFTY-I.NFO,06/01/2025,09:24:21,24138,24134.85,125,24138,1000,25,12560150
NIFTY-I.NFO,06/01/2025,09:24:22,24134.85,24134.85,75,24138,1025,50,12560150
NIFTY-I.NFO,06/01/2025,09:24:24,24134.85,24134,25,24138,1000,325,12560150
NIFTY-I.NFO,06/01/2025,09:24:25,24137.55,24133,75,24134.15,25,1125,12560150
NIFTY-I.NFO,06/01/2025,09:24:27,24132.9,24135.4,175,24137,75,300,12560150
NIFTY-I.NFO,06/01/2025,09:24:29,24135.8,24135.4,150,24137,50,50,12560150
NIFTY-I.NFO,06/01/2025,09:24:30,24135.8,24135.4,150,24137,75,0,12560150
NIFTY-I.NFO,06/01/2025,09:24:32,24132,24131.9,275,24136.5,25,275,12560150
NIFTY-I.NFO,06/01/2025,09:24:34,24134.85,24134.85,50,24135.95,25,225,12550250
NIFTY-I.NFO,06/01/2025,09:24:35,24134.85,24131.9,100,24135.9,50,50,12550250
NIFTY-I.NFO,06/01/2025,09:24:37,24134.9,24131.75,50,24134,200,2125,12550250
NIFTY-I.NFO,06/01/2025,09:24:39,24132,24131.75,50,24134,200,50,12550250
NIFTY-I.NFO,06/01/2025,09:24:40,24134,24132.35,100,24134,200,25,12550250
NIFTY-I.NFO,06/01/2025,09:24:42,24135.4,24135.4,100,24138,50,1200,12550250
NIFTY-I.NFO,06/01/2025,09:24:44,24135.2,24136.2,50,24140,50,500,12550250
NIFTY-I.NFO,06/01/2025,09:24:45,24140,24138.05,25,24140,25,875,12550250
NIFTY-I.NFO,06/01/2025,09:24:47,24140,24140,1450,24143.75,50,1125,12550250
NIFTY-I.NFO,06/01/2025,09:24:49,24141.55,24142.3,50,24146,25,400,12550250
NIFTY-I.NFO,06/01/2025,09:24:50,24148.6,24147.4,200,24150,2750,3850,12550250
NIFTY-I.NFO,06/01/2025,09:24:50,24150,24147.4,200,24150,2750,0,12550250
NIFTY-I.NFO,06/01/2025,09:24:52,24142.4,24142.3,150,24147.35,150,500,12550250
NIFTY-I.NFO,06/01/2025,09:24:54,24147.4,24142.35,175,24148.55,50,125,12550250
NIFTY-I.NFO,06/01/2025,09:24:55,24143.5,24143.55,100,24149.5,50,3025,12550250
NIFTY-I.NFO,06/01/2025,09:24:57,24149.9,24143.75,125,24150,25,5950,12550250
NIFTY-I.NFO,06/01/2025,09:24:59,24143.55,24143.55,250,24146.9,25,625,12550250
NIFTY-I.NFO,06/01/2025,09:25:00,24144.1,24141.4,175,24144.1,175,575,12550250
NIFTY-I.NFO,06/01/2025,09:25:02,24145.2,24141.4,150,24145.2,75,550,12550250
NIFTY-I.NFO,06/01/2025,09:25:04,24145.45,24141.4,50,24145.45,150,475,12550250
NIFTY-I.NFO,06/01/2025,09:25:05,24142,24142,225,24146.65,75,675,12550250
NIFTY-I.NFO,06/01/2025,09:25:07,24146.3,24142,175,24145,175,2650,12550250
NIFTY-I.NFO,06/01/2025,09:25:09,24142,24142,25,24143.55,175,350,12550250
NIFTY-I.NFO,06/01/2025,09:25:10,24142,24140,350,24141.7,175,475,12550250
NIFTY-I.NFO,06/01/2025,09:25:12,24141.6,24140.6,25,24142,50,2300,12550250
NIFTY-I.NFO,06/01/2025,09:25:14,24141.5,24136.5,50,24142,50,150,12550250
NIFTY-I.NFO,06/01/2025,09:25:15,24141.4,24136.45,175,24141.65,25,125,12550250
NIFTY-I.NFO,06/01/2025,09:25:17,24140,24139.25,75,24144.4,25,775,12550250
NIFTY-I.NFO,06/01/2025,09:25:19,24143.45,24141.15,100,24143.45,50,2000,12550250
NIFTY-I.NFO,06/01/2025,09:25:20,24142.05,24142.5,50,24147.2,25,175,12550250
NIFTY-I.NFO,06/01/2025,09:25:22,24142,24142.5,25,24145,175,150,12550250
NIFTY-I.NFO,06/01/2025,09:25:24,24142.45,24140,25,24142.45,125,475,12550250
NIFTY-I.NFO,06/01/2025,09:25:26,24143.35,24142,125,24143.35,125,100,12550250
NIFTY-I.NFO,06/01/2025,09:25:27,24138.05,24138.05,25,24143.5,250,750,12550250
NIFTY-I.NFO,06/01/2025,09:25:29,24137.4,24138.4,75,24144.85,200,1350,12550250
NIFTY-I.NFO,06/01/2025,09:25:31,24142,24139.15,100,24144.65,275,225,12550250
NIFTY-I.NFO,06/01/2025,09:25:32,24140,24139.9,100,24145.85,250,2350,12550250
NIFTY-I.NFO,06/01/2025,09:25:34,24145.1,24140.45,100,24145,300,200,12550250
NIFTY-I.NFO,06/01/2025,09:25:36,24140.25,24140.25,25,24145,125,300,12550250
NIFTY-I.NFO,06/01/2025,09:25:37,24139.25,24139.85,75,24144,25,550,12550250
NIFTY-I.NFO,06/01/2025,09:25:39,24146.2,24145,650,24146.2,200,250,12550250
NIFTY-I.NFO,06/01/2025,09:25:41,24145,24145,575,24147,2225,250,12550250
NIFTY-I.NFO,06/01/2025,09:25:42,24146.3,24146.3,650,24147,1225,1025,12550250
NIFTY-I.NFO,06/01/2025,09:25:44,24145,24145,800,24146.6,425,1300,12550250
NIFTY-I.NFO,06/01/2025,09:25:46,24146.25,24145,675,24146.25,150,225,12550250
NIFTY-I.NFO,06/01/2025,09:25:47,24144.95,24144,25,24144.7,275,725,12550250
NIFTY-I.NFO,06/01/2025,09:25:49,24145,24143.45,450,24145,225,350,12550250
NIFTY-I.NFO,06/01/2025,09:25:51,24143.45,24143.45,75,24147,1200,975,12550250
NIFTY-I.NFO,06/01/2025,09:25:52,24145.4,24144.7,450,24145.4,150,275,12550250
NIFTY-I.NFO,06/01/2025,09:25:54,24140.85,24140.9,50,24144.95,275,650,12550250
NIFTY-I.NFO,06/01/2025,09:25:56,24144.7,24142,50,24144.7,125,350,12550250
NIFTY-I.NFO,06/01/2025,09:25:57,24147,24140.95,50,24146.7,350,650,12550250
NIFTY-I.NFO,06/01/2025,09:25:59,24142,24140.95,175,24146.65,325,1350,12550250
NIFTY-I.NFO,06/01/2025,09:26:01,24140.95,24140.95,150,24141.65,200,1925,12550250
NIFTY-I.NFO,06/01/2025,09:26:02,24145.4,24141.65,500,24145.4,200,500,12550250
NIFTY-I.NFO,06/01/2025,09:26:04,24145.35,24141.65,450,24145.3,325,350,12550250
NIFTY-I.NFO,06/01/2025,09:26:06,24141.65,24140,500,24140.85,50,600,12550250
NIFTY-I.NFO,06/01/2025,09:26:07,24140.85,24140,475,24142,25,1625,12550250
NIFTY-I.NFO,06/01/2025,09:26:09,24142.6,24140,400,24141.5,75,850,12550250
NIFTY-I.NFO,06/01/2025,09:26:11,24140,24138.05,25,24140.3,275,400,12550250
NIFTY-I.NFO,06/01/2025,09:26:12,24138,24138,200,24138.05,25,1025,12550250
NIFTY-I.NFO,06/01/2025,09:26:14,24138.65,24138.05,400,24139.35,75,850,12550250
NIFTY-I.NFO,06/01/2025,09:26:16,24138.05,24138.05,100,24139.1,50,325,12550250
NIFTY-I.NFO,06/01/2025,09:26:17,24139.15,24136,25,24139.95,450,500,12550250
NIFTY-I.NFO,06/01/2025,09:26:19,24139.95,24135.6,875,24139.1,300,200,12550250
NIFTY-I.NFO,06/01/2025,09:26:21,24138.95,24135.65,50,24138.95,75,100,12550250
NIFTY-I.NFO,06/01/2025,09:26:22,24136.05,24136.05,100,24139,25,200,12550250
NIFTY-I.NFO,06/01/2025,09:26:24,24140,24140,350,24142,25,425,12550250
NIFTY-I.NFO,06/01/2025,09:26:26,24140,24140,200,24141.9,300,250,12550250
NIFTY-I.NFO,06/01/2025,09:26:27,24140,24140,75,24142,175,300,12550250
NIFTY-I.NFO,06/01/2025,09:26:29,24140,24138.9,150,24142,600,100,12550250
NIFTY-I.NFO,06/01/2025,09:26:31,24140,24140,75,24142,550,325,12550250
NIFTY-I.NFO,06/01/2025,09:26:32,24139,24139.9,150,24140,75,800,12550250
NIFTY-I.NFO,06/01/2025,09:26:34,24140,24139.4,425,24142,50,200,12550250
NIFTY-I.NFO,06/01/2025,09:26:36,24142.3,24139.35,125,24142.3,75,225,12550250
NIFTY-I.NFO,06/01/2025,09:26:37,24139.3,24139.3,925,24144.8,500,1625,12550250
NIFTY-I.NFO,06/01/2025,09:26:39,24142,24142,25,24144.8,500,50,12550250
NIFTY-I.NFO,06/01/2025,09:26:41,24144.8,24140.9,525,24144.8,425,350,12550250
NIFTY-I.NFO,06/01/2025,09:26:42,24142,24140,75,24144.65,150,25,12550250
NIFTY-I.NFO,06/01/2025,09:26:44,24143.9,24140,25,24144.1,75,325,12550250
NIFTY-I.NFO,06/01/2025,09:26:46,24143.9,24140,300,24141.55,75,0,12550250
NIFTY-I.NFO,06/01/2025,09:26:47,24141.4,24140,175,24141.7,75,300,12550250
NIFTY-I.NFO,06/01/2025,09:26:49,24139.3,24138.05,25,24140,25,325,12550250
NIFTY-I.NFO,06/01/2025,09:26:51,24140,24138.05,25,24140.65,200,25,12550250
NIFTY-I.NFO,06/01/2025,09:26:52,24140,24136.3,725,24140,150,150,12550250
NIFTY-I.NFO,06/01/2025,09:26:54,24136.25,24136.4,200,24141.35,25,1425,12550250
NIFTY-I.NFO,06/01/2025,09:26:56,24143.3,24136.7,150,24143.3,225,1250,12550250
NIFTY-I.NFO,06/01/2025,09:26:57,24140,24140,475,24142.95,75,900,12550250
NIFTY-I.NFO,06/01/2025,09:26:59,24140,24140,475,24143.05,25,100,12550250
NIFTY-I.NFO,06/01/2025,09:27:01,24140,24140.15,200,24143.05,50,175,12550250
NIFTY-I.NFO,06/01/2025,09:27:02,24139.4,24139.25,500,24143,175,425,12550250
NIFTY-I.NFO,06/01/2025,09:27:04,24142.75,24138.65,725,24142.1,25,300,12550250
NIFTY-I.NFO,06/01/2025,09:27:06,24142.15,24138,25,24142.3,50,275,12550250
NIFTY-I.NFO,06/01/2025,09:27:07,24143.05,24140,25,24143.05,125,250,12550250
NIFTY-I.NFO,06/01/2025,09:27:09,24142,24138.1,725,24142,850,675,12550250
NIFTY-I.NFO,06/01/2025,09:27:11,24138.7,24137.95,725,24140,25,325,12550250
NIFTY-I.NFO,06/01/2025,09:27:12,24140,24137.95,725,24140.2,75,300,12550250
NIFTY-I.NFO,06/01/2025,09:27:14,24142,24138.15,600,24142,775,725,12550250
NIFTY-I.NFO,06/01/2025,09:27:16,24141.1,24140,25,24140.2,75,225,12550250
NIFTY-I.NFO,06/01/2025,09:27:17,24141.2,24140,25,24141.5,50,100,12550250
NIFTY-I.NFO,06/01/2025,09:27:19,24136.6,24136.6,900,24140.4,175,775,12550250
NIFTY-I.NFO,06/01/2025,09:27:21,24136.6,24136.6,800,24138.2,175,0,12550250
NIFTY-I.NFO,06/01/2025,09:27:22,24136.6,24136,200,24137.05,200,800,12550250
NIFTY-I.NFO,06/01/2025,09:27:24,24134.9,24134,200,24134.7,100,700,12550250
NIFTY-I.NFO,06/01/2025,09:27:26,24136.6,24134,250,24138.8,175,300,12550250
NIFTY-I.NFO,06/01/2025,09:27:27,24134,24134,250,24139.9,350,250,12550250
NIFTY-I.NFO,06/01/2025,09:27:29,24135.85,24136.15,300,24140,100,125,12550250
NIFTY-I.NFO,06/01/2025,09:27:31,24142.95,24136.15,300,24142.05,250,2500,12550250
NIFTY-I.NFO,06/01/2025,09:27:32,24138,24139,25,24140,275,75,12550250
NIFTY-I.NFO,06/01/2025,09:27:34,24139,24135.9,500,24139,550,275,12543525
NIFTY-I.NFO,06/01/2025,09:27:36,24136.8,24137.15,200,24139,350,200,12543525
NIFTY-I.NFO,06/01/2025,09:27:37,24137.15,24137.3,25,24139,225,350,12543525
NIFTY-I.NFO,06/01/2025,09:27:39,24138,24137.8,500,24138,25,100,12543525
NIFTY-I.NFO,06/01/2025,09:27:41,24139,24137.8,425,24139,175,200,12543525
NIFTY-I.NFO,06/01/2025,09:27:42,24137.3,24135,50,24137.3,500,275,12543525
NIFTY-I.NFO,06/01/2025,09:27:44,24137.3,24135.65,350,24137.3,375,50,12543525
NIFTY-I.NFO,06/01/2025,09:27:46,24136.05,24136.05,450,24137.3,300,125,12543525
NIFTY-I.NFO,06/01/2025,09:27:48,24140,24138.4,175,24140,325,1025,12543525
NIFTY-I.NFO,06/01/2025,09:27:49,24139.9,24139.9,500,24142,175,575,12543525
NIFTY-I.NFO,06/01/2025,09:27:51,24142,24142,200,24143,250,250,12543525
NIFTY-I.NFO,06/01/2025,09:27:53,24143.05,24142.1,75,24143.9,25,425,12543525
NIFTY-I.NFO,06/01/2025,09:27:54,24142.1,24142.6,75,24143.9,25,125,12543525
NIFTY-I.NFO,06/01/2025,09:27:56,24143.1,24142.6,575,24144,75,150,12543525
NIFTY-I.NFO,06/01/2025,09:27:58,24146.6,24144.45,600,24146.85,25,2075,12543525
NIFTY-I.NFO,06/01/2025,09:27:59,24144.5,24144.5,300,24147,1450,325,12543525
NIFTY-I.NFO,06/01/2025,09:28:01,24145.1,24144.5,225,24147,1550,1050,12543525
NIFTY-I.NFO,06/01/2025,09:28:03,24148,24144.5,200,24146.6,125,2250,12543525
NIFTY-I.NFO,06/01/2025,09:28:04,24146.6,24144.55,25,24146.6,175,100,12543525
NIFTY-I.NFO,06/01/2025,09:28:06,24146.6,24144.55,125,24145.1,75,75,12543525
NIFTY-I.NFO,06/01/2025,09:28:08,24144.6,24144.6,50,24146.7,100,175,12543525
NIFTY-I.NFO,06/01/2025,09:28:09,24145.05,24144.6,100,24146.6,100,225,12543525
NIFTY-I.NFO,06/01/2025,09:28:11,24146,24144.6,75,24145.55,250,600,12543525
NIFTY-I.NFO,06/01/2025,09:28:13,24142,24142,50,24142.45,175,300,12543525
NIFTY-I.NFO,06/01/2025,09:28:14,24142.15,24140,200,24142.05,300,100,12543525
NIFTY-I.NFO,06/01/2025,09:28:16,24142.15,24140,300,24142.05,125,0,12543525
NIFTY-I.NFO,06/01/2025,09:28:18,24140,24140,225,24142.15,25,225,12543525
NIFTY-I.NFO,06/01/2025,09:28:19,24143.1,24142.25,50,24144,125,75,12543525
NIFTY-I.NFO,06/01/2025,09:28:21,24144.35,24142.15,5450,24144.25,150,850,12543525
NIFTY-I.NFO,06/01/2025,09:28:23,24144.05,24140,250,24142.25,25,2100,12543525
NIFTY-I.NFO,06/01/2025,09:28:24,24142.1,24140.05,25,24142.1,275,1975,12543525
NIFTY-I.NFO,06/01/2025,09:28:26,24137.8,24137.85,675,24140.55,100,375,12543525
NIFTY-I.NFO,06/01/2025,09:28:27,24140,24137.4,725,24140.55,125,25,12543525
NIFTY-I.NFO,06/01/2025,09:28:29,24138.25,24137.9,725,24143,25,1450,12543525
NIFTY-I.NFO,06/01/2025,09:28:31,24142.95,24138,650,24138.25,650,200,12543525
NIFTY-I.NFO,06/01/2025,09:28:32,24143.4,24138.25,100,24140.95,175,1850,12543525
NIFTY-I.NFO,06/01/2025,09:28:34,24138.3,24138.3,550,24140,300,175,12543525
NIFTY-I.NFO,06/01/2025,09:28:36,24138.3,24138.3,425,24139.5,75,175,12543525
NIFTY-I.NFO,06/01/2025,09:28:37,24138.05,24137,25,24137.85,50,550,12543525
NIFTY-I.NFO,06/01/2025,09:28:39,24136.8,24135.6,450,24136.2,50,275,12543525
NIFTY-I.NFO,06/01/2025,09:28:41,24135,24135,50,24136.55,150,675,12543525
NIFTY-I.NFO,06/01/2025,09:28:42,24135,24135,25,24136.8,25,25,12543525
NIFTY-I.NFO,06/01/2025,09:28:44,24134,24134,50,24137.5,225,375,12543525
NIFTY-I.NFO,06/01/2025,09:28:46,24134,24134,25,24135,25,75,12543525
NIFTY-I.NFO,06/01/2025,09:28:47,24133.45,24132.75,200,24137.95,25,100,12543525
NIFTY-I.NFO,06/01/2025,09:28:49,24133.45,24135,50,24138.75,25,400,12543525
NIFTY-I.NFO,06/01/2025,09:28:51,24133.45,24135,50,24137.6,25,0,12543525
NIFTY-I.NFO,06/01/2025,09:28:52,24135,24135,25,24137.35,25,150,12543525
NIFTY-I.NFO,06/01/2025,09:28:54,24135,24133.5,200,24135,75,25,12543525
NIFTY-I.NFO,06/01/2025,09:28:56,24133.05,24133.05,75,24135,50,375,12543525
NIFTY-I.NFO,06/01/2025,09:28:57,24133,24133,1150,24135,25,175,12543525
NIFTY-I.NFO,06/01/2025,09:28:59,24133.45,24133,1150,24135,50,50,12543525
NIFTY-I.NFO,06/01/2025,09:29:01,24133.6,24132.6,500,24132.7,25,1250,12543525
NIFTY-I.NFO,06/01/2025,09:29:02,24133,24132.7,25,24133,50,1875,12543525
NIFTY-I.NFO,06/01/2025,09:29:04,24132.45,24131.55,75,24131.95,150,650,12543525
NIFTY-I.NFO,06/01/2025,09:29:06,24128.6,24128.6,875,24129.3,225,1100,12543525
NIFTY-I.NFO,06/01/2025,09:29:07,24128.6,24128.6,375,24129.3,125,600,12543525
NIFTY-I.NFO,06/01/2025,09:29:09,24128.6,24128.6,175,24129.3,100,225,12543525
NIFTY-I.NFO,06/01/2025,09:29:11,24128.6,24128.6,100,24129.25,25,75,12543525
NIFTY-I.NFO,06/01/2025,09:29:12,24128.6,24128,25,24132.1,75,525,12543525
NIFTY-I.NFO,06/01/2025,09:29:14,24125,24125,550,24129.15,75,125,12543525
NIFTY-I.NFO,06/01/2025,09:29:16,24125,24125,500,24127.85,100,675,12543525
NIFTY-I.NFO,06/01/2025,09:29:17,24125,24125,400,24127.85,25,100,12543525
NIFTY-I.NFO,06/01/2025,09:29:19,24128.6,24125,375,24128.6,100,200,12543525
NIFTY-I.NFO,06/01/2025,09:29:21,24125,24125,175,24126.65,25,225,12543525
NIFTY-I.NFO,06/01/2025,09:29:22,24124.05,24124.05,75,24125,75,200,12543525
NIFTY-I.NFO,06/01/2025,09:29:24,24120,24120,975,24120.55,175,1400,12543525
NIFTY-I.NFO,06/01/2025,09:29:26,24118.2,24118.15,25,24123.35,50,3850,12543525
NIFTY-I.NFO,06/01/2025,09:29:27,24118.95,24118.95,25,24124.35,50,1675,12543525
NIFTY-I.NFO,06/01/2025,09:29:29,24125,24119.9,225,24125,450,3175,12543525
NIFTY-I.NFO,06/01/2025,09:29:31,24117,24119.65,25,24124.65,75,6750,12543525
NIFTY-I.NFO,06/01/2025,09:29:32,24114.85,24114.2,25,24120.9,50,1850,12543525
NIFTY-I.NFO,06/01/2025,09:29:34,24104,24103,25,24105.65,175,1975,12543525
NIFTY-I.NFO,06/01/2025,09:29:36,24105.45,24101.45,100,24105.45,25,3250,12543525
NIFTY-I.NFO,06/01/2025,09:29:37,24100.65,24100.5,25,24105.4,25,675,12543525
NIFTY-I.NFO,06/01/2025,09:29:39,24100,24100,300,24105,50,1300,12543525
NIFTY-I.NFO,06/01/2025,09:29:41,24097,24096.75,50,24098.8,25,1650,12543525
NIFTY-I.NFO,06/01/2025,09:29:42,24095,24095,325,24098.45,25,1250,12543525
NIFTY-I.NFO,06/01/2025,09:29:44,24094,24093.05,25,24094.95,175,400,12543525
NIFTY-I.NFO,06/01/2025,09:29:46,24095.45,24096.6,25,24101.45,75,1450,12543525
NIFTY-I.NFO,06/01/2025,09:29:46,24092.25,24096.6,25,24101.45,75,0,12543525
NIFTY-I.NFO,06/01/2025,09:29:47,24098.55,24097,25,24101.45,75,250,12543525
NIFTY-I.NFO,06/01/2025,09:29:49,24098,24098,25,24100,200,550,12543525
NIFTY-I.NFO,06/01/2025,09:29:51,24097,24094.8,25,24098.55,100,2125,12543525
NIFTY-I.NFO,06/01/2025,09:29:53,24098,24094.1,25,24097,100,2450,12543525
NIFTY-I.NFO,06/01/2025,09:29:54,24097.05,24099.6,300,24100,975,575,12543525
NIFTY-I.NFO,06/01/2025,09:29:56,24095.65,24095.25,25,24100,1100,1125,12543525
NIFTY-I.NFO,06/01/2025,09:29:58,24101.4,24101.4,350,24105.05,150,1275,12543525
NIFTY-I.NFO,06/01/2025,09:29:59,24104.45,24101.4,25,24104.3,100,725,12543525
NIFTY-I.NFO,06/01/2025,09:30:01,24101.5,24101.4,25,24101.5,25,1325,12543525
NIFTY-I.NFO,06/01/2025,09:30:03,24103.5,24103.85,125,24105,125,375,12543525
NIFTY-I.NFO,06/01/2025,09:30:04,24115.35,24107.25,200,24114.05,200,3100,12543525
NIFTY-I.NFO,06/01/2025,09:30:06,24106.4,24106.4,300,24112,75,1125,12543525
NIFTY-I.NFO,06/01/2025,09:30:08,24113.4,24107.4,75,24113,25,125,12543525
NIFTY-I.NFO,06/01/2025,09:30:09,24106.05,24104.45,50,24110.1,50,1100,12543525
NIFTY-I.NFO,06/01/2025,09:30:11,24104.35,24103.5,100,24110.3,50,350,12543525
NIFTY-I.NFO,06/01/2025,09:30:13,24104.35,24100.95,100,24107.75,100,0,12543525
NIFTY-I.NFO,06/01/2025,09:30:14,24109.8,24103.1,100,24110.05,100,75,12543525
NIFTY-I.NFO,06/01/2025,09:30:16,24109,24107.15,200,24113.85,150,475,12543525
NIFTY-I.NFO,06/01/2025,09:30:18,24109.3,24111.15,50,24117,125,650,12543525
NIFTY-I.NFO,06/01/2025,09:30:19,24110.4,24110.65,50,24115,25,425,12543525
NIFTY-I.NFO,06/01/2025,09:30:21,24112,24110.65,175,24114.1,150,100,12543525
NIFTY-I.NFO,06/01/2025,09:30:23,24109.9,24110.25,175,24116.25,25,375,12543525
NIFTY-I.NFO,06/01/2025,09:30:24,24109.3,24110.3,200,24110.65,25,1050,12543525
NIFTY-I.NFO,06/01/2025,09:30:26,24110.35,24110.35,150,24113,225,300,12543525
NIFTY-I.NFO,06/01/2025,09:30:28,24113,24114.4,175,24115,25,250,12543525
NIFTY-I.NFO,06/01/2025,09:30:29,24115,24116.4,150,24117,150,50,12543525
NIFTY-I.NFO,06/01/2025,09:30:31,24117,24114.4,275,24118,125,225,12543525
NIFTY-I.NFO,06/01/2025,09:30:33,24118,24114.5,100,24119,375,275,12543525
NIFTY-I.NFO,06/01/2025,09:30:34,24118.15,24114.5,100,24118.05,200,50,12505450
NIFTY-I.NFO,06/01/2025,09:30:36,24114.5,24115,125,24119,350,600,12505450
NIFTY-I.NFO,06/01/2025,09:30:38,24118,24116.4,400,24119.4,175,650,12505450
NIFTY-I.NFO,06/01/2025,09:30:39,24116.4,24114.9,25,24119.4,175,400,12505450
NIFTY-I.NFO,06/01/2025,09:30:41,24114.4,24113,25,24115.95,175,175,12505450
NIFTY-I.NFO,06/01/2025,09:30:43,24118.35,24115,300,24117.85,25,6075,12505450
NIFTY-I.NFO,06/01/2025,09:30:44,24112.5,24114.4,250,24119,125,1050,12505450
NIFTY-I.NFO,06/01/2025,09:30:46,24115,24115,50,24119,125,400,12505450
NIFTY-I.NFO,06/01/2025,09:30:48,24118,24116.5,50,24118,325,100,12505450
NIFTY-I.NFO,06/01/2025,09:30:49,24119,24115.5,275,24119.4,125,425,12505450
NIFTY-I.NFO,06/01/2025,09:30:51,24115.5,24115.5,75,24118.25,100,50,12505450
NIFTY-I.NFO,06/01/2025,09:30:53,24117.4,24113,25,24115.5,25,325,12505450
NIFTY-I.NFO,06/01/2025,09:30:54,24117,24112,275,24117.65,200,225,12505450
NIFTY-I.NFO,06/01/2025,09:30:56,24117,24111,400,24116.4,125,1250,12505450
NIFTY-I.NFO,06/01/2025,09:30:58,24115,24112.15,50,24115.5,250,300,12505450
NIFTY-I.NFO,06/01/2025,09:30:59,24113.05,24114,275,24115.5,75,175,12505450
NIFTY-I.NFO,06/01/2025,09:31:01,24118.95,24116,50,24118.95,100,450,12505450
NIFTY-I.NFO,06/01/2025,09:31:03,24113.45,24114.4,275,24118.65,125,525,12505450
NIFTY-I.NFO,06/01/2025,09:31:04,24115.5,24115,150,24118.65,125,75,12505450
NIFTY-I.NFO,06/01/2025,09:31:06,24115,24112.9,175,24118.05,250,250,12505450
NIFTY-I.NFO,06/01/2025,09:31:08,24113.05,24113,25,24117.9,200,75,12505450
NIFTY-I.NFO,06/01/2025,09:31:09,24117.5,24113,25,24116.2,75,50,12505450
NIFTY-I.NFO,06/01/2025,09:31:11,24112.05,24115,25,24119.4,125,4075,12505450
NIFTY-I.NFO,06/01/2025,09:31:13,24115.5,24113.7,50,24118,300,125,12505450
NIFTY-I.NFO,06/01/2025,09:31:14,24118,24114.5,250,24118,175,150,12505450
NIFTY-I.NFO,06/01/2025,09:31:16,24115,24114.6,100,24118,200,150,12505450
NIFTY-I.NFO,06/01/2025,09:31:18,24114.55,24113.6,25,24118,200,75,12505450
NIFTY-I.NFO,06/01/2025,09:31:19,24118,24113.6,25,24118.55,150,100,12505450
NIFTY-I.NFO,06/01/2025,09:31:21,24115,24115,475,24115.95,75,225,12505450
NIFTY-I.NFO,06/01/2025,09:31:23,24113,24112.7,100,24114.65,225,725,12505450
NIFTY-I.NFO,06/01/2025,09:31:24,24115.3,24112.7,175,24115.95,150,175,12505450
NIFTY-I.NFO,06/01/2025,09:31:30,24106.4,24106.4,25,24106.9,25,1650,12505450
NIFTY-I.NFO,06/01/2025,09:31:45,24099.75,24093.6,50,24099.15,25,7575,12505450
NIFTY-I.NFO,06/01/2025,09:31:45,24087.05,24093.6,50,24099.15,25,0,12505450
NIFTY-I.NFO,06/01/2025,09:32:00,24108.15,24108.65,50,24112.7,50,2550,12505450
NIFTY-I.NFO,06/01/2025,09:32:15,24105,24105,75,24106.5,50,2700,12505450
NIFTY-I.NFO,06/01/2025,09:32:27,24110,24110,125,24113,25,2750,12505450
NIFTY-I.NFO,06/01/2025,09:32:28,24110.05,24110.6,50,24114,75,200,12505450
NIFTY-I.NFO,06/01/2025,09:32:30,24111.7,24110.6,100,24115,175,150,12505450
NIFTY-I.NFO,06/01/2025,09:32:32,24114.85,24115,100,24117.8,175,1075,12505450
NIFTY-I.NFO,06/01/2025,09:32:33,24115,24115,100,24115.3,25,150,12505450
NIFTY-I.NFO,06/01/2025,09:32:35,24115.05,24114.85,250,24117.6,75,200,12505450
NIFTY-I.NFO,06/01/2025,09:32:37,24115,24114.85,175,24118,175,175,12505450
NIFTY-I.NFO,06/01/2025,09:32:38,24117.4,24111.7,25,24117.05,25,250,12505450
NIFTY-I.NFO,06/01/2025,09:32:40,24116.95,24115,25,24117.05,25,100,12505450
NIFTY-I.NFO,06/01/2025,09:32:42,24111.7,24111,25,24114.3,25,50,12505450
NIFTY-I.NFO,06/01/2025,09:32:43,24111.15,24110,25,24114.85,350,50,12505450
NIFTY-I.NFO,06/01/2025,09:32:45,24110,24111.7,25,24114,25,100,12505450
NIFTY-I.NFO,06/01/2025,09:32:47,24111.7,24106.6,100,24111.85,25,125,12505450
NIFTY-I.NFO,06/01/2025,09:32:48,24112.7,24110,300,24113.75,25,25,12505450
NIFTY-I.NFO,06/01/2025,09:32:50,24112.2,24110,225,24112.5,50,175,12505450
NIFTY-I.NFO,06/01/2025,09:32:52,24110,24106.6,100,24109.15,275,275,12505450
NIFTY-I.NFO,06/01/2025,09:32:53,24107.3,24106.65,175,24109.15,125,100,12505450
NIFTY-I.NFO,06/01/2025,09:32:55,24107.3,24107.55,75,24109.15,150,0,12505450
NIFTY-I.NFO,06/01/2025,09:32:57,24109.15,24109.15,50,24109.9,25,225,12505450
NIFTY-I.NFO,06/01/2025,09:32:58,24109.15,24109.15,50,24111.7,225,375,12505450
NIFTY-I.NFO,06/01/2025,09:33:00,24107.65,24106.6,25,24108.9,75,325,12505450
NIFTY-I.NFO,06/01/2025,09:33:02,24102.9,24102.4,350,24108.55,50,950,12505450
NIFTY-I.NFO,06/01/2025,09:33:03,24104.45,24103.7,125,24109,250,50,12505450
NIFTY-I.NFO,06/01/2025,09:33:05,24102.7,24102.4,275,24106.6,25,75,12505450
NIFTY-I.NFO,06/01/2025,09:33:07,24102.7,24104,50,24106.6,125,0,12505450
NIFTY-I.NFO,06/01/2025,09:33:08,24104,24104,25,24106.6,125,25,12505450
NIFTY-I.NFO,06/01/2025,09:33:10,24105,24103.5,400,24105,75,300,12505450
NIFTY-I.NFO,06/01/2025,09:33:12,24102.5,24102.5,250,24108.7,150,125,12505450
NIFTY-I.NFO,06/01/2025,09:33:13,24109,24103.6,25,24108.5,150,750,12505450
NIFTY-I.NFO,06/01/2025,09:33:15,24108.7,24104.5,300,24108.7,25,250,12505450
NIFTY-I.NFO,06/01/2025,09:33:17,24104.5,24105.5,225,24107,75,250,12505450
NIFTY-I.NFO,06/01/2025,09:33:18,24104,24104,50,24107,175,125,12505450
NIFTY-I.NFO,06/01/2025,09:33:20,24104,24104,25,24105.5,200,675,12505450
NIFTY-I.NFO,06/01/2025,09:33:22,24104,24103,725,24103.95,100,75,12505450
NIFTY-I.NFO,06/01/2025,09:33:23,24103,24102.5,25,24103.1,200,725,12505450
NIFTY-I.NFO,06/01/2025,09:33:25,24101,24101,100,24101.15,25,150,12505450
NIFTY-I.NFO,06/01/2025,09:33:27,24100.1,24100.05,50,24101,75,300,12505450
NIFTY-I.NFO,06/01/2025,09:33:28,24104,24100,150,24103.95,100,175,12505450
NIFTY-I.NFO,06/01/2025,09:33:30,24097.2,24097.2,150,24100,50,750,12505450
NIFTY-I.NFO,06/01/2025,09:33:32,24097.75,24098.1,575,24103.9,150,400,12505450
NIFTY-I.NFO,06/01/2025,09:33:33,24097.25,24097.9,750,24099.95,25,375,12505450
NIFTY-I.NFO,06/01/2025,09:33:35,24100.8,24101.4,175,24104,525,100,12503175
NIFTY-I.NFO,06/01/2025,09:33:37,24101.4,24101.4,750,24104,525,50,12503175
NIFTY-I.NFO,06/01/2025,09:33:38,24101.4,24101.4,575,24104,475,300,12503175
NIFTY-I.NFO,06/01/2025,09:33:40,24104,24102.5,25,24104,350,450,12503175
NIFTY-I.NFO,06/01/2025,09:33:42,24104,24103.35,25,24104,250,175,12503175
NIFTY-I.NFO,06/01/2025,09:33:43,24105.4,24105.4,125,24107,25,350,12503175
NIFTY-I.NFO,06/01/2025,09:33:45,24107,24104.5,350,24108.05,25,200,12503175
NIFTY-I.NFO,06/01/2025,09:33:47,24109,24105,250,24110,400,175,12503175
NIFTY-I.NFO,06/01/2025,09:33:48,24104.65,24105.05,75,24110,400,175,12503175
NIFTY-I.NFO,06/01/2025,09:33:50,24105.05,24105.05,200,24108,150,25,12503175
NIFTY-I.NFO,06/01/2025,09:33:52,24105.05,24105.05,75,24107.8,200,125,12503175
NIFTY-I.NFO,06/01/2025,09:33:53,24101.4,24101.4,1750,24105.45,100,675,12503175
NIFTY-I.NFO,06/01/2025,09:33:55,24102.7,24101.4,1600,24104.65,75,250,12503175
NIFTY-I.NFO,06/01/2025,09:33:57,24107.3,24101.45,125,24107.3,75,250,12503175
NIFTY-I.NFO,06/01/2025,09:33:58,24105.05,24101.4,1575,24105.75,200,175,12503175
NIFTY-I.NFO,06/01/2025,09:34:00,24100.8,24100,250,24100.45,25,1700,12503175
NIFTY-I.NFO,06/01/2025,09:34:02,24099.5,24095,150,24099.45,50,550,12503175
NIFTY-I.NFO,06/01/2025,09:34:03,24094.2,24094,275,24094.4,25,200,12503175
NIFTY-I.NFO,06/01/2025,09:34:05,24094,24092,25,24094.55,50,425,12503175
NIFTY-I.NFO,06/01/2025,09:34:07,24090,24090,425,24091.15,200,400,12503175
NIFTY-I.NFO,06/01/2025,09:34:08,24080.4,24080.1,100,24083,50,2875,12503175
NIFTY-I.NFO,06/01/2025,09:34:08,24080.4,24080.1,100,24083,50,0,12503175
NIFTY-I.NFO,06/01/2025,09:34:10,24084.4,24084.4,250,24085.95,50,1100,12503175
NIFTY-I.NFO,06/01/2025,09:34:10,24080.1,24084.4,250,24085.95,50,0,12503175
NIFTY-I.NFO,06/01/2025,09:34:12,24086,24084.55,125,24087,25,650,12503175
NIFTY-I.NFO,06/01/2025,09:34:13,24088.95,24084.15,25,24088.85,100,400,12503175
NIFTY-I.NFO,06/01/2025,09:34:15,24080.25,24080.05,50,24083.35,100,275,12503175
NIFTY-I.NFO,06/01/2025,09:34:17,24082,24080,1100,24081.85,75,1650,12503175
NIFTY-I.NFO,06/01/2025,09:34:17,24080,24080,1100,24081.85,75,0,12503175
NIFTY-I.NFO,06/01/2025,09:34:18,24079,24075.1,1425,24079.05,75,2700,12503175
NIFTY-I.NFO,06/01/2025,09:34:18,24075.1,24075.1,1425,24079.05,75,0,12503175
NIFTY-I.NFO,06/01/2025,09:34:20,24075.1,24075.1,1350,24078.7,25,450,12503175
NIFTY-I.NFO,06/01/2025,09:34:22,24075.05,24074.8,275,24075.1,25,4525,12503175
NIFTY-I.NFO,06/01/2025,09:34:22,24074.85,24074.8,275,24075.1,25,0,12503175
NIFTY-I.NFO,06/01/2025,09:34:23,24074,24073.3,25,24073.75,100,975,12503175
NIFTY-I.NFO,06/01/2025,09:34:23,24073,24073.3,25,24073.75,100,0,12503175
NIFTY-I.NFO,06/01/2025,09:34:25,24074.3,24072.3,700,24074.6,75,600,12503175
NIFTY-I.NFO,06/01/2025,09:34:25,24072.3,24072.3,700,24074.6,75,0,12503175
NIFTY-I.NFO,06/01/2025,09:34:27,24069.75,24065.95,25,24069.9,75,4375,12503175
NIFTY-I.NFO,06/01/2025,09:34:27,24065.1,24065.95,25,24069.9,75,0,12503175
NIFTY-I.NFO,06/01/2025,09:34:28,24070.85,24070.85,25,24072.2,25,2925,12503175
NIFTY-I.NFO,06/01/2025,09:34:30,24071.85,24065.8,25,24071.7,25,375,12503175
NIFTY-I.NFO,06/01/2025,09:34:32,24070,24070,50,24072.95,50,1450,12503175
NIFTY-I.NFO,06/01/2025,09:34:32,24064.45,24070,50,24072.95,50,0,12503175
NIFTY-I.NFO,06/01/2025,09:34:33,24070,24070,100,24073.35,50,1075,12503175
NIFTY-I.NFO,06/01/2025,09:34:35,24070.7,24065.1,450,24070.6,100,650,12503175
NIFTY-I.NFO,06/01/2025,09:34:37,24061.3,24060.15,850,24065.05,25,2450,12503175
NIFTY-I.NFO,06/01/2025,09:34:37,24060.5,24060.15,850,24065.05,25,0,12503175
NIFTY-I.NFO,06/01/2025,09:34:38,24062.65,24062.7,50,24065,125,600,12503175
NIFTY-I.NFO,06/01/2025,09:34:38,24060.15,24062.7,50,24065,125,0,12503175
NIFTY-I.NFO,06/01/2025,09:34:40,24064.95,24065.55,50,24070.7,300,800,12503175
NIFTY-I.NFO,06/01/2025,09:34:42,24065.45,24065.45,25,24068.9,125,1175,12503175
NIFTY-I.NFO,06/01/2025,09:34:43,24065,24064.7,225,24065.1,100,1100,12503175
NIFTY-I.NFO,06/01/2025,09:34:45,24064.95,24062.55,325,24064.95,150,5700,12503175
NIFTY-I.NFO,06/01/2025,09:34:47,24070.45,24065.95,25,24070.35,150,600,12503175
NIFTY-I.NFO,06/01/2025,09:34:48,24065,24064.7,25,24065,275,325,12503175
NIFTY-I.NFO,06/01/2025,09:34:50,24065,24061.05,75,24065,150,425,12503175
NIFTY-I.NFO,06/01/2025,09:34:52,24060.15,24060.15,400,24065,50,750,12503175
NIFTY-I.NFO,06/01/2025,09:34:53,24065,24065,350,24068.15,25,1250,12503175
NIFTY-I.NFO,06/01/2025,09:34:55,24065,24065.45,100,24067.9,200,400,12503175
NIFTY-I.NFO,06/01/2025,09:34:57,24064.7,24065,25,24067.8,750,775,12503175
NIFTY-I.NFO,06/01/2025,09:34:58,24064.7,24064.7,325,24067.8,525,350,12503175
NIFTY-I.NFO,06/01/2025,09:35:00,24063.85,24060.15,325,24063.85,200,1375,12503175
NIFTY-I.NFO,06/01/2025,09:35:02,24061.95,24061.95,75,24063.9,25,425,12503175
NIFTY-I.NFO,06/01/2025,09:35:03,24062.45,24061.75,175,24064.4,1550,900,12503175
NIFTY-I.NFO,06/01/2025,09:35:05,24062,24062,225,24064.4,1000,650,12503175
NIFTY-I.NFO,06/01/2025,09:35:07,24062,24061,125,24062,575,900,12503175
NIFTY-I.NFO,06/01/2025,09:35:08,24060.15,24060.15,750,24060.75,250,300,12503175
NIFTY-I.NFO,06/01/2025,09:35:10,24055.1,24055.1,550,24058,525,3300,12503175
NIFTY-I.NFO,06/01/2025,09:35:10,24055.1,24055.1,550,24058,525,0,12503175
NIFTY-I.NFO,06/01/2025,09:35:12,24055.1,24055.15,25,24058,400,825,12503175
NIFTY-I.NFO,06/01/2025,09:35:13,24055.15,24056.35,150,24060.95,125,1075,12503175
NIFTY-I.NFO,06/01/2025,09:35:15,24059,24056,25,24060.9,300,2125,12503175
NIFTY-I.NFO,06/01/2025,09:35:17,24056,24053,75,24058.85,300,2975,12503175
NIFTY-I.NFO,06/01/2025,09:35:17,24053,24053,75,24058.85,300,0,12503175
NIFTY-I.NFO,06/01/2025,09:35:18,24056,24056,100,24059.2,50,325,12503175
NIFTY-I.NFO,06/01/2025,09:35:20,24055.75,24055.9,175,24059.2,25,225,12503175
NIFTY-I.NFO,06/01/2025,09:35:22,24062,24060.4,450,24062,350,675,12503175
NIFTY-I.NFO,06/01/2025,09:35:23,24063,24060.95,100,24064.4,625,900,12503175
NIFTY-I.NFO,06/01/2025,09:35:25,24056.2,24061,900,24063.35,50,1725,12503175
NIFTY-I.NFO,06/01/2025,09:35:27,24056.95,24056,75,24056.95,125,1100,12503175
NIFTY-I.NFO,06/01/2025,09:35:28,24055,24053,50,24055,625,1525,12503175
NIFTY-I.NFO,06/01/2025,09:35:30,24054.95,24052.5,225,24055,275,900,12503175
NIFTY-I.NFO,06/01/2025,09:35:30,24052.75,24052.5,225,24055,275,0,12503175
NIFTY-I.NFO,06/01/2025,09:35:32,24054.25,24052.5,50,24053.2,200,325,12503175
NIFTY-I.NFO,06/01/2025,09:35:32,24052.5,24052.5,50,24053.2,200,0,12503175
NIFTY-I.NFO,06/01/2025,09:35:33,24050.7,24050,2225,24050.25,25,4225,12503175
NIFTY-I.NFO,06/01/2025,09:35:33,24050,24050,2225,24050.25,25,0,12503175
NIFTY-I.NFO,06/01/2025,09:35:35,24053.45,24050,1675,24053.45,125,775,12503175
NIFTY-I.NFO,06/01/2025,09:35:37,24050,24050,475,24053.95,50,1550,12503175
NIFTY-I.NFO,06/01/2025,09:35:38,24047,24042.35,125,24047,1975,2900,12503175
NIFTY-I.NFO,06/01/2025,09:35:38,24042.05,24042.35,125,24047,1975,0,12503175
NIFTY-I.NFO,06/01/2025,09:35:40,24047,24044.8,500,24047,850,1775,12503175
NIFTY-I.NFO,06/01/2025,09:35:40,24041.7,24044.8,500,24047,850,0,12503175
NIFTY-I.NFO,06/01/2025,09:35:42,24048.75,24047.3,25,24049.7,1450,3550,12503175
NIFTY-I.NFO,06/01/2025,09:35:43,24047.45,24046.2,50,24047.45,25,975,12503175
NIFTY-I.NFO,06/01/2025,09:35:45,24048.1,24047.85,500,24049.7,1325,275,12503175
NIFTY-I.NFO,06/01/2025,09:35:47,24050.9,24050.9,625,24053.45,775,4025,12503175
NIFTY-I.NFO,06/01/2025,09:35:48,24050.9,24050.9,275,24053.55,150,575,12503175
NIFTY-I.NFO,06/01/2025,09:35:50,24052.5,24050,400,24052,175,1550,12503175
NIFTY-I.NFO,06/01/2025,09:35:52,24042.65,24042.65,225,24047.25,250,650,12503175
NIFTY-I.NFO,06/01/2025,09:35:53,24047.3,24042.35,250,24047.3,200,275,12503175
NIFTY-I.NFO,06/01/2025,09:35:55,24045.15,24042.65,25,24045.3,50,1100,12503175
NIFTY-I.NFO,06/01/2025,09:35:55,24041,24042.65,25,24045.3,50,0,12503175
NIFTY-I.NFO,06/01/2025,09:35:57,24036,24033.8,25,24036,300,16700,12503175
NIFTY-I.NFO,06/01/2025,09:35:57,24033,24033.8,25,24036,300,0,12503175
NIFTY-I.NFO,06/01/2025,09:35:58,24033,24033,1625,24037.15,300,1425,12503175
NIFTY-I.NFO,06/01/2025,09:36:00,24033.85,24033,1100,24033.85,75,700,12503175
NIFTY-I.NFO,06/01/2025,09:36:02,24030,24030.05,50,24033.05,50,1925,12503175
NIFTY-I.NFO,06/01/2025,09:36:02,24030,24030.05,50,24033.05,50,0,12503175
NIFTY-I.NFO,06/01/2025,09:36:03,24033,24030.2,25,24033,25,1600,12503175
NIFTY-I.NFO,06/01/2025,09:36:05,24032.25,24032,125,24032.25,1350,600,12503175
NIFTY-I.NFO,06/01/2025,09:36:07,24033.4,24033.4,150,24036,575,1775,12503175
NIFTY-I.NFO,06/01/2025,09:36:08,24031.45,24033,500,24035,25,2175,12503175
NIFTY-I.NFO,06/01/2025,09:36:10,24033,24032,25,24032.65,300,525,12503175
NIFTY-I.NFO,06/01/2025,09:36:12,24030,24027.55,25,24030,225,3575,12503175
NIFTY-I.NFO,06/01/2025,09:36:12,24027,24027.55,25,24030,225,0,12503175
NIFTY-I.NFO,06/01/2025,09:36:13,24025.85,24025,1000,24025.9,25,1700,12503175
NIFTY-I.NFO,06/01/2025,09:36:13,24025,24025,1000,24025.9,25,0,12503175
NIFTY-I.NFO,06/01/2025,09:36:15,24015.35,24014,150,24018.85,200,13950,12503175
NIFTY-I.NFO,06/01/2025,09:36:15,24014.4,24014,150,24018.85,200,0,12503175
NIFTY-I.NFO,06/01/2025,09:36:17,24018.95,24016.5,50,24018.95,25,1750,12503175
NIFTY-I.NFO,06/01/2025,09:36:17,24012.3,24016.5,50,24018.95,25,0,12503175
NIFTY-I.NFO,06/01/2025,09:36:19,24020,24018.45,25,24020,100,1750,12503175
NIFTY-I.NFO,06/01/2025,09:36:20,24018.95,24015.05,25,24021.4,300,1050,12503175
NIFTY-I.NFO,06/01/2025,09:36:22,24016.3,24019.3,25,24020.75,75,2925,12503175
NIFTY-I.NFO,06/01/2025,09:36:24,24020,24019,175,24024.45,150,1950,12503175
NIFTY-I.NFO,06/01/2025,09:36:25,24022,24016.35,25,24022.15,275,2525,12503175
NIFTY-I.NFO,06/01/2025,09:36:27,24018.35,24018.3,525,24024.85,150,1675,12503175
NIFTY-I.NFO,06/01/2025,09:36:28,24022.25,24018.95,25,24022.25,175,1525,12503175
NIFTY-I.NFO,06/01/2025,09:36:30,24019.15,24015,1000,24018.45,175,400,12503175
NIFTY-I.NFO,06/01/2025,09:36:32,24018.45,24015.95,200,24018.45,175,2100,12503175
NIFTY-I.NFO,06/01/2025,09:36:33,24018.45,24017.3,175,24018.45,750,475,12503175
NIFTY-I.NFO,06/01/2025,09:36:35,24020,24018.05,25,24020,425,1250,12479600
NIFTY-I.NFO,06/01/2025,09:36:37,24020,24020,850,24022.9,300,1075,12479600
NIFTY-I.NFO,06/01/2025,09:36:38,24022.3,24020,950,24021.3,75,3250,12479600
NIFTY-I.NFO,06/01/2025,09:36:40,24019.9,24018.95,50,24019.9,25,2050,12479600
NIFTY-I.NFO,06/01/2025,09:36:42,24020.3,24016,650,24019.65,75,725,12479600
NIFTY-I.NFO,06/01/2025,09:36:43,24017,24016,500,24017.3,25,575,12479600
NIFTY-I.NFO,06/01/2025,09:36:45,24016,24016,50,24018.7,50,1400,12479600
NIFTY-I.NFO,06/01/2025,09:36:47,24010,24010,650,24013.4,175,4225,12479600
NIFTY-I.NFO,06/01/2025,09:36:47,24010,24010,650,24013.4,175,0,12479600
NIFTY-I.NFO,06/01/2025,09:36:48,24009.75,24008.15,50,24009.3,375,1100,12479600
NIFTY-I.NFO,06/01/2025,09:36:48,24009,24008.15,50,24009.3,375,0,12479600
NIFTY-I.NFO,06/01/2025,09:36:50,24001,24001,77250,24006.3,600,35900,12479600
NIFTY-I.NFO,06/01/2025,09:36:50,24001,24001,77250,24006.3,600,0,12479600
NIFTY-I.NFO,06/01/2025,09:36:52,24007.2,24001,77100,24006.45,225,425,12479600
NIFTY-I.NFO,06/01/2025,09:36:53,24003.6,24004.7,25,24009.2,25,1375,12479600
NIFTY-I.NFO,06/01/2025,09:36:55,24006,24006,750,24008.3,75,1850,12479600
NIFTY-I.NFO,06/01/2025,09:36:57,24001,24001,76450,24001.7,75,1625,12479600
NIFTY-I.NFO,06/01/2025,09:36:58,24001.7,24001.2,75,24001.7,50,19575,12479600
NIFTY-I.NFO,06/01/2025,09:37:00,24002.9,24001,56625,24003.65,125,3900,12479600
NIFTY-I.NFO,06/01/2025,09:37:02,24002.3,24002.45,25,24003.65,75,5725,12479600
NIFTY-I.NFO,06/01/2025,09:37:03,24005.05,24003.2,50,24005.75,50,550,12479600
NIFTY-I.NFO,06/01/2025,09:37:05,24006,24003.5,25,24006,975,1100,12479600
NIFTY-I.NFO,06/01/2025,09:37:07,24004,24004,25,24005.95,50,600,12479600
NIFTY-I.NFO,06/01/2025,09:37:08,24004.95,24003.2,25,24005,1625,2050,12479600
NIFTY-I.NFO,06/01/2025,09:37:10,24007.45,24006,25,24008.45,275,3950,12479600
NIFTY-I.NFO,06/01/2025,09:37:12,24004,24004,800,24004.25,250,3650,12479600
NIFTY-I.NFO,06/01/2025,09:37:13,24001,24001,52550,24001.7,25,2325,12479600
NIFTY-I.NFO,06/01/2025,09:37:15,24000,24000,25000,24000.6,25,58375,12479600
NIFTY-I.NFO,06/01/2025,09:37:15,24000,24000,25000,24000.6,25,0,12479600
NIFTY-I.NFO,06/01/2025,09:37:17,24000,24000,24425,24000.05,250,750,12479600
NIFTY-I.NFO,06/01/2025,09:37:18,24000,24000,25125,24000.6,75,1325,12479600
NIFTY-I.NFO,06/01/2025,09:37:20,24000.3,24000,16300,24000.3,50,10075,12479600
NIFTY-I.NFO,06/01/2025,09:37:22,23989.1,23989.1,25,23990.9,50,18575,12479600
NIFTY-I.NFO,06/01/2025,09:37:22,23989,23989.1,25,23990.9,50,0,12479600
NIFTY-I.NFO,06/01/2025,09:37:23,23998,23993.45,50,23998,100,875,12479600
NIFTY-I.NFO,06/01/2025,09:37:25,23998.3,23994.15,50,23999.95,75,700,12479600
NIFTY-I.NFO,06/01/2025,09:37:27,23994.7,23996.9,25,24000,2975,1350,12479600
NIFTY-I.NFO,06/01/2025,09:37:28,23999.95,23999.95,1450,24000,1550,1850,12479600
NIFTY-I.NFO,06/01/2025,09:37:30,24000,23999.95,775,24000.1,75,2275,12479600
NIFTY-I.NFO,06/01/2025,09:37:32,24002,24000,100,24002.9,150,550,12479600
NIFTY-I.NFO,06/01/2025,09:37:33,24000,23999.95,300,24000.1,675,950,12479600
NIFTY-I.NFO,06/01/2025,09:37:35,24000,24000,525,24002.6,50,850,12479600
NIFTY-I.NFO,06/01/2025,09:37:37,23995,23995,1375,23998.7,100,1350,12479600
NIFTY-I.NFO,06/01/2025,09:37:38,23995,23995,1300,23995.95,25,125,12479600
NIFTY-I.NFO,06/01/2025,09:37:40,23995.9,23995.05,50,23998,625,825,12479600
NIFTY-I.NFO,06/01/2025,09:37:42,23998,23995,550,23998,275,1125,12479600
NIFTY-I.NFO,06/01/2025,09:37:43,23996.8,23995,225,23996.5,250,875,12479600
NIFTY-I.NFO,06/01/2025,09:37:45,23992.65,23991,25,23992.65,50,650,12479600
NIFTY-I.NFO,06/01/2025,09:37:47,23985,23985,200,23985.55,200,4525,12479600
NIFTY-I.NFO,06/01/2025,09:37:47,23985,23985,200,23985.55,200,0,12479600
NIFTY-I.NFO,06/01/2025,09:37:48,23985.7,23981.05,25,23986.4,25,2250,12479600
NIFTY-I.NFO,06/01/2025,09:37:48,23981,23981.05,25,23986.4,25,0,12479600
NIFTY-I.NFO,06/01/2025,09:37:50,23981,23981,1175,23986.25,200,1725,12479600
NIFTY-I.NFO,06/01/2025,09:37:52,23981.1,23981.1,175,23984.85,75,350,12479600
NIFTY-I.NFO,06/01/2025,09:37:53,23984.5,23981.05,75,23984.5,50,625,12479600
NIFTY-I.NFO,06/01/2025,09:37:55,23984.85,23983,200,23984.85,25,1500,12479600
NIFTY-I.NFO,06/01/2025,09:37:57,23983.1,23983.1,275,23986.25,550,2325,12479600
NIFTY-I.NFO,06/01/2025,09:37:58,23985.65,23981,675,23985.65,25,1150,12479600
NIFTY-I.NFO,06/01/2025,09:38:00,23984.15,23984.2,50,23986.4,425,1425,12479600
NIFTY-I.NFO,06/01/2025,09:38:02,23986.05,23986.05,25,23992.7,200,2150,12479600
NIFTY-I.NFO,06/01/2025,09:38:03,23994.8,23990.5,300,23996.3,150,1675,12479600
NIFTY-I.NFO,06/01/2025,09:38:05,24000,23997.8,125,24000,1075,2200,12479600
NIFTY-I.NFO,06/01/2025,09:38:07,23998,23992.45,150,23998,225,2650,12479600
NIFTY-I.NFO,06/01/2025,09:38:08,23997.8,23991,625,23994.65,150,1125,12479600
NIFTY-I.NFO,06/01/2025,09:38:10,23992.85,23989.5,25,23995.2,150,4550,12479600
NIFTY-I.NFO,06/01/2025,09:38:12,23990.3,23991.8,25,23995.2,475,1050,12479600
NIFTY-I.NFO,06/01/2025,09:38:14,23994.75,23990.4,25,23994.8,50,2025,12479600
NIFTY-I.NFO,06/01/2025,09:38:15,23994.8,23994.65,125,23994.8,275,225,12479600
NIFTY-I.NFO,06/01/2025,09:38:17,23994.6,23988.75,25,23993.5,100,1000,12479600
NIFTY-I.NFO,06/01/2025,09:38:19,23990,23990,25,23992.15,150,375,12479600
NIFTY-I.NFO,06/01/2025,09:38:20,23993.25,23987.55,25,23993.25,150,650,12479600
NIFTY-I.NFO,06/01/2025,09:38:22,23991.5,23991,75,23991.5,25,625,12479600
NIFTY-I.NFO,06/01/2025,09:38:24,23986.25,23986.3,25,23991.45,25,1675,12479600
NIFTY-I.NFO,06/01/2025,09:38:25,23991.4,23990.05,500,23991.6,125,250,12479600
NIFTY-I.NFO,06/01/2025,09:38:27,23995.8,23991.65,525,23995.9,50,850,12479600
NIFTY-I.NFO,06/01/2025,09:38:29,23994.2,23993.05,350,23994.3,25,500,12479600
NIFTY-I.NFO,06/01/2025,09:38:30,23992.85,23991.65,25,23993,250,2425,12479600
NIFTY-I.NFO,06/01/2025,09:38:32,23991.5,23991.4,625,23992.15,625,650,12479600
NIFTY-I.NFO,06/01/2025,09:38:34,23991.4,23991.4,525,23992.25,250,975,12479600
NIFTY-I.NFO,06/01/2025,09:38:35,23993.7,23993.7,25,23995,250,375,12479600
NIFTY-I.NFO,06/01/2025,09:38:37,23994.7,23991.4,350,23994.7,575,625,12479600
NIFTY-I.NFO,06/01/2025,09:38:39,23994.95,23992.8,25,23994.75,75,450,12479600
NIFTY-I.NFO,06/01/2025,09:38:40,23995,23993.1,75,23996,75,200,12479600
NIFTY-I.NFO,06/01/2025,09:38:42,23993.45,23995,50,23996,25,300,12479600
NIFTY-I.NFO,06/01/2025,09:38:44,23996.25,23995,25,23996.15,75,1150,12479600
NIFTY-I.NFO,06/01/2025,09:38:45,23995.05,23995,225,23996.4,25,25,12479600
NIFTY-I.NFO,06/01/2025,09:38:47,23999,23996.85,75,24000,325,1475,12479600
NIFTY-I.NFO,06/01/2025,09:38:49,23999.05,23997.65,25,23999.1,150,400,12479600
NIFTY-I.NFO,06/01/2025,09:38:50,24000,24000,3900,24000.95,200,1275,12479600
NIFTY-I.NFO,06/01/2025,09:38:52,24000,24000,2550,24000.3,25,2700,12479600
NIFTY-I.NFO,06/01/2025,09:38:54,23999.8,23996,500,23999.65,75,4625,12479600
NIFTY-I.NFO,06/01/2025,09:38:55,23996,23999,25,23999.65,475,600,12479600
NIFTY-I.NFO,06/01/2025,09:38:57,24000,23999.65,50,24000,2400,550,12479600
NIFTY-I.NFO,06/01/2025,09:38:59,23997.1,23999.65,25,24000,1975,625,12479600
NIFTY-I.NFO,06/01/2025,09:39:00,24002.8,24000.25,200,24002.8,475,2950,12479600
NIFTY-I.NFO,06/01/2025,09:39:02,24004.5,24000.05,200,24004.95,25,725,12479600
NIFTY-I.NFO,06/01/2025,09:39:04,24000.95,24004.85,25,24004.9,125,500,12479600
NIFTY-I.NFO,06/01/2025,09:39:05,24005,24004.95,50,24005,350,200,12479600
NIFTY-I.NFO,06/01/2025,09:39:07,24004.95,24002.15,100,24005,175,475,12479600
NIFTY-I.NFO,06/01/2025,09:39:09,24005.6,24005,125,24005.65,125,300,12479600
NIFTY-I.NFO,06/01/2025,09:39:10,24005,24005.15,325,24007.6,25,825,12479600
NIFTY-I.NFO,06/01/2025,09:39:12,24007.45,24008.55,400,24010.95,50,925,12479600
NIFTY-I.NFO,06/01/2025,09:39:14,24015,24010,75,24015,625,550,12479600
NIFTY-I.NFO,06/01/2025,09:39:15,24008.5,24011.35,475,24014.95,25,600,12479600
NIFTY-I.NFO,06/01/2025,09:39:17,24016.65,24013,25,24016.6,150,675,12479600
NIFTY-I.NFO,06/01/2025,09:39:19,24016.65,24016.7,850,24018.8,750,1075,12479600
NIFTY-I.NFO,06/01/2025,09:39:20,24019.95,24017.1,350,24019.95,25,900,12479600
NIFTY-I.NFO,06/01/2025,09:39:22,24021.95,24020,150,24021.9,50,1050,12479600
NIFTY-I.NFO,06/01/2025,09:39:24,24020.1,24020.1,400,24022.95,50,1275,12479600
NIFTY-I.NFO,06/01/2025,09:39:25,24021.25,24020.1,400,24021.3,100,500,12479600
NIFTY-I.NFO,06/01/2025,09:39:27,24024.95,24022,25,24025,975,1675,12479600
NIFTY-I.NFO,06/01/2025,09:39:29,24024.6,24022,50,24023.6,125,325,12479600
NIFTY-I.NFO,06/01/2025,09:39:30,24021,24020.1,375,24023.9,100,400,12479600
NIFTY-I.NFO,06/01/2025,09:39:32,24024.2,24021,1500,24023.1,25,3075,12479600
NIFTY-I.NFO,06/01/2025,09:39:34,24022.75,24021,1250,24022.75,75,800,12479600
NIFTY-I.NFO,06/01/2025,09:39:35,24019.4,24016.7,450,24019.8,700,3150,12510100
NIFTY-I.NFO,06/01/2025,09:39:37,24019,24016.7,425,24018.85,25,900,12510100
NIFTY-I.NFO,06/01/2025,09:39:39,24016.7,24016.7,325,24021,50,250,12510100
NIFTY-I.NFO,06/01/2025,09:39:40,24019.95,24019.55,50,24019.95,25,1050,12510100
NIFTY-I.NFO,06/01/2025,09:39:42,24020,24020,250,24020.95,50,300,12510100
NIFTY-I.NFO,06/01/2025,09:39:44,24020,24020,1550,24020.95,50,250,12510100
NIFTY-I.NFO,06/01/2025,09:39:45,24023.3,24020,950,24023.75,50,975,12510100
NIFTY-I.NFO,06/01/2025,09:39:47,24023.55,24021.1,25,24023.4,200,325,12510100
NIFTY-I.NFO,06/01/2025,09:39:49,24023.3,24021,425,24023.25,50,900,12510100
NIFTY-I.NFO,06/01/2025,09:39:50,24022.3,24021,525,24022.3,50,5475,12510100
NIFTY-I.NFO,06/01/2025,09:39:52,24021,24020,325,24020.75,450,1225,12510100
NIFTY-I.NFO,06/01/2025,09:39:54,24022,24020,25,24022.5,200,1025,12510100
NIFTY-I.NFO,06/01/2025,09:39:55,24022.5,24021,25,24022.9,50,75,12510100
NIFTY-I.NFO,06/01/2025,09:39:57,24023.9,24023.9,75,24026.65,125,1450,12510100
NIFTY-I.NFO,06/01/2025,09:39:59,24030,24030.3,50,24031,50,3350,12510100
NIFTY-I.NFO,06/01/2025,09:40:00,24030.95,24028.75,300,24030.95,75,100,12510100
NIFTY-I.NFO,06/01/2025,09:40:02,24031.5,24028.4,175,24031.65,75,675,12510100
NIFTY-I.NFO,06/01/2025,09:40:04,24029.3,24031.2,225,24031.95,50,1125,12510100
NIFTY-I.NFO,06/01/2025,09:40:05,24027.9,24026.6,100,24028.35,100,725,12510100
NIFTY-I.NFO,06/01/2025,09:40:07,24027.35,24026.6,100,24027.4,50,275,12510100
NIFTY-I.NFO,06/01/2025,09:40:09,24026.15,24026.15,50,24026.25,150,600,12510100
NIFTY-I.NFO,06/01/2025,09:40:10,24022.5,24021,75,24024.2,50,425,12510100
NIFTY-I.NFO,06/01/2025,09:40:12,24022.4,24022.4,50,24024.15,25,225,12510100
NIFTY-I.NFO,06/01/2025,09:40:14,24021,24020.2,50,24021,25,450,12510100
NIFTY-I.NFO,06/01/2025,09:40:15,24020.9,24020.9,175,24023.95,50,425,12510100
NIFTY-I.NFO,06/01/2025,09:40:17,24025,24023.3,25,24026.1,125,425,12510100
NIFTY-I.NFO,06/01/2025,09:40:19,24024.95,24027.75,300,24028.4,25,625,12510100
NIFTY-I.NFO,06/01/2025,09:40:20,24025.9,24028.75,300,24030,175,975,12510100
NIFTY-I.NFO,06/01/2025,09:40:22,24032.25,24032.25,75,24032.65,100,650,12510100
NIFTY-I.NFO,06/01/2025,09:40:24,24034.65,24033.9,125,24036.65,100,4950,12510100
NIFTY-I.NFO,06/01/2025,09:40:25,24033.9,24035.8,25,24037.3,300,1725,12510100
NIFTY-I.NFO,06/01/2025,09:40:27,24031.4,24031.4,75,24035.65,50,775,12510100
NIFTY-I.NFO,06/01/2025,09:40:29,24035.15,24031.4,25,24034.9,175,150,12510100
NIFTY-I.NFO,06/01/2025,09:40:30,24031,24031,25,24031.4,125,275,12510100
NIFTY-I.NFO,06/01/2025,09:40:32,24030,24029.15,275,24030,3200,825,12510100
NIFTY-I.NFO,06/01/2025,09:40:34,24029.95,24028.65,250,24029.95,25,1475,12510100
NIFTY-I.NFO,06/01/2025,09:40:35,24030,24029.15,25,24030,1775,200,12510100
NIFTY-I.NFO,06/01/2025,09:40:37,24028.3,24026.1,25,24028.2,275,550,12510100
NIFTY-I.NFO,06/01/2025,09:40:39,24020.2,24020,750,24022,25,550,12510100
NIFTY-I.NFO,06/01/2025,09:40:40,24020.05,24020.05,25,24024.05,250,125,12510100
NIFTY-I.NFO,06/01/2025,09:40:42,24019,24020.05,200,24021.75,50,1400,12510100
NIFTY-I.NFO,06/01/2025,09:40:44,24025.7,24019.8,300,24025.7,100,2475,12510100
NIFTY-I.NFO,06/01/2025,09:40:45,24022.75,24022.9,25,24028.45,125,225,12510100
NIFTY-I.NFO,06/01/2025,09:40:47,24025,24025,100,24026.7,25,300,12510100
NIFTY-I.NFO,06/01/2025,09:40:49,24026.3,24025,675,24025.65,50,150,12510100
NIFTY-I.NFO,06/01/2025,09:40:50,24024.6,24018.4,850,24024.45,175,1350,12510100
NIFTY-I.NFO,06/01/2025,09:40:52,24023.55,24020,50,24022.95,300,175,12510100
NIFTY-I.NFO,06/01/2025,09:40:54,24021,24022.75,125,24022.9,50,100,12510100
NIFTY-I.NFO,06/01/2025,09:40:55,24024.6,24022.75,50,24024.75,75,175,12510100
NIFTY-I.NFO,06/01/2025,09:40:57,24025,24024.75,50,24025,1700,2300,12510100
NIFTY-I.NFO,06/01/2025,09:40:59,24024.75,24021,25,24024.65,75,225,12510100
NIFTY-I.NFO,06/01/2025,09:41:00,24016.2,24016.15,400,24021.2,25,350,12510100
NIFTY-I.NFO,06/01/2025,09:41:02,24016.2,24016.95,100,24022.45,25,1075,12510100
NIFTY-I.NFO,06/01/2025,09:41:04,24016.95,24017,125,24018,25,225,12510100
NIFTY-I.NFO,06/01/2025,09:41:05,24016.15,24016.15,275,24017,125,375,12510100
NIFTY-I.NFO,06/01/2025,09:41:07,24016,24016,100,24017,25,550,12510100
NIFTY-I.NFO,06/01/2025,09:41:09,24012,24012,525,24014.95,625,875,12510100
NIFTY-I.NFO,06/01/2025,09:41:10,24012,24010,575,24012,525,1075,12510100
NIFTY-I.NFO,06/01/2025,09:41:12,24009.6,24010.6,350,24013.2,75,975,12510100
NIFTY-I.NFO,06/01/2025,09:41:14,24011.25,24012,50,24015.1,75,2275,12510100
NIFTY-I.NFO,06/01/2025,09:41:15,24017.5,24015.6,175,24017.5,1625,1125,12510100
NIFTY-I.NFO,06/01/2025,09:41:17,24012.1,24012.1,75,24015,50,625,12510100
NIFTY-I.NFO,06/01/2025,09:41:19,24016.15,24016.4,1550,24017.5,1625,525,12510100
NIFTY-I.NFO,06/01/2025,09:41:20,24016.1,24016.1,300,24016.4,25,1675,12510100
NIFTY-I.NFO,06/01/2025,09:41:22,24018.5,24017.05,75,24020,1800,4600,12510100
NIFTY-I.NFO,06/01/2025,09:41:24,24022.5,24021.4,1300,24022.5,1700,2000,12510100
NIFTY-I.NFO,06/01/2025,09:41:25,24016,24014.35,150,24016.1,125,1475,12510100
NIFTY-I.NFO,06/01/2025,09:41:27,24020,24016.35,150,24022.35,200,300,12510100
NIFTY-I.NFO,06/01/2025,09:41:29,24012.9,24013.55,225,24019,50,1075,12510100
NIFTY-I.NFO,06/01/2025,09:41:30,24019,24015,300,24019,50,675,12510100
NIFTY-I.NFO,06/01/2025,09:41:32,24012,24012,600,24015,75,225,12510100
NIFTY-I.NFO,06/01/2025,09:41:34,24012,24012,450,24015,75,325,12510100
NIFTY-I.NFO,06/01/2025,09:41:35,24012,24010,175,24012,300,525,12510100
NIFTY-I.NFO,06/01/2025,09:41:37,24013.4,24013.4,250,24015,1700,600,12510100
NIFTY-I.NFO,06/01/2025,09:41:39,24012,24011.15,700,24013.4,250,675,12510100
NIFTY-I.NFO,06/01/2025,09:41:40,24011.15,24011.15,175,24015,1675,450,12510100
NIFTY-I.NFO,06/01/2025,09:41:42,24015,24013,400,24015,1475,975,12510100
NIFTY-I.NFO,06/01/2025,09:41:44,24013,24012.5,100,24015,1425,1950,12510100
NIFTY-I.NFO,06/01/2025,09:41:45,24011.3,24011.8,175,24015,1475,375,12510100
NIFTY-I.NFO,06/01/2025,09:41:47,24012.35,24012.65,500,24015,1225,700,12510100
NIFTY-I.NFO,06/01/2025,09:41:49,24012.6,24011.3,25,24015,1225,1150,12510100
NIFTY-I.NFO,06/01/2025,09:41:50,24012.1,24012,725,24014,100,275,12510100
NIFTY-I.NFO,06/01/2025,09:41:52,24013.5,24013.5,800,24014.95,75,525,12510100
NIFTY-I.NFO,06/01/2025,09:41:54,24015,24012.4,450,24015,1375,675,12510100
NIFTY-I.NFO,06/01/2025,09:41:55,24012.4,24012,50,24015,1400,300,12510100
NIFTY-I.NFO,06/01/2025,09:41:57,24012,24012.5,225,24015,1400,425,12510100
NIFTY-I.NFO,06/01/2025,09:41:59,24014,24014,375,24015,1350,200,12510100
NIFTY-I.NFO,06/01/2025,09:42:00,24014.95,24015.05,50,24020.95,50,5550,12510100
NIFTY-I.NFO,06/01/2025,09:42:02,24015.45,24015.35,25,24020.25,125,2150,12510100
NIFTY-I.NFO,06/01/2025,09:42:04,24015.35,24015.6,725,24021,1550,375,12510100
NIFTY-I.NFO,06/01/2025,09:42:05,24019.95,24015.55,25,24019.95,25,500,12510100
NIFTY-I.NFO,06/01/2025,09:42:07,24015.55,24015,25,24015.55,25,175,12510100
NIFTY-I.NFO,06/01/2025,09:42:09,24018.35,24013.5,25,24018.75,50,100,12510100
NIFTY-I.NFO,06/01/2025,09:42:10,24014.85,24012,175,24016.9,50,425,12510100
NIFTY-I.NFO,06/01/2025,09:42:12,24012,24011.55,125,24013.5,525,450,12510100
NIFTY-I.NFO,06/01/2025,09:42:14,24014.9,24012.5,300,24017.95,25,1250,12510100
NIFTY-I.NFO,06/01/2025,09:42:15,24012.5,24012.95,400,24018,25,800,12510100
NIFTY-I.NFO,06/01/2025,09:42:17,24013.1,24013.55,400,24019.2,250,175,12510100
NIFTY-I.NFO,06/01/2025,09:42:19,24017.5,24014,600,24017.5,1425,325,12510100
NIFTY-I.NFO,06/01/2025,09:42:20,24014.05,24014,225,24017.5,1375,75,12510100
NIFTY-I.NFO,06/01/2025,09:42:22,24014,24014.05,25,24017.5,1375,475,12510100
NIFTY-I.NFO,06/01/2025,09:42:24,24013.25,24012,225,24015.4,75,50,12510100
NIFTY-I.NFO,06/01/2025,09:42:25,24011.95,24011.95,25,24014,125,375,12510100
NIFTY-I.NFO,06/01/2025,09:42:27,24011,24011,25,24014.05,75,375,12510100
NIFTY-I.NFO,06/01/2025,09:42:29,24010.65,24010.9,150,24012,500,500,12510100
NIFTY-I.NFO,06/01/2025,09:42:30,24010.3,24010.3,425,24012,325,950,12510100
NIFTY-I.NFO,06/01/2025,09:42:32,24010.95,24012.1,625,24017.4,25,1175,12510100
NIFTY-I.NFO,06/01/2025,09:42:34,24011.4,24011.95,725,24017.4,75,800,12510100
NIFTY-I.NFO,06/01/2025,09:42:35,24013.5,24017.4,25,24017.95,75,2275,12531125
NIFTY-I.NFO,06/01/2025,09:42:37,24015.4,24015.9,100,24020,300,650,12531125
NIFTY-I.NFO,06/01/2025,09:42:39,24021.5,24021.5,300,24022.5,1275,3550,12531125
NIFTY-I.NFO,06/01/2025,09:42:40,24025.45,24026.1,275,24029,175,2175,12531125
NIFTY-I.NFO,06/01/2025,09:42:42,24031,24030.4,175,24031.4,50,1400,12531125
NIFTY-I.NFO,06/01/2025,09:42:44,24032,24029.9,350,24032,375,4550,12531125
NIFTY-I.NFO,06/01/2025,09:42:45,24035.15,24035.15,125,24037,25,1825,12531125
NIFTY-I.NFO,06/01/2025,09:42:47,24032.9,24032,25,24036.8,50,825,12531125
NIFTY-I.NFO,06/01/2025,09:42:49,24030.4,24030,50,24030.4,75,125,12531125
NIFTY-I.NFO,06/01/2025,09:42:50,24035.35,24029.9,525,24034.25,50,625,12531125
NIFTY-I.NFO,06/01/2025,09:42:52,24030.15,24028.6,100,24030.15,150,100,12531125
NIFTY-I.NFO,06/01/2025,09:42:54,24034.8,24031,125,24031.4,75,1025,12531125
NIFTY-I.NFO,06/01/2025,09:42:55,24034.4,24034.4,25,24037.3,200,550,12531125
NIFTY-I.NFO,06/01/2025,09:42:57,24037.3,24034.05,175,24038,250,775,12531125
NIFTY-I.NFO,06/01/2025,09:42:59,24040,24039.4,175,24041,25,2200,12531125
NIFTY-I.NFO,06/01/2025,09:43:00,24044,24043.4,175,24044.4,575,1825,12531125
NIFTY-I.NFO,06/01/2025,09:43:02,24042.4,24040.9,300,24043.4,100,3400,12531125
NIFTY-I.NFO,06/01/2025,09:43:04,24048,24044.75,625,24048,1000,1875,12531125
NIFTY-I.NFO,06/01/2025,09:43:05,24051,24049.45,100,24051.1,25,8775,12531125
NIFTY-I.NFO,06/01/2025,09:43:07,24049.35,24049.4,25,24049.45,150,1350,12531125
NIFTY-I.NFO,06/01/2025,09:43:09,24049.45,24046.95,25,24049.05,25,1775,12531125
NIFTY-I.NFO,06/01/2025,09:43:10,24046.8,24045.1,625,24046.85,50,475,12531125
NIFTY-I.NFO,06/01/2025,09:43:12,24049.2,24045.6,150,24048,25,800,12531125
NIFTY-I.NFO,06/01/2025,09:43:14,24047.9,24049.4,275,24050,125,625,12531125
NIFTY-I.NFO,06/01/2025,09:43:15,24054.1,24054.1,75,24055.65,50,3775,12531125
NIFTY-I.NFO,06/01/2025,09:43:17,24056.35,24054.1,100,24056.1,25,600,12531125
NIFTY-I.NFO,06/01/2025,09:43:19,24051.4,24051.4,100,24054.1,325,400,12531125
NIFTY-I.NFO,06/01/2025,09:43:20,24051.4,24051.4,200,24054.95,50,1375,12531125
NIFTY-I.NFO,06/01/2025,09:43:22,24051.65,24050,425,24051.65,25,1300,12531125
NIFTY-I.NFO,06/01/2025,09:43:24,24053.6,24050,275,24053.6,25,350,12531125
NIFTY-I.NFO,06/01/2025,09:43:25,24048,24047.9,50,24049.45,25,2325,12531125
NIFTY-I.NFO,06/01/2025,09:43:27,24050.75,24050.65,150,24051.4,25,200,12531125
NIFTY-I.NFO,06/01/2025,09:43:29,24050,24050,575,24050.65,450,350,12531125
NIFTY-I.NFO,06/01/2025,09:43:30,24050,24050,250,24053.65,25,750,12531125
NIFTY-I.NFO,06/01/2025,09:43:32,24050.65,24052,25,24053.7,75,75,12531125
NIFTY-I.NFO,06/01/2025,09:43:34,24050.4,24050.35,150,24050.6,25,250,12531125
NIFTY-I.NFO,06/01/2025,09:43:35,24050.15,24050.1,150,24051.9,50,375,12531125
NIFTY-I.NFO,06/01/2025,09:43:37,24051.85,24050.6,25,24051.9,50,225,12531125
NIFTY-I.NFO,06/01/2025,09:43:39,24052,24050.7,25,24052,1500,75,12531125
NIFTY-I.NFO,06/01/2025,09:43:40,24052,24050,1525,24051.9,25,425,12531125
NIFTY-I.NFO,06/01/2025,09:43:42,24052,24051.05,25,24052,1350,1125,12531125
NIFTY-I.NFO,06/01/2025,09:43:44,24050,24050,1025,24051.95,50,150,12531125
NIFTY-I.NFO,06/01/2025,09:43:45,24050,24050,1350,24051.95,125,1000,12531125
NIFTY-I.NFO,06/01/2025,09:43:47,24050,24050,1175,24050.05,50,3800,12531125
NIFTY-I.NFO,06/01/2025,09:43:49,24050.1,24050.1,25,24051.85,25,650,12531125
NIFTY-I.NFO,06/01/2025,09:43:50,24050.05,24049.4,150,24050.1,50,1425,12531125
NIFTY-I.NFO,06/01/2025,09:43:52,24043.9,24043.6,175,24047.65,75,550,12531125
NIFTY-I.NFO,06/01/2025,09:43:54,24044.65,24042.95,25,24044.85,50,325,12531125
NIFTY-I.NFO,06/01/2025,09:43:55,24040.3,24040.05,125,24042.95,75,350,12531125
NIFTY-I.NFO,06/01/2025,09:43:57,24040.05,24040,900,24041.25,300,250,12531125
NIFTY-I.NFO,06/01/2025,09:43:59,24040,24036.75,150,24039.95,200,1550,12531125
NIFTY-I.NFO,06/01/2025,09:44:00,24038.6,24035.75,25,24037.05,225,175,12531125
NIFTY-I.NFO,06/01/2025,09:44:02,24032.85,24030,225,24033.3,50,600,12531125
NIFTY-I.NFO,06/01/2025,09:44:04,24028.75,24027.05,150,24029.35,275,750,12531125
NIFTY-I.NFO,06/01/2025,09:44:05,24030.3,24027.4,150,24029.65,50,325,12531125
NIFTY-I.NFO,06/01/2025,09:44:07,24033.25,24029.3,100,24033.25,25,500,12531125
NIFTY-I.NFO,06/01/2025,09:44:09,24028.55,24027.9,150,24028.55,475,300,12531125
NIFTY-I.NFO,06/01/2025,09:44:10,24027.05,24027.7,300,24028.55,250,500,12531125
NIFTY-I.NFO,06/01/2025,09:44:12,24033.25,24030.55,25,24036.55,200,825,12531125
NIFTY-I.NFO,06/01/2025,09:44:14,24026.3,24026.25,350,24032.1,200,75,12531125
NIFTY-I.NFO,06/01/2025,09:44:15,24030,24026,225,24030,25,450,12531125
NIFTY-I.NFO,06/01/2025,09:44:17,24031.1,24027,25,24031.1,50,475,12531125
NIFTY-I.NFO,06/01/2025,09:44:19,24026.1,24026.1,75,24030.3,25,75,12531125
NIFTY-I.NFO,06/01/2025,09:44:20,24026.15,24026.1,275,24029.3,50,375,12531125
NIFTY-I.NFO,06/01/2025,09:44:22,24025.95,24025.95,250,24030,50,425,12531125
NIFTY-I.NFO,06/01/2025,09:44:24,24029.25,24029.2,25,24035,1250,450,12531125
NIFTY-I.NFO,06/01/2025,09:44:25,24033.4,24028.5,200,24034.65,125,1250,12531125
NIFTY-I.NFO,06/01/2025,09:44:27,24030,24030.05,175,24035,1000,625,12531125
NIFTY-I.NFO,06/01/2025,09:44:29,24028.8,24029.25,250,24035,1025,1625,12531125
NIFTY-I.NFO,06/01/2025,09:44:31,24026.95,24026.4,25,24030,100,25,12531125
NIFTY-I.NFO,06/01/2025,09:44:32,24030,24026.8,25,24030,600,50,12531125
NIFTY-I.NFO,06/01/2025,09:44:34,24026,24026,50,24030,500,325,12531125
NIFTY-I.NFO,06/01/2025,09:44:36,24025.95,24026,25,24030,500,100,12531125
NIFTY-I.NFO,06/01/2025,09:44:37,24030,24027.4,75,24030,300,325,12531125
NIFTY-I.NFO,06/01/2025,09:44:39,24027.05,24026,25,24029.9,50,175,12531125
NIFTY-I.NFO,06/01/2025,09:44:41,24026,24025.75,50,24030,275,3225,12531125
NIFTY-I.NFO,06/01/2025,09:44:42,24029,24028.2,50,24029,25,175,12531125
NIFTY-I.NFO,06/01/2025,09:44:44,24030.2,24030.15,25,24033,150,1550,12531125
NIFTY-I.NFO,06/01/2025,09:44:46,24030.15,24029.65,750,24033,150,300,12531125
NIFTY-I.NFO,06/01/2025,09:44:47,24034.75,24035.55,200,24040,150,350,12531125
NIFTY-I.NFO,06/01/2025,09:44:49,24038.1,24032.25,150,24038.1,25,1800,12531125
NIFTY-I.NFO,06/01/2025,09:44:51,24032.25,24032.75,50,24038.8,25,25,12531125
NIFTY-I.NFO,06/01/2025,09:44:52,24038.1,24031.95,175,24038.3,50,100,12531125
NIFTY-I.NFO,06/01/2025,09:44:54,24031.45,24030.15,125,24035.75,75,150,12531125
NIFTY-I.NFO,06/01/2025,09:44:56,24035.7,24033,50,24035.75,325,25,12531125
NIFTY-I.NFO,06/01/2025,09:44:57,24033,24030.25,175,24033,175,200,12531125
NIFTY-I.NFO,06/01/2025,09:44:59,24030.8,24030.55,150,24035,50,175,12531125
NIFTY-I.NFO,06/01/2025,09:45:01,24028,24027.05,175,24028.85,25,575,12531125
NIFTY-I.NFO,06/01/2025,09:45:02,24027.05,24024.35,125,24027.05,325,1050,12531125
NIFTY-I.NFO,06/01/2025,09:45:04,24024.35,24022.55,375,24024.35,75,975,12531125
NIFTY-I.NFO,06/01/2025,09:45:06,24022,24022,125,24025,50,1500,12531125
NIFTY-I.NFO,06/01/2025,09:45:07,24022,24020.9,400,24022,175,700,12531125
NIFTY-I.NFO,06/01/2025,09:45:09,24022,24017,125,24022.25,125,1125,12531125
NIFTY-I.NFO,06/01/2025,09:45:11,24015.9,24015.9,500,24020,550,175,12531125
NIFTY-I.NFO,06/01/2025,09:45:12,24020,24015.4,350,24020,1150,6350,12531125
NIFTY-I.NFO,06/01/2025,09:45:14,24022,24021.4,525,24024.35,25,4325,12531125
NIFTY-I.NFO,06/01/2025,09:45:16,24020,24020,50,24021.4,2100,750,12531125
NIFTY-I.NFO,06/01/2025,09:45:17,24018.7,24015,350,24018.45,100,525,12531125
NIFTY-I.NFO,06/01/2025,09:45:19,24016.7,24012.5,225,24016.7,25,1225,12531125
NIFTY-I.NFO,06/01/2025,09:45:21,24017.9,24017.9,300,24018.5,50,1600,12531125
NIFTY-I.NFO,06/01/2025,09:45:22,24020.45,24020.35,75,24021.35,50,1150,12531125
NIFTY-I.NFO,06/01/2025,09:45:24,24017.4,24017.9,50,24021.4,100,300,12531125
NIFTY-I.NFO,06/01/2025,09:45:26,24020.35,24020.5,150,24024,300,875,12531125
NIFTY-I.NFO,06/01/2025,09:45:27,24021.4,24020,300,24025.4,100,1525,12531125
NIFTY-I.NFO,06/01/2025,09:45:29,24021.3,24021.6,175,24028,75,600,12531125
NIFTY-I.NFO,06/01/2025,09:45:31,24021.35,24022,300,24025,100,175,12531125
NIFTY-I.NFO,06/01/2025,09:45:32,24022.8,24022.8,175,24025,75,225,12531125
NIFTY-I.NFO,06/01/2025,09:45:34,24026.7,24022,275,24024,25,250,12531125
NIFTY-I.NFO,06/01/2025,09:45:36,24022,24022.8,25,24024.9,50,350,12531125
NIFTY-I.NFO,06/01/2025,09:45:37,24020.45,24020.45,75,24022.75,200,550,12556125
NIFTY-I.NFO,06/01/2025,09:45:39,24020.45,24016.75,100,24020.45,350,425,12556125
NIFTY-I.NFO,06/01/2025,09:45:41,24021.65,24015.55,25,24020.4,200,150,12556125
NIFTY-I.NFO,06/01/2025,09:45:42,24015.55,24015.95,25,24021.35,50,175,12556125
NIFTY-I.NFO,06/01/2025,09:45:44,24012.65,24012.75,50,24017.9,25,400,12556125
NIFTY-I.NFO,06/01/2025,09:45:46,24013.9,24013.85,50,24020.4,200,700,12556125
NIFTY-I.NFO,06/01/2025,09:45:47,24014.85,24016.4,25,24020.85,50,250,12556125
NIFTY-I.NFO,06/01/2025,09:45:49,24020.85,24017.85,250,24020.85,100,325,12556125
NIFTY-I.NFO,06/01/2025,09:45:51,24017.35,24020.85,25,24023.75,200,1525,12556125
NIFTY-I.NFO,06/01/2025,09:45:52,24017.95,24017.95,25,24020.85,125,250,12556125
NIFTY-I.NFO,06/01/2025,09:45:54,24020.45,24018.5,50,24020.45,75,725,12556125
NIFTY-I.NFO,06/01/2025,09:45:56,24019.7,24019.8,150,24023.9,50,925,12556125
NIFTY-I.NFO,06/01/2025,09:45:57,24020.9,24021.35,225,24024.95,50,250,12556125
NIFTY-I.NFO,06/01/2025,09:45:59,24025.95,24026.45,25,24030,450,1350,12556125
NIFTY-I.NFO,06/01/2025,09:46:01,24027.95,24028.25,50,24030,575,475,12556125
NIFTY-I.NFO,06/01/2025,09:46:02,24028.25,24027.9,175,24028.25,175,375,12556125
NIFTY-I.NFO,06/01/2025,09:46:04,24023.9,24022,25,24025.95,25,1175,12556125
NIFTY-I.NFO,06/01/2025,09:46:06,24021.95,24021.4,175,24026.9,25,325,12556125
NIFTY-I.NFO,06/01/2025,09:46:07,24019.1,24019.95,50,24021.4,175,1225,12556125
NIFTY-I.NFO,06/01/2025,09:46:09,24018.9,24018.9,25,24019.95,150,350,12556125
NIFTY-I.NFO,06/01/2025,09:46:11,24017.35,24017.35,375,24022.2,125,500,12556125
NIFTY-I.NFO,06/01/2025,09:46:12,24017.35,24017.8,150,24023.85,50,550,12556125
NIFTY-I.NFO,06/01/2025,09:46:14,24017.6,24017.7,300,24022.6,25,25,12556125
NIFTY-I.NFO,06/01/2025,09:46:16,24023.75,24019.85,250,24023.75,25,225,12556125
NIFTY-I.NFO,06/01/2025,09:46:17,24023.9,24020.7,50,24026.55,25,175,12556125
NIFTY-I.NFO,06/01/2025,09:46:19,24020.7,24021.3,175,24026.85,25,300,12556125
NIFTY-I.NFO,06/01/2025,09:46:21,24026.85,24024.1,850,24026.9,100,175,12556125
NIFTY-I.NFO,06/01/2025,09:46:22,24026.85,24024.9,150,24026.85,50,0,12556125
NIFTY-I.NFO,06/01/2025,09:46:24,24025.8,24023.9,350,24026.85,25,475,12556125
NIFTY-I.NFO,06/01/2025,09:46:26,24025.75,24024.05,750,24024.9,100,1125,12556125
NIFTY-I.NFO,06/01/2025,09:46:27,24024.9,24025.25,750,24026.85,25,275,12556125
NIFTY-I.NFO,06/01/2025,09:46:29,24027.9,24025,100,24027.55,150,1625,12556125
NIFTY-I.NFO,06/01/2025,09:46:31,24024.9,24022.4,400,24025,400,175,12556125
NIFTY-I.NFO,06/01/2025,09:46:32,24021,24021,25,24024.9,1400,75,12556125
NIFTY-I.NFO,06/01/2025,09:46:34,24021,24020.9,25,24021,50,125,12556125
NIFTY-I.NFO,06/01/2025,09:46:36,24023.4,24023.4,25,24024.9,1200,875,12556125
NIFTY-I.NFO,06/01/2025,09:46:37,24021,24020.65,225,24023.35,50,100,12556125
NIFTY-I.NFO,06/01/2025,09:46:39,24020,24020,850,24024.9,1300,550,12556125
NIFTY-I.NFO,06/01/2025,09:46:41,24020,24020,650,24020.95,50,475,12556125
NIFTY-I.NFO,06/01/2025,09:46:42,24020,24018,50,24020,1950,1175,12556125
NIFTY-I.NFO,06/01/2025,09:46:44,24020.95,24019.7,125,24021,450,150,12556125
NIFTY-I.NFO,06/01/2025,09:46:46,24018,24018,25,24019.95,50,575,12556125
NIFTY-I.NFO,06/01/2025,09:46:47,24020,24019.05,25,24020,50,750,12556125
NIFTY-I.NFO,06/01/2025,09:46:49,24015.1,24015.1,25,24018.8,500,1625,12556125
NIFTY-I.NFO,06/01/2025,09:46:51,24014.5,24014.95,25,24018.8,450,400,12556125
NIFTY-I.NFO,06/01/2025,09:46:52,24015.95,24015.95,25,24019.95,50,1375,12556125
NIFTY-I.NFO,06/01/2025,09:46:54,24019.95,24015.3,75,24020,125,1200,12556125
NIFTY-I.NFO,06/01/2025,09:46:56,24013.5,24013,150,24014.9,475,300,12556125
NIFTY-I.NFO,06/01/2025,09:46:57,24013,24013,100,24014.9,200,325,12556125
NIFTY-I.NFO,06/01/2025,09:46:59,24016.25,24015.9,175,24016.35,150,750,12556125
NIFTY-I.NFO,06/01/2025,09:47:01,24016.3,24015.9,75,24016.3,25,125,12556125
NIFTY-I.NFO,06/01/2025,09:47:02,24015.9,24015.95,50,24016.35,125,1250,12556125
NIFTY-I.NFO,06/01/2025,09:47:04,24014.7,24014.6,125,24020,250,475,12556125
NIFTY-I.NFO,06/01/2025,09:47:06,24013.9,24013.9,300,24015.9,300,225,12556125
NIFTY-I.NFO,06/01/2025,09:47:07,24015.1,24015.1,50,24020,100,2400,12556125
NIFTY-I.NFO,06/01/2025,09:47:09,24018.8,24013.8,125,24019.75,250,550,12556125
NIFTY-I.NFO,06/01/2025,09:47:11,24014,24013.75,300,24018.9,150,50,12556125
NIFTY-I.NFO,06/01/2025,09:47:12,24013.55,24014,50,24020.45,50,650,12556125
NIFTY-I.NFO,06/01/2025,09:47:14,24018.75,24015,50,24018.75,575,125,12556125
NIFTY-I.NFO,06/01/2025,09:47:16,24015.55,24016.1,75,24018,25,900,12556125
NIFTY-I.NFO,06/01/2025,09:47:17,24018.75,24015.8,150,24018.75,50,750,12556125
NIFTY-I.NFO,06/01/2025,09:47:19,24018.6,24016.6,250,24020.7,50,350,12556125
NIFTY-I.NFO,06/01/2025,09:47:21,24018.65,24015,500,24018.75,325,425,12556125
NIFTY-I.NFO,06/01/2025,09:47:22,24015,24015,425,24018.75,75,825,12556125
NIFTY-I.NFO,06/01/2025,09:47:24,24017.15,24016.85,50,24017.95,50,100,12556125
NIFTY-I.NFO,06/01/2025,09:47:26,24019.55,24019.5,75,24020.7,50,775,12556125
NIFTY-I.NFO,06/01/2025,09:47:27,24020.9,24020.9,100,24026.85,125,1025,12556125
NIFTY-I.NFO,06/01/2025,09:47:29,24020.95,24021.65,75,24026.8,50,675,12556125
NIFTY-I.NFO,06/01/2025,09:47:31,24026.8,24023.05,50,24026.8,425,800,12556125
NIFTY-I.NFO,06/01/2025,09:47:32,24023.05,24022.45,25,24024.4,25,675,12556125
NIFTY-I.NFO,06/01/2025,09:47:34,24023.05,24023.05,125,24026.75,300,125,12556125
NIFTY-I.NFO,06/01/2025,09:47:36,24026.75,24025.75,25,24026.75,275,175,12556125
NIFTY-I.NFO,06/01/2025,09:47:37,24026.75,24020.9,525,24025.7,50,775,12556125
NIFTY-I.NFO,06/01/2025,09:47:39,24025.7,24021.45,200,24025.7,25,125,12556125
NIFTY-I.NFO,06/01/2025,09:47:41,24021.5,24021.5,100,24025.55,300,225,12556125
NIFTY-I.NFO,06/01/2025,09:47:42,24023,24023.05,25,24023.15,25,325,12556125
NIFTY-I.NFO,06/01/2025,09:47:44,24023.05,24023.05,100,24024.4,100,1225,12556125
NIFTY-I.NFO,06/01/2025,09:47:46,24016.9,24017.2,150,24023,25,250,12556125
NIFTY-I.NFO,06/01/2025,09:47:47,24017.25,24017.25,350,24022.45,50,300,12556125
NIFTY-I.NFO,06/01/2025,09:47:49,24017.65,24017.65,50,24023,25,1725,12556125
NIFTY-I.NFO,06/01/2025,09:47:51,24022.4,24017.65,150,24022.4,50,100,12556125
NIFTY-I.NFO,06/01/2025,09:47:52,24017.65,24017.65,100,24023.55,50,600,12556125
NIFTY-I.NFO,06/01/2025,09:47:54,24023.2,24017.65,100,24020,75,50,12556125
NIFTY-I.NFO,06/01/2025,09:47:56,24016,24016.6,75,24020,75,175,12556125
NIFTY-I.NFO,06/01/2025,09:47:57,24017.4,24017.4,200,24023,275,225,12556125
NIFTY-I.NFO,06/01/2025,09:47:59,24020,24020,25,24024.45,125,550,12556125
NIFTY-I.NFO,06/01/2025,09:48:01,24022.4,24022.5,50,24024.95,75,175,12556125
NIFTY-I.NFO,06/01/2025,09:48:02,24024.45,24022.5,25,24024.95,175,125,12556125
NIFTY-I.NFO,06/01/2025,09:48:04,24023.8,24023.55,500,24024.85,50,325,12556125
NIFTY-I.NFO,06/01/2025,09:48:06,24025.3,24025.05,200,24028.95,50,1450,12556125
NIFTY-I.NFO,06/01/2025,09:48:07,24028,24028,25,24029.95,150,700,12556125
NIFTY-I.NFO,06/01/2025,09:48:09,24028.95,24025.7,75,24028.95,100,550,12556125
NIFTY-I.NFO,06/01/2025,09:48:11,24028.95,24028,50,24028.95,25,300,12556125
NIFTY-I.NFO,06/01/2025,09:48:12,24028,24026,50,24028,175,250,12556125
NIFTY-I.NFO,06/01/2025,09:48:14,24025.3,24025,1025,24025.3,100,275,12556125
NIFTY-I.NFO,06/01/2025,09:48:16,24030,24025,300,24031.25,275,1075,12556125
NIFTY-I.NFO,06/01/2025,09:48:17,24031.7,24026.5,50,24030.8,200,375,12556125
NIFTY-I.NFO,06/01/2025,09:48:19,24026.5,24026.45,150,24026.5,50,400,12556125
NIFTY-I.NFO,06/01/2025,09:48:21,24025,24025,1275,24027.95,50,175,12556125
NIFTY-I.NFO,06/01/2025,09:48:22,24026.75,24027.25,75,24027.95,25,200,12556125
NIFTY-I.NFO,06/01/2025,09:48:24,24031.05,24028.95,350,24031.05,25,925,12556125
NIFTY-I.NFO,06/01/2025,09:48:26,24031,24031.2,25,24031.75,75,1450,12556125
NIFTY-I.NFO,06/01/2025,09:48:27,24035.15,24037.45,500,24037.95,50,1300,12556125
NIFTY-I.NFO,06/01/2025,09:48:29,24034.5,24034.6,50,24040.3,150,1525,12556125
NIFTY-I.NFO,06/01/2025,09:48:31,24035.15,24034.95,25,24037.45,25,350,12556125
NIFTY-I.NFO,06/01/2025,09:48:32,24040,24035.55,150,24040.25,475,800,12556125
NIFTY-I.NFO,06/01/2025,09:48:34,24041.75,24041.75,25,24045.4,25,825,12556125
NIFTY-I.NFO,06/01/2025,09:48:36,24046.9,24042.4,200,24046.9,25,2400,12556125
NIFTY-I.NFO,06/01/2025,09:48:38,24045.85,24041.1,50,24045.85,25,450,12564750
NIFTY-I.NFO,06/01/2025,09:48:39,24050,24048.65,750,24050,2450,1500,12564750
NIFTY-I.NFO,06/01/2025,09:48:41,24053,24051.4,700,24053,75,2825,12564750
NIFTY-I.NFO,06/01/2025,09:48:43,24054.95,24051.5,25,24055,425,850,12564750
NIFTY-I.NFO,06/01/2025,09:48:44,24049.45,24046.65,50,24049.45,125,1650,12564750
NIFTY-I.NFO,06/01/2025,09:48:46,24046.65,24044.15,75,24046.65,150,1025,12564750
NIFTY-I.NFO,06/01/2025,09:48:48,24047,24041.4,25,24046.65,25,425,12564750
NIFTY-I.NFO,06/01/2025,09:48:49,24040,24040,900,24044,25,625,12564750
NIFTY-I.NFO,06/01/2025,09:48:51,24040.35,24040,400,24045.8,25,850,12564750
NIFTY-I.NFO,06/01/2025,09:48:53,24040.1,24040.2,50,24043.95,50,200,12564750
NIFTY-I.NFO,06/01/2025,09:48:54,24040.4,24040.2,50,24044.75,25,250,12564750
NIFTY-I.NFO,06/01/2025,09:48:56,24046.65,24044.75,50,24046.65,150,450,12564750
NIFTY-I.NFO,06/01/2025,09:48:58,24046.6,24043.45,200,24046.6,25,300,12564750
NIFTY-I.NFO,06/01/2025,09:48:59,24044.95,24045.05,50,24046.65,25,175,12564750
NIFTY-I.NFO,06/01/2025,09:49:01,24049.45,24048.6,200,24049.45,175,750,12564750
NIFTY-I.NFO,06/01/2025,09:49:03,24049.4,24047.9,175,24048,150,125,12564750
NIFTY-I.NFO,06/01/2025,09:49:04,24049.45,24049.4,4775,24049.45,600,2975,12564750
NIFTY-I.NFO,06/01/2025,09:49:06,24049.4,24049.4,3125,24049.45,325,2725,12564750
NIFTY-I.NFO,06/01/2025,09:49:08,24049.45,24049.4,2425,24049.45,475,1100,12564750
NIFTY-I.NFO,06/01/2025,09:49:09,24048.55,24043.85,50,24048.5,250,2925,12564750
NIFTY-I.NFO,06/01/2025,09:49:11,24043.9,24043.7,50,24047.9,25,250,12564750
NIFTY-I.NFO,06/01/2025,09:49:13,24049.05,24047.1,75,24049.05,25,525,12564750
NIFTY-I.NFO,06/01/2025,09:49:14,24049.35,24047.1,25,24049.35,125,675,12564750
NIFTY-I.NFO,06/01/2025,09:49:16,24046.45,24048.5,150,24048.95,150,325,12564750
NIFTY-I.NFO,06/01/2025,09:49:18,24048.95,24046.65,300,24048,100,175,12564750
NIFTY-I.NFO,06/01/2025,09:49:19,24049.4,24048.3,75,24049.35,50,550,12564750
NIFTY-I.NFO,06/01/2025,09:49:21,24054.45,24054.85,75,24054.95,50,2925,12564750
NIFTY-I.NFO,06/01/2025,09:49:23,24052.95,24054.25,50,24054.9,50,825,12564750
NIFTY-I.NFO,06/01/2025,09:49:24,24054.95,24054.95,7250,24058.65,50,875,12564750
NIFTY-I.NFO,06/01/2025,09:49:26,24058.75,24058.75,75,24059.95,25,925,12564750
NIFTY-I.NFO,06/01/2025,09:49:28,24064.45,24062.55,75,24064.45,875,2100,12564750
NIFTY-I.NFO,06/01/2025,09:49:29,24064.5,24064.7,25,24065,200,1625,12564750
NIFTY-I.NFO,06/01/2025,09:49:31,24061.5,24061.4,175,24063.85,25,2450,12564750
NIFTY-I.NFO,06/01/2025,09:49:33,24059.15,24054.95,7150,24058.3,25,675,12564750
NIFTY-I.NFO,06/01/2025,09:49:34,24054.95,24054.95,7025,24058.2,25,950,12564750
NIFTY-I.NFO,06/01/2025,09:49:36,24058.75,24058.75,1500,24059.9,50,4800,12564750
NIFTY-I.NFO,06/01/2025,09:49:38,24054.95,24054.95,6750,24056.55,375,2025,12564750
NIFTY-I.NFO,06/01/2025,09:49:39,24055.8,24050,225,24055.8,375,8100,12564750
NIFTY-I.NFO,06/01/2025,09:49:41,24050,24050,175,24056.5,100,1150,12564750
NIFTY-I.NFO,06/01/2025,09:49:43,24050.1,24050,75,24054.8,350,125,12564750
NIFTY-I.NFO,06/01/2025,09:49:44,24054,24050,75,24055.4,400,525,12564750
NIFTY-I.NFO,06/01/2025,09:49:46,24058.95,24052.6,50,24054,25,1650,12564750
NIFTY-I.NFO,06/01/2025,09:49:48,24054.15,24055.4,175,24058.95,50,150,12564750
NIFTY-I.NFO,06/01/2025,09:49:49,24055.4,24055.4,100,24058.95,25,225,12564750
NIFTY-I.NFO,06/01/2025,09:49:51,24055.8,24054.5,100,24055.8,225,500,12564750
NIFTY-I.NFO,06/01/2025,09:49:53,24054.95,24054,400,24055.8,175,500,12564750
NIFTY-I.NFO,06/01/2025,09:49:54,24059.6,24055.7,25,24059.6,25,250,12564750
NIFTY-I.NFO,06/01/2025,09:49:56,24055.6,24054,525,24059.5,125,100,12564750
NIFTY-I.NFO,06/01/2025,09:49:58,24055.2,24055.2,25,24059,150,175,12564750
NIFTY-I.NFO,06/01/2025,09:49:59,24054.55,24054.95,25,24060,50,675,12564750
NIFTY-I.NFO,06/01/2025,09:50:01,24058.35,24057.6,50,24059.95,50,125,12564750
NIFTY-I.NFO,06/01/2025,09:50:03,24064,24060,25,24064,75,275,12564750
NIFTY-I.NFO,06/01/2025,09:50:04,24060,24059.95,25,24063.95,50,175,12564750
NIFTY-I.NFO,06/01/2025,09:50:06,24064,24057.6,25,24063.95,300,5400,12564750
NIFTY-I.NFO,06/01/2025,09:50:08,24060,24056.4,50,24061.6,450,275,12564750
NIFTY-I.NFO,06/01/2025,09:50:09,24061.1,24056.55,50,24063,250,175,12564750
NIFTY-I.NFO,06/01/2025,09:50:11,24056.4,24055.3,100,24056.4,100,275,12564750
NIFTY-I.NFO,06/01/2025,09:50:13,24059.9,24055.45,1000,24059.9,25,275,12564750
NIFTY-I.NFO,06/01/2025,09:50:14,24060.15,24060,25,24061.95,125,400,12564750
NIFTY-I.NFO,06/01/2025,09:50:16,24059.25,24055.35,25,24058.75,100,300,12564750
NIFTY-I.NFO,06/01/2025,09:50:18,24057,24055.35,25,24058.5,75,575,12564750
NIFTY-I.NFO,06/01/2025,09:50:19,24055,24055,50,24056.75,25,1950,12564750
NIFTY-I.NFO,06/01/2025,09:50:21,24054,24050.05,25,24052.8,175,1050,12564750
NIFTY-I.NFO,06/01/2025,09:50:23,24050,24050,175,24053.6,300,950,12564750
NIFTY-I.NFO,06/01/2025,09:50:24,24052.85,24049.4,25,24052.85,100,525,12564750
NIFTY-I.NFO,06/01/2025,09:50:26,24048.35,24046,75,24048.35,250,500,12564750
NIFTY-I.NFO,06/01/2025,09:50:28,24049,24046.05,50,24048.95,50,25,12564750
NIFTY-I.NFO,06/01/2025,09:50:29,24045.8,24045,50,24048.35,75,150,12564750
NIFTY-I.NFO,06/01/2025,09:50:31,24048.35,24046.75,200,24048.35,25,75,12564750
NIFTY-I.NFO,06/01/2025,09:50:33,24049.4,24049.4,75,24052.8,50,950,12564750
NIFTY-I.NFO,06/01/2025,09:50:34,24049.5,24049.45,25,24055.2,75,350,12564750
NIFTY-I.NFO,06/01/2025,09:50:36,24052.7,24052.65,50,24058,50,650,12564750
NIFTY-I.NFO,06/01/2025,09:50:38,24051.9,24053.35,25,24057.35,50,150,12564750
NIFTY-I.NFO,06/01/2025,09:50:39,24052.65,24054.75,125,24057.95,50,50,12564750
NIFTY-I.NFO,06/01/2025,09:50:41,24053.6,24054.2,75,24059.95,100,250,12564750
NIFTY-I.NFO,06/01/2025,09:50:43,24055.6,24057.35,50,24059.9,50,125,12564750
NIFTY-I.NFO,06/01/2025,09:50:44,24059.05,24059,25,24059.95,100,100,12564750
NIFTY-I.NFO,06/01/2025,09:50:46,24061.4,24061.4,100,24063.8,50,800,12564750
NIFTY-I.NFO,06/01/2025,09:50:48,24063.05,24057,25,24062.75,25,350,12564750
NIFTY-I.NFO,06/01/2025,09:50:49,24063.8,24059.55,25,24063.8,25,25,12564750
NIFTY-I.NFO,06/01/2025,09:50:51,24061.4,24060.2,25,24064.7,25,450,12564750
NIFTY-I.NFO,06/01/2025,09:50:53,24059.9,24060.2,50,24064.1,25,1050,12564750
NIFTY-I.NFO,06/01/2025,09:50:54,24060.65,24060,25,24062.85,200,125,12564750
NIFTY-I.NFO,06/01/2025,09:50:56,24060,24057.9,25,24060,50,175,12564750
NIFTY-I.NFO,06/01/2025,09:50:58,24059.75,24058,25,24059.75,150,1000,12564750
