Ticker,Date,Time,LTP,BuyPrice,BuyQty,SellPrice,SellQty,LTQ,OpenInterest
BANKNIFTY-III.NFO,06/06/2024,09:15:01,49700,49792.4,60,49870.45,45,45,54735
BANKNIFTY-III.NFO,06/06/2024,09:15:01,49700,49792.4,60,49870.45,45,0,54735
BANKNIFTY-III.NFO,06/06/2024,09:15:01,49899.95,49792.4,60,49870.45,45,0,54735
BANKNIFTY-III.NFO,06/06/2024,09:15:01,49700,49792.4,60,49870.45,45,0,54735
BANKNIFTY-III.NFO,06/06/2024,09:15:02,49899.95,49807.5,60,49862.25,45,0,54735
BANKNIFTY-III.NFO,06/06/2024,09:15:04,49763.55,49732.5,60,49784.8,30,270,54735
BANKNIFTY-III.NFO,06/06/2024,09:15:05,49763.55,49747.6,60,49799.35,30,0,54735
BANKNIFTY-III.NFO,06/06/2024,09:15:07,49763.55,49808.15,60,49878.2,30,0,54735
BANKNIFTY-III.NFO,06/06/2024,09:15:08,49763.55,49763.6,60,49796.85,15,0,54735
BANKNIFTY-III.NFO,06/06/2024,09:15:10,49763.55,49754.6,15,49806.35,60,210,54735
BANKNIFTY-III.NFO,06/06/2024,09:15:12,49763.55,49732.5,15,49763.5,60,0,54735
BANKNIFTY-III.NFO,06/06/2024,09:15:13,49763.55,49732.95,660,49803.7,60,15,54735
BANKNIFTY-III.NFO,06/06/2024,09:15:15,49765,49740.25,30,49802.9,60,60,54735
BANKNIFTY-III.NFO,06/06/2024,09:15:16,49744,49744.05,315,49801.25,60,210,54735
BANKNIFTY-III.NFO,06/06/2024,09:15:18,49744,49749.9,15,49802.8,60,0,54735
BANKNIFTY-III.NFO,06/06/2024,09:15:19,49750,49764.5,15,49813.6,60,30,54735
BANKNIFTY-III.NFO,06/06/2024,09:15:21,49765,49787.4,15,49819.2,60,75,54735
BANKNIFTY-III.NFO,06/06/2024,09:15:22,49765,49800,180,49819,60,0,54735
BANKNIFTY-III.NFO,06/06/2024,09:15:24,49800,49800,165,49850.65,60,15,54735
BANKNIFTY-III.NFO,06/06/2024,09:15:26,49800,49819.3,15,49864.35,60,0,54735
BANKNIFTY-III.NFO,06/06/2024,09:15:27,49800,49836.75,15,49877.85,60,0,54735
BANKNIFTY-III.NFO,06/06/2024,09:15:29,49800,49860.4,150,49878,15,0,54735
BANKNIFTY-III.NFO,06/06/2024,09:15:30,49888,49880.95,15,49899,15,315,54525
BANKNIFTY-III.NFO,06/06/2024,09:15:32,49893.45,49893.45,660,49940,15,90,54525
BANKNIFTY-III.NFO,06/06/2024,09:15:32,49908.65,49893.45,660,49940,15,0,54525
BANKNIFTY-III.NFO,06/06/2024,09:15:34,49950,49941.05,15,49969.95,60,30,54525
BANKNIFTY-III.NFO,06/06/2024,09:15:34,49950,49941.05,15,49969.95,60,0,54525
BANKNIFTY-III.NFO,06/06/2024,09:15:35,49950,49949.4,15,49969.95,60,0,54525
BANKNIFTY-III.NFO,06/06/2024,09:15:37,49980.35,49961.95,60,49985.55,15,195,54525
BANKNIFTY-III.NFO,06/06/2024,09:15:37,49980.35,49961.95,60,49985.55,15,0,54525
BANKNIFTY-III.NFO,06/06/2024,09:15:38,49972.55,49989.2,30,49999.95,30,30,54525
BANKNIFTY-III.NFO,06/06/2024,09:15:40,50005.5,50011.85,60,50037.15,15,105,54525
BANKNIFTY-III.NFO,06/06/2024,09:15:40,50005.5,50011.85,60,50037.15,15,0,54525
BANKNIFTY-III.NFO,06/06/2024,09:15:42,50019.3,50015.15,60,50049.95,30,15,54525
BANKNIFTY-III.NFO,06/06/2024,09:15:42,50019.3,50015.15,60,50049.95,30,0,54525
BANKNIFTY-III.NFO,06/06/2024,09:15:43,50019.3,50017.7,60,50049.95,30,0,54525
BANKNIFTY-III.NFO,06/06/2024,09:15:45,50015.45,50040.05,60,50049.95,60,30,54525
BANKNIFTY-III.NFO,06/06/2024,09:15:46,50040,50040,30,50048.65,60,210,54525
BANKNIFTY-III.NFO,06/06/2024,09:15:46,50049.9,50040,30,50048.65,60,0,54525
BANKNIFTY-III.NFO,06/06/2024,09:15:48,50040,50007.1,15,50048.65,60,30,54525
BANKNIFTY-III.NFO,06/06/2024,09:15:50,50040.05,49992.7,15,50042.6,60,15,54525
BANKNIFTY-III.NFO,06/06/2024,09:15:51,50040.05,49981.45,30,50036.25,60,0,54525
BANKNIFTY-III.NFO,06/06/2024,09:15:53,50040.05,50000,15,50039.95,60,0,54525
BANKNIFTY-III.NFO,06/06/2024,09:15:55,50039.95,50000.25,15,50039.95,60,15,54525
BANKNIFTY-III.NFO,06/06/2024,09:15:56,50039.95,50000,15,50039.15,60,0,54525
BANKNIFTY-III.NFO,06/06/2024,09:15:58,50039.95,50000,15,50018,60,0,54525
BANKNIFTY-III.NFO,06/06/2024,09:15:59,50039.95,50000.05,30,50018.2,60,0,54525
BANKNIFTY-III.NFO,06/06/2024,09:16:01,50020,50020,30,50033.35,45,135,54525
BANKNIFTY-III.NFO,06/06/2024,09:16:03,50020,50020.05,60,50039.9,45,0,54525
BANKNIFTY-III.NFO,06/06/2024,09:16:04,50040.05,50040,75,50050,90,150,54525
BANKNIFTY-III.NFO,06/06/2024,09:16:06,50040,50040.1,45,50050,105,45,54525
BANKNIFTY-III.NFO,06/06/2024,09:16:07,50048.9,50040,15,50050,90,60,54525
BANKNIFTY-III.NFO,06/06/2024,09:16:07,50050,50040,15,50050,90,0,54525
BANKNIFTY-III.NFO,06/06/2024,09:16:09,50047.65,50044.1,30,50050,75,255,54525
BANKNIFTY-III.NFO,06/06/2024,09:16:11,50051.15,50056.4,15,50083.95,60,90,54525
BANKNIFTY-III.NFO,06/06/2024,09:16:11,50051.15,50056.4,15,50083.95,60,0,54525
BANKNIFTY-III.NFO,06/06/2024,09:16:12,50051.15,50046.75,15,50075.05,60,0,54525
BANKNIFTY-III.NFO,06/06/2024,09:16:14,50045.75,50044.15,15,50075.05,75,45,54525
BANKNIFTY-III.NFO,06/06/2024,09:16:16,50045.75,50044.1,15,50075.05,75,0,54525
BANKNIFTY-III.NFO,06/06/2024,09:16:17,50045.75,50050,30,50075,60,0,54525
BANKNIFTY-III.NFO,06/06/2024,09:16:19,50050,50039.95,15,50051,30,15,54525
BANKNIFTY-III.NFO,06/06/2024,09:16:20,50051,50051.6,15,50075.05,60,15,54525
BANKNIFTY-III.NFO,06/06/2024,09:16:24,50075.05,50047,15,50075,60,15,54525
BANKNIFTY-III.NFO,06/06/2024,09:16:24,50075.05,50047,15,50075,60,0,54525
BANKNIFTY-III.NFO,06/06/2024,09:16:25,50075.05,50051.75,15,50070,30,0,54525
BANKNIFTY-III.NFO,06/06/2024,09:16:27,50075.05,50054.35,15,50070,45,0,54525
BANKNIFTY-III.NFO,06/06/2024,09:16:29,50075.05,50047,15,50070,30,0,54525
BANKNIFTY-III.NFO,06/06/2024,09:16:30,50061.6,50061.6,15,50070,30,15,54525
BANKNIFTY-III.NFO,06/06/2024,09:16:32,50061.6,50059.4,15,50070,30,0,54525
BANKNIFTY-III.NFO,06/06/2024,09:16:33,50070,50059.45,15,50075,15,30,54525
BANKNIFTY-III.NFO,06/06/2024,09:16:35,50070,50050.25,15,50074.9,60,0,54525
BANKNIFTY-III.NFO,06/06/2024,09:16:37,50070,50070,15,50075,15,15,54525
BANKNIFTY-III.NFO,06/06/2024,09:16:38,50070,50047,15,50074.95,60,15,54525
BANKNIFTY-III.NFO,06/06/2024,09:16:40,50070,50043.85,15,50074.85,60,15,54525
BANKNIFTY-III.NFO,06/06/2024,09:16:41,50070,50042.45,15,50074.65,60,0,54525
BANKNIFTY-III.NFO,06/06/2024,09:16:43,50070,50044.2,15,50074.7,15,15,54525
BANKNIFTY-III.NFO,06/06/2024,09:16:45,50070,50052.35,15,50070,30,0,54525
BANKNIFTY-III.NFO,06/06/2024,09:16:46,50070,50057.4,15,50075,15,15,54525
BANKNIFTY-III.NFO,06/06/2024,09:16:48,50070,50056.1,15,50075,90,0,54525
BANKNIFTY-III.NFO,06/06/2024,09:16:50,50070,50055.35,30,50070,30,0,54525
BANKNIFTY-III.NFO,06/06/2024,09:16:51,50070,50061.95,15,50070,15,0,54525
BANKNIFTY-III.NFO,06/06/2024,09:16:53,50060.9,50055.9,15,50070,15,45,54525
BANKNIFTY-III.NFO,06/06/2024,09:16:54,50060.9,50053.05,15,50070,30,0,54525
BANKNIFTY-III.NFO,06/06/2024,09:16:56,50070,50065.4,15,50075,90,15,54525
BANKNIFTY-III.NFO,06/06/2024,09:16:58,50075.05,50070.8,15,50075.1,15,420,54525
BANKNIFTY-III.NFO,06/06/2024,09:16:59,50075.1,50069.45,15,50084.95,60,15,54525
BANKNIFTY-III.NFO,06/06/2024,09:16:59,50075.1,50069.45,15,50084.95,60,0,54525
BANKNIFTY-III.NFO,06/06/2024,09:17:01,50075.1,50073.15,15,50084.95,60,0,54525
BANKNIFTY-III.NFO,06/06/2024,09:17:02,50085,50077.45,225,50098.95,75,45,54525
BANKNIFTY-III.NFO,06/06/2024,09:17:02,50085,50077.45,225,50098.95,75,0,54525
BANKNIFTY-III.NFO,06/06/2024,09:17:04,50085,50070.6,15,50080,15,0,54525
BANKNIFTY-III.NFO,06/06/2024,09:17:06,50088.8,50052,60,50091.95,60,135,54525
BANKNIFTY-III.NFO,06/06/2024,09:17:06,50088.8,50052,60,50091.95,60,0,54525
BANKNIFTY-III.NFO,06/06/2024,09:17:07,50088.8,50040,60,50090.9,60,0,54525
BANKNIFTY-III.NFO,06/06/2024,09:17:09,50088.8,50040,60,50080.1,60,0,54525
BANKNIFTY-III.NFO,06/06/2024,09:17:10,50039.95,50007.1,60,50067.95,60,15,54525
BANKNIFTY-III.NFO,06/06/2024,09:17:12,50000.05,50000.05,45,50044.35,60,15,54525
BANKNIFTY-III.NFO,06/06/2024,09:17:14,50000.05,50000.25,45,50046.85,60,0,54525
BANKNIFTY-III.NFO,06/06/2024,09:17:15,50000.05,50018.45,45,50075.15,60,0,54525
BANKNIFTY-III.NFO,06/06/2024,09:17:17,50018.5,50013.45,585,50078.6,60,195,54525
BANKNIFTY-III.NFO,06/06/2024,09:17:18,50078.5,50024.15,15,50078.4,60,15,54525
BANKNIFTY-III.NFO,06/06/2024,09:17:20,50078.5,50030.45,15,50085.4,60,0,54525
BANKNIFTY-III.NFO,06/06/2024,09:17:22,50078.5,50033.9,15,50085.8,60,0,54525
BANKNIFTY-III.NFO,06/06/2024,09:17:23,50040.4,50040.35,15,50085.8,60,15,54525
BANKNIFTY-III.NFO,06/06/2024,09:17:25,50040.4,50043.45,15,50085.8,60,0,54525
BANKNIFTY-III.NFO,06/06/2024,09:17:27,50043.6,50043.65,240,50077.95,60,15,54525
BANKNIFTY-III.NFO,06/06/2024,09:17:28,50043.6,50043,15,50077.95,60,0,54525
BANKNIFTY-III.NFO,06/06/2024,09:17:30,50043.6,50048.85,15,50078,15,0,54525
BANKNIFTY-III.NFO,06/06/2024,09:17:31,50043.6,50059.55,15,50078,30,0,54525
BANKNIFTY-III.NFO,06/06/2024,09:17:33,50043.6,50048.3,30,50077.95,60,0,54525
BANKNIFTY-III.NFO,06/06/2024,09:17:35,50052.3,50060.6,15,50080,30,15,54525
BANKNIFTY-III.NFO,06/06/2024,09:17:36,50063.75,50063.75,15,50080,30,15,54525
BANKNIFTY-III.NFO,06/06/2024,09:17:38,50057.5,50051.15,615,50079.95,60,15,54525
BANKNIFTY-III.NFO,06/06/2024,09:17:39,50057.5,50051.3,15,50079.95,60,0,54525
BANKNIFTY-III.NFO,06/06/2024,09:17:41,50057.5,50051.5,15,50079.95,60,0,54525
BANKNIFTY-III.NFO,06/06/2024,09:17:43,50079.95,50051.8,15,50079.95,60,15,54525
BANKNIFTY-III.NFO,06/06/2024,09:17:44,50079.95,50046,15,50079.95,60,0,54525
BANKNIFTY-III.NFO,06/06/2024,09:17:46,50079.95,50044.35,15,50079.95,60,0,54525
BANKNIFTY-III.NFO,06/06/2024,09:17:48,50079.95,50040.15,15,50079.95,60,0,54525
BANKNIFTY-III.NFO,06/06/2024,09:17:49,50079.95,50053.55,15,50079.95,60,0,54525
BANKNIFTY-III.NFO,06/06/2024,09:17:51,50053.75,50045.4,600,50079.95,60,15,54525
BANKNIFTY-III.NFO,06/06/2024,09:17:52,50053.75,50050.9,75,50079.95,60,0,54525
BANKNIFTY-III.NFO,06/06/2024,09:17:54,50043.95,50040,15,50079.95,60,765,54525
BANKNIFTY-III.NFO,06/06/2024,09:17:56,50079.95,50033.65,60,50079.95,60,210,54525
BANKNIFTY-III.NFO,06/06/2024,09:17:57,50079.95,50033.95,60,50079.95,60,0,54525
BANKNIFTY-III.NFO,06/06/2024,09:17:59,50055,50043.15,30,50079.95,75,60,54525
BANKNIFTY-III.NFO,06/06/2024,09:18:01,50055,50049.75,30,50079.95,75,0,54525
BANKNIFTY-III.NFO,06/06/2024,09:18:02,50055,50049.95,30,50074.95,75,0,54525
BANKNIFTY-III.NFO,06/06/2024,09:18:04,50055,50056.55,30,50074.95,15,0,54525
BANKNIFTY-III.NFO,06/06/2024,09:18:05,50055,50057.15,30,50074.95,15,0,54525
BANKNIFTY-III.NFO,06/06/2024,09:18:07,50055,50047.05,30,50074.9,60,0,54525
BANKNIFTY-III.NFO,06/06/2024,09:18:09,50055,50050.15,30,50074.9,60,0,54525
BANKNIFTY-III.NFO,06/06/2024,09:18:11,50055,50043.65,30,50074.9,60,0,54525
BANKNIFTY-III.NFO,06/06/2024,09:18:13,50043.9,50043.9,75,50055,30,105,54525
BANKNIFTY-III.NFO,06/06/2024,09:18:15,50043.95,50044,75,50055,30,195,54525
BANKNIFTY-III.NFO,06/06/2024,09:18:16,50044.05,50043.05,75,50055,30,90,54525
BANKNIFTY-III.NFO,06/06/2024,09:18:18,50043,50030.1,255,50054.95,60,30,54525
BANKNIFTY-III.NFO,06/06/2024,09:18:20,50043,50030.1,255,50055,45,0,54525
BANKNIFTY-III.NFO,06/06/2024,09:18:21,50030.15,50043.9,30,50054.95,60,45,54525
BANKNIFTY-III.NFO,06/06/2024,09:18:23,50043.9,50019.65,120,50054.95,60,30,54525
BANKNIFTY-III.NFO,06/06/2024,09:18:25,50019.75,50025.15,15,50054.95,60,15,54825
BANKNIFTY-III.NFO,06/06/2024,09:18:26,50019.9,50019.9,75,50042.95,60,15,54825
BANKNIFTY-III.NFO,06/06/2024,09:18:28,50020,50011.5,15,50042.95,60,60,54825
BANKNIFTY-III.NFO,06/06/2024,09:18:30,50020,50022.55,15,50043,30,0,54825
BANKNIFTY-III.NFO,06/06/2024,09:18:32,50020,50013.3,45,50042.95,60,0,54825
BANKNIFTY-III.NFO,06/06/2024,09:18:33,50020,50011,15,50039.95,60,0,54825
BANKNIFTY-III.NFO,06/06/2024,09:18:37,50000,50000,45,50035.9,60,60,54825
BANKNIFTY-III.NFO,06/06/2024,09:18:38,50020,50020,15,50035.9,60,15,54825
BANKNIFTY-III.NFO,06/06/2024,09:18:40,50020,50020,15,50035.9,60,0,54825
BANKNIFTY-III.NFO,06/06/2024,09:18:42,50020,50001.75,30,50035.9,60,45,54825
BANKNIFTY-III.NFO,06/06/2024,09:18:43,50020,50001.85,30,50035.9,60,0,54825
BANKNIFTY-III.NFO,06/06/2024,09:18:45,50020,50001.95,30,50035.9,60,0,54825
BANKNIFTY-III.NFO,06/06/2024,09:18:47,50020,50000.15,30,50035.9,60,0,54825
BANKNIFTY-III.NFO,06/06/2024,09:18:48,50000.25,50007.8,15,50035.9,60,15,54825
BANKNIFTY-III.NFO,06/06/2024,09:18:50,50000.25,50022.7,15,50039.95,75,0,54825
BANKNIFTY-III.NFO,06/06/2024,09:18:52,50000.25,50024.35,15,50039.95,75,0,54825
BANKNIFTY-III.NFO,06/06/2024,09:18:53,50024.35,50008,30,50039.95,75,15,54825
BANKNIFTY-III.NFO,06/06/2024,09:18:55,50024.35,50008.25,15,50039.95,75,0,54825
BANKNIFTY-III.NFO,06/06/2024,09:18:57,50024.35,50024.9,15,50039.95,75,0,54825
BANKNIFTY-III.NFO,06/06/2024,09:19:02,50020,50011.55,60,50024.8,15,135,54825
BANKNIFTY-III.NFO,06/06/2024,09:19:03,50026.35,50011.95,60,50039.9,60,30,54825
BANKNIFTY-III.NFO,06/06/2024,09:19:05,50019.6,50023.6,30,50040,30,30,54825
BANKNIFTY-III.NFO,06/06/2024,09:19:07,50040,50027.55,30,50043,30,15,54825
BANKNIFTY-III.NFO,06/06/2024,09:19:08,50044,50026.8,30,50046.8,15,30,54825
BANKNIFTY-III.NFO,06/06/2024,09:19:10,50044,50036.05,45,50049.75,30,0,54825
BANKNIFTY-III.NFO,06/06/2024,09:19:11,50044,50030.7,45,50049.7,60,0,54825
BANKNIFTY-III.NFO,06/06/2024,09:19:13,50044,50030.8,30,50049.7,60,0,54825
BANKNIFTY-III.NFO,06/06/2024,09:19:15,50044,50035.25,30,50049.7,60,0,54825
BANKNIFTY-III.NFO,06/06/2024,09:19:16,50044,50033.8,45,50049.7,60,0,54825
BANKNIFTY-III.NFO,06/06/2024,09:19:18,50044,50034.4,45,50049.75,30,0,54825
BANKNIFTY-III.NFO,06/06/2024,09:19:20,50044,50030.35,30,50049.7,60,0,54825
BANKNIFTY-III.NFO,06/06/2024,09:19:21,50044,50032,30,50049.7,75,0,54825
BANKNIFTY-III.NFO,06/06/2024,09:19:23,50044,50028.1,45,50049.7,75,0,54825
BANKNIFTY-III.NFO,06/06/2024,09:19:25,50044,50025.05,45,50049.7,75,0,54825
BANKNIFTY-III.NFO,06/06/2024,09:19:26,50044,50045,225,50049.7,75,0,54825
BANKNIFTY-III.NFO,06/06/2024,09:19:33,50045,50017.15,30,50049.7,75,225,54825
BANKNIFTY-III.NFO,06/06/2024,09:19:35,50045,50011.15,30,50049.7,75,0,54825
BANKNIFTY-III.NFO,06/06/2024,09:19:36,50045,50011.75,30,50049.5,60,0,54825
BANKNIFTY-III.NFO,06/06/2024,09:19:38,50045,50007.45,30,50049.3,60,0,54825
BANKNIFTY-III.NFO,06/06/2024,09:19:40,50045,50000.05,30,50040.95,60,0,54825
BANKNIFTY-III.NFO,06/06/2024,09:19:41,50045,50000,30,50022.2,60,0,54825
BANKNIFTY-III.NFO,06/06/2024,09:19:43,50022,50000,30,50022,60,15,54825
BANKNIFTY-III.NFO,06/06/2024,09:19:45,50022,50000,30,50021.8,60,0,54825
BANKNIFTY-III.NFO,06/06/2024,09:19:46,50022,50000,30,50019.85,60,0,54825
BANKNIFTY-III.NFO,06/06/2024,09:19:48,50000,49975.4,45,50019.65,60,30,54825
BANKNIFTY-III.NFO,06/06/2024,09:19:50,50000,49987.65,45,50019.55,60,0,54825
BANKNIFTY-III.NFO,06/06/2024,09:19:51,50020,49993.9,60,50020.65,15,225,54825
BANKNIFTY-III.NFO,06/06/2024,09:19:53,50020,50006.6,75,50020.7,15,0,54825
BANKNIFTY-III.NFO,06/06/2024,09:19:55,50021,50014.2,60,50022,30,15,54825
BANKNIFTY-III.NFO,06/06/2024,09:19:56,50022,50015.65,75,50028.8,15,30,54825
BANKNIFTY-III.NFO,06/06/2024,09:19:58,50020.05,50020.05,60,50033.15,30,15,54825
BANKNIFTY-III.NFO,06/06/2024,09:20:00,50020.05,50020.05,60,50034.35,30,0,54825
BANKNIFTY-III.NFO,06/06/2024,09:20:01,50020.05,50020,15,50034.35,30,0,54825
BANKNIFTY-III.NFO,06/06/2024,09:20:05,50020.05,50020,15,50033.4,30,0,54825
BANKNIFTY-III.NFO,06/06/2024,09:20:06,50020.05,50020,15,50031.95,30,15,54825
BANKNIFTY-III.NFO,06/06/2024,09:20:08,50020,50000.05,60,50028.25,30,15,54825
BANKNIFTY-III.NFO,06/06/2024,09:20:10,50000,49970.45,60,50013.1,30,15,54825
BANKNIFTY-III.NFO,06/06/2024,09:20:11,50000,49972.9,60,50005.55,30,15,54825
BANKNIFTY-III.NFO,06/06/2024,09:20:13,50000,49971.1,60,50005.35,30,0,54825
BANKNIFTY-III.NFO,06/06/2024,09:20:15,50000,49973.8,60,49999.95,30,0,54825
BANKNIFTY-III.NFO,06/06/2024,09:20:16,50000,49968.45,60,49999.95,30,0,54825
BANKNIFTY-III.NFO,06/06/2024,09:20:18,50000,49961.1,60,49997.3,30,0,54825
BANKNIFTY-III.NFO,06/06/2024,09:20:20,50000,49950,75,49981.4,30,0,54825
BANKNIFTY-III.NFO,06/06/2024,09:20:21,49970,49950.05,60,49971.75,30,15,54825
BANKNIFTY-III.NFO,06/06/2024,09:20:23,49970,49950.05,60,49971.85,30,0,54825
BANKNIFTY-III.NFO,06/06/2024,09:20:25,49970,49950.05,75,49971.85,30,0,54825
BANKNIFTY-III.NFO,06/06/2024,09:20:26,49950,49950,60,49971.85,30,15,54825
BANKNIFTY-III.NFO,06/06/2024,09:20:28,49950.05,49950.05,75,49971.85,45,15,54825
BANKNIFTY-III.NFO,06/06/2024,09:20:30,49950.05,49950.05,75,49971.85,45,0,54825
BANKNIFTY-III.NFO,06/06/2024,09:20:31,49950.05,49950.1,60,49971.9,15,15,54825
BANKNIFTY-III.NFO,06/06/2024,09:20:33,49950.05,49950.05,60,49971.85,60,0,54825
BANKNIFTY-III.NFO,06/06/2024,09:20:35,49950.05,49950.05,90,49971.85,60,0,54825
BANKNIFTY-III.NFO,06/06/2024,09:20:38,49950.05,49950.05,75,49971.85,60,0,54825
BANKNIFTY-III.NFO,06/06/2024,09:20:40,49950.05,49950.05,60,49971.85,60,15,54825
BANKNIFTY-III.NFO,06/06/2024,09:20:41,49950.05,49950.05,60,49971.85,60,0,54825
BANKNIFTY-III.NFO,06/06/2024,09:20:43,49950.05,49950.05,75,49971.9,15,0,54825
BANKNIFTY-III.NFO,06/06/2024,09:20:45,49950.05,49950.1,60,49971.9,15,0,54825
BANKNIFTY-III.NFO,06/06/2024,09:20:48,49950.1,49950.1,30,49971.85,60,15,54825
BANKNIFTY-III.NFO,06/06/2024,09:20:50,49950.1,49950.1,15,49971.85,60,15,54825
BANKNIFTY-III.NFO,06/06/2024,09:20:51,49950.1,49950.1,15,49971.85,60,0,54825
BANKNIFTY-III.NFO,06/06/2024,09:20:53,49950.1,49950.1,15,49974.65,15,15,54825
BANKNIFTY-III.NFO,06/06/2024,09:20:55,49957.7,49957.7,15,49992.25,60,15,54825
BANKNIFTY-III.NFO,06/06/2024,09:20:56,49957.7,49965.75,15,49992.2,15,0,54825
BANKNIFTY-III.NFO,06/06/2024,09:20:58,49968.7,49950.1,15,49991.6,60,15,54825
BANKNIFTY-III.NFO,06/06/2024,09:21:00,49950,49913.75,120,49969,60,90,54825
BANKNIFTY-III.NFO,06/06/2024,09:21:01,49950,49916.65,15,49956.25,60,0,54825
BANKNIFTY-III.NFO,06/06/2024,09:21:03,49956.15,49916.9,15,49956.15,60,15,54825
BANKNIFTY-III.NFO,06/06/2024,09:21:05,49950,49900.05,15,49955.85,60,15,54825
BANKNIFTY-III.NFO,06/06/2024,09:21:06,49940.1,49900.05,30,49939.05,60,30,54825
BANKNIFTY-III.NFO,06/06/2024,09:21:08,49940.1,49909.95,30,49940.05,60,0,54825
BANKNIFTY-III.NFO,06/06/2024,09:21:10,49940.1,49929.75,30,49955.95,15,0,54825
BANKNIFTY-III.NFO,06/06/2024,09:21:11,49940.1,49928.15,30,49955.9,60,0,54825
BANKNIFTY-III.NFO,06/06/2024,09:21:13,49940.1,49936,30,49956.15,45,0,54825
BANKNIFTY-III.NFO,06/06/2024,09:21:14,49940.1,49940.05,30,49956.1,60,0,54825
BANKNIFTY-III.NFO,06/06/2024,09:21:16,49940.1,49940.05,30,49950,30,0,54825
BANKNIFTY-III.NFO,06/06/2024,09:21:18,49956.15,49942.3,30,49974.95,60,45,54825
BANKNIFTY-III.NFO,06/06/2024,09:21:19,49944.5,49944.5,15,49974.95,60,15,54825
BANKNIFTY-III.NFO,06/06/2024,09:21:21,49944.5,49945.4,15,49974.95,60,0,54825
BANKNIFTY-III.NFO,06/06/2024,09:21:23,49953,49967.1,15,49992,60,15,54825
BANKNIFTY-III.NFO,06/06/2024,09:21:24,49953,49967.2,15,49992,60,0,54825
BANKNIFTY-III.NFO,06/06/2024,09:21:26,49953,49969.15,15,49995.2,60,0,54825
BANKNIFTY-III.NFO,06/06/2024,09:21:28,49995,49969.1,15,49995,60,15,55200
BANKNIFTY-III.NFO,06/06/2024,09:21:29,49995,49969.05,15,49994.8,60,0,55200
BANKNIFTY-III.NFO,06/06/2024,09:21:31,49995,49955.85,15,49992.65,60,0,55200
BANKNIFTY-III.NFO,06/06/2024,09:21:33,49995,49962.65,15,49992.55,60,0,55200
BANKNIFTY-III.NFO,06/06/2024,09:21:34,49995,49955.65,15,49986.05,60,0,55200
BANKNIFTY-III.NFO,06/06/2024,09:21:36,49995,49955,15,49985.95,60,0,55200
BANKNIFTY-III.NFO,06/06/2024,09:21:38,49995,49956.25,15,49986.05,60,0,55200
BANKNIFTY-III.NFO,06/06/2024,09:21:39,49995,49970,15,49986.05,75,0,55200
BANKNIFTY-III.NFO,06/06/2024,09:21:41,49995,49970,30,49987.6,60,0,55200
BANKNIFTY-III.NFO,06/06/2024,09:21:43,49995,49971.35,30,49994.95,60,0,55200
BANKNIFTY-III.NFO,06/06/2024,09:21:44,49995,49975.25,15,49994.95,75,0,55200
BANKNIFTY-III.NFO,06/06/2024,09:21:46,49995,49970.05,30,49991.95,60,0,55200
BANKNIFTY-III.NFO,06/06/2024,09:21:48,49995,49970.05,15,49991.95,60,0,55200
BANKNIFTY-III.NFO,06/06/2024,09:21:49,49995,49970,30,49991.95,60,0,55200
BANKNIFTY-III.NFO,06/06/2024,09:21:51,49995,49970,15,49991.75,60,0,55200
BANKNIFTY-III.NFO,06/06/2024,09:21:53,49995,49970.05,15,49991.95,75,0,55200
BANKNIFTY-III.NFO,06/06/2024,09:21:54,49991.95,49970.1,30,49991.9,60,15,55200
BANKNIFTY-III.NFO,06/06/2024,09:21:56,49991.95,49970.2,30,49991.95,60,0,55200
BANKNIFTY-III.NFO,06/06/2024,09:21:58,49991.95,49972.1,30,49991.95,75,0,55200
BANKNIFTY-III.NFO,06/06/2024,09:21:59,49991.95,49972.5,30,49991.95,75,0,55200
BANKNIFTY-III.NFO,06/06/2024,09:22:01,49991.95,49973.7,30,49991.95,60,0,55200
BANKNIFTY-III.NFO,06/06/2024,09:22:03,49991.95,49970.6,45,49991.95,60,0,55200
BANKNIFTY-III.NFO,06/06/2024,09:22:04,49991.95,49976.45,30,49992,30,0,55200
BANKNIFTY-III.NFO,06/06/2024,09:22:06,50000,50000.05,30,50020,60,150,55200
BANKNIFTY-III.NFO,06/06/2024,09:22:07,50000,50002.25,30,50020.05,15,0,55200
BANKNIFTY-III.NFO,06/06/2024,09:22:09,50037.15,50015.65,60,50038.3,60,45,55200
BANKNIFTY-III.NFO,06/06/2024,09:22:10,50016.95,50017.35,45,50042.8,60,15,55200
BANKNIFTY-III.NFO,06/06/2024,09:22:12,50016.95,50028,45,50044.05,15,0,55200
BANKNIFTY-III.NFO,06/06/2024,09:22:14,50016.95,50033.35,45,50044.05,15,0,55200
BANKNIFTY-III.NFO,06/06/2024,09:22:15,50016.95,50039.95,45,50044.05,15,0,55200
BANKNIFTY-III.NFO,06/06/2024,09:22:17,50045,50040.3,45,50049.75,15,30,55200
BANKNIFTY-III.NFO,06/06/2024,09:22:19,50050,50047.1,15,50050,90,165,55200
BANKNIFTY-III.NFO,06/06/2024,09:22:20,50055,50050.95,15,50056.95,15,120,55200
BANKNIFTY-III.NFO,06/06/2024,09:22:22,50056.95,50060.95,15,50065,420,15,55200
BANKNIFTY-III.NFO,06/06/2024,09:22:24,50056.95,50060.95,15,50065,420,0,55200
BANKNIFTY-III.NFO,06/06/2024,09:22:25,50056.95,50056.95,15,50064.95,60,0,55200
BANKNIFTY-III.NFO,06/06/2024,09:22:27,50056.95,50056.95,15,50065,420,0,55200
BANKNIFTY-III.NFO,06/06/2024,09:22:29,50055,50052.25,30,50055,30,150,55200
BANKNIFTY-III.NFO,06/06/2024,09:22:30,50055,50052.65,15,50055,30,0,55200
BANKNIFTY-III.NFO,06/06/2024,09:22:32,50055,50052.65,15,50056.95,15,30,55200
BANKNIFTY-III.NFO,06/06/2024,09:22:34,50055,50052.65,15,50052.75,15,0,55200
BANKNIFTY-III.NFO,06/06/2024,09:22:35,50052.75,50052.65,15,50056.95,15,15,55200
BANKNIFTY-III.NFO,06/06/2024,09:22:37,50052.75,50052.65,15,50056.95,15,0,55200
BANKNIFTY-III.NFO,06/06/2024,09:22:39,50052.75,50052.7,15,50056.95,15,0,55200
BANKNIFTY-III.NFO,06/06/2024,09:22:42,50056.95,50057.35,15,50065,420,15,55200
BANKNIFTY-III.NFO,06/06/2024,09:22:44,50056.95,50060.9,15,50064.95,60,0,55200
BANKNIFTY-III.NFO,06/06/2024,09:22:45,50060.9,50059.6,15,50065,420,15,55200
BANKNIFTY-III.NFO,06/06/2024,09:22:47,50060.9,50059.6,15,50065,420,0,55200
BANKNIFTY-III.NFO,06/06/2024,09:22:49,50065,50060.85,30,50065,405,15,55200
BANKNIFTY-III.NFO,06/06/2024,09:22:50,50065,50064.9,15,50065,390,15,55200
BANKNIFTY-III.NFO,06/06/2024,09:22:52,50065,50064.9,15,50065,390,0,55200
BANKNIFTY-III.NFO,06/06/2024,09:22:54,50064.9,50062.55,15,50065,390,15,55200
BANKNIFTY-III.NFO,06/06/2024,09:22:55,50054.2,50053.6,15,50065,390,135,55200
BANKNIFTY-III.NFO,06/06/2024,09:22:57,50054.2,50053.95,15,50065,390,0,55200
BANKNIFTY-III.NFO,06/06/2024,09:22:59,50054.2,50057.75,15,50065,390,0,55200
BANKNIFTY-III.NFO,06/06/2024,09:23:00,50054.2,50053.05,465,50065,390,0,55200
BANKNIFTY-III.NFO,06/06/2024,09:23:02,50054.2,50051.2,15,50064.95,60,0,55200
BANKNIFTY-III.NFO,06/06/2024,09:23:04,50054.2,50040.35,150,50064.95,60,0,55200
BANKNIFTY-III.NFO,06/06/2024,09:23:05,50054.2,50036.3,15,50064.95,60,0,55200
BANKNIFTY-III.NFO,06/06/2024,09:23:07,50054.2,50035.65,15,50064.95,60,0,55200
BANKNIFTY-III.NFO,06/06/2024,09:23:09,50054.2,50032.6,15,50064.95,75,0,55200
BANKNIFTY-III.NFO,06/06/2024,09:23:12,50054.2,50027.15,465,50064.95,75,0,55200
BANKNIFTY-III.NFO,06/06/2024,09:23:13,50027.35,50030,30,50064.95,75,105,55200
BANKNIFTY-III.NFO,06/06/2024,09:23:15,50027.35,50036.4,15,50054.15,60,0,55200
BANKNIFTY-III.NFO,06/06/2024,09:23:17,50027.35,50032.4,15,50054.15,75,0,55200
BANKNIFTY-III.NFO,06/06/2024,09:23:18,50027.35,50033.7,15,50054.15,75,0,55200
BANKNIFTY-III.NFO,06/06/2024,09:23:20,50027.35,50026.95,15,50054.15,75,0,55200
BANKNIFTY-III.NFO,06/06/2024,09:23:22,50027.35,50016.6,15,50043.55,60,0,55200
BANKNIFTY-III.NFO,06/06/2024,09:23:23,50027.35,50005.2,15,50037.4,60,0,55200
BANKNIFTY-III.NFO,06/06/2024,09:23:25,50027.35,50000,15,50022.35,60,0,55200
BANKNIFTY-III.NFO,06/06/2024,09:23:28,50013.75,50000,15,50012.5,60,15,55200
BANKNIFTY-III.NFO,06/06/2024,09:23:30,50013.75,50000,15,50012.5,60,0,55200
BANKNIFTY-III.NFO,06/06/2024,09:23:32,50013.75,50003.15,15,50022.35,60,0,55200
BANKNIFTY-III.NFO,06/06/2024,09:23:33,50054.5,50002.75,30,50038,45,390,55200
BANKNIFTY-III.NFO,06/06/2024,09:23:35,50054.5,50000.05,60,50037.8,45,0,55200
BANKNIFTY-III.NFO,06/06/2024,09:23:37,50054.5,50017.05,60,50041,60,0,55200
BANKNIFTY-III.NFO,06/06/2024,09:23:38,50054.5,50025.75,75,50050.25,45,0,55200
BANKNIFTY-III.NFO,06/06/2024,09:23:40,50054.5,50033.15,60,50056.5,45,0,55200
BANKNIFTY-III.NFO,06/06/2024,09:23:41,50054.5,50037.15,30,50058.05,45,0,55200
BANKNIFTY-III.NFO,06/06/2024,09:23:43,50054.5,50019.9,60,50057.3,45,0,55200
BANKNIFTY-III.NFO,06/06/2024,09:23:45,50054.5,50019.85,15,50049.35,45,0,55200
BANKNIFTY-III.NFO,06/06/2024,09:23:46,50054.5,50020.3,60,50047.85,45,0,55200
BANKNIFTY-III.NFO,06/06/2024,09:23:48,50021.7,50025.7,60,50050.25,75,15,55200
BANKNIFTY-III.NFO,06/06/2024,09:23:50,50025.7,50026.6,45,50050.2,60,15,55200
BANKNIFTY-III.NFO,06/06/2024,09:23:51,50025.7,50027.65,45,50050.2,60,0,55200
BANKNIFTY-III.NFO,06/06/2024,09:23:53,50025.7,50030.05,45,50050.2,60,0,55200
BANKNIFTY-III.NFO,06/06/2024,09:23:55,50025.7,50030.05,45,50057.3,60,0,55200
BANKNIFTY-III.NFO,06/06/2024,09:23:56,50025.7,50030.05,45,50049.95,75,0,55200
BANKNIFTY-III.NFO,06/06/2024,09:23:58,50025.7,50034.2,45,50049.95,75,0,55200
BANKNIFTY-III.NFO,06/06/2024,09:24:00,50025.7,50030.05,45,50049.75,60,0,55200
BANKNIFTY-III.NFO,06/06/2024,09:24:01,50025.7,50031.05,45,50049.95,75,0,55200
BANKNIFTY-III.NFO,06/06/2024,09:24:03,50049.95,50030,120,50048.4,60,15,55200
BANKNIFTY-III.NFO,06/06/2024,09:24:05,50030,50012.65,60,50042.2,60,120,55200
BANKNIFTY-III.NFO,06/06/2024,09:24:06,50025.7,50006.3,60,50034.55,60,15,55200
BANKNIFTY-III.NFO,06/06/2024,09:24:08,50025.7,50006.3,60,50030.1,60,0,55200
BANKNIFTY-III.NFO,06/06/2024,09:24:10,50025.7,50000.05,75,50022,60,0,55200
BANKNIFTY-III.NFO,06/06/2024,09:24:11,50025.7,50000.05,75,50021.9,75,0,55200
BANKNIFTY-III.NFO,06/06/2024,09:24:12,50025.7,50000.05,75,50021.7,60,0,55200
BANKNIFTY-III.NFO,06/06/2024,09:24:14,50025.7,50000,15,50013.5,60,0,55200
BANKNIFTY-III.NFO,06/06/2024,09:24:16,49990.85,49988.35,45,50013.5,60,30,55200
BANKNIFTY-III.NFO,06/06/2024,09:24:17,49990.85,49986.5,45,50009.8,60,0,55200
BANKNIFTY-III.NFO,06/06/2024,09:24:19,49990.85,49975.65,45,50009.4,60,0,55200
BANKNIFTY-III.NFO,06/06/2024,09:24:21,49990.85,49968.95,45,49993.5,60,0,55200
BANKNIFTY-III.NFO,06/06/2024,09:24:22,49990.85,49967.3,45,49993.3,60,0,55200
BANKNIFTY-III.NFO,06/06/2024,09:24:24,49990.85,49964.9,45,49986.65,60,0,55200
BANKNIFTY-III.NFO,06/06/2024,09:24:26,49990.85,49969.65,45,49993.5,60,0,55200
BANKNIFTY-III.NFO,06/06/2024,09:24:27,49990.85,49971.2,45,49996.85,60,0,55200
BANKNIFTY-III.NFO,06/06/2024,09:24:29,49990.85,49975.85,45,50009.5,60,0,55200
BANKNIFTY-III.NFO,06/06/2024,09:24:31,49979.65,49971.2,30,50008.7,60,15,55755
BANKNIFTY-III.NFO,06/06/2024,09:24:32,49979.65,49972.1,45,50001.55,60,0,55755
BANKNIFTY-III.NFO,06/06/2024,09:24:34,49979.65,49970.8,30,50002.15,60,0,55755
BANKNIFTY-III.NFO,06/06/2024,09:24:36,49979.65,49965.1,30,50006.5,60,0,55755
BANKNIFTY-III.NFO,06/06/2024,09:24:37,49979.65,49974.65,30,50009.8,60,0,55755
BANKNIFTY-III.NFO,06/06/2024,09:24:39,49979.65,49971.65,30,50004.1,60,0,55755
BANKNIFTY-III.NFO,06/06/2024,09:24:40,49979.65,49970.4,30,50006.9,60,0,55755
BANKNIFTY-III.NFO,06/06/2024,09:24:42,49979.65,49986.4,30,50009.8,60,0,55755
BANKNIFTY-III.NFO,06/06/2024,09:24:45,49979.65,49976.15,30,50009.7,60,0,55755
BANKNIFTY-III.NFO,06/06/2024,09:24:47,49979.65,49976,30,50007.4,60,0,55755
BANKNIFTY-III.NFO,06/06/2024,09:24:49,49979.65,49980.5,30,50001,30,0,55755
BANKNIFTY-III.NFO,06/06/2024,09:24:50,49979.65,49978.3,15,49979.65,90,120,55755
BANKNIFTY-III.NFO,06/06/2024,09:24:52,49979.65,49978.35,15,49979.65,90,0,55755
BANKNIFTY-III.NFO,06/06/2024,09:24:54,49979.65,49974.4,15,49993.65,15,90,55755
BANKNIFTY-III.NFO,06/06/2024,09:24:55,49979.65,49972.35,15,49993.6,60,0,55755
BANKNIFTY-III.NFO,06/06/2024,09:24:57,49979.65,49954.5,15,49993.5,60,0,55755
BANKNIFTY-III.NFO,06/06/2024,09:24:59,49979.65,49957.85,15,49983.15,75,0,55755
BANKNIFTY-III.NFO,06/06/2024,09:25:00,49979.65,49952.6,15,49983.15,75,0,55755
BANKNIFTY-III.NFO,06/06/2024,09:25:02,49979.65,49940.1,15,49974.15,60,0,55755
BANKNIFTY-III.NFO,06/06/2024,09:25:04,49979.65,49940,15,49963.2,60,0,55755
BANKNIFTY-III.NFO,06/06/2024,09:25:05,49940,49936.05,15,49963.2,60,15,55755
BANKNIFTY-III.NFO,06/06/2024,09:25:07,49940,49921,15,49960.5,60,0,55755
BANKNIFTY-III.NFO,06/06/2024,09:25:09,49940,49919.15,15,49960.85,60,0,55755
BANKNIFTY-III.NFO,06/06/2024,09:25:10,49912.15,49918.4,15,49960.15,60,30,55755
BANKNIFTY-III.NFO,06/06/2024,09:25:12,49940,49946.25,15,49975.05,60,15,55755
BANKNIFTY-III.NFO,06/06/2024,09:25:14,49941.4,49950.75,15,49972.95,75,15,55755
BANKNIFTY-III.NFO,06/06/2024,09:25:16,49941.4,49957.05,15,49972.95,75,0,55755
BANKNIFTY-III.NFO,06/06/2024,09:25:17,49941.4,49955.05,15,49983.1,60,0,55755
BANKNIFTY-III.NFO,06/06/2024,09:25:19,49941.4,49941.3,150,49979.35,75,0,55755
BANKNIFTY-III.NFO,06/06/2024,09:25:21,49979.3,49949.95,15,49979.3,60,15,55755
BANKNIFTY-III.NFO,06/06/2024,09:25:22,49979.3,49950.1,15,49979.3,60,0,55755
BANKNIFTY-III.NFO,06/06/2024,09:25:24,49979.3,49946.1,30,49979.3,75,0,55755
BANKNIFTY-III.NFO,06/06/2024,09:25:26,49979.3,49950.6,30,49979.25,60,15,55755
BANKNIFTY-III.NFO,06/06/2024,09:25:27,49979.3,49945.55,30,49979.25,60,0,55755
BANKNIFTY-III.NFO,06/06/2024,09:25:29,49979.3,49951.45,30,49976.5,60,0,55755
BANKNIFTY-III.NFO,06/06/2024,09:25:30,49979.3,49953.35,30,49979.25,60,0,55755
BANKNIFTY-III.NFO,06/06/2024,09:25:32,49979.3,49952.05,30,49979.25,75,0,55755
BANKNIFTY-III.NFO,06/06/2024,09:25:34,49951.45,49952.4,15,49979.25,75,150,55755
BANKNIFTY-III.NFO,06/06/2024,09:25:35,49951.45,49962.6,15,49979.3,15,0,55755
BANKNIFTY-III.NFO,06/06/2024,09:25:37,49951.45,49967.95,15,49979.3,15,0,55755
BANKNIFTY-III.NFO,06/06/2024,09:25:39,49951.45,49969.2,15,49979.3,15,0,55755
BANKNIFTY-III.NFO,06/06/2024,09:25:40,49951.45,49962.65,15,49979.25,60,0,55755
BANKNIFTY-III.NFO,06/06/2024,09:25:42,49951.45,49961.95,15,49979.25,75,0,55755
BANKNIFTY-III.NFO,06/06/2024,09:25:44,49951.45,49955.3,480,49968.1,15,0,55755
BANKNIFTY-III.NFO,06/06/2024,09:25:45,49951.45,49955.45,15,49968.1,30,0,55755
BANKNIFTY-III.NFO,06/06/2024,09:25:47,49951.45,49947.65,15,49968.05,60,0,55755
BANKNIFTY-III.NFO,06/06/2024,09:25:49,49951.45,49935.5,15,49968.05,60,0,55755
BANKNIFTY-III.NFO,06/06/2024,09:25:50,49934.6,49933.95,15,49967.85,60,15,55755
BANKNIFTY-III.NFO,06/06/2024,09:25:52,49934.6,49930.55,570,49968.05,60,0,55755
BANKNIFTY-III.NFO,06/06/2024,09:25:54,49934.6,49934.65,15,49967.95,60,0,55755
BANKNIFTY-III.NFO,06/06/2024,09:25:55,49934.6,49935.15,15,49967.85,60,0,55755
BANKNIFTY-III.NFO,06/06/2024,09:25:57,49934.6,49935.15,15,49966.7,60,0,55755
BANKNIFTY-III.NFO,06/06/2024,09:25:59,49934.6,49939.45,15,49966.6,60,0,55755
BANKNIFTY-III.NFO,06/06/2024,09:26:00,49934.6,49936.9,15,49966.5,75,0,55755
BANKNIFTY-III.NFO,06/06/2024,09:26:02,49934.6,49928.3,15,49959.65,60,0,55755
BANKNIFTY-III.NFO,06/06/2024,09:26:04,49934.6,49930.25,15,49959.55,60,0,55755
BANKNIFTY-III.NFO,06/06/2024,09:26:05,49934.6,49928.3,15,49958.3,60,0,55755
BANKNIFTY-III.NFO,06/06/2024,09:26:07,49934.6,49923.4,15,49952.45,60,0,55755
BANKNIFTY-III.NFO,06/06/2024,09:26:09,49934.6,49923.5,480,49949.95,60,0,55755
BANKNIFTY-III.NFO,06/06/2024,09:26:10,49934.6,49920.7,15,49949.95,75,0,55755
BANKNIFTY-III.NFO,06/06/2024,09:26:12,49934.6,49909.9,15,49938.6,60,0,55755
BANKNIFTY-III.NFO,06/06/2024,09:26:14,49934,49915.35,15,49938.5,75,15,55755
BANKNIFTY-III.NFO,06/06/2024,09:26:15,49934,49905.1,15,49938.2,60,0,55755
BANKNIFTY-III.NFO,06/06/2024,09:26:17,49934,49903.05,15,49936.9,60,0,55755
BANKNIFTY-III.NFO,06/06/2024,09:26:19,49934,49900,120,49922.8,60,0,55755
BANKNIFTY-III.NFO,06/06/2024,09:26:20,49900,49870.05,15,49897.55,75,120,55755
BANKNIFTY-III.NFO,06/06/2024,09:26:22,49897.45,49870.15,30,49897.25,60,30,55755
BANKNIFTY-III.NFO,06/06/2024,09:26:24,49897.45,49884.45,30,49919.55,60,0,55755
BANKNIFTY-III.NFO,06/06/2024,09:26:25,49897.45,49886.05,30,49919.45,60,0,55755
BANKNIFTY-III.NFO,06/06/2024,09:26:27,49895.6,49899.05,15,49920.45,60,15,55755
BANKNIFTY-III.NFO,06/06/2024,09:26:29,49920.35,49888.05,30,49916,60,15,55755
BANKNIFTY-III.NFO,06/06/2024,09:26:30,49920.35,49885.95,30,49916.5,60,0,55755
BANKNIFTY-III.NFO,06/06/2024,09:26:32,49920.35,49885.8,30,49916.3,60,0,55755
BANKNIFTY-III.NFO,06/06/2024,09:26:33,49920.35,49888.85,30,49920.35,60,0,55755
BANKNIFTY-III.NFO,06/06/2024,09:26:35,49913.85,49891.4,60,49914.85,75,30,55755
BANKNIFTY-III.NFO,06/06/2024,09:26:37,49897.7,49882.65,60,49920.05,60,15,55755
BANKNIFTY-III.NFO,06/06/2024,09:26:38,49920.05,49893,60,49919.5,60,15,55755
BANKNIFTY-III.NFO,06/06/2024,09:26:40,49884.8,49896.6,30,49920.05,60,60,55755
BANKNIFTY-III.NFO,06/06/2024,09:26:42,49884.8,49889.35,15,49900,30,0,55755
BANKNIFTY-III.NFO,06/06/2024,09:26:43,49884.8,49882.9,30,49900,30,0,55755
BANKNIFTY-III.NFO,06/06/2024,09:26:45,49884.8,49888.5,30,49900,15,0,55755
BANKNIFTY-III.NFO,06/06/2024,09:26:47,49900,49892.65,30,49912,15,45,55755
BANKNIFTY-III.NFO,06/06/2024,09:26:48,49900,49895.2,15,49913.85,30,0,55755
BANKNIFTY-III.NFO,06/06/2024,09:26:50,49894.45,49890.6,30,49900,15,30,55755
BANKNIFTY-III.NFO,06/06/2024,09:26:51,49894.45,49893.55,30,49900,15,0,55755
BANKNIFTY-III.NFO,06/06/2024,09:26:53,49900,49902.85,15,49922.8,60,15,55755
BANKNIFTY-III.NFO,06/06/2024,09:26:55,49900,49899.35,30,49922.8,60,0,55755
BANKNIFTY-III.NFO,06/06/2024,09:26:56,49900,49884.85,30,49902.85,30,0,55755
BANKNIFTY-III.NFO,06/06/2024,09:26:58,49900,49884.8,30,49902.8,60,0,55755
BANKNIFTY-III.NFO,06/06/2024,09:27:00,49900,49880,15,49897.85,60,45,55755
BANKNIFTY-III.NFO,06/06/2024,09:27:01,49880,49870,300,49897.75,60,15,55755
BANKNIFTY-III.NFO,06/06/2024,09:27:03,49897.55,49876.55,15,49897.85,60,15,55755
BANKNIFTY-III.NFO,06/06/2024,09:27:04,49874.65,49876.45,30,49897.85,60,15,55755
BANKNIFTY-III.NFO,06/06/2024,09:27:06,49874.65,49877.95,30,49897.85,60,0,55755
BANKNIFTY-III.NFO,06/06/2024,09:27:08,49897.55,49886.3,15,49900,30,15,55755
BANKNIFTY-III.NFO,06/06/2024,09:27:09,49897.55,49884.5,15,49900,30,0,55755
BANKNIFTY-III.NFO,06/06/2024,09:27:11,49897.55,49880.55,30,49899.95,60,0,55755
BANKNIFTY-III.NFO,06/06/2024,09:27:12,49897.55,49878,15,49899.95,60,0,55755
BANKNIFTY-III.NFO,06/06/2024,09:27:14,49897.55,49876.9,15,49899.95,60,0,55755
BANKNIFTY-III.NFO,06/06/2024,09:27:16,49897.55,49887.55,15,49899.95,60,0,55755
BANKNIFTY-III.NFO,06/06/2024,09:27:17,49900,49891.35,15,49902.8,75,15,55755
BANKNIFTY-III.NFO,06/06/2024,09:27:19,49900,49880,30,49902.8,75,0,55755
BANKNIFTY-III.NFO,06/06/2024,09:27:21,49900,49888.4,30,49902.8,60,0,55755
BANKNIFTY-III.NFO,06/06/2024,09:27:22,49900,49888.6,30,49902.8,60,0,55755
BANKNIFTY-III.NFO,06/06/2024,09:27:24,49891.8,49890.3,15,49902.85,15,15,55755
BANKNIFTY-III.NFO,06/06/2024,09:27:26,49891.8,49893.45,15,49902.8,75,0,55755
BANKNIFTY-III.NFO,06/06/2024,09:27:27,49891.8,49884.25,15,49902.8,75,0,55755
BANKNIFTY-III.NFO,06/06/2024,09:27:29,49891.8,49890.05,15,49902.8,60,0,55755
BANKNIFTY-III.NFO,06/06/2024,09:27:31,49891.8,49888.15,15,49902.8,75,0,55755
BANKNIFTY-III.NFO,06/06/2024,09:27:32,49891.8,49902.8,30,49902.85,15,0,55755
BANKNIFTY-III.NFO,06/06/2024,09:27:37,49900,49895.9,15,49902.85,15,45,55935
BANKNIFTY-III.NFO,06/06/2024,09:27:39,49900,49892.6,15,49902.8,60,0,55935
BANKNIFTY-III.NFO,06/06/2024,09:27:40,49902.85,49900,15,49917.5,60,15,55935
BANKNIFTY-III.NFO,06/06/2024,09:27:42,49902.85,49893.75,15,49919.55,60,0,55935
BANKNIFTY-III.NFO,06/06/2024,09:27:44,49902.85,49893.75,15,49919.45,60,0,55935
BANKNIFTY-III.NFO,06/06/2024,09:27:45,49902.85,49893.75,15,49919.35,60,0,55935
BANKNIFTY-III.NFO,06/06/2024,09:27:47,49902.85,49892.6,15,49919.25,60,0,55935
BANKNIFTY-III.NFO,06/06/2024,09:27:49,49902.85,49883.2,15,49907.9,60,0,55935
BANKNIFTY-III.NFO,06/06/2024,09:27:50,49902.85,49885.1,15,49907.8,60,0,55935
BANKNIFTY-III.NFO,06/06/2024,09:27:52,49902.85,49880,30,49893.7,60,0,55935
BANKNIFTY-III.NFO,06/06/2024,09:27:55,49880,49870,300,49893.5,60,30,55935
BANKNIFTY-III.NFO,06/06/2024,09:27:57,49880,49870,300,49887,60,0,55935
BANKNIFTY-III.NFO,06/06/2024,09:27:59,49870,49870,120,49872.75,60,195,55935
BANKNIFTY-III.NFO,06/06/2024,09:28:00,49870,49870,120,49871.9,75,0,55935
BANKNIFTY-III.NFO,06/06/2024,09:28:02,49870,49870.05,15,49883,60,75,55935
BANKNIFTY-III.NFO,06/06/2024,09:28:04,49870,49870,45,49875.5,60,0,55935
BANKNIFTY-III.NFO,06/06/2024,09:28:05,49870,49870,45,49874.75,60,0,55935
BANKNIFTY-III.NFO,06/06/2024,09:28:07,49870,49870.1,45,49892.9,60,0,55935
BANKNIFTY-III.NFO,06/06/2024,09:28:08,49870,49872.55,30,49892.9,60,0,55935
BANKNIFTY-III.NFO,06/06/2024,09:28:10,49870,49875.4,15,49893.3,15,0,55935
BANKNIFTY-III.NFO,06/06/2024,09:28:12,49893.25,49870.1,30,49893.25,60,15,55935
BANKNIFTY-III.NFO,06/06/2024,09:28:13,49893.25,49870,60,49873.4,60,0,55935
BANKNIFTY-III.NFO,06/06/2024,09:28:15,49885.75,49870.1,60,49885.75,60,90,55935
BANKNIFTY-III.NFO,06/06/2024,09:28:16,49885.75,49874.5,75,49893.25,60,0,55935
BANKNIFTY-III.NFO,06/06/2024,09:28:18,49885.75,49871.6,60,49893.25,60,0,55935
BANKNIFTY-III.NFO,06/06/2024,09:28:20,49885.75,49873.35,60,49893.3,30,0,55935
BANKNIFTY-III.NFO,06/06/2024,09:28:21,49885.75,49882.95,60,49893.3,15,0,55935
BANKNIFTY-III.NFO,06/06/2024,09:28:23,49881.15,49879.95,15,49893.3,15,60,55935
BANKNIFTY-III.NFO,06/06/2024,09:28:24,49881.15,49883.85,30,49893.3,15,0,55935
BANKNIFTY-III.NFO,06/06/2024,09:28:26,49881.15,49883.85,15,49893.3,15,0,55935
BANKNIFTY-III.NFO,06/06/2024,09:28:28,49887.55,49888.9,30,49899.3,15,75,55935
BANKNIFTY-III.NFO,06/06/2024,09:28:29,49887.55,49897.2,30,49916.1,15,0,55935
BANKNIFTY-III.NFO,06/06/2024,09:28:31,49887.55,49896.9,30,49916.45,60,0,55935
BANKNIFTY-III.NFO,06/06/2024,09:28:33,49887.55,49907.7,15,49925.65,15,0,55935
BANKNIFTY-III.NFO,06/06/2024,09:28:34,49887.55,49917.85,15,49933.3,15,0,55935
BANKNIFTY-III.NFO,06/06/2024,09:28:36,49887.55,49911.75,180,49933.3,30,0,55935
BANKNIFTY-III.NFO,06/06/2024,09:28:37,49887.55,49911.2,15,49933.25,60,0,55935
BANKNIFTY-III.NFO,06/06/2024,09:28:39,49887.55,49914.7,15,49933.3,15,0,55935
BANKNIFTY-III.NFO,06/06/2024,09:28:41,49933.3,49929.3,15,49948.05,15,15,55935
BANKNIFTY-III.NFO,06/06/2024,09:28:42,49933.3,49931.9,30,49950,45,0,55935
BANKNIFTY-III.NFO,06/06/2024,09:28:44,49933.3,49933.45,30,49950,45,0,55935
BANKNIFTY-III.NFO,06/06/2024,09:28:46,49935,49938.95,30,49950,30,45,55935
BANKNIFTY-III.NFO,06/06/2024,09:28:47,49961.65,49951.7,15,49973.55,15,45,55935
BANKNIFTY-III.NFO,06/06/2024,09:28:49,49961.65,49960.5,15,49979.2,60,0,55935
BANKNIFTY-III.NFO,06/06/2024,09:28:51,49956.05,49955.85,15,49979.2,60,75,55935
BANKNIFTY-III.NFO,06/06/2024,09:28:52,49956.05,49956.25,15,49979.25,15,0,55935
BANKNIFTY-III.NFO,06/06/2024,09:28:54,49956.05,49957.95,510,49979.25,60,0,55935
BANKNIFTY-III.NFO,06/06/2024,09:28:55,49956.05,49973.25,15,49979.3,30,0,55935
BANKNIFTY-III.NFO,06/06/2024,09:28:57,49961.65,49938.1,150,49979.25,75,30,55935
BANKNIFTY-III.NFO,06/06/2024,09:28:59,49980,49951.25,15,49980.05,60,900,55935
BANKNIFTY-III.NFO,06/06/2024,09:29:00,49980,49941.25,30,49958.95,75,0,55935
BANKNIFTY-III.NFO,06/06/2024,09:29:02,49980,49930.95,60,49958.95,75,0,55935
BANKNIFTY-III.NFO,06/06/2024,09:29:04,49980,49931.15,60,49958.9,60,0,55935
BANKNIFTY-III.NFO,06/06/2024,09:29:05,49980,49930.45,15,49958.9,60,0,55935
BANKNIFTY-III.NFO,06/06/2024,09:29:07,49980,49930.5,60,49958.9,60,0,55935
BANKNIFTY-III.NFO,06/06/2024,09:29:08,49980,49930.45,15,49954.05,60,0,55935
BANKNIFTY-III.NFO,06/06/2024,09:29:10,49952.9,49932.9,15,49952.9,45,15,55935
BANKNIFTY-III.NFO,06/06/2024,09:29:12,49952.9,49933,60,49952.9,45,0,55935
BANKNIFTY-III.NFO,06/06/2024,09:29:13,49952.9,49940,15,49958.95,60,0,55935
BANKNIFTY-III.NFO,06/06/2024,09:29:15,49952.9,49939.6,60,49958.95,45,0,55935
BANKNIFTY-III.NFO,06/06/2024,09:29:17,49959,49950.9,60,49972.85,45,15,55935
BANKNIFTY-III.NFO,06/06/2024,09:29:18,49959,49952.25,60,49974.55,45,0,55935
BANKNIFTY-III.NFO,06/06/2024,09:29:20,49959,49958.35,60,49979.25,45,0,55935
BANKNIFTY-III.NFO,06/06/2024,09:29:22,49959,49965.5,15,49983.95,45,0,55935
BANKNIFTY-III.NFO,06/06/2024,09:29:23,49959,49957.1,60,49983.95,45,0,55935
BANKNIFTY-III.NFO,06/06/2024,09:29:25,49959,49960.4,60,49983.95,45,0,55935
BANKNIFTY-III.NFO,06/06/2024,09:29:27,49959,49963.8,15,49985.5,45,0,55935
BANKNIFTY-III.NFO,06/06/2024,09:29:28,49959,49965.75,30,49987.55,45,0,55935
BANKNIFTY-III.NFO,06/06/2024,09:29:30,49959,49967.3,15,49987.55,45,0,55935
BANKNIFTY-III.NFO,06/06/2024,09:29:31,49959,49967.3,15,49987.95,60,0,55935
BANKNIFTY-III.NFO,06/06/2024,09:29:33,49967.35,49973.3,60,49987.95,75,15,55935
BANKNIFTY-III.NFO,06/06/2024,09:29:35,49967.35,49973.3,60,49987.95,60,0,55935
BANKNIFTY-III.NFO,06/06/2024,09:29:36,49973.3,49975.3,45,49988,75,15,55935
BANKNIFTY-III.NFO,06/06/2024,09:29:38,49973.3,49969.7,45,49987.95,60,0,55935
BANKNIFTY-III.NFO,06/06/2024,09:29:40,49988,49981.65,15,49990,30,75,55935
BANKNIFTY-III.NFO,06/06/2024,09:29:41,49988,49959.05,45,49989.9,60,0,55935
BANKNIFTY-III.NFO,06/06/2024,09:29:43,49988,49959.05,45,49989.7,60,0,55935
BANKNIFTY-III.NFO,06/06/2024,09:29:45,49988,49963.2,45,49989.9,60,0,55935
BANKNIFTY-III.NFO,06/06/2024,09:29:46,49988,49970.6,45,49988,30,0,55935
BANKNIFTY-III.NFO,06/06/2024,09:29:48,49988,49973.4,45,49988,30,0,55935
BANKNIFTY-III.NFO,06/06/2024,09:29:50,49988,49975.05,45,49987.95,60,0,55935
BANKNIFTY-III.NFO,06/06/2024,09:29:51,49988,49975.05,45,49988,30,0,55935
BANKNIFTY-III.NFO,06/06/2024,09:29:53,49988,49969.35,60,49987.95,30,90,55935
BANKNIFTY-III.NFO,06/06/2024,09:29:55,49988,49969.35,60,49987.95,30,0,55935
BANKNIFTY-III.NFO,06/06/2024,09:29:56,49979.25,49979.05,60,49990,30,30,55935
BANKNIFTY-III.NFO,06/06/2024,09:29:58,49979.25,49975.65,60,49989.95,30,0,55935
BANKNIFTY-III.NFO,06/06/2024,09:29:59,49979.25,49973.25,15,49989.95,45,0,55935
BANKNIFTY-III.NFO,06/06/2024,09:30:01,49979.25,49972.3,60,49989.95,30,0,55935
BANKNIFTY-III.NFO,06/06/2024,09:30:04,49993.3,49992.65,60,50000,15,45,55935
BANKNIFTY-III.NFO,06/06/2024,09:30:06,50000,49997.65,60,50001,15,30,55935
BANKNIFTY-III.NFO,06/06/2024,09:30:08,50000,49994.6,60,50001,15,0,55935
BANKNIFTY-III.NFO,06/06/2024,09:30:09,50000,49997.5,15,50001,15,0,55935
BANKNIFTY-III.NFO,06/06/2024,09:30:11,50001,49998.1,60,50017.95,30,15,55935
BANKNIFTY-III.NFO,06/06/2024,09:30:13,50001,50001.25,60,50019.95,30,0,55935
BANKNIFTY-III.NFO,06/06/2024,09:30:14,50001,50004.75,60,50019.95,30,0,55935
BANKNIFTY-III.NFO,06/06/2024,09:30:16,50001,50010.95,60,50020,15,0,55935
BANKNIFTY-III.NFO,06/06/2024,09:30:18,50001,50010.5,60,50020,15,0,55935
BANKNIFTY-III.NFO,06/06/2024,09:30:19,50020,50011.85,60,50021,15,15,55935
BANKNIFTY-III.NFO,06/06/2024,09:30:21,50020,50014.9,60,50021,15,0,55935
BANKNIFTY-III.NFO,06/06/2024,09:30:23,50021,50011.75,15,50024.95,30,15,55935
BANKNIFTY-III.NFO,06/06/2024,09:30:24,50021,50013.75,60,50025,15,0,55935
BANKNIFTY-III.NFO,06/06/2024,09:30:26,50021,50015.75,75,50025,15,0,55935
BANKNIFTY-III.NFO,06/06/2024,09:30:28,50021,50015.8,60,50025,15,0,55935
BANKNIFTY-III.NFO,06/06/2024,09:30:29,50013.75,50013.75,60,50025,15,15,56940
BANKNIFTY-III.NFO,06/06/2024,09:30:31,50013.75,50008.9,90,50024.95,60,0,56940
BANKNIFTY-III.NFO,06/06/2024,09:30:32,50013.75,50005.25,75,50013.75,15,0,56940
BANKNIFTY-III.NFO,06/06/2024,09:30:34,50013.75,50007.7,60,50013.75,15,0,56940
BANKNIFTY-III.NFO,06/06/2024,09:30:36,50013.75,50005.3,60,50013.75,15,0,56940
BANKNIFTY-III.NFO,06/06/2024,09:30:37,50000,50003.3,15,50013.7,60,900,56940
BANKNIFTY-III.NFO,06/06/2024,09:30:39,50000,49999.45,15,50013.7,60,0,56940
BANKNIFTY-III.NFO,06/06/2024,09:30:41,50000,50009.15,15,50013.75,15,0,56940
BANKNIFTY-III.NFO,06/06/2024,09:30:42,50000,50002.05,15,50013.7,60,0,56940
BANKNIFTY-III.NFO,06/06/2024,09:30:44,50000,49995,15,50013.7,75,0,56940
BANKNIFTY-III.NFO,06/06/2024,09:30:46,50000,49983.6,15,50008.15,60,0,56940
BANKNIFTY-III.NFO,06/06/2024,09:30:47,50008.15,49982.1,45,50008.05,60,30,56940
BANKNIFTY-III.NFO,06/06/2024,09:30:49,50008.15,49979.05,45,50007.75,60,0,56940
BANKNIFTY-III.NFO,06/06/2024,09:30:51,49999,49968.25,45,49993.95,60,15,56940
BANKNIFTY-III.NFO,06/06/2024,09:30:52,49999,49949.35,45,49992.05,60,0,56940
BANKNIFTY-III.NFO,06/06/2024,09:30:54,49999,49944.15,45,49976.2,60,0,56940
BANKNIFTY-III.NFO,06/06/2024,09:30:56,49999,49938.7,45,49973.25,60,0,56940
BANKNIFTY-III.NFO,06/06/2024,09:30:57,49999,49932.75,45,49971.65,60,0,56940
BANKNIFTY-III.NFO,06/06/2024,09:30:59,49999,49926.35,45,49968.85,60,0,56940
BANKNIFTY-III.NFO,06/06/2024,09:31:01,49999,49919.65,45,49965.95,60,0,56940
BANKNIFTY-III.NFO,06/06/2024,09:31:02,49999,49928.05,45,49965.45,60,0,56940
BANKNIFTY-III.NFO,06/06/2024,09:31:04,49999,49928,60,49964.75,60,0,56940
BANKNIFTY-III.NFO,06/06/2024,09:31:06,49999,49921.05,45,49947.75,60,0,56940
BANKNIFTY-III.NFO,06/06/2024,09:31:07,49999,49935.75,45,49950,225,0,56940
BANKNIFTY-III.NFO,06/06/2024,09:31:09,49999,49929.6,45,49949.95,75,0,56940
BANKNIFTY-III.NFO,06/06/2024,09:31:11,49999,49916.65,45,49949.9,60,0,56940
BANKNIFTY-III.NFO,06/06/2024,09:31:13,49999,49930.05,45,49949.9,60,0,56940
BANKNIFTY-III.NFO,06/06/2024,09:31:15,49999,49931.05,45,49949.9,60,0,56940
BANKNIFTY-III.NFO,06/06/2024,09:31:16,49999,49934.65,45,49950,225,0,56940
BANKNIFTY-III.NFO,06/06/2024,09:31:18,49930,49937.95,15,49950,240,210,56940
BANKNIFTY-III.NFO,06/06/2024,09:31:20,49930,49945.8,15,49950,225,0,56940
BANKNIFTY-III.NFO,06/06/2024,09:31:21,49950,49946.95,15,49960,15,225,56940
BANKNIFTY-III.NFO,06/06/2024,09:31:23,49953.1,49954,15,49981.1,60,30,56940
BANKNIFTY-III.NFO,06/06/2024,09:31:25,49953.1,49969.5,15,49990.65,60,0,56940
BANKNIFTY-III.NFO,06/06/2024,09:31:26,49953.1,49982.7,15,49999.95,60,0,56940
BANKNIFTY-III.NFO,06/06/2024,09:31:28,49953.1,49962.05,420,49999.95,75,0,56940
BANKNIFTY-III.NFO,06/06/2024,09:31:30,49953.1,49973.05,15,49999.9,60,0,56940
BANKNIFTY-III.NFO,06/06/2024,09:31:31,49953.1,49976.35,150,49999.9,60,0,56940
BANKNIFTY-III.NFO,06/06/2024,09:31:33,49953.1,49975.45,15,49999.9,60,0,56940
BANKNIFTY-III.NFO,06/06/2024,09:31:35,49988.95,49986.25,15,50000,270,15,56940
BANKNIFTY-III.NFO,06/06/2024,09:31:36,50000,49981.35,15,50000,195,75,56940
BANKNIFTY-III.NFO,06/06/2024,09:31:38,50000,49991.85,15,50000,165,30,56940
BANKNIFTY-III.NFO,06/06/2024,09:31:40,50000,49996.25,15,50016.85,60,165,56940
BANKNIFTY-III.NFO,06/06/2024,09:31:41,50000,49994.3,15,50016.85,60,0,56940
BANKNIFTY-III.NFO,06/06/2024,09:31:43,50000,49991.5,30,50018.5,60,0,56940
BANKNIFTY-III.NFO,06/06/2024,09:31:45,50000,49993.7,15,50018.9,60,0,56940
BANKNIFTY-III.NFO,06/06/2024,09:31:46,50000,49994.65,15,50018.9,60,0,56940
BANKNIFTY-III.NFO,06/06/2024,09:31:48,50000,49981.5,195,50018.9,60,0,56940
BANKNIFTY-III.NFO,06/06/2024,09:31:50,50000,49978.2,15,50017.65,60,0,56940
BANKNIFTY-III.NFO,06/06/2024,09:31:51,50000,49983.55,15,50018.9,60,0,56940
BANKNIFTY-III.NFO,06/06/2024,09:31:53,50000,49987.2,15,50018.8,60,0,56940
BANKNIFTY-III.NFO,06/06/2024,09:31:55,50000,50000,15,50018.7,60,0,56940
BANKNIFTY-III.NFO,06/06/2024,09:31:56,50000,50000,15,50018.5,60,0,56940
BANKNIFTY-III.NFO,06/06/2024,09:31:58,50000,50000,15,50018.4,60,0,56940
BANKNIFTY-III.NFO,06/06/2024,09:32:00,50000,50000,15,50012.15,60,0,56940
BANKNIFTY-III.NFO,06/06/2024,09:32:01,50000,50000,15,50012.05,75,0,56940
BANKNIFTY-III.NFO,06/06/2024,09:32:03,50000,50000,15,50012.4,60,0,56940
BANKNIFTY-III.NFO,06/06/2024,09:32:06,50000,49966.05,45,49999.95,60,15,56940
BANKNIFTY-III.NFO,06/06/2024,09:32:08,50000,49973.7,15,49999.95,60,0,56940
BANKNIFTY-III.NFO,06/06/2024,09:32:10,50000,49973.6,15,49999.95,60,0,56940
BANKNIFTY-III.NFO,06/06/2024,09:32:10,49999.95,49973.65,30,49999.95,60,15,56940
BANKNIFTY-III.NFO,06/06/2024,09:32:12,49999.95,49976.55,15,49999.95,75,0,56940
BANKNIFTY-III.NFO,06/06/2024,09:32:13,49999.95,49980.75,15,50000,30,0,56940
BANKNIFTY-III.NFO,06/06/2024,09:32:15,49999.95,49983.3,15,49999.95,75,0,56940
BANKNIFTY-III.NFO,06/06/2024,09:32:17,49999.95,49987.2,15,49999.95,75,0,56940
BANKNIFTY-III.NFO,06/06/2024,09:32:18,49999.95,49987.2,15,50000,45,0,56940
BANKNIFTY-III.NFO,06/06/2024,09:32:20,49999.95,49987.2,30,49999.95,30,0,56940
BANKNIFTY-III.NFO,06/06/2024,09:32:21,49999.95,49987.3,15,49999.9,60,0,56940
BANKNIFTY-III.NFO,06/06/2024,09:32:23,49999.95,49991.7,30,49999.95,15,0,56940
BANKNIFTY-III.NFO,06/06/2024,09:32:25,50000,49995.5,15,50019.3,60,60,56940
BANKNIFTY-III.NFO,06/06/2024,09:32:26,50000,50000.5,15,50019.3,60,0,56940
BANKNIFTY-III.NFO,06/06/2024,09:32:28,50000,49999.7,15,50021.3,60,0,56940
BANKNIFTY-III.NFO,06/06/2024,09:32:30,50000,49996.65,15,50021.3,60,0,56940
BANKNIFTY-III.NFO,06/06/2024,09:32:31,50000,50000.85,15,50021.3,60,0,56940
BANKNIFTY-III.NFO,06/06/2024,09:32:33,50000,49988.55,15,50021.3,60,0,56940
BANKNIFTY-III.NFO,06/06/2024,09:32:35,50000,49983.65,15,50011.35,60,0,56940
BANKNIFTY-III.NFO,06/06/2024,09:32:36,50000,49984.05,15,50012.85,60,0,56940
BANKNIFTY-III.NFO,06/06/2024,09:32:38,50000,49983.65,15,50013.55,75,0,56940
BANKNIFTY-III.NFO,06/06/2024,09:32:40,50000,49983.75,30,50010.55,60,0,56940
BANKNIFTY-III.NFO,06/06/2024,09:32:41,50000,49982.65,15,50006.2,60,15,56940
BANKNIFTY-III.NFO,06/06/2024,09:32:43,50000,49982.65,15,50006.2,60,0,56940
BANKNIFTY-III.NFO,06/06/2024,09:32:45,50000,49985.2,15,50006.2,60,0,56940
BANKNIFTY-III.NFO,06/06/2024,09:32:46,50000,49989.2,15,50011.4,75,0,56940
BANKNIFTY-III.NFO,06/06/2024,09:32:48,50000,49987.45,15,50013.5,60,0,56940
BANKNIFTY-III.NFO,06/06/2024,09:32:49,50000,49982.65,15,50013.5,60,0,56940
BANKNIFTY-III.NFO,06/06/2024,09:32:51,50000,49983.2,15,50013.4,60,0,56940
BANKNIFTY-III.NFO,06/06/2024,09:32:53,50000,49988.35,15,50013.4,60,0,56940
BANKNIFTY-III.NFO,06/06/2024,09:32:54,50000,49989.1,15,50013.5,60,0,56940
BANKNIFTY-III.NFO,06/06/2024,09:32:56,50000,49997.65,15,50021.2,60,15,56940
BANKNIFTY-III.NFO,06/06/2024,09:32:58,50000,49990.35,15,50018.3,60,0,56940
BANKNIFTY-III.NFO,06/06/2024,09:32:59,50000,49992.85,15,50019.85,60,0,56940
BANKNIFTY-III.NFO,06/06/2024,09:33:01,50000,49996.25,15,50020.7,60,0,56940
BANKNIFTY-III.NFO,06/06/2024,09:33:03,50000,49992.45,15,50022.7,60,0,56940
BANKNIFTY-III.NFO,06/06/2024,09:33:04,50000,49998.65,15,50022.7,60,0,56940
BANKNIFTY-III.NFO,06/06/2024,09:33:06,50000,50000.85,15,50024.7,60,0,56940
BANKNIFTY-III.NFO,06/06/2024,09:33:08,50000,50007.9,15,50029.85,60,0,56940
BANKNIFTY-III.NFO,06/06/2024,09:33:09,50000,50001.75,15,50026.35,60,0,56940
BANKNIFTY-III.NFO,06/06/2024,09:33:13,50000,50000.05,15,50026.25,60,0,56940
BANKNIFTY-III.NFO,06/06/2024,09:33:14,50000,49988.85,15,50013.55,60,15,56940
BANKNIFTY-III.NFO,06/06/2024,09:33:16,50000,49976.7,15,50011.85,60,0,56940
BANKNIFTY-III.NFO,06/06/2024,09:33:18,50000,49971.45,15,49998,60,0,56940
BANKNIFTY-III.NFO,06/06/2024,09:33:19,50000,49970.05,15,49992.65,60,0,56940
BANKNIFTY-III.NFO,06/06/2024,09:33:21,50000,49970,30,49990.25,60,0,56940
BANKNIFTY-III.NFO,06/06/2024,09:33:23,50000,49970.05,15,49984.35,60,0,56940
BANKNIFTY-III.NFO,06/06/2024,09:33:24,50000,49970.05,15,49990.25,60,0,56940
BANKNIFTY-III.NFO,06/06/2024,09:33:26,50000,49970.25,15,49997.85,60,0,56940
BANKNIFTY-III.NFO,06/06/2024,09:33:28,49999.4,49972.95,30,49999.4,60,15,57345
BANKNIFTY-III.NFO,06/06/2024,09:33:29,49999.4,49975.75,30,49998.2,75,0,57345
BANKNIFTY-III.NFO,06/06/2024,09:33:31,49999.4,49974.8,30,49999.4,60,0,57345
BANKNIFTY-III.NFO,06/06/2024,09:33:33,49999.4,49971.45,30,49999.4,60,0,57345
BANKNIFTY-III.NFO,06/06/2024,09:33:34,49999.4,49975.7,30,49999.4,60,0,57345
BANKNIFTY-III.NFO,06/06/2024,09:33:36,49999.4,49973.5,30,49999.95,60,0,57345
BANKNIFTY-III.NFO,06/06/2024,09:33:38,49999.4,49980.4,30,49999.95,75,0,57345
BANKNIFTY-III.NFO,06/06/2024,09:33:39,49999.4,49987.65,30,50000,30,0,57345
BANKNIFTY-III.NFO,06/06/2024,09:33:41,49999.4,49991.3,30,50000,30,0,57345
BANKNIFTY-III.NFO,06/06/2024,09:33:43,49999.4,49987.15,45,50000,30,0,57345
BANKNIFTY-III.NFO,06/06/2024,09:33:44,49999.4,49989.15,30,50000,30,0,57345
BANKNIFTY-III.NFO,06/06/2024,09:33:46,49999.4,49997.7,30,50000,30,0,57345
BANKNIFTY-III.NFO,06/06/2024,09:33:48,50000,49988.05,45,49999.4,15,15,57345
BANKNIFTY-III.NFO,06/06/2024,09:33:49,50000,49988.45,45,49999.4,15,0,57345
BANKNIFTY-III.NFO,06/06/2024,09:33:51,49991,49993,15,49999.4,15,15,57345
BANKNIFTY-III.NFO,06/06/2024,09:33:53,49991,49992.1,15,49999.4,15,0,57345
BANKNIFTY-III.NFO,06/06/2024,09:33:54,49999.4,49997.05,15,50000,15,15,57345
BANKNIFTY-III.NFO,06/06/2024,09:33:56,50000,49992.55,15,50015.15,60,15,57345
BANKNIFTY-III.NFO,06/06/2024,09:33:58,50000,49998.05,15,50019.35,60,0,57345
BANKNIFTY-III.NFO,06/06/2024,09:33:59,50000,50003.6,15,50019.95,60,0,57345
BANKNIFTY-III.NFO,06/06/2024,09:34:01,50000,50002.7,15,50019.95,60,0,57345
BANKNIFTY-III.NFO,06/06/2024,09:34:03,50000,50009.85,15,50020,30,0,57345
BANKNIFTY-III.NFO,06/06/2024,09:34:04,50020,50019.3,15,50042.65,60,30,57345
BANKNIFTY-III.NFO,06/06/2024,09:34:06,50020,50018.7,15,50044.2,75,0,57345
BANKNIFTY-III.NFO,06/06/2024,09:34:08,50020,50022.25,15,50048.95,60,0,57345
BANKNIFTY-III.NFO,06/06/2024,09:34:09,50020,50025.65,15,50048.95,75,0,57345
BANKNIFTY-III.NFO,06/06/2024,09:34:11,50050,50045.9,15,50050,330,90,57345
BANKNIFTY-III.NFO,06/06/2024,09:34:13,50050,50045.55,15,50050,270,60,57345
BANKNIFTY-III.NFO,06/06/2024,09:34:15,50050,50046.2,15,50050,225,45,57345
BANKNIFTY-III.NFO,06/06/2024,09:34:16,50050,50047.7,15,50050,225,15,57345
BANKNIFTY-III.NFO,06/06/2024,09:34:18,50050,50047,15,50050,180,45,57345
BANKNIFTY-III.NFO,06/06/2024,09:34:20,50050,50045.75,150,50050,60,120,57345
BANKNIFTY-III.NFO,06/06/2024,09:34:21,50050,50040.95,15,50050,60,0,57345
BANKNIFTY-III.NFO,06/06/2024,09:34:23,50050,50040.65,180,50050,45,45,57345
BANKNIFTY-III.NFO,06/06/2024,09:34:25,50050,50026.85,15,50049.95,75,0,57345
BANKNIFTY-III.NFO,06/06/2024,09:34:26,50050,50037.1,15,50049.95,75,0,57345
BANKNIFTY-III.NFO,06/06/2024,09:34:28,50050,50037.15,30,50049.95,60,0,57345
BANKNIFTY-III.NFO,06/06/2024,09:34:30,50050,50037.4,15,50049.95,60,0,57345
BANKNIFTY-III.NFO,06/06/2024,09:34:31,50050,50037.55,165,50049.95,60,0,57345
BANKNIFTY-III.NFO,06/06/2024,09:34:33,50050,50042.1,15,50049.95,60,0,57345
BANKNIFTY-III.NFO,06/06/2024,09:34:35,50045.15,50048.35,15,50050,60,15,57345
BANKNIFTY-III.NFO,06/06/2024,09:34:36,50050,50042.1,15,50049.95,60,30,57345
BANKNIFTY-III.NFO,06/06/2024,09:34:38,50034.1,50027.15,195,50049.95,75,225,57345
BANKNIFTY-III.NFO,06/06/2024,09:34:40,50034.1,50031.75,15,50049.95,75,0,57345
BANKNIFTY-III.NFO,06/06/2024,09:34:41,50034.1,50037.4,15,50049.95,60,0,57345
BANKNIFTY-III.NFO,06/06/2024,09:34:43,50034.1,50031.9,15,50049.95,75,0,57345
BANKNIFTY-III.NFO,06/06/2024,09:34:45,50034.1,50042.1,15,50049.95,60,0,57345
BANKNIFTY-III.NFO,06/06/2024,09:34:46,50034.1,50040.35,15,50049.95,60,0,57345
BANKNIFTY-III.NFO,06/06/2024,09:34:48,50034.1,50038.85,150,50050,45,0,57345
BANKNIFTY-III.NFO,06/06/2024,09:34:50,50034.1,50038.3,15,50049.95,60,0,57345
BANKNIFTY-III.NFO,06/06/2024,09:34:51,50034.1,50039.35,15,50049.95,60,0,57345
BANKNIFTY-III.NFO,06/06/2024,09:34:53,50034.1,50042.15,15,50049.95,60,0,57345
BANKNIFTY-III.NFO,06/06/2024,09:34:55,50050,50045.05,15,50050,30,30,57345
BANKNIFTY-III.NFO,06/06/2024,09:34:56,50050,50048.3,15,50050,30,0,57345
BANKNIFTY-III.NFO,06/06/2024,09:34:58,50046.3,50033.6,15,50049.95,75,30,57345
BANKNIFTY-III.NFO,06/06/2024,09:35:00,50055,50059,15,50060,15,60,57345
BANKNIFTY-III.NFO,06/06/2024,09:35:01,50065,50056.7,15,50065,345,60,57345
BANKNIFTY-III.NFO,06/06/2024,09:35:03,50065,50062.4,15,50065,195,150,57345
BANKNIFTY-III.NFO,06/06/2024,09:35:05,50065,50063.1,15,50065,180,15,57345
BANKNIFTY-III.NFO,06/06/2024,09:35:06,50065,50051.85,15,50065,75,105,57345
BANKNIFTY-III.NFO,06/06/2024,09:35:08,50065,50052.6,15,50065,75,0,57345
BANKNIFTY-III.NFO,06/06/2024,09:35:10,50065,50055.65,15,50065,75,0,57345
BANKNIFTY-III.NFO,06/06/2024,09:35:11,50065,50059.7,15,50065,45,30,57345
BANKNIFTY-III.NFO,06/06/2024,09:35:13,50065,50068.15,15,50070,15,60,57345
BANKNIFTY-III.NFO,06/06/2024,09:35:14,50070,50070.6,15,50079.95,60,15,57345
BANKNIFTY-III.NFO,06/06/2024,09:35:16,50070,50064.05,15,50079.95,60,0,57345
BANKNIFTY-III.NFO,06/06/2024,09:35:18,50070,50056.45,15,50079.95,75,0,57345
BANKNIFTY-III.NFO,06/06/2024,09:35:19,50070,50058.05,15,50079.95,75,0,57345
BANKNIFTY-III.NFO,06/06/2024,09:35:21,50070,50054.5,15,50079.95,75,0,57345
BANKNIFTY-III.NFO,06/06/2024,09:35:23,50070,50060,15,50079.9,60,0,57345
BANKNIFTY-III.NFO,06/06/2024,09:35:24,50070,50060,15,50072.7,60,0,57345
BANKNIFTY-III.NFO,06/06/2024,09:35:26,50060,50043.75,15,50072.3,60,15,57345
BANKNIFTY-III.NFO,06/06/2024,09:35:28,50060,50043.6,15,50071.65,60,0,57345
BANKNIFTY-III.NFO,06/06/2024,09:35:29,50060,50043.65,15,50068.1,60,0,57345
BANKNIFTY-III.NFO,06/06/2024,09:35:31,50060,50043.65,15,50068,60,0,57345
BANKNIFTY-III.NFO,06/06/2024,09:35:33,50060,50023.6,15,50045.2,75,0,57345
BANKNIFTY-III.NFO,06/06/2024,09:35:34,50060,50013.8,180,50048.5,60,0,57345
BANKNIFTY-III.NFO,06/06/2024,09:35:36,50060,50030.05,15,50051.25,75,0,57345
BANKNIFTY-III.NFO,06/06/2024,09:35:38,50060,50043.15,15,50059.95,60,0,57345
BANKNIFTY-III.NFO,06/06/2024,09:35:39,50060,50032.45,210,50059.95,60,0,57345
BANKNIFTY-III.NFO,06/06/2024,09:35:41,50060,50050.2,15,50060,15,0,57345
BANKNIFTY-III.NFO,06/06/2024,09:35:43,50060,50045.9,30,50060,15,0,57345
BANKNIFTY-III.NFO,06/06/2024,09:35:44,50060,50041.7,240,50059.95,60,0,57345
BANKNIFTY-III.NFO,06/06/2024,09:35:46,50060,50048.3,15,50060,15,0,57345
BANKNIFTY-III.NFO,06/06/2024,09:35:48,50060,50050.45,15,50060,15,0,57345
BANKNIFTY-III.NFO,06/06/2024,09:35:49,50060,50054.4,15,50060,15,0,57345
BANKNIFTY-III.NFO,06/06/2024,09:35:51,50060,50049,150,50074.75,60,15,57345
BANKNIFTY-III.NFO,06/06/2024,09:35:53,50060,50054.2,15,50079.9,60,0,57345
BANKNIFTY-III.NFO,06/06/2024,09:35:54,50060,50055.15,15,50079.9,60,0,57345
BANKNIFTY-III.NFO,06/06/2024,09:35:56,50060,50051.4,30,50079.9,60,0,57345
BANKNIFTY-III.NFO,06/06/2024,09:35:58,50060,50051.05,15,50079.9,60,0,57345
BANKNIFTY-III.NFO,06/06/2024,09:35:59,50060,50048.35,15,50069.95,75,0,57345
BANKNIFTY-III.NFO,06/06/2024,09:36:01,50060,50052.1,15,50069.95,60,0,57345
BANKNIFTY-III.NFO,06/06/2024,09:36:03,50060,50050.55,15,50069.95,75,0,57345
BANKNIFTY-III.NFO,06/06/2024,09:36:04,50060,50052,15,50069.95,60,0,57345
BANKNIFTY-III.NFO,06/06/2024,09:36:06,50060,50052.4,15,50069.95,75,0,57345
BANKNIFTY-III.NFO,06/06/2024,09:36:08,50060,50049.05,225,50069.95,75,0,57345
BANKNIFTY-III.NFO,06/06/2024,09:36:09,50049.05,50049.2,15,50069.95,75,15,57345
BANKNIFTY-III.NFO,06/06/2024,09:36:12,50049.05,50049.85,30,50070,30,0,57345
BANKNIFTY-III.NFO,06/06/2024,09:36:13,50049.05,50055.2,15,50070,30,0,57345
BANKNIFTY-III.NFO,06/06/2024,09:36:15,50070,50067.6,15,50080,15,45,57345
BANKNIFTY-III.NFO,06/06/2024,09:36:17,50070,50072.95,15,50080,15,0,57345
BANKNIFTY-III.NFO,06/06/2024,09:36:18,50080,50076.05,30,50080.9,15,15,57345
BANKNIFTY-III.NFO,06/06/2024,09:36:20,50088,50082.85,30,50090,30,60,57345
BANKNIFTY-III.NFO,06/06/2024,09:36:22,50097.8,50083.35,60,50104.95,75,375,57345
BANKNIFTY-III.NFO,06/06/2024,09:36:22,50105,50083.35,60,50104.95,75,0,57345
BANKNIFTY-III.NFO,06/06/2024,09:36:23,50097.8,50093.45,60,50105,375,0,57345
BANKNIFTY-III.NFO,06/06/2024,09:36:25,50105,50100.3,60,50105,60,315,57345
BANKNIFTY-III.NFO,06/06/2024,09:36:27,50111,50108.5,60,50111,15,90,57345
BANKNIFTY-III.NFO,06/06/2024,09:36:27,50111,50108.5,60,50111,15,0,57345
BANKNIFTY-III.NFO,06/06/2024,09:36:28,50101,50101,60,50126.1,45,45,58080
BANKNIFTY-III.NFO,06/06/2024,09:36:28,50124.95,50101,60,50126.1,45,0,58080
BANKNIFTY-III.NFO,06/06/2024,09:36:30,50101,50083.45,60,50126.1,45,0,58080
BANKNIFTY-III.NFO,06/06/2024,09:36:32,50101,50103.2,60,50126.85,45,0,58080
BANKNIFTY-III.NFO,06/06/2024,09:36:33,50101,50099.4,60,50126.85,45,0,58080
BANKNIFTY-III.NFO,06/06/2024,09:36:35,50101,50101.25,60,50126.85,45,0,58080
BANKNIFTY-III.NFO,06/06/2024,09:36:37,50101,50107,60,50132.95,45,0,58080
BANKNIFTY-III.NFO,06/06/2024,09:36:38,50101,50106.6,60,50133.25,60,0,58080
BANKNIFTY-III.NFO,06/06/2024,09:36:40,50101,50109.85,60,50133.25,60,0,58080
BANKNIFTY-III.NFO,06/06/2024,09:36:42,50125.8,50101,15,50125,30,15,58080
BANKNIFTY-III.NFO,06/06/2024,09:36:42,50125.8,50101,15,50125,30,0,58080
BANKNIFTY-III.NFO,06/06/2024,09:36:43,50125.8,50101,15,50115.8,30,0,58080
BANKNIFTY-III.NFO,06/06/2024,09:36:45,50101,50083,60,50115.7,30,15,58080
BANKNIFTY-III.NFO,06/06/2024,09:36:47,50101,50096.85,60,50125,30,0,58080
BANKNIFTY-III.NFO,06/06/2024,09:36:48,50101,50102.4,60,50133.1,30,0,58080
BANKNIFTY-III.NFO,06/06/2024,09:36:50,50101,50105.25,60,50133.2,30,0,58080
BANKNIFTY-III.NFO,06/06/2024,09:36:52,50101,50103.75,60,50133.2,30,0,58080
BANKNIFTY-III.NFO,06/06/2024,09:36:53,50101,50100.65,60,50133.2,30,0,58080
BANKNIFTY-III.NFO,06/06/2024,09:36:55,50101.05,50101.05,60,50133.1,45,15,58080
BANKNIFTY-III.NFO,06/06/2024,09:36:57,50101.05,50102.2,60,50133,45,0,58080
BANKNIFTY-III.NFO,06/06/2024,09:36:58,50132.9,50101.05,60,50132.9,30,15,58080
BANKNIFTY-III.NFO,06/06/2024,09:36:58,50132.9,50101.05,60,50132.9,30,0,58080
BANKNIFTY-III.NFO,06/06/2024,09:37:00,50132.9,50101.05,60,50132.8,30,0,58080
BANKNIFTY-III.NFO,06/06/2024,09:37:02,50132.7,50101.05,60,50132.7,15,30,58080
BANKNIFTY-III.NFO,06/06/2024,09:37:03,50132.7,50101.05,60,50132.65,15,0,58080
BANKNIFTY-III.NFO,06/06/2024,09:37:05,50132.7,50101.05,60,50130.05,150,0,58080
BANKNIFTY-III.NFO,06/06/2024,09:37:07,50132.7,50101.05,60,50130,15,0,58080
BANKNIFTY-III.NFO,06/06/2024,09:37:08,50132.7,50101,45,50112.8,15,0,58080
BANKNIFTY-III.NFO,06/06/2024,09:37:10,50112.8,50101,30,50114.5,15,15,58080
BANKNIFTY-III.NFO,06/06/2024,09:37:11,50112.8,50101,30,50110.8,165,0,58080
BANKNIFTY-III.NFO,06/06/2024,09:37:12,50101,50076.9,60,50108.15,165,30,58080
BANKNIFTY-III.NFO,06/06/2024,09:37:14,50068.55,50068.95,60,50105.35,15,15,58080
BANKNIFTY-III.NFO,06/06/2024,09:37:16,50068.55,50061.8,60,50097,15,0,58080
BANKNIFTY-III.NFO,06/06/2024,09:37:17,50068.55,50062.1,60,50087.25,15,0,58080
BANKNIFTY-III.NFO,06/06/2024,09:37:19,50068.55,50065.9,60,50096.7,15,0,58080
BANKNIFTY-III.NFO,06/06/2024,09:37:21,50068.55,50067.85,60,50101.65,15,0,58080
BANKNIFTY-III.NFO,06/06/2024,09:37:22,50099.65,50067.8,60,50106.8,150,15,58080
BANKNIFTY-III.NFO,06/06/2024,09:37:24,50099.65,50082.2,60,50114.5,15,0,58080
BANKNIFTY-III.NFO,06/06/2024,09:37:26,50099.65,50081.35,60,50107.5,150,0,58080
BANKNIFTY-III.NFO,06/06/2024,09:37:27,50099.65,50083.25,60,50114.5,15,0,58080
BANKNIFTY-III.NFO,06/06/2024,09:37:29,50099.65,50094.45,60,50124.05,15,0,58080
BANKNIFTY-III.NFO,06/06/2024,09:37:31,50099.65,50094.75,60,50124.05,15,0,58080
BANKNIFTY-III.NFO,06/06/2024,09:37:32,50099.65,50094.45,60,50119.9,150,0,58080
BANKNIFTY-III.NFO,06/06/2024,09:37:34,50099.65,50095.75,60,50120.85,15,15,58080
BANKNIFTY-III.NFO,06/06/2024,09:37:36,50099.65,50099.95,60,50120.85,15,0,58080
BANKNIFTY-III.NFO,06/06/2024,09:37:37,50099.65,50102.25,60,50125.95,15,0,58080
BANKNIFTY-III.NFO,06/06/2024,09:37:39,50099.65,50102.55,60,50131.45,150,0,58080
BANKNIFTY-III.NFO,06/06/2024,09:37:41,50099.65,50105.35,60,50127.45,15,0,58080
BANKNIFTY-III.NFO,06/06/2024,09:37:42,50099.65,50100.85,60,50127.45,15,0,58080
BANKNIFTY-III.NFO,06/06/2024,09:37:44,50099.65,50103.15,60,50133.15,150,0,58080
BANKNIFTY-III.NFO,06/06/2024,09:37:46,50099.65,50103.25,60,50133.1,15,0,58080
BANKNIFTY-III.NFO,06/06/2024,09:37:47,50099.65,50103.55,60,50133.1,15,0,58080
BANKNIFTY-III.NFO,06/06/2024,09:37:49,50099.65,50105.55,60,50133.25,15,0,58080
BANKNIFTY-III.NFO,06/06/2024,09:37:51,50099.65,50106.55,60,50133.25,15,0,58080
BANKNIFTY-III.NFO,06/06/2024,09:37:52,50099.65,50111.75,60,50133.85,30,0,58080
BANKNIFTY-III.NFO,06/06/2024,09:37:54,50099.65,50117.45,60,50133.85,15,0,58080
BANKNIFTY-III.NFO,06/06/2024,09:37:56,50099.65,50122.65,60,50144.15,30,0,58080
BANKNIFTY-III.NFO,06/06/2024,09:37:57,50099.65,50119.95,60,50144.15,30,0,58080
BANKNIFTY-III.NFO,06/06/2024,09:37:59,50099.65,50120.25,60,50144.15,30,0,58080
BANKNIFTY-III.NFO,06/06/2024,09:38:01,50099.65,50120.4,60,50144.15,30,0,58080
BANKNIFTY-III.NFO,06/06/2024,09:38:02,50113.7,50112.75,60,50144.1,15,15,58080
BANKNIFTY-III.NFO,06/06/2024,09:38:04,50113.7,50105.75,60,50121,15,0,58080
BANKNIFTY-III.NFO,06/06/2024,09:38:06,50113.7,50107.5,60,50121,15,0,58080
BANKNIFTY-III.NFO,06/06/2024,09:38:07,50113.7,50103.25,60,50121,30,0,58080
BANKNIFTY-III.NFO,06/06/2024,09:38:09,50113.7,50110.05,60,50121,15,0,58080
BANKNIFTY-III.NFO,06/06/2024,09:38:11,50113.7,50111.65,75,50121,15,0,58080
BANKNIFTY-III.NFO,06/06/2024,09:38:12,50113.7,50111.85,60,50121,15,0,58080
BANKNIFTY-III.NFO,06/06/2024,09:38:14,50113.7,50102.85,60,50120.95,15,0,58080
BANKNIFTY-III.NFO,06/06/2024,09:38:16,50113.7,50105.05,15,50120.95,15,0,58080
BANKNIFTY-III.NFO,06/06/2024,09:38:17,50113.7,50100.05,60,50120.95,15,0,58080
BANKNIFTY-III.NFO,06/06/2024,09:38:19,50120.95,50100.05,60,50121,30,15,58080
BANKNIFTY-III.NFO,06/06/2024,09:38:21,50120.95,50100.05,60,50121,30,0,58080
BANKNIFTY-III.NFO,06/06/2024,09:38:22,50120.95,50101.2,75,50121,30,0,58080
BANKNIFTY-III.NFO,06/06/2024,09:38:24,50120.95,50106.25,60,50121,15,0,58080
BANKNIFTY-III.NFO,06/06/2024,09:38:26,50120.95,50100.05,60,50121,30,0,58080
BANKNIFTY-III.NFO,06/06/2024,09:38:29,50120.95,50103.15,60,50121,15,0,58080
BANKNIFTY-III.NFO,06/06/2024,09:38:31,50120.95,50100.55,60,50121,30,0,58080
BANKNIFTY-III.NFO,06/06/2024,09:38:32,50120.95,50100.25,60,50121,30,0,58080
BANKNIFTY-III.NFO,06/06/2024,09:38:34,50120.95,50101,60,50121,30,0,58080
BANKNIFTY-III.NFO,06/06/2024,09:38:35,50120.95,50100.05,60,50120.95,15,0,58080
BANKNIFTY-III.NFO,06/06/2024,09:38:37,50120.95,50100.05,60,50120.95,30,0,58080
BANKNIFTY-III.NFO,06/06/2024,09:38:42,50120.95,50103.05,60,50120.95,15,0,58080
BANKNIFTY-III.NFO,06/06/2024,09:38:44,50120.95,50103.35,60,50120.95,30,0,58080
BANKNIFTY-III.NFO,06/06/2024,09:38:45,50120.95,50100.05,60,50120.95,30,0,58080
BANKNIFTY-III.NFO,06/06/2024,09:38:47,50095.7,50091.75,120,50120.8,120,105,58080
BANKNIFTY-III.NFO,06/06/2024,09:38:49,50095.7,50092.25,120,50120.25,120,0,58080
BANKNIFTY-III.NFO,06/06/2024,09:38:50,50095.7,50081.75,120,50095.7,15,0,58080
BANKNIFTY-III.NFO,06/06/2024,09:38:52,50095.7,50078.05,120,50095.65,135,0,58080
BANKNIFTY-III.NFO,06/06/2024,09:38:54,50095.65,50073.8,120,50095.65,120,15,58080
BANKNIFTY-III.NFO,06/06/2024,09:38:55,50095.65,50073.4,120,50095.65,120,0,58080
BANKNIFTY-III.NFO,06/06/2024,09:38:57,50095.65,50075.5,120,50095.65,120,0,58080
BANKNIFTY-III.NFO,06/06/2024,09:38:59,50095.65,50076,120,50095.65,120,0,58080
BANKNIFTY-III.NFO,06/06/2024,09:39:00,50109.65,50095.15,120,50115.2,90,30,58080
BANKNIFTY-III.NFO,06/06/2024,09:39:02,50109.65,50088.1,120,50115.2,90,0,58080
BANKNIFTY-III.NFO,06/06/2024,09:39:04,50111.85,50080.95,120,50110.8,75,15,58080
BANKNIFTY-III.NFO,06/06/2024,09:39:05,50111.85,50085.75,120,50115.2,75,0,58080
BANKNIFTY-III.NFO,06/06/2024,09:39:07,50115.2,50089.85,120,50115.2,60,15,58080
BANKNIFTY-III.NFO,06/06/2024,09:39:09,50115.2,50095.8,120,50118.75,60,0,58080
BANKNIFTY-III.NFO,06/06/2024,09:39:12,50115.2,50101.15,120,50119.95,75,0,58080
BANKNIFTY-III.NFO,06/06/2024,09:39:13,50115.2,50101.45,120,50119.95,60,0,58080
BANKNIFTY-III.NFO,06/06/2024,09:39:15,50115.2,50090.15,120,50114.95,75,0,58080
BANKNIFTY-III.NFO,06/06/2024,09:39:17,50115.2,50090.55,135,50114.95,75,0,58080
BANKNIFTY-III.NFO,06/06/2024,09:39:18,50115.2,50092.55,120,50114.95,75,0,58080
BANKNIFTY-III.NFO,06/06/2024,09:39:20,50115.2,50099.55,120,50114.95,75,0,58080
BANKNIFTY-III.NFO,06/06/2024,09:39:22,50115.2,50090.4,120,50114.95,75,0,58080
BANKNIFTY-III.NFO,06/06/2024,09:39:23,50115.2,50110,30,50114.95,75,0,58080
BANKNIFTY-III.NFO,06/06/2024,09:39:25,50110,50094.6,120,50114.95,75,30,58080
BANKNIFTY-III.NFO,06/06/2024,09:39:27,50110,50087.4,120,50113.7,75,0,58080
BANKNIFTY-III.NFO,06/06/2024,09:39:28,50110,50083.45,120,50113.7,75,0,58080
BANKNIFTY-III.NFO,06/06/2024,09:39:30,50110,50075.05,120,50101.7,60,0,58080
BANKNIFTY-III.NFO,06/06/2024,09:39:32,50110,50072,120,50099.9,60,0,58080
BANKNIFTY-III.NFO,06/06/2024,09:39:33,50110,50072.2,120,50096.3,60,0,58080
BANKNIFTY-III.NFO,06/06/2024,09:39:35,50110,50067.25,120,50096.3,60,0,58080
BANKNIFTY-III.NFO,06/06/2024,09:39:37,50110,50064.8,120,50090.85,75,0,58080
BANKNIFTY-III.NFO,06/06/2024,09:39:38,50110,50072.6,120,50096.3,60,0,58080
BANKNIFTY-III.NFO,06/06/2024,09:39:40,50110,50067.3,120,50094.25,60,0,58080
BANKNIFTY-III.NFO,06/06/2024,09:39:42,50067.5,50069,120,50094.85,90,30,58185
BANKNIFTY-III.NFO,06/06/2024,09:39:43,50067.5,50059.5,120,50092.55,90,0,58185
BANKNIFTY-III.NFO,06/06/2024,09:39:45,50067.5,50055.9,120,50084.2,90,0,58185
BANKNIFTY-III.NFO,06/06/2024,09:39:47,50067.5,50055.5,120,50084.1,90,0,58185
BANKNIFTY-III.NFO,06/06/2024,09:39:48,50067.5,50053.15,120,50084.1,90,0,58185
BANKNIFTY-III.NFO,06/06/2024,09:39:50,50067.5,50053.35,120,50076.2,90,0,58185
BANKNIFTY-III.NFO,06/06/2024,09:39:52,50067.5,50050.75,120,50071.4,90,0,58185
BANKNIFTY-III.NFO,06/06/2024,09:39:53,50067.5,50051.15,120,50078.05,90,0,58185
BANKNIFTY-III.NFO,06/06/2024,09:39:55,50073.05,50053.35,120,50073.05,75,15,58185
BANKNIFTY-III.NFO,06/06/2024,09:39:57,50073.05,50055.9,120,50079.15,75,0,58185
BANKNIFTY-III.NFO,06/06/2024,09:39:58,50073.05,50050.05,120,50079.15,75,0,58185
BANKNIFTY-III.NFO,06/06/2024,09:40:00,50073.05,50051.65,120,50072.95,75,0,58185
BANKNIFTY-III.NFO,06/06/2024,09:40:02,50073.05,50052.45,120,50076.35,90,0,58185
BANKNIFTY-III.NFO,06/06/2024,09:40:03,50073.05,50050.05,120,50072.75,75,0,58185
BANKNIFTY-III.NFO,06/06/2024,09:40:05,50073.05,50050,15,50058.75,75,0,58185
BANKNIFTY-III.NFO,06/06/2024,09:40:07,50050,50024.35,120,50057.65,75,15,58185
BANKNIFTY-III.NFO,06/06/2024,09:40:08,50050,50021.65,120,50057.65,75,0,58185
BANKNIFTY-III.NFO,06/06/2024,09:40:10,50050,50027.05,120,50057.65,75,0,58185
BANKNIFTY-III.NFO,06/06/2024,09:40:11,50050,50036.8,120,50067,75,0,58185
BANKNIFTY-III.NFO,06/06/2024,09:40:13,50050,50043,120,50050,30,30,58185
BANKNIFTY-III.NFO,06/06/2024,09:40:15,50050,50039.8,135,50061.55,90,30,58185
BANKNIFTY-III.NFO,06/06/2024,09:40:16,50050,50044.55,120,50070.2,90,0,58185
BANKNIFTY-III.NFO,06/06/2024,09:40:18,50050,50046.15,120,50071,90,0,58185
BANKNIFTY-III.NFO,06/06/2024,09:40:20,50050,50052.1,120,50071,90,0,58185
BANKNIFTY-III.NFO,06/06/2024,09:40:21,50050,50050.15,120,50071,90,0,58185
BANKNIFTY-III.NFO,06/06/2024,09:40:23,50050,50050.15,120,50072.25,90,0,58185
BANKNIFTY-III.NFO,06/06/2024,09:40:28,50050,50051.75,120,50074.15,90,0,58185
BANKNIFTY-III.NFO,06/06/2024,09:40:29,50050,50050.15,120,50074.15,90,0,58185
BANKNIFTY-III.NFO,06/06/2024,09:40:33,50050,50050.15,120,50075.35,90,0,58185
BANKNIFTY-III.NFO,06/06/2024,09:40:34,50050,50050.15,120,50076.3,90,0,58185
BANKNIFTY-III.NFO,06/06/2024,09:40:36,50050,50051.65,120,50076.3,90,0,58185
BANKNIFTY-III.NFO,06/06/2024,09:40:38,50050,50055.25,120,50078.45,90,0,58185
BANKNIFTY-III.NFO,06/06/2024,09:40:39,50050,50058.65,120,50082.1,90,0,58185
BANKNIFTY-III.NFO,06/06/2024,09:40:41,50050,50067.7,135,50083.65,90,0,58185
BANKNIFTY-III.NFO,06/06/2024,09:40:43,50076.35,50075,120,50091.25,105,15,58185
BANKNIFTY-III.NFO,06/06/2024,09:40:44,50076.35,50081.4,120,50099.2,15,0,58185
BANKNIFTY-III.NFO,06/06/2024,09:40:46,50076.35,50093.35,120,50107.6,15,0,58185
BANKNIFTY-III.NFO,06/06/2024,09:40:48,50076.35,50093.85,120,50109.95,105,0,58185
BANKNIFTY-III.NFO,06/06/2024,09:40:49,50076.35,50089.5,120,50109.95,105,0,58185
BANKNIFTY-III.NFO,06/06/2024,09:40:51,50076.35,50098.35,120,50110,30,0,58185
BANKNIFTY-III.NFO,06/06/2024,09:40:53,50076.35,50097.25,120,50110,15,0,58185
BANKNIFTY-III.NFO,06/06/2024,09:40:54,50076.35,50100.15,120,50110,15,0,58185
BANKNIFTY-III.NFO,06/06/2024,09:40:56,50101,50103.75,120,50115.2,15,30,58185
BANKNIFTY-III.NFO,06/06/2024,09:40:58,50101,50102.6,120,50115.2,30,0,58185
BANKNIFTY-III.NFO,06/06/2024,09:40:59,50101,50105.5,120,50115.2,30,0,58185
BANKNIFTY-III.NFO,06/06/2024,09:41:01,50101,50104.15,120,50115.2,15,0,58185
BANKNIFTY-III.NFO,06/06/2024,09:41:03,50115.2,50111.45,120,50120,30,15,58185
BANKNIFTY-III.NFO,06/06/2024,09:41:04,50115.2,50115.05,150,50120,60,0,58185
BANKNIFTY-III.NFO,06/06/2024,09:41:06,50121,50104.55,120,50133.5,120,90,58185
BANKNIFTY-III.NFO,06/06/2024,09:41:08,50121,50107.05,120,50133.5,120,0,58185
BANKNIFTY-III.NFO,06/06/2024,09:41:09,50121,50106.65,120,50115.2,30,0,58185
BANKNIFTY-III.NFO,06/06/2024,09:41:11,50131.85,50122.65,30,50133.5,105,30,58185
BANKNIFTY-III.NFO,06/06/2024,09:41:13,50131.85,50117.25,15,50141.55,105,0,58185
BANKNIFTY-III.NFO,06/06/2024,09:41:15,50131.85,50117.3,120,50141.55,105,0,58185
BANKNIFTY-III.NFO,06/06/2024,09:41:16,50131.85,50114.75,120,50141.45,105,0,58185
BANKNIFTY-III.NFO,06/06/2024,09:41:18,50131.85,50107.25,135,50141.55,105,0,58185
BANKNIFTY-III.NFO,06/06/2024,09:41:20,50131.85,50092.8,120,50141.35,105,0,58185
BANKNIFTY-III.NFO,06/06/2024,09:41:21,50131.85,50096.7,120,50132.55,105,0,58185
BANKNIFTY-III.NFO,06/06/2024,09:41:23,50131.85,50091.25,120,50127.75,105,0,58185
BANKNIFTY-III.NFO,06/06/2024,09:41:25,50131.85,50093.2,120,50122.5,105,0,58185
BANKNIFTY-III.NFO,06/06/2024,09:41:26,50131.85,50090.7,15,50115.65,105,0,58185
BANKNIFTY-III.NFO,06/06/2024,09:41:28,50131.85,50090.7,15,50111.15,105,0,58185
BANKNIFTY-III.NFO,06/06/2024,09:41:30,50131.85,50090.7,15,50109.3,105,0,58185
BANKNIFTY-III.NFO,06/06/2024,09:41:31,50131.85,50088.7,15,50109.2,105,0,58185
BANKNIFTY-III.NFO,06/06/2024,09:41:33,50131.85,50088.7,15,50105.5,105,0,58185
BANKNIFTY-III.NFO,06/06/2024,09:41:35,50131.85,50088.7,15,50104.8,105,0,58185
BANKNIFTY-III.NFO,06/06/2024,09:41:36,50131.85,50075.1,120,50104.8,105,0,58185
BANKNIFTY-III.NFO,06/06/2024,09:41:38,50131.85,50071.65,120,50100.75,105,0,58185
BANKNIFTY-III.NFO,06/06/2024,09:41:40,50131.85,50072.65,120,50098.25,105,0,58185
BANKNIFTY-III.NFO,06/06/2024,09:41:41,50061.95,50074.1,120,50098.2,120,15,58185
BANKNIFTY-III.NFO,06/06/2024,09:41:43,50061.95,50071.35,120,50098.2,120,0,58185
BANKNIFTY-III.NFO,06/06/2024,09:41:45,50061.95,50069.75,120,50098.1,120,0,58185
BANKNIFTY-III.NFO,06/06/2024,09:41:46,50061.95,50062.2,120,50097.9,120,0,58185
BANKNIFTY-III.NFO,06/06/2024,09:41:48,50061.95,50054.35,120,50091.45,120,0,58185
BANKNIFTY-III.NFO,06/06/2024,09:41:50,50061.95,50061.45,120,50093.6,120,0,58185
BANKNIFTY-III.NFO,06/06/2024,09:41:51,50061.95,50052.1,135,50083.15,120,0,58185
BANKNIFTY-III.NFO,06/06/2024,09:41:53,50061.95,50059.7,120,50086.3,120,0,58185
BANKNIFTY-III.NFO,06/06/2024,09:41:55,50061.95,50061.6,135,50086.3,120,0,58185
BANKNIFTY-III.NFO,06/06/2024,09:41:56,50061.95,50058.3,120,50086.3,120,0,58185
BANKNIFTY-III.NFO,06/06/2024,09:41:58,50061.95,50058.6,120,50086.3,120,0,58185
BANKNIFTY-III.NFO,06/06/2024,09:42:00,50061.95,50054.3,120,50086.2,120,0,58185
BANKNIFTY-III.NFO,06/06/2024,09:42:01,50061.95,50063,120,50098.1,120,0,58185
BANKNIFTY-III.NFO,06/06/2024,09:42:03,50061.95,50062,120,50097.9,120,0,58185
BANKNIFTY-III.NFO,06/06/2024,09:42:05,50061.95,50062,120,50094.25,120,0,58185
BANKNIFTY-III.NFO,06/06/2024,09:42:06,50061.95,50062,120,50094.15,120,0,58185
BANKNIFTY-III.NFO,06/06/2024,09:42:08,50061.95,50062,120,50085.4,120,0,58185
BANKNIFTY-III.NFO,06/06/2024,09:42:10,50061.95,50062,120,50077.8,120,0,58185
BANKNIFTY-III.NFO,06/06/2024,09:42:13,50061.95,50051,120,50077.8,120,15,58185
BANKNIFTY-III.NFO,06/06/2024,09:42:14,50061.95,50051,120,50077.8,120,0,58185
BANKNIFTY-III.NFO,06/06/2024,09:42:16,50061.95,50061.95,15,50075.3,120,0,58185
BANKNIFTY-III.NFO,06/06/2024,09:42:18,50061.95,50061.95,15,50074.35,120,0,58185
BANKNIFTY-III.NFO,06/06/2024,09:42:19,50061.95,50050.15,120,50074.35,120,15,58185
BANKNIFTY-III.NFO,06/06/2024,09:42:21,50061.95,50050.15,120,50074.35,120,0,58185
BANKNIFTY-III.NFO,06/06/2024,09:42:22,50061.95,50050.15,120,50065.3,120,0,58185
BANKNIFTY-III.NFO,06/06/2024,09:42:26,50061.95,50050.15,120,50074.35,120,0,58185
BANKNIFTY-III.NFO,06/06/2024,09:42:27,50061.95,50050.15,120,50071.55,120,0,58185
BANKNIFTY-III.NFO,06/06/2024,09:42:29,50050.1,50050,15,50064.2,120,15,58275
BANKNIFTY-III.NFO,06/06/2024,09:42:31,50050,50021.75,120,50054.9,120,15,58275
BANKNIFTY-III.NFO,06/06/2024,09:42:32,50050,50021,15,50047.65,120,0,58275
BANKNIFTY-III.NFO,06/06/2024,09:42:34,50030.35,50021,15,50030.35,120,15,58275
BANKNIFTY-III.NFO,06/06/2024,09:42:36,50021,50000.35,120,50024.2,120,15,58275
BANKNIFTY-III.NFO,06/06/2024,09:42:37,50021,50003.25,120,50036.5,105,0,58275
BANKNIFTY-III.NFO,06/06/2024,09:42:39,50021,50020.35,120,50054.9,105,0,58275
BANKNIFTY-III.NFO,06/06/2024,09:42:41,50021,50025.7,120,50054.6,105,0,58275
BANKNIFTY-III.NFO,06/06/2024,09:42:42,50021,50015.65,120,50045.3,105,0,58275
BANKNIFTY-III.NFO,06/06/2024,09:42:44,50021,50019.6,120,50050.45,105,0,58275
BANKNIFTY-III.NFO,06/06/2024,09:42:46,50021,50021.35,120,50050.45,105,0,58275
BANKNIFTY-III.NFO,06/06/2024,09:42:47,50021,50023.5,120,50050.7,105,0,58275
BANKNIFTY-III.NFO,06/06/2024,09:42:49,50021,50016.85,135,50050.6,105,0,58275
BANKNIFTY-III.NFO,06/06/2024,09:42:51,50021,50019.75,120,50050.5,105,0,58275
BANKNIFTY-III.NFO,06/06/2024,09:42:52,50021,50022.05,120,50050.7,105,0,58275
BANKNIFTY-III.NFO,06/06/2024,09:42:54,50021,50029.75,120,50052.6,105,0,58275
BANKNIFTY-III.NFO,06/06/2024,09:42:56,50021,50021.65,120,50047.25,105,0,58275
BANKNIFTY-III.NFO,06/06/2024,09:42:57,50021,50026.35,120,50041.95,105,0,58275
BANKNIFTY-III.NFO,06/06/2024,09:42:59,50021,50023.75,120,50047.25,105,0,58275
BANKNIFTY-III.NFO,06/06/2024,09:43:01,50021,50022.25,120,50045.5,105,0,58275
BANKNIFTY-III.NFO,06/06/2024,09:43:02,50021,50025.8,120,50050.75,105,0,58275
BANKNIFTY-III.NFO,06/06/2024,09:43:04,50021,50031.95,120,50052.6,105,0,58275
BANKNIFTY-III.NFO,06/06/2024,09:43:06,50021,50029.75,120,50054.9,105,0,58275
BANKNIFTY-III.NFO,06/06/2024,09:43:07,50021,50027.15,120,50049.95,120,0,58275
BANKNIFTY-III.NFO,06/06/2024,09:43:09,50021,50023.75,120,50049.95,120,0,58275
BANKNIFTY-III.NFO,06/06/2024,09:43:11,50021,50021.75,120,50047.4,105,0,58275
BANKNIFTY-III.NFO,06/06/2024,09:43:12,50021,50021.05,120,50041.95,105,0,58275
BANKNIFTY-III.NFO,06/06/2024,09:43:16,50021,50021.05,120,50048.85,105,0,58275
BANKNIFTY-III.NFO,06/06/2024,09:43:17,50021,50022.95,120,50049.9,105,0,58275
BANKNIFTY-III.NFO,06/06/2024,09:43:19,50021,50036.1,120,50050,30,0,58275
BANKNIFTY-III.NFO,06/06/2024,09:43:21,50021,50035.15,120,50050,30,0,58275
BANKNIFTY-III.NFO,06/06/2024,09:43:22,50021,50039.1,120,50050,30,0,58275
BANKNIFTY-III.NFO,06/06/2024,09:43:24,50021,50033.75,135,50049.95,105,0,58275
BANKNIFTY-III.NFO,06/06/2024,09:43:26,50021,50039.35,120,50050,60,0,58275
BANKNIFTY-III.NFO,06/06/2024,09:43:27,50050,50041.85,120,50050,45,15,58275
BANKNIFTY-III.NFO,06/06/2024,09:43:29,50050,50041.65,120,50050,45,0,58275
BANKNIFTY-III.NFO,06/06/2024,09:43:31,50050,50040.25,120,50050,45,0,58275
BANKNIFTY-III.NFO,06/06/2024,09:43:32,50050,50029.5,120,50049.95,120,0,58275
BANKNIFTY-III.NFO,06/06/2024,09:43:34,50050,50024.5,120,50049.95,120,0,58275
BANKNIFTY-III.NFO,06/06/2024,09:43:36,50050,50022.25,120,50049.95,120,0,58275
BANKNIFTY-III.NFO,06/06/2024,09:43:37,50050,50021.05,120,50049.95,120,0,58275
BANKNIFTY-III.NFO,06/06/2024,09:43:39,50050,50021,15,50046.85,105,0,58275
BANKNIFTY-III.NFO,06/06/2024,09:43:41,50050,50021,15,50035.75,105,0,58275
BANKNIFTY-III.NFO,06/06/2024,09:43:42,50050,50021.05,120,50044.6,105,0,58275
BANKNIFTY-III.NFO,06/06/2024,09:43:45,50050,50021,15,50040.9,105,0,58275
BANKNIFTY-III.NFO,06/06/2024,09:43:47,50050,50021,15,50038.1,105,0,58275
BANKNIFTY-III.NFO,06/06/2024,09:43:49,50021,50003.15,120,50034.15,105,15,58275
BANKNIFTY-III.NFO,06/06/2024,09:43:50,50021,50006.15,120,50034.15,105,0,58275
BANKNIFTY-III.NFO,06/06/2024,09:43:52,50021,50003.85,120,50028.65,105,15,58275
BANKNIFTY-III.NFO,06/06/2024,09:43:54,50021,50001.65,120,50027.85,105,0,58275
BANKNIFTY-III.NFO,06/06/2024,09:43:55,50021,50002.65,120,50022.75,120,0,58275
BANKNIFTY-III.NFO,06/06/2024,09:43:57,50021,50002.25,120,50024.05,105,0,58275
BANKNIFTY-III.NFO,06/06/2024,09:43:59,50021,50006.75,120,50020.95,120,0,58275
BANKNIFTY-III.NFO,06/06/2024,09:44:00,50021,50001.85,120,50020.95,120,0,58275
BANKNIFTY-III.NFO,06/06/2024,09:44:02,50021,50000.35,120,50010,15,0,58275
BANKNIFTY-III.NFO,06/06/2024,09:44:04,50021,50000.65,135,50010,15,0,58275
BANKNIFTY-III.NFO,06/06/2024,09:44:05,50000,50000,15,50009.95,120,15,58275
BANKNIFTY-III.NFO,06/06/2024,09:44:07,50000,49979.9,120,50006.75,105,15,58275
BANKNIFTY-III.NFO,06/06/2024,09:44:09,50000,49975.75,120,49998.05,105,0,58275
BANKNIFTY-III.NFO,06/06/2024,09:44:11,50000,49967.1,120,49988.1,105,0,58275
BANKNIFTY-III.NFO,06/06/2024,09:44:13,50000,49980.3,120,50000,15,0,58275
BANKNIFTY-III.NFO,06/06/2024,09:44:14,50000,49984,120,50012.35,105,15,58275
BANKNIFTY-III.NFO,06/06/2024,09:44:16,50000,49986.05,120,50012.45,105,0,58275
BANKNIFTY-III.NFO,06/06/2024,09:44:18,50000,49993.6,135,50013.25,120,0,58275
BANKNIFTY-III.NFO,06/06/2024,09:44:19,50020.3,49994.1,120,50018.4,105,30,58275
BANKNIFTY-III.NFO,06/06/2024,09:44:21,50020.3,50010.75,120,50028.45,90,0,58275
BANKNIFTY-III.NFO,06/06/2024,09:44:23,50020.3,50011.6,120,50030.35,15,0,58275
BANKNIFTY-III.NFO,06/06/2024,09:44:24,50020.3,50009.65,120,50030.3,90,0,58275
BANKNIFTY-III.NFO,06/06/2024,09:44:26,50020.3,50005.5,120,50030.3,90,0,58275
BANKNIFTY-III.NFO,06/06/2024,09:44:28,50009.1,50008.25,90,50028.4,120,60,58275
BANKNIFTY-III.NFO,06/06/2024,09:44:29,50009.1,50001.7,90,50028.4,120,0,58275
BANKNIFTY-III.NFO,06/06/2024,09:44:31,50009.1,49993.95,90,50028.4,120,0,58275
BANKNIFTY-III.NFO,06/06/2024,09:44:33,50009.1,49995.3,90,50026,120,0,58275
BANKNIFTY-III.NFO,06/06/2024,09:44:34,50009.1,49992.45,90,50021.65,120,0,58275
BANKNIFTY-III.NFO,06/06/2024,09:44:36,50009.1,49993.3,90,50018.65,120,0,58275
BANKNIFTY-III.NFO,06/06/2024,09:44:38,50009.1,50000.65,90,50026,120,0,58275
BANKNIFTY-III.NFO,06/06/2024,09:44:39,50009.1,50003.65,90,50026,120,0,58275
BANKNIFTY-III.NFO,06/06/2024,09:44:41,50009.1,50005,90,50028.4,120,0,58275
BANKNIFTY-III.NFO,06/06/2024,09:44:43,50009.1,49999.25,90,50025.3,120,0,58275
BANKNIFTY-III.NFO,06/06/2024,09:44:44,50009.1,49995.05,90,50023.5,120,0,58275
BANKNIFTY-III.NFO,06/06/2024,09:44:46,50009.1,50000,15,50013.05,135,0,58275
BANKNIFTY-III.NFO,06/06/2024,09:44:48,50009.1,50000,15,50013,120,0,58275
BANKNIFTY-III.NFO,06/06/2024,09:44:49,50000,49965.7,90,50004.8,120,15,58275
BANKNIFTY-III.NFO,06/06/2024,09:44:51,50000,49970.7,90,49995.5,135,0,58275
BANKNIFTY-III.NFO,06/06/2024,09:44:53,50000,49968.15,90,49995.5,135,0,58275
BANKNIFTY-III.NFO,06/06/2024,09:44:54,50000,49963.95,90,49995.5,135,0,58275
BANKNIFTY-III.NFO,06/06/2024,09:44:56,50000,49968.45,90,49995.45,120,0,58275
BANKNIFTY-III.NFO,06/06/2024,09:44:58,50000,49965.2,90,49992.6,120,0,58275
BANKNIFTY-III.NFO,06/06/2024,09:44:59,50000,49963.4,90,49987.35,135,0,58275
BANKNIFTY-III.NFO,06/06/2024,09:45:01,49963.5,49974.5,75,50001.75,120,15,58275
BANKNIFTY-III.NFO,06/06/2024,09:45:03,49963.5,49968.25,75,49998.3,120,0,58275
BANKNIFTY-III.NFO,06/06/2024,09:45:04,49963.5,49973.9,75,50003.65,120,0,58275
BANKNIFTY-III.NFO,06/06/2024,09:45:06,49963.5,49974.1,75,49996.25,120,0,58275
BANKNIFTY-III.NFO,06/06/2024,09:45:08,49963.5,49968.6,75,49996.25,120,0,58275
BANKNIFTY-III.NFO,06/06/2024,09:45:09,49963.5,49971.6,75,49992.7,120,0,58275
BANKNIFTY-III.NFO,06/06/2024,09:45:11,49963.5,49970.2,75,49991.75,120,0,58275
BANKNIFTY-III.NFO,06/06/2024,09:45:13,49963.5,49970,75,49991.75,120,0,58275
BANKNIFTY-III.NFO,06/06/2024,09:45:14,49970.6,49970.85,60,49990.9,120,15,58275
BANKNIFTY-III.NFO,06/06/2024,09:45:16,49970.6,49967.1,60,49990.9,120,0,58275
BANKNIFTY-III.NFO,06/06/2024,09:45:18,49970.6,49967.2,60,49987.35,120,0,58275
BANKNIFTY-III.NFO,06/06/2024,09:45:20,49970.6,49951.95,60,49984.25,120,0,58275
BANKNIFTY-III.NFO,06/06/2024,09:45:21,49970.6,49950.05,60,49970.8,120,0,58275
BANKNIFTY-III.NFO,06/06/2024,09:45:23,49970.6,49950.05,60,49970.3,120,0,58275
BANKNIFTY-III.NFO,06/06/2024,09:45:25,49970.6,49950.05,60,49970.4,120,0,58275
BANKNIFTY-III.NFO,06/06/2024,09:45:26,49970.6,49950.05,60,49968.35,120,0,58275
BANKNIFTY-III.NFO,06/06/2024,09:45:28,49970.6,49950.05,60,49964.4,135,0,58275
BANKNIFTY-III.NFO,06/06/2024,09:45:30,49950,49933.7,60,49958.75,135,15,58410
BANKNIFTY-III.NFO,06/06/2024,09:45:31,49950,49947.75,60,49964.25,120,0,58410
BANKNIFTY-III.NFO,06/06/2024,09:45:33,49950,49944.75,60,49961.75,120,0,58410
BANKNIFTY-III.NFO,06/06/2024,09:45:35,49950,49940.6,60,49970.3,120,0,58410
BANKNIFTY-III.NFO,06/06/2024,09:45:36,49950,49945.9,60,49967.35,120,0,58410
BANKNIFTY-III.NFO,06/06/2024,09:45:38,49950,49956.6,60,49984.25,120,0,58410
BANKNIFTY-III.NFO,06/06/2024,09:45:40,49950,49961.3,60,49986.2,120,0,58410
BANKNIFTY-III.NFO,06/06/2024,09:45:41,49950,49966.65,60,49988.05,135,0,58410
BANKNIFTY-III.NFO,06/06/2024,09:45:43,49950,49974.05,60,49993.9,120,0,58410
BANKNIFTY-III.NFO,06/06/2024,09:45:45,49950,49979.3,60,49998.2,120,0,58410
BANKNIFTY-III.NFO,06/06/2024,09:45:46,49950,49966.65,60,49996.1,120,0,58410
BANKNIFTY-III.NFO,06/06/2024,09:45:48,49950,49967.3,60,49987.85,120,0,58410
BANKNIFTY-III.NFO,06/06/2024,09:45:50,49950,49969.55,60,49995.2,120,0,58410
BANKNIFTY-III.NFO,06/06/2024,09:45:51,49972.25,49972.85,45,49996.1,120,15,58410
BANKNIFTY-III.NFO,06/06/2024,09:45:53,49972.25,49972.75,45,49994.35,120,0,58410
BANKNIFTY-III.NFO,06/06/2024,09:45:55,49972.25,49964.5,45,49994.35,120,0,58410
BANKNIFTY-III.NFO,06/06/2024,09:45:56,49972.25,49971.05,45,49994.35,120,0,58410
BANKNIFTY-III.NFO,06/06/2024,09:45:58,49972.25,49973.35,45,49996.1,120,0,58410
BANKNIFTY-III.NFO,06/06/2024,09:46:00,49972.25,49980.25,45,49999.95,135,0,58410
BANKNIFTY-III.NFO,06/06/2024,09:46:01,49972.25,49975,45,49995.8,120,0,58410
BANKNIFTY-III.NFO,06/06/2024,09:46:03,49972.25,49978.6,45,49999.9,120,0,58410
BANKNIFTY-III.NFO,06/06/2024,09:46:05,49972.25,49980.7,45,49999.95,120,0,58410
BANKNIFTY-III.NFO,06/06/2024,09:46:06,50014.3,50000.1,60,50020.35,120,45,58410
BANKNIFTY-III.NFO,06/06/2024,09:46:08,50005,50005.4,45,50025.45,120,15,58410
BANKNIFTY-III.NFO,06/06/2024,09:46:10,50025.45,50004.3,60,50025.45,120,15,58410
BANKNIFTY-III.NFO,06/06/2024,09:46:11,50025.45,49992.85,60,50025.45,120,0,58410
BANKNIFTY-III.NFO,06/06/2024,09:46:13,50025.45,50009.05,60,50028.4,120,0,58410
BANKNIFTY-III.NFO,06/06/2024,09:46:14,50025.45,50007.2,60,50029.05,120,0,58410
BANKNIFTY-III.NFO,06/06/2024,09:46:16,50025.45,50012,60,50030.2,120,0,58410
BANKNIFTY-III.NFO,06/06/2024,09:46:18,50025.45,50017.5,60,50034.7,120,0,58410
BANKNIFTY-III.NFO,06/06/2024,09:46:19,50025.45,50020.45,75,50039.1,120,0,58410
BANKNIFTY-III.NFO,06/06/2024,09:46:21,50025.45,50018.1,60,50039.1,120,0,58410
BANKNIFTY-III.NFO,06/06/2024,09:46:26,50025.45,50012.5,60,50039.1,120,0,58410
BANKNIFTY-III.NFO,06/06/2024,09:46:27,50025.45,50005.2,60,50034.8,120,0,58410
BANKNIFTY-III.NFO,06/06/2024,09:46:29,50025.45,50016.05,60,50034.8,120,0,58410
BANKNIFTY-III.NFO,06/06/2024,09:46:31,50025.45,50005.2,60,50036.95,120,0,58410
BANKNIFTY-III.NFO,06/06/2024,09:46:32,50025.45,50005.4,60,50028.2,120,0,58410
BANKNIFTY-III.NFO,06/06/2024,09:46:34,50025.45,50011.1,60,50034.05,120,0,58410
BANKNIFTY-III.NFO,06/06/2024,09:46:35,50025.45,50013.1,60,50034.05,120,15,58410
BANKNIFTY-III.NFO,06/06/2024,09:46:37,50025.45,50009.15,60,50032.5,120,0,58410
BANKNIFTY-III.NFO,06/06/2024,09:46:39,50025.45,50003.2,60,50029.45,120,0,58410
BANKNIFTY-III.NFO,06/06/2024,09:46:40,50025.45,50001.75,60,50029.45,120,0,58410
BANKNIFTY-III.NFO,06/06/2024,09:46:42,50025.45,49998.55,60,50024.35,120,0,58410
BANKNIFTY-III.NFO,06/06/2024,09:46:44,50025.45,49998.55,60,50018.75,120,0,58410
BANKNIFTY-III.NFO,06/06/2024,09:46:45,50025.45,49998.15,60,50016.5,120,0,58410
BANKNIFTY-III.NFO,06/06/2024,09:46:47,50025.45,49992.25,60,50014.7,120,0,58410
BANKNIFTY-III.NFO,06/06/2024,09:46:48,50025.45,49992.25,75,50012.6,120,0,58410
BANKNIFTY-III.NFO,06/06/2024,09:46:50,50025.45,49994.35,60,50012.6,120,0,58410
BANKNIFTY-III.NFO,06/06/2024,09:46:52,50025.45,49994.95,60,50012.6,120,0,58410
BANKNIFTY-III.NFO,06/06/2024,09:46:53,50025.45,49995.65,60,50010,15,0,58410
BANKNIFTY-III.NFO,06/06/2024,09:46:55,50025.45,49987.85,60,50009.95,120,0,58410
BANKNIFTY-III.NFO,06/06/2024,09:46:56,50025.45,49988.85,60,50009.95,120,0,58410
BANKNIFTY-III.NFO,06/06/2024,09:46:58,50025.45,49988.05,60,50005.1,120,0,58410
BANKNIFTY-III.NFO,06/06/2024,09:47:00,50025.45,49989.85,75,50009.95,120,0,58410
BANKNIFTY-III.NFO,06/06/2024,09:47:01,50025.45,49987.1,60,50004.5,120,0,58410
BANKNIFTY-III.NFO,06/06/2024,09:47:03,50025.45,49993.25,75,50009.95,120,0,58410
BANKNIFTY-III.NFO,06/06/2024,09:47:05,50025.45,49994.25,60,50010,30,0,58410
BANKNIFTY-III.NFO,06/06/2024,09:47:06,50000,49991.05,60,50010.65,120,15,58410
BANKNIFTY-III.NFO,06/06/2024,09:47:08,50000,49989.55,75,50010.65,120,0,58410
BANKNIFTY-III.NFO,06/06/2024,09:47:09,50000,49975.2,60,49999.05,120,0,58410
BANKNIFTY-III.NFO,06/06/2024,09:47:11,50000,49971.05,60,49990.35,120,0,58410
BANKNIFTY-III.NFO,06/06/2024,09:47:13,50000,49969.5,60,49990.35,120,0,58410
BANKNIFTY-III.NFO,06/06/2024,09:47:15,50000,49969.5,60,49986.3,120,0,58410
BANKNIFTY-III.NFO,06/06/2024,09:47:16,50000,49963.25,60,49983.65,120,0,58410
BANKNIFTY-III.NFO,06/06/2024,09:47:18,50000,49964.7,60,49983.65,120,0,58410
BANKNIFTY-III.NFO,06/06/2024,09:47:20,50000,49956.65,75,49973.4,135,0,58410
BANKNIFTY-III.NFO,06/06/2024,09:47:21,50000,49950.8,60,49965.6,120,0,58410
BANKNIFTY-III.NFO,06/06/2024,09:47:23,50000,49950.8,60,49967.65,135,0,58410
BANKNIFTY-III.NFO,06/06/2024,09:47:25,50000,49950.8,60,49966.6,135,0,58410
BANKNIFTY-III.NFO,06/06/2024,09:47:26,50000,49953.2,60,49975.35,120,0,58410
BANKNIFTY-III.NFO,06/06/2024,09:47:28,50000,49953.2,60,49967.2,135,0,58410
BANKNIFTY-III.NFO,06/06/2024,09:47:30,50000,49950.05,75,49967.2,135,0,58410
BANKNIFTY-III.NFO,06/06/2024,09:47:31,50000,49952,60,49974.05,120,0,58410
BANKNIFTY-III.NFO,06/06/2024,09:47:33,50000,49955.3,60,49972.8,120,0,58410
BANKNIFTY-III.NFO,06/06/2024,09:47:35,49952.9,49950.5,30,49972.8,120,30,58410
BANKNIFTY-III.NFO,06/06/2024,09:47:36,49952.9,49952.6,45,49975.35,120,0,58410
BANKNIFTY-III.NFO,06/06/2024,09:47:38,49952.9,49951.7,30,49974.9,120,0,58410
BANKNIFTY-III.NFO,06/06/2024,09:47:40,49952.9,49950.05,30,49964.35,120,0,58410
BANKNIFTY-III.NFO,06/06/2024,09:47:41,49952.9,49950.05,45,49965.4,120,0,58410
BANKNIFTY-III.NFO,06/06/2024,09:47:43,49952.9,49950,30,49962.2,120,0,58410
BANKNIFTY-III.NFO,06/06/2024,09:47:45,49952.9,49950.05,45,49967,120,0,58410
BANKNIFTY-III.NFO,06/06/2024,09:47:46,49952.9,49950.05,45,49972.6,120,0,58410
BANKNIFTY-III.NFO,06/06/2024,09:47:48,49952.9,49958.7,30,49981.2,120,0,58410
BANKNIFTY-III.NFO,06/06/2024,09:47:50,49952.9,49952.9,30,49972.3,120,0,58410
BANKNIFTY-III.NFO,06/06/2024,09:47:51,49952.9,49951.05,30,49971.25,120,0,58410
BANKNIFTY-III.NFO,06/06/2024,09:47:53,49952.9,49951.05,30,49966.85,120,0,58410
BANKNIFTY-III.NFO,06/06/2024,09:47:55,49952.9,49952.95,30,49963.8,120,0,58410
BANKNIFTY-III.NFO,06/06/2024,09:47:56,49952.9,49952.9,15,49959.3,120,0,58410
BANKNIFTY-III.NFO,06/06/2024,09:47:58,49952.9,49951,45,49953.05,150,15,58410
BANKNIFTY-III.NFO,06/06/2024,09:48:00,49940,49922.05,30,49951.25,120,105,58410
BANKNIFTY-III.NFO,06/06/2024,09:48:01,49940,49910.55,30,49950.95,120,0,58410
BANKNIFTY-III.NFO,06/06/2024,09:48:03,49940,49907.45,30,49923.15,120,0,58410
BANKNIFTY-III.NFO,06/06/2024,09:48:05,49940,49912.95,30,49932.8,135,0,58410
BANKNIFTY-III.NFO,06/06/2024,09:48:06,49940,49912.9,15,49922.75,135,0,58410
BANKNIFTY-III.NFO,06/06/2024,09:48:08,49912.9,49900,360,49908.75,120,15,58410
BANKNIFTY-III.NFO,06/06/2024,09:48:10,49900,49900,210,49900.9,120,135,58410
BANKNIFTY-III.NFO,06/06/2024,09:48:11,49900,49884.95,30,49900.9,120,210,58410
BANKNIFTY-III.NFO,06/06/2024,09:48:13,49900,49882.45,30,49908.85,120,0,58410
BANKNIFTY-III.NFO,06/06/2024,09:48:14,49900,49894.9,15,49919.15,120,0,58410
BANKNIFTY-III.NFO,06/06/2024,09:48:16,49900,49894.95,30,49908.4,120,0,58410
BANKNIFTY-III.NFO,06/06/2024,09:48:18,49900,49900.05,45,49918.6,135,0,58410
BANKNIFTY-III.NFO,06/06/2024,09:48:19,49900,49900,15,49916.05,120,0,58410
BANKNIFTY-III.NFO,06/06/2024,09:48:21,49900,49882.45,30,49915.35,120,15,58410
BANKNIFTY-III.NFO,06/06/2024,09:48:23,49900,49883.75,30,49918.25,120,0,58410
BANKNIFTY-III.NFO,06/06/2024,09:48:24,49900,49882.65,30,49918.15,120,0,58410
BANKNIFTY-III.NFO,06/06/2024,09:48:26,49900,49878.05,30,49905.6,120,0,58410
BANKNIFTY-III.NFO,06/06/2024,09:48:28,49900,49882.8,30,49900,15,0,58410
BANKNIFTY-III.NFO,06/06/2024,09:48:29,49900,49885.35,30,49910.15,135,15,58410
BANKNIFTY-III.NFO,06/06/2024,09:48:31,49900,49885.35,30,49906.5,120,0,58410
BANKNIFTY-III.NFO,06/06/2024,09:48:32,49900,49885.65,30,49907.1,120,0,58410
BANKNIFTY-III.NFO,06/06/2024,09:48:34,49900,49893.15,30,49930.6,120,0,58410
BANKNIFTY-III.NFO,06/06/2024,09:48:36,49921.8,49893.85,45,49922.7,120,15,58395
BANKNIFTY-III.NFO,06/06/2024,09:48:37,49921.8,49887.95,45,49907.95,120,0,58395
BANKNIFTY-III.NFO,06/06/2024,09:48:39,49921.8,49888.15,45,49906.6,120,0,58395
BANKNIFTY-III.NFO,06/06/2024,09:48:41,49921.8,49888.15,45,49902.25,120,0,58395
BANKNIFTY-III.NFO,06/06/2024,09:48:42,49921.8,49888.65,45,49919.9,120,0,58395
BANKNIFTY-III.NFO,06/06/2024,09:48:44,49921.8,49896.25,45,49915.8,120,0,58395
BANKNIFTY-III.NFO,06/06/2024,09:48:46,49921.8,49897.3,45,49919.3,135,0,58395
BANKNIFTY-III.NFO,06/06/2024,09:48:47,49921.8,49893.65,45,49910.8,120,0,58395
BANKNIFTY-III.NFO,06/06/2024,09:48:49,49921.8,49894.15,45,49910.3,135,0,58395
BANKNIFTY-III.NFO,06/06/2024,09:48:50,49921.8,49900,15,49910.95,135,0,58395
BANKNIFTY-III.NFO,06/06/2024,09:48:52,49921.8,49900.05,45,49914.8,135,0,58395
BANKNIFTY-III.NFO,06/06/2024,09:48:54,49900,49879.25,45,49910.6,120,15,58395
BANKNIFTY-III.NFO,06/06/2024,09:48:55,49875,49875,15,49899.7,120,30,58395
BANKNIFTY-III.NFO,06/06/2024,09:48:57,49870,49857.9,45,49886.55,120,240,58395
BANKNIFTY-III.NFO,06/06/2024,09:48:59,49870,49850.05,45,49880.6,120,0,58395
BANKNIFTY-III.NFO,06/06/2024,09:49:00,49850,49820.4,45,49850.65,120,75,58395
BANKNIFTY-III.NFO,06/06/2024,09:49:02,49850,49820.35,15,49843.7,120,0,58395
BANKNIFTY-III.NFO,06/06/2024,09:49:04,49816.35,49813.6,45,49844.2,120,45,58395
BANKNIFTY-III.NFO,06/06/2024,09:49:05,49816.35,49807.2,45,49841.35,120,0,58395
BANKNIFTY-III.NFO,06/06/2024,09:49:07,49816.35,49807.2,45,49842.1,120,0,58395
BANKNIFTY-III.NFO,06/06/2024,09:49:09,49816,49807.05,45,49835.65,120,60,58395
BANKNIFTY-III.NFO,06/06/2024,09:49:11,49816,49817.1,45,49850.95,120,0,58395
BANKNIFTY-III.NFO,06/06/2024,09:49:12,49830,49830.6,30,49851,30,15,58395
BANKNIFTY-III.NFO,06/06/2024,09:49:14,49830,49840.7,30,49851,30,0,58395
BANKNIFTY-III.NFO,06/06/2024,09:49:16,49863.4,49844.5,30,49865.35,120,45,58395
BANKNIFTY-III.NFO,06/06/2024,09:49:17,49863.4,49851.1,30,49871.8,15,0,58395
BANKNIFTY-III.NFO,06/06/2024,09:49:19,49863.4,49848.5,45,49873.35,120,0,58395
BANKNIFTY-III.NFO,06/06/2024,09:49:21,49865.4,49849.25,30,49874.2,15,15,58395
BANKNIFTY-III.NFO,06/06/2024,09:49:22,49865.4,49855.9,30,49887.05,120,0,58395
BANKNIFTY-III.NFO,06/06/2024,09:49:24,49865.4,49855.7,30,49886.95,120,0,58395
BANKNIFTY-III.NFO,06/06/2024,09:49:26,49865.4,49840.7,30,49885.25,120,0,58395
BANKNIFTY-III.NFO,06/06/2024,09:49:27,49865.4,49831.2,30,49869.55,120,0,58395
BANKNIFTY-III.NFO,06/06/2024,09:49:29,49865.4,49828.95,30,49862.35,120,0,58395
BANKNIFTY-III.NFO,06/06/2024,09:49:30,49865.4,49850.05,30,49886.95,120,15,58395
BANKNIFTY-III.NFO,06/06/2024,09:49:32,49865.4,49850.05,30,49885.3,120,0,58395
BANKNIFTY-III.NFO,06/06/2024,09:49:34,49865.4,49850.05,30,49885.1,120,0,58395
BANKNIFTY-III.NFO,06/06/2024,09:49:35,49865.4,49850.05,30,49880.6,120,0,58395
BANKNIFTY-III.NFO,06/06/2024,09:49:37,49865.4,49850.05,30,49880.4,120,0,58395
BANKNIFTY-III.NFO,06/06/2024,09:49:39,49865.4,49850.05,30,49879.75,120,15,58395
BANKNIFTY-III.NFO,06/06/2024,09:49:40,49865.4,49850.05,30,49879.25,120,15,58395
BANKNIFTY-III.NFO,06/06/2024,09:49:42,49865.4,49850.15,30,49886.95,120,0,58395
BANKNIFTY-III.NFO,06/06/2024,09:49:44,49865.4,49850.05,30,49886.95,120,0,58395
BANKNIFTY-III.NFO,06/06/2024,09:49:45,49865.4,49850.05,45,49865.4,75,0,58395
BANKNIFTY-III.NFO,06/06/2024,09:49:47,49865.4,49850.05,45,49865.4,60,0,58395
BANKNIFTY-III.NFO,06/06/2024,09:49:49,49865.4,49851.05,30,49865.35,120,0,58395
BANKNIFTY-III.NFO,06/06/2024,09:49:52,49865.4,49851.05,45,49865.4,60,0,58395
BANKNIFTY-III.NFO,06/06/2024,09:49:54,49865.4,49851,15,49865.35,120,0,58395
BANKNIFTY-III.NFO,06/06/2024,09:49:55,49850,49831.35,30,49865.05,120,30,58395
BANKNIFTY-III.NFO,06/06/2024,09:49:57,49850,49831.9,30,49865.35,120,0,58395
BANKNIFTY-III.NFO,06/06/2024,09:49:59,49850,49830.3,30,49865.35,120,0,58395
BANKNIFTY-III.NFO,06/06/2024,09:50:00,49831,49830.7,15,49865.35,120,15,58395
BANKNIFTY-III.NFO,06/06/2024,09:50:02,49831,49848,15,49865.35,120,0,58395
BANKNIFTY-III.NFO,06/06/2024,09:50:04,49831,49848.8,15,49865.35,135,0,58395
BANKNIFTY-III.NFO,06/06/2024,09:50:05,49865.4,49855.35,15,49878.95,120,60,58395
BANKNIFTY-III.NFO,06/06/2024,09:50:07,49865.4,49857.55,15,49879.3,120,0,58395
BANKNIFTY-III.NFO,06/06/2024,09:50:09,49865.4,49862.05,15,49884.85,120,0,58395
BANKNIFTY-III.NFO,06/06/2024,09:50:10,49865.4,49880.7,15,49900,45,0,58395
BANKNIFTY-III.NFO,06/06/2024,09:50:12,49865.4,49879.15,15,49900,45,0,58395
BANKNIFTY-III.NFO,06/06/2024,09:50:14,49865.4,49876.05,15,49900,45,0,58395
BANKNIFTY-III.NFO,06/06/2024,09:50:15,49865.4,49886.8,15,49900,60,0,58395
BANKNIFTY-III.NFO,06/06/2024,09:50:17,49865.4,49884.1,15,49899.95,120,0,58395
BANKNIFTY-III.NFO,06/06/2024,09:50:19,49865.4,49877.85,15,49899.95,120,0,58395
BANKNIFTY-III.NFO,06/06/2024,09:50:20,49865.4,49875.5,30,49899.95,120,0,58395
BANKNIFTY-III.NFO,06/06/2024,09:50:22,49865.4,49876.75,15,49899.9,120,0,58395
BANKNIFTY-III.NFO,06/06/2024,09:50:24,49865.4,49886.9,15,49900,60,0,58395
BANKNIFTY-III.NFO,06/06/2024,09:50:25,49865.4,49879.55,15,49900,60,0,58395
BANKNIFTY-III.NFO,06/06/2024,09:50:27,49865.4,49883.9,15,49900,45,0,58395
BANKNIFTY-III.NFO,06/06/2024,09:50:28,49900,49882.5,15,49899.95,120,15,58395
BANKNIFTY-III.NFO,06/06/2024,09:50:30,49900,49889.2,15,49900,30,0,58395
BANKNIFTY-III.NFO,06/06/2024,09:50:32,49900,49880.15,15,49899.95,120,0,58395
BANKNIFTY-III.NFO,06/06/2024,09:50:33,49900,49882.75,15,49899.95,135,0,58395
BANKNIFTY-III.NFO,06/06/2024,09:50:35,49900,49865.45,15,49899.85,120,0,58395
BANKNIFTY-III.NFO,06/06/2024,09:50:37,49900,49865.45,15,49899.8,120,0,58395
BANKNIFTY-III.NFO,06/06/2024,09:50:38,49900,49865.4,135,49896.8,120,0,58395
BANKNIFTY-III.NFO,06/06/2024,09:50:40,49900,49865.4,105,49883.65,120,0,58395
BANKNIFTY-III.NFO,06/06/2024,09:50:42,49900,49865.45,15,49888.95,120,0,58395
BANKNIFTY-III.NFO,06/06/2024,09:50:43,49900,49865.45,15,49889.15,120,0,58395
BANKNIFTY-III.NFO,06/06/2024,09:50:45,49889.15,49865.5,30,49889.15,120,15,58395
BANKNIFTY-III.NFO,06/06/2024,09:50:47,49889.15,49865.5,30,49889.15,120,0,58395
BANKNIFTY-III.NFO,06/06/2024,09:50:48,49889.15,49865.45,45,49889.15,120,0,58395
BANKNIFTY-III.NFO,06/06/2024,09:50:50,49889.15,49867.45,30,49899.8,120,0,58395
BANKNIFTY-III.NFO,06/06/2024,09:50:53,49889.15,49871.95,30,49899.95,120,0,58395
BANKNIFTY-III.NFO,06/06/2024,09:50:55,49889.15,49872.25,30,49899.95,120,0,58395
BANKNIFTY-III.NFO,06/06/2024,09:50:58,49889.15,49865.45,30,49899.85,120,0,58395
BANKNIFTY-III.NFO,06/06/2024,09:51:00,49889.15,49865.45,30,49899.55,120,0,58395
BANKNIFTY-III.NFO,06/06/2024,09:51:02,49889.15,49865.55,30,49899.3,120,15,58395
BANKNIFTY-III.NFO,06/06/2024,09:51:03,49889.15,49865.65,30,49899.3,120,0,58395
BANKNIFTY-III.NFO,06/06/2024,09:51:05,49889.15,49866.95,30,49899.95,120,0,58395
BANKNIFTY-III.NFO,06/06/2024,09:51:07,49889.15,49872.75,30,49899.95,120,0,58395
BANKNIFTY-III.NFO,06/06/2024,09:51:08,49889.15,49885.15,30,49900,30,0,58395
BANKNIFTY-III.NFO,06/06/2024,09:51:10,49889.15,49888.6,45,49900,30,0,58395
BANKNIFTY-III.NFO,06/06/2024,09:51:11,49889.15,49889.6,30,49900,30,0,58395
BANKNIFTY-III.NFO,06/06/2024,09:51:13,49900,49890.7,30,49914.45,120,30,58395
BANKNIFTY-III.NFO,06/06/2024,09:51:15,49900,49889.5,30,49914.45,120,0,58395
BANKNIFTY-III.NFO,06/06/2024,09:51:16,49900,49891.1,45,49914.45,120,0,58395
BANKNIFTY-III.NFO,06/06/2024,09:51:18,49900,49892.7,30,49916,120,0,58395
