Ticker,Date,Time,LTP,BuyPrice,BuyQty,SellPrice,SellQty,LTQ,OpenInterest
BANKNIFTY-I.NFO,27/01/2025,09:15:00,47994.7,48010.65,75,48049.8,15,1815,0
BANKNIFTY-I.NFO,27/01/2025,09:15:00,47994.7,48010.65,75,48049.8,15,0,0
BANKNIFTY-I.NFO,27/01/2025,09:15:00,48349.9,48010.65,75,48049.8,15,0,0
BANKNIFTY-I.NFO,27/01/2025,09:15:00,47722.25,48010.65,75,48049.8,15,0,0
BANKNIFTY-I.NFO,27/01/2025,09:15:01,48034.8,48030.15,15,48063.1,60,1410,2249550
BANKNIFTY-I.NFO,27/01/2025,09:15:03,48009.55,48009.75,30,48035.6,45,1170,2249550
BANKNIFTY-I.NFO,27/01/2025,09:15:04,48021.95,48001.9,45,48022,30,1875,2249550
BANKNIFTY-I.NFO,27/01/2025,09:15:06,48012.2,48013.9,180,48022,15,1740,2249550
BANKNIFTY-I.NFO,27/01/2025,09:15:08,48021.5,48021.55,75,48029.8,15,1740,2249550
BANKNIFTY-I.NFO,27/01/2025,09:15:09,48049.85,48026.1,45,48049.85,75,855,2249550
BANKNIFTY-I.NFO,27/01/2025,09:15:11,48070,48060.65,60,48070,120,840,2249550
BANKNIFTY-I.NFO,27/01/2025,09:15:12,48031.9,48033.7,45,48048.5,75,570,2249550
BANKNIFTY-I.NFO,27/01/2025,09:15:14,48033.7,48034.15,45,48049.45,75,285,2249550
BANKNIFTY-I.NFO,27/01/2025,09:15:16,48041.65,48035.55,60,48051.9,15,765,2249550
BANKNIFTY-I.NFO,27/01/2025,09:15:17,48059.95,48043.4,45,48060.65,60,1875,2249550
BANKNIFTY-I.NFO,27/01/2025,09:15:19,48041.55,48040,15,48041.55,45,645,2249550
BANKNIFTY-I.NFO,27/01/2025,09:15:20,48041.65,48040,15,48053.6,15,330,2249550
BANKNIFTY-I.NFO,27/01/2025,09:15:22,48043.15,48030.4,30,48039.95,15,270,2249550
BANKNIFTY-I.NFO,27/01/2025,09:15:24,48034.5,48026.1,15,48033.4,75,960,2249550
BANKNIFTY-I.NFO,27/01/2025,09:15:25,48034.25,48017.55,45,48032.7,90,885,2249550
BANKNIFTY-I.NFO,27/01/2025,09:15:27,48020.15,48011.4,30,48018.65,15,1335,2249550
BANKNIFTY-I.NFO,27/01/2025,09:15:28,48001.95,48001.95,60,48015.8,45,900,2249550
BANKNIFTY-I.NFO,27/01/2025,09:15:30,48001.6,47983.45,60,48001.55,45,1635,2249550
BANKNIFTY-I.NFO,27/01/2025,09:15:32,48000,47990.45,15,48003.65,30,1395,2249550
BANKNIFTY-I.NFO,27/01/2025,09:15:33,47980.45,47981.6,60,47996.15,15,435,2249550
BANKNIFTY-I.NFO,27/01/2025,09:15:35,47964.1,47964.1,15,47977.05,15,1200,2249550
BANKNIFTY-I.NFO,27/01/2025,09:15:36,47967.5,47953.05,60,47967.5,45,1125,2249550
BANKNIFTY-I.NFO,27/01/2025,09:15:38,47951.25,47951.3,60,47963.85,15,330,2249550
BANKNIFTY-I.NFO,27/01/2025,09:15:40,47963.25,47943.2,60,47961.55,60,1815,2249550
BANKNIFTY-I.NFO,27/01/2025,09:15:41,47961.55,47961.55,90,47973.2,15,600,2249550
BANKNIFTY-I.NFO,27/01/2025,09:15:43,47957.3,47948.5,15,47957.3,15,720,2249550
BANKNIFTY-I.NFO,27/01/2025,09:15:45,47975.85,47957.1,120,47975.65,75,1335,2249550
BANKNIFTY-I.NFO,27/01/2025,09:15:46,47970,47957.7,60,47970,15,990,2249550
BANKNIFTY-I.NFO,27/01/2025,09:15:48,47980.6,47966.1,30,47982.1,120,1605,2249550
BANKNIFTY-I.NFO,27/01/2025,09:15:49,47994.5,47980.1,135,47996.8,120,555,2249550
BANKNIFTY-I.NFO,27/01/2025,09:15:51,47986.35,47986.55,45,47999.9,120,225,2249550
BANKNIFTY-I.NFO,27/01/2025,09:15:52,47981.7,47985.1,45,47998.8,120,600,2249550
BANKNIFTY-I.NFO,27/01/2025,09:15:54,47977.15,47985.1,15,47988.5,15,435,2249550
BANKNIFTY-I.NFO,27/01/2025,09:15:56,47985.15,47985.15,120,47999.1,105,1200,2249550
BANKNIFTY-I.NFO,27/01/2025,09:15:57,47999.4,47988.5,15,47999.5,45,255,2249550
BANKNIFTY-I.NFO,27/01/2025,09:15:59,47988.55,47988.55,15,47999.3,15,960,2248065
BANKNIFTY-I.NFO,27/01/2025,09:16:00,47989.1,47980,15,47989.8,90,870,2248065
BANKNIFTY-I.NFO,27/01/2025,09:16:02,47961.55,47960.1,15,47961.55,30,675,2248065
BANKNIFTY-I.NFO,27/01/2025,09:16:04,47950,47945,15,47953.25,15,990,2248065
BANKNIFTY-I.NFO,27/01/2025,09:16:05,47953.05,47940.45,150,47954,150,390,2248065
BANKNIFTY-I.NFO,27/01/2025,09:16:07,47962.6,47960,345,47962.4,45,345,2248065
BANKNIFTY-I.NFO,27/01/2025,09:16:08,47960,47953.05,75,47959.55,150,480,2248065
BANKNIFTY-I.NFO,27/01/2025,09:16:10,47953.05,47941.5,135,47957,90,495,2248065
BANKNIFTY-I.NFO,27/01/2025,09:16:11,47955.25,47941.25,45,47954.3,15,105,2248065
BANKNIFTY-I.NFO,27/01/2025,09:16:13,47945.05,47942.25,45,47950,15,1065,2248065
BANKNIFTY-I.NFO,27/01/2025,09:16:14,47953.05,47949.9,135,47955.1,120,420,2248065
BANKNIFTY-I.NFO,27/01/2025,09:16:16,47949.9,47949.9,15,47958,870,630,2248065
BANKNIFTY-I.NFO,27/01/2025,09:16:18,47964.6,47955,30,47955.25,15,1275,2248065
BANKNIFTY-I.NFO,27/01/2025,09:16:19,47965.7,47960.75,15,47965.8,300,435,2248065
BANKNIFTY-I.NFO,27/01/2025,09:16:21,47967.7,47960.9,45,47969.85,15,690,2248065
BANKNIFTY-I.NFO,27/01/2025,09:16:22,47960.75,47950,30,47961.95,210,315,2248065
BANKNIFTY-I.NFO,27/01/2025,09:16:24,47950,47950.3,120,47961.7,15,45,2248065
BANKNIFTY-I.NFO,27/01/2025,09:16:25,47967.55,47953.85,30,47965.9,15,150,2248065
BANKNIFTY-I.NFO,27/01/2025,09:16:27,47960.75,47953.9,30,47960.75,15,60,2248065
BANKNIFTY-I.NFO,27/01/2025,09:16:29,47966.55,47960.75,15,47966.25,15,975,2248065
BANKNIFTY-I.NFO,27/01/2025,09:16:30,47960.75,47960.75,45,47965.7,120,105,2248065
BANKNIFTY-I.NFO,27/01/2025,09:16:32,47966.2,47960.75,120,47970,45,105,2248065
BANKNIFTY-I.NFO,27/01/2025,09:16:33,47966.55,47966.6,15,47969.2,30,1350,2248065
BANKNIFTY-I.NFO,27/01/2025,09:16:35,47968.1,47953,75,47960.75,30,1065,2248065
BANKNIFTY-I.NFO,27/01/2025,09:16:36,47960.7,47960.75,15,47961.7,15,135,2248065
BANKNIFTY-I.NFO,27/01/2025,09:16:38,47967.7,47960.85,15,47968.05,15,180,2248065
BANKNIFTY-I.NFO,27/01/2025,09:16:39,47968.55,47960.95,30,47968.4,15,360,2248065
BANKNIFTY-I.NFO,27/01/2025,09:16:41,47960.95,47960.95,30,47967.9,15,105,2248065
BANKNIFTY-I.NFO,27/01/2025,09:16:43,47967.4,47960.9,120,47967.65,15,105,2248065
BANKNIFTY-I.NFO,27/01/2025,09:16:44,47967.85,47967.7,30,47967.85,30,135,2248065
BANKNIFTY-I.NFO,27/01/2025,09:16:46,47967.75,47967.75,15,47968.1,15,180,2248065
BANKNIFTY-I.NFO,27/01/2025,09:16:47,47961.05,47961.1,30,47968.4,90,225,2248065
BANKNIFTY-I.NFO,27/01/2025,09:16:49,47967.7,47961.1,165,47967.65,15,90,2248065
BANKNIFTY-I.NFO,27/01/2025,09:16:50,47968.4,47968.2,15,47968.3,15,180,2248065
BANKNIFTY-I.NFO,27/01/2025,09:16:52,47979.7,47968.45,90,47979.45,15,435,2248065
BANKNIFTY-I.NFO,27/01/2025,09:16:53,47968.5,47968.5,45,47972.65,15,135,2248065
BANKNIFTY-I.NFO,27/01/2025,09:16:55,47970.75,47968.55,30,47970.4,75,375,2248065
BANKNIFTY-I.NFO,27/01/2025,09:16:56,47974.7,47968.7,15,47976.3,45,375,2248065
BANKNIFTY-I.NFO,27/01/2025,09:16:58,47968.2,47965.05,15,47968.2,15,825,2248065
BANKNIFTY-I.NFO,27/01/2025,09:17:00,47965.2,47965.15,15,47967.05,75,225,2248065
BANKNIFTY-I.NFO,27/01/2025,09:17:01,47968.2,47966.15,15,47969.6,45,75,2248065
BANKNIFTY-I.NFO,27/01/2025,09:17:03,47961.75,47961.7,180,47964.2,45,570,2248065
BANKNIFTY-I.NFO,27/01/2025,09:17:04,47968,47969.6,15,47974.4,30,375,2248065
BANKNIFTY-I.NFO,27/01/2025,09:17:06,47955,47951.1,45,47955,30,1200,2248065
BANKNIFTY-I.NFO,27/01/2025,09:17:07,47955.35,47951.55,30,47959,90,150,2248065
BANKNIFTY-I.NFO,27/01/2025,09:17:09,47959.2,47951.9,45,47961.75,15,120,2248065
BANKNIFTY-I.NFO,27/01/2025,09:17:11,47952.35,47951.9,75,47951.95,120,330,2248065
BANKNIFTY-I.NFO,27/01/2025,09:17:12,47954.75,47954.75,30,47958.1,45,1080,2248065
BANKNIFTY-I.NFO,27/01/2025,09:17:14,47946.25,47945.05,15,47948.4,60,1785,2248065
BANKNIFTY-I.NFO,27/01/2025,09:17:16,47956.9,47947.4,45,47957.05,75,150,2248065
BANKNIFTY-I.NFO,27/01/2025,09:17:17,47954.75,47951.95,15,47957.55,75,180,2248065
BANKNIFTY-I.NFO,27/01/2025,09:17:19,47950.75,47948.4,30,47951.95,45,975,2248065
BANKNIFTY-I.NFO,27/01/2025,09:17:20,47951.95,47951.95,135,47954.4,15,90,2248065
BANKNIFTY-I.NFO,27/01/2025,09:17:22,47945.2,47945.15,15,47947.7,45,315,2248065
BANKNIFTY-I.NFO,27/01/2025,09:17:23,47937.95,47926.6,45,47937.25,60,510,2248065
BANKNIFTY-I.NFO,27/01/2025,09:17:25,47941.9,47940,15,47942.9,60,210,2248065
BANKNIFTY-I.NFO,27/01/2025,09:17:27,47926,47925,15,47932.65,15,360,2248065
BANKNIFTY-I.NFO,27/01/2025,09:17:28,47921.55,47922.15,45,47931,30,480,2248065
BANKNIFTY-I.NFO,27/01/2025,09:17:30,47940.7,47932.2,45,47940.95,30,255,2248065
BANKNIFTY-I.NFO,27/01/2025,09:17:31,47930.65,47935.35,15,47945.15,195,105,2248065
BANKNIFTY-I.NFO,27/01/2025,09:17:33,47944.55,47942.85,30,47943.65,75,60,2248065
BANKNIFTY-I.NFO,27/01/2025,09:17:35,47945.15,47942.95,30,47949,75,600,2248065
BANKNIFTY-I.NFO,27/01/2025,09:17:36,47946.2,47943.05,15,47947.45,60,255,2248065
BANKNIFTY-I.NFO,27/01/2025,09:17:38,47943.05,47931.5,90,47947.8,120,240,2248065
BANKNIFTY-I.NFO,27/01/2025,09:17:39,47926.9,47927,75,47943.5,60,540,2248065
BANKNIFTY-I.NFO,27/01/2025,09:17:41,47942,47942.05,15,47945.3,105,345,2248065
BANKNIFTY-I.NFO,27/01/2025,09:17:43,47939.6,47925.9,30,47940.25,195,690,2248065
BANKNIFTY-I.NFO,27/01/2025,09:17:44,47925.9,47920,15,47931.25,120,480,2248065
BANKNIFTY-I.NFO,27/01/2025,09:17:46,47925.9,47926.25,15,47939.55,15,120,2248065
BANKNIFTY-I.NFO,27/01/2025,09:17:47,47930.65,47924.45,90,47940.35,15,285,2248065
BANKNIFTY-I.NFO,27/01/2025,09:17:49,47925.75,47928.4,150,47940.2,15,15,2248065
BANKNIFTY-I.NFO,27/01/2025,09:17:51,47930.65,47930.15,45,47942.5,15,150,2248065
BANKNIFTY-I.NFO,27/01/2025,09:17:52,47941.85,47930.15,60,47941.4,15,135,2248065
BANKNIFTY-I.NFO,27/01/2025,09:17:54,47930.15,47930.15,15,47940.35,15,165,2248065
BANKNIFTY-I.NFO,27/01/2025,09:17:55,47935.1,47930.3,15,47939.1,30,150,2248065
BANKNIFTY-I.NFO,27/01/2025,09:17:57,47933.2,47931.65,30,47944.55,120,195,2248065
BANKNIFTY-I.NFO,27/01/2025,09:17:58,47938.75,47931.65,60,47938.7,15,120,2248065
BANKNIFTY-I.NFO,27/01/2025,09:18:00,47935.1,47931.7,30,47938.65,15,60,2248065
BANKNIFTY-I.NFO,27/01/2025,09:18:01,47949.65,47949.6,30,47958,15,900,2248065
BANKNIFTY-I.NFO,27/01/2025,09:18:03,47952.5,47949.6,15,47957.1,120,120,2248065
BANKNIFTY-I.NFO,27/01/2025,09:18:04,47948.6,47949.35,15,47957,15,1290,2248065
BANKNIFTY-I.NFO,27/01/2025,09:18:06,47949.55,47949.35,60,47956.95,15,120,2248065
BANKNIFTY-I.NFO,27/01/2025,09:18:08,47956.9,47950,15,47957,45,195,2248065
BANKNIFTY-I.NFO,27/01/2025,09:18:09,47956.85,47950,15,47959.7,15,480,2248065
BANKNIFTY-I.NFO,27/01/2025,09:18:11,47959.6,47952.85,15,47959.65,15,75,2248065
BANKNIFTY-I.NFO,27/01/2025,09:18:12,47959.6,47952.9,15,47959.95,15,120,2248065
BANKNIFTY-I.NFO,27/01/2025,09:18:14,47959.75,47950.05,15,47959,15,150,2248065
BANKNIFTY-I.NFO,27/01/2025,09:18:16,47951.05,47950.05,15,47954.95,120,30,2248065
BANKNIFTY-I.NFO,27/01/2025,09:18:17,47954.55,47950,30,47954.55,120,75,2248065
BANKNIFTY-I.NFO,27/01/2025,09:18:19,47951.05,47940.55,30,47953.75,15,150,2248065
BANKNIFTY-I.NFO,27/01/2025,09:18:21,47942.45,47941.2,60,47950,600,105,2248065
BANKNIFTY-I.NFO,27/01/2025,09:18:22,47940,47938.75,60,47949.65,15,675,2248065
BANKNIFTY-I.NFO,27/01/2025,09:18:24,47945.2,47946.9,30,47959.9,15,540,2248065
BANKNIFTY-I.NFO,27/01/2025,09:18:25,47959.25,47948.9,120,47959.9,45,15,2248065
BANKNIFTY-I.NFO,27/01/2025,09:18:27,47959.8,47949.7,120,47959.75,15,30,2248065
BANKNIFTY-I.NFO,27/01/2025,09:18:29,47959.8,47959.25,15,47959.9,45,45,2248065
BANKNIFTY-I.NFO,27/01/2025,09:18:30,47960.8,47959.8,15,47961.65,60,315,2248065
BANKNIFTY-I.NFO,27/01/2025,09:18:32,47959.25,47951.35,120,47964.9,60,135,2248065
BANKNIFTY-I.NFO,27/01/2025,09:18:34,47959,47953.55,15,47959,30,390,2248065
BANKNIFTY-I.NFO,27/01/2025,09:18:35,47956.4,47956.4,120,47967.7,105,270,2248065
BANKNIFTY-I.NFO,27/01/2025,09:18:37,47979.85,47963.65,120,47980,75,945,2248065
BANKNIFTY-I.NFO,27/01/2025,09:18:39,47982,47968.3,120,47982,15,120,2248065
BANKNIFTY-I.NFO,27/01/2025,09:18:40,47967.55,47967.55,45,47979.65,15,120,2248065
BANKNIFTY-I.NFO,27/01/2025,09:18:42,47967.55,47968.3,105,47980,30,15,2248065
BANKNIFTY-I.NFO,27/01/2025,09:18:44,47968.35,47968.35,15,47978.3,60,90,2248065
BANKNIFTY-I.NFO,27/01/2025,09:18:45,47979.1,47967.55,30,47979.2,15,360,2248065
BANKNIFTY-I.NFO,27/01/2025,09:18:47,47980,47975.1,120,47980,15,195,2248065
BANKNIFTY-I.NFO,27/01/2025,09:18:49,47975.1,47975.1,15,47988.95,60,90,2248065
BANKNIFTY-I.NFO,27/01/2025,09:18:50,47980,47980.55,120,47985,15,75,2248065
BANKNIFTY-I.NFO,27/01/2025,09:18:52,47988.9,47980.75,15,47986.7,75,75,2248065
BANKNIFTY-I.NFO,27/01/2025,09:18:54,47990.9,47980.75,45,47992.25,15,180,2248065
BANKNIFTY-I.NFO,27/01/2025,09:18:55,47985,47980.8,45,47992.8,165,75,2248065
BANKNIFTY-I.NFO,27/01/2025,09:18:57,47981.5,47980.8,75,47994.95,30,105,2248065
BANKNIFTY-I.NFO,27/01/2025,09:18:59,47980.8,47980.8,60,47990.8,300,105,2252460
BANKNIFTY-I.NFO,27/01/2025,09:19:00,47994.7,47985,240,47994.7,15,390,2252460
BANKNIFTY-I.NFO,27/01/2025,09:19:02,47980.55,47980.55,90,47992.85,165,450,2252460
BANKNIFTY-I.NFO,27/01/2025,09:19:04,47989.15,47981.5,15,47987.85,150,90,2252460
BANKNIFTY-I.NFO,27/01/2025,09:19:05,47980,47975.1,15,47980,135,180,2252460
BANKNIFTY-I.NFO,27/01/2025,09:19:07,47979.65,47975.15,15,47980,120,90,2252460
BANKNIFTY-I.NFO,27/01/2025,09:19:09,47975.1,47961.9,120,47978.55,45,585,2252460
BANKNIFTY-I.NFO,27/01/2025,09:19:10,47971.35,47958.7,120,47973.9,15,165,2252460
BANKNIFTY-I.NFO,27/01/2025,09:19:12,47975.9,47961.05,120,47976.5,15,435,2252460
BANKNIFTY-I.NFO,27/01/2025,09:19:14,47955,47955.55,105,47972.3,120,1035,2252460
BANKNIFTY-I.NFO,27/01/2025,09:19:15,47974.45,47958.85,90,47975.25,120,60,2252460
BANKNIFTY-I.NFO,27/01/2025,09:19:17,47971.35,47958.85,45,47972.85,15,615,2252460
BANKNIFTY-I.NFO,27/01/2025,09:19:19,47955.55,47955.55,60,47969.3,15,105,2252460
BANKNIFTY-I.NFO,27/01/2025,09:19:20,47976.5,47964.9,120,47976.5,495,90,2252460
BANKNIFTY-I.NFO,27/01/2025,09:19:22,47980,47976.75,165,47991.5,15,660,2252460
BANKNIFTY-I.NFO,27/01/2025,09:19:24,47988.6,47970.5,120,47986.75,120,105,2252460
BANKNIFTY-I.NFO,27/01/2025,09:19:26,47988.6,47980,30,47989.05,120,0,2252460
BANKNIFTY-I.NFO,27/01/2025,09:19:27,47994.5,47981.5,15,47993.5,120,75,2252460
BANKNIFTY-I.NFO,27/01/2025,09:19:29,47990,47975.3,15,47990.1,150,975,2252460
BANKNIFTY-I.NFO,27/01/2025,09:19:31,47972.1,47955.6,120,47973.15,120,270,2252460
BANKNIFTY-I.NFO,27/01/2025,09:19:32,47970.3,47955.6,120,47968.8,45,75,2252460
BANKNIFTY-I.NFO,27/01/2025,09:19:34,47968.3,47961.1,90,47975.3,150,510,2252460
BANKNIFTY-I.NFO,27/01/2025,09:19:36,47975.3,47962.6,75,47975.25,15,45,2252460
BANKNIFTY-I.NFO,27/01/2025,09:19:37,47961.9,47963.65,90,47975.25,15,45,2252460
BANKNIFTY-I.NFO,27/01/2025,09:19:39,47975.2,47963.65,30,47975.2,120,15,2252460
BANKNIFTY-I.NFO,27/01/2025,09:19:41,47975.2,47963.65,120,47972.15,120,0,2252460
BANKNIFTY-I.NFO,27/01/2025,09:19:42,47963.65,47963.65,105,47971.6,120,45,2252460
BANKNIFTY-I.NFO,27/01/2025,09:19:44,47963.65,47963.65,60,47971.45,120,75,2252460
BANKNIFTY-I.NFO,27/01/2025,09:19:46,47963.45,47963.65,15,47965.5,75,135,2252460
BANKNIFTY-I.NFO,27/01/2025,09:19:47,47967.85,47963.65,30,47965.45,15,30,2252460
BANKNIFTY-I.NFO,27/01/2025,09:19:49,47965.45,47955.2,15,47965.9,15,30,2252460
BANKNIFTY-I.NFO,27/01/2025,09:19:51,47964,47955.2,15,47964,15,15,2252460
BANKNIFTY-I.NFO,27/01/2025,09:19:52,47964.5,47955.2,15,47962,15,45,2252460
BANKNIFTY-I.NFO,27/01/2025,09:19:54,47960,47952,15,47961.25,15,60,2252460
BANKNIFTY-I.NFO,27/01/2025,09:19:56,47952.05,47952.05,15,47961.1,30,30,2252460
BANKNIFTY-I.NFO,27/01/2025,09:19:57,47962.65,47950,2565,47955.2,15,60,2252460
BANKNIFTY-I.NFO,27/01/2025,09:19:59,47952.05,47950,3150,47952.05,30,75,2252460
BANKNIFTY-I.NFO,27/01/2025,09:20:01,47950,47953.15,120,47959.95,15,240,2252460
BANKNIFTY-I.NFO,27/01/2025,09:20:02,47965.9,47961,30,47967.85,15,120,2252460
BANKNIFTY-I.NFO,27/01/2025,09:20:04,47959.95,47959.95,60,47967.85,30,75,2252460
BANKNIFTY-I.NFO,27/01/2025,09:20:06,47963.9,47960,75,47967.9,45,90,2252460
BANKNIFTY-I.NFO,27/01/2025,09:20:07,47975.3,47972.2,30,47975.3,60,300,2252460
BANKNIFTY-I.NFO,27/01/2025,09:20:09,47972.4,47972.2,30,47974.9,120,285,2252460
BANKNIFTY-I.NFO,27/01/2025,09:20:11,47968.1,47960.05,15,47968.85,30,285,2252460
BANKNIFTY-I.NFO,27/01/2025,09:20:12,47960.05,47960.05,15,47966.2,195,225,2252460
BANKNIFTY-I.NFO,27/01/2025,09:20:14,47960.2,47960.05,15,47969.3,30,90,2252460
BANKNIFTY-I.NFO,27/01/2025,09:20:16,47964.05,47960,75,47964.2,45,165,2252460
BANKNIFTY-I.NFO,27/01/2025,09:20:17,47960,47960,60,47967.1,75,75,2252460
BANKNIFTY-I.NFO,27/01/2025,09:20:19,47960,47960,15,47967.25,30,60,2252460
BANKNIFTY-I.NFO,27/01/2025,09:20:21,47965.85,47959.95,60,47965.4,15,45,2252460
BANKNIFTY-I.NFO,27/01/2025,09:20:22,47960.2,47960.2,120,47970,15,120,2252460
BANKNIFTY-I.NFO,27/01/2025,09:20:24,47965.9,47960.2,15,47963.15,30,195,2252460
BANKNIFTY-I.NFO,27/01/2025,09:20:25,47960,47963.3,15,47965.95,75,600,2252460
BANKNIFTY-I.NFO,27/01/2025,09:20:27,47955,47955,195,47962.85,30,255,2252460
BANKNIFTY-I.NFO,27/01/2025,09:20:29,47955,47955,195,47960.05,45,0,2252460
BANKNIFTY-I.NFO,27/01/2025,09:20:30,47954.7,47950,1590,47956,15,225,2252460
BANKNIFTY-I.NFO,27/01/2025,09:20:32,47955.65,47950,840,47954.35,30,30,2252460
BANKNIFTY-I.NFO,27/01/2025,09:20:34,47950,47950,885,47955,30,45,2252460
BANKNIFTY-I.NFO,27/01/2025,09:20:35,47954.35,47954.35,15,47954.95,15,90,2252460
BANKNIFTY-I.NFO,27/01/2025,09:20:37,47955,47950,870,47955,15,105,2252460
BANKNIFTY-I.NFO,27/01/2025,09:20:39,47955,47950,855,47958.15,30,30,2252460
BANKNIFTY-I.NFO,27/01/2025,09:20:40,47950,47950,675,47958.9,45,195,2252460
BANKNIFTY-I.NFO,27/01/2025,09:20:42,47950.05,47950.15,120,47958.9,45,45,2252460
BANKNIFTY-I.NFO,27/01/2025,09:20:44,47951.25,47951.75,120,47958.9,45,120,2252460
BANKNIFTY-I.NFO,27/01/2025,09:20:45,47951.8,47951.75,60,47954.35,15,120,2252460
BANKNIFTY-I.NFO,27/01/2025,09:20:47,47959.9,47951.75,90,47959.25,15,30,2252460
BANKNIFTY-I.NFO,27/01/2025,09:20:49,47951,47951.8,30,47958.35,60,90,2252460
BANKNIFTY-I.NFO,27/01/2025,09:20:50,47951.8,47951.8,15,47958.1,75,15,2252460
BANKNIFTY-I.NFO,27/01/2025,09:20:52,47959.95,47958.95,60,47965,75,15,2252460
BANKNIFTY-I.NFO,27/01/2025,09:20:54,47965,47959,30,47969.6,30,75,2252460
BANKNIFTY-I.NFO,27/01/2025,09:20:55,47965,47959.05,60,47970,15,0,2252460
BANKNIFTY-I.NFO,27/01/2025,09:20:57,47960,47960,165,47967.05,30,75,2252460
BANKNIFTY-I.NFO,27/01/2025,09:20:59,47958.9,47958.95,15,47965,30,495,2252460
BANKNIFTY-I.NFO,27/01/2025,09:21:00,47958.1,47960,30,47964.95,30,75,2252460
BANKNIFTY-I.NFO,27/01/2025,09:21:02,47954.75,47954.8,75,47964.95,30,45,2252460
BANKNIFTY-I.NFO,27/01/2025,09:21:04,47965.95,47956.25,15,47965.95,15,195,2252460
BANKNIFTY-I.NFO,27/01/2025,09:21:05,47959.65,47959.65,30,47971.8,15,225,2252460
BANKNIFTY-I.NFO,27/01/2025,09:21:07,47964.3,47959.65,15,47969.15,120,30,2252460
BANKNIFTY-I.NFO,27/01/2025,09:21:09,47959.65,47955.05,60,47970,15,120,2252460
BANKNIFTY-I.NFO,27/01/2025,09:21:10,47970,47969.35,15,47971.8,15,15,2252460
BANKNIFTY-I.NFO,27/01/2025,09:21:12,47975,47971.9,45,47980,75,30,2252460
BANKNIFTY-I.NFO,27/01/2025,09:21:14,47987.85,47980.05,15,47988.3,120,165,2252460
BANKNIFTY-I.NFO,27/01/2025,09:21:15,47991.35,47988.35,15,47991.75,45,270,2252460
BANKNIFTY-I.NFO,27/01/2025,09:21:17,47982.2,47982.4,15,47994.05,30,30,2252460
BANKNIFTY-I.NFO,27/01/2025,09:21:19,47982.4,47984.05,120,47995,105,30,2252460
BANKNIFTY-I.NFO,27/01/2025,09:21:20,47994.15,47981.65,150,47995,60,75,2252460
BANKNIFTY-I.NFO,27/01/2025,09:21:22,47996.6,47994.2,90,47999,75,615,2252460
BANKNIFTY-I.NFO,27/01/2025,09:21:24,47999,47998.6,30,47999.95,15,105,2252460
BANKNIFTY-I.NFO,27/01/2025,09:21:25,47998.15,47998.2,15,47999.3,15,555,2252460
BANKNIFTY-I.NFO,27/01/2025,09:21:27,48000,47999.4,15,48000,510,75,2252460
BANKNIFTY-I.NFO,27/01/2025,09:21:29,47998.4,47997.1,15,47998.75,30,105,2252460
BANKNIFTY-I.NFO,27/01/2025,09:21:30,47996.95,47994.2,75,47996.85,180,300,2252460
BANKNIFTY-I.NFO,27/01/2025,09:21:32,47985.4,47994.25,15,47997.85,75,210,2252460
BANKNIFTY-I.NFO,27/01/2025,09:21:34,47999.3,47984.75,135,47999.3,90,165,2252460
BANKNIFTY-I.NFO,27/01/2025,09:21:35,47993.7,47984.8,30,47995.45,90,45,2252460
BANKNIFTY-I.NFO,27/01/2025,09:21:37,47984.8,47989.15,120,47999.3,30,15,2252460
BANKNIFTY-I.NFO,27/01/2025,09:21:39,47999.3,47989.15,15,47999.4,105,45,2252460
BANKNIFTY-I.NFO,27/01/2025,09:21:40,47982.2,47975.25,150,47992.9,45,300,2252460
BANKNIFTY-I.NFO,27/01/2025,09:21:42,47975.3,47975.25,30,47988.35,150,270,2252460
BANKNIFTY-I.NFO,27/01/2025,09:21:44,47980,47975.3,15,47988.25,165,105,2252460
BANKNIFTY-I.NFO,27/01/2025,09:21:45,47987.05,47972.6,120,47987.05,150,195,2252460
BANKNIFTY-I.NFO,27/01/2025,09:21:47,47988.2,47973.5,150,47989.35,300,60,2252460
BANKNIFTY-I.NFO,27/01/2025,09:21:49,47997.95,47983.95,15,47989.35,15,15,2252460
BANKNIFTY-I.NFO,27/01/2025,09:21:50,47989.35,47984,15,47989.35,15,15,2252460
BANKNIFTY-I.NFO,27/01/2025,09:21:52,47980.05,47980.05,120,47989.35,15,90,2252460
BANKNIFTY-I.NFO,27/01/2025,09:21:54,47990,47990,105,47995,15,105,2252460
BANKNIFTY-I.NFO,27/01/2025,09:21:55,47999,47990,105,47999,60,45,2252460
BANKNIFTY-I.NFO,27/01/2025,09:21:57,48000,47990,90,47999.95,300,435,2252460
BANKNIFTY-I.NFO,27/01/2025,09:21:59,48000,47994.45,45,48000,675,180,2252460
BANKNIFTY-I.NFO,27/01/2025,09:22:00,47999.95,47994.5,15,48000,675,45,2256165
BANKNIFTY-I.NFO,27/01/2025,09:22:02,48000,47994.55,30,48000,525,150,2256165
BANKNIFTY-I.NFO,27/01/2025,09:22:04,47994.55,47994.55,45,48000,285,330,2256165
BANKNIFTY-I.NFO,27/01/2025,09:22:05,47994.55,47990.55,30,47994.55,255,60,2256165
BANKNIFTY-I.NFO,27/01/2025,09:22:07,48000,47997,15,48005,30,600,2256165
BANKNIFTY-I.NFO,27/01/2025,09:22:09,48000,47997,30,47999,30,0,2256165
BANKNIFTY-I.NFO,27/01/2025,09:22:10,47997,47997,45,48000,15,60,2256165
BANKNIFTY-I.NFO,27/01/2025,09:22:12,48006.75,48000,150,48008.2,30,135,2256165
BANKNIFTY-I.NFO,27/01/2025,09:22:14,48000.05,48000.05,15,48008.4,60,15,2256165
BANKNIFTY-I.NFO,27/01/2025,09:22:15,48016.5,48003.65,15,48016.6,30,375,2256165
BANKNIFTY-I.NFO,27/01/2025,09:22:17,48002.05,48003.7,15,48016.95,150,360,2256165
BANKNIFTY-I.NFO,27/01/2025,09:22:19,48004.45,48007.5,15,48017.55,15,45,2256165
BANKNIFTY-I.NFO,27/01/2025,09:22:20,48011.75,48009,15,48011.9,120,345,2256165
BANKNIFTY-I.NFO,27/01/2025,09:22:22,48000.05,48000.05,15,48009.7,75,345,2256165
BANKNIFTY-I.NFO,27/01/2025,09:22:24,48010.3,48002.25,120,48011.75,15,120,2256165
BANKNIFTY-I.NFO,27/01/2025,09:22:25,48000.05,48000,270,48007.5,75,45,2256165
BANKNIFTY-I.NFO,27/01/2025,09:22:27,48008.45,48000,255,48007.7,75,180,2256165
BANKNIFTY-I.NFO,27/01/2025,09:22:29,48000,48000.85,30,48009,135,270,2256165
BANKNIFTY-I.NFO,27/01/2025,09:22:30,48012.9,48000.85,30,48013,75,540,2256165
BANKNIFTY-I.NFO,27/01/2025,09:22:32,48008.8,48000.95,15,48008.95,60,3075,2256165
BANKNIFTY-I.NFO,27/01/2025,09:22:34,48004.85,48003.05,30,48016.95,15,90,2256165
BANKNIFTY-I.NFO,27/01/2025,09:22:35,48003.05,48000.15,15,48004.5,75,60,2256165
BANKNIFTY-I.NFO,27/01/2025,09:22:37,47998.95,47993.4,15,47999,135,615,2256165
BANKNIFTY-I.NFO,27/01/2025,09:22:39,47998.95,47993.4,15,47997.95,75,0,2256165
BANKNIFTY-I.NFO,27/01/2025,09:22:40,47993.4,47990,30,47993.9,60,45,2256165
BANKNIFTY-I.NFO,27/01/2025,09:22:42,47996.95,47990,15,47999,90,705,2256165
BANKNIFTY-I.NFO,27/01/2025,09:22:43,47989.1,47984.4,15,47988.5,75,45,2256165
BANKNIFTY-I.NFO,27/01/2025,09:22:45,47994,47984.45,15,47992.45,75,120,2256165
BANKNIFTY-I.NFO,27/01/2025,09:22:47,47984.45,47984.45,15,47987.2,75,60,2256165
BANKNIFTY-I.NFO,27/01/2025,09:22:48,47978.95,47975,15,47978.05,210,210,2256165
BANKNIFTY-I.NFO,27/01/2025,09:22:50,47975,47971.8,15,47978.9,45,120,2256165
BANKNIFTY-I.NFO,27/01/2025,09:22:52,47980.2,47971.8,15,47973.1,75,15,2256165
BANKNIFTY-I.NFO,27/01/2025,09:22:53,47976.25,47962,15,47975.35,105,180,2256165
BANKNIFTY-I.NFO,27/01/2025,09:22:55,47976.25,47975,1500,47979.5,75,0,2256165
BANKNIFTY-I.NFO,27/01/2025,09:22:57,47980,47975,1500,47980,75,15,2256165
BANKNIFTY-I.NFO,27/01/2025,09:22:58,47980,47975.05,15,47978.9,90,0,2256165
BANKNIFTY-I.NFO,27/01/2025,09:23:00,47980,47975.05,15,47980,75,0,2256165
BANKNIFTY-I.NFO,27/01/2025,09:23:01,47975.05,47975,1515,47978.75,15,30,2256165
BANKNIFTY-I.NFO,27/01/2025,09:23:03,47975.05,47975,1515,47979.95,15,0,2256165
BANKNIFTY-I.NFO,27/01/2025,09:23:05,47975,47976,300,47980,15,300,2256165
BANKNIFTY-I.NFO,27/01/2025,09:23:06,47976,47976,60,47986.95,75,315,2256165
BANKNIFTY-I.NFO,27/01/2025,09:23:08,47976,47976,120,47983.55,15,30,2256165
BANKNIFTY-I.NFO,27/01/2025,09:23:10,47976,47976,105,47980.95,75,15,2256165
BANKNIFTY-I.NFO,27/01/2025,09:23:11,47976,47976,90,47980,15,30,2256165
BANKNIFTY-I.NFO,27/01/2025,09:23:13,47980,47976.7,150,47989.8,15,15,2256165
BANKNIFTY-I.NFO,27/01/2025,09:23:15,47991.1,47983.05,120,47994.45,15,75,2256165
BANKNIFTY-I.NFO,27/01/2025,09:23:16,47995.1,47991,75,47999,90,30,2256165
BANKNIFTY-I.NFO,27/01/2025,09:23:18,47998.4,47998.9,30,47999,90,90,2256165
BANKNIFTY-I.NFO,27/01/2025,09:23:19,48002.45,48000.15,15,48002.8,75,240,2256165
BANKNIFTY-I.NFO,27/01/2025,09:23:21,47999.7,47995.1,15,47997.6,75,180,2256165
BANKNIFTY-I.NFO,27/01/2025,09:23:23,47995.1,47990,15,47996.95,45,240,2256165
BANKNIFTY-I.NFO,27/01/2025,09:23:24,47994.45,47989.25,30,47999.3,30,60,2256165
BANKNIFTY-I.NFO,27/01/2025,09:23:26,47986.6,47986.6,75,48000,15,195,2256165
BANKNIFTY-I.NFO,27/01/2025,09:23:28,48000.4,47998.9,30,48003.2,30,150,2256165
BANKNIFTY-I.NFO,27/01/2025,09:23:29,47997.7,47989.3,30,47997,30,90,2256165
BANKNIFTY-I.NFO,27/01/2025,09:23:31,47989.35,47989.35,30,47996.9,30,30,2256165
BANKNIFTY-I.NFO,27/01/2025,09:23:33,47996.9,47989.4,15,47996.9,15,30,2256165
BANKNIFTY-I.NFO,27/01/2025,09:23:34,47997.7,47997,45,48000,45,90,2256165
BANKNIFTY-I.NFO,27/01/2025,09:23:36,48006.1,48000.1,30,48000.35,30,180,2256165
BANKNIFTY-I.NFO,27/01/2025,09:23:38,48004.65,48000.45,30,48004.1,75,90,2256165
BANKNIFTY-I.NFO,27/01/2025,09:23:39,47994.85,47986.6,315,47998.35,30,465,2256165
BANKNIFTY-I.NFO,27/01/2025,09:23:41,47998.65,47989.4,45,47996.55,105,60,2256165
BANKNIFTY-I.NFO,27/01/2025,09:23:43,47997.3,47986.65,30,47999.5,30,465,2256165
BANKNIFTY-I.NFO,27/01/2025,09:23:44,48000.9,47988.9,30,48002.55,75,30,2256165
BANKNIFTY-I.NFO,27/01/2025,09:23:46,48000.9,47990.3,30,47998.65,45,0,2256165
BANKNIFTY-I.NFO,27/01/2025,09:23:48,47990,47990.3,30,47993.15,15,120,2256165
BANKNIFTY-I.NFO,27/01/2025,09:23:49,47990.3,47990.3,15,47996.3,45,45,2256165
BANKNIFTY-I.NFO,27/01/2025,09:23:51,47993.05,47990.3,615,47994.25,45,105,2256165
BANKNIFTY-I.NFO,27/01/2025,09:23:53,47993.75,47990.35,30,47994.3,90,60,2256165
BANKNIFTY-I.NFO,27/01/2025,09:23:54,47994.2,47990.4,15,47993.95,45,45,2256165
BANKNIFTY-I.NFO,27/01/2025,09:23:56,47994.35,47994.4,15,47997.1,90,180,2256165
BANKNIFTY-I.NFO,27/01/2025,09:23:58,47997.25,47997.3,45,47998.65,45,15,2256165
BANKNIFTY-I.NFO,27/01/2025,09:23:59,48008.45,48004.55,90,48008.45,135,675,2256165
BANKNIFTY-I.NFO,27/01/2025,09:24:01,48004.6,48004.6,30,48008.4,30,255,2256165
BANKNIFTY-I.NFO,27/01/2025,09:24:03,48006.95,48000.65,15,48006.8,75,150,2256165
BANKNIFTY-I.NFO,27/01/2025,09:24:04,48010.7,48000.65,15,48011.45,105,45,2256165
BANKNIFTY-I.NFO,27/01/2025,09:24:06,48010.7,48010.95,15,48012.8,60,0,2256165
BANKNIFTY-I.NFO,27/01/2025,09:24:08,48012.8,48011,30,48012.8,30,30,2256165
BANKNIFTY-I.NFO,27/01/2025,09:24:09,48013.7,48011.1,30,48014.65,30,45,2256165
BANKNIFTY-I.NFO,27/01/2025,09:24:11,48014.6,48011.15,30,48014.6,30,15,2256165
BANKNIFTY-I.NFO,27/01/2025,09:24:13,48010.95,48010,30,48010.95,150,300,2256165
BANKNIFTY-I.NFO,27/01/2025,09:24:14,48007.85,48000.65,15,48008.05,90,90,2256165
BANKNIFTY-I.NFO,27/01/2025,09:24:16,47999.5,47996.3,15,48001.2,15,60,2256165
BANKNIFTY-I.NFO,27/01/2025,09:24:18,47995,47995,585,47996.2,15,240,2256165
BANKNIFTY-I.NFO,27/01/2025,09:24:19,47992.75,47990.3,585,47994.6,30,660,2256165
BANKNIFTY-I.NFO,27/01/2025,09:24:21,47993.95,47990.3,555,47994.6,15,120,2256165
BANKNIFTY-I.NFO,27/01/2025,09:24:23,47993.95,47990.3,555,47994.6,15,0,2256165
BANKNIFTY-I.NFO,27/01/2025,09:24:26,47994.25,47990.3,555,47997.85,30,45,2256165
BANKNIFTY-I.NFO,27/01/2025,09:24:28,47997.65,47990.35,30,47997.85,30,30,2256165
BANKNIFTY-I.NFO,27/01/2025,09:24:29,47990.55,47994.65,30,47997.85,30,15,2256165
BANKNIFTY-I.NFO,27/01/2025,09:24:31,47997.85,48000.05,30,48006.95,120,75,2256165
BANKNIFTY-I.NFO,27/01/2025,09:24:33,47995.9,47994.65,15,47996.65,75,165,2256165
BANKNIFTY-I.NFO,27/01/2025,09:24:34,47994.65,47994.65,15,47998.8,75,105,2256165
BANKNIFTY-I.NFO,27/01/2025,09:24:36,47996.15,47990.3,555,47996.3,30,285,2256165
BANKNIFTY-I.NFO,27/01/2025,09:24:38,47990.3,47990.35,15,47993.9,45,90,2256165
BANKNIFTY-I.NFO,27/01/2025,09:24:39,47990.35,47990.35,15,47996.9,45,30,2256165
BANKNIFTY-I.NFO,27/01/2025,09:24:41,47990.3,47990.3,360,47996.4,15,165,2256165
BANKNIFTY-I.NFO,27/01/2025,09:24:43,47990.3,47990.35,15,47995.85,15,0,2256165
BANKNIFTY-I.NFO,27/01/2025,09:24:44,47996.65,47990.4,15,48000,15,30,2256165
BANKNIFTY-I.NFO,27/01/2025,09:24:46,48005,47996.4,30,48006.4,15,105,2256165
BANKNIFTY-I.NFO,27/01/2025,09:24:48,47995.55,47996.2,30,48006.95,90,75,2256165
BANKNIFTY-I.NFO,27/01/2025,09:24:49,48006.95,48003.7,30,48006.95,30,75,2256165
BANKNIFTY-I.NFO,27/01/2025,09:24:51,48015.5,48015.65,90,48016,60,180,2256165
BANKNIFTY-I.NFO,27/01/2025,09:24:53,48015.45,48003.2,30,48014.85,120,150,2256165
BANKNIFTY-I.NFO,27/01/2025,09:24:54,48014.9,48005.1,15,48015.3,75,120,2256165
BANKNIFTY-I.NFO,27/01/2025,09:24:56,48014.9,48005.15,60,48017.4,15,0,2256165
BANKNIFTY-I.NFO,27/01/2025,09:24:58,48017.65,48017.45,15,48018,15,30,2256165
BANKNIFTY-I.NFO,27/01/2025,09:24:59,48018,48017.55,15,48020,90,15,2256165
BANKNIFTY-I.NFO,27/01/2025,09:25:01,48027.5,48025.1,15,48029,15,225,2262750
BANKNIFTY-I.NFO,27/01/2025,09:25:03,48029.9,48029.1,30,48029.9,15,45,2262750
BANKNIFTY-I.NFO,27/01/2025,09:25:04,48033.4,48030.35,15,48033.5,15,255,2262750
BANKNIFTY-I.NFO,27/01/2025,09:25:06,48026.85,48025,15,48027.4,45,105,2262750
BANKNIFTY-I.NFO,27/01/2025,09:25:08,48025.6,48025,30,48025.9,75,135,2262750
BANKNIFTY-I.NFO,27/01/2025,09:25:09,48022.7,48021.1,45,48022.7,195,90,2262750
BANKNIFTY-I.NFO,27/01/2025,09:25:11,48021.75,48021.15,15,48022.05,15,90,2262750
BANKNIFTY-I.NFO,27/01/2025,09:25:13,48020.2,48018.15,45,48019.4,45,585,2262750
BANKNIFTY-I.NFO,27/01/2025,09:25:14,48016.65,48016.35,15,48016.7,30,150,2262750
BANKNIFTY-I.NFO,27/01/2025,09:25:16,48016.3,48011.65,45,48021.1,15,75,2262750
BANKNIFTY-I.NFO,27/01/2025,09:25:18,48013.05,48017.1,15,48020.05,150,930,2262750
BANKNIFTY-I.NFO,27/01/2025,09:25:19,48015.95,48009.1,15,48015.25,45,270,2262750
BANKNIFTY-I.NFO,27/01/2025,09:25:21,48015.35,48009.15,15,48011.45,150,105,2262750
BANKNIFTY-I.NFO,27/01/2025,09:25:23,48010.2,48000.1,90,48012.5,45,60,2262750
BANKNIFTY-I.NFO,27/01/2025,09:25:24,48002.85,48003.5,180,48017.45,45,2070,2262750
BANKNIFTY-I.NFO,27/01/2025,09:25:26,48002.85,48004.15,165,48018.35,90,0,2262750
BANKNIFTY-I.NFO,27/01/2025,09:25:28,48002.85,48010.7,120,48015,60,0,2262750
BANKNIFTY-I.NFO,27/01/2025,09:25:29,48015,48010.75,135,48020.2,30,60,2262750
BANKNIFTY-I.NFO,27/01/2025,09:25:31,48015,48010.95,135,48014.95,30,0,2262750
BANKNIFTY-I.NFO,27/01/2025,09:25:33,48015,48011,135,48014.95,30,0,2262750
BANKNIFTY-I.NFO,27/01/2025,09:25:34,48014.95,48011,45,48014.95,15,30,2262750
BANKNIFTY-I.NFO,27/01/2025,09:25:36,48014.95,48011,45,48014.95,15,0,2262750
BANKNIFTY-I.NFO,27/01/2025,09:25:38,48014.95,48011,15,48015,45,45,2262750
BANKNIFTY-I.NFO,27/01/2025,09:25:39,48015,48015,15,48020,15,60,2262750
BANKNIFTY-I.NFO,27/01/2025,09:25:41,48015,48015,15,48019.9,45,30,2262750
BANKNIFTY-I.NFO,27/01/2025,09:25:43,48017.4,48015.35,15,48019.6,330,90,2262750
BANKNIFTY-I.NFO,27/01/2025,09:25:44,48015,48012.05,45,48014.95,15,45,2262750
BANKNIFTY-I.NFO,27/01/2025,09:25:46,48016,48018.75,75,48020.2,15,60,2262750
BANKNIFTY-I.NFO,27/01/2025,09:25:48,48010,48006.15,75,48019,120,315,2262750
BANKNIFTY-I.NFO,27/01/2025,09:25:49,48019,48015,15,48019,60,60,2262750
BANKNIFTY-I.NFO,27/01/2025,09:25:51,48015,48015.95,75,48019,60,15,2262750
BANKNIFTY-I.NFO,27/01/2025,09:25:53,48030.15,48030.15,30,48035,60,525,2262750
BANKNIFTY-I.NFO,27/01/2025,09:25:54,48049,48040.35,75,48049,60,645,2262750
BANKNIFTY-I.NFO,27/01/2025,09:25:56,48044.45,48046.1,15,48058.6,90,630,2262750
BANKNIFTY-I.NFO,27/01/2025,09:25:58,48057.25,48046.15,15,48058.2,90,285,2262750
BANKNIFTY-I.NFO,27/01/2025,09:25:59,48049,48049.55,75,48059.3,75,60,2262750
BANKNIFTY-I.NFO,27/01/2025,09:26:01,48060.65,48061.05,135,48066,30,330,2262750
BANKNIFTY-I.NFO,27/01/2025,09:26:03,48064,48058.85,75,48063,15,780,2262750
BANKNIFTY-I.NFO,27/01/2025,09:26:04,48060.85,48058.25,15,48062.35,45,360,2262750
BANKNIFTY-I.NFO,27/01/2025,09:26:06,48056.85,48050.95,15,48056.85,45,165,2262750
BANKNIFTY-I.NFO,27/01/2025,09:26:08,48050,48037.15,150,48052,15,120,2262750
BANKNIFTY-I.NFO,27/01/2025,09:26:09,48040.45,48049.05,45,48053.15,150,75,2262750
BANKNIFTY-I.NFO,27/01/2025,09:26:11,48046.5,48031.55,300,48042.65,75,195,2262750
BANKNIFTY-I.NFO,27/01/2025,09:26:13,48044.65,48031.55,300,48044.4,105,105,2262750
BANKNIFTY-I.NFO,27/01/2025,09:26:14,48045.15,48037.2,15,48049.05,30,30,2262750
BANKNIFTY-I.NFO,27/01/2025,09:26:16,48053.75,48053.75,15,48055,15,330,2262750
BANKNIFTY-I.NFO,27/01/2025,09:26:18,48049.55,48037.45,120,48053.05,90,120,2262750
BANKNIFTY-I.NFO,27/01/2025,09:26:19,48053.55,48040.1,120,48054.9,135,120,2262750
BANKNIFTY-I.NFO,27/01/2025,09:26:21,48053.55,48040,45,48046.3,90,0,2262750
BANKNIFTY-I.NFO,27/01/2025,09:26:23,48052.35,48041.15,15,48051.25,75,390,2262750
BANKNIFTY-I.NFO,27/01/2025,09:26:24,48053.3,48053.45,30,48054.35,30,300,2262750
BANKNIFTY-I.NFO,27/01/2025,09:26:26,48052.35,48052.35,15,48052.4,150,525,2262750
BANKNIFTY-I.NFO,27/01/2025,09:26:28,48051.8,48047.4,15,48053.15,30,390,2262750
BANKNIFTY-I.NFO,27/01/2025,09:26:29,48054.05,48053.35,15,48054.85,15,1275,2262750
BANKNIFTY-I.NFO,27/01/2025,09:26:31,48052.4,48050.5,15,48052.45,150,135,2262750
BANKNIFTY-I.NFO,27/01/2025,09:26:33,48047.55,48047.55,30,48049,15,105,2262750
BANKNIFTY-I.NFO,27/01/2025,09:26:34,48053.8,48052.45,30,48053.7,15,30,2262750
BANKNIFTY-I.NFO,27/01/2025,09:26:36,48047.3,48036.5,30,48041.4,15,300,2262750
BANKNIFTY-I.NFO,27/01/2025,09:26:38,48031.7,48032.05,30,48036.95,75,165,2262750
BANKNIFTY-I.NFO,27/01/2025,09:26:39,48042.9,48033.4,15,48042.8,15,1065,2262750
BANKNIFTY-I.NFO,27/01/2025,09:26:41,48043.15,48044,120,48052.4,135,60,2262750
BANKNIFTY-I.NFO,27/01/2025,09:26:43,48047.9,48049.2,30,48052.4,120,75,2262750
BANKNIFTY-I.NFO,27/01/2025,09:26:44,48051.65,48041.75,120,48052.4,120,135,2262750
BANKNIFTY-I.NFO,27/01/2025,09:26:46,48052.45,48052.4,75,48052.55,75,345,2262750
BANKNIFTY-I.NFO,27/01/2025,09:26:48,48052.35,48040.1,120,48052.2,300,345,2262750
BANKNIFTY-I.NFO,27/01/2025,09:26:49,48041.5,48041.5,15,48043.15,285,150,2262750
BANKNIFTY-I.NFO,27/01/2025,09:26:51,48041.55,48041.75,15,48043.25,300,15,2262750
BANKNIFTY-I.NFO,27/01/2025,09:26:53,48043.65,48043.25,60,48050.65,15,315,2262750
BANKNIFTY-I.NFO,27/01/2025,09:26:54,48043.25,48043.25,45,48047.9,300,15,2262750
BANKNIFTY-I.NFO,27/01/2025,09:26:56,48044.55,48043.35,15,48044.25,15,105,2262750
BANKNIFTY-I.NFO,27/01/2025,09:26:58,48045.1,48043.3,15,48043.85,150,120,2262750
BANKNIFTY-I.NFO,27/01/2025,09:26:59,48043.45,48045,15,48045.1,15,30,2262750
BANKNIFTY-I.NFO,27/01/2025,09:27:01,48048.9,48045.2,15,48049.5,15,825,2262750
BANKNIFTY-I.NFO,27/01/2025,09:27:03,48045.25,48045.95,90,48047.85,150,45,2262750
BANKNIFTY-I.NFO,27/01/2025,09:27:04,48045.85,48045.85,15,48050.45,15,390,2262750
BANKNIFTY-I.NFO,27/01/2025,09:27:06,48045.85,48047.2,60,48047.7,15,0,2262750
BANKNIFTY-I.NFO,27/01/2025,09:27:08,48047,48045.15,30,48052.2,15,390,2262750
BANKNIFTY-I.NFO,27/01/2025,09:27:09,48047,48045.35,135,48050.65,300,0,2262750
BANKNIFTY-I.NFO,27/01/2025,09:27:11,48063.4,48054.5,120,48064,15,225,2262750
BANKNIFTY-I.NFO,27/01/2025,09:27:13,48065.5,48059.55,30,48066,15,270,2262750
BANKNIFTY-I.NFO,27/01/2025,09:27:14,48067,48060.95,30,48067,15,180,2262750
BANKNIFTY-I.NFO,27/01/2025,09:27:16,48066,48055.1,15,48066.1,300,645,2262750
BANKNIFTY-I.NFO,27/01/2025,09:27:18,48066,48052.45,15,48066.2,300,120,2262750
BANKNIFTY-I.NFO,27/01/2025,09:27:19,48052.4,48052.85,45,48063.05,30,120,2262750
BANKNIFTY-I.NFO,27/01/2025,09:27:21,48061.9,48057.4,15,48064.75,285,90,2262750
BANKNIFTY-I.NFO,27/01/2025,09:27:23,48063.6,48060.05,15,48064.25,15,420,2262750
BANKNIFTY-I.NFO,27/01/2025,09:27:24,48060.95,48052.25,30,48058.85,15,165,2262750
BANKNIFTY-I.NFO,27/01/2025,09:27:26,48061.55,48064.4,60,48065.6,15,165,2262750
BANKNIFTY-I.NFO,27/01/2025,09:27:28,48056.5,48052.35,75,48059,15,285,2262750
BANKNIFTY-I.NFO,27/01/2025,09:27:29,48060.4,48053.65,30,48057.45,15,315,2262750
BANKNIFTY-I.NFO,27/01/2025,09:27:31,48057.05,48052.3,60,48058.25,15,375,2262750
BANKNIFTY-I.NFO,27/01/2025,09:27:33,48052.6,48055,75,48055.5,15,30,2262750
BANKNIFTY-I.NFO,27/01/2025,09:27:34,48054.95,48052.25,45,48054.95,15,345,2262750
BANKNIFTY-I.NFO,27/01/2025,09:27:36,48054.05,48052.5,45,48054.45,75,30,2262750
BANKNIFTY-I.NFO,27/01/2025,09:27:38,48049.25,48048.05,15,48049.8,15,270,2262750
BANKNIFTY-I.NFO,27/01/2025,09:27:39,48048.1,48048.1,15,48049.35,75,90,2262750
BANKNIFTY-I.NFO,27/01/2025,09:27:41,48048.35,48048.35,30,48049.25,15,45,2262750
BANKNIFTY-I.NFO,27/01/2025,09:27:43,48043.95,48039.85,45,48044,15,480,2262750
BANKNIFTY-I.NFO,27/01/2025,09:27:44,48044.85,48038.1,15,48043.55,30,150,2262750
BANKNIFTY-I.NFO,27/01/2025,09:27:46,48043.75,48038.25,15,48043.1,15,255,2262750
BANKNIFTY-I.NFO,27/01/2025,09:27:48,48040,48038.95,60,48040,15,90,2262750
BANKNIFTY-I.NFO,27/01/2025,09:27:49,48050,48051.3,75,48052.6,15,360,2262750
BANKNIFTY-I.NFO,27/01/2025,09:27:51,48053,48054.15,60,48057.2,300,225,2262750
BANKNIFTY-I.NFO,27/01/2025,09:27:52,48060.9,48055.55,15,48060.45,45,600,2262750
BANKNIFTY-I.NFO,27/01/2025,09:27:54,48057.35,48057.3,60,48057.65,45,60,2262750
BANKNIFTY-I.NFO,27/01/2025,09:27:56,48036.15,48037,15,48051.4,15,645,2262750
BANKNIFTY-I.NFO,27/01/2025,09:27:57,48038.2,48038.2,15,48050.3,45,75,2262750
BANKNIFTY-I.NFO,27/01/2025,09:27:59,48044.35,48041.05,15,48047.1,105,30,2262750
BANKNIFTY-I.NFO,27/01/2025,09:28:01,48032.95,48033,30,48039.95,45,285,2262750
BANKNIFTY-I.NFO,27/01/2025,09:28:02,48036.25,48038.3,30,48046.6,45,30,2264955
BANKNIFTY-I.NFO,27/01/2025,09:28:04,48038.25,48038.25,45,48045.6,60,45,2264955
BANKNIFTY-I.NFO,27/01/2025,09:28:06,48040.55,48038.25,30,48040.3,75,105,2264955
BANKNIFTY-I.NFO,27/01/2025,09:28:07,48031.25,48031.25,90,48032.4,45,210,2264955
BANKNIFTY-I.NFO,27/01/2025,09:28:09,48023.9,48021.85,45,48032.4,15,285,2264955
BANKNIFTY-I.NFO,27/01/2025,09:28:10,48028.25,48029.25,30,48034.75,75,45,2264955
BANKNIFTY-I.NFO,27/01/2025,09:28:12,48034.55,48034.65,60,48034.8,45,90,2264955
BANKNIFTY-I.NFO,27/01/2025,09:28:14,48033.05,48023.9,15,48029.1,15,345,2264955
BANKNIFTY-I.NFO,27/01/2025,09:28:15,48023.9,48023.1,15,48029.25,60,195,2264955
BANKNIFTY-I.NFO,27/01/2025,09:28:17,48021.55,48021.55,135,48021.7,120,420,2264955
BANKNIFTY-I.NFO,27/01/2025,09:28:19,48018.65,48009.05,15,48018.65,15,975,2264955
BANKNIFTY-I.NFO,27/01/2025,09:28:21,48005,48005,60,48011.7,45,135,2264955
BANKNIFTY-I.NFO,27/01/2025,09:28:22,48005.1,48005.2,15,48010.75,30,15,2264955
BANKNIFTY-I.NFO,27/01/2025,09:28:24,48004.2,48002.05,135,48006.1,45,270,2264955
BANKNIFTY-I.NFO,27/01/2025,09:28:26,48000,48002.1,30,48007.95,150,585,2264955
BANKNIFTY-I.NFO,27/01/2025,09:28:27,47995,47995.2,60,48005.65,15,1170,2264955
BANKNIFTY-I.NFO,27/01/2025,09:28:29,48010.8,47999.15,60,48003.8,150,105,2264955
BANKNIFTY-I.NFO,27/01/2025,09:28:31,48006.7,47996.1,15,48006.15,30,585,2264955
BANKNIFTY-I.NFO,27/01/2025,09:28:32,48001.45,47997.65,60,48001.4,15,105,2264955
BANKNIFTY-I.NFO,27/01/2025,09:28:34,48006.85,48005.8,45,48007.15,150,375,2264955
BANKNIFTY-I.NFO,27/01/2025,09:28:36,48008.15,48008.3,45,48010.3,90,210,2264955
BANKNIFTY-I.NFO,27/01/2025,09:28:37,48016.55,48000.3,45,48012.95,15,195,2264955
BANKNIFTY-I.NFO,27/01/2025,09:28:39,48010,48005.25,15,48010.7,90,120,2264955
BANKNIFTY-I.NFO,27/01/2025,09:28:41,47997.05,47996.1,30,48005.15,15,90,2264955
BANKNIFTY-I.NFO,27/01/2025,09:28:42,47997.75,47997.75,30,48013.8,45,435,2264955
BANKNIFTY-I.NFO,27/01/2025,09:28:44,48016.5,48008,45,48017.3,300,285,2264955
BANKNIFTY-I.NFO,27/01/2025,09:28:46,48016.85,48017,30,48018.7,15,465,2264955
BANKNIFTY-I.NFO,27/01/2025,09:28:47,48017.1,48017.2,30,48017.55,15,165,2264955
BANKNIFTY-I.NFO,27/01/2025,09:28:49,48012.8,48011.55,15,48013.8,45,210,2264955
BANKNIFTY-I.NFO,27/01/2025,09:28:51,48015.05,48015.05,15,48020,75,210,2264955
BANKNIFTY-I.NFO,27/01/2025,09:28:52,48015,48011,30,48016.95,300,150,2264955
BANKNIFTY-I.NFO,27/01/2025,09:28:54,48017.6,48011,30,48018.1,300,150,2264955
BANKNIFTY-I.NFO,27/01/2025,09:28:56,48021.55,48014.8,75,48023.15,300,90,2264955
BANKNIFTY-I.NFO,27/01/2025,09:28:57,48030,48030,15,48032.35,30,495,2264955
BANKNIFTY-I.NFO,27/01/2025,09:28:59,48035.3,48030.05,15,48036.4,30,45,2264955
BANKNIFTY-I.NFO,27/01/2025,09:29:01,48030,48027.2,30,48030,600,240,2264955
BANKNIFTY-I.NFO,27/01/2025,09:29:02,48020.05,48020.05,90,48030,600,90,2264955
BANKNIFTY-I.NFO,27/01/2025,09:29:04,48020.05,48024.9,45,48030,585,30,2264955
BANKNIFTY-I.NFO,27/01/2025,09:29:05,48031.7,48017.25,105,48031.6,15,1545,2264955
BANKNIFTY-I.NFO,27/01/2025,09:29:07,48030.25,48028.2,15,48029.4,30,435,2264955
BANKNIFTY-I.NFO,27/01/2025,09:29:09,48015.4,48014.2,15,48015.4,30,375,2264955
BANKNIFTY-I.NFO,27/01/2025,09:29:10,48017,48003.3,60,48018.75,15,165,2264955
BANKNIFTY-I.NFO,27/01/2025,09:29:12,48023.2,48017.75,15,48024.55,15,30,2264955
BANKNIFTY-I.NFO,27/01/2025,09:29:14,48023.2,48017.75,30,48020.85,90,0,2264955
BANKNIFTY-I.NFO,27/01/2025,09:29:15,48029.05,48018.55,45,48029.1,90,45,2264955
BANKNIFTY-I.NFO,27/01/2025,09:29:17,48019.4,48019.45,15,48023.3,15,75,2264955
BANKNIFTY-I.NFO,27/01/2025,09:29:19,48019.45,48019.95,45,48024.55,15,30,2264955
BANKNIFTY-I.NFO,27/01/2025,09:29:20,48019.35,48006.3,15,48019.1,30,150,2264955
BANKNIFTY-I.NFO,27/01/2025,09:29:22,48016.7,48010,15,48019.4,180,15,2264955
BANKNIFTY-I.NFO,27/01/2025,09:29:24,48010,48007.7,15,48017,15,45,2264955
BANKNIFTY-I.NFO,27/01/2025,09:29:25,48017.75,48007.7,90,48010,75,30,2264955
BANKNIFTY-I.NFO,27/01/2025,09:29:27,48010.35,48007.8,45,48010.35,15,150,2264955
BANKNIFTY-I.NFO,27/01/2025,09:29:29,48010.3,48007.95,30,48010.3,15,15,2264955
BANKNIFTY-I.NFO,27/01/2025,09:29:30,48009.45,48008.1,30,48009.7,15,75,2264955
BANKNIFTY-I.NFO,27/01/2025,09:29:32,48007.7,48001,15,48007.2,15,270,2264955
BANKNIFTY-I.NFO,27/01/2025,09:29:34,48001.05,48001.05,15,48006.45,15,15,2264955
BANKNIFTY-I.NFO,27/01/2025,09:29:35,48001.65,48000.25,30,48001.75,15,165,2264955
BANKNIFTY-I.NFO,27/01/2025,09:29:37,47997,47991,15,48001.65,30,615,2264955
BANKNIFTY-I.NFO,27/01/2025,09:29:39,47997.55,47991.05,15,47997.25,30,15,2264955
BANKNIFTY-I.NFO,27/01/2025,09:29:40,47997.35,47997.4,30,47998.1,15,60,2264955
BANKNIFTY-I.NFO,27/01/2025,09:29:42,47995.5,47991.1,15,47995.15,75,315,2264955
BANKNIFTY-I.NFO,27/01/2025,09:29:44,47991.1,47991.05,15,47996.35,60,75,2264955
BANKNIFTY-I.NFO,27/01/2025,09:29:45,47993.8,47991.15,15,47995,15,165,2264955
BANKNIFTY-I.NFO,27/01/2025,09:29:47,47990,47986.05,15,47990.35,15,600,2264955
BANKNIFTY-I.NFO,27/01/2025,09:29:49,47991.9,47987.35,15,47992.6,30,1110,2264955
BANKNIFTY-I.NFO,27/01/2025,09:29:50,47994.25,47987.5,30,47991.8,15,45,2264955
BANKNIFTY-I.NFO,27/01/2025,09:29:52,47990,47984.3,15,47991.5,15,180,2264955
BANKNIFTY-I.NFO,27/01/2025,09:29:54,47985.9,47985.9,15,47999.05,45,165,2264955
BANKNIFTY-I.NFO,27/01/2025,09:29:55,47981.55,47981.85,45,47990.9,255,105,2264955
BANKNIFTY-I.NFO,27/01/2025,09:29:57,47995.25,47995.2,75,47996.65,75,120,2264955
BANKNIFTY-I.NFO,27/01/2025,09:29:59,47995.25,47995.25,15,48000,45,0,2264955
BANKNIFTY-I.NFO,27/01/2025,09:30:00,47995.25,47995.8,60,48000,45,0,2264955
BANKNIFTY-I.NFO,27/01/2025,09:30:02,48000.3,48000.1,60,48002.35,30,90,2264955
BANKNIFTY-I.NFO,27/01/2025,09:30:04,48001.2,47995.35,30,47998.3,30,435,2264955
BANKNIFTY-I.NFO,27/01/2025,09:30:05,47993.55,47990,105,47993.75,30,150,2264955
BANKNIFTY-I.NFO,27/01/2025,09:30:07,47995.95,47995.8,300,47996.05,30,240,2264955
BANKNIFTY-I.NFO,27/01/2025,09:30:09,47995.95,47996.05,15,48000,1020,0,2264955
BANKNIFTY-I.NFO,27/01/2025,09:30:10,47995.8,47995.8,240,47996,90,105,2264955
BANKNIFTY-I.NFO,27/01/2025,09:30:12,47990,47990,60,47995.3,15,315,2264955
BANKNIFTY-I.NFO,27/01/2025,09:30:14,47986,47981,15,47986.75,30,75,2264955
BANKNIFTY-I.NFO,27/01/2025,09:30:15,47981.05,47981.05,15,47982.35,30,120,2264955
BANKNIFTY-I.NFO,27/01/2025,09:30:17,47970.05,47970.05,15,47980.35,30,525,2264955
BANKNIFTY-I.NFO,27/01/2025,09:30:19,47970.05,47970.3,30,47984.3,45,195,2264955
BANKNIFTY-I.NFO,27/01/2025,09:30:21,47988.55,47983.35,15,47992.4,15,105,2264955
BANKNIFTY-I.NFO,27/01/2025,09:30:22,47992.4,47989.8,15,47995.3,15,15,2264955
BANKNIFTY-I.NFO,27/01/2025,09:30:24,47995.3,47993.65,15,48000,75,75,2264955
BANKNIFTY-I.NFO,27/01/2025,09:30:26,48000,47993.7,15,47998.4,60,1440,2264955
BANKNIFTY-I.NFO,27/01/2025,09:30:27,47990.15,47990.85,15,48000,30,1560,2264955
BANKNIFTY-I.NFO,27/01/2025,09:30:29,48005,47999.8,60,48005,15,90,2264955
BANKNIFTY-I.NFO,27/01/2025,09:30:31,48016.5,48006.55,60,48016.9,15,165,2264955
BANKNIFTY-I.NFO,27/01/2025,09:30:32,48019.4,48017.9,15,48019.4,150,240,2264955
BANKNIFTY-I.NFO,27/01/2025,09:30:34,48016.15,48006.65,15,48007.65,15,105,2264955
BANKNIFTY-I.NFO,27/01/2025,09:30:36,47994.25,47990.05,15,48004.15,45,195,2264955
BANKNIFTY-I.NFO,27/01/2025,09:30:37,47990.05,47992.9,15,48005,30,15,2264955
BANKNIFTY-I.NFO,27/01/2025,09:30:39,47994.3,47990.05,15,47992.95,45,45,2264955
BANKNIFTY-I.NFO,27/01/2025,09:30:41,47979.35,47977.6,15,47980,15,345,2264955
BANKNIFTY-I.NFO,27/01/2025,09:30:42,47979.35,47973.3,15,47979.35,15,120,2264955
BANKNIFTY-I.NFO,27/01/2025,09:30:44,47979.35,47973.35,30,47985.45,30,15,2264955
BANKNIFTY-I.NFO,27/01/2025,09:30:46,47989.5,47977.5,15,47988.5,60,30,2264955
BANKNIFTY-I.NFO,27/01/2025,09:30:47,47977.5,47977.85,15,47991.7,300,45,2264955
BANKNIFTY-I.NFO,27/01/2025,09:30:49,47989.2,47979.25,15,47990.05,60,60,2264955
BANKNIFTY-I.NFO,27/01/2025,09:30:51,47989.2,47979.3,15,47989,30,0,2264955
BANKNIFTY-I.NFO,27/01/2025,09:30:52,47979.3,47979.3,1845,47989.25,75,45,2264955
BANKNIFTY-I.NFO,27/01/2025,09:30:54,47979.35,47979.35,15,47985.6,15,45,2264955
BANKNIFTY-I.NFO,27/01/2025,09:30:56,47979.3,47979.4,45,47992.45,30,45,2264955
BANKNIFTY-I.NFO,27/01/2025,09:30:57,47986.05,47979.35,30,47986.35,45,15,2264955
BANKNIFTY-I.NFO,27/01/2025,09:30:59,47988,47980,15,47991.75,90,90,2264955
BANKNIFTY-I.NFO,27/01/2025,09:31:01,47996.5,47984.9,60,47999.75,15,90,2264955
BANKNIFTY-I.NFO,27/01/2025,09:31:02,47985.05,47987.9,15,48000,30,30,2269635
BANKNIFTY-I.NFO,27/01/2025,09:31:04,47987.9,47987.9,15,47994.4,15,30,2269635
BANKNIFTY-I.NFO,27/01/2025,09:31:06,47987.9,47987.9,735,47989.2,30,375,2269635
BANKNIFTY-I.NFO,27/01/2025,09:31:07,47993.1,47989.2,15,47994.4,15,45,2269635
BANKNIFTY-I.NFO,27/01/2025,09:31:09,48000,47989.3,45,48000,15,45,2269635
BANKNIFTY-I.NFO,27/01/2025,09:31:11,48000,47989.5,15,47997.85,300,0,2269635
BANKNIFTY-I.NFO,27/01/2025,09:31:12,47997.95,47989.6,45,47998.25,30,15,2269635
BANKNIFTY-I.NFO,27/01/2025,09:31:14,47992.7,47989.7,15,47994.45,150,60,2269635
BANKNIFTY-I.NFO,27/01/2025,09:31:16,47989.8,47989.75,15,47998.9,15,15,2269635
BANKNIFTY-I.NFO,27/01/2025,09:31:17,47989.75,47989.8,60,47997.95,300,15,2269635
BANKNIFTY-I.NFO,27/01/2025,09:31:19,47991,47989.85,60,47995,30,45,2269635
BANKNIFTY-I.NFO,27/01/2025,09:31:21,47995,47989.85,750,47997.95,300,60,2269635
BANKNIFTY-I.NFO,27/01/2025,09:31:22,47995,47989.9,15,47995.4,15,0,2269635
BANKNIFTY-I.NFO,27/01/2025,09:31:24,47989.25,47986.35,150,47989.3,45,1695,2269635
BANKNIFTY-I.NFO,27/01/2025,09:31:26,47980,47975,150,47979.8,15,210,2269635
BANKNIFTY-I.NFO,27/01/2025,09:31:27,47979.95,47975,135,47979.95,15,45,2269635
BANKNIFTY-I.NFO,27/01/2025,09:31:29,47975.05,47975,135,47980,15,15,2269635
BANKNIFTY-I.NFO,27/01/2025,09:31:31,47985.05,47980.25,45,47986.35,15,30,2269635
BANKNIFTY-I.NFO,27/01/2025,09:31:32,47980,47980.3,15,47990.15,15,915,2269635
BANKNIFTY-I.NFO,27/01/2025,09:31:34,47983.75,47980.35,15,47992.65,45,30,2269635
BANKNIFTY-I.NFO,27/01/2025,09:31:36,47980,47975,135,47979.85,30,1305,2269635
BANKNIFTY-I.NFO,27/01/2025,09:31:37,47980.65,47975,90,47979.5,15,75,2269635
BANKNIFTY-I.NFO,27/01/2025,09:31:39,47975.15,47975.05,15,47981.25,60,945,2269635
BANKNIFTY-I.NFO,27/01/2025,09:31:41,47979.3,47975.05,30,47981.15,15,15,2269635
BANKNIFTY-I.NFO,27/01/2025,09:31:42,47978.95,47975.05,30,47979.65,15,45,2269635
BANKNIFTY-I.NFO,27/01/2025,09:31:44,47974.65,47974,285,47981.75,15,210,2269635
BANKNIFTY-I.NFO,27/01/2025,09:31:46,47974,47974,270,47978.95,75,15,2269635
BANKNIFTY-I.NFO,27/01/2025,09:31:47,47974.1,47974.05,15,47974.6,30,180,2269635
BANKNIFTY-I.NFO,27/01/2025,09:31:49,47974,47974,90,47977.4,15,225,2269635
BANKNIFTY-I.NFO,27/01/2025,09:31:51,47974,47974,105,47979.1,150,465,2269635
BANKNIFTY-I.NFO,27/01/2025,09:31:52,47974,47974,60,47978.9,30,75,2269635
BANKNIFTY-I.NFO,27/01/2025,09:31:54,47976.4,47974,75,47976.6,30,30,2269635
BANKNIFTY-I.NFO,27/01/2025,09:31:56,47970,47970,120,47973.4,105,225,2269635
BANKNIFTY-I.NFO,27/01/2025,09:31:57,47970,47970,255,47976.75,15,0,2269635
BANKNIFTY-I.NFO,27/01/2025,09:31:59,47970,47970.1,15,47977.15,15,0,2269635
BANKNIFTY-I.NFO,27/01/2025,09:32:01,47976.05,47976,15,47979.3,60,15,2269635
BANKNIFTY-I.NFO,27/01/2025,09:32:02,47976.05,47976.05,15,47979.3,45,45,2269635
BANKNIFTY-I.NFO,27/01/2025,09:32:04,47976.05,47971,15,47975.7,30,180,2269635
BANKNIFTY-I.NFO,27/01/2025,09:32:06,47966.8,47957.5,15,47967.3,15,660,2269635
BANKNIFTY-I.NFO,27/01/2025,09:32:07,47954.3,47953.05,30,47968.25,30,90,2269635
BANKNIFTY-I.NFO,27/01/2025,09:32:09,47953,47953,30,47966.8,30,45,2269635
BANKNIFTY-I.NFO,27/01/2025,09:32:11,47952,47952,420,47962.25,30,75,2269635
BANKNIFTY-I.NFO,27/01/2025,09:32:12,47952,47952,390,47963.3,120,60,2269635
BANKNIFTY-I.NFO,27/01/2025,09:32:14,47952,47952,345,47959.35,30,90,2269635
BANKNIFTY-I.NFO,27/01/2025,09:32:16,47950,47948.45,15,47950,1725,1425,2269635
BANKNIFTY-I.NFO,27/01/2025,09:32:17,47950,47943.95,15,47950,4440,240,2269635
BANKNIFTY-I.NFO,27/01/2025,09:32:19,47948.1,47951.25,30,47966.85,15,4605,2269635
BANKNIFTY-I.NFO,27/01/2025,09:32:21,47950,47951.25,15,47964.8,30,75,2269635
BANKNIFTY-I.NFO,27/01/2025,09:32:22,47945.85,47948.5,15,47962.6,15,180,2269635
BANKNIFTY-I.NFO,27/01/2025,09:32:24,47945.95,47944,15,47950,825,285,2269635
BANKNIFTY-I.NFO,27/01/2025,09:32:26,47950,47944.4,15,47950,750,240,2269635
BANKNIFTY-I.NFO,27/01/2025,09:32:27,47942.85,47942.55,15,47950,135,660,2269635
BANKNIFTY-I.NFO,27/01/2025,09:32:29,47950,47950,75,47952,15,630,2269635
BANKNIFTY-I.NFO,27/01/2025,09:32:31,47950,47943,30,47950,4935,150,2269635
BANKNIFTY-I.NFO,27/01/2025,09:32:32,47950,47943.2,15,47950,4905,60,2269635
BANKNIFTY-I.NFO,27/01/2025,09:32:34,47950,47943.2,15,47950,4920,240,2269635
BANKNIFTY-I.NFO,27/01/2025,09:32:36,47949.9,47945.1,30,47949.5,15,30,2269635
BANKNIFTY-I.NFO,27/01/2025,09:32:37,47950,47945.1,45,47950,4860,180,2269635
BANKNIFTY-I.NFO,27/01/2025,09:32:39,47945,47940,540,47945,45,180,2269635
BANKNIFTY-I.NFO,27/01/2025,09:32:41,47949.9,47945,150,47949.9,15,60,2269635
BANKNIFTY-I.NFO,27/01/2025,09:32:42,47945,47945,60,47949.85,15,90,2269635
BANKNIFTY-I.NFO,27/01/2025,09:32:44,47943.95,47943.7,15,47949.8,15,360,2269635
BANKNIFTY-I.NFO,27/01/2025,09:32:46,47950,47949.85,45,47950,4875,75,2269635
BANKNIFTY-I.NFO,27/01/2025,09:32:47,47943.75,47943.75,15,47950,4920,45,2269635
BANKNIFTY-I.NFO,27/01/2025,09:32:49,47940,47940,420,47950,4905,195,2269635
BANKNIFTY-I.NFO,27/01/2025,09:32:51,47943.75,47940,480,47943.75,45,105,2269635
BANKNIFTY-I.NFO,27/01/2025,09:32:52,47941.6,47942.05,30,47950,4905,60,2269635
BANKNIFTY-I.NFO,27/01/2025,09:32:54,47950,47942.3,30,47950,4860,105,2269635
BANKNIFTY-I.NFO,27/01/2025,09:32:56,47949.95,47947.95,15,47950,4875,30,2269635
BANKNIFTY-I.NFO,27/01/2025,09:32:57,47950,47947.95,15,47950,4845,45,2269635
BANKNIFTY-I.NFO,27/01/2025,09:32:59,47940.05,47940.05,30,47950,4845,150,2269635
BANKNIFTY-I.NFO,27/01/2025,09:33:01,47947.95,47948.05,15,47950,4815,60,2269635
BANKNIFTY-I.NFO,27/01/2025,09:33:02,47949.95,47948.1,15,47950,4800,45,2269635
BANKNIFTY-I.NFO,27/01/2025,09:33:04,47948.1,47948.1,30,47950,4740,90,2269635
BANKNIFTY-I.NFO,27/01/2025,09:33:06,47948.1,47948.1,15,47950,4605,255,2269635
BANKNIFTY-I.NFO,27/01/2025,09:33:07,47950,47948.15,15,47950,4020,585,2269635
BANKNIFTY-I.NFO,27/01/2025,09:33:09,47959.1,47959.1,15,47960,15,4125,2269635
BANKNIFTY-I.NFO,27/01/2025,09:33:11,47969.95,47961.15,30,47969.95,60,60,2269635
BANKNIFTY-I.NFO,27/01/2025,09:33:12,47973.95,47961.75,15,47970.8,30,150,2269635
BANKNIFTY-I.NFO,27/01/2025,09:33:14,47961.9,47961.9,15,47964.8,30,30,2269635
BANKNIFTY-I.NFO,27/01/2025,09:33:16,47968.8,47962.05,30,47970.45,15,45,2269635
BANKNIFTY-I.NFO,27/01/2025,09:33:17,47967.25,47962.2,15,47964.4,30,15,2269635
BANKNIFTY-I.NFO,27/01/2025,09:33:19,47957,47952.05,15,47957.25,30,420,2269635
BANKNIFTY-I.NFO,27/01/2025,09:33:21,47957,47952.1,15,47955.25,30,0,2269635
BANKNIFTY-I.NFO,27/01/2025,09:33:22,47952.05,47950,30,47952.05,30,90,2269635
BANKNIFTY-I.NFO,27/01/2025,09:33:24,47945.25,47945,15,47954.7,15,90,2269635
BANKNIFTY-I.NFO,27/01/2025,09:33:26,47945.25,47950,120,47957.2,30,0,2269635
BANKNIFTY-I.NFO,27/01/2025,09:33:27,47945,47950.05,30,47952.7,30,120,2269635
BANKNIFTY-I.NFO,27/01/2025,09:33:29,47941.65,47940.05,15,47952.25,45,150,2269635
BANKNIFTY-I.NFO,27/01/2025,09:33:31,47951.65,47942.45,30,47954.4,15,30,2269635
BANKNIFTY-I.NFO,27/01/2025,09:33:32,47951.65,47945.1,30,47955.55,15,0,2269635
BANKNIFTY-I.NFO,27/01/2025,09:33:34,47945.15,47945.15,15,47959.5,30,90,2269635
BANKNIFTY-I.NFO,27/01/2025,09:33:36,47945.15,47945.15,15,47959.1,30,0,2269635
BANKNIFTY-I.NFO,27/01/2025,09:33:37,47954.3,47945.2,15,47955.05,120,45,2269635
BANKNIFTY-I.NFO,27/01/2025,09:33:39,47955,47951.55,15,47955,135,15,2269635
BANKNIFTY-I.NFO,27/01/2025,09:33:41,47951.65,47953.3,60,47955,120,90,2269635
BANKNIFTY-I.NFO,27/01/2025,09:33:42,47953.7,47953.7,45,47955,45,120,2269635
BANKNIFTY-I.NFO,27/01/2025,09:33:44,47969.85,47957,45,47969.55,45,225,2269635
BANKNIFTY-I.NFO,27/01/2025,09:33:46,47959.9,47959.9,15,47972.1,30,255,2269635
BANKNIFTY-I.NFO,27/01/2025,09:33:47,47959.9,47964.45,45,47974,30,0,2269635
BANKNIFTY-I.NFO,27/01/2025,09:33:49,47976.4,47967.5,60,47980.9,75,165,2269635
BANKNIFTY-I.NFO,27/01/2025,09:33:51,47978.45,47968.55,45,47974.95,30,75,2269635
BANKNIFTY-I.NFO,27/01/2025,09:33:52,47977.85,47969.6,45,47975.15,15,75,2269635
BANKNIFTY-I.NFO,27/01/2025,09:33:54,47963.15,47949.7,15,47962.95,30,330,2269635
BANKNIFTY-I.NFO,27/01/2025,09:33:56,47963.85,47950,75,47964.1,30,105,2269635
BANKNIFTY-I.NFO,27/01/2025,09:33:57,47966.45,47954.9,60,47968.15,75,75,2269635
BANKNIFTY-I.NFO,27/01/2025,09:33:59,47960.5,47960.1,60,47968.45,15,45,2269635
BANKNIFTY-I.NFO,27/01/2025,09:34:00,47975,47965.5,75,47979.6,60,135,2269635
BANKNIFTY-I.NFO,27/01/2025,09:34:02,47975.3,47967.15,15,47973.6,15,15,2263860
BANKNIFTY-I.NFO,27/01/2025,09:34:04,47960.95,47960.05,15,47960.95,15,225,2263860
BANKNIFTY-I.NFO,27/01/2025,09:34:05,47979.7,47975.1,15,47977.85,45,90,2263860
BANKNIFTY-I.NFO,27/01/2025,09:34:07,47979.7,47975.25,30,47980,15,0,2263860
BANKNIFTY-I.NFO,27/01/2025,09:34:09,47971.1,47972.1,30,47981.55,15,210,2263860
BANKNIFTY-I.NFO,27/01/2025,09:34:10,47981.6,47977.75,15,47981.6,135,60,2263860
BANKNIFTY-I.NFO,27/01/2025,09:34:12,47989.25,47977.8,45,47991.1,60,180,2263860
BANKNIFTY-I.NFO,27/01/2025,09:34:14,47989.25,47977.85,15,47981,15,0,2263860
BANKNIFTY-I.NFO,27/01/2025,09:34:15,47977.85,47977.95,30,47981,15,60,2263860
BANKNIFTY-I.NFO,27/01/2025,09:34:17,47977.85,47978,30,47981,15,0,2263860
BANKNIFTY-I.NFO,27/01/2025,09:34:19,47970.5,47970,15,47978,60,180,2263860
BANKNIFTY-I.NFO,27/01/2025,09:34:20,47982.85,47974.3,15,47983.7,90,45,2263860
BANKNIFTY-I.NFO,27/01/2025,09:34:22,47974.3,47974.3,45,47978,30,60,2263860
BANKNIFTY-I.NFO,27/01/2025,09:34:24,47984.9,47984.85,15,47995,15,75,2263860
BANKNIFTY-I.NFO,27/01/2025,09:34:25,47997.55,47995.55,135,48010,15,540,2263860
BANKNIFTY-I.NFO,27/01/2025,09:34:27,48005.2,48006.8,15,48017.6,15,165,2263860
BANKNIFTY-I.NFO,27/01/2025,09:34:29,48019.1,48017.6,45,48020.55,30,360,2263860
BANKNIFTY-I.NFO,27/01/2025,09:34:30,48016.45,48021.2,30,48025.45,60,210,2263860
BANKNIFTY-I.NFO,27/01/2025,09:34:32,48021.9,48021.95,15,48026.55,60,180,2263860
BANKNIFTY-I.NFO,27/01/2025,09:34:34,48026.55,48022,120,48024.25,60,180,2263860
BANKNIFTY-I.NFO,27/01/2025,09:34:36,48030.25,48030.05,30,48038.65,30,120,2263860
BANKNIFTY-I.NFO,27/01/2025,09:34:37,48044.2,48037.15,15,48042.75,15,390,2263860
BANKNIFTY-I.NFO,27/01/2025,09:34:39,48041,48037.2,30,48038.95,15,810,2263860
BANKNIFTY-I.NFO,27/01/2025,09:34:41,48036.35,48030,45,48036.9,30,165,2263860
BANKNIFTY-I.NFO,27/01/2025,09:34:42,48033.15,48030,30,48033.15,60,30,2263860
BANKNIFTY-I.NFO,27/01/2025,09:34:44,48027.6,48024.3,15,48031.3,15,495,2263860
BANKNIFTY-I.NFO,27/01/2025,09:34:46,48036.2,48032,15,48034.4,60,90,2263860
BANKNIFTY-I.NFO,27/01/2025,09:34:47,48016,48018.3,75,48033,60,360,2263860
BANKNIFTY-I.NFO,27/01/2025,09:34:49,48025.1,48009.65,30,48022.8,15,135,2263860
BANKNIFTY-I.NFO,27/01/2025,09:34:50,48021.45,48009.05,60,48022.85,15,15,2263860
BANKNIFTY-I.NFO,27/01/2025,09:34:52,48019.45,48003.9,60,48019.35,30,105,2263860
BANKNIFTY-I.NFO,27/01/2025,09:34:54,48017.45,48003.95,60,48017.55,30,15,2263860
BANKNIFTY-I.NFO,27/01/2025,09:34:55,48018.2,48004.8,60,48018.35,30,105,2263860
BANKNIFTY-I.NFO,27/01/2025,09:34:57,48007.7,48004.8,45,48017.9,30,30,2263860
BANKNIFTY-I.NFO,27/01/2025,09:34:59,48020.6,48018.35,1005,48021.45,15,30,2263860
BANKNIFTY-I.NFO,27/01/2025,09:35:00,48021.05,48007.3,60,48021.2,30,1170,2263860
BANKNIFTY-I.NFO,27/01/2025,09:35:02,48004.8,48003.65,60,48006.05,210,240,2263860
BANKNIFTY-I.NFO,27/01/2025,09:35:04,48025,48012.15,30,48025,30,435,2263860
BANKNIFTY-I.NFO,27/01/2025,09:35:05,48020.8,48020.75,45,48036.2,15,60,2263860
BANKNIFTY-I.NFO,27/01/2025,09:35:07,48037.5,48021.1,45,48036.95,60,90,2263860
BANKNIFTY-I.NFO,27/01/2025,09:35:09,48039.85,48024.85,105,48040.65,30,150,2263860
BANKNIFTY-I.NFO,27/01/2025,09:35:10,48027.5,48024.95,90,48039.8,75,15,2263860
BANKNIFTY-I.NFO,27/01/2025,09:35:12,48034.6,48030,15,48034.6,15,15,2263860
BANKNIFTY-I.NFO,27/01/2025,09:35:14,48033.05,48021.2,45,48033.1,30,195,2263860
BANKNIFTY-I.NFO,27/01/2025,09:35:15,48030.8,48021.4,15,48024.95,135,60,2263860
BANKNIFTY-I.NFO,27/01/2025,09:35:17,48024.95,48021.45,15,48024.95,60,75,2263860
BANKNIFTY-I.NFO,27/01/2025,09:35:19,48023.6,48021.45,15,48024.95,45,30,2263860
BANKNIFTY-I.NFO,27/01/2025,09:35:20,48024.95,48021.45,15,48024.95,30,15,2263860
BANKNIFTY-I.NFO,27/01/2025,09:35:22,48024.95,48021.45,15,48024.95,15,15,2263860
BANKNIFTY-I.NFO,27/01/2025,09:35:24,48024.95,48021.45,30,48024.35,30,90,2263860
BANKNIFTY-I.NFO,27/01/2025,09:35:25,48024.95,48024.95,15,48025,405,15,2263860
BANKNIFTY-I.NFO,27/01/2025,09:35:27,48021.45,48021.45,15,48024.95,30,45,2263860
BANKNIFTY-I.NFO,27/01/2025,09:35:29,48024.95,48021.45,15,48024.6,30,30,2263860
BANKNIFTY-I.NFO,27/01/2025,09:35:30,48024.95,48020.15,15,48025,405,60,2263860
BANKNIFTY-I.NFO,27/01/2025,09:35:32,48011.05,48009.75,45,48024.95,60,150,2263860
BANKNIFTY-I.NFO,27/01/2025,09:35:34,48011.05,48011.05,45,48024.95,30,0,2263860
BANKNIFTY-I.NFO,27/01/2025,09:35:35,48011.05,48011.15,45,48024.95,30,0,2263860
BANKNIFTY-I.NFO,27/01/2025,09:35:37,48011.25,48011.15,15,48024.65,60,90,2263860
BANKNIFTY-I.NFO,27/01/2025,09:35:39,48025,48020,30,48025,375,60,2263860
BANKNIFTY-I.NFO,27/01/2025,09:35:40,48030.8,48030.8,15,48035,15,435,2263860
BANKNIFTY-I.NFO,27/01/2025,09:35:42,48067,48055.5,75,48070.5,45,2835,2263860
BANKNIFTY-I.NFO,27/01/2025,09:35:44,48083.7,48072.85,15,48083.3,30,1440,2263860
BANKNIFTY-I.NFO,27/01/2025,09:35:45,48072.95,48072.95,15,48078.2,75,150,2263860
BANKNIFTY-I.NFO,27/01/2025,09:35:47,48067,48056.8,60,48071.8,30,210,2263860
BANKNIFTY-I.NFO,27/01/2025,09:35:49,48081.95,48065.55,75,48082.1,45,315,2263860
BANKNIFTY-I.NFO,27/01/2025,09:35:50,48076.95,48072,15,48074.75,15,15,2263860
BANKNIFTY-I.NFO,27/01/2025,09:35:52,48082,48072.05,45,48083.5,15,90,2263860
BANKNIFTY-I.NFO,27/01/2025,09:35:54,48075.6,48075.55,60,48083.65,30,75,2263860
BANKNIFTY-I.NFO,27/01/2025,09:35:55,48081.95,48080.25,105,48081.95,90,90,2263860
BANKNIFTY-I.NFO,27/01/2025,09:35:57,48080.3,48072,15,48076.15,30,420,2263860
BANKNIFTY-I.NFO,27/01/2025,09:35:59,48067.05,48067.95,60,48081.95,15,135,2263860
BANKNIFTY-I.NFO,27/01/2025,09:36:00,48081.4,48068.1,30,48081.75,15,60,2263860
BANKNIFTY-I.NFO,27/01/2025,09:36:02,48080.65,48070.95,15,48081.95,15,150,2263860
BANKNIFTY-I.NFO,27/01/2025,09:36:04,48075.55,48066.15,60,48075.55,75,270,2263860
BANKNIFTY-I.NFO,27/01/2025,09:36:05,48088.8,48080.65,75,48087.85,30,270,2263860
BANKNIFTY-I.NFO,27/01/2025,09:36:07,48081.65,48066.35,90,48081.65,75,225,2263860
BANKNIFTY-I.NFO,27/01/2025,09:36:09,48081.4,48068.2,90,48082.7,60,60,2263860
BANKNIFTY-I.NFO,27/01/2025,09:36:10,48082.35,48069.55,30,48079.2,15,45,2263860
BANKNIFTY-I.NFO,27/01/2025,09:36:12,48081,48077.5,90,48080,45,75,2263860
BANKNIFTY-I.NFO,27/01/2025,09:36:14,48066.35,48066.35,15,48080.1,15,225,2263860
BANKNIFTY-I.NFO,27/01/2025,09:36:15,48080.65,48082.05,15,48083,15,180,2263860
BANKNIFTY-I.NFO,27/01/2025,09:36:17,48077.45,48066.4,15,48073.6,180,150,2263860
BANKNIFTY-I.NFO,27/01/2025,09:36:19,48072.15,48066.45,15,48072.05,30,60,2263860
BANKNIFTY-I.NFO,27/01/2025,09:36:20,48075.7,48066.5,15,48076.25,30,780,2263860
BANKNIFTY-I.NFO,27/01/2025,09:36:22,48066.5,48066.5,45,48072.1,75,345,2263860
BANKNIFTY-I.NFO,27/01/2025,09:36:24,48060.05,48060,45,48064.4,45,165,2263860
BANKNIFTY-I.NFO,27/01/2025,09:36:25,48058.55,48052,645,48055.95,15,75,2263860
BANKNIFTY-I.NFO,27/01/2025,09:36:27,48057.8,48052.1,60,48065.05,30,90,2263860
BANKNIFTY-I.NFO,27/01/2025,09:36:29,48065.4,48060,15,48063.8,75,60,2263860
BANKNIFTY-I.NFO,27/01/2025,09:36:30,48066,48061,15,48066,30,45,2263860
BANKNIFTY-I.NFO,27/01/2025,09:36:32,48061.15,48057.8,15,48060.9,150,105,2263860
BANKNIFTY-I.NFO,27/01/2025,09:36:34,48052,48057.8,30,48059.05,150,135,2263860
BANKNIFTY-I.NFO,27/01/2025,09:36:35,48052,48057.85,15,48060.4,15,0,2263860
BANKNIFTY-I.NFO,27/01/2025,09:36:37,48057.8,48059.6,15,48065.7,15,405,2263860
BANKNIFTY-I.NFO,27/01/2025,09:36:39,48052.05,48052.05,15,48061.65,15,375,2263860
BANKNIFTY-I.NFO,27/01/2025,09:36:40,48052,48052.05,30,48056,15,75,2263860
BANKNIFTY-I.NFO,27/01/2025,09:36:42,48052.05,48052,510,48056.4,30,75,2263860
BANKNIFTY-I.NFO,27/01/2025,09:36:44,48049.95,48036.6,60,48050.9,15,690,2263860
BANKNIFTY-I.NFO,27/01/2025,09:36:46,48049.95,48039.4,60,48050.9,15,0,2263860
BANKNIFTY-I.NFO,27/01/2025,09:36:47,48038.5,48034,60,48050.15,30,135,2263860
BANKNIFTY-I.NFO,27/01/2025,09:36:49,48034.05,48034,60,48045.85,195,75,2263860
BANKNIFTY-I.NFO,27/01/2025,09:36:51,48034,48034,45,48045.65,15,30,2263860
BANKNIFTY-I.NFO,27/01/2025,09:36:52,48034.05,48034,30,48045.1,45,30,2263860
BANKNIFTY-I.NFO,27/01/2025,09:36:54,48034,48031.75,60,48045.2,30,30,2263860
BANKNIFTY-I.NFO,27/01/2025,09:36:56,48034,48034.05,15,48044.75,45,0,2263860
BANKNIFTY-I.NFO,27/01/2025,09:36:57,48034.05,48034.05,90,48038.55,15,15,2263860
BANKNIFTY-I.NFO,27/01/2025,09:36:59,48030.4,48022.05,15,48031.25,45,195,2263860
BANKNIFTY-I.NFO,27/01/2025,09:37:01,48030.8,48026.05,15,48029.7,15,135,2263860
BANKNIFTY-I.NFO,27/01/2025,09:37:02,48031.05,48027.8,15,48034.45,75,255,2263860
BANKNIFTY-I.NFO,27/01/2025,09:37:04,48037.45,48034.15,15,48036.2,135,45,2267475
BANKNIFTY-I.NFO,27/01/2025,09:37:06,48036.9,48034.15,45,48041.95,60,75,2267475
BANKNIFTY-I.NFO,27/01/2025,09:37:07,48034.15,48018.1,90,48034.05,75,120,2267475
BANKNIFTY-I.NFO,27/01/2025,09:37:09,48018.1,48017.75,15,48026.55,75,60,2267475
BANKNIFTY-I.NFO,27/01/2025,09:37:11,48032.3,48020.05,15,48027.7,75,30,2267475
BANKNIFTY-I.NFO,27/01/2025,09:37:12,48032.3,48020.05,15,48026.65,30,0,2267475
BANKNIFTY-I.NFO,27/01/2025,09:37:14,48026.65,48020.1,30,48027.2,30,30,2267475
BANKNIFTY-I.NFO,27/01/2025,09:37:16,48032.1,48022.65,15,48032.3,15,105,2267475
BANKNIFTY-I.NFO,27/01/2025,09:37:17,48034.05,48034.8,60,48035.3,75,75,2267475
BANKNIFTY-I.NFO,27/01/2025,09:37:19,48038,48034.85,60,48044.3,15,270,2267475
BANKNIFTY-I.NFO,27/01/2025,09:37:21,48048,48045.15,75,48049,150,45,2267475
BANKNIFTY-I.NFO,27/01/2025,09:37:22,48052.05,48050.95,15,48059.45,75,345,2267475
BANKNIFTY-I.NFO,27/01/2025,09:37:24,48050.95,48035,45,48050.45,60,330,2267475
BANKNIFTY-I.NFO,27/01/2025,09:37:26,48036.7,48036.7,60,48044.85,15,120,2267475
BANKNIFTY-I.NFO,27/01/2025,09:37:27,48045.6,48037.55,45,48048.25,60,15,2267475
BANKNIFTY-I.NFO,27/01/2025,09:37:29,48048.75,48038.75,45,48047.3,75,15,2267475
BANKNIFTY-I.NFO,27/01/2025,09:37:31,48062.85,48051,60,48063.15,15,270,2267475
BANKNIFTY-I.NFO,27/01/2025,09:37:32,48054.05,48055.1,45,48065,15,45,2267475
BANKNIFTY-I.NFO,27/01/2025,09:37:34,48063.15,48055.1,75,48064.25,30,195,2267475
BANKNIFTY-I.NFO,27/01/2025,09:37:36,48054.5,48048.05,45,48049.85,225,210,2267475
BANKNIFTY-I.NFO,27/01/2025,09:37:37,48047.9,48044,15,48048.85,75,225,2267475
BANKNIFTY-I.NFO,27/01/2025,09:37:39,48040,48030,15,48041.35,60,240,2267475
BANKNIFTY-I.NFO,27/01/2025,09:37:41,48045.45,48034.15,60,48042.65,30,75,2267475
BANKNIFTY-I.NFO,27/01/2025,09:37:42,48042.6,48035.35,15,48040.6,60,30,2267475
BANKNIFTY-I.NFO,27/01/2025,09:37:44,48034.2,48035.8,45,48037.75,30,150,2267475
BANKNIFTY-I.NFO,27/01/2025,09:37:46,48037.75,48036.65,30,48041.8,30,30,2267475
BANKNIFTY-I.NFO,27/01/2025,09:37:47,48042.2,48041.9,120,48042.2,15,45,2267475
BANKNIFTY-I.NFO,27/01/2025,09:37:49,48056.85,48045.55,60,48057.5,45,105,2267475
BANKNIFTY-I.NFO,27/01/2025,09:37:51,48056.1,48056.15,75,48063.8,15,75,2267475
BANKNIFTY-I.NFO,27/01/2025,09:37:52,48062.25,48056.1,15,48062.8,150,225,2267475
BANKNIFTY-I.NFO,27/01/2025,09:37:54,48056.1,48056.1,45,48059.9,75,15,2267475
BANKNIFTY-I.NFO,27/01/2025,09:37:56,48072,48056.85,60,48071.85,75,75,2267475
BANKNIFTY-I.NFO,27/01/2025,09:37:57,48056.85,48056.85,90,48061.7,15,45,2267475
BANKNIFTY-I.NFO,27/01/2025,09:37:59,48057.6,48043.15,60,48057.75,45,165,2267475
BANKNIFTY-I.NFO,27/01/2025,09:38:01,48060.9,48043.3,60,48057.65,75,120,2267475
BANKNIFTY-I.NFO,27/01/2025,09:38:02,48051.65,48043.3,15,48054.8,45,30,2267475
BANKNIFTY-I.NFO,27/01/2025,09:38:04,48047.2,48048.45,60,48061.55,30,45,2267475
BANKNIFTY-I.NFO,27/01/2025,09:38:06,48060,48050.05,15,48060.1,15,60,2267475
BANKNIFTY-I.NFO,27/01/2025,09:38:07,48060.1,48050.15,60,48062.95,30,15,2267475
BANKNIFTY-I.NFO,27/01/2025,09:38:09,48050.15,48050.2,15,48060.6,15,15,2267475
BANKNIFTY-I.NFO,27/01/2025,09:38:10,48050,48050,15,48051.35,105,90,2267475
BANKNIFTY-I.NFO,27/01/2025,09:38:12,48035.35,48035.1,30,48050.2,15,90,2267475
BANKNIFTY-I.NFO,27/01/2025,09:38:14,48052.9,48036.55,45,48050.8,75,225,2267475
BANKNIFTY-I.NFO,27/01/2025,09:38:15,48055.05,48036.8,60,48050.3,45,30,2267475
BANKNIFTY-I.NFO,27/01/2025,09:38:17,48049,48036.85,15,48047.8,90,30,2267475
BANKNIFTY-I.NFO,27/01/2025,09:38:19,48048.45,48040,30,48044.05,255,75,2267475
BANKNIFTY-I.NFO,27/01/2025,09:38:20,48047.3,48040.05,15,48048.35,90,15,2267475
BANKNIFTY-I.NFO,27/01/2025,09:38:22,48042,48040.05,30,48044.45,75,45,2267475
BANKNIFTY-I.NFO,27/01/2025,09:38:24,48044.8,48043.1,15,48049.05,90,60,2267475
BANKNIFTY-I.NFO,27/01/2025,09:38:25,48039.8,48035.05,30,48039.7,30,210,2267475
BANKNIFTY-I.NFO,27/01/2025,09:38:27,48035.05,48035,15,48045.5,15,60,2267475
BANKNIFTY-I.NFO,27/01/2025,09:38:29,48045.75,48045.25,15,48045.9,15,30,2267475
BANKNIFTY-I.NFO,27/01/2025,09:38:30,48045.25,48035.05,15,48046.4,75,180,2267475
BANKNIFTY-I.NFO,27/01/2025,09:38:32,48045.95,48035.15,15,48045.55,75,30,2267475
BANKNIFTY-I.NFO,27/01/2025,09:38:34,48045.65,48035.2,15,48042.3,75,15,2267475
BANKNIFTY-I.NFO,27/01/2025,09:38:35,48038,48036.8,90,48051.1,75,45,2267475
BANKNIFTY-I.NFO,27/01/2025,09:38:37,48036.85,48036.85,15,48042.9,60,15,2267475
BANKNIFTY-I.NFO,27/01/2025,09:38:38,48045.35,48041.75,15,48048.05,75,45,2267475
BANKNIFTY-I.NFO,27/01/2025,09:38:40,48041.75,48041.75,90,48052.9,15,105,2267475
BANKNIFTY-I.NFO,27/01/2025,09:38:42,48041.75,48041.95,60,48051.6,30,30,2267475
BANKNIFTY-I.NFO,27/01/2025,09:38:43,48042,48042,30,48043.95,75,30,2267475
BANKNIFTY-I.NFO,27/01/2025,09:38:45,48042.55,48042.55,120,48055.05,15,165,2267475
BANKNIFTY-I.NFO,27/01/2025,09:38:47,48044.35,48044.35,60,48058.7,30,60,2267475
BANKNIFTY-I.NFO,27/01/2025,09:38:48,48057.55,48044.4,60,48058.75,60,195,2267475
BANKNIFTY-I.NFO,27/01/2025,09:38:50,48045.15,48046,60,48062.05,30,60,2267475
BANKNIFTY-I.NFO,27/01/2025,09:38:52,48050,48049.95,45,48061.95,15,30,2267475
BANKNIFTY-I.NFO,27/01/2025,09:38:53,48059.45,48050,15,48057.2,60,60,2267475
BANKNIFTY-I.NFO,27/01/2025,09:38:55,48050.05,48050.05,45,48054.75,30,60,2267475
BANKNIFTY-I.NFO,27/01/2025,09:38:57,48045.85,48045.85,15,48051.7,225,165,2267475
BANKNIFTY-I.NFO,27/01/2025,09:38:58,48042,48042,105,48042.35,15,360,2267475
BANKNIFTY-I.NFO,27/01/2025,09:39:00,48047.45,48040,45,48048.75,225,390,2267475
BANKNIFTY-I.NFO,27/01/2025,09:39:02,48039.9,48040,15,48051.2,15,195,2267475
BANKNIFTY-I.NFO,27/01/2025,09:39:04,48058.45,48046.2,30,48059.45,15,15,2267475
BANKNIFTY-I.NFO,27/01/2025,09:39:05,48058.45,48047.7,30,48058.5,75,15,2267475
BANKNIFTY-I.NFO,27/01/2025,09:39:07,48055.6,48048.55,30,48060,15,30,2267475
BANKNIFTY-I.NFO,27/01/2025,09:39:08,48063.95,48063.9,60,48065.9,90,60,2267475
BANKNIFTY-I.NFO,27/01/2025,09:39:10,48059.1,48048.75,15,48059.15,30,345,2267475
BANKNIFTY-I.NFO,27/01/2025,09:39:12,48065.55,48052.35,60,48065.55,45,105,2267475
BANKNIFTY-I.NFO,27/01/2025,09:39:13,48050.1,48048.9,15,48062.35,15,135,2267475
BANKNIFTY-I.NFO,27/01/2025,09:39:15,48065.55,48057.6,45,48065.55,15,45,2267475
BANKNIFTY-I.NFO,27/01/2025,09:39:17,48070,48058.6,45,48066.45,15,45,2267475
BANKNIFTY-I.NFO,27/01/2025,09:39:18,48058.7,48059,30,48066.45,15,75,2267475
BANKNIFTY-I.NFO,27/01/2025,09:39:20,48092.95,48093.1,15,48094.75,15,1515,2267475
BANKNIFTY-I.NFO,27/01/2025,09:39:22,48105.45,48100.75,30,48104.1,75,1740,2267475
BANKNIFTY-I.NFO,27/01/2025,09:39:23,48096.25,48090.1,15,48093.9,75,615,2267475
BANKNIFTY-I.NFO,27/01/2025,09:39:25,48091.2,48079.45,90,48093.7,75,165,2267475
BANKNIFTY-I.NFO,27/01/2025,09:39:26,48093.9,48083.2,30,48092.6,225,75,2267475
BANKNIFTY-I.NFO,27/01/2025,09:39:28,48083.4,48083.35,30,48089.95,75,180,2267475
BANKNIFTY-I.NFO,27/01/2025,09:39:30,48100,48093.2,60,48100.9,15,90,2267475
BANKNIFTY-I.NFO,27/01/2025,09:39:31,48101.95,48101.9,30,48107.85,225,165,2267475
BANKNIFTY-I.NFO,27/01/2025,09:39:33,48101.9,48090.7,15,48102.65,75,795,2267475
BANKNIFTY-I.NFO,27/01/2025,09:39:35,48100,48093.2,15,48100.1,15,105,2267475
BANKNIFTY-I.NFO,27/01/2025,09:39:36,48086.25,48069.9,75,48085.8,75,1245,2267475
BANKNIFTY-I.NFO,27/01/2025,09:39:38,48090.3,48090.7,15,48093.2,150,45,2267475
BANKNIFTY-I.NFO,27/01/2025,09:39:40,48090.75,48090.7,45,48094.2,150,165,2267475
BANKNIFTY-I.NFO,27/01/2025,09:39:41,48090.2,48078.95,90,48093.25,75,75,2267475
BANKNIFTY-I.NFO,27/01/2025,09:39:43,48080.1,48080.1,15,48092.5,60,135,2267475
BANKNIFTY-I.NFO,27/01/2025,09:39:45,48092.55,48087.8,30,48093.9,30,15,2267475
BANKNIFTY-I.NFO,27/01/2025,09:39:46,48100,48090.35,15,48100,135,60,2267475
BANKNIFTY-I.NFO,27/01/2025,09:39:48,48090.4,48090.35,15,48093.9,15,30,2267475
BANKNIFTY-I.NFO,27/01/2025,09:39:50,48100,48093.95,30,48100,60,90,2267475
BANKNIFTY-I.NFO,27/01/2025,09:39:51,48093.9,48089.75,15,48098.6,60,105,2267475
BANKNIFTY-I.NFO,27/01/2025,09:39:53,48101.35,48089.7,15,48101.9,30,930,2267475
BANKNIFTY-I.NFO,27/01/2025,09:39:55,48093.9,48089.8,15,48099.95,30,15,2267475
BANKNIFTY-I.NFO,27/01/2025,09:39:56,48089.6,48089.55,15,48095.25,30,45,2267475
BANKNIFTY-I.NFO,27/01/2025,09:39:58,48088.8,48089.55,30,48093.25,150,75,2267475
BANKNIFTY-I.NFO,27/01/2025,09:40:00,48099.55,48094.05,15,48100,15,105,2267475
BANKNIFTY-I.NFO,27/01/2025,09:40:01,48102.55,48098.6,45,48103.25,15,270,2267475
BANKNIFTY-I.NFO,27/01/2025,09:40:03,48099.2,48085.55,30,48097.6,15,270,2267475
BANKNIFTY-I.NFO,27/01/2025,09:40:05,48094.6,48085.5,15,48093.55,150,510,2267355
BANKNIFTY-I.NFO,27/01/2025,09:40:06,48080.45,48080.1,15,48084.1,60,210,2267355
BANKNIFTY-I.NFO,27/01/2025,09:40:08,48080,48064.15,60,48078.4,60,135,2267355
BANKNIFTY-I.NFO,27/01/2025,09:40:10,48079.85,48064.3,15,48075.2,60,15,2267355
BANKNIFTY-I.NFO,27/01/2025,09:40:11,48064.35,48064.3,105,48074.05,75,15,2267355
BANKNIFTY-I.NFO,27/01/2025,09:40:13,48073.15,48064.3,105,48072.65,75,45,2267355
BANKNIFTY-I.NFO,27/01/2025,09:40:15,48074.8,48072.75,15,48075.65,75,30,2267355
BANKNIFTY-I.NFO,27/01/2025,09:40:16,48069,48054.6,90,48068.9,75,1470,2267355
BANKNIFTY-I.NFO,27/01/2025,09:40:18,48070.65,48062.55,90,48078.75,75,1035,2267355
BANKNIFTY-I.NFO,27/01/2025,09:40:20,48066.45,48069.55,15,48080,60,135,2267355
BANKNIFTY-I.NFO,27/01/2025,09:40:21,48066.45,48069.55,75,48073.15,15,0,2267355
BANKNIFTY-I.NFO,27/01/2025,09:40:23,48069.9,48055.3,90,48070,30,165,2267355
BANKNIFTY-I.NFO,27/01/2025,09:40:25,48057.95,48058.3,60,48070,15,30,2267355
BANKNIFTY-I.NFO,27/01/2025,09:40:26,48060,48058.35,15,48060,555,105,2267355
BANKNIFTY-I.NFO,27/01/2025,09:40:28,48058.4,48058.15,15,48058.4,30,300,2267355
BANKNIFTY-I.NFO,27/01/2025,09:40:30,48060,48054.05,15,48060,375,105,2267355
BANKNIFTY-I.NFO,27/01/2025,09:40:31,48060,48058.3,15,48059.95,75,60,2267355
BANKNIFTY-I.NFO,27/01/2025,09:40:33,48058.3,48058.35,30,48060,315,30,2267355
BANKNIFTY-I.NFO,27/01/2025,09:40:35,48060,48058.45,30,48060,300,15,2267355
BANKNIFTY-I.NFO,27/01/2025,09:40:36,48058.45,48054,15,48057.05,15,360,2267355
BANKNIFTY-I.NFO,27/01/2025,09:40:38,48039.7,48039.4,150,48050,15,315,2267355
BANKNIFTY-I.NFO,27/01/2025,09:40:40,48053.2,48051,15,48052.15,15,195,2267355
BANKNIFTY-I.NFO,27/01/2025,09:40:41,48051,48037.6,15,48049.75,120,75,2267355
BANKNIFTY-I.NFO,27/01/2025,09:40:43,48035.45,48037.6,135,48052.7,15,105,2267355
BANKNIFTY-I.NFO,27/01/2025,09:40:45,48038.35,48035.9,90,48050.25,15,15,2267355
BANKNIFTY-I.NFO,27/01/2025,09:40:46,48050.2,48039.7,15,48048.3,15,15,2267355
BANKNIFTY-I.NFO,27/01/2025,09:40:48,48047.4,48039.7,15,48047.45,75,105,2267355
BANKNIFTY-I.NFO,27/01/2025,09:40:50,48030,48030,30,48032.55,75,135,2267355
BANKNIFTY-I.NFO,27/01/2025,09:40:51,48032.6,48030.05,15,48033.7,45,30,2267355
BANKNIFTY-I.NFO,27/01/2025,09:40:53,48030.05,48030.1,30,48032.8,15,15,2267355
BANKNIFTY-I.NFO,27/01/2025,09:40:55,48029.4,48020,60,48029.65,375,180,2267355
BANKNIFTY-I.NFO,27/01/2025,09:40:56,48020,48011,30,48020,45,135,2267355
BANKNIFTY-I.NFO,27/01/2025,09:40:58,48015.75,48013.1,15,48020,15,210,2267355
BANKNIFTY-I.NFO,27/01/2025,09:41:00,48020,48020.1,60,48030,30,15,2267355
BANKNIFTY-I.NFO,27/01/2025,09:41:01,48020.25,48021.7,75,48030,30,15,2267355
BANKNIFTY-I.NFO,27/01/2025,09:41:03,48027.7,48028.95,45,48045.5,120,270,2267355
BANKNIFTY-I.NFO,27/01/2025,09:41:05,48046.75,48033.65,15,48045.85,120,45,2267355
BANKNIFTY-I.NFO,27/01/2025,09:41:06,48045.45,48027.4,15,48040.25,120,15,2267355
BANKNIFTY-I.NFO,27/01/2025,09:41:08,48035,48022.1,45,48036.05,525,45,2267355
BANKNIFTY-I.NFO,27/01/2025,09:41:10,48025,48023.6,45,48038.2,15,285,2267355
BANKNIFTY-I.NFO,27/01/2025,09:41:12,48037.4,48022.55,60,48036.95,120,90,2267355
BANKNIFTY-I.NFO,27/01/2025,09:41:13,48016.8,48022.6,30,48035.95,45,915,2267355
BANKNIFTY-I.NFO,27/01/2025,09:41:15,48035.95,48031.65,45,48038.55,30,45,2267355
BANKNIFTY-I.NFO,27/01/2025,09:41:17,48038.5,48031.65,30,48035.95,255,120,2267355
BANKNIFTY-I.NFO,27/01/2025,09:41:18,48031.7,48031.7,45,48035.95,225,105,2267355
BANKNIFTY-I.NFO,27/01/2025,09:41:20,48031.2,48031.75,15,48032.3,120,105,2267355
BANKNIFTY-I.NFO,27/01/2025,09:41:22,48025.1,48022.1,60,48035.95,225,45,2267355
BANKNIFTY-I.NFO,27/01/2025,09:41:23,48031.8,48023.6,30,48035.9,15,45,2267355
BANKNIFTY-I.NFO,27/01/2025,09:41:25,48035.9,48025.45,30,48031.7,30,30,2267355
BANKNIFTY-I.NFO,27/01/2025,09:41:27,48035.95,48028.2,15,48035.9,15,105,2267355
BANKNIFTY-I.NFO,27/01/2025,09:41:28,48028.2,48026.05,15,48035,75,510,2267355
BANKNIFTY-I.NFO,27/01/2025,09:41:30,48035,48028.35,15,48035,750,75,2267355
BANKNIFTY-I.NFO,27/01/2025,09:41:31,48028.5,48028.5,30,48035,690,75,2267355
BANKNIFTY-I.NFO,27/01/2025,09:41:33,48038.35,48038.35,15,48047.95,120,960,2267355
BANKNIFTY-I.NFO,27/01/2025,09:41:35,48047.35,48038.45,15,48048,15,285,2267355
BANKNIFTY-I.NFO,27/01/2025,09:41:36,48050,48048.1,15,48050.2,30,165,2267355
BANKNIFTY-I.NFO,27/01/2025,09:41:38,48050.2,48048.15,30,48056,15,195,2267355
BANKNIFTY-I.NFO,27/01/2025,09:41:40,48050.8,48049.25,120,48057,15,45,2267355
BANKNIFTY-I.NFO,27/01/2025,09:41:41,48057,48049.4,15,48060,60,345,2267355
BANKNIFTY-I.NFO,27/01/2025,09:41:43,48060,48050.25,15,48060,30,30,2267355
BANKNIFTY-I.NFO,27/01/2025,09:41:45,48064.8,48058,30,48070,15,45,2267355
BANKNIFTY-I.NFO,27/01/2025,09:41:46,48052.4,48060,15,48067.2,150,105,2267355
BANKNIFTY-I.NFO,27/01/2025,09:41:48,48060,48048.5,15,48058.75,150,45,2267355
BANKNIFTY-I.NFO,27/01/2025,09:41:50,48048.55,48048.55,15,48054.5,180,15,2267355
BANKNIFTY-I.NFO,27/01/2025,09:41:51,48048.1,48040.05,15,48047.7,150,75,2267355
BANKNIFTY-I.NFO,27/01/2025,09:41:53,48046.8,48031.2,30,48046.8,180,45,2267355
BANKNIFTY-I.NFO,27/01/2025,09:41:55,48046.8,48031.2,15,48040.05,150,0,2267355
BANKNIFTY-I.NFO,27/01/2025,09:41:56,48040.05,48033.3,15,48040.05,105,45,2267355
BANKNIFTY-I.NFO,27/01/2025,09:41:58,48040,48033.3,15,48040,150,105,2267355
BANKNIFTY-I.NFO,27/01/2025,09:41:59,48033.35,48025.05,15,48033.6,150,60,2267355
BANKNIFTY-I.NFO,27/01/2025,09:42:01,48020.2,48016.2,30,48022.05,120,180,2267355
BANKNIFTY-I.NFO,27/01/2025,09:42:03,48026.55,48020.15,30,48026.6,120,30,2267355
BANKNIFTY-I.NFO,27/01/2025,09:42:04,48020.15,48019.95,15,48027.6,105,165,2267355
BANKNIFTY-I.NFO,27/01/2025,09:42:06,48020.15,48021,15,48024.55,15,0,2267355
BANKNIFTY-I.NFO,27/01/2025,09:42:08,48011.45,48011.55,60,48018.35,60,585,2267355
BANKNIFTY-I.NFO,27/01/2025,09:42:09,48019.7,48019.25,15,48019.45,30,180,2267355
BANKNIFTY-I.NFO,27/01/2025,09:42:11,48004.1,48003.6,15,48016.7,30,210,2267355
BANKNIFTY-I.NFO,27/01/2025,09:42:13,48000.1,47985.85,120,48002.2,45,870,2267355
BANKNIFTY-I.NFO,27/01/2025,09:42:14,47987.85,47995.15,45,47996.15,15,60,2267355
BANKNIFTY-I.NFO,27/01/2025,09:42:16,48000.25,48000.45,60,48007.05,15,255,2267355
BANKNIFTY-I.NFO,27/01/2025,09:42:18,47995.15,47995.1,60,47995.15,360,1140,2267355
BANKNIFTY-I.NFO,27/01/2025,09:42:19,47995.15,47995.1,45,47995.15,345,30,2267355
BANKNIFTY-I.NFO,27/01/2025,09:42:21,47995.3,47979.65,150,47995.65,75,165,2267355
BANKNIFTY-I.NFO,27/01/2025,09:42:23,47985.2,47985.2,120,47998.1,15,45,2267355
BANKNIFTY-I.NFO,27/01/2025,09:42:24,47985.15,47989.95,15,47999.35,105,30,2267355
BANKNIFTY-I.NFO,27/01/2025,09:42:26,47981.4,47981.4,105,47996.45,120,120,2267355
BANKNIFTY-I.NFO,27/01/2025,09:42:28,47981.4,47988.15,105,47998.55,15,0,2267355
BANKNIFTY-I.NFO,27/01/2025,09:42:29,47992.55,47992.95,15,47995.1,330,285,2267355
BANKNIFTY-I.NFO,27/01/2025,09:42:31,48000,47996.75,15,48007.55,120,390,2267355
BANKNIFTY-I.NFO,27/01/2025,09:42:33,47999.95,47999.95,30,48000,15,90,2267355
BANKNIFTY-I.NFO,27/01/2025,09:42:34,48000.65,48001.35,75,48011.45,30,90,2267355
BANKNIFTY-I.NFO,27/01/2025,09:42:36,47995.15,47996.45,75,48011.4,30,180,2267355
BANKNIFTY-I.NFO,27/01/2025,09:42:38,48008.05,47991.4,105,48007.1,120,105,2267355
BANKNIFTY-I.NFO,27/01/2025,09:42:39,48000,47996.25,105,48000,45,30,2267355
BANKNIFTY-I.NFO,27/01/2025,09:42:41,47992.7,47992.9,90,48000,240,45,2267355
BANKNIFTY-I.NFO,27/01/2025,09:42:43,47992.95,47992.9,60,48000,240,45,2267355
BANKNIFTY-I.NFO,27/01/2025,09:42:44,48000,48000.1,75,48003.25,15,465,2267355
BANKNIFTY-I.NFO,27/01/2025,09:42:46,48009.7,48011.3,30,48011.45,30,45,2267355
BANKNIFTY-I.NFO,27/01/2025,09:42:48,48012.5,48012.5,30,48014.4,105,180,2267355
BANKNIFTY-I.NFO,27/01/2025,09:42:49,48011.3,48011.3,60,48011.85,60,165,2267355
BANKNIFTY-I.NFO,27/01/2025,09:42:51,47980,47975,60,47981.4,45,360,2267355
BANKNIFTY-I.NFO,27/01/2025,09:42:53,47980,47975.05,15,47979.95,15,0,2267355
BANKNIFTY-I.NFO,27/01/2025,09:42:54,47990.25,47983.15,120,47999.55,45,60,2267355
BANKNIFTY-I.NFO,27/01/2025,09:42:56,47989.7,47990.05,30,47997.6,30,60,2267355
BANKNIFTY-I.NFO,27/01/2025,09:42:58,47994.75,47995.05,60,48006.05,90,15,2267355
BANKNIFTY-I.NFO,27/01/2025,09:42:59,47995.1,48007.8,60,48013.55,30,15,2267355
BANKNIFTY-I.NFO,27/01/2025,09:43:01,48012.5,48016.45,135,48020,210,30,2267355
BANKNIFTY-I.NFO,27/01/2025,09:43:03,48019.9,48016.6,15,48020,210,180,2267355
BANKNIFTY-I.NFO,27/01/2025,09:43:04,48019.9,48016.7,30,48020,210,0,2267355
BANKNIFTY-I.NFO,27/01/2025,09:43:06,48020,48016.75,30,48020,180,690,2269455
BANKNIFTY-I.NFO,27/01/2025,09:43:08,48020,48016.85,15,48020,165,15,2269455
BANKNIFTY-I.NFO,27/01/2025,09:43:11,48031.95,48021.15,30,48036.1,135,195,2269455
BANKNIFTY-I.NFO,27/01/2025,09:43:13,48024.05,48025.45,45,48041.2,120,15,2269455
BANKNIFTY-I.NFO,27/01/2025,09:43:14,48048.45,48048.3,15,48050,90,45,2269455
BANKNIFTY-I.NFO,27/01/2025,09:43:16,48050.9,48050.9,15,48060,15,180,2269455
BANKNIFTY-I.NFO,27/01/2025,09:43:18,48050.9,48050.9,60,48054.8,15,0,2269455
BANKNIFTY-I.NFO,27/01/2025,09:43:19,48060,48054.95,15,48063,120,60,2269455
BANKNIFTY-I.NFO,27/01/2025,09:43:21,48058.75,48054.95,60,48063.8,120,75,2269455
BANKNIFTY-I.NFO,27/01/2025,09:43:23,48063.6,48063.6,15,48065.6,15,60,2269455
BANKNIFTY-I.NFO,27/01/2025,09:43:24,48063.3,48063.7,15,48070,15,120,2269455
BANKNIFTY-I.NFO,27/01/2025,09:43:26,48065.85,48063.7,90,48065.95,60,75,2269455
BANKNIFTY-I.NFO,27/01/2025,09:43:28,48063.75,48050.9,120,48063.25,15,105,2269455
BANKNIFTY-I.NFO,27/01/2025,09:43:29,48075.25,48060.8,120,48075.55,30,240,2269455
BANKNIFTY-I.NFO,27/01/2025,09:43:31,48073.05,48072.25,15,48073.05,90,870,2269455
BANKNIFTY-I.NFO,27/01/2025,09:43:33,48077.6,48077.15,60,48085.55,15,15,2269455
BANKNIFTY-I.NFO,27/01/2025,09:43:34,48088,48081.1,45,48085.85,15,75,2269455
BANKNIFTY-I.NFO,27/01/2025,09:43:36,48095,48093,30,48095,45,465,2269455
BANKNIFTY-I.NFO,27/01/2025,09:43:38,48096.95,48097.8,75,48099,75,600,2269455
BANKNIFTY-I.NFO,27/01/2025,09:43:39,48100.35,48100.3,75,48101,15,330,2269455
BANKNIFTY-I.NFO,27/01/2025,09:43:41,48100.5,48100.5,15,48101.95,15,75,2269455
BANKNIFTY-I.NFO,27/01/2025,09:43:42,48106.8,48098,30,48107,15,330,2269455
BANKNIFTY-I.NFO,27/01/2025,09:43:44,48120,48116.4,60,48120,30,360,2269455
BANKNIFTY-I.NFO,27/01/2025,09:43:46,48131.3,48128.8,120,48143.15,150,3405,2269455
BANKNIFTY-I.NFO,27/01/2025,09:43:47,48146.9,48132.4,15,48140.7,60,570,2269455
BANKNIFTY-I.NFO,27/01/2025,09:43:49,48135.75,48122.4,150,48137.5,75,105,2269455
BANKNIFTY-I.NFO,27/01/2025,09:43:51,48144.8,48142.6,150,48149.95,30,30,2269455
BANKNIFTY-I.NFO,27/01/2025,09:43:52,48160.15,48154.85,15,48161.5,75,2220,2269455
BANKNIFTY-I.NFO,27/01/2025,09:43:54,48150,48149.2,15,48151.45,375,645,2269455
BANKNIFTY-I.NFO,27/01/2025,09:43:55,48152.15,48144.15,60,48154.85,15,360,2269455
BANKNIFTY-I.NFO,27/01/2025,09:43:57,48161.15,48157.5,30,48162,15,270,2269455
BANKNIFTY-I.NFO,27/01/2025,09:43:58,48152.2,48152.2,15,48153.8,15,330,2269455
BANKNIFTY-I.NFO,27/01/2025,09:44:00,48160,48159.05,30,48160,90,120,2269455
BANKNIFTY-I.NFO,27/01/2025,09:44:02,48162.95,48159.05,15,48163.15,15,225,2269455
BANKNIFTY-I.NFO,27/01/2025,09:44:03,48169.8,48159.3,30,48171.3,45,615,2269455
BANKNIFTY-I.NFO,27/01/2025,09:44:05,48154.1,48153.95,15,48167.65,75,825,2269455
BANKNIFTY-I.NFO,27/01/2025,09:44:06,48157,48162.45,60,48170,15,1050,2269455
BANKNIFTY-I.NFO,27/01/2025,09:44:08,48174.45,48156.65,60,48170,30,630,2269455
BANKNIFTY-I.NFO,27/01/2025,09:44:10,48173.2,48165.75,45,48178,30,240,2269455
BANKNIFTY-I.NFO,27/01/2025,09:44:11,48170,48169.5,60,48176.7,15,1110,2269455
BANKNIFTY-I.NFO,27/01/2025,09:44:13,48163.6,48152.25,15,48164.05,45,405,2269455
BANKNIFTY-I.NFO,27/01/2025,09:44:15,48165.75,48165.7,75,48165.75,15,285,2269455
BANKNIFTY-I.NFO,27/01/2025,09:44:16,48170,48171.45,30,48174.5,15,270,2269455
BANKNIFTY-I.NFO,27/01/2025,09:44:18,48166.9,48165.8,15,48166.2,375,495,2269455
BANKNIFTY-I.NFO,27/01/2025,09:44:19,48164.4,48155.4,45,48165.1,15,240,2269455
BANKNIFTY-I.NFO,27/01/2025,09:44:21,48166.95,48163.5,30,48169,15,150,2269455
BANKNIFTY-I.NFO,27/01/2025,09:44:23,48169.45,48169.45,45,48169.5,15,90,2269455
BANKNIFTY-I.NFO,27/01/2025,09:44:24,48166.35,48165.1,15,48167.9,30,300,2269455
BANKNIFTY-I.NFO,27/01/2025,09:44:26,48156.7,48156.7,15,48158.85,30,255,2269455
BANKNIFTY-I.NFO,27/01/2025,09:44:28,48156.7,48149.85,30,48156.7,15,285,2269455
BANKNIFTY-I.NFO,27/01/2025,09:44:29,48160,48157.4,15,48166.95,90,105,2269455
BANKNIFTY-I.NFO,27/01/2025,09:44:31,48162.85,48148.75,15,48161.35,15,195,2269455
BANKNIFTY-I.NFO,27/01/2025,09:44:33,48167.05,48167.1,15,48169.45,300,120,2269455
BANKNIFTY-I.NFO,27/01/2025,09:44:34,48153.7,48154.9,30,48168.2,30,750,2269455
BANKNIFTY-I.NFO,27/01/2025,09:44:36,48179.85,48175.85,45,48179.85,15,435,2269455
BANKNIFTY-I.NFO,27/01/2025,09:44:38,48164.2,48164.35,15,48166.05,30,870,2269455
BANKNIFTY-I.NFO,27/01/2025,09:44:39,48165.25,48165.2,30,48175,435,390,2269455
BANKNIFTY-I.NFO,27/01/2025,09:44:41,48184.9,48179.8,30,48185,75,765,2269455
BANKNIFTY-I.NFO,27/01/2025,09:44:43,48179.35,48175.25,15,48178.65,15,435,2269455
BANKNIFTY-I.NFO,27/01/2025,09:44:44,48175.8,48165.6,15,48176.85,375,435,2269455
BANKNIFTY-I.NFO,27/01/2025,09:44:46,48173.05,48167.2,15,48173,375,480,2269455
BANKNIFTY-I.NFO,27/01/2025,09:44:48,48164.1,48155.1,15,48164.95,15,675,2269455
BANKNIFTY-I.NFO,27/01/2025,09:44:49,48170.45,48159.3,45,48170.65,15,165,2269455
BANKNIFTY-I.NFO,27/01/2025,09:44:51,48167.65,48167.75,15,48171.6,165,960,2269455
BANKNIFTY-I.NFO,27/01/2025,09:44:53,48156.9,48156.85,15,48163.9,15,390,2269455
BANKNIFTY-I.NFO,27/01/2025,09:44:54,48157,48157.1,15,48162.15,165,75,2269455
BANKNIFTY-I.NFO,27/01/2025,09:44:56,48147.65,48136.7,75,48151.25,15,465,2269455
BANKNIFTY-I.NFO,27/01/2025,09:44:58,48129.7,48130.35,75,48147.25,30,1185,2269455
BANKNIFTY-I.NFO,27/01/2025,09:44:59,48144.5,48144.6,30,48157.1,15,180,2269455
BANKNIFTY-I.NFO,27/01/2025,09:45:01,48140.35,48140.05,15,48155.15,30,285,2269455
BANKNIFTY-I.NFO,27/01/2025,09:45:03,48135.35,48138.55,15,48155.5,30,315,2269455
BANKNIFTY-I.NFO,27/01/2025,09:45:04,48148.95,48149.15,15,48156.45,30,45,2269455
BANKNIFTY-I.NFO,27/01/2025,09:45:06,48152.75,48149.3,15,48157,15,225,2269455
BANKNIFTY-I.NFO,27/01/2025,09:45:08,48150,48140.55,15,48155.15,15,150,2269455
BANKNIFTY-I.NFO,27/01/2025,09:45:09,48141.6,48143.35,45,48149.3,150,15,2269455
BANKNIFTY-I.NFO,27/01/2025,09:45:11,48152.95,48151.55,15,48156.1,15,465,2269455
BANKNIFTY-I.NFO,27/01/2025,09:45:13,48147,48135.15,30,48145.25,30,765,2269455
BANKNIFTY-I.NFO,27/01/2025,09:45:14,48150.05,48150.1,30,48150.3,15,480,2269455
BANKNIFTY-I.NFO,27/01/2025,09:45:16,48150,48149.15,30,48150,30,1320,2269455
BANKNIFTY-I.NFO,27/01/2025,09:45:18,48150,48141.2,45,48150.1,15,255,2269455
BANKNIFTY-I.NFO,27/01/2025,09:45:19,48155,48153.95,45,48157,30,75,2269455
BANKNIFTY-I.NFO,27/01/2025,09:45:21,48158.5,48157.2,15,48158.8,30,240,2269455
BANKNIFTY-I.NFO,27/01/2025,09:45:23,48150.1,48139.15,75,48154.95,30,105,2269455
BANKNIFTY-I.NFO,27/01/2025,09:45:24,48148.45,48148.45,30,48155,30,150,2269455
BANKNIFTY-I.NFO,27/01/2025,09:45:26,48150.1,48149.7,75,48159.9,15,225,2269455
BANKNIFTY-I.NFO,27/01/2025,09:45:28,48160,48161.1,15,48169.85,15,90,2269455
BANKNIFTY-I.NFO,27/01/2025,09:45:29,48173.65,48163.15,60,48175,45,270,2269455
BANKNIFTY-I.NFO,27/01/2025,09:45:31,48178.45,48163.25,15,48173.95,60,360,2269455
BANKNIFTY-I.NFO,27/01/2025,09:45:33,48155.05,48152.9,45,48169.2,60,270,2269455
BANKNIFTY-I.NFO,27/01/2025,09:45:34,48158.15,48158.15,15,48170.75,30,135,2269455
BANKNIFTY-I.NFO,27/01/2025,09:45:36,48168,48169.5,30,48170,15,45,2269455
BANKNIFTY-I.NFO,27/01/2025,09:45:38,48174,48169.5,30,48173.75,60,135,2269455
BANKNIFTY-I.NFO,27/01/2025,09:45:40,48160.8,48158.2,15,48159.95,30,150,2269455
BANKNIFTY-I.NFO,27/01/2025,09:45:41,48155.05,48150.15,15,48153.95,60,45,2269455
BANKNIFTY-I.NFO,27/01/2025,09:45:43,48157,48150.2,30,48158.2,15,60,2269455
BANKNIFTY-I.NFO,27/01/2025,09:45:45,48150,48144.65,15,48150,15,105,2269455
BANKNIFTY-I.NFO,27/01/2025,09:45:46,48147.7,48135.05,15,48143.6,60,60,2269455
BANKNIFTY-I.NFO,27/01/2025,09:45:48,48125.35,48125.8,15,48142.55,90,165,2269455
BANKNIFTY-I.NFO,27/01/2025,09:45:50,48127.45,48126.45,15,48142.65,60,30,2269455
BANKNIFTY-I.NFO,27/01/2025,09:45:51,48124.55,48126.95,15,48137.9,60,75,2269455
BANKNIFTY-I.NFO,27/01/2025,09:45:53,48120.5,48122.8,15,48139.05,120,105,2269455
BANKNIFTY-I.NFO,27/01/2025,09:45:55,48138.15,48123.1,15,48126.45,15,60,2269455
BANKNIFTY-I.NFO,27/01/2025,09:45:56,48126.45,48125,15,48126.1,15,15,2269455
BANKNIFTY-I.NFO,27/01/2025,09:45:58,48111.05,48111.1,15,48120,375,90,2269455
BANKNIFTY-I.NFO,27/01/2025,09:46:00,48120.35,48120.7,15,48122.95,15,540,2269455
BANKNIFTY-I.NFO,27/01/2025,09:46:01,48112.45,48102.45,75,48116.6,60,465,2269455
BANKNIFTY-I.NFO,27/01/2025,09:46:03,48113.05,48113.05,60,48124,30,165,2269455
BANKNIFTY-I.NFO,27/01/2025,09:46:05,48135,48128.1,60,48135,90,30,2273610
BANKNIFTY-I.NFO,27/01/2025,09:46:06,48144.55,48140.65,15,48146.7,15,210,2273610
BANKNIFTY-I.NFO,27/01/2025,09:46:08,48143.55,48140,60,48150,60,180,2273610
BANKNIFTY-I.NFO,27/01/2025,09:46:10,48154.65,48158.65,15,48160,45,360,2273610
BANKNIFTY-I.NFO,27/01/2025,09:46:11,48145.35,48158.65,15,48159.45,30,405,2273610
BANKNIFTY-I.NFO,27/01/2025,09:46:13,48158.65,48140.6,15,48157.2,15,60,2273610
BANKNIFTY-I.NFO,27/01/2025,09:46:14,48144.95,48144.95,30,48158,15,165,2273610
BANKNIFTY-I.NFO,27/01/2025,09:46:16,48160,48149.15,15,48163.35,60,135,2273610
BANKNIFTY-I.NFO,27/01/2025,09:46:18,48158,48141.95,75,48158.2,60,240,2273610
BANKNIFTY-I.NFO,27/01/2025,09:46:19,48142.5,48142.5,15,48154.35,375,180,2273610
BANKNIFTY-I.NFO,27/01/2025,09:46:21,48156.6,48144.05,15,48153.85,15,15,2273610
BANKNIFTY-I.NFO,27/01/2025,09:46:23,48144,48144,285,48153.6,60,120,2273610
BANKNIFTY-I.NFO,27/01/2025,09:46:24,48156.75,48144,285,48152.15,15,15,2273610
BANKNIFTY-I.NFO,27/01/2025,09:46:26,48144,48144,285,48144.6,30,15,2273610
BANKNIFTY-I.NFO,27/01/2025,09:46:28,48144.6,48145.35,30,48158,45,30,2273610
BANKNIFTY-I.NFO,27/01/2025,09:46:29,48156.55,48144,210,48144.6,15,180,2273610
BANKNIFTY-I.NFO,27/01/2025,09:46:31,48144.6,48144.2,15,48150,195,15,2273610
BANKNIFTY-I.NFO,27/01/2025,09:46:33,48144.6,48144.25,15,48150,195,0,2273610
BANKNIFTY-I.NFO,27/01/2025,09:46:34,48144.25,48144.25,15,48145.85,15,30,2273610
BANKNIFTY-I.NFO,27/01/2025,09:46:36,48142.5,48144.6,15,48149.2,60,285,2273610
BANKNIFTY-I.NFO,27/01/2025,09:46:38,48140,48134.15,60,48142.45,60,90,2273610
BANKNIFTY-I.NFO,27/01/2025,09:46:39,48146.55,48134.15,30,48141.6,15,225,2273610
BANKNIFTY-I.NFO,27/01/2025,09:46:41,48128.05,48128.25,60,48143.3,60,120,2273610
BANKNIFTY-I.NFO,27/01/2025,09:46:42,48128.05,48128.05,60,48142.95,60,0,2273610
BANKNIFTY-I.NFO,27/01/2025,09:46:44,48128.05,48128.35,15,48139.75,90,0,2273610
BANKNIFTY-I.NFO,27/01/2025,09:46:46,48123.35,48129.5,15,48141.65,15,225,2273610
BANKNIFTY-I.NFO,27/01/2025,09:46:47,48130.85,48130.75,15,48141.65,15,15,2273610
BANKNIFTY-I.NFO,27/01/2025,09:46:49,48140,48130.75,30,48141.65,15,15,2273610
BANKNIFTY-I.NFO,27/01/2025,09:46:51,48130.75,48133.15,15,48141.65,15,15,2273610
BANKNIFTY-I.NFO,27/01/2025,09:46:52,48133.15,48133.4,15,48140,900,45,2273610
BANKNIFTY-I.NFO,27/01/2025,09:46:54,48136.05,48135.65,30,48146.55,15,915,2273610
BANKNIFTY-I.NFO,27/01/2025,09:46:56,48146.55,48146.55,195,48149.95,60,45,2273610
BANKNIFTY-I.NFO,27/01/2025,09:46:57,48146.55,48146.55,210,48148.4,60,30,2273610
BANKNIFTY-I.NFO,27/01/2025,09:46:59,48145,48138.95,15,48145,180,270,2273610
BANKNIFTY-I.NFO,27/01/2025,09:47:00,48154.1,48152.65,30,48158,45,345,2273610
BANKNIFTY-I.NFO,27/01/2025,09:47:02,48160,48157.1,15,48160,45,150,2273610
BANKNIFTY-I.NFO,27/01/2025,09:47:04,48164.35,48157.15,45,48162.95,60,75,2273610
BANKNIFTY-I.NFO,27/01/2025,09:47:05,48163.4,48148.5,60,48164.1,60,105,2273610
BANKNIFTY-I.NFO,27/01/2025,09:47:07,48157.15,48148.45,45,48156.15,60,30,2273610
BANKNIFTY-I.NFO,27/01/2025,09:47:09,48156.15,48148.45,60,48158.05,30,195,2273610
BANKNIFTY-I.NFO,27/01/2025,09:47:10,48148.5,48148.45,45,48159.35,90,15,2273610
BANKNIFTY-I.NFO,27/01/2025,09:47:12,48157.15,48154.6,60,48160,30,615,2273610
BANKNIFTY-I.NFO,27/01/2025,09:47:14,48154.95,48154.6,105,48160,15,90,2273610
BANKNIFTY-I.NFO,27/01/2025,09:47:15,48169,48165,75,48169,15,45,2273610
BANKNIFTY-I.NFO,27/01/2025,09:47:17,48173,48167.4,60,48174,435,90,2273610
BANKNIFTY-I.NFO,27/01/2025,09:47:19,48174,48170.9,45,48174,390,135,2273610
BANKNIFTY-I.NFO,27/01/2025,09:47:20,48171.2,48171.2,75,48174,390,15,2273610
BANKNIFTY-I.NFO,27/01/2025,09:47:22,48174,48171.35,75,48174,375,15,2273610
BANKNIFTY-I.NFO,27/01/2025,09:47:24,48186.7,48178.1,45,48188,15,1140,2273610
BANKNIFTY-I.NFO,27/01/2025,09:47:25,48202.15,48197.2,60,48202.55,30,2025,2273610
BANKNIFTY-I.NFO,27/01/2025,09:47:27,48193.25,48178.95,75,48193.5,30,510,2273610
BANKNIFTY-I.NFO,27/01/2025,09:47:29,48193.8,48182.65,15,48193.85,30,210,2273610
BANKNIFTY-I.NFO,27/01/2025,09:47:30,48193.4,48182.75,60,48192.25,75,45,2273610
BANKNIFTY-I.NFO,27/01/2025,09:47:32,48200,48197.35,30,48201.3,30,150,2273610
BANKNIFTY-I.NFO,27/01/2025,09:47:34,48208.05,48201.55,30,48210,15,45,2273610
BANKNIFTY-I.NFO,27/01/2025,09:47:35,48200.5,48195.05,30,48201.25,30,525,2273610
BANKNIFTY-I.NFO,27/01/2025,09:47:37,48195.1,48195.5,15,48206.8,165,45,2273610
BANKNIFTY-I.NFO,27/01/2025,09:47:39,48205.5,48202.75,30,48204.85,15,225,2273610
BANKNIFTY-I.NFO,27/01/2025,09:47:40,48202.85,48202.85,15,48206.45,60,60,2273610
BANKNIFTY-I.NFO,27/01/2025,09:47:42,48205,48202.85,30,48210,30,45,2273610
BANKNIFTY-I.NFO,27/01/2025,09:47:44,48202.85,48195.05,30,48206.7,30,105,2273610
BANKNIFTY-I.NFO,27/01/2025,09:47:45,48195.1,48195.05,30,48202.85,15,75,2273610
BANKNIFTY-I.NFO,27/01/2025,09:47:47,48198.8,48195.25,15,48204.9,45,810,2273610
BANKNIFTY-I.NFO,27/01/2025,09:47:49,48204.9,48200,30,48205.5,15,105,2273610
BANKNIFTY-I.NFO,27/01/2025,09:47:50,48200,48200.05,30,48205.25,45,825,2273610
BANKNIFTY-I.NFO,27/01/2025,09:47:52,48199.1,48195.1,45,48198.45,15,90,2273610
BANKNIFTY-I.NFO,27/01/2025,09:47:54,48196.1,48195.1,30,48198,510,60,2273610
BANKNIFTY-I.NFO,27/01/2025,09:47:55,48200,48198.55,60,48202.85,30,570,2273610
BANKNIFTY-I.NFO,27/01/2025,09:47:57,48209.6,48198.45,15,48207,180,255,2273610
BANKNIFTY-I.NFO,27/01/2025,09:47:59,48204,48198,15,48204,15,45,2273610
BANKNIFTY-I.NFO,27/01/2025,09:48:00,48206.7,48207.15,15,48210,75,60,2273610
BANKNIFTY-I.NFO,27/01/2025,09:48:02,48219.55,48203.9,105,48220,225,2670,2273610
BANKNIFTY-I.NFO,27/01/2025,09:48:04,48205.35,48198.05,15,48205.5,75,270,2273610
BANKNIFTY-I.NFO,27/01/2025,09:48:05,48208,48200.1,45,48208.05,60,15,2273610
BANKNIFTY-I.NFO,27/01/2025,09:48:07,48204.1,48200.1,45,48204.15,15,60,2273610
BANKNIFTY-I.NFO,27/01/2025,09:48:09,48200.15,48200.05,30,48205.3,15,105,2273610
BANKNIFTY-I.NFO,27/01/2025,09:48:10,48204.55,48200.1,30,48204.6,15,105,2273610
BANKNIFTY-I.NFO,27/01/2025,09:48:12,48208,48200.15,15,48208,30,180,2273610
BANKNIFTY-I.NFO,27/01/2025,09:48:14,48203.55,48199.2,30,48203.55,75,45,2273610
BANKNIFTY-I.NFO,27/01/2025,09:48:15,48198.05,48198.05,15,48198.55,15,150,2273610
BANKNIFTY-I.NFO,27/01/2025,09:48:17,48199.85,48198.1,15,48200,15,300,2273610
BANKNIFTY-I.NFO,27/01/2025,09:48:19,48196.6,48195,75,48198.15,30,405,2273610
BANKNIFTY-I.NFO,27/01/2025,09:48:20,48190,48190,45,48198.45,15,225,2273610
BANKNIFTY-I.NFO,27/01/2025,09:48:22,48190,48180,60,48189.35,375,60,2273610
BANKNIFTY-I.NFO,27/01/2025,09:48:24,48184,48170,90,48181.05,15,150,2273610
BANKNIFTY-I.NFO,27/01/2025,09:48:25,48170,48170.3,75,48184.6,15,15,2273610
BANKNIFTY-I.NFO,27/01/2025,09:48:27,48165.95,48151.2,60,48166.05,15,405,2273610
BANKNIFTY-I.NFO,27/01/2025,09:48:29,48152.9,48152.85,30,48153.45,15,105,2273610
BANKNIFTY-I.NFO,27/01/2025,09:48:30,48171.55,48155.6,60,48170.7,45,450,2273610
BANKNIFTY-I.NFO,27/01/2025,09:48:32,48156,48155.6,60,48169.95,30,60,2273610
BANKNIFTY-I.NFO,27/01/2025,09:48:34,48168.2,48160,210,48168.65,15,60,2273610
BANKNIFTY-I.NFO,27/01/2025,09:48:35,48160.05,48160.1,30,48170,30,75,2273610
BANKNIFTY-I.NFO,27/01/2025,09:48:37,48170,48160.8,15,48170,45,15,2273610
BANKNIFTY-I.NFO,27/01/2025,09:48:39,48160,48162.25,15,48170,15,135,2273610
BANKNIFTY-I.NFO,27/01/2025,09:48:40,48168,48162.4,15,48170,15,30,2273610
BANKNIFTY-I.NFO,27/01/2025,09:48:42,48170,48167.15,30,48181.35,30,30,2273610
BANKNIFTY-I.NFO,27/01/2025,09:48:44,48181.95,48168.25,15,48184.3,30,330,2273610
BANKNIFTY-I.NFO,27/01/2025,09:48:45,48179.35,48161.5,60,48175.8,15,30,2273610
BANKNIFTY-I.NFO,27/01/2025,09:48:47,48175.8,48168.15,45,48183.85,15,15,2273610
BANKNIFTY-I.NFO,27/01/2025,09:48:49,48181.05,48163.35,15,48177.5,60,45,2273610
BANKNIFTY-I.NFO,27/01/2025,09:48:50,48174.85,48163.4,45,48179.05,60,270,2273610
BANKNIFTY-I.NFO,27/01/2025,09:48:52,48161.35,48161.35,15,48176.5,30,75,2273610
BANKNIFTY-I.NFO,27/01/2025,09:48:54,48181.35,48164.75,90,48181.1,30,45,2273610
BANKNIFTY-I.NFO,27/01/2025,09:48:55,48166.35,48166.65,15,48181.55,30,75,2273610
BANKNIFTY-I.NFO,27/01/2025,09:48:57,48183,48180.05,30,48195,15,30,2273610
BANKNIFTY-I.NFO,27/01/2025,09:48:59,48181.5,48181.5,30,48195.9,60,1980,2273610
BANKNIFTY-I.NFO,27/01/2025,09:49:00,48174.9,48174.85,15,48183.7,60,45,2273610
BANKNIFTY-I.NFO,27/01/2025,09:49:02,48174.85,48165,210,48171.8,30,75,2273610
BANKNIFTY-I.NFO,27/01/2025,09:49:04,48166,48165,60,48169.85,30,360,2273610
BANKNIFTY-I.NFO,27/01/2025,09:49:05,48160.1,48160.1,30,48165,45,90,2275125
BANKNIFTY-I.NFO,27/01/2025,09:49:07,48168.85,48164.9,15,48169.95,30,60,2275125
BANKNIFTY-I.NFO,27/01/2025,09:49:09,48160.1,48160.05,30,48170,90,120,2275125
BANKNIFTY-I.NFO,27/01/2025,09:49:10,48170,48160,225,48169.95,30,60,2275125
BANKNIFTY-I.NFO,27/01/2025,09:49:12,48160,48156.35,15,48158.8,60,240,2275125
BANKNIFTY-I.NFO,27/01/2025,09:49:14,48150,48143.35,60,48156.25,30,90,2275125
BANKNIFTY-I.NFO,27/01/2025,09:49:15,48152.9,48153.2,45,48158.8,15,165,2275125
BANKNIFTY-I.NFO,27/01/2025,09:49:17,48152.9,48146.1,45,48158.8,15,0,2275125
BANKNIFTY-I.NFO,27/01/2025,09:49:19,48152.9,48148.1,45,48158.8,15,0,2275125
BANKNIFTY-I.NFO,27/01/2025,09:49:20,48158.8,48150.3,45,48156.35,15,15,2275125
BANKNIFTY-I.NFO,27/01/2025,09:49:22,48169,48160.1,15,48168.85,15,30,2275125
BANKNIFTY-I.NFO,27/01/2025,09:49:24,48167.45,48160.2,15,48168.05,30,15,2275125
BANKNIFTY-I.NFO,27/01/2025,09:49:25,48164.4,48164.45,15,48169,45,150,2275125
BANKNIFTY-I.NFO,27/01/2025,09:49:27,48175.05,48175.05,15,48177.05,30,165,2275125
BANKNIFTY-I.NFO,27/01/2025,09:49:29,48175.1,48175.1,105,48179.95,60,30,2275125
BANKNIFTY-I.NFO,27/01/2025,09:49:30,48181,48175.2,60,48185,15,765,2275125
BANKNIFTY-I.NFO,27/01/2025,09:49:32,48175.1,48175.1,45,48183.7,30,300,2275125
BANKNIFTY-I.NFO,27/01/2025,09:49:34,48175.1,48175.1,45,48188.5,75,0,2275125
BANKNIFTY-I.NFO,27/01/2025,09:49:35,48183.75,48183.75,30,48188.65,30,30,2275125
BANKNIFTY-I.NFO,27/01/2025,09:49:37,48183.75,48183.75,120,48189,15,0,2275125
BANKNIFTY-I.NFO,27/01/2025,09:49:39,48188.5,48183.75,150,48190,30,30,2275125
BANKNIFTY-I.NFO,27/01/2025,09:49:40,48188.5,48183.9,15,48189.95,30,0,2275125
BANKNIFTY-I.NFO,27/01/2025,09:49:42,48188.25,48184.05,15,48186.45,45,45,2275125
BANKNIFTY-I.NFO,27/01/2025,09:49:44,48183,48175.45,45,48189.45,15,240,2275125
BANKNIFTY-I.NFO,27/01/2025,09:49:45,48189.9,48184.2,30,48188.65,30,45,2275125
BANKNIFTY-I.NFO,27/01/2025,09:49:47,48184.2,48184.2,15,48190,45,15,2275125
BANKNIFTY-I.NFO,27/01/2025,09:49:49,48184.2,48184.2,30,48190,45,60,2275125
BANKNIFTY-I.NFO,27/01/2025,09:49:50,48189,48184.2,30,48188.6,30,90,2275125
BANKNIFTY-I.NFO,27/01/2025,09:49:52,48189,48184.25,30,48189.65,45,0,2275125
BANKNIFTY-I.NFO,27/01/2025,09:49:54,48184.2,48180.8,15,48184.95,30,75,2275125
BANKNIFTY-I.NFO,27/01/2025,09:49:55,48169,48169,15,48169.95,375,75,2275125
BANKNIFTY-I.NFO,27/01/2025,09:49:57,48178.15,48173.8,15,48177.45,30,105,2275125
BANKNIFTY-I.NFO,27/01/2025,09:49:59,48173.8,48173.8,45,48177,375,75,2275125
BANKNIFTY-I.NFO,27/01/2025,09:50:00,48176.9,48173.85,75,48182.9,30,15,2275125
BANKNIFTY-I.NFO,27/01/2025,09:50:02,48190,48189.8,60,48194.4,15,75,2275125
BANKNIFTY-I.NFO,27/01/2025,09:50:04,48225,48222.05,60,48225,15,1290,2275125
BANKNIFTY-I.NFO,27/01/2025,09:50:05,48222.1,48222.15,30,48224.9,30,375,2275125
BANKNIFTY-I.NFO,27/01/2025,09:50:07,48219.7,48202.55,75,48218.9,135,375,2275125
BANKNIFTY-I.NFO,27/01/2025,09:50:09,48211.4,48201.85,60,48214.55,15,120,2275125
BANKNIFTY-I.NFO,27/01/2025,09:50:10,48208.35,48201.85,15,48208.55,30,15,2275125
BANKNIFTY-I.NFO,27/01/2025,09:50:12,48209.8,48198,30,48206.25,30,210,2275125
