Ticker,Date,Time,LTP,BuyPrice,BuyQty,SellPrice,SellQty,LTQ,OpenInterest
NIFTY-II.NFO,27/01/2025,09:15:00,23125.05,23108,150,23116.7,300,600,5896575
NIFTY-II.NFO,27/01/2025,09:15:00,23125.05,23108,150,23116.7,300,0,5896575
NIFTY-II.NFO,27/01/2025,09:15:00,23125.05,23108,150,23116.7,300,0,5896575
NIFTY-II.NFO,27/01/2025,09:15:00,23110,23108,150,23116.7,300,0,5896575
NIFTY-II.NFO,27/01/2025,09:15:01,23090.55,23086.55,75,23092.4,75,3075,5896575
NIFTY-II.NFO,27/01/2025,09:15:01,23090.55,23086.55,75,23092.4,75,0,5896575
NIFTY-II.NFO,27/01/2025,09:15:03,23074.55,23074.35,300,23093.5,375,3225,5896575
NIFTY-II.NFO,27/01/2025,09:15:03,23067.3,23074.35,300,23093.5,375,0,5896575
NIFTY-II.NFO,27/01/2025,09:15:04,23075.4,23078.45,225,23094.75,300,3825,5896575
NIFTY-II.NFO,27/01/2025,09:15:06,23083.9,23083.9,225,23097.9,300,3675,5896575
NIFTY-II.NFO,27/01/2025,09:15:07,23091.85,23091.85,300,23103.15,225,2400,5896575
NIFTY-II.NFO,27/01/2025,09:15:09,23106.85,23093.35,75,23106.85,300,1575,5896575
NIFTY-II.NFO,27/01/2025,09:15:10,23093.3,23093.55,75,23105.25,300,450,5896575
NIFTY-II.NFO,27/01/2025,09:15:12,23092.85,23095.45,75,23103.75,300,300,5896575
NIFTY-II.NFO,27/01/2025,09:15:14,23090,23089.15,150,23098.3,300,900,5896575
NIFTY-II.NFO,27/01/2025,09:15:15,23085.9,23085.95,75,23095.6,300,1125,5896575
NIFTY-II.NFO,27/01/2025,09:15:17,23087.2,23087,75,23096.45,300,2325,5896575
NIFTY-II.NFO,27/01/2025,09:15:18,23095.4,23085.4,225,23095.4,300,525,5896575
NIFTY-II.NFO,27/01/2025,09:15:20,23093.7,23090.3,300,23097.05,75,1050,5896575
NIFTY-II.NFO,27/01/2025,09:15:21,23090,23086.3,225,23094.8,300,600,5896575
NIFTY-II.NFO,27/01/2025,09:15:23,23093.7,23089.05,300,23096.5,75,300,5896575
NIFTY-II.NFO,27/01/2025,09:15:24,23090.3,23090.3,300,23096.8,75,225,5896575
NIFTY-II.NFO,27/01/2025,09:15:26,23098.45,23096.3,150,23099.1,150,300,5896575
NIFTY-II.NFO,27/01/2025,09:15:28,23100,23092.05,300,23100,975,975,5896575
NIFTY-II.NFO,27/01/2025,09:15:29,23097.15,23094.2,75,23099.9,300,900,5896575
NIFTY-II.NFO,27/01/2025,09:15:31,23091.6,23091.55,375,23099.9,300,1125,5896575
NIFTY-II.NFO,27/01/2025,09:15:32,23100,23097.05,75,23100,900,1650,5896575
NIFTY-II.NFO,27/01/2025,09:15:34,23095.2,23093.1,300,23099.95,300,1725,5896575
NIFTY-II.NFO,27/01/2025,09:15:36,23090.3,23090.05,225,23098.9,300,2625,5896575
NIFTY-II.NFO,27/01/2025,09:15:37,23091.8,23092.45,75,23099.45,300,5775,5896575
NIFTY-II.NFO,27/01/2025,09:15:39,23094.95,23093.2,375,23095,225,750,5896575
NIFTY-II.NFO,27/01/2025,09:15:40,23094.95,23092.8,75,23095,150,900,5896575
NIFTY-II.NFO,27/01/2025,09:15:42,23095,23093.15,75,23099.95,300,300,5896575
NIFTY-II.NFO,27/01/2025,09:15:44,23098.45,23095,525,23099.85,75,525,5896575
NIFTY-II.NFO,27/01/2025,09:15:45,23100,23099,150,23100,1125,300,5896575
NIFTY-II.NFO,27/01/2025,09:15:47,23100,23099.85,150,23100,1050,75,5896575
NIFTY-II.NFO,27/01/2025,09:15:48,23100,23099.85,75,23099.9,75,375,5896575
NIFTY-II.NFO,27/01/2025,09:15:50,23100,23100.05,225,23106.65,300,825,5896575
NIFTY-II.NFO,27/01/2025,09:15:52,23100,23100.05,75,23106.7,75,450,5896575
NIFTY-II.NFO,27/01/2025,09:15:53,23103.35,23100,300,23105,375,1350,5896575
NIFTY-II.NFO,27/01/2025,09:15:55,23104.5,23100,750,23104.5,375,300,5899650
NIFTY-II.NFO,27/01/2025,09:15:56,23103.35,23100,750,23103.35,75,300,5899650
NIFTY-II.NFO,27/01/2025,09:15:58,23107.5,23104,525,23107.4,225,150,5899650
NIFTY-II.NFO,27/01/2025,09:16:00,23104.6,23100,975,23103.15,150,2400,5899650
NIFTY-II.NFO,27/01/2025,09:16:01,23098.15,23090,450,23096.75,150,4725,5899650
NIFTY-II.NFO,27/01/2025,09:16:03,23090,23090,300,23091.7,75,525,5899650
NIFTY-II.NFO,27/01/2025,09:16:04,23086.65,23085,300,23086.6,525,1125,5899650
NIFTY-II.NFO,27/01/2025,09:16:06,23084,23085.05,75,23088.45,750,1050,5899650
NIFTY-II.NFO,27/01/2025,09:16:08,23084.8,23082,150,23086.4,750,75,5899650
NIFTY-II.NFO,27/01/2025,09:16:09,23082,23080.95,150,23086.8,75,150,5899650
NIFTY-II.NFO,27/01/2025,09:16:11,23089,23083,150,23088.2,750,3675,5899650
NIFTY-II.NFO,27/01/2025,09:16:13,23082.3,23081.75,75,23088.65,75,300,5899650
NIFTY-II.NFO,27/01/2025,09:16:14,23082,23081.75,75,23087.7,75,150,5899650
NIFTY-II.NFO,27/01/2025,09:16:16,23088.3,23083.55,300,23091.6,75,1125,5899650
NIFTY-II.NFO,27/01/2025,09:16:17,23091.6,23085.65,150,23091.65,225,450,5899650
NIFTY-II.NFO,27/01/2025,09:16:19,23091.35,23084.05,450,23091.35,300,750,5899650
NIFTY-II.NFO,27/01/2025,09:16:20,23084.5,23084.25,225,23090.8,300,75,5899650
NIFTY-II.NFO,27/01/2025,09:16:22,23090.85,23084,225,23089.15,450,525,5899650
NIFTY-II.NFO,27/01/2025,09:16:24,23088,23085,75,23088,225,675,5899650
NIFTY-II.NFO,27/01/2025,09:16:25,23088,23080.6,375,23088.4,300,1500,5899650
NIFTY-II.NFO,27/01/2025,09:16:27,23087.75,23085,75,23087.45,300,225,5899650
NIFTY-II.NFO,27/01/2025,09:16:28,23080,23080,1950,23085.95,300,375,5899650
NIFTY-II.NFO,27/01/2025,09:16:30,23084,23080,1950,23085.2,225,525,5899650
NIFTY-II.NFO,27/01/2025,09:16:31,23086.85,23080.15,300,23086.85,150,1425,5899650
NIFTY-II.NFO,27/01/2025,09:16:33,23080,23080,1725,23084.5,75,825,5899650
NIFTY-II.NFO,27/01/2025,09:16:35,23080.05,23084,225,23085,75,300,5899650
NIFTY-II.NFO,27/01/2025,09:16:36,23084,23087.45,150,23088.6,150,450,5899650
NIFTY-II.NFO,27/01/2025,09:16:38,23081.1,23081.1,525,23088.15,75,675,5899650
NIFTY-II.NFO,27/01/2025,09:16:39,23080.05,23080.05,225,23083.95,75,600,5899650
NIFTY-II.NFO,27/01/2025,09:16:41,23080,23080,1950,23086,225,1275,5899650
NIFTY-II.NFO,27/01/2025,09:16:43,23080,23081,75,23084,75,300,5899650
NIFTY-II.NFO,27/01/2025,09:16:44,23084,23081,75,23084.05,300,150,5899650
NIFTY-II.NFO,27/01/2025,09:16:46,23080,23080,1725,23083.45,225,600,5899650
NIFTY-II.NFO,27/01/2025,09:16:47,23080,23080,1275,23081.9,150,525,5899650
NIFTY-II.NFO,27/01/2025,09:16:49,23080,23080,1050,23082.1,150,450,5899650
NIFTY-II.NFO,27/01/2025,09:16:51,23083.35,23080,1200,23083.35,150,1425,5899650
NIFTY-II.NFO,27/01/2025,09:16:52,23083.5,23080,1350,23083.6,225,150,5899650
NIFTY-II.NFO,27/01/2025,09:16:54,23083.5,23082,75,23083.6,225,0,5899650
NIFTY-II.NFO,27/01/2025,09:16:55,23082.95,23080,825,23082.95,150,825,5899650
NIFTY-II.NFO,27/01/2025,09:16:57,23082.95,23080,975,23082.95,75,225,5899650
NIFTY-II.NFO,27/01/2025,09:16:59,23083,23080.55,75,23082.95,150,525,5899650
NIFTY-II.NFO,27/01/2025,09:17:00,23082.95,23082.95,1050,23083,150,375,5899650
NIFTY-II.NFO,27/01/2025,09:17:02,23082.95,23080,825,23082.8,225,1350,5899650
NIFTY-II.NFO,27/01/2025,09:17:03,23082.95,23080,900,23080.8,225,0,5899650
NIFTY-II.NFO,27/01/2025,09:17:05,23080.8,23080,900,23082.85,225,225,5899650
NIFTY-II.NFO,27/01/2025,09:17:07,23080,23080,375,23081.8,150,825,5899650
NIFTY-II.NFO,27/01/2025,09:17:08,23079.25,23076.8,300,23080.1,225,675,5899650
NIFTY-II.NFO,27/01/2025,09:17:10,23081.85,23076.05,300,23081.85,450,450,5899650
NIFTY-II.NFO,27/01/2025,09:17:12,23081.85,23076,75,23080,225,0,5899650
NIFTY-II.NFO,27/01/2025,09:17:13,23080,23076,75,23076.8,150,150,5899650
NIFTY-II.NFO,27/01/2025,09:17:15,23079.85,23073.55,75,23080.15,225,1650,5899650
NIFTY-II.NFO,27/01/2025,09:17:17,23079.95,23074.1,300,23080,750,600,5899650
NIFTY-II.NFO,27/01/2025,09:17:18,23080,23074.05,300,23080,675,225,5899650
NIFTY-II.NFO,27/01/2025,09:17:20,23071.9,23072.3,300,23079.3,75,150,5899650
NIFTY-II.NFO,27/01/2025,09:17:21,23079.2,23072.65,300,23080.8,900,1650,5899650
NIFTY-II.NFO,27/01/2025,09:17:23,23079.65,23072.45,75,23077.75,150,1800,5899650
NIFTY-II.NFO,27/01/2025,09:17:25,23071.1,23073.35,150,23080,150,450,5899650
NIFTY-II.NFO,27/01/2025,09:17:26,23072,23071,75,23078.7,150,2625,5899650
NIFTY-II.NFO,27/01/2025,09:17:28,23071.1,23070,75,23077.65,150,1725,5899650
NIFTY-II.NFO,27/01/2025,09:17:30,23077.7,23073.05,75,23079,525,150,5899650
NIFTY-II.NFO,27/01/2025,09:17:31,23079,23078,75,23079,375,150,5899650
NIFTY-II.NFO,27/01/2025,09:17:33,23077.95,23077.65,75,23077.75,75,300,5899650
NIFTY-II.NFO,27/01/2025,09:17:34,23073.1,23072.3,225,23077.75,75,300,5899650
NIFTY-II.NFO,27/01/2025,09:17:36,23071.7,23072,150,23079,300,600,5899650
NIFTY-II.NFO,27/01/2025,09:17:38,23071.15,23072.1,75,23074.95,75,75,5899650
NIFTY-II.NFO,27/01/2025,09:17:39,23075,23071.15,225,23075,75,375,5899650
NIFTY-II.NFO,27/01/2025,09:17:41,23071.85,23070.65,150,23077.4,150,450,5899650
NIFTY-II.NFO,27/01/2025,09:17:43,23078.1,23072.3,75,23078.1,450,150,5899650
NIFTY-II.NFO,27/01/2025,09:17:44,23071.85,23071.15,75,23075.75,75,150,5899650
NIFTY-II.NFO,27/01/2025,09:17:46,23074.7,23071.15,75,23074.7,300,150,5899650
NIFTY-II.NFO,27/01/2025,09:17:47,23074.8,23071.15,75,23074.8,300,75,5899650
NIFTY-II.NFO,27/01/2025,09:17:49,23071.15,23070.3,75,23075.25,300,75,5899650
NIFTY-II.NFO,27/01/2025,09:17:51,23074.8,23074.8,75,23077,300,225,5899650
NIFTY-II.NFO,27/01/2025,09:17:52,23071.7,23071.15,75,23074.75,75,300,5899650
NIFTY-II.NFO,27/01/2025,09:17:54,23074.75,23071.15,75,23077.15,675,375,5899650
NIFTY-II.NFO,27/01/2025,09:17:56,23077,23072,75,23075.7,75,150,5899650
NIFTY-II.NFO,27/01/2025,09:17:57,23072.05,23072.05,75,23075.7,75,150,5899650
NIFTY-II.NFO,27/01/2025,09:17:59,23072,23072,150,23075.7,75,150,5899650
NIFTY-II.NFO,27/01/2025,09:18:01,23077.3,23075.7,150,23077.55,75,225,5899650
NIFTY-II.NFO,27/01/2025,09:18:02,23072,23071.95,75,23076.3,75,1500,5899650
NIFTY-II.NFO,27/01/2025,09:18:04,23078,23078,225,23078.1,225,1275,5899650
NIFTY-II.NFO,27/01/2025,09:18:05,23078,23078,75,23078.1,75,225,5899650
NIFTY-II.NFO,27/01/2025,09:18:07,23080,23078,75,23079.9,75,525,5899650
NIFTY-II.NFO,27/01/2025,09:18:09,23074.4,23075.05,75,23080,525,450,5899650
NIFTY-II.NFO,27/01/2025,09:18:10,23081.45,23074.9,150,23081.45,150,1200,5899650
NIFTY-II.NFO,27/01/2025,09:18:12,23081.8,23075.7,150,23081.85,525,600,5899650
NIFTY-II.NFO,27/01/2025,09:18:14,23081.6,23075,150,23081.6,450,75,5899650
NIFTY-II.NFO,27/01/2025,09:18:15,23081.85,23078.1,900,23081.1,150,1200,5899650
NIFTY-II.NFO,27/01/2025,09:18:17,23078.1,23080,75,23081.6,150,525,5899650
NIFTY-II.NFO,27/01/2025,09:18:18,23078.1,23078.1,450,23081.8,225,450,5899650
NIFTY-II.NFO,27/01/2025,09:18:20,23078,23081.6,75,23081.8,150,675,5899650
NIFTY-II.NFO,27/01/2025,09:18:22,23074.95,23074.8,300,23081,75,1950,5899650
NIFTY-II.NFO,27/01/2025,09:18:23,23078.05,23078.55,300,23080,75,150,5899650
NIFTY-II.NFO,27/01/2025,09:18:25,23081,23080.1,150,23081.85,300,225,5899650
NIFTY-II.NFO,27/01/2025,09:18:27,23088,23081.95,150,23087.95,75,525,5899650
NIFTY-II.NFO,27/01/2025,09:18:29,23080,23081,150,23086.5,450,300,5899650
NIFTY-II.NFO,27/01/2025,09:18:30,23080,23081,150,23085.4,300,0,5899650
NIFTY-II.NFO,27/01/2025,09:18:32,23081,23078.2,225,23081.85,150,225,5899650
NIFTY-II.NFO,27/01/2025,09:18:34,23082.95,23079,150,23083,150,1500,5899650
NIFTY-II.NFO,27/01/2025,09:18:35,23085.3,23081.6,75,23085.4,450,900,5899650
NIFTY-II.NFO,27/01/2025,09:18:37,23080.15,23081.05,150,23087.4,75,150,5899650
NIFTY-II.NFO,27/01/2025,09:18:39,23080.15,23083,75,23085,75,0,5899650
NIFTY-II.NFO,27/01/2025,09:18:40,23087.95,23083.05,225,23089.15,750,150,5899650
NIFTY-II.NFO,27/01/2025,09:18:42,23088,23083.05,225,23087.95,225,75,5899650
NIFTY-II.NFO,27/01/2025,09:18:44,23087.4,23083,150,23087.9,300,75,5899650
NIFTY-II.NFO,27/01/2025,09:18:45,23088.05,23085.5,75,23088.05,75,525,5899650
NIFTY-II.NFO,27/01/2025,09:18:47,23085,23083.1,75,23088.15,600,450,5899650
NIFTY-II.NFO,27/01/2025,09:18:49,23085.55,23081,150,23085.35,525,75,5899650
NIFTY-II.NFO,27/01/2025,09:18:50,23085.25,23081,150,23084.65,525,75,5899650
NIFTY-II.NFO,27/01/2025,09:18:52,23085.25,23081,150,23081.65,600,0,5899650
NIFTY-II.NFO,27/01/2025,09:18:54,23079.3,23077.3,75,23079.3,75,975,5899650
NIFTY-II.NFO,27/01/2025,09:18:55,23078.05,23078.05,225,23080.9,150,825,5919900
NIFTY-II.NFO,27/01/2025,09:18:57,23079.15,23075,150,23079.2,75,825,5919900
NIFTY-II.NFO,27/01/2025,09:18:59,23079.25,23075,75,23078.4,450,375,5919900
NIFTY-II.NFO,27/01/2025,09:19:00,23076.5,23071.3,225,23076.55,225,1725,5919900
NIFTY-II.NFO,27/01/2025,09:19:02,23072.85,23071,75,23073.85,225,300,5919900
NIFTY-II.NFO,27/01/2025,09:19:04,23074.35,23071,75,23074.35,300,600,5919900
NIFTY-II.NFO,27/01/2025,09:19:05,23072.6,23071,75,23072.6,75,225,5919900
NIFTY-II.NFO,27/01/2025,09:19:07,23070.95,23070,375,23071.7,375,1050,5919900
NIFTY-II.NFO,27/01/2025,09:19:09,23070,23070,300,23071.65,225,450,5919900
NIFTY-II.NFO,27/01/2025,09:19:10,23068.5,23066,75,23068.5,75,750,5919900
NIFTY-II.NFO,27/01/2025,09:19:12,23068.6,23065.05,75,23068.7,375,375,5919900
NIFTY-II.NFO,27/01/2025,09:19:12,23066,23065.05,75,23068.7,375,0,5919900
NIFTY-II.NFO,27/01/2025,09:19:14,23069.55,23063.25,75,23068.75,375,825,5919900
NIFTY-II.NFO,27/01/2025,09:19:14,23064,23063.25,75,23068.75,375,0,5919900
NIFTY-II.NFO,27/01/2025,09:19:15,23069.55,23062.4,375,23067.5,75,0,5919900
NIFTY-II.NFO,27/01/2025,09:19:17,23065.35,23062.8,375,23069.95,150,450,5919900
NIFTY-II.NFO,27/01/2025,09:19:19,23069.9,23062.1,750,23069.95,75,75,5919900
NIFTY-II.NFO,27/01/2025,09:19:20,23061,23062.3,750,23067.75,75,1575,5919900
NIFTY-II.NFO,27/01/2025,09:19:20,23061,23062.3,750,23067.75,75,0,5919900
NIFTY-II.NFO,27/01/2025,09:19:22,23062.45,23063.05,525,23068.95,75,150,5919900
NIFTY-II.NFO,27/01/2025,09:19:24,23068.25,23063,75,23068.25,450,300,5919900
NIFTY-II.NFO,27/01/2025,09:19:25,23064,23063,75,23064.35,150,75,5919900
NIFTY-II.NFO,27/01/2025,09:19:27,23064.65,23063,75,23064.65,75,75,5919900
NIFTY-II.NFO,27/01/2025,09:19:29,23064.9,23060.65,1500,23065,150,1575,5919900
NIFTY-II.NFO,27/01/2025,09:19:30,23064.9,23060.65,1500,23064.95,450,0,5919900
NIFTY-II.NFO,27/01/2025,09:19:32,23060,23060,375,23060.5,75,1950,5919900
NIFTY-II.NFO,27/01/2025,09:19:32,23060,23060,375,23060.5,75,0,5919900
NIFTY-II.NFO,27/01/2025,09:19:34,23060.7,23056.1,75,23060.7,150,825,5919900
NIFTY-II.NFO,27/01/2025,09:19:35,23066,23060.5,150,23065,375,375,5919900
NIFTY-II.NFO,27/01/2025,09:19:37,23064.95,23060.5,150,23064.8,150,150,5919900
NIFTY-II.NFO,27/01/2025,09:19:39,23060,23056.65,825,23060,675,900,5919900
NIFTY-II.NFO,27/01/2025,09:19:39,23056.25,23056.65,825,23060,675,0,5919900
NIFTY-II.NFO,27/01/2025,09:19:40,23060,23056.15,600,23059.95,75,450,5919900
NIFTY-II.NFO,27/01/2025,09:19:42,23060,23056.05,375,23060,300,1725,5919900
NIFTY-II.NFO,27/01/2025,09:19:42,23056,23056.05,375,23060,300,0,5919900
NIFTY-II.NFO,27/01/2025,09:19:44,23062.3,23060,75,23062.4,75,900,5919900
NIFTY-II.NFO,27/01/2025,09:19:45,23060,23056.15,300,23062.65,75,525,5919900
NIFTY-II.NFO,27/01/2025,09:19:47,23060,23060,75,23064.45,75,225,5919900
NIFTY-II.NFO,27/01/2025,09:19:49,23062.65,23060,150,23064.45,75,300,5919900
NIFTY-II.NFO,27/01/2025,09:19:50,23061.05,23060.05,300,23064.85,225,525,5919900
NIFTY-II.NFO,27/01/2025,09:19:52,23064.75,23060,150,23064.85,600,150,5919900
NIFTY-II.NFO,27/01/2025,09:19:54,23063.95,23060.05,300,23063.95,75,225,5919900
NIFTY-II.NFO,27/01/2025,09:19:55,23063.95,23058.85,450,23063.95,75,1350,5919900
NIFTY-II.NFO,27/01/2025,09:19:57,23058.6,23056.8,375,23063.45,75,225,5919900
NIFTY-II.NFO,27/01/2025,09:19:59,23056.75,23056.75,450,23063.85,300,225,5919900
NIFTY-II.NFO,27/01/2025,09:20:00,23062.95,23056.3,150,23063.3,75,225,5919900
NIFTY-II.NFO,27/01/2025,09:20:02,23064.15,23057.95,225,23064.05,150,75,5919900
NIFTY-II.NFO,27/01/2025,09:20:04,23058.15,23056.8,150,23060.95,75,225,5919900
NIFTY-II.NFO,27/01/2025,09:20:05,23056.75,23056.75,675,23061.4,150,1875,5919900
NIFTY-II.NFO,27/01/2025,09:20:07,23056.75,23056.75,75,23060,75,975,5919900
NIFTY-II.NFO,27/01/2025,09:20:09,23059.6,23058,375,23064.1,375,225,5919900
NIFTY-II.NFO,27/01/2025,09:20:10,23056.35,23056.25,150,23059.8,225,1125,5919900
NIFTY-II.NFO,27/01/2025,09:20:12,23059.45,23056.25,150,23059.3,150,300,5919900
NIFTY-II.NFO,27/01/2025,09:20:14,23058.95,23056.25,150,23058.95,75,300,5919900
NIFTY-II.NFO,27/01/2025,09:20:15,23058.95,23056.25,150,23058.95,75,0,5919900
NIFTY-II.NFO,27/01/2025,09:20:17,23056.25,23056.25,75,23059.2,225,225,5919900
NIFTY-II.NFO,27/01/2025,09:20:19,23058.95,23056.25,75,23059.4,225,600,5919900
NIFTY-II.NFO,27/01/2025,09:20:20,23058.95,23056.25,75,23058.9,225,0,5919900
NIFTY-II.NFO,27/01/2025,09:20:22,23058.9,23056.25,75,23058.9,75,225,5919900
NIFTY-II.NFO,27/01/2025,09:20:24,23058.9,23056,450,23058.9,150,375,5919900
NIFTY-II.NFO,27/01/2025,09:20:25,23058.8,23054.5,75,23058.3,75,1200,5919900
NIFTY-II.NFO,27/01/2025,09:20:25,23055,23054.5,75,23058.3,75,0,5919900
NIFTY-II.NFO,27/01/2025,09:20:27,23054,23051.9,600,23054.95,75,225,5919900
NIFTY-II.NFO,27/01/2025,09:20:27,23054,23051.9,600,23054.95,75,0,5919900
NIFTY-II.NFO,27/01/2025,09:20:29,23054.95,23053.4,750,23055,450,150,5919900
NIFTY-II.NFO,27/01/2025,09:20:29,23053.1,23053.4,750,23055,450,0,5919900
NIFTY-II.NFO,27/01/2025,09:20:30,23053.95,23053.6,600,23054.85,225,525,5919900
NIFTY-II.NFO,27/01/2025,09:20:32,23056,23052.2,600,23056,975,900,5919900
NIFTY-II.NFO,27/01/2025,09:20:34,23055,23052.6,600,23055,150,225,5919900
NIFTY-II.NFO,27/01/2025,09:20:34,23052.2,23052.6,600,23055,150,0,5919900
NIFTY-II.NFO,27/01/2025,09:20:35,23054.95,23053.95,525,23054.95,150,750,5919900
NIFTY-II.NFO,27/01/2025,09:20:37,23054.95,23053.1,450,23056,750,225,5919900
NIFTY-II.NFO,27/01/2025,09:20:39,23056,23054.85,75,23056,525,225,5919900
NIFTY-II.NFO,27/01/2025,09:20:40,23056,23054.85,75,23056,450,75,5919900
NIFTY-II.NFO,27/01/2025,09:20:42,23055.2,23055.55,75,23056,1575,525,5919900
NIFTY-II.NFO,27/01/2025,09:20:44,23056,23055.55,75,23056,1500,75,5919900
NIFTY-II.NFO,27/01/2025,09:20:45,23054.95,23054.85,75,23056,1350,375,5919900
NIFTY-II.NFO,27/01/2025,09:20:47,23054.85,23054,150,23054.85,150,450,5919900
NIFTY-II.NFO,27/01/2025,09:20:49,23052,23051.15,75,23052.7,225,450,5919900
NIFTY-II.NFO,27/01/2025,09:20:49,23052,23051.15,75,23052.7,225,0,5919900
NIFTY-II.NFO,27/01/2025,09:20:50,23051.5,23050.9,150,23051,225,1275,5919900
NIFTY-II.NFO,27/01/2025,09:20:50,23051,23050.9,150,23051,225,0,5919900
NIFTY-II.NFO,27/01/2025,09:20:52,23051,23050.9,75,23051,150,150,5919900
NIFTY-II.NFO,27/01/2025,09:20:52,23050.9,23050.9,75,23051,150,0,5919900
NIFTY-II.NFO,27/01/2025,09:20:54,23052.95,23052.35,225,23054,150,525,5919900
NIFTY-II.NFO,27/01/2025,09:20:55,23050.9,23050.65,375,23054,150,225,5919900
NIFTY-II.NFO,27/01/2025,09:20:57,23050.6,23050,3000,23054,75,300,5919900
NIFTY-II.NFO,27/01/2025,09:20:57,23050.6,23050,3000,23054,75,0,5919900
NIFTY-II.NFO,27/01/2025,09:20:59,23054.85,23050.05,375,23054.85,75,300,5919900
NIFTY-II.NFO,27/01/2025,09:21:00,23054.85,23050.05,375,23053,75,150,5919900
NIFTY-II.NFO,27/01/2025,09:21:00,23050.05,23050.05,375,23053,75,0,5919900
NIFTY-II.NFO,27/01/2025,09:21:02,23053,23050.75,300,23053,75,375,5919900
NIFTY-II.NFO,27/01/2025,09:21:04,23052.95,23050,2625,23051.75,75,375,5919900
NIFTY-II.NFO,27/01/2025,09:21:04,23050,23050,2625,23051.75,75,0,5919900
NIFTY-II.NFO,27/01/2025,09:21:05,23054.9,23050.05,75,23051.95,75,300,5919900
NIFTY-II.NFO,27/01/2025,09:21:07,23051.95,23050.05,75,23052,75,75,5919900
NIFTY-II.NFO,27/01/2025,09:21:09,23050,23050,1650,23050.75,75,1350,5919900
NIFTY-II.NFO,27/01/2025,09:21:10,23053,23051.8,150,23053.1,75,225,5919900
NIFTY-II.NFO,27/01/2025,09:21:12,23053.1,23052.2,225,23054.95,75,150,5919900
NIFTY-II.NFO,27/01/2025,09:21:14,23056,23055.55,225,23058.95,225,1575,5919900
NIFTY-II.NFO,27/01/2025,09:21:15,23060,23057.9,150,23060,150,300,5919900
NIFTY-II.NFO,27/01/2025,09:21:17,23065,23060.95,375,23065,1050,225,5919900
NIFTY-II.NFO,27/01/2025,09:21:19,23065,23064.6,150,23066,75,1050,5919900
NIFTY-II.NFO,27/01/2025,09:21:20,23067.45,23065,75,23068.4,600,225,5919900
NIFTY-II.NFO,27/01/2025,09:21:22,23067.95,23065,75,23067.4,600,75,5919900
NIFTY-II.NFO,27/01/2025,09:21:24,23067.95,23061.7,375,23068.3,600,2250,5919900
NIFTY-II.NFO,27/01/2025,09:21:25,23059.85,23058.5,75,23065.85,600,825,5919900
NIFTY-II.NFO,27/01/2025,09:21:27,23065.85,23060.5,225,23065.9,225,150,5919900
NIFTY-II.NFO,27/01/2025,09:21:29,23063.95,23061.2,75,23063.95,75,450,5919900
NIFTY-II.NFO,27/01/2025,09:21:30,23064,23061.2,75,23064,1275,150,5919900
NIFTY-II.NFO,27/01/2025,09:21:32,23064,23061.2,75,23064,1200,75,5919900
NIFTY-II.NFO,27/01/2025,09:21:34,23064,23058.8,75,23064,1050,600,5919900
NIFTY-II.NFO,27/01/2025,09:21:35,23064,23060,150,23062.45,75,300,5919900
NIFTY-II.NFO,27/01/2025,09:21:37,23064,23060,150,23063.45,75,0,5919900
NIFTY-II.NFO,27/01/2025,09:21:39,23064,23060,150,23064,525,375,5919900
NIFTY-II.NFO,27/01/2025,09:21:40,23063.95,23060,75,23063.7,150,225,5919900
NIFTY-II.NFO,27/01/2025,09:21:42,23063.8,23056,375,23063.8,675,375,5919900
NIFTY-II.NFO,27/01/2025,09:21:44,23056.05,23056.25,375,23062.6,600,1125,5919900
NIFTY-II.NFO,27/01/2025,09:21:45,23061,23056,75,23061,1425,75,5919900
NIFTY-II.NFO,27/01/2025,09:21:47,23060.95,23056.35,75,23060.95,450,375,5919900
NIFTY-II.NFO,27/01/2025,09:21:48,23060.95,23055.5,300,23061,1425,1275,5919900
NIFTY-II.NFO,27/01/2025,09:21:50,23060,23054.85,300,23060,150,150,5919900
NIFTY-II.NFO,27/01/2025,09:21:52,23062.15,23060,525,23062.4,225,2325,5919900
NIFTY-II.NFO,27/01/2025,09:21:53,23060,23060,375,23063.85,225,225,5919900
NIFTY-II.NFO,27/01/2025,09:21:55,23063.9,23060,450,23064,525,225,5919900
NIFTY-II.NFO,27/01/2025,09:21:57,23063.9,23060,600,23062.05,75,0,5919900
NIFTY-II.NFO,27/01/2025,09:21:58,23060,23058.85,150,23060,1200,2400,5949225
NIFTY-II.NFO,27/01/2025,09:22:00,23064,23059.2,825,23064,225,1350,5949225
NIFTY-II.NFO,27/01/2025,09:22:02,23064,23061,375,23063.1,75,225,5949225
NIFTY-II.NFO,27/01/2025,09:22:03,23062,23061,1875,23064,375,150,5949225
NIFTY-II.NFO,27/01/2025,09:22:05,23064,23061,1875,23064,300,75,5949225
NIFTY-II.NFO,27/01/2025,09:22:07,23064,23064,975,23065,375,300,5949225
NIFTY-II.NFO,27/01/2025,09:22:08,23065,23064,975,23065,375,75,5949225
NIFTY-II.NFO,27/01/2025,09:22:10,23065,23064,900,23065,300,150,5949225
NIFTY-II.NFO,27/01/2025,09:22:12,23066,23064,1050,23069,75,375,5949225
NIFTY-II.NFO,27/01/2025,09:22:13,23069,23064.2,225,23070,75,225,5949225
NIFTY-II.NFO,27/01/2025,09:22:15,23069,23065.65,675,23070,75,0,5949225
NIFTY-II.NFO,27/01/2025,09:22:17,23072.35,23066,600,23072.1,75,450,5949225
NIFTY-II.NFO,27/01/2025,09:22:18,23072.35,23066.65,750,23073,225,0,5949225
NIFTY-II.NFO,27/01/2025,09:22:20,23068.5,23068.5,600,23072.85,225,1050,5949225
NIFTY-II.NFO,27/01/2025,09:22:22,23069,23069,750,23074.95,75,900,5949225
NIFTY-II.NFO,27/01/2025,09:22:23,23078.35,23071.6,600,23078.35,300,75,5949225
NIFTY-II.NFO,27/01/2025,09:22:25,23079.85,23072.85,75,23079.15,150,225,5949225
NIFTY-II.NFO,27/01/2025,09:22:27,23074.95,23074.95,1875,23079.7,75,900,5949225
NIFTY-II.NFO,27/01/2025,09:22:29,23079.9,23075,600,23079.9,2925,600,5949225
NIFTY-II.NFO,27/01/2025,09:22:30,23079.9,23075.65,600,23079.9,2625,450,5949225
NIFTY-II.NFO,27/01/2025,09:22:32,23079.7,23075.15,225,23079.9,2400,4350,5949225
NIFTY-II.NFO,27/01/2025,09:22:34,23079.9,23077.7,150,23079.9,2100,300,5949225
NIFTY-II.NFO,27/01/2025,09:22:35,23079.9,23076.15,300,23079.9,525,1650,5949225
NIFTY-II.NFO,27/01/2025,09:22:37,23079.9,23075,150,23079.9,300,375,5949225
NIFTY-II.NFO,27/01/2025,09:22:39,23079.9,23075.35,150,23080,75,600,5949225
NIFTY-II.NFO,27/01/2025,09:22:40,23083.65,23080,300,23083.05,600,225,5949225
NIFTY-II.NFO,27/01/2025,09:22:42,23083.65,23080,375,23084.15,825,0,5949225
NIFTY-II.NFO,27/01/2025,09:22:44,23077,23074.95,450,23077,450,1425,5949225
NIFTY-II.NFO,27/01/2025,09:22:45,23081.35,23075,75,23080.95,75,975,5949225
NIFTY-II.NFO,27/01/2025,09:22:47,23075,23074.9,75,23075,300,1650,5949225
NIFTY-II.NFO,27/01/2025,09:22:49,23075.3,23075.3,375,23081.75,675,750,5949225
NIFTY-II.NFO,27/01/2025,09:22:50,23075.3,23079.85,300,23081.35,675,0,5949225
NIFTY-II.NFO,27/01/2025,09:22:52,23079.85,23075,300,23077.75,600,300,5949225
NIFTY-II.NFO,27/01/2025,09:22:54,23076.4,23075,300,23077.8,600,75,5949225
NIFTY-II.NFO,27/01/2025,09:22:55,23078,23075,300,23078.25,675,75,5949225
NIFTY-II.NFO,27/01/2025,09:22:57,23078,23075,300,23076.25,600,0,5949225
NIFTY-II.NFO,27/01/2025,09:22:59,23076.05,23075,300,23076.35,600,75,5949225
NIFTY-II.NFO,27/01/2025,09:23:00,23075,23075,75,23076.4,75,225,5949225
NIFTY-II.NFO,27/01/2025,09:23:02,23076.35,23071.05,75,23076.35,600,375,5949225
NIFTY-II.NFO,27/01/2025,09:23:04,23075.9,23073.05,75,23076.4,75,75,5949225
NIFTY-II.NFO,27/01/2025,09:23:05,23075.9,23075,75,23076.4,75,0,5949225
NIFTY-II.NFO,27/01/2025,09:23:07,23076.4,23075.05,75,23078,1275,75,5949225
NIFTY-II.NFO,27/01/2025,09:23:09,23076.4,23077.8,75,23078,1275,0,5949225
NIFTY-II.NFO,27/01/2025,09:23:10,23076.4,23077.85,75,23078,1125,225,5949225
NIFTY-II.NFO,27/01/2025,09:23:12,23078,23077.9,75,23078,675,450,5949225
NIFTY-II.NFO,27/01/2025,09:23:14,23079.85,23079.1,75,23081.95,75,750,5949225
NIFTY-II.NFO,27/01/2025,09:23:15,23079.85,23078.1,450,23081.95,75,0,5949225
NIFTY-II.NFO,27/01/2025,09:23:17,23083,23082.1,450,23085,150,300,5949225
NIFTY-II.NFO,27/01/2025,09:23:19,23083,23081.05,75,23084.95,75,0,5949225
NIFTY-II.NFO,27/01/2025,09:23:20,23083,23084.9,75,23084.95,75,0,5949225
NIFTY-II.NFO,27/01/2025,09:23:22,23085,23085.15,75,23087.4,225,225,5949225
NIFTY-II.NFO,27/01/2025,09:23:24,23085,23080.05,75,23085,75,0,5949225
NIFTY-II.NFO,27/01/2025,09:23:25,23085,23085.05,75,23088,75,75,5949225
NIFTY-II.NFO,27/01/2025,09:23:27,23090,23086.1,225,23089.95,150,1875,5949225
NIFTY-II.NFO,27/01/2025,09:23:28,23090,23086,75,23090.85,75,375,5949225
NIFTY-II.NFO,27/01/2025,09:23:30,23086,23083.1,375,23089.85,225,225,5949225
NIFTY-II.NFO,27/01/2025,09:23:32,23086.5,23084.05,75,23090,375,300,5949225
NIFTY-II.NFO,27/01/2025,09:23:33,23090,23086.05,75,23090,75,150,5949225
NIFTY-II.NFO,27/01/2025,09:23:35,23090,23086.05,75,23090,75,0,5949225
NIFTY-II.NFO,27/01/2025,09:23:37,23090,23085,75,23090.9,225,1425,5949225
NIFTY-II.NFO,27/01/2025,09:23:38,23091,23091,225,23092.95,75,975,5949225
NIFTY-II.NFO,27/01/2025,09:23:40,23090,23085,150,23091.5,225,300,5949225
NIFTY-II.NFO,27/01/2025,09:23:42,23090,23086.7,75,23090,525,225,5949225
NIFTY-II.NFO,27/01/2025,09:23:43,23086.7,23086.05,75,23090,75,1125,5949225
NIFTY-II.NFO,27/01/2025,09:23:45,23085,23085,75,23090.7,300,225,5949225
NIFTY-II.NFO,27/01/2025,09:23:47,23085,23085,75,23088.05,75,0,5949225
NIFTY-II.NFO,27/01/2025,09:23:48,23088.1,23085,75,23088.2,375,225,5949225
NIFTY-II.NFO,27/01/2025,09:23:50,23085,23083.05,75,23089.3,300,75,5949225
NIFTY-II.NFO,27/01/2025,09:23:52,23086.7,23084.05,75,23089.5,300,375,5949225
NIFTY-II.NFO,27/01/2025,09:23:53,23088,23083.05,75,23087.65,375,150,5949225
NIFTY-II.NFO,27/01/2025,09:23:55,23088.65,23085.15,225,23089,75,75,5949225
NIFTY-II.NFO,27/01/2025,09:23:57,23083.05,23083,150,23087.75,75,225,5949225
NIFTY-II.NFO,27/01/2025,09:23:58,23083.05,23083,150,23087.55,75,0,5949225
NIFTY-II.NFO,27/01/2025,09:24:00,23088,23083,150,23088.9,75,375,5949225
NIFTY-II.NFO,27/01/2025,09:24:02,23083.65,23080.2,225,23085.4,225,375,5949225
NIFTY-II.NFO,27/01/2025,09:24:03,23085.9,23081.05,75,23085.95,75,150,5949225
NIFTY-II.NFO,27/01/2025,09:24:05,23083.05,23080.4,600,23087.5,225,225,5949225
NIFTY-II.NFO,27/01/2025,09:24:07,23087.4,23081.3,675,23087.45,75,300,5949225
NIFTY-II.NFO,27/01/2025,09:24:08,23082.2,23082.1,675,23087.55,75,450,5949225
NIFTY-II.NFO,27/01/2025,09:24:10,23083,23083.95,225,23088.45,75,1875,5949225
NIFTY-II.NFO,27/01/2025,09:24:12,23084,23081,750,23083.95,75,150,5949225
NIFTY-II.NFO,27/01/2025,09:24:13,23083.95,23083,225,23084,450,75,5949225
NIFTY-II.NFO,27/01/2025,09:24:15,23084,23084,300,23086.1,225,450,5949225
NIFTY-II.NFO,27/01/2025,09:24:17,23081,23080,300,23081.45,375,1950,5949225
NIFTY-II.NFO,27/01/2025,09:24:18,23076.5,23076.5,150,23081.3,75,375,5949225
NIFTY-II.NFO,27/01/2025,09:24:20,23081.45,23081.45,300,23082.45,75,450,5949225
NIFTY-II.NFO,27/01/2025,09:24:22,23081.9,23081.9,75,23082.5,75,750,5949225
NIFTY-II.NFO,27/01/2025,09:24:23,23081.9,23081.9,75,23082.2,75,0,5949225
NIFTY-II.NFO,27/01/2025,09:24:25,23076.45,23077.05,75,23082.9,600,600,5949225
NIFTY-II.NFO,27/01/2025,09:24:27,23083.35,23077.1,150,23083.45,75,75,5949225
NIFTY-II.NFO,27/01/2025,09:24:28,23080.15,23083.1,150,23090,300,1575,5949225
NIFTY-II.NFO,27/01/2025,09:24:30,23083.5,23085.05,225,23089.45,75,450,5949225
NIFTY-II.NFO,27/01/2025,09:24:32,23089.95,23085.2,225,23089.9,75,75,5949225
NIFTY-II.NFO,27/01/2025,09:24:33,23087.45,23083.45,225,23087.45,75,150,5949225
NIFTY-II.NFO,27/01/2025,09:24:35,23083.5,23084.85,300,23090,300,75,5949225
NIFTY-II.NFO,27/01/2025,09:24:37,23083.5,23085.95,225,23090,300,0,5949225
NIFTY-II.NFO,27/01/2025,09:24:39,23083.5,23087.45,75,23089,75,0,5949225
NIFTY-II.NFO,27/01/2025,09:24:40,23084.95,23084.8,150,23089,75,1275,5949225
NIFTY-II.NFO,27/01/2025,09:24:42,23084.95,23084.8,150,23088.95,150,0,5949225
NIFTY-II.NFO,27/01/2025,09:24:44,23085,23085,75,23088.95,150,75,5949225
NIFTY-II.NFO,27/01/2025,09:24:45,23089,23088.4,75,23090,300,1875,5949225
NIFTY-II.NFO,27/01/2025,09:24:47,23089.05,23086.15,225,23089.95,75,300,5949225
NIFTY-II.NFO,27/01/2025,09:24:49,23092.35,23090.1,225,23092.25,225,1350,5949225
NIFTY-II.NFO,27/01/2025,09:24:50,23092,23090,825,23092.95,75,225,5949225
NIFTY-II.NFO,27/01/2025,09:24:52,23093,23093.25,75,23095.9,225,300,5949225
NIFTY-II.NFO,27/01/2025,09:24:54,23090.8,23089.05,225,23090.7,225,1725,5949225
NIFTY-II.NFO,27/01/2025,09:24:55,23090.05,23089.05,75,23095.3,150,3900,5949225
NIFTY-II.NFO,27/01/2025,09:24:57,23089.05,23092.65,450,23095.55,75,75,5972250
NIFTY-II.NFO,27/01/2025,09:24:59,23095.25,23090.9,375,23095.55,75,2175,5972250
NIFTY-II.NFO,27/01/2025,09:25:00,23095.15,23095.15,75,23095.55,75,300,5972250
NIFTY-II.NFO,27/01/2025,09:25:02,23091.75,23092.5,375,23098.95,75,900,5972250
NIFTY-II.NFO,27/01/2025,09:25:04,23098.8,23095.55,150,23098.3,600,150,5972250
NIFTY-II.NFO,27/01/2025,09:25:05,23090,23086.9,375,23094.6,225,225,5972250
NIFTY-II.NFO,27/01/2025,09:25:07,23087.05,23087.15,375,23094.1,300,150,5972250
NIFTY-II.NFO,27/01/2025,09:25:09,23093.6,23086.75,225,23093.4,300,600,5972250
NIFTY-II.NFO,27/01/2025,09:25:10,23090,23087.5,300,23094.6,600,525,5972250
NIFTY-II.NFO,27/01/2025,09:25:12,23090,23087.2,300,23089.95,75,0,5972250
NIFTY-II.NFO,27/01/2025,09:25:14,23090,23086.95,300,23090,75,825,5972250
NIFTY-II.NFO,27/01/2025,09:25:15,23093.55,23090,75,23094.15,375,825,5972250
NIFTY-II.NFO,27/01/2025,09:25:17,23090,23090,150,23094.95,375,75,5972250
NIFTY-II.NFO,27/01/2025,09:25:19,23090,23090.75,75,23094.55,525,0,5972250
NIFTY-II.NFO,27/01/2025,09:25:20,23089.55,23086.3,600,23089.95,75,300,5972250
NIFTY-II.NFO,27/01/2025,09:25:22,23094.5,23086.05,75,23092.55,225,1125,5972250
NIFTY-II.NFO,27/01/2025,09:25:24,23090,23086.05,75,23090.9,450,75,5972250
NIFTY-II.NFO,27/01/2025,09:25:25,23090.9,23086.05,75,23090.8,450,75,5972250
NIFTY-II.NFO,27/01/2025,09:25:27,23089.9,23086,75,23089.9,150,150,5972250
NIFTY-II.NFO,27/01/2025,09:25:29,23085.05,23085,375,23090,1425,225,5972250
NIFTY-II.NFO,27/01/2025,09:25:30,23085.25,23085.6,600,23090,1425,75,5972250
NIFTY-II.NFO,27/01/2025,09:25:32,23085.6,23085.1,525,23090,1425,600,5972250
NIFTY-II.NFO,27/01/2025,09:25:34,23090,23085,375,23090,1350,75,5972250
NIFTY-II.NFO,27/01/2025,09:25:35,23085,23085,300,23087.75,675,75,5972250
NIFTY-II.NFO,27/01/2025,09:25:37,23085,23085,225,23087.75,750,150,5972250
NIFTY-II.NFO,27/01/2025,09:25:39,23088.15,23085,225,23088.3,600,75,5972250
NIFTY-II.NFO,27/01/2025,09:25:40,23088.15,23085,225,23088.6,750,0,5972250
NIFTY-II.NFO,27/01/2025,09:25:42,23084,23080.1,375,23086.55,750,750,5972250
NIFTY-II.NFO,27/01/2025,09:25:44,23085.9,23085,75,23087.5,1425,75,5972250
NIFTY-II.NFO,27/01/2025,09:25:45,23085,23080,525,23085,1200,150,5972250
NIFTY-II.NFO,27/01/2025,09:25:47,23085,23079.1,225,23084.45,675,900,5972250
NIFTY-II.NFO,27/01/2025,09:25:49,23083.55,23077.85,225,23083.2,450,75,5972250
NIFTY-II.NFO,27/01/2025,09:25:50,23077.85,23078.1,225,23083.7,375,75,5972250
NIFTY-II.NFO,27/01/2025,09:25:52,23085,23080.8,600,23085,675,375,5972250
NIFTY-II.NFO,27/01/2025,09:25:54,23085.9,23087,75,23088.1,75,825,5972250
NIFTY-II.NFO,27/01/2025,09:25:55,23090.25,23091.3,150,23093.8,75,375,5972250
NIFTY-II.NFO,27/01/2025,09:25:57,23104.25,23100,375,23104,225,1050,5972250
NIFTY-II.NFO,27/01/2025,09:25:59,23100.5,23096.35,150,23103.1,225,600,5972250
NIFTY-II.NFO,27/01/2025,09:26:00,23104.45,23103.1,75,23104.4,75,300,5972250
NIFTY-II.NFO,27/01/2025,09:26:02,23101.8,23100.95,225,23105,75,225,5972250
NIFTY-II.NFO,27/01/2025,09:26:04,23104.95,23098.1,150,23104.95,675,150,5972250
NIFTY-II.NFO,27/01/2025,09:26:05,23098.15,23095.3,75,23101.8,150,525,5972250
NIFTY-II.NFO,27/01/2025,09:26:07,23100.35,23089.7,225,23097.95,825,225,5972250
NIFTY-II.NFO,27/01/2025,09:26:09,23095.25,23088.95,225,23095,225,75,5972250
NIFTY-II.NFO,27/01/2025,09:26:10,23091.15,23085.9,150,23091.6,225,525,5972250
NIFTY-II.NFO,27/01/2025,09:26:12,23091.15,23085.9,150,23090.4,600,0,5972250
NIFTY-II.NFO,27/01/2025,09:26:14,23085.9,23085.9,75,23087.95,75,75,5972250
NIFTY-II.NFO,27/01/2025,09:26:15,23085.9,23085.9,75,23087.95,75,0,5972250
NIFTY-II.NFO,27/01/2025,09:26:17,23090.6,23085.9,75,23090.6,600,375,5972250
NIFTY-II.NFO,27/01/2025,09:26:19,23090.6,23086,225,23091.65,600,0,5972250
NIFTY-II.NFO,27/01/2025,09:26:20,23090.6,23085.9,75,23089.45,825,0,5972250
NIFTY-II.NFO,27/01/2025,09:26:22,23084.65,23083.8,225,23084.95,75,1275,5972250
NIFTY-II.NFO,27/01/2025,09:26:24,23080.95,23080.95,75,23085,675,1950,5972250
NIFTY-II.NFO,27/01/2025,09:26:25,23085,23081.4,225,23085,450,300,5972250
NIFTY-II.NFO,27/01/2025,09:26:27,23085,23082.2,150,23085,75,375,5972250
NIFTY-II.NFO,27/01/2025,09:26:29,23083.05,23082.05,150,23090.05,600,375,5972250
NIFTY-II.NFO,27/01/2025,09:26:30,23081.95,23081.9,75,23089.85,750,525,5972250
NIFTY-II.NFO,27/01/2025,09:26:32,23088.45,23081.45,150,23088.45,825,975,5972250
NIFTY-II.NFO,27/01/2025,09:26:34,23082.1,23082.9,300,23090.1,675,75,5972250
NIFTY-II.NFO,27/01/2025,09:26:35,23082.1,23082.95,75,23089,600,0,5972250
NIFTY-II.NFO,27/01/2025,09:26:37,23082.1,23082.95,75,23089.45,600,0,5972250
NIFTY-II.NFO,27/01/2025,09:26:39,23090.1,23085,75,23090.15,75,225,5972250
NIFTY-II.NFO,27/01/2025,09:26:40,23090.1,23085.85,525,23090.6,75,0,5972250
NIFTY-II.NFO,27/01/2025,09:26:42,23090.55,23090.45,75,23090.55,75,75,5972250
NIFTY-II.NFO,27/01/2025,09:26:44,23090.45,23086.05,300,23090.45,75,75,5972250
NIFTY-II.NFO,27/01/2025,09:26:45,23087.35,23087.6,225,23090,75,75,5972250
NIFTY-II.NFO,27/01/2025,09:26:47,23090.55,23089.5,150,23090.55,75,225,5972250
NIFTY-II.NFO,27/01/2025,09:26:49,23090.55,23085.2,150,23090.45,75,0,5972250
NIFTY-II.NFO,27/01/2025,09:26:50,23085.4,23085.8,75,23090.45,75,150,5972250
NIFTY-II.NFO,27/01/2025,09:26:52,23090,23090.05,75,23090.4,600,75,5972250
NIFTY-II.NFO,27/01/2025,09:26:54,23090.05,23085.4,75,23090.45,75,75,5972250
NIFTY-II.NFO,27/01/2025,09:26:55,23090.45,23085.4,75,23090.55,750,75,5972250
NIFTY-II.NFO,27/01/2025,09:26:57,23090.45,23085.4,75,23090.5,675,0,5972250
NIFTY-II.NFO,27/01/2025,09:26:59,23090.55,23090,150,23090.6,75,375,5972250
NIFTY-II.NFO,27/01/2025,09:27:00,23095.25,23095.4,225,23095.95,75,750,5972250
NIFTY-II.NFO,27/01/2025,09:27:02,23099.95,23094.7,75,23100,150,300,5972250
NIFTY-II.NFO,27/01/2025,09:27:04,23099.95,23095.05,150,23100,150,300,5972250
NIFTY-II.NFO,27/01/2025,09:27:05,23092.5,23092.8,450,23099.2,225,525,5972250
NIFTY-II.NFO,27/01/2025,09:27:07,23092.05,23092.8,75,23099.95,675,7650,5972250
NIFTY-II.NFO,27/01/2025,09:27:09,23100,23096.25,225,23100.35,75,600,5972250
NIFTY-II.NFO,27/01/2025,09:27:10,23100.3,23096.25,375,23100.35,75,75,5972250
NIFTY-II.NFO,27/01/2025,09:27:12,23100.35,23100.7,75,23104.95,75,75,5972250
NIFTY-II.NFO,27/01/2025,09:27:14,23101.65,23101.45,300,23104.9,75,375,5972250
NIFTY-II.NFO,27/01/2025,09:27:15,23100.8,23100,150,23104.8,225,225,5972250
NIFTY-II.NFO,27/01/2025,09:27:17,23104.7,23100,75,23104.9,75,150,5972250
NIFTY-II.NFO,27/01/2025,09:27:19,23100,23097.75,75,23104.55,75,150,5972250
NIFTY-II.NFO,27/01/2025,09:27:20,23104.9,23097.85,600,23104.95,300,2700,5972250
NIFTY-II.NFO,27/01/2025,09:27:22,23104.9,23098.75,600,23104.95,150,0,5972250
NIFTY-II.NFO,27/01/2025,09:27:24,23097.9,23097.1,600,23104.85,225,225,5972250
NIFTY-II.NFO,27/01/2025,09:27:25,23104.95,23100,75,23104.95,150,150,5972250
NIFTY-II.NFO,27/01/2025,09:27:27,23097.3,23097.15,600,23103.85,375,525,5972250
NIFTY-II.NFO,27/01/2025,09:27:29,23104.85,23100.3,75,23105,150,2775,5972250
NIFTY-II.NFO,27/01/2025,09:27:30,23104.85,23100.3,75,23105,975,0,5972250
NIFTY-II.NFO,27/01/2025,09:27:32,23100.3,23097.95,600,23104.95,225,150,5972250
NIFTY-II.NFO,27/01/2025,09:27:34,23104.95,23100,75,23104.95,225,75,5972250
NIFTY-II.NFO,27/01/2025,09:27:35,23098.35,23097.6,75,23104.95,450,750,5972250
NIFTY-II.NFO,27/01/2025,09:27:37,23098.35,23097.65,150,23103.95,375,0,5972250
NIFTY-II.NFO,27/01/2025,09:27:39,23098.35,23097.65,150,23103.45,300,0,5972250
NIFTY-II.NFO,27/01/2025,09:27:40,23098.2,23098.6,600,23104.95,150,75,5972250
NIFTY-II.NFO,27/01/2025,09:27:42,23100.55,23103.75,75,23104,450,300,5972250
NIFTY-II.NFO,27/01/2025,09:27:44,23104,23103.8,150,23104.95,150,450,5972250
NIFTY-II.NFO,27/01/2025,09:27:45,23104.9,23098.4,600,23104.9,75,600,5972250
NIFTY-II.NFO,27/01/2025,09:27:47,23098.7,23099,675,23105.25,75,825,5972250
NIFTY-II.NFO,27/01/2025,09:27:49,23108.95,23108,75,23109.9,3375,675,5972250
NIFTY-II.NFO,27/01/2025,09:27:50,23106.95,23105.1,150,23109.85,75,675,5972250
NIFTY-II.NFO,27/01/2025,09:27:52,23114.9,23110.7,375,23114.7,225,3675,5972250
NIFTY-II.NFO,27/01/2025,09:27:54,23114.7,23114.9,225,23115.05,75,225,5972250
NIFTY-II.NFO,27/01/2025,09:27:55,23106.15,23106.05,150,23113.95,825,375,5972250
NIFTY-II.NFO,27/01/2025,09:27:57,23104.95,23105.85,150,23112.95,825,225,6001275
NIFTY-II.NFO,27/01/2025,09:27:59,23111.45,23104.95,150,23111.45,750,675,6001275
NIFTY-II.NFO,27/01/2025,09:28:00,23111.9,23104.95,150,23109.45,750,150,6001275
NIFTY-II.NFO,27/01/2025,09:28:02,23109.85,23105.05,75,23112.1,675,75,6001275
NIFTY-II.NFO,27/01/2025,09:28:04,23109.85,23104.95,150,23109.25,825,0,6001275
NIFTY-II.NFO,27/01/2025,09:28:05,23109.85,23104.95,150,23109.15,825,0,6001275
NIFTY-II.NFO,27/01/2025,09:28:07,23103.95,23103,75,23105.45,825,375,6001275
NIFTY-II.NFO,27/01/2025,09:28:09,23105.4,23103,75,23105.4,600,75,6001275
NIFTY-II.NFO,27/01/2025,09:28:10,23105.4,23103,75,23105,75,300,6001275
NIFTY-II.NFO,27/01/2025,09:28:12,23104.95,23103,75,23104,75,150,6001275
NIFTY-II.NFO,27/01/2025,09:28:14,23105,23103,75,23107.05,525,150,6001275
NIFTY-II.NFO,27/01/2025,09:28:15,23105,23105,75,23105.45,75,0,6001275
NIFTY-II.NFO,27/01/2025,09:28:17,23103.95,23103,75,23104.45,825,150,6001275
NIFTY-II.NFO,27/01/2025,09:28:19,23103.95,23101,300,23103.45,225,375,6001275
NIFTY-II.NFO,27/01/2025,09:28:20,23103.95,23101,300,23104.1,375,0,6001275
NIFTY-II.NFO,27/01/2025,09:28:22,23101,23101,225,23102,75,75,6001275
NIFTY-II.NFO,27/01/2025,09:28:24,23102,23100,900,23102.65,225,300,6001275
NIFTY-II.NFO,27/01/2025,09:28:25,23102,23100,900,23102.2,225,0,6001275
NIFTY-II.NFO,27/01/2025,09:28:27,23101.95,23101.05,150,23101.95,150,300,6001275
NIFTY-II.NFO,27/01/2025,09:28:29,23103.95,23103.95,225,23105,525,225,6001275
NIFTY-II.NFO,27/01/2025,09:28:30,23105,23103.95,225,23105,525,75,6001275
NIFTY-II.NFO,27/01/2025,09:28:32,23103.95,23103.95,150,23105,525,75,6001275
NIFTY-II.NFO,27/01/2025,09:28:34,23105,23103.95,150,23105,450,75,6001275
NIFTY-II.NFO,27/01/2025,09:28:35,23100.9,23100.2,600,23101.4,225,600,6001275
NIFTY-II.NFO,27/01/2025,09:28:37,23101.8,23101.85,600,23105,75,300,6001275
NIFTY-II.NFO,27/01/2025,09:28:39,23105,23105,150,23105.55,75,75,6001275
NIFTY-II.NFO,27/01/2025,09:28:40,23107.9,23105,75,23107.1,75,300,6001275
NIFTY-II.NFO,27/01/2025,09:28:42,23107.5,23102.95,750,23107.6,75,750,6001275
NIFTY-II.NFO,27/01/2025,09:28:44,23105.3,23105.05,600,23109.8,75,75,6001275
NIFTY-II.NFO,27/01/2025,09:28:45,23105,23105,450,23109.65,225,75,6001275
NIFTY-II.NFO,27/01/2025,09:28:47,23105,23105,450,23109.8,75,0,6001275
NIFTY-II.NFO,27/01/2025,09:28:49,23105,23105,450,23109.7,225,0,6001275
NIFTY-II.NFO,27/01/2025,09:28:50,23108.5,23107.15,600,23109.8,300,225,6001275
NIFTY-II.NFO,27/01/2025,09:28:52,23108,23108.8,150,23109.8,300,150,6001275
NIFTY-II.NFO,27/01/2025,09:28:54,23108.8,23108.8,75,23109.9,75,300,6001275
NIFTY-II.NFO,27/01/2025,09:28:56,23110.05,23111.25,525,23111.95,75,600,6001275
NIFTY-II.NFO,27/01/2025,09:28:57,23114.15,23114.1,150,23118.8,225,1050,6001275
NIFTY-II.NFO,27/01/2025,09:28:59,23118.95,23113,75,23119.95,825,375,6001275
NIFTY-II.NFO,27/01/2025,09:29:01,23115.5,23109.15,150,23115.5,750,300,6001275
NIFTY-II.NFO,27/01/2025,09:29:02,23115,23110,75,23115,75,375,6001275
NIFTY-II.NFO,27/01/2025,09:29:04,23112.35,23107.1,225,23112.35,225,75,6001275
NIFTY-II.NFO,27/01/2025,09:29:06,23114.65,23107,225,23114.9,75,2925,6001275
NIFTY-II.NFO,27/01/2025,09:29:07,23110.95,23105.05,600,23111,150,225,6001275
NIFTY-II.NFO,27/01/2025,09:29:09,23105.6,23105.05,75,23109.7,300,75,6001275
NIFTY-II.NFO,27/01/2025,09:29:11,23105,23105,375,23105.3,225,75,6001275
NIFTY-II.NFO,27/01/2025,09:29:12,23105,23105,375,23105.35,225,0,6001275
NIFTY-II.NFO,27/01/2025,09:29:14,23105.45,23105,150,23105.45,150,300,6001275
NIFTY-II.NFO,27/01/2025,09:29:16,23105,23105,150,23105.6,225,150,6001275
NIFTY-II.NFO,27/01/2025,09:29:17,23105,23105.1,75,23105.5,225,0,6001275
NIFTY-II.NFO,27/01/2025,09:29:19,23109.75,23105,75,23109.75,225,150,6001275
NIFTY-II.NFO,27/01/2025,09:29:21,23103.5,23101.7,75,23103.45,75,150,6001275
NIFTY-II.NFO,27/01/2025,09:29:22,23104.9,23099.2,375,23104.95,300,7050,6001275
NIFTY-II.NFO,27/01/2025,09:29:24,23104.9,23103.1,75,23104.9,75,0,6001275
NIFTY-II.NFO,27/01/2025,09:29:26,23104.9,23100.4,75,23104.9,75,0,6001275
NIFTY-II.NFO,27/01/2025,09:29:27,23104.9,23100.7,825,23104.9,75,0,6001275
NIFTY-II.NFO,27/01/2025,09:29:29,23104.9,23099,750,23104.85,600,75,6001275
NIFTY-II.NFO,27/01/2025,09:29:31,23104.9,23099.15,75,23104.9,225,0,6001275
NIFTY-II.NFO,27/01/2025,09:29:32,23104.9,23099.25,75,23104.5,600,0,6001275
NIFTY-II.NFO,27/01/2025,09:29:34,23104.9,23099.25,75,23104.05,600,0,6001275
NIFTY-II.NFO,27/01/2025,09:29:36,23101.05,23098.2,75,23099.95,225,300,6001275
NIFTY-II.NFO,27/01/2025,09:29:37,23099.7,23096.4,75,23099.7,150,225,6001275
NIFTY-II.NFO,27/01/2025,09:29:39,23096.4,23095.7,75,23098.8,225,225,6001275
NIFTY-II.NFO,27/01/2025,09:29:41,23096.4,23095.7,75,23097.9,225,0,6001275
NIFTY-II.NFO,27/01/2025,09:29:42,23095.7,23095.65,150,23096.8,75,75,6001275
NIFTY-II.NFO,27/01/2025,09:29:44,23096.8,23095.65,150,23097.95,225,75,6001275
NIFTY-II.NFO,27/01/2025,09:29:46,23096.8,23095.65,150,23099.25,225,0,6001275
NIFTY-II.NFO,27/01/2025,09:29:47,23099.5,23094.3,75,23098.9,600,825,6001275
NIFTY-II.NFO,27/01/2025,09:29:49,23097.95,23094.3,75,23097.7,675,75,6001275
NIFTY-II.NFO,27/01/2025,09:29:51,23092,23092.1,225,23096.4,300,1575,6001275
NIFTY-II.NFO,27/01/2025,09:29:52,23096.35,23091.9,75,23095.5,225,150,6001275
NIFTY-II.NFO,27/01/2025,09:29:54,23095.4,23092.3,150,23096.75,75,75,6001275
NIFTY-II.NFO,27/01/2025,09:29:56,23091.9,23090.35,750,23096,75,1875,6001275
NIFTY-II.NFO,27/01/2025,09:29:57,23092.9,23093.05,525,23094.25,225,525,6001275
NIFTY-II.NFO,27/01/2025,09:29:59,23094.35,23094.4,375,23095.05,225,375,6001275
NIFTY-II.NFO,27/01/2025,09:30:01,23099.95,23097.15,225,23099.95,75,1125,6001275
NIFTY-II.NFO,27/01/2025,09:30:02,23099.95,23094.45,225,23099.95,300,0,6001275
NIFTY-II.NFO,27/01/2025,09:30:04,23095.55,23092.3,225,23095.65,225,225,6001275
NIFTY-II.NFO,27/01/2025,09:30:06,23095.65,23092.85,600,23095.65,150,75,6001275
NIFTY-II.NFO,27/01/2025,09:30:07,23092.5,23092.9,75,23095.65,150,75,6001275
NIFTY-II.NFO,27/01/2025,09:30:09,23092.5,23094.55,600,23095.65,225,0,6001275
NIFTY-II.NFO,27/01/2025,09:30:11,23092.5,23094.45,300,23095.7,225,0,6001275
NIFTY-II.NFO,27/01/2025,09:30:12,23095.7,23095,75,23098.65,75,300,6001275
NIFTY-II.NFO,27/01/2025,09:30:14,23094.95,23094.45,225,23094.95,75,150,6001275
NIFTY-II.NFO,27/01/2025,09:30:16,23094.95,23092.5,150,23095,75,825,6001275
NIFTY-II.NFO,27/01/2025,09:30:17,23094.95,23092.5,150,23094.95,225,0,6001275
NIFTY-II.NFO,27/01/2025,09:30:19,23092.55,23092.5,150,23094.95,225,750,6001275
NIFTY-II.NFO,27/01/2025,09:30:21,23095.3,23097.2,75,23098.65,75,1275,6001275
NIFTY-II.NFO,27/01/2025,09:30:22,23100.85,23101.1,150,23104.85,75,675,6001275
NIFTY-II.NFO,27/01/2025,09:30:24,23104.5,23102.25,375,23104.85,75,150,6001275
NIFTY-II.NFO,27/01/2025,09:30:26,23101.75,23100.6,375,23104.85,75,450,6001275
NIFTY-II.NFO,27/01/2025,09:30:27,23104.9,23103.8,150,23107.65,225,975,6001275
NIFTY-II.NFO,27/01/2025,09:30:29,23105.35,23107.45,150,23109.25,75,150,6001275
NIFTY-II.NFO,27/01/2025,09:30:31,23107.25,23103.65,150,23108.3,75,825,6001275
NIFTY-II.NFO,27/01/2025,09:30:32,23107.35,23102.9,75,23104.55,75,225,6001275
NIFTY-II.NFO,27/01/2025,09:30:34,23104.55,23103,75,23106.8,225,300,6001275
NIFTY-II.NFO,27/01/2025,09:30:36,23105.05,23099.3,75,23103.95,600,675,6001275
NIFTY-II.NFO,27/01/2025,09:30:37,23100,23096.7,225,23102.15,225,150,6001275
NIFTY-II.NFO,27/01/2025,09:30:39,23098.75,23095,225,23098.35,525,1050,6001275
NIFTY-II.NFO,27/01/2025,09:30:41,23092.15,23090.05,75,23095.5,225,525,6001275
NIFTY-II.NFO,27/01/2025,09:30:42,23092.15,23090.05,75,23094.2,300,0,6001275
NIFTY-II.NFO,27/01/2025,09:30:44,23098.3,23091.7,225,23099.25,150,2025,6001275
NIFTY-II.NFO,27/01/2025,09:30:46,23094.2,23091.4,600,23097.8,75,225,6001275
NIFTY-II.NFO,27/01/2025,09:30:47,23097.95,23092.5,600,23098.4,450,150,6001275
NIFTY-II.NFO,27/01/2025,09:30:49,23097.95,23090.05,600,23096.95,150,0,6001275
NIFTY-II.NFO,27/01/2025,09:30:51,23097.95,23092.25,600,23097.3,225,0,6001275
NIFTY-II.NFO,27/01/2025,09:30:52,23091.5,23091.35,225,23097.35,225,225,6001275
NIFTY-II.NFO,27/01/2025,09:30:54,23091.5,23090,975,23095.65,225,0,6001275
NIFTY-II.NFO,27/01/2025,09:30:56,23094.2,23090,975,23093.95,225,1125,6001275
NIFTY-II.NFO,27/01/2025,09:30:57,23091.95,23087.95,225,23092.95,75,1125,6029475
NIFTY-II.NFO,27/01/2025,09:30:59,23092.9,23088.15,600,23091.5,75,225,6029475
NIFTY-II.NFO,27/01/2025,09:31:01,23097,23090.25,600,23097.85,450,825,6029475
NIFTY-II.NFO,27/01/2025,09:31:02,23091.85,23093.2,600,23099.7,300,1275,6029475
NIFTY-II.NFO,27/01/2025,09:31:04,23099.25,23091.7,600,23092.75,75,525,6029475
NIFTY-II.NFO,27/01/2025,09:31:06,23092.6,23088.75,600,23095.6,375,75,6029475
NIFTY-II.NFO,27/01/2025,09:31:07,23092.6,23091.8,600,23092.3,150,0,6029475
NIFTY-II.NFO,27/01/2025,09:31:09,23091.55,23091.2,600,23098.25,525,300,6029475
NIFTY-II.NFO,27/01/2025,09:31:11,23091.55,23088.9,600,23095.2,225,0,6029475
NIFTY-II.NFO,27/01/2025,09:31:12,23091.55,23088.75,600,23090.95,75,0,6029475
NIFTY-II.NFO,27/01/2025,09:31:14,23087.85,23087.3,75,23091,75,300,6029475
NIFTY-II.NFO,27/01/2025,09:31:16,23087.05,23085.9,600,23093.3,975,300,6029475
NIFTY-II.NFO,27/01/2025,09:31:17,23093.3,23087.35,600,23092.9,225,75,6029475
NIFTY-II.NFO,27/01/2025,09:31:19,23092.2,23087.4,600,23092.2,150,75,6029475
NIFTY-II.NFO,27/01/2025,09:31:21,23092.2,23088.2,600,23092.6,75,0,6029475
NIFTY-II.NFO,27/01/2025,09:31:22,23088.3,23088,300,23092.6,75,975,6029475
NIFTY-II.NFO,27/01/2025,09:31:24,23088.3,23087.05,150,23092.15,675,0,6029475
NIFTY-II.NFO,27/01/2025,09:31:26,23090.75,23087.05,150,23090.5,825,75,6029475
NIFTY-II.NFO,27/01/2025,09:31:27,23085,23085,525,23089.25,300,225,6029475
NIFTY-II.NFO,27/01/2025,09:31:29,23085,23087,75,23090.55,750,0,6029475
NIFTY-II.NFO,27/01/2025,09:31:31,23085.7,23085.65,225,23091.55,75,375,6029475
NIFTY-II.NFO,27/01/2025,09:31:32,23085.75,23087.45,150,23092.55,75,225,6029475
NIFTY-II.NFO,27/01/2025,09:31:34,23092.7,23090.3,225,23094.45,225,225,6029475
NIFTY-II.NFO,27/01/2025,09:31:36,23092.7,23085,525,23087.7,225,0,6029475
NIFTY-II.NFO,27/01/2025,09:31:37,23092.7,23085,525,23089.5,750,0,6029475
NIFTY-II.NFO,27/01/2025,09:31:39,23092.7,23085,525,23090.15,300,0,6029475
NIFTY-II.NFO,27/01/2025,09:31:41,23090,23085.05,75,23091.8,600,75,6029475
NIFTY-II.NFO,27/01/2025,09:31:42,23090,23085.15,75,23091.25,675,0,6029475
NIFTY-II.NFO,27/01/2025,09:31:44,23090,23086.05,600,23091.65,225,0,6029475
NIFTY-II.NFO,27/01/2025,09:31:46,23090,23090,75,23093.4,75,0,6029475
NIFTY-II.NFO,27/01/2025,09:31:47,23088,23087,75,23089.95,225,1200,6029475
NIFTY-II.NFO,27/01/2025,09:31:49,23088,23088.4,225,23090,300,0,6029475
NIFTY-II.NFO,27/01/2025,09:31:51,23090,23089.65,150,23093.95,225,300,6029475
NIFTY-II.NFO,27/01/2025,09:31:52,23094.4,23089.75,375,23094.45,300,75,6029475
NIFTY-II.NFO,27/01/2025,09:31:54,23094.4,23090.65,75,23094.95,75,0,6029475
NIFTY-II.NFO,27/01/2025,09:31:56,23094.4,23090,150,23093.45,225,0,6029475
NIFTY-II.NFO,27/01/2025,09:31:57,23094.4,23090,150,23093.7,225,0,6029475
NIFTY-II.NFO,27/01/2025,09:31:59,23093.95,23090,150,23093.95,225,75,6029475
NIFTY-II.NFO,27/01/2025,09:32:01,23094.95,23094.1,75,23095,75,525,6029475
NIFTY-II.NFO,27/01/2025,09:32:02,23094.9,23090,375,23092.75,750,75,6029475
NIFTY-II.NFO,27/01/2025,09:32:04,23094.9,23090.1,75,23093.55,75,0,6029475
NIFTY-II.NFO,27/01/2025,09:32:06,23090,23090,300,23093.45,225,75,6029475
NIFTY-II.NFO,27/01/2025,09:32:07,23090,23088,75,23089.95,225,525,6029475
NIFTY-II.NFO,27/01/2025,09:32:09,23090,23089.85,150,23091.85,225,375,6029475
NIFTY-II.NFO,27/01/2025,09:32:11,23090,23088.7,150,23092.65,225,0,6029475
NIFTY-II.NFO,27/01/2025,09:32:12,23092.65,23090.05,75,23092.65,150,75,6029475
NIFTY-II.NFO,27/01/2025,09:32:14,23092.65,23090,75,23092.65,150,0,6029475
NIFTY-II.NFO,27/01/2025,09:32:16,23090,23088.95,75,23092.65,150,75,6029475
NIFTY-II.NFO,27/01/2025,09:32:17,23092.65,23089.85,75,23092.65,75,225,6029475
NIFTY-II.NFO,27/01/2025,09:32:19,23092.65,23089.9,150,23092.65,75,0,6029475
NIFTY-II.NFO,27/01/2025,09:32:21,23092.65,23090.05,75,23092.7,150,75,6029475
NIFTY-II.NFO,27/01/2025,09:32:22,23097.5,23092.65,300,23093.3,75,1800,6029475
NIFTY-II.NFO,27/01/2025,09:32:24,23092.65,23089.95,600,23096.3,600,300,6029475
NIFTY-II.NFO,27/01/2025,09:32:26,23092.65,23089.9,600,23093.2,75,0,6029475
NIFTY-II.NFO,27/01/2025,09:32:27,23092.65,23090.35,150,23096.3,600,0,6029475
NIFTY-II.NFO,27/01/2025,09:32:29,23092.65,23089.65,75,23094.7,825,0,6029475
NIFTY-II.NFO,27/01/2025,09:32:31,23092.65,23089.3,300,23095.35,600,0,6029475
NIFTY-II.NFO,27/01/2025,09:32:32,23095.4,23091.85,600,23097.5,75,150,6029475
NIFTY-II.NFO,27/01/2025,09:32:34,23095.85,23091.15,375,23095.85,150,150,6029475
NIFTY-II.NFO,27/01/2025,09:32:36,23095.85,23091.2,225,23095,75,0,6029475
NIFTY-II.NFO,27/01/2025,09:32:37,23090.35,23090.35,225,23097.6,150,750,6029475
NIFTY-II.NFO,27/01/2025,09:32:39,23090.35,23095.35,375,23096.7,225,0,6029475
NIFTY-II.NFO,27/01/2025,09:32:41,23094,23093.2,300,23097.95,75,75,6029475
NIFTY-II.NFO,27/01/2025,09:32:42,23093.95,23096.1,375,23097.75,225,150,6029475
NIFTY-II.NFO,27/01/2025,09:32:44,23098.9,23099.05,375,23100,2100,525,6029475
NIFTY-II.NFO,27/01/2025,09:32:46,23100,23099.05,375,23099.95,75,1275,6029475
NIFTY-II.NFO,27/01/2025,09:32:47,23100,23097,75,23100,750,600,6029475
NIFTY-II.NFO,27/01/2025,09:32:49,23100,23098.3,75,23100,525,225,6029475
NIFTY-II.NFO,27/01/2025,09:32:51,23099.95,23099,75,23100,225,600,6029475
NIFTY-II.NFO,27/01/2025,09:32:52,23100.1,23100.85,375,23103.5,225,300,6029475
NIFTY-II.NFO,27/01/2025,09:32:54,23104.15,23100.35,75,23103.4,225,150,6029475
NIFTY-II.NFO,27/01/2025,09:32:56,23100,23096.05,150,23102.85,600,300,6029475
NIFTY-II.NFO,27/01/2025,09:32:57,23100,23098.9,375,23100,300,0,6029475
NIFTY-II.NFO,27/01/2025,09:32:59,23099.95,23098.4,375,23100,300,150,6029475
NIFTY-II.NFO,27/01/2025,09:33:01,23099.2,23098.35,75,23100,300,75,6029475
NIFTY-II.NFO,27/01/2025,09:33:02,23100,23096.7,75,23099.85,225,75,6029475
NIFTY-II.NFO,27/01/2025,09:33:04,23099,23093.5,75,23099.1,600,150,6029475
NIFTY-II.NFO,27/01/2025,09:33:06,23099,23093.2,900,23098,225,0,6029475
NIFTY-II.NFO,27/01/2025,09:33:07,23098.85,23094.45,375,23098.9,75,75,6029475
NIFTY-II.NFO,27/01/2025,09:33:09,23098.85,23094.65,900,23098.9,75,0,6029475
NIFTY-II.NFO,27/01/2025,09:33:11,23098.85,23097.7,375,23098.85,150,0,6029475
NIFTY-II.NFO,27/01/2025,09:33:12,23097.75,23097.05,450,23098.7,225,75,6029475
NIFTY-II.NFO,27/01/2025,09:33:14,23097.75,23096.6,75,23098.65,75,0,6029475
NIFTY-II.NFO,27/01/2025,09:33:16,23099.6,23098.8,150,23100,225,900,6029475
NIFTY-II.NFO,27/01/2025,09:33:18,23100.3,23098.65,75,23102.9,75,375,6029475
NIFTY-II.NFO,27/01/2025,09:33:19,23098.65,23097.1,75,23098.6,75,75,6029475
NIFTY-II.NFO,27/01/2025,09:33:21,23099.85,23095.25,375,23099.85,150,375,6029475
NIFTY-II.NFO,27/01/2025,09:33:23,23099.2,23093.15,75,23098.85,600,375,6029475
NIFTY-II.NFO,27/01/2025,09:33:24,23099.2,23094.25,75,23098.8,75,0,6029475
NIFTY-II.NFO,27/01/2025,09:33:26,23099.2,23094.9,375,23098,75,0,6029475
NIFTY-II.NFO,27/01/2025,09:33:28,23098,23094.05,150,23099.55,225,75,6029475
NIFTY-II.NFO,27/01/2025,09:33:29,23098,23092.05,75,23099,750,0,6029475
NIFTY-II.NFO,27/01/2025,09:33:31,23098,23093.8,450,23098.25,75,0,6029475
NIFTY-II.NFO,27/01/2025,09:33:33,23098,23098,150,23098.15,75,0,6029475
NIFTY-II.NFO,27/01/2025,09:33:34,23093.75,23095.3,375,23098.15,75,300,6029475
NIFTY-II.NFO,27/01/2025,09:33:36,23095.1,23095.1,300,23098.4,75,225,6029475
NIFTY-II.NFO,27/01/2025,09:33:38,23095.1,23095.15,300,23099.75,300,0,6029475
NIFTY-II.NFO,27/01/2025,09:33:39,23100,23100.1,150,23106.6,225,825,6029475
NIFTY-II.NFO,27/01/2025,09:33:41,23097.9,23099.6,75,23100,75,150,6029475
NIFTY-II.NFO,27/01/2025,09:33:43,23097.7,23096,75,23098.2,225,225,6029475
NIFTY-II.NFO,27/01/2025,09:33:44,23098.2,23096,75,23098.1,75,75,6029475
NIFTY-II.NFO,27/01/2025,09:33:46,23098.1,23095.05,150,23098.15,75,225,6029475
NIFTY-II.NFO,27/01/2025,09:33:48,23095.65,23095.85,150,23098.2,225,450,6029475
NIFTY-II.NFO,27/01/2025,09:33:49,23095.65,23098.1,75,23098.25,150,0,6029475
NIFTY-II.NFO,27/01/2025,09:33:51,23098.25,23098.1,75,23099.95,300,150,6029475
NIFTY-II.NFO,27/01/2025,09:33:53,23099.95,23097,150,23100,600,450,6029475
NIFTY-II.NFO,27/01/2025,09:33:54,23099.95,23095,300,23098.3,225,0,6029475
NIFTY-II.NFO,27/01/2025,09:33:56,23099.35,23095,75,23099.35,75,675,6029475
NIFTY-II.NFO,27/01/2025,09:33:58,23099.35,23096.6,225,23100,600,75,6029475
NIFTY-II.NFO,27/01/2025,09:33:59,23100.1,23100,150,23105.2,75,675,6040800
NIFTY-II.NFO,27/01/2025,09:34:01,23100.1,23103.45,150,23107.75,75,0,6040800
NIFTY-II.NFO,27/01/2025,09:34:03,23100.45,23099.35,75,23105.15,750,300,6040800
NIFTY-II.NFO,27/01/2025,09:34:04,23100.45,23099.35,75,23103.55,225,0,6040800
NIFTY-II.NFO,27/01/2025,09:34:06,23100.45,23103.65,75,23107.75,75,0,6040800
NIFTY-II.NFO,27/01/2025,09:34:08,23100.45,23106,375,23107.7,75,0,6040800
NIFTY-II.NFO,27/01/2025,09:34:09,23105.15,23105.15,150,23107.75,75,150,6040800
NIFTY-II.NFO,27/01/2025,09:34:11,23105.15,23105.15,75,23107.75,75,75,6040800
NIFTY-II.NFO,27/01/2025,09:34:13,23105.15,23105.15,75,23107.45,225,0,6040800
NIFTY-II.NFO,27/01/2025,09:34:14,23100,23099.35,75,23106.4,675,375,6040800
NIFTY-II.NFO,27/01/2025,09:34:16,23104.8,23098.55,75,23103.8,225,75,6040800
NIFTY-II.NFO,27/01/2025,09:34:18,23104.8,23100,75,23103.55,675,0,6040800
NIFTY-II.NFO,27/01/2025,09:34:19,23100.1,23100,75,23103.3,225,75,6040800
NIFTY-II.NFO,27/01/2025,09:34:21,23100.1,23101.95,150,23106.7,75,0,6040800
NIFTY-II.NFO,27/01/2025,09:34:23,23102.35,23103.25,525,23107,75,375,6040800
NIFTY-II.NFO,27/01/2025,09:34:24,23110,23110.9,225,23114,300,1425,6040800
NIFTY-II.NFO,27/01/2025,09:34:26,23115,23115.4,150,23115.9,75,900,6040800
NIFTY-II.NFO,27/01/2025,09:34:28,23125,23126.65,150,23130,225,2250,6040800
NIFTY-II.NFO,27/01/2025,09:34:29,23127,23126.1,75,23130.05,750,675,6040800
NIFTY-II.NFO,27/01/2025,09:34:29,23131.4,23126.1,75,23130.05,750,0,6040800
NIFTY-II.NFO,27/01/2025,09:34:31,23127.05,23127.85,150,23131.95,75,75,6040800
NIFTY-II.NFO,27/01/2025,09:34:33,23129.1,23127.85,225,23132,75,525,6040800
NIFTY-II.NFO,27/01/2025,09:34:33,23131.95,23127.85,225,23132,75,0,6040800
NIFTY-II.NFO,27/01/2025,09:34:34,23126.1,23125.8,150,23131.5,150,375,6040800
NIFTY-II.NFO,27/01/2025,09:34:36,23131.45,23132.35,300,23133,75,375,6040800
NIFTY-II.NFO,27/01/2025,09:34:36,23132,23132.35,300,23133,75,0,6040800
NIFTY-II.NFO,27/01/2025,09:34:38,23140.95,23131.5,75,23138.15,600,825,6040800
NIFTY-II.NFO,27/01/2025,09:34:38,23140.95,23131.5,75,23138.15,600,0,6040800
NIFTY-II.NFO,27/01/2025,09:34:39,23131.5,23128.65,450,23135.15,600,150,6040800
NIFTY-II.NFO,27/01/2025,09:34:41,23133.5,23128.15,1050,23135.4,225,225,6040800
NIFTY-II.NFO,27/01/2025,09:34:43,23133.5,23125.3,75,23131.15,225,0,6040800
NIFTY-II.NFO,27/01/2025,09:34:44,23133.3,23127.45,600,23131.55,225,1200,6040800
NIFTY-II.NFO,27/01/2025,09:34:46,23132,23128.1,75,23134.8,600,150,6040800
NIFTY-II.NFO,27/01/2025,09:34:48,23128.6,23132.1,75,23136.85,75,300,6040800
NIFTY-II.NFO,27/01/2025,09:34:49,23136.95,23127.1,75,23133.75,825,75,6040800
NIFTY-II.NFO,27/01/2025,09:34:51,23136.95,23126.25,75,23132.1,675,0,6040800
NIFTY-II.NFO,27/01/2025,09:34:53,23136.95,23125,75,23130.85,675,0,6040800
NIFTY-II.NFO,27/01/2025,09:34:54,23136.95,23125,75,23129.35,975,0,6040800
NIFTY-II.NFO,27/01/2025,09:34:56,23136.95,23125,75,23129.1,225,0,6040800
NIFTY-II.NFO,27/01/2025,09:34:58,23131.15,23125,75,23131.05,825,150,6040800
NIFTY-II.NFO,27/01/2025,09:34:59,23125.05,23125,75,23129.8,225,450,6040800
NIFTY-II.NFO,27/01/2025,09:35:01,23122.35,23124.55,75,23130.15,225,900,6040800
NIFTY-II.NFO,27/01/2025,09:35:03,23124.55,23123.2,75,23129.45,225,75,6040800
NIFTY-II.NFO,27/01/2025,09:35:04,23124.55,23123.95,150,23129,75,0,6040800
NIFTY-II.NFO,27/01/2025,09:35:06,23128.4,23128.6,150,23131.95,75,150,6040800
NIFTY-II.NFO,27/01/2025,09:35:08,23129.3,23129.6,300,23132,75,600,6040800
NIFTY-II.NFO,27/01/2025,09:35:09,23131.35,23131.15,150,23135.95,75,300,6040800
NIFTY-II.NFO,27/01/2025,09:35:11,23131.35,23127.75,150,23134.75,675,0,6040800
NIFTY-II.NFO,27/01/2025,09:35:13,23127.5,23127.35,75,23130.6,75,75,6040800
NIFTY-II.NFO,27/01/2025,09:35:14,23127.6,23127.15,75,23130.6,75,300,6040800
NIFTY-II.NFO,27/01/2025,09:35:16,23125.5,23125.5,300,23131.9,675,150,6040800
NIFTY-II.NFO,27/01/2025,09:35:18,23128.15,23123.65,75,23128.15,75,75,6040800
NIFTY-II.NFO,27/01/2025,09:35:19,23132.2,23125.1,225,23128.95,75,1500,6040800
NIFTY-II.NFO,27/01/2025,09:35:21,23130.15,23124.1,600,23125.5,75,150,6040800
NIFTY-II.NFO,27/01/2025,09:35:23,23125.5,23123.9,600,23128.65,225,150,6040800
NIFTY-II.NFO,27/01/2025,09:35:24,23125.5,23123.65,600,23129.15,225,0,6040800
NIFTY-II.NFO,27/01/2025,09:35:26,23125.5,23124.75,600,23131.8,600,0,6040800
NIFTY-II.NFO,27/01/2025,09:35:28,23125,23129.15,75,23131.4,600,300,6040800
NIFTY-II.NFO,27/01/2025,09:35:29,23129.05,23125,225,23129,150,1575,6040800
NIFTY-II.NFO,27/01/2025,09:35:31,23125,23125,75,23128.8,75,150,6040800
NIFTY-II.NFO,27/01/2025,09:35:33,23125,23122.35,450,23127.7,600,150,6040800
NIFTY-II.NFO,27/01/2025,09:35:34,23125,23125,75,23129.1,750,0,6040800
NIFTY-II.NFO,27/01/2025,09:35:36,23125,23122.4,75,23128.1,600,150,6040800
NIFTY-II.NFO,27/01/2025,09:35:38,23125,23120.55,375,23125,75,0,6040800
NIFTY-II.NFO,27/01/2025,09:35:39,23129.15,23127.85,75,23129.3,75,450,6040800
NIFTY-II.NFO,27/01/2025,09:35:41,23130.1,23131.05,150,23134.9,75,300,6040800
NIFTY-II.NFO,27/01/2025,09:35:43,23147,23146.5,75,23147.95,225,3000,6040800
NIFTY-II.NFO,27/01/2025,09:35:43,23147,23146.5,75,23147.95,225,0,6040800
NIFTY-II.NFO,27/01/2025,09:35:44,23149.95,23147.45,225,23149.95,150,1050,6040800
NIFTY-II.NFO,27/01/2025,09:35:44,23149.95,23147.45,225,23149.95,150,0,6040800
NIFTY-II.NFO,27/01/2025,09:35:46,23149.95,23144.75,75,23149.95,225,0,6040800
NIFTY-II.NFO,27/01/2025,09:35:48,23149.9,23148.3,450,23149.9,150,5775,6040800
NIFTY-II.NFO,27/01/2025,09:35:48,23150,23148.3,450,23149.9,150,0,6040800
NIFTY-II.NFO,27/01/2025,09:35:49,23149.3,23146.35,150,23149.85,225,750,6040800
NIFTY-II.NFO,27/01/2025,09:35:51,23146.25,23141.1,675,23146.25,300,225,6040800
NIFTY-II.NFO,27/01/2025,09:35:53,23141.9,23141.55,150,23145.2,75,375,6040800
NIFTY-II.NFO,27/01/2025,09:35:54,23141.4,23140,150,23145.15,75,75,6040800
NIFTY-II.NFO,27/01/2025,09:35:56,23144.3,23140.2,225,23144,75,1500,6040800
NIFTY-II.NFO,27/01/2025,09:35:58,23140,23135.35,150,23139.95,75,675,6040800
NIFTY-II.NFO,27/01/2025,09:35:59,23139.7,23135,75,23139.75,75,75,6040800
NIFTY-II.NFO,27/01/2025,09:36:01,23138.55,23134.5,75,23139.95,225,225,6040800
NIFTY-II.NFO,27/01/2025,09:36:03,23138.55,23128.25,75,23134.5,225,0,6040800
NIFTY-II.NFO,27/01/2025,09:36:04,23136.75,23132.5,375,23136.95,225,75,6040800
NIFTY-II.NFO,27/01/2025,09:36:06,23130.3,23129.75,600,23131.95,75,75,6040800
NIFTY-II.NFO,27/01/2025,09:36:08,23135,23129.8,75,23136.95,450,375,6040800
NIFTY-II.NFO,27/01/2025,09:36:09,23135,23130.8,600,23135.5,225,0,6040800
NIFTY-II.NFO,27/01/2025,09:36:11,23135.4,23127.25,825,23132.4,300,75,6040800
NIFTY-II.NFO,27/01/2025,09:36:13,23135.2,23130,75,23134.9,225,300,6040800
NIFTY-II.NFO,27/01/2025,09:36:14,23133.8,23128.95,600,23135,75,300,6040800
NIFTY-II.NFO,27/01/2025,09:36:16,23133.8,23132.75,75,23135,75,0,6040800
NIFTY-II.NFO,27/01/2025,09:36:18,23133.8,23131.05,675,23135,75,0,6040800
NIFTY-II.NFO,27/01/2025,09:36:19,23133.8,23130.1,75,23134.2,225,0,6040800
NIFTY-II.NFO,27/01/2025,09:36:21,23130.05,23130.2,75,23134.35,225,150,6040800
NIFTY-II.NFO,27/01/2025,09:36:23,23134.9,23130,300,23132.45,225,1350,6040800
NIFTY-II.NFO,27/01/2025,09:36:24,23130,23125.8,75,23128.7,225,300,6040800
NIFTY-II.NFO,27/01/2025,09:36:26,23128.25,23125.2,675,23127.75,75,75,6040800
NIFTY-II.NFO,27/01/2025,09:36:28,23130,23127.05,75,23129.4,75,525,6040800
NIFTY-II.NFO,27/01/2025,09:36:29,23129.3,23128.4,75,23129.25,75,75,6040800
NIFTY-II.NFO,27/01/2025,09:36:31,23130.05,23128.9,300,23134.85,825,750,6040800
NIFTY-II.NFO,27/01/2025,09:36:33,23130.05,23128.05,300,23133.85,825,0,6040800
NIFTY-II.NFO,27/01/2025,09:36:34,23129.95,23129.35,225,23130,750,75,6040800
NIFTY-II.NFO,27/01/2025,09:36:36,23130.1,23129.65,600,23136,75,1950,6040800
NIFTY-II.NFO,27/01/2025,09:36:38,23130.5,23130.35,150,23135.95,75,450,6040800
NIFTY-II.NFO,27/01/2025,09:36:39,23135.95,23130,375,23134.8,675,150,6040800
NIFTY-II.NFO,27/01/2025,09:36:41,23130,23130,525,23133.7,600,150,6040800
NIFTY-II.NFO,27/01/2025,09:36:43,23130,23130,525,23132.05,75,0,6040800
NIFTY-II.NFO,27/01/2025,09:36:44,23125,23126.5,750,23129.9,75,1725,6040800
NIFTY-II.NFO,27/01/2025,09:36:46,23126.2,23126.2,75,23126.45,75,450,6040800
NIFTY-II.NFO,27/01/2025,09:36:48,23126.2,23124.7,75,23126.15,75,75,6040800
NIFTY-II.NFO,27/01/2025,09:36:49,23124.7,23124.35,75,23129.8,450,375,6040800
NIFTY-II.NFO,27/01/2025,09:36:51,23124.35,23123.5,75,23128.35,1200,150,6040800
NIFTY-II.NFO,27/01/2025,09:36:53,23123.5,23123.75,150,23128.3,75,75,6040800
NIFTY-II.NFO,27/01/2025,09:36:54,23123.5,23124.7,75,23128.4,75,0,6040800
NIFTY-II.NFO,27/01/2025,09:36:56,23129.35,23124.9,225,23128.8,150,825,6040800
NIFTY-II.NFO,27/01/2025,09:36:58,23124.7,23123,75,23125,975,225,6040800
NIFTY-II.NFO,27/01/2025,09:36:59,23123,23121.55,75,23125,1050,75,6060000
NIFTY-II.NFO,27/01/2025,09:37:01,23121.55,23120.25,75,23125,1125,75,6060000
NIFTY-II.NFO,27/01/2025,09:37:03,23122.25,23121,600,23123.45,75,75,6060000
NIFTY-II.NFO,27/01/2025,09:37:04,23122.25,23121.3,225,23128.75,600,1650,6060000
NIFTY-II.NFO,27/01/2025,09:37:06,23122.65,23122.4,375,23128.35,600,675,6060000
NIFTY-II.NFO,27/01/2025,09:37:08,23122.4,23123.6,150,23129.85,600,150,6060000
NIFTY-II.NFO,27/01/2025,09:37:09,23129.8,23122.25,225,23128.25,75,75,6060000
NIFTY-II.NFO,27/01/2025,09:37:11,23129.8,23123.3,375,23125,75,0,6060000
NIFTY-II.NFO,27/01/2025,09:37:13,23128.25,23125,75,23130,900,225,6060000
NIFTY-II.NFO,27/01/2025,09:37:14,23125,23126.1,375,23130,825,150,6060000
NIFTY-II.NFO,27/01/2025,09:37:16,23125,23127.9,375,23130,900,0,6060000
NIFTY-II.NFO,27/01/2025,09:37:18,23127.85,23128.7,150,23130,900,675,6060000
NIFTY-II.NFO,27/01/2025,09:37:19,23130.2,23132,300,23135,375,1275,6060000
NIFTY-II.NFO,27/01/2025,09:37:21,23135.95,23134.65,900,23136,75,975,6060000
NIFTY-II.NFO,27/01/2025,09:37:23,23136,23135.6,375,23139,150,300,6060000
NIFTY-II.NFO,27/01/2025,09:37:24,23134.95,23131.1,375,23137.4,150,75,6060000
NIFTY-II.NFO,27/01/2025,09:37:26,23132.35,23130.25,450,23136.8,75,150,6060000
NIFTY-II.NFO,27/01/2025,09:37:28,23136.85,23131.7,75,23137.8,825,825,6060000
NIFTY-II.NFO,27/01/2025,09:37:29,23132.7,23135.4,75,23137.8,75,150,6060000
NIFTY-II.NFO,27/01/2025,09:37:31,23132.7,23134.75,375,23139,225,0,6060000
NIFTY-II.NFO,27/01/2025,09:37:33,23132.7,23134.5,75,23139,225,0,6060000
NIFTY-II.NFO,27/01/2025,09:37:35,23138.3,23133.25,75,23136.6,150,225,6060000
NIFTY-II.NFO,27/01/2025,09:37:36,23133.25,23130,600,23135.8,600,75,6060000
NIFTY-II.NFO,27/01/2025,09:37:38,23135,23130.15,225,23134.75,150,150,6060000
NIFTY-II.NFO,27/01/2025,09:37:40,23130,23130,525,23134.2,150,150,6060000
NIFTY-II.NFO,27/01/2025,09:37:41,23130,23130,450,23132.95,150,75,6060000
NIFTY-II.NFO,27/01/2025,09:37:43,23129.95,23125.95,150,23129.75,150,750,6060000
NIFTY-II.NFO,27/01/2025,09:37:45,23126.25,23127.1,225,23133.3,675,375,6060000
NIFTY-II.NFO,27/01/2025,09:37:46,23128.45,23128.45,150,23133.3,75,225,6060000
NIFTY-II.NFO,27/01/2025,09:37:48,23134.3,23129.85,150,23135.85,450,225,6060000
NIFTY-II.NFO,27/01/2025,09:37:50,23132.25,23132.35,150,23135.8,75,150,6060000
NIFTY-II.NFO,27/01/2025,09:37:51,23135,23134.85,75,23139,75,2175,6060000
NIFTY-II.NFO,27/01/2025,09:37:53,23135,23133.2,150,23134.85,75,0,6060000
NIFTY-II.NFO,27/01/2025,09:37:55,23133.2,23138.1,225,23139,75,1425,6060000
NIFTY-II.NFO,27/01/2025,09:37:56,23138.1,23137.2,150,23139.05,75,975,6060000
NIFTY-II.NFO,27/01/2025,09:37:58,23137.2,23134.1,75,23137.2,150,225,6060000
NIFTY-II.NFO,27/01/2025,09:38:00,23134.25,23133.8,75,23137.2,75,150,6060000
NIFTY-II.NFO,27/01/2025,09:38:01,23133.8,23133.6,75,23138.3,600,75,6060000
NIFTY-II.NFO,27/01/2025,09:38:03,23133.6,23134.1,225,23139.3,75,75,6060000
NIFTY-II.NFO,27/01/2025,09:38:05,23134.1,23135,2550,23139.35,450,675,6060000
NIFTY-II.NFO,27/01/2025,09:38:06,23135,23135,225,23137.85,450,2325,6060000
NIFTY-II.NFO,27/01/2025,09:38:08,23135,23134,75,23135,225,225,6060000
NIFTY-II.NFO,27/01/2025,09:38:10,23134,23132.2,75,23134,75,150,6060000
NIFTY-II.NFO,27/01/2025,09:38:11,23132.2,23131,75,23135.35,450,375,6060000
NIFTY-II.NFO,27/01/2025,09:38:13,23132.75,23130,300,23135.35,525,150,6060000
NIFTY-II.NFO,27/01/2025,09:38:15,23130,23130,150,23134.35,450,150,6060000
NIFTY-II.NFO,27/01/2025,09:38:16,23132.35,23130,75,23131.85,375,150,6060000
NIFTY-II.NFO,27/01/2025,09:38:18,23133.3,23128.45,75,23133.3,600,750,6060000
NIFTY-II.NFO,27/01/2025,09:38:20,23126.65,23125.25,225,23128.45,75,225,6060000
NIFTY-II.NFO,27/01/2025,09:38:21,23125.35,23125.25,150,23130,75,225,6060000
NIFTY-II.NFO,27/01/2025,09:38:23,23130,23125.4,75,23131.25,600,150,6060000
NIFTY-II.NFO,27/01/2025,09:38:24,23125.8,23125.9,75,23128.85,75,300,6060000
NIFTY-II.NFO,27/01/2025,09:38:26,23130.3,23126,75,23129.9,600,525,6060000
NIFTY-II.NFO,27/01/2025,09:38:28,23130.95,23125.65,450,23131.4,225,225,6060000
NIFTY-II.NFO,27/01/2025,09:38:29,23130.95,23125.35,300,23131.15,600,0,6060000
NIFTY-II.NFO,27/01/2025,09:38:31,23130.95,23125.35,300,23131.1,600,0,6060000
NIFTY-II.NFO,27/01/2025,09:38:33,23130.95,23125.35,300,23130.35,150,0,6060000
NIFTY-II.NFO,27/01/2025,09:38:34,23130.95,23125.75,375,23131.1,75,0,6060000
NIFTY-II.NFO,27/01/2025,09:38:36,23130.95,23125.45,75,23130.7,600,0,6060000
NIFTY-II.NFO,27/01/2025,09:38:38,23131.1,23125.4,450,23131.1,150,300,6060000
NIFTY-II.NFO,27/01/2025,09:38:39,23131.1,23126.55,450,23131.1,75,0,6060000
NIFTY-II.NFO,27/01/2025,09:38:41,23131.1,23127.3,75,23131.1,75,0,6060000
NIFTY-II.NFO,27/01/2025,09:38:43,23132.9,23127.5,150,23132.85,225,1950,6060000
NIFTY-II.NFO,27/01/2025,09:38:44,23127.5,23130.3,150,23132.85,75,675,6060000
NIFTY-II.NFO,27/01/2025,09:38:46,23132.45,23131.55,150,23134.95,75,300,6060000
NIFTY-II.NFO,27/01/2025,09:38:48,23134.85,23133.6,75,23134.95,75,150,6060000
NIFTY-II.NFO,27/01/2025,09:38:49,23135,23133.9,225,23135.1,75,675,6060000
NIFTY-II.NFO,27/01/2025,09:38:51,23136.7,23131.1,225,23136.65,150,225,6060000
NIFTY-II.NFO,27/01/2025,09:38:53,23133.3,23130,375,23133.3,75,150,6060000
NIFTY-II.NFO,27/01/2025,09:38:54,23129.95,23127.5,150,23130,600,450,6060000
NIFTY-II.NFO,27/01/2025,09:38:56,23125.35,23125.35,150,23129.3,225,225,6060000
NIFTY-II.NFO,27/01/2025,09:38:58,23125.35,23125.35,150,23129.3,75,0,6060000
NIFTY-II.NFO,27/01/2025,09:38:59,23125.35,23125.35,675,23129.7,75,75,6060000
NIFTY-II.NFO,27/01/2025,09:39:01,23126.05,23125.35,150,23129.7,75,75,6060000
NIFTY-II.NFO,27/01/2025,09:39:03,23130,23125.95,225,23130,525,225,6060000
NIFTY-II.NFO,27/01/2025,09:39:04,23127.3,23127.8,300,23130,525,225,6060000
NIFTY-II.NFO,27/01/2025,09:39:06,23125.35,23125.35,225,23130,600,975,6060000
NIFTY-II.NFO,27/01/2025,09:39:08,23130,23128.65,825,23132.75,75,1125,6060000
NIFTY-II.NFO,27/01/2025,09:39:09,23134,23127.1,675,23130,75,150,6060000
NIFTY-II.NFO,27/01/2025,09:39:11,23130,23128.45,150,23134,1425,1200,6060000
NIFTY-II.NFO,27/01/2025,09:39:13,23134,23128.3,375,23134,75,1800,6060000
NIFTY-II.NFO,27/01/2025,09:39:14,23128.3,23128.9,150,23134.8,75,375,6060000
NIFTY-II.NFO,27/01/2025,09:39:16,23130.4,23132,75,23137.25,225,150,6060000
NIFTY-II.NFO,27/01/2025,09:39:18,23137.1,23130.05,225,23135.15,225,150,6060000
NIFTY-II.NFO,27/01/2025,09:39:19,23135.15,23135.6,225,23137.45,75,150,6060000
NIFTY-II.NFO,27/01/2025,09:39:21,23144.45,23138.3,225,23144.3,600,1350,6060000
NIFTY-II.NFO,27/01/2025,09:39:23,23135.35,23135,375,23138.3,75,600,6060000
NIFTY-II.NFO,27/01/2025,09:39:24,23135,23134,225,23139.3,825,375,6060000
NIFTY-II.NFO,27/01/2025,09:39:26,23135,23135,75,23139.25,1350,300,6060000
NIFTY-II.NFO,27/01/2025,09:39:28,23131.7,23131.3,750,23136.2,150,525,6060000
NIFTY-II.NFO,27/01/2025,09:39:29,23130,23132.2,525,23136.2,150,150,6060000
NIFTY-II.NFO,27/01/2025,09:39:31,23136.2,23134.5,450,23141.2,600,375,6060000
NIFTY-II.NFO,27/01/2025,09:39:33,23140.3,23133.15,75,23140.2,600,225,6060000
NIFTY-II.NFO,27/01/2025,09:39:34,23133.15,23131.75,150,23137.3,675,75,6060000
NIFTY-II.NFO,27/01/2025,09:39:36,23133.15,23130,75,23134.5,600,0,6060000
NIFTY-II.NFO,27/01/2025,09:39:38,23135.35,23130.4,75,23136.35,600,225,6060000
NIFTY-II.NFO,27/01/2025,09:39:39,23135.35,23131.05,150,23135,150,0,6060000
NIFTY-II.NFO,27/01/2025,09:39:41,23136.15,23133.3,150,23136.2,75,225,6060000
NIFTY-II.NFO,27/01/2025,09:39:43,23136.15,23131.45,150,23136.2,150,0,6060000
NIFTY-II.NFO,27/01/2025,09:39:44,23132.1,23132.15,75,23136.2,150,150,6060000
NIFTY-II.NFO,27/01/2025,09:39:46,23136.2,23135.15,150,23136.2,75,150,6060000
NIFTY-II.NFO,27/01/2025,09:39:48,23136.2,23134,150,23138.15,150,0,6060000
NIFTY-II.NFO,27/01/2025,09:39:50,23136.2,23136.4,75,23138.15,150,0,6060000
NIFTY-II.NFO,27/01/2025,09:39:51,23136.2,23136.25,75,23138.15,75,0,6060000
NIFTY-II.NFO,27/01/2025,09:39:53,23136.2,23135.85,75,23138.3,150,300,6060000
NIFTY-II.NFO,27/01/2025,09:39:55,23135.9,23136,75,23136.2,75,75,6060000
NIFTY-II.NFO,27/01/2025,09:39:56,23136.2,23135.9,75,23138.7,900,150,6060000
NIFTY-II.NFO,27/01/2025,09:39:58,23135.85,23135,150,23137.7,900,150,6060000
NIFTY-II.NFO,27/01/2025,09:40:00,23137.7,23135,75,23138.65,75,150,6088875
NIFTY-II.NFO,27/01/2025,09:40:01,23137.05,23137.3,150,23139.95,75,75,6088875
NIFTY-II.NFO,27/01/2025,09:40:03,23139.2,23139.25,450,23143.2,75,750,6088875
NIFTY-II.NFO,27/01/2025,09:40:05,23136.6,23136.35,300,23141.7,900,225,6088875
NIFTY-II.NFO,27/01/2025,09:40:06,23139.2,23135.85,600,23136.35,75,150,6088875
NIFTY-II.NFO,27/01/2025,09:40:08,23138.25,23135.85,600,23137.55,825,75,6088875
NIFTY-II.NFO,27/01/2025,09:40:10,23135.85,23135,225,23135.05,150,900,6088875
NIFTY-II.NFO,27/01/2025,09:40:11,23133.55,23131.65,75,23135,225,375,6088875
NIFTY-II.NFO,27/01/2025,09:40:13,23132.05,23133.15,300,23135.05,75,450,6088875
NIFTY-II.NFO,27/01/2025,09:40:15,23134.6,23133.7,75,23136.55,600,150,6088875
NIFTY-II.NFO,27/01/2025,09:40:16,23133.15,23133.2,150,23133.7,75,225,6088875
NIFTY-II.NFO,27/01/2025,09:40:18,23133.2,23133.55,150,23134.55,75,75,6088875
NIFTY-II.NFO,27/01/2025,09:40:20,23134.55,23136.65,75,23139.7,75,75,6088875
NIFTY-II.NFO,27/01/2025,09:40:21,23137.1,23133.25,75,23136.1,825,525,6088875
NIFTY-II.NFO,27/01/2025,09:40:23,23136.1,23133.15,225,23137.6,750,600,6088875
NIFTY-II.NFO,27/01/2025,09:40:25,23133.15,23133.15,150,23136.55,75,150,6088875
NIFTY-II.NFO,27/01/2025,09:40:26,23133.15,23133.15,150,23135.85,225,0,6088875
NIFTY-II.NFO,27/01/2025,09:40:28,23128.75,23129.9,375,23135.1,750,600,6088875
NIFTY-II.NFO,27/01/2025,09:40:30,23133.1,23128.75,375,23129.9,150,150,6088875
NIFTY-II.NFO,27/01/2025,09:40:31,23129.9,23131.7,150,23134.6,75,150,6088875
NIFTY-II.NFO,27/01/2025,09:40:33,23132.95,23129.4,75,23134.1,600,75,6088875
NIFTY-II.NFO,27/01/2025,09:40:35,23135.1,23130.65,150,23136.1,525,75,6088875
NIFTY-II.NFO,27/01/2025,09:40:36,23135.1,23131.4,150,23131.6,525,0,6088875
NIFTY-II.NFO,27/01/2025,09:40:38,23131.4,23128.3,75,23131.1,300,225,6088875
NIFTY-II.NFO,27/01/2025,09:40:40,23131.4,23128.3,75,23131.1,300,0,6088875
NIFTY-II.NFO,27/01/2025,09:40:41,23128.3,23128,75,23130.6,300,75,6088875
NIFTY-II.NFO,27/01/2025,09:40:43,23128,23126.4,75,23130.1,300,75,6088875
NIFTY-II.NFO,27/01/2025,09:40:45,23128,23128.3,150,23133.6,300,0,6088875
NIFTY-II.NFO,27/01/2025,09:40:46,23128,23128.95,375,23133.6,300,0,6088875
NIFTY-II.NFO,27/01/2025,09:40:48,23129,23128.5,825,23134.1,300,75,6088875
NIFTY-II.NFO,27/01/2025,09:40:50,23128.6,23125.8,75,23129.6,150,150,6088875
NIFTY-II.NFO,27/01/2025,09:40:51,23129.6,23125,825,23128.6,675,375,6088875
NIFTY-II.NFO,27/01/2025,09:40:53,23131.1,23125,825,23128.1,900,750,6088875
NIFTY-II.NFO,27/01/2025,09:40:55,23125,23123.5,150,23125.1,75,825,6088875
NIFTY-II.NFO,27/01/2025,09:40:56,23129.6,23124.4,150,23130.95,675,75,6088875
NIFTY-II.NFO,27/01/2025,09:40:58,23129.6,23123.5,150,23129.2,75,0,6088875
NIFTY-II.NFO,27/01/2025,09:41:00,23129.6,23125.65,75,23131.45,225,0,6088875
NIFTY-II.NFO,27/01/2025,09:41:01,23131.4,23130.1,225,23134.6,600,300,6088875
NIFTY-II.NFO,27/01/2025,09:41:03,23131.6,23130,2475,23135.15,900,75,6088875
NIFTY-II.NFO,27/01/2025,09:41:05,23134.65,23131.2,150,23135.35,75,75,6088875
NIFTY-II.NFO,27/01/2025,09:41:06,23134.65,23130,2475,23134.1,150,0,6088875
NIFTY-II.NFO,27/01/2025,09:41:08,23130,23130,1650,23130.65,900,825,6088875
NIFTY-II.NFO,27/01/2025,09:41:10,23130,23130,1650,23131.15,900,0,6088875
NIFTY-II.NFO,27/01/2025,09:41:11,23129.6,23125.3,150,23128.65,900,1950,6088875
NIFTY-II.NFO,27/01/2025,09:41:13,23129.6,23125.3,150,23128.65,900,0,6088875
NIFTY-II.NFO,27/01/2025,09:41:15,23125.3,23125.75,675,23131.15,900,75,6088875
NIFTY-II.NFO,27/01/2025,09:41:16,23125.3,23125.3,75,23127.65,900,0,6088875
NIFTY-II.NFO,27/01/2025,09:41:18,23127.1,23123.5,150,23127.65,900,150,6088875
NIFTY-II.NFO,27/01/2025,09:41:20,23123.5,23123.5,75,23125.65,900,75,6088875
NIFTY-II.NFO,27/01/2025,09:41:21,23123.5,23123.5,75,23125.65,75,0,6088875
NIFTY-II.NFO,27/01/2025,09:41:23,23124.6,23123.5,75,23128.15,900,75,6088875
NIFTY-II.NFO,27/01/2025,09:41:24,23124.6,23123.5,75,23127.15,900,0,6088875
NIFTY-II.NFO,27/01/2025,09:41:28,23124.6,23124,375,23127.15,900,0,6088875
NIFTY-II.NFO,27/01/2025,09:41:29,23120,23120.55,75,23126.65,900,8175,6088875
NIFTY-II.NFO,27/01/2025,09:41:31,23120.3,23121.8,150,23125,75,300,6088875
NIFTY-II.NFO,27/01/2025,09:41:33,23125,23124.8,75,23129,75,75,6088875
NIFTY-II.NFO,27/01/2025,09:41:34,23125,23124.2,75,23129,75,0,6088875
NIFTY-II.NFO,27/01/2025,09:41:36,23125.6,23125.5,150,23129,75,150,6088875
NIFTY-II.NFO,27/01/2025,09:41:38,23125.6,23124.3,150,23129,75,0,6088875
NIFTY-II.NFO,27/01/2025,09:41:39,23125.6,23127.1,150,23129,75,0,6088875
NIFTY-II.NFO,27/01/2025,09:41:41,23129,23129,150,23130.1,150,75,6088875
NIFTY-II.NFO,27/01/2025,09:41:43,23129,23123.3,150,23128,75,150,6088875
NIFTY-II.NFO,27/01/2025,09:41:44,23129,23125.25,75,23128,75,0,6088875
NIFTY-II.NFO,27/01/2025,09:41:46,23124.7,23125.3,75,23128,75,75,6088875
NIFTY-II.NFO,27/01/2025,09:41:48,23125,23123.3,150,23127.6,150,75,6088875
NIFTY-II.NFO,27/01/2025,09:41:49,23122.45,23122.85,150,23125.85,75,75,6088875
NIFTY-II.NFO,27/01/2025,09:41:51,23122.45,23120,150,23123.15,900,0,6088875
NIFTY-II.NFO,27/01/2025,09:41:53,23118.35,23116.6,150,23120.65,900,225,6088875
NIFTY-II.NFO,27/01/2025,09:41:54,23117.65,23115,75,23118.15,600,300,6088875
NIFTY-II.NFO,27/01/2025,09:41:56,23115,23115.65,75,23118.6,600,150,6088875
NIFTY-II.NFO,27/01/2025,09:41:58,23115.65,23111.55,150,23116.15,600,75,6088875
NIFTY-II.NFO,27/01/2025,09:42:00,23111.55,23111,750,23114.15,225,600,6088875
NIFTY-II.NFO,27/01/2025,09:42:01,23111,23106.7,75,23110.4,75,900,6088875
NIFTY-II.NFO,27/01/2025,09:42:03,23108,23108.3,75,23111.6,75,225,6088875
NIFTY-II.NFO,27/01/2025,09:42:05,23108,23110.85,150,23115,150,0,6088875
NIFTY-II.NFO,27/01/2025,09:42:06,23119.3,23112.25,375,23119,825,525,6088875
NIFTY-II.NFO,27/01/2025,09:42:08,23112.15,23109.95,150,23114.65,900,75,6088875
NIFTY-II.NFO,27/01/2025,09:42:10,23112.15,23109.95,150,23111,75,0,6088875
NIFTY-II.NFO,27/01/2025,09:42:11,23115.65,23108.3,75,23112.65,825,150,6088875
NIFTY-II.NFO,27/01/2025,09:42:13,23105,23103.7,75,23108.65,825,825,6088875
NIFTY-II.NFO,27/01/2025,09:42:15,23105,23104,450,23109.95,225,0,6088875
NIFTY-II.NFO,27/01/2025,09:42:16,23105,23108,75,23111.15,825,0,6088875
NIFTY-II.NFO,27/01/2025,09:42:18,23108,23103.3,225,23107.65,750,150,6088875
NIFTY-II.NFO,27/01/2025,09:42:20,23108.15,23103.4,225,23108.15,675,75,6088875
NIFTY-II.NFO,27/01/2025,09:42:21,23101.05,23101.05,225,23105.65,675,375,6088875
NIFTY-II.NFO,27/01/2025,09:42:23,23101.05,23101.05,225,23105,75,0,6088875
NIFTY-II.NFO,27/01/2025,09:42:25,23101,23101,225,23105,75,150,6088875
NIFTY-II.NFO,27/01/2025,09:42:26,23101,23101.7,150,23106.65,675,150,6088875
NIFTY-II.NFO,27/01/2025,09:42:28,23105.4,23105.6,75,23111.6,600,375,6088875
NIFTY-II.NFO,27/01/2025,09:42:30,23104,23103.6,75,23110.15,675,75,6088875
NIFTY-II.NFO,27/01/2025,09:42:31,23103.35,23105.05,75,23111.65,675,75,6088875
NIFTY-II.NFO,27/01/2025,09:42:33,23105.15,23104.35,75,23109.65,675,75,6088875
NIFTY-II.NFO,27/01/2025,09:42:35,23105,23105.55,75,23109.65,675,75,6088875
NIFTY-II.NFO,27/01/2025,09:42:36,23105.4,23104.35,75,23106.65,675,75,6088875
NIFTY-II.NFO,27/01/2025,09:42:38,23105.4,23104.35,75,23106.65,675,0,6088875
NIFTY-II.NFO,27/01/2025,09:42:40,23104.25,23104.25,75,23107.65,675,150,6088875
NIFTY-II.NFO,27/01/2025,09:42:41,23104.25,23104,75,23105.15,675,0,6088875
NIFTY-II.NFO,27/01/2025,09:42:43,23104,23101.05,75,23103.65,525,150,6088875
NIFTY-II.NFO,27/01/2025,09:42:45,23104,23104.25,150,23107.15,525,0,6088875
NIFTY-II.NFO,27/01/2025,09:42:48,23104.25,23104.25,75,23107,75,75,6088875
NIFTY-II.NFO,27/01/2025,09:42:50,23104.25,23104.25,75,23106.65,525,0,6088875
NIFTY-II.NFO,27/01/2025,09:42:51,23101,23100.05,75,23101.15,450,225,6088875
NIFTY-II.NFO,27/01/2025,09:42:53,23099.15,23098,75,23099,75,825,6088875
NIFTY-II.NFO,27/01/2025,09:42:55,23097.05,23098.15,750,23102.35,75,300,6088875
NIFTY-II.NFO,27/01/2025,09:42:56,23099.2,23100,75,23102.15,300,150,6088875
NIFTY-II.NFO,27/01/2025,09:42:58,23100,23099.4,75,23105.15,300,75,6088875
NIFTY-II.NFO,27/01/2025,09:43:00,23103.05,23106.1,75,23108.65,900,900,6109200
NIFTY-II.NFO,27/01/2025,09:43:01,23110,23110.45,225,23114.15,75,225,6109200
NIFTY-II.NFO,27/01/2025,09:43:03,23108.85,23108.5,75,23114.15,900,3075,6109200
NIFTY-II.NFO,27/01/2025,09:43:05,23114.15,23111.6,300,23117.15,750,150,6109200
NIFTY-II.NFO,27/01/2025,09:43:06,23110.6,23110.25,300,23115.65,750,150,6109200
NIFTY-II.NFO,27/01/2025,09:43:08,23114.7,23110.05,150,23115.15,150,1875,6109200
NIFTY-II.NFO,27/01/2025,09:43:10,23114.7,23111,75,23116.9,150,0,6109200
NIFTY-II.NFO,27/01/2025,09:43:11,23111.45,23111.05,675,23117.05,225,1350,6109200
NIFTY-II.NFO,27/01/2025,09:43:13,23117.05,23113.1,675,23119.95,150,75,6109200
NIFTY-II.NFO,27/01/2025,09:43:15,23117.05,23116.95,75,23120,150,0,6109200
NIFTY-II.NFO,27/01/2025,09:43:16,23120,23119.2,75,23123,75,150,6109200
NIFTY-II.NFO,27/01/2025,09:43:18,23122.95,23119.25,75,23124.1,150,150,6109200
NIFTY-II.NFO,27/01/2025,09:43:20,23124.7,23117.35,75,23124.15,225,150,6109200
NIFTY-II.NFO,27/01/2025,09:43:21,23117.85,23120.9,150,23124.9,75,75,6109200
NIFTY-II.NFO,27/01/2025,09:43:23,23117.85,23120.1,150,23124.9,75,0,6109200
NIFTY-II.NFO,27/01/2025,09:43:25,23124.1,23121.1,150,23125,150,225,6109200
NIFTY-II.NFO,27/01/2025,09:43:26,23124.1,23120.1,75,23123.5,75,0,6109200
NIFTY-II.NFO,27/01/2025,09:43:30,23123.5,23121,750,23123.55,75,75,6109200
NIFTY-II.NFO,27/01/2025,09:43:31,23125.35,23123.8,150,23127.95,75,300,6109200
NIFTY-II.NFO,27/01/2025,09:43:33,23123.6,23123.1,150,23124,75,75,6109200
NIFTY-II.NFO,27/01/2025,09:43:35,23123.6,23123.7,75,23124,75,0,6109200
NIFTY-II.NFO,27/01/2025,09:43:36,23124,23125.6,150,23129.45,75,75,6109200
NIFTY-II.NFO,27/01/2025,09:43:38,23126,23125.35,75,23130,900,300,6109200
NIFTY-II.NFO,27/01/2025,09:43:40,23126,23127.15,75,23130,900,0,6109200
NIFTY-II.NFO,27/01/2025,09:43:41,23126.5,23126.3,75,23129,75,75,6109200
NIFTY-II.NFO,27/01/2025,09:43:43,23126.25,23125.55,150,23129,75,75,6109200
NIFTY-II.NFO,27/01/2025,09:43:45,23130,23129.5,675,23135.7,225,975,6109200
NIFTY-II.NFO,27/01/2025,09:43:46,23133.05,23134.65,300,23138.25,75,300,6109200
NIFTY-II.NFO,27/01/2025,09:43:48,23139.95,23136.25,225,23139.95,150,525,6109200
NIFTY-II.NFO,27/01/2025,09:43:50,23139,23135.05,450,23140,75,75,6109200
NIFTY-II.NFO,27/01/2025,09:43:51,23141,23140,150,23144,150,225,6109200
NIFTY-II.NFO,27/01/2025,09:43:53,23141,23137.6,75,23143.95,225,0,6109200
NIFTY-II.NFO,27/01/2025,09:43:55,23142.9,23137.6,75,23143.85,150,300,6109200
NIFTY-II.NFO,27/01/2025,09:43:56,23143.95,23139.9,75,23144,150,150,6109200
NIFTY-II.NFO,27/01/2025,09:43:58,23143.95,23139,75,23143.9,150,0,6109200
NIFTY-II.NFO,27/01/2025,09:44:00,23141.35,23141.7,600,23144,150,75,6109200
NIFTY-II.NFO,27/01/2025,09:44:01,23141.05,23140,1200,23143.95,150,75,6109200
NIFTY-II.NFO,27/01/2025,09:44:03,23140,23140,1125,23143.7,900,75,6109200
NIFTY-II.NFO,27/01/2025,09:44:05,23140,23136.65,75,23140.2,900,2325,6109200
NIFTY-II.NFO,27/01/2025,09:44:06,23140,23137.25,75,23141.95,75,0,6109200
NIFTY-II.NFO,27/01/2025,09:44:08,23140,23136.65,75,23139.95,225,75,6109200
NIFTY-II.NFO,27/01/2025,09:44:10,23136.65,23135.3,150,23138.05,75,75,6109200
NIFTY-II.NFO,27/01/2025,09:44:11,23136.65,23134.05,150,23137.95,75,0,6109200
NIFTY-II.NFO,27/01/2025,09:44:13,23136.65,23132.45,150,23135.95,75,0,6109200
NIFTY-II.NFO,27/01/2025,09:44:15,23133.9,23133.7,75,23139.2,900,450,6109200
NIFTY-II.NFO,27/01/2025,09:44:16,23133.9,23137.8,150,23139.9,75,0,6109200
NIFTY-II.NFO,27/01/2025,09:44:18,23137.65,23137.5,150,23140,225,375,6109200
NIFTY-II.NFO,27/01/2025,09:44:20,23140,23138.15,150,23140,75,150,6109200
NIFTY-II.NFO,27/01/2025,09:44:21,23140,23138.6,600,23139.95,75,0,6109200
NIFTY-II.NFO,27/01/2025,09:44:23,23141,23139.3,225,23144,150,600,6109200
NIFTY-II.NFO,27/01/2025,09:44:25,23143.05,23137.9,225,23141.7,900,75,6109200
NIFTY-II.NFO,27/01/2025,09:44:26,23140,23136.1,75,23140,225,450,6109200
NIFTY-II.NFO,27/01/2025,09:44:28,23139.65,23134.95,75,23139.7,900,525,6109200
NIFTY-II.NFO,27/01/2025,09:44:30,23139.65,23137.75,75,23139.85,75,0,6109200
NIFTY-II.NFO,27/01/2025,09:44:31,23139.65,23134.85,75,23138.65,225,0,6109200
NIFTY-II.NFO,27/01/2025,09:44:33,23136.7,23135.8,375,23140,300,75,6109200
NIFTY-II.NFO,27/01/2025,09:44:35,23140,23134.85,75,23139.95,225,225,6109200
NIFTY-II.NFO,27/01/2025,09:44:36,23139.95,23135.65,75,23140,300,225,6109200
NIFTY-II.NFO,27/01/2025,09:44:38,23139.95,23135.5,75,23139.7,900,0,6109200
NIFTY-II.NFO,27/01/2025,09:44:40,23140,23140,3975,23140.05,150,525,6109200
NIFTY-II.NFO,27/01/2025,09:44:41,23140.05,23140,3975,23143.95,75,75,6109200
NIFTY-II.NFO,27/01/2025,09:44:43,23143.7,23140,3975,23143.95,75,450,6109200
NIFTY-II.NFO,27/01/2025,09:44:45,23143.7,23140,3975,23140.05,150,0,6109200
NIFTY-II.NFO,27/01/2025,09:44:46,23140.05,23140,4050,23142.2,450,150,6109200
NIFTY-II.NFO,27/01/2025,09:44:48,23139.95,23135,3600,23138.65,150,4125,6109200
NIFTY-II.NFO,27/01/2025,09:44:50,23138.65,23135.05,150,23140.7,450,150,6109200
NIFTY-II.NFO,27/01/2025,09:44:51,23138.65,23135.05,150,23139.7,450,0,6109200
NIFTY-II.NFO,27/01/2025,09:44:53,23139.55,23135.05,150,23136.7,450,75,6109200
NIFTY-II.NFO,27/01/2025,09:44:55,23135,23130.3,600,23135.15,150,3750,6109200
NIFTY-II.NFO,27/01/2025,09:44:56,23131.25,23130,75,23131.15,300,225,6109200
NIFTY-II.NFO,27/01/2025,09:44:58,23124.15,23122.75,450,23127.7,150,225,6109200
NIFTY-II.NFO,27/01/2025,09:45:00,23125.1,23126.45,225,23130,75,675,6109200
NIFTY-II.NFO,27/01/2025,09:45:01,23124.45,23123.85,225,23127.2,300,225,6109200
NIFTY-II.NFO,27/01/2025,09:45:03,23124.45,23125.25,525,23130,75,0,6109200
NIFTY-II.NFO,27/01/2025,09:45:05,23130,23125,375,23130.2,300,75,6109200
NIFTY-II.NFO,27/01/2025,09:45:06,23128.15,23124.45,75,23127.7,300,75,6109200
NIFTY-II.NFO,27/01/2025,09:45:08,23128.9,23124.45,75,23127.9,300,600,6109200
NIFTY-II.NFO,27/01/2025,09:45:10,23127.8,23124.45,75,23125.75,900,75,6109200
NIFTY-II.NFO,27/01/2025,09:45:11,23124,23122,75,23124.2,225,150,6109200
NIFTY-II.NFO,27/01/2025,09:45:13,23122,23120.15,75,23121.85,225,75,6109200
NIFTY-II.NFO,27/01/2025,09:45:15,23125.55,23126,2550,23126.95,75,525,6109200
NIFTY-II.NFO,27/01/2025,09:45:16,23126.75,23126.05,75,23126.75,825,375,6109200
NIFTY-II.NFO,27/01/2025,09:45:18,23122.5,23123.15,75,23125.75,675,2700,6109200
NIFTY-II.NFO,27/01/2025,09:45:20,23125.95,23126.3,225,23129.45,225,150,6109200
NIFTY-II.NFO,27/01/2025,09:45:21,23129.25,23126.3,225,23128.25,300,375,6109200
NIFTY-II.NFO,27/01/2025,09:45:23,23129.25,23126.3,225,23127.75,300,0,6109200
NIFTY-II.NFO,27/01/2025,09:45:25,23129.25,23124.4,150,23130.2,75,225,6109200
NIFTY-II.NFO,27/01/2025,09:45:26,23130.1,23125.1,75,23129.95,150,3075,6109200
NIFTY-II.NFO,27/01/2025,09:45:28,23132.3,23130.3,300,23131.8,225,525,6109200
NIFTY-II.NFO,27/01/2025,09:45:30,23130.15,23128.15,675,23130.15,75,525,6109200
NIFTY-II.NFO,27/01/2025,09:45:31,23130.15,23126.55,225,23130.15,75,0,6109200
NIFTY-II.NFO,27/01/2025,09:45:33,23130.15,23126.5,75,23131.7,225,75,6109200
NIFTY-II.NFO,27/01/2025,09:45:35,23130.15,23126.5,75,23130.15,75,0,6109200
NIFTY-II.NFO,27/01/2025,09:45:36,23130.15,23126.5,75,23130.75,225,75,6109200
NIFTY-II.NFO,27/01/2025,09:45:38,23130.15,23126.5,75,23130.8,225,0,6109200
NIFTY-II.NFO,27/01/2025,09:45:40,23127.3,23125,75,23125.75,150,150,6109200
NIFTY-II.NFO,27/01/2025,09:45:41,23120,23120,150,23124.75,150,225,6109200
NIFTY-II.NFO,27/01/2025,09:45:43,23123.15,23120,150,23123.15,75,75,6109200
NIFTY-II.NFO,27/01/2025,09:45:45,23123.15,23120,225,23120.75,75,0,6109200
NIFTY-II.NFO,27/01/2025,09:45:46,23114.7,23110.05,75,23114.65,225,750,6109200
NIFTY-II.NFO,27/01/2025,09:45:48,23113.75,23110.05,75,23114.7,75,75,6109200
NIFTY-II.NFO,27/01/2025,09:45:50,23113.8,23108.5,225,23114.7,75,225,6109200
NIFTY-II.NFO,27/01/2025,09:45:51,23109.6,23107.9,975,23114.8,525,75,6109200
NIFTY-II.NFO,27/01/2025,09:45:53,23109.05,23110.05,75,23113.95,75,75,6109200
NIFTY-II.NFO,27/01/2025,09:45:55,23110.05,23104.95,225,23110.2,225,75,6109200
NIFTY-II.NFO,27/01/2025,09:45:56,23109.25,23105,75,23108.25,150,75,6109200
NIFTY-II.NFO,27/01/2025,09:45:58,23109.25,23105,75,23107.25,150,0,6109200
NIFTY-II.NFO,27/01/2025,09:46:00,23109.25,23105.7,75,23107.1,150,0,6109200
NIFTY-II.NFO,27/01/2025,09:46:01,23102.1,23102,75,23103.1,75,375,6134400
NIFTY-II.NFO,27/01/2025,09:46:03,23108.3,23102.4,750,23107.25,150,75,6134400
NIFTY-II.NFO,27/01/2025,09:46:05,23108.3,23103.75,750,23107.25,150,0,6134400
NIFTY-II.NFO,27/01/2025,09:46:06,23108.3,23105.65,675,23107.25,150,0,6134400
NIFTY-II.NFO,27/01/2025,09:46:08,23108.25,23106.1,600,23110,75,225,6134400
NIFTY-II.NFO,27/01/2025,09:46:10,23114.25,23108.95,600,23115.25,225,300,6134400
NIFTY-II.NFO,27/01/2025,09:46:11,23114.25,23105.95,75,23111.3,375,0,6134400
NIFTY-II.NFO,27/01/2025,09:46:13,23111.3,23106.85,375,23112.3,300,75,6134400
NIFTY-II.NFO,27/01/2025,09:46:15,23111.3,23108.2,150,23114.3,300,0,6134400
NIFTY-II.NFO,27/01/2025,09:46:16,23107.55,23107,75,23111.8,300,75,6134400
NIFTY-II.NFO,27/01/2025,09:46:18,23107.55,23107,75,23110.3,300,0,6134400
NIFTY-II.NFO,27/01/2025,09:46:20,23107.55,23107,75,23111.8,300,0,6134400
NIFTY-II.NFO,27/01/2025,09:46:21,23114.95,23107.1,225,23112.35,75,2475,6134400
NIFTY-II.NFO,27/01/2025,09:46:23,23107.6,23107.05,75,23112.8,375,75,6134400
NIFTY-II.NFO,27/01/2025,09:46:25,23107.05,23107.55,75,23112.4,75,75,6134400
NIFTY-II.NFO,27/01/2025,09:46:26,23107.05,23107.55,75,23112.75,75,0,6134400
NIFTY-II.NFO,27/01/2025,09:46:28,23107.05,23107.55,75,23113.9,75,0,6134400
NIFTY-II.NFO,27/01/2025,09:46:30,23109.85,23107,75,23109.85,825,150,6134400
NIFTY-II.NFO,27/01/2025,09:46:31,23109.85,23107,75,23107.95,75,0,6134400
NIFTY-II.NFO,27/01/2025,09:46:33,23109.85,23107,75,23109.3,75,0,6134400
NIFTY-II.NFO,27/01/2025,09:46:35,23107,23105.05,75,23106.25,75,375,6134400
NIFTY-II.NFO,27/01/2025,09:46:36,23107,23106,225,23110.85,825,0,6134400
NIFTY-II.NFO,27/01/2025,09:46:38,23105,23104,75,23105.85,825,375,6134400
NIFTY-II.NFO,27/01/2025,09:46:40,23104,23102.75,150,23104,75,150,6134400
NIFTY-II.NFO,27/01/2025,09:46:41,23104,23102.75,150,23106.85,75,75,6134400
NIFTY-II.NFO,27/01/2025,09:46:43,23106.85,23102.75,150,23105.35,825,75,6134400
NIFTY-II.NFO,27/01/2025,09:46:45,23106.85,23105,150,23107.95,75,0,6134400
NIFTY-II.NFO,27/01/2025,09:46:46,23105,23103,825,23109.85,825,150,6134400
NIFTY-II.NFO,27/01/2025,09:46:48,23110.35,23103.45,675,23110.35,750,75,6134400
NIFTY-II.NFO,27/01/2025,09:46:50,23110.35,23104.3,675,23110,75,0,6134400
NIFTY-II.NFO,27/01/2025,09:46:51,23110.35,23103.75,675,23110,75,0,6134400
NIFTY-II.NFO,27/01/2025,09:46:53,23110.35,23105.55,675,23110,75,0,6134400
NIFTY-II.NFO,27/01/2025,09:46:55,23110.35,23106.65,600,23110,75,0,6134400
NIFTY-II.NFO,27/01/2025,09:46:56,23110.35,23106,75,23110,75,0,6134400
NIFTY-II.NFO,27/01/2025,09:46:58,23110.35,23106,75,23110,150,0,6134400
NIFTY-II.NFO,27/01/2025,09:47:00,23106.65,23110.95,600,23111.25,75,675,6134400
NIFTY-II.NFO,27/01/2025,09:47:01,23111.25,23111.7,525,23115,150,375,6134400
NIFTY-II.NFO,27/01/2025,09:47:03,23111.25,23110.85,525,23113,75,0,6134400
NIFTY-II.NFO,27/01/2025,09:47:05,23111.25,23109.45,525,23112,75,0,6134400
NIFTY-II.NFO,27/01/2025,09:47:06,23112.85,23111,300,23114.45,225,75,6134400
NIFTY-II.NFO,27/01/2025,09:47:08,23111,23107,75,23110.6,75,300,6134400
NIFTY-II.NFO,27/01/2025,09:47:10,23105.8,23106.6,375,23112.85,750,1800,6134400
NIFTY-II.NFO,27/01/2025,09:47:11,23115,23109.75,600,23116.2,150,150,6134400
NIFTY-II.NFO,27/01/2025,09:47:13,23115,23111.25,150,23115,75,0,6134400
NIFTY-II.NFO,27/01/2025,09:47:15,23115,23116.45,150,23119.95,75,0,6134400
NIFTY-II.NFO,27/01/2025,09:47:16,23115,23116.2,225,23119.95,75,0,6134400
NIFTY-II.NFO,27/01/2025,09:47:18,23120,23119.1,150,23124.65,225,150,6134400
NIFTY-II.NFO,27/01/2025,09:47:20,23120,23117.45,225,23121,75,0,6134400
NIFTY-II.NFO,27/01/2025,09:47:21,23120.6,23117.7,225,23122.65,75,225,6134400
NIFTY-II.NFO,27/01/2025,09:47:23,23122.8,23119.2,150,23124.2,225,150,6134400
NIFTY-II.NFO,27/01/2025,09:47:25,23125,23123.95,150,23130,150,150,6134400
NIFTY-II.NFO,27/01/2025,09:47:26,23125,23123.25,225,23128.9,600,0,6134400
NIFTY-II.NFO,27/01/2025,09:47:28,23125,23124.05,75,23129.95,75,0,6134400
NIFTY-II.NFO,27/01/2025,09:47:30,23125,23123.25,225,23129.6,675,0,6134400
NIFTY-II.NFO,27/01/2025,09:47:31,23125,23127.25,150,23130,150,0,6134400
NIFTY-II.NFO,27/01/2025,09:47:33,23130,23130.45,75,23133.3,225,150,6134400
NIFTY-II.NFO,27/01/2025,09:47:35,23130.45,23127.65,225,23130.6,75,225,6134400
NIFTY-II.NFO,27/01/2025,09:47:36,23130.1,23125.15,75,23130.45,75,150,6134400
NIFTY-II.NFO,27/01/2025,09:47:38,23133.05,23128.15,150,23131,150,300,6134400
NIFTY-II.NFO,27/01/2025,09:47:40,23128.15,23126.8,75,23133.8,600,375,6134400
NIFTY-II.NFO,27/01/2025,09:47:41,23126.8,23126.55,75,23132.8,675,75,6134400
NIFTY-II.NFO,27/01/2025,09:47:43,23126.8,23129,75,23132.15,675,0,6134400
NIFTY-II.NFO,27/01/2025,09:47:45,23129,23127.2,375,23129,75,300,6134400
NIFTY-II.NFO,27/01/2025,09:47:46,23129,23128.7,375,23135.55,675,75,6134400
NIFTY-II.NFO,27/01/2025,09:47:48,23129,23129.6,375,23136.8,675,0,6134400
NIFTY-II.NFO,27/01/2025,09:47:50,23136.3,23128.2,75,23135.05,600,675,6134400
NIFTY-II.NFO,27/01/2025,09:47:51,23136.3,23127,75,23128.15,75,0,6134400
NIFTY-II.NFO,27/01/2025,09:47:53,23127,23125,150,23126.95,75,225,6134400
NIFTY-II.NFO,27/01/2025,09:47:55,23127,23126.95,75,23134.05,675,225,6134400
NIFTY-II.NFO,27/01/2025,09:47:56,23126.2,23126.7,75,23133.1,675,1800,6134400
NIFTY-II.NFO,27/01/2025,09:47:58,23133.15,23127.1,150,23133.15,75,225,6134400
NIFTY-II.NFO,27/01/2025,09:48:00,23133.15,23129.4,150,23135,225,0,6134400
NIFTY-II.NFO,27/01/2025,09:48:01,23133.15,23130.4,150,23135,225,0,6134400
NIFTY-II.NFO,27/01/2025,09:48:03,23133.15,23130,2475,23134.7,600,0,6134400
NIFTY-II.NFO,27/01/2025,09:48:05,23134.7,23130,2475,23135,300,75,6134400
NIFTY-II.NFO,27/01/2025,09:48:06,23135,23130,2475,23135,225,150,6134400
NIFTY-II.NFO,27/01/2025,09:48:08,23135.95,23131.5,375,23136.5,75,300,6134400
NIFTY-II.NFO,27/01/2025,09:48:10,23135.95,23130,2550,23132.75,75,0,6134400
NIFTY-II.NFO,27/01/2025,09:48:11,23130,23130,2400,23132.05,600,150,6134400
NIFTY-II.NFO,27/01/2025,09:48:13,23130,23130.05,75,23132.4,75,750,6134400
NIFTY-II.NFO,27/01/2025,09:48:15,23130,23130,1650,23130.05,75,375,6134400
NIFTY-II.NFO,27/01/2025,09:48:16,23125,23125,150,23128,75,1875,6134400
NIFTY-II.NFO,27/01/2025,09:48:18,23127.95,23128.4,75,23133.15,600,75,6134400
NIFTY-II.NFO,27/01/2025,09:48:20,23132.3,23126.15,75,23128.75,75,75,6134400
NIFTY-II.NFO,27/01/2025,09:48:21,23132.3,23126.15,75,23131.8,675,0,6134400
NIFTY-II.NFO,27/01/2025,09:48:23,23125,23120,75,23122.85,75,225,6134400
NIFTY-II.NFO,27/01/2025,09:48:25,23125,23120,75,23122,75,0,6134400
NIFTY-II.NFO,27/01/2025,09:48:27,23120,23113.65,375,23118.9,75,150,6134400
NIFTY-II.NFO,27/01/2025,09:48:28,23119.35,23113.45,225,23119.1,600,75,6134400
NIFTY-II.NFO,27/01/2025,09:48:30,23117.5,23113.8,75,23118.85,75,75,6134400
NIFTY-II.NFO,27/01/2025,09:48:32,23119.35,23116.1,375,23122.05,600,75,6134400
NIFTY-II.NFO,27/01/2025,09:48:33,23119.35,23115.55,525,23118.2,75,0,6134400
NIFTY-II.NFO,27/01/2025,09:48:35,23119.35,23118.75,375,23121.95,75,0,6134400
NIFTY-II.NFO,27/01/2025,09:48:37,23119.7,23122.2,150,23125.55,75,75,6134400
NIFTY-II.NFO,27/01/2025,09:48:38,23119.7,23119.7,300,23123.2,75,0,6134400
NIFTY-II.NFO,27/01/2025,09:48:40,23119.7,23121.15,375,23127.8,675,0,6134400
NIFTY-II.NFO,27/01/2025,09:48:42,23119.7,23123.05,450,23128.4,75,0,6134400
NIFTY-II.NFO,27/01/2025,09:48:43,23122.4,23122.4,225,23128.7,75,75,6134400
NIFTY-II.NFO,27/01/2025,09:48:45,23122.4,23122.2,375,23128.3,675,0,6134400
NIFTY-II.NFO,27/01/2025,09:48:47,23128.3,23122.2,375,23128.3,675,75,6134400
NIFTY-II.NFO,27/01/2025,09:48:48,23128.3,23122.6,375,23128.65,675,0,6134400
NIFTY-II.NFO,27/01/2025,09:48:52,23127.8,23122.3,375,23128.65,675,300,6134400
NIFTY-II.NFO,27/01/2025,09:48:53,23122.3,23125,75,23127.95,75,150,6134400
NIFTY-II.NFO,27/01/2025,09:48:55,23125,23122.25,600,23125.7,75,75,6134400
NIFTY-II.NFO,27/01/2025,09:48:57,23127.95,23125.7,75,23127.95,75,225,6134400
NIFTY-II.NFO,27/01/2025,09:48:58,23128.3,23128.6,75,23130,150,150,6134400
NIFTY-II.NFO,27/01/2025,09:49:00,23130,23125.7,75,23128.05,75,150,6134400
NIFTY-II.NFO,27/01/2025,09:49:01,23125.7,23119.7,75,23122.55,75,300,6145050
NIFTY-II.NFO,27/01/2025,09:49:03,23119.7,23114.9,225,23117.6,75,150,6145050
NIFTY-II.NFO,27/01/2025,09:49:05,23119.65,23116.25,600,23121.6,225,300,6145050
NIFTY-II.NFO,27/01/2025,09:49:06,23121.85,23116.25,225,23117.75,75,1200,6145050
NIFTY-II.NFO,27/01/2025,09:49:08,23117.75,23117.75,75,23122.85,750,150,6145050
NIFTY-II.NFO,27/01/2025,09:49:10,23117.75,23117.85,225,23123.8,75,0,6145050
NIFTY-II.NFO,27/01/2025,09:49:11,23116.6,23115.65,75,23120.85,450,150,6145050
NIFTY-II.NFO,27/01/2025,09:49:13,23116.6,23115.65,75,23116.9,75,225,6145050
NIFTY-II.NFO,27/01/2025,09:49:15,23115.4,23115,300,23115.4,75,150,6145050
NIFTY-II.NFO,27/01/2025,09:49:16,23117.8,23115.05,375,23119.35,450,375,6145050
NIFTY-II.NFO,27/01/2025,09:49:18,23115,23110.3,75,23115.05,75,300,6145050
NIFTY-II.NFO,27/01/2025,09:49:20,23112.25,23112.45,150,23115.05,75,75,6145050
NIFTY-II.NFO,27/01/2025,09:49:21,23112.25,23113,600,23115.05,75,0,6145050
NIFTY-II.NFO,27/01/2025,09:49:23,23115.05,23113.75,375,23119.35,450,75,6145050
NIFTY-II.NFO,27/01/2025,09:49:25,23117.45,23116.95,600,23122.95,75,75,6145050
NIFTY-II.NFO,27/01/2025,09:49:26,23117,23123.35,75,23127.65,750,3150,6145050
NIFTY-II.NFO,27/01/2025,09:49:28,23123.35,23119,600,23122.2,75,150,6145050
NIFTY-II.NFO,27/01/2025,09:49:30,23123.35,23120.4,600,23122.2,75,0,6145050
NIFTY-II.NFO,27/01/2025,09:49:31,23129.1,23122.85,600,23129.05,750,225,6145050
NIFTY-II.NFO,27/01/2025,09:49:33,23123,23122.7,600,23125.55,75,150,6145050
NIFTY-II.NFO,27/01/2025,09:49:35,23123,23121.9,600,23124.7,75,0,6145050
NIFTY-II.NFO,27/01/2025,09:49:36,23124.7,23125.55,75,23129.55,75,75,6145050
NIFTY-II.NFO,27/01/2025,09:49:38,23125.55,23124.45,225,23129.95,75,75,6145050
NIFTY-II.NFO,27/01/2025,09:49:40,23125.55,23124.7,75,23129.95,75,0,6145050
NIFTY-II.NFO,27/01/2025,09:49:41,23124.7,23123,225,23127.85,450,75,6145050
NIFTY-II.NFO,27/01/2025,09:49:43,23123,23123,150,23128.3,150,150,6145050
NIFTY-II.NFO,27/01/2025,09:49:45,23123,23123,150,23127.85,450,0,6145050
NIFTY-II.NFO,27/01/2025,09:49:46,23129.3,23123.7,600,23129.35,450,75,6145050
NIFTY-II.NFO,27/01/2025,09:49:48,23129.3,23124.9,225,23129.9,75,0,6145050
NIFTY-II.NFO,27/01/2025,09:49:50,23129.9,23124.15,225,23129.85,450,75,6145050
NIFTY-II.NFO,27/01/2025,09:49:51,23129.9,23123.05,225,23125,75,0,6145050
NIFTY-II.NFO,27/01/2025,09:49:53,23125,23123.65,375,23129.35,450,600,6145050
NIFTY-II.NFO,27/01/2025,09:49:55,23122.2,23120.05,75,23122.15,75,525,6145050
NIFTY-II.NFO,27/01/2025,09:49:56,23122.2,23120,150,23122.15,75,0,6145050
NIFTY-II.NFO,27/01/2025,09:49:58,23120,23120,75,23122.65,75,375,6145050
NIFTY-II.NFO,27/01/2025,09:50:00,23120,23117.6,600,23120.75,75,450,6145050
NIFTY-II.NFO,27/01/2025,09:50:01,23120.75,23121.8,600,23127.85,375,375,6145050
NIFTY-II.NFO,27/01/2025,09:50:03,23120.75,23123.7,600,23129.9,150,0,6145050
NIFTY-II.NFO,27/01/2025,09:50:05,23120.75,23123.4,600,23126.95,75,0,6145050
NIFTY-II.NFO,27/01/2025,09:50:06,23129,23124.95,600,23128.25,75,225,6145050
NIFTY-II.NFO,27/01/2025,09:50:08,23125.3,23123,600,23124.95,75,300,6145050
NIFTY-II.NFO,27/01/2025,09:50:10,23124.95,23124.95,150,23126.85,150,450,6145050
NIFTY-II.NFO,27/01/2025,09:50:11,23125.3,23119.75,375,23122.55,75,600,6145050
NIFTY-II.NFO,27/01/2025,09:50:13,23122.5,23119.2,375,23121.5,225,75,6145050
NIFTY-II.NFO,27/01/2025,09:50:15,23122.55,23117.4,600,23120.55,75,375,6145050
NIFTY-II.NFO,27/01/2025,09:50:16,23121.5,23117.7,375,23120.25,75,300,6145050
NIFTY-II.NFO,27/01/2025,09:50:18,23121.5,23116,225,23119.75,75,0,6145050
NIFTY-II.NFO,27/01/2025,09:50:20,23116.2,23115.05,375,23120.2,750,375,6145050
NIFTY-II.NFO,27/01/2025,09:50:21,23116.2,23115,75,23115.05,75,75,6145050
NIFTY-II.NFO,27/01/2025,09:50:23,23115.5,23115,375,23121,75,225,6145050
NIFTY-II.NFO,27/01/2025,09:50:25,23115.5,23115.25,375,23122.15,75,0,6145050
NIFTY-II.NFO,27/01/2025,09:50:26,23115.5,23116.95,375,23122.35,150,0,6145050
NIFTY-II.NFO,27/01/2025,09:50:28,23117.4,23117.4,600,23123.6,525,900,6145050
NIFTY-II.NFO,27/01/2025,09:50:30,23117.4,23117.4,600,23118.45,75,0,6145050
NIFTY-II.NFO,27/01/2025,09:50:31,23118.45,23119.15,375,23123.65,75,75,6145050
NIFTY-II.NFO,27/01/2025,09:50:33,23118.45,23118.5,75,23121.1,75,0,6145050
NIFTY-II.NFO,27/01/2025,09:50:35,23121.1,23118.5,75,23119.15,75,75,6145050
NIFTY-II.NFO,27/01/2025,09:50:36,23118.5,23118,75,23118.5,75,75,6145050
NIFTY-II.NFO,27/01/2025,09:50:38,23115.7,23116.1,375,23118.5,75,75,6145050
NIFTY-II.NFO,27/01/2025,09:50:40,23115.7,23114.95,600,23117.85,75,0,6145050
NIFTY-II.NFO,27/01/2025,09:50:41,23118.3,23118.3,375,23124.2,525,225,6145050
NIFTY-II.NFO,27/01/2025,09:50:43,23118.3,23117.8,150,23120,75,0,6145050
NIFTY-II.NFO,27/01/2025,09:50:45,23121.5,23120.05,600,23124.3,75,225,6145050
NIFTY-II.NFO,27/01/2025,09:50:46,23121.5,23122.6,600,23128.85,525,0,6145050
NIFTY-II.NFO,27/01/2025,09:50:48,23122.55,23120.1,600,23122.6,75,225,6145050
NIFTY-II.NFO,27/01/2025,09:50:50,23122.6,23122.45,975,23125.6,75,75,6145050
NIFTY-II.NFO,27/01/2025,09:50:51,23124.8,23121.6,600,23124.8,75,225,6145050
NIFTY-II.NFO,27/01/2025,09:50:53,23124.8,23124.65,75,23125,75,75,6145050
