Ticker,Date,Time,LTP,BuyPrice,BuyQty,SellPrice,SellQty,LTQ,OpenInterest
BANKNIFTY-II.NFO,09/10/2024,09:15:08,51849.95,51832.9,60,51840,30,30,334170
BANKNIFTY-II.NFO,09/10/2024,09:15:08,51849.95,51832.9,60,51840,30,0,334170
BANKNIFTY-II.NFO,09/10/2024,09:15:08,51849.95,51832.9,60,51840,30,0,334170
BANKNIFTY-II.NFO,09/10/2024,09:15:08,51849.95,51832.9,60,51840,30,0,334170
BANKNIFTY-II.NFO,09/10/2024,09:15:09,51840,51849,15,51853,60,30,334170
BANKNIFTY-II.NFO,09/10/2024,09:15:09,51840,51849,15,51853,60,0,334170
BANKNIFTY-II.NFO,09/10/2024,09:15:11,51849,51838.05,30,51886.4,60,255,334170
BANKNIFTY-II.NFO,09/10/2024,09:15:11,51894.45,51838.05,30,51886.4,60,0,334170
BANKNIFTY-II.NFO,09/10/2024,09:15:12,51841.5,51850,60,51874.15,15,30,334170
BANKNIFTY-II.NFO,09/10/2024,09:15:14,51869.85,51823.55,60,51840,15,90,334170
BANKNIFTY-II.NFO,09/10/2024,09:15:15,51839.95,51824.7,30,51840,15,60,334170
BANKNIFTY-II.NFO,09/10/2024,09:15:15,51823.55,51824.7,30,51840,15,0,334170
BANKNIFTY-II.NFO,09/10/2024,09:15:17,51849,51810.05,60,51849,30,30,334170
BANKNIFTY-II.NFO,09/10/2024,09:15:18,51849,51815.05,60,51849,15,15,334170
BANKNIFTY-II.NFO,09/10/2024,09:15:20,51841,51825.05,60,51849,15,15,334170
BANKNIFTY-II.NFO,09/10/2024,09:15:22,51849,51816.4,60,51872.8,75,15,334170
BANKNIFTY-II.NFO,09/10/2024,09:15:23,51883.5,51850.05,30,51876.2,75,210,334170
BANKNIFTY-II.NFO,09/10/2024,09:15:25,51878.6,51852.65,30,51877.4,150,30,334170
BANKNIFTY-II.NFO,09/10/2024,09:15:26,51822.15,51841.05,60,51883.45,75,105,334170
BANKNIFTY-II.NFO,09/10/2024,09:15:26,51822.15,51841.05,60,51883.45,75,0,334170
BANKNIFTY-II.NFO,09/10/2024,09:15:28,51870.7,51847.7,30,51868.2,75,30,334170
BANKNIFTY-II.NFO,09/10/2024,09:15:30,51878.6,51852.9,30,51877.6,15,90,334170
BANKNIFTY-II.NFO,09/10/2024,09:15:31,51878.6,51854,30,51877.85,75,0,334170
BANKNIFTY-II.NFO,09/10/2024,09:15:33,51870,51844.75,60,51869.95,15,15,334170
BANKNIFTY-II.NFO,09/10/2024,09:15:35,51870,51854.75,60,51870,15,0,334170
BANKNIFTY-II.NFO,09/10/2024,09:15:36,51859.7,51859.75,60,51870,15,15,334275
BANKNIFTY-II.NFO,09/10/2024,09:15:38,51863.1,51858.7,15,51867.9,75,135,334275
BANKNIFTY-II.NFO,09/10/2024,09:15:40,51855.1,51859.6,105,51869.95,15,45,334275
BANKNIFTY-II.NFO,09/10/2024,09:15:41,51853.3,51849.7,45,51869.15,60,165,334275
BANKNIFTY-II.NFO,09/10/2024,09:15:43,51851.8,51848,45,51869.15,60,30,334275
BANKNIFTY-II.NFO,09/10/2024,09:15:44,51852.05,51852.05,30,51869.95,60,15,334275
BANKNIFTY-II.NFO,09/10/2024,09:15:46,51852.05,51850.05,30,51868.6,60,0,334275
BANKNIFTY-II.NFO,09/10/2024,09:15:48,51852.05,51851.8,15,51868.8,60,0,334275
BANKNIFTY-II.NFO,09/10/2024,09:15:49,51852.05,51851.8,15,51866.1,60,0,334275
BANKNIFTY-II.NFO,09/10/2024,09:15:51,51852.05,51851.8,15,51852,30,0,334275
BANKNIFTY-II.NFO,09/10/2024,09:15:53,51852,51841.05,15,51852,15,75,334275
BANKNIFTY-II.NFO,09/10/2024,09:15:54,51865,51846,15,51860.95,60,75,334275
BANKNIFTY-II.NFO,09/10/2024,09:15:56,51852.05,51848,15,51864.95,30,60,334275
BANKNIFTY-II.NFO,09/10/2024,09:15:58,51865.25,51846.05,60,51865.15,15,15,334275
BANKNIFTY-II.NFO,09/10/2024,09:15:59,51846.05,51846.05,60,51865.35,30,15,334275
BANKNIFTY-II.NFO,09/10/2024,09:16:01,51865.25,51855.85,60,51869.95,15,30,334275
BANKNIFTY-II.NFO,09/10/2024,09:16:03,51865.25,51860.05,60,51870,90,0,334275
BANKNIFTY-II.NFO,09/10/2024,09:16:04,51870,51863.95,90,51878,30,90,334275
BANKNIFTY-II.NFO,09/10/2024,09:16:06,51877.95,51860,45,51874.35,75,15,334275
BANKNIFTY-II.NFO,09/10/2024,09:16:08,51860,51855,15,51871.3,75,45,334275
BANKNIFTY-II.NFO,09/10/2024,09:16:09,51865.35,51855,15,51874.9,30,30,334275
BANKNIFTY-II.NFO,09/10/2024,09:16:11,51864.95,51855,15,51865,15,45,334275
BANKNIFTY-II.NFO,09/10/2024,09:16:13,51864.95,51855,15,51857.3,75,0,334275
BANKNIFTY-II.NFO,09/10/2024,09:16:14,51845,51838.7,15,51843,75,45,334275
BANKNIFTY-II.NFO,09/10/2024,09:16:16,51845,51821,15,51841.25,45,0,334275
BANKNIFTY-II.NFO,09/10/2024,09:16:17,51815.15,51815.15,60,51833.25,15,45,334275
BANKNIFTY-II.NFO,09/10/2024,09:16:17,51815.15,51815.15,60,51833.25,15,0,334275
BANKNIFTY-II.NFO,09/10/2024,09:16:19,51815.15,51831.4,15,51838.5,15,0,334275
BANKNIFTY-II.NFO,09/10/2024,09:16:21,51810.05,51810.05,60,51826.7,30,30,334275
BANKNIFTY-II.NFO,09/10/2024,09:16:21,51810.05,51810.05,60,51826.7,30,0,334275
BANKNIFTY-II.NFO,09/10/2024,09:16:22,51810,51800,30,51812.5,30,90,334275
BANKNIFTY-II.NFO,09/10/2024,09:16:22,51810,51800,30,51812.5,30,0,334275
BANKNIFTY-II.NFO,09/10/2024,09:16:24,51820.1,51803.15,60,51820.15,15,60,334275
BANKNIFTY-II.NFO,09/10/2024,09:16:26,51820.1,51800,75,51817.45,90,0,334275
BANKNIFTY-II.NFO,09/10/2024,09:16:27,51820.1,51804.05,60,51820.3,15,0,334275
BANKNIFTY-II.NFO,09/10/2024,09:16:29,51823.3,51807.45,75,51828.9,60,120,334275
BANKNIFTY-II.NFO,09/10/2024,09:16:29,51804,51807.45,75,51828.9,60,0,334275
BANKNIFTY-II.NFO,09/10/2024,09:16:31,51828.9,51809.5,30,51829.2,45,15,334275
BANKNIFTY-II.NFO,09/10/2024,09:16:32,51828.9,51801.55,60,51822.05,45,0,334275
BANKNIFTY-II.NFO,09/10/2024,09:16:34,51800,51800,15,51816.45,30,30,334275
BANKNIFTY-II.NFO,09/10/2024,09:16:34,51800,51800,15,51816.45,30,0,334275
BANKNIFTY-II.NFO,09/10/2024,09:16:35,51800,51805.3,30,51820.75,45,0,334275
BANKNIFTY-II.NFO,09/10/2024,09:16:37,51800,51805.05,60,51820.75,45,0,334275
BANKNIFTY-II.NFO,09/10/2024,09:16:39,51820.2,51803.05,30,51816.85,15,30,334275
BANKNIFTY-II.NFO,09/10/2024,09:16:40,51816.85,51800,15,51810.2,15,30,334275
BANKNIFTY-II.NFO,09/10/2024,09:16:42,51811.45,51795.45,30,51806.7,15,30,334275
BANKNIFTY-II.NFO,09/10/2024,09:16:44,51811.45,51800,15,51811.45,15,0,334275
BANKNIFTY-II.NFO,09/10/2024,09:16:45,51816.85,51816.85,765,51826.45,15,135,334275
BANKNIFTY-II.NFO,09/10/2024,09:16:47,51816.85,51816.9,30,51829.95,15,0,334275
BANKNIFTY-II.NFO,09/10/2024,09:16:49,51816.85,51816.85,705,51829.95,15,60,334275
BANKNIFTY-II.NFO,09/10/2024,09:16:50,51832.2,51816.85,705,51824.8,150,150,334275
BANKNIFTY-II.NFO,09/10/2024,09:16:52,51816.85,51816.85,675,51819.55,150,30,334275
BANKNIFTY-II.NFO,09/10/2024,09:16:53,51816.85,51811.45,75,51818.5,150,675,334275
BANKNIFTY-II.NFO,09/10/2024,09:16:55,51811.45,51811.45,30,51816.85,15,45,334275
BANKNIFTY-II.NFO,09/10/2024,09:16:57,51811.45,51811.45,30,51816.85,15,0,334275
BANKNIFTY-II.NFO,09/10/2024,09:16:58,51811.45,51811.45,15,51816.85,15,15,334275
BANKNIFTY-II.NFO,09/10/2024,09:17:00,51811.45,51811.45,45,51816.85,15,0,334275
BANKNIFTY-II.NFO,09/10/2024,09:17:02,51811.45,51810,15,51811.15,150,45,334275
BANKNIFTY-II.NFO,09/10/2024,09:17:03,51803.05,51800,75,51800.2,150,45,334275
BANKNIFTY-II.NFO,09/10/2024,09:17:05,51800,51790,15,51803.35,150,75,334275
BANKNIFTY-II.NFO,09/10/2024,09:17:07,51801.95,51790,15,51803.45,75,15,334275
BANKNIFTY-II.NFO,09/10/2024,09:17:08,51801.95,51790,15,51800.2,15,0,334275
BANKNIFTY-II.NFO,09/10/2024,09:17:10,51807.55,51786,15,51806.4,30,165,334275
BANKNIFTY-II.NFO,09/10/2024,09:17:10,51787.25,51786,15,51806.4,30,0,334275
BANKNIFTY-II.NFO,09/10/2024,09:17:12,51794.3,51767.15,30,51787,30,45,334275
BANKNIFTY-II.NFO,09/10/2024,09:17:13,51774.8,51762,15,51776.6,15,15,334275
BANKNIFTY-II.NFO,09/10/2024,09:17:13,51774.8,51762,15,51776.6,15,0,334275
BANKNIFTY-II.NFO,09/10/2024,09:17:15,51774.8,51770.9,60,51787.4,15,0,334275
BANKNIFTY-II.NFO,09/10/2024,09:17:17,51770.9,51778.45,45,51793.75,30,30,334275
BANKNIFTY-II.NFO,09/10/2024,09:17:17,51770.9,51778.45,45,51793.75,30,0,334275
BANKNIFTY-II.NFO,09/10/2024,09:17:18,51770.9,51781.2,60,51795.85,30,0,334275
BANKNIFTY-II.NFO,09/10/2024,09:17:20,51777.35,51775.25,75,51792.75,45,15,334275
BANKNIFTY-II.NFO,09/10/2024,09:17:22,51788.95,51774.85,75,51787.95,75,45,334275
BANKNIFTY-II.NFO,09/10/2024,09:17:23,51788.95,51774.85,75,51785.3,45,0,334275
BANKNIFTY-II.NFO,09/10/2024,09:17:25,51788.95,51774.9,75,51791.95,75,0,334275
BANKNIFTY-II.NFO,09/10/2024,09:17:27,51795.1,51775.8,75,51793.7,30,75,334275
BANKNIFTY-II.NFO,09/10/2024,09:17:28,51795.75,51788.95,60,51797.3,150,90,334275
BANKNIFTY-II.NFO,09/10/2024,09:17:30,51795.75,51788.95,60,51795.45,150,0,334275
BANKNIFTY-II.NFO,09/10/2024,09:17:32,51788.95,51774.85,90,51790.45,15,60,334275
BANKNIFTY-II.NFO,09/10/2024,09:17:33,51788.95,51788.95,15,51793,15,30,334275
BANKNIFTY-II.NFO,09/10/2024,09:17:35,51788.95,51788.95,30,51803,150,0,334275
BANKNIFTY-II.NFO,09/10/2024,09:17:37,51802.2,51788.95,15,51795.2,60,150,334275
BANKNIFTY-II.NFO,09/10/2024,09:17:38,51788.95,51775.15,75,51788.3,60,15,334275
BANKNIFTY-II.NFO,09/10/2024,09:17:40,51788.95,51775.65,75,51788.95,30,30,334275
BANKNIFTY-II.NFO,09/10/2024,09:17:42,51782.25,51790.45,45,51794.45,30,300,334275
BANKNIFTY-II.NFO,09/10/2024,09:17:43,51790.45,51775.15,60,51790.85,75,45,334275
BANKNIFTY-II.NFO,09/10/2024,09:17:45,51790.85,51779.8,75,51791,75,15,334275
BANKNIFTY-II.NFO,09/10/2024,09:17:47,51779.8,51780.15,60,51790.45,30,150,334275
BANKNIFTY-II.NFO,09/10/2024,09:17:48,51790.45,51781.85,90,51790.45,15,135,334275
BANKNIFTY-II.NFO,09/10/2024,09:17:50,51780.1,51780.15,30,51797,15,105,334275
BANKNIFTY-II.NFO,09/10/2024,09:17:51,51780.1,51781.6,30,51798,15,0,334275
BANKNIFTY-II.NFO,09/10/2024,09:17:53,51794,51776.55,30,51795.65,30,15,334275
BANKNIFTY-II.NFO,09/10/2024,09:17:55,51796.95,51775.05,45,51791,75,15,334275
BANKNIFTY-II.NFO,09/10/2024,09:17:56,51796.95,51790.45,15,51792,75,0,334275
BANKNIFTY-II.NFO,09/10/2024,09:17:58,51790.45,51780,45,51791.55,75,15,334275
BANKNIFTY-II.NFO,09/10/2024,09:18:00,51790.45,51780,45,51788.75,300,0,334275
BANKNIFTY-II.NFO,09/10/2024,09:18:01,51780,51780,30,51794.6,30,90,334275
BANKNIFTY-II.NFO,09/10/2024,09:18:03,51780,51790.45,30,51795.85,300,0,334275
BANKNIFTY-II.NFO,09/10/2024,09:18:05,51795.85,51790.45,30,51798.4,300,15,334275
BANKNIFTY-II.NFO,09/10/2024,09:18:06,51796.95,51795.9,15,51799,45,165,334275
BANKNIFTY-II.NFO,09/10/2024,09:18:08,51796.95,51796.95,15,51799,45,0,334275
BANKNIFTY-II.NFO,09/10/2024,09:18:10,51796.95,51796.95,15,51798.95,60,0,334275
BANKNIFTY-II.NFO,09/10/2024,09:18:11,51795.9,51790.45,30,51793.45,105,30,334275
BANKNIFTY-II.NFO,09/10/2024,09:18:13,51795.9,51790.45,30,51794,90,0,334275
BANKNIFTY-II.NFO,09/10/2024,09:18:15,51795.8,51780,45,51793.2,30,45,334275
BANKNIFTY-II.NFO,09/10/2024,09:18:16,51793.2,51780,45,51793.3,30,15,334275
BANKNIFTY-II.NFO,09/10/2024,09:18:18,51795.15,51780.05,60,51795.15,60,165,334275
BANKNIFTY-II.NFO,09/10/2024,09:18:20,51795.15,51780.05,60,51795.15,60,0,334275
BANKNIFTY-II.NFO,09/10/2024,09:18:21,51796.95,51790,15,51798.45,60,30,334275
BANKNIFTY-II.NFO,09/10/2024,09:18:24,51796.95,51795.15,15,51799,45,0,334275
BANKNIFTY-II.NFO,09/10/2024,09:18:29,51800,51796.65,30,51812.25,60,75,334275
BANKNIFTY-II.NFO,09/10/2024,09:18:30,51800,51797.05,30,51813,60,0,334275
BANKNIFTY-II.NFO,09/10/2024,09:18:32,51800,51797.85,15,51810.3,300,0,334275
BANKNIFTY-II.NFO,09/10/2024,09:18:34,51800,51800,30,51812.05,60,0,334275
BANKNIFTY-II.NFO,09/10/2024,09:18:35,51800,51800,75,51812.75,360,0,334275
BANKNIFTY-II.NFO,09/10/2024,09:18:37,51800,51800,60,51814.2,60,0,334275
BANKNIFTY-II.NFO,09/10/2024,09:18:39,51800,51800,75,51810.7,60,0,334275
BANKNIFTY-II.NFO,09/10/2024,09:18:40,51800,51804.1,15,51815.95,60,0,334275
BANKNIFTY-II.NFO,09/10/2024,09:18:42,51816,51800.15,45,51815.95,60,15,335250
BANKNIFTY-II.NFO,09/10/2024,09:18:44,51816,51800,105,51813.15,60,0,335250
BANKNIFTY-II.NFO,09/10/2024,09:18:45,51816,51800.05,30,51814.05,60,0,335250
BANKNIFTY-II.NFO,09/10/2024,09:18:47,51814.75,51800,105,51811.45,300,30,335250
BANKNIFTY-II.NFO,09/10/2024,09:18:49,51811.35,51800.05,45,51811.9,270,30,335250
BANKNIFTY-II.NFO,09/10/2024,09:18:50,51814.6,51800,105,51811.45,15,15,335250
BANKNIFTY-II.NFO,09/10/2024,09:18:52,51814.6,51800,105,51809.7,15,0,335250
BANKNIFTY-II.NFO,09/10/2024,09:18:54,51800,51800,90,51802.35,15,30,335250
BANKNIFTY-II.NFO,09/10/2024,09:18:55,51799.15,51796,15,51802.9,180,240,335250
BANKNIFTY-II.NFO,09/10/2024,09:18:57,51802,51796,15,51800,150,45,335250
BANKNIFTY-II.NFO,09/10/2024,09:18:59,51795,51790,15,51799.9,30,60,335250
BANKNIFTY-II.NFO,09/10/2024,09:19:00,51790,51780,90,51798.25,105,615,335250
BANKNIFTY-II.NFO,09/10/2024,09:19:02,51790,51780,90,51788.7,75,0,335250
BANKNIFTY-II.NFO,09/10/2024,09:19:04,51780,51780,75,51786,75,15,335250
BANKNIFTY-II.NFO,09/10/2024,09:19:05,51787,51780,30,51794.1,75,75,335250
BANKNIFTY-II.NFO,09/10/2024,09:19:07,51780,51780.4,30,51800.05,15,30,335250
BANKNIFTY-II.NFO,09/10/2024,09:19:09,51795.55,51780.1,300,51793.05,30,15,335250
BANKNIFTY-II.NFO,09/10/2024,09:19:10,51788.6,51780.1,300,51788.55,15,15,335250
BANKNIFTY-II.NFO,09/10/2024,09:19:12,51780.1,51780.1,285,51788.9,15,15,335250
BANKNIFTY-II.NFO,09/10/2024,09:19:14,51791.95,51780.1,285,51791.65,180,15,335250
BANKNIFTY-II.NFO,09/10/2024,09:19:15,51791.95,51780.1,285,51785.15,15,0,335250
BANKNIFTY-II.NFO,09/10/2024,09:19:17,51780.1,51780.1,210,51784.3,15,90,335250
BANKNIFTY-II.NFO,09/10/2024,09:19:19,51780,51777.95,15,51783.55,15,240,335250
BANKNIFTY-II.NFO,09/10/2024,09:19:20,51775,51770,15,51780.1,15,45,335250
BANKNIFTY-II.NFO,09/10/2024,09:19:22,51778.5,51770,15,51778.4,180,45,335250
BANKNIFTY-II.NFO,09/10/2024,09:19:22,51778.5,51770,15,51777.5,180,0,335250
BANKNIFTY-II.NFO,09/10/2024,09:19:24,51760,51755.45,30,51775.2,45,60,335250
BANKNIFTY-II.NFO,09/10/2024,09:19:24,51760,51755.45,30,51775.2,45,0,335250
BANKNIFTY-II.NFO,09/10/2024,09:19:25,51757.15,51756.25,30,51775,45,15,335250
BANKNIFTY-II.NFO,09/10/2024,09:19:25,51757.15,51756.25,30,51775,45,0,335250
BANKNIFTY-II.NFO,09/10/2024,09:19:27,51750,51736,30,51751.75,150,540,335250
BANKNIFTY-II.NFO,09/10/2024,09:19:27,51750,51736,30,51751.75,150,0,335250
BANKNIFTY-II.NFO,09/10/2024,09:19:29,51751.9,51737.8,75,51757.9,150,15,335250
BANKNIFTY-II.NFO,09/10/2024,09:19:30,51755.05,51734.55,30,51749.6,60,150,335250
BANKNIFTY-II.NFO,09/10/2024,09:19:32,51753.15,51736.7,75,51754,60,450,335250
BANKNIFTY-II.NFO,09/10/2024,09:19:32,51749.25,51736.7,75,51754,60,0,335250
BANKNIFTY-II.NFO,09/10/2024,09:19:34,51753.15,51740.05,75,51758.15,150,0,335250
BANKNIFTY-II.NFO,09/10/2024,09:19:35,51741.8,51740.8,30,51753,15,45,335250
BANKNIFTY-II.NFO,09/10/2024,09:19:35,51741.8,51740.8,30,51753,15,0,335250
BANKNIFTY-II.NFO,09/10/2024,09:19:37,51741.8,51735.7,30,51751,15,0,335250
BANKNIFTY-II.NFO,09/10/2024,09:19:39,51755.9,51740.3,60,51759.85,45,105,335250
BANKNIFTY-II.NFO,09/10/2024,09:19:40,51755.9,51740,30,51753,150,0,335250
BANKNIFTY-II.NFO,09/10/2024,09:19:42,51759.9,51740.05,30,51750.25,15,1050,335250
BANKNIFTY-II.NFO,09/10/2024,09:19:44,51740,51740,15,51750.2,15,15,335250
BANKNIFTY-II.NFO,09/10/2024,09:19:44,51740,51740,15,51750.2,15,0,335250
BANKNIFTY-II.NFO,09/10/2024,09:19:45,51740,51733.15,60,51748.9,150,15,335250
BANKNIFTY-II.NFO,09/10/2024,09:19:47,51740,51732.05,30,51744.65,15,0,335250
BANKNIFTY-II.NFO,09/10/2024,09:19:49,51729,51721.4,30,51729,75,330,335250
BANKNIFTY-II.NFO,09/10/2024,09:19:49,51729,51721.4,30,51729,75,0,335250
BANKNIFTY-II.NFO,09/10/2024,09:19:50,51732.65,51721.35,15,51729,300,30,335250
BANKNIFTY-II.NFO,09/10/2024,09:19:50,51721.35,51721.35,15,51729,300,0,335250
BANKNIFTY-II.NFO,09/10/2024,09:19:52,51728.95,51716.2,30,51728.95,45,225,335250
BANKNIFTY-II.NFO,09/10/2024,09:19:52,51715.95,51716.2,30,51728.95,45,0,335250
BANKNIFTY-II.NFO,09/10/2024,09:19:54,51740.85,51721.7,45,51738.95,15,915,335250
BANKNIFTY-II.NFO,09/10/2024,09:19:55,51740.85,51727.65,75,51737.65,300,0,335250
BANKNIFTY-II.NFO,09/10/2024,09:19:57,51731.05,51725.75,60,51735.65,15,315,335250
BANKNIFTY-II.NFO,09/10/2024,09:19:59,51731.05,51728.95,15,51735.65,15,0,335250
BANKNIFTY-II.NFO,09/10/2024,09:20:00,51728.95,51716.05,30,51726.55,15,15,335250
BANKNIFTY-II.NFO,09/10/2024,09:20:02,51716.05,51721.5,30,51727.05,15,15,335250
BANKNIFTY-II.NFO,09/10/2024,09:20:04,51739.75,51716.15,60,51725.75,15,900,335250
BANKNIFTY-II.NFO,09/10/2024,09:20:05,51716.15,51716.35,60,51725.7,15,30,335250
BANKNIFTY-II.NFO,09/10/2024,09:20:07,51715,51711.25,30,51725.65,120,90,335250
BANKNIFTY-II.NFO,09/10/2024,09:20:07,51715,51711.25,30,51725.65,120,0,335250
BANKNIFTY-II.NFO,09/10/2024,09:20:09,51725.65,51711.25,30,51725.55,15,60,335250
BANKNIFTY-II.NFO,09/10/2024,09:20:09,51711.2,51711.25,30,51725.55,15,0,335250
BANKNIFTY-II.NFO,09/10/2024,09:20:10,51715.95,51711.2,810,51713.35,15,30,335250
BANKNIFTY-II.NFO,09/10/2024,09:20:12,51726.55,51711.25,30,51716,15,150,335250
BANKNIFTY-II.NFO,09/10/2024,09:20:14,51711.25,51711.25,30,51719.95,15,30,335250
BANKNIFTY-II.NFO,09/10/2024,09:20:15,51719.2,51719.2,75,51730.15,15,30,335250
BANKNIFTY-II.NFO,09/10/2024,09:20:17,51735.85,51715.45,30,51732.95,15,30,335250
BANKNIFTY-II.NFO,09/10/2024,09:20:19,51735.85,51711.25,30,51721.95,15,0,335250
BANKNIFTY-II.NFO,09/10/2024,09:20:20,51735.85,51711.2,810,51720,15,0,335250
BANKNIFTY-II.NFO,09/10/2024,09:20:22,51735.85,51713.9,60,51721.95,15,0,335250
BANKNIFTY-II.NFO,09/10/2024,09:20:24,51735.85,51720.05,60,51721.95,15,0,335250
BANKNIFTY-II.NFO,09/10/2024,09:20:25,51722.1,51721.7,75,51729.8,15,30,335250
BANKNIFTY-II.NFO,09/10/2024,09:20:27,51743,51728.15,60,51748.2,30,30,335250
BANKNIFTY-II.NFO,09/10/2024,09:20:29,51743,51733.15,60,51746.5,15,0,335250
BANKNIFTY-II.NFO,09/10/2024,09:20:30,51743,51731.1,60,51741.2,15,0,335250
BANKNIFTY-II.NFO,09/10/2024,09:20:32,51743,51726.45,75,51734.75,15,0,335250
BANKNIFTY-II.NFO,09/10/2024,09:20:34,51743,51727.2,60,51734.75,15,0,335250
BANKNIFTY-II.NFO,09/10/2024,09:20:35,51734.75,51724.2,60,51737.55,15,30,335250
BANKNIFTY-II.NFO,09/10/2024,09:20:37,51734.75,51722,60,51727.15,15,0,335250
BANKNIFTY-II.NFO,09/10/2024,09:20:39,51727.15,51724.3,60,51734.2,15,15,335250
BANKNIFTY-II.NFO,09/10/2024,09:20:40,51750,51731.05,75,51750.85,30,900,335250
BANKNIFTY-II.NFO,09/10/2024,09:20:42,51750,51735,30,51744,15,0,335250
BANKNIFTY-II.NFO,09/10/2024,09:20:44,51750,51733,30,51744.15,135,0,335250
BANKNIFTY-II.NFO,09/10/2024,09:20:46,51733,51738.05,60,51744.75,15,15,335250
BANKNIFTY-II.NFO,09/10/2024,09:20:47,51733,51735.05,75,51750.6,30,0,335250
BANKNIFTY-II.NFO,09/10/2024,09:20:49,51733,51733.05,75,51749.9,30,0,335250
BANKNIFTY-II.NFO,09/10/2024,09:20:51,51744,51723,60,51734.7,15,105,335250
BANKNIFTY-II.NFO,09/10/2024,09:20:52,51744,51723,60,51735.4,15,0,335250
BANKNIFTY-II.NFO,09/10/2024,09:20:54,51744,51733,60,51736.25,15,0,335250
BANKNIFTY-II.NFO,09/10/2024,09:20:56,51737.55,51730.05,60,51746.35,300,15,335250
BANKNIFTY-II.NFO,09/10/2024,09:20:57,51743.85,51730.05,75,51743.8,15,15,335250
BANKNIFTY-II.NFO,09/10/2024,09:20:59,51738.55,51730.05,60,51738.5,15,15,335250
BANKNIFTY-II.NFO,09/10/2024,09:21:01,51744,51739,75,51747.15,15,15,335250
BANKNIFTY-II.NFO,09/10/2024,09:21:02,51744,51735.05,75,51750.55,15,0,335250
BANKNIFTY-II.NFO,09/10/2024,09:21:04,51744,51735.05,75,51742.8,15,0,335250
BANKNIFTY-II.NFO,09/10/2024,09:21:06,51743.55,51739.05,75,51750.85,300,15,335250
BANKNIFTY-II.NFO,09/10/2024,09:21:07,51743.55,51752.05,60,51761.15,300,0,335250
BANKNIFTY-II.NFO,09/10/2024,09:21:09,51743.55,51742.05,75,51755.7,300,0,335250
BANKNIFTY-II.NFO,09/10/2024,09:21:11,51755.7,51745,60,51758.55,15,30,335250
BANKNIFTY-II.NFO,09/10/2024,09:21:12,51755.7,51740.05,75,51756.75,30,0,335250
BANKNIFTY-II.NFO,09/10/2024,09:21:14,51755.7,51755.7,15,51766.6,300,0,335250
BANKNIFTY-II.NFO,09/10/2024,09:21:16,51755.7,51755.7,15,51756.7,15,15,335250
BANKNIFTY-II.NFO,09/10/2024,09:21:17,51761.6,51745.05,60,51758.55,15,30,335250
BANKNIFTY-II.NFO,09/10/2024,09:21:19,51761.05,51746.05,60,51762.6,30,30,335250
BANKNIFTY-II.NFO,09/10/2024,09:21:20,51758.5,51745.05,60,51759.1,300,15,335250
BANKNIFTY-II.NFO,09/10/2024,09:21:22,51758.5,51746.05,105,51760.55,300,0,335250
BANKNIFTY-II.NFO,09/10/2024,09:21:24,51759.95,51752.05,75,51762.75,15,150,335250
BANKNIFTY-II.NFO,09/10/2024,09:21:25,51755.05,51753.05,75,51766.5,300,15,335250
BANKNIFTY-II.NFO,09/10/2024,09:21:27,51779.2,51756.05,75,51764.95,15,900,335250
BANKNIFTY-II.NFO,09/10/2024,09:21:29,51779.2,51758,60,51760.8,15,0,335250
BANKNIFTY-II.NFO,09/10/2024,09:21:30,51760.95,51761.55,75,51772.25,15,15,335250
BANKNIFTY-II.NFO,09/10/2024,09:21:32,51772.35,51762,45,51769.8,300,30,335250
BANKNIFTY-II.NFO,09/10/2024,09:21:34,51772.35,51760,45,51769.4,300,0,335250
BANKNIFTY-II.NFO,09/10/2024,09:21:35,51756,51760,30,51772.2,15,15,335250
BANKNIFTY-II.NFO,09/10/2024,09:21:37,51756,51765,30,51777.9,300,0,335250
BANKNIFTY-II.NFO,09/10/2024,09:21:39,51756,51772.35,15,51776.55,300,0,335250
BANKNIFTY-II.NFO,09/10/2024,09:21:40,51756,51772.35,15,51780.95,300,0,335250
BANKNIFTY-II.NFO,09/10/2024,09:21:42,51756,51772.35,15,51784.05,300,0,335250
BANKNIFTY-II.NFO,09/10/2024,09:21:44,51772.35,51769.05,60,51781.85,300,15,335250
BANKNIFTY-II.NFO,09/10/2024,09:21:45,51772.35,51772.05,60,51784.45,300,0,335910
BANKNIFTY-II.NFO,09/10/2024,09:21:47,51772.35,51772.05,60,51781.4,15,0,335910
BANKNIFTY-II.NFO,09/10/2024,09:21:49,51772.35,51774.35,60,51786.45,15,0,335910
BANKNIFTY-II.NFO,09/10/2024,09:21:50,51772.35,51779,30,51792,15,0,335910
BANKNIFTY-II.NFO,09/10/2024,09:21:52,51777,51773.2,60,51792,75,15,335910
BANKNIFTY-II.NFO,09/10/2024,09:21:54,51777,51773.7,60,51784.75,300,0,335910
BANKNIFTY-II.NFO,09/10/2024,09:21:55,51789.2,51773.05,75,51790.25,285,15,335910
BANKNIFTY-II.NFO,09/10/2024,09:21:57,51792,51778.25,75,51792.65,300,15,335910
BANKNIFTY-II.NFO,09/10/2024,09:21:59,51792,51776.8,60,51789.6,15,0,335910
BANKNIFTY-II.NFO,09/10/2024,09:22:00,51793.55,51772.35,600,51785.05,15,15,335910
BANKNIFTY-II.NFO,09/10/2024,09:22:02,51780.2,51772.35,480,51780.25,15,270,335910
BANKNIFTY-II.NFO,09/10/2024,09:22:04,51772.35,51772.35,330,51778.65,15,150,335910
BANKNIFTY-II.NFO,09/10/2024,09:22:05,51772.35,51772.35,195,51775.9,15,135,335910
BANKNIFTY-II.NFO,09/10/2024,09:22:07,51760.95,51760,60,51775.2,60,255,335910
BANKNIFTY-II.NFO,09/10/2024,09:22:09,51760.95,51761,15,51772.35,15,0,335910
BANKNIFTY-II.NFO,09/10/2024,09:22:10,51760.95,51760.9,60,51778.85,60,0,335910
BANKNIFTY-II.NFO,09/10/2024,09:22:12,51760.95,51770,15,51779.1,15,0,335910
BANKNIFTY-II.NFO,09/10/2024,09:22:14,51760.95,51765.05,60,51776.75,15,0,335910
BANKNIFTY-II.NFO,09/10/2024,09:22:15,51765,51765,255,51778.45,60,15,335910
BANKNIFTY-II.NFO,09/10/2024,09:22:17,51765,51765,225,51772.45,15,15,335910
BANKNIFTY-II.NFO,09/10/2024,09:22:19,51765,51769.95,60,51789.2,300,0,335910
BANKNIFTY-II.NFO,09/10/2024,09:22:20,51765,51780,15,51789.2,300,0,335910
BANKNIFTY-II.NFO,09/10/2024,09:22:22,51781,51775.75,75,51782.4,15,15,335910
BANKNIFTY-II.NFO,09/10/2024,09:22:23,51781,51775.8,75,51793.3,300,0,335910
BANKNIFTY-II.NFO,09/10/2024,09:22:25,51781,51780.35,75,51792.4,15,0,335910
BANKNIFTY-II.NFO,09/10/2024,09:22:27,51781,51775,225,51789,300,0,335910
BANKNIFTY-II.NFO,09/10/2024,09:22:28,51775,51775,210,51781.15,300,30,335910
BANKNIFTY-II.NFO,09/10/2024,09:22:30,51775,51775,180,51778.55,45,30,335910
BANKNIFTY-II.NFO,09/10/2024,09:22:32,51775,51775,135,51776.65,45,45,335910
BANKNIFTY-II.NFO,09/10/2024,09:22:33,51770,51760,90,51769.8,75,165,335910
BANKNIFTY-II.NFO,09/10/2024,09:22:35,51770,51760,105,51768.5,15,0,335910
BANKNIFTY-II.NFO,09/10/2024,09:22:37,51764.2,51760,105,51767.55,15,15,335910
BANKNIFTY-II.NFO,09/10/2024,09:22:38,51760,51750,240,51759.2,15,105,335910
BANKNIFTY-II.NFO,09/10/2024,09:22:40,51760,51750,240,51757.95,15,0,335910
BANKNIFTY-II.NFO,09/10/2024,09:22:42,51760,51750.05,75,51767,15,0,335910
BANKNIFTY-II.NFO,09/10/2024,09:22:43,51760,51750,240,51765.55,75,0,335910
BANKNIFTY-II.NFO,09/10/2024,09:22:45,51750,51750,225,51756.1,15,15,335910
BANKNIFTY-II.NFO,09/10/2024,09:22:47,51750,51750.05,60,51760.9,15,0,335910
BANKNIFTY-II.NFO,09/10/2024,09:22:50,51750,51750.5,75,51766.4,15,0,335910
BANKNIFTY-II.NFO,09/10/2024,09:22:52,51750,51754.35,60,51765.4,15,0,335910
BANKNIFTY-II.NFO,09/10/2024,09:22:54,51759.45,51760.1,30,51770.4,15,15,335910
BANKNIFTY-II.NFO,09/10/2024,09:22:55,51759.45,51763.4,75,51775,300,0,335910
BANKNIFTY-II.NFO,09/10/2024,09:22:57,51759.45,51766.4,60,51777.75,300,0,335910
BANKNIFTY-II.NFO,09/10/2024,09:22:59,51777.75,51765.05,75,51776.85,15,15,335910
BANKNIFTY-II.NFO,09/10/2024,09:23:00,51777.75,51766.25,75,51776.9,15,0,335910
BANKNIFTY-II.NFO,09/10/2024,09:23:02,51777.75,51762.05,15,51774,30,0,335910
BANKNIFTY-II.NFO,09/10/2024,09:23:04,51777.75,51760.05,15,51772.35,15,0,335910
BANKNIFTY-II.NFO,09/10/2024,09:23:05,51777.75,51756,75,51770.2,15,0,335910
BANKNIFTY-II.NFO,09/10/2024,09:23:07,51777.75,51750.1,75,51765.6,15,0,335910
BANKNIFTY-II.NFO,09/10/2024,09:23:09,51765.6,51754.05,60,51765.65,15,15,335910
BANKNIFTY-II.NFO,09/10/2024,09:23:10,51762.05,51762.05,60,51768.75,15,90,335910
BANKNIFTY-II.NFO,09/10/2024,09:23:12,51765.05,51763.05,75,51774.85,15,15,335910
BANKNIFTY-II.NFO,09/10/2024,09:23:14,51765.05,51763,150,51774.85,15,0,335910
BANKNIFTY-II.NFO,09/10/2024,09:23:15,51765.05,51764.05,75,51774.85,15,0,335910
BANKNIFTY-II.NFO,09/10/2024,09:23:17,51765.05,51765.05,60,51774.85,15,0,335910
BANKNIFTY-II.NFO,09/10/2024,09:23:19,51774.85,51764.05,60,51775,30,30,335910
BANKNIFTY-II.NFO,09/10/2024,09:23:20,51774.85,51767.05,60,51775,30,0,335910
BANKNIFTY-II.NFO,09/10/2024,09:23:22,51767.05,51767.05,60,51775,30,15,335910
BANKNIFTY-II.NFO,09/10/2024,09:23:24,51767.05,51756.1,75,51773.65,15,0,335910
BANKNIFTY-II.NFO,09/10/2024,09:23:25,51767.05,51757.05,60,51773.25,15,0,335910
BANKNIFTY-II.NFO,09/10/2024,09:23:27,51772.85,51759.05,75,51775,330,15,335910
BANKNIFTY-II.NFO,09/10/2024,09:23:29,51772.85,51756.45,60,51769,300,0,335910
BANKNIFTY-II.NFO,09/10/2024,09:23:30,51762.3,51750,285,51754.9,150,150,335910
BANKNIFTY-II.NFO,09/10/2024,09:23:32,51749.4,51745,15,51753.15,285,315,335910
BANKNIFTY-II.NFO,09/10/2024,09:23:34,51749.4,51745,15,51749.8,300,0,335910
BANKNIFTY-II.NFO,09/10/2024,09:23:35,51749.4,51745,15,51755.1,15,0,335910
BANKNIFTY-II.NFO,09/10/2024,09:23:37,51751.75,51745,15,51751.85,300,15,335910
BANKNIFTY-II.NFO,09/10/2024,09:23:39,51751.75,51749.4,150,51753.3,300,0,335910
BANKNIFTY-II.NFO,09/10/2024,09:23:40,51749.4,51749.4,30,51749.45,15,120,335910
BANKNIFTY-II.NFO,09/10/2024,09:23:42,51749.4,51745,15,51749.3,15,30,335910
BANKNIFTY-II.NFO,09/10/2024,09:23:44,51751.75,51749.4,15,51749.45,15,60,335910
BANKNIFTY-II.NFO,09/10/2024,09:23:45,51744.05,51742,75,51749.45,15,60,335910
BANKNIFTY-II.NFO,09/10/2024,09:23:47,51748.55,51742,75,51752.1,300,30,335910
BANKNIFTY-II.NFO,09/10/2024,09:23:49,51748.5,51741,15,51751.2,15,15,335910
BANKNIFTY-II.NFO,09/10/2024,09:23:50,51740,51730,30,51737.25,15,30,335910
BANKNIFTY-II.NFO,09/10/2024,09:23:52,51732.35,51734,60,51739.1,15,45,335910
BANKNIFTY-II.NFO,09/10/2024,09:23:54,51735,51734.05,75,51742.6,15,30,335910
BANKNIFTY-II.NFO,09/10/2024,09:23:55,51735,51730,30,51733.05,15,0,335910
BANKNIFTY-II.NFO,09/10/2024,09:23:57,51734.25,51733.05,60,51734.25,15,45,335910
BANKNIFTY-II.NFO,09/10/2024,09:23:59,51737.05,51743.15,45,51754.3,15,60,335910
BANKNIFTY-II.NFO,09/10/2024,09:24:00,51745.05,51744.05,30,51748.6,15,15,335910
BANKNIFTY-II.NFO,09/10/2024,09:24:02,51742,51736.3,30,51749.3,15,60,335910
BANKNIFTY-II.NFO,09/10/2024,09:24:04,51737.05,51738.1,45,51757.4,300,135,335910
BANKNIFTY-II.NFO,09/10/2024,09:24:05,51752.35,51746.1,45,51759.35,15,15,335910
BANKNIFTY-II.NFO,09/10/2024,09:24:07,51747.35,51742.1,45,51756.75,300,15,335910
BANKNIFTY-II.NFO,09/10/2024,09:24:09,51747.35,51738.1,45,51756,30,0,335910
BANKNIFTY-II.NFO,09/10/2024,09:24:10,51744.05,51740.1,30,51751.6,15,30,335910
BANKNIFTY-II.NFO,09/10/2024,09:24:12,51744.05,51738.1,30,51751.7,60,0,335910
BANKNIFTY-II.NFO,09/10/2024,09:24:14,51744.05,51740.1,30,51751.75,15,0,335910
BANKNIFTY-II.NFO,09/10/2024,09:24:15,51744.05,51744.05,15,51751.75,15,30,335910
BANKNIFTY-II.NFO,09/10/2024,09:24:17,51744.05,51742.1,30,51751.75,15,15,335910
BANKNIFTY-II.NFO,09/10/2024,09:24:19,51745,51745,840,51751.75,15,15,335910
BANKNIFTY-II.NFO,09/10/2024,09:24:20,51745,51745.05,45,51751.75,15,0,335910
BANKNIFTY-II.NFO,09/10/2024,09:24:22,51745,51745.05,30,51751.75,15,0,335910
BANKNIFTY-II.NFO,09/10/2024,09:24:24,51745,51745,765,51751.75,15,45,335910
BANKNIFTY-II.NFO,09/10/2024,09:24:25,51748.5,51745.05,45,51751.75,15,15,335910
BANKNIFTY-II.NFO,09/10/2024,09:24:27,51745,51745,765,51751.75,15,15,335910
BANKNIFTY-II.NFO,09/10/2024,09:24:29,51745,51745,630,51749.7,15,135,335910
BANKNIFTY-II.NFO,09/10/2024,09:24:30,51745,51745,630,51749.55,60,0,335910
BANKNIFTY-II.NFO,09/10/2024,09:24:32,51745,51745,330,51750.8,300,315,335910
BANKNIFTY-II.NFO,09/10/2024,09:24:34,51745,51745,240,51751.75,15,90,335910
BANKNIFTY-II.NFO,09/10/2024,09:24:35,51745,51745,90,51751.75,15,150,335910
BANKNIFTY-II.NFO,09/10/2024,09:24:37,51745,51745,45,51751.75,15,45,336750
BANKNIFTY-II.NFO,09/10/2024,09:24:39,51745,51740.05,15,51751.75,315,45,336750
BANKNIFTY-II.NFO,09/10/2024,09:24:40,51745,51744.2,30,51751.75,15,0,336750
BANKNIFTY-II.NFO,09/10/2024,09:24:42,51757.85,51743,30,51762.65,60,150,336750
BANKNIFTY-II.NFO,09/10/2024,09:24:44,51748.35,51746.1,30,51761.25,60,15,336750
BANKNIFTY-II.NFO,09/10/2024,09:24:45,51752.05,51746.1,15,51760.6,60,45,336750
BANKNIFTY-II.NFO,09/10/2024,09:24:47,51748.05,51747.25,30,51760.1,15,15,336750
BANKNIFTY-II.NFO,09/10/2024,09:24:49,51746.1,51740.6,45,51760,60,30,336750
BANKNIFTY-II.NFO,09/10/2024,09:24:50,51746.1,51744.05,15,51751.9,15,0,336750
BANKNIFTY-II.NFO,09/10/2024,09:24:52,51748.25,51742.05,15,51751.35,15,15,336750
BANKNIFTY-II.NFO,09/10/2024,09:24:54,51748.25,51740,30,51751.35,30,0,336750
BANKNIFTY-II.NFO,09/10/2024,09:24:55,51751.35,51740.05,30,51751.4,15,30,336750
BANKNIFTY-II.NFO,09/10/2024,09:24:57,51751.35,51742.05,15,51751.35,15,0,336750
BANKNIFTY-II.NFO,09/10/2024,09:24:59,51751.35,51740.1,30,51747.1,15,0,336750
BANKNIFTY-II.NFO,09/10/2024,09:25:00,51740,51737.05,15,51747.1,15,30,336750
BANKNIFTY-II.NFO,09/10/2024,09:25:02,51738.1,51738.1,15,51750.95,15,30,336750
BANKNIFTY-II.NFO,09/10/2024,09:25:04,51738.8,51740.1,45,51751.5,15,15,336750
BANKNIFTY-II.NFO,09/10/2024,09:25:05,51738.1,51738.05,30,51751.05,15,15,336750
BANKNIFTY-II.NFO,09/10/2024,09:25:07,51737,51736.1,45,51750.25,60,60,336750
BANKNIFTY-II.NFO,09/10/2024,09:25:09,51735,51735,660,51738.05,15,300,336750
BANKNIFTY-II.NFO,09/10/2024,09:25:10,51735,51735,645,51740.4,15,15,336750
BANKNIFTY-II.NFO,09/10/2024,09:25:12,51735,51735,645,51740.4,15,0,336750
BANKNIFTY-II.NFO,09/10/2024,09:25:14,51735,51735,645,51739.75,15,0,336750
BANKNIFTY-II.NFO,09/10/2024,09:25:15,51735,51735,645,51735.05,15,0,336750
BANKNIFTY-II.NFO,09/10/2024,09:25:17,51735,51735,615,51735.05,15,45,336750
BANKNIFTY-II.NFO,09/10/2024,09:25:19,51735.05,51735,570,51740.4,15,60,336750
BANKNIFTY-II.NFO,09/10/2024,09:25:20,51735,51735,480,51740.4,15,105,336750
BANKNIFTY-II.NFO,09/10/2024,09:25:22,51741.95,51735,480,51747.35,60,90,336750
BANKNIFTY-II.NFO,09/10/2024,09:25:24,51735,51735,105,51739.2,60,375,336750
BANKNIFTY-II.NFO,09/10/2024,09:25:25,51735,51735,75,51739.25,15,45,336750
BANKNIFTY-II.NFO,09/10/2024,09:25:27,51735,51730,30,51737.85,30,75,336750
BANKNIFTY-II.NFO,09/10/2024,09:25:29,51720,51720,90,51728,15,240,336750
BANKNIFTY-II.NFO,09/10/2024,09:25:30,51728,51720,90,51728,15,15,336750
BANKNIFTY-II.NFO,09/10/2024,09:25:32,51728,51720,90,51727.9,15,0,336750
BANKNIFTY-II.NFO,09/10/2024,09:25:34,51728,51720.05,15,51728,15,0,336750
BANKNIFTY-II.NFO,09/10/2024,09:25:35,51728,51720,90,51722.1,15,0,336750
BANKNIFTY-II.NFO,09/10/2024,09:25:37,51728,51720,90,51726,15,0,336750
BANKNIFTY-II.NFO,09/10/2024,09:25:40,51728,51720,90,51728.3,15,0,336750
BANKNIFTY-II.NFO,09/10/2024,09:25:42,51720,51720,75,51728.3,15,15,336750
BANKNIFTY-II.NFO,09/10/2024,09:25:44,51720,51720,75,51723.65,15,0,336750
BANKNIFTY-II.NFO,09/10/2024,09:25:45,51721.5,51720,75,51725.35,15,15,336750
BANKNIFTY-II.NFO,09/10/2024,09:25:47,51721.5,51720,75,51726.05,15,0,336750
BANKNIFTY-II.NFO,09/10/2024,09:25:49,51721.5,51720,75,51728.3,15,0,336750
BANKNIFTY-II.NFO,09/10/2024,09:25:52,51721.5,51720.55,105,51728.3,15,0,336750
BANKNIFTY-II.NFO,09/10/2024,09:25:54,51728,51722.45,90,51728.45,15,30,336750
BANKNIFTY-II.NFO,09/10/2024,09:25:55,51728,51723.55,45,51728.45,15,0,336750
BANKNIFTY-II.NFO,09/10/2024,09:25:57,51728,51721.55,30,51728.45,15,0,336750
BANKNIFTY-II.NFO,09/10/2024,09:25:59,51728,51721.5,450,51725.2,15,0,336750
BANKNIFTY-II.NFO,09/10/2024,09:26:00,51728,51721.5,450,51728.45,15,0,336750
BANKNIFTY-II.NFO,09/10/2024,09:26:02,51721.5,51721.5,435,51728,30,15,336750
BANKNIFTY-II.NFO,09/10/2024,09:26:04,51721.5,51721.5,435,51728,30,0,336750
BANKNIFTY-II.NFO,09/10/2024,09:26:05,51728.6,51721.5,435,51726.4,15,60,336750
BANKNIFTY-II.NFO,09/10/2024,09:26:07,51728.6,51721.5,435,51731.3,30,0,336750
BANKNIFTY-II.NFO,09/10/2024,09:26:09,51728.6,51721.5,435,51730.15,300,0,336750
BANKNIFTY-II.NFO,09/10/2024,09:26:10,51728.6,51722.1,30,51731.45,15,0,336750
BANKNIFTY-II.NFO,09/10/2024,09:26:12,51728.6,51724.1,30,51731.45,15,15,336750
BANKNIFTY-II.NFO,09/10/2024,09:26:14,51731.45,51722.15,30,51731.6,15,15,336750
BANKNIFTY-II.NFO,09/10/2024,09:26:15,51731.45,51721.5,435,51731.6,15,0,336750
BANKNIFTY-II.NFO,09/10/2024,09:26:17,51722.05,51721.5,435,51732.9,15,75,336750
BANKNIFTY-II.NFO,09/10/2024,09:26:19,51722.05,51721.5,435,51731.7,15,0,336750
BANKNIFTY-II.NFO,09/10/2024,09:26:20,51722.05,51721.5,435,51727.05,15,0,336750
BANKNIFTY-II.NFO,09/10/2024,09:26:22,51721.5,51721.5,420,51729.75,15,15,336750
BANKNIFTY-II.NFO,09/10/2024,09:26:24,51721.5,51722.1,45,51735,15,0,336750
BANKNIFTY-II.NFO,09/10/2024,09:26:25,51721.5,51722.05,15,51735,15,0,336750
BANKNIFTY-II.NFO,09/10/2024,09:26:27,51723.8,51722.1,45,51739,15,30,336750
BANKNIFTY-II.NFO,09/10/2024,09:26:29,51726.05,51721.5,420,51734.7,15,15,336750
BANKNIFTY-II.NFO,09/10/2024,09:26:30,51726.05,51721.55,30,51735.5,15,0,336750
BANKNIFTY-II.NFO,09/10/2024,09:26:32,51721.5,51721.5,405,51728.35,90,30,336750
BANKNIFTY-II.NFO,09/10/2024,09:26:34,51725,51725,195,51728.35,15,15,336750
BANKNIFTY-II.NFO,09/10/2024,09:26:35,51725,51725,195,51728.35,15,0,336750
BANKNIFTY-II.NFO,09/10/2024,09:26:37,51728.15,51725,195,51728.35,15,15,336750
BANKNIFTY-II.NFO,09/10/2024,09:26:39,51728.5,51730.05,30,51742.75,75,30,336750
BANKNIFTY-II.NFO,09/10/2024,09:26:40,51726.05,51728.05,15,51742,15,60,336750
BANKNIFTY-II.NFO,09/10/2024,09:26:42,51726.05,51728.15,30,51742,15,0,336750
BANKNIFTY-II.NFO,09/10/2024,09:26:44,51726.05,51730.1,45,51742,15,0,336750
BANKNIFTY-II.NFO,09/10/2024,09:26:45,51726.05,51728.05,15,51742,15,0,336750
BANKNIFTY-II.NFO,09/10/2024,09:26:47,51725,51725,165,51729.75,15,45,336750
BANKNIFTY-II.NFO,09/10/2024,09:26:49,51725,51722,135,51725.7,75,165,336750
BANKNIFTY-II.NFO,09/10/2024,09:26:50,51720,51711,15,51719.4,15,690,336750
BANKNIFTY-II.NFO,09/10/2024,09:26:52,51720,51711,15,51719.4,15,0,336750
BANKNIFTY-II.NFO,09/10/2024,09:26:54,51720,51724.05,15,51737,60,0,336750
BANKNIFTY-II.NFO,09/10/2024,09:26:55,51734.8,51722.1,30,51734.95,15,15,336750
BANKNIFTY-II.NFO,09/10/2024,09:26:57,51734.8,51732.05,30,51747.3,15,0,336750
BANKNIFTY-II.NFO,09/10/2024,09:26:59,51734.8,51734.05,30,51747.3,15,0,336750
BANKNIFTY-II.NFO,09/10/2024,09:27:00,51734.05,51734.1,30,51747.3,15,30,336750
BANKNIFTY-II.NFO,09/10/2024,09:27:02,51734.05,51748.05,30,51754.75,15,0,336750
BANKNIFTY-II.NFO,09/10/2024,09:27:04,51734.05,51745.15,30,51754.75,15,0,336750
BANKNIFTY-II.NFO,09/10/2024,09:27:05,51734.05,51745.6,15,51754.75,15,0,336750
BANKNIFTY-II.NFO,09/10/2024,09:27:07,51734.05,51748.05,30,51763.7,15,0,336750
BANKNIFTY-II.NFO,09/10/2024,09:27:09,51734.05,51750.05,30,51763.65,30,0,336750
BANKNIFTY-II.NFO,09/10/2024,09:27:10,51734.05,51744.05,30,51758,60,0,336750
BANKNIFTY-II.NFO,09/10/2024,09:27:12,51734.05,51748.05,30,51761.35,30,0,336750
BANKNIFTY-II.NFO,09/10/2024,09:27:14,51734.05,51748.05,15,51759.75,60,0,336750
BANKNIFTY-II.NFO,09/10/2024,09:27:15,51734.05,51748.05,30,51760,15,0,336750
BANKNIFTY-II.NFO,09/10/2024,09:27:17,51734.05,51748.05,15,51760.05,60,0,336750
BANKNIFTY-II.NFO,09/10/2024,09:27:19,51734.05,51750.05,30,51763.7,15,0,336750
BANKNIFTY-II.NFO,09/10/2024,09:27:21,51734.05,51750.05,15,51761.45,60,0,336750
BANKNIFTY-II.NFO,09/10/2024,09:27:22,51734.05,51750.05,15,51760.4,30,0,336750
BANKNIFTY-II.NFO,09/10/2024,09:27:24,51734.05,51736.05,15,51749.55,30,0,336750
BANKNIFTY-II.NFO,09/10/2024,09:27:26,51734.05,51734.5,45,51752.75,60,0,336750
BANKNIFTY-II.NFO,09/10/2024,09:27:27,51734.05,51738.1,30,51753.1,15,0,336750
BANKNIFTY-II.NFO,09/10/2024,09:27:29,51734.05,51742.1,30,51753.3,15,0,336750
BANKNIFTY-II.NFO,09/10/2024,09:27:31,51734.05,51746.45,30,51753.3,15,0,336750
BANKNIFTY-II.NFO,09/10/2024,09:27:32,51734.05,51748,150,51753.3,15,0,336750
BANKNIFTY-II.NFO,09/10/2024,09:27:34,51734.05,51744,15,51753.3,15,0,336750
BANKNIFTY-II.NFO,09/10/2024,09:27:36,51734.05,51742,165,51753.3,15,0,336750
BANKNIFTY-II.NFO,09/10/2024,09:27:37,51734.05,51739,165,51753.3,15,0,336750
BANKNIFTY-II.NFO,09/10/2024,09:27:39,51734.05,51745.05,30,51753.3,15,0,336750
BANKNIFTY-II.NFO,09/10/2024,09:27:41,51734.05,51745,180,51753.3,15,0,336750
BANKNIFTY-II.NFO,09/10/2024,09:27:42,51734.05,51737,180,51752.55,60,0,336750
BANKNIFTY-II.NFO,09/10/2024,09:27:44,51734.05,51740,180,51751.8,15,0,336750
BANKNIFTY-II.NFO,09/10/2024,09:27:46,51734.05,51748,180,51753.3,15,0,336750
BANKNIFTY-II.NFO,09/10/2024,09:27:47,51753.45,51754.05,30,51768,60,30,337290
BANKNIFTY-II.NFO,09/10/2024,09:27:49,51761.1,51760.05,15,51772.35,15,15,337290
BANKNIFTY-II.NFO,09/10/2024,09:27:52,51761.1,51758.05,15,51772.3,60,0,337290
BANKNIFTY-II.NFO,09/10/2024,09:27:54,51761.1,51756.05,15,51770.1,60,0,337290
BANKNIFTY-II.NFO,09/10/2024,09:27:56,51761.1,51754.05,15,51768.25,15,0,337290
BANKNIFTY-II.NFO,09/10/2024,09:27:57,51761.1,51748.05,15,51760.7,30,0,337290
BANKNIFTY-II.NFO,09/10/2024,09:27:59,51761.1,51738.05,15,51750.5,15,0,337290
BANKNIFTY-II.NFO,09/10/2024,09:28:01,51761.1,51742.05,45,51750.5,15,0,337290
BANKNIFTY-II.NFO,09/10/2024,09:28:02,51761.1,51742.05,15,51750.5,15,0,337290
BANKNIFTY-II.NFO,09/10/2024,09:28:04,51761.1,51744,165,51750.5,15,0,337290
BANKNIFTY-II.NFO,09/10/2024,09:28:06,51761.1,51743,165,51750.5,15,0,337290
BANKNIFTY-II.NFO,09/10/2024,09:28:07,51761.1,51744,165,51750.5,15,0,337290
BANKNIFTY-II.NFO,09/10/2024,09:28:09,51750.65,51744.8,45,51762.45,60,30,337290
BANKNIFTY-II.NFO,09/10/2024,09:28:11,51750.65,51752,15,51758.95,30,0,337290
BANKNIFTY-II.NFO,09/10/2024,09:28:12,51752,51749,165,51760.45,15,15,337290
BANKNIFTY-II.NFO,09/10/2024,09:28:14,51752,51746.05,15,51761.65,15,0,337290
BANKNIFTY-II.NFO,09/10/2024,09:28:16,51752,51749,165,51761.65,15,0,337290
BANKNIFTY-II.NFO,09/10/2024,09:28:17,51752,51753,165,51761.65,15,0,337290
BANKNIFTY-II.NFO,09/10/2024,09:28:19,51761.65,51749.2,90,51767.25,90,15,337290
BANKNIFTY-II.NFO,09/10/2024,09:28:21,51761.65,51757,180,51769.45,15,0,337290
BANKNIFTY-II.NFO,09/10/2024,09:28:22,51761.65,51752,165,51765.1,15,0,337290
BANKNIFTY-II.NFO,09/10/2024,09:28:24,51761.65,51754.05,30,51768.5,30,0,337290
BANKNIFTY-II.NFO,09/10/2024,09:28:25,51761.65,51760,180,51770.7,15,0,337290
BANKNIFTY-II.NFO,09/10/2024,09:28:27,51761.65,51757,165,51770.7,15,0,337290
BANKNIFTY-II.NFO,09/10/2024,09:28:29,51761.65,51758,165,51770.7,15,0,337290
BANKNIFTY-II.NFO,09/10/2024,09:28:30,51761.65,51765.05,45,51770.7,15,0,337290
BANKNIFTY-II.NFO,09/10/2024,09:28:32,51761.65,51762,165,51770.7,15,0,337290
BANKNIFTY-II.NFO,09/10/2024,09:28:35,51761.65,51756.05,15,51769.3,30,0,337290
BANKNIFTY-II.NFO,09/10/2024,09:28:37,51768.25,51765.05,15,51767.25,15,180,337290
BANKNIFTY-II.NFO,09/10/2024,09:28:39,51768.55,51755.05,60,51768.35,45,30,337290
BANKNIFTY-II.NFO,09/10/2024,09:28:40,51758.7,51751.05,60,51765.75,45,30,337290
BANKNIFTY-II.NFO,09/10/2024,09:28:42,51758.7,51752.05,15,51764.05,15,0,337290
BANKNIFTY-II.NFO,09/10/2024,09:28:44,51759.45,51747.05,60,51762,45,30,337290
BANKNIFTY-II.NFO,09/10/2024,09:28:45,51751.85,51742.1,60,51754.2,15,15,337290
BANKNIFTY-II.NFO,09/10/2024,09:28:47,51751.85,51737.05,60,51748.85,15,0,337290
BANKNIFTY-II.NFO,09/10/2024,09:28:49,51751.85,51738.1,75,51751.85,15,0,337290
BANKNIFTY-II.NFO,09/10/2024,09:28:50,51751.85,51734.1,15,51742.9,15,0,337290
BANKNIFTY-II.NFO,09/10/2024,09:28:52,51734.1,51731.05,60,51742.85,15,15,337290
BANKNIFTY-II.NFO,09/10/2024,09:28:54,51734.1,51737,165,51742.8,15,0,337290
BANKNIFTY-II.NFO,09/10/2024,09:28:55,51734.1,51734.1,15,51735.05,15,0,337290
BANKNIFTY-II.NFO,09/10/2024,09:28:57,51734.15,51735.05,60,51742.9,15,30,337290
BANKNIFTY-II.NFO,09/10/2024,09:28:59,51734.1,51733.3,15,51743.05,15,15,337290
BANKNIFTY-II.NFO,09/10/2024,09:29:00,51736.8,51736.8,45,51743.05,15,15,337290
BANKNIFTY-II.NFO,09/10/2024,09:29:02,51740,51733.3,15,51743.05,15,15,337290
BANKNIFTY-II.NFO,09/10/2024,09:29:04,51733.35,51734.05,30,51743.05,15,30,337290
BANKNIFTY-II.NFO,09/10/2024,09:29:05,51735.05,51736.05,45,51743.05,15,15,337290
BANKNIFTY-II.NFO,09/10/2024,09:29:07,51734,51733.3,15,51742.85,15,30,337290
BANKNIFTY-II.NFO,09/10/2024,09:29:09,51734,51744.05,15,51755.35,15,0,337290
BANKNIFTY-II.NFO,09/10/2024,09:29:10,51744.05,51741,135,51754.35,15,15,337290
BANKNIFTY-II.NFO,09/10/2024,09:29:12,51740,51738,120,51741.95,15,15,337290
BANKNIFTY-II.NFO,09/10/2024,09:29:14,51740,51736,120,51741.95,15,0,337290
BANKNIFTY-II.NFO,09/10/2024,09:29:15,51740,51734,120,51741.95,15,0,337290
BANKNIFTY-II.NFO,09/10/2024,09:29:17,51732.3,51729,30,51741.4,30,195,337290
BANKNIFTY-II.NFO,09/10/2024,09:29:19,51732.3,51729,30,51740.6,30,0,337290
BANKNIFTY-II.NFO,09/10/2024,09:29:20,51732.3,51729,30,51740.65,15,0,337290
BANKNIFTY-II.NFO,09/10/2024,09:29:22,51732.3,51729,30,51740.5,15,0,337290
BANKNIFTY-II.NFO,09/10/2024,09:29:24,51745.95,51729.05,45,51743.95,15,45,337290
BANKNIFTY-II.NFO,09/10/2024,09:29:25,51745.95,51729,45,51744.25,15,0,337290
BANKNIFTY-II.NFO,09/10/2024,09:29:27,51745.95,51734.05,30,51744.25,15,0,337290
BANKNIFTY-II.NFO,09/10/2024,09:29:29,51745.95,51738.05,30,51744.25,15,0,337290
BANKNIFTY-II.NFO,09/10/2024,09:29:30,51745.95,51738,30,51744.25,15,0,337290
BANKNIFTY-II.NFO,09/10/2024,09:29:32,51745.95,51744.1,75,51755.95,15,0,337290
BANKNIFTY-II.NFO,09/10/2024,09:29:34,51745.95,51739,30,51753.9,90,0,337290
BANKNIFTY-II.NFO,09/10/2024,09:29:36,51745.95,51740,30,51751.95,15,0,337290
BANKNIFTY-II.NFO,09/10/2024,09:29:37,51745.95,51740.7,75,51752.55,15,0,337290
BANKNIFTY-II.NFO,09/10/2024,09:29:39,51745.95,51740,30,51751.95,15,0,337290
BANKNIFTY-II.NFO,09/10/2024,09:29:41,51745.95,51743.05,45,51751.95,15,0,337290
BANKNIFTY-II.NFO,09/10/2024,09:29:42,51745.95,51742,60,51751.95,15,0,337290
BANKNIFTY-II.NFO,09/10/2024,09:29:44,51745.95,51743.05,30,51751.95,15,0,337290
BANKNIFTY-II.NFO,09/10/2024,09:29:46,51745.95,51743.05,30,51750,15,0,337290
BANKNIFTY-II.NFO,09/10/2024,09:29:47,51745.95,51743,30,51750,15,0,337290
BANKNIFTY-II.NFO,09/10/2024,09:29:49,51745.95,51744,30,51750,15,0,337290
BANKNIFTY-II.NFO,09/10/2024,09:29:51,51745.95,51741,30,51750,15,0,337290
BANKNIFTY-II.NFO,09/10/2024,09:29:52,51745.95,51743,30,51750,15,0,337290
BANKNIFTY-II.NFO,09/10/2024,09:29:57,51742.35,51740.15,75,51747.75,15,45,337290
BANKNIFTY-II.NFO,09/10/2024,09:29:59,51742.35,51740,15,51747.75,15,0,337290
BANKNIFTY-II.NFO,09/10/2024,09:30:02,51742.35,51743.45,45,51750,15,0,337290
BANKNIFTY-II.NFO,09/10/2024,09:30:04,51742.35,51740.1,30,51750,15,0,337290
BANKNIFTY-II.NFO,09/10/2024,09:30:06,51742.35,51740,15,51747.4,60,0,337290
BANKNIFTY-II.NFO,09/10/2024,09:30:07,51742.35,51740,15,51748.25,15,0,337290
BANKNIFTY-II.NFO,09/10/2024,09:30:09,51740,51734.05,15,51748.1,75,15,337290
BANKNIFTY-II.NFO,09/10/2024,09:30:11,51740,51734.05,15,51747.25,60,0,337290
BANKNIFTY-II.NFO,09/10/2024,09:30:12,51731,51729,30,51732.85,15,30,337290
BANKNIFTY-II.NFO,09/10/2024,09:30:14,51729,51726.1,30,51734.05,15,30,337290
BANKNIFTY-II.NFO,09/10/2024,09:30:16,51729,51726.9,45,51734.05,15,0,337290
BANKNIFTY-II.NFO,09/10/2024,09:30:17,51729,51725.5,45,51734.05,15,0,337290
BANKNIFTY-II.NFO,09/10/2024,09:30:19,51729,51729,30,51734.05,15,0,337290
BANKNIFTY-II.NFO,09/10/2024,09:30:21,51729,51729,15,51734.05,15,15,337290
BANKNIFTY-II.NFO,09/10/2024,09:30:22,51729,51729,15,51734.05,15,0,337290
BANKNIFTY-II.NFO,09/10/2024,09:30:24,51729,51729,15,51734,60,0,337290
BANKNIFTY-II.NFO,09/10/2024,09:30:26,51729,51729,15,51733.15,60,0,337290
BANKNIFTY-II.NFO,09/10/2024,09:30:27,51729,51729,15,51732.45,60,0,337290
BANKNIFTY-II.NFO,09/10/2024,09:30:29,51729,51721.35,15,51726.9,60,15,337290
BANKNIFTY-II.NFO,09/10/2024,09:30:31,51720,51720,30,51725.95,15,45,337290
BANKNIFTY-II.NFO,09/10/2024,09:30:32,51720,51720,30,51727.25,15,0,337290
BANKNIFTY-II.NFO,09/10/2024,09:30:34,51720,51716.05,45,51727.25,15,30,337290
BANKNIFTY-II.NFO,09/10/2024,09:30:36,51720,51715,120,51723.95,15,0,337290
BANKNIFTY-II.NFO,09/10/2024,09:30:37,51715,51705.05,45,51717.95,15,120,337290
BANKNIFTY-II.NFO,09/10/2024,09:30:39,51715,51705.05,45,51717.65,15,0,337290
BANKNIFTY-II.NFO,09/10/2024,09:30:41,51715,51706.4,15,51717.65,15,0,337290
BANKNIFTY-II.NFO,09/10/2024,09:30:42,51706.7,51705,30,51721.9,30,75,337575
BANKNIFTY-II.NFO,09/10/2024,09:30:42,51706.7,51705,30,51721.9,30,0,337575
BANKNIFTY-II.NFO,09/10/2024,09:30:44,51706.7,51705,15,51719.9,60,0,337575
BANKNIFTY-II.NFO,09/10/2024,09:30:46,51706.7,51705,15,51713.75,15,0,337575
BANKNIFTY-II.NFO,09/10/2024,09:30:47,51707.05,51705.4,45,51713.25,15,15,337575
BANKNIFTY-II.NFO,09/10/2024,09:30:49,51713.25,51710.9,45,51725.95,15,15,337575
BANKNIFTY-II.NFO,09/10/2024,09:30:51,51713.25,51708.65,45,51723.95,15,0,337575
BANKNIFTY-II.NFO,09/10/2024,09:30:52,51711.55,51713.3,30,51727.95,15,15,337575
BANKNIFTY-II.NFO,09/10/2024,09:30:54,51711.55,51712.6,45,51722.35,15,0,337575
BANKNIFTY-II.NFO,09/10/2024,09:30:56,51722.35,51720.5,15,51722.5,15,15,337575
BANKNIFTY-II.NFO,09/10/2024,09:30:57,51722.5,51722.75,45,51732.85,15,15,337575
BANKNIFTY-II.NFO,09/10/2024,09:30:59,51722.5,51721.45,45,51732.85,15,0,337575
BANKNIFTY-II.NFO,09/10/2024,09:31:01,51722.5,51723.95,45,51732.85,15,0,337575
BANKNIFTY-II.NFO,09/10/2024,09:31:02,51722.5,51726.25,45,51741.9,60,0,337575
BANKNIFTY-II.NFO,09/10/2024,09:31:04,51722.5,51729,15,51741.9,60,0,337575
BANKNIFTY-II.NFO,09/10/2024,09:31:06,51722.5,51729.05,45,51741.95,15,0,337575
BANKNIFTY-II.NFO,09/10/2024,09:31:07,51722.5,51729,15,51741.9,60,0,337575
BANKNIFTY-II.NFO,09/10/2024,09:31:09,51722.5,51721,15,51732.85,15,0,337575
BANKNIFTY-II.NFO,09/10/2024,09:31:11,51722.5,51720.05,45,51722.5,15,0,337575
BANKNIFTY-II.NFO,09/10/2024,09:31:12,51722.5,51720,30,51722.5,15,0,337575
BANKNIFTY-II.NFO,09/10/2024,09:31:14,51722.5,51718,30,51722.5,15,0,337575
BANKNIFTY-II.NFO,09/10/2024,09:31:16,51722.5,51720.05,15,51722.5,15,0,337575
BANKNIFTY-II.NFO,09/10/2024,09:31:17,51723.95,51720.05,15,51722.1,15,30,337575
BANKNIFTY-II.NFO,09/10/2024,09:31:19,51723.95,51720.05,15,51722.1,15,0,337575
BANKNIFTY-II.NFO,09/10/2024,09:31:22,51720.05,51711,60,51719.95,15,15,337575
BANKNIFTY-II.NFO,09/10/2024,09:31:24,51720.05,51711,45,51722.1,15,0,337575
BANKNIFTY-II.NFO,09/10/2024,09:31:26,51720.05,51711,15,51717.5,60,0,337575
BANKNIFTY-II.NFO,09/10/2024,09:31:27,51711,51707,30,51718.55,60,15,337575
BANKNIFTY-II.NFO,09/10/2024,09:31:29,51711,51706.7,15,51717.9,60,0,337575
BANKNIFTY-II.NFO,09/10/2024,09:31:31,51711,51716.05,30,51722.1,15,0,337575
BANKNIFTY-II.NFO,09/10/2024,09:31:32,51711,51717.05,30,51722.1,15,0,337575
BANKNIFTY-II.NFO,09/10/2024,09:31:34,51711,51718.9,30,51722.1,15,0,337575
BANKNIFTY-II.NFO,09/10/2024,09:31:36,51722.25,51729,15,51734.55,15,30,337575
BANKNIFTY-II.NFO,09/10/2024,09:31:37,51722.25,51724.05,45,51734.55,15,0,337575
BANKNIFTY-II.NFO,09/10/2024,09:31:39,51722.25,51728,30,51741.9,60,0,337575
BANKNIFTY-II.NFO,09/10/2024,09:31:41,51722.25,51723,15,51733.9,60,0,337575
BANKNIFTY-II.NFO,09/10/2024,09:31:43,51722.25,51716,30,51730.75,60,0,337575
BANKNIFTY-II.NFO,09/10/2024,09:31:44,51722.25,51717,30,51730.75,60,0,337575
BANKNIFTY-II.NFO,09/10/2024,09:31:46,51709.85,51707.9,45,51721.9,60,75,337575
BANKNIFTY-II.NFO,09/10/2024,09:31:48,51709.85,51707.9,30,51721.9,60,0,337575
BANKNIFTY-II.NFO,09/10/2024,09:31:49,51706.7,51705,15,51707.7,150,45,337575
BANKNIFTY-II.NFO,09/10/2024,09:31:51,51700.6,51700,300,51701.5,105,150,337575
BANKNIFTY-II.NFO,09/10/2024,09:31:51,51700.6,51700,300,51701.5,105,0,337575
BANKNIFTY-II.NFO,09/10/2024,09:31:53,51713.8,51700.05,15,51715.9,60,120,337575
BANKNIFTY-II.NFO,09/10/2024,09:31:53,51700,51700.05,15,51715.9,60,0,337575
BANKNIFTY-II.NFO,09/10/2024,09:31:54,51713.8,51703.05,15,51715.95,15,0,337575
BANKNIFTY-II.NFO,09/10/2024,09:31:56,51719.9,51702.35,60,51715.95,15,75,337575
BANKNIFTY-II.NFO,09/10/2024,09:31:58,51719.9,51709.3,60,51717.95,15,0,337575
BANKNIFTY-II.NFO,09/10/2024,09:31:59,51719.9,51714.65,105,51728.15,15,0,337575
BANKNIFTY-II.NFO,09/10/2024,09:32:01,51719.9,51721.6,30,51735.9,60,0,337575
BANKNIFTY-II.NFO,09/10/2024,09:32:03,51719.9,51722.9,75,51735.95,15,0,337575
BANKNIFTY-II.NFO,09/10/2024,09:32:04,51719.9,51719.25,60,51733.9,60,0,337575
BANKNIFTY-II.NFO,09/10/2024,09:32:06,51719.9,51715.15,60,51729.9,60,0,337575
BANKNIFTY-II.NFO,09/10/2024,09:32:08,51719.9,51713.9,60,51728.1,15,0,337575
BANKNIFTY-II.NFO,09/10/2024,09:32:09,51719.9,51717.25,75,51727.95,15,0,337575
BANKNIFTY-II.NFO,09/10/2024,09:32:11,51719.9,51719.85,60,51728.1,15,0,337575
BANKNIFTY-II.NFO,09/10/2024,09:32:13,51719.9,51720.95,75,51728.1,15,0,337575
BANKNIFTY-II.NFO,09/10/2024,09:32:14,51719.9,51724.9,60,51728.1,15,0,337575
BANKNIFTY-II.NFO,09/10/2024,09:32:16,51719.7,51718.05,15,51728.1,15,15,337575
BANKNIFTY-II.NFO,09/10/2024,09:32:18,51725.95,51716.55,60,51728.1,15,15,337575
BANKNIFTY-II.NFO,09/10/2024,09:32:19,51725.95,51717.6,60,51728.1,15,0,337575
BANKNIFTY-II.NFO,09/10/2024,09:32:21,51725.95,51720.75,45,51728.1,15,0,337575
BANKNIFTY-II.NFO,09/10/2024,09:32:22,51725.95,51722.4,105,51728.1,15,0,337575
BANKNIFTY-II.NFO,09/10/2024,09:32:24,51728.1,51717.7,60,51728.25,15,15,337575
BANKNIFTY-II.NFO,09/10/2024,09:32:26,51728.1,51722.75,45,51728.25,15,0,337575
BANKNIFTY-II.NFO,09/10/2024,09:32:27,51728.1,51729.35,30,51745,60,0,337575
BANKNIFTY-II.NFO,09/10/2024,09:32:29,51728.1,51724.1,60,51733.95,15,0,337575
BANKNIFTY-II.NFO,09/10/2024,09:32:31,51728.1,51726.15,105,51737.95,15,0,337575
BANKNIFTY-II.NFO,09/10/2024,09:32:32,51728.1,51729.75,60,51745.9,60,0,337575
BANKNIFTY-II.NFO,09/10/2024,09:32:34,51728.1,51730.45,45,51741.85,15,0,337575
BANKNIFTY-II.NFO,09/10/2024,09:32:36,51728.1,51728.85,90,51741.9,15,0,337575
BANKNIFTY-II.NFO,09/10/2024,09:32:37,51728.1,51727.75,90,51740.8,15,0,337575
BANKNIFTY-II.NFO,09/10/2024,09:32:39,51728.1,51728,45,51740.85,15,0,337575
BANKNIFTY-II.NFO,09/10/2024,09:32:41,51728.1,51731.5,90,51743.75,15,0,337575
BANKNIFTY-II.NFO,09/10/2024,09:32:42,51728.1,51734.9,45,51748.8,60,0,337575
BANKNIFTY-II.NFO,09/10/2024,09:32:44,51728.1,51734.8,45,51745.95,15,0,337575
BANKNIFTY-II.NFO,09/10/2024,09:32:46,51728.1,51734.4,45,51748.85,15,0,337575
BANKNIFTY-II.NFO,09/10/2024,09:32:47,51728.1,51731.45,45,51747.9,60,0,337575
BANKNIFTY-II.NFO,09/10/2024,09:32:49,51728.1,51725.8,90,51739.9,60,0,337575
BANKNIFTY-II.NFO,09/10/2024,09:32:51,51739.95,51728.15,30,51741.9,60,15,337575
BANKNIFTY-II.NFO,09/10/2024,09:32:52,51739.95,51728.15,30,51743.9,60,0,337575
BANKNIFTY-II.NFO,09/10/2024,09:32:54,51728.1,51720,15,51735.9,60,30,337575
BANKNIFTY-II.NFO,09/10/2024,09:32:56,51728.1,51720.05,45,51732.5,15,0,337575
BANKNIFTY-II.NFO,09/10/2024,09:32:57,51728.1,51720.5,30,51732.45,60,0,337575
BANKNIFTY-II.NFO,09/10/2024,09:32:59,51728.1,51728.1,30,51731.25,60,0,337575
BANKNIFTY-II.NFO,09/10/2024,09:33:01,51728.1,51720,15,51730.55,60,30,337575
BANKNIFTY-II.NFO,09/10/2024,09:33:02,51728.1,51720,15,51728,15,0,337575
BANKNIFTY-II.NFO,09/10/2024,09:33:06,51728.1,51720,15,51725.35,15,0,337575
BANKNIFTY-II.NFO,09/10/2024,09:33:07,51728.1,51720.25,45,51731.95,15,0,337575
BANKNIFTY-II.NFO,09/10/2024,09:33:09,51728.1,51726.4,30,51732.5,15,0,337575
BANKNIFTY-II.NFO,09/10/2024,09:33:11,51728.1,51728.7,30,51732.5,15,0,337575
BANKNIFTY-II.NFO,09/10/2024,09:33:12,51728.1,51730.85,30,51732.5,15,0,337575
BANKNIFTY-II.NFO,09/10/2024,09:33:14,51728.1,51741.2,30,51747.1,15,0,337575
BANKNIFTY-II.NFO,09/10/2024,09:33:16,51736.9,51738.2,15,51749.05,15,105,337575
BANKNIFTY-II.NFO,09/10/2024,09:33:17,51736.9,51740.15,15,51746.85,15,0,337575
BANKNIFTY-II.NFO,09/10/2024,09:33:19,51736.9,51736,60,51745.95,15,0,337575
BANKNIFTY-II.NFO,09/10/2024,09:33:21,51736.9,51733.65,15,51741.95,15,0,337575
BANKNIFTY-II.NFO,09/10/2024,09:33:22,51736.9,51729.5,15,51739.95,15,0,337575
BANKNIFTY-II.NFO,09/10/2024,09:33:24,51736.9,51731.2,45,51743.95,15,0,337575
BANKNIFTY-II.NFO,09/10/2024,09:33:26,51736.9,51724.45,45,51735.95,15,0,337575
BANKNIFTY-II.NFO,09/10/2024,09:33:27,51736.9,51725,45,51736.9,15,0,337575
BANKNIFTY-II.NFO,09/10/2024,09:33:29,51736.9,51736.55,150,51736.9,15,0,337575
BANKNIFTY-II.NFO,09/10/2024,09:33:31,51736.9,51738.7,30,51747.95,15,15,337575
BANKNIFTY-II.NFO,09/10/2024,09:33:32,51736.9,51740.5,150,51752.05,15,0,337575
BANKNIFTY-II.NFO,09/10/2024,09:33:34,51736.9,51741.05,30,51749.95,15,0,337575
BANKNIFTY-II.NFO,09/10/2024,09:33:36,51736.9,51741,15,51753.95,15,0,337575
BANKNIFTY-II.NFO,09/10/2024,09:33:37,51736.9,51741.15,45,51753.95,15,0,337575
BANKNIFTY-II.NFO,09/10/2024,09:33:39,51741.15,51745.6,30,51753.95,15,15,337575
BANKNIFTY-II.NFO,09/10/2024,09:33:41,51741.15,51741,15,51751.95,15,0,337575
BANKNIFTY-II.NFO,09/10/2024,09:33:42,51741.15,51741,15,51749.9,60,0,337575
BANKNIFTY-II.NFO,09/10/2024,09:33:44,51741,51736,15,51743.95,15,15,337665
BANKNIFTY-II.NFO,09/10/2024,09:33:46,51736,51728.35,150,51735.1,15,15,337665
BANKNIFTY-II.NFO,09/10/2024,09:33:47,51727.25,51728.95,150,51739.9,15,15,337665
BANKNIFTY-II.NFO,09/10/2024,09:33:49,51727.25,51725.5,30,51735.95,15,0,337665
BANKNIFTY-II.NFO,09/10/2024,09:33:51,51727.25,51727.25,15,51737.95,15,0,337665
BANKNIFTY-II.NFO,09/10/2024,09:33:52,51727.25,51727.05,30,51737.95,15,0,337665
BANKNIFTY-II.NFO,09/10/2024,09:33:54,51727.25,51729.3,150,51741.55,15,0,337665
BANKNIFTY-II.NFO,09/10/2024,09:33:56,51727.25,51729.15,30,51737.95,15,0,337665
BANKNIFTY-II.NFO,09/10/2024,09:33:57,51727.25,51728.1,150,51741.55,15,0,337665
BANKNIFTY-II.NFO,09/10/2024,09:33:59,51727.25,51725.9,45,51737.95,15,0,337665
BANKNIFTY-II.NFO,09/10/2024,09:34:01,51727.25,51720.85,45,51735.95,15,0,337665
BANKNIFTY-II.NFO,09/10/2024,09:34:02,51727.25,51730.55,75,51737.95,15,0,337665
BANKNIFTY-II.NFO,09/10/2024,09:34:04,51727.25,51724.85,150,51733.95,15,0,337665
BANKNIFTY-II.NFO,09/10/2024,09:34:06,51727.25,51725.75,150,51737.95,15,0,337665
BANKNIFTY-II.NFO,09/10/2024,09:34:07,51727.25,51720.4,45,51733.95,15,0,337665
BANKNIFTY-II.NFO,09/10/2024,09:34:09,51735.95,51720.05,30,51731.95,15,30,337665
BANKNIFTY-II.NFO,09/10/2024,09:34:11,51735.95,51720,945,51731.95,15,0,337665
BANKNIFTY-II.NFO,09/10/2024,09:34:12,51720,51727,15,51734.45,15,75,337665
BANKNIFTY-II.NFO,09/10/2024,09:34:14,51720,51727,15,51734.45,15,0,337665
BANKNIFTY-II.NFO,09/10/2024,09:34:16,51731.95,51731.95,15,51734.45,15,15,337665
BANKNIFTY-II.NFO,09/10/2024,09:34:17,51731.95,51730.3,150,51734.45,15,15,337665
BANKNIFTY-II.NFO,09/10/2024,09:34:19,51731.95,51731.35,15,51747.45,60,0,337665
BANKNIFTY-II.NFO,09/10/2024,09:34:21,51731.95,51731.8,90,51747.45,60,0,337665
BANKNIFTY-II.NFO,09/10/2024,09:34:22,51731.95,51737,150,51747.5,15,0,337665
BANKNIFTY-II.NFO,09/10/2024,09:34:24,51731.95,51736.75,165,51753.1,60,0,337665
BANKNIFTY-II.NFO,09/10/2024,09:34:26,51731.95,51733.2,165,51747.9,60,0,337665
BANKNIFTY-II.NFO,09/10/2024,09:34:27,51731.95,51730.75,150,51743.95,15,0,337665
BANKNIFTY-II.NFO,09/10/2024,09:34:29,51731.95,51731.45,90,51744.6,15,0,337665
BANKNIFTY-II.NFO,09/10/2024,09:34:31,51731.95,51732.95,150,51744.6,15,0,337665
BANKNIFTY-II.NFO,09/10/2024,09:34:32,51731.95,51737.75,150,51744.6,15,0,337665
BANKNIFTY-II.NFO,09/10/2024,09:34:34,51731.95,51733,60,51747.35,15,0,337665
BANKNIFTY-II.NFO,09/10/2024,09:34:36,51731.95,51737.95,150,51747.95,15,0,337665
BANKNIFTY-II.NFO,09/10/2024,09:34:37,51747.95,51735.3,75,51747.95,15,15,337665
BANKNIFTY-II.NFO,09/10/2024,09:34:39,51747.95,51735.55,75,51749.95,15,0,337665
BANKNIFTY-II.NFO,09/10/2024,09:34:41,51747.95,51742.25,150,51750.25,15,0,337665
BANKNIFTY-II.NFO,09/10/2024,09:34:42,51747.95,51733.2,105,51745.95,15,0,337665
BANKNIFTY-II.NFO,09/10/2024,09:34:44,51747.95,51736.65,150,51745.95,15,0,337665
BANKNIFTY-II.NFO,09/10/2024,09:34:46,51747.95,51737.05,150,51745.95,15,0,337665
BANKNIFTY-II.NFO,09/10/2024,09:34:47,51747.95,51739.2,150,51753.35,60,0,337665
BANKNIFTY-II.NFO,09/10/2024,09:34:49,51751.9,51735.9,30,51749,15,15,337665
BANKNIFTY-II.NFO,09/10/2024,09:34:51,51751.9,51739.05,15,51749,15,0,337665
BANKNIFTY-II.NFO,09/10/2024,09:34:52,51751.9,51740.5,165,51749,15,0,337665
BANKNIFTY-II.NFO,09/10/2024,09:34:54,51748.95,51735.4,60,51749,15,45,337665
BANKNIFTY-II.NFO,09/10/2024,09:34:56,51748.95,51739.35,60,51749,15,0,337665
BANKNIFTY-II.NFO,09/10/2024,09:34:57,51749,51736.9,45,51748.55,15,15,337665
BANKNIFTY-II.NFO,09/10/2024,09:34:59,51749,51735.05,45,51746.9,30,0,337665
BANKNIFTY-II.NFO,09/10/2024,09:35:01,51739.95,51741.05,15,51746.05,15,45,337665
BANKNIFTY-II.NFO,09/10/2024,09:35:02,51739.95,51738.8,15,51746.05,15,0,337665
BANKNIFTY-II.NFO,09/10/2024,09:35:04,51739.95,51741.3,60,51746.05,15,0,337665
BANKNIFTY-II.NFO,09/10/2024,09:35:06,51739.95,51744.15,60,51753.95,15,0,337665
BANKNIFTY-II.NFO,09/10/2024,09:35:07,51739.95,51739.05,15,51753.65,60,0,337665
BANKNIFTY-II.NFO,09/10/2024,09:35:09,51753.95,51749.2,60,51755.95,15,30,337665
BANKNIFTY-II.NFO,09/10/2024,09:35:11,51753.95,51750.1,60,51761.6,60,0,337665
BANKNIFTY-II.NFO,09/10/2024,09:35:12,51753.95,51748.95,15,51757,30,0,337665
BANKNIFTY-II.NFO,09/10/2024,09:35:14,51753.95,51748.95,15,51756.65,60,0,337665
BANKNIFTY-II.NFO,09/10/2024,09:35:16,51753.95,51754.9,30,51762.15,15,0,337665
BANKNIFTY-II.NFO,09/10/2024,09:35:17,51763.9,51749,45,51762.85,60,60,337665
BANKNIFTY-II.NFO,09/10/2024,09:35:19,51763.9,51748.95,15,51759,60,0,337665
BANKNIFTY-II.NFO,09/10/2024,09:35:21,51763.9,51748.95,15,51759.9,60,0,337665
BANKNIFTY-II.NFO,09/10/2024,09:35:22,51748.95,51740,15,51751.05,60,15,337665
BANKNIFTY-II.NFO,09/10/2024,09:35:24,51748.95,51741.05,75,51749.8,15,0,337665
BANKNIFTY-II.NFO,09/10/2024,09:35:26,51748.95,51744.05,60,51759.15,60,0,337665
BANKNIFTY-II.NFO,09/10/2024,09:35:27,51748.95,51743.05,75,51757.55,60,0,337665
BANKNIFTY-II.NFO,09/10/2024,09:35:29,51748.95,51742.05,60,51756.9,60,0,337665
BANKNIFTY-II.NFO,09/10/2024,09:35:31,51748.95,51742.1,60,51755.9,60,15,337665
BANKNIFTY-II.NFO,09/10/2024,09:35:32,51748.95,51741.05,60,51755.45,90,0,337665
BANKNIFTY-II.NFO,09/10/2024,09:35:34,51748.95,51750,15,51752.95,60,0,337665
BANKNIFTY-II.NFO,09/10/2024,09:35:36,51750,51740.05,60,51751.9,60,15,337665
BANKNIFTY-II.NFO,09/10/2024,09:35:37,51750,51739.95,30,51748.95,15,0,337665
BANKNIFTY-II.NFO,09/10/2024,09:35:39,51739.95,51736,15,51741.9,60,30,337665
BANKNIFTY-II.NFO,09/10/2024,09:35:41,51736,51727,75,51737.95,15,15,337665
BANKNIFTY-II.NFO,09/10/2024,09:35:42,51736,51728.05,60,51739.95,15,0,337665
BANKNIFTY-II.NFO,09/10/2024,09:35:44,51736,51727,15,51735.95,15,0,337665
BANKNIFTY-II.NFO,09/10/2024,09:35:46,51736,51727,15,51737.15,15,0,337665
BANKNIFTY-II.NFO,09/10/2024,09:35:47,51736,51729.05,60,51742.5,60,0,337665
BANKNIFTY-II.NFO,09/10/2024,09:35:49,51736,51727,15,51734,15,0,337665
BANKNIFTY-II.NFO,09/10/2024,09:35:52,51736,51727.05,60,51734,15,0,337665
BANKNIFTY-II.NFO,09/10/2024,09:35:54,51736,51727,15,51733.85,15,0,337665
BANKNIFTY-II.NFO,09/10/2024,09:35:56,51733.95,51726.2,60,51733.95,15,30,337665
BANKNIFTY-II.NFO,09/10/2024,09:35:57,51733.95,51726.2,60,51732.6,60,0,337665
BANKNIFTY-II.NFO,09/10/2024,09:35:59,51733.95,51726.2,60,51733.6,15,0,337665
BANKNIFTY-II.NFO,09/10/2024,09:36:01,51734.15,51741.05,60,51750,15,30,337665
BANKNIFTY-II.NFO,09/10/2024,09:36:02,51734.15,51744.55,60,51750,15,0,337665
BANKNIFTY-II.NFO,09/10/2024,09:36:04,51734.15,51743.05,75,51750,15,0,337665
BANKNIFTY-II.NFO,09/10/2024,09:36:06,51734.15,51746.95,60,51750,15,0,337665
BANKNIFTY-II.NFO,09/10/2024,09:36:07,51734.15,51743.75,60,51750,15,0,337665
BANKNIFTY-II.NFO,09/10/2024,09:36:11,51734.15,51743.7,60,51750,15,0,337665
BANKNIFTY-II.NFO,09/10/2024,09:36:12,51734.15,51741.05,75,51750,15,0,337665
BANKNIFTY-II.NFO,09/10/2024,09:36:14,51734.15,51734.2,60,51747.45,30,0,337665
BANKNIFTY-II.NFO,09/10/2024,09:36:16,51734.15,51734.15,15,51741.95,15,0,337665
BANKNIFTY-II.NFO,09/10/2024,09:36:17,51734.15,51734.6,60,51747.95,15,0,337665
BANKNIFTY-II.NFO,09/10/2024,09:36:19,51734.15,51734.15,15,51741.9,30,0,337665
BANKNIFTY-II.NFO,09/10/2024,09:36:21,51734.15,51734.15,15,51738.35,60,0,337665
BANKNIFTY-II.NFO,09/10/2024,09:36:22,51734.15,51734.15,15,51741.85,60,0,337665
BANKNIFTY-II.NFO,09/10/2024,09:36:24,51734.15,51734.15,15,51741.9,60,0,337665
BANKNIFTY-II.NFO,09/10/2024,09:36:26,51733.1,51729.35,60,51740.8,15,30,337665
BANKNIFTY-II.NFO,09/10/2024,09:36:28,51733.1,51728.05,60,51740.3,15,0,337665
BANKNIFTY-II.NFO,09/10/2024,09:36:29,51733.1,51727,60,51738.35,15,0,337665
BANKNIFTY-II.NFO,09/10/2024,09:36:31,51733.1,51727,60,51737.3,15,0,337665
BANKNIFTY-II.NFO,09/10/2024,09:36:33,51733.1,51726.2,60,51737.9,60,0,337665
BANKNIFTY-II.NFO,09/10/2024,09:36:34,51733.1,51726.2,60,51735,60,0,337665
BANKNIFTY-II.NFO,09/10/2024,09:36:36,51733.1,51726.2,60,51735.3,60,0,337665
BANKNIFTY-II.NFO,09/10/2024,09:36:38,51733.1,51726.2,60,51734,60,0,337665
BANKNIFTY-II.NFO,09/10/2024,09:36:39,51733.1,51726.2,60,51733.85,60,0,337665
BANKNIFTY-II.NFO,09/10/2024,09:36:41,51733.1,51726.2,60,51731.35,15,0,337665
BANKNIFTY-II.NFO,09/10/2024,09:36:43,51733.1,51726.2,60,51729.6,15,0,337665
BANKNIFTY-II.NFO,09/10/2024,09:36:44,51733.1,51729.05,60,51741.95,15,0,337665
BANKNIFTY-II.NFO,09/10/2024,09:36:46,51733.1,51727.05,60,51739.95,15,0,337665
BANKNIFTY-II.NFO,09/10/2024,09:36:48,51733.1,51731.25,75,51742.25,15,0,337665
BANKNIFTY-II.NFO,09/10/2024,09:36:49,51733.1,51732.05,75,51742.25,15,0,337665
BANKNIFTY-II.NFO,09/10/2024,09:36:51,51733.1,51730.95,75,51742.25,15,0,337665
BANKNIFTY-II.NFO,09/10/2024,09:36:53,51733.1,51730.2,75,51742.25,15,0,337665
BANKNIFTY-II.NFO,09/10/2024,09:36:54,51733.1,51728.05,60,51738.8,15,0,337665
BANKNIFTY-II.NFO,09/10/2024,09:36:56,51733.1,51726.25,60,51734.55,15,0,337665
BANKNIFTY-II.NFO,09/10/2024,09:36:58,51733.1,51726.2,60,51730.4,15,0,337665
BANKNIFTY-II.NFO,09/10/2024,09:37:01,51733.1,51726.2,60,51728.8,15,0,337665
BANKNIFTY-II.NFO,09/10/2024,09:37:03,51730.4,51726.2,60,51730.55,15,30,337905
BANKNIFTY-II.NFO,09/10/2024,09:37:04,51730.4,51726.2,60,51729.95,15,0,337905
BANKNIFTY-II.NFO,09/10/2024,09:37:06,51730.4,51726.2,60,51730.55,15,0,337905
BANKNIFTY-II.NFO,09/10/2024,09:37:09,51726.2,51726.2,30,51730.55,15,30,337905
BANKNIFTY-II.NFO,09/10/2024,09:37:11,51726.2,51726.2,30,51730.55,15,0,337905
BANKNIFTY-II.NFO,09/10/2024,09:37:13,51726.2,51726.25,60,51730.55,15,0,337905
BANKNIFTY-II.NFO,09/10/2024,09:37:16,51726.2,51726.2,30,51730.55,15,0,337905
BANKNIFTY-II.NFO,09/10/2024,09:37:18,51726.2,51726.25,60,51730.55,15,0,337905
BANKNIFTY-II.NFO,09/10/2024,09:37:19,51726.2,51726.2,30,51733.45,15,0,337905
BANKNIFTY-II.NFO,09/10/2024,09:37:21,51726.2,51726.2,30,51733.4,60,0,337905
BANKNIFTY-II.NFO,09/10/2024,09:37:23,51726.2,51725.15,60,51733.45,15,30,337905
BANKNIFTY-II.NFO,09/10/2024,09:37:24,51745.95,51729.05,60,51744.05,30,150,337905
BANKNIFTY-II.NFO,09/10/2024,09:37:26,51745.95,51728.05,60,51737.9,15,0,337905
BANKNIFTY-II.NFO,09/10/2024,09:37:28,51726.2,51725,15,51728.9,15,15,337905
BANKNIFTY-II.NFO,09/10/2024,09:37:29,51720,51720,840,51725.95,15,30,337905
BANKNIFTY-II.NFO,09/10/2024,09:37:31,51644.55,51637.65,30,51643.95,15,1965,337905
BANKNIFTY-II.NFO,09/10/2024,09:37:31,51638.3,51637.65,30,51643.95,15,0,337905
BANKNIFTY-II.NFO,09/10/2024,09:37:33,51645.95,51637.15,60,51645.95,15,165,337905
BANKNIFTY-II.NFO,09/10/2024,09:37:33,51637,51637.15,60,51645.95,15,0,337905
BANKNIFTY-II.NFO,09/10/2024,09:37:34,51641.95,51643.6,60,51649.95,15,45,337905
BANKNIFTY-II.NFO,09/10/2024,09:37:36,51644.7,51648.35,60,51657.95,15,15,337905
BANKNIFTY-II.NFO,09/10/2024,09:37:38,51644.7,51648.2,60,51655.95,15,0,337905
BANKNIFTY-II.NFO,09/10/2024,09:37:39,51644.7,51660.35,30,51667.95,15,0,337905
BANKNIFTY-II.NFO,09/10/2024,09:37:41,51643.6,51632.45,60,51639.95,15,15,337905
BANKNIFTY-II.NFO,09/10/2024,09:37:43,51638.75,51640.05,120,51651.95,15,30,337905
BANKNIFTY-II.NFO,09/10/2024,09:37:44,51642.8,51636.35,270,51645.95,15,15,337905
BANKNIFTY-II.NFO,09/10/2024,09:37:46,51653.95,51641.45,120,51653.95,15,15,337905
BANKNIFTY-II.NFO,09/10/2024,09:37:48,51653.95,51663,120,51671.7,15,0,337905
BANKNIFTY-II.NFO,09/10/2024,09:37:49,51671.7,51671.85,120,51675.95,15,15,337905
BANKNIFTY-II.NFO,09/10/2024,09:37:51,51692.8,51692.8,15,51701.9,30,75,337905
BANKNIFTY-II.NFO,09/10/2024,09:37:53,51699.95,51696.8,105,51703.95,15,30,337905
BANKNIFTY-II.NFO,09/10/2024,09:37:54,51699.95,51694.05,105,51701.95,15,0,337905
BANKNIFTY-II.NFO,09/10/2024,09:37:56,51699.95,51697.8,105,51707.95,15,0,337905
BANKNIFTY-II.NFO,09/10/2024,09:37:58,51699.95,51692.9,135,51701.95,15,0,337905
BANKNIFTY-II.NFO,09/10/2024,09:37:59,51705.55,51698.45,105,51707.95,15,60,337905
BANKNIFTY-II.NFO,09/10/2024,09:38:01,51715.95,51697.05,105,51709.95,15,60,337905
BANKNIFTY-II.NFO,09/10/2024,09:38:03,51715.95,51670.75,105,51687.45,30,0,337905
BANKNIFTY-II.NFO,09/10/2024,09:38:04,51691.85,51671.9,120,51679.95,15,15,337905
BANKNIFTY-II.NFO,09/10/2024,09:38:06,51691.85,51680.55,150,51691.95,15,0,337905
BANKNIFTY-II.NFO,09/10/2024,09:38:08,51691.85,51693.1,120,51701.95,15,0,337905
BANKNIFTY-II.NFO,09/10/2024,09:38:09,51691.85,51695.7,30,51705.95,15,0,337905
BANKNIFTY-II.NFO,09/10/2024,09:38:11,51691.85,51691.15,150,51699.95,15,0,337905
BANKNIFTY-II.NFO,09/10/2024,09:38:13,51691.85,51683,150,51691.95,15,0,337905
BANKNIFTY-II.NFO,09/10/2024,09:38:14,51691.85,51683,150,51693.95,15,0,337905
BANKNIFTY-II.NFO,09/10/2024,09:38:16,51691.85,51683.05,120,51695.95,15,0,337905
BANKNIFTY-II.NFO,09/10/2024,09:38:18,51691.85,51691.6,120,51699.95,15,0,337905
BANKNIFTY-II.NFO,09/10/2024,09:38:19,51691.85,51701,150,51707.95,15,0,337905
BANKNIFTY-II.NFO,09/10/2024,09:38:21,51691.85,51700.5,150,51709.55,120,0,337905
BANKNIFTY-II.NFO,09/10/2024,09:38:22,51691.85,51696.1,150,51706.75,120,0,337905
BANKNIFTY-II.NFO,09/10/2024,09:38:24,51691.85,51698.6,30,51709.95,15,0,337905
BANKNIFTY-II.NFO,09/10/2024,09:38:26,51691.85,51691.7,150,51701,30,0,337905
BANKNIFTY-II.NFO,09/10/2024,09:38:27,51701,51693.35,30,51703.95,15,30,337905
BANKNIFTY-II.NFO,09/10/2024,09:38:29,51701,51697.95,135,51707.95,15,0,337905
BANKNIFTY-II.NFO,09/10/2024,09:38:31,51701,51695,15,51709.25,120,0,337905
BANKNIFTY-II.NFO,09/10/2024,09:38:32,51701,51691.85,15,51701.9,120,0,337905
BANKNIFTY-II.NFO,09/10/2024,09:38:34,51691.85,51678.85,15,51689.8,120,15,337905
BANKNIFTY-II.NFO,09/10/2024,09:38:36,51691.85,51679.6,120,51689.95,15,0,337905
BANKNIFTY-II.NFO,09/10/2024,09:38:37,51691.85,51682,15,51694.1,120,0,337905
BANKNIFTY-II.NFO,09/10/2024,09:38:39,51691.85,51690.05,120,51701.95,15,0,337905
BANKNIFTY-II.NFO,09/10/2024,09:38:41,51691.85,51694.25,120,51707.95,15,0,337905
BANKNIFTY-II.NFO,09/10/2024,09:38:42,51691.85,51701,15,51711.7,15,0,337905
BANKNIFTY-II.NFO,09/10/2024,09:38:44,51691.85,51701,15,51709.15,120,0,337905
BANKNIFTY-II.NFO,09/10/2024,09:38:46,51701,51680,45,51693.6,120,15,337905
BANKNIFTY-II.NFO,09/10/2024,09:38:47,51691.95,51678.85,15,51687.9,105,15,337905
BANKNIFTY-II.NFO,09/10/2024,09:38:49,51691.95,51683.05,120,51698.7,105,0,337905
BANKNIFTY-II.NFO,09/10/2024,09:38:51,51682,51682,15,51694.5,105,15,337905
BANKNIFTY-II.NFO,09/10/2024,09:38:52,51682,51684.65,30,51696.7,15,0,337905
BANKNIFTY-II.NFO,09/10/2024,09:38:54,51682,51689,15,51700,30,0,337905
BANKNIFTY-II.NFO,09/10/2024,09:38:56,51683.15,51687.9,120,51697.9,120,15,337905
BANKNIFTY-II.NFO,09/10/2024,09:38:57,51683.15,51688.05,30,51699.95,15,0,337905
BANKNIFTY-II.NFO,09/10/2024,09:38:59,51683.15,51687.05,30,51699.8,120,0,337905
BANKNIFTY-II.NFO,09/10/2024,09:39:01,51683.15,51685.65,120,51695.9,120,0,337905
BANKNIFTY-II.NFO,09/10/2024,09:39:02,51683.15,51679,15,51690.05,120,0,337905
BANKNIFTY-II.NFO,09/10/2024,09:39:04,51683.15,51681,15,51691.55,15,0,337905
BANKNIFTY-II.NFO,09/10/2024,09:39:06,51683.15,51683.95,45,51691.55,15,0,337905
BANKNIFTY-II.NFO,09/10/2024,09:39:07,51683.15,51685.05,30,51697.9,120,0,337905
BANKNIFTY-II.NFO,09/10/2024,09:39:09,51683.15,51680,15,51691.2,120,0,337905
BANKNIFTY-II.NFO,09/10/2024,09:39:11,51683.15,51681,15,51694.05,120,0,337905
BANKNIFTY-II.NFO,09/10/2024,09:39:12,51683.15,51689.05,120,51700,30,0,337905
BANKNIFTY-II.NFO,09/10/2024,09:39:14,51683.15,51695.9,30,51700,30,0,337905
BANKNIFTY-II.NFO,09/10/2024,09:39:16,51700,51684,15,51695.5,120,30,337905
BANKNIFTY-II.NFO,09/10/2024,09:39:17,51700,51686,15,51699.1,120,0,337905
BANKNIFTY-II.NFO,09/10/2024,09:39:19,51700,51682,15,51694.2,120,0,337905
BANKNIFTY-II.NFO,09/10/2024,09:39:21,51700,51692,15,51703.75,120,0,337905
BANKNIFTY-II.NFO,09/10/2024,09:39:22,51703.55,51690,15,51703.6,30,90,337905
BANKNIFTY-II.NFO,09/10/2024,09:39:24,51703.55,51689,15,51700.25,30,0,337905
BANKNIFTY-II.NFO,09/10/2024,09:39:26,51703.55,51691.05,30,51704.6,30,0,337905
BANKNIFTY-II.NFO,09/10/2024,09:39:27,51703.55,51703.55,15,51708.1,15,0,337905
BANKNIFTY-II.NFO,09/10/2024,09:39:29,51703.55,51703.55,15,51708.05,30,0,337905
BANKNIFTY-II.NFO,09/10/2024,09:39:31,51703.55,51700.6,30,51707.5,30,15,337905
BANKNIFTY-II.NFO,09/10/2024,09:39:32,51703.55,51700.6,30,51708.1,15,0,337905
BANKNIFTY-II.NFO,09/10/2024,09:39:34,51703.55,51700.8,45,51711.05,15,0,337905
BANKNIFTY-II.NFO,09/10/2024,09:39:36,51703.55,51700.65,30,51710.8,15,0,337905
BANKNIFTY-II.NFO,09/10/2024,09:39:37,51703.55,51702.8,30,51711.05,15,0,337905
BANKNIFTY-II.NFO,09/10/2024,09:39:39,51711.2,51699,15,51713.45,30,30,337905
BANKNIFTY-II.NFO,09/10/2024,09:39:41,51711.2,51698.5,135,51711.8,15,0,337905
BANKNIFTY-II.NFO,09/10/2024,09:39:42,51711.05,51699.05,120,51711.8,15,15,337905
BANKNIFTY-II.NFO,09/10/2024,09:39:44,51711.05,51700.8,120,51711.8,15,0,338775
BANKNIFTY-II.NFO,09/10/2024,09:39:46,51711.8,51702.65,135,51711.95,15,15,338775
BANKNIFTY-II.NFO,09/10/2024,09:39:47,51711.8,51703.4,135,51711.95,15,0,338775
BANKNIFTY-II.NFO,09/10/2024,09:39:49,51711.8,51701.25,120,51713.95,15,0,338775
BANKNIFTY-II.NFO,09/10/2024,09:39:51,51711.05,51700.05,45,51713.9,30,15,338775
BANKNIFTY-II.NFO,09/10/2024,09:39:52,51711.05,51703.5,135,51713.95,15,0,338775
BANKNIFTY-II.NFO,09/10/2024,09:39:54,51711.05,51708.4,120,51719.95,15,0,338775
BANKNIFTY-II.NFO,09/10/2024,09:39:56,51711.05,51708.05,120,51719.85,15,0,338775
BANKNIFTY-II.NFO,09/10/2024,09:39:57,51711.05,51705,15,51711,45,0,338775
BANKNIFTY-II.NFO,09/10/2024,09:39:59,51711.05,51704,15,51711,45,0,338775
BANKNIFTY-II.NFO,09/10/2024,09:40:01,51711.05,51706,15,51711,45,0,338775
BANKNIFTY-II.NFO,09/10/2024,09:40:04,51711.05,51706.05,120,51711,45,0,338775
BANKNIFTY-II.NFO,09/10/2024,09:40:06,51711.05,51707.05,120,51711,45,0,338775
BANKNIFTY-II.NFO,09/10/2024,09:40:07,51711.05,51708.2,120,51711,45,0,338775
BANKNIFTY-II.NFO,09/10/2024,09:40:09,51711.05,51709,15,51711,45,0,338775
BANKNIFTY-II.NFO,09/10/2024,09:40:11,51711.05,51704.05,135,51711,45,0,338775
BANKNIFTY-II.NFO,09/10/2024,09:40:12,51711,51706.05,120,51711,30,15,338775
BANKNIFTY-II.NFO,09/10/2024,09:40:14,51711,51708.05,135,51723.65,30,30,338775
BANKNIFTY-II.NFO,09/10/2024,09:40:16,51711,51710.1,60,51723.9,30,0,338775
BANKNIFTY-II.NFO,09/10/2024,09:40:17,51711,51700,15,51706.55,30,0,338775
BANKNIFTY-II.NFO,09/10/2024,09:40:19,51700,51696.55,30,51709.9,30,15,338775
BANKNIFTY-II.NFO,09/10/2024,09:40:21,51700,51695.05,120,51708,15,0,338775
BANKNIFTY-II.NFO,09/10/2024,09:40:22,51700,51703.9,135,51713.95,15,0,338775
BANKNIFTY-II.NFO,09/10/2024,09:40:24,51700,51698.05,15,51711.9,30,0,338775
BANKNIFTY-II.NFO,09/10/2024,09:40:26,51700,51702.25,45,51713.95,15,0,338775
BANKNIFTY-II.NFO,09/10/2024,09:40:27,51700,51702,30,51715.9,30,0,338775
BANKNIFTY-II.NFO,09/10/2024,09:40:29,51700,51701.05,135,51711.95,15,0,338775
BANKNIFTY-II.NFO,09/10/2024,09:40:31,51700,51706.65,120,51716.45,15,0,338775
BANKNIFTY-II.NFO,09/10/2024,09:40:32,51700,51703.15,135,51716.45,15,0,338775
BANKNIFTY-II.NFO,09/10/2024,09:40:34,51700,51704.85,15,51716.45,15,0,338775
BANKNIFTY-II.NFO,09/10/2024,09:40:36,51700,51705.25,135,51716.45,15,0,338775
BANKNIFTY-II.NFO,09/10/2024,09:40:37,51700,51704.85,135,51716.45,15,0,338775
BANKNIFTY-II.NFO,09/10/2024,09:40:39,51700,51709.7,135,51716.45,15,0,338775
BANKNIFTY-II.NFO,09/10/2024,09:40:41,51700,51715.75,60,51723.95,15,0,338775
BANKNIFTY-II.NFO,09/10/2024,09:40:42,51700,51715.9,60,51724,15,0,338775
BANKNIFTY-II.NFO,09/10/2024,09:40:44,51700,51716.2,120,51724,15,0,338775
BANKNIFTY-II.NFO,09/10/2024,09:40:46,51700,51713.1,60,51724,15,0,338775
BANKNIFTY-II.NFO,09/10/2024,09:40:47,51700,51714.25,60,51724,15,0,338775
BANKNIFTY-II.NFO,09/10/2024,09:40:49,51700,51716.55,15,51724,15,0,338775
BANKNIFTY-II.NFO,09/10/2024,09:40:51,51700,51717.15,60,51724,15,0,338775
BANKNIFTY-II.NFO,09/10/2024,09:40:52,51700,51719.8,120,51724,15,0,338775
BANKNIFTY-II.NFO,09/10/2024,09:40:54,51700,51717.3,120,51724,15,0,338775
BANKNIFTY-II.NFO,09/10/2024,09:40:56,51700,51716.6,180,51724,15,0,338775
BANKNIFTY-II.NFO,09/10/2024,09:40:57,51700,51716.2,120,51724,15,0,338775
BANKNIFTY-II.NFO,09/10/2024,09:40:59,51700,51717.65,60,51724,15,0,338775
BANKNIFTY-II.NFO,09/10/2024,09:41:01,51700,51712.35,60,51724,15,0,338775
BANKNIFTY-II.NFO,09/10/2024,09:41:02,51700,51712.65,60,51720.45,30,0,338775
BANKNIFTY-II.NFO,09/10/2024,09:41:04,51700,51712,15,51714.7,30,0,338775
BANKNIFTY-II.NFO,09/10/2024,09:41:06,51700,51712,15,51721.95,15,0,338775
BANKNIFTY-II.NFO,09/10/2024,09:41:07,51700,51715.15,120,51724,15,0,338775
BANKNIFTY-II.NFO,09/10/2024,09:41:09,51700,51712,15,51722.35,15,0,338775
BANKNIFTY-II.NFO,09/10/2024,09:41:11,51700,51714.55,120,51722.35,15,0,338775
BANKNIFTY-II.NFO,09/10/2024,09:41:12,51700,51720.15,120,51722.35,15,0,338775
BANKNIFTY-II.NFO,09/10/2024,09:41:14,51700,51720.4,120,51724,15,0,338775
BANKNIFTY-II.NFO,09/10/2024,09:41:16,51700,51719.3,150,51724,15,0,338775
BANKNIFTY-II.NFO,09/10/2024,09:41:17,51724,51724.05,120,51731.75,15,15,338775
BANKNIFTY-II.NFO,09/10/2024,09:41:19,51724,51731.75,15,51737.25,30,0,338775
BANKNIFTY-II.NFO,09/10/2024,09:41:21,51731.75,51724.35,135,51737.3,15,15,338775
BANKNIFTY-II.NFO,09/10/2024,09:41:23,51731.75,51724,90,51733.9,30,0,338775
BANKNIFTY-II.NFO,09/10/2024,09:41:24,51731.75,51724,90,51727.35,30,0,338775
BANKNIFTY-II.NFO,09/10/2024,09:41:26,51724,51716.1,60,51727.9,30,90,338775
BANKNIFTY-II.NFO,09/10/2024,09:41:28,51724,51720,120,51729.95,15,0,338775
BANKNIFTY-II.NFO,09/10/2024,09:41:29,51724,51720.1,60,51731.9,30,0,338775
BANKNIFTY-II.NFO,09/10/2024,09:41:31,51724,51715.1,60,51728.15,30,0,338775
BANKNIFTY-II.NFO,09/10/2024,09:41:33,51724,51716.05,135,51731.3,30,0,338775
BANKNIFTY-II.NFO,09/10/2024,09:41:34,51724,51716.1,60,51730.05,30,0,338775
BANKNIFTY-II.NFO,09/10/2024,09:41:36,51724,51716.1,60,51730.8,30,0,338775
BANKNIFTY-II.NFO,09/10/2024,09:41:37,51731.9,51718.75,120,51730.7,15,15,338775
BANKNIFTY-II.NFO,09/10/2024,09:41:39,51731.9,51721.05,120,51735.9,15,0,338775
BANKNIFTY-II.NFO,09/10/2024,09:41:41,51731.9,51727.7,135,51733.1,15,0,338775
BANKNIFTY-II.NFO,09/10/2024,09:41:42,51731.9,51723,15,51733.1,15,0,338775
BANKNIFTY-II.NFO,09/10/2024,09:41:44,51727.8,51719.05,120,51734.55,15,15,338775
BANKNIFTY-II.NFO,09/10/2024,09:41:46,51727.8,51721.05,120,51734.25,15,0,338775
BANKNIFTY-II.NFO,09/10/2024,09:41:47,51727.8,51718.1,75,51734.15,30,0,338775
BANKNIFTY-II.NFO,09/10/2024,09:41:49,51727.8,51712.05,45,51726.75,15,0,338775
BANKNIFTY-II.NFO,09/10/2024,09:41:51,51727.8,51714.55,135,51727.75,150,0,338775
BANKNIFTY-II.NFO,09/10/2024,09:41:52,51727.8,51712.05,120,51722.3,150,0,338775
BANKNIFTY-II.NFO,09/10/2024,09:41:54,51727.8,51712,45,51722.3,15,0,338775
BANKNIFTY-II.NFO,09/10/2024,09:41:56,51712,51712,15,51722.3,150,30,338775
BANKNIFTY-II.NFO,09/10/2024,09:41:57,51712,51710.55,120,51722.3,150,15,338775
BANKNIFTY-II.NFO,09/10/2024,09:41:59,51712,51712.05,120,51722.35,15,0,338775
BANKNIFTY-II.NFO,09/10/2024,09:42:01,51712,51723.6,120,51735.95,15,0,338775
BANKNIFTY-II.NFO,09/10/2024,09:42:02,51712,51723.9,120,51732.2,15,0,338775
BANKNIFTY-II.NFO,09/10/2024,09:42:04,51712,51728.25,120,51736.25,15,0,338775
BANKNIFTY-II.NFO,09/10/2024,09:42:06,51712,51728.8,120,51736.25,15,0,338775
BANKNIFTY-II.NFO,09/10/2024,09:42:07,51712,51732.35,120,51740,15,0,338775
BANKNIFTY-II.NFO,09/10/2024,09:42:09,51712,51732.6,135,51740,15,0,338775
BANKNIFTY-II.NFO,09/10/2024,09:42:11,51712,51734.55,120,51740,15,0,338775
BANKNIFTY-II.NFO,09/10/2024,09:42:12,51712,51731.5,120,51740,15,0,338775
BANKNIFTY-II.NFO,09/10/2024,09:42:14,51712,51738.45,120,51740,15,0,338775
BANKNIFTY-II.NFO,09/10/2024,09:42:16,51712,51728.45,120,51740,15,0,338775
BANKNIFTY-II.NFO,09/10/2024,09:42:17,51712,51734.05,120,51740,15,0,338775
BANKNIFTY-II.NFO,09/10/2024,09:42:19,51712,51733.25,120,51740,15,0,338775
BANKNIFTY-II.NFO,09/10/2024,09:42:21,51740,51734.25,120,51748.7,30,15,338775
BANKNIFTY-II.NFO,09/10/2024,09:42:24,51740,51734.85,120,51742.6,15,0,338775
BANKNIFTY-II.NFO,09/10/2024,09:42:25,51740,51740.45,135,51754.55,15,0,338775
BANKNIFTY-II.NFO,09/10/2024,09:42:27,51760,51759.15,60,51769.9,30,165,338775
BANKNIFTY-II.NFO,09/10/2024,09:42:29,51760,51753,15,51763.45,15,0,338775
BANKNIFTY-II.NFO,09/10/2024,09:42:30,51754.05,51758.15,75,51767.55,30,15,338775
BANKNIFTY-II.NFO,09/10/2024,09:42:32,51757.3,51760.65,135,51770,75,60,338775
BANKNIFTY-II.NFO,09/10/2024,09:42:34,51770,51755.25,120,51768.35,30,15,338775
BANKNIFTY-II.NFO,09/10/2024,09:42:35,51760,51754.35,120,51770,60,15,338775
BANKNIFTY-II.NFO,09/10/2024,09:42:37,51760,51764.8,120,51770,60,0,338775
BANKNIFTY-II.NFO,09/10/2024,09:42:39,51760,51765.2,120,51770,60,0,338775
BANKNIFTY-II.NFO,09/10/2024,09:42:40,51760,51760.1,60,51768.5,15,0,338775
BANKNIFTY-II.NFO,09/10/2024,09:42:42,51770,51770.25,135,51777,300,60,338655
BANKNIFTY-II.NFO,09/10/2024,09:42:44,51770,51764.85,120,51777,300,0,338655
BANKNIFTY-II.NFO,09/10/2024,09:42:45,51770,51766.1,120,51775,15,0,338655
BANKNIFTY-II.NFO,09/10/2024,09:42:47,51777,51770.25,120,51777,285,30,338655
BANKNIFTY-II.NFO,09/10/2024,09:42:49,51777,51764.6,60,51770,15,0,338655
BANKNIFTY-II.NFO,09/10/2024,09:42:50,51777,51753.8,60,51768.75,90,0,338655
BANKNIFTY-II.NFO,09/10/2024,09:42:52,51777,51758.05,120,51770,15,0,338655
BANKNIFTY-II.NFO,09/10/2024,09:42:54,51777,51767.15,60,51770,15,0,338655
BANKNIFTY-II.NFO,09/10/2024,09:42:55,51770,51765.45,60,51777,285,15,338655
BANKNIFTY-II.NFO,09/10/2024,09:42:57,51770,51774.3,60,51777,285,0,338655
BANKNIFTY-II.NFO,09/10/2024,09:42:59,51777,51776.9,60,51789.3,30,285,338655
BANKNIFTY-II.NFO,09/10/2024,09:43:01,51777,51769.8,120,51784.45,90,0,338655
BANKNIFTY-II.NFO,09/10/2024,09:43:02,51777,51779.9,60,51790.35,15,0,338655
BANKNIFTY-II.NFO,09/10/2024,09:43:04,51800,51788.3,120,51803.55,90,75,338655
BANKNIFTY-II.NFO,09/10/2024,09:43:06,51800,51787.6,120,51803.95,30,0,338655
BANKNIFTY-II.NFO,09/10/2024,09:43:07,51800,51797.45,120,51809.95,15,0,338655
BANKNIFTY-II.NFO,09/10/2024,09:43:09,51800,51783.7,120,51805.35,90,0,338655
BANKNIFTY-II.NFO,09/10/2024,09:43:11,51800,51777.05,120,51791.85,105,0,338655
BANKNIFTY-II.NFO,09/10/2024,09:43:12,51780.45,51777,150,51782.3,105,30,338655
BANKNIFTY-II.NFO,09/10/2024,09:43:14,51782.3,51777,150,51787.05,75,15,338655
BANKNIFTY-II.NFO,09/10/2024,09:43:16,51777,51777,30,51779.7,105,120,338655
BANKNIFTY-II.NFO,09/10/2024,09:43:17,51777,51762.8,90,51775.25,75,30,338655
BANKNIFTY-II.NFO,09/10/2024,09:43:19,51774.7,51759.75,60,51774.6,30,105,338655
BANKNIFTY-II.NFO,09/10/2024,09:43:21,51774.7,51765.9,60,51782.1,45,0,338655
BANKNIFTY-II.NFO,09/10/2024,09:43:22,51782.55,51772.7,60,51788.25,30,15,338655
BANKNIFTY-II.NFO,09/10/2024,09:43:24,51782.55,51778,150,51795.65,30,0,338655
BANKNIFTY-II.NFO,09/10/2024,09:43:26,51782.55,51785.15,120,51799.95,15,0,338655
BANKNIFTY-II.NFO,09/10/2024,09:43:27,51782.55,51790.15,60,51801.9,30,0,338655
BANKNIFTY-II.NFO,09/10/2024,09:43:29,51782.55,51789.85,60,51801.8,150,0,338655
BANKNIFTY-II.NFO,09/10/2024,09:43:31,51782.55,51782.1,60,51795.6,45,0,338655
BANKNIFTY-II.NFO,09/10/2024,09:43:32,51782.55,51779.8,120,51794.65,30,0,338655
BANKNIFTY-II.NFO,09/10/2024,09:43:34,51782.55,51782.45,135,51799.4,45,0,338655
BANKNIFTY-II.NFO,09/10/2024,09:43:36,51782.55,51785.55,60,51799.9,30,0,338655
BANKNIFTY-II.NFO,09/10/2024,09:43:37,51796.6,51782.55,60,51794.65,150,15,338655
BANKNIFTY-II.NFO,09/10/2024,09:43:39,51794.65,51782.55,60,51793.9,165,15,338655
BANKNIFTY-II.NFO,09/10/2024,09:43:40,51794.65,51782.05,60,51794.1,165,0,338655
BANKNIFTY-II.NFO,09/10/2024,09:43:42,51794.65,51785.45,60,51799.9,45,0,338655
BANKNIFTY-II.NFO,09/10/2024,09:43:44,51794.65,51790.25,60,51800,15,0,338655
BANKNIFTY-II.NFO,09/10/2024,09:43:45,51794.65,51795.4,120,51800,15,0,338655
BANKNIFTY-II.NFO,09/10/2024,09:43:47,51794.65,51796,60,51800,15,0,338655
BANKNIFTY-II.NFO,09/10/2024,09:43:49,51794.65,51791.8,60,51800,15,0,338655
BANKNIFTY-II.NFO,09/10/2024,09:43:50,51794.65,51792.5,60,51800,15,0,338655
BANKNIFTY-II.NFO,09/10/2024,09:43:52,51794.65,51798.05,60,51800,15,0,338655
BANKNIFTY-II.NFO,09/10/2024,09:43:54,51794.65,51789.7,60,51800,15,0,338655
BANKNIFTY-II.NFO,09/10/2024,09:43:55,51789.7,51783.65,120,51799.95,150,15,338655
BANKNIFTY-II.NFO,09/10/2024,09:43:57,51789.7,51784.75,120,51799.6,45,0,338655
BANKNIFTY-II.NFO,09/10/2024,09:43:59,51789.7,51782.85,30,51799.85,30,0,338655
BANKNIFTY-II.NFO,09/10/2024,09:44:00,51789.7,51782.55,150,51794.15,150,0,338655
BANKNIFTY-II.NFO,09/10/2024,09:44:02,51789.7,51791.15,120,51800,15,0,338655
BANKNIFTY-II.NFO,09/10/2024,09:44:04,51789.7,51794.2,120,51800,15,0,338655
BANKNIFTY-II.NFO,09/10/2024,09:44:05,51789.7,51791.35,90,51800,15,0,338655
BANKNIFTY-II.NFO,09/10/2024,09:44:07,51789.7,51791.7,120,51800,15,0,338655
BANKNIFTY-II.NFO,09/10/2024,09:44:09,51789.7,51786.25,45,51799.95,150,0,338655
BANKNIFTY-II.NFO,09/10/2024,09:44:10,51789.7,51785.45,120,51799.95,150,0,338655
BANKNIFTY-II.NFO,09/10/2024,09:44:12,51789.7,51795,15,51800,15,0,338655
BANKNIFTY-II.NFO,09/10/2024,09:44:14,51795,51792.75,120,51800,15,15,338655
BANKNIFTY-II.NFO,09/10/2024,09:44:15,51805.85,51803.1,15,51811.4,30,30,338655
BANKNIFTY-II.NFO,09/10/2024,09:44:17,51805.85,51789.05,60,51804.9,45,915,338655
BANKNIFTY-II.NFO,09/10/2024,09:44:19,51805.85,51792.65,60,51807.5,45,0,338655
BANKNIFTY-II.NFO,09/10/2024,09:44:20,51805.85,51787.25,60,51801.85,45,0,338655
BANKNIFTY-II.NFO,09/10/2024,09:44:22,51805.85,51793.7,60,51808.7,75,0,338655
BANKNIFTY-II.NFO,09/10/2024,09:44:24,51805.85,51793.7,60,51810.15,75,0,338655
BANKNIFTY-II.NFO,09/10/2024,09:44:25,51811.4,51805.85,15,51812.1,45,165,338655
BANKNIFTY-II.NFO,09/10/2024,09:44:27,51811.4,51805.85,15,51806.35,150,0,338655
BANKNIFTY-II.NFO,09/10/2024,09:44:29,51810.25,51805.85,15,51811.95,165,30,338655
BANKNIFTY-II.NFO,09/10/2024,09:44:30,51811.4,51811.4,315,51814.95,15,90,338655
BANKNIFTY-II.NFO,09/10/2024,09:44:32,51815,51811.4,15,51816,105,345,338655
BANKNIFTY-II.NFO,09/10/2024,09:44:34,51815,51811.4,15,51816,105,0,338655
BANKNIFTY-II.NFO,09/10/2024,09:44:35,51815,51811.4,30,51816,120,0,338655
BANKNIFTY-II.NFO,09/10/2024,09:44:37,51811.4,51811.4,15,51815.65,30,15,338655
BANKNIFTY-II.NFO,09/10/2024,09:44:39,51798.05,51800.05,15,51812.9,45,60,338655
BANKNIFTY-II.NFO,09/10/2024,09:44:40,51798.05,51804.05,15,51814.5,45,0,338655
BANKNIFTY-II.NFO,09/10/2024,09:44:42,51798.05,51806.05,15,51815.65,30,0,338655
BANKNIFTY-II.NFO,09/10/2024,09:44:44,51798.05,51806.05,15,51815.8,30,0,338655
BANKNIFTY-II.NFO,09/10/2024,09:44:45,51798.05,51805.85,15,51812.55,15,0,338655
BANKNIFTY-II.NFO,09/10/2024,09:44:47,51798.05,51805.85,15,51816,135,0,338655
BANKNIFTY-II.NFO,09/10/2024,09:44:50,51798.05,51805.85,15,51816,105,0,338655
BANKNIFTY-II.NFO,09/10/2024,09:44:52,51798.05,51805.85,15,51811.9,30,0,338655
BANKNIFTY-II.NFO,09/10/2024,09:44:54,51805.85,51788.05,15,51799.7,30,15,338655
BANKNIFTY-II.NFO,09/10/2024,09:44:55,51805.85,51784.05,15,51794.4,45,0,338655
BANKNIFTY-II.NFO,09/10/2024,09:44:57,51793.95,51784.05,15,51793.9,60,30,338655
BANKNIFTY-II.NFO,09/10/2024,09:44:59,51793.95,51782.6,30,51796,60,0,338655
BANKNIFTY-II.NFO,09/10/2024,09:45:00,51793.95,51784.05,15,51796.95,75,0,338655
BANKNIFTY-II.NFO,09/10/2024,09:45:02,51793.95,51784.95,30,51793.95,15,0,338655
BANKNIFTY-II.NFO,09/10/2024,09:45:04,51793.95,51798.05,15,51809.95,45,15,338655
BANKNIFTY-II.NFO,09/10/2024,09:45:05,51811,51800.05,15,51815.5,75,30,338655
BANKNIFTY-II.NFO,09/10/2024,09:45:07,51811,51792.05,15,51807.1,75,0,338655
BANKNIFTY-II.NFO,09/10/2024,09:45:09,51811,51798.05,15,51808.85,75,0,338655
BANKNIFTY-II.NFO,09/10/2024,09:45:10,51811,51784.15,30,51802.2,75,0,338655
BANKNIFTY-II.NFO,09/10/2024,09:45:12,51811,51782.9,30,51800.45,75,0,338655
BANKNIFTY-II.NFO,09/10/2024,09:45:14,51811,51782.55,150,51795.95,75,0,338655
BANKNIFTY-II.NFO,09/10/2024,09:45:15,51811,51782.55,150,51795.05,75,0,338655
BANKNIFTY-II.NFO,09/10/2024,09:45:17,51782.55,51782.55,135,51789.2,60,15,338655
BANKNIFTY-II.NFO,09/10/2024,09:45:19,51782.55,51782.55,120,51791.75,60,15,338655
BANKNIFTY-II.NFO,09/10/2024,09:45:20,51782.55,51782.55,120,51791.7,45,0,338655
BANKNIFTY-II.NFO,09/10/2024,09:45:22,51782.55,51782.55,120,51791.75,45,0,338655
BANKNIFTY-II.NFO,09/10/2024,09:45:24,51782.55,51782.55,75,51784.65,150,60,338655
BANKNIFTY-II.NFO,09/10/2024,09:45:25,51782.55,51766.05,15,51780.9,75,75,338655
BANKNIFTY-II.NFO,09/10/2024,09:45:27,51782.55,51770.05,15,51782.5,45,0,338655
BANKNIFTY-II.NFO,09/10/2024,09:45:29,51782.55,51770.05,15,51783.9,30,0,338655
BANKNIFTY-II.NFO,09/10/2024,09:45:31,51782.55,51776.05,15,51788.4,60,0,338655
BANKNIFTY-II.NFO,09/10/2024,09:45:32,51782.55,51776.05,15,51788.1,75,0,338655
BANKNIFTY-II.NFO,09/10/2024,09:45:34,51782.55,51767.05,60,51776.05,15,0,338655
BANKNIFTY-II.NFO,09/10/2024,09:45:36,51782.55,51767.6,60,51776.05,15,0,338655
BANKNIFTY-II.NFO,09/10/2024,09:45:37,51782.55,51762.05,15,51772.15,45,0,338655
BANKNIFTY-II.NFO,09/10/2024,09:45:39,51782.55,51760.05,15,51772.05,60,0,338655
BANKNIFTY-II.NFO,09/10/2024,09:45:41,51782.55,51754.05,15,51767.85,75,0,338655
BANKNIFTY-II.NFO,09/10/2024,09:45:42,51782.55,51754.05,15,51767.4,75,0,338655
BANKNIFTY-II.NFO,09/10/2024,09:45:44,51782.55,51760.05,15,51763.05,15,0,338655
BANKNIFTY-II.NFO,09/10/2024,09:45:46,51757.9,51754.05,15,51765.95,75,45,338490
BANKNIFTY-II.NFO,09/10/2024,09:45:47,51757.9,51753.05,60,51769.05,75,0,338490
BANKNIFTY-II.NFO,09/10/2024,09:45:49,51757.9,51762.1,60,51772.15,15,0,338490
BANKNIFTY-II.NFO,09/10/2024,09:45:51,51757.9,51754.05,15,51768.55,75,0,338490
BANKNIFTY-II.NFO,09/10/2024,09:45:54,51757.9,51750,30,51758.85,45,0,338490
BANKNIFTY-II.NFO,09/10/2024,09:45:56,51757.9,51750,30,51758.75,60,0,338490
BANKNIFTY-II.NFO,09/10/2024,09:45:57,51757.9,51750,30,51758.85,45,0,338490
BANKNIFTY-II.NFO,09/10/2024,09:45:59,51759,51750,30,51759.55,45,75,338490
BANKNIFTY-II.NFO,09/10/2024,09:46:01,51759,51750,30,51761.8,60,0,338490
BANKNIFTY-II.NFO,09/10/2024,09:46:02,51759,51750,30,51761.3,75,0,338490
BANKNIFTY-II.NFO,09/10/2024,09:46:04,51759,51750,30,51760.95,75,0,338490
BANKNIFTY-II.NFO,09/10/2024,09:46:06,51759,51752.1,60,51767.65,75,0,338490
BANKNIFTY-II.NFO,09/10/2024,09:46:07,51759,51754.6,60,51767.7,15,0,338490
BANKNIFTY-II.NFO,09/10/2024,09:46:09,51759,51754.05,15,51767.65,375,0,338490
BANKNIFTY-II.NFO,09/10/2024,09:46:11,51759,51750,30,51759.1,45,0,338490
BANKNIFTY-II.NFO,09/10/2024,09:46:12,51759,51757.9,15,51765.9,75,0,338490
BANKNIFTY-II.NFO,09/10/2024,09:46:14,51759,51757.9,15,51764,75,0,338490
BANKNIFTY-II.NFO,09/10/2024,09:46:16,51757.9,51750.05,60,51757.25,15,15,338490
BANKNIFTY-II.NFO,09/10/2024,09:46:17,51757.25,51754.1,60,51766.8,15,15,338490
BANKNIFTY-II.NFO,09/10/2024,09:46:19,51757.25,51756.05,15,51766.8,15,0,338490
BANKNIFTY-II.NFO,09/10/2024,09:46:21,51757.25,51752.1,60,51766.75,45,0,338490
BANKNIFTY-II.NFO,09/10/2024,09:46:22,51757.25,51752.1,60,51766.8,15,0,338490
BANKNIFTY-II.NFO,09/10/2024,09:46:24,51757.25,51754.05,15,51766.65,75,0,338490
BANKNIFTY-II.NFO,09/10/2024,09:46:26,51757.25,51756.1,60,51766.8,15,0,338490
BANKNIFTY-II.NFO,09/10/2024,09:46:27,51757.25,51754.1,60,51766.8,15,0,338490
BANKNIFTY-II.NFO,09/10/2024,09:46:29,51757.25,51755.7,60,51766.8,15,0,338490
BANKNIFTY-II.NFO,09/10/2024,09:46:31,51757.25,51750.2,60,51766.75,75,0,338490
BANKNIFTY-II.NFO,09/10/2024,09:46:32,51757.25,51750,15,51762.7,75,0,338490
BANKNIFTY-II.NFO,09/10/2024,09:46:34,51750,51739.6,60,51745,15,15,338490
BANKNIFTY-II.NFO,09/10/2024,09:46:36,51750,51737.25,60,51745,15,0,338490
BANKNIFTY-II.NFO,09/10/2024,09:46:37,51750,51732.1,60,51745,15,0,338490
BANKNIFTY-II.NFO,09/10/2024,09:46:39,51750,51731,60,51745,15,0,338490
BANKNIFTY-II.NFO,09/10/2024,09:46:41,51750,51736,60,51745,15,0,338490
BANKNIFTY-II.NFO,09/10/2024,09:46:42,51750,51745.65,60,51759.95,15,0,338490
BANKNIFTY-II.NFO,09/10/2024,09:46:44,51750,51764.1,60,51771.1,15,0,338490
BANKNIFTY-II.NFO,09/10/2024,09:46:46,51750,51760.05,75,51776.05,15,0,338490
BANKNIFTY-II.NFO,09/10/2024,09:46:47,51750,51758.05,15,51769.95,30,0,338490
BANKNIFTY-II.NFO,09/10/2024,09:46:49,51750,51758.05,15,51773.3,75,0,338490
BANKNIFTY-II.NFO,09/10/2024,09:46:51,51750,51753.2,60,51770.15,75,0,338490
BANKNIFTY-II.NFO,09/10/2024,09:46:52,51750,51758.3,60,51773.85,45,0,338490
BANKNIFTY-II.NFO,09/10/2024,09:46:54,51750,51760.05,15,51773.05,45,0,338490
BANKNIFTY-II.NFO,09/10/2024,09:46:57,51750,51760.05,15,51773.05,60,0,338490
BANKNIFTY-II.NFO,09/10/2024,09:46:59,51750,51762.1,60,51773.1,15,0,338490
BANKNIFTY-II.NFO,09/10/2024,09:47:02,51750,51764.05,15,51772.95,30,0,338490
BANKNIFTY-II.NFO,09/10/2024,09:47:04,51753,51752.05,15,51767.35,45,15,338490
BANKNIFTY-II.NFO,09/10/2024,09:47:06,51753,51756.1,60,51770.9,45,0,338490
BANKNIFTY-II.NFO,09/10/2024,09:47:07,51753,51760.65,60,51774.75,15,0,338490
BANKNIFTY-II.NFO,09/10/2024,09:47:09,51753,51761.7,60,51774.75,15,0,338490
BANKNIFTY-II.NFO,09/10/2024,09:47:11,51753,51758.1,60,51773.45,45,0,338490
BANKNIFTY-II.NFO,09/10/2024,09:47:12,51753,51754.1,60,51769.25,45,0,338490
BANKNIFTY-II.NFO,09/10/2024,09:47:14,51753,51758.4,60,51773.9,30,0,338490
BANKNIFTY-II.NFO,09/10/2024,09:47:15,51753,51762.1,60,51774.75,15,0,338490
BANKNIFTY-II.NFO,09/10/2024,09:47:17,51753,51762.05,15,51774.65,45,0,338490
BANKNIFTY-II.NFO,09/10/2024,09:47:19,51753,51756.05,15,51771.85,75,0,338490
BANKNIFTY-II.NFO,09/10/2024,09:47:20,51753,51753,15,51766.65,75,0,338490
BANKNIFTY-II.NFO,09/10/2024,09:47:22,51753,51753,15,51763.2,75,0,338490
BANKNIFTY-II.NFO,09/10/2024,09:47:24,51753,51753,15,51765.9,45,0,338490
BANKNIFTY-II.NFO,09/10/2024,09:47:25,51753,51758.05,15,51768.05,30,0,338490
BANKNIFTY-II.NFO,09/10/2024,09:47:27,51753,51758.05,15,51770,45,0,338490
BANKNIFTY-II.NFO,09/10/2024,09:47:29,51753,51760.05,15,51772.9,45,0,338490
BANKNIFTY-II.NFO,09/10/2024,09:47:30,51753,51764.65,30,51773.1,15,0,338490
BANKNIFTY-II.NFO,09/10/2024,09:47:32,51764.05,51764.05,15,51774.7,30,15,338490
BANKNIFTY-II.NFO,09/10/2024,09:47:34,51764.05,51754.05,15,51768.35,45,0,338490
BANKNIFTY-II.NFO,09/10/2024,09:47:35,51764.05,51756.05,15,51767.9,75,0,338490
BANKNIFTY-II.NFO,09/10/2024,09:47:37,51764.05,51756.05,15,51767.9,60,0,338490
BANKNIFTY-II.NFO,09/10/2024,09:47:39,51753,51754.05,15,51766.35,75,60,338490
BANKNIFTY-II.NFO,09/10/2024,09:47:40,51753,51756.05,15,51769.85,45,0,338490
BANKNIFTY-II.NFO,09/10/2024,09:47:42,51753,51758.05,15,51771.7,45,0,338490
BANKNIFTY-II.NFO,09/10/2024,09:47:44,51753,51762.05,15,51772.25,45,0,338490
BANKNIFTY-II.NFO,09/10/2024,09:47:45,51753,51764.05,15,51774.75,15,0,338490
BANKNIFTY-II.NFO,09/10/2024,09:47:47,51753,51762.05,15,51774.7,45,0,338490
BANKNIFTY-II.NFO,09/10/2024,09:47:49,51753,51762.05,15,51773.95,15,0,338490
BANKNIFTY-II.NFO,09/10/2024,09:47:51,51753,51758.05,15,51770.75,15,0,338490
BANKNIFTY-II.NFO,09/10/2024,09:47:52,51773.1,51761.9,60,51774.75,15,30,338490
BANKNIFTY-II.NFO,09/10/2024,09:47:54,51773.1,51773.95,15,51774.75,15,0,338490
BANKNIFTY-II.NFO,09/10/2024,09:47:56,51773.95,51756.05,15,51768.8,45,15,338490
BANKNIFTY-II.NFO,09/10/2024,09:47:57,51773.95,51755.65,60,51769.95,15,0,338490
BANKNIFTY-II.NFO,09/10/2024,09:47:59,51773.95,51761.55,60,51774.75,15,0,338490
BANKNIFTY-II.NFO,09/10/2024,09:48:01,51773.95,51762.4,60,51774.75,15,0,338490
BANKNIFTY-II.NFO,09/10/2024,09:48:02,51773.95,51763.7,60,51774.75,15,0,338490
BANKNIFTY-II.NFO,09/10/2024,09:48:04,51773.95,51773.95,15,51774.75,15,0,338490
BANKNIFTY-II.NFO,09/10/2024,09:48:06,51773.95,51760.05,15,51772,120,15,338490
BANKNIFTY-II.NFO,09/10/2024,09:48:07,51760.05,51758.05,15,51770,45,15,338490
BANKNIFTY-II.NFO,09/10/2024,09:48:09,51765.45,51753,15,51765.2,150,15,338490
BANKNIFTY-II.NFO,09/10/2024,09:48:11,51765.45,51760.1,60,51773.05,15,0,338490
BANKNIFTY-II.NFO,09/10/2024,09:48:12,51774.75,51762.05,15,51774.9,15,30,338490
BANKNIFTY-II.NFO,09/10/2024,09:48:14,51774.75,51765.15,60,51773.1,15,0,338490
BANKNIFTY-II.NFO,09/10/2024,09:48:16,51774.75,51764.05,15,51773.1,15,0,338490
BANKNIFTY-II.NFO,09/10/2024,09:48:19,51774.75,51760.05,15,51773.1,30,0,338490
BANKNIFTY-II.NFO,09/10/2024,09:48:21,51774.75,51756.05,15,51771.6,165,0,338490
BANKNIFTY-II.NFO,09/10/2024,09:48:22,51774.75,51754.1,60,51769.15,45,0,338490
BANKNIFTY-II.NFO,09/10/2024,09:48:24,51774.75,51753,15,51767,75,0,338490
BANKNIFTY-II.NFO,09/10/2024,09:48:25,51774.75,51753,15,51765.55,45,0,338490
BANKNIFTY-II.NFO,09/10/2024,09:48:27,51774.75,51753.3,30,51769.2,165,0,338490
BANKNIFTY-II.NFO,09/10/2024,09:48:29,51774.75,51753,15,51766.8,30,0,338490
BANKNIFTY-II.NFO,09/10/2024,09:48:30,51774.75,51753,15,51767.35,75,0,338490
BANKNIFTY-II.NFO,09/10/2024,09:48:32,51774.75,51753,15,51763.7,150,0,338490
BANKNIFTY-II.NFO,09/10/2024,09:48:34,51774.75,51754.1,60,51767.95,45,0,338490
BANKNIFTY-II.NFO,09/10/2024,09:48:35,51766.4,51753,15,51764.3,135,45,338490
BANKNIFTY-II.NFO,09/10/2024,09:48:37,51766.4,51760,15,51767.95,15,0,338490
BANKNIFTY-II.NFO,09/10/2024,09:48:39,51766.4,51760,15,51761.05,120,0,338490
BANKNIFTY-II.NFO,09/10/2024,09:48:40,51758.7,51750,75,51759.95,15,30,338490
BANKNIFTY-II.NFO,09/10/2024,09:48:42,51758.25,51750,75,51756.8,75,15,338580
BANKNIFTY-II.NFO,09/10/2024,09:48:44,51758.25,51750,75,51760.65,315,0,338580
BANKNIFTY-II.NFO,09/10/2024,09:48:45,51758.25,51750,90,51752.45,15,15,338580
BANKNIFTY-II.NFO,09/10/2024,09:48:47,51758.25,51750,90,51752.45,15,0,338580
BANKNIFTY-II.NFO,09/10/2024,09:48:49,51746.45,51744.25,15,51746.4,75,120,338580
BANKNIFTY-II.NFO,09/10/2024,09:48:50,51750,51744.25,15,51751.15,75,15,338580
BANKNIFTY-II.NFO,09/10/2024,09:48:52,51744.25,51732.95,30,51746.4,90,15,338580
BANKNIFTY-II.NFO,09/10/2024,09:48:54,51744.25,51732.8,30,51745.4,135,0,338580
BANKNIFTY-II.NFO,09/10/2024,09:48:55,51745.4,51737.55,30,51747.95,15,60,338580
BANKNIFTY-II.NFO,09/10/2024,09:48:57,51745.4,51736.5,30,51747.95,15,0,338580
BANKNIFTY-II.NFO,09/10/2024,09:48:59,51745.4,51734.3,30,51747.4,75,0,338580
BANKNIFTY-II.NFO,09/10/2024,09:49:00,51745.4,51740,15,51747.95,15,0,338580
BANKNIFTY-II.NFO,09/10/2024,09:49:02,51740,51734.95,60,51747.95,15,15,338580
BANKNIFTY-II.NFO,09/10/2024,09:49:04,51740,51733.1,30,51745.95,15,0,338580
BANKNIFTY-II.NFO,09/10/2024,09:49:05,51740,51726.65,30,51739.45,75,0,338580
BANKNIFTY-II.NFO,09/10/2024,09:49:07,51726.65,51728.7,60,51737.35,15,15,338580
BANKNIFTY-II.NFO,09/10/2024,09:49:09,51726.65,51732.9,60,51743.95,15,0,338580
BANKNIFTY-II.NFO,09/10/2024,09:49:10,51726.65,51735.95,60,51745.95,15,0,338580
BANKNIFTY-II.NFO,09/10/2024,09:49:12,51726.65,51731.45,60,51746.15,90,0,338580
BANKNIFTY-II.NFO,09/10/2024,09:49:14,51726.65,51728.35,60,51743,90,0,338580
BANKNIFTY-II.NFO,09/10/2024,09:49:15,51726.65,51731,60,51745.8,90,0,338580
BANKNIFTY-II.NFO,09/10/2024,09:49:17,51726.65,51725.5,60,51740.35,75,0,338580
BANKNIFTY-II.NFO,09/10/2024,09:49:19,51726.65,51727.5,60,51741.95,30,0,338580
BANKNIFTY-II.NFO,09/10/2024,09:49:20,51726.65,51727.25,60,51741.95,30,0,338580
BANKNIFTY-II.NFO,09/10/2024,09:49:22,51742.35,51730.1,60,51743.9,15,30,338580
BANKNIFTY-II.NFO,09/10/2024,09:49:23,51742.35,51728.6,60,51741.95,15,0,338580
BANKNIFTY-II.NFO,09/10/2024,09:49:25,51740.65,51725,15,51737.45,75,30,338580
BANKNIFTY-II.NFO,09/10/2024,09:49:27,51740.65,51725,15,51737.45,75,0,338580
BANKNIFTY-II.NFO,09/10/2024,09:49:28,51740.65,51725.05,60,51737.95,15,0,338580
BANKNIFTY-II.NFO,09/10/2024,09:49:30,51740.65,51725,15,51737.95,15,0,338580
BANKNIFTY-II.NFO,09/10/2024,09:49:32,51722.75,51718.1,60,51726.55,15,90,338580
BANKNIFTY-II.NFO,09/10/2024,09:49:33,51722.8,51717.05,60,51722.8,15,105,338580
BANKNIFTY-II.NFO,09/10/2024,09:49:35,51723.15,51725.05,60,51737.8,15,30,338580
BANKNIFTY-II.NFO,09/10/2024,09:49:37,51723.15,51729.7,60,51737.1,15,0,338580
BANKNIFTY-II.NFO,09/10/2024,09:49:38,51737.25,51739.9,75,51752.6,15,30,338580
BANKNIFTY-II.NFO,09/10/2024,09:49:40,51737.25,51740.05,15,51749.95,300,0,338580
BANKNIFTY-II.NFO,09/10/2024,09:49:42,51737.25,51734.05,75,51747.95,15,0,338580
BANKNIFTY-II.NFO,09/10/2024,09:49:43,51737.25,51738.05,60,51742.35,15,0,338580
BANKNIFTY-II.NFO,09/10/2024,09:49:45,51737.25,51737.65,60,51742.35,15,0,338580
BANKNIFTY-II.NFO,09/10/2024,09:49:47,51751.95,51743.8,60,51756.7,15,30,338580
BANKNIFTY-II.NFO,09/10/2024,09:49:48,51751.95,51742.35,60,51756.7,30,0,338580
BANKNIFTY-II.NFO,09/10/2024,09:49:50,51751.95,51740.45,90,51753.95,15,0,338580
BANKNIFTY-II.NFO,09/10/2024,09:49:52,51751.95,51739.05,30,51753.95,30,0,338580
BANKNIFTY-II.NFO,09/10/2024,09:49:54,51751.95,51742.75,60,51755.95,15,0,338580
BANKNIFTY-II.NFO,09/10/2024,09:49:55,51751.95,51742.25,30,51756.7,30,0,338580
BANKNIFTY-II.NFO,09/10/2024,09:49:57,51751.95,51740.05,15,51753.8,45,0,338580
BANKNIFTY-II.NFO,09/10/2024,09:49:59,51751.95,51733.05,60,51748.75,30,0,338580
BANKNIFTY-II.NFO,09/10/2024,09:50:00,51751.95,51731.3,30,51747,30,0,338580
BANKNIFTY-II.NFO,09/10/2024,09:50:02,51751.95,51732.05,15,51747.3,30,0,338580
BANKNIFTY-II.NFO,09/10/2024,09:50:04,51748.95,51733.25,30,51747.75,60,30,338580
BANKNIFTY-II.NFO,09/10/2024,09:50:05,51747,51736.05,15,51749.8,60,15,338580
BANKNIFTY-II.NFO,09/10/2024,09:50:07,51747,51737.9,30,51751.7,15,0,338580
BANKNIFTY-II.NFO,09/10/2024,09:50:09,51747,51742.05,15,51751.7,15,0,338580
BANKNIFTY-II.NFO,09/10/2024,09:50:10,51747,51740.05,15,51751.7,15,0,338580
BANKNIFTY-II.NFO,09/10/2024,09:50:12,51747,51740.55,30,51751.7,15,0,338580
BANKNIFTY-II.NFO,09/10/2024,09:50:14,51747,51743.45,30,51751.7,15,0,338580
BANKNIFTY-II.NFO,09/10/2024,09:50:15,51747,51743.45,30,51751.85,15,0,338580
BANKNIFTY-II.NFO,09/10/2024,09:50:17,51747,51737.4,30,51751.8,75,0,338580
BANKNIFTY-II.NFO,09/10/2024,09:50:19,51747,51734.75,60,51737.4,15,0,338580
BANKNIFTY-II.NFO,09/10/2024,09:50:20,51737.4,51740.05,15,51751.85,30,15,338580
BANKNIFTY-II.NFO,09/10/2024,09:50:22,51737.4,51740.05,15,51751.8,15,0,338580
BANKNIFTY-II.NFO,09/10/2024,09:50:24,51737.4,51742.05,30,51751.85,15,0,338580
BANKNIFTY-II.NFO,09/10/2024,09:50:25,51737.4,51733.1,30,51748.15,75,0,338580
BANKNIFTY-II.NFO,09/10/2024,09:50:27,51748.25,51735.45,60,51749.3,75,15,338580
BANKNIFTY-II.NFO,09/10/2024,09:50:29,51748.25,51730,15,51741.45,75,0,338580
BANKNIFTY-II.NFO,09/10/2024,09:50:30,51748.25,51732.05,15,51743.35,45,0,338580
BANKNIFTY-II.NFO,09/10/2024,09:50:32,51748.25,51730,15,51741,75,0,338580
BANKNIFTY-II.NFO,09/10/2024,09:50:34,51748.25,51730,15,51742.1,15,0,338580
BANKNIFTY-II.NFO,09/10/2024,09:50:35,51748.25,51733.5,60,51747.95,30,0,338580
BANKNIFTY-II.NFO,09/10/2024,09:50:37,51748.25,51730.05,15,51741.25,45,0,338580
BANKNIFTY-II.NFO,09/10/2024,09:50:39,51748.25,51730,15,51738.8,60,0,338580
BANKNIFTY-II.NFO,09/10/2024,09:50:40,51748.25,51730.35,60,51743.95,15,0,338580
BANKNIFTY-II.NFO,09/10/2024,09:50:42,51748.25,51733.05,60,51743.95,15,0,338580
BANKNIFTY-II.NFO,09/10/2024,09:50:44,51748.25,51733.25,60,51743.95,15,0,338580
BANKNIFTY-II.NFO,09/10/2024,09:50:45,51743.5,51732.25,60,51745.95,15,15,338580
BANKNIFTY-II.NFO,09/10/2024,09:50:47,51743.5,51738.1,60,51747.95,15,0,338580
BANKNIFTY-II.NFO,09/10/2024,09:50:49,51743.5,51735.55,60,51747.95,15,0,338580
BANKNIFTY-II.NFO,09/10/2024,09:50:50,51743.5,51742.3,60,51751.85,15,0,338580
BANKNIFTY-II.NFO,09/10/2024,09:50:52,51743.5,51743.9,60,51751.85,15,0,338580
BANKNIFTY-II.NFO,09/10/2024,09:50:54,51743.5,51747.35,60,51751.85,15,0,338580
BANKNIFTY-II.NFO,09/10/2024,09:50:55,51743.5,51745,75,51751.85,15,0,338580
BANKNIFTY-II.NFO,09/10/2024,09:50:57,51743.5,51745.15,60,51751.85,15,0,338580
BANKNIFTY-II.NFO,09/10/2024,09:50:59,51752,51744.1,60,51756.5,15,30,338580
