Ticker,Date,Time,LTP,BuyPrice,BuyQty,SellPrice,SellQty,LTQ,OpenInterest
NIFTY-III.NFO,04/09/2024,09:15:00,25556,25418.45,250,25467.75,100,700,129775
NIFTY-III.NFO,04/09/2024,09:15:00,25556,25418.45,250,25467.75,100,0,129775
NIFTY-III.NFO,04/09/2024,09:15:00,25556,25418.45,250,25467.75,100,0,129775
NIFTY-III.NFO,04/09/2024,09:15:00,25425,25418.45,250,25467.75,100,0,129775
NIFTY-III.NFO,04/09/2024,09:15:01,25467.65,25405.8,50,25459,100,175,129775
NIFTY-III.NFO,04/09/2024,09:15:01,25418.45,25405.8,50,25459,100,0,129775
NIFTY-III.NFO,04/09/2024,09:15:02,25451.3,25425.15,50,25458.55,100,50,129775
NIFTY-III.NFO,04/09/2024,09:15:03,25450,25431.85,25,25449.85,100,50,129775
NIFTY-III.NFO,04/09/2024,09:15:03,25434.95,25434.95,25,25449.85,100,50,129775
NIFTY-III.NFO,04/09/2024,09:15:04,25430.05,25434.6,50,25469.25,100,175,129775
NIFTY-III.NFO,04/09/2024,09:15:05,25473.55,25441.3,100,25473.55,100,50,129775
NIFTY-III.NFO,04/09/2024,09:15:06,25473.5,25446.95,100,25473.45,25,675,129775
NIFTY-III.NFO,04/09/2024,09:15:07,25473.35,25447.55,100,25473.35,675,1025,129775
NIFTY-III.NFO,04/09/2024,09:15:08,25473.35,25449.6,100,25473.3,100,475,129775
NIFTY-III.NFO,04/09/2024,09:15:09,25473.1,25447.55,100,25473.1,25,25,129775
NIFTY-III.NFO,04/09/2024,09:15:11,25452.25,25450.7,375,25472.9,100,2550,129775
NIFTY-III.NFO,04/09/2024,09:15:12,25452.25,25453.3,375,25472.6,100,0,129775
NIFTY-III.NFO,04/09/2024,09:15:13,25472.5,25452.9,25,25470.65,100,25,129775
NIFTY-III.NFO,04/09/2024,09:15:14,25470.65,25456,75,25470.55,100,50,129775
NIFTY-III.NFO,04/09/2024,09:15:15,25470.3,25454.95,100,25467.25,150,125,129775
NIFTY-III.NFO,04/09/2024,09:15:16,25470.3,25455.85,100,25466.15,150,0,129775
NIFTY-III.NFO,04/09/2024,09:15:17,25467.1,25456.75,100,25466.95,125,25,129775
NIFTY-III.NFO,04/09/2024,09:15:18,25467.3,25453,100,25467.25,350,50,129775
NIFTY-III.NFO,04/09/2024,09:15:19,25467.1,25458.65,100,25467.1,25,100,129775
NIFTY-III.NFO,04/09/2024,09:15:19,25467.1,25460.5,50,25467.15,325,25,129775
NIFTY-III.NFO,04/09/2024,09:15:20,25467.15,25452.95,100,25467.1,50,75,129775
NIFTY-III.NFO,04/09/2024,09:15:21,25467.15,25456.2,100,25467.05,150,25,129775
NIFTY-III.NFO,04/09/2024,09:15:22,25460,25456.2,100,25460,25,100,129775
NIFTY-III.NFO,04/09/2024,09:15:24,25460,25456.15,25,25466.95,175,25,129775
NIFTY-III.NFO,04/09/2024,09:15:25,25460,25456.15,25,25464.55,125,0,129775
NIFTY-III.NFO,04/09/2024,09:15:26,25466.35,25456.15,25,25466.35,450,25,129775
NIFTY-III.NFO,04/09/2024,09:15:27,25466.3,25456.15,25,25466.25,200,50,129775
NIFTY-III.NFO,04/09/2024,09:15:28,25463.5,25456.15,25,25465.35,250,50,129775
NIFTY-III.NFO,04/09/2024,09:15:29,25460.35,25453,50,25457.15,75,100,129775
NIFTY-III.NFO,04/09/2024,09:15:29,25460.35,25453,50,25460.35,275,0,129775
NIFTY-III.NFO,04/09/2024,09:15:30,25460.35,25453,50,25460.3,100,0,129775
NIFTY-III.NFO,04/09/2024,09:15:31,25460.35,25453,50,25459.65,275,0,129775
NIFTY-III.NFO,04/09/2024,09:15:32,25459.65,25450,150,25455.15,225,75,130925
NIFTY-III.NFO,04/09/2024,09:15:34,25450,25450,150,25455,25,525,130925
NIFTY-III.NFO,04/09/2024,09:15:35,25445,25440.15,100,25452.8,100,250,130925
NIFTY-III.NFO,04/09/2024,09:15:36,25449.7,25440.05,100,25448.9,200,25,130925
NIFTY-III.NFO,04/09/2024,09:15:37,25449.7,25440.05,100,25447.15,50,0,130925
NIFTY-III.NFO,04/09/2024,09:15:38,25449.7,25440.05,100,25445.5,50,0,130925
NIFTY-III.NFO,04/09/2024,09:15:39,25449.7,25440,575,25445.5,350,0,130925
NIFTY-III.NFO,04/09/2024,09:15:39,25449.7,25440.05,100,25445.5,350,0,130925
NIFTY-III.NFO,04/09/2024,09:15:40,25444.95,25440.05,100,25445,150,75,130925
NIFTY-III.NFO,04/09/2024,09:15:41,25444.95,25440.05,100,25444.9,25,75,130925
NIFTY-III.NFO,04/09/2024,09:15:43,25440,25440,75,25444.95,75,600,130925
NIFTY-III.NFO,04/09/2024,09:15:44,25440,25440,125,25444.75,75,0,130925
NIFTY-III.NFO,04/09/2024,09:15:45,25440,25441,25,25445,75,125,130925
NIFTY-III.NFO,04/09/2024,09:15:46,25440,25441,25,25444.6,75,0,130925
NIFTY-III.NFO,04/09/2024,09:15:47,25440,25441,25,25444.45,75,0,130925
NIFTY-III.NFO,04/09/2024,09:15:48,25441,25440,75,25444.2,75,25,130925
NIFTY-III.NFO,04/09/2024,09:15:48,25441,25440,75,25444.2,75,0,130925
NIFTY-III.NFO,04/09/2024,09:15:49,25440.05,25440.05,175,25445,75,50,130925
NIFTY-III.NFO,04/09/2024,09:15:50,25445,25440.05,100,25445,50,25,130925
NIFTY-III.NFO,04/09/2024,09:15:52,25444.95,25440,200,25444.95,50,50,130925
NIFTY-III.NFO,04/09/2024,09:15:53,25444.6,25440,125,25444.95,100,50,130925
NIFTY-III.NFO,04/09/2024,09:15:54,25444.95,25440.05,100,25445,50,25,130925
NIFTY-III.NFO,04/09/2024,09:15:55,25445,25445,150,25449.35,25,50,130925
NIFTY-III.NFO,04/09/2024,09:15:56,25449.9,25445,250,25449.9,75,50,130925
NIFTY-III.NFO,04/09/2024,09:15:57,25449.85,25445,250,25449.95,25,25,130925
NIFTY-III.NFO,04/09/2024,09:15:58,25445,25444.6,100,25449.55,100,200,130925
NIFTY-III.NFO,04/09/2024,09:15:58,25449.55,25444.6,100,25449.9,25,100,130925
NIFTY-III.NFO,04/09/2024,09:15:59,25450,25444.65,100,25450,25,50,130925
NIFTY-III.NFO,04/09/2024,09:16:00,25449.85,25445,25,25449.95,100,75,130925
NIFTY-III.NFO,04/09/2024,09:16:02,25445.6,25440.05,25,25446.25,100,125,130925
NIFTY-III.NFO,04/09/2024,09:16:03,25444.6,25440,325,25444.55,25,225,130925
NIFTY-III.NFO,04/09/2024,09:16:04,25445.25,25440,325,25444.55,100,150,130925
NIFTY-III.NFO,04/09/2024,09:16:05,25440,25440,75,25443,200,250,130925
NIFTY-III.NFO,04/09/2024,09:16:06,25442.9,25440,50,25442.95,100,75,130925
NIFTY-III.NFO,04/09/2024,09:16:06,25440,25431.15,100,25442,200,50,130925
NIFTY-III.NFO,04/09/2024,09:16:07,25440,25431.05,100,25440.05,300,50,130925
NIFTY-III.NFO,04/09/2024,09:16:08,25440,25431.05,100,25439.65,25,0,130925
NIFTY-III.NFO,04/09/2024,09:16:10,25440,25431.05,100,25440.1,75,0,130925
NIFTY-III.NFO,04/09/2024,09:16:11,25439.9,25431.05,100,25440.05,25,50,130925
NIFTY-III.NFO,04/09/2024,09:16:12,25440,25431.05,100,25440.1,50,25,130925
NIFTY-III.NFO,04/09/2024,09:16:13,25440,25431.05,100,25440.1,50,0,130925
NIFTY-III.NFO,04/09/2024,09:16:14,25440,25431.15,100,25442.05,25,25,130925
NIFTY-III.NFO,04/09/2024,09:16:14,25440,25431.15,100,25442.05,25,0,130925
NIFTY-III.NFO,04/09/2024,09:16:15,25440,25432.15,100,25442.05,25,0,130925
NIFTY-III.NFO,04/09/2024,09:16:17,25440,25432.15,100,25441.9,25,75,130925
NIFTY-III.NFO,04/09/2024,09:16:18,25441.85,25432.35,100,25441.8,275,25,130925
NIFTY-III.NFO,04/09/2024,09:16:19,25441.8,25435,25,25440.35,25,25,130925
NIFTY-III.NFO,04/09/2024,09:16:20,25441.8,25435,50,25441.75,50,0,130925
NIFTY-III.NFO,04/09/2024,09:16:21,25435,25435,25,25440.2,25,25,130925
NIFTY-III.NFO,04/09/2024,09:16:21,25435,25435,25,25440.05,125,0,130925
NIFTY-III.NFO,04/09/2024,09:16:22,25438,25435,25,25439.3,25,25,130925
NIFTY-III.NFO,04/09/2024,09:16:23,25438,25435,25,25440.75,500,0,130925
NIFTY-III.NFO,04/09/2024,09:16:25,25435,25432.05,100,25441.75,25,25,130925
NIFTY-III.NFO,04/09/2024,09:16:26,25440.65,25432.05,100,25441.25,500,25,130925
NIFTY-III.NFO,04/09/2024,09:16:27,25424.7,25435,25,25440.05,100,525,130925
NIFTY-III.NFO,04/09/2024,09:16:28,25424.7,25435,25,25440.8,100,0,130925
NIFTY-III.NFO,04/09/2024,09:16:29,25439.5,25435,25,25440.1,75,25,130925
NIFTY-III.NFO,04/09/2024,09:16:29,25439.5,25435,25,25440.1,75,0,130925
NIFTY-III.NFO,04/09/2024,09:16:30,25441.35,25435,25,25442.05,25,100,130925
NIFTY-III.NFO,04/09/2024,09:16:32,25440.1,25435,25,25441.45,500,25,130925
NIFTY-III.NFO,04/09/2024,09:16:33,25440.1,25435,50,25441.9,25,0,130925
NIFTY-III.NFO,04/09/2024,09:16:34,25431.6,25432.45,100,25441.9,100,250,130925
NIFTY-III.NFO,04/09/2024,09:16:35,25431.6,25432.5,175,25441.9,100,0,130925
NIFTY-III.NFO,04/09/2024,09:16:36,25442.85,25440.1,125,25442.85,25,250,130925
NIFTY-III.NFO,04/09/2024,09:16:36,25442.85,25440.1,125,25442.85,25,0,130925
NIFTY-III.NFO,04/09/2024,09:16:37,25440.1,25432.5,175,25442.9,25,425,130925
NIFTY-III.NFO,04/09/2024,09:16:38,25442.85,25432.9,100,25442.9,25,25,130925
NIFTY-III.NFO,04/09/2024,09:16:40,25442.85,25432.9,100,25442.25,25,0,130925
NIFTY-III.NFO,04/09/2024,09:16:41,25442.85,25432.9,100,25441.25,450,0,130925
NIFTY-III.NFO,04/09/2024,09:16:42,25440.1,25432.9,100,25441.15,100,100,130925
NIFTY-III.NFO,04/09/2024,09:16:43,25440.1,25432.9,100,25441.05,25,0,130925
NIFTY-III.NFO,04/09/2024,09:16:44,25440.1,25440.1,25,25440.7,75,0,130925
NIFTY-III.NFO,04/09/2024,09:16:45,25440.1,25436.85,75,25441.05,25,25,130925
NIFTY-III.NFO,04/09/2024,09:16:47,25440.1,25436.85,75,25441.05,25,0,130925
NIFTY-III.NFO,04/09/2024,09:16:48,25441.05,25436.85,75,25441.3,25,25,130925
NIFTY-III.NFO,04/09/2024,09:16:49,25440,25440,250,25441.3,25,25,130925
NIFTY-III.NFO,04/09/2024,09:16:50,25441.3,25440,250,25441.2,300,25,130925
NIFTY-III.NFO,04/09/2024,09:16:50,25441.3,25440,250,25441.9,25,0,130925
NIFTY-III.NFO,04/09/2024,09:16:51,25440.8,25436.85,75,25440,25,375,130925
NIFTY-III.NFO,04/09/2024,09:16:52,25436.95,25436.85,75,25439.9,25,50,130925
NIFTY-III.NFO,04/09/2024,09:16:54,25436.85,25436.85,50,25439.95,300,25,130925
NIFTY-III.NFO,04/09/2024,09:16:55,25436.85,25432.9,100,25439.35,300,0,130925
NIFTY-III.NFO,04/09/2024,09:16:56,25436.85,25432.9,100,25439.4,100,0,130925
NIFTY-III.NFO,04/09/2024,09:16:57,25438.75,25431.05,100,25438.7,25,25,130925
NIFTY-III.NFO,04/09/2024,09:16:57,25438.75,25431.05,100,25438.65,25,0,130925
NIFTY-III.NFO,04/09/2024,09:16:58,25438.75,25431.05,175,25438.6,75,0,130925
NIFTY-III.NFO,04/09/2024,09:16:59,25436.95,25431.05,100,25438,25,50,130925
NIFTY-III.NFO,04/09/2024,09:17:01,25425.95,25425.8,50,25434.65,100,250,130925
NIFTY-III.NFO,04/09/2024,09:17:02,25433.95,25425.1,50,25433.25,100,100,130925
NIFTY-III.NFO,04/09/2024,09:17:03,25432.65,25425.05,100,25432.65,100,75,130925
NIFTY-III.NFO,04/09/2024,09:17:04,25431.05,25425.05,100,25430.45,75,25,130925
NIFTY-III.NFO,04/09/2024,09:17:04,25430.45,25425.05,100,25430.45,50,25,130925
NIFTY-III.NFO,04/09/2024,09:17:05,25430,25425.05,100,25430.2,75,25,130925
NIFTY-III.NFO,04/09/2024,09:17:06,25430.45,25425.05,100,25431.05,75,125,130925
NIFTY-III.NFO,04/09/2024,09:17:08,25430,25425.05,100,25430,100,50,130925
NIFTY-III.NFO,04/09/2024,09:17:09,25430,25425.05,100,25430,100,0,130925
NIFTY-III.NFO,04/09/2024,09:17:10,25425,25424.7,125,25428.8,75,25,130925
NIFTY-III.NFO,04/09/2024,09:17:11,25428.95,25424.75,100,25428.95,50,25,130925
NIFTY-III.NFO,04/09/2024,09:17:11,25428.95,25424.75,100,25428.95,50,0,130925
NIFTY-III.NFO,04/09/2024,09:17:12,25428.95,25424.7,125,25428.95,100,0,130925
NIFTY-III.NFO,04/09/2024,09:17:14,25424.7,25426,50,25428.3,125,25,130925
NIFTY-III.NFO,04/09/2024,09:17:15,25424.7,25426,50,25428.25,50,0,130925
NIFTY-III.NFO,04/09/2024,09:17:16,25428.3,25426.05,100,25430,100,25,130925
NIFTY-III.NFO,04/09/2024,09:17:17,25426.05,25426,50,25429.4,75,25,130925
NIFTY-III.NFO,04/09/2024,09:17:18,25426.05,25426,50,25430,100,0,130925
NIFTY-III.NFO,04/09/2024,09:17:19,25426.05,25426,50,25429,125,0,130925
NIFTY-III.NFO,04/09/2024,09:17:19,25426.05,25426,50,25429,75,0,130925
NIFTY-III.NFO,04/09/2024,09:17:21,25429,25426,50,25429,50,25,130925
NIFTY-III.NFO,04/09/2024,09:17:22,25429,25426,50,25428.7,75,0,130925
NIFTY-III.NFO,04/09/2024,09:17:23,25426,25426,25,25429.9,75,25,130925
NIFTY-III.NFO,04/09/2024,09:17:24,25426,25426,25,25429.4,100,0,130925
NIFTY-III.NFO,04/09/2024,09:17:25,25426,25425,25,25428.8,75,25,130925
NIFTY-III.NFO,04/09/2024,09:17:26,25426,25425,25,25428.75,25,0,130925
NIFTY-III.NFO,04/09/2024,09:17:28,25424.75,25424.7,100,25428.7,50,100,130925
NIFTY-III.NFO,04/09/2024,09:17:29,25429.4,25424.75,100,25429.35,75,250,130925
NIFTY-III.NFO,04/09/2024,09:17:30,25429.4,25424.7,100,25428,50,0,130925
NIFTY-III.NFO,04/09/2024,09:17:31,25429.4,25424.75,175,25429.8,50,25,130925
NIFTY-III.NFO,04/09/2024,09:17:32,25429.4,25424.75,175,25429.8,50,0,130925
NIFTY-III.NFO,04/09/2024,09:17:33,25429.4,25424.75,175,25429.15,50,0,130925
NIFTY-III.NFO,04/09/2024,09:17:33,25429.4,25424.75,100,25429.15,50,0,130925
NIFTY-III.NFO,04/09/2024,09:17:35,25428.5,25424.75,175,25429.35,50,25,130925
NIFTY-III.NFO,04/09/2024,09:17:36,25432.65,25426.15,100,25435.1,25,375,130925
NIFTY-III.NFO,04/09/2024,09:17:37,25432.65,25430,100,25432.8,50,0,130925
NIFTY-III.NFO,04/09/2024,09:17:38,25432.65,25430,25,25432.1,50,0,130925
NIFTY-III.NFO,04/09/2024,09:17:39,25432.65,25430,25,25430.7,50,0,130925
NIFTY-III.NFO,04/09/2024,09:17:40,25430,25424.8,100,25429.95,125,50,130925
NIFTY-III.NFO,04/09/2024,09:17:40,25430,25424.8,175,25429.95,50,0,130925
NIFTY-III.NFO,04/09/2024,09:17:42,25430.7,25430.7,200,25432.45,100,100,130925
NIFTY-III.NFO,04/09/2024,09:17:43,25432.35,25430.7,200,25432.65,50,25,130925
NIFTY-III.NFO,04/09/2024,09:17:44,25430,25424.8,100,25432,300,275,130925
NIFTY-III.NFO,04/09/2024,09:17:45,25431.9,25424.75,100,25431.45,425,25,130925
NIFTY-III.NFO,04/09/2024,09:17:46,25431.9,25424.8,100,25431.4,375,0,130925
NIFTY-III.NFO,04/09/2024,09:17:47,25430.7,25424.8,175,25431.3,375,25,130925
NIFTY-III.NFO,04/09/2024,09:17:47,25430.7,25424.8,175,25431.3,375,0,130925
NIFTY-III.NFO,04/09/2024,09:17:49,25431.25,25424.8,75,25431.2,50,50,130925
NIFTY-III.NFO,04/09/2024,09:17:50,25431.2,25424.85,100,25431.1,375,25,130925
NIFTY-III.NFO,04/09/2024,09:17:51,25431.2,25424.85,100,25431.1,300,0,130925
NIFTY-III.NFO,04/09/2024,09:17:52,25431.2,25430,100,25432.05,25,0,130925
NIFTY-III.NFO,04/09/2024,09:17:53,25430,25425.05,175,25431.9,300,75,130925
NIFTY-III.NFO,04/09/2024,09:17:54,25431.9,25425.05,75,25431.9,300,25,130925
NIFTY-III.NFO,04/09/2024,09:17:54,25431.9,25425.1,100,25431.9,100,0,130925
NIFTY-III.NFO,04/09/2024,09:17:56,25430,25430,50,25431.65,25,50,130925
NIFTY-III.NFO,04/09/2024,09:17:57,25430,25430,50,25431.6,25,0,130925
NIFTY-III.NFO,04/09/2024,09:17:58,25430,25430,100,25431.5,25,50,130925
NIFTY-III.NFO,04/09/2024,09:17:59,25431.45,25430,100,25431.45,250,50,130925
NIFTY-III.NFO,04/09/2024,09:18:00,25431.45,25430,25,25430.1,25,0,130925
NIFTY-III.NFO,04/09/2024,09:18:01,25431.45,25430,50,25431.35,250,0,130925
NIFTY-III.NFO,04/09/2024,09:18:01,25431.35,25430,50,25431.3,50,50,130925
NIFTY-III.NFO,04/09/2024,09:18:03,25431.35,25430,50,25431.25,175,0,130925
NIFTY-III.NFO,04/09/2024,09:18:04,25431.3,25430,50,25431.9,25,200,130925
NIFTY-III.NFO,04/09/2024,09:18:05,25430,25430,25,25430.1,25,75,130925
NIFTY-III.NFO,04/09/2024,09:18:06,25430,25428.5,75,25431.7,25,25,130925
NIFTY-III.NFO,04/09/2024,09:18:07,25431.45,25428,100,25431.6,25,25,130925
NIFTY-III.NFO,04/09/2024,09:18:08,25431.45,25428,25,25431.5,25,0,130925
NIFTY-III.NFO,04/09/2024,09:18:08,25431.45,25428,25,25431.5,100,0,130925
NIFTY-III.NFO,04/09/2024,09:18:10,25431.45,25428,25,25431.3,25,0,130925
NIFTY-III.NFO,04/09/2024,09:18:11,25431.45,25428,25,25431.25,100,0,130925
NIFTY-III.NFO,04/09/2024,09:18:12,25431.45,25428,25,25430,25,0,130925
NIFTY-III.NFO,04/09/2024,09:18:14,25430,25428,25,25431.25,100,25,130925
NIFTY-III.NFO,04/09/2024,09:18:15,25430,25430,25,25431.25,25,0,130925
NIFTY-III.NFO,04/09/2024,09:18:16,25430,25430,50,25431.25,25,0,130925
NIFTY-III.NFO,04/09/2024,09:18:18,25431.35,25431.25,125,25434.95,150,125,130925
NIFTY-III.NFO,04/09/2024,09:18:19,25431.35,25431.25,125,25434.95,25,0,130925
NIFTY-III.NFO,04/09/2024,09:18:20,25431.35,25431.25,125,25434.9,25,0,130925
NIFTY-III.NFO,04/09/2024,09:18:22,25431.35,25431.25,50,25434.8,25,0,130925
NIFTY-III.NFO,04/09/2024,09:18:24,25434.95,25431.25,75,25434.95,25,50,130925
NIFTY-III.NFO,04/09/2024,09:18:25,25434.95,25431.3,100,25435,25,0,130925
NIFTY-III.NFO,04/09/2024,09:18:27,25434.95,25431.3,100,25434.95,25,0,130925
NIFTY-III.NFO,04/09/2024,09:18:29,25434.95,25430,200,25434.6,425,25,130925
NIFTY-III.NFO,04/09/2024,09:18:30,25434.95,25430,200,25432.05,425,0,130925
NIFTY-III.NFO,04/09/2024,09:18:32,25432.05,25430,225,25431.8,75,25,130925
NIFTY-III.NFO,04/09/2024,09:18:34,25431.1,25430,75,25430.1,400,200,129525
NIFTY-III.NFO,04/09/2024,09:18:35,25429,25428,25,25428.75,75,200,129525
NIFTY-III.NFO,04/09/2024,09:18:37,25428.75,25428,25,25428.55,300,75,129525
NIFTY-III.NFO,04/09/2024,09:18:39,25428,25425,25,25427.9,75,25,129525
NIFTY-III.NFO,04/09/2024,09:18:40,25427.4,25425,50,25427.4,25,50,129525
NIFTY-III.NFO,04/09/2024,09:18:42,25427.4,25425,50,25428.55,75,0,129525
NIFTY-III.NFO,04/09/2024,09:18:44,25428.55,25427.4,25,25428.75,75,25,129525
NIFTY-III.NFO,04/09/2024,09:18:45,25428,25427.4,50,25427.95,125,25,129525
NIFTY-III.NFO,04/09/2024,09:18:47,25427.4,25425,50,25427.1,200,50,129525
NIFTY-III.NFO,04/09/2024,09:18:49,25427.4,25425,50,25425.4,200,0,129525
NIFTY-III.NFO,04/09/2024,09:18:50,25425,25425,25,25425.15,75,50,129525
NIFTY-III.NFO,04/09/2024,09:18:52,25424.7,25424,75,25424.45,75,150,129525
NIFTY-III.NFO,04/09/2024,09:18:54,25424.65,25420.05,175,25426.95,25,325,129525
NIFTY-III.NFO,04/09/2024,09:18:55,25427,25424,25,25426.6,500,125,129525
NIFTY-III.NFO,04/09/2024,09:18:57,25426.6,25424,25,25426.9,500,25,129525
NIFTY-III.NFO,04/09/2024,09:18:59,25426.1,25424.65,25,25426.15,500,25,129525
NIFTY-III.NFO,04/09/2024,09:19:00,25426.1,25424.65,25,25426.1,25,0,129525
NIFTY-III.NFO,04/09/2024,09:19:02,25424,25420.05,100,25426.2,500,50,129525
NIFTY-III.NFO,04/09/2024,09:19:04,25426.6,25420.05,175,25426.65,500,100,129525
NIFTY-III.NFO,04/09/2024,09:19:05,25426.6,25420.05,100,25426.35,25,0,129525
NIFTY-III.NFO,04/09/2024,09:19:07,25426.6,25420.05,175,25427,25,0,129525
NIFTY-III.NFO,04/09/2024,09:19:09,25426.6,25420.05,175,25426.5,25,0,129525
NIFTY-III.NFO,04/09/2024,09:19:10,25426.6,25426.6,100,25427,25,0,129525
NIFTY-III.NFO,04/09/2024,09:19:12,25427,25426.6,25,25428,75,25,129525
NIFTY-III.NFO,04/09/2024,09:19:14,25427,25426.6,25,25428,75,0,129525
NIFTY-III.NFO,04/09/2024,09:19:15,25427,25426.6,25,25427.35,500,0,129525
NIFTY-III.NFO,04/09/2024,09:19:19,25426.6,25425,75,25426.95,175,25,129525
NIFTY-III.NFO,04/09/2024,09:19:21,25426,25425,75,25425.75,500,50,129525
NIFTY-III.NFO,04/09/2024,09:19:22,25426.2,25425,75,25426.4,175,50,129525
NIFTY-III.NFO,04/09/2024,09:19:24,25426.3,25425,75,25427.05,500,25,129525
NIFTY-III.NFO,04/09/2024,09:19:26,25426.4,25425,150,25426.35,500,25,129525
NIFTY-III.NFO,04/09/2024,09:19:27,25426,25425,150,25426,25,25,129525
NIFTY-III.NFO,04/09/2024,09:19:29,25425,25425,150,25426,25,25,129525
NIFTY-III.NFO,04/09/2024,09:19:31,25426,25425,250,25428,75,50,129525
NIFTY-III.NFO,04/09/2024,09:19:32,25428,25425,250,25429.3,500,75,129525
NIFTY-III.NFO,04/09/2024,09:19:34,25428,25425,300,25429.45,100,0,129525
NIFTY-III.NFO,04/09/2024,09:19:36,25428,25426,275,25428.25,500,0,129525
NIFTY-III.NFO,04/09/2024,09:19:37,25428,25428,25,25428.2,500,0,129525
NIFTY-III.NFO,04/09/2024,09:19:39,25428,25428,25,25428.7,500,0,129525
NIFTY-III.NFO,04/09/2024,09:19:41,25428,25428,25,25428.45,100,0,129525
NIFTY-III.NFO,04/09/2024,09:19:42,25428,25426,275,25427.9,500,25,129525
NIFTY-III.NFO,04/09/2024,09:19:44,25428,25426,275,25428.55,500,0,129525
NIFTY-III.NFO,04/09/2024,09:19:46,25428.75,25426,325,25429.25,25,75,129525
NIFTY-III.NFO,04/09/2024,09:19:47,25432,25428.05,100,25434.6,75,50,129525
NIFTY-III.NFO,04/09/2024,09:19:49,25432,25428,100,25432.4,500,0,129525
NIFTY-III.NFO,04/09/2024,09:19:51,25432,25430,75,25430.3,500,0,129525
NIFTY-III.NFO,04/09/2024,09:19:52,25432,25430,175,25431.55,500,0,129525
NIFTY-III.NFO,04/09/2024,09:19:54,25431.35,25430,175,25431.7,500,675,129525
NIFTY-III.NFO,04/09/2024,09:19:56,25431.35,25430,175,25431.45,25,0,129525
NIFTY-III.NFO,04/09/2024,09:19:57,25431.35,25430,175,25431.1,25,0,129525
NIFTY-III.NFO,04/09/2024,09:19:59,25431.65,25430,125,25431.85,350,300,129525
NIFTY-III.NFO,04/09/2024,09:20:01,25421.55,25421.55,75,25426.2,75,500,129525
NIFTY-III.NFO,04/09/2024,09:20:02,25421.55,25421.55,75,25426.2,75,0,129525
NIFTY-III.NFO,04/09/2024,09:20:04,25421.55,25421.5,25,25425.25,200,0,129525
NIFTY-III.NFO,04/09/2024,09:20:06,25421.55,25421.5,25,25423.5,75,0,129525
NIFTY-III.NFO,04/09/2024,09:20:07,25421.55,25421.55,100,25423.5,75,0,129525
NIFTY-III.NFO,04/09/2024,09:20:09,25423.2,25421.6,75,25425.15,175,25,129525
NIFTY-III.NFO,04/09/2024,09:20:11,25423.75,25421.55,100,25423.2,150,25,129525
NIFTY-III.NFO,04/09/2024,09:20:12,25423.75,25421.5,25,25421.55,25,0,129525
NIFTY-III.NFO,04/09/2024,09:20:14,25421.55,25421.55,50,25425.6,75,25,129525
NIFTY-III.NFO,04/09/2024,09:20:16,25421.55,25423,25,25426.9,25,0,129525
NIFTY-III.NFO,04/09/2024,09:20:17,25423,25421.55,125,25426,25,50,129525
NIFTY-III.NFO,04/09/2024,09:20:19,25423,25421.55,50,25423.6,200,0,129525
NIFTY-III.NFO,04/09/2024,09:20:21,25421.55,25421.55,25,25424.25,350,25,129525
NIFTY-III.NFO,04/09/2024,09:20:22,25421,25420,375,25421.55,50,175,129525
NIFTY-III.NFO,04/09/2024,09:20:24,25421,25420,375,25421.55,125,0,129525
NIFTY-III.NFO,04/09/2024,09:20:26,25421,25420.05,50,25421.55,50,0,129525
NIFTY-III.NFO,04/09/2024,09:20:27,25421,25420.05,125,25421.55,50,0,129525
NIFTY-III.NFO,04/09/2024,09:20:29,25421,25421,50,25421.55,50,0,129525
NIFTY-III.NFO,04/09/2024,09:20:30,25421,25421,100,25421.55,50,0,129525
NIFTY-III.NFO,04/09/2024,09:20:32,25421,25421,200,25421.55,50,0,129525
NIFTY-III.NFO,04/09/2024,09:20:34,25421.55,25421,275,25424.2,125,100,129525
NIFTY-III.NFO,04/09/2024,09:20:35,25421,25421,250,25422.5,125,25,129525
NIFTY-III.NFO,04/09/2024,09:20:37,25421,25421,225,25423.25,125,0,129525
NIFTY-III.NFO,04/09/2024,09:20:39,25421,25421,125,25421.3,200,125,129525
NIFTY-III.NFO,04/09/2024,09:20:40,25421,25420,400,25420.5,200,125,129525
NIFTY-III.NFO,04/09/2024,09:20:42,25420.5,25420,400,25420.4,125,75,129525
NIFTY-III.NFO,04/09/2024,09:20:43,25420,25420,225,25420.2,75,200,129525
NIFTY-III.NFO,04/09/2024,09:20:45,25420,25420,175,25423.3,100,75,129525
NIFTY-III.NFO,04/09/2024,09:20:47,25420,25420,175,25423.9,175,0,129525
NIFTY-III.NFO,04/09/2024,09:20:48,25420,25420,150,25422.25,350,50,129525
NIFTY-III.NFO,04/09/2024,09:20:50,25420,25420,50,25423.35,100,100,129525
NIFTY-III.NFO,04/09/2024,09:20:52,25420,25420,75,25422.85,175,0,129525
NIFTY-III.NFO,04/09/2024,09:20:53,25422.95,25420,125,25423.05,150,25,129525
NIFTY-III.NFO,04/09/2024,09:20:55,25422.95,25420.1,50,25423.8,25,0,129525
NIFTY-III.NFO,04/09/2024,09:20:57,25422.95,25420,200,25423.75,25,0,129525
NIFTY-III.NFO,04/09/2024,09:20:58,25422.95,25420.05,50,25423.7,25,0,129525
NIFTY-III.NFO,04/09/2024,09:21:00,25423.7,25420.05,125,25423.7,25,25,129525
NIFTY-III.NFO,04/09/2024,09:21:02,25420.05,25420,200,25423.7,25,25,129525
NIFTY-III.NFO,04/09/2024,09:21:03,25420,25420,150,25422.85,250,50,129525
NIFTY-III.NFO,04/09/2024,09:21:05,25420,25420,175,25423.75,25,0,129525
NIFTY-III.NFO,04/09/2024,09:21:06,25422,25420,250,25422.95,25,50,129525
NIFTY-III.NFO,04/09/2024,09:21:08,25420.05,25420.05,75,25427.3,100,550,129525
NIFTY-III.NFO,04/09/2024,09:21:10,25424,25424,125,25427.6,250,75,129525
NIFTY-III.NFO,04/09/2024,09:21:11,25424,25424,125,25427.1,225,0,129525
NIFTY-III.NFO,04/09/2024,09:21:13,25424,25424.05,75,25428.05,250,0,129525
NIFTY-III.NFO,04/09/2024,09:21:15,25424,25424,150,25428,250,0,129525
NIFTY-III.NFO,04/09/2024,09:21:16,25424,25424,125,25427.35,250,25,129525
NIFTY-III.NFO,04/09/2024,09:21:18,25424,25424.05,75,25427.95,250,0,129525
NIFTY-III.NFO,04/09/2024,09:21:19,25429.1,25424.05,100,25429.6,100,25,129525
NIFTY-III.NFO,04/09/2024,09:21:21,25424.05,25424.05,75,25429.65,425,25,129525
NIFTY-III.NFO,04/09/2024,09:21:22,25424.05,25424.05,75,25428.3,250,0,129525
NIFTY-III.NFO,04/09/2024,09:21:24,25428.35,25424.05,75,25429.65,250,75,129525
NIFTY-III.NFO,04/09/2024,09:21:26,25430,25425.25,75,25432,25,25,129525
NIFTY-III.NFO,04/09/2024,09:21:27,25428.35,25425.35,150,25434.05,100,75,129525
NIFTY-III.NFO,04/09/2024,09:21:29,25428.35,25425.4,75,25431.85,100,0,129525
NIFTY-III.NFO,04/09/2024,09:21:31,25428.35,25425.4,75,25431.4,100,0,129525
NIFTY-III.NFO,04/09/2024,09:21:32,25428.35,25425.4,75,25431.95,100,0,129525
NIFTY-III.NFO,04/09/2024,09:21:34,25428.35,25425.5,75,25432.55,100,0,129525
NIFTY-III.NFO,04/09/2024,09:21:36,25435.85,25425.5,100,25434.05,75,2500,128350
NIFTY-III.NFO,04/09/2024,09:21:37,25434.05,25425.7,100,25435.2,50,25,128350
NIFTY-III.NFO,04/09/2024,09:21:39,25434.05,25428.5,100,25436.7,50,0,128350
NIFTY-III.NFO,04/09/2024,09:21:41,25434.05,25428.7,175,25436.35,50,0,128350
NIFTY-III.NFO,04/09/2024,09:21:42,25436.95,25428.75,200,25435.65,100,25,128350
NIFTY-III.NFO,04/09/2024,09:21:44,25428.85,25434.05,150,25436.45,125,25,128350
NIFTY-III.NFO,04/09/2024,09:21:46,25435.75,25434.05,150,25435.8,100,25,128350
NIFTY-III.NFO,04/09/2024,09:21:47,25435.75,25434.05,225,25436.55,100,0,128350
NIFTY-III.NFO,04/09/2024,09:21:49,25434.05,25434.05,200,25436.8,100,25,128350
NIFTY-III.NFO,04/09/2024,09:21:51,25434.05,25434.05,200,25437.7,100,0,128350
NIFTY-III.NFO,04/09/2024,09:21:52,25439.3,25434.05,200,25439.65,125,100,128350
NIFTY-III.NFO,04/09/2024,09:21:54,25440,25437.2,100,25443.4,225,25,128350
NIFTY-III.NFO,04/09/2024,09:21:55,25445,25443.45,100,25448,25,225,128350
NIFTY-III.NFO,04/09/2024,09:21:57,25448,25442.5,75,25447.45,25,25,128350
NIFTY-III.NFO,04/09/2024,09:21:59,25447.45,25442.5,75,25446.75,25,25,128350
NIFTY-III.NFO,04/09/2024,09:22:00,25447.45,25439.15,75,25443.75,25,0,128350
NIFTY-III.NFO,04/09/2024,09:22:02,25443.85,25437.15,75,25441.7,25,125,128350
NIFTY-III.NFO,04/09/2024,09:22:03,25442.5,25437.15,75,25443.4,25,25,128350
NIFTY-III.NFO,04/09/2024,09:22:05,25442.5,25437.15,75,25441.4,25,0,128350
NIFTY-III.NFO,04/09/2024,09:22:07,25440.6,25436.05,75,25440.55,25,50,128350
NIFTY-III.NFO,04/09/2024,09:22:08,25440.6,25434.4,75,25440,25,0,128350
NIFTY-III.NFO,04/09/2024,09:22:10,25440.6,25434.05,200,25439.3,25,0,128350
NIFTY-III.NFO,04/09/2024,09:22:11,25436.05,25434.1,100,25439.85,25,25,128350
NIFTY-III.NFO,04/09/2024,09:22:13,25439.85,25434.05,200,25438.85,25,25,128350
NIFTY-III.NFO,04/09/2024,09:22:15,25434.05,25431.6,100,25440.1,25,150,128350
NIFTY-III.NFO,04/09/2024,09:22:16,25434.05,25431.7,100,25440,75,0,128350
NIFTY-III.NFO,04/09/2024,09:22:18,25434.05,25431.85,100,25440.1,50,0,128350
NIFTY-III.NFO,04/09/2024,09:22:19,25434.05,25431.85,100,25439.2,125,0,128350
NIFTY-III.NFO,04/09/2024,09:22:21,25434.05,25434,100,25439.4,25,0,128350
NIFTY-III.NFO,04/09/2024,09:22:23,25434.05,25434,100,25438.95,25,0,128350
NIFTY-III.NFO,04/09/2024,09:22:24,25438.95,25434,100,25439.9,25,25,128350
NIFTY-III.NFO,04/09/2024,09:22:26,25438.95,25434,100,25439.6,25,0,128350
NIFTY-III.NFO,04/09/2024,09:22:28,25438.95,25434,100,25439.25,25,0,128350
NIFTY-III.NFO,04/09/2024,09:22:29,25438.95,25434.05,100,25441.05,25,0,128350
NIFTY-III.NFO,04/09/2024,09:22:31,25438.95,25439.25,25,25441.1,25,0,128350
NIFTY-III.NFO,04/09/2024,09:22:33,25438.95,25439.25,25,25440.35,25,0,128350
NIFTY-III.NFO,04/09/2024,09:22:34,25437.15,25431.65,75,25437.05,25,100,128350
NIFTY-III.NFO,04/09/2024,09:22:36,25431,25430.05,100,25436.8,75,25,128350
NIFTY-III.NFO,04/09/2024,09:22:38,25431,25430.25,100,25438.75,100,0,128350
NIFTY-III.NFO,04/09/2024,09:22:39,25438.75,25435.9,25,25438.3,125,50,128350
NIFTY-III.NFO,04/09/2024,09:22:41,25438.75,25435.9,25,25438.35,100,0,128350
NIFTY-III.NFO,04/09/2024,09:22:43,25438.75,25435.9,25,25439.25,25,0,128350
NIFTY-III.NFO,04/09/2024,09:22:44,25438.75,25435.9,25,25439.15,25,0,128350
NIFTY-III.NFO,04/09/2024,09:22:46,25438.75,25435.9,100,25438.75,25,25,128350
NIFTY-III.NFO,04/09/2024,09:22:48,25438.75,25435.95,100,25438.75,25,0,128350
NIFTY-III.NFO,04/09/2024,09:22:51,25438.75,25435.95,100,25442.15,100,25,128350
NIFTY-III.NFO,04/09/2024,09:22:53,25438.75,25435.95,100,25444,125,0,128350
NIFTY-III.NFO,04/09/2024,09:22:54,25443.95,25438.95,50,25442.45,125,25,128350
NIFTY-III.NFO,04/09/2024,09:22:56,25443.95,25438.95,50,25441.5,125,0,128350
NIFTY-III.NFO,04/09/2024,09:22:57,25443.95,25438.95,50,25441.75,125,0,128350
NIFTY-III.NFO,04/09/2024,09:22:59,25438.95,25438.95,25,25442.4,25,25,128350
NIFTY-III.NFO,04/09/2024,09:23:01,25438.95,25441.5,25,25443.05,25,0,128350
NIFTY-III.NFO,04/09/2024,09:23:06,25438.95,25441.5,100,25443.05,25,0,128350
NIFTY-III.NFO,04/09/2024,09:23:07,25443.05,25441.5,100,25445,25,25,128350
NIFTY-III.NFO,04/09/2024,09:23:09,25443.05,25441.5,100,25445,25,0,128350
NIFTY-III.NFO,04/09/2024,09:23:11,25443.05,25441.55,100,25445,25,0,128350
NIFTY-III.NFO,04/09/2024,09:23:14,25445,25441.8,100,25448.15,25,25,128350
NIFTY-III.NFO,04/09/2024,09:23:16,25445,25444.45,75,25448.75,25,0,128350
NIFTY-III.NFO,04/09/2024,09:23:17,25448.9,25445,50,25447.65,125,250,128350
NIFTY-III.NFO,04/09/2024,09:23:19,25446.95,25445,125,25446.3,100,25,128350
NIFTY-III.NFO,04/09/2024,09:23:20,25446.95,25445,125,25446.95,100,0,128350
NIFTY-III.NFO,04/09/2024,09:23:22,25446.15,25445,125,25446.15,75,25,128350
NIFTY-III.NFO,04/09/2024,09:23:24,25446.15,25445,125,25446.55,75,0,128350
NIFTY-III.NFO,04/09/2024,09:23:25,25445,25441.75,25,25445.4,125,75,128350
NIFTY-III.NFO,04/09/2024,09:23:27,25445,25441.8,100,25446.3,125,0,128350
NIFTY-III.NFO,04/09/2024,09:23:29,25444.55,25441.75,25,25444.55,25,100,128350
NIFTY-III.NFO,04/09/2024,09:23:30,25444.55,25441.75,25,25444.2,25,0,128350
NIFTY-III.NFO,04/09/2024,09:23:32,25444.55,25441.75,25,25444,25,0,128350
NIFTY-III.NFO,04/09/2024,09:23:34,25444.55,25441.75,25,25443.95,25,0,128350
NIFTY-III.NFO,04/09/2024,09:23:35,25443.4,25441.5,25,25443.55,125,50,128350
NIFTY-III.NFO,04/09/2024,09:23:37,25443.4,25441.5,25,25443.55,125,0,128350
NIFTY-III.NFO,04/09/2024,09:23:40,25443.5,25441.5,25,25443.15,75,50,128350
NIFTY-III.NFO,04/09/2024,09:23:42,25443.5,25441.5,25,25443.1,75,0,128350
NIFTY-III.NFO,04/09/2024,09:23:44,25443.5,25441.5,25,25442.7,75,0,128350
NIFTY-III.NFO,04/09/2024,09:23:45,25441.5,25440.9,25,25442.7,75,25,128350
NIFTY-III.NFO,04/09/2024,09:23:47,25440.9,25440,275,25441.25,75,25,128350
NIFTY-III.NFO,04/09/2024,09:23:49,25440.9,25440,275,25441.1,75,0,128350
NIFTY-III.NFO,04/09/2024,09:23:50,25441.1,25440,275,25440.95,50,25,128350
NIFTY-III.NFO,04/09/2024,09:23:52,25440,25440,225,25440.45,50,50,128350
NIFTY-III.NFO,04/09/2024,09:23:54,25440,25440,150,25440.25,50,75,128350
NIFTY-III.NFO,04/09/2024,09:23:56,25440.25,25440,200,25440.25,100,25,128350
NIFTY-III.NFO,04/09/2024,09:23:57,25440,25438.95,50,25440.25,200,200,128350
NIFTY-III.NFO,04/09/2024,09:23:59,25440,25439,100,25442.15,125,0,128350
NIFTY-III.NFO,04/09/2024,09:24:01,25440,25439,175,25443.85,125,0,128350
NIFTY-III.NFO,04/09/2024,09:24:02,25440,25440.05,100,25444.45,125,0,128350
NIFTY-III.NFO,04/09/2024,09:24:04,25440,25440,150,25443.7,125,0,128350
NIFTY-III.NFO,04/09/2024,09:24:06,25440,25440,125,25442.2,125,0,128350
NIFTY-III.NFO,04/09/2024,09:24:07,25442.2,25440.05,100,25443.25,100,25,128350
NIFTY-III.NFO,04/09/2024,09:24:09,25444.1,25440.05,100,25444.1,75,25,128350
NIFTY-III.NFO,04/09/2024,09:24:11,25444.1,25440.05,100,25444,75,0,128350
NIFTY-III.NFO,04/09/2024,09:24:12,25444.1,25440.05,100,25444.9,75,0,128350
NIFTY-III.NFO,04/09/2024,09:24:14,25444.1,25440.05,100,25445.55,75,0,128350
NIFTY-III.NFO,04/09/2024,09:24:16,25444.1,25444.1,75,25446.45,75,25,128350
NIFTY-III.NFO,04/09/2024,09:24:17,25444.1,25440.05,100,25446.3,75,75,128350
NIFTY-III.NFO,04/09/2024,09:24:19,25444.1,25444.1,100,25447.2,75,0,128350
NIFTY-III.NFO,04/09/2024,09:24:21,25448.1,25444.15,100,25449,50,25,128350
NIFTY-III.NFO,04/09/2024,09:24:23,25444.15,25446.65,75,25450,600,25,128350
NIFTY-III.NFO,04/09/2024,09:24:24,25444.15,25444.15,175,25448.3,50,0,128350
NIFTY-III.NFO,04/09/2024,09:24:26,25444.15,25444.15,175,25448.65,50,0,128350
NIFTY-III.NFO,04/09/2024,09:24:27,25448.25,25444.15,175,25449,25,25,128350
NIFTY-III.NFO,04/09/2024,09:24:29,25448.25,25444.15,175,25448.15,25,0,128350
NIFTY-III.NFO,04/09/2024,09:24:31,25448.25,25444.1,125,25447.6,25,0,128350
NIFTY-III.NFO,04/09/2024,09:24:32,25447.6,25444.2,100,25447.95,125,25,128350
NIFTY-III.NFO,04/09/2024,09:24:34,25447.6,25444.1,125,25447.65,125,0,128350
NIFTY-III.NFO,04/09/2024,09:24:36,25447.6,25444.1,50,25447.3,125,0,128350
NIFTY-III.NFO,04/09/2024,09:24:37,25447.6,25444.1,50,25446.25,125,0,128350
NIFTY-III.NFO,04/09/2024,09:24:39,25448,25448,250,25448.45,25,500,127000
NIFTY-III.NFO,04/09/2024,09:24:41,25448,25448,125,25448.1,25,125,127000
NIFTY-III.NFO,04/09/2024,09:24:42,25448,25444.1,50,25448,125,125,127000
NIFTY-III.NFO,04/09/2024,09:24:44,25448,25444.1,50,25447.85,25,0,127000
NIFTY-III.NFO,04/09/2024,09:24:46,25447.85,25444.1,50,25447.3,425,300,127000
NIFTY-III.NFO,04/09/2024,09:24:47,25444.1,25444.1,25,25446.8,50,25,127000
NIFTY-III.NFO,04/09/2024,09:24:49,25444.1,25444.1,25,25446.1,75,0,127000
NIFTY-III.NFO,04/09/2024,09:24:51,25444.1,25444.1,25,25446.05,25,0,127000
NIFTY-III.NFO,04/09/2024,09:24:52,25444.1,25444.1,25,25446.1,75,0,127000
NIFTY-III.NFO,04/09/2024,09:24:54,25444.1,25444.1,25,25447.1,25,0,127000
NIFTY-III.NFO,04/09/2024,09:24:56,25444.1,25444.1,50,25447,25,0,127000
NIFTY-III.NFO,04/09/2024,09:24:57,25444.1,25440.15,50,25444.05,25,75,127000
NIFTY-III.NFO,04/09/2024,09:24:59,25444.1,25444,25,25444.05,25,0,127000
NIFTY-III.NFO,04/09/2024,09:25:00,25444,25440.2,175,25444,25,25,127000
NIFTY-III.NFO,04/09/2024,09:25:02,25444,25440.15,50,25443.95,25,0,127000
NIFTY-III.NFO,04/09/2024,09:25:04,25444,25440.15,50,25444.1,975,50,127000
NIFTY-III.NFO,04/09/2024,09:25:05,25440.2,25442.05,75,25444.1,975,25,127000
NIFTY-III.NFO,04/09/2024,09:25:07,25444.1,25440.2,175,25444.1,925,50,127000
NIFTY-III.NFO,04/09/2024,09:25:09,25444.1,25440.2,175,25444.1,925,0,127000
NIFTY-III.NFO,04/09/2024,09:25:12,25444.1,25440.5,100,25444,925,0,127000
NIFTY-III.NFO,04/09/2024,09:25:13,25443.85,25443.75,75,25444,175,1000,127000
NIFTY-III.NFO,04/09/2024,09:25:15,25444,25443.75,75,25444,150,25,127000
NIFTY-III.NFO,04/09/2024,09:25:17,25444,25443.9,75,25450,575,150,127000
NIFTY-III.NFO,04/09/2024,09:25:18,25444,25444.05,75,25450,575,0,127000
NIFTY-III.NFO,04/09/2024,09:25:20,25444,25442.8,75,25449.95,175,0,127000
NIFTY-III.NFO,04/09/2024,09:25:21,25444,25442.55,75,25449.9,100,0,127000
NIFTY-III.NFO,04/09/2024,09:25:23,25444,25442.55,75,25445,25,0,127000
NIFTY-III.NFO,04/09/2024,09:25:25,25444,25441.05,75,25445,25,0,127000
NIFTY-III.NFO,04/09/2024,09:25:26,25445,25440.15,50,25444.65,75,25,127000
NIFTY-III.NFO,04/09/2024,09:25:28,25444.6,25440.15,50,25443.4,125,25,127000
NIFTY-III.NFO,04/09/2024,09:25:30,25441.95,25440.15,50,25441.4,125,25,127000
NIFTY-III.NFO,04/09/2024,09:25:31,25441.95,25440.15,50,25441.45,125,0,127000
NIFTY-III.NFO,04/09/2024,09:25:33,25440,25440,650,25441.2,75,125,127000
NIFTY-III.NFO,04/09/2024,09:25:35,25440,25440,650,25443.25,100,0,127000
NIFTY-III.NFO,04/09/2024,09:25:36,25440,25441.2,25,25442.75,100,0,127000
NIFTY-III.NFO,04/09/2024,09:25:38,25443.65,25441.2,25,25443.7,125,400,127000
NIFTY-III.NFO,04/09/2024,09:25:40,25443.65,25441.2,25,25442.3,50,0,127000
NIFTY-III.NFO,04/09/2024,09:25:41,25441.85,25440,650,25441.85,25,50,127000
NIFTY-III.NFO,04/09/2024,09:25:43,25441.9,25440.1,25,25442,100,50,127000
NIFTY-III.NFO,04/09/2024,09:25:45,25441.35,25440,625,25441.35,300,75,127000
NIFTY-III.NFO,04/09/2024,09:25:46,25441.35,25440,600,25441.05,250,0,127000
NIFTY-III.NFO,04/09/2024,09:25:48,25440.7,25440,600,25441.8,225,25,127000
NIFTY-III.NFO,04/09/2024,09:25:50,25441,25440,525,25441.9,75,100,127000
NIFTY-III.NFO,04/09/2024,09:25:51,25441,25440,525,25441.35,425,0,127000
NIFTY-III.NFO,04/09/2024,09:25:53,25441,25440,525,25440.75,75,0,127000
NIFTY-III.NFO,04/09/2024,09:25:55,25441,25440,525,25440.5,300,0,127000
NIFTY-III.NFO,04/09/2024,09:25:56,25440,25440,125,25440.15,75,425,127000
NIFTY-III.NFO,04/09/2024,09:25:58,25440,25438.95,25,25439.85,325,125,127000
NIFTY-III.NFO,04/09/2024,09:26:00,25440,25438.95,25,25439.85,75,0,127000
NIFTY-III.NFO,04/09/2024,09:26:01,25440,25438.95,25,25439.95,325,0,127000
NIFTY-III.NFO,04/09/2024,09:26:03,25440.75,25438.95,25,25441.3,175,50,127000
NIFTY-III.NFO,04/09/2024,09:26:05,25440.75,25438.95,25,25441.1,125,0,127000
NIFTY-III.NFO,04/09/2024,09:26:06,25440.75,25438.95,25,25440.4,75,0,127000
NIFTY-III.NFO,04/09/2024,09:26:08,25440.75,25438.95,25,25440.95,200,0,127000
NIFTY-III.NFO,04/09/2024,09:26:09,25440.75,25438.95,25,25440.85,75,0,127000
NIFTY-III.NFO,04/09/2024,09:26:11,25440.75,25438.95,25,25441.85,175,0,127000
NIFTY-III.NFO,04/09/2024,09:26:13,25440.75,25438.95,25,25442.05,100,0,127000
NIFTY-III.NFO,04/09/2024,09:26:15,25440,25438.95,100,25440,25,25,127000
NIFTY-III.NFO,04/09/2024,09:26:16,25440,25438.95,100,25440,25,0,127000
NIFTY-III.NFO,04/09/2024,09:26:18,25440,25438.95,25,25440,25,0,127000
NIFTY-III.NFO,04/09/2024,09:26:21,25438.95,25438.75,25,25440,25,25,127000
NIFTY-III.NFO,04/09/2024,09:26:23,25440,25434,175,25440,75,425,127000
NIFTY-III.NFO,04/09/2024,09:26:25,25440,25434,100,25439.7,75,0,127000
NIFTY-III.NFO,04/09/2024,09:26:26,25440,25434,175,25439.7,75,0,127000
NIFTY-III.NFO,04/09/2024,09:26:28,25440,25434,175,25441,75,0,127000
NIFTY-III.NFO,04/09/2024,09:26:30,25440,25436.4,100,25443.8,100,25,127000
NIFTY-III.NFO,04/09/2024,09:26:31,25440,25437.75,100,25445,25,0,127000
NIFTY-III.NFO,04/09/2024,09:26:33,25440,25439.15,100,25445,25,0,127000
NIFTY-III.NFO,04/09/2024,09:26:35,25445,25439.15,100,25446.2,100,25,127000
NIFTY-III.NFO,04/09/2024,09:26:36,25445,25439.15,100,25447.3,100,0,127000
NIFTY-III.NFO,04/09/2024,09:26:38,25445,25438.5,100,25444.65,125,0,127000
NIFTY-III.NFO,04/09/2024,09:26:40,25445,25437.3,100,25444.3,125,0,127000
NIFTY-III.NFO,04/09/2024,09:26:41,25445,25437.3,100,25444.8,175,0,127000
NIFTY-III.NFO,04/09/2024,09:26:43,25445,25437.3,100,25445,100,0,127000
NIFTY-III.NFO,04/09/2024,09:26:45,25445,25445,25,25445.8,125,0,127000
NIFTY-III.NFO,04/09/2024,09:26:46,25445,25437.3,100,25444.8,175,25,127000
NIFTY-III.NFO,04/09/2024,09:26:48,25445,25437.3,100,25444.55,100,0,127000
NIFTY-III.NFO,04/09/2024,09:26:50,25445,25436.4,100,25445.35,100,0,127000
NIFTY-III.NFO,04/09/2024,09:26:51,25445,25444.8,25,25445.7,275,0,127000
NIFTY-III.NFO,04/09/2024,09:26:53,25444.8,25435.35,100,25443.95,175,25,127000
NIFTY-III.NFO,04/09/2024,09:26:55,25444.8,25435.35,100,25442.9,175,0,127000
NIFTY-III.NFO,04/09/2024,09:26:56,25444.8,25435.35,100,25444.15,175,0,127000
NIFTY-III.NFO,04/09/2024,09:26:58,25444.8,25435.45,100,25445,100,0,127000
NIFTY-III.NFO,04/09/2024,09:26:59,25444.8,25435.55,175,25445.7,100,0,127000
NIFTY-III.NFO,04/09/2024,09:27:01,25444.8,25435.65,100,25446.6,175,0,127000
NIFTY-III.NFO,04/09/2024,09:27:03,25444.8,25442,100,25447.65,100,0,127000
NIFTY-III.NFO,04/09/2024,09:27:04,25444.8,25442,100,25447.7,100,0,127000
NIFTY-III.NFO,04/09/2024,09:27:06,25444.8,25442.05,100,25447.9,100,0,127000
NIFTY-III.NFO,04/09/2024,09:27:08,25444.8,25442.05,100,25449.2,100,0,127000
NIFTY-III.NFO,04/09/2024,09:27:09,25444.8,25443.25,100,25449.95,100,0,127000
NIFTY-III.NFO,04/09/2024,09:27:11,25444.8,25443.7,75,25449.4,100,0,127000
NIFTY-III.NFO,04/09/2024,09:27:13,25444.8,25443.2,75,25448.6,100,0,127000
NIFTY-III.NFO,04/09/2024,09:27:14,25444.8,25442.35,100,25448.65,100,0,127000
NIFTY-III.NFO,04/09/2024,09:27:16,25448.55,25442,25,25447.2,225,25,127000
NIFTY-III.NFO,04/09/2024,09:27:18,25446.85,25442,100,25447.35,50,25,127000
NIFTY-III.NFO,04/09/2024,09:27:19,25446.85,25442,25,25446,50,0,127000
NIFTY-III.NFO,04/09/2024,09:27:21,25446.85,25442,25,25446.35,125,0,127000
NIFTY-III.NFO,04/09/2024,09:27:23,25446.85,25442,25,25445.75,50,0,127000
NIFTY-III.NFO,04/09/2024,09:27:24,25446.85,25442,25,25446.35,50,0,127000
NIFTY-III.NFO,04/09/2024,09:27:26,25446.85,25442,25,25445.5,125,0,127000
NIFTY-III.NFO,04/09/2024,09:27:28,25446.85,25442,25,25446.05,200,0,127000
NIFTY-III.NFO,04/09/2024,09:27:29,25445.7,25442,25,25446.15,25,100,127000
NIFTY-III.NFO,04/09/2024,09:27:31,25445.7,25442,25,25445.9,25,0,127000
NIFTY-III.NFO,04/09/2024,09:27:32,25445.7,25442,25,25445.5,25,0,127000
NIFTY-III.NFO,04/09/2024,09:27:34,25445.7,25442,100,25446.4,25,0,127000
NIFTY-III.NFO,04/09/2024,09:27:36,25445.7,25442,100,25446.55,25,0,127000
NIFTY-III.NFO,04/09/2024,09:27:37,25445.7,25442,125,25446.55,25,0,127000
NIFTY-III.NFO,04/09/2024,09:27:39,25445.7,25442,125,25446.3,25,0,127000
NIFTY-III.NFO,04/09/2024,09:27:41,25445.7,25442,50,25445.3,25,0,127000
NIFTY-III.NFO,04/09/2024,09:27:42,25445.7,25442,50,25445.2,25,0,127000
NIFTY-III.NFO,04/09/2024,09:27:44,25445.1,25442,125,25446.85,125,25,127575
NIFTY-III.NFO,04/09/2024,09:27:46,25445.1,25442,50,25446.65,125,0,127575
NIFTY-III.NFO,04/09/2024,09:27:47,25445.1,25442,125,25447.15,100,0,127575
NIFTY-III.NFO,04/09/2024,09:27:49,25445.1,25442,125,25447.5,125,0,127575
NIFTY-III.NFO,04/09/2024,09:27:50,25445.1,25442,125,25447,125,0,127575
NIFTY-III.NFO,04/09/2024,09:27:52,25445.1,25445,25,25447,200,0,127575
NIFTY-III.NFO,04/09/2024,09:27:54,25445.1,25445,25,25447,125,0,127575
NIFTY-III.NFO,04/09/2024,09:27:55,25446.65,25445,25,25446.95,125,50,127575
NIFTY-III.NFO,04/09/2024,09:27:57,25446.65,25445,25,25446.95,125,0,127575
NIFTY-III.NFO,04/09/2024,09:27:59,25446.65,25445,25,25446.75,100,0,127575
NIFTY-III.NFO,04/09/2024,09:28:00,25446.65,25445,100,25448.3,125,0,127575
NIFTY-III.NFO,04/09/2024,09:28:02,25446.65,25445,25,25448.3,125,0,127575
NIFTY-III.NFO,04/09/2024,09:28:03,25446.65,25445,100,25448.3,125,0,127575
NIFTY-III.NFO,04/09/2024,09:28:05,25446.65,25445,125,25448.3,125,0,127575
NIFTY-III.NFO,04/09/2024,09:28:07,25446.65,25445,200,25448.3,125,0,127575
NIFTY-III.NFO,04/09/2024,09:28:08,25446.65,25445,125,25448.25,100,0,127575
NIFTY-III.NFO,04/09/2024,09:28:10,25446.65,25445,125,25446.7,175,0,127575
NIFTY-III.NFO,04/09/2024,09:28:12,25445,25442,50,25444.85,75,150,127575
NIFTY-III.NFO,04/09/2024,09:28:13,25445,25442,50,25444.45,75,0,127575
NIFTY-III.NFO,04/09/2024,09:28:15,25445,25442,50,25444,200,0,127575
NIFTY-III.NFO,04/09/2024,09:28:16,25445,25442,50,25443.25,200,0,127575
NIFTY-III.NFO,04/09/2024,09:28:18,25443.15,25442,50,25443.25,200,25,127575
NIFTY-III.NFO,04/09/2024,09:28:19,25443.15,25442,50,25442.85,75,0,127575
NIFTY-III.NFO,04/09/2024,09:28:21,25443.15,25442,50,25443.2,25,0,127575
NIFTY-III.NFO,04/09/2024,09:28:23,25443.15,25442,50,25443.2,100,0,127575
NIFTY-III.NFO,04/09/2024,09:28:25,25443.15,25442,50,25443.05,125,0,127575
NIFTY-III.NFO,04/09/2024,09:28:26,25442,25442,25,25442.55,75,25,127575
NIFTY-III.NFO,04/09/2024,09:28:28,25440.1,25440,275,25442.5,25,50,127575
NIFTY-III.NFO,04/09/2024,09:28:30,25440.1,25440,275,25442.5,100,0,127575
NIFTY-III.NFO,04/09/2024,09:28:31,25440.1,25440,275,25443.55,100,0,127575
NIFTY-III.NFO,04/09/2024,09:28:33,25440.1,25440,275,25443.5,100,0,127575
NIFTY-III.NFO,04/09/2024,09:28:36,25440.1,25440,300,25443.5,25,0,127575
NIFTY-III.NFO,04/09/2024,09:28:38,25440.1,25440,300,25443.45,100,0,127575
NIFTY-III.NFO,04/09/2024,09:28:40,25440.1,25440.05,175,25443.45,25,0,127575
NIFTY-III.NFO,04/09/2024,09:28:41,25440.1,25440.1,25,25443.45,100,25,127575
NIFTY-III.NFO,04/09/2024,09:28:43,25440.1,25440.1,25,25443.45,25,0,127575
NIFTY-III.NFO,04/09/2024,09:28:45,25440.1,25440.1,25,25442.85,50,0,127575
NIFTY-III.NFO,04/09/2024,09:28:46,25440.1,25440,300,25442.8,100,25,127575
NIFTY-III.NFO,04/09/2024,09:28:48,25440.1,25440,300,25440.7,325,0,127575
NIFTY-III.NFO,04/09/2024,09:28:50,25440,25440,125,25440.3,75,175,127575
NIFTY-III.NFO,04/09/2024,09:28:51,25440,25440,125,25440.5,125,0,127575
NIFTY-III.NFO,04/09/2024,09:28:53,25440,25440,125,25440.65,125,0,127575
NIFTY-III.NFO,04/09/2024,09:28:55,25440,25440,50,25440.65,125,75,127575
NIFTY-III.NFO,04/09/2024,09:28:56,25440,25434,100,25440.65,125,50,127575
NIFTY-III.NFO,04/09/2024,09:28:58,25440,25434,100,25439.85,125,0,127575
NIFTY-III.NFO,04/09/2024,09:29:00,25434,25434,175,25439.85,75,25,127575
NIFTY-III.NFO,04/09/2024,09:29:01,25434,25434,175,25441.2,150,0,127575
NIFTY-III.NFO,04/09/2024,09:29:03,25434,25434,175,25443.3,100,0,127575
NIFTY-III.NFO,04/09/2024,09:29:05,25434,25434,175,25442.3,25,0,127575
NIFTY-III.NFO,04/09/2024,09:29:08,25434,25434,175,25441.8,25,0,127575
NIFTY-III.NFO,04/09/2024,09:29:10,25434,25434,175,25441.9,25,0,127575
NIFTY-III.NFO,04/09/2024,09:29:11,25434,25434,175,25437.9,25,0,127575
NIFTY-III.NFO,04/09/2024,09:29:13,25434,25434,175,25437.9,50,0,127575
NIFTY-III.NFO,04/09/2024,09:29:15,25438,25439.85,175,25442.25,25,100,127575
NIFTY-III.NFO,04/09/2024,09:29:16,25438,25439.4,175,25442.2,25,0,127575
NIFTY-III.NFO,04/09/2024,09:29:18,25438,25437.6,175,25442.15,25,0,127575
NIFTY-III.NFO,04/09/2024,09:29:19,25438,25439,100,25442.15,25,0,127575
NIFTY-III.NFO,04/09/2024,09:29:21,25438.9,25438.85,100,25442.1,25,25,127575
NIFTY-III.NFO,04/09/2024,09:29:22,25438.85,25438.75,100,25442.1,25,25,127575
NIFTY-III.NFO,04/09/2024,09:29:24,25438.85,25437.95,100,25442.05,25,0,127575
NIFTY-III.NFO,04/09/2024,09:29:26,25437.95,25437.95,75,25442.05,25,25,127575
NIFTY-III.NFO,04/09/2024,09:29:27,25437.95,25437,75,25442.05,25,0,127575
NIFTY-III.NFO,04/09/2024,09:29:29,25437.95,25437,75,25439.95,25,0,127575
NIFTY-III.NFO,04/09/2024,09:29:31,25437.95,25436.1,75,25439.95,50,0,127575
NIFTY-III.NFO,04/09/2024,09:29:34,25436.1,25436.1,50,25439,25,25,127575
NIFTY-III.NFO,04/09/2024,09:29:36,25439,25434.3,50,25439.9,25,25,127575
NIFTY-III.NFO,04/09/2024,09:29:37,25439,25434.05,125,25439.85,75,0,127575
NIFTY-III.NFO,04/09/2024,09:29:39,25434.05,25436.1,25,25439.85,100,25,127575
NIFTY-III.NFO,04/09/2024,09:29:41,25438.4,25436.1,25,25439.85,175,25,127575
NIFTY-III.NFO,04/09/2024,09:29:42,25438.4,25436.1,25,25439.75,100,0,127575
NIFTY-III.NFO,04/09/2024,09:29:44,25436.1,25434.05,50,25439.75,100,50,127575
NIFTY-III.NFO,04/09/2024,09:29:46,25436.1,25434,25,25439.65,100,0,127575
NIFTY-III.NFO,04/09/2024,09:29:47,25436.1,25434,25,25438.3,100,0,127575
NIFTY-III.NFO,04/09/2024,09:29:49,25436.1,25434,25,25437.95,100,0,127575
NIFTY-III.NFO,04/09/2024,09:29:51,25436.1,25434,25,25437.95,175,0,127575
NIFTY-III.NFO,04/09/2024,09:29:52,25436.1,25434.05,50,25438,25,0,127575
NIFTY-III.NFO,04/09/2024,09:29:54,25436.1,25434,100,25437.9,25,0,127575
NIFTY-III.NFO,04/09/2024,09:29:56,25436.1,25434.05,50,25437.9,25,0,127575
NIFTY-III.NFO,04/09/2024,09:29:57,25434.05,25434,100,25437.9,25,25,127575
NIFTY-III.NFO,04/09/2024,09:29:59,25434.05,25434,100,25437.85,100,0,127575
NIFTY-III.NFO,04/09/2024,09:30:02,25434,25433.95,25,25435.35,100,25,127575
NIFTY-III.NFO,04/09/2024,09:30:04,25434.05,25431,25,25435.35,100,100,127575
NIFTY-III.NFO,04/09/2024,09:30:06,25430.05,25430.05,150,25437.8,100,75,127575
NIFTY-III.NFO,04/09/2024,09:30:07,25430.05,25430,275,25437.1,100,25,127575
NIFTY-III.NFO,04/09/2024,09:30:09,25430,25430,250,25433.8,100,25,127575
NIFTY-III.NFO,04/09/2024,09:30:11,25433.8,25430,325,25435.25,175,50,127575
NIFTY-III.NFO,04/09/2024,09:30:12,25433.8,25430,250,25435.65,100,0,127575
NIFTY-III.NFO,04/09/2024,09:30:14,25430,25430,225,25435,100,25,127575
NIFTY-III.NFO,04/09/2024,09:30:16,25430,25430,225,25435.65,100,0,127575
NIFTY-III.NFO,04/09/2024,09:30:17,25434,25430,225,25435.7,100,25,127575
NIFTY-III.NFO,04/09/2024,09:30:19,25430,25430.05,100,25436.4,100,25,127575
NIFTY-III.NFO,04/09/2024,09:30:21,25430,25430,200,25434,100,0,127575
NIFTY-III.NFO,04/09/2024,09:30:22,25430,25430,175,25433.95,100,25,127575
NIFTY-III.NFO,04/09/2024,09:30:24,25430,25430,175,25433.95,100,0,127575
NIFTY-III.NFO,04/09/2024,09:30:26,25430,25430,200,25433.4,100,0,127575
NIFTY-III.NFO,04/09/2024,09:30:27,25430,25430,100,25432.05,100,100,127575
NIFTY-III.NFO,04/09/2024,09:30:29,25430,25425.15,100,25432.05,100,100,127575
NIFTY-III.NFO,04/09/2024,09:30:31,25430,25430,25,25432.05,100,25,127575
NIFTY-III.NFO,04/09/2024,09:30:32,25430,25426.3,100,25432.85,100,25,127575
NIFTY-III.NFO,04/09/2024,09:30:34,25430,25426.5,175,25432.7,100,0,127575
NIFTY-III.NFO,04/09/2024,09:30:36,25430,25426.5,175,25433.3,175,0,127575
NIFTY-III.NFO,04/09/2024,09:30:37,25430,25425.15,100,25432.85,100,0,127575
NIFTY-III.NFO,04/09/2024,09:30:39,25430,25427.05,50,25430,25,0,127575
NIFTY-III.NFO,04/09/2024,09:30:41,25428.3,25427,50,25432.1,175,100,128025
NIFTY-III.NFO,04/09/2024,09:30:42,25427,25427.1,50,25432.1,150,50,128025
NIFTY-III.NFO,04/09/2024,09:30:44,25427,25427.1,50,25432,150,0,128025
NIFTY-III.NFO,04/09/2024,09:30:46,25427.1,25425.15,175,25431.2,150,50,128025
NIFTY-III.NFO,04/09/2024,09:30:47,25427.1,25425.3,100,25431.85,150,0,128025
NIFTY-III.NFO,04/09/2024,09:30:49,25431.2,25425.15,175,25431.55,75,25,128025
NIFTY-III.NFO,04/09/2024,09:30:51,25431.2,25425.15,100,25429.9,150,0,128025
NIFTY-III.NFO,04/09/2024,09:30:52,25425.15,25425.15,150,25429.85,25,50,128025
NIFTY-III.NFO,04/09/2024,09:30:54,25425.15,25425.15,75,25429.65,100,0,128025
NIFTY-III.NFO,04/09/2024,09:30:56,25425.15,25425.9,100,25429.55,25,0,128025
NIFTY-III.NFO,04/09/2024,09:30:57,25425.15,25426.15,100,25429.55,25,0,128025
NIFTY-III.NFO,04/09/2024,09:30:59,25425.15,25426.15,25,25429.55,25,0,128025
NIFTY-III.NFO,04/09/2024,09:31:01,25425.15,25425.15,125,25429.5,25,50,128025
NIFTY-III.NFO,04/09/2024,09:31:02,25425.15,25428.65,50,25429.45,25,0,128025
NIFTY-III.NFO,04/09/2024,09:31:04,25429.8,25428.8,50,25430,25,150,128025
NIFTY-III.NFO,04/09/2024,09:31:06,25429.8,25429.2,50,25430,25,0,128025
NIFTY-III.NFO,04/09/2024,09:31:07,25430,25428.65,50,25433.95,25,25,128025
NIFTY-III.NFO,04/09/2024,09:31:09,25433.95,25430.05,125,25430.95,25,25,128025
NIFTY-III.NFO,04/09/2024,09:31:11,25433.95,25430.6,75,25430.95,25,0,128025
NIFTY-III.NFO,04/09/2024,09:31:12,25433.95,25430.65,50,25430.95,25,0,128025
NIFTY-III.NFO,04/09/2024,09:31:14,25430.05,25430.05,100,25430.95,25,25,128025
NIFTY-III.NFO,04/09/2024,09:31:16,25430.05,25430.05,75,25435,25,125,128025
NIFTY-III.NFO,04/09/2024,09:31:17,25430.05,25430.45,75,25435,25,0,128025
NIFTY-III.NFO,04/09/2024,09:31:19,25430.05,25430.45,75,25434.95,25,0,128025
NIFTY-III.NFO,04/09/2024,09:31:26,25434.95,25430.45,75,25435,25,25,128025
NIFTY-III.NFO,04/09/2024,09:31:27,25434.95,25431.4,75,25435,25,0,128025
NIFTY-III.NFO,04/09/2024,09:31:29,25437.95,25431.45,25,25439.95,175,50,128025
NIFTY-III.NFO,04/09/2024,09:31:31,25437.95,25430.05,100,25438.5,100,0,128025
NIFTY-III.NFO,04/09/2024,09:31:34,25437.95,25437.95,25,25440,25,0,128025
NIFTY-III.NFO,04/09/2024,09:31:36,25437.95,25435.75,25,25440,25,25,128025
NIFTY-III.NFO,04/09/2024,09:31:37,25437.95,25434.5,25,25440,25,0,128025
NIFTY-III.NFO,04/09/2024,09:31:39,25437.95,25433.55,25,25439.95,175,0,128025
NIFTY-III.NFO,04/09/2024,09:31:40,25437.95,25432.6,25,25439.95,175,0,128025
NIFTY-III.NFO,04/09/2024,09:31:44,25439.95,25432.6,50,25439.9,100,25,128025
NIFTY-III.NFO,04/09/2024,09:31:45,25439.95,25434.05,50,25439.95,100,0,128025
NIFTY-III.NFO,04/09/2024,09:31:47,25439.95,25439.95,25,25440,25,150,128025
NIFTY-III.NFO,04/09/2024,09:31:48,25439.95,25439.95,25,25440,25,0,128025
NIFTY-III.NFO,04/09/2024,09:31:55,25440,25440,2525,25442,100,50,128025
NIFTY-III.NFO,04/09/2024,09:31:56,25440,25440.05,100,25442,100,25,128025
NIFTY-III.NFO,04/09/2024,09:31:58,25440,25440.05,75,25442,100,0,128025
NIFTY-III.NFO,04/09/2024,09:31:59,25440,25440.1,100,25442,100,0,128025
NIFTY-III.NFO,04/09/2024,09:32:02,25442,25441.1,100,25445,25,100,128025
NIFTY-III.NFO,04/09/2024,09:32:04,25442,25443.2,100,25445,25,0,128025
NIFTY-III.NFO,04/09/2024,09:32:06,25448,25443.55,150,25449.15,250,275,128025
NIFTY-III.NFO,04/09/2024,09:32:07,25448,25442.4,100,25448.4,325,0,128025
NIFTY-III.NFO,04/09/2024,09:32:11,25448,25441.05,175,25447.75,325,0,128025
NIFTY-III.NFO,04/09/2024,09:32:12,25448,25441.05,175,25447.75,75,0,128025
NIFTY-III.NFO,04/09/2024,09:32:14,25448,25445,25,25448.95,325,0,128025
NIFTY-III.NFO,04/09/2024,09:32:17,25448,25445,25,25448.9,75,0,128025
NIFTY-III.NFO,04/09/2024,09:32:19,25444.05,25441.35,100,25448.6,100,50,128025
NIFTY-III.NFO,04/09/2024,09:32:21,25444.05,25440.05,100,25446,25,0,128025
NIFTY-III.NFO,04/09/2024,09:32:22,25440.05,25440.05,100,25445.35,25,50,128025
NIFTY-III.NFO,04/09/2024,09:32:24,25440.05,25440.05,175,25445.65,100,0,128025
NIFTY-III.NFO,04/09/2024,09:32:26,25440.05,25440.05,100,25445.1,25,0,128025
NIFTY-III.NFO,04/09/2024,09:32:27,25440.05,25440.05,175,25445.65,100,0,128025
NIFTY-III.NFO,04/09/2024,09:32:29,25440.05,25440.05,100,25445.05,25,0,128025
NIFTY-III.NFO,04/09/2024,09:32:31,25440.05,25440.05,50,25445.65,100,0,128025
NIFTY-III.NFO,04/09/2024,09:32:32,25440.05,25440.1,175,25445.65,100,0,128025
NIFTY-III.NFO,04/09/2024,09:32:34,25440.05,25440.1,175,25445.7,25,0,128025
NIFTY-III.NFO,04/09/2024,09:32:36,25440.05,25440.1,175,25446.9,25,0,128025
NIFTY-III.NFO,04/09/2024,09:32:37,25440.05,25440.1,175,25448.9,100,0,128025
NIFTY-III.NFO,04/09/2024,09:32:39,25440.05,25440.55,100,25444,25,0,128025
NIFTY-III.NFO,04/09/2024,09:32:41,25440.05,25440.1,175,25444,25,0,128025
NIFTY-III.NFO,04/09/2024,09:32:42,25440.05,25440.2,175,25444,25,0,128025
NIFTY-III.NFO,04/09/2024,09:32:47,25440.2,25441,25,25444,25,25,128025
NIFTY-III.NFO,04/09/2024,09:32:49,25440.2,25441,25,25442,25,0,128025
NIFTY-III.NFO,04/09/2024,09:32:52,25442,25441.05,175,25444,25,25,128025
NIFTY-III.NFO,04/09/2024,09:32:54,25441.05,25441,25,25444,25,25,128025
NIFTY-III.NFO,04/09/2024,09:32:56,25444,25441.05,175,25446.2,75,25,128025
NIFTY-III.NFO,04/09/2024,09:32:58,25444,25441,100,25446.2,75,0,128025
NIFTY-III.NFO,04/09/2024,09:32:59,25444,25442,100,25446.2,75,0,128025
NIFTY-III.NFO,04/09/2024,09:33:01,25444,25442,25,25444,25,0,128025
NIFTY-III.NFO,04/09/2024,09:33:03,25444,25442,100,25444,25,0,128025
NIFTY-III.NFO,04/09/2024,09:33:04,25444,25442,25,25444,25,0,128025
NIFTY-III.NFO,04/09/2024,09:33:06,25444,25442.05,100,25444,25,0,128025
NIFTY-III.NFO,04/09/2024,09:33:07,25444,25442.05,175,25444,25,0,128025
NIFTY-III.NFO,04/09/2024,09:33:09,25444,25442,100,25444,25,0,128025
NIFTY-III.NFO,04/09/2024,09:33:12,25444,25442,100,25447.7,150,25,128025
NIFTY-III.NFO,04/09/2024,09:33:14,25444,25442,25,25446.25,150,0,128025
NIFTY-III.NFO,04/09/2024,09:33:17,25444,25442,25,25444,25,0,128025
NIFTY-III.NFO,04/09/2024,09:33:22,25444,25442,100,25444,25,0,128025
NIFTY-III.NFO,04/09/2024,09:33:24,25444,25442,25,25444,25,0,128025
NIFTY-III.NFO,04/09/2024,09:33:26,25444,25442,25,25446.1,150,25,128025
NIFTY-III.NFO,04/09/2024,09:33:27,25444,25442,25,25446.1,150,0,128025
NIFTY-III.NFO,04/09/2024,09:33:29,25444,25442,100,25447.2,75,25,128025
NIFTY-III.NFO,04/09/2024,09:33:30,25444,25444,25,25447.2,75,0,128025
NIFTY-III.NFO,04/09/2024,09:33:32,25444,25444,25,25448.4,75,0,128025
NIFTY-III.NFO,04/09/2024,09:33:34,25444,25444,25,25448.4,150,0,128025
NIFTY-III.NFO,04/09/2024,09:33:35,25444,25444,25,25447.25,150,0,128025
NIFTY-III.NFO,04/09/2024,09:33:37,25444,25442,25,25447.25,150,25,128575
NIFTY-III.NFO,04/09/2024,09:33:39,25444,25442.05,175,25448.35,150,0,128575
NIFTY-III.NFO,04/09/2024,09:33:40,25444,25444,25,25445,25,0,128575
NIFTY-III.NFO,04/09/2024,09:33:42,25444,25444,25,25445,100,0,128575
NIFTY-III.NFO,04/09/2024,09:33:44,25444,25444,25,25445,25,0,128575
NIFTY-III.NFO,04/09/2024,09:33:47,25444,25442,25,25445,25,25,128575
NIFTY-III.NFO,04/09/2024,09:33:49,25444,25442,25,25444.95,75,0,128575
NIFTY-III.NFO,04/09/2024,09:33:50,25444,25442,25,25444.65,75,0,128575
NIFTY-III.NFO,04/09/2024,09:33:52,25444,25442,25,25443.95,75,0,128575
NIFTY-III.NFO,04/09/2024,09:33:53,25444,25442,25,25443.6,75,0,128575
NIFTY-III.NFO,04/09/2024,09:33:55,25443.6,25442,25,25444.65,75,50,128575
NIFTY-III.NFO,04/09/2024,09:33:57,25442,25440.05,25,25444.35,75,25,128575
NIFTY-III.NFO,04/09/2024,09:33:58,25442,25442.35,50,25443.85,75,0,128575
NIFTY-III.NFO,04/09/2024,09:34:00,25442,25442.35,50,25443.9,75,0,128575
NIFTY-III.NFO,04/09/2024,09:34:01,25444.55,25442.35,50,25444.9,75,25,128575
NIFTY-III.NFO,04/09/2024,09:34:03,25444.55,25442.35,50,25444.55,75,0,128575
NIFTY-III.NFO,04/09/2024,09:34:05,25444.55,25442.35,50,25443.35,75,0,128575
NIFTY-III.NFO,04/09/2024,09:34:06,25442.35,25440.1,25,25442.2,200,50,128575
NIFTY-III.NFO,04/09/2024,09:34:08,25442.35,25440.1,25,25442.2,200,0,128575
NIFTY-III.NFO,04/09/2024,09:34:09,25442.35,25440.1,25,25442.35,100,0,128575
NIFTY-III.NFO,04/09/2024,09:34:11,25442.35,25440.1,25,25442.2,75,0,128575
NIFTY-III.NFO,04/09/2024,09:34:13,25440.1,25440.05,25,25440.55,75,25,128575
NIFTY-III.NFO,04/09/2024,09:34:14,25440.05,25440,2550,25440.6,200,25,128575
NIFTY-III.NFO,04/09/2024,09:34:16,25440.55,25440,2525,25440.25,325,50,128575
NIFTY-III.NFO,04/09/2024,09:34:17,25440,25440,2250,25440.15,125,275,128575
NIFTY-III.NFO,04/09/2024,09:34:20,25440,25440,2250,25442.35,25,0,128575
NIFTY-III.NFO,04/09/2024,09:34:22,25440,25440,2250,25441.95,250,0,128575
NIFTY-III.NFO,04/09/2024,09:34:23,25440,25440,2250,25441.5,125,0,128575
NIFTY-III.NFO,04/09/2024,09:34:25,25440,25440,2250,25441.4,125,0,128575
NIFTY-III.NFO,04/09/2024,09:34:27,25440,25440,2250,25441.4,200,0,128575
NIFTY-III.NFO,04/09/2024,09:34:28,25440,25440.05,100,25442.35,25,0,128575
NIFTY-III.NFO,04/09/2024,09:34:30,25440,25441.6,175,25442.35,25,0,128575
NIFTY-III.NFO,04/09/2024,09:34:31,25440,25441.65,175,25442.35,25,0,128575
NIFTY-III.NFO,04/09/2024,09:34:33,25440,25441.85,150,25442.35,25,0,128575
NIFTY-III.NFO,04/09/2024,09:34:34,25440,25440.9,100,25442.35,25,0,128575
NIFTY-III.NFO,04/09/2024,09:34:36,25440.05,25440.1,100,25442.35,25,25,128575
NIFTY-III.NFO,04/09/2024,09:34:38,25440.05,25440.1,100,25442.35,25,0,128575
NIFTY-III.NFO,04/09/2024,09:34:39,25440.05,25440.05,100,25442.35,25,0,128575
NIFTY-III.NFO,04/09/2024,09:34:42,25440.05,25440.05,175,25442.35,25,0,128575
NIFTY-III.NFO,04/09/2024,09:34:46,25440.05,25440.05,100,25442.35,25,0,128575
NIFTY-III.NFO,04/09/2024,09:34:47,25440.05,25440,2275,25442.35,25,0,128575
NIFTY-III.NFO,04/09/2024,09:34:49,25440.05,25440.05,100,25442.35,25,0,128575
NIFTY-III.NFO,04/09/2024,09:34:55,25440.05,25440,2275,25442.35,100,0,128575
NIFTY-III.NFO,04/09/2024,09:34:57,25442.35,25441,25,25442.35,75,25,128575
NIFTY-III.NFO,04/09/2024,09:34:58,25441,25440,2275,25442.4,250,25,128575
NIFTY-III.NFO,04/09/2024,09:35:00,25441,25440,2275,25441.75,325,0,128575
NIFTY-III.NFO,04/09/2024,09:35:02,25440,25440,2225,25442.4,200,50,128575
NIFTY-III.NFO,04/09/2024,09:35:03,25440,25440,2175,25442.4,200,50,128575
NIFTY-III.NFO,04/09/2024,09:35:05,25440,25440,2175,25441.55,200,0,128575
NIFTY-III.NFO,04/09/2024,09:35:06,25440,25440,2175,25441.15,75,0,128575
NIFTY-III.NFO,04/09/2024,09:35:08,25441.75,25440,2175,25441.4,300,25,128575
NIFTY-III.NFO,04/09/2024,09:35:10,25440,25440,1975,25441.4,300,200,128575
NIFTY-III.NFO,04/09/2024,09:35:11,25443.75,25440,1975,25441.45,25,1500,128575
NIFTY-III.NFO,04/09/2024,09:35:13,25443.75,25440,1975,25441.45,25,0,128575
NIFTY-III.NFO,04/09/2024,09:35:14,25443.75,25440,2000,25441,25,0,128575
NIFTY-III.NFO,04/09/2024,09:35:16,25441.45,25440,2025,25443.8,475,50,128575
NIFTY-III.NFO,04/09/2024,09:35:18,25441.45,25440,2025,25443.85,225,0,128575
NIFTY-III.NFO,04/09/2024,09:35:19,25441.45,25440,2025,25444,125,0,128575
NIFTY-III.NFO,04/09/2024,09:35:21,25441.45,25440,2100,25442,25,0,128575
NIFTY-III.NFO,04/09/2024,09:35:23,25444.85,25440,2025,25443.55,125,1500,128575
NIFTY-III.NFO,04/09/2024,09:35:24,25444.85,25440,2025,25443.55,125,0,128575
NIFTY-III.NFO,04/09/2024,09:35:26,25444.85,25440,2025,25442.9,125,0,128575
NIFTY-III.NFO,04/09/2024,09:35:28,25440,25440,2825,25443.75,125,200,128575
NIFTY-III.NFO,04/09/2024,09:35:29,25440,25440,2825,25443.1,125,0,128575
NIFTY-III.NFO,04/09/2024,09:35:31,25440,25440,2825,25443.8,25,0,128575
NIFTY-III.NFO,04/09/2024,09:35:34,25440,25440,2825,25443.1,125,0,128575
NIFTY-III.NFO,04/09/2024,09:35:36,25440,25440,2625,25442.45,125,200,128575
NIFTY-III.NFO,04/09/2024,09:35:38,25440,25440,2625,25442.45,125,0,128575
NIFTY-III.NFO,04/09/2024,09:35:39,25440,25440.1,25,25442.45,125,0,128575
NIFTY-III.NFO,04/09/2024,09:35:41,25440,25440,2425,25442.85,25,200,128575
NIFTY-III.NFO,04/09/2024,09:35:43,25440,25440,2450,25443.5,25,0,128575
NIFTY-III.NFO,04/09/2024,09:35:44,25440,25440,2425,25442.65,125,25,128575
NIFTY-III.NFO,04/09/2024,09:35:46,25440,25440,2400,25443.3,125,0,128575
NIFTY-III.NFO,04/09/2024,09:35:48,25443.3,25440,2400,25443.3,100,25,128575
NIFTY-III.NFO,04/09/2024,09:35:49,25443.3,25440,2400,25443.35,25,0,128575
NIFTY-III.NFO,04/09/2024,09:35:51,25443.3,25440.05,175,25444,100,0,128575
NIFTY-III.NFO,04/09/2024,09:35:53,25443.3,25440.05,100,25443.45,125,0,128575
NIFTY-III.NFO,04/09/2024,09:35:54,25443.3,25440,2400,25443.45,125,0,128575
NIFTY-III.NFO,04/09/2024,09:35:56,25443.3,25440.05,175,25445,150,0,128575
NIFTY-III.NFO,04/09/2024,09:35:59,25445,25440.05,100,25445,25,125,128575
NIFTY-III.NFO,04/09/2024,09:36:01,25445,25440.05,175,25445.3,125,0,128575
NIFTY-III.NFO,04/09/2024,09:36:02,25445,25440.05,175,25445.6,100,0,128575
NIFTY-III.NFO,04/09/2024,09:36:04,25445,25440.05,175,25446.9,100,0,128575
NIFTY-III.NFO,04/09/2024,09:36:06,25445,25440.05,100,25445,125,50,128575
NIFTY-III.NFO,04/09/2024,09:36:07,25445,25441,25,25444.85,125,0,128575
NIFTY-III.NFO,04/09/2024,09:36:09,25445,25441,25,25445.05,100,0,128575
NIFTY-III.NFO,04/09/2024,09:36:11,25445,25441,25,25444.8,125,0,128575
NIFTY-III.NFO,04/09/2024,09:36:12,25445,25441,25,25444.95,125,0,128575
NIFTY-III.NFO,04/09/2024,09:36:16,25445,25441,25,25443.45,250,0,128575
NIFTY-III.NFO,04/09/2024,09:36:17,25445,25441,25,25442.95,100,0,128575
NIFTY-III.NFO,04/09/2024,09:36:20,25445,25441,50,25443.85,225,0,128575
NIFTY-III.NFO,04/09/2024,09:36:22,25445,25441,50,25444.05,125,0,128575
NIFTY-III.NFO,04/09/2024,09:36:24,25445,25441,50,25443,100,0,128575
NIFTY-III.NFO,04/09/2024,09:36:29,25445,25441,50,25442.75,175,0,128575
NIFTY-III.NFO,04/09/2024,09:36:30,25445,25441,50,25441.95,100,0,128575
NIFTY-III.NFO,04/09/2024,09:36:32,25445,25441,50,25442.7,25,0,128575
NIFTY-III.NFO,04/09/2024,09:36:34,25445,25441,50,25442.65,125,0,128575
NIFTY-III.NFO,04/09/2024,09:36:37,25445,25441,50,25441.8,100,0,128575
NIFTY-III.NFO,04/09/2024,09:36:40,25445,25441,50,25441.8,225,0,128575
NIFTY-III.NFO,04/09/2024,09:36:42,25441,25441,50,25441.75,125,25,128300
NIFTY-III.NFO,04/09/2024,09:36:44,25441,25441,50,25441.75,125,0,128300
NIFTY-III.NFO,04/09/2024,09:36:45,25441,25441,50,25441.7,25,0,128300
NIFTY-III.NFO,04/09/2024,09:36:50,25441,25441,50,25442.5,25,0,128300
NIFTY-III.NFO,04/09/2024,09:36:52,25441,25441,25,25441.85,100,25,128300
NIFTY-III.NFO,04/09/2024,09:36:54,25441,25440,2525,25441.7,125,25,128300
NIFTY-III.NFO,04/09/2024,09:36:55,25441,25441,25,25441.25,25,0,128300
NIFTY-III.NFO,04/09/2024,09:36:57,25441,25440.15,75,25440.8,100,25,128300
NIFTY-III.NFO,04/09/2024,09:36:59,25441,25440.15,75,25440.8,100,0,128300
NIFTY-III.NFO,04/09/2024,09:37:00,25440.8,25440.15,75,25440.95,100,25,128300
NIFTY-III.NFO,04/09/2024,09:37:02,25440,25440,2025,25440.05,25,500,128300
NIFTY-III.NFO,04/09/2024,09:37:04,25440,25440,375,25440.05,25,1650,128300
NIFTY-III.NFO,04/09/2024,09:37:05,25440,25440.05,25,25440.1,25,375,128300
NIFTY-III.NFO,04/09/2024,09:37:07,25440,25440.05,25,25440.95,25,0,128300
NIFTY-III.NFO,04/09/2024,09:37:09,25440.05,25440,25,25440.95,25,25,128300
NIFTY-III.NFO,04/09/2024,09:37:10,25440.05,25440.1,25,25440.95,275,0,128300
NIFTY-III.NFO,04/09/2024,09:37:12,25440.1,25440,25,25440.95,250,25,128300
NIFTY-III.NFO,04/09/2024,09:37:13,25440.1,25440,25,25440.95,250,0,128300
NIFTY-III.NFO,04/09/2024,09:37:15,25440.1,25440,25,25440.15,250,0,128300
NIFTY-III.NFO,04/09/2024,09:37:20,25440,25437.15,25,25440,200,25,128300
NIFTY-III.NFO,04/09/2024,09:37:22,25440,25437.15,25,25440,200,0,128300
NIFTY-III.NFO,04/09/2024,09:37:25,25440,25437.15,25,25440,25,0,128300
NIFTY-III.NFO,04/09/2024,09:37:27,25440,25437.15,25,25440.15,250,25,128300
NIFTY-III.NFO,04/09/2024,09:37:28,25440,25437.15,25,25440.85,125,0,128300
NIFTY-III.NFO,04/09/2024,09:37:30,25440,25437.15,25,25440,25,0,128300
NIFTY-III.NFO,04/09/2024,09:37:35,25440,25437.15,100,25440,25,0,128300
NIFTY-III.NFO,04/09/2024,09:37:36,25440,25437.15,25,25440,25,0,128300
NIFTY-III.NFO,04/09/2024,09:37:38,25440,25437.2,175,25440,25,0,128300
NIFTY-III.NFO,04/09/2024,09:37:39,25440,25437.15,25,25440,25,0,128300
NIFTY-III.NFO,04/09/2024,09:37:41,25440,25440,75,25440.35,175,50,128300
NIFTY-III.NFO,04/09/2024,09:37:43,25440,25440,100,25440.15,250,0,128300
NIFTY-III.NFO,04/09/2024,09:37:44,25440,25440,50,25440.9,250,50,128300
NIFTY-III.NFO,04/09/2024,09:37:46,25440,25440,50,25441.65,250,0,128300
NIFTY-III.NFO,04/09/2024,09:37:49,25440,25440,50,25442.4,250,0,128300
NIFTY-III.NFO,04/09/2024,09:37:51,25440,25440,125,25443.7,175,0,128300
NIFTY-III.NFO,04/09/2024,09:37:52,25440,25440,50,25442.9,175,0,128300
NIFTY-III.NFO,04/09/2024,09:37:54,25440,25440,50,25442.4,250,0,128300
NIFTY-III.NFO,04/09/2024,09:37:56,25440,25440,50,25442.1,175,0,128300
NIFTY-III.NFO,04/09/2024,09:37:57,25440,25440,100,25442.1,175,0,128300
NIFTY-III.NFO,04/09/2024,09:38:00,25440,25440,75,25440.5,175,25,128300
NIFTY-III.NFO,04/09/2024,09:38:02,25440,25440,75,25441.25,175,0,128300
NIFTY-III.NFO,04/09/2024,09:38:04,25440,25440,100,25441.25,175,0,128300
NIFTY-III.NFO,04/09/2024,09:38:05,25440,25440,100,25441.1,50,0,128300
NIFTY-III.NFO,04/09/2024,09:38:07,25440,25440,125,25441.25,175,0,128300
NIFTY-III.NFO,04/09/2024,09:38:08,25440,25440,125,25441.3,250,0,128300
NIFTY-III.NFO,04/09/2024,09:38:10,25441.3,25440,125,25442.4,175,25,128300
NIFTY-III.NFO,04/09/2024,09:38:11,25441.3,25440,125,25442.4,175,0,128300
NIFTY-III.NFO,04/09/2024,09:38:13,25441.35,25441.55,100,25445,25,25,128300
NIFTY-III.NFO,04/09/2024,09:38:15,25441.35,25441.5,75,25445,25,0,128300
NIFTY-III.NFO,04/09/2024,09:38:16,25441.35,25440.05,175,25445,25,0,128300
NIFTY-III.NFO,04/09/2024,09:38:26,25441.35,25440.05,100,25445,25,0,128300
NIFTY-III.NFO,04/09/2024,09:38:28,25441.35,25440.05,175,25445,25,0,128300
NIFTY-III.NFO,04/09/2024,09:38:39,25441.35,25441.4,100,25445,25,0,128300
NIFTY-III.NFO,04/09/2024,09:38:46,25441.35,25441.35,25,25445,25,0,128300
NIFTY-III.NFO,04/09/2024,09:38:47,25445,25441.45,100,25445.9,50,25,128300
NIFTY-III.NFO,04/09/2024,09:38:49,25445,25441.35,25,25445.8,300,0,128300
NIFTY-III.NFO,04/09/2024,09:38:50,25445,25441.35,100,25445.8,50,0,128300
NIFTY-III.NFO,04/09/2024,09:38:52,25445,25441.35,100,25446.25,125,0,128300
NIFTY-III.NFO,04/09/2024,09:38:54,25445,25441.35,25,25445.2,125,0,128300
NIFTY-III.NFO,04/09/2024,09:38:55,25445,25441.35,25,25444.3,300,0,128300
NIFTY-III.NFO,04/09/2024,09:38:57,25445,25441.35,25,25443.5,50,0,128300
NIFTY-III.NFO,04/09/2024,09:38:59,25443.2,25441.35,25,25442.65,50,25,128300
NIFTY-III.NFO,04/09/2024,09:39:00,25441.35,25440.05,100,25445.5,50,25,128300
NIFTY-III.NFO,04/09/2024,09:39:02,25441.35,25440,150,25444.75,600,0,128300
NIFTY-III.NFO,04/09/2024,09:39:04,25441.35,25440.05,175,25446.3,175,0,128300
NIFTY-III.NFO,04/09/2024,09:39:05,25441.35,25440.05,175,25447.1,350,0,128300
NIFTY-III.NFO,04/09/2024,09:39:07,25441.35,25440.05,175,25448,175,0,128300
NIFTY-III.NFO,04/09/2024,09:39:10,25441.35,25442.9,100,25448,175,0,128300
NIFTY-III.NFO,04/09/2024,09:39:12,25441.35,25443.45,150,25448,175,0,128300
NIFTY-III.NFO,04/09/2024,09:39:13,25441.35,25442.05,175,25447.25,175,0,128300
NIFTY-III.NFO,04/09/2024,09:39:15,25441.35,25442.1,100,25448,175,0,128300
NIFTY-III.NFO,04/09/2024,09:39:18,25448,25442.1,100,25445,25,25,128300
NIFTY-III.NFO,04/09/2024,09:39:20,25448,25442.1,100,25445,25,0,128300
NIFTY-III.NFO,04/09/2024,09:39:22,25445,25442.1,100,25448,150,25,128300
NIFTY-III.NFO,04/09/2024,09:39:24,25445,25442.1,100,25448,150,0,128300
NIFTY-III.NFO,04/09/2024,09:39:27,25445,25442,25,25444.4,175,0,128300
NIFTY-III.NFO,04/09/2024,09:39:30,25445,25442,25,25443.7,100,0,128300
NIFTY-III.NFO,04/09/2024,09:39:32,25444.35,25440,200,25444.4,175,50,128300
NIFTY-III.NFO,04/09/2024,09:39:34,25444.35,25440,125,25443.9,75,0,128300
NIFTY-III.NFO,04/09/2024,09:39:35,25444.35,25440,125,25444.25,425,0,128300
NIFTY-III.NFO,04/09/2024,09:39:37,25444.35,25440,200,25444.7,250,0,128300
NIFTY-III.NFO,04/09/2024,09:39:39,25444.2,25440,125,25444.4,200,100,128850
NIFTY-III.NFO,04/09/2024,09:39:40,25444.2,25440,125,25444.25,250,0,128850
NIFTY-III.NFO,04/09/2024,09:39:42,25444.2,25440,125,25444.4,275,0,128850
NIFTY-III.NFO,04/09/2024,09:39:44,25444.2,25440,200,25444.4,275,0,128850
NIFTY-III.NFO,04/09/2024,09:39:45,25444.2,25440,125,25443.6,75,0,128850
NIFTY-III.NFO,04/09/2024,09:39:47,25444.2,25440,200,25444.2,75,0,128850
NIFTY-III.NFO,04/09/2024,09:39:49,25444.2,25440,200,25444.4,200,0,128850
NIFTY-III.NFO,04/09/2024,09:39:50,25444.2,25440,125,25444.4,200,0,128850
NIFTY-III.NFO,04/09/2024,09:39:52,25444.2,25440,125,25444.15,75,0,128850
NIFTY-III.NFO,04/09/2024,09:39:54,25444.2,25440,200,25444,25,0,128850
NIFTY-III.NFO,04/09/2024,09:39:55,25444,25440,125,25444.4,200,25,128850
NIFTY-III.NFO,04/09/2024,09:39:57,25440,25440,175,25444.7,75,25,128850
NIFTY-III.NFO,04/09/2024,09:39:59,25440,25440.05,100,25445,25,0,128850
NIFTY-III.NFO,04/09/2024,09:40:02,25440,25444,25,25445,25,0,128850
NIFTY-III.NFO,04/09/2024,09:40:07,25440,25444,25,25446.65,75,0,128850
NIFTY-III.NFO,04/09/2024,09:40:09,25440,25444,25,25446.1,200,0,128850
NIFTY-III.NFO,04/09/2024,09:40:10,25440,25444,25,25445.85,75,0,128850
NIFTY-III.NFO,04/09/2024,09:40:12,25445.75,25444,25,25445.85,75,25,128850
NIFTY-III.NFO,04/09/2024,09:40:14,25445.75,25444,25,25446,375,0,128850
NIFTY-III.NFO,04/09/2024,09:40:15,25446,25444,25,25444.55,200,25,128850
NIFTY-III.NFO,04/09/2024,09:40:17,25446,25444,25,25444.55,200,0,128850
NIFTY-III.NFO,04/09/2024,09:40:20,25446,25444,25,25445.75,25,0,128850
NIFTY-III.NFO,04/09/2024,09:40:23,25446,25444,25,25445.35,250,0,128850
NIFTY-III.NFO,04/09/2024,09:40:25,25446,25444,25,25444.75,175,0,128850
NIFTY-III.NFO,04/09/2024,09:40:28,25444,25440,100,25444.05,75,25,128850
NIFTY-III.NFO,04/09/2024,09:40:30,25444,25440,100,25444.05,75,0,128850
NIFTY-III.NFO,04/09/2024,09:40:32,25444,25440,100,25444.2,175,0,128850
NIFTY-III.NFO,04/09/2024,09:40:33,25444,25440,100,25444.5,250,0,128850
NIFTY-III.NFO,04/09/2024,09:40:35,25444,25440,150,25444.05,75,0,128850
NIFTY-III.NFO,04/09/2024,09:40:37,25444,25440,150,25443.55,175,0,128850
NIFTY-III.NFO,04/09/2024,09:40:38,25444,25440,150,25443.95,175,0,128850
NIFTY-III.NFO,04/09/2024,09:40:40,25444,25440.05,100,25444,25,0,128850
NIFTY-III.NFO,04/09/2024,09:40:43,25444,25440,150,25444,25,0,128850
NIFTY-III.NFO,04/09/2024,09:40:45,25444,25440,125,25444,25,0,128850
NIFTY-III.NFO,04/09/2024,09:40:47,25444,25440.05,175,25444,25,0,128850
NIFTY-III.NFO,04/09/2024,09:40:52,25444,25442.1,100,25444,25,0,128850
NIFTY-III.NFO,04/09/2024,09:40:53,25444,25443.75,100,25448,150,50,128850
NIFTY-III.NFO,04/09/2024,09:40:55,25444,25443.9,100,25448,150,0,128850
NIFTY-III.NFO,04/09/2024,09:40:56,25444,25443.8,175,25448,150,0,128850
NIFTY-III.NFO,04/09/2024,09:40:58,25444,25442.4,100,25448,150,0,128850
NIFTY-III.NFO,04/09/2024,09:41:00,25444,25443.25,175,25448,150,0,128850
NIFTY-III.NFO,04/09/2024,09:41:01,25444,25441.25,100,25448,150,0,128850
NIFTY-III.NFO,04/09/2024,09:41:03,25444,25440.65,100,25445,25,0,128850
NIFTY-III.NFO,04/09/2024,09:41:06,25444,25440.05,175,25445,25,0,128850
NIFTY-III.NFO,04/09/2024,09:41:11,25444,25441.75,100,25445,25,0,128850
NIFTY-III.NFO,04/09/2024,09:41:13,25444,25440.1,100,25445,25,0,128850
NIFTY-III.NFO,04/09/2024,09:41:19,25444,25441.05,100,25445,25,0,128850
NIFTY-III.NFO,04/09/2024,09:41:24,25444,25441.05,175,25445,25,0,128850
NIFTY-III.NFO,04/09/2024,09:41:31,25444,25441.05,175,25444,25,0,128850
NIFTY-III.NFO,04/09/2024,09:41:37,25444,25441.3,175,25445,25,25,128850
NIFTY-III.NFO,04/09/2024,09:41:39,25445,25441.6,100,25448,150,25,128850
NIFTY-III.NFO,04/09/2024,09:41:41,25445,25442.4,100,25448,150,0,128850
NIFTY-III.NFO,04/09/2024,09:41:46,25445,25441.35,100,25448,225,0,128850
NIFTY-III.NFO,04/09/2024,09:41:51,25445,25441.35,100,25448,150,0,128850
NIFTY-III.NFO,04/09/2024,09:41:52,25445,25441.35,100,25448,225,0,128850
NIFTY-III.NFO,04/09/2024,09:41:54,25445,25441.35,100,25448,150,0,128850
NIFTY-III.NFO,04/09/2024,09:41:56,25445,25441.7,100,25448,150,0,128850
NIFTY-III.NFO,04/09/2024,09:41:57,25441.7,25441.7,100,25447.95,25,25,128850
NIFTY-III.NFO,04/09/2024,09:41:59,25441.7,25441.7,100,25447.95,100,0,128850
NIFTY-III.NFO,04/09/2024,09:42:01,25441.7,25441.05,175,25447.75,25,0,128850
NIFTY-III.NFO,04/09/2024,09:42:02,25441.7,25441,100,25447.75,25,0,128850
NIFTY-III.NFO,04/09/2024,09:42:04,25441.7,25441,100,25447.05,100,0,128850
NIFTY-III.NFO,04/09/2024,09:42:05,25441.7,25441,25,25446.85,25,0,128850
NIFTY-III.NFO,04/09/2024,09:42:07,25441.7,25441,25,25445.35,25,0,128850
NIFTY-III.NFO,04/09/2024,09:42:09,25441.7,25441,25,25444.5,25,0,128850
NIFTY-III.NFO,04/09/2024,09:42:10,25441.7,25441,25,25446,100,0,128850
NIFTY-III.NFO,04/09/2024,09:42:12,25441.7,25441,25,25446.15,100,0,128850
NIFTY-III.NFO,04/09/2024,09:42:13,25441.7,25441,25,25445.9,100,0,128850
NIFTY-III.NFO,04/09/2024,09:42:15,25441.7,25445,25,25445.3,100,0,128850
NIFTY-III.NFO,04/09/2024,09:42:17,25441.7,25445,25,25445.9,100,0,128850
NIFTY-III.NFO,04/09/2024,09:42:20,25441.7,25445,25,25445.25,100,0,128850
NIFTY-III.NFO,04/09/2024,09:42:23,25445,25441.7,25,25446.05,25,25,128850
NIFTY-III.NFO,04/09/2024,09:42:25,25445,25441.7,100,25446.7,25,0,128850
NIFTY-III.NFO,04/09/2024,09:42:27,25445,25441.7,25,25446,25,0,128850
NIFTY-III.NFO,04/09/2024,09:42:28,25445,25441.7,25,25446.4,100,0,128850
NIFTY-III.NFO,04/09/2024,09:42:30,25445,25441.7,25,25444.8,25,0,128850
NIFTY-III.NFO,04/09/2024,09:42:32,25445,25441.7,25,25446.4,25,0,128850
NIFTY-III.NFO,04/09/2024,09:42:33,25445,25441.7,25,25444.95,25,0,128850
NIFTY-III.NFO,04/09/2024,09:42:35,25445,25441.7,25,25444.95,100,0,128850
NIFTY-III.NFO,04/09/2024,09:42:40,25445,25441.7,25,25444.95,25,0,128850
NIFTY-III.NFO,04/09/2024,09:42:41,25445,25442,25,25444.8,25,0,128850
NIFTY-III.NFO,04/09/2024,09:42:43,25445,25442,25,25444.05,100,0,128850
NIFTY-III.NFO,04/09/2024,09:42:46,25445,25442,25,25444.9,25,0,128850
NIFTY-III.NFO,04/09/2024,09:42:48,25445,25442,25,25444.4,25,0,128850
NIFTY-III.NFO,04/09/2024,09:42:51,25445,25442,25,25443.75,25,0,128850
NIFTY-III.NFO,04/09/2024,09:42:55,25445,25442,25,25443.4,25,0,128850
NIFTY-III.NFO,04/09/2024,09:42:56,25445,25442,25,25443.45,75,0,128850
NIFTY-III.NFO,04/09/2024,09:42:58,25445,25442,25,25443.4,25,0,128850
NIFTY-III.NFO,04/09/2024,09:43:01,25445,25442,25,25444.95,100,0,128850
NIFTY-III.NFO,04/09/2024,09:43:03,25445,25442,25,25443.5,25,0,128850
NIFTY-III.NFO,04/09/2024,09:43:04,25445,25442,25,25443.75,25,0,128850
NIFTY-III.NFO,04/09/2024,09:43:06,25445,25442,25,25443.05,100,0,128850
NIFTY-III.NFO,04/09/2024,09:43:11,25440.4,25440,200,25440.4,75,100,128850
NIFTY-III.NFO,04/09/2024,09:43:13,25440.4,25440,200,25440.4,75,0,128850
NIFTY-III.NFO,04/09/2024,09:43:14,25440.4,25440,200,25440.1,100,0,128850
NIFTY-III.NFO,04/09/2024,09:43:16,25440.4,25440,200,25441.6,100,0,128850
NIFTY-III.NFO,04/09/2024,09:43:18,25440.4,25440,200,25440.9,100,0,128850
NIFTY-III.NFO,04/09/2024,09:43:20,25440,25440,175,25440.9,100,25,128850
NIFTY-III.NFO,04/09/2024,09:43:22,25440,25440,175,25440.9,25,25,128850
NIFTY-III.NFO,04/09/2024,09:43:23,25440,25440,175,25440.9,25,0,128850
NIFTY-III.NFO,04/09/2024,09:43:25,25440,25440,175,25442.15,25,0,128850
NIFTY-III.NFO,04/09/2024,09:43:27,25440,25440,150,25442.15,25,25,128850
NIFTY-III.NFO,04/09/2024,09:43:28,25440,25440,150,25442.15,100,0,128850
NIFTY-III.NFO,04/09/2024,09:43:31,25440,25440,125,25441.5,100,25,128850
NIFTY-III.NFO,04/09/2024,09:43:33,25440,25440,125,25442.65,325,0,128850
NIFTY-III.NFO,04/09/2024,09:43:35,25440,25440,125,25442.2,100,0,128850
NIFTY-III.NFO,04/09/2024,09:43:36,25440,25440,125,25441.55,100,0,128850
NIFTY-III.NFO,04/09/2024,09:43:41,25440,25440,125,25440.9,100,0,128850
NIFTY-III.NFO,04/09/2024,09:43:43,25440,25440,150,25441.5,100,0,128850
NIFTY-III.NFO,04/09/2024,09:43:46,25440,25440,100,25441.6,75,75,128850
NIFTY-III.NFO,04/09/2024,09:43:48,25440,25438,25,25441.65,100,100,128850
NIFTY-III.NFO,04/09/2024,09:43:49,25440,25438,25,25440.35,100,0,128850
NIFTY-III.NFO,04/09/2024,09:43:51,25438,25437.15,25,25439.05,75,25,128850
NIFTY-III.NFO,04/09/2024,09:43:53,25438,25437.15,25,25440.35,75,0,128850
NIFTY-III.NFO,04/09/2024,09:43:56,25438,25437.15,25,25440,50,0,128850
NIFTY-III.NFO,04/09/2024,09:43:58,25438,25437.15,25,25440,125,0,128850
NIFTY-III.NFO,04/09/2024,09:44:01,25438,25437.2,100,25440,50,0,128850
NIFTY-III.NFO,04/09/2024,09:44:03,25438,25437.15,25,25440,50,0,128850
NIFTY-III.NFO,04/09/2024,09:44:04,25438,25437.15,25,25440,125,0,128850
NIFTY-III.NFO,04/09/2024,09:44:06,25440,25437.15,25,25440,25,25,128850
NIFTY-III.NFO,04/09/2024,09:44:08,25440,25437.15,25,25439.95,100,0,128850
NIFTY-III.NFO,04/09/2024,09:44:09,25440,25437.15,25,25439.45,25,0,128850
NIFTY-III.NFO,04/09/2024,09:44:11,25440,25437.15,25,25439.6,100,0,128850
NIFTY-III.NFO,04/09/2024,09:44:12,25440,25437.15,25,25439.55,100,0,128850
NIFTY-III.NFO,04/09/2024,09:44:16,25439.1,25437.15,25,25439.1,75,25,128850
NIFTY-III.NFO,04/09/2024,09:44:17,25439.1,25437.15,25,25439.3,100,0,128850
NIFTY-III.NFO,04/09/2024,09:44:19,25439.1,25437.15,25,25438.75,200,0,128850
NIFTY-III.NFO,04/09/2024,09:44:21,25437.15,25435,25,25437.05,100,25,128850
NIFTY-III.NFO,04/09/2024,09:44:22,25437.15,25435,25,25437.95,200,0,128850
NIFTY-III.NFO,04/09/2024,09:44:24,25437.15,25435,25,25437.15,75,0,128850
NIFTY-III.NFO,04/09/2024,09:44:26,25437.15,25435,25,25436.6,125,0,128850
NIFTY-III.NFO,04/09/2024,09:44:27,25435,25433,25,25435.35,100,25,128850
NIFTY-III.NFO,04/09/2024,09:44:29,25435,25433,25,25436.15,200,0,128850
NIFTY-III.NFO,04/09/2024,09:44:30,25433,25431,50,25434.55,125,25,128850
NIFTY-III.NFO,04/09/2024,09:44:32,25434.3,25431,50,25434.9,25,25,128850
NIFTY-III.NFO,04/09/2024,09:44:34,25434.3,25431,50,25434.45,25,0,128850
NIFTY-III.NFO,04/09/2024,09:44:35,25431,25431,25,25434.35,150,25,128850
NIFTY-III.NFO,04/09/2024,09:44:37,25431,25431,25,25434.35,75,0,128850
NIFTY-III.NFO,04/09/2024,09:44:39,25431,25430,100,25434.4,25,25,128850
NIFTY-III.NFO,04/09/2024,09:44:40,25430,25430,50,25431.65,100,50,128850
NIFTY-III.NFO,04/09/2024,09:44:42,25427,25427,25,25431.35,150,125,128850
NIFTY-III.NFO,04/09/2024,09:44:44,25427.05,25427,25,25432.15,100,75,128850
NIFTY-III.NFO,04/09/2024,09:44:45,25427.05,25427.05,75,25431.8,25,0,128850
NIFTY-III.NFO,04/09/2024,09:44:47,25427.05,25427.05,175,25433.95,125,25,128850
NIFTY-III.NFO,04/09/2024,09:44:48,25427.05,25427.05,175,25433.75,50,0,128850
NIFTY-III.NFO,04/09/2024,09:44:50,25427.05,25427.05,175,25433.75,125,0,128850
NIFTY-III.NFO,04/09/2024,09:44:52,25433.5,25427.05,175,25433.5,100,25,128850
NIFTY-III.NFO,04/09/2024,09:44:53,25433.5,25427.05,225,25433.75,100,0,128850
NIFTY-III.NFO,04/09/2024,09:44:55,25427.05,25427.1,100,25433.6,100,50,128850
NIFTY-III.NFO,04/09/2024,09:44:57,25427.05,25427.1,100,25433.5,100,0,128850
NIFTY-III.NFO,04/09/2024,09:45:00,25427.05,25427.1,100,25433.3,25,0,128850
NIFTY-III.NFO,04/09/2024,09:45:02,25427.05,25427.1,100,25432.4,100,25,128850
NIFTY-III.NFO,04/09/2024,09:45:03,25427.05,25427.05,25,25431.85,275,0,128850
NIFTY-III.NFO,04/09/2024,09:45:05,25427.05,25427.1,100,25431.25,25,0,128850
NIFTY-III.NFO,04/09/2024,09:45:06,25427.05,25427,25,25431.2,100,25,128850
NIFTY-III.NFO,04/09/2024,09:45:08,25427,25425.3,100,25430.9,25,25,128850
NIFTY-III.NFO,04/09/2024,09:45:10,25427,25425.3,100,25430.95,25,0,128850
NIFTY-III.NFO,04/09/2024,09:45:11,25425.3,25425.3,100,25431.1,50,75,128850
NIFTY-III.NFO,04/09/2024,09:45:13,25425.3,25425.3,100,25431.15,25,0,128850
NIFTY-III.NFO,04/09/2024,09:45:14,25425.3,25425.6,100,25431,50,0,128850
NIFTY-III.NFO,04/09/2024,09:45:19,25425.3,25425.6,100,25430.9,25,0,128850
NIFTY-III.NFO,04/09/2024,09:45:21,25425.6,25425.6,100,25430.9,25,25,128850
NIFTY-III.NFO,04/09/2024,09:45:23,25425.6,25425.6,100,25430.9,25,0,128850
NIFTY-III.NFO,04/09/2024,09:45:24,25425.6,25425.6,75,25430.9,25,50,128850
NIFTY-III.NFO,04/09/2024,09:45:26,25430.9,25425.6,75,25430.95,25,25,128850
NIFTY-III.NFO,04/09/2024,09:45:28,25430.9,25425.6,75,25430.95,25,0,128850
NIFTY-III.NFO,04/09/2024,09:45:29,25430.9,25425.6,100,25430.95,25,0,128850
NIFTY-III.NFO,04/09/2024,09:45:31,25430.9,25425.75,150,25430.95,25,0,128850
NIFTY-III.NFO,04/09/2024,09:45:33,25430.9,25425.75,75,25430.95,175,0,128850
NIFTY-III.NFO,04/09/2024,09:45:34,25430.9,25425.75,125,25430.95,175,50,128850
NIFTY-III.NFO,04/09/2024,09:45:36,25430.9,25425.75,125,25430.95,100,0,128850
NIFTY-III.NFO,04/09/2024,09:45:39,25430.9,25425.7,25,25430.4,100,0,128850
NIFTY-III.NFO,04/09/2024,09:45:41,25430.9,25425.7,25,25429.35,100,0,128850
NIFTY-III.NFO,04/09/2024,09:45:43,25425.7,25425.6,25,25429.35,100,25,129300
NIFTY-III.NFO,04/09/2024,09:45:44,25425.7,25425.6,25,25429.35,100,0,129300
NIFTY-III.NFO,04/09/2024,09:45:46,25425.6,25425.15,50,25430.95,100,25,129300
NIFTY-III.NFO,04/09/2024,09:45:48,25425.15,25425.15,100,25430,25,25,129300
NIFTY-III.NFO,04/09/2024,09:45:49,25425.15,25425.15,100,25430,25,0,129300
NIFTY-III.NFO,04/09/2024,09:45:51,25425.15,25425.1,25,25429.95,175,0,129300
NIFTY-III.NFO,04/09/2024,09:45:54,25425.15,25425.2,25,25429.95,100,0,129300
NIFTY-III.NFO,04/09/2024,09:45:56,25425.15,25425.15,100,25429.95,100,0,129300
NIFTY-III.NFO,04/09/2024,09:45:58,25430,25425.15,100,25430,50,50,129300
NIFTY-III.NFO,04/09/2024,09:45:59,25430,25425.15,125,25430,50,0,129300
NIFTY-III.NFO,04/09/2024,09:46:03,25430,25425.15,25,25429.95,100,0,129300
NIFTY-III.NFO,04/09/2024,09:46:04,25425.15,25425.1,25,25429.95,175,25,129300
NIFTY-III.NFO,04/09/2024,09:46:06,25425.15,25425.1,25,25429.95,175,0,129300
NIFTY-III.NFO,04/09/2024,09:46:08,25425.15,25425.1,25,25425.9,100,0,129300
NIFTY-III.NFO,04/09/2024,09:46:09,25425.15,25425.1,25,25426.55,175,0,129300
NIFTY-III.NFO,04/09/2024,09:46:11,25425.15,25425.1,25,25427.25,100,0,129300
NIFTY-III.NFO,04/09/2024,09:46:12,25425.15,25425.1,100,25429.15,100,0,129300
NIFTY-III.NFO,04/09/2024,09:46:14,25425.15,25425.1,25,25427.25,125,0,129300
NIFTY-III.NFO,04/09/2024,09:46:16,25425.15,25425.1,25,25427.15,200,0,129300
NIFTY-III.NFO,04/09/2024,09:46:18,25425.15,25425.1,25,25427,250,0,129300
NIFTY-III.NFO,04/09/2024,09:46:20,25425.15,25425.1,25,25427.7,175,0,129300
NIFTY-III.NFO,04/09/2024,09:46:21,25425.15,25425.15,25,25426.95,200,0,129300
NIFTY-III.NFO,04/09/2024,09:46:23,25425.15,25425.15,25,25426.15,200,0,129300
NIFTY-III.NFO,04/09/2024,09:46:25,25425.15,25425.15,25,25427.6,100,0,129300
NIFTY-III.NFO,04/09/2024,09:46:26,25425.15,25425.15,25,25428.65,125,0,129300
NIFTY-III.NFO,04/09/2024,09:46:28,25425.15,25425.15,25,25430,50,25,129300
NIFTY-III.NFO,04/09/2024,09:46:30,25425.15,25425.1,25,25429.05,25,0,129300
NIFTY-III.NFO,04/09/2024,09:46:31,25425.15,25425.1,25,25429.2,100,0,129300
NIFTY-III.NFO,04/09/2024,09:46:33,25425.15,25425.15,100,25430,50,0,129300
NIFTY-III.NFO,04/09/2024,09:46:38,25425.15,25425.15,50,25430,125,0,129300
NIFTY-III.NFO,04/09/2024,09:46:41,25425.15,25425.6,25,25430,50,0,129300
NIFTY-III.NFO,04/09/2024,09:46:43,25425.15,25427.7,25,25430,75,0,129300
NIFTY-III.NFO,04/09/2024,09:46:45,25425.15,25427.75,25,25430,75,0,129300
NIFTY-III.NFO,04/09/2024,09:46:46,25430,25428.65,25,25431,50,75,129300
NIFTY-III.NFO,04/09/2024,09:46:48,25430,25428.65,25,25430,25,0,129300
NIFTY-III.NFO,04/09/2024,09:46:50,25430,25427.05,25,25431,50,25,129300
NIFTY-III.NFO,04/09/2024,09:46:51,25430,25425.85,25,25431,50,0,129300
NIFTY-III.NFO,04/09/2024,09:46:55,25430,25430,25,25431,50,0,129300
NIFTY-III.NFO,04/09/2024,09:47:00,25430,25430.1,25,25431,50,0,129300
NIFTY-III.NFO,04/09/2024,09:47:01,25431,25430.1,25,25435,25,50,129300
NIFTY-III.NFO,04/09/2024,09:47:03,25431,25431.05,100,25435,25,0,129300
NIFTY-III.NFO,04/09/2024,09:47:05,25431,25431.75,25,25435,25,0,129300
NIFTY-III.NFO,04/09/2024,09:47:06,25431,25431.9,25,25435,25,0,129300
NIFTY-III.NFO,04/09/2024,09:47:14,25431,25432.15,25,25435,25,0,129300
NIFTY-III.NFO,04/09/2024,09:47:16,25431,25432.7,25,25435,25,0,129300
NIFTY-III.NFO,04/09/2024,09:47:18,25432.7,25432.65,75,25435,25,25,129300
NIFTY-III.NFO,04/09/2024,09:47:19,25432.7,25432.65,75,25435,25,0,129300
NIFTY-III.NFO,04/09/2024,09:47:21,25432.7,25431,50,25435,25,0,129300
NIFTY-III.NFO,04/09/2024,09:47:26,25432.7,25431,125,25435,25,0,129300
NIFTY-III.NFO,04/09/2024,09:47:31,25432.7,25432.25,200,25435,25,0,129300
NIFTY-III.NFO,04/09/2024,09:47:33,25435,25433.6,75,25439,25,25,129300
NIFTY-III.NFO,04/09/2024,09:47:34,25435,25435.15,100,25439,25,0,129300
NIFTY-III.NFO,04/09/2024,09:47:36,25435,25435.4,75,25439,25,0,129300
NIFTY-III.NFO,04/09/2024,09:47:38,25435,25435.6,75,25439,25,0,129300
NIFTY-III.NFO,04/09/2024,09:47:39,25439,25435.4,75,25442.95,175,25,129300
NIFTY-III.NFO,04/09/2024,09:47:43,25439,25435.45,25,25442.95,100,0,129300
NIFTY-III.NFO,04/09/2024,09:47:44,25439,25435.6,125,25442.95,100,0,129300
NIFTY-III.NFO,04/09/2024,09:47:46,25439,25436.15,200,25442.95,100,0,129300
NIFTY-III.NFO,04/09/2024,09:47:47,25439,25436.15,75,25442.95,100,0,129300
NIFTY-III.NFO,04/09/2024,09:47:49,25439,25436.15,75,25442.95,175,0,129300
NIFTY-III.NFO,04/09/2024,09:47:52,25439,25435.4,100,25442.45,100,0,129300
NIFTY-III.NFO,04/09/2024,09:47:54,25442.45,25436.05,100,25442.45,100,25,129300
NIFTY-III.NFO,04/09/2024,09:47:56,25442.45,25436.05,100,25442.45,100,0,129300
NIFTY-III.NFO,04/09/2024,09:47:57,25442.45,25436.05,100,25442.95,175,0,129300
NIFTY-III.NFO,04/09/2024,09:48:01,25442.45,25436.05,100,25442.4,100,0,129300
NIFTY-III.NFO,04/09/2024,09:48:04,25442.4,25438,25,25442.4,100,25,129300
NIFTY-III.NFO,04/09/2024,09:48:05,25442.4,25438.05,50,25442.45,25,0,129300
NIFTY-III.NFO,04/09/2024,09:48:09,25442.4,25438,75,25442.4,100,0,129300
NIFTY-III.NFO,04/09/2024,09:48:10,25442.4,25436.3,50,25442.4,175,0,129300
NIFTY-III.NFO,04/09/2024,09:48:12,25442.4,25436.3,50,25442.4,100,0,129300
NIFTY-III.NFO,04/09/2024,09:48:14,25442.4,25436.3,50,25442.45,25,0,129300
NIFTY-III.NFO,04/09/2024,09:48:15,25442.4,25436.3,50,25442.4,175,0,129300
NIFTY-III.NFO,04/09/2024,09:48:17,25442.4,25436.05,125,25442.4,175,0,129300
NIFTY-III.NFO,04/09/2024,09:48:19,25442.4,25436.05,125,25442.35,100,0,129300
NIFTY-III.NFO,04/09/2024,09:48:19,25442.4,25436,25,25441.45,100,0,129300
NIFTY-III.NFO,04/09/2024,09:48:21,25442.4,25436.05,125,25441.95,175,0,129300
NIFTY-III.NFO,04/09/2024,09:48:23,25442.4,25436.05,50,25442.2,175,0,129300
NIFTY-III.NFO,04/09/2024,09:48:26,25442.4,25436.05,50,25442.4,175,0,129300
NIFTY-III.NFO,04/09/2024,09:48:28,25442.4,25436.05,125,25442.2,100,0,129300
NIFTY-III.NFO,04/09/2024,09:48:30,25442.4,25436.1,75,25442.4,100,25,129300
NIFTY-III.NFO,04/09/2024,09:48:31,25442.4,25436.1,75,25442.4,100,0,129300
NIFTY-III.NFO,04/09/2024,09:48:33,25442.4,25436.1,75,25442.4,175,0,129300
NIFTY-III.NFO,04/09/2024,09:48:34,25442.4,25436.1,75,25442.4,100,0,129300
NIFTY-III.NFO,04/09/2024,09:48:36,25442.4,25436.1,75,25442.45,25,0,129300
NIFTY-III.NFO,04/09/2024,09:48:38,25442.4,25440,50,25442.45,25,0,129300
NIFTY-III.NFO,04/09/2024,09:48:43,25442.4,25440,125,25442.45,25,0,129300
NIFTY-III.NFO,04/09/2024,09:48:44,25442.4,25440.05,75,25442.45,25,0,129300
NIFTY-III.NFO,04/09/2024,09:48:46,25442.4,25440,125,25442.45,25,0,129300
NIFTY-III.NFO,04/09/2024,09:48:48,25442.4,25440.05,75,25442.45,25,0,129300
NIFTY-III.NFO,04/09/2024,09:48:51,25442.45,25440.05,75,25443,25,25,129350
NIFTY-III.NFO,04/09/2024,09:48:53,25442.45,25440.05,75,25443,25,0,129350
NIFTY-III.NFO,04/09/2024,09:48:56,25442.45,25440.05,150,25443,25,0,129350
NIFTY-III.NFO,04/09/2024,09:48:58,25442.45,25441.15,25,25443,25,0,129350
NIFTY-III.NFO,04/09/2024,09:48:59,25442.45,25440.05,150,25443,25,0,129350
NIFTY-III.NFO,04/09/2024,09:49:01,25442.45,25442.45,25,25443,25,0,129350
NIFTY-III.NFO,04/09/2024,09:49:13,25442.45,25440,125,25443,25,25,129350
NIFTY-III.NFO,04/09/2024,09:49:14,25442.45,25440,125,25443,25,0,129350
NIFTY-III.NFO,04/09/2024,09:49:18,25442.45,25440.05,75,25443,25,0,129350
NIFTY-III.NFO,04/09/2024,09:49:20,25442.45,25440,125,25443,25,0,129350
NIFTY-III.NFO,04/09/2024,09:49:21,25442.45,25440,200,25443,25,0,129350
NIFTY-III.NFO,04/09/2024,09:49:23,25443,25440.55,75,25447,125,25,129350
NIFTY-III.NFO,04/09/2024,09:49:25,25443,25440.55,75,25446.25,100,0,129350
NIFTY-III.NFO,04/09/2024,09:49:26,25443,25440.05,150,25446.1,175,0,129350
NIFTY-III.NFO,04/09/2024,09:49:28,25445.1,25440.05,150,25445.25,75,50,129350
NIFTY-III.NFO,04/09/2024,09:49:30,25445.1,25440.05,150,25445.15,100,0,129350
NIFTY-III.NFO,04/09/2024,09:49:31,25445.1,25440.05,150,25444.5,75,0,129350
NIFTY-III.NFO,04/09/2024,09:49:35,25445.1,25440.05,150,25445.1,75,0,129350
NIFTY-III.NFO,04/09/2024,09:49:36,25445.1,25440.05,150,25445.05,100,0,129350
NIFTY-III.NFO,04/09/2024,09:49:38,25445.1,25440.05,75,25444.2,75,0,129350
NIFTY-III.NFO,04/09/2024,09:49:39,25444.75,25440.05,175,25444.8,75,25,129350
NIFTY-III.NFO,04/09/2024,09:49:41,25444.75,25442,50,25445.4,100,0,129350
NIFTY-III.NFO,04/09/2024,09:49:43,25444.75,25442,50,25444.8,75,0,129350
NIFTY-III.NFO,04/09/2024,09:49:44,25444.8,25445,25,25445.15,100,75,129350
NIFTY-III.NFO,04/09/2024,09:49:46,25445,25442,50,25445.15,175,25,129350
NIFTY-III.NFO,04/09/2024,09:49:48,25445,25442,50,25445.15,100,0,129350
NIFTY-III.NFO,04/09/2024,09:49:51,25445,25445,25,25445.15,175,0,129350
NIFTY-III.NFO,04/09/2024,09:49:53,25445,25445,25,25445.55,100,0,129350
NIFTY-III.NFO,04/09/2024,09:49:56,25445,25442,50,25444.9,175,25,129350
NIFTY-III.NFO,04/09/2024,09:49:57,25445,25442,50,25444.95,25,0,129350
NIFTY-III.NFO,04/09/2024,09:49:59,25444.95,25442,50,25445,25,25,129350
NIFTY-III.NFO,04/09/2024,09:50:01,25444.95,25442,50,25445,25,0,129350
NIFTY-III.NFO,04/09/2024,09:50:02,25444.95,25442,125,25445,25,0,129350
NIFTY-III.NFO,04/09/2024,09:50:06,25444.95,25442,50,25445,25,0,129350
NIFTY-III.NFO,04/09/2024,09:50:07,25444.95,25444.95,25,25445,25,0,129350
NIFTY-III.NFO,04/09/2024,09:50:14,25445,25444.95,25,25446.85,100,25,129350
NIFTY-III.NFO,04/09/2024,09:50:15,25445,25444.95,25,25447.45,175,0,129350
NIFTY-III.NFO,04/09/2024,09:50:19,25445,25444.95,25,25445,100,0,129350
NIFTY-III.NFO,04/09/2024,09:50:28,25445,25444.95,25,25445,75,25,129350
NIFTY-III.NFO,04/09/2024,09:50:30,25445,25444.95,25,25445,75,0,129350
NIFTY-III.NFO,04/09/2024,09:50:34,25445,25444.95,25,25445,50,25,129350
NIFTY-III.NFO,04/09/2024,09:50:35,25445,25444.95,25,25445,50,0,129350
NIFTY-III.NFO,04/09/2024,09:50:45,25445,25444.95,100,25445,50,0,129350
NIFTY-III.NFO,04/09/2024,09:50:47,25445,25444.95,25,25448,175,50,129350
NIFTY-III.NFO,04/09/2024,09:50:48,25445,25444.95,25,25448,175,0,129350
NIFTY-III.NFO,04/09/2024,09:50:50,25445,25445,175,25448,175,0,129350
NIFTY-III.NFO,04/09/2024,09:50:53,25445,25444.95,25,25448,175,0,129350
NIFTY-III.NFO,04/09/2024,09:50:55,25445,25444.95,25,25448,250,0,129350
NIFTY-III.NFO,04/09/2024,09:50:56,25445,25444.95,25,25448,175,0,129350
NIFTY-III.NFO,04/09/2024,09:51:01,25445,25444.95,100,25448,175,0,129350
NIFTY-III.NFO,04/09/2024,09:51:03,25445,25445,175,25448,175,0,129350
NIFTY-III.NFO,04/09/2024,09:51:05,25445,25444.95,25,25448,175,0,129350
NIFTY-III.NFO,04/09/2024,09:51:08,25445,25444.95,25,25447.95,175,0,129350
NIFTY-III.NFO,04/09/2024,09:51:11,25445,25445,50,25447.3,100,0,129350
NIFTY-III.NFO,04/09/2024,09:51:13,25445,25444.95,25,25446.8,100,50,129350
NIFTY-III.NFO,04/09/2024,09:51:15,25445,25444.95,25,25446.35,100,0,129350
NIFTY-III.NFO,04/09/2024,09:51:16,25445,25444.95,25,25447.05,175,0,129350
NIFTY-III.NFO,04/09/2024,09:51:19,25445,25445,25,25446.65,100,0,129350
NIFTY-III.NFO,04/09/2024,09:51:21,25445,25445,25,25445.7,100,0,129350
NIFTY-III.NFO,04/09/2024,09:51:23,25445,25445,25,25445.25,100,0,129350
NIFTY-III.NFO,04/09/2024,09:51:24,25445,25445,25,25445.05,175,0,129350
NIFTY-III.NFO,04/09/2024,09:51:28,25445,25445,25,25445.95,175,0,129350
NIFTY-III.NFO,04/09/2024,09:51:29,25445,25445,25,25446.25,175,0,129350
NIFTY-III.NFO,04/09/2024,09:51:31,25445,25445,25,25446.05,100,0,129350
NIFTY-III.NFO,04/09/2024,09:51:34,25445,25445,25,25446.05,175,0,129350
NIFTY-III.NFO,04/09/2024,09:51:37,25446.05,25445,25,25446.05,75,25,129350
NIFTY-III.NFO,04/09/2024,09:51:39,25445,25444.95,25,25445,25,25,129400
NIFTY-III.NFO,04/09/2024,09:51:42,25445,25444.95,25,25445,125,0,129400
NIFTY-III.NFO,04/09/2024,09:51:44,25445,25444.95,25,25445,50,0,129400
NIFTY-III.NFO,04/09/2024,09:51:46,25444.95,25440.05,100,25444.95,50,25,129400
NIFTY-III.NFO,04/09/2024,09:51:47,25444.95,25440.05,175,25445,50,0,129400
NIFTY-III.NFO,04/09/2024,09:51:49,25444.95,25440.7,175,25445,50,0,129400
NIFTY-III.NFO,04/09/2024,09:52:12,25445,25440.7,175,25445,25,25,129400
NIFTY-III.NFO,04/09/2024,09:52:14,25445,25440.7,175,25445,25,0,129400
NIFTY-III.NFO,04/09/2024,09:52:17,25445,25440.05,175,25445,25,0,129400
NIFTY-III.NFO,04/09/2024,09:52:20,25445,25440.05,175,25446,25,0,129400
NIFTY-III.NFO,04/09/2024,09:52:25,25445.95,25440.05,175,25445.95,25,25,129400
NIFTY-III.NFO,04/09/2024,09:52:27,25445.95,25440.05,175,25446,25,0,129400
NIFTY-III.NFO,04/09/2024,09:52:30,25445.95,25440.95,100,25446,25,0,129400
NIFTY-III.NFO,04/09/2024,09:52:32,25445.95,25441.75,100,25446,25,0,129400
NIFTY-III.NFO,04/09/2024,09:52:35,25445.95,25442.35,100,25446,25,0,129400
NIFTY-III.NFO,04/09/2024,09:52:40,25445.95,25442.55,175,25446,25,0,129400
NIFTY-III.NFO,04/09/2024,09:52:42,25446,25443.35,225,25448,150,25,129400
NIFTY-III.NFO,04/09/2024,09:52:43,25448,25446.65,175,25449,50,150,129400
NIFTY-III.NFO,04/09/2024,09:52:45,25450,25449.3,100,25450,100,725,129400
NIFTY-III.NFO,04/09/2024,09:52:47,25450.5,25450.1,100,25455,75,125,129400
NIFTY-III.NFO,04/09/2024,09:52:48,25450.5,25450.1,100,25455,75,0,129400
NIFTY-III.NFO,04/09/2024,09:52:50,25450.5,25450,100,25454.95,25,0,129400
NIFTY-III.NFO,04/09/2024,09:52:55,25450.5,25450.05,100,25454.95,25,0,129400
NIFTY-III.NFO,04/09/2024,09:52:57,25450.5,25450,50,25454.95,25,0,129400
NIFTY-III.NFO,04/09/2024,09:52:59,25450.5,25450.1,100,25454.95,25,0,129400
NIFTY-III.NFO,04/09/2024,09:53:00,25450,25450,25,25454.95,100,25,129400
NIFTY-III.NFO,04/09/2024,09:53:02,25450,25450,25,25454.95,100,0,129400
NIFTY-III.NFO,04/09/2024,09:53:05,25454.95,25450,25,25455,150,25,129400
NIFTY-III.NFO,04/09/2024,09:53:07,25454.95,25451,25,25455,75,0,129400
NIFTY-III.NFO,04/09/2024,09:53:09,25454.95,25451,100,25455,75,0,129400
NIFTY-III.NFO,04/09/2024,09:53:10,25454.95,25451.05,100,25455,75,0,129400
NIFTY-III.NFO,04/09/2024,09:53:14,25454.95,25451.05,175,25455,75,0,129400
NIFTY-III.NFO,04/09/2024,09:53:17,25454.95,25451.05,175,25455,50,0,129400
NIFTY-III.NFO,04/09/2024,09:53:23,25454.95,25451.2,100,25455,50,0,129400
NIFTY-III.NFO,04/09/2024,09:53:27,25454.95,25451.05,175,25455,50,0,129400
NIFTY-III.NFO,04/09/2024,09:53:28,25455,25454.95,25,25455,25,25,129400
NIFTY-III.NFO,04/09/2024,09:53:30,25455,25454.95,25,25455,25,0,129400
NIFTY-III.NFO,04/09/2024,09:53:33,25455,25454.95,25,25456.75,75,25,129400
NIFTY-III.NFO,04/09/2024,09:53:35,25455,25454.95,25,25456.25,125,0,129400
NIFTY-III.NFO,04/09/2024,09:53:38,25455,25454.95,25,25457,125,0,129400
NIFTY-III.NFO,04/09/2024,09:53:40,25455,25454.95,25,25456.35,125,0,129400
NIFTY-III.NFO,04/09/2024,09:53:42,25455,25454.95,25,25455.45,125,0,129400
NIFTY-III.NFO,04/09/2024,09:53:45,25454.95,25450,50,25454.8,125,25,129400
NIFTY-III.NFO,04/09/2024,09:53:47,25455,25450.05,100,25455.45,125,25,129400
NIFTY-III.NFO,04/09/2024,09:53:48,25455,25450,50,25455.3,50,0,129400
NIFTY-III.NFO,04/09/2024,09:53:50,25455,25450,50,25455.3,125,0,129400
NIFTY-III.NFO,04/09/2024,09:53:51,25455,25450.05,100,25455.3,125,0,129400
NIFTY-III.NFO,04/09/2024,09:53:53,25455,25450.05,175,25454.55,50,0,129400
NIFTY-III.NFO,04/09/2024,09:53:55,25455,25450.05,100,25454.55,50,0,129400
NIFTY-III.NFO,04/09/2024,09:53:56,25455,25450,75,25454.55,50,0,129400
NIFTY-III.NFO,04/09/2024,09:53:58,25455,25450,75,25454.55,125,0,129400
NIFTY-III.NFO,04/09/2024,09:54:00,25455,25450.05,175,25455.7,50,0,129400
NIFTY-III.NFO,04/09/2024,09:54:01,25455,25450.05,175,25456.5,50,0,129400
NIFTY-III.NFO,04/09/2024,09:54:03,25455,25450.05,175,25455.85,125,0,129400
NIFTY-III.NFO,04/09/2024,09:54:05,25455,25450.05,175,25455.2,50,0,129400
NIFTY-III.NFO,04/09/2024,09:54:06,25455,25455,25,25455.2,50,0,129400
NIFTY-III.NFO,04/09/2024,09:54:11,25455,25450.05,100,25454.55,75,25,129400
NIFTY-III.NFO,04/09/2024,09:54:13,25455,25450.05,100,25454.65,25,0,129400
NIFTY-III.NFO,04/09/2024,09:54:15,25455,25450.05,100,25454.65,100,0,129400
NIFTY-III.NFO,04/09/2024,09:54:20,25455,25450.05,175,25455,25,0,129400
NIFTY-III.NFO,04/09/2024,09:54:22,25455,25450.05,100,25455,25,0,129400
NIFTY-III.NFO,04/09/2024,09:54:23,25455,25450.05,175,25455,25,0,129400
NIFTY-III.NFO,04/09/2024,09:54:31,25455,25451.05,175,25455,25,0,129400
NIFTY-III.NFO,04/09/2024,09:54:33,25451.05,25451.1,100,25455,25,25,129400
NIFTY-III.NFO,04/09/2024,09:54:35,25451.05,25451.1,100,25455,25,0,129400
NIFTY-III.NFO,04/09/2024,09:54:38,25451.05,25451,25,25454.95,100,0,129400
NIFTY-III.NFO,04/09/2024,09:54:40,25451.05,25452,25,25454.95,25,0,129400
NIFTY-III.NFO,04/09/2024,09:54:41,25451.05,25452,25,25455,25,0,129400
NIFTY-III.NFO,04/09/2024,09:54:43,25451.05,25452.05,25,25455,25,0,129400
NIFTY-III.NFO,04/09/2024,09:54:46,25451.05,25452,25,25455,25,0,129400
NIFTY-III.NFO,04/09/2024,09:54:49,25451.05,25452,100,25455,25,0,129400
NIFTY-III.NFO,04/09/2024,09:54:51,25451.05,25452,25,25455,25,0,129400
NIFTY-III.NFO,04/09/2024,09:54:54,25451.05,25452,50,25455,25,0,129400
NIFTY-III.NFO,04/09/2024,09:54:56,25452,25452.05,100,25455,25,100,129800
NIFTY-III.NFO,04/09/2024,09:54:57,25452,25453,25,25455,25,0,129800
NIFTY-III.NFO,04/09/2024,09:55:12,25452,25453,100,25455,25,0,129800
NIFTY-III.NFO,04/09/2024,09:55:15,25452,25453,25,25455,25,0,129800
NIFTY-III.NFO,04/09/2024,09:55:19,25452,25453,100,25455,25,0,129800
NIFTY-III.NFO,04/09/2024,09:55:25,25452,25453.05,100,25455,25,0,129800
NIFTY-III.NFO,04/09/2024,09:55:27,25453.05,25453.05,100,25455,25,25,129800
NIFTY-III.NFO,04/09/2024,09:55:28,25453.05,25453.05,100,25455,25,0,129800
NIFTY-III.NFO,04/09/2024,09:55:32,25455,25452.05,175,25457.95,25,25,129800
NIFTY-III.NFO,04/09/2024,09:55:33,25455,25452.05,175,25457.95,25,0,129800
NIFTY-III.NFO,04/09/2024,09:55:35,25455,25453.05,100,25456.85,25,0,129800
NIFTY-III.NFO,04/09/2024,09:55:37,25455,25453.05,175,25457.7,25,0,129800
NIFTY-III.NFO,04/09/2024,09:55:38,25455,25453.05,175,25458.45,25,0,129800
NIFTY-III.NFO,04/09/2024,09:55:41,25455,25453.05,175,25458.5,25,0,129800
NIFTY-III.NFO,04/09/2024,09:55:45,25455,25455,25,25458.5,25,0,129800
NIFTY-III.NFO,04/09/2024,09:55:46,25455,25455.1,100,25459.25,25,0,129800
NIFTY-III.NFO,04/09/2024,09:55:50,25455,25455.1,100,25460.7,25,0,129800
NIFTY-III.NFO,04/09/2024,09:55:51,25455,25455.1,100,25460,25,0,129800
NIFTY-III.NFO,04/09/2024,09:55:53,25455,25455.05,100,25459.95,50,0,129800
NIFTY-III.NFO,04/09/2024,09:55:55,25455,25455.05,175,25459.3,25,0,129800
NIFTY-III.NFO,04/09/2024,09:55:56,25455,25455.05,175,25459.9,25,0,129800
NIFTY-III.NFO,04/09/2024,09:56:00,25455.05,25455.05,175,25459.25,25,25,129800
NIFTY-III.NFO,04/09/2024,09:56:01,25455.05,25455.05,175,25459.9,25,0,129800
NIFTY-III.NFO,04/09/2024,09:56:03,25455.05,25455.05,175,25461.15,25,0,129800
NIFTY-III.NFO,04/09/2024,09:56:06,25455.05,25455.9,100,25462.65,75,0,129800
NIFTY-III.NFO,04/09/2024,09:56:08,25455.05,25457.95,100,25463.15,25,0,129800
NIFTY-III.NFO,04/09/2024,09:56:10,25455.05,25455.9,100,25461.75,75,0,129800
NIFTY-III.NFO,04/09/2024,09:56:11,25455.25,25455.25,175,25461.75,75,175,129800
NIFTY-III.NFO,04/09/2024,09:56:13,25455.25,25455.25,175,25461.75,150,0,129800
NIFTY-III.NFO,04/09/2024,09:56:14,25455.25,25455.25,175,25462.35,150,0,129800
NIFTY-III.NFO,04/09/2024,09:56:16,25455.25,25456.1,100,25462.35,150,0,129800
NIFTY-III.NFO,04/09/2024,09:56:18,25455.25,25455.3,100,25461.7,75,0,129800
NIFTY-III.NFO,04/09/2024,09:56:20,25455.25,25455.4,100,25462.3,150,0,129800
NIFTY-III.NFO,04/09/2024,09:56:25,25455.25,25455.4,100,25462.3,75,0,129800
NIFTY-III.NFO,04/09/2024,09:56:27,25455.25,25455.3,175,25460.45,125,0,129800
NIFTY-III.NFO,04/09/2024,09:56:30,25455.25,25455.3,175,25460.4,75,0,129800
NIFTY-III.NFO,04/09/2024,09:56:31,25460.45,25455.3,100,25460.25,200,25,129800
NIFTY-III.NFO,04/09/2024,09:56:33,25460.45,25455.3,100,25460.2,150,0,129800
NIFTY-III.NFO,04/09/2024,09:56:35,25460.45,25455.25,75,25459.55,150,0,129800
NIFTY-III.NFO,04/09/2024,09:56:36,25460.45,25455.25,75,25459.55,75,0,129800
NIFTY-III.NFO,04/09/2024,09:56:38,25460.45,25455.25,75,25459.5,75,0,129800
NIFTY-III.NFO,04/09/2024,09:56:40,25459.5,25455.25,75,25459.5,125,25,129800
NIFTY-III.NFO,04/09/2024,09:56:41,25459.5,25455.25,75,25459.5,125,0,129800
NIFTY-III.NFO,04/09/2024,09:56:43,25459.55,25455.3,100,25459.7,125,25,129800
NIFTY-III.NFO,04/09/2024,09:56:45,25459.55,25455.25,75,25458.9,50,0,129800
NIFTY-III.NFO,04/09/2024,09:56:48,25459.55,25455.25,75,25458.35,125,0,129800
NIFTY-III.NFO,04/09/2024,09:56:50,25458.35,25455.25,50,25458.35,100,25,129800
NIFTY-III.NFO,04/09/2024,09:56:51,25458.35,25455.25,50,25456.4,200,0,129800
NIFTY-III.NFO,04/09/2024,09:56:53,25458.35,25455.25,50,25456.95,25,0,129800
NIFTY-III.NFO,04/09/2024,09:56:55,25457,25455.25,50,25457.45,100,25,129800
NIFTY-III.NFO,04/09/2024,09:56:56,25456.8,25455.25,50,25456.85,125,25,129800
NIFTY-III.NFO,04/09/2024,09:56:58,25456.8,25455.25,50,25456.85,125,0,129800
NIFTY-III.NFO,04/09/2024,09:57:01,25456.8,25455.25,50,25458.2,25,0,129800
