Ticker,Date,Time,LTP,BuyPrice,BuyQty,SellPrice,SellQty,LTQ,OpenInterest
BANKNIFTY-I.NFO,28/04/2025,09:15:00,54735.2,54605.2,120,54723.8,60,660,0
BANKNIFTY-I.NFO,28/04/2025,09:15:00,54735.2,54605.2,120,54723.8,60,0,0
BANKNIFTY-I.NFO,28/04/2025,09:15:00,54735.2,54605.2,120,54723.8,60,0,0
BANKNIFTY-I.NFO,28/04/2025,09:15:00,54650,54605.2,120,54723.8,60,0,0
BANKNIFTY-I.NFO,28/04/2025,09:15:01,54723.8,54695.4,30,54718,120,930,2415090
BANKNIFTY-I.NFO,28/04/2025,09:15:02,54692.8,54693,120,54731,180,1260,2415090
BANKNIFTY-I.NFO,28/04/2025,09:15:02,54741.2,54693,120,54731,180,0,2415090
BANKNIFTY-I.NFO,28/04/2025,09:15:03,54704.4,54679,30,54704.4,60,450,2415090
BANKNIFTY-I.NFO,28/04/2025,09:15:04,54703.4,54676.2,60,54702.8,120,360,2415090
BANKNIFTY-I.NFO,28/04/2025,09:15:05,54703.4,54677.8,90,54702.4,210,0,2415090
BANKNIFTY-I.NFO,28/04/2025,09:15:06,54671,54671,120,54698.2,150,480,2415090
BANKNIFTY-I.NFO,28/04/2025,09:15:07,54671,54668,30,54679.6,120,240,2415090
BANKNIFTY-I.NFO,28/04/2025,09:15:08,54673.6,54660,120,54673.6,120,240,2415090
BANKNIFTY-I.NFO,28/04/2025,09:15:09,54703.4,54692.8,150,54703.4,540,1470,2415090
BANKNIFTY-I.NFO,28/04/2025,09:15:10,54684.4,54683.6,120,54704.8,60,1230,2415090
BANKNIFTY-I.NFO,28/04/2025,09:15:11,54713.8,54686.8,120,54711.8,60,510,2415090
BANKNIFTY-I.NFO,28/04/2025,09:15:12,54712.8,54700,30,54722,90,150,2415090
BANKNIFTY-I.NFO,28/04/2025,09:15:14,54719.6,54710.4,30,54723.8,30,870,2415090
BANKNIFTY-I.NFO,28/04/2025,09:15:15,54728.2,54722.6,30,54740,30,480,2415090
BANKNIFTY-I.NFO,28/04/2025,09:15:16,54750,54738.4,30,54755,30,330,2415090
BANKNIFTY-I.NFO,28/04/2025,09:15:16,54750,54738.4,30,54755,30,0,2415090
BANKNIFTY-I.NFO,28/04/2025,09:15:17,54776.8,54756.8,150,54798.6,120,210,2415090
BANKNIFTY-I.NFO,28/04/2025,09:15:17,54776.8,54756.8,150,54798.6,120,0,2415090
BANKNIFTY-I.NFO,28/04/2025,09:15:18,54762.8,54771,60,54795.6,120,90,2415090
BANKNIFTY-I.NFO,28/04/2025,09:15:19,54781.6,54784.2,30,54790,30,240,2415090
BANKNIFTY-I.NFO,28/04/2025,09:15:19,54797.4,54784.2,30,54790,30,0,2415090
BANKNIFTY-I.NFO,28/04/2025,09:15:20,54802,54803.2,180,54815,30,2280,2415090
BANKNIFTY-I.NFO,28/04/2025,09:15:20,54802,54803.2,180,54815,30,0,2415090
BANKNIFTY-I.NFO,28/04/2025,09:15:22,54830,54825.4,90,54843.8,60,660,2416080
BANKNIFTY-I.NFO,28/04/2025,09:15:22,54830,54825.4,90,54843.8,60,0,2416080
BANKNIFTY-I.NFO,28/04/2025,09:15:23,54843.4,54845.8,60,54850,420,390,2416080
BANKNIFTY-I.NFO,28/04/2025,09:15:23,54850,54845.8,60,54850,420,0,2416080
BANKNIFTY-I.NFO,28/04/2025,09:15:24,54824.8,54826.2,60,54849.4,210,540,2416080
BANKNIFTY-I.NFO,28/04/2025,09:15:25,54871,54870.2,60,54875,60,990,2416080
BANKNIFTY-I.NFO,28/04/2025,09:15:25,54871,54870.2,60,54875,60,0,2416080
BANKNIFTY-I.NFO,28/04/2025,09:15:26,54850,54822.4,120,54859.6,120,330,2416080
BANKNIFTY-I.NFO,28/04/2025,09:15:26,54875,54822.4,120,54859.6,120,0,2416080
BANKNIFTY-I.NFO,28/04/2025,09:15:27,54820,54815.2,120,54837.8,150,60,2416080
BANKNIFTY-I.NFO,28/04/2025,09:15:28,54856.2,54830.4,60,54856.2,90,840,2416080
BANKNIFTY-I.NFO,28/04/2025,09:15:29,54868,54866.6,30,54870,30,540,2416080
BANKNIFTY-I.NFO,28/04/2025,09:15:31,54876,54871,120,54877,30,150,2416080
BANKNIFTY-I.NFO,28/04/2025,09:15:31,54876,54871,120,54877,30,0,2416080
BANKNIFTY-I.NFO,28/04/2025,09:15:32,54866.6,54850.6,30,54874.8,120,390,2416080
BANKNIFTY-I.NFO,28/04/2025,09:15:32,54887.2,54850.6,30,54874.8,120,0,2416080
BANKNIFTY-I.NFO,28/04/2025,09:15:33,54874.4,54850.4,30,54874.4,90,330,2416080
BANKNIFTY-I.NFO,28/04/2025,09:15:34,54874.4,54871.6,120,54875,30,60,2416080
BANKNIFTY-I.NFO,28/04/2025,09:15:35,54867.2,54865.6,30,54874.8,30,360,2416080
BANKNIFTY-I.NFO,28/04/2025,09:15:36,54870.2,54867.6,180,54875,30,210,2416080
BANKNIFTY-I.NFO,28/04/2025,09:15:37,54884.2,54885,30,54888,30,180,2416080
BANKNIFTY-I.NFO,28/04/2025,09:15:38,54880.2,54882.8,900,54893,30,420,2416080
BANKNIFTY-I.NFO,28/04/2025,09:15:38,54894,54882.8,900,54893,30,0,2416080
BANKNIFTY-I.NFO,28/04/2025,09:15:40,54877.4,54850.2,30,54877,150,2010,2416080
BANKNIFTY-I.NFO,28/04/2025,09:15:41,54851.4,54850,1440,54851.4,120,540,2416080
BANKNIFTY-I.NFO,28/04/2025,09:15:42,54866.6,54850,750,54866.2,210,750,2416080
BANKNIFTY-I.NFO,28/04/2025,09:15:43,54874,54852,60,54873.6,150,2250,2416080
BANKNIFTY-I.NFO,28/04/2025,09:15:44,54882.8,54868.8,60,54884.2,30,150,2416080
BANKNIFTY-I.NFO,28/04/2025,09:15:45,54856.4,54847.4,210,54884.4,180,4890,2416080
BANKNIFTY-I.NFO,28/04/2025,09:15:47,54856.4,54850.2,60,54862.2,150,0,2416080
BANKNIFTY-I.NFO,28/04/2025,09:15:48,54850,54836.4,60,54850.8,180,150,2416080
BANKNIFTY-I.NFO,28/04/2025,09:15:49,54830.2,54820,30,54838.6,180,150,2416080
BANKNIFTY-I.NFO,28/04/2025,09:15:50,54820,54817,30,54827.6,120,30,2416080
BANKNIFTY-I.NFO,28/04/2025,09:15:51,54835.4,54840.8,30,54856.6,30,420,2416080
BANKNIFTY-I.NFO,28/04/2025,09:15:53,54849,54846.2,30,54849,60,480,2416080
BANKNIFTY-I.NFO,28/04/2025,09:15:54,54858.8,54858.2,30,54868.8,60,360,2416080
BANKNIFTY-I.NFO,28/04/2025,09:15:55,54875,54874.4,360,54881,90,900,2416080
BANKNIFTY-I.NFO,28/04/2025,09:15:56,54885,54865.4,60,54883.8,150,360,2416080
BANKNIFTY-I.NFO,28/04/2025,09:15:57,54865.4,54851.2,90,54868.4,30,90,2416080
BANKNIFTY-I.NFO,28/04/2025,09:15:59,54885,54885,90,54888,60,120,2416080
BANKNIFTY-I.NFO,28/04/2025,09:16:00,54919.8,54901.4,60,54920,30,900,2416080
BANKNIFTY-I.NFO,28/04/2025,09:16:00,54919.8,54901.4,60,54920,30,0,2416080
BANKNIFTY-I.NFO,28/04/2025,09:16:01,54912.6,54888,30,54904.2,180,90,2416080
BANKNIFTY-I.NFO,28/04/2025,09:16:02,54871.8,54850,510,54868.4,150,150,2416080
BANKNIFTY-I.NFO,28/04/2025,09:16:03,54871.4,54852,240,54871.2,60,1110,2416080
BANKNIFTY-I.NFO,28/04/2025,09:16:05,54894.6,54878.4,240,54906.8,210,180,2416080
BANKNIFTY-I.NFO,28/04/2025,09:16:06,54895,54885,240,54911.6,330,150,2416080
BANKNIFTY-I.NFO,28/04/2025,09:16:07,54880.2,54864.4,240,54887.2,240,540,2416080
BANKNIFTY-I.NFO,28/04/2025,09:16:08,54868.8,54868.8,30,54873.6,330,120,2416080
BANKNIFTY-I.NFO,28/04/2025,09:16:09,54884.4,54873,240,54884.6,30,840,2416080
BANKNIFTY-I.NFO,28/04/2025,09:16:11,54888.4,54892.4,240,54900,330,300,2416080
BANKNIFTY-I.NFO,28/04/2025,09:16:12,54885.6,54885,30,54895,30,840,2416080
BANKNIFTY-I.NFO,28/04/2025,09:16:13,54901,54892.8,120,54900,90,480,2416080
BANKNIFTY-I.NFO,28/04/2025,09:16:14,54885.6,54888.4,90,54911.4,240,720,2416080
BANKNIFTY-I.NFO,28/04/2025,09:16:15,54900,54900,90,54904,60,420,2416080
BANKNIFTY-I.NFO,28/04/2025,09:16:17,54900,54900,30,54906.4,30,270,2416080
BANKNIFTY-I.NFO,28/04/2025,09:16:18,54899.8,54900,30,54902.2,30,90,2416080
BANKNIFTY-I.NFO,28/04/2025,09:16:19,54907,54901,120,54912.4,30,1380,2416080
BANKNIFTY-I.NFO,28/04/2025,09:16:20,54919,54901.2,90,54919,30,270,2416080
BANKNIFTY-I.NFO,28/04/2025,09:16:22,54900,54890,30,54895,30,210,2416080
BANKNIFTY-I.NFO,28/04/2025,09:16:23,54896.2,54891.4,30,54894.2,30,210,2416080
BANKNIFTY-I.NFO,28/04/2025,09:16:24,54884.4,54870,30,54890.2,270,180,2416080
BANKNIFTY-I.NFO,28/04/2025,09:16:25,54887.2,54887.4,30,54890,6090,450,2416080
BANKNIFTY-I.NFO,28/04/2025,09:16:26,54887.4,54887.4,150,54890,4800,1680,2416080
BANKNIFTY-I.NFO,28/04/2025,09:16:28,54887.4,54887.4,120,54888,30,150,2416080
BANKNIFTY-I.NFO,28/04/2025,09:16:29,54890,54888.4,90,54890,3360,1470,2416080
BANKNIFTY-I.NFO,28/04/2025,09:16:30,54888.6,54888.4,210,54890,2340,1110,2416080
BANKNIFTY-I.NFO,28/04/2025,09:16:31,54889.2,54888.8,30,54889,60,1110,2416080
BANKNIFTY-I.NFO,28/04/2025,09:16:32,54894.4,54896.8,30,54898,150,1770,2416080
BANKNIFTY-I.NFO,28/04/2025,09:16:34,54903,54903.6,30,54904,30,1290,2416080
BANKNIFTY-I.NFO,28/04/2025,09:16:35,54911,54906.6,60,54910.2,30,540,2416080
BANKNIFTY-I.NFO,28/04/2025,09:16:36,54910.8,54912.4,30,54915,60,240,2416080
BANKNIFTY-I.NFO,28/04/2025,09:16:37,54915.4,54915,120,54921.6,330,540,2416080
BANKNIFTY-I.NFO,28/04/2025,09:16:37,54924,54915,120,54921.6,330,0,2416080
BANKNIFTY-I.NFO,28/04/2025,09:16:39,54915,54920,30,54921.4,60,570,2416080
BANKNIFTY-I.NFO,28/04/2025,09:16:40,54920,54920,30,54924,30,180,2416080
BANKNIFTY-I.NFO,28/04/2025,09:16:41,54924,54922.6,30,54925.4,90,330,2416080
BANKNIFTY-I.NFO,28/04/2025,09:16:42,54935,54933.6,420,54940,30,930,2416080
BANKNIFTY-I.NFO,28/04/2025,09:16:42,54935,54933.6,420,54940,30,0,2416080
BANKNIFTY-I.NFO,28/04/2025,09:16:43,54938.8,54936.2,150,54938.8,30,540,2416080
BANKNIFTY-I.NFO,28/04/2025,09:16:43,54938.8,54936.2,150,54938.8,30,0,2416080
BANKNIFTY-I.NFO,28/04/2025,09:16:45,54941,54940.2,300,54941,30,720,2416080
BANKNIFTY-I.NFO,28/04/2025,09:16:45,54941,54940.2,300,54941,30,0,2416080
BANKNIFTY-I.NFO,28/04/2025,09:16:46,54945.2,54944.4,30,54945.2,180,2100,2416080
BANKNIFTY-I.NFO,28/04/2025,09:16:46,54948,54944.4,30,54945.2,180,0,2416080
BANKNIFTY-I.NFO,28/04/2025,09:16:47,54947.4,54948.4,90,54949.8,450,600,2416080
BANKNIFTY-I.NFO,28/04/2025,09:16:47,54949.8,54948.4,90,54949.8,450,0,2416080
BANKNIFTY-I.NFO,28/04/2025,09:16:48,54946.2,54950.4,90,54954,30,2370,2416080
BANKNIFTY-I.NFO,28/04/2025,09:16:48,54953.4,54950.4,90,54954,30,0,2416080
BANKNIFTY-I.NFO,28/04/2025,09:16:49,54938.4,54930,30,54946,330,1050,2416080
BANKNIFTY-I.NFO,28/04/2025,09:16:50,54945.8,54932,30,54946,30,210,2416080
BANKNIFTY-I.NFO,28/04/2025,09:16:52,54960.4,54957.4,30,54960,30,600,2416080
BANKNIFTY-I.NFO,28/04/2025,09:16:52,54960.4,54957.4,30,54960,30,0,2416080
BANKNIFTY-I.NFO,28/04/2025,09:16:53,54959.4,54959.6,210,54964,30,210,2416080
BANKNIFTY-I.NFO,28/04/2025,09:16:54,54970,54964,30,54974,30,1080,2416080
BANKNIFTY-I.NFO,28/04/2025,09:16:54,54970,54964,30,54974,30,0,2416080
BANKNIFTY-I.NFO,28/04/2025,09:16:55,54974,54970.8,30,54974.4,30,300,2416080
BANKNIFTY-I.NFO,28/04/2025,09:16:55,54974,54970.8,30,54974.4,30,0,2416080
BANKNIFTY-I.NFO,28/04/2025,09:16:57,54975,54974.6,30,54977.2,30,1410,2416080
BANKNIFTY-I.NFO,28/04/2025,09:16:57,54975,54974.6,30,54977.2,30,0,2416080
BANKNIFTY-I.NFO,28/04/2025,09:16:58,54999,54991.4,30,54999,360,1080,2416080
BANKNIFTY-I.NFO,28/04/2025,09:16:58,54999,54991.4,30,54999,360,0,2416080
BANKNIFTY-I.NFO,28/04/2025,09:16:59,54991.6,54991.6,90,54998.8,300,210,2416080
BANKNIFTY-I.NFO,28/04/2025,09:17:00,54998.8,54991.6,120,54999,330,480,2416080
BANKNIFTY-I.NFO,28/04/2025,09:17:01,54999,54997.2,180,54999,120,480,2416080
BANKNIFTY-I.NFO,28/04/2025,09:17:03,55007,55001.4,180,55005.6,30,1020,2416080
BANKNIFTY-I.NFO,28/04/2025,09:17:03,55007,55001.4,180,55005.6,30,0,2416080
BANKNIFTY-I.NFO,28/04/2025,09:17:04,55007.6,55001.4,30,55009,30,420,2416080
BANKNIFTY-I.NFO,28/04/2025,09:17:04,55007.6,55001.4,30,55009,30,0,2416080
BANKNIFTY-I.NFO,28/04/2025,09:17:05,55000,55001.8,60,55017.8,240,330,2416080
BANKNIFTY-I.NFO,28/04/2025,09:17:05,55018.8,55001.8,60,55017.8,240,0,2416080
BANKNIFTY-I.NFO,28/04/2025,09:17:06,55007.2,55001.4,60,55017.8,240,150,2416080
BANKNIFTY-I.NFO,28/04/2025,09:17:07,54981,54981,300,54999.8,300,1950,2416080
BANKNIFTY-I.NFO,28/04/2025,09:17:09,54981,54981,300,54996.8,300,90,2416080
BANKNIFTY-I.NFO,28/04/2025,09:17:10,54990.8,54981.2,60,54995.6,90,1500,2416080
BANKNIFTY-I.NFO,28/04/2025,09:17:11,54996.8,54985.6,30,54996,30,150,2416080
BANKNIFTY-I.NFO,28/04/2025,09:17:12,54997.4,54994.2,90,54998.4,30,270,2416080
BANKNIFTY-I.NFO,28/04/2025,09:17:13,55001.4,55000.6,30,55003,30,1560,2416080
BANKNIFTY-I.NFO,28/04/2025,09:17:15,55003.4,55003,30,55005.2,30,840,2416080
BANKNIFTY-I.NFO,28/04/2025,09:17:16,54981,54996,30,55002.6,30,1050,2416080
BANKNIFTY-I.NFO,28/04/2025,09:17:17,54996,54996,30,55002.4,30,210,2416080
BANKNIFTY-I.NFO,28/04/2025,09:17:18,54999.8,54996,90,55000,330,510,2416080
BANKNIFTY-I.NFO,28/04/2025,09:17:20,55005.2,55005.2,30,55007,30,570,2416080
BANKNIFTY-I.NFO,28/04/2025,09:17:21,54982,54981,30,54995.8,30,630,2416080
BANKNIFTY-I.NFO,28/04/2025,09:17:22,55000,54990.8,300,55001.6,30,180,2416080
BANKNIFTY-I.NFO,28/04/2025,09:17:23,54987,54987.8,30,54997.8,30,600,2416080
BANKNIFTY-I.NFO,28/04/2025,09:17:24,54989.4,54991.6,150,54994.4,30,180,2416080
BANKNIFTY-I.NFO,28/04/2025,09:17:26,54991.8,54991.8,120,54998.4,120,1050,2416080
BANKNIFTY-I.NFO,28/04/2025,09:17:27,55001.4,55001.4,390,55002.2,30,600,2416080
BANKNIFTY-I.NFO,28/04/2025,09:17:28,55002.2,55002.2,690,55002.4,30,390,2416080
BANKNIFTY-I.NFO,28/04/2025,09:17:29,55002.2,55002.2,270,55003,180,510,2416080
BANKNIFTY-I.NFO,28/04/2025,09:17:31,55009.8,55003.8,150,55015,30,510,2416080
BANKNIFTY-I.NFO,28/04/2025,09:17:32,55015,55004.8,150,55016.2,30,450,2416080
BANKNIFTY-I.NFO,28/04/2025,09:17:33,55012.2,55003.6,30,55017.8,60,780,2416080
BANKNIFTY-I.NFO,28/04/2025,09:17:34,55012.2,55006.6,150,55011.6,30,240,2416080
BANKNIFTY-I.NFO,28/04/2025,09:17:36,55020,55007.4,240,55020,630,510,2416080
BANKNIFTY-I.NFO,28/04/2025,09:17:36,55020,55007.4,240,55020,630,0,2416080
BANKNIFTY-I.NFO,28/04/2025,09:17:37,55020,55010,60,55020,540,600,2416080
BANKNIFTY-I.NFO,28/04/2025,09:17:38,55020.8,55020.8,30,55022.8,30,1260,2416080
BANKNIFTY-I.NFO,28/04/2025,09:17:38,55020.8,55020.8,30,55022.8,30,0,2416080
BANKNIFTY-I.NFO,28/04/2025,09:17:39,55021.6,55022.8,300,55025,120,540,2416080
BANKNIFTY-I.NFO,28/04/2025,09:17:39,55024.6,55022.8,300,55025,120,0,2416080
BANKNIFTY-I.NFO,28/04/2025,09:17:41,55022.8,55022.8,300,55025,30,660,2416080
BANKNIFTY-I.NFO,28/04/2025,09:17:41,55025,55022.8,300,55025,30,0,2416080
BANKNIFTY-I.NFO,28/04/2025,09:17:42,55036.2,55031.4,150,55037,90,900,2416080
BANKNIFTY-I.NFO,28/04/2025,09:17:42,55037,55031.4,150,55037,90,0,2416080
BANKNIFTY-I.NFO,28/04/2025,09:17:43,55050,55049.4,240,55050,270,1110,2416080
BANKNIFTY-I.NFO,28/04/2025,09:17:43,55050,55049.4,240,55050,270,0,2416080
BANKNIFTY-I.NFO,28/04/2025,09:17:44,55049.4,55029.6,240,55049.4,240,750,2416080
BANKNIFTY-I.NFO,28/04/2025,09:17:44,55056,55029.6,240,55049.4,240,0,2416080
BANKNIFTY-I.NFO,28/04/2025,09:17:46,55038.6,55040.2,30,55042.8,30,120,2416080
BANKNIFTY-I.NFO,28/04/2025,09:17:47,55050,55055.4,30,55063.6,30,270,2416080
BANKNIFTY-I.NFO,28/04/2025,09:17:48,55055.4,55055.4,90,55062.8,60,60,2416080
BANKNIFTY-I.NFO,28/04/2025,09:17:49,55057.6,55050,30,55058,60,450,2416080
BANKNIFTY-I.NFO,28/04/2025,09:17:49,55061.2,55050,30,55058,60,0,2416080
BANKNIFTY-I.NFO,28/04/2025,09:17:51,55050,55043.6,30,55049.8,240,120,2416080
BANKNIFTY-I.NFO,28/04/2025,09:17:52,55050.4,55047.8,30,55057,120,360,2416080
BANKNIFTY-I.NFO,28/04/2025,09:17:53,55050,55043.6,30,55047.8,60,120,2416080
BANKNIFTY-I.NFO,28/04/2025,09:17:54,55050.8,55050,30,55057.2,30,1200,2416080
BANKNIFTY-I.NFO,28/04/2025,09:17:54,55061.6,55050,30,55057.2,30,0,2416080
BANKNIFTY-I.NFO,28/04/2025,09:17:56,55050,55050,150,55056.8,30,90,2416080
BANKNIFTY-I.NFO,28/04/2025,09:17:57,55050,55050,90,55053.6,30,240,2416080
BANKNIFTY-I.NFO,28/04/2025,09:17:58,55057.2,55053.4,30,55059,90,330,2416080
BANKNIFTY-I.NFO,28/04/2025,09:17:59,55065,55065.6,60,55070,30,1050,2416080
BANKNIFTY-I.NFO,28/04/2025,09:17:59,55068,55065.6,60,55070,30,0,2416080
BANKNIFTY-I.NFO,28/04/2025,09:18:01,55065.6,55070,30,55074.6,30,540,2416080
BANKNIFTY-I.NFO,28/04/2025,09:18:01,55075.4,55070,30,55074.6,30,0,2416080
BANKNIFTY-I.NFO,28/04/2025,09:18:02,55081,55078.6,240,55081,30,1830,2416080
BANKNIFTY-I.NFO,28/04/2025,09:18:02,55081,55078.6,240,55081,30,0,2416080
BANKNIFTY-I.NFO,28/04/2025,09:18:03,55094.4,55078.6,210,55090.6,300,870,2416080
BANKNIFTY-I.NFO,28/04/2025,09:18:03,55094.4,55078.6,210,55090.6,300,0,2416080
BANKNIFTY-I.NFO,28/04/2025,09:18:04,55088.4,55074.6,30,55088.4,240,300,2416080
BANKNIFTY-I.NFO,28/04/2025,09:18:06,55074.4,55064.4,240,55078.6,30,420,2416080
BANKNIFTY-I.NFO,28/04/2025,09:18:07,55078,55064.6,30,55078,150,300,2416080
BANKNIFTY-I.NFO,28/04/2025,09:18:08,55071.4,55059,30,55071.6,270,60,2416080
BANKNIFTY-I.NFO,28/04/2025,09:18:09,55055.2,55056.2,150,55070.6,300,570,2416080
BANKNIFTY-I.NFO,28/04/2025,09:18:11,55054.8,55052.4,30,55054.8,60,1590,2416080
BANKNIFTY-I.NFO,28/04/2025,09:18:12,55066.6,55061.4,240,55070,30,960,2416080
BANKNIFTY-I.NFO,28/04/2025,09:18:13,55070.4,55072,30,55074.4,30,450,2416080
BANKNIFTY-I.NFO,28/04/2025,09:18:14,55067,55066.8,60,55074.6,150,690,2416080
BANKNIFTY-I.NFO,28/04/2025,09:18:16,55080.6,55080.8,180,55085,30,690,2416080
BANKNIFTY-I.NFO,28/04/2025,09:18:17,55055.6,55053.4,210,55078.4,270,570,2416080
BANKNIFTY-I.NFO,28/04/2025,09:18:18,55057.8,55054.4,30,55064.8,60,150,2416080
BANKNIFTY-I.NFO,28/04/2025,09:18:19,55057.6,55059.4,180,55069.8,60,960,2416080
BANKNIFTY-I.NFO,28/04/2025,09:18:21,55059.4,55066.4,30,55074,300,870,2416080
BANKNIFTY-I.NFO,28/04/2025,09:18:22,55060.6,55061.2,240,55073.2,30,210,2416080
BANKNIFTY-I.NFO,28/04/2025,09:18:23,55075.6,55061.2,90,55075.6,150,990,2403150
BANKNIFTY-I.NFO,28/04/2025,09:18:24,55073,55061.2,60,55073.6,30,1020,2403150
BANKNIFTY-I.NFO,28/04/2025,09:18:25,55061.2,55052.4,240,55074.6,30,180,2403150
BANKNIFTY-I.NFO,28/04/2025,09:18:27,55060.2,55050,60,55066.4,30,270,2403150
BANKNIFTY-I.NFO,28/04/2025,09:18:28,55052.6,55063,240,55074.8,60,1080,2403150
BANKNIFTY-I.NFO,28/04/2025,09:18:29,55058,55055.6,270,55065,30,780,2403150
BANKNIFTY-I.NFO,28/04/2025,09:18:30,55098,55071.4,270,55097.8,60,1650,2403150
BANKNIFTY-I.NFO,28/04/2025,09:18:30,55098,55071.4,270,55097.8,60,0,2403150
BANKNIFTY-I.NFO,28/04/2025,09:18:32,55076.8,55071.4,30,55092.2,30,960,2403150
BANKNIFTY-I.NFO,28/04/2025,09:18:33,55071.6,55069.2,240,55087.8,180,1350,2403150
BANKNIFTY-I.NFO,28/04/2025,09:18:34,55073.6,55073.4,240,55087.4,30,270,2403150
BANKNIFTY-I.NFO,28/04/2025,09:18:35,55099,55073.6,270,55090.4,60,990,2403150
BANKNIFTY-I.NFO,28/04/2025,09:18:35,55099,55073.6,270,55090.4,60,0,2403150
BANKNIFTY-I.NFO,28/04/2025,09:18:37,55099,55073.8,30,55094.8,60,840,2403150
BANKNIFTY-I.NFO,28/04/2025,09:18:38,55099,55073.8,60,55090.2,30,0,2403150
BANKNIFTY-I.NFO,28/04/2025,09:18:39,55074,55074,30,55082.6,30,630,2403150
BANKNIFTY-I.NFO,28/04/2025,09:18:41,55071.4,55071.6,30,55079.8,60,240,2403150
BANKNIFTY-I.NFO,28/04/2025,09:18:42,55074,55073,30,55079.8,60,180,2403150
BANKNIFTY-I.NFO,28/04/2025,09:18:43,55079.8,55069,30,55079.6,30,30,2403150
BANKNIFTY-I.NFO,28/04/2025,09:18:44,55080,55069,60,55079.8,90,360,2403150
BANKNIFTY-I.NFO,28/04/2025,09:18:46,55066.4,55066.4,30,55075.2,30,120,2403150
BANKNIFTY-I.NFO,28/04/2025,09:18:47,55066.2,55061.2,240,55069,60,210,2403150
BANKNIFTY-I.NFO,28/04/2025,09:18:48,55061.4,55062.2,30,55071.8,30,210,2403150
BANKNIFTY-I.NFO,28/04/2025,09:18:49,55062.2,55062.4,240,55071,60,60,2403150
BANKNIFTY-I.NFO,28/04/2025,09:18:51,55063.4,55064.2,30,55070.2,60,30,2403150
BANKNIFTY-I.NFO,28/04/2025,09:18:52,55071,55064.2,90,55074,30,810,2403150
BANKNIFTY-I.NFO,28/04/2025,09:18:53,55064.2,55064,240,55067.4,30,300,2403150
BANKNIFTY-I.NFO,28/04/2025,09:18:54,55074,55064.2,240,55078.8,60,810,2403150
BANKNIFTY-I.NFO,28/04/2025,09:18:56,55068,55062.6,90,55067.8,60,300,2403150
BANKNIFTY-I.NFO,28/04/2025,09:18:57,55067.8,55063,30,55068,450,90,2403150
BANKNIFTY-I.NFO,28/04/2025,09:18:58,55068,55064.2,90,55068,60,390,2403150
BANKNIFTY-I.NFO,28/04/2025,09:18:59,55064.2,55064.2,60,55068,30,120,2403150
BANKNIFTY-I.NFO,28/04/2025,09:19:01,55064.6,55062.6,30,55067.8,30,180,2403150
BANKNIFTY-I.NFO,28/04/2025,09:19:02,55063.8,55060.2,30,55068,30,60,2403150
BANKNIFTY-I.NFO,28/04/2025,09:19:03,55064.2,55060.2,30,55063.8,150,120,2403150
BANKNIFTY-I.NFO,28/04/2025,09:19:04,55050,55050,90,55059.8,30,240,2403150
BANKNIFTY-I.NFO,28/04/2025,09:19:06,55050,55050,60,55059.4,30,30,2403150
BANKNIFTY-I.NFO,28/04/2025,09:19:07,55054.4,55055.4,150,55056.8,30,90,2403150
BANKNIFTY-I.NFO,28/04/2025,09:19:08,55050,55054.6,150,55055,30,480,2403150
BANKNIFTY-I.NFO,28/04/2025,09:19:09,55056.6,55055,30,55056.8,30,420,2403150
BANKNIFTY-I.NFO,28/04/2025,09:19:11,55049,55050,30,55056.4,210,240,2403150
BANKNIFTY-I.NFO,28/04/2025,09:19:12,55046.6,55042,30,55050,300,270,2403150
BANKNIFTY-I.NFO,28/04/2025,09:19:13,55046.6,55043.4,150,55050,450,0,2403150
BANKNIFTY-I.NFO,28/04/2025,09:19:14,55043.6,55043,90,55046.6,30,60,2403150
BANKNIFTY-I.NFO,28/04/2025,09:19:16,55035,55035,60,55046.2,240,120,2403150
BANKNIFTY-I.NFO,28/04/2025,09:19:17,55027.4,55028.6,180,55046.2,210,330,2403150
BANKNIFTY-I.NFO,28/04/2025,09:19:18,55034.2,55034.2,30,55037,30,60,2403150
BANKNIFTY-I.NFO,28/04/2025,09:19:19,55037,55035.8,150,55040,30,150,2403150
BANKNIFTY-I.NFO,28/04/2025,09:19:21,55042.2,55042,30,55046.6,90,240,2403150
BANKNIFTY-I.NFO,28/04/2025,09:19:22,55050,55049.6,150,55050,630,570,2403150
BANKNIFTY-I.NFO,28/04/2025,09:19:23,55051.2,55049.8,150,55055.4,30,840,2403150
BANKNIFTY-I.NFO,28/04/2025,09:19:24,55049.6,55049.8,30,55055.4,30,90,2403150
BANKNIFTY-I.NFO,28/04/2025,09:19:26,55051.6,55050.6,150,55055.4,30,90,2403150
BANKNIFTY-I.NFO,28/04/2025,09:19:27,55051.6,55050.6,30,55055.4,30,0,2403150
BANKNIFTY-I.NFO,28/04/2025,09:19:28,55051.2,55051.2,120,55055,30,60,2403150
BANKNIFTY-I.NFO,28/04/2025,09:19:29,55051.2,55054,90,55055,30,90,2403150
BANKNIFTY-I.NFO,28/04/2025,09:19:31,55054,55047.4,150,55053,90,180,2403150
BANKNIFTY-I.NFO,28/04/2025,09:19:32,55047.4,55047.6,30,55049.8,30,30,2403150
BANKNIFTY-I.NFO,28/04/2025,09:19:33,55046.6,55045.6,150,55050,30,210,2403150
BANKNIFTY-I.NFO,28/04/2025,09:19:34,55043.4,55040.6,30,55048.2,90,120,2403150
BANKNIFTY-I.NFO,28/04/2025,09:19:36,55051.8,55047.6,150,55052.2,60,1830,2403150
BANKNIFTY-I.NFO,28/04/2025,09:19:37,55049.8,55048,1200,55054,30,570,2403150
BANKNIFTY-I.NFO,28/04/2025,09:19:38,55051.4,55051,30,55056.8,30,600,2403150
BANKNIFTY-I.NFO,28/04/2025,09:19:39,55056,55056.4,150,55059.4,60,120,2403150
BANKNIFTY-I.NFO,28/04/2025,09:19:41,55051,55056.4,60,55058.2,60,60,2403150
BANKNIFTY-I.NFO,28/04/2025,09:19:42,55055.2,55058.2,60,55059.6,30,120,2403150
BANKNIFTY-I.NFO,28/04/2025,09:19:43,55059.4,55059.6,30,55060,540,330,2403150
BANKNIFTY-I.NFO,28/04/2025,09:19:44,55060,55059.6,90,55060,450,210,2403150
BANKNIFTY-I.NFO,28/04/2025,09:19:46,55059.8,55059.6,30,55060,450,270,2403150
BANKNIFTY-I.NFO,28/04/2025,09:19:47,55056.8,55055.2,30,55056.8,30,90,2403150
BANKNIFTY-I.NFO,28/04/2025,09:19:48,55059.6,55056.8,120,55059.6,150,690,2403150
BANKNIFTY-I.NFO,28/04/2025,09:19:49,55059,55056.8,90,55059,60,270,2403150
BANKNIFTY-I.NFO,28/04/2025,09:19:50,55062.4,55055.6,30,55063.6,90,480,2403150
BANKNIFTY-I.NFO,28/04/2025,09:19:52,55051.8,55049.4,30,55060,90,150,2403150
BANKNIFTY-I.NFO,28/04/2025,09:19:53,55056,55057.2,30,55059.8,30,180,2403150
BANKNIFTY-I.NFO,28/04/2025,09:19:54,55066.6,55059.2,150,55066.2,90,60,2403150
BANKNIFTY-I.NFO,28/04/2025,09:19:55,55063.8,55063.2,30,55068.2,60,840,2403150
BANKNIFTY-I.NFO,28/04/2025,09:19:57,55066,55068.2,150,55069,30,60,2403150
BANKNIFTY-I.NFO,28/04/2025,09:19:58,55068.4,55068.2,60,55070.8,60,540,2403150
BANKNIFTY-I.NFO,28/04/2025,09:19:59,55085.8,55085.6,90,55089,60,1530,2403150
BANKNIFTY-I.NFO,28/04/2025,09:20:00,55090,55089.6,150,55090.6,30,360,2403150
BANKNIFTY-I.NFO,28/04/2025,09:20:02,55100,55098.4,60,55100,3330,1380,2403150
BANKNIFTY-I.NFO,28/04/2025,09:20:02,55100,55098.4,60,55100,3330,0,2403150
BANKNIFTY-I.NFO,28/04/2025,09:20:03,55100,55099.8,150,55100,210,3240,2403150
BANKNIFTY-I.NFO,28/04/2025,09:20:04,55115,55114.2,150,55116,30,1830,2403150
BANKNIFTY-I.NFO,28/04/2025,09:20:04,55115,55114.2,150,55116,30,0,2403150
BANKNIFTY-I.NFO,28/04/2025,09:20:05,55125,55120.8,60,55125,450,930,2403150
BANKNIFTY-I.NFO,28/04/2025,09:20:05,55125,55120.8,60,55125,450,0,2403150
BANKNIFTY-I.NFO,28/04/2025,09:20:07,55123,55121.2,150,55125,360,420,2403150
BANKNIFTY-I.NFO,28/04/2025,09:20:08,55127,55126.8,60,55127,60,840,2403150
BANKNIFTY-I.NFO,28/04/2025,09:20:08,55127,55126.8,60,55127,60,0,2403150
BANKNIFTY-I.NFO,28/04/2025,09:20:09,55139.4,55137,150,55139.4,1740,1620,2403150
BANKNIFTY-I.NFO,28/04/2025,09:20:09,55139.4,55137,150,55139.4,1740,0,2403150
BANKNIFTY-I.NFO,28/04/2025,09:20:10,55140,55137.4,60,55143.8,90,1980,2403150
BANKNIFTY-I.NFO,28/04/2025,09:20:10,55140,55137.4,60,55143.8,90,0,2403150
BANKNIFTY-I.NFO,28/04/2025,09:20:12,55144,55144.2,30,55150,690,840,2403150
BANKNIFTY-I.NFO,28/04/2025,09:20:12,55149.2,55144.2,30,55150,690,0,2403150
BANKNIFTY-I.NFO,28/04/2025,09:20:13,55155,55154,60,55155,30,1020,2403150
BANKNIFTY-I.NFO,28/04/2025,09:20:13,55155,55154,60,55155,30,0,2403150
BANKNIFTY-I.NFO,28/04/2025,09:20:14,55169.8,55166.2,90,55170,120,360,2403150
BANKNIFTY-I.NFO,28/04/2025,09:20:14,55169.8,55166.2,90,55170,120,0,2403150
BANKNIFTY-I.NFO,28/04/2025,09:20:15,55168,55166.8,30,55172,60,540,2403150
BANKNIFTY-I.NFO,28/04/2025,09:20:15,55173,55166.8,30,55172,60,0,2403150
BANKNIFTY-I.NFO,28/04/2025,09:20:17,55170,55169.4,150,55177.6,90,1020,2403150
BANKNIFTY-I.NFO,28/04/2025,09:20:17,55175,55169.4,150,55177.6,90,0,2403150
BANKNIFTY-I.NFO,28/04/2025,09:20:18,55177.6,55183.2,30,55189.8,90,660,2403150
BANKNIFTY-I.NFO,28/04/2025,09:20:18,55189.8,55183.2,30,55189.8,90,0,2403150
BANKNIFTY-I.NFO,28/04/2025,09:20:19,55188.8,55186.8,30,55193.6,90,210,2403150
BANKNIFTY-I.NFO,28/04/2025,09:20:19,55190,55186.8,30,55193.6,90,0,2403150
BANKNIFTY-I.NFO,28/04/2025,09:20:20,55200,55194.6,30,55199.8,90,1200,2403150
BANKNIFTY-I.NFO,28/04/2025,09:20:20,55200,55194.6,30,55199.8,90,0,2403150
BANKNIFTY-I.NFO,28/04/2025,09:20:22,55200,55194.8,120,55200,2340,150,2403150
BANKNIFTY-I.NFO,28/04/2025,09:20:23,55192.2,55192,90,55196.8,90,810,2403150
BANKNIFTY-I.NFO,28/04/2025,09:20:24,55190,55188.8,30,55194.6,120,1260,2403150
BANKNIFTY-I.NFO,28/04/2025,09:20:25,55198,55188.2,60,55192.2,30,660,2403150
BANKNIFTY-I.NFO,28/04/2025,09:20:27,55198,55196.2,30,55198,30,390,2403150
BANKNIFTY-I.NFO,28/04/2025,09:20:28,55188.4,55187.2,30,55199,30,540,2403150
BANKNIFTY-I.NFO,28/04/2025,09:20:29,55188.4,55189,150,55190,30,4380,2403150
BANKNIFTY-I.NFO,28/04/2025,09:20:29,55204.8,55189,150,55190,30,0,2403150
BANKNIFTY-I.NFO,28/04/2025,09:20:30,55199.8,55189.2,30,55192.2,60,450,2403150
BANKNIFTY-I.NFO,28/04/2025,09:20:32,55189.2,55186.8,150,55191.2,90,360,2403150
BANKNIFTY-I.NFO,28/04/2025,09:20:33,55186.8,55186.8,30,55188.8,30,210,2403150
BANKNIFTY-I.NFO,28/04/2025,09:20:34,55195.8,55188.8,30,55196,60,480,2403150
BANKNIFTY-I.NFO,28/04/2025,09:20:35,55191.2,55188.8,150,55194,30,270,2403150
BANKNIFTY-I.NFO,28/04/2025,09:20:37,55190.4,55190,30,55194.4,90,120,2403150
BANKNIFTY-I.NFO,28/04/2025,09:20:38,55195,55195,510,55195.8,30,750,2403150
BANKNIFTY-I.NFO,28/04/2025,09:20:39,55192.2,55187,30,55192.2,90,930,2403150
BANKNIFTY-I.NFO,28/04/2025,09:20:40,55199.6,55191,150,55200,450,1140,2403150
BANKNIFTY-I.NFO,28/04/2025,09:20:42,55199.6,55189.8,90,55194.8,60,210,2403150
BANKNIFTY-I.NFO,28/04/2025,09:20:43,55187.2,55187,30,55195.2,90,510,2403150
BANKNIFTY-I.NFO,28/04/2025,09:20:44,55186.2,55187.2,180,55189.8,60,360,2403150
BANKNIFTY-I.NFO,28/04/2025,09:20:45,55187.2,55186.2,90,55192.2,60,540,2403150
BANKNIFTY-I.NFO,28/04/2025,09:20:47,55192.4,55186.4,90,55192.4,60,180,2403150
BANKNIFTY-I.NFO,28/04/2025,09:20:48,55186.4,55186.2,90,55192.4,30,480,2403150
BANKNIFTY-I.NFO,28/04/2025,09:20:49,55185.6,55185.2,60,55191.2,90,330,2403150
BANKNIFTY-I.NFO,28/04/2025,09:20:50,55190.2,55185.2,60,55192.2,150,270,2403150
BANKNIFTY-I.NFO,28/04/2025,09:20:52,55199,55180,960,55185.8,60,1020,2403150
BANKNIFTY-I.NFO,28/04/2025,09:20:53,55180,55180,810,55193.6,90,1290,2403150
BANKNIFTY-I.NFO,28/04/2025,09:20:54,55169.8,55164.4,30,55174.4,90,1980,2403150
BANKNIFTY-I.NFO,28/04/2025,09:20:55,55158,55158,120,55174.4,720,90,2403150
BANKNIFTY-I.NFO,28/04/2025,09:20:57,55158.4,55158.2,60,55163,60,150,2403150
BANKNIFTY-I.NFO,28/04/2025,09:20:58,55157.6,55156.2,30,55171.4,60,1440,2403150
BANKNIFTY-I.NFO,28/04/2025,09:20:59,55160,55160,780,55174.8,330,1260,2403150
BANKNIFTY-I.NFO,28/04/2025,09:21:00,55160,55160,660,55170.8,90,150,2403150
BANKNIFTY-I.NFO,28/04/2025,09:21:02,55161,55161,60,55164.4,30,60,2403150
BANKNIFTY-I.NFO,28/04/2025,09:21:03,55186.2,55178.4,30,55189.2,30,2400,2403150
BANKNIFTY-I.NFO,28/04/2025,09:21:04,55181.8,55184.2,30,55189,90,180,2403150
BANKNIFTY-I.NFO,28/04/2025,09:21:06,55189.8,55187.2,120,55189.8,360,570,2403150
BANKNIFTY-I.NFO,28/04/2025,09:21:07,55189.8,55188.4,30,55189.8,270,180,2403150
BANKNIFTY-I.NFO,28/04/2025,09:21:08,55188,55184.6,300,55188,540,960,2403150
BANKNIFTY-I.NFO,28/04/2025,09:21:09,55184,55183.4,30,55187.6,30,90,2403150
BANKNIFTY-I.NFO,28/04/2025,09:21:11,55179.6,55182,30,55185,30,1140,2403150
BANKNIFTY-I.NFO,28/04/2025,09:21:12,55189.8,55184.6,150,55188.6,30,480,2403150
BANKNIFTY-I.NFO,28/04/2025,09:21:13,55184.8,55184.8,30,55185.2,30,360,2403150
BANKNIFTY-I.NFO,28/04/2025,09:21:14,55173.2,55163.8,150,55171.4,90,180,2403150
BANKNIFTY-I.NFO,28/04/2025,09:21:16,55163.8,55162.2,30,55163.8,60,90,2403150
BANKNIFTY-I.NFO,28/04/2025,09:21:17,55150,55149.2,30,55153.8,60,1140,2403150
BANKNIFTY-I.NFO,28/04/2025,09:21:18,55149.2,55140.2,30,55145.8,90,150,2403150
BANKNIFTY-I.NFO,28/04/2025,09:21:19,55150,55145.2,30,55162.6,30,360,2403150
BANKNIFTY-I.NFO,28/04/2025,09:21:21,55164.6,55166.6,150,55169,300,510,2403150
BANKNIFTY-I.NFO,28/04/2025,09:21:22,55170,55170,30,55174.8,90,210,2403150
BANKNIFTY-I.NFO,28/04/2025,09:21:23,55164,55153.6,30,55164,90,360,2400060
BANKNIFTY-I.NFO,28/04/2025,09:21:24,55153.8,55150.8,60,55155.4,60,180,2400060
BANKNIFTY-I.NFO,28/04/2025,09:21:25,55153.6,55150.8,90,55153.6,540,360,2400060
BANKNIFTY-I.NFO,28/04/2025,09:21:27,55150.8,55150.8,90,55153.6,540,30,2400060
BANKNIFTY-I.NFO,28/04/2025,09:21:28,55150,55150,960,55152,30,510,2400060
BANKNIFTY-I.NFO,28/04/2025,09:21:29,55147,55140.2,30,55146.2,90,1110,2400060
BANKNIFTY-I.NFO,28/04/2025,09:21:30,55146.2,55140.2,90,55144.8,90,90,2400060
BANKNIFTY-I.NFO,28/04/2025,09:21:32,55140.2,55140.2,180,55149.4,90,960,2400060
BANKNIFTY-I.NFO,28/04/2025,09:21:33,55140.2,55140.2,30,55145,30,510,2400060
BANKNIFTY-I.NFO,28/04/2025,09:21:34,55140,55140,300,55146.8,60,300,2400060
BANKNIFTY-I.NFO,28/04/2025,09:21:35,55137.2,55132.6,60,55137.2,90,600,2400060
BANKNIFTY-I.NFO,28/04/2025,09:21:37,55160,55160,30,55165,30,2340,2400060
BANKNIFTY-I.NFO,28/04/2025,09:21:38,55162.4,55160,150,55166.6,90,210,2400060
BANKNIFTY-I.NFO,28/04/2025,09:21:39,55161,55161,30,55167.6,60,360,2400060
BANKNIFTY-I.NFO,28/04/2025,09:21:40,55160.4,55161,30,55166.4,90,150,2400060
BANKNIFTY-I.NFO,28/04/2025,09:21:42,55167.6,55166.2,30,55167.6,30,420,2400060
BANKNIFTY-I.NFO,28/04/2025,09:21:43,55166.2,55164.8,30,55166.2,90,630,2400060
BANKNIFTY-I.NFO,28/04/2025,09:21:44,55164.8,55164.8,30,55166.4,60,810,2400060
BANKNIFTY-I.NFO,28/04/2025,09:21:45,55164.8,55164.8,30,55166,60,30,2400060
BANKNIFTY-I.NFO,28/04/2025,09:21:47,55175,55175,90,55179.6,30,1140,2400060
BANKNIFTY-I.NFO,28/04/2025,09:21:48,55174.2,55160.4,30,55170,30,570,2400060
BANKNIFTY-I.NFO,28/04/2025,09:21:49,55155,55156.4,150,55163,90,60,2400060
BANKNIFTY-I.NFO,28/04/2025,09:21:50,55163.2,55155.8,150,55163.8,60,90,2400060
BANKNIFTY-I.NFO,28/04/2025,09:21:52,55149.8,55143.4,150,55150,120,1230,2400060
BANKNIFTY-I.NFO,28/04/2025,09:21:53,55149.8,55143.8,30,55148.2,90,0,2400060
BANKNIFTY-I.NFO,28/04/2025,09:21:54,55143.8,55143.8,60,55148,60,60,2400060
BANKNIFTY-I.NFO,28/04/2025,09:21:55,55153,55143.8,30,55153,90,1080,2400060
BANKNIFTY-I.NFO,28/04/2025,09:21:57,55144.6,55149.4,60,55154.8,90,60,2400060
BANKNIFTY-I.NFO,28/04/2025,09:21:58,55153.2,55155.2,60,55159.8,30,330,2400060
BANKNIFTY-I.NFO,28/04/2025,09:21:59,55157.2,55153.6,30,55158.2,90,1080,2400060
BANKNIFTY-I.NFO,28/04/2025,09:22:00,55154.8,55149.2,30,55154.8,90,1590,2400060
BANKNIFTY-I.NFO,28/04/2025,09:22:02,55168.8,55165,90,55169,30,420,2400060
BANKNIFTY-I.NFO,28/04/2025,09:22:03,55161.2,55161.2,30,55174.2,90,1380,2400060
BANKNIFTY-I.NFO,28/04/2025,09:22:04,55159.8,55165,30,55166,30,1080,2400060
BANKNIFTY-I.NFO,28/04/2025,09:22:05,55166,55165.2,30,55174,180,180,2400060
BANKNIFTY-I.NFO,28/04/2025,09:22:07,55160,55165.2,30,55170,30,480,2400060
BANKNIFTY-I.NFO,28/04/2025,09:22:08,55158.4,55162.6,30,55171.2,90,210,2400060
BANKNIFTY-I.NFO,28/04/2025,09:22:09,55170.8,55162.8,60,55170.2,90,300,2400060
BANKNIFTY-I.NFO,28/04/2025,09:22:10,55169,55165,90,55174,240,600,2400060
BANKNIFTY-I.NFO,28/04/2025,09:22:12,55170,55167,30,55170,60,90,2400060
BANKNIFTY-I.NFO,28/04/2025,09:22:13,55167.2,55167,120,55170,60,30,2400060
BANKNIFTY-I.NFO,28/04/2025,09:22:14,55167.4,55167.2,30,55170,60,120,2400060
BANKNIFTY-I.NFO,28/04/2025,09:22:15,55167.2,55167,30,55168,30,210,2400060
BANKNIFTY-I.NFO,28/04/2025,09:22:17,55167.2,55167,30,55168,30,330,2400060
BANKNIFTY-I.NFO,28/04/2025,09:22:18,55164.6,55160,60,55164.6,60,180,2400060
BANKNIFTY-I.NFO,28/04/2025,09:22:19,55158.4,55160.2,60,55164.8,90,300,2400060
BANKNIFTY-I.NFO,28/04/2025,09:22:20,55155,55150.2,30,55155,90,180,2400060
BANKNIFTY-I.NFO,28/04/2025,09:22:22,55155,55150.2,90,55155,120,30,2400060
BANKNIFTY-I.NFO,28/04/2025,09:22:23,55150.2,55150.2,30,55155,120,90,2400060
BANKNIFTY-I.NFO,28/04/2025,09:22:24,55160,55159.6,30,55160,570,150,2400060
BANKNIFTY-I.NFO,28/04/2025,09:22:25,55164.8,55164.2,30,55166.8,90,690,2400060
BANKNIFTY-I.NFO,28/04/2025,09:22:27,55166.8,55164.2,150,55167,60,240,2400060
BANKNIFTY-I.NFO,28/04/2025,09:22:28,55164.4,55164.4,90,55167,60,90,2400060
BANKNIFTY-I.NFO,28/04/2025,09:22:29,55164.4,55164.4,180,55167,60,30,2400060
BANKNIFTY-I.NFO,28/04/2025,09:22:30,55167,55164.4,150,55167,30,90,2400060
BANKNIFTY-I.NFO,28/04/2025,09:22:31,55164.8,55164.6,90,55167.2,90,120,2400060
BANKNIFTY-I.NFO,28/04/2025,09:22:33,55164.6,55164.6,180,55168.4,90,180,2400060
BANKNIFTY-I.NFO,28/04/2025,09:22:34,55169,55166.4,60,55166.8,60,180,2400060
BANKNIFTY-I.NFO,28/04/2025,09:22:35,55151.4,55152,30,55156.6,90,690,2400060
BANKNIFTY-I.NFO,28/04/2025,09:22:36,55152,55153.4,30,55157.4,90,150,2400060
BANKNIFTY-I.NFO,28/04/2025,09:22:38,55164.2,55162.8,150,55164.6,30,90,2400060
BANKNIFTY-I.NFO,28/04/2025,09:22:39,55160.8,55164.4,60,55167,60,810,2400060
BANKNIFTY-I.NFO,28/04/2025,09:22:40,55162.2,55164.4,60,55167,60,330,2400060
BANKNIFTY-I.NFO,28/04/2025,09:22:41,55168.6,55166.8,30,55169,240,180,2400060
BANKNIFTY-I.NFO,28/04/2025,09:22:43,55166.4,55166.2,30,55169,90,330,2400060
BANKNIFTY-I.NFO,28/04/2025,09:22:44,55167,55167.8,150,55169,90,300,2400060
BANKNIFTY-I.NFO,28/04/2025,09:22:45,55171.6,55172.2,30,55175,150,1500,2400060
BANKNIFTY-I.NFO,28/04/2025,09:22:46,55172.2,55172.2,60,55174.8,30,90,2400060
BANKNIFTY-I.NFO,28/04/2025,09:22:48,55172.4,55172.4,90,55174.8,30,60,2400060
BANKNIFTY-I.NFO,28/04/2025,09:22:49,55174.8,55173.2,30,55175,120,180,2400060
BANKNIFTY-I.NFO,28/04/2025,09:22:50,55173.2,55173.2,180,55174.6,30,30,2400060
BANKNIFTY-I.NFO,28/04/2025,09:22:51,55175.4,55175,330,55175.4,420,570,2400060
BANKNIFTY-I.NFO,28/04/2025,09:22:52,55175.4,55175,510,55175.4,150,300,2400060
BANKNIFTY-I.NFO,28/04/2025,09:22:54,55175.2,55175.2,60,55175.4,120,90,2400060
BANKNIFTY-I.NFO,28/04/2025,09:22:55,55176,55175.2,240,55177,180,780,2400060
BANKNIFTY-I.NFO,28/04/2025,09:22:56,55175.2,55175.2,180,55177,180,90,2400060
BANKNIFTY-I.NFO,28/04/2025,09:22:57,55177,55177,720,55178,420,180,2400060
BANKNIFTY-I.NFO,28/04/2025,09:22:59,55178,55177,720,55178,360,90,2400060
BANKNIFTY-I.NFO,28/04/2025,09:23:00,55184.8,55183.4,150,55185,60,930,2400060
BANKNIFTY-I.NFO,28/04/2025,09:23:01,55196,55195.2,150,55196,30,1080,2400060
BANKNIFTY-I.NFO,28/04/2025,09:23:02,55195.4,55198,30,55199.8,60,510,2400060
BANKNIFTY-I.NFO,28/04/2025,09:23:04,55196.4,55190.6,30,55199.6,150,720,2400060
BANKNIFTY-I.NFO,28/04/2025,09:23:05,55199.6,55195.2,30,55199.8,60,150,2400060
BANKNIFTY-I.NFO,28/04/2025,09:23:06,55195.2,55195.2,90,55197.6,90,150,2400060
BANKNIFTY-I.NFO,28/04/2025,09:23:07,55178,55177,630,55189.8,60,930,2400060
BANKNIFTY-I.NFO,28/04/2025,09:23:08,55177,55177,630,55180,30,630,2400060
BANKNIFTY-I.NFO,28/04/2025,09:23:10,55180,55179,180,55183.6,90,120,2400060
BANKNIFTY-I.NFO,28/04/2025,09:23:11,55179,55179,120,55184.2,90,180,2400060
BANKNIFTY-I.NFO,28/04/2025,09:23:12,55193,55179.2,90,55193,60,120,2400060
BANKNIFTY-I.NFO,28/04/2025,09:23:13,55188.6,55187.2,30,55193.2,90,420,2400060
BANKNIFTY-I.NFO,28/04/2025,09:23:15,55199.6,55194.4,90,55199.6,90,30,2400060
BANKNIFTY-I.NFO,28/04/2025,09:23:16,55195.4,55194.6,30,55199.2,90,30,2400060
BANKNIFTY-I.NFO,28/04/2025,09:23:17,55192.8,55194.6,90,55199.8,60,510,2400060
BANKNIFTY-I.NFO,28/04/2025,09:23:19,55194.6,55194.6,30,55199.4,300,60,2400060
BANKNIFTY-I.NFO,28/04/2025,09:23:20,55194.6,55179,30,55184,90,60,2400060
BANKNIFTY-I.NFO,28/04/2025,09:23:21,55187.8,55191.6,30,55198.6,60,540,2400060
BANKNIFTY-I.NFO,28/04/2025,09:23:22,55179,55177.2,150,55180,2610,480,2400060
BANKNIFTY-I.NFO,28/04/2025,09:23:23,55180,55177.6,30,55180,1680,960,2400060
BANKNIFTY-I.NFO,28/04/2025,09:23:25,55177.6,55177.6,30,55180,1170,540,2400060
BANKNIFTY-I.NFO,28/04/2025,09:23:26,55180,55177.6,30,55180,870,300,2400060
BANKNIFTY-I.NFO,28/04/2025,09:23:27,55183.6,55183.4,30,55192.4,90,960,2400060
BANKNIFTY-I.NFO,28/04/2025,09:23:28,55186.2,55183,120,55190.6,90,120,2400060
BANKNIFTY-I.NFO,28/04/2025,09:23:30,55184.4,55181.2,30,55187,60,90,2400060
BANKNIFTY-I.NFO,28/04/2025,09:23:31,55184.4,55187,30,55193.4,90,0,2400060
BANKNIFTY-I.NFO,28/04/2025,09:23:32,55193.2,55191.6,120,55194,30,90,2400060
BANKNIFTY-I.NFO,28/04/2025,09:23:33,55194,55184,150,55192,90,270,2400060
BANKNIFTY-I.NFO,28/04/2025,09:23:35,55194,55184.2,60,55193,90,0,2400060
BANKNIFTY-I.NFO,28/04/2025,09:23:36,55184.4,55184.2,90,55190.4,90,30,2400060
BANKNIFTY-I.NFO,28/04/2025,09:23:37,55181.6,55177.2,90,55181.6,90,180,2400060
BANKNIFTY-I.NFO,28/04/2025,09:23:38,55177.2,55177.2,120,55190.8,330,240,2400060
BANKNIFTY-I.NFO,28/04/2025,09:23:40,55177.2,55182.8,90,55191,300,0,2400060
BANKNIFTY-I.NFO,28/04/2025,09:23:41,55191,55182.8,30,55191,150,180,2400060
BANKNIFTY-I.NFO,28/04/2025,09:23:42,55191,55182.8,90,55190,60,0,2400060
BANKNIFTY-I.NFO,28/04/2025,09:23:43,55191,55185.4,30,55190,60,0,2400060
BANKNIFTY-I.NFO,28/04/2025,09:23:45,55190,55189.6,60,55190,30,30,2400060
BANKNIFTY-I.NFO,28/04/2025,09:23:46,55191,55189.8,120,55191,150,120,2400060
BANKNIFTY-I.NFO,28/04/2025,09:23:47,55191,55190,60,55191,120,30,2400060
BANKNIFTY-I.NFO,28/04/2025,09:23:48,55190,55190,30,55194,30,270,2400060
BANKNIFTY-I.NFO,28/04/2025,09:23:50,55188.2,55190,60,55190.8,30,270,2400060
BANKNIFTY-I.NFO,28/04/2025,09:23:51,55191,55191,1380,55194.6,30,300,2400060
BANKNIFTY-I.NFO,28/04/2025,09:23:52,55195,55191,1440,55195,30,150,2400060
BANKNIFTY-I.NFO,28/04/2025,09:23:53,55194.6,55192,120,55195,30,30,2400060
BANKNIFTY-I.NFO,28/04/2025,09:23:55,55192,55192,30,55197.6,90,450,2400060
BANKNIFTY-I.NFO,28/04/2025,09:23:56,55194.8,55192.2,150,55194.6,30,90,2400060
BANKNIFTY-I.NFO,28/04/2025,09:23:57,55192.4,55192.4,60,55194.6,30,30,2400060
BANKNIFTY-I.NFO,28/04/2025,09:23:58,55194.2,55186.8,30,55194.6,60,1980,2400060
BANKNIFTY-I.NFO,28/04/2025,09:24:00,55186.8,55186.8,30,55191,60,180,2400060
BANKNIFTY-I.NFO,28/04/2025,09:24:01,55191,55191.4,30,55192.4,150,120,2400060
BANKNIFTY-I.NFO,28/04/2025,09:24:02,55187.4,55188.8,30,55194,30,210,2400060
BANKNIFTY-I.NFO,28/04/2025,09:24:03,55194.2,55192.8,30,55197,30,180,2400060
BANKNIFTY-I.NFO,28/04/2025,09:24:05,55195.4,55196.4,30,55197,30,150,2400060
BANKNIFTY-I.NFO,28/04/2025,09:24:06,55196.6,55196.6,150,55199,180,300,2400060
BANKNIFTY-I.NFO,28/04/2025,09:24:07,55199.6,55197.4,30,55200,2100,510,2400060
BANKNIFTY-I.NFO,28/04/2025,09:24:08,55200,55197.4,180,55200,2070,90,2400060
BANKNIFTY-I.NFO,28/04/2025,09:24:10,55193.4,55192,210,55197.6,90,570,2400060
BANKNIFTY-I.NFO,28/04/2025,09:24:11,55192.6,55192.6,90,55198,30,90,2400060
BANKNIFTY-I.NFO,28/04/2025,09:24:12,55193.6,55192.8,90,55198,60,60,2400060
BANKNIFTY-I.NFO,28/04/2025,09:24:13,55199.8,55193,90,55197,210,210,2400060
BANKNIFTY-I.NFO,28/04/2025,09:24:15,55197,55194.2,90,55197,180,120,2400060
BANKNIFTY-I.NFO,28/04/2025,09:24:16,55194.2,55190,30,55196.8,90,180,2400060
BANKNIFTY-I.NFO,28/04/2025,09:24:17,55190,55190,60,55196.4,90,90,2400060
BANKNIFTY-I.NFO,28/04/2025,09:24:18,55185.8,55180.2,30,55188.2,60,90,2400060
BANKNIFTY-I.NFO,28/04/2025,09:24:20,55188,55187,90,55190,30,150,2400060
BANKNIFTY-I.NFO,28/04/2025,09:24:21,55190.6,55193.8,30,55196.8,30,90,2400060
BANKNIFTY-I.NFO,28/04/2025,09:24:22,55192.4,55194.8,30,55196.8,30,90,2400060
BANKNIFTY-I.NFO,28/04/2025,09:24:23,55194.8,55194.8,30,55196.6,60,90,2415990
BANKNIFTY-I.NFO,28/04/2025,09:24:25,55194.8,55194.8,90,55196.6,60,30,2415990
BANKNIFTY-I.NFO,28/04/2025,09:24:26,55194.8,55194.8,60,55196.6,60,30,2415990
BANKNIFTY-I.NFO,28/04/2025,09:24:27,55196.6,55195.8,30,55196.8,30,990,2415990
BANKNIFTY-I.NFO,28/04/2025,09:24:28,55196.8,55195.8,90,55197,180,30,2415990
BANKNIFTY-I.NFO,28/04/2025,09:24:30,55195.8,55195.8,90,55197,180,30,2415990
BANKNIFTY-I.NFO,28/04/2025,09:24:31,55190.8,55188,390,55196.4,60,300,2415990
BANKNIFTY-I.NFO,28/04/2025,09:24:32,55184,55183.6,30,55193.6,90,660,2415990
BANKNIFTY-I.NFO,28/04/2025,09:24:33,55190,55190,30,55194.8,30,150,2415990
BANKNIFTY-I.NFO,28/04/2025,09:24:35,55193.8,55193.8,30,55194.8,30,30,2415990
BANKNIFTY-I.NFO,28/04/2025,09:24:36,55193.8,55193.8,60,55195,180,120,2415990
BANKNIFTY-I.NFO,28/04/2025,09:24:37,55196,55193.8,150,55196.8,60,360,2415990
BANKNIFTY-I.NFO,28/04/2025,09:24:38,55194.8,55196.2,30,55197,30,180,2415990
BANKNIFTY-I.NFO,28/04/2025,09:24:40,55197,55197,60,55198,90,120,2415990
BANKNIFTY-I.NFO,28/04/2025,09:24:41,55197.4,55197,120,55198,90,120,2415990
BANKNIFTY-I.NFO,28/04/2025,09:24:42,55197,55197,210,55197.8,30,90,2415990
BANKNIFTY-I.NFO,28/04/2025,09:24:43,55195.4,55197.2,30,55197.4,30,300,2415990
BANKNIFTY-I.NFO,28/04/2025,09:24:45,55197.8,55197,60,55198,240,120,2415990
BANKNIFTY-I.NFO,28/04/2025,09:24:46,55190,55192,90,55198,360,1020,2415990
BANKNIFTY-I.NFO,28/04/2025,09:24:47,55190,55192.8,90,55198,270,0,2415990
BANKNIFTY-I.NFO,28/04/2025,09:24:48,55198,55197.2,60,55198,90,210,2415990
BANKNIFTY-I.NFO,28/04/2025,09:24:49,55200,55199.6,30,55200,1230,1200,2415990
BANKNIFTY-I.NFO,28/04/2025,09:24:51,55199.6,55199.6,90,55200,1230,60,2415990
BANKNIFTY-I.NFO,28/04/2025,09:24:52,55200,55199.6,60,55200,1140,180,2415990
BANKNIFTY-I.NFO,28/04/2025,09:24:53,55200,55199.6,240,55201,30,1260,2415990
BANKNIFTY-I.NFO,28/04/2025,09:24:54,55201.6,55201.6,60,55204,300,120,2415990
BANKNIFTY-I.NFO,28/04/2025,09:24:56,55210,55208,180,55210,330,1890,2415990
BANKNIFTY-I.NFO,28/04/2025,09:24:56,55210,55208,180,55210,330,0,2415990
BANKNIFTY-I.NFO,28/04/2025,09:24:57,55212.2,55214.8,120,55224,300,1710,2415990
BANKNIFTY-I.NFO,28/04/2025,09:24:57,55224,55214.8,120,55224,300,0,2415990
BANKNIFTY-I.NFO,28/04/2025,09:24:58,55224.2,55224,210,55225,390,1560,2415990
BANKNIFTY-I.NFO,28/04/2025,09:24:58,55225,55224,210,55225,390,0,2415990
BANKNIFTY-I.NFO,28/04/2025,09:24:59,55239,55227.8,90,55239.8,30,1470,2415990
BANKNIFTY-I.NFO,28/04/2025,09:24:59,55239,55227.8,90,55239.8,30,0,2415990
BANKNIFTY-I.NFO,28/04/2025,09:25:01,55235,55235,30,55240,60,480,2415990
BANKNIFTY-I.NFO,28/04/2025,09:25:01,55240,55235,30,55240,60,0,2415990
BANKNIFTY-I.NFO,28/04/2025,09:25:02,55241,55240,90,55242,30,270,2415990
BANKNIFTY-I.NFO,28/04/2025,09:25:02,55241,55240,90,55242,30,0,2415990
BANKNIFTY-I.NFO,28/04/2025,09:25:03,55250,55247.6,90,55250,2760,1050,2415990
BANKNIFTY-I.NFO,28/04/2025,09:25:03,55250,55247.6,90,55250,2760,0,2415990
BANKNIFTY-I.NFO,28/04/2025,09:25:04,55247.6,55248,90,55250,1800,1350,2415990
BANKNIFTY-I.NFO,28/04/2025,09:25:06,55250,55248,300,55250,1710,180,2415990
BANKNIFTY-I.NFO,28/04/2025,09:25:07,55254.8,55251,60,55255.4,30,2130,2415990
BANKNIFTY-I.NFO,28/04/2025,09:25:07,55255,55251,60,55255.4,30,0,2415990
BANKNIFTY-I.NFO,28/04/2025,09:25:08,55258.6,55251.2,90,55258.8,30,270,2415990
BANKNIFTY-I.NFO,28/04/2025,09:25:08,55258.6,55251.2,90,55258.8,30,0,2415990
BANKNIFTY-I.NFO,28/04/2025,09:25:09,55251.2,55251.2,120,55257.8,30,270,2415990
BANKNIFTY-I.NFO,28/04/2025,09:25:09,55258.8,55251.2,120,55257.8,30,0,2415990
BANKNIFTY-I.NFO,28/04/2025,09:25:11,55256,55251.4,30,55259.6,90,510,2415990
BANKNIFTY-I.NFO,28/04/2025,09:25:11,55260.8,55251.4,30,55259.6,90,0,2415990
BANKNIFTY-I.NFO,28/04/2025,09:25:12,55256.8,55255.2,30,55256.8,30,330,2415990
BANKNIFTY-I.NFO,28/04/2025,09:25:12,55261.8,55255.2,30,55256.8,30,0,2415990
BANKNIFTY-I.NFO,28/04/2025,09:25:13,55254.8,55250.6,180,55262,30,360,2415990
BANKNIFTY-I.NFO,28/04/2025,09:25:14,55265.8,55253.2,30,55266,60,930,2415990
BANKNIFTY-I.NFO,28/04/2025,09:25:14,55265.8,55253.2,30,55266,60,0,2415990
BANKNIFTY-I.NFO,28/04/2025,09:25:16,55267,55255,90,55267,90,570,2415990
BANKNIFTY-I.NFO,28/04/2025,09:25:16,55267,55255,90,55267,90,0,2415990
BANKNIFTY-I.NFO,28/04/2025,09:25:17,55267,55256.6,150,55267.6,60,1170,2415990
BANKNIFTY-I.NFO,28/04/2025,09:25:17,55268,55256.6,150,55267.6,60,0,2415990
BANKNIFTY-I.NFO,28/04/2025,09:25:18,55268,55268,30,55284,90,2040,2415990
BANKNIFTY-I.NFO,28/04/2025,09:25:18,55283,55268,30,55284,90,0,2415990
BANKNIFTY-I.NFO,28/04/2025,09:25:19,55268.2,55268.2,30,55270,120,240,2415990
BANKNIFTY-I.NFO,28/04/2025,09:25:19,55284,55268.2,30,55270,120,0,2415990
BANKNIFTY-I.NFO,28/04/2025,09:25:21,55284,55273.6,30,55284,60,240,2415990
BANKNIFTY-I.NFO,28/04/2025,09:25:22,55273.8,55273.6,90,55281.4,30,600,2415990
BANKNIFTY-I.NFO,28/04/2025,09:25:23,55268.6,55273.8,30,55284.6,90,840,2415990
BANKNIFTY-I.NFO,28/04/2025,09:25:23,55285,55273.8,30,55284.6,90,0,2415990
BANKNIFTY-I.NFO,28/04/2025,09:25:24,55285,55279,60,55283.6,30,210,2415990
BANKNIFTY-I.NFO,28/04/2025,09:25:26,55286,55282.8,30,55286,30,270,2415990
BANKNIFTY-I.NFO,28/04/2025,09:25:26,55286,55282.8,30,55286,30,0,2415990
BANKNIFTY-I.NFO,28/04/2025,09:25:27,55284.6,55283.8,30,55288,90,210,2415990
BANKNIFTY-I.NFO,28/04/2025,09:25:27,55287.6,55283.8,30,55288,90,0,2415990
BANKNIFTY-I.NFO,28/04/2025,09:25:28,55285,55285,30,55288.8,90,1350,2415990
BANKNIFTY-I.NFO,28/04/2025,09:25:28,55288.8,55285,30,55288.8,90,0,2415990
BANKNIFTY-I.NFO,28/04/2025,09:25:30,55283,55273.8,150,55286,90,360,2415990
BANKNIFTY-I.NFO,28/04/2025,09:25:31,55275.8,55270,30,55279,180,450,2415990
BANKNIFTY-I.NFO,28/04/2025,09:25:32,55270,55270,90,55280,300,570,2415990
BANKNIFTY-I.NFO,28/04/2025,09:25:33,55278,55256.2,90,55278,30,300,2415990
BANKNIFTY-I.NFO,28/04/2025,09:25:35,55280,55260.6,90,55279.8,30,330,2415990
BANKNIFTY-I.NFO,28/04/2025,09:25:36,55284.4,55271.4,30,55284.6,60,240,2415990
BANKNIFTY-I.NFO,28/04/2025,09:25:37,55284.6,55271.6,120,55281.6,120,150,2415990
BANKNIFTY-I.NFO,28/04/2025,09:25:38,55280,55275,570,55284.8,120,210,2415990
BANKNIFTY-I.NFO,28/04/2025,09:25:40,55282.8,55275.2,90,55283,30,540,2415990
BANKNIFTY-I.NFO,28/04/2025,09:25:41,55275.4,55275.4,120,55284.4,60,390,2415990
BANKNIFTY-I.NFO,28/04/2025,09:25:42,55284,55275.4,90,55284.2,210,270,2415990
BANKNIFTY-I.NFO,28/04/2025,09:25:43,55272,55275.6,90,55279,90,1410,2415990
BANKNIFTY-I.NFO,28/04/2025,09:25:45,55280.8,55258.2,180,55282.6,60,630,2415990
BANKNIFTY-I.NFO,28/04/2025,09:25:46,55270,55263.8,150,55270,150,270,2415990
BANKNIFTY-I.NFO,28/04/2025,09:25:47,55270,55263.6,90,55270,30,150,2415990
BANKNIFTY-I.NFO,28/04/2025,09:25:48,55263.8,55263.8,90,55270,30,30,2415990
BANKNIFTY-I.NFO,28/04/2025,09:25:50,55263.8,55263.8,90,55275.4,30,240,2415990
BANKNIFTY-I.NFO,28/04/2025,09:25:51,55273.8,55273.8,30,55275.2,60,120,2415990
BANKNIFTY-I.NFO,28/04/2025,09:25:52,55274,55273.8,30,55275.4,30,240,2415990
BANKNIFTY-I.NFO,28/04/2025,09:25:53,55273.8,55260.2,60,55273.4,120,420,2415990
BANKNIFTY-I.NFO,28/04/2025,09:25:55,55260.2,55260.6,60,55266.4,90,60,2415990
BANKNIFTY-I.NFO,28/04/2025,09:25:56,55260.2,55260.8,90,55264.6,90,210,2415990
BANKNIFTY-I.NFO,28/04/2025,09:25:57,55253.6,55251.4,60,55256.2,150,1050,2415990
BANKNIFTY-I.NFO,28/04/2025,09:25:58,55254.2,55250,1080,55253.8,90,300,2415990
BANKNIFTY-I.NFO,28/04/2025,09:26:00,55249.4,55242.8,60,55245.4,90,1530,2415990
BANKNIFTY-I.NFO,28/04/2025,09:26:01,55245,55242.8,30,55245,90,210,2415990
BANKNIFTY-I.NFO,28/04/2025,09:26:02,55242.8,55242.8,60,55244.4,90,30,2415990
BANKNIFTY-I.NFO,28/04/2025,09:26:03,55242.8,55238,60,55239.8,30,420,2415990
BANKNIFTY-I.NFO,28/04/2025,09:26:05,55235.4,55215.4,120,55235.6,30,660,2415990
BANKNIFTY-I.NFO,28/04/2025,09:26:06,55230,55230,30,55239,60,90,2415990
BANKNIFTY-I.NFO,28/04/2025,09:26:07,55230,55230,120,55235,30,30,2415990
BANKNIFTY-I.NFO,28/04/2025,09:26:08,55230,55230,120,55239.8,90,60,2415990
BANKNIFTY-I.NFO,28/04/2025,09:26:10,55230,55226,30,55236.8,90,240,2415990
BANKNIFTY-I.NFO,28/04/2025,09:26:11,55230,55230,30,55239.8,60,90,2415990
BANKNIFTY-I.NFO,28/04/2025,09:26:12,55230,55226.2,60,55240,60,600,2415990
BANKNIFTY-I.NFO,28/04/2025,09:26:13,55223.2,55226.4,60,55239.6,90,210,2415990
BANKNIFTY-I.NFO,28/04/2025,09:26:15,55230,55226.4,60,55230,450,60,2415990
BANKNIFTY-I.NFO,28/04/2025,09:26:16,55226.4,55226.4,30,55226.6,30,180,2415990
BANKNIFTY-I.NFO,28/04/2025,09:26:17,55244.8,55229,60,55244.8,120,780,2415990
BANKNIFTY-I.NFO,28/04/2025,09:26:18,55235,55237.2,30,55245,60,60,2415990
BANKNIFTY-I.NFO,28/04/2025,09:26:20,55245,55243.2,90,55250,60,120,2415990
BANKNIFTY-I.NFO,28/04/2025,09:26:21,55254.2,55255.4,60,55258,30,480,2415990
BANKNIFTY-I.NFO,28/04/2025,09:26:22,55268.4,55260,30,55268.6,60,480,2415990
BANKNIFTY-I.NFO,28/04/2025,09:26:23,55261.2,55260.2,120,55268.6,30,90,2415990
BANKNIFTY-I.NFO,28/04/2025,09:26:25,55258.8,55259,30,55268.2,30,480,2415990
BANKNIFTY-I.NFO,28/04/2025,09:26:26,55262.6,55263.6,60,55268.6,30,30,2415990
BANKNIFTY-I.NFO,28/04/2025,09:26:27,55268.6,55268.6,180,55269.8,30,150,2415990
BANKNIFTY-I.NFO,28/04/2025,09:26:28,55267.2,55262.6,60,55269.8,90,600,2415990
BANKNIFTY-I.NFO,28/04/2025,09:26:30,55260.2,55265.2,30,55268.6,30,120,2415990
BANKNIFTY-I.NFO,28/04/2025,09:26:31,55265.2,55265.2,90,55268.6,60,240,2415990
BANKNIFTY-I.NFO,28/04/2025,09:26:32,55265.2,55265.2,90,55268.6,90,60,2415990
BANKNIFTY-I.NFO,28/04/2025,09:26:33,55265.2,55265.2,120,55268.6,30,150,2415990
BANKNIFTY-I.NFO,28/04/2025,09:26:35,55257.6,55249.6,30,55259.4,150,240,2415990
BANKNIFTY-I.NFO,28/04/2025,09:26:36,55249.6,55249.6,60,55259.4,150,60,2415990
BANKNIFTY-I.NFO,28/04/2025,09:26:37,55259.4,55250,390,55259.4,60,60,2415990
BANKNIFTY-I.NFO,28/04/2025,09:26:38,55250.2,55250.2,30,55253.8,150,120,2415990
BANKNIFTY-I.NFO,28/04/2025,09:26:40,55251.4,55246,60,55252.4,60,390,2415990
BANKNIFTY-I.NFO,28/04/2025,09:26:41,55246,55246,30,55249.4,90,60,2415990
BANKNIFTY-I.NFO,28/04/2025,09:26:42,55246,55246,60,55248.8,150,60,2415990
BANKNIFTY-I.NFO,28/04/2025,09:26:43,55240.2,55246,30,55249.6,240,150,2415990
BANKNIFTY-I.NFO,28/04/2025,09:26:45,55240,55238,60,55240,450,300,2415990
BANKNIFTY-I.NFO,28/04/2025,09:26:46,55231.8,55231.8,30,55238,60,510,2415990
BANKNIFTY-I.NFO,28/04/2025,09:26:47,55234,55234,30,55237.4,90,240,2415990
BANKNIFTY-I.NFO,28/04/2025,09:26:48,55230,55227.4,60,55230,30,120,2415990
BANKNIFTY-I.NFO,28/04/2025,09:26:50,55227.4,55227.4,30,55229.8,30,60,2415990
BANKNIFTY-I.NFO,28/04/2025,09:26:51,55234.6,55231,30,55234.6,60,960,2415990
BANKNIFTY-I.NFO,28/04/2025,09:26:52,55231.2,55231.2,60,55236.4,90,60,2415990
BANKNIFTY-I.NFO,28/04/2025,09:26:53,55230.8,55226,30,55231,480,210,2415990
BANKNIFTY-I.NFO,28/04/2025,09:26:55,55231,55226,90,55231,450,120,2415990
BANKNIFTY-I.NFO,28/04/2025,09:26:56,55228,55228,30,55231,450,30,2415990
BANKNIFTY-I.NFO,28/04/2025,09:26:57,55230,55228,150,55231,450,30,2415990
BANKNIFTY-I.NFO,28/04/2025,09:26:58,55238,55236.2,90,55244,30,600,2415990
BANKNIFTY-I.NFO,28/04/2025,09:27:00,55237.2,55237.2,30,55244,30,60,2415990
BANKNIFTY-I.NFO,28/04/2025,09:27:01,55238,55237.4,30,55244,30,30,2415990
BANKNIFTY-I.NFO,28/04/2025,09:27:02,55237.2,55237.4,30,55243,90,150,2415990
BANKNIFTY-I.NFO,28/04/2025,09:27:03,55237.4,55237.4,30,55246,30,300,2415990
BANKNIFTY-I.NFO,28/04/2025,09:27:05,55237.4,55240.6,30,55246,30,0,2415990
BANKNIFTY-I.NFO,28/04/2025,09:27:06,55245.8,55244.2,30,55249,30,120,2415990
BANKNIFTY-I.NFO,28/04/2025,09:27:07,55245.4,55245.4,30,55249,30,480,2415990
BANKNIFTY-I.NFO,28/04/2025,09:27:08,55249,55245.4,30,55249.8,30,30,2415990
BANKNIFTY-I.NFO,28/04/2025,09:27:10,55253.8,55250.2,30,55253.6,30,840,2415990
BANKNIFTY-I.NFO,28/04/2025,09:27:11,55253,55253.4,30,55253.8,60,120,2415990
BANKNIFTY-I.NFO,28/04/2025,09:27:12,55258.8,55253.4,60,55259,30,420,2415990
BANKNIFTY-I.NFO,28/04/2025,09:27:13,55250,55245,30,55250,60,240,2415990
BANKNIFTY-I.NFO,28/04/2025,09:27:15,55245.2,55245.2,30,55250,960,90,2415990
BANKNIFTY-I.NFO,28/04/2025,09:27:16,55245.2,55245.2,90,55249.8,60,60,2415990
BANKNIFTY-I.NFO,28/04/2025,09:27:17,55245.2,55245.2,60,55250,930,210,2415990
BANKNIFTY-I.NFO,28/04/2025,09:27:18,55245.4,55245.4,30,55250,270,720,2415990
BANKNIFTY-I.NFO,28/04/2025,09:27:20,55258.8,55252.2,60,55259,30,600,2415990
BANKNIFTY-I.NFO,28/04/2025,09:27:21,55246.2,55250.4,30,55259,30,480,2415990
BANKNIFTY-I.NFO,28/04/2025,09:27:22,55250.4,55250.4,30,55255,30,30,2415990
BANKNIFTY-I.NFO,28/04/2025,09:27:23,55259.6,55255,30,55259.8,30,360,2415990
BANKNIFTY-I.NFO,28/04/2025,09:27:25,55259.8,55255,60,55259.8,30,120,2428710
BANKNIFTY-I.NFO,28/04/2025,09:27:26,55270,55265.4,60,55270,90,1170,2428710
BANKNIFTY-I.NFO,28/04/2025,09:27:27,55270,55267,90,55272,30,120,2428710
BANKNIFTY-I.NFO,28/04/2025,09:27:28,55275.6,55274.2,150,55277,30,750,2428710
BANKNIFTY-I.NFO,28/04/2025,09:27:30,55278,55276.4,60,55279.6,30,120,2428710
BANKNIFTY-I.NFO,28/04/2025,09:27:31,55280,55277.6,30,55280,120,270,2428710
BANKNIFTY-I.NFO,28/04/2025,09:27:32,55277.6,55277.6,90,55280,90,180,2428710
BANKNIFTY-I.NFO,28/04/2025,09:27:33,55284,55283.6,30,55284,60,450,2428710
BANKNIFTY-I.NFO,28/04/2025,09:27:35,55284.6,55284.2,150,55286,60,330,2428710
BANKNIFTY-I.NFO,28/04/2025,09:27:36,55286.8,55286.8,90,55288.8,30,120,2428710
BANKNIFTY-I.NFO,28/04/2025,09:27:37,55298,55291.8,90,55298,150,1200,2428710
BANKNIFTY-I.NFO,28/04/2025,09:27:37,55298,55291.8,90,55298,150,0,2428710
BANKNIFTY-I.NFO,28/04/2025,09:27:38,55297.2,55300,30,55305,60,3570,2428710
BANKNIFTY-I.NFO,28/04/2025,09:27:38,55301.4,55300,30,55305,60,0,2428710
BANKNIFTY-I.NFO,28/04/2025,09:27:40,55288.8,55300.4,30,55304.8,60,240,2428710
BANKNIFTY-I.NFO,28/04/2025,09:27:41,55304.8,55302,30,55305,60,150,2428710
BANKNIFTY-I.NFO,28/04/2025,09:27:41,55304.8,55302,30,55305,60,0,2428710
BANKNIFTY-I.NFO,28/04/2025,09:27:42,55305,55305,780,55305.8,30,240,2428710
BANKNIFTY-I.NFO,28/04/2025,09:27:42,55306,55305,780,55305.8,30,0,2428710
BANKNIFTY-I.NFO,28/04/2025,09:27:43,55305,55305,780,55306,60,390,2428710
BANKNIFTY-I.NFO,28/04/2025,09:27:45,55305.2,55305.2,90,55309.2,90,180,2428710
BANKNIFTY-I.NFO,28/04/2025,09:27:46,55309.2,55305.2,120,55309,90,150,2428710
BANKNIFTY-I.NFO,28/04/2025,09:27:46,55309.2,55305.2,120,55309,90,0,2428710
BANKNIFTY-I.NFO,28/04/2025,09:27:47,55305.2,55305.2,60,55310,120,420,2428710
BANKNIFTY-I.NFO,28/04/2025,09:27:47,55310,55305.2,60,55310,120,0,2428710
BANKNIFTY-I.NFO,28/04/2025,09:27:48,55305.2,55305.2,30,55310,90,120,2428710
BANKNIFTY-I.NFO,28/04/2025,09:27:50,55305.2,55305.2,30,55310.4,120,330,2428710
BANKNIFTY-I.NFO,28/04/2025,09:27:50,55310.2,55305.2,30,55310.4,120,0,2428710
BANKNIFTY-I.NFO,28/04/2025,09:27:51,55305,55305,810,55305.2,720,420,2428710
BANKNIFTY-I.NFO,28/04/2025,09:27:52,55305,55305,900,55305.2,690,90,2428710
BANKNIFTY-I.NFO,28/04/2025,09:27:53,55305.2,55305,840,55305.2,600,150,2428710
BANKNIFTY-I.NFO,28/04/2025,09:27:55,55305,55305,510,55305.2,510,480,2428710
BANKNIFTY-I.NFO,28/04/2025,09:27:56,55305,55305,480,55305.2,360,150,2428710
BANKNIFTY-I.NFO,28/04/2025,09:27:57,55305,55305,30,55305.2,150,780,2428710
BANKNIFTY-I.NFO,28/04/2025,09:27:58,55288.2,55289.4,30,55297.6,60,1170,2428710
BANKNIFTY-I.NFO,28/04/2025,09:28:00,55297.6,55289,90,55297.6,90,210,2428710
BANKNIFTY-I.NFO,28/04/2025,09:28:01,55303.6,55297.6,30,55303.6,30,150,2428710
BANKNIFTY-I.NFO,28/04/2025,09:28:02,55303,55297.6,30,55299.8,90,180,2428710
BANKNIFTY-I.NFO,28/04/2025,09:28:03,55291.8,55280,60,55291.4,90,210,2428710
BANKNIFTY-I.NFO,28/04/2025,09:28:05,55280,55280,30,55284.6,30,90,2428710
BANKNIFTY-I.NFO,28/04/2025,09:28:06,55284.6,55280,30,55284.8,150,90,2428710
BANKNIFTY-I.NFO,28/04/2025,09:28:07,55276.6,55270.2,60,55277.6,30,210,2428710
BANKNIFTY-I.NFO,28/04/2025,09:28:08,55271.2,55277,30,55280,90,540,2428710
BANKNIFTY-I.NFO,28/04/2025,09:28:10,55287.2,55277,90,55287.6,90,210,2428710
BANKNIFTY-I.NFO,28/04/2025,09:28:11,55278.6,55278.8,60,55297.4,60,270,2428710
BANKNIFTY-I.NFO,28/04/2025,09:28:12,55278.6,55284,90,55297.4,90,0,2428710
BANKNIFTY-I.NFO,28/04/2025,09:28:13,55284,55284,30,55294.4,30,60,2428710
BANKNIFTY-I.NFO,28/04/2025,09:28:15,55284,55284,30,55297.6,60,690,2428710
BANKNIFTY-I.NFO,28/04/2025,09:28:16,55284,55284.6,30,55297.6,60,0,2428710
BANKNIFTY-I.NFO,28/04/2025,09:28:17,55297.2,55286.4,180,55297.6,30,60,2428710
BANKNIFTY-I.NFO,28/04/2025,09:28:18,55287.6,55287.6,60,55297.6,30,300,2428710
BANKNIFTY-I.NFO,28/04/2025,09:28:20,55300,55295,30,55299.8,90,90,2428710
BANKNIFTY-I.NFO,28/04/2025,09:28:21,55301.2,55301.2,30,55302.8,600,270,2428710
BANKNIFTY-I.NFO,28/04/2025,09:28:22,55302.6,55299.8,90,55302.6,60,390,2428710
BANKNIFTY-I.NFO,28/04/2025,09:28:23,55300,55284.4,30,55302.4,90,780,2428710
BANKNIFTY-I.NFO,28/04/2025,09:28:25,55295.2,55295.2,30,55297.2,570,240,2428710
BANKNIFTY-I.NFO,28/04/2025,09:28:26,55297.2,55295.4,90,55297.2,540,90,2428710
BANKNIFTY-I.NFO,28/04/2025,09:28:27,55297.2,55296.8,120,55297.2,60,480,2428710
BANKNIFTY-I.NFO,28/04/2025,09:28:28,55302.6,55299.6,30,55300,30,720,2428710
BANKNIFTY-I.NFO,28/04/2025,09:28:30,55300,55299.8,90,55300,30,120,2428710
BANKNIFTY-I.NFO,28/04/2025,09:28:31,55300,55297.2,60,55299.6,30,240,2428710
BANKNIFTY-I.NFO,28/04/2025,09:28:32,55300,55300,30,55302.4,90,180,2428710
BANKNIFTY-I.NFO,28/04/2025,09:28:33,55300,55299.6,90,55299.8,30,30,2428710
BANKNIFTY-I.NFO,28/04/2025,09:28:35,55295.2,55280.8,30,55299.6,150,240,2428710
BANKNIFTY-I.NFO,28/04/2025,09:28:36,55293,55293.2,30,55299.2,30,210,2428710
BANKNIFTY-I.NFO,28/04/2025,09:28:37,55295.2,55299.6,900,55300,120,60,2428710
BANKNIFTY-I.NFO,28/04/2025,09:28:38,55299.8,55299.6,930,55300,240,120,2428710
BANKNIFTY-I.NFO,28/04/2025,09:28:40,55299.8,55299.6,930,55300,240,0,2428710
BANKNIFTY-I.NFO,28/04/2025,09:28:41,55299.6,55299.6,750,55299.8,60,240,2428710
BANKNIFTY-I.NFO,28/04/2025,09:28:42,55299.6,55299.6,660,55299.8,60,90,2428710
BANKNIFTY-I.NFO,28/04/2025,09:28:43,55299.6,55299.8,120,55300,120,510,2428710
BANKNIFTY-I.NFO,28/04/2025,09:28:45,55293.6,55287.8,30,55293.6,120,510,2428710
BANKNIFTY-I.NFO,28/04/2025,09:28:46,55287.8,55287.8,30,55293.2,90,30,2428710
BANKNIFTY-I.NFO,28/04/2025,09:28:47,55282,55290,30,55295.4,60,330,2428710
BANKNIFTY-I.NFO,28/04/2025,09:28:48,55298,55290,60,55298.4,90,360,2428710
BANKNIFTY-I.NFO,28/04/2025,09:28:50,55293.6,55290.2,90,55297.6,90,90,2428710
BANKNIFTY-I.NFO,28/04/2025,09:28:51,55290.2,55290.4,30,55297,90,270,2428710
BANKNIFTY-I.NFO,28/04/2025,09:28:52,55290.4,55290.4,90,55297,90,60,2428710
BANKNIFTY-I.NFO,28/04/2025,09:28:53,55290,55284.6,90,55289.8,30,330,2428710
BANKNIFTY-I.NFO,28/04/2025,09:28:55,55284,55284.8,30,55289.6,30,150,2428710
BANKNIFTY-I.NFO,28/04/2025,09:28:56,55289.4,55289.4,30,55289.8,30,60,2428710
BANKNIFTY-I.NFO,28/04/2025,09:28:57,55290,55289.4,90,55290,150,360,2428710
BANKNIFTY-I.NFO,28/04/2025,09:28:58,55290,55289.4,90,55290,150,0,2428710
BANKNIFTY-I.NFO,28/04/2025,09:29:00,55290,55289.4,90,55290,120,30,2428710
BANKNIFTY-I.NFO,28/04/2025,09:29:01,55289.8,55280.4,90,55288.4,90,150,2428710
BANKNIFTY-I.NFO,28/04/2025,09:29:02,55280.4,55280.4,30,55285.8,30,90,2428710
BANKNIFTY-I.NFO,28/04/2025,09:29:03,55280.4,55280.4,30,55287.8,120,120,2428710
BANKNIFTY-I.NFO,28/04/2025,09:29:05,55280,55280.4,60,55287,90,150,2428710
BANKNIFTY-I.NFO,28/04/2025,09:29:06,55285.4,55285.6,30,55288,30,210,2428710
BANKNIFTY-I.NFO,28/04/2025,09:29:07,55285.6,55285.6,60,55287.8,60,30,2428710
BANKNIFTY-I.NFO,28/04/2025,09:29:08,55285.6,55285.6,60,55295,90,1950,2428710
BANKNIFTY-I.NFO,28/04/2025,09:29:10,55265,55269.8,30,55283,180,2550,2428710
BANKNIFTY-I.NFO,28/04/2025,09:29:11,55269.8,55269.8,30,55278.8,120,1230,2428710
BANKNIFTY-I.NFO,28/04/2025,09:29:12,55269.8,55252.2,30,55268.8,120,450,2428710
BANKNIFTY-I.NFO,28/04/2025,09:29:13,55252.2,55252.4,90,55260.8,90,30,2428710
BANKNIFTY-I.NFO,28/04/2025,09:29:15,55260.2,55252.8,60,55264.8,30,120,2428710
BANKNIFTY-I.NFO,28/04/2025,09:29:16,55253.4,55253.4,30,55264.8,30,90,2428710
BANKNIFTY-I.NFO,28/04/2025,09:29:17,55264,55265.4,30,55269.8,60,30,2428710
BANKNIFTY-I.NFO,28/04/2025,09:29:18,55265.6,55266.4,60,55269.8,60,150,2428710
BANKNIFTY-I.NFO,28/04/2025,09:29:20,55267,55266.6,60,55269.8,60,60,2428710
BANKNIFTY-I.NFO,28/04/2025,09:29:21,55265,55257.2,30,55265,690,1200,2428710
BANKNIFTY-I.NFO,28/04/2025,09:29:22,55265,55262.6,30,55265,690,0,2428710
BANKNIFTY-I.NFO,28/04/2025,09:29:23,55265,55262.6,120,55265,690,0,2428710
BANKNIFTY-I.NFO,28/04/2025,09:29:25,55253.6,55262.6,30,55264.2,30,240,2428710
BANKNIFTY-I.NFO,28/04/2025,09:29:26,55260.8,55260.2,30,55264.6,300,60,2428710
BANKNIFTY-I.NFO,28/04/2025,09:29:27,55259.6,55251.8,120,55264.4,30,390,2428710
BANKNIFTY-I.NFO,28/04/2025,09:29:28,55259.6,55255.4,210,55264.4,30,0,2428710
BANKNIFTY-I.NFO,28/04/2025,09:29:30,55259.6,55258.2,90,55262.6,30,0,2428710
BANKNIFTY-I.NFO,28/04/2025,09:29:31,55258.6,55258.6,60,55262.6,30,90,2428710
BANKNIFTY-I.NFO,28/04/2025,09:29:32,55258.8,55258.8,60,55262.6,30,120,2428710
BANKNIFTY-I.NFO,28/04/2025,09:29:33,55258.4,55259.2,90,55262.6,30,150,2428710
BANKNIFTY-I.NFO,28/04/2025,09:29:35,55264.6,55263.6,60,55264.6,90,330,2428710
BANKNIFTY-I.NFO,28/04/2025,09:29:36,55264.6,55263.6,90,55264.4,30,0,2428710
BANKNIFTY-I.NFO,28/04/2025,09:29:37,55263.8,55263.8,60,55264.6,330,240,2428710
BANKNIFTY-I.NFO,28/04/2025,09:29:38,55262.6,55262.6,180,55263.6,90,150,2428710
BANKNIFTY-I.NFO,28/04/2025,09:29:40,55262.6,55262.6,120,55265,300,870,2428710
BANKNIFTY-I.NFO,28/04/2025,09:29:41,55264.6,55262.6,120,55264.6,30,480,2428710
BANKNIFTY-I.NFO,28/04/2025,09:29:42,55261.2,55251.6,30,55261.2,60,570,2428710
BANKNIFTY-I.NFO,28/04/2025,09:29:43,55262.2,55250.2,60,55262,30,780,2428710
BANKNIFTY-I.NFO,28/04/2025,09:29:45,55251.2,55250.4,30,55261.8,30,60,2428710
BANKNIFTY-I.NFO,28/04/2025,09:29:46,55256.6,55250.4,90,55261,30,90,2428710
BANKNIFTY-I.NFO,28/04/2025,09:29:47,55254.6,55254.6,30,55261.2,60,30,2428710
BANKNIFTY-I.NFO,28/04/2025,09:29:48,55258.4,55258.4,150,55259.4,270,120,2428710
BANKNIFTY-I.NFO,28/04/2025,09:29:50,55268,55268,420,55270,90,540,2428710
BANKNIFTY-I.NFO,28/04/2025,09:29:51,55268.2,55268.2,30,55270,120,1380,2428710
BANKNIFTY-I.NFO,28/04/2025,09:29:52,55268.2,55268,1380,55270,90,150,2428710
BANKNIFTY-I.NFO,28/04/2025,09:29:53,55270.8,55269.6,30,55275,90,120,2428710
BANKNIFTY-I.NFO,28/04/2025,09:29:55,55270.2,55271.2,150,55275,90,60,2428710
BANKNIFTY-I.NFO,28/04/2025,09:29:56,55270.2,55271.2,150,55275,90,60,2428710
BANKNIFTY-I.NFO,28/04/2025,09:29:57,55273.6,55274.8,30,55280,60,1080,2428710
BANKNIFTY-I.NFO,28/04/2025,09:29:58,55282,55277.2,30,55284.8,60,390,2428710
BANKNIFTY-I.NFO,28/04/2025,09:30:00,55274.4,55280.2,150,55285,150,510,2428710
BANKNIFTY-I.NFO,28/04/2025,09:30:01,55288,55285.8,30,55288,120,210,2428710
BANKNIFTY-I.NFO,28/04/2025,09:30:02,55296,55286.8,60,55296,150,540,2428710
BANKNIFTY-I.NFO,28/04/2025,09:30:03,55297.4,55292.4,30,55297.4,210,780,2428710
BANKNIFTY-I.NFO,28/04/2025,09:30:05,55291.6,55291.4,150,55299.8,60,630,2428710
BANKNIFTY-I.NFO,28/04/2025,09:30:06,55292.4,55291.8,30,55292.4,420,270,2428710
BANKNIFTY-I.NFO,28/04/2025,09:30:07,55291.8,55291.8,150,55300,480,1320,2428710
BANKNIFTY-I.NFO,28/04/2025,09:30:09,55300,55291.8,150,55300,90,450,2428710
BANKNIFTY-I.NFO,28/04/2025,09:30:10,55301,55292,180,55301,630,540,2428710
BANKNIFTY-I.NFO,28/04/2025,09:30:11,55299,55292,180,55300.4,60,150,2428710
BANKNIFTY-I.NFO,28/04/2025,09:30:12,55297.4,55292,120,55299,30,390,2428710
BANKNIFTY-I.NFO,28/04/2025,09:30:14,55292,55292,90,55299.8,60,120,2428710
BANKNIFTY-I.NFO,28/04/2025,09:30:15,55300.4,55292,90,55301,390,270,2428710
BANKNIFTY-I.NFO,28/04/2025,09:30:16,55297.4,55292,690,55300,30,120,2428710
BANKNIFTY-I.NFO,28/04/2025,09:30:17,55299,55299,510,55299.8,60,150,2428710
BANKNIFTY-I.NFO,28/04/2025,09:30:19,55299,55299,570,55299.8,30,0,2428710
BANKNIFTY-I.NFO,28/04/2025,09:30:20,55301,55299.8,180,55301,330,600,2428710
BANKNIFTY-I.NFO,28/04/2025,09:30:21,55301,55300,60,55301,210,150,2428710
BANKNIFTY-I.NFO,28/04/2025,09:30:22,55302.6,55300,240,55302.8,60,300,2428710
BANKNIFTY-I.NFO,28/04/2025,09:30:24,55305,55300.2,120,55305,390,300,2428710
BANKNIFTY-I.NFO,28/04/2025,09:30:25,55300.2,55301.4,240,55305,360,60,2442150
BANKNIFTY-I.NFO,28/04/2025,09:30:26,55307.8,55307.8,60,55309.6,120,840,2442150
BANKNIFTY-I.NFO,28/04/2025,09:30:27,55312.4,55312.4,30,55318,90,1260,2442150
BANKNIFTY-I.NFO,28/04/2025,09:30:27,55318.2,55312.4,30,55318,90,0,2442150
BANKNIFTY-I.NFO,28/04/2025,09:30:29,55323.8,55314,90,55324,90,870,2442150
BANKNIFTY-I.NFO,28/04/2025,09:30:29,55323.8,55314,90,55324,90,0,2442150
BANKNIFTY-I.NFO,28/04/2025,09:30:30,55326.4,55318,90,55331.4,90,1830,2442150
BANKNIFTY-I.NFO,28/04/2025,09:30:30,55333,55318,90,55331.4,90,0,2442150
BANKNIFTY-I.NFO,28/04/2025,09:30:31,55333,55331.8,90,55333,90,150,2442150
BANKNIFTY-I.NFO,28/04/2025,09:30:32,55334.8,55332,60,55335,30,300,2442150
BANKNIFTY-I.NFO,28/04/2025,09:30:32,55334.8,55332,60,55335,30,0,2442150
BANKNIFTY-I.NFO,28/04/2025,09:30:34,55332,55332,750,55336.8,330,540,2442150
BANKNIFTY-I.NFO,28/04/2025,09:30:34,55336.8,55332,750,55336.8,330,0,2442150
BANKNIFTY-I.NFO,28/04/2025,09:30:35,55336.8,55334.8,690,55336.8,240,150,2442150
BANKNIFTY-I.NFO,28/04/2025,09:30:36,55336.8,55335.2,60,55336.8,90,720,2442150
BANKNIFTY-I.NFO,28/04/2025,09:30:37,55335.2,55335.2,60,55337.2,90,300,2442150
BANKNIFTY-I.NFO,28/04/2025,09:30:37,55337.2,55335.2,60,55337.2,90,0,2442150
BANKNIFTY-I.NFO,28/04/2025,09:30:39,55340,55335.2,90,55339.8,60,450,2442150
BANKNIFTY-I.NFO,28/04/2025,09:30:39,55340,55335.2,90,55339.8,60,0,2442150
BANKNIFTY-I.NFO,28/04/2025,09:30:40,55340,55335.2,90,55340,60,240,2442150
BANKNIFTY-I.NFO,28/04/2025,09:30:41,55340,55335.2,30,55339.6,30,120,2442150
BANKNIFTY-I.NFO,28/04/2025,09:30:42,55339.8,55334.8,60,55340,90,60,2442150
BANKNIFTY-I.NFO,28/04/2025,09:30:44,55340,55337.2,60,55340,360,60,2442150
BANKNIFTY-I.NFO,28/04/2025,09:30:45,55335,55334.8,30,55340,330,360,2442150
BANKNIFTY-I.NFO,28/04/2025,09:30:46,55343.6,55334.8,180,55343.8,60,990,2442150
BANKNIFTY-I.NFO,28/04/2025,09:30:46,55349,55334.8,180,55343.8,60,0,2442150
BANKNIFTY-I.NFO,28/04/2025,09:30:47,55335.2,55335,120,55337.2,30,180,2442150
BANKNIFTY-I.NFO,28/04/2025,09:30:49,55337.2,55337.8,30,55340,30,270,2442150
BANKNIFTY-I.NFO,28/04/2025,09:30:50,55340,55340.6,30,55346.2,60,90,2442150
BANKNIFTY-I.NFO,28/04/2025,09:30:51,55340.6,55340.6,60,55343.8,60,540,2442150
BANKNIFTY-I.NFO,28/04/2025,09:30:52,55345.2,55340.6,30,55347.8,90,120,2442150
BANKNIFTY-I.NFO,28/04/2025,09:30:54,55349.8,55347.8,30,55350,810,360,2442150
BANKNIFTY-I.NFO,28/04/2025,09:30:54,55349.8,55347.8,30,55350,810,0,2442150
BANKNIFTY-I.NFO,28/04/2025,09:30:55,55349.8,55349.8,150,55350,570,360,2442150
BANKNIFTY-I.NFO,28/04/2025,09:30:55,55350,55349.8,150,55350,570,0,2442150
BANKNIFTY-I.NFO,28/04/2025,09:30:56,55349.8,55349.8,60,55350,420,270,2442150
BANKNIFTY-I.NFO,28/04/2025,09:30:57,55349.8,55349.8,180,55357.8,60,1770,2442150
BANKNIFTY-I.NFO,28/04/2025,09:30:57,55358.4,55349.8,180,55357.8,60,0,2442150
BANKNIFTY-I.NFO,28/04/2025,09:30:59,55354,55349,60,55354,30,300,2442150
BANKNIFTY-I.NFO,28/04/2025,09:31:00,55354.2,55349.2,120,55354.2,30,390,2442150
BANKNIFTY-I.NFO,28/04/2025,09:31:01,55352,55350,60,55353.2,60,150,2442150
BANKNIFTY-I.NFO,28/04/2025,09:31:02,55352.6,55340,60,55347.4,60,390,2442150
BANKNIFTY-I.NFO,28/04/2025,09:31:04,55340.2,55335,60,55341,90,420,2442150
BANKNIFTY-I.NFO,28/04/2025,09:31:05,55339.8,55333,60,55338.4,180,150,2442150
BANKNIFTY-I.NFO,28/04/2025,09:31:06,55338.4,55332.2,30,55337.2,30,990,2442150
BANKNIFTY-I.NFO,28/04/2025,09:31:07,55337.2,55332,30,55335.8,150,150,2442150
BANKNIFTY-I.NFO,28/04/2025,09:31:09,55338.4,55332,30,55341.4,90,330,2442150
BANKNIFTY-I.NFO,28/04/2025,09:31:10,55335.6,55335,30,55337.2,30,60,2442150
BANKNIFTY-I.NFO,28/04/2025,09:31:11,55335,55335,60,55340.2,60,120,2442150
BANKNIFTY-I.NFO,28/04/2025,09:31:12,55335,55335,180,55338,30,60,2442150
BANKNIFTY-I.NFO,28/04/2025,09:31:14,55335,55335,30,55340.4,30,840,2442150
BANKNIFTY-I.NFO,28/04/2025,09:31:15,55340.2,55335.2,30,55341.6,60,90,2442150
BANKNIFTY-I.NFO,28/04/2025,09:31:16,55335.2,55335,330,55343.6,30,540,2442150
BANKNIFTY-I.NFO,28/04/2025,09:31:17,55335,55335,210,55340,30,180,2442150
BANKNIFTY-I.NFO,28/04/2025,09:31:19,55335,55335,90,55344.8,90,150,2442150
BANKNIFTY-I.NFO,28/04/2025,09:31:20,55335,55335.2,30,55344.6,90,240,2442150
BANKNIFTY-I.NFO,28/04/2025,09:31:21,55340.2,55340,120,55345,30,150,2442150
BANKNIFTY-I.NFO,28/04/2025,09:31:22,55340,55340,30,55345,30,180,2442150
BANKNIFTY-I.NFO,28/04/2025,09:31:24,55332.2,55332.2,60,55342.8,90,390,2442150
BANKNIFTY-I.NFO,28/04/2025,09:31:25,55345,55338.8,30,55346.8,60,30,2442150
BANKNIFTY-I.NFO,28/04/2025,09:31:26,55344.2,55344.2,540,55349.2,300,360,2442150
BANKNIFTY-I.NFO,28/04/2025,09:31:27,55347.2,55338.8,30,55347.2,60,1680,2442150
BANKNIFTY-I.NFO,28/04/2025,09:31:28,55349,55344.2,30,55349.2,210,60,2442150
BANKNIFTY-I.NFO,28/04/2025,09:31:30,55341.2,55330,450,55341,60,690,2442150
BANKNIFTY-I.NFO,28/04/2025,09:31:31,55330,55330,450,55337.2,30,30,2442150
BANKNIFTY-I.NFO,28/04/2025,09:31:32,55330,55330.2,30,55337.2,30,30,2442150
BANKNIFTY-I.NFO,28/04/2025,09:31:33,55330,55330.2,150,55341,60,90,2442150
BANKNIFTY-I.NFO,28/04/2025,09:31:35,55330,55336.2,30,55348.6,60,0,2442150
BANKNIFTY-I.NFO,28/04/2025,09:31:36,55336,55330.2,30,55343,60,150,2442150
BANKNIFTY-I.NFO,28/04/2025,09:31:37,55330.2,55330.2,60,55339.8,30,90,2442150
BANKNIFTY-I.NFO,28/04/2025,09:31:38,55330.2,55330.6,60,55340,30,0,2442150
BANKNIFTY-I.NFO,28/04/2025,09:31:40,55340,55340,120,55343.4,30,90,2442150
BANKNIFTY-I.NFO,28/04/2025,09:31:41,55340,55340,60,55341.6,30,120,2442150
BANKNIFTY-I.NFO,28/04/2025,09:31:42,55330,55326.4,30,55333.6,60,570,2442150
BANKNIFTY-I.NFO,28/04/2025,09:31:43,55330,55332,60,55333.6,30,0,2442150
BANKNIFTY-I.NFO,28/04/2025,09:31:45,55332,55326.4,30,55338.6,30,60,2442150
BANKNIFTY-I.NFO,28/04/2025,09:31:46,55330,55326.6,90,55333,30,60,2442150
BANKNIFTY-I.NFO,28/04/2025,09:31:47,55327.6,55328.4,60,55344.4,90,150,2442150
BANKNIFTY-I.NFO,28/04/2025,09:31:48,55344.4,55326.8,60,55344.6,60,120,2442150
BANKNIFTY-I.NFO,28/04/2025,09:31:50,55344.4,55327.2,60,55340,30,0,2442150
BANKNIFTY-I.NFO,28/04/2025,09:31:51,55340,55327.8,30,55343.8,90,120,2442150
BANKNIFTY-I.NFO,28/04/2025,09:31:52,55327.8,55327,120,55340,300,180,2442150
BANKNIFTY-I.NFO,28/04/2025,09:31:53,55344,55340,60,55344,60,330,2442150
BANKNIFTY-I.NFO,28/04/2025,09:31:55,55345,55340,90,55345,90,120,2442150
BANKNIFTY-I.NFO,28/04/2025,09:31:56,55335,55334.6,30,55345,90,90,2442150
BANKNIFTY-I.NFO,28/04/2025,09:31:57,55334.4,55328.4,120,55345.8,30,150,2442150
BANKNIFTY-I.NFO,28/04/2025,09:31:58,55330,55329.2,120,55348,60,450,2442150
BANKNIFTY-I.NFO,28/04/2025,09:32:00,55330,55329.2,210,55345,30,0,2442150
BANKNIFTY-I.NFO,28/04/2025,09:32:01,55330,55330,90,55348.6,30,270,2442150
BANKNIFTY-I.NFO,28/04/2025,09:32:02,55330,55332.6,120,55345,120,0,2442150
BANKNIFTY-I.NFO,28/04/2025,09:32:03,55340,55333.2,60,55340,390,60,2442150
BANKNIFTY-I.NFO,28/04/2025,09:32:05,55340,55333.4,60,55340,330,90,2442150
BANKNIFTY-I.NFO,28/04/2025,09:32:06,55340,55333.6,60,55340,330,0,2442150
BANKNIFTY-I.NFO,28/04/2025,09:32:07,55340,55333.6,120,55340,300,30,2442150
BANKNIFTY-I.NFO,28/04/2025,09:32:08,55333.6,55333.6,30,55340,120,360,2442150
BANKNIFTY-I.NFO,28/04/2025,09:32:10,55340,55334.8,30,55343.8,30,120,2442150
BANKNIFTY-I.NFO,28/04/2025,09:32:11,55340,55340.2,90,55345,150,0,2442150
BANKNIFTY-I.NFO,28/04/2025,09:32:12,55340.2,55340.2,150,55345,150,60,2442150
BANKNIFTY-I.NFO,28/04/2025,09:32:13,55340.2,55340.2,120,55345,120,90,2442150
BANKNIFTY-I.NFO,28/04/2025,09:32:15,55348,55340.4,30,55348,30,210,2442150
BANKNIFTY-I.NFO,28/04/2025,09:32:16,55340.4,55340.6,30,55348,30,60,2442150
BANKNIFTY-I.NFO,28/04/2025,09:32:17,55348.2,55340.6,90,55349,120,180,2442150
BANKNIFTY-I.NFO,28/04/2025,09:32:18,55349.8,55348,120,55350,510,780,2442150
BANKNIFTY-I.NFO,28/04/2025,09:32:20,55350.2,55349,210,55351,30,540,2442150
BANKNIFTY-I.NFO,28/04/2025,09:32:21,55349,55349,60,55351,30,150,2442150
BANKNIFTY-I.NFO,28/04/2025,09:32:22,55351,55349.4,90,55351,420,210,2442150
BANKNIFTY-I.NFO,28/04/2025,09:32:23,55349.6,55349.8,30,55351,420,30,2442150
BANKNIFTY-I.NFO,28/04/2025,09:32:25,55349.8,55349.8,120,55351,420,30,2442150
BANKNIFTY-I.NFO,28/04/2025,09:32:26,55351,55349.8,210,55351,360,120,2442150
BANKNIFTY-I.NFO,28/04/2025,09:32:27,55351,55350,30,55351,300,90,2442150
BANKNIFTY-I.NFO,28/04/2025,09:32:29,55351,55350,90,55351,270,30,2442150
BANKNIFTY-I.NFO,28/04/2025,09:32:30,55349.8,55350,30,55355,390,660,2442150
BANKNIFTY-I.NFO,28/04/2025,09:32:31,55355,55355,120,55357,150,510,2442150
BANKNIFTY-I.NFO,28/04/2025,09:32:32,55355,55355,90,55357,150,120,2442150
BANKNIFTY-I.NFO,28/04/2025,09:32:34,55355,55355,60,55357,150,120,2442150
BANKNIFTY-I.NFO,28/04/2025,09:32:35,55357,55355.2,90,55357,120,30,2442150
BANKNIFTY-I.NFO,28/04/2025,09:32:36,55355.4,55355.4,60,55357,90,60,2442150
BANKNIFTY-I.NFO,28/04/2025,09:32:37,55357,55355.4,120,55357.6,120,690,2442150
BANKNIFTY-I.NFO,28/04/2025,09:32:39,55357.6,55355.4,150,55357.6,60,150,2442150
BANKNIFTY-I.NFO,28/04/2025,09:32:40,55355.4,55355.4,120,55357.6,30,120,2442150
BANKNIFTY-I.NFO,28/04/2025,09:32:41,55355.4,55357,120,55357.6,30,30,2442150
BANKNIFTY-I.NFO,28/04/2025,09:32:42,55357.2,55357.2,60,55359,1230,180,2442150
BANKNIFTY-I.NFO,28/04/2025,09:32:44,55359,55357.2,60,55359,1110,120,2442150
BANKNIFTY-I.NFO,28/04/2025,09:32:44,55359,55357.2,60,55359,1110,0,2442150
BANKNIFTY-I.NFO,28/04/2025,09:32:45,55357.8,55358,90,55359,990,300,2442150
BANKNIFTY-I.NFO,28/04/2025,09:32:46,55359,55358,90,55359,810,180,2442150
BANKNIFTY-I.NFO,28/04/2025,09:32:47,55359,55358.2,150,55359,720,90,2442150
BANKNIFTY-I.NFO,28/04/2025,09:32:49,55360,55360.8,30,55363,30,900,2442150
BANKNIFTY-I.NFO,28/04/2025,09:32:49,55360,55360.8,30,55363,30,0,2442150
BANKNIFTY-I.NFO,28/04/2025,09:32:50,55363.2,55362.2,60,55363.2,540,90,2442150
BANKNIFTY-I.NFO,28/04/2025,09:32:50,55363.2,55362.2,60,55363.2,540,0,2442150
BANKNIFTY-I.NFO,28/04/2025,09:32:51,55362.8,55363,60,55363.2,120,870,2442150
BANKNIFTY-I.NFO,28/04/2025,09:32:52,55363,55362.8,30,55363.2,30,120,2442150
BANKNIFTY-I.NFO,28/04/2025,09:32:54,55360,55360,180,55363,30,150,2442150
BANKNIFTY-I.NFO,28/04/2025,09:32:54,55365,55360,180,55363,30,0,2442150
BANKNIFTY-I.NFO,28/04/2025,09:32:55,55363.2,55364.2,30,55366.4,30,150,2442150
BANKNIFTY-I.NFO,28/04/2025,09:32:55,55366,55364.2,30,55366.4,30,0,2442150
BANKNIFTY-I.NFO,28/04/2025,09:32:56,55369,55363.4,30,55369,30,90,2442150
BANKNIFTY-I.NFO,28/04/2025,09:32:56,55369,55363.4,30,55369,30,0,2442150
BANKNIFTY-I.NFO,28/04/2025,09:32:57,55363.2,55363.2,30,55369,30,120,2442150
BANKNIFTY-I.NFO,28/04/2025,09:32:59,55363.4,55360.2,90,55363.4,30,540,2442150
BANKNIFTY-I.NFO,28/04/2025,09:32:59,55369.2,55360.2,90,55363.4,30,0,2442150
BANKNIFTY-I.NFO,28/04/2025,09:33:00,55370,55364,60,55370,330,180,2442150
BANKNIFTY-I.NFO,28/04/2025,09:33:00,55370,55364,60,55370,330,0,2442150
BANKNIFTY-I.NFO,28/04/2025,09:33:01,55370,55370,270,55370.4,60,330,2442150
BANKNIFTY-I.NFO,28/04/2025,09:33:02,55370.2,55370.2,180,55370.4,30,60,2442150
BANKNIFTY-I.NFO,28/04/2025,09:33:02,55370.4,55370.2,180,55370.4,30,0,2442150
BANKNIFTY-I.NFO,28/04/2025,09:33:04,55372,55370.6,150,55375,210,150,2442150
BANKNIFTY-I.NFO,28/04/2025,09:33:04,55372,55370.6,150,55375,210,0,2442150
BANKNIFTY-I.NFO,28/04/2025,09:33:05,55375.6,55370.8,90,55375.6,210,300,2442150
BANKNIFTY-I.NFO,28/04/2025,09:33:05,55375.6,55370.8,90,55375.6,210,0,2442150
BANKNIFTY-I.NFO,28/04/2025,09:33:06,55377.4,55370.8,90,55378.6,30,900,2442150
BANKNIFTY-I.NFO,28/04/2025,09:33:06,55377.4,55370.8,90,55378.6,30,0,2442150
BANKNIFTY-I.NFO,28/04/2025,09:33:07,55380.6,55373.4,60,55381.6,30,1170,2442150
BANKNIFTY-I.NFO,28/04/2025,09:33:07,55380.6,55373.4,60,55381.6,30,0,2442150
BANKNIFTY-I.NFO,28/04/2025,09:33:09,55373.6,55371.4,60,55376.8,90,810,2442150
BANKNIFTY-I.NFO,28/04/2025,09:33:09,55380.8,55371.4,60,55376.8,90,0,2442150
BANKNIFTY-I.NFO,28/04/2025,09:33:10,55379.6,55371.6,60,55380,30,780,2442150
BANKNIFTY-I.NFO,28/04/2025,09:33:11,55375,55371.8,120,55382.8,30,1230,2442150
BANKNIFTY-I.NFO,28/04/2025,09:33:11,55385,55371.8,120,55382.8,30,0,2442150
BANKNIFTY-I.NFO,28/04/2025,09:33:12,55388.4,55382.8,30,55388,30,1680,2442150
BANKNIFTY-I.NFO,28/04/2025,09:33:12,55388.4,55382.8,30,55388,30,0,2442150
BANKNIFTY-I.NFO,28/04/2025,09:33:14,55382.8,55382.8,30,55385,30,1020,2442150
BANKNIFTY-I.NFO,28/04/2025,09:33:14,55389.8,55382.8,30,55385,30,0,2442150
BANKNIFTY-I.NFO,28/04/2025,09:33:15,55376.8,55376.8,30,55381.4,150,1140,2442150
BANKNIFTY-I.NFO,28/04/2025,09:33:16,55375,55375,180,55384,60,870,2442150
BANKNIFTY-I.NFO,28/04/2025,09:33:17,55394.2,55382.8,120,55394.2,30,1410,2442150
BANKNIFTY-I.NFO,28/04/2025,09:33:17,55394.2,55382.8,120,55394.2,30,0,2442150
BANKNIFTY-I.NFO,28/04/2025,09:33:19,55398.2,55382.8,90,55399,420,2400,2442150
BANKNIFTY-I.NFO,28/04/2025,09:33:19,55399,55382.8,90,55399,420,0,2442150
BANKNIFTY-I.NFO,28/04/2025,09:33:20,55399,55386.2,60,55397.2,150,870,2442150
BANKNIFTY-I.NFO,28/04/2025,09:33:21,55396.8,55383.2,30,55390,30,840,2442150
BANKNIFTY-I.NFO,28/04/2025,09:33:22,55383,55383,30,55394,30,1440,2442150
BANKNIFTY-I.NFO,28/04/2025,09:33:24,55393.4,55383.2,60,55392.6,30,180,2442150
BANKNIFTY-I.NFO,28/04/2025,09:33:25,55383.2,55383.4,30,55397.6,30,1530,2425110
BANKNIFTY-I.NFO,28/04/2025,09:33:25,55400,55383.4,30,55397.6,30,0,2425110
BANKNIFTY-I.NFO,28/04/2025,09:33:26,55400,55390,120,55400,1740,1920,2425110
BANKNIFTY-I.NFO,28/04/2025,09:33:27,55400,55390,210,55400,990,900,2425110
BANKNIFTY-I.NFO,28/04/2025,09:33:29,55390.2,55390,150,55400,120,1110,2425110
BANKNIFTY-I.NFO,28/04/2025,09:33:30,55390,55390,30,55400,60,450,2425110
BANKNIFTY-I.NFO,28/04/2025,09:33:31,55390,55390,30,55397,30,90,2425110
BANKNIFTY-I.NFO,28/04/2025,09:33:32,55400,55390,30,55400,300,810,2425110
BANKNIFTY-I.NFO,28/04/2025,09:33:32,55405.4,55390,30,55400,300,0,2425110
BANKNIFTY-I.NFO,28/04/2025,09:33:34,55406,55388.4,90,55406.4,30,1110,2425110
BANKNIFTY-I.NFO,28/04/2025,09:33:34,55406.2,55388.4,90,55406.4,30,0,2425110
BANKNIFTY-I.NFO,28/04/2025,09:33:35,55408.6,55390.6,90,55408.4,30,840,2425110
BANKNIFTY-I.NFO,28/04/2025,09:33:35,55408.6,55390.6,90,55408.4,30,0,2425110
BANKNIFTY-I.NFO,28/04/2025,09:33:36,55400,55400,30,55402,30,150,2425110
BANKNIFTY-I.NFO,28/04/2025,09:33:37,55400,55400,30,55405,30,180,2425110
BANKNIFTY-I.NFO,28/04/2025,09:33:39,55405,55400.4,30,55401,30,210,2425110
BANKNIFTY-I.NFO,28/04/2025,09:33:40,55413.6,55403.6,30,55412,30,1050,2425110
BANKNIFTY-I.NFO,28/04/2025,09:33:40,55414.6,55403.6,30,55412,30,0,2425110
BANKNIFTY-I.NFO,28/04/2025,09:33:41,55403,55395.4,30,55405,30,1050,2425110
BANKNIFTY-I.NFO,28/04/2025,09:33:42,55405,55395.6,60,55405,150,120,2425110
BANKNIFTY-I.NFO,28/04/2025,09:33:44,55400,55395.4,120,55400,30,540,2425110
BANKNIFTY-I.NFO,28/04/2025,09:33:45,55400.2,55400.4,60,55410,30,600,2425110
BANKNIFTY-I.NFO,28/04/2025,09:33:46,55400.6,55400.4,90,55413,30,240,2425110
BANKNIFTY-I.NFO,28/04/2025,09:33:47,55401,55401,60,55414.8,30,870,2425110
BANKNIFTY-I.NFO,28/04/2025,09:33:47,55414.8,55401,60,55414.8,30,0,2425110
BANKNIFTY-I.NFO,28/04/2025,09:33:49,55401,55401,60,55405,30,210,2425110
BANKNIFTY-I.NFO,28/04/2025,09:33:50,55405,55400,180,55405.6,90,150,2425110
BANKNIFTY-I.NFO,28/04/2025,09:33:51,55405,55400,270,55405.6,90,0,2425110
BANKNIFTY-I.NFO,28/04/2025,09:33:52,55401,55400.2,30,55401,510,150,2425110
BANKNIFTY-I.NFO,28/04/2025,09:33:54,55400,55399,60,55401,480,330,2425110
BANKNIFTY-I.NFO,28/04/2025,09:33:55,55397.6,55391,120,55397.6,90,180,2425110
BANKNIFTY-I.NFO,28/04/2025,09:33:56,55390.8,55390,150,55398.8,90,60,2425110
BANKNIFTY-I.NFO,28/04/2025,09:33:57,55398.8,55390,120,55398.8,90,60,2425110
BANKNIFTY-I.NFO,28/04/2025,09:33:59,55399,55390.2,120,55399,120,60,2425110
BANKNIFTY-I.NFO,28/04/2025,09:34:00,55399,55394.2,90,55398.8,30,120,2425110
BANKNIFTY-I.NFO,28/04/2025,09:34:01,55398.8,55394.2,120,55398.8,30,30,2425110
BANKNIFTY-I.NFO,28/04/2025,09:34:02,55398.8,55394.4,180,55400,120,30,2425110
BANKNIFTY-I.NFO,28/04/2025,09:34:04,55399.8,55398.8,60,55400,120,90,2425110
BANKNIFTY-I.NFO,28/04/2025,09:34:05,55398.8,55398.8,30,55400,30,270,2425110
BANKNIFTY-I.NFO,28/04/2025,09:34:06,55398.8,55395,90,55399.8,30,0,2425110
BANKNIFTY-I.NFO,28/04/2025,09:34:07,55395,55394.4,120,55401,480,210,2425110
BANKNIFTY-I.NFO,28/04/2025,09:34:09,55394.4,55390.6,90,55394.4,30,120,2425110
BANKNIFTY-I.NFO,28/04/2025,09:34:10,55390.6,55390.6,60,55394.4,30,30,2425110
BANKNIFTY-I.NFO,28/04/2025,09:34:11,55390.8,55390.4,90,55394.4,30,150,2425110
BANKNIFTY-I.NFO,28/04/2025,09:34:12,55390.2,55390.2,30,55390.6,240,120,2425110
BANKNIFTY-I.NFO,28/04/2025,09:34:14,55390,55390,30,55390.6,120,240,2425110
BANKNIFTY-I.NFO,28/04/2025,09:34:15,55390.6,55386.6,60,55390.6,30,180,2425110
BANKNIFTY-I.NFO,28/04/2025,09:34:16,55386.6,55385.4,30,55390,30,300,2425110
BANKNIFTY-I.NFO,28/04/2025,09:34:17,55390.2,55384.8,30,55396.4,90,270,2425110
BANKNIFTY-I.NFO,28/04/2025,09:34:18,55384.8,55390.2,60,55398.8,120,60,2425110
BANKNIFTY-I.NFO,28/04/2025,09:34:20,55390.2,55390.2,90,55398.8,120,30,2425110
BANKNIFTY-I.NFO,28/04/2025,09:34:21,55398.8,55398.8,120,55400,60,510,2425110
BANKNIFTY-I.NFO,28/04/2025,09:34:22,55411.2,55398.8,60,55410.2,60,1350,2425110
BANKNIFTY-I.NFO,28/04/2025,09:34:23,55410.2,55410.2,390,55414,30,90,2425110
BANKNIFTY-I.NFO,28/04/2025,09:34:25,55418,55415.2,30,55419.8,60,780,2425110
BANKNIFTY-I.NFO,28/04/2025,09:34:25,55418,55415.2,30,55419.8,60,0,2425110
BANKNIFTY-I.NFO,28/04/2025,09:34:26,55420,55416.6,90,55420,90,270,2425110
BANKNIFTY-I.NFO,28/04/2025,09:34:26,55420,55416.6,90,55420,90,0,2425110
BANKNIFTY-I.NFO,28/04/2025,09:34:27,55420,55420,210,55425,210,240,2425110
BANKNIFTY-I.NFO,28/04/2025,09:34:27,55424,55420,210,55425,210,0,2425110
BANKNIFTY-I.NFO,28/04/2025,09:34:28,55423.4,55425,30,55430,180,810,2425110
BANKNIFTY-I.NFO,28/04/2025,09:34:28,55430,55425,30,55430,180,0,2425110
BANKNIFTY-I.NFO,28/04/2025,09:34:30,55425,55425,90,55430,120,330,2425110
BANKNIFTY-I.NFO,28/04/2025,09:34:31,55434,55434,900,55435,90,360,2425110
BANKNIFTY-I.NFO,28/04/2025,09:34:31,55435,55434,900,55435,90,0,2425110
BANKNIFTY-I.NFO,28/04/2025,09:34:32,55434,55434,810,55440,120,360,2425110
BANKNIFTY-I.NFO,28/04/2025,09:34:32,55440,55434,810,55440,120,0,2425110
BANKNIFTY-I.NFO,28/04/2025,09:34:33,55440,55434,390,55440,60,510,2425110
BANKNIFTY-I.NFO,28/04/2025,09:34:35,55454.4,55440.2,120,55454.8,30,4440,2425110
BANKNIFTY-I.NFO,28/04/2025,09:34:35,55455,55440.2,120,55454.8,30,0,2425110
BANKNIFTY-I.NFO,28/04/2025,09:34:36,55441.6,55440.6,60,55454.4,30,1470,2425110
BANKNIFTY-I.NFO,28/04/2025,09:34:36,55461,55440.6,60,55454.4,30,0,2425110
BANKNIFTY-I.NFO,28/04/2025,09:34:37,55457.6,55441.4,90,55458.4,30,450,2425110
BANKNIFTY-I.NFO,28/04/2025,09:34:38,55470,55452.6,30,55457,60,1710,2425110
BANKNIFTY-I.NFO,28/04/2025,09:34:38,55470,55452.6,30,55457,60,0,2425110
BANKNIFTY-I.NFO,28/04/2025,09:34:40,55470,55458,120,55461,30,120,2425110
BANKNIFTY-I.NFO,28/04/2025,09:34:41,55458.2,55459.6,60,55471.2,30,690,2425110
BANKNIFTY-I.NFO,28/04/2025,09:34:41,55473.2,55459.6,60,55471.2,30,0,2425110
BANKNIFTY-I.NFO,28/04/2025,09:34:42,55459.4,55459.4,30,55469.8,150,360,2425110
BANKNIFTY-I.NFO,28/04/2025,09:34:44,55474,55459.8,30,55475,180,360,2425110
BANKNIFTY-I.NFO,28/04/2025,09:34:44,55474,55459.8,30,55475,180,0,2425110
BANKNIFTY-I.NFO,28/04/2025,09:34:45,55467.4,55461,60,55470,30,30,2425110
BANKNIFTY-I.NFO,28/04/2025,09:34:46,55461,55461,60,55461.8,120,600,2425110
BANKNIFTY-I.NFO,28/04/2025,09:34:47,55460,55458,60,55461.4,60,750,2425110
BANKNIFTY-I.NFO,28/04/2025,09:34:49,55429.8,55438.8,30,55450,30,2670,2425110
BANKNIFTY-I.NFO,28/04/2025,09:34:50,55437.2,55436.2,30,55449.8,30,210,2425110
BANKNIFTY-I.NFO,28/04/2025,09:34:51,55450,55436.4,90,55450,60,120,2425110
BANKNIFTY-I.NFO,28/04/2025,09:34:52,55436.4,55436.4,60,55449.8,30,210,2425110
BANKNIFTY-I.NFO,28/04/2025,09:34:54,55437.8,55437.8,30,55449.8,30,270,2425110
BANKNIFTY-I.NFO,28/04/2025,09:34:55,55438,55440,570,55449.8,120,450,2425110
BANKNIFTY-I.NFO,28/04/2025,09:34:56,55449.8,55443.8,60,55449.8,60,180,2425110
BANKNIFTY-I.NFO,28/04/2025,09:34:57,55443.8,55443.8,180,55449.8,30,480,2425110
BANKNIFTY-I.NFO,28/04/2025,09:34:59,55444,55444,90,55445,30,60,2425110
BANKNIFTY-I.NFO,28/04/2025,09:35:00,55445,55444.6,30,55445,30,300,2425110
BANKNIFTY-I.NFO,28/04/2025,09:35:01,55444.8,55444.8,210,55450,420,210,2425110
BANKNIFTY-I.NFO,28/04/2025,09:35:02,55444.8,55444.8,240,55447.4,30,150,2425110
BANKNIFTY-I.NFO,28/04/2025,09:35:04,55444.8,55444.8,150,55455,60,480,2425110
BANKNIFTY-I.NFO,28/04/2025,09:35:05,55454.8,55445,120,55450,30,90,2425110
BANKNIFTY-I.NFO,28/04/2025,09:35:06,55445.2,55445.2,120,55450,30,120,2425110
BANKNIFTY-I.NFO,28/04/2025,09:35:07,55447.6,55445.2,150,55455,30,120,2425110
BANKNIFTY-I.NFO,28/04/2025,09:35:09,55445.2,55445.2,120,55450,60,90,2425110
BANKNIFTY-I.NFO,28/04/2025,09:35:10,55450,55445.2,180,55450,480,120,2425110
BANKNIFTY-I.NFO,28/04/2025,09:35:11,55445.6,55445.6,60,55450,420,210,2425110
BANKNIFTY-I.NFO,28/04/2025,09:35:12,55446.4,55447.6,30,55450,390,120,2425110
BANKNIFTY-I.NFO,28/04/2025,09:35:14,55450,55447.6,120,55450,270,180,2425110
BANKNIFTY-I.NFO,28/04/2025,09:35:15,55447.8,55448.4,30,55450,240,240,2425110
BANKNIFTY-I.NFO,28/04/2025,09:35:16,55450,55449.8,90,55455,30,270,2425110
BANKNIFTY-I.NFO,28/04/2025,09:35:17,55452.4,55450,90,55455,30,30,2425110
BANKNIFTY-I.NFO,28/04/2025,09:35:18,55450,55450,60,55459.8,90,180,2425110
BANKNIFTY-I.NFO,28/04/2025,09:35:20,55450,55450,90,55459.6,30,150,2425110
BANKNIFTY-I.NFO,28/04/2025,09:35:21,55459.8,55455.2,210,55460,120,60,2425110
BANKNIFTY-I.NFO,28/04/2025,09:35:22,55460.2,55459.8,1650,55466,30,300,2425110
BANKNIFTY-I.NFO,28/04/2025,09:35:23,55468.4,55460.2,90,55468.8,90,180,2425110
BANKNIFTY-I.NFO,28/04/2025,09:35:25,55459.8,55460.2,180,55470,30,450,2425110
BANKNIFTY-I.NFO,28/04/2025,09:35:26,55460.2,55460.2,180,55468,60,150,2425110
BANKNIFTY-I.NFO,28/04/2025,09:35:27,55460.2,55460.2,180,55465,30,180,2425110
BANKNIFTY-I.NFO,28/04/2025,09:35:28,55465,55460.2,120,55468,90,1050,2425110
BANKNIFTY-I.NFO,28/04/2025,09:35:30,55460.2,55460.2,150,55464.2,60,210,2425110
BANKNIFTY-I.NFO,28/04/2025,09:35:31,55455,55445.6,30,55456.8,90,1650,2425110
BANKNIFTY-I.NFO,28/04/2025,09:35:32,55451.2,55445.6,60,55451.2,120,30,2425110
BANKNIFTY-I.NFO,28/04/2025,09:35:33,55446,55450.2,30,55460,90,150,2425110
BANKNIFTY-I.NFO,28/04/2025,09:35:35,55450.6,55450.2,30,55460.2,60,180,2425110
BANKNIFTY-I.NFO,28/04/2025,09:35:36,55460.2,55450,60,55455.2,30,30,2425110
BANKNIFTY-I.NFO,28/04/2025,09:35:37,55449,55449.2,60,55460,30,120,2425110
BANKNIFTY-I.NFO,28/04/2025,09:35:38,55460.2,55451,90,55460.2,60,210,2425110
BANKNIFTY-I.NFO,28/04/2025,09:35:40,55455.6,55451,60,55460,30,60,2425110
BANKNIFTY-I.NFO,28/04/2025,09:35:41,55460,55460,30,55460.2,60,240,2425110
BANKNIFTY-I.NFO,28/04/2025,09:35:42,55455,55455,660,55459,30,60,2425110
BANKNIFTY-I.NFO,28/04/2025,09:35:43,55455.2,55455.2,30,55459.8,150,180,2425110
BANKNIFTY-I.NFO,28/04/2025,09:35:45,55454.6,55446.2,30,55450,30,1020,2425110
BANKNIFTY-I.NFO,28/04/2025,09:35:46,55445.2,55443.8,30,55446.2,30,210,2425110
BANKNIFTY-I.NFO,28/04/2025,09:35:47,55440,55436.4,30,55438.6,90,990,2425110
BANKNIFTY-I.NFO,28/04/2025,09:35:48,55423.6,55415.8,90,55426.4,90,480,2425110
BANKNIFTY-I.NFO,28/04/2025,09:35:50,55429,55417.8,60,55430.6,60,90,2425110
BANKNIFTY-I.NFO,28/04/2025,09:35:51,55420.6,55411,60,55420.8,90,90,2425110
BANKNIFTY-I.NFO,28/04/2025,09:35:52,55411,55411,30,55421.6,90,90,2425110
BANKNIFTY-I.NFO,28/04/2025,09:35:53,55420.8,55420.8,30,55423.6,30,210,2425110
BANKNIFTY-I.NFO,28/04/2025,09:35:55,55399.8,55386.8,30,55400,2640,1590,2425110
BANKNIFTY-I.NFO,28/04/2025,09:35:56,55400,55399.8,150,55400,2430,330,2425110
BANKNIFTY-I.NFO,28/04/2025,09:35:57,55394.6,55395.6,90,55400,2850,570,2425110
BANKNIFTY-I.NFO,28/04/2025,09:35:58,55397.2,55399.2,180,55400,2610,330,2425110
BANKNIFTY-I.NFO,28/04/2025,09:36:00,55399.4,55399.2,90,55399.4,270,60,2425110
BANKNIFTY-I.NFO,28/04/2025,09:36:01,55400,55399.2,30,55399.8,30,810,2425110
BANKNIFTY-I.NFO,28/04/2025,09:36:02,55399.2,55399,30,55399.8,30,150,2425110
BANKNIFTY-I.NFO,28/04/2025,09:36:03,55399.8,55399.4,30,55400,2130,510,2425110
BANKNIFTY-I.NFO,28/04/2025,09:36:05,55400,55398.8,120,55400,1560,390,2425110
BANKNIFTY-I.NFO,28/04/2025,09:36:06,55398.8,55398.8,90,55399.4,30,150,2425110
BANKNIFTY-I.NFO,28/04/2025,09:36:07,55395.4,55390.4,30,55399.8,30,120,2425110
BANKNIFTY-I.NFO,28/04/2025,09:36:08,55399,55393.2,30,55395.4,30,60,2425110
BANKNIFTY-I.NFO,28/04/2025,09:36:10,55393.4,55394.2,30,55398.8,30,120,2425110
BANKNIFTY-I.NFO,28/04/2025,09:36:11,55393.6,55393.6,30,55399,810,240,2425110
BANKNIFTY-I.NFO,28/04/2025,09:36:12,55399,55394,30,55398.8,90,210,2425110
BANKNIFTY-I.NFO,28/04/2025,09:36:13,55398.8,55393.6,60,55399,720,240,2425110
BANKNIFTY-I.NFO,28/04/2025,09:36:15,55393,55394,30,55396.2,30,30,2425110
BANKNIFTY-I.NFO,28/04/2025,09:36:16,55396.2,55389.8,120,55393.8,30,120,2425110
BANKNIFTY-I.NFO,28/04/2025,09:36:17,55391.6,55393.6,60,55394.8,30,60,2425110
BANKNIFTY-I.NFO,28/04/2025,09:36:18,55395,55391.8,30,55393.4,30,720,2425110
BANKNIFTY-I.NFO,28/04/2025,09:36:20,55388.4,55389,30,55389.6,30,240,2425110
BANKNIFTY-I.NFO,28/04/2025,09:36:21,55390.6,55390,90,55391.8,120,270,2425110
BANKNIFTY-I.NFO,28/04/2025,09:36:22,55391.8,55390,90,55391.8,90,60,2425110
BANKNIFTY-I.NFO,28/04/2025,09:36:23,55390.2,55390,120,55391.8,180,90,2425110
BANKNIFTY-I.NFO,28/04/2025,09:36:24,55390,55390,60,55391.8,150,90,2425110
BANKNIFTY-I.NFO,28/04/2025,09:36:26,55393.6,55390,60,55393.6,30,270,2428080
BANKNIFTY-I.NFO,28/04/2025,09:36:27,55393.6,55390.2,30,55395,480,120,2428080
BANKNIFTY-I.NFO,28/04/2025,09:36:28,55391,55388.6,30,55395,300,690,2428080
BANKNIFTY-I.NFO,28/04/2025,09:36:29,55395,55391.8,90,55395,150,450,2428080
BANKNIFTY-I.NFO,28/04/2025,09:36:31,55393,55393.6,120,55395,60,150,2428080
BANKNIFTY-I.NFO,28/04/2025,09:36:32,55401.4,55401.4,60,55409.8,90,2250,2428080
BANKNIFTY-I.NFO,28/04/2025,09:36:33,55423.6,55414.6,30,55423.6,30,1410,2428080
BANKNIFTY-I.NFO,28/04/2025,09:36:34,55418.4,55418.4,60,55426.4,570,300,2428080
BANKNIFTY-I.NFO,28/04/2025,09:36:36,55418.4,55421,30,55422.4,30,90,2428080
BANKNIFTY-I.NFO,28/04/2025,09:36:37,55421,55421,30,55421.8,30,60,2428080
BANKNIFTY-I.NFO,28/04/2025,09:36:38,55422,55421.4,30,55426.4,570,150,2428080
BANKNIFTY-I.NFO,28/04/2025,09:36:39,55421.8,55421.8,150,55426.4,570,30,2428080
BANKNIFTY-I.NFO,28/04/2025,09:36:41,55424.2,55421.8,150,55426.4,570,60,2428080
BANKNIFTY-I.NFO,28/04/2025,09:36:42,55421.8,55421.8,60,55424,30,120,2428080
BANKNIFTY-I.NFO,28/04/2025,09:36:43,55426.4,55418.6,150,55426.4,540,210,2428080
BANKNIFTY-I.NFO,28/04/2025,09:36:44,55426.4,55421.6,30,55421.8,30,120,2428080
BANKNIFTY-I.NFO,28/04/2025,09:36:46,55421.6,55418.4,60,55421.8,30,150,2428080
BANKNIFTY-I.NFO,28/04/2025,09:36:47,55426.4,55422.8,30,55429,30,810,2428080
BANKNIFTY-I.NFO,28/04/2025,09:36:48,55426,55425.4,30,55429,30,60,2428080
BANKNIFTY-I.NFO,28/04/2025,09:36:49,55430.8,55425.6,150,55430.8,570,300,2428080
BANKNIFTY-I.NFO,28/04/2025,09:36:51,55428.2,55425.6,30,55426.4,30,30,2428080
BANKNIFTY-I.NFO,28/04/2025,09:36:52,55430,55424.2,30,55430.8,570,60,2428080
BANKNIFTY-I.NFO,28/04/2025,09:36:53,55430.8,55430,30,55435,210,630,2428080
BANKNIFTY-I.NFO,28/04/2025,09:36:54,55443.8,55428.2,60,55443,30,630,2428080
BANKNIFTY-I.NFO,28/04/2025,09:36:56,55430,55428.6,90,55435.6,120,210,2428080
BANKNIFTY-I.NFO,28/04/2025,09:36:57,55451.2,55431.6,120,55451.4,30,900,2428080
BANKNIFTY-I.NFO,28/04/2025,09:36:58,55460,55436,120,55459.6,60,1080,2428080
BANKNIFTY-I.NFO,28/04/2025,09:37:00,55436,55436,60,55458,60,1080,2428080
BANKNIFTY-I.NFO,28/04/2025,09:37:01,55451.2,55436.2,120,55457.2,60,1020,2428080
BANKNIFTY-I.NFO,28/04/2025,09:37:02,55432.2,55432.8,30,55436,450,570,2428080
BANKNIFTY-I.NFO,28/04/2025,09:37:03,55436,55436.2,90,55446.6,30,720,2428080
BANKNIFTY-I.NFO,28/04/2025,09:37:05,55449,55436.2,210,55458,30,60,2428080
BANKNIFTY-I.NFO,28/04/2025,09:37:06,55450,55443.6,30,55456.2,30,30,2428080
BANKNIFTY-I.NFO,28/04/2025,09:37:07,55459.6,55446.2,60,55459.2,30,330,2428080
BANKNIFTY-I.NFO,28/04/2025,09:37:08,55459.6,55448.6,30,55457.4,90,0,2428080
BANKNIFTY-I.NFO,28/04/2025,09:37:10,55448.6,55446.2,30,55456.2,90,300,2428080
BANKNIFTY-I.NFO,28/04/2025,09:37:11,55450,55446.2,30,55456.8,60,60,2428080
BANKNIFTY-I.NFO,28/04/2025,09:37:12,55456.6,55439,150,55460,240,30,2428080
BANKNIFTY-I.NFO,28/04/2025,09:37:13,55460,55442.2,120,55460,240,30,2428080
BANKNIFTY-I.NFO,28/04/2025,09:37:14,55446.2,55442.6,240,55460,270,30,2428080
BANKNIFTY-I.NFO,28/04/2025,09:37:16,55460,55445.6,60,55460,240,60,2428080
BANKNIFTY-I.NFO,28/04/2025,09:37:17,55450,55450,300,55460,270,30,2428080
BANKNIFTY-I.NFO,28/04/2025,09:37:18,55450,55450,360,55460,420,30,2428080
BANKNIFTY-I.NFO,28/04/2025,09:37:19,55450,55450,30,55454,60,720,2428080
BANKNIFTY-I.NFO,28/04/2025,09:37:21,55450,55445,150,55450,60,0,2428080
BANKNIFTY-I.NFO,28/04/2025,09:37:22,55448,55445,120,55458.2,90,690,2428080
BANKNIFTY-I.NFO,28/04/2025,09:37:23,55457.2,55445,120,55455.8,60,120,2428080
BANKNIFTY-I.NFO,28/04/2025,09:37:24,55457.2,55450,60,55457.4,30,0,2428080
BANKNIFTY-I.NFO,28/04/2025,09:37:26,55445,55450,30,55456.2,30,90,2428080
BANKNIFTY-I.NFO,28/04/2025,09:37:27,55450,55450,90,55456.2,30,30,2428080
BANKNIFTY-I.NFO,28/04/2025,09:37:28,55450,55450,120,55457.2,30,60,2428080
BANKNIFTY-I.NFO,28/04/2025,09:37:29,55450.2,55456.6,30,55460,690,270,2428080
BANKNIFTY-I.NFO,28/04/2025,09:37:31,55450.2,55456.6,60,55460,690,0,2428080
BANKNIFTY-I.NFO,28/04/2025,09:37:32,55456.6,55447.2,30,55456.6,30,210,2428080
BANKNIFTY-I.NFO,28/04/2025,09:37:33,55456.6,55447.2,60,55456.4,30,0,2428080
BANKNIFTY-I.NFO,28/04/2025,09:37:34,55456.6,55447.2,60,55456,60,30,2428080
BANKNIFTY-I.NFO,28/04/2025,09:37:36,55456.6,55450,60,55456,30,0,2428080
BANKNIFTY-I.NFO,28/04/2025,09:37:37,55450,55447.4,60,55456,30,90,2428080
BANKNIFTY-I.NFO,28/04/2025,09:37:38,55456,55450.6,90,55457,30,30,2428080
BANKNIFTY-I.NFO,28/04/2025,09:37:39,55460,55456,90,55460,690,90,2428080
BANKNIFTY-I.NFO,28/04/2025,09:37:41,55454.4,55450.2,60,55456.6,30,120,2428080
BANKNIFTY-I.NFO,28/04/2025,09:37:42,55456.6,55450.8,90,55460,660,30,2428080
BANKNIFTY-I.NFO,28/04/2025,09:37:43,55451.4,55451.6,60,55460,660,30,2428080
BANKNIFTY-I.NFO,28/04/2025,09:37:44,55465,55463.8,90,55470,1050,1020,2428080
BANKNIFTY-I.NFO,28/04/2025,09:37:46,55470,55465.8,150,55470,870,330,2428080
BANKNIFTY-I.NFO,28/04/2025,09:37:47,55470.2,55468.6,150,55472,300,900,2428080
BANKNIFTY-I.NFO,28/04/2025,09:37:48,55472,55468.6,60,55472,180,300,2428080
BANKNIFTY-I.NFO,28/04/2025,09:37:49,55468.6,55468.6,120,55470,30,60,2428080
BANKNIFTY-I.NFO,28/04/2025,09:37:51,55470,55468.6,120,55472,150,60,2428080
BANKNIFTY-I.NFO,28/04/2025,09:37:52,55470.2,55468.6,180,55470.2,30,30,2428080
BANKNIFTY-I.NFO,28/04/2025,09:37:53,55468.8,55469,60,55472,180,60,2428080
BANKNIFTY-I.NFO,28/04/2025,09:37:56,55472,55469,120,55472,150,120,2428080
BANKNIFTY-I.NFO,28/04/2025,09:37:57,55472,55469,90,55472,120,90,2428080
BANKNIFTY-I.NFO,28/04/2025,09:37:58,55469,55470,30,55474,150,240,2428080
BANKNIFTY-I.NFO,28/04/2025,09:37:59,55470,55470,30,55474,150,60,2428080
BANKNIFTY-I.NFO,28/04/2025,09:38:01,55470,55464.4,60,55469,90,0,2428080
BANKNIFTY-I.NFO,28/04/2025,09:38:02,55464.4,55464.4,30,55471,90,180,2428080
BANKNIFTY-I.NFO,28/04/2025,09:38:03,55459.6,55459.6,30,55468.6,90,120,2428080
BANKNIFTY-I.NFO,28/04/2025,09:38:04,55468.6,55461.6,150,55472,30,30,2428080
BANKNIFTY-I.NFO,28/04/2025,09:38:06,55474,55463.8,150,55475,390,210,2428080
BANKNIFTY-I.NFO,28/04/2025,09:38:07,55485,55485,300,55487.6,30,2310,2428080
BANKNIFTY-I.NFO,28/04/2025,09:38:07,55486.4,55485,300,55487.6,30,0,2428080
BANKNIFTY-I.NFO,28/04/2025,09:38:08,55486.4,55485,210,55487.6,30,390,2428080
BANKNIFTY-I.NFO,28/04/2025,09:38:09,55486.4,55485,150,55487.6,30,90,2428080
BANKNIFTY-I.NFO,28/04/2025,09:38:11,55488,55488,1080,55488.4,30,270,2428080
BANKNIFTY-I.NFO,28/04/2025,09:38:11,55488,55488,1080,55488.4,30,0,2428080
BANKNIFTY-I.NFO,28/04/2025,09:38:12,55490,55488.2,30,55489,300,180,2428080
BANKNIFTY-I.NFO,28/04/2025,09:38:12,55490,55488.2,30,55489,300,0,2428080
BANKNIFTY-I.NFO,28/04/2025,09:38:13,55489,55488.4,60,55489,240,90,2428080
BANKNIFTY-I.NFO,28/04/2025,09:38:14,55489,55488.4,180,55489,60,180,2428080
BANKNIFTY-I.NFO,28/04/2025,09:38:16,55489,55488.6,60,55489.2,3420,120,2428080
BANKNIFTY-I.NFO,28/04/2025,09:38:17,55488.6,55488.6,30,55489.4,3420,1920,2428080
BANKNIFTY-I.NFO,28/04/2025,09:38:18,55488.6,55485,120,55489,210,240,2428080
BANKNIFTY-I.NFO,28/04/2025,09:38:19,55489,55485,30,55489.2,3420,300,2428080
BANKNIFTY-I.NFO,28/04/2025,09:38:21,55484.4,55474.4,60,55485,120,240,2428080
BANKNIFTY-I.NFO,28/04/2025,09:38:22,55474.8,55474.6,30,55485,120,60,2428080
BANKNIFTY-I.NFO,28/04/2025,09:38:23,55474.6,55474,30,55474.4,30,90,2428080
BANKNIFTY-I.NFO,28/04/2025,09:38:24,55474.4,55474.4,270,55480,300,60,2428080
BANKNIFTY-I.NFO,28/04/2025,09:38:26,55474.4,55474.4,270,55479.8,30,0,2428080
BANKNIFTY-I.NFO,28/04/2025,09:38:27,55474.4,55474.4,120,55480,210,360,2428080
BANKNIFTY-I.NFO,28/04/2025,09:38:28,55480,55474.4,90,55480,180,180,2428080
BANKNIFTY-I.NFO,28/04/2025,09:38:29,55474.4,55474.6,30,55477.2,30,90,2428080
BANKNIFTY-I.NFO,28/04/2025,09:38:31,55474.6,55474.6,60,55479,30,120,2428080
BANKNIFTY-I.NFO,28/04/2025,09:38:32,55476.8,55472,30,55476.8,30,90,2428080
BANKNIFTY-I.NFO,28/04/2025,09:38:33,55476.8,55472,60,55474.4,60,0,2428080
BANKNIFTY-I.NFO,28/04/2025,09:38:34,55472,55470,30,55474.4,30,60,2428080
BANKNIFTY-I.NFO,28/04/2025,09:38:36,55470,55463,240,55470,30,630,2428080
BANKNIFTY-I.NFO,28/04/2025,09:38:37,55470,55460,60,55472,600,120,2428080
BANKNIFTY-I.NFO,28/04/2025,09:38:38,55460,55460,60,55470,390,30,2428080
BANKNIFTY-I.NFO,28/04/2025,09:38:39,55453,55450.6,90,55461.6,90,600,2428080
BANKNIFTY-I.NFO,28/04/2025,09:38:40,55456.2,55450.6,120,55456.2,30,30,2428080
BANKNIFTY-I.NFO,28/04/2025,09:38:42,55452.4,55452.8,60,55461.6,90,90,2428080
BANKNIFTY-I.NFO,28/04/2025,09:38:43,55452.4,55452.8,30,55461.6,90,0,2428080
BANKNIFTY-I.NFO,28/04/2025,09:38:44,55461.6,55457.4,30,55465.8,3420,30,2428080
BANKNIFTY-I.NFO,28/04/2025,09:38:45,55461.6,55457.4,60,55467,120,0,2428080
BANKNIFTY-I.NFO,28/04/2025,09:38:47,55452.8,55450.4,120,55452.8,60,150,2428080
BANKNIFTY-I.NFO,28/04/2025,09:38:48,55450.6,55458.2,120,55467.4,3420,300,2428080
BANKNIFTY-I.NFO,28/04/2025,09:38:49,55462.8,55458.2,180,55470,390,30,2428080
BANKNIFTY-I.NFO,28/04/2025,09:38:50,55464.2,55458.2,210,55465,60,30,2428080
BANKNIFTY-I.NFO,28/04/2025,09:38:52,55463.4,55458.2,150,55463.4,30,360,2428080
BANKNIFTY-I.NFO,28/04/2025,09:38:53,55463.4,55458.2,150,55460.8,30,0,2428080
BANKNIFTY-I.NFO,28/04/2025,09:38:54,55457.6,55452.4,300,55454.6,210,300,2428080
BANKNIFTY-I.NFO,28/04/2025,09:38:55,55452.4,55452.4,150,55453.6,60,210,2428080
BANKNIFTY-I.NFO,28/04/2025,09:38:57,55452.4,55450.2,60,55452.2,30,150,2428080
BANKNIFTY-I.NFO,28/04/2025,09:38:58,55449.6,55437.2,30,55449,30,390,2428080
BANKNIFTY-I.NFO,28/04/2025,09:38:59,55437.2,55436,990,55443.2,30,60,2428080
BANKNIFTY-I.NFO,28/04/2025,09:39:00,55436,55436,990,55439.6,30,60,2428080
BANKNIFTY-I.NFO,28/04/2025,09:39:02,55436.8,55436,960,55440,30,60,2428080
BANKNIFTY-I.NFO,28/04/2025,09:39:03,55436.8,55437.2,30,55440,30,0,2428080
BANKNIFTY-I.NFO,28/04/2025,09:39:04,55437.2,55436,810,55451,90,360,2428080
BANKNIFTY-I.NFO,28/04/2025,09:39:06,55437.4,55438,30,55456.2,120,1560,2428080
BANKNIFTY-I.NFO,28/04/2025,09:39:07,55437.8,55437.8,30,55447.2,120,60,2428080
BANKNIFTY-I.NFO,28/04/2025,09:39:08,55437.6,55436,720,55437.6,30,450,2428080
BANKNIFTY-I.NFO,28/04/2025,09:39:09,55436.8,55436.2,30,55437.6,30,30,2428080
BANKNIFTY-I.NFO,28/04/2025,09:39:11,55436,55436,540,55437.8,300,300,2428080
BANKNIFTY-I.NFO,28/04/2025,09:39:12,55436,55437,60,55437.8,300,240,2428080
BANKNIFTY-I.NFO,28/04/2025,09:39:13,55436,55437.4,150,55437.8,240,390,2428080
BANKNIFTY-I.NFO,28/04/2025,09:39:14,55440,55440,60,55446.8,90,390,2428080
BANKNIFTY-I.NFO,28/04/2025,09:39:16,55446.6,55443,30,55446.8,90,180,2428080
BANKNIFTY-I.NFO,28/04/2025,09:39:17,55441,55440.8,120,55446.8,90,180,2428080
BANKNIFTY-I.NFO,28/04/2025,09:39:18,55440.8,55439.6,30,55446.8,90,30,2428080
BANKNIFTY-I.NFO,28/04/2025,09:39:19,55437.4,55436,60,55444,30,120,2428080
