Ticker,Date,Time,LTP,BuyPrice,BuyQty,SellPrice,SellQty,LTQ,OpenInterest
NIFTY-I.NFO,28/04/2025,09:15:00,24200.2,24143,150,24154,5325,12900,0
NIFTY-I.NFO,28/04/2025,09:15:00,24200.2,24143,150,24154,5325,0,0
NIFTY-I.NFO,28/04/2025,09:15:00,24225,24143,150,24154,5325,0,0
NIFTY-I.NFO,28/04/2025,09:15:00,24140,24143,150,24154,5325,0,0
NIFTY-I.NFO,28/04/2025,09:15:01,24181.6,24181.6,1575,24189.3,75,31200,11736900
NIFTY-I.NFO,28/04/2025,09:15:03,24176.9,24166.8,150,24174.5,75,14850,11736900
NIFTY-I.NFO,28/04/2025,09:15:04,24188.4,24176.1,450,24188.5,375,7575,11736900
NIFTY-I.NFO,28/04/2025,09:15:06,24179.6,24178.5,150,24179.6,150,2400,11736900
NIFTY-I.NFO,28/04/2025,09:15:08,24173.9,24173.6,150,24181.4,75,10050,11736900
NIFTY-I.NFO,28/04/2025,09:15:09,24185.5,24176.4,150,24185.5,75,9075,11736900
NIFTY-I.NFO,28/04/2025,09:15:11,24186.2,24185.3,75,24186.3,375,3750,11736900
NIFTY-I.NFO,28/04/2025,09:15:12,24184.6,24184.6,150,24190,900,1875,11736900
NIFTY-I.NFO,28/04/2025,09:15:14,24188.9,24181.5,150,24189.5,525,3225,11736900
NIFTY-I.NFO,28/04/2025,09:15:16,24199,24197.1,150,24199,75,3750,11736900
NIFTY-I.NFO,28/04/2025,09:15:17,24201,24201,75,24205,1425,7950,11736900
NIFTY-I.NFO,28/04/2025,09:15:19,24210,24208.4,675,24210,75,8775,11784675
NIFTY-I.NFO,28/04/2025,09:15:21,24223.3,24215.5,150,24223.3,75,3900,11784675
NIFTY-I.NFO,28/04/2025,09:15:22,24219.3,24220.1,75,24224.9,150,5550,11784675
NIFTY-I.NFO,28/04/2025,09:15:24,24225,24220.8,75,24226.3,300,2400,11784675
NIFTY-I.NFO,28/04/2025,09:15:24,24228,24220.8,75,24226.3,300,0,11784675
NIFTY-I.NFO,28/04/2025,09:15:26,24230.3,24227.9,75,24233.2,450,8100,11784675
NIFTY-I.NFO,28/04/2025,09:15:26,24233.9,24227.9,75,24233.2,450,0,11784675
NIFTY-I.NFO,28/04/2025,09:15:27,24226,24226,1425,24229.9,375,3525,11784675
NIFTY-I.NFO,28/04/2025,09:15:29,24231.9,24226,150,24231.9,300,3075,11784675
NIFTY-I.NFO,28/04/2025,09:15:30,24230.3,24233,75,24235.8,300,6150,11784675
NIFTY-I.NFO,28/04/2025,09:15:30,24236.1,24233,75,24235.8,300,0,11784675
NIFTY-I.NFO,28/04/2025,09:15:32,24225.1,24226.1,225,24233,75,4275,11784675
NIFTY-I.NFO,28/04/2025,09:15:32,24236.4,24226.1,225,24233,75,0,11784675
NIFTY-I.NFO,28/04/2025,09:15:33,24222.9,24225.2,75,24231.7,300,5775,11784675
NIFTY-I.NFO,28/04/2025,09:15:35,24223.9,24223.2,150,24230.8,225,6900,11784675
NIFTY-I.NFO,28/04/2025,09:15:37,24231.4,24231.4,1425,24234.9,75,1275,11784675
NIFTY-I.NFO,28/04/2025,09:15:38,24230,24230.1,150,24231.9,75,5325,11784675
NIFTY-I.NFO,28/04/2025,09:15:38,24238,24230.1,150,24231.9,75,0,11784675
NIFTY-I.NFO,28/04/2025,09:15:40,24228,24229,225,24233.7,75,2175,11784675
NIFTY-I.NFO,28/04/2025,09:15:42,24226.6,24226.7,150,24230,150,3075,11784675
NIFTY-I.NFO,28/04/2025,09:15:43,24232,24231.6,150,24235.7,150,4425,11784675
NIFTY-I.NFO,28/04/2025,09:15:45,24228.9,24228.9,1650,24232.3,75,3975,11784675
NIFTY-I.NFO,28/04/2025,09:15:45,24239,24228.9,1650,24232.3,75,0,11784675
NIFTY-I.NFO,28/04/2025,09:15:47,24227.3,24222.7,75,24227.2,75,2850,11784675
NIFTY-I.NFO,28/04/2025,09:15:48,24223.4,24218.7,75,24223.2,150,1425,11784675
NIFTY-I.NFO,28/04/2025,09:15:50,24227.3,24223.9,75,24227.1,150,2400,11784675
NIFTY-I.NFO,28/04/2025,09:15:52,24228,24228,75,24232,150,3450,11784675
NIFTY-I.NFO,28/04/2025,09:15:53,24230,24230.1,150,24231.3,75,975,11784675
NIFTY-I.NFO,28/04/2025,09:15:55,24230.1,24229.1,75,24235,375,3600,11784675
NIFTY-I.NFO,28/04/2025,09:15:57,24232.2,24227.5,1575,24228.6,75,975,11784675
NIFTY-I.NFO,28/04/2025,09:15:58,24230,24227.5,1125,24230,9675,3600,11784675
NIFTY-I.NFO,28/04/2025,09:16:00,24230.8,24231.1,375,24233.9,150,13500,11784675
NIFTY-I.NFO,28/04/2025,09:16:02,24221,24215.6,75,24221.4,225,3900,11784675
NIFTY-I.NFO,28/04/2025,09:16:03,24221,24221,1125,24224.3,225,1650,11784675
NIFTY-I.NFO,28/04/2025,09:16:05,24225,24225.1,75,24229.1,75,4425,11784675
NIFTY-I.NFO,28/04/2025,09:16:07,24224.3,24224,300,24229.8,75,4275,11784675
NIFTY-I.NFO,28/04/2025,09:16:09,24227.9,24226.9,75,24229.8,150,1725,11784675
NIFTY-I.NFO,28/04/2025,09:16:10,24231.2,24232.1,225,24234.7,600,6825,11784675
NIFTY-I.NFO,28/04/2025,09:16:12,24232.2,24230.3,375,24234.8,75,2550,11784675
NIFTY-I.NFO,28/04/2025,09:16:14,24234.6,24230.4,300,24235.1,225,1725,11784675
NIFTY-I.NFO,28/04/2025,09:16:15,24230.4,24226,75,24231.4,75,2850,11784675
NIFTY-I.NFO,28/04/2025,09:16:17,24226,24225,1650,24226.6,75,2100,11784675
NIFTY-I.NFO,28/04/2025,09:16:19,24221.8,24221.8,300,24226.5,150,5400,11784675
NIFTY-I.NFO,28/04/2025,09:16:20,24221.8,24221.8,225,24224.6,75,1800,11784675
NIFTY-I.NFO,28/04/2025,09:16:22,24221.6,24216.9,450,24222.4,150,3150,11784675
NIFTY-I.NFO,28/04/2025,09:16:24,24221.6,24215.8,75,24221,75,1275,11784675
NIFTY-I.NFO,28/04/2025,09:16:25,24220.8,24216,600,24221,150,975,11784675
NIFTY-I.NFO,28/04/2025,09:16:27,24216.9,24215.7,75,24219.3,150,11175,11784675
NIFTY-I.NFO,28/04/2025,09:16:29,24216,24215.8,300,24218.2,75,1575,11784675
NIFTY-I.NFO,28/04/2025,09:16:30,24216,24215.9,75,24217.9,300,825,11784675
NIFTY-I.NFO,28/04/2025,09:16:32,24215.9,24215.9,75,24217.3,75,2175,11784675
NIFTY-I.NFO,28/04/2025,09:16:34,24219,24218.9,225,24219,600,2775,11784675
NIFTY-I.NFO,28/04/2025,09:16:35,24215.6,24213.6,75,24217.1,150,2775,11784675
NIFTY-I.NFO,28/04/2025,09:16:37,24218.6,24212,225,24218,300,675,11784675
NIFTY-I.NFO,28/04/2025,09:16:39,24213,24210.2,975,24215.4,150,1500,11784675
NIFTY-I.NFO,28/04/2025,09:16:40,24210.2,24210.2,150,24213.1,375,675,11784675
NIFTY-I.NFO,28/04/2025,09:16:42,24214.6,24210.4,225,24212,75,975,11784675
NIFTY-I.NFO,28/04/2025,09:16:44,24217.7,24216,225,24218,75,3600,11784675
NIFTY-I.NFO,28/04/2025,09:16:45,24219,24216.4,75,24220,675,1725,11784675
NIFTY-I.NFO,28/04/2025,09:16:47,24218,24220,150,24221.8,75,2100,11784675
NIFTY-I.NFO,28/04/2025,09:16:49,24224,24223,150,24224,600,3600,11784675
NIFTY-I.NFO,28/04/2025,09:16:50,24221.8,24221.8,675,24224.5,1050,2550,11784675
NIFTY-I.NFO,28/04/2025,09:16:52,24223.2,24222.3,150,24226,75,5925,11784675
NIFTY-I.NFO,28/04/2025,09:16:54,24230,24225.8,300,24230,600,2175,11784675
NIFTY-I.NFO,28/04/2025,09:16:55,24230.4,24229,150,24230.4,450,2475,11784675
NIFTY-I.NFO,28/04/2025,09:16:57,24238,24236.5,300,24238.7,75,6675,11784675
NIFTY-I.NFO,28/04/2025,09:16:59,24240,24234.2,300,24240,300,5100,11784675
NIFTY-I.NFO,28/04/2025,09:16:59,24240,24234.2,300,24240,300,0,11784675
NIFTY-I.NFO,28/04/2025,09:17:00,24240,24234.7,375,24241,1500,1050,11784675
NIFTY-I.NFO,28/04/2025,09:17:02,24243,24242.2,300,24244,75,3300,11784675
NIFTY-I.NFO,28/04/2025,09:17:02,24243,24242.2,300,24244,75,0,11784675
NIFTY-I.NFO,28/04/2025,09:17:04,24239.6,24235.4,375,24239.6,300,2400,11784675
NIFTY-I.NFO,28/04/2025,09:17:04,24244.2,24235.4,375,24239.6,300,0,11784675
NIFTY-I.NFO,28/04/2025,09:17:05,24244.1,24241.8,150,24244.1,75,1950,11784675
NIFTY-I.NFO,28/04/2025,09:17:07,24241.1,24241.2,300,24242.1,75,3375,11784675
NIFTY-I.NFO,28/04/2025,09:17:09,24240,24236.9,75,24240.9,300,3225,11784675
NIFTY-I.NFO,28/04/2025,09:17:10,24232.3,24232.3,75,24239,375,975,11784675
NIFTY-I.NFO,28/04/2025,09:17:12,24237.9,24232.3,300,24238.3,300,1050,11784675
NIFTY-I.NFO,28/04/2025,09:17:13,24232.3,24234.6,750,24236.9,75,675,11784675
NIFTY-I.NFO,28/04/2025,09:17:15,24238.8,24232.5,300,24239.9,450,12675,11784675
NIFTY-I.NFO,28/04/2025,09:17:17,24232.5,24232.5,300,24237.9,225,2025,11784675
NIFTY-I.NFO,28/04/2025,09:17:18,24234.1,24234.1,300,24237.9,75,1200,11784675
NIFTY-I.NFO,28/04/2025,09:17:20,24239.5,24234.2,300,24239.9,300,2025,11784675
NIFTY-I.NFO,28/04/2025,09:17:22,24234.2,24234.2,825,24236,75,1275,11784675
NIFTY-I.NFO,28/04/2025,09:17:23,24239,24238.5,75,24239,75,6900,11784675
NIFTY-I.NFO,28/04/2025,09:17:25,24239,24238.5,75,24239,225,2400,11784675
NIFTY-I.NFO,28/04/2025,09:17:27,24238.6,24238.6,150,24240,75,1500,11784675
NIFTY-I.NFO,28/04/2025,09:17:28,24238.7,24238.7,225,24242,75,2100,11784675
NIFTY-I.NFO,28/04/2025,09:17:30,24242.1,24242.1,75,24246,150,5025,11784675
NIFTY-I.NFO,28/04/2025,09:17:30,24245.7,24242.1,75,24246,150,0,11784675
NIFTY-I.NFO,28/04/2025,09:17:32,24248.2,24242,525,24248,150,5850,11784675
NIFTY-I.NFO,28/04/2025,09:17:32,24248.2,24242,525,24248,150,0,11784675
NIFTY-I.NFO,28/04/2025,09:17:33,24248.4,24242.8,225,24248.5,300,900,11784675
NIFTY-I.NFO,28/04/2025,09:17:33,24248.4,24242.8,225,24248.5,300,0,11784675
NIFTY-I.NFO,28/04/2025,09:17:35,24250,24248,1275,24250,12225,6900,11784675
NIFTY-I.NFO,28/04/2025,09:17:35,24250,24248,1275,24250,12225,0,11784675
NIFTY-I.NFO,28/04/2025,09:17:37,24254,24251.1,300,24254.4,75,15300,11784675
NIFTY-I.NFO,28/04/2025,09:17:37,24254,24251.1,300,24254.4,75,0,11784675
NIFTY-I.NFO,28/04/2025,09:17:38,24254.6,24254.6,75,24259,1200,5625,11784675
NIFTY-I.NFO,28/04/2025,09:17:38,24259,24254.6,75,24259,1200,0,11784675
NIFTY-I.NFO,28/04/2025,09:17:40,24257.1,24250,450,24256.5,1275,9150,11784675
NIFTY-I.NFO,28/04/2025,09:17:42,24256.9,24253.3,225,24254.6,75,975,11784675
NIFTY-I.NFO,28/04/2025,09:17:43,24258,24256.8,75,24258,75,1800,11784675
NIFTY-I.NFO,28/04/2025,09:17:43,24260,24256.8,75,24258,75,0,11784675
NIFTY-I.NFO,28/04/2025,09:17:45,24260,24254.6,75,24259.8,150,2100,11784675
NIFTY-I.NFO,28/04/2025,09:17:47,24261,24261.1,450,24263.6,75,2775,11784675
NIFTY-I.NFO,28/04/2025,09:17:47,24261,24261.1,450,24263.6,75,0,11784675
NIFTY-I.NFO,28/04/2025,09:17:48,24264,24262.2,75,24264,2025,1050,11784675
NIFTY-I.NFO,28/04/2025,09:17:48,24264,24262.2,75,24264,2025,0,11784675
NIFTY-I.NFO,28/04/2025,09:17:50,24253.4,24253.4,450,24259.3,75,3975,11784675
NIFTY-I.NFO,28/04/2025,09:17:52,24260,24254,75,24260,150,3300,11784675
NIFTY-I.NFO,28/04/2025,09:17:53,24256,24254.4,75,24260.8,300,2100,11784675
NIFTY-I.NFO,28/04/2025,09:17:55,24260,24256.5,75,24260,375,1650,11784675
NIFTY-I.NFO,28/04/2025,09:17:57,24254.5,24253.4,225,24256.5,525,3300,11784675
NIFTY-I.NFO,28/04/2025,09:17:58,24253.4,24253.4,75,24255.8,75,1275,11784675
NIFTY-I.NFO,28/04/2025,09:18:00,24260,24259.8,75,24260,1875,2925,11784675
NIFTY-I.NFO,28/04/2025,09:18:02,24263.7,24262.2,825,24263.7,75,6300,11784675
NIFTY-I.NFO,28/04/2025,09:18:03,24260,24254.5,75,24261,375,1875,11784675
NIFTY-I.NFO,28/04/2025,09:18:05,24258.5,24257.5,75,24257.9,300,825,11784675
NIFTY-I.NFO,28/04/2025,09:18:07,24254.6,24254.6,225,24256.9,375,600,11784675
NIFTY-I.NFO,28/04/2025,09:18:08,24254.6,24254.6,450,24255.8,225,2175,11784675
NIFTY-I.NFO,28/04/2025,09:18:10,24253.6,24250,375,24253.1,375,2925,11784675
NIFTY-I.NFO,28/04/2025,09:18:12,24251,24249.5,75,24254.7,75,600,11784675
NIFTY-I.NFO,28/04/2025,09:18:13,24248,24248,1200,24251.3,225,600,11784675
NIFTY-I.NFO,28/04/2025,09:18:15,24244.9,24242.8,375,24249.6,675,10800,11784675
NIFTY-I.NFO,28/04/2025,09:18:17,24243.2,24242,450,24245.6,75,750,11784675
NIFTY-I.NFO,28/04/2025,09:18:19,24241.5,24241.7,75,24248,75,975,11905125
NIFTY-I.NFO,28/04/2025,09:18:20,24245.2,24241.7,225,24245.3,375,750,11905125
NIFTY-I.NFO,28/04/2025,09:18:22,24247.6,24241.7,1575,24243.2,150,600,11905125
NIFTY-I.NFO,28/04/2025,09:18:24,24244.9,24242,75,24245,150,750,11905125
NIFTY-I.NFO,28/04/2025,09:18:25,24247.4,24242.2,75,24247.8,150,1575,11905125
NIFTY-I.NFO,28/04/2025,09:18:27,24242.1,24240,375,24244.2,375,600,11905125
NIFTY-I.NFO,28/04/2025,09:18:29,24240.2,24240.3,825,24247,75,6675,11905125
NIFTY-I.NFO,28/04/2025,09:18:30,24250,24246.2,975,24249.3,375,1950,11905125
NIFTY-I.NFO,28/04/2025,09:18:32,24248,24246.4,75,24250,2175,525,11905125
NIFTY-I.NFO,28/04/2025,09:18:34,24250,24247.5,75,24250,2100,2100,11905125
NIFTY-I.NFO,28/04/2025,09:18:35,24250,24250.1,150,24251,150,3000,11905125
NIFTY-I.NFO,28/04/2025,09:18:37,24250.7,24248,150,24250,75,2175,11905125
NIFTY-I.NFO,28/04/2025,09:18:39,24247.6,24246,75,24247.4,375,2550,11905125
NIFTY-I.NFO,28/04/2025,09:18:40,24245,24243.1,750,24246.5,75,3375,11905125
NIFTY-I.NFO,28/04/2025,09:18:42,24243.1,24243.1,1125,24248.1,75,150,11905125
NIFTY-I.NFO,28/04/2025,09:18:44,24243.3,24243.2,600,24247.5,75,300,11905125
NIFTY-I.NFO,28/04/2025,09:18:45,24246,24246,675,24247.5,75,225,11905125
NIFTY-I.NFO,28/04/2025,09:18:47,24246.1,24246.1,75,24248,150,600,11905125
NIFTY-I.NFO,28/04/2025,09:18:49,24246.1,24246.1,225,24246.8,375,225,11905125
NIFTY-I.NFO,28/04/2025,09:18:50,24246.1,24246.1,1275,24249,150,10800,11905125
NIFTY-I.NFO,28/04/2025,09:18:52,24246.3,24240,1050,24246.3,375,975,11905125
NIFTY-I.NFO,28/04/2025,09:18:54,24240,24240,150,24244.8,375,1500,11905125
NIFTY-I.NFO,28/04/2025,09:18:55,24243.3,24239,75,24244.2,300,975,11905125
NIFTY-I.NFO,28/04/2025,09:18:57,24238.8,24239.8,1125,24244.7,75,600,11905125
NIFTY-I.NFO,28/04/2025,09:18:59,24243.9,24238.5,75,24244,150,1050,11905125
NIFTY-I.NFO,28/04/2025,09:19:00,24232.7,24232.2,150,24237.7,375,1050,11905125
NIFTY-I.NFO,28/04/2025,09:19:02,24238,24232.6,75,24238.1,750,1200,11905125
NIFTY-I.NFO,28/04/2025,09:19:04,24232,24230.4,150,24232.2,375,2400,11905125
NIFTY-I.NFO,28/04/2025,09:19:05,24229.8,24228.9,75,24235.1,75,1575,11905125
NIFTY-I.NFO,28/04/2025,09:19:07,24232.6,24232.7,75,24235.9,75,1800,11905125
NIFTY-I.NFO,28/04/2025,09:19:09,24235.9,24233.6,75,24238,150,450,11905125
NIFTY-I.NFO,28/04/2025,09:19:10,24238.2,24232.7,675,24238.9,375,5325,11905125
NIFTY-I.NFO,28/04/2025,09:19:12,24238,24238,150,24239.8,900,750,11905125
NIFTY-I.NFO,28/04/2025,09:19:14,24239.8,24237.8,750,24239.8,300,2475,11905125
NIFTY-I.NFO,28/04/2025,09:19:15,24238.2,24237.4,75,24242.9,225,1425,11905125
NIFTY-I.NFO,28/04/2025,09:19:17,24239,24239.5,150,24243.6,750,300,11905125
NIFTY-I.NFO,28/04/2025,09:19:19,24240.2,24240.7,150,24243.6,150,2100,11905125
NIFTY-I.NFO,28/04/2025,09:19:20,24245,24244.9,150,24245,225,2325,11905125
NIFTY-I.NFO,28/04/2025,09:19:22,24243.6,24244.9,225,24245,150,525,11905125
NIFTY-I.NFO,28/04/2025,09:19:24,24244.9,24244.9,600,24245,75,375,11905125
NIFTY-I.NFO,28/04/2025,09:19:25,24244.9,24244.9,375,24245,750,750,11905125
NIFTY-I.NFO,28/04/2025,09:19:27,24245,24243.3,1350,24244.6,375,1800,11905125
NIFTY-I.NFO,28/04/2025,09:19:29,24239.5,24236,150,24239.1,150,3225,11905125
NIFTY-I.NFO,28/04/2025,09:19:30,24239.8,24236,375,24239.8,675,75,11905125
NIFTY-I.NFO,28/04/2025,09:19:32,24235,24235,75,24239.5,375,675,11905125
NIFTY-I.NFO,28/04/2025,09:19:34,24235,24235,75,24239,375,975,11905125
NIFTY-I.NFO,28/04/2025,09:19:35,24235,24234.6,675,24239,75,150,11905125
NIFTY-I.NFO,28/04/2025,09:19:37,24233.8,24235.2,675,24239.6,150,825,11905125
NIFTY-I.NFO,28/04/2025,09:19:39,24239.8,24237.7,150,24239.8,825,525,11905125
NIFTY-I.NFO,28/04/2025,09:19:40,24240.8,24240.4,975,24242,75,1125,11905125
NIFTY-I.NFO,28/04/2025,09:19:42,24245,24244.3,150,24245,2550,1800,11905125
NIFTY-I.NFO,28/04/2025,09:19:44,24245,24244.3,300,24245,2100,675,11905125
NIFTY-I.NFO,28/04/2025,09:19:45,24242.2,24239,75,24242.2,975,900,11905125
NIFTY-I.NFO,28/04/2025,09:19:47,24242.2,24240,225,24240.7,150,900,11905125
NIFTY-I.NFO,28/04/2025,09:19:49,24240.7,24240.7,75,24245,3300,1425,11905125
NIFTY-I.NFO,28/04/2025,09:19:50,24240.7,24240.7,300,24242.8,1125,150,11905125
NIFTY-I.NFO,28/04/2025,09:19:52,24240,24238.1,75,24240,375,2025,11905125
NIFTY-I.NFO,28/04/2025,09:19:54,24245,24239.9,150,24245,3900,2775,11905125
NIFTY-I.NFO,28/04/2025,09:19:55,24245,24243,300,24245,3525,1800,11905125
NIFTY-I.NFO,28/04/2025,09:19:57,24242.3,24243,150,24244,75,1275,11905125
NIFTY-I.NFO,28/04/2025,09:19:59,24243.3,24243.8,450,24245,3075,1650,11905125
NIFTY-I.NFO,28/04/2025,09:20:00,24245.8,24245.8,225,24248.7,150,10875,11905125
NIFTY-I.NFO,28/04/2025,09:20:02,24246,24247,750,24250,1875,12075,11905125
NIFTY-I.NFO,28/04/2025,09:20:04,24247,24245,150,24248.5,900,1275,11905125
NIFTY-I.NFO,28/04/2025,09:20:05,24245.9,24245,150,24247.1,975,1050,11905125
NIFTY-I.NFO,28/04/2025,09:20:07,24245.8,24244,75,24245.8,375,975,11905125
NIFTY-I.NFO,28/04/2025,09:20:09,24246.9,24244,225,24247.1,225,750,11905125
NIFTY-I.NFO,28/04/2025,09:20:10,24244,24245.5,375,24245.9,1050,6000,11905125
NIFTY-I.NFO,28/04/2025,09:20:12,24245.9,24245.6,375,24245.9,600,525,11905125
NIFTY-I.NFO,28/04/2025,09:20:14,24246.9,24246.5,675,24247.8,75,1650,11905125
NIFTY-I.NFO,28/04/2025,09:20:15,24246.6,24246.8,75,24247.6,900,675,11905125
NIFTY-I.NFO,28/04/2025,09:20:17,24250,24248.5,150,24250,1950,2550,11905125
NIFTY-I.NFO,28/04/2025,09:20:19,24253.4,24251,150,24253.2,300,3750,11905125
NIFTY-I.NFO,28/04/2025,09:20:20,24253.5,24252.9,150,24253.5,1050,525,11905125
NIFTY-I.NFO,28/04/2025,09:20:22,24255,24254.5,225,24255,825,1725,11905125
NIFTY-I.NFO,28/04/2025,09:20:23,24255,24254.5,75,24255,300,675,11905125
NIFTY-I.NFO,28/04/2025,09:20:25,24254.7,24254.6,300,24254.7,900,1050,11905125
NIFTY-I.NFO,28/04/2025,09:20:27,24252.8,24250.3,150,24254.6,150,3450,11905125
NIFTY-I.NFO,28/04/2025,09:20:29,24252.8,24250.5,600,24254.5,75,0,11905125
NIFTY-I.NFO,28/04/2025,09:20:30,24252.3,24251.1,150,24253,150,675,11905125
NIFTY-I.NFO,28/04/2025,09:20:32,24250.6,24250.2,375,24252.3,825,300,11905125
NIFTY-I.NFO,28/04/2025,09:20:34,24253.3,24250,75,24253.3,450,5325,11905125
NIFTY-I.NFO,28/04/2025,09:20:35,24248.9,24248.8,150,24248.9,225,1725,11905125
NIFTY-I.NFO,28/04/2025,09:20:37,24250.1,24250.1,450,24251,75,1200,11905125
NIFTY-I.NFO,28/04/2025,09:20:39,24245,24240.7,75,24244,75,1050,11905125
NIFTY-I.NFO,28/04/2025,09:20:40,24240.4,24240,675,24240.7,75,1125,11905125
NIFTY-I.NFO,28/04/2025,09:20:42,24240,24240,150,24242.1,675,600,11905125
NIFTY-I.NFO,28/04/2025,09:20:44,24240,24239.2,75,24242.1,375,675,11905125
NIFTY-I.NFO,28/04/2025,09:20:45,24240,24239.2,300,24240,225,150,11905125
NIFTY-I.NFO,28/04/2025,09:20:47,24235,24233.4,75,24235.3,375,600,11905125
NIFTY-I.NFO,28/04/2025,09:20:49,24230.4,24230,450,24231.8,225,675,11905125
NIFTY-I.NFO,28/04/2025,09:20:50,24225,24223.7,75,24225,1050,5100,11905125
NIFTY-I.NFO,28/04/2025,09:20:52,24224.9,24222.6,75,24225,975,750,11905125
NIFTY-I.NFO,28/04/2025,09:20:54,24222.4,24220,1650,24223.6,375,1275,11905125
NIFTY-I.NFO,28/04/2025,09:20:55,24220,24216,75,24219.9,375,3450,11905125
NIFTY-I.NFO,28/04/2025,09:20:57,24220,24216.8,75,24221.1,75,1500,11905125
NIFTY-I.NFO,28/04/2025,09:20:59,24216.8,24216.8,525,24219.7,75,750,11905125
NIFTY-I.NFO,28/04/2025,09:21:00,24219.9,24219.8,150,24220,300,4725,11905125
NIFTY-I.NFO,28/04/2025,09:21:02,24220,24221,525,24222.4,75,825,11905125
NIFTY-I.NFO,28/04/2025,09:21:04,24230.2,24227.4,225,24230.4,150,1500,11905125
NIFTY-I.NFO,28/04/2025,09:21:05,24228.9,24227.4,450,24228.1,1050,375,11905125
NIFTY-I.NFO,28/04/2025,09:21:07,24228.1,24227.4,675,24228.1,150,1200,11905125
NIFTY-I.NFO,28/04/2025,09:21:09,24226.7,24221.2,450,24225.7,225,1725,11905125
NIFTY-I.NFO,28/04/2025,09:21:10,24220,24221.5,675,24223.8,1125,750,11905125
NIFTY-I.NFO,28/04/2025,09:21:12,24223.8,24223.2,375,24223.7,75,1050,11905125
NIFTY-I.NFO,28/04/2025,09:21:14,24220,24220,1425,24221.2,75,5775,11905125
NIFTY-I.NFO,28/04/2025,09:21:15,24220,24219.9,150,24220,2100,3075,11905125
NIFTY-I.NFO,28/04/2025,09:21:17,24211,24211,2550,24215,75,1650,11905125
NIFTY-I.NFO,28/04/2025,09:21:19,24211,24215,300,24216.7,75,2175,11905125
NIFTY-I.NFO,28/04/2025,09:21:20,24213,24211,750,24213,375,2700,11979675
NIFTY-I.NFO,28/04/2025,09:21:22,24210.3,24210.3,2925,24212.7,375,1500,11979675
NIFTY-I.NFO,28/04/2025,09:21:24,24210,24208,150,24210.4,375,6675,11979675
NIFTY-I.NFO,28/04/2025,09:21:25,24210.4,24209.5,375,24210.4,375,1950,11979675
NIFTY-I.NFO,28/04/2025,09:21:27,24209.6,24209.6,75,24209.9,75,75,11979675
NIFTY-I.NFO,28/04/2025,09:21:29,24202.7,24202.4,75,24207.1,600,3750,11979675
NIFTY-I.NFO,28/04/2025,09:21:30,24201.3,24201.7,675,24202.4,300,1725,11979675
NIFTY-I.NFO,28/04/2025,09:21:32,24209.5,24206.4,150,24210,225,1725,11979675
NIFTY-I.NFO,28/04/2025,09:21:34,24209.9,24206.4,150,24209.8,75,300,11979675
NIFTY-I.NFO,28/04/2025,09:21:35,24202.4,24202,750,24204.9,1050,600,11979675
NIFTY-I.NFO,28/04/2025,09:21:37,24209.6,24209.2,150,24210,225,1575,11979675
NIFTY-I.NFO,28/04/2025,09:21:39,24211.6,24212.3,1200,24218.9,300,3675,11979675
NIFTY-I.NFO,28/04/2025,09:21:40,24214.8,24214.2,675,24214.8,750,1650,11979675
NIFTY-I.NFO,28/04/2025,09:21:42,24215.2,24215.9,375,24219,75,1725,11979675
NIFTY-I.NFO,28/04/2025,09:21:44,24219.8,24215.9,375,24218.4,375,150,11979675
NIFTY-I.NFO,28/04/2025,09:21:45,24216,24215.9,150,24217.1,975,900,11979675
NIFTY-I.NFO,28/04/2025,09:21:47,24217.1,24217.1,75,24219.6,75,2325,11979675
NIFTY-I.NFO,28/04/2025,09:21:49,24220,24217.1,450,24219.9,450,4650,11979675
NIFTY-I.NFO,28/04/2025,09:21:50,24219.7,24216.7,450,24218,1125,1350,11979675
NIFTY-I.NFO,28/04/2025,09:21:52,24221.2,24220.1,150,24221.2,225,2625,11979675
NIFTY-I.NFO,28/04/2025,09:21:54,24221.2,24217.3,375,24221.5,75,825,11979675
NIFTY-I.NFO,28/04/2025,09:21:55,24214.8,24214.7,375,24218.8,75,1200,11979675
NIFTY-I.NFO,28/04/2025,09:21:57,24220,24220,1125,24221.3,1050,675,11979675
NIFTY-I.NFO,28/04/2025,09:21:59,24221.2,24220,450,24221.2,75,2475,11979675
NIFTY-I.NFO,28/04/2025,09:22:00,24224,24224,225,24225,300,3000,11979675
NIFTY-I.NFO,28/04/2025,09:22:02,24235,24230,300,24235,75,5100,11979675
NIFTY-I.NFO,28/04/2025,09:22:04,24230,24230.1,975,24235,75,2175,11979675
NIFTY-I.NFO,28/04/2025,09:22:05,24230.2,24230.2,225,24232.5,900,450,11979675
NIFTY-I.NFO,28/04/2025,09:22:07,24230.6,24230.6,600,24232.5,900,225,11979675
NIFTY-I.NFO,28/04/2025,09:22:09,24230.6,24230.6,225,24235,375,1875,11979675
NIFTY-I.NFO,28/04/2025,09:22:10,24232.8,24233.8,150,24235,600,1425,11979675
NIFTY-I.NFO,28/04/2025,09:22:12,24235,24234.1,525,24235,75,1500,11979675
NIFTY-I.NFO,28/04/2025,09:22:14,24235,24234.3,600,24239.2,75,1200,11979675
NIFTY-I.NFO,28/04/2025,09:22:15,24234.5,24234.5,300,24235.6,75,525,11979675
NIFTY-I.NFO,28/04/2025,09:22:17,24232.4,24230,450,24232.6,75,3300,11979675
NIFTY-I.NFO,28/04/2025,09:22:19,24230,24225,75,24228.2,75,300,11979675
NIFTY-I.NFO,28/04/2025,09:22:20,24222,24220.8,75,24222,675,750,11979675
NIFTY-I.NFO,28/04/2025,09:22:22,24222,24222.2,75,24223.6,1275,900,11979675
NIFTY-I.NFO,28/04/2025,09:22:23,24222.2,24222.2,75,24223.6,1050,300,11979675
NIFTY-I.NFO,28/04/2025,09:22:25,24227.7,24227.6,75,24228.3,750,1875,11979675
NIFTY-I.NFO,28/04/2025,09:22:27,24228.3,24227.1,75,24230,300,2175,11979675
NIFTY-I.NFO,28/04/2025,09:22:28,24232.4,24232.4,1425,24234.8,75,975,11979675
NIFTY-I.NFO,28/04/2025,09:22:30,24233.5,24232.8,300,24233.5,1050,375,11979675
NIFTY-I.NFO,28/04/2025,09:22:32,24235.5,24235.3,150,24238.9,450,1950,11979675
NIFTY-I.NFO,28/04/2025,09:22:34,24240,24238.8,75,24240,675,375,11979675
NIFTY-I.NFO,28/04/2025,09:22:35,24237.5,24232.4,1425,24234.8,450,1725,11979675
NIFTY-I.NFO,28/04/2025,09:22:37,24235.3,24232.7,375,24237,75,375,11979675
NIFTY-I.NFO,28/04/2025,09:22:39,24236.4,24236.2,150,24239.2,450,2025,11979675
NIFTY-I.NFO,28/04/2025,09:22:40,24237.1,24235,150,24237.1,450,1050,11979675
NIFTY-I.NFO,28/04/2025,09:22:42,24237.1,24236.3,675,24238,75,450,11979675
NIFTY-I.NFO,28/04/2025,09:22:44,24237,24237,600,24238.8,75,750,11979675
NIFTY-I.NFO,28/04/2025,09:22:45,24245,24242.2,75,24245.1,300,3900,11979675
NIFTY-I.NFO,28/04/2025,09:22:47,24246.1,24245.4,225,24247,75,375,11979675
NIFTY-I.NFO,28/04/2025,09:22:49,24247.2,24241.3,75,24246.7,375,4050,11979675
NIFTY-I.NFO,28/04/2025,09:22:50,24241.3,24241.3,150,24242,1200,225,11979675
NIFTY-I.NFO,28/04/2025,09:22:52,24240,24240,75,24241.8,150,375,11979675
NIFTY-I.NFO,28/04/2025,09:22:54,24240,24240,225,24240.6,75,1875,11979675
NIFTY-I.NFO,28/04/2025,09:22:55,24237.1,24236.1,225,24237.1,1050,825,11979675
NIFTY-I.NFO,28/04/2025,09:22:57,24237.1,24236.1,225,24237.1,675,375,11979675
NIFTY-I.NFO,28/04/2025,09:22:59,24236.9,24235,150,24237.1,675,600,11979675
NIFTY-I.NFO,28/04/2025,09:23:00,24236.4,24238.4,600,24244.1,75,5100,11979675
NIFTY-I.NFO,28/04/2025,09:23:02,24239.2,24238.6,75,24243.6,375,3300,11979675
NIFTY-I.NFO,28/04/2025,09:23:04,24237.1,24236.9,75,24238.6,75,300,11979675
NIFTY-I.NFO,28/04/2025,09:23:05,24239.4,24235,300,24237.1,75,1725,11979675
NIFTY-I.NFO,28/04/2025,09:23:07,24230,24230,900,24231.1,150,750,11979675
NIFTY-I.NFO,28/04/2025,09:23:09,24228.2,24223.7,225,24227.7,375,4200,11979675
NIFTY-I.NFO,28/04/2025,09:23:10,24227.7,24223.8,300,24226.9,75,2100,11979675
NIFTY-I.NFO,28/04/2025,09:23:12,24223.5,24223.3,300,24227.3,75,2100,11979675
NIFTY-I.NFO,28/04/2025,09:23:14,24223,24223.3,300,24227.1,75,525,11979675
NIFTY-I.NFO,28/04/2025,09:23:15,24222,24221.7,75,24225.8,300,1275,11979675
NIFTY-I.NFO,28/04/2025,09:23:17,24222.8,24222.7,225,24222.8,525,9000,11979675
NIFTY-I.NFO,28/04/2025,09:23:19,24222.8,24222.6,75,24222.8,600,5925,11979675
NIFTY-I.NFO,28/04/2025,09:23:20,24221.4,24221.4,150,24221.7,900,1500,11979675
NIFTY-I.NFO,28/04/2025,09:23:22,24220.1,24220,2700,24221.7,825,1050,11979675
NIFTY-I.NFO,28/04/2025,09:23:23,24221.7,24220.1,225,24221.7,750,75,11979675
NIFTY-I.NFO,28/04/2025,09:23:25,24220.1,24220.1,75,24220.9,1050,1425,11979675
NIFTY-I.NFO,28/04/2025,09:23:27,24222.8,24222.6,225,24222.8,375,7650,11979675
NIFTY-I.NFO,28/04/2025,09:23:28,24222.8,24222.6,450,24222.8,675,675,11979675
NIFTY-I.NFO,28/04/2025,09:23:30,24222.7,24222.6,450,24222.7,825,750,11979675
NIFTY-I.NFO,28/04/2025,09:23:32,24223.2,24223.9,1275,24224.6,75,11325,11979675
NIFTY-I.NFO,28/04/2025,09:23:33,24229.1,24225,525,24227.5,150,1200,11979675
NIFTY-I.NFO,28/04/2025,09:23:35,24220.1,24220,2625,24223.4,375,4875,11979675
NIFTY-I.NFO,28/04/2025,09:23:37,24217,24215,150,24219.4,75,6975,11979675
NIFTY-I.NFO,28/04/2025,09:23:38,24220,24215,300,24219.7,600,750,11979675
NIFTY-I.NFO,28/04/2025,09:23:40,24219.6,24219.6,750,24220.6,1125,1125,11979675
NIFTY-I.NFO,28/04/2025,09:23:42,24219.2,24216,225,24219.2,675,1050,11979675
NIFTY-I.NFO,28/04/2025,09:23:43,24217,24216.4,375,24218.8,75,300,11979675
NIFTY-I.NFO,28/04/2025,09:23:45,24216,24216,300,24216.4,825,450,11979675
NIFTY-I.NFO,28/04/2025,09:23:47,24218.2,24217.8,150,24218.2,375,2325,11979675
NIFTY-I.NFO,28/04/2025,09:23:48,24222.5,24217.9,75,24221.6,75,1125,11979675
NIFTY-I.NFO,28/04/2025,09:23:50,24217.9,24217.9,75,24218.4,75,3300,11979675
NIFTY-I.NFO,28/04/2025,09:23:52,24218,24216,75,24217.9,75,1650,11979675
NIFTY-I.NFO,28/04/2025,09:23:53,24216,24216,75,24218.1,375,300,11979675
NIFTY-I.NFO,28/04/2025,09:23:55,24216.3,24216,75,24216.4,825,450,11979675
NIFTY-I.NFO,28/04/2025,09:23:57,24216.4,24216,75,24216.4,750,75,11979675
NIFTY-I.NFO,28/04/2025,09:23:58,24216.2,24216.2,75,24216.4,675,300,11979675
NIFTY-I.NFO,28/04/2025,09:24:00,24215,24215.5,375,24215.7,1125,2700,11979675
NIFTY-I.NFO,28/04/2025,09:24:02,24216,24215.7,225,24217.9,375,1425,11979675
NIFTY-I.NFO,28/04/2025,09:24:03,24227.6,24219.8,150,24225.2,150,7650,11979675
NIFTY-I.NFO,28/04/2025,09:24:05,24224.6,24220,225,24222.5,1050,900,11979675
NIFTY-I.NFO,28/04/2025,09:24:07,24222.5,24221.1,225,24222.5,150,2250,11979675
NIFTY-I.NFO,28/04/2025,09:24:08,24224.9,24221.5,75,24224.9,225,600,11979675
NIFTY-I.NFO,28/04/2025,09:24:10,24219.7,24220.8,150,24221.6,375,1050,11979675
NIFTY-I.NFO,28/04/2025,09:24:12,24221.6,24220.5,150,24221.5,150,300,11979675
NIFTY-I.NFO,28/04/2025,09:24:13,24221.5,24221.5,300,24221.6,225,675,11979675
NIFTY-I.NFO,28/04/2025,09:24:15,24222.3,24216,150,24221.1,75,1350,11979675
NIFTY-I.NFO,28/04/2025,09:24:17,24222.2,24216,150,24218.5,75,525,11979675
NIFTY-I.NFO,28/04/2025,09:24:18,24218.9,24216,150,24217.3,75,300,11979675
NIFTY-I.NFO,28/04/2025,09:24:20,24218,24217.7,225,24218,1050,1875,12051600
NIFTY-I.NFO,28/04/2025,09:24:22,24218,24217.7,75,24218,150,975,12051600
NIFTY-I.NFO,28/04/2025,09:24:23,24219,24219,75,24220,1425,1350,12051600
NIFTY-I.NFO,28/04/2025,09:24:25,24219.1,24219,675,24219.2,900,675,12051600
NIFTY-I.NFO,28/04/2025,09:24:27,24224,24224,600,24225,150,2700,12051600
NIFTY-I.NFO,28/04/2025,09:24:28,24224.6,24224.6,525,24224.8,75,675,12051600
NIFTY-I.NFO,28/04/2025,09:24:30,24219.6,24219.2,300,24224.6,600,1575,12051600
NIFTY-I.NFO,28/04/2025,09:24:32,24224.5,24220.1,975,24224.6,600,300,12051600
NIFTY-I.NFO,28/04/2025,09:24:33,24221.7,24221.7,150,24224.6,525,300,12051600
NIFTY-I.NFO,28/04/2025,09:24:35,24222.7,24222.7,75,24223.6,1050,375,12051600
NIFTY-I.NFO,28/04/2025,09:24:37,24220.8,24221.3,225,24223.6,900,3000,12051600
NIFTY-I.NFO,28/04/2025,09:24:38,24222.6,24222.6,75,24223.1,75,225,12051600
NIFTY-I.NFO,28/04/2025,09:24:40,24222.2,24222.2,75,24222.6,750,375,12051600
NIFTY-I.NFO,28/04/2025,09:24:42,24219.9,24218.4,225,24220,300,1200,12051600
NIFTY-I.NFO,28/04/2025,09:24:43,24222.2,24218.4,750,24221.4,75,600,12051600
NIFTY-I.NFO,28/04/2025,09:24:45,24218.8,24218,75,24218.7,1800,225,12051600
NIFTY-I.NFO,28/04/2025,09:24:47,24218,24216,150,24217.9,75,150,12051600
NIFTY-I.NFO,28/04/2025,09:24:48,24218.5,24216.1,525,24218.5,300,300,12051600
NIFTY-I.NFO,28/04/2025,09:24:50,24216.1,24217.1,75,24217.6,2175,1950,12051600
NIFTY-I.NFO,28/04/2025,09:24:52,24217.6,24217.5,75,24217.6,450,1950,12051600
NIFTY-I.NFO,28/04/2025,09:24:53,24218.1,24219,225,24220,2025,1650,12051600
NIFTY-I.NFO,28/04/2025,09:24:55,24219,24217.7,225,24220,2025,525,12051600
NIFTY-I.NFO,28/04/2025,09:24:57,24220,24219.9,225,24220,975,1125,12051600
NIFTY-I.NFO,28/04/2025,09:24:58,24220,24220.1,675,24222.6,75,1200,12051600
NIFTY-I.NFO,28/04/2025,09:25:00,24221.5,24221.5,150,24222.4,75,75,12051600
NIFTY-I.NFO,28/04/2025,09:25:02,24224.2,24223.7,225,24224.6,75,1200,12051600
NIFTY-I.NFO,28/04/2025,09:25:03,24229,24228.1,75,24235.3,525,10950,12051600
NIFTY-I.NFO,28/04/2025,09:25:05,24228.7,24229.4,75,24235.9,525,525,12051600
NIFTY-I.NFO,28/04/2025,09:25:07,24229.9,24230,450,24236.9,300,3225,12051600
NIFTY-I.NFO,28/04/2025,09:25:08,24230,24230,75,24232.8,300,375,12051600
NIFTY-I.NFO,28/04/2025,09:25:10,24232.9,24230,75,24231.5,150,825,12051600
NIFTY-I.NFO,28/04/2025,09:25:12,24235.5,24234.6,75,24240,675,3600,12051600
NIFTY-I.NFO,28/04/2025,09:25:13,24240,24235.2,75,24241.3,225,1425,12051600
NIFTY-I.NFO,28/04/2025,09:25:15,24235.7,24235.2,600,24241.4,225,150,12051600
NIFTY-I.NFO,28/04/2025,09:25:17,24242.4,24236.1,1050,24242.7,150,3900,12051600
NIFTY-I.NFO,28/04/2025,09:25:18,24240.7,24240.7,750,24246.6,150,1425,12051600
NIFTY-I.NFO,28/04/2025,09:25:20,24239.5,24240.7,225,24244.9,150,450,12051600
NIFTY-I.NFO,28/04/2025,09:25:22,24239.3,24233.4,75,24239.2,75,2850,12051600
NIFTY-I.NFO,28/04/2025,09:25:23,24239.5,24233.4,300,24239.5,150,1275,12051600
NIFTY-I.NFO,28/04/2025,09:25:25,24233.4,24233.4,450,24240.2,150,150,12051600
NIFTY-I.NFO,28/04/2025,09:25:27,24235.8,24235.5,150,24242.1,150,675,12051600
NIFTY-I.NFO,28/04/2025,09:25:28,24235.5,24235.5,300,24242.1,375,2250,12051600
NIFTY-I.NFO,28/04/2025,09:25:30,24234.9,24230,150,24234.9,900,1800,12051600
NIFTY-I.NFO,28/04/2025,09:25:32,24226.8,24227.5,150,24234.6,75,1350,12051600
NIFTY-I.NFO,28/04/2025,09:25:33,24226.4,24225.6,75,24231.5,75,450,12051600
NIFTY-I.NFO,28/04/2025,09:25:35,24229.5,24230.5,450,24237,75,150,12051600
NIFTY-I.NFO,28/04/2025,09:25:37,24233.6,24230,300,24233.6,300,750,12051600
NIFTY-I.NFO,28/04/2025,09:25:38,24234.7,24230,75,24233.3,300,1650,12051600
NIFTY-I.NFO,28/04/2025,09:25:40,24226.2,24226.6,450,24233.4,150,1425,12051600
NIFTY-I.NFO,28/04/2025,09:25:42,24225,24222.9,225,24230.1,225,225,12051600
NIFTY-I.NFO,28/04/2025,09:25:43,24226.6,24222.9,450,24227.3,150,75,12051600
NIFTY-I.NFO,28/04/2025,09:25:45,24230.5,24224.3,750,24231.1,300,225,12051600
NIFTY-I.NFO,28/04/2025,09:25:47,24233.5,24226.4,300,24233.1,300,750,12051600
NIFTY-I.NFO,28/04/2025,09:25:48,24235.2,24230,150,24236.3,300,525,12051600
NIFTY-I.NFO,28/04/2025,09:25:50,24230,24230,600,24232.5,375,300,12051600
NIFTY-I.NFO,28/04/2025,09:25:52,24229.1,24223.7,300,24229.9,300,1350,12051600
NIFTY-I.NFO,28/04/2025,09:25:53,24222.7,24223.3,375,24229.9,300,1575,12051600
NIFTY-I.NFO,28/04/2025,09:25:55,24223,24222,300,24225.7,150,825,12051600
NIFTY-I.NFO,28/04/2025,09:25:57,24225,24225,1650,24225.1,300,5025,12051600
NIFTY-I.NFO,28/04/2025,09:25:58,24220,24220,375,24221.9,300,4200,12051600
NIFTY-I.NFO,28/04/2025,09:26:00,24219.6,24215.6,225,24219.7,300,2475,12051600
NIFTY-I.NFO,28/04/2025,09:26:02,24223.7,24218.5,150,24225,675,1425,12051600
NIFTY-I.NFO,28/04/2025,09:26:03,24215,24214.7,75,24220.6,300,1125,12051600
NIFTY-I.NFO,28/04/2025,09:26:05,24221.1,24213.9,600,24221,525,600,12051600
NIFTY-I.NFO,28/04/2025,09:26:07,24221.4,24214.8,75,24221.2,300,4275,12051600
NIFTY-I.NFO,28/04/2025,09:26:08,24215.6,24215,675,24221.5,300,225,12051600
NIFTY-I.NFO,28/04/2025,09:26:10,24216.3,24215.2,75,24222.5,150,600,12051600
NIFTY-I.NFO,28/04/2025,09:26:12,24225,24219.6,75,24226.4,150,1125,12051600
NIFTY-I.NFO,28/04/2025,09:26:13,24221.2,24219.6,375,24223.5,300,450,12051600
NIFTY-I.NFO,28/04/2025,09:26:15,24220,24216.5,75,24222.3,150,900,12051600
NIFTY-I.NFO,28/04/2025,09:26:17,24225,24219.7,975,24226.4,300,1650,12051600
NIFTY-I.NFO,28/04/2025,09:26:18,24229.3,24223.1,150,24229.4,150,150,12051600
NIFTY-I.NFO,28/04/2025,09:26:20,24227.4,24226.5,75,24233.9,300,600,12051600
NIFTY-I.NFO,28/04/2025,09:26:22,24229.6,24229.6,375,24235.6,150,1050,12051600
NIFTY-I.NFO,28/04/2025,09:26:23,24231.1,24231.2,600,24238.1,300,1050,12051600
NIFTY-I.NFO,28/04/2025,09:26:25,24231.4,24232,600,24238,150,450,12051600
NIFTY-I.NFO,28/04/2025,09:26:27,24232.8,24232.6,300,24238.2,75,900,12051600
NIFTY-I.NFO,28/04/2025,09:26:28,24236,24233.3,75,24236.4,150,375,12051600
NIFTY-I.NFO,28/04/2025,09:26:30,24232,24230,75,24235.2,450,375,12051600
NIFTY-I.NFO,28/04/2025,09:26:32,24231.8,24225.9,975,24231.7,75,150,12051600
NIFTY-I.NFO,28/04/2025,09:26:33,24231.6,24227.1,75,24232.4,75,150,12051600
NIFTY-I.NFO,28/04/2025,09:26:35,24232.4,24225,75,24230,150,150,12051600
NIFTY-I.NFO,28/04/2025,09:26:37,24225,24224.1,75,24229.6,150,150,12051600
NIFTY-I.NFO,28/04/2025,09:26:38,24225,24224.1,300,24228.2,225,0,12051600
NIFTY-I.NFO,28/04/2025,09:26:40,24228.7,24224.1,525,24228.7,75,75,12051600
NIFTY-I.NFO,28/04/2025,09:26:42,24225.5,24225,225,24228.9,225,150,12051600
NIFTY-I.NFO,28/04/2025,09:26:43,24231.5,24225,525,24228.5,225,825,12051600
NIFTY-I.NFO,28/04/2025,09:26:45,24228.6,24225.2,450,24231.7,525,225,12051600
NIFTY-I.NFO,28/04/2025,09:26:47,24225.2,24225.2,300,24230,300,150,12051600
NIFTY-I.NFO,28/04/2025,09:26:48,24225.2,24225.2,225,24227.6,300,150,12051600
NIFTY-I.NFO,28/04/2025,09:26:50,24224.6,24222,225,24224.5,225,1350,12051600
NIFTY-I.NFO,28/04/2025,09:26:52,24220,24220,75,24223,225,750,12051600
NIFTY-I.NFO,28/04/2025,09:26:54,24221.2,24217,150,24222.4,225,300,12051600
NIFTY-I.NFO,28/04/2025,09:26:55,24226.9,24222.7,75,24228.1,75,1050,12051600
NIFTY-I.NFO,28/04/2025,09:26:57,24230,24225.9,375,24230.9,75,150,12051600
NIFTY-I.NFO,28/04/2025,09:26:59,24227.4,24226,75,24231.8,75,300,12051600
NIFTY-I.NFO,28/04/2025,09:27:00,24235,24229.5,225,24235,75,450,12051600
NIFTY-I.NFO,28/04/2025,09:27:02,24228.2,24229.1,75,24234.9,75,375,12051600
NIFTY-I.NFO,28/04/2025,09:27:04,24235,24229.4,300,24235,75,150,12051600
NIFTY-I.NFO,28/04/2025,09:27:05,24235,24231.5,375,24237,75,2175,12051600
NIFTY-I.NFO,28/04/2025,09:27:07,24238.5,24231.9,375,24238,75,450,12051600
NIFTY-I.NFO,28/04/2025,09:27:09,24232,24232.7,450,24238,75,75,12051600
NIFTY-I.NFO,28/04/2025,09:27:10,24237.1,24236.1,75,24242,525,2250,12051600
NIFTY-I.NFO,28/04/2025,09:27:12,24236.4,24236.8,225,24242,375,600,12051600
NIFTY-I.NFO,28/04/2025,09:27:14,24238,24236.8,375,24238.9,225,225,12051600
NIFTY-I.NFO,28/04/2025,09:27:15,24238.9,24236.8,300,24238.7,150,375,12051600
NIFTY-I.NFO,28/04/2025,09:27:17,24236.8,24236.9,75,24239,150,75,12051600
NIFTY-I.NFO,28/04/2025,09:27:19,24238.8,24237.8,525,24238.8,75,300,12051600
NIFTY-I.NFO,28/04/2025,09:27:20,24240,24237.9,75,24240,75,300,12068700
NIFTY-I.NFO,28/04/2025,09:27:22,24237.9,24238.9,75,24241.9,450,675,12068700
NIFTY-I.NFO,28/04/2025,09:27:24,24239.9,24239,225,24241.9,450,375,12068700
NIFTY-I.NFO,28/04/2025,09:27:25,24246,24245.3,75,24246.7,150,2775,12068700
NIFTY-I.NFO,28/04/2025,09:27:27,24261,24258.7,300,24261,75,27750,12068700
NIFTY-I.NFO,28/04/2025,09:27:29,24264,24261.5,300,24264,2400,1350,12068700
NIFTY-I.NFO,28/04/2025,09:27:30,24264,24261.6,75,24264,1350,1275,12068700
NIFTY-I.NFO,28/04/2025,09:27:32,24256,24256,225,24259,75,2100,12068700
NIFTY-I.NFO,28/04/2025,09:27:34,24262.3,24259.1,75,24261.2,75,450,12068700
NIFTY-I.NFO,28/04/2025,09:27:35,24257.9,24257,75,24259,300,300,12068700
NIFTY-I.NFO,28/04/2025,09:27:37,24259,24259,900,24260,75,1350,12068700
NIFTY-I.NFO,28/04/2025,09:27:39,24260.5,24261.2,75,24264,1575,525,12068700
NIFTY-I.NFO,28/04/2025,09:27:40,24261.8,24259.8,300,24261.8,600,900,12068700
NIFTY-I.NFO,28/04/2025,09:27:42,24259.8,24260,75,24261.3,150,450,12068700
NIFTY-I.NFO,28/04/2025,09:27:44,24260,24259,900,24260,1800,1575,12068700
NIFTY-I.NFO,28/04/2025,09:27:45,24259.9,24259,900,24260,1575,675,12068700
NIFTY-I.NFO,28/04/2025,09:27:47,24260,24259,1050,24260,1050,975,12068700
NIFTY-I.NFO,28/04/2025,09:27:49,24260,24259,975,24260,825,450,12068700
NIFTY-I.NFO,28/04/2025,09:27:50,24258.8,24255,75,24258.9,75,1650,12068700
NIFTY-I.NFO,28/04/2025,09:27:52,24259.1,24255.6,375,24259,75,600,12068700
NIFTY-I.NFO,28/04/2025,09:27:54,24259,24259.2,75,24259.9,225,75,12068700
NIFTY-I.NFO,28/04/2025,09:27:55,24259.9,24259.1,150,24260,375,1425,12068700
NIFTY-I.NFO,28/04/2025,09:27:57,24260,24259.8,75,24260,525,75,12068700
NIFTY-I.NFO,28/04/2025,09:27:59,24254,24254,150,24257.9,75,450,12068700
NIFTY-I.NFO,28/04/2025,09:28:00,24256.7,24256.8,675,24260,675,600,12068700
NIFTY-I.NFO,28/04/2025,09:28:02,24259.1,24257,150,24260,1125,150,12068700
NIFTY-I.NFO,28/04/2025,09:28:04,24254,24254,150,24258.7,225,225,12068700
NIFTY-I.NFO,28/04/2025,09:28:05,24258.7,24254,300,24258.2,75,225,12068700
NIFTY-I.NFO,28/04/2025,09:28:07,24254,24254,150,24257,75,2400,12068700
NIFTY-I.NFO,28/04/2025,09:28:09,24256,24254.3,600,24257,75,225,12068700
NIFTY-I.NFO,28/04/2025,09:28:10,24257,24255.8,900,24258.3,75,150,12068700
NIFTY-I.NFO,28/04/2025,09:28:12,24257.3,24256.8,75,24258.3,75,75,12068700
NIFTY-I.NFO,28/04/2025,09:28:14,24259.8,24256.8,225,24259.8,75,525,12068700
NIFTY-I.NFO,28/04/2025,09:28:15,24257,24257,75,24258,300,150,12068700
NIFTY-I.NFO,28/04/2025,09:28:17,24260,24257.1,75,24260,2325,750,12068700
NIFTY-I.NFO,28/04/2025,09:28:19,24258.3,24258.3,300,24260,2325,75,12068700
NIFTY-I.NFO,28/04/2025,09:28:20,24258.3,24257,75,24259,525,525,12068700
NIFTY-I.NFO,28/04/2025,09:28:22,24257.4,24257.3,75,24259,525,150,12068700
NIFTY-I.NFO,28/04/2025,09:28:24,24257,24257.1,600,24259,450,300,12068700
NIFTY-I.NFO,28/04/2025,09:28:25,24257.1,24257.3,75,24259.9,75,1200,12068700
NIFTY-I.NFO,28/04/2025,09:28:27,24260,24259.6,375,24261.8,75,2850,12068700
NIFTY-I.NFO,28/04/2025,09:28:29,24265,24262.5,75,24265,1350,66000,12068700
NIFTY-I.NFO,28/04/2025,09:28:29,24265,24262.5,75,24265,1350,0,12068700
NIFTY-I.NFO,28/04/2025,09:28:30,24264.6,24260.7,75,24265,1725,900,12068700
NIFTY-I.NFO,28/04/2025,09:28:32,24264.9,24261.6,675,24265,1350,225,12068700
NIFTY-I.NFO,28/04/2025,09:28:34,24262.8,24261.6,150,24265.4,150,2100,12068700
NIFTY-I.NFO,28/04/2025,09:28:35,24262.9,24260,75,24262.7,375,750,12068700
NIFTY-I.NFO,28/04/2025,09:28:37,24259.1,24259.1,75,24260,75,225,12068700
NIFTY-I.NFO,28/04/2025,09:28:39,24256,24255,225,24261.2,600,525,12068700
NIFTY-I.NFO,28/04/2025,09:28:40,24259.1,24256.5,75,24260,75,225,12068700
NIFTY-I.NFO,28/04/2025,09:28:42,24257.9,24255.1,75,24256.5,75,225,12068700
NIFTY-I.NFO,28/04/2025,09:28:44,24256.5,24254,75,24259.9,375,1050,12068700
NIFTY-I.NFO,28/04/2025,09:28:45,24255,24253,75,24255,150,450,12068700
NIFTY-I.NFO,28/04/2025,09:28:47,24255,24252,150,24255.1,75,525,12068700
NIFTY-I.NFO,28/04/2025,09:28:49,24255.1,24255.1,75,24257,75,75,12068700
NIFTY-I.NFO,28/04/2025,09:28:50,24255.1,24255.3,75,24259.5,150,2250,12068700
NIFTY-I.NFO,28/04/2025,09:28:52,24255.3,24255.3,450,24258.1,150,150,12068700
NIFTY-I.NFO,28/04/2025,09:28:54,24262,24260,600,24263,75,1350,12068700
NIFTY-I.NFO,28/04/2025,09:28:56,24263,24258.9,75,24263.8,225,1575,12068700
NIFTY-I.NFO,28/04/2025,09:28:57,24259.2,24259.2,75,24260,150,2100,12068700
NIFTY-I.NFO,28/04/2025,09:28:59,24263,24260,75,24262.9,375,300,12068700
NIFTY-I.NFO,28/04/2025,09:29:01,24260,24260,75,24261,375,300,12068700
NIFTY-I.NFO,28/04/2025,09:29:02,24260.9,24256,375,24260.8,375,750,12068700
NIFTY-I.NFO,28/04/2025,09:29:04,24260,24256.6,1200,24261.6,75,300,12068700
NIFTY-I.NFO,28/04/2025,09:29:06,24260,24257.5,375,24259.2,75,150,12068700
NIFTY-I.NFO,28/04/2025,09:29:07,24261.6,24261.6,300,24262.6,75,375,12068700
NIFTY-I.NFO,28/04/2025,09:29:09,24263,24257.4,225,24264,150,2100,12068700
NIFTY-I.NFO,28/04/2025,09:29:11,24260,24256.6,675,24260.9,75,300,12068700
NIFTY-I.NFO,28/04/2025,09:29:12,24255,24252,225,24254.9,75,2175,12068700
NIFTY-I.NFO,28/04/2025,09:29:14,24252.1,24250.8,75,24252.9,300,750,12068700
NIFTY-I.NFO,28/04/2025,09:29:16,24248.2,24245.9,375,24251.9,375,750,12068700
NIFTY-I.NFO,28/04/2025,09:29:17,24252,24248.5,300,24252,1725,225,12068700
NIFTY-I.NFO,28/04/2025,09:29:19,24246.2,24248.5,300,24252,2025,1575,12068700
NIFTY-I.NFO,28/04/2025,09:29:21,24247.3,24245,150,24248.5,675,600,12068700
NIFTY-I.NFO,28/04/2025,09:29:22,24245,24244,75,24245.9,1875,225,12068700
NIFTY-I.NFO,28/04/2025,09:29:24,24240.8,24241.3,300,24245.9,1875,375,12068700
NIFTY-I.NFO,28/04/2025,09:29:25,24245.8,24245,75,24246.6,900,375,12068700
NIFTY-I.NFO,28/04/2025,09:29:27,24245,24240.6,150,24244.8,750,750,12068700
NIFTY-I.NFO,28/04/2025,09:29:29,24245,24244.8,150,24245,975,75,12068700
NIFTY-I.NFO,28/04/2025,09:29:30,24245,24240.6,150,24244.8,150,150,12068700
NIFTY-I.NFO,28/04/2025,09:29:32,24244.4,24240.7,225,24243,450,75,12068700
NIFTY-I.NFO,28/04/2025,09:29:34,24240.6,24241,75,24242.3,450,900,12068700
NIFTY-I.NFO,28/04/2025,09:29:35,24240.7,24237.5,525,24242,75,825,12068700
NIFTY-I.NFO,28/04/2025,09:29:37,24240,24235.6,600,24240,75,1650,12068700
NIFTY-I.NFO,28/04/2025,09:29:39,24237.6,24237.8,750,24238.5,300,1350,12068700
NIFTY-I.NFO,28/04/2025,09:29:40,24237.8,24237.8,150,24238.1,75,225,12068700
NIFTY-I.NFO,28/04/2025,09:29:42,24237,24236.5,150,24237.3,75,1050,12068700
NIFTY-I.NFO,28/04/2025,09:29:44,24241.7,24242.1,150,24244.8,300,2175,12068700
NIFTY-I.NFO,28/04/2025,09:29:45,24242.1,24242.1,150,24243.2,375,750,12068700
NIFTY-I.NFO,28/04/2025,09:29:47,24243.2,24244.3,150,24244.8,300,825,12068700
NIFTY-I.NFO,28/04/2025,09:29:49,24246.8,24244.4,150,24248,300,2700,12068700
NIFTY-I.NFO,28/04/2025,09:29:50,24244.4,24244.4,150,24246.2,225,150,12068700
NIFTY-I.NFO,28/04/2025,09:29:52,24243.2,24243.2,150,24244.2,300,675,12068700
NIFTY-I.NFO,28/04/2025,09:29:54,24244.2,24244.6,75,24245.3,75,825,12068700
NIFTY-I.NFO,28/04/2025,09:29:55,24245.3,24245.3,75,24247.5,375,1200,12068700
NIFTY-I.NFO,28/04/2025,09:29:57,24249,24247.7,75,24248.3,225,900,12068700
NIFTY-I.NFO,28/04/2025,09:29:59,24249.6,24249.3,75,24249.6,75,750,12068700
NIFTY-I.NFO,28/04/2025,09:30:00,24252.8,24250.3,525,24254.9,75,750,12068700
NIFTY-I.NFO,28/04/2025,09:30:02,24253.9,24250.7,75,24253.9,450,2100,12068700
NIFTY-I.NFO,28/04/2025,09:30:04,24252.5,24252.5,225,24257.3,300,2625,12068700
NIFTY-I.NFO,28/04/2025,09:30:05,24252.5,24252.5,375,24254.4,150,1575,12068700
NIFTY-I.NFO,28/04/2025,09:30:07,24250.6,24250.5,300,24251.7,300,1575,12068700
NIFTY-I.NFO,28/04/2025,09:30:09,24250,24250.5,300,24252.1,300,1425,12068700
NIFTY-I.NFO,28/04/2025,09:30:10,24247,24247,525,24250.4,300,975,12068700
NIFTY-I.NFO,28/04/2025,09:30:12,24245.5,24245.5,225,24248.5,300,2400,12068700
NIFTY-I.NFO,28/04/2025,09:30:14,24245.5,24244,75,24248.1,300,1200,12068700
NIFTY-I.NFO,28/04/2025,09:30:15,24241.5,24241,75,24245.6,300,525,12068700
NIFTY-I.NFO,28/04/2025,09:30:17,24245.6,24243.2,375,24245.5,225,225,12068700
NIFTY-I.NFO,28/04/2025,09:30:19,24245.5,24243.2,750,24245.6,150,150,12068700
NIFTY-I.NFO,28/04/2025,09:30:20,24242,24241.5,75,24246.9,300,825,12068700
NIFTY-I.NFO,28/04/2025,09:30:22,24247.9,24247.9,300,24249,375,2175,12133050
NIFTY-I.NFO,28/04/2025,09:30:24,24249.7,24248.9,75,24249.7,375,450,12133050
NIFTY-I.NFO,28/04/2025,09:30:25,24249.7,24249.8,375,24249.9,225,450,12133050
NIFTY-I.NFO,28/04/2025,09:30:27,24251.6,24251.5,225,24252.9,75,825,12133050
NIFTY-I.NFO,28/04/2025,09:30:29,24254,24251.8,150,24256.7,375,375,12133050
NIFTY-I.NFO,28/04/2025,09:30:30,24257.9,24255,375,24257.9,75,300,12133050
NIFTY-I.NFO,28/04/2025,09:30:32,24258,24255.7,75,24259,75,750,12133050
NIFTY-I.NFO,28/04/2025,09:30:34,24260,24260,150,24261.8,825,2250,12133050
NIFTY-I.NFO,28/04/2025,09:30:35,24260.6,24260,225,24260.4,225,1575,12133050
NIFTY-I.NFO,28/04/2025,09:30:37,24260,24259.9,1350,24261.1,225,675,12133050
NIFTY-I.NFO,28/04/2025,09:30:39,24265,24260,3150,24264.4,375,3975,12133050
NIFTY-I.NFO,28/04/2025,09:30:40,24261.9,24261.9,525,24263.4,300,1500,12133050
NIFTY-I.NFO,28/04/2025,09:30:42,24263,24262,300,24263.2,300,3075,12133050
NIFTY-I.NFO,28/04/2025,09:30:44,24264,24262.9,75,24263,75,975,12133050
NIFTY-I.NFO,28/04/2025,09:30:45,24257.6,24258.6,75,24260,75,4875,12133050
NIFTY-I.NFO,28/04/2025,09:30:47,24263.5,24258.6,225,24264.3,300,825,12133050
NIFTY-I.NFO,28/04/2025,09:30:49,24263.6,24258.6,150,24263.8,300,375,12133050
NIFTY-I.NFO,28/04/2025,09:30:50,24263.6,24258.6,450,24260,75,0,12133050
NIFTY-I.NFO,28/04/2025,09:30:52,24258.9,24258.7,150,24260,975,225,12133050
NIFTY-I.NFO,28/04/2025,09:30:54,24260,24259.9,225,24260,825,225,12133050
NIFTY-I.NFO,28/04/2025,09:30:55,24261.2,24261.3,225,24263,75,1350,12133050
NIFTY-I.NFO,28/04/2025,09:30:57,24261.3,24261.3,225,24264,225,300,12133050
NIFTY-I.NFO,28/04/2025,09:30:59,24261.3,24261.3,150,24264,75,600,12133050
NIFTY-I.NFO,28/04/2025,09:31:00,24262.1,24261.4,75,24265,1575,1350,12133050
NIFTY-I.NFO,28/04/2025,09:31:02,24261.4,24261.4,75,24265,1725,75,12133050
NIFTY-I.NFO,28/04/2025,09:31:04,24251.6,24251.4,225,24255,75,3300,12133050
NIFTY-I.NFO,28/04/2025,09:31:05,24254.1,24248.6,75,24254.9,300,825,12133050
NIFTY-I.NFO,28/04/2025,09:31:07,24254,24248.1,75,24253.1,300,450,12133050
NIFTY-I.NFO,28/04/2025,09:31:09,24254,24251,75,24254,450,225,12133050
NIFTY-I.NFO,28/04/2025,09:31:10,24254,24251,75,24256.1,675,150,12133050
NIFTY-I.NFO,28/04/2025,09:31:12,24255,24254,375,24255,150,150,12133050
NIFTY-I.NFO,28/04/2025,09:31:14,24255,24254,525,24255,300,0,12133050
NIFTY-I.NFO,28/04/2025,09:31:15,24254,24254,375,24255,375,300,12133050
NIFTY-I.NFO,28/04/2025,09:31:17,24260,24255.1,225,24261.3,450,450,12133050
NIFTY-I.NFO,28/04/2025,09:31:19,24255.4,24255.4,225,24260,75,525,12133050
NIFTY-I.NFO,28/04/2025,09:31:20,24260,24256.3,150,24261.4,150,225,12133050
NIFTY-I.NFO,28/04/2025,09:31:22,24261.3,24256.6,150,24261.4,150,150,12133050
NIFTY-I.NFO,28/04/2025,09:31:24,24262.7,24261.4,75,24263.5,375,225,12133050
NIFTY-I.NFO,28/04/2025,09:31:25,24264,24261.4,375,24265,2850,525,12133050
NIFTY-I.NFO,28/04/2025,09:31:27,24262.5,24261.4,300,24264,600,675,12133050
NIFTY-I.NFO,28/04/2025,09:31:29,24265,24261.4,750,24265,2100,375,12133050
NIFTY-I.NFO,28/04/2025,09:31:30,24261.4,24261.4,225,24262.5,75,1125,12133050
NIFTY-I.NFO,28/04/2025,09:31:32,24264.8,24261.5,75,24264.4,375,600,12133050
NIFTY-I.NFO,28/04/2025,09:31:34,24264,24261.5,675,24264.9,75,75,12133050
NIFTY-I.NFO,28/04/2025,09:31:35,24264,24263.1,375,24264.3,300,0,12133050
NIFTY-I.NFO,28/04/2025,09:31:37,24264.4,24264.4,1050,24264.9,75,825,12133050
NIFTY-I.NFO,28/04/2025,09:31:39,24265,24264.4,1050,24265,2250,150,12133050
NIFTY-I.NFO,28/04/2025,09:31:40,24265,24264.4,1350,24264.9,375,225,12133050
NIFTY-I.NFO,28/04/2025,09:31:42,24258.6,24256.5,75,24260.2,675,2625,12133050
NIFTY-I.NFO,28/04/2025,09:31:44,24256,24255,300,24260.8,225,450,12133050
NIFTY-I.NFO,28/04/2025,09:31:45,24264.4,24258.6,225,24264.7,225,450,12133050
NIFTY-I.NFO,28/04/2025,09:31:47,24265,24259.7,150,24265,2175,750,12133050
NIFTY-I.NFO,28/04/2025,09:31:49,24265,24262.3,375,24264.9,75,1650,12133050
NIFTY-I.NFO,28/04/2025,09:31:50,24263.8,24257.8,525,24264.7,375,600,12133050
NIFTY-I.NFO,28/04/2025,09:31:52,24266.4,24265.1,75,24266.4,75,5475,12133050
NIFTY-I.NFO,28/04/2025,09:31:52,24266.5,24265.1,75,24266.4,75,0,12133050
NIFTY-I.NFO,28/04/2025,09:31:54,24265,24265,300,24266.5,225,4125,12133050
NIFTY-I.NFO,28/04/2025,09:31:55,24267.5,24267.4,1125,24267.5,1650,2625,12133050
NIFTY-I.NFO,28/04/2025,09:31:55,24267.5,24267.4,1125,24267.5,1650,0,12133050
NIFTY-I.NFO,28/04/2025,09:31:57,24267.5,24267,375,24267.5,450,1425,12133050
NIFTY-I.NFO,28/04/2025,09:31:59,24267,24267,225,24267.5,375,300,12133050
NIFTY-I.NFO,28/04/2025,09:32:00,24267,24267,75,24267.4,375,300,12133050
NIFTY-I.NFO,28/04/2025,09:32:02,24267.5,24265.1,375,24267.5,225,225,12133050
NIFTY-I.NFO,28/04/2025,09:32:04,24267.4,24265.5,75,24267,1725,750,12133050
NIFTY-I.NFO,28/04/2025,09:32:04,24267.9,24265.5,75,24267,1725,0,12133050
NIFTY-I.NFO,28/04/2025,09:32:05,24262.7,24262.8,450,24267,1725,3450,12133050
NIFTY-I.NFO,28/04/2025,09:32:07,24267,24266.5,150,24267,1575,2475,12133050
NIFTY-I.NFO,28/04/2025,09:32:09,24262.9,24266.5,225,24266.9,75,750,12133050
NIFTY-I.NFO,28/04/2025,09:32:10,24269.9,24267.9,375,24269.9,75,10275,12133050
NIFTY-I.NFO,28/04/2025,09:32:10,24269.9,24267.9,375,24269.9,75,0,12133050
NIFTY-I.NFO,28/04/2025,09:32:12,24268.1,24268.1,150,24269.9,75,1500,12133050
NIFTY-I.NFO,28/04/2025,09:32:12,24270,24268.1,150,24269.9,75,0,12133050
NIFTY-I.NFO,28/04/2025,09:32:14,24270,24267,150,24269.9,75,450,12133050
NIFTY-I.NFO,28/04/2025,09:32:15,24274.8,24271.4,975,24275,7125,3600,12133050
NIFTY-I.NFO,28/04/2025,09:32:15,24274.9,24271.4,975,24275,7125,0,12133050
NIFTY-I.NFO,28/04/2025,09:32:17,24273,24271.7,225,24273.8,75,675,12133050
NIFTY-I.NFO,28/04/2025,09:32:19,24279.9,24280,150,24287,600,42900,12133050
NIFTY-I.NFO,28/04/2025,09:32:19,24287,24280,150,24287,600,0,12133050
NIFTY-I.NFO,28/04/2025,09:32:20,24287,24287,225,24288,525,2925,12133050
NIFTY-I.NFO,28/04/2025,09:32:20,24288,24287,225,24288,525,0,12133050
NIFTY-I.NFO,28/04/2025,09:32:22,24287,24285.8,1725,24289,675,2175,12133050
NIFTY-I.NFO,28/04/2025,09:32:22,24289,24285.8,1725,24289,675,0,12133050
NIFTY-I.NFO,28/04/2025,09:32:24,24290,24286,75,24290,675,3450,12133050
NIFTY-I.NFO,28/04/2025,09:32:24,24290,24286,75,24290,675,0,12133050
NIFTY-I.NFO,28/04/2025,09:32:25,24295.5,24290,975,24295.7,600,4500,12133050
NIFTY-I.NFO,28/04/2025,09:32:25,24296,24290,975,24295.7,600,0,12133050
NIFTY-I.NFO,28/04/2025,09:32:27,24285.9,24285.8,1650,24290.4,450,4500,12133050
NIFTY-I.NFO,28/04/2025,09:32:27,24296.8,24285.8,1650,24290.4,450,0,12133050
NIFTY-I.NFO,28/04/2025,09:32:29,24289,24287.2,150,24294.9,75,900,12133050
NIFTY-I.NFO,28/04/2025,09:32:30,24292.5,24290,225,24294.6,750,1050,12133050
NIFTY-I.NFO,28/04/2025,09:32:32,24293.7,24290,750,24293.6,450,975,12133050
NIFTY-I.NFO,28/04/2025,09:32:34,24294,24290,675,24293,150,825,12133050
NIFTY-I.NFO,28/04/2025,09:32:35,24294.9,24292,75,24295,225,2325,12133050
NIFTY-I.NFO,28/04/2025,09:32:37,24294,24292,75,24295,525,1350,12133050
NIFTY-I.NFO,28/04/2025,09:32:39,24295,24294,75,24294.9,75,375,12133050
NIFTY-I.NFO,28/04/2025,09:32:40,24294,24290,150,24294.3,150,2025,12133050
NIFTY-I.NFO,28/04/2025,09:32:42,24294,24292.1,75,24295,150,2475,12133050
NIFTY-I.NFO,28/04/2025,09:32:42,24298,24292.1,75,24295,150,0,12133050
NIFTY-I.NFO,28/04/2025,09:32:44,24295.6,24292.1,75,24295.6,675,1575,12133050
NIFTY-I.NFO,28/04/2025,09:32:45,24292.1,24292.1,150,24294,75,975,12133050
NIFTY-I.NFO,28/04/2025,09:32:47,24295,24291.8,675,24294,75,1350,12133050
NIFTY-I.NFO,28/04/2025,09:32:49,24295,24292.3,450,24295,300,675,12133050
NIFTY-I.NFO,28/04/2025,09:32:50,24295,24292.4,450,24295,1800,675,12133050
NIFTY-I.NFO,28/04/2025,09:32:52,24295,24292.5,525,24295,225,1875,12133050
NIFTY-I.NFO,28/04/2025,09:32:54,24297,24293.7,525,24297,225,975,12133050
NIFTY-I.NFO,28/04/2025,09:32:55,24298.9,24298.1,375,24300,3750,15675,12133050
NIFTY-I.NFO,28/04/2025,09:32:55,24300,24298.1,375,24300,3750,0,12133050
NIFTY-I.NFO,28/04/2025,09:32:57,24297,24295.1,150,24297.2,75,3975,12133050
NIFTY-I.NFO,28/04/2025,09:32:59,24296.1,24292.6,150,24295.3,75,3525,12133050
NIFTY-I.NFO,28/04/2025,09:33:00,24297,24297,75,24298.7,450,1500,12133050
NIFTY-I.NFO,28/04/2025,09:33:02,24297.9,24296.1,225,24298,225,1050,12133050
NIFTY-I.NFO,28/04/2025,09:33:04,24295,24293,150,24295,1200,975,12133050
NIFTY-I.NFO,28/04/2025,09:33:05,24284.4,24286.3,375,24292.2,300,14175,12133050
NIFTY-I.NFO,28/04/2025,09:33:07,24293,24290,75,24292.9,75,1950,12133050
NIFTY-I.NFO,28/04/2025,09:33:09,24290,24283.3,150,24290,1200,450,12133050
NIFTY-I.NFO,28/04/2025,09:33:11,24284,24284,150,24290,2625,525,12133050
NIFTY-I.NFO,28/04/2025,09:33:12,24284.5,24284.5,150,24289.9,1800,525,12133050
NIFTY-I.NFO,28/04/2025,09:33:14,24289.9,24284.5,375,24289.5,150,450,12133050
NIFTY-I.NFO,28/04/2025,09:33:16,24284.6,24284.6,75,24289.3,675,675,12133050
NIFTY-I.NFO,28/04/2025,09:33:17,24284.7,24284.8,150,24286,2100,1425,12133050
NIFTY-I.NFO,28/04/2025,09:33:19,24286.2,24286.2,150,24289.9,1200,3150,12133050
NIFTY-I.NFO,28/04/2025,09:33:21,24289.6,24284.5,75,24289.5,225,675,12133050
NIFTY-I.NFO,28/04/2025,09:33:22,24289.5,24285,375,24289.7,825,1500,12173400
NIFTY-I.NFO,28/04/2025,09:33:24,24286,24285.1,75,24286,75,75,12173400
NIFTY-I.NFO,28/04/2025,09:33:25,24289.5,24287.1,75,24289.7,825,375,12173400
NIFTY-I.NFO,28/04/2025,09:33:27,24288.4,24288.5,75,24289.7,300,900,12173400
NIFTY-I.NFO,28/04/2025,09:33:29,24289.6,24289.7,75,24292,75,2625,12173400
NIFTY-I.NFO,28/04/2025,09:33:30,24290.5,24291.1,75,24293,225,375,12173400
NIFTY-I.NFO,28/04/2025,09:33:32,24291.1,24291.1,300,24294.9,900,750,12173400
NIFTY-I.NFO,28/04/2025,09:33:34,24291.5,24291.1,225,24294.9,900,450,12173400
NIFTY-I.NFO,28/04/2025,09:33:35,24289.2,24289,375,24294.9,1200,525,12173400
NIFTY-I.NFO,28/04/2025,09:33:37,24291.6,24292.6,300,24294.9,525,2250,12173400
NIFTY-I.NFO,28/04/2025,09:33:39,24297,24296.3,150,24297.9,75,2700,12173400
NIFTY-I.NFO,28/04/2025,09:33:40,24295.7,24295.7,75,24298.7,75,825,12173400
NIFTY-I.NFO,28/04/2025,09:33:42,24298,24296.3,450,24300,4125,1125,12173400
NIFTY-I.NFO,28/04/2025,09:33:44,24294,24294.8,450,24300,3900,975,12173400
NIFTY-I.NFO,28/04/2025,09:33:45,24297.6,24297.5,75,24300,4200,1275,12173400
NIFTY-I.NFO,28/04/2025,09:33:47,24299.2,24298.8,375,24300,3600,1125,12173400
NIFTY-I.NFO,28/04/2025,09:33:49,24298.8,24297,150,24299.8,75,1350,12173400
NIFTY-I.NFO,28/04/2025,09:33:50,24290.7,24290.5,525,24297.1,75,750,12173400
NIFTY-I.NFO,28/04/2025,09:33:52,24297.7,24291.7,825,24297.7,300,1125,12173400
NIFTY-I.NFO,28/04/2025,09:33:54,24299.8,24295,75,24299.7,150,2625,12173400
NIFTY-I.NFO,28/04/2025,09:33:55,24295,24295,525,24299.9,1650,675,12173400
NIFTY-I.NFO,28/04/2025,09:33:57,24299.7,24295.1,450,24298,375,900,12173400
NIFTY-I.NFO,28/04/2025,09:33:59,24299,24295.6,150,24298,75,600,12173400
NIFTY-I.NFO,28/04/2025,09:34:00,24299.9,24295.7,150,24300,4575,1125,12173400
NIFTY-I.NFO,28/04/2025,09:34:02,24298.1,24295.7,300,24297,825,1125,12173400
NIFTY-I.NFO,28/04/2025,09:34:04,24295.8,24295.8,75,24297,75,1425,12173400
NIFTY-I.NFO,28/04/2025,09:34:05,24297,24297,300,24299,450,375,12173400
NIFTY-I.NFO,28/04/2025,09:34:07,24299.9,24298,150,24300,20175,975,12173400
NIFTY-I.NFO,28/04/2025,09:34:09,24298,24298,375,24299,525,1275,12173400
NIFTY-I.NFO,28/04/2025,09:34:10,24298.5,24298,450,24299,150,750,12173400
NIFTY-I.NFO,28/04/2025,09:34:12,24294.8,24294.6,450,24298,75,5625,12173400
NIFTY-I.NFO,28/04/2025,09:34:14,24297.9,24297.9,2700,24299.8,75,600,12173400
NIFTY-I.NFO,28/04/2025,09:34:15,24297.9,24297.9,2175,24300,20700,1050,12173400
NIFTY-I.NFO,28/04/2025,09:34:17,24298,24298,19425,24300,20100,3300,12173400
NIFTY-I.NFO,28/04/2025,09:34:19,24298,24298,19125,24300,18375,2100,12173400
NIFTY-I.NFO,28/04/2025,09:34:20,24300,24298.6,150,24300,16650,2400,12173400
NIFTY-I.NFO,28/04/2025,09:34:22,24300,24298.9,225,24300,12825,5550,12173400
NIFTY-I.NFO,28/04/2025,09:34:24,24300,24299.9,600,24300,5025,8250,12173400
NIFTY-I.NFO,28/04/2025,09:34:25,24319.9,24317,525,24320,2025,25725,12173400
NIFTY-I.NFO,28/04/2025,09:34:25,24319.9,24317,525,24320,2025,0,12173400
NIFTY-I.NFO,28/04/2025,09:34:27,24321.1,24314.4,150,24320.5,75,4125,12173400
NIFTY-I.NFO,28/04/2025,09:34:27,24321.1,24314.4,150,24320.5,75,0,12173400
NIFTY-I.NFO,28/04/2025,09:34:29,24321.4,24314.9,150,24321.4,75,1875,12173400
NIFTY-I.NFO,28/04/2025,09:34:29,24321.9,24314.9,150,24321.4,75,0,12173400
NIFTY-I.NFO,28/04/2025,09:34:30,24321.7,24317.3,600,24322,225,3375,12173400
NIFTY-I.NFO,28/04/2025,09:34:32,24323.8,24317.8,75,24324,1575,1875,12173400
NIFTY-I.NFO,28/04/2025,09:34:32,24324,24317.8,75,24324,1575,0,12173400
NIFTY-I.NFO,28/04/2025,09:34:34,24320,24318.6,150,24324,1125,2775,12173400
NIFTY-I.NFO,28/04/2025,09:34:35,24320,24319.2,75,24320,1575,8925,12173400
NIFTY-I.NFO,28/04/2025,09:34:35,24325,24319.2,75,24320,1575,0,12173400
NIFTY-I.NFO,28/04/2025,09:34:37,24320,24319.4,225,24323.9,75,3675,12173400
NIFTY-I.NFO,28/04/2025,09:34:39,24323.2,24323.9,150,24325,2100,900,12173400
NIFTY-I.NFO,28/04/2025,09:34:40,24324,24324,375,24325,825,2100,12173400
NIFTY-I.NFO,28/04/2025,09:34:42,24329.3,24325,150,24329.3,75,2550,12173400
NIFTY-I.NFO,28/04/2025,09:34:42,24329.3,24325,150,24329.3,75,0,12173400
NIFTY-I.NFO,28/04/2025,09:34:44,24328.4,24325,1200,24328.3,75,2700,12173400
NIFTY-I.NFO,28/04/2025,09:34:45,24325.5,24324.1,150,24326.3,1500,3300,12173400
NIFTY-I.NFO,28/04/2025,09:34:47,24323.3,24317.2,150,24323.3,900,5700,12173400
NIFTY-I.NFO,28/04/2025,09:34:49,24324.6,24321,150,24325,825,750,12173400
NIFTY-I.NFO,28/04/2025,09:34:50,24325,24321,150,24325,150,1275,12173400
NIFTY-I.NFO,28/04/2025,09:34:52,24325.1,24321,150,24325,150,975,12173400
NIFTY-I.NFO,28/04/2025,09:34:54,24321.4,24321.4,75,24324.1,75,1275,12173400
NIFTY-I.NFO,28/04/2025,09:34:55,24320.4,24320.5,975,24324.9,1425,6750,12173400
NIFTY-I.NFO,28/04/2025,09:34:57,24324.9,24322,300,24324.9,1200,675,12173400
NIFTY-I.NFO,28/04/2025,09:34:59,24329,24326.1,375,24329.3,75,2625,12173400
NIFTY-I.NFO,28/04/2025,09:35:00,24330,24326.3,150,24330,2325,1275,12173400
NIFTY-I.NFO,28/04/2025,09:35:00,24330,24326.3,150,24330,2325,0,12173400
NIFTY-I.NFO,28/04/2025,09:35:02,24330,24326.4,75,24330,2025,1350,12173400
NIFTY-I.NFO,28/04/2025,09:35:04,24330,24326,75,24330,1725,750,12173400
NIFTY-I.NFO,28/04/2025,09:35:05,24326.4,24325.3,150,24326.4,4575,2850,12173400
NIFTY-I.NFO,28/04/2025,09:35:07,24325.1,24325,75,24326.1,75,7125,12173400
NIFTY-I.NFO,28/04/2025,09:35:09,24324.7,24324.7,375,24326.4,2625,1500,12173400
NIFTY-I.NFO,28/04/2025,09:35:11,24327.2,24327.6,75,24330,1275,6600,12173400
NIFTY-I.NFO,28/04/2025,09:35:12,24327.8,24327.9,75,24333,375,2550,12173400
NIFTY-I.NFO,28/04/2025,09:35:12,24333,24327.9,75,24333,375,0,12173400
NIFTY-I.NFO,28/04/2025,09:35:14,24327.8,24327.8,150,24333,300,1275,12173400
NIFTY-I.NFO,28/04/2025,09:35:16,24333.7,24328.2,825,24333.5,150,825,12173400
NIFTY-I.NFO,28/04/2025,09:35:16,24333.7,24328.2,825,24333.5,150,0,12173400
NIFTY-I.NFO,28/04/2025,09:35:17,24333.9,24329,150,24334,75,675,12173400
NIFTY-I.NFO,28/04/2025,09:35:17,24333.9,24329,150,24334,75,0,12173400
NIFTY-I.NFO,28/04/2025,09:35:19,24328.3,24328.4,900,24334.3,300,4425,12173400
NIFTY-I.NFO,28/04/2025,09:35:19,24334.3,24328.4,900,24334.3,300,0,12173400
NIFTY-I.NFO,28/04/2025,09:35:21,24335.7,24330.1,900,24333,75,2025,12173400
NIFTY-I.NFO,28/04/2025,09:35:21,24335.7,24330.1,900,24333,75,0,12173400
NIFTY-I.NFO,28/04/2025,09:35:22,24334.3,24335.4,225,24339.1,225,1725,12173400
NIFTY-I.NFO,28/04/2025,09:35:22,24339.1,24335.4,225,24339.1,225,0,12173400
NIFTY-I.NFO,28/04/2025,09:35:24,24335.4,24335.4,150,24339,150,600,12173400
NIFTY-I.NFO,28/04/2025,09:35:26,24335.4,24335.4,225,24339,1800,1500,12173400
NIFTY-I.NFO,28/04/2025,09:35:27,24335.4,24335.2,375,24337.9,225,3375,12173400
NIFTY-I.NFO,28/04/2025,09:35:29,24338.3,24335.2,225,24335.4,75,1350,12173400
NIFTY-I.NFO,28/04/2025,09:35:31,24337.7,24335.2,150,24337.6,150,2925,12173400
NIFTY-I.NFO,28/04/2025,09:35:32,24338,24338,300,24338.6,75,1725,12173400
NIFTY-I.NFO,28/04/2025,09:35:34,24337.8,24334,225,24337.8,750,1050,12173400
NIFTY-I.NFO,28/04/2025,09:35:36,24335.5,24335,300,24336.1,750,825,12173400
NIFTY-I.NFO,28/04/2025,09:35:37,24333.5,24330.5,525,24333.5,675,1050,12173400
NIFTY-I.NFO,28/04/2025,09:35:39,24333.5,24330.5,525,24333.5,525,750,12173400
NIFTY-I.NFO,28/04/2025,09:35:41,24329.6,24329.6,675,24334.8,150,2325,12173400
NIFTY-I.NFO,28/04/2025,09:35:42,24333.5,24329.8,375,24334.9,150,975,12173400
NIFTY-I.NFO,28/04/2025,09:35:44,24326.4,24326.4,1275,24329,300,1275,12173400
NIFTY-I.NFO,28/04/2025,09:35:46,24325,24325,525,24328.6,150,3000,12173400
NIFTY-I.NFO,28/04/2025,09:35:47,24325,24324.9,300,24327.6,600,1125,12173400
NIFTY-I.NFO,28/04/2025,09:35:49,24322.4,24322.5,300,24326.4,75,900,12173400
NIFTY-I.NFO,28/04/2025,09:35:51,24322.9,24323,75,24326.4,150,75,12173400
NIFTY-I.NFO,28/04/2025,09:35:52,24322.6,24322.1,150,24322.4,75,975,12173400
NIFTY-I.NFO,28/04/2025,09:35:54,24320.3,24320.4,150,24322.6,75,750,12173400
NIFTY-I.NFO,28/04/2025,09:35:56,24322.1,24320,1575,24322.1,75,1275,12173400
NIFTY-I.NFO,28/04/2025,09:35:57,24320.3,24320.3,900,24321.9,525,1275,12173400
NIFTY-I.NFO,28/04/2025,09:35:59,24316,24315.1,975,24320,225,2850,12173400
NIFTY-I.NFO,28/04/2025,09:36:01,24318,24315.9,150,24318,225,3600,12173400
NIFTY-I.NFO,28/04/2025,09:36:02,24316.8,24317.5,75,24324.7,150,3300,12173400
NIFTY-I.NFO,28/04/2025,09:36:04,24324.9,24318.9,75,24324.8,150,825,12173400
NIFTY-I.NFO,28/04/2025,09:36:06,24318.1,24318.1,450,24322.1,150,2250,12173400
NIFTY-I.NFO,28/04/2025,09:36:07,24319.4,24319.5,1050,24322.1,75,1425,12173400
NIFTY-I.NFO,28/04/2025,09:36:09,24323.4,24323.5,225,24325,675,675,12173400
NIFTY-I.NFO,28/04/2025,09:36:11,24326.3,24327.5,75,24328.5,75,3150,12173400
NIFTY-I.NFO,28/04/2025,09:36:12,24328.5,24327.5,600,24329,300,375,12173400
NIFTY-I.NFO,28/04/2025,09:36:14,24327.2,24326.2,375,24327.2,975,825,12173400
NIFTY-I.NFO,28/04/2025,09:36:16,24326.2,24323.4,75,24327.2,975,375,12173400
NIFTY-I.NFO,28/04/2025,09:36:17,24326.3,24324.1,75,24327.2,900,10650,12173400
NIFTY-I.NFO,28/04/2025,09:36:19,24321.7,24322.5,75,24325,300,5175,12173400
NIFTY-I.NFO,28/04/2025,09:36:21,24326.8,24321.5,75,24325,300,1425,12173400
NIFTY-I.NFO,28/04/2025,09:36:22,24322.1,24322.7,525,24324.1,150,900,12222675
NIFTY-I.NFO,28/04/2025,09:36:24,24326.8,24326.2,75,24326.8,75,2325,12222675
NIFTY-I.NFO,28/04/2025,09:36:25,24326.8,24326.6,300,24328,225,1275,12222675
NIFTY-I.NFO,28/04/2025,09:36:27,24329.9,24329.9,75,24330,1125,1125,12222675
NIFTY-I.NFO,28/04/2025,09:36:29,24332,24331,150,24332,75,1650,12222675
NIFTY-I.NFO,28/04/2025,09:36:30,24332,24332,75,24333,225,1125,12222675
NIFTY-I.NFO,28/04/2025,09:36:32,24331,24332,225,24333,225,1575,12222675
NIFTY-I.NFO,28/04/2025,09:36:34,24346.7,24341.4,75,24346.7,225,7950,12222675
NIFTY-I.NFO,28/04/2025,09:36:34,24346.7,24341.4,75,24346.7,225,0,12222675
NIFTY-I.NFO,28/04/2025,09:36:35,24346.9,24340.3,150,24347,1050,1575,12222675
NIFTY-I.NFO,28/04/2025,09:36:35,24347,24340.3,150,24347,1050,0,12222675
NIFTY-I.NFO,28/04/2025,09:36:37,24341.3,24341.3,225,24347,825,3150,12222675
NIFTY-I.NFO,28/04/2025,09:36:39,24347,24346.9,75,24347,75,1500,12222675
NIFTY-I.NFO,28/04/2025,09:36:40,24337.3,24337.4,300,24344.3,225,1500,12222675
NIFTY-I.NFO,28/04/2025,09:36:42,24337.4,24337.6,375,24340,75,1800,12222675
NIFTY-I.NFO,28/04/2025,09:36:44,24345,24344.5,75,24345,450,1050,12222675
NIFTY-I.NFO,28/04/2025,09:36:45,24343.8,24341,150,24345,375,2625,12222675
NIFTY-I.NFO,28/04/2025,09:36:47,24342.5,24341.6,300,24345,150,2400,12222675
NIFTY-I.NFO,28/04/2025,09:36:49,24345.7,24345.4,300,24346,75,750,12222675
NIFTY-I.NFO,28/04/2025,09:36:50,24349,24348.9,300,24349,750,2925,12222675
NIFTY-I.NFO,28/04/2025,09:36:50,24349,24348.9,300,24349,750,0,12222675
NIFTY-I.NFO,28/04/2025,09:36:52,24349,24348.9,225,24349,300,975,12222675
NIFTY-I.NFO,28/04/2025,09:36:54,24348.9,24349.1,225,24349.8,150,1350,12222675
NIFTY-I.NFO,28/04/2025,09:36:54,24349.7,24349.1,225,24349.8,150,0,12222675
NIFTY-I.NFO,28/04/2025,09:36:55,24354.7,24350,15675,24354.7,300,11100,12222675
NIFTY-I.NFO,28/04/2025,09:36:55,24354.8,24350,15675,24354.7,300,0,12222675
NIFTY-I.NFO,28/04/2025,09:36:57,24350.1,24350.1,225,24354.5,600,6450,12222675
NIFTY-I.NFO,28/04/2025,09:36:57,24355,24350.1,225,24354.5,600,0,12222675
NIFTY-I.NFO,28/04/2025,09:36:59,24350,24350,1950,24354.8,150,10875,12222675
NIFTY-I.NFO,28/04/2025,09:37:00,24348,24346.9,75,24349.4,600,3000,12222675
NIFTY-I.NFO,28/04/2025,09:37:02,24350.3,24342.6,375,24350.3,450,3225,12222675
NIFTY-I.NFO,28/04/2025,09:37:04,24342.8,24341.6,150,24349.4,225,1725,12222675
NIFTY-I.NFO,28/04/2025,09:37:05,24348.7,24341.6,300,24348.7,750,1875,12222675
NIFTY-I.NFO,28/04/2025,09:37:07,24344.1,24343.1,150,24350,450,2175,12222675
NIFTY-I.NFO,28/04/2025,09:37:09,24346.3,24339.9,375,24346.8,300,10950,12222675
NIFTY-I.NFO,28/04/2025,09:37:10,24348,24341.6,225,24348,75,525,12222675
NIFTY-I.NFO,28/04/2025,09:37:12,24344,24344.4,300,24348,75,225,12222675
NIFTY-I.NFO,28/04/2025,09:37:14,24346,24346.1,75,24347.8,150,3075,12222675
NIFTY-I.NFO,28/04/2025,09:37:15,24347.9,24347.9,225,24348,150,975,12222675
NIFTY-I.NFO,28/04/2025,09:37:17,24347.8,24344.5,225,24348.7,750,1875,12222675
NIFTY-I.NFO,28/04/2025,09:37:19,24342.6,24343.5,225,24346.1,75,900,12222675
NIFTY-I.NFO,28/04/2025,09:37:21,24349,24347.9,75,24349.8,375,7800,12222675
NIFTY-I.NFO,28/04/2025,09:37:22,24345,24345,525,24348.4,600,1050,12222675
NIFTY-I.NFO,28/04/2025,09:37:24,24348.6,24345,600,24347.2,450,375,12222675
NIFTY-I.NFO,28/04/2025,09:37:26,24348.9,24347,150,24348.9,375,1200,12222675
NIFTY-I.NFO,28/04/2025,09:37:27,24350,24347,225,24350,750,375,12222675
NIFTY-I.NFO,28/04/2025,09:37:29,24345.3,24345.8,150,24350,1725,825,12222675
NIFTY-I.NFO,28/04/2025,09:37:31,24345,24345,600,24350,1650,450,12222675
NIFTY-I.NFO,28/04/2025,09:37:32,24345,24342.3,150,24345,75,1050,12222675
NIFTY-I.NFO,28/04/2025,09:37:34,24348,24343.5,150,24348.9,75,225,12222675
NIFTY-I.NFO,28/04/2025,09:37:36,24342.2,24342,150,24345,75,225,12222675
NIFTY-I.NFO,28/04/2025,09:37:37,24350,24347.9,525,24350,300,1950,12222675
NIFTY-I.NFO,28/04/2025,09:37:39,24352,24351.1,75,24352.4,150,2475,12222675
NIFTY-I.NFO,28/04/2025,09:37:41,24352.1,24353.4,300,24355,900,1650,12222675
NIFTY-I.NFO,28/04/2025,09:37:42,24355,24355,75,24356,450,1500,12222675
NIFTY-I.NFO,28/04/2025,09:37:44,24358,24357.8,300,24358,300,3600,12222675
NIFTY-I.NFO,28/04/2025,09:37:44,24358,24357.8,300,24358,300,0,12222675
NIFTY-I.NFO,28/04/2025,09:37:46,24360.9,24360.9,225,24361.3,300,4650,12222675
NIFTY-I.NFO,28/04/2025,09:37:46,24361,24360.9,225,24361.3,300,0,12222675
NIFTY-I.NFO,28/04/2025,09:37:47,24365,24362.5,450,24365,79125,16875,12222675
NIFTY-I.NFO,28/04/2025,09:37:47,24365,24362.5,450,24365,79125,0,12222675
NIFTY-I.NFO,28/04/2025,09:37:49,24360.3,24360,75,24360.3,150,1950,12222675
NIFTY-I.NFO,28/04/2025,09:37:51,24360.3,24360.3,75,24362.4,150,1800,12222675
NIFTY-I.NFO,28/04/2025,09:37:52,24364,24360.4,150,24364,1500,1575,12222675
NIFTY-I.NFO,28/04/2025,09:37:54,24360.2,24357.7,75,24359.9,75,1050,12222675
NIFTY-I.NFO,28/04/2025,09:37:56,24359.7,24360.9,75,24364,675,2325,12222675
NIFTY-I.NFO,28/04/2025,09:37:57,24360,24360,75,24361,75,675,12222675
NIFTY-I.NFO,28/04/2025,09:37:59,24360.9,24360.9,6825,24362,75,825,12222675
NIFTY-I.NFO,28/04/2025,09:38:01,24364,24360.9,6300,24364.9,75,2100,12222675
NIFTY-I.NFO,28/04/2025,09:38:02,24360.9,24360.9,5100,24362.7,375,1575,12222675
NIFTY-I.NFO,28/04/2025,09:38:04,24362.7,24360.9,2325,24363.9,75,3450,12222675
NIFTY-I.NFO,28/04/2025,09:38:06,24360.9,24360.9,1500,24364,225,2325,12222675
NIFTY-I.NFO,28/04/2025,09:38:07,24363.9,24362.4,75,24364,300,1425,12222675
NIFTY-I.NFO,28/04/2025,09:38:09,24363.9,24362.4,75,24363.9,75,3525,12222675
NIFTY-I.NFO,28/04/2025,09:38:11,24362.4,24360.3,75,24362.4,525,750,12222675
NIFTY-I.NFO,28/04/2025,09:38:12,24360.9,24359,300,24362.3,75,750,12222675
NIFTY-I.NFO,28/04/2025,09:38:14,24358.3,24358.1,300,24362,75,150,12222675
NIFTY-I.NFO,28/04/2025,09:38:16,24358.5,24358,150,24359.6,75,1200,12222675
NIFTY-I.NFO,28/04/2025,09:38:17,24359.4,24356.3,150,24360,29850,900,12222675
NIFTY-I.NFO,28/04/2025,09:38:19,24360,24358.2,150,24360,29850,225,12222675
NIFTY-I.NFO,28/04/2025,09:38:21,24360,24359.8,225,24360,825,29925,12222675
NIFTY-I.NFO,28/04/2025,09:38:22,24361.8,24361.8,150,24362.4,2250,3900,12222675
NIFTY-I.NFO,28/04/2025,09:38:24,24359.2,24360,75,24362.4,2025,5100,12222675
NIFTY-I.NFO,28/04/2025,09:38:26,24360,24358.9,75,24362.2,450,825,12222675
NIFTY-I.NFO,28/04/2025,09:38:27,24358,24356,1050,24359.3,75,225,12222675
NIFTY-I.NFO,28/04/2025,09:38:29,24354.8,24354.8,75,24356,1125,2175,12222675
NIFTY-I.NFO,28/04/2025,09:38:31,24356,24354,1200,24356,75,1650,12222675
NIFTY-I.NFO,28/04/2025,09:38:32,24355,24354.1,1200,24355,1200,450,12222675
NIFTY-I.NFO,28/04/2025,09:38:34,24356.3,24355.9,225,24359,1725,1800,12222675
NIFTY-I.NFO,28/04/2025,09:38:36,24358.9,24354,75,24358.5,600,450,12222675
NIFTY-I.NFO,28/04/2025,09:38:37,24352.6,24352.4,1200,24355,1500,375,12222675
NIFTY-I.NFO,28/04/2025,09:38:39,24352.3,24352.1,150,24355,975,1050,12222675
NIFTY-I.NFO,28/04/2025,09:38:40,24352.4,24352.2,1200,24355,1200,675,12222675
NIFTY-I.NFO,28/04/2025,09:38:42,24352.6,24352.9,1200,24355,1275,150,12222675
NIFTY-I.NFO,28/04/2025,09:38:44,24355.9,24355.9,1200,24359,1800,2100,12222675
NIFTY-I.NFO,28/04/2025,09:38:45,24359,24356.4,75,24359,1500,675,12222675
NIFTY-I.NFO,28/04/2025,09:38:47,24359,24358.7,375,24359,375,1650,12222675
NIFTY-I.NFO,28/04/2025,09:38:49,24362.4,24362.2,600,24362.4,375,6075,12222675
NIFTY-I.NFO,28/04/2025,09:38:50,24362.4,24362.3,150,24363,225,450,12222675
NIFTY-I.NFO,28/04/2025,09:38:52,24362,24356.8,75,24362,150,600,12222675
NIFTY-I.NFO,28/04/2025,09:38:54,24360.4,24357.4,1200,24362,150,375,12222675
NIFTY-I.NFO,28/04/2025,09:38:55,24354.3,24354,6225,24355,675,450,12222675
NIFTY-I.NFO,28/04/2025,09:38:57,24355,24354,6225,24355,300,375,12222675
NIFTY-I.NFO,28/04/2025,09:38:59,24354.2,24355.2,375,24359.9,75,1950,12222675
NIFTY-I.NFO,28/04/2025,09:39:00,24356,24354.9,75,24356,150,900,12222675
NIFTY-I.NFO,28/04/2025,09:39:02,24354,24355.5,300,24359,375,525,12222675
NIFTY-I.NFO,28/04/2025,09:39:04,24354,24354,3300,24355.8,150,2850,12222675
NIFTY-I.NFO,28/04/2025,09:39:05,24354,24354,3075,24354.1,75,375,12222675
NIFTY-I.NFO,28/04/2025,09:39:07,24349.6,24345,225,24350.8,300,6150,12222675
NIFTY-I.NFO,28/04/2025,09:39:09,24351.4,24350,75,24351.4,375,1575,12222675
NIFTY-I.NFO,28/04/2025,09:39:10,24343.1,24344.6,375,24350.8,300,1350,12222675
NIFTY-I.NFO,28/04/2025,09:39:12,24343.8,24343.8,150,24350,300,1125,12222675
NIFTY-I.NFO,28/04/2025,09:39:14,24350,24345.8,300,24350,1200,675,12222675
NIFTY-I.NFO,28/04/2025,09:39:15,24349,24347.9,150,24349,75,8100,12222675
NIFTY-I.NFO,28/04/2025,09:39:17,24350,24350,2325,24351.8,75,900,12222675
NIFTY-I.NFO,28/04/2025,09:39:19,24345.1,24345.2,975,24350,75,10275,12222675
NIFTY-I.NFO,28/04/2025,09:39:20,24350,24350,3450,24351,75,825,12222675
NIFTY-I.NFO,28/04/2025,09:39:22,24350,24350,2550,24351,375,1500,12243975
NIFTY-I.NFO,28/04/2025,09:39:24,24351.9,24350,8850,24352,75,600,12243975
NIFTY-I.NFO,28/04/2025,09:39:25,24350,24350,6300,24351.8,75,2925,12243975
NIFTY-I.NFO,28/04/2025,09:39:27,24350,24350,5700,24352,75,1800,12243975
NIFTY-I.NFO,28/04/2025,09:39:29,24351.9,24351.9,525,24352,150,150,12243975
NIFTY-I.NFO,28/04/2025,09:39:31,24351.8,24350,5775,24351.3,1050,1125,12243975
NIFTY-I.NFO,28/04/2025,09:39:32,24350,24350,3375,24350.7,75,3675,12243975
NIFTY-I.NFO,28/04/2025,09:39:34,24350,24350,2625,24351,75,1425,12243975
NIFTY-I.NFO,28/04/2025,09:39:36,24350.5,24350.2,300,24355,300,1725,12243975
NIFTY-I.NFO,28/04/2025,09:39:37,24355.3,24354.9,450,24355.8,150,750,12243975
NIFTY-I.NFO,28/04/2025,09:39:39,24354.9,24354.9,525,24355.8,150,450,12243975
NIFTY-I.NFO,28/04/2025,09:39:41,24356.8,24354.9,525,24357.1,75,375,12243975
NIFTY-I.NFO,28/04/2025,09:39:42,24352.5,24352.5,75,24355,75,825,12243975
NIFTY-I.NFO,28/04/2025,09:39:44,24354.9,24354.9,75,24355.7,150,2025,12243975
NIFTY-I.NFO,28/04/2025,09:39:46,24355.7,24355.7,75,24359,1650,375,12243975
NIFTY-I.NFO,28/04/2025,09:39:47,24355,24355,600,24357.2,150,375,12243975
NIFTY-I.NFO,28/04/2025,09:39:49,24358.4,24355,450,24357.7,1500,900,12243975
NIFTY-I.NFO,28/04/2025,09:39:51,24358.2,24356,75,24359.3,750,975,12243975
NIFTY-I.NFO,28/04/2025,09:39:52,24359.9,24356.1,75,24359.9,150,975,12243975
NIFTY-I.NFO,28/04/2025,09:39:54,24354.9,24353.5,225,24359.9,150,975,12243975
NIFTY-I.NFO,28/04/2025,09:39:56,24358.8,24357.6,825,24358.9,75,750,12243975
NIFTY-I.NFO,28/04/2025,09:39:57,24359.1,24359.2,75,24359.7,150,750,12243975
NIFTY-I.NFO,28/04/2025,09:39:59,24360,24359.8,150,24361.2,75,3075,12243975
NIFTY-I.NFO,28/04/2025,09:40:01,24361.2,24361.2,75,24362,150,825,12243975
NIFTY-I.NFO,28/04/2025,09:40:02,24360.2,24360.2,75,24362.8,150,825,12243975
NIFTY-I.NFO,28/04/2025,09:40:04,24360.1,24360.9,75,24362.8,75,300,12243975
NIFTY-I.NFO,28/04/2025,09:40:06,24365,24360.9,225,24363.6,600,1875,12243975
NIFTY-I.NFO,28/04/2025,09:40:07,24363,24359.8,150,24359.9,75,2175,12243975
NIFTY-I.NFO,28/04/2025,09:40:09,24364.1,24360,600,24364.7,75,1500,12243975
NIFTY-I.NFO,28/04/2025,09:40:11,24363,24360,375,24362,750,600,12243975
NIFTY-I.NFO,28/04/2025,09:40:12,24360,24360,300,24360.8,75,825,12243975
NIFTY-I.NFO,28/04/2025,09:40:14,24360.8,24360.8,300,24360.9,150,225,12243975
NIFTY-I.NFO,28/04/2025,09:40:16,24360.8,24360.9,150,24362,300,375,12243975
NIFTY-I.NFO,28/04/2025,09:40:17,24360.9,24360,225,24360.8,525,600,12243975
NIFTY-I.NFO,28/04/2025,09:40:19,24356.9,24356,675,24359.7,75,7125,12243975
NIFTY-I.NFO,28/04/2025,09:40:21,24356.1,24359.3,675,24360,300,750,12243975
NIFTY-I.NFO,28/04/2025,09:40:22,24359.3,24359.3,150,24359.9,225,750,12243975
NIFTY-I.NFO,28/04/2025,09:40:24,24359.9,24359.3,150,24360,450,150,12243975
NIFTY-I.NFO,28/04/2025,09:40:25,24356.1,24355,150,24358.9,375,900,12243975
NIFTY-I.NFO,28/04/2025,09:40:27,24355,24355,225,24358.3,75,300,12243975
NIFTY-I.NFO,28/04/2025,09:40:29,24359.3,24357.4,150,24359.9,75,525,12243975
NIFTY-I.NFO,28/04/2025,09:40:30,24360,24359.9,150,24360,450,600,12243975
NIFTY-I.NFO,28/04/2025,09:40:32,24355,24355,150,24356.7,675,1050,12243975
NIFTY-I.NFO,28/04/2025,09:40:34,24355,24355,225,24356.5,375,675,12243975
NIFTY-I.NFO,28/04/2025,09:40:35,24351.9,24350.1,225,24354.9,75,1125,12243975
NIFTY-I.NFO,28/04/2025,09:40:37,24350.4,24350.8,375,24354.8,75,825,12243975
NIFTY-I.NFO,28/04/2025,09:40:39,24350.1,24350,1875,24353.3,150,1200,12243975
NIFTY-I.NFO,28/04/2025,09:40:40,24350,24350,1725,24352.5,75,225,12243975
NIFTY-I.NFO,28/04/2025,09:40:42,24350.4,24350,1350,24352.2,75,525,12243975
NIFTY-I.NFO,28/04/2025,09:40:44,24344,24342.2,75,24345.4,450,3900,12243975
NIFTY-I.NFO,28/04/2025,09:40:45,24340.5,24340.2,300,24340.5,300,2100,12243975
NIFTY-I.NFO,28/04/2025,09:40:47,24340,24337.4,75,24340.4,450,825,12243975
NIFTY-I.NFO,28/04/2025,09:40:49,24336.3,24337.5,75,24340.5,300,600,12243975
NIFTY-I.NFO,28/04/2025,09:40:50,24337.7,24337.6,150,24343.5,375,1500,12243975
NIFTY-I.NFO,28/04/2025,09:40:52,24338.2,24338.2,225,24340,75,525,12243975
NIFTY-I.NFO,28/04/2025,09:40:54,24343.8,24338.2,75,24343.6,300,1125,12243975
NIFTY-I.NFO,28/04/2025,09:40:55,24338.5,24338.6,75,24342.1,375,75,12243975
NIFTY-I.NFO,28/04/2025,09:40:57,24340,24338.5,1275,24343.7,450,375,12243975
NIFTY-I.NFO,28/04/2025,09:40:59,24338.5,24338.5,750,24340.4,450,600,12243975
NIFTY-I.NFO,28/04/2025,09:41:00,24338.5,24340.4,225,24343.7,450,900,12243975
NIFTY-I.NFO,28/04/2025,09:41:02,24344,24340.5,300,24344,75,975,12243975
NIFTY-I.NFO,28/04/2025,09:41:04,24340.6,24340.6,300,24343.9,75,1725,12243975
NIFTY-I.NFO,28/04/2025,09:41:05,24344,24340.7,375,24344.1,75,525,12243975
NIFTY-I.NFO,28/04/2025,09:41:07,24338,24338.5,75,24340,300,1050,12243975
NIFTY-I.NFO,28/04/2025,09:41:09,24340,24338.5,75,24340,150,300,12243975
NIFTY-I.NFO,28/04/2025,09:41:10,24336,24336.6,75,24341.8,300,975,12243975
NIFTY-I.NFO,28/04/2025,09:41:12,24342.8,24340,75,24340.6,150,225,12243975
NIFTY-I.NFO,28/04/2025,09:41:14,24343.9,24342.4,75,24345,225,525,12243975
NIFTY-I.NFO,28/04/2025,09:41:15,24342.4,24341.8,300,24343.4,150,675,12243975
NIFTY-I.NFO,28/04/2025,09:41:17,24340,24341,300,24343.4,75,525,12243975
NIFTY-I.NFO,28/04/2025,09:41:19,24340.5,24340.3,75,24344,75,825,12243975
NIFTY-I.NFO,28/04/2025,09:41:20,24344.4,24342.3,75,24346.5,225,1950,12243975
NIFTY-I.NFO,28/04/2025,09:41:22,24345,24342.4,150,24348.3,375,375,12243975
NIFTY-I.NFO,28/04/2025,09:41:24,24340.6,24340,75,24342.3,75,675,12243975
NIFTY-I.NFO,28/04/2025,09:41:25,24338.7,24338.7,150,24343.6,150,975,12243975
NIFTY-I.NFO,28/04/2025,09:41:27,24336,24336,375,24340.7,150,375,12243975
NIFTY-I.NFO,28/04/2025,09:41:29,24335.3,24335.1,75,24335.4,75,1275,12243975
NIFTY-I.NFO,28/04/2025,09:41:30,24336.2,24335.4,150,24335.6,75,1650,12243975
NIFTY-I.NFO,28/04/2025,09:41:32,24336.8,24336.8,75,24340.3,150,3375,12243975
NIFTY-I.NFO,28/04/2025,09:41:34,24336.5,24336.2,75,24340.1,75,1500,12243975
NIFTY-I.NFO,28/04/2025,09:41:36,24335,24335,75,24335.4,150,2775,12243975
NIFTY-I.NFO,28/04/2025,09:41:37,24333.7,24333.7,6675,24335.3,150,3825,12243975
NIFTY-I.NFO,28/04/2025,09:41:39,24333.7,24333.7,3300,24334.3,75,3600,12243975
NIFTY-I.NFO,28/04/2025,09:41:41,24332.6,24332.6,1050,24333.5,225,3900,12243975
NIFTY-I.NFO,28/04/2025,09:41:42,24332.5,24332,750,24332.7,225,1275,12243975
NIFTY-I.NFO,28/04/2025,09:41:44,24330.2,24330,1425,24330.1,75,1950,12243975
NIFTY-I.NFO,28/04/2025,09:41:46,24326,24325.1,75,24325.5,150,3225,12243975
NIFTY-I.NFO,28/04/2025,09:41:47,24315.1,24315.1,750,24319,75,7500,12243975
NIFTY-I.NFO,28/04/2025,09:41:49,24316.3,24312.7,300,24317.4,450,2400,12243975
NIFTY-I.NFO,28/04/2025,09:41:51,24317.9,24319,150,24323.1,150,675,12243975
NIFTY-I.NFO,28/04/2025,09:41:52,24320,24322,750,24324.1,150,1575,12243975
NIFTY-I.NFO,28/04/2025,09:41:54,24319.9,24320.6,1500,24320.9,75,2325,12243975
NIFTY-I.NFO,28/04/2025,09:41:56,24320.6,24320.6,1125,24323,525,1575,12243975
NIFTY-I.NFO,28/04/2025,09:41:57,24320.6,24320.6,900,24321.6,75,600,12243975
NIFTY-I.NFO,28/04/2025,09:41:59,24320.5,24320,75,24320.5,75,525,12243975
NIFTY-I.NFO,28/04/2025,09:42:01,24315,24315.2,1275,24320.5,300,1725,12243975
NIFTY-I.NFO,28/04/2025,09:42:02,24322,24320.8,750,24324.9,150,2025,12243975
NIFTY-I.NFO,28/04/2025,09:42:04,24325,24325,1350,24325.1,75,1725,12243975
NIFTY-I.NFO,28/04/2025,09:42:06,24324,24321.8,450,24324,375,1875,12243975
NIFTY-I.NFO,28/04/2025,09:42:07,24324,24321.9,225,24323,75,525,12243975
NIFTY-I.NFO,28/04/2025,09:42:09,24323.4,24322.6,75,24325,225,825,12243975
NIFTY-I.NFO,28/04/2025,09:42:11,24320.6,24320.6,1200,24324.4,150,1500,12243975
NIFTY-I.NFO,28/04/2025,09:42:12,24325,24325,225,24325.9,525,3075,12243975
NIFTY-I.NFO,28/04/2025,09:42:14,24325,24321.2,75,24327,375,225,12243975
NIFTY-I.NFO,28/04/2025,09:42:15,24326.4,24320.7,375,24326.9,375,675,12243975
NIFTY-I.NFO,28/04/2025,09:42:17,24321.9,24321.7,375,24326.9,75,675,12243975
NIFTY-I.NFO,28/04/2025,09:42:19,24327,24323.9,225,24328.9,150,525,12243975
NIFTY-I.NFO,28/04/2025,09:42:20,24325,24323.6,375,24328.9,150,1275,12243975
NIFTY-I.NFO,28/04/2025,09:42:22,24332.5,24327.3,375,24332.4,75,3825,12272625
NIFTY-I.NFO,28/04/2025,09:42:24,24333.6,24327.3,225,24333.6,75,2850,12272625
NIFTY-I.NFO,28/04/2025,09:42:25,24336.9,24331.7,300,24336.9,75,3300,12272625
NIFTY-I.NFO,28/04/2025,09:42:27,24331.3,24332,150,24339.2,150,1725,12272625
NIFTY-I.NFO,28/04/2025,09:42:29,24331.8,24331.8,300,24336.9,75,825,12272625
NIFTY-I.NFO,28/04/2025,09:42:30,24336.6,24331.8,75,24336.7,300,900,12272625
NIFTY-I.NFO,28/04/2025,09:42:32,24327.5,24327.5,75,24330.2,525,675,12272625
NIFTY-I.NFO,28/04/2025,09:42:34,24325.3,24325.3,300,24330.5,75,825,12272625
NIFTY-I.NFO,28/04/2025,09:42:35,24325.3,24325.3,75,24330,600,975,12272625
NIFTY-I.NFO,28/04/2025,09:42:37,24325,24324.5,150,24330.5,75,3225,12272625
NIFTY-I.NFO,28/04/2025,09:42:39,24331.8,24325.9,375,24331.8,150,600,12272625
NIFTY-I.NFO,28/04/2025,09:42:40,24328.6,24330,300,24335,75,900,12272625
NIFTY-I.NFO,28/04/2025,09:42:42,24339,24332,75,24338.8,75,450,12272625
NIFTY-I.NFO,28/04/2025,09:42:44,24331.8,24331.6,150,24337.9,75,1050,12272625
NIFTY-I.NFO,28/04/2025,09:42:45,24338.9,24337.9,150,24339,675,525,12272625
NIFTY-I.NFO,28/04/2025,09:42:47,24340,24337.9,75,24340,600,825,12272625
NIFTY-I.NFO,28/04/2025,09:42:49,24337.9,24335.5,75,24338.2,600,750,12272625
NIFTY-I.NFO,28/04/2025,09:42:50,24332,24332,300,24337.5,150,2175,12272625
NIFTY-I.NFO,28/04/2025,09:42:52,24334.4,24335,150,24338.3,300,225,12272625
NIFTY-I.NFO,28/04/2025,09:42:54,24335,24331.4,375,24334.9,150,225,12272625
NIFTY-I.NFO,28/04/2025,09:42:55,24336,24335.9,150,24340,300,2325,12272625
NIFTY-I.NFO,28/04/2025,09:42:57,24335.6,24333.1,75,24339.7,300,150,12272625
NIFTY-I.NFO,28/04/2025,09:42:59,24337.2,24331.1,75,24337.3,300,975,12272625
NIFTY-I.NFO,28/04/2025,09:43:00,24335.8,24331,75,24335.7,75,375,12272625
NIFTY-I.NFO,28/04/2025,09:43:02,24328.2,24326.5,75,24330.7,150,2175,12272625
NIFTY-I.NFO,28/04/2025,09:43:04,24323.8,24326.6,300,24331.5,75,2025,12272625
NIFTY-I.NFO,28/04/2025,09:43:05,24328.2,24327.4,150,24331.7,150,225,12272625
NIFTY-I.NFO,28/04/2025,09:43:07,24327.6,24327.4,300,24333.4,75,375,12272625
NIFTY-I.NFO,28/04/2025,09:43:09,24328.1,24328.2,75,24332.4,225,75,12272625
NIFTY-I.NFO,28/04/2025,09:43:10,24327.5,24328.2,75,24332.5,75,2100,12272625
NIFTY-I.NFO,28/04/2025,09:43:12,24328.2,24326.6,225,24332.8,75,75,12272625
NIFTY-I.NFO,28/04/2025,09:43:14,24333,24328.2,75,24333,225,225,12272625
NIFTY-I.NFO,28/04/2025,09:43:15,24333,24327.5,225,24333.6,75,1500,12272625
NIFTY-I.NFO,28/04/2025,09:43:17,24332.9,24327.2,375,24333.5,225,150,12272625
NIFTY-I.NFO,28/04/2025,09:43:19,24327.2,24327.2,75,24333,75,300,12272625
NIFTY-I.NFO,28/04/2025,09:43:20,24326.1,24325.1,75,24332.1,225,1275,12272625
NIFTY-I.NFO,28/04/2025,09:43:22,24332.2,24326.7,75,24332,225,150,12272625
NIFTY-I.NFO,28/04/2025,09:43:24,24329.4,24328.1,75,24330.5,150,525,12272625
NIFTY-I.NFO,28/04/2025,09:43:25,24329.4,24330.1,75,24331,75,0,12272625
NIFTY-I.NFO,28/04/2025,09:43:27,24330.3,24330.5,375,24334.7,75,900,12272625
NIFTY-I.NFO,28/04/2025,09:43:29,24330.5,24330.5,225,24335,1575,1050,12272625
NIFTY-I.NFO,28/04/2025,09:43:30,24331,24331,75,24335,1575,300,12272625
NIFTY-I.NFO,28/04/2025,09:43:32,24335,24331,75,24335,1350,300,12272625
NIFTY-I.NFO,28/04/2025,09:43:34,24336,24333,75,24337.9,75,1650,12272625
NIFTY-I.NFO,28/04/2025,09:43:35,24333,24333,150,24338.8,225,825,12272625
NIFTY-I.NFO,28/04/2025,09:43:37,24331.6,24332.3,75,24339,450,825,12272625
NIFTY-I.NFO,28/04/2025,09:43:39,24337.7,24330.8,75,24337.4,225,1950,12272625
NIFTY-I.NFO,28/04/2025,09:43:40,24331.1,24330.8,225,24336.8,225,300,12272625
NIFTY-I.NFO,28/04/2025,09:43:42,24337.5,24330.9,75,24336.6,225,525,12272625
NIFTY-I.NFO,28/04/2025,09:43:44,24331.4,24331.5,225,24336.9,75,150,12272625
NIFTY-I.NFO,28/04/2025,09:43:45,24331.4,24331.5,225,24338.5,75,0,12272625
NIFTY-I.NFO,28/04/2025,09:43:47,24333,24332.7,150,24339,75,225,12272625
NIFTY-I.NFO,28/04/2025,09:43:49,24338,24332.7,375,24335,75,150,12272625
NIFTY-I.NFO,28/04/2025,09:43:50,24331,24330,75,24333.7,225,750,12272625
NIFTY-I.NFO,28/04/2025,09:43:52,24331.4,24331.2,300,24334.9,150,300,12272625
NIFTY-I.NFO,28/04/2025,09:43:54,24331.2,24331.2,225,24334.9,150,300,12272625
NIFTY-I.NFO,28/04/2025,09:43:55,24333,24331.2,150,24333,375,375,12272625
NIFTY-I.NFO,28/04/2025,09:43:57,24331.2,24328,150,24332.1,300,375,12272625
NIFTY-I.NFO,28/04/2025,09:43:59,24331.2,24328.4,300,24332.9,75,75,12272625
NIFTY-I.NFO,28/04/2025,09:44:00,24328,24327,300,24332.1,75,300,12272625
NIFTY-I.NFO,28/04/2025,09:44:02,24331.4,24330,75,24331.2,75,525,12272625
NIFTY-I.NFO,28/04/2025,09:44:04,24331,24330,75,24333,150,1725,12272625
NIFTY-I.NFO,28/04/2025,09:44:05,24333,24333,225,24334.9,75,225,12272625
NIFTY-I.NFO,28/04/2025,09:44:07,24333,24333,150,24334.9,75,75,12272625
NIFTY-I.NFO,28/04/2025,09:44:09,24323.4,24323.2,375,24329.4,225,3150,12272625
NIFTY-I.NFO,28/04/2025,09:44:10,24329.9,24325.6,225,24331.7,150,375,12272625
NIFTY-I.NFO,28/04/2025,09:44:12,24327.2,24327.5,75,24333,75,1050,12272625
NIFTY-I.NFO,28/04/2025,09:44:14,24331.9,24326.2,375,24332.1,150,150,12272625
NIFTY-I.NFO,28/04/2025,09:44:15,24327.1,24324,300,24326.8,150,375,12272625
NIFTY-I.NFO,28/04/2025,09:44:17,24322.4,24322.2,75,24327.8,150,1200,12272625
NIFTY-I.NFO,28/04/2025,09:44:19,24326.9,24323,75,24327.4,150,450,12272625
NIFTY-I.NFO,28/04/2025,09:44:20,24323,24324.1,75,24324.4,150,225,12272625
NIFTY-I.NFO,28/04/2025,09:44:22,24321.1,24321,150,24322.5,300,825,12272625
NIFTY-I.NFO,28/04/2025,09:44:24,24322.4,24321.1,75,24322.7,150,1650,12272625
NIFTY-I.NFO,28/04/2025,09:44:25,24320,24318,150,24320,2250,600,12272625
NIFTY-I.NFO,28/04/2025,09:44:27,24318.2,24318.1,75,24319.3,300,75,12272625
NIFTY-I.NFO,28/04/2025,09:44:29,24312.1,24312.1,1425,24316.5,75,1725,12272625
NIFTY-I.NFO,28/04/2025,09:44:30,24318,24316.5,225,24320,3000,1350,12272625
NIFTY-I.NFO,28/04/2025,09:44:32,24315.1,24313.5,375,24320,2550,750,12272625
NIFTY-I.NFO,28/04/2025,09:44:34,24315,24312.1,675,24317.5,300,1800,12272625
NIFTY-I.NFO,28/04/2025,09:44:35,24310,24309.6,750,24312,675,2550,12272625
NIFTY-I.NFO,28/04/2025,09:44:37,24307.6,24307,75,24312.8,300,3225,12272625
NIFTY-I.NFO,28/04/2025,09:44:39,24315.1,24308.9,150,24315,300,450,12272625
NIFTY-I.NFO,28/04/2025,09:44:40,24316.5,24309.5,150,24316.5,300,3825,12272625
NIFTY-I.NFO,28/04/2025,09:44:42,24315,24312,450,24315,75,225,12272625
NIFTY-I.NFO,28/04/2025,09:44:44,24310.3,24310.3,225,24314.6,75,3975,12272625
NIFTY-I.NFO,28/04/2025,09:44:45,24314.6,24314.4,75,24320,2475,450,12272625
NIFTY-I.NFO,28/04/2025,09:44:47,24315,24314.6,75,24319.5,300,975,12272625
NIFTY-I.NFO,28/04/2025,09:44:49,24315,24314.6,75,24319.1,75,0,12272625
NIFTY-I.NFO,28/04/2025,09:44:50,24315,24314.6,75,24319.4,300,525,12272625
NIFTY-I.NFO,28/04/2025,09:44:52,24314,24314,975,24315,300,825,12272625
NIFTY-I.NFO,28/04/2025,09:44:54,24314,24314,225,24315,225,825,12272625
NIFTY-I.NFO,28/04/2025,09:44:55,24315,24315,75,24318.9,150,900,12272625
NIFTY-I.NFO,28/04/2025,09:44:57,24315.3,24315.2,150,24317.6,300,525,12272625
NIFTY-I.NFO,28/04/2025,09:44:59,24310.8,24310.6,75,24315,75,3000,12272625
NIFTY-I.NFO,28/04/2025,09:45:00,24315,24315.5,300,24320,4050,600,12272625
NIFTY-I.NFO,28/04/2025,09:45:02,24316.2,24316.3,225,24320,3675,600,12272625
NIFTY-I.NFO,28/04/2025,09:45:04,24320,24320,1200,24321.1,75,4050,12272625
NIFTY-I.NFO,28/04/2025,09:45:05,24316.7,24316.7,150,24323.7,75,2100,12272625
NIFTY-I.NFO,28/04/2025,09:45:07,24324,24319.5,75,24325,900,225,12272625
NIFTY-I.NFO,28/04/2025,09:45:09,24323.8,24320,375,24323.7,300,300,12272625
NIFTY-I.NFO,28/04/2025,09:45:10,24320,24320,225,24323.9,75,375,12272625
NIFTY-I.NFO,28/04/2025,09:45:12,24321.9,24324,75,24328.9,450,1875,12272625
NIFTY-I.NFO,28/04/2025,09:45:14,24328.9,24323.5,3000,24329,300,375,12272625
NIFTY-I.NFO,28/04/2025,09:45:15,24328.1,24323.5,2925,24328.1,300,525,12272625
NIFTY-I.NFO,28/04/2025,09:45:17,24323.5,24323.5,3075,24325.9,375,375,12272625
NIFTY-I.NFO,28/04/2025,09:45:19,24328,24323.6,225,24327.1,75,1725,12272625
NIFTY-I.NFO,28/04/2025,09:45:20,24330,24324.3,150,24329.7,150,1050,12272625
NIFTY-I.NFO,28/04/2025,09:45:22,24331.7,24326,150,24331.9,75,675,12285450
NIFTY-I.NFO,28/04/2025,09:45:24,24330,24326,150,24328.9,75,375,12285450
NIFTY-I.NFO,28/04/2025,09:45:25,24326.1,24325,225,24326.1,375,1500,12285450
NIFTY-I.NFO,28/04/2025,09:45:27,24328.7,24325,225,24327,375,600,12285450
NIFTY-I.NFO,28/04/2025,09:45:29,24327.1,24325,525,24326.2,750,600,12285450
NIFTY-I.NFO,28/04/2025,09:45:30,24321.5,24315,600,24321.5,525,5475,12285450
NIFTY-I.NFO,28/04/2025,09:45:32,24321.9,24315.7,75,24321.7,75,300,12285450
NIFTY-I.NFO,28/04/2025,09:45:34,24321.8,24320,75,24321,375,450,12285450
NIFTY-I.NFO,28/04/2025,09:45:35,24319.7,24315,150,24319.9,150,2700,12285450
NIFTY-I.NFO,28/04/2025,09:45:37,24318.6,24315,150,24317.3,75,75,12285450
NIFTY-I.NFO,28/04/2025,09:45:39,24312,24312,150,24313.6,75,825,12285450
NIFTY-I.NFO,28/04/2025,09:45:40,24312,24310.7,375,24314,75,375,12285450
NIFTY-I.NFO,28/04/2025,09:45:42,24311.7,24311.5,225,24317.7,75,750,12285450
NIFTY-I.NFO,28/04/2025,09:45:44,24317.8,24311.1,75,24317.3,150,450,12285450
NIFTY-I.NFO,28/04/2025,09:45:45,24317.3,24311.2,225,24317.9,450,225,12285450
NIFTY-I.NFO,28/04/2025,09:45:47,24314.9,24314.7,75,24320,225,900,12285450
NIFTY-I.NFO,28/04/2025,09:45:49,24320,24319,75,24321.5,75,225,12285450
NIFTY-I.NFO,28/04/2025,09:45:51,24325,24321.2,75,24325,450,1350,12285450
NIFTY-I.NFO,28/04/2025,09:45:52,24325,24319.1,225,24325,375,225,12285450
NIFTY-I.NFO,28/04/2025,09:45:54,24325,24321.5,75,24325,525,0,12285450
NIFTY-I.NFO,28/04/2025,09:45:56,24325,24322,75,24325,600,75,12285450
NIFTY-I.NFO,28/04/2025,09:45:57,24325,24322,75,24325,675,75,12285450
NIFTY-I.NFO,28/04/2025,09:45:59,24327,24322,150,24327.5,375,975,12285450
NIFTY-I.NFO,28/04/2025,09:46:01,24322,24324,3075,24328.7,300,300,12285450
NIFTY-I.NFO,28/04/2025,09:46:02,24325,24325,375,24327,75,525,12285450
NIFTY-I.NFO,28/04/2025,09:46:04,24328.4,24325,375,24328.9,75,600,12285450
NIFTY-I.NFO,28/04/2025,09:46:06,24325,24325,225,24327.4,300,150,12285450
NIFTY-I.NFO,28/04/2025,09:46:07,24327.4,24325,225,24327.5,75,150,12285450
NIFTY-I.NFO,28/04/2025,09:46:09,24327.9,24325,150,24327.9,300,825,12285450
NIFTY-I.NFO,28/04/2025,09:46:11,24324,24324,2400,24329.1,75,1125,12285450
NIFTY-I.NFO,28/04/2025,09:46:12,24327.5,24324,2400,24329,75,150,12285450
NIFTY-I.NFO,28/04/2025,09:46:14,24324,24326,300,24329.9,75,75,12285450
NIFTY-I.NFO,28/04/2025,09:46:16,24332.6,24329.9,150,24333,225,525,12285450
NIFTY-I.NFO,28/04/2025,09:46:17,24326.8,24327.2,150,24330.3,300,1425,12285450
NIFTY-I.NFO,28/04/2025,09:46:19,24330.3,24326,825,24330.3,150,300,12285450
NIFTY-I.NFO,28/04/2025,09:46:21,24326,24326.1,525,24330.3,150,225,12285450
NIFTY-I.NFO,28/04/2025,09:46:22,24325,24324,2325,24328.2,75,225,12285450
NIFTY-I.NFO,28/04/2025,09:46:24,24324,24324,2250,24325.9,75,75,12285450
NIFTY-I.NFO,28/04/2025,09:46:25,24325.5,24324,1500,24325,150,825,12285450
NIFTY-I.NFO,28/04/2025,09:46:27,24330.3,24324,1800,24329.8,75,525,12285450
NIFTY-I.NFO,28/04/2025,09:46:29,24330.3,24324,1800,24326,75,0,12285450
NIFTY-I.NFO,28/04/2025,09:46:30,24329,24324,1500,24328.8,150,150,12285450
NIFTY-I.NFO,28/04/2025,09:46:32,24326,24324,1500,24328.1,75,375,12285450
NIFTY-I.NFO,28/04/2025,09:46:34,24326,24324,1575,24327.6,75,75,12285450
NIFTY-I.NFO,28/04/2025,09:46:35,24329.1,24325.5,75,24329.8,75,225,12285450
NIFTY-I.NFO,28/04/2025,09:46:37,24329.8,24326.8,375,24330,150,150,12285450
NIFTY-I.NFO,28/04/2025,09:46:39,24331,24329.4,150,24332,225,675,12285450
NIFTY-I.NFO,28/04/2025,09:46:40,24334.9,24329,75,24334.3,450,750,12285450
NIFTY-I.NFO,28/04/2025,09:46:42,24327.5,24326.5,675,24334.3,75,525,12285450
NIFTY-I.NFO,28/04/2025,09:46:44,24335,24327.9,150,24334.7,450,225,12285450
NIFTY-I.NFO,28/04/2025,09:46:45,24334,24326.9,150,24333.9,450,750,12285450
NIFTY-I.NFO,28/04/2025,09:46:47,24328.6,24328.9,150,24335,300,225,12285450
NIFTY-I.NFO,28/04/2025,09:46:49,24328.9,24329.1,450,24335,375,150,12285450
NIFTY-I.NFO,28/04/2025,09:46:50,24330,24330,75,24335,375,75,12285450
NIFTY-I.NFO,28/04/2025,09:46:52,24335,24330,75,24334.6,75,225,12285450
NIFTY-I.NFO,28/04/2025,09:46:54,24330.9,24330.9,225,24335,150,375,12285450
NIFTY-I.NFO,28/04/2025,09:46:55,24339,24332.6,525,24339,225,900,12285450
NIFTY-I.NFO,28/04/2025,09:46:57,24339.9,24333.5,375,24339.9,75,450,12285450
NIFTY-I.NFO,28/04/2025,09:46:59,24339,24334.2,375,24340,1200,150,12285450
NIFTY-I.NFO,28/04/2025,09:47:00,24337.4,24334.2,300,24337.5,150,300,12285450
NIFTY-I.NFO,28/04/2025,09:47:02,24335,24334.2,150,24337.5,75,300,12285450
NIFTY-I.NFO,28/04/2025,09:47:04,24334.2,24335,150,24337.5,75,300,12285450
NIFTY-I.NFO,28/04/2025,09:47:05,24333.4,24330,150,24334.3,75,3000,12285450
NIFTY-I.NFO,28/04/2025,09:47:07,24330,24330,150,24333.5,75,3825,12285450
NIFTY-I.NFO,28/04/2025,09:47:09,24333.5,24330,150,24333.6,150,1650,12285450
NIFTY-I.NFO,28/04/2025,09:47:10,24333.4,24330,225,24332.6,75,2325,12285450
NIFTY-I.NFO,28/04/2025,09:47:12,24330,24330,75,24332.1,75,150,12285450
NIFTY-I.NFO,28/04/2025,09:47:14,24329,24330,1500,24333.4,75,1125,12285450
NIFTY-I.NFO,28/04/2025,09:47:15,24333.4,24330.1,225,24333.6,300,300,12285450
NIFTY-I.NFO,28/04/2025,09:47:17,24330.1,24330.1,75,24334.3,675,150,12285450
NIFTY-I.NFO,28/04/2025,09:47:19,24332.8,24330.1,150,24335,75,150,12285450
NIFTY-I.NFO,28/04/2025,09:47:20,24330,24332.9,150,24337.4,75,525,12285450
NIFTY-I.NFO,28/04/2025,09:47:22,24337.4,24335.7,150,24338,75,75,12285450
NIFTY-I.NFO,28/04/2025,09:47:24,24337.4,24334.5,150,24338,75,0,12285450
NIFTY-I.NFO,28/04/2025,09:47:25,24337.4,24337.4,1050,24340,1050,600,12285450
NIFTY-I.NFO,28/04/2025,09:47:27,24340,24337.4,1350,24340,975,75,12285450
NIFTY-I.NFO,28/04/2025,09:47:29,24340,24337.4,1350,24340,675,525,12285450
NIFTY-I.NFO,28/04/2025,09:47:30,24340.5,24340,150,24340.6,75,975,12285450
NIFTY-I.NFO,28/04/2025,09:47:32,24341,24340,225,24341.4,75,300,12285450
NIFTY-I.NFO,28/04/2025,09:47:34,24336.2,24336,75,24341.9,225,2100,12285450
NIFTY-I.NFO,28/04/2025,09:47:35,24340,24340,375,24343.5,150,975,12285450
NIFTY-I.NFO,28/04/2025,09:47:37,24340,24340,150,24341.3,675,675,12285450
NIFTY-I.NFO,28/04/2025,09:47:39,24338,24337.2,375,24340,675,675,12285450
NIFTY-I.NFO,28/04/2025,09:47:40,24341.1,24338.8,150,24344,75,2100,12285450
NIFTY-I.NFO,28/04/2025,09:47:42,24343,24343,450,24344,75,75,12285450
NIFTY-I.NFO,28/04/2025,09:47:44,24343.1,24343,825,24345,1275,975,12285450
NIFTY-I.NFO,28/04/2025,09:47:45,24345,24343,450,24345,1125,600,12285450
NIFTY-I.NFO,28/04/2025,09:47:47,24343,24344,75,24345,1800,225,12285450
NIFTY-I.NFO,28/04/2025,09:47:49,24343.1,24343,300,24345,1725,225,12285450
NIFTY-I.NFO,28/04/2025,09:47:50,24343,24341.1,75,24345,1950,375,12285450
NIFTY-I.NFO,28/04/2025,09:47:52,24337.6,24338,450,24344.7,75,675,12285450
NIFTY-I.NFO,28/04/2025,09:47:54,24343,24343.1,75,24344,150,75,12285450
NIFTY-I.NFO,28/04/2025,09:47:55,24343,24340.2,375,24343,225,150,12285450
NIFTY-I.NFO,28/04/2025,09:47:57,24345,24341.4,375,24345,2025,900,12285450
NIFTY-I.NFO,28/04/2025,09:47:59,24345,24342.6,375,24345,1950,975,12285450
NIFTY-I.NFO,28/04/2025,09:48:01,24347.7,24343.3,450,24347.9,75,3300,12285450
NIFTY-I.NFO,28/04/2025,09:48:02,24348,24344,150,24348.3,75,450,12285450
NIFTY-I.NFO,28/04/2025,09:48:04,24343.4,24345,150,24347.2,75,375,12285450
NIFTY-I.NFO,28/04/2025,09:48:06,24346,24345,675,24346.7,75,600,12285450
NIFTY-I.NFO,28/04/2025,09:48:07,24346,24341,75,24344.4,150,600,12285450
NIFTY-I.NFO,28/04/2025,09:48:09,24341.4,24341,75,24344.9,450,450,12285450
NIFTY-I.NFO,28/04/2025,09:48:11,24339,24337,75,24341,525,975,12285450
NIFTY-I.NFO,28/04/2025,09:48:12,24338,24338,450,24340.7,825,675,12285450
NIFTY-I.NFO,28/04/2025,09:48:14,24340.7,24340,75,24340.7,1050,75,12285450
NIFTY-I.NFO,28/04/2025,09:48:16,24343.7,24340.7,150,24341,750,1575,12285450
NIFTY-I.NFO,28/04/2025,09:48:17,24340,24340,75,24341,1050,225,12285450
NIFTY-I.NFO,28/04/2025,09:48:19,24340,24340.7,75,24341,750,0,12285450
NIFTY-I.NFO,28/04/2025,09:48:21,24341,24340.3,525,24343,750,975,12285450
NIFTY-I.NFO,28/04/2025,09:48:22,24343,24340.8,300,24343,675,150,12285450
NIFTY-I.NFO,28/04/2025,09:48:24,24342,24341,600,24343,675,150,12307200
NIFTY-I.NFO,28/04/2025,09:48:26,24341.3,24341.5,300,24343,600,300,12307200
NIFTY-I.NFO,28/04/2025,09:48:27,24343,24342,75,24343,600,150,12307200
NIFTY-I.NFO,28/04/2025,09:48:29,24341,24342,1200,24343,600,225,12307200
NIFTY-I.NFO,28/04/2025,09:48:31,24340.3,24337,75,24340.4,450,3375,12307200
NIFTY-I.NFO,28/04/2025,09:48:32,24335,24335,75,24339.7,75,300,12307200
NIFTY-I.NFO,28/04/2025,09:48:34,24335,24333,75,24337.9,300,1650,12307200
NIFTY-I.NFO,28/04/2025,09:48:36,24333,24332,75,24337.4,375,150,12307200
NIFTY-I.NFO,28/04/2025,09:48:37,24332.1,24332,75,24335.6,75,75,12307200
NIFTY-I.NFO,28/04/2025,09:48:39,24332,24331.1,75,24332,75,600,12307200
NIFTY-I.NFO,28/04/2025,09:48:41,24330,24330,1350,24331.7,75,450,12307200
NIFTY-I.NFO,28/04/2025,09:48:42,24330,24327.4,75,24330.9,525,1575,12307200
NIFTY-I.NFO,28/04/2025,09:48:44,24322.7,24322.9,450,24329.2,375,1275,12307200
NIFTY-I.NFO,28/04/2025,09:48:46,24322.9,24323,150,24330.3,750,450,12307200
NIFTY-I.NFO,28/04/2025,09:48:47,24330.5,24330,75,24331.7,75,375,12307200
NIFTY-I.NFO,28/04/2025,09:48:49,24331,24330,150,24330.6,375,300,12307200
NIFTY-I.NFO,28/04/2025,09:48:51,24330,24330,75,24331.3,150,75,12307200
NIFTY-I.NFO,28/04/2025,09:48:52,24331.8,24326,150,24332,150,300,12307200
NIFTY-I.NFO,28/04/2025,09:48:54,24325.2,24325.1,225,24331.7,375,450,12307200
NIFTY-I.NFO,28/04/2025,09:48:56,24331.2,24326,150,24332.6,75,150,12307200
NIFTY-I.NFO,28/04/2025,09:48:57,24332,24331,75,24332.2,300,450,12307200
NIFTY-I.NFO,28/04/2025,09:48:59,24323.4,24322,825,24325,825,375,12307200
NIFTY-I.NFO,28/04/2025,09:49:01,24322,24322,750,24322.4,300,375,12307200
NIFTY-I.NFO,28/04/2025,09:49:02,24320,24320,300,24322.1,300,1200,12307200
NIFTY-I.NFO,28/04/2025,09:49:04,24315,24315,1125,24317.4,150,450,12307200
NIFTY-I.NFO,28/04/2025,09:49:06,24313,24312,75,24315,600,1650,12307200
NIFTY-I.NFO,28/04/2025,09:49:07,24305.5,24305.5,225,24308.2,375,3675,12307200
NIFTY-I.NFO,28/04/2025,09:49:09,24304.2,24304.1,225,24308.7,75,1125,12307200
NIFTY-I.NFO,28/04/2025,09:49:11,24305.8,24309,900,24310.8,75,1125,12307200
NIFTY-I.NFO,28/04/2025,09:49:12,24310,24305.1,150,24310,600,1050,12307200
NIFTY-I.NFO,28/04/2025,09:49:14,24310,24305,150,24310,825,75,12307200
NIFTY-I.NFO,28/04/2025,09:49:16,24310,24310,150,24314,675,750,12307200
NIFTY-I.NFO,28/04/2025,09:49:17,24310,24307.4,75,24314.3,375,525,12307200
NIFTY-I.NFO,28/04/2025,09:49:19,24312.7,24312.4,75,24318.3,150,300,12307200
NIFTY-I.NFO,28/04/2025,09:49:21,24313.9,24313.6,300,24318.3,150,75,12307200
NIFTY-I.NFO,28/04/2025,09:49:22,24314.1,24314.2,225,24318.3,75,2025,12307200
NIFTY-I.NFO,28/04/2025,09:49:24,24318.3,24315.9,300,24322.6,150,75,12307200
NIFTY-I.NFO,28/04/2025,09:49:25,24320,24318.7,225,24324.8,75,375,12307200
NIFTY-I.NFO,28/04/2025,09:49:27,24321,24315.7,75,24321,450,75,12307200
NIFTY-I.NFO,28/04/2025,09:49:29,24317.9,24313.7,150,24317.2,75,75,12307200
NIFTY-I.NFO,28/04/2025,09:49:30,24317.2,24316.1,75,24317.2,450,150,12307200
NIFTY-I.NFO,28/04/2025,09:49:32,24315.7,24315,75,24317.9,75,375,12307200
NIFTY-I.NFO,28/04/2025,09:49:34,24313.7,24313.6,375,24319.9,75,300,12307200
NIFTY-I.NFO,28/04/2025,09:49:35,24320,24317.4,300,24322,150,300,12307200
NIFTY-I.NFO,28/04/2025,09:49:37,24317.6,24318.8,300,24322,225,150,12307200
NIFTY-I.NFO,28/04/2025,09:49:39,24320,24320.1,300,24327,150,375,12307200
NIFTY-I.NFO,28/04/2025,09:49:40,24319.3,24319.2,300,24323,75,75,12307200
NIFTY-I.NFO,28/04/2025,09:49:42,24320,24316.6,225,24320,75,450,12307200
NIFTY-I.NFO,28/04/2025,09:49:44,24320,24315.4,75,24320,75,0,12307200
NIFTY-I.NFO,28/04/2025,09:49:45,24318.2,24320,150,24322,450,225,12307200
NIFTY-I.NFO,28/04/2025,09:49:47,24320,24315.3,150,24321.4,825,225,12307200
NIFTY-I.NFO,28/04/2025,09:49:49,24321.4,24315.9,150,24322,450,75,12307200
NIFTY-I.NFO,28/04/2025,09:49:50,24316.2,24315.5,225,24322,450,150,12307200
NIFTY-I.NFO,28/04/2025,09:49:52,24316.2,24318.2,75,24322,1050,0,12307200
NIFTY-I.NFO,28/04/2025,09:49:54,24316.2,24318.2,75,24321.4,450,0,12307200
NIFTY-I.NFO,28/04/2025,09:49:55,24315.3,24315.3,75,24321.4,450,525,12307200
NIFTY-I.NFO,28/04/2025,09:49:57,24320.8,24315.3,75,24320.8,375,150,12307200
NIFTY-I.NFO,28/04/2025,09:49:59,24310.6,24312.5,225,24319.6,150,975,12307200
NIFTY-I.NFO,28/04/2025,09:50:00,24317.6,24320.3,150,24321.4,150,900,12307200
NIFTY-I.NFO,28/04/2025,09:50:02,24313.1,24312.6,225,24320.3,525,525,12307200
NIFTY-I.NFO,28/04/2025,09:50:04,24313.1,24314.9,225,24321,75,0,12307200
NIFTY-I.NFO,28/04/2025,09:50:06,24313.1,24315,225,24321,75,0,12307200
NIFTY-I.NFO,28/04/2025,09:50:07,24321,24316.3,225,24321,75,150,12307200
NIFTY-I.NFO,28/04/2025,09:50:09,24320.9,24317.6,75,24321.3,75,150,12307200
NIFTY-I.NFO,28/04/2025,09:50:11,24320.9,24316.5,225,24321.3,75,0,12307200
NIFTY-I.NFO,28/04/2025,09:50:12,24320,24318.6,300,24323,75,150,12307200
NIFTY-I.NFO,28/04/2025,09:50:14,24321.3,24321.3,600,24323,75,225,12307200
NIFTY-I.NFO,28/04/2025,09:50:16,24323,24323,75,24324,75,150,12307200
NIFTY-I.NFO,28/04/2025,09:50:17,24322,24321.3,675,24323.7,75,150,12307200
NIFTY-I.NFO,28/04/2025,09:50:19,24322,24321.4,225,24324,75,225,12307200
NIFTY-I.NFO,28/04/2025,09:50:21,24321.4,24321.4,300,24323,75,150,12307200
NIFTY-I.NFO,28/04/2025,09:50:22,24324.4,24324.4,75,24327,75,525,12307200
NIFTY-I.NFO,28/04/2025,09:50:24,24324.4,24324.4,150,24327,75,0,12307200
NIFTY-I.NFO,28/04/2025,09:50:26,24324.4,24324.4,300,24326.9,75,0,12307200
