Ticker,Date,Time,LTP,BuyPrice,BuyQty,SellPrice,SellQty,LTQ,OpenInterest
NIFTY-III.NFO,14/06/2024,09:15:13,23630.25,23662.2,25,23670,25,1175,445000
NIFTY-III.NFO,14/06/2024,09:15:13,23656.85,23662.2,25,23670,25,0,445000
NIFTY-III.NFO,14/06/2024,09:15:13,23656.85,23662.2,25,23670,25,0,445000
NIFTY-III.NFO,14/06/2024,09:15:13,23605.1,23662.2,25,23670,25,0,445000
NIFTY-III.NFO,14/06/2024,09:15:30,23655.55,23655.7,50,23666.7,100,250,445000
NIFTY-III.NFO,14/06/2024,09:15:30,23669.65,23655.7,50,23666.7,100,0,445000
NIFTY-III.NFO,14/06/2024,09:15:43,23661.35,23657.1,25,23664.8,175,150,445000
NIFTY-III.NFO,14/06/2024,09:15:55,23664.75,23658.75,50,23659.95,50,150,445000
NIFTY-III.NFO,14/06/2024,09:16:07,23652.9,23652.95,325,23659.95,25,225,445000
NIFTY-III.NFO,14/06/2024,09:16:19,23660,23658.75,75,23663.95,100,550,445000
NIFTY-III.NFO,14/06/2024,09:16:30,23663.95,23662.55,25,23663.95,125,350,445000
NIFTY-III.NFO,14/06/2024,09:16:41,23662.5,23662.5,25,23664,250,100,445000
NIFTY-III.NFO,14/06/2024,09:16:53,23662.5,23660.45,50,23662.5,100,300,445000
NIFTY-III.NFO,14/06/2024,09:17:04,23660,23659.05,50,23660.45,25,225,445000
NIFTY-III.NFO,14/06/2024,09:17:16,23662.5,23662,100,23663,100,150,445000
NIFTY-III.NFO,14/06/2024,09:17:29,23663,23660.45,25,23662.6,200,25,445000
NIFTY-III.NFO,14/06/2024,09:17:43,23662.6,23660.45,100,23663,200,75,445000
NIFTY-III.NFO,14/06/2024,09:17:55,23662.6,23660,125,23662.9,125,175,445000
NIFTY-III.NFO,14/06/2024,09:18:08,23660,23661,125,23662,100,25,445000
NIFTY-III.NFO,14/06/2024,09:18:20,23660,23660,100,23661.25,75,150,445900
NIFTY-III.NFO,14/06/2024,09:18:23,23660,23660,25,23661.25,75,75,445900
NIFTY-III.NFO,14/06/2024,09:18:24,23660,23660,25,23661,100,0,445900
NIFTY-III.NFO,14/06/2024,09:18:34,23660,23659.05,50,23661,100,25,445900
NIFTY-III.NFO,14/06/2024,09:18:35,23660,23659.05,50,23661,100,0,445900
NIFTY-III.NFO,14/06/2024,09:18:37,23660,23659.05,50,23660,100,0,445900
NIFTY-III.NFO,14/06/2024,09:18:39,23660,23656.85,25,23660,25,0,445900
NIFTY-III.NFO,14/06/2024,09:18:40,23660,23656.7,25,23660,100,0,445900
NIFTY-III.NFO,14/06/2024,09:18:42,23660,23658.25,50,23660,25,0,445900
NIFTY-III.NFO,14/06/2024,09:18:43,23658.25,23658.3,50,23660,25,25,445900
NIFTY-III.NFO,14/06/2024,09:18:45,23658.25,23658.35,50,23660,25,0,445900
NIFTY-III.NFO,14/06/2024,09:18:47,23658.25,23658.3,50,23660,25,0,445900
NIFTY-III.NFO,14/06/2024,09:18:48,23658.25,23656.7,25,23660,100,0,445900
NIFTY-III.NFO,14/06/2024,09:18:50,23658.25,23657.6,50,23660,100,0,445900
NIFTY-III.NFO,14/06/2024,09:18:51,23658.25,23657.55,50,23660,100,0,445900
NIFTY-III.NFO,14/06/2024,09:18:55,23660,23657.6,50,23660.3,75,25,445900
NIFTY-III.NFO,14/06/2024,09:18:56,23660,23657.5,50,23660.3,75,0,445900
NIFTY-III.NFO,14/06/2024,09:18:58,23660,23654.9,25,23660.3,75,0,445900
NIFTY-III.NFO,14/06/2024,09:19:00,23660,23654.9,25,23658.85,125,0,445900
NIFTY-III.NFO,14/06/2024,09:19:01,23658.9,23654.9,25,23658.9,50,25,445900
NIFTY-III.NFO,14/06/2024,09:19:03,23658.9,23655.4,25,23658.9,50,0,445900
NIFTY-III.NFO,14/06/2024,09:19:05,23658.9,23656.35,25,23661,200,0,445900
NIFTY-III.NFO,14/06/2024,09:19:06,23658.9,23657.4,100,23661,125,0,445900
NIFTY-III.NFO,14/06/2024,09:19:08,23658.9,23657.4,50,23658.9,100,0,445900
NIFTY-III.NFO,14/06/2024,09:19:09,23658.9,23657.4,50,23658.9,125,0,445900
NIFTY-III.NFO,14/06/2024,09:19:13,23658.9,23656.05,50,23658.9,125,0,445900
NIFTY-III.NFO,14/06/2024,09:19:14,23658.9,23656.1,75,23658.9,100,25,445900
NIFTY-III.NFO,14/06/2024,09:19:16,23658.9,23656.15,100,23658.9,100,0,445900
NIFTY-III.NFO,14/06/2024,09:19:18,23658.9,23657.4,50,23658.9,100,0,445900
NIFTY-III.NFO,14/06/2024,09:19:19,23658.9,23657.3,50,23658.9,100,0,445900
NIFTY-III.NFO,14/06/2024,09:19:21,23657.3,23657.3,50,23658.9,100,25,445900
NIFTY-III.NFO,14/06/2024,09:19:23,23657.3,23656.85,50,23658.9,100,0,445900
NIFTY-III.NFO,14/06/2024,09:19:25,23657.3,23656.6,50,23658.9,175,0,445900
NIFTY-III.NFO,14/06/2024,09:19:26,23657.3,23656.65,50,23658.9,100,0,445900
NIFTY-III.NFO,14/06/2024,09:19:28,23657.3,23656.6,50,23657.9,100,0,445900
NIFTY-III.NFO,14/06/2024,09:19:30,23657.3,23656.65,50,23657.9,25,0,445900
NIFTY-III.NFO,14/06/2024,09:19:31,23657.3,23656.5,50,23657.9,25,0,445900
NIFTY-III.NFO,14/06/2024,09:19:33,23657.9,23656.65,50,23658.9,75,25,445900
NIFTY-III.NFO,14/06/2024,09:19:34,23657.9,23656.5,50,23658.9,150,0,445900
NIFTY-III.NFO,14/06/2024,09:19:36,23657.9,23656.5,50,23657,100,0,445900
NIFTY-III.NFO,14/06/2024,09:19:41,23657.9,23656.5,50,23657,175,0,445900
NIFTY-III.NFO,14/06/2024,09:19:44,23657.9,23656.5,50,23657,200,0,445900
NIFTY-III.NFO,14/06/2024,09:19:46,23657,23656.5,50,23657,125,75,445900
NIFTY-III.NFO,14/06/2024,09:19:47,23657,23656.55,50,23657,50,0,445900
NIFTY-III.NFO,14/06/2024,09:19:49,23657,23656.5,50,23657,50,0,445900
NIFTY-III.NFO,14/06/2024,09:19:50,23650,23655.5,50,23657,125,4000,445900
NIFTY-III.NFO,14/06/2024,09:19:52,23650,23653.5,25,23657,125,0,445900
NIFTY-III.NFO,14/06/2024,09:19:54,23657,23655.3,50,23657,100,25,445900
NIFTY-III.NFO,14/06/2024,09:19:55,23657,23653.85,25,23656.95,175,0,445900
NIFTY-III.NFO,14/06/2024,09:19:57,23657,23653.5,25,23656.95,175,0,445900
NIFTY-III.NFO,14/06/2024,09:19:59,23655.5,23655.5,25,23658.75,100,50,445900
NIFTY-III.NFO,14/06/2024,09:20:00,23655.5,23655,25,23658.85,100,0,445900
NIFTY-III.NFO,14/06/2024,09:20:02,23655.5,23655.7,25,23658.9,75,0,445900
NIFTY-III.NFO,14/06/2024,09:20:04,23655.3,23656.5,25,23658.9,75,25,445900
NIFTY-III.NFO,14/06/2024,09:20:05,23655.3,23656.9,25,23658.9,75,0,445900
NIFTY-III.NFO,14/06/2024,09:20:07,23655.8,23655.85,50,23658.85,100,25,445900
NIFTY-III.NFO,14/06/2024,09:20:08,23655.8,23656.45,50,23658.85,175,0,445900
NIFTY-III.NFO,14/06/2024,09:20:10,23658.85,23655.6,50,23658.2,175,25,445900
NIFTY-III.NFO,14/06/2024,09:20:12,23658.85,23655.5,50,23657.4,175,0,445900
NIFTY-III.NFO,14/06/2024,09:20:13,23655.3,23653.8,25,23657.35,100,100,445900
NIFTY-III.NFO,14/06/2024,09:20:15,23655.3,23653.8,50,23656.45,100,0,445900
NIFTY-III.NFO,14/06/2024,09:20:17,23655.3,23653.5,50,23654.85,100,0,445900
NIFTY-III.NFO,14/06/2024,09:20:18,23655.3,23653.05,50,23654.85,100,0,445900
NIFTY-III.NFO,14/06/2024,09:20:21,23655.3,23653.05,50,23654.95,100,0,445900
NIFTY-III.NFO,14/06/2024,09:20:23,23655.3,23652.25,50,23655,75,0,445900
NIFTY-III.NFO,14/06/2024,09:20:24,23655.3,23652.25,50,23654.95,175,0,445900
NIFTY-III.NFO,14/06/2024,09:20:26,23655.3,23651.6,50,23653.8,100,0,445900
NIFTY-III.NFO,14/06/2024,09:20:28,23650.8,23650.8,25,23654.05,175,25,445900
NIFTY-III.NFO,14/06/2024,09:20:29,23650.8,23650.8,50,23653.75,175,0,445900
NIFTY-III.NFO,14/06/2024,09:20:31,23650,23650.75,50,23653.75,175,75,445900
NIFTY-III.NFO,14/06/2024,09:20:33,23650,23650.75,50,23653.2,100,0,445900
NIFTY-III.NFO,14/06/2024,09:20:34,23650.8,23650.7,50,23653.7,225,25,445900
NIFTY-III.NFO,14/06/2024,09:20:36,23650.8,23650.7,50,23652.85,100,0,445900
NIFTY-III.NFO,14/06/2024,09:20:39,23650.8,23651.4,25,23655.2,100,0,445900
NIFTY-III.NFO,14/06/2024,09:20:41,23650.8,23651.55,25,23655.25,100,0,445900
NIFTY-III.NFO,14/06/2024,09:20:42,23652.85,23651.9,25,23655.25,175,25,445900
NIFTY-III.NFO,14/06/2024,09:20:44,23651.9,23652.2,25,23655.25,100,50,445900
NIFTY-III.NFO,14/06/2024,09:20:46,23651.9,23652.2,25,23655.25,100,0,445900
NIFTY-III.NFO,14/06/2024,09:20:47,23651.9,23653.25,50,23655.25,100,0,445900
NIFTY-III.NFO,14/06/2024,09:20:49,23651.9,23653.25,50,23655.25,175,0,445900
NIFTY-III.NFO,14/06/2024,09:20:50,23651.9,23652.05,25,23655.25,100,0,445900
NIFTY-III.NFO,14/06/2024,09:20:52,23652.05,23652.2,25,23655.25,100,25,445900
NIFTY-III.NFO,14/06/2024,09:20:54,23652.05,23652.05,25,23655.15,175,0,445900
NIFTY-III.NFO,14/06/2024,09:20:55,23652.05,23652.15,25,23655.25,100,0,445900
NIFTY-III.NFO,14/06/2024,09:20:57,23652.05,23653.25,50,23655.25,100,0,445900
NIFTY-III.NFO,14/06/2024,09:20:58,23652.05,23653.25,50,23655.15,100,0,445900
NIFTY-III.NFO,14/06/2024,09:21:00,23658.8,23655.9,25,23659.6,100,75,445900
NIFTY-III.NFO,14/06/2024,09:21:01,23658.8,23655.95,25,23659.55,100,50,445900
NIFTY-III.NFO,14/06/2024,09:21:03,23658.8,23655.95,50,23658.75,100,0,445900
NIFTY-III.NFO,14/06/2024,09:21:05,23658.8,23655.95,25,23659.5,100,0,445900
NIFTY-III.NFO,14/06/2024,09:21:06,23655.95,23655.9,25,23659.5,175,25,445900
NIFTY-III.NFO,14/06/2024,09:21:08,23655.95,23655.9,50,23658.1,175,0,445900
NIFTY-III.NFO,14/06/2024,09:21:09,23655.9,23653.55,25,23657.3,175,50,445900
NIFTY-III.NFO,14/06/2024,09:21:11,23655.9,23653.5,50,23655.9,100,0,445900
NIFTY-III.NFO,14/06/2024,09:21:12,23655.9,23651.5,50,23654.15,100,0,445900
NIFTY-III.NFO,14/06/2024,09:21:14,23651.5,23652,25,23654.85,150,100,446150
NIFTY-III.NFO,14/06/2024,09:21:16,23651.5,23652,25,23653.1,75,0,446150
NIFTY-III.NFO,14/06/2024,09:21:17,23651,23649.05,25,23651.45,275,25,446150
NIFTY-III.NFO,14/06/2024,09:21:19,23649.05,23648,25,23650.25,75,50,446150
NIFTY-III.NFO,14/06/2024,09:21:21,23649.05,23646,25,23649.2,150,0,446150
NIFTY-III.NFO,14/06/2024,09:21:22,23646,23646,25,23649.2,150,25,446150
NIFTY-III.NFO,14/06/2024,09:21:24,23646,23645.2,25,23647.7,75,150,446150
NIFTY-III.NFO,14/06/2024,09:21:26,23647,23645,25,23646.05,75,125,446150
NIFTY-III.NFO,14/06/2024,09:21:28,23645,23644,50,23645.05,75,100,446150
NIFTY-III.NFO,14/06/2024,09:21:29,23644,23641.25,25,23644.05,25,75,446150
NIFTY-III.NFO,14/06/2024,09:21:31,23644,23641.75,25,23644.05,25,0,446150
NIFTY-III.NFO,14/06/2024,09:21:33,23644,23641.95,25,23644.85,100,0,446150
NIFTY-III.NFO,14/06/2024,09:21:34,23645.45,23645.4,25,23646,25,25,446150
NIFTY-III.NFO,14/06/2024,09:21:36,23645.4,23641.95,25,23646,100,25,446150
NIFTY-III.NFO,14/06/2024,09:21:37,23645.4,23641.95,25,23645.6,25,0,446150
NIFTY-III.NFO,14/06/2024,09:21:39,23645.4,23643.05,25,23645.25,100,0,446150
NIFTY-III.NFO,14/06/2024,09:21:41,23645.4,23641.75,25,23643.6,100,0,446150
NIFTY-III.NFO,14/06/2024,09:21:42,23645.4,23641.75,25,23642.9,200,0,446150
NIFTY-III.NFO,14/06/2024,09:21:44,23641,23639.05,25,23639.95,175,100,446150
NIFTY-III.NFO,14/06/2024,09:21:46,23639.95,23637.25,100,23642.2,150,25,446150
NIFTY-III.NFO,14/06/2024,09:21:47,23639.95,23640.4,25,23644.45,75,0,446150
NIFTY-III.NFO,14/06/2024,09:21:49,23639.95,23640.95,25,23645.95,150,0,446150
NIFTY-III.NFO,14/06/2024,09:21:50,23642,23642,25,23644.2,150,25,446150
NIFTY-III.NFO,14/06/2024,09:21:52,23641,23640.25,25,23644.2,75,50,446150
NIFTY-III.NFO,14/06/2024,09:21:54,23644.2,23639.95,100,23645.1,100,50,446150
NIFTY-III.NFO,14/06/2024,09:21:55,23644.2,23640.95,25,23644.15,25,0,446150
NIFTY-III.NFO,14/06/2024,09:21:57,23644.2,23639.65,25,23642.9,25,0,446150
NIFTY-III.NFO,14/06/2024,09:21:59,23643.65,23636.6,100,23645,25,75,446150
NIFTY-III.NFO,14/06/2024,09:22:00,23643.65,23639,25,23639.95,100,0,446150
NIFTY-III.NFO,14/06/2024,09:22:02,23639,23635.4,25,23639.95,100,25,446150
NIFTY-III.NFO,14/06/2024,09:22:03,23635.4,23634,25,23638.55,100,25,446150
NIFTY-III.NFO,14/06/2024,09:22:05,23637.75,23632.05,100,23639.3,75,25,446150
NIFTY-III.NFO,14/06/2024,09:22:07,23635,23635.05,100,23642.95,75,50,446150
NIFTY-III.NFO,14/06/2024,09:22:08,23635,23636.6,100,23642.5,125,0,446150
NIFTY-III.NFO,14/06/2024,09:22:10,23640,23637.65,100,23643.8,125,75,446150
NIFTY-III.NFO,14/06/2024,09:22:11,23637.55,23636.25,100,23639,300,125,446150
NIFTY-III.NFO,14/06/2024,09:22:13,23636.15,23635,375,23639,300,25,446150
NIFTY-III.NFO,14/06/2024,09:22:15,23636.15,23635,375,23638.8,75,0,446150
NIFTY-III.NFO,14/06/2024,09:22:16,23636.15,23635,300,23636.65,200,0,446150
NIFTY-III.NFO,14/06/2024,09:22:18,23636.15,23636.2,25,23638.05,150,0,446150
NIFTY-III.NFO,14/06/2024,09:22:19,23638.65,23636.6,25,23639,300,50,446150
NIFTY-III.NFO,14/06/2024,09:22:21,23638.65,23635,375,23639,300,0,446150
NIFTY-III.NFO,14/06/2024,09:22:22,23638.65,23635,375,23639,425,0,446150
NIFTY-III.NFO,14/06/2024,09:22:24,23638.65,23635,375,23638.9,125,0,446150
NIFTY-III.NFO,14/06/2024,09:22:25,23635,23635.05,100,23639,300,25,446150
NIFTY-III.NFO,14/06/2024,09:22:27,23635,23635.65,100,23639,300,0,446150
NIFTY-III.NFO,14/06/2024,09:22:29,23639,23636.55,75,23639,125,175,446150
NIFTY-III.NFO,14/06/2024,09:22:30,23635.7,23635,275,23638.4,200,25,446150
NIFTY-III.NFO,14/06/2024,09:22:32,23635.7,23635,275,23638.3,125,0,446150
NIFTY-III.NFO,14/06/2024,09:22:34,23637.6,23635,275,23638,150,50,446150
NIFTY-III.NFO,14/06/2024,09:22:35,23637.6,23635,275,23637.3,75,0,446150
NIFTY-III.NFO,14/06/2024,09:22:37,23637.6,23636.05,25,23638.7,125,0,446150
NIFTY-III.NFO,14/06/2024,09:22:38,23637.6,23636.05,25,23639,125,0,446150
NIFTY-III.NFO,14/06/2024,09:22:40,23635,23635,250,23637.7,250,75,446150
NIFTY-III.NFO,14/06/2024,09:22:42,23630.9,23630.15,100,23636.35,25,275,446150
NIFTY-III.NFO,14/06/2024,09:22:43,23630.9,23630.55,125,23636.25,25,0,446150
NIFTY-III.NFO,14/06/2024,09:22:45,23630.9,23630.3,25,23634.85,100,0,446150
NIFTY-III.NFO,14/06/2024,09:22:46,23630.9,23631.85,175,23635.75,25,0,446150
NIFTY-III.NFO,14/06/2024,09:22:48,23635.75,23631.15,200,23636.7,250,25,446150
NIFTY-III.NFO,14/06/2024,09:22:50,23635.75,23632,125,23636.65,25,0,446150
NIFTY-III.NFO,14/06/2024,09:22:51,23636.35,23632.2,175,23636.55,25,75,446150
NIFTY-III.NFO,14/06/2024,09:22:53,23636.35,23632.9,100,23636.55,25,0,446150
NIFTY-III.NFO,14/06/2024,09:22:54,23636.65,23632.3,125,23636.55,25,50,446150
NIFTY-III.NFO,14/06/2024,09:22:56,23636.65,23632.9,25,23637.8,100,0,446150
NIFTY-III.NFO,14/06/2024,09:22:57,23636.65,23633.95,100,23637.75,25,0,446150
NIFTY-III.NFO,14/06/2024,09:22:59,23636.65,23636.7,25,23637.75,25,0,446150
NIFTY-III.NFO,14/06/2024,09:23:01,23633,23633,25,23637.1,100,50,446150
NIFTY-III.NFO,14/06/2024,09:23:02,23633,23633.05,25,23635.4,25,0,446150
NIFTY-III.NFO,14/06/2024,09:23:04,23633,23633.05,25,23635.4,125,0,446150
NIFTY-III.NFO,14/06/2024,09:23:05,23633.05,23632.05,25,23634.9,25,25,446150
NIFTY-III.NFO,14/06/2024,09:23:07,23633,23632.85,25,23633.5,100,25,446150
NIFTY-III.NFO,14/06/2024,09:23:09,23633,23630.05,50,23632.05,75,0,446150
NIFTY-III.NFO,14/06/2024,09:23:10,23632.05,23630,775,23633.3,25,75,446150
NIFTY-III.NFO,14/06/2024,09:23:12,23632.05,23632.2,25,23634.55,100,0,446150
NIFTY-III.NFO,14/06/2024,09:23:13,23634.55,23632.2,25,23634.9,25,25,446150
NIFTY-III.NFO,14/06/2024,09:23:15,23633.2,23630.05,25,23633,100,25,446150
NIFTY-III.NFO,14/06/2024,09:23:17,23633.2,23630.05,25,23632.95,25,0,446150
NIFTY-III.NFO,14/06/2024,09:23:18,23630.05,23630.05,25,23632.9,25,25,446150
NIFTY-III.NFO,14/06/2024,09:23:20,23630.05,23630.1,100,23632.9,25,0,446150
NIFTY-III.NFO,14/06/2024,09:23:21,23630.05,23630.6,25,23632.95,25,0,446150
NIFTY-III.NFO,14/06/2024,09:23:23,23630.05,23630.2,25,23632.95,25,0,446150
NIFTY-III.NFO,14/06/2024,09:23:25,23630.05,23630.2,100,23633,25,0,446150
NIFTY-III.NFO,14/06/2024,09:23:26,23633,23630.55,125,23635,75,25,446150
NIFTY-III.NFO,14/06/2024,09:23:28,23635,23633.65,75,23637.95,50,125,446150
NIFTY-III.NFO,14/06/2024,09:23:30,23635,23632.45,100,23637.8,125,0,446150
NIFTY-III.NFO,14/06/2024,09:23:31,23630.85,23630.85,175,23635.8,150,25,446150
NIFTY-III.NFO,14/06/2024,09:23:33,23632.95,23632.95,25,23636.15,75,25,446150
NIFTY-III.NFO,14/06/2024,09:23:34,23632.95,23630.35,100,23635,25,0,446150
NIFTY-III.NFO,14/06/2024,09:23:36,23632.95,23630.1,100,23634.45,75,0,446150
NIFTY-III.NFO,14/06/2024,09:23:38,23630.05,23630,1025,23634.45,75,25,446150
NIFTY-III.NFO,14/06/2024,09:23:40,23630,23630,725,23630.75,75,300,446150
NIFTY-III.NFO,14/06/2024,09:23:41,23629,23625.6,25,23628.35,75,750,446150
NIFTY-III.NFO,14/06/2024,09:23:43,23629,23625.6,25,23629.15,75,0,446150
NIFTY-III.NFO,14/06/2024,09:23:45,23629,23625.6,25,23630.45,200,0,446150
NIFTY-III.NFO,14/06/2024,09:23:46,23629,23625.6,25,23629.15,125,0,446150
NIFTY-III.NFO,14/06/2024,09:23:48,23629,23620.05,25,23624,200,0,446150
NIFTY-III.NFO,14/06/2024,09:23:50,23629,23620.15,100,23626.9,200,0,446150
NIFTY-III.NFO,14/06/2024,09:23:51,23626.9,23620.1,175,23626.4,200,75,446150
NIFTY-III.NFO,14/06/2024,09:23:53,23620.05,23620,25,23623.35,75,25,446150
NIFTY-III.NFO,14/06/2024,09:23:55,23620,23620.45,25,23623.35,200,25,446150
NIFTY-III.NFO,14/06/2024,09:23:56,23619,23619.05,25,23623.2,200,25,446150
NIFTY-III.NFO,14/06/2024,09:23:58,23619,23619.6,125,23625.65,200,0,446150
NIFTY-III.NFO,14/06/2024,09:23:59,23619,23619.95,25,23623.15,200,0,446150
NIFTY-III.NFO,14/06/2024,09:24:01,23619,23619.05,25,23623.3,200,0,446150
NIFTY-III.NFO,14/06/2024,09:24:03,23619.05,23618,25,23621.9,325,25,446150
NIFTY-III.NFO,14/06/2024,09:24:04,23619.05,23618.05,25,23620.65,250,0,446150
NIFTY-III.NFO,14/06/2024,09:24:06,23619.05,23618,25,23622.05,200,0,446150
NIFTY-III.NFO,14/06/2024,09:24:08,23619.05,23617.25,25,23619.3,250,0,446150
NIFTY-III.NFO,14/06/2024,09:24:09,23617.25,23617.25,75,23619.05,25,25,446150
NIFTY-III.NFO,14/06/2024,09:24:11,23619.05,23619.05,25,23619.15,75,25,446150
NIFTY-III.NFO,14/06/2024,09:24:13,23616.95,23615.35,25,23621.05,200,100,446150
NIFTY-III.NFO,14/06/2024,09:24:14,23616.95,23613,25,23615.8,250,0,446150
NIFTY-III.NFO,14/06/2024,09:24:16,23616.95,23615.05,25,23617.15,125,0,446150
NIFTY-III.NFO,14/06/2024,09:24:19,23613,23612,25,23613,3500,900,445625
NIFTY-III.NFO,14/06/2024,09:24:21,23613,23612,25,23613,3500,0,445625
NIFTY-III.NFO,14/06/2024,09:24:22,23613,23612,100,23613,3325,200,445625
NIFTY-III.NFO,14/06/2024,09:24:24,23613,23612,100,23613,3275,50,445625
NIFTY-III.NFO,14/06/2024,09:24:26,23613,23612,100,23613,3150,125,445625
NIFTY-III.NFO,14/06/2024,09:24:27,23613,23612.95,100,23613,2575,600,445625
NIFTY-III.NFO,14/06/2024,09:24:29,23620,23613.25,100,23622.5,200,2600,445625
NIFTY-III.NFO,14/06/2024,09:24:31,23621.1,23612.65,100,23619.35,125,300,445625
NIFTY-III.NFO,14/06/2024,09:24:32,23621.1,23613,50,23618.7,200,0,445625
NIFTY-III.NFO,14/06/2024,09:24:34,23621.1,23613,25,23616.2,200,0,445625
NIFTY-III.NFO,14/06/2024,09:24:36,23612.05,23612.05,175,23617.7,75,75,445625
NIFTY-III.NFO,14/06/2024,09:24:37,23613.05,23613.05,100,23618.5,75,25,445625
NIFTY-III.NFO,14/06/2024,09:24:39,23613.05,23613.05,175,23619.85,150,0,445625
NIFTY-III.NFO,14/06/2024,09:24:40,23618.5,23612.05,100,23618.5,25,100,445625
NIFTY-III.NFO,14/06/2024,09:24:42,23612.05,23612.1,100,23619.25,75,50,445625
NIFTY-III.NFO,14/06/2024,09:24:44,23612.95,23612.05,175,23619.2,100,25,445625
NIFTY-III.NFO,14/06/2024,09:24:45,23612.95,23612.2,25,23616.4,100,0,445625
NIFTY-III.NFO,14/06/2024,09:24:47,23613.05,23612.25,175,23618.25,100,50,445625
NIFTY-III.NFO,14/06/2024,09:24:49,23613.05,23614.05,100,23619.2,175,0,445625
NIFTY-III.NFO,14/06/2024,09:24:50,23619.2,23618,25,23618.5,50,75,445625
NIFTY-III.NFO,14/06/2024,09:24:52,23618,23614,25,23617.5,100,25,445625
NIFTY-III.NFO,14/06/2024,09:24:53,23618,23614,25,23617.45,25,0,445625
NIFTY-III.NFO,14/06/2024,09:24:55,23617.8,23615,100,23617.2,100,25,445625
NIFTY-III.NFO,14/06/2024,09:24:57,23617.8,23615,100,23617.8,25,0,445625
NIFTY-III.NFO,14/06/2024,09:24:58,23617.8,23615,100,23617.8,100,0,445625
NIFTY-III.NFO,14/06/2024,09:25:00,23615,23613.05,25,23615.25,100,100,445625
NIFTY-III.NFO,14/06/2024,09:25:01,23616.7,23613.55,25,23616.9,75,100,445625
NIFTY-III.NFO,14/06/2024,09:25:03,23616.7,23614.05,25,23616.85,75,0,445625
NIFTY-III.NFO,14/06/2024,09:25:05,23616.7,23614.05,25,23616.65,150,0,445625
NIFTY-III.NFO,14/06/2024,09:25:06,23614,23613,50,23616.55,75,25,445625
NIFTY-III.NFO,14/06/2024,09:25:08,23614,23613,50,23614.95,150,0,445625
NIFTY-III.NFO,14/06/2024,09:25:09,23614.95,23613,50,23614.6,125,25,445625
NIFTY-III.NFO,14/06/2024,09:25:11,23613,23613.05,25,23614.6,125,25,445625
NIFTY-III.NFO,14/06/2024,09:25:13,23614.85,23613,25,23614,75,100,445625
NIFTY-III.NFO,14/06/2024,09:25:14,23612.95,23612,50,23613.2,150,75,445625
NIFTY-III.NFO,14/06/2024,09:25:16,23612,23611.3,25,23612.3,75,50,445625
NIFTY-III.NFO,14/06/2024,09:25:17,23612.25,23611.3,25,23612.25,75,25,445625
NIFTY-III.NFO,14/06/2024,09:25:19,23612.25,23611.3,25,23611.7,175,0,445625
NIFTY-III.NFO,14/06/2024,09:25:21,23611.7,23610,125,23612.55,75,200,445625
NIFTY-III.NFO,14/06/2024,09:25:22,23610,23609.2,25,23612.95,325,125,445625
NIFTY-III.NFO,14/06/2024,09:25:24,23610,23609.2,25,23611.7,25,0,445625
NIFTY-III.NFO,14/06/2024,09:25:26,23610,23609.2,25,23611,75,0,445625
NIFTY-III.NFO,14/06/2024,09:25:27,23609,23605.55,25,23611,150,25,445625
NIFTY-III.NFO,14/06/2024,09:25:29,23609,23605.6,175,23610,25,0,445625
NIFTY-III.NFO,14/06/2024,09:25:30,23609,23605.35,100,23610,100,0,445625
NIFTY-III.NFO,14/06/2024,09:25:32,23609,23605.05,175,23610,100,0,445625
NIFTY-III.NFO,14/06/2024,09:25:34,23609,23605.05,175,23610,25,0,445625
NIFTY-III.NFO,14/06/2024,09:25:35,23609,23605.1,100,23610,100,0,445625
NIFTY-III.NFO,14/06/2024,09:25:37,23609,23605.05,200,23610,100,0,445625
NIFTY-III.NFO,14/06/2024,09:25:39,23609,23606,100,23610,100,0,445625
NIFTY-III.NFO,14/06/2024,09:25:42,23609,23607.45,75,23610,100,0,445625
NIFTY-III.NFO,14/06/2024,09:25:43,23609,23607.5,100,23610,100,0,445625
NIFTY-III.NFO,14/06/2024,09:25:45,23611.7,23608.8,100,23616.9,75,125,445625
NIFTY-III.NFO,14/06/2024,09:25:47,23611.7,23610,100,23616.9,75,0,445625
NIFTY-III.NFO,14/06/2024,09:25:48,23611.7,23611.75,100,23616.9,75,0,445625
NIFTY-III.NFO,14/06/2024,09:25:52,23612.05,23613,25,23617.85,175,25,445625
NIFTY-III.NFO,14/06/2024,09:25:53,23612.05,23611.7,25,23617,100,0,445625
NIFTY-III.NFO,14/06/2024,09:25:55,23612.05,23611.7,50,23613,25,0,445625
NIFTY-III.NFO,14/06/2024,09:25:57,23612.05,23611.7,50,23612.95,25,0,445625
NIFTY-III.NFO,14/06/2024,09:26:00,23612.05,23612.05,50,23613,25,0,445625
NIFTY-III.NFO,14/06/2024,09:26:02,23612.05,23612.05,50,23613,50,0,445625
NIFTY-III.NFO,14/06/2024,09:26:06,23612.05,23612.05,125,23613,50,0,445625
NIFTY-III.NFO,14/06/2024,09:26:08,23613,23612.1,100,23618.05,25,50,445625
NIFTY-III.NFO,14/06/2024,09:26:10,23618,23612.1,100,23618.05,250,25,445625
NIFTY-III.NFO,14/06/2024,09:26:11,23618.55,23612.05,125,23618.05,275,50,445625
NIFTY-III.NFO,14/06/2024,09:26:13,23618.05,23612.05,50,23616.7,250,25,445625
NIFTY-III.NFO,14/06/2024,09:26:15,23616.7,23612.05,50,23615.95,225,25,445625
NIFTY-III.NFO,14/06/2024,09:26:16,23615.15,23612.05,50,23616.2,125,25,445625
NIFTY-III.NFO,14/06/2024,09:26:18,23615.15,23612.1,100,23617.75,125,0,445625
NIFTY-III.NFO,14/06/2024,09:26:19,23615.15,23612,75,23616.1,200,0,445625
NIFTY-III.NFO,14/06/2024,09:26:21,23615.15,23615.15,25,23615.3,200,0,445625
NIFTY-III.NFO,14/06/2024,09:26:22,23615.15,23612,75,23614.6,75,25,445625
NIFTY-III.NFO,14/06/2024,09:26:24,23615.15,23612,75,23614.8,75,0,445625
NIFTY-III.NFO,14/06/2024,09:26:26,23615.15,23612,75,23616.1,75,0,445625
NIFTY-III.NFO,14/06/2024,09:26:27,23614.7,23612,75,23614.7,25,50,445625
NIFTY-III.NFO,14/06/2024,09:26:29,23614.7,23612,75,23616.1,75,0,445625
NIFTY-III.NFO,14/06/2024,09:26:31,23614.7,23612,75,23616.15,200,0,445625
NIFTY-III.NFO,14/06/2024,09:26:32,23614.7,23612.05,100,23617.05,75,0,445625
NIFTY-III.NFO,14/06/2024,09:26:34,23614.7,23612.15,100,23617.5,50,0,445625
NIFTY-III.NFO,14/06/2024,09:26:35,23614.7,23612.1,25,23616.9,200,0,445625
NIFTY-III.NFO,14/06/2024,09:26:37,23614.7,23612.15,175,23617.65,125,0,445625
NIFTY-III.NFO,14/06/2024,09:26:39,23612.15,23612.15,175,23618.85,50,50,445625
NIFTY-III.NFO,14/06/2024,09:26:40,23612.15,23612.15,175,23618.85,50,0,445625
NIFTY-III.NFO,14/06/2024,09:26:42,23612.15,23614.05,100,23620.35,125,0,445625
NIFTY-III.NFO,14/06/2024,09:26:43,23612.15,23614.05,100,23619.55,50,0,445625
NIFTY-III.NFO,14/06/2024,09:26:45,23612.15,23615.3,100,23621,25,0,445625
NIFTY-III.NFO,14/06/2024,09:26:47,23612.15,23614.1,100,23620.35,125,0,445625
NIFTY-III.NFO,14/06/2024,09:26:48,23612.15,23618.85,25,23619.3,50,0,445625
NIFTY-III.NFO,14/06/2024,09:26:50,23618.85,23614,25,23617.7,50,25,445625
NIFTY-III.NFO,14/06/2024,09:26:52,23617.7,23614,25,23616,100,75,445625
NIFTY-III.NFO,14/06/2024,09:26:53,23617.7,23614,25,23616.45,25,0,445625
NIFTY-III.NFO,14/06/2024,09:26:55,23617.7,23614,25,23616.35,100,0,445625
NIFTY-III.NFO,14/06/2024,09:26:57,23617.7,23614,25,23614.85,100,0,445625
NIFTY-III.NFO,14/06/2024,09:26:58,23614,23613,25,23614.05,125,75,445625
NIFTY-III.NFO,14/06/2024,09:27:00,23613,23612.15,575,23613.05,125,25,445625
NIFTY-III.NFO,14/06/2024,09:27:01,23612.15,23612.15,525,23612.5,125,50,445625
NIFTY-III.NFO,14/06/2024,09:27:03,23612.15,23612.15,75,23613.25,125,450,445625
NIFTY-III.NFO,14/06/2024,09:27:05,23612.15,23612.2,100,23617.3,125,0,445625
NIFTY-III.NFO,14/06/2024,09:27:06,23612.15,23612.15,75,23616.5,125,0,445625
NIFTY-III.NFO,14/06/2024,09:27:08,23612.15,23612.2,175,23617.25,50,0,445625
NIFTY-III.NFO,14/06/2024,09:27:09,23612.15,23614.35,100,23617.3,25,0,445625
NIFTY-III.NFO,14/06/2024,09:27:11,23617.3,23615.25,100,23621,25,25,445625
NIFTY-III.NFO,14/06/2024,09:27:13,23617.3,23615.25,100,23620.5,50,0,445625
NIFTY-III.NFO,14/06/2024,09:27:14,23617.3,23615.25,100,23618,25,0,445625
NIFTY-III.NFO,14/06/2024,09:27:16,23617.3,23613.75,100,23617.3,25,0,445625
NIFTY-III.NFO,14/06/2024,09:27:17,23618,23616.7,175,23621,25,50,445725
NIFTY-III.NFO,14/06/2024,09:27:19,23618,23615.2,75,23620.35,50,0,445725
NIFTY-III.NFO,14/06/2024,09:27:21,23621.5,23619.05,25,23621.05,75,125,445725
NIFTY-III.NFO,14/06/2024,09:27:22,23621.5,23619.05,100,23622.9,75,0,445725
NIFTY-III.NFO,14/06/2024,09:27:24,23621.5,23619.05,100,23623.8,75,0,445725
NIFTY-III.NFO,14/06/2024,09:27:25,23621.5,23619.1,100,23624.65,75,0,445725
NIFTY-III.NFO,14/06/2024,09:27:27,23621.5,23619.1,100,23625,50,0,445725
NIFTY-III.NFO,14/06/2024,09:27:29,23621.5,23620.15,100,23625,50,0,445725
NIFTY-III.NFO,14/06/2024,09:27:30,23621.5,23620.1,100,23624.75,75,0,445725
NIFTY-III.NFO,14/06/2024,09:27:32,23621.5,23621,50,23623.45,75,0,445725
NIFTY-III.NFO,14/06/2024,09:27:34,23621,23620.1,25,23620.85,25,50,445725
NIFTY-III.NFO,14/06/2024,09:27:35,23620.1,23619.05,25,23620.2,100,25,445725
NIFTY-III.NFO,14/06/2024,09:27:37,23619.05,23618,25,23621.85,125,25,445725
NIFTY-III.NFO,14/06/2024,09:27:39,23619.05,23618,25,23620.5,50,0,445725
NIFTY-III.NFO,14/06/2024,09:27:40,23619.05,23618,25,23619.45,125,0,445725
NIFTY-III.NFO,14/06/2024,09:27:42,23618,23615,25,23617.2,125,25,445725
NIFTY-III.NFO,14/06/2024,09:27:44,23618,23615,25,23616.7,125,0,445725
NIFTY-III.NFO,14/06/2024,09:27:45,23615.2,23615,25,23615.3,100,25,445725
NIFTY-III.NFO,14/06/2024,09:27:47,23615,23612.25,100,23616.7,75,25,445725
NIFTY-III.NFO,14/06/2024,09:27:49,23615,23612.25,100,23617.65,75,0,445725
NIFTY-III.NFO,14/06/2024,09:27:52,23615,23612.75,25,23617.65,75,0,445725
NIFTY-III.NFO,14/06/2024,09:27:53,23615,23612.8,100,23618.4,75,0,445725
NIFTY-III.NFO,14/06/2024,09:27:55,23615,23617.65,50,23619,100,0,445725
NIFTY-III.NFO,14/06/2024,09:27:57,23615,23617.65,50,23618.95,125,0,445725
NIFTY-III.NFO,14/06/2024,09:27:58,23617.65,23617.65,25,23618.15,75,25,445725
NIFTY-III.NFO,14/06/2024,09:28:00,23617.65,23612.2,25,23615.8,125,25,445725
NIFTY-III.NFO,14/06/2024,09:28:01,23617.65,23612.2,25,23613.95,325,0,445725
NIFTY-III.NFO,14/06/2024,09:28:03,23617.65,23612.2,25,23615.85,325,0,445725
NIFTY-III.NFO,14/06/2024,09:28:05,23615.05,23612.2,25,23615.05,75,25,445725
NIFTY-III.NFO,14/06/2024,09:28:07,23615.05,23612.2,25,23615.05,75,0,445725
NIFTY-III.NFO,14/06/2024,09:28:08,23615.05,23612.2,25,23615.15,225,0,445725
NIFTY-III.NFO,14/06/2024,09:28:10,23615.05,23612.8,100,23619,225,0,445725
NIFTY-III.NFO,14/06/2024,09:28:12,23615.05,23612.75,100,23617.5,225,0,445725
NIFTY-III.NFO,14/06/2024,09:28:13,23615.05,23615.05,25,23616.4,225,0,445725
NIFTY-III.NFO,14/06/2024,09:28:15,23615.05,23615.05,25,23615.4,300,0,445725
NIFTY-III.NFO,14/06/2024,09:28:17,23615.05,23612.2,25,23614.5,225,25,445725
NIFTY-III.NFO,14/06/2024,09:28:18,23615.05,23612.2,25,23615.25,225,0,445725
NIFTY-III.NFO,14/06/2024,09:28:20,23615.05,23612.2,25,23614.2,225,0,445725
NIFTY-III.NFO,14/06/2024,09:28:22,23615.05,23612.2,25,23614.8,225,0,445725
NIFTY-III.NFO,14/06/2024,09:28:25,23615.05,23612.2,100,23615.05,25,0,445725
NIFTY-III.NFO,14/06/2024,09:28:28,23615.05,23612.2,25,23615.45,50,25,445725
NIFTY-III.NFO,14/06/2024,09:28:30,23615.05,23612.2,25,23615.45,50,0,445725
NIFTY-III.NFO,14/06/2024,09:28:31,23615.05,23612.2,25,23615,75,0,445725
NIFTY-III.NFO,14/06/2024,09:28:33,23615,23612.2,25,23615,50,25,445725
NIFTY-III.NFO,14/06/2024,09:28:34,23615,23612.2,25,23614.95,225,0,445725
NIFTY-III.NFO,14/06/2024,09:28:36,23615,23612.2,25,23615,50,0,445725
NIFTY-III.NFO,14/06/2024,09:28:38,23615,23612.2,25,23614.65,50,25,445725
NIFTY-III.NFO,14/06/2024,09:28:39,23612.15,23612.05,50,23612.2,225,100,445725
NIFTY-III.NFO,14/06/2024,09:28:41,23612.15,23612.05,50,23614.9,200,0,445725
NIFTY-III.NFO,14/06/2024,09:28:42,23612.15,23612.05,50,23615,100,0,445725
NIFTY-III.NFO,14/06/2024,09:28:44,23612.15,23612.05,50,23615,25,0,445725
NIFTY-III.NFO,14/06/2024,09:28:47,23615,23615,25,23618.3,125,25,445725
NIFTY-III.NFO,14/06/2024,09:28:49,23615,23612.05,225,23615.9,225,25,445725
NIFTY-III.NFO,14/06/2024,09:28:51,23615,23612.05,50,23614.7,125,0,445725
NIFTY-III.NFO,14/06/2024,09:28:52,23615,23612.05,50,23614,225,0,445725
NIFTY-III.NFO,14/06/2024,09:28:54,23615,23612.05,125,23614.75,225,0,445725
NIFTY-III.NFO,14/06/2024,09:28:55,23615,23612.05,50,23614.2,225,0,445725
NIFTY-III.NFO,14/06/2024,09:28:57,23615,23612.05,50,23613.8,125,0,445725
NIFTY-III.NFO,14/06/2024,09:28:59,23615,23612.05,50,23614.2,225,0,445725
NIFTY-III.NFO,14/06/2024,09:29:00,23615,23612.1,100,23616.7,225,0,445725
NIFTY-III.NFO,14/06/2024,09:29:02,23615,23612.1,100,23616.1,125,0,445725
NIFTY-III.NFO,14/06/2024,09:29:03,23615,23612.1,100,23618.6,250,0,445725
NIFTY-III.NFO,14/06/2024,09:29:05,23612.1,23612.1,100,23615,25,25,445725
NIFTY-III.NFO,14/06/2024,09:29:07,23615,23612.75,100,23617.95,250,25,445725
NIFTY-III.NFO,14/06/2024,09:29:08,23612.7,23612.1,150,23616.15,225,100,445725
NIFTY-III.NFO,14/06/2024,09:29:10,23612.7,23612.05,50,23615.7,25,0,445725
NIFTY-III.NFO,14/06/2024,09:29:12,23612.7,23612.05,50,23613.6,225,0,445725
NIFTY-III.NFO,14/06/2024,09:29:15,23612.7,23612.05,50,23612.75,300,0,445725
NIFTY-III.NFO,14/06/2024,09:29:16,23612.7,23612.05,50,23613.5,300,0,445725
NIFTY-III.NFO,14/06/2024,09:29:18,23612,23611.7,25,23613.5,75,75,445725
NIFTY-III.NFO,14/06/2024,09:29:20,23612,23611.7,25,23613.1,300,0,445725
NIFTY-III.NFO,14/06/2024,09:29:23,23612,23611.7,25,23613.1,225,0,445725
NIFTY-III.NFO,14/06/2024,09:29:24,23612,23613.55,25,23613.85,300,0,445725
NIFTY-III.NFO,14/06/2024,09:29:26,23612,23613.55,25,23614.7,300,0,445725
NIFTY-III.NFO,14/06/2024,09:29:28,23612,23613.55,25,23613.85,175,0,445725
NIFTY-III.NFO,14/06/2024,09:29:29,23612,23613.55,25,23613.9,300,0,445725
NIFTY-III.NFO,14/06/2024,09:29:31,23613.55,23612,25,23613.1,275,25,445725
NIFTY-III.NFO,14/06/2024,09:29:32,23611.7,23610.7,25,23611.4,75,50,445725
NIFTY-III.NFO,14/06/2024,09:29:34,23611.7,23610.7,25,23612,75,0,445725
NIFTY-III.NFO,14/06/2024,09:29:36,23611.7,23610.7,25,23612.75,225,0,445725
NIFTY-III.NFO,14/06/2024,09:29:37,23611.7,23610.7,25,23612.75,75,0,445725
NIFTY-III.NFO,14/06/2024,09:29:39,23611.7,23610.7,25,23612.65,100,0,445725
NIFTY-III.NFO,14/06/2024,09:29:40,23611.7,23610.7,25,23611.75,75,0,445725
NIFTY-III.NFO,14/06/2024,09:29:42,23611.7,23610.7,25,23612.35,75,0,445725
NIFTY-III.NFO,14/06/2024,09:29:45,23611.7,23610.7,25,23613.1,225,0,445725
NIFTY-III.NFO,14/06/2024,09:29:47,23611.7,23610.7,25,23614.6,225,0,445725
NIFTY-III.NFO,14/06/2024,09:29:48,23611.7,23610.7,25,23614.55,100,0,445725
NIFTY-III.NFO,14/06/2024,09:29:50,23611.7,23610.7,25,23613.8,150,0,445725
NIFTY-III.NFO,14/06/2024,09:29:52,23611.7,23610.75,75,23615,100,0,445725
NIFTY-III.NFO,14/06/2024,09:29:53,23611.7,23610.7,25,23614.5,225,0,445725
NIFTY-III.NFO,14/06/2024,09:29:55,23611.7,23610.7,25,23614.5,150,0,445725
NIFTY-III.NFO,14/06/2024,09:29:57,23611.7,23610.7,25,23614.5,225,0,445725
NIFTY-III.NFO,14/06/2024,09:29:58,23611.7,23610.7,25,23613.65,100,0,445725
NIFTY-III.NFO,14/06/2024,09:30:00,23611.7,23610.7,25,23612.8,225,0,445725
NIFTY-III.NFO,14/06/2024,09:30:02,23611.7,23612,50,23614.3,150,0,445725
NIFTY-III.NFO,14/06/2024,09:30:03,23611.7,23612,50,23614.95,100,0,445725
NIFTY-III.NFO,14/06/2024,09:30:05,23611.7,23612.05,150,23615,25,0,445725
NIFTY-III.NFO,14/06/2024,09:30:10,23611.7,23612,50,23614.35,100,0,445725
NIFTY-III.NFO,14/06/2024,09:30:11,23611.7,23612,50,23614.85,100,0,445725
NIFTY-III.NFO,14/06/2024,09:30:13,23613,23612,50,23612.75,200,25,445725
NIFTY-III.NFO,14/06/2024,09:30:15,23613,23612,50,23612.75,125,0,445725
NIFTY-III.NFO,14/06/2024,09:30:16,23613,23612,50,23614.35,125,0,445725
NIFTY-III.NFO,14/06/2024,09:30:18,23613,23612,50,23613.9,25,0,445725
NIFTY-III.NFO,14/06/2024,09:30:20,23613,23612,125,23614.35,125,0,445725
NIFTY-III.NFO,14/06/2024,09:30:23,23613,23614.35,250,23615,25,0,445725
NIFTY-III.NFO,14/06/2024,09:30:25,23615,23614.4,75,23618,50,125,445625
NIFTY-III.NFO,14/06/2024,09:30:26,23615,23614.7,75,23618,50,0,445625
NIFTY-III.NFO,14/06/2024,09:30:28,23615,23615.35,75,23618,50,0,445625
NIFTY-III.NFO,14/06/2024,09:30:35,23615,23615.65,75,23618,50,0,445625
NIFTY-III.NFO,14/06/2024,09:30:38,23615,23614.4,75,23618,50,0,445625
NIFTY-III.NFO,14/06/2024,09:30:40,23615,23615,125,23618,50,0,445625
NIFTY-III.NFO,14/06/2024,09:30:41,23618,23615,150,23618,25,25,445625
NIFTY-III.NFO,14/06/2024,09:30:43,23618,23618,25,23619.1,125,25,445625
NIFTY-III.NFO,14/06/2024,09:30:44,23618,23618,25,23618.9,100,0,445625
NIFTY-III.NFO,14/06/2024,09:30:46,23618,23618,25,23618.95,50,0,445625
NIFTY-III.NFO,14/06/2024,09:30:48,23619.2,23618,50,23619.15,125,25,445625
NIFTY-III.NFO,14/06/2024,09:30:49,23618,23618,25,23619.15,250,25,445625
NIFTY-III.NFO,14/06/2024,09:30:51,23618,23618,25,23619.15,125,0,445625
NIFTY-III.NFO,14/06/2024,09:30:53,23618,23618,50,23620.4,50,25,445625
NIFTY-III.NFO,14/06/2024,09:30:54,23618,23618,25,23619.85,125,25,445625
NIFTY-III.NFO,14/06/2024,09:30:56,23618,23618,25,23620.65,50,0,445625
NIFTY-III.NFO,14/06/2024,09:30:57,23618,23618,100,23621.4,175,0,445625
NIFTY-III.NFO,14/06/2024,09:30:59,23618.05,23618,100,23622.1,100,25,445625
NIFTY-III.NFO,14/06/2024,09:31:01,23618.05,23618.35,50,23623.5,100,0,445625
NIFTY-III.NFO,14/06/2024,09:31:02,23618.05,23620.2,50,23625,75,0,445625
NIFTY-III.NFO,14/06/2024,09:31:04,23618.05,23621.1,50,23625,75,0,445625
NIFTY-III.NFO,14/06/2024,09:31:06,23623.75,23621.7,25,23625,75,50,445625
NIFTY-III.NFO,14/06/2024,09:31:07,23621.4,23621.4,50,23625,75,75,445625
NIFTY-III.NFO,14/06/2024,09:31:09,23625,23620.1,75,23625,50,50,445625
NIFTY-III.NFO,14/06/2024,09:31:11,23620.1,23619.5,25,23624.75,100,25,445625
NIFTY-III.NFO,14/06/2024,09:31:12,23620.1,23619.5,25,23624.2,100,0,445625
NIFTY-III.NFO,14/06/2024,09:31:14,23618,23615.05,100,23622.5,100,25,445625
NIFTY-III.NFO,14/06/2024,09:31:16,23622,23617.15,100,23624.3,175,150,445625
NIFTY-III.NFO,14/06/2024,09:31:17,23622,23617.05,25,23622,100,0,445625
NIFTY-III.NFO,14/06/2024,09:31:19,23620.1,23617.1,100,23621.35,175,25,445625
NIFTY-III.NFO,14/06/2024,09:31:20,23620.1,23617.1,100,23621.35,75,0,445625
NIFTY-III.NFO,14/06/2024,09:31:23,23620.1,23618.9,100,23621.25,25,0,445625
NIFTY-III.NFO,14/06/2024,09:31:25,23621.6,23621.6,50,23627.15,100,250,445625
NIFTY-III.NFO,14/06/2024,09:31:26,23621.6,23621.5,75,23627.05,225,0,445625
NIFTY-III.NFO,14/06/2024,09:31:28,23621.6,23621.5,75,23627.05,100,0,445625
NIFTY-III.NFO,14/06/2024,09:31:30,23621.6,23619.7,150,23626.3,100,0,445625
NIFTY-III.NFO,14/06/2024,09:31:31,23621.6,23619.7,75,23626.3,100,0,445625
NIFTY-III.NFO,14/06/2024,09:31:33,23621.6,23618.65,75,23625.5,175,0,445625
NIFTY-III.NFO,14/06/2024,09:31:35,23621.6,23620,50,23623,100,0,445625
NIFTY-III.NFO,14/06/2024,09:31:36,23621.6,23620,50,23623.45,100,0,445625
NIFTY-III.NFO,14/06/2024,09:31:38,23621.6,23620,50,23623.5,175,0,445625
NIFTY-III.NFO,14/06/2024,09:31:40,23621.6,23620,50,23622.7,175,0,445625
NIFTY-III.NFO,14/06/2024,09:31:41,23621.6,23620,50,23622.6,100,0,445625
NIFTY-III.NFO,14/06/2024,09:31:43,23620,23616.05,100,23621.9,100,50,445625
NIFTY-III.NFO,14/06/2024,09:31:44,23620,23620,50,23621.8,75,0,445625
NIFTY-III.NFO,14/06/2024,09:31:46,23620,23620,50,23621.3,100,0,445625
NIFTY-III.NFO,14/06/2024,09:31:48,23620,23615.05,25,23619.75,100,50,445625
NIFTY-III.NFO,14/06/2024,09:31:49,23620,23615.05,25,23618.85,100,0,445625
NIFTY-III.NFO,14/06/2024,09:31:51,23620,23615,250,23617.55,100,0,445625
NIFTY-III.NFO,14/06/2024,09:31:53,23620,23615,200,23617.45,100,0,445625
NIFTY-III.NFO,14/06/2024,09:31:54,23615,23615,150,23617.5,25,50,445625
NIFTY-III.NFO,14/06/2024,09:31:56,23615,23615,150,23617.5,25,0,445625
NIFTY-III.NFO,14/06/2024,09:31:59,23617.5,23615,150,23618.3,100,25,445625
NIFTY-III.NFO,14/06/2024,09:32:01,23615,23615,50,23617.25,100,100,445625
NIFTY-III.NFO,14/06/2024,09:32:02,23615,23615,50,23616.9,100,0,445625
NIFTY-III.NFO,14/06/2024,09:32:04,23615,23615,25,23616.3,100,25,445625
NIFTY-III.NFO,14/06/2024,09:32:05,23615,23615,25,23616.25,25,0,445625
NIFTY-III.NFO,14/06/2024,09:32:07,23615,23615,25,23616.25,100,0,445625
NIFTY-III.NFO,14/06/2024,09:32:10,23615,23610.7,100,23616.2,100,25,445625
NIFTY-III.NFO,14/06/2024,09:32:12,23616.25,23610.7,25,23616.55,100,50,445625
NIFTY-III.NFO,14/06/2024,09:32:13,23615,23610.7,25,23614.6,100,25,445625
NIFTY-III.NFO,14/06/2024,09:32:15,23615,23610.8,75,23616,100,0,445625
NIFTY-III.NFO,14/06/2024,09:32:17,23615,23612.05,100,23616.45,75,0,445625
NIFTY-III.NFO,14/06/2024,09:32:18,23615,23614.75,25,23620,25,0,445625
NIFTY-III.NFO,14/06/2024,09:32:20,23615.05,23615.05,75,23620,25,25,445625
NIFTY-III.NFO,14/06/2024,09:32:21,23616.6,23616.6,25,23620,25,25,445625
NIFTY-III.NFO,14/06/2024,09:32:23,23616.6,23616.25,25,23619.95,175,0,445625
NIFTY-III.NFO,14/06/2024,09:32:25,23616.6,23615.75,25,23619.95,100,0,445625
NIFTY-III.NFO,14/06/2024,09:32:26,23616.6,23615.7,25,23619.85,175,0,445625
NIFTY-III.NFO,14/06/2024,09:32:28,23616.6,23614.55,25,23619.85,175,0,445625
NIFTY-III.NFO,14/06/2024,09:32:30,23616.6,23618.5,25,23619.85,175,0,445625
NIFTY-III.NFO,14/06/2024,09:32:31,23616.6,23618.5,25,23620,25,0,445625
NIFTY-III.NFO,14/06/2024,09:32:33,23616.6,23618.5,25,23620,100,0,445625
NIFTY-III.NFO,14/06/2024,09:32:35,23616.6,23618.5,25,23619.65,175,0,445625
NIFTY-III.NFO,14/06/2024,09:32:38,23616.6,23618.5,25,23619.6,175,0,445625
NIFTY-III.NFO,14/06/2024,09:32:39,23616.6,23614.55,25,23619.6,175,0,445625
NIFTY-III.NFO,14/06/2024,09:32:41,23616.6,23615.5,100,23619.95,100,0,445625
NIFTY-III.NFO,14/06/2024,09:32:44,23616.6,23616.3,75,23620,25,0,445625
NIFTY-III.NFO,14/06/2024,09:32:46,23616.6,23612,25,23616.9,100,0,445625
NIFTY-III.NFO,14/06/2024,09:32:47,23612,23612.25,25,23616.85,175,50,445625
NIFTY-III.NFO,14/06/2024,09:32:49,23612,23612,25,23615.2,100,0,445625
NIFTY-III.NFO,14/06/2024,09:32:51,23612,23612,25,23614.4,175,0,445625
NIFTY-III.NFO,14/06/2024,09:32:52,23612,23612,25,23614.75,100,0,445625
NIFTY-III.NFO,14/06/2024,09:32:54,23612,23612,25,23614.7,175,0,445625
NIFTY-III.NFO,14/06/2024,09:32:56,23612,23611.05,25,23612.3,100,25,445625
NIFTY-III.NFO,14/06/2024,09:32:57,23612,23611.05,25,23611.45,100,0,445625
NIFTY-III.NFO,14/06/2024,09:32:59,23611,23610.7,25,23611.5,100,50,445625
NIFTY-III.NFO,14/06/2024,09:33:00,23610.7,23610.05,25,23610.3,75,25,445625
NIFTY-III.NFO,14/06/2024,09:33:02,23608,23608,25,23609.9,75,1200,445625
NIFTY-III.NFO,14/06/2024,09:33:04,23605,23605,175,23608.45,225,50,445625
NIFTY-III.NFO,14/06/2024,09:33:04,23605,23605,175,23608.45,225,0,445625
NIFTY-III.NFO,14/06/2024,09:33:05,23604.7,23604,25,23604.7,425,200,445625
NIFTY-III.NFO,14/06/2024,09:33:05,23604.7,23604,25,23604.7,425,0,445625
NIFTY-III.NFO,14/06/2024,09:33:07,23604,23602.05,25,23604.6,75,50,445625
NIFTY-III.NFO,14/06/2024,09:33:07,23604,23602.05,25,23604.6,75,0,445625
NIFTY-III.NFO,14/06/2024,09:33:09,23602,23601.55,50,23602.05,450,50,445625
NIFTY-III.NFO,14/06/2024,09:33:09,23602,23601.55,50,23602.05,450,0,445625
NIFTY-III.NFO,14/06/2024,09:33:10,23602,23601.55,50,23602.05,525,0,445625
NIFTY-III.NFO,14/06/2024,09:33:12,23602,23601.55,50,23603.25,75,0,445625
NIFTY-III.NFO,14/06/2024,09:33:14,23601,23601,50,23601.55,475,150,445625
NIFTY-III.NFO,14/06/2024,09:33:14,23601,23601,50,23601.55,475,0,445625
NIFTY-III.NFO,14/06/2024,09:33:15,23601.55,23601,50,23602.45,75,25,445625
NIFTY-III.NFO,14/06/2024,09:33:17,23602.45,23601,50,23603.35,75,50,444500
NIFTY-III.NFO,14/06/2024,09:33:18,23601,23600.2,150,23601,400,50,444500
NIFTY-III.NFO,14/06/2024,09:33:20,23600.25,23600.2,50,23600.25,250,200,444500
NIFTY-III.NFO,14/06/2024,09:33:20,23600.25,23600.2,50,23600.25,250,0,444500
NIFTY-III.NFO,14/06/2024,09:33:22,23600.2,23600.2,25,23603.25,75,25,444500
NIFTY-III.NFO,14/06/2024,09:33:22,23600.2,23600.2,25,23603.25,75,0,444500
NIFTY-III.NFO,14/06/2024,09:33:25,23600.2,23600.25,75,23603.2,25,0,444500
NIFTY-III.NFO,14/06/2024,09:33:27,23600.2,23600.35,75,23603.2,25,0,444500
NIFTY-III.NFO,14/06/2024,09:33:28,23600.2,23600.15,50,23603.2,25,25,444500
NIFTY-III.NFO,14/06/2024,09:33:30,23601.9,23601.9,25,23606.95,100,50,444500
NIFTY-III.NFO,14/06/2024,09:33:31,23603.3,23603.3,25,23606.9,100,50,444500
NIFTY-III.NFO,14/06/2024,09:33:33,23603.3,23603.35,75,23606.8,25,25,444500
NIFTY-III.NFO,14/06/2024,09:33:35,23603.3,23604.1,150,23606.8,25,0,444500
NIFTY-III.NFO,14/06/2024,09:33:36,23606.8,23606.8,25,23606.85,25,25,444500
NIFTY-III.NFO,14/06/2024,09:33:38,23606.8,23606.8,25,23606.85,25,0,444500
NIFTY-III.NFO,14/06/2024,09:33:40,23606.8,23607.65,100,23613.85,100,0,444500
NIFTY-III.NFO,14/06/2024,09:33:41,23606.8,23607.5,100,23613.8,100,0,444500
NIFTY-III.NFO,14/06/2024,09:33:43,23607.7,23607.7,25,23610,25,25,444500
NIFTY-III.NFO,14/06/2024,09:33:45,23607.7,23606.45,25,23610,25,0,444500
NIFTY-III.NFO,14/06/2024,09:33:46,23607.7,23606.45,25,23609.95,100,0,444500
NIFTY-III.NFO,14/06/2024,09:33:48,23607.7,23606.8,100,23609.95,25,0,444500
NIFTY-III.NFO,14/06/2024,09:33:49,23607.7,23606.8,100,23609.95,100,0,444500
NIFTY-III.NFO,14/06/2024,09:33:51,23607.7,23606.8,100,23609.95,25,0,444500
NIFTY-III.NFO,14/06/2024,09:33:53,23607.7,23606.8,100,23609.95,100,0,444500
NIFTY-III.NFO,14/06/2024,09:33:54,23607.7,23606.8,100,23610,100,0,444500
NIFTY-III.NFO,14/06/2024,09:33:56,23607.7,23606.8,100,23609.95,100,0,444500
NIFTY-III.NFO,14/06/2024,09:33:58,23606.8,23608,25,23609.95,100,25,444500
NIFTY-III.NFO,14/06/2024,09:33:59,23606.8,23608,25,23609.85,100,0,444500
NIFTY-III.NFO,14/06/2024,09:34:01,23606.8,23608,25,23609.9,25,0,444500
NIFTY-III.NFO,14/06/2024,09:34:02,23608,23606.85,200,23609.9,25,25,444500
NIFTY-III.NFO,14/06/2024,09:34:04,23608,23607.3,75,23609.9,25,0,444500
NIFTY-III.NFO,14/06/2024,09:34:06,23608,23607.2,150,23609.9,25,0,444500
NIFTY-III.NFO,14/06/2024,09:34:07,23608,23606.8,150,23609.9,25,0,444500
NIFTY-III.NFO,14/06/2024,09:34:09,23608,23606.8,75,23609.9,25,0,444500
NIFTY-III.NFO,14/06/2024,09:34:12,23618.45,23610.3,200,23616.2,175,75,444500
NIFTY-III.NFO,14/06/2024,09:34:14,23618.45,23610.3,200,23616.6,175,0,444500
NIFTY-III.NFO,14/06/2024,09:34:15,23618.45,23610.35,25,23616.9,100,0,444500
NIFTY-III.NFO,14/06/2024,09:34:17,23618.45,23610.35,25,23616.8,100,0,444500
NIFTY-III.NFO,14/06/2024,09:34:19,23618.45,23611.3,25,23617.35,175,0,444500
NIFTY-III.NFO,14/06/2024,09:34:20,23618.45,23611.25,200,23617,100,0,444500
NIFTY-III.NFO,14/06/2024,09:34:23,23618.45,23610.2,25,23616.45,100,0,444500
NIFTY-III.NFO,14/06/2024,09:34:25,23618.45,23610.2,25,23616.75,100,0,444500
NIFTY-III.NFO,14/06/2024,09:34:27,23618.45,23611.05,100,23618.4,100,0,444500
NIFTY-III.NFO,14/06/2024,09:34:30,23618.4,23613.6,50,23618.45,25,25,444500
NIFTY-III.NFO,14/06/2024,09:34:31,23618.4,23613.6,50,23618.4,100,0,444500
NIFTY-III.NFO,14/06/2024,09:34:33,23618.4,23611.8,25,23617.4,100,0,444500
NIFTY-III.NFO,14/06/2024,09:34:35,23618.4,23613.1,125,23617.7,100,0,444500
NIFTY-III.NFO,14/06/2024,09:34:36,23618.4,23613.8,125,23618.4,175,0,444500
NIFTY-III.NFO,14/06/2024,09:34:40,23618.4,23613.75,125,23618.4,175,0,444500
NIFTY-III.NFO,14/06/2024,09:34:41,23618.4,23613.95,50,23618.45,25,0,444500
NIFTY-III.NFO,14/06/2024,09:34:43,23618.4,23613.9,175,23618.45,25,0,444500
NIFTY-III.NFO,14/06/2024,09:34:45,23618.4,23613.95,50,23618.45,25,0,444500
NIFTY-III.NFO,14/06/2024,09:34:46,23618.4,23613.85,125,23618.4,100,0,444500
NIFTY-III.NFO,14/06/2024,09:34:48,23618.4,23614.3,125,23618.4,100,0,444500
NIFTY-III.NFO,14/06/2024,09:34:49,23618.4,23614.35,25,23618.4,175,0,444500
NIFTY-III.NFO,14/06/2024,09:34:51,23618.4,23613.8,125,23618.4,175,0,444500
NIFTY-III.NFO,14/06/2024,09:34:53,23618.4,23611.95,50,23618.4,175,0,444500
NIFTY-III.NFO,14/06/2024,09:34:56,23618.4,23612,75,23618.35,100,25,444500
NIFTY-III.NFO,14/06/2024,09:34:57,23618.4,23613.5,75,23618.4,200,0,444500
NIFTY-III.NFO,14/06/2024,09:35:01,23618.4,23614.4,125,23618.35,175,0,444500
NIFTY-III.NFO,14/06/2024,09:35:02,23618.4,23614.55,150,23618.4,100,0,444500
NIFTY-III.NFO,14/06/2024,09:35:04,23618.4,23615.8,75,23618.4,100,0,444500
NIFTY-III.NFO,14/06/2024,09:35:06,23618.4,23616.1,75,23618.4,100,0,444500
NIFTY-III.NFO,14/06/2024,09:35:07,23618.4,23616.15,75,23618.4,100,0,444500
NIFTY-III.NFO,14/06/2024,09:35:09,23618.4,23615.8,150,23618.4,75,25,444500
NIFTY-III.NFO,14/06/2024,09:35:10,23618.4,23616.1,75,23618.4,75,0,444500
NIFTY-III.NFO,14/06/2024,09:35:12,23618.4,23615.65,225,23618.4,75,0,444500
NIFTY-III.NFO,14/06/2024,09:35:14,23618.4,23614.65,150,23618.4,75,0,444500
NIFTY-III.NFO,14/06/2024,09:35:15,23618.4,23614.95,150,23618.4,75,0,444500
NIFTY-III.NFO,14/06/2024,09:35:17,23618.4,23614.95,75,23618.4,75,0,444500
NIFTY-III.NFO,14/06/2024,09:35:18,23618.4,23616,25,23618.4,75,0,444500
NIFTY-III.NFO,14/06/2024,09:35:22,23618.4,23616.1,75,23618.4,75,0,444500
NIFTY-III.NFO,14/06/2024,09:35:23,23618.4,23616.7,75,23618.4,75,0,444500
NIFTY-III.NFO,14/06/2024,09:35:25,23618.4,23616.65,75,23618.4,75,0,444500
NIFTY-III.NFO,14/06/2024,09:35:27,23618.4,23616.7,75,23618.45,25,75,444500
NIFTY-III.NFO,14/06/2024,09:35:28,23618.4,23616.7,75,23618.45,25,0,444500
NIFTY-III.NFO,14/06/2024,09:35:30,23618.4,23616.65,75,23618.45,25,0,444500
NIFTY-III.NFO,14/06/2024,09:35:31,23618.4,23616.15,25,23618.45,25,0,444500
NIFTY-III.NFO,14/06/2024,09:35:33,23618.45,23618.45,25,23619,300,25,444500
NIFTY-III.NFO,14/06/2024,09:35:35,23618.45,23618.45,25,23619,300,0,444500
NIFTY-III.NFO,14/06/2024,09:35:38,23618.95,23616,25,23618.95,175,25,444500
NIFTY-III.NFO,14/06/2024,09:35:39,23618.95,23616,25,23618.95,150,25,444500
NIFTY-III.NFO,14/06/2024,09:35:41,23618.95,23616,125,23619,300,0,444500
NIFTY-III.NFO,14/06/2024,09:35:43,23618.95,23616,125,23619,300,25,444500
NIFTY-III.NFO,14/06/2024,09:35:44,23618.95,23616,50,23618.95,50,0,444500
NIFTY-III.NFO,14/06/2024,09:35:46,23618.95,23616,125,23619,300,0,444500
NIFTY-III.NFO,14/06/2024,09:35:48,23619,23616.3,325,23619,275,25,444500
NIFTY-III.NFO,14/06/2024,09:35:49,23619,23617.55,100,23619,100,175,444500
NIFTY-III.NFO,14/06/2024,09:35:51,23619,23617.55,100,23619,100,0,444500
NIFTY-III.NFO,14/06/2024,09:35:52,23619,23617.7,100,23619,100,0,444500
NIFTY-III.NFO,14/06/2024,09:35:54,23619,23617.85,100,23619,100,0,444500
NIFTY-III.NFO,14/06/2024,09:35:56,23619,23617.8,75,23619,100,0,444500
NIFTY-III.NFO,14/06/2024,09:35:57,23619,23617.8,75,23619,50,50,444500
NIFTY-III.NFO,14/06/2024,09:35:59,23619,23617.85,100,23620,50,50,444500
NIFTY-III.NFO,14/06/2024,09:36:01,23619,23617.8,75,23620,50,0,444500
NIFTY-III.NFO,14/06/2024,09:36:02,23619,23617.85,100,23620,50,0,444500
NIFTY-III.NFO,14/06/2024,09:36:07,23623.55,23617.85,100,23625.35,25,75,444500
NIFTY-III.NFO,14/06/2024,09:36:08,23623.55,23617.55,100,23625.35,25,0,444500
NIFTY-III.NFO,14/06/2024,09:36:10,23623.55,23616.05,100,23624.3,25,0,444500
NIFTY-III.NFO,14/06/2024,09:36:15,23623.55,23616.05,150,23624.3,25,0,444500
NIFTY-III.NFO,14/06/2024,09:36:16,23623.55,23618.4,100,23625.85,25,0,444500
NIFTY-III.NFO,14/06/2024,09:36:21,23623.55,23616.9,100,23625.85,25,0,444500
NIFTY-III.NFO,14/06/2024,09:36:23,23623.55,23620.05,100,23628.65,100,0,444500
NIFTY-III.NFO,14/06/2024,09:36:24,23623.55,23623.55,25,23628.75,25,25,444975
NIFTY-III.NFO,14/06/2024,09:36:26,23626.75,23623.55,75,23628.95,25,25,444975
NIFTY-III.NFO,14/06/2024,09:36:28,23626.75,23622.4,100,23627.25,75,0,444975
NIFTY-III.NFO,14/06/2024,09:36:29,23626.75,23622.1,75,23627.05,100,0,444975
NIFTY-III.NFO,14/06/2024,09:36:31,23626.75,23620.05,100,23626.8,25,0,444975
NIFTY-III.NFO,14/06/2024,09:36:32,23626.75,23620.05,175,23626.8,25,0,444975
NIFTY-III.NFO,14/06/2024,09:36:36,23626.75,23620,25,23626.8,25,0,444975
NIFTY-III.NFO,14/06/2024,09:36:37,23626.75,23620.1,100,23626.8,25,75,444975
NIFTY-III.NFO,14/06/2024,09:36:39,23626.75,23620.1,100,23627.9,25,0,444975
NIFTY-III.NFO,14/06/2024,09:36:42,23626.75,23620,100,23627.8,25,0,444975
NIFTY-III.NFO,14/06/2024,09:36:44,23626.75,23620,25,23626.5,25,0,444975
NIFTY-III.NFO,14/06/2024,09:36:45,23626.75,23620,25,23625.05,25,0,444975
NIFTY-III.NFO,14/06/2024,09:36:47,23626.75,23620,25,23621.8,75,0,444975
NIFTY-III.NFO,14/06/2024,09:36:49,23626.75,23620,25,23623.25,25,0,444975
NIFTY-III.NFO,14/06/2024,09:36:55,23626.75,23620,25,23624.75,25,0,444975
NIFTY-III.NFO,14/06/2024,09:36:57,23625.75,23620.05,100,23625.8,75,25,444975
NIFTY-III.NFO,14/06/2024,09:36:58,23625.75,23620,50,23625.8,75,0,444975
NIFTY-III.NFO,14/06/2024,09:37:00,23625.75,23620.05,100,23625.8,75,0,444975
NIFTY-III.NFO,14/06/2024,09:37:03,23625.75,23620.05,100,23625.8,75,25,444975
NIFTY-III.NFO,14/06/2024,09:37:05,23625.75,23620,50,23625.8,75,0,444975
NIFTY-III.NFO,14/06/2024,09:37:08,23625.75,23620,50,23626.75,150,0,444975
NIFTY-III.NFO,14/06/2024,09:37:10,23625.75,23620.05,100,23626.75,150,0,444975
NIFTY-III.NFO,14/06/2024,09:37:11,23625.75,23620,50,23626.75,300,0,444975
NIFTY-III.NFO,14/06/2024,09:37:13,23625.75,23620.05,175,23626.75,75,0,444975
NIFTY-III.NFO,14/06/2024,09:37:15,23625.75,23620.05,75,23626.75,150,0,444975
NIFTY-III.NFO,14/06/2024,09:37:16,23625.75,23620,50,23626.75,150,0,444975
NIFTY-III.NFO,14/06/2024,09:37:18,23625.75,23620,50,23626,125,0,444975
NIFTY-III.NFO,14/06/2024,09:37:19,23624.75,23620,50,23625.85,25,50,444975
NIFTY-III.NFO,14/06/2024,09:37:21,23624.75,23620,50,23622.25,75,0,444975
NIFTY-III.NFO,14/06/2024,09:37:23,23624.75,23620,100,23622.25,75,0,444975
NIFTY-III.NFO,14/06/2024,09:37:24,23624.75,23620,100,23623,150,0,444975
NIFTY-III.NFO,14/06/2024,09:37:26,23624.75,23620,100,23624.65,75,0,444975
NIFTY-III.NFO,14/06/2024,09:37:28,23625,23625.75,75,23626.75,150,25,444975
NIFTY-III.NFO,14/06/2024,09:37:29,23625.75,23625.75,25,23626.65,150,50,444975
NIFTY-III.NFO,14/06/2024,09:37:31,23626.75,23625.75,25,23626.75,125,25,444975
NIFTY-III.NFO,14/06/2024,09:37:33,23626.75,23625.75,25,23626.75,50,0,444975
NIFTY-III.NFO,14/06/2024,09:37:37,23626.75,23625.75,25,23626.75,125,0,444975
NIFTY-III.NFO,14/06/2024,09:37:42,23626.75,23625.75,25,23626.75,50,0,444975
NIFTY-III.NFO,14/06/2024,09:37:47,23625.75,23623.7,100,23626.75,50,25,444975
NIFTY-III.NFO,14/06/2024,09:37:49,23625.75,23623.4,100,23626.75,50,0,444975
NIFTY-III.NFO,14/06/2024,09:37:50,23625.75,23623.7,100,23626.75,50,0,444975
NIFTY-III.NFO,14/06/2024,09:37:54,23625.75,23622.75,175,23626.75,50,0,444975
NIFTY-III.NFO,14/06/2024,09:37:55,23625.75,23621.6,100,23626.75,50,0,444975
NIFTY-III.NFO,14/06/2024,09:37:58,23625.75,23620.15,175,23626.75,125,0,444975
NIFTY-III.NFO,14/06/2024,09:38:03,23625.75,23620.95,100,23626.75,50,0,444975
NIFTY-III.NFO,14/06/2024,09:38:05,23625.75,23621.1,100,23626.75,50,0,444975
NIFTY-III.NFO,14/06/2024,09:38:06,23625.75,23620.95,100,23626.75,50,0,444975
NIFTY-III.NFO,14/06/2024,09:38:08,23620.95,23620.95,100,23626.75,50,25,444975
NIFTY-III.NFO,14/06/2024,09:38:10,23620.95,23620.95,100,23626.75,50,0,444975
NIFTY-III.NFO,14/06/2024,09:38:11,23620.95,23620.9,100,23626.75,50,0,444975
NIFTY-III.NFO,14/06/2024,09:38:13,23620.95,23623.4,100,23626.75,50,0,444975
NIFTY-III.NFO,14/06/2024,09:38:18,23620.95,23623.4,100,23626.7,25,0,444975
NIFTY-III.NFO,14/06/2024,09:38:19,23620.95,23620.15,175,23626.65,100,0,444975
NIFTY-III.NFO,14/06/2024,09:38:21,23620.95,23620.15,100,23626.65,100,0,444975
NIFTY-III.NFO,14/06/2024,09:38:23,23620.95,23621.05,175,23626.6,25,0,444975
NIFTY-III.NFO,14/06/2024,09:38:26,23620.95,23621.05,175,23626.7,25,0,444975
NIFTY-III.NFO,14/06/2024,09:38:27,23621.05,23621.05,100,23626.7,125,25,444975
NIFTY-III.NFO,14/06/2024,09:38:29,23621.05,23621,25,23626.7,125,0,444975
NIFTY-III.NFO,14/06/2024,09:38:32,23621.05,23621,25,23626,50,0,444975
NIFTY-III.NFO,14/06/2024,09:38:37,23626.05,23621,25,23626.05,25,100,444975
NIFTY-III.NFO,14/06/2024,09:38:38,23626.05,23621,25,23626.05,25,0,444975
NIFTY-III.NFO,14/06/2024,09:38:46,23626.05,23621,25,23625.8,75,0,444975
NIFTY-III.NFO,14/06/2024,09:38:48,23625.8,23621,25,23626,25,50,444975
NIFTY-III.NFO,14/06/2024,09:38:49,23625.8,23621,25,23625.5,75,0,444975
NIFTY-III.NFO,14/06/2024,09:38:51,23625.8,23621,25,23624.95,225,0,444975
NIFTY-III.NFO,14/06/2024,09:38:53,23625.8,23621,25,23624.9,25,0,444975
NIFTY-III.NFO,14/06/2024,09:38:56,23621,23620.1,25,23623.45,75,25,444975
NIFTY-III.NFO,14/06/2024,09:38:57,23621,23620.1,25,23621.6,75,0,444975
NIFTY-III.NFO,14/06/2024,09:38:59,23621,23620.1,25,23621.65,75,0,444975
NIFTY-III.NFO,14/06/2024,09:39:00,23621,23620.1,25,23621.35,75,50,444975
NIFTY-III.NFO,14/06/2024,09:39:02,23620,23616,50,23620.75,75,75,444975
NIFTY-III.NFO,14/06/2024,09:39:04,23620,23616,50,23620.75,75,0,444975
NIFTY-III.NFO,14/06/2024,09:39:05,23620,23616.05,100,23620.75,75,0,444975
NIFTY-III.NFO,14/06/2024,09:39:07,23620,23616.05,100,23621.25,150,0,444975
NIFTY-III.NFO,14/06/2024,09:39:13,23620,23616,50,23621.25,150,0,444975
NIFTY-III.NFO,14/06/2024,09:39:15,23620,23616.05,100,23621.25,150,0,444975
NIFTY-III.NFO,14/06/2024,09:39:16,23620,23616,50,23621.25,150,0,444975
NIFTY-III.NFO,14/06/2024,09:39:18,23620,23616.05,100,23621.25,150,0,444975
NIFTY-III.NFO,14/06/2024,09:39:21,23620,23616,50,23621.1,75,0,444975
NIFTY-III.NFO,14/06/2024,09:39:22,23620,23616.05,100,23621.25,75,0,444975
NIFTY-III.NFO,14/06/2024,09:39:26,23620,23616.05,100,23621.2,25,0,444975
NIFTY-III.NFO,14/06/2024,09:39:27,23620,23616,50,23620.5,25,0,444975
NIFTY-III.NFO,14/06/2024,09:39:29,23620,23616,50,23619.5,75,0,444975
NIFTY-III.NFO,14/06/2024,09:39:30,23619.5,23616,50,23618.1,25,25,445175
NIFTY-III.NFO,14/06/2024,09:39:32,23619.5,23616,50,23617.75,75,0,445175
NIFTY-III.NFO,14/06/2024,09:39:34,23619.6,23616,50,23619.15,125,400,445175
NIFTY-III.NFO,14/06/2024,09:39:35,23619.6,23616,50,23619.2,75,0,445175
NIFTY-III.NFO,14/06/2024,09:39:39,23619.6,23616,50,23619.75,100,0,445175
NIFTY-III.NFO,14/06/2024,09:39:40,23616,23612.75,100,23616,950,50,445175
NIFTY-III.NFO,14/06/2024,09:39:42,23616,23611.85,100,23616,950,0,445175
NIFTY-III.NFO,14/06/2024,09:39:54,23616,23612.35,100,23616,950,0,445175
NIFTY-III.NFO,14/06/2024,09:39:56,23616,23615.55,175,23616,375,575,445175
NIFTY-III.NFO,14/06/2024,09:39:58,23616,23614.75,100,23616,375,0,445175
NIFTY-III.NFO,14/06/2024,09:39:59,23616,23614.1,100,23616,375,0,445175
NIFTY-III.NFO,14/06/2024,09:40:01,23616,23614.85,100,23616,375,0,445175
NIFTY-III.NFO,14/06/2024,09:40:02,23616,23613.35,100,23616,375,0,445175
NIFTY-III.NFO,14/06/2024,09:40:04,23616,23612.7,175,23616,375,0,445175
NIFTY-III.NFO,14/06/2024,09:40:06,23616,23613.45,100,23616,375,0,445175
NIFTY-III.NFO,14/06/2024,09:40:07,23616,23612.1,175,23616,375,0,445175
NIFTY-III.NFO,14/06/2024,09:40:09,23616,23612.4,175,23616,375,0,445175
NIFTY-III.NFO,14/06/2024,09:40:10,23616,23612.1,75,23616,375,0,445175
NIFTY-III.NFO,14/06/2024,09:40:12,23616,23613.45,100,23616,375,0,445175
NIFTY-III.NFO,14/06/2024,09:40:14,23616,23613.3,125,23616,375,0,445175
NIFTY-III.NFO,14/06/2024,09:40:15,23616,23614.75,175,23616,375,0,445175
NIFTY-III.NFO,14/06/2024,09:40:17,23616,23612.6,100,23616,375,0,445175
NIFTY-III.NFO,14/06/2024,09:40:18,23616,23612.3,75,23616,375,0,445175
NIFTY-III.NFO,14/06/2024,09:40:20,23616,23610.55,125,23616,425,50,445175
NIFTY-III.NFO,14/06/2024,09:40:22,23616,23611.95,100,23616,350,0,445175
NIFTY-III.NFO,14/06/2024,09:40:23,23616,23613.55,50,23616,350,0,445175
NIFTY-III.NFO,14/06/2024,09:40:25,23616,23614.7,175,23616,350,0,445175
NIFTY-III.NFO,14/06/2024,09:40:27,23616,23615.2,125,23616,350,0,445175
NIFTY-III.NFO,14/06/2024,09:40:28,23616,23612.7,50,23616,350,0,445175
NIFTY-III.NFO,14/06/2024,09:40:30,23614.15,23614.55,200,23616,350,25,445175
NIFTY-III.NFO,14/06/2024,09:40:31,23614.15,23614.45,125,23616,350,0,445175
NIFTY-III.NFO,14/06/2024,09:40:33,23614.15,23615.15,125,23616,350,0,445175
NIFTY-III.NFO,14/06/2024,09:40:35,23614.15,23614.9,125,23616,350,0,445175
NIFTY-III.NFO,14/06/2024,09:40:38,23614.15,23615.95,200,23616,350,0,445175
NIFTY-III.NFO,14/06/2024,09:40:39,23615.95,23615,75,23616,225,150,445175
NIFTY-III.NFO,14/06/2024,09:40:41,23615.95,23614.2,125,23616,225,0,445175
NIFTY-III.NFO,14/06/2024,09:40:43,23615.95,23614.15,100,23616,225,0,445175
NIFTY-III.NFO,14/06/2024,09:40:48,23615.95,23614.15,25,23615.95,100,0,445175
NIFTY-III.NFO,14/06/2024,09:40:49,23615.95,23614.15,25,23615.95,25,0,445175
NIFTY-III.NFO,14/06/2024,09:40:51,23614.15,23611.75,50,23614.15,25,25,445175
NIFTY-III.NFO,14/06/2024,09:40:52,23614.15,23611.3,50,23614.15,25,0,445175
NIFTY-III.NFO,14/06/2024,09:40:56,23614.15,23610.05,100,23614.15,100,0,445175
NIFTY-III.NFO,14/06/2024,09:40:57,23614.15,23611.2,50,23614.15,25,0,445175
NIFTY-III.NFO,14/06/2024,09:40:59,23614.15,23610,25,23614.15,100,0,445175
NIFTY-III.NFO,14/06/2024,09:41:01,23614.15,23610,50,23614.45,75,100,445175
NIFTY-III.NFO,14/06/2024,09:41:02,23614.15,23610,50,23614.15,100,0,445175
NIFTY-III.NFO,14/06/2024,09:41:04,23614.15,23610.5,175,23614.15,100,0,445175
NIFTY-III.NFO,14/06/2024,09:41:06,23614.15,23610,50,23613.95,75,0,445175
NIFTY-III.NFO,14/06/2024,09:41:07,23614.15,23610.55,100,23614.15,125,0,445175
NIFTY-III.NFO,14/06/2024,09:41:09,23614.15,23612,50,23614.15,125,0,445175
NIFTY-III.NFO,14/06/2024,09:41:11,23614.15,23612,50,23614.15,200,0,445175
NIFTY-III.NFO,14/06/2024,09:41:12,23614.15,23612,50,23614.15,125,0,445175
NIFTY-III.NFO,14/06/2024,09:41:16,23614.15,23612,225,23614.15,125,0,445175
NIFTY-III.NFO,14/06/2024,09:41:17,23614.15,23613.3,75,23614.15,125,0,445175
NIFTY-III.NFO,14/06/2024,09:41:19,23614.15,23614,100,23614.15,25,100,445175
NIFTY-III.NFO,14/06/2024,09:41:21,23614.15,23614.05,100,23615.95,25,25,445175
NIFTY-III.NFO,14/06/2024,09:41:22,23616,23614.35,100,23616,200,75,445175
NIFTY-III.NFO,14/06/2024,09:41:24,23616,23615.1,100,23616,200,0,445175
NIFTY-III.NFO,14/06/2024,09:41:25,23616,23615.75,75,23616,200,0,445175
NIFTY-III.NFO,14/06/2024,09:41:27,23616,23614.05,100,23616,200,0,445175
NIFTY-III.NFO,14/06/2024,09:41:29,23616,23614.6,175,23616,200,0,445175
NIFTY-III.NFO,14/06/2024,09:41:30,23616,23614,100,23616,200,0,445175
NIFTY-III.NFO,14/06/2024,09:41:32,23614,23614,25,23616,200,75,445175
NIFTY-III.NFO,14/06/2024,09:41:33,23614,23612.05,175,23616,200,0,445175
NIFTY-III.NFO,14/06/2024,09:41:35,23614,23612.15,100,23616,200,0,445175
NIFTY-III.NFO,14/06/2024,09:41:37,23614,23612.1,100,23616,200,0,445175
NIFTY-III.NFO,14/06/2024,09:41:38,23614,23613.05,100,23616,200,0,445175
NIFTY-III.NFO,14/06/2024,09:41:40,23614,23613.05,150,23616,200,0,445175
NIFTY-III.NFO,14/06/2024,09:41:43,23614,23613.75,100,23616,200,0,445175
NIFTY-III.NFO,14/06/2024,09:41:49,23614,23612.8,100,23616,200,0,445175
NIFTY-III.NFO,14/06/2024,09:41:51,23614,23612.05,175,23616,200,0,445175
NIFTY-III.NFO,14/06/2024,09:41:52,23614,23612.45,100,23616,200,0,445175
NIFTY-III.NFO,14/06/2024,09:41:56,23614,23612.05,175,23616,200,0,445175
NIFTY-III.NFO,14/06/2024,09:41:57,23614,23613.2,100,23616,200,0,445175
NIFTY-III.NFO,14/06/2024,09:42:02,23614,23613.35,100,23616,200,0,445175
NIFTY-III.NFO,14/06/2024,09:42:03,23614,23613.2,100,23616,200,0,445175
NIFTY-III.NFO,14/06/2024,09:42:08,23614,23614.45,100,23616,200,0,445175
NIFTY-III.NFO,14/06/2024,09:42:10,23616,23614.45,100,23616,150,75,445175
NIFTY-III.NFO,14/06/2024,09:42:11,23616,23612,50,23615.95,100,0,445175
NIFTY-III.NFO,14/06/2024,09:42:16,23615.95,23615.95,75,23616,150,25,445175
NIFTY-III.NFO,14/06/2024,09:42:18,23615.95,23615.95,75,23616,150,0,445175
NIFTY-III.NFO,14/06/2024,09:42:19,23615.95,23615.95,75,23616,225,0,445175
NIFTY-III.NFO,14/06/2024,09:42:21,23615.95,23612.75,50,23616,225,75,445750
NIFTY-III.NFO,14/06/2024,09:42:22,23615.95,23612.75,50,23616,225,0,445750
NIFTY-III.NFO,14/06/2024,09:42:29,23615.95,23612.75,50,23616,150,0,445750
NIFTY-III.NFO,14/06/2024,09:42:32,23615.95,23612.75,125,23616,150,0,445750
NIFTY-III.NFO,14/06/2024,09:42:33,23615.95,23612.75,50,23615.95,25,0,445750
NIFTY-III.NFO,14/06/2024,09:42:35,23615.95,23612.75,50,23615.95,100,0,445750
NIFTY-III.NFO,14/06/2024,09:42:38,23615.95,23612.75,50,23615.95,25,0,445750
NIFTY-III.NFO,14/06/2024,09:42:43,23615.95,23612.75,50,23615.95,100,0,445750
NIFTY-III.NFO,14/06/2024,09:42:50,23615.95,23612.8,175,23615.95,50,0,445750
NIFTY-III.NFO,14/06/2024,09:42:53,23615.95,23612.9,100,23615.95,50,0,445750
NIFTY-III.NFO,14/06/2024,09:42:55,23615.95,23612.85,100,23615.95,50,0,445750
NIFTY-III.NFO,14/06/2024,09:43:00,23615.95,23615,25,23615.95,50,0,445750
NIFTY-III.NFO,14/06/2024,09:43:03,23616,23615,25,23616,125,75,445750
NIFTY-III.NFO,14/06/2024,09:43:04,23616,23615,25,23616,100,25,445750
NIFTY-III.NFO,14/06/2024,09:43:06,23616,23615,25,23616,100,0,445750
NIFTY-III.NFO,14/06/2024,09:43:08,23616,23615,25,23616,175,0,445750
NIFTY-III.NFO,14/06/2024,09:43:09,23615.05,23615.05,100,23616,100,25,445750
NIFTY-III.NFO,14/06/2024,09:43:11,23615.05,23615,25,23616,100,0,445750
NIFTY-III.NFO,14/06/2024,09:43:13,23616,23616.3,75,23620,25,100,445750
NIFTY-III.NFO,14/06/2024,09:43:14,23616,23615.05,100,23620,25,0,445750
NIFTY-III.NFO,14/06/2024,09:43:16,23616,23617.05,100,23620,25,0,445750
NIFTY-III.NFO,14/06/2024,09:43:18,23616,23617.65,100,23620,25,0,445750
NIFTY-III.NFO,14/06/2024,09:43:19,23617.65,23617.1,100,23620,25,25,445750
NIFTY-III.NFO,14/06/2024,09:43:21,23617.65,23617.05,100,23620,25,0,445750
NIFTY-III.NFO,14/06/2024,09:43:22,23617.65,23616.15,175,23620,25,0,445750
NIFTY-III.NFO,14/06/2024,09:43:24,23620,23616.15,175,23621,50,25,445750
NIFTY-III.NFO,14/06/2024,09:43:26,23620,23616.55,100,23621.05,25,0,445750
NIFTY-III.NFO,14/06/2024,09:43:29,23620,23616.75,100,23621.05,25,0,445750
NIFTY-III.NFO,14/06/2024,09:43:31,23620,23616.5,100,23621.05,25,0,445750
NIFTY-III.NFO,14/06/2024,09:43:32,23620,23616.15,100,23621,50,0,445750
NIFTY-III.NFO,14/06/2024,09:43:34,23620,23616.05,100,23621,50,0,445750
NIFTY-III.NFO,14/06/2024,09:43:35,23620,23620,50,23621.05,25,25,445750
NIFTY-III.NFO,14/06/2024,09:43:37,23620,23620,50,23621,125,0,445750
NIFTY-III.NFO,14/06/2024,09:43:39,23620,23620,25,23621,125,25,445750
NIFTY-III.NFO,14/06/2024,09:43:40,23620,23620,25,23621,125,0,445750
NIFTY-III.NFO,14/06/2024,09:43:45,23620,23615,50,23621,125,25,445750
NIFTY-III.NFO,14/06/2024,09:43:47,23620,23615,125,23621,125,0,445750
NIFTY-III.NFO,14/06/2024,09:43:48,23620,23615,150,23621,125,0,445750
NIFTY-III.NFO,14/06/2024,09:43:50,23620,23615,75,23621,125,0,445750
NIFTY-III.NFO,14/06/2024,09:43:56,23615,23615,50,23621,100,50,445750
NIFTY-III.NFO,14/06/2024,09:43:58,23615,23615,50,23621,100,0,445750
NIFTY-III.NFO,14/06/2024,09:44:04,23615,23615,50,23620.7,125,0,445750
NIFTY-III.NFO,14/06/2024,09:44:06,23615,23615,50,23618.8,25,0,445750
NIFTY-III.NFO,14/06/2024,09:44:08,23615,23615,50,23618.85,25,0,445750
NIFTY-III.NFO,14/06/2024,09:44:09,23615,23615,50,23618.55,25,0,445750
NIFTY-III.NFO,14/06/2024,09:44:12,23615,23615,25,23618.55,25,25,445750
NIFTY-III.NFO,14/06/2024,09:44:14,23615,23615,25,23618.55,25,0,445750
NIFTY-III.NFO,14/06/2024,09:44:15,23615,23615,25,23617.05,25,0,445750
NIFTY-III.NFO,14/06/2024,09:44:17,23615,23615,25,23617.1,75,0,445750
NIFTY-III.NFO,14/06/2024,09:44:19,23615,23615,25,23617.05,25,0,445750
NIFTY-III.NFO,14/06/2024,09:44:20,23615,23615,25,23616.75,25,0,445750
NIFTY-III.NFO,14/06/2024,09:44:22,23615,23613,50,23616.2,100,25,445750
NIFTY-III.NFO,14/06/2024,09:44:22,23615,23613,50,23616.2,100,0,445750
NIFTY-III.NFO,14/06/2024,09:44:27,23615,23613,50,23615.75,25,0,445750
NIFTY-III.NFO,14/06/2024,09:44:29,23615,23613,50,23615.85,25,0,445750
NIFTY-III.NFO,14/06/2024,09:44:33,23615,23613,50,23615.25,25,0,445750
NIFTY-III.NFO,14/06/2024,09:44:35,23613,23610,50,23613.95,25,50,445750
NIFTY-III.NFO,14/06/2024,09:44:37,23613,23610.3,25,23613.85,25,0,445750
NIFTY-III.NFO,14/06/2024,09:44:40,23613,23610.3,25,23612.95,25,0,445750
NIFTY-III.NFO,14/06/2024,09:44:41,23613,23610,50,23612.95,25,0,445750
NIFTY-III.NFO,14/06/2024,09:44:43,23613,23610,50,23612.35,25,0,445750
NIFTY-III.NFO,14/06/2024,09:44:45,23613,23610,50,23612.2,25,0,445750
NIFTY-III.NFO,14/06/2024,09:44:46,23613,23610,50,23611.5,25,0,445750
NIFTY-III.NFO,14/06/2024,09:44:50,23610,23610,25,23611.85,25,25,445750
NIFTY-III.NFO,14/06/2024,09:44:51,23610,23610,25,23612.6,25,0,445750
NIFTY-III.NFO,14/06/2024,09:44:53,23610,23610,25,23612.5,75,0,445750
NIFTY-III.NFO,14/06/2024,09:44:54,23610,23610,25,23612.55,25,0,445750
NIFTY-III.NFO,14/06/2024,09:44:56,23610,23610,25,23611.85,25,0,445750
NIFTY-III.NFO,14/06/2024,09:44:58,23610,23610,25,23611.65,25,0,445750
NIFTY-III.NFO,14/06/2024,09:44:59,23610,23610,25,23611.7,25,0,445750
NIFTY-III.NFO,14/06/2024,09:45:01,23606.15,23606.05,175,23611.7,100,150,445750
NIFTY-III.NFO,14/06/2024,09:45:02,23611.7,23606.05,100,23612,25,75,445750
NIFTY-III.NFO,14/06/2024,09:45:04,23611.7,23606.4,175,23611.85,200,0,445750
NIFTY-III.NFO,14/06/2024,09:45:06,23611.7,23606.4,100,23611.8,25,0,445750
NIFTY-III.NFO,14/06/2024,09:45:09,23611.7,23606.35,25,23611.8,25,0,445750
NIFTY-III.NFO,14/06/2024,09:45:10,23611.7,23606.05,175,23611.8,25,0,445750
NIFTY-III.NFO,14/06/2024,09:45:12,23606.1,23606.05,175,23611.75,75,100,445750
NIFTY-III.NFO,14/06/2024,09:45:14,23606.1,23606.05,175,23611.7,100,0,445750
NIFTY-III.NFO,14/06/2024,09:45:15,23606.1,23606.05,175,23612.85,150,0,445750
NIFTY-III.NFO,14/06/2024,09:45:17,23606.1,23606.05,175,23612.55,75,0,445750
NIFTY-III.NFO,14/06/2024,09:45:19,23606.1,23606.05,100,23612.35,75,0,445750
NIFTY-III.NFO,14/06/2024,09:45:20,23606.1,23606.05,100,23612.15,75,0,445750
NIFTY-III.NFO,14/06/2024,09:45:22,23606.1,23606.4,100,23611.65,75,0,445750
NIFTY-III.NFO,14/06/2024,09:45:23,23606.1,23606.05,175,23611.55,75,0,445750
NIFTY-III.NFO,14/06/2024,09:45:25,23606.1,23606.05,175,23611.8,25,0,445750
NIFTY-III.NFO,14/06/2024,09:45:26,23606.1,23606.05,175,23611.75,75,0,445750
NIFTY-III.NFO,14/06/2024,09:45:28,23606.1,23606.05,100,23611.65,75,0,445750
NIFTY-III.NFO,14/06/2024,09:45:30,23610.9,23606.05,100,23611.25,75,25,445750
NIFTY-III.NFO,14/06/2024,09:45:31,23606.05,23606.05,100,23611.15,100,75,445875
NIFTY-III.NFO,14/06/2024,09:45:33,23606.05,23606,50,23610.75,100,0,445875
NIFTY-III.NFO,14/06/2024,09:45:35,23610.45,23606,50,23609.95,75,25,445875
NIFTY-III.NFO,14/06/2024,09:45:36,23610.45,23606,50,23609.65,150,0,445875
NIFTY-III.NFO,14/06/2024,09:45:38,23610.45,23606,50,23609.55,75,0,445875
NIFTY-III.NFO,14/06/2024,09:45:40,23610.45,23606.1,25,23609.25,150,0,445875
NIFTY-III.NFO,14/06/2024,09:45:41,23608.7,23606.1,25,23609.2,75,50,445875
NIFTY-III.NFO,14/06/2024,09:45:43,23608.7,23606.1,25,23609.2,75,0,445875
NIFTY-III.NFO,14/06/2024,09:45:45,23608.7,23606.1,25,23609.1,75,0,445875
NIFTY-III.NFO,14/06/2024,09:45:46,23608.7,23606.1,25,23607.6,75,0,445875
NIFTY-III.NFO,14/06/2024,09:45:48,23608.7,23606.1,25,23607.65,75,0,445875
NIFTY-III.NFO,14/06/2024,09:45:50,23608.7,23606.1,25,23607.55,75,0,445875
NIFTY-III.NFO,14/06/2024,09:45:53,23608.7,23606.1,25,23607.6,25,0,445875
NIFTY-III.NFO,14/06/2024,09:45:58,23608.7,23606.1,25,23607.6,100,0,445875
NIFTY-III.NFO,14/06/2024,09:46:00,23608.7,23606.1,25,23608.7,50,0,445875
NIFTY-III.NFO,14/06/2024,09:46:03,23608.7,23606.15,175,23608.7,50,0,445875
NIFTY-III.NFO,14/06/2024,09:46:05,23608.65,23606.15,175,23608.7,25,50,445875
NIFTY-III.NFO,14/06/2024,09:46:06,23608.65,23608.05,100,23608.7,25,0,445875
NIFTY-III.NFO,14/06/2024,09:46:08,23608.7,23608,100,23610,50,25,445875
NIFTY-III.NFO,14/06/2024,09:46:10,23610,23610,100,23614.6,75,50,445875
NIFTY-III.NFO,14/06/2024,09:46:11,23610,23610.15,100,23616,25,0,445875
NIFTY-III.NFO,14/06/2024,09:46:13,23610,23610.6,100,23615.95,175,0,445875
NIFTY-III.NFO,14/06/2024,09:46:15,23610,23609.2,100,23615.95,175,0,445875
NIFTY-III.NFO,14/06/2024,09:46:16,23610,23608.3,100,23615.4,100,0,445875
NIFTY-III.NFO,14/06/2024,09:46:18,23610,23606.8,100,23614.35,100,0,445875
NIFTY-III.NFO,14/06/2024,09:46:20,23610,23608.6,100,23615.95,175,0,445875
NIFTY-III.NFO,14/06/2024,09:46:21,23610,23611.65,100,23615.95,100,0,445875
NIFTY-III.NFO,14/06/2024,09:46:23,23615.95,23611.65,100,23615.95,75,25,445875
NIFTY-III.NFO,14/06/2024,09:46:25,23615.95,23611.65,100,23616,25,0,445875
NIFTY-III.NFO,14/06/2024,09:46:26,23615.95,23610.75,100,23615.95,75,0,445875
NIFTY-III.NFO,14/06/2024,09:46:28,23615.95,23610.75,100,23616,25,0,445875
NIFTY-III.NFO,14/06/2024,09:46:29,23615.95,23610.75,100,23615.95,150,0,445875
NIFTY-III.NFO,14/06/2024,09:46:31,23615.95,23610.75,100,23615.95,25,0,445875
NIFTY-III.NFO,14/06/2024,09:46:33,23615.95,23610.75,100,23616,25,0,445875
NIFTY-III.NFO,14/06/2024,09:46:34,23615.95,23612.55,100,23616,25,0,445875
NIFTY-III.NFO,14/06/2024,09:46:36,23615.95,23612.85,100,23616,25,0,445875
NIFTY-III.NFO,14/06/2024,09:46:38,23615.95,23613.1,175,23616,25,0,445875
NIFTY-III.NFO,14/06/2024,09:46:41,23615.95,23610.45,100,23615.95,150,0,445875
NIFTY-III.NFO,14/06/2024,09:46:44,23615.95,23610.05,175,23616,25,0,445875
NIFTY-III.NFO,14/06/2024,09:46:46,23615.95,23611,100,23612.95,100,0,445875
NIFTY-III.NFO,14/06/2024,09:46:47,23615.95,23611.6,100,23612.95,100,0,445875
NIFTY-III.NFO,14/06/2024,09:46:51,23611.6,23612.5,25,23616,25,100,445875
NIFTY-III.NFO,14/06/2024,09:46:52,23611.6,23612.5,25,23616,25,0,445875
NIFTY-III.NFO,14/06/2024,09:47:00,23612.5,23612.8,75,23616,25,75,445875
NIFTY-III.NFO,14/06/2024,09:47:02,23615,23615.5,100,23616,25,25,445875
NIFTY-III.NFO,14/06/2024,09:47:04,23615,23612.6,50,23616,25,0,445875
NIFTY-III.NFO,14/06/2024,09:47:05,23615,23613.35,100,23616,25,0,445875
NIFTY-III.NFO,14/06/2024,09:47:08,23615,23613.35,25,23616,25,0,445875
NIFTY-III.NFO,14/06/2024,09:47:10,23615,23613.35,100,23616,25,0,445875
NIFTY-III.NFO,14/06/2024,09:47:13,23619.85,23613.4,50,23619.95,175,150,445875
NIFTY-III.NFO,14/06/2024,09:47:15,23619.85,23612.6,50,23619.55,100,0,445875
NIFTY-III.NFO,14/06/2024,09:47:16,23619.85,23613.4,125,23619.95,175,0,445875
NIFTY-III.NFO,14/06/2024,09:47:18,23613.4,23613.35,25,23619.95,175,75,445875
NIFTY-III.NFO,14/06/2024,09:47:21,23613.4,23615.1,125,23620,25,0,445875
NIFTY-III.NFO,14/06/2024,09:47:23,23615.75,23618.3,75,23620,25,25,445875
NIFTY-III.NFO,14/06/2024,09:47:24,23615.75,23617.35,50,23620,25,0,445875
NIFTY-III.NFO,14/06/2024,09:47:26,23615.75,23617.85,75,23620,25,0,445875
NIFTY-III.NFO,14/06/2024,09:47:28,23619.05,23619.05,75,23622.25,25,50,445875
NIFTY-III.NFO,14/06/2024,09:47:29,23619.05,23617.25,175,23621.85,75,0,445875
NIFTY-III.NFO,14/06/2024,09:47:31,23619.05,23617.25,75,23621.85,75,0,445875
NIFTY-III.NFO,14/06/2024,09:47:33,23619.05,23617.25,75,23622.2,100,0,445875
NIFTY-III.NFO,14/06/2024,09:47:34,23622.2,23617.3,25,23622.25,25,25,445875
NIFTY-III.NFO,14/06/2024,09:47:36,23622.2,23617.3,25,23622.25,25,0,445875
NIFTY-III.NFO,14/06/2024,09:47:37,23622.2,23616.65,100,23622.2,100,0,445875
NIFTY-III.NFO,14/06/2024,09:47:39,23622.2,23617.55,100,23622.25,25,0,445875
NIFTY-III.NFO,14/06/2024,09:47:41,23622.2,23618.2,25,23622.25,25,0,445875
NIFTY-III.NFO,14/06/2024,09:47:42,23622.2,23618.5,25,23622,25,0,445875
NIFTY-III.NFO,14/06/2024,09:47:44,23621.75,23621.7,75,23624,25,100,445875
NIFTY-III.NFO,14/06/2024,09:47:46,23621.75,23619.55,175,23624,25,0,445875
NIFTY-III.NFO,14/06/2024,09:47:47,23619.55,23622.2,25,23623.95,175,25,445875
NIFTY-III.NFO,14/06/2024,09:47:49,23623.95,23622.2,25,23623.9,100,25,445875
NIFTY-III.NFO,14/06/2024,09:47:51,23623.95,23622.2,25,23624,25,0,445875
NIFTY-III.NFO,14/06/2024,09:47:52,23625,23624.4,75,23625,25,125,445875
NIFTY-III.NFO,14/06/2024,09:47:54,23624.4,23624.5,75,23625,25,50,445875
NIFTY-III.NFO,14/06/2024,09:47:56,23624.4,23624.25,100,23624.95,25,0,445875
NIFTY-III.NFO,14/06/2024,09:47:57,23625.8,23625.55,75,23629,75,100,445875
NIFTY-III.NFO,14/06/2024,09:47:59,23625.8,23624.35,150,23629,75,0,445875
NIFTY-III.NFO,14/06/2024,09:48:01,23624.2,23624.1,75,23629,150,25,445875
NIFTY-III.NFO,14/06/2024,09:48:02,23624.2,23624.1,75,23628.95,100,0,445875
NIFTY-III.NFO,14/06/2024,09:48:04,23628.9,23624.55,75,23628.9,175,25,445875
NIFTY-III.NFO,14/06/2024,09:48:05,23628.9,23624.6,75,23628.9,175,0,445875
NIFTY-III.NFO,14/06/2024,09:48:07,23628.9,23624.6,75,23628.8,100,0,445875
NIFTY-III.NFO,14/06/2024,09:48:09,23628.9,23625.55,75,23628.7,100,0,445875
NIFTY-III.NFO,14/06/2024,09:48:10,23628.9,23624.5,75,23628.5,100,0,445875
NIFTY-III.NFO,14/06/2024,09:48:14,23628.9,23623.95,50,23628.5,100,0,445875
NIFTY-III.NFO,14/06/2024,09:48:15,23628.9,23625,25,23628.55,25,0,445875
NIFTY-III.NFO,14/06/2024,09:48:17,23628.9,23625.45,75,23628.45,25,0,445875
NIFTY-III.NFO,14/06/2024,09:48:18,23628.45,23625.45,75,23628.55,25,50,446375
NIFTY-III.NFO,14/06/2024,09:48:20,23628.45,23625.25,75,23628.55,25,0,446375
NIFTY-III.NFO,14/06/2024,09:48:22,23628.85,23626.1,75,23629,75,100,446375
NIFTY-III.NFO,14/06/2024,09:48:23,23629,23628.9,75,23629,50,50,446375
NIFTY-III.NFO,14/06/2024,09:48:25,23630,23632.8,100,23635,25,125,446375
NIFTY-III.NFO,14/06/2024,09:48:27,23635,23632.8,150,23638.15,100,50,446375
NIFTY-III.NFO,14/06/2024,09:48:28,23637.75,23631.05,75,23637.7,100,50,446375
NIFTY-III.NFO,14/06/2024,09:48:30,23637.75,23629.7,50,23637.7,100,0,446375
NIFTY-III.NFO,14/06/2024,09:48:33,23637.75,23631.55,125,23638.95,100,0,446375
NIFTY-III.NFO,14/06/2024,09:48:35,23637.75,23629.7,50,23638.95,100,0,446375
NIFTY-III.NFO,14/06/2024,09:48:37,23637.75,23629.7,50,23637.7,100,0,446375
NIFTY-III.NFO,14/06/2024,09:48:40,23637.75,23629.7,125,23637.4,100,0,446375
NIFTY-III.NFO,14/06/2024,09:48:42,23637.75,23628.3,125,23637.2,100,0,446375
NIFTY-III.NFO,14/06/2024,09:48:43,23637.75,23628.3,125,23637,100,0,446375
NIFTY-III.NFO,14/06/2024,09:48:45,23627.65,23627.05,25,23636.9,100,25,446375
NIFTY-III.NFO,14/06/2024,09:48:47,23627.65,23627.05,25,23636.7,100,0,446375
NIFTY-III.NFO,14/06/2024,09:48:48,23627.65,23628.5,75,23634.1,175,0,446375
NIFTY-III.NFO,14/06/2024,09:48:50,23627.65,23627.65,25,23632.1,175,0,446375
NIFTY-III.NFO,14/06/2024,09:48:52,23627.65,23629.75,25,23632.05,200,0,446375
NIFTY-III.NFO,14/06/2024,09:48:53,23627.65,23626.65,100,23633,100,0,446375
NIFTY-III.NFO,14/06/2024,09:48:55,23627.65,23626.65,25,23632.5,175,0,446375
NIFTY-III.NFO,14/06/2024,09:48:57,23627.65,23626,75,23631.3,175,0,446375
NIFTY-III.NFO,14/06/2024,09:48:58,23627.65,23626,25,23631.2,100,0,446375
NIFTY-III.NFO,14/06/2024,09:49:00,23627.65,23626,25,23630.6,175,0,446375
NIFTY-III.NFO,14/06/2024,09:49:02,23627.65,23630,25,23630.6,100,0,446375
NIFTY-III.NFO,14/06/2024,09:49:03,23627.65,23630,25,23630.5,75,0,446375
NIFTY-III.NFO,14/06/2024,09:49:05,23627.65,23630,25,23634.45,100,0,446375
NIFTY-III.NFO,14/06/2024,09:49:07,23627.65,23630,25,23634.25,175,0,446375
NIFTY-III.NFO,14/06/2024,09:49:08,23627.65,23630.05,100,23635.55,175,0,446375
NIFTY-III.NFO,14/06/2024,09:49:10,23627.65,23630,25,23634.95,100,0,446375
NIFTY-III.NFO,14/06/2024,09:49:12,23630,23627.65,25,23634.4,100,25,446375
NIFTY-III.NFO,14/06/2024,09:49:13,23630,23627.65,25,23633.55,100,0,446375
NIFTY-III.NFO,14/06/2024,09:49:15,23630,23627.65,25,23633.35,100,0,446375
NIFTY-III.NFO,14/06/2024,09:49:17,23630,23627.7,25,23633.15,100,0,446375
NIFTY-III.NFO,14/06/2024,09:49:18,23633.15,23627.9,25,23633.05,100,25,446375
NIFTY-III.NFO,14/06/2024,09:49:20,23633.15,23627.9,25,23632.85,100,0,446375
NIFTY-III.NFO,14/06/2024,09:49:22,23632.65,23627.9,25,23632.65,100,25,446375
NIFTY-III.NFO,14/06/2024,09:49:23,23632.65,23626.25,25,23629.95,100,25,446375
NIFTY-III.NFO,14/06/2024,09:49:25,23632.65,23625,100,23629.85,100,0,446375
NIFTY-III.NFO,14/06/2024,09:49:26,23632.65,23625.3,100,23630.85,100,0,446375
NIFTY-III.NFO,14/06/2024,09:49:28,23632.65,23625.2,175,23630.7,200,0,446375
NIFTY-III.NFO,14/06/2024,09:49:30,23632.65,23625.05,175,23630.7,100,0,446375
NIFTY-III.NFO,14/06/2024,09:49:31,23632.65,23626.75,175,23630.65,100,0,446375
NIFTY-III.NFO,14/06/2024,09:49:33,23632.65,23626.75,100,23631.8,100,0,446375
NIFTY-III.NFO,14/06/2024,09:49:34,23632.65,23626.7,75,23631.5,175,0,446375
NIFTY-III.NFO,14/06/2024,09:49:36,23632.65,23626.5,175,23633.05,100,0,446375
NIFTY-III.NFO,14/06/2024,09:49:38,23632.65,23628.15,175,23633.9,175,0,446375
NIFTY-III.NFO,14/06/2024,09:49:39,23632.65,23628.2,100,23634.7,175,0,446375
NIFTY-III.NFO,14/06/2024,09:49:41,23627.6,23627.6,50,23634.5,100,200,446375
NIFTY-III.NFO,14/06/2024,09:49:42,23627.6,23625,100,23632.5,100,0,446375
NIFTY-III.NFO,14/06/2024,09:49:44,23627.6,23625,175,23632.3,100,0,446375
NIFTY-III.NFO,14/06/2024,09:49:45,23626.9,23625,100,23626.9,275,175,446375
NIFTY-III.NFO,14/06/2024,09:49:47,23626.9,23626.8,25,23626.9,175,100,446375
NIFTY-III.NFO,14/06/2024,09:49:49,23626.9,23625.9,75,23632.75,100,225,446375
NIFTY-III.NFO,14/06/2024,09:49:50,23626.9,23625.9,75,23632.75,175,0,446375
NIFTY-III.NFO,14/06/2024,09:49:52,23627.75,23628.15,25,23632.55,75,25,446375
NIFTY-III.NFO,14/06/2024,09:49:54,23627.75,23626,75,23632.55,100,0,446375
NIFTY-III.NFO,14/06/2024,09:49:55,23627.75,23627.2,75,23632.55,175,0,446375
NIFTY-III.NFO,14/06/2024,09:49:57,23627.75,23624.85,250,23632.55,175,0,446375
NIFTY-III.NFO,14/06/2024,09:49:58,23627.75,23625.55,75,23632.55,175,0,446375
NIFTY-III.NFO,14/06/2024,09:50:00,23627.75,23625.7,250,23632.55,75,0,446375
NIFTY-III.NFO,14/06/2024,09:50:02,23627.75,23627.75,175,23632.6,25,0,446375
NIFTY-III.NFO,14/06/2024,09:50:03,23627.75,23627.75,100,23632.55,100,0,446375
NIFTY-III.NFO,14/06/2024,09:50:06,23627.75,23627.75,100,23632.45,100,0,446375
NIFTY-III.NFO,14/06/2024,09:50:08,23627.75,23627.75,100,23632.25,100,0,446375
NIFTY-III.NFO,14/06/2024,09:50:11,23627.75,23627.75,100,23632.35,100,0,446375
NIFTY-III.NFO,14/06/2024,09:50:14,23632.35,23627.8,25,23632.55,75,25,446375
NIFTY-III.NFO,14/06/2024,09:50:16,23632.35,23627.8,100,23632.6,25,0,446375
NIFTY-III.NFO,14/06/2024,09:50:19,23632.35,23627.85,25,23632.6,25,0,446375
NIFTY-III.NFO,14/06/2024,09:50:22,23632.35,23626.45,100,23632.55,100,0,446375
NIFTY-III.NFO,14/06/2024,09:50:24,23632.35,23626.2,100,23632.55,100,0,446375
NIFTY-III.NFO,14/06/2024,09:50:25,23632.35,23626.85,100,23632.6,100,0,446375
NIFTY-III.NFO,14/06/2024,09:50:27,23632.35,23626.25,100,23632.55,100,0,446375
NIFTY-III.NFO,14/06/2024,09:50:30,23632.35,23626.8,25,23632.55,100,0,446375
NIFTY-III.NFO,14/06/2024,09:50:31,23632.35,23626.3,25,23632.55,175,0,446375
NIFTY-III.NFO,14/06/2024,09:50:33,23632.35,23627.65,25,23632.6,25,0,446375
NIFTY-III.NFO,14/06/2024,09:50:35,23632.35,23628.3,25,23632.6,25,0,446375
NIFTY-III.NFO,14/06/2024,09:50:36,23632.35,23625.5,25,23632.55,175,0,446375
NIFTY-III.NFO,14/06/2024,09:50:38,23632.35,23625.9,25,23632.55,175,0,446375
NIFTY-III.NFO,14/06/2024,09:50:40,23632,23625.1,25,23632.15,125,50,446375
NIFTY-III.NFO,14/06/2024,09:50:41,23632,23625.15,25,23632.2,100,0,446375
NIFTY-III.NFO,14/06/2024,09:50:43,23632.2,23625.1,25,23631.55,100,25,446375
NIFTY-III.NFO,14/06/2024,09:50:45,23632.2,23625.15,50,23631.35,100,0,446375
NIFTY-III.NFO,14/06/2024,09:50:46,23631.35,23625.6,100,23632.2,50,100,446375
NIFTY-III.NFO,14/06/2024,09:50:48,23631.35,23625.6,100,23632.55,125,0,446375
NIFTY-III.NFO,14/06/2024,09:50:49,23631.35,23626.45,100,23632.55,50,0,446375
NIFTY-III.NFO,14/06/2024,09:50:53,23631.35,23626.45,100,23632.6,25,0,446375
NIFTY-III.NFO,14/06/2024,09:50:54,23631.35,23626.45,125,23632.35,50,0,446375
NIFTY-III.NFO,14/06/2024,09:50:56,23631.35,23626.45,125,23632.4,100,0,446375
NIFTY-III.NFO,14/06/2024,09:50:57,23631.35,23627.1,100,23631.95,25,0,446375
NIFTY-III.NFO,14/06/2024,09:51:00,23631.35,23627.75,100,23632.6,25,0,446375
NIFTY-III.NFO,14/06/2024,09:51:02,23631.35,23628.45,100,23632.6,25,0,446375
NIFTY-III.NFO,14/06/2024,09:51:04,23631.35,23628.45,350,23632.6,25,0,446375
NIFTY-III.NFO,14/06/2024,09:51:05,23631.35,23630.2,100,23632.6,25,0,446375
NIFTY-III.NFO,14/06/2024,09:51:07,23632.6,23632.95,100,23635,25,25,446375
NIFTY-III.NFO,14/06/2024,09:51:09,23635,23635.35,175,23637.15,25,25,446375
NIFTY-III.NFO,14/06/2024,09:51:10,23634.35,23634.35,25,23637.15,25,50,446375
NIFTY-III.NFO,14/06/2024,09:51:12,23634.35,23631.85,175,23637.1,50,0,446375
NIFTY-III.NFO,14/06/2024,09:51:13,23634.35,23631.85,175,23637.15,25,0,446375
NIFTY-III.NFO,14/06/2024,09:51:15,23634.35,23632.75,175,23637.15,25,25,446375
NIFTY-III.NFO,14/06/2024,09:51:17,23634.35,23632.15,175,23637.15,25,0,446375
NIFTY-III.NFO,14/06/2024,09:51:20,23634.35,23631.7,100,23637.1,50,0,446375
NIFTY-III.NFO,14/06/2024,09:51:25,23634.35,23628.85,100,23637.1,50,0,446375
NIFTY-III.NFO,14/06/2024,09:51:26,23634.35,23630.35,100,23636.3,50,0,446375
NIFTY-III.NFO,14/06/2024,09:51:28,23634.35,23631,100,23636.25,50,0,446375
NIFTY-III.NFO,14/06/2024,09:51:29,23634.35,23631,175,23636.3,125,0,446375
NIFTY-III.NFO,14/06/2024,09:51:31,23634.35,23634.35,50,23636.35,100,75,447075
NIFTY-III.NFO,14/06/2024,09:51:33,23634.35,23634.35,50,23636.35,25,0,447075
NIFTY-III.NFO,14/06/2024,09:51:34,23634.35,23634.35,75,23636.35,25,0,447075
NIFTY-III.NFO,14/06/2024,09:51:36,23634.35,23634.35,50,23636.25,25,25,447075
NIFTY-III.NFO,14/06/2024,09:51:37,23634.35,23629.15,100,23635.85,25,50,447075
NIFTY-III.NFO,14/06/2024,09:51:39,23634.35,23629.15,175,23635.85,25,0,447075
NIFTY-III.NFO,14/06/2024,09:51:41,23634.35,23629.15,175,23635.95,25,0,447075
NIFTY-III.NFO,14/06/2024,09:51:44,23634.35,23629.8,100,23636.15,100,0,447075
NIFTY-III.NFO,14/06/2024,09:51:45,23634.35,23634,25,23636.15,100,0,447075
NIFTY-III.NFO,14/06/2024,09:51:47,23634.35,23634,25,23636.3,25,0,447075
NIFTY-III.NFO,14/06/2024,09:51:48,23636.25,23634,25,23636.2,50,25,447075
NIFTY-III.NFO,14/06/2024,09:51:50,23636.25,23634,25,23636.2,50,0,447075
NIFTY-III.NFO,14/06/2024,09:51:52,23634,23629.85,100,23636.2,50,25,447075
NIFTY-III.NFO,14/06/2024,09:51:53,23634,23629.85,175,23636.3,25,0,447075
NIFTY-III.NFO,14/06/2024,09:51:58,23634,23630.35,150,23636.3,100,0,447075
NIFTY-III.NFO,14/06/2024,09:51:59,23634,23630.5,100,23636.3,25,0,447075
NIFTY-III.NFO,14/06/2024,09:52:01,23634,23631.15,175,23633.95,50,0,447075
NIFTY-III.NFO,14/06/2024,09:52:03,23634,23631.15,425,23633.95,50,0,447075
NIFTY-III.NFO,14/06/2024,09:52:04,23634,23633.45,25,23633.95,50,0,447075
NIFTY-III.NFO,14/06/2024,09:52:06,23634,23633.55,25,23633.95,50,0,447075
NIFTY-III.NFO,14/06/2024,09:52:09,23633.9,23633.55,25,23633.95,50,25,447075
NIFTY-III.NFO,14/06/2024,09:52:11,23633.9,23629.65,100,23633.95,125,0,447075
NIFTY-III.NFO,14/06/2024,09:52:14,23633.95,23633.95,400,23635,100,50,447075
NIFTY-III.NFO,14/06/2024,09:52:15,23635,23635,350,23635.95,75,125,447075
NIFTY-III.NFO,14/06/2024,09:52:17,23635.95,23635.95,375,23636,100,75,447075
NIFTY-III.NFO,14/06/2024,09:52:18,23635.95,23635.95,375,23636,100,0,447075
NIFTY-III.NFO,14/06/2024,09:52:20,23635.95,23635.95,275,23636,100,100,447075
NIFTY-III.NFO,14/06/2024,09:52:22,23636,23636,650,23636.3,75,100,447075
NIFTY-III.NFO,14/06/2024,09:52:24,23636,23636,650,23636.3,75,0,447075
NIFTY-III.NFO,14/06/2024,09:52:27,23636.35,23636.35,650,23637.1,75,100,447075
NIFTY-III.NFO,14/06/2024,09:52:29,23636.35,23636.35,650,23637.1,75,0,447075
NIFTY-III.NFO,14/06/2024,09:52:31,23637.1,23637.1,675,23637.15,100,75,447075
NIFTY-III.NFO,14/06/2024,09:52:32,23637.1,23637.1,625,23637.15,25,50,447075
NIFTY-III.NFO,14/06/2024,09:52:34,23637.1,23637.1,625,23637.15,100,0,447075
NIFTY-III.NFO,14/06/2024,09:52:37,23637.75,23637.15,725,23637.75,75,50,447075
NIFTY-III.NFO,14/06/2024,09:52:39,23637.15,23637.15,700,23637.75,75,25,447075
NIFTY-III.NFO,14/06/2024,09:52:41,23637.15,23637.15,675,23637.55,25,25,447075
NIFTY-III.NFO,14/06/2024,09:52:42,23637.15,23637.15,675,23637.95,25,0,447075
NIFTY-III.NFO,14/06/2024,09:52:44,23637.15,23637.15,675,23637.95,100,0,447075
NIFTY-III.NFO,14/06/2024,09:52:47,23637.15,23631.8,100,23637.9,75,0,447075
NIFTY-III.NFO,14/06/2024,09:52:49,23637.15,23631.8,100,23638,175,0,447075
NIFTY-III.NFO,14/06/2024,09:52:50,23637.15,23631.8,100,23637.95,25,0,447075
NIFTY-III.NFO,14/06/2024,09:52:54,23637.15,23635,25,23637.95,100,0,447075
NIFTY-III.NFO,14/06/2024,09:52:56,23637.15,23635,25,23637.95,25,0,447075
NIFTY-III.NFO,14/06/2024,09:52:57,23637.15,23635,25,23637.95,100,0,447075
NIFTY-III.NFO,14/06/2024,09:52:59,23637.15,23635,25,23637.85,25,0,447075
NIFTY-III.NFO,14/06/2024,09:53:01,23637.85,23637.85,725,23637.9,25,25,447075
NIFTY-III.NFO,14/06/2024,09:53:02,23637.85,23637.85,325,23637.9,100,400,447075
NIFTY-III.NFO,14/06/2024,09:53:04,23637.85,23637.85,175,23637.9,100,150,447075
NIFTY-III.NFO,14/06/2024,09:53:06,23637.85,23637.85,150,23637.9,75,25,447075
NIFTY-III.NFO,14/06/2024,09:53:07,23637.85,23637.85,125,23637.9,75,25,447075
NIFTY-III.NFO,14/06/2024,09:53:09,23629.7,23628.05,100,23637.25,75,225,447075
NIFTY-III.NFO,14/06/2024,09:53:11,23628.05,23628.05,100,23632.45,75,25,447075
NIFTY-III.NFO,14/06/2024,09:53:12,23628.05,23628.05,100,23632.45,75,0,447075
NIFTY-III.NFO,14/06/2024,09:53:14,23632.7,23628.05,100,23632.75,75,100,447075
NIFTY-III.NFO,14/06/2024,09:53:16,23632.7,23628.05,175,23634.25,75,0,447075
NIFTY-III.NFO,14/06/2024,09:53:17,23634.25,23634.25,675,23635.75,75,75,447075
NIFTY-III.NFO,14/06/2024,09:53:19,23634.25,23629.2,100,23635.65,100,0,447075
NIFTY-III.NFO,14/06/2024,09:53:21,23635.65,23629.2,100,23636.55,25,75,447075
NIFTY-III.NFO,14/06/2024,09:53:22,23635.65,23629.2,100,23636.55,25,0,447075
NIFTY-III.NFO,14/06/2024,09:53:24,23635.65,23629.2,100,23637.85,25,0,447075
NIFTY-III.NFO,14/06/2024,09:53:25,23629.2,23629.2,100,23637.85,50,25,447075
NIFTY-III.NFO,14/06/2024,09:53:27,23629.2,23629.2,100,23637.85,100,0,447075
NIFTY-III.NFO,14/06/2024,09:53:29,23637.85,23629.2,100,23637.85,25,75,447075
NIFTY-III.NFO,14/06/2024,09:53:34,23637.85,23629.85,100,23637.85,25,0,447075
NIFTY-III.NFO,14/06/2024,09:53:35,23637.85,23629.7,100,23637.85,25,0,447075
NIFTY-III.NFO,14/06/2024,09:53:37,23637.85,23629.85,100,23637.85,25,0,447075
NIFTY-III.NFO,14/06/2024,09:53:38,23637.85,23630.5,100,23637.85,25,0,447075
NIFTY-III.NFO,14/06/2024,09:53:45,23637.85,23630.5,100,23638.35,100,100,447075
NIFTY-III.NFO,14/06/2024,09:53:47,23637.85,23630.5,100,23638.35,100,0,447075
NIFTY-III.NFO,14/06/2024,09:53:50,23637.85,23629.7,100,23638.35,100,0,447075
NIFTY-III.NFO,14/06/2024,09:53:53,23637.85,23628.9,100,23638.35,100,0,447075
NIFTY-III.NFO,14/06/2024,09:53:54,23637.85,23628.9,100,23638,225,0,447075
NIFTY-III.NFO,14/06/2024,09:53:56,23637.85,23628.9,100,23638,75,0,447075
NIFTY-III.NFO,14/06/2024,09:54:07,23637.85,23628.6,100,23637.3,75,0,447075
NIFTY-III.NFO,14/06/2024,09:54:11,23637.85,23628.05,100,23636.3,225,0,447075
NIFTY-III.NFO,14/06/2024,09:54:12,23637.85,23628.1,100,23635.75,225,0,447075
NIFTY-III.NFO,14/06/2024,09:54:14,23637.85,23628.05,175,23635.75,75,0,447075
NIFTY-III.NFO,14/06/2024,09:54:20,23637.85,23628.05,175,23637.3,75,0,447075
NIFTY-III.NFO,14/06/2024,09:54:26,23637.85,23628.25,150,23638.35,100,0,447075
NIFTY-III.NFO,14/06/2024,09:54:28,23637.85,23630.2,100,23638,25,0,447075
NIFTY-III.NFO,14/06/2024,09:54:29,23637.85,23630.2,100,23638,100,0,447075
NIFTY-III.NFO,14/06/2024,09:54:33,23637.85,23628.1,100,23636.65,225,0,447075
NIFTY-III.NFO,14/06/2024,09:54:34,23637.85,23628.2,150,23637,50,0,447075
NIFTY-III.NFO,14/06/2024,09:54:36,23637.85,23628.1,100,23637,50,0,447075
NIFTY-III.NFO,14/06/2024,09:54:39,23637.85,23628.2,150,23637,50,0,447075
NIFTY-III.NFO,14/06/2024,09:54:41,23637.85,23628.1,100,23637,100,0,447075
NIFTY-III.NFO,14/06/2024,09:54:42,23628.1,23628.25,150,23636.95,50,50,445975
NIFTY-III.NFO,14/06/2024,09:54:44,23628.65,23628.65,100,23636.95,150,25,445975
NIFTY-III.NFO,14/06/2024,09:54:45,23628.65,23628.6,100,23636.95,150,0,445975
NIFTY-III.NFO,14/06/2024,09:54:47,23628.65,23629.05,100,23636.95,75,0,445975
NIFTY-III.NFO,14/06/2024,09:54:49,23628.65,23629.05,100,23636.95,150,0,445975
NIFTY-III.NFO,14/06/2024,09:54:55,23628.65,23629.05,150,23636.95,75,0,445975
NIFTY-III.NFO,14/06/2024,09:54:58,23628.65,23629.2,150,23636.95,75,0,445975
NIFTY-III.NFO,14/06/2024,09:55:00,23628.65,23629.75,100,23637,100,0,445975
NIFTY-III.NFO,14/06/2024,09:55:01,23628.65,23630.2,100,23635,50,0,445975
NIFTY-III.NFO,14/06/2024,09:55:03,23628.65,23630.55,150,23635,50,0,445975
NIFTY-III.NFO,14/06/2024,09:55:05,23635,23633.35,100,23637,50,50,445975
NIFTY-III.NFO,14/06/2024,09:55:06,23635,23633.25,100,23637,50,0,445975
NIFTY-III.NFO,14/06/2024,09:55:08,23635,23633.1,100,23637,50,0,445975
NIFTY-III.NFO,14/06/2024,09:55:10,23635,23633,100,23637,50,0,445975
NIFTY-III.NFO,14/06/2024,09:55:11,23635,23632.95,100,23637,50,0,445975
NIFTY-III.NFO,14/06/2024,09:55:23,23635,23630,50,23636.95,150,0,445975
NIFTY-III.NFO,14/06/2024,09:55:25,23635,23630,50,23634.5,150,0,445975
NIFTY-III.NFO,14/06/2024,09:55:27,23635,23630.05,175,23636.3,225,0,445975
NIFTY-III.NFO,14/06/2024,09:55:28,23635,23630.05,175,23636.8,150,0,445975
NIFTY-III.NFO,14/06/2024,09:55:30,23635,23630.05,175,23636.95,75,0,445975
NIFTY-III.NFO,14/06/2024,09:55:33,23635,23630.35,175,23636.95,75,0,445975
NIFTY-III.NFO,14/06/2024,09:55:35,23635,23630.45,150,23636.95,75,0,445975
NIFTY-III.NFO,14/06/2024,09:55:41,23635,23630.45,150,23636.95,150,0,445975
NIFTY-III.NFO,14/06/2024,09:55:43,23635,23630.45,150,23636.95,75,0,445975
NIFTY-III.NFO,14/06/2024,09:55:46,23635,23630.8,100,23637,50,0,445975
NIFTY-III.NFO,14/06/2024,09:55:48,23635,23631.45,100,23637,50,0,445975
NIFTY-III.NFO,14/06/2024,09:55:50,23635,23634.7,100,23637,50,0,445975
NIFTY-III.NFO,14/06/2024,09:55:53,23635,23632.75,100,23637,50,0,445975
NIFTY-III.NFO,14/06/2024,09:55:55,23635,23632.7,100,23637,50,0,445975
NIFTY-III.NFO,14/06/2024,09:55:56,23635,23631.5,150,23637.95,150,0,445975
NIFTY-III.NFO,14/06/2024,09:55:58,23635,23631.7,175,23637.95,150,0,445975
NIFTY-III.NFO,14/06/2024,09:56:00,23635,23631.5,175,23637.95,150,0,445975
NIFTY-III.NFO,14/06/2024,09:56:01,23635,23631.5,175,23637.95,75,0,445975
NIFTY-III.NFO,14/06/2024,09:56:05,23635,23632.1,100,23637.95,75,0,445975
NIFTY-III.NFO,14/06/2024,09:56:09,23635,23632.1,100,23637.95,150,0,445975
NIFTY-III.NFO,14/06/2024,09:56:11,23635,23631.5,175,23637.95,150,0,445975
NIFTY-III.NFO,14/06/2024,09:56:14,23635,23630.75,175,23637.95,150,0,445975
NIFTY-III.NFO,14/06/2024,09:56:19,23635,23631.5,150,23637.95,75,0,445975
NIFTY-III.NFO,14/06/2024,09:56:21,23635,23632.2,150,23637.95,75,0,445975
NIFTY-III.NFO,14/06/2024,09:56:26,23635,23632.3,100,23637.95,75,0,445975
NIFTY-III.NFO,14/06/2024,09:56:30,23635,23632.2,50,23637.95,150,0,445975
NIFTY-III.NFO,14/06/2024,09:56:32,23635,23632.25,100,23637.95,75,0,445975
NIFTY-III.NFO,14/06/2024,09:56:34,23635,23635,1800,23637.95,75,0,445975
NIFTY-III.NFO,14/06/2024,09:56:37,23637.95,23635,1825,23637.95,25,50,445975
NIFTY-III.NFO,14/06/2024,09:56:38,23637.95,23635,1825,23637.95,25,0,445975
NIFTY-III.NFO,14/06/2024,09:56:43,23637.95,23635,1900,23638,50,0,445975
NIFTY-III.NFO,14/06/2024,09:56:45,23638,23638,1725,23638.35,25,75,445975
NIFTY-III.NFO,14/06/2024,09:56:47,23638,23638,1725,23638.35,25,0,445975
NIFTY-III.NFO,14/06/2024,09:56:48,23638,23638,1750,23638.35,25,0,445975
NIFTY-III.NFO,14/06/2024,09:57:01,23638,23638,1725,23638.35,25,25,445975
NIFTY-III.NFO,14/06/2024,09:57:03,23639,23638.05,100,23640,125,50,445975
NIFTY-III.NFO,14/06/2024,09:57:05,23640.85,23642,1525,23646.95,100,175,445975
NIFTY-III.NFO,14/06/2024,09:57:06,23640.85,23642,1525,23645.75,25,0,445975
NIFTY-III.NFO,14/06/2024,09:57:08,23640.85,23642,1525,23646.7,25,0,445975
NIFTY-III.NFO,14/06/2024,09:57:11,23642,23642,1500,23645.65,25,25,445975
NIFTY-III.NFO,14/06/2024,09:57:13,23642,23642,1500,23645.65,25,0,445975
NIFTY-III.NFO,14/06/2024,09:57:15,23642,23642,1500,23646.65,100,0,445975
NIFTY-III.NFO,14/06/2024,09:57:16,23642,23642,1500,23645.3,100,0,445975
NIFTY-III.NFO,14/06/2024,09:57:18,23642,23642,1450,23643.95,25,50,445975
NIFTY-III.NFO,14/06/2024,09:57:20,23642,23642,1425,23643.95,25,25,445850
NIFTY-III.NFO,14/06/2024,09:57:22,23642,23642,1450,23643.85,25,25,445850
NIFTY-III.NFO,14/06/2024,09:57:23,23642,23642,1400,23643.85,25,50,445850
NIFTY-III.NFO,14/06/2024,09:57:25,23642,23642,1375,23643.2,25,25,445850
NIFTY-III.NFO,14/06/2024,09:57:26,23642,23642,1350,23643.05,25,25,445850
NIFTY-III.NFO,14/06/2024,09:57:28,23642,23642,1300,23643.05,25,50,445850
NIFTY-III.NFO,14/06/2024,09:57:30,23642,23642,1275,23643.05,25,25,445850
NIFTY-III.NFO,14/06/2024,09:57:31,23642,23642,1250,23643.25,75,25,445850
NIFTY-III.NFO,14/06/2024,09:57:33,23642,23642,1225,23643.95,50,25,445850
NIFTY-III.NFO,14/06/2024,09:57:35,23642,23642,1225,23643.85,25,0,445850
NIFTY-III.NFO,14/06/2024,09:57:36,23642,23642,1225,23643.8,100,0,445850
NIFTY-III.NFO,14/06/2024,09:57:40,23642,23642,1225,23643.75,25,0,445850
NIFTY-III.NFO,14/06/2024,09:57:41,23642,23642,1225,23643.7,25,0,445850
NIFTY-III.NFO,14/06/2024,09:57:43,23642,23642,1175,23643.65,25,50,445850
NIFTY-III.NFO,14/06/2024,09:57:45,23642,23642,1175,23643.55,25,0,445850
NIFTY-III.NFO,14/06/2024,09:57:46,23642,23642,1150,23643.45,125,25,445850
NIFTY-III.NFO,14/06/2024,09:57:48,23642,23642,1150,23643.4,50,0,445850
NIFTY-III.NFO,14/06/2024,09:57:49,23642,23642,1150,23643.35,25,0,445850
NIFTY-III.NFO,14/06/2024,09:57:51,23642,23642,1150,23643.2,75,0,445850
NIFTY-III.NFO,14/06/2024,09:57:53,23642,23642,1100,23643.15,125,50,445850
NIFTY-III.NFO,14/06/2024,09:57:54,23642,23642,1075,23642.45,125,25,445850
NIFTY-III.NFO,14/06/2024,09:57:56,23642,23642,1025,23642.4,125,50,445850
NIFTY-III.NFO,14/06/2024,09:57:58,23642,23642,1000,23642.4,50,25,445850
NIFTY-III.NFO,14/06/2024,09:57:59,23642,23642.05,100,23642.35,25,0,445850
NIFTY-III.NFO,14/06/2024,09:58:01,23642.05,23642.05,100,23642.35,25,50,445850
NIFTY-III.NFO,14/06/2024,09:58:03,23642.05,23642.05,100,23642.35,25,0,445850
NIFTY-III.NFO,14/06/2024,09:58:04,23643.15,23642.05,175,23645.9,50,350,445850
NIFTY-III.NFO,14/06/2024,09:58:06,23642.05,23642.05,150,23645.9,50,50,445850
NIFTY-III.NFO,14/06/2024,09:58:08,23642.05,23642.05,125,23645.9,50,25,445850
NIFTY-III.NFO,14/06/2024,09:58:09,23642.05,23642.05,125,23645.85,25,0,445850
NIFTY-III.NFO,14/06/2024,09:58:11,23642.05,23642.05,125,23645.75,75,0,445850
NIFTY-III.NFO,14/06/2024,09:58:13,23642.05,23643.8,100,23645.75,75,0,445850
NIFTY-III.NFO,14/06/2024,09:58:14,23642.05,23644.9,25,23645.75,75,0,445850
NIFTY-III.NFO,14/06/2024,09:58:16,23642.05,23645.4,25,23645.75,75,0,445850
NIFTY-III.NFO,14/06/2024,09:58:18,23642.05,23643.15,25,23649,175,0,445850
NIFTY-III.NFO,14/06/2024,09:58:19,23642.1,23642.1,50,23649,175,50,445850
NIFTY-III.NFO,14/06/2024,09:58:21,23642.1,23642.1,50,23649,100,0,445850
NIFTY-III.NFO,14/06/2024,09:58:23,23642.1,23642.1,50,23649,175,0,445850
NIFTY-III.NFO,14/06/2024,09:58:25,23642.1,23642.1,25,23649,175,25,445850
NIFTY-III.NFO,14/06/2024,09:58:27,23642.3,23642.1,25,23649,175,25,445850
NIFTY-III.NFO,14/06/2024,09:58:28,23642.3,23642.1,25,23649,175,0,445850
NIFTY-III.NFO,14/06/2024,09:58:30,23642.1,23642.05,25,23649,175,25,445850
NIFTY-III.NFO,14/06/2024,09:58:32,23642.1,23642.3,100,23649,175,0,445850
NIFTY-III.NFO,14/06/2024,09:58:35,23642.1,23642.45,50,23649,100,0,445850
NIFTY-III.NFO,14/06/2024,09:58:36,23642.1,23644.1,75,23648.95,50,0,445850
NIFTY-III.NFO,14/06/2024,09:58:40,23642.1,23645.5,75,23648.95,50,0,445850
NIFTY-III.NFO,14/06/2024,09:58:41,23642.1,23646.15,75,23648.95,50,0,445850
NIFTY-III.NFO,14/06/2024,09:58:43,23642.1,23645,100,23648.95,50,0,445850
NIFTY-III.NFO,14/06/2024,09:58:45,23642.1,23645.6,75,23648.95,50,0,445850
NIFTY-III.NFO,14/06/2024,09:58:46,23642.1,23645,25,23649,175,0,445850
NIFTY-III.NFO,14/06/2024,09:58:49,23645,23644.2,100,23649,100,75,445850
NIFTY-III.NFO,14/06/2024,09:58:51,23645,23644.2,100,23649,100,0,445850
NIFTY-III.NFO,14/06/2024,09:58:53,23645,23644.6,100,23649,100,0,445850
NIFTY-III.NFO,14/06/2024,09:58:54,23645,23644.6,75,23649,100,0,445850
NIFTY-III.NFO,14/06/2024,09:58:56,23644.6,23643.7,25,23649,100,50,445850
NIFTY-III.NFO,14/06/2024,09:58:58,23644.6,23643.9,100,23649,100,0,445850
NIFTY-III.NFO,14/06/2024,09:58:59,23644.6,23645,25,23649,100,0,445850
NIFTY-III.NFO,14/06/2024,09:59:01,23644.6,23645,100,23649,100,0,445850
NIFTY-III.NFO,14/06/2024,09:59:06,23644.6,23645.25,50,23649,100,0,445850
NIFTY-III.NFO,14/06/2024,09:59:07,23644.6,23645.25,75,23649,100,0,445850
NIFTY-III.NFO,14/06/2024,09:59:09,23650,23647.05,225,23650,250,150,445850
NIFTY-III.NFO,14/06/2024,09:59:10,23647.1,23647.4,125,23650,275,25,445850
NIFTY-III.NFO,14/06/2024,09:59:12,23647.1,23647.75,75,23650,275,0,445850
NIFTY-III.NFO,14/06/2024,09:59:14,23647.1,23647.15,100,23650,275,0,445850
NIFTY-III.NFO,14/06/2024,09:59:17,23650,23649.6,75,23650,225,50,445850
NIFTY-III.NFO,14/06/2024,09:59:19,23650,23648.15,325,23650,225,0,445850
NIFTY-III.NFO,14/06/2024,09:59:20,23650,23650.5,75,23652,75,225,445850
NIFTY-III.NFO,14/06/2024,09:59:22,23650,23649.8,225,23652,75,0,445850
NIFTY-III.NFO,14/06/2024,09:59:23,23652,23652.2,75,23655,25,75,445850
NIFTY-III.NFO,14/06/2024,09:59:25,23652,23653.65,75,23655,25,0,445850
NIFTY-III.NFO,14/06/2024,09:59:26,23652,23652.65,100,23655,25,0,445850
NIFTY-III.NFO,14/06/2024,09:59:28,23652,23651.65,150,23655,25,0,445850
NIFTY-III.NFO,14/06/2024,09:59:30,23652,23650.65,75,23655,25,0,445850
NIFTY-III.NFO,14/06/2024,09:59:31,23652,23651.45,150,23655,25,0,445850
NIFTY-III.NFO,14/06/2024,09:59:33,23652.95,23652.85,25,23653,25,50,445850
NIFTY-III.NFO,14/06/2024,09:59:35,23652.95,23651.7,100,23653,50,0,445850
NIFTY-III.NFO,14/06/2024,09:59:36,23651.7,23650.4,75,23653,50,200,445850
NIFTY-III.NFO,14/06/2024,09:59:38,23651.7,23650,50,23653,50,0,445850
NIFTY-III.NFO,14/06/2024,09:59:39,23651.7,23651.7,25,23653,50,0,445850
NIFTY-III.NFO,14/06/2024,09:59:43,23651.95,23652.35,25,23653,50,25,445850
NIFTY-III.NFO,14/06/2024,09:59:44,23651.95,23651.7,50,23653,50,0,445850
NIFTY-III.NFO,14/06/2024,09:59:46,23651.95,23652.55,25,23653,50,0,445850
NIFTY-III.NFO,14/06/2024,09:59:49,23651.95,23652.65,25,23653,50,0,445850
NIFTY-III.NFO,14/06/2024,09:59:52,23653,23653.45,25,23655,25,100,445850
NIFTY-III.NFO,14/06/2024,09:59:54,23652.55,23652,75,23655,25,25,445850
NIFTY-III.NFO,14/06/2024,09:59:55,23652.55,23652,150,23655,25,0,445850
NIFTY-III.NFO,14/06/2024,09:59:57,23652,23653.2,125,23659.95,100,50,445850
NIFTY-III.NFO,14/06/2024,09:59:59,23652,23653.2,75,23659.95,175,0,445850
NIFTY-III.NFO,14/06/2024,10:00:00,23652,23652.5,75,23659.95,175,0,445850
NIFTY-III.NFO,14/06/2024,10:00:02,23653.05,23653.05,75,23659.95,175,50,445850
NIFTY-III.NFO,14/06/2024,10:00:04,23653.05,23653.05,75,23659.95,175,0,445850
NIFTY-III.NFO,14/06/2024,10:00:09,23653.05,23654.05,325,23660,100,0,445850
NIFTY-III.NFO,14/06/2024,10:00:10,23653.05,23654.7,200,23659.95,75,0,445850
NIFTY-III.NFO,14/06/2024,10:00:12,23657.55,23656.95,25,23660,50,125,445850
NIFTY-III.NFO,14/06/2024,10:00:14,23657.55,23657.9,50,23660,50,0,445850
NIFTY-III.NFO,14/06/2024,10:00:15,23657.55,23658.5,125,23660,50,0,445850
NIFTY-III.NFO,14/06/2024,10:00:17,23660,23659.35,25,23661,25,50,445850
NIFTY-III.NFO,14/06/2024,10:00:19,23660.1,23660.1,50,23662.05,100,50,445850
NIFTY-III.NFO,14/06/2024,10:00:20,23660.1,23660.1,50,23662.05,100,0,445850
NIFTY-III.NFO,14/06/2024,10:00:22,23660.1,23660.5,50,23662.05,25,0,445850
NIFTY-III.NFO,14/06/2024,10:00:24,23660.1,23660,50,23662.05,25,0,445850
NIFTY-III.NFO,14/06/2024,10:00:25,23660.1,23659.5,50,23662.05,25,0,445850
NIFTY-III.NFO,14/06/2024,10:00:27,23660.1,23659.6,75,23662.05,25,0,445850
NIFTY-III.NFO,14/06/2024,10:00:29,23660.1,23660.5,200,23662.05,25,0,445850
NIFTY-III.NFO,14/06/2024,10:00:32,23661.4,23661.65,150,23663,50,50,446700
NIFTY-III.NFO,14/06/2024,10:00:33,23663,23661.65,150,23663,25,25,446700
NIFTY-III.NFO,14/06/2024,10:00:35,23663,23660.45,25,23663.95,175,25,446700
NIFTY-III.NFO,14/06/2024,10:00:37,23663,23660.1,25,23664,25,0,446700
NIFTY-III.NFO,14/06/2024,10:00:38,23663,23660,25,23662.95,25,0,446700
NIFTY-III.NFO,14/06/2024,10:00:40,23662.95,23660.1,25,23664,25,25,446700
NIFTY-III.NFO,14/06/2024,10:00:41,23662.95,23661.65,125,23664,25,0,446700
NIFTY-III.NFO,14/06/2024,10:00:43,23662.95,23663.9,75,23664,25,0,446700
NIFTY-III.NFO,14/06/2024,10:00:45,23664,23663.9,75,23665,225,25,446700
NIFTY-III.NFO,14/06/2024,10:00:46,23665,23664.85,75,23665,100,125,446700
NIFTY-III.NFO,14/06/2024,10:00:48,23666,23664.95,100,23666,500,200,446700
NIFTY-III.NFO,14/06/2024,10:00:50,23666,23664.95,75,23666,400,100,446700
NIFTY-III.NFO,14/06/2024,10:00:51,23666,23664.15,125,23666,100,400,446700
