Ticker,Date,Time,LTP,BuyPrice,BuyQty,SellPrice,SellQty,LTQ,OpenInterest
BANKNIFTY-I.NFO,29/01/2025,09:15:00,48926.05,48877.5,60,48926,30,750,0
BANKNIFTY-I.NFO,29/01/2025,09:15:00,48926.05,48877.5,60,48926,30,0,0
BANKNIFTY-I.NFO,29/01/2025,09:15:00,48950,48877.5,60,48926,30,0,0
BANKNIFTY-I.NFO,29/01/2025,09:15:00,48904.6,48877.5,60,48926,30,0,0
BANKNIFTY-I.NFO,29/01/2025,09:15:01,48945.05,48941.35,60,48971.55,15,705,1485525
BANKNIFTY-I.NFO,29/01/2025,09:15:01,48978.95,48941.35,60,48971.55,15,0,1485525
BANKNIFTY-I.NFO,29/01/2025,09:15:03,48941.9,48941.9,90,48966.1,30,1755,1485525
BANKNIFTY-I.NFO,29/01/2025,09:15:04,48968.05,48947.45,60,48968.95,60,330,1485525
BANKNIFTY-I.NFO,29/01/2025,09:15:06,48954.75,48954.75,45,48968.95,60,210,1485525
BANKNIFTY-I.NFO,29/01/2025,09:15:07,48945.15,48938.95,45,48961.65,75,375,1485525
BANKNIFTY-I.NFO,29/01/2025,09:15:09,48906,48904.95,45,48928.55,60,345,1485525
BANKNIFTY-I.NFO,29/01/2025,09:15:10,48921.3,48905.65,60,48928.8,30,405,1485525
BANKNIFTY-I.NFO,29/01/2025,09:15:12,48948.85,48931.6,60,48948.85,30,1050,1485525
BANKNIFTY-I.NFO,29/01/2025,09:15:12,48904.1,48931.6,60,48948.85,30,0,1485525
BANKNIFTY-I.NFO,29/01/2025,09:15:13,48935.65,48933.05,60,48949.95,15,165,1485525
BANKNIFTY-I.NFO,29/01/2025,09:15:15,48949.95,48944.95,30,48949.95,30,315,1485525
BANKNIFTY-I.NFO,29/01/2025,09:15:17,48950,48934.7,60,48950,150,150,1485525
BANKNIFTY-I.NFO,29/01/2025,09:15:18,48930.15,48931.5,60,48949.95,15,2250,1485525
BANKNIFTY-I.NFO,29/01/2025,09:15:20,48938.4,48939.4,15,48948.6,15,360,1485525
BANKNIFTY-I.NFO,29/01/2025,09:15:22,48966.45,48965.45,15,48968.95,15,300,1485525
BANKNIFTY-I.NFO,29/01/2025,09:15:23,48975.4,48975.4,120,48980,30,315,1485525
BANKNIFTY-I.NFO,29/01/2025,09:15:23,48979,48975.4,120,48980,30,0,1485525
BANKNIFTY-I.NFO,29/01/2025,09:15:25,48974.3,48981.7,30,48987,15,270,1485525
BANKNIFTY-I.NFO,29/01/2025,09:15:25,48986,48981.7,30,48987,15,0,1485525
BANKNIFTY-I.NFO,29/01/2025,09:15:26,48987,48974.75,15,48988.9,90,15,1485525
BANKNIFTY-I.NFO,29/01/2025,09:15:26,48987,48974.75,15,48988.9,90,0,1485525
BANKNIFTY-I.NFO,29/01/2025,09:15:28,49007,49001.05,60,49008,15,1170,1485525
BANKNIFTY-I.NFO,29/01/2025,09:15:28,49007,49001.05,60,49008,15,0,1485525
BANKNIFTY-I.NFO,29/01/2025,09:15:30,48990.05,48980.85,45,48993.95,60,300,1485525
BANKNIFTY-I.NFO,29/01/2025,09:15:30,49010.85,48980.85,45,48993.95,60,0,1485525
BANKNIFTY-I.NFO,29/01/2025,09:15:31,48987,48972.05,45,48990.85,60,105,1485525
BANKNIFTY-I.NFO,29/01/2025,09:15:33,48990.9,48987.3,150,48994,435,150,1485525
BANKNIFTY-I.NFO,29/01/2025,09:15:35,48994,48988.9,30,48998.95,60,525,1485525
BANKNIFTY-I.NFO,29/01/2025,09:15:36,48990.05,48974.2,60,48993.8,30,105,1485525
BANKNIFTY-I.NFO,29/01/2025,09:15:38,48994.6,48979.1,30,48988.95,90,90,1485525
BANKNIFTY-I.NFO,29/01/2025,09:15:40,48987.4,48972.55,30,48988.2,15,135,1485525
BANKNIFTY-I.NFO,29/01/2025,09:15:41,48980,48965,60,48979.1,90,915,1485525
BANKNIFTY-I.NFO,29/01/2025,09:15:43,48985.8,48969.1,60,48985.85,60,45,1485525
BANKNIFTY-I.NFO,29/01/2025,09:15:44,48990,48976.4,30,48990,90,30,1485525
BANKNIFTY-I.NFO,29/01/2025,09:15:46,48990,48988.1,60,48992.7,30,210,1485525
BANKNIFTY-I.NFO,29/01/2025,09:15:48,48986.95,48992.6,360,48998,15,675,1485525
BANKNIFTY-I.NFO,29/01/2025,09:15:49,48990.95,48994.65,15,48998,765,120,1485525
BANKNIFTY-I.NFO,29/01/2025,09:15:51,48992,48990.25,15,48992.6,15,1815,1485525
BANKNIFTY-I.NFO,29/01/2025,09:15:53,48983.8,48983.8,45,48986.5,15,90,1485525
BANKNIFTY-I.NFO,29/01/2025,09:15:54,48984.7,48981.6,45,48990,30,105,1485525
BANKNIFTY-I.NFO,29/01/2025,09:15:56,48980.25,48980,15,48986.95,15,45,1485525
BANKNIFTY-I.NFO,29/01/2025,09:15:58,48998.7,48983.6,60,48992,120,210,1485525
BANKNIFTY-I.NFO,29/01/2025,09:15:59,48976.65,48981.3,60,48990,45,510,1485525
BANKNIFTY-I.NFO,29/01/2025,09:16:01,48990,48987,15,48992,120,120,1485525
BANKNIFTY-I.NFO,29/01/2025,09:16:02,48996.55,48998,15,49008,15,1785,1485525
BANKNIFTY-I.NFO,29/01/2025,09:16:04,49014.8,48998.7,105,49013.2,45,810,1485525
BANKNIFTY-I.NFO,29/01/2025,09:16:04,49014.9,48998.7,105,49013.2,45,0,1485525
BANKNIFTY-I.NFO,29/01/2025,09:16:06,48998.5,48998,15,49007.95,90,600,1486830
BANKNIFTY-I.NFO,29/01/2025,09:16:06,49016.2,48998,15,49007.95,90,0,1486830
BANKNIFTY-I.NFO,29/01/2025,09:16:07,48991.15,48990,15,48998.45,60,450,1486830
BANKNIFTY-I.NFO,29/01/2025,09:16:09,48998.4,48994.35,30,48998.35,15,30,1486830
BANKNIFTY-I.NFO,29/01/2025,09:16:11,48998.35,48990,15,48998.5,15,60,1486830
BANKNIFTY-I.NFO,29/01/2025,09:16:12,48990,48986.95,15,48996.7,90,30,1486830
BANKNIFTY-I.NFO,29/01/2025,09:16:14,48987.4,48980,120,48992.55,60,30,1486830
BANKNIFTY-I.NFO,29/01/2025,09:16:16,48990.8,48987.5,75,48992.55,60,195,1486830
BANKNIFTY-I.NFO,29/01/2025,09:16:17,48987.5,48980.5,30,48988.1,45,150,1486830
BANKNIFTY-I.NFO,29/01/2025,09:16:19,48988.05,48980.5,15,48987.6,15,60,1486830
BANKNIFTY-I.NFO,29/01/2025,09:16:20,48960,48961.8,15,48970,15,840,1486830
BANKNIFTY-I.NFO,29/01/2025,09:16:22,48969.95,48959.4,90,48969.95,210,180,1486830
BANKNIFTY-I.NFO,29/01/2025,09:16:24,48969.9,48966,15,48969.9,45,75,1486830
BANKNIFTY-I.NFO,29/01/2025,09:16:25,48962.75,48963.3,15,48969.8,30,45,1486830
BANKNIFTY-I.NFO,29/01/2025,09:16:27,48957.8,48955.15,60,48969.65,15,30,1486830
BANKNIFTY-I.NFO,29/01/2025,09:16:29,48950.05,48950.05,60,48955.1,285,105,1486830
BANKNIFTY-I.NFO,29/01/2025,09:16:30,48938.7,48938.5,15,48950,30,165,1486830
BANKNIFTY-I.NFO,29/01/2025,09:16:32,48949.9,48937.2,15,48949.9,15,90,1486830
BANKNIFTY-I.NFO,29/01/2025,09:16:34,48949.9,48941.65,15,48949.9,210,45,1486830
BANKNIFTY-I.NFO,29/01/2025,09:16:35,48943.65,48938.65,15,48949.85,255,75,1486830
BANKNIFTY-I.NFO,29/01/2025,09:16:37,48932.85,48933.4,15,48949.7,60,150,1486830
BANKNIFTY-I.NFO,29/01/2025,09:16:38,48949.35,48940,15,48947.6,60,75,1486830
BANKNIFTY-I.NFO,29/01/2025,09:16:40,48947.55,48933.65,60,48947.55,30,255,1486830
BANKNIFTY-I.NFO,29/01/2025,09:16:42,48947.55,48947.45,15,48947.55,135,180,1486830
BANKNIFTY-I.NFO,29/01/2025,09:16:43,48947.55,48947.45,15,48947.55,120,45,1486830
BANKNIFTY-I.NFO,29/01/2025,09:16:45,48947.45,48940.05,15,48945.35,60,30,1486830
BANKNIFTY-I.NFO,29/01/2025,09:16:47,48945.2,48933.45,15,48945.3,60,180,1486830
BANKNIFTY-I.NFO,29/01/2025,09:16:48,48940,48937.25,30,48944.95,15,60,1486830
BANKNIFTY-I.NFO,29/01/2025,09:16:50,48937.25,48935.65,15,48944.95,240,645,1486830
BANKNIFTY-I.NFO,29/01/2025,09:16:51,48936.25,48936.45,90,48944.9,105,360,1486830
BANKNIFTY-I.NFO,29/01/2025,09:16:53,48939.15,48942,75,48944.85,90,270,1486830
BANKNIFTY-I.NFO,29/01/2025,09:16:55,48946.7,48947,30,48950.05,90,735,1486830
BANKNIFTY-I.NFO,29/01/2025,09:16:56,48942.75,48943.1,30,48950,15,60,1486830
BANKNIFTY-I.NFO,29/01/2025,09:16:58,48950,48946.05,45,48950,60,135,1486830
BANKNIFTY-I.NFO,29/01/2025,09:17:00,48945.85,48946.9,105,48950,315,45,1486830
BANKNIFTY-I.NFO,29/01/2025,09:17:01,48948.4,48949.45,75,48959,15,585,1486830
BANKNIFTY-I.NFO,29/01/2025,09:17:03,48948.4,48944.85,15,48956.5,60,0,1486830
BANKNIFTY-I.NFO,29/01/2025,09:17:04,48949.9,48944.85,15,48956.4,60,225,1486830
BANKNIFTY-I.NFO,29/01/2025,09:17:06,48950,48950,105,48956.35,45,195,1486830
BANKNIFTY-I.NFO,29/01/2025,09:17:08,48956.3,48950,105,48956.3,120,45,1486830
BANKNIFTY-I.NFO,29/01/2025,09:17:09,48950,48948.9,45,48956.3,285,105,1486830
BANKNIFTY-I.NFO,29/01/2025,09:17:11,48950,48950.5,150,48956.25,135,0,1486830
BANKNIFTY-I.NFO,29/01/2025,09:17:12,48952.4,48949.6,60,48956.1,30,30,1486830
BANKNIFTY-I.NFO,29/01/2025,09:17:14,48956.1,48949.4,15,48956.25,90,1155,1486830
BANKNIFTY-I.NFO,29/01/2025,09:17:16,48955.6,48953.8,75,48956.25,120,615,1486830
BANKNIFTY-I.NFO,29/01/2025,09:17:17,48956.1,48953.05,15,48956,30,225,1486830
BANKNIFTY-I.NFO,29/01/2025,09:17:19,48951.3,48951.6,75,48953.8,15,15,1486830
BANKNIFTY-I.NFO,29/01/2025,09:17:20,48958.1,48952.4,15,48953.8,15,435,1486830
BANKNIFTY-I.NFO,29/01/2025,09:17:22,48954.6,48953.6,75,48958.7,300,30,1486830
BANKNIFTY-I.NFO,29/01/2025,09:17:24,48950.7,48951.8,15,48958.15,30,105,1486830
BANKNIFTY-I.NFO,29/01/2025,09:17:25,48958.1,48950.5,15,48958.15,75,30,1486830
BANKNIFTY-I.NFO,29/01/2025,09:17:27,48958.1,48954.6,30,48957.15,30,0,1486830
BANKNIFTY-I.NFO,29/01/2025,09:17:28,48957.15,48955.55,75,48957.15,30,210,1486830
BANKNIFTY-I.NFO,29/01/2025,09:17:30,48957.15,48955.3,150,48957.1,30,90,1486830
BANKNIFTY-I.NFO,29/01/2025,09:17:32,48957.9,48957.75,45,48958.1,15,150,1486830
BANKNIFTY-I.NFO,29/01/2025,09:17:33,48955.3,48955.3,60,48958.1,45,60,1486830
BANKNIFTY-I.NFO,29/01/2025,09:17:35,48955.3,48951.3,150,48955.35,150,75,1486830
BANKNIFTY-I.NFO,29/01/2025,09:17:36,48956.1,48956.5,15,48958,15,225,1486830
BANKNIFTY-I.NFO,29/01/2025,09:17:38,48957.25,48954.1,45,48955.55,15,330,1486830
BANKNIFTY-I.NFO,29/01/2025,09:17:40,48955.05,48953.9,45,48955.55,30,315,1486830
BANKNIFTY-I.NFO,29/01/2025,09:17:41,48959.2,48958.05,15,48959.3,300,75,1486830
BANKNIFTY-I.NFO,29/01/2025,09:17:43,48959.5,48959.7,15,48960,105,270,1486830
BANKNIFTY-I.NFO,29/01/2025,09:17:44,48969.2,48960,45,48969.2,30,945,1486830
BANKNIFTY-I.NFO,29/01/2025,09:17:46,48960,48960,15,48967.8,45,390,1486830
BANKNIFTY-I.NFO,29/01/2025,09:17:48,48962.45,48960,15,48962.55,300,135,1486830
BANKNIFTY-I.NFO,29/01/2025,09:17:49,48960,48956.45,90,48962.5,30,15,1486830
BANKNIFTY-I.NFO,29/01/2025,09:17:51,48962.45,48958.95,15,48962.5,120,195,1486830
BANKNIFTY-I.NFO,29/01/2025,09:17:53,48962.5,48957.8,15,48962.5,75,90,1486830
BANKNIFTY-I.NFO,29/01/2025,09:17:54,48959,48956.25,60,48962.45,30,15,1486830
BANKNIFTY-I.NFO,29/01/2025,09:17:56,48956.25,48952.9,30,48962.45,135,30,1486830
BANKNIFTY-I.NFO,29/01/2025,09:17:57,48956.25,48956.35,60,48959.2,15,0,1486830
BANKNIFTY-I.NFO,29/01/2025,09:17:59,48957.45,48956.75,75,48959.15,60,60,1486830
BANKNIFTY-I.NFO,29/01/2025,09:18:01,48953.05,48956.1,30,48959.1,60,120,1486830
BANKNIFTY-I.NFO,29/01/2025,09:18:02,48956.1,48956.1,225,48956.25,195,375,1486830
BANKNIFTY-I.NFO,29/01/2025,09:18:04,48956.1,48955.85,30,48956.2,30,270,1486830
BANKNIFTY-I.NFO,29/01/2025,09:18:06,48951.3,48951.3,120,48956.2,75,150,1486830
BANKNIFTY-I.NFO,29/01/2025,09:18:07,48953.7,48951.3,90,48953.05,135,60,1486830
BANKNIFTY-I.NFO,29/01/2025,09:18:09,48951.3,48951.3,15,48952.2,15,75,1486830
BANKNIFTY-I.NFO,29/01/2025,09:18:10,48952.2,48950,750,48952.2,45,90,1486830
BANKNIFTY-I.NFO,29/01/2025,09:18:12,48952.2,48952.2,630,48953.05,135,165,1486830
BANKNIFTY-I.NFO,29/01/2025,09:18:14,48953.05,48952.2,480,48953.05,75,165,1486830
BANKNIFTY-I.NFO,29/01/2025,09:18:15,48960.2,48952.2,465,48957.35,300,345,1486830
BANKNIFTY-I.NFO,29/01/2025,09:18:17,48952.2,48953.05,105,48956.9,15,30,1486830
BANKNIFTY-I.NFO,29/01/2025,09:18:18,48953.05,48953.05,30,48956.9,105,75,1486830
BANKNIFTY-I.NFO,29/01/2025,09:18:20,48951.3,48950,720,48953.05,15,555,1486830
BANKNIFTY-I.NFO,29/01/2025,09:18:22,48951.3,48950,720,48953.05,150,0,1486830
BANKNIFTY-I.NFO,29/01/2025,09:18:23,48950,48950,660,48953.05,210,60,1486830
BANKNIFTY-I.NFO,29/01/2025,09:18:25,48953.05,48950,30,48952.2,15,1230,1486830
BANKNIFTY-I.NFO,29/01/2025,09:18:26,48953.05,48950,30,48951.3,30,0,1486830
BANKNIFTY-I.NFO,29/01/2025,09:18:28,48950,48941.9,15,48950,45,30,1486830
BANKNIFTY-I.NFO,29/01/2025,09:18:30,48949.1,48941.9,15,48949.1,15,15,1486830
BANKNIFTY-I.NFO,29/01/2025,09:18:31,48949.1,48941.9,15,48949.1,135,0,1486830
BANKNIFTY-I.NFO,29/01/2025,09:18:33,48956.85,48945.35,30,48950,15,315,1486830
BANKNIFTY-I.NFO,29/01/2025,09:18:34,48950,48945.6,75,48950,30,15,1486830
BANKNIFTY-I.NFO,29/01/2025,09:18:36,48950,48942.05,15,48949.95,30,0,1486830
BANKNIFTY-I.NFO,29/01/2025,09:18:37,48949.95,48947.2,90,48949.95,90,30,1486830
BANKNIFTY-I.NFO,29/01/2025,09:18:39,48949.95,48949.8,75,48949.95,105,390,1486830
BANKNIFTY-I.NFO,29/01/2025,09:18:41,48950.75,48950.95,75,48952.2,15,135,1486830
BANKNIFTY-I.NFO,29/01/2025,09:18:42,48954.25,48954.6,75,48956.9,300,945,1486830
BANKNIFTY-I.NFO,29/01/2025,09:18:44,48952.35,48952.85,90,48953.6,15,165,1486830
BANKNIFTY-I.NFO,29/01/2025,09:18:45,48955.95,48955.75,30,48956.9,300,240,1486830
BANKNIFTY-I.NFO,29/01/2025,09:18:47,48955.95,48954.15,15,48956.85,30,0,1486830
BANKNIFTY-I.NFO,29/01/2025,09:18:48,48956.85,48953.65,15,48956.85,15,45,1486830
BANKNIFTY-I.NFO,29/01/2025,09:18:50,48953,48955.1,15,48956,105,105,1486830
BANKNIFTY-I.NFO,29/01/2025,09:18:52,48955.1,48953.75,75,48955.9,30,15,1486830
BANKNIFTY-I.NFO,29/01/2025,09:18:53,48955.9,48955.8,90,48955.9,15,375,1486830
BANKNIFTY-I.NFO,29/01/2025,09:18:55,48958.7,48955.1,75,48955.85,15,105,1486830
BANKNIFTY-I.NFO,29/01/2025,09:18:56,48956.05,48955.85,15,48958.9,75,75,1486830
BANKNIFTY-I.NFO,29/01/2025,09:18:58,48954.7,48954.4,75,48955.75,75,15,1486830
BANKNIFTY-I.NFO,29/01/2025,09:19:00,48960,48959.6,30,48962.65,75,270,1486830
BANKNIFTY-I.NFO,29/01/2025,09:19:01,48949.95,48947.05,15,48958,30,180,1486830
BANKNIFTY-I.NFO,29/01/2025,09:19:03,48958,48947.2,15,48958,45,45,1486830
BANKNIFTY-I.NFO,29/01/2025,09:19:04,48948.2,48950.7,15,48957.95,30,15,1486830
BANKNIFTY-I.NFO,29/01/2025,09:19:06,48950.1,48950.05,30,48954.8,30,315,1485885
BANKNIFTY-I.NFO,29/01/2025,09:19:08,48957.9,48959.15,30,48964.05,75,375,1485885
BANKNIFTY-I.NFO,29/01/2025,09:19:09,48959.35,48957.7,75,48965,15,105,1485885
BANKNIFTY-I.NFO,29/01/2025,09:19:11,48954.6,48955.55,15,48963.2,300,30,1485885
BANKNIFTY-I.NFO,29/01/2025,09:19:12,48950,48941.1,45,48955.75,75,120,1485885
BANKNIFTY-I.NFO,29/01/2025,09:19:14,48950,48946.45,15,48955.15,15,0,1485885
BANKNIFTY-I.NFO,29/01/2025,09:19:16,48953.45,48954.35,75,48955.15,240,30,1485885
BANKNIFTY-I.NFO,29/01/2025,09:19:17,48955.15,48950,90,48955.1,60,60,1485885
BANKNIFTY-I.NFO,29/01/2025,09:19:19,48950,48945.4,60,48950,330,195,1485885
BANKNIFTY-I.NFO,29/01/2025,09:19:21,48950,48950.75,30,48955.1,30,540,1485885
BANKNIFTY-I.NFO,29/01/2025,09:19:22,48960,48959.1,75,48964,15,165,1485885
BANKNIFTY-I.NFO,29/01/2025,09:19:24,48954.6,48954.8,30,48964,30,30,1485885
BANKNIFTY-I.NFO,29/01/2025,09:19:26,48954.6,48957.7,45,48964,30,0,1485885
BANKNIFTY-I.NFO,29/01/2025,09:19:27,48959.8,48957.8,75,48964,150,30,1485885
BANKNIFTY-I.NFO,29/01/2025,09:19:29,48959.8,48955.15,120,48964,150,0,1485885
BANKNIFTY-I.NFO,29/01/2025,09:19:31,48964,48955.15,120,48964,210,15,1485885
BANKNIFTY-I.NFO,29/01/2025,09:19:32,48955.15,48955.15,105,48960,75,15,1485885
BANKNIFTY-I.NFO,29/01/2025,09:19:34,48955.15,48955.15,60,48960,345,60,1485885
BANKNIFTY-I.NFO,29/01/2025,09:19:36,48959.95,48956.2,60,48959.95,60,135,1485885
BANKNIFTY-I.NFO,29/01/2025,09:19:37,48959.95,48957.15,30,48959.8,30,0,1485885
BANKNIFTY-I.NFO,29/01/2025,09:19:39,48968,48962.05,90,48968,30,435,1485885
BANKNIFTY-I.NFO,29/01/2025,09:19:41,48959.4,48953.65,15,48965,15,45,1485885
BANKNIFTY-I.NFO,29/01/2025,09:19:42,48955,48951.2,45,48955,915,75,1485885
BANKNIFTY-I.NFO,29/01/2025,09:19:44,48954.95,48954.5,15,48954.95,15,90,1485885
BANKNIFTY-I.NFO,29/01/2025,09:19:46,48955,48953.5,30,48954.95,75,765,1485885
BANKNIFTY-I.NFO,29/01/2025,09:19:47,48954.95,48952.1,15,48954.95,105,15,1485885
BANKNIFTY-I.NFO,29/01/2025,09:19:49,48950,48950.65,30,48954.8,15,450,1485885
BANKNIFTY-I.NFO,29/01/2025,09:19:51,48955.45,48956.9,120,48959,15,165,1485885
BANKNIFTY-I.NFO,29/01/2025,09:19:52,48965,48964.45,15,48968,45,105,1485885
BANKNIFTY-I.NFO,29/01/2025,09:19:54,48966.15,48966.35,75,48967.95,30,60,1485885
BANKNIFTY-I.NFO,29/01/2025,09:19:56,48964.8,48962.55,60,48964.8,60,30,1485885
BANKNIFTY-I.NFO,29/01/2025,09:19:57,48964.8,48963.3,15,48964.8,60,165,1485885
BANKNIFTY-I.NFO,29/01/2025,09:19:59,48964.8,48959,15,48964.8,45,30,1485885
BANKNIFTY-I.NFO,29/01/2025,09:20:01,48954.55,48948.85,30,48962.5,45,45,1485885
BANKNIFTY-I.NFO,29/01/2025,09:20:02,48954.55,48947.95,30,48962.2,60,0,1485885
BANKNIFTY-I.NFO,29/01/2025,09:20:04,48956.9,48956.9,345,48961.9,30,30,1485885
BANKNIFTY-I.NFO,29/01/2025,09:20:06,48956.9,48956.9,165,48959.8,30,195,1485885
BANKNIFTY-I.NFO,29/01/2025,09:20:07,48959.45,48959.45,135,48959.8,60,75,1485885
BANKNIFTY-I.NFO,29/01/2025,09:20:09,48959.75,48949.8,30,48959.75,15,150,1485885
BANKNIFTY-I.NFO,29/01/2025,09:20:10,48953.9,48953.35,30,48956,15,30,1485885
BANKNIFTY-I.NFO,29/01/2025,09:20:12,48956,48953.05,30,48956,135,105,1485885
BANKNIFTY-I.NFO,29/01/2025,09:20:14,48956,48949.9,150,48955.95,45,0,1485885
BANKNIFTY-I.NFO,29/01/2025,09:20:16,48950.25,48946,15,48955.95,135,15,1485885
BANKNIFTY-I.NFO,29/01/2025,09:20:17,48950.25,48946,15,48950,15,0,1485885
BANKNIFTY-I.NFO,29/01/2025,09:20:19,48946,48945.35,90,48949.95,15,15,1485885
BANKNIFTY-I.NFO,29/01/2025,09:20:20,48949.95,48941.15,45,48949.95,210,15,1485885
BANKNIFTY-I.NFO,29/01/2025,09:20:22,48940.25,48940,135,48945.95,30,15,1485885
BANKNIFTY-I.NFO,29/01/2025,09:20:24,48937.4,48937.4,15,48942.1,60,150,1485885
BANKNIFTY-I.NFO,29/01/2025,09:20:25,48933.55,48933.45,15,48939.8,30,30,1485885
BANKNIFTY-I.NFO,29/01/2025,09:20:27,48933.45,48935,15,48939.75,120,30,1485885
BANKNIFTY-I.NFO,29/01/2025,09:20:28,48935,48935,15,48939.65,60,60,1485885
BANKNIFTY-I.NFO,29/01/2025,09:20:30,48928.55,48930.65,15,48939.6,300,45,1485885
BANKNIFTY-I.NFO,29/01/2025,09:20:32,48928.55,48930.95,90,48939.5,90,0,1485885
BANKNIFTY-I.NFO,29/01/2025,09:20:33,48931,48927.75,75,48935,15,45,1485885
BANKNIFTY-I.NFO,29/01/2025,09:20:35,48927.4,48926.4,30,48929.8,15,75,1485885
BANKNIFTY-I.NFO,29/01/2025,09:20:37,48926.85,48926.35,30,48929.8,585,90,1485885
BANKNIFTY-I.NFO,29/01/2025,09:20:38,48925.2,48925.6,45,48928.55,15,105,1485885
BANKNIFTY-I.NFO,29/01/2025,09:20:40,48925.2,48925.4,30,48928.5,240,0,1485885
BANKNIFTY-I.NFO,29/01/2025,09:20:42,48925,48925,225,48928.3,120,480,1485885
BANKNIFTY-I.NFO,29/01/2025,09:20:43,48926.85,48926.25,60,48926.85,255,315,1485885
BANKNIFTY-I.NFO,29/01/2025,09:20:45,48926.95,48927.95,30,48929.8,30,1275,1485885
BANKNIFTY-I.NFO,29/01/2025,09:20:46,48927.9,48927.4,90,48929.8,30,240,1485885
BANKNIFTY-I.NFO,29/01/2025,09:20:48,48926,48926,135,48926.75,15,105,1485885
BANKNIFTY-I.NFO,29/01/2025,09:20:50,48926,48926,135,48926.75,135,0,1485885
BANKNIFTY-I.NFO,29/01/2025,09:20:51,48926,48926,90,48926.75,240,45,1485885
BANKNIFTY-I.NFO,29/01/2025,09:20:53,48926.7,48926.5,15,48926.7,60,270,1485885
BANKNIFTY-I.NFO,29/01/2025,09:20:54,48926.1,48926,15,48926.75,15,330,1485885
BANKNIFTY-I.NFO,29/01/2025,09:20:56,48926,48925,300,48926.7,75,135,1485885
BANKNIFTY-I.NFO,29/01/2025,09:20:58,48925,48922.85,15,48925,45,270,1485885
BANKNIFTY-I.NFO,29/01/2025,09:20:59,48925.85,48924.95,30,48925,60,390,1485885
BANKNIFTY-I.NFO,29/01/2025,09:21:01,48925,48924,15,48925,30,105,1485885
BANKNIFTY-I.NFO,29/01/2025,09:21:02,48925,48923.3,15,48924.8,15,1125,1485885
BANKNIFTY-I.NFO,29/01/2025,09:21:04,48931.2,48931.2,60,48935,30,690,1485885
BANKNIFTY-I.NFO,29/01/2025,09:21:06,48934.1,48936.35,30,48947.95,30,165,1485885
BANKNIFTY-I.NFO,29/01/2025,09:21:07,48936.9,48944.15,30,48947.45,30,75,1485885
BANKNIFTY-I.NFO,29/01/2025,09:21:09,48947.9,48938.8,135,48947.9,30,105,1485885
BANKNIFTY-I.NFO,29/01/2025,09:21:11,48947.4,48938.7,15,48947.9,135,45,1485885
BANKNIFTY-I.NFO,29/01/2025,09:21:12,48947.4,48938.7,30,48947.75,30,0,1485885
BANKNIFTY-I.NFO,29/01/2025,09:21:14,48947.75,48946.15,15,48947.75,135,600,1485885
BANKNIFTY-I.NFO,29/01/2025,09:21:15,48952.4,48951.95,45,48960,45,390,1485885
BANKNIFTY-I.NFO,29/01/2025,09:21:16,48952.4,48952.95,15,48960,60,0,1485885
BANKNIFTY-I.NFO,29/01/2025,09:21:17,48959.95,48949.55,45,48959.9,30,120,1485885
BANKNIFTY-I.NFO,29/01/2025,09:21:19,48950.35,48950.4,15,48952.4,15,30,1485885
BANKNIFTY-I.NFO,29/01/2025,09:21:21,48943.35,48948.8,15,48949.55,150,435,1485885
BANKNIFTY-I.NFO,29/01/2025,09:21:22,48952.4,48953.2,60,48960,45,285,1485885
BANKNIFTY-I.NFO,29/01/2025,09:21:24,48960,48951.75,120,48960,15,105,1485885
BANKNIFTY-I.NFO,29/01/2025,09:21:26,48960,48953.5,15,48960,180,30,1485885
BANKNIFTY-I.NFO,29/01/2025,09:21:27,48952.45,48951.9,75,48956,450,960,1485885
BANKNIFTY-I.NFO,29/01/2025,09:21:29,48954.8,48950.35,15,48955.95,75,30,1485885
BANKNIFTY-I.NFO,29/01/2025,09:21:31,48950,48949.55,15,48952.45,75,30,1485885
BANKNIFTY-I.NFO,29/01/2025,09:21:32,48943.1,48939.05,15,48948.5,15,75,1485885
BANKNIFTY-I.NFO,29/01/2025,09:21:34,48948.5,48945.4,45,48948.5,150,30,1485885
BANKNIFTY-I.NFO,29/01/2025,09:21:36,48945.2,48945.85,30,48948.45,30,105,1485885
BANKNIFTY-I.NFO,29/01/2025,09:21:37,48945.2,48946.45,15,48948.4,90,0,1485885
BANKNIFTY-I.NFO,29/01/2025,09:21:39,48950.95,48950.45,15,48952.4,15,270,1485885
BANKNIFTY-I.NFO,29/01/2025,09:21:41,48952.4,48950.05,90,48952.4,60,105,1485885
BANKNIFTY-I.NFO,29/01/2025,09:21:42,48947.8,48949.45,75,48952.4,60,30,1485885
BANKNIFTY-I.NFO,29/01/2025,09:21:44,48950,48949.25,15,48952.4,135,390,1485885
BANKNIFTY-I.NFO,29/01/2025,09:21:46,48953.25,48955,15,48956,480,270,1485885
BANKNIFTY-I.NFO,29/01/2025,09:21:47,48957.5,48955.75,30,48959.8,45,600,1485885
BANKNIFTY-I.NFO,29/01/2025,09:21:49,48953.75,48953.25,15,48959.8,120,15,1485885
BANKNIFTY-I.NFO,29/01/2025,09:21:50,48953.2,48944,15,48954,300,30,1485885
BANKNIFTY-I.NFO,29/01/2025,09:21:52,48957.5,48958.2,15,48963,15,630,1485885
BANKNIFTY-I.NFO,29/01/2025,09:21:54,48954.5,48954.55,15,48962.95,30,15,1485885
BANKNIFTY-I.NFO,29/01/2025,09:21:55,48954.5,48957.65,15,48960,15,0,1485885
BANKNIFTY-I.NFO,29/01/2025,09:21:57,48963,48963.75,30,48964.8,1815,300,1485885
BANKNIFTY-I.NFO,29/01/2025,09:21:59,48966.65,48963.85,15,48966.65,45,2130,1485885
BANKNIFTY-I.NFO,29/01/2025,09:22:00,48969,48965.75,45,48969.95,15,180,1485885
BANKNIFTY-I.NFO,29/01/2025,09:22:02,48968.4,48968.45,30,48972.35,15,90,1485885
BANKNIFTY-I.NFO,29/01/2025,09:22:04,48966.3,48962.85,150,48969.8,45,435,1485885
BANKNIFTY-I.NFO,29/01/2025,09:22:05,48969,48963.6,30,48969.8,165,30,1484460
BANKNIFTY-I.NFO,29/01/2025,09:22:07,48969.8,48963.8,30,48969.75,45,135,1484460
BANKNIFTY-I.NFO,29/01/2025,09:22:09,48960,48960.45,15,48969.75,75,285,1484460
BANKNIFTY-I.NFO,29/01/2025,09:22:10,48969.75,48959.3,60,48969.7,30,30,1484460
BANKNIFTY-I.NFO,29/01/2025,09:22:12,48961.25,48961.65,75,48969.7,75,30,1484460
BANKNIFTY-I.NFO,29/01/2025,09:22:14,48975,48963.6,30,48978.05,15,330,1484460
BANKNIFTY-I.NFO,29/01/2025,09:22:15,48969.7,48969.7,30,48976.75,75,30,1484460
BANKNIFTY-I.NFO,29/01/2025,09:22:17,48975.2,48971,30,48976,300,105,1484460
BANKNIFTY-I.NFO,29/01/2025,09:22:19,48968.7,48968.55,15,48975.95,120,180,1484460
BANKNIFTY-I.NFO,29/01/2025,09:22:20,48975.95,48966.45,15,48975,30,90,1484460
BANKNIFTY-I.NFO,29/01/2025,09:22:22,48975.75,48965.4,60,48975,150,45,1484460
BANKNIFTY-I.NFO,29/01/2025,09:22:24,48965.7,48964.4,30,48969.8,30,15,1484460
BANKNIFTY-I.NFO,29/01/2025,09:22:25,48973.55,48965.7,15,48969.8,120,105,1484460
BANKNIFTY-I.NFO,29/01/2025,09:22:27,48961.1,48957.45,15,48960,15,45,1484460
BANKNIFTY-I.NFO,29/01/2025,09:22:29,48960,48962.6,30,48969.8,30,180,1484460
BANKNIFTY-I.NFO,29/01/2025,09:22:31,48962.15,48965.85,15,48969.75,30,105,1484460
BANKNIFTY-I.NFO,29/01/2025,09:22:32,48965,48963.25,15,48969.7,90,30,1484460
BANKNIFTY-I.NFO,29/01/2025,09:22:34,48969.65,48961.85,60,48969.65,30,120,1484460
BANKNIFTY-I.NFO,29/01/2025,09:22:36,48969.65,48966.4,15,48969.65,120,0,1484460
BANKNIFTY-I.NFO,29/01/2025,09:22:37,48969.65,48965.25,30,48969.6,60,30,1484460
BANKNIFTY-I.NFO,29/01/2025,09:22:39,48969.65,48962.5,30,48969.6,255,0,1484460
BANKNIFTY-I.NFO,29/01/2025,09:22:41,48969.65,48962.15,15,48969.55,60,0,1484460
BANKNIFTY-I.NFO,29/01/2025,09:22:42,48969.65,48962.15,15,48962.6,15,0,1484460
BANKNIFTY-I.NFO,29/01/2025,09:22:44,48962.6,48962,30,48962.15,30,30,1484460
BANKNIFTY-I.NFO,29/01/2025,09:22:46,48962,48961.95,15,48962.15,315,75,1484460
BANKNIFTY-I.NFO,29/01/2025,09:22:47,48962.15,48960,45,48962.1,60,30,1484460
BANKNIFTY-I.NFO,29/01/2025,09:22:49,48955.2,48956.1,15,48960,30,120,1484460
BANKNIFTY-I.NFO,29/01/2025,09:22:51,48959.05,48959.1,15,48959.95,120,60,1484460
BANKNIFTY-I.NFO,29/01/2025,09:22:52,48962.95,48963.1,30,48969.65,645,705,1484460
BANKNIFTY-I.NFO,29/01/2025,09:22:54,48961,48961.85,30,48969.55,45,330,1484460
BANKNIFTY-I.NFO,29/01/2025,09:22:56,48967.1,48965.95,15,48969.5,30,45,1484460
BANKNIFTY-I.NFO,29/01/2025,09:22:57,48970,48969.15,75,48975,30,960,1484460
BANKNIFTY-I.NFO,29/01/2025,09:22:59,48962.55,48961.05,15,48965,270,75,1484460
BANKNIFTY-I.NFO,29/01/2025,09:23:01,48964.95,48961.45,15,48964.95,75,30,1484460
BANKNIFTY-I.NFO,29/01/2025,09:23:02,48964.55,48961.65,15,48970,15,480,1484460
BANKNIFTY-I.NFO,29/01/2025,09:23:04,48961.65,48961.7,30,48970,15,90,1484460
BANKNIFTY-I.NFO,29/01/2025,09:23:06,48963.05,48962.25,15,48970,15,330,1484460
BANKNIFTY-I.NFO,29/01/2025,09:23:07,48963.05,48961.05,15,48969.9,15,0,1484460
BANKNIFTY-I.NFO,29/01/2025,09:23:09,48961,48961,60,48966,255,105,1484460
BANKNIFTY-I.NFO,29/01/2025,09:23:11,48965.9,48961,45,48965.85,60,30,1484460
BANKNIFTY-I.NFO,29/01/2025,09:23:12,48961,48955.2,45,48961,15,75,1484460
BANKNIFTY-I.NFO,29/01/2025,09:23:14,48956.55,48959.25,15,48961,120,105,1484460
BANKNIFTY-I.NFO,29/01/2025,09:23:16,48961.05,48960.15,15,48961.05,105,135,1484460
BANKNIFTY-I.NFO,29/01/2025,09:23:17,48960.4,48960.8,45,48961.05,105,90,1484460
BANKNIFTY-I.NFO,29/01/2025,09:23:19,48961.05,48958.75,15,48961,15,405,1484460
BANKNIFTY-I.NFO,29/01/2025,09:23:21,48961.15,48960.9,150,48964.8,30,60,1484460
BANKNIFTY-I.NFO,29/01/2025,09:23:22,48961.15,48961.45,30,48964.8,75,0,1484460
BANKNIFTY-I.NFO,29/01/2025,09:23:24,48966,48964.85,75,48966,240,285,1484460
BANKNIFTY-I.NFO,29/01/2025,09:23:26,48965.95,48962.45,15,48965.95,15,15,1484460
BANKNIFTY-I.NFO,29/01/2025,09:23:27,48962.95,48965.2,75,48965.95,15,15,1484460
BANKNIFTY-I.NFO,29/01/2025,09:23:29,48969.8,48968.3,45,48970,15,285,1484460
BANKNIFTY-I.NFO,29/01/2025,09:23:31,48970,48968.95,15,48970,390,30,1484460
BANKNIFTY-I.NFO,29/01/2025,09:23:32,48970,48964.2,150,48970,240,195,1484460
BANKNIFTY-I.NFO,29/01/2025,09:23:34,48970,48962.95,30,48970,285,0,1484460
BANKNIFTY-I.NFO,29/01/2025,09:23:36,48962.95,48962.95,15,48969,15,15,1484460
BANKNIFTY-I.NFO,29/01/2025,09:23:37,48969,48962.95,15,48969,165,15,1484460
BANKNIFTY-I.NFO,29/01/2025,09:23:39,48969,48963.5,75,48968.95,45,150,1484460
BANKNIFTY-I.NFO,29/01/2025,09:23:41,48968.95,48965.1,15,48968.9,15,30,1484460
BANKNIFTY-I.NFO,29/01/2025,09:23:42,48968.95,48963.5,75,48968.85,15,0,1484460
BANKNIFTY-I.NFO,29/01/2025,09:23:44,48963.45,48960,45,48963.45,30,135,1484460
BANKNIFTY-I.NFO,29/01/2025,09:23:46,48963.4,48958.2,45,48962.5,45,75,1484460
BANKNIFTY-I.NFO,29/01/2025,09:23:47,48958.2,48955.55,15,48962.4,30,45,1484460
BANKNIFTY-I.NFO,29/01/2025,09:23:49,48955.2,48955.2,15,48962.4,120,135,1484460
BANKNIFTY-I.NFO,29/01/2025,09:23:51,48960,48955,15,48962.35,60,30,1484460
BANKNIFTY-I.NFO,29/01/2025,09:23:52,48950,48950,120,48961.25,60,45,1484460
BANKNIFTY-I.NFO,29/01/2025,09:23:54,48950,48955.2,30,48961.25,330,0,1484460
BANKNIFTY-I.NFO,29/01/2025,09:23:56,48955.2,48950.25,15,48952.85,15,30,1484460
BANKNIFTY-I.NFO,29/01/2025,09:23:57,48950,48951.1,75,48952.85,285,30,1484460
BANKNIFTY-I.NFO,29/01/2025,09:23:59,48952.85,48951.25,15,48952.85,15,405,1484460
BANKNIFTY-I.NFO,29/01/2025,09:24:01,48952.85,48952.55,30,48954.8,75,15,1484460
BANKNIFTY-I.NFO,29/01/2025,09:24:02,48954.7,48950,120,48954.65,60,105,1484460
BANKNIFTY-I.NFO,29/01/2025,09:24:04,48948,48939.95,15,48951.1,75,480,1484460
BANKNIFTY-I.NFO,29/01/2025,09:24:06,48939.95,48936,30,48948.9,60,15,1484460
BANKNIFTY-I.NFO,29/01/2025,09:24:07,48936.15,48940,15,48946.85,60,30,1484460
BANKNIFTY-I.NFO,29/01/2025,09:24:09,48936,48936,15,48939.95,315,30,1484460
BANKNIFTY-I.NFO,29/01/2025,09:24:11,48939.9,48936,15,48939.9,60,15,1484460
BANKNIFTY-I.NFO,29/01/2025,09:24:12,48931.4,48931.45,15,48936,735,60,1484460
BANKNIFTY-I.NFO,29/01/2025,09:24:14,48935,48935.4,30,48935.9,15,165,1484460
BANKNIFTY-I.NFO,29/01/2025,09:24:16,48930.65,48930.35,15,48935.85,90,225,1484460
BANKNIFTY-I.NFO,29/01/2025,09:24:17,48936,48934.25,15,48935.8,45,465,1484460
BANKNIFTY-I.NFO,29/01/2025,09:24:19,48936,48934.2,60,48936,600,240,1484460
BANKNIFTY-I.NFO,29/01/2025,09:24:21,48932.5,48933.3,15,48935.95,15,105,1484460
BANKNIFTY-I.NFO,29/01/2025,09:24:22,48935.3,48936,30,48939.95,105,1095,1484460
BANKNIFTY-I.NFO,29/01/2025,09:24:24,48939.95,48935,60,48939.95,90,60,1484460
BANKNIFTY-I.NFO,29/01/2025,09:24:26,48935,48935,30,48939.8,45,45,1484460
BANKNIFTY-I.NFO,29/01/2025,09:24:27,48939.8,48935,120,48939.75,165,15,1484460
BANKNIFTY-I.NFO,29/01/2025,09:24:29,48939.75,48935,105,48935.3,15,45,1484460
BANKNIFTY-I.NFO,29/01/2025,09:24:31,48935.3,48935,105,48935.3,135,90,1484460
BANKNIFTY-I.NFO,29/01/2025,09:24:32,48935,48935,30,48935.3,255,75,1484460
BANKNIFTY-I.NFO,29/01/2025,09:24:34,48935.2,48935,60,48935.2,15,495,1484460
BANKNIFTY-I.NFO,29/01/2025,09:24:36,48935.2,48932,15,48935.2,135,75,1484460
BANKNIFTY-I.NFO,29/01/2025,09:24:37,48935.2,48932,45,48935.15,30,90,1484460
BANKNIFTY-I.NFO,29/01/2025,09:24:39,48932,48932,15,48935.1,30,225,1484460
BANKNIFTY-I.NFO,29/01/2025,09:24:41,48930,48929.15,15,48934.8,30,30,1484460
BANKNIFTY-I.NFO,29/01/2025,09:24:42,48930,48932.2,15,48934.75,45,0,1484460
BANKNIFTY-I.NFO,29/01/2025,09:24:44,48933.2,48932.7,15,48934.55,30,30,1484460
BANKNIFTY-I.NFO,29/01/2025,09:24:46,48934.5,48932.2,30,48934.5,45,510,1484460
BANKNIFTY-I.NFO,29/01/2025,09:24:47,48935,48935,45,48935.2,150,240,1484460
BANKNIFTY-I.NFO,29/01/2025,09:24:49,48935.2,48933.8,15,48935.2,30,315,1484460
BANKNIFTY-I.NFO,29/01/2025,09:24:51,48940.3,48939.75,15,48944.8,45,210,1484460
BANKNIFTY-I.NFO,29/01/2025,09:24:52,48947,48946.9,30,48950,165,345,1484460
BANKNIFTY-I.NFO,29/01/2025,09:24:54,48947.75,48946.8,15,48950,180,45,1484460
BANKNIFTY-I.NFO,29/01/2025,09:24:56,48947.75,48947,150,48949.95,30,0,1484460
BANKNIFTY-I.NFO,29/01/2025,09:24:57,48949.95,48947,165,48948,300,15,1484460
BANKNIFTY-I.NFO,29/01/2025,09:24:59,48948,48940.3,30,48948,225,615,1484460
BANKNIFTY-I.NFO,29/01/2025,09:25:01,48940.3,48928.95,30,48944.15,90,30,1484460
BANKNIFTY-I.NFO,29/01/2025,09:25:02,48939.7,48926.55,30,48939.7,15,225,1484460
BANKNIFTY-I.NFO,29/01/2025,09:25:04,48939.7,48925.3,30,48939.65,60,360,1484460
BANKNIFTY-I.NFO,29/01/2025,09:25:06,48925.85,48926.5,15,48939.65,165,450,1484460
BANKNIFTY-I.NFO,29/01/2025,09:25:07,48927.85,48927.8,45,48939.55,45,30,1483995
BANKNIFTY-I.NFO,29/01/2025,09:25:09,48927.75,48927.8,15,48939.55,150,30,1483995
BANKNIFTY-I.NFO,29/01/2025,09:25:11,48927.75,48929.95,75,48939.5,195,0,1483995
BANKNIFTY-I.NFO,29/01/2025,09:25:12,48925.4,48926.45,15,48927.85,30,15,1483995
BANKNIFTY-I.NFO,29/01/2025,09:25:14,48925.4,48925.3,15,48927.8,60,0,1483995
BANKNIFTY-I.NFO,29/01/2025,09:25:16,48927.6,48925,180,48927.5,30,30,1483995
BANKNIFTY-I.NFO,29/01/2025,09:25:17,48912.7,48911.7,15,48913.9,15,630,1483995
BANKNIFTY-I.NFO,29/01/2025,09:25:19,48913.9,48913.85,15,48913.9,135,765,1483995
BANKNIFTY-I.NFO,29/01/2025,09:25:21,48917.55,48918.45,15,48920,15,330,1483995
BANKNIFTY-I.NFO,29/01/2025,09:25:22,48915.05,48917.2,15,48919.95,90,75,1483995
BANKNIFTY-I.NFO,29/01/2025,09:25:24,48919.95,48912.15,150,48917.55,30,15,1483995
BANKNIFTY-I.NFO,29/01/2025,09:25:26,48919.95,48912.5,15,48912.85,15,0,1483995
BANKNIFTY-I.NFO,29/01/2025,09:25:27,48912,48912,45,48912.85,30,240,1483995
BANKNIFTY-I.NFO,29/01/2025,09:25:29,48911.8,48911.8,15,48912.85,75,105,1483995
BANKNIFTY-I.NFO,29/01/2025,09:25:31,48920,48917.2,30,48920,30,240,1483995
BANKNIFTY-I.NFO,29/01/2025,09:25:32,48920,48921.95,15,48922.7,15,75,1483995
BANKNIFTY-I.NFO,29/01/2025,09:25:34,48927,48926.8,30,48939,30,210,1483995
BANKNIFTY-I.NFO,29/01/2025,09:25:36,48927.1,48926.9,30,48938.95,45,15,1483995
BANKNIFTY-I.NFO,29/01/2025,09:25:37,48927.1,48927.55,450,48938.95,120,15,1483995
BANKNIFTY-I.NFO,29/01/2025,09:25:39,48926.9,48926.85,15,48938.95,180,30,1483995
BANKNIFTY-I.NFO,29/01/2025,09:25:41,48926.9,48927.5,15,48938.9,15,0,1483995
BANKNIFTY-I.NFO,29/01/2025,09:25:42,48926.9,48926.8,105,48930,15,0,1483995
BANKNIFTY-I.NFO,29/01/2025,09:25:44,48927.2,48927,30,48930,165,15,1483995
BANKNIFTY-I.NFO,29/01/2025,09:25:46,48926.9,48926.8,105,48929.8,30,45,1483995
BANKNIFTY-I.NFO,29/01/2025,09:25:47,48926.8,48919,15,48929.8,120,105,1483995
BANKNIFTY-I.NFO,29/01/2025,09:25:49,48926.8,48920.15,15,48929.65,30,0,1483995
BANKNIFTY-I.NFO,29/01/2025,09:25:51,48926.8,48922.95,15,48929.55,15,0,1483995
BANKNIFTY-I.NFO,29/01/2025,09:25:52,48923.6,48923.35,15,48929.5,75,15,1483995
BANKNIFTY-I.NFO,29/01/2025,09:25:54,48923.6,48922.4,15,48926.8,75,0,1483995
BANKNIFTY-I.NFO,29/01/2025,09:25:56,48923.6,48920.4,15,48926.6,30,0,1483995
BANKNIFTY-I.NFO,29/01/2025,09:25:57,48918.95,48918.95,75,48920.5,60,30,1483995
BANKNIFTY-I.NFO,29/01/2025,09:25:59,48920.5,48915.4,15,48920.5,195,225,1483995
BANKNIFTY-I.NFO,29/01/2025,09:26:01,48920.35,48911.25,15,48920.35,15,45,1483995
BANKNIFTY-I.NFO,29/01/2025,09:26:02,48910.3,48910,120,48918.95,165,90,1483995
BANKNIFTY-I.NFO,29/01/2025,09:26:04,48910,48910,45,48918.9,105,75,1483995
BANKNIFTY-I.NFO,29/01/2025,09:26:06,48911.1,48911.1,135,48918.05,60,15,1483995
BANKNIFTY-I.NFO,29/01/2025,09:26:07,48917.5,48911.4,15,48918.05,90,10215,1483995
BANKNIFTY-I.NFO,29/01/2025,09:26:09,48910.9,48911.05,105,48917.95,30,45,1483995
BANKNIFTY-I.NFO,29/01/2025,09:26:11,48911.05,48911.05,90,48917.95,75,15,1483995
BANKNIFTY-I.NFO,29/01/2025,09:26:12,48916.65,48910,30,48915.25,105,105,1483995
BANKNIFTY-I.NFO,29/01/2025,09:26:14,48911.05,48910,30,48915.2,60,45,1483995
BANKNIFTY-I.NFO,29/01/2025,09:26:16,48905,48901,60,48911.05,15,60,1483995
BANKNIFTY-I.NFO,29/01/2025,09:26:17,48902.45,48902.6,15,48911.05,105,120,1483995
BANKNIFTY-I.NFO,29/01/2025,09:26:17,48901.1,48902.6,15,48911.05,105,0,1483995
BANKNIFTY-I.NFO,29/01/2025,09:26:19,48902.05,48902.5,30,48910.95,30,60,1483995
BANKNIFTY-I.NFO,29/01/2025,09:26:21,48910.9,48903.55,15,48910.8,15,15,1483995
BANKNIFTY-I.NFO,29/01/2025,09:26:22,48902.65,48903.25,75,48910.8,180,60,1483995
BANKNIFTY-I.NFO,29/01/2025,09:26:24,48906,48905.15,15,48906,180,60,1483995
BANKNIFTY-I.NFO,29/01/2025,09:26:26,48905.15,48903.15,15,48905.95,15,30,1483995
BANKNIFTY-I.NFO,29/01/2025,09:26:27,48900.6,48900.45,15,48902.5,105,240,1483995
BANKNIFTY-I.NFO,29/01/2025,09:26:27,48900.6,48900.45,15,48902.5,105,0,1483995
BANKNIFTY-I.NFO,29/01/2025,09:26:29,48892.3,48892.3,150,48897.9,15,450,1483995
BANKNIFTY-I.NFO,29/01/2025,09:26:29,48892.3,48892.3,150,48897.9,15,0,1483995
BANKNIFTY-I.NFO,29/01/2025,09:26:31,48898.5,48898.9,75,48900,30,330,1483995
BANKNIFTY-I.NFO,29/01/2025,09:26:32,48893.8,48892.3,105,48899.9,60,30,1483995
BANKNIFTY-I.NFO,29/01/2025,09:26:34,48899.85,48892.3,90,48899.85,105,45,1483995
BANKNIFTY-I.NFO,29/01/2025,09:26:36,48896.05,48892.3,75,48899.2,105,30,1483995
BANKNIFTY-I.NFO,29/01/2025,09:26:37,48899.2,48892,15,48899.2,120,90,1483995
BANKNIFTY-I.NFO,29/01/2025,09:26:39,48890.8,48888,75,48890.8,60,180,1483995
BANKNIFTY-I.NFO,29/01/2025,09:26:39,48888,48888,75,48890.8,60,0,1483995
BANKNIFTY-I.NFO,29/01/2025,09:26:40,48888,48888.95,15,48890.8,195,75,1483995
BANKNIFTY-I.NFO,29/01/2025,09:26:42,48891.1,48884.85,30,48892.3,15,285,1483995
BANKNIFTY-I.NFO,29/01/2025,09:26:42,48882.3,48884.85,30,48892.3,15,0,1483995
BANKNIFTY-I.NFO,29/01/2025,09:26:44,48898.75,48886.15,120,48892.3,15,60,1483995
BANKNIFTY-I.NFO,29/01/2025,09:26:45,48890,48882.85,60,48890,240,60,1483995
BANKNIFTY-I.NFO,29/01/2025,09:26:47,48890,48885.8,30,48888.95,15,0,1483995
BANKNIFTY-I.NFO,29/01/2025,09:26:49,48892.7,48888.75,15,48899,45,660,1483995
BANKNIFTY-I.NFO,29/01/2025,09:26:51,48891,48886.6,30,48898.95,60,30,1483995
BANKNIFTY-I.NFO,29/01/2025,09:26:52,48887.7,48885.9,30,48898,45,135,1483995
BANKNIFTY-I.NFO,29/01/2025,09:26:54,48881,48880.15,15,48894.6,75,180,1483995
BANKNIFTY-I.NFO,29/01/2025,09:26:54,48881,48880.15,15,48894.6,75,0,1483995
BANKNIFTY-I.NFO,29/01/2025,09:26:56,48881,48880.85,120,48894.3,45,60,1483995
BANKNIFTY-I.NFO,29/01/2025,09:26:57,48881,48880.45,15,48880.75,30,0,1483995
BANKNIFTY-I.NFO,29/01/2025,09:26:59,48880,48880,30,48880.7,90,90,1483995
BANKNIFTY-I.NFO,29/01/2025,09:26:59,48880,48880,30,48880.7,90,0,1483995
BANKNIFTY-I.NFO,29/01/2025,09:27:01,48884.5,48886.25,30,48890,30,765,1483995
BANKNIFTY-I.NFO,29/01/2025,09:27:02,48885.2,48877.3,30,48888,60,75,1483995
BANKNIFTY-I.NFO,29/01/2025,09:27:04,48879.05,48881.55,15,48884.5,45,105,1483995
BANKNIFTY-I.NFO,29/01/2025,09:27:04,48877.55,48881.55,15,48884.5,45,0,1483995
BANKNIFTY-I.NFO,29/01/2025,09:27:06,48881.25,48882.85,45,48884.5,105,75,1483995
BANKNIFTY-I.NFO,29/01/2025,09:27:07,48884.5,48884.5,120,48884.8,75,150,1483995
BANKNIFTY-I.NFO,29/01/2025,09:27:09,48881.9,48883.95,30,48884.5,15,420,1483995
BANKNIFTY-I.NFO,29/01/2025,09:27:11,48884.8,48884.6,45,48888,60,90,1483995
BANKNIFTY-I.NFO,29/01/2025,09:27:12,48888.9,48888.45,60,48890,30,180,1483995
BANKNIFTY-I.NFO,29/01/2025,09:27:14,48898,48890,30,48898,30,90,1483995
BANKNIFTY-I.NFO,29/01/2025,09:27:17,48896.2,48897.8,15,48899.8,90,150,1483995
BANKNIFTY-I.NFO,29/01/2025,09:27:19,48899.8,48896.6,15,48899.8,75,30,1483995
BANKNIFTY-I.NFO,29/01/2025,09:27:20,48899.8,48894.35,15,48900,600,360,1483995
BANKNIFTY-I.NFO,29/01/2025,09:27:22,48895.65,48894.85,15,48900,630,75,1483995
BANKNIFTY-I.NFO,29/01/2025,09:27:24,48900,48895.55,30,48899.95,60,105,1483995
BANKNIFTY-I.NFO,29/01/2025,09:27:25,48900,48895.65,15,48897.05,30,0,1483995
BANKNIFTY-I.NFO,29/01/2025,09:27:27,48897.05,48888.85,30,48897.05,90,105,1483995
BANKNIFTY-I.NFO,29/01/2025,09:27:29,48897,48890,15,48897,30,165,1483995
BANKNIFTY-I.NFO,29/01/2025,09:27:30,48897,48890,15,48895,45,0,1483995
BANKNIFTY-I.NFO,29/01/2025,09:27:32,48880.75,48880,15,48892.85,45,135,1483995
BANKNIFTY-I.NFO,29/01/2025,09:27:34,48880.45,48880.65,30,48892.8,15,120,1483995
BANKNIFTY-I.NFO,29/01/2025,09:27:35,48892.9,48893.45,15,48895,75,270,1483995
BANKNIFTY-I.NFO,29/01/2025,09:27:37,48893,48892.9,15,48895.55,30,210,1483995
BANKNIFTY-I.NFO,29/01/2025,09:27:39,48893.05,48885,30,48895.55,75,15,1483995
BANKNIFTY-I.NFO,29/01/2025,09:27:40,48893.05,48890.35,15,48895.55,75,75,1483995
BANKNIFTY-I.NFO,29/01/2025,09:27:42,48890.45,48892.05,30,48895.55,30,75,1483995
BANKNIFTY-I.NFO,29/01/2025,09:27:44,48892.05,48892.8,30,48895.55,15,30,1483995
BANKNIFTY-I.NFO,29/01/2025,09:27:45,48895.55,48893.95,30,48896.65,90,30,1483995
BANKNIFTY-I.NFO,29/01/2025,09:27:47,48895.55,48894.75,30,48896.65,90,0,1483995
BANKNIFTY-I.NFO,29/01/2025,09:27:49,48895.55,48886.85,30,48896.55,15,0,1483995
BANKNIFTY-I.NFO,29/01/2025,09:27:50,48890,48886,15,48887.95,15,15,1483995
BANKNIFTY-I.NFO,29/01/2025,09:27:52,48886.5,48885,15,48887.9,30,30,1483995
BANKNIFTY-I.NFO,29/01/2025,09:27:54,48877,48876.35,45,48887.7,60,135,1483995
BANKNIFTY-I.NFO,29/01/2025,09:27:54,48877,48876.35,45,48887.7,60,0,1483995
BANKNIFTY-I.NFO,29/01/2025,09:27:55,48883.85,48883.4,15,48887.65,60,150,1483995
BANKNIFTY-I.NFO,29/01/2025,09:27:57,48887.15,48887,30,48890,15,300,1483995
BANKNIFTY-I.NFO,29/01/2025,09:27:58,48886.15,48885,75,48890,45,120,1483995
BANKNIFTY-I.NFO,29/01/2025,09:28:00,48880.9,48882.9,15,48890,180,30,1483995
BANKNIFTY-I.NFO,29/01/2025,09:28:02,48885.2,48886,45,48890,195,90,1483995
BANKNIFTY-I.NFO,29/01/2025,09:28:03,48888.25,48887.8,15,48895,45,285,1483995
BANKNIFTY-I.NFO,29/01/2025,09:28:05,48890.1,48889.25,15,48895,90,840,1483995
BANKNIFTY-I.NFO,29/01/2025,09:28:07,48887.45,48888.95,15,48895,105,60,1489875
BANKNIFTY-I.NFO,29/01/2025,09:28:08,48885.6,48887.5,75,48895,105,30,1489875
BANKNIFTY-I.NFO,29/01/2025,09:28:10,48887.95,48886.6,15,48895,120,90,1489875
BANKNIFTY-I.NFO,29/01/2025,09:28:12,48887.95,48883.25,15,48887.45,45,0,1489875
BANKNIFTY-I.NFO,29/01/2025,09:28:13,48883.25,48880.1,15,48880.4,15,15,1489875
BANKNIFTY-I.NFO,29/01/2025,09:28:15,48890.4,48892.05,15,48895,60,1050,1489875
BANKNIFTY-I.NFO,29/01/2025,09:28:17,48895,48888.05,45,48895,75,60,1489875
BANKNIFTY-I.NFO,29/01/2025,09:28:18,48895,48890.15,15,48895,15,270,1489875
BANKNIFTY-I.NFO,29/01/2025,09:28:20,48890.85,48890.15,15,48895,45,255,1489875
BANKNIFTY-I.NFO,29/01/2025,09:28:22,48894.05,48893.95,90,48895,45,135,1489875
BANKNIFTY-I.NFO,29/01/2025,09:28:23,48896.8,48895.4,75,48897,45,330,1489875
BANKNIFTY-I.NFO,29/01/2025,09:28:25,48895.35,48895.6,240,48900,405,510,1489875
BANKNIFTY-I.NFO,29/01/2025,09:28:27,48886.95,48888.55,15,48894.8,75,135,1489875
BANKNIFTY-I.NFO,29/01/2025,09:28:28,48886.95,48889.85,45,48894.8,105,0,1489875
BANKNIFTY-I.NFO,29/01/2025,09:28:30,48886.95,48886.8,15,48888.7,45,60,1489875
BANKNIFTY-I.NFO,29/01/2025,09:28:32,48888.95,48887.55,15,48888.7,30,285,1489875
BANKNIFTY-I.NFO,29/01/2025,09:28:33,48888.95,48881.65,30,48888.7,30,0,1489875
BANKNIFTY-I.NFO,29/01/2025,09:28:35,48888.2,48887.05,15,48890,30,60,1489875
BANKNIFTY-I.NFO,29/01/2025,09:28:36,48890,48885.15,15,48890,45,45,1489875
BANKNIFTY-I.NFO,29/01/2025,09:28:38,48890,48885.15,15,48886.95,120,0,1489875
BANKNIFTY-I.NFO,29/01/2025,09:28:40,48885.1,48884.65,45,48886.95,150,120,1489875
BANKNIFTY-I.NFO,29/01/2025,09:28:41,48886.45,48883.05,15,48886.95,60,300,1489875
BANKNIFTY-I.NFO,29/01/2025,09:28:43,48886.95,48885.45,15,48887.4,30,150,1489875
BANKNIFTY-I.NFO,29/01/2025,09:28:45,48886.95,48885.5,30,48893.95,60,180,1489875
BANKNIFTY-I.NFO,29/01/2025,09:28:46,48878.75,48880.3,15,48885.1,45,15,1489875
BANKNIFTY-I.NFO,29/01/2025,09:28:50,48880.5,48878.75,30,48885.1,240,30,1489875
BANKNIFTY-I.NFO,29/01/2025,09:28:51,48880,48880,30,48885.05,120,150,1489875
BANKNIFTY-I.NFO,29/01/2025,09:28:53,48880.5,48880.6,180,48885,90,180,1489875
BANKNIFTY-I.NFO,29/01/2025,09:28:53,48876.65,48880.6,180,48885,90,0,1489875
BANKNIFTY-I.NFO,29/01/2025,09:28:55,48880.55,48879.95,180,48884.95,90,375,1489875
BANKNIFTY-I.NFO,29/01/2025,09:28:57,48878.75,48879.45,165,48884.9,45,15,1489875
BANKNIFTY-I.NFO,29/01/2025,09:28:58,48877.8,48877.6,15,48884.9,255,285,1489875
BANKNIFTY-I.NFO,29/01/2025,09:29:00,48881.05,48881.05,75,48884.85,210,60,1489875
BANKNIFTY-I.NFO,29/01/2025,09:29:02,48880.55,48881.2,15,48884.75,60,195,1489875
BANKNIFTY-I.NFO,29/01/2025,09:29:03,48880.2,48881,15,48884.7,285,15,1489875
BANKNIFTY-I.NFO,29/01/2025,09:29:05,48880.2,48883.3,15,48884.65,285,0,1489875
BANKNIFTY-I.NFO,29/01/2025,09:29:07,48881.15,48882.35,15,48884.6,255,150,1489875
BANKNIFTY-I.NFO,29/01/2025,09:29:08,48882,48883.1,15,48884.55,120,240,1489875
BANKNIFTY-I.NFO,29/01/2025,09:29:10,48884.55,48884.55,15,48886,15,150,1489875
BANKNIFTY-I.NFO,29/01/2025,09:29:12,48886,48880.65,15,48882.65,30,15,1489875
BANKNIFTY-I.NFO,29/01/2025,09:29:13,48887.5,48886,45,48890,30,150,1489875
BANKNIFTY-I.NFO,29/01/2025,09:29:15,48883.35,48882.2,15,48890,30,60,1489875
BANKNIFTY-I.NFO,29/01/2025,09:29:16,48882.25,48884.15,15,48886,45,30,1489875
BANKNIFTY-I.NFO,29/01/2025,09:29:18,48885,48884.9,30,48885.95,30,105,1489875
BANKNIFTY-I.NFO,29/01/2025,09:29:20,48890,48890.65,30,48893.95,60,225,1489875
BANKNIFTY-I.NFO,29/01/2025,09:29:21,48893.95,48888.2,15,48893.95,60,45,1489875
BANKNIFTY-I.NFO,29/01/2025,09:29:23,48887,48887.6,15,48893.95,105,30,1489875
BANKNIFTY-I.NFO,29/01/2025,09:29:25,48890.15,48890.45,15,48893.95,105,165,1489875
BANKNIFTY-I.NFO,29/01/2025,09:29:26,48890.15,48889.7,15,48893.95,135,0,1489875
BANKNIFTY-I.NFO,29/01/2025,09:29:28,48890.55,48888.2,15,48893.9,60,30,1489875
BANKNIFTY-I.NFO,29/01/2025,09:29:30,48886,48885.4,15,48893.85,30,210,1489875
BANKNIFTY-I.NFO,29/01/2025,09:29:31,48886,48887.05,15,48888.7,15,0,1489875
BANKNIFTY-I.NFO,29/01/2025,09:29:33,48888.7,48887,150,48888.7,135,45,1489875
BANKNIFTY-I.NFO,29/01/2025,09:29:35,48888.7,48888,45,48888.7,150,0,1489875
BANKNIFTY-I.NFO,29/01/2025,09:29:36,48888,48887,150,48888.6,30,45,1489875
BANKNIFTY-I.NFO,29/01/2025,09:29:38,48887,48887.15,15,48888.6,120,90,1489875
BANKNIFTY-I.NFO,29/01/2025,09:29:40,48893,48892,15,48893,15,180,1489875
BANKNIFTY-I.NFO,29/01/2025,09:29:41,48893.1,48893.05,45,48893.95,45,75,1489875
BANKNIFTY-I.NFO,29/01/2025,09:29:43,48892.25,48891.25,15,48893.9,15,105,1489875
BANKNIFTY-I.NFO,29/01/2025,09:29:45,48892.25,48891.45,15,48893.9,15,0,1489875
BANKNIFTY-I.NFO,29/01/2025,09:29:46,48892.25,48889.05,15,48893.9,105,0,1489875
BANKNIFTY-I.NFO,29/01/2025,09:29:48,48890,48890.8,30,48892.25,45,45,1489875
BANKNIFTY-I.NFO,29/01/2025,09:29:50,48890.3,48890.95,15,48892.25,15,195,1489875
BANKNIFTY-I.NFO,29/01/2025,09:29:51,48892.2,48891.6,15,48892.2,30,30,1489875
BANKNIFTY-I.NFO,29/01/2025,09:29:53,48892.2,48894.55,30,48895.95,30,210,1489875
BANKNIFTY-I.NFO,29/01/2025,09:29:54,48895.95,48895.05,15,48899,15,195,1489875
BANKNIFTY-I.NFO,29/01/2025,09:29:56,48892.75,48895.95,15,48899,30,270,1489875
BANKNIFTY-I.NFO,29/01/2025,09:29:58,48894.95,48890.1,450,48894.95,90,90,1489875
BANKNIFTY-I.NFO,29/01/2025,09:29:59,48894.95,48890.1,450,48894.95,60,45,1489875
BANKNIFTY-I.NFO,29/01/2025,09:30:01,48890.1,48890.1,270,48894.95,180,180,1489875
BANKNIFTY-I.NFO,29/01/2025,09:30:03,48884.55,48881.05,90,48889.7,15,1440,1489875
BANKNIFTY-I.NFO,29/01/2025,09:30:04,48880.85,48883.8,15,48883.9,30,120,1489875
BANKNIFTY-I.NFO,29/01/2025,09:30:06,48883.9,48883,30,48883.85,45,165,1489875
BANKNIFTY-I.NFO,29/01/2025,09:30:08,48883.85,48880.25,15,48888.7,15,75,1489875
BANKNIFTY-I.NFO,29/01/2025,09:30:09,48883,48880.45,15,48883,45,255,1489875
BANKNIFTY-I.NFO,29/01/2025,09:30:11,48883,48885.5,30,48888.7,15,75,1489875
BANKNIFTY-I.NFO,29/01/2025,09:30:13,48885.75,48887.65,15,48888.7,15,30,1489875
BANKNIFTY-I.NFO,29/01/2025,09:30:14,48890,48894.75,15,48899,15,720,1489875
BANKNIFTY-I.NFO,29/01/2025,09:30:16,48900,48898.95,60,48906,165,465,1489875
BANKNIFTY-I.NFO,29/01/2025,09:30:18,48896.3,48890.35,45,48895,60,45,1489875
BANKNIFTY-I.NFO,29/01/2025,09:30:19,48888.7,48888.7,105,48894.35,75,210,1489875
BANKNIFTY-I.NFO,29/01/2025,09:30:21,48891,48880.25,15,48890.1,60,135,1489875
BANKNIFTY-I.NFO,29/01/2025,09:30:23,48880.1,48883.3,30,48890.1,15,60,1489875
BANKNIFTY-I.NFO,29/01/2025,09:30:24,48890.1,48890.2,30,48890.95,30,675,1489875
BANKNIFTY-I.NFO,29/01/2025,09:30:26,48892.55,48894,30,48900,15,90,1489875
BANKNIFTY-I.NFO,29/01/2025,09:30:28,48899.95,48892.55,150,48900,30,75,1489875
BANKNIFTY-I.NFO,29/01/2025,09:30:29,48900,48892.55,150,48898.6,15,15,1489875
BANKNIFTY-I.NFO,29/01/2025,09:30:31,48892.55,48891.95,45,48898.6,90,15,1489875
BANKNIFTY-I.NFO,29/01/2025,09:30:33,48895,48895,30,48898.6,90,105,1489875
BANKNIFTY-I.NFO,29/01/2025,09:30:34,48895,48890.1,165,48895,120,30,1489875
BANKNIFTY-I.NFO,29/01/2025,09:30:36,48888.6,48886.15,15,48895,210,285,1489875
BANKNIFTY-I.NFO,29/01/2025,09:30:38,48887.95,48887.55,15,48888.4,30,180,1489875
BANKNIFTY-I.NFO,29/01/2025,09:30:39,48886.9,48887.4,15,48892.55,120,180,1489875
BANKNIFTY-I.NFO,29/01/2025,09:30:41,48892.55,48889.6,105,48892.55,75,75,1489875
BANKNIFTY-I.NFO,29/01/2025,09:30:42,48898.6,48898.6,15,48900,15,120,1489875
BANKNIFTY-I.NFO,29/01/2025,09:30:44,48900,48890.05,15,48895.1,15,15,1489875
BANKNIFTY-I.NFO,29/01/2025,09:30:46,48895.1,48893.1,30,48895.1,45,90,1489875
BANKNIFTY-I.NFO,29/01/2025,09:30:47,48890,48888.4,1770,48890,195,3420,1489875
BANKNIFTY-I.NFO,29/01/2025,09:30:49,48888.4,48889.45,90,48890,195,945,1489875
BANKNIFTY-I.NFO,29/01/2025,09:30:51,48889.15,48889.4,15,48889.95,15,240,1489875
BANKNIFTY-I.NFO,29/01/2025,09:30:52,48889.95,48890.1,75,48898,270,30,1489875
BANKNIFTY-I.NFO,29/01/2025,09:30:54,48889.95,48890.1,15,48897.95,15,30,1489875
BANKNIFTY-I.NFO,29/01/2025,09:30:56,48890.3,48891.65,60,48897.9,15,15,1489875
BANKNIFTY-I.NFO,29/01/2025,09:30:57,48890.3,48893.8,15,48897,30,0,1489875
BANKNIFTY-I.NFO,29/01/2025,09:30:59,48897.9,48894.15,15,48897,90,60,1489875
BANKNIFTY-I.NFO,29/01/2025,09:31:01,48897.05,48895.4,15,48897,15,150,1489875
BANKNIFTY-I.NFO,29/01/2025,09:31:02,48898,48890.45,15,48898,165,120,1489875
BANKNIFTY-I.NFO,29/01/2025,09:31:04,48898,48890.3,15,48898,165,0,1489875
BANKNIFTY-I.NFO,29/01/2025,09:31:06,48898,48891.7,15,48898,120,45,1489875
BANKNIFTY-I.NFO,29/01/2025,09:31:08,48898,48890.3,15,48898,120,0,1489875
BANKNIFTY-I.NFO,29/01/2025,09:31:09,48898,48892.4,15,48898,135,0,1489875
BANKNIFTY-I.NFO,29/01/2025,09:31:11,48890.95,48890.6,15,48897.7,15,1005,1483125
BANKNIFTY-I.NFO,29/01/2025,09:31:13,48890.95,48891.65,15,48897.7,30,0,1483125
BANKNIFTY-I.NFO,29/01/2025,09:31:14,48890.95,48895.5,45,48897.7,105,0,1483125
BANKNIFTY-I.NFO,29/01/2025,09:31:16,48899.35,48897.9,15,48900,225,360,1483125
BANKNIFTY-I.NFO,29/01/2025,09:31:18,48900,48899.35,15,48900,240,45,1483125
BANKNIFTY-I.NFO,29/01/2025,09:31:19,48899.35,48897.15,45,48899.95,15,30,1483125
BANKNIFTY-I.NFO,29/01/2025,09:31:21,48906,48901.1,15,48906,120,315,1483125
BANKNIFTY-I.NFO,29/01/2025,09:31:22,48906,48901.5,15,48906,120,0,1483125
BANKNIFTY-I.NFO,29/01/2025,09:31:24,48906,48900,90,48906,105,15,1483125
BANKNIFTY-I.NFO,29/01/2025,09:31:26,48906,48903,15,48908,180,120,1483125
BANKNIFTY-I.NFO,29/01/2025,09:31:27,48903,48900.85,15,48908,180,45,1483125
BANKNIFTY-I.NFO,29/01/2025,09:31:29,48906.25,48906.1,300,48908,285,60,1483125
BANKNIFTY-I.NFO,29/01/2025,09:31:31,48907.95,48906.1,300,48908,285,30,1483125
BANKNIFTY-I.NFO,29/01/2025,09:31:32,48906.5,48906.8,15,48908,285,15,1483125
BANKNIFTY-I.NFO,29/01/2025,09:31:34,48906.1,48906.1,285,48907.95,30,15,1483125
BANKNIFTY-I.NFO,29/01/2025,09:31:36,48906.55,48906.95,15,48907.95,45,195,1483125
BANKNIFTY-I.NFO,29/01/2025,09:31:37,48908,48907.7,15,48908,15,210,1483125
BANKNIFTY-I.NFO,29/01/2025,09:31:39,48918,48908.2,15,48918,30,240,1483125
BANKNIFTY-I.NFO,29/01/2025,09:31:41,48918,48908.4,15,48918,45,45,1483125
BANKNIFTY-I.NFO,29/01/2025,09:31:42,48906.1,48905.85,15,48917.85,120,555,1483125
BANKNIFTY-I.NFO,29/01/2025,09:31:44,48906.15,48907.1,15,48917.95,105,705,1483125
BANKNIFTY-I.NFO,29/01/2025,09:31:46,48916.05,48909.2,15,48917.9,30,30,1483125
BANKNIFTY-I.NFO,29/01/2025,09:31:47,48908.6,48907.1,15,48914,150,30,1483125
BANKNIFTY-I.NFO,29/01/2025,09:31:49,48914,48906.9,15,48914,105,75,1483125
BANKNIFTY-I.NFO,29/01/2025,09:31:51,48914,48910.1,15,48914,90,60,1483125
BANKNIFTY-I.NFO,29/01/2025,09:31:52,48914,48908.3,15,48914,120,15,1483125
BANKNIFTY-I.NFO,29/01/2025,09:31:54,48914,48909.45,15,48913.95,45,30,1483125
BANKNIFTY-I.NFO,29/01/2025,09:31:56,48913.95,48909.1,15,48913.95,45,75,1483125
BANKNIFTY-I.NFO,29/01/2025,09:31:57,48913.95,48908.05,30,48913.95,75,75,1483125
BANKNIFTY-I.NFO,29/01/2025,09:31:59,48907.4,48908.9,30,48913.95,150,90,1483125
BANKNIFTY-I.NFO,29/01/2025,09:32:01,48907.4,48912.15,30,48913.9,75,0,1483125
BANKNIFTY-I.NFO,29/01/2025,09:32:02,48906.15,48906.15,15,48913.85,45,75,1483125
BANKNIFTY-I.NFO,29/01/2025,09:32:04,48906.15,48906,75,48913.7,90,45,1483125
BANKNIFTY-I.NFO,29/01/2025,09:32:06,48906,48903.4,15,48913.5,15,75,1483125
BANKNIFTY-I.NFO,29/01/2025,09:32:07,48906,48902,165,48911.6,15,0,1483125
BANKNIFTY-I.NFO,29/01/2025,09:32:09,48906,48910.25,15,48911.6,30,390,1483125
BANKNIFTY-I.NFO,29/01/2025,09:32:10,48909.2,48906.5,15,48914,30,405,1483125
BANKNIFTY-I.NFO,29/01/2025,09:32:12,48909.2,48902.35,15,48912.25,15,0,1483125
BANKNIFTY-I.NFO,29/01/2025,09:32:14,48911.6,48903.7,15,48911.3,15,15,1483125
BANKNIFTY-I.NFO,29/01/2025,09:32:15,48902.4,48906,30,48911.3,135,30,1483125
BANKNIFTY-I.NFO,29/01/2025,09:32:17,48906,48900,105,48907.85,15,30,1483125
BANKNIFTY-I.NFO,29/01/2025,09:32:19,48900,48900,90,48905.65,15,60,1483125
BANKNIFTY-I.NFO,29/01/2025,09:32:20,48900,48900,30,48905.65,45,75,1483125
BANKNIFTY-I.NFO,29/01/2025,09:32:22,48900,48900,60,48905.6,30,0,1483125
BANKNIFTY-I.NFO,29/01/2025,09:32:24,48905.6,48903.85,30,48910,15,60,1483125
BANKNIFTY-I.NFO,29/01/2025,09:32:25,48905.6,48906.8,15,48910,30,0,1483125
BANKNIFTY-I.NFO,29/01/2025,09:32:27,48910,48900.3,75,48910,75,15,1483125
BANKNIFTY-I.NFO,29/01/2025,09:32:29,48900,48903.75,15,48908.55,60,285,1483125
BANKNIFTY-I.NFO,29/01/2025,09:32:30,48903.75,48900,15,48908.5,45,15,1483125
BANKNIFTY-I.NFO,29/01/2025,09:32:32,48903.75,48900,15,48906.65,30,0,1483125
BANKNIFTY-I.NFO,29/01/2025,09:32:34,48900,48897.5,15,48902.35,15,60,1483125
BANKNIFTY-I.NFO,29/01/2025,09:32:35,48900,48896.2,15,48902.35,60,30,1483125
BANKNIFTY-I.NFO,29/01/2025,09:32:37,48895.1,48900.65,30,48902.35,60,15,1483125
BANKNIFTY-I.NFO,29/01/2025,09:32:39,48900.65,48899,15,48902.3,30,30,1483125
BANKNIFTY-I.NFO,29/01/2025,09:32:40,48913.45,48897.65,15,48902.3,30,450,1483125
BANKNIFTY-I.NFO,29/01/2025,09:32:42,48913.45,48895.1,60,48902.3,30,0,1483125
BANKNIFTY-I.NFO,29/01/2025,09:32:44,48913.45,48890.95,45,48902.25,30,0,1483125
BANKNIFTY-I.NFO,29/01/2025,09:32:45,48913.45,48890.95,45,48900.3,15,0,1483125
BANKNIFTY-I.NFO,29/01/2025,09:32:47,48913.45,48890.95,45,48900.2,60,0,1483125
BANKNIFTY-I.NFO,29/01/2025,09:32:48,48913.45,48894.45,45,48900.2,30,0,1483125
BANKNIFTY-I.NFO,29/01/2025,09:32:50,48894.45,48890.95,45,48899.3,15,45,1483125
BANKNIFTY-I.NFO,29/01/2025,09:32:52,48890.95,48890.95,15,48899.3,45,45,1483125
BANKNIFTY-I.NFO,29/01/2025,09:32:53,48890.95,48895,45,48899.25,15,0,1483125
BANKNIFTY-I.NFO,29/01/2025,09:32:55,48899.3,48896.65,75,48899.3,15,60,1483125
BANKNIFTY-I.NFO,29/01/2025,09:32:57,48899.3,48896.65,75,48900,45,30,1483125
BANKNIFTY-I.NFO,29/01/2025,09:32:58,48899.3,48896.95,45,48900,120,0,1483125
BANKNIFTY-I.NFO,29/01/2025,09:33:01,48894.8,48890.95,45,48896.95,60,135,1483125
BANKNIFTY-I.NFO,29/01/2025,09:33:03,48890.95,48890.95,15,48896.95,135,30,1483125
BANKNIFTY-I.NFO,29/01/2025,09:33:05,48890.3,48890,30,48896.95,30,90,1483125
BANKNIFTY-I.NFO,29/01/2025,09:33:06,48895.65,48887.95,15,48895.65,15,90,1483125
BANKNIFTY-I.NFO,29/01/2025,09:33:08,48887,48888.75,15,48890.95,45,45,1483125
BANKNIFTY-I.NFO,29/01/2025,09:33:10,48887,48887.95,15,48890.9,15,0,1483125
BANKNIFTY-I.NFO,29/01/2025,09:33:11,48882.4,48883.95,15,48890.9,30,195,1483125
BANKNIFTY-I.NFO,29/01/2025,09:33:13,48886.1,48880,45,48890.85,45,15,1483125
BANKNIFTY-I.NFO,29/01/2025,09:33:15,48890.85,48885,15,48889.7,30,45,1483125
BANKNIFTY-I.NFO,29/01/2025,09:33:16,48885,48880,45,48887.6,90,15,1483125
BANKNIFTY-I.NFO,29/01/2025,09:33:18,48868.8,48869.35,15,48871.9,15,1515,1483125
BANKNIFTY-I.NFO,29/01/2025,09:33:18,48868.8,48869.35,15,48871.9,15,0,1483125
BANKNIFTY-I.NFO,29/01/2025,09:33:20,48871.9,48867.85,15,48871.9,30,2760,1483125
BANKNIFTY-I.NFO,29/01/2025,09:33:20,48865.55,48867.85,15,48871.9,30,0,1483125
BANKNIFTY-I.NFO,29/01/2025,09:33:21,48873.2,48871.75,15,48876.7,30,615,1483125
BANKNIFTY-I.NFO,29/01/2025,09:33:23,48871,48870.95,15,48872.7,30,60,1483125
BANKNIFTY-I.NFO,29/01/2025,09:33:25,48872.7,48872.7,15,48876.7,30,45,1483125
BANKNIFTY-I.NFO,29/01/2025,09:33:26,48877.7,48877.15,15,48885.9,45,150,1483125
BANKNIFTY-I.NFO,29/01/2025,09:33:28,48899.85,48896.45,15,48899.85,15,855,1483125
BANKNIFTY-I.NFO,29/01/2025,09:33:30,48900,48894.25,30,48902.35,15,75,1483125
BANKNIFTY-I.NFO,29/01/2025,09:33:31,48894.85,48899.85,30,48902.35,15,30,1483125
BANKNIFTY-I.NFO,29/01/2025,09:33:33,48900,48898.95,135,48902.3,15,45,1483125
BANKNIFTY-I.NFO,29/01/2025,09:33:35,48904,48904.75,15,48911.95,45,45,1483125
BANKNIFTY-I.NFO,29/01/2025,09:33:36,48910,48903.45,15,48911.95,15,45,1483125
BANKNIFTY-I.NFO,29/01/2025,09:33:38,48900,48903.1,15,48911.9,30,195,1483125
BANKNIFTY-I.NFO,29/01/2025,09:33:40,48922.85,48920.1,30,48925,555,1590,1483125
BANKNIFTY-I.NFO,29/01/2025,09:33:41,48925,48920.1,45,48925,615,45,1483125
BANKNIFTY-I.NFO,29/01/2025,09:33:43,48920.95,48920.1,30,48924.95,15,165,1483125
BANKNIFTY-I.NFO,29/01/2025,09:33:45,48924.95,48920.1,30,48924.95,75,15,1483125
BANKNIFTY-I.NFO,29/01/2025,09:33:46,48925,48922.55,15,48924.8,15,315,1483125
BANKNIFTY-I.NFO,29/01/2025,09:33:48,48925,48922.25,15,48925,315,90,1483125
BANKNIFTY-I.NFO,29/01/2025,09:33:50,48925,48924.95,15,48925,165,435,1483125
BANKNIFTY-I.NFO,29/01/2025,09:33:51,48926.15,48926,30,48940.8,120,1800,1483125
BANKNIFTY-I.NFO,29/01/2025,09:33:53,48939.1,48925,240,48939.9,75,180,1483125
BANKNIFTY-I.NFO,29/01/2025,09:33:55,48939.8,48925.05,30,48939.85,15,240,1483125
BANKNIFTY-I.NFO,29/01/2025,09:33:56,48925.05,48925,45,48937.7,45,75,1483125
BANKNIFTY-I.NFO,29/01/2025,09:33:58,48937.7,48925.4,90,48937.7,60,30,1483125
BANKNIFTY-I.NFO,29/01/2025,09:34:00,48937.7,48927.8,180,48937.7,60,0,1483125
BANKNIFTY-I.NFO,29/01/2025,09:34:01,48930.95,48929.35,15,48944.95,120,630,1483125
BANKNIFTY-I.NFO,29/01/2025,09:34:03,48937.7,48925.05,15,48938.55,135,45,1483125
BANKNIFTY-I.NFO,29/01/2025,09:34:05,48937.45,48926.65,60,48938.95,15,45,1483125
BANKNIFTY-I.NFO,29/01/2025,09:34:06,48936.35,48925.05,15,48934.4,45,30,1483125
BANKNIFTY-I.NFO,29/01/2025,09:34:08,48934.1,48925.05,15,48933.5,45,30,1480950
BANKNIFTY-I.NFO,29/01/2025,09:34:10,48934.4,48927,15,48934.45,15,30,1480950
BANKNIFTY-I.NFO,29/01/2025,09:34:11,48925.05,48925,45,48934.45,75,825,1480950
BANKNIFTY-I.NFO,29/01/2025,09:34:13,48934.45,48925,45,48934.45,60,15,1480950
BANKNIFTY-I.NFO,29/01/2025,09:34:15,48934.6,48925.05,30,48934.65,60,30,1480950
BANKNIFTY-I.NFO,29/01/2025,09:34:16,48934.45,48925,30,48934.65,75,45,1480950
BANKNIFTY-I.NFO,29/01/2025,09:34:18,48927.75,48927.7,105,48934.65,60,90,1480950
BANKNIFTY-I.NFO,29/01/2025,09:34:19,48930,48930.1,15,48934.65,60,210,1480950
BANKNIFTY-I.NFO,29/01/2025,09:34:21,48934.6,48931.85,15,48934.6,30,45,1480950
BANKNIFTY-I.NFO,29/01/2025,09:34:23,48940,48940,645,48945,120,375,1480950
BANKNIFTY-I.NFO,29/01/2025,09:34:24,48940,48940,645,48945,120,0,1480950
BANKNIFTY-I.NFO,29/01/2025,09:34:26,48945,48940,645,48945,195,15,1480950
BANKNIFTY-I.NFO,29/01/2025,09:34:29,48945,48940,630,48945,180,45,1480950
BANKNIFTY-I.NFO,29/01/2025,09:34:31,48945,48940,630,48945,150,90,1480950
BANKNIFTY-I.NFO,29/01/2025,09:34:33,48940,48940,465,48945,90,180,1480950
BANKNIFTY-I.NFO,29/01/2025,09:34:34,48945,48940,465,48945,90,15,1480950
BANKNIFTY-I.NFO,29/01/2025,09:34:36,48928.9,48928.15,120,48942.8,60,525,1480950
BANKNIFTY-I.NFO,29/01/2025,09:34:38,48942.8,48935.55,120,48945,45,15,1480950
BANKNIFTY-I.NFO,29/01/2025,09:34:39,48942.8,48931.1,120,48944.95,30,0,1480950
BANKNIFTY-I.NFO,29/01/2025,09:34:41,48942.8,48930.45,120,48944.95,105,0,1480950
BANKNIFTY-I.NFO,29/01/2025,09:34:43,48944.95,48932.75,120,48944.95,90,45,1480950
BANKNIFTY-I.NFO,29/01/2025,09:34:44,48944.95,48932.9,120,48940,30,0,1480950
BANKNIFTY-I.NFO,29/01/2025,09:34:46,48940,48930.6,120,48940,105,30,1480950
BANKNIFTY-I.NFO,29/01/2025,09:34:48,48930.9,48931.6,120,48940,30,120,1480950
BANKNIFTY-I.NFO,29/01/2025,09:34:49,48940,48931.05,90,48944.95,120,30,1480950
BANKNIFTY-I.NFO,29/01/2025,09:34:51,48931.05,48931,60,48943.95,90,420,1480950
BANKNIFTY-I.NFO,29/01/2025,09:34:53,48944,48943.8,15,48944.95,15,240,1480950
BANKNIFTY-I.NFO,29/01/2025,09:34:54,48944.15,48942.85,75,48952.55,45,495,1480950
BANKNIFTY-I.NFO,29/01/2025,09:34:56,48958.25,48945.5,30,48949.95,15,645,1480950
BANKNIFTY-I.NFO,29/01/2025,09:34:58,48955.25,48940.85,150,48956.2,45,45,1480950
BANKNIFTY-I.NFO,29/01/2025,09:34:59,48955.55,48942.8,30,48955.55,30,45,1480950
BANKNIFTY-I.NFO,29/01/2025,09:35:01,48956.3,48942.8,30,48957.05,60,75,1480950
BANKNIFTY-I.NFO,29/01/2025,09:35:03,48937.85,48935.15,120,48950.3,30,60,1480950
BANKNIFTY-I.NFO,29/01/2025,09:35:04,48949.35,48939.05,150,48953,30,75,1480950
BANKNIFTY-I.NFO,29/01/2025,09:35:06,48951.35,48938.35,120,48953,30,45,1480950
BANKNIFTY-I.NFO,29/01/2025,09:35:08,48936.05,48939.4,120,48952.95,15,15,1480950
BANKNIFTY-I.NFO,29/01/2025,09:35:09,48951.8,48944.3,15,48952.4,30,165,1480950
BANKNIFTY-I.NFO,29/01/2025,09:35:11,48951.8,48944.3,15,48952.95,75,0,1480950
BANKNIFTY-I.NFO,29/01/2025,09:35:13,48944.3,48938.15,120,48953.55,30,360,1480950
BANKNIFTY-I.NFO,29/01/2025,09:35:14,48954.2,48942.95,120,48955.65,15,600,1480950
BANKNIFTY-I.NFO,29/01/2025,09:35:17,48955.65,48947.25,30,48959.55,90,135,1480950
BANKNIFTY-I.NFO,29/01/2025,09:35:28,48931,48922.15,150,48931,15,735,1480950
BANKNIFTY-I.NFO,29/01/2025,09:35:37,48920.05,48921,30,48935,15,660,1480950
BANKNIFTY-I.NFO,29/01/2025,09:35:46,48929.9,48920,15,48931.65,15,405,1480950
BANKNIFTY-I.NFO,29/01/2025,09:35:55,48919.9,48919.9,150,48931.5,30,600,1480950
BANKNIFTY-I.NFO,29/01/2025,09:36:04,48931.5,48919,15,48931.2,90,330,1480950
BANKNIFTY-I.NFO,29/01/2025,09:36:14,48931.7,48932.55,120,48938.6,15,480,1480950
BANKNIFTY-I.NFO,29/01/2025,09:36:16,48945,48941.95,120,48950,45,90,1480950
BANKNIFTY-I.NFO,29/01/2025,09:36:18,48943.85,48947.15,30,48950,45,150,1480950
BANKNIFTY-I.NFO,29/01/2025,09:36:19,48947.15,48945,30,48945.15,30,30,1480950
BANKNIFTY-I.NFO,29/01/2025,09:36:21,48945.15,48945.15,15,48947.2,30,45,1480950
BANKNIFTY-I.NFO,29/01/2025,09:36:22,48954,48945,15,48954,15,225,1480950
BANKNIFTY-I.NFO,29/01/2025,09:36:24,48953.55,48945,15,48953.95,120,15,1480950
BANKNIFTY-I.NFO,29/01/2025,09:36:26,48953.55,48945,15,48953.95,90,0,1480950
BANKNIFTY-I.NFO,29/01/2025,09:36:27,48952.35,48945,15,48951.65,90,45,1480950
BANKNIFTY-I.NFO,29/01/2025,09:36:29,48941.05,48941.05,15,48945,15,30,1480950
BANKNIFTY-I.NFO,29/01/2025,09:36:31,48945,48936.5,150,48945,90,30,1480950
BANKNIFTY-I.NFO,29/01/2025,09:36:32,48945,48930.2,75,48943.95,120,90,1480950
BANKNIFTY-I.NFO,29/01/2025,09:36:34,48925.3,48928.5,75,48943.35,120,75,1480950
BANKNIFTY-I.NFO,29/01/2025,09:36:36,48943.15,48926.3,90,48940.55,120,15,1480950
BANKNIFTY-I.NFO,29/01/2025,09:36:37,48927.75,48926.9,15,48939.2,30,15,1480950
BANKNIFTY-I.NFO,29/01/2025,09:36:39,48927.75,48934.15,90,48939.2,90,0,1480950
BANKNIFTY-I.NFO,29/01/2025,09:36:40,48934.8,48931,15,48939.2,90,90,1480950
BANKNIFTY-I.NFO,29/01/2025,09:36:42,48936.2,48934.8,45,48939.2,105,45,1480950
BANKNIFTY-I.NFO,29/01/2025,09:36:44,48936.2,48926.4,15,48939.2,105,0,1480950
BANKNIFTY-I.NFO,29/01/2025,09:36:45,48936.2,48923.25,30,48938.4,120,30,1480950
BANKNIFTY-I.NFO,29/01/2025,09:36:47,48924.25,48923.65,45,48938.35,135,60,1480950
BANKNIFTY-I.NFO,29/01/2025,09:36:49,48924.25,48924.4,90,48938.3,120,0,1480950
BANKNIFTY-I.NFO,29/01/2025,09:36:50,48924.25,48926.65,150,48931.15,75,0,1480950
BANKNIFTY-I.NFO,29/01/2025,09:36:52,48926.55,48923.6,30,48931.15,120,15,1480950
BANKNIFTY-I.NFO,29/01/2025,09:36:53,48926.55,48927.7,15,48931.15,195,0,1480950
BANKNIFTY-I.NFO,29/01/2025,09:36:55,48941.35,48924.85,75,48940,120,330,1480950
BANKNIFTY-I.NFO,29/01/2025,09:36:57,48939.4,48920.9,15,48933.35,30,75,1480950
BANKNIFTY-I.NFO,29/01/2025,09:36:58,48921.8,48922.05,15,48935.9,120,60,1480950
BANKNIFTY-I.NFO,29/01/2025,09:37:00,48921.8,48920.3,15,48933.75,120,0,1480950
BANKNIFTY-I.NFO,29/01/2025,09:37:02,48921.8,48920.05,30,48933.6,120,0,1480950
BANKNIFTY-I.NFO,29/01/2025,09:37:03,48930.95,48920,45,48932.5,120,45,1480950
BANKNIFTY-I.NFO,29/01/2025,09:37:05,48921.9,48922.15,15,48929.45,15,180,1480950
BANKNIFTY-I.NFO,29/01/2025,09:37:07,48920,48920.4,30,48936.65,120,30,1480950
BANKNIFTY-I.NFO,29/01/2025,09:37:08,48920,48920,30,48935.2,150,0,1480950
BANKNIFTY-I.NFO,29/01/2025,09:37:10,48920,48920,30,48933.75,120,0,1480950
BANKNIFTY-I.NFO,29/01/2025,09:37:11,48920,48920,30,48933.7,120,0,1480950
BANKNIFTY-I.NFO,29/01/2025,09:37:13,48920,48920,30,48931.95,120,0,1480950
BANKNIFTY-I.NFO,29/01/2025,09:37:15,48920,48918.8,15,48920,90,60,1466835
BANKNIFTY-I.NFO,29/01/2025,09:37:16,48917.35,48917.05,30,48920,105,15,1466835
BANKNIFTY-I.NFO,29/01/2025,09:37:18,48920,48917.1,30,48920,90,90,1466835
BANKNIFTY-I.NFO,29/01/2025,09:37:19,48917.1,48917.15,30,48920,105,15,1466835
BANKNIFTY-I.NFO,29/01/2025,09:37:21,48917.1,48916.05,30,48920,105,0,1466835
BANKNIFTY-I.NFO,29/01/2025,09:37:23,48920,48921.55,30,48929.95,45,210,1466835
BANKNIFTY-I.NFO,29/01/2025,09:37:24,48920,48917.45,15,48929.9,75,0,1466835
BANKNIFTY-I.NFO,29/01/2025,09:37:26,48920,48917.1,15,48920,120,60,1466835
BANKNIFTY-I.NFO,29/01/2025,09:37:28,48917.1,48916,150,48919.95,75,15,1466835
BANKNIFTY-I.NFO,29/01/2025,09:37:29,48919.95,48916,135,48919.95,45,30,1466835
BANKNIFTY-I.NFO,29/01/2025,09:37:31,48916,48916,105,48919.95,45,30,1466835
BANKNIFTY-I.NFO,29/01/2025,09:37:33,48916,48916,75,48919.95,75,30,1466835
BANKNIFTY-I.NFO,29/01/2025,09:37:34,48916,48916,45,48919.95,75,30,1466835
BANKNIFTY-I.NFO,29/01/2025,09:37:36,48916,48916.05,15,48919.7,30,45,1466835
BANKNIFTY-I.NFO,29/01/2025,09:37:38,48914.6,48917.15,30,48919.65,15,30,1466835
BANKNIFTY-I.NFO,29/01/2025,09:37:40,48920.55,48924.05,15,48929.95,45,300,1466835
BANKNIFTY-I.NFO,29/01/2025,09:37:41,48922.15,48927.8,30,48929.95,45,45,1466835
BANKNIFTY-I.NFO,29/01/2025,09:37:43,48923.85,48921.9,15,48923.85,15,75,1466835
BANKNIFTY-I.NFO,29/01/2025,09:37:45,48915.85,48915.65,30,48923.85,30,30,1466835
BANKNIFTY-I.NFO,29/01/2025,09:37:46,48923.85,48916.7,30,48923.85,30,30,1466835
BANKNIFTY-I.NFO,29/01/2025,09:37:48,48927.8,48928.6,45,48935,15,150,1466835
BANKNIFTY-I.NFO,29/01/2025,09:37:50,48929.8,48928,30,48934.9,30,30,1466835
BANKNIFTY-I.NFO,29/01/2025,09:37:51,48930.5,48932.2,15,48934.85,30,120,1466835
BANKNIFTY-I.NFO,29/01/2025,09:37:53,48933.75,48933.85,90,48934.75,30,60,1466835
BANKNIFTY-I.NFO,29/01/2025,09:37:55,48935,48936.8,30,48945,15,150,1466835
BANKNIFTY-I.NFO,29/01/2025,09:37:56,48947,48937.2,15,48944.95,30,45,1466835
BANKNIFTY-I.NFO,29/01/2025,09:37:58,48939.15,48936.9,15,48949.95,120,300,1466835
BANKNIFTY-I.NFO,29/01/2025,09:38:00,48939.15,48933.15,15,48947,15,0,1466835
BANKNIFTY-I.NFO,29/01/2025,09:38:01,48939.15,48931.8,15,48943.15,15,0,1466835
BANKNIFTY-I.NFO,29/01/2025,09:38:03,48940,48924.7,15,48937.5,120,30,1466835
BANKNIFTY-I.NFO,29/01/2025,09:38:05,48924.2,48934.05,285,48937.5,15,45,1466835
BANKNIFTY-I.NFO,29/01/2025,09:38:06,48937.5,48937.25,45,48940,60,135,1466835
BANKNIFTY-I.NFO,29/01/2025,09:38:08,48940,48933.8,15,48940,30,30,1466835
BANKNIFTY-I.NFO,29/01/2025,09:38:10,48939.95,48932.9,15,48940,45,30,1466835
BANKNIFTY-I.NFO,29/01/2025,09:38:11,48939.95,48930.5,15,48940,45,0,1466835
BANKNIFTY-I.NFO,29/01/2025,09:38:13,48935.05,48939.15,30,48939.95,225,15,1466835
BANKNIFTY-I.NFO,29/01/2025,09:38:15,48939.95,48936.45,30,48937.45,15,270,1466835
BANKNIFTY-I.NFO,29/01/2025,09:38:16,48940,48939.05,75,48950,555,135,1466835
BANKNIFTY-I.NFO,29/01/2025,09:38:18,48940,48937,30,48950,555,0,1466835
BANKNIFTY-I.NFO,29/01/2025,09:38:19,48937.45,48940.5,30,48950,555,105,1466835
BANKNIFTY-I.NFO,29/01/2025,09:38:21,48950,48949.7,45,48953.25,15,630,1466835
BANKNIFTY-I.NFO,29/01/2025,09:38:23,48943.1,48942.75,30,48959.15,120,135,1466835
BANKNIFTY-I.NFO,29/01/2025,09:38:24,48945,48943.85,45,48958.85,120,15,1466835
BANKNIFTY-I.NFO,29/01/2025,09:38:26,48951.4,48941,30,48951.4,150,45,1466835
BANKNIFTY-I.NFO,29/01/2025,09:38:28,48948.25,48941,15,48950.25,120,60,1466835
BANKNIFTY-I.NFO,29/01/2025,09:38:29,48935.45,48934.45,30,48948.5,120,60,1466835
BANKNIFTY-I.NFO,29/01/2025,09:38:31,48948.45,48934.35,15,48948.45,105,30,1466835
BANKNIFTY-I.NFO,29/01/2025,09:38:33,48948.45,48932.45,120,48948.05,120,0,1466835
BANKNIFTY-I.NFO,29/01/2025,09:38:34,48930.85,48932,120,48948,15,1890,1466835
BANKNIFTY-I.NFO,29/01/2025,09:38:36,48948,48931.75,135,48948,30,1815,1466835
BANKNIFTY-I.NFO,29/01/2025,09:38:38,48948,48948,900,48950,60,915,1466835
BANKNIFTY-I.NFO,29/01/2025,09:38:39,48950,48948,870,48950,30,1845,1466835
BANKNIFTY-I.NFO,29/01/2025,09:38:41,48948,48948,780,48950,30,90,1466835
BANKNIFTY-I.NFO,29/01/2025,09:38:43,48950,48950,840,48960,15,180,1466835
BANKNIFTY-I.NFO,29/01/2025,09:38:44,48950,48950,780,48958.45,105,60,1466835
BANKNIFTY-I.NFO,29/01/2025,09:38:46,48950,48950,735,48959,90,135,1466835
BANKNIFTY-I.NFO,29/01/2025,09:38:48,48950,48951,15,48959.65,15,45,1466835
BANKNIFTY-I.NFO,29/01/2025,09:38:49,48960,48950,675,48962.35,30,315,1466835
BANKNIFTY-I.NFO,29/01/2025,09:38:51,48950,48943.05,120,48959.5,45,15,1466835
BANKNIFTY-I.NFO,29/01/2025,09:38:53,48959.45,48946.5,120,48959.5,90,75,1466835
BANKNIFTY-I.NFO,29/01/2025,09:38:54,48959.45,48950,30,48959.45,30,900,1466835
BANKNIFTY-I.NFO,29/01/2025,09:38:56,48959.5,48950,15,48962.3,90,1815,1466835
BANKNIFTY-I.NFO,29/01/2025,09:38:58,48954.6,48950,15,48961.95,30,45,1466835
BANKNIFTY-I.NFO,29/01/2025,09:38:59,48960,48950.15,15,48960,30,600,1466835
BANKNIFTY-I.NFO,29/01/2025,09:39:01,48958.35,48954.2,15,48959.95,45,180,1466835
BANKNIFTY-I.NFO,29/01/2025,09:39:03,48950,48950,15,48959.9,30,45,1466835
BANKNIFTY-I.NFO,29/01/2025,09:39:04,48959.4,48950,15,48958.25,75,60,1466835
BANKNIFTY-I.NFO,29/01/2025,09:39:06,48945,48945,45,48945.1,15,75,1466835
BANKNIFTY-I.NFO,29/01/2025,09:39:08,48945.1,48945,30,48945.1,75,30,1466835
BANKNIFTY-I.NFO,29/01/2025,09:39:09,48945.1,48945.1,75,48950,225,165,1466835
BANKNIFTY-I.NFO,29/01/2025,09:39:11,48945.15,48945.15,15,48950,240,45,1466835
BANKNIFTY-I.NFO,29/01/2025,09:39:13,48945.15,48945.15,120,48950,105,195,1466835
BANKNIFTY-I.NFO,29/01/2025,09:39:14,48945.1,48944.75,120,48950,105,90,1466835
BANKNIFTY-I.NFO,29/01/2025,09:39:16,48944.2,48945.2,105,48950,90,105,1466835
BANKNIFTY-I.NFO,29/01/2025,09:39:18,48945.2,48947.45,120,48950,90,30,1466835
BANKNIFTY-I.NFO,29/01/2025,09:39:19,48947.4,48945,30,48950,90,30,1466835
BANKNIFTY-I.NFO,29/01/2025,09:39:21,48941.65,48942.3,45,48950,180,105,1466835
BANKNIFTY-I.NFO,29/01/2025,09:39:23,48942.4,48942.4,15,48944.5,45,60,1466835
BANKNIFTY-I.NFO,29/01/2025,09:39:24,48944.5,48940,30,48944.5,45,135,1466835
BANKNIFTY-I.NFO,29/01/2025,09:39:26,48939.45,48939,90,48944.5,60,75,1466835
BANKNIFTY-I.NFO,29/01/2025,09:39:28,48944.5,48943.5,30,48950,90,75,1466835
BANKNIFTY-I.NFO,29/01/2025,09:39:29,48943.5,48939.55,120,48950,90,15,1466835
BANKNIFTY-I.NFO,29/01/2025,09:39:31,48940.4,48939.9,15,48950,90,135,1466835
BANKNIFTY-I.NFO,29/01/2025,09:39:33,48937.1,48935.95,30,48937.1,15,45,1466835
BANKNIFTY-I.NFO,29/01/2025,09:39:34,48936.4,48937.9,15,48943.5,15,45,1466835
BANKNIFTY-I.NFO,29/01/2025,09:39:36,48943.5,48942.7,30,48949.95,45,90,1466835
BANKNIFTY-I.NFO,29/01/2025,09:39:38,48946.95,48940.5,30,48940.85,15,30,1466835
BANKNIFTY-I.NFO,29/01/2025,09:39:39,48940.5,48940.45,60,48947.1,30,30,1466835
BANKNIFTY-I.NFO,29/01/2025,09:39:41,48940.5,48941.35,30,48947.1,15,0,1466835
BANKNIFTY-I.NFO,29/01/2025,09:39:43,48940.5,48943.65,15,48947.1,15,0,1466835
BANKNIFTY-I.NFO,29/01/2025,09:39:44,48945.05,48944.75,15,48945.75,15,60,1466835
BANKNIFTY-I.NFO,29/01/2025,09:39:46,48944.75,48941.1,15,48943.3,15,30,1466835
BANKNIFTY-I.NFO,29/01/2025,09:39:48,48941.3,48942.45,90,48944.2,45,75,1466835
BANKNIFTY-I.NFO,29/01/2025,09:39:49,48944.2,48940.4,165,48944.2,30,195,1466835
BANKNIFTY-I.NFO,29/01/2025,09:39:51,48940,48938.65,30,48944.2,15,30,1466835
BANKNIFTY-I.NFO,29/01/2025,09:39:53,48939.2,48939.15,30,48944.2,60,195,1466835
BANKNIFTY-I.NFO,29/01/2025,09:39:54,48941.3,48941.6,60,48944.2,75,30,1466835
BANKNIFTY-I.NFO,29/01/2025,09:39:56,48944.2,48944.2,15,48946,30,105,1466835
BANKNIFTY-I.NFO,29/01/2025,09:39:58,48944.2,48942.35,30,48946,15,45,1466835
BANKNIFTY-I.NFO,29/01/2025,09:39:59,48946,48944.15,45,48945.25,15,30,1466835
BANKNIFTY-I.NFO,29/01/2025,09:40:01,48946,48945.7,30,48949,30,195,1466835
BANKNIFTY-I.NFO,29/01/2025,09:40:02,48942.85,48942.3,60,48949,45,645,1466835
BANKNIFTY-I.NFO,29/01/2025,09:40:04,48949,48940.3,15,48948.95,120,30,1466835
BANKNIFTY-I.NFO,29/01/2025,09:40:06,48947.1,48940.3,15,48947.1,165,15,1466835
BANKNIFTY-I.NFO,29/01/2025,09:40:07,48940,48935,15,48945.55,210,105,1466835
BANKNIFTY-I.NFO,29/01/2025,09:40:09,48934,48934,90,48943.6,210,30,1466835
BANKNIFTY-I.NFO,29/01/2025,09:40:11,48934,48934,90,48943.55,30,0,1472025
BANKNIFTY-I.NFO,29/01/2025,09:40:12,48934,48930,30,48943.5,210,90,1472025
BANKNIFTY-I.NFO,29/01/2025,09:40:14,48934,48932.85,45,48943.5,45,0,1472025
BANKNIFTY-I.NFO,29/01/2025,09:40:16,48930,48930,15,48942.4,195,120,1472025
BANKNIFTY-I.NFO,29/01/2025,09:40:17,48930,48930,15,48942.4,225,0,1472025
BANKNIFTY-I.NFO,29/01/2025,09:40:19,48930,48930,15,48942.4,285,0,1472025
BANKNIFTY-I.NFO,29/01/2025,09:40:20,48930,48930,15,48942.35,225,0,1472025
BANKNIFTY-I.NFO,29/01/2025,09:40:22,48930,48930,15,48942.35,300,0,1472025
BANKNIFTY-I.NFO,29/01/2025,09:40:24,48930,48927.6,15,48930,30,15,1472025
BANKNIFTY-I.NFO,29/01/2025,09:40:25,48925.15,48925.05,60,48930,105,45,1472025
BANKNIFTY-I.NFO,29/01/2025,09:40:27,48930,48928.85,75,48944.95,210,135,1472025
BANKNIFTY-I.NFO,29/01/2025,09:40:29,48927,48928.2,105,48943.7,180,180,1472025
BANKNIFTY-I.NFO,29/01/2025,09:40:30,48927,48925.4,30,48940.35,210,0,1472025
BANKNIFTY-I.NFO,29/01/2025,09:40:32,48927,48926.6,15,48940.3,150,0,1472025
BANKNIFTY-I.NFO,29/01/2025,09:40:34,48927,48935.4,225,48940.3,75,0,1472025
BANKNIFTY-I.NFO,29/01/2025,09:40:35,48945,48943.35,30,48949,15,195,1472025
BANKNIFTY-I.NFO,29/01/2025,09:40:37,48945,48944.95,75,48949,45,0,1472025
BANKNIFTY-I.NFO,29/01/2025,09:40:39,48950,48950.6,30,48958.65,240,255,1472025
BANKNIFTY-I.NFO,29/01/2025,09:40:40,48950.6,48941.9,15,48956.4,150,30,1472025
BANKNIFTY-I.NFO,29/01/2025,09:40:42,48952.65,48938.3,150,48953.85,120,30,1472025
BANKNIFTY-I.NFO,29/01/2025,09:40:44,48955.75,48939.75,120,48954.95,135,300,1472025
BANKNIFTY-I.NFO,29/01/2025,09:40:45,48955.75,48940.9,15,48954.95,120,0,1472025
BANKNIFTY-I.NFO,29/01/2025,09:40:47,48955.75,48935.7,120,48951.4,165,0,1472025
BANKNIFTY-I.NFO,29/01/2025,09:40:48,48955.75,48936.95,15,48951.25,105,0,1472025
BANKNIFTY-I.NFO,29/01/2025,09:40:50,48950.65,48933.3,150,48948.85,105,30,1472025
BANKNIFTY-I.NFO,29/01/2025,09:40:52,48950.65,48935.2,120,48948.35,15,0,1472025
BANKNIFTY-I.NFO,29/01/2025,09:40:53,48948.35,48937.2,120,48948.35,105,15,1472025
BANKNIFTY-I.NFO,29/01/2025,09:40:55,48937.4,48935.8,120,48938.55,15,15,1472025
BANKNIFTY-I.NFO,29/01/2025,09:40:57,48948.35,48936.2,150,48950.7,90,60,1472025
BANKNIFTY-I.NFO,29/01/2025,09:40:58,48936.6,48939.05,90,48954.95,120,60,1472025
BANKNIFTY-I.NFO,29/01/2025,09:41:00,48936.6,48942.65,30,48955,15,0,1472025
BANKNIFTY-I.NFO,29/01/2025,09:41:02,48936.6,48940.75,120,48951,15,0,1472025
BANKNIFTY-I.NFO,29/01/2025,09:41:03,48936.6,48939.85,90,48950,15,0,1472025
BANKNIFTY-I.NFO,29/01/2025,09:41:05,48942.55,48943.7,75,48950,75,30,1472025
BANKNIFTY-I.NFO,29/01/2025,09:41:07,48939.85,48939.75,75,48950,90,30,1472025
BANKNIFTY-I.NFO,29/01/2025,09:41:08,48943.1,48945.1,60,48950,75,30,1472025
BANKNIFTY-I.NFO,29/01/2025,09:41:10,48943.1,48945.6,15,48950,255,0,1472025
BANKNIFTY-I.NFO,29/01/2025,09:41:11,48945.7,48943.95,15,48949.95,15,60,1472025
BANKNIFTY-I.NFO,29/01/2025,09:41:13,48945.7,48946.1,60,48949.95,15,0,1472025
BANKNIFTY-I.NFO,29/01/2025,09:41:15,48949.6,48949.35,15,48955,15,555,1472025
BANKNIFTY-I.NFO,29/01/2025,09:41:16,48955,48942.1,180,48955.75,15,15,1472025
BANKNIFTY-I.NFO,29/01/2025,09:41:18,48945.7,48940,105,48945.7,120,30,1472025
BANKNIFTY-I.NFO,29/01/2025,09:41:20,48945.7,48940,105,48945.65,30,15,1472025
BANKNIFTY-I.NFO,29/01/2025,09:41:21,48940,48931,30,48945.55,135,135,1472025
BANKNIFTY-I.NFO,29/01/2025,09:41:23,48938.25,48931,15,48938.05,15,30,1472025
BANKNIFTY-I.NFO,29/01/2025,09:41:24,48938.25,48931,15,48937.4,120,0,1472025
BANKNIFTY-I.NFO,29/01/2025,09:41:26,48930,48925.05,15,48932.65,15,75,1472025
BANKNIFTY-I.NFO,29/01/2025,09:41:28,48925,48924.55,30,48932.65,30,60,1472025
BANKNIFTY-I.NFO,29/01/2025,09:41:29,48925,48926.6,45,48930,105,0,1472025
BANKNIFTY-I.NFO,29/01/2025,09:41:31,48930,48925.7,15,48935,60,120,1472025
BANKNIFTY-I.NFO,29/01/2025,09:41:33,48930,48925,15,48935,135,0,1472025
BANKNIFTY-I.NFO,29/01/2025,09:41:34,48930,48929.65,15,48934.95,15,0,1472025
BANKNIFTY-I.NFO,29/01/2025,09:41:36,48931.2,48926.35,45,48930.1,15,30,1472025
BANKNIFTY-I.NFO,29/01/2025,09:41:38,48931.2,48928.7,15,48930.1,105,0,1472025
BANKNIFTY-I.NFO,29/01/2025,09:41:39,48927.1,48927.45,15,48930.05,15,45,1472025
BANKNIFTY-I.NFO,29/01/2025,09:41:41,48935,48927.1,30,48930.05,15,90,1472025
BANKNIFTY-I.NFO,29/01/2025,09:41:43,48926.6,48929.7,30,48930,15,15,1472025
BANKNIFTY-I.NFO,29/01/2025,09:41:44,48934.7,48928.75,15,48935,30,75,1472025
BANKNIFTY-I.NFO,29/01/2025,09:41:46,48934.7,48928.1,15,48935,45,0,1472025
BANKNIFTY-I.NFO,29/01/2025,09:41:47,48929.5,48928.25,30,48935,120,45,1472025
BANKNIFTY-I.NFO,29/01/2025,09:41:49,48929.5,48930.3,75,48935,120,0,1472025
BANKNIFTY-I.NFO,29/01/2025,09:41:51,48931.55,48930.15,15,48935,105,15,1472025
BANKNIFTY-I.NFO,29/01/2025,09:41:52,48931.1,48931.65,15,48935,105,30,1472025
BANKNIFTY-I.NFO,29/01/2025,09:41:54,48931.1,48932.7,15,48935,105,0,1472025
BANKNIFTY-I.NFO,29/01/2025,09:41:56,48932.7,48932.3,15,48935,30,15,1472025
BANKNIFTY-I.NFO,29/01/2025,09:41:57,48931.55,48931.3,15,48934.95,30,30,1472025
BANKNIFTY-I.NFO,29/01/2025,09:41:59,48934.55,48933.35,45,48934.95,60,60,1472025
BANKNIFTY-I.NFO,29/01/2025,09:42:01,48935.6,48932.65,30,48940,45,120,1472025
BANKNIFTY-I.NFO,29/01/2025,09:42:02,48932.6,48928,15,48939.25,135,30,1472025
BANKNIFTY-I.NFO,29/01/2025,09:42:04,48932.6,48930,30,48939.2,30,0,1472025
BANKNIFTY-I.NFO,29/01/2025,09:42:06,48932.6,48930,30,48939.2,120,0,1472025
BANKNIFTY-I.NFO,29/01/2025,09:42:08,48932.6,48934.55,15,48939.2,90,0,1472025
BANKNIFTY-I.NFO,29/01/2025,09:42:09,48934.55,48931.85,45,48939.1,45,15,1472025
BANKNIFTY-I.NFO,29/01/2025,09:42:11,48933.5,48931.7,75,48939.05,15,15,1472025
BANKNIFTY-I.NFO,29/01/2025,09:42:12,48932.3,48932.25,15,48939.05,15,75,1472025
BANKNIFTY-I.NFO,29/01/2025,09:42:14,48939.05,48931.7,45,48939.05,15,30,1472025
BANKNIFTY-I.NFO,29/01/2025,09:42:16,48932.5,48935.1,15,48939.05,15,15,1472025
BANKNIFTY-I.NFO,29/01/2025,09:42:17,48932.5,48935.1,15,48939.05,90,0,1472025
BANKNIFTY-I.NFO,29/01/2025,09:42:19,48935.1,48933.25,15,48939.05,75,15,1472025
BANKNIFTY-I.NFO,29/01/2025,09:42:21,48935.1,48934.4,15,48939.05,75,0,1472025
BANKNIFTY-I.NFO,29/01/2025,09:42:22,48939.05,48935.1,15,48939,15,15,1472025
BANKNIFTY-I.NFO,29/01/2025,09:42:24,48935.1,48931,15,48938.85,120,15,1472025
BANKNIFTY-I.NFO,29/01/2025,09:42:26,48938.75,48931,15,48938.8,120,15,1472025
BANKNIFTY-I.NFO,29/01/2025,09:42:27,48931,48930.05,15,48938.55,120,15,1472025
BANKNIFTY-I.NFO,29/01/2025,09:42:29,48930,48926.7,75,48938.35,15,45,1472025
BANKNIFTY-I.NFO,29/01/2025,09:42:30,48932.65,48934.9,30,48938.35,15,15,1472025
BANKNIFTY-I.NFO,29/01/2025,09:42:32,48933.75,48932.4,60,48938.35,90,15,1472025
BANKNIFTY-I.NFO,29/01/2025,09:42:34,48938.35,48930.1,90,48938.35,60,30,1472025
BANKNIFTY-I.NFO,29/01/2025,09:42:35,48938.35,48930.1,90,48938.3,120,0,1472025
BANKNIFTY-I.NFO,29/01/2025,09:42:37,48938.35,48930.1,90,48938.3,60,0,1472025
BANKNIFTY-I.NFO,29/01/2025,09:42:39,48930.1,48938.35,15,48939.95,45,75,1472025
BANKNIFTY-I.NFO,29/01/2025,09:42:40,48930.1,48938.35,15,48939.95,45,0,1472025
BANKNIFTY-I.NFO,29/01/2025,09:42:42,48939.9,48930.1,15,48939.8,120,30,1472025
BANKNIFTY-I.NFO,29/01/2025,09:42:44,48939.9,48926.45,15,48939.75,120,0,1472025
BANKNIFTY-I.NFO,29/01/2025,09:42:45,48939.9,48925,75,48936.1,135,0,1472025
BANKNIFTY-I.NFO,29/01/2025,09:42:47,48933.1,48925,60,48933.1,15,30,1472025
BANKNIFTY-I.NFO,29/01/2025,09:42:49,48933.1,48925.2,30,48933.1,90,0,1472025
BANKNIFTY-I.NFO,29/01/2025,09:42:50,48933.1,48925,60,48933.1,75,15,1472025
BANKNIFTY-I.NFO,29/01/2025,09:42:52,48938.15,48925,60,48938.15,120,15,1472025
BANKNIFTY-I.NFO,29/01/2025,09:42:54,48925,48925.45,15,48938.15,60,60,1472025
BANKNIFTY-I.NFO,29/01/2025,09:42:55,48926.5,48926.45,30,48938.15,60,30,1472025
BANKNIFTY-I.NFO,29/01/2025,09:42:57,48926.5,48923.7,45,48938.1,135,0,1472025
BANKNIFTY-I.NFO,29/01/2025,09:42:58,48938,48932.1,15,48938.05,15,15,1472025
BANKNIFTY-I.NFO,29/01/2025,09:43:00,48937.95,48930,15,48937.1,15,15,1472025
BANKNIFTY-I.NFO,29/01/2025,09:43:02,48937.1,48930.85,30,48937.1,105,15,1472025
BANKNIFTY-I.NFO,29/01/2025,09:43:03,48939.95,48934.95,135,48940,45,195,1472025
BANKNIFTY-I.NFO,29/01/2025,09:43:05,48945,48939.4,30,48945,15,240,1472025
BANKNIFTY-I.NFO,29/01/2025,09:43:07,48945,48938.25,30,48949.95,15,30,1472025
BANKNIFTY-I.NFO,29/01/2025,09:43:08,48950,48947.4,30,48955,15,135,1472025
BANKNIFTY-I.NFO,29/01/2025,09:43:10,48962.4,48950.4,30,48962.4,495,375,1471620
BANKNIFTY-I.NFO,29/01/2025,09:43:12,48957.05,48954.4,75,48962.4,480,75,1471620
BANKNIFTY-I.NFO,29/01/2025,09:43:13,48955.95,48953.75,45,48962.4,480,30,1471620
BANKNIFTY-I.NFO,29/01/2025,09:43:15,48962.4,48945,120,48960.2,120,600,1471620
BANKNIFTY-I.NFO,29/01/2025,09:43:17,48962.4,48945.75,120,48959.25,120,0,1471620
BANKNIFTY-I.NFO,29/01/2025,09:43:18,48959.2,48950,15,48959.15,105,45,1471620
BANKNIFTY-I.NFO,29/01/2025,09:43:20,48959.15,48950,15,48959.15,75,15,1471620
BANKNIFTY-I.NFO,29/01/2025,09:43:22,48959.15,48950,30,48959.15,45,30,1471620
BANKNIFTY-I.NFO,29/01/2025,09:43:23,48950,48947.6,15,48950,15,30,1471620
BANKNIFTY-I.NFO,29/01/2025,09:43:25,48947.6,48943.3,150,48957.3,15,30,1471620
BANKNIFTY-I.NFO,29/01/2025,09:43:27,48947.6,48952.5,15,48957.25,105,0,1471620
BANKNIFTY-I.NFO,29/01/2025,09:43:28,48951.95,48936,120,48951.7,60,90,1471620
BANKNIFTY-I.NFO,29/01/2025,09:43:30,48950,48936.55,15,48943.75,15,45,1471620
BANKNIFTY-I.NFO,29/01/2025,09:43:32,48943.75,48940.1,30,48943.75,75,15,1471620
BANKNIFTY-I.NFO,29/01/2025,09:43:33,48940.1,48940.1,15,48943.75,15,15,1471620
BANKNIFTY-I.NFO,29/01/2025,09:43:35,48948,48940.1,15,48948,60,30,1471620
BANKNIFTY-I.NFO,29/01/2025,09:43:37,48940.1,48934.55,30,48940,45,15,1471620
BANKNIFTY-I.NFO,29/01/2025,09:43:38,48940,48942,165,48959.35,60,105,1471620
BANKNIFTY-I.NFO,29/01/2025,09:43:40,48957.25,48942.75,30,48957.8,30,30,1471620
BANKNIFTY-I.NFO,29/01/2025,09:43:42,48957.05,48940.9,30,48956.25,60,30,1471620
BANKNIFTY-I.NFO,29/01/2025,09:43:43,48954.8,48940,135,48954.25,30,30,1471620
BANKNIFTY-I.NFO,29/01/2025,09:43:45,48954.8,48940,135,48954.2,60,0,1471620
BANKNIFTY-I.NFO,29/01/2025,09:43:47,48940,48940,120,48954.2,105,15,1471620
BANKNIFTY-I.NFO,29/01/2025,09:43:48,48954.2,48943.1,30,48954.2,45,30,1471620
BANKNIFTY-I.NFO,29/01/2025,09:43:50,48945,48943.25,15,48945,405,75,1471620
BANKNIFTY-I.NFO,29/01/2025,09:43:52,48945,48944.1,15,48945,465,0,1471620
BANKNIFTY-I.NFO,29/01/2025,09:43:53,48950,48952.35,135,48962,15,600,1471620
BANKNIFTY-I.NFO,29/01/2025,09:43:55,48962,48957.15,60,48962.4,15,15,1471620
BANKNIFTY-I.NFO,29/01/2025,09:43:57,48962.6,48949.75,15,48958.95,15,60,1471620
BANKNIFTY-I.NFO,29/01/2025,09:43:58,48963.75,48951.35,15,48963.75,735,45,1471620
BANKNIFTY-I.NFO,29/01/2025,09:44:00,48963.75,48957.55,15,48963.75,810,0,1471620
BANKNIFTY-I.NFO,29/01/2025,09:44:02,48963.75,48945.4,120,48962.15,45,15,1471620
BANKNIFTY-I.NFO,29/01/2025,09:44:03,48960.05,48942.3,150,48958.3,60,15,1471620
BANKNIFTY-I.NFO,29/01/2025,09:44:05,48942.6,48940.45,120,48956,105,390,1471620
BANKNIFTY-I.NFO,29/01/2025,09:44:07,48948.2,48940.05,15,48948.95,75,30,1471620
BANKNIFTY-I.NFO,29/01/2025,09:44:08,48945.75,48940,105,48945.7,15,150,1471620
BANKNIFTY-I.NFO,29/01/2025,09:44:10,48946,48940,90,48946.15,30,45,1471620
BANKNIFTY-I.NFO,29/01/2025,09:44:12,48940,48940,75,48946,30,15,1471620
BANKNIFTY-I.NFO,29/01/2025,09:44:13,48940,48940,60,48944.6,15,15,1471620
BANKNIFTY-I.NFO,29/01/2025,09:44:15,48938,48935,15,48943.55,45,135,1471620
BANKNIFTY-I.NFO,29/01/2025,09:44:17,48925,48920.35,120,48935.9,60,45,1471620
BANKNIFTY-I.NFO,29/01/2025,09:44:18,48915,48915.55,120,48928.9,60,75,1471620
BANKNIFTY-I.NFO,29/01/2025,09:44:20,48915.8,48913.35,120,48925.2,30,30,1471620
BANKNIFTY-I.NFO,29/01/2025,09:44:22,48925.2,48920.3,15,48925.2,90,30,1471620
BANKNIFTY-I.NFO,29/01/2025,09:44:23,48928.05,48928.15,90,48943.7,150,225,1471620
BANKNIFTY-I.NFO,29/01/2025,09:44:25,48933,48934.2,90,48943.65,30,60,1471620
BANKNIFTY-I.NFO,29/01/2025,09:44:27,48933,48933.45,15,48943.65,30,0,1471620
BANKNIFTY-I.NFO,29/01/2025,09:44:28,48933,48927.5,135,48942.3,120,45,1471620
BANKNIFTY-I.NFO,29/01/2025,09:44:30,48933,48930.15,75,48940,30,0,1471620
BANKNIFTY-I.NFO,29/01/2025,09:44:32,48933,48931.05,90,48935,15,0,1471620
BANKNIFTY-I.NFO,29/01/2025,09:44:33,48935,48935.25,105,48940,30,195,1471620
BANKNIFTY-I.NFO,29/01/2025,09:44:35,48933.7,48932.95,30,48940,45,150,1471620
BANKNIFTY-I.NFO,29/01/2025,09:44:37,48928.2,48929.7,30,48940,45,15,1471620
BANKNIFTY-I.NFO,29/01/2025,09:44:38,48928.2,48932.6,30,48935.8,15,0,1471620
BANKNIFTY-I.NFO,29/01/2025,09:44:40,48933.7,48932.65,45,48935.8,30,45,1471620
BANKNIFTY-I.NFO,29/01/2025,09:44:42,48940,48939.05,15,48948.95,30,75,1471620
BANKNIFTY-I.NFO,29/01/2025,09:44:43,48948.95,48942.85,30,48948.95,15,30,1471620
BANKNIFTY-I.NFO,29/01/2025,09:44:45,48948.95,48941.75,15,48948.95,90,0,1471620
BANKNIFTY-I.NFO,29/01/2025,09:44:47,48948.95,48942.3,45,48948.95,90,15,1471620
BANKNIFTY-I.NFO,29/01/2025,09:44:48,48948.95,48944.35,15,48948.95,90,15,1471620
BANKNIFTY-I.NFO,29/01/2025,09:44:50,48948.95,48942.9,30,48948.95,75,15,1471620
BANKNIFTY-I.NFO,29/01/2025,09:44:52,48943.35,48941.4,15,48948.95,30,45,1471620
BANKNIFTY-I.NFO,29/01/2025,09:44:53,48945.1,48943.95,15,48948.95,15,30,1471620
BANKNIFTY-I.NFO,29/01/2025,09:44:55,48945.1,48940.55,30,48948.95,15,0,1471620
BANKNIFTY-I.NFO,29/01/2025,09:44:57,48949.9,48937.95,75,48948.95,30,15,1471620
BANKNIFTY-I.NFO,29/01/2025,09:44:58,48948.95,48940,15,48948.95,135,30,1471620
BANKNIFTY-I.NFO,29/01/2025,09:45:00,48948.95,48940,15,48948.85,30,0,1471620
BANKNIFTY-I.NFO,29/01/2025,09:45:02,48940,48937.25,30,48948.8,15,30,1471620
BANKNIFTY-I.NFO,29/01/2025,09:45:03,48948.8,48940.3,45,48948.8,105,45,1471620
BANKNIFTY-I.NFO,29/01/2025,09:45:05,48948.8,48937.2,30,48948.8,105,0,1471620
BANKNIFTY-I.NFO,29/01/2025,09:45:07,48940.8,48942.95,15,48948.8,15,90,1471620
BANKNIFTY-I.NFO,29/01/2025,09:45:08,48948.95,48944.85,15,48950,345,15,1471620
BANKNIFTY-I.NFO,29/01/2025,09:45:10,48948.95,48947.4,15,48949.9,30,0,1471620
BANKNIFTY-I.NFO,29/01/2025,09:45:12,48950,48949.35,105,48955,30,375,1471620
BANKNIFTY-I.NFO,29/01/2025,09:45:13,48948.05,48947.8,15,48955,105,90,1471620
BANKNIFTY-I.NFO,29/01/2025,09:45:15,48955,48948.7,30,48958.95,45,150,1471620
BANKNIFTY-I.NFO,29/01/2025,09:45:17,48958.95,48947.2,15,48962.6,120,30,1471620
BANKNIFTY-I.NFO,29/01/2025,09:45:18,48958.95,48947,60,48959.95,120,0,1471620
BANKNIFTY-I.NFO,29/01/2025,09:45:20,48948.35,48948.3,15,48962.85,120,240,1471620
BANKNIFTY-I.NFO,29/01/2025,09:45:22,48948.35,48950.7,90,48963,15,0,1471620
BANKNIFTY-I.NFO,29/01/2025,09:45:23,48948.35,48953.9,30,48963,15,0,1471620
BANKNIFTY-I.NFO,29/01/2025,09:45:25,48960.4,48957.05,150,48963,30,210,1471620
BANKNIFTY-I.NFO,29/01/2025,09:45:27,48957.8,48959.05,30,48963,30,15,1471620
BANKNIFTY-I.NFO,29/01/2025,09:45:28,48959.05,48957.85,30,48959.05,15,15,1471620
BANKNIFTY-I.NFO,29/01/2025,09:45:30,48959.05,48956.25,30,48959.05,150,30,1471620
BANKNIFTY-I.NFO,29/01/2025,09:45:32,48959.05,48950,15,48958.95,30,0,1471620
BANKNIFTY-I.NFO,29/01/2025,09:45:33,48959.05,48950,15,48953.7,30,0,1471620
BANKNIFTY-I.NFO,29/01/2025,09:45:35,48953.7,48950.6,15,48953.65,15,75,1471620
BANKNIFTY-I.NFO,29/01/2025,09:45:37,48953.7,48951.55,15,48953.65,60,0,1471620
BANKNIFTY-I.NFO,29/01/2025,09:45:38,48953.35,48953.05,495,48953.65,15,135,1471620
BANKNIFTY-I.NFO,29/01/2025,09:45:40,48953.65,48956.85,15,48963,30,15,1471620
BANKNIFTY-I.NFO,29/01/2025,09:45:41,48953.65,48953,15,48962.65,120,0,1471620
BANKNIFTY-I.NFO,29/01/2025,09:45:43,48953.65,48953,15,48962.5,120,0,1471620
BANKNIFTY-I.NFO,29/01/2025,09:45:45,48953.65,48953,15,48957.2,120,0,1471620
BANKNIFTY-I.NFO,29/01/2025,09:45:46,48930,48931.35,15,48944.55,120,360,1471620
BANKNIFTY-I.NFO,29/01/2025,09:45:48,48931.8,48926.3,15,48933.1,15,45,1471620
BANKNIFTY-I.NFO,29/01/2025,09:45:50,48933.1,48933.5,60,48948.6,120,105,1471620
BANKNIFTY-I.NFO,29/01/2025,09:45:51,48933.1,48934.9,15,48947.6,120,0,1471620
BANKNIFTY-I.NFO,29/01/2025,09:45:53,48946.35,48933.75,30,48946.35,120,45,1471620
BANKNIFTY-I.NFO,29/01/2025,09:45:54,48946.35,48932.1,15,48945.7,120,0,1471620
BANKNIFTY-I.NFO,29/01/2025,09:45:56,48946.35,48933.25,15,48949.25,120,0,1471620
BANKNIFTY-I.NFO,29/01/2025,09:45:58,48929.8,48929.5,45,48942.3,150,15,1471620
BANKNIFTY-I.NFO,29/01/2025,09:45:59,48942.3,48929.15,75,48942.15,120,15,1471620
BANKNIFTY-I.NFO,29/01/2025,09:46:01,48920.3,48922.85,15,48930,15,390,1471620
BANKNIFTY-I.NFO,29/01/2025,09:46:03,48927.8,48926.5,15,48937.6,30,105,1471620
BANKNIFTY-I.NFO,29/01/2025,09:46:04,48930,48927,15,48937.55,120,45,1471620
BANKNIFTY-I.NFO,29/01/2025,09:46:06,48920,48916.4,45,48920,15,60,1471620
BANKNIFTY-I.NFO,29/01/2025,09:46:08,48935.8,48919.95,15,48934.8,105,240,1471620
BANKNIFTY-I.NFO,29/01/2025,09:46:09,48935.8,48917.9,120,48932,105,0,1471620
BANKNIFTY-I.NFO,29/01/2025,09:46:11,48942.35,48921.25,45,48935.05,90,15,1468005
BANKNIFTY-I.NFO,29/01/2025,09:46:13,48921.25,48921.4,45,48934.9,90,45,1468005
BANKNIFTY-I.NFO,29/01/2025,09:46:15,48927.25,48926.05,120,48934.9,60,60,1468005
BANKNIFTY-I.NFO,29/01/2025,09:46:16,48924.15,48923.35,255,48924.5,15,15,1468005
BANKNIFTY-I.NFO,29/01/2025,09:46:18,48924.1,48923.9,45,48924.5,30,195,1468005
BANKNIFTY-I.NFO,29/01/2025,09:46:19,48924.5,48924.3,30,48935.8,15,165,1468005
BANKNIFTY-I.NFO,29/01/2025,09:46:21,48934.8,48921.7,15,48934.8,30,30,1468005
BANKNIFTY-I.NFO,29/01/2025,09:46:23,48934.8,48925.65,45,48934.8,15,0,1468005
BANKNIFTY-I.NFO,29/01/2025,09:46:24,48924.5,48924.6,30,48934.8,15,15,1468005
BANKNIFTY-I.NFO,29/01/2025,09:46:26,48924.5,48925.85,15,48934.8,30,0,1468005
BANKNIFTY-I.NFO,29/01/2025,09:46:28,48924.5,48926.5,30,48934.8,105,0,1468005
BANKNIFTY-I.NFO,29/01/2025,09:46:29,48924.5,48922.4,105,48934.55,15,0,1468005
BANKNIFTY-I.NFO,29/01/2025,09:46:31,48924.5,48921.55,15,48924.5,150,30,1468005
BANKNIFTY-I.NFO,29/01/2025,09:46:33,48921.55,48920,15,48924.45,15,15,1468005
BANKNIFTY-I.NFO,29/01/2025,09:46:34,48915.7,48917.15,15,48924.45,30,30,1468005
BANKNIFTY-I.NFO,29/01/2025,09:46:36,48915.7,48910.2,15,48923.7,150,0,1468005
BANKNIFTY-I.NFO,29/01/2025,09:46:38,48912.75,48913.9,30,48923.5,15,270,1468005
BANKNIFTY-I.NFO,29/01/2025,09:46:39,48915.05,48914.35,30,48917.1,30,45,1468005
BANKNIFTY-I.NFO,29/01/2025,09:46:41,48912.5,48912.25,15,48915.7,15,15,1468005
BANKNIFTY-I.NFO,29/01/2025,09:46:43,48909.1,48908.2,15,48915.65,15,315,1468005
BANKNIFTY-I.NFO,29/01/2025,09:46:44,48915.7,48906.35,30,48908,15,75,1468005
BANKNIFTY-I.NFO,29/01/2025,09:46:46,48904.4,48905,120,48908,75,195,1468005
BANKNIFTY-I.NFO,29/01/2025,09:46:48,48910.7,48909.2,30,48917.1,15,105,1468005
BANKNIFTY-I.NFO,29/01/2025,09:46:49,48911.35,48910.5,15,48917.1,15,45,1468005
BANKNIFTY-I.NFO,29/01/2025,09:46:51,48924.5,48913.35,15,48919.1,30,210,1468005
BANKNIFTY-I.NFO,29/01/2025,09:46:53,48916.2,48918,45,48924.5,45,45,1468005
BANKNIFTY-I.NFO,29/01/2025,09:46:54,48918.1,48915.85,45,48924.5,60,30,1468005
BANKNIFTY-I.NFO,29/01/2025,09:46:56,48918.1,48913.65,15,48924.5,60,0,1468005
BANKNIFTY-I.NFO,29/01/2025,09:46:58,48918.1,48916.4,15,48924.5,150,0,1468005
BANKNIFTY-I.NFO,29/01/2025,09:46:59,48916.4,48920.1,15,48924.5,135,15,1468005
BANKNIFTY-I.NFO,29/01/2025,09:47:01,48915.75,48917.45,15,48924.5,150,75,1468005
BANKNIFTY-I.NFO,29/01/2025,09:47:03,48916.55,48917,45,48924.5,150,15,1468005
BANKNIFTY-I.NFO,29/01/2025,09:47:04,48915,48916.45,30,48924.5,75,150,1468005
BANKNIFTY-I.NFO,29/01/2025,09:47:06,48916.85,48917.6,15,48924.5,60,15,1468005
BANKNIFTY-I.NFO,29/01/2025,09:47:08,48916.85,48920.6,45,48924.5,75,0,1468005
BANKNIFTY-I.NFO,29/01/2025,09:47:09,48918.35,48917.7,15,48924.5,90,45,1468005
BANKNIFTY-I.NFO,29/01/2025,09:47:11,48918.35,48916.4,15,48924.5,180,0,1468005
BANKNIFTY-I.NFO,29/01/2025,09:47:13,48918.15,48917.95,75,48924.5,150,45,1468005
BANKNIFTY-I.NFO,29/01/2025,09:47:14,48924.5,48916.2,15,48924.5,135,15,1468005
BANKNIFTY-I.NFO,29/01/2025,09:47:16,48924.5,48917.8,15,48924.5,135,0,1468005
BANKNIFTY-I.NFO,29/01/2025,09:47:17,48924.5,48922,90,48924.5,120,15,1468005
BANKNIFTY-I.NFO,29/01/2025,09:47:19,48924.5,48924.35,75,48933,15,135,1468005
BANKNIFTY-I.NFO,29/01/2025,09:47:21,48925,48925.05,15,48933,30,30,1468005
BANKNIFTY-I.NFO,29/01/2025,09:47:22,48925.1,48924.7,90,48933,60,15,1468005
BANKNIFTY-I.NFO,29/01/2025,09:47:24,48933,48924.4,60,48933,45,15,1468005
BANKNIFTY-I.NFO,29/01/2025,09:47:26,48920,48920,30,48924,510,15,1468005
BANKNIFTY-I.NFO,29/01/2025,09:47:27,48920,48920,30,48924,510,0,1468005
BANKNIFTY-I.NFO,29/01/2025,09:47:29,48920,48912.55,15,48924,585,30,1468005
BANKNIFTY-I.NFO,29/01/2025,09:47:31,48920,48920,15,48924,585,0,1468005
BANKNIFTY-I.NFO,29/01/2025,09:47:32,48924,48923.15,30,48924,555,105,1468005
BANKNIFTY-I.NFO,29/01/2025,09:47:34,48924,48921.8,90,48923.95,15,315,1468005
BANKNIFTY-I.NFO,29/01/2025,09:47:36,48921.15,48917.7,15,48923.95,15,270,1468005
BANKNIFTY-I.NFO,29/01/2025,09:47:37,48923.8,48921.55,75,48923.95,15,360,1468005
BANKNIFTY-I.NFO,29/01/2025,09:47:39,48921.75,48922.95,15,48923.95,15,30,1468005
BANKNIFTY-I.NFO,29/01/2025,09:47:41,48923.95,48923.65,15,48923.95,15,75,1468005
BANKNIFTY-I.NFO,29/01/2025,09:47:42,48927,48926.75,75,48935,120,45,1468005
BANKNIFTY-I.NFO,29/01/2025,09:47:44,48935,48935.2,15,48935.8,15,120,1468005
BANKNIFTY-I.NFO,29/01/2025,09:47:46,48935.8,48932.9,45,48945,60,15,1468005
BANKNIFTY-I.NFO,29/01/2025,09:47:47,48932.6,48932.55,30,48944.95,120,195,1468005
BANKNIFTY-I.NFO,29/01/2025,09:47:49,48920.5,48920.1,15,48924,495,75,1468005
BANKNIFTY-I.NFO,29/01/2025,09:47:51,48924.05,48927.2,15,48943.65,135,570,1468005
BANKNIFTY-I.NFO,29/01/2025,09:47:52,48924.05,48925.45,75,48941.15,165,0,1468005
BANKNIFTY-I.NFO,29/01/2025,09:47:54,48941.05,48930.15,15,48945,15,390,1468005
BANKNIFTY-I.NFO,29/01/2025,09:47:55,48941.05,48928.1,15,48944.3,45,0,1468005
BANKNIFTY-I.NFO,29/01/2025,09:47:57,48941.05,48929.75,15,48944.3,105,0,1468005
BANKNIFTY-I.NFO,29/01/2025,09:47:59,48944.45,48926.75,30,48943.95,90,375,1468005
BANKNIFTY-I.NFO,29/01/2025,09:48:00,48941.35,48924.55,30,48941.35,15,570,1468005
BANKNIFTY-I.NFO,29/01/2025,09:48:02,48939.95,48925.15,30,48940,15,780,1468005
BANKNIFTY-I.NFO,29/01/2025,09:48:04,48921.6,48921.6,15,48936.6,315,390,1468005
BANKNIFTY-I.NFO,29/01/2025,09:48:05,48934,48920.35,30,48934.9,30,105,1468005
BANKNIFTY-I.NFO,29/01/2025,09:48:07,48920.35,48916.4,30,48920.35,15,405,1468005
BANKNIFTY-I.NFO,29/01/2025,09:48:09,48926,48913.05,120,48928.25,105,60,1468005
BANKNIFTY-I.NFO,29/01/2025,09:48:10,48926,48911.55,120,48927.4,45,0,1468005
BANKNIFTY-I.NFO,29/01/2025,09:48:12,48901.5,48901,15,48901.5,15,30,1468005
BANKNIFTY-I.NFO,29/01/2025,09:48:14,48900.95,48890,15,48892.9,30,510,1468005
BANKNIFTY-I.NFO,29/01/2025,09:48:15,48892,48892.55,15,48901,90,120,1468005
BANKNIFTY-I.NFO,29/01/2025,09:48:17,48892.55,48892,15,48901,90,105,1468005
BANKNIFTY-I.NFO,29/01/2025,09:48:19,48892.15,48895.05,15,48900,15,30,1468005
BANKNIFTY-I.NFO,29/01/2025,09:48:20,48890.4,48893.3,45,48899.95,90,315,1468005
BANKNIFTY-I.NFO,29/01/2025,09:48:22,48893.65,48892,15,48899.9,15,135,1468005
BANKNIFTY-I.NFO,29/01/2025,09:48:24,48892,48888,15,48899.85,150,30,1468005
BANKNIFTY-I.NFO,29/01/2025,09:48:25,48892,48890.15,75,48899.65,15,0,1468005
BANKNIFTY-I.NFO,29/01/2025,09:48:27,48894.2,48891.15,90,48899.65,135,15,1468005
BANKNIFTY-I.NFO,29/01/2025,09:48:29,48892.15,48893.45,15,48899.95,45,210,1468005
BANKNIFTY-I.NFO,29/01/2025,09:48:30,48892.8,48898.35,15,48899.95,30,75,1468005
BANKNIFTY-I.NFO,29/01/2025,09:48:32,48899.95,48896.95,75,48899.95,15,75,1468005
BANKNIFTY-I.NFO,29/01/2025,09:48:34,48898.5,48897.85,15,48899.95,15,15,1468005
BANKNIFTY-I.NFO,29/01/2025,09:48:35,48898.5,48896.1,15,48899.95,15,0,1468005
BANKNIFTY-I.NFO,29/01/2025,09:48:37,48898.5,48896.9,30,48899.95,30,30,1468005
BANKNIFTY-I.NFO,29/01/2025,09:48:39,48895.25,48893.2,30,48904,15,705,1468005
BANKNIFTY-I.NFO,29/01/2025,09:48:40,48904,48898,30,48904,75,45,1468005
BANKNIFTY-I.NFO,29/01/2025,09:48:42,48904,48902.1,30,48913.8,75,0,1468005
BANKNIFTY-I.NFO,29/01/2025,09:48:44,48900.45,48900.95,105,48917.7,150,15,1468005
BANKNIFTY-I.NFO,29/01/2025,09:48:45,48900.45,48899.05,45,48916.25,300,0,1468005
BANKNIFTY-I.NFO,29/01/2025,09:48:47,48900.45,48899,15,48914.85,150,0,1468005
BANKNIFTY-I.NFO,29/01/2025,09:48:49,48899.2,48898.55,225,48915.65,180,75,1468005
BANKNIFTY-I.NFO,29/01/2025,09:48:50,48891.05,48890,15,48891.05,15,45,1468005
BANKNIFTY-I.NFO,29/01/2025,09:48:52,48888,48885,75,48887,15,30,1468005
BANKNIFTY-I.NFO,29/01/2025,09:48:54,48871,48871,15,48880.8,30,405,1468005
BANKNIFTY-I.NFO,29/01/2025,09:48:55,48876.1,48878.15,15,48880.8,135,90,1468005
BANKNIFTY-I.NFO,29/01/2025,09:48:57,48885,48885.4,30,48887,15,165,1468005
BANKNIFTY-I.NFO,29/01/2025,09:48:59,48885.95,48886.9,45,48900,15,45,1468005
BANKNIFTY-I.NFO,29/01/2025,09:49:00,48886.45,48887.25,15,48900,45,30,1468005
BANKNIFTY-I.NFO,29/01/2025,09:49:02,48886.45,48893.25,15,48900,60,0,1468005
BANKNIFTY-I.NFO,29/01/2025,09:49:04,48886.45,48892.55,30,48900,60,0,1468005
BANKNIFTY-I.NFO,29/01/2025,09:49:05,48893.8,48895.7,15,48900,45,60,1468005
BANKNIFTY-I.NFO,29/01/2025,09:49:07,48897.6,48897.4,45,48914.2,120,165,1468005
BANKNIFTY-I.NFO,29/01/2025,09:49:08,48897.4,48903.45,15,48920.15,150,45,1468005
BANKNIFTY-I.NFO,29/01/2025,09:49:10,48903.3,48903.05,30,48919.8,120,900,1466805
BANKNIFTY-I.NFO,29/01/2025,09:49:12,48905.15,48909.5,15,48919.8,75,975,1466805
BANKNIFTY-I.NFO,29/01/2025,09:49:13,48905.15,48907.8,30,48919.8,15,0,1466805
BANKNIFTY-I.NFO,29/01/2025,09:49:15,48907.75,48906.55,15,48919.75,30,30,1466805
BANKNIFTY-I.NFO,29/01/2025,09:49:17,48907.3,48904.6,75,48919.7,120,120,1466805
BANKNIFTY-I.NFO,29/01/2025,09:49:18,48906.75,48907.4,30,48919.65,30,15,1466805
BANKNIFTY-I.NFO,29/01/2025,09:49:20,48907.8,48913.25,165,48919.6,30,15,1466805
BANKNIFTY-I.NFO,29/01/2025,09:49:22,48907.8,48918.55,75,48919.55,30,0,1466805
BANKNIFTY-I.NFO,29/01/2025,09:49:23,48920,48917.15,30,48919.55,90,90,1466805
BANKNIFTY-I.NFO,29/01/2025,09:49:25,48919.55,48918.15,15,48924,1695,135,1466805
BANKNIFTY-I.NFO,29/01/2025,09:49:27,48919.55,48919.2,30,48924,1710,0,1466805
BANKNIFTY-I.NFO,29/01/2025,09:49:28,48919.55,48921.4,15,48924,1710,0,1466805
BANKNIFTY-I.NFO,29/01/2025,09:49:30,48926.95,48926.1,15,48929.95,30,1785,1466805
BANKNIFTY-I.NFO,29/01/2025,09:49:32,48929.95,48922.2,30,48929.95,15,45,1466805
BANKNIFTY-I.NFO,29/01/2025,09:49:33,48919,48918.85,15,48925.05,15,60,1466805
BANKNIFTY-I.NFO,29/01/2025,09:49:35,48925.05,48923.35,30,48929.95,15,15,1466805
BANKNIFTY-I.NFO,29/01/2025,09:49:37,48922.55,48922.4,15,48929.95,15,15,1466805
BANKNIFTY-I.NFO,29/01/2025,09:49:38,48922.05,48922.05,15,48929.95,90,30,1466805
BANKNIFTY-I.NFO,29/01/2025,09:49:40,48929.95,48920,15,48929.9,120,30,1466805
BANKNIFTY-I.NFO,29/01/2025,09:49:42,48929.95,48923.6,30,48929.9,75,0,1466805
BANKNIFTY-I.NFO,29/01/2025,09:49:43,48929.95,48923.1,15,48929.9,75,0,1466805
BANKNIFTY-I.NFO,29/01/2025,09:49:45,48930,48920,15,48920.8,75,165,1466805
BANKNIFTY-I.NFO,29/01/2025,09:49:47,48923.1,48922.95,15,48930,45,90,1466805
BANKNIFTY-I.NFO,29/01/2025,09:49:48,48918.2,48912.25,15,48926.85,120,30,1466805
BANKNIFTY-I.NFO,29/01/2025,09:49:50,48924.65,48910.3,15,48924.65,120,15,1466805
BANKNIFTY-I.NFO,29/01/2025,09:49:52,48911.45,48911.85,15,48926.15,120,45,1466805
BANKNIFTY-I.NFO,29/01/2025,09:49:53,48911.45,48910.6,30,48922,15,0,1466805
BANKNIFTY-I.NFO,29/01/2025,09:49:55,48907.8,48903.55,30,48910.25,30,15,1466805
BANKNIFTY-I.NFO,29/01/2025,09:49:57,48915,48903.4,45,48910.25,60,60,1466805
BANKNIFTY-I.NFO,29/01/2025,09:49:58,48915,48906.05,30,48910.25,60,0,1466805
BANKNIFTY-I.NFO,29/01/2025,09:50:00,48911.15,48910.25,15,48918.95,60,225,1466805
BANKNIFTY-I.NFO,29/01/2025,09:50:02,48911.35,48910.8,15,48919,15,120,1466805
BANKNIFTY-I.NFO,29/01/2025,09:50:03,48911.35,48903.7,30,48918.25,150,0,1466805
BANKNIFTY-I.NFO,29/01/2025,09:50:05,48911.35,48901.1,15,48914.65,120,0,1466805
BANKNIFTY-I.NFO,29/01/2025,09:50:07,48910.55,48898.85,15,48913.5,120,15,1466805
BANKNIFTY-I.NFO,29/01/2025,09:50:08,48910.55,48897.9,45,48913.3,120,0,1466805
BANKNIFTY-I.NFO,29/01/2025,09:50:10,48910.55,48895.45,15,48910.6,150,0,1466805
BANKNIFTY-I.NFO,29/01/2025,09:50:12,48910.55,48896.9,15,48909.95,120,0,1466805
BANKNIFTY-I.NFO,29/01/2025,09:50:13,48896.95,48899.4,15,48910,15,75,1466805
BANKNIFTY-I.NFO,29/01/2025,09:50:15,48896.9,48895.8,15,48909.95,120,90,1466805
BANKNIFTY-I.NFO,29/01/2025,09:50:17,48896.9,48896.65,15,48909.95,120,0,1466805
BANKNIFTY-I.NFO,29/01/2025,09:50:18,48897.2,48896.2,30,48908.65,120,75,1466805
BANKNIFTY-I.NFO,29/01/2025,09:50:20,48896.2,48895,15,48907.5,120,30,1466805
BANKNIFTY-I.NFO,29/01/2025,09:50:22,48896.2,48895,15,48907.5,15,0,1466805
BANKNIFTY-I.NFO,29/01/2025,09:50:23,48903.55,48905.1,45,48907.5,105,30,1466805
BANKNIFTY-I.NFO,29/01/2025,09:50:25,48910,48909.05,15,48919,15,120,1466805
BANKNIFTY-I.NFO,29/01/2025,09:50:27,48910,48907.3,30,48919,15,0,1466805
BANKNIFTY-I.NFO,29/01/2025,09:50:28,48910,48904.2,15,48918.25,120,0,1466805
BANKNIFTY-I.NFO,29/01/2025,09:50:30,48910,48904.75,15,48918.95,120,0,1466805
BANKNIFTY-I.NFO,29/01/2025,09:50:32,48904.4,48904.6,15,48910,45,60,1466805
BANKNIFTY-I.NFO,29/01/2025,09:50:33,48904.4,48903.5,15,48910,45,0,1466805
BANKNIFTY-I.NFO,29/01/2025,09:50:35,48903.3,48903.8,15,48910,45,15,1466805
BANKNIFTY-I.NFO,29/01/2025,09:50:37,48910,48910,75,48912.6,30,45,1466805
BANKNIFTY-I.NFO,29/01/2025,09:50:38,48912.6,48910,75,48912.55,30,30,1466805
BANKNIFTY-I.NFO,29/01/2025,09:50:40,48910,48910,30,48912.55,75,75,1466805
BANKNIFTY-I.NFO,29/01/2025,09:50:42,48900.5,48896.95,15,48909.35,120,60,1466805
BANKNIFTY-I.NFO,29/01/2025,09:50:43,48900.5,48905,15,48909.35,90,0,1466805
BANKNIFTY-I.NFO,29/01/2025,09:50:45,48905,48901,15,48901.3,15,15,1466805
