Ticker,Date,Time,LTP,BuyPrice,BuyQty,SellPrice,SellQty,LTQ,OpenInterest
BANKNIFTY-II.NFO,20/02/2025,09:15:01,49680,49714.6,90,49767.6,120,540,920040
BANKNIFTY-II.NFO,20/02/2025,09:15:01,49724.1,49714.6,90,49767.6,120,0,920040
BANKNIFTY-II.NFO,20/02/2025,09:15:01,49750,49714.6,90,49767.6,120,0,920040
BANKNIFTY-II.NFO,20/02/2025,09:15:01,49680,49714.6,90,49767.6,120,0,920040
BANKNIFTY-II.NFO,20/02/2025,09:15:03,49722.65,49701,30,49724.6,120,150,920040
BANKNIFTY-II.NFO,20/02/2025,09:15:04,49705.2,49701,30,49727.8,120,120,920040
BANKNIFTY-II.NFO,20/02/2025,09:15:06,49725.65,49702.05,30,49727.3,120,120,920040
BANKNIFTY-II.NFO,20/02/2025,09:15:07,49731.2,49707.55,60,49735.65,120,30,920040
BANKNIFTY-II.NFO,20/02/2025,09:15:09,49739.95,49715.85,30,49739.95,120,480,920040
BANKNIFTY-II.NFO,20/02/2025,09:15:10,49740,49732.05,90,49762.2,120,150,920040
BANKNIFTY-II.NFO,20/02/2025,09:15:12,49755.25,49748.15,120,49769.95,90,90,920040
BANKNIFTY-II.NFO,20/02/2025,09:15:12,49758.2,49748.15,120,49769.95,90,0,920040
BANKNIFTY-II.NFO,20/02/2025,09:15:13,49731.35,49737.15,120,49758.15,90,60,920040
BANKNIFTY-II.NFO,20/02/2025,09:15:13,49769.95,49737.15,120,49758.15,90,0,920040
BANKNIFTY-II.NFO,20/02/2025,09:15:15,49758.2,49741.5,120,49768.9,30,90,920040
BANKNIFTY-II.NFO,20/02/2025,09:15:16,49769.95,49750.4,120,49769.95,60,120,920040
BANKNIFTY-II.NFO,20/02/2025,09:15:18,49760.45,49761.4,150,49769.6,30,90,920040
BANKNIFTY-II.NFO,20/02/2025,09:15:20,49770,49764.45,120,49769.45,30,300,920040
BANKNIFTY-II.NFO,20/02/2025,09:15:20,49770,49764.45,120,49769.45,30,0,920040
BANKNIFTY-II.NFO,20/02/2025,09:15:21,49770,49776.7,30,49799.4,120,240,920040
BANKNIFTY-II.NFO,20/02/2025,09:15:23,49775.1,49775.05,30,49795.45,120,120,920040
BANKNIFTY-II.NFO,20/02/2025,09:15:23,49799.4,49775.05,30,49795.45,120,0,920040
BANKNIFTY-II.NFO,20/02/2025,09:15:24,49795.15,49770.05,30,49795.4,120,690,920040
BANKNIFTY-II.NFO,20/02/2025,09:15:26,49795.15,49774.05,30,49797.55,120,30,920040
BANKNIFTY-II.NFO,20/02/2025,09:15:28,49797.85,49770.05,120,49793.05,90,180,920040
BANKNIFTY-II.NFO,20/02/2025,09:15:29,49797.85,49770,30,49782.15,90,0,920040
BANKNIFTY-II.NFO,20/02/2025,09:15:31,49770,49765.55,30,49774.2,60,60,920040
BANKNIFTY-II.NFO,20/02/2025,09:15:33,49751.5,49751.5,120,49776.25,120,390,920040
BANKNIFTY-II.NFO,20/02/2025,09:15:34,49772.1,49760.7,30,49771.6,30,180,920040
BANKNIFTY-II.NFO,20/02/2025,09:15:36,49778.7,49769.95,30,49779.4,30,930,920040
BANKNIFTY-II.NFO,20/02/2025,09:15:37,49778.7,49769.95,30,49782.3,30,0,920040
BANKNIFTY-II.NFO,20/02/2025,09:15:39,49778.7,49772.1,30,49778.05,30,0,920040
BANKNIFTY-II.NFO,20/02/2025,09:15:41,49776.85,49776.3,120,49799.35,30,30,920040
BANKNIFTY-II.NFO,20/02/2025,09:15:42,49776.85,49792,120,49798.55,30,0,920040
BANKNIFTY-II.NFO,20/02/2025,09:15:44,49798.4,49792.8,120,49798.45,30,60,920040
BANKNIFTY-II.NFO,20/02/2025,09:15:45,49800,49806.1,150,49828.3,30,120,920040
BANKNIFTY-II.NFO,20/02/2025,09:15:45,49800,49806.1,150,49828.3,30,0,920040
BANKNIFTY-II.NFO,20/02/2025,09:15:47,49800,49814.45,120,49838,30,0,920040
BANKNIFTY-II.NFO,20/02/2025,09:15:49,49800,49812.6,150,49835.7,30,0,920040
BANKNIFTY-II.NFO,20/02/2025,09:15:50,49800,49813.2,120,49836.05,30,0,920040
BANKNIFTY-II.NFO,20/02/2025,09:15:52,49800,49833.7,150,49835.05,30,0,920040
BANKNIFTY-II.NFO,20/02/2025,09:15:54,49833.7,49833.7,120,49839.8,30,30,920040
BANKNIFTY-II.NFO,20/02/2025,09:15:54,49833.7,49833.7,120,49839.8,30,0,920040
BANKNIFTY-II.NFO,20/02/2025,09:15:55,49833.7,49833.75,120,49838,30,60,920820
BANKNIFTY-II.NFO,20/02/2025,09:15:57,49833.7,49833.75,120,49836.6,30,30,920820
BANKNIFTY-II.NFO,20/02/2025,09:15:59,49840,49833.75,120,49850,210,60,920820
BANKNIFTY-II.NFO,20/02/2025,09:15:59,49840,49833.75,120,49850,210,0,920820
BANKNIFTY-II.NFO,20/02/2025,09:16:00,49849,49833.7,30,49844.7,30,60,920820
BANKNIFTY-II.NFO,20/02/2025,09:16:00,49849.65,49833.7,30,49844.7,30,0,920820
BANKNIFTY-II.NFO,20/02/2025,09:16:02,49840,49833.7,30,49847.65,30,90,920820
BANKNIFTY-II.NFO,20/02/2025,09:16:03,49840,49833.7,30,49841.05,30,0,920820
BANKNIFTY-II.NFO,20/02/2025,09:16:05,49833.7,49812.8,150,49833.7,30,30,920820
BANKNIFTY-II.NFO,20/02/2025,09:16:07,49833.7,49820.25,120,49841.3,180,30,920820
BANKNIFTY-II.NFO,20/02/2025,09:16:08,49833.7,49818.15,120,49833.7,30,0,920820
BANKNIFTY-II.NFO,20/02/2025,09:16:10,49831.7,49821.9,120,49833.75,900,30,920820
BANKNIFTY-II.NFO,20/02/2025,09:16:11,49831.7,49824.85,120,49832.55,30,0,920820
BANKNIFTY-II.NFO,20/02/2025,09:16:13,49831.7,49823.35,120,49830.05,30,0,920820
BANKNIFTY-II.NFO,20/02/2025,09:16:15,49831.7,49821.3,150,49828.7,30,0,920820
BANKNIFTY-II.NFO,20/02/2025,09:16:16,49831.7,49824.95,120,49827.15,30,0,920820
BANKNIFTY-II.NFO,20/02/2025,09:16:18,49833.65,49831.7,30,49832.05,30,60,920820
BANKNIFTY-II.NFO,20/02/2025,09:16:19,49831.7,49830.85,120,49831.65,30,30,920820
BANKNIFTY-II.NFO,20/02/2025,09:16:21,49833.75,49824,120,49832.9,30,300,920820
BANKNIFTY-II.NFO,20/02/2025,09:16:22,49833.75,49833.15,120,49843.85,30,690,920820
BANKNIFTY-II.NFO,20/02/2025,09:16:24,49844,49839.95,270,49848.9,30,120,920820
BANKNIFTY-II.NFO,20/02/2025,09:16:26,49847.2,49827.45,150,49849.95,60,60,920820
BANKNIFTY-II.NFO,20/02/2025,09:16:27,49847.2,49832.4,120,49849.95,60,0,920820
BANKNIFTY-II.NFO,20/02/2025,09:16:29,49847.2,49834.15,120,49850,240,0,920820
BANKNIFTY-II.NFO,20/02/2025,09:16:31,49849.95,49831.3,120,49849.95,30,30,920820
BANKNIFTY-II.NFO,20/02/2025,09:16:31,49849.95,49831.3,120,49849.95,30,0,920820
BANKNIFTY-II.NFO,20/02/2025,09:16:32,49849.95,49828.3,120,49849.95,60,0,920820
BANKNIFTY-II.NFO,20/02/2025,09:16:34,49849.9,49828.5,150,49849.95,60,30,920820
BANKNIFTY-II.NFO,20/02/2025,09:16:36,49842.05,49827.1,30,49845.3,30,60,920820
BANKNIFTY-II.NFO,20/02/2025,09:16:37,49845.65,49820.05,120,49844.45,60,90,920820
BANKNIFTY-II.NFO,20/02/2025,09:16:39,49843.45,49824.15,150,49845.1,120,30,920820
BANKNIFTY-II.NFO,20/02/2025,09:16:41,49845.05,49825.75,150,49847.95,30,30,920820
BANKNIFTY-II.NFO,20/02/2025,09:16:42,49847.75,49827.85,150,49849.25,30,30,920820
BANKNIFTY-II.NFO,20/02/2025,09:16:44,49847.75,49825.55,120,49847.5,60,0,920820
BANKNIFTY-II.NFO,20/02/2025,09:16:45,49845,49823.25,150,49844.9,30,30,920820
BANKNIFTY-II.NFO,20/02/2025,09:16:47,49844.95,49824.75,150,49843.45,900,30,920820
BANKNIFTY-II.NFO,20/02/2025,09:16:49,49822.9,49823.65,150,49842.05,60,60,920820
BANKNIFTY-II.NFO,20/02/2025,09:16:50,49820,49814.65,150,49837,30,90,920820
BANKNIFTY-II.NFO,20/02/2025,09:16:52,49833.5,49811.7,270,49833.85,30,60,920820
BANKNIFTY-II.NFO,20/02/2025,09:16:54,49804.8,49804.8,150,49826.15,30,90,920820
BANKNIFTY-II.NFO,20/02/2025,09:16:55,49804.8,49801.9,300,49823.4,30,0,920820
BANKNIFTY-II.NFO,20/02/2025,09:16:57,49826.9,49803.65,120,49825.55,30,150,920820
BANKNIFTY-II.NFO,20/02/2025,09:16:58,49826.9,49800.05,150,49820,900,0,920820
BANKNIFTY-II.NFO,20/02/2025,09:17:00,49800.35,49803.4,150,49819.95,30,30,920820
BANKNIFTY-II.NFO,20/02/2025,09:17:02,49800.35,49800,210,49811.4,60,0,920820
BANKNIFTY-II.NFO,20/02/2025,09:17:03,49800.35,49800,210,49803.05,30,0,920820
BANKNIFTY-II.NFO,20/02/2025,09:17:05,49800.35,49781,120,49804.75,30,240,920820
BANKNIFTY-II.NFO,20/02/2025,09:17:07,49800.35,49781.75,120,49803.25,30,0,920820
BANKNIFTY-II.NFO,20/02/2025,09:17:08,49800.35,49779.05,120,49800.4,30,0,920820
BANKNIFTY-II.NFO,20/02/2025,09:17:10,49800.35,49778.6,120,49798.55,60,0,920820
BANKNIFTY-II.NFO,20/02/2025,09:17:12,49800.35,49777.05,150,49797.8,30,0,920820
BANKNIFTY-II.NFO,20/02/2025,09:17:13,49789.65,49777,30,49787.75,30,30,920820
BANKNIFTY-II.NFO,20/02/2025,09:17:15,49789.65,49777.05,120,49785.8,30,0,920820
BANKNIFTY-II.NFO,20/02/2025,09:17:16,49777.05,49777,30,49783,30,60,920820
BANKNIFTY-II.NFO,20/02/2025,09:17:18,49777.05,49777,30,49780.2,30,0,920820
BANKNIFTY-II.NFO,20/02/2025,09:17:20,49771.65,49771.65,120,49778.2,30,60,920820
BANKNIFTY-II.NFO,20/02/2025,09:17:21,49771.65,49771.65,120,49775.2,30,0,920820
BANKNIFTY-II.NFO,20/02/2025,09:17:23,49771.65,49771.6,30,49773.3,30,0,920820
BANKNIFTY-II.NFO,20/02/2025,09:17:24,49771.95,49771.6,30,49784.35,90,30,920820
BANKNIFTY-II.NFO,20/02/2025,09:17:26,49771.95,49771.6,30,49775.75,30,0,920820
BANKNIFTY-II.NFO,20/02/2025,09:17:28,49771.95,49771.6,30,49773.5,30,0,920820
BANKNIFTY-II.NFO,20/02/2025,09:17:29,49771.6,49770,60,49778.55,30,30,920820
BANKNIFTY-II.NFO,20/02/2025,09:17:31,49771.6,49770,60,49776.4,30,0,920820
BANKNIFTY-II.NFO,20/02/2025,09:17:33,49773.75,49772.15,120,49780,30,30,920820
BANKNIFTY-II.NFO,20/02/2025,09:17:34,49774.9,49772.75,150,49787,30,60,920820
BANKNIFTY-II.NFO,20/02/2025,09:17:36,49774.9,49771.65,150,49785.25,30,0,920820
BANKNIFTY-II.NFO,20/02/2025,09:17:37,49774.9,49775.55,120,49782.1,30,0,920820
BANKNIFTY-II.NFO,20/02/2025,09:17:39,49774.9,49774.95,120,49785.65,30,0,920820
BANKNIFTY-II.NFO,20/02/2025,09:17:41,49774.9,49771.65,60,49782.55,30,90,920820
BANKNIFTY-II.NFO,20/02/2025,09:17:42,49774.9,49772.4,90,49784.5,30,0,920820
BANKNIFTY-II.NFO,20/02/2025,09:17:44,49774.9,49775.05,60,49781.75,30,0,920820
BANKNIFTY-II.NFO,20/02/2025,09:17:46,49774.9,49775.05,60,49783.3,30,0,920820
BANKNIFTY-II.NFO,20/02/2025,09:17:47,49770.3,49777.25,30,49786.35,30,900,920820
BANKNIFTY-II.NFO,20/02/2025,09:17:49,49770.3,49775.45,30,49788.4,30,0,920820
BANKNIFTY-II.NFO,20/02/2025,09:17:50,49790.2,49783.15,150,49799.2,30,30,920820
BANKNIFTY-II.NFO,20/02/2025,09:17:52,49799.95,49785.8,210,49799.95,30,60,920820
BANKNIFTY-II.NFO,20/02/2025,09:17:54,49799.95,49788.75,90,49800,60,0,920820
BANKNIFTY-II.NFO,20/02/2025,09:17:55,49799.95,49782.3,60,49800,60,0,920820
BANKNIFTY-II.NFO,20/02/2025,09:17:57,49799.95,49782.65,90,49799.95,120,0,920820
BANKNIFTY-II.NFO,20/02/2025,09:17:58,49799.95,49776.65,120,49796.15,120,30,920820
BANKNIFTY-II.NFO,20/02/2025,09:18:00,49799.95,49778.95,90,49799.45,120,0,920820
BANKNIFTY-II.NFO,20/02/2025,09:18:02,49799.95,49774.9,30,49790.4,120,0,920820
BANKNIFTY-II.NFO,20/02/2025,09:18:03,49799.95,49774.9,30,49789.4,120,0,920820
BANKNIFTY-II.NFO,20/02/2025,09:18:05,49799.95,49774.9,30,49790,120,0,920820
BANKNIFTY-II.NFO,20/02/2025,09:18:07,49799.95,49780,120,49790.05,120,0,920820
BANKNIFTY-II.NFO,20/02/2025,09:18:08,49799.95,49780.05,90,49785.4,30,0,920820
BANKNIFTY-II.NFO,20/02/2025,09:18:10,49799.95,49780,120,49783.8,30,0,920820
BANKNIFTY-II.NFO,20/02/2025,09:18:11,49780,49780,90,49786,30,30,920820
BANKNIFTY-II.NFO,20/02/2025,09:18:13,49780,49780.05,90,49789.3,30,0,920820
BANKNIFTY-II.NFO,20/02/2025,09:18:15,49780,49780.3,270,49791.6,30,0,920820
BANKNIFTY-II.NFO,20/02/2025,09:18:16,49780,49780,90,49789.7,30,0,920820
BANKNIFTY-II.NFO,20/02/2025,09:18:18,49780,49780,90,49787,30,0,920820
BANKNIFTY-II.NFO,20/02/2025,09:18:19,49780,49780.05,90,49791.35,30,0,920820
BANKNIFTY-II.NFO,20/02/2025,09:18:21,49780,49780,120,49788.3,150,0,920820
BANKNIFTY-II.NFO,20/02/2025,09:18:23,49780,49780,120,49781.65,30,0,920820
BANKNIFTY-II.NFO,20/02/2025,09:18:24,49780,49780,90,49780.75,30,30,920820
BANKNIFTY-II.NFO,20/02/2025,09:18:26,49780,49780,60,49789.4,30,30,920820
BANKNIFTY-II.NFO,20/02/2025,09:18:27,49780,49780,30,49783.15,30,30,920820
BANKNIFTY-II.NFO,20/02/2025,09:18:29,49780,49780,30,49780.7,30,0,920820
BANKNIFTY-II.NFO,20/02/2025,09:18:30,49780,49777,90,49783.1,150,30,920820
BANKNIFTY-II.NFO,20/02/2025,09:18:32,49780,49777,90,49780.15,150,0,920820
BANKNIFTY-II.NFO,20/02/2025,09:18:34,49777.7,49777,30,49780,30,120,920820
BANKNIFTY-II.NFO,20/02/2025,09:18:35,49777.7,49777,30,49780.55,30,0,920820
BANKNIFTY-II.NFO,20/02/2025,09:18:37,49777.7,49777,30,49777.75,30,0,920820
BANKNIFTY-II.NFO,20/02/2025,09:18:38,49780,49777,30,49781.6,30,30,920820
BANKNIFTY-II.NFO,20/02/2025,09:18:40,49779.6,49777,30,49779.35,60,30,920820
BANKNIFTY-II.NFO,20/02/2025,09:18:41,49778.3,49777.7,30,49778.95,30,30,920820
BANKNIFTY-II.NFO,20/02/2025,09:18:43,49778.3,49777.7,30,49778.95,30,0,920820
BANKNIFTY-II.NFO,20/02/2025,09:18:45,49777,49774.9,30,49778.05,30,60,920820
BANKNIFTY-II.NFO,20/02/2025,09:18:46,49777.15,49774.9,30,49779.05,30,60,920820
BANKNIFTY-II.NFO,20/02/2025,09:18:48,49777.15,49774.9,30,49776.55,30,0,920820
BANKNIFTY-II.NFO,20/02/2025,09:18:50,49777.15,49774.9,30,49779.75,30,0,920820
BANKNIFTY-II.NFO,20/02/2025,09:18:51,49777.15,49774.9,30,49780,30,0,920820
BANKNIFTY-II.NFO,20/02/2025,09:18:53,49777.15,49774.95,120,49780,30,0,920820
BANKNIFTY-II.NFO,20/02/2025,09:18:54,49777.15,49774.9,30,49780,30,0,920820
BANKNIFTY-II.NFO,20/02/2025,09:18:56,49777.15,49774.95,120,49780,30,0,920820
BANKNIFTY-II.NFO,20/02/2025,09:18:57,49780,49780,600,49785.8,30,30,921870
BANKNIFTY-II.NFO,20/02/2025,09:18:59,49780,49780,600,49787.45,30,0,921870
BANKNIFTY-II.NFO,20/02/2025,09:19:01,49774.9,49773,30,49777.05,30,660,921870
BANKNIFTY-II.NFO,20/02/2025,09:19:02,49773,49770,60,49773.25,30,30,921870
BANKNIFTY-II.NFO,20/02/2025,09:19:04,49773,49770,60,49773.1,30,0,921870
BANKNIFTY-II.NFO,20/02/2025,09:19:05,49769.6,49765.1,150,49771.3,30,150,921870
BANKNIFTY-II.NFO,20/02/2025,09:19:07,49769.6,49765.1,150,49770.95,30,0,921870
BANKNIFTY-II.NFO,20/02/2025,09:19:09,49769.6,49765.25,180,49778.25,30,0,921870
BANKNIFTY-II.NFO,20/02/2025,09:19:10,49769.6,49765.15,120,49779.05,30,0,921870
BANKNIFTY-II.NFO,20/02/2025,09:19:12,49769.6,49765.1,150,49774.45,30,0,921870
BANKNIFTY-II.NFO,20/02/2025,09:19:13,49776.3,49765.1,150,49774.8,30,30,921870
BANKNIFTY-II.NFO,20/02/2025,09:19:15,49774.1,49765.1,150,49774.65,30,30,921870
BANKNIFTY-II.NFO,20/02/2025,09:19:17,49774.1,49765.1,150,49775.5,30,0,921870
BANKNIFTY-II.NFO,20/02/2025,09:19:18,49774.1,49774.8,30,49779,60,0,921870
BANKNIFTY-II.NFO,20/02/2025,09:19:20,49774.1,49774.8,30,49785.2,30,0,921870
BANKNIFTY-II.NFO,20/02/2025,09:19:21,49774.1,49774.8,30,49780.2,30,0,921870
BANKNIFTY-II.NFO,20/02/2025,09:19:23,49774.8,49765.1,150,49775.45,30,30,921870
BANKNIFTY-II.NFO,20/02/2025,09:19:25,49765.1,49765.1,60,49772.7,60,90,921870
BANKNIFTY-II.NFO,20/02/2025,09:19:26,49773.55,49765.1,60,49774.8,30,60,921870
BANKNIFTY-II.NFO,20/02/2025,09:19:28,49773.55,49765.1,60,49774.8,30,0,921870
BANKNIFTY-II.NFO,20/02/2025,09:19:30,49765.1,49765.1,30,49771.85,60,30,921870
BANKNIFTY-II.NFO,20/02/2025,09:19:31,49765.1,49765,60,49770.9,60,270,921870
BANKNIFTY-II.NFO,20/02/2025,09:19:33,49771.6,49765,60,49771.7,60,30,921870
BANKNIFTY-II.NFO,20/02/2025,09:19:34,49771.6,49765,60,49772.8,30,0,921870
BANKNIFTY-II.NFO,20/02/2025,09:19:36,49765,49765,30,49769.75,30,30,921870
BANKNIFTY-II.NFO,20/02/2025,09:19:38,49765,49765,30,49769.05,30,0,921870
BANKNIFTY-II.NFO,20/02/2025,09:19:39,49765,49760,90,49767.7,30,30,921870
BANKNIFTY-II.NFO,20/02/2025,09:19:41,49765,49760,90,49765.8,30,0,921870
BANKNIFTY-II.NFO,20/02/2025,09:19:42,49765,49760.05,120,49773.4,30,0,921870
BANKNIFTY-II.NFO,20/02/2025,09:19:44,49765,49760.25,150,49778,30,0,921870
BANKNIFTY-II.NFO,20/02/2025,09:19:46,49765,49760,90,49768.8,30,0,921870
BANKNIFTY-II.NFO,20/02/2025,09:19:47,49765,49760,90,49765.55,30,30,921870
BANKNIFTY-II.NFO,20/02/2025,09:19:49,49766.3,49765,30,49766.75,30,30,921870
BANKNIFTY-II.NFO,20/02/2025,09:19:51,49766.3,49765,30,49768.2,30,0,921870
BANKNIFTY-II.NFO,20/02/2025,09:19:52,49764.7,49760,180,49763.45,30,60,921870
BANKNIFTY-II.NFO,20/02/2025,09:19:54,49760,49755,120,49759.35,30,210,921870
BANKNIFTY-II.NFO,20/02/2025,09:19:56,49760,49755,120,49758.2,30,0,921870
BANKNIFTY-II.NFO,20/02/2025,09:19:57,49760,49755,120,49758.15,30,0,921870
BANKNIFTY-II.NFO,20/02/2025,09:19:59,49760,49755,120,49757.35,30,0,921870
BANKNIFTY-II.NFO,20/02/2025,09:20:01,49760,49755,120,49757.3,30,120,921870
BANKNIFTY-II.NFO,20/02/2025,09:20:02,49755,49752,30,49754.4,30,120,921870
BANKNIFTY-II.NFO,20/02/2025,09:20:04,49755,49752,30,49753.7,30,0,921870
BANKNIFTY-II.NFO,20/02/2025,09:20:06,49752,49751,30,49756.9,30,30,921870
BANKNIFTY-II.NFO,20/02/2025,09:20:07,49752,49751,30,49754.4,60,0,921870
BANKNIFTY-II.NFO,20/02/2025,09:20:09,49752,49751,30,49755.95,30,0,921870
BANKNIFTY-II.NFO,20/02/2025,09:20:11,49751,49750,150,49751.05,30,30,921870
BANKNIFTY-II.NFO,20/02/2025,09:20:12,49750,49746,30,49752,30,150,921870
BANKNIFTY-II.NFO,20/02/2025,09:20:14,49746,49735.15,120,49746.15,30,30,921870
BANKNIFTY-II.NFO,20/02/2025,09:20:16,49735.1,49730,90,49732.95,30,30,921870
BANKNIFTY-II.NFO,20/02/2025,09:20:17,49730,49725,30,49727.05,30,150,921870
BANKNIFTY-II.NFO,20/02/2025,09:20:19,49725,49720,30,49731.9,30,30,921870
BANKNIFTY-II.NFO,20/02/2025,09:20:21,49720,49710,150,49719.1,30,30,921870
BANKNIFTY-II.NFO,20/02/2025,09:20:22,49715.4,49710,150,49714.65,30,30,921870
BANKNIFTY-II.NFO,20/02/2025,09:20:24,49711.8,49710,150,49714.05,30,30,921870
BANKNIFTY-II.NFO,20/02/2025,09:20:25,49711.8,49710,150,49711.3,30,0,921870
BANKNIFTY-II.NFO,20/02/2025,09:20:27,49710,49710,60,49717.2,30,90,921870
BANKNIFTY-II.NFO,20/02/2025,09:20:29,49710,49710,60,49715.4,30,0,921870
BANKNIFTY-II.NFO,20/02/2025,09:20:30,49719.2,49716.4,30,49722.65,30,60,921870
BANKNIFTY-II.NFO,20/02/2025,09:20:32,49722.45,49710.05,120,49725.7,30,30,921870
BANKNIFTY-II.NFO,20/02/2025,09:20:34,49722.45,49710,60,49717.7,30,0,921870
BANKNIFTY-II.NFO,20/02/2025,09:20:35,49722.45,49710,60,49720.7,30,0,921870
BANKNIFTY-II.NFO,20/02/2025,09:20:37,49722.45,49710,60,49720.85,30,0,921870
BANKNIFTY-II.NFO,20/02/2025,09:20:39,49722.45,49720.85,120,49730,30,0,921870
BANKNIFTY-II.NFO,20/02/2025,09:20:40,49722.45,49716.25,150,49730,30,0,921870
BANKNIFTY-II.NFO,20/02/2025,09:20:42,49722.45,49720,30,49724.4,30,0,921870
BANKNIFTY-II.NFO,20/02/2025,09:20:44,49730,49726.75,30,49733,30,60,921870
BANKNIFTY-II.NFO,20/02/2025,09:20:45,49730,49720.65,120,49733.3,30,0,921870
BANKNIFTY-II.NFO,20/02/2025,09:20:47,49730,49724.95,120,49734.4,30,0,921870
BANKNIFTY-II.NFO,20/02/2025,09:20:49,49730,49721.05,120,49734.05,30,0,921870
BANKNIFTY-II.NFO,20/02/2025,09:20:50,49730,49726.65,30,49734.05,30,0,921870
BANKNIFTY-II.NFO,20/02/2025,09:20:52,49738.5,49725.7,30,49736.9,30,30,921870
BANKNIFTY-II.NFO,20/02/2025,09:20:54,49738.5,49726.6,30,49734.6,30,0,921870
BANKNIFTY-II.NFO,20/02/2025,09:20:55,49738.5,49721.1,30,49729.6,30,0,921870
BANKNIFTY-II.NFO,20/02/2025,09:20:57,49721.1,49722,30,49731.6,30,60,921870
BANKNIFTY-II.NFO,20/02/2025,09:20:59,49721.1,49720,30,49731.45,30,0,921870
BANKNIFTY-II.NFO,20/02/2025,09:21:00,49731.9,49720,30,49726.2,30,90,921870
BANKNIFTY-II.NFO,20/02/2025,09:21:02,49726.3,49720,30,49721.5,30,60,921870
BANKNIFTY-II.NFO,20/02/2025,09:21:04,49711,49711.45,30,49716.1,60,210,921870
BANKNIFTY-II.NFO,20/02/2025,09:21:05,49705,49702,30,49703.75,60,180,921870
BANKNIFTY-II.NFO,20/02/2025,09:21:07,49705,49702,30,49702.7,30,0,921870
BANKNIFTY-II.NFO,20/02/2025,09:21:09,49701,49701.05,150,49712.8,30,150,921870
BANKNIFTY-II.NFO,20/02/2025,09:21:10,49701,49708.5,60,49719.3,30,0,921870
BANKNIFTY-II.NFO,20/02/2025,09:21:12,49719.6,49708.05,150,49720.25,30,60,921870
BANKNIFTY-II.NFO,20/02/2025,09:21:14,49719.6,49708,30,49710.95,30,0,921870
BANKNIFTY-II.NFO,20/02/2025,09:21:15,49719.6,49708,30,49711.25,30,0,921870
BANKNIFTY-II.NFO,20/02/2025,09:21:17,49719.6,49708,30,49711.4,30,0,921870
BANKNIFTY-II.NFO,20/02/2025,09:21:19,49719.6,49708,30,49711.65,30,0,921870
BANKNIFTY-II.NFO,20/02/2025,09:21:20,49719.6,49708,30,49709.85,30,0,921870
BANKNIFTY-II.NFO,20/02/2025,09:21:22,49719.6,49708,30,49710.95,60,0,921870
BANKNIFTY-II.NFO,20/02/2025,09:21:24,49710.65,49708,30,49714.85,90,30,921870
BANKNIFTY-II.NFO,20/02/2025,09:21:25,49710.65,49708,30,49710.95,30,0,921870
BANKNIFTY-II.NFO,20/02/2025,09:21:27,49710.65,49708,30,49710.1,30,30,921870
BANKNIFTY-II.NFO,20/02/2025,09:21:29,49710.65,49708,30,49708.25,30,0,921870
BANKNIFTY-II.NFO,20/02/2025,09:21:30,49708.05,49702,60,49707.1,60,60,921870
BANKNIFTY-II.NFO,20/02/2025,09:21:32,49702,49701,30,49705.65,30,60,921870
BANKNIFTY-II.NFO,20/02/2025,09:21:34,49701,49700,600,49707.55,30,60,921870
BANKNIFTY-II.NFO,20/02/2025,09:21:35,49700,49700,450,49701.35,30,150,921870
BANKNIFTY-II.NFO,20/02/2025,09:21:37,49700,49700,360,49701.95,30,90,921870
BANKNIFTY-II.NFO,20/02/2025,09:21:39,49700,49700,240,49705.1,60,120,921870
BANKNIFTY-II.NFO,20/02/2025,09:21:40,49695.1,49684.45,120,49698.6,30,600,921870
BANKNIFTY-II.NFO,20/02/2025,09:21:42,49690.35,49687.55,150,49698.75,30,120,921870
BANKNIFTY-II.NFO,20/02/2025,09:21:44,49688.35,49684.1,30,49696.05,30,150,921870
BANKNIFTY-II.NFO,20/02/2025,09:21:45,49681.05,49681.2,30,49695.1,180,180,921870
BANKNIFTY-II.NFO,20/02/2025,09:21:47,49696.6,49684.4,60,49693.35,30,150,921870
BANKNIFTY-II.NFO,20/02/2025,09:21:49,49689.1,49688.35,30,49698.25,30,60,922710
BANKNIFTY-II.NFO,20/02/2025,09:21:50,49687,49685.15,150,49697.65,30,60,922710
BANKNIFTY-II.NFO,20/02/2025,09:21:52,49682.5,49682.05,30,49688.3,30,180,922710
BANKNIFTY-II.NFO,20/02/2025,09:21:54,49686,49681,30,49685.8,30,60,922710
BANKNIFTY-II.NFO,20/02/2025,09:21:55,49680,49680,120,49684.5,30,240,922710
BANKNIFTY-II.NFO,20/02/2025,09:21:57,49680,49677.7,150,49685.9,30,180,922710
BANKNIFTY-II.NFO,20/02/2025,09:21:59,49679.95,49678.45,150,49685.85,30,180,922710
BANKNIFTY-II.NFO,20/02/2025,09:21:59,49679.5,49678.45,150,49685.85,30,0,922710
BANKNIFTY-II.NFO,20/02/2025,09:22:00,49679.95,49677.5,150,49686,30,1050,922710
BANKNIFTY-II.NFO,20/02/2025,09:22:00,49678.3,49677.5,150,49686,30,0,922710
BANKNIFTY-II.NFO,20/02/2025,09:22:02,49680,49675,150,49683.3,30,90,922710
BANKNIFTY-II.NFO,20/02/2025,09:22:04,49675,49675,90,49678.3,30,60,922710
BANKNIFTY-II.NFO,20/02/2025,09:22:04,49675,49675,90,49678.3,30,0,922710
BANKNIFTY-II.NFO,20/02/2025,09:22:05,49683.3,49677.65,150,49683.3,30,270,922710
BANKNIFTY-II.NFO,20/02/2025,09:22:07,49683.3,49681.1,60,49697.4,30,360,922710
BANKNIFTY-II.NFO,20/02/2025,09:22:09,49683.3,49688.75,90,49698.4,30,0,922710
BANKNIFTY-II.NFO,20/02/2025,09:22:10,49703.45,49696.05,90,49713.5,30,90,922710
BANKNIFTY-II.NFO,20/02/2025,09:22:12,49703.45,49691.15,150,49703.85,30,0,922710
BANKNIFTY-II.NFO,20/02/2025,09:22:14,49694.9,49695,150,49710.6,30,210,922710
BANKNIFTY-II.NFO,20/02/2025,09:22:15,49701.2,49702.5,30,49711.55,30,390,922710
BANKNIFTY-II.NFO,20/02/2025,09:22:17,49715.15,49699.2,180,49718.75,120,60,922710
BANKNIFTY-II.NFO,20/02/2025,09:22:19,49715.15,49696,30,49711.15,120,0,922710
BANKNIFTY-II.NFO,20/02/2025,09:22:20,49715.15,49698.1,150,49717.45,120,0,922710
BANKNIFTY-II.NFO,20/02/2025,09:22:22,49715.15,49698.65,180,49716.2,150,60,922710
BANKNIFTY-II.NFO,20/02/2025,09:22:24,49717.4,49700.15,30,49717.4,30,30,922710
BANKNIFTY-II.NFO,20/02/2025,09:22:25,49703.65,49703.6,30,49717.4,30,360,922710
BANKNIFTY-II.NFO,20/02/2025,09:22:27,49720,49702.75,150,49717.35,30,210,922710
BANKNIFTY-II.NFO,20/02/2025,09:22:29,49720,49703.85,150,49717.35,30,0,922710
BANKNIFTY-II.NFO,20/02/2025,09:22:30,49720,49708.65,150,49717.5,30,0,922710
BANKNIFTY-II.NFO,20/02/2025,09:22:32,49710.2,49708.4,60,49719.9,30,180,922710
BANKNIFTY-II.NFO,20/02/2025,09:22:34,49710.2,49703.9,180,49720.45,150,0,922710
BANKNIFTY-II.NFO,20/02/2025,09:22:35,49710.2,49710,30,49719.5,30,0,922710
BANKNIFTY-II.NFO,20/02/2025,09:22:37,49708,49708.95,180,49723.8,120,150,922710
BANKNIFTY-II.NFO,20/02/2025,09:22:39,49708,49711.45,60,49727.7,120,0,922710
BANKNIFTY-II.NFO,20/02/2025,09:22:40,49708,49714.4,180,49729.85,150,0,922710
BANKNIFTY-II.NFO,20/02/2025,09:22:42,49708,49715,150,49729.65,120,0,922710
BANKNIFTY-II.NFO,20/02/2025,09:22:44,49730.25,49719.55,60,49734.4,120,30,922710
BANKNIFTY-II.NFO,20/02/2025,09:22:45,49730.25,49722.25,30,49740.75,120,0,922710
BANKNIFTY-II.NFO,20/02/2025,09:22:47,49730.25,49721.65,30,49741.15,120,0,922710
BANKNIFTY-II.NFO,20/02/2025,09:22:49,49730.25,49720,30,49739.6,120,0,922710
BANKNIFTY-II.NFO,20/02/2025,09:22:50,49730.25,49720.45,30,49738.3,120,0,922710
BANKNIFTY-II.NFO,20/02/2025,09:22:52,49730.25,49719.3,60,49737.7,120,0,922710
BANKNIFTY-II.NFO,20/02/2025,09:22:54,49737.35,49718.15,90,49738.1,150,30,922710
BANKNIFTY-II.NFO,20/02/2025,09:22:55,49737.35,49715.3,90,49730.3,120,0,922710
BANKNIFTY-II.NFO,20/02/2025,09:22:57,49737.35,49713.15,60,49731.95,120,0,922710
BANKNIFTY-II.NFO,20/02/2025,09:22:59,49737.35,49709.55,60,49727.85,150,0,922710
BANKNIFTY-II.NFO,20/02/2025,09:23:00,49737.35,49710.3,90,49723.95,30,0,922710
BANKNIFTY-II.NFO,20/02/2025,09:23:02,49737.35,49720,30,49722.1,120,0,922710
BANKNIFTY-II.NFO,20/02/2025,09:23:03,49720,49710,30,49717.95,30,60,922710
BANKNIFTY-II.NFO,20/02/2025,09:23:05,49708,49708,60,49715.95,30,60,922710
BANKNIFTY-II.NFO,20/02/2025,09:23:07,49708,49708,60,49719.5,120,0,922710
BANKNIFTY-II.NFO,20/02/2025,09:23:09,49720.65,49702.8,120,49719.9,90,60,922710
BANKNIFTY-II.NFO,20/02/2025,09:23:10,49720.65,49700.05,120,49707.95,30,0,922710
BANKNIFTY-II.NFO,20/02/2025,09:23:12,49707.95,49700,540,49707.95,30,30,922710
BANKNIFTY-II.NFO,20/02/2025,09:23:14,49707.9,49700,540,49705.95,30,30,922710
BANKNIFTY-II.NFO,20/02/2025,09:23:15,49707.9,49700,540,49700.05,30,0,922710
BANKNIFTY-II.NFO,20/02/2025,09:23:20,49707.9,49700,570,49700.05,30,0,922710
BANKNIFTY-II.NFO,20/02/2025,09:23:25,49700.05,49700,570,49707.9,30,30,922710
BANKNIFTY-II.NFO,20/02/2025,09:23:27,49700.05,49700,570,49707.9,30,0,922710
BANKNIFTY-II.NFO,20/02/2025,09:23:29,49711.95,49700.05,120,49711.75,30,90,922710
BANKNIFTY-II.NFO,20/02/2025,09:23:30,49711.7,49700,570,49709.95,30,30,922710
BANKNIFTY-II.NFO,20/02/2025,09:23:32,49711.7,49700,570,49709.4,30,0,922710
BANKNIFTY-II.NFO,20/02/2025,09:23:34,49711.7,49700,570,49707.85,30,0,922710
BANKNIFTY-II.NFO,20/02/2025,09:23:35,49711.7,49700.05,30,49707.3,30,0,922710
BANKNIFTY-II.NFO,20/02/2025,09:23:37,49707.75,49700.05,30,49705.95,30,30,922710
BANKNIFTY-II.NFO,20/02/2025,09:23:38,49707.75,49700.1,120,49711.6,30,0,922710
BANKNIFTY-II.NFO,20/02/2025,09:23:40,49707.75,49700.1,150,49711.6,30,0,922710
BANKNIFTY-II.NFO,20/02/2025,09:23:42,49707.75,49700.15,150,49711.95,30,0,922710
BANKNIFTY-II.NFO,20/02/2025,09:23:43,49707.75,49700.15,120,49707.95,30,0,922710
BANKNIFTY-II.NFO,20/02/2025,09:23:45,49707.95,49703.35,120,49713.95,30,30,922710
BANKNIFTY-II.NFO,20/02/2025,09:23:47,49707.95,49701.05,120,49709.95,30,0,922710
BANKNIFTY-II.NFO,20/02/2025,09:23:48,49707.95,49700.65,150,49707.95,30,0,922710
BANKNIFTY-II.NFO,20/02/2025,09:23:50,49715.95,49706.55,210,49721.95,30,30,922710
BANKNIFTY-II.NFO,20/02/2025,09:23:52,49715.95,49706.55,210,49719.95,30,0,922710
BANKNIFTY-II.NFO,20/02/2025,09:23:53,49715.95,49703.35,150,49711.95,30,0,922710
BANKNIFTY-II.NFO,20/02/2025,09:23:55,49715.95,49701.05,120,49709.95,30,0,922710
BANKNIFTY-II.NFO,20/02/2025,09:24:00,49715.95,49701.35,150,49717.95,30,0,922710
BANKNIFTY-II.NFO,20/02/2025,09:24:02,49715.95,49700.05,30,49707.95,30,0,922710
BANKNIFTY-II.NFO,20/02/2025,09:24:03,49707.95,49700.05,30,49707.3,30,30,922710
BANKNIFTY-II.NFO,20/02/2025,09:24:05,49705.95,49700.05,30,49705.1,30,30,922710
BANKNIFTY-II.NFO,20/02/2025,09:24:07,49700,49690,30,49697.15,60,720,922710
BANKNIFTY-II.NFO,20/02/2025,09:24:08,49700,49690,30,49696.2,60,0,922710
BANKNIFTY-II.NFO,20/02/2025,09:24:10,49692.55,49690,30,49692.65,30,30,922710
BANKNIFTY-II.NFO,20/02/2025,09:24:12,49691.95,49690,30,49691.8,30,30,922710
BANKNIFTY-II.NFO,20/02/2025,09:24:13,49680.2,49675,120,49679.2,30,90,922710
BANKNIFTY-II.NFO,20/02/2025,09:24:15,49675,49670,60,49678.1,30,150,922710
BANKNIFTY-II.NFO,20/02/2025,09:24:17,49675,49670,60,49676.75,30,0,922710
BANKNIFTY-II.NFO,20/02/2025,09:24:18,49675,49670,60,49679.15,120,0,922710
BANKNIFTY-II.NFO,20/02/2025,09:24:20,49675,49670,60,49675.8,30,0,922710
BANKNIFTY-II.NFO,20/02/2025,09:24:22,49675,49670,60,49676.55,30,30,922710
BANKNIFTY-II.NFO,20/02/2025,09:24:23,49675,49670,60,49675,30,0,922710
BANKNIFTY-II.NFO,20/02/2025,09:24:25,49675,49670,60,49674.7,30,0,922710
BANKNIFTY-II.NFO,20/02/2025,09:24:27,49674.7,49670,30,49681.75,30,90,922710
BANKNIFTY-II.NFO,20/02/2025,09:24:27,49671.7,49670,30,49681.75,30,0,922710
BANKNIFTY-II.NFO,20/02/2025,09:24:28,49674.7,49670,90,49680.25,30,0,922710
BANKNIFTY-II.NFO,20/02/2025,09:24:30,49682.4,49673.4,150,49683.95,30,30,922710
BANKNIFTY-II.NFO,20/02/2025,09:24:32,49682.4,49672,30,49683.95,30,0,922710
BANKNIFTY-II.NFO,20/02/2025,09:24:33,49681.95,49675.05,150,49689.9,150,30,922710
BANKNIFTY-II.NFO,20/02/2025,09:24:35,49681.95,49675.45,150,49687.05,30,0,922710
BANKNIFTY-II.NFO,20/02/2025,09:24:37,49681.95,49672.6,30,49679.95,30,0,922710
BANKNIFTY-II.NFO,20/02/2025,09:24:38,49679.95,49670,90,49680.65,30,90,922710
BANKNIFTY-II.NFO,20/02/2025,09:24:40,49679.95,49670,90,49673.25,30,0,922710
BANKNIFTY-II.NFO,20/02/2025,09:24:42,49679.95,49670,90,49678.95,30,0,922710
BANKNIFTY-II.NFO,20/02/2025,09:24:43,49679.95,49670,90,49680.4,30,0,922710
BANKNIFTY-II.NFO,20/02/2025,09:24:45,49679.95,49670,390,49679.95,30,0,922710
BANKNIFTY-II.NFO,20/02/2025,09:24:47,49670,49670,330,49675.55,30,90,922710
BANKNIFTY-II.NFO,20/02/2025,09:24:47,49670,49670,330,49675.55,30,0,922710
BANKNIFTY-II.NFO,20/02/2025,09:24:48,49670,49670,300,49678.3,30,60,926190
BANKNIFTY-II.NFO,20/02/2025,09:24:50,49675.05,49670,300,49676.05,30,60,926190
BANKNIFTY-II.NFO,20/02/2025,09:24:52,49670,49670,270,49673.25,30,30,926190
BANKNIFTY-II.NFO,20/02/2025,09:24:53,49675.05,49670,270,49673.2,30,60,926190
BANKNIFTY-II.NFO,20/02/2025,09:24:55,49672.8,49670,270,49673.2,30,90,926190
BANKNIFTY-II.NFO,20/02/2025,09:24:57,49672.8,49670,270,49674.75,30,0,926190
BANKNIFTY-II.NFO,20/02/2025,09:24:58,49674.7,49670,270,49671.7,30,60,926190
BANKNIFTY-II.NFO,20/02/2025,09:25:00,49666,49666,60,49668.2,30,360,926190
BANKNIFTY-II.NFO,20/02/2025,09:25:00,49666,49666,60,49668.2,30,0,926190
BANKNIFTY-II.NFO,20/02/2025,09:25:02,49666,49666,60,49669.85,30,0,926190
BANKNIFTY-II.NFO,20/02/2025,09:25:03,49664.35,49661.55,150,49665.3,30,360,926190
BANKNIFTY-II.NFO,20/02/2025,09:25:03,49661.7,49661.55,150,49665.3,30,0,926190
BANKNIFTY-II.NFO,20/02/2025,09:25:05,49650,49650,420,49654.1,30,630,926190
BANKNIFTY-II.NFO,20/02/2025,09:25:05,49650,49650,420,49654.1,30,0,926190
BANKNIFTY-II.NFO,20/02/2025,09:25:07,49652.25,49650,270,49651,30,120,926190
BANKNIFTY-II.NFO,20/02/2025,09:25:08,49651.2,49646.3,150,49650.25,30,510,926190
BANKNIFTY-II.NFO,20/02/2025,09:25:08,49648.85,49646.3,150,49650.25,30,0,926190
BANKNIFTY-II.NFO,20/02/2025,09:25:10,49649.9,49646.4,150,49655.6,150,390,926190
BANKNIFTY-II.NFO,20/02/2025,09:25:10,49648.05,49646.4,150,49655.6,150,0,926190
BANKNIFTY-II.NFO,20/02/2025,09:25:12,49650.4,49650.6,300,49657.6,30,30,926190
BANKNIFTY-II.NFO,20/02/2025,09:25:13,49664.95,49650.4,30,49659,30,150,926190
BANKNIFTY-II.NFO,20/02/2025,09:25:15,49650.4,49650.55,30,49656.15,30,30,926190
BANKNIFTY-II.NFO,20/02/2025,09:25:17,49650.65,49650.55,30,49656.15,30,30,926190
BANKNIFTY-II.NFO,20/02/2025,09:25:18,49656.15,49653.25,120,49657.65,30,150,926190
BANKNIFTY-II.NFO,20/02/2025,09:25:20,49659.1,49655.8,150,49661.5,30,90,926190
BANKNIFTY-II.NFO,20/02/2025,09:25:22,49659.1,49653.95,150,49661.5,30,0,926190
BANKNIFTY-II.NFO,20/02/2025,09:25:23,49653.95,49649.15,300,49657.1,210,30,926190
BANKNIFTY-II.NFO,20/02/2025,09:25:25,49656.5,49647.4,150,49653.5,150,30,926190
BANKNIFTY-II.NFO,20/02/2025,09:25:27,49656.5,49647.6,300,49654.65,90,0,926190
BANKNIFTY-II.NFO,20/02/2025,09:25:28,49656.5,49648.35,150,49657.3,150,0,926190
BANKNIFTY-II.NFO,20/02/2025,09:25:30,49656.5,49651.15,300,49656.5,30,0,926190
BANKNIFTY-II.NFO,20/02/2025,09:25:32,49656.5,49650.25,150,49656.5,30,0,926190
BANKNIFTY-II.NFO,20/02/2025,09:25:33,49656.5,49651.1,150,49660.5,150,30,926190
BANKNIFTY-II.NFO,20/02/2025,09:25:35,49655.35,49654.45,300,49665,30,30,926190
BANKNIFTY-II.NFO,20/02/2025,09:25:37,49650.5,49650.35,60,49655.1,150,30,926190
BANKNIFTY-II.NFO,20/02/2025,09:25:38,49650.5,49650.1,30,49656.65,150,90,926190
BANKNIFTY-II.NFO,20/02/2025,09:25:40,49650.5,49650.1,30,49654.5,30,0,926190
BANKNIFTY-II.NFO,20/02/2025,09:25:42,49651.6,49647.6,30,49652.4,210,840,926190
BANKNIFTY-II.NFO,20/02/2025,09:25:43,49653.5,49652.75,60,49659.75,90,870,926190
BANKNIFTY-II.NFO,20/02/2025,09:25:45,49653.5,49648.55,90,49652.05,150,0,926190
BANKNIFTY-II.NFO,20/02/2025,09:25:47,49653.5,49647,300,49651.9,90,0,926190
BANKNIFTY-II.NFO,20/02/2025,09:25:48,49655.85,49651,30,49655.65,60,30,926190
BANKNIFTY-II.NFO,20/02/2025,09:25:50,49654.75,49653.5,30,49654.2,30,30,926190
BANKNIFTY-II.NFO,20/02/2025,09:25:52,49651,49650,30,49652.15,150,60,926190
BANKNIFTY-II.NFO,20/02/2025,09:25:53,49651.3,49645,30,49649.55,150,90,926190
BANKNIFTY-II.NFO,20/02/2025,09:25:55,49650.85,49645.9,60,49651,210,210,926190
BANKNIFTY-II.NFO,20/02/2025,09:25:57,49651,49650,30,49652.55,210,90,926190
BANKNIFTY-II.NFO,20/02/2025,09:25:57,49646.4,49650,30,49652.55,210,0,926190
BANKNIFTY-II.NFO,20/02/2025,09:25:58,49651,49650,30,49651.45,210,0,926190
BANKNIFTY-II.NFO,20/02/2025,09:26:00,49650,49645,30,49646.15,210,60,926190
BANKNIFTY-II.NFO,20/02/2025,09:26:02,49641,49637.15,30,49645.65,210,90,926190
BANKNIFTY-II.NFO,20/02/2025,09:26:02,49641,49637.15,30,49645.65,210,0,926190
BANKNIFTY-II.NFO,20/02/2025,09:26:03,49636.9,49637.3,90,49644.1,30,570,926190
BANKNIFTY-II.NFO,20/02/2025,09:26:03,49636.75,49637.3,90,49644.1,30,0,926190
BANKNIFTY-II.NFO,20/02/2025,09:26:05,49640,49640.3,300,49646.1,210,150,926190
BANKNIFTY-II.NFO,20/02/2025,09:26:06,49644,49639,150,49646.15,30,60,926190
BANKNIFTY-II.NFO,20/02/2025,09:26:08,49630,49630.05,30,49639.1,150,360,926190
BANKNIFTY-II.NFO,20/02/2025,09:26:08,49630,49630.05,30,49639.1,150,0,926190
BANKNIFTY-II.NFO,20/02/2025,09:26:10,49635.9,49630,30,49635.2,180,150,926190
BANKNIFTY-II.NFO,20/02/2025,09:26:11,49630,49626.2,30,49633.85,300,60,926190
BANKNIFTY-II.NFO,20/02/2025,09:26:13,49634.4,49627.05,150,49635.55,240,120,926190
BANKNIFTY-II.NFO,20/02/2025,09:26:13,49626.25,49627.05,150,49635.55,240,0,926190
BANKNIFTY-II.NFO,20/02/2025,09:26:15,49630,49630,30,49635.5,30,120,926190
BANKNIFTY-II.NFO,20/02/2025,09:26:16,49635.45,49631.3,150,49635.5,30,120,926190
BANKNIFTY-II.NFO,20/02/2025,09:26:18,49628.4,49625,90,49628.85,210,60,926190
BANKNIFTY-II.NFO,20/02/2025,09:26:20,49628.4,49625,90,49625.65,180,0,926190
BANKNIFTY-II.NFO,20/02/2025,09:26:21,49626.35,49625.25,120,49632.85,30,90,926190
BANKNIFTY-II.NFO,20/02/2025,09:26:21,49626.1,49625.25,120,49632.85,30,0,926190
BANKNIFTY-II.NFO,20/02/2025,09:26:23,49635.45,49627.4,30,49632.85,30,240,926190
BANKNIFTY-II.NFO,20/02/2025,09:26:23,49626.05,49627.4,30,49632.85,30,0,926190
BANKNIFTY-II.NFO,20/02/2025,09:26:25,49627.35,49625.7,30,49632.45,210,30,926190
BANKNIFTY-II.NFO,20/02/2025,09:26:26,49626.8,49625.7,30,49633,30,30,926190
BANKNIFTY-II.NFO,20/02/2025,09:26:28,49628,49628.45,120,49638.35,30,90,926190
BANKNIFTY-II.NFO,20/02/2025,09:26:30,49640,49634.9,120,49643.05,30,240,926190
BANKNIFTY-II.NFO,20/02/2025,09:26:31,49640,49634.7,120,49643.05,30,0,926190
BANKNIFTY-II.NFO,20/02/2025,09:26:33,49638.8,49634.75,120,49643.05,30,150,926190
BANKNIFTY-II.NFO,20/02/2025,09:26:34,49635.55,49635.2,60,49641,90,30,926190
BANKNIFTY-II.NFO,20/02/2025,09:26:36,49635.2,49628.45,240,49638.6,210,60,926190
BANKNIFTY-II.NFO,20/02/2025,09:26:38,49635.2,49625.35,30,49633.05,30,30,926190
BANKNIFTY-II.NFO,20/02/2025,09:26:39,49625,49625.05,300,49633.7,30,60,926190
BANKNIFTY-II.NFO,20/02/2025,09:26:39,49625,49625.05,300,49633.7,30,0,926190
BANKNIFTY-II.NFO,20/02/2025,09:26:41,49633.05,49625.6,150,49633.6,210,60,926190
BANKNIFTY-II.NFO,20/02/2025,09:26:43,49633.05,49626.6,150,49633.7,30,0,926190
BANKNIFTY-II.NFO,20/02/2025,09:26:44,49633.7,49630.25,30,49638.1,210,90,926190
BANKNIFTY-II.NFO,20/02/2025,09:26:46,49633.7,49626.95,300,49636.7,300,0,926190
BANKNIFTY-II.NFO,20/02/2025,09:26:48,49633.65,49633.05,30,49634.35,210,120,926190
BANKNIFTY-II.NFO,20/02/2025,09:26:49,49638.65,49633.05,30,49636.9,120,90,926190
BANKNIFTY-II.NFO,20/02/2025,09:26:51,49638.65,49633.05,30,49634.65,210,0,926190
BANKNIFTY-II.NFO,20/02/2025,09:26:53,49638.65,49633.05,30,49634.8,210,0,926190
BANKNIFTY-II.NFO,20/02/2025,09:26:54,49638.65,49637.5,30,49642.85,30,0,926190
BANKNIFTY-II.NFO,20/02/2025,09:26:56,49638.65,49637.2,60,49643.05,30,0,926190
BANKNIFTY-II.NFO,20/02/2025,09:26:58,49643.05,49640.4,240,49649.6,30,60,926190
BANKNIFTY-II.NFO,20/02/2025,09:26:59,49649.6,49647.15,240,49657.5,210,210,926190
BANKNIFTY-II.NFO,20/02/2025,09:27:01,49648.15,49647.25,210,49658.1,30,30,926190
BANKNIFTY-II.NFO,20/02/2025,09:27:03,49644.05,49638.8,30,49647.6,30,60,926190
BANKNIFTY-II.NFO,20/02/2025,09:27:04,49648.15,49639.55,150,49648.05,150,90,926190
BANKNIFTY-II.NFO,20/02/2025,09:27:06,49649.6,49648.15,30,49652.6,150,90,926190
BANKNIFTY-II.NFO,20/02/2025,09:27:08,49643.05,49644.55,300,49648.15,30,60,926190
BANKNIFTY-II.NFO,20/02/2025,09:27:09,49643.05,49647.6,30,49648.15,30,0,926190
BANKNIFTY-II.NFO,20/02/2025,09:27:11,49647.6,49643.05,30,49648.15,30,30,926190
BANKNIFTY-II.NFO,20/02/2025,09:27:13,49648.15,49643.05,30,49650.7,150,30,926190
BANKNIFTY-II.NFO,20/02/2025,09:27:14,49643.05,49650,690,49650.7,120,60,926190
BANKNIFTY-II.NFO,20/02/2025,09:27:16,49643.05,49650,690,49654.25,120,0,926190
BANKNIFTY-II.NFO,20/02/2025,09:27:18,49650,49650,660,49650.25,420,30,926190
BANKNIFTY-II.NFO,20/02/2025,09:27:19,49650,49643,30,49645.6,120,1350,926190
BANKNIFTY-II.NFO,20/02/2025,09:27:21,49643,49640,180,49643.2,150,30,926190
BANKNIFTY-II.NFO,20/02/2025,09:27:23,49638.65,49631,30,49638.1,150,270,926190
BANKNIFTY-II.NFO,20/02/2025,09:27:24,49639.15,49631,30,49635.85,30,30,926190
BANKNIFTY-II.NFO,20/02/2025,09:27:26,49631,49630,90,49635.7,30,30,926190
BANKNIFTY-II.NFO,20/02/2025,09:27:28,49631,49631.4,150,49637.95,30,0,926190
BANKNIFTY-II.NFO,20/02/2025,09:27:29,49630.15,49631.4,30,49638.9,30,210,926190
BANKNIFTY-II.NFO,20/02/2025,09:27:31,49635.15,49638.3,300,49647.4,30,30,926190
BANKNIFTY-II.NFO,20/02/2025,09:27:33,49635.15,49634.85,30,49640.15,150,0,926190
BANKNIFTY-II.NFO,20/02/2025,09:27:34,49638.9,49633.65,30,49640.4,150,30,926190
BANKNIFTY-II.NFO,20/02/2025,09:27:36,49638.9,49633.9,300,49642.85,30,0,926190
BANKNIFTY-II.NFO,20/02/2025,09:27:38,49636.35,49636.3,150,49642.8,30,30,926190
BANKNIFTY-II.NFO,20/02/2025,09:27:39,49636.35,49637.05,30,49642.75,30,0,926190
BANKNIFTY-II.NFO,20/02/2025,09:27:41,49636.35,49638.85,210,49642.75,30,0,926190
BANKNIFTY-II.NFO,20/02/2025,09:27:43,49642.75,49638.75,240,49642.7,30,30,926190
BANKNIFTY-II.NFO,20/02/2025,09:27:44,49642.7,49639.4,210,49642.7,30,30,926190
BANKNIFTY-II.NFO,20/02/2025,09:27:46,49642.7,49643.7,210,49652.95,30,30,926190
BANKNIFTY-II.NFO,20/02/2025,09:27:48,49643,49645.8,60,49653.15,30,150,926190
BANKNIFTY-II.NFO,20/02/2025,09:27:49,49643,49652.9,90,49661.45,30,0,926190
BANKNIFTY-II.NFO,20/02/2025,09:27:51,49652.95,49653.1,30,49665.1,30,30,929250
BANKNIFTY-II.NFO,20/02/2025,09:27:53,49653.95,49661.25,30,49672.6,120,30,929250
BANKNIFTY-II.NFO,20/02/2025,09:27:54,49653.95,49665.05,30,49672.85,30,0,929250
BANKNIFTY-II.NFO,20/02/2025,09:27:56,49673.25,49663.15,30,49674.15,30,210,929250
BANKNIFTY-II.NFO,20/02/2025,09:27:58,49673.25,49655.35,30,49669.1,240,0,929250
BANKNIFTY-II.NFO,20/02/2025,09:27:59,49671.8,49659.1,30,49669.55,150,30,929250
BANKNIFTY-II.NFO,20/02/2025,09:28:01,49665.1,49652.95,30,49662.85,240,120,929250
BANKNIFTY-II.NFO,20/02/2025,09:28:03,49665.1,49652.95,30,49659.7,30,0,929250
BANKNIFTY-II.NFO,20/02/2025,09:28:04,49650,49640.75,300,49650.4,240,120,929250
BANKNIFTY-II.NFO,20/02/2025,09:28:06,49650,49645.25,30,49651.35,30,0,929250
BANKNIFTY-II.NFO,20/02/2025,09:28:08,49650,49651,30,49651.35,30,0,929250
BANKNIFTY-II.NFO,20/02/2025,09:28:09,49651.35,49655.15,300,49661.4,30,420,929250
BANKNIFTY-II.NFO,20/02/2025,09:28:11,49651.35,49652.35,30,49663.75,30,0,929250
BANKNIFTY-II.NFO,20/02/2025,09:28:13,49651.35,49654.65,300,49665.9,90,0,929250
BANKNIFTY-II.NFO,20/02/2025,09:28:14,49651.35,49651.35,30,49661.95,30,0,929250
BANKNIFTY-II.NFO,20/02/2025,09:28:16,49655,49651.35,30,49660.4,60,60,929250
BANKNIFTY-II.NFO,20/02/2025,09:28:18,49655,49652.1,150,49663.4,240,0,929250
BANKNIFTY-II.NFO,20/02/2025,09:28:19,49655,49656.75,30,49665.7,30,0,929250
BANKNIFTY-II.NFO,20/02/2025,09:28:21,49655,49656.7,300,49665.25,30,0,929250
BANKNIFTY-II.NFO,20/02/2025,09:28:23,49656.7,49659.05,300,49662.65,30,30,929250
BANKNIFTY-II.NFO,20/02/2025,09:28:24,49656.7,49658.45,300,49664.7,30,0,929250
BANKNIFTY-II.NFO,20/02/2025,09:28:26,49659.25,49662.3,300,49665.85,300,60,929250
BANKNIFTY-II.NFO,20/02/2025,09:28:28,49659.25,49664.65,300,49668.05,30,0,929250
BANKNIFTY-II.NFO,20/02/2025,09:28:29,49659.25,49659.6,300,49665,300,0,929250
BANKNIFTY-II.NFO,20/02/2025,09:28:31,49659.25,49655.5,120,49662.6,30,0,929250
BANKNIFTY-II.NFO,20/02/2025,09:28:33,49659.25,49656.9,300,49659.75,300,0,929250
BANKNIFTY-II.NFO,20/02/2025,09:28:34,49659.25,49657,300,49660.05,300,0,929250
BANKNIFTY-II.NFO,20/02/2025,09:28:36,49659.25,49652.05,300,49659.95,30,0,929250
BANKNIFTY-II.NFO,20/02/2025,09:28:38,49659.25,49651.35,30,49655.5,30,0,929250
BANKNIFTY-II.NFO,20/02/2025,09:28:39,49651.35,49650.2,30,49653.85,90,150,929250
BANKNIFTY-II.NFO,20/02/2025,09:28:41,49643.4,49644.1,300,49648.1,240,90,929250
BANKNIFTY-II.NFO,20/02/2025,09:28:43,49643.4,49642.95,300,49653,30,0,929250
BANKNIFTY-II.NFO,20/02/2025,09:28:44,49643.4,49642,30,49649.5,240,0,929250
BANKNIFTY-II.NFO,20/02/2025,09:28:46,49642,49639.55,330,49647.35,330,30,929250
BANKNIFTY-II.NFO,20/02/2025,09:28:48,49638.9,49638.35,120,49645,30,60,929250
BANKNIFTY-II.NFO,20/02/2025,09:28:49,49636.95,49635,150,49644.75,30,90,929250
BANKNIFTY-II.NFO,20/02/2025,09:28:51,49641.3,49645.2,300,49657.15,30,120,929250
BANKNIFTY-II.NFO,20/02/2025,09:28:53,49641.3,49647.8,300,49651.45,30,0,929250
BANKNIFTY-II.NFO,20/02/2025,09:28:54,49641.3,49646.3,30,49651.05,30,0,929250
BANKNIFTY-II.NFO,20/02/2025,09:28:56,49641.3,49640.25,150,49649.95,30,0,929250
BANKNIFTY-II.NFO,20/02/2025,09:28:58,49641.3,49640,120,49646.35,30,0,929250
BANKNIFTY-II.NFO,20/02/2025,09:28:59,49641.3,49640,120,49646.55,30,0,929250
BANKNIFTY-II.NFO,20/02/2025,09:29:01,49641.3,49640,120,49645.15,30,0,929250
BANKNIFTY-II.NFO,20/02/2025,09:29:03,49640,49640,90,49644.1,210,90,929250
BANKNIFTY-II.NFO,20/02/2025,09:29:04,49640,49640.1,150,49642.3,30,0,929250
BANKNIFTY-II.NFO,20/02/2025,09:29:06,49645.05,49640,120,49642.75,30,60,929250
BANKNIFTY-II.NFO,20/02/2025,09:29:08,49642.05,49642.25,60,49642.35,30,120,929250
BANKNIFTY-II.NFO,20/02/2025,09:29:09,49642.25,49640,60,49641.5,30,60,929250
BANKNIFTY-II.NFO,20/02/2025,09:29:11,49639.7,49637.05,300,49638.15,180,120,929250
BANKNIFTY-II.NFO,20/02/2025,09:29:13,49637.35,49633,30,49638,30,270,929250
BANKNIFTY-II.NFO,20/02/2025,09:29:14,49631,49630,150,49633.15,30,60,929250
BANKNIFTY-II.NFO,20/02/2025,09:29:16,49630,49625,330,49633.95,30,210,929250
BANKNIFTY-II.NFO,20/02/2025,09:29:18,49619,49618,30,49622.3,30,540,929250
BANKNIFTY-II.NFO,20/02/2025,09:29:18,49619,49618,30,49622.3,30,0,929250
BANKNIFTY-II.NFO,20/02/2025,09:29:19,49615.45,49615.55,150,49625.95,60,60,929250
BANKNIFTY-II.NFO,20/02/2025,09:29:19,49615.45,49615.55,150,49625.95,60,0,929250
BANKNIFTY-II.NFO,20/02/2025,09:29:21,49624.55,49618.8,300,49623.8,30,60,929250
BANKNIFTY-II.NFO,20/02/2025,09:29:23,49623.8,49621.05,300,49623.8,30,90,929250
BANKNIFTY-II.NFO,20/02/2025,09:29:24,49623.8,49621.05,300,49623.75,30,120,929250
BANKNIFTY-II.NFO,20/02/2025,09:29:26,49626.05,49626.05,180,49634.15,30,60,929250
BANKNIFTY-II.NFO,20/02/2025,09:29:28,49625.15,49629.4,150,49634.85,90,30,929250
BANKNIFTY-II.NFO,20/02/2025,09:29:29,49629.3,49628.1,30,49634.8,30,30,929250
BANKNIFTY-II.NFO,20/02/2025,09:29:31,49634.8,49631.35,300,49634.85,90,30,929250
BANKNIFTY-II.NFO,20/02/2025,09:29:33,49630,49630.95,300,49634.85,90,30,929250
BANKNIFTY-II.NFO,20/02/2025,09:29:34,49634.8,49628.85,300,49634.85,90,90,929250
BANKNIFTY-II.NFO,20/02/2025,09:29:36,49630.15,49628.35,150,49634.85,90,30,929250
BANKNIFTY-II.NFO,20/02/2025,09:29:38,49630.15,49628.7,300,49634.85,90,0,929250
BANKNIFTY-II.NFO,20/02/2025,09:29:39,49636.05,49630.25,60,49636.05,30,150,929250
BANKNIFTY-II.NFO,20/02/2025,09:29:41,49636.05,49636.25,300,49645.7,30,0,929250
BANKNIFTY-II.NFO,20/02/2025,09:29:43,49636.05,49640.35,300,49646.8,30,0,929250
BANKNIFTY-II.NFO,20/02/2025,09:29:44,49648.55,49647.05,60,49650.95,30,390,929250
BANKNIFTY-II.NFO,20/02/2025,09:29:46,49643.95,49641.1,300,49648.55,30,90,929250
BANKNIFTY-II.NFO,20/02/2025,09:29:48,49648.55,49644.7,300,49648.55,30,150,929250
BANKNIFTY-II.NFO,20/02/2025,09:29:49,49648.55,49640.55,60,49647.75,270,0,929250
BANKNIFTY-II.NFO,20/02/2025,09:29:51,49638.5,49636.2,60,49643.95,30,360,929250
BANKNIFTY-II.NFO,20/02/2025,09:29:53,49636.5,49640,210,49650.45,30,60,929250
BANKNIFTY-II.NFO,20/02/2025,09:29:54,49642.2,49640.9,60,49650.5,30,30,929250
BANKNIFTY-II.NFO,20/02/2025,09:29:56,49655.4,49655.4,30,49667.95,60,630,929250
BANKNIFTY-II.NFO,20/02/2025,09:29:58,49646.85,49643.6,300,49653.95,30,180,929250
BANKNIFTY-II.NFO,20/02/2025,09:29:59,49646.85,49648.35,300,49656.4,30,0,929250
BANKNIFTY-II.NFO,20/02/2025,09:30:01,49649.05,49649,60,49650.8,30,120,929250
BANKNIFTY-II.NFO,20/02/2025,09:30:03,49650,49642.2,300,49650.8,30,120,929250
BANKNIFTY-II.NFO,20/02/2025,09:30:04,49644.1,49645.2,60,49650,30,210,929250
BANKNIFTY-II.NFO,20/02/2025,09:30:06,49650,49648.25,60,49653.9,30,60,929250
BANKNIFTY-II.NFO,20/02/2025,09:30:08,49650,49648.25,60,49653.9,60,0,929250
BANKNIFTY-II.NFO,20/02/2025,09:30:09,49650,49646.65,60,49653.9,60,0,929250
BANKNIFTY-II.NFO,20/02/2025,09:30:11,49650,49651.4,60,49653.9,60,0,929250
BANKNIFTY-II.NFO,20/02/2025,09:30:13,49650.95,49651.15,30,49653.9,30,30,929250
BANKNIFTY-II.NFO,20/02/2025,09:30:14,49651.5,49651.6,150,49658.6,30,60,929250
BANKNIFTY-II.NFO,20/02/2025,09:30:16,49658.6,49657.1,60,49668.65,30,120,929250
BANKNIFTY-II.NFO,20/02/2025,09:30:18,49657.1,49659.5,60,49671.2,30,30,929250
BANKNIFTY-II.NFO,20/02/2025,09:30:19,49657.1,49665.15,60,49671.15,30,0,929250
BANKNIFTY-II.NFO,20/02/2025,09:30:21,49663.95,49664.75,300,49671.15,30,60,929250
BANKNIFTY-II.NFO,20/02/2025,09:30:23,49666.95,49656.7,360,49669.95,30,30,929250
BANKNIFTY-II.NFO,20/02/2025,09:30:24,49669.8,49655.1,60,49667.95,30,60,929250
BANKNIFTY-II.NFO,20/02/2025,09:30:26,49663.95,49652.45,60,49663.15,240,30,929250
BANKNIFTY-II.NFO,20/02/2025,09:30:28,49662.8,49649.5,150,49660.35,270,60,929250
BANKNIFTY-II.NFO,20/02/2025,09:30:29,49659.4,49649.15,300,49659.25,90,120,929250
BANKNIFTY-II.NFO,20/02/2025,09:30:31,49659.6,49661.6,30,49662.4,30,30,929250
BANKNIFTY-II.NFO,20/02/2025,09:30:33,49658.75,49649.8,60,49658.35,90,90,929250
BANKNIFTY-II.NFO,20/02/2025,09:30:34,49658.75,49650.2,60,49658.75,30,0,929250
BANKNIFTY-II.NFO,20/02/2025,09:30:36,49650.55,49648.75,60,49656.15,30,60,929250
BANKNIFTY-II.NFO,20/02/2025,09:30:38,49650.55,49648.75,60,49657.5,30,0,929250
BANKNIFTY-II.NFO,20/02/2025,09:30:39,49650.55,49651.45,300,49659.25,30,0,929250
BANKNIFTY-II.NFO,20/02/2025,09:30:41,49650.55,49648.95,150,49659.05,90,0,929250
BANKNIFTY-II.NFO,20/02/2025,09:30:43,49650.55,49650.85,300,49659.1,30,0,929250
BANKNIFTY-II.NFO,20/02/2025,09:30:44,49653.4,49652.7,300,49658.95,30,210,929250
BANKNIFTY-II.NFO,20/02/2025,09:30:46,49653.4,49653.9,60,49659.25,30,0,929250
BANKNIFTY-II.NFO,20/02/2025,09:30:48,49659.25,49660.35,300,49668.2,30,60,929250
BANKNIFTY-II.NFO,20/02/2025,09:30:49,49659.25,49663.1,60,49668.55,30,0,929250
BANKNIFTY-II.NFO,20/02/2025,09:30:51,49659.25,49664,60,49668.5,30,0,929250
BANKNIFTY-II.NFO,20/02/2025,09:30:53,49659.25,49657,30,49666.75,30,0,929250
BANKNIFTY-II.NFO,20/02/2025,09:30:54,49659.25,49659.25,300,49666,30,0,929250
BANKNIFTY-II.NFO,20/02/2025,09:30:56,49668.45,49658.05,60,49666.7,30,60,933120
BANKNIFTY-II.NFO,20/02/2025,09:30:58,49668.45,49660.15,60,49666.25,30,0,933120
BANKNIFTY-II.NFO,20/02/2025,09:30:59,49668.45,49660.9,30,49666.45,30,0,933120
BANKNIFTY-II.NFO,20/02/2025,09:31:01,49661.35,49664.35,300,49668.45,30,30,933120
BANKNIFTY-II.NFO,20/02/2025,09:31:03,49661.35,49667.55,30,49673.7,30,0,933120
BANKNIFTY-II.NFO,20/02/2025,09:31:04,49661.35,49669.8,30,49678.65,30,0,933120
BANKNIFTY-II.NFO,20/02/2025,09:31:06,49661.35,49681.95,60,49685,30,0,933120
BANKNIFTY-II.NFO,20/02/2025,09:31:08,49676.75,49682.2,60,49685,30,120,933120
BANKNIFTY-II.NFO,20/02/2025,09:31:09,49692.8,49687.5,300,49693.8,30,90,933120
BANKNIFTY-II.NFO,20/02/2025,09:31:11,49692.8,49686.05,60,49697.85,30,0,933120
BANKNIFTY-II.NFO,20/02/2025,09:31:13,49689.8,49687.55,300,49698.85,30,60,933120
BANKNIFTY-II.NFO,20/02/2025,09:31:14,49692.8,49691.8,30,49698.8,30,30,933120
BANKNIFTY-II.NFO,20/02/2025,09:31:16,49692.8,49693.3,30,49700,90,0,933120
BANKNIFTY-II.NFO,20/02/2025,09:31:18,49692.8,49680.6,120,49693.8,240,0,933120
BANKNIFTY-II.NFO,20/02/2025,09:31:19,49692.8,49692.8,30,49694.95,30,0,933120
BANKNIFTY-II.NFO,20/02/2025,09:31:21,49694.55,49686.6,30,49694.1,240,60,933120
BANKNIFTY-II.NFO,20/02/2025,09:31:23,49694.55,49680.05,240,49689.95,30,0,933120
BANKNIFTY-II.NFO,20/02/2025,09:31:24,49694.55,49681.6,30,49688.25,30,0,933120
BANKNIFTY-II.NFO,20/02/2025,09:31:26,49681.75,49676.15,300,49684.95,30,30,933120
BANKNIFTY-II.NFO,20/02/2025,09:31:28,49671.1,49669.15,30,49679.25,60,60,933120
BANKNIFTY-II.NFO,20/02/2025,09:31:29,49678.75,49662.15,60,49674.85,60,90,933120
BANKNIFTY-II.NFO,20/02/2025,09:31:31,49678.75,49661.8,60,49670.55,30,0,933120
BANKNIFTY-II.NFO,20/02/2025,09:31:33,49678.75,49663.8,60,49672.5,30,0,933120
BANKNIFTY-II.NFO,20/02/2025,09:31:34,49673.8,49660.85,30,49671.35,240,60,933120
BANKNIFTY-II.NFO,20/02/2025,09:31:36,49662.25,49661.75,30,49666.75,30,150,933120
BANKNIFTY-II.NFO,20/02/2025,09:31:38,49658.7,49659.1,60,49666.65,30,60,933120
BANKNIFTY-II.NFO,20/02/2025,09:31:39,49666.7,49670.25,60,49677,30,90,933120
BANKNIFTY-II.NFO,20/02/2025,09:31:41,49670.95,49670.95,60,49679.7,30,30,933120
BANKNIFTY-II.NFO,20/02/2025,09:31:43,49670.95,49672.4,120,49682.65,30,0,933120
BANKNIFTY-II.NFO,20/02/2025,09:31:44,49678.75,49672,60,49685.05,30,60,933120
BANKNIFTY-II.NFO,20/02/2025,09:31:46,49671.65,49673.45,240,49685.65,30,150,933120
BANKNIFTY-II.NFO,20/02/2025,09:31:48,49671.65,49675.5,60,49685.45,30,0,933120
BANKNIFTY-II.NFO,20/02/2025,09:31:49,49671.65,49677.25,150,49688.75,30,0,933120
BANKNIFTY-II.NFO,20/02/2025,09:31:51,49671.65,49681.2,300,49688.75,30,0,933120
BANKNIFTY-II.NFO,20/02/2025,09:31:53,49671.65,49683.75,300,49688.75,30,0,933120
BANKNIFTY-II.NFO,20/02/2025,09:31:54,49671.65,49674.1,60,49687,30,0,933120
BANKNIFTY-II.NFO,20/02/2025,09:31:56,49671.65,49670.6,240,49683.2,240,0,933120
BANKNIFTY-II.NFO,20/02/2025,09:31:58,49683.2,49668.6,60,49679.9,150,30,933120
BANKNIFTY-II.NFO,20/02/2025,09:31:59,49683.2,49670,30,49678.1,60,0,933120
BANKNIFTY-II.NFO,20/02/2025,09:32:01,49662.05,49660.95,60,49672.6,240,90,933120
BANKNIFTY-II.NFO,20/02/2025,09:32:03,49660.95,49656.85,150,49663.65,30,180,933120
BANKNIFTY-II.NFO,20/02/2025,09:32:04,49660.95,49656.35,60,49660.5,30,0,933120
BANKNIFTY-II.NFO,20/02/2025,09:32:06,49660.95,49655.2,300,49660.5,30,0,933120
BANKNIFTY-II.NFO,20/02/2025,09:32:08,49660.5,49653.55,450,49660.55,30,30,933120
BANKNIFTY-II.NFO,20/02/2025,09:32:09,49660.5,49658.3,240,49660.5,30,0,933120
BANKNIFTY-II.NFO,20/02/2025,09:32:11,49660.5,49658.35,60,49660.5,30,0,933120
BANKNIFTY-II.NFO,20/02/2025,09:32:13,49660.9,49660.95,300,49675.2,60,120,933120
BANKNIFTY-II.NFO,20/02/2025,09:32:14,49660.9,49666.6,60,49674.8,30,0,933120
BANKNIFTY-II.NFO,20/02/2025,09:32:16,49676.55,49667.8,60,49678.25,30,30,933120
BANKNIFTY-II.NFO,20/02/2025,09:32:18,49676.55,49663.95,300,49668.8,30,0,933120
BANKNIFTY-II.NFO,20/02/2025,09:32:19,49676.55,49661.5,60,49668.75,30,0,933120
BANKNIFTY-II.NFO,20/02/2025,09:32:21,49664.75,49663.55,60,49668.8,30,60,933120
BANKNIFTY-II.NFO,20/02/2025,09:32:23,49664.75,49666,60,49668.75,30,0,933120
BANKNIFTY-II.NFO,20/02/2025,09:32:24,49664.75,49660.9,30,49668.7,30,0,933120
BANKNIFTY-II.NFO,20/02/2025,09:32:26,49660.9,49659.95,60,49668.65,30,30,933120
BANKNIFTY-II.NFO,20/02/2025,09:32:28,49660.9,49661.1,60,49668.7,30,0,933120
BANKNIFTY-II.NFO,20/02/2025,09:32:29,49660.9,49662.75,60,49668.55,30,0,933120
BANKNIFTY-II.NFO,20/02/2025,09:32:31,49660.9,49668.35,60,49678.65,30,0,933120
BANKNIFTY-II.NFO,20/02/2025,09:32:33,49660.9,49669.75,60,49684.8,240,0,933120
BANKNIFTY-II.NFO,20/02/2025,09:32:34,49660.9,49668.35,480,49684.85,240,0,933120
BANKNIFTY-II.NFO,20/02/2025,09:32:36,49660.9,49674.05,30,49685.35,30,0,933120
BANKNIFTY-II.NFO,20/02/2025,09:32:38,49660.9,49676.05,30,49685.3,30,0,933120
BANKNIFTY-II.NFO,20/02/2025,09:32:39,49660.9,49676.05,30,49685.15,30,0,933120
BANKNIFTY-II.NFO,20/02/2025,09:32:41,49660.9,49676.15,90,49685.2,30,0,933120
BANKNIFTY-II.NFO,20/02/2025,09:32:43,49660.9,49676.05,30,49685.2,30,0,933120
BANKNIFTY-II.NFO,20/02/2025,09:32:44,49660.9,49674.2,90,49685.2,30,0,933120
BANKNIFTY-II.NFO,20/02/2025,09:32:46,49660.9,49666.05,30,49679.95,60,0,933120
BANKNIFTY-II.NFO,20/02/2025,09:32:48,49660.9,49670,60,49680.7,240,0,933120
BANKNIFTY-II.NFO,20/02/2025,09:32:49,49680.1,49670.05,30,49681.6,30,30,933120
BANKNIFTY-II.NFO,20/02/2025,09:32:51,49680.1,49670.05,30,49681.6,30,0,933120
BANKNIFTY-II.NFO,20/02/2025,09:32:53,49680.1,49670.2,60,49681.55,30,0,933120
BANKNIFTY-II.NFO,20/02/2025,09:32:54,49680.1,49670.05,30,49681.45,30,0,933120
BANKNIFTY-II.NFO,20/02/2025,09:32:56,49680.1,49670.05,30,49681.5,30,0,933120
BANKNIFTY-II.NFO,20/02/2025,09:32:58,49681.4,49670,60,49681.4,240,60,933120
BANKNIFTY-II.NFO,20/02/2025,09:32:59,49681.4,49670,60,49679.7,240,0,933120
BANKNIFTY-II.NFO,20/02/2025,09:33:01,49681.4,49670,60,49678.95,240,0,933120
BANKNIFTY-II.NFO,20/02/2025,09:33:03,49681.4,49670,60,49676.1,240,0,933120
BANKNIFTY-II.NFO,20/02/2025,09:33:04,49681.4,49670,60,49674.2,240,0,933120
BANKNIFTY-II.NFO,20/02/2025,09:33:06,49675.9,49670,60,49675.9,30,30,933120
BANKNIFTY-II.NFO,20/02/2025,09:33:08,49675.9,49670.05,90,49675.9,30,0,933120
BANKNIFTY-II.NFO,20/02/2025,09:33:09,49675.9,49672.7,90,49675.8,30,0,933120
BANKNIFTY-II.NFO,20/02/2025,09:33:11,49675.9,49672.7,90,49678,30,0,933120
BANKNIFTY-II.NFO,20/02/2025,09:33:13,49675.9,49673.6,90,49678.05,30,0,933120
BANKNIFTY-II.NFO,20/02/2025,09:33:14,49675.9,49670.05,90,49678,30,0,933120
BANKNIFTY-II.NFO,20/02/2025,09:33:16,49675.9,49670,60,49677.95,30,0,933120
BANKNIFTY-II.NFO,20/02/2025,09:33:18,49677.95,49670,60,49678.6,240,30,933120
BANKNIFTY-II.NFO,20/02/2025,09:33:19,49677.95,49675.9,30,49677.85,30,0,933120
BANKNIFTY-II.NFO,20/02/2025,09:33:21,49675.9,49667.1,90,49677.85,30,30,933120
BANKNIFTY-II.NFO,20/02/2025,09:33:23,49675.9,49669.1,90,49677.85,30,0,933120
BANKNIFTY-II.NFO,20/02/2025,09:33:24,49685.9,49670.1,120,49677.85,30,90,933120
BANKNIFTY-II.NFO,20/02/2025,09:33:26,49685.9,49669.95,120,49677.8,30,0,933120
BANKNIFTY-II.NFO,20/02/2025,09:33:28,49685.9,49666.6,120,49677.75,30,0,933120
BANKNIFTY-II.NFO,20/02/2025,09:33:29,49685.9,49665.9,120,49675.7,30,0,933120
BANKNIFTY-II.NFO,20/02/2025,09:33:31,49685.9,49665.65,30,49675.7,30,0,933120
BANKNIFTY-II.NFO,20/02/2025,09:33:33,49685.9,49665.65,30,49675.65,240,0,933120
BANKNIFTY-II.NFO,20/02/2025,09:33:34,49685.9,49665.65,30,49673.75,30,0,933120
BANKNIFTY-II.NFO,20/02/2025,09:33:39,49685.9,49665.65,30,49673.55,240,0,933120
BANKNIFTY-II.NFO,20/02/2025,09:33:41,49673.75,49665.65,30,49673.65,30,30,933120
BANKNIFTY-II.NFO,20/02/2025,09:33:43,49673.75,49665.65,30,49673.7,30,0,933120
BANKNIFTY-II.NFO,20/02/2025,09:33:44,49673.75,49665.65,30,49673.1,30,0,933120
BANKNIFTY-II.NFO,20/02/2025,09:33:46,49673.75,49670,30,49673,30,0,933120
BANKNIFTY-II.NFO,20/02/2025,09:33:47,49673.75,49670,30,49672.4,30,0,933120
BANKNIFTY-II.NFO,20/02/2025,09:33:49,49685.8,49670.25,120,49685.65,240,30,933120
BANKNIFTY-II.NFO,20/02/2025,09:33:51,49682.35,49670.05,150,49683.05,240,30,934410
BANKNIFTY-II.NFO,20/02/2025,09:33:52,49682.35,49672.75,150,49683.15,30,0,934410
BANKNIFTY-II.NFO,20/02/2025,09:33:54,49682.35,49673.15,150,49683.1,30,0,934410
BANKNIFTY-II.NFO,20/02/2025,09:33:56,49682.35,49673.25,180,49683.1,30,0,934410
BANKNIFTY-II.NFO,20/02/2025,09:33:57,49682.35,49673.2,150,49683.05,30,0,934410
BANKNIFTY-II.NFO,20/02/2025,09:33:59,49682.35,49671.25,150,49683.05,30,0,934410
BANKNIFTY-II.NFO,20/02/2025,09:34:01,49682.35,49673.65,150,49682.95,30,0,934410
BANKNIFTY-II.NFO,20/02/2025,09:34:03,49682.35,49673.15,150,49682.9,30,0,934410
BANKNIFTY-II.NFO,20/02/2025,09:34:04,49682.35,49673.4,150,49682.85,30,0,934410
BANKNIFTY-II.NFO,20/02/2025,09:34:06,49682.35,49676.6,150,49683.15,30,0,934410
BANKNIFTY-II.NFO,20/02/2025,09:34:07,49688.8,49680.5,150,49688.8,30,30,934410
BANKNIFTY-II.NFO,20/02/2025,09:34:09,49688.8,49680.2,150,49688.7,30,0,934410
BANKNIFTY-II.NFO,20/02/2025,09:34:11,49688.8,49675.7,150,49688.6,30,0,934410
BANKNIFTY-II.NFO,20/02/2025,09:34:12,49688.8,49677.95,150,49688.65,30,0,934410
BANKNIFTY-II.NFO,20/02/2025,09:34:14,49688.8,49688.7,150,49695,30,30,934410
BANKNIFTY-II.NFO,20/02/2025,09:34:16,49695,49689.3,150,49698.85,30,30,934410
BANKNIFTY-II.NFO,20/02/2025,09:34:17,49695,49688.35,150,49700,60,0,934410
BANKNIFTY-II.NFO,20/02/2025,09:34:19,49699.75,49688.6,90,49699.95,240,30,934410
BANKNIFTY-II.NFO,20/02/2025,09:34:20,49699.75,49688.65,180,49700,60,0,934410
BANKNIFTY-II.NFO,20/02/2025,09:34:22,49699.75,49688.6,90,49697.75,240,0,934410
BANKNIFTY-II.NFO,20/02/2025,09:34:24,49699.85,49688.6,90,49699.85,150,150,934410
BANKNIFTY-II.NFO,20/02/2025,09:34:25,49699.85,49688.6,90,49699.85,150,0,934410
BANKNIFTY-II.NFO,20/02/2025,09:34:27,49699.85,49689.15,240,49699.65,30,0,934410
BANKNIFTY-II.NFO,20/02/2025,09:34:29,49699.85,49690.6,240,49699.65,30,0,934410
BANKNIFTY-II.NFO,20/02/2025,09:34:30,49699.85,49690.55,240,49699.65,30,0,934410
BANKNIFTY-II.NFO,20/02/2025,09:34:32,49703.9,49699.6,240,49706.75,30,90,934410
BANKNIFTY-II.NFO,20/02/2025,09:34:34,49703.9,49703.7,60,49715,30,0,934410
BANKNIFTY-II.NFO,20/02/2025,09:34:35,49702.75,49703.95,240,49711,30,30,934410
BANKNIFTY-II.NFO,20/02/2025,09:34:37,49702.75,49706.05,240,49714.95,30,0,934410
BANKNIFTY-II.NFO,20/02/2025,09:34:38,49702.75,49705.05,240,49715,30,0,934410
BANKNIFTY-II.NFO,20/02/2025,09:34:40,49702.75,49708.4,240,49721,60,0,934410
BANKNIFTY-II.NFO,20/02/2025,09:34:42,49721,49705.15,270,49721,30,30,934410
BANKNIFTY-II.NFO,20/02/2025,09:34:44,49715.95,49706,240,49717.95,30,30,934410
BANKNIFTY-II.NFO,20/02/2025,09:34:45,49715.95,49706.7,240,49721,30,0,934410
BANKNIFTY-II.NFO,20/02/2025,09:34:47,49715.95,49705.1,240,49719.9,180,0,934410
BANKNIFTY-II.NFO,20/02/2025,09:34:48,49715.95,49703.85,60,49719.4,180,0,934410
BANKNIFTY-II.NFO,20/02/2025,09:34:50,49715.7,49710,90,49716.95,150,30,934410
BANKNIFTY-II.NFO,20/02/2025,09:34:52,49715.7,49710,90,49716.1,150,0,934410
BANKNIFTY-II.NFO,20/02/2025,09:34:53,49715.7,49710,90,49713.9,150,0,934410
BANKNIFTY-II.NFO,20/02/2025,09:34:55,49710,49702.75,30,49711.65,150,90,934410
BANKNIFTY-II.NFO,20/02/2025,09:34:57,49710,49702.75,30,49707.25,150,0,934410
BANKNIFTY-II.NFO,20/02/2025,09:34:58,49708.85,49702.75,30,49708.85,90,60,934410
BANKNIFTY-II.NFO,20/02/2025,09:35:00,49702.75,49700,30,49708.85,30,90,934410
BANKNIFTY-II.NFO,20/02/2025,09:35:02,49708.85,49705.4,270,49715,30,30,934410
BANKNIFTY-II.NFO,20/02/2025,09:35:03,49702.75,49701.45,240,49713.9,30,30,934410
BANKNIFTY-II.NFO,20/02/2025,09:35:05,49715,49704.1,240,49713.9,30,60,934410
BANKNIFTY-II.NFO,20/02/2025,09:35:07,49715,49705.25,240,49713.9,30,0,934410
BANKNIFTY-II.NFO,20/02/2025,09:35:08,49715,49704.1,240,49713.85,30,0,934410
BANKNIFTY-II.NFO,20/02/2025,09:35:10,49715,49705.75,240,49713.95,30,0,934410
BANKNIFTY-II.NFO,20/02/2025,09:35:12,49715,49707.3,240,49713.95,30,0,934410
BANKNIFTY-II.NFO,20/02/2025,09:35:13,49715,49712.75,240,49721,30,30,934410
BANKNIFTY-II.NFO,20/02/2025,09:35:15,49715,49715.9,240,49721,30,0,934410
BANKNIFTY-II.NFO,20/02/2025,09:35:17,49715,49713.75,240,49721,30,0,934410
BANKNIFTY-II.NFO,20/02/2025,09:35:18,49727.95,49716.2,240,49724,30,90,934410
BANKNIFTY-II.NFO,20/02/2025,09:35:20,49716.2,49721.05,240,49731,30,30,934410
BANKNIFTY-II.NFO,20/02/2025,09:35:22,49731,49731.4,240,49741,30,30,934410
BANKNIFTY-II.NFO,20/02/2025,09:35:23,49731,49726.9,240,49740.95,120,0,934410
BANKNIFTY-II.NFO,20/02/2025,09:35:25,49714.1,49723.9,240,49737.9,150,30,934410
BANKNIFTY-II.NFO,20/02/2025,09:35:27,49714.1,49715.4,240,49731.4,150,0,934410
BANKNIFTY-II.NFO,20/02/2025,09:35:28,49728.9,49715,90,49726.8,120,30,934410
BANKNIFTY-II.NFO,20/02/2025,09:35:30,49728.9,49717.65,60,49733.4,120,0,934410
BANKNIFTY-II.NFO,20/02/2025,09:35:32,49728.9,49720.35,240,49733.65,30,0,934410
BANKNIFTY-II.NFO,20/02/2025,09:35:33,49733.65,49723.35,240,49738,120,30,934410
BANKNIFTY-II.NFO,20/02/2025,09:35:35,49733.65,49720.05,30,49728.9,30,0,934410
BANKNIFTY-II.NFO,20/02/2025,09:35:37,49733.65,49722.05,30,49728.9,30,0,934410
BANKNIFTY-II.NFO,20/02/2025,09:35:38,49733.65,49718.05,30,49728.85,120,0,934410
BANKNIFTY-II.NFO,20/02/2025,09:35:40,49733.65,49720.05,30,49728.9,30,0,934410
BANKNIFTY-II.NFO,20/02/2025,09:35:42,49733.65,49720.4,240,49728.9,30,0,934410
BANKNIFTY-II.NFO,20/02/2025,09:35:43,49733.65,49720,90,49728.65,120,0,934410
BANKNIFTY-II.NFO,20/02/2025,09:35:45,49733.65,49720.5,60,49728.9,30,0,934410
BANKNIFTY-II.NFO,20/02/2025,09:35:47,49733.65,49720.25,60,49728.9,30,0,934410
BANKNIFTY-II.NFO,20/02/2025,09:35:48,49733.65,49720,90,49727.4,120,0,934410
BANKNIFTY-II.NFO,20/02/2025,09:35:50,49733.65,49720,90,49728.8,120,0,934410
BANKNIFTY-II.NFO,20/02/2025,09:35:55,49733.65,49720,90,49727.65,120,0,934410
BANKNIFTY-II.NFO,20/02/2025,09:35:57,49733.65,49720,120,49726.65,120,0,934410
BANKNIFTY-II.NFO,20/02/2025,09:35:58,49733.65,49720,120,49728.8,120,0,934410
BANKNIFTY-II.NFO,20/02/2025,09:36:00,49720,49720,90,49728.8,120,30,934410
BANKNIFTY-II.NFO,20/02/2025,09:36:02,49720,49720,90,49728.85,30,0,934410
BANKNIFTY-II.NFO,20/02/2025,09:36:03,49720,49721.1,240,49728.85,30,0,934410
BANKNIFTY-II.NFO,20/02/2025,09:36:05,49728.85,49722.9,150,49728.9,30,30,934410
BANKNIFTY-II.NFO,20/02/2025,09:36:07,49728.85,49720,150,49728.9,30,0,934410
BANKNIFTY-II.NFO,20/02/2025,09:36:08,49728.85,49724.9,240,49728.9,30,0,934410
BANKNIFTY-II.NFO,20/02/2025,09:36:10,49728.85,49722.1,240,49728.85,30,0,934410
BANKNIFTY-II.NFO,20/02/2025,09:36:12,49728.85,49723.05,240,49728.9,30,30,934410
BANKNIFTY-II.NFO,20/02/2025,09:36:14,49728.85,49723.3,270,49728.9,30,0,934410
BANKNIFTY-II.NFO,20/02/2025,09:36:15,49728.85,49723.05,240,49728.9,30,0,934410
BANKNIFTY-II.NFO,20/02/2025,09:36:17,49728.85,49723.4,270,49728.9,30,0,934410
BANKNIFTY-II.NFO,20/02/2025,09:36:19,49728.9,49728.95,240,49733.65,30,30,934410
BANKNIFTY-II.NFO,20/02/2025,09:36:20,49733.65,49729.25,240,49736,30,30,934410
BANKNIFTY-II.NFO,20/02/2025,09:36:22,49733.65,49731.9,240,49736,30,0,934410
BANKNIFTY-II.NFO,20/02/2025,09:36:24,49748,49735.95,240,49749.9,60,120,934410
BANKNIFTY-II.NFO,20/02/2025,09:36:25,49749.75,49728.05,240,49743.2,90,60,934410
BANKNIFTY-II.NFO,20/02/2025,09:36:27,49731.05,49735.15,270,49749.85,120,30,934410
BANKNIFTY-II.NFO,20/02/2025,09:36:29,49731.05,49735,60,49737.95,120,0,934410
BANKNIFTY-II.NFO,20/02/2025,09:36:30,49735,49737.1,240,49749.9,30,60,934410
BANKNIFTY-II.NFO,20/02/2025,09:36:32,49735,49735.15,270,49749.2,30,0,934410
BANKNIFTY-II.NFO,20/02/2025,09:36:34,49735,49738.05,30,49749.15,90,0,934410
BANKNIFTY-II.NFO,20/02/2025,09:36:35,49735,49740.05,30,49749.15,90,0,934410
BANKNIFTY-II.NFO,20/02/2025,09:36:37,49735,49735,30,49742.35,90,0,934410
BANKNIFTY-II.NFO,20/02/2025,09:36:39,49735,49735,60,49740.45,90,0,934410
BANKNIFTY-II.NFO,20/02/2025,09:36:40,49742,49735,60,49747.5,60,30,934410
BANKNIFTY-II.NFO,20/02/2025,09:36:42,49742,49735,60,49744.15,60,0,934410
BANKNIFTY-II.NFO,20/02/2025,09:36:44,49742,49735,120,49741.85,60,0,934410
BANKNIFTY-II.NFO,20/02/2025,09:36:45,49742,49735,120,49742,60,0,934410
BANKNIFTY-II.NFO,20/02/2025,09:36:47,49735,49733.3,270,49742,60,120,934410
BANKNIFTY-II.NFO,20/02/2025,09:36:49,49735.7,49735.35,240,49742,30,540,934410
BANKNIFTY-II.NFO,20/02/2025,09:36:50,49742,49736.4,270,49748.95,30,60,934410
BANKNIFTY-II.NFO,20/02/2025,09:36:52,49742,49734.5,270,49748.9,30,0,935010
BANKNIFTY-II.NFO,20/02/2025,09:36:53,49742,49740.05,30,49748.85,30,120,935010
BANKNIFTY-II.NFO,20/02/2025,09:36:55,49742,49735.7,30,49742,30,0,935010
BANKNIFTY-II.NFO,20/02/2025,09:36:57,49742,49736.3,240,49742,30,0,935010
BANKNIFTY-II.NFO,20/02/2025,09:37:00,49742,49741.15,270,49748.8,30,60,935010
BANKNIFTY-II.NFO,20/02/2025,09:37:02,49751,49750.05,240,49751.35,30,390,935010
BANKNIFTY-II.NFO,20/02/2025,09:37:03,49751.35,49750,30,49753,30,30,935010
BANKNIFTY-II.NFO,20/02/2025,09:37:05,49751.35,49750.05,240,49753,30,0,935010
BANKNIFTY-II.NFO,20/02/2025,09:37:10,49753,49753.25,300,49755.95,210,30,935010
BANKNIFTY-II.NFO,20/02/2025,09:37:12,49766,49759.9,270,49766.3,30,300,935010
BANKNIFTY-II.NFO,20/02/2025,09:37:13,49766,49760.4,240,49766.3,30,390,935010
BANKNIFTY-II.NFO,20/02/2025,09:37:15,49766,49758.8,240,49766.3,30,0,935010
BANKNIFTY-II.NFO,20/02/2025,09:37:17,49759.2,49761,240,49766.3,30,30,935010
BANKNIFTY-II.NFO,20/02/2025,09:37:18,49759.2,49759.9,240,49766.3,30,0,935010
BANKNIFTY-II.NFO,20/02/2025,09:37:20,49759.2,49756.7,240,49759.2,30,210,935010
BANKNIFTY-II.NFO,20/02/2025,09:37:22,49766.3,49760.25,270,49771,30,60,935010
BANKNIFTY-II.NFO,20/02/2025,09:37:23,49766.3,49759.05,240,49763.3,30,0,935010
BANKNIFTY-II.NFO,20/02/2025,09:37:25,49766.3,49760.05,240,49763.3,30,0,935010
BANKNIFTY-II.NFO,20/02/2025,09:37:26,49766.3,49760.65,240,49763.3,30,0,935010
BANKNIFTY-II.NFO,20/02/2025,09:37:28,49757.2,49757.2,240,49763.3,30,30,935010
BANKNIFTY-II.NFO,20/02/2025,09:37:30,49757.2,49754.3,30,49763.3,30,0,935010
BANKNIFTY-II.NFO,20/02/2025,09:37:31,49754.3,49750,60,49762.85,180,30,935010
BANKNIFTY-II.NFO,20/02/2025,09:37:33,49754.3,49750,60,49761.65,180,0,935010
BANKNIFTY-II.NFO,20/02/2025,09:37:35,49750,49750,30,49762.95,180,30,935010
BANKNIFTY-II.NFO,20/02/2025,09:37:36,49750,49750,30,49761.85,180,0,935010
BANKNIFTY-II.NFO,20/02/2025,09:37:38,49750,49750.05,300,49763.3,30,0,935010
BANKNIFTY-II.NFO,20/02/2025,09:37:40,49765.9,49750,30,49764.45,150,60,935010
BANKNIFTY-II.NFO,20/02/2025,09:37:41,49765.9,49751.55,240,49760.65,60,0,935010
BANKNIFTY-II.NFO,20/02/2025,09:37:43,49765.9,49750,30,49760.65,60,0,935010
BANKNIFTY-II.NFO,20/02/2025,09:37:44,49765.9,49750,60,49760.6,150,0,935010
BANKNIFTY-II.NFO,20/02/2025,09:37:48,49765.9,49750,60,49759.3,150,0,935010
BANKNIFTY-II.NFO,20/02/2025,09:37:49,49765.9,49750,60,49760.65,60,0,935010
BANKNIFTY-II.NFO,20/02/2025,09:37:51,49765.9,49753.9,240,49760.65,60,0,935010
BANKNIFTY-II.NFO,20/02/2025,09:37:53,49760.65,49758.05,30,49765.9,30,60,935010
BANKNIFTY-II.NFO,20/02/2025,09:37:54,49765.9,49755.5,240,49768.95,150,30,935010
BANKNIFTY-II.NFO,20/02/2025,09:37:56,49765.9,49756.95,240,49769,30,0,935010
BANKNIFTY-II.NFO,20/02/2025,09:37:58,49765.9,49756.05,30,49767.75,150,0,935010
BANKNIFTY-II.NFO,20/02/2025,09:37:59,49765.9,49754.1,240,49764.95,30,0,935010
BANKNIFTY-II.NFO,20/02/2025,09:38:01,49764.95,49754.1,240,49764.95,30,30,935010
BANKNIFTY-II.NFO,20/02/2025,09:38:02,49764.95,49755.6,240,49764.95,30,0,935010
BANKNIFTY-II.NFO,20/02/2025,09:38:04,49764.95,49760.8,240,49765,30,0,935010
BANKNIFTY-II.NFO,20/02/2025,09:38:06,49764.95,49758.55,240,49765,30,0,935010
BANKNIFTY-II.NFO,20/02/2025,09:38:08,49758.7,49758.2,240,49765,30,60,935010
BANKNIFTY-II.NFO,20/02/2025,09:38:09,49758.7,49757.5,240,49765,30,0,935010
BANKNIFTY-II.NFO,20/02/2025,09:38:11,49758.7,49751.15,240,49756.85,30,0,935010
BANKNIFTY-II.NFO,20/02/2025,09:38:12,49756.85,49756.05,150,49765,30,630,935010
BANKNIFTY-II.NFO,20/02/2025,09:38:14,49756.85,49755.65,240,49765,30,0,935010
BANKNIFTY-II.NFO,20/02/2025,09:38:16,49756.85,49756.4,270,49765,30,0,935010
BANKNIFTY-II.NFO,20/02/2025,09:38:17,49756.85,49754.1,240,49765,30,0,935010
BANKNIFTY-II.NFO,20/02/2025,09:38:19,49756.85,49753.8,240,49765,30,0,935010
BANKNIFTY-II.NFO,20/02/2025,09:38:21,49756.85,49750,60,49760,60,0,935010
BANKNIFTY-II.NFO,20/02/2025,09:38:22,49756.85,49750,60,49757.5,210,0,935010
BANKNIFTY-II.NFO,20/02/2025,09:38:24,49756.85,49750,60,49757.95,210,0,935010
BANKNIFTY-II.NFO,20/02/2025,09:38:26,49756.85,49750,60,49760,60,0,935010
BANKNIFTY-II.NFO,20/02/2025,09:38:27,49756.85,49750,60,49759.3,210,0,935010
BANKNIFTY-II.NFO,20/02/2025,09:38:29,49755.1,49753.8,240,49756.85,60,60,935010
BANKNIFTY-II.NFO,20/02/2025,09:38:30,49756.85,49756.85,30,49760,60,60,935010
BANKNIFTY-II.NFO,20/02/2025,09:38:32,49765,49758,240,49766.85,30,90,935010
BANKNIFTY-II.NFO,20/02/2025,09:38:34,49765,49756.9,240,49766.85,30,630,935010
BANKNIFTY-II.NFO,20/02/2025,09:38:35,49765,49757,270,49766.85,30,0,935010
BANKNIFTY-II.NFO,20/02/2025,09:38:37,49765,49757.65,240,49766.85,30,0,935010
BANKNIFTY-II.NFO,20/02/2025,09:38:39,49766.85,49764.05,210,49768,30,30,935010
BANKNIFTY-II.NFO,20/02/2025,09:38:40,49768,49768,30,49770,30,30,935010
BANKNIFTY-II.NFO,20/02/2025,09:38:42,49770,49768,30,49769.95,30,30,935010
BANKNIFTY-II.NFO,20/02/2025,09:38:44,49770,49768,30,49769.8,30,0,935010
BANKNIFTY-II.NFO,20/02/2025,09:38:45,49768,49756.85,90,49767.85,240,30,935010
BANKNIFTY-II.NFO,20/02/2025,09:38:47,49768,49756.9,210,49768.25,30,0,935010
BANKNIFTY-II.NFO,20/02/2025,09:38:49,49756.9,49757.95,180,49770.15,30,30,935010
BANKNIFTY-II.NFO,20/02/2025,09:38:50,49768,49759.2,180,49771,30,30,935010
BANKNIFTY-II.NFO,20/02/2025,09:38:52,49768,49758.65,180,49771,30,0,935010
BANKNIFTY-II.NFO,20/02/2025,09:38:54,49768,49756.85,60,49768.8,240,0,935010
BANKNIFTY-II.NFO,20/02/2025,09:38:55,49768,49756.85,60,49766.95,30,0,935010
BANKNIFTY-II.NFO,20/02/2025,09:38:57,49766.05,49756.85,60,49767.85,240,30,935010
BANKNIFTY-II.NFO,20/02/2025,09:38:59,49766.05,49756.85,60,49764.6,300,0,935010
BANKNIFTY-II.NFO,20/02/2025,09:39:00,49763.7,49756.85,60,49763.7,240,30,935010
BANKNIFTY-II.NFO,20/02/2025,09:39:02,49763.7,49756.85,60,49765.9,240,0,935010
BANKNIFTY-II.NFO,20/02/2025,09:39:04,49760,49750.25,210,49765.25,240,60,935010
BANKNIFTY-II.NFO,20/02/2025,09:39:05,49760,49757,30,49760.35,240,0,935010
BANKNIFTY-II.NFO,20/02/2025,09:39:07,49757,49750,90,49759.15,240,30,935010
BANKNIFTY-II.NFO,20/02/2025,09:39:09,49757,49750,90,49761.25,240,0,935010
BANKNIFTY-II.NFO,20/02/2025,09:39:10,49757,49750,90,49757.2,240,0,935010
BANKNIFTY-II.NFO,20/02/2025,09:39:12,49749,49735.65,240,49750.8,240,120,935010
BANKNIFTY-II.NFO,20/02/2025,09:39:14,49749,49737.1,240,49753.1,240,0,935010
BANKNIFTY-II.NFO,20/02/2025,09:39:15,49750.35,49743.7,30,49750.35,240,30,935010
BANKNIFTY-II.NFO,20/02/2025,09:39:17,49750.35,49743.7,30,49749.75,240,0,935010
BANKNIFTY-II.NFO,20/02/2025,09:39:19,49750.35,49743.7,30,49750.55,240,0,935010
BANKNIFTY-II.NFO,20/02/2025,09:39:20,49750.35,49743.7,30,49750.05,240,0,935010
BANKNIFTY-II.NFO,20/02/2025,09:39:22,49739.25,49736.9,240,49752.65,240,60,935010
BANKNIFTY-II.NFO,20/02/2025,09:39:24,49747.35,49734.05,90,49748.2,60,180,935010
BANKNIFTY-II.NFO,20/02/2025,09:39:25,49749.35,49734.05,60,49748.4,60,60,935010
BANKNIFTY-II.NFO,20/02/2025,09:39:27,49749.35,49734.05,60,49748,60,0,935010
BANKNIFTY-II.NFO,20/02/2025,09:39:29,49749.35,49735.45,60,49749.6,30,0,935010
BANKNIFTY-II.NFO,20/02/2025,09:39:30,49749.35,49735.65,60,49750,60,0,935010
BANKNIFTY-II.NFO,20/02/2025,09:39:32,49749.35,49739.95,30,49750,60,0,935010
BANKNIFTY-II.NFO,20/02/2025,09:39:34,49750,49747,60,49764.95,240,60,935010
BANKNIFTY-II.NFO,20/02/2025,09:39:35,49750,49751.85,30,49765,30,0,935010
BANKNIFTY-II.NFO,20/02/2025,09:39:37,49750,49748.5,30,49762.95,60,0,935010
BANKNIFTY-II.NFO,20/02/2025,09:39:39,49750,49754.55,30,49765,30,0,935010
BANKNIFTY-II.NFO,20/02/2025,09:39:40,49750,49754.85,30,49765,30,0,935010
BANKNIFTY-II.NFO,20/02/2025,09:39:42,49750,49757.75,30,49765,30,0,935010
BANKNIFTY-II.NFO,20/02/2025,09:39:44,49750,49751.15,30,49763.95,30,0,935010
BANKNIFTY-II.NFO,20/02/2025,09:39:45,49750,49748.1,30,49763.9,60,0,935010
BANKNIFTY-II.NFO,20/02/2025,09:39:47,49750,49749.1,30,49763.7,60,0,935010
BANKNIFTY-II.NFO,20/02/2025,09:39:49,49750,49748.75,30,49763.95,30,60,935010
BANKNIFTY-II.NFO,20/02/2025,09:39:50,49750,49747.55,60,49762.35,60,0,935010
BANKNIFTY-II.NFO,20/02/2025,09:39:52,49750,49747.85,30,49761.95,30,0,935010
BANKNIFTY-II.NFO,20/02/2025,09:39:54,49750,49749.35,60,49750,300,0,935010
BANKNIFTY-II.NFO,20/02/2025,09:40:02,49750,49749.35,60,49750,240,60,936360
BANKNIFTY-II.NFO,20/02/2025,09:40:03,49750,49749.35,60,49750,240,0,936360
BANKNIFTY-II.NFO,20/02/2025,09:40:07,49750,49749.35,60,49761.3,240,0,936360
BANKNIFTY-II.NFO,20/02/2025,09:40:08,49750,49749.35,60,49750,30,0,936360
BANKNIFTY-II.NFO,20/02/2025,09:40:10,49749.35,49749.35,30,49750,30,30,936360
BANKNIFTY-II.NFO,20/02/2025,09:40:12,49749.35,49749.35,30,49750,30,0,936360
BANKNIFTY-II.NFO,20/02/2025,09:40:15,49750,49750.85,90,49762.3,30,30,936360
BANKNIFTY-II.NFO,20/02/2025,09:40:17,49750,49753.75,60,49764.95,30,0,936360
BANKNIFTY-II.NFO,20/02/2025,09:40:18,49750,49751.05,30,49764.65,60,0,936360
BANKNIFTY-II.NFO,20/02/2025,09:40:20,49750,49749.4,30,49762.95,240,0,936360
BANKNIFTY-II.NFO,20/02/2025,09:40:22,49750,49749.4,30,49763.15,240,0,936360
BANKNIFTY-II.NFO,20/02/2025,09:40:23,49750,49754.5,30,49764.95,30,0,936360
BANKNIFTY-II.NFO,20/02/2025,09:40:25,49754.6,49755.1,30,49764.95,30,30,936360
BANKNIFTY-II.NFO,20/02/2025,09:40:27,49764.95,49756.8,30,49765,30,30,936360
BANKNIFTY-II.NFO,20/02/2025,09:40:28,49764.95,49750.15,30,49763.85,240,0,936360
BANKNIFTY-II.NFO,20/02/2025,09:40:30,49764.95,49750,30,49756.5,240,0,936360
BANKNIFTY-II.NFO,20/02/2025,09:40:32,49750,49749.35,30,49754.3,240,30,936360
BANKNIFTY-II.NFO,20/02/2025,09:40:33,49755.75,49749.35,30,49749.95,240,360,936360
BANKNIFTY-II.NFO,20/02/2025,09:40:35,49755.75,49749.35,30,49750,30,0,936360
BANKNIFTY-II.NFO,20/02/2025,09:40:37,49750,49748.15,240,49761.9,240,60,936360
BANKNIFTY-II.NFO,20/02/2025,09:40:39,49750,49750.4,60,49764.95,240,0,936360
BANKNIFTY-II.NFO,20/02/2025,09:40:40,49750,49744.75,270,49761.9,240,0,936360
BANKNIFTY-II.NFO,20/02/2025,09:40:42,49750,49741.9,60,49756.7,240,0,936360
BANKNIFTY-II.NFO,20/02/2025,09:40:44,49750,49739.75,60,49755.25,240,0,936360
BANKNIFTY-II.NFO,20/02/2025,09:40:45,49750,49741,30,49755.9,240,0,936360
BANKNIFTY-II.NFO,20/02/2025,09:40:47,49750,49745.75,240,49759.9,240,0,936360
BANKNIFTY-II.NFO,20/02/2025,09:40:48,49746.2,49746.2,210,49755,30,30,936360
BANKNIFTY-II.NFO,20/02/2025,09:40:50,49746.2,49746.55,210,49755,30,0,936360
BANKNIFTY-II.NFO,20/02/2025,09:40:52,49746.2,49749.35,210,49755,30,0,936360
BANKNIFTY-II.NFO,20/02/2025,09:40:53,49746.2,49750.95,240,49755,30,0,936360
BANKNIFTY-II.NFO,20/02/2025,09:40:55,49755,49754.3,240,49765,30,30,936360
BANKNIFTY-II.NFO,20/02/2025,09:40:56,49755,49755.6,210,49765,30,0,936360
BANKNIFTY-II.NFO,20/02/2025,09:40:58,49755,49747.2,240,49763.9,240,0,936360
BANKNIFTY-II.NFO,20/02/2025,09:41:00,49755,49744.4,210,49759.6,240,0,936360
BANKNIFTY-II.NFO,20/02/2025,09:41:01,49755,49750.75,210,49764.95,240,0,936360
BANKNIFTY-II.NFO,20/02/2025,09:41:03,49755,49752.45,210,49765,30,0,936360
BANKNIFTY-II.NFO,20/02/2025,09:41:04,49755,49740.95,240,49757.9,240,0,936360
BANKNIFTY-II.NFO,20/02/2025,09:41:06,49755,49747.65,210,49759.95,30,0,936360
BANKNIFTY-II.NFO,20/02/2025,09:41:08,49755,49749.9,210,49764.4,240,0,936360
BANKNIFTY-II.NFO,20/02/2025,09:41:09,49755,49746.95,210,49761.9,240,0,936360
BANKNIFTY-II.NFO,20/02/2025,09:41:11,49755,49745.75,210,49759.9,240,0,936360
BANKNIFTY-II.NFO,20/02/2025,09:41:12,49755,49750.6,210,49764.45,30,0,936360
BANKNIFTY-II.NFO,20/02/2025,09:41:14,49755,49755,30,49764.45,30,0,936360
BANKNIFTY-II.NFO,20/02/2025,09:41:16,49755,49759.9,30,49765,60,0,936360
BANKNIFTY-II.NFO,20/02/2025,09:41:17,49759.9,49755,30,49765,60,30,936360
BANKNIFTY-II.NFO,20/02/2025,09:41:19,49759.9,49755,30,49763.25,270,0,936360
BANKNIFTY-II.NFO,20/02/2025,09:41:21,49759.9,49755,30,49758.9,240,0,936360
BANKNIFTY-II.NFO,20/02/2025,09:41:22,49758.8,49750,30,49757.25,270,60,936360
BANKNIFTY-II.NFO,20/02/2025,09:41:24,49758.8,49750,30,49756.7,240,0,936360
BANKNIFTY-II.NFO,20/02/2025,09:41:25,49758.45,49750,30,49757.4,210,30,936360
BANKNIFTY-II.NFO,20/02/2025,09:41:27,49750,49743.6,60,49750,30,30,936360
BANKNIFTY-II.NFO,20/02/2025,09:41:29,49755.9,49737.95,60,49751.9,180,60,936360
BANKNIFTY-II.NFO,20/02/2025,09:41:30,49755.9,49732.3,240,49747.9,180,0,936360
BANKNIFTY-II.NFO,20/02/2025,09:41:32,49755.9,49731.15,60,49746.2,180,0,936360
BANKNIFTY-II.NFO,20/02/2025,09:41:34,49743.75,49729,60,49742.95,150,30,936360
BANKNIFTY-II.NFO,20/02/2025,09:41:35,49743.75,49727.6,60,49741.9,150,0,936360
BANKNIFTY-II.NFO,20/02/2025,09:41:37,49743.75,49726.25,60,49739.95,150,0,936360
BANKNIFTY-II.NFO,20/02/2025,09:41:38,49743.75,49724.5,270,49739.95,150,0,936360
BANKNIFTY-II.NFO,20/02/2025,09:41:40,49743.75,49726.7,60,49739.9,150,0,936360
BANKNIFTY-II.NFO,20/02/2025,09:41:42,49743.75,49731.7,240,49740,30,0,936360
BANKNIFTY-II.NFO,20/02/2025,09:41:43,49733.25,49735.2,240,49740,30,30,936360
BANKNIFTY-II.NFO,20/02/2025,09:41:45,49736.95,49737.15,240,49751.4,210,60,936360
BANKNIFTY-II.NFO,20/02/2025,09:41:47,49736.95,49733.3,240,49736.95,30,0,936360
BANKNIFTY-II.NFO,20/02/2025,09:41:48,49736.95,49733,30,49736.95,30,0,936360
BANKNIFTY-II.NFO,20/02/2025,09:41:55,49736.95,49733,30,49736.9,30,0,936360
BANKNIFTY-II.NFO,20/02/2025,09:41:57,49733,49725.2,60,49733,30,30,936360
BANKNIFTY-II.NFO,20/02/2025,09:41:58,49725.2,49719.75,240,49733.9,210,90,936360
BANKNIFTY-II.NFO,20/02/2025,09:42:00,49725.2,49718.15,240,49731.9,210,0,936360
BANKNIFTY-II.NFO,20/02/2025,09:42:02,49725.2,49716.95,30,49727.7,210,0,936360
BANKNIFTY-II.NFO,20/02/2025,09:42:03,49725.2,49716.95,30,49721.5,210,0,936360
BANKNIFTY-II.NFO,20/02/2025,09:42:05,49725.2,49716.95,30,49721.55,210,0,936360
BANKNIFTY-II.NFO,20/02/2025,09:42:07,49725.2,49716.95,30,49720.6,210,0,936360
BANKNIFTY-II.NFO,20/02/2025,09:42:08,49716.95,49704.05,30,49715.25,180,60,936360
BANKNIFTY-II.NFO,20/02/2025,09:42:10,49716.95,49704.05,30,49716.25,180,0,936360
BANKNIFTY-II.NFO,20/02/2025,09:42:11,49704.05,49701.95,60,49706.9,30,30,936360
BANKNIFTY-II.NFO,20/02/2025,09:42:13,49704.05,49701,30,49706.9,30,0,936360
BANKNIFTY-II.NFO,20/02/2025,09:42:15,49701,49700,360,49706.9,30,30,936360
BANKNIFTY-II.NFO,20/02/2025,09:42:16,49690.1,49691.35,60,49704.25,240,420,936360
BANKNIFTY-II.NFO,20/02/2025,09:42:18,49690.1,49691.5,60,49703.4,240,0,936360
BANKNIFTY-II.NFO,20/02/2025,09:42:20,49691.5,49688,30,49700.1,240,60,936360
BANKNIFTY-II.NFO,20/02/2025,09:42:21,49691.5,49688,30,49700.65,240,0,936360
BANKNIFTY-II.NFO,20/02/2025,09:42:23,49691.5,49688,30,49691.5,30,30,936360
BANKNIFTY-II.NFO,20/02/2025,09:42:25,49688,49680.95,240,49691.5,30,30,936360
BANKNIFTY-II.NFO,20/02/2025,09:42:26,49691.5,49691.65,60,49705.6,240,60,936360
BANKNIFTY-II.NFO,20/02/2025,09:42:28,49691.5,49694,240,49706.9,30,0,936360
BANKNIFTY-II.NFO,20/02/2025,09:42:30,49691.5,49694.7,240,49706.9,30,0,936360
BANKNIFTY-II.NFO,20/02/2025,09:42:31,49706.9,49697.65,240,49713.4,240,30,936360
BANKNIFTY-II.NFO,20/02/2025,09:42:33,49706.9,49701.9,240,49713.95,30,0,936360
BANKNIFTY-II.NFO,20/02/2025,09:42:35,49706.9,49701.85,240,49715.9,240,0,936360
BANKNIFTY-II.NFO,20/02/2025,09:42:36,49706.9,49705.5,240,49717.95,30,0,936360
BANKNIFTY-II.NFO,20/02/2025,09:42:38,49706.9,49702.1,240,49717.4,240,0,936360
BANKNIFTY-II.NFO,20/02/2025,09:42:39,49706.9,49700.75,240,49713.9,30,0,936360
BANKNIFTY-II.NFO,20/02/2025,09:42:41,49706.9,49701.15,240,49715.65,240,0,936360
BANKNIFTY-II.NFO,20/02/2025,09:42:43,49706.9,49705.8,240,49719.8,240,0,936360
BANKNIFTY-II.NFO,20/02/2025,09:42:44,49717.6,49704.05,240,49717.6,210,30,936360
BANKNIFTY-II.NFO,20/02/2025,09:42:46,49717.6,49705.1,240,49719,210,0,936360
BANKNIFTY-II.NFO,20/02/2025,09:42:48,49717.6,49708.05,240,49721.95,210,0,936360
BANKNIFTY-II.NFO,20/02/2025,09:42:49,49717.6,49710.25,240,49721.85,30,0,936360
BANKNIFTY-II.NFO,20/02/2025,09:42:51,49717.6,49705,30,49717.9,210,0,936360
BANKNIFTY-II.NFO,20/02/2025,09:42:53,49717.6,49705,30,49713.05,210,0,936360
BANKNIFTY-II.NFO,20/02/2025,09:42:54,49705,49700.05,240,49705,30,30,936360
BANKNIFTY-II.NFO,20/02/2025,09:42:56,49705,49700.05,270,49705,30,0,936930
BANKNIFTY-II.NFO,20/02/2025,09:42:58,49705,49703.55,240,49718.25,210,30,936930
BANKNIFTY-II.NFO,20/02/2025,09:42:59,49705,49700.05,240,49714.45,210,0,936930
BANKNIFTY-II.NFO,20/02/2025,09:43:01,49705,49700,30,49709.95,210,0,936930
BANKNIFTY-II.NFO,20/02/2025,09:43:02,49705,49700,30,49709.35,210,0,936930
BANKNIFTY-II.NFO,20/02/2025,09:43:04,49705,49700,30,49709.45,210,0,936930
BANKNIFTY-II.NFO,20/02/2025,09:43:06,49705,49704.3,240,49718.2,210,0,936930
BANKNIFTY-II.NFO,20/02/2025,09:43:07,49705,49703.6,240,49717.45,240,0,936930
BANKNIFTY-II.NFO,20/02/2025,09:43:09,49705,49703.55,90,49716.6,210,0,936930
BANKNIFTY-II.NFO,20/02/2025,09:43:11,49705,49708.45,240,49718.95,30,0,936930
BANKNIFTY-II.NFO,20/02/2025,09:43:12,49705,49703.55,90,49717.45,210,0,936930
BANKNIFTY-II.NFO,20/02/2025,09:43:14,49705,49703.55,90,49712.25,210,0,936930
BANKNIFTY-II.NFO,20/02/2025,09:43:16,49705,49703.55,90,49710.55,210,0,936930
BANKNIFTY-II.NFO,20/02/2025,09:43:17,49700,49692.2,240,49705,30,120,936930
BANKNIFTY-II.NFO,20/02/2025,09:43:19,49700,49694.65,240,49705,30,0,936930
BANKNIFTY-II.NFO,20/02/2025,09:43:20,49705.35,49706.75,210,49718.95,30,90,936930
BANKNIFTY-II.NFO,20/02/2025,09:43:22,49705.35,49707.8,210,49718.95,30,0,936930
BANKNIFTY-II.NFO,20/02/2025,09:43:24,49707.75,49703.95,210,49718.9,240,30,936930
BANKNIFTY-II.NFO,20/02/2025,09:43:25,49707.75,49707.85,210,49718.95,30,0,936930
BANKNIFTY-II.NFO,20/02/2025,09:43:27,49708,49706.6,180,49718.95,30,30,936930
BANKNIFTY-II.NFO,20/02/2025,09:43:29,49708,49702.8,180,49717.9,240,0,936930
BANKNIFTY-II.NFO,20/02/2025,09:43:30,49708,49700.05,210,49717.95,30,0,936930
BANKNIFTY-II.NFO,20/02/2025,09:43:32,49708,49706.5,180,49718.95,30,0,936930
BANKNIFTY-II.NFO,20/02/2025,09:43:34,49708,49705.35,180,49720.3,240,0,936930
BANKNIFTY-II.NFO,20/02/2025,09:43:35,49708,49703.4,180,49718.3,240,0,936930
BANKNIFTY-II.NFO,20/02/2025,09:43:37,49708,49698.75,180,49713.05,270,0,936930
BANKNIFTY-II.NFO,20/02/2025,09:43:38,49708,49698.75,180,49711.95,30,0,936930
BANKNIFTY-II.NFO,20/02/2025,09:43:40,49708,49703.7,180,49718.7,240,0,936930
BANKNIFTY-II.NFO,20/02/2025,09:43:42,49708,49701.75,180,49715.95,30,0,936930
BANKNIFTY-II.NFO,20/02/2025,09:43:43,49708,49704.4,180,49717.95,30,0,936930
BANKNIFTY-II.NFO,20/02/2025,09:43:45,49708,49703.8,180,49717.9,240,0,936930
BANKNIFTY-II.NFO,20/02/2025,09:43:47,49708,49703.25,180,49718.4,240,0,936930
BANKNIFTY-II.NFO,20/02/2025,09:43:48,49708,49697.8,180,49711.25,240,0,936930
BANKNIFTY-II.NFO,20/02/2025,09:43:50,49708,49696.4,180,49710.9,270,0,936930
BANKNIFTY-II.NFO,20/02/2025,09:43:52,49708,49694.7,210,49711.9,240,0,936930
BANKNIFTY-II.NFO,20/02/2025,09:43:53,49708,49702.4,180,49713.95,30,0,936930
BANKNIFTY-II.NFO,20/02/2025,09:43:55,49708,49703.5,180,49718.8,240,0,936930
BANKNIFTY-II.NFO,20/02/2025,09:43:57,49708,49702.6,180,49718.5,240,0,936930
BANKNIFTY-II.NFO,20/02/2025,09:43:58,49708,49701.85,180,49718.9,240,0,936930
BANKNIFTY-II.NFO,20/02/2025,09:44:00,49708,49697.9,180,49713.35,240,0,936930
BANKNIFTY-II.NFO,20/02/2025,09:44:02,49708,49700.65,180,49715.95,270,0,936930
BANKNIFTY-II.NFO,20/02/2025,09:44:03,49708,49701.05,180,49716.1,240,0,936930
BANKNIFTY-II.NFO,20/02/2025,09:44:05,49708,49704.75,180,49717.65,30,0,936930
BANKNIFTY-II.NFO,20/02/2025,09:44:07,49708,49704.55,210,49717.65,30,0,936930
BANKNIFTY-II.NFO,20/02/2025,09:44:08,49708,49715,90,49724,30,0,936930
BANKNIFTY-II.NFO,20/02/2025,09:44:10,49708,49715,90,49723.95,30,0,936930
BANKNIFTY-II.NFO,20/02/2025,09:44:12,49715,49715,60,49723.95,30,30,936930
BANKNIFTY-II.NFO,20/02/2025,09:44:13,49715,49715.05,180,49724,30,30,936930
BANKNIFTY-II.NFO,20/02/2025,09:44:15,49716.15,49716.4,90,49729.05,30,90,936930
BANKNIFTY-II.NFO,20/02/2025,09:44:17,49716.15,49715,30,49727.55,240,0,936930
BANKNIFTY-II.NFO,20/02/2025,09:44:18,49716.15,49715.7,90,49727,30,0,936930
BANKNIFTY-II.NFO,20/02/2025,09:44:20,49716.15,49717.25,90,49728,30,0,936930
BANKNIFTY-II.NFO,20/02/2025,09:44:22,49716.15,49717.85,90,49729,30,0,936930
BANKNIFTY-II.NFO,20/02/2025,09:44:23,49716.15,49715.7,120,49728.95,30,0,936930
BANKNIFTY-II.NFO,20/02/2025,09:44:25,49715,49709.55,120,49715,30,30,936930
BANKNIFTY-II.NFO,20/02/2025,09:44:27,49715,49712.55,90,49723.95,30,30,936930
BANKNIFTY-II.NFO,20/02/2025,09:44:28,49715,49716.3,90,49727.95,30,0,936930
BANKNIFTY-II.NFO,20/02/2025,09:44:30,49715,49717.4,90,49729.95,30,0,936930
BANKNIFTY-II.NFO,20/02/2025,09:44:32,49719.8,49718.85,60,49730,30,30,936930
BANKNIFTY-II.NFO,20/02/2025,09:44:33,49719.8,49718.4,60,49730,30,0,936930
BANKNIFTY-II.NFO,20/02/2025,09:44:35,49719.8,49721,60,49730,30,0,936930
BANKNIFTY-II.NFO,20/02/2025,09:44:37,49721,49716.95,30,49730,30,30,936930
BANKNIFTY-II.NFO,20/02/2025,09:44:38,49718.1,49717.75,90,49731.95,30,120,936930
BANKNIFTY-II.NFO,20/02/2025,09:44:40,49718.1,49716.4,90,49731.95,30,0,936930
BANKNIFTY-II.NFO,20/02/2025,09:44:42,49724.85,49709.7,90,49724.25,60,180,936930
BANKNIFTY-II.NFO,20/02/2025,09:44:43,49724.85,49708,60,49721.25,240,0,936930
BANKNIFTY-II.NFO,20/02/2025,09:44:45,49724.85,49709.55,30,49721.75,60,0,936930
BANKNIFTY-II.NFO,20/02/2025,09:44:47,49724.85,49709.55,30,49720.9,60,0,936930
BANKNIFTY-II.NFO,20/02/2025,09:44:48,49724.85,49709.55,30,49722.05,60,0,936930
BANKNIFTY-II.NFO,20/02/2025,09:44:50,49724.85,49709.6,60,49723.95,30,0,936930
BANKNIFTY-II.NFO,20/02/2025,09:44:51,49724.85,49709.6,90,49723.95,30,0,936930
BANKNIFTY-II.NFO,20/02/2025,09:44:53,49724.85,49709.6,90,49724.6,240,0,936930
BANKNIFTY-II.NFO,20/02/2025,09:44:55,49724.85,49709.6,90,49721.2,30,0,936930
BANKNIFTY-II.NFO,20/02/2025,09:44:56,49724.85,49712.25,60,49727.5,270,0,936930
BANKNIFTY-II.NFO,20/02/2025,09:44:58,49724.85,49713.2,90,49727.55,30,0,936930
BANKNIFTY-II.NFO,20/02/2025,09:45:00,49724.85,49709.55,30,49723.9,330,0,936930
BANKNIFTY-II.NFO,20/02/2025,09:45:01,49724.85,49712.4,60,49720.85,30,0,936930
BANKNIFTY-II.NFO,20/02/2025,09:45:03,49724.85,49717.15,150,49731.85,30,0,936930
BANKNIFTY-II.NFO,20/02/2025,09:45:05,49724.85,49716.35,90,49731.2,30,0,936930
BANKNIFTY-II.NFO,20/02/2025,09:45:06,49724.85,49715.6,90,49731.25,240,0,936930
BANKNIFTY-II.NFO,20/02/2025,09:45:08,49730.45,49715.35,60,49730.25,270,30,936930
BANKNIFTY-II.NFO,20/02/2025,09:45:10,49730.45,49710,30,49723.35,60,0,936930
BANKNIFTY-II.NFO,20/02/2025,09:45:11,49708,49707.9,210,49721.85,30,120,936930
BANKNIFTY-II.NFO,20/02/2025,09:45:13,49708,49706,30,49714.55,30,0,936930
BANKNIFTY-II.NFO,20/02/2025,09:45:15,49700,49696.45,150,49705.95,60,60,936930
BANKNIFTY-II.NFO,20/02/2025,09:45:16,49702.4,49685,120,49701.9,240,300,936930
BANKNIFTY-II.NFO,20/02/2025,09:45:18,49702.4,49685.65,120,49701.9,270,0,936930
BANKNIFTY-II.NFO,20/02/2025,09:45:20,49702.4,49685.35,120,49700.4,270,0,936930
BANKNIFTY-II.NFO,20/02/2025,09:45:21,49702.4,49684.7,120,49695.95,30,0,936930
BANKNIFTY-II.NFO,20/02/2025,09:45:23,49702.4,49687.4,120,49706.65,240,0,936930
BANKNIFTY-II.NFO,20/02/2025,09:45:25,49702.4,49692.25,120,49708.95,240,0,936930
BANKNIFTY-II.NFO,20/02/2025,09:45:26,49702.4,49685.75,120,49700.7,240,0,936930
BANKNIFTY-II.NFO,20/02/2025,09:45:28,49702.4,49689.15,120,49703.7,240,0,936930
BANKNIFTY-II.NFO,20/02/2025,09:45:29,49702.4,49680.15,120,49695.15,240,0,936930
BANKNIFTY-II.NFO,20/02/2025,09:45:31,49702.4,49680.1,30,49691.65,240,0,936930
BANKNIFTY-II.NFO,20/02/2025,09:45:33,49702.4,49680.35,120,49693.6,30,0,936930
BANKNIFTY-II.NFO,20/02/2025,09:45:34,49702.4,49681.2,120,49693.6,30,0,936930
BANKNIFTY-II.NFO,20/02/2025,09:45:36,49693.05,49680.1,30,49692.85,240,60,936930
BANKNIFTY-II.NFO,20/02/2025,09:45:38,49680.15,49680.15,120,49691.5,60,60,936930
BANKNIFTY-II.NFO,20/02/2025,09:45:39,49676,49675,60,49676,30,240,936930
BANKNIFTY-II.NFO,20/02/2025,09:45:41,49685.55,49678.1,120,49690.8,30,120,936930
BANKNIFTY-II.NFO,20/02/2025,09:45:43,49685.55,49672.8,120,49689.55,240,0,936930
BANKNIFTY-II.NFO,20/02/2025,09:45:44,49672.75,49672.7,150,49685.95,30,30,936930
BANKNIFTY-II.NFO,20/02/2025,09:45:46,49672.75,49671.25,150,49685.75,60,0,936930
BANKNIFTY-II.NFO,20/02/2025,09:45:47,49672.75,49672.2,150,49684.95,60,0,936930
BANKNIFTY-II.NFO,20/02/2025,09:45:49,49684.6,49675.6,120,49688.75,30,30,936930
BANKNIFTY-II.NFO,20/02/2025,09:45:51,49684.6,49670.7,120,49682.85,30,0,936930
BANKNIFTY-II.NFO,20/02/2025,09:45:52,49684.6,49672.85,120,49684.8,30,0,936930
BANKNIFTY-II.NFO,20/02/2025,09:45:54,49684.6,49670.65,120,49683.5,30,0,936930
BANKNIFTY-II.NFO,20/02/2025,09:45:56,49684.6,49670.05,120,49683.25,30,0,936930
BANKNIFTY-II.NFO,20/02/2025,09:45:57,49684.6,49670,30,49681.7,30,0,936930
BANKNIFTY-II.NFO,20/02/2025,09:45:59,49670,49665,30,49674.15,30,30,938070
BANKNIFTY-II.NFO,20/02/2025,09:46:01,49670,49665,30,49669.2,30,0,938070
BANKNIFTY-II.NFO,20/02/2025,09:46:02,49665,49659,30,49663.4,30,30,938070
BANKNIFTY-II.NFO,20/02/2025,09:46:04,49665.6,49659,30,49667.5,240,60,938070
BANKNIFTY-II.NFO,20/02/2025,09:46:06,49665.6,49659,30,49664.5,240,0,938070
BANKNIFTY-II.NFO,20/02/2025,09:46:07,49659,49652.7,300,49663.2,60,30,938070
BANKNIFTY-II.NFO,20/02/2025,09:46:09,49659,49655.85,150,49669.2,240,0,938070
BANKNIFTY-II.NFO,20/02/2025,09:46:11,49659,49659,330,49669.25,60,0,938070
BANKNIFTY-II.NFO,20/02/2025,09:46:12,49659,49659.3,240,49669.25,60,0,938070
BANKNIFTY-II.NFO,20/02/2025,09:46:14,49659,49659,30,49665.25,240,0,938070
BANKNIFTY-II.NFO,20/02/2025,09:46:16,49659,49652.9,300,49658.95,30,30,938070
BANKNIFTY-II.NFO,20/02/2025,09:46:17,49658.95,49652.9,300,49658.95,60,30,938070
BANKNIFTY-II.NFO,20/02/2025,09:46:19,49659,49652.9,300,49659,60,30,938070
BANKNIFTY-II.NFO,20/02/2025,09:46:21,49652.9,49652.9,270,49659,60,30,938070
BANKNIFTY-II.NFO,20/02/2025,09:46:22,49652.9,49654.8,240,49659,60,0,938070
BANKNIFTY-II.NFO,20/02/2025,09:46:24,49652.9,49656.6,30,49659,60,0,938070
BANKNIFTY-II.NFO,20/02/2025,09:46:26,49659,49655.7,300,49669.15,240,60,938070
BANKNIFTY-II.NFO,20/02/2025,09:46:27,49659,49660.8,120,49669.6,30,0,938070
BANKNIFTY-II.NFO,20/02/2025,09:46:29,49659,49660.8,120,49670.35,30,0,938070
BANKNIFTY-II.NFO,20/02/2025,09:46:31,49671.95,49653.15,60,49668.05,120,450,938070
BANKNIFTY-II.NFO,20/02/2025,09:46:32,49671.95,49655.05,300,49667.25,120,0,938070
BANKNIFTY-II.NFO,20/02/2025,09:46:34,49671.95,49655,60,49666.9,120,0,938070
BANKNIFTY-II.NFO,20/02/2025,09:46:36,49650.5,49650,330,49650.5,60,60,938070
BANKNIFTY-II.NFO,20/02/2025,09:46:37,49648.55,49650.65,150,49657.9,60,420,938070
BANKNIFTY-II.NFO,20/02/2025,09:46:39,49648.55,49655.25,240,49664.3,30,0,938070
BANKNIFTY-II.NFO,20/02/2025,09:46:41,49655.9,49643.85,240,49661.9,150,30,938070
BANKNIFTY-II.NFO,20/02/2025,09:46:42,49630.9,49630.9,30,49636.2,30,150,938070
BANKNIFTY-II.NFO,20/02/2025,09:46:44,49640.9,49642.1,30,49647.9,60,120,938070
BANKNIFTY-II.NFO,20/02/2025,09:46:46,49658.9,49645.95,30,49658.65,60,60,938070
BANKNIFTY-II.NFO,20/02/2025,09:46:47,49658.9,49643.25,150,49657,150,0,938070
BANKNIFTY-II.NFO,20/02/2025,09:46:49,49651.45,49640.95,60,49651.35,30,120,938070
BANKNIFTY-II.NFO,20/02/2025,09:46:51,49651.45,49631.5,150,49641.8,30,0,938070
BANKNIFTY-II.NFO,20/02/2025,09:46:52,49630,49628.95,150,49637.85,30,120,938070
BANKNIFTY-II.NFO,20/02/2025,09:46:54,49629,49627.35,150,49637.95,30,420,938070
BANKNIFTY-II.NFO,20/02/2025,09:46:56,49629,49630.65,150,49636.15,30,0,938070
BANKNIFTY-II.NFO,20/02/2025,09:46:57,49638.2,49636.65,600,49650.65,60,60,938070
BANKNIFTY-II.NFO,20/02/2025,09:46:59,49633.9,49628.75,300,49637.6,30,120,938070
BANKNIFTY-II.NFO,20/02/2025,09:47:01,49633.9,49623.2,150,49633.7,30,0,938070
BANKNIFTY-II.NFO,20/02/2025,09:47:02,49624.95,49623.75,30,49631.45,60,330,938070
BANKNIFTY-II.NFO,20/02/2025,09:47:04,49623.75,49623.5,300,49628.4,30,60,938070
BANKNIFTY-II.NFO,20/02/2025,09:47:06,49623.5,49621.25,150,49627.35,30,30,938070
BANKNIFTY-II.NFO,20/02/2025,09:47:07,49627.4,49626.7,150,49628.4,30,270,938070
BANKNIFTY-II.NFO,20/02/2025,09:47:09,49615.35,49615,90,49617.3,30,450,938070
BANKNIFTY-II.NFO,20/02/2025,09:47:09,49615.3,49615,90,49617.3,30,0,938070
BANKNIFTY-II.NFO,20/02/2025,09:47:11,49606.85,49605.4,30,49617.25,30,510,938070
BANKNIFTY-II.NFO,20/02/2025,09:47:11,49606.85,49605.4,30,49617.25,30,0,938070
BANKNIFTY-II.NFO,20/02/2025,09:47:12,49607.05,49610.55,300,49617.25,30,630,938070
BANKNIFTY-II.NFO,20/02/2025,09:47:12,49606.55,49610.55,300,49617.25,30,0,938070
BANKNIFTY-II.NFO,20/02/2025,09:47:14,49612.5,49612.45,150,49617.1,60,300,938070
BANKNIFTY-II.NFO,20/02/2025,09:47:16,49611.65,49611.65,30,49617.05,30,90,938070
BANKNIFTY-II.NFO,20/02/2025,09:47:18,49611.8,49611.25,300,49617.05,30,60,938070
BANKNIFTY-II.NFO,20/02/2025,09:47:19,49604.35,49603.9,90,49612.95,30,390,938070
BANKNIFTY-II.NFO,20/02/2025,09:47:19,49603.8,49603.9,90,49612.95,30,0,938070
BANKNIFTY-II.NFO,20/02/2025,09:47:21,49608.25,49609.4,60,49616.1,30,450,938070
BANKNIFTY-II.NFO,20/02/2025,09:47:21,49603.05,49609.4,60,49616.1,30,0,938070
BANKNIFTY-II.NFO,20/02/2025,09:47:23,49607.05,49604.05,600,49616.5,60,90,938070
BANKNIFTY-II.NFO,20/02/2025,09:47:24,49604.65,49602,270,49608.1,30,630,938070
BANKNIFTY-II.NFO,20/02/2025,09:47:24,49602.05,49602,270,49608.1,30,0,938070
BANKNIFTY-II.NFO,20/02/2025,09:47:26,49605.25,49603.8,240,49614.85,90,150,938070
BANKNIFTY-II.NFO,20/02/2025,09:47:26,49602,49603.8,240,49614.85,90,0,938070
BANKNIFTY-II.NFO,20/02/2025,09:47:28,49601.1,49601,60,49606.5,90,330,938070
BANKNIFTY-II.NFO,20/02/2025,09:47:28,49601.1,49601,60,49606.5,90,0,938070
BANKNIFTY-II.NFO,20/02/2025,09:47:29,49591.25,49592.4,150,49599.9,60,1320,938070
BANKNIFTY-II.NFO,20/02/2025,09:47:29,49591.25,49592.4,150,49599.9,60,0,938070
BANKNIFTY-II.NFO,20/02/2025,09:47:31,49599.9,49591.8,300,49600,30,90,938070
BANKNIFTY-II.NFO,20/02/2025,09:47:33,49604.75,49594.35,30,49600,30,210,938070
BANKNIFTY-II.NFO,20/02/2025,09:47:34,49600,49596.85,300,49600.95,30,300,938070
BANKNIFTY-II.NFO,20/02/2025,09:47:36,49600.95,49596,150,49603.6,30,30,938070
BANKNIFTY-II.NFO,20/02/2025,09:47:38,49599.65,49598.2,300,49606.45,30,30,938070
BANKNIFTY-II.NFO,20/02/2025,09:47:39,49605.3,49604.6,60,49607.25,30,90,938070
BANKNIFTY-II.NFO,20/02/2025,09:47:41,49607.3,49607.25,30,49607.45,30,90,938070
BANKNIFTY-II.NFO,20/02/2025,09:47:43,49608.1,49607.05,300,49608.2,30,150,938070
BANKNIFTY-II.NFO,20/02/2025,09:47:44,49608.3,49607.7,300,49614.55,30,300,938070
BANKNIFTY-II.NFO,20/02/2025,09:47:46,49604,49607.25,30,49613.65,60,60,938070
BANKNIFTY-II.NFO,20/02/2025,09:47:48,49603.6,49604.25,240,49611.65,30,120,938070
BANKNIFTY-II.NFO,20/02/2025,09:47:49,49609.95,49605.6,300,49611.8,90,30,938070
BANKNIFTY-II.NFO,20/02/2025,09:47:51,49610.05,49609.75,300,49618.25,60,360,938070
BANKNIFTY-II.NFO,20/02/2025,09:47:53,49614.55,49614.65,240,49623.35,60,240,938070
BANKNIFTY-II.NFO,20/02/2025,09:47:54,49609.6,49608.5,150,49617.7,30,360,938070
BANKNIFTY-II.NFO,20/02/2025,09:47:56,49609.9,49613.5,240,49621.35,120,60,938070
BANKNIFTY-II.NFO,20/02/2025,09:47:58,49609.9,49610.25,240,49621.25,60,0,938070
BANKNIFTY-II.NFO,20/02/2025,09:47:59,49613.35,49613.35,240,49621.55,60,30,938070
BANKNIFTY-II.NFO,20/02/2025,09:48:01,49613.35,49624.5,240,49631,30,0,938070
BANKNIFTY-II.NFO,20/02/2025,09:48:03,49631,49630.45,240,49639.25,30,30,938070
BANKNIFTY-II.NFO,20/02/2025,09:48:04,49630.9,49631.4,240,49639,60,90,938070
BANKNIFTY-II.NFO,20/02/2025,09:48:06,49630.9,49625.6,300,49635.9,30,0,938070
BANKNIFTY-II.NFO,20/02/2025,09:48:08,49630.9,49617.45,150,49628.3,30,0,938070
BANKNIFTY-II.NFO,20/02/2025,09:48:09,49630.9,49612.9,150,49622,30,0,938070
BANKNIFTY-II.NFO,20/02/2025,09:48:11,49614.25,49617.7,210,49625.8,60,120,938070
BANKNIFTY-II.NFO,20/02/2025,09:48:13,49619.8,49619.25,240,49629.9,60,210,938070
BANKNIFTY-II.NFO,20/02/2025,09:48:14,49619.25,49622.05,240,49629.9,30,60,938070
BANKNIFTY-II.NFO,20/02/2025,09:48:16,49619.15,49620.7,240,49630.1,30,60,938070
BANKNIFTY-II.NFO,20/02/2025,09:48:18,49619.15,49619.9,240,49627.7,90,0,938070
BANKNIFTY-II.NFO,20/02/2025,09:48:19,49614.15,49621.25,240,49633.3,30,30,938070
BANKNIFTY-II.NFO,20/02/2025,09:48:21,49630.05,49621.45,60,49632.55,60,60,938070
BANKNIFTY-II.NFO,20/02/2025,09:48:23,49623.1,49620.75,300,49630.8,30,30,938070
BANKNIFTY-II.NFO,20/02/2025,09:48:24,49623.1,49624.5,60,49630.7,30,0,938070
BANKNIFTY-II.NFO,20/02/2025,09:48:26,49621.55,49620.5,240,49629.7,30,900,938070
BANKNIFTY-II.NFO,20/02/2025,09:48:28,49619.6,49619.05,300,49629.7,60,960,938070
BANKNIFTY-II.NFO,20/02/2025,09:48:29,49619.6,49621.55,150,49629.7,60,0,938070
BANKNIFTY-II.NFO,20/02/2025,09:48:31,49619.6,49622.2,150,49634.95,60,0,938070
BANKNIFTY-II.NFO,20/02/2025,09:48:33,49622.15,49622.75,330,49634.2,60,600,938070
BANKNIFTY-II.NFO,20/02/2025,09:48:34,49622.15,49621.35,30,49632.2,60,0,938070
BANKNIFTY-II.NFO,20/02/2025,09:48:36,49637.9,49627.6,300,49639.75,30,150,938070
BANKNIFTY-II.NFO,20/02/2025,09:48:38,49637.9,49629.6,60,49639.75,30,0,938070
BANKNIFTY-II.NFO,20/02/2025,09:48:39,49637.9,49631,60,49642.9,30,0,938070
BANKNIFTY-II.NFO,20/02/2025,09:48:41,49637.9,49629.15,60,49640.45,90,0,938070
BANKNIFTY-II.NFO,20/02/2025,09:48:43,49638.55,49626.35,60,49638.5,30,30,938070
BANKNIFTY-II.NFO,20/02/2025,09:48:44,49638.55,49627.3,330,49639.9,30,0,938070
BANKNIFTY-II.NFO,20/02/2025,09:48:46,49637.9,49629.65,30,49637.9,30,60,938070
BANKNIFTY-II.NFO,20/02/2025,09:48:47,49637.9,49627.95,270,49637.9,30,0,938070
BANKNIFTY-II.NFO,20/02/2025,09:48:49,49637.9,49628.8,30,49637.9,30,0,938070
BANKNIFTY-II.NFO,20/02/2025,09:48:51,49637.9,49631.05,30,49637.9,30,0,938070
BANKNIFTY-II.NFO,20/02/2025,09:48:52,49637.9,49632.05,240,49637.9,60,0,938070
BANKNIFTY-II.NFO,20/02/2025,09:48:54,49632.05,49630,30,49637.85,30,30,948900
BANKNIFTY-II.NFO,20/02/2025,09:48:56,49632.05,49630,90,49636.35,30,0,948900
BANKNIFTY-II.NFO,20/02/2025,09:48:57,49632.05,49630,90,49632.7,30,0,948900
BANKNIFTY-II.NFO,20/02/2025,09:48:59,49632.05,49630,90,49632.1,60,0,948900
BANKNIFTY-II.NFO,20/02/2025,09:49:01,49632.05,49630.05,60,49632.1,60,0,948900
BANKNIFTY-II.NFO,20/02/2025,09:49:02,49630,49620.15,300,49629.75,30,150,948900
BANKNIFTY-II.NFO,20/02/2025,09:49:04,49618.2,49616.25,300,49626.5,270,90,948900
BANKNIFTY-II.NFO,20/02/2025,09:49:06,49624.45,49618.4,30,49624.5,30,60,948900
BANKNIFTY-II.NFO,20/02/2025,09:49:07,49621.45,49615.4,30,49621.3,30,90,948900
BANKNIFTY-II.NFO,20/02/2025,09:49:09,49615,49612.7,30,49622.3,240,120,948900
BANKNIFTY-II.NFO,20/02/2025,09:49:11,49611.95,49610.5,30,49612.05,30,240,948900
BANKNIFTY-II.NFO,20/02/2025,09:49:12,49623.8,49616.35,30,49623.85,30,180,948900
BANKNIFTY-II.NFO,20/02/2025,09:49:14,49613.35,49610,60,49619.2,240,60,948900
BANKNIFTY-II.NFO,20/02/2025,09:49:16,49610,49608,60,49618.6,60,90,948900
BANKNIFTY-II.NFO,20/02/2025,09:49:17,49608,49603.35,30,49614.8,60,90,948900
BANKNIFTY-II.NFO,20/02/2025,09:49:19,49610.65,49610,30,49619.75,60,690,948900
BANKNIFTY-II.NFO,20/02/2025,09:49:21,49610.65,49612.4,300,49623.7,60,0,948900
BANKNIFTY-II.NFO,20/02/2025,09:49:22,49610.65,49610.45,60,49620.25,30,0,948900
BANKNIFTY-II.NFO,20/02/2025,09:49:24,49610.65,49612.6,60,49623.3,240,0,948900
BANKNIFTY-II.NFO,20/02/2025,09:49:26,49610,49609.45,300,49619.45,60,30,948900
BANKNIFTY-II.NFO,20/02/2025,09:49:28,49609.45,49612.75,300,49619.45,60,30,948900
BANKNIFTY-II.NFO,20/02/2025,09:49:29,49609.45,49614.4,300,49619.45,60,0,948900
BANKNIFTY-II.NFO,20/02/2025,09:49:31,49619.45,49620.1,30,49629.9,60,60,948900
BANKNIFTY-II.NFO,20/02/2025,09:49:33,49619.45,49620.1,30,49626.7,30,0,948900
BANKNIFTY-II.NFO,20/02/2025,09:49:34,49628.95,49620.1,30,49626.55,60,60,948900
BANKNIFTY-II.NFO,20/02/2025,09:49:36,49628.7,49620,30,49628.7,60,30,948900
BANKNIFTY-II.NFO,20/02/2025,09:49:38,49628.7,49620,30,49628.7,60,0,948900
BANKNIFTY-II.NFO,20/02/2025,09:49:41,49620,49621.05,240,49628.7,60,30,948900
BANKNIFTY-II.NFO,20/02/2025,09:49:43,49621.1,49620.25,300,49631.9,30,120,948900
BANKNIFTY-II.NFO,20/02/2025,09:49:44,49621.1,49614.7,90,49627.55,30,0,948900
BANKNIFTY-II.NFO,20/02/2025,09:49:46,49621.1,49614.25,300,49625.35,30,0,948900
BANKNIFTY-II.NFO,20/02/2025,09:49:48,49621.1,49621,30,49627.25,30,0,948900
BANKNIFTY-II.NFO,20/02/2025,09:49:49,49621,49614.4,240,49621,30,30,948900
BANKNIFTY-II.NFO,20/02/2025,09:49:51,49621,49620,120,49621,30,0,948900
BANKNIFTY-II.NFO,20/02/2025,09:49:53,49620,49613.55,60,49619.2,60,120,948900
BANKNIFTY-II.NFO,20/02/2025,09:49:54,49620,49611.15,300,49618.9,60,0,948900
BANKNIFTY-II.NFO,20/02/2025,09:49:56,49609.9,49609.45,30,49614.95,30,360,948900
BANKNIFTY-II.NFO,20/02/2025,09:49:57,49609.45,49609.35,30,49615,30,120,948900
BANKNIFTY-II.NFO,20/02/2025,09:49:59,49607.55,49607.55,90,49615,30,60,948900
BANKNIFTY-II.NFO,20/02/2025,09:50:01,49609.6,49609.9,30,49614.95,30,120,948900
BANKNIFTY-II.NFO,20/02/2025,09:50:02,49603.65,49605.4,150,49614.95,60,360,948900
BANKNIFTY-II.NFO,20/02/2025,09:50:04,49609.8,49608.9,90,49615,30,60,948900
BANKNIFTY-II.NFO,20/02/2025,09:50:06,49609.8,49606.8,30,49614.95,30,0,948900
