Ticker,Date,Time,LTP,BuyPrice,BuyQty,SellPrice,SellQty,LTQ,OpenInterest
BANKNIFTY-III.NFO,20/02/2025,09:15:14,50147.55,50072.25,60,50108.4,30,30,75540
BANKNIFTY-III.NFO,20/02/2025,09:15:14,50147.55,50072.25,60,50108.4,30,0,75540
BANKNIFTY-III.NFO,20/02/2025,09:15:14,50147.55,50072.25,60,50108.4,30,0,75540
BANKNIFTY-III.NFO,20/02/2025,09:15:14,50147.55,50072.25,60,50108.4,30,0,75540
BANKNIFTY-III.NFO,20/02/2025,09:15:16,50112.6,50085.15,60,50114,150,30,75540
BANKNIFTY-III.NFO,20/02/2025,09:15:16,50112.6,50085.15,60,50114,150,0,75540
BANKNIFTY-III.NFO,20/02/2025,09:15:18,50127.45,50099.8,60,50127.8,90,30,75540
BANKNIFTY-III.NFO,20/02/2025,09:15:19,50127.45,50103.1,210,50138.7,90,0,75540
BANKNIFTY-III.NFO,20/02/2025,09:15:21,50127.45,50111.25,60,50140.95,30,0,75540
BANKNIFTY-III.NFO,20/02/2025,09:15:22,50127.45,50117.05,60,50140.65,30,0,75540
BANKNIFTY-III.NFO,20/02/2025,09:15:24,50127.45,50112.3,60,50141.05,150,0,75540
BANKNIFTY-III.NFO,20/02/2025,09:15:26,50127.45,50114.2,60,50147.8,90,0,75540
BANKNIFTY-III.NFO,20/02/2025,09:15:27,50127.45,50113.4,60,50138.45,90,0,75540
BANKNIFTY-III.NFO,20/02/2025,09:15:29,50127.45,50103.75,60,50131.4,150,30,75540
BANKNIFTY-III.NFO,20/02/2025,09:15:30,50127.45,50096.4,60,50121.95,90,0,75540
BANKNIFTY-III.NFO,20/02/2025,09:15:32,50127.45,50100,30,50122.05,150,0,75540
BANKNIFTY-III.NFO,20/02/2025,09:15:34,50127.45,50100,30,50116.95,90,0,75540
BANKNIFTY-III.NFO,20/02/2025,09:15:35,50127.45,50100.05,60,50120.55,90,0,75540
BANKNIFTY-III.NFO,20/02/2025,09:15:37,50127.45,50100.05,60,50125.5,150,0,75540
BANKNIFTY-III.NFO,20/02/2025,09:15:38,50127.45,50100.05,90,50122.05,90,0,75540
BANKNIFTY-III.NFO,20/02/2025,09:15:40,50129.6,50114.25,90,50140.5,90,30,75540
BANKNIFTY-III.NFO,20/02/2025,09:15:42,50151.5,50127.2,90,50150.8,60,120,75540
BANKNIFTY-III.NFO,20/02/2025,09:15:42,50151.5,50127.2,90,50150.8,60,0,75540
BANKNIFTY-III.NFO,20/02/2025,09:15:43,50151.5,50136,60,50162.35,90,0,75540
BANKNIFTY-III.NFO,20/02/2025,09:15:45,50151.5,50142.3,90,50171.75,60,0,75540
BANKNIFTY-III.NFO,20/02/2025,09:15:47,50151.5,50147.75,90,50175.05,30,0,75540
BANKNIFTY-III.NFO,20/02/2025,09:15:48,50151.5,50153.9,60,50180,60,0,75540
BANKNIFTY-III.NFO,20/02/2025,09:15:50,50151.5,50151.25,90,50175.6,120,0,75540
BANKNIFTY-III.NFO,20/02/2025,09:15:51,50151.5,50156.9,90,50180,30,0,75540
BANKNIFTY-III.NFO,20/02/2025,09:15:53,50151.5,50163.55,60,50180,30,0,75540
BANKNIFTY-III.NFO,20/02/2025,09:15:55,50151.5,50155.55,90,50178.4,30,0,75540
BANKNIFTY-III.NFO,20/02/2025,09:15:56,50151.5,50166.15,60,50180,30,0,75540
BANKNIFTY-III.NFO,20/02/2025,09:15:58,50151.5,50176.05,60,50180,30,0,75540
BANKNIFTY-III.NFO,20/02/2025,09:16:00,50151.5,50169.95,60,50180,30,0,75540
BANKNIFTY-III.NFO,20/02/2025,09:16:01,50151.5,50166.1,90,50180,30,0,75540
BANKNIFTY-III.NFO,20/02/2025,09:16:03,50151.5,50162.2,90,50180,30,0,75540
BANKNIFTY-III.NFO,20/02/2025,09:16:04,50151.5,50158.05,60,50180,60,0,75540
BANKNIFTY-III.NFO,20/02/2025,09:16:06,50151.5,50160,30,50175.25,90,0,75540
BANKNIFTY-III.NFO,20/02/2025,09:16:08,50151.5,50160.05,60,50180,60,0,75540
BANKNIFTY-III.NFO,20/02/2025,09:16:09,50151.5,50166.05,90,50180,30,0,75540
BANKNIFTY-III.NFO,20/02/2025,09:16:11,50151.5,50164,60,50180,30,0,75540
BANKNIFTY-III.NFO,20/02/2025,09:16:12,50151.5,50160.05,60,50180,60,0,75540
BANKNIFTY-III.NFO,20/02/2025,09:16:14,50151.5,50168.95,60,50180,30,0,75540
BANKNIFTY-III.NFO,20/02/2025,09:16:16,50151.5,50165.45,60,50180,30,0,75540
BANKNIFTY-III.NFO,20/02/2025,09:16:17,50151.5,50165.95,60,50180,30,0,75540
BANKNIFTY-III.NFO,20/02/2025,09:16:19,50151.5,50170,60,50180,30,0,75540
BANKNIFTY-III.NFO,20/02/2025,09:16:20,50151.5,50167.5,60,50180,30,0,75540
BANKNIFTY-III.NFO,20/02/2025,09:16:22,50171.35,50173.5,60,50180,30,60,75570
BANKNIFTY-III.NFO,20/02/2025,09:16:22,50171.35,50173.5,60,50180,30,0,75570
BANKNIFTY-III.NFO,20/02/2025,09:16:24,50180,50183.65,90,50200,30,30,75570
BANKNIFTY-III.NFO,20/02/2025,09:16:24,50180,50183.65,90,50200,30,0,75570
BANKNIFTY-III.NFO,20/02/2025,09:16:25,50180,50178.2,60,50199.95,90,0,75570
BANKNIFTY-III.NFO,20/02/2025,09:16:27,50180,50173.65,90,50195.2,60,0,75570
BANKNIFTY-III.NFO,20/02/2025,09:16:28,50180,50170.35,90,50192,60,0,75570
BANKNIFTY-III.NFO,20/02/2025,09:16:30,50180,50172.75,60,50196,60,0,75570
BANKNIFTY-III.NFO,20/02/2025,09:16:32,50180,50173.5,90,50197.2,60,0,75570
BANKNIFTY-III.NFO,20/02/2025,09:16:33,50180,50171.35,60,50192.4,60,0,75570
BANKNIFTY-III.NFO,20/02/2025,09:16:35,50180,50161.95,60,50188.6,60,0,75570
BANKNIFTY-III.NFO,20/02/2025,09:16:37,50180,50165.55,90,50188.6,60,0,75570
BANKNIFTY-III.NFO,20/02/2025,09:16:38,50180,50164,90,50185.9,60,0,75570
BANKNIFTY-III.NFO,20/02/2025,09:16:40,50180,50166.85,90,50188.6,60,0,75570
BANKNIFTY-III.NFO,20/02/2025,09:16:42,50180,50166.95,90,50188.45,60,0,75570
BANKNIFTY-III.NFO,20/02/2025,09:16:43,50180,50166.5,60,50188.4,60,0,75570
BANKNIFTY-III.NFO,20/02/2025,09:16:45,50180,50170,30,50187.8,90,0,75570
BANKNIFTY-III.NFO,20/02/2025,09:16:47,50180,50170,30,50188.85,90,0,75570
BANKNIFTY-III.NFO,20/02/2025,09:16:48,50180,50170,30,50186.2,90,0,75570
BANKNIFTY-III.NFO,20/02/2025,09:16:50,50180,50170,30,50180.5,90,0,75570
BANKNIFTY-III.NFO,20/02/2025,09:16:51,50180,50170,30,50178.05,90,0,75570
BANKNIFTY-III.NFO,20/02/2025,09:16:53,50170,50165,30,50169.75,90,30,75570
BANKNIFTY-III.NFO,20/02/2025,09:16:55,50165,50161.5,300,50161.55,90,30,75570
BANKNIFTY-III.NFO,20/02/2025,09:16:56,50161.5,50161.5,210,50166.75,60,90,75570
BANKNIFTY-III.NFO,20/02/2025,09:16:58,50161.5,50161.5,210,50166.2,60,0,75570
BANKNIFTY-III.NFO,20/02/2025,09:17:00,50161.5,50161.5,210,50166.9,60,0,75570
BANKNIFTY-III.NFO,20/02/2025,09:17:01,50161.5,50136.5,90,50160.55,60,210,75570
BANKNIFTY-III.NFO,20/02/2025,09:17:03,50136.75,50128.45,60,50150.2,60,30,75570
BANKNIFTY-III.NFO,20/02/2025,09:17:04,50129.25,50127.45,30,50145.2,60,30,75570
BANKNIFTY-III.NFO,20/02/2025,09:17:06,50129.25,50127.45,30,50141.05,90,0,75570
BANKNIFTY-III.NFO,20/02/2025,09:17:08,50129.25,50127.45,30,50144.4,90,0,75570
BANKNIFTY-III.NFO,20/02/2025,09:17:09,50129.25,50127.45,30,50143.85,90,0,75570
BANKNIFTY-III.NFO,20/02/2025,09:17:11,50129.25,50127.45,30,50139.45,60,0,75570
BANKNIFTY-III.NFO,20/02/2025,09:17:13,50129.25,50127.45,30,50135.65,90,0,75570
BANKNIFTY-III.NFO,20/02/2025,09:17:14,50129.25,50127.45,30,50137.5,90,0,75570
BANKNIFTY-III.NFO,20/02/2025,09:17:16,50127.45,50118.95,30,50140.9,60,30,75570
BANKNIFTY-III.NFO,20/02/2025,09:17:17,50127.45,50112.6,30,50135.9,60,0,75570
BANKNIFTY-III.NFO,20/02/2025,09:17:19,50112.6,50112,90,50133.2,60,30,75570
BANKNIFTY-III.NFO,20/02/2025,09:17:21,50112.6,50112,90,50133.2,60,0,75570
BANKNIFTY-III.NFO,20/02/2025,09:17:22,50112.6,50112,60,50129.05,90,0,75570
BANKNIFTY-III.NFO,20/02/2025,09:17:24,50112.6,50112,30,50130.65,90,0,75570
BANKNIFTY-III.NFO,20/02/2025,09:17:25,50112.6,50112.6,30,50124.9,90,0,75570
BANKNIFTY-III.NFO,20/02/2025,09:17:27,50112.6,50112.6,30,50121.15,60,0,75570
BANKNIFTY-III.NFO,20/02/2025,09:17:29,50112.6,50112.6,30,50127.1,90,0,75570
BANKNIFTY-III.NFO,20/02/2025,09:17:30,50112.6,50112.6,30,50128.8,90,0,75570
BANKNIFTY-III.NFO,20/02/2025,09:17:32,50112.6,50112.6,60,50126.45,60,0,75570
BANKNIFTY-III.NFO,20/02/2025,09:17:34,50112.6,50114.45,150,50136.25,90,0,75570
BANKNIFTY-III.NFO,20/02/2025,09:17:35,50112.6,50118.8,30,50139.75,90,0,75570
BANKNIFTY-III.NFO,20/02/2025,09:17:37,50112.6,50118,30,50138.65,60,0,75570
BANKNIFTY-III.NFO,20/02/2025,09:17:38,50112.6,50115.45,30,50136.9,60,0,75570
BANKNIFTY-III.NFO,20/02/2025,09:17:40,50112.6,50114.9,30,50135.65,150,0,75570
BANKNIFTY-III.NFO,20/02/2025,09:17:42,50112.6,50116.1,180,50137.3,60,0,75570
BANKNIFTY-III.NFO,20/02/2025,09:17:43,50112.6,50117.95,30,50137.8,150,0,75570
BANKNIFTY-III.NFO,20/02/2025,09:17:45,50112.6,50114.45,30,50135.45,90,0,75570
BANKNIFTY-III.NFO,20/02/2025,09:17:47,50112.6,50115.25,150,50138.1,60,0,75570
BANKNIFTY-III.NFO,20/02/2025,09:17:48,50112.6,50121.05,30,50141.8,90,0,75570
BANKNIFTY-III.NFO,20/02/2025,09:17:50,50112.6,50122.7,180,50145.45,90,0,75570
BANKNIFTY-III.NFO,20/02/2025,09:17:51,50123.9,50124.55,180,50146.8,60,30,75570
BANKNIFTY-III.NFO,20/02/2025,09:17:53,50123.9,50128.55,30,50150.65,60,0,75570
BANKNIFTY-III.NFO,20/02/2025,09:17:55,50123.9,50128.2,30,50148.5,90,0,75570
BANKNIFTY-III.NFO,20/02/2025,09:17:56,50123.9,50126.05,180,50148.45,60,0,75570
BANKNIFTY-III.NFO,20/02/2025,09:17:58,50123.9,50120,180,50140.35,60,0,75570
BANKNIFTY-III.NFO,20/02/2025,09:18:00,50123.9,50120,150,50138.45,90,0,75570
BANKNIFTY-III.NFO,20/02/2025,09:18:01,50140,50120,180,50140.75,90,30,75570
BANKNIFTY-III.NFO,20/02/2025,09:18:03,50140,50130,30,50135.8,60,0,75570
BANKNIFTY-III.NFO,20/02/2025,09:18:04,50130,50120,150,50133.8,90,30,75570
BANKNIFTY-III.NFO,20/02/2025,09:18:06,50130,50120,150,50135.9,90,0,75570
BANKNIFTY-III.NFO,20/02/2025,09:18:08,50130,50120,150,50134.1,60,0,75570
BANKNIFTY-III.NFO,20/02/2025,09:18:09,50130,50120,180,50138,90,0,75570
BANKNIFTY-III.NFO,20/02/2025,09:18:11,50130,50120,150,50136.25,60,0,75570
BANKNIFTY-III.NFO,20/02/2025,09:18:12,50130,50120,180,50137.2,240,0,75570
BANKNIFTY-III.NFO,20/02/2025,09:18:14,50130,50121.15,30,50142.6,90,0,75570
BANKNIFTY-III.NFO,20/02/2025,09:18:16,50130,50120,180,50140.6,90,0,75570
BANKNIFTY-III.NFO,20/02/2025,09:18:17,50130,50120,150,50136.25,90,0,75570
BANKNIFTY-III.NFO,20/02/2025,09:18:19,50130,50120,180,50140.55,60,0,75570
BANKNIFTY-III.NFO,20/02/2025,09:18:20,50130,50120,150,50136.4,90,0,75570
BANKNIFTY-III.NFO,20/02/2025,09:18:22,50130,50120,150,50127.95,60,0,75570
BANKNIFTY-III.NFO,20/02/2025,09:18:24,50130,50120,150,50125.55,60,0,75570
BANKNIFTY-III.NFO,20/02/2025,09:18:25,50130,50120,150,50132.35,60,0,75570
BANKNIFTY-III.NFO,20/02/2025,09:18:27,50130,50120,150,50131.55,60,0,75570
BANKNIFTY-III.NFO,20/02/2025,09:18:28,50130,50120,150,50126.9,60,0,75570
BANKNIFTY-III.NFO,20/02/2025,09:18:30,50130,50120,150,50128.65,60,0,75570
BANKNIFTY-III.NFO,20/02/2025,09:18:31,50130,50120,150,50126.1,60,0,75570
BANKNIFTY-III.NFO,20/02/2025,09:18:33,50120,50120,120,50124.55,60,30,75570
BANKNIFTY-III.NFO,20/02/2025,09:18:35,50120,50120,120,50130.3,90,0,75570
BANKNIFTY-III.NFO,20/02/2025,09:18:36,50120,50120,120,50126.3,60,0,75570
BANKNIFTY-III.NFO,20/02/2025,09:18:38,50120,50120,120,50125.9,60,0,75570
BANKNIFTY-III.NFO,20/02/2025,09:18:39,50120,50120,90,50122,60,30,75570
BANKNIFTY-III.NFO,20/02/2025,09:18:41,50122.2,50120,90,50122,60,30,75570
BANKNIFTY-III.NFO,20/02/2025,09:18:42,50122.2,50120,90,50127.45,60,0,75570
BANKNIFTY-III.NFO,20/02/2025,09:18:44,50122.2,50120,90,50124.45,60,0,75570
BANKNIFTY-III.NFO,20/02/2025,09:18:46,50120,50112.6,30,50120.75,90,90,75570
BANKNIFTY-III.NFO,20/02/2025,09:18:47,50120,50112.6,30,50120.95,60,0,75570
BANKNIFTY-III.NFO,20/02/2025,09:18:49,50120,50112.6,30,50121.85,60,0,75570
BANKNIFTY-III.NFO,20/02/2025,09:18:51,50120,50112.6,30,50123.6,60,0,75570
BANKNIFTY-III.NFO,20/02/2025,09:18:52,50120,50112.65,60,50132.45,60,0,75570
BANKNIFTY-III.NFO,20/02/2025,09:18:54,50120,50112.65,60,50129.4,90,0,75570
BANKNIFTY-III.NFO,20/02/2025,09:18:55,50120,50112.65,60,50132.75,60,0,75570
BANKNIFTY-III.NFO,20/02/2025,09:18:57,50120,50112.65,60,50131.9,60,0,75570
BANKNIFTY-III.NFO,20/02/2025,09:18:59,50120,50112.65,60,50129.8,90,0,75570
BANKNIFTY-III.NFO,20/02/2025,09:19:00,50120,50112.6,30,50122.3,60,0,75570
BANKNIFTY-III.NFO,20/02/2025,09:19:02,50120,50112.6,30,50116.4,60,0,75570
BANKNIFTY-III.NFO,20/02/2025,09:19:03,50120,50112.6,30,50114.65,60,0,75570
BANKNIFTY-III.NFO,20/02/2025,09:19:05,50120,50112.6,30,50114.1,60,0,75570
BANKNIFTY-III.NFO,20/02/2025,09:19:06,50120,50112.6,30,50116.15,60,0,75570
BANKNIFTY-III.NFO,20/02/2025,09:19:08,50120,50112.6,30,50119.35,60,0,75570
BANKNIFTY-III.NFO,20/02/2025,09:19:10,50120,50112.6,30,50119.95,60,0,75570
BANKNIFTY-III.NFO,20/02/2025,09:19:11,50120,50112.6,30,50119.85,60,0,75570
BANKNIFTY-III.NFO,20/02/2025,09:19:13,50120,50112.6,30,50118.55,60,0,75570
BANKNIFTY-III.NFO,20/02/2025,09:19:15,50120,50112.6,30,50119.8,90,0,75570
BANKNIFTY-III.NFO,20/02/2025,09:19:16,50120,50112.6,30,50120,30,0,75570
BANKNIFTY-III.NFO,20/02/2025,09:19:18,50120,50112.6,30,50118.25,60,0,75570
BANKNIFTY-III.NFO,20/02/2025,09:19:19,50120,50112.65,30,50120,30,0,75570
BANKNIFTY-III.NFO,20/02/2025,09:19:21,50120,50115,30,50125,30,30,75570
BANKNIFTY-III.NFO,20/02/2025,09:19:23,50120,50115,30,50119.35,60,0,75570
BANKNIFTY-III.NFO,20/02/2025,09:19:24,50120,50115,30,50116.35,60,0,75570
BANKNIFTY-III.NFO,20/02/2025,09:19:26,50115,50112.6,60,50123.2,60,30,75570
BANKNIFTY-III.NFO,20/02/2025,09:19:27,50115,50112.6,60,50123.8,90,0,75570
BANKNIFTY-III.NFO,20/02/2025,09:19:29,50115.1,50112.6,60,50115.4,60,30,75570
BANKNIFTY-III.NFO,20/02/2025,09:19:31,50115.1,50112.6,60,50113.8,60,0,75570
BANKNIFTY-III.NFO,20/02/2025,09:19:32,50115.1,50112.6,60,50116.4,60,0,75570
BANKNIFTY-III.NFO,20/02/2025,09:19:34,50115.1,50112.6,60,50116,60,0,75570
BANKNIFTY-III.NFO,20/02/2025,09:19:35,50115.1,50112.6,60,50114.2,60,0,75570
BANKNIFTY-III.NFO,20/02/2025,09:19:37,50112,50110,30,50112.65,150,120,75570
BANKNIFTY-III.NFO,20/02/2025,09:19:37,50112,50110,30,50112.65,150,0,75570
BANKNIFTY-III.NFO,20/02/2025,09:19:39,50100,50100,30,50108.45,60,60,75570
BANKNIFTY-III.NFO,20/02/2025,09:19:39,50100,50100,30,50108.45,60,0,75570
BANKNIFTY-III.NFO,20/02/2025,09:19:40,50111.65,50100,120,50109.55,60,30,75570
BANKNIFTY-III.NFO,20/02/2025,09:19:42,50108.75,50100,120,50110.05,60,30,75570
BANKNIFTY-III.NFO,20/02/2025,09:19:43,50108.75,50100.05,60,50118.55,30,0,75570
BANKNIFTY-III.NFO,20/02/2025,09:19:45,50108.75,50111.65,30,50117.95,60,0,75570
BANKNIFTY-III.NFO,20/02/2025,09:19:46,50111.65,50100,120,50110.4,60,30,75570
BANKNIFTY-III.NFO,20/02/2025,09:19:48,50111.65,50100,120,50109.95,60,0,75570
BANKNIFTY-III.NFO,20/02/2025,09:19:50,50111.65,50100,120,50111.15,60,0,75570
BANKNIFTY-III.NFO,20/02/2025,09:19:51,50100,50100,90,50109.75,60,30,75570
BANKNIFTY-III.NFO,20/02/2025,09:19:53,50100,50100,60,50108.1,60,30,75570
BANKNIFTY-III.NFO,20/02/2025,09:19:55,50100,50100,60,50101.85,60,0,75570
BANKNIFTY-III.NFO,20/02/2025,09:19:56,50100,50100,60,50106.55,60,0,75570
BANKNIFTY-III.NFO,20/02/2025,09:19:58,50100,50100,60,50103.1,60,0,75570
BANKNIFTY-III.NFO,20/02/2025,09:20:00,50100,50100,60,50108.1,60,0,75570
BANKNIFTY-III.NFO,20/02/2025,09:20:01,50100,50080.65,30,50099.4,60,90,75570
BANKNIFTY-III.NFO,20/02/2025,09:20:03,50100,50081.45,30,50101.95,60,0,75570
BANKNIFTY-III.NFO,20/02/2025,09:20:05,50100,50077.65,30,50096.65,90,0,75570
BANKNIFTY-III.NFO,20/02/2025,09:20:06,50100,50079.65,60,50099.95,30,0,75570
BANKNIFTY-III.NFO,20/02/2025,09:20:08,50100,50079,30,50099.5,90,0,75570
BANKNIFTY-III.NFO,20/02/2025,09:20:09,50100,50079,30,50097.8,90,0,75570
BANKNIFTY-III.NFO,20/02/2025,09:20:11,50100,50074.5,30,50094.5,120,0,75570
BANKNIFTY-III.NFO,20/02/2025,09:20:13,50100,50076.9,30,50097.1,60,0,75570
BANKNIFTY-III.NFO,20/02/2025,09:20:14,50100,50075,30,50086,60,0,75570
BANKNIFTY-III.NFO,20/02/2025,09:20:16,50075,50055.5,30,50074.8,60,30,75570
BANKNIFTY-III.NFO,20/02/2025,09:20:16,50075,50055.5,30,50074.8,60,0,75570
BANKNIFTY-III.NFO,20/02/2025,09:20:18,50075,50050.05,60,50067.45,90,0,75570
BANKNIFTY-III.NFO,20/02/2025,09:20:19,50075,50050.05,60,50067.85,90,0,75570
BANKNIFTY-III.NFO,20/02/2025,09:20:21,50075,50050,90,50061.4,60,0,75570
BANKNIFTY-III.NFO,20/02/2025,09:20:23,50075,50050,90,50054.35,60,0,75570
BANKNIFTY-III.NFO,20/02/2025,09:20:24,50075,50050,90,50055.8,60,0,75570
BANKNIFTY-III.NFO,20/02/2025,09:20:26,50075,50050,90,50052.3,60,0,75570
BANKNIFTY-III.NFO,20/02/2025,09:20:28,50075,50050,90,50061.75,150,0,75570
BANKNIFTY-III.NFO,20/02/2025,09:20:29,50075,50050.15,60,50064.3,30,0,75570
BANKNIFTY-III.NFO,20/02/2025,09:20:31,50075,50050.15,60,50068.25,60,0,75570
BANKNIFTY-III.NFO,20/02/2025,09:20:33,50075,50050.1,30,50063.55,60,0,75570
BANKNIFTY-III.NFO,20/02/2025,09:20:34,50075,50050.1,30,50060.25,60,0,75570
BANKNIFTY-III.NFO,20/02/2025,09:20:36,50075,50050.1,30,50062,60,0,75570
BANKNIFTY-III.NFO,20/02/2025,09:20:38,50050.1,50050.05,60,50067.6,90,30,75570
BANKNIFTY-III.NFO,20/02/2025,09:20:38,50050.1,50050.05,60,50067.6,90,0,75570
BANKNIFTY-III.NFO,20/02/2025,09:20:39,50050.1,50057.55,60,50080.55,90,0,75570
BANKNIFTY-III.NFO,20/02/2025,09:20:41,50050.1,50052.6,60,50073.45,90,0,75570
BANKNIFTY-III.NFO,20/02/2025,09:20:42,50050.1,50050,120,50064.85,60,30,75570
BANKNIFTY-III.NFO,20/02/2025,09:20:44,50050.1,50058.1,30,50077.5,90,0,75570
BANKNIFTY-III.NFO,20/02/2025,09:20:46,50050.1,50057.05,30,50076.1,90,0,75570
BANKNIFTY-III.NFO,20/02/2025,09:20:47,50050.1,50058.05,30,50077.8,60,0,75570
BANKNIFTY-III.NFO,20/02/2025,09:20:49,50050.1,50059.15,30,50078,90,0,75570
BANKNIFTY-III.NFO,20/02/2025,09:20:51,50081.65,50060.2,30,50083.4,60,360,75570
BANKNIFTY-III.NFO,20/02/2025,09:20:52,50081.65,50060.2,30,50078.4,60,0,75570
BANKNIFTY-III.NFO,20/02/2025,09:20:54,50081.65,50059.2,30,50078.3,60,0,75570
BANKNIFTY-III.NFO,20/02/2025,09:20:56,50081.65,50051.1,60,50070.05,60,0,75570
BANKNIFTY-III.NFO,20/02/2025,09:20:57,50081.65,50052.65,30,50076.8,30,0,75570
BANKNIFTY-III.NFO,20/02/2025,09:20:59,50060,50064.85,150,50073.05,30,30,75570
BANKNIFTY-III.NFO,20/02/2025,09:21:01,50060,50064.85,150,50068.05,30,0,75570
BANKNIFTY-III.NFO,20/02/2025,09:21:03,50064.85,50055,30,50063.8,30,150,75570
BANKNIFTY-III.NFO,20/02/2025,09:21:04,50064.85,50055,30,50059.95,30,0,75570
BANKNIFTY-III.NFO,20/02/2025,09:21:06,50048.65,50035,150,50048.7,60,150,75570
BANKNIFTY-III.NFO,20/02/2025,09:21:06,50048.65,50035,150,50048.7,60,0,75570
BANKNIFTY-III.NFO,20/02/2025,09:21:08,50046.3,50035,150,50045.45,30,150,75570
BANKNIFTY-III.NFO,20/02/2025,09:21:08,50046.3,50035,150,50045.45,30,0,75570
BANKNIFTY-III.NFO,20/02/2025,09:21:09,50046.3,50037.65,180,50061.5,30,0,75570
BANKNIFTY-III.NFO,20/02/2025,09:21:11,50046.3,50041.55,30,50062.35,60,0,75570
BANKNIFTY-III.NFO,20/02/2025,09:21:13,50046.3,50039.9,30,50055.95,30,0,75570
BANKNIFTY-III.NFO,20/02/2025,09:21:14,50046.3,50035.55,30,50056,60,0,75570
BANKNIFTY-III.NFO,20/02/2025,09:21:16,50046.3,50035.95,30,50053,30,0,75570
BANKNIFTY-III.NFO,20/02/2025,09:21:18,50046.3,50035.05,60,50046.3,30,0,75570
BANKNIFTY-III.NFO,20/02/2025,09:21:19,50046.3,50038.25,30,50046.3,30,0,75570
BANKNIFTY-III.NFO,20/02/2025,09:21:21,50046.3,50035.1,30,50046.3,30,0,75570
BANKNIFTY-III.NFO,20/02/2025,09:21:24,50046.3,50037.75,30,50055,30,30,75570
BANKNIFTY-III.NFO,20/02/2025,09:21:26,50046.3,50036.55,30,50053.8,30,0,75570
BANKNIFTY-III.NFO,20/02/2025,09:21:28,50046.3,50035.05,60,50051.7,30,0,75570
BANKNIFTY-III.NFO,20/02/2025,09:21:29,50046.3,50035.05,60,50053.1,30,0,75570
BANKNIFTY-III.NFO,20/02/2025,09:21:31,50046.3,50035,150,50049.45,30,0,75570
BANKNIFTY-III.NFO,20/02/2025,09:21:33,50046.3,50035.05,60,50053.85,150,0,75570
BANKNIFTY-III.NFO,20/02/2025,09:21:34,50046.3,50035,150,50046.05,30,0,75570
BANKNIFTY-III.NFO,20/02/2025,09:21:36,50046.3,50035,150,50048.2,30,0,75570
BANKNIFTY-III.NFO,20/02/2025,09:21:38,50049.7,50035,180,50049.6,90,30,75570
BANKNIFTY-III.NFO,20/02/2025,09:21:39,50049.7,50035.05,60,50053.4,30,0,75570
BANKNIFTY-III.NFO,20/02/2025,09:21:41,50049.7,50035,180,50043.9,180,0,75570
BANKNIFTY-III.NFO,20/02/2025,09:21:43,50049.7,50035,180,50039.95,90,0,75570
BANKNIFTY-III.NFO,20/02/2025,09:21:44,50035,50029.6,30,50034.45,150,180,75570
BANKNIFTY-III.NFO,20/02/2025,09:21:44,50035,50029.6,30,50034.45,150,0,75570
BANKNIFTY-III.NFO,20/02/2025,09:21:46,50029,50025.1,30,50035.95,120,60,75570
BANKNIFTY-III.NFO,20/02/2025,09:21:46,50029,50025.1,30,50035.95,120,0,75570
BANKNIFTY-III.NFO,20/02/2025,09:21:47,50029,50025.15,60,50046.05,120,0,75570
BANKNIFTY-III.NFO,20/02/2025,09:21:49,50045.7,50025.15,60,50043.15,90,60,75030
BANKNIFTY-III.NFO,20/02/2025,09:21:51,50045.7,50025.1,60,50040.45,90,0,75030
BANKNIFTY-III.NFO,20/02/2025,09:21:52,50045.7,50025.1,30,50035.15,90,0,75030
BANKNIFTY-III.NFO,20/02/2025,09:21:54,50045.7,50025.1,30,50031.45,150,0,75030
BANKNIFTY-III.NFO,20/02/2025,09:21:56,50045.7,50025.1,30,50028.3,90,0,75030
BANKNIFTY-III.NFO,20/02/2025,09:21:57,50045.7,50025.1,30,50031.3,150,0,75030
BANKNIFTY-III.NFO,20/02/2025,09:21:59,50045.7,50025.1,30,50031.75,150,0,75030
BANKNIFTY-III.NFO,20/02/2025,09:22:01,50045.7,50025.1,30,50030.15,90,0,75030
BANKNIFTY-III.NFO,20/02/2025,09:22:02,50025.1,50008.1,30,50026.85,30,30,75030
BANKNIFTY-III.NFO,20/02/2025,09:22:02,50025.1,50008.1,30,50026.85,30,0,75030
BANKNIFTY-III.NFO,20/02/2025,09:22:04,50025.1,50008.05,60,50033.65,330,0,75030
BANKNIFTY-III.NFO,20/02/2025,09:22:06,50025.1,50013.95,30,50033.2,90,0,75030
BANKNIFTY-III.NFO,20/02/2025,09:22:07,50025.1,50030,30,50042.5,90,0,75030
BANKNIFTY-III.NFO,20/02/2025,09:22:09,50042.5,50033.55,30,50053.45,30,30,75030
BANKNIFTY-III.NFO,20/02/2025,09:22:11,50042.5,50037.8,30,50056.2,180,0,75030
BANKNIFTY-III.NFO,20/02/2025,09:22:12,50042.5,50030.05,60,50047.25,90,0,75030
BANKNIFTY-III.NFO,20/02/2025,09:22:14,50042.5,50032.6,30,50056.95,120,0,75030
BANKNIFTY-III.NFO,20/02/2025,09:22:16,50042.5,50045.5,30,50066.95,30,0,75030
BANKNIFTY-III.NFO,20/02/2025,09:22:17,50042.5,50043.2,30,50060,150,0,75030
BANKNIFTY-III.NFO,20/02/2025,09:22:19,50042.5,50033.75,30,50055.5,90,0,75030
BANKNIFTY-III.NFO,20/02/2025,09:22:21,50042.5,50038.75,30,50060.15,120,0,75030
BANKNIFTY-III.NFO,20/02/2025,09:22:22,50042.5,50038.3,30,50057.6,90,0,75030
BANKNIFTY-III.NFO,20/02/2025,09:22:24,50042.5,50043.1,30,50064.65,180,0,75030
BANKNIFTY-III.NFO,20/02/2025,09:22:26,50042.5,50046.15,30,50066.1,120,0,75030
BANKNIFTY-III.NFO,20/02/2025,09:22:27,50042.5,50045.35,30,50065.1,180,0,75030
BANKNIFTY-III.NFO,20/02/2025,09:22:29,50045.35,50045.35,30,50064.95,30,30,75030
BANKNIFTY-III.NFO,20/02/2025,09:22:31,50045.35,50049.45,30,50068.7,30,0,75030
BANKNIFTY-III.NFO,20/02/2025,09:22:32,50045.35,50049.45,30,50069.3,60,0,75030
BANKNIFTY-III.NFO,20/02/2025,09:22:34,50045.35,50045.35,30,50063.45,30,0,75030
BANKNIFTY-III.NFO,20/02/2025,09:22:36,50045.35,50047.9,30,50069.35,60,0,75030
BANKNIFTY-III.NFO,20/02/2025,09:22:37,50045.35,50048.8,30,50067.55,60,0,75030
BANKNIFTY-III.NFO,20/02/2025,09:22:39,50045.35,50049.55,30,50070.9,60,0,75030
BANKNIFTY-III.NFO,20/02/2025,09:22:41,50045.35,50053.55,30,50073.3,30,0,75030
BANKNIFTY-III.NFO,20/02/2025,09:22:42,50045.35,50053.55,30,50073.95,30,0,75030
BANKNIFTY-III.NFO,20/02/2025,09:22:44,50045.35,50065.7,30,50089.7,30,0,75030
BANKNIFTY-III.NFO,20/02/2025,09:22:46,50045.35,50064.15,30,50087.1,30,0,75030
BANKNIFTY-III.NFO,20/02/2025,09:22:47,50045.35,50062.55,30,50082.2,60,0,75030
BANKNIFTY-III.NFO,20/02/2025,09:22:49,50045.35,50062.55,30,50084,30,0,75030
BANKNIFTY-III.NFO,20/02/2025,09:22:51,50045.35,50063.6,30,50081.45,30,0,75030
BANKNIFTY-III.NFO,20/02/2025,09:22:52,50045.35,50060.95,60,50081.7,60,0,75030
BANKNIFTY-III.NFO,20/02/2025,09:22:54,50045.35,50061.75,30,50083.25,60,0,75030
BANKNIFTY-III.NFO,20/02/2025,09:22:56,50045.35,50055.6,30,50077.85,60,0,75030
BANKNIFTY-III.NFO,20/02/2025,09:22:57,50045.35,50070,30,50074.75,30,0,75030
BANKNIFTY-III.NFO,20/02/2025,09:22:59,50070,50048.8,30,50069,60,30,75030
BANKNIFTY-III.NFO,20/02/2025,09:23:01,50070,50053.05,30,50072.1,60,0,75030
BANKNIFTY-III.NFO,20/02/2025,09:23:02,50070,50046.05,30,50065.5,60,0,75030
BANKNIFTY-III.NFO,20/02/2025,09:23:04,50070,50045.4,60,50062.7,60,0,75030
BANKNIFTY-III.NFO,20/02/2025,09:23:06,50070,50045.4,60,50064.25,30,0,75030
BANKNIFTY-III.NFO,20/02/2025,09:23:07,50070,50045.4,60,50062.95,30,0,75030
BANKNIFTY-III.NFO,20/02/2025,09:23:09,50065.7,50045.4,60,50065.75,210,30,75030
BANKNIFTY-III.NFO,20/02/2025,09:23:11,50065.7,50045.35,60,50058.5,90,0,75030
BANKNIFTY-III.NFO,20/02/2025,09:23:12,50065.7,50045.35,60,50053.15,90,0,75030
BANKNIFTY-III.NFO,20/02/2025,09:23:14,50065.7,50045.35,60,50051.95,90,0,75030
BANKNIFTY-III.NFO,20/02/2025,09:23:16,50045.35,50040,30,50045.65,90,60,75030
BANKNIFTY-III.NFO,20/02/2025,09:23:17,50045.35,50040,30,50052.1,90,0,75030
BANKNIFTY-III.NFO,20/02/2025,09:23:19,50045.35,50040,30,50047.7,90,0,75030
BANKNIFTY-III.NFO,20/02/2025,09:23:21,50045.35,50040,30,50050.95,90,0,75030
BANKNIFTY-III.NFO,20/02/2025,09:23:22,50045.35,50040,30,50052.8,90,0,75030
BANKNIFTY-III.NFO,20/02/2025,09:23:24,50045.35,50040,30,50054.7,120,0,75030
BANKNIFTY-III.NFO,20/02/2025,09:23:26,50045.35,50040,30,50051.2,90,0,75030
BANKNIFTY-III.NFO,20/02/2025,09:23:27,50045.35,50040,30,50052.75,90,0,75030
BANKNIFTY-III.NFO,20/02/2025,09:23:29,50045.35,50040.05,60,50057.95,90,0,75030
BANKNIFTY-III.NFO,20/02/2025,09:23:31,50045.35,50040.05,60,50056.75,90,0,75030
BANKNIFTY-III.NFO,20/02/2025,09:23:32,50045.35,50040,30,50050.3,90,0,75030
BANKNIFTY-III.NFO,20/02/2025,09:23:34,50045.35,50040,30,50051,90,0,75030
BANKNIFTY-III.NFO,20/02/2025,09:23:36,50045.35,50040,30,50051.1,90,0,75030
BANKNIFTY-III.NFO,20/02/2025,09:23:37,50045.35,50040,30,50049.75,90,0,75030
BANKNIFTY-III.NFO,20/02/2025,09:23:39,50045.35,50040.05,60,50057,120,0,75030
BANKNIFTY-III.NFO,20/02/2025,09:23:41,50045.35,50040.75,30,50061.55,120,0,75030
BANKNIFTY-III.NFO,20/02/2025,09:23:42,50045.35,50043.95,30,50065.85,120,0,75030
BANKNIFTY-III.NFO,20/02/2025,09:23:44,50045.35,50043.95,30,50063.35,120,0,75030
BANKNIFTY-III.NFO,20/02/2025,09:23:45,50045.35,50046.05,30,50066.65,120,0,75030
BANKNIFTY-III.NFO,20/02/2025,09:23:47,50045.35,50046.05,30,50065.75,90,0,75030
BANKNIFTY-III.NFO,20/02/2025,09:23:49,50045.35,50045.2,30,50064.9,30,0,75030
BANKNIFTY-III.NFO,20/02/2025,09:23:50,50045.35,50049.2,30,50069.2,120,0,75030
BANKNIFTY-III.NFO,20/02/2025,09:23:52,50045.35,50047.1,180,50067.5,30,0,75030
BANKNIFTY-III.NFO,20/02/2025,09:23:54,50045.35,50045.85,30,50066.55,120,0,75030
BANKNIFTY-III.NFO,20/02/2025,09:23:55,50045.35,50043.95,30,50063,120,0,75030
BANKNIFTY-III.NFO,20/02/2025,09:23:57,50045.35,50042.85,30,50061.45,90,0,75030
BANKNIFTY-III.NFO,20/02/2025,09:23:59,50045.35,50045,30,50059.9,90,0,75030
BANKNIFTY-III.NFO,20/02/2025,09:24:00,50045.35,50045.05,60,50063.6,30,0,75030
BANKNIFTY-III.NFO,20/02/2025,09:24:02,50045.35,50045,30,50054.95,300,0,75030
BANKNIFTY-III.NFO,20/02/2025,09:24:04,50045.35,50045,30,50050.75,90,0,75030
BANKNIFTY-III.NFO,20/02/2025,09:24:05,50045.35,50045,30,50046.15,90,0,75030
BANKNIFTY-III.NFO,20/02/2025,09:24:07,50040,50018.8,60,50040.75,210,60,75030
BANKNIFTY-III.NFO,20/02/2025,09:24:09,50040,50018.2,30,50039.05,90,0,75030
BANKNIFTY-III.NFO,20/02/2025,09:24:10,50040,50016.45,30,50036.5,120,0,75030
BANKNIFTY-III.NFO,20/02/2025,09:24:12,50040,50012.4,30,50033.05,210,0,75030
BANKNIFTY-III.NFO,20/02/2025,09:24:14,50040,50008,30,50023.55,120,0,75030
BANKNIFTY-III.NFO,20/02/2025,09:24:15,50040,50008,30,50020.9,120,0,75030
BANKNIFTY-III.NFO,20/02/2025,09:24:17,50040,50008,30,50022.1,90,0,75030
BANKNIFTY-III.NFO,20/02/2025,09:24:19,50040,50008,30,50018.95,120,0,75030
BANKNIFTY-III.NFO,20/02/2025,09:24:20,50040,50008,30,50019.55,90,0,75030
BANKNIFTY-III.NFO,20/02/2025,09:24:22,50040,50008,30,50020.25,90,0,75030
BANKNIFTY-III.NFO,20/02/2025,09:24:24,50008.05,50010,60,50019,30,60,75030
BANKNIFTY-III.NFO,20/02/2025,09:24:24,50008.05,50010,60,50019,30,0,75030
BANKNIFTY-III.NFO,20/02/2025,09:24:25,50008.05,50010,60,50018.55,30,0,75030
BANKNIFTY-III.NFO,20/02/2025,09:24:27,50008.05,50010,60,50024.65,60,0,75030
BANKNIFTY-III.NFO,20/02/2025,09:24:29,50008.05,50010.05,60,50028.6,60,0,75030
BANKNIFTY-III.NFO,20/02/2025,09:24:30,50008.05,50010.05,60,50028.2,30,0,75030
BANKNIFTY-III.NFO,20/02/2025,09:24:32,50008.05,50010.05,60,50027.85,60,0,75030
BANKNIFTY-III.NFO,20/02/2025,09:24:34,50008.05,50011.75,30,50032.75,30,0,75030
BANKNIFTY-III.NFO,20/02/2025,09:24:35,50008.05,50010.95,30,50029.7,60,0,75030
BANKNIFTY-III.NFO,20/02/2025,09:24:37,50008.05,50010,60,50024.6,30,0,75030
BANKNIFTY-III.NFO,20/02/2025,09:24:39,50021.75,50010,60,50022.4,300,30,75030
BANKNIFTY-III.NFO,20/02/2025,09:24:40,50021.75,50010,60,50020.45,90,0,75030
BANKNIFTY-III.NFO,20/02/2025,09:24:42,50021.75,50010.05,60,50024.9,90,0,75030
BANKNIFTY-III.NFO,20/02/2025,09:24:44,50021.75,50010,60,50023.3,90,0,75030
BANKNIFTY-III.NFO,20/02/2025,09:24:46,50021.75,50010,60,50023.75,90,0,75030
BANKNIFTY-III.NFO,20/02/2025,09:24:47,50019.9,50010,60,50023.6,90,30,75030
BANKNIFTY-III.NFO,20/02/2025,09:24:49,50019.9,50010,60,50023.75,90,0,75030
BANKNIFTY-III.NFO,20/02/2025,09:24:50,50019.9,50010,60,50022.05,90,0,75030
BANKNIFTY-III.NFO,20/02/2025,09:24:52,50019.9,50010,60,50019.55,90,0,75030
BANKNIFTY-III.NFO,20/02/2025,09:24:54,50019.9,50010,60,50019.35,90,0,75030
BANKNIFTY-III.NFO,20/02/2025,09:24:55,50017.25,50010,60,50018.2,90,30,74910
BANKNIFTY-III.NFO,20/02/2025,09:24:57,50017.25,50010,60,50019.3,180,0,74910
BANKNIFTY-III.NFO,20/02/2025,09:24:59,50017.25,50010,60,50016.55,90,0,74910
BANKNIFTY-III.NFO,20/02/2025,09:25:00,50017.25,50010,60,50014.35,90,0,74910
BANKNIFTY-III.NFO,20/02/2025,09:25:02,50010,50008.05,30,50009.4,180,60,74910
BANKNIFTY-III.NFO,20/02/2025,09:25:04,50008,50005.95,30,50008.3,60,60,74910
BANKNIFTY-III.NFO,20/02/2025,09:25:04,50008,50005.95,30,50008.3,60,0,74910
BANKNIFTY-III.NFO,20/02/2025,09:25:05,50000,49985.45,150,49999.2,90,270,74910
BANKNIFTY-III.NFO,20/02/2025,09:25:05,50000,49985.45,150,49999.2,90,0,74910
BANKNIFTY-III.NFO,20/02/2025,09:25:07,50000,49978.1,30,49993.3,330,0,74910
BANKNIFTY-III.NFO,20/02/2025,09:25:09,50000,49976.3,60,49992.75,300,0,74910
BANKNIFTY-III.NFO,20/02/2025,09:25:10,50000,49980.95,30,50001.75,90,0,74910
BANKNIFTY-III.NFO,20/02/2025,09:25:12,50000,49983.75,30,50002.5,90,0,74910
BANKNIFTY-III.NFO,20/02/2025,09:25:14,50000,49983,30,50001.3,330,0,74910
BANKNIFTY-III.NFO,20/02/2025,09:25:15,50000,49984.3,30,50003.25,90,0,74910
BANKNIFTY-III.NFO,20/02/2025,09:25:17,50000,49983.65,30,50000.6,90,0,74910
BANKNIFTY-III.NFO,20/02/2025,09:25:19,50000,49986.9,30,50008.1,30,0,74910
BANKNIFTY-III.NFO,20/02/2025,09:25:20,50000,49986.9,30,50005.45,90,0,74910
BANKNIFTY-III.NFO,20/02/2025,09:25:22,50000,49984.6,30,50002.15,300,0,74910
BANKNIFTY-III.NFO,20/02/2025,09:25:24,50000,49982.25,30,49999.85,120,0,74910
BANKNIFTY-III.NFO,20/02/2025,09:25:25,50000,49984.15,30,50001.8,90,0,74910
BANKNIFTY-III.NFO,20/02/2025,09:25:27,50000,49984.2,60,50000,30,0,74910
BANKNIFTY-III.NFO,20/02/2025,09:25:29,50000,49982.75,30,50000,30,0,74910
BANKNIFTY-III.NFO,20/02/2025,09:25:30,50000,49984.35,60,50000,60,0,74910
BANKNIFTY-III.NFO,20/02/2025,09:25:32,50000,49985.25,30,50000,60,0,74910
BANKNIFTY-III.NFO,20/02/2025,09:25:35,50000,49977.8,30,49995.85,30,0,74910
BANKNIFTY-III.NFO,20/02/2025,09:25:37,50000,49980.35,60,49996.5,390,0,74910
BANKNIFTY-III.NFO,20/02/2025,09:25:39,50000,49981.5,60,49999.6,300,0,74910
BANKNIFTY-III.NFO,20/02/2025,09:25:40,50000,49979.45,30,49994.75,300,0,74910
BANKNIFTY-III.NFO,20/02/2025,09:25:42,50000,49977.25,60,49994.2,300,0,74910
BANKNIFTY-III.NFO,20/02/2025,09:25:44,50000,49981.05,60,49997.95,300,0,74910
BANKNIFTY-III.NFO,20/02/2025,09:25:45,50000,49979.4,30,49993.9,90,0,74910
BANKNIFTY-III.NFO,20/02/2025,09:25:47,50000,49979,30,49994.1,300,0,74910
BANKNIFTY-III.NFO,20/02/2025,09:25:49,50000,49990,30,49997.1,30,0,74910
BANKNIFTY-III.NFO,20/02/2025,09:25:50,50000,49990,30,49996.2,90,0,74910
BANKNIFTY-III.NFO,20/02/2025,09:25:52,50000,49990,30,49993.55,90,0,74910
BANKNIFTY-III.NFO,20/02/2025,09:25:53,50000,49990,30,49992.6,90,0,74910
BANKNIFTY-III.NFO,20/02/2025,09:25:55,50000,49990,30,49994.8,90,0,74910
BANKNIFTY-III.NFO,20/02/2025,09:25:57,50000,49990,30,49994.15,300,0,74910
BANKNIFTY-III.NFO,20/02/2025,09:25:58,50000,49990,30,49993.35,150,0,74910
BANKNIFTY-III.NFO,20/02/2025,09:26:00,49990,49985,90,49990.8,60,30,74910
BANKNIFTY-III.NFO,20/02/2025,09:26:00,49990,49985,90,49990.8,60,0,74910
BANKNIFTY-III.NFO,20/02/2025,09:26:02,49985,49964.6,30,49985.4,30,90,74910
BANKNIFTY-III.NFO,20/02/2025,09:26:02,49985,49964.6,30,49985.4,30,0,74910
BANKNIFTY-III.NFO,20/02/2025,09:26:03,49985,49969.35,30,49985,30,0,74910
BANKNIFTY-III.NFO,20/02/2025,09:26:05,49985,49973.4,30,49988.1,60,0,74910
BANKNIFTY-III.NFO,20/02/2025,09:26:07,49985,49969.3,30,49986.1,150,0,74910
BANKNIFTY-III.NFO,20/02/2025,09:26:08,49980.2,49961.85,60,49979,120,300,74910
BANKNIFTY-III.NFO,20/02/2025,09:26:08,49979.25,49961.85,60,49979,120,0,74910
BANKNIFTY-III.NFO,20/02/2025,09:26:10,49980.2,49960.75,60,49976.4,90,0,74910
BANKNIFTY-III.NFO,20/02/2025,09:26:12,49980.2,49960.05,60,49976,210,0,74910
BANKNIFTY-III.NFO,20/02/2025,09:26:13,49980.2,49960.05,60,49977.4,90,0,74910
BANKNIFTY-III.NFO,20/02/2025,09:26:15,49980.2,49961.35,30,49980,60,0,74910
BANKNIFTY-III.NFO,20/02/2025,09:26:17,49980.2,49960.8,30,49977.8,210,0,74910
BANKNIFTY-III.NFO,20/02/2025,09:26:18,49980.2,49960,30,49971.6,90,0,74910
BANKNIFTY-III.NFO,20/02/2025,09:26:20,49980.2,49960,30,49967.8,30,0,74910
BANKNIFTY-III.NFO,20/02/2025,09:26:21,49968.95,49961.95,30,49980,60,30,74910
BANKNIFTY-III.NFO,20/02/2025,09:26:21,49968.95,49961.95,30,49980,60,0,74910
BANKNIFTY-III.NFO,20/02/2025,09:26:23,49968.95,49968.95,30,49975.1,150,0,74910
BANKNIFTY-III.NFO,20/02/2025,09:26:25,49968.95,49968.95,30,49974.7,90,0,74910
BANKNIFTY-III.NFO,20/02/2025,09:26:26,49968.95,49968.95,30,49976,150,0,74910
BANKNIFTY-III.NFO,20/02/2025,09:26:28,49968.95,49968.95,30,49980,60,0,74910
BANKNIFTY-III.NFO,20/02/2025,09:26:30,49968.95,49969,60,49980,60,0,74910
BANKNIFTY-III.NFO,20/02/2025,09:26:31,49980,49969,60,49980,30,30,74910
BANKNIFTY-III.NFO,20/02/2025,09:26:33,49980,49969.8,30,49980.2,30,30,74910
BANKNIFTY-III.NFO,20/02/2025,09:26:35,49980,49968.95,30,49975.2,150,0,74910
BANKNIFTY-III.NFO,20/02/2025,09:26:36,49980,49968.95,30,49979.95,150,0,74910
BANKNIFTY-III.NFO,20/02/2025,09:26:38,49980,49968.95,30,49973.4,150,0,74910
BANKNIFTY-III.NFO,20/02/2025,09:26:40,49980,49968.95,30,49974.95,150,0,74910
BANKNIFTY-III.NFO,20/02/2025,09:26:41,49980,49968.95,30,49976.25,150,0,74910
BANKNIFTY-III.NFO,20/02/2025,09:26:43,49980,49968.95,30,49977.2,150,0,74910
BANKNIFTY-III.NFO,20/02/2025,09:26:44,49980,49968.95,30,49980,30,0,74910
BANKNIFTY-III.NFO,20/02/2025,09:26:46,49980,49968.95,30,49975.65,150,0,74910
BANKNIFTY-III.NFO,20/02/2025,09:26:48,49980,49968.95,30,49977.45,90,0,74910
BANKNIFTY-III.NFO,20/02/2025,09:26:49,49980,49968.95,30,49978.3,90,0,74910
BANKNIFTY-III.NFO,20/02/2025,09:26:51,49978.3,49968.95,30,49977.65,150,60,74910
BANKNIFTY-III.NFO,20/02/2025,09:26:53,49978.3,49968.95,30,49980,60,0,74910
BANKNIFTY-III.NFO,20/02/2025,09:26:54,49978.3,49978.3,30,49980,60,0,74910
BANKNIFTY-III.NFO,20/02/2025,09:26:58,49980.2,49978.35,60,49992.85,150,90,74910
BANKNIFTY-III.NFO,20/02/2025,09:26:59,49980.2,49980.4,30,49999.55,30,0,74910
BANKNIFTY-III.NFO,20/02/2025,09:27:01,49980.2,49982.05,30,49998.4,30,0,74910
BANKNIFTY-III.NFO,20/02/2025,09:27:03,49980.2,49978.3,30,49989.6,30,0,74910
BANKNIFTY-III.NFO,20/02/2025,09:27:04,49980.2,49978.3,30,49991.6,30,0,74910
BANKNIFTY-III.NFO,20/02/2025,09:27:06,49980.2,49978.35,60,49994,150,0,74910
BANKNIFTY-III.NFO,20/02/2025,09:27:08,49980.2,49978.35,60,49996.05,150,0,74910
BANKNIFTY-III.NFO,20/02/2025,09:27:09,49980.2,49978.35,60,49996.75,150,0,74910
BANKNIFTY-III.NFO,20/02/2025,09:27:11,49980.2,49978.3,30,49989.4,90,0,74910
BANKNIFTY-III.NFO,20/02/2025,09:27:13,49980.2,49978.3,30,49991.05,150,0,74910
BANKNIFTY-III.NFO,20/02/2025,09:27:14,49980.2,49978.35,60,49991.75,150,0,74910
BANKNIFTY-III.NFO,20/02/2025,09:27:16,49994.95,49982,30,49994.15,240,30,74910
BANKNIFTY-III.NFO,20/02/2025,09:27:18,49994.95,49982,30,49990.65,150,0,74910
BANKNIFTY-III.NFO,20/02/2025,09:27:19,49994.95,49982,30,49987.3,90,0,74910
BANKNIFTY-III.NFO,20/02/2025,09:27:21,49982.9,49966.55,60,49982.9,90,60,74910
BANKNIFTY-III.NFO,20/02/2025,09:27:23,49982.9,49965,30,49977.7,30,0,74910
BANKNIFTY-III.NFO,20/02/2025,09:27:25,49982.9,49965,30,49975.2,30,0,74910
BANKNIFTY-III.NFO,20/02/2025,09:27:26,49975.2,49965,30,49975.15,150,30,74910
BANKNIFTY-III.NFO,20/02/2025,09:27:28,49975.65,49965.35,30,49981.2,30,120,74910
BANKNIFTY-III.NFO,20/02/2025,09:27:30,49975.65,49965.05,60,49980.25,150,0,74910
BANKNIFTY-III.NFO,20/02/2025,09:27:31,49980.75,49969.05,30,49985.8,150,120,74910
BANKNIFTY-III.NFO,20/02/2025,09:27:33,49980.75,49965.1,30,49982.05,150,0,74910
BANKNIFTY-III.NFO,20/02/2025,09:27:35,49980.75,49965.45,60,49981.2,300,0,74910
BANKNIFTY-III.NFO,20/02/2025,09:27:36,49980.3,49968.3,30,49984.85,150,30,74910
BANKNIFTY-III.NFO,20/02/2025,09:27:38,49980.3,49968.95,30,49985.35,300,0,74910
BANKNIFTY-III.NFO,20/02/2025,09:27:40,49980.3,49970.1,30,49989.5,150,0,74910
BANKNIFTY-III.NFO,20/02/2025,09:27:41,49980.3,49979.65,900,49991.2,150,0,74910
BANKNIFTY-III.NFO,20/02/2025,09:27:43,49980.3,49979.65,930,49992.3,150,0,74910
BANKNIFTY-III.NFO,20/02/2025,09:27:45,49980.3,49979.7,60,49996.85,150,0,74910
BANKNIFTY-III.NFO,20/02/2025,09:27:46,49980.3,49979.7,60,49996.45,150,0,74910
BANKNIFTY-III.NFO,20/02/2025,09:27:48,49980.3,49980.1,30,49999.95,120,0,74910
BANKNIFTY-III.NFO,20/02/2025,09:27:50,49980.3,49983.55,30,49999.95,120,0,74910
BANKNIFTY-III.NFO,20/02/2025,09:27:51,49980.3,49985.9,30,49999.95,120,0,74910
BANKNIFTY-III.NFO,20/02/2025,09:27:53,49980.3,49992.65,30,49999.95,120,0,74910
BANKNIFTY-III.NFO,20/02/2025,09:27:55,49980.3,49993.85,30,49999.95,120,0,74910
BANKNIFTY-III.NFO,20/02/2025,09:27:56,50000,49994.8,60,50019.5,180,330,74310
BANKNIFTY-III.NFO,20/02/2025,09:27:58,50000,49991.2,30,50012.7,180,0,74310
BANKNIFTY-III.NFO,20/02/2025,09:28:00,50000,49989.6,30,50013.75,30,0,74310
BANKNIFTY-III.NFO,20/02/2025,09:28:01,50000,49981.9,30,50000.9,30,0,74310
BANKNIFTY-III.NFO,20/02/2025,09:28:03,50000,49981.1,60,49998.4,90,0,74310
BANKNIFTY-III.NFO,20/02/2025,09:28:05,50000,49979.65,900,49991.55,60,0,74310
BANKNIFTY-III.NFO,20/02/2025,09:28:06,50000,49979.7,60,49996.6,30,0,74310
BANKNIFTY-III.NFO,20/02/2025,09:28:08,50000,49979.65,900,49994.3,150,0,74310
BANKNIFTY-III.NFO,20/02/2025,09:28:10,50000,49986.2,60,50006.2,180,0,74310
BANKNIFTY-III.NFO,20/02/2025,09:28:11,50000,49984.45,180,50005.6,30,0,74310
BANKNIFTY-III.NFO,20/02/2025,09:28:13,50000,49984.6,60,50000,30,30,74310
BANKNIFTY-III.NFO,20/02/2025,09:28:15,50000,49984.6,60,50000,30,0,74310
BANKNIFTY-III.NFO,20/02/2025,09:28:16,50000,49983.25,60,50000,30,0,74310
BANKNIFTY-III.NFO,20/02/2025,09:28:18,50000,49983.4,30,50000,30,0,74310
BANKNIFTY-III.NFO,20/02/2025,09:28:20,50000,49988.35,60,50000,30,0,74310
BANKNIFTY-III.NFO,20/02/2025,09:28:23,50000,49989.5,30,50000,30,0,74310
BANKNIFTY-III.NFO,20/02/2025,09:28:25,50000,49988.55,30,50000,30,0,74310
BANKNIFTY-III.NFO,20/02/2025,09:28:26,50000,49990.9,150,50000,30,0,74310
BANKNIFTY-III.NFO,20/02/2025,09:28:28,50000,49991.75,30,50000,30,0,74310
BANKNIFTY-III.NFO,20/02/2025,09:28:30,50000,49990.4,150,50000,30,0,74310
BANKNIFTY-III.NFO,20/02/2025,09:28:31,50000,49984.6,60,50000,30,0,74310
BANKNIFTY-III.NFO,20/02/2025,09:28:33,50000,49985.4,150,50000,60,0,74310
BANKNIFTY-III.NFO,20/02/2025,09:28:35,50000,49983.9,150,49998.7,240,0,74310
BANKNIFTY-III.NFO,20/02/2025,09:28:36,50000,49983.9,150,49999.8,90,0,74310
BANKNIFTY-III.NFO,20/02/2025,09:28:38,50000,49979.8,150,49994.95,30,0,74310
BANKNIFTY-III.NFO,20/02/2025,09:28:40,50000,49979.65,900,49993.45,150,0,74310
BANKNIFTY-III.NFO,20/02/2025,09:28:41,50000,49979.65,900,49990.1,150,0,74310
BANKNIFTY-III.NFO,20/02/2025,09:28:43,50000,49979.65,900,49992.95,150,0,74310
BANKNIFTY-III.NFO,20/02/2025,09:28:45,50000,49979.65,900,49989.85,60,0,74310
BANKNIFTY-III.NFO,20/02/2025,09:28:46,50000,49979.65,900,49987.85,150,0,74310
BANKNIFTY-III.NFO,20/02/2025,09:28:48,50000,49979.65,900,49985.1,150,0,74310
BANKNIFTY-III.NFO,20/02/2025,09:28:50,50000,49979.65,900,49992.75,30,0,74310
BANKNIFTY-III.NFO,20/02/2025,09:28:51,50000,49979.7,30,49995.75,180,0,74310
BANKNIFTY-III.NFO,20/02/2025,09:28:53,50000,49979.7,60,49998.35,90,0,74310
BANKNIFTY-III.NFO,20/02/2025,09:28:55,50000,49979.65,900,49993.5,150,0,74310
BANKNIFTY-III.NFO,20/02/2025,09:28:56,50000,49979.65,900,49989.4,150,0,74310
BANKNIFTY-III.NFO,20/02/2025,09:28:58,50000,49979.65,900,49986.25,60,0,74310
BANKNIFTY-III.NFO,20/02/2025,09:29:00,50000,49979.65,900,49987.95,150,0,74310
BANKNIFTY-III.NFO,20/02/2025,09:29:01,50000,49979.65,900,49987.25,60,0,74310
BANKNIFTY-III.NFO,20/02/2025,09:29:03,50000,49979.65,900,49984.65,150,0,74310
BANKNIFTY-III.NFO,20/02/2025,09:29:05,50000,49979.65,900,49987.45,150,0,74310
BANKNIFTY-III.NFO,20/02/2025,09:29:06,50000,49979.65,900,49983.7,210,0,74310
BANKNIFTY-III.NFO,20/02/2025,09:29:08,50000,49979.65,900,49986.65,210,0,74310
BANKNIFTY-III.NFO,20/02/2025,09:29:10,50000,49979.65,900,49982.35,60,0,74310
BANKNIFTY-III.NFO,20/02/2025,09:29:11,49979.65,49965.05,30,49979.75,30,900,74310
BANKNIFTY-III.NFO,20/02/2025,09:29:13,49979.65,49965,30,49976.85,210,0,74310
BANKNIFTY-III.NFO,20/02/2025,09:29:15,49979.65,49965,30,49974.15,90,0,74310
BANKNIFTY-III.NFO,20/02/2025,09:29:16,49979.65,49965,30,49968.8,30,0,74310
BANKNIFTY-III.NFO,20/02/2025,09:29:18,49960,49950,240,49957.7,150,90,74310
BANKNIFTY-III.NFO,20/02/2025,09:29:18,49960,49950,240,49957.7,150,0,74310
BANKNIFTY-III.NFO,20/02/2025,09:29:20,49960,49950.05,30,49964.6,240,0,74310
BANKNIFTY-III.NFO,20/02/2025,09:29:21,49960,49952,30,49968.25,150,0,74310
BANKNIFTY-III.NFO,20/02/2025,09:29:23,49960,49953.95,30,49971.1,150,0,74310
BANKNIFTY-III.NFO,20/02/2025,09:29:25,49960,49958.4,60,49976.9,150,0,74310
BANKNIFTY-III.NFO,20/02/2025,09:29:26,49960,49956.2,60,49974.6,180,0,74310
BANKNIFTY-III.NFO,20/02/2025,09:29:28,49981.65,49962.1,60,49980.6,90,30,74310
BANKNIFTY-III.NFO,20/02/2025,09:29:30,49981.65,49964.15,30,49983.55,180,0,74310
BANKNIFTY-III.NFO,20/02/2025,09:29:31,49981.65,49960.6,30,49977.05,270,0,74310
BANKNIFTY-III.NFO,20/02/2025,09:29:33,49981.25,49962.7,30,49981.85,240,30,74310
BANKNIFTY-III.NFO,20/02/2025,09:29:35,49981.25,49960.05,60,49975,60,0,74310
BANKNIFTY-III.NFO,20/02/2025,09:29:37,49981.25,49960.9,30,49980,150,0,74310
BANKNIFTY-III.NFO,20/02/2025,09:29:38,49981.25,49960.05,60,49976.5,60,0,74310
BANKNIFTY-III.NFO,20/02/2025,09:29:40,49981.25,49963.2,30,49979.65,150,0,74310
BANKNIFTY-III.NFO,20/02/2025,09:29:42,49981.25,49967.3,30,49984.4,150,0,74310
BANKNIFTY-III.NFO,20/02/2025,09:29:43,49981.25,49974.2,30,49991.65,150,0,74310
BANKNIFTY-III.NFO,20/02/2025,09:29:45,49981.25,49981.95,30,50000,60,0,74310
BANKNIFTY-III.NFO,20/02/2025,09:29:46,49981.25,49973,30,49991.45,90,0,74310
BANKNIFTY-III.NFO,20/02/2025,09:29:48,49981.25,49973.7,30,49990.5,150,0,74310
BANKNIFTY-III.NFO,20/02/2025,09:29:50,49981.25,49970.15,60,49987.55,60,0,74310
BANKNIFTY-III.NFO,20/02/2025,09:29:51,49981.25,49971.45,30,49991.6,90,0,74310
BANKNIFTY-III.NFO,20/02/2025,09:29:53,49981.25,49973.3,30,49993.7,240,0,74310
BANKNIFTY-III.NFO,20/02/2025,09:29:55,49981.25,49974.15,30,49992.45,180,0,74310
BANKNIFTY-III.NFO,20/02/2025,09:29:56,49981.25,49990.25,60,50000,30,0,74310
BANKNIFTY-III.NFO,20/02/2025,09:29:58,49981.25,49977.4,30,49998.5,180,0,74310
BANKNIFTY-III.NFO,20/02/2025,09:30:00,49981.25,49979.75,60,49998.7,180,0,74310
BANKNIFTY-III.NFO,20/02/2025,09:30:01,49981.25,49975.75,30,49993.6,60,0,74310
BANKNIFTY-III.NFO,20/02/2025,09:30:03,49981.25,49975.4,30,49997.15,330,0,74310
BANKNIFTY-III.NFO,20/02/2025,09:30:05,49981.25,49977.45,30,49999.75,150,0,74310
BANKNIFTY-III.NFO,20/02/2025,09:30:06,49981.25,49981.45,30,49999.6,150,0,74310
BANKNIFTY-III.NFO,20/02/2025,09:30:08,49981.25,49981.85,30,50000,30,0,74310
BANKNIFTY-III.NFO,20/02/2025,09:30:11,49981.25,49984,30,50000,30,0,74310
BANKNIFTY-III.NFO,20/02/2025,09:30:15,49981.25,49987.6,30,50000,30,0,74310
BANKNIFTY-III.NFO,20/02/2025,09:30:16,49981.25,49990,30,50000,30,0,74310
BANKNIFTY-III.NFO,20/02/2025,09:30:18,49981.25,49992.05,30,50000,30,0,74310
BANKNIFTY-III.NFO,20/02/2025,09:30:20,50000,49998.8,30,50020.7,180,30,74310
BANKNIFTY-III.NFO,20/02/2025,09:30:21,50000,50000.45,60,50021.35,180,0,74310
BANKNIFTY-III.NFO,20/02/2025,09:30:23,50000,49992.05,30,50011.2,30,0,74310
BANKNIFTY-III.NFO,20/02/2025,09:30:25,50000,49987.6,30,50007.75,150,0,74310
BANKNIFTY-III.NFO,20/02/2025,09:30:26,50000,49984.6,60,50002.35,30,0,74310
BANKNIFTY-III.NFO,20/02/2025,09:30:28,50000,49986.9,30,50006.3,180,0,74310
BANKNIFTY-III.NFO,20/02/2025,09:30:30,50000,49980.7,60,49998.65,240,0,74310
BANKNIFTY-III.NFO,20/02/2025,09:30:31,50000,49982.85,60,50000.9,180,0,74310
BANKNIFTY-III.NFO,20/02/2025,09:30:33,50000,49981.75,150,49998.35,180,0,74310
BANKNIFTY-III.NFO,20/02/2025,09:30:35,50000,49980.75,60,49998.55,180,0,74310
BANKNIFTY-III.NFO,20/02/2025,09:30:36,50000,49980.25,30,49997.65,210,0,74310
BANKNIFTY-III.NFO,20/02/2025,09:30:38,50000,49980.4,30,49999.15,180,0,74310
BANKNIFTY-III.NFO,20/02/2025,09:30:40,50000,49981.95,60,49999.4,60,0,74310
BANKNIFTY-III.NFO,20/02/2025,09:30:41,50000,49983.05,60,50001.55,330,0,74310
BANKNIFTY-III.NFO,20/02/2025,09:30:43,50000,49982.4,30,50002.55,90,0,74310
BANKNIFTY-III.NFO,20/02/2025,09:30:45,50000,49984.5,30,50003.55,180,0,74310
BANKNIFTY-III.NFO,20/02/2025,09:30:47,50000,49986.55,30,50007.85,30,0,74310
BANKNIFTY-III.NFO,20/02/2025,09:30:48,50000,49992.2,30,50014.3,330,0,74310
BANKNIFTY-III.NFO,20/02/2025,09:30:50,50000,49993.7,60,50012.45,30,0,74310
BANKNIFTY-III.NFO,20/02/2025,09:30:52,50000,49992.8,30,50011.7,180,0,74310
BANKNIFTY-III.NFO,20/02/2025,09:30:53,50000,49990.2,30,50012.6,180,0,74310
BANKNIFTY-III.NFO,20/02/2025,09:30:55,50000,49990.8,30,50011.35,30,0,74310
BANKNIFTY-III.NFO,20/02/2025,09:30:57,50000,49990.2,30,50011.35,30,0,74310
BANKNIFTY-III.NFO,20/02/2025,09:30:58,50000,49991.15,60,50010.85,180,0,74310
BANKNIFTY-III.NFO,20/02/2025,09:31:00,50000,49991.95,30,50012.6,180,0,74310
BANKNIFTY-III.NFO,20/02/2025,09:31:02,50000,49996.9,30,50016.75,30,0,74310
BANKNIFTY-III.NFO,20/02/2025,09:31:03,50000,50001.2,30,50022.85,180,0,74310
BANKNIFTY-III.NFO,20/02/2025,09:31:05,50000,50006.85,30,50028.55,30,0,74310
BANKNIFTY-III.NFO,20/02/2025,09:31:07,50000,50012.8,30,50032.5,180,0,74310
BANKNIFTY-III.NFO,20/02/2025,09:31:08,50000,50012.6,30,50033.65,180,0,74310
BANKNIFTY-III.NFO,20/02/2025,09:31:10,50000,50020.4,30,50039,30,0,74310
BANKNIFTY-III.NFO,20/02/2025,09:31:12,50000,50021.9,30,50039,30,0,74310
BANKNIFTY-III.NFO,20/02/2025,09:31:13,50000,50019.7,30,50039,30,0,74310
BANKNIFTY-III.NFO,20/02/2025,09:31:15,50000,50022.35,30,50039,30,0,74310
BANKNIFTY-III.NFO,20/02/2025,09:31:17,50000,50015.95,30,50036.65,90,0,74310
BANKNIFTY-III.NFO,20/02/2025,09:31:18,50000,50013.65,30,50035.4,30,0,74310
BANKNIFTY-III.NFO,20/02/2025,09:31:20,50000,50016.65,60,50036.8,30,0,74310
BANKNIFTY-III.NFO,20/02/2025,09:31:22,50000,50012.85,60,50032.3,180,0,74310
BANKNIFTY-III.NFO,20/02/2025,09:31:23,50000,50007,30,50027.4,180,0,74310
BANKNIFTY-III.NFO,20/02/2025,09:31:25,50000,50009.05,60,50027.25,30,0,74310
BANKNIFTY-III.NFO,20/02/2025,09:31:27,50000,50000,30,50017.5,180,0,74310
BANKNIFTY-III.NFO,20/02/2025,09:31:28,50000,50000.05,60,50019.85,30,0,74310
BANKNIFTY-III.NFO,20/02/2025,09:31:30,50000,50000,30,50013.7,180,0,74310
BANKNIFTY-III.NFO,20/02/2025,09:31:31,50000,50000,30,50011.25,150,0,74310
BANKNIFTY-III.NFO,20/02/2025,09:31:33,50000,50000.05,30,50017.4,180,0,74310
BANKNIFTY-III.NFO,20/02/2025,09:31:35,50000,50000,30,50010.25,150,0,74310
BANKNIFTY-III.NFO,20/02/2025,09:31:36,50000,50000,30,50010.7,150,0,74310
BANKNIFTY-III.NFO,20/02/2025,09:31:38,50000,50000,30,50015.05,150,0,74310
BANKNIFTY-III.NFO,20/02/2025,09:31:40,50000,50001.95,30,50023.05,180,0,74310
BANKNIFTY-III.NFO,20/02/2025,09:31:41,50000,50003.35,30,50024.9,180,0,74310
BANKNIFTY-III.NFO,20/02/2025,09:31:43,50000,50006.05,30,50027.05,180,0,74310
BANKNIFTY-III.NFO,20/02/2025,09:31:45,50000,50006.55,30,50026.25,30,0,74310
BANKNIFTY-III.NFO,20/02/2025,09:31:46,50000,50007.45,30,50029.05,180,0,74310
BANKNIFTY-III.NFO,20/02/2025,09:31:48,50000,50010.6,180,50036.35,30,0,74310
BANKNIFTY-III.NFO,20/02/2025,09:31:50,50000,50012.4,30,50033.5,30,0,74310
BANKNIFTY-III.NFO,20/02/2025,09:31:52,50014.8,50014.8,30,50034.7,60,30,74100
BANKNIFTY-III.NFO,20/02/2025,09:31:53,50014.8,50014.8,30,50034.9,60,0,74100
BANKNIFTY-III.NFO,20/02/2025,09:31:55,50014.8,50005.45,30,50025.2,60,0,74100
BANKNIFTY-III.NFO,20/02/2025,09:31:57,50014.8,50002.75,30,50023.3,60,0,74100
BANKNIFTY-III.NFO,20/02/2025,09:31:58,50014.8,50014.8,30,50018.6,60,0,74100
BANKNIFTY-III.NFO,20/02/2025,09:32:00,50014.8,50014.8,30,50015.1,30,0,74100
BANKNIFTY-III.NFO,20/02/2025,09:32:02,50014.8,50000,30,50015.9,60,30,74100
BANKNIFTY-III.NFO,20/02/2025,09:32:03,50009.35,50000,30,50007.25,150,30,74100
BANKNIFTY-III.NFO,20/02/2025,09:32:05,50009.35,50000,30,50004.95,150,0,74100
BANKNIFTY-III.NFO,20/02/2025,09:32:07,50009.35,50000,30,50006.3,150,0,74100
BANKNIFTY-III.NFO,20/02/2025,09:32:08,50009.35,50000,30,50009.35,150,0,74100
BANKNIFTY-III.NFO,20/02/2025,09:32:10,50000,49999,30,50010,60,60,74100
BANKNIFTY-III.NFO,20/02/2025,09:32:12,50010,50000,30,50014.7,60,30,74100
BANKNIFTY-III.NFO,20/02/2025,09:32:13,50010,50000.05,60,50017.9,150,0,74100
BANKNIFTY-III.NFO,20/02/2025,09:32:15,50010,50000.65,30,50022.3,30,0,74100
BANKNIFTY-III.NFO,20/02/2025,09:32:17,50010,50002.35,30,50023.4,90,0,74100
BANKNIFTY-III.NFO,20/02/2025,09:32:18,50010,50000.05,60,50019.8,60,0,74100
BANKNIFTY-III.NFO,20/02/2025,09:32:20,50010,50000,60,50015,150,0,74100
BANKNIFTY-III.NFO,20/02/2025,09:32:22,50010,50000.15,30,50019.3,30,0,74100
BANKNIFTY-III.NFO,20/02/2025,09:32:23,50010,50000.05,60,50017.35,150,0,74100
BANKNIFTY-III.NFO,20/02/2025,09:32:25,50010,50000,30,50011.05,150,0,74100
BANKNIFTY-III.NFO,20/02/2025,09:32:27,50010,50000,60,50012.2,300,0,74100
BANKNIFTY-III.NFO,20/02/2025,09:32:28,50010,50000,60,50013.15,360,0,74100
BANKNIFTY-III.NFO,20/02/2025,09:32:30,50010,50000.05,60,50018.2,210,0,74100
BANKNIFTY-III.NFO,20/02/2025,09:32:32,50010,50002.55,30,50021.7,30,0,74100
BANKNIFTY-III.NFO,20/02/2025,09:32:33,50010,50003.1,30,50024.25,150,0,74100
BANKNIFTY-III.NFO,20/02/2025,09:32:35,50010,50003.8,30,50025.75,30,0,74100
BANKNIFTY-III.NFO,20/02/2025,09:32:36,50010,50008.3,30,50029.2,180,0,74100
BANKNIFTY-III.NFO,20/02/2025,09:32:38,50010,50008.3,30,50030,150,0,74100
BANKNIFTY-III.NFO,20/02/2025,09:32:40,50010,50008.75,30,50028,150,0,74100
BANKNIFTY-III.NFO,20/02/2025,09:32:41,50010,50008.8,30,50030.1,150,0,74100
BANKNIFTY-III.NFO,20/02/2025,09:32:43,50010,50008.8,30,50028.55,180,0,74100
BANKNIFTY-III.NFO,20/02/2025,09:32:45,50010,50005.55,30,50025.35,150,0,74100
BANKNIFTY-III.NFO,20/02/2025,09:32:46,50010,50001.45,30,50020.8,30,0,74100
BANKNIFTY-III.NFO,20/02/2025,09:32:48,50010,50018.2,60,50020.2,150,0,74100
BANKNIFTY-III.NFO,20/02/2025,09:32:50,50010,50018.2,60,50027.9,150,0,74100
BANKNIFTY-III.NFO,20/02/2025,09:32:51,50010,50018.2,60,50026.25,150,0,74100
BANKNIFTY-III.NFO,20/02/2025,09:32:53,50010,50018.2,60,50027.7,150,0,74100
BANKNIFTY-III.NFO,20/02/2025,09:32:55,50010,50018.2,60,50026.25,150,0,74100
BANKNIFTY-III.NFO,20/02/2025,09:32:56,50010,50018.2,60,50024.85,150,0,74100
BANKNIFTY-III.NFO,20/02/2025,09:32:58,50010,50018.2,60,50021.7,150,0,74100
BANKNIFTY-III.NFO,20/02/2025,09:33:00,50010,50018.2,60,50021.5,150,0,74100
BANKNIFTY-III.NFO,20/02/2025,09:33:01,50018.2,50000.1,30,50017.25,180,60,74100
BANKNIFTY-III.NFO,20/02/2025,09:33:03,50018.2,50000.1,60,50016.65,180,0,74100
BANKNIFTY-III.NFO,20/02/2025,09:33:05,50018.2,50000.1,60,50016.8,150,0,74100
BANKNIFTY-III.NFO,20/02/2025,09:33:06,50018.2,50002.8,30,50024.25,30,0,74100
BANKNIFTY-III.NFO,20/02/2025,09:33:08,50018.2,50007.1,30,50028.05,60,0,74100
BANKNIFTY-III.NFO,20/02/2025,09:33:10,50018.2,50007.1,30,50027,60,0,74100
BANKNIFTY-III.NFO,20/02/2025,09:33:11,50018.2,50008.6,30,50028.95,30,0,74100
BANKNIFTY-III.NFO,20/02/2025,09:33:13,50018.2,50007.1,30,50026.3,240,0,74100
BANKNIFTY-III.NFO,20/02/2025,09:33:15,50018.2,50006.5,30,50026.5,180,0,74100
BANKNIFTY-III.NFO,20/02/2025,09:33:16,50018.2,50002,30,50021,90,0,74100
BANKNIFTY-III.NFO,20/02/2025,09:33:18,50018.2,50000.1,60,50018.2,30,0,74100
BANKNIFTY-III.NFO,20/02/2025,09:33:20,50018.2,50000.1,60,50022,150,0,74100
BANKNIFTY-III.NFO,20/02/2025,09:33:21,50018.2,50002.55,30,50023.4,240,0,74100
BANKNIFTY-III.NFO,20/02/2025,09:33:23,50018.2,50004.85,30,50026.7,240,0,74100
BANKNIFTY-III.NFO,20/02/2025,09:33:25,50018.2,50007,30,50028,90,0,74100
BANKNIFTY-III.NFO,20/02/2025,09:33:26,50018.2,50005.65,30,50026.4,180,0,74100
BANKNIFTY-III.NFO,20/02/2025,09:33:28,50018.2,50001.25,30,50020,240,0,74100
BANKNIFTY-III.NFO,20/02/2025,09:33:30,50018.2,50001.25,30,50021.65,30,0,74100
BANKNIFTY-III.NFO,20/02/2025,09:33:31,50018.2,50000.1,60,50017.75,30,0,74100
BANKNIFTY-III.NFO,20/02/2025,09:33:33,50018.2,50000.1,60,50017,180,0,74100
BANKNIFTY-III.NFO,20/02/2025,09:33:35,50018.2,50000.1,60,50018.75,30,0,74100
BANKNIFTY-III.NFO,20/02/2025,09:33:36,50018.2,50000.1,60,50019.65,180,0,74100
BANKNIFTY-III.NFO,20/02/2025,09:33:38,50018.2,50000.1,30,50017.15,240,0,74100
BANKNIFTY-III.NFO,20/02/2025,09:33:40,50018.2,50000.05,30,50014.45,210,0,74100
BANKNIFTY-III.NFO,20/02/2025,09:33:41,50018.2,50000.1,60,50017.4,150,0,74100
BANKNIFTY-III.NFO,20/02/2025,09:33:43,50018.2,50000.1,60,50016.95,180,0,74100
BANKNIFTY-III.NFO,20/02/2025,09:33:45,50018.2,50000.1,30,50017.15,240,0,74100
BANKNIFTY-III.NFO,20/02/2025,09:33:46,50015.6,50000.1,60,50016.7,240,30,74100
BANKNIFTY-III.NFO,20/02/2025,09:33:48,50015.6,50000.1,60,50018.5,150,0,74100
BANKNIFTY-III.NFO,20/02/2025,09:33:50,50015.6,50004.85,30,50025.85,150,0,74100
BANKNIFTY-III.NFO,20/02/2025,09:33:51,50015.6,50003.35,30,50024.55,180,0,74100
BANKNIFTY-III.NFO,20/02/2025,09:33:53,50015.6,50008.3,30,50029.15,180,0,74100
BANKNIFTY-III.NFO,20/02/2025,09:33:55,50015.6,50008.4,30,50029.15,180,0,74100
BANKNIFTY-III.NFO,20/02/2025,09:33:56,50029.55,50010.6,30,50032.4,180,30,73980
BANKNIFTY-III.NFO,20/02/2025,09:33:58,50029.55,50009,30,50030.3,180,0,73980
BANKNIFTY-III.NFO,20/02/2025,09:34:00,50029.55,50008.3,30,50029,150,0,73980
BANKNIFTY-III.NFO,20/02/2025,09:34:01,50029.55,50008.1,30,50029.15,180,0,73980
BANKNIFTY-III.NFO,20/02/2025,09:34:03,50029.55,50010.35,30,50031.35,30,0,73980
BANKNIFTY-III.NFO,20/02/2025,09:34:05,50029.55,50012.85,30,50033.5,180,0,73980
BANKNIFTY-III.NFO,20/02/2025,09:34:06,50029.55,50016,30,50036.15,30,0,73980
BANKNIFTY-III.NFO,20/02/2025,09:34:08,50029.55,50019,30,50038.95,60,0,73980
BANKNIFTY-III.NFO,20/02/2025,09:34:09,50029.55,50016,30,50036.85,30,0,73980
BANKNIFTY-III.NFO,20/02/2025,09:34:11,50029.55,50011.55,30,50032.2,30,0,73980
BANKNIFTY-III.NFO,20/02/2025,09:34:13,50029.55,50015.6,30,50036.85,30,0,73980
BANKNIFTY-III.NFO,20/02/2025,09:34:14,50029.55,50019.7,30,50039,30,0,73980
BANKNIFTY-III.NFO,20/02/2025,09:34:16,50029.55,50026.2,60,50039,30,0,73980
BANKNIFTY-III.NFO,20/02/2025,09:34:18,50029.55,50021.35,60,50039,30,0,73980
BANKNIFTY-III.NFO,20/02/2025,09:34:19,50029.55,50025.05,60,50039,30,0,73980
BANKNIFTY-III.NFO,20/02/2025,09:34:21,50029.55,50020.7,60,50039,60,0,73980
BANKNIFTY-III.NFO,20/02/2025,09:34:23,50029.55,50018.55,30,50039,60,0,73980
BANKNIFTY-III.NFO,20/02/2025,09:34:24,50029.55,50022.8,60,50039,30,0,73980
BANKNIFTY-III.NFO,20/02/2025,09:34:26,50029.55,50020.95,30,50039,60,0,73980
BANKNIFTY-III.NFO,20/02/2025,09:34:27,50029.55,50023.3,60,50039,30,0,73980
BANKNIFTY-III.NFO,20/02/2025,09:34:29,50029.55,50025.4,60,50039,30,0,73980
BANKNIFTY-III.NFO,20/02/2025,09:34:31,50029.55,50027.1,60,50039,30,0,73980
BANKNIFTY-III.NFO,20/02/2025,09:34:32,50039,50034.55,30,50055.85,30,30,73980
BANKNIFTY-III.NFO,20/02/2025,09:34:34,50039,50038.3,30,50059.6,30,0,73980
BANKNIFTY-III.NFO,20/02/2025,09:34:36,50039,50043.8,30,50067.15,180,0,73980
BANKNIFTY-III.NFO,20/02/2025,09:34:37,50039,50044.45,30,50066.05,30,0,73980
BANKNIFTY-III.NFO,20/02/2025,09:34:39,50039,50044,30,50064.65,180,0,73980
BANKNIFTY-III.NFO,20/02/2025,09:34:41,50039,50046.1,30,50067.35,30,0,73980
BANKNIFTY-III.NFO,20/02/2025,09:34:42,50039,50042.5,30,50062.85,150,0,73980
BANKNIFTY-III.NFO,20/02/2025,09:34:44,50039,50041.75,30,50066.8,150,0,73980
BANKNIFTY-III.NFO,20/02/2025,09:34:46,50039,50043.85,30,50065.3,240,0,73980
BANKNIFTY-III.NFO,20/02/2025,09:34:47,50039,50040.9,30,50061.7,240,0,73980
BANKNIFTY-III.NFO,20/02/2025,09:34:49,50039,50037.05,30,50057.85,180,0,73980
BANKNIFTY-III.NFO,20/02/2025,09:34:51,50039,50039.05,60,50058.45,30,0,73980
BANKNIFTY-III.NFO,20/02/2025,09:34:52,50039,50039,30,50056,240,0,73980
BANKNIFTY-III.NFO,20/02/2025,09:34:54,50039,50039,30,50052.45,240,0,73980
BANKNIFTY-III.NFO,20/02/2025,09:34:56,50039,50039,30,50049.65,90,0,73980
BANKNIFTY-III.NFO,20/02/2025,09:34:57,50039,50039,30,50049,150,0,73980
BANKNIFTY-III.NFO,20/02/2025,09:34:59,50039,50039,30,50053,30,0,73980
BANKNIFTY-III.NFO,20/02/2025,09:35:01,50039,50039,30,50053,180,0,73980
BANKNIFTY-III.NFO,20/02/2025,09:35:02,50039,50041.3,30,50061.9,180,0,73980
BANKNIFTY-III.NFO,20/02/2025,09:35:04,50039,50041.05,60,50063.2,210,0,73980
BANKNIFTY-III.NFO,20/02/2025,09:35:06,50039,50040.65,30,50061.8,30,0,73980
BANKNIFTY-III.NFO,20/02/2025,09:35:07,50039,50039.45,30,50059.75,30,0,73980
BANKNIFTY-III.NFO,20/02/2025,09:35:09,50039,50040.05,60,50059.7,30,0,73980
BANKNIFTY-III.NFO,20/02/2025,09:35:11,50039,50042.25,30,50063.3,30,0,73980
BANKNIFTY-III.NFO,20/02/2025,09:35:12,50039,50045.55,30,50066.6,180,0,73980
BANKNIFTY-III.NFO,20/02/2025,09:35:14,50039,50049.55,30,50070.95,180,0,73980
BANKNIFTY-III.NFO,20/02/2025,09:35:16,50039,50054.25,30,50074.2,60,0,73980
BANKNIFTY-III.NFO,20/02/2025,09:35:17,50039,50053,30,50074.45,30,0,73980
BANKNIFTY-III.NFO,20/02/2025,09:35:19,50039,50053.45,30,50073.9,30,0,73980
BANKNIFTY-III.NFO,20/02/2025,09:35:21,50039,50057.85,180,50078.4,30,0,73980
BANKNIFTY-III.NFO,20/02/2025,09:35:22,50039,50067.45,30,50088.35,90,0,73980
BANKNIFTY-III.NFO,20/02/2025,09:35:24,50039,50062,30,50084.1,180,0,73980
BANKNIFTY-III.NFO,20/02/2025,09:35:26,50039,50056.15,30,50079.2,30,0,73980
BANKNIFTY-III.NFO,20/02/2025,09:35:27,50039,50050.45,30,50071.3,30,0,73980
BANKNIFTY-III.NFO,20/02/2025,09:35:29,50039,50048.05,60,50069,30,0,73980
BANKNIFTY-III.NFO,20/02/2025,09:35:31,50039,50052.3,30,50073.9,90,0,73980
BANKNIFTY-III.NFO,20/02/2025,09:35:32,50039,50054.65,30,50075.55,180,0,73980
BANKNIFTY-III.NFO,20/02/2025,09:35:34,50039,50052.5,30,50076.55,180,0,73980
BANKNIFTY-III.NFO,20/02/2025,09:35:36,50039,50054.15,30,50075.75,210,0,73980
BANKNIFTY-III.NFO,20/02/2025,09:35:37,50039,50055.65,60,50076.3,30,0,73980
BANKNIFTY-III.NFO,20/02/2025,09:35:39,50039,50052.4,60,50073.4,30,0,73980
BANKNIFTY-III.NFO,20/02/2025,09:35:41,50039,50051,30,50072.25,30,0,73980
BANKNIFTY-III.NFO,20/02/2025,09:35:42,50039,50049.3,30,50072.45,240,0,73980
BANKNIFTY-III.NFO,20/02/2025,09:35:44,50039,50046.7,30,50068.25,30,0,73980
BANKNIFTY-III.NFO,20/02/2025,09:35:46,50039,50051.65,30,50073.55,240,0,73980
BANKNIFTY-III.NFO,20/02/2025,09:35:47,50039,50051.45,60,50073.25,30,0,73980
BANKNIFTY-III.NFO,20/02/2025,09:35:49,50039,50047,30,50068.65,30,0,73980
BANKNIFTY-III.NFO,20/02/2025,09:35:51,50039,50049.3,30,50069.3,240,0,73980
BANKNIFTY-III.NFO,20/02/2025,09:35:52,50039,50049.25,30,50069.95,30,0,73980
BANKNIFTY-III.NFO,20/02/2025,09:35:54,50039,50045,60,50066.2,240,0,73980
BANKNIFTY-III.NFO,20/02/2025,09:35:56,50039,50046.5,30,50068.35,180,0,73980
BANKNIFTY-III.NFO,20/02/2025,09:35:57,50039,50048.65,60,50069.35,30,0,73980
BANKNIFTY-III.NFO,20/02/2025,09:35:59,50039,50050.05,30,50070.9,180,0,73980
BANKNIFTY-III.NFO,20/02/2025,09:36:01,50039,50048.6,30,50069.7,30,0,73980
BANKNIFTY-III.NFO,20/02/2025,09:36:02,50039,50052.6,30,50073.05,210,0,73980
BANKNIFTY-III.NFO,20/02/2025,09:36:04,50039,50069.7,30,50079.55,180,0,73980
BANKNIFTY-III.NFO,20/02/2025,09:36:06,50039,50069.7,30,50076.8,180,0,73980
BANKNIFTY-III.NFO,20/02/2025,09:36:07,50039,50069.7,30,50071.1,210,0,73980
BANKNIFTY-III.NFO,20/02/2025,09:36:09,50039,50069.7,30,50079.65,150,0,73980
BANKNIFTY-III.NFO,20/02/2025,09:36:11,50039,50069.7,30,50079.25,210,0,73980
BANKNIFTY-III.NFO,20/02/2025,09:36:12,50078.35,50059.5,180,50079.6,180,30,73980
BANKNIFTY-III.NFO,20/02/2025,09:36:14,50078.35,50061.25,30,50082.3,180,0,73980
BANKNIFTY-III.NFO,20/02/2025,09:36:16,50078.35,50060.5,60,50081.15,150,0,73980
BANKNIFTY-III.NFO,20/02/2025,09:36:17,50081.35,50060.2,30,50081.4,180,30,73980
BANKNIFTY-III.NFO,20/02/2025,09:36:19,50081.35,50063.6,30,50084.75,30,0,73980
BANKNIFTY-III.NFO,20/02/2025,09:36:21,50081.35,50066.3,30,50087.9,30,0,73980
BANKNIFTY-III.NFO,20/02/2025,09:36:22,50081.35,50070.55,30,50091,180,0,73980
BANKNIFTY-III.NFO,20/02/2025,09:36:24,50081.35,50068.7,60,50090.8,90,0,73980
BANKNIFTY-III.NFO,20/02/2025,09:36:26,50081.35,50060.85,60,50082.95,30,0,73980
BANKNIFTY-III.NFO,20/02/2025,09:36:27,50081.35,50069.25,30,50088.55,30,0,73980
BANKNIFTY-III.NFO,20/02/2025,09:36:29,50081.35,50054.85,90,50078.05,30,0,73980
BANKNIFTY-III.NFO,20/02/2025,09:36:31,50081.35,50065.2,30,50087.65,30,0,73980
BANKNIFTY-III.NFO,20/02/2025,09:36:32,50081.35,50068.1,30,50089.55,30,0,73980
BANKNIFTY-III.NFO,20/02/2025,09:36:34,50081.35,50070.5,30,50091.35,180,0,73980
BANKNIFTY-III.NFO,20/02/2025,09:36:36,50081.35,50066.05,60,50088.45,30,0,73980
BANKNIFTY-III.NFO,20/02/2025,09:36:37,50081.35,50061.75,60,50082.6,30,0,73980
BANKNIFTY-III.NFO,20/02/2025,09:36:39,50081.35,50061.15,30,50081.9,30,30,73980
BANKNIFTY-III.NFO,20/02/2025,09:36:41,50081.35,50064.85,30,50086.85,180,0,73980
BANKNIFTY-III.NFO,20/02/2025,09:36:42,50081.35,50062.95,180,50083.15,30,0,73980
BANKNIFTY-III.NFO,20/02/2025,09:36:44,50081.35,50061.15,30,50084.75,180,0,73980
BANKNIFTY-III.NFO,20/02/2025,09:36:46,50081.35,50062.35,30,50082.8,180,0,73980
BANKNIFTY-III.NFO,20/02/2025,09:36:47,50081.35,50065.65,30,50088.45,30,0,73980
BANKNIFTY-III.NFO,20/02/2025,09:36:49,50081.35,50071.35,30,50092.7,30,0,73980
BANKNIFTY-III.NFO,20/02/2025,09:36:51,50091.95,50070.4,30,50091.55,180,30,73980
BANKNIFTY-III.NFO,20/02/2025,09:36:52,50091.95,50070.55,30,50091.35,30,0,74010
BANKNIFTY-III.NFO,20/02/2025,09:36:54,50091.95,50071.35,30,50094.15,150,0,74010
BANKNIFTY-III.NFO,20/02/2025,09:36:56,50091.95,50068.9,30,50091.1,30,0,74010
BANKNIFTY-III.NFO,20/02/2025,09:36:57,50091.95,50074.05,60,50095.3,180,0,74010
BANKNIFTY-III.NFO,20/02/2025,09:36:59,50091.95,50073.35,30,50094.5,30,0,74010
BANKNIFTY-III.NFO,20/02/2025,09:37:01,50091.95,50080.5,30,50104,60,0,74010
BANKNIFTY-III.NFO,20/02/2025,09:37:02,50091.95,50085.7,30,50108.4,30,0,74010
BANKNIFTY-III.NFO,20/02/2025,09:37:04,50091.95,50087.3,60,50108.5,30,0,74010
BANKNIFTY-III.NFO,20/02/2025,09:37:05,50091.95,50086.05,60,50107.2,180,0,74010
BANKNIFTY-III.NFO,20/02/2025,09:37:07,50091.95,50085.45,60,50106.9,150,0,74010
BANKNIFTY-III.NFO,20/02/2025,09:37:09,50091.95,50088.35,60,50108.95,180,0,74010
BANKNIFTY-III.NFO,20/02/2025,09:37:10,50091.95,50094.4,30,50114.5,60,0,74010
BANKNIFTY-III.NFO,20/02/2025,09:37:12,50091.95,50101.95,60,50120,60,0,74010
BANKNIFTY-III.NFO,20/02/2025,09:37:14,50091.95,50096.95,60,50114.4,60,0,74010
BANKNIFTY-III.NFO,20/02/2025,09:37:15,50091.95,50098.7,60,50114.4,30,0,74010
BANKNIFTY-III.NFO,20/02/2025,09:37:17,50091.95,50098.2,60,50114.4,30,0,74010
BANKNIFTY-III.NFO,20/02/2025,09:37:19,50091.95,50099.35,60,50114.4,30,0,74010
BANKNIFTY-III.NFO,20/02/2025,09:37:20,50091.95,50096.2,60,50114.4,60,0,74010
BANKNIFTY-III.NFO,20/02/2025,09:37:22,50091.95,50100.15,30,50114.4,30,0,74010
BANKNIFTY-III.NFO,20/02/2025,09:37:24,50091.95,50098.15,30,50114.4,30,0,74010
BANKNIFTY-III.NFO,20/02/2025,09:37:25,50091.95,50098.6,60,50114.4,30,0,74010
BANKNIFTY-III.NFO,20/02/2025,09:37:27,50099.45,50099.55,30,50114.4,30,120,74010
BANKNIFTY-III.NFO,20/02/2025,09:37:28,50099.45,50095.95,60,50114.35,60,0,74010
BANKNIFTY-III.NFO,20/02/2025,09:37:30,50099.45,50092,60,50110.2,30,0,74010
BANKNIFTY-III.NFO,20/02/2025,09:37:32,50099.45,50091.95,30,50107.95,60,0,74010
BANKNIFTY-III.NFO,20/02/2025,09:37:33,50099.45,50091.95,30,50107.45,60,0,74010
BANKNIFTY-III.NFO,20/02/2025,09:37:35,50108.4,50091.95,30,50107.5,150,120,74010
BANKNIFTY-III.NFO,20/02/2025,09:37:37,50107.1,50091.95,30,50106.8,150,30,74010
BANKNIFTY-III.NFO,20/02/2025,09:37:38,50107.1,50092,60,50109.75,30,0,74010
BANKNIFTY-III.NFO,20/02/2025,09:37:40,50107.1,50091.95,30,50109.05,150,0,74010
BANKNIFTY-III.NFO,20/02/2025,09:37:42,50107.1,50091.95,30,50108,90,0,74010
BANKNIFTY-III.NFO,20/02/2025,09:37:43,50107.1,50091.95,30,50107.8,150,0,74010
BANKNIFTY-III.NFO,20/02/2025,09:37:45,50107.1,50091.95,30,50107.2,150,0,74010
BANKNIFTY-III.NFO,20/02/2025,09:37:46,50107.1,50091.95,30,50107.15,120,0,74010
BANKNIFTY-III.NFO,20/02/2025,09:37:48,50107.1,50091.95,30,50104.85,120,0,74010
BANKNIFTY-III.NFO,20/02/2025,09:37:50,50107.1,50092,30,50107.1,30,0,74010
BANKNIFTY-III.NFO,20/02/2025,09:37:51,50107.1,50095.45,60,50107.1,30,0,74010
BANKNIFTY-III.NFO,20/02/2025,09:37:53,50107.1,50095.6,30,50107.1,30,0,74010
BANKNIFTY-III.NFO,20/02/2025,09:37:55,50107.1,50093.5,60,50107.1,30,0,74010
BANKNIFTY-III.NFO,20/02/2025,09:37:56,50107.1,50094.15,60,50107.1,30,0,74010
BANKNIFTY-III.NFO,20/02/2025,09:37:58,50107.1,50092,60,50107.1,30,0,74010
BANKNIFTY-III.NFO,20/02/2025,09:38:00,50107.1,50093.3,60,50107.1,30,0,74010
BANKNIFTY-III.NFO,20/02/2025,09:38:01,50107.1,50094.9,30,50107.1,30,0,74010
BANKNIFTY-III.NFO,20/02/2025,09:38:03,50107.1,50095.9,60,50107.1,30,0,74010
BANKNIFTY-III.NFO,20/02/2025,09:38:04,50107.1,50098.8,30,50107.1,30,0,74010
BANKNIFTY-III.NFO,20/02/2025,09:38:06,50107.1,50097.55,30,50107.1,30,0,74010
BANKNIFTY-III.NFO,20/02/2025,09:38:08,50107.1,50096.3,30,50107.1,30,0,74010
BANKNIFTY-III.NFO,20/02/2025,09:38:10,50107.1,50091.5,60,50107.1,30,0,74010
BANKNIFTY-III.NFO,20/02/2025,09:38:11,50107.1,50093.35,60,50107.1,30,0,74010
BANKNIFTY-III.NFO,20/02/2025,09:38:13,50107.1,50093.4,60,50107.1,30,0,74010
BANKNIFTY-III.NFO,20/02/2025,09:38:14,50107.1,50091.8,60,50107.1,30,0,74010
BANKNIFTY-III.NFO,20/02/2025,09:38:16,50107.1,50097.3,30,50107.1,30,0,74010
BANKNIFTY-III.NFO,20/02/2025,09:38:18,50107.1,50091,60,50107.1,30,0,74010
BANKNIFTY-III.NFO,20/02/2025,09:38:19,50107.1,50091.15,30,50100,30,0,74010
BANKNIFTY-III.NFO,20/02/2025,09:38:21,50107.1,50084.65,30,50100,30,0,74010
BANKNIFTY-III.NFO,20/02/2025,09:38:23,50107.1,50079.8,60,50100,60,0,74010
BANKNIFTY-III.NFO,20/02/2025,09:38:24,50107.1,50082.1,60,50100,60,0,74010
BANKNIFTY-III.NFO,20/02/2025,09:38:26,50107.1,50084.95,60,50100,30,0,74010
BANKNIFTY-III.NFO,20/02/2025,09:38:28,50107.1,50082.55,60,50100,60,0,74010
BANKNIFTY-III.NFO,20/02/2025,09:38:29,50107.1,50095.85,30,50100,30,0,74010
BANKNIFTY-III.NFO,20/02/2025,09:38:31,50107.1,50095.05,30,50100,30,0,74010
BANKNIFTY-III.NFO,20/02/2025,09:38:33,50107.1,50094.55,30,50100,30,0,74010
BANKNIFTY-III.NFO,20/02/2025,09:38:34,50107.1,50094.65,30,50100,30,0,74010
BANKNIFTY-III.NFO,20/02/2025,09:38:36,50100,50097.9,60,50114.4,30,30,74010
BANKNIFTY-III.NFO,20/02/2025,09:38:38,50100,50100.45,60,50114.4,30,0,74010
BANKNIFTY-III.NFO,20/02/2025,09:38:39,50100,50103.85,30,50114.4,30,0,74010
BANKNIFTY-III.NFO,20/02/2025,09:38:41,50100,50101.7,30,50114.4,30,0,74010
BANKNIFTY-III.NFO,20/02/2025,09:38:43,50100,50100,30,50114.4,30,0,74010
BANKNIFTY-III.NFO,20/02/2025,09:38:44,50100,50100,30,50114,150,0,74010
BANKNIFTY-III.NFO,20/02/2025,09:38:46,50100,50100,30,50114.35,30,0,74010
BANKNIFTY-III.NFO,20/02/2025,09:38:47,50100,50100,30,50114.4,60,0,74010
BANKNIFTY-III.NFO,20/02/2025,09:38:49,50100,50100,30,50114.4,30,0,74010
BANKNIFTY-III.NFO,20/02/2025,09:38:51,50100,50100.05,30,50114.4,30,0,74010
BANKNIFTY-III.NFO,20/02/2025,09:38:52,50100,50100,30,50114.4,60,0,74010
BANKNIFTY-III.NFO,20/02/2025,09:38:54,50100,50100,30,50113.1,30,0,74010
BANKNIFTY-III.NFO,20/02/2025,09:38:56,50100,50100,30,50112.9,30,0,74010
BANKNIFTY-III.NFO,20/02/2025,09:38:57,50100,50100,30,50111.25,60,0,74010
BANKNIFTY-III.NFO,20/02/2025,09:38:59,50100,50100,30,50106.95,30,0,74010
BANKNIFTY-III.NFO,20/02/2025,09:39:01,50100,50100,30,50106.35,30,0,74010
BANKNIFTY-III.NFO,20/02/2025,09:39:02,50100,50100,30,50106.05,30,0,74010
BANKNIFTY-III.NFO,20/02/2025,09:39:04,50100,50100,30,50108.6,60,0,74010
BANKNIFTY-III.NFO,20/02/2025,09:39:06,50100,50100,30,50103.4,30,0,74010
BANKNIFTY-III.NFO,20/02/2025,09:39:07,50100,50100,30,50102.65,30,0,74010
BANKNIFTY-III.NFO,20/02/2025,09:39:09,50100,50100,30,50102.15,30,0,74010
BANKNIFTY-III.NFO,20/02/2025,09:39:11,50100,50090,30,50096.05,30,30,74010
BANKNIFTY-III.NFO,20/02/2025,09:39:12,50092.5,50090,30,50099.3,60,30,74010
BANKNIFTY-III.NFO,20/02/2025,09:39:14,50098,50090,30,50095.8,60,60,74010
BANKNIFTY-III.NFO,20/02/2025,09:39:16,50098,50090,30,50094.4,60,0,74010
BANKNIFTY-III.NFO,20/02/2025,09:39:17,50098,50090,30,50096.85,60,0,74010
BANKNIFTY-III.NFO,20/02/2025,09:39:19,50098,50090,30,50094.1,60,0,74010
BANKNIFTY-III.NFO,20/02/2025,09:39:21,50090,50068.85,60,50090.35,90,30,74010
BANKNIFTY-III.NFO,20/02/2025,09:39:22,50090,50074.1,30,50096.1,30,0,74010
BANKNIFTY-III.NFO,20/02/2025,09:39:24,50090,50073.05,30,50095.2,30,0,74010
BANKNIFTY-III.NFO,20/02/2025,09:39:26,50090,50074,30,50095.5,30,0,74010
BANKNIFTY-III.NFO,20/02/2025,09:39:27,50090,50074,30,50093.2,90,0,74010
BANKNIFTY-III.NFO,20/02/2025,09:39:29,50090,50074.1,30,50095.05,90,0,74010
BANKNIFTY-III.NFO,20/02/2025,09:39:31,50090,50078.7,30,50098.45,30,0,74010
BANKNIFTY-III.NFO,20/02/2025,09:39:32,50090,50079.75,30,50102.95,30,0,74010
BANKNIFTY-III.NFO,20/02/2025,09:39:34,50090,50085.8,30,50106.85,90,0,74010
BANKNIFTY-III.NFO,20/02/2025,09:39:36,50090,50087.4,30,50108.85,90,0,74010
BANKNIFTY-III.NFO,20/02/2025,09:39:37,50090,50089.5,30,50109.05,60,0,74010
BANKNIFTY-III.NFO,20/02/2025,09:39:39,50090,50095.95,30,50110,30,0,74010
BANKNIFTY-III.NFO,20/02/2025,09:39:42,50090,50092.9,60,50110,30,0,74010
BANKNIFTY-III.NFO,20/02/2025,09:39:44,50090,50090.8,30,50110,30,0,74010
BANKNIFTY-III.NFO,20/02/2025,09:39:46,50090,50090.3,30,50111.95,90,0,74010
BANKNIFTY-III.NFO,20/02/2025,09:39:47,50090,50091.4,30,50112.7,30,0,74010
BANKNIFTY-III.NFO,20/02/2025,09:39:49,50090,50090.45,60,50110.7,330,0,74010
BANKNIFTY-III.NFO,20/02/2025,09:39:51,50090,50088.75,30,50108.7,330,0,74010
BANKNIFTY-III.NFO,20/02/2025,09:39:52,50090,50084.65,30,50105.6,30,0,74010
BANKNIFTY-III.NFO,20/02/2025,09:39:54,50090,50083.75,60,50105.2,30,0,74010
BANKNIFTY-III.NFO,20/02/2025,09:39:56,50090,50087.1,30,50107.9,30,0,74010
BANKNIFTY-III.NFO,20/02/2025,09:39:57,50090,50088.55,30,50109.6,90,0,74010
BANKNIFTY-III.NFO,20/02/2025,09:39:59,50090,50084.8,60,50105.95,90,0,74010
BANKNIFTY-III.NFO,20/02/2025,09:40:01,50090,50084.95,30,50106.75,30,0,74010
BANKNIFTY-III.NFO,20/02/2025,09:40:02,50090,50087.85,30,50108.8,30,0,74010
BANKNIFTY-III.NFO,20/02/2025,09:40:04,50090,50085.1,60,50101,900,0,74010
BANKNIFTY-III.NFO,20/02/2025,09:40:06,50090,50084.75,60,50101,900,0,74010
BANKNIFTY-III.NFO,20/02/2025,09:40:07,50090,50085.2,60,50101,900,0,74010
BANKNIFTY-III.NFO,20/02/2025,09:40:09,50090,50083.75,60,50101,900,0,74010
BANKNIFTY-III.NFO,20/02/2025,09:40:11,50090,50081.5,30,50101,930,0,74010
BANKNIFTY-III.NFO,20/02/2025,09:40:12,50101,50082.3,30,50101,900,30,73920
BANKNIFTY-III.NFO,20/02/2025,09:40:14,50101,50087.55,60,50101,870,0,73920
BANKNIFTY-III.NFO,20/02/2025,09:40:16,50101,50091.8,30,50101,870,0,73920
BANKNIFTY-III.NFO,20/02/2025,09:40:17,50101,50092.9,30,50101,870,0,73920
BANKNIFTY-III.NFO,20/02/2025,09:40:19,50101,50091.1,60,50101,870,0,73920
BANKNIFTY-III.NFO,20/02/2025,09:40:21,50101,50087.95,60,50101,840,30,73920
BANKNIFTY-III.NFO,20/02/2025,09:40:22,50101,50090.4,60,50101,840,0,73920
BANKNIFTY-III.NFO,20/02/2025,09:40:24,50101,50094.75,30,50101,840,0,73920
BANKNIFTY-III.NFO,20/02/2025,09:40:25,50101,50096.5,30,50101,840,0,73920
BANKNIFTY-III.NFO,20/02/2025,09:40:27,50101,50095.15,30,50101,840,0,73920
BANKNIFTY-III.NFO,20/02/2025,09:40:29,50101,50087.4,60,50101,840,0,73920
BANKNIFTY-III.NFO,20/02/2025,09:40:30,50101,50082,30,50099.85,90,0,73920
BANKNIFTY-III.NFO,20/02/2025,09:40:32,50101,50082,30,50098.2,30,0,73920
BANKNIFTY-III.NFO,20/02/2025,09:40:34,50101,50082,30,50096.9,90,0,73920
BANKNIFTY-III.NFO,20/02/2025,09:40:36,50101,50082.05,60,50101,870,0,73920
BANKNIFTY-III.NFO,20/02/2025,09:40:37,50101,50085.7,60,50101,840,0,73920
BANKNIFTY-III.NFO,20/02/2025,09:40:39,50101,50088,60,50101,840,0,73920
BANKNIFTY-III.NFO,20/02/2025,09:40:41,50101,50083.3,30,50101,870,0,73920
BANKNIFTY-III.NFO,20/02/2025,09:40:42,50100.95,50082.05,60,50101,870,30,73920
BANKNIFTY-III.NFO,20/02/2025,09:40:44,50100.95,50082,60,50098.9,30,0,73920
BANKNIFTY-III.NFO,20/02/2025,09:40:46,50100.95,50082.4,60,50101,870,0,73920
BANKNIFTY-III.NFO,20/02/2025,09:40:47,50100.95,50084.6,60,50101,840,0,73920
BANKNIFTY-III.NFO,20/02/2025,09:40:49,50100.95,50087.05,30,50101,840,0,73920
BANKNIFTY-III.NFO,20/02/2025,09:40:51,50100.95,50086,60,50101,840,0,73920
BANKNIFTY-III.NFO,20/02/2025,09:40:52,50100.95,50090.25,60,50101,840,0,73920
BANKNIFTY-III.NFO,20/02/2025,09:40:54,50100.95,50091.4,60,50101,840,0,73920
BANKNIFTY-III.NFO,20/02/2025,09:40:55,50100.95,50095.25,60,50101,840,0,73920
BANKNIFTY-III.NFO,20/02/2025,09:40:57,50101,50095.25,30,50114.4,60,840,73920
BANKNIFTY-III.NFO,20/02/2025,09:40:59,50101,50085.1,30,50104.95,90,0,73920
BANKNIFTY-III.NFO,20/02/2025,09:41:00,50101,50085.05,60,50105.95,30,0,73920
BANKNIFTY-III.NFO,20/02/2025,09:41:02,50101,50090.4,30,50110.75,90,0,73920
BANKNIFTY-III.NFO,20/02/2025,09:41:03,50101,50091.85,30,50111.8,90,0,73920
BANKNIFTY-III.NFO,20/02/2025,09:41:05,50101,50085.05,30,50104.55,30,0,73920
BANKNIFTY-III.NFO,20/02/2025,09:41:07,50101,50087.6,30,50108.45,90,0,73920
BANKNIFTY-III.NFO,20/02/2025,09:41:08,50101,50088.4,30,50108.25,90,0,73920
BANKNIFTY-III.NFO,20/02/2025,09:41:10,50101,50087.4,30,50108.7,90,0,73920
BANKNIFTY-III.NFO,20/02/2025,09:41:11,50101,50085.05,60,50104.4,60,0,73920
BANKNIFTY-III.NFO,20/02/2025,09:41:13,50101,50091.25,30,50111.15,90,0,73920
BANKNIFTY-III.NFO,20/02/2025,09:41:15,50101,50090.25,30,50111,90,0,73920
BANKNIFTY-III.NFO,20/02/2025,09:41:16,50101,50089.45,30,50109.6,30,0,73920
BANKNIFTY-III.NFO,20/02/2025,09:41:18,50101,50090,30,50110.9,90,0,73920
BANKNIFTY-III.NFO,20/02/2025,09:41:19,50101,50085.9,30,50106.15,60,0,73920
BANKNIFTY-III.NFO,20/02/2025,09:41:21,50101,50085,60,50102.2,90,0,73920
BANKNIFTY-III.NFO,20/02/2025,09:41:23,50101,50085,30,50100.65,60,0,73920
BANKNIFTY-III.NFO,20/02/2025,09:41:24,50101,50085.05,60,50102.8,90,0,73920
BANKNIFTY-III.NFO,20/02/2025,09:41:26,50101,50085,30,50099.75,90,0,73920
BANKNIFTY-III.NFO,20/02/2025,09:41:28,50101,50085,30,50100.8,90,0,73920
BANKNIFTY-III.NFO,20/02/2025,09:41:29,50101,50085,30,50094.6,60,0,73920
BANKNIFTY-III.NFO,20/02/2025,09:41:31,50101,50085,30,50093.2,60,0,73920
BANKNIFTY-III.NFO,20/02/2025,09:41:32,50101,50085,30,50087.5,60,0,73920
BANKNIFTY-III.NFO,20/02/2025,09:41:36,50085,50082,30,50085.1,30,30,73920
BANKNIFTY-III.NFO,20/02/2025,09:41:37,50085,50082,30,50083.75,30,0,73920
BANKNIFTY-III.NFO,20/02/2025,09:41:39,50082,50080,30,50083.5,30,30,73920
BANKNIFTY-III.NFO,20/02/2025,09:41:41,50082,50080,30,50083.55,30,0,73920
BANKNIFTY-III.NFO,20/02/2025,09:41:42,50082,50080,30,50090.85,30,0,73920
BANKNIFTY-III.NFO,20/02/2025,09:41:44,50082,50080.05,60,50096.1,90,0,73920
BANKNIFTY-III.NFO,20/02/2025,09:41:45,50082,50080,30,50094.4,60,0,73920
BANKNIFTY-III.NFO,20/02/2025,09:41:47,50082,50080,30,50092.05,30,0,73920
BANKNIFTY-III.NFO,20/02/2025,09:41:49,50082,50080,30,50088.75,30,0,73920
BANKNIFTY-III.NFO,20/02/2025,09:41:50,50082,50080,30,50087.05,30,0,73920
BANKNIFTY-III.NFO,20/02/2025,09:41:52,50082,50080,30,50084.3,30,0,73920
BANKNIFTY-III.NFO,20/02/2025,09:41:54,50082,50080,30,50083,90,0,73920
BANKNIFTY-III.NFO,20/02/2025,09:41:55,50082,50080,30,50083.35,60,0,73920
BANKNIFTY-III.NFO,20/02/2025,09:41:57,50082,50061.6,30,50081.9,60,0,73920
BANKNIFTY-III.NFO,20/02/2025,09:41:59,50082,50057.05,30,50076.9,60,0,73920
BANKNIFTY-III.NFO,20/02/2025,09:42:00,50082,50053.45,30,50072.65,90,0,73920
BANKNIFTY-III.NFO,20/02/2025,09:42:02,50082,50050.05,60,50067.7,90,0,73920
BANKNIFTY-III.NFO,20/02/2025,09:42:04,50082,50050,210,50065.05,300,0,73920
BANKNIFTY-III.NFO,20/02/2025,09:42:05,50082,50050,210,50064.8,60,0,73920
BANKNIFTY-III.NFO,20/02/2025,09:42:07,50082,50050,210,50062.6,30,0,73920
BANKNIFTY-III.NFO,20/02/2025,09:42:09,50082,50050,210,50061.5,60,0,73920
BANKNIFTY-III.NFO,20/02/2025,09:42:10,50082,50050,210,50057.9,30,0,73920
BANKNIFTY-III.NFO,20/02/2025,09:42:12,50082,50050,210,50058.55,30,0,73920
BANKNIFTY-III.NFO,20/02/2025,09:42:14,50082,50050,210,50054.95,30,0,73920
BANKNIFTY-III.NFO,20/02/2025,09:42:15,50082,50050,210,50055.15,60,0,73920
BANKNIFTY-III.NFO,20/02/2025,09:42:17,50050,50039,60,50049.9,30,210,73920
BANKNIFTY-III.NFO,20/02/2025,09:42:18,50050,50039,60,50046.15,60,0,73920
BANKNIFTY-III.NFO,20/02/2025,09:42:20,50050,50039,60,50044.8,30,0,73920
BANKNIFTY-III.NFO,20/02/2025,09:42:22,50050,50039,60,50043.25,30,0,73920
BANKNIFTY-III.NFO,20/02/2025,09:42:23,50050,50039,60,50040.8,30,0,73920
BANKNIFTY-III.NFO,20/02/2025,09:42:25,50039,50014.85,60,50035,90,60,73920
BANKNIFTY-III.NFO,20/02/2025,09:42:27,50036.8,50027.25,30,50048.45,300,30,73920
BANKNIFTY-III.NFO,20/02/2025,09:42:28,50036.8,50031.5,30,50053.85,330,0,73920
BANKNIFTY-III.NFO,20/02/2025,09:42:30,50036.8,50037,30,50059.55,30,0,73920
BANKNIFTY-III.NFO,20/02/2025,09:42:32,50036.8,50036.65,30,50056.95,30,0,73920
BANKNIFTY-III.NFO,20/02/2025,09:42:33,50036.8,50040.75,30,50061.45,90,0,73920
BANKNIFTY-III.NFO,20/02/2025,09:42:35,50036.8,50039.9,30,50059.45,90,0,73920
BANKNIFTY-III.NFO,20/02/2025,09:42:37,50036.8,50039.3,30,50060.7,90,0,73920
BANKNIFTY-III.NFO,20/02/2025,09:42:38,50036.8,50036.65,30,50056.25,90,0,73920
BANKNIFTY-III.NFO,20/02/2025,09:42:40,50036.8,50038.25,30,50059.95,90,0,73920
BANKNIFTY-III.NFO,20/02/2025,09:42:42,50036.8,50038.25,30,50057.3,90,0,73920
BANKNIFTY-III.NFO,20/02/2025,09:42:43,50036.8,50042.15,30,50062.95,90,0,73920
BANKNIFTY-III.NFO,20/02/2025,09:42:45,50036.8,50042.15,30,50062.7,90,0,73920
BANKNIFTY-III.NFO,20/02/2025,09:42:46,50036.8,50042.15,30,50062.75,90,0,73920
BANKNIFTY-III.NFO,20/02/2025,09:42:48,50036.8,50046,30,50067.65,90,0,73920
BANKNIFTY-III.NFO,20/02/2025,09:42:50,50036.8,50046,30,50066.5,30,0,73920
BANKNIFTY-III.NFO,20/02/2025,09:42:51,50036.8,50040.45,30,50059.4,60,0,73920
BANKNIFTY-III.NFO,20/02/2025,09:42:53,50036.8,50037.6,30,50059.25,90,0,73920
BANKNIFTY-III.NFO,20/02/2025,09:42:55,50036.8,50037.6,30,50057.3,30,0,73920
BANKNIFTY-III.NFO,20/02/2025,09:42:56,50036.8,50037.45,30,50059.45,30,0,73920
BANKNIFTY-III.NFO,20/02/2025,09:42:58,50036.8,50039.15,30,50060.05,330,0,73920
BANKNIFTY-III.NFO,20/02/2025,09:43:00,50036.8,50037.45,30,50056.25,90,0,73920
BANKNIFTY-III.NFO,20/02/2025,09:43:01,50036.8,50033.6,30,50052.75,90,0,73920
BANKNIFTY-III.NFO,20/02/2025,09:43:03,50036.8,50031.5,30,50050.25,90,0,73920
BANKNIFTY-III.NFO,20/02/2025,09:43:05,50036.8,50034.05,30,50055.9,30,0,73920
BANKNIFTY-III.NFO,20/02/2025,09:43:06,50036.8,50040.2,30,50061.05,60,0,73920
BANKNIFTY-III.NFO,20/02/2025,09:43:08,50036.8,50040.25,30,50060.1,150,0,73920
BANKNIFTY-III.NFO,20/02/2025,09:43:09,50036.8,50041.25,30,50063,300,0,73920
BANKNIFTY-III.NFO,20/02/2025,09:43:11,50036.8,50043.6,30,50064.7,30,0,73920
BANKNIFTY-III.NFO,20/02/2025,09:43:13,50036.8,50037.5,30,50058.1,330,0,73920
BANKNIFTY-III.NFO,20/02/2025,09:43:14,50036.8,50036.45,30,50055.9,390,0,73920
BANKNIFTY-III.NFO,20/02/2025,09:43:16,50036.8,50033.4,30,50053.15,30,0,73920
BANKNIFTY-III.NFO,20/02/2025,09:43:18,50036.8,50031.5,30,50050.9,330,0,73920
BANKNIFTY-III.NFO,20/02/2025,09:43:19,50036.8,50031.85,30,50051.85,210,0,73920
BANKNIFTY-III.NFO,20/02/2025,09:43:21,50036.8,50042.05,30,50063.1,60,0,73920
BANKNIFTY-III.NFO,20/02/2025,09:43:23,50036.8,50043.7,30,50064.45,90,0,73920
BANKNIFTY-III.NFO,20/02/2025,09:43:24,50036.8,50042.95,30,50062.8,60,0,73920
BANKNIFTY-III.NFO,20/02/2025,09:43:26,50036.8,50044.3,60,50066,120,0,73920
BANKNIFTY-III.NFO,20/02/2025,09:43:28,50036.8,50042.55,30,50064.05,90,0,73920
BANKNIFTY-III.NFO,20/02/2025,09:43:29,50036.8,50041.4,30,50062.7,30,0,73920
BANKNIFTY-III.NFO,20/02/2025,09:43:31,50036.8,50042.6,30,50062.55,30,0,73920
BANKNIFTY-III.NFO,20/02/2025,09:43:32,50036.8,50043.6,30,50065,300,0,73920
BANKNIFTY-III.NFO,20/02/2025,09:43:34,50036.8,50043.7,30,50064.85,330,0,73920
BANKNIFTY-III.NFO,20/02/2025,09:43:36,50036.8,50039.2,30,50060.1,90,0,73920
BANKNIFTY-III.NFO,20/02/2025,09:43:37,50036.8,50035.2,30,50056.2,90,0,73920
BANKNIFTY-III.NFO,20/02/2025,09:43:39,50036.8,50035.55,30,50055.8,330,0,73920
BANKNIFTY-III.NFO,20/02/2025,09:43:41,50036.8,50039,30,50058.9,60,0,73920
BANKNIFTY-III.NFO,20/02/2025,09:43:42,50036.8,50040.25,30,50061.6,30,0,73920
BANKNIFTY-III.NFO,20/02/2025,09:43:44,50036.8,50042.05,30,50062.25,90,0,73920
BANKNIFTY-III.NFO,20/02/2025,09:43:46,50036.8,50041.05,30,50061.1,150,0,73920
BANKNIFTY-III.NFO,20/02/2025,09:43:47,50036.8,50041.05,30,50060.9,300,0,73920
BANKNIFTY-III.NFO,20/02/2025,09:43:49,50036.8,50036.15,30,50055.1,390,0,73920
BANKNIFTY-III.NFO,20/02/2025,09:43:50,50036.8,50034.85,30,50055.45,90,0,73920
BANKNIFTY-III.NFO,20/02/2025,09:43:52,50036.8,50036.55,30,50058.45,300,0,73920
BANKNIFTY-III.NFO,20/02/2025,09:43:54,50036.8,50041.4,30,50063.65,180,0,73920
BANKNIFTY-III.NFO,20/02/2025,09:43:55,50036.8,50042.9,30,50063,30,0,73920
BANKNIFTY-III.NFO,20/02/2025,09:43:57,50036.8,50042.15,30,50061.55,150,0,73920
BANKNIFTY-III.NFO,20/02/2025,09:43:59,50036.8,50043.15,30,50063.1,30,0,73920
BANKNIFTY-III.NFO,20/02/2025,09:44:00,50036.8,50036.05,30,50055.9,150,0,73920
BANKNIFTY-III.NFO,20/02/2025,09:44:02,50036.8,50038,60,50050,30,0,73920
BANKNIFTY-III.NFO,20/02/2025,09:44:04,50050,50039.6,60,50060.6,30,30,74160
BANKNIFTY-III.NFO,20/02/2025,09:44:05,50050,50042.8,60,50063.3,180,0,74160
BANKNIFTY-III.NFO,20/02/2025,09:44:07,50050,50043.85,30,50064.15,30,0,74160
BANKNIFTY-III.NFO,20/02/2025,09:44:09,50050,50048.95,30,50069.8,60,0,74160
BANKNIFTY-III.NFO,20/02/2025,09:44:10,50050,50048.55,30,50069.45,30,0,74160
BANKNIFTY-III.NFO,20/02/2025,09:44:12,50050,50050.95,30,50071.7,120,0,74160
BANKNIFTY-III.NFO,20/02/2025,09:44:14,50050,50051.65,30,50073.3,60,0,74160
BANKNIFTY-III.NFO,20/02/2025,09:44:15,50050,50053.75,30,50073.65,90,0,74160
BANKNIFTY-III.NFO,20/02/2025,09:44:17,50050,50050.95,30,50070.55,90,0,74160
BANKNIFTY-III.NFO,20/02/2025,09:44:19,50050,50054.5,30,50076.35,90,0,74160
BANKNIFTY-III.NFO,20/02/2025,09:44:20,50050,50055.8,30,50076.2,60,0,74160
BANKNIFTY-III.NFO,20/02/2025,09:44:22,50050,50055.8,30,50076.2,210,0,74160
BANKNIFTY-III.NFO,20/02/2025,09:44:24,50050,50053.3,30,50073.55,330,0,74160
BANKNIFTY-III.NFO,20/02/2025,09:44:25,50050,50051.35,30,50072.35,30,0,74160
BANKNIFTY-III.NFO,20/02/2025,09:44:27,50050,50052.1,30,50072.2,330,0,74160
BANKNIFTY-III.NFO,20/02/2025,09:44:29,50050,50052.95,30,50074.45,30,0,74160
BANKNIFTY-III.NFO,20/02/2025,09:44:30,50050,50057.9,30,50078.6,180,0,74160
BANKNIFTY-III.NFO,20/02/2025,09:44:32,50050,50056.25,30,50077.45,60,0,74160
BANKNIFTY-III.NFO,20/02/2025,09:44:34,50050,50058.25,30,50079.25,90,0,74160
BANKNIFTY-III.NFO,20/02/2025,09:44:35,50050,50060.45,30,50081.45,60,0,74160
BANKNIFTY-III.NFO,20/02/2025,09:44:37,50050,50058.25,30,50077.75,30,0,74160
BANKNIFTY-III.NFO,20/02/2025,09:44:39,50050,50058.25,30,50078.45,210,0,74160
BANKNIFTY-III.NFO,20/02/2025,09:44:40,50050,50056.6,30,50075.95,210,0,74160
BANKNIFTY-III.NFO,20/02/2025,09:44:42,50050,50051.35,30,50072.3,90,0,74160
BANKNIFTY-III.NFO,20/02/2025,09:44:44,50050,50046.7,30,50067.95,330,0,74160
BANKNIFTY-III.NFO,20/02/2025,09:44:45,50050,50047.2,30,50069.05,90,0,74160
BANKNIFTY-III.NFO,20/02/2025,09:44:47,50050,50047.2,30,50067.75,30,0,74160
BANKNIFTY-III.NFO,20/02/2025,09:44:49,50050,50047.2,90,50067.75,30,0,74160
BANKNIFTY-III.NFO,20/02/2025,09:44:50,50050,50049.7,30,50070.35,300,0,74160
BANKNIFTY-III.NFO,20/02/2025,09:44:52,50050,50051,30,50071.75,90,0,74160
BANKNIFTY-III.NFO,20/02/2025,09:44:54,50050,50050.05,30,50070.15,90,0,74160
BANKNIFTY-III.NFO,20/02/2025,09:44:55,50050,50050.05,60,50069.95,30,0,74160
BANKNIFTY-III.NFO,20/02/2025,09:44:57,50050,50052.15,30,50073.3,30,0,74160
BANKNIFTY-III.NFO,20/02/2025,09:44:59,50050,50053.7,30,50074.65,270,0,74160
BANKNIFTY-III.NFO,20/02/2025,09:45:00,50050,50050.05,60,50071.1,60,0,74160
BANKNIFTY-III.NFO,20/02/2025,09:45:02,50050,50055.3,30,50076.9,270,0,74160
BANKNIFTY-III.NFO,20/02/2025,09:45:04,50050,50058.15,30,50079.55,60,0,74160
BANKNIFTY-III.NFO,20/02/2025,09:45:05,50050,50059,30,50081.3,120,0,74160
BANKNIFTY-III.NFO,20/02/2025,09:45:07,50050,50057.45,30,50078.2,330,0,74160
BANKNIFTY-III.NFO,20/02/2025,09:45:09,50050,50053.4,30,50074.7,330,0,74160
BANKNIFTY-III.NFO,20/02/2025,09:45:10,50050,50050.05,60,50068.1,30,0,74160
BANKNIFTY-III.NFO,20/02/2025,09:45:12,50050,50050.05,30,50067.25,60,0,74160
BANKNIFTY-III.NFO,20/02/2025,09:45:14,50050,50050,60,50063.5,150,0,74160
BANKNIFTY-III.NFO,20/02/2025,09:45:15,50050,50050,60,50058.5,60,0,74160
BANKNIFTY-III.NFO,20/02/2025,09:45:17,50050,50026.35,30,50048,330,60,74160
BANKNIFTY-III.NFO,20/02/2025,09:45:19,50050,50026.1,30,50048.5,30,0,74160
BANKNIFTY-III.NFO,20/02/2025,09:45:20,50050,50022.75,30,50041.95,180,0,74160
BANKNIFTY-III.NFO,20/02/2025,09:45:22,50050,50025.05,30,50045.55,30,0,74160
BANKNIFTY-III.NFO,20/02/2025,09:45:24,50050,50031.15,30,50053.2,90,0,74160
BANKNIFTY-III.NFO,20/02/2025,09:45:25,50050,50031.85,30,50051.6,90,0,74160
BANKNIFTY-III.NFO,20/02/2025,09:45:27,50050,50025.85,30,50046.9,90,0,74160
BANKNIFTY-III.NFO,20/02/2025,09:45:28,50050,50025.1,30,50045.4,120,0,74160
BANKNIFTY-III.NFO,20/02/2025,09:45:30,50050,50021.5,30,50042.4,120,0,74160
BANKNIFTY-III.NFO,20/02/2025,09:45:32,50050,50015.85,30,50039.75,30,0,74160
BANKNIFTY-III.NFO,20/02/2025,09:45:33,50050,50021.45,30,50041.95,60,0,74160
BANKNIFTY-III.NFO,20/02/2025,09:45:35,50050,50021.25,30,50042.55,300,0,74160
BANKNIFTY-III.NFO,20/02/2025,09:45:37,50050,50016.1,60,50036.9,30,0,74160
BANKNIFTY-III.NFO,20/02/2025,09:45:38,50050,50017.1,30,50037.6,210,0,74160
BANKNIFTY-III.NFO,20/02/2025,09:45:40,50050,50012.65,30,50033.7,300,0,74160
BANKNIFTY-III.NFO,20/02/2025,09:45:41,50050,50018.8,30,50039.9,150,0,74160
BANKNIFTY-III.NFO,20/02/2025,09:45:43,50050,50011.8,60,50031.45,90,0,74160
BANKNIFTY-III.NFO,20/02/2025,09:45:45,50050,50013,30,50035.8,90,0,74160
BANKNIFTY-III.NFO,20/02/2025,09:45:46,50050,50012.5,30,50033.5,30,0,74160
BANKNIFTY-III.NFO,20/02/2025,09:45:48,50050,50013.3,30,50034.65,60,0,74160
BANKNIFTY-III.NFO,20/02/2025,09:45:50,50050,50019.15,30,50039.35,60,0,74160
BANKNIFTY-III.NFO,20/02/2025,09:45:51,50050,50010.55,60,50029.9,30,0,74160
BANKNIFTY-III.NFO,20/02/2025,09:45:53,50050,50016.25,30,50036.8,60,0,74160
BANKNIFTY-III.NFO,20/02/2025,09:45:55,50050,50012,30,50032.9,90,0,74160
BANKNIFTY-III.NFO,20/02/2025,09:45:56,50050,50009.9,30,50030.05,30,0,74160
BANKNIFTY-III.NFO,20/02/2025,09:45:58,50050,50005.3,30,50026.6,30,0,74160
BANKNIFTY-III.NFO,20/02/2025,09:46:00,50050,50001.85,60,50022.55,330,0,74160
BANKNIFTY-III.NFO,20/02/2025,09:46:01,50050,50000,180,50017.1,180,0,74160
BANKNIFTY-III.NFO,20/02/2025,09:46:03,50050,50000,150,50014.95,90,0,74160
BANKNIFTY-III.NFO,20/02/2025,09:46:05,50050,50000,150,50012.25,60,0,74160
BANKNIFTY-III.NFO,20/02/2025,09:46:06,50050,50000,150,50008.75,60,0,74160
BANKNIFTY-III.NFO,20/02/2025,09:46:08,50050,50000,150,50009.85,30,0,74160
BANKNIFTY-III.NFO,20/02/2025,09:46:10,50050,50000,150,50015.85,150,0,74160
BANKNIFTY-III.NFO,20/02/2025,09:46:11,50050,50000.05,30,50016.55,30,0,74160
BANKNIFTY-III.NFO,20/02/2025,09:46:13,50050,50000.05,30,50016.65,150,0,74160
BANKNIFTY-III.NFO,20/02/2025,09:46:15,50050,50000,150,50011.1,180,0,74160
BANKNIFTY-III.NFO,20/02/2025,09:46:16,50050,50000,150,50011.6,300,0,74160
BANKNIFTY-III.NFO,20/02/2025,09:46:18,50050,50000,150,50010.5,30,0,74160
BANKNIFTY-III.NFO,20/02/2025,09:46:20,50050,50000,150,50011.4,150,0,74160
BANKNIFTY-III.NFO,20/02/2025,09:46:21,50050,50000,150,50013,30,0,74160
BANKNIFTY-III.NFO,20/02/2025,09:46:25,50050,50000.05,60,50013,30,0,74160
BANKNIFTY-III.NFO,20/02/2025,09:46:26,50050,50000.05,30,50013,30,0,74160
BANKNIFTY-III.NFO,20/02/2025,09:46:28,50050,50000.05,120,50013,30,0,74160
BANKNIFTY-III.NFO,20/02/2025,09:46:30,50050,50000.05,60,50013,30,0,74160
BANKNIFTY-III.NFO,20/02/2025,09:46:31,50050,50000,150,50010.7,300,0,74160
BANKNIFTY-III.NFO,20/02/2025,09:46:33,50050,50000,150,50011.15,300,0,74160
BANKNIFTY-III.NFO,20/02/2025,09:46:35,50050,50000,150,50010.6,150,0,74160
BANKNIFTY-III.NFO,20/02/2025,09:46:36,50000,49980.05,30,50000.9,30,150,74160
BANKNIFTY-III.NFO,20/02/2025,09:46:38,50000,49995.65,30,50013,30,0,74160
BANKNIFTY-III.NFO,20/02/2025,09:46:40,50000,49990.4,30,50010.9,60,0,74160
BANKNIFTY-III.NFO,20/02/2025,09:46:41,50000,49980.75,60,50002.1,30,0,74160
BANKNIFTY-III.NFO,20/02/2025,09:46:43,50000,49980,60,49996.05,30,0,74160
BANKNIFTY-III.NFO,20/02/2025,09:46:44,50000,49980.05,60,49999.9,30,0,74160
BANKNIFTY-III.NFO,20/02/2025,09:46:46,50000,50000,30,50004.55,300,0,74160
BANKNIFTY-III.NFO,20/02/2025,09:46:48,50000,50000,30,50000.6,180,0,74160
BANKNIFTY-III.NFO,20/02/2025,09:46:49,50000,49980,60,49992.35,150,30,74160
BANKNIFTY-III.NFO,20/02/2025,09:46:51,50000,49980,60,49987.25,180,0,74160
BANKNIFTY-III.NFO,20/02/2025,09:46:53,50000,49980,60,49983.45,150,0,74160
BANKNIFTY-III.NFO,20/02/2025,09:46:54,49984.9,49970,150,49981.7,150,960,74160
BANKNIFTY-III.NFO,20/02/2025,09:46:56,49984.9,49970,150,49984.15,150,0,74160
BANKNIFTY-III.NFO,20/02/2025,09:46:58,49984.9,49972.3,30,49995.4,180,0,74160
BANKNIFTY-III.NFO,20/02/2025,09:46:59,49984.9,49970,120,49983.3,150,0,74160
BANKNIFTY-III.NFO,20/02/2025,09:47:01,49984.9,49970,120,49977.05,30,0,74160
BANKNIFTY-III.NFO,20/02/2025,09:47:03,49984.9,49970,120,49977.5,150,0,74160
BANKNIFTY-III.NFO,20/02/2025,09:47:04,49984.9,49970,120,49980.9,60,0,74160
BANKNIFTY-III.NFO,20/02/2025,09:47:06,49984.9,49970,120,49974.2,30,0,74160
BANKNIFTY-III.NFO,20/02/2025,09:47:08,49984.9,49970,120,49979.1,150,0,74160
BANKNIFTY-III.NFO,20/02/2025,09:47:09,49960.5,49950.05,30,49964.95,30,150,74160
BANKNIFTY-III.NFO,20/02/2025,09:47:11,49960.5,49950,120,49961.15,30,0,74160
BANKNIFTY-III.NFO,20/02/2025,09:47:13,49960.5,49950,120,49964.25,30,0,74160
BANKNIFTY-III.NFO,20/02/2025,09:47:15,49960.5,49950.05,30,49964.05,30,0,74160
BANKNIFTY-III.NFO,20/02/2025,09:47:16,49960.5,49950,120,49962.55,30,0,74160
BANKNIFTY-III.NFO,20/02/2025,09:47:18,49960.5,49950,120,49960,30,0,74160
BANKNIFTY-III.NFO,20/02/2025,09:47:20,49960.5,49950,120,49958.5,150,0,74160
BANKNIFTY-III.NFO,20/02/2025,09:47:21,49960.5,49950,150,49960,30,0,74160
BANKNIFTY-III.NFO,20/02/2025,09:47:23,49960.5,49950,150,49955.4,30,0,74160
BANKNIFTY-III.NFO,20/02/2025,09:47:26,49960.5,49950,150,49957.5,90,0,74160
BANKNIFTY-III.NFO,20/02/2025,09:47:28,49950,49930.05,30,49947.45,60,150,74160
BANKNIFTY-III.NFO,20/02/2025,09:47:28,49950,49930.05,30,49947.45,60,0,74160
BANKNIFTY-III.NFO,20/02/2025,09:47:30,49950,49930,30,49943.7,150,0,74160
BANKNIFTY-III.NFO,20/02/2025,09:47:31,49950,49930,30,49942.9,30,0,74160
BANKNIFTY-III.NFO,20/02/2025,09:47:33,49950,49930.05,60,49946.8,30,0,74160
BANKNIFTY-III.NFO,20/02/2025,09:47:35,49950,49930.05,60,49947.1,30,0,74160
BANKNIFTY-III.NFO,20/02/2025,09:47:36,49950,49930.05,60,49946.6,60,0,74160
BANKNIFTY-III.NFO,20/02/2025,09:47:38,49950,49934.85,60,49950,30,0,74160
BANKNIFTY-III.NFO,20/02/2025,09:47:40,49950,49938.4,60,49950,30,0,74160
BANKNIFTY-III.NFO,20/02/2025,09:47:41,49950,49935.7,60,49950,30,0,74160
BANKNIFTY-III.NFO,20/02/2025,09:47:43,49950,49939.95,60,49950,30,0,74160
BANKNIFTY-III.NFO,20/02/2025,09:47:45,49950,49933.85,60,49950,30,0,74160
BANKNIFTY-III.NFO,20/02/2025,09:47:46,49950,49938.85,60,49950,30,0,74160
BANKNIFTY-III.NFO,20/02/2025,09:47:48,49950,49936.55,30,49950,30,0,74160
BANKNIFTY-III.NFO,20/02/2025,09:47:50,49950,49939.35,60,49950,30,0,74160
BANKNIFTY-III.NFO,20/02/2025,09:47:51,49950,49942.5,60,49950,30,0,74160
BANKNIFTY-III.NFO,20/02/2025,09:47:53,49950,49946.65,30,49965.9,30,30,74160
BANKNIFTY-III.NFO,20/02/2025,09:47:55,49950,49941.25,60,49960.5,90,0,74160
BANKNIFTY-III.NFO,20/02/2025,09:47:56,49950,49945.7,60,49965.7,90,0,74160
BANKNIFTY-III.NFO,20/02/2025,09:47:58,49950,49950.05,60,49965.75,60,0,74160
BANKNIFTY-III.NFO,20/02/2025,09:48:00,49950,49952.3,30,49974.65,90,0,74160
BANKNIFTY-III.NFO,20/02/2025,09:48:01,49958.2,49960.4,30,49975,30,30,74160
BANKNIFTY-III.NFO,20/02/2025,09:48:03,49959.45,49962.6,30,49975,30,270,74160
BANKNIFTY-III.NFO,20/02/2025,09:48:05,49959.45,49961.65,180,49975,30,0,74160
BANKNIFTY-III.NFO,20/02/2025,09:48:06,49959.45,49958.6,30,49975,30,0,74160
BANKNIFTY-III.NFO,20/02/2025,09:48:08,49970.4,49950.05,60,49966.8,60,30,74160
BANKNIFTY-III.NFO,20/02/2025,09:48:10,49970.4,49950,120,49964.55,30,0,74160
BANKNIFTY-III.NFO,20/02/2025,09:48:11,49970.4,49950,120,49962.95,60,0,74160
BANKNIFTY-III.NFO,20/02/2025,09:48:13,49970.4,49955.15,30,49971.65,30,0,74160
BANKNIFTY-III.NFO,20/02/2025,09:48:15,49970.4,49957.25,30,49974.95,30,0,74160
BANKNIFTY-III.NFO,20/02/2025,09:48:16,49970.4,49954.1,30,49972.6,60,0,74160
BANKNIFTY-III.NFO,20/02/2025,09:48:18,49970.4,49950,120,49964.6,60,0,74160
BANKNIFTY-III.NFO,20/02/2025,09:48:20,49970.4,49953.4,30,49972.75,180,0,74160
BANKNIFTY-III.NFO,20/02/2025,09:48:21,49970.4,49954.5,60,49973.4,60,0,74160
BANKNIFTY-III.NFO,20/02/2025,09:48:23,49970.4,49956.95,30,49974.3,30,0,74160
BANKNIFTY-III.NFO,20/02/2025,09:48:25,49970.4,49954.95,30,49973.8,60,0,74160
BANKNIFTY-III.NFO,20/02/2025,09:48:26,49970.4,49952.25,30,49973.15,60,0,74160
BANKNIFTY-III.NFO,20/02/2025,09:48:28,49970.4,49952.9,30,49973.3,60,0,74160
BANKNIFTY-III.NFO,20/02/2025,09:48:30,49970.4,49960.05,60,49975,30,0,74160
BANKNIFTY-III.NFO,20/02/2025,09:48:31,49970.4,49960.05,60,49974.95,30,0,74160
BANKNIFTY-III.NFO,20/02/2025,09:48:33,49970.4,49960.05,60,49975,30,0,74160
BANKNIFTY-III.NFO,20/02/2025,09:48:36,49970.4,49970.4,120,49975,30,0,74160
BANKNIFTY-III.NFO,20/02/2025,09:48:38,49975,49970.45,60,49985.95,30,30,74160
BANKNIFTY-III.NFO,20/02/2025,09:48:40,49975,49970.45,60,49985.5,30,0,74160
BANKNIFTY-III.NFO,20/02/2025,09:48:41,49975,49970.45,30,49984.15,30,0,74160
BANKNIFTY-III.NFO,20/02/2025,09:48:43,49975,49970.4,120,49981.45,30,0,74160
BANKNIFTY-III.NFO,20/02/2025,09:48:44,49975,49970.4,120,49984.8,30,0,74160
BANKNIFTY-III.NFO,20/02/2025,09:48:46,49975,49970.4,120,49981.8,30,0,74160
BANKNIFTY-III.NFO,20/02/2025,09:48:48,49975,49970.4,120,49982.9,30,0,74160
BANKNIFTY-III.NFO,20/02/2025,09:48:49,49975,49970.4,120,49985.75,30,0,74160
BANKNIFTY-III.NFO,20/02/2025,09:48:51,49975,49970.4,120,49984.45,60,0,74160
BANKNIFTY-III.NFO,20/02/2025,09:48:53,49975,49970.4,120,49982.1,30,0,74160
BANKNIFTY-III.NFO,20/02/2025,09:48:54,49975,49970.4,120,49981.75,60,0,74160
BANKNIFTY-III.NFO,20/02/2025,09:48:56,49975,49971,30,49976.8,30,0,74160
BANKNIFTY-III.NFO,20/02/2025,09:48:58,49975,49971,30,49974.95,30,0,74160
BANKNIFTY-III.NFO,20/02/2025,09:48:59,49975,49971,30,49975,30,0,74160
BANKNIFTY-III.NFO,20/02/2025,09:49:01,49974.95,49971,30,49975,30,30,73350
BANKNIFTY-III.NFO,20/02/2025,09:49:03,49970.4,49970.4,90,49970.7,180,60,73350
BANKNIFTY-III.NFO,20/02/2025,09:49:04,49970.4,49960,60,49969.05,150,90,73350
BANKNIFTY-III.NFO,20/02/2025,09:49:06,49970.4,49960,60,49969.5,90,0,73350
BANKNIFTY-III.NFO,20/02/2025,09:49:08,49970.4,49960,60,49965.15,30,0,73350
BANKNIFTY-III.NFO,20/02/2025,09:49:09,49970.4,49960,60,49963.35,150,0,73350
BANKNIFTY-III.NFO,20/02/2025,09:49:11,49960,49960,30,49963.35,30,90,73350
BANKNIFTY-III.NFO,20/02/2025,09:49:13,49960,49960,30,49964.9,30,0,73350
BANKNIFTY-III.NFO,20/02/2025,09:49:14,49960,49951,30,49960.85,180,30,73350
BANKNIFTY-III.NFO,20/02/2025,09:49:16,49960,49951,30,49960.7,30,0,73350
BANKNIFTY-III.NFO,20/02/2025,09:49:18,49960,49951,30,49958.95,60,0,73350
BANKNIFTY-III.NFO,20/02/2025,09:49:19,49960,49951,30,49959.95,30,0,73350
BANKNIFTY-III.NFO,20/02/2025,09:49:21,49960,49951,30,49960,60,0,73350
BANKNIFTY-III.NFO,20/02/2025,09:49:23,49960,49951.05,30,49960,120,0,73350
BANKNIFTY-III.NFO,20/02/2025,09:49:25,49960,49951,30,49960,120,0,73350
BANKNIFTY-III.NFO,20/02/2025,09:49:28,49960,49951.05,30,49960,120,0,73350
BANKNIFTY-III.NFO,20/02/2025,09:49:30,49960,49953.45,60,49960,90,30,73350
BANKNIFTY-III.NFO,20/02/2025,09:49:31,49960,49951.05,60,49960,90,0,73350
BANKNIFTY-III.NFO,20/02/2025,09:49:36,49960,49951.4,60,49960,90,0,73350
BANKNIFTY-III.NFO,20/02/2025,09:49:38,49960,49951.8,30,49960,90,0,73350
BANKNIFTY-III.NFO,20/02/2025,09:49:40,49960,49955.1,60,49960,90,0,73350
BANKNIFTY-III.NFO,20/02/2025,09:49:41,49960,49953.1,60,49960,90,0,73350
BANKNIFTY-III.NFO,20/02/2025,09:49:43,49960,49951.05,60,49960,90,0,73350
BANKNIFTY-III.NFO,20/02/2025,09:49:48,49960,49951.05,30,49960,90,0,73350
BANKNIFTY-III.NFO,20/02/2025,09:49:50,49951.05,49951.05,60,49960,60,30,73350
BANKNIFTY-III.NFO,20/02/2025,09:49:51,49951.05,49951,30,49960,60,0,73350
BANKNIFTY-III.NFO,20/02/2025,09:49:53,49950,49941.95,30,49962.65,90,60,73350
BANKNIFTY-III.NFO,20/02/2025,09:49:55,49950,49944.85,30,49964.85,30,0,73350
BANKNIFTY-III.NFO,20/02/2025,09:49:56,49950,49945.25,30,49966.2,30,0,73350
BANKNIFTY-III.NFO,20/02/2025,09:49:58,49945.2,49945.15,30,49965.9,30,60,73350
BANKNIFTY-III.NFO,20/02/2025,09:49:58,49945.2,49945.15,30,49965.9,30,0,73350
BANKNIFTY-III.NFO,20/02/2025,09:50:00,49945.2,49944.1,30,49965.3,30,0,73350
BANKNIFTY-III.NFO,20/02/2025,09:50:01,49942.7,49938.45,30,49960.05,30,60,73350
BANKNIFTY-III.NFO,20/02/2025,09:50:01,49942.7,49938.45,30,49960.05,30,0,73350
BANKNIFTY-III.NFO,20/02/2025,09:50:03,49942.7,49942.5,180,49963.6,30,0,73350
BANKNIFTY-III.NFO,20/02/2025,09:50:05,49942.7,49945.1,30,49964.25,60,0,73350
BANKNIFTY-III.NFO,20/02/2025,09:50:06,49942.7,49946.3,30,49964.25,60,0,73350
BANKNIFTY-III.NFO,20/02/2025,09:50:10,49942.7,49946.4,180,49964.15,60,0,73350
BANKNIFTY-III.NFO,20/02/2025,09:50:11,49942.7,49944.3,30,49962.65,60,0,73350
BANKNIFTY-III.NFO,20/02/2025,09:50:13,49962.65,49943.55,30,49961.35,30,60,73350
BANKNIFTY-III.NFO,20/02/2025,09:50:15,49962.65,49949.5,30,49966.5,30,0,73350
BANKNIFTY-III.NFO,20/02/2025,09:50:16,49962.65,49949.95,30,49965.45,30,0,73350
BANKNIFTY-III.NFO,20/02/2025,09:50:18,49954.2,49954.2,30,49973.55,60,60,73350
BANKNIFTY-III.NFO,20/02/2025,09:50:20,49954.2,49954.2,30,49973.05,30,0,73350
BANKNIFTY-III.NFO,20/02/2025,09:50:21,49958.3,49958.3,30,49978,60,60,73350
BANKNIFTY-III.NFO,20/02/2025,09:50:23,49958.3,49953.4,180,49975.35,30,0,73350
BANKNIFTY-III.NFO,20/02/2025,09:50:25,49958.3,49944.4,30,49965.8,60,0,73350
BANKNIFTY-III.NFO,20/02/2025,09:50:26,49958.3,49942.7,90,49959.95,30,0,73350
BANKNIFTY-III.NFO,20/02/2025,09:50:28,49958.3,49942.7,90,49959.85,30,0,73350
BANKNIFTY-III.NFO,20/02/2025,09:50:30,49958.3,49950.3,30,49966.6,90,0,73350
BANKNIFTY-III.NFO,20/02/2025,09:50:31,49958.3,49950.3,30,49964.4,60,0,73350
BANKNIFTY-III.NFO,20/02/2025,09:50:33,49958.3,49950.3,30,49957.9,30,0,73350
BANKNIFTY-III.NFO,20/02/2025,09:50:35,49958.3,49950.3,30,49958.7,30,0,73350
BANKNIFTY-III.NFO,20/02/2025,09:50:36,49958.3,49950.3,30,49957.55,30,0,73350
BANKNIFTY-III.NFO,20/02/2025,09:50:38,49958.3,49950.3,30,49957.65,60,0,73350
BANKNIFTY-III.NFO,20/02/2025,09:50:40,49958.3,49950.3,30,49957.65,30,0,73350
BANKNIFTY-III.NFO,20/02/2025,09:50:45,49958.3,49950.3,30,49957.55,30,0,73350
BANKNIFTY-III.NFO,20/02/2025,09:50:46,49958.3,49950.3,30,49962.1,30,0,73350
BANKNIFTY-III.NFO,20/02/2025,09:50:48,49958.3,49950.3,30,49961.25,30,0,73350
BANKNIFTY-III.NFO,20/02/2025,09:50:49,49958.3,49950.3,60,49966.6,30,0,73350
BANKNIFTY-III.NFO,20/02/2025,09:50:51,49958.3,49956.8,180,49970.7,30,0,73350
BANKNIFTY-III.NFO,20/02/2025,09:50:53,49956.8,49957,150,49975.5,30,60,73350
BANKNIFTY-III.NFO,20/02/2025,09:50:54,49956.8,49955.25,180,49977.1,30,60,73350
BANKNIFTY-III.NFO,20/02/2025,09:50:56,49956.8,49956.1,180,49975.9,60,0,73350
BANKNIFTY-III.NFO,20/02/2025,09:50:58,49956.8,49957.95,30,49975.4,30,0,73350
BANKNIFTY-III.NFO,20/02/2025,09:50:59,49956.8,49954.55,30,49974.5,60,0,73350
BANKNIFTY-III.NFO,20/02/2025,09:51:01,49956.8,49961.7,30,49978.55,30,0,73350
BANKNIFTY-III.NFO,20/02/2025,09:51:03,49956.8,49961.2,30,49977.75,30,0,73350
BANKNIFTY-III.NFO,20/02/2025,09:51:04,49956.8,49961.9,30,49979.8,30,0,73350
BANKNIFTY-III.NFO,20/02/2025,09:51:06,49956.8,49961.7,30,49981.75,30,0,73350
BANKNIFTY-III.NFO,20/02/2025,09:51:08,49956.8,49962.25,30,49981.25,60,0,73350
BANKNIFTY-III.NFO,20/02/2025,09:51:09,49956.8,49959.3,180,49980.8,30,0,73350
BANKNIFTY-III.NFO,20/02/2025,09:51:11,49956.8,49957.55,150,49979.05,30,0,73350
BANKNIFTY-III.NFO,20/02/2025,09:51:12,49956.8,49953.55,180,49972.5,30,0,73350
BANKNIFTY-III.NFO,20/02/2025,09:51:14,49956.8,49953.65,30,49972.85,30,0,73350
BANKNIFTY-III.NFO,20/02/2025,09:51:16,49956.8,49956.05,30,49974.6,30,0,73350
BANKNIFTY-III.NFO,20/02/2025,09:51:17,49956.8,49950.9,180,49970.75,30,0,73350
BANKNIFTY-III.NFO,20/02/2025,09:51:19,49956.8,49951.85,180,49972.65,30,0,73350
