Ticker,Date,Time,LTP,BuyPrice,BuyQty,SellPrice,SellQty,LTQ,OpenInterest
BANKNIFTY-III.NFO,13/06/2024,09:15:01,50550,50608.25,60,50697.55,60,15,81045
BANKNIFTY-III.NFO,13/06/2024,09:15:01,50550,50608.25,60,50697.55,60,0,81045
BANKNIFTY-III.NFO,13/06/2024,09:15:01,50550,50608.25,60,50697.55,60,0,81045
BANKNIFTY-III.NFO,13/06/2024,09:15:01,50550,50608.25,60,50697.55,60,0,81045
BANKNIFTY-III.NFO,13/06/2024,09:15:02,50550,50565.75,60,50647.85,60,0,81045
BANKNIFTY-III.NFO,13/06/2024,09:15:03,50625.35,50571.2,60,50647.45,45,15,81045
BANKNIFTY-III.NFO,13/06/2024,09:15:03,50625.35,50571.2,60,50647.45,45,0,81045
BANKNIFTY-III.NFO,13/06/2024,09:15:04,50625.35,50538.8,60,50571.15,45,0,81045
BANKNIFTY-III.NFO,13/06/2024,09:15:05,50557,50555.3,60,50571.2,90,15,81045
BANKNIFTY-III.NFO,13/06/2024,09:15:06,50600,50605,15,50626.35,60,105,81045
BANKNIFTY-III.NFO,13/06/2024,09:15:07,50625,50579.15,30,50630.5,60,75,81045
BANKNIFTY-III.NFO,13/06/2024,09:15:08,50625,50577.9,30,50629.2,60,0,81045
BANKNIFTY-III.NFO,13/06/2024,09:15:09,50625,50571.25,30,50628,60,0,81045
BANKNIFTY-III.NFO,13/06/2024,09:15:10,50625,50569.85,30,50630.4,60,0,81045
BANKNIFTY-III.NFO,13/06/2024,09:15:12,50625,50571.4,30,50623.65,60,0,81045
BANKNIFTY-III.NFO,13/06/2024,09:15:13,50577,50566.45,30,50622.35,60,15,81045
BANKNIFTY-III.NFO,13/06/2024,09:15:14,50577,50566.65,30,50599.95,60,0,81045
BANKNIFTY-III.NFO,13/06/2024,09:15:15,50599.95,50567.25,60,50600,15,30,81045
BANKNIFTY-III.NFO,13/06/2024,09:15:17,50599.95,50578.4,60,50600,15,0,81045
BANKNIFTY-III.NFO,13/06/2024,09:15:17,50599.95,50579.85,60,50599.95,60,0,81045
BANKNIFTY-III.NFO,13/06/2024,09:15:18,50599.95,50569.5,60,50599.95,60,0,81045
BANKNIFTY-III.NFO,13/06/2024,09:15:19,50599.95,50579.55,60,50599.95,180,0,81045
BANKNIFTY-III.NFO,13/06/2024,09:15:20,50582.55,50587.05,15,50599.95,180,15,81180
BANKNIFTY-III.NFO,13/06/2024,09:15:22,50599.95,50588.25,15,50599.95,165,15,81180
BANKNIFTY-III.NFO,13/06/2024,09:15:22,50599.95,50586.65,15,50599.95,165,0,81180
BANKNIFTY-III.NFO,13/06/2024,09:15:23,50579,50579,45,50599.9,60,30,81180
BANKNIFTY-III.NFO,13/06/2024,09:15:24,50579,50582.35,45,50599.9,60,0,81180
BANKNIFTY-III.NFO,13/06/2024,09:15:25,50582.35,50590,15,50599.9,60,15,81180
BANKNIFTY-III.NFO,13/06/2024,09:15:27,50582.35,50589,15,50599.9,60,0,81180
BANKNIFTY-III.NFO,13/06/2024,09:15:27,50594.95,50587.35,15,50595,15,90,81180
BANKNIFTY-III.NFO,13/06/2024,09:15:28,50594.95,50594.4,15,50595,15,0,81180
BANKNIFTY-III.NFO,13/06/2024,09:15:29,50595,50580.35,60,50599.95,135,15,81180
BANKNIFTY-III.NFO,13/06/2024,09:15:31,50595,50585.35,60,50599.95,135,0,81180
BANKNIFTY-III.NFO,13/06/2024,09:15:31,50599.95,50585.65,60,50599.95,75,60,81180
BANKNIFTY-III.NFO,13/06/2024,09:15:32,50599.95,50585.85,60,50600,105,75,81180
BANKNIFTY-III.NFO,13/06/2024,09:15:33,50600,50586.3,60,50625,15,105,81180
BANKNIFTY-III.NFO,13/06/2024,09:15:34,50588.4,50588.4,60,50624.95,60,60,81180
BANKNIFTY-III.NFO,13/06/2024,09:15:36,50588.4,50588.8,60,50624.95,60,0,81180
BANKNIFTY-III.NFO,13/06/2024,09:15:36,50588.4,50588.9,60,50624.95,60,0,81180
BANKNIFTY-III.NFO,13/06/2024,09:15:37,50588.4,50589.1,60,50624.95,60,0,81180
BANKNIFTY-III.NFO,13/06/2024,09:15:38,50588.4,50592.7,60,50624.95,60,0,81180
BANKNIFTY-III.NFO,13/06/2024,09:15:39,50588.4,50586.45,60,50624.95,60,0,81180
BANKNIFTY-III.NFO,13/06/2024,09:15:41,50588.4,50595.05,60,50624.95,60,0,81180
BANKNIFTY-III.NFO,13/06/2024,09:15:41,50595.05,50595.05,45,50624.95,60,15,81180
BANKNIFTY-III.NFO,13/06/2024,09:15:42,50595.05,50595.35,45,50624.95,60,0,81180
BANKNIFTY-III.NFO,13/06/2024,09:15:43,50595.05,50595.25,45,50624.95,60,0,81180
BANKNIFTY-III.NFO,13/06/2024,09:15:44,50595.05,50595.45,45,50624.95,60,0,81180
BANKNIFTY-III.NFO,13/06/2024,09:15:46,50595.05,50595.05,45,50624.95,60,0,81180
BANKNIFTY-III.NFO,13/06/2024,09:15:47,50595.05,50595.15,45,50624.95,60,0,81180
BANKNIFTY-III.NFO,13/06/2024,09:15:48,50595.3,50595.3,30,50624.95,60,30,81180
BANKNIFTY-III.NFO,13/06/2024,09:15:49,50595.3,50595.3,30,50624.95,60,0,81180
BANKNIFTY-III.NFO,13/06/2024,09:15:52,50595.3,50595.6,30,50624.95,60,0,81180
BANKNIFTY-III.NFO,13/06/2024,09:15:52,50595.3,50595.3,30,50624.95,60,0,81180
BANKNIFTY-III.NFO,13/06/2024,09:15:53,50595.3,50595.7,30,50625,75,0,81180
BANKNIFTY-III.NFO,13/06/2024,09:15:54,50595.3,50600.75,30,50625,75,0,81180
BANKNIFTY-III.NFO,13/06/2024,09:15:55,50595.3,50597.55,45,50619,15,0,81180
BANKNIFTY-III.NFO,13/06/2024,09:15:57,50597.65,50600.9,15,50619,15,15,81180
BANKNIFTY-III.NFO,13/06/2024,09:15:57,50597.65,50599,15,50619,15,0,81180
BANKNIFTY-III.NFO,13/06/2024,09:15:58,50597.65,50601.75,15,50619,15,0,81180
BANKNIFTY-III.NFO,13/06/2024,09:15:59,50597.65,50602.45,15,50619,15,0,81180
BANKNIFTY-III.NFO,13/06/2024,09:16:00,50619,50606.8,15,50625,75,15,81180
BANKNIFTY-III.NFO,13/06/2024,09:16:01,50619,50609.7,15,50625,75,0,81180
BANKNIFTY-III.NFO,13/06/2024,09:16:03,50619,50611.3,15,50625,75,0,81180
BANKNIFTY-III.NFO,13/06/2024,09:16:03,50619,50609.8,15,50625,75,0,81180
BANKNIFTY-III.NFO,13/06/2024,09:16:04,50625,50613.85,15,50630,90,75,81180
BANKNIFTY-III.NFO,13/06/2024,09:16:05,50616,50622.1,15,50649.95,60,105,81180
BANKNIFTY-III.NFO,13/06/2024,09:16:05,50630,50622.1,15,50649.95,60,0,81180
BANKNIFTY-III.NFO,13/06/2024,09:16:06,50616,50627.8,405,50649.95,60,0,81180
BANKNIFTY-III.NFO,13/06/2024,09:16:07,50616,50627.75,15,50649.95,60,0,81180
BANKNIFTY-III.NFO,13/06/2024,09:16:08,50627.75,50625.3,45,50649.95,60,15,81180
BANKNIFTY-III.NFO,13/06/2024,09:16:09,50627.75,50625.55,15,50650,150,0,81180
BANKNIFTY-III.NFO,13/06/2024,09:16:11,50627.75,50631.4,15,50650,150,0,81180
BANKNIFTY-III.NFO,13/06/2024,09:16:11,50627.75,50631.45,240,50650,150,0,81180
BANKNIFTY-III.NFO,13/06/2024,09:16:12,50627.75,50631.5,45,50650,150,0,81180
BANKNIFTY-III.NFO,13/06/2024,09:16:13,50650,50631.6,330,50650,135,15,81180
BANKNIFTY-III.NFO,13/06/2024,09:16:13,50650,50631.6,330,50650,135,0,81180
BANKNIFTY-III.NFO,13/06/2024,09:16:14,50632.95,50633,150,50650,90,60,81180
BANKNIFTY-III.NFO,13/06/2024,09:16:15,50650,50636.1,30,50684.45,60,90,81180
BANKNIFTY-III.NFO,13/06/2024,09:16:16,50650,50637.75,330,50684.45,60,0,81180
BANKNIFTY-III.NFO,13/06/2024,09:16:17,50650,50637.85,345,50684.45,60,0,81180
BANKNIFTY-III.NFO,13/06/2024,09:16:18,50650,50637.95,90,50684.45,60,0,81180
BANKNIFTY-III.NFO,13/06/2024,09:16:19,50650,50638.25,15,50684.45,60,0,81180
BANKNIFTY-III.NFO,13/06/2024,09:16:20,50650,50636.15,30,50684.45,60,0,81180
BANKNIFTY-III.NFO,13/06/2024,09:16:21,50650,50636.3,15,50684.45,60,0,81180
BANKNIFTY-III.NFO,13/06/2024,09:16:22,50650,50636.5,15,50684.45,60,0,81180
BANKNIFTY-III.NFO,13/06/2024,09:16:23,50684.25,50636.1,60,50683.85,60,60,81180
BANKNIFTY-III.NFO,13/06/2024,09:16:23,50684.25,50636.1,60,50683.85,60,0,81180
BANKNIFTY-III.NFO,13/06/2024,09:16:25,50684.25,50636.1,60,50679.15,60,0,81180
BANKNIFTY-III.NFO,13/06/2024,09:16:25,50684.25,50636.1,60,50679.25,60,0,81180
BANKNIFTY-III.NFO,13/06/2024,09:16:26,50679.05,50636.1,60,50678.95,30,30,81180
BANKNIFTY-III.NFO,13/06/2024,09:16:27,50679.05,50636.1,60,50678.95,30,0,81180
BANKNIFTY-III.NFO,13/06/2024,09:16:28,50679.05,50636.1,60,50678.15,30,0,81180
BANKNIFTY-III.NFO,13/06/2024,09:16:29,50679.05,50632.7,60,50678,30,0,81180
BANKNIFTY-III.NFO,13/06/2024,09:16:30,50680,50632.7,60,50679.7,15,150,81180
BANKNIFTY-III.NFO,13/06/2024,09:16:31,50680,50632.7,60,50678.9,15,0,81180
BANKNIFTY-III.NFO,13/06/2024,09:16:32,50680,50627.8,60,50678.3,15,0,81180
BANKNIFTY-III.NFO,13/06/2024,09:16:33,50680,50627.8,60,50677.8,15,0,81180
BANKNIFTY-III.NFO,13/06/2024,09:16:34,50677.35,50627.8,60,50677.3,15,15,81180
BANKNIFTY-III.NFO,13/06/2024,09:16:35,50677.35,50628.3,60,50676.8,15,0,81180
BANKNIFTY-III.NFO,13/06/2024,09:16:36,50628.5,50627.8,60,50676.55,30,15,81180
BANKNIFTY-III.NFO,13/06/2024,09:16:38,50628.5,50627.8,60,50673.5,15,0,81180
BANKNIFTY-III.NFO,13/06/2024,09:16:38,50628.5,50627.8,60,50674.7,15,0,81180
BANKNIFTY-III.NFO,13/06/2024,09:16:39,50628.5,50627.8,60,50673.4,15,0,81180
BANKNIFTY-III.NFO,13/06/2024,09:16:40,50628.5,50627.8,60,50671.5,15,0,81180
BANKNIFTY-III.NFO,13/06/2024,09:16:41,50628.5,50627.8,60,50669.6,15,0,81180
BANKNIFTY-III.NFO,13/06/2024,09:16:42,50628.5,50627.8,60,50664.8,15,0,81180
BANKNIFTY-III.NFO,13/06/2024,09:16:43,50628.5,50627.8,60,50664,15,0,81180
BANKNIFTY-III.NFO,13/06/2024,09:16:44,50628.5,50627.8,60,50678.7,15,0,81180
BANKNIFTY-III.NFO,13/06/2024,09:16:45,50628.5,50628.55,60,50676.8,15,0,81180
BANKNIFTY-III.NFO,13/06/2024,09:16:46,50628.5,50628.55,60,50675.2,15,0,81180
BANKNIFTY-III.NFO,13/06/2024,09:16:47,50628.5,50628.55,60,50672.7,15,0,81180
BANKNIFTY-III.NFO,13/06/2024,09:16:48,50628.5,50628.55,60,50671.5,15,0,81180
BANKNIFTY-III.NFO,13/06/2024,09:16:49,50628.5,50628.5,15,50664.8,15,0,81180
BANKNIFTY-III.NFO,13/06/2024,09:16:51,50628.5,50628.1,15,50653.9,15,15,81180
BANKNIFTY-III.NFO,13/06/2024,09:16:51,50628.5,50628.1,15,50653.6,15,0,81180
BANKNIFTY-III.NFO,13/06/2024,09:16:52,50653.5,50628.1,15,50653.15,15,15,81180
BANKNIFTY-III.NFO,13/06/2024,09:16:53,50653.5,50628.1,15,50652.85,15,0,81180
BANKNIFTY-III.NFO,13/06/2024,09:16:54,50653.5,50628.1,15,50652.3,15,0,81180
BANKNIFTY-III.NFO,13/06/2024,09:16:55,50653.5,50628.1,15,50651.8,15,0,81180
BANKNIFTY-III.NFO,13/06/2024,09:16:56,50653.5,50628.1,15,50651.35,15,0,81180
BANKNIFTY-III.NFO,13/06/2024,09:16:57,50653.5,50628.1,15,50649.8,15,0,81180
BANKNIFTY-III.NFO,13/06/2024,09:16:59,50649.7,50628.1,15,50649.5,30,30,81180
BANKNIFTY-III.NFO,13/06/2024,09:17:00,50649.7,50628.1,15,50648.95,15,0,81180
BANKNIFTY-III.NFO,13/06/2024,09:17:01,50649.7,50628.1,15,50648.4,45,0,81180
BANKNIFTY-III.NFO,13/06/2024,09:17:02,50649.7,50628.1,15,50647.9,15,0,81180
BANKNIFTY-III.NFO,13/06/2024,09:17:03,50649.7,50628.1,15,50648,15,0,81180
BANKNIFTY-III.NFO,13/06/2024,09:17:04,50649.7,50628.1,15,50647.9,15,0,81180
BANKNIFTY-III.NFO,13/06/2024,09:17:05,50649.7,50628.1,15,50647.85,15,0,81180
BANKNIFTY-III.NFO,13/06/2024,09:17:06,50649.7,50628.1,15,50647.7,15,0,81180
BANKNIFTY-III.NFO,13/06/2024,09:17:07,50647.75,50630,15,50647.95,30,60,81180
BANKNIFTY-III.NFO,13/06/2024,09:17:08,50647.75,50630,15,50649.45,15,0,81180
BANKNIFTY-III.NFO,13/06/2024,09:17:09,50647.75,50630,30,50649.2,15,0,81180
BANKNIFTY-III.NFO,13/06/2024,09:17:10,50647.75,50630,15,50648.75,15,0,81180
BANKNIFTY-III.NFO,13/06/2024,09:17:11,50630,50628.15,60,50648.6,30,15,81180
BANKNIFTY-III.NFO,13/06/2024,09:17:12,50630,50628.15,60,50648.45,15,0,81180
BANKNIFTY-III.NFO,13/06/2024,09:17:13,50630,50628.1,15,50647.95,15,0,81180
BANKNIFTY-III.NFO,13/06/2024,09:17:15,50630,50628.1,15,50647.45,15,0,81180
BANKNIFTY-III.NFO,13/06/2024,09:17:16,50630,50628.15,60,50647.65,15,0,81180
BANKNIFTY-III.NFO,13/06/2024,09:17:17,50630,50628.15,60,50647.6,45,0,81180
BANKNIFTY-III.NFO,13/06/2024,09:17:18,50630,50628.15,75,50649.6,15,0,81180
BANKNIFTY-III.NFO,13/06/2024,09:17:19,50630,50628.2,60,50649.4,15,0,81180
BANKNIFTY-III.NFO,13/06/2024,09:17:20,50630,50629.3,60,50649.7,30,0,81180
BANKNIFTY-III.NFO,13/06/2024,09:17:21,50630,50636.75,60,50649.7,30,0,81180
BANKNIFTY-III.NFO,13/06/2024,09:17:22,50636.75,50636.75,60,50649.65,15,15,81180
BANKNIFTY-III.NFO,13/06/2024,09:17:23,50636.75,50637.7,60,50649.65,15,0,81180
BANKNIFTY-III.NFO,13/06/2024,09:17:25,50636.75,50637.7,60,50649.7,30,0,81180
BANKNIFTY-III.NFO,13/06/2024,09:17:26,50636.75,50636.7,75,50649.65,15,0,81180
BANKNIFTY-III.NFO,13/06/2024,09:17:27,50636.75,50636.7,15,50649.65,15,0,81180
BANKNIFTY-III.NFO,13/06/2024,09:17:28,50636.75,50636.75,60,50649.35,15,0,81180
BANKNIFTY-III.NFO,13/06/2024,09:17:30,50636.75,50632.65,75,50649.65,15,0,81180
BANKNIFTY-III.NFO,13/06/2024,09:17:32,50636.75,50628.2,60,50649.25,15,0,81180
BANKNIFTY-III.NFO,13/06/2024,09:17:32,50636.75,50628.15,75,50647.95,15,0,81180
BANKNIFTY-III.NFO,13/06/2024,09:17:33,50636.75,50628.8,60,50647.45,15,0,81180
BANKNIFTY-III.NFO,13/06/2024,09:17:34,50636.75,50631.4,60,50649.55,15,0,81180
BANKNIFTY-III.NFO,13/06/2024,09:17:36,50628.1,50631.05,60,50649.65,75,150,81180
BANKNIFTY-III.NFO,13/06/2024,09:17:37,50628.1,50630.2,60,50649.65,60,0,81180
BANKNIFTY-III.NFO,13/06/2024,09:17:37,50628.1,50630.85,75,50649.65,60,0,81180
BANKNIFTY-III.NFO,13/06/2024,09:17:39,50628.1,50628.15,45,50636.75,15,0,81180
BANKNIFTY-III.NFO,13/06/2024,09:17:40,50628.1,50629.2,45,50636.75,15,0,81180
BANKNIFTY-III.NFO,13/06/2024,09:17:40,50628.1,50625.45,45,50636.75,30,0,81180
BANKNIFTY-III.NFO,13/06/2024,09:17:41,50628.1,50626.95,45,50636.75,30,0,81180
BANKNIFTY-III.NFO,13/06/2024,09:17:42,50628.1,50629.1,45,50636.75,15,0,81180
BANKNIFTY-III.NFO,13/06/2024,09:17:43,50628.1,50626.4,45,50636.75,15,0,81180
BANKNIFTY-III.NFO,13/06/2024,09:17:45,50628.1,50626.05,45,50636.75,15,0,81180
BANKNIFTY-III.NFO,13/06/2024,09:17:46,50628.1,50625.65,45,50636.75,15,0,81180
BANKNIFTY-III.NFO,13/06/2024,09:17:46,50628.1,50626.25,45,50636.75,15,0,81180
BANKNIFTY-III.NFO,13/06/2024,09:17:48,50628.1,50627.1,45,50636.75,15,0,81180
BANKNIFTY-III.NFO,13/06/2024,09:17:49,50628.1,50626.55,45,50636.75,15,0,81180
BANKNIFTY-III.NFO,13/06/2024,09:17:51,50625.2,50626.75,60,50644.9,60,60,81180
BANKNIFTY-III.NFO,13/06/2024,09:17:52,50628.3,50628.3,45,50644.9,60,15,81180
BANKNIFTY-III.NFO,13/06/2024,09:17:53,50626.25,50627.7,15,50644.9,60,60,81180
BANKNIFTY-III.NFO,13/06/2024,09:17:54,50627.8,50620,15,50644.9,60,15,81180
BANKNIFTY-III.NFO,13/06/2024,09:17:54,50627.8,50620,15,50644.9,60,0,81180
BANKNIFTY-III.NFO,13/06/2024,09:18:01,50627.8,50620,15,50644.55,60,0,81180
BANKNIFTY-III.NFO,13/06/2024,09:18:03,50627.8,50620,15,50644.9,60,0,81180
BANKNIFTY-III.NFO,13/06/2024,09:18:04,50627.8,50620,15,50642.65,60,0,81180
BANKNIFTY-III.NFO,13/06/2024,09:18:05,50627.8,50620,15,50644.9,60,0,81180
BANKNIFTY-III.NFO,13/06/2024,09:18:07,50644.9,50619.9,15,50644.9,60,30,81180
BANKNIFTY-III.NFO,13/06/2024,09:18:08,50644.9,50621.3,15,50644.9,60,0,81180
BANKNIFTY-III.NFO,13/06/2024,09:18:08,50644.9,50621.3,30,50644.9,60,0,81180
BANKNIFTY-III.NFO,13/06/2024,09:18:10,50644.9,50623,15,50644.9,60,0,81180
BANKNIFTY-III.NFO,13/06/2024,09:18:11,50644.9,50623.35,15,50644.9,60,0,81180
BANKNIFTY-III.NFO,13/06/2024,09:18:12,50644.9,50622.35,15,50644.9,60,0,81180
BANKNIFTY-III.NFO,13/06/2024,09:18:12,50644.9,50622.05,15,50644.9,60,0,81180
BANKNIFTY-III.NFO,13/06/2024,09:18:14,50644.9,50620.8,15,50644.9,60,0,81180
BANKNIFTY-III.NFO,13/06/2024,09:18:14,50644.9,50619.35,15,50644.9,60,0,81180
BANKNIFTY-III.NFO,13/06/2024,09:18:15,50644.9,50619.05,15,50643.9,75,0,81180
BANKNIFTY-III.NFO,13/06/2024,09:18:16,50644.9,50618,15,50643.75,60,0,81180
BANKNIFTY-III.NFO,13/06/2024,09:18:17,50644.9,50618.05,15,50642.05,60,0,81180
BANKNIFTY-III.NFO,13/06/2024,09:18:18,50644.9,50615.15,15,50640.35,60,0,81180
BANKNIFTY-III.NFO,13/06/2024,09:18:19,50644.9,50613.9,15,50640.35,60,0,81180
BANKNIFTY-III.NFO,13/06/2024,09:18:20,50644.9,50616.05,15,50640.35,60,0,81180
BANKNIFTY-III.NFO,13/06/2024,09:18:21,50644.9,50614.85,15,50640.35,60,0,81180
BANKNIFTY-III.NFO,13/06/2024,09:18:22,50639.1,50613.65,60,50638.9,45,60,81690
BANKNIFTY-III.NFO,13/06/2024,09:18:24,50639.1,50613.85,60,50638.9,45,0,81690
BANKNIFTY-III.NFO,13/06/2024,09:18:24,50639.1,50611.95,60,50637.3,45,0,81690
BANKNIFTY-III.NFO,13/06/2024,09:18:25,50639.1,50607.8,60,50636.65,45,0,81690
BANKNIFTY-III.NFO,13/06/2024,09:18:27,50639.1,50609.35,60,50633,60,0,81690
BANKNIFTY-III.NFO,13/06/2024,09:18:27,50639.1,50608.65,60,50633,60,0,81690
BANKNIFTY-III.NFO,13/06/2024,09:18:28,50639.1,50608.55,60,50633,60,0,81690
BANKNIFTY-III.NFO,13/06/2024,09:18:29,50639.1,50607.8,60,50631.35,45,0,81690
BANKNIFTY-III.NFO,13/06/2024,09:18:30,50607.8,50607.8,30,50627.55,60,45,81690
BANKNIFTY-III.NFO,13/06/2024,09:18:31,50607.8,50607.8,30,50627.55,60,0,81690
BANKNIFTY-III.NFO,13/06/2024,09:18:36,50607.8,50607.8,15,50627.55,60,15,81690
BANKNIFTY-III.NFO,13/06/2024,09:18:37,50607.8,50608.55,15,50627.55,60,0,81690
BANKNIFTY-III.NFO,13/06/2024,09:18:38,50607.8,50611.75,30,50631.35,60,0,81690
BANKNIFTY-III.NFO,13/06/2024,09:18:39,50607.8,50608.6,30,50631.35,60,0,81690
BANKNIFTY-III.NFO,13/06/2024,09:18:39,50607.8,50610,15,50631.35,60,0,81690
BANKNIFTY-III.NFO,13/06/2024,09:18:40,50607.8,50612.6,30,50636.05,60,0,81690
BANKNIFTY-III.NFO,13/06/2024,09:18:41,50607.8,50614.3,30,50636.05,60,0,81690
BANKNIFTY-III.NFO,13/06/2024,09:18:43,50607.8,50614.3,30,50636.65,60,0,81690
BANKNIFTY-III.NFO,13/06/2024,09:18:45,50607.8,50614.95,15,50639.95,75,0,81690
BANKNIFTY-III.NFO,13/06/2024,09:18:45,50607.8,50614.95,15,50637.75,75,0,81690
BANKNIFTY-III.NFO,13/06/2024,09:18:46,50607.8,50614.95,15,50635.95,75,0,81690
BANKNIFTY-III.NFO,13/06/2024,09:18:48,50607.8,50612.8,15,50635.95,60,0,81690
BANKNIFTY-III.NFO,13/06/2024,09:18:48,50607.8,50613.6,15,50635.95,60,0,81690
BANKNIFTY-III.NFO,13/06/2024,09:18:49,50607.8,50610.95,15,50635.95,60,0,81690
BANKNIFTY-III.NFO,13/06/2024,09:18:50,50635.95,50610.35,30,50634.6,60,15,81690
BANKNIFTY-III.NFO,13/06/2024,09:18:51,50635.95,50610.05,45,50634.2,60,0,81690
BANKNIFTY-III.NFO,13/06/2024,09:18:52,50635.95,50610.05,45,50629.6,75,0,81690
BANKNIFTY-III.NFO,13/06/2024,09:18:55,50635.95,50610.05,30,50629.2,60,0,81690
BANKNIFTY-III.NFO,13/06/2024,09:18:55,50635.95,50610.05,30,50627.9,60,0,81690
BANKNIFTY-III.NFO,13/06/2024,09:18:56,50635.95,50610.05,30,50627,60,0,81690
BANKNIFTY-III.NFO,13/06/2024,09:19:00,50635.95,50610.05,45,50634.6,60,0,81690
BANKNIFTY-III.NFO,13/06/2024,09:19:01,50635.95,50612.05,30,50635.9,75,0,81690
BANKNIFTY-III.NFO,13/06/2024,09:19:02,50635.95,50612.05,30,50635.25,75,0,81690
BANKNIFTY-III.NFO,13/06/2024,09:19:03,50635.95,50613.3,30,50635.9,60,0,81690
BANKNIFTY-III.NFO,13/06/2024,09:19:03,50635.95,50614.05,30,50635.9,75,0,81690
BANKNIFTY-III.NFO,13/06/2024,09:19:05,50635.95,50614.15,30,50635.9,60,0,81690
BANKNIFTY-III.NFO,13/06/2024,09:19:05,50635.95,50614.15,30,50627.15,480,0,81690
BANKNIFTY-III.NFO,13/06/2024,09:19:06,50635.95,50615.85,30,50627.15,480,0,81690
BANKNIFTY-III.NFO,13/06/2024,09:19:07,50635.95,50616.6,45,50627.15,480,0,81690
BANKNIFTY-III.NFO,13/06/2024,09:19:08,50635.95,50618.85,45,50627.15,480,0,81690
BANKNIFTY-III.NFO,13/06/2024,09:19:10,50635.95,50619.55,45,50627.15,480,0,81690
BANKNIFTY-III.NFO,13/06/2024,09:19:11,50619.65,50621.95,15,50627.15,480,15,81690
BANKNIFTY-III.NFO,13/06/2024,09:19:12,50619.65,50621.95,15,50627.15,480,0,81690
BANKNIFTY-III.NFO,13/06/2024,09:19:13,50619.65,50626.25,30,50627.15,480,0,81690
BANKNIFTY-III.NFO,13/06/2024,09:19:14,50627.15,50625.75,30,50627.15,450,30,81690
BANKNIFTY-III.NFO,13/06/2024,09:19:15,50627.15,50625.75,30,50627.15,450,0,81690
BANKNIFTY-III.NFO,13/06/2024,09:19:16,50625.75,50625.75,15,50627.15,450,15,81690
BANKNIFTY-III.NFO,13/06/2024,09:19:18,50625.75,50621.9,15,50627.15,450,0,81690
BANKNIFTY-III.NFO,13/06/2024,09:19:20,50625.75,50616.9,15,50627.15,450,0,81690
BANKNIFTY-III.NFO,13/06/2024,09:19:21,50625.75,50617.5,15,50627.15,450,0,81690
BANKNIFTY-III.NFO,13/06/2024,09:19:23,50625,50615.35,45,50626,15,15,81690
BANKNIFTY-III.NFO,13/06/2024,09:19:25,50619.1,50618.6,30,50626,15,15,81690
BANKNIFTY-III.NFO,13/06/2024,09:19:26,50619.3,50619.3,15,50626,15,15,81690
BANKNIFTY-III.NFO,13/06/2024,09:19:28,50626,50608.1,30,50615.35,15,30,81690
BANKNIFTY-III.NFO,13/06/2024,09:19:30,50626,50607.9,15,50615.35,15,0,81690
BANKNIFTY-III.NFO,13/06/2024,09:19:31,50626,50609.25,30,50615.35,15,0,81690
BANKNIFTY-III.NFO,13/06/2024,09:19:33,50626,50610.1,30,50615.35,15,0,81690
BANKNIFTY-III.NFO,13/06/2024,09:19:34,50626,50612.5,15,50615.35,15,0,81690
BANKNIFTY-III.NFO,13/06/2024,09:19:36,50615.35,50611,30,50627.1,60,15,81690
BANKNIFTY-III.NFO,13/06/2024,09:19:38,50615.35,50607.8,15,50624.95,60,0,81690
BANKNIFTY-III.NFO,13/06/2024,09:19:43,50615.35,50607.8,30,50624.95,60,0,81690
BANKNIFTY-III.NFO,13/06/2024,09:19:44,50615.35,50607.8,15,50615,15,0,81690
BANKNIFTY-III.NFO,13/06/2024,09:19:57,50607.8,50607.75,15,50615,15,15,81690
BANKNIFTY-III.NFO,13/06/2024,09:19:59,50607.75,50608.3,15,50615,15,15,81690
BANKNIFTY-III.NFO,13/06/2024,09:20:00,50615,50605.05,15,50615.35,15,15,81690
BANKNIFTY-III.NFO,13/06/2024,09:20:02,50615,50614.05,15,50615.35,15,0,81690
BANKNIFTY-III.NFO,13/06/2024,09:20:04,50615.35,50613,30,50625,15,15,81690
BANKNIFTY-III.NFO,13/06/2024,09:20:05,50615.35,50612.4,15,50624.95,60,0,81690
BANKNIFTY-III.NFO,13/06/2024,09:20:07,50615.35,50613.75,15,50615,30,0,81690
BANKNIFTY-III.NFO,13/06/2024,09:20:09,50615.35,50613.75,15,50615,60,0,81690
BANKNIFTY-III.NFO,13/06/2024,09:20:10,50615,50612.3,150,50625,15,60,81690
BANKNIFTY-III.NFO,13/06/2024,09:20:12,50615,50615.65,15,50625,15,0,81690
BANKNIFTY-III.NFO,13/06/2024,09:20:14,50615,50615.7,45,50625,15,0,81690
BANKNIFTY-III.NFO,13/06/2024,09:20:18,50615,50616.45,45,50625,15,0,81690
BANKNIFTY-III.NFO,13/06/2024,09:20:20,50615,50616.55,30,50625,15,0,81690
BANKNIFTY-III.NFO,13/06/2024,09:20:22,50615,50616.9,30,50625,15,0,81690
BANKNIFTY-III.NFO,13/06/2024,09:20:23,50615,50611.4,30,50624.95,60,0,81690
BANKNIFTY-III.NFO,13/06/2024,09:20:25,50614,50612.05,150,50614,15,60,81690
BANKNIFTY-III.NFO,13/06/2024,09:20:27,50625.95,50612.25,30,50625.95,60,45,81690
BANKNIFTY-III.NFO,13/06/2024,09:20:28,50625.95,50610.3,45,50625.95,60,0,81690
BANKNIFTY-III.NFO,13/06/2024,09:20:30,50625.95,50610.4,30,50625.95,60,0,81690
BANKNIFTY-III.NFO,13/06/2024,09:20:31,50625.95,50612.9,30,50625.95,60,0,81690
BANKNIFTY-III.NFO,13/06/2024,09:20:33,50625.95,50612.95,45,50625.95,60,0,81690
BANKNIFTY-III.NFO,13/06/2024,09:20:35,50625.95,50614.1,45,50626,15,0,81690
BANKNIFTY-III.NFO,13/06/2024,09:20:36,50625.95,50613.95,45,50626,15,0,81690
BANKNIFTY-III.NFO,13/06/2024,09:20:38,50625.95,50613.75,45,50626,15,0,81690
BANKNIFTY-III.NFO,13/06/2024,09:20:39,50625.95,50615.1,30,50626,15,0,81690
BANKNIFTY-III.NFO,13/06/2024,09:20:41,50625.95,50616.6,45,50626,15,0,81690
BANKNIFTY-III.NFO,13/06/2024,09:20:43,50625.95,50617.1,45,50626,15,0,81690
BANKNIFTY-III.NFO,13/06/2024,09:20:44,50625.95,50619.45,45,50626,15,0,81690
BANKNIFTY-III.NFO,13/06/2024,09:20:46,50620,50625.95,60,50626,15,15,81690
BANKNIFTY-III.NFO,13/06/2024,09:20:48,50627.15,50625.95,45,50627.15,435,30,81690
BANKNIFTY-III.NFO,13/06/2024,09:20:49,50627.15,50625.95,60,50627.15,405,30,81690
BANKNIFTY-III.NFO,13/06/2024,09:20:51,50627.15,50625.95,45,50627.15,360,45,81690
BANKNIFTY-III.NFO,13/06/2024,09:20:52,50627.15,50625.95,45,50627.15,345,15,81690
BANKNIFTY-III.NFO,13/06/2024,09:20:54,50627.15,50625.95,30,50627.15,315,45,81690
BANKNIFTY-III.NFO,13/06/2024,09:20:56,50627.15,50625.95,30,50627.15,315,0,81690
BANKNIFTY-III.NFO,13/06/2024,09:21:01,50627.15,50628.85,30,50629.95,15,315,81690
BANKNIFTY-III.NFO,13/06/2024,09:21:02,50629.95,50626.25,15,50630,15,15,81690
BANKNIFTY-III.NFO,13/06/2024,09:21:04,50629.95,50627.3,15,50630,15,0,81690
BANKNIFTY-III.NFO,13/06/2024,09:21:06,50630,50628.2,30,50635.95,15,15,81690
BANKNIFTY-III.NFO,13/06/2024,09:21:07,50630,50628.9,45,50635.95,15,0,81690
BANKNIFTY-III.NFO,13/06/2024,09:21:09,50636,50638.25,165,50640,15,30,81690
BANKNIFTY-III.NFO,13/06/2024,09:21:11,50636,50639.75,165,50640,15,0,81690
BANKNIFTY-III.NFO,13/06/2024,09:21:12,50640,50639.55,15,50649.85,60,15,81690
BANKNIFTY-III.NFO,13/06/2024,09:21:14,50640,50637.95,15,50649.85,60,0,81690
BANKNIFTY-III.NFO,13/06/2024,09:21:15,50640,50640.15,30,50649.85,60,0,81690
BANKNIFTY-III.NFO,13/06/2024,09:21:17,50640,50642.5,345,50649.9,15,0,81690
BANKNIFTY-III.NFO,13/06/2024,09:21:19,50640,50642.55,15,50649.85,60,0,81690
BANKNIFTY-III.NFO,13/06/2024,09:21:20,50640,50642.9,15,50649.9,15,0,81690
BANKNIFTY-III.NFO,13/06/2024,09:21:22,50640,50643.25,300,50649.9,15,0,81690
BANKNIFTY-III.NFO,13/06/2024,09:21:24,50640,50643.35,300,50649.85,60,0,81690
BANKNIFTY-III.NFO,13/06/2024,09:21:25,50640,50643.45,15,50649.9,15,0,81690
BANKNIFTY-III.NFO,13/06/2024,09:21:27,50640,50643.55,15,50649.9,15,0,81690
BANKNIFTY-III.NFO,13/06/2024,09:21:29,50640,50642.8,15,50649.9,15,0,81690
BANKNIFTY-III.NFO,13/06/2024,09:21:30,50640,50645,15,50649.9,15,0,81690
BANKNIFTY-III.NFO,13/06/2024,09:21:32,50645,50644.5,150,50649.9,15,15,81885
BANKNIFTY-III.NFO,13/06/2024,09:21:34,50645,50643.55,15,50649.9,15,0,81885
BANKNIFTY-III.NFO,13/06/2024,09:21:35,50645,50642.75,30,50649.9,15,0,81885
BANKNIFTY-III.NFO,13/06/2024,09:21:37,50642.6,50642.65,15,50649.85,60,30,81885
BANKNIFTY-III.NFO,13/06/2024,09:21:39,50642.6,50642.6,15,50649.85,60,0,81885
BANKNIFTY-III.NFO,13/06/2024,09:21:40,50642.6,50629.75,30,50649.85,75,15,81885
BANKNIFTY-III.NFO,13/06/2024,09:21:42,50642.6,50640,30,50649.85,75,0,81885
BANKNIFTY-III.NFO,13/06/2024,09:21:47,50642.6,50640,30,50644.95,75,0,81885
BANKNIFTY-III.NFO,13/06/2024,09:21:52,50642.6,50640,45,50645,15,0,81885
BANKNIFTY-III.NFO,13/06/2024,09:21:54,50642.6,50640,45,50645,15,15,81885
BANKNIFTY-III.NFO,13/06/2024,09:21:55,50642.6,50640,45,50645,15,0,81885
BANKNIFTY-III.NFO,13/06/2024,09:21:57,50645,50640,45,50649.85,60,15,81885
BANKNIFTY-III.NFO,13/06/2024,09:21:58,50645,50640,45,50649.85,60,0,81885
BANKNIFTY-III.NFO,13/06/2024,09:22:02,50645,50640.05,15,50649.85,60,0,81885
BANKNIFTY-III.NFO,13/06/2024,09:22:03,50645,50645,30,50649.85,60,0,81885
BANKNIFTY-III.NFO,13/06/2024,09:22:05,50645,50645,15,50649.9,15,0,81885
BANKNIFTY-III.NFO,13/06/2024,09:22:06,50645,50645,15,50649.85,60,0,81885
BANKNIFTY-III.NFO,13/06/2024,09:22:08,50645,50645,15,50649.9,15,0,81885
BANKNIFTY-III.NFO,13/06/2024,09:22:10,50645,50645.05,30,50649.9,15,0,81885
BANKNIFTY-III.NFO,13/06/2024,09:22:13,50645,50645.05,15,50649.9,15,0,81885
BANKNIFTY-III.NFO,13/06/2024,09:22:16,50645,50645,30,50649.9,15,0,81885
BANKNIFTY-III.NFO,13/06/2024,09:22:20,50645,50645.7,15,50649.9,15,0,81885
BANKNIFTY-III.NFO,13/06/2024,09:22:21,50645,50645.05,15,50649.9,15,0,81885
BANKNIFTY-III.NFO,13/06/2024,09:22:24,50645,50645.05,15,50649,15,0,81885
BANKNIFTY-III.NFO,13/06/2024,09:22:26,50645,50646.05,15,50649,15,0,81885
BANKNIFTY-III.NFO,13/06/2024,09:22:28,50645,50646,15,50649,15,0,81885
BANKNIFTY-III.NFO,13/06/2024,09:22:31,50645,50646,15,50648.95,60,0,81885
BANKNIFTY-III.NFO,13/06/2024,09:22:34,50646,50645,45,50648.95,60,15,81885
BANKNIFTY-III.NFO,13/06/2024,09:22:36,50646,50645,45,50648.95,60,0,81885
BANKNIFTY-III.NFO,13/06/2024,09:22:39,50646,50645,45,50649,15,0,81885
BANKNIFTY-III.NFO,13/06/2024,09:22:42,50646,50645,45,50649.85,60,0,81885
BANKNIFTY-III.NFO,13/06/2024,09:22:50,50646,50645,45,50649.85,75,0,81885
BANKNIFTY-III.NFO,13/06/2024,09:22:52,50646,50645,45,50645.95,60,0,81885
BANKNIFTY-III.NFO,13/06/2024,09:22:54,50645,50645,30,50645.95,60,15,81885
BANKNIFTY-III.NFO,13/06/2024,09:22:55,50645,50645,30,50645.95,60,0,81885
BANKNIFTY-III.NFO,13/06/2024,09:22:57,50645,50645,30,50646,15,0,81885
BANKNIFTY-III.NFO,13/06/2024,09:22:58,50645,50630,15,50645.95,75,30,81885
BANKNIFTY-III.NFO,13/06/2024,09:23:00,50645,50631.35,15,50645.95,60,0,81885
BANKNIFTY-III.NFO,13/06/2024,09:23:02,50634.85,50634.5,15,50646,15,30,81885
BANKNIFTY-III.NFO,13/06/2024,09:23:03,50634.85,50633.6,30,50645.95,60,0,81885
BANKNIFTY-III.NFO,13/06/2024,09:23:05,50634.85,50632.45,15,50645.95,75,0,81885
BANKNIFTY-III.NFO,13/06/2024,09:23:07,50634.85,50626.1,15,50645.95,75,0,81885
BANKNIFTY-III.NFO,13/06/2024,09:23:08,50634.85,50622.7,15,50645.95,75,0,81885
BANKNIFTY-III.NFO,13/06/2024,09:23:10,50634.85,50622.9,15,50645.95,75,0,81885
BANKNIFTY-III.NFO,13/06/2024,09:23:12,50634.85,50623,15,50644.95,60,0,81885
BANKNIFTY-III.NFO,13/06/2024,09:23:13,50634.85,50623.45,15,50644.95,60,0,81885
BANKNIFTY-III.NFO,13/06/2024,09:23:15,50634.85,50624.1,15,50644.95,60,0,81885
BANKNIFTY-III.NFO,13/06/2024,09:23:21,50624.1,50624.05,15,50644.95,75,15,81885
BANKNIFTY-III.NFO,13/06/2024,09:23:23,50624.1,50624.05,15,50644.95,75,0,81885
BANKNIFTY-III.NFO,13/06/2024,09:23:26,50624.1,50619.05,15,50643.5,60,0,81885
BANKNIFTY-III.NFO,13/06/2024,09:23:28,50624.1,50616.05,15,50640.75,60,0,81885
BANKNIFTY-III.NFO,13/06/2024,09:23:29,50624.1,50614.6,75,50625,45,0,81885
BANKNIFTY-III.NFO,13/06/2024,09:23:31,50624.1,50605.15,75,50624.95,60,0,81885
BANKNIFTY-III.NFO,13/06/2024,09:23:33,50624.1,50605,15,50624.05,60,0,81885
BANKNIFTY-III.NFO,13/06/2024,09:23:34,50624.1,50605.85,150,50624.1,30,0,81885
BANKNIFTY-III.NFO,13/06/2024,09:23:36,50624.1,50611.35,150,50624.1,15,0,81885
BANKNIFTY-III.NFO,13/06/2024,09:23:38,50624.1,50612.25,15,50624.1,15,0,81885
BANKNIFTY-III.NFO,13/06/2024,09:23:40,50624.1,50610.9,135,50624.1,30,0,81885
BANKNIFTY-III.NFO,13/06/2024,09:23:41,50624.1,50615.55,45,50624.1,15,0,81885
BANKNIFTY-III.NFO,13/06/2024,09:23:43,50624.1,50617.5,135,50624.1,15,0,81885
BANKNIFTY-III.NFO,13/06/2024,09:23:45,50624.1,50619.1,30,50624.1,15,0,81885
BANKNIFTY-III.NFO,13/06/2024,09:23:46,50624.1,50618.05,135,50624.1,15,0,81885
BANKNIFTY-III.NFO,13/06/2024,09:23:48,50624.1,50619,135,50624.1,15,0,81885
BANKNIFTY-III.NFO,13/06/2024,09:23:49,50625,50625.25,15,50643.5,60,60,81885
BANKNIFTY-III.NFO,13/06/2024,09:23:51,50625,50626.35,75,50645.95,60,0,81885
BANKNIFTY-III.NFO,13/06/2024,09:23:53,50625,50637.15,15,50646,15,0,81885
BANKNIFTY-III.NFO,13/06/2024,09:23:54,50637.15,50636.65,90,50646,15,15,81885
BANKNIFTY-III.NFO,13/06/2024,09:23:56,50636.65,50635.4,15,50646,15,15,81885
BANKNIFTY-III.NFO,13/06/2024,09:23:58,50636.65,50633.4,15,50645.95,60,0,81885
BANKNIFTY-III.NFO,13/06/2024,09:23:59,50636.65,50630.4,15,50645.95,75,0,81885
BANKNIFTY-III.NFO,13/06/2024,09:24:01,50630.4,50633.05,90,50649.85,75,15,81885
BANKNIFTY-III.NFO,13/06/2024,09:24:02,50630.4,50633.05,15,50649.85,75,0,81885
BANKNIFTY-III.NFO,13/06/2024,09:24:04,50630.4,50631.55,15,50649.85,75,0,81885
BANKNIFTY-III.NFO,13/06/2024,09:24:06,50630.4,50627.35,75,50649.85,60,0,81885
BANKNIFTY-III.NFO,13/06/2024,09:24:07,50630.4,50626.05,30,50649.85,60,0,81885
BANKNIFTY-III.NFO,13/06/2024,09:24:09,50630.4,50629.3,75,50649.85,60,0,81885
BANKNIFTY-III.NFO,13/06/2024,09:24:10,50630.4,50628.35,75,50649.85,60,0,81885
BANKNIFTY-III.NFO,13/06/2024,09:24:12,50630.4,50621.4,90,50649.85,60,0,81885
BANKNIFTY-III.NFO,13/06/2024,09:24:14,50630.4,50626.45,30,50649.85,60,0,81885
BANKNIFTY-III.NFO,13/06/2024,09:24:15,50630.4,50627.6,30,50649.85,60,0,81885
BANKNIFTY-III.NFO,13/06/2024,09:24:17,50630.4,50627.75,15,50649.85,60,15,81885
BANKNIFTY-III.NFO,13/06/2024,09:24:19,50630.4,50627.75,15,50649.85,60,0,81885
BANKNIFTY-III.NFO,13/06/2024,09:24:20,50630.4,50628.9,75,50649.85,60,0,81885
BANKNIFTY-III.NFO,13/06/2024,09:24:22,50630.4,50627.75,15,50649.85,60,0,81885
BANKNIFTY-III.NFO,13/06/2024,09:24:23,50630.4,50625.25,15,50630,15,0,81885
BANKNIFTY-III.NFO,13/06/2024,09:24:25,50630.4,50624.15,75,50630,15,0,81885
BANKNIFTY-III.NFO,13/06/2024,09:24:27,50630.4,50623.7,45,50630,15,0,81885
BANKNIFTY-III.NFO,13/06/2024,09:24:28,50630.4,50620.35,45,50630,15,0,81885
BANKNIFTY-III.NFO,13/06/2024,09:24:30,50630.4,50622.15,90,50630,15,0,81885
BANKNIFTY-III.NFO,13/06/2024,09:24:31,50630.4,50624.15,75,50630,15,0,81885
BANKNIFTY-III.NFO,13/06/2024,09:24:33,50630.4,50624.5,75,50630,15,0,81885
BANKNIFTY-III.NFO,13/06/2024,09:24:35,50630.4,50624.5,90,50630,15,0,81885
BANKNIFTY-III.NFO,13/06/2024,09:24:36,50630.4,50626.15,75,50630,15,0,81885
BANKNIFTY-III.NFO,13/06/2024,09:24:38,50630.4,50627.3,75,50630,15,0,81885
BANKNIFTY-III.NFO,13/06/2024,09:24:40,50630,50627.25,75,50630.4,30,15,81975
BANKNIFTY-III.NFO,13/06/2024,09:24:41,50630,50626.45,30,50630.4,30,0,81975
BANKNIFTY-III.NFO,13/06/2024,09:24:44,50630,50627.5,30,50630.4,30,0,81975
BANKNIFTY-III.NFO,13/06/2024,09:24:46,50630,50627.1,75,50630.4,30,0,81975
BANKNIFTY-III.NFO,13/06/2024,09:24:47,50630,50627.15,75,50630.4,30,0,81975
BANKNIFTY-III.NFO,13/06/2024,09:24:49,50630,50628.15,75,50630.4,30,0,81975
BANKNIFTY-III.NFO,13/06/2024,09:24:51,50630.4,50628.2,15,50649.85,75,30,81975
BANKNIFTY-III.NFO,13/06/2024,09:24:52,50630.4,50628.8,90,50649.85,75,0,81975
BANKNIFTY-III.NFO,13/06/2024,09:24:54,50630.4,50628.8,15,50649.85,75,0,81975
BANKNIFTY-III.NFO,13/06/2024,09:24:56,50630.4,50624.6,15,50649.85,75,0,81975
BANKNIFTY-III.NFO,13/06/2024,09:24:59,50630.4,50622.75,15,50648.6,60,0,81975
BANKNIFTY-III.NFO,13/06/2024,09:25:01,50630.4,50620.45,75,50646.8,60,0,81975
BANKNIFTY-III.NFO,13/06/2024,09:25:02,50630.4,50620.4,30,50645.2,60,0,81975
BANKNIFTY-III.NFO,13/06/2024,09:25:04,50630.4,50620.4,15,50644.45,60,0,81975
BANKNIFTY-III.NFO,13/06/2024,09:25:05,50630.4,50620.4,30,50644.45,60,0,81975
BANKNIFTY-III.NFO,13/06/2024,09:25:09,50630.4,50620.4,15,50647.45,60,0,81975
BANKNIFTY-III.NFO,13/06/2024,09:25:10,50630.4,50620.4,15,50649.1,60,0,81975
BANKNIFTY-III.NFO,13/06/2024,09:25:12,50630.4,50620.4,15,50647.95,60,0,81975
BANKNIFTY-III.NFO,13/06/2024,09:25:14,50630.4,50620.4,15,50646.65,60,0,81975
BANKNIFTY-III.NFO,13/06/2024,09:25:15,50630.4,50620.4,15,50643.95,60,0,81975
BANKNIFTY-III.NFO,13/06/2024,09:25:17,50630.4,50620.4,15,50641.05,60,0,81975
BANKNIFTY-III.NFO,13/06/2024,09:25:18,50630.4,50620.4,15,50638.05,60,0,81975
BANKNIFTY-III.NFO,13/06/2024,09:25:20,50630.4,50620.4,15,50641.55,60,0,81975
BANKNIFTY-III.NFO,13/06/2024,09:25:22,50630.4,50620.4,15,50639.4,60,0,81975
BANKNIFTY-III.NFO,13/06/2024,09:25:23,50630.4,50620.4,15,50629.95,60,0,81975
BANKNIFTY-III.NFO,13/06/2024,09:25:25,50630.4,50620.4,15,50630,15,0,81975
BANKNIFTY-III.NFO,13/06/2024,09:25:27,50630.4,50620.4,90,50630,15,0,81975
BANKNIFTY-III.NFO,13/06/2024,09:25:28,50630.4,50620.4,105,50630,15,0,81975
BANKNIFTY-III.NFO,13/06/2024,09:25:30,50630.4,50622.9,90,50630,15,0,81975
BANKNIFTY-III.NFO,13/06/2024,09:25:31,50630.4,50624.9,45,50630,15,0,81975
BANKNIFTY-III.NFO,13/06/2024,09:25:33,50630,50630.35,15,50649.85,75,15,81975
BANKNIFTY-III.NFO,13/06/2024,09:25:35,50630,50629.3,90,50649.85,75,0,81975
BANKNIFTY-III.NFO,13/06/2024,09:25:36,50630,50630.35,15,50649.85,75,0,81975
BANKNIFTY-III.NFO,13/06/2024,09:25:38,50630,50634.75,15,50649.85,60,0,81975
BANKNIFTY-III.NFO,13/06/2024,09:25:40,50630,50631.85,15,50649.85,75,0,81975
BANKNIFTY-III.NFO,13/06/2024,09:25:41,50630,50631.9,90,50649.85,75,0,81975
BANKNIFTY-III.NFO,13/06/2024,09:25:43,50630,50631.9,15,50649.85,75,0,81975
BANKNIFTY-III.NFO,13/06/2024,09:25:45,50630,50631.05,15,50640,45,0,81975
BANKNIFTY-III.NFO,13/06/2024,09:25:46,50649.95,50632.3,30,50649.95,75,75,81975
BANKNIFTY-III.NFO,13/06/2024,09:25:48,50649.95,50631.05,30,50649.95,60,0,81975
BANKNIFTY-III.NFO,13/06/2024,09:25:50,50649.95,50640.15,30,50650,300,0,81975
BANKNIFTY-III.NFO,13/06/2024,09:25:51,50649.95,50637.4,30,50650,300,0,81975
BANKNIFTY-III.NFO,13/06/2024,09:25:53,50649.95,50640.05,30,50650,300,0,81975
BANKNIFTY-III.NFO,13/06/2024,09:25:55,50649.95,50644.25,30,50650,300,0,81975
BANKNIFTY-III.NFO,13/06/2024,09:25:56,50650,50647,30,50650,210,90,81975
BANKNIFTY-III.NFO,13/06/2024,09:25:58,50650,50645.55,30,50650,120,90,81975
BANKNIFTY-III.NFO,13/06/2024,09:26:00,50650,50642.4,30,50650,120,0,81975
BANKNIFTY-III.NFO,13/06/2024,09:26:01,50650.4,50648.95,30,50660,90,150,81975
BANKNIFTY-III.NFO,13/06/2024,09:26:03,50650.4,50652.55,30,50660,90,0,81975
BANKNIFTY-III.NFO,13/06/2024,09:26:05,50651.5,50651.45,150,50660,90,30,81975
BANKNIFTY-III.NFO,13/06/2024,09:26:06,50651.5,50651.45,150,50660,90,0,81975
BANKNIFTY-III.NFO,13/06/2024,09:26:08,50651.5,50649.2,150,50660,90,0,81975
BANKNIFTY-III.NFO,13/06/2024,09:26:13,50651.5,50647.65,150,50660,90,0,81975
BANKNIFTY-III.NFO,13/06/2024,09:26:14,50651.5,50646.2,150,50660,90,0,81975
BANKNIFTY-III.NFO,13/06/2024,09:26:16,50651.5,50650.65,15,50660,90,0,81975
BANKNIFTY-III.NFO,13/06/2024,09:26:17,50651.5,50650.5,150,50660,90,0,81975
BANKNIFTY-III.NFO,13/06/2024,09:26:19,50651.5,50653.95,150,50660,90,0,81975
BANKNIFTY-III.NFO,13/06/2024,09:26:21,50651.5,50654.25,75,50660,90,0,81975
BANKNIFTY-III.NFO,13/06/2024,09:26:22,50651.5,50654.2,150,50660,90,0,81975
BANKNIFTY-III.NFO,13/06/2024,09:26:24,50651.5,50650.2,75,50660,90,0,81975
BANKNIFTY-III.NFO,13/06/2024,09:26:26,50651.5,50652.2,150,50660,90,0,81975
BANKNIFTY-III.NFO,13/06/2024,09:26:27,50652.4,50652.15,120,50660,90,30,81975
BANKNIFTY-III.NFO,13/06/2024,09:26:29,50652.15,50652.25,105,50660,90,15,81975
BANKNIFTY-III.NFO,13/06/2024,09:26:30,50660,50650.05,105,50660,75,15,81975
BANKNIFTY-III.NFO,13/06/2024,09:26:32,50660,50651.2,105,50660,75,0,81975
BANKNIFTY-III.NFO,13/06/2024,09:26:34,50660,50650,15,50660,75,0,81975
BANKNIFTY-III.NFO,13/06/2024,09:26:35,50660,50650,15,50659.95,60,0,81975
BANKNIFTY-III.NFO,13/06/2024,09:26:45,50660,50650,15,50658.95,60,0,81975
BANKNIFTY-III.NFO,13/06/2024,09:26:48,50660,50650,15,50659,15,0,81975
BANKNIFTY-III.NFO,13/06/2024,09:26:50,50650,50650.95,105,50659,15,15,81975
BANKNIFTY-III.NFO,13/06/2024,09:26:51,50650,50649.75,105,50659,15,0,81975
BANKNIFTY-III.NFO,13/06/2024,09:26:53,50650,50651.3,105,50659,15,0,81975
BANKNIFTY-III.NFO,13/06/2024,09:26:55,50649.9,50650,90,50659,15,15,81975
BANKNIFTY-III.NFO,13/06/2024,09:26:56,50649.9,50645.9,90,50659,15,0,81975
BANKNIFTY-III.NFO,13/06/2024,09:26:58,50649.9,50643.85,90,50659,15,0,81975
BANKNIFTY-III.NFO,13/06/2024,09:26:59,50649.9,50643.9,90,50651,15,0,81975
BANKNIFTY-III.NFO,13/06/2024,09:27:01,50649.9,50644.35,90,50651,15,0,81975
BANKNIFTY-III.NFO,13/06/2024,09:27:03,50649.9,50642.5,90,50651,15,0,81975
BANKNIFTY-III.NFO,13/06/2024,09:27:04,50649.9,50643.9,90,50651,15,0,81975
BANKNIFTY-III.NFO,13/06/2024,09:27:06,50649.9,50638.8,90,50651,15,0,81975
BANKNIFTY-III.NFO,13/06/2024,09:27:11,50649.9,50638.9,90,50650,30,0,81975
BANKNIFTY-III.NFO,13/06/2024,09:27:12,50649.9,50639.6,90,50650,30,0,81975
BANKNIFTY-III.NFO,13/06/2024,09:27:14,50649.9,50638.6,75,50650,30,0,81975
BANKNIFTY-III.NFO,13/06/2024,09:27:16,50649.9,50640.4,30,50650,30,0,81975
BANKNIFTY-III.NFO,13/06/2024,09:27:17,50649.9,50642.3,90,50650,30,0,81975
BANKNIFTY-III.NFO,13/06/2024,09:27:19,50649.9,50642.35,90,50650,30,0,81975
BANKNIFTY-III.NFO,13/06/2024,09:27:21,50649.9,50643.4,90,50650,30,0,81975
BANKNIFTY-III.NFO,13/06/2024,09:27:22,50649.9,50643.55,90,50650,30,0,81975
BANKNIFTY-III.NFO,13/06/2024,09:27:24,50649.9,50642.35,90,50650,30,0,81975
BANKNIFTY-III.NFO,13/06/2024,09:27:26,50649.9,50645.65,90,50650,30,0,81975
BANKNIFTY-III.NFO,13/06/2024,09:27:30,50649.9,50648,90,50650,30,0,81975
BANKNIFTY-III.NFO,13/06/2024,09:27:32,50650,50650.15,60,50651,15,30,82365
BANKNIFTY-III.NFO,13/06/2024,09:27:34,50650,50644.55,60,50651,15,0,82365
BANKNIFTY-III.NFO,13/06/2024,09:27:35,50650,50645.6,60,50651,15,0,82365
BANKNIFTY-III.NFO,13/06/2024,09:27:37,50650,50644.65,60,50651,15,0,82365
BANKNIFTY-III.NFO,13/06/2024,09:27:39,50650,50643.9,60,50651,15,0,82365
BANKNIFTY-III.NFO,13/06/2024,09:27:40,50650,50643.2,60,50651,15,0,82365
BANKNIFTY-III.NFO,13/06/2024,09:27:42,50650,50642.2,60,50651,15,0,82365
BANKNIFTY-III.NFO,13/06/2024,09:27:43,50650,50640.9,60,50651,15,0,82365
BANKNIFTY-III.NFO,13/06/2024,09:27:45,50650,50639.9,75,50651,15,0,82365
BANKNIFTY-III.NFO,13/06/2024,09:27:48,50650,50637.75,75,50650.95,60,0,82365
BANKNIFTY-III.NFO,13/06/2024,09:27:50,50650,50634.1,30,50650.95,60,0,82365
BANKNIFTY-III.NFO,13/06/2024,09:27:52,50650,50640.1,60,50651,15,0,82365
BANKNIFTY-III.NFO,13/06/2024,09:27:53,50651,50647.9,45,50660,75,15,82365
BANKNIFTY-III.NFO,13/06/2024,09:27:55,50651,50647,45,50650,15,0,82365
BANKNIFTY-III.NFO,13/06/2024,09:27:57,50650,50651.8,30,50660,75,15,82365
BANKNIFTY-III.NFO,13/06/2024,09:27:58,50650,50651.8,30,50660,75,0,82365
BANKNIFTY-III.NFO,13/06/2024,09:28:00,50650,50648.6,30,50660,75,0,82365
BANKNIFTY-III.NFO,13/06/2024,09:28:02,50650,50649.15,30,50660,75,0,82365
BANKNIFTY-III.NFO,13/06/2024,09:28:03,50650,50650.3,30,50660,75,0,82365
BANKNIFTY-III.NFO,13/06/2024,09:28:05,50650,50650.35,30,50660,75,0,82365
BANKNIFTY-III.NFO,13/06/2024,09:28:07,50650.35,50648.55,75,50660,75,30,82365
BANKNIFTY-III.NFO,13/06/2024,09:28:08,50650.35,50629.4,285,50659.95,60,0,82365
BANKNIFTY-III.NFO,13/06/2024,09:28:10,50650.35,50638,30,50659.95,60,0,82365
BANKNIFTY-III.NFO,13/06/2024,09:28:11,50650.35,50635.15,30,50659.95,60,0,82365
BANKNIFTY-III.NFO,13/06/2024,09:28:13,50650.35,50634.85,30,50658.85,60,0,82365
BANKNIFTY-III.NFO,13/06/2024,09:28:15,50650.35,50635.25,30,50659.85,60,0,82365
BANKNIFTY-III.NFO,13/06/2024,09:28:16,50650.35,50635,30,50658.65,60,0,82365
BANKNIFTY-III.NFO,13/06/2024,09:28:17,50650.35,50634.45,30,50658.65,60,0,82365
BANKNIFTY-III.NFO,13/06/2024,09:28:19,50650.35,50630.65,30,50650.3,60,0,82365
BANKNIFTY-III.NFO,13/06/2024,09:28:20,50650.35,50633.6,30,50650.3,60,0,82365
BANKNIFTY-III.NFO,13/06/2024,09:28:23,50650.35,50633.65,105,50650.3,60,0,82365
BANKNIFTY-III.NFO,13/06/2024,09:28:24,50650.35,50634.95,30,50650.3,60,0,82365
BANKNIFTY-III.NFO,13/06/2024,09:28:26,50650.35,50634.45,30,50650.3,60,0,82365
BANKNIFTY-III.NFO,13/06/2024,09:28:27,50650.35,50634.35,75,50650.3,60,0,82365
BANKNIFTY-III.NFO,13/06/2024,09:28:29,50650.35,50626.7,150,50650.3,60,0,82365
BANKNIFTY-III.NFO,13/06/2024,09:28:30,50650.35,50630.7,30,50650.3,60,0,82365
BANKNIFTY-III.NFO,13/06/2024,09:28:31,50650.35,50628.55,30,50650.3,60,0,82365
BANKNIFTY-III.NFO,13/06/2024,09:28:33,50650.35,50620.5,15,50650.3,60,0,82365
BANKNIFTY-III.NFO,13/06/2024,09:28:34,50650.35,50620.45,75,50650.3,60,0,82365
BANKNIFTY-III.NFO,13/06/2024,09:28:36,50650.35,50620.5,15,50643.7,60,0,82365
BANKNIFTY-III.NFO,13/06/2024,09:28:37,50650.35,50620.4,15,50638.05,60,0,82365
BANKNIFTY-III.NFO,13/06/2024,09:28:39,50650.35,50620.4,15,50635,60,0,82365
BANKNIFTY-III.NFO,13/06/2024,09:28:41,50650.35,50620.4,15,50650.25,60,0,82365
BANKNIFTY-III.NFO,13/06/2024,09:28:42,50650.35,50620.4,15,50640.65,60,0,82365
BANKNIFTY-III.NFO,13/06/2024,09:28:44,50640.65,50620.4,15,50632.6,60,15,82365
BANKNIFTY-III.NFO,13/06/2024,09:28:45,50640.65,50620.4,15,50630.3,60,0,82365
BANKNIFTY-III.NFO,13/06/2024,09:28:47,50620.4,50606.1,15,50630.3,60,15,82365
BANKNIFTY-III.NFO,13/06/2024,09:28:48,50620.4,50606.1,15,50625.8,60,0,82365
BANKNIFTY-III.NFO,13/06/2024,09:28:50,50620.4,50606.05,30,50625.8,60,0,82365
BANKNIFTY-III.NFO,13/06/2024,09:28:51,50620.4,50606.1,15,50625.8,60,0,82365
BANKNIFTY-III.NFO,13/06/2024,09:28:53,50620.4,50606.1,15,50639.1,60,0,82365
BANKNIFTY-III.NFO,13/06/2024,09:28:54,50620.4,50606.1,15,50626.1,60,0,82365
BANKNIFTY-III.NFO,13/06/2024,09:28:56,50620.4,50606.1,15,50620.4,30,0,82365
BANKNIFTY-III.NFO,13/06/2024,09:29:00,50620.4,50606.1,15,50620.35,60,0,82365
BANKNIFTY-III.NFO,13/06/2024,09:29:06,50620.4,50606.05,30,50620.35,60,0,82365
BANKNIFTY-III.NFO,13/06/2024,09:29:08,50620.4,50606.05,30,50619.9,60,0,82365
BANKNIFTY-III.NFO,13/06/2024,09:29:09,50620.4,50606.05,30,50613.7,60,0,82365
BANKNIFTY-III.NFO,13/06/2024,09:29:13,50620.4,50606.05,30,50610.95,60,0,82365
BANKNIFTY-III.NFO,13/06/2024,09:29:15,50620.4,50606.05,30,50614.35,60,0,82365
BANKNIFTY-III.NFO,13/06/2024,09:29:16,50620.4,50606.05,30,50616.25,60,0,82365
BANKNIFTY-III.NFO,13/06/2024,09:29:18,50617.4,50606.05,30,50617.4,60,15,82365
BANKNIFTY-III.NFO,13/06/2024,09:29:19,50617.4,50606.05,30,50617.4,60,0,82365
BANKNIFTY-III.NFO,13/06/2024,09:29:21,50606.05,50600.05,30,50616.25,60,30,82365
BANKNIFTY-III.NFO,13/06/2024,09:29:22,50606.05,50600.05,30,50616.55,60,0,82365
BANKNIFTY-III.NFO,13/06/2024,09:29:24,50606.05,50600.05,30,50617.45,60,0,82365
BANKNIFTY-III.NFO,13/06/2024,09:29:26,50606.05,50600.05,30,50616.7,60,0,82365
BANKNIFTY-III.NFO,13/06/2024,09:29:27,50600.05,50600.05,15,50640.4,60,15,82365
BANKNIFTY-III.NFO,13/06/2024,09:29:29,50600.05,50600.05,15,50619.3,60,0,82365
BANKNIFTY-III.NFO,13/06/2024,09:29:30,50600.05,50600.05,15,50617.2,60,0,82365
BANKNIFTY-III.NFO,13/06/2024,09:29:32,50600.05,50600.05,15,50617.95,60,0,82365
BANKNIFTY-III.NFO,13/06/2024,09:29:33,50600.05,50600.05,15,50621.45,60,0,82365
BANKNIFTY-III.NFO,13/06/2024,09:29:35,50600.05,50600.05,15,50621.1,60,0,82365
BANKNIFTY-III.NFO,13/06/2024,09:29:36,50600.05,50600.05,15,50622.55,60,0,82365
BANKNIFTY-III.NFO,13/06/2024,09:29:37,50600.05,50600.05,15,50639.7,60,15,82365
BANKNIFTY-III.NFO,13/06/2024,09:29:39,50600.05,50602.3,30,50628.2,60,0,82365
BANKNIFTY-III.NFO,13/06/2024,09:29:41,50600.05,50601.2,30,50626.05,60,0,82365
BANKNIFTY-III.NFO,13/06/2024,09:29:42,50600.05,50601.05,30,50626.05,60,0,82365
BANKNIFTY-III.NFO,13/06/2024,09:29:43,50600.05,50600.5,30,50625.85,60,0,82365
BANKNIFTY-III.NFO,13/06/2024,09:29:45,50600.05,50600.65,30,50624.6,60,0,82365
BANKNIFTY-III.NFO,13/06/2024,09:29:46,50600.05,50600.05,15,50627.05,60,0,82365
BANKNIFTY-III.NFO,13/06/2024,09:29:48,50600.05,50600.05,15,50622.8,60,0,82365
BANKNIFTY-III.NFO,13/06/2024,09:29:49,50600.05,50600.1,30,50625.8,60,0,82365
BANKNIFTY-III.NFO,13/06/2024,09:29:50,50600.05,50600.85,30,50625.8,60,0,82365
BANKNIFTY-III.NFO,13/06/2024,09:29:52,50600.05,50601.6,30,50625.35,60,0,82365
BANKNIFTY-III.NFO,13/06/2024,09:29:53,50600.05,50603.6,30,50628.9,60,0,82365
BANKNIFTY-III.NFO,13/06/2024,09:29:55,50600.05,50602.05,30,50639.2,60,0,82365
BANKNIFTY-III.NFO,13/06/2024,09:29:56,50600.05,50602.1,75,50630.15,60,0,82365
BANKNIFTY-III.NFO,13/06/2024,09:29:58,50600.05,50600.05,15,50626.65,60,0,82365
BANKNIFTY-III.NFO,13/06/2024,09:29:59,50600.05,50601.35,30,50624.9,60,0,82365
BANKNIFTY-III.NFO,13/06/2024,09:30:01,50600.05,50600.05,15,50625.3,60,0,82365
BANKNIFTY-III.NFO,13/06/2024,09:30:02,50600.05,50600.05,45,50625.3,60,0,82365
BANKNIFTY-III.NFO,13/06/2024,09:30:04,50600.05,50608.15,30,50646.25,60,0,82365
BANKNIFTY-III.NFO,13/06/2024,09:30:06,50600.05,50613.9,30,50637.5,60,0,82365
BANKNIFTY-III.NFO,13/06/2024,09:30:07,50600.05,50617.1,30,50650.25,60,0,82365
BANKNIFTY-III.NFO,13/06/2024,09:30:09,50600.05,50619.9,30,50648.35,60,0,82365
BANKNIFTY-III.NFO,13/06/2024,09:30:10,50600.05,50625.05,15,50644.95,60,0,82365
BANKNIFTY-III.NFO,13/06/2024,09:30:12,50600.05,50625.05,15,50641.45,60,0,82365
BANKNIFTY-III.NFO,13/06/2024,09:30:13,50600.05,50625.05,15,50640.85,60,0,82365
BANKNIFTY-III.NFO,13/06/2024,09:30:15,50600.05,50625.05,15,50641,60,0,82365
BANKNIFTY-III.NFO,13/06/2024,09:30:17,50600.05,50625.05,15,50639.8,60,0,82365
BANKNIFTY-III.NFO,13/06/2024,09:30:18,50600.05,50625.05,15,50638.45,60,0,82365
BANKNIFTY-III.NFO,13/06/2024,09:30:20,50600.05,50625.05,15,50635.55,60,0,82365
BANKNIFTY-III.NFO,13/06/2024,09:30:22,50600.05,50625.05,15,50635.15,60,0,82365
BANKNIFTY-III.NFO,13/06/2024,09:30:23,50600.05,50625.05,15,50628.55,60,0,82365
BANKNIFTY-III.NFO,13/06/2024,09:30:25,50600.05,50625.05,15,50627.45,60,0,82365
BANKNIFTY-III.NFO,13/06/2024,09:30:26,50625.05,50600.1,450,50623.85,60,15,82485
BANKNIFTY-III.NFO,13/06/2024,09:30:28,50625.05,50600.05,45,50624.85,60,0,82485
BANKNIFTY-III.NFO,13/06/2024,09:30:30,50625.05,50600.05,45,50620.4,60,0,82485
BANKNIFTY-III.NFO,13/06/2024,09:30:31,50625.05,50600.05,45,50616.1,60,0,82485
BANKNIFTY-III.NFO,13/06/2024,09:30:33,50625.05,50600.05,45,50614.75,60,0,82485
BANKNIFTY-III.NFO,13/06/2024,09:30:35,50625.05,50600.05,45,50617.95,60,0,82485
BANKNIFTY-III.NFO,13/06/2024,09:30:36,50625.05,50600.05,45,50615,60,0,82485
BANKNIFTY-III.NFO,13/06/2024,09:30:39,50600,50600,45,50610.75,60,150,82485
BANKNIFTY-III.NFO,13/06/2024,09:30:41,50600,50600,45,50615,60,0,82485
BANKNIFTY-III.NFO,13/06/2024,09:30:43,50600,50600,45,50607.05,60,0,82485
BANKNIFTY-III.NFO,13/06/2024,09:30:44,50600,50595,75,50600,105,45,82485
BANKNIFTY-III.NFO,13/06/2024,09:30:46,50600,50595,75,50600,105,0,82485
BANKNIFTY-III.NFO,13/06/2024,09:30:47,50595,50595,60,50600,105,15,82485
BANKNIFTY-III.NFO,13/06/2024,09:30:49,50595,50595,60,50600,105,0,82485
BANKNIFTY-III.NFO,13/06/2024,09:30:59,50600,50595,60,50600,90,15,82485
BANKNIFTY-III.NFO,13/06/2024,09:31:08,50595,50595,60,50600,90,15,82485
BANKNIFTY-III.NFO,13/06/2024,09:31:10,50595,50595,60,50600,90,0,82485
BANKNIFTY-III.NFO,13/06/2024,09:31:11,50595,50595,60,50600,105,0,82485
BANKNIFTY-III.NFO,13/06/2024,09:31:18,50595,50596.05,150,50600,105,0,82485
BANKNIFTY-III.NFO,13/06/2024,09:31:19,50600,50600.65,45,50619.4,60,105,82485
BANKNIFTY-III.NFO,13/06/2024,09:31:21,50600,50598.7,45,50621.15,60,0,82485
BANKNIFTY-III.NFO,13/06/2024,09:31:22,50600,50595.4,45,50617.7,60,0,82485
BANKNIFTY-III.NFO,13/06/2024,09:31:24,50595,50580,15,50602.9,60,60,82485
BANKNIFTY-III.NFO,13/06/2024,09:31:26,50595,50580,15,50617.7,60,0,82485
BANKNIFTY-III.NFO,13/06/2024,09:31:27,50595,50580,15,50595.7,60,0,82485
BANKNIFTY-III.NFO,13/06/2024,09:31:29,50595,50580,15,50589.85,60,0,82485
BANKNIFTY-III.NFO,13/06/2024,09:31:30,50595,50580,15,50595.05,60,0,82485
BANKNIFTY-III.NFO,13/06/2024,09:31:32,50595,50580,30,50597.55,60,0,82485
BANKNIFTY-III.NFO,13/06/2024,09:31:33,50595,50580,30,50595.85,60,0,82485
BANKNIFTY-III.NFO,13/06/2024,09:31:35,50595,50580,30,50599.95,60,0,82485
BANKNIFTY-III.NFO,13/06/2024,09:31:37,50595,50580,30,50599.65,60,0,82485
BANKNIFTY-III.NFO,13/06/2024,09:31:38,50580,50580,15,50597.55,60,15,82485
BANKNIFTY-III.NFO,13/06/2024,09:31:39,50580,50585.65,30,50600,45,0,82485
BANKNIFTY-III.NFO,13/06/2024,09:31:41,50580,50585.7,45,50599.95,60,0,82485
BANKNIFTY-III.NFO,13/06/2024,09:31:43,50580,50587.95,45,50599.95,60,0,82485
BANKNIFTY-III.NFO,13/06/2024,09:31:44,50580,50580,15,50599.95,60,0,82485
BANKNIFTY-III.NFO,13/06/2024,09:31:46,50580,50586.4,45,50600,45,0,82485
BANKNIFTY-III.NFO,13/06/2024,09:31:47,50580,50590.25,45,50600,45,0,82485
BANKNIFTY-III.NFO,13/06/2024,09:31:49,50580,50591.6,45,50600,45,0,82485
BANKNIFTY-III.NFO,13/06/2024,09:31:50,50580,50592.85,45,50600,45,0,82485
BANKNIFTY-III.NFO,13/06/2024,09:31:52,50580,50580.05,75,50599.95,60,0,82485
BANKNIFTY-III.NFO,13/06/2024,09:31:53,50580,50588.8,45,50599.95,60,0,82485
BANKNIFTY-III.NFO,13/06/2024,09:31:55,50580,50588.8,45,50600,45,0,82485
BANKNIFTY-III.NFO,13/06/2024,09:31:56,50580,50590,30,50600,45,0,82485
BANKNIFTY-III.NFO,13/06/2024,09:32:01,50580,50590,30,50599.95,60,0,82485
BANKNIFTY-III.NFO,13/06/2024,09:32:03,50580,50590,30,50600,45,0,82485
BANKNIFTY-III.NFO,13/06/2024,09:32:04,50580,50590,30,50599.95,60,0,82485
BANKNIFTY-III.NFO,13/06/2024,09:32:06,50590,50590,15,50599.95,60,15,82485
BANKNIFTY-III.NFO,13/06/2024,09:32:07,50590,50590,15,50599.95,60,0,82485
BANKNIFTY-III.NFO,13/06/2024,09:32:10,50590,50590,15,50600,45,0,82485
BANKNIFTY-III.NFO,13/06/2024,09:32:11,50590,50590,15,50599.95,60,0,82485
BANKNIFTY-III.NFO,13/06/2024,09:32:13,50590,50590,15,50600,45,0,82485
BANKNIFTY-III.NFO,13/06/2024,09:32:14,50590,50590.05,45,50600,45,0,82485
BANKNIFTY-III.NFO,13/06/2024,09:32:17,50590,50592.55,45,50600,45,0,82485
BANKNIFTY-III.NFO,13/06/2024,09:32:19,50590,50595.1,45,50600,45,0,82485
BANKNIFTY-III.NFO,13/06/2024,09:32:20,50600,50595.25,30,50620.75,60,60,82485
BANKNIFTY-III.NFO,13/06/2024,09:32:22,50600,50595.7,30,50624.95,60,0,82485
BANKNIFTY-III.NFO,13/06/2024,09:32:24,50600,50598.05,30,50623,60,0,82485
BANKNIFTY-III.NFO,13/06/2024,09:32:25,50600,50604.35,30,50624.95,60,0,82485
BANKNIFTY-III.NFO,13/06/2024,09:32:27,50600,50603,30,50624.95,60,0,82485
BANKNIFTY-III.NFO,13/06/2024,09:32:29,50600,50604.65,30,50624.95,60,0,82485
BANKNIFTY-III.NFO,13/06/2024,09:32:30,50600,50602.2,30,50624.95,60,0,82485
BANKNIFTY-III.NFO,13/06/2024,09:32:32,50601.3,50599.2,15,50624.95,60,15,82485
BANKNIFTY-III.NFO,13/06/2024,09:32:33,50601.3,50600.1,15,50624.5,60,0,82485
BANKNIFTY-III.NFO,13/06/2024,09:32:35,50601.3,50598.9,105,50623.35,60,0,82485
BANKNIFTY-III.NFO,13/06/2024,09:32:37,50601.3,50597.5,15,50623.1,60,0,82485
BANKNIFTY-III.NFO,13/06/2024,09:32:38,50601.3,50599.45,15,50624.1,60,0,82485
BANKNIFTY-III.NFO,13/06/2024,09:32:40,50601.3,50604.35,15,50625,15,0,82485
BANKNIFTY-III.NFO,13/06/2024,09:32:42,50601.3,50607.95,15,50624.95,60,0,82485
BANKNIFTY-III.NFO,13/06/2024,09:32:43,50601.3,50626,15,50631.95,60,0,82485
BANKNIFTY-III.NFO,13/06/2024,09:32:45,50601.3,50626,15,50635.75,60,0,82485
BANKNIFTY-III.NFO,13/06/2024,09:32:46,50601.3,50626,15,50644.95,60,0,82485
BANKNIFTY-III.NFO,13/06/2024,09:32:48,50601.3,50626,15,50641.7,60,0,82485
BANKNIFTY-III.NFO,13/06/2024,09:32:50,50601.3,50626,15,50644.95,60,0,82485
BANKNIFTY-III.NFO,13/06/2024,09:32:56,50644.95,50619.55,15,50644.95,60,15,82485
BANKNIFTY-III.NFO,13/06/2024,09:32:58,50644.95,50620,15,50644.95,60,0,82485
BANKNIFTY-III.NFO,13/06/2024,09:32:59,50644.95,50622.45,15,50644.95,60,0,82485
BANKNIFTY-III.NFO,13/06/2024,09:33:01,50644.95,50620.2,15,50644.95,60,0,82485
BANKNIFTY-III.NFO,13/06/2024,09:33:03,50644.95,50625.35,15,50644.95,60,0,82485
BANKNIFTY-III.NFO,13/06/2024,09:33:04,50644.95,50625.25,15,50644.95,60,0,82485
BANKNIFTY-III.NFO,13/06/2024,09:33:06,50644.95,50625.8,15,50644.95,60,0,82485
BANKNIFTY-III.NFO,13/06/2024,09:33:07,50644.95,50627.75,15,50644.95,60,0,82485
BANKNIFTY-III.NFO,13/06/2024,09:33:09,50644.95,50624.55,15,50644.95,60,0,82485
BANKNIFTY-III.NFO,13/06/2024,09:33:10,50644.95,50625.4,15,50644.95,60,0,82485
BANKNIFTY-III.NFO,13/06/2024,09:33:12,50644.95,50613.25,15,50639.3,60,0,82485
BANKNIFTY-III.NFO,13/06/2024,09:33:14,50644.95,50616.1,15,50642.75,60,0,82485
BANKNIFTY-III.NFO,13/06/2024,09:33:15,50644.95,50615.55,15,50640.7,60,0,82485
BANKNIFTY-III.NFO,13/06/2024,09:33:17,50644.95,50615.2,15,50639.85,60,0,82485
BANKNIFTY-III.NFO,13/06/2024,09:33:18,50644.95,50616.9,15,50643.95,60,0,82485
BANKNIFTY-III.NFO,13/06/2024,09:33:20,50644.95,50618.9,15,50643.95,210,0,82485
BANKNIFTY-III.NFO,13/06/2024,09:33:21,50644.95,50618.2,15,50642.3,60,0,82485
BANKNIFTY-III.NFO,13/06/2024,09:33:23,50644.95,50618.5,15,50642.3,60,0,82485
BANKNIFTY-III.NFO,13/06/2024,09:33:24,50644.95,50616.85,15,50641.4,60,0,82485
BANKNIFTY-III.NFO,13/06/2024,09:33:26,50644.95,50614.35,15,50638.55,60,0,82485
BANKNIFTY-III.NFO,13/06/2024,09:33:27,50644.95,50610.6,15,50640.35,60,0,82485
BANKNIFTY-III.NFO,13/06/2024,09:33:29,50644.95,50611.55,15,50635.95,60,0,82485
BANKNIFTY-III.NFO,13/06/2024,09:33:30,50644.95,50609.85,15,50637,60,0,82485
BANKNIFTY-III.NFO,13/06/2024,09:33:32,50644.95,50611.2,15,50634.55,60,0,82485
BANKNIFTY-III.NFO,13/06/2024,09:33:33,50644.95,50607.4,15,50631.7,60,0,82485
BANKNIFTY-III.NFO,13/06/2024,09:33:35,50644.95,50611.4,15,50635.4,60,0,82485
BANKNIFTY-III.NFO,13/06/2024,09:33:37,50644.95,50610.35,15,50635.4,60,0,82485
BANKNIFTY-III.NFO,13/06/2024,09:33:38,50644.95,50609.8,15,50635.4,60,0,82485
BANKNIFTY-III.NFO,13/06/2024,09:33:40,50644.95,50606.25,15,50632.55,60,0,82485
BANKNIFTY-III.NFO,13/06/2024,09:33:41,50644.95,50601.45,15,50633.5,60,0,82485
BANKNIFTY-III.NFO,13/06/2024,09:33:43,50644.95,50601.35,15,50633.5,60,0,82485
BANKNIFTY-III.NFO,13/06/2024,09:33:44,50644.95,50603.45,15,50627.15,60,0,82485
BANKNIFTY-III.NFO,13/06/2024,09:33:46,50644.95,50604.7,15,50630.35,60,0,82485
BANKNIFTY-III.NFO,13/06/2024,09:33:47,50644.95,50603.7,15,50628.3,60,0,82485
BANKNIFTY-III.NFO,13/06/2024,09:33:49,50644.95,50602.95,15,50627.1,60,0,82485
BANKNIFTY-III.NFO,13/06/2024,09:33:50,50644.95,50601.35,15,50626.65,60,0,82485
BANKNIFTY-III.NFO,13/06/2024,09:33:52,50644.95,50601.35,15,50624.25,60,0,82485
BANKNIFTY-III.NFO,13/06/2024,09:33:53,50644.95,50601.35,15,50622.2,60,0,82485
BANKNIFTY-III.NFO,13/06/2024,09:33:55,50644.95,50590.15,15,50620.4,60,0,82485
BANKNIFTY-III.NFO,13/06/2024,09:33:56,50620.4,50590.55,30,50620.4,60,15,82680
BANKNIFTY-III.NFO,13/06/2024,09:33:58,50620.4,50593.5,30,50618.95,60,0,82680
BANKNIFTY-III.NFO,13/06/2024,09:33:59,50620.4,50593.7,30,50618.95,60,0,82680
BANKNIFTY-III.NFO,13/06/2024,09:34:01,50620.4,50595.6,30,50621.1,60,0,82680
BANKNIFTY-III.NFO,13/06/2024,09:34:02,50620.4,50595.7,30,50619.7,60,0,82680
BANKNIFTY-III.NFO,13/06/2024,09:34:04,50620.4,50595.8,30,50619.7,60,0,82680
BANKNIFTY-III.NFO,13/06/2024,09:34:05,50620.4,50595.9,30,50619.65,150,0,82680
BANKNIFTY-III.NFO,13/06/2024,09:34:07,50620.4,50596,30,50619.45,60,0,82680
BANKNIFTY-III.NFO,13/06/2024,09:34:08,50620.4,50596.1,30,50617.7,60,0,82680
BANKNIFTY-III.NFO,13/06/2024,09:34:09,50620.4,50596.2,30,50620.4,60,0,82680
BANKNIFTY-III.NFO,13/06/2024,09:34:11,50620.4,50596.3,30,50620.4,60,0,82680
BANKNIFTY-III.NFO,13/06/2024,09:34:12,50620.4,50600,15,50615.4,60,0,82680
BANKNIFTY-III.NFO,13/06/2024,09:34:14,50620.4,50600,15,50614.5,60,0,82680
BANKNIFTY-III.NFO,13/06/2024,09:34:16,50620.4,50600.05,30,50637.75,60,0,82680
BANKNIFTY-III.NFO,13/06/2024,09:34:18,50620.4,50602.6,30,50628.35,60,0,82680
BANKNIFTY-III.NFO,13/06/2024,09:34:19,50620.4,50602.9,30,50633.4,60,0,82680
BANKNIFTY-III.NFO,13/06/2024,09:34:21,50620.4,50609.25,30,50633.75,60,0,82680
BANKNIFTY-III.NFO,13/06/2024,09:34:23,50620.4,50609.35,30,50634.75,60,0,82680
BANKNIFTY-III.NFO,13/06/2024,09:34:24,50620.4,50609.45,30,50635.35,60,0,82680
BANKNIFTY-III.NFO,13/06/2024,09:34:26,50620.4,50609.55,30,50633.15,60,0,82680
BANKNIFTY-III.NFO,13/06/2024,09:34:28,50620.4,50609.75,30,50636.15,60,0,82680
BANKNIFTY-III.NFO,13/06/2024,09:34:29,50620.4,50612.3,30,50640.65,60,0,82680
BANKNIFTY-III.NFO,13/06/2024,09:34:31,50616.25,50615,15,50640.65,60,15,82680
BANKNIFTY-III.NFO,13/06/2024,09:34:33,50616.25,50618.6,15,50642,60,0,82680
BANKNIFTY-III.NFO,13/06/2024,09:34:34,50616.25,50618.7,15,50643.95,60,0,82680
BANKNIFTY-III.NFO,13/06/2024,09:34:36,50616.25,50618.8,15,50643.95,60,0,82680
BANKNIFTY-III.NFO,13/06/2024,09:34:38,50616.25,50620.8,15,50643.95,60,0,82680
BANKNIFTY-III.NFO,13/06/2024,09:34:39,50616.25,50620.9,15,50643.95,60,0,82680
BANKNIFTY-III.NFO,13/06/2024,09:34:41,50616.25,50616.05,15,50640.9,60,0,82680
BANKNIFTY-III.NFO,13/06/2024,09:34:42,50616.25,50616.15,15,50640.9,60,0,82680
BANKNIFTY-III.NFO,13/06/2024,09:34:44,50616.25,50616.25,15,50639.55,60,0,82680
BANKNIFTY-III.NFO,13/06/2024,09:34:46,50616.25,50614.05,15,50638.95,60,0,82680
BANKNIFTY-III.NFO,13/06/2024,09:34:47,50616.25,50609.8,15,50638.95,60,0,82680
BANKNIFTY-III.NFO,13/06/2024,09:34:49,50616.25,50610.6,15,50635.9,60,0,82680
BANKNIFTY-III.NFO,13/06/2024,09:34:51,50616.25,50611.2,15,50636.9,60,0,82680
BANKNIFTY-III.NFO,13/06/2024,09:34:52,50616.25,50611.3,15,50635.5,60,0,82680
BANKNIFTY-III.NFO,13/06/2024,09:34:54,50616.25,50608.3,15,50632.45,60,0,82680
BANKNIFTY-III.NFO,13/06/2024,09:34:55,50616.25,50608.4,15,50632.5,60,0,82680
BANKNIFTY-III.NFO,13/06/2024,09:34:57,50616.25,50601.15,15,50629,60,0,82680
BANKNIFTY-III.NFO,13/06/2024,09:34:59,50616.25,50603.15,15,50628.7,60,0,82680
BANKNIFTY-III.NFO,13/06/2024,09:35:00,50616.25,50603.25,15,50627.75,60,0,82680
BANKNIFTY-III.NFO,13/06/2024,09:35:02,50616.25,50603.35,15,50627.75,60,0,82680
BANKNIFTY-III.NFO,13/06/2024,09:35:04,50624.95,50603.45,45,50624.95,60,30,82680
BANKNIFTY-III.NFO,13/06/2024,09:35:05,50624.95,50616.25,30,50621.7,60,0,82680
BANKNIFTY-III.NFO,13/06/2024,09:35:07,50624.95,50616.25,30,50624.95,60,0,82680
BANKNIFTY-III.NFO,13/06/2024,09:35:09,50624.95,50616.25,30,50623.25,60,0,82680
BANKNIFTY-III.NFO,13/06/2024,09:35:10,50624.95,50616.25,30,50625.8,60,0,82680
BANKNIFTY-III.NFO,13/06/2024,09:35:14,50624.95,50616.25,30,50629.3,60,0,82680
BANKNIFTY-III.NFO,13/06/2024,09:35:17,50624.95,50616.3,45,50635.25,60,0,82680
BANKNIFTY-III.NFO,13/06/2024,09:35:18,50624.95,50616.25,30,50633.4,60,0,82680
BANKNIFTY-III.NFO,13/06/2024,09:35:20,50624.95,50616.25,30,50635.65,60,0,82680
BANKNIFTY-III.NFO,13/06/2024,09:35:22,50624.95,50616.25,30,50636.65,60,0,82680
BANKNIFTY-III.NFO,13/06/2024,09:35:23,50624.95,50616.25,30,50631.3,60,0,82680
BANKNIFTY-III.NFO,13/06/2024,09:35:25,50624.95,50616.25,30,50630.6,60,0,82680
BANKNIFTY-III.NFO,13/06/2024,09:35:27,50624.95,50616.25,30,50626.55,60,0,82680
BANKNIFTY-III.NFO,13/06/2024,09:35:28,50624.95,50616.25,30,50624.1,60,0,82680
BANKNIFTY-III.NFO,13/06/2024,09:35:30,50624.95,50616.25,30,50624.55,60,0,82680
BANKNIFTY-III.NFO,13/06/2024,09:35:32,50624.95,50616.25,30,50625.55,60,0,82680
BANKNIFTY-III.NFO,13/06/2024,09:35:33,50624.95,50616.25,30,50624.5,210,0,82680
BANKNIFTY-III.NFO,13/06/2024,09:35:35,50624.95,50616.25,30,50618.65,60,0,82680
BANKNIFTY-III.NFO,13/06/2024,09:35:37,50616.25,50600,15,50609,210,30,82680
BANKNIFTY-III.NFO,13/06/2024,09:35:38,50616.25,50600,15,50611.45,60,0,82680
BANKNIFTY-III.NFO,13/06/2024,09:35:40,50616.25,50600,15,50612.75,60,0,82680
BANKNIFTY-III.NFO,13/06/2024,09:35:42,50616.25,50600,15,50607.15,60,0,82680
BANKNIFTY-III.NFO,13/06/2024,09:35:43,50616.25,50600,15,50603.15,60,0,82680
BANKNIFTY-III.NFO,13/06/2024,09:35:45,50616.25,50600,15,50608.2,60,0,82680
BANKNIFTY-III.NFO,13/06/2024,09:35:47,50616.25,50600,15,50606.4,60,0,82680
BANKNIFTY-III.NFO,13/06/2024,09:35:50,50616.25,50600,15,50602.6,60,0,82680
BANKNIFTY-III.NFO,13/06/2024,09:35:52,50600,50590,15,50600,210,15,82680
BANKNIFTY-III.NFO,13/06/2024,09:35:53,50600,50590,15,50593.45,60,0,82680
BANKNIFTY-III.NFO,13/06/2024,09:35:55,50600,50590,15,50598.7,60,0,82680
BANKNIFTY-III.NFO,13/06/2024,09:35:58,50600,50590,15,50598.1,60,0,82680
BANKNIFTY-III.NFO,13/06/2024,09:36:00,50600,50590,15,50599.9,60,0,82680
BANKNIFTY-III.NFO,13/06/2024,09:36:01,50600,50590,15,50601.8,60,0,82680
BANKNIFTY-III.NFO,13/06/2024,09:36:03,50590,50570.9,45,50594.45,60,15,82680
BANKNIFTY-III.NFO,13/06/2024,09:36:05,50590,50575.8,45,50597.95,60,0,82680
BANKNIFTY-III.NFO,13/06/2024,09:36:06,50590,50575.9,45,50597.65,60,0,82680
BANKNIFTY-III.NFO,13/06/2024,09:36:08,50590,50576,45,50597.8,60,0,82680
BANKNIFTY-III.NFO,13/06/2024,09:36:10,50590,50576.1,45,50597.8,60,0,82680
BANKNIFTY-III.NFO,13/06/2024,09:36:11,50595.6,50576.2,60,50597.8,45,30,82680
BANKNIFTY-III.NFO,13/06/2024,09:36:13,50595.6,50576.3,60,50599.1,45,0,82680
BANKNIFTY-III.NFO,13/06/2024,09:36:15,50595.6,50576.4,60,50597.1,45,0,82680
BANKNIFTY-III.NFO,13/06/2024,09:36:16,50595.6,50576.5,60,50595.4,45,0,82680
BANKNIFTY-III.NFO,13/06/2024,09:36:18,50595.6,50576.6,60,50593.9,45,0,82680
BANKNIFTY-III.NFO,13/06/2024,09:36:20,50595.6,50576.7,60,50594.55,45,0,82680
BANKNIFTY-III.NFO,13/06/2024,09:36:21,50595.6,50576.75,75,50586.85,45,0,82680
BANKNIFTY-III.NFO,13/06/2024,09:36:23,50595.6,50570.55,60,50588.1,45,0,82680
BANKNIFTY-III.NFO,13/06/2024,09:36:25,50595.6,50570.65,60,50586.6,45,0,82680
BANKNIFTY-III.NFO,13/06/2024,09:36:26,50595.6,50570.95,60,50588.95,45,0,82680
BANKNIFTY-III.NFO,13/06/2024,09:36:28,50595.6,50571.15,60,50588.55,45,0,82680
BANKNIFTY-III.NFO,13/06/2024,09:36:30,50595.6,50571.25,60,50584.75,45,0,82680
BANKNIFTY-III.NFO,13/06/2024,09:36:31,50595.6,50571.45,60,50591.4,45,0,82680
BANKNIFTY-III.NFO,13/06/2024,09:36:33,50595.6,50571.55,60,50592.75,45,0,82680
BANKNIFTY-III.NFO,13/06/2024,09:36:35,50595.6,50570.65,60,50590.35,45,0,82680
BANKNIFTY-III.NFO,13/06/2024,09:36:36,50595.6,50570.45,60,50586.25,45,0,82680
BANKNIFTY-III.NFO,13/06/2024,09:36:38,50595.6,50570.45,60,50584.45,45,0,82680
BANKNIFTY-III.NFO,13/06/2024,09:36:40,50595.6,50570.55,60,50586,45,0,82680
BANKNIFTY-III.NFO,13/06/2024,09:36:41,50595.6,50570.6,75,50579.95,45,0,82680
BANKNIFTY-III.NFO,13/06/2024,09:36:43,50595.6,50570.4,15,50577.05,45,0,82680
BANKNIFTY-III.NFO,13/06/2024,09:36:45,50570,50550.75,60,50575.35,45,45,82650
BANKNIFTY-III.NFO,13/06/2024,09:36:47,50570,50553.25,60,50579.3,45,0,82650
BANKNIFTY-III.NFO,13/06/2024,09:36:48,50570,50553.35,60,50573.9,45,0,82650
BANKNIFTY-III.NFO,13/06/2024,09:36:50,50570,50550.15,60,50575.55,45,0,82650
BANKNIFTY-III.NFO,13/06/2024,09:36:52,50570,50553.7,60,50577.9,45,0,82650
BANKNIFTY-III.NFO,13/06/2024,09:36:53,50570,50555.95,60,50577.4,45,0,82650
BANKNIFTY-III.NFO,13/06/2024,09:36:55,50570,50556.05,60,50577.95,45,0,82650
BANKNIFTY-III.NFO,13/06/2024,09:36:56,50570,50556.15,60,50578.35,45,0,82650
BANKNIFTY-III.NFO,13/06/2024,09:36:58,50570,50556.35,60,50574.1,45,0,82650
BANKNIFTY-III.NFO,13/06/2024,09:37:00,50570,50550.15,60,50571.65,45,0,82650
BANKNIFTY-III.NFO,13/06/2024,09:37:01,50570,50550.25,60,50569.65,45,0,82650
BANKNIFTY-III.NFO,13/06/2024,09:37:03,50570,50550.35,60,50567.55,45,0,82650
BANKNIFTY-III.NFO,13/06/2024,09:37:04,50570,50550.45,60,50563.3,45,0,82650
BANKNIFTY-III.NFO,13/06/2024,09:37:06,50570,50550.55,60,50569.95,45,0,82650
BANKNIFTY-III.NFO,13/06/2024,09:37:08,50570,50550.65,60,50566.1,45,0,82650
BANKNIFTY-III.NFO,13/06/2024,09:37:09,50570,50550.05,60,50563.25,45,0,82650
BANKNIFTY-III.NFO,13/06/2024,09:37:11,50570,50550.05,60,50566.1,45,0,82650
BANKNIFTY-III.NFO,13/06/2024,09:37:13,50570,50550.15,60,50565.4,45,0,82650
BANKNIFTY-III.NFO,13/06/2024,09:37:14,50570,50550.25,60,50567.35,45,0,82650
BANKNIFTY-III.NFO,13/06/2024,09:37:15,50570,50552,60,50566.3,45,0,82650
BANKNIFTY-III.NFO,13/06/2024,09:37:17,50570,50552.1,60,50569.95,45,0,82650
BANKNIFTY-III.NFO,13/06/2024,09:37:18,50570,50552.3,60,50570,30,0,82650
BANKNIFTY-III.NFO,13/06/2024,09:37:20,50570,50553.45,60,50569.8,45,0,82650
BANKNIFTY-III.NFO,13/06/2024,09:37:22,50570,50560.05,60,50569.9,45,0,82650
BANKNIFTY-III.NFO,13/06/2024,09:37:23,50570,50560.15,60,50569.75,45,0,82650
BANKNIFTY-III.NFO,13/06/2024,09:37:25,50570,50560.25,60,50569.45,45,0,82650
BANKNIFTY-III.NFO,13/06/2024,09:37:27,50570,50560.35,60,50570,30,0,82650
BANKNIFTY-III.NFO,13/06/2024,09:37:28,50570,50560.45,60,50570,30,0,82650
BANKNIFTY-III.NFO,13/06/2024,09:37:30,50570,50560.55,60,50569.8,45,0,82650
BANKNIFTY-III.NFO,13/06/2024,09:37:32,50570,50560.65,60,50570,30,0,82650
BANKNIFTY-III.NFO,13/06/2024,09:37:33,50570,50560.85,60,50570,30,0,82650
BANKNIFTY-III.NFO,13/06/2024,09:37:35,50570,50568.15,60,50592.25,45,30,82650
BANKNIFTY-III.NFO,13/06/2024,09:37:36,50570,50568.25,60,50588.05,45,0,82650
BANKNIFTY-III.NFO,13/06/2024,09:37:38,50570,50568.35,60,50596.95,45,0,82650
BANKNIFTY-III.NFO,13/06/2024,09:37:40,50570,50568.45,60,50585.05,45,0,82650
BANKNIFTY-III.NFO,13/06/2024,09:37:41,50570,50568.55,60,50584.3,45,0,82650
BANKNIFTY-III.NFO,13/06/2024,09:37:43,50570,50568.65,60,50581.25,45,0,82650
BANKNIFTY-III.NFO,13/06/2024,09:37:45,50570,50568.75,60,50582.9,45,0,82650
BANKNIFTY-III.NFO,13/06/2024,09:37:46,50570,50568.8,75,50579.65,45,0,82650
BANKNIFTY-III.NFO,13/06/2024,09:37:48,50570,50568.8,75,50577.8,45,0,82650
BANKNIFTY-III.NFO,13/06/2024,09:37:50,50570,50560.55,60,50583.4,45,0,82650
BANKNIFTY-III.NFO,13/06/2024,09:37:51,50560.75,50560.75,60,50570,30,15,82650
BANKNIFTY-III.NFO,13/06/2024,09:37:53,50560.75,50561.65,60,50570,30,0,82650
BANKNIFTY-III.NFO,13/06/2024,09:37:54,50560.75,50561.95,60,50570,30,0,82650
BANKNIFTY-III.NFO,13/06/2024,09:37:56,50560.75,50562.05,60,50570,30,0,82650
BANKNIFTY-III.NFO,13/06/2024,09:37:58,50560.75,50562.15,60,50570,30,0,82650
BANKNIFTY-III.NFO,13/06/2024,09:37:59,50560.75,50562.25,60,50570,30,0,82650
BANKNIFTY-III.NFO,13/06/2024,09:38:01,50560.75,50562.35,60,50570,30,0,82650
BANKNIFTY-III.NFO,13/06/2024,09:38:03,50560.75,50562.65,60,50570,30,0,82650
BANKNIFTY-III.NFO,13/06/2024,09:38:04,50560.75,50563.3,60,50570,30,0,82650
BANKNIFTY-III.NFO,13/06/2024,09:38:06,50560.75,50566.5,60,50570,30,0,82650
BANKNIFTY-III.NFO,13/06/2024,09:38:07,50586.35,50567.75,60,50592.15,150,105,82650
BANKNIFTY-III.NFO,13/06/2024,09:38:09,50586.35,50570.35,60,50594.3,45,0,82650
BANKNIFTY-III.NFO,13/06/2024,09:38:11,50586.35,50570.45,60,50593.9,45,0,82650
BANKNIFTY-III.NFO,13/06/2024,09:38:12,50586.35,50570.55,60,50591.95,45,0,82650
BANKNIFTY-III.NFO,13/06/2024,09:38:14,50586.35,50570.65,60,50599.95,45,0,82650
BANKNIFTY-III.NFO,13/06/2024,09:38:16,50586.35,50570.75,60,50591.6,45,0,82650
BANKNIFTY-III.NFO,13/06/2024,09:38:17,50586.35,50570.85,60,50589.95,150,0,82650
BANKNIFTY-III.NFO,13/06/2024,09:38:19,50586.35,50570.95,60,50589.95,150,0,82650
BANKNIFTY-III.NFO,13/06/2024,09:38:21,50586.35,50571.05,60,50589.85,45,0,82650
BANKNIFTY-III.NFO,13/06/2024,09:38:22,50586.35,50560.15,60,50583.85,150,0,82650
BANKNIFTY-III.NFO,13/06/2024,09:38:24,50586.35,50560.2,75,50579.15,45,0,82650
BANKNIFTY-III.NFO,13/06/2024,09:38:26,50586.35,50560.2,75,50572.9,45,0,82650
BANKNIFTY-III.NFO,13/06/2024,09:38:27,50586.35,50560.2,75,50572.3,45,0,82650
BANKNIFTY-III.NFO,13/06/2024,09:38:29,50586.35,50560,120,50568.55,45,0,82650
BANKNIFTY-III.NFO,13/06/2024,09:38:30,50586.35,50560.05,60,50580.5,45,0,82650
BANKNIFTY-III.NFO,13/06/2024,09:38:32,50586.35,50560,120,50573.55,45,0,82650
BANKNIFTY-III.NFO,13/06/2024,09:38:34,50586.35,50560,120,50569.25,45,0,82650
BANKNIFTY-III.NFO,13/06/2024,09:38:37,50586.35,50560,120,50564.9,45,0,82650
BANKNIFTY-III.NFO,13/06/2024,09:38:39,50560,50552,30,50562.85,45,120,82650
BANKNIFTY-III.NFO,13/06/2024,09:38:40,50560,50552,30,50562.85,45,0,82650
BANKNIFTY-III.NFO,13/06/2024,09:38:42,50560,50552,30,50562.65,45,0,82650
BANKNIFTY-III.NFO,13/06/2024,09:38:44,50560,50552,30,50562,45,0,82650
BANKNIFTY-III.NFO,13/06/2024,09:38:47,50560,50552,30,50566.95,45,0,82650
BANKNIFTY-III.NFO,13/06/2024,09:38:48,50560,50552.05,60,50567.1,150,0,82650
BANKNIFTY-III.NFO,13/06/2024,09:38:50,50560,50552.05,75,50564.95,45,0,82650
BANKNIFTY-III.NFO,13/06/2024,09:38:52,50560,50552,30,50552.4,45,0,82650
BANKNIFTY-III.NFO,13/06/2024,09:38:53,50550,50534.55,60,50554.95,45,45,82650
BANKNIFTY-III.NFO,13/06/2024,09:38:55,50550,50536.05,60,50557.75,45,0,82650
BANKNIFTY-III.NFO,13/06/2024,09:38:57,50550,50537.2,60,50557.75,45,0,82650
BANKNIFTY-III.NFO,13/06/2024,09:38:58,50550,50542.35,60,50562.25,45,0,82650
BANKNIFTY-III.NFO,13/06/2024,09:39:00,50550,50542.75,60,50563.95,45,0,82650
BANKNIFTY-III.NFO,13/06/2024,09:39:01,50550,50545.05,60,50568.7,30,0,82650
BANKNIFTY-III.NFO,13/06/2024,09:39:03,50550,50546.2,60,50568.25,45,0,82650
BANKNIFTY-III.NFO,13/06/2024,09:39:05,50550,50547.85,60,50568.25,45,0,82650
BANKNIFTY-III.NFO,13/06/2024,09:39:06,50550,50551.4,60,50573.6,45,0,82650
BANKNIFTY-III.NFO,13/06/2024,09:39:08,50550,50551.7,60,50584.95,45,0,82650
BANKNIFTY-III.NFO,13/06/2024,09:39:09,50550,50553.35,60,50574.15,45,0,82650
BANKNIFTY-III.NFO,13/06/2024,09:39:11,50550,50553.55,60,50574.15,45,0,82650
BANKNIFTY-III.NFO,13/06/2024,09:39:13,50550,50553.95,60,50574.15,45,0,82650
BANKNIFTY-III.NFO,13/06/2024,09:39:14,50556.2,50556.15,60,50579.65,15,15,82650
BANKNIFTY-III.NFO,13/06/2024,09:39:16,50556.2,50559.35,60,50582.65,15,0,82650
BANKNIFTY-III.NFO,13/06/2024,09:39:18,50556.2,50559.45,60,50577.15,15,0,82650
BANKNIFTY-III.NFO,13/06/2024,09:39:19,50556.2,50559.95,60,50578.35,15,0,82650
BANKNIFTY-III.NFO,13/06/2024,09:39:21,50556.2,50560.15,60,50578.35,15,0,82650
BANKNIFTY-III.NFO,13/06/2024,09:39:23,50556.2,50560.25,60,50575.95,15,0,82650
BANKNIFTY-III.NFO,13/06/2024,09:39:24,50556.2,50560.35,60,50573,15,0,82650
BANKNIFTY-III.NFO,13/06/2024,09:39:26,50556.2,50560.4,75,50570.1,15,0,82650
BANKNIFTY-III.NFO,13/06/2024,09:39:28,50556.2,50552.35,60,50581.45,15,0,82650
BANKNIFTY-III.NFO,13/06/2024,09:39:29,50556.2,50552.45,60,50566,15,0,82650
BANKNIFTY-III.NFO,13/06/2024,09:39:31,50556.2,50552.5,75,50563.55,15,0,82650
BANKNIFTY-III.NFO,13/06/2024,09:39:33,50556.2,50552.5,75,50562.45,15,0,82650
BANKNIFTY-III.NFO,13/06/2024,09:39:34,50552.5,50550.25,60,50568.1,45,15,82545
BANKNIFTY-III.NFO,13/06/2024,09:39:36,50552.5,50550.35,60,50563.6,15,0,82545
BANKNIFTY-III.NFO,13/06/2024,09:39:37,50552.5,50550.45,60,50567,15,0,82545
BANKNIFTY-III.NFO,13/06/2024,09:39:39,50552.5,50550.5,60,50564.35,15,0,82545
BANKNIFTY-III.NFO,13/06/2024,09:39:41,50552.5,50550.55,60,50564.65,15,0,82545
BANKNIFTY-III.NFO,13/06/2024,09:39:42,50552.5,50550.6,60,50564.1,15,0,82545
BANKNIFTY-III.NFO,13/06/2024,09:39:44,50552.5,50550,15,50557.6,15,0,82545
BANKNIFTY-III.NFO,13/06/2024,09:39:45,50552.5,50550,15,50558.05,15,0,82545
BANKNIFTY-III.NFO,13/06/2024,09:39:47,50552.5,50550,15,50557.3,15,0,82545
BANKNIFTY-III.NFO,13/06/2024,09:39:49,50552.5,50550,15,50557,15,0,82545
BANKNIFTY-III.NFO,13/06/2024,09:39:50,50550,50540.05,60,50556.55,15,15,82545
BANKNIFTY-III.NFO,13/06/2024,09:39:52,50550,50540.1,60,50553.4,15,0,82545
BANKNIFTY-III.NFO,13/06/2024,09:39:54,50550,50540.45,60,50558.95,15,0,82545
BANKNIFTY-III.NFO,13/06/2024,09:39:55,50550,50540.85,60,50558.2,15,0,82545
BANKNIFTY-III.NFO,13/06/2024,09:39:57,50550,50541.15,60,50550,15,0,82545
BANKNIFTY-III.NFO,13/06/2024,09:39:59,50550,50543.95,60,50550,15,0,82545
BANKNIFTY-III.NFO,13/06/2024,09:40:00,50550,50535.75,60,50550,15,0,82545
BANKNIFTY-III.NFO,13/06/2024,09:40:02,50550,50535.85,60,50549.05,15,0,82545
BANKNIFTY-III.NFO,13/06/2024,09:40:04,50550,50536.35,60,50550,15,0,82545
BANKNIFTY-III.NFO,13/06/2024,09:40:05,50550,50536.45,60,50549.95,15,0,82545
BANKNIFTY-III.NFO,13/06/2024,09:40:07,50550,50536.55,60,50549.95,45,0,82545
BANKNIFTY-III.NFO,13/06/2024,09:40:08,50550,50536.65,60,50548.5,45,0,82545
BANKNIFTY-III.NFO,13/06/2024,09:40:10,50550,50536.75,60,50549.8,15,0,82545
BANKNIFTY-III.NFO,13/06/2024,09:40:12,50550,50530.75,60,50548.55,45,0,82545
BANKNIFTY-III.NFO,13/06/2024,09:40:13,50550,50540.4,60,50550,15,0,82545
BANKNIFTY-III.NFO,13/06/2024,09:40:15,50550,50541.3,60,50550,15,0,82545
BANKNIFTY-III.NFO,13/06/2024,09:40:16,50550,50543.85,60,50550,15,0,82545
BANKNIFTY-III.NFO,13/06/2024,09:40:18,50550,50548.6,60,50567.25,15,15,82545
BANKNIFTY-III.NFO,13/06/2024,09:40:20,50550,50548.7,60,50569.85,15,0,82545
BANKNIFTY-III.NFO,13/06/2024,09:40:21,50550,50534.65,60,50567.65,15,0,82545
BANKNIFTY-III.NFO,13/06/2024,09:40:23,50550,50537.8,60,50564,15,0,82545
BANKNIFTY-III.NFO,13/06/2024,09:40:25,50550,50538.1,60,50562.65,15,0,82545
BANKNIFTY-III.NFO,13/06/2024,09:40:26,50550,50538.4,60,50560.9,15,0,82545
BANKNIFTY-III.NFO,13/06/2024,09:40:28,50530.25,50532.4,60,50568.35,30,15,82545
BANKNIFTY-III.NFO,13/06/2024,09:40:28,50530.25,50532.4,60,50568.35,30,0,82545
BANKNIFTY-III.NFO,13/06/2024,09:40:29,50530.25,50532.8,60,50554.3,30,0,82545
BANKNIFTY-III.NFO,13/06/2024,09:40:31,50530.25,50533.35,60,50554.85,30,0,82545
BANKNIFTY-III.NFO,13/06/2024,09:40:33,50530.25,50534.1,60,50569.25,30,0,82545
BANKNIFTY-III.NFO,13/06/2024,09:40:34,50530.25,50534.4,60,50555.15,30,0,82545
BANKNIFTY-III.NFO,13/06/2024,09:40:36,50530.25,50535.3,60,50556.35,30,0,82545
BANKNIFTY-III.NFO,13/06/2024,09:40:38,50530.25,50535.6,60,50557.7,30,0,82545
BANKNIFTY-III.NFO,13/06/2024,09:40:39,50530.25,50535.7,60,50568.25,30,0,82545
BANKNIFTY-III.NFO,13/06/2024,09:40:41,50530.25,50536,60,50556.9,30,0,82545
BANKNIFTY-III.NFO,13/06/2024,09:40:42,50530.25,50543.25,60,50569.65,30,0,82545
BANKNIFTY-III.NFO,13/06/2024,09:40:44,50530.25,50543.65,60,50566.4,30,0,82545
BANKNIFTY-III.NFO,13/06/2024,09:40:46,50530.25,50544.7,60,50562.7,30,0,82545
BANKNIFTY-III.NFO,13/06/2024,09:40:47,50530.25,50545,60,50563.95,30,0,82545
BANKNIFTY-III.NFO,13/06/2024,09:40:49,50530.25,50545.1,60,50565.75,30,0,82545
BANKNIFTY-III.NFO,13/06/2024,09:40:50,50530.25,50545.2,60,50562.1,30,0,82545
BANKNIFTY-III.NFO,13/06/2024,09:40:52,50530.25,50545.3,60,50565.95,30,0,82545
BANKNIFTY-III.NFO,13/06/2024,09:40:54,50530.25,50545.4,60,50563.05,30,0,82545
BANKNIFTY-III.NFO,13/06/2024,09:40:55,50530.25,50545.5,60,50562.6,30,0,82545
BANKNIFTY-III.NFO,13/06/2024,09:40:57,50530.25,50545.6,60,50567.4,30,0,82545
BANKNIFTY-III.NFO,13/06/2024,09:40:58,50530.25,50545.7,60,50565.6,30,0,82545
BANKNIFTY-III.NFO,13/06/2024,09:41:00,50530.25,50538.1,60,50562.05,30,0,82545
BANKNIFTY-III.NFO,13/06/2024,09:41:02,50530.25,50535,15,50540.05,30,0,82545
BANKNIFTY-III.NFO,13/06/2024,09:41:03,50530.25,50535,15,50560.75,30,0,82545
BANKNIFTY-III.NFO,13/06/2024,09:41:05,50530.25,50535,15,50545.7,30,0,82545
BANKNIFTY-III.NFO,13/06/2024,09:41:06,50530.25,50535,15,50540.25,30,0,82545
BANKNIFTY-III.NFO,13/06/2024,09:41:08,50530.25,50535,15,50540.85,30,0,82545
BANKNIFTY-III.NFO,13/06/2024,09:41:10,50530.25,50535,15,50550.85,30,0,82545
BANKNIFTY-III.NFO,13/06/2024,09:41:11,50530.25,50535,15,50540.4,30,0,82545
BANKNIFTY-III.NFO,13/06/2024,09:41:13,50535,50530,45,50534.6,15,30,82545
BANKNIFTY-III.NFO,13/06/2024,09:41:15,50535,50530,45,50544.25,15,0,82545
BANKNIFTY-III.NFO,13/06/2024,09:41:16,50530,50526,15,50527.9,15,45,82545
BANKNIFTY-III.NFO,13/06/2024,09:41:16,50530,50526,15,50527.9,15,0,82545
BANKNIFTY-III.NFO,13/06/2024,09:41:18,50525,50504.45,60,50521.6,15,45,82545
BANKNIFTY-III.NFO,13/06/2024,09:41:18,50525,50504.45,60,50521.6,15,0,82545
BANKNIFTY-III.NFO,13/06/2024,09:41:19,50525,50504.55,60,50519.95,15,0,82545
BANKNIFTY-III.NFO,13/06/2024,09:41:21,50525,50502.05,60,50517.8,15,0,82545
BANKNIFTY-III.NFO,13/06/2024,09:41:23,50525,50502.15,60,50522.15,15,0,82545
BANKNIFTY-III.NFO,13/06/2024,09:41:24,50525,50502.25,60,50523.5,15,0,82545
BANKNIFTY-III.NFO,13/06/2024,09:41:26,50525,50502.6,60,50521.75,15,0,82545
BANKNIFTY-III.NFO,13/06/2024,09:41:28,50525,50503.05,60,50527.2,15,0,82545
BANKNIFTY-III.NFO,13/06/2024,09:41:29,50525,50506.1,60,50527.25,15,0,82545
BANKNIFTY-III.NFO,13/06/2024,09:41:31,50525,50508,60,50530.35,15,0,82545
BANKNIFTY-III.NFO,13/06/2024,09:41:33,50525,50508.1,60,50524.8,15,75,82545
BANKNIFTY-III.NFO,13/06/2024,09:41:34,50525,50502.15,60,50523.8,15,0,82545
BANKNIFTY-III.NFO,13/06/2024,09:41:36,50525,50502.25,60,50524.35,15,0,82545
BANKNIFTY-III.NFO,13/06/2024,09:41:37,50525,50502.35,60,50517.2,15,0,82545
BANKNIFTY-III.NFO,13/06/2024,09:41:39,50525,50502.4,60,50512.05,15,0,82545
BANKNIFTY-III.NFO,13/06/2024,09:41:41,50525,50502.45,60,50515.9,15,0,82545
BANKNIFTY-III.NFO,13/06/2024,09:41:42,50515.9,50502.55,60,50516.8,15,15,82545
BANKNIFTY-III.NFO,13/06/2024,09:41:42,50515.9,50502.55,60,50516.8,15,0,82545
BANKNIFTY-III.NFO,13/06/2024,09:41:44,50515.9,50502.65,60,50512.5,150,0,82545
BANKNIFTY-III.NFO,13/06/2024,09:41:46,50515.9,50502.75,60,50516.6,150,0,82545
BANKNIFTY-III.NFO,13/06/2024,09:41:47,50515.9,50502.95,60,50514.9,150,0,82545
BANKNIFTY-III.NFO,13/06/2024,09:41:49,50515.9,50503.05,60,50513,15,0,82545
BANKNIFTY-III.NFO,13/06/2024,09:41:51,50515.9,50503.15,60,50515.9,150,0,82545
BANKNIFTY-III.NFO,13/06/2024,09:41:52,50515.9,50503.2,60,50517.05,150,0,82545
BANKNIFTY-III.NFO,13/06/2024,09:41:54,50515.9,50503.35,60,50521.05,15,0,82545
BANKNIFTY-III.NFO,13/06/2024,09:41:55,50515.9,50503.45,60,50513.6,150,0,82545
BANKNIFTY-III.NFO,13/06/2024,09:41:57,50515.9,50503.55,60,50516.25,15,0,82545
BANKNIFTY-III.NFO,13/06/2024,09:41:59,50515.9,50503.65,60,50513.95,15,0,82545
BANKNIFTY-III.NFO,13/06/2024,09:42:00,50515.9,50503.75,60,50516.35,15,0,82545
BANKNIFTY-III.NFO,13/06/2024,09:42:02,50515.9,50502.15,60,50512.9,195,0,82545
BANKNIFTY-III.NFO,13/06/2024,09:42:04,50515.9,50502.45,60,50521.05,15,0,82545
BANKNIFTY-III.NFO,13/06/2024,09:42:05,50515.9,50502.85,60,50514.55,150,0,82545
BANKNIFTY-III.NFO,13/06/2024,09:42:07,50515.9,50502.95,60,50515.9,15,0,82545
BANKNIFTY-III.NFO,13/06/2024,09:42:09,50515.9,50503.05,60,50515.9,15,0,82545
BANKNIFTY-III.NFO,13/06/2024,09:42:10,50521.05,50514.5,60,50535,30,30,82545
BANKNIFTY-III.NFO,13/06/2024,09:42:12,50521.05,50514.9,60,50530.85,150,0,82545
BANKNIFTY-III.NFO,13/06/2024,09:42:14,50521.05,50515.2,60,50529.25,150,0,82545
BANKNIFTY-III.NFO,13/06/2024,09:42:16,50521.05,50515.3,60,50535,30,0,82545
BANKNIFTY-III.NFO,13/06/2024,09:42:17,50521.05,50515.4,60,50533.4,150,0,82545
BANKNIFTY-III.NFO,13/06/2024,09:42:19,50521.05,50515.5,60,50530.7,15,0,82545
BANKNIFTY-III.NFO,13/06/2024,09:42:21,50521.05,50521.1,60,50530.75,150,0,82545
BANKNIFTY-III.NFO,13/06/2024,09:42:22,50521.05,50521.1,60,50531.6,150,0,82545
BANKNIFTY-III.NFO,13/06/2024,09:42:24,50521.05,50521.1,60,50534.5,150,0,82545
BANKNIFTY-III.NFO,13/06/2024,09:42:25,50521.05,50521.2,60,50535,30,0,82545
BANKNIFTY-III.NFO,13/06/2024,09:42:27,50521.05,50521.3,60,50535,30,0,82545
BANKNIFTY-III.NFO,13/06/2024,09:42:29,50521.05,50521.4,60,50535,30,0,82545
BANKNIFTY-III.NFO,13/06/2024,09:42:30,50521.5,50523.25,60,50541.75,150,30,82530
BANKNIFTY-III.NFO,13/06/2024,09:42:32,50521.5,50528.1,60,50545,15,0,82530
BANKNIFTY-III.NFO,13/06/2024,09:42:33,50521.5,50528.3,60,50545,15,0,82530
BANKNIFTY-III.NFO,13/06/2024,09:42:35,50521.5,50528.5,60,50545,15,0,82530
BANKNIFTY-III.NFO,13/06/2024,09:42:37,50545,50528.8,60,50546.75,30,15,82530
BANKNIFTY-III.NFO,13/06/2024,09:42:38,50545,50529,60,50547,30,0,82530
BANKNIFTY-III.NFO,13/06/2024,09:42:40,50530,50529.1,60,50544.8,30,30,82530
BANKNIFTY-III.NFO,13/06/2024,09:42:42,50530,50529.2,60,50544.8,30,0,82530
BANKNIFTY-III.NFO,13/06/2024,09:42:43,50530,50529.3,60,50544.35,30,0,82530
BANKNIFTY-III.NFO,13/06/2024,09:42:45,50530,50530.15,60,50547.55,30,0,82530
BANKNIFTY-III.NFO,13/06/2024,09:42:46,50548.5,50532.55,60,50550,15,150,82530
BANKNIFTY-III.NFO,13/06/2024,09:42:48,50548.5,50532.95,60,50547.75,15,0,82530
BANKNIFTY-III.NFO,13/06/2024,09:42:50,50533.6,50535.35,60,50550,15,15,82530
BANKNIFTY-III.NFO,13/06/2024,09:42:51,50537.35,50537.45,60,50550,15,15,82530
BANKNIFTY-III.NFO,13/06/2024,09:42:53,50537.35,50542.1,60,50550,15,0,82530
BANKNIFTY-III.NFO,13/06/2024,09:42:55,50537.35,50544.6,60,50550,15,0,82530
BANKNIFTY-III.NFO,13/06/2024,09:42:56,50559.65,50550.55,60,50568.2,15,30,82530
BANKNIFTY-III.NFO,13/06/2024,09:42:58,50559.65,50550.5,15,50568.2,15,0,82530
BANKNIFTY-III.NFO,13/06/2024,09:43:01,50559.65,50550.55,60,50557.65,15,0,82530
BANKNIFTY-III.NFO,13/06/2024,09:43:03,50550.55,50550.55,45,50556.65,15,15,82530
BANKNIFTY-III.NFO,13/06/2024,09:43:04,50550.55,50550.55,45,50553.7,15,0,82530
BANKNIFTY-III.NFO,13/06/2024,09:43:06,50550.55,50550.55,45,50556.35,15,0,82530
BANKNIFTY-III.NFO,13/06/2024,09:43:07,50555.5,50550.55,45,50555.55,60,15,82530
BANKNIFTY-III.NFO,13/06/2024,09:43:09,50555.5,50550.55,45,50555.55,60,0,82530
BANKNIFTY-III.NFO,13/06/2024,09:43:11,50555.5,50550.55,45,50552.1,60,0,82530
BANKNIFTY-III.NFO,13/06/2024,09:43:12,50550.5,50537.55,60,50550.65,30,45,82530
BANKNIFTY-III.NFO,13/06/2024,09:43:14,50550.5,50543.45,60,50551.15,30,0,82530
BANKNIFTY-III.NFO,13/06/2024,09:43:15,50550.5,50527.85,60,50551,30,0,82530
BANKNIFTY-III.NFO,13/06/2024,09:43:17,50534.6,50528.05,60,50543.3,15,15,82530
BANKNIFTY-III.NFO,13/06/2024,09:43:18,50534.6,50528.35,60,50543.35,60,0,82530
BANKNIFTY-III.NFO,13/06/2024,09:43:20,50528.55,50528.65,60,50536.9,30,15,82530
BANKNIFTY-III.NFO,13/06/2024,09:43:22,50528.55,50528.85,60,50533.95,30,0,82530
BANKNIFTY-III.NFO,13/06/2024,09:43:23,50528.55,50528.9,15,50533.9,30,0,82530
BANKNIFTY-III.NFO,13/06/2024,09:43:25,50528.9,50521.2,60,50529.4,30,15,82530
BANKNIFTY-III.NFO,13/06/2024,09:43:27,50528.9,50521.2,60,50529.15,30,0,82530
BANKNIFTY-III.NFO,13/06/2024,09:43:28,50528.9,50521.3,60,50531.55,30,0,82530
BANKNIFTY-III.NFO,13/06/2024,09:43:30,50528.9,50521.5,60,50535.15,30,0,82530
BANKNIFTY-III.NFO,13/06/2024,09:43:32,50528.9,50521.2,60,50532.85,30,0,82530
BANKNIFTY-III.NFO,13/06/2024,09:43:33,50528.9,50521.2,60,50532.2,15,0,82530
BANKNIFTY-III.NFO,13/06/2024,09:43:35,50528.9,50521.2,60,50530.9,30,0,82530
BANKNIFTY-III.NFO,13/06/2024,09:43:36,50528.9,50521.1,60,50532.95,30,0,82530
BANKNIFTY-III.NFO,13/06/2024,09:43:38,50528.9,50521.1,60,50527.8,30,0,82530
BANKNIFTY-III.NFO,13/06/2024,09:43:39,50528.9,50521.05,15,50526,30,0,82530
BANKNIFTY-III.NFO,13/06/2024,09:43:41,50528.9,50521.1,60,50525.05,30,0,82530
BANKNIFTY-III.NFO,13/06/2024,09:43:43,50528.9,50521.1,60,50527.05,30,0,82530
BANKNIFTY-III.NFO,13/06/2024,09:43:44,50527.05,50521.1,60,50528.55,15,15,82530
BANKNIFTY-III.NFO,13/06/2024,09:43:46,50527.05,50521.1,60,50529.45,15,0,82530
BANKNIFTY-III.NFO,13/06/2024,09:43:47,50527.05,50521.1,60,50529,15,0,82530
BANKNIFTY-III.NFO,13/06/2024,09:43:49,50527.05,50521.1,60,50526.15,15,0,82530
BANKNIFTY-III.NFO,13/06/2024,09:43:51,50527.05,50521.1,60,50526.25,15,0,82530
BANKNIFTY-III.NFO,13/06/2024,09:43:52,50527.05,50521.1,60,50526.2,15,0,82530
BANKNIFTY-III.NFO,13/06/2024,09:43:54,50527.05,50521.1,60,50523.4,15,0,82530
BANKNIFTY-III.NFO,13/06/2024,09:43:55,50527.05,50521.1,60,50521.2,15,0,82530
BANKNIFTY-III.NFO,13/06/2024,09:43:57,50520.05,50520,15,50530.35,45,30,82530
BANKNIFTY-III.NFO,13/06/2024,09:43:59,50520.05,50520.05,60,50529.5,30,0,82530
BANKNIFTY-III.NFO,13/06/2024,09:44:00,50520.05,50520.05,60,50532.05,30,0,82530
BANKNIFTY-III.NFO,13/06/2024,09:44:02,50520.05,50520.05,60,50531.75,30,0,82530
BANKNIFTY-III.NFO,13/06/2024,09:44:04,50520.05,50520.05,60,50534.3,30,0,82530
BANKNIFTY-III.NFO,13/06/2024,09:44:05,50520.05,50520.05,150,50535.45,30,0,82530
BANKNIFTY-III.NFO,13/06/2024,09:44:07,50520.05,50520.05,165,50536.05,15,0,82530
BANKNIFTY-III.NFO,13/06/2024,09:44:09,50520.05,50520.05,165,50536,45,0,82530
BANKNIFTY-III.NFO,13/06/2024,09:44:10,50520.05,50520.05,165,50533.65,30,0,82530
BANKNIFTY-III.NFO,13/06/2024,09:44:12,50520.05,50520.05,165,50533.4,30,0,82530
BANKNIFTY-III.NFO,13/06/2024,09:44:13,50520.05,50520.1,60,50526.8,30,0,82530
BANKNIFTY-III.NFO,13/06/2024,09:44:15,50520.05,50520.05,105,50528.2,45,0,82530
BANKNIFTY-III.NFO,13/06/2024,09:44:17,50520.05,50520.05,60,50520.1,45,45,82530
BANKNIFTY-III.NFO,13/06/2024,09:44:19,50520.05,50520.05,60,50524.35,45,0,82530
BANKNIFTY-III.NFO,13/06/2024,09:44:20,50520.05,50520.05,60,50520.15,15,0,82530
BANKNIFTY-III.NFO,13/06/2024,09:44:22,50520.05,50520.05,45,50520.15,15,0,82530
BANKNIFTY-III.NFO,13/06/2024,09:44:24,50520.05,50520.05,45,50525.2,45,0,82530
BANKNIFTY-III.NFO,13/06/2024,09:44:25,50520.05,50520.05,45,50520.15,15,0,82530
BANKNIFTY-III.NFO,13/06/2024,09:44:27,50518.9,50518.9,60,50519,15,300,82530
BANKNIFTY-III.NFO,13/06/2024,09:44:28,50518.9,50518.9,60,50518.95,45,0,82530
BANKNIFTY-III.NFO,13/06/2024,09:44:32,50518.9,50518.9,60,50519,15,0,82530
BANKNIFTY-III.NFO,13/06/2024,09:44:33,50518.9,50518.9,60,50533.8,45,0,82530
BANKNIFTY-III.NFO,13/06/2024,09:44:35,50518.9,50518.9,60,50519,15,0,82530
BANKNIFTY-III.NFO,13/06/2024,09:44:37,50518.9,50518.95,60,50533.1,45,0,82530
BANKNIFTY-III.NFO,13/06/2024,09:44:38,50518.9,50518.95,60,50533.15,15,0,82530
BANKNIFTY-III.NFO,13/06/2024,09:44:40,50518.9,50518.95,60,50520,15,0,82530
BANKNIFTY-III.NFO,13/06/2024,09:44:57,50518.95,50518.95,120,50520,15,15,82530
BANKNIFTY-III.NFO,13/06/2024,09:44:59,50518.95,50518.95,120,50519,15,0,82530
BANKNIFTY-III.NFO,13/06/2024,09:45:08,50518.95,50518.95,105,50519,15,15,82530
BANKNIFTY-III.NFO,13/06/2024,09:45:10,50519,50520.3,105,50549.6,15,15,82530
BANKNIFTY-III.NFO,13/06/2024,09:45:11,50519,50518.95,105,50549.55,120,0,82530
BANKNIFTY-III.NFO,13/06/2024,09:45:13,50519,50518.95,105,50549.05,120,0,82530
BANKNIFTY-III.NFO,13/06/2024,09:45:15,50519,50518.95,105,50548.65,120,0,82530
BANKNIFTY-III.NFO,13/06/2024,09:45:16,50519,50518.95,105,50548.35,120,0,82530
BANKNIFTY-III.NFO,13/06/2024,09:45:18,50519,50518.95,105,50547.95,120,0,82530
BANKNIFTY-III.NFO,13/06/2024,09:45:19,50519,50518.95,105,50547.75,120,0,82530
BANKNIFTY-III.NFO,13/06/2024,09:45:21,50520.4,50530.05,90,50549.95,15,15,82530
BANKNIFTY-III.NFO,13/06/2024,09:45:22,50520.4,50528.45,90,50549.75,120,0,82530
BANKNIFTY-III.NFO,13/06/2024,09:45:24,50520.4,50528.45,90,50549.25,120,0,82530
BANKNIFTY-III.NFO,13/06/2024,09:45:26,50520.4,50526.8,90,50548.85,120,0,82530
BANKNIFTY-III.NFO,13/06/2024,09:45:27,50520.4,50524.9,90,50548.65,120,0,82530
BANKNIFTY-III.NFO,13/06/2024,09:45:29,50520.4,50518.95,90,50542.35,120,0,82530
BANKNIFTY-III.NFO,13/06/2024,09:45:31,50520.4,50518.95,90,50542.15,120,0,82530
BANKNIFTY-III.NFO,13/06/2024,09:45:32,50520.4,50518.95,90,50541.65,120,0,82530
BANKNIFTY-III.NFO,13/06/2024,09:45:34,50520.4,50518.9,75,50525.95,120,0,82530
BANKNIFTY-III.NFO,13/06/2024,09:45:36,50520.4,50518.9,75,50532.25,120,0,82530
BANKNIFTY-III.NFO,13/06/2024,09:45:37,50520.4,50518.9,75,50531.15,120,0,82530
BANKNIFTY-III.NFO,13/06/2024,09:45:39,50520.4,50518.9,75,50544.75,120,0,82530
BANKNIFTY-III.NFO,13/06/2024,09:45:41,50520.4,50518.9,75,50531.2,120,0,82530
BANKNIFTY-III.NFO,13/06/2024,09:45:42,50531,50518.9,75,50530.7,120,15,82410
BANKNIFTY-III.NFO,13/06/2024,09:45:44,50531,50518.9,75,50530.2,120,0,82410
BANKNIFTY-III.NFO,13/06/2024,09:45:46,50531,50518.9,75,50529.9,120,0,82410
BANKNIFTY-III.NFO,13/06/2024,09:45:47,50531,50518.9,75,50529.4,120,0,82410
BANKNIFTY-III.NFO,13/06/2024,09:45:49,50531,50518.95,105,50529.1,120,0,82410
BANKNIFTY-III.NFO,13/06/2024,09:45:51,50531,50518.95,105,50543.85,120,0,82410
BANKNIFTY-III.NFO,13/06/2024,09:45:52,50531,50518.95,105,50543.45,120,0,82410
BANKNIFTY-III.NFO,13/06/2024,09:45:54,50531,50518.95,105,50531,15,0,82410
BANKNIFTY-III.NFO,13/06/2024,09:45:57,50531,50518.95,105,50531,30,0,82410
BANKNIFTY-III.NFO,13/06/2024,09:46:00,50531,50524.3,105,50531,30,0,82410
BANKNIFTY-III.NFO,13/06/2024,09:46:02,50531,50527.75,105,50531,30,0,82410
BANKNIFTY-III.NFO,13/06/2024,09:46:04,50531,50529.35,105,50531,30,0,82410
BANKNIFTY-III.NFO,13/06/2024,09:46:05,50531,50530.7,105,50549.65,120,30,82410
BANKNIFTY-III.NFO,13/06/2024,09:46:07,50531,50531.5,105,50549.25,120,0,82410
BANKNIFTY-III.NFO,13/06/2024,09:46:09,50531,50531.4,105,50548.85,120,0,82410
BANKNIFTY-III.NFO,13/06/2024,09:46:10,50531,50522.1,105,50548.45,120,0,82410
BANKNIFTY-III.NFO,13/06/2024,09:46:12,50531,50522.2,105,50548.15,120,0,82410
BANKNIFTY-III.NFO,13/06/2024,09:46:13,50531,50518.2,105,50547.65,120,0,82410
BANKNIFTY-III.NFO,13/06/2024,09:46:15,50531,50519.95,105,50547.35,120,0,82410
BANKNIFTY-III.NFO,13/06/2024,09:46:17,50531,50521.8,105,50546.55,120,0,82410
BANKNIFTY-III.NFO,13/06/2024,09:46:18,50531,50519.95,105,50545.95,120,0,82410
BANKNIFTY-III.NFO,13/06/2024,09:46:20,50545.95,50519.95,120,50545.55,120,15,82410
BANKNIFTY-III.NFO,13/06/2024,09:46:21,50545.95,50519.95,120,50545.25,120,0,82410
BANKNIFTY-III.NFO,13/06/2024,09:46:23,50545.05,50519.95,120,50544.95,105,15,82410
BANKNIFTY-III.NFO,13/06/2024,09:46:25,50545.05,50519.9,15,50542.95,105,0,82410
BANKNIFTY-III.NFO,13/06/2024,09:46:26,50545.05,50519.9,15,50539.35,105,0,82410
BANKNIFTY-III.NFO,13/06/2024,09:46:28,50545.05,50519.9,15,50538.85,105,0,82410
BANKNIFTY-III.NFO,13/06/2024,09:46:30,50545.05,50519.9,15,50537.85,105,0,82410
BANKNIFTY-III.NFO,13/06/2024,09:46:31,50519.9,50515.05,120,50532.55,105,15,82410
BANKNIFTY-III.NFO,13/06/2024,09:46:33,50519.9,50515.05,120,50536.65,105,0,82410
BANKNIFTY-III.NFO,13/06/2024,09:46:35,50519.9,50515.05,120,50535.75,105,0,82410
BANKNIFTY-III.NFO,13/06/2024,09:46:36,50519.9,50515.05,120,50535.65,105,0,82410
BANKNIFTY-III.NFO,13/06/2024,09:46:38,50519.9,50515.05,120,50540.85,105,0,82410
BANKNIFTY-III.NFO,13/06/2024,09:46:39,50519.9,50515.05,120,50539.75,105,0,82410
BANKNIFTY-III.NFO,13/06/2024,09:46:41,50519.9,50515.05,120,50538.25,105,0,82410
BANKNIFTY-III.NFO,13/06/2024,09:46:43,50515.05,50515,30,50540.85,120,60,82410
BANKNIFTY-III.NFO,13/06/2024,09:46:43,50515.05,50515,30,50540.85,120,0,82410
BANKNIFTY-III.NFO,13/06/2024,09:46:44,50515.05,50515,30,50536.15,120,0,82410
BANKNIFTY-III.NFO,13/06/2024,09:46:46,50515.05,50515.05,75,50539.4,120,0,82410
BANKNIFTY-III.NFO,13/06/2024,09:46:48,50515.05,50515.05,75,50537,120,0,82410
BANKNIFTY-III.NFO,13/06/2024,09:46:49,50515.05,50515.05,75,50536,120,0,82410
BANKNIFTY-III.NFO,13/06/2024,09:46:51,50515.05,50515.05,75,50536.2,120,0,82410
BANKNIFTY-III.NFO,13/06/2024,09:46:52,50515.05,50515,30,50536.2,120,0,82410
BANKNIFTY-III.NFO,13/06/2024,09:46:54,50515.05,50515.05,75,50536,120,0,82410
BANKNIFTY-III.NFO,13/06/2024,09:46:55,50515.05,50515.05,75,50543.45,120,0,82410
BANKNIFTY-III.NFO,13/06/2024,09:46:57,50515.05,50515.05,75,50541.95,120,0,82410
BANKNIFTY-III.NFO,13/06/2024,09:46:59,50515.05,50515.05,75,50539.25,120,0,82410
BANKNIFTY-III.NFO,13/06/2024,09:47:00,50515.05,50515.05,75,50538.75,120,0,82410
BANKNIFTY-III.NFO,13/06/2024,09:47:02,50515.05,50515,30,50535.8,120,0,82410
BANKNIFTY-III.NFO,13/06/2024,09:47:03,50515.05,50515,30,50532.5,120,0,82410
BANKNIFTY-III.NFO,13/06/2024,09:47:05,50526.75,50500,195,50525.25,120,240,82410
BANKNIFTY-III.NFO,13/06/2024,09:47:05,50500,50500,195,50525.25,120,0,82410
BANKNIFTY-III.NFO,13/06/2024,09:47:07,50526.75,50500.05,15,50520.95,120,0,82410
BANKNIFTY-III.NFO,13/06/2024,09:47:08,50526.75,50500,195,50518.65,120,0,82410
BANKNIFTY-III.NFO,13/06/2024,09:47:10,50526.75,50500.05,15,50521.85,120,0,82410
BANKNIFTY-III.NFO,13/06/2024,09:47:12,50526.75,50500,180,50519.15,120,0,82410
BANKNIFTY-III.NFO,13/06/2024,09:47:13,50526.75,50500,180,50516.85,120,0,82410
BANKNIFTY-III.NFO,13/06/2024,09:47:15,50526.75,50500.05,15,50518.95,120,0,82410
BANKNIFTY-III.NFO,13/06/2024,09:47:16,50526.75,50500,180,50517.75,120,0,82410
BANKNIFTY-III.NFO,13/06/2024,09:47:18,50526.75,50500,180,50514.1,120,0,82410
BANKNIFTY-III.NFO,13/06/2024,09:47:20,50526.75,50500,180,50514.55,120,0,82410
BANKNIFTY-III.NFO,13/06/2024,09:47:21,50526.75,50500,180,50509.55,120,0,82410
BANKNIFTY-III.NFO,13/06/2024,09:47:23,50526.75,50500,180,50514.75,120,0,82410
BANKNIFTY-III.NFO,13/06/2024,09:47:25,50526.75,50500,180,50514.35,120,0,82410
BANKNIFTY-III.NFO,13/06/2024,09:47:26,50526.75,50500,180,50510.3,120,0,82410
BANKNIFTY-III.NFO,13/06/2024,09:47:28,50526.75,50500,180,50509.5,120,0,82410
BANKNIFTY-III.NFO,13/06/2024,09:47:30,50526.75,50500,180,50509.3,120,0,82410
BANKNIFTY-III.NFO,13/06/2024,09:47:31,50526.75,50500,180,50515.75,120,0,82410
BANKNIFTY-III.NFO,13/06/2024,09:47:33,50500,50486,15,50510.1,120,180,82410
BANKNIFTY-III.NFO,13/06/2024,09:47:35,50500,50486.05,15,50515.2,120,0,82410
BANKNIFTY-III.NFO,13/06/2024,09:47:36,50500,50486.05,15,50510.35,120,0,82410
BANKNIFTY-III.NFO,13/06/2024,09:47:38,50500,50486.05,15,50511.45,120,0,82410
BANKNIFTY-III.NFO,13/06/2024,09:47:40,50500,50486.05,15,50511.35,120,0,82410
BANKNIFTY-III.NFO,13/06/2024,09:47:41,50500,50486.05,15,50510.4,120,0,82410
BANKNIFTY-III.NFO,13/06/2024,09:47:43,50500,50486.05,15,50514.8,120,0,82410
BANKNIFTY-III.NFO,13/06/2024,09:47:45,50500,50486.05,15,50512.9,120,0,82410
BANKNIFTY-III.NFO,13/06/2024,09:47:46,50500,50486.05,15,50510.6,120,0,82410
BANKNIFTY-III.NFO,13/06/2024,09:47:48,50500,50486.05,15,50510.2,120,0,82410
BANKNIFTY-III.NFO,13/06/2024,09:47:50,50500,50486.05,15,50509.3,120,0,82410
BANKNIFTY-III.NFO,13/06/2024,09:47:51,50500,50486.05,15,50504.65,120,0,82410
BANKNIFTY-III.NFO,13/06/2024,09:47:53,50500,50486,15,50502.95,120,0,82410
BANKNIFTY-III.NFO,13/06/2024,09:47:55,50500,50486,15,50497.85,120,0,82410
BANKNIFTY-III.NFO,13/06/2024,09:47:56,50500,50486,15,50498.95,120,0,82410
BANKNIFTY-III.NFO,13/06/2024,09:47:58,50500,50486,15,50497.15,120,0,82410
BANKNIFTY-III.NFO,13/06/2024,09:48:00,50500,50486,15,50498.15,120,0,82410
BANKNIFTY-III.NFO,13/06/2024,09:48:01,50500,50486,15,50496.45,120,0,82410
BANKNIFTY-III.NFO,13/06/2024,09:48:03,50494.95,50486,15,50497.85,120,15,82410
BANKNIFTY-III.NFO,13/06/2024,09:48:03,50494.95,50486,15,50497.85,120,0,82410
BANKNIFTY-III.NFO,13/06/2024,09:48:04,50494.95,50486,15,50495.2,120,0,82410
BANKNIFTY-III.NFO,13/06/2024,09:48:06,50494.95,50486,15,50491.25,120,0,82410
BANKNIFTY-III.NFO,13/06/2024,09:48:07,50494.95,50486,15,50489.85,120,0,82410
BANKNIFTY-III.NFO,13/06/2024,09:48:09,50494.95,50486,15,50486.05,120,0,82410
BANKNIFTY-III.NFO,13/06/2024,09:48:12,50494.95,50486,15,50494.95,120,0,82410
BANKNIFTY-III.NFO,13/06/2024,09:48:13,50494.95,50486,15,50495.95,120,0,82410
BANKNIFTY-III.NFO,13/06/2024,09:48:15,50494.95,50486,15,50495.85,120,0,82410
BANKNIFTY-III.NFO,13/06/2024,09:48:17,50494.95,50486,15,50495.95,120,0,82410
BANKNIFTY-III.NFO,13/06/2024,09:48:20,50494.95,50486,15,50496.3,120,0,82410
BANKNIFTY-III.NFO,13/06/2024,09:48:21,50494.95,50486,15,50495.8,120,0,82410
BANKNIFTY-III.NFO,13/06/2024,09:48:23,50493,50486,15,50506,120,15,82290
BANKNIFTY-III.NFO,13/06/2024,09:48:23,50493,50486,15,50506,120,0,82290
BANKNIFTY-III.NFO,13/06/2024,09:48:24,50493,50486.05,30,50503.4,120,0,82290
BANKNIFTY-III.NFO,13/06/2024,09:48:26,50493,50486.05,30,50499.95,120,0,82290
BANKNIFTY-III.NFO,13/06/2024,09:48:34,50493,50491,15,50493,15,0,82290
BANKNIFTY-III.NFO,13/06/2024,09:48:40,50491,50485.05,30,50493,15,15,82290
BANKNIFTY-III.NFO,13/06/2024,09:48:40,50491,50485.05,30,50493,15,0,82290
BANKNIFTY-III.NFO,13/06/2024,09:48:42,50491,50485.05,30,50493,15,0,82290
BANKNIFTY-III.NFO,13/06/2024,09:48:49,50491,50485.05,30,50499.95,120,0,82290
BANKNIFTY-III.NFO,13/06/2024,09:48:51,50491,50485,30,50499.95,120,0,82290
BANKNIFTY-III.NFO,13/06/2024,09:48:53,50491,50485.05,30,50499.95,120,0,82290
BANKNIFTY-III.NFO,13/06/2024,09:48:54,50491,50485,30,50499.95,120,0,82290
BANKNIFTY-III.NFO,13/06/2024,09:48:56,50491,50485,30,50497.45,120,0,82290
BANKNIFTY-III.NFO,13/06/2024,09:48:57,50491,50485,30,50499.95,120,0,82290
BANKNIFTY-III.NFO,13/06/2024,09:48:59,50491,50485,30,50499.05,120,0,82290
BANKNIFTY-III.NFO,13/06/2024,09:49:01,50491,50485,30,50497.35,120,0,82290
BANKNIFTY-III.NFO,13/06/2024,09:49:02,50491,50485,30,50498.65,120,0,82290
BANKNIFTY-III.NFO,13/06/2024,09:49:04,50491,50485,30,50496.45,120,0,82290
BANKNIFTY-III.NFO,13/06/2024,09:49:05,50491,50485,30,50495.95,120,0,82290
BANKNIFTY-III.NFO,13/06/2024,09:49:07,50491,50485,30,50499.95,120,0,82290
BANKNIFTY-III.NFO,13/06/2024,09:49:10,50491,50485.05,30,50499.95,120,0,82290
BANKNIFTY-III.NFO,13/06/2024,09:49:18,50491,50491,15,50499.85,120,0,82290
BANKNIFTY-III.NFO,13/06/2024,09:49:19,50491,50491,15,50499.25,120,0,82290
BANKNIFTY-III.NFO,13/06/2024,09:49:23,50491,50485,45,50488.55,120,15,82290
BANKNIFTY-III.NFO,13/06/2024,09:49:24,50491,50485,45,50488.45,120,0,82290
BANKNIFTY-III.NFO,13/06/2024,09:49:26,50489.05,50485,30,50489.65,120,15,82290
BANKNIFTY-III.NFO,13/06/2024,09:49:26,50489.05,50485,30,50489.65,120,0,82290
BANKNIFTY-III.NFO,13/06/2024,09:49:27,50489.05,50485,30,50486.15,120,0,82290
BANKNIFTY-III.NFO,13/06/2024,09:49:29,50489.05,50485,30,50488.2,120,0,82290
BANKNIFTY-III.NFO,13/06/2024,09:49:31,50489.05,50485,30,50488.55,120,0,82290
BANKNIFTY-III.NFO,13/06/2024,09:49:32,50489.05,50485,30,50492.25,120,0,82290
BANKNIFTY-III.NFO,13/06/2024,09:49:34,50489.05,50485,30,50490.5,120,0,82290
BANKNIFTY-III.NFO,13/06/2024,09:49:35,50489.05,50485,30,50492.3,120,0,82290
BANKNIFTY-III.NFO,13/06/2024,09:49:37,50489.05,50485,30,50493.8,120,0,82290
BANKNIFTY-III.NFO,13/06/2024,09:49:39,50489.05,50485,30,50491.9,120,0,82290
BANKNIFTY-III.NFO,13/06/2024,09:49:40,50489.05,50485,30,50493.4,120,0,82290
BANKNIFTY-III.NFO,13/06/2024,09:49:42,50489.05,50485,30,50493.85,120,0,82290
BANKNIFTY-III.NFO,13/06/2024,09:49:44,50489.05,50485,30,50496.2,120,0,82290
BANKNIFTY-III.NFO,13/06/2024,09:49:45,50489.05,50485,30,50499.95,120,0,82290
BANKNIFTY-III.NFO,13/06/2024,09:49:47,50489.05,50485.05,45,50499.95,120,0,82290
BANKNIFTY-III.NFO,13/06/2024,09:49:50,50489.05,50485.05,45,50489,15,0,82290
BANKNIFTY-III.NFO,13/06/2024,09:49:55,50489.05,50485.3,45,50489,15,0,82290
BANKNIFTY-III.NFO,13/06/2024,09:49:56,50489.05,50486.6,45,50489,15,0,82290
BANKNIFTY-III.NFO,13/06/2024,09:49:58,50489,50485.05,45,50500,75,15,82290
BANKNIFTY-III.NFO,13/06/2024,09:49:58,50489,50485.05,45,50500,75,0,82290
BANKNIFTY-III.NFO,13/06/2024,09:49:59,50489,50485.05,45,50500,75,0,82290
BANKNIFTY-III.NFO,13/06/2024,09:50:11,50500,50486,45,50500,60,15,82290
BANKNIFTY-III.NFO,13/06/2024,09:50:12,50500,50488.45,45,50500,60,0,82290
BANKNIFTY-III.NFO,13/06/2024,09:50:14,50500,50490.15,45,50500,60,0,82290
BANKNIFTY-III.NFO,13/06/2024,09:50:17,50500,50490.55,45,50500,60,0,82290
BANKNIFTY-III.NFO,13/06/2024,09:50:18,50500,50491.6,45,50500,60,0,82290
BANKNIFTY-III.NFO,13/06/2024,09:50:20,50500,50497.65,45,50500,60,0,82290
BANKNIFTY-III.NFO,13/06/2024,09:50:22,50500,50501.55,45,50527.7,120,60,82290
BANKNIFTY-III.NFO,13/06/2024,09:50:23,50500,50501.65,45,50532.95,120,0,82290
BANKNIFTY-III.NFO,13/06/2024,09:50:25,50500,50502.35,45,50527.45,120,0,82290
BANKNIFTY-III.NFO,13/06/2024,09:50:27,50500,50500.15,45,50530.3,120,0,82290
BANKNIFTY-III.NFO,13/06/2024,09:50:28,50500,50506.1,45,50530.65,120,0,82290
BANKNIFTY-III.NFO,13/06/2024,09:50:30,50500,50502.55,45,50528.6,120,0,82290
BANKNIFTY-III.NFO,13/06/2024,09:50:32,50500,50498.95,45,50525.2,120,0,82290
BANKNIFTY-III.NFO,13/06/2024,09:50:33,50528.05,50500.05,60,50525.55,120,15,82290
BANKNIFTY-III.NFO,13/06/2024,09:50:35,50528.05,50500.05,60,50537.6,120,0,82290
BANKNIFTY-III.NFO,13/06/2024,09:50:37,50528.05,50500.05,60,50523.15,120,0,82290
BANKNIFTY-III.NFO,13/06/2024,09:50:38,50528.05,50500.05,60,50523.1,120,0,82290
BANKNIFTY-III.NFO,13/06/2024,09:50:40,50528.05,50500.05,60,50525.3,120,0,82290
BANKNIFTY-III.NFO,13/06/2024,09:50:41,50528.05,50500.05,60,50523.45,120,0,82290
BANKNIFTY-III.NFO,13/06/2024,09:50:43,50528.05,50500.05,60,50522.55,120,0,82290
BANKNIFTY-III.NFO,13/06/2024,09:50:45,50528.05,50500.05,60,50535.1,120,0,82290
BANKNIFTY-III.NFO,13/06/2024,09:50:46,50528.05,50500.05,60,50523.25,120,0,82290
BANKNIFTY-III.NFO,13/06/2024,09:50:48,50528.05,50500.05,60,50523.45,120,0,82290
BANKNIFTY-III.NFO,13/06/2024,09:50:49,50528.05,50500.05,60,50533.9,120,0,82290
BANKNIFTY-III.NFO,13/06/2024,09:50:51,50528.05,50500.05,60,50520.5,120,0,82290
BANKNIFTY-III.NFO,13/06/2024,09:50:52,50528.05,50500.05,60,50516.9,120,0,82290
BANKNIFTY-III.NFO,13/06/2024,09:50:54,50528.05,50500.05,60,50513.85,120,0,82290
BANKNIFTY-III.NFO,13/06/2024,09:50:56,50528.05,50500.05,60,50512.15,120,0,82290
BANKNIFTY-III.NFO,13/06/2024,09:50:57,50528.05,50500,15,50509.4,120,0,82290
BANKNIFTY-III.NFO,13/06/2024,09:50:59,50528.05,50500,15,50504.5,120,0,82290
BANKNIFTY-III.NFO,13/06/2024,09:51:01,50528.05,50500,15,50500.75,120,0,82290
BANKNIFTY-III.NFO,13/06/2024,09:51:02,50500,50485.05,60,50511.45,120,15,82290
BANKNIFTY-III.NFO,13/06/2024,09:51:04,50500,50485,15,50499.95,120,0,82290
BANKNIFTY-III.NFO,13/06/2024,09:51:06,50510,50485,15,50507.95,60,150,82290
BANKNIFTY-III.NFO,13/06/2024,09:51:07,50510,50485,15,50505.7,75,0,82290
BANKNIFTY-III.NFO,13/06/2024,09:51:09,50510,50485,15,50502.55,60,0,82290
BANKNIFTY-III.NFO,13/06/2024,09:51:11,50510,50485,15,50508.2,60,0,82290
