Ticker,Date,Time,LTP,BuyPrice,BuyQty,SellPrice,SellQty,LTQ,OpenInterest
BANKNIFTY-III.NFO,19/06/2024,09:15:04,50999,50950.05,60,50969.95,15,60,0
BANKNIFTY-III.NFO,19/06/2024,09:15:04,50999,50950.05,60,50969.95,15,0,0
BANKNIFTY-III.NFO,19/06/2024,09:15:04,50999,50950.05,60,50969.95,15,0,0
BANKNIFTY-III.NFO,19/06/2024,09:15:04,50999,50950.05,60,50969.95,15,0,0
BANKNIFTY-III.NFO,19/06/2024,09:15:05,50950,50939.05,60,50959.4,15,15,97380
BANKNIFTY-III.NFO,19/06/2024,09:15:05,50950,50939.05,60,50959.4,15,0,97380
BANKNIFTY-III.NFO,19/06/2024,09:15:06,50940.95,50940.95,60,50956.4,15,30,97380
BANKNIFTY-III.NFO,19/06/2024,09:15:06,50940.25,50940.95,60,50956.4,15,0,97380
BANKNIFTY-III.NFO,19/06/2024,09:15:08,50940.95,50939.8,60,50964.65,30,0,97380
BANKNIFTY-III.NFO,19/06/2024,09:15:09,50954.95,50940.5,60,50959.95,15,15,97380
BANKNIFTY-III.NFO,19/06/2024,09:15:11,50954.95,50939,15,50940.95,15,0,97380
BANKNIFTY-III.NFO,19/06/2024,09:15:12,50954.95,50939.05,60,50940,15,0,97380
BANKNIFTY-III.NFO,19/06/2024,09:15:13,50959.2,50939.05,60,50959.25,15,45,97380
BANKNIFTY-III.NFO,19/06/2024,09:15:13,50940,50939.05,60,50959.25,15,0,97380
BANKNIFTY-III.NFO,19/06/2024,09:15:15,50939.05,50940.85,60,50969.2,15,15,97380
BANKNIFTY-III.NFO,19/06/2024,09:15:15,50939.05,50940.85,60,50969.2,15,0,97380
BANKNIFTY-III.NFO,19/06/2024,09:15:16,50999.65,50943.05,60,50968.1,15,75,97380
BANKNIFTY-III.NFO,19/06/2024,09:15:16,50999.65,50943.05,60,50968.1,15,0,97380
BANKNIFTY-III.NFO,19/06/2024,09:15:18,50950,50945.15,60,50976.5,15,180,97380
BANKNIFTY-III.NFO,19/06/2024,09:15:18,51000,50945.15,60,50976.5,15,0,97380
BANKNIFTY-III.NFO,19/06/2024,09:15:19,50950,50949.3,60,50987.6,15,0,97380
BANKNIFTY-III.NFO,19/06/2024,09:15:21,50954.15,50957.2,60,50987.05,15,45,97455
BANKNIFTY-III.NFO,19/06/2024,09:15:22,50954.75,50956.05,60,50981.35,30,15,97455
BANKNIFTY-III.NFO,19/06/2024,09:15:24,50954.75,50957.45,60,50967.25,15,0,97455
BANKNIFTY-III.NFO,19/06/2024,09:15:26,50954.75,50950.05,60,50956.8,15,0,97455
BANKNIFTY-III.NFO,19/06/2024,09:15:27,50954.75,50950.05,60,50962.8,15,0,97455
BANKNIFTY-III.NFO,19/06/2024,09:15:29,50963.5,50950.25,60,50978.85,30,15,97455
BANKNIFTY-III.NFO,19/06/2024,09:15:31,50983.75,50951.15,135,50987,30,30,97455
BANKNIFTY-III.NFO,19/06/2024,09:15:32,50983.75,50954.15,60,50989,15,0,97455
BANKNIFTY-III.NFO,19/06/2024,09:15:34,50983.75,50963.65,60,50983.75,15,0,97455
BANKNIFTY-III.NFO,19/06/2024,09:15:35,50983.7,50963.85,60,50983.75,15,30,97455
BANKNIFTY-III.NFO,19/06/2024,09:15:37,50983.7,50967.4,60,50983.75,15,0,97455
BANKNIFTY-III.NFO,19/06/2024,09:15:39,50983.75,50968.9,60,50989,15,15,97455
BANKNIFTY-III.NFO,19/06/2024,09:15:40,50968.4,50983.8,45,50989,15,90,97455
BANKNIFTY-III.NFO,19/06/2024,09:15:42,50983.75,50983.75,60,50989,15,15,97455
BANKNIFTY-III.NFO,19/06/2024,09:15:44,50983.75,50983.75,60,50985.9,15,0,97455
BANKNIFTY-III.NFO,19/06/2024,09:15:45,50983.75,50983.75,45,50988.4,30,15,97455
BANKNIFTY-III.NFO,19/06/2024,09:15:47,50983.75,50983.75,15,50988.95,60,30,97455
BANKNIFTY-III.NFO,19/06/2024,09:15:49,50983.75,50983.75,30,50989,15,0,97455
BANKNIFTY-III.NFO,19/06/2024,09:15:50,50983.8,50983.8,45,50992.05,15,30,97455
BANKNIFTY-III.NFO,19/06/2024,09:15:52,50983.8,50983.75,30,50989,15,0,97455
BANKNIFTY-III.NFO,19/06/2024,09:15:54,50983.8,50983.75,30,50983.8,15,0,97455
BANKNIFTY-III.NFO,19/06/2024,09:15:55,50985,50985,60,50989.25,60,30,97455
BANKNIFTY-III.NFO,19/06/2024,09:15:57,50985,50985,60,50989.95,60,0,97455
BANKNIFTY-III.NFO,19/06/2024,09:15:58,50985,50985.05,30,50990,30,0,97455
BANKNIFTY-III.NFO,19/06/2024,09:16:03,50990,50985,45,50989.95,60,15,97455
BANKNIFTY-III.NFO,19/06/2024,09:16:05,50990,50985.05,30,50999.95,60,30,97455
BANKNIFTY-III.NFO,19/06/2024,09:16:07,50990,50985,90,50996.55,60,0,97455
BANKNIFTY-III.NFO,19/06/2024,09:16:08,51008.65,50985.1,60,50996,45,510,97455
BANKNIFTY-III.NFO,19/06/2024,09:16:08,51008.65,50985.1,60,50996,45,0,97455
BANKNIFTY-III.NFO,19/06/2024,09:16:10,51008.65,50985,90,50992.35,45,0,97455
BANKNIFTY-III.NFO,19/06/2024,09:16:11,51008.65,50985.05,60,50999.15,45,0,97455
BANKNIFTY-III.NFO,19/06/2024,09:16:13,51000.85,50985,90,50994.95,30,60,97455
BANKNIFTY-III.NFO,19/06/2024,09:16:15,50998.6,50985,75,50994.95,30,15,97455
BANKNIFTY-III.NFO,19/06/2024,09:16:16,50998.6,50985.05,75,51000,30,0,97455
BANKNIFTY-III.NFO,19/06/2024,09:16:18,50998.6,50985.1,60,51006.5,30,0,97455
BANKNIFTY-III.NFO,19/06/2024,09:16:19,50998.45,50985.1,60,50998.35,30,15,97455
BANKNIFTY-III.NFO,19/06/2024,09:16:21,50998.35,50985.1,60,50998.6,15,15,97455
BANKNIFTY-III.NFO,19/06/2024,09:16:23,50998.35,50985.1,60,50998.6,15,0,97455
BANKNIFTY-III.NFO,19/06/2024,09:16:24,50998.35,50985.05,75,50998.6,15,0,97455
BANKNIFTY-III.NFO,19/06/2024,09:16:26,50998.35,50998,15,50998.6,15,0,97455
BANKNIFTY-III.NFO,19/06/2024,09:16:28,50998.6,50998,30,51007.15,30,15,97455
BANKNIFTY-III.NFO,19/06/2024,09:16:29,50998.6,50998.35,15,51006.95,30,0,97455
BANKNIFTY-III.NFO,19/06/2024,09:16:31,50998.6,50998.35,15,50998.45,15,0,97455
BANKNIFTY-III.NFO,19/06/2024,09:16:36,50991.55,50985.05,75,50998.45,15,75,97455
BANKNIFTY-III.NFO,19/06/2024,09:16:37,50991.55,50985.05,75,50998.45,15,0,97455
BANKNIFTY-III.NFO,19/06/2024,09:16:39,50991.55,50985.05,75,50998,45,0,97455
BANKNIFTY-III.NFO,19/06/2024,09:16:42,50983.55,50985.15,15,50998,45,210,97455
BANKNIFTY-III.NFO,19/06/2024,09:16:44,50998,50991.6,30,50998,30,15,97455
BANKNIFTY-III.NFO,19/06/2024,09:16:46,50998,50991.6,30,50998,30,0,97455
BANKNIFTY-III.NFO,19/06/2024,09:16:49,50998,50991.6,30,50998,15,15,97455
BANKNIFTY-III.NFO,19/06/2024,09:16:51,50998,50991.6,30,50998,15,0,97455
BANKNIFTY-III.NFO,19/06/2024,09:16:52,50998.45,50991.6,30,51000,15,30,97455
BANKNIFTY-III.NFO,19/06/2024,09:16:54,51000,50993.85,15,51010.6,15,15,97455
BANKNIFTY-III.NFO,19/06/2024,09:16:55,51000,50993.85,15,51010.55,60,0,97455
BANKNIFTY-III.NFO,19/06/2024,09:16:57,51000,50993.85,15,51010.6,15,0,97455
BANKNIFTY-III.NFO,19/06/2024,09:16:59,51000,50994.05,15,51010.6,15,0,97455
BANKNIFTY-III.NFO,19/06/2024,09:17:02,51010.6,51015,30,51020,15,15,97455
BANKNIFTY-III.NFO,19/06/2024,09:17:02,51010.6,51015,30,51020,15,0,97455
BANKNIFTY-III.NFO,19/06/2024,09:17:04,51022.25,51015,15,51024,60,60,97455
BANKNIFTY-III.NFO,19/06/2024,09:17:04,51022.25,51015,15,51024,60,0,97455
BANKNIFTY-III.NFO,19/06/2024,09:17:05,51015,51000.05,15,51024,60,15,97455
BANKNIFTY-III.NFO,19/06/2024,09:17:07,51015,51001.8,15,51024.05,30,0,97455
BANKNIFTY-III.NFO,19/06/2024,09:17:08,51015,51001.8,15,51024,60,0,97455
BANKNIFTY-III.NFO,19/06/2024,09:17:12,51015,51001.9,15,51024,60,0,97455
BANKNIFTY-III.NFO,19/06/2024,09:17:13,51015,51015.05,15,51024.05,30,15,97455
BANKNIFTY-III.NFO,19/06/2024,09:17:15,51025,51015.05,15,51030,30,30,97455
BANKNIFTY-III.NFO,19/06/2024,09:17:15,51025,51015.05,15,51030,30,0,97455
BANKNIFTY-III.NFO,19/06/2024,09:17:17,51023.8,51015,45,51025,15,45,97455
BANKNIFTY-III.NFO,19/06/2024,09:17:17,51030,51015,45,51025,15,0,97455
BANKNIFTY-III.NFO,19/06/2024,09:17:18,51024.8,51015.05,15,51030,15,30,97455
BANKNIFTY-III.NFO,19/06/2024,09:17:20,51024.8,51015,45,51030,15,0,97455
BANKNIFTY-III.NFO,19/06/2024,09:17:21,51024.8,51015.65,90,51030,15,0,97455
BANKNIFTY-III.NFO,19/06/2024,09:17:23,51030,51024.8,30,51040,15,15,97455
BANKNIFTY-III.NFO,19/06/2024,09:17:25,51040,51018.6,60,51049.95,60,60,97455
BANKNIFTY-III.NFO,19/06/2024,09:17:25,51040,51018.6,60,51049.95,60,0,97455
BANKNIFTY-III.NFO,19/06/2024,09:17:26,51040,51024.8,15,51049.95,60,0,97455
BANKNIFTY-III.NFO,19/06/2024,09:17:31,51049.95,51031.45,15,51049.95,60,150,97455
BANKNIFTY-III.NFO,19/06/2024,09:17:31,51049.95,51031.45,15,51049.95,60,0,97455
BANKNIFTY-III.NFO,19/06/2024,09:17:33,51049.95,51033.5,15,51050,135,0,97455
BANKNIFTY-III.NFO,19/06/2024,09:17:34,51049.95,51037.75,30,51049.95,60,15,97455
BANKNIFTY-III.NFO,19/06/2024,09:17:36,51049.95,51037.65,30,51049.95,60,0,97455
BANKNIFTY-III.NFO,19/06/2024,09:17:38,51049.95,51033.4,30,51049.95,60,0,97455
BANKNIFTY-III.NFO,19/06/2024,09:17:41,51049.95,51049,135,51049.95,60,0,97455
BANKNIFTY-III.NFO,19/06/2024,09:17:43,51049.95,51049,135,51050,165,0,97455
BANKNIFTY-III.NFO,19/06/2024,09:17:47,51049,51049.05,60,51049.95,15,120,97455
BANKNIFTY-III.NFO,19/06/2024,09:17:49,51049.95,51049,15,51050,180,15,97455
BANKNIFTY-III.NFO,19/06/2024,09:17:51,51049.5,51049.05,45,51049.95,15,120,97455
BANKNIFTY-III.NFO,19/06/2024,09:17:51,51050,51049.05,45,51049.95,15,0,97455
BANKNIFTY-III.NFO,19/06/2024,09:17:53,51050,51049.05,15,51050,45,30,97455
BANKNIFTY-III.NFO,19/06/2024,09:17:54,51050,51051.2,30,51060,15,45,97455
BANKNIFTY-III.NFO,19/06/2024,09:17:56,51060,51056.05,30,51069.95,60,15,97455
BANKNIFTY-III.NFO,19/06/2024,09:17:56,51060,51056.05,30,51069.95,60,0,97455
BANKNIFTY-III.NFO,19/06/2024,09:17:57,51060.95,51059.6,15,51070,30,150,97455
BANKNIFTY-III.NFO,19/06/2024,09:17:57,51060.95,51059.6,15,51070,30,0,97455
BANKNIFTY-III.NFO,19/06/2024,09:17:59,51060.95,51059.7,15,51070,30,0,97455
BANKNIFTY-III.NFO,19/06/2024,09:18:01,51070,51060,15,51080,15,45,97455
BANKNIFTY-III.NFO,19/06/2024,09:18:01,51070,51060,15,51080,15,0,97455
BANKNIFTY-III.NFO,19/06/2024,09:18:02,51080,51068.5,15,51089.7,15,30,97455
BANKNIFTY-III.NFO,19/06/2024,09:18:02,51080,51068.5,15,51089.7,15,0,97455
BANKNIFTY-III.NFO,19/06/2024,09:18:04,51089.65,51068.5,15,51077.35,15,15,97455
BANKNIFTY-III.NFO,19/06/2024,09:18:04,51089.65,51068.5,15,51077.35,15,0,97455
BANKNIFTY-III.NFO,19/06/2024,09:18:06,51077.35,51068.5,15,51077.4,15,15,97455
BANKNIFTY-III.NFO,19/06/2024,09:18:07,51074.2,51074.2,15,51089.3,60,75,97455
BANKNIFTY-III.NFO,19/06/2024,09:18:09,51074.2,51089.65,30,51095,15,0,97455
BANKNIFTY-III.NFO,19/06/2024,09:18:10,51075.8,51083.5,30,51094.95,60,135,97455
BANKNIFTY-III.NFO,19/06/2024,09:18:12,51083.5,51078.3,15,51089,15,15,97455
BANKNIFTY-III.NFO,19/06/2024,09:18:13,51089,51077.35,15,51095,15,15,97455
BANKNIFTY-III.NFO,19/06/2024,09:18:15,51099,51085.1,15,51100,300,30,97455
BANKNIFTY-III.NFO,19/06/2024,09:18:15,51099,51085.1,15,51100,300,0,97455
BANKNIFTY-III.NFO,19/06/2024,09:18:16,51094.4,51093.85,30,51100,210,105,97455
BANKNIFTY-III.NFO,19/06/2024,09:18:16,51100,51093.85,30,51100,210,0,97455
BANKNIFTY-III.NFO,19/06/2024,09:18:18,51099,51090.45,45,51110.95,75,360,97455
BANKNIFTY-III.NFO,19/06/2024,09:18:18,51101.3,51090.45,45,51110.95,75,0,97455
BANKNIFTY-III.NFO,19/06/2024,09:18:20,51086.15,51080.35,30,51099.95,60,15,97455
BANKNIFTY-III.NFO,19/06/2024,09:18:21,51080.45,51078.35,105,51099.95,75,45,97980
BANKNIFTY-III.NFO,19/06/2024,09:18:23,51080.45,51078.35,15,51099.95,60,0,97980
BANKNIFTY-III.NFO,19/06/2024,09:18:25,51080.45,51078.45,15,51099.95,60,0,97980
BANKNIFTY-III.NFO,19/06/2024,09:18:26,51080,51077,15,51099.95,60,15,97980
BANKNIFTY-III.NFO,19/06/2024,09:18:28,51063.25,51067.85,15,51096.75,60,75,97980
BANKNIFTY-III.NFO,19/06/2024,09:18:30,51063.25,51070.25,15,51096.75,60,0,97980
BANKNIFTY-III.NFO,19/06/2024,09:18:31,51063.25,51070.4,15,51096.75,60,0,97980
BANKNIFTY-III.NFO,19/06/2024,09:18:33,51063.25,51073.15,15,51096.75,60,0,97980
BANKNIFTY-III.NFO,19/06/2024,09:18:35,51063.25,51073.35,15,51096.75,60,0,97980
BANKNIFTY-III.NFO,19/06/2024,09:18:36,51100,51078.2,15,51100,45,15,97980
BANKNIFTY-III.NFO,19/06/2024,09:18:38,51100,51078.35,15,51099.95,75,0,97980
BANKNIFTY-III.NFO,19/06/2024,09:18:40,51079.65,51079.65,60,51099.95,15,15,97980
BANKNIFTY-III.NFO,19/06/2024,09:18:41,51100,51087.55,15,51100,15,30,97980
BANKNIFTY-III.NFO,19/06/2024,09:18:43,51082.2,51083.3,30,51099.95,75,15,97980
BANKNIFTY-III.NFO,19/06/2024,09:18:44,51080.85,51080.05,30,51099.95,75,15,97980
BANKNIFTY-III.NFO,19/06/2024,09:18:46,51099.95,51078.8,15,51099.9,60,15,97980
BANKNIFTY-III.NFO,19/06/2024,09:18:48,51099.95,51088.25,15,51100,45,0,97980
BANKNIFTY-III.NFO,19/06/2024,09:18:49,51099.95,51090,15,51099.95,75,0,97980
BANKNIFTY-III.NFO,19/06/2024,09:18:51,51099.95,51090.35,15,51100,45,0,97980
BANKNIFTY-III.NFO,19/06/2024,09:18:53,51099.95,51090.05,15,51099,45,0,97980
BANKNIFTY-III.NFO,19/06/2024,09:18:54,51085.65,51085.1,15,51098.95,75,30,97980
BANKNIFTY-III.NFO,19/06/2024,09:18:56,51098.95,51080.05,15,51098.9,60,15,97980
BANKNIFTY-III.NFO,19/06/2024,09:18:58,51098.95,51081.2,15,51098.9,60,0,97980
BANKNIFTY-III.NFO,19/06/2024,09:18:59,51098.95,51080.05,15,51098.9,60,0,97980
BANKNIFTY-III.NFO,19/06/2024,09:19:01,51098.95,51080.05,15,51089.95,15,0,97980
BANKNIFTY-III.NFO,19/06/2024,09:19:03,51090,51080,45,51089.95,60,45,97980
BANKNIFTY-III.NFO,19/06/2024,09:19:04,51090,51080,45,51098.9,60,15,97980
BANKNIFTY-III.NFO,19/06/2024,09:19:06,51090,51080,45,51098.9,60,0,97980
BANKNIFTY-III.NFO,19/06/2024,09:19:09,51080,51080,30,51098.9,60,15,97980
BANKNIFTY-III.NFO,19/06/2024,09:19:11,51080,51067.75,15,51096.95,60,30,97980
BANKNIFTY-III.NFO,19/06/2024,09:19:12,51067.95,51059.9,15,51095.6,60,15,97980
BANKNIFTY-III.NFO,19/06/2024,09:19:14,51067.95,51065.65,15,51098.6,60,0,97980
BANKNIFTY-III.NFO,19/06/2024,09:19:16,51056.35,51062.9,15,51095.85,60,15,97980
BANKNIFTY-III.NFO,19/06/2024,09:19:17,51056.35,51064.35,15,51080,30,0,97980
BANKNIFTY-III.NFO,19/06/2024,09:19:19,51065.8,51066.4,15,51079.95,15,30,97980
BANKNIFTY-III.NFO,19/06/2024,09:19:20,51065.8,51067.5,15,51080,30,0,97980
BANKNIFTY-III.NFO,19/06/2024,09:19:22,51068.5,51070.25,30,51080,30,15,97980
BANKNIFTY-III.NFO,19/06/2024,09:19:24,51089.9,51071.05,45,51090,15,75,97980
BANKNIFTY-III.NFO,19/06/2024,09:19:25,51089.9,51075.4,45,51089.95,75,0,97980
BANKNIFTY-III.NFO,19/06/2024,09:19:27,51089.9,51077.05,45,51090,30,0,97980
BANKNIFTY-III.NFO,19/06/2024,09:19:28,51089.9,51071.35,60,51089.95,75,0,97980
BANKNIFTY-III.NFO,19/06/2024,09:19:30,51085,51076.6,30,51090,15,45,97980
BANKNIFTY-III.NFO,19/06/2024,09:19:32,51090,51082.3,45,51097.95,60,15,97980
BANKNIFTY-III.NFO,19/06/2024,09:19:33,51090,51087.25,30,51098,45,0,97980
BANKNIFTY-III.NFO,19/06/2024,09:19:35,51090,51080.05,30,51097.95,75,0,97980
BANKNIFTY-III.NFO,19/06/2024,09:19:36,51090,51080.65,30,51097.95,60,0,97980
BANKNIFTY-III.NFO,19/06/2024,09:19:38,51082.6,51083.65,15,51097.95,60,15,97980
BANKNIFTY-III.NFO,19/06/2024,09:19:40,51082.6,51080.15,15,51097.95,75,0,97980
BANKNIFTY-III.NFO,19/06/2024,09:19:43,51082.6,51082.45,15,51097.95,75,0,97980
BANKNIFTY-III.NFO,19/06/2024,09:19:44,51082.95,51080.05,15,51097.95,75,45,97980
BANKNIFTY-III.NFO,19/06/2024,09:19:46,51082.95,51082.45,30,51097.95,75,0,97980
BANKNIFTY-III.NFO,19/06/2024,09:19:47,51082.95,51084.6,30,51097.95,75,0,97980
BANKNIFTY-III.NFO,19/06/2024,09:19:49,51082.95,51088.55,30,51097.95,15,0,97980
BANKNIFTY-III.NFO,19/06/2024,09:19:51,51082.95,51086.6,15,51097.95,15,0,97980
BANKNIFTY-III.NFO,19/06/2024,09:19:52,51082.95,51088.1,30,51097.95,15,0,97980
BANKNIFTY-III.NFO,19/06/2024,09:19:54,51097.95,51088.15,15,51097.95,75,30,97980
BANKNIFTY-III.NFO,19/06/2024,09:19:55,51085,51084.05,15,51097.95,75,15,97980
BANKNIFTY-III.NFO,19/06/2024,09:19:57,51088,51085.4,15,51097.95,75,15,97980
BANKNIFTY-III.NFO,19/06/2024,09:19:59,51098,51093.2,15,51098,15,30,97980
BANKNIFTY-III.NFO,19/06/2024,09:20:00,51098,51087.75,15,51098,15,0,97980
BANKNIFTY-III.NFO,19/06/2024,09:20:02,51098,51089.15,15,51100,165,15,97980
BANKNIFTY-III.NFO,19/06/2024,09:20:03,51100,51093.05,30,51110.95,75,165,97980
BANKNIFTY-III.NFO,19/06/2024,09:20:05,51100,51089.75,15,51110.95,75,0,97980
BANKNIFTY-III.NFO,19/06/2024,09:20:07,51100,51087.35,15,51110.95,75,0,97980
BANKNIFTY-III.NFO,19/06/2024,09:20:08,51100,51098,15,51110.95,75,0,97980
BANKNIFTY-III.NFO,19/06/2024,09:20:10,51098,51086.1,15,51110.95,75,15,97980
BANKNIFTY-III.NFO,19/06/2024,09:20:11,51098,51087.5,15,51098,15,0,97980
BANKNIFTY-III.NFO,19/06/2024,09:20:13,51098,51091.4,15,51098,30,0,97980
BANKNIFTY-III.NFO,19/06/2024,09:20:15,51098,51100,45,51110.95,60,45,97980
BANKNIFTY-III.NFO,19/06/2024,09:20:16,51100,51100.05,45,51110.95,75,15,97980
BANKNIFTY-III.NFO,19/06/2024,09:20:18,51100,51100.55,15,51110.95,60,0,97980
BANKNIFTY-III.NFO,19/06/2024,09:20:19,51100,51100.65,15,51110.95,60,0,97980
BANKNIFTY-III.NFO,19/06/2024,09:20:21,51110.95,51100.95,30,51110.95,60,15,97980
BANKNIFTY-III.NFO,19/06/2024,09:20:21,51110.95,51100.95,30,51110.95,60,0,97980
BANKNIFTY-III.NFO,19/06/2024,09:20:23,51110.95,51101.05,30,51110.95,60,0,97980
BANKNIFTY-III.NFO,19/06/2024,09:20:24,51110.95,51101.15,30,51110.95,60,0,97980
BANKNIFTY-III.NFO,19/06/2024,09:20:26,51110.95,51101.45,30,51111,15,0,97980
BANKNIFTY-III.NFO,19/06/2024,09:20:28,51110.95,51101.7,45,51110.95,60,0,97980
BANKNIFTY-III.NFO,19/06/2024,09:20:29,51110.95,51102.35,30,51111,15,0,97980
BANKNIFTY-III.NFO,19/06/2024,09:20:31,51102.45,51102.55,15,51111,15,15,97980
BANKNIFTY-III.NFO,19/06/2024,09:20:33,51102.55,51102.75,15,51111,15,15,97980
BANKNIFTY-III.NFO,19/06/2024,09:20:34,51102.55,51110,15,51111,15,0,97980
BANKNIFTY-III.NFO,19/06/2024,09:20:36,51102.55,51110.05,15,51111,15,0,97980
BANKNIFTY-III.NFO,19/06/2024,09:20:37,51102.55,51110,15,51111,15,0,97980
BANKNIFTY-III.NFO,19/06/2024,09:20:39,51110,51102.75,45,51110.95,75,15,97980
BANKNIFTY-III.NFO,19/06/2024,09:20:41,51110,51100.1,15,51110.95,75,0,97980
BANKNIFTY-III.NFO,19/06/2024,09:20:42,51110,51100,30,51110.95,75,0,97980
BANKNIFTY-III.NFO,19/06/2024,09:20:44,51100,51092.8,30,51110.95,75,150,97980
BANKNIFTY-III.NFO,19/06/2024,09:20:46,51100,51091.65,30,51110.95,75,0,97980
BANKNIFTY-III.NFO,19/06/2024,09:20:47,51100,51092.05,15,51110.95,75,0,97980
BANKNIFTY-III.NFO,19/06/2024,09:20:49,51100,51092.15,15,51108.1,60,0,97980
BANKNIFTY-III.NFO,19/06/2024,09:20:50,51100,51093,15,51108.1,60,0,97980
BANKNIFTY-III.NFO,19/06/2024,09:20:52,51100,51093,15,51108.1,210,0,97980
BANKNIFTY-III.NFO,19/06/2024,09:20:54,51100,51085.25,45,51106.9,60,0,97980
BANKNIFTY-III.NFO,19/06/2024,09:20:55,51085.15,51085.15,60,51101.7,60,30,97980
BANKNIFTY-III.NFO,19/06/2024,09:20:57,51085.15,51085.15,60,51101.7,60,0,97980
BANKNIFTY-III.NFO,19/06/2024,09:20:59,51082.95,51077.6,30,51097,60,15,97980
BANKNIFTY-III.NFO,19/06/2024,09:21:00,51085.15,51078.25,30,51097,60,15,97980
BANKNIFTY-III.NFO,19/06/2024,09:21:02,51085.15,51079.25,30,51097,60,0,97980
BANKNIFTY-III.NFO,19/06/2024,09:21:03,51085.15,51081.75,30,51100.95,60,15,97980
BANKNIFTY-III.NFO,19/06/2024,09:21:05,51098.7,51081.55,15,51098.7,60,15,97980
BANKNIFTY-III.NFO,19/06/2024,09:21:07,51098.7,51078.95,15,51096.2,60,0,97980
BANKNIFTY-III.NFO,19/06/2024,09:21:08,51098.7,51078.25,15,51094.55,60,0,97980
BANKNIFTY-III.NFO,19/06/2024,09:21:10,51094.55,51075.3,60,51091,60,45,97980
BANKNIFTY-III.NFO,19/06/2024,09:21:12,51094.55,51076.8,60,51094.55,60,0,97980
BANKNIFTY-III.NFO,19/06/2024,09:21:13,51076.8,51075.25,45,51093.95,60,15,97980
BANKNIFTY-III.NFO,19/06/2024,09:21:15,51076.8,51072.7,45,51093.95,60,0,97980
BANKNIFTY-III.NFO,19/06/2024,09:21:17,51076.8,51073.05,45,51091.8,60,0,97980
BANKNIFTY-III.NFO,19/06/2024,09:21:18,51076.8,51073,45,51086.95,60,45,97980
BANKNIFTY-III.NFO,19/06/2024,09:21:20,51076.8,51080,15,51086.95,60,0,97980
BANKNIFTY-III.NFO,19/06/2024,09:21:22,51069.55,51055.65,30,51085.55,60,30,97980
BANKNIFTY-III.NFO,19/06/2024,09:21:23,51076.8,51065.45,30,51083.6,60,15,98415
BANKNIFTY-III.NFO,19/06/2024,09:21:25,51076.8,51068.3,30,51085.55,60,0,98415
BANKNIFTY-III.NFO,19/06/2024,09:21:27,51076.8,51077.2,30,51091.8,60,0,98415
BANKNIFTY-III.NFO,19/06/2024,09:21:28,51076.8,51077.5,30,51093.1,60,0,98415
BANKNIFTY-III.NFO,19/06/2024,09:21:30,51076.8,51079.5,30,51093.8,60,0,98415
BANKNIFTY-III.NFO,19/06/2024,09:21:32,51076.8,51085.15,30,51094.55,15,0,98415
BANKNIFTY-III.NFO,19/06/2024,09:21:33,51076.8,51082.8,30,51094.5,15,0,98415
BANKNIFTY-III.NFO,19/06/2024,09:21:35,51076.8,51085.65,30,51094.55,15,0,98415
BANKNIFTY-III.NFO,19/06/2024,09:21:37,51098.7,51094.35,30,51099.95,15,30,98415
BANKNIFTY-III.NFO,19/06/2024,09:21:38,51100,51101.6,30,51114.95,75,30,98415
BANKNIFTY-III.NFO,19/06/2024,09:21:40,51115,51111.35,30,51119,30,105,98415
BANKNIFTY-III.NFO,19/06/2024,09:21:40,51115,51111.35,30,51119,30,0,98415
BANKNIFTY-III.NFO,19/06/2024,09:21:42,51130,51112.2,30,51138.95,60,105,98415
BANKNIFTY-III.NFO,19/06/2024,09:21:42,51130,51112.2,30,51138.95,60,0,98415
BANKNIFTY-III.NFO,19/06/2024,09:21:43,51160,51143.95,60,51169.95,30,420,98415
BANKNIFTY-III.NFO,19/06/2024,09:21:43,51160,51143.95,60,51169.95,30,0,98415
BANKNIFTY-III.NFO,19/06/2024,09:21:45,51160,51145.65,60,51167.45,30,0,98415
BANKNIFTY-III.NFO,19/06/2024,09:21:47,51147.05,51147.45,60,51169.95,45,15,98415
BANKNIFTY-III.NFO,19/06/2024,09:21:48,51150,51159.25,60,51170,15,45,98415
BANKNIFTY-III.NFO,19/06/2024,09:21:50,51150,51152.8,75,51169.95,60,0,98415
BANKNIFTY-III.NFO,19/06/2024,09:21:52,51150.7,51148.85,120,51169.95,135,30,98415
BANKNIFTY-III.NFO,19/06/2024,09:21:53,51170,51154.4,105,51175,75,15,98415
BANKNIFTY-III.NFO,19/06/2024,09:21:53,51170,51154.4,105,51175,75,0,98415
BANKNIFTY-III.NFO,19/06/2024,09:21:55,51182.05,51176.1,105,51186,15,285,98415
BANKNIFTY-III.NFO,19/06/2024,09:21:55,51182.05,51176.1,105,51186,15,0,98415
BANKNIFTY-III.NFO,19/06/2024,09:21:57,51195,51186,105,51199.95,120,135,98415
BANKNIFTY-III.NFO,19/06/2024,09:21:57,51195,51186,105,51199.95,120,0,98415
BANKNIFTY-III.NFO,19/06/2024,09:21:58,51179.1,51179.1,60,51199.95,135,60,98415
BANKNIFTY-III.NFO,19/06/2024,09:22:00,51179.1,51181.55,45,51194.95,135,0,98415
BANKNIFTY-III.NFO,19/06/2024,09:22:02,51200,51183.85,15,51200,135,180,98415
BANKNIFTY-III.NFO,19/06/2024,09:22:02,51200,51183.85,15,51200,135,0,98415
BANKNIFTY-III.NFO,19/06/2024,09:22:03,51208,51200.55,15,51214.95,120,180,98415
BANKNIFTY-III.NFO,19/06/2024,09:22:03,51208,51200.55,15,51214.95,120,0,98415
BANKNIFTY-III.NFO,19/06/2024,09:22:05,51200.95,51194.4,15,51214.95,120,15,98415
BANKNIFTY-III.NFO,19/06/2024,09:22:07,51215,51205.65,45,51240.45,120,15,98415
BANKNIFTY-III.NFO,19/06/2024,09:22:07,51215,51205.65,45,51240.45,120,0,98415
BANKNIFTY-III.NFO,19/06/2024,09:22:08,51215,51222.2,15,51242.45,120,15,98415
BANKNIFTY-III.NFO,19/06/2024,09:22:10,51215,51206,15,51242.45,120,0,98415
BANKNIFTY-III.NFO,19/06/2024,09:22:11,51215,51207.75,150,51241.2,120,0,98415
BANKNIFTY-III.NFO,19/06/2024,09:22:13,51245.5,51202.1,120,51245.65,120,255,98415
BANKNIFTY-III.NFO,19/06/2024,09:22:13,51245.5,51202.1,120,51245.65,120,0,98415
BANKNIFTY-III.NFO,19/06/2024,09:22:15,51245.5,51211.5,120,51245.95,120,0,98415
BANKNIFTY-III.NFO,19/06/2024,09:22:16,51245.5,51221,120,51249.95,120,0,98415
BANKNIFTY-III.NFO,19/06/2024,09:22:18,51245.5,51239.9,165,51249.95,120,0,98415
BANKNIFTY-III.NFO,19/06/2024,09:22:20,51249.95,51229.55,120,51249.95,120,15,98415
BANKNIFTY-III.NFO,19/06/2024,09:22:20,51249.95,51229.55,120,51249.95,120,0,98415
BANKNIFTY-III.NFO,19/06/2024,09:22:21,51249.95,51229.1,120,51249.95,105,0,98415
BANKNIFTY-III.NFO,19/06/2024,09:22:23,51249.95,51238.2,120,51249.95,15,0,98415
BANKNIFTY-III.NFO,19/06/2024,09:22:25,51260,51241.95,120,51276.95,120,120,98415
BANKNIFTY-III.NFO,19/06/2024,09:22:25,51260,51241.95,120,51276.95,120,0,98415
BANKNIFTY-III.NFO,19/06/2024,09:22:26,51255.85,51258.75,105,51276.95,120,15,98415
BANKNIFTY-III.NFO,19/06/2024,09:22:28,51255.85,51254.1,105,51276.95,135,0,98415
BANKNIFTY-III.NFO,19/06/2024,09:22:30,51255.85,51252.75,105,51276.95,135,0,98415
BANKNIFTY-III.NFO,19/06/2024,09:22:31,51255.85,51260,15,51276.9,120,0,98415
BANKNIFTY-III.NFO,19/06/2024,09:22:33,51249.95,51221.1,105,51249.5,120,30,98415
BANKNIFTY-III.NFO,19/06/2024,09:22:35,51223.9,51235.5,90,51255.85,60,15,98415
BANKNIFTY-III.NFO,19/06/2024,09:22:36,51260,51249.4,90,51276.95,120,75,98415
BANKNIFTY-III.NFO,19/06/2024,09:22:38,51256.85,51256.45,15,51276.95,135,105,98415
BANKNIFTY-III.NFO,19/06/2024,09:22:40,51276.95,51244.2,15,51276.9,120,15,98415
BANKNIFTY-III.NFO,19/06/2024,09:22:40,51276.95,51244.2,15,51276.9,120,0,98415
BANKNIFTY-III.NFO,19/06/2024,09:22:41,51276.95,51246.25,15,51276.9,120,0,98415
BANKNIFTY-III.NFO,19/06/2024,09:22:43,51276.95,51250.8,15,51269.95,120,0,98415
BANKNIFTY-III.NFO,19/06/2024,09:22:45,51276.95,51254.15,15,51269.95,120,0,98415
BANKNIFTY-III.NFO,19/06/2024,09:22:46,51254.4,51254.35,15,51269.95,135,15,98415
BANKNIFTY-III.NFO,19/06/2024,09:22:48,51269.95,51241.5,30,51269.95,135,45,98415
BANKNIFTY-III.NFO,19/06/2024,09:22:50,51269.95,51240.9,45,51269.9,120,15,98415
BANKNIFTY-III.NFO,19/06/2024,09:22:51,51269.9,51234.45,15,51269.05,120,105,98415
BANKNIFTY-III.NFO,19/06/2024,09:22:53,51237.45,51237.4,15,51269.9,120,15,98415
BANKNIFTY-III.NFO,19/06/2024,09:22:55,51237.45,51238.1,15,51269.9,195,0,98415
BANKNIFTY-III.NFO,19/06/2024,09:22:56,51269.85,51240.35,75,51269.85,120,75,98415
BANKNIFTY-III.NFO,19/06/2024,09:22:58,51269.85,51246.55,75,51269.85,135,0,98415
BANKNIFTY-III.NFO,19/06/2024,09:23:00,51246.55,51247.65,60,51269.85,135,15,98415
BANKNIFTY-III.NFO,19/06/2024,09:23:01,51246.55,51250.9,75,51269.85,165,0,98415
BANKNIFTY-III.NFO,19/06/2024,09:23:03,51250.9,51250.85,15,51268.05,120,15,98415
BANKNIFTY-III.NFO,19/06/2024,09:23:05,51250.85,51229.4,45,51255.1,135,15,98415
BANKNIFTY-III.NFO,19/06/2024,09:23:06,51250.85,51234.95,45,51250.9,15,0,98415
BANKNIFTY-III.NFO,19/06/2024,09:23:08,51250.85,51240.15,45,51250.9,15,0,98415
BANKNIFTY-III.NFO,19/06/2024,09:23:10,51250.85,51241.65,60,51250.9,15,0,98415
BANKNIFTY-III.NFO,19/06/2024,09:23:11,51250,51237.7,45,51250.85,120,60,98415
BANKNIFTY-III.NFO,19/06/2024,09:23:13,51250.85,51250,60,51250.9,15,15,98415
BANKNIFTY-III.NFO,19/06/2024,09:23:15,51250,51250,30,51259.95,120,45,98415
BANKNIFTY-III.NFO,19/06/2024,09:23:16,51250.05,51250.05,60,51260,15,15,98415
BANKNIFTY-III.NFO,19/06/2024,09:23:18,51250.05,51250.6,45,51260,15,0,98415
BANKNIFTY-III.NFO,19/06/2024,09:23:20,51250.6,51250.05,30,51260,15,15,98415
BANKNIFTY-III.NFO,19/06/2024,09:23:21,51259.3,51259.25,15,51275,15,90,98415
BANKNIFTY-III.NFO,19/06/2024,09:23:23,51266.65,51273.65,15,51295,30,390,98415
BANKNIFTY-III.NFO,19/06/2024,09:23:23,51284,51273.65,15,51295,30,0,98415
BANKNIFTY-III.NFO,19/06/2024,09:23:25,51266.65,51275.35,15,51290,15,0,98415
BANKNIFTY-III.NFO,19/06/2024,09:23:28,51290,51280.95,45,51295,30,15,98415
BANKNIFTY-III.NFO,19/06/2024,09:23:28,51290,51280.95,45,51295,30,0,98415
BANKNIFTY-III.NFO,19/06/2024,09:23:30,51300,51290.1,45,51300,630,105,98415
BANKNIFTY-III.NFO,19/06/2024,09:23:30,51300,51290.1,45,51300,630,0,98415
BANKNIFTY-III.NFO,19/06/2024,09:23:31,51290,51285.05,15,51300,630,15,98415
BANKNIFTY-III.NFO,19/06/2024,09:23:33,51290,51285.95,30,51300,630,0,98415
BANKNIFTY-III.NFO,19/06/2024,09:23:35,51305,51294.65,15,51310,15,660,98415
BANKNIFTY-III.NFO,19/06/2024,09:23:35,51305,51294.65,15,51310,15,0,98415
BANKNIFTY-III.NFO,19/06/2024,09:23:36,51293.7,51290,30,51309.95,135,15,98415
BANKNIFTY-III.NFO,19/06/2024,09:23:38,51285.5,51281.9,15,51299.95,135,105,98415
BANKNIFTY-III.NFO,19/06/2024,09:23:40,51293.7,51289.05,30,51300,120,15,98415
BANKNIFTY-III.NFO,19/06/2024,09:23:41,51293.7,51289.45,15,51300,120,0,98415
BANKNIFTY-III.NFO,19/06/2024,09:23:43,51293.7,51285.5,15,51299.95,135,0,98415
BANKNIFTY-III.NFO,19/06/2024,09:23:45,51293.7,51286.65,15,51300,120,0,98415
BANKNIFTY-III.NFO,19/06/2024,09:23:46,51293.7,51286.35,15,51293.7,15,0,98415
BANKNIFTY-III.NFO,19/06/2024,09:23:48,51285.5,51280.6,15,51299.95,135,120,98415
BANKNIFTY-III.NFO,19/06/2024,09:23:50,51277.25,51277.6,15,51299.95,135,30,98415
BANKNIFTY-III.NFO,19/06/2024,09:23:51,51299.95,51278.9,30,51299.9,120,30,98415
BANKNIFTY-III.NFO,19/06/2024,09:23:53,51299.9,51277.25,15,51299.9,120,15,98415
BANKNIFTY-III.NFO,19/06/2024,09:23:55,51266.7,51266.7,45,51286.05,120,45,98415
BANKNIFTY-III.NFO,19/06/2024,09:23:56,51286.05,51266.7,75,51286.05,120,15,98415
BANKNIFTY-III.NFO,19/06/2024,09:23:58,51290,51266.75,60,51295.05,135,75,98415
BANKNIFTY-III.NFO,19/06/2024,09:24:00,51290,51266.75,60,51295,120,0,98415
BANKNIFTY-III.NFO,19/06/2024,09:24:01,51295,51286.6,75,51299.9,15,15,98415
BANKNIFTY-III.NFO,19/06/2024,09:24:03,51295,51277.75,75,51290,15,0,98415
BANKNIFTY-III.NFO,19/06/2024,09:24:05,51295,51279.25,75,51290,15,0,98415
BANKNIFTY-III.NFO,19/06/2024,09:24:06,51290,51281,75,51294.95,120,15,98415
BANKNIFTY-III.NFO,19/06/2024,09:24:08,51300,51279,120,51299.95,60,315,98415
BANKNIFTY-III.NFO,19/06/2024,09:24:10,51300,51279.4,120,51299.95,60,0,98415
BANKNIFTY-III.NFO,19/06/2024,09:24:11,51300,51281.3,120,51299.95,60,0,98415
BANKNIFTY-III.NFO,19/06/2024,09:24:13,51300,51286.95,120,51300,90,0,98415
BANKNIFTY-III.NFO,19/06/2024,09:24:14,51300,51288.05,15,51299.95,60,0,98415
BANKNIFTY-III.NFO,19/06/2024,09:24:16,51300,51284.6,120,51299.95,60,0,98415
BANKNIFTY-III.NFO,19/06/2024,09:24:18,51300,51286.75,120,51300,45,75,98415
BANKNIFTY-III.NFO,19/06/2024,09:24:19,51300,51286.85,135,51299.95,75,0,98415
BANKNIFTY-III.NFO,19/06/2024,09:24:21,51299.95,51285.7,120,51299.95,45,30,98415
BANKNIFTY-III.NFO,19/06/2024,09:24:23,51299.95,51284,15,51299.95,60,0,98415
BANKNIFTY-III.NFO,19/06/2024,09:24:25,51299.95,51284.3,120,51299.95,45,0,98415
BANKNIFTY-III.NFO,19/06/2024,09:24:26,51299.95,51299,15,51299.95,45,0,98415
BANKNIFTY-III.NFO,19/06/2024,09:24:28,51284.05,51284,15,51299.9,60,30,100440
BANKNIFTY-III.NFO,19/06/2024,09:24:30,51284.05,51284.05,120,51299.9,75,0,100440
BANKNIFTY-III.NFO,19/06/2024,09:24:31,51299,51284.05,120,51299.9,75,15,100440
BANKNIFTY-III.NFO,19/06/2024,09:24:33,51299,51284.1,120,51299.9,75,0,100440
BANKNIFTY-III.NFO,19/06/2024,09:24:35,51299,51284.05,15,51299.9,75,0,100440
BANKNIFTY-III.NFO,19/06/2024,09:24:36,51299.9,51284.05,15,51299.9,60,15,100440
BANKNIFTY-III.NFO,19/06/2024,09:24:38,51299.9,51284.05,15,51299.9,60,0,100440
BANKNIFTY-III.NFO,19/06/2024,09:24:40,51299.9,51284.05,15,51298.65,45,0,100440
BANKNIFTY-III.NFO,19/06/2024,09:24:41,51299.9,51284.05,15,51289.95,45,0,100440
BANKNIFTY-III.NFO,19/06/2024,09:24:43,51284.05,51278.2,120,51299.85,45,30,100440
BANKNIFTY-III.NFO,19/06/2024,09:24:45,51278.8,51278.7,120,51298.95,75,15,100440
BANKNIFTY-III.NFO,19/06/2024,09:24:46,51278.8,51280.55,120,51298.95,75,0,100440
BANKNIFTY-III.NFO,19/06/2024,09:24:48,51284.05,51281.2,120,51298.95,60,30,100440
BANKNIFTY-III.NFO,19/06/2024,09:24:50,51300,51291.3,120,51305,15,195,100440
BANKNIFTY-III.NFO,19/06/2024,09:24:51,51300,51292.7,120,51309,15,30,100440
BANKNIFTY-III.NFO,19/06/2024,09:24:53,51300,51297.65,120,51309,15,15,100440
BANKNIFTY-III.NFO,19/06/2024,09:24:55,51300,51298.45,120,51309,15,0,100440
BANKNIFTY-III.NFO,19/06/2024,09:24:56,51315,51306,45,51328.95,120,345,100440
BANKNIFTY-III.NFO,19/06/2024,09:24:56,51315,51306,45,51328.95,120,0,100440
BANKNIFTY-III.NFO,19/06/2024,09:24:58,51315,51307.45,15,51328.95,135,0,100440
BANKNIFTY-III.NFO,19/06/2024,09:25:00,51307.5,51307.5,15,51328.95,135,30,100440
BANKNIFTY-III.NFO,19/06/2024,09:25:01,51305.95,51303.65,15,51315,15,75,100440
BANKNIFTY-III.NFO,19/06/2024,09:25:03,51315,51303.65,15,51328.95,120,15,100440
BANKNIFTY-III.NFO,19/06/2024,09:25:05,51304,51303.65,15,51328.95,135,15,100440
BANKNIFTY-III.NFO,19/06/2024,09:25:06,51307.5,51303.65,15,51328.95,120,15,100440
BANKNIFTY-III.NFO,19/06/2024,09:25:08,51307.5,51296.65,15,51319.95,135,0,100440
BANKNIFTY-III.NFO,19/06/2024,09:25:10,51307.5,51307.5,30,51320,15,0,100440
BANKNIFTY-III.NFO,19/06/2024,09:25:12,51307.5,51307.5,30,51314.95,120,0,100440
BANKNIFTY-III.NFO,19/06/2024,09:25:15,51307.5,51307.5,30,51314.95,135,0,100440
BANKNIFTY-III.NFO,19/06/2024,09:25:18,51300,51279.1,30,51299.95,120,75,100440
BANKNIFTY-III.NFO,19/06/2024,09:25:20,51300,51279.25,15,51299.95,135,0,100440
BANKNIFTY-III.NFO,19/06/2024,09:25:22,51300,51281.75,15,51300,15,0,100440
BANKNIFTY-III.NFO,19/06/2024,09:25:23,51300,51278.65,30,51299.95,135,0,100440
BANKNIFTY-III.NFO,19/06/2024,09:25:25,51300,51278,30,51299.95,135,0,100440
BANKNIFTY-III.NFO,19/06/2024,09:25:27,51300,51278,15,51296.25,120,0,100440
BANKNIFTY-III.NFO,19/06/2024,09:25:28,51278,51270.05,15,51294.15,120,30,100440
BANKNIFTY-III.NFO,19/06/2024,09:25:30,51278,51270.1,15,51294.15,120,0,100440
BANKNIFTY-III.NFO,19/06/2024,09:25:32,51278,51270.05,30,51294.15,120,0,100440
BANKNIFTY-III.NFO,19/06/2024,09:25:33,51278,51270.05,15,51293.05,120,0,100440
BANKNIFTY-III.NFO,19/06/2024,09:25:35,51271.1,51271.45,15,51294.15,120,15,100440
BANKNIFTY-III.NFO,19/06/2024,09:25:37,51272.75,51275.25,15,51294.15,15,60,100440
BANKNIFTY-III.NFO,19/06/2024,09:25:38,51294.15,51283.9,15,51300,60,15,100440
BANKNIFTY-III.NFO,19/06/2024,09:25:40,51294.15,51284.25,30,51300,60,0,100440
BANKNIFTY-III.NFO,19/06/2024,09:25:42,51300,51290.8,15,51319.9,120,60,100440
BANKNIFTY-III.NFO,19/06/2024,09:25:43,51294.15,51289.95,15,51319.9,120,30,100440
BANKNIFTY-III.NFO,19/06/2024,09:25:45,51294.15,51290.75,15,51319.9,120,0,100440
BANKNIFTY-III.NFO,19/06/2024,09:25:47,51294.15,51290,15,51319.9,120,0,100440
BANKNIFTY-III.NFO,19/06/2024,09:25:48,51294.15,51291.2,75,51319.9,120,0,100440
BANKNIFTY-III.NFO,19/06/2024,09:25:50,51291.55,51291.5,15,51319.95,120,15,100440
BANKNIFTY-III.NFO,19/06/2024,09:25:52,51300,51297.05,15,51319.95,15,105,100440
BANKNIFTY-III.NFO,19/06/2024,09:25:53,51298.45,51303.85,15,51320,60,45,100440
BANKNIFTY-III.NFO,19/06/2024,09:25:55,51320,51306.7,15,51329,15,60,100440
BANKNIFTY-III.NFO,19/06/2024,09:25:55,51320,51306.7,15,51329,15,0,100440
BANKNIFTY-III.NFO,19/06/2024,09:25:57,51320,51313.75,15,51329,15,0,100440
BANKNIFTY-III.NFO,19/06/2024,09:25:58,51325,51316.15,15,51329,15,15,100440
BANKNIFTY-III.NFO,19/06/2024,09:25:58,51325,51316.15,15,51329,15,0,100440
BANKNIFTY-III.NFO,19/06/2024,09:26:00,51333,51322.8,15,51346.05,120,45,100440
BANKNIFTY-III.NFO,19/06/2024,09:26:00,51333,51322.8,15,51346.05,120,0,100440
BANKNIFTY-III.NFO,19/06/2024,09:26:03,51333,51316.75,30,51346.05,135,0,100440
BANKNIFTY-III.NFO,19/06/2024,09:26:05,51333,51319.6,15,51346.05,120,0,100440
BANKNIFTY-III.NFO,19/06/2024,09:26:07,51333,51323.65,15,51346.05,120,0,100440
BANKNIFTY-III.NFO,19/06/2024,09:26:08,51333,51323.6,15,51346.05,135,0,100440
BANKNIFTY-III.NFO,19/06/2024,09:26:10,51333,51321.7,15,51346.05,135,0,100440
BANKNIFTY-III.NFO,19/06/2024,09:26:12,51333,51309.85,15,51346,120,0,100440
BANKNIFTY-III.NFO,19/06/2024,09:26:14,51332.95,51312.6,15,51332.95,135,15,100440
BANKNIFTY-III.NFO,19/06/2024,09:26:16,51317.2,51308.7,30,51332.95,135,30,100440
BANKNIFTY-III.NFO,19/06/2024,09:26:17,51317.2,51303.85,15,51332.95,135,0,100440
BANKNIFTY-III.NFO,19/06/2024,09:26:19,51317.2,51312.2,30,51332.95,135,0,100440
BANKNIFTY-III.NFO,19/06/2024,09:26:21,51332.95,51303.95,30,51332.9,120,15,100440
BANKNIFTY-III.NFO,19/06/2024,09:26:22,51332.95,51303.85,30,51332.9,120,0,100440
BANKNIFTY-III.NFO,19/06/2024,09:26:24,51332.95,51300.05,30,51331.15,120,0,100440
BANKNIFTY-III.NFO,19/06/2024,09:26:26,51303.85,51317.2,75,51329.55,135,15,100440
BANKNIFTY-III.NFO,19/06/2024,09:26:27,51317.2,51317.2,60,51329.5,120,30,100440
BANKNIFTY-III.NFO,19/06/2024,09:26:29,51317.2,51305,15,51324.2,120,60,100440
BANKNIFTY-III.NFO,19/06/2024,09:26:31,51317.2,51305,15,51317.15,135,0,100440
BANKNIFTY-III.NFO,19/06/2024,09:26:32,51317.2,51305,15,51317.15,120,0,100440
BANKNIFTY-III.NFO,19/06/2024,09:26:34,51317.2,51305,15,51317.15,135,0,100440
BANKNIFTY-III.NFO,19/06/2024,09:26:37,51294.55,51290,30,51317.15,135,45,100440
BANKNIFTY-III.NFO,19/06/2024,09:26:39,51294.55,51292.7,30,51317.15,135,0,100440
BANKNIFTY-III.NFO,19/06/2024,09:26:41,51317.15,51285.55,45,51317.1,165,15,100440
BANKNIFTY-III.NFO,19/06/2024,09:26:42,51317.15,51290,15,51294.55,15,0,100440
BANKNIFTY-III.NFO,19/06/2024,09:26:44,51292.55,51290.05,45,51304.45,120,30,100440
BANKNIFTY-III.NFO,19/06/2024,09:26:46,51292.55,51290,15,51304.45,120,0,100440
BANKNIFTY-III.NFO,19/06/2024,09:26:47,51292.55,51290,15,51299.95,135,0,100440
BANKNIFTY-III.NFO,19/06/2024,09:26:51,51292.55,51290,15,51299.95,120,0,100440
BANKNIFTY-III.NFO,19/06/2024,09:26:52,51290.05,51290.05,30,51300,30,15,100440
BANKNIFTY-III.NFO,19/06/2024,09:26:54,51290.05,51290,15,51300,45,30,100440
BANKNIFTY-III.NFO,19/06/2024,09:26:56,51285.5,51290,15,51300,45,60,100440
BANKNIFTY-III.NFO,19/06/2024,09:26:57,51305,51290,30,51309.95,135,60,100440
BANKNIFTY-III.NFO,19/06/2024,09:26:59,51290,51290,15,51309.95,135,15,100440
BANKNIFTY-III.NFO,19/06/2024,09:27:00,51290,51290,15,51309.95,135,0,100440
BANKNIFTY-III.NFO,19/06/2024,09:27:02,51300,51288.1,15,51309.95,135,90,100440
BANKNIFTY-III.NFO,19/06/2024,09:27:04,51300,51290.8,15,51310,15,0,100440
BANKNIFTY-III.NFO,19/06/2024,09:27:05,51300,51290.95,15,51309.95,135,0,100440
BANKNIFTY-III.NFO,19/06/2024,09:27:07,51300,51290.7,15,51310,15,0,100440
BANKNIFTY-III.NFO,19/06/2024,09:27:09,51300,51293.8,165,51310,15,15,100440
BANKNIFTY-III.NFO,19/06/2024,09:27:10,51310,51296.65,15,51314.95,120,15,100440
BANKNIFTY-III.NFO,19/06/2024,09:27:12,51317.15,51298.05,30,51317.2,45,60,100440
BANKNIFTY-III.NFO,19/06/2024,09:27:14,51317.15,51296.35,90,51317.15,120,60,100440
BANKNIFTY-III.NFO,19/06/2024,09:27:15,51317.2,51298.15,120,51320.2,15,210,100440
BANKNIFTY-III.NFO,19/06/2024,09:27:17,51317.2,51304.4,120,51325,30,0,100440
BANKNIFTY-III.NFO,19/06/2024,09:27:19,51317.2,51317.25,135,51325,30,0,100440
BANKNIFTY-III.NFO,19/06/2024,09:27:20,51317.2,51317.2,15,51325,30,0,100440
BANKNIFTY-III.NFO,19/06/2024,09:27:22,51317.2,51307,120,51325,30,15,100440
BANKNIFTY-III.NFO,19/06/2024,09:27:24,51317,51306.5,135,51325,45,150,101340
BANKNIFTY-III.NFO,19/06/2024,09:27:25,51306.5,51307.45,120,51324.95,15,15,101340
BANKNIFTY-III.NFO,19/06/2024,09:27:27,51326.95,51309.15,120,51330,120,60,101340
BANKNIFTY-III.NFO,19/06/2024,09:27:29,51310.5,51311.2,120,51329.95,30,30,101340
BANKNIFTY-III.NFO,19/06/2024,09:27:30,51310.5,51306.55,120,51329.95,45,0,101340
BANKNIFTY-III.NFO,19/06/2024,09:27:32,51300,51293.45,120,51329.9,60,45,101340
BANKNIFTY-III.NFO,19/06/2024,09:27:34,51329.9,51292.65,120,51324.15,15,45,101340
BANKNIFTY-III.NFO,19/06/2024,09:27:35,51329.9,51290.2,120,51310.45,30,0,101340
BANKNIFTY-III.NFO,19/06/2024,09:27:37,51329.9,51290.05,120,51310.45,30,0,101340
BANKNIFTY-III.NFO,19/06/2024,09:27:40,51329.9,51290,15,51310.45,30,0,101340
BANKNIFTY-III.NFO,19/06/2024,09:27:42,51310.5,51290.1,120,51310.95,15,120,101340
BANKNIFTY-III.NFO,19/06/2024,09:27:44,51310.5,51290,30,51310.95,15,0,101340
BANKNIFTY-III.NFO,19/06/2024,09:27:45,51290,51280.05,120,51308.4,30,15,101340
BANKNIFTY-III.NFO,19/06/2024,09:27:47,51290,51280.05,135,51304.9,15,0,101340
BANKNIFTY-III.NFO,19/06/2024,09:27:49,51304.9,51280.05,135,51308.75,30,15,101340
BANKNIFTY-III.NFO,19/06/2024,09:27:50,51304.9,51280.1,120,51304.9,45,0,101340
BANKNIFTY-III.NFO,19/06/2024,09:27:52,51304.9,51280,15,51294,15,0,101340
BANKNIFTY-III.NFO,19/06/2024,09:27:55,51280,51266.65,30,51280,30,15,101340
BANKNIFTY-III.NFO,19/06/2024,09:28:00,51266.65,51266.65,15,51271.15,15,15,101340
BANKNIFTY-III.NFO,19/06/2024,09:28:02,51266.65,51266.65,15,51270.4,15,0,101340
BANKNIFTY-III.NFO,19/06/2024,09:28:03,51266.65,51266.65,30,51276.75,15,0,101340
BANKNIFTY-III.NFO,19/06/2024,09:28:05,51266.65,51266.65,30,51280,60,0,101340
BANKNIFTY-III.NFO,19/06/2024,09:28:08,51266.65,51266.65,15,51280,60,15,101340
BANKNIFTY-III.NFO,19/06/2024,09:28:10,51266.65,51266.65,15,51280,60,0,101340
BANKNIFTY-III.NFO,19/06/2024,09:28:12,51266.65,51266.65,15,51270,15,0,101340
BANKNIFTY-III.NFO,19/06/2024,09:28:15,51266.65,51266.65,30,51270,15,0,101340
BANKNIFTY-III.NFO,19/06/2024,09:28:17,51270,51266.7,135,51276,45,30,101340
BANKNIFTY-III.NFO,19/06/2024,09:28:18,51266.7,51266.75,120,51276,45,45,101340
BANKNIFTY-III.NFO,19/06/2024,09:28:20,51266.7,51266.7,135,51276,45,0,101340
BANKNIFTY-III.NFO,19/06/2024,09:28:22,51266.7,51267.1,120,51280,45,45,101340
BANKNIFTY-III.NFO,19/06/2024,09:28:23,51268.3,51268.3,45,51280,45,105,101340
BANKNIFTY-III.NFO,19/06/2024,09:28:25,51268.3,51270.05,45,51280,45,0,101340
BANKNIFTY-III.NFO,19/06/2024,09:28:27,51268.3,51270.05,45,51280,60,0,101340
BANKNIFTY-III.NFO,19/06/2024,09:28:28,51270.05,51270.05,15,51280,60,30,101340
BANKNIFTY-III.NFO,19/06/2024,09:28:30,51270.05,51270,15,51279.95,120,15,101340
BANKNIFTY-III.NFO,19/06/2024,09:28:32,51270.05,51270,15,51279.95,120,0,101340
BANKNIFTY-III.NFO,19/06/2024,09:28:33,51270,51268.3,60,51279.95,120,15,101340
BANKNIFTY-III.NFO,19/06/2024,09:28:35,51270,51268.3,60,51275,60,0,101340
BANKNIFTY-III.NFO,19/06/2024,09:28:37,51268.3,51268.3,15,51270,90,45,101340
BANKNIFTY-III.NFO,19/06/2024,09:28:38,51268.3,51266.65,15,51268.3,75,15,101340
BANKNIFTY-III.NFO,19/06/2024,09:28:40,51268.3,51266.65,15,51268.3,45,30,101340
BANKNIFTY-III.NFO,19/06/2024,09:28:41,51270,51265.2,30,51270,15,165,101340
BANKNIFTY-III.NFO,19/06/2024,09:28:43,51270,51255.25,30,51268.3,30,0,101340
BANKNIFTY-III.NFO,19/06/2024,09:28:45,51270,51252.85,90,51268.3,30,0,101340
BANKNIFTY-III.NFO,19/06/2024,09:28:46,51270,51253.2,15,51268.3,30,0,101340
BANKNIFTY-III.NFO,19/06/2024,09:28:48,51270,51253.5,90,51268.3,30,0,101340
BANKNIFTY-III.NFO,19/06/2024,09:28:50,51270,51251.15,15,51268.25,135,0,101340
BANKNIFTY-III.NFO,19/06/2024,09:28:52,51250.5,51250,90,51268.25,135,30,101340
BANKNIFTY-III.NFO,19/06/2024,09:28:53,51250.5,51250,105,51268.25,135,0,101340
BANKNIFTY-III.NFO,19/06/2024,09:28:56,51250,51250,60,51267.1,120,45,101340
BANKNIFTY-III.NFO,19/06/2024,09:28:58,51250,51250,60,51267.1,120,0,101340
BANKNIFTY-III.NFO,19/06/2024,09:29:00,51250,51250,75,51267.1,120,0,101340
BANKNIFTY-III.NFO,19/06/2024,09:29:01,51250,51250,60,51267.1,120,0,101340
BANKNIFTY-III.NFO,19/06/2024,09:29:03,51250,51226.15,30,51260.3,120,60,101340
BANKNIFTY-III.NFO,19/06/2024,09:29:05,51260.3,51225.1,45,51260.3,120,30,101340
BANKNIFTY-III.NFO,19/06/2024,09:29:06,51260.3,51230.05,30,51258.1,120,0,101340
BANKNIFTY-III.NFO,19/06/2024,09:29:08,51250,51231.1,30,51249.95,135,15,101340
BANKNIFTY-III.NFO,19/06/2024,09:29:10,51230.05,51230.05,15,51249.95,135,15,101340
BANKNIFTY-III.NFO,19/06/2024,09:29:11,51230.05,51232.4,15,51249.95,120,0,101340
BANKNIFTY-III.NFO,19/06/2024,09:29:13,51230.05,51232.2,15,51249.95,120,0,101340
BANKNIFTY-III.NFO,19/06/2024,09:29:15,51232.2,51232.25,15,51249.95,120,15,101340
BANKNIFTY-III.NFO,19/06/2024,09:29:16,51232.2,51232.2,15,51249.95,135,0,101340
BANKNIFTY-III.NFO,19/06/2024,09:29:18,51232.2,51232.5,15,51250,210,0,101340
BANKNIFTY-III.NFO,19/06/2024,09:29:20,51250,51233.6,15,51250,210,15,101340
BANKNIFTY-III.NFO,19/06/2024,09:29:21,51250,51237,15,51250,210,0,101340
BANKNIFTY-III.NFO,19/06/2024,09:29:23,51237.25,51237.35,15,51250,210,15,101340
BANKNIFTY-III.NFO,19/06/2024,09:29:25,51237.25,51241.6,15,51250,210,0,101340
BANKNIFTY-III.NFO,19/06/2024,09:29:26,51250,51239.35,75,51250,210,30,101340
BANKNIFTY-III.NFO,19/06/2024,09:29:28,51250,51239.85,30,51250,210,0,101340
BANKNIFTY-III.NFO,19/06/2024,09:29:30,51250,51242.8,15,51268.25,120,210,101340
BANKNIFTY-III.NFO,19/06/2024,09:29:31,51250,51243.3,15,51250,15,0,101340
BANKNIFTY-III.NFO,19/06/2024,09:29:33,51250,51243.6,15,51268.25,135,15,101340
BANKNIFTY-III.NFO,19/06/2024,09:29:35,51237.1,51237.15,15,51245,30,15,101340
BANKNIFTY-III.NFO,19/06/2024,09:29:36,51237.1,51237.35,15,51245,30,0,101340
BANKNIFTY-III.NFO,19/06/2024,09:29:38,51237.1,51235,15,51244.95,135,0,101340
BANKNIFTY-III.NFO,19/06/2024,09:29:40,51235,51225.35,30,51244.9,120,30,101340
BANKNIFTY-III.NFO,19/06/2024,09:29:41,51235,51225.4,15,51244.9,120,0,101340
BANKNIFTY-III.NFO,19/06/2024,09:29:43,51235,51225.05,15,51244.9,120,0,101340
BANKNIFTY-III.NFO,19/06/2024,09:29:45,51235,51225.05,15,51235,15,0,101340
BANKNIFTY-III.NFO,19/06/2024,09:29:46,51235,51225,15,51244.9,120,30,101340
BANKNIFTY-III.NFO,19/06/2024,09:29:48,51235,51225,30,51244.9,120,0,101340
BANKNIFTY-III.NFO,19/06/2024,09:29:53,51235,51225,15,51244.9,120,0,101340
BANKNIFTY-III.NFO,19/06/2024,09:29:56,51235,51225,30,51234.95,135,0,101340
BANKNIFTY-III.NFO,19/06/2024,09:29:58,51225,51211.1,15,51234.95,135,30,101340
BANKNIFTY-III.NFO,19/06/2024,09:30:00,51225,51211.25,15,51234.95,135,0,101340
BANKNIFTY-III.NFO,19/06/2024,09:30:01,51225,51206.15,15,51234.95,135,0,101340
BANKNIFTY-III.NFO,19/06/2024,09:30:03,51225,51211.5,15,51234.95,135,15,101340
BANKNIFTY-III.NFO,19/06/2024,09:30:05,51225,51221.15,90,51235,15,30,101340
BANKNIFTY-III.NFO,19/06/2024,09:30:06,51225,51216.3,45,51225,15,0,101340
BANKNIFTY-III.NFO,19/06/2024,09:30:08,51216.5,51216.5,15,51234.95,135,45,101340
BANKNIFTY-III.NFO,19/06/2024,09:30:10,51225,51219.8,15,51235,15,15,101340
BANKNIFTY-III.NFO,19/06/2024,09:30:11,51221.85,51221.9,15,51235,15,15,101340
BANKNIFTY-III.NFO,19/06/2024,09:30:13,51240,51222.05,120,51244.95,120,150,101340
BANKNIFTY-III.NFO,19/06/2024,09:30:15,51219.6,51216.4,120,51225,150,15,101340
BANKNIFTY-III.NFO,19/06/2024,09:30:16,51219.6,51216.35,15,51224.95,120,0,101340
BANKNIFTY-III.NFO,19/06/2024,09:30:18,51219.6,51216.35,15,51224.95,135,0,101340
BANKNIFTY-III.NFO,19/06/2024,09:30:19,51216.35,51205,15,51219.55,120,15,101340
BANKNIFTY-III.NFO,19/06/2024,09:30:21,51216.35,51205,15,51219.55,120,0,101340
BANKNIFTY-III.NFO,19/06/2024,09:30:23,51216.35,51205.05,105,51219.55,135,0,101340
BANKNIFTY-III.NFO,19/06/2024,09:30:24,51216.35,51205.05,105,51216.35,15,0,101340
BANKNIFTY-III.NFO,19/06/2024,09:30:26,51216.35,51219.55,15,51219.6,15,15,101835
BANKNIFTY-III.NFO,19/06/2024,09:30:28,51219.55,51206.6,15,51219.55,135,15,101835
BANKNIFTY-III.NFO,19/06/2024,09:30:29,51219.55,51206.6,15,51216.3,120,0,101835
BANKNIFTY-III.NFO,19/06/2024,09:30:31,51219.55,51206.65,135,51216.35,15,0,101835
BANKNIFTY-III.NFO,19/06/2024,09:30:32,51219.55,51206.65,120,51216.35,15,0,101835
BANKNIFTY-III.NFO,19/06/2024,09:30:36,51219.55,51206.6,15,51216.3,120,0,101835
BANKNIFTY-III.NFO,19/06/2024,09:30:37,51206.65,51206.65,105,51216.35,15,30,101835
BANKNIFTY-III.NFO,19/06/2024,09:30:39,51206.65,51206.7,90,51216.35,15,0,101835
BANKNIFTY-III.NFO,19/06/2024,09:30:41,51218,51207.4,15,51219.6,15,135,101835
BANKNIFTY-III.NFO,19/06/2024,09:30:42,51219.6,51213.3,15,51225,120,15,101835
BANKNIFTY-III.NFO,19/06/2024,09:30:44,51219.6,51210.3,60,51219,15,0,101835
BANKNIFTY-III.NFO,19/06/2024,09:30:46,51210.3,51210.45,15,51219,15,15,101835
BANKNIFTY-III.NFO,19/06/2024,09:30:47,51210.3,51209,30,51219,15,0,101835
BANKNIFTY-III.NFO,19/06/2024,09:30:49,51210.3,51206.6,15,51218.95,135,0,101835
BANKNIFTY-III.NFO,19/06/2024,09:30:55,51210.3,51205,15,51216.5,120,30,101835
BANKNIFTY-III.NFO,19/06/2024,09:30:57,51210.3,51205,15,51216.5,120,0,101835
BANKNIFTY-III.NFO,19/06/2024,09:30:59,51210.3,51215,15,51218.9,120,0,101835
BANKNIFTY-III.NFO,19/06/2024,09:31:00,51215,51205,15,51218,120,15,101835
BANKNIFTY-III.NFO,19/06/2024,09:31:02,51215,51205,15,51217.25,120,0,101835
BANKNIFTY-III.NFO,19/06/2024,09:31:04,51215,51205,15,51218.95,135,0,101835
BANKNIFTY-III.NFO,19/06/2024,09:31:07,51215,51205,30,51215,15,0,101835
BANKNIFTY-III.NFO,19/06/2024,09:31:10,51215,51207,105,51215,15,0,101835
BANKNIFTY-III.NFO,19/06/2024,09:31:12,51215,51207,105,51219.95,120,15,101835
BANKNIFTY-III.NFO,19/06/2024,09:31:14,51207,51207,90,51219.95,120,15,101835
BANKNIFTY-III.NFO,19/06/2024,09:31:15,51215,51207,90,51220,30,15,101835
BANKNIFTY-III.NFO,19/06/2024,09:31:17,51215,51207.1,60,51215,15,0,101835
BANKNIFTY-III.NFO,19/06/2024,09:31:19,51215.05,51207.25,15,51225,120,60,101835
BANKNIFTY-III.NFO,19/06/2024,09:31:20,51225,51207.65,15,51225,105,15,101835
BANKNIFTY-III.NFO,19/06/2024,09:31:22,51225,51208.4,15,51225,105,0,101835
BANKNIFTY-III.NFO,19/06/2024,09:31:24,51225,51210.55,15,51225,105,0,101835
BANKNIFTY-III.NFO,19/06/2024,09:31:25,51225,51210.8,15,51225,105,0,101835
BANKNIFTY-III.NFO,19/06/2024,09:31:27,51225.2,51221,30,51231.95,15,120,101835
BANKNIFTY-III.NFO,19/06/2024,09:31:29,51231.95,51224.1,15,51247.95,120,15,101835
BANKNIFTY-III.NFO,19/06/2024,09:31:30,51231.95,51233.55,45,51248,15,0,101835
BANKNIFTY-III.NFO,19/06/2024,09:31:32,51233.7,51234.35,45,51248,15,15,101835
BANKNIFTY-III.NFO,19/06/2024,09:31:34,51233.7,51235.6,45,51248,15,0,101835
BANKNIFTY-III.NFO,19/06/2024,09:31:35,51250,51243.35,45,51256,150,75,101835
BANKNIFTY-III.NFO,19/06/2024,09:31:37,51250,51244.95,45,51256,150,0,101835
BANKNIFTY-III.NFO,19/06/2024,09:31:39,51260,51250.25,45,51267.6,45,255,101835
BANKNIFTY-III.NFO,19/06/2024,09:31:40,51260,51256.6,45,51268.3,30,0,101835
BANKNIFTY-III.NFO,19/06/2024,09:31:42,51270,51270.5,60,51298.95,120,150,101835
BANKNIFTY-III.NFO,19/06/2024,09:31:44,51298.95,51290.2,30,51299,30,15,101835
BANKNIFTY-III.NFO,19/06/2024,09:31:45,51300,51279.9,30,51299.5,135,60,101835
BANKNIFTY-III.NFO,19/06/2024,09:31:47,51281.95,51277.9,45,51296.85,120,900,101835
BANKNIFTY-III.NFO,19/06/2024,09:31:49,51281.95,51278.05,15,51296.5,120,0,101835
BANKNIFTY-III.NFO,19/06/2024,09:31:50,51283.5,51279.25,45,51303.75,120,105,101835
BANKNIFTY-III.NFO,19/06/2024,09:31:52,51301.55,51282.9,30,51301.65,120,30,101835
BANKNIFTY-III.NFO,19/06/2024,09:31:54,51301.55,51277.45,30,51295.75,120,0,101835
BANKNIFTY-III.NFO,19/06/2024,09:31:55,51301.55,51282.65,30,51297.05,120,0,101835
BANKNIFTY-III.NFO,19/06/2024,09:31:57,51275.25,51275.15,15,51292.4,135,15,101835
BANKNIFTY-III.NFO,19/06/2024,09:31:59,51267.8,51260.5,60,51281.9,120,30,101835
BANKNIFTY-III.NFO,19/06/2024,09:32:00,51267.8,51265.6,45,51286.6,120,0,101835
BANKNIFTY-III.NFO,19/06/2024,09:32:02,51275.25,51275,45,51296,120,15,101835
BANKNIFTY-III.NFO,19/06/2024,09:32:04,51275.25,51275.45,45,51297.65,120,0,101835
BANKNIFTY-III.NFO,19/06/2024,09:32:05,51275.25,51277.95,45,51295.4,120,0,101835
BANKNIFTY-III.NFO,19/06/2024,09:32:07,51275.25,51270.5,60,51290.3,135,0,101835
BANKNIFTY-III.NFO,19/06/2024,09:32:09,51284.55,51266.3,15,51284.55,120,15,101835
BANKNIFTY-III.NFO,19/06/2024,09:32:10,51284.55,51252.8,15,51273.8,120,0,101835
BANKNIFTY-III.NFO,19/06/2024,09:32:12,51284.55,51253.25,15,51271.7,120,0,101835
BANKNIFTY-III.NFO,19/06/2024,09:32:14,51284.55,51251.5,45,51270.65,120,0,101835
BANKNIFTY-III.NFO,19/06/2024,09:32:16,51284.55,51251,15,51266.55,120,0,101835
BANKNIFTY-III.NFO,19/06/2024,09:32:17,51284.55,51251.05,15,51266.55,120,0,101835
BANKNIFTY-III.NFO,19/06/2024,09:32:19,51266.55,51251.9,45,51266.55,120,60,101835
BANKNIFTY-III.NFO,19/06/2024,09:32:21,51266.55,51251,15,51259.8,120,0,101835
BANKNIFTY-III.NFO,19/06/2024,09:32:22,51259.8,51251,15,51259.8,120,15,101835
BANKNIFTY-III.NFO,19/06/2024,09:32:24,51259.8,51251,15,51258.3,135,0,101835
BANKNIFTY-III.NFO,19/06/2024,09:32:26,51251,51233.55,90,51258.35,135,15,101835
BANKNIFTY-III.NFO,19/06/2024,09:32:27,51251,51235.75,90,51253.6,120,0,101835
BANKNIFTY-III.NFO,19/06/2024,09:32:29,51251,51232.7,90,51249.75,120,0,101835
BANKNIFTY-III.NFO,19/06/2024,09:32:31,51229.6,51228.75,75,51247.65,120,15,101835
BANKNIFTY-III.NFO,19/06/2024,09:32:32,51229.6,51226.45,90,51245.8,120,0,101835
BANKNIFTY-III.NFO,19/06/2024,09:32:34,51227.25,51232.2,15,51247.4,135,60,101835
BANKNIFTY-III.NFO,19/06/2024,09:32:36,51227.25,51230.1,15,51243.2,120,0,101835
BANKNIFTY-III.NFO,19/06/2024,09:32:37,51227.25,51228.95,15,51251.55,120,0,101835
BANKNIFTY-III.NFO,19/06/2024,09:32:39,51227.25,51233.6,30,51254.6,120,0,101835
BANKNIFTY-III.NFO,19/06/2024,09:32:41,51253.4,51236.6,30,51251.3,135,15,101835
BANKNIFTY-III.NFO,19/06/2024,09:32:42,51236.7,51236.8,15,51252.6,120,15,101835
BANKNIFTY-III.NFO,19/06/2024,09:32:44,51236.7,51237.4,30,51250.9,45,0,101835
BANKNIFTY-III.NFO,19/06/2024,09:32:46,51236.7,51247.55,15,51268.55,120,0,101835
BANKNIFTY-III.NFO,19/06/2024,09:32:47,51236.7,51249.25,30,51267.5,120,0,101835
BANKNIFTY-III.NFO,19/06/2024,09:32:49,51236.7,51252.65,15,51270.85,135,0,101835
BANKNIFTY-III.NFO,19/06/2024,09:32:51,51236.7,51248.1,15,51265.8,120,0,101835
BANKNIFTY-III.NFO,19/06/2024,09:32:52,51236.7,51243.55,15,51265.9,120,0,101835
BANKNIFTY-III.NFO,19/06/2024,09:32:54,51236.7,51249.65,15,51271.85,120,0,101835
BANKNIFTY-III.NFO,19/06/2024,09:32:56,51236.7,51252.35,15,51276.1,135,0,101835
BANKNIFTY-III.NFO,19/06/2024,09:32:57,51236.7,51255.4,15,51260,15,0,101835
BANKNIFTY-III.NFO,19/06/2024,09:32:59,51250.2,51250.15,45,51260,15,15,101835
BANKNIFTY-III.NFO,19/06/2024,09:33:01,51251.35,51250.65,30,51260,15,30,101835
BANKNIFTY-III.NFO,19/06/2024,09:33:02,51251.35,51248.95,75,51260,15,0,101835
BANKNIFTY-III.NFO,19/06/2024,09:33:04,51251.35,51238.1,30,51259.9,120,0,101835
BANKNIFTY-III.NFO,19/06/2024,09:33:06,51251.35,51238.4,30,51259.9,120,0,101835
BANKNIFTY-III.NFO,19/06/2024,09:33:07,51251.35,51239.9,135,51259.4,120,0,101835
BANKNIFTY-III.NFO,19/06/2024,09:33:09,51251.35,51241.65,15,51259.95,120,0,101835
BANKNIFTY-III.NFO,19/06/2024,09:33:11,51251.35,51241.95,15,51250,45,15,101835
BANKNIFTY-III.NFO,19/06/2024,09:33:12,51251.35,51238.2,45,51250,45,0,101835
BANKNIFTY-III.NFO,19/06/2024,09:33:14,51250,51245.25,45,51260,15,45,101835
BANKNIFTY-III.NFO,19/06/2024,09:33:15,51260,51251,15,51266.4,135,15,101835
BANKNIFTY-III.NFO,19/06/2024,09:33:17,51260,51251.05,15,51266.05,120,0,101835
BANKNIFTY-III.NFO,19/06/2024,09:33:19,51260,51251.1,30,51267.25,120,0,101835
BANKNIFTY-III.NFO,19/06/2024,09:33:20,51260,51260,105,51267.2,120,0,101835
BANKNIFTY-III.NFO,19/06/2024,09:33:22,51260,51260,105,51267.2,135,0,101835
BANKNIFTY-III.NFO,19/06/2024,09:33:24,51260,51260,15,51271,120,90,103305
BANKNIFTY-III.NFO,19/06/2024,09:33:25,51260,51260,15,51271,120,0,103305
BANKNIFTY-III.NFO,19/06/2024,09:33:27,51260,51260,15,51262.4,120,0,103305
BANKNIFTY-III.NFO,19/06/2024,09:33:29,51260,51251,30,51262.85,120,15,103305
BANKNIFTY-III.NFO,19/06/2024,09:33:30,51260,51251.1,15,51272.6,120,0,103305
BANKNIFTY-III.NFO,19/06/2024,09:33:32,51260,51251.5,60,51267.6,135,0,103305
BANKNIFTY-III.NFO,19/06/2024,09:33:34,51260,51256,15,51271.15,120,0,103305
BANKNIFTY-III.NFO,19/06/2024,09:33:35,51260,51257.95,45,51277.65,120,0,103305
BANKNIFTY-III.NFO,19/06/2024,09:33:37,51260,51259,45,51278.1,120,0,103305
BANKNIFTY-III.NFO,19/06/2024,09:33:39,51261.55,51261.6,45,51282.7,120,30,103305
BANKNIFTY-III.NFO,19/06/2024,09:33:40,51261.55,51256,15,51276.6,120,0,103305
BANKNIFTY-III.NFO,19/06/2024,09:33:42,51261.55,51260.1,15,51279,120,0,103305
BANKNIFTY-III.NFO,19/06/2024,09:33:44,51261.55,51260,15,51278.7,120,0,103305
BANKNIFTY-III.NFO,19/06/2024,09:33:45,51272.6,51260,15,51272.45,135,30,103305
BANKNIFTY-III.NFO,19/06/2024,09:33:47,51272.6,51260.05,30,51272.5,120,0,103305
BANKNIFTY-III.NFO,19/06/2024,09:33:49,51272.6,51260,15,51269.3,120,0,103305
BANKNIFTY-III.NFO,19/06/2024,09:33:50,51272.6,51260,15,51268.3,120,0,103305
BANKNIFTY-III.NFO,19/06/2024,09:33:52,51272.6,51260,15,51265.8,135,0,103305
BANKNIFTY-III.NFO,19/06/2024,09:33:54,51263.6,51260,15,51267,45,15,103305
BANKNIFTY-III.NFO,19/06/2024,09:33:55,51268.1,51254.05,60,51268.1,120,15,103305
BANKNIFTY-III.NFO,19/06/2024,09:33:57,51268.1,51254.25,60,51266.7,120,0,103305
BANKNIFTY-III.NFO,19/06/2024,09:33:59,51268.1,51251.4,60,51268.35,120,0,103305
BANKNIFTY-III.NFO,19/06/2024,09:34:00,51268.1,51251.6,60,51269.3,135,0,103305
BANKNIFTY-III.NFO,19/06/2024,09:34:02,51268.1,51255.2,75,51272.55,135,0,103305
BANKNIFTY-III.NFO,19/06/2024,09:34:04,51268.1,51261,60,51268.1,15,0,103305
BANKNIFTY-III.NFO,19/06/2024,09:34:05,51268.1,51261.5,75,51268.1,15,0,103305
BANKNIFTY-III.NFO,19/06/2024,09:34:07,51272.6,51268.9,60,51280,15,45,103305
BANKNIFTY-III.NFO,19/06/2024,09:34:09,51272.6,51270.5,60,51280,15,0,103305
BANKNIFTY-III.NFO,19/06/2024,09:34:10,51272.6,51272.65,60,51280,15,0,103305
BANKNIFTY-III.NFO,19/06/2024,09:34:12,51272.6,51272.85,60,51280,15,0,103305
BANKNIFTY-III.NFO,19/06/2024,09:34:14,51280,51274.1,60,51290,15,15,103305
BANKNIFTY-III.NFO,19/06/2024,09:34:16,51280,51277,60,51290,15,0,103305
BANKNIFTY-III.NFO,19/06/2024,09:34:17,51280,51277.35,60,51290,15,0,103305
BANKNIFTY-III.NFO,19/06/2024,09:34:19,51280,51278.3,60,51289.95,120,0,103305
BANKNIFTY-III.NFO,19/06/2024,09:34:21,51280,51275.25,75,51290,15,0,103305
BANKNIFTY-III.NFO,19/06/2024,09:34:22,51280,51280.15,60,51290,15,0,103305
BANKNIFTY-III.NFO,19/06/2024,09:34:24,51290,51284.1,60,51295,15,15,103305
BANKNIFTY-III.NFO,19/06/2024,09:34:26,51290,51284.8,60,51295,15,0,103305
BANKNIFTY-III.NFO,19/06/2024,09:34:27,51290,51284.9,60,51295,15,0,103305
BANKNIFTY-III.NFO,19/06/2024,09:34:29,51295,51290.65,60,51300,135,15,103305
BANKNIFTY-III.NFO,19/06/2024,09:34:31,51289.25,51289.95,45,51300,135,15,103305
BANKNIFTY-III.NFO,19/06/2024,09:34:32,51300,51290.9,45,51304.9,30,135,103305
BANKNIFTY-III.NFO,19/06/2024,09:34:34,51304.9,51296.95,45,51310,60,30,103305
BANKNIFTY-III.NFO,19/06/2024,09:34:36,51298.15,51297.15,45,51309.95,120,15,103305
BANKNIFTY-III.NFO,19/06/2024,09:34:37,51298.15,51296.55,45,51309.95,120,0,103305
BANKNIFTY-III.NFO,19/06/2024,09:34:39,51298.15,51294.8,30,51309.95,120,0,103305
BANKNIFTY-III.NFO,19/06/2024,09:34:41,51309.95,51296.9,15,51309.95,105,15,103305
BANKNIFTY-III.NFO,19/06/2024,09:34:42,51310,51298.3,60,51309.95,120,15,103305
BANKNIFTY-III.NFO,19/06/2024,09:34:44,51310,51298.75,30,51309.95,120,0,103305
BANKNIFTY-III.NFO,19/06/2024,09:34:46,51309.95,51299.3,15,51309.95,30,165,103305
BANKNIFTY-III.NFO,19/06/2024,09:34:47,51299.1,51299.2,15,51309.95,30,15,103305
BANKNIFTY-III.NFO,19/06/2024,09:34:49,51312,51307.65,120,51319.95,30,60,103305
BANKNIFTY-III.NFO,19/06/2024,09:34:51,51312,51308.65,120,51320,15,0,103305
BANKNIFTY-III.NFO,19/06/2024,09:34:52,51325,51313.15,120,51324.95,30,60,103305
BANKNIFTY-III.NFO,19/06/2024,09:34:54,51330,51319.1,120,51330,60,60,103305
BANKNIFTY-III.NFO,19/06/2024,09:34:56,51330,51321.85,120,51330,60,0,103305
BANKNIFTY-III.NFO,19/06/2024,09:34:57,51330,51319.1,135,51329.95,30,0,103305
BANKNIFTY-III.NFO,19/06/2024,09:34:59,51330,51317,135,51329.95,30,0,103305
BANKNIFTY-III.NFO,19/06/2024,09:35:01,51330,51317.7,150,51330,75,0,103305
BANKNIFTY-III.NFO,19/06/2024,09:35:02,51324.7,51324.65,15,51331.95,30,90,103305
BANKNIFTY-III.NFO,19/06/2024,09:35:04,51324.7,51321.4,135,51331.95,30,0,103305
BANKNIFTY-III.NFO,19/06/2024,09:35:06,51324.7,51316.9,15,51331.9,30,0,103305
BANKNIFTY-III.NFO,19/06/2024,09:35:07,51324.7,51312.1,120,51330.9,30,45,103305
BANKNIFTY-III.NFO,19/06/2024,09:35:09,51324.7,51319.45,120,51332,15,0,103305
BANKNIFTY-III.NFO,19/06/2024,09:35:11,51332,51321.4,120,51332.95,30,15,103305
BANKNIFTY-III.NFO,19/06/2024,09:35:13,51332,51321.9,15,51332.95,30,0,103305
BANKNIFTY-III.NFO,19/06/2024,09:35:14,51332,51314.7,15,51332.95,45,0,103305
BANKNIFTY-III.NFO,19/06/2024,09:35:16,51332,51311.4,120,51331.95,30,0,103305
BANKNIFTY-III.NFO,19/06/2024,09:35:18,51332,51317.85,120,51332,15,0,103305
BANKNIFTY-III.NFO,19/06/2024,09:35:19,51332,51322.05,120,51332,15,0,103305
BANKNIFTY-III.NFO,19/06/2024,09:35:21,51332,51318.2,120,51331.95,45,0,103305
BANKNIFTY-III.NFO,19/06/2024,09:35:23,51331.95,51319.85,135,51331.95,15,15,103305
BANKNIFTY-III.NFO,19/06/2024,09:35:24,51331.95,51320.4,120,51331.95,15,0,103305
BANKNIFTY-III.NFO,19/06/2024,09:35:26,51325,51326.25,135,51333,60,15,103305
BANKNIFTY-III.NFO,19/06/2024,09:35:27,51333,51326.05,120,51333,45,15,103305
BANKNIFTY-III.NFO,19/06/2024,09:35:29,51333,51316.2,135,51332.9,15,0,103305
BANKNIFTY-III.NFO,19/06/2024,09:35:31,51333,51316.65,120,51332.95,30,0,103305
BANKNIFTY-III.NFO,19/06/2024,09:35:32,51333,51317.4,135,51332.95,30,0,103305
BANKNIFTY-III.NFO,19/06/2024,09:35:34,51333,51316.9,135,51332.95,30,0,103305
BANKNIFTY-III.NFO,19/06/2024,09:35:36,51332.95,51320.05,135,51333,45,15,103305
BANKNIFTY-III.NFO,19/06/2024,09:35:37,51320.65,51322.1,120,51332.95,15,30,103305
BANKNIFTY-III.NFO,19/06/2024,09:35:39,51320.65,51320,15,51332.95,30,0,103305
BANKNIFTY-III.NFO,19/06/2024,09:35:42,51320.65,51320,15,51329.6,30,0,103305
BANKNIFTY-III.NFO,19/06/2024,09:35:44,51320.65,51320,15,51330.85,30,0,103305
BANKNIFTY-III.NFO,19/06/2024,09:35:45,51320.65,51320.65,15,51331.95,30,0,103305
BANKNIFTY-III.NFO,19/06/2024,09:35:47,51320,51304.35,15,51324.15,15,30,103305
BANKNIFTY-III.NFO,19/06/2024,09:35:49,51320,51300.1,15,51310.8,15,0,103305
BANKNIFTY-III.NFO,19/06/2024,09:35:50,51320,51300.15,120,51315.65,30,0,103305
BANKNIFTY-III.NFO,19/06/2024,09:35:52,51320,51300.3,15,51313.3,180,0,103305
BANKNIFTY-III.NFO,19/06/2024,09:35:53,51320,51300.05,15,51308.55,30,0,103305
BANKNIFTY-III.NFO,19/06/2024,09:35:55,51320,51300.05,15,51308.1,15,0,103305
BANKNIFTY-III.NFO,19/06/2024,09:35:57,51308.1,51300.05,15,51309.3,165,30,103305
BANKNIFTY-III.NFO,19/06/2024,09:35:58,51308.1,51300.2,15,51310.1,150,0,103305
BANKNIFTY-III.NFO,19/06/2024,09:36:00,51308.1,51300.25,135,51312.9,150,0,103305
BANKNIFTY-III.NFO,19/06/2024,09:36:01,51312.45,51300.25,15,51312.4,165,30,103305
BANKNIFTY-III.NFO,19/06/2024,09:36:03,51312.45,51300,15,51312.4,165,0,103305
BANKNIFTY-III.NFO,19/06/2024,09:36:05,51312.45,51300,15,51303.35,150,0,103305
BANKNIFTY-III.NFO,19/06/2024,09:36:06,51312.45,51300,15,51304.5,150,0,103305
BANKNIFTY-III.NFO,19/06/2024,09:36:08,51312.45,51300.15,15,51306.25,150,0,103305
BANKNIFTY-III.NFO,19/06/2024,09:36:09,51300,51288.25,15,51297.25,300,15,103305
BANKNIFTY-III.NFO,19/06/2024,09:36:11,51300,51293.65,30,51301.55,150,0,103305
BANKNIFTY-III.NFO,19/06/2024,09:36:13,51290.4,51288.5,120,51300,15,15,103305
BANKNIFTY-III.NFO,19/06/2024,09:36:14,51290.4,51288.6,120,51300,15,0,103305
BANKNIFTY-III.NFO,19/06/2024,09:36:16,51290.4,51288.7,120,51300,15,0,103305
BANKNIFTY-III.NFO,19/06/2024,09:36:18,51295.85,51288.9,135,51300,15,15,103305
BANKNIFTY-III.NFO,19/06/2024,09:36:19,51300,51291.55,150,51305.5,150,15,103305
BANKNIFTY-III.NFO,19/06/2024,09:36:21,51300,51291.15,120,51299.6,150,15,103305
BANKNIFTY-III.NFO,19/06/2024,09:36:23,51300,51291.2,15,51300.7,150,0,103305
BANKNIFTY-III.NFO,19/06/2024,09:36:24,51297.8,51289,15,51297.2,150,15,103305
BANKNIFTY-III.NFO,19/06/2024,09:36:26,51287.5,51290.1,135,51298,150,45,103830
BANKNIFTY-III.NFO,19/06/2024,09:36:27,51287.5,51288.05,120,51296.7,150,0,103830
BANKNIFTY-III.NFO,19/06/2024,09:36:29,51287.5,51288,15,51293.1,150,0,103830
BANKNIFTY-III.NFO,19/06/2024,09:36:31,51288.05,51289.3,135,51301.65,150,30,103830
BANKNIFTY-III.NFO,19/06/2024,09:36:32,51288.05,51298.1,45,51303.8,150,0,103830
BANKNIFTY-III.NFO,19/06/2024,09:36:34,51289.65,51289.75,150,51300,15,15,103830
BANKNIFTY-III.NFO,19/06/2024,09:36:36,51300,51294.3,135,51307.45,150,15,103830
BANKNIFTY-III.NFO,19/06/2024,09:36:37,51300,51294.15,135,51300,150,0,103830
BANKNIFTY-III.NFO,19/06/2024,09:36:39,51300,51300.8,120,51311,15,150,103830
BANKNIFTY-III.NFO,19/06/2024,09:36:41,51300,51304.75,120,51311,15,0,103830
BANKNIFTY-III.NFO,19/06/2024,09:36:42,51311,51310.05,120,51320,15,15,103830
BANKNIFTY-III.NFO,19/06/2024,09:36:44,51320.65,51315.15,120,51326.15,225,30,103830
BANKNIFTY-III.NFO,19/06/2024,09:36:46,51315.65,51315.95,120,51329.95,90,15,103830
BANKNIFTY-III.NFO,19/06/2024,09:36:47,51315.65,51313.35,135,51327.35,90,0,103830
BANKNIFTY-III.NFO,19/06/2024,09:36:49,51315.65,51322.8,135,51330,30,0,103830
BANKNIFTY-III.NFO,19/06/2024,09:36:51,51315.65,51319.35,135,51330,30,0,103830
BANKNIFTY-III.NFO,19/06/2024,09:36:52,51315.65,51321.65,120,51330,30,0,103830
BANKNIFTY-III.NFO,19/06/2024,09:36:54,51330,51322.9,135,51330,15,15,103830
BANKNIFTY-III.NFO,19/06/2024,09:36:56,51336.5,51330.45,120,51340,15,90,103830
BANKNIFTY-III.NFO,19/06/2024,09:36:56,51336.5,51330.45,120,51340,15,0,103830
BANKNIFTY-III.NFO,19/06/2024,09:36:57,51340,51330.5,120,51343.95,90,15,103830
BANKNIFTY-III.NFO,19/06/2024,09:36:57,51340,51330.5,120,51343.95,90,0,103830
BANKNIFTY-III.NFO,19/06/2024,09:36:59,51340,51330.7,120,51343.95,90,0,103830
BANKNIFTY-III.NFO,19/06/2024,09:37:01,51340,51332.9,120,51343.95,90,0,103830
BANKNIFTY-III.NFO,19/06/2024,09:37:02,51338.7,51329.4,120,51341.85,225,15,103830
BANKNIFTY-III.NFO,19/06/2024,09:37:04,51333.3,51331.6,120,51344,75,15,103830
BANKNIFTY-III.NFO,19/06/2024,09:37:06,51331.9,51329.5,90,51343.95,120,60,103830
BANKNIFTY-III.NFO,19/06/2024,09:37:07,51327.95,51327.95,75,51343.4,135,15,103830
BANKNIFTY-III.NFO,19/06/2024,09:37:09,51327.95,51328.05,75,51343.95,135,0,103830
BANKNIFTY-III.NFO,19/06/2024,09:37:11,51331.55,51324.7,90,51335.65,120,90,103830
BANKNIFTY-III.NFO,19/06/2024,09:37:12,51331.55,51320.55,15,51334.05,135,0,103830
BANKNIFTY-III.NFO,19/06/2024,09:37:14,51331.55,51317.05,75,51329.3,120,0,103830
BANKNIFTY-III.NFO,19/06/2024,09:37:15,51331.55,51311.3,75,51329.3,135,0,103830
BANKNIFTY-III.NFO,19/06/2024,09:37:17,51331.55,51311.35,15,51319.3,120,0,103830
BANKNIFTY-III.NFO,19/06/2024,09:37:19,51310.45,51308.3,75,51318,150,30,103830
BANKNIFTY-III.NFO,19/06/2024,09:37:20,51321.7,51312,75,51323.9,120,30,103830
BANKNIFTY-III.NFO,19/06/2024,09:37:22,51320.65,51308.4,15,51320.65,90,90,103830
BANKNIFTY-III.NFO,19/06/2024,09:37:24,51320.65,51302.9,135,51313.55,150,0,103830
BANKNIFTY-III.NFO,19/06/2024,09:37:25,51314.65,51304.8,120,51315.55,75,45,103830
BANKNIFTY-III.NFO,19/06/2024,09:37:27,51314.65,51302.4,75,51311.95,90,0,103830
BANKNIFTY-III.NFO,19/06/2024,09:37:29,51314.65,51296.35,135,51309.05,75,0,103830
BANKNIFTY-III.NFO,19/06/2024,09:37:30,51306.5,51296.55,135,51307.5,60,30,103830
BANKNIFTY-III.NFO,19/06/2024,09:37:32,51304.45,51295.4,150,51304.45,30,270,103830
BANKNIFTY-III.NFO,19/06/2024,09:37:34,51301.85,51295.95,135,51313.15,30,180,103830
BANKNIFTY-III.NFO,19/06/2024,09:37:35,51301.85,51300,15,51314.6,45,0,103830
BANKNIFTY-III.NFO,19/06/2024,09:37:39,51301.85,51301.95,120,51314.6,30,0,103830
BANKNIFTY-III.NFO,19/06/2024,09:37:40,51314.65,51307.75,120,51320,15,15,103830
BANKNIFTY-III.NFO,19/06/2024,09:37:42,51314.65,51312.65,120,51320,15,0,103830
BANKNIFTY-III.NFO,19/06/2024,09:37:44,51314.65,51311.25,120,51320,15,0,103830
BANKNIFTY-III.NFO,19/06/2024,09:37:45,51320,51314.05,120,51331.5,75,45,103830
BANKNIFTY-III.NFO,19/06/2024,09:37:47,51320,51313.9,15,51331.5,75,0,103830
BANKNIFTY-III.NFO,19/06/2024,09:37:49,51320,51308.55,120,51331.45,60,0,103830
BANKNIFTY-III.NFO,19/06/2024,09:37:52,51320,51307.75,120,51319.95,60,0,103830
BANKNIFTY-III.NFO,19/06/2024,09:37:54,51325,51308.1,120,51331.5,15,105,103830
BANKNIFTY-III.NFO,19/06/2024,09:37:55,51325,51310.15,120,51331.55,30,0,103830
BANKNIFTY-III.NFO,19/06/2024,09:37:59,51325,51307.75,120,51325,60,0,103830
BANKNIFTY-III.NFO,19/06/2024,09:38:00,51325,51308.45,135,51325,60,0,103830
BANKNIFTY-III.NFO,19/06/2024,09:38:02,51325,51310.35,120,51320,15,0,103830
BANKNIFTY-III.NFO,19/06/2024,09:38:04,51325,51305.4,135,51320,15,0,103830
BANKNIFTY-III.NFO,19/06/2024,09:38:05,51320,51306.5,120,51325,60,15,103830
BANKNIFTY-III.NFO,19/06/2024,09:38:07,51308.45,51303.75,135,51319.6,15,60,103830
BANKNIFTY-III.NFO,19/06/2024,09:38:09,51308.45,51304.7,120,51320.4,150,0,103830
BANKNIFTY-III.NFO,19/06/2024,09:38:10,51308.45,51304.05,120,51315.6,150,0,103830
BANKNIFTY-III.NFO,19/06/2024,09:38:12,51308.45,51308.3,120,51322.75,150,0,103830
BANKNIFTY-III.NFO,19/06/2024,09:38:14,51308.45,51308.5,120,51322.75,150,0,103830
BANKNIFTY-III.NFO,19/06/2024,09:38:16,51308.45,51305.45,120,51322.75,150,0,103830
BANKNIFTY-III.NFO,19/06/2024,09:38:17,51308.45,51303,120,51317.8,150,0,103830
BANKNIFTY-III.NFO,19/06/2024,09:38:19,51318.2,51304.25,135,51318.35,150,60,103830
BANKNIFTY-III.NFO,19/06/2024,09:38:21,51314.55,51301.3,120,51314.55,15,90,103830
BANKNIFTY-III.NFO,19/06/2024,09:38:22,51314.55,51308.45,120,51325,15,0,103830
BANKNIFTY-III.NFO,19/06/2024,09:38:24,51308.45,51310.85,135,51324.95,45,45,103830
BANKNIFTY-III.NFO,19/06/2024,09:38:26,51308.45,51313.15,120,51325,15,0,103830
BANKNIFTY-III.NFO,19/06/2024,09:38:27,51308.45,51313.1,135,51325,15,0,103830
BANKNIFTY-III.NFO,19/06/2024,09:38:29,51308.45,51311.9,135,51325,15,0,103830
BANKNIFTY-III.NFO,19/06/2024,09:38:31,51308.45,51310,120,51324.95,60,0,103830
BANKNIFTY-III.NFO,19/06/2024,09:38:32,51308.45,51310.2,120,51324.95,60,0,103830
BANKNIFTY-III.NFO,19/06/2024,09:38:34,51308.45,51310.3,120,51324.95,45,0,103830
BANKNIFTY-III.NFO,19/06/2024,09:38:36,51308.45,51306.05,135,51324.95,45,0,103830
BANKNIFTY-III.NFO,19/06/2024,09:38:37,51324.3,51308.05,135,51323.85,30,15,103830
BANKNIFTY-III.NFO,19/06/2024,09:38:39,51324.3,51307.7,135,51324.15,45,0,103830
BANKNIFTY-III.NFO,19/06/2024,09:38:41,51324.3,51306,120,51324.95,45,0,103830
BANKNIFTY-III.NFO,19/06/2024,09:38:42,51310,51302.8,120,51320.3,45,15,103830
BANKNIFTY-III.NFO,19/06/2024,09:38:44,51310,51302.9,135,51318.55,45,0,103830
BANKNIFTY-III.NFO,19/06/2024,09:38:46,51318.7,51300.8,135,51317.4,135,30,103830
BANKNIFTY-III.NFO,19/06/2024,09:38:47,51318.7,51302.55,135,51318.4,135,0,103830
BANKNIFTY-III.NFO,19/06/2024,09:38:49,51318.7,51301.75,135,51317.8,120,0,103830
BANKNIFTY-III.NFO,19/06/2024,09:38:51,51318.7,51301.75,120,51314.7,135,0,103830
BANKNIFTY-III.NFO,19/06/2024,09:38:52,51318.7,51302.3,120,51313.9,120,0,103830
BANKNIFTY-III.NFO,19/06/2024,09:38:54,51318.7,51300.85,120,51315.05,120,0,103830
BANKNIFTY-III.NFO,19/06/2024,09:38:55,51318.8,51300.05,135,51319.3,15,15,103830
BANKNIFTY-III.NFO,19/06/2024,09:38:57,51318.8,51302.65,120,51317.1,120,0,103830
BANKNIFTY-III.NFO,19/06/2024,09:38:59,51318.8,51301.7,135,51315.6,120,0,103830
BANKNIFTY-III.NFO,19/06/2024,09:39:00,51318.8,51302.05,120,51320,150,0,103830
BANKNIFTY-III.NFO,19/06/2024,09:39:02,51318.8,51311.6,45,51322.4,120,0,103830
BANKNIFTY-III.NFO,19/06/2024,09:39:04,51318.8,51311.7,30,51318,15,0,103830
BANKNIFTY-III.NFO,19/06/2024,09:39:05,51318.8,51312.45,30,51318,15,0,103830
BANKNIFTY-III.NFO,19/06/2024,09:39:07,51318,51309.1,30,51318.8,45,15,103830
BANKNIFTY-III.NFO,19/06/2024,09:39:09,51318,51305.1,120,51317.5,120,0,103830
BANKNIFTY-III.NFO,19/06/2024,09:39:10,51318,51305.4,30,51315.1,120,0,103830
BANKNIFTY-III.NFO,19/06/2024,09:39:12,51318,51305.4,30,51317,135,0,103830
BANKNIFTY-III.NFO,19/06/2024,09:39:14,51318,51305.4,30,51314.9,135,0,103830
BANKNIFTY-III.NFO,19/06/2024,09:39:15,51318,51305.4,30,51310.35,120,0,103830
BANKNIFTY-III.NFO,19/06/2024,09:39:17,51318,51305.4,30,51308.7,120,0,103830
BANKNIFTY-III.NFO,19/06/2024,09:39:19,51318,51305.4,30,51313.6,120,0,103830
BANKNIFTY-III.NFO,19/06/2024,09:39:20,51318,51301.9,120,51312.45,120,0,103830
BANKNIFTY-III.NFO,19/06/2024,09:39:22,51318,51302.5,30,51311.1,120,0,103830
BANKNIFTY-III.NFO,19/06/2024,09:39:24,51318,51305,120,51315.95,120,0,103830
BANKNIFTY-III.NFO,19/06/2024,09:39:25,51318,51313.7,135,51318,15,0,103830
BANKNIFTY-III.NFO,19/06/2024,09:39:27,51319,51321.15,120,51325,30,75,104580
BANKNIFTY-III.NFO,19/06/2024,09:39:29,51325,51322.25,120,51328.45,15,30,104580
BANKNIFTY-III.NFO,19/06/2024,09:39:30,51325,51322.15,150,51325,15,0,104580
BANKNIFTY-III.NFO,19/06/2024,09:39:32,51330,51322.15,120,51331.55,15,60,104580
BANKNIFTY-III.NFO,19/06/2024,09:39:33,51330,51320.9,120,51331.55,15,0,104580
BANKNIFTY-III.NFO,19/06/2024,09:39:35,51330,51318.7,135,51331.55,15,0,104580
BANKNIFTY-III.NFO,19/06/2024,09:39:37,51330,51330,15,51331.55,15,0,104580
BANKNIFTY-III.NFO,19/06/2024,09:39:39,51330,51330,15,51331.25,120,0,104580
BANKNIFTY-III.NFO,19/06/2024,09:39:40,51330,51313.35,90,51331.35,45,15,104580
BANKNIFTY-III.NFO,19/06/2024,09:39:42,51330,51319.05,30,51323.5,120,0,104580
BANKNIFTY-III.NFO,19/06/2024,09:39:44,51330,51307.75,135,51324.5,135,0,104580
BANKNIFTY-III.NFO,19/06/2024,09:39:45,51330,51305.15,120,51318.55,135,0,104580
BANKNIFTY-III.NFO,19/06/2024,09:39:47,51330,51304.85,120,51316.5,120,0,104580
BANKNIFTY-III.NFO,19/06/2024,09:39:48,51330,51303.35,120,51314.15,120,0,104580
BANKNIFTY-III.NFO,19/06/2024,09:39:50,51330,51300,60,51314.15,135,0,104580
BANKNIFTY-III.NFO,19/06/2024,09:39:52,51300.05,51303,120,51316.7,45,75,104580
BANKNIFTY-III.NFO,19/06/2024,09:39:53,51300.05,51303.95,120,51313.85,45,0,104580
BANKNIFTY-III.NFO,19/06/2024,09:39:55,51300.05,51301.45,135,51313.55,45,0,104580
BANKNIFTY-III.NFO,19/06/2024,09:39:57,51301.45,51305.05,120,51315.4,75,30,104580
BANKNIFTY-III.NFO,19/06/2024,09:39:58,51301.45,51303.65,120,51317.65,60,0,104580
BANKNIFTY-III.NFO,19/06/2024,09:40:00,51306.25,51300.9,120,51314.3,30,75,104580
BANKNIFTY-III.NFO,19/06/2024,09:40:02,51306.25,51300.05,120,51312,30,0,104580
BANKNIFTY-III.NFO,19/06/2024,09:40:03,51306.25,51300.05,120,51309.65,15,0,104580
BANKNIFTY-III.NFO,19/06/2024,09:40:05,51309.75,51300.05,120,51308.9,15,90,104580
BANKNIFTY-III.NFO,19/06/2024,09:40:07,51309.75,51300.05,120,51312,15,0,104580
BANKNIFTY-III.NFO,19/06/2024,09:40:08,51309.75,51300.05,120,51310.55,60,0,104580
BANKNIFTY-III.NFO,19/06/2024,09:40:10,51309.75,51300.05,120,51308.95,45,0,104580
BANKNIFTY-III.NFO,19/06/2024,09:40:11,51309.65,51300.05,120,51311.15,45,15,104580
BANKNIFTY-III.NFO,19/06/2024,09:40:13,51309.65,51300,120,51309.3,45,0,104580
BANKNIFTY-III.NFO,19/06/2024,09:40:15,51300,51300,90,51309.3,15,30,104580
BANKNIFTY-III.NFO,19/06/2024,09:40:16,51300,51300,90,51309.3,15,0,104580
BANKNIFTY-III.NFO,19/06/2024,09:40:18,51309.2,51300,90,51309.2,30,15,104580
BANKNIFTY-III.NFO,19/06/2024,09:40:20,51309.2,51300,90,51309.2,30,0,104580
BANKNIFTY-III.NFO,19/06/2024,09:40:23,51300,51284.25,135,51299.95,60,90,104580
BANKNIFTY-III.NFO,19/06/2024,09:40:25,51300,51293.85,135,51300,225,90,104580
BANKNIFTY-III.NFO,19/06/2024,09:40:26,51295,51286.65,120,51295,15,45,104580
BANKNIFTY-III.NFO,19/06/2024,09:40:28,51295,51290.95,120,51300,225,15,104580
BANKNIFTY-III.NFO,19/06/2024,09:40:29,51295,51296.8,120,51300,225,0,104580
BANKNIFTY-III.NFO,19/06/2024,09:40:31,51300,51291.35,120,51300,105,135,104580
BANKNIFTY-III.NFO,19/06/2024,09:40:33,51300,51306.85,135,51309.75,15,105,104580
BANKNIFTY-III.NFO,19/06/2024,09:40:34,51300,51303.85,135,51318.35,105,0,104580
BANKNIFTY-III.NFO,19/06/2024,09:40:36,51300,51300.55,120,51315.65,90,0,104580
BANKNIFTY-III.NFO,19/06/2024,09:40:38,51300,51301.1,120,51317.6,45,0,104580
BANKNIFTY-III.NFO,19/06/2024,09:40:39,51300,51302.95,120,51317.55,90,0,104580
BANKNIFTY-III.NFO,19/06/2024,09:40:41,51300,51298.65,120,51314.2,90,0,104580
BANKNIFTY-III.NFO,19/06/2024,09:40:43,51299.3,51299.55,120,51315.8,105,15,104580
BANKNIFTY-III.NFO,19/06/2024,09:40:44,51299.3,51298.3,120,51316.2,120,0,104580
BANKNIFTY-III.NFO,19/06/2024,09:40:46,51299.3,51300.05,120,51315.75,105,0,104580
BANKNIFTY-III.NFO,19/06/2024,09:40:47,51299.3,51300.05,120,51315.05,105,0,104580
BANKNIFTY-III.NFO,19/06/2024,09:40:49,51299.3,51300,15,51315.05,105,0,104580
BANKNIFTY-III.NFO,19/06/2024,09:40:51,51300,51291.15,120,51306.65,105,15,104580
BANKNIFTY-III.NFO,19/06/2024,09:40:52,51300,51291.65,120,51307.8,105,0,104580
BANKNIFTY-III.NFO,19/06/2024,09:40:54,51307.8,51290.05,180,51303.7,75,30,104580
BANKNIFTY-III.NFO,19/06/2024,09:40:55,51307.8,51290.05,120,51303.7,90,0,104580
BANKNIFTY-III.NFO,19/06/2024,09:40:57,51307.8,51290.05,135,51308.3,75,0,104580
BANKNIFTY-III.NFO,19/06/2024,09:40:59,51307.8,51290.35,120,51310.3,75,0,104580
BANKNIFTY-III.NFO,19/06/2024,09:41:00,51290.35,51290.35,135,51300,15,75,104580
BANKNIFTY-III.NFO,19/06/2024,09:41:02,51290.35,51290.05,135,51300,15,0,104580
BANKNIFTY-III.NFO,19/06/2024,09:41:04,51290.35,51290.1,120,51300,15,0,104580
BANKNIFTY-III.NFO,19/06/2024,09:41:05,51290.35,51290.3,120,51300,15,0,104580
BANKNIFTY-III.NFO,19/06/2024,09:41:07,51290.35,51293.8,120,51300,15,0,104580
BANKNIFTY-III.NFO,19/06/2024,09:41:09,51300,51294.7,120,51312.4,90,15,104580
BANKNIFTY-III.NFO,19/06/2024,09:41:10,51300,51295,120,51313.45,90,0,104580
BANKNIFTY-III.NFO,19/06/2024,09:41:16,51300,51296.8,120,51317.5,90,0,104580
BANKNIFTY-III.NFO,19/06/2024,09:41:18,51294,51290.05,135,51307.75,120,15,104580
BANKNIFTY-III.NFO,19/06/2024,09:41:19,51294,51290.3,120,51307.75,120,0,104580
BANKNIFTY-III.NFO,19/06/2024,09:41:21,51294,51302,120,51307.8,15,0,104580
BANKNIFTY-III.NFO,19/06/2024,09:41:23,51294,51303.9,45,51307.8,15,0,104580
BANKNIFTY-III.NFO,19/06/2024,09:41:24,51307.8,51306.8,135,51319.95,105,15,104580
BANKNIFTY-III.NFO,19/06/2024,09:41:26,51307.8,51310,120,51319.95,105,0,104580
BANKNIFTY-III.NFO,19/06/2024,09:41:28,51310.6,51314.3,45,51320,30,15,104580
BANKNIFTY-III.NFO,19/06/2024,09:41:29,51310.6,51316.55,45,51320,30,0,104580
BANKNIFTY-III.NFO,19/06/2024,09:41:31,51310.6,51313.75,120,51320,30,0,104580
BANKNIFTY-III.NFO,19/06/2024,09:41:32,51310.6,51316.65,45,51320,30,0,104580
BANKNIFTY-III.NFO,19/06/2024,09:41:34,51310.6,51315.1,120,51320,30,0,104580
BANKNIFTY-III.NFO,19/06/2024,09:41:36,51310.6,51312.45,120,51320,30,0,104580
BANKNIFTY-III.NFO,19/06/2024,09:41:37,51310.6,51314.85,45,51320,30,0,104580
BANKNIFTY-III.NFO,19/06/2024,09:41:39,51320,51317.05,120,51329.95,135,30,104580
BANKNIFTY-III.NFO,19/06/2024,09:41:41,51320,51323.35,45,51330,45,0,104580
BANKNIFTY-III.NFO,19/06/2024,09:41:42,51320,51324,120,51330,45,0,104580
BANKNIFTY-III.NFO,19/06/2024,09:41:44,51320,51322.1,120,51330,45,0,104580
BANKNIFTY-III.NFO,19/06/2024,09:41:46,51320,51317.1,120,51329.95,120,0,104580
BANKNIFTY-III.NFO,19/06/2024,09:41:47,51317.25,51317.25,105,51329.95,120,15,104580
BANKNIFTY-III.NFO,19/06/2024,09:41:49,51329.95,51315.8,120,51329.95,120,15,104580
BANKNIFTY-III.NFO,19/06/2024,09:41:51,51329.95,51308.75,120,51319.95,120,0,104580
BANKNIFTY-III.NFO,19/06/2024,09:41:52,51329.95,51307,45,51319.95,120,0,104580
BANKNIFTY-III.NFO,19/06/2024,09:41:54,51329.95,51297,120,51315.85,135,0,104580
BANKNIFTY-III.NFO,19/06/2024,09:41:56,51329.95,51297.75,45,51300,15,0,104580
BANKNIFTY-III.NFO,19/06/2024,09:41:57,51300,51294.85,45,51309.65,120,15,104580
BANKNIFTY-III.NFO,19/06/2024,09:41:59,51300,51292.85,120,51309.8,120,0,104580
BANKNIFTY-III.NFO,19/06/2024,09:42:01,51300,51290,75,51302.65,120,0,104580
BANKNIFTY-III.NFO,19/06/2024,09:42:02,51290,51290,45,51291.1,120,30,104580
BANKNIFTY-III.NFO,19/06/2024,09:42:04,51290,51280,30,51295.45,120,45,104580
BANKNIFTY-III.NFO,19/06/2024,09:42:06,51290,51280.05,120,51297.7,120,0,104580
BANKNIFTY-III.NFO,19/06/2024,09:42:07,51294.6,51280.05,135,51295.2,120,15,104580
BANKNIFTY-III.NFO,19/06/2024,09:42:09,51284,51280,30,51292.15,120,45,104580
BANKNIFTY-III.NFO,19/06/2024,09:42:10,51284,51280,30,51292,120,0,104580
BANKNIFTY-III.NFO,19/06/2024,09:42:12,51284,51280.05,105,51293.75,120,0,104580
BANKNIFTY-III.NFO,19/06/2024,09:42:14,51284,51280,30,51288.4,120,0,104580
BANKNIFTY-III.NFO,19/06/2024,09:42:15,51284,51280,30,51292.9,120,0,104580
BANKNIFTY-III.NFO,19/06/2024,09:42:17,51284,51280,30,51292.15,120,0,104580
BANKNIFTY-III.NFO,19/06/2024,09:42:18,51284,51280,30,51284.65,135,0,104580
BANKNIFTY-III.NFO,19/06/2024,09:42:20,51284,51280,30,51285.25,135,0,104580
BANKNIFTY-III.NFO,19/06/2024,09:42:22,51284,51280,30,51292.15,120,0,104580
BANKNIFTY-III.NFO,19/06/2024,09:42:23,51284,51280.05,105,51295.3,120,0,104580
BANKNIFTY-III.NFO,19/06/2024,09:42:25,51284,51280,30,51288.2,135,0,104580
BANKNIFTY-III.NFO,19/06/2024,09:42:27,51284,51280.05,120,51292,30,0,104580
BANKNIFTY-III.NFO,19/06/2024,09:42:30,51280.05,51280.75,90,51292,30,15,104775
BANKNIFTY-III.NFO,19/06/2024,09:42:32,51280.05,51280.05,90,51291.95,135,0,104775
BANKNIFTY-III.NFO,19/06/2024,09:42:35,51280.05,51280,30,51284.4,120,0,104775
BANKNIFTY-III.NFO,19/06/2024,09:42:37,51280,51280,15,51287.7,120,15,104775
BANKNIFTY-III.NFO,19/06/2024,09:42:38,51280,51280,15,51289.95,135,0,104775
BANKNIFTY-III.NFO,19/06/2024,09:42:40,51280,51280.05,90,51290,15,0,104775
BANKNIFTY-III.NFO,19/06/2024,09:42:42,51280,51280.05,90,51289.95,135,0,104775
BANKNIFTY-III.NFO,19/06/2024,09:42:43,51280,51280.05,90,51290,15,0,104775
BANKNIFTY-III.NFO,19/06/2024,09:42:45,51280,51280.2,90,51290,15,0,104775
BANKNIFTY-III.NFO,19/06/2024,09:42:47,51280,51280.05,105,51290,15,0,104775
BANKNIFTY-III.NFO,19/06/2024,09:42:48,51280,51280.05,90,51290,15,0,104775
BANKNIFTY-III.NFO,19/06/2024,09:42:50,51290,51280.05,105,51292,30,15,104775
BANKNIFTY-III.NFO,19/06/2024,09:42:52,51290,51280,75,51290.65,120,0,104775
BANKNIFTY-III.NFO,19/06/2024,09:42:53,51290,51280,75,51289.6,120,0,104775
BANKNIFTY-III.NFO,19/06/2024,09:42:55,51290,51281.9,105,51292,30,0,104775
BANKNIFTY-III.NFO,19/06/2024,09:42:57,51290,51280.95,90,51292,30,0,104775
BANKNIFTY-III.NFO,19/06/2024,09:42:58,51290,51283.4,90,51292,30,0,104775
BANKNIFTY-III.NFO,19/06/2024,09:43:00,51280.05,51280.05,60,51291.9,45,30,104775
BANKNIFTY-III.NFO,19/06/2024,09:43:02,51280.05,51280.05,45,51292,30,30,104775
BANKNIFTY-III.NFO,19/06/2024,09:43:03,51292,51283.1,45,51292,15,15,104775
BANKNIFTY-III.NFO,19/06/2024,09:43:05,51292,51290.4,30,51296,15,15,104775
BANKNIFTY-III.NFO,19/06/2024,09:43:07,51300,51291.45,30,51300,45,60,104775
BANKNIFTY-III.NFO,19/06/2024,09:43:08,51300,51291.45,60,51307.8,120,45,104775
BANKNIFTY-III.NFO,19/06/2024,09:43:10,51300,51293.55,45,51313.65,135,0,104775
BANKNIFTY-III.NFO,19/06/2024,09:43:12,51300,51293.75,45,51313.4,45,0,104775
BANKNIFTY-III.NFO,19/06/2024,09:43:13,51300,51297.55,45,51317.7,120,0,104775
BANKNIFTY-III.NFO,19/06/2024,09:43:15,51300,51298,45,51315.35,120,0,104775
BANKNIFTY-III.NFO,19/06/2024,09:43:17,51298.2,51298.15,15,51319.95,135,15,104775
BANKNIFTY-III.NFO,19/06/2024,09:43:18,51298.2,51293.6,45,51316.3,120,0,104775
BANKNIFTY-III.NFO,19/06/2024,09:43:20,51298.2,51291.55,30,51313.7,120,0,104775
BANKNIFTY-III.NFO,19/06/2024,09:43:22,51298.2,51294.75,15,51317.35,120,0,104775
BANKNIFTY-III.NFO,19/06/2024,09:43:23,51298.2,51294.65,90,51316.85,120,0,104775
BANKNIFTY-III.NFO,19/06/2024,09:43:25,51298.2,51297.4,90,51317.35,120,0,104775
BANKNIFTY-III.NFO,19/06/2024,09:43:26,51298.2,51297.4,15,51317.35,120,0,104775
BANKNIFTY-III.NFO,19/06/2024,09:43:28,51298.2,51292.7,75,51314,120,0,104775
BANKNIFTY-III.NFO,19/06/2024,09:43:30,51298.2,51289.35,15,51310.95,120,0,104775
BANKNIFTY-III.NFO,19/06/2024,09:43:31,51298.2,51291.35,90,51298.2,15,0,104775
BANKNIFTY-III.NFO,19/06/2024,09:43:33,51298.2,51291.4,15,51315.55,120,15,104775
BANKNIFTY-III.NFO,19/06/2024,09:43:35,51298.2,51293.35,30,51316.65,120,0,104775
BANKNIFTY-III.NFO,19/06/2024,09:43:36,51298.2,51298.2,30,51316.65,120,0,104775
BANKNIFTY-III.NFO,19/06/2024,09:43:38,51298.2,51298.2,30,51315.5,120,0,104775
BANKNIFTY-III.NFO,19/06/2024,09:43:41,51300.35,51300.35,75,51315.55,15,15,104775
BANKNIFTY-III.NFO,19/06/2024,09:43:43,51300.35,51298.2,15,51315.5,135,0,104775
BANKNIFTY-III.NFO,19/06/2024,09:43:45,51300.9,51300.95,75,51315.55,15,15,104775
BANKNIFTY-III.NFO,19/06/2024,09:43:46,51300.9,51300.95,15,51315.5,120,0,104775
BANKNIFTY-III.NFO,19/06/2024,09:43:48,51300.9,51300.95,15,51315.5,135,0,104775
BANKNIFTY-III.NFO,19/06/2024,09:43:50,51300.9,51298.25,15,51315.5,135,0,104775
BANKNIFTY-III.NFO,19/06/2024,09:43:51,51298.25,51298.2,15,51312.9,120,15,104775
BANKNIFTY-III.NFO,19/06/2024,09:43:53,51298.25,51298.25,15,51315.5,120,0,104775
BANKNIFTY-III.NFO,19/06/2024,09:43:55,51298.25,51298.25,15,51315.5,135,0,104775
BANKNIFTY-III.NFO,19/06/2024,09:43:56,51300,51298.8,135,51315.55,15,30,104775
BANKNIFTY-III.NFO,19/06/2024,09:43:58,51300,51298.85,15,51314.95,120,0,104775
BANKNIFTY-III.NFO,19/06/2024,09:44:00,51300,51299,60,51315,105,0,104775
BANKNIFTY-III.NFO,19/06/2024,09:44:02,51300,51300.75,90,51315,105,0,104775
BANKNIFTY-III.NFO,19/06/2024,09:44:03,51300,51304,15,51315,105,0,104775
BANKNIFTY-III.NFO,19/06/2024,09:44:05,51300,51304.25,15,51315,105,0,104775
BANKNIFTY-III.NFO,19/06/2024,09:44:07,51300,51304.35,60,51315,105,0,104775
BANKNIFTY-III.NFO,19/06/2024,09:44:08,51300,51306.85,90,51315,105,0,104775
BANKNIFTY-III.NFO,19/06/2024,09:44:10,51300,51304.75,165,51315,105,0,104775
BANKNIFTY-III.NFO,19/06/2024,09:44:12,51300,51301.55,30,51315,105,0,104775
BANKNIFTY-III.NFO,19/06/2024,09:44:14,51300,51303.65,15,51315,105,0,104775
BANKNIFTY-III.NFO,19/06/2024,09:44:15,51300,51306.15,30,51315,105,0,104775
BANKNIFTY-III.NFO,19/06/2024,09:44:17,51330,51321.05,15,51334.95,120,315,104775
BANKNIFTY-III.NFO,19/06/2024,09:44:19,51314.05,51311.65,15,51334.95,135,15,104775
BANKNIFTY-III.NFO,19/06/2024,09:44:20,51314.05,51311.75,30,51334.95,135,0,104775
BANKNIFTY-III.NFO,19/06/2024,09:44:22,51314.05,51316.1,60,51334.95,120,0,104775
BANKNIFTY-III.NFO,19/06/2024,09:44:24,51314.05,51318.1,15,51334.95,120,0,104775
BANKNIFTY-III.NFO,19/06/2024,09:44:25,51314.05,51320.2,90,51335,15,0,104775
BANKNIFTY-III.NFO,19/06/2024,09:44:27,51314.05,51322.35,90,51335,15,0,104775
BANKNIFTY-III.NFO,19/06/2024,09:44:29,51314.05,51327.25,60,51335,15,0,104775
BANKNIFTY-III.NFO,19/06/2024,09:44:30,51335,51331.2,90,51339,45,15,104775
BANKNIFTY-III.NFO,19/06/2024,09:44:32,51346.1,51339.4,15,51349,15,180,104775
BANKNIFTY-III.NFO,19/06/2024,09:44:32,51346.1,51339.4,15,51349,15,0,104775
BANKNIFTY-III.NFO,19/06/2024,09:44:34,51349,51339.4,15,51349.85,120,15,104775
BANKNIFTY-III.NFO,19/06/2024,09:44:34,51349,51339.4,15,51349.85,120,0,104775
BANKNIFTY-III.NFO,19/06/2024,09:44:35,51349,51336.2,15,51349.85,120,0,104775
BANKNIFTY-III.NFO,19/06/2024,09:44:37,51350,51340.4,15,51350,450,135,104775
BANKNIFTY-III.NFO,19/06/2024,09:44:37,51350,51340.4,15,51350,450,0,104775
BANKNIFTY-III.NFO,19/06/2024,09:44:39,51350,51343.05,90,51350,450,0,104775
BANKNIFTY-III.NFO,19/06/2024,09:44:40,51350,51343.15,45,51350,240,210,104775
BANKNIFTY-III.NFO,19/06/2024,09:44:42,51350,51336.3,15,51349.95,120,0,104775
BANKNIFTY-III.NFO,19/06/2024,09:44:44,51350,51337.4,90,51349.95,120,0,104775
BANKNIFTY-III.NFO,19/06/2024,09:44:45,51350,51342.5,60,51350,300,0,104775
BANKNIFTY-III.NFO,19/06/2024,09:44:47,51386,51359.85,150,51387.95,120,600,104775
BANKNIFTY-III.NFO,19/06/2024,09:44:47,51386,51359.85,150,51387.95,120,0,104775
BANKNIFTY-III.NFO,19/06/2024,09:44:49,51386,51363.25,15,51375,15,0,104775
BANKNIFTY-III.NFO,19/06/2024,09:44:50,51386,51365.2,120,51375,15,0,104775
BANKNIFTY-III.NFO,19/06/2024,09:44:52,51385.95,51372.95,15,51386,15,30,104775
BANKNIFTY-III.NFO,19/06/2024,09:44:54,51385.95,51373.45,15,51385.95,135,0,104775
BANKNIFTY-III.NFO,19/06/2024,09:44:55,51385.95,51374.85,15,51386,15,0,104775
BANKNIFTY-III.NFO,19/06/2024,09:44:57,51385.95,51376.25,15,51386,15,0,104775
BANKNIFTY-III.NFO,19/06/2024,09:44:59,51386,51386.05,15,51388,15,15,104775
BANKNIFTY-III.NFO,19/06/2024,09:45:00,51400,51386.9,15,51409.95,120,510,104775
BANKNIFTY-III.NFO,19/06/2024,09:45:00,51401.3,51386.9,15,51409.95,120,0,104775
BANKNIFTY-III.NFO,19/06/2024,09:45:02,51410,51400.45,120,51418.45,120,240,104775
BANKNIFTY-III.NFO,19/06/2024,09:45:02,51410,51400.45,120,51418.45,120,0,104775
BANKNIFTY-III.NFO,19/06/2024,09:45:04,51400.95,51404.75,45,51428.45,120,30,104775
BANKNIFTY-III.NFO,19/06/2024,09:45:05,51400.95,51404.95,30,51428.45,135,0,104775
BANKNIFTY-III.NFO,19/06/2024,09:45:07,51400.95,51403.35,15,51428.95,135,0,104775
BANKNIFTY-III.NFO,19/06/2024,09:45:09,51400.95,51408.2,15,51428.95,135,0,104775
BANKNIFTY-III.NFO,19/06/2024,09:45:10,51410,51399.55,45,51425.75,120,15,104775
BANKNIFTY-III.NFO,19/06/2024,09:45:12,51410,51387.65,45,51419.75,120,0,104775
BANKNIFTY-III.NFO,19/06/2024,09:45:14,51410,51386,60,51405.7,120,0,104775
BANKNIFTY-III.NFO,19/06/2024,09:45:15,51405.7,51386.15,15,51405.7,120,15,104775
BANKNIFTY-III.NFO,19/06/2024,09:45:17,51405.7,51386.05,15,51405.7,120,0,104775
BANKNIFTY-III.NFO,19/06/2024,09:45:19,51405.7,51386,60,51401.15,120,15,104775
BANKNIFTY-III.NFO,19/06/2024,09:45:20,51386,51386,45,51401,120,15,104775
BANKNIFTY-III.NFO,19/06/2024,09:45:22,51386,51386,45,51401,120,0,104775
BANKNIFTY-III.NFO,19/06/2024,09:45:24,51401,51386.05,45,51401,120,30,104775
BANKNIFTY-III.NFO,19/06/2024,09:45:25,51401,51386,30,51401,120,0,104775
BANKNIFTY-III.NFO,19/06/2024,09:45:32,51401,51386.15,120,51405.2,120,60,106305
BANKNIFTY-III.NFO,19/06/2024,09:45:34,51401,51386,30,51406.2,120,0,106305
BANKNIFTY-III.NFO,19/06/2024,09:45:35,51400.95,51386.05,120,51400.9,120,15,106305
BANKNIFTY-III.NFO,19/06/2024,09:45:37,51386,51371.15,120,51397.8,120,30,106305
BANKNIFTY-III.NFO,19/06/2024,09:45:39,51386,51373.1,120,51397.8,120,0,106305
BANKNIFTY-III.NFO,19/06/2024,09:45:40,51386,51372.25,120,51397.8,120,0,106305
BANKNIFTY-III.NFO,19/06/2024,09:45:42,51397.8,51372.45,120,51397.8,105,15,106305
BANKNIFTY-III.NFO,19/06/2024,09:45:44,51397.8,51375.95,120,51397.8,105,0,106305
BANKNIFTY-III.NFO,19/06/2024,09:45:45,51397.8,51373.05,120,51396.65,105,0,106305
BANKNIFTY-III.NFO,19/06/2024,09:45:47,51396,51365.85,135,51390.45,75,30,106305
BANKNIFTY-III.NFO,19/06/2024,09:45:49,51365.85,51366.9,120,51390.45,90,15,106305
BANKNIFTY-III.NFO,19/06/2024,09:45:50,51367,51367.1,120,51390.45,105,15,106305
BANKNIFTY-III.NFO,19/06/2024,09:45:52,51367,51369.5,135,51390.95,105,0,106305
BANKNIFTY-III.NFO,19/06/2024,09:45:54,51367,51366.9,120,51389.9,105,0,106305
BANKNIFTY-III.NFO,19/06/2024,09:45:55,51389.9,51367.75,120,51389.15,90,15,106305
BANKNIFTY-III.NFO,19/06/2024,09:45:57,51389.9,51367.95,120,51389.4,90,0,106305
BANKNIFTY-III.NFO,19/06/2024,09:45:59,51389.9,51378.05,120,51396.95,105,0,106305
BANKNIFTY-III.NFO,19/06/2024,09:46:00,51378.05,51378.25,120,51396.95,135,30,106305
BANKNIFTY-III.NFO,19/06/2024,09:46:02,51378.05,51378.35,135,51389,60,0,106305
BANKNIFTY-III.NFO,19/06/2024,09:46:04,51378.05,51376.7,105,51389,60,30,106305
BANKNIFTY-III.NFO,19/06/2024,09:46:05,51378.05,51378.75,120,51389,60,0,106305
BANKNIFTY-III.NFO,19/06/2024,09:46:07,51378.05,51378.65,120,51389,60,0,106305
BANKNIFTY-III.NFO,19/06/2024,09:46:09,51378.05,51371.1,105,51388.95,135,0,106305
BANKNIFTY-III.NFO,19/06/2024,09:46:10,51378.05,51371.2,120,51388.95,120,0,106305
BANKNIFTY-III.NFO,19/06/2024,09:46:12,51378,51375.75,120,51394.45,120,60,106305
BANKNIFTY-III.NFO,19/06/2024,09:46:14,51378,51374.8,105,51397.75,135,0,106305
BANKNIFTY-III.NFO,19/06/2024,09:46:15,51378,51374.85,105,51397.75,135,0,106305
BANKNIFTY-III.NFO,19/06/2024,09:46:17,51397.75,51370.75,120,51394.05,120,15,106305
BANKNIFTY-III.NFO,19/06/2024,09:46:19,51397.75,51374.45,120,51395.2,120,0,106305
BANKNIFTY-III.NFO,19/06/2024,09:46:20,51397.75,51374.35,120,51395.2,120,0,106305
BANKNIFTY-III.NFO,19/06/2024,09:46:22,51397.75,51378.45,135,51397.75,135,0,106305
BANKNIFTY-III.NFO,19/06/2024,09:46:24,51397.75,51375.95,120,51397.75,135,0,106305
BANKNIFTY-III.NFO,19/06/2024,09:46:25,51397.75,51371.2,120,51396,120,0,106305
BANKNIFTY-III.NFO,19/06/2024,09:46:27,51370.25,51370.35,105,51396,120,15,106305
BANKNIFTY-III.NFO,19/06/2024,09:46:29,51370.25,51369.45,105,51392.1,120,0,106305
BANKNIFTY-III.NFO,19/06/2024,09:46:30,51370.25,51365.5,120,51386.75,135,0,106305
BANKNIFTY-III.NFO,19/06/2024,09:46:32,51386.75,51365.2,120,51386.2,120,15,106305
BANKNIFTY-III.NFO,19/06/2024,09:46:33,51386.75,51363.45,135,51386.2,120,0,106305
BANKNIFTY-III.NFO,19/06/2024,09:46:35,51386.75,51363.65,135,51386.2,120,0,106305
BANKNIFTY-III.NFO,19/06/2024,09:46:37,51386.75,51361.25,120,51385.15,120,0,106305
BANKNIFTY-III.NFO,19/06/2024,09:46:38,51386.75,51360.3,120,51374.95,120,0,106305
BANKNIFTY-III.NFO,19/06/2024,09:46:40,51386.75,51360.4,120,51374.95,135,0,106305
BANKNIFTY-III.NFO,19/06/2024,09:46:42,51386.75,51360,15,51374.9,120,0,106305
BANKNIFTY-III.NFO,19/06/2024,09:46:43,51386.75,51360.05,120,51374.9,120,0,106305
BANKNIFTY-III.NFO,19/06/2024,09:46:45,51360.05,51360.05,75,51374.9,120,45,106305
BANKNIFTY-III.NFO,19/06/2024,09:46:46,51360.05,51360.45,75,51374.95,120,0,106305
BANKNIFTY-III.NFO,19/06/2024,09:46:48,51360.05,51360.05,75,51374.95,135,0,106305
BANKNIFTY-III.NFO,19/06/2024,09:46:50,51360.05,51360.05,60,51374.95,135,15,106305
BANKNIFTY-III.NFO,19/06/2024,09:46:51,51360.05,51360.05,60,51374.95,135,0,106305
BANKNIFTY-III.NFO,19/06/2024,09:46:53,51360.05,51360,15,51374.95,135,0,106305
BANKNIFTY-III.NFO,19/06/2024,09:46:58,51360.05,51360.05,15,51374.95,135,15,106305
BANKNIFTY-III.NFO,19/06/2024,09:46:59,51374.95,51360,15,51371.85,120,15,106305
BANKNIFTY-III.NFO,19/06/2024,09:47:01,51360,51350.05,90,51360,120,15,106305
BANKNIFTY-III.NFO,19/06/2024,09:47:03,51360,51350.05,90,51360.05,30,15,106305
BANKNIFTY-III.NFO,19/06/2024,09:47:04,51350.05,51350.05,75,51360,135,15,106305
BANKNIFTY-III.NFO,19/06/2024,09:47:06,51350.05,51350.05,75,51360,135,0,106305
BANKNIFTY-III.NFO,19/06/2024,09:47:07,51350.05,51350.05,60,51360,120,15,106305
BANKNIFTY-III.NFO,19/06/2024,09:47:09,51350.05,51350,15,51358,120,0,106305
BANKNIFTY-III.NFO,19/06/2024,09:47:11,51350.05,51350,15,51360,135,0,106305
BANKNIFTY-III.NFO,19/06/2024,09:47:14,51350.05,51350,15,51350.05,15,0,106305
BANKNIFTY-III.NFO,19/06/2024,09:47:17,51350,51339.5,60,51350.05,15,15,106305
BANKNIFTY-III.NFO,19/06/2024,09:47:19,51350,51342.1,75,51350.05,15,0,106305
BANKNIFTY-III.NFO,19/06/2024,09:47:20,51350,51344.25,75,51350.05,15,0,106305
BANKNIFTY-III.NFO,19/06/2024,09:47:22,51350.05,51350.05,45,51360.05,15,15,106305
BANKNIFTY-III.NFO,19/06/2024,09:47:24,51350.25,51350.35,45,51360.05,15,15,106305
BANKNIFTY-III.NFO,19/06/2024,09:47:25,51350.25,51352.75,45,51360.05,15,0,106305
BANKNIFTY-III.NFO,19/06/2024,09:47:27,51350.25,51351.1,30,51360.05,15,0,106305
BANKNIFTY-III.NFO,19/06/2024,09:47:29,51351.1,51350.05,15,51360,15,15,106305
BANKNIFTY-III.NFO,19/06/2024,09:47:30,51351.1,51350.15,15,51360.05,15,0,106305
BANKNIFTY-III.NFO,19/06/2024,09:47:32,51351.1,51350.25,30,51360.05,15,0,106305
BANKNIFTY-III.NFO,19/06/2024,09:47:34,51360,51350,15,51360,120,30,106305
BANKNIFTY-III.NFO,19/06/2024,09:47:35,51360,51350.15,45,51360.05,15,0,106305
BANKNIFTY-III.NFO,19/06/2024,09:47:37,51350.35,51350.15,45,51360.05,15,15,106305
BANKNIFTY-III.NFO,19/06/2024,09:47:38,51350.35,51350.35,45,51360.05,30,0,106305
BANKNIFTY-III.NFO,19/06/2024,09:47:40,51350.35,51350.15,45,51360.05,30,0,106305
BANKNIFTY-III.NFO,19/06/2024,09:47:42,51351.2,51351.9,165,51360.05,30,60,106305
BANKNIFTY-III.NFO,19/06/2024,09:47:43,51351.2,51353.25,30,51360.05,30,0,106305
BANKNIFTY-III.NFO,19/06/2024,09:47:45,51360.05,51355.45,30,51360.05,15,15,106305
BANKNIFTY-III.NFO,19/06/2024,09:47:47,51360.05,51357.15,90,51377.95,135,15,106305
BANKNIFTY-III.NFO,19/06/2024,09:47:48,51360.05,51357.4,15,51377.95,135,0,106305
BANKNIFTY-III.NFO,19/06/2024,09:47:50,51360.05,51361,165,51382.5,120,0,106305
BANKNIFTY-III.NFO,19/06/2024,09:47:52,51360.5,51360.55,15,51382.5,120,90,106305
BANKNIFTY-III.NFO,19/06/2024,09:47:53,51360.55,51362.35,15,51385.15,120,15,106305
BANKNIFTY-III.NFO,19/06/2024,09:47:55,51368.25,51364.9,15,51386.7,135,30,106305
BANKNIFTY-III.NFO,19/06/2024,09:47:56,51368.25,51362.3,15,51383,120,0,106305
BANKNIFTY-III.NFO,19/06/2024,09:48:00,51368.25,51359.2,15,51383,120,0,106305
BANKNIFTY-III.NFO,19/06/2024,09:48:01,51368.25,51360.05,15,51383,120,0,106305
BANKNIFTY-III.NFO,19/06/2024,09:48:03,51368.25,51360,15,51382,120,0,106305
BANKNIFTY-III.NFO,19/06/2024,09:48:05,51368.25,51360,15,51378.25,120,0,106305
BANKNIFTY-III.NFO,19/06/2024,09:48:06,51368.25,51360,15,51371.55,120,0,106305
BANKNIFTY-III.NFO,19/06/2024,09:48:09,51371.55,51360,15,51371.55,120,75,106305
BANKNIFTY-III.NFO,19/06/2024,09:48:11,51371.55,51360,15,51371.55,120,0,106305
BANKNIFTY-III.NFO,19/06/2024,09:48:13,51371.55,51350.1,75,51371.55,120,0,106305
BANKNIFTY-III.NFO,19/06/2024,09:48:14,51371.55,51351.1,90,51371.55,120,0,106305
BANKNIFTY-III.NFO,19/06/2024,09:48:16,51371.55,51353.2,75,51371.95,120,0,106305
BANKNIFTY-III.NFO,19/06/2024,09:48:18,51371.55,51354.3,75,51371.95,135,0,106305
BANKNIFTY-III.NFO,19/06/2024,09:48:19,51371.55,51357.9,75,51372,15,0,106305
BANKNIFTY-III.NFO,19/06/2024,09:48:21,51372,51361.1,90,51377.85,120,15,106305
BANKNIFTY-III.NFO,19/06/2024,09:48:23,51372,51359.9,90,51379.4,120,0,106305
BANKNIFTY-III.NFO,19/06/2024,09:48:24,51372,51360.45,75,51379.95,135,0,106305
BANKNIFTY-III.NFO,19/06/2024,09:48:26,51360.45,51362.6,45,51379.95,135,30,106305
BANKNIFTY-III.NFO,19/06/2024,09:48:28,51360.45,51372,75,51379.95,135,0,106305
BANKNIFTY-III.NFO,19/06/2024,09:48:36,51372,51372,60,51379.95,135,15,106635
BANKNIFTY-III.NFO,19/06/2024,09:48:38,51372,51372.05,45,51380,180,0,106635
BANKNIFTY-III.NFO,19/06/2024,09:48:39,51372.05,51372.05,30,51380,180,15,106635
BANKNIFTY-III.NFO,19/06/2024,09:48:41,51372.05,51372.05,30,51380,180,0,106635
BANKNIFTY-III.NFO,19/06/2024,09:48:44,51372.05,51372.85,30,51380,180,0,106635
BANKNIFTY-III.NFO,19/06/2024,09:48:48,51372.05,51375.2,30,51380,180,0,106635
BANKNIFTY-III.NFO,19/06/2024,09:48:49,51386.75,51383.2,30,51387.8,30,225,106635
BANKNIFTY-III.NFO,19/06/2024,09:48:51,51390,51383.2,45,51397.75,15,60,106635
BANKNIFTY-III.NFO,19/06/2024,09:48:53,51384.2,51384.2,15,51397.7,120,15,106635
BANKNIFTY-III.NFO,19/06/2024,09:48:54,51384.2,51384.8,15,51397.75,15,0,106635
BANKNIFTY-III.NFO,19/06/2024,09:48:56,51384.2,51384.9,30,51397.7,120,0,106635
BANKNIFTY-III.NFO,19/06/2024,09:48:58,51384.2,51378.3,15,51397.7,135,0,106635
BANKNIFTY-III.NFO,19/06/2024,09:48:59,51384.2,51379.15,15,51397.7,135,0,106635
BANKNIFTY-III.NFO,19/06/2024,09:49:01,51384.2,51381.2,15,51397.7,120,0,106635
BANKNIFTY-III.NFO,19/06/2024,09:49:03,51384.2,51376.55,15,51390,15,0,106635
BANKNIFTY-III.NFO,19/06/2024,09:49:04,51384.2,51376.65,15,51390,15,0,106635
BANKNIFTY-III.NFO,19/06/2024,09:49:06,51384.2,51377.3,15,51390,15,0,106635
BANKNIFTY-III.NFO,19/06/2024,09:49:08,51384.2,51385,15,51390,15,0,106635
BANKNIFTY-III.NFO,19/06/2024,09:49:09,51384.2,51380.7,15,51390,15,0,106635
BANKNIFTY-III.NFO,19/06/2024,09:49:11,51384.2,51378.75,15,51390,15,15,106635
BANKNIFTY-III.NFO,19/06/2024,09:49:13,51384.2,51377.05,15,51389.95,120,0,106635
BANKNIFTY-III.NFO,19/06/2024,09:49:14,51384.2,51377.15,15,51390,15,0,106635
BANKNIFTY-III.NFO,19/06/2024,09:49:16,51384.2,51377.35,15,51390,30,0,106635
BANKNIFTY-III.NFO,19/06/2024,09:49:18,51384.2,51384.2,45,51390,15,0,106635
BANKNIFTY-III.NFO,19/06/2024,09:49:19,51384.2,51384.25,15,51390,30,0,106635
BANKNIFTY-III.NFO,19/06/2024,09:49:21,51384.2,51384.2,45,51390,30,0,106635
BANKNIFTY-III.NFO,19/06/2024,09:49:23,51384.2,51384.2,45,51389.95,120,0,106635
BANKNIFTY-III.NFO,19/06/2024,09:49:26,51384.2,51384.2,45,51389.95,135,0,106635
BANKNIFTY-III.NFO,19/06/2024,09:49:29,51384.2,51384.2,30,51389.95,135,15,106635
BANKNIFTY-III.NFO,19/06/2024,09:49:31,51384.2,51384.2,30,51389.95,135,0,106635
BANKNIFTY-III.NFO,19/06/2024,09:49:33,51384.2,51372,15,51389.5,120,30,106635
BANKNIFTY-III.NFO,19/06/2024,09:49:34,51384.2,51372,15,51387.85,120,0,106635
BANKNIFTY-III.NFO,19/06/2024,09:49:37,51384.2,51372,15,51383.95,135,0,106635
BANKNIFTY-III.NFO,19/06/2024,09:49:42,51384.2,51380,15,51383.95,135,0,106635
BANKNIFTY-III.NFO,19/06/2024,09:49:44,51383.95,51362.3,30,51383.9,120,30,106635
BANKNIFTY-III.NFO,19/06/2024,09:49:45,51383.95,51361.65,45,51383.9,120,0,106635
BANKNIFTY-III.NFO,19/06/2024,09:49:47,51383.95,51360.1,30,51382.7,120,0,106635
BANKNIFTY-III.NFO,19/06/2024,09:49:49,51383.95,51359.1,30,51380.7,120,0,106635
BANKNIFTY-III.NFO,19/06/2024,09:49:50,51383.95,51360.15,30,51380.7,120,0,106635
BANKNIFTY-III.NFO,19/06/2024,09:49:52,51360.15,51360.15,15,51380.7,120,15,106635
BANKNIFTY-III.NFO,19/06/2024,09:49:53,51380.7,51360.3,30,51380.7,120,15,106635
BANKNIFTY-III.NFO,19/06/2024,09:49:55,51380.7,51375,60,51382.85,120,0,106635
BANKNIFTY-III.NFO,19/06/2024,09:49:57,51382.85,51375.05,45,51384,15,15,106635
BANKNIFTY-III.NFO,19/06/2024,09:50:00,51382.85,51375.15,60,51384,15,0,106635
BANKNIFTY-III.NFO,19/06/2024,09:50:01,51382.85,51375.05,45,51382.85,15,0,106635
BANKNIFTY-III.NFO,19/06/2024,09:50:05,51382.85,51375.05,45,51384,15,15,106635
BANKNIFTY-III.NFO,19/06/2024,09:50:06,51382.85,51375,60,51383.95,135,0,106635
BANKNIFTY-III.NFO,19/06/2024,09:50:08,51382.85,51375.05,45,51384,15,0,106635
BANKNIFTY-III.NFO,19/06/2024,09:50:10,51382.85,51375.05,45,51382.85,15,0,106635
BANKNIFTY-III.NFO,19/06/2024,09:50:15,51382.85,51375.05,60,51384,15,15,106635
BANKNIFTY-III.NFO,19/06/2024,09:50:16,51382.85,51376.3,45,51380,15,0,106635
BANKNIFTY-III.NFO,19/06/2024,09:50:18,51380,51376.4,45,51384,15,15,106635
BANKNIFTY-III.NFO,19/06/2024,09:50:19,51376.3,51376.4,30,51382.85,15,15,106635
BANKNIFTY-III.NFO,19/06/2024,09:50:21,51376.3,51376.3,15,51382.85,15,30,106635
BANKNIFTY-III.NFO,19/06/2024,09:50:23,51376.3,51375.05,15,51382.85,15,0,106635
BANKNIFTY-III.NFO,19/06/2024,09:50:24,51376.3,51375.25,30,51382.85,15,0,106635
BANKNIFTY-III.NFO,19/06/2024,09:50:26,51384,51381.9,15,51390,15,30,106635
BANKNIFTY-III.NFO,19/06/2024,09:50:28,51384,51384,15,51390,15,0,106635
BANKNIFTY-III.NFO,19/06/2024,09:50:29,51384,51378.55,30,51390,15,0,106635
BANKNIFTY-III.NFO,19/06/2024,09:50:31,51384,51379.7,30,51390,15,0,106635
BANKNIFTY-III.NFO,19/06/2024,09:50:33,51383,51382.85,75,51390,15,15,106635
BANKNIFTY-III.NFO,19/06/2024,09:50:34,51383,51382.85,60,51389.95,120,0,106635
BANKNIFTY-III.NFO,19/06/2024,09:50:36,51383,51382.85,60,51389.95,135,0,106635
BANKNIFTY-III.NFO,19/06/2024,09:50:38,51383,51382.85,60,51385,15,0,106635
BANKNIFTY-III.NFO,19/06/2024,09:50:41,51382.85,51380,60,51384.95,135,60,106635
BANKNIFTY-III.NFO,19/06/2024,09:50:42,51380,51380,45,51384.95,135,15,106635
BANKNIFTY-III.NFO,19/06/2024,09:50:44,51380,51380,45,51384.95,135,0,106635
BANKNIFTY-III.NFO,19/06/2024,09:50:51,51380,51380,15,51384.95,120,0,106635
BANKNIFTY-III.NFO,19/06/2024,09:50:54,51380,51375,60,51384.95,120,15,106635
BANKNIFTY-III.NFO,19/06/2024,09:50:56,51380,51375.15,75,51384.95,120,0,106635
BANKNIFTY-III.NFO,19/06/2024,09:50:59,51380,51375.15,75,51380,15,0,106635
BANKNIFTY-III.NFO,19/06/2024,09:51:02,51380,51375,45,51380,15,0,106635
BANKNIFTY-III.NFO,19/06/2024,09:51:06,51389.95,51375.05,30,51389.95,120,45,106635
BANKNIFTY-III.NFO,19/06/2024,09:51:07,51389.95,51375.75,30,51390,15,0,106635
BANKNIFTY-III.NFO,19/06/2024,09:51:09,51390,51378.05,30,51394.15,120,15,106635
BANKNIFTY-III.NFO,19/06/2024,09:51:11,51390,51380.05,30,51394.15,120,0,106635
