Ticker,Date,Time,LTP,BuyPrice,BuyQty,SellPrice,SellQty,LTQ,OpenInterest
NIFTY-I.NFO,19/06/2024,09:15:00,23611.25,23618.9,25,23624.1,25,1600,0
NIFTY-I.NFO,19/06/2024,09:15:00,23611.25,23618.9,25,23624.1,25,0,0
NIFTY-I.NFO,19/06/2024,09:15:00,23625,23618.9,25,23624.1,25,0,0
NIFTY-I.NFO,19/06/2024,09:15:00,23611.25,23618.9,25,23624.1,25,0,0
NIFTY-I.NFO,19/06/2024,09:15:00,23622.65,23617,50,23622.55,100,775,12311450
NIFTY-I.NFO,19/06/2024,09:15:01,23616.4,23615.6,100,23620.6,25,3300,12311450
NIFTY-I.NFO,19/06/2024,09:15:02,23613,23613,425,23613.55,50,36325,12311450
NIFTY-I.NFO,19/06/2024,09:15:03,23605.45,23602.55,1650,23605.45,100,7750,12311450
NIFTY-I.NFO,19/06/2024,09:15:03,23602.55,23602.55,1650,23605.45,100,0,12311450
NIFTY-I.NFO,19/06/2024,09:15:04,23601,23601,600,23601.6,25,5500,12311450
NIFTY-I.NFO,19/06/2024,09:15:04,23601,23601,600,23601.6,25,0,12311450
NIFTY-I.NFO,19/06/2024,09:15:05,23600.2,23600.2,75,23600.8,25,4425,12311450
NIFTY-I.NFO,19/06/2024,09:15:05,23600.2,23600.2,75,23600.8,25,0,12311450
NIFTY-I.NFO,19/06/2024,09:15:06,23599.95,23597.75,25,23599.95,25,3550,12311450
NIFTY-I.NFO,19/06/2024,09:15:06,23595.6,23597.75,25,23599.95,25,0,12311450
NIFTY-I.NFO,19/06/2024,09:15:07,23593.4,23595.45,25,23597.75,25,4500,12311450
NIFTY-I.NFO,19/06/2024,09:15:07,23593.4,23595.45,25,23597.75,25,0,12311450
NIFTY-I.NFO,19/06/2024,09:15:08,23597.05,23600.8,25,23601.35,50,2400,12311450
NIFTY-I.NFO,19/06/2024,09:15:08,23593.3,23600.8,25,23601.35,50,0,12311450
NIFTY-I.NFO,19/06/2024,09:15:09,23595.85,23595.75,25,23600.1,100,1400,12311450
NIFTY-I.NFO,19/06/2024,09:15:09,23592.95,23595.75,25,23600.1,100,0,12311450
NIFTY-I.NFO,19/06/2024,09:15:11,23600.75,23596.5,25,23600.65,25,1225,12311450
NIFTY-I.NFO,19/06/2024,09:15:11,23599.95,23595.4,25,23600.05,75,225,12311450
NIFTY-I.NFO,19/06/2024,09:15:12,23598.6,23598.65,25,23601.45,25,3000,12311450
NIFTY-I.NFO,19/06/2024,09:15:13,23602.8,23602.8,100,23607.95,50,1000,12311450
NIFTY-I.NFO,19/06/2024,09:15:14,23602.05,23602,75,23607.8,100,4550,12311450
NIFTY-I.NFO,19/06/2024,09:15:15,23603.9,23603.95,25,23608,75,475,12311450
NIFTY-I.NFO,19/06/2024,09:15:17,23606.45,23606.5,25,23608.95,175,1150,12311450
NIFTY-I.NFO,19/06/2024,09:15:18,23610,23610,775,23610.9,250,1250,12311450
NIFTY-I.NFO,19/06/2024,09:15:19,23610.9,23610,350,23610.9,150,2100,12311450
NIFTY-I.NFO,19/06/2024,09:15:19,23610,23610,200,23610.85,500,50,12311450
NIFTY-I.NFO,19/06/2024,09:15:20,23609.9,23606.85,250,23609.9,175,2625,12311450
NIFTY-I.NFO,19/06/2024,09:15:21,23609.9,23608.95,250,23609.9,50,2075,12311450
NIFTY-I.NFO,19/06/2024,09:15:22,23609.9,23605.95,150,23609.9,25,575,12311450
NIFTY-I.NFO,19/06/2024,09:15:23,23606.15,23606.15,25,23608.9,150,950,12311450
NIFTY-I.NFO,19/06/2024,09:15:24,23606.5,23603.95,125,23608.55,150,1425,12311450
NIFTY-I.NFO,19/06/2024,09:15:25,23600.8,23600.8,225,23604.8,75,1550,12311450
NIFTY-I.NFO,19/06/2024,09:15:26,23602.5,23602.05,250,23603.9,100,1100,12333700
NIFTY-I.NFO,19/06/2024,09:15:28,23599.05,23599.05,275,23603.35,50,1650,12333700
NIFTY-I.NFO,19/06/2024,09:15:29,23598.85,23599.3,75,23603.85,100,1325,12333700
NIFTY-I.NFO,19/06/2024,09:15:30,23599.45,23599.05,525,23601.85,25,2025,12333700
NIFTY-I.NFO,19/06/2024,09:15:30,23604.35,23602,50,23604.45,100,750,12333700
NIFTY-I.NFO,19/06/2024,09:15:31,23598.15,23598.25,25,23602.3,25,1100,12333700
NIFTY-I.NFO,19/06/2024,09:15:32,23599.6,23599.6,450,23601.8,50,700,12333700
NIFTY-I.NFO,19/06/2024,09:15:34,23600,23600,1100,23601.9,100,1075,12333700
NIFTY-I.NFO,19/06/2024,09:15:35,23599.05,23599.05,75,23600,25,2050,12333700
NIFTY-I.NFO,19/06/2024,09:15:36,23602.8,23600,125,23602.85,25,1625,12333700
NIFTY-I.NFO,19/06/2024,09:15:36,23602,23600.4,25,23602,25,675,12333700
NIFTY-I.NFO,19/06/2024,09:15:37,23600.55,23599.95,300,23602.1,75,2475,12333700
NIFTY-I.NFO,19/06/2024,09:15:38,23600.55,23600.55,75,23602.45,100,925,12333700
NIFTY-I.NFO,19/06/2024,09:15:40,23600.4,23598,125,23600.85,100,875,12333700
NIFTY-I.NFO,19/06/2024,09:15:41,23600,23597.15,125,23598.25,25,1625,12333700
NIFTY-I.NFO,19/06/2024,09:15:42,23599.85,23599.35,325,23599.9,25,1625,12333700
NIFTY-I.NFO,19/06/2024,09:15:42,23600,23599.95,275,23600,225,325,12333700
NIFTY-I.NFO,19/06/2024,09:15:43,23602,23600.85,75,23600.95,25,1250,12333700
NIFTY-I.NFO,19/06/2024,09:15:44,23600.65,23600.65,300,23601.9,50,725,12333700
NIFTY-I.NFO,19/06/2024,09:15:46,23601.7,23601.7,50,23602,25,1375,12333700
NIFTY-I.NFO,19/06/2024,09:15:47,23602,23600.9,25,23602,25,2000,12333700
NIFTY-I.NFO,19/06/2024,09:15:48,23602.55,23601.65,300,23603.05,75,925,12333700
NIFTY-I.NFO,19/06/2024,09:15:48,23602.55,23601.65,300,23603.4,75,0,12333700
NIFTY-I.NFO,19/06/2024,09:15:49,23601.7,23600.9,125,23602,25,775,12333700
NIFTY-I.NFO,19/06/2024,09:15:51,23601.9,23601.9,25,23604.65,75,3250,12333700
NIFTY-I.NFO,19/06/2024,09:15:52,23600.65,23601.7,50,23603.8,100,750,12333700
NIFTY-I.NFO,19/06/2024,09:15:53,23603.05,23603.75,25,23604.75,100,500,12333700
NIFTY-I.NFO,19/06/2024,09:15:54,23602.4,23602.05,25,23604.95,75,575,12333700
NIFTY-I.NFO,19/06/2024,09:15:54,23604.95,23603.35,25,23605,50,50,12333700
NIFTY-I.NFO,19/06/2024,09:15:55,23602.1,23602.55,25,23603.95,125,100,12333700
NIFTY-I.NFO,19/06/2024,09:15:56,23604.95,23602.85,200,23604.95,125,400,12333700
NIFTY-I.NFO,19/06/2024,09:15:57,23602.8,23603.15,125,23604.95,50,1975,12333700
NIFTY-I.NFO,19/06/2024,09:15:58,23603.95,23602.9,275,23604.85,75,775,12333700
NIFTY-I.NFO,19/06/2024,09:15:59,23603.55,23603.5,350,23605.8,100,1150,12333700
NIFTY-I.NFO,19/06/2024,09:16:00,23604.75,23605,50,23606,75,1775,12333700
NIFTY-I.NFO,19/06/2024,09:16:01,23604.45,23604.4,25,23605.95,100,1325,12333700
NIFTY-I.NFO,19/06/2024,09:16:03,23606.5,23605.2,50,23605.8,50,1750,12333700
NIFTY-I.NFO,19/06/2024,09:16:04,23605.05,23605.05,4450,23606.4,25,850,12333700
NIFTY-I.NFO,19/06/2024,09:16:05,23607.9,23607.85,175,23607.9,25,850,12333700
NIFTY-I.NFO,19/06/2024,09:16:05,23607.85,23606.35,25,23607.85,25,175,12333700
NIFTY-I.NFO,19/06/2024,09:16:06,23606.4,23606.15,125,23607.9,25,575,12333700
NIFTY-I.NFO,19/06/2024,09:16:08,23606.3,23606.7,25,23608.85,25,1725,12333700
NIFTY-I.NFO,19/06/2024,09:16:09,23608.05,23608.25,25,23608.9,25,825,12333700
NIFTY-I.NFO,19/06/2024,09:16:10,23607.15,23606.8,200,23607.95,25,325,12333700
NIFTY-I.NFO,19/06/2024,09:16:10,23608,23608,100,23608.8,25,75,12333700
NIFTY-I.NFO,19/06/2024,09:16:11,23606.85,23607.1,125,23607.4,25,675,12333700
NIFTY-I.NFO,19/06/2024,09:16:12,23606.8,23606.45,175,23607.4,25,775,12333700
NIFTY-I.NFO,19/06/2024,09:16:13,23608,23608,400,23608.2,25,975,12333700
NIFTY-I.NFO,19/06/2024,09:16:15,23607.25,23607.25,50,23609.6,25,1175,12333700
NIFTY-I.NFO,19/06/2024,09:16:16,23606.8,23606.8,50,23609.05,25,400,12333700
NIFTY-I.NFO,19/06/2024,09:16:17,23607.65,23607.65,175,23607.95,25,350,12333700
NIFTY-I.NFO,19/06/2024,09:16:18,23609.4,23608.2,100,23609.85,25,350,12333700
NIFTY-I.NFO,19/06/2024,09:16:19,23607.25,23607.3,75,23608.75,25,550,12333700
NIFTY-I.NFO,19/06/2024,09:16:20,23605.05,23605.05,4025,23607.4,25,500,12333700
NIFTY-I.NFO,19/06/2024,09:16:21,23607.1,23605.25,125,23607.35,25,475,12333700
NIFTY-I.NFO,19/06/2024,09:16:23,23606.45,23606.45,50,23607.5,25,450,12333700
NIFTY-I.NFO,19/06/2024,09:16:24,23606.7,23605.05,3800,23607.15,25,275,12333700
NIFTY-I.NFO,19/06/2024,09:16:25,23607.35,23605.95,25,23606.6,25,1050,12333700
NIFTY-I.NFO,19/06/2024,09:16:26,23605.05,23605.05,2575,23606.1,100,1750,12333700
NIFTY-I.NFO,19/06/2024,09:16:27,23606.05,23605.05,1325,23605.95,25,1450,12333700
NIFTY-I.NFO,19/06/2024,09:16:28,23605.25,23605.2,200,23606.2,25,175,12333700
NIFTY-I.NFO,19/06/2024,09:16:29,23605.05,23605.8,200,23606.85,25,725,12333700
NIFTY-I.NFO,19/06/2024,09:16:31,23604.5,23603.35,275,23605.65,100,1625,12333700
NIFTY-I.NFO,19/06/2024,09:16:32,23603.4,23603.3,450,23605.05,25,175,12333700
NIFTY-I.NFO,19/06/2024,09:16:33,23603.3,23603.65,450,23604.4,25,375,12333700
NIFTY-I.NFO,19/06/2024,09:16:34,23603.85,23603.6,450,23604.85,25,475,12333700
NIFTY-I.NFO,19/06/2024,09:16:35,23604.25,23604.25,350,23604.5,25,600,12333700
NIFTY-I.NFO,19/06/2024,09:16:36,23603.1,23603.1,450,23604.75,25,525,12333700
NIFTY-I.NFO,19/06/2024,09:16:37,23602.25,23602.75,450,23604.1,25,1425,12333700
NIFTY-I.NFO,19/06/2024,09:16:39,23603.05,23602.55,325,23603.95,25,375,12333700
NIFTY-I.NFO,19/06/2024,09:16:40,23603.95,23603.1,400,23603.85,25,225,12333700
NIFTY-I.NFO,19/06/2024,09:16:41,23603.85,23603.5,350,23603.85,50,275,12333700
NIFTY-I.NFO,19/06/2024,09:16:42,23603.95,23603.45,225,23603.95,25,425,12333700
NIFTY-I.NFO,19/06/2024,09:16:43,23603.85,23603.85,25,23603.95,25,1050,12333700
NIFTY-I.NFO,19/06/2024,09:16:44,23603.75,23603.8,225,23604.2,25,500,12333700
NIFTY-I.NFO,19/06/2024,09:16:45,23604.85,23604.5,25,23604.85,25,1950,12333700
NIFTY-I.NFO,19/06/2024,09:16:46,23604.75,23604.5,225,23604.8,25,1225,12333700
NIFTY-I.NFO,19/06/2024,09:16:48,23604.15,23603.9,450,23604.85,25,850,12333700
NIFTY-I.NFO,19/06/2024,09:16:49,23604.8,23604.6,25,23604.95,25,325,12333700
NIFTY-I.NFO,19/06/2024,09:16:50,23605.15,23604.85,300,23605.45,25,2400,12333700
NIFTY-I.NFO,19/06/2024,09:16:51,23605.95,23605.55,100,23605.95,25,600,12333700
NIFTY-I.NFO,19/06/2024,09:16:52,23606.35,23605.45,225,23606.4,50,950,12333700
NIFTY-I.NFO,19/06/2024,09:16:53,23605.75,23605.6,200,23606.9,100,150,12333700
NIFTY-I.NFO,19/06/2024,09:16:54,23606.95,23606.95,325,23607,50,2300,12333700
NIFTY-I.NFO,19/06/2024,09:16:55,23606.95,23606.9,50,23607,50,700,12333700
NIFTY-I.NFO,19/06/2024,09:16:56,23606.75,23605.55,25,23606.75,75,750,12333700
NIFTY-I.NFO,19/06/2024,09:16:57,23607,23606.2,375,23607,25,375,12333700
NIFTY-I.NFO,19/06/2024,09:16:59,23607.05,23607.05,300,23607.95,25,575,12333700
NIFTY-I.NFO,19/06/2024,09:17:00,23605,23604.95,125,23607.9,100,375,12333700
NIFTY-I.NFO,19/06/2024,09:17:01,23607.05,23607.05,400,23607.8,25,75,12333700
NIFTY-I.NFO,19/06/2024,09:17:02,23609,23608.15,275,23609,100,550,12333700
NIFTY-I.NFO,19/06/2024,09:17:03,23609.8,23609.8,175,23610.45,25,4525,12333700
NIFTY-I.NFO,19/06/2024,09:17:04,23611,23609.85,125,23610.95,25,425,12333700
NIFTY-I.NFO,19/06/2024,09:17:05,23610.95,23610.9,325,23610.95,25,975,12333700
NIFTY-I.NFO,19/06/2024,09:17:06,23611.85,23611.25,25,23611.85,25,475,12333700
NIFTY-I.NFO,19/06/2024,09:17:08,23610.85,23610.75,125,23611.45,25,400,12333700
NIFTY-I.NFO,19/06/2024,09:17:09,23609.3,23609.35,150,23611.05,25,625,12333700
NIFTY-I.NFO,19/06/2024,09:17:10,23610.5,23610.1,25,23610.5,25,875,12333700
NIFTY-I.NFO,19/06/2024,09:17:11,23612.35,23611.4,400,23612.25,25,1300,12333700
NIFTY-I.NFO,19/06/2024,09:17:12,23611.9,23611.4,225,23611.9,25,675,12333700
NIFTY-I.NFO,19/06/2024,09:17:13,23610,23610.8,225,23610.95,50,525,12333700
NIFTY-I.NFO,19/06/2024,09:17:14,23610.95,23610.35,225,23611.85,25,250,12333700
NIFTY-I.NFO,19/06/2024,09:17:15,23610.4,23610.4,200,23611.9,125,250,12333700
NIFTY-I.NFO,19/06/2024,09:17:17,23611.85,23611.4,175,23613.45,25,550,12333700
NIFTY-I.NFO,19/06/2024,09:17:18,23613,23613,225,23613.45,25,325,12333700
NIFTY-I.NFO,19/06/2024,09:17:19,23614.95,23611.9,125,23614.45,250,325,12333700
NIFTY-I.NFO,19/06/2024,09:17:20,23613,23611.85,125,23614,50,250,12333700
NIFTY-I.NFO,19/06/2024,09:17:21,23611.85,23611.6,225,23613.95,100,425,12333700
NIFTY-I.NFO,19/06/2024,09:17:22,23613,23612.15,225,23613.05,25,375,12333700
NIFTY-I.NFO,19/06/2024,09:17:23,23613.5,23612.2,300,23614.55,75,475,12333700
NIFTY-I.NFO,19/06/2024,09:17:24,23613,23612.7,250,23614.65,75,1000,12333700
NIFTY-I.NFO,19/06/2024,09:17:26,23614.95,23614.7,50,23614.95,125,325,12333700
NIFTY-I.NFO,19/06/2024,09:17:27,23614.65,23613,225,23614.95,100,300,12333700
NIFTY-I.NFO,19/06/2024,09:17:28,23614,23612.1,300,23614.65,50,1225,12333700
NIFTY-I.NFO,19/06/2024,09:17:29,23614,23612.6,125,23613.95,75,250,12333700
NIFTY-I.NFO,19/06/2024,09:17:30,23614,23613,50,23614.85,50,325,12333700
NIFTY-I.NFO,19/06/2024,09:17:31,23613,23612.8,225,23614.55,100,150,12333700
NIFTY-I.NFO,19/06/2024,09:17:32,23612.4,23612.4,400,23614.55,100,1825,12333700
NIFTY-I.NFO,19/06/2024,09:17:34,23612.65,23612.2,25,23614.55,100,150,12333700
NIFTY-I.NFO,19/06/2024,09:17:35,23612.95,23612.95,275,23614.4,50,1225,12333700
NIFTY-I.NFO,19/06/2024,09:17:36,23614.6,23612.5,350,23614.6,50,350,12333700
NIFTY-I.NFO,19/06/2024,09:17:37,23614.95,23614.4,25,23615,1250,250,12333700
NIFTY-I.NFO,19/06/2024,09:17:38,23613.95,23612.6,450,23614,50,250,12333700
NIFTY-I.NFO,19/06/2024,09:17:39,23614.6,23614,200,23614.95,100,975,12333700
NIFTY-I.NFO,19/06/2024,09:17:40,23615.3,23614,800,23615.3,75,1500,12333700
NIFTY-I.NFO,19/06/2024,09:17:42,23614,23614,25,23615.2,25,825,12333700
NIFTY-I.NFO,19/06/2024,09:17:43,23615,23615,25,23615.25,175,575,12333700
NIFTY-I.NFO,19/06/2024,09:17:44,23614,23614,125,23614.55,75,125,12333700
NIFTY-I.NFO,19/06/2024,09:17:45,23613.75,23611.75,450,23613.8,50,500,12333700
NIFTY-I.NFO,19/06/2024,09:17:46,23614.3,23611.95,225,23614.3,25,600,12333700
NIFTY-I.NFO,19/06/2024,09:17:47,23614.4,23612.1,225,23614.35,100,75,12333700
NIFTY-I.NFO,19/06/2024,09:17:48,23613.7,23612.3,425,23613.7,25,100,12333700
NIFTY-I.NFO,19/06/2024,09:17:49,23612,23611.6,450,23612.9,25,300,12333700
NIFTY-I.NFO,19/06/2024,09:17:51,23612.95,23611.95,125,23612.95,75,675,12333700
NIFTY-I.NFO,19/06/2024,09:17:52,23612.95,23611.95,225,23612.95,50,75,12333700
NIFTY-I.NFO,19/06/2024,09:17:53,23612,23611.7,475,23613.65,25,50,12333700
NIFTY-I.NFO,19/06/2024,09:17:54,23612.1,23612.3,450,23613.7,25,50,12333700
NIFTY-I.NFO,19/06/2024,09:17:55,23612,23612.5,375,23613.7,25,200,12333700
NIFTY-I.NFO,19/06/2024,09:17:56,23612.55,23612.65,225,23615,375,2575,12333700
NIFTY-I.NFO,19/06/2024,09:17:57,23615,23614.75,150,23615,375,300,12333700
NIFTY-I.NFO,19/06/2024,09:17:58,23612.95,23613,25,23614.9,100,225,12333700
NIFTY-I.NFO,19/06/2024,09:18:00,23613.9,23613.15,300,23614.95,100,225,12333700
NIFTY-I.NFO,19/06/2024,09:18:01,23614.05,23614.4,150,23614.95,25,3975,12333700
NIFTY-I.NFO,19/06/2024,09:18:02,23617,23615.55,225,23616.95,50,650,12333700
NIFTY-I.NFO,19/06/2024,09:18:03,23615.6,23615.6,300,23616.95,50,200,12333700
NIFTY-I.NFO,19/06/2024,09:18:04,23615.6,23615.6,25,23616.95,50,325,12333700
NIFTY-I.NFO,19/06/2024,09:18:05,23615.6,23615.55,125,23617,25,375,12333700
NIFTY-I.NFO,19/06/2024,09:18:06,23617.95,23615.4,250,23617.95,75,625,12333700
NIFTY-I.NFO,19/06/2024,09:18:08,23615,23615,125,23617.85,75,400,12333700
NIFTY-I.NFO,19/06/2024,09:18:09,23616.45,23616.45,275,23617.95,100,325,12333700
NIFTY-I.NFO,19/06/2024,09:18:10,23618.75,23617.95,350,23619,75,775,12333700
NIFTY-I.NFO,19/06/2024,09:18:11,23618.5,23615.6,375,23618.5,100,1975,12333700
NIFTY-I.NFO,19/06/2024,09:18:12,23615.6,23615.6,325,23616.95,25,1000,12333700
NIFTY-I.NFO,19/06/2024,09:18:14,23618.45,23617.25,300,23619.9,75,450,12333700
NIFTY-I.NFO,19/06/2024,09:18:16,23617.95,23616.85,200,23620,4450,275,12333700
NIFTY-I.NFO,19/06/2024,09:18:17,23620,23617.95,150,23620,4325,250,12333700
NIFTY-I.NFO,19/06/2024,09:18:19,23616.6,23616.55,125,23619.95,25,5625,12333700
NIFTY-I.NFO,19/06/2024,09:18:21,23617,23617,4400,23618,25,1550,12333700
NIFTY-I.NFO,19/06/2024,09:18:22,23619.8,23617,4400,23619.8,150,200,12333700
NIFTY-I.NFO,19/06/2024,09:18:24,23617,23617,4475,23617.95,25,5200,12333700
NIFTY-I.NFO,19/06/2024,09:18:25,23617,23617,4325,23619.3,125,250,12333700
NIFTY-I.NFO,19/06/2024,09:18:27,23619.55,23618,175,23619.55,75,225,12333700
NIFTY-I.NFO,19/06/2024,09:18:29,23617.95,23617.95,475,23619.3,25,850,12345750
NIFTY-I.NFO,19/06/2024,09:18:30,23619,23617.95,325,23619,175,425,12345750
NIFTY-I.NFO,19/06/2024,09:18:32,23618.8,23617.95,275,23619.15,175,250,12345750
NIFTY-I.NFO,19/06/2024,09:18:34,23619.15,23617.95,75,23619.15,25,475,12345750
NIFTY-I.NFO,19/06/2024,09:18:35,23619.35,23617.95,50,23618.9,100,225,12345750
NIFTY-I.NFO,19/06/2024,09:18:37,23619.35,23619.35,2850,23619.55,25,250,12345750
NIFTY-I.NFO,19/06/2024,09:18:39,23619.35,23619.35,1825,23620,2450,1150,12345750
NIFTY-I.NFO,19/06/2024,09:18:40,23620,23619.95,5100,23620,2425,525,12345750
NIFTY-I.NFO,19/06/2024,09:18:42,23620,23619.4,25,23619.95,100,5175,12345750
NIFTY-I.NFO,19/06/2024,09:18:43,23619,23618,50,23619.35,125,2125,12345750
NIFTY-I.NFO,19/06/2024,09:18:45,23619.25,23618.2,100,23619.25,75,400,12345750
NIFTY-I.NFO,19/06/2024,09:18:47,23618.55,23618,125,23618.55,50,300,12345750
NIFTY-I.NFO,19/06/2024,09:18:48,23618.5,23617.05,425,23618.45,75,650,12345750
NIFTY-I.NFO,19/06/2024,09:18:50,23618.45,23617.05,575,23617.95,150,75,12345750
NIFTY-I.NFO,19/06/2024,09:18:52,23617.05,23618.55,125,23618.95,100,1000,12345750
NIFTY-I.NFO,19/06/2024,09:18:53,23618.45,23618.45,25,23618.95,100,525,12345750
NIFTY-I.NFO,19/06/2024,09:18:55,23618,23615.6,225,23618,75,1825,12345750
NIFTY-I.NFO,19/06/2024,09:18:56,23615.25,23615.25,50,23616.75,75,1175,12345750
NIFTY-I.NFO,19/06/2024,09:18:58,23615,23615,925,23616.65,75,100,12345750
NIFTY-I.NFO,19/06/2024,09:19:00,23615,23615,800,23616,25,225,12345750
NIFTY-I.NFO,19/06/2024,09:19:01,23615.2,23614.6,150,23614.95,25,925,12345750
NIFTY-I.NFO,19/06/2024,09:19:03,23614.6,23614.65,125,23615.2,100,900,12345750
NIFTY-I.NFO,19/06/2024,09:19:05,23615.55,23615.55,25,23616.5,25,1050,12345750
NIFTY-I.NFO,19/06/2024,09:19:06,23614.6,23614.6,1075,23614.85,100,425,12345750
NIFTY-I.NFO,19/06/2024,09:19:08,23612.95,23612.95,500,23614.5,25,1525,12345750
NIFTY-I.NFO,19/06/2024,09:19:10,23614.5,23612.95,350,23614.25,25,225,12345750
NIFTY-I.NFO,19/06/2024,09:19:11,23612.1,23612.1,275,23613.25,50,450,12345750
NIFTY-I.NFO,19/06/2024,09:19:13,23612.1,23612.1,125,23613,100,325,12345750
NIFTY-I.NFO,19/06/2024,09:19:14,23611,23611,250,23612.8,100,475,12345750
NIFTY-I.NFO,19/06/2024,09:19:16,23612,23610.45,300,23612.45,75,175,12345750
NIFTY-I.NFO,19/06/2024,09:19:18,23612.6,23610.65,300,23612.6,50,1000,12345750
NIFTY-I.NFO,19/06/2024,09:19:19,23612.55,23611.2,225,23612.85,100,325,12345750
NIFTY-I.NFO,19/06/2024,09:19:21,23612.4,23612.4,225,23612.85,25,1650,12345750
NIFTY-I.NFO,19/06/2024,09:19:23,23611.05,23611,125,23612.9,100,725,12345750
NIFTY-I.NFO,19/06/2024,09:19:24,23614.5,23612.9,125,23614.6,425,2700,12345750
NIFTY-I.NFO,19/06/2024,09:19:26,23613.05,23613.05,125,23614.55,25,125,12345750
NIFTY-I.NFO,19/06/2024,09:19:28,23614.55,23613,25,23614.55,50,175,12345750
NIFTY-I.NFO,19/06/2024,09:19:29,23614.55,23612.05,125,23613.6,50,200,12345750
NIFTY-I.NFO,19/06/2024,09:19:31,23616.7,23614.2,100,23616.75,150,2200,12345750
NIFTY-I.NFO,19/06/2024,09:19:33,23614.55,23614.55,275,23616.7,100,275,12345750
NIFTY-I.NFO,19/06/2024,09:19:34,23613.65,23612.95,50,23614.55,150,125,12345750
NIFTY-I.NFO,19/06/2024,09:19:36,23613.95,23614.3,50,23616.7,100,450,12345750
NIFTY-I.NFO,19/06/2024,09:19:38,23614.55,23614.2,175,23615.8,75,1925,12345750
NIFTY-I.NFO,19/06/2024,09:19:39,23614.5,23612.8,25,23614.25,50,200,12345750
NIFTY-I.NFO,19/06/2024,09:19:41,23610.75,23610.9,100,23612,225,1300,12345750
NIFTY-I.NFO,19/06/2024,09:19:43,23611.6,23611.55,225,23613.95,50,950,12345750
NIFTY-I.NFO,19/06/2024,09:19:44,23613.9,23613.05,25,23613.9,100,50,12345750
NIFTY-I.NFO,19/06/2024,09:19:46,23613.05,23613.05,200,23613.95,75,250,12345750
NIFTY-I.NFO,19/06/2024,09:19:48,23613.9,23612.05,225,23613.95,50,1075,12345750
NIFTY-I.NFO,19/06/2024,09:19:49,23612.4,23611.95,125,23613.95,25,325,12345750
NIFTY-I.NFO,19/06/2024,09:19:51,23612.55,23612.55,150,23613.95,100,275,12345750
NIFTY-I.NFO,19/06/2024,09:19:53,23613.95,23613.9,525,23614,25,275,12345750
NIFTY-I.NFO,19/06/2024,09:19:54,23612.5,23612.5,75,23614.2,125,1975,12345750
NIFTY-I.NFO,19/06/2024,09:19:56,23612.1,23610.95,125,23612.5,1525,425,12345750
NIFTY-I.NFO,19/06/2024,09:19:58,23612,23611.15,275,23612,25,1025,12345750
NIFTY-I.NFO,19/06/2024,09:19:59,23611.35,23611.7,25,23614.15,25,1650,12345750
NIFTY-I.NFO,19/06/2024,09:20:01,23609,23608.35,25,23611.5,25,28775,12345750
NIFTY-I.NFO,19/06/2024,09:20:03,23612.15,23610.95,25,23612.4,50,1275,12345750
NIFTY-I.NFO,19/06/2024,09:20:04,23610.05,23608.75,50,23612.35,100,900,12345750
NIFTY-I.NFO,19/06/2024,09:20:06,23609.25,23611.05,25,23611.65,50,500,12345750
NIFTY-I.NFO,19/06/2024,09:20:08,23610,23609.85,25,23611.65,150,375,12345750
NIFTY-I.NFO,19/06/2024,09:20:09,23611.5,23610,25,23611.5,100,1900,12345750
NIFTY-I.NFO,19/06/2024,09:20:11,23611.25,23610.8,25,23611.3,25,650,12345750
NIFTY-I.NFO,19/06/2024,09:20:12,23609.5,23609.5,150,23611.5,225,575,12345750
NIFTY-I.NFO,19/06/2024,09:20:14,23610.85,23611.05,100,23611.7,25,350,12345750
NIFTY-I.NFO,19/06/2024,09:20:16,23610.8,23610.5,50,23610.8,50,425,12345750
NIFTY-I.NFO,19/06/2024,09:20:17,23609.95,23608.3,25,23608.8,100,600,12345750
NIFTY-I.NFO,19/06/2024,09:20:19,23610.85,23607.75,25,23610.55,100,250,12345750
NIFTY-I.NFO,19/06/2024,09:20:21,23608,23607.6,25,23608.75,100,150,12345750
NIFTY-I.NFO,19/06/2024,09:20:22,23608.8,23608.95,25,23609.95,25,375,12345750
NIFTY-I.NFO,19/06/2024,09:20:24,23610,23609.5,125,23610,25,50,12345750
NIFTY-I.NFO,19/06/2024,09:20:26,23610,23608.8,3075,23609.75,25,475,12345750
NIFTY-I.NFO,19/06/2024,09:20:27,23608.8,23608.8,2975,23609.75,100,125,12345750
NIFTY-I.NFO,19/06/2024,09:20:29,23608.8,23608.8,2825,23609,50,275,12345750
NIFTY-I.NFO,19/06/2024,09:20:31,23611,23608.8,2500,23610.95,100,1150,12345750
NIFTY-I.NFO,19/06/2024,09:20:32,23608.8,23608.8,2375,23609.95,100,25,12345750
NIFTY-I.NFO,19/06/2024,09:20:34,23608.8,23608.8,1375,23609.3,25,975,12345750
NIFTY-I.NFO,19/06/2024,09:20:36,23607.25,23606,275,23607.05,50,1625,12345750
NIFTY-I.NFO,19/06/2024,09:20:37,23604.95,23605.85,125,23607,50,3600,12345750
NIFTY-I.NFO,19/06/2024,09:20:39,23605,23604,250,23606.75,25,575,12345750
NIFTY-I.NFO,19/06/2024,09:20:41,23603,23602,200,23604.7,50,2150,12345750
NIFTY-I.NFO,19/06/2024,09:20:42,23601.5,23601.3,125,23601.95,125,250,12345750
NIFTY-I.NFO,19/06/2024,09:20:44,23601.95,23601.75,125,23604.7,25,850,12345750
NIFTY-I.NFO,19/06/2024,09:20:46,23602.95,23601.25,125,23602.95,50,75,12345750
NIFTY-I.NFO,19/06/2024,09:20:47,23602,23600.75,200,23603.1,25,1400,12345750
NIFTY-I.NFO,19/06/2024,09:20:49,23600.45,23600.45,50,23601.95,50,500,12345750
NIFTY-I.NFO,19/06/2024,09:20:51,23600.6,23601,125,23602.1,25,350,12345750
NIFTY-I.NFO,19/06/2024,09:20:52,23600.45,23600.1,275,23601.5,25,100,12345750
NIFTY-I.NFO,19/06/2024,09:20:54,23600,23600,75,23600.35,25,1425,12345750
NIFTY-I.NFO,19/06/2024,09:20:56,23600,23599.55,25,23600.55,25,1275,12345750
NIFTY-I.NFO,19/06/2024,09:20:57,23600,23600,150,23600.05,25,850,12345750
NIFTY-I.NFO,19/06/2024,09:20:59,23599.55,23597.5,25,23599.55,25,400,12345750
NIFTY-I.NFO,19/06/2024,09:21:01,23599.9,23597.35,175,23599.5,25,975,12345750
NIFTY-I.NFO,19/06/2024,09:21:02,23599.15,23599.3,25,23599.75,25,550,12345750
NIFTY-I.NFO,19/06/2024,09:21:04,23599.95,23599.45,50,23599.95,25,1450,12345750
NIFTY-I.NFO,19/06/2024,09:21:06,23599.95,23599.85,150,23600.6,475,1975,12345750
NIFTY-I.NFO,19/06/2024,09:21:07,23600.6,23601.1,350,23601.95,100,1625,12345750
NIFTY-I.NFO,19/06/2024,09:21:09,23603.2,23603.75,175,23603.95,100,400,12345750
NIFTY-I.NFO,19/06/2024,09:21:11,23602.1,23602.1,75,23604.95,100,725,12345750
NIFTY-I.NFO,19/06/2024,09:21:12,23604.95,23602.45,125,23603.7,75,400,12345750
NIFTY-I.NFO,19/06/2024,09:21:14,23602.35,23603.2,75,23603.6,75,300,12345750
NIFTY-I.NFO,19/06/2024,09:21:16,23602.45,23602.45,50,23602.8,75,125,12345750
NIFTY-I.NFO,19/06/2024,09:21:17,23602.9,23601.7,25,23602.9,25,250,12345750
NIFTY-I.NFO,19/06/2024,09:21:19,23602.45,23602.45,225,23602.9,75,625,12345750
NIFTY-I.NFO,19/06/2024,09:21:21,23602.45,23602.45,150,23602.85,25,250,12345750
NIFTY-I.NFO,19/06/2024,09:21:22,23601.45,23600.05,25,23601.25,25,925,12345750
NIFTY-I.NFO,19/06/2024,09:21:24,23600.05,23600.05,50,23600.35,100,200,12345750
NIFTY-I.NFO,19/06/2024,09:21:26,23600.35,23600,475,23600.2,25,575,12345750
NIFTY-I.NFO,19/06/2024,09:21:27,23600.35,23597,175,23600.4,100,2000,12363900
NIFTY-I.NFO,19/06/2024,09:21:29,23598,23597.75,25,23601.05,50,675,12363900
NIFTY-I.NFO,19/06/2024,09:21:31,23600,23600,50,23601.05,50,350,12363900
NIFTY-I.NFO,19/06/2024,09:21:32,23600.1,23600,175,23601.25,25,250,12363900
NIFTY-I.NFO,19/06/2024,09:21:34,23600.7,23600.7,100,23601.05,825,825,12363900
NIFTY-I.NFO,19/06/2024,09:21:36,23599.9,23600.7,275,23602.45,150,1600,12363900
NIFTY-I.NFO,19/06/2024,09:21:37,23598.8,23600.85,25,23603.15,100,4975,12363900
NIFTY-I.NFO,19/06/2024,09:21:39,23600.7,23600.7,25,23603.2,100,200,12363900
NIFTY-I.NFO,19/06/2024,09:21:41,23605.4,23605.4,200,23606.15,100,800,12363900
NIFTY-I.NFO,19/06/2024,09:21:42,23610,23608.4,100,23610.75,50,2225,12363900
NIFTY-I.NFO,19/06/2024,09:21:44,23610.35,23610.35,100,23610.8,150,300,12363900
NIFTY-I.NFO,19/06/2024,09:21:46,23610.85,23610.85,225,23611.45,25,1100,12363900
NIFTY-I.NFO,19/06/2024,09:21:47,23610.85,23611.35,250,23612,425,625,12363900
NIFTY-I.NFO,19/06/2024,09:21:49,23611,23610.35,225,23611.95,50,425,12363900
NIFTY-I.NFO,19/06/2024,09:21:51,23610,23609.85,175,23610,3800,350,12363900
NIFTY-I.NFO,19/06/2024,09:21:52,23609.95,23608.85,250,23609.95,75,750,12363900
NIFTY-I.NFO,19/06/2024,09:21:54,23610,23609.15,25,23610,750,3050,12363900
NIFTY-I.NFO,19/06/2024,09:21:56,23610.35,23610.3,200,23611.6,25,1475,12363900
NIFTY-I.NFO,19/06/2024,09:21:57,23611.3,23610.8,175,23612,275,275,12363900
NIFTY-I.NFO,19/06/2024,09:21:59,23612.3,23612.3,150,23614.6,200,2275,12363900
NIFTY-I.NFO,19/06/2024,09:22:01,23612.1,23612.1,100,23614.55,200,925,12363900
NIFTY-I.NFO,19/06/2024,09:22:02,23615,23614.8,50,23616,75,2100,12363900
NIFTY-I.NFO,19/06/2024,09:22:04,23617,23616.25,225,23618.15,25,900,12363900
NIFTY-I.NFO,19/06/2024,09:22:06,23618.55,23618.75,25,23618.9,50,1450,12363900
NIFTY-I.NFO,19/06/2024,09:22:07,23618.9,23618.9,25,23620,3375,725,12363900
NIFTY-I.NFO,19/06/2024,09:22:09,23619.85,23618.9,50,23619.9,25,650,12363900
NIFTY-I.NFO,19/06/2024,09:22:11,23619.1,23616,100,23619.05,50,500,12363900
NIFTY-I.NFO,19/06/2024,09:22:12,23616,23615,25,23616.3,100,175,12363900
NIFTY-I.NFO,19/06/2024,09:22:14,23617.6,23614.45,25,23617.45,75,250,12363900
NIFTY-I.NFO,19/06/2024,09:22:16,23614.3,23616.25,300,23617,50,950,12363900
NIFTY-I.NFO,19/06/2024,09:22:17,23618.85,23617,25,23618.9,325,800,12363900
NIFTY-I.NFO,19/06/2024,09:22:19,23617.8,23616.15,50,23618,50,150,12363900
NIFTY-I.NFO,19/06/2024,09:22:21,23616,23615.65,25,23619,75,3575,12363900
NIFTY-I.NFO,19/06/2024,09:22:22,23618.9,23617.35,25,23618.9,50,175,12363900
NIFTY-I.NFO,19/06/2024,09:22:24,23617.8,23617.8,25,23620,2525,875,12363900
NIFTY-I.NFO,19/06/2024,09:22:26,23620,23619.85,50,23620,3250,325,12363900
NIFTY-I.NFO,19/06/2024,09:22:27,23619.25,23618,75,23619.85,25,350,12363900
NIFTY-I.NFO,19/06/2024,09:22:29,23619.05,23616.95,25,23619.05,125,975,12363900
NIFTY-I.NFO,19/06/2024,09:22:31,23619.35,23615.6,25,23619.4,125,2000,12363900
NIFTY-I.NFO,19/06/2024,09:22:32,23616.2,23615.55,25,23616.2,75,550,12363900
NIFTY-I.NFO,19/06/2024,09:22:34,23619.45,23615.3,25,23618.7,50,1350,12363900
NIFTY-I.NFO,19/06/2024,09:22:36,23615.3,23616.35,100,23618,25,100,12363900
NIFTY-I.NFO,19/06/2024,09:22:37,23618.2,23618.2,200,23620,1750,1575,12363900
NIFTY-I.NFO,19/06/2024,09:22:39,23618.7,23615.85,25,23616.75,25,3600,12363900
NIFTY-I.NFO,19/06/2024,09:22:41,23619.85,23616.25,25,23619.65,25,150,12363900
NIFTY-I.NFO,19/06/2024,09:22:42,23619.65,23616.75,25,23619.8,125,50,12363900
NIFTY-I.NFO,19/06/2024,09:22:44,23616.2,23616.7,175,23618.85,50,600,12363900
NIFTY-I.NFO,19/06/2024,09:22:46,23619,23616.8,175,23619,1700,250,12363900
NIFTY-I.NFO,19/06/2024,09:22:47,23618.05,23618.05,100,23618.95,50,100,12363900
NIFTY-I.NFO,19/06/2024,09:22:49,23616.75,23616.75,150,23618.55,50,250,12363900
NIFTY-I.NFO,19/06/2024,09:22:51,23616,23615.35,25,23616.5,100,250,12363900
NIFTY-I.NFO,19/06/2024,09:22:52,23618.4,23615.7,275,23618.6,200,825,12363900
NIFTY-I.NFO,19/06/2024,09:22:54,23618.2,23616.2,250,23618.95,100,300,12363900
NIFTY-I.NFO,19/06/2024,09:22:56,23616.7,23616.7,125,23618.7,75,325,12363900
NIFTY-I.NFO,19/06/2024,09:22:57,23619,23617.7,100,23619,1525,750,12363900
NIFTY-I.NFO,19/06/2024,09:22:59,23616.7,23616.75,75,23618,25,175,12363900
NIFTY-I.NFO,19/06/2024,09:23:01,23616.75,23616.75,25,23618,25,100,12363900
NIFTY-I.NFO,19/06/2024,09:23:02,23617,23617,225,23617.95,75,600,12363900
NIFTY-I.NFO,19/06/2024,09:23:04,23617.15,23616.9,150,23617,150,875,12363900
NIFTY-I.NFO,19/06/2024,09:23:06,23616.9,23615.3,125,23616.8,25,275,12363900
NIFTY-I.NFO,19/06/2024,09:23:07,23615.7,23615.7,325,23616.75,100,375,12363900
NIFTY-I.NFO,19/06/2024,09:23:09,23616.75,23615.7,250,23616.75,25,150,12363900
NIFTY-I.NFO,19/06/2024,09:23:11,23615.7,23615.5,175,23617,25,350,12363900
NIFTY-I.NFO,19/06/2024,09:23:12,23616.95,23615.7,50,23616.95,125,350,12363900
NIFTY-I.NFO,19/06/2024,09:23:14,23615.7,23616.35,25,23616.85,100,150,12363900
NIFTY-I.NFO,19/06/2024,09:23:16,23615.55,23615.5,175,23617,25,175,12363900
NIFTY-I.NFO,19/06/2024,09:23:17,23616.2,23616.2,325,23617,25,100,12363900
NIFTY-I.NFO,19/06/2024,09:23:19,23615.55,23615.55,25,23617,25,300,12363900
NIFTY-I.NFO,19/06/2024,09:23:21,23617,23616.7,275,23617,25,1225,12363900
NIFTY-I.NFO,19/06/2024,09:23:22,23618.95,23617.7,100,23619,2075,250,12363900
NIFTY-I.NFO,19/06/2024,09:23:24,23617.2,23617.75,25,23618.35,25,150,12363900
NIFTY-I.NFO,19/06/2024,09:23:26,23617.2,23617.2,100,23619,1775,475,12363900
NIFTY-I.NFO,19/06/2024,09:23:27,23617,23617,150,23618.95,100,300,12363900
NIFTY-I.NFO,19/06/2024,09:23:29,23618.2,23617.7,225,23619,1150,2550,12363900
NIFTY-I.NFO,19/06/2024,09:23:31,23616.05,23617.7,250,23619,1025,450,12363900
NIFTY-I.NFO,19/06/2024,09:23:32,23619,23617.7,250,23619,950,75,12363900
NIFTY-I.NFO,19/06/2024,09:23:34,23617.7,23617.7,200,23618.85,25,350,12363900
NIFTY-I.NFO,19/06/2024,09:23:36,23619,23618.3,25,23619,725,150,12363900
NIFTY-I.NFO,19/06/2024,09:23:37,23616.2,23616,50,23618.95,25,625,12363900
NIFTY-I.NFO,19/06/2024,09:23:39,23616,23616.1,25,23618,150,50,12363900
NIFTY-I.NFO,19/06/2024,09:23:41,23617,23617,75,23617.7,275,275,12363900
NIFTY-I.NFO,19/06/2024,09:23:42,23617.7,23617.25,75,23617.7,225,50,12363900
NIFTY-I.NFO,19/06/2024,09:23:44,23617.7,23617.7,375,23618,100,300,12363900
NIFTY-I.NFO,19/06/2024,09:23:46,23617.8,23617,25,23617.85,25,525,12363900
NIFTY-I.NFO,19/06/2024,09:23:47,23617,23617,325,23617.7,50,200,12363900
NIFTY-I.NFO,19/06/2024,09:23:49,23616,23615.5,75,23617.45,50,550,12363900
NIFTY-I.NFO,19/06/2024,09:23:51,23615.1,23615.05,950,23618,25,175,12363900
NIFTY-I.NFO,19/06/2024,09:23:52,23618.9,23615.05,875,23618,100,550,12363900
NIFTY-I.NFO,19/06/2024,09:23:54,23611.65,23611.6,125,23614.6,50,4050,12363900
NIFTY-I.NFO,19/06/2024,09:23:56,23611.6,23611.6,125,23615.05,25,1425,12363900
NIFTY-I.NFO,19/06/2024,09:23:57,23616.3,23614,125,23616.3,50,100,12363900
NIFTY-I.NFO,19/06/2024,09:23:59,23612.9,23613.15,225,23616.75,75,375,12363900
NIFTY-I.NFO,19/06/2024,09:24:01,23616.65,23615.7,225,23617.7,25,550,12363900
NIFTY-I.NFO,19/06/2024,09:24:02,23617.8,23617.75,125,23617.8,175,225,12363900
NIFTY-I.NFO,19/06/2024,09:24:04,23617.7,23617.7,150,23617.75,100,175,12363900
NIFTY-I.NFO,19/06/2024,09:24:06,23616.15,23616.15,375,23617.7,675,450,12363900
NIFTY-I.NFO,19/06/2024,09:24:07,23616.15,23616.15,350,23617,25,1075,12363900
NIFTY-I.NFO,19/06/2024,09:24:09,23617.7,23616.15,150,23617.7,425,1350,12363900
NIFTY-I.NFO,19/06/2024,09:24:11,23615.15,23615.15,125,23616,1800,250,12363900
NIFTY-I.NFO,19/06/2024,09:24:12,23616.15,23616.5,250,23617.7,250,1825,12363900
NIFTY-I.NFO,19/06/2024,09:24:14,23615,23614.6,350,23617.7,250,200,12363900
NIFTY-I.NFO,19/06/2024,09:24:16,23616.15,23615.2,175,23616.15,200,225,12363900
NIFTY-I.NFO,19/06/2024,09:24:17,23615.15,23614.6,250,23615.15,25,2150,12363900
NIFTY-I.NFO,19/06/2024,09:24:19,23614.6,23614.6,150,23616.15,25,325,12363900
NIFTY-I.NFO,19/06/2024,09:24:21,23615,23614.3,25,23615,1525,350,12363900
NIFTY-I.NFO,19/06/2024,09:24:22,23614.55,23612.25,75,23614.55,50,100,12363900
NIFTY-I.NFO,19/06/2024,09:24:24,23612.25,23612.25,25,23613.75,100,275,12363900
NIFTY-I.NFO,19/06/2024,09:24:26,23612.1,23612.1,125,23614.55,175,700,12363900
NIFTY-I.NFO,19/06/2024,09:24:27,23610.8,23610.75,275,23614.35,75,2075,12363900
NIFTY-I.NFO,19/06/2024,09:24:29,23614.55,23611.5,25,23614.55,25,125,12378025
NIFTY-I.NFO,19/06/2024,09:24:31,23611,23611.6,250,23612,875,1700,12378025
NIFTY-I.NFO,19/06/2024,09:24:32,23611.5,23611.5,1175,23612,750,375,12378025
NIFTY-I.NFO,19/06/2024,09:24:34,23611.5,23611.5,1075,23611.55,25,200,12378025
NIFTY-I.NFO,19/06/2024,09:24:36,23611.55,23609.6,250,23611.45,25,3275,12378025
NIFTY-I.NFO,19/06/2024,09:24:37,23609.6,23610.1,225,23611.05,25,25,12378025
NIFTY-I.NFO,19/06/2024,09:24:39,23609.6,23609.6,150,23611.45,100,1675,12378025
NIFTY-I.NFO,19/06/2024,09:24:41,23611.55,23610.1,50,23611.6,25,400,12378025
NIFTY-I.NFO,19/06/2024,09:24:42,23610.6,23610.1,175,23611.5,25,150,12378025
NIFTY-I.NFO,19/06/2024,09:24:44,23612.15,23612.15,100,23614.5,75,1125,12378025
NIFTY-I.NFO,19/06/2024,09:24:46,23612.05,23612.05,50,23614.5,50,625,12378025
NIFTY-I.NFO,19/06/2024,09:24:47,23613,23611.8,25,23614.4,50,125,12378025
NIFTY-I.NFO,19/06/2024,09:24:49,23616.15,23616.3,150,23616.95,100,775,12378025
NIFTY-I.NFO,19/06/2024,09:24:50,23616.3,23614.35,25,23616.65,100,175,12378025
NIFTY-I.NFO,19/06/2024,09:24:52,23614.85,23613.6,100,23617,50,500,12378025
NIFTY-I.NFO,19/06/2024,09:24:54,23616.95,23613.65,25,23617,25,75,12378025
NIFTY-I.NFO,19/06/2024,09:24:55,23616.95,23615,100,23617,50,50,12378025
NIFTY-I.NFO,19/06/2024,09:24:57,23616.15,23615,75,23617,50,125,12378025
NIFTY-I.NFO,19/06/2024,09:24:59,23613.15,23613.1,75,23614.85,125,175,12378025
NIFTY-I.NFO,19/06/2024,09:25:00,23614.85,23613,300,23614.85,75,50,12378025
NIFTY-I.NFO,19/06/2024,09:25:02,23614.85,23613.1,100,23614.85,50,75,12378025
NIFTY-I.NFO,19/06/2024,09:25:04,23613.15,23613.2,25,23614.85,25,700,12378025
NIFTY-I.NFO,19/06/2024,09:25:05,23616.45,23614.6,250,23616.55,100,275,12378025
NIFTY-I.NFO,19/06/2024,09:25:07,23614.85,23614.85,25,23616.55,100,175,12378025
NIFTY-I.NFO,19/06/2024,09:25:09,23613.45,23614.9,25,23616.55,100,800,12378025
NIFTY-I.NFO,19/06/2024,09:25:10,23614.9,23613.1,300,23616.55,100,125,12378025
NIFTY-I.NFO,19/06/2024,09:25:12,23613.1,23613.1,150,23614.55,100,75,12378025
NIFTY-I.NFO,19/06/2024,09:25:14,23614.55,23612.1,250,23614.55,75,50,12378025
NIFTY-I.NFO,19/06/2024,09:25:15,23612,23611.6,350,23613.05,100,550,12378025
NIFTY-I.NFO,19/06/2024,09:25:17,23610.35,23610.45,25,23613.05,50,1525,12378025
NIFTY-I.NFO,19/06/2024,09:25:19,23612.5,23611.1,225,23613,50,1125,12378025
NIFTY-I.NFO,19/06/2024,09:25:20,23611.1,23610,200,23612.9,25,175,12378025
NIFTY-I.NFO,19/06/2024,09:25:22,23611.1,23611.1,150,23611.6,25,150,12378025
NIFTY-I.NFO,19/06/2024,09:25:24,23613.05,23612.5,25,23613.05,100,325,12378025
NIFTY-I.NFO,19/06/2024,09:25:25,23611.25,23610.6,25,23612.05,75,125,12378025
NIFTY-I.NFO,19/06/2024,09:25:27,23610.15,23610,100,23611.05,25,450,12378025
NIFTY-I.NFO,19/06/2024,09:25:29,23609,23608.95,25,23609.85,100,350,12378025
NIFTY-I.NFO,19/06/2024,09:25:30,23610,23609.2,50,23610,875,2675,12378025
NIFTY-I.NFO,19/06/2024,09:25:32,23610,23609.1,25,23609.95,125,575,12378025
NIFTY-I.NFO,19/06/2024,09:25:33,23608,23608,25,23608.35,75,475,12378025
NIFTY-I.NFO,19/06/2024,09:25:35,23609.2,23608.95,225,23609.85,25,675,12378025
NIFTY-I.NFO,19/06/2024,09:25:37,23610,23609.8,25,23610.85,25,400,12378025
NIFTY-I.NFO,19/06/2024,09:25:38,23610.5,23610.55,75,23611.95,100,2450,12378025
NIFTY-I.NFO,19/06/2024,09:25:40,23608.8,23609,25,23610.4,225,175,12378025
NIFTY-I.NFO,19/06/2024,09:25:42,23609.25,23609.2,125,23610,150,250,12378025
NIFTY-I.NFO,19/06/2024,09:25:43,23610.55,23610.4,50,23611.95,50,375,12378025
NIFTY-I.NFO,19/06/2024,09:25:45,23610,23610,825,23612.55,100,875,12378025
NIFTY-I.NFO,19/06/2024,09:25:47,23610,23609,25,23612.4,100,1200,12378025
NIFTY-I.NFO,19/06/2024,09:25:48,23609.2,23610,150,23611.95,75,50,12378025
NIFTY-I.NFO,19/06/2024,09:25:50,23610,23608.95,150,23610,725,350,12378025
NIFTY-I.NFO,19/06/2024,09:25:52,23608.85,23608.25,25,23610,675,625,12378025
NIFTY-I.NFO,19/06/2024,09:25:53,23608.15,23608,175,23609.95,75,450,12378025
NIFTY-I.NFO,19/06/2024,09:25:55,23608.2,23608,75,23609.95,75,350,12378025
NIFTY-I.NFO,19/06/2024,09:25:57,23607.7,23607.5,650,23608,1350,725,12378025
NIFTY-I.NFO,19/06/2024,09:25:58,23606.15,23606.3,125,23608,1275,775,12378025
NIFTY-I.NFO,19/06/2024,09:26:00,23607.35,23607.5,150,23609.95,50,1925,12378025
NIFTY-I.NFO,19/06/2024,09:26:02,23607.05,23606.55,250,23608.95,100,100,12378025
NIFTY-I.NFO,19/06/2024,09:26:03,23605.65,23607.15,25,23609.9,25,425,12378025
NIFTY-I.NFO,19/06/2024,09:26:05,23607.7,23608.05,25,23609,50,50,12378025
NIFTY-I.NFO,19/06/2024,09:26:07,23609.25,23609.15,75,23612,100,1525,12378025
NIFTY-I.NFO,19/06/2024,09:26:08,23612,23608.55,25,23611.85,100,375,12378025
NIFTY-I.NFO,19/06/2024,09:26:10,23610.1,23608,125,23609,75,175,12378025
NIFTY-I.NFO,19/06/2024,09:26:12,23608.25,23605.65,25,23608,150,275,12378025
NIFTY-I.NFO,19/06/2024,09:26:13,23606.7,23606.25,25,23608,150,50,12378025
NIFTY-I.NFO,19/06/2024,09:26:15,23606.6,23605.6,1500,23606.6,25,150,12378025
NIFTY-I.NFO,19/06/2024,09:26:17,23606.05,23605.75,25,23606.1,75,225,12378025
NIFTY-I.NFO,19/06/2024,09:26:19,23606.05,23605.6,1100,23606.05,25,425,12378025
NIFTY-I.NFO,19/06/2024,09:26:20,23606.05,23606,75,23606.05,50,0,12378025
NIFTY-I.NFO,19/06/2024,09:26:22,23606,23605.6,1125,23606.05,50,125,12378025
NIFTY-I.NFO,19/06/2024,09:26:24,23606.55,23605.6,750,23606.5,175,625,12378025
NIFTY-I.NFO,19/06/2024,09:26:25,23605.95,23605.6,550,23605.95,75,350,12378025
NIFTY-I.NFO,19/06/2024,09:26:27,23605.6,23605.6,325,23605.95,50,350,12378025
NIFTY-I.NFO,19/06/2024,09:26:29,23605.95,23605.6,175,23605.95,75,300,12378025
NIFTY-I.NFO,19/06/2024,09:26:30,23605.05,23605.05,225,23605.85,150,925,12378025
NIFTY-I.NFO,19/06/2024,09:26:32,23604,23603.65,125,23605.55,100,925,12378025
NIFTY-I.NFO,19/06/2024,09:26:34,23605.55,23603.2,50,23605.55,75,550,12378025
NIFTY-I.NFO,19/06/2024,09:26:35,23605,23603.05,25,23605,400,1500,12378025
NIFTY-I.NFO,19/06/2024,09:26:37,23604.5,23602.4,50,23604.45,100,2050,12378025
NIFTY-I.NFO,19/06/2024,09:26:39,23604.5,23602.55,450,23605,100,800,12378025
NIFTY-I.NFO,19/06/2024,09:26:40,23602,23602,50,23602.5,100,600,12378025
NIFTY-I.NFO,19/06/2024,09:26:42,23601.7,23599.65,125,23601.7,50,3175,12378025
NIFTY-I.NFO,19/06/2024,09:26:44,23604,23599.95,150,23603.45,50,525,12378025
NIFTY-I.NFO,19/06/2024,09:26:45,23601.95,23600,50,23601.95,100,125,12378025
NIFTY-I.NFO,19/06/2024,09:26:47,23600,23599.45,350,23602.85,100,625,12378025
NIFTY-I.NFO,19/06/2024,09:26:49,23600.05,23600,25,23600.05,75,650,12378025
NIFTY-I.NFO,19/06/2024,09:26:50,23599.95,23600.25,125,23600.95,50,1425,12378025
NIFTY-I.NFO,19/06/2024,09:26:52,23602.5,23602.5,75,23603.85,100,250,12378025
NIFTY-I.NFO,19/06/2024,09:26:54,23600,23600.1,225,23603.75,100,125,12378025
NIFTY-I.NFO,19/06/2024,09:26:55,23603.3,23600.25,150,23603.15,50,225,12378025
NIFTY-I.NFO,19/06/2024,09:26:57,23600.5,23600.55,125,23602.45,100,200,12378025
NIFTY-I.NFO,19/06/2024,09:26:59,23601,23600.25,150,23602.45,50,1150,12378025
NIFTY-I.NFO,19/06/2024,09:27:00,23602,23600.25,125,23602,50,100,12378025
NIFTY-I.NFO,19/06/2024,09:27:02,23601,23600,200,23601.95,100,400,12378025
NIFTY-I.NFO,19/06/2024,09:27:03,23602.25,23601.05,350,23602.35,100,225,12378025
NIFTY-I.NFO,19/06/2024,09:27:05,23600.6,23600.55,350,23601.95,50,475,12378025
NIFTY-I.NFO,19/06/2024,09:27:07,23601.95,23601.6,175,23601.95,100,1275,12378025
NIFTY-I.NFO,19/06/2024,09:27:08,23603.85,23602.1,225,23603.85,100,775,12378025
NIFTY-I.NFO,19/06/2024,09:27:10,23600.4,23600.4,25,23602.85,75,850,12378025
NIFTY-I.NFO,19/06/2024,09:27:12,23600.35,23600.85,200,23601.9,75,250,12378025
NIFTY-I.NFO,19/06/2024,09:27:13,23600,23599.3,225,23600.75,25,625,12378025
NIFTY-I.NFO,19/06/2024,09:27:15,23601.9,23599,75,23601.1,75,150,12378025
NIFTY-I.NFO,19/06/2024,09:27:17,23600.3,23600,50,23600.3,50,75,12378025
NIFTY-I.NFO,19/06/2024,09:27:18,23600.85,23600.2,125,23600.85,25,225,12378025
NIFTY-I.NFO,19/06/2024,09:27:20,23599.15,23599.05,25,23600.85,100,400,12378025
NIFTY-I.NFO,19/06/2024,09:27:22,23599.6,23599.35,25,23600.85,125,100,12378025
NIFTY-I.NFO,19/06/2024,09:27:23,23600,23599,50,23599.95,75,250,12378025
NIFTY-I.NFO,19/06/2024,09:27:25,23599.1,23599.15,25,23599.95,50,100,12378025
NIFTY-I.NFO,19/06/2024,09:27:27,23599.45,23598.35,25,23599.45,25,1375,12378025
NIFTY-I.NFO,19/06/2024,09:27:28,23599.4,23598.4,25,23598.8,25,25,12378025
NIFTY-I.NFO,19/06/2024,09:27:30,23597.6,23597,75,23598.35,25,1025,12390650
NIFTY-I.NFO,19/06/2024,09:27:32,23594.55,23594.95,25,23595.4,25,2475,12390650
NIFTY-I.NFO,19/06/2024,09:27:33,23595.75,23594.75,50,23595.9,25,1450,12390650
NIFTY-I.NFO,19/06/2024,09:27:35,23596.3,23595.3,25,23596.95,25,300,12390650
NIFTY-I.NFO,19/06/2024,09:27:37,23597.3,23597.4,25,23597.6,25,575,12390650
NIFTY-I.NFO,19/06/2024,09:27:38,23596.1,23596,50,23597.25,25,875,12390650
NIFTY-I.NFO,19/06/2024,09:27:40,23598.45,23596.6,75,23598.35,25,700,12390650
NIFTY-I.NFO,19/06/2024,09:27:42,23595.55,23595.65,25,23596.75,25,525,12390650
NIFTY-I.NFO,19/06/2024,09:27:43,23598.9,23595.3,375,23598.15,25,650,12390650
NIFTY-I.NFO,19/06/2024,09:27:45,23595.55,23595.95,50,23596.55,100,325,12390650
NIFTY-I.NFO,19/06/2024,09:27:47,23597.6,23597.6,75,23597.95,50,225,12390650
NIFTY-I.NFO,19/06/2024,09:27:48,23598.4,23598.1,50,23598.85,100,150,12390650
NIFTY-I.NFO,19/06/2024,09:27:50,23600,23599.75,25,23600,725,6175,12390650
NIFTY-I.NFO,19/06/2024,09:27:52,23596.6,23596.6,125,23597.45,25,250,12390650
NIFTY-I.NFO,19/06/2024,09:27:53,23596.3,23596.5,25,23596.55,100,600,12390650
NIFTY-I.NFO,19/06/2024,09:27:55,23595.2,23595.7,100,23597,125,150,12390650
NIFTY-I.NFO,19/06/2024,09:27:57,23595.5,23594.55,75,23595.3,50,650,12390650
NIFTY-I.NFO,19/06/2024,09:27:58,23592.95,23590.8,25,23592.95,75,2125,12390650
NIFTY-I.NFO,19/06/2024,09:27:58,23590.5,23590.8,25,23592.95,75,0,12390650
NIFTY-I.NFO,19/06/2024,09:28:00,23590,23590.75,25,23591.05,25,600,12390650
NIFTY-I.NFO,19/06/2024,09:28:00,23590,23590.75,25,23591.05,25,0,12390650
NIFTY-I.NFO,19/06/2024,09:28:02,23592.1,23592.1,125,23592.5,25,1200,12390650
NIFTY-I.NFO,19/06/2024,09:28:03,23591.85,23591.8,25,23592.6,25,550,12390650
NIFTY-I.NFO,19/06/2024,09:28:05,23591.65,23591.65,150,23591.85,25,625,12390650
NIFTY-I.NFO,19/06/2024,09:28:06,23592.85,23592.75,150,23595,25,1325,12390650
NIFTY-I.NFO,19/06/2024,09:28:08,23593.45,23592.8,25,23593.5,25,25,12390650
NIFTY-I.NFO,19/06/2024,09:28:10,23592.7,23592.75,125,23594.7,25,1175,12390650
NIFTY-I.NFO,19/06/2024,09:28:11,23594.95,23592.7,50,23594.65,25,250,12390650
NIFTY-I.NFO,19/06/2024,09:28:13,23592,23591.2,100,23591.95,50,850,12390650
NIFTY-I.NFO,19/06/2024,09:28:15,23592.75,23592.1,50,23594.65,50,3475,12390650
NIFTY-I.NFO,19/06/2024,09:28:16,23592.85,23593.5,25,23594.85,25,275,12390650
NIFTY-I.NFO,19/06/2024,09:28:18,23595.85,23594.15,25,23594.95,50,250,12390650
NIFTY-I.NFO,19/06/2024,09:28:20,23593.75,23593.45,25,23594.95,100,275,12390650
NIFTY-I.NFO,19/06/2024,09:28:21,23593.75,23592.95,250,23593.95,100,0,12390650
NIFTY-I.NFO,19/06/2024,09:28:23,23592.95,23592.95,250,23594.7,100,525,12390650
NIFTY-I.NFO,19/06/2024,09:28:25,23591.6,23591,100,23592.55,125,1925,12390650
NIFTY-I.NFO,19/06/2024,09:28:26,23590.45,23590.25,25,23592.5,25,325,12390650
NIFTY-I.NFO,19/06/2024,09:28:28,23590.2,23590.3,25,23590.75,25,1475,12390650
NIFTY-I.NFO,19/06/2024,09:28:30,23588,23587,25,23588.1,25,4100,12390650
NIFTY-I.NFO,19/06/2024,09:28:30,23588,23587,25,23588.1,25,0,12390650
NIFTY-I.NFO,19/06/2024,09:28:31,23587,23586.7,150,23586.75,25,225,12390650
NIFTY-I.NFO,19/06/2024,09:28:31,23586.65,23586.7,150,23586.75,25,0,12390650
NIFTY-I.NFO,19/06/2024,09:28:33,23586.25,23586.3,25,23587.6,25,800,12390650
NIFTY-I.NFO,19/06/2024,09:28:33,23586.25,23586.3,25,23587.6,25,0,12390650
NIFTY-I.NFO,19/06/2024,09:28:35,23587.2,23587,50,23587.9,25,1125,12390650
NIFTY-I.NFO,19/06/2024,09:28:36,23589.65,23587.95,25,23588.7,25,525,12390650
NIFTY-I.NFO,19/06/2024,09:28:38,23587.1,23587.4,25,23587.95,25,500,12390650
NIFTY-I.NFO,19/06/2024,09:28:38,23586.05,23587.4,25,23587.95,25,0,12390650
NIFTY-I.NFO,19/06/2024,09:28:40,23588.2,23587.95,25,23588.15,25,650,12390650
NIFTY-I.NFO,19/06/2024,09:28:41,23587.1,23587.1,150,23587.95,25,150,12390650
NIFTY-I.NFO,19/06/2024,09:28:43,23588.1,23587.9,25,23588,25,1025,12390650
NIFTY-I.NFO,19/06/2024,09:28:45,23586.95,23586.9,75,23586.95,25,1250,12390650
NIFTY-I.NFO,19/06/2024,09:28:45,23585.65,23586.9,75,23586.95,25,0,12390650
NIFTY-I.NFO,19/06/2024,09:28:46,23588,23587,75,23588.15,25,625,12390650
NIFTY-I.NFO,19/06/2024,09:28:48,23588,23586,50,23587.95,25,1425,12390650
NIFTY-I.NFO,19/06/2024,09:28:48,23585.6,23586,50,23587.95,25,0,12390650
NIFTY-I.NFO,19/06/2024,09:28:50,23587.9,23586.05,25,23587.9,75,450,12390650
NIFTY-I.NFO,19/06/2024,09:28:51,23584.3,23584,100,23584.7,25,2050,12390650
NIFTY-I.NFO,19/06/2024,09:28:51,23584.3,23584,100,23584.7,25,0,12390650
NIFTY-I.NFO,19/06/2024,09:28:53,23583.15,23582.05,50,23583,25,1450,12390650
NIFTY-I.NFO,19/06/2024,09:28:53,23582,23582.05,50,23583,25,0,12390650
NIFTY-I.NFO,19/06/2024,09:28:55,23581.2,23581.2,400,23582.05,25,750,12390650
NIFTY-I.NFO,19/06/2024,09:28:55,23581.2,23581.2,400,23582.05,25,0,12390650
NIFTY-I.NFO,19/06/2024,09:28:56,23582.7,23582.7,75,23582.95,25,1575,12390650
NIFTY-I.NFO,19/06/2024,09:28:58,23584.95,23583.55,700,23584.95,25,1600,12390650
NIFTY-I.NFO,19/06/2024,09:29:00,23584.25,23584.05,150,23584.95,75,900,12390650
NIFTY-I.NFO,19/06/2024,09:29:01,23582,23582,100,23582.9,25,175,12390650
NIFTY-I.NFO,19/06/2024,09:29:03,23581.4,23581.2,375,23582.15,25,650,12390650
NIFTY-I.NFO,19/06/2024,09:29:05,23581.6,23582,175,23582.55,100,150,12390650
NIFTY-I.NFO,19/06/2024,09:29:06,23584.2,23583.05,50,23584.2,75,1550,12390650
NIFTY-I.NFO,19/06/2024,09:29:08,23581.95,23582,100,23585.15,325,350,12390650
NIFTY-I.NFO,19/06/2024,09:29:10,23581.1,23581.1,2850,23583.15,25,900,12390650
NIFTY-I.NFO,19/06/2024,09:29:10,23581.1,23581.1,2850,23583.15,25,0,12390650
NIFTY-I.NFO,19/06/2024,09:29:11,23582.4,23583.45,50,23584.6,100,1400,12390650
NIFTY-I.NFO,19/06/2024,09:29:13,23582.75,23582.9,25,23584.15,25,200,12390650
NIFTY-I.NFO,19/06/2024,09:29:15,23582.95,23583,150,23583.05,25,375,12390650
NIFTY-I.NFO,19/06/2024,09:29:16,23580.55,23581,125,23582.55,25,10600,12390650
NIFTY-I.NFO,19/06/2024,09:29:16,23580.55,23581,125,23582.55,25,0,12390650
NIFTY-I.NFO,19/06/2024,09:29:18,23582.25,23582.15,125,23582.9,25,825,12390650
NIFTY-I.NFO,19/06/2024,09:29:20,23582,23581.8,25,23582.6,25,1100,12390650
NIFTY-I.NFO,19/06/2024,09:29:21,23582.5,23581.55,25,23582.5,25,1600,12390650
NIFTY-I.NFO,19/06/2024,09:29:23,23582.55,23582.2,25,23582.55,25,2275,12390650
NIFTY-I.NFO,19/06/2024,09:29:25,23582.9,23582.65,750,23583.45,25,1500,12390650
NIFTY-I.NFO,19/06/2024,09:29:26,23582.55,23581.45,25,23582.7,50,5475,12390650
NIFTY-I.NFO,19/06/2024,09:29:28,23584,23581.9,50,23584,100,325,12390650
NIFTY-I.NFO,19/06/2024,09:29:30,23582,23582,500,23582.6,75,575,12390650
NIFTY-I.NFO,19/06/2024,09:29:31,23584.3,23582.1,25,23582.35,75,1025,12390650
NIFTY-I.NFO,19/06/2024,09:29:33,23581.5,23581,25,23581.5,75,575,12390650
NIFTY-I.NFO,19/06/2024,09:29:35,23582,23582,1075,23582.5,25,1550,12390650
NIFTY-I.NFO,19/06/2024,09:29:35,23580.4,23582,1075,23582.5,25,0,12390650
NIFTY-I.NFO,19/06/2024,09:29:36,23582.55,23582,375,23582.6,125,1350,12390650
NIFTY-I.NFO,19/06/2024,09:29:38,23581.15,23580.65,50,23581.15,250,1475,12390650
NIFTY-I.NFO,19/06/2024,09:29:40,23581.85,23581.25,25,23581.85,75,5175,12390650
NIFTY-I.NFO,19/06/2024,09:29:40,23577,23581.25,25,23581.85,75,0,12390650
NIFTY-I.NFO,19/06/2024,09:29:41,23581.65,23581.5,525,23581.65,25,1250,12390650
NIFTY-I.NFO,19/06/2024,09:29:43,23580.6,23579.7,25,23580.45,100,425,12390650
NIFTY-I.NFO,19/06/2024,09:29:45,23581.95,23581.1,150,23581.9,100,950,12390650
NIFTY-I.NFO,19/06/2024,09:29:46,23580.25,23580.25,100,23580.85,75,875,12390650
NIFTY-I.NFO,19/06/2024,09:29:48,23580.55,23580.25,100,23581.35,75,825,12390650
NIFTY-I.NFO,19/06/2024,09:29:50,23580,23580,1850,23580.95,75,225,12390650
NIFTY-I.NFO,19/06/2024,09:29:51,23580.7,23580,1325,23580.7,25,1000,12390650
NIFTY-I.NFO,19/06/2024,09:29:53,23581.4,23578.5,25,23580.5,50,3000,12390650
NIFTY-I.NFO,19/06/2024,09:29:55,23580,23579.75,25,23580,575,1500,12390650
NIFTY-I.NFO,19/06/2024,09:29:56,23578.25,23578.15,25,23579.35,25,1925,12390650
NIFTY-I.NFO,19/06/2024,09:29:58,23577.2,23577.5,50,23577.8,25,6075,12390650
NIFTY-I.NFO,19/06/2024,09:29:58,23576.2,23577.5,50,23577.8,25,0,12390650
NIFTY-I.NFO,19/06/2024,09:30:00,23577.65,23578,100,23578.65,25,2425,12390650
NIFTY-I.NFO,19/06/2024,09:30:01,23577.1,23576,25,23577.15,75,1175,12390650
NIFTY-I.NFO,19/06/2024,09:30:01,23575.35,23576,25,23577.15,75,0,12390650
NIFTY-I.NFO,19/06/2024,09:30:03,23575.55,23576.1,25,23576.5,25,400,12390650
NIFTY-I.NFO,19/06/2024,09:30:03,23575.2,23576.1,25,23576.5,25,0,12390650
NIFTY-I.NFO,19/06/2024,09:30:05,23579.8,23579.55,25,23579.9,25,1150,12390650
NIFTY-I.NFO,19/06/2024,09:30:06,23581.5,23581.6,25,23586.05,25,4900,12390650
NIFTY-I.NFO,19/06/2024,09:30:08,23586.05,23583.4,125,23587.15,25,1200,12390650
NIFTY-I.NFO,19/06/2024,09:30:10,23585.25,23585.45,25,23588.8,25,2725,12390650
NIFTY-I.NFO,19/06/2024,09:30:11,23584.65,23583.35,25,23584,25,275,12390650
NIFTY-I.NFO,19/06/2024,09:30:13,23581.95,23581.85,125,23581.95,150,4875,12390650
NIFTY-I.NFO,19/06/2024,09:30:15,23582.55,23582.4,25,23583.25,25,5150,12390650
NIFTY-I.NFO,19/06/2024,09:30:16,23581,23578.3,25,23580.8,25,550,12390650
NIFTY-I.NFO,19/06/2024,09:30:18,23578.85,23577.4,250,23578.45,25,800,12390650
NIFTY-I.NFO,19/06/2024,09:30:20,23575.1,23575,1925,23575.1,25,2200,12390650
NIFTY-I.NFO,19/06/2024,09:30:20,23575.1,23575,1925,23575.1,25,0,12390650
NIFTY-I.NFO,19/06/2024,09:30:21,23572.8,23574.45,25,23574.65,100,2800,12390650
NIFTY-I.NFO,19/06/2024,09:30:21,23571.25,23574.45,25,23574.65,100,0,12390650
NIFTY-I.NFO,19/06/2024,09:30:23,23574.5,23572,25,23574.95,75,1025,12390650
NIFTY-I.NFO,19/06/2024,09:30:25,23574,23573.15,50,23574,25,475,12390650
NIFTY-I.NFO,19/06/2024,09:30:26,23575,23575,300,23575.05,150,1475,12390650
NIFTY-I.NFO,19/06/2024,09:30:28,23572.2,23571.1,200,23572.2,25,1825,12390650
NIFTY-I.NFO,19/06/2024,09:30:30,23571.5,23571.55,25,23572.25,100,1150,12399300
NIFTY-I.NFO,19/06/2024,09:30:30,23571.1,23571.55,25,23572.25,100,0,12399300
NIFTY-I.NFO,19/06/2024,09:30:31,23572.45,23572.45,25,23572.9,75,1025,12399300
NIFTY-I.NFO,19/06/2024,09:30:33,23571.55,23571,200,23571.85,75,1025,12399300
NIFTY-I.NFO,19/06/2024,09:30:33,23571,23571,200,23571.85,75,0,12399300
NIFTY-I.NFO,19/06/2024,09:30:35,23571.35,23570.25,350,23571.35,100,1475,12399300
NIFTY-I.NFO,19/06/2024,09:30:35,23570.45,23570.25,350,23571.35,100,0,12399300
NIFTY-I.NFO,19/06/2024,09:30:36,23569.15,23568.4,25,23569.95,150,3075,12399300
NIFTY-I.NFO,19/06/2024,09:30:36,23569.15,23568.4,25,23569.95,150,0,12399300
NIFTY-I.NFO,19/06/2024,09:30:38,23568.7,23568.5,25,23569.65,150,3050,12399300
NIFTY-I.NFO,19/06/2024,09:30:38,23568.2,23568.5,25,23569.65,150,0,12399300
NIFTY-I.NFO,19/06/2024,09:30:40,23570.2,23570.55,25,23570.85,100,1600,12399300
NIFTY-I.NFO,19/06/2024,09:30:41,23569.7,23569.7,25,23569.9,100,2600,12399300
NIFTY-I.NFO,19/06/2024,09:30:41,23567.7,23569.7,25,23569.9,100,0,12399300
NIFTY-I.NFO,19/06/2024,09:30:43,23570.65,23570.6,25,23570.85,75,750,12399300
NIFTY-I.NFO,19/06/2024,09:30:45,23569,23568.4,25,23569.85,200,1275,12399300
NIFTY-I.NFO,19/06/2024,09:30:46,23569.95,23568.9,25,23569.95,50,1575,12399300
NIFTY-I.NFO,19/06/2024,09:30:46,23567.3,23568.9,25,23569.95,50,0,12399300
NIFTY-I.NFO,19/06/2024,09:30:48,23569.95,23569,50,23569.95,25,1650,12399300
NIFTY-I.NFO,19/06/2024,09:30:50,23563.9,23563.9,25,23564.95,50,6225,12399300
NIFTY-I.NFO,19/06/2024,09:30:50,23563,23563.9,25,23564.95,50,0,12399300
NIFTY-I.NFO,19/06/2024,09:30:52,23564.95,23564.35,150,23564.95,50,6350,12399300
NIFTY-I.NFO,19/06/2024,09:30:53,23563.05,23562.95,50,23564.3,100,1575,12399300
NIFTY-I.NFO,19/06/2024,09:30:53,23562.35,23562.95,50,23564.3,100,0,12399300
NIFTY-I.NFO,19/06/2024,09:30:55,23564.2,23562.05,50,23564.25,175,1675,12399300
NIFTY-I.NFO,19/06/2024,09:30:57,23563.85,23563.95,25,23565.85,200,2125,12399300
NIFTY-I.NFO,19/06/2024,09:30:57,23562.05,23563.95,25,23565.85,200,0,12399300
NIFTY-I.NFO,19/06/2024,09:30:58,23561.95,23562.05,25,23564.9,175,575,12399300
NIFTY-I.NFO,19/06/2024,09:30:58,23561.95,23562.05,25,23564.9,175,0,12399300
NIFTY-I.NFO,19/06/2024,09:31:00,23559.65,23559.1,25,23560.9,175,2575,12399300
NIFTY-I.NFO,19/06/2024,09:31:00,23559.65,23559.1,25,23560.9,175,0,12399300
NIFTY-I.NFO,19/06/2024,09:31:02,23562.1,23559.3,125,23563,25,4225,12399300
NIFTY-I.NFO,19/06/2024,09:31:02,23556.5,23559.3,125,23563,25,0,12399300
NIFTY-I.NFO,19/06/2024,09:31:03,23559.7,23556.7,250,23559.7,50,850,12399300
NIFTY-I.NFO,19/06/2024,09:31:05,23559.1,23559.2,125,23563,100,2325,12399300
NIFTY-I.NFO,19/06/2024,09:31:07,23563.8,23562.65,50,23567,125,6725,12399300
NIFTY-I.NFO,19/06/2024,09:31:08,23567.65,23565.1,25,23568.05,125,2525,12399300
NIFTY-I.NFO,19/06/2024,09:31:10,23567.1,23564.8,50,23568.75,25,2975,12399300
NIFTY-I.NFO,19/06/2024,09:31:11,23564.8,23564.7,125,23568.25,100,5250,12399300
NIFTY-I.NFO,19/06/2024,09:31:13,23566.25,23562.5,225,23565.45,100,4900,12399300
NIFTY-I.NFO,19/06/2024,09:31:15,23564.45,23564.5,225,23567.05,350,725,12399300
NIFTY-I.NFO,19/06/2024,09:31:16,23569.35,23567.2,225,23569.4,250,1250,12399300
NIFTY-I.NFO,19/06/2024,09:31:18,23569.95,23569.5,25,23570,2800,1175,12399300
NIFTY-I.NFO,19/06/2024,09:31:20,23568.5,23568.5,75,23569.75,200,400,12399300
NIFTY-I.NFO,19/06/2024,09:31:21,23569.95,23567.55,25,23569.5,150,4400,12399300
NIFTY-I.NFO,19/06/2024,09:31:23,23569.95,23569.75,1000,23569.95,175,500,12399300
NIFTY-I.NFO,19/06/2024,09:31:25,23569.75,23569.75,725,23571,925,1150,12399300
NIFTY-I.NFO,19/06/2024,09:31:26,23571,23569.95,225,23571,775,425,12399300
NIFTY-I.NFO,19/06/2024,09:31:28,23576,23573.05,25,23576.7,150,2025,12399300
NIFTY-I.NFO,19/06/2024,09:31:30,23572.35,23572.3,25,23576.1,150,1075,12399300
NIFTY-I.NFO,19/06/2024,09:31:31,23572.3,23572.1,25,23575.15,225,575,12399300
NIFTY-I.NFO,19/06/2024,09:31:33,23572.1,23572.55,25,23577,175,450,12399300
NIFTY-I.NFO,19/06/2024,09:31:35,23577.55,23573.55,25,23578.2,25,975,12399300
NIFTY-I.NFO,19/06/2024,09:31:36,23575.55,23575.85,25,23578.85,125,850,12399300
NIFTY-I.NFO,19/06/2024,09:31:38,23584.3,23578.25,25,23582.05,50,1800,12399300
NIFTY-I.NFO,19/06/2024,09:31:40,23583.4,23579.55,25,23583.45,25,625,12399300
NIFTY-I.NFO,19/06/2024,09:31:41,23587.65,23585,200,23587.65,100,1500,12399300
NIFTY-I.NFO,19/06/2024,09:31:43,23590,23586.1,100,23590,300,3675,12399300
NIFTY-I.NFO,19/06/2024,09:31:45,23591.95,23588.25,25,23591.95,75,2525,12399300
NIFTY-I.NFO,19/06/2024,09:31:46,23586.05,23586.65,25,23591,225,375,12399300
NIFTY-I.NFO,19/06/2024,09:31:48,23588,23586.2,250,23589.7,275,1125,12399300
NIFTY-I.NFO,19/06/2024,09:31:50,23589.35,23585.25,125,23588,25,1300,12399300
NIFTY-I.NFO,19/06/2024,09:31:51,23591.8,23587.55,50,23588.2,100,950,12399300
NIFTY-I.NFO,19/06/2024,09:31:53,23589.25,23585.35,50,23589.3,125,650,12399300
NIFTY-I.NFO,19/06/2024,09:31:55,23585,23585,350,23588.15,25,900,12399300
NIFTY-I.NFO,19/06/2024,09:31:56,23588,23585,325,23588.2,125,300,12399300
NIFTY-I.NFO,19/06/2024,09:31:58,23585,23584.3,25,23586,50,725,12399300
NIFTY-I.NFO,19/06/2024,09:32:00,23586,23583.05,50,23587.4,25,725,12399300
NIFTY-I.NFO,19/06/2024,09:32:01,23585.15,23583.3,125,23585.15,25,400,12399300
NIFTY-I.NFO,19/06/2024,09:32:03,23585,23581.7,25,23585.65,275,175,12399300
NIFTY-I.NFO,19/06/2024,09:32:05,23588.25,23588.25,25,23590,1325,1025,12399300
NIFTY-I.NFO,19/06/2024,09:32:06,23589.1,23585.25,100,23589.1,150,1525,12399300
NIFTY-I.NFO,19/06/2024,09:32:08,23585.1,23585.1,575,23588.7,275,550,12399300
NIFTY-I.NFO,19/06/2024,09:32:10,23584.7,23582.1,25,23583.75,150,675,12399300
NIFTY-I.NFO,19/06/2024,09:32:11,23581.05,23580.3,75,23582,75,125,12399300
NIFTY-I.NFO,19/06/2024,09:32:13,23581,23580,200,23580.95,75,100,12399300
NIFTY-I.NFO,19/06/2024,09:32:15,23581.55,23578.4,125,23581.55,300,275,12399300
NIFTY-I.NFO,19/06/2024,09:32:16,23578.1,23578.5,250,23581.95,300,1425,12399300
NIFTY-I.NFO,19/06/2024,09:32:18,23578.95,23579.3,225,23580,50,550,12399300
NIFTY-I.NFO,19/06/2024,09:32:20,23579.95,23577,25,23579.3,250,25,12399300
NIFTY-I.NFO,19/06/2024,09:32:21,23577.95,23577.45,50,23577.95,25,450,12399300
NIFTY-I.NFO,19/06/2024,09:32:23,23577.8,23578.1,100,23579.3,50,175,12399300
NIFTY-I.NFO,19/06/2024,09:32:25,23580.6,23580.5,350,23582.1,25,300,12399300
NIFTY-I.NFO,19/06/2024,09:32:26,23579.75,23579.75,25,23583.35,450,275,12399300
NIFTY-I.NFO,19/06/2024,09:32:28,23580.6,23582,250,23585,300,375,12399300
NIFTY-I.NFO,19/06/2024,09:32:30,23581.95,23581.5,150,23585,275,225,12399300
NIFTY-I.NFO,19/06/2024,09:32:31,23585,23581.75,275,23585,125,450,12399300
NIFTY-I.NFO,19/06/2024,09:32:33,23584.1,23581.05,150,23584.1,275,50,12399300
NIFTY-I.NFO,19/06/2024,09:32:35,23581.7,23581.05,75,23581.7,50,125,12399300
NIFTY-I.NFO,19/06/2024,09:32:36,23581.75,23581.05,175,23581.95,25,100,12399300
NIFTY-I.NFO,19/06/2024,09:32:38,23585,23582.65,125,23585,575,625,12399300
NIFTY-I.NFO,19/06/2024,09:32:40,23585,23582.2,125,23585,800,475,12399300
NIFTY-I.NFO,19/06/2024,09:32:41,23584.9,23582.25,225,23584.9,25,975,12399300
NIFTY-I.NFO,19/06/2024,09:32:43,23582.2,23582,150,23582.2,25,275,12399300
NIFTY-I.NFO,19/06/2024,09:32:45,23584.15,23583.7,50,23585,725,250,12399300
NIFTY-I.NFO,19/06/2024,09:32:46,23585.5,23585.5,50,23585.6,25,825,12399300
NIFTY-I.NFO,19/06/2024,09:32:48,23584.5,23584.5,200,23588.35,200,900,12399300
NIFTY-I.NFO,19/06/2024,09:32:50,23585.6,23585.2,50,23585.55,300,375,12399300
NIFTY-I.NFO,19/06/2024,09:32:51,23584.95,23583.1,25,23585.3,175,300,12399300
NIFTY-I.NFO,19/06/2024,09:32:53,23586,23584.95,175,23588.35,25,400,12399300
NIFTY-I.NFO,19/06/2024,09:32:55,23587.4,23584.95,25,23587.3,175,75,12399300
NIFTY-I.NFO,19/06/2024,09:32:56,23587.6,23584,50,23587.3,125,1900,12399300
NIFTY-I.NFO,19/06/2024,09:32:58,23586.85,23584.65,25,23584.9,125,250,12399300
NIFTY-I.NFO,19/06/2024,09:33:00,23581.95,23581.7,25,23581.95,175,575,12399300
NIFTY-I.NFO,19/06/2024,09:33:01,23584.55,23583.5,25,23584.9,25,575,12399300
NIFTY-I.NFO,19/06/2024,09:33:03,23583.95,23582.25,25,23584.5,125,225,12399300
NIFTY-I.NFO,19/06/2024,09:33:05,23584.5,23582.25,225,23584.45,175,300,12399300
NIFTY-I.NFO,19/06/2024,09:33:06,23584.95,23582.7,25,23585.2,25,225,12399300
NIFTY-I.NFO,19/06/2024,09:33:08,23586.75,23585,1000,23586.65,75,750,12399300
NIFTY-I.NFO,19/06/2024,09:33:10,23588.25,23585,425,23588,75,1450,12399300
NIFTY-I.NFO,19/06/2024,09:33:11,23587.05,23585.05,25,23587.05,250,125,12399300
NIFTY-I.NFO,19/06/2024,09:33:13,23586.5,23586.5,75,23589,75,550,12399300
NIFTY-I.NFO,19/06/2024,09:33:15,23586.6,23585.55,200,23586.55,100,25,12399300
NIFTY-I.NFO,19/06/2024,09:33:16,23586.55,23586.5,400,23588.85,50,300,12399300
NIFTY-I.NFO,19/06/2024,09:33:18,23586.8,23585.55,175,23587.7,75,550,12399300
NIFTY-I.NFO,19/06/2024,09:33:20,23585.55,23585.95,50,23587.85,75,975,12399300
NIFTY-I.NFO,19/06/2024,09:33:21,23585.9,23585.6,300,23587.85,25,300,12399300
NIFTY-I.NFO,19/06/2024,09:33:23,23586.85,23586.8,150,23587.55,75,250,12399300
NIFTY-I.NFO,19/06/2024,09:33:25,23587.15,23585.55,50,23586,200,350,12399300
NIFTY-I.NFO,19/06/2024,09:33:26,23585,23582.25,75,23585.45,100,525,12399300
NIFTY-I.NFO,19/06/2024,09:33:28,23585.3,23582.25,150,23584.2,25,175,12399300
NIFTY-I.NFO,19/06/2024,09:33:30,23585.35,23584.35,75,23585.75,25,250,12405200
NIFTY-I.NFO,19/06/2024,09:33:31,23584.75,23584.55,75,23585.3,25,125,12405200
NIFTY-I.NFO,19/06/2024,09:33:33,23584.7,23584.6,25,23584.65,25,250,12405200
NIFTY-I.NFO,19/06/2024,09:33:35,23589.95,23588.75,200,23590,2250,1475,12405200
NIFTY-I.NFO,19/06/2024,09:33:36,23589.95,23585.45,300,23588.7,75,1875,12405200
NIFTY-I.NFO,19/06/2024,09:33:38,23588.5,23586,250,23589.6,125,550,12405200
NIFTY-I.NFO,19/06/2024,09:33:40,23589.55,23586.55,25,23588,50,25,12405200
NIFTY-I.NFO,19/06/2024,09:33:41,23586,23585.3,50,23587.85,25,150,12405200
NIFTY-I.NFO,19/06/2024,09:33:43,23586.45,23585.3,25,23585.8,25,50,12405200
NIFTY-I.NFO,19/06/2024,09:33:45,23586,23586,600,23587.45,25,325,12405200
NIFTY-I.NFO,19/06/2024,09:33:46,23586.6,23586,600,23586.2,25,25,12405200
NIFTY-I.NFO,19/06/2024,09:33:48,23586,23585,800,23586.3,150,850,12405200
NIFTY-I.NFO,19/06/2024,09:33:50,23585.05,23584,25,23585,175,925,12405200
NIFTY-I.NFO,19/06/2024,09:33:51,23584,23584,75,23585,25,400,12405200
NIFTY-I.NFO,19/06/2024,09:33:53,23584.8,23581.7,25,23583.3,75,700,12405200
NIFTY-I.NFO,19/06/2024,09:33:55,23583.1,23582.3,25,23583.05,125,50,12405200
NIFTY-I.NFO,19/06/2024,09:33:56,23583,23581.7,50,23583,25,100,12405200
NIFTY-I.NFO,19/06/2024,09:33:58,23582.95,23582.5,25,23582.8,75,25,12405200
NIFTY-I.NFO,19/06/2024,09:34:00,23582.6,23581.5,75,23583.4,75,175,12405200
NIFTY-I.NFO,19/06/2024,09:34:01,23583.8,23583.65,150,23585,325,225,12405200
NIFTY-I.NFO,19/06/2024,09:34:03,23586,23585.4,50,23586.55,75,700,12405200
NIFTY-I.NFO,19/06/2024,09:34:04,23586.85,23585.1,25,23586.1,75,425,12405200
NIFTY-I.NFO,19/06/2024,09:34:06,23588.2,23588.2,25,23589.35,25,900,12405200
NIFTY-I.NFO,19/06/2024,09:34:08,23593.95,23590.45,100,23594.3,75,1825,12405200
NIFTY-I.NFO,19/06/2024,09:34:09,23591.05,23590.25,25,23590.8,75,200,12405200
NIFTY-I.NFO,19/06/2024,09:34:11,23592.5,23592.45,25,23592.9,25,1275,12405200
NIFTY-I.NFO,19/06/2024,09:34:13,23591.5,23591.05,150,23592.35,75,900,12405200
NIFTY-I.NFO,19/06/2024,09:34:14,23590.2,23590.2,225,23590.95,150,1150,12405200
NIFTY-I.NFO,19/06/2024,09:34:16,23590.25,23589.7,50,23591.05,25,475,12405200
NIFTY-I.NFO,19/06/2024,09:34:18,23591.55,23591.05,100,23594.4,25,900,12405200
NIFTY-I.NFO,19/06/2024,09:34:19,23594.25,23590.2,50,23594.3,175,450,12405200
NIFTY-I.NFO,19/06/2024,09:34:21,23591.05,23590,25,23590.85,75,550,12405200
NIFTY-I.NFO,19/06/2024,09:34:22,23594.3,23592.35,25,23594.15,25,325,12405200
NIFTY-I.NFO,19/06/2024,09:34:24,23594,23592.4,25,23593.75,75,250,12405200
NIFTY-I.NFO,19/06/2024,09:34:26,23594,23593.3,25,23594,25,200,12405200
NIFTY-I.NFO,19/06/2024,09:34:27,23592.95,23593.85,25,23594,25,250,12405200
NIFTY-I.NFO,19/06/2024,09:34:29,23594.8,23594.4,25,23594.8,950,300,12405200
NIFTY-I.NFO,19/06/2024,09:34:31,23594.95,23594.35,50,23595,1725,1075,12405200
NIFTY-I.NFO,19/06/2024,09:34:32,23594.75,23593.65,25,23594.8,25,1375,12405200
NIFTY-I.NFO,19/06/2024,09:34:34,23594.95,23594.85,25,23595,750,500,12405200
NIFTY-I.NFO,19/06/2024,09:34:36,23595,23594.65,25,23595,250,800,12405200
NIFTY-I.NFO,19/06/2024,09:34:37,23596.3,23594.9,25,23596.3,25,475,12405200
NIFTY-I.NFO,19/06/2024,09:34:39,23598,23596.05,150,23598,2575,525,12405200
NIFTY-I.NFO,19/06/2024,09:34:41,23597.4,23596.4,75,23597.35,75,425,12405200
NIFTY-I.NFO,19/06/2024,09:34:42,23597.9,23597.4,25,23598,2375,300,12405200
NIFTY-I.NFO,19/06/2024,09:34:44,23599.45,23597.75,25,23598.45,75,3225,12405200
NIFTY-I.NFO,19/06/2024,09:34:46,23600,23599,25,23599.65,75,3500,12405200
NIFTY-I.NFO,19/06/2024,09:34:47,23599.4,23598.3,25,23599.55,625,750,12405200
NIFTY-I.NFO,19/06/2024,09:34:49,23604.15,23601.25,50,23604,325,4775,12405200
NIFTY-I.NFO,19/06/2024,09:34:51,23600,23599.45,100,23600,950,450,12405200
NIFTY-I.NFO,19/06/2024,09:34:52,23603.55,23601.55,250,23603.05,25,1375,12405200
NIFTY-I.NFO,19/06/2024,09:34:54,23601.6,23602.05,50,23603.45,25,425,12405200
NIFTY-I.NFO,19/06/2024,09:34:55,23604.1,23603.35,250,23605,625,350,12405200
NIFTY-I.NFO,19/06/2024,09:34:57,23604.15,23603.5,100,23604.35,75,1750,12405200
NIFTY-I.NFO,19/06/2024,09:34:59,23605.2,23602.6,75,23605.4,75,1250,12405200
NIFTY-I.NFO,19/06/2024,09:35:00,23603.65,23603.6,25,23605.1,25,300,12405200
NIFTY-I.NFO,19/06/2024,09:35:02,23605.65,23604.4,50,23608.45,225,1050,12405200
NIFTY-I.NFO,19/06/2024,09:35:04,23606.15,23604.15,150,23605.65,25,600,12405200
NIFTY-I.NFO,19/06/2024,09:35:05,23608.1,23605.2,350,23608.15,125,850,12405200
NIFTY-I.NFO,19/06/2024,09:35:07,23605,23601.95,50,23604.8,25,1550,12405200
NIFTY-I.NFO,19/06/2024,09:35:09,23605.5,23601.9,75,23605.55,125,725,12405200
NIFTY-I.NFO,19/06/2024,09:35:10,23602.15,23602.15,75,23603.55,25,425,12405200
NIFTY-I.NFO,19/06/2024,09:35:12,23602.05,23603.55,50,23604.8,125,400,12405200
NIFTY-I.NFO,19/06/2024,09:35:14,23605,23601.05,150,23603.6,125,1200,12405200
NIFTY-I.NFO,19/06/2024,09:35:15,23599.45,23599,50,23600.7,25,1650,12405200
NIFTY-I.NFO,19/06/2024,09:35:17,23597.95,23597.35,100,23597.95,325,175,12405200
NIFTY-I.NFO,19/06/2024,09:35:19,23600,23599,250,23600,50,625,12405200
NIFTY-I.NFO,19/06/2024,09:35:20,23600,23600.05,100,23601.8,25,925,12405200
NIFTY-I.NFO,19/06/2024,09:35:22,23602.05,23601.3,75,23602.05,50,600,12405200
NIFTY-I.NFO,19/06/2024,09:35:23,23601.5,23600.05,100,23602.05,150,450,12405200
NIFTY-I.NFO,19/06/2024,09:35:25,23602.15,23601.15,250,23603.85,25,600,12405200
NIFTY-I.NFO,19/06/2024,09:35:27,23603.65,23601.15,250,23603.8,25,375,12405200
NIFTY-I.NFO,19/06/2024,09:35:28,23601.05,23600.15,250,23602.6,25,50,12405200
NIFTY-I.NFO,19/06/2024,09:35:30,23603.1,23599.15,250,23601.85,25,1325,12405200
NIFTY-I.NFO,19/06/2024,09:35:32,23599.15,23597.35,100,23599.15,525,450,12405200
NIFTY-I.NFO,19/06/2024,09:35:33,23598.75,23597.35,50,23599.05,225,275,12405200
NIFTY-I.NFO,19/06/2024,09:35:35,23600,23597.4,250,23599.95,25,1625,12405200
NIFTY-I.NFO,19/06/2024,09:35:36,23599.15,23599.15,100,23600,50,500,12405200
NIFTY-I.NFO,19/06/2024,09:35:38,23599.1,23597,200,23600,100,125,12405200
NIFTY-I.NFO,19/06/2024,09:35:40,23600,23596.55,50,23599.95,25,125,12405200
NIFTY-I.NFO,19/06/2024,09:35:41,23596.55,23598,50,23599.9,50,50,12405200
NIFTY-I.NFO,19/06/2024,09:35:43,23596.6,23597.05,100,23599,25,700,12405200
NIFTY-I.NFO,19/06/2024,09:35:44,23597.05,23597,275,23598.9,100,100,12405200
NIFTY-I.NFO,19/06/2024,09:35:46,23599,23596.55,25,23597.95,25,150,12405200
NIFTY-I.NFO,19/06/2024,09:35:48,23597.85,23595,250,23597.6,25,400,12405200
NIFTY-I.NFO,19/06/2024,09:35:49,23594.95,23594,150,23594.95,25,350,12405200
NIFTY-I.NFO,19/06/2024,09:35:51,23595,23594.05,100,23597.6,25,400,12405200
NIFTY-I.NFO,19/06/2024,09:35:53,23597.05,23594.25,100,23598.25,25,625,12405200
NIFTY-I.NFO,19/06/2024,09:35:54,23594.5,23594.1,25,23594.45,150,100,12405200
NIFTY-I.NFO,19/06/2024,09:35:56,23594.05,23593.55,75,23596.85,25,375,12405200
NIFTY-I.NFO,19/06/2024,09:35:57,23593.45,23594,275,23596.8,25,175,12405200
NIFTY-I.NFO,19/06/2024,09:35:59,23597,23595.1,50,23597,200,325,12405200
NIFTY-I.NFO,19/06/2024,09:36:01,23595.8,23595.8,50,23598.8,25,375,12405200
NIFTY-I.NFO,19/06/2024,09:36:02,23594.95,23594.95,250,23598.5,25,150,12405200
NIFTY-I.NFO,19/06/2024,09:36:04,23597.6,23594.45,25,23597.4,25,375,12405200
NIFTY-I.NFO,19/06/2024,09:36:05,23594.05,23594.05,25,23594.95,25,1050,12405200
NIFTY-I.NFO,19/06/2024,09:36:07,23593.95,23594,525,23594.95,25,650,12405200
NIFTY-I.NFO,19/06/2024,09:36:09,23596.15,23593,25,23596.35,25,825,12405200
NIFTY-I.NFO,19/06/2024,09:36:10,23597.15,23593.15,100,23597.15,25,1475,12405200
NIFTY-I.NFO,19/06/2024,09:36:12,23596.25,23592.65,100,23596.55,25,550,12405200
NIFTY-I.NFO,19/06/2024,09:36:14,23598.75,23595.35,25,23598.7,125,1025,12405200
NIFTY-I.NFO,19/06/2024,09:36:15,23598.75,23595.35,50,23597.55,125,0,12405200
NIFTY-I.NFO,19/06/2024,09:36:17,23598.75,23595.35,50,23597.65,25,0,12405200
NIFTY-I.NFO,19/06/2024,09:36:19,23594.8,23594.8,250,23598.45,125,1225,12405200
NIFTY-I.NFO,19/06/2024,09:36:20,23595.8,23594.45,250,23598.6,200,475,12405200
NIFTY-I.NFO,19/06/2024,09:36:22,23597.4,23593.55,50,23597.35,25,300,12405200
NIFTY-I.NFO,19/06/2024,09:36:24,23595.8,23593,25,23595.75,75,25,12405200
NIFTY-I.NFO,19/06/2024,09:36:25,23593,23593.05,25,23596.8,25,175,12405200
NIFTY-I.NFO,19/06/2024,09:36:27,23593.4,23592.95,25,23594.8,25,175,12405200
NIFTY-I.NFO,19/06/2024,09:36:29,23596.2,23592.85,25,23596.6,125,325,12405200
NIFTY-I.NFO,19/06/2024,09:36:30,23597.65,23593.6,100,23597.65,125,575,12405200
NIFTY-I.NFO,19/06/2024,09:36:32,23599,23595.25,200,23599,25,475,12404250
NIFTY-I.NFO,19/06/2024,09:36:34,23594.65,23594.05,250,23597.6,200,175,12404250
NIFTY-I.NFO,19/06/2024,09:36:35,23595.55,23595.35,75,23597,350,475,12404250
NIFTY-I.NFO,19/06/2024,09:36:37,23597,23595.3,25,23597,200,350,12404250
NIFTY-I.NFO,19/06/2024,09:36:38,23597,23596.15,100,23599,175,400,12404250
NIFTY-I.NFO,19/06/2024,09:36:40,23597.55,23597,50,23599,200,125,12404250
NIFTY-I.NFO,19/06/2024,09:36:42,23597.6,23597.45,100,23599.95,50,625,12404250
NIFTY-I.NFO,19/06/2024,09:36:43,23600.95,23600.05,25,23602.55,25,3550,12404250
NIFTY-I.NFO,19/06/2024,09:36:45,23600.6,23600.1,100,23603,100,1125,12404250
NIFTY-I.NFO,19/06/2024,09:36:47,23602.9,23600.15,100,23602.85,225,50,12404250
NIFTY-I.NFO,19/06/2024,09:36:48,23599.8,23599.8,150,23603.25,25,575,12404250
NIFTY-I.NFO,19/06/2024,09:36:50,23598.95,23599.1,100,23600,2325,1650,12404250
NIFTY-I.NFO,19/06/2024,09:36:52,23598.2,23598.6,50,23600,2275,550,12404250
NIFTY-I.NFO,19/06/2024,09:36:53,23599.9,23599.7,50,23600,2650,150,12404250
NIFTY-I.NFO,19/06/2024,09:36:55,23599.9,23599.75,25,23600,2500,325,12404250
NIFTY-I.NFO,19/06/2024,09:36:57,23602.2,23601.95,100,23603.7,25,3050,12404250
NIFTY-I.NFO,19/06/2024,09:36:58,23602,23602,200,23603.4,25,975,12404250
NIFTY-I.NFO,19/06/2024,09:37:00,23601.95,23601.95,100,23604.75,25,800,12404250
NIFTY-I.NFO,19/06/2024,09:37:02,23601.95,23601.1,100,23602,100,550,12404250
NIFTY-I.NFO,19/06/2024,09:37:03,23605,23601.95,25,23605,50,1075,12404250
NIFTY-I.NFO,19/06/2024,09:37:05,23601.95,23600.9,25,23601.95,50,75,12404250
NIFTY-I.NFO,19/06/2024,09:37:07,23600.9,23600,50,23601.7,300,125,12404250
NIFTY-I.NFO,19/06/2024,09:37:08,23598.25,23598.25,50,23601.4,100,450,12404250
NIFTY-I.NFO,19/06/2024,09:37:10,23601.95,23598.35,250,23601.95,50,1675,12404250
NIFTY-I.NFO,19/06/2024,09:37:12,23601,23597.05,75,23601.1,25,775,12404250
NIFTY-I.NFO,19/06/2024,09:37:13,23601,23597.5,150,23600.45,25,275,12404250
NIFTY-I.NFO,19/06/2024,09:37:15,23598.9,23596.95,50,23599.95,25,1250,12404250
NIFTY-I.NFO,19/06/2024,09:37:17,23599.9,23597.05,25,23599.7,25,75,12404250
NIFTY-I.NFO,19/06/2024,09:37:18,23599.65,23597.1,100,23599.9,25,350,12404250
NIFTY-I.NFO,19/06/2024,09:37:20,23601,23597.85,100,23601.95,50,550,12404250
NIFTY-I.NFO,19/06/2024,09:37:21,23597.95,23597.95,125,23600.75,25,25,12404250
NIFTY-I.NFO,19/06/2024,09:37:23,23596.95,23596.95,25,23598.45,25,375,12404250
NIFTY-I.NFO,19/06/2024,09:37:25,23597.85,23597.5,25,23599.8,25,350,12404250
NIFTY-I.NFO,19/06/2024,09:37:26,23597.95,23597.05,25,23597.85,75,200,12404250
NIFTY-I.NFO,19/06/2024,09:37:28,23598.45,23595,125,23597.7,25,625,12404250
NIFTY-I.NFO,19/06/2024,09:37:30,23597.85,23595,125,23598.4,25,50,12404250
NIFTY-I.NFO,19/06/2024,09:37:31,23596.7,23595,150,23597.9,25,50,12404250
NIFTY-I.NFO,19/06/2024,09:37:33,23597.2,23595,100,23597.55,25,125,12404250
NIFTY-I.NFO,19/06/2024,09:37:34,23597.2,23595.7,200,23597.85,50,175,12404250
NIFTY-I.NFO,19/06/2024,09:37:36,23595.35,23594.8,250,23597.65,25,75,12404250
NIFTY-I.NFO,19/06/2024,09:37:38,23595,23594.9,25,23595.35,450,450,12404250
NIFTY-I.NFO,19/06/2024,09:37:39,23595.65,23595.7,125,23597.85,50,500,12404250
NIFTY-I.NFO,19/06/2024,09:37:41,23597.1,23597.05,50,23597.85,25,175,12404250
NIFTY-I.NFO,19/06/2024,09:37:43,23597.05,23595.8,100,23597,825,125,12404250
NIFTY-I.NFO,19/06/2024,09:37:44,23596,23595.9,50,23597,600,350,12404250
NIFTY-I.NFO,19/06/2024,09:37:46,23596.05,23595.85,100,23597,400,275,12404250
NIFTY-I.NFO,19/06/2024,09:37:47,23597,23595.4,75,23597,400,75,12404250
NIFTY-I.NFO,19/06/2024,09:37:49,23597,23595.4,75,23597,400,25,12404250
NIFTY-I.NFO,19/06/2024,09:37:51,23595.4,23595.35,50,23596.95,25,75,12404250
NIFTY-I.NFO,19/06/2024,09:37:52,23597,23595.35,75,23597,425,25,12404250
NIFTY-I.NFO,19/06/2024,09:37:54,23597,23595.25,25,23597,400,100,12404250
NIFTY-I.NFO,19/06/2024,09:37:56,23597,23595.4,100,23596.8,25,50,12404250
NIFTY-I.NFO,19/06/2024,09:37:57,23595,23595,100,23596.9,25,1125,12404250
NIFTY-I.NFO,19/06/2024,09:37:59,23595,23594,25,23595.8,100,350,12404250
NIFTY-I.NFO,19/06/2024,09:38:00,23594,23594,25,23595.3,100,425,12404250
NIFTY-I.NFO,19/06/2024,09:38:02,23595,23594,75,23595.3,25,25,12404250
NIFTY-I.NFO,19/06/2024,09:38:04,23595.75,23593.25,350,23595.75,25,600,12404250
NIFTY-I.NFO,19/06/2024,09:38:05,23593.1,23593,125,23594.9,25,125,12404250
NIFTY-I.NFO,19/06/2024,09:38:07,23595,23593.25,350,23596.3,25,75,12404250
NIFTY-I.NFO,19/06/2024,09:38:09,23595,23594.4,350,23596.8,25,50,12404250
NIFTY-I.NFO,19/06/2024,09:38:10,23598,23595.75,375,23598.65,25,1025,12404250
NIFTY-I.NFO,19/06/2024,09:38:12,23599.2,23597.35,350,23599.5,25,200,12404250
NIFTY-I.NFO,19/06/2024,09:38:14,23599.25,23596.8,350,23598.85,25,200,12404250
NIFTY-I.NFO,19/06/2024,09:38:15,23596.8,23596.8,325,23598.85,25,75,12404250
NIFTY-I.NFO,19/06/2024,09:38:17,23597,23594.25,150,23596.8,25,1050,12404250
NIFTY-I.NFO,19/06/2024,09:38:18,23596.5,23593.75,275,23596.5,25,150,12404250
NIFTY-I.NFO,19/06/2024,09:38:20,23597.1,23594.15,150,23596.9,25,175,12404250
NIFTY-I.NFO,19/06/2024,09:38:22,23597.1,23596.25,25,23598.75,25,150,12404250
NIFTY-I.NFO,19/06/2024,09:38:23,23598.75,23596,200,23598.75,25,750,12404250
NIFTY-I.NFO,19/06/2024,09:38:25,23599,23596.9,100,23599.35,250,100,12404250
NIFTY-I.NFO,19/06/2024,09:38:27,23596.9,23597.05,175,23598.6,25,50,12404250
NIFTY-I.NFO,19/06/2024,09:38:28,23597.05,23597.1,175,23599.8,25,100,12404250
NIFTY-I.NFO,19/06/2024,09:38:30,23597.05,23597.05,25,23598.75,50,50,12404250
NIFTY-I.NFO,19/06/2024,09:38:31,23595.35,23595.35,125,23597.05,275,550,12404250
NIFTY-I.NFO,19/06/2024,09:38:33,23594.55,23594.5,300,23597.05,275,25,12404250
NIFTY-I.NFO,19/06/2024,09:38:35,23595,23594.9,125,23595,2825,225,12404250
NIFTY-I.NFO,19/06/2024,09:38:36,23595,23594.9,25,23595,2825,0,12404250
NIFTY-I.NFO,19/06/2024,09:38:38,23594.9,23594.5,250,23594.9,500,975,12404250
NIFTY-I.NFO,19/06/2024,09:38:40,23594.9,23594.9,225,23595,2825,500,12404250
NIFTY-I.NFO,19/06/2024,09:38:41,23594.9,23593.85,250,23595,2800,125,12404250
NIFTY-I.NFO,19/06/2024,09:38:43,23594.9,23594.15,50,23595,2800,0,12404250
NIFTY-I.NFO,19/06/2024,09:38:44,23594.5,23594.5,25,23595,2800,25,12404250
NIFTY-I.NFO,19/06/2024,09:38:46,23595,23593.45,375,23594.75,25,1850,12404250
NIFTY-I.NFO,19/06/2024,09:38:48,23595,23594.55,150,23595,2675,100,12404250
NIFTY-I.NFO,19/06/2024,09:38:49,23596.55,23594.95,250,23598.35,25,2775,12404250
NIFTY-I.NFO,19/06/2024,09:38:51,23595,23595.55,175,23598.7,25,250,12404250
NIFTY-I.NFO,19/06/2024,09:38:52,23595.5,23595.5,100,23597.85,25,450,12404250
NIFTY-I.NFO,19/06/2024,09:38:54,23595.5,23595.5,75,23597.9,25,50,12404250
NIFTY-I.NFO,19/06/2024,09:38:56,23598.8,23595.2,100,23598.85,25,725,12404250
NIFTY-I.NFO,19/06/2024,09:38:57,23595.4,23595.45,275,23597,25,125,12404250
NIFTY-I.NFO,19/06/2024,09:38:59,23595.5,23595.15,200,23597,25,50,12404250
NIFTY-I.NFO,19/06/2024,09:39:01,23597,23595.45,300,23597,25,50,12404250
NIFTY-I.NFO,19/06/2024,09:39:02,23597,23594.95,175,23598,100,200,12404250
NIFTY-I.NFO,19/06/2024,09:39:04,23595.45,23595.45,150,23596,125,125,12404250
NIFTY-I.NFO,19/06/2024,09:39:05,23596,23594.05,225,23596,100,50,12404250
NIFTY-I.NFO,19/06/2024,09:39:07,23593.45,23592.95,225,23596,75,150,12404250
NIFTY-I.NFO,19/06/2024,09:39:09,23593.45,23592.95,100,23595.8,25,200,12404250
NIFTY-I.NFO,19/06/2024,09:39:10,23592.6,23592.5,125,23596.15,25,475,12404250
NIFTY-I.NFO,19/06/2024,09:39:12,23593,23592.3,125,23596.25,25,1450,12404250
NIFTY-I.NFO,19/06/2024,09:39:13,23592,23592.15,225,23592.3,100,125,12404250
NIFTY-I.NFO,19/06/2024,09:39:15,23595.8,23592,375,23595.45,25,200,12404250
NIFTY-I.NFO,19/06/2024,09:39:16,23591.95,23591.95,350,23592,25,350,12404250
NIFTY-I.NFO,19/06/2024,09:39:18,23591.95,23591,125,23591.95,100,0,12404250
NIFTY-I.NFO,19/06/2024,09:39:20,23594.1,23591.1,25,23594.8,25,700,12404250
NIFTY-I.NFO,19/06/2024,09:39:21,23591.15,23590.25,25,23591.85,25,175,12404250
NIFTY-I.NFO,19/06/2024,09:39:23,23590.15,23590.1,225,23592.4,25,150,12404250
NIFTY-I.NFO,19/06/2024,09:39:25,23591.5,23592.25,25,23594,25,350,12404250
NIFTY-I.NFO,19/06/2024,09:39:26,23592.2,23592.25,275,23595.5,25,1425,12404250
NIFTY-I.NFO,19/06/2024,09:39:28,23593.45,23593.65,25,23595,250,225,12404250
NIFTY-I.NFO,19/06/2024,09:39:30,23594,23592.95,225,23593.45,125,75,12404250
NIFTY-I.NFO,19/06/2024,09:39:31,23594.95,23594.95,25,23596,50,650,12409850
NIFTY-I.NFO,19/06/2024,09:39:33,23594.45,23594.45,350,23597.1,50,600,12409850
NIFTY-I.NFO,19/06/2024,09:39:35,23593.45,23593.95,450,23594.45,50,200,12409850
NIFTY-I.NFO,19/06/2024,09:39:36,23593.95,23593,225,23593.95,50,675,12409850
NIFTY-I.NFO,19/06/2024,09:39:38,23593.55,23593.75,225,23595,25,525,12409850
NIFTY-I.NFO,19/06/2024,09:39:40,23594.25,23593.5,25,23595.75,50,325,12409850
NIFTY-I.NFO,19/06/2024,09:39:41,23591.6,23592.1,125,23592.45,100,300,12409850
NIFTY-I.NFO,19/06/2024,09:39:43,23591.8,23591,50,23592.1,50,75,12409850
NIFTY-I.NFO,19/06/2024,09:39:45,23590.1,23590,400,23590.55,75,175,12409850
NIFTY-I.NFO,19/06/2024,09:39:46,23590,23590,125,23590.25,25,325,12409850
NIFTY-I.NFO,19/06/2024,09:39:48,23591,23588.75,25,23591.4,25,175,12409850
NIFTY-I.NFO,19/06/2024,09:39:50,23588,23588,4500,23591.15,25,375,12409850
NIFTY-I.NFO,19/06/2024,09:39:51,23588,23588,4250,23590,175,225,12409850
NIFTY-I.NFO,19/06/2024,09:39:53,23589.6,23589.6,50,23590,200,100,12409850
NIFTY-I.NFO,19/06/2024,09:39:55,23589.2,23589.55,50,23589.6,50,1425,12409850
NIFTY-I.NFO,19/06/2024,09:39:56,23588,23588,3800,23589.5,150,500,12409850
NIFTY-I.NFO,19/06/2024,09:39:58,23588,23588,3475,23589.5,50,400,12409850
NIFTY-I.NFO,19/06/2024,09:40:00,23589,23588,3550,23589,50,625,12409850
NIFTY-I.NFO,19/06/2024,09:40:01,23588,23588,3400,23589,25,225,12409850
NIFTY-I.NFO,19/06/2024,09:40:03,23588,23588.75,25,23589,25,775,12409850
NIFTY-I.NFO,19/06/2024,09:40:05,23588,23587.1,25,23588.1,50,2675,12409850
NIFTY-I.NFO,19/06/2024,09:40:06,23587.05,23587.45,100,23587.6,25,800,12409850
NIFTY-I.NFO,19/06/2024,09:40:08,23587.6,23587,25,23587.45,75,50,12409850
NIFTY-I.NFO,19/06/2024,09:40:10,23588,23586,1700,23588,100,275,12409850
NIFTY-I.NFO,19/06/2024,09:40:11,23587,23587,25,23590.4,25,1475,12409850
NIFTY-I.NFO,19/06/2024,09:40:13,23586,23584.65,125,23586.6,50,2275,12409850
NIFTY-I.NFO,19/06/2024,09:40:15,23586,23586,50,23588.45,25,275,12409850
NIFTY-I.NFO,19/06/2024,09:40:16,23585.35,23585.35,75,23586,300,425,12409850
NIFTY-I.NFO,19/06/2024,09:40:18,23584.3,23584.05,25,23586,200,375,12409850
NIFTY-I.NFO,19/06/2024,09:40:20,23586,23584.05,25,23586,100,275,12409850
NIFTY-I.NFO,19/06/2024,09:40:21,23583.65,23583,50,23583.65,25,150,12409850
NIFTY-I.NFO,19/06/2024,09:40:23,23582.25,23582.25,100,23582.95,50,2075,12409850
NIFTY-I.NFO,19/06/2024,09:40:25,23586,23584.5,350,23586,150,625,12409850
NIFTY-I.NFO,19/06/2024,09:40:26,23583.9,23583.75,125,23584.5,75,1075,12409850
NIFTY-I.NFO,19/06/2024,09:40:28,23584.15,23584.1,225,23587.95,25,425,12409850
NIFTY-I.NFO,19/06/2024,09:40:30,23584.9,23587.2,25,23588.15,25,1150,12409850
NIFTY-I.NFO,19/06/2024,09:40:31,23583.9,23584.8,125,23588.7,25,225,12409850
NIFTY-I.NFO,19/06/2024,09:40:33,23586.6,23586.55,125,23590,1325,300,12409850
NIFTY-I.NFO,19/06/2024,09:40:34,23585.1,23585.25,125,23586.55,50,200,12409850
NIFTY-I.NFO,19/06/2024,09:40:36,23583.9,23583.85,200,23585.25,100,50,12409850
NIFTY-I.NFO,19/06/2024,09:40:38,23588.3,23585.25,500,23587.55,25,600,12409850
NIFTY-I.NFO,19/06/2024,09:40:39,23585.25,23585.25,400,23587.9,25,225,12409850
NIFTY-I.NFO,19/06/2024,09:40:41,23582.45,23584,50,23585.25,50,625,12409850
NIFTY-I.NFO,19/06/2024,09:40:42,23585.25,23582.4,250,23584,50,175,12409850
NIFTY-I.NFO,19/06/2024,09:40:44,23582.4,23582.7,350,23586.15,25,275,12409850
NIFTY-I.NFO,19/06/2024,09:40:46,23582.75,23582.75,300,23585.25,25,150,12409850
NIFTY-I.NFO,19/06/2024,09:40:47,23582.45,23582.25,225,23582.45,50,25,12409850
NIFTY-I.NFO,19/06/2024,09:40:49,23582.25,23582,275,23582.25,25,275,12409850
NIFTY-I.NFO,19/06/2024,09:40:50,23580,23579.3,125,23581.8,25,1850,12409850
NIFTY-I.NFO,19/06/2024,09:40:52,23580.4,23578,275,23579.3,275,250,12409850
NIFTY-I.NFO,19/06/2024,09:40:54,23577.6,23577.25,225,23578,275,1050,12409850
NIFTY-I.NFO,19/06/2024,09:40:55,23577.25,23577.05,800,23579.3,100,375,12409850
NIFTY-I.NFO,19/06/2024,09:40:57,23577.3,23577.3,125,23578.15,25,175,12409850
NIFTY-I.NFO,19/06/2024,09:40:58,23577.95,23577.95,150,23580,1275,300,12409850
NIFTY-I.NFO,19/06/2024,09:41:00,23578.1,23578.1,50,23580,1225,125,12409850
NIFTY-I.NFO,19/06/2024,09:41:01,23580,23578.2,225,23580,1225,75,12409850
NIFTY-I.NFO,19/06/2024,09:41:03,23578.5,23578.25,125,23580,1175,700,12409850
NIFTY-I.NFO,19/06/2024,09:41:05,23580.5,23580.75,300,23582.25,25,1275,12409850
NIFTY-I.NFO,19/06/2024,09:41:06,23585.6,23582.1,25,23585.6,25,700,12409850
NIFTY-I.NFO,19/06/2024,09:41:08,23581.35,23581.4,125,23585.15,25,200,12409850
NIFTY-I.NFO,19/06/2024,09:41:09,23582.1,23581.6,125,23585,25,25,12409850
NIFTY-I.NFO,19/06/2024,09:41:11,23585.3,23581.55,50,23585.3,100,800,12409850
NIFTY-I.NFO,19/06/2024,09:41:13,23585.3,23581.55,50,23584.7,25,150,12409850
NIFTY-I.NFO,19/06/2024,09:41:14,23581.55,23581.55,25,23583.75,75,75,12409850
NIFTY-I.NFO,19/06/2024,09:41:16,23581.55,23579.7,350,23583.35,100,50,12409850
NIFTY-I.NFO,19/06/2024,09:41:18,23579,23579,25,23581.85,75,50,12409850
NIFTY-I.NFO,19/06/2024,09:41:19,23578.1,23578.05,150,23580,2475,225,12409850
NIFTY-I.NFO,19/06/2024,09:41:21,23581.05,23581.1,275,23584.45,25,2625,12409850
NIFTY-I.NFO,19/06/2024,09:41:23,23581.35,23581.35,50,23584.15,25,150,12409850
NIFTY-I.NFO,19/06/2024,09:41:24,23582.25,23582.75,175,23586.65,25,750,12409850
NIFTY-I.NFO,19/06/2024,09:41:26,23585.25,23584.7,50,23585.25,475,450,12409850
NIFTY-I.NFO,19/06/2024,09:41:28,23584.7,23582.4,75,23585.25,200,375,12409850
NIFTY-I.NFO,19/06/2024,09:41:29,23585.25,23583.1,125,23585.25,50,200,12409850
NIFTY-I.NFO,19/06/2024,09:41:31,23583.2,23585.25,25,23587,100,1325,12409850
NIFTY-I.NFO,19/06/2024,09:41:33,23583.3,23583.25,25,23585.25,25,125,12409850
NIFTY-I.NFO,19/06/2024,09:41:34,23585.25,23585.25,50,23586.6,25,250,12409850
NIFTY-I.NFO,19/06/2024,09:41:36,23585.95,23583.2,25,23586.45,75,200,12409850
NIFTY-I.NFO,19/06/2024,09:41:38,23586.55,23584,50,23585,50,350,12409850
NIFTY-I.NFO,19/06/2024,09:41:39,23584.6,23582.4,50,23584.95,100,75,12409850
NIFTY-I.NFO,19/06/2024,09:41:41,23583.65,23583.5,25,23587.65,300,575,12409850
NIFTY-I.NFO,19/06/2024,09:41:43,23587.4,23583.4,25,23587.35,25,250,12409850
NIFTY-I.NFO,19/06/2024,09:41:44,23582.9,23582.95,200,23585.25,75,25,12409850
NIFTY-I.NFO,19/06/2024,09:41:46,23583.35,23582.35,75,23582.65,100,50,12409850
NIFTY-I.NFO,19/06/2024,09:41:48,23582.65,23582.5,25,23582.65,25,125,12409850
NIFTY-I.NFO,19/06/2024,09:41:49,23582.65,23582.65,175,23583.65,25,50,12409850
NIFTY-I.NFO,19/06/2024,09:41:51,23580,23580,1000,23580.5,25,650,12409850
NIFTY-I.NFO,19/06/2024,09:41:53,23582.65,23580,925,23582.65,25,300,12409850
NIFTY-I.NFO,19/06/2024,09:41:54,23582.3,23580,1000,23582.6,50,50,12409850
NIFTY-I.NFO,19/06/2024,09:41:56,23580,23580,1100,23582,100,225,12409850
NIFTY-I.NFO,19/06/2024,09:41:58,23581.95,23580,775,23581.8,25,625,12409850
NIFTY-I.NFO,19/06/2024,09:41:59,23579,23578,150,23579.9,25,825,12409850
NIFTY-I.NFO,19/06/2024,09:42:01,23571.95,23571.3,125,23573.75,100,4650,12409850
NIFTY-I.NFO,19/06/2024,09:42:03,23570.25,23570.2,750,23571.9,50,2325,12409850
NIFTY-I.NFO,19/06/2024,09:42:04,23573.9,23570.7,425,23573.95,75,400,12409850
NIFTY-I.NFO,19/06/2024,09:42:06,23573.85,23571.4,150,23573.95,25,175,12409850
NIFTY-I.NFO,19/06/2024,09:42:08,23578.75,23575.2,125,23578.75,25,750,12409850
NIFTY-I.NFO,19/06/2024,09:42:09,23573.45,23574.05,25,23577.1,100,900,12409850
NIFTY-I.NFO,19/06/2024,09:42:11,23575,23575,50,23577.25,75,225,12409850
NIFTY-I.NFO,19/06/2024,09:42:13,23571.15,23571.15,25,23575.1,25,1325,12409850
NIFTY-I.NFO,19/06/2024,09:42:14,23574.45,23572.55,125,23574.95,50,100,12409850
NIFTY-I.NFO,19/06/2024,09:42:16,23573.95,23573.95,100,23575,475,475,12409850
NIFTY-I.NFO,19/06/2024,09:42:18,23574.5,23571.15,25,23573.3,50,500,12409850
NIFTY-I.NFO,19/06/2024,09:42:19,23570.2,23570.2,525,23573.15,100,400,12409850
NIFTY-I.NFO,19/06/2024,09:42:21,23573.1,23570.2,25,23573.05,50,450,12409850
NIFTY-I.NFO,19/06/2024,09:42:22,23570,23570.05,200,23573.15,25,1400,12409850
NIFTY-I.NFO,19/06/2024,09:42:24,23573.15,23570.5,100,23573.85,100,950,12409850
NIFTY-I.NFO,19/06/2024,09:42:26,23570,23570,2875,23572.45,25,300,12409850
NIFTY-I.NFO,19/06/2024,09:42:27,23571.2,23571.4,200,23574.8,25,525,12409850
NIFTY-I.NFO,19/06/2024,09:42:29,23573.1,23570.95,200,23574,50,475,12409850
NIFTY-I.NFO,19/06/2024,09:42:30,23573.8,23570.65,25,23574,100,475,12409850
NIFTY-I.NFO,19/06/2024,09:42:32,23570,23570,2875,23573.1,25,150,12422450
NIFTY-I.NFO,19/06/2024,09:42:34,23570,23570,1875,23571.9,25,1050,12422450
NIFTY-I.NFO,19/06/2024,09:42:35,23569.25,23568.5,25,23568.9,25,2050,12422450
NIFTY-I.NFO,19/06/2024,09:42:37,23568.9,23568,375,23568.5,25,100,12422450
NIFTY-I.NFO,19/06/2024,09:42:38,23568,23568,700,23570,50,100,12422450
NIFTY-I.NFO,19/06/2024,09:42:40,23569.3,23569.3,325,23571.9,25,200,12422450
NIFTY-I.NFO,19/06/2024,09:42:42,23568.3,23568.3,50,23570,25,200,12422450
NIFTY-I.NFO,19/06/2024,09:42:43,23569.5,23569.65,150,23571.9,75,175,12422450
NIFTY-I.NFO,19/06/2024,09:42:45,23571.9,23570,100,23571.9,50,50,12422450
NIFTY-I.NFO,19/06/2024,09:42:47,23570,23570,150,23571.35,25,550,12422450
NIFTY-I.NFO,19/06/2024,09:42:48,23568,23568.3,125,23571.85,25,675,12422450
NIFTY-I.NFO,19/06/2024,09:42:50,23567.3,23568.25,225,23572,25,550,12422450
NIFTY-I.NFO,19/06/2024,09:42:51,23566.95,23570,50,23570.95,25,250,12422450
NIFTY-I.NFO,19/06/2024,09:42:53,23570,23568,200,23570.6,25,150,12422450
NIFTY-I.NFO,19/06/2024,09:42:55,23568.45,23568.4,250,23570,250,225,12422450
NIFTY-I.NFO,19/06/2024,09:42:56,23568,23568,25,23570,275,100,12422450
NIFTY-I.NFO,19/06/2024,09:42:58,23568,23567.6,225,23568,200,375,12422450
NIFTY-I.NFO,19/06/2024,09:42:59,23567.2,23567,200,23569.95,50,375,12422450
NIFTY-I.NFO,19/06/2024,09:43:01,23567.2,23567.4,50,23568.85,25,0,12422450
NIFTY-I.NFO,19/06/2024,09:43:03,23570,23567.15,25,23570,1300,975,12422450
NIFTY-I.NFO,19/06/2024,09:43:04,23570,23567.6,175,23570,1050,300,12422450
NIFTY-I.NFO,19/06/2024,09:43:06,23571.3,23571.25,125,23572.5,25,1225,12422450
NIFTY-I.NFO,19/06/2024,09:43:07,23570.95,23570.5,25,23572.5,25,975,12422450
NIFTY-I.NFO,19/06/2024,09:43:09,23570.85,23571.2,25,23573.95,100,150,12422450
NIFTY-I.NFO,19/06/2024,09:43:11,23573.95,23572.6,25,23574,25,300,12422450
NIFTY-I.NFO,19/06/2024,09:43:12,23573.1,23573.6,25,23577.35,25,875,12422450
NIFTY-I.NFO,19/06/2024,09:43:14,23575.7,23573.6,25,23575.35,50,625,12422450
NIFTY-I.NFO,19/06/2024,09:43:16,23573.6,23572.4,125,23573.95,100,325,12422450
NIFTY-I.NFO,19/06/2024,09:43:17,23572,23572.75,25,23576.65,25,475,12422450
NIFTY-I.NFO,19/06/2024,09:43:19,23572.25,23571.6,25,23575.35,50,125,12422450
NIFTY-I.NFO,19/06/2024,09:43:21,23572,23571.95,125,23575.35,25,200,12422450
NIFTY-I.NFO,19/06/2024,09:43:22,23571.05,23570.4,325,23572.25,25,175,12422450
NIFTY-I.NFO,19/06/2024,09:43:24,23571.85,23572.1,50,23575.35,25,300,12422450
NIFTY-I.NFO,19/06/2024,09:43:26,23572.1,23573,25,23573.7,25,50,12422450
NIFTY-I.NFO,19/06/2024,09:43:27,23576,23573,25,23576,200,75,12422450
NIFTY-I.NFO,19/06/2024,09:43:29,23573.1,23573.1,50,23576,300,175,12422450
NIFTY-I.NFO,19/06/2024,09:43:31,23574.75,23572.1,25,23574.7,200,100,12422450
NIFTY-I.NFO,19/06/2024,09:43:32,23573.2,23573.05,50,23575,25,25,12422450
NIFTY-I.NFO,19/06/2024,09:43:34,23576,23575.95,25,23576,125,250,12422450
NIFTY-I.NFO,19/06/2024,09:43:36,23578,23575.9,50,23578,25,100,12422450
NIFTY-I.NFO,19/06/2024,09:43:37,23578,23577.45,125,23579.45,50,50,12422450
NIFTY-I.NFO,19/06/2024,09:43:39,23577,23576.7,25,23579.95,25,100,12422450
NIFTY-I.NFO,19/06/2024,09:43:41,23577.35,23577.1,25,23579.95,25,100,12422450
NIFTY-I.NFO,19/06/2024,09:43:42,23580,23580,600,23581.95,100,375,12422450
NIFTY-I.NFO,19/06/2024,09:43:44,23580,23576.7,25,23580.6,25,800,12422450
NIFTY-I.NFO,19/06/2024,09:43:46,23577.7,23578.1,25,23582,150,625,12422450
NIFTY-I.NFO,19/06/2024,09:43:47,23577.35,23577.4,25,23581.75,350,400,12422450
NIFTY-I.NFO,19/06/2024,09:43:49,23578.25,23578.25,50,23580,50,1550,12422450
NIFTY-I.NFO,19/06/2024,09:43:51,23576,23575,225,23576.8,100,150,12422450
NIFTY-I.NFO,19/06/2024,09:43:52,23578.25,23576.8,325,23578.25,1450,150,12422450
NIFTY-I.NFO,19/06/2024,09:43:54,23577,23576.8,275,23577.5,150,125,12422450
NIFTY-I.NFO,19/06/2024,09:43:56,23575,23576.2,1800,23577.15,25,400,12422450
NIFTY-I.NFO,19/06/2024,09:43:57,23575,23573.1,50,23575,1025,2200,12422450
NIFTY-I.NFO,19/06/2024,09:43:59,23575,23572,75,23575,1100,175,12422450
NIFTY-I.NFO,19/06/2024,09:44:01,23575,23572.1,25,23575,1025,100,12422450
NIFTY-I.NFO,19/06/2024,09:44:02,23573.55,23573.35,25,23573.8,25,25,12422450
NIFTY-I.NFO,19/06/2024,09:44:04,23573.1,23572.95,25,23575,625,675,12422450
NIFTY-I.NFO,19/06/2024,09:44:06,23572,23572.3,50,23573.95,25,775,12422450
NIFTY-I.NFO,19/06/2024,09:44:07,23573.1,23571.05,125,23573.95,25,25,12422450
NIFTY-I.NFO,19/06/2024,09:44:09,23571.05,23571.05,100,23573.85,50,550,12422450
NIFTY-I.NFO,19/06/2024,09:44:11,23573.8,23572.9,25,23573.55,150,525,12422450
NIFTY-I.NFO,19/06/2024,09:44:12,23572,23571.05,150,23572,75,375,12422450
NIFTY-I.NFO,19/06/2024,09:44:14,23574.35,23571.05,175,23574.2,25,1275,12422450
NIFTY-I.NFO,19/06/2024,09:44:16,23571.05,23572.25,125,23575.1,25,100,12422450
NIFTY-I.NFO,19/06/2024,09:44:17,23577.25,23575.25,25,23577.25,75,175,12422450
NIFTY-I.NFO,19/06/2024,09:44:19,23577.25,23573.45,50,23577.05,25,400,12422450
NIFTY-I.NFO,19/06/2024,09:44:21,23578.95,23577.25,175,23578.95,25,175,12422450
NIFTY-I.NFO,19/06/2024,09:44:22,23578.9,23575.55,125,23577.25,50,175,12422450
NIFTY-I.NFO,19/06/2024,09:44:24,23574.5,23574.45,100,23577,50,100,12422450
NIFTY-I.NFO,19/06/2024,09:44:26,23575.45,23575.5,100,23577,25,125,12422450
NIFTY-I.NFO,19/06/2024,09:44:27,23575.95,23575.85,25,23577.25,1000,725,12422450
NIFTY-I.NFO,19/06/2024,09:44:29,23576.75,23576.8,75,23577.25,225,1350,12422450
NIFTY-I.NFO,19/06/2024,09:44:31,23580,23579.35,150,23582.7,125,650,12422450
NIFTY-I.NFO,19/06/2024,09:44:32,23580.05,23579.75,25,23583.45,100,125,12422450
NIFTY-I.NFO,19/06/2024,09:44:34,23583.9,23579.65,25,23583.4,50,125,12422450
NIFTY-I.NFO,19/06/2024,09:44:36,23583.95,23581.1,150,23583.95,1050,625,12422450
NIFTY-I.NFO,19/06/2024,09:44:37,23583.95,23581.3,25,23583.95,1025,25,12422450
NIFTY-I.NFO,19/06/2024,09:44:39,23581.3,23581.3,25,23583.95,1000,75,12422450
NIFTY-I.NFO,19/06/2024,09:44:41,23581.3,23581.3,50,23582.95,125,0,12422450
NIFTY-I.NFO,19/06/2024,09:44:42,23582.95,23580.65,25,23582.55,275,225,12422450
NIFTY-I.NFO,19/06/2024,09:44:44,23581.25,23580.2,25,23582.4,300,150,12422450
NIFTY-I.NFO,19/06/2024,09:44:45,23580.3,23580.3,25,23582.95,125,125,12422450
NIFTY-I.NFO,19/06/2024,09:44:47,23588.25,23585.15,25,23588.25,100,1125,12422450
NIFTY-I.NFO,19/06/2024,09:44:49,23583.7,23583.3,25,23587.35,75,250,12422450
NIFTY-I.NFO,19/06/2024,09:44:50,23589.6,23588.25,1325,23590,275,375,12422450
NIFTY-I.NFO,19/06/2024,09:44:52,23590.2,23588.25,1250,23590.2,125,625,12422450
NIFTY-I.NFO,19/06/2024,09:44:54,23587.9,23584.6,25,23588.6,125,1500,12422450
NIFTY-I.NFO,19/06/2024,09:44:55,23584.4,23584.25,50,23587.55,125,325,12422450
NIFTY-I.NFO,19/06/2024,09:44:57,23586,23584.2,25,23587.6,225,400,12422450
NIFTY-I.NFO,19/06/2024,09:44:59,23586,23583.85,25,23588,25,0,12422450
NIFTY-I.NFO,19/06/2024,09:45:00,23587.05,23585.6,150,23587.6,125,250,12422450
NIFTY-I.NFO,19/06/2024,09:45:02,23587.95,23586.6,100,23589.4,125,200,12422450
NIFTY-I.NFO,19/06/2024,09:45:03,23590,23588.7,25,23589.4,125,475,12422450
NIFTY-I.NFO,19/06/2024,09:45:05,23587.25,23588.05,25,23589.65,25,825,12422450
NIFTY-I.NFO,19/06/2024,09:45:07,23587.25,23587.3,25,23590.45,125,350,12422450
NIFTY-I.NFO,19/06/2024,09:45:08,23587.85,23588,125,23589.6,125,100,12422450
NIFTY-I.NFO,19/06/2024,09:45:10,23587.4,23587.05,25,23588.05,125,425,12422450
NIFTY-I.NFO,19/06/2024,09:45:12,23585.75,23585.35,25,23587.6,25,400,12422450
NIFTY-I.NFO,19/06/2024,09:45:13,23586.9,23585.35,25,23587.3,50,225,12422450
NIFTY-I.NFO,19/06/2024,09:45:15,23589.2,23585.45,25,23589.2,125,125,12422450
NIFTY-I.NFO,19/06/2024,09:45:16,23588.55,23585.35,25,23588.5,25,700,12422450
NIFTY-I.NFO,19/06/2024,09:45:18,23587.55,23585.3,25,23587.7,25,50,12422450
NIFTY-I.NFO,19/06/2024,09:45:20,23585.55,23585.2,25,23589.25,25,1075,12422450
NIFTY-I.NFO,19/06/2024,09:45:21,23587.75,23586.2,25,23587.55,50,350,12422450
NIFTY-I.NFO,19/06/2024,09:45:23,23586,23583.55,25,23586.05,300,550,12422450
NIFTY-I.NFO,19/06/2024,09:45:25,23586.05,23582.85,25,23586.05,25,775,12422450
NIFTY-I.NFO,19/06/2024,09:45:26,23586,23583,75,23585.95,75,225,12422450
NIFTY-I.NFO,19/06/2024,09:45:28,23581.9,23583,25,23585.6,25,1000,12422450
NIFTY-I.NFO,19/06/2024,09:45:29,23583,23581.6,150,23583,25,75,12422450
NIFTY-I.NFO,19/06/2024,09:45:31,23583,23581.6,175,23583,25,25,12422450
NIFTY-I.NFO,19/06/2024,09:45:33,23582.65,23582.65,25,23583,25,50,12422450
NIFTY-I.NFO,19/06/2024,09:45:34,23581.6,23581.6,125,23584.15,150,225,12426050
NIFTY-I.NFO,19/06/2024,09:45:36,23579.25,23579,25,23581.1,75,1250,12426050
NIFTY-I.NFO,19/06/2024,09:45:38,23581.1,23576.65,50,23580.95,25,650,12426050
NIFTY-I.NFO,19/06/2024,09:45:39,23580.95,23576.85,50,23580.7,25,25,12426050
NIFTY-I.NFO,19/06/2024,09:45:41,23576.85,23576.85,25,23580,25,200,12426050
NIFTY-I.NFO,19/06/2024,09:45:42,23576.9,23576.85,50,23580,25,50,12426050
NIFTY-I.NFO,19/06/2024,09:45:44,23576.85,23576.85,50,23579.9,25,250,12426050
NIFTY-I.NFO,19/06/2024,09:45:46,23578.1,23576.85,50,23578.5,50,100,12426050
NIFTY-I.NFO,19/06/2024,09:45:47,23578.35,23576.85,350,23578.5,50,75,12426050
NIFTY-I.NFO,19/06/2024,09:45:49,23576.85,23576.85,250,23578.3,50,150,12426050
NIFTY-I.NFO,19/06/2024,09:45:50,23576.85,23576.85,125,23576.9,100,250,12426050
NIFTY-I.NFO,19/06/2024,09:45:52,23575,23575,50,23576.9,25,425,12426050
NIFTY-I.NFO,19/06/2024,09:45:54,23574.5,23574.5,1775,23576.85,25,150,12426050
NIFTY-I.NFO,19/06/2024,09:45:55,23574.5,23574.5,1725,23576.85,25,75,12426050
NIFTY-I.NFO,19/06/2024,09:45:57,23574.5,23575,100,23576.65,25,425,12426050
NIFTY-I.NFO,19/06/2024,09:45:58,23576.35,23576.35,50,23577,25,400,12426050
NIFTY-I.NFO,19/06/2024,09:46:00,23577,23576.1,25,23577,25,25,12426050
NIFTY-I.NFO,19/06/2024,09:46:02,23575.7,23575.9,75,23577,50,150,12426050
NIFTY-I.NFO,19/06/2024,09:46:03,23577.05,23576,50,23576.85,1350,75,12426050
NIFTY-I.NFO,19/06/2024,09:46:05,23577.35,23577.7,50,23579,75,1600,12426050
NIFTY-I.NFO,19/06/2024,09:46:06,23576.65,23576.6,25,23579,25,125,12426050
NIFTY-I.NFO,19/06/2024,09:46:08,23576.1,23575,125,23578.35,150,350,12426050
NIFTY-I.NFO,19/06/2024,09:46:09,23575.35,23575.35,25,23579.65,25,50,12426050
NIFTY-I.NFO,19/06/2024,09:46:11,23580,23575.45,25,23579.2,125,300,12426050
NIFTY-I.NFO,19/06/2024,09:46:13,23579.75,23576,200,23579.8,125,75,12426050
NIFTY-I.NFO,19/06/2024,09:46:14,23580,23577.75,75,23580,500,550,12426050
NIFTY-I.NFO,19/06/2024,09:46:16,23580,23576.85,125,23580,475,125,12426050
NIFTY-I.NFO,19/06/2024,09:46:18,23579.95,23576.9,100,23580,375,75,12426050
NIFTY-I.NFO,19/06/2024,09:46:19,23580,23580,1350,23581.55,200,775,12426050
NIFTY-I.NFO,19/06/2024,09:46:21,23580,23580,1250,23581.1,200,125,12426050
NIFTY-I.NFO,19/06/2024,09:46:23,23580,23580,1200,23581.1,25,100,12426050
NIFTY-I.NFO,19/06/2024,09:46:24,23576.7,23576,225,23579.3,225,1250,12426050
NIFTY-I.NFO,19/06/2024,09:46:26,23579.3,23576,225,23579.55,275,175,12426050
NIFTY-I.NFO,19/06/2024,09:46:28,23579.9,23576.2,25,23580.3,100,50,12426050
NIFTY-I.NFO,19/06/2024,09:46:30,23579.9,23576,225,23578.7,150,0,12426050
NIFTY-I.NFO,19/06/2024,09:46:31,23574.5,23574.5,1350,23578.2,300,600,12426050
NIFTY-I.NFO,19/06/2024,09:46:33,23574.5,23574.5,1300,23574.55,100,200,12426050
NIFTY-I.NFO,19/06/2024,09:46:35,23575.35,23574.5,1300,23575.35,25,625,12426050
NIFTY-I.NFO,19/06/2024,09:46:36,23574.5,23574.5,1425,23575.35,50,25,12426050
NIFTY-I.NFO,19/06/2024,09:46:38,23574.8,23574.65,25,23574.8,325,50,12426050
NIFTY-I.NFO,19/06/2024,09:46:40,23574.5,23574.5,1325,23574.8,300,150,12426050
NIFTY-I.NFO,19/06/2024,09:46:41,23574.5,23574.5,1275,23574.8,350,50,12426050
NIFTY-I.NFO,19/06/2024,09:46:43,23574.5,23574.5,1250,23574.8,350,25,12426050
NIFTY-I.NFO,19/06/2024,09:46:45,23574.5,23574.5,1050,23574.8,350,200,12426050
NIFTY-I.NFO,19/06/2024,09:46:46,23574.65,23574.5,1050,23574.8,200,175,12426050
NIFTY-I.NFO,19/06/2024,09:46:48,23574.8,23574.5,1025,23574.8,175,50,12426050
NIFTY-I.NFO,19/06/2024,09:46:50,23574.5,23574.5,900,23575,25,300,12426050
NIFTY-I.NFO,19/06/2024,09:46:51,23574.65,23574.5,1400,23577.6,125,50,12426050
NIFTY-I.NFO,19/06/2024,09:46:53,23577.6,23574.8,25,23577,100,25,12426050
NIFTY-I.NFO,19/06/2024,09:46:54,23573.75,23572,50,23573.8,50,1575,12426050
NIFTY-I.NFO,19/06/2024,09:46:56,23574,23572,75,23574,50,75,12426050
NIFTY-I.NFO,19/06/2024,09:46:58,23574.65,23572,50,23574.7,25,50,12426050
NIFTY-I.NFO,19/06/2024,09:46:59,23571.1,23571.1,25,23574.5,25,325,12426050
NIFTY-I.NFO,19/06/2024,09:47:01,23572,23572,75,23574.1,50,150,12426050
NIFTY-I.NFO,19/06/2024,09:47:03,23572,23572,50,23574.45,125,50,12426050
NIFTY-I.NFO,19/06/2024,09:47:04,23572,23572,50,23574.45,125,0,12426050
NIFTY-I.NFO,19/06/2024,09:47:06,23571.75,23571.75,25,23572,25,75,12426050
NIFTY-I.NFO,19/06/2024,09:47:08,23572,23571.75,25,23571.95,25,25,12426050
NIFTY-I.NFO,19/06/2024,09:47:09,23571.75,23571.75,25,23571.95,25,25,12426050
NIFTY-I.NFO,19/06/2024,09:47:11,23571.75,23571.75,25,23571.85,25,0,12426050
NIFTY-I.NFO,19/06/2024,09:47:13,23571,23570.65,25,23571,125,175,12426050
NIFTY-I.NFO,19/06/2024,09:47:14,23572,23569.85,25,23572,600,2400,12426050
NIFTY-I.NFO,19/06/2024,09:47:16,23569.2,23569.15,175,23570.65,25,200,12426050
NIFTY-I.NFO,19/06/2024,09:47:18,23568.8,23568.8,75,23570.65,25,75,12426050
NIFTY-I.NFO,19/06/2024,09:47:19,23570.5,23570.45,25,23572,575,250,12426050
NIFTY-I.NFO,19/06/2024,09:47:21,23570.05,23570,125,23572,550,100,12426050
NIFTY-I.NFO,19/06/2024,09:47:23,23572,23572.05,125,23572.9,25,600,12426050
NIFTY-I.NFO,19/06/2024,09:47:24,23574.5,23573.35,25,23575,100,175,12426050
NIFTY-I.NFO,19/06/2024,09:47:26,23574,23572.9,525,23574,25,300,12426050
NIFTY-I.NFO,19/06/2024,09:47:27,23574,23572.9,500,23575,100,50,12426050
NIFTY-I.NFO,19/06/2024,09:47:29,23572.9,23570.65,25,23573.85,25,25,12426050
NIFTY-I.NFO,19/06/2024,09:47:31,23572.25,23571.1,100,23574,100,50,12426050
NIFTY-I.NFO,19/06/2024,09:47:32,23574,23570.55,50,23574,125,125,12426050
NIFTY-I.NFO,19/06/2024,09:47:34,23571.1,23570.55,50,23572.15,25,25,12426050
NIFTY-I.NFO,19/06/2024,09:47:36,23572.55,23571,175,23573,50,125,12426050
NIFTY-I.NFO,19/06/2024,09:47:37,23571,23570.55,25,23572.1,50,175,12426050
NIFTY-I.NFO,19/06/2024,09:47:39,23571,23571,100,23572.8,25,0,12426050
NIFTY-I.NFO,19/06/2024,09:47:41,23571,23572.55,50,23574,250,0,12426050
NIFTY-I.NFO,19/06/2024,09:47:42,23574,23572.55,250,23574,225,50,12426050
NIFTY-I.NFO,19/06/2024,09:47:44,23573.6,23573.6,175,23574.95,75,325,12426050
NIFTY-I.NFO,19/06/2024,09:47:45,23574,23573.55,125,23574.95,75,100,12426050
NIFTY-I.NFO,19/06/2024,09:47:47,23576.2,23575.4,25,23577.55,100,650,12426050
NIFTY-I.NFO,19/06/2024,09:47:49,23575.45,23575.2,25,23577.25,100,125,12426050
NIFTY-I.NFO,19/06/2024,09:47:50,23578,23575.35,25,23578,75,25,12426050
NIFTY-I.NFO,19/06/2024,09:47:52,23578,23575.35,25,23578,50,25,12426050
NIFTY-I.NFO,19/06/2024,09:47:54,23579,23578.15,100,23579,1000,75,12426050
NIFTY-I.NFO,19/06/2024,09:47:55,23576.5,23578,25,23579,875,375,12426050
NIFTY-I.NFO,19/06/2024,09:47:57,23576.5,23578,425,23579,875,0,12426050
NIFTY-I.NFO,19/06/2024,09:47:59,23578,23578,400,23578.9,25,25,12426050
NIFTY-I.NFO,19/06/2024,09:48:00,23578.15,23574.95,25,23576.95,25,425,12426050
NIFTY-I.NFO,19/06/2024,09:48:02,23576.6,23574.95,25,23576.55,25,75,12426050
NIFTY-I.NFO,19/06/2024,09:48:04,23574.95,23574,150,23574.5,25,25,12426050
NIFTY-I.NFO,19/06/2024,09:48:05,23574.5,23574,75,23575.6,25,25,12426050
NIFTY-I.NFO,19/06/2024,09:48:07,23574,23572.55,25,23573.25,125,100,12426050
NIFTY-I.NFO,19/06/2024,09:48:09,23574.15,23572.55,25,23573.8,25,25,12426050
NIFTY-I.NFO,19/06/2024,09:48:10,23574.15,23573.25,125,23573.5,25,0,12426050
