Ticker,Date,Time,LTP,BuyPrice,BuyQty,SellPrice,SellQty,LTQ,OpenInterest
BANKNIFTY-III.NFO,30/04/2025,09:15:06,55731,55601,35,55773.4,70,210,0
BANKNIFTY-III.NFO,30/04/2025,09:15:06,55731,55601,35,55773.4,70,0,0
BANKNIFTY-III.NFO,30/04/2025,09:15:06,55731.2,55601,35,55773.4,70,0,0
BANKNIFTY-III.NFO,30/04/2025,09:15:06,55731,55601,35,55773.4,70,0,0
BANKNIFTY-III.NFO,30/04/2025,09:15:07,55731,55601,35,55713.6,70,0,26705
BANKNIFTY-III.NFO,30/04/2025,09:15:08,55731,55601,35,55667.6,70,0,26705
BANKNIFTY-III.NFO,30/04/2025,09:15:08,55667.6,55601,35,55667.6,35,70,26705
BANKNIFTY-III.NFO,30/04/2025,09:15:08,55663,55601,35,55667.6,35,0,26705
BANKNIFTY-III.NFO,30/04/2025,09:15:09,55667.6,55601,35,55648.8,70,0,26705
BANKNIFTY-III.NFO,30/04/2025,09:15:11,55675.8,55623.4,35,55691.4,35,490,26705
BANKNIFTY-III.NFO,30/04/2025,09:15:11,55590,55623.4,35,55691.4,35,0,26705
BANKNIFTY-III.NFO,30/04/2025,09:15:12,55622.8,55500,70,55647.4,35,210,26705
BANKNIFTY-III.NFO,30/04/2025,09:15:12,55622.8,55500.2,35,55647.4,35,0,26705
BANKNIFTY-III.NFO,30/04/2025,09:15:13,55622.8,55500.2,35,55615.6,35,0,26705
BANKNIFTY-III.NFO,30/04/2025,09:15:14,55622.8,55500.2,35,55596,35,0,26705
BANKNIFTY-III.NFO,30/04/2025,09:15:15,55622.8,55500.2,35,55576.4,35,0,26705
BANKNIFTY-III.NFO,30/04/2025,09:15:16,55622.8,55503.4,35,55631.8,35,0,26705
BANKNIFTY-III.NFO,30/04/2025,09:15:18,55667,55500.2,35,55647,35,245,26705
BANKNIFTY-III.NFO,30/04/2025,09:15:18,55513.6,55500.2,35,55647,35,0,26705
BANKNIFTY-III.NFO,30/04/2025,09:15:19,55667,55500.2,35,55627,35,0,26705
BANKNIFTY-III.NFO,30/04/2025,09:15:19,55667,55500.2,35,55580.6,35,0,26705
BANKNIFTY-III.NFO,30/04/2025,09:15:20,55667,55501.6,35,55562.4,70,0,26705
BANKNIFTY-III.NFO,30/04/2025,09:15:21,55667,55500.2,35,55556.2,35,0,26705
BANKNIFTY-III.NFO,30/04/2025,09:15:22,55500,55500,70,55569.2,35,105,26705
BANKNIFTY-III.NFO,30/04/2025,09:15:22,55500,55500,70,55569.2,35,0,26705
BANKNIFTY-III.NFO,30/04/2025,09:15:24,55500,55500,70,55555,210,0,26705
BANKNIFTY-III.NFO,30/04/2025,09:15:25,55500,55500,70,55541.4,210,0,26705
BANKNIFTY-III.NFO,30/04/2025,09:15:26,55500,55500,70,55541.2,35,0,26705
BANKNIFTY-III.NFO,30/04/2025,09:15:27,55598,55482.2,35,55546.8,35,280,26705
BANKNIFTY-III.NFO,30/04/2025,09:15:27,55483,55482.2,35,55546.8,35,0,26705
BANKNIFTY-III.NFO,30/04/2025,09:15:28,55598,55464.4,35,55539.4,35,0,26705
BANKNIFTY-III.NFO,30/04/2025,09:15:29,55598,55464.8,35,55537.2,35,0,26705
BANKNIFTY-III.NFO,30/04/2025,09:15:30,55598,55469.4,35,55540.6,35,0,26705
BANKNIFTY-III.NFO,30/04/2025,09:15:31,55598,55476.2,35,55548.2,35,0,26705
BANKNIFTY-III.NFO,30/04/2025,09:15:32,55598,55477,35,55543,35,0,26705
BANKNIFTY-III.NFO,30/04/2025,09:15:34,55598,55469,35,55535,35,0,26705
BANKNIFTY-III.NFO,30/04/2025,09:15:35,55598,55471.6,35,55541.6,35,0,26705
BANKNIFTY-III.NFO,30/04/2025,09:15:37,55598,55475.8,35,55545.2,35,0,26705
BANKNIFTY-III.NFO,30/04/2025,09:15:38,55598,55476.2,70,55544.4,35,0,26705
BANKNIFTY-III.NFO,30/04/2025,09:15:39,55544.4,55517.6,35,55544.4,35,35,27370
BANKNIFTY-III.NFO,30/04/2025,09:15:40,55517,55517.8,35,55542.2,70,35,27370
BANKNIFTY-III.NFO,30/04/2025,09:15:41,55517,55523.8,105,55552.2,35,0,27370
BANKNIFTY-III.NFO,30/04/2025,09:15:42,55517,55510,35,55552.2,35,0,27370
BANKNIFTY-III.NFO,30/04/2025,09:15:43,55517,55517.6,70,55548.4,35,0,27370
BANKNIFTY-III.NFO,30/04/2025,09:15:44,55517,55521.6,70,55551.4,70,0,27370
BANKNIFTY-III.NFO,30/04/2025,09:15:45,55525,55525.6,70,55551.2,70,35,27370
BANKNIFTY-III.NFO,30/04/2025,09:15:47,55525,55521.6,70,55549.4,35,0,27370
BANKNIFTY-III.NFO,30/04/2025,09:15:48,55525,55526.2,35,55547.2,70,0,27370
BANKNIFTY-III.NFO,30/04/2025,09:15:49,55525,55518,35,55547.2,70,0,27370
BANKNIFTY-III.NFO,30/04/2025,09:15:50,55525.6,55493.4,35,55522.6,245,35,27370
BANKNIFTY-III.NFO,30/04/2025,09:15:51,55525.6,55493.4,35,55522.6,35,0,27370
BANKNIFTY-III.NFO,30/04/2025,09:15:52,55525.6,55474.4,35,55516.4,35,0,27370
BANKNIFTY-III.NFO,30/04/2025,09:15:53,55525.6,55464.2,35,55507.2,35,0,27370
BANKNIFTY-III.NFO,30/04/2025,09:15:54,55525.6,55452.4,35,55492.8,35,0,27370
BANKNIFTY-III.NFO,30/04/2025,09:15:56,55525.6,55462.4,35,55497.8,35,0,27370
BANKNIFTY-III.NFO,30/04/2025,09:15:57,55525.6,55472,35,55506.6,35,0,27370
BANKNIFTY-III.NFO,30/04/2025,09:15:58,55525.6,55477.4,35,55513.6,35,0,27370
BANKNIFTY-III.NFO,30/04/2025,09:15:59,55477.4,55477.4,35,55513.6,35,35,27370
BANKNIFTY-III.NFO,30/04/2025,09:15:59,55477.4,55477.4,35,55513.6,35,0,27370
BANKNIFTY-III.NFO,30/04/2025,09:16:01,55477.4,55501.6,35,55545,35,0,27370
BANKNIFTY-III.NFO,30/04/2025,09:16:02,55477.4,55538,35,55578,35,0,27370
BANKNIFTY-III.NFO,30/04/2025,09:16:03,55477.4,55588.2,70,55630.2,35,0,27370
BANKNIFTY-III.NFO,30/04/2025,09:16:05,55477.4,55602.4,35,55640,35,0,27370
BANKNIFTY-III.NFO,30/04/2025,09:16:08,55477.4,55602.4,35,55639.8,35,0,27370
BANKNIFTY-III.NFO,30/04/2025,09:16:09,55644.8,55606.6,35,55645.4,35,35,27370
BANKNIFTY-III.NFO,30/04/2025,09:16:10,55644.8,55613,70,55650,35,0,27370
BANKNIFTY-III.NFO,30/04/2025,09:16:11,55644.8,55606.4,35,55650,35,0,27370
BANKNIFTY-III.NFO,30/04/2025,09:16:13,55644.8,55606.6,35,55638.6,35,0,27370
BANKNIFTY-III.NFO,30/04/2025,09:16:14,55638.6,55606.6,35,55638.6,35,35,27370
BANKNIFTY-III.NFO,30/04/2025,09:16:15,55638.6,55606.6,35,55638.6,35,0,27370
BANKNIFTY-III.NFO,30/04/2025,09:16:16,55638.6,55606.6,35,55638.6,35,35,27370
BANKNIFTY-III.NFO,30/04/2025,09:16:17,55638.6,55606.6,35,55638.6,35,0,27370
BANKNIFTY-III.NFO,30/04/2025,09:16:19,55638.6,55606.6,35,55650,35,0,27370
BANKNIFTY-III.NFO,30/04/2025,09:16:20,55638.6,55640.8,35,55679.2,35,0,27370
BANKNIFTY-III.NFO,30/04/2025,09:16:21,55638.6,55645,35,55681.6,35,0,27370
BANKNIFTY-III.NFO,30/04/2025,09:16:22,55638.6,55645,35,55681.8,35,0,27370
BANKNIFTY-III.NFO,30/04/2025,09:16:24,55638.6,55666.6,35,55699.8,35,0,27370
BANKNIFTY-III.NFO,30/04/2025,09:16:25,55638.6,55666.6,35,55699.6,35,0,27370
BANKNIFTY-III.NFO,30/04/2025,09:16:27,55638.6,55659,35,55699.2,70,0,27370
BANKNIFTY-III.NFO,30/04/2025,09:16:28,55638.6,55652.8,35,55687,35,0,27370
BANKNIFTY-III.NFO,30/04/2025,09:16:30,55636.4,55629.4,35,55679.2,35,245,27370
BANKNIFTY-III.NFO,30/04/2025,09:16:31,55636.4,55629.4,35,55679.2,35,0,27370
BANKNIFTY-III.NFO,30/04/2025,09:16:32,55650,55636.4,35,55680,35,70,27370
BANKNIFTY-III.NFO,30/04/2025,09:16:33,55650,55643.2,35,55682.8,35,0,27370
BANKNIFTY-III.NFO,30/04/2025,09:16:34,55650,55645.8,35,55685,35,0,27370
BANKNIFTY-III.NFO,30/04/2025,09:16:36,55650,55663.2,35,55701.4,35,0,27370
BANKNIFTY-III.NFO,30/04/2025,09:16:37,55650,55668,70,55707.2,35,0,27370
BANKNIFTY-III.NFO,30/04/2025,09:16:38,55650,55668,35,55707.2,35,0,27370
BANKNIFTY-III.NFO,30/04/2025,09:16:39,55650,55658.4,35,55699.2,35,0,27370
BANKNIFTY-III.NFO,30/04/2025,09:16:48,55650,55675,35,55699.2,35,0,27370
BANKNIFTY-III.NFO,30/04/2025,09:16:49,55675,55658.4,35,55699.2,35,35,27370
BANKNIFTY-III.NFO,30/04/2025,09:16:50,55675,55658.4,35,55699.2,35,0,27370
BANKNIFTY-III.NFO,30/04/2025,09:16:55,55675,55674.6,35,55715.6,35,0,27370
BANKNIFTY-III.NFO,30/04/2025,09:16:56,55675,55690.2,35,55728.2,35,0,27370
BANKNIFTY-III.NFO,30/04/2025,09:16:57,55690.2,55690.2,35,55728.2,35,35,27370
BANKNIFTY-III.NFO,30/04/2025,09:16:59,55690.2,55708.4,35,55741.8,35,0,27370
BANKNIFTY-III.NFO,30/04/2025,09:17:00,55690.2,55691,35,55741.2,35,0,27370
BANKNIFTY-III.NFO,30/04/2025,09:17:05,55741.4,55699.6,35,55741.2,35,70,27370
BANKNIFTY-III.NFO,30/04/2025,09:17:05,55741.4,55699.6,35,55741.2,35,0,27370
BANKNIFTY-III.NFO,30/04/2025,09:17:06,55741,55701.2,35,55741,35,35,27370
BANKNIFTY-III.NFO,30/04/2025,09:17:07,55741,55701.2,35,55741,35,0,27370
BANKNIFTY-III.NFO,30/04/2025,09:17:13,55741,55694,35,55735,35,0,27370
BANKNIFTY-III.NFO,30/04/2025,09:17:14,55741,55664,35,55703.2,35,0,27370
BANKNIFTY-III.NFO,30/04/2025,09:17:23,55703.2,55664,35,55703.4,35,35,27370
BANKNIFTY-III.NFO,30/04/2025,09:17:24,55703.2,55664,35,55703.4,35,0,27370
BANKNIFTY-III.NFO,30/04/2025,09:17:34,55703.2,55661,35,55701.2,35,0,27370
BANKNIFTY-III.NFO,30/04/2025,09:17:35,55703.2,55650.2,35,55690.6,245,0,27370
BANKNIFTY-III.NFO,30/04/2025,09:17:36,55703.2,55650.4,35,55690.6,35,0,27370
BANKNIFTY-III.NFO,30/04/2025,09:17:55,55703.2,55650.4,35,55701.2,35,0,27370
BANKNIFTY-III.NFO,30/04/2025,09:17:56,55703.2,55660.4,35,55707.6,35,0,27370
BANKNIFTY-III.NFO,30/04/2025,09:17:59,55703.2,55667.4,35,55720.6,35,0,27370
BANKNIFTY-III.NFO,30/04/2025,09:18:02,55703.2,55671,35,55720.6,35,0,27370
BANKNIFTY-III.NFO,30/04/2025,09:18:03,55703.2,55680.8,35,55703.2,35,0,27370
BANKNIFTY-III.NFO,30/04/2025,09:18:06,55703.2,55674.6,35,55703.2,70,0,27370
BANKNIFTY-III.NFO,30/04/2025,09:18:10,55703.2,55668.8,35,55703.2,70,0,27370
BANKNIFTY-III.NFO,30/04/2025,09:18:13,55703.2,55664.2,35,55703.2,70,0,27370
BANKNIFTY-III.NFO,30/04/2025,09:18:25,55703.2,55665,35,55703.2,35,0,27370
BANKNIFTY-III.NFO,30/04/2025,09:18:26,55703.2,55668.2,35,55703.2,35,0,27370
BANKNIFTY-III.NFO,30/04/2025,09:18:28,55703.2,55669,35,55703.2,35,0,27370
BANKNIFTY-III.NFO,30/04/2025,09:18:29,55703.2,55670.2,35,55703.2,35,0,27370
BANKNIFTY-III.NFO,30/04/2025,09:18:30,55703.2,55670.2,35,55703.2,70,0,27370
BANKNIFTY-III.NFO,30/04/2025,09:18:31,55703.2,55670.2,35,55703.2,35,0,27370
BANKNIFTY-III.NFO,30/04/2025,09:18:33,55703.2,55675.6,35,55703.2,35,0,27370
BANKNIFTY-III.NFO,30/04/2025,09:18:34,55703.2,55676.4,35,55703.2,70,0,27370
BANKNIFTY-III.NFO,30/04/2025,09:18:35,55703.2,55676.4,35,55703.2,35,0,27370
BANKNIFTY-III.NFO,30/04/2025,09:18:37,55703.2,55676.4,35,55703.2,70,0,27370
BANKNIFTY-III.NFO,30/04/2025,09:18:39,55703.2,55676.4,35,55703.2,35,0,27370
BANKNIFTY-III.NFO,30/04/2025,09:18:41,55703.2,55681,35,55703.2,35,0,27370
BANKNIFTY-III.NFO,30/04/2025,09:18:42,55703.2,55686,35,55703.2,35,0,27370
BANKNIFTY-III.NFO,30/04/2025,09:18:45,55703.2,55687.6,35,55703.2,35,0,27370
BANKNIFTY-III.NFO,30/04/2025,09:18:46,55703.2,55687.6,245,55703.2,35,0,27370
BANKNIFTY-III.NFO,30/04/2025,09:18:47,55703.2,55694.6,35,55732.2,35,35,27405
BANKNIFTY-III.NFO,30/04/2025,09:18:48,55703.2,55699.4,35,55738.6,35,0,27405
BANKNIFTY-III.NFO,30/04/2025,09:18:51,55703.2,55701.8,35,55742.2,35,0,27405
BANKNIFTY-III.NFO,30/04/2025,09:18:59,55703.2,55703.8,35,55745.2,35,0,27405
BANKNIFTY-III.NFO,30/04/2025,09:19:00,55703.8,55718.8,35,55750,35,35,27405
BANKNIFTY-III.NFO,30/04/2025,09:19:01,55703.8,55736.6,35,55750,35,0,27405
BANKNIFTY-III.NFO,30/04/2025,09:19:04,55750,55751.2,35,55783.4,35,35,27405
BANKNIFTY-III.NFO,30/04/2025,09:19:04,55750,55751.2,35,55783.4,35,0,27405
BANKNIFTY-III.NFO,30/04/2025,09:19:05,55751.2,55754.6,35,55785.2,35,35,27405
BANKNIFTY-III.NFO,30/04/2025,09:19:05,55751.2,55754.6,35,55785.2,35,0,27405
BANKNIFTY-III.NFO,30/04/2025,09:19:06,55751.2,55756.2,35,55789.8,35,0,27405
BANKNIFTY-III.NFO,30/04/2025,09:19:08,55751.2,55756,35,55789.8,70,0,27405
BANKNIFTY-III.NFO,30/04/2025,09:19:09,55751.2,55751,35,55789.8,70,0,27405
BANKNIFTY-III.NFO,30/04/2025,09:19:10,55751.2,55742,35,55781,35,0,27405
BANKNIFTY-III.NFO,30/04/2025,09:19:14,55751.2,55742.2,35,55781,35,0,27405
BANKNIFTY-III.NFO,30/04/2025,09:19:19,55742.2,55742.2,35,55781,35,35,27405
BANKNIFTY-III.NFO,30/04/2025,09:19:20,55742.2,55742.2,35,55781,35,0,27405
BANKNIFTY-III.NFO,30/04/2025,09:19:21,55742.2,55742,35,55781,35,0,27405
BANKNIFTY-III.NFO,30/04/2025,09:19:23,55742.2,55742.2,35,55781,35,0,27405
BANKNIFTY-III.NFO,30/04/2025,09:19:27,55742.2,55745.6,35,55782,35,0,27405
BANKNIFTY-III.NFO,30/04/2025,09:19:32,55742.2,55745.4,35,55784.8,35,0,27405
BANKNIFTY-III.NFO,30/04/2025,09:19:33,55742.2,55745.6,35,55784.8,35,0,27405
BANKNIFTY-III.NFO,30/04/2025,09:19:36,55742.2,55746,70,55789.6,35,0,27405
BANKNIFTY-III.NFO,30/04/2025,09:19:38,55742.2,55751.6,35,55794.8,35,0,27405
BANKNIFTY-III.NFO,30/04/2025,09:19:39,55742.2,55755.8,35,55796.8,35,0,27405
BANKNIFTY-III.NFO,30/04/2025,09:19:40,55742.2,55759.2,35,55799.8,70,0,27405
BANKNIFTY-III.NFO,30/04/2025,09:19:42,55742.2,55763.4,35,55799.8,35,0,27405
BANKNIFTY-III.NFO,30/04/2025,09:19:44,55742.2,55764.4,35,55799.6,35,0,27405
BANKNIFTY-III.NFO,30/04/2025,09:19:50,55742.2,55764.4,35,55799.8,35,0,27405
BANKNIFTY-III.NFO,30/04/2025,09:19:52,55742.2,55765.4,35,55799.8,70,0,27405
BANKNIFTY-III.NFO,30/04/2025,09:19:53,55742.2,55765.2,35,55799.8,70,0,27405
BANKNIFTY-III.NFO,30/04/2025,09:19:54,55742.2,55765.4,35,55799.8,70,0,27405
BANKNIFTY-III.NFO,30/04/2025,09:20:00,55742.2,55765.4,35,55800,350,0,27405
BANKNIFTY-III.NFO,30/04/2025,09:20:01,55742.2,55768.4,35,55799.8,35,0,27405
BANKNIFTY-III.NFO,30/04/2025,09:20:02,55742.2,55768.4,35,55799.6,35,0,27405
BANKNIFTY-III.NFO,30/04/2025,09:20:03,55742.2,55761.2,35,55799.6,35,0,27405
BANKNIFTY-III.NFO,30/04/2025,09:20:05,55742.2,55755.8,35,55799.6,35,0,27405
BANKNIFTY-III.NFO,30/04/2025,09:20:06,55751.4,55740.2,35,55783.6,35,105,27405
BANKNIFTY-III.NFO,30/04/2025,09:20:06,55754.4,55740.2,35,55783.6,35,0,27405
BANKNIFTY-III.NFO,30/04/2025,09:20:07,55751.4,55733.6,35,55777,35,0,27405
BANKNIFTY-III.NFO,30/04/2025,09:20:08,55751.4,55723.8,35,55765,35,0,27405
BANKNIFTY-III.NFO,30/04/2025,09:20:09,55751.4,55723.2,35,55763.6,35,0,27405
BANKNIFTY-III.NFO,30/04/2025,09:20:11,55751.4,55709.4,35,55750,35,0,27405
BANKNIFTY-III.NFO,30/04/2025,09:20:12,55751.4,55702.2,35,55743.4,35,0,27405
BANKNIFTY-III.NFO,30/04/2025,09:20:13,55751.4,55700.2,35,55739.8,35,0,27405
BANKNIFTY-III.NFO,30/04/2025,09:20:15,55751.4,55700,35,55739.8,35,0,27405
BANKNIFTY-III.NFO,30/04/2025,09:20:17,55751.4,55695.4,35,55739.2,35,0,27405
BANKNIFTY-III.NFO,30/04/2025,09:20:30,55751.4,55686.6,35,55724.2,35,0,27405
BANKNIFTY-III.NFO,30/04/2025,09:20:31,55751.4,55686.8,35,55724.2,35,0,27405
BANKNIFTY-III.NFO,30/04/2025,09:20:36,55751.4,55683.2,35,55721.2,35,0,27405
BANKNIFTY-III.NFO,30/04/2025,09:20:37,55751.4,55683.4,35,55721.2,35,0,27405
BANKNIFTY-III.NFO,30/04/2025,09:20:39,55751.4,55681,35,55718.4,35,0,27405
BANKNIFTY-III.NFO,30/04/2025,09:20:42,55751.4,55680,140,55712.6,35,0,27405
BANKNIFTY-III.NFO,30/04/2025,09:20:43,55751.4,55680.2,35,55712.6,35,0,27405
BANKNIFTY-III.NFO,30/04/2025,09:20:44,55751.4,55680,140,55712.6,35,0,27405
BANKNIFTY-III.NFO,30/04/2025,09:20:45,55751.4,55680,105,55710.2,70,0,27405
BANKNIFTY-III.NFO,30/04/2025,09:20:47,55751.4,55680,105,55701.4,35,0,27405
BANKNIFTY-III.NFO,30/04/2025,09:20:48,55680,55680,70,55695.4,35,35,27405
BANKNIFTY-III.NFO,30/04/2025,09:20:49,55680,55680,70,55695.4,35,0,27405
BANKNIFTY-III.NFO,30/04/2025,09:20:50,55680,55657,35,55684.4,35,70,27405
BANKNIFTY-III.NFO,30/04/2025,09:20:52,55680,55657.4,35,55683.8,35,0,27405
BANKNIFTY-III.NFO,30/04/2025,09:20:53,55680,55657,35,55682.4,35,0,27405
BANKNIFTY-III.NFO,30/04/2025,09:20:54,55680,55657,35,55674.8,35,0,27405
BANKNIFTY-III.NFO,30/04/2025,09:20:55,55680,55657.2,35,55679.2,35,0,27405
BANKNIFTY-III.NFO,30/04/2025,09:20:57,55680,55657,35,55673,35,0,27405
BANKNIFTY-III.NFO,30/04/2025,09:20:59,55650.4,55625.2,35,55657.2,35,105,27405
BANKNIFTY-III.NFO,30/04/2025,09:21:00,55650.4,55625.2,35,55657.2,35,0,27405
BANKNIFTY-III.NFO,30/04/2025,09:21:01,55650.4,55618,35,55648,35,0,27405
BANKNIFTY-III.NFO,30/04/2025,09:21:03,55650.4,55614.4,35,55643.8,35,0,27405
BANKNIFTY-III.NFO,30/04/2025,09:21:04,55650.4,55606.8,35,55637.4,35,0,27405
BANKNIFTY-III.NFO,30/04/2025,09:21:06,55650.4,55602,35,55632.2,35,0,27405
BANKNIFTY-III.NFO,30/04/2025,09:21:08,55650.4,55605.8,35,55632.4,35,0,27405
BANKNIFTY-III.NFO,30/04/2025,09:21:09,55650.4,55605.8,35,55637.4,35,0,27405
BANKNIFTY-III.NFO,30/04/2025,09:21:10,55650.4,55603.4,35,55630.6,245,0,27405
BANKNIFTY-III.NFO,30/04/2025,09:21:11,55650.4,55600,175,55628,35,0,27405
BANKNIFTY-III.NFO,30/04/2025,09:21:12,55650.4,55600,210,55624.2,35,0,27405
BANKNIFTY-III.NFO,30/04/2025,09:21:15,55650.4,55600,175,55618.4,35,0,27405
BANKNIFTY-III.NFO,30/04/2025,09:21:16,55600,55580,35,55591.8,35,175,27405
BANKNIFTY-III.NFO,30/04/2025,09:21:17,55600,55580,35,55599.8,35,0,27405
BANKNIFTY-III.NFO,30/04/2025,09:21:19,55600,55580,35,55594,35,0,27405
BANKNIFTY-III.NFO,30/04/2025,09:21:20,55600,55580.2,35,55603,70,0,27405
BANKNIFTY-III.NFO,30/04/2025,09:21:21,55600,55580,35,55597.8,70,0,27405
BANKNIFTY-III.NFO,30/04/2025,09:21:22,55600,55580.2,35,55600,35,0,27405
BANKNIFTY-III.NFO,30/04/2025,09:21:24,55600,55580.2,35,55599.8,35,0,27405
BANKNIFTY-III.NFO,30/04/2025,09:21:25,55600,55580,35,55591.4,70,0,27405
BANKNIFTY-III.NFO,30/04/2025,09:21:26,55600,55580,35,55589,70,0,27405
BANKNIFTY-III.NFO,30/04/2025,09:21:27,55580,55553.8,35,55579.6,35,35,27405
BANKNIFTY-III.NFO,30/04/2025,09:21:29,55580,55553.2,35,55578.8,35,0,27405
BANKNIFTY-III.NFO,30/04/2025,09:21:30,55580,55553.2,35,55583,35,0,27405
BANKNIFTY-III.NFO,30/04/2025,09:21:34,55580,55553.2,35,55589,35,0,27405
BANKNIFTY-III.NFO,30/04/2025,09:21:36,55550,55549.4,35,55589,35,245,27650
BANKNIFTY-III.NFO,30/04/2025,09:21:37,55550,55549.4,35,55588.8,35,0,27650
BANKNIFTY-III.NFO,30/04/2025,09:21:41,55549.4,55523,210,55588.8,35,35,27650
BANKNIFTY-III.NFO,30/04/2025,09:21:42,55549.4,55550,35,55588.8,35,0,27650
BANKNIFTY-III.NFO,30/04/2025,09:21:46,55549.4,55550,35,55589,35,0,27650
BANKNIFTY-III.NFO,30/04/2025,09:21:52,55549.4,55554.6,210,55596.2,35,0,27650
BANKNIFTY-III.NFO,30/04/2025,09:21:53,55596.8,55557.6,35,55599.8,35,70,27650
BANKNIFTY-III.NFO,30/04/2025,09:21:55,55596.8,55557.6,35,55599.8,35,0,27650
BANKNIFTY-III.NFO,30/04/2025,09:21:57,55596.8,55558.2,245,55601.6,35,0,27650
BANKNIFTY-III.NFO,30/04/2025,09:21:58,55596.8,55568.6,245,55607,35,0,27650
BANKNIFTY-III.NFO,30/04/2025,09:22:00,55596.8,55571,70,55613.2,35,0,27650
BANKNIFTY-III.NFO,30/04/2025,09:22:01,55596.8,55580.2,245,55620,35,0,27650
BANKNIFTY-III.NFO,30/04/2025,09:22:02,55596.8,55596.8,70,55635,35,0,27650
BANKNIFTY-III.NFO,30/04/2025,09:22:03,55596.8,55596.8,70,55641.8,35,0,27650
BANKNIFTY-III.NFO,30/04/2025,09:22:06,55596.8,55605.2,35,55643.8,35,0,27650
BANKNIFTY-III.NFO,30/04/2025,09:22:10,55596.8,55605.2,35,55649.4,35,0,27650
BANKNIFTY-III.NFO,30/04/2025,09:22:11,55596.8,55620.2,35,55650,70,0,27650
BANKNIFTY-III.NFO,30/04/2025,09:22:12,55596.8,55625.2,245,55650,70,0,27650
BANKNIFTY-III.NFO,30/04/2025,09:22:13,55650,55642.6,245,55675.8,35,70,27650
BANKNIFTY-III.NFO,30/04/2025,09:22:15,55650,55651.2,245,55687.6,35,0,27650
BANKNIFTY-III.NFO,30/04/2025,09:22:16,55650,55651.2,35,55687.4,35,0,27650
BANKNIFTY-III.NFO,30/04/2025,09:22:33,55687.4,55651.4,35,55687.2,35,35,27650
BANKNIFTY-III.NFO,30/04/2025,09:22:34,55687.4,55651.4,35,55687.2,35,0,27650
BANKNIFTY-III.NFO,30/04/2025,09:22:38,55687.4,55651.4,35,55691.2,35,0,27650
BANKNIFTY-III.NFO,30/04/2025,09:22:42,55687.4,55651.4,35,55694.8,35,0,27650
BANKNIFTY-III.NFO,30/04/2025,09:22:43,55694.8,55651.4,35,55694.8,35,35,27650
BANKNIFTY-III.NFO,30/04/2025,09:22:44,55694.8,55651.4,35,55694.8,35,0,27650
BANKNIFTY-III.NFO,30/04/2025,09:22:49,55694.8,55651.2,35,55694.8,35,0,27650
BANKNIFTY-III.NFO,30/04/2025,09:22:51,55694.8,55651.4,35,55694.8,35,0,27650
BANKNIFTY-III.NFO,30/04/2025,09:22:54,55694.8,55675,280,55694.8,35,0,27650
BANKNIFTY-III.NFO,30/04/2025,09:22:55,55694.8,55675,315,55694.8,35,0,27650
BANKNIFTY-III.NFO,30/04/2025,09:22:57,55694.8,55675,280,55694.8,35,0,27650
BANKNIFTY-III.NFO,30/04/2025,09:22:59,55694.8,55675,315,55699.8,35,0,27650
BANKNIFTY-III.NFO,30/04/2025,09:23:00,55694.8,55675,315,55699.8,70,0,27650
BANKNIFTY-III.NFO,30/04/2025,09:23:02,55694.8,55675.2,35,55699.8,70,0,27650
BANKNIFTY-III.NFO,30/04/2025,09:23:04,55694.8,55675,280,55699.8,70,0,27650
BANKNIFTY-III.NFO,30/04/2025,09:23:10,55694.8,55675,315,55699.8,70,0,27650
BANKNIFTY-III.NFO,30/04/2025,09:23:12,55694.8,55675,280,55699.8,70,0,27650
BANKNIFTY-III.NFO,30/04/2025,09:23:14,55694.8,55675.2,35,55699.8,35,0,27650
BANKNIFTY-III.NFO,30/04/2025,09:23:15,55694.8,55675,315,55699.8,70,0,27650
BANKNIFTY-III.NFO,30/04/2025,09:23:18,55694.8,55675.2,35,55699.8,70,0,27650
BANKNIFTY-III.NFO,30/04/2025,09:23:25,55694.8,55675,315,55699.8,70,0,27650
BANKNIFTY-III.NFO,30/04/2025,09:23:27,55694.8,55675,280,55699.8,70,0,27650
BANKNIFTY-III.NFO,30/04/2025,09:23:28,55694.8,55675.2,35,55699.8,70,0,27650
BANKNIFTY-III.NFO,30/04/2025,09:23:32,55694.8,55675,315,55699.8,70,0,27650
BANKNIFTY-III.NFO,30/04/2025,09:23:34,55694.8,55675.2,35,55699.8,70,0,27650
BANKNIFTY-III.NFO,30/04/2025,09:23:35,55694.8,55675,315,55699.8,70,0,27650
BANKNIFTY-III.NFO,30/04/2025,09:23:36,55694.8,55675,280,55697.4,35,0,27650
BANKNIFTY-III.NFO,30/04/2025,09:23:39,55694.8,55675,280,55696.8,35,0,27650
BANKNIFTY-III.NFO,30/04/2025,09:23:40,55694.8,55675,315,55696.8,35,0,27650
BANKNIFTY-III.NFO,30/04/2025,09:23:41,55694.8,55675,280,55695.2,35,0,27650
BANKNIFTY-III.NFO,30/04/2025,09:23:44,55694.8,55675,280,55690.4,35,0,27650
BANKNIFTY-III.NFO,30/04/2025,09:23:45,55694.8,55675,280,55687.4,35,0,27650
BANKNIFTY-III.NFO,30/04/2025,09:23:46,55694.8,55675,280,55683,35,0,27650
BANKNIFTY-III.NFO,30/04/2025,09:23:47,55675,55650.6,35,55678,35,280,27650
BANKNIFTY-III.NFO,30/04/2025,09:23:48,55675,55646.8,35,55675.2,35,0,27650
BANKNIFTY-III.NFO,30/04/2025,09:23:50,55675,55647,35,55675.2,35,0,27650
BANKNIFTY-III.NFO,30/04/2025,09:23:51,55675,55645.8,35,55674.2,35,0,27650
BANKNIFTY-III.NFO,30/04/2025,09:23:52,55675,55642,35,55671.2,245,0,27650
BANKNIFTY-III.NFO,30/04/2025,09:23:53,55675,55639.2,35,55666.4,35,0,27650
BANKNIFTY-III.NFO,30/04/2025,09:23:55,55675,55636.8,35,55663.6,35,0,27650
BANKNIFTY-III.NFO,30/04/2025,09:23:56,55675,55629,35,55657,35,0,27650
BANKNIFTY-III.NFO,30/04/2025,09:24:06,55675,55657,35,55666.4,35,0,27650
BANKNIFTY-III.NFO,30/04/2025,09:24:07,55675,55657,35,55671.2,35,0,27650
BANKNIFTY-III.NFO,30/04/2025,09:24:08,55675,55657.2,70,55678,35,0,27650
BANKNIFTY-III.NFO,30/04/2025,09:24:10,55675,55657.2,70,55684,35,0,27650
BANKNIFTY-III.NFO,30/04/2025,09:24:11,55675,55657.2,70,55685.8,35,0,27650
BANKNIFTY-III.NFO,30/04/2025,09:24:13,55675,55656,35,55684.4,35,0,27650
BANKNIFTY-III.NFO,30/04/2025,09:24:15,55675,55651.8,35,55678.8,35,0,27650
BANKNIFTY-III.NFO,30/04/2025,09:24:16,55675,55644.6,35,55673.2,35,0,27650
BANKNIFTY-III.NFO,30/04/2025,09:24:17,55675,55640.6,35,55670,35,0,27650
BANKNIFTY-III.NFO,30/04/2025,09:24:18,55675,55636.4,35,55667.2,35,0,27650
BANKNIFTY-III.NFO,30/04/2025,09:24:21,55675,55630.6,35,55661.4,35,0,27650
BANKNIFTY-III.NFO,30/04/2025,09:24:23,55675,55627.2,35,55658.6,35,0,27650
BANKNIFTY-III.NFO,30/04/2025,09:24:24,55675,55623.6,35,55657.6,35,0,27650
BANKNIFTY-III.NFO,30/04/2025,09:24:29,55675,55623.6,35,55656,35,0,27650
BANKNIFTY-III.NFO,30/04/2025,09:24:30,55675,55616.4,35,55647,35,0,27650
BANKNIFTY-III.NFO,30/04/2025,09:24:33,55675,55613,35,55644,35,0,27650
BANKNIFTY-III.NFO,30/04/2025,09:24:38,55675,55613,35,55644.2,35,0,27650
BANKNIFTY-III.NFO,30/04/2025,09:24:40,55675,55613,35,55644,35,0,27650
BANKNIFTY-III.NFO,30/04/2025,09:24:41,55675,55613,35,55644.2,35,0,27650
BANKNIFTY-III.NFO,30/04/2025,09:24:45,55675,55613,35,55644,35,0,27650
BANKNIFTY-III.NFO,30/04/2025,09:24:46,55675,55613,35,55644.2,35,0,27650
BANKNIFTY-III.NFO,30/04/2025,09:24:50,55675,55613,35,55644,35,0,27650
BANKNIFTY-III.NFO,30/04/2025,09:24:51,55675,55613,35,55644.2,35,0,27650
BANKNIFTY-III.NFO,30/04/2025,09:24:52,55675,55630.2,70,55656,35,0,27650
BANKNIFTY-III.NFO,30/04/2025,09:24:55,55675,55630.2,70,55656.2,35,0,27650
BANKNIFTY-III.NFO,30/04/2025,09:24:56,55675,55630.2,70,55656,35,0,27650
BANKNIFTY-III.NFO,30/04/2025,09:24:58,55675,55630.2,70,55656.2,35,0,27650
BANKNIFTY-III.NFO,30/04/2025,09:25:00,55675,55630.2,70,55661.6,35,0,27650
BANKNIFTY-III.NFO,30/04/2025,09:25:02,55675,55630.2,70,55667.4,35,0,27650
BANKNIFTY-III.NFO,30/04/2025,09:25:05,55675,55630.2,140,55667.4,35,0,27650
BANKNIFTY-III.NFO,30/04/2025,09:25:10,55675,55650.2,35,55675.4,35,0,27650
BANKNIFTY-III.NFO,30/04/2025,09:25:11,55675,55650.2,35,55679.6,35,0,27650
BANKNIFTY-III.NFO,30/04/2025,09:25:12,55675,55650.2,35,55682.8,35,0,27650
BANKNIFTY-III.NFO,30/04/2025,09:25:17,55675,55650,70,55682.8,35,0,27650
BANKNIFTY-III.NFO,30/04/2025,09:25:18,55675,55650,35,55682,35,0,27650
BANKNIFTY-III.NFO,30/04/2025,09:25:20,55675,55650,70,55682,35,0,27650
BANKNIFTY-III.NFO,30/04/2025,09:25:21,55675,55650.2,35,55682,35,0,27650
BANKNIFTY-III.NFO,30/04/2025,09:25:23,55675,55650.2,35,55682.2,35,0,27650
BANKNIFTY-III.NFO,30/04/2025,09:25:25,55675,55675,35,55685.8,35,0,27650
BANKNIFTY-III.NFO,30/04/2025,09:25:26,55675,55675.2,70,55690,35,0,27650
BANKNIFTY-III.NFO,30/04/2025,09:25:30,55675,55675,35,55689.8,35,0,27650
BANKNIFTY-III.NFO,30/04/2025,09:25:32,55675,55675.2,35,55690,35,0,27650
BANKNIFTY-III.NFO,30/04/2025,09:25:34,55675,55675,35,55689.8,35,0,27650
BANKNIFTY-III.NFO,30/04/2025,09:25:36,55675,55675,35,55689.8,70,0,27650
BANKNIFTY-III.NFO,30/04/2025,09:25:47,55675,55650,70,55683.8,35,35,28070
BANKNIFTY-III.NFO,30/04/2025,09:25:48,55675,55650,35,55679.2,35,0,28070
BANKNIFTY-III.NFO,30/04/2025,09:25:49,55675,55650,35,55669.2,35,0,28070
BANKNIFTY-III.NFO,30/04/2025,09:25:53,55675,55650,35,55662.6,35,0,28070
BANKNIFTY-III.NFO,30/04/2025,09:25:54,55675,55650,35,55660,35,0,28070
BANKNIFTY-III.NFO,30/04/2025,09:25:55,55650,55624.8,35,55659.2,35,35,28070
BANKNIFTY-III.NFO,30/04/2025,09:25:57,55650,55623.8,35,55656.2,35,0,28070
BANKNIFTY-III.NFO,30/04/2025,09:26:01,55650,55620.8,35,55655.2,35,0,28070
BANKNIFTY-III.NFO,30/04/2025,09:26:04,55650,55616,35,55646.8,35,0,28070
BANKNIFTY-III.NFO,30/04/2025,09:26:06,55650,55616,35,55646,35,0,28070
BANKNIFTY-III.NFO,30/04/2025,09:26:07,55650,55612.4,35,55644.8,35,0,28070
BANKNIFTY-III.NFO,30/04/2025,09:26:08,55650,55609.4,35,55643,35,0,28070
BANKNIFTY-III.NFO,30/04/2025,09:26:11,55650,55607.6,35,55640.2,35,0,28070
BANKNIFTY-III.NFO,30/04/2025,09:26:12,55650,55601.6,35,55634.6,35,0,28070
BANKNIFTY-III.NFO,30/04/2025,09:26:13,55601,55600.2,35,55634,35,105,28070
BANKNIFTY-III.NFO,30/04/2025,09:26:14,55601,55596.8,70,55628.2,35,0,28070
BANKNIFTY-III.NFO,30/04/2025,09:26:19,55601,55596.8,70,55627.8,70,0,28070
BANKNIFTY-III.NFO,30/04/2025,09:26:21,55601,55596.8,35,55621.8,35,0,28070
BANKNIFTY-III.NFO,30/04/2025,09:26:22,55601,55596.8,35,55618.4,35,0,28070
BANKNIFTY-III.NFO,30/04/2025,09:26:26,55601,55596.8,35,55617.8,35,0,28070
BANKNIFTY-III.NFO,30/04/2025,09:26:29,55601,55596.8,70,55618,35,0,28070
BANKNIFTY-III.NFO,30/04/2025,09:26:31,55601,55596.8,70,55622,35,0,28070
BANKNIFTY-III.NFO,30/04/2025,09:26:32,55601,55596.8,70,55621.8,35,0,28070
BANKNIFTY-III.NFO,30/04/2025,09:26:34,55601,55596.8,70,55622,35,0,28070
BANKNIFTY-III.NFO,30/04/2025,09:26:37,55630,55597,35,55628.4,35,350,28070
BANKNIFTY-III.NFO,30/04/2025,09:26:39,55630,55597,35,55628.4,35,0,28070
BANKNIFTY-III.NFO,30/04/2025,09:26:46,55630,55597,70,55626.8,35,0,28070
BANKNIFTY-III.NFO,30/04/2025,09:26:47,55630,55596.8,35,55620.8,35,0,28070
BANKNIFTY-III.NFO,30/04/2025,09:26:49,55630,55597,35,55617.8,35,0,28070
BANKNIFTY-III.NFO,30/04/2025,09:26:50,55630,55597,35,55614.8,35,0,28070
BANKNIFTY-III.NFO,30/04/2025,09:26:55,55615,55597,35,55617.2,35,70,28070
BANKNIFTY-III.NFO,30/04/2025,09:26:56,55617.2,55597,35,55614.4,245,35,28070
BANKNIFTY-III.NFO,30/04/2025,09:26:57,55617.2,55597,35,55611.4,245,0,28070
BANKNIFTY-III.NFO,30/04/2025,09:26:59,55617.2,55597,35,55609.4,245,0,28070
BANKNIFTY-III.NFO,30/04/2025,09:27:00,55617.2,55597,35,55603.4,245,0,28070
BANKNIFTY-III.NFO,30/04/2025,09:27:01,55617.2,55597,35,55609.4,35,0,28070
BANKNIFTY-III.NFO,30/04/2025,09:27:02,55617.2,55597,35,55602.6,245,0,28070
BANKNIFTY-III.NFO,30/04/2025,09:27:04,55617.2,55596.8,35,55606.6,35,0,28070
BANKNIFTY-III.NFO,30/04/2025,09:27:05,55617.2,55597,70,55615.4,35,0,28070
BANKNIFTY-III.NFO,30/04/2025,09:27:06,55617.2,55597.4,35,55621,35,0,28070
BANKNIFTY-III.NFO,30/04/2025,09:27:07,55617.2,55596.8,35,55608,210,0,28070
BANKNIFTY-III.NFO,30/04/2025,09:27:09,55617.2,55596.8,35,55613.6,245,0,28070
BANKNIFTY-III.NFO,30/04/2025,09:27:11,55617.2,55597,35,55618.8,210,0,28070
BANKNIFTY-III.NFO,30/04/2025,09:27:12,55617.2,55597,35,55618.8,35,0,28070
BANKNIFTY-III.NFO,30/04/2025,09:27:14,55617.2,55597,35,55633.6,35,0,28070
BANKNIFTY-III.NFO,30/04/2025,09:27:19,55617.2,55597,35,55632.4,245,0,28070
BANKNIFTY-III.NFO,30/04/2025,09:27:20,55617.2,55597,35,55632.4,35,0,28070
BANKNIFTY-III.NFO,30/04/2025,09:27:29,55617.2,55597,35,55631.6,245,0,28070
BANKNIFTY-III.NFO,30/04/2025,09:27:31,55617.2,55597,35,55628.6,245,0,28070
BANKNIFTY-III.NFO,30/04/2025,09:27:32,55617.2,55597,35,55622.6,245,0,28070
BANKNIFTY-III.NFO,30/04/2025,09:27:34,55617.2,55597,35,55613.4,245,0,28070
BANKNIFTY-III.NFO,30/04/2025,09:27:36,55617.2,55597,35,55617,245,0,28070
BANKNIFTY-III.NFO,30/04/2025,09:27:37,55617.2,55596.8,35,55615.4,245,0,28070
BANKNIFTY-III.NFO,30/04/2025,09:27:38,55617.2,55597,35,55613.8,35,0,28070
BANKNIFTY-III.NFO,30/04/2025,09:27:39,55617.2,55597,70,55618.6,35,0,28070
BANKNIFTY-III.NFO,30/04/2025,09:27:42,55617.2,55597,70,55617.2,70,0,28070
BANKNIFTY-III.NFO,30/04/2025,09:27:44,55617.2,55597,70,55616.4,35,0,28070
BANKNIFTY-III.NFO,30/04/2025,09:27:45,55617.2,55597,70,55617.2,70,0,28070
BANKNIFTY-III.NFO,30/04/2025,09:27:46,55617.2,55597,70,55617.2,35,0,28070
BANKNIFTY-III.NFO,30/04/2025,09:27:53,55617.2,55600.2,35,55631.6,35,35,28175
BANKNIFTY-III.NFO,30/04/2025,09:27:54,55617.2,55600.2,35,55631.6,35,0,28175
BANKNIFTY-III.NFO,30/04/2025,09:27:56,55617.2,55600.2,35,55637.4,35,0,28175
BANKNIFTY-III.NFO,30/04/2025,09:27:58,55617.2,55600.6,70,55642.2,35,0,28175
BANKNIFTY-III.NFO,30/04/2025,09:28:00,55617.2,55602.6,105,55644,35,0,28175
BANKNIFTY-III.NFO,30/04/2025,09:28:01,55617.2,55604.4,35,55634.2,35,0,28175
BANKNIFTY-III.NFO,30/04/2025,09:28:05,55617.2,55604.4,35,55638.6,35,0,28175
BANKNIFTY-III.NFO,30/04/2025,09:28:12,55617.2,55606,70,55645,35,0,28175
BANKNIFTY-III.NFO,30/04/2025,09:28:14,55617.2,55612.2,35,55649.2,35,0,28175
BANKNIFTY-III.NFO,30/04/2025,09:28:16,55651.6,55614.8,35,55655.4,35,35,28175
BANKNIFTY-III.NFO,30/04/2025,09:28:17,55651.6,55615.6,140,55655.4,35,0,28175
BANKNIFTY-III.NFO,30/04/2025,09:28:18,55651.6,55619.8,70,55658.6,35,0,28175
BANKNIFTY-III.NFO,30/04/2025,09:28:26,55651.6,55623.6,35,55662.8,35,0,28175
BANKNIFTY-III.NFO,30/04/2025,09:28:28,55651.6,55627.8,35,55666.8,35,0,28175
BANKNIFTY-III.NFO,30/04/2025,09:28:29,55651.6,55630.6,140,55670.4,35,0,28175
BANKNIFTY-III.NFO,30/04/2025,09:28:31,55651.6,55631.4,35,55672.8,35,0,28175
BANKNIFTY-III.NFO,30/04/2025,09:28:32,55651.6,55631.4,105,55672.8,35,0,28175
BANKNIFTY-III.NFO,30/04/2025,09:28:33,55651.6,55631.4,35,55672.8,35,0,28175
BANKNIFTY-III.NFO,30/04/2025,09:28:35,55651.6,55631.8,70,55672.8,35,0,28175
BANKNIFTY-III.NFO,30/04/2025,09:28:37,55651.6,55634.2,70,55674.4,35,0,28175
BANKNIFTY-III.NFO,30/04/2025,09:28:38,55651.6,55634.6,35,55674.4,35,0,28175
BANKNIFTY-III.NFO,30/04/2025,09:28:39,55651.6,55635.4,70,55676.2,35,0,28175
BANKNIFTY-III.NFO,30/04/2025,09:28:40,55651.6,55643,35,55683.4,35,0,28175
BANKNIFTY-III.NFO,30/04/2025,09:28:41,55651.6,55647.4,35,55686.6,35,0,28175
BANKNIFTY-III.NFO,30/04/2025,09:28:43,55651.6,55665.2,35,55690,70,0,28175
BANKNIFTY-III.NFO,30/04/2025,09:28:44,55651.6,55665.2,35,55690,35,0,28175
BANKNIFTY-III.NFO,30/04/2025,09:28:45,55651.6,55665.2,245,55690,35,0,28175
BANKNIFTY-III.NFO,30/04/2025,09:28:47,55651.6,55673.8,35,55690,35,0,28175
BANKNIFTY-III.NFO,30/04/2025,09:28:48,55651.6,55676,35,55690,35,0,28175
BANKNIFTY-III.NFO,30/04/2025,09:28:53,55651.6,55669.8,35,55690,70,0,28175
BANKNIFTY-III.NFO,30/04/2025,09:28:54,55651.6,55668.8,35,55690,35,0,28175
BANKNIFTY-III.NFO,30/04/2025,09:28:55,55651.6,55666.4,35,55690,70,0,28175
BANKNIFTY-III.NFO,30/04/2025,09:28:58,55651.6,55666.2,35,55690,70,0,28175
BANKNIFTY-III.NFO,30/04/2025,09:28:59,55651.6,55666.4,35,55690,70,0,28175
BANKNIFTY-III.NFO,30/04/2025,09:29:00,55696,55666.4,35,55700,105,350,28175
BANKNIFTY-III.NFO,30/04/2025,09:29:02,55696,55666.2,35,55700,105,0,28175
BANKNIFTY-III.NFO,30/04/2025,09:29:03,55696,55665.6,35,55697.4,210,0,28175
BANKNIFTY-III.NFO,30/04/2025,09:29:04,55696,55663.4,35,55700,105,0,28175
BANKNIFTY-III.NFO,30/04/2025,09:29:05,55696,55653.2,35,55681.4,210,0,28175
BANKNIFTY-III.NFO,30/04/2025,09:29:07,55696,55649,35,55689.8,210,0,28175
BANKNIFTY-III.NFO,30/04/2025,09:29:08,55696,55649,35,55682.4,210,0,28175
BANKNIFTY-III.NFO,30/04/2025,09:29:09,55696,55649,35,55685.4,210,0,28175
BANKNIFTY-III.NFO,30/04/2025,09:29:10,55696,55649,35,55679,210,0,28175
BANKNIFTY-III.NFO,30/04/2025,09:29:12,55680.2,55649,35,55700,105,35,28175
BANKNIFTY-III.NFO,30/04/2025,09:29:13,55680.2,55649,35,55682,175,0,28175
BANKNIFTY-III.NFO,30/04/2025,09:29:14,55680.2,55649,35,55688.6,175,0,28175
BANKNIFTY-III.NFO,30/04/2025,09:29:15,55680.2,55649.2,35,55689.6,175,0,28175
BANKNIFTY-III.NFO,30/04/2025,09:29:16,55680.2,55649.2,35,55694.8,175,0,28175
BANKNIFTY-III.NFO,30/04/2025,09:29:18,55680.2,55649.2,35,55691.8,175,0,28175
BANKNIFTY-III.NFO,30/04/2025,09:29:19,55680.2,55649.2,35,55690.2,175,0,28175
BANKNIFTY-III.NFO,30/04/2025,09:29:20,55680.2,55649.2,35,55691,175,0,28175
BANKNIFTY-III.NFO,30/04/2025,09:29:21,55680.2,55649.2,35,55694.6,175,0,28175
BANKNIFTY-III.NFO,30/04/2025,09:29:23,55680.2,55649.2,35,55699.2,175,0,28175
BANKNIFTY-III.NFO,30/04/2025,09:29:24,55680.2,55649.2,35,55700,105,0,28175
BANKNIFTY-III.NFO,30/04/2025,09:29:25,55680.2,55651.4,70,55700,105,0,28175
BANKNIFTY-III.NFO,30/04/2025,09:29:26,55680.2,55657,35,55700,105,0,28175
BANKNIFTY-III.NFO,30/04/2025,09:29:29,55680.2,55663.8,35,55700,105,35,28175
BANKNIFTY-III.NFO,30/04/2025,09:29:30,55680.2,55664.6,140,55700,105,0,28175
BANKNIFTY-III.NFO,30/04/2025,09:29:31,55680.2,55665.8,140,55700,105,0,28175
BANKNIFTY-III.NFO,30/04/2025,09:29:33,55680.2,55666.6,35,55700,105,0,28175
BANKNIFTY-III.NFO,30/04/2025,09:29:37,55680.2,55673.6,70,55700,105,0,28175
BANKNIFTY-III.NFO,30/04/2025,09:29:39,55700,55699,35,55747,175,105,28175
BANKNIFTY-III.NFO,30/04/2025,09:29:40,55700,55699,35,55750,105,0,28175
BANKNIFTY-III.NFO,30/04/2025,09:29:41,55700,55703,70,55750,105,0,28175
BANKNIFTY-III.NFO,30/04/2025,09:29:42,55700,55703,70,55741.6,175,0,28175
BANKNIFTY-III.NFO,30/04/2025,09:29:43,55700,55703,70,55744.8,175,0,28175
BANKNIFTY-III.NFO,30/04/2025,09:29:45,55700,55703,70,55750,105,0,28175
BANKNIFTY-III.NFO,30/04/2025,09:29:46,55700,55703,70,55743.6,175,0,28175
BANKNIFTY-III.NFO,30/04/2025,09:29:47,55700,55703,70,55746,175,0,28175
BANKNIFTY-III.NFO,30/04/2025,09:29:48,55700,55703,70,55750,105,0,28175
BANKNIFTY-III.NFO,30/04/2025,09:29:50,55700,55703.8,35,55750,105,0,28175
BANKNIFTY-III.NFO,30/04/2025,09:29:53,55700,55705.8,105,55750,105,0,28175
BANKNIFTY-III.NFO,30/04/2025,09:29:55,55700,55720.2,35,55750,105,0,28175
BANKNIFTY-III.NFO,30/04/2025,09:29:56,55700,55720,70,55745.8,175,0,28175
BANKNIFTY-III.NFO,30/04/2025,09:29:57,55720,55706,70,55741.2,175,35,28175
BANKNIFTY-III.NFO,30/04/2025,09:29:58,55720,55706,70,55750,105,0,28175
BANKNIFTY-III.NFO,30/04/2025,09:29:59,55720,55706,70,55748.8,175,0,28175
BANKNIFTY-III.NFO,30/04/2025,09:30:01,55720,55706,70,55750,105,0,28175
BANKNIFTY-III.NFO,30/04/2025,09:30:02,55720,55720,105,55747.8,175,0,28175
BANKNIFTY-III.NFO,30/04/2025,09:30:03,55720,55720,70,55741.8,175,0,28175
BANKNIFTY-III.NFO,30/04/2025,09:30:04,55720,55720,70,55745.6,175,0,28175
BANKNIFTY-III.NFO,30/04/2025,09:30:06,55720,55720,70,55739.6,175,0,28175
BANKNIFTY-III.NFO,30/04/2025,09:30:07,55720,55720,70,55741.4,175,0,28175
BANKNIFTY-III.NFO,30/04/2025,09:30:08,55720,55720,70,55735.4,175,0,28175
BANKNIFTY-III.NFO,30/04/2025,09:30:09,55720,55720,70,55726.6,175,0,28175
BANKNIFTY-III.NFO,30/04/2025,09:30:10,55720,55720,70,55729.2,175,0,28175
BANKNIFTY-III.NFO,30/04/2025,09:30:12,55720,55720,35,55729.2,175,35,28175
BANKNIFTY-III.NFO,30/04/2025,09:30:13,55720,55720,35,55736.2,175,0,28175
BANKNIFTY-III.NFO,30/04/2025,09:30:14,55720,55720,35,55750,105,0,28175
BANKNIFTY-III.NFO,30/04/2025,09:30:15,55720,55720,35,55742.2,175,0,28175
BANKNIFTY-III.NFO,30/04/2025,09:30:16,55720,55720,35,55739.2,175,0,28175
BANKNIFTY-III.NFO,30/04/2025,09:30:18,55720,55720.2,35,55749.4,175,0,28175
BANKNIFTY-III.NFO,30/04/2025,09:30:19,55720,55720.2,35,55750,105,0,28175
BANKNIFTY-III.NFO,30/04/2025,09:30:23,55720,55720.2,35,55748.8,175,0,28175
BANKNIFTY-III.NFO,30/04/2025,09:30:24,55720,55720.2,35,55750,105,0,28175
BANKNIFTY-III.NFO,30/04/2025,09:30:25,55720,55720.4,35,55747,175,0,28175
BANKNIFTY-III.NFO,30/04/2025,09:30:26,55720,55720.4,35,55749.6,175,0,28175
BANKNIFTY-III.NFO,30/04/2025,09:30:27,55720,55720.4,35,55750,105,0,28175
BANKNIFTY-III.NFO,30/04/2025,09:30:30,55720,55720.4,35,55749,175,0,28175
BANKNIFTY-III.NFO,30/04/2025,09:30:31,55720,55720.4,35,55750,105,0,28175
BANKNIFTY-III.NFO,30/04/2025,09:30:35,55720,55720.4,35,55746.2,175,0,28175
BANKNIFTY-III.NFO,30/04/2025,09:30:36,55720,55720,35,55743,175,0,28175
BANKNIFTY-III.NFO,30/04/2025,09:30:37,55720,55720.4,35,55750,105,0,28175
BANKNIFTY-III.NFO,30/04/2025,09:30:43,55720,55721.2,35,55750,105,0,28175
BANKNIFTY-III.NFO,30/04/2025,09:30:45,55720,55721,35,55750,105,0,28175
BANKNIFTY-III.NFO,30/04/2025,09:30:46,55720,55723.2,70,55750,105,0,28175
BANKNIFTY-III.NFO,30/04/2025,09:30:47,55720,55726.2,140,55750,105,0,28175
BANKNIFTY-III.NFO,30/04/2025,09:30:49,55720,55730.4,70,55750,105,0,28175
BANKNIFTY-III.NFO,30/04/2025,09:30:54,55750,55747,70,55789.4,175,105,28525
BANKNIFTY-III.NFO,30/04/2025,09:30:55,55747,55749.8,105,55790,35,35,28525
BANKNIFTY-III.NFO,30/04/2025,09:30:57,55747,55754,105,55790,35,0,28525
BANKNIFTY-III.NFO,30/04/2025,09:30:58,55747,55764.4,140,55790,35,0,28525
BANKNIFTY-III.NFO,30/04/2025,09:30:59,55747,55769.2,140,55790,35,0,28525
BANKNIFTY-III.NFO,30/04/2025,09:31:00,55747,55770.2,35,55790,35,0,28525
BANKNIFTY-III.NFO,30/04/2025,09:31:02,55790,55776.6,35,55800,175,35,28525
BANKNIFTY-III.NFO,30/04/2025,09:31:02,55790,55776.6,35,55800,175,0,28525
BANKNIFTY-III.NFO,30/04/2025,09:31:03,55790,55776.6,35,55800,175,0,28525
BANKNIFTY-III.NFO,30/04/2025,09:31:12,55790,55776.6,35,55800,210,0,28525
BANKNIFTY-III.NFO,30/04/2025,09:31:13,55790,55777.2,35,55800,210,0,28525
BANKNIFTY-III.NFO,30/04/2025,09:31:14,55790,55777.2,70,55800,210,0,28525
BANKNIFTY-III.NFO,30/04/2025,09:31:15,55790,55777.2,70,55799.8,35,0,28525
BANKNIFTY-III.NFO,30/04/2025,09:31:17,55790,55777.2,70,55800,175,0,28525
BANKNIFTY-III.NFO,30/04/2025,09:31:18,55790,55777.2,35,55799.8,35,0,28525
BANKNIFTY-III.NFO,30/04/2025,09:31:19,55790,55790,35,55799.8,70,0,28525
BANKNIFTY-III.NFO,30/04/2025,09:31:20,55790,55790,35,55800,175,0,28525
BANKNIFTY-III.NFO,30/04/2025,09:31:21,55790,55790,70,55800,175,0,28525
BANKNIFTY-III.NFO,30/04/2025,09:31:23,55790,55790,35,55799.8,70,0,28525
BANKNIFTY-III.NFO,30/04/2025,09:31:26,55790,55790,35,55794.8,35,0,28525
BANKNIFTY-III.NFO,30/04/2025,09:31:28,55790,55777,35,55794.8,70,35,28525
BANKNIFTY-III.NFO,30/04/2025,09:31:29,55790,55777,35,55794.8,70,0,28525
BANKNIFTY-III.NFO,30/04/2025,09:31:31,55790,55792,35,55794.8,70,0,28525
BANKNIFTY-III.NFO,30/04/2025,09:31:32,55792,55766.2,35,55791.8,35,35,28525
BANKNIFTY-III.NFO,30/04/2025,09:31:32,55792,55766.2,35,55791.8,35,0,28525
BANKNIFTY-III.NFO,30/04/2025,09:31:34,55792,55766.2,35,55791.8,35,0,28525
BANKNIFTY-III.NFO,30/04/2025,09:31:35,55792,55762.8,35,55791.8,35,0,28525
BANKNIFTY-III.NFO,30/04/2025,09:31:36,55792,55762.6,35,55791.8,35,0,28525
BANKNIFTY-III.NFO,30/04/2025,09:31:37,55792,55762.8,35,55791.8,35,0,28525
BANKNIFTY-III.NFO,30/04/2025,09:31:44,55792,55762.2,35,55791.8,35,0,28525
BANKNIFTY-III.NFO,30/04/2025,09:31:45,55792,55762,35,55791.8,35,0,28525
BANKNIFTY-III.NFO,30/04/2025,09:31:46,55792,55757.8,35,55791.8,35,0,28525
BANKNIFTY-III.NFO,30/04/2025,09:31:47,55792,55752.8,35,55785.8,35,0,28525
BANKNIFTY-III.NFO,30/04/2025,09:31:49,55752.8,55752.2,35,55785.8,35,35,28525
BANKNIFTY-III.NFO,30/04/2025,09:31:50,55752.8,55748.6,35,55785.8,35,0,28525
BANKNIFTY-III.NFO,30/04/2025,09:31:51,55752.8,55739.4,35,55773.4,35,0,28525
BANKNIFTY-III.NFO,30/04/2025,09:31:52,55752.8,55738.8,35,55772,35,0,28525
BANKNIFTY-III.NFO,30/04/2025,09:31:54,55752.8,55736.2,35,55769,35,0,28525
BANKNIFTY-III.NFO,30/04/2025,09:31:55,55752.8,55732.6,35,55765.4,35,0,28525
BANKNIFTY-III.NFO,30/04/2025,09:31:56,55752.8,55732.8,35,55765.4,35,0,28525
BANKNIFTY-III.NFO,30/04/2025,09:32:02,55752.8,55732.8,35,55765.6,35,0,28525
BANKNIFTY-III.NFO,30/04/2025,09:32:04,55765.6,55732.8,35,55773.4,35,35,28525
BANKNIFTY-III.NFO,30/04/2025,09:32:05,55765.6,55738.4,70,55774.8,35,0,28525
BANKNIFTY-III.NFO,30/04/2025,09:32:06,55765.6,55739.6,70,55776.6,35,0,28525
BANKNIFTY-III.NFO,30/04/2025,09:32:07,55765.6,55739.6,70,55776.4,35,0,28525
BANKNIFTY-III.NFO,30/04/2025,09:32:10,55765.6,55739.6,70,55776.6,35,0,28525
BANKNIFTY-III.NFO,30/04/2025,09:32:12,55765.6,55739.6,70,55776.4,35,0,28525
BANKNIFTY-III.NFO,30/04/2025,09:32:36,55765.6,55739.6,70,55776.6,35,0,28525
BANKNIFTY-III.NFO,30/04/2025,09:32:38,55765.6,55739.6,70,55776.4,35,0,28525
BANKNIFTY-III.NFO,30/04/2025,09:32:50,55765.6,55739.6,70,55777.6,35,0,28525
BANKNIFTY-III.NFO,30/04/2025,09:32:54,55765.6,55741.4,140,55780.4,35,0,28525
BANKNIFTY-III.NFO,30/04/2025,09:32:55,55765.6,55742.6,140,55781.4,35,0,28525
BANKNIFTY-III.NFO,30/04/2025,09:32:56,55765.6,55750,35,55786,35,0,28525
BANKNIFTY-III.NFO,30/04/2025,09:32:57,55765.6,55754.2,35,55789.4,35,0,28525
BANKNIFTY-III.NFO,30/04/2025,09:32:59,55765.6,55758.4,105,55792,105,0,28525
BANKNIFTY-III.NFO,30/04/2025,09:33:00,55765.6,55758.8,140,55792,105,0,28525
BANKNIFTY-III.NFO,30/04/2025,09:33:01,55765.6,55758.8,140,55792,70,0,28525
BANKNIFTY-III.NFO,30/04/2025,09:33:02,55765.6,55758.8,140,55791.8,35,0,28525
BANKNIFTY-III.NFO,30/04/2025,09:33:03,55765.6,55758.8,140,55777,35,0,28525
BANKNIFTY-III.NFO,30/04/2025,09:33:05,55777,55762.8,35,55792,70,35,28525
BANKNIFTY-III.NFO,30/04/2025,09:33:06,55777,55772.4,35,55792,70,0,28525
BANKNIFTY-III.NFO,30/04/2025,09:33:07,55777,55781.6,35,55792,70,0,28525
BANKNIFTY-III.NFO,30/04/2025,09:33:12,55792,55782.2,35,55795,35,70,28525
BANKNIFTY-III.NFO,30/04/2025,09:33:13,55792,55784.2,35,55795,35,0,28525
BANKNIFTY-III.NFO,30/04/2025,09:33:16,55800,55793.8,35,55826.6,35,140,28525
BANKNIFTY-III.NFO,30/04/2025,09:33:16,55800,55793.8,35,55826.6,35,0,28525
BANKNIFTY-III.NFO,30/04/2025,09:33:17,55800,55793.8,35,55826.6,35,0,28525
BANKNIFTY-III.NFO,30/04/2025,09:33:19,55800,55806.4,35,55831.4,35,0,28525
BANKNIFTY-III.NFO,30/04/2025,09:33:20,55832.2,55806.4,35,55832.8,35,245,28525
BANKNIFTY-III.NFO,30/04/2025,09:33:20,55832.2,55806.4,35,55832.8,35,0,28525
BANKNIFTY-III.NFO,30/04/2025,09:33:21,55832.2,55806.4,35,55832.8,35,0,28525
BANKNIFTY-III.NFO,30/04/2025,09:33:22,55832.2,55806.4,35,55835.8,35,0,28525
BANKNIFTY-III.NFO,30/04/2025,09:33:23,55832.2,55806.4,35,55840.8,35,0,28525
BANKNIFTY-III.NFO,30/04/2025,09:33:25,55832.2,55808,35,55840.8,35,0,28525
BANKNIFTY-III.NFO,30/04/2025,09:33:26,55832.2,55833,70,55869,35,0,28525
BANKNIFTY-III.NFO,30/04/2025,09:33:27,55832.2,55837.8,35,55870.2,35,0,28525
BANKNIFTY-III.NFO,30/04/2025,09:33:28,55832.2,55839.4,70,55872,35,0,28525
BANKNIFTY-III.NFO,30/04/2025,09:33:30,55832.2,55839.4,35,55872,35,0,28525
BANKNIFTY-III.NFO,30/04/2025,09:33:31,55832.2,55839.6,35,55872,35,0,28525
BANKNIFTY-III.NFO,30/04/2025,09:33:32,55832.2,55839.4,35,55872,35,0,28525
BANKNIFTY-III.NFO,30/04/2025,09:33:35,55832.2,55833,35,55872,35,0,28525
BANKNIFTY-III.NFO,30/04/2025,09:33:36,55832.2,55833.2,35,55872,35,0,28525
BANKNIFTY-III.NFO,30/04/2025,09:33:38,55832.2,55838.2,35,55872,35,0,28525
BANKNIFTY-III.NFO,30/04/2025,09:33:41,55832.2,55838,35,55872,35,0,28525
BANKNIFTY-III.NFO,30/04/2025,09:33:42,55832.2,55838.2,35,55872,35,0,28525
BANKNIFTY-III.NFO,30/04/2025,09:33:49,55832.2,55838,35,55872,35,0,28525
BANKNIFTY-III.NFO,30/04/2025,09:33:50,55832.2,55838.2,35,55872,35,0,28525
BANKNIFTY-III.NFO,30/04/2025,09:33:52,55832.2,55838,35,55872,35,0,28525
BANKNIFTY-III.NFO,30/04/2025,09:33:53,55832.2,55838.2,35,55872,35,0,28525
BANKNIFTY-III.NFO,30/04/2025,09:34:04,55832.2,55838.2,35,55870.6,210,0,28525
BANKNIFTY-III.NFO,30/04/2025,09:34:05,55832.2,55838,35,55870.6,35,0,28525
BANKNIFTY-III.NFO,30/04/2025,09:34:06,55832.2,55838.2,35,55870.6,35,0,28525
BANKNIFTY-III.NFO,30/04/2025,09:34:09,55832.2,55833,35,55864.6,210,0,28525
BANKNIFTY-III.NFO,30/04/2025,09:34:10,55832.2,55832.2,70,55861.6,210,0,28525
BANKNIFTY-III.NFO,30/04/2025,09:34:11,55832.2,55832.2,35,55854,105,0,28525
BANKNIFTY-III.NFO,30/04/2025,09:34:14,55832.2,55832.2,35,55853,210,0,28525
BANKNIFTY-III.NFO,30/04/2025,09:34:15,55832.2,55832.2,35,55848,35,0,28525
BANKNIFTY-III.NFO,30/04/2025,09:34:16,55832.2,55832.2,35,55853,35,0,28525
BANKNIFTY-III.NFO,30/04/2025,09:34:18,55832.2,55832.2,70,55853,35,0,28525
BANKNIFTY-III.NFO,30/04/2025,09:34:20,55832.2,55832.2,35,55853,35,0,28525
BANKNIFTY-III.NFO,30/04/2025,09:34:21,55832.2,55832.2,35,55852.4,210,0,28525
BANKNIFTY-III.NFO,30/04/2025,09:34:25,55832.2,55832.2,35,55848,35,0,28525
BANKNIFTY-III.NFO,30/04/2025,09:34:26,55832.2,55832.2,35,55848,210,0,28525
BANKNIFTY-III.NFO,30/04/2025,09:34:27,55832.2,55832.2,35,55848,35,0,28525
BANKNIFTY-III.NFO,30/04/2025,09:34:30,55832.2,55832.2,35,55850,175,0,28525
BANKNIFTY-III.NFO,30/04/2025,09:34:33,55832.2,55832.4,35,55850,175,0,28525
BANKNIFTY-III.NFO,30/04/2025,09:34:43,55832.2,55832.2,35,55850,175,0,28525
BANKNIFTY-III.NFO,30/04/2025,09:34:44,55832.2,55832.2,35,55850,210,0,28525
BANKNIFTY-III.NFO,30/04/2025,09:34:46,55832.2,55821,35,55850,210,35,28840
BANKNIFTY-III.NFO,30/04/2025,09:34:47,55832.2,55821,35,55850,210,0,28840
BANKNIFTY-III.NFO,30/04/2025,09:34:50,55832.2,55817.4,35,55850,210,0,28840
BANKNIFTY-III.NFO,30/04/2025,09:34:52,55832.2,55814.8,35,55848.4,210,0,28840
BANKNIFTY-III.NFO,30/04/2025,09:34:53,55832.2,55811,35,55839.4,210,0,28840
BANKNIFTY-III.NFO,30/04/2025,09:34:54,55832.2,55804.2,35,55831.6,210,0,28840
BANKNIFTY-III.NFO,30/04/2025,09:34:55,55832.2,55800.6,35,55830.2,35,0,28840
BANKNIFTY-III.NFO,30/04/2025,09:34:57,55830.2,55800.6,35,55831.6,35,35,28840
BANKNIFTY-III.NFO,30/04/2025,09:34:58,55830.2,55800.6,35,55831.6,35,0,28840
BANKNIFTY-III.NFO,30/04/2025,09:34:59,55830.2,55787.4,35,55813.8,35,0,28840
BANKNIFTY-III.NFO,30/04/2025,09:35:00,55830.2,55781,35,55809.4,35,0,28840
BANKNIFTY-III.NFO,30/04/2025,09:35:01,55830.2,55769.8,35,55795.8,35,0,28840
BANKNIFTY-III.NFO,30/04/2025,09:35:03,55830.2,55762,35,55790,175,0,28840
BANKNIFTY-III.NFO,30/04/2025,09:35:04,55830.2,55760.8,35,55790.2,35,0,28840
BANKNIFTY-III.NFO,30/04/2025,09:35:05,55830.2,55751.8,35,55780.2,210,0,28840
BANKNIFTY-III.NFO,30/04/2025,09:35:06,55777.2,55751,35,55780.2,35,35,28840
BANKNIFTY-III.NFO,30/04/2025,09:35:08,55777.2,55751,35,55780.2,35,0,28840
BANKNIFTY-III.NFO,30/04/2025,09:35:12,55777.2,55748.6,35,55777.2,210,0,28840
BANKNIFTY-III.NFO,30/04/2025,09:35:14,55777.2,55748.6,35,55777.2,35,0,28840
BANKNIFTY-III.NFO,30/04/2025,09:35:15,55777.2,55746.4,35,55777.2,35,0,28840
BANKNIFTY-III.NFO,30/04/2025,09:35:16,55777.2,55744,35,55777.2,35,0,28840
BANKNIFTY-III.NFO,30/04/2025,09:35:17,55777.2,55744,35,55776,210,0,28840
BANKNIFTY-III.NFO,30/04/2025,09:35:19,55777.2,55744,35,55776,35,0,28840
BANKNIFTY-III.NFO,30/04/2025,09:35:25,55777.2,55742,35,55773.6,35,0,28840
BANKNIFTY-III.NFO,30/04/2025,09:35:27,55777.2,55742,35,55772.8,210,0,28840
BANKNIFTY-III.NFO,30/04/2025,09:35:29,55777.2,55741.4,35,55769.6,210,0,28840
BANKNIFTY-III.NFO,30/04/2025,09:35:30,55777.2,55731,35,55759.6,210,0,28840
BANKNIFTY-III.NFO,30/04/2025,09:35:31,55777.2,55726.8,35,55753,210,0,28840
BANKNIFTY-III.NFO,30/04/2025,09:35:32,55777.2,55722.6,35,55749.6,175,0,28840
BANKNIFTY-III.NFO,30/04/2025,09:35:34,55777.2,55722.6,35,55749.8,35,0,28840
BANKNIFTY-III.NFO,30/04/2025,09:35:42,55777.2,55715.4,35,55740.8,35,0,28840
BANKNIFTY-III.NFO,30/04/2025,09:35:43,55777.2,55711.6,35,55735.8,35,0,28840
BANKNIFTY-III.NFO,30/04/2025,09:35:45,55777.2,55711.6,35,55740.8,35,0,28840
BANKNIFTY-III.NFO,30/04/2025,09:35:47,55777.2,55711.6,35,55744.8,35,0,28840
BANKNIFTY-III.NFO,30/04/2025,09:35:52,55777.2,55711.6,35,55742,35,0,28840
BANKNIFTY-III.NFO,30/04/2025,09:35:59,55777.2,55711.6,35,55747.8,35,0,28840
BANKNIFTY-III.NFO,30/04/2025,09:36:01,55777.2,55716.8,35,55754.8,35,0,28840
BANKNIFTY-III.NFO,30/04/2025,09:36:02,55777.2,55723.4,70,55763.6,35,0,28840
BANKNIFTY-III.NFO,30/04/2025,09:36:03,55777.2,55724.2,35,55763.6,35,0,28840
BANKNIFTY-III.NFO,30/04/2025,09:36:04,55777.2,55724.6,140,55764.8,35,0,28840
BANKNIFTY-III.NFO,30/04/2025,09:36:05,55777.2,55728.4,35,55769,35,0,28840
BANKNIFTY-III.NFO,30/04/2025,09:36:07,55777.2,55733,70,55770.8,35,0,28840
BANKNIFTY-III.NFO,30/04/2025,09:36:13,55777.2,55732.6,35,55764.8,210,0,28840
BANKNIFTY-III.NFO,30/04/2025,09:36:14,55777.2,55726,35,55757.2,35,0,28840
BANKNIFTY-III.NFO,30/04/2025,09:36:18,55777.2,55721.2,35,55751.8,35,0,28840
BANKNIFTY-III.NFO,30/04/2025,09:36:19,55777.2,55721,35,55751.6,175,0,28840
BANKNIFTY-III.NFO,30/04/2025,09:36:20,55777.2,55715.2,35,55745.6,210,0,28840
BANKNIFTY-III.NFO,30/04/2025,09:36:21,55777.2,55712,35,55742.6,210,0,28840
BANKNIFTY-III.NFO,30/04/2025,09:36:23,55777.2,55710,70,55725,35,0,28840
BANKNIFTY-III.NFO,30/04/2025,09:36:24,55777.2,55710,35,55725,35,0,28840
BANKNIFTY-III.NFO,30/04/2025,09:36:25,55777.2,55710.2,70,55725,35,0,28840
BANKNIFTY-III.NFO,30/04/2025,09:36:26,55777.2,55710,35,55725,70,0,28840
BANKNIFTY-III.NFO,30/04/2025,09:36:28,55777.2,55710,35,55725,35,0,28840
BANKNIFTY-III.NFO,30/04/2025,09:36:30,55777.2,55710.2,35,55725,35,0,28840
BANKNIFTY-III.NFO,30/04/2025,09:36:33,55710,55709.6,35,55745.2,35,140,28875
BANKNIFTY-III.NFO,30/04/2025,09:36:35,55710,55709.6,35,55745.2,35,0,28875
BANKNIFTY-III.NFO,30/04/2025,09:36:50,55710,55713.4,35,55749.6,35,0,28875
BANKNIFTY-III.NFO,30/04/2025,09:36:51,55710,55723,70,55750,70,0,28875
BANKNIFTY-III.NFO,30/04/2025,09:36:56,55710,55723.8,35,55750,70,0,28875
BANKNIFTY-III.NFO,30/04/2025,09:36:58,55710,55723.8,35,55750,35,0,28875
BANKNIFTY-III.NFO,30/04/2025,09:37:01,55710,55726.6,105,55750,35,0,28875
BANKNIFTY-III.NFO,30/04/2025,09:37:10,55710,55729.6,35,55750,35,0,28875
BANKNIFTY-III.NFO,30/04/2025,09:37:11,55710,55737.2,35,55750,35,0,28875
BANKNIFTY-III.NFO,30/04/2025,09:37:12,55750,55742.6,35,55775,35,35,28875
BANKNIFTY-III.NFO,30/04/2025,09:37:13,55750,55747.8,35,55775,35,0,28875
BANKNIFTY-III.NFO,30/04/2025,09:37:15,55750,55747.8,35,55775,70,0,28875
BANKNIFTY-III.NFO,30/04/2025,09:37:16,55750,55757,35,55775,35,0,28875
BANKNIFTY-III.NFO,30/04/2025,09:37:17,55775,55761.2,35,55798.6,35,35,28875
BANKNIFTY-III.NFO,30/04/2025,09:37:18,55775,55772.8,35,55800,70,0,28875
BANKNIFTY-III.NFO,30/04/2025,09:37:20,55775,55779.4,35,55800,35,0,28875
BANKNIFTY-III.NFO,30/04/2025,09:37:21,55800,55791.2,140,55828.2,35,35,28875
BANKNIFTY-III.NFO,30/04/2025,09:37:22,55800,55798.2,35,55829.2,35,0,28875
BANKNIFTY-III.NFO,30/04/2025,09:37:25,55800,55798.8,35,55831,35,0,28875
BANKNIFTY-III.NFO,30/04/2025,09:37:30,55800,55801.6,35,55835.2,35,0,28875
BANKNIFTY-III.NFO,30/04/2025,09:37:31,55800,55804.2,35,55836.4,35,0,28875
BANKNIFTY-III.NFO,30/04/2025,09:37:32,55800,55810.4,35,55842.2,35,0,28875
BANKNIFTY-III.NFO,30/04/2025,09:37:34,55800,55810.2,35,55842.2,35,0,28875
BANKNIFTY-III.NFO,30/04/2025,09:37:41,55800,55810.4,35,55842.2,35,0,28875
BANKNIFTY-III.NFO,30/04/2025,09:37:43,55800,55812,140,55846.4,35,0,28875
BANKNIFTY-III.NFO,30/04/2025,09:37:44,55800,55821,35,55851.8,35,0,28875
BANKNIFTY-III.NFO,30/04/2025,09:37:46,55800,55825.6,35,55853.8,70,0,28875
BANKNIFTY-III.NFO,30/04/2025,09:37:47,55800,55827.8,35,55853.8,70,0,28875
BANKNIFTY-III.NFO,30/04/2025,09:37:50,55800,55832.2,35,55854,70,0,28875
BANKNIFTY-III.NFO,30/04/2025,09:37:51,55800,55834.6,35,55854,70,0,28875
BANKNIFTY-III.NFO,30/04/2025,09:37:53,55853.8,55832.2,35,55854,70,35,28875
BANKNIFTY-III.NFO,30/04/2025,09:37:53,55853.8,55832.2,35,55854,70,0,28875
BANKNIFTY-III.NFO,30/04/2025,09:37:55,55853.8,55825.6,35,55854,105,0,28875
BANKNIFTY-III.NFO,30/04/2025,09:37:56,55853.8,55825.4,35,55854,105,0,28875
BANKNIFTY-III.NFO,30/04/2025,09:37:57,55853.8,55820.8,35,55854,105,0,28875
BANKNIFTY-III.NFO,30/04/2025,09:38:05,55853.8,55821,35,55854,105,0,28875
BANKNIFTY-III.NFO,30/04/2025,09:38:06,55853.8,55820.8,35,55854,105,0,28875
BANKNIFTY-III.NFO,30/04/2025,09:38:08,55853.8,55821,35,55854,105,0,28875
BANKNIFTY-III.NFO,30/04/2025,09:38:13,55853.8,55820.8,35,55854,105,0,28875
BANKNIFTY-III.NFO,30/04/2025,09:38:15,55853.8,55821,35,55854,105,0,28875
BANKNIFTY-III.NFO,30/04/2025,09:38:21,55853.8,55839.6,35,55854,105,0,28875
BANKNIFTY-III.NFO,30/04/2025,09:38:22,55853.8,55820.8,35,55854,105,0,28875
BANKNIFTY-III.NFO,30/04/2025,09:38:25,55853.8,55821,35,55854,105,0,28875
BANKNIFTY-III.NFO,30/04/2025,09:38:26,55853.8,55820.8,35,55854,105,0,28875
BANKNIFTY-III.NFO,30/04/2025,09:38:28,55853.8,55820.8,35,55852.4,35,0,28875
BANKNIFTY-III.NFO,30/04/2025,09:38:37,55853.8,55821,35,55852.4,35,0,28875
BANKNIFTY-III.NFO,30/04/2025,09:38:41,55853.8,55820.8,35,55852.4,35,0,28875
BANKNIFTY-III.NFO,30/04/2025,09:38:42,55853.8,55831.6,35,55852.2,175,0,28875
BANKNIFTY-III.NFO,30/04/2025,09:38:44,55853.8,55831.6,35,55848.6,35,0,28875
BANKNIFTY-III.NFO,30/04/2025,09:38:46,55831.6,55808.6,35,55840.4,210,35,28875
BANKNIFTY-III.NFO,30/04/2025,09:38:47,55831.6,55808.6,35,55840.4,35,0,28875
BANKNIFTY-III.NFO,30/04/2025,09:39:02,55831.6,55809.8,105,55845.2,35,0,28875
BANKNIFTY-III.NFO,30/04/2025,09:39:06,55831.6,55809.8,35,55845.2,35,0,28875
BANKNIFTY-III.NFO,30/04/2025,09:39:16,55831.6,55810.2,140,55845.2,35,0,28875
BANKNIFTY-III.NFO,30/04/2025,09:39:17,55831.6,55812.2,35,55845.2,35,0,28875
BANKNIFTY-III.NFO,30/04/2025,09:39:18,55831.6,55812.2,35,55831.6,35,0,28875
BANKNIFTY-III.NFO,30/04/2025,09:39:22,55831.6,55808.6,35,55831.6,70,0,28875
BANKNIFTY-III.NFO,30/04/2025,09:39:26,55831.6,55812.6,35,55831.6,35,0,28875
BANKNIFTY-III.NFO,30/04/2025,09:39:28,55831.6,55812.6,35,55848.6,35,70,28875
BANKNIFTY-III.NFO,30/04/2025,09:39:29,55831.6,55812.6,35,55848.6,35,0,28875
BANKNIFTY-III.NFO,30/04/2025,09:39:31,55831.6,55821.6,35,55850,35,0,28875
BANKNIFTY-III.NFO,30/04/2025,09:39:32,55831.6,55823.8,35,55850,70,0,28875
BANKNIFTY-III.NFO,30/04/2025,09:39:33,55831.6,55824.2,70,55850,70,0,28875
BANKNIFTY-III.NFO,30/04/2025,09:39:34,55831.6,55826,35,55850,35,0,28875
BANKNIFTY-III.NFO,30/04/2025,09:39:36,55831.6,55832.8,35,55850,35,0,28875
BANKNIFTY-III.NFO,30/04/2025,09:39:37,55850,55843.6,35,55854,70,35,28945
BANKNIFTY-III.NFO,30/04/2025,09:39:38,55850,55843.6,35,55854,70,0,28945
BANKNIFTY-III.NFO,30/04/2025,09:39:41,55850,55831.8,35,55854,105,0,28945
BANKNIFTY-III.NFO,30/04/2025,09:39:42,55850,55831.8,35,55854,70,0,28945
BANKNIFTY-III.NFO,30/04/2025,09:39:43,55850,55833.2,35,55854,70,0,28945
BANKNIFTY-III.NFO,30/04/2025,09:39:47,55854,55833.2,35,55854,35,35,28945
BANKNIFTY-III.NFO,30/04/2025,09:39:47,55854,55833.2,35,55854,35,0,28945
BANKNIFTY-III.NFO,30/04/2025,09:39:48,55854,55833.2,35,55854,35,0,28945
BANKNIFTY-III.NFO,30/04/2025,09:39:49,55854,55833.8,35,55854,35,0,28945
BANKNIFTY-III.NFO,30/04/2025,09:39:52,55854,55843.2,35,55854,35,0,28945
BANKNIFTY-III.NFO,30/04/2025,09:39:54,55854,55849,245,55885.8,35,35,28945
BANKNIFTY-III.NFO,30/04/2025,09:39:56,55854,55861.6,35,55899.8,35,0,28945
BANKNIFTY-III.NFO,30/04/2025,09:39:57,55854,55862.2,35,55902.2,35,0,28945
BANKNIFTY-III.NFO,30/04/2025,09:39:58,55854,55863.6,35,55905.2,35,0,28945
BANKNIFTY-III.NFO,30/04/2025,09:39:59,55854,55868.6,35,55908.2,35,0,28945
BANKNIFTY-III.NFO,30/04/2025,09:40:01,55854,55874.4,35,55915.2,35,0,28945
BANKNIFTY-III.NFO,30/04/2025,09:40:02,55854,55874.2,35,55915.2,35,0,28945
BANKNIFTY-III.NFO,30/04/2025,09:40:05,55854,55874.2,35,55909.2,210,0,28945
BANKNIFTY-III.NFO,30/04/2025,09:40:06,55854,55864.6,35,55899,35,0,28945
BANKNIFTY-III.NFO,30/04/2025,09:40:11,55854,55864.8,35,55899,35,0,28945
BANKNIFTY-III.NFO,30/04/2025,09:40:13,55854,55864.6,35,55899,35,0,28945
BANKNIFTY-III.NFO,30/04/2025,09:40:15,55854,55864.8,35,55899,35,0,28945
BANKNIFTY-III.NFO,30/04/2025,09:40:17,55854,55867.6,35,55909.2,35,0,28945
BANKNIFTY-III.NFO,30/04/2025,09:40:18,55854,55871.8,35,55909.2,35,0,28945
BANKNIFTY-III.NFO,30/04/2025,09:40:20,55854,55877.2,35,55912.4,35,0,28945
BANKNIFTY-III.NFO,30/04/2025,09:40:22,55854,55877,35,55912.4,35,0,28945
BANKNIFTY-III.NFO,30/04/2025,09:40:23,55854,55872.2,35,55909.2,210,0,28945
BANKNIFTY-III.NFO,30/04/2025,09:40:25,55854,55872.2,35,55909.2,35,0,28945
BANKNIFTY-III.NFO,30/04/2025,09:40:26,55854,55869.4,35,55906.4,210,0,28945
BANKNIFTY-III.NFO,30/04/2025,09:40:27,55854,55868.2,35,55903.4,210,0,28945
BANKNIFTY-III.NFO,30/04/2025,09:40:28,55854,55860.8,35,55896.4,210,0,28945
BANKNIFTY-III.NFO,30/04/2025,09:40:30,55854,55860.8,35,55896.4,35,0,28945
BANKNIFTY-III.NFO,30/04/2025,09:40:31,55854,55849.6,35,55883.6,35,0,28945
BANKNIFTY-III.NFO,30/04/2025,09:40:33,55854,55849.6,35,55888.6,35,0,28945
BANKNIFTY-III.NFO,30/04/2025,09:40:51,55854,55844.6,35,55878.6,210,0,28945
BANKNIFTY-III.NFO,30/04/2025,09:40:52,55854,55844.8,35,55878.6,210,0,28945
BANKNIFTY-III.NFO,30/04/2025,09:40:56,55854,55843.2,35,55878.6,210,0,28945
BANKNIFTY-III.NFO,30/04/2025,09:40:58,55854,55843.2,35,55878.6,35,0,28945
BANKNIFTY-III.NFO,30/04/2025,09:41:05,55854,55841.8,35,55877,210,0,28945
BANKNIFTY-III.NFO,30/04/2025,09:41:06,55854,55837.8,35,55871.4,210,0,28945
BANKNIFTY-III.NFO,30/04/2025,09:41:07,55854,55836.8,35,55868.4,210,0,28945
BANKNIFTY-III.NFO,30/04/2025,09:41:08,55854,55833.2,35,55865.4,210,0,28945
BANKNIFTY-III.NFO,30/04/2025,09:41:10,55854,55822.4,35,55856.4,35,0,28945
BANKNIFTY-III.NFO,30/04/2025,09:41:11,55854,55819.8,35,55849,210,0,28945
BANKNIFTY-III.NFO,30/04/2025,09:41:12,55854,55818.6,35,55847.8,35,0,28945
BANKNIFTY-III.NFO,30/04/2025,09:41:13,55854,55814.4,35,55847.8,35,0,28945
BANKNIFTY-III.NFO,30/04/2025,09:41:15,55854,55812.6,35,55842.8,35,0,28945
BANKNIFTY-III.NFO,30/04/2025,09:41:22,55854,55812.6,35,55847.8,35,0,28945
BANKNIFTY-III.NFO,30/04/2025,09:41:30,55854,55812.6,35,55847.8,210,0,28945
BANKNIFTY-III.NFO,30/04/2025,09:41:31,55854,55812.6,35,55847.8,35,0,28945
BANKNIFTY-III.NFO,30/04/2025,09:41:36,55854,55812.6,35,55845.4,175,0,28945
BANKNIFTY-III.NFO,30/04/2025,09:41:37,55854,55811.8,35,55845.4,210,0,28945
BANKNIFTY-III.NFO,30/04/2025,09:41:39,55854,55811.8,35,55845.4,35,0,28945
BANKNIFTY-III.NFO,30/04/2025,09:41:40,55854,55809.2,35,55840.2,35,0,28945
BANKNIFTY-III.NFO,30/04/2025,09:41:41,55854,55808,35,55838.2,35,0,28945
BANKNIFTY-III.NFO,30/04/2025,09:41:44,55854,55801.6,35,55832.8,210,0,28945
BANKNIFTY-III.NFO,30/04/2025,09:41:45,55854,55800.4,35,55831.2,210,0,28945
BANKNIFTY-III.NFO,30/04/2025,09:41:46,55854,55789.6,35,55819,175,0,28945
BANKNIFTY-III.NFO,30/04/2025,09:41:47,55854,55789.6,35,55819.2,35,0,28945
BANKNIFTY-III.NFO,30/04/2025,09:41:49,55854,55788.8,35,55818.2,35,0,28945
BANKNIFTY-III.NFO,30/04/2025,09:41:52,55854,55788.8,35,55822.2,35,0,28945
BANKNIFTY-III.NFO,30/04/2025,09:42:00,55854,55788.8,35,55828.2,35,0,28945
BANKNIFTY-III.NFO,30/04/2025,09:42:14,55788.8,55788.8,35,55828,35,35,28945
BANKNIFTY-III.NFO,30/04/2025,09:42:16,55788.8,55788.8,35,55828,35,0,28945
BANKNIFTY-III.NFO,30/04/2025,09:42:17,55788.8,55793.4,35,55831.2,35,0,28945
BANKNIFTY-III.NFO,30/04/2025,09:42:18,55788.8,55793.4,35,55831,35,0,28945
BANKNIFTY-III.NFO,30/04/2025,09:42:34,55788.8,55794.4,35,55832.2,35,0,28945
BANKNIFTY-III.NFO,30/04/2025,09:42:35,55788.8,55794.4,35,55832.6,35,0,28945
BANKNIFTY-III.NFO,30/04/2025,09:42:38,55788.8,55794.4,35,55834.4,35,0,28945
BANKNIFTY-III.NFO,30/04/2025,09:42:39,55788.8,55800.2,35,55837.2,35,0,28945
BANKNIFTY-III.NFO,30/04/2025,09:42:40,55788.8,55804.2,35,55841.6,35,0,28945
BANKNIFTY-III.NFO,30/04/2025,09:42:41,55788.8,55808.8,35,55844.4,35,0,28945
BANKNIFTY-III.NFO,30/04/2025,09:42:49,55788.8,55808.6,35,55844.4,35,0,28945
BANKNIFTY-III.NFO,30/04/2025,09:42:51,55788.8,55808.6,35,55841.8,35,0,28945
BANKNIFTY-III.NFO,30/04/2025,09:42:56,55788.8,55805.4,35,55839.2,35,0,28945
BANKNIFTY-III.NFO,30/04/2025,09:42:57,55788.8,55802,35,55836.2,35,0,28945
BANKNIFTY-III.NFO,30/04/2025,09:43:02,55788.8,55792.6,35,55824.6,35,0,28945
BANKNIFTY-III.NFO,30/04/2025,09:43:03,55788.8,55792.4,35,55824.6,35,0,28945
BANKNIFTY-III.NFO,30/04/2025,09:43:05,55788.8,55790.2,35,55822.6,35,0,28945
BANKNIFTY-III.NFO,30/04/2025,09:43:08,55788.8,55790,35,55822.6,35,0,28945
BANKNIFTY-III.NFO,30/04/2025,09:43:09,55788.8,55788.8,70,55821.2,210,0,28945
BANKNIFTY-III.NFO,30/04/2025,09:43:10,55788.8,55789,35,55821.2,35,0,28945
BANKNIFTY-III.NFO,30/04/2025,09:43:14,55788.8,55788.8,70,55821.2,35,0,28945
BANKNIFTY-III.NFO,30/04/2025,09:43:15,55788.8,55789,35,55821.2,35,0,28945
BANKNIFTY-III.NFO,30/04/2025,09:43:17,55788.8,55788.8,70,55821.2,35,0,28945
BANKNIFTY-III.NFO,30/04/2025,09:43:19,55788.8,55788.8,35,55818.4,35,0,28945
BANKNIFTY-III.NFO,30/04/2025,09:43:20,55788.8,55788.8,70,55815.4,35,0,28945
BANKNIFTY-III.NFO,30/04/2025,09:43:21,55788.8,55788.8,35,55812.6,35,0,28945
BANKNIFTY-III.NFO,30/04/2025,09:43:22,55788.8,55788.8,35,55809.6,35,0,28945
BANKNIFTY-III.NFO,30/04/2025,09:43:23,55788.8,55765.6,35,55797.6,35,35,28875
BANKNIFTY-III.NFO,30/04/2025,09:43:25,55788.8,55762.6,35,55794.6,35,0,28875
BANKNIFTY-III.NFO,30/04/2025,09:43:26,55788.8,55759.6,35,55790.8,35,0,28875
BANKNIFTY-III.NFO,30/04/2025,09:43:27,55788.8,55757.8,35,55790.8,35,0,28875
BANKNIFTY-III.NFO,30/04/2025,09:43:28,55788.8,55756.6,35,55788.6,35,0,28875
BANKNIFTY-III.NFO,30/04/2025,09:43:34,55788.8,55756.6,35,55787.8,35,0,28875
BANKNIFTY-III.NFO,30/04/2025,09:43:37,55788.8,55755,35,55787.4,70,0,28875
BANKNIFTY-III.NFO,30/04/2025,09:43:39,55788.8,55753.6,35,55784.4,35,0,28875
BANKNIFTY-III.NFO,30/04/2025,09:43:42,55788.8,55750.6,35,55783.8,35,0,28875
BANKNIFTY-III.NFO,30/04/2025,09:43:44,55788.8,55751,70,55783.8,35,0,28875
BANKNIFTY-III.NFO,30/04/2025,09:43:45,55788.8,55757.2,70,55783.8,35,0,28875
BANKNIFTY-III.NFO,30/04/2025,09:43:47,55788.8,55757.2,70,55784,35,0,28875
BANKNIFTY-III.NFO,30/04/2025,09:43:49,55788.8,55757.2,70,55783.8,35,0,28875
BANKNIFTY-III.NFO,30/04/2025,09:43:50,55788.8,55757.2,70,55784,35,0,28875
BANKNIFTY-III.NFO,30/04/2025,09:43:52,55788.8,55757.2,70,55788,35,0,28875
BANKNIFTY-III.NFO,30/04/2025,09:43:56,55788.8,55757.2,70,55787.8,35,0,28875
BANKNIFTY-III.NFO,30/04/2025,09:43:57,55788.8,55757.2,70,55788,35,0,28875
BANKNIFTY-III.NFO,30/04/2025,09:44:01,55788.8,55757.2,70,55787.8,35,0,28875
BANKNIFTY-III.NFO,30/04/2025,09:44:02,55788.8,55757.2,70,55788,35,0,28875
BANKNIFTY-III.NFO,30/04/2025,09:44:03,55788.8,55758,105,55788.8,70,0,28875
BANKNIFTY-III.NFO,30/04/2025,09:44:05,55788.8,55760.8,70,55788.8,35,0,28875
BANKNIFTY-III.NFO,30/04/2025,09:44:06,55788.8,55762,70,55788.8,35,0,28875
BANKNIFTY-III.NFO,30/04/2025,09:44:07,55788.8,55763,35,55788.8,35,0,28875
BANKNIFTY-III.NFO,30/04/2025,09:44:08,55788.8,55771,35,55803.8,35,35,28875
BANKNIFTY-III.NFO,30/04/2025,09:44:10,55788.8,55773.8,35,55808,35,0,28875
BANKNIFTY-III.NFO,30/04/2025,09:44:11,55788.8,55773.8,105,55808,35,0,28875
BANKNIFTY-III.NFO,30/04/2025,09:44:12,55788.8,55774.6,35,55811,35,0,28875
BANKNIFTY-III.NFO,30/04/2025,09:44:13,55788.8,55774.6,35,55810.8,35,0,28875
BANKNIFTY-III.NFO,30/04/2025,09:44:15,55788.8,55774.4,35,55810.8,35,0,28875
BANKNIFTY-III.NFO,30/04/2025,09:44:30,55788.8,55775.4,70,55811.2,35,0,28875
BANKNIFTY-III.NFO,30/04/2025,09:44:31,55788.8,55778.6,105,55813.8,35,0,28875
BANKNIFTY-III.NFO,30/04/2025,09:44:32,55788.8,55779.8,35,55814.6,35,0,28875
BANKNIFTY-III.NFO,30/04/2025,09:44:33,55788.8,55783,70,55818.4,35,0,28875
BANKNIFTY-III.NFO,30/04/2025,09:44:35,55788.8,55787.4,70,55822.6,35,0,28875
BANKNIFTY-III.NFO,30/04/2025,09:44:40,55788.8,55787.6,35,55822.6,35,0,28875
BANKNIFTY-III.NFO,30/04/2025,09:45:04,55788.8,55788.4,105,55823.4,35,0,28875
BANKNIFTY-III.NFO,30/04/2025,09:45:06,55788.8,55796.8,35,55829.2,35,0,28875
BANKNIFTY-III.NFO,30/04/2025,09:45:07,55788.8,55805.6,35,55838,35,0,28875
BANKNIFTY-III.NFO,30/04/2025,09:45:09,55788.8,55810.6,70,55843.6,35,0,28875
BANKNIFTY-III.NFO,30/04/2025,09:45:11,55788.8,55813,35,55845.2,35,0,28875
BANKNIFTY-III.NFO,30/04/2025,09:45:12,55788.8,55815,35,55846,35,0,28875
BANKNIFTY-III.NFO,30/04/2025,09:45:14,55788.8,55820.6,70,55854.6,35,0,28875
BANKNIFTY-III.NFO,30/04/2025,09:45:15,55788.8,55826.6,35,55855.6,35,0,28875
BANKNIFTY-III.NFO,30/04/2025,09:45:17,55788.8,55831,35,55860.4,35,0,28875
BANKNIFTY-III.NFO,30/04/2025,09:45:19,55788.8,55831.4,70,55863.2,35,0,28875
BANKNIFTY-III.NFO,30/04/2025,09:45:20,55788.8,55835.6,35,55863.8,35,0,28875
BANKNIFTY-III.NFO,30/04/2025,09:45:23,55788.8,55835.4,35,55863.8,35,0,28875
BANKNIFTY-III.NFO,30/04/2025,09:45:27,55788.8,55826.6,35,55863.8,35,0,28875
BANKNIFTY-III.NFO,30/04/2025,09:45:40,55788.8,55828.8,35,55863.8,35,0,28875
BANKNIFTY-III.NFO,30/04/2025,09:45:47,55788.8,55830.2,35,55863.8,35,0,28875
BANKNIFTY-III.NFO,30/04/2025,09:45:55,55788.8,55831,35,55863.8,35,0,28875
BANKNIFTY-III.NFO,30/04/2025,09:46:01,55788.8,55830.8,140,55863.8,35,0,28875
BANKNIFTY-III.NFO,30/04/2025,09:46:02,55788.8,55831,35,55863.8,35,0,28875
BANKNIFTY-III.NFO,30/04/2025,09:46:03,55788.8,55830.8,140,55863.8,35,0,28875
BANKNIFTY-III.NFO,30/04/2025,09:46:05,55788.8,55830.8,105,55857,35,0,28875
BANKNIFTY-III.NFO,30/04/2025,09:46:06,55788.8,55825.8,35,55857,35,0,28875
BANKNIFTY-III.NFO,30/04/2025,09:46:08,55788.8,55820.6,35,55854,35,0,28875
BANKNIFTY-III.NFO,30/04/2025,09:46:11,55788.8,55818.2,35,55851,35,0,28875
BANKNIFTY-III.NFO,30/04/2025,09:46:12,55788.8,55811.6,35,55843,35,0,28875
BANKNIFTY-III.NFO,30/04/2025,09:46:14,55788.8,55810,35,55842.2,35,0,28875
BANKNIFTY-III.NFO,30/04/2025,09:46:19,55788.8,55810.2,35,55842.2,35,0,28875
BANKNIFTY-III.NFO,30/04/2025,09:46:20,55788.8,55808.6,35,55841.6,35,0,28875
BANKNIFTY-III.NFO,30/04/2025,09:46:24,55788.8,55808.8,35,55841.6,35,0,28875
BANKNIFTY-III.NFO,30/04/2025,09:46:26,55788.8,55808.6,35,55840.8,35,0,28875
BANKNIFTY-III.NFO,30/04/2025,09:46:27,55788.8,55808.8,35,55840,35,0,28875
BANKNIFTY-III.NFO,30/04/2025,09:46:37,55788.8,55804.6,35,55833.6,35,0,28875
BANKNIFTY-III.NFO,30/04/2025,09:46:39,55788.8,55804.4,35,55833.6,35,0,28875
BANKNIFTY-III.NFO,30/04/2025,09:46:40,55788.8,55802.4,35,55831.4,35,0,28875
BANKNIFTY-III.NFO,30/04/2025,09:46:41,55788.8,55805.2,35,55831.4,35,0,28875
BANKNIFTY-III.NFO,30/04/2025,09:46:50,55788.8,55805.2,35,55831.6,35,0,28875
BANKNIFTY-III.NFO,30/04/2025,09:46:51,55788.8,55805.2,35,55836.8,35,0,28875
BANKNIFTY-III.NFO,30/04/2025,09:46:53,55788.8,55806.4,35,55840.2,35,0,28875
BANKNIFTY-III.NFO,30/04/2025,09:46:55,55788.8,55807.4,70,55841,35,0,28875
BANKNIFTY-III.NFO,30/04/2025,09:46:57,55788.8,55811.8,35,55843.8,35,0,28875
BANKNIFTY-III.NFO,30/04/2025,09:46:58,55788.8,55812.6,35,55846.8,35,0,28875
BANKNIFTY-III.NFO,30/04/2025,09:47:01,55788.8,55812.6,35,55846.6,35,0,28875
BANKNIFTY-III.NFO,30/04/2025,09:47:02,55788.8,55812.6,35,55846.8,35,0,28875
BANKNIFTY-III.NFO,30/04/2025,09:47:04,55788.8,55815.4,105,55847.4,35,0,28875
BANKNIFTY-III.NFO,30/04/2025,09:47:06,55788.8,55822,35,55849.2,35,0,28875
BANKNIFTY-III.NFO,30/04/2025,09:47:08,55788.8,55823.6,35,55851.2,35,0,28875
BANKNIFTY-III.NFO,30/04/2025,09:47:10,55788.8,55823.6,35,55855.8,35,0,28875
BANKNIFTY-III.NFO,30/04/2025,09:47:16,55788.8,55826.8,105,55861.2,35,0,28875
BANKNIFTY-III.NFO,30/04/2025,09:47:18,55788.8,55837.4,70,55873.8,35,0,28875
BANKNIFTY-III.NFO,30/04/2025,09:47:19,55788.8,55837.6,35,55873.6,35,0,28875
BANKNIFTY-III.NFO,30/04/2025,09:47:21,55788.8,55838.2,35,55873.8,35,0,28875
BANKNIFTY-III.NFO,30/04/2025,09:47:23,55788.8,55841.2,35,55874.4,35,0,28875
BANKNIFTY-III.NFO,30/04/2025,09:47:24,55788.8,55852.8,35,55879.4,35,0,28875
BANKNIFTY-III.NFO,30/04/2025,09:47:26,55788.8,55852.8,35,55883.6,35,0,28875
BANKNIFTY-III.NFO,30/04/2025,09:47:27,55788.8,55852.8,35,55883.4,35,0,28875
BANKNIFTY-III.NFO,30/04/2025,09:47:41,55788.8,55853.2,70,55883.4,35,0,28875
BANKNIFTY-III.NFO,30/04/2025,09:47:46,55788.8,55853.4,35,55883.4,35,0,28875
BANKNIFTY-III.NFO,30/04/2025,09:47:47,55788.8,55853.2,35,55883.4,35,0,28875
BANKNIFTY-III.NFO,30/04/2025,09:47:52,55788.8,55853.4,35,55883.4,35,0,28875
BANKNIFTY-III.NFO,30/04/2025,09:48:00,55788.8,55853.4,35,55886.8,35,0,28875
BANKNIFTY-III.NFO,30/04/2025,09:48:03,55788.8,55854,35,55887.4,35,0,28875
BANKNIFTY-III.NFO,30/04/2025,09:48:04,55788.8,55854.4,70,55888,35,0,28875
BANKNIFTY-III.NFO,30/04/2025,09:48:07,55788.8,55854.8,35,55888,35,0,28875
BANKNIFTY-III.NFO,30/04/2025,09:48:08,55788.8,55854.6,35,55888,35,0,28875
BANKNIFTY-III.NFO,30/04/2025,09:48:25,55788.8,55855.6,35,55890.4,35,0,28875
BANKNIFTY-III.NFO,30/04/2025,09:48:27,55788.8,55871.4,35,55901.8,35,0,28875
BANKNIFTY-III.NFO,30/04/2025,09:48:29,55788.8,55873.6,35,55904.8,35,0,28875
BANKNIFTY-III.NFO,30/04/2025,09:48:30,55788.8,55886,35,55916.6,35,0,28875
BANKNIFTY-III.NFO,30/04/2025,09:48:33,55788.8,55886,35,55918.4,35,0,28875
BANKNIFTY-III.NFO,30/04/2025,09:48:34,55788.8,55888.4,35,55918.4,35,0,28875
BANKNIFTY-III.NFO,30/04/2025,09:48:35,55788.8,55889,35,55918.4,35,0,28875
BANKNIFTY-III.NFO,30/04/2025,09:48:37,55788.8,55889,35,55918.6,35,0,28875
BANKNIFTY-III.NFO,30/04/2025,09:48:38,55788.8,55890.4,35,55920.2,35,0,28875
BANKNIFTY-III.NFO,30/04/2025,09:48:39,55788.8,55893.6,70,55927.2,35,0,28875
BANKNIFTY-III.NFO,30/04/2025,09:48:40,55788.8,55900.4,35,55927.6,35,0,28875
BANKNIFTY-III.NFO,30/04/2025,09:48:44,55788.8,55900.4,35,55932.4,35,0,28875
BANKNIFTY-III.NFO,30/04/2025,09:48:45,55788.8,55901.4,35,55932.4,35,0,28875
BANKNIFTY-III.NFO,30/04/2025,09:48:46,55788.8,55902.2,35,55932.8,35,0,28875
BANKNIFTY-III.NFO,30/04/2025,09:48:48,55788.8,55902.2,245,55937.6,35,0,28875
BANKNIFTY-III.NFO,30/04/2025,09:48:49,55788.8,55909.2,35,55938.8,35,0,28875
BANKNIFTY-III.NFO,30/04/2025,09:48:50,55788.8,55913.2,35,55940.4,35,0,28875
BANKNIFTY-III.NFO,30/04/2025,09:48:51,55788.8,55913.6,70,55942.2,35,0,28875
BANKNIFTY-III.NFO,30/04/2025,09:48:52,55788.8,55913.6,280,55943.6,35,0,28875
BANKNIFTY-III.NFO,30/04/2025,09:48:54,55788.8,55921.2,35,55947.6,35,0,28875
BANKNIFTY-III.NFO,30/04/2025,09:48:55,55788.8,55921.2,35,55947.4,35,0,28875
BANKNIFTY-III.NFO,30/04/2025,09:48:57,55788.8,55921,35,55947.4,35,0,28875
BANKNIFTY-III.NFO,30/04/2025,09:48:59,55788.8,55915.8,35,55947.4,35,0,28875
BANKNIFTY-III.NFO,30/04/2025,09:49:03,55788.8,55916,35,55947.4,35,0,28875
BANKNIFTY-III.NFO,30/04/2025,09:49:20,55788.8,55915.8,35,55947.4,35,0,28875
BANKNIFTY-III.NFO,30/04/2025,09:49:21,55788.8,55916,35,55947.4,35,0,28875
BANKNIFTY-III.NFO,30/04/2025,09:49:29,55788.8,55916.8,35,55951.6,35,0,28875
BANKNIFTY-III.NFO,30/04/2025,09:49:31,55788.8,55919.6,35,55955,35,0,28875
BANKNIFTY-III.NFO,30/04/2025,09:49:33,55788.8,55921.8,35,55955,35,0,28875
BANKNIFTY-III.NFO,30/04/2025,09:49:38,55788.8,55924,35,55955,35,0,28875
BANKNIFTY-III.NFO,30/04/2025,09:49:40,55788.8,55933.6,35,55962.6,35,0,28875
BANKNIFTY-III.NFO,30/04/2025,09:49:41,55788.8,55933.6,35,55965.2,35,0,28875
BANKNIFTY-III.NFO,30/04/2025,09:49:46,55788.8,55940,35,55968.8,35,0,28875
BANKNIFTY-III.NFO,30/04/2025,09:49:47,55788.8,55942.2,35,55972.8,70,0,28875
BANKNIFTY-III.NFO,30/04/2025,09:49:56,55788.8,55940,35,55972.8,70,0,28875
BANKNIFTY-III.NFO,30/04/2025,09:49:58,55972.8,55936,35,55973,35,70,28875
BANKNIFTY-III.NFO,30/04/2025,09:49:58,55972.8,55936,35,55973,35,0,28875
BANKNIFTY-III.NFO,30/04/2025,09:49:59,55972.8,55936.2,35,55973,35,0,28875
BANKNIFTY-III.NFO,30/04/2025,09:50:14,55972.8,55936,35,55973,35,0,28875
BANKNIFTY-III.NFO,30/04/2025,09:50:15,55972.8,55933.4,35,55971,210,0,28875
BANKNIFTY-III.NFO,30/04/2025,09:50:17,55972.8,55933.4,35,55971,35,0,28875
BANKNIFTY-III.NFO,30/04/2025,09:50:19,55972.8,55933.4,35,55968.2,35,0,28875
BANKNIFTY-III.NFO,30/04/2025,09:50:20,55972.8,55933.4,35,55967.8,175,0,28875
BANKNIFTY-III.NFO,30/04/2025,09:50:21,55972.8,55927.2,35,55958.8,210,0,28875
BANKNIFTY-III.NFO,30/04/2025,09:50:23,55972.8,55920,35,55943,210,0,28875
BANKNIFTY-III.NFO,30/04/2025,09:50:24,55972.8,55920,35,55932.2,210,0,28875
BANKNIFTY-III.NFO,30/04/2025,09:50:25,55972.8,55920,35,55938.6,210,0,28875
BANKNIFTY-III.NFO,30/04/2025,09:50:26,55972.8,55920,70,55938.6,35,0,28875
BANKNIFTY-III.NFO,30/04/2025,09:50:28,55972.8,55915.2,35,55943,210,0,28875
BANKNIFTY-III.NFO,30/04/2025,09:50:29,55972.8,55915.2,35,55943,35,0,28875
BANKNIFTY-III.NFO,30/04/2025,09:50:30,55972.8,55915.4,35,55943,35,0,28875
BANKNIFTY-III.NFO,30/04/2025,09:50:34,55972.8,55915.4,35,55949.8,35,0,28875
BANKNIFTY-III.NFO,30/04/2025,09:50:42,55915.2,55914.8,35,55949.2,210,35,28875
BANKNIFTY-III.NFO,30/04/2025,09:50:43,55915.2,55913,35,55946.2,210,0,28875
BANKNIFTY-III.NFO,30/04/2025,09:50:45,55915.2,55912.8,35,55946.2,210,0,28875
BANKNIFTY-III.NFO,30/04/2025,09:50:46,55915.2,55913,35,55946.2,210,0,28875
BANKNIFTY-III.NFO,30/04/2025,09:50:47,55915.2,55913,35,55946.2,35,0,28875
BANKNIFTY-III.NFO,30/04/2025,09:50:50,55915.2,55910.6,35,55944.2,210,0,28875
BANKNIFTY-III.NFO,30/04/2025,09:50:52,55915.2,55909.8,35,55941.2,210,0,28875
BANKNIFTY-III.NFO,30/04/2025,09:50:53,55915.2,55908.2,35,55941.2,35,0,28875
BANKNIFTY-III.NFO,30/04/2025,09:50:55,55915.2,55907.8,35,55938.4,210,0,28875
BANKNIFTY-III.NFO,30/04/2025,09:50:56,55915.2,55905.2,35,55935.4,210,0,28875
BANKNIFTY-III.NFO,30/04/2025,09:51:00,55915.2,55895.6,35,55924.2,210,0,28875
BANKNIFTY-III.NFO,30/04/2025,09:51:01,55915.2,55895.6,35,55924.2,35,0,28875
BANKNIFTY-III.NFO,30/04/2025,09:51:03,55915.2,55894.4,35,55924.2,35,0,28875
BANKNIFTY-III.NFO,30/04/2025,09:51:04,55915.2,55892.2,35,55921.8,210,0,28875
BANKNIFTY-III.NFO,30/04/2025,09:51:05,55915.2,55892.2,35,55921.8,35,0,28875
BANKNIFTY-III.NFO,30/04/2025,09:51:11,55892.2,55892.2,35,55924.2,35,35,28875
BANKNIFTY-III.NFO,30/04/2025,09:51:12,55892.2,55892.2,35,55924.2,35,0,28875
BANKNIFTY-III.NFO,30/04/2025,09:51:16,55892.2,55892.2,35,55924,35,0,28875
BANKNIFTY-III.NFO,30/04/2025,09:51:18,55892.2,55892.2,35,55924.2,35,0,28875
BANKNIFTY-III.NFO,30/04/2025,09:51:19,55892.2,55892.2,35,55924,35,0,28875
BANKNIFTY-III.NFO,30/04/2025,09:51:20,55892.2,55892.2,35,55924.2,35,0,28875
BANKNIFTY-III.NFO,30/04/2025,09:51:37,55892.2,55892.2,35,55924,35,0,28875
BANKNIFTY-III.NFO,30/04/2025,09:51:38,55892.2,55892.2,35,55924.2,35,0,28875
BANKNIFTY-III.NFO,30/04/2025,09:51:44,55892.2,55892.2,35,55924,35,0,28875
BANKNIFTY-III.NFO,30/04/2025,09:51:48,55892.2,55892,35,55924,35,0,28875
BANKNIFTY-III.NFO,30/04/2025,09:51:50,55890.8,55882.2,35,55918.4,35,105,28910
BANKNIFTY-III.NFO,30/04/2025,09:51:52,55890.8,55882.2,35,55918.4,35,0,28910
BANKNIFTY-III.NFO,30/04/2025,09:51:53,55890.8,55880.6,35,55916.2,35,0,28910
BANKNIFTY-III.NFO,30/04/2025,09:51:54,55890.8,55874.8,35,55910.2,35,0,28910
BANKNIFTY-III.NFO,30/04/2025,09:51:55,55890.8,55874.6,35,55910.2,35,0,28910
BANKNIFTY-III.NFO,30/04/2025,09:51:57,55890.8,55874.8,35,55910.2,35,0,28910
BANKNIFTY-III.NFO,30/04/2025,09:51:59,55890.8,55874.6,35,55910.2,35,0,28910
BANKNIFTY-III.NFO,30/04/2025,09:52:00,55890.8,55874.8,35,55910.2,35,0,28910
BANKNIFTY-III.NFO,30/04/2025,09:52:12,55890.8,55870.2,35,55901,35,0,28910
BANKNIFTY-III.NFO,30/04/2025,09:52:13,55890.8,55870.4,35,55901,35,0,28910
BANKNIFTY-III.NFO,30/04/2025,09:52:14,55890.8,55868.8,35,55901,35,0,28910
BANKNIFTY-III.NFO,30/04/2025,09:52:16,55890.8,55868.2,35,55901,35,0,28910
BANKNIFTY-III.NFO,30/04/2025,09:52:18,55890.8,55868.2,35,55901.2,35,0,28910
BANKNIFTY-III.NFO,30/04/2025,09:52:19,55890.8,55868.2,35,55901,35,0,28910
BANKNIFTY-III.NFO,30/04/2025,09:52:22,55890.8,55868.2,35,55901.2,35,0,28910
BANKNIFTY-III.NFO,30/04/2025,09:52:23,55890.8,55868.2,35,55901,35,0,28910
BANKNIFTY-III.NFO,30/04/2025,09:52:31,55890.8,55866.6,35,55898.8,35,0,28910
BANKNIFTY-III.NFO,30/04/2025,09:52:35,55890.8,55866.6,35,55899,35,0,28910
BANKNIFTY-III.NFO,30/04/2025,09:52:38,55890.8,55866.6,35,55898.8,35,0,28910
BANKNIFTY-III.NFO,30/04/2025,09:52:39,55890.8,55866.6,35,55899,35,0,28910
BANKNIFTY-III.NFO,30/04/2025,09:52:44,55890.8,55890.8,35,55904.6,35,0,28910
BANKNIFTY-III.NFO,30/04/2025,09:52:45,55890.8,55890.8,35,55910.2,35,0,28910
BANKNIFTY-III.NFO,30/04/2025,09:52:46,55890.8,55891,70,55913.4,35,0,28910
BANKNIFTY-III.NFO,30/04/2025,09:52:51,55890.8,55891,70,55918.6,35,0,28910
BANKNIFTY-III.NFO,30/04/2025,09:52:54,55890.8,55891,70,55918.4,35,0,28910
BANKNIFTY-III.NFO,30/04/2025,09:52:56,55890.8,55891,70,55918.6,35,0,28910
BANKNIFTY-III.NFO,30/04/2025,09:53:03,55890.8,55891.8,35,55924,35,0,28910
BANKNIFTY-III.NFO,30/04/2025,09:53:04,55890.8,55895.4,35,55925.4,35,0,28910
BANKNIFTY-III.NFO,30/04/2025,09:53:06,55890.8,55897.2,35,55926.4,35,0,28910
BANKNIFTY-III.NFO,30/04/2025,09:53:09,55890.8,55902,105,55931.2,35,0,28910
BANKNIFTY-III.NFO,30/04/2025,09:53:13,55890.8,55902,105,55931,35,0,28910
BANKNIFTY-III.NFO,30/04/2025,09:53:15,55890.8,55902,105,55931.2,35,0,28910
BANKNIFTY-III.NFO,30/04/2025,09:53:17,55890.8,55905.2,35,55934.8,35,0,28910
BANKNIFTY-III.NFO,30/04/2025,09:53:18,55890.8,55907.6,35,55935.4,35,0,28910
BANKNIFTY-III.NFO,30/04/2025,09:53:20,55890.8,55907.6,35,55935.2,35,0,28910
BANKNIFTY-III.NFO,30/04/2025,09:53:21,55890.8,55907.6,35,55935.6,35,0,28910
BANKNIFTY-III.NFO,30/04/2025,09:53:30,55890.8,55908.8,105,55941.8,35,0,28910
BANKNIFTY-III.NFO,30/04/2025,09:53:31,55890.8,55913.2,35,55941.6,35,0,28910
BANKNIFTY-III.NFO,30/04/2025,09:53:32,55890.8,55921.2,35,55949.6,35,0,28910
BANKNIFTY-III.NFO,30/04/2025,09:53:33,55890.8,55921.2,35,55950.8,35,0,28910
BANKNIFTY-III.NFO,30/04/2025,09:53:35,55890.8,55922.6,35,55951.4,35,0,28910
BANKNIFTY-III.NFO,30/04/2025,09:53:42,55890.8,55922.4,35,55951.4,35,0,28910
BANKNIFTY-III.NFO,30/04/2025,09:53:51,55890.8,55922.6,35,55951.4,35,0,28910
BANKNIFTY-III.NFO,30/04/2025,09:54:08,55890.8,55922.4,35,55951.4,35,0,28910
BANKNIFTY-III.NFO,30/04/2025,09:54:16,55890.8,55922.6,35,55951.4,35,0,28910
BANKNIFTY-III.NFO,30/04/2025,09:54:17,55890.8,55922.4,35,55951.4,35,0,28910
BANKNIFTY-III.NFO,30/04/2025,09:54:20,55890.8,55913.2,35,55951.4,35,0,28910
BANKNIFTY-III.NFO,30/04/2025,09:54:23,55890.8,55910.8,35,55945.8,35,0,28910
BANKNIFTY-III.NFO,30/04/2025,09:54:25,55890.8,55908,35,55941,35,0,28910
BANKNIFTY-III.NFO,30/04/2025,09:54:26,55890.8,55908.2,35,55941,35,0,28910
BANKNIFTY-III.NFO,30/04/2025,09:54:39,55908,55908.4,35,55941,35,70,28910
BANKNIFTY-III.NFO,30/04/2025,09:54:41,55908,55908.8,70,55941.2,35,0,28910
BANKNIFTY-III.NFO,30/04/2025,09:54:43,55908,55910.4,35,55946,35,0,28910
BANKNIFTY-III.NFO,30/04/2025,09:54:44,55908,55912.6,35,55940,105,0,28910
BANKNIFTY-III.NFO,30/04/2025,09:54:46,55908,55912.6,35,55939.8,35,0,28910
BANKNIFTY-III.NFO,30/04/2025,09:54:57,55939.8,55910.4,35,55939.8,35,35,28910
BANKNIFTY-III.NFO,30/04/2025,09:54:58,55939.8,55910.4,35,55939.8,35,0,28910
BANKNIFTY-III.NFO,30/04/2025,09:55:02,55939.8,55909,35,55939.8,35,0,28910
BANKNIFTY-III.NFO,30/04/2025,09:55:09,55939.8,55905.4,35,55939.8,35,0,28910
BANKNIFTY-III.NFO,30/04/2025,09:55:11,55939.8,55902.4,35,55935.4,35,0,28910
BANKNIFTY-III.NFO,30/04/2025,09:55:12,55939.8,55898.8,35,55929.4,35,0,28910
BANKNIFTY-III.NFO,30/04/2025,09:55:13,55939.8,55895.2,35,55926.6,35,0,28910
BANKNIFTY-III.NFO,30/04/2025,09:55:14,55939.8,55891.2,35,55921,35,0,28910
BANKNIFTY-III.NFO,30/04/2025,09:55:17,55939.8,55891,35,55900,35,0,28910
BANKNIFTY-III.NFO,30/04/2025,09:55:18,55900,55891.2,35,55921,35,35,28910
BANKNIFTY-III.NFO,30/04/2025,09:55:19,55900,55891.2,35,55921,35,0,28910
BANKNIFTY-III.NFO,30/04/2025,09:55:23,55900,55891.2,35,55921.2,35,0,28910
BANKNIFTY-III.NFO,30/04/2025,09:55:24,55900,55891.2,35,55921,35,0,28910
BANKNIFTY-III.NFO,30/04/2025,09:55:27,55900,55891.2,35,55921.2,35,0,28910
BANKNIFTY-III.NFO,30/04/2025,09:55:28,55900,55891.2,35,55921,35,0,28910
BANKNIFTY-III.NFO,30/04/2025,09:55:29,55900,55891.2,35,55921.2,35,0,28910
BANKNIFTY-III.NFO,30/04/2025,09:55:32,55900,55891.2,35,55921,35,0,28910
BANKNIFTY-III.NFO,30/04/2025,09:55:33,55900,55891.2,35,55921.2,35,0,28910
BANKNIFTY-III.NFO,30/04/2025,09:55:34,55900,55891.2,35,55921,35,0,28910
BANKNIFTY-III.NFO,30/04/2025,09:55:42,55900,55891,35,55920,35,0,28910
BANKNIFTY-III.NFO,30/04/2025,09:55:44,55900,55891,35,55917,35,0,28910
BANKNIFTY-III.NFO,30/04/2025,09:55:45,55900,55891,35,55917.2,35,0,28910
BANKNIFTY-III.NFO,30/04/2025,09:55:46,55900,55900,70,55920,35,0,28910
BANKNIFTY-III.NFO,30/04/2025,09:55:47,55900,55900.2,70,55926.6,35,0,28910
BANKNIFTY-III.NFO,30/04/2025,09:55:50,55900,55900,35,55926.6,35,0,28910
BANKNIFTY-III.NFO,30/04/2025,09:55:51,55900,55900,35,55926.2,70,0,28910
BANKNIFTY-III.NFO,30/04/2025,09:55:52,55900,55900,35,55919.2,35,0,28910
BANKNIFTY-III.NFO,30/04/2025,09:55:53,55900,55900,35,55916.2,35,0,28910
BANKNIFTY-III.NFO,30/04/2025,09:55:55,55900,55900,35,55913.4,35,0,28910
BANKNIFTY-III.NFO,30/04/2025,09:55:56,55900,55890.8,35,55907.4,35,35,28910
BANKNIFTY-III.NFO,30/04/2025,09:55:57,55900,55890.8,35,55907.4,35,0,28910
BANKNIFTY-III.NFO,30/04/2025,09:55:58,55900,55890.8,35,55907.4,210,0,28910
BANKNIFTY-III.NFO,30/04/2025,09:56:00,55900,55890.8,35,55900.8,70,0,28910
BANKNIFTY-III.NFO,30/04/2025,09:56:01,55890.8,55859.4,35,55889.8,35,35,28910
BANKNIFTY-III.NFO,30/04/2025,09:56:02,55890.8,55859.4,35,55889.8,35,0,28910
BANKNIFTY-III.NFO,30/04/2025,09:56:05,55890.8,55856.2,35,55887.2,35,0,28910
BANKNIFTY-III.NFO,30/04/2025,09:56:06,55890.8,55853.8,35,55885,35,0,28910
BANKNIFTY-III.NFO,30/04/2025,09:56:07,55890.8,55853.8,35,55885.2,35,0,28910
BANKNIFTY-III.NFO,30/04/2025,09:56:10,55890.8,55853.8,105,55885.2,35,0,28910
BANKNIFTY-III.NFO,30/04/2025,09:56:11,55890.8,55859.2,35,55894.4,35,0,28910
BANKNIFTY-III.NFO,30/04/2025,09:56:18,55890.8,55859.2,35,55894.6,35,0,28910
BANKNIFTY-III.NFO,30/04/2025,09:56:21,55890.8,55859.6,70,55894.6,35,0,28910
BANKNIFTY-III.NFO,30/04/2025,09:56:22,55890.8,55862.6,35,55897.6,35,0,28910
BANKNIFTY-III.NFO,30/04/2025,09:56:23,55890.8,55862.6,35,55897.4,35,0,28910
BANKNIFTY-III.NFO,30/04/2025,09:56:27,55890.8,55862.6,35,55896,35,0,28910
BANKNIFTY-III.NFO,30/04/2025,09:56:28,55890.8,55862.8,35,55893,35,0,28910
BANKNIFTY-III.NFO,30/04/2025,09:56:29,55890.8,55861,35,55890.6,35,0,28910
BANKNIFTY-III.NFO,30/04/2025,09:56:30,55890.8,55858.4,35,55886.8,35,0,28910
BANKNIFTY-III.NFO,30/04/2025,09:56:32,55890.8,55853.2,35,55880.6,35,0,28910
BANKNIFTY-III.NFO,30/04/2025,09:56:34,55890.8,55851.4,35,55880.6,35,0,28910
BANKNIFTY-III.NFO,30/04/2025,09:56:36,55890.8,55850.2,35,55880.6,35,0,28910
BANKNIFTY-III.NFO,30/04/2025,09:56:37,55890.8,55846.4,35,55876.8,35,0,28910
BANKNIFTY-III.NFO,30/04/2025,09:56:38,55890.8,55846.6,35,55876.8,35,0,28910
BANKNIFTY-III.NFO,30/04/2025,09:56:41,55890.8,55844.8,35,55874,35,0,28910
BANKNIFTY-III.NFO,30/04/2025,09:56:49,55890.8,55841.8,35,55870.4,35,0,28910
BANKNIFTY-III.NFO,30/04/2025,09:56:52,55890.8,55836.8,35,55864.4,35,0,28910
BANKNIFTY-III.NFO,30/04/2025,09:56:53,55890.8,55834.2,35,55861.4,35,0,28910
BANKNIFTY-III.NFO,30/04/2025,09:56:54,55890.8,55832.4,35,55858.4,35,0,28910
BANKNIFTY-III.NFO,30/04/2025,09:56:56,55890.8,55828.6,35,55855.4,35,0,28910
BANKNIFTY-III.NFO,30/04/2025,09:56:57,55890.8,55816.8,35,55843.2,35,0,28910
BANKNIFTY-III.NFO,30/04/2025,09:57:03,55890.8,55814.6,35,55840.8,35,0,28910
BANKNIFTY-III.NFO,30/04/2025,09:57:11,55890.8,55814.6,35,55846.4,35,0,28910
BANKNIFTY-III.NFO,30/04/2025,09:57:18,55890.8,55814.6,35,55846.2,35,0,28910
BANKNIFTY-III.NFO,30/04/2025,09:57:23,55890.8,55814.6,35,55846.4,35,0,28910
BANKNIFTY-III.NFO,30/04/2025,09:57:28,55890.8,55818.4,35,55852.4,35,0,28910
BANKNIFTY-III.NFO,30/04/2025,09:57:29,55890.8,55820.8,35,55855.6,35,0,28910
BANKNIFTY-III.NFO,30/04/2025,09:57:34,55890.8,55820.8,105,55855.6,35,0,28910
BANKNIFTY-III.NFO,30/04/2025,09:57:36,55890.8,55822,35,55855.4,35,0,28910
BANKNIFTY-III.NFO,30/04/2025,09:57:38,55890.8,55822,35,55855.6,35,0,28910
BANKNIFTY-III.NFO,30/04/2025,09:57:39,55890.8,55824.6,35,55858.6,35,0,28910
BANKNIFTY-III.NFO,30/04/2025,09:57:42,55890.8,55827.8,35,55861,35,0,28910
BANKNIFTY-III.NFO,30/04/2025,09:57:43,55890.8,55829.2,35,55860.8,35,0,28910
BANKNIFTY-III.NFO,30/04/2025,09:57:49,55890.8,55830.2,35,55861.6,35,0,28910
BANKNIFTY-III.NFO,30/04/2025,09:57:51,55890.8,55835,35,55864.6,35,0,28910
BANKNIFTY-III.NFO,30/04/2025,09:57:52,55890.8,55835,35,55870.4,35,0,28910
BANKNIFTY-III.NFO,30/04/2025,09:57:53,55890.8,55837.2,35,55870.4,35,0,28910
BANKNIFTY-III.NFO,30/04/2025,09:57:59,55890.8,55837,35,55870.4,35,0,28910
BANKNIFTY-III.NFO,30/04/2025,09:58:01,55890.8,55837.2,35,55870.4,35,0,28910
BANKNIFTY-III.NFO,30/04/2025,09:58:09,55890.8,55837,35,55870.4,35,0,28910
BANKNIFTY-III.NFO,30/04/2025,09:58:11,55890.8,55837,35,55869.2,35,0,28910
BANKNIFTY-III.NFO,30/04/2025,09:58:12,55890.8,55830,35,55861,35,0,28910
BANKNIFTY-III.NFO,30/04/2025,09:58:13,55890.8,55829,35,55858,35,0,28910
BANKNIFTY-III.NFO,30/04/2025,09:58:14,55890.8,55824.4,35,55855,35,0,28910
BANKNIFTY-III.NFO,30/04/2025,09:58:16,55890.8,55824.4,35,55855,210,0,28910
BANKNIFTY-III.NFO,30/04/2025,09:58:17,55890.8,55822.4,35,55851.8,35,0,28910
BANKNIFTY-III.NFO,30/04/2025,09:58:18,55890.8,55816.8,35,55846,35,0,28910
BANKNIFTY-III.NFO,30/04/2025,09:58:19,55890.8,55811.8,35,55840.2,35,0,28910
BANKNIFTY-III.NFO,30/04/2025,09:58:21,55890.8,55811,70,55839.6,35,0,28910
BANKNIFTY-III.NFO,30/04/2025,09:58:23,55890.8,55811,35,55833,35,0,28910
BANKNIFTY-III.NFO,30/04/2025,09:58:24,55890.8,55811,35,55827,35,0,28910
BANKNIFTY-III.NFO,30/04/2025,09:58:26,55890.8,55811,35,55819.6,70,0,28910
BANKNIFTY-III.NFO,30/04/2025,09:58:28,55890.8,55811,35,55824,35,0,28910
BANKNIFTY-III.NFO,30/04/2025,09:58:31,55890.8,55811,35,55833,35,0,28910
BANKNIFTY-III.NFO,30/04/2025,09:58:32,55890.8,55811,35,55830.6,35,0,28910
BANKNIFTY-III.NFO,30/04/2025,09:58:35,55890.8,55811,35,55830.6,210,0,28910
BANKNIFTY-III.NFO,30/04/2025,09:58:36,55890.8,55811,35,55827.4,35,0,28910
BANKNIFTY-III.NFO,30/04/2025,09:58:38,55890.8,55811,35,55824.4,35,0,28910
BANKNIFTY-III.NFO,30/04/2025,09:58:40,55890.8,55811,35,55827.4,35,0,28910
BANKNIFTY-III.NFO,30/04/2025,09:58:41,55890.8,55811.2,70,55833.2,35,0,28910
BANKNIFTY-III.NFO,30/04/2025,09:58:42,55890.8,55811.2,35,55833,35,0,28910
BANKNIFTY-III.NFO,30/04/2025,09:58:43,55890.8,55811.4,35,55833,35,0,28910
BANKNIFTY-III.NFO,30/04/2025,09:58:45,55890.8,55811.2,70,55833,35,0,28910
BANKNIFTY-III.NFO,30/04/2025,09:58:46,55890.8,55811.2,70,55836.8,35,0,28910
BANKNIFTY-III.NFO,30/04/2025,09:58:52,55890.8,55811.2,70,55836.8,70,0,28910
BANKNIFTY-III.NFO,30/04/2025,09:58:55,55811.2,55811.6,35,55836.8,70,70,28910
BANKNIFTY-III.NFO,30/04/2025,09:58:56,55811.2,55811.6,35,55836.8,70,0,28910
BANKNIFTY-III.NFO,30/04/2025,09:59:02,55811.2,55811.6,35,55836.8,35,0,28910
BANKNIFTY-III.NFO,30/04/2025,09:59:03,55811.6,55811.6,35,55843.6,35,35,28910
BANKNIFTY-III.NFO,30/04/2025,09:59:05,55811.6,55811.6,35,55843.6,35,0,28910
BANKNIFTY-III.NFO,30/04/2025,09:59:07,55811.6,55816,35,55845.4,35,0,28910
BANKNIFTY-III.NFO,30/04/2025,09:59:08,55811.6,55821.2,35,55848.4,35,0,28910
BANKNIFTY-III.NFO,30/04/2025,09:59:09,55811.6,55823.4,35,55850.8,35,0,28910
BANKNIFTY-III.NFO,30/04/2025,09:59:11,55811.6,55823.4,35,55850.6,35,0,28910
BANKNIFTY-III.NFO,30/04/2025,09:59:14,55811.6,55823.4,35,55850.8,35,0,28910
BANKNIFTY-III.NFO,30/04/2025,09:59:16,55811.6,55823.4,35,55850.6,35,0,28910
BANKNIFTY-III.NFO,30/04/2025,09:59:21,55811.6,55823.2,35,55850.6,35,0,28910
BANKNIFTY-III.NFO,30/04/2025,09:59:28,55811.6,55815.8,35,55846.4,35,0,28910
BANKNIFTY-III.NFO,30/04/2025,09:59:31,55816,55815.8,35,55846.4,35,35,28910
BANKNIFTY-III.NFO,30/04/2025,09:59:32,55816,55815.8,35,55846.4,35,0,28910
BANKNIFTY-III.NFO,30/04/2025,09:59:38,55816,55816,210,55846.4,35,0,28910
BANKNIFTY-III.NFO,30/04/2025,09:59:39,55816,55815.8,35,55846.2,35,0,28910
BANKNIFTY-III.NFO,30/04/2025,09:59:48,55816,55816.2,210,55849.4,35,0,28910
BANKNIFTY-III.NFO,30/04/2025,09:59:49,55816,55822.8,35,55851.8,35,0,28910
BANKNIFTY-III.NFO,30/04/2025,09:59:50,55816,55824.2,35,55852.8,35,0,28910
BANKNIFTY-III.NFO,30/04/2025,09:59:51,55816,55825.6,70,55859.2,35,0,28910
BANKNIFTY-III.NFO,30/04/2025,09:59:52,55816,55825.6,70,55859,35,0,28910
BANKNIFTY-III.NFO,30/04/2025,09:59:54,55816,55825.4,35,55859,35,0,28910
BANKNIFTY-III.NFO,30/04/2025,10:00:03,55816,55829.4,35,55860,35,0,28910
BANKNIFTY-III.NFO,30/04/2025,10:00:05,55816,55833.2,35,55861.8,35,0,28910
BANKNIFTY-III.NFO,30/04/2025,10:00:07,55816,55833.2,35,55862.6,35,0,28910
BANKNIFTY-III.NFO,30/04/2025,10:00:24,55816,55840,35,55859.4,35,0,28910
BANKNIFTY-III.NFO,30/04/2025,10:00:25,55816,55840,35,55855.4,35,0,28910
BANKNIFTY-III.NFO,30/04/2025,10:00:27,55840,55822.8,35,55852.2,35,35,28910
BANKNIFTY-III.NFO,30/04/2025,10:00:28,55840,55822.8,35,55852.2,35,0,28910
BANKNIFTY-III.NFO,30/04/2025,10:00:30,55840,55818.4,35,55848.2,35,0,28910
BANKNIFTY-III.NFO,30/04/2025,10:00:35,55840,55815.8,35,55844.2,35,0,28910
BANKNIFTY-III.NFO,30/04/2025,10:00:39,55840,55811,35,55839,35,0,28910
BANKNIFTY-III.NFO,30/04/2025,10:00:41,55840,55811,70,55838.6,70,0,28910
BANKNIFTY-III.NFO,30/04/2025,10:00:43,55840,55811,35,55835.6,35,0,28910
BANKNIFTY-III.NFO,30/04/2025,10:00:44,55840,55811,70,55835.6,35,0,28910
BANKNIFTY-III.NFO,30/04/2025,10:01:02,55840,55811,70,55835.8,35,0,28910
BANKNIFTY-III.NFO,30/04/2025,10:01:03,55840,55811,70,55835.6,35,0,28910
BANKNIFTY-III.NFO,30/04/2025,10:01:07,55840,55811,70,55835.8,35,0,28910
BANKNIFTY-III.NFO,30/04/2025,10:01:08,55840,55811,70,55839.2,35,0,28910
BANKNIFTY-III.NFO,30/04/2025,10:01:09,55840,55811,70,55839,35,0,28910
BANKNIFTY-III.NFO,30/04/2025,10:01:20,55840,55811,70,55839.2,35,0,28910
BANKNIFTY-III.NFO,30/04/2025,10:01:21,55840,55811,70,55844.4,35,0,28910
BANKNIFTY-III.NFO,30/04/2025,10:01:22,55840,55812,245,55844.4,35,0,28910
BANKNIFTY-III.NFO,30/04/2025,10:01:23,55840,55812,35,55844.4,35,0,28910
BANKNIFTY-III.NFO,30/04/2025,10:01:24,55840,55812.6,245,55844.4,35,0,28910
BANKNIFTY-III.NFO,30/04/2025,10:01:26,55840,55814.8,245,55847.4,35,0,28910
BANKNIFTY-III.NFO,30/04/2025,10:01:27,55840,55821.6,245,55851.4,35,0,28910
BANKNIFTY-III.NFO,30/04/2025,10:01:28,55840,55824.4,210,55853.2,35,0,28910
BANKNIFTY-III.NFO,30/04/2025,10:01:29,55840,55830.2,35,55857.8,35,0,28910
BANKNIFTY-III.NFO,30/04/2025,10:01:30,55840,55832.2,35,55862.8,35,0,28910
BANKNIFTY-III.NFO,30/04/2025,10:01:32,55840,55832.2,35,55862.6,35,0,28910
BANKNIFTY-III.NFO,30/04/2025,10:01:51,55840,55840,175,55862.6,35,0,28910
BANKNIFTY-III.NFO,30/04/2025,10:01:53,55840,55840,210,55862.6,35,0,28910
BANKNIFTY-III.NFO,30/04/2025,10:01:54,55840,55840,175,55856.6,35,0,28910
BANKNIFTY-III.NFO,30/04/2025,10:01:56,55840,55840,175,55853.6,35,0,28910
BANKNIFTY-III.NFO,30/04/2025,10:01:58,55840,55840,175,55850.6,70,0,28910
BANKNIFTY-III.NFO,30/04/2025,10:02:00,55840,55840,175,55843,70,0,28910
BANKNIFTY-III.NFO,30/04/2025,10:02:01,55840,55812.6,35,55839,35,175,28910
BANKNIFTY-III.NFO,30/04/2025,10:02:02,55840,55812.6,35,55839,35,0,28910
BANKNIFTY-III.NFO,30/04/2025,10:02:04,55840,55811,70,55836.4,35,0,28910
BANKNIFTY-III.NFO,30/04/2025,10:02:06,55840,55811,35,55831,35,0,28910
BANKNIFTY-III.NFO,30/04/2025,10:02:07,55840,55811,35,55825.2,35,0,28910
BANKNIFTY-III.NFO,30/04/2025,10:02:09,55840,55811,35,55812.4,35,0,28910
BANKNIFTY-III.NFO,30/04/2025,10:02:10,55811,55789,35,55808.6,35,35,28910
BANKNIFTY-III.NFO,30/04/2025,10:02:11,55811,55789,35,55808.6,35,0,28910
BANKNIFTY-III.NFO,30/04/2025,10:02:12,55811,55789,35,55799.2,70,0,28910
BANKNIFTY-III.NFO,30/04/2025,10:02:13,55811,55789,35,55800.2,70,0,28910
BANKNIFTY-III.NFO,30/04/2025,10:02:15,55811,55789,35,55797.2,70,0,28910
BANKNIFTY-III.NFO,30/04/2025,10:02:16,55811,55789,35,55796.8,70,0,28910
BANKNIFTY-III.NFO,30/04/2025,10:02:17,55789,55770.4,35,55784.6,70,35,28910
BANKNIFTY-III.NFO,30/04/2025,10:02:18,55789,55770.4,35,55787.6,35,0,28910
BANKNIFTY-III.NFO,30/04/2025,10:02:20,55789,55762,35,55786,35,0,28910
BANKNIFTY-III.NFO,30/04/2025,10:02:21,55789,55759.6,35,55783.4,35,0,28910
BANKNIFTY-III.NFO,30/04/2025,10:02:22,55789,55753.6,35,55778.2,35,0,28910
BANKNIFTY-III.NFO,30/04/2025,10:02:24,55789,55753.6,35,55779.6,35,0,28910
BANKNIFTY-III.NFO,30/04/2025,10:02:26,55789,55750,35,55778,35,0,28910
BANKNIFTY-III.NFO,30/04/2025,10:02:28,55789,55750,35,55778.2,35,0,28910
BANKNIFTY-III.NFO,30/04/2025,10:02:35,55789,55751,35,55783.6,35,0,28910
BANKNIFTY-III.NFO,30/04/2025,10:02:36,55789,55753.4,245,55786.2,35,0,28910
BANKNIFTY-III.NFO,30/04/2025,10:02:38,55789,55753.4,35,55786.2,35,0,28910
BANKNIFTY-III.NFO,30/04/2025,10:02:40,55789,55753.6,210,55786.2,35,0,28910
BANKNIFTY-III.NFO,30/04/2025,10:02:41,55789,55761.2,35,55790.6,35,0,28910
BANKNIFTY-III.NFO,30/04/2025,10:02:44,55789,55761.2,35,55790.4,35,0,28910
BANKNIFTY-III.NFO,30/04/2025,10:02:45,55789,55761.2,35,55790.6,35,0,28910
BANKNIFTY-III.NFO,30/04/2025,10:02:48,55789,55761.2,35,55790.4,35,0,28910
BANKNIFTY-III.NFO,30/04/2025,10:02:50,55789,55755.8,35,55786.8,35,0,28910
BANKNIFTY-III.NFO,30/04/2025,10:02:53,55789,55753.4,35,55784.4,35,0,28910
BANKNIFTY-III.NFO,30/04/2025,10:02:58,55789,55753.4,35,55782.8,35,0,28910
BANKNIFTY-III.NFO,30/04/2025,10:02:59,55789,55751,35,55781,35,0,28910
BANKNIFTY-III.NFO,30/04/2025,10:03:00,55789,55747.6,35,55781,35,0,28910
BANKNIFTY-III.NFO,30/04/2025,10:03:02,55789,55733.2,35,55761.4,35,0,28910
BANKNIFTY-III.NFO,30/04/2025,10:03:13,55789,55733.2,35,55771.4,35,0,28910
BANKNIFTY-III.NFO,30/04/2025,10:03:14,55789,55733.2,35,55769.8,35,0,28910
BANKNIFTY-III.NFO,30/04/2025,10:03:15,55789,55734,245,55770,35,0,28910
BANKNIFTY-III.NFO,30/04/2025,10:03:17,55789,55734,35,55769.8,35,0,28910
BANKNIFTY-III.NFO,30/04/2025,10:03:25,55789,55734.4,210,55771.4,35,0,28910
BANKNIFTY-III.NFO,30/04/2025,10:03:27,55789,55736.8,245,55771.4,35,0,28910
BANKNIFTY-III.NFO,30/04/2025,10:03:28,55789,55738.2,245,55771.6,35,0,28910
BANKNIFTY-III.NFO,30/04/2025,10:03:29,55789,55749,35,55782.8,35,0,28910
BANKNIFTY-III.NFO,30/04/2025,10:03:30,55789,55751.4,35,55784.4,35,0,28910
BANKNIFTY-III.NFO,30/04/2025,10:03:35,55789,55751.4,35,55783.6,35,0,28910
BANKNIFTY-III.NFO,30/04/2025,10:03:37,55789,55746.8,35,55775.8,35,0,28910
BANKNIFTY-III.NFO,30/04/2025,10:03:41,55789,55740.4,35,55771,35,0,28910
BANKNIFTY-III.NFO,30/04/2025,10:03:43,55789,55740.4,35,55771.2,35,0,28910
BANKNIFTY-III.NFO,30/04/2025,10:03:44,55789,55740.4,35,55771,35,0,28910
BANKNIFTY-III.NFO,30/04/2025,10:04:01,55789,55740.4,35,55775.8,35,0,28910
BANKNIFTY-III.NFO,30/04/2025,10:04:02,55775.8,55740.6,35,55775.8,35,35,29120
BANKNIFTY-III.NFO,30/04/2025,10:04:04,55775.8,55740.6,35,55775.8,35,0,29120
BANKNIFTY-III.NFO,30/04/2025,10:04:11,55740.6,55740.4,35,55775.4,70,35,29120
BANKNIFTY-III.NFO,30/04/2025,10:04:12,55740.6,55740.4,35,55775.4,70,0,29120
BANKNIFTY-III.NFO,30/04/2025,10:04:14,55740.6,55740.4,35,55774.8,70,0,29120
BANKNIFTY-III.NFO,30/04/2025,10:04:19,55740.6,55746.4,245,55779,35,0,29120
BANKNIFTY-III.NFO,30/04/2025,10:04:20,55740.6,55746.4,35,55778.8,35,0,29120
BANKNIFTY-III.NFO,30/04/2025,10:04:31,55740.6,55746.4,35,55777.4,35,0,29120
BANKNIFTY-III.NFO,30/04/2025,10:04:35,55740.6,55740.4,35,55772.6,35,0,29120
BANKNIFTY-III.NFO,30/04/2025,10:04:37,55740.6,55740.4,35,55772.6,210,0,29120
BANKNIFTY-III.NFO,30/04/2025,10:04:38,55740.6,55738.2,35,55769,35,0,29120
BANKNIFTY-III.NFO,30/04/2025,10:04:39,55740.6,55734,35,55763.8,35,0,29120
BANKNIFTY-III.NFO,30/04/2025,10:04:43,55740.6,55734,35,55763,35,0,29120
BANKNIFTY-III.NFO,30/04/2025,10:04:48,55740.6,55728,105,55750.4,35,0,29120
BANKNIFTY-III.NFO,30/04/2025,10:04:49,55740.6,55728,105,55746.2,245,0,29120
BANKNIFTY-III.NFO,30/04/2025,10:04:50,55746.2,55728.2,70,55748.4,35,35,29120
BANKNIFTY-III.NFO,30/04/2025,10:04:52,55746.2,55728,105,55748.4,35,0,29120
BANKNIFTY-III.NFO,30/04/2025,10:04:53,55746.2,55728,105,55746,35,0,29120
BANKNIFTY-III.NFO,30/04/2025,10:04:54,55746.2,55728.2,70,55750.4,35,0,29120
BANKNIFTY-III.NFO,30/04/2025,10:04:55,55746.2,55728.2,70,55755.4,35,0,29120
BANKNIFTY-III.NFO,30/04/2025,10:04:57,55746.2,55728.2,70,55755.2,35,0,29120
BANKNIFTY-III.NFO,30/04/2025,10:04:58,55746.2,55746.2,35,55763.8,35,0,29120
BANKNIFTY-III.NFO,30/04/2025,10:04:59,55746.2,55746.2,35,55755.8,35,0,29120
BANKNIFTY-III.NFO,30/04/2025,10:05:00,55746.2,55746.2,35,55758.8,35,0,29120
BANKNIFTY-III.NFO,30/04/2025,10:05:02,55746.2,55746.2,35,55762.6,35,0,29120
BANKNIFTY-III.NFO,30/04/2025,10:05:03,55746.2,55746.4,70,55766.8,35,0,29120
BANKNIFTY-III.NFO,30/04/2025,10:05:04,55746.2,55746.4,35,55767.8,35,0,29120
BANKNIFTY-III.NFO,30/04/2025,10:05:05,55746.2,55746.4,35,55769,35,0,29120
BANKNIFTY-III.NFO,30/04/2025,10:05:08,55746.2,55746.4,35,55774.6,35,0,29120
BANKNIFTY-III.NFO,30/04/2025,10:05:10,55746.2,55746.4,35,55775.4,35,0,29120
BANKNIFTY-III.NFO,30/04/2025,10:05:12,55746.2,55746.4,35,55775.2,35,0,29120
BANKNIFTY-III.NFO,30/04/2025,10:05:14,55746.2,55746.4,35,55775.4,35,0,29120
BANKNIFTY-III.NFO,30/04/2025,10:05:16,55746.2,55749.6,35,55780.8,35,0,29120
BANKNIFTY-III.NFO,30/04/2025,10:05:19,55746.2,55751.4,140,55783.2,35,0,29120
BANKNIFTY-III.NFO,30/04/2025,10:05:21,55746.2,55755.8,35,55786.2,35,0,29120
BANKNIFTY-III.NFO,30/04/2025,10:05:22,55746.2,55757,35,55788.6,35,0,29120
BANKNIFTY-III.NFO,30/04/2025,10:05:23,55746.2,55757.6,35,55788.4,35,0,29120
BANKNIFTY-III.NFO,30/04/2025,10:05:29,55746.2,55757.6,35,55788.6,35,0,29120
BANKNIFTY-III.NFO,30/04/2025,10:05:31,55746.2,55757.6,35,55788.4,35,0,29120
BANKNIFTY-III.NFO,30/04/2025,10:05:37,55746.2,55757.6,35,55788.4,70,0,29120
BANKNIFTY-III.NFO,30/04/2025,10:05:38,55746.2,55753.4,35,55783,35,0,29120
BANKNIFTY-III.NFO,30/04/2025,10:05:39,55746.2,55753.4,35,55783.2,35,0,29120
BANKNIFTY-III.NFO,30/04/2025,10:05:40,55746.2,55751.4,35,55780.4,35,0,29120
BANKNIFTY-III.NFO,30/04/2025,10:05:42,55746.2,55750,35,55778.8,35,0,29120
BANKNIFTY-III.NFO,30/04/2025,10:05:43,55746.2,55749.8,35,55777.4,35,0,29120
BANKNIFTY-III.NFO,30/04/2025,10:05:44,55746.2,55750,35,55777.4,35,0,29120
BANKNIFTY-III.NFO,30/04/2025,10:05:57,55746.2,55750,35,55780.4,35,0,29120
BANKNIFTY-III.NFO,30/04/2025,10:06:05,55746.2,55750,35,55781.6,35,0,29120
BANKNIFTY-III.NFO,30/04/2025,10:06:10,55746.2,55760.8,70,55789,70,0,29120
BANKNIFTY-III.NFO,30/04/2025,10:06:12,55746.2,55765.2,35,55789,70,0,29120
BANKNIFTY-III.NFO,30/04/2025,10:06:13,55746.2,55765.2,35,55788.8,35,0,29120
BANKNIFTY-III.NFO,30/04/2025,10:06:14,55746.2,55765.2,35,55789,70,0,29120
BANKNIFTY-III.NFO,30/04/2025,10:06:18,55746.2,55765.2,35,55788.8,35,0,29120
BANKNIFTY-III.NFO,30/04/2025,10:06:19,55746.2,55765.2,35,55789,70,0,29120
BANKNIFTY-III.NFO,30/04/2025,10:06:25,55746.2,55765.2,35,55788.8,35,0,29120
BANKNIFTY-III.NFO,30/04/2025,10:06:29,55746.2,55765,35,55788.8,35,0,29120
BANKNIFTY-III.NFO,30/04/2025,10:06:32,55746.2,55760.8,35,55788.8,35,0,29120
BANKNIFTY-III.NFO,30/04/2025,10:06:35,55746.2,55761,35,55788.8,35,0,29120
BANKNIFTY-III.NFO,30/04/2025,10:06:37,55746.2,55760.8,35,55788.8,35,0,29120
BANKNIFTY-III.NFO,30/04/2025,10:06:39,55746.2,55759.6,70,55787,70,0,29120
BANKNIFTY-III.NFO,30/04/2025,10:06:42,55746.2,55759.8,35,55787,70,0,29120
BANKNIFTY-III.NFO,30/04/2025,10:06:43,55746.2,55759.6,70,55787,70,0,29120
BANKNIFTY-III.NFO,30/04/2025,10:06:45,55746.2,55759.6,35,55787,70,0,29120
BANKNIFTY-III.NFO,30/04/2025,10:06:46,55746.2,55757.6,35,55786,35,0,29120
BANKNIFTY-III.NFO,30/04/2025,10:06:48,55746.2,55757.8,35,55786,35,0,29120
BANKNIFTY-III.NFO,30/04/2025,10:06:49,55746.2,55757.6,35,55786,35,0,29120
BANKNIFTY-III.NFO,30/04/2025,10:06:51,55746.2,55756.4,35,55784.6,70,0,29120
BANKNIFTY-III.NFO,30/04/2025,10:06:53,55746.2,55755.2,35,55783.4,35,0,29120
BANKNIFTY-III.NFO,30/04/2025,10:06:54,55746.2,55755.4,35,55783.4,35,0,29120
BANKNIFTY-III.NFO,30/04/2025,10:06:56,55746.2,55755.2,35,55780.8,35,0,29120
BANKNIFTY-III.NFO,30/04/2025,10:07:00,55746.2,55755.4,35,55780.8,35,0,29120
BANKNIFTY-III.NFO,30/04/2025,10:07:04,55746.2,55755.4,35,55783.6,35,0,29120
BANKNIFTY-III.NFO,30/04/2025,10:07:05,55746.2,55762,35,55789,70,0,29120
BANKNIFTY-III.NFO,30/04/2025,10:07:08,55746.2,55763.6,70,55789,70,0,29120
BANKNIFTY-III.NFO,30/04/2025,10:07:09,55746.2,55766.6,35,55789,35,0,29120
BANKNIFTY-III.NFO,30/04/2025,10:07:10,55746.2,55766.6,35,55789,70,0,29120
BANKNIFTY-III.NFO,30/04/2025,10:07:11,55780,55768.8,35,55789,35,35,29155
BANKNIFTY-III.NFO,30/04/2025,10:07:13,55780,55768.8,35,55789,35,0,29155
BANKNIFTY-III.NFO,30/04/2025,10:07:15,55780,55769.8,35,55789,35,0,29155
BANKNIFTY-III.NFO,30/04/2025,10:07:20,55789,55779.2,35,55800,175,35,29155
BANKNIFTY-III.NFO,30/04/2025,10:07:21,55789,55782.8,35,55800,175,0,29155
BANKNIFTY-III.NFO,30/04/2025,10:07:23,55789,55785,35,55800,175,0,29155
BANKNIFTY-III.NFO,30/04/2025,10:07:25,55789,55787.4,35,55800,175,0,29155
BANKNIFTY-III.NFO,30/04/2025,10:07:27,55789,55789.6,35,55800,175,0,29155
BANKNIFTY-III.NFO,30/04/2025,10:07:28,55789,55791.8,35,55800,175,0,29155
BANKNIFTY-III.NFO,30/04/2025,10:07:29,55789,55793.8,35,55800,175,0,29155
BANKNIFTY-III.NFO,30/04/2025,10:07:30,55800,55795.6,35,55824.2,35,175,29155
BANKNIFTY-III.NFO,30/04/2025,10:07:32,55800,55798.4,35,55826.2,35,0,29155
BANKNIFTY-III.NFO,30/04/2025,10:07:33,55800,55800.6,35,55829,35,0,29155
BANKNIFTY-III.NFO,30/04/2025,10:07:39,55800,55802.4,35,55829.6,35,0,29155
BANKNIFTY-III.NFO,30/04/2025,10:07:40,55800,55810.6,105,55838.4,35,0,29155
