Ticker,Date,Time,LTP,BuyPrice,BuyQty,SellPrice,SellQty,LTQ,OpenInterest
NIFTY-III.NFO,18/10/2024,09:15:00,25088,25050,75,25070.45,50,75,543725
NIFTY-III.NFO,18/10/2024,09:15:00,25088,25050,75,25070.45,50,0,543725
NIFTY-III.NFO,18/10/2024,09:15:00,25088,25050,75,25070.45,50,0,543725
NIFTY-III.NFO,18/10/2024,09:15:00,25073.65,25050,75,25070.45,50,0,543725
NIFTY-III.NFO,18/10/2024,09:15:00,25052.2,25050,50,25052.2,25,50,543725
NIFTY-III.NFO,18/10/2024,09:15:00,25050,25050,50,25052.2,25,0,543725
NIFTY-III.NFO,18/10/2024,09:15:02,25055.3,25035.15,100,25055.05,25,350,543725
NIFTY-III.NFO,18/10/2024,09:15:02,25043.85,25035.15,100,25055.05,25,0,543725
NIFTY-III.NFO,18/10/2024,09:15:02,25055.3,25035.15,100,25054.85,25,0,543725
NIFTY-III.NFO,18/10/2024,09:15:03,25049,25035.75,100,25050,25,75,543725
NIFTY-III.NFO,18/10/2024,09:15:03,25035.05,25035.75,100,25050,25,0,543725
NIFTY-III.NFO,18/10/2024,09:15:04,25040,25035.85,100,25053.35,50,50,543725
NIFTY-III.NFO,18/10/2024,09:15:05,25050,25035.05,100,25054.35,25,175,543725
NIFTY-III.NFO,18/10/2024,09:15:06,25049.35,25035,50,25046.65,25,50,543725
NIFTY-III.NFO,18/10/2024,09:15:08,25039.75,25035,50,25039.7,175,75,543725
NIFTY-III.NFO,18/10/2024,09:15:09,25042.95,25035,50,25040.6,175,150,543725
NIFTY-III.NFO,18/10/2024,09:15:09,25042.95,25035,50,25042.95,125,0,543725
NIFTY-III.NFO,18/10/2024,09:15:10,25035,25035,25,25038.9,175,175,543725
NIFTY-III.NFO,18/10/2024,09:15:10,25035,25035,25,25038.9,175,0,543725
NIFTY-III.NFO,18/10/2024,09:15:11,25032.7,25027.25,100,25037.8,125,150,543725
NIFTY-III.NFO,18/10/2024,09:15:11,25032.7,25027.25,100,25037.8,125,0,543725
NIFTY-III.NFO,18/10/2024,09:15:13,25032.7,25027.25,100,25038.7,375,0,543725
NIFTY-III.NFO,18/10/2024,09:15:14,25027.25,25027.25,100,25035.5,25,50,543725
NIFTY-III.NFO,18/10/2024,09:15:14,25027.25,25027.25,100,25035.5,25,0,543725
NIFTY-III.NFO,18/10/2024,09:15:15,25027.25,25027.25,100,25032.75,175,25,543725
NIFTY-III.NFO,18/10/2024,09:15:15,25027.25,25027.25,100,25035.55,50,0,543725
NIFTY-III.NFO,18/10/2024,09:15:16,25032.6,25027.2,100,25028.3,175,25,543725
NIFTY-III.NFO,18/10/2024,09:15:18,25011.65,25011.8,75,25026,100,2025,543725
NIFTY-III.NFO,18/10/2024,09:15:18,25011.65,25011.8,75,25026,100,0,543725
NIFTY-III.NFO,18/10/2024,09:15:19,25027.25,25012.3,25,25027.4,100,75,543725
NIFTY-III.NFO,18/10/2024,09:15:19,25011.6,25012.3,25,25027.4,100,0,543725
NIFTY-III.NFO,18/10/2024,09:15:19,25027.25,25027.25,50,25029.85,100,0,543725
NIFTY-III.NFO,18/10/2024,09:15:20,25027.25,25027.25,50,25029.95,100,0,543725
NIFTY-III.NFO,18/10/2024,09:15:21,25027.25,25027.25,75,25029.95,100,0,543725
NIFTY-III.NFO,18/10/2024,09:15:22,25029.5,25027.25,75,25029.5,100,25,543725
NIFTY-III.NFO,18/10/2024,09:15:23,25027.25,25027.25,50,25027.7,100,25,543725
NIFTY-III.NFO,18/10/2024,09:15:24,25027.25,25018,25,25026.1,150,50,543725
NIFTY-III.NFO,18/10/2024,09:15:25,25025.9,25018,25,25026,100,25,543725
NIFTY-III.NFO,18/10/2024,09:15:26,25027.4,25018,25,25021.95,50,500,543725
NIFTY-III.NFO,18/10/2024,09:15:27,25027.4,25018,25,25023.5,50,0,543725
NIFTY-III.NFO,18/10/2024,09:15:28,25011.65,25010.45,100,25025.55,100,225,543725
NIFTY-III.NFO,18/10/2024,09:15:29,25013.25,25013.25,25,25025.7,100,100,543725
NIFTY-III.NFO,18/10/2024,09:15:30,25024.5,25015.3,75,25025.9,100,575,543725
NIFTY-III.NFO,18/10/2024,09:15:30,25008.1,25015.3,75,25025.9,100,0,543725
NIFTY-III.NFO,18/10/2024,09:15:31,25024.5,25015.3,75,25025.05,100,0,543725
NIFTY-III.NFO,18/10/2024,09:15:32,25025,25015.3,75,25026.1,100,25,543725
NIFTY-III.NFO,18/10/2024,09:15:33,25025,25015.3,75,25026.1,100,0,543725
NIFTY-III.NFO,18/10/2024,09:15:34,25025,25015.25,25,25023.9,100,0,543725
NIFTY-III.NFO,18/10/2024,09:15:35,25025,25015.25,25,25023.25,100,0,543725
NIFTY-III.NFO,18/10/2024,09:15:36,25008.85,25013,125,25022.45,150,500,543725
NIFTY-III.NFO,18/10/2024,09:15:37,25013,25013,100,25022.45,100,25,543725
NIFTY-III.NFO,18/10/2024,09:15:38,25013,25013.1,50,25023.55,100,50,543725
NIFTY-III.NFO,18/10/2024,09:15:39,25023.95,25013.05,50,25023.6,100,50,543725
NIFTY-III.NFO,18/10/2024,09:15:40,25023.95,25016.05,50,25023.95,125,0,543725
NIFTY-III.NFO,18/10/2024,09:15:41,25015.15,25013.1,50,25023.85,100,500,544700
NIFTY-III.NFO,18/10/2024,09:15:42,25013,25013,50,25022.3,100,125,544700
NIFTY-III.NFO,18/10/2024,09:15:43,25015.15,25013,50,25013.25,25,50,544700
NIFTY-III.NFO,18/10/2024,09:15:44,25013.25,25013,50,25022.1,100,25,544700
NIFTY-III.NFO,18/10/2024,09:15:45,25013,25013,25,25021.15,100,525,544700
NIFTY-III.NFO,18/10/2024,09:15:46,25013,25011.35,25,25014.95,100,0,544700
NIFTY-III.NFO,18/10/2024,09:15:48,25012,25011.3,25,25013,50,75,544700
NIFTY-III.NFO,18/10/2024,09:15:49,25014.95,25011.25,25,25014.95,25,125,544700
NIFTY-III.NFO,18/10/2024,09:15:50,25013.25,25013.3,100,25015,425,525,544700
NIFTY-III.NFO,18/10/2024,09:15:51,25015,25013.3,100,25015,375,50,544700
NIFTY-III.NFO,18/10/2024,09:15:52,25015,25013.3,100,25015,375,0,544700
NIFTY-III.NFO,18/10/2024,09:15:53,25013.3,25013.3,100,25015,375,50,544700
NIFTY-III.NFO,18/10/2024,09:15:54,25013.3,25013.3,100,25015,350,50,544700
NIFTY-III.NFO,18/10/2024,09:15:55,25013.25,25013.25,375,25015,375,225,544700
NIFTY-III.NFO,18/10/2024,09:15:56,25015,25013.25,375,25015,350,25,544700
NIFTY-III.NFO,18/10/2024,09:15:58,25011.4,25009.3,25,25015,375,1025,544700
NIFTY-III.NFO,18/10/2024,09:15:59,25015,25009.3,25,25015,350,25,544700
NIFTY-III.NFO,18/10/2024,09:16:00,25009.3,25009.3,25,25015,75,25,544700
NIFTY-III.NFO,18/10/2024,09:16:01,25009.3,25009.55,25,25014.95,100,0,544700
NIFTY-III.NFO,18/10/2024,09:16:02,25009.55,25005,50,25011.4,100,25,544700
NIFTY-III.NFO,18/10/2024,09:16:03,25012.2,25005,50,25010.3,100,500,544700
NIFTY-III.NFO,18/10/2024,09:16:04,25005,25002,350,25008.2,100,50,544700
NIFTY-III.NFO,18/10/2024,09:16:04,25005,25002,350,25008.2,100,0,544700
NIFTY-III.NFO,18/10/2024,09:16:05,25001.05,25001,50,25008.6,225,500,544700
NIFTY-III.NFO,18/10/2024,09:16:05,25001.05,25001,50,25008.6,225,0,544700
NIFTY-III.NFO,18/10/2024,09:16:06,25001.05,25001,50,25005.8,100,0,544700
NIFTY-III.NFO,18/10/2024,09:16:08,25000,25000,25,25005.8,100,400,544700
NIFTY-III.NFO,18/10/2024,09:16:08,25000,25000,25,25005.8,100,0,544700
NIFTY-III.NFO,18/10/2024,09:16:09,24997.6,24994.5,50,25006.5,225,500,544700
NIFTY-III.NFO,18/10/2024,09:16:09,24997.6,24994.5,50,25006.5,225,0,544700
NIFTY-III.NFO,18/10/2024,09:16:10,25000,25000,25,25003.45,150,100,544700
NIFTY-III.NFO,18/10/2024,09:16:11,25000,24994.15,25,24999.95,100,25,544700
NIFTY-III.NFO,18/10/2024,09:16:12,24999.95,24994.75,25,24999.7,100,75,544700
NIFTY-III.NFO,18/10/2024,09:16:13,24982.7,24990.1,50,24994.4,175,675,544700
NIFTY-III.NFO,18/10/2024,09:16:13,24982.7,24990.1,50,24994.4,175,0,544700
NIFTY-III.NFO,18/10/2024,09:16:14,24994.4,24990.95,50,24996.55,175,25,544700
NIFTY-III.NFO,18/10/2024,09:16:15,24979.65,24988.2,25,24992.05,100,1125,544700
NIFTY-III.NFO,18/10/2024,09:16:15,24979.65,24988.2,25,24992.05,100,0,544700
NIFTY-III.NFO,18/10/2024,09:16:16,24994.3,24990.15,25,24997.85,100,25,544700
NIFTY-III.NFO,18/10/2024,09:16:17,24987.75,24988.55,25,24994.95,225,100,544700
NIFTY-III.NFO,18/10/2024,09:16:18,24987.75,24988.3,25,24993.75,150,0,544700
NIFTY-III.NFO,18/10/2024,09:16:19,24989.3,24988.3,25,24995.9,175,25,544700
NIFTY-III.NFO,18/10/2024,09:16:20,24988.3,24988.9,25,24994.7,175,25,544700
NIFTY-III.NFO,18/10/2024,09:16:21,24990,24994.3,25,24994.75,25,575,544700
NIFTY-III.NFO,18/10/2024,09:16:22,24994.3,24987.75,50,24994.7,175,25,544700
NIFTY-III.NFO,18/10/2024,09:16:23,24994.3,24987.75,25,24991.4,100,0,544700
NIFTY-III.NFO,18/10/2024,09:16:24,24989.3,24987,25,24989.55,100,75,544700
NIFTY-III.NFO,18/10/2024,09:16:25,24987,24983.4,25,24988.25,100,25,544700
NIFTY-III.NFO,18/10/2024,09:16:26,24989.8,24984.3,25,24989.8,100,50,544700
NIFTY-III.NFO,18/10/2024,09:16:27,24989.8,24985,25,24988.6,50,0,544700
NIFTY-III.NFO,18/10/2024,09:16:28,24992.05,24985,25,24992.05,175,25,544700
NIFTY-III.NFO,18/10/2024,09:16:29,24992.05,24985,25,24988.15,175,0,544700
NIFTY-III.NFO,18/10/2024,09:16:30,24992.05,24985,25,24987,175,0,544700
NIFTY-III.NFO,18/10/2024,09:16:31,24987,24985,25,24987,125,50,544700
NIFTY-III.NFO,18/10/2024,09:16:32,24987,24985,25,24989.95,100,125,544700
NIFTY-III.NFO,18/10/2024,09:16:33,24985,24985,25,24989.95,100,25,544700
NIFTY-III.NFO,18/10/2024,09:16:34,24985,24985,25,24989.95,100,0,544700
NIFTY-III.NFO,18/10/2024,09:16:35,24985,24980,25,24988.45,150,25,544700
NIFTY-III.NFO,18/10/2024,09:16:36,24985,24986,25,24989.95,100,0,544700
NIFTY-III.NFO,18/10/2024,09:16:37,24985,24986,25,24988.95,100,0,544700
NIFTY-III.NFO,18/10/2024,09:16:38,24985,24982.15,50,24985,125,125,544700
NIFTY-III.NFO,18/10/2024,09:16:39,24985.05,24985.05,25,24989,25,150,544700
NIFTY-III.NFO,18/10/2024,09:16:40,24983.05,24982.7,125,24989,25,75,544700
NIFTY-III.NFO,18/10/2024,09:16:41,24985,24981.4,125,24985,25,50,544700
NIFTY-III.NFO,18/10/2024,09:16:42,24985,24987,100,24989.95,100,25,544700
NIFTY-III.NFO,18/10/2024,09:16:43,24985,24987,100,24989.35,100,0,544700
NIFTY-III.NFO,18/10/2024,09:16:45,24985,24987,100,24989.95,100,0,544700
NIFTY-III.NFO,18/10/2024,09:16:47,24985,24980.05,25,24989.6,100,150,544700
NIFTY-III.NFO,18/10/2024,09:16:48,24985,24985,25,24989.95,100,0,544700
NIFTY-III.NFO,18/10/2024,09:16:49,24983.1,24980.55,50,24985,175,125,544700
NIFTY-III.NFO,18/10/2024,09:16:50,24985,24985,25,24988.85,100,175,544700
NIFTY-III.NFO,18/10/2024,09:16:51,24985,24985,25,24990.95,100,0,544700
NIFTY-III.NFO,18/10/2024,09:16:52,24985,24981.1,50,24988.55,100,50,544700
NIFTY-III.NFO,18/10/2024,09:16:53,24985,24980.05,75,24985,25,0,544700
NIFTY-III.NFO,18/10/2024,09:16:54,24985,24981.15,75,24986.95,100,50,544700
NIFTY-III.NFO,18/10/2024,09:16:55,24985,24982.15,75,24986.95,100,0,544700
NIFTY-III.NFO,18/10/2024,09:16:56,24985,24985,25,24987,600,0,544700
NIFTY-III.NFO,18/10/2024,09:16:58,24987,24982.9,75,24987,550,75,544700
NIFTY-III.NFO,18/10/2024,09:16:59,24981.95,24982.9,25,24985,275,50,544700
NIFTY-III.NFO,18/10/2024,09:17:00,24981.95,24982.9,25,24985,275,0,544700
NIFTY-III.NFO,18/10/2024,09:17:01,24981.95,24983.3,25,24985,275,0,544700
NIFTY-III.NFO,18/10/2024,09:17:02,24985,24981.4,75,24985,250,25,544700
NIFTY-III.NFO,18/10/2024,09:17:03,24985,24982.4,75,24985,250,0,544700
NIFTY-III.NFO,18/10/2024,09:17:04,24985,24982.6,75,24985,250,0,544700
NIFTY-III.NFO,18/10/2024,09:17:05,24985,24982.65,75,24985,300,0,544700
NIFTY-III.NFO,18/10/2024,09:17:06,24985,24983.7,75,24985,300,0,544700
NIFTY-III.NFO,18/10/2024,09:17:07,24985,24983,75,24985,300,25,544700
NIFTY-III.NFO,18/10/2024,09:17:08,24985,24983.8,75,24985,350,0,544700
NIFTY-III.NFO,18/10/2024,09:17:10,24985,24982.45,75,24985,225,125,544700
NIFTY-III.NFO,18/10/2024,09:17:12,24985,24982.45,75,24985,250,25,544700
NIFTY-III.NFO,18/10/2024,09:17:12,24985,24982.8,75,24985,250,0,544700
NIFTY-III.NFO,18/10/2024,09:17:13,24983.75,24983.75,50,24985,225,50,544700
NIFTY-III.NFO,18/10/2024,09:17:14,24983.8,24983.8,25,24985,225,25,544700
NIFTY-III.NFO,18/10/2024,09:17:16,24981.4,24983.4,75,24985,200,275,544700
NIFTY-III.NFO,18/10/2024,09:17:16,24985,24983.85,75,24985,175,25,544700
NIFTY-III.NFO,18/10/2024,09:17:18,24985,24983.85,75,24985,150,25,544700
NIFTY-III.NFO,18/10/2024,09:17:18,24983,24983.1,75,24985,175,550,544700
NIFTY-III.NFO,18/10/2024,09:17:19,24983,24981.45,25,24985,175,0,544700
NIFTY-III.NFO,18/10/2024,09:17:20,24981.25,24981.25,50,24985,75,625,544700
NIFTY-III.NFO,18/10/2024,09:17:20,24978.8,24981.25,50,24985,75,0,544700
NIFTY-III.NFO,18/10/2024,09:17:21,24981.25,24981.7,50,24985,75,0,544700
NIFTY-III.NFO,18/10/2024,09:17:23,24981.25,24978.45,75,24984.85,50,0,544700
NIFTY-III.NFO,18/10/2024,09:17:23,24981.25,24978,25,24984.05,50,0,544700
NIFTY-III.NFO,18/10/2024,09:17:24,24983.9,24978.45,75,24984.6,100,25,544700
NIFTY-III.NFO,18/10/2024,09:17:25,24983.9,24979.3,25,24984.2,100,0,544700
NIFTY-III.NFO,18/10/2024,09:17:26,24975,24980,100,24983.3,100,425,544700
NIFTY-III.NFO,18/10/2024,09:17:26,24975,24980,100,24983.3,100,0,544700
NIFTY-III.NFO,18/10/2024,09:17:27,24984.6,24980,75,24984.2,50,725,544700
NIFTY-III.NFO,18/10/2024,09:17:28,24979.7,24975.05,100,24984,100,125,544700
NIFTY-III.NFO,18/10/2024,09:17:29,24979.7,24980,25,24982.95,50,0,544700
NIFTY-III.NFO,18/10/2024,09:17:33,24981.25,24980,25,24983,25,25,544700
NIFTY-III.NFO,18/10/2024,09:17:33,24981.25,24980,25,24983,25,0,544700
NIFTY-III.NFO,18/10/2024,09:17:34,24980,24979.7,25,24983.1,25,75,544700
NIFTY-III.NFO,18/10/2024,09:17:35,24983.75,24979.7,25,24984.6,25,25,544700
NIFTY-III.NFO,18/10/2024,09:17:36,24983.75,24979.7,25,24984.55,50,0,544700
NIFTY-III.NFO,18/10/2024,09:17:37,24984.6,24979.7,50,24984.6,375,75,544700
NIFTY-III.NFO,18/10/2024,09:17:38,24984.6,24979.7,175,24984.95,50,0,544700
NIFTY-III.NFO,18/10/2024,09:17:39,24980,24979.7,150,24980,375,50,544700
NIFTY-III.NFO,18/10/2024,09:17:40,24980,24979.7,150,24980,225,150,544700
NIFTY-III.NFO,18/10/2024,09:17:41,24980,24979.7,150,24980,225,0,544700
NIFTY-III.NFO,18/10/2024,09:17:42,24980,24979.7,150,24980,100,125,544700
NIFTY-III.NFO,18/10/2024,09:17:43,24980,24979.7,150,24980,125,0,544700
NIFTY-III.NFO,18/10/2024,09:17:44,24979.7,24979.7,25,24980,100,150,544700
NIFTY-III.NFO,18/10/2024,09:17:45,24980,24979.7,25,24980,25,100,544700
NIFTY-III.NFO,18/10/2024,09:17:46,24980,24979.7,25,24983.75,25,25,544700
NIFTY-III.NFO,18/10/2024,09:17:47,24980,24980,500,24983.75,25,50,544700
NIFTY-III.NFO,18/10/2024,09:17:48,24980,24980,500,24983.75,25,25,544700
NIFTY-III.NFO,18/10/2024,09:17:49,24980,24980,625,24983,25,0,544700
NIFTY-III.NFO,18/10/2024,09:17:50,24980,24980,625,24983,25,25,544700
NIFTY-III.NFO,18/10/2024,09:17:52,24983,24980,625,24984.6,325,25,544700
NIFTY-III.NFO,18/10/2024,09:17:53,24983,24980,725,24984.6,325,0,544700
NIFTY-III.NFO,18/10/2024,09:17:55,24980,24980,575,24984.6,375,150,544700
NIFTY-III.NFO,18/10/2024,09:17:56,24980,24980,650,24984.55,50,25,544700
NIFTY-III.NFO,18/10/2024,09:17:57,24980,24980,650,24983,25,0,544700
NIFTY-III.NFO,18/10/2024,09:17:58,24980,24980,625,24983,25,25,544700
NIFTY-III.NFO,18/10/2024,09:17:58,24984.6,24980,625,24984.6,225,125,544700
NIFTY-III.NFO,18/10/2024,09:18:00,24984.6,24980,625,24984.6,225,0,544700
NIFTY-III.NFO,18/10/2024,09:18:02,24984.6,24980,525,24984.6,125,100,544700
NIFTY-III.NFO,18/10/2024,09:18:03,24984.6,24980,550,24984.6,125,0,544700
NIFTY-III.NFO,18/10/2024,09:18:04,24980,24980,450,24984.6,125,100,544700
NIFTY-III.NFO,18/10/2024,09:18:05,24980,24980,450,24984,200,0,544700
NIFTY-III.NFO,18/10/2024,09:18:07,24976,24975,75,24980.05,50,550,544700
NIFTY-III.NFO,18/10/2024,09:18:08,24971,24971.55,100,24979,300,125,544700
NIFTY-III.NFO,18/10/2024,09:18:08,24971,24971.55,100,24979,300,0,544700
NIFTY-III.NFO,18/10/2024,09:18:09,24978.05,24971.55,25,24978.1,550,50,544700
NIFTY-III.NFO,18/10/2024,09:18:10,24978.05,24971,225,24976.3,250,0,544700
NIFTY-III.NFO,18/10/2024,09:18:11,24978.05,24971,225,24976.9,500,0,544700
NIFTY-III.NFO,18/10/2024,09:18:12,24978.05,24971.45,50,24979.95,375,0,544700
NIFTY-III.NFO,18/10/2024,09:18:13,24978,24971,225,24978,225,25,544700
NIFTY-III.NFO,18/10/2024,09:18:15,24978,24971,125,24977.95,125,250,544700
NIFTY-III.NFO,18/10/2024,09:18:16,24971,24970.05,25,24975.65,50,575,544700
NIFTY-III.NFO,18/10/2024,09:18:18,24971,24970.05,25,24976.45,50,0,544700
NIFTY-III.NFO,18/10/2024,09:18:20,24971,24971.05,25,24975.95,125,0,544700
NIFTY-III.NFO,18/10/2024,09:18:21,24971,24971.05,25,24973.4,125,0,544700
NIFTY-III.NFO,18/10/2024,09:18:23,24957.85,24961.35,100,24970.75,100,625,544700
NIFTY-III.NFO,18/10/2024,09:18:23,24957.85,24961.35,100,24970.75,100,0,544700
NIFTY-III.NFO,18/10/2024,09:18:25,24970.8,24964,25,24969.9,50,150,544700
NIFTY-III.NFO,18/10/2024,09:18:26,24970.8,24964,25,24969.95,50,0,544700
NIFTY-III.NFO,18/10/2024,09:18:28,24970.8,24964,25,24968.75,50,0,544700
NIFTY-III.NFO,18/10/2024,09:18:30,24961.3,24964.5,25,24968.85,50,550,544700
NIFTY-III.NFO,18/10/2024,09:18:30,24956.7,24964.5,25,24968.85,50,0,544700
NIFTY-III.NFO,18/10/2024,09:18:32,24969.45,24964.25,75,24969.8,50,125,544700
NIFTY-III.NFO,18/10/2024,09:18:33,24969.8,24963.75,75,24969.8,150,25,544700
NIFTY-III.NFO,18/10/2024,09:18:35,24958.9,24965.55,100,24969.15,100,600,544700
NIFTY-III.NFO,18/10/2024,09:18:37,24958.9,24965.65,100,24969.95,50,0,544700
NIFTY-III.NFO,18/10/2024,09:18:38,24970,24963.3,75,24969.95,50,25,544700
NIFTY-III.NFO,18/10/2024,09:18:40,24964.85,24964.85,75,24969.5,50,100,544700
NIFTY-III.NFO,18/10/2024,09:18:42,24969.55,24969.95,125,24970,725,75,544700
NIFTY-III.NFO,18/10/2024,09:18:43,24969,24965.4,50,24968.55,100,150,547400
NIFTY-III.NFO,18/10/2024,09:18:45,24957.15,24962.2,25,24968,50,500,547400
NIFTY-III.NFO,18/10/2024,09:18:47,24957.15,24962.9,25,24967.9,50,0,547400
NIFTY-III.NFO,18/10/2024,09:18:48,24957.15,24962.9,25,24965.4,25,0,547400
NIFTY-III.NFO,18/10/2024,09:18:50,24965.4,24962.9,25,24967.85,50,25,547400
NIFTY-III.NFO,18/10/2024,09:18:52,24968.65,24962.95,125,24969,50,375,547400
NIFTY-III.NFO,18/10/2024,09:18:53,24962.75,24965,75,24970,850,575,547400
NIFTY-III.NFO,18/10/2024,09:18:55,24967.45,24968.45,50,24970,825,50,547400
NIFTY-III.NFO,18/10/2024,09:18:57,24966.9,24965.4,200,24970,825,25,547400
NIFTY-III.NFO,18/10/2024,09:18:58,24966.9,24965.85,25,24970,800,0,547400
NIFTY-III.NFO,18/10/2024,09:19:00,24965.4,24965.4,150,24967,50,75,547400
NIFTY-III.NFO,18/10/2024,09:19:02,24970,24965.4,100,24970,575,325,547400
NIFTY-III.NFO,18/10/2024,09:19:03,24970,24965.4,100,24968.65,150,0,547400
NIFTY-III.NFO,18/10/2024,09:19:07,24965,24961.95,25,24968.65,200,125,547400
NIFTY-III.NFO,18/10/2024,09:19:08,24968.65,24964.7,75,24965,25,25,547400
NIFTY-III.NFO,18/10/2024,09:19:10,24965,24961.95,25,24968.5,50,25,547400
NIFTY-III.NFO,18/10/2024,09:19:12,24965,24965,25,24968.65,125,0,547400
NIFTY-III.NFO,18/10/2024,09:19:13,24965,24965,25,24968,25,0,547400
NIFTY-III.NFO,18/10/2024,09:19:15,24970,24965,100,24970,500,275,547400
NIFTY-III.NFO,18/10/2024,09:19:17,24970,24965,100,24970,500,0,547400
NIFTY-III.NFO,18/10/2024,09:19:18,24970,24969.1,75,24970,375,125,547400
NIFTY-III.NFO,18/10/2024,09:19:20,24971,24969.95,50,24977.95,100,400,547400
NIFTY-III.NFO,18/10/2024,09:19:22,24971,24969.75,50,24977.95,100,0,547400
NIFTY-III.NFO,18/10/2024,09:19:23,24971,24966,50,24975.95,100,0,547400
NIFTY-III.NFO,18/10/2024,09:19:25,24971,24970,50,24972.25,100,0,547400
NIFTY-III.NFO,18/10/2024,09:19:27,24971,24970,175,24972.9,100,0,547400
NIFTY-III.NFO,18/10/2024,09:19:28,24971,24971,125,24975.45,100,75,547400
NIFTY-III.NFO,18/10/2024,09:19:30,24977.95,24971.05,50,24977.95,100,25,547400
NIFTY-III.NFO,18/10/2024,09:19:32,24971.05,24971.05,50,24977.95,100,125,547400
NIFTY-III.NFO,18/10/2024,09:19:33,24977.95,24971,125,24978,25,100,547400
NIFTY-III.NFO,18/10/2024,09:19:35,24975,24971,125,24976.55,50,25,547400
NIFTY-III.NFO,18/10/2024,09:19:37,24975,24972,50,24975.4,125,25,547400
NIFTY-III.NFO,18/10/2024,09:19:38,24975,24972,50,24978,25,0,547400
NIFTY-III.NFO,18/10/2024,09:19:40,24979,24975,25,24979.8,250,100,547400
NIFTY-III.NFO,18/10/2024,09:19:42,24978,24975,50,24979.1,250,25,547400
NIFTY-III.NFO,18/10/2024,09:19:43,24979.8,24975,150,24979.55,250,100,547400
NIFTY-III.NFO,18/10/2024,09:19:45,24979.8,24975,150,24979.95,250,0,547400
NIFTY-III.NFO,18/10/2024,09:19:47,24979.8,24975,150,24978.35,250,0,547400
NIFTY-III.NFO,18/10/2024,09:19:48,24979.8,24975,150,24976.7,625,0,547400
NIFTY-III.NFO,18/10/2024,09:19:50,24978,24975,125,24977.6,125,50,547400
NIFTY-III.NFO,18/10/2024,09:19:52,24978.7,24975,75,24979.45,125,75,547400
NIFTY-III.NFO,18/10/2024,09:19:53,24980,24979.8,25,24980.5,75,75,547400
NIFTY-III.NFO,18/10/2024,09:19:55,24979.8,24975,150,24977.85,175,50,547400
NIFTY-III.NFO,18/10/2024,09:19:57,24979.8,24975,150,24979.25,50,0,547400
NIFTY-III.NFO,18/10/2024,09:19:58,24979.9,24978,25,24978.7,125,25,547400
NIFTY-III.NFO,18/10/2024,09:20:00,24978,24975,150,24977.8,50,25,547400
NIFTY-III.NFO,18/10/2024,09:20:02,24978,24975,275,24976.35,125,0,547400
NIFTY-III.NFO,18/10/2024,09:20:03,24975,24975,25,24975.8,50,275,547400
NIFTY-III.NFO,18/10/2024,09:20:05,24975,24975,50,24976.45,500,0,547400
NIFTY-III.NFO,18/10/2024,09:20:07,24976.45,24970,350,24975.6,175,100,547400
NIFTY-III.NFO,18/10/2024,09:20:08,24974.25,24970,375,24974.35,125,50,547400
NIFTY-III.NFO,18/10/2024,09:20:10,24975,24970,375,24974.95,250,25,547400
NIFTY-III.NFO,18/10/2024,09:20:12,24970,24970,175,24974.95,250,200,547400
NIFTY-III.NFO,18/10/2024,09:20:13,24970,24970,175,24976,500,0,547400
NIFTY-III.NFO,18/10/2024,09:20:15,24970,24970,175,24974.95,525,0,547400
NIFTY-III.NFO,18/10/2024,09:20:17,24970,24970,125,24972.2,125,75,547400
NIFTY-III.NFO,18/10/2024,09:20:18,24970,24970,100,24971,125,50,547400
NIFTY-III.NFO,18/10/2024,09:20:20,24972.05,24970,25,24973.45,50,175,547400
NIFTY-III.NFO,18/10/2024,09:20:22,24968,24965,500,24967.25,50,75,547400
NIFTY-III.NFO,18/10/2024,09:20:23,24968,24965,500,24968.2,50,0,547400
NIFTY-III.NFO,18/10/2024,09:20:25,24968,24965,500,24967.1,50,0,547400
NIFTY-III.NFO,18/10/2024,09:20:27,24965,24960,150,24964.35,50,525,547400
NIFTY-III.NFO,18/10/2024,09:20:28,24960,24960,125,24964.45,50,50,547400
NIFTY-III.NFO,18/10/2024,09:20:30,24960,24960,125,24965,25,0,547400
NIFTY-III.NFO,18/10/2024,09:20:32,24960,24960,125,24964.95,525,0,547400
NIFTY-III.NFO,18/10/2024,09:20:33,24965,24960.6,100,24969.55,125,25,547400
NIFTY-III.NFO,18/10/2024,09:20:35,24965,24961.4,150,24969.5,50,0,547400
NIFTY-III.NFO,18/10/2024,09:20:37,24962.8,24962.8,50,24970,50,150,547400
NIFTY-III.NFO,18/10/2024,09:20:38,24962.8,24965.75,100,24970,50,0,547400
NIFTY-III.NFO,18/10/2024,09:20:40,24962.8,24965.25,50,24970,50,0,547400
NIFTY-III.NFO,18/10/2024,09:20:42,24962.8,24965,25,24970,50,0,547400
NIFTY-III.NFO,18/10/2024,09:20:43,24960.15,24960.8,25,24968.55,100,100,547400
NIFTY-III.NFO,18/10/2024,09:20:45,24963,24961.35,100,24962.8,50,25,547400
NIFTY-III.NFO,18/10/2024,09:20:47,24962.3,24962.8,75,24967.1,50,175,547400
NIFTY-III.NFO,18/10/2024,09:20:48,24970,24963.3,25,24970,25,75,547400
NIFTY-III.NFO,18/10/2024,09:20:50,24970,24962.85,25,24970.55,100,25,547400
NIFTY-III.NFO,18/10/2024,09:20:52,24962.8,24963.2,50,24971.3,150,50,547400
NIFTY-III.NFO,18/10/2024,09:20:53,24962.8,24963.2,75,24968.65,100,175,547400
NIFTY-III.NFO,18/10/2024,09:20:55,24962.8,24964.45,50,24972.75,50,200,547400
NIFTY-III.NFO,18/10/2024,09:20:57,24962.8,24969.3,250,24971.65,100,0,547400
NIFTY-III.NFO,18/10/2024,09:20:58,24962.8,24969.3,250,24970,100,0,547400
NIFTY-III.NFO,18/10/2024,09:21:00,24970,24969.3,250,24970,75,25,547400
NIFTY-III.NFO,18/10/2024,09:21:02,24970,24969.3,250,24970,25,50,547400
NIFTY-III.NFO,18/10/2024,09:21:03,24970,24969.3,250,24970,25,0,547400
NIFTY-III.NFO,18/10/2024,09:21:07,24970,24973,225,24974.5,275,50,547400
NIFTY-III.NFO,18/10/2024,09:21:08,24973,24970,25,24974.65,100,225,547400
NIFTY-III.NFO,18/10/2024,09:21:10,24970,24965.35,50,24970,100,25,547400
NIFTY-III.NFO,18/10/2024,09:21:12,24970,24965.85,50,24970,100,0,547400
NIFTY-III.NFO,18/10/2024,09:21:13,24970,24966.55,50,24970,100,0,547400
NIFTY-III.NFO,18/10/2024,09:21:15,24970,24967.1,25,24970,125,25,547400
NIFTY-III.NFO,18/10/2024,09:21:17,24965.75,24967.15,25,24970,125,400,547400
NIFTY-III.NFO,18/10/2024,09:21:18,24970,24967.55,100,24970,75,50,547400
NIFTY-III.NFO,18/10/2024,09:21:20,24970,24967.15,25,24970,75,0,547400
NIFTY-III.NFO,18/10/2024,09:21:22,24970,24966.85,25,24970,325,0,547400
NIFTY-III.NFO,18/10/2024,09:21:23,24970,24966.25,25,24970,275,0,547400
NIFTY-III.NFO,18/10/2024,09:21:25,24970,24965.9,100,24970,225,25,547400
NIFTY-III.NFO,18/10/2024,09:21:27,24970,24965.8,25,24968.8,100,25,547400
NIFTY-III.NFO,18/10/2024,09:21:28,24970,24965.8,25,24969.95,100,0,547400
NIFTY-III.NFO,18/10/2024,09:21:30,24968,24962.2,50,24968,175,25,547400
NIFTY-III.NFO,18/10/2024,09:21:32,24967.85,24965.8,25,24967.1,50,25,547400
NIFTY-III.NFO,18/10/2024,09:21:33,24967.1,24965.8,25,24967.1,25,25,547400
NIFTY-III.NFO,18/10/2024,09:21:35,24966.3,24965.8,25,24967.1,25,25,547400
NIFTY-III.NFO,18/10/2024,09:21:37,24965.9,24963.85,100,24965,150,25,547400
NIFTY-III.NFO,18/10/2024,09:21:38,24967.1,24965.95,100,24969.1,100,175,547400
NIFTY-III.NFO,18/10/2024,09:21:40,24962.25,24965.2,25,24967.1,375,150,547400
NIFTY-III.NFO,18/10/2024,09:21:42,24966.6,24965.2,25,24966.6,100,100,547400
NIFTY-III.NFO,18/10/2024,09:21:43,24965.2,24962,75,24965.7,25,225,547400
NIFTY-III.NFO,18/10/2024,09:21:45,24962.25,24962,75,24966.85,100,150,549075
NIFTY-III.NFO,18/10/2024,09:21:47,24962.25,24962.85,100,24965,25,0,549075
NIFTY-III.NFO,18/10/2024,09:21:48,24962.25,24962,25,24963.7,500,0,549075
NIFTY-III.NFO,18/10/2024,09:21:50,24962.5,24960.1,100,24961.8,100,250,549075
NIFTY-III.NFO,18/10/2024,09:21:52,24962.5,24961.05,100,24963.75,125,0,549075
NIFTY-III.NFO,18/10/2024,09:21:53,24955.35,24955.05,50,24960.45,50,475,549075
NIFTY-III.NFO,18/10/2024,09:21:53,24955.35,24955.05,50,24960.45,50,0,549075
NIFTY-III.NFO,18/10/2024,09:21:55,24957,24955,75,24960.15,50,50,549075
NIFTY-III.NFO,18/10/2024,09:21:57,24958.55,24956.05,25,24958.55,250,50,549075
NIFTY-III.NFO,18/10/2024,09:21:58,24960.95,24956.95,25,24963.75,250,25,549075
NIFTY-III.NFO,18/10/2024,09:22:00,24963.75,24956.25,100,24959.15,100,300,549075
NIFTY-III.NFO,18/10/2024,09:22:02,24956,24955.35,25,24955.9,25,200,549075
NIFTY-III.NFO,18/10/2024,09:22:03,24956,24956,25,24958.9,100,0,549075
NIFTY-III.NFO,18/10/2024,09:22:05,24953,24956.85,100,24961.9,75,300,549075
NIFTY-III.NFO,18/10/2024,09:22:05,24953,24956.85,100,24961.9,75,0,549075
NIFTY-III.NFO,18/10/2024,09:22:07,24953,24954.3,25,24959.2,125,0,549075
NIFTY-III.NFO,18/10/2024,09:22:08,24953,24954.65,50,24959.7,75,0,549075
NIFTY-III.NFO,18/10/2024,09:22:10,24953,24955.6,100,24960,25,100,549075
NIFTY-III.NFO,18/10/2024,09:22:12,24953,24953,100,24960,25,0,549075
NIFTY-III.NFO,18/10/2024,09:22:13,24953,24954.85,100,24960,25,0,549075
NIFTY-III.NFO,18/10/2024,09:22:15,24953,24956.95,25,24960,100,0,549075
NIFTY-III.NFO,18/10/2024,09:22:17,24954.1,24953.9,50,24959.9,75,200,549075
NIFTY-III.NFO,18/10/2024,09:22:19,24954.1,24956.9,25,24960,150,0,549075
NIFTY-III.NFO,18/10/2024,09:22:20,24954.1,24954.9,100,24960,175,0,549075
NIFTY-III.NFO,18/10/2024,09:22:22,24960,24954.6,100,24960,150,25,549075
NIFTY-III.NFO,18/10/2024,09:22:24,24954.35,24956,100,24960,150,50,549075
NIFTY-III.NFO,18/10/2024,09:22:25,24954.35,24956.35,25,24960,150,0,549075
NIFTY-III.NFO,18/10/2024,09:22:27,24954.35,24957.1,50,24960,150,0,549075
NIFTY-III.NFO,18/10/2024,09:22:29,24960,24960,50,24962.5,25,175,549075
NIFTY-III.NFO,18/10/2024,09:22:30,24960,24957.25,25,24960,450,50,549075
NIFTY-III.NFO,18/10/2024,09:22:32,24954.7,24953.15,75,24959.95,100,50,549075
NIFTY-III.NFO,18/10/2024,09:22:34,24953.55,24953.55,75,24960,450,25,549075
NIFTY-III.NFO,18/10/2024,09:22:35,24953.55,24954.3,100,24960,900,0,549075
NIFTY-III.NFO,18/10/2024,09:22:37,24954,24953.3,125,24959.25,50,25,549075
NIFTY-III.NFO,18/10/2024,09:22:39,24953.3,24953.2,125,24959.35,150,50,549075
NIFTY-III.NFO,18/10/2024,09:22:40,24959.25,24954.35,25,24959.1,150,25,549075
NIFTY-III.NFO,18/10/2024,09:22:42,24959.25,24954.35,25,24955,25,0,549075
NIFTY-III.NFO,18/10/2024,09:22:45,24959.95,24955.1,25,24959.8,100,50,549075
NIFTY-III.NFO,18/10/2024,09:22:47,24953.55,24953,75,24958.95,100,100,549075
NIFTY-III.NFO,18/10/2024,09:22:49,24952.95,24952.6,25,24954,200,100,549075
NIFTY-III.NFO,18/10/2024,09:22:49,24952.95,24952.6,25,24954,200,0,549075
NIFTY-III.NFO,18/10/2024,09:22:50,24952.95,24952.6,25,24953.95,100,0,549075
NIFTY-III.NFO,18/10/2024,09:22:52,24954,24953,25,24954,150,50,549075
NIFTY-III.NFO,18/10/2024,09:22:54,24954,24953,25,24954,150,0,549075
NIFTY-III.NFO,18/10/2024,09:22:55,24954,24953,25,24954,125,25,549075
NIFTY-III.NFO,18/10/2024,09:22:57,24954,24953,25,24954,100,25,549075
NIFTY-III.NFO,18/10/2024,09:22:59,24956.1,24953,25,24956.8,100,425,549075
NIFTY-III.NFO,18/10/2024,09:23:00,24956.1,24953,25,24956.4,100,0,549075
NIFTY-III.NFO,18/10/2024,09:23:02,24956.1,24953,25,24956.5,100,0,549075
NIFTY-III.NFO,18/10/2024,09:23:04,24952,24952,25,24953.75,100,125,549075
NIFTY-III.NFO,18/10/2024,09:23:04,24952,24952,25,24953.75,100,0,549075
NIFTY-III.NFO,18/10/2024,09:23:05,24954.8,24952,25,24954.8,75,25,549075
NIFTY-III.NFO,18/10/2024,09:23:07,24952,24951,50,24952,225,25,549075
NIFTY-III.NFO,18/10/2024,09:23:09,24952,24950.05,25,24952,200,75,549075
NIFTY-III.NFO,18/10/2024,09:23:09,24951,24950.05,25,24952,200,0,549075
NIFTY-III.NFO,18/10/2024,09:23:10,24952,24950.05,25,24952,100,100,549075
NIFTY-III.NFO,18/10/2024,09:23:12,24952,24950.5,25,24952,25,75,549075
NIFTY-III.NFO,18/10/2024,09:23:14,24952,24951,50,24954.8,25,75,549075
NIFTY-III.NFO,18/10/2024,09:23:14,24950.05,24951,50,24954.8,25,0,549075
NIFTY-III.NFO,18/10/2024,09:23:15,24952,24952,25,24954.8,25,0,549075
NIFTY-III.NFO,18/10/2024,09:23:19,24952,24952,75,24954.8,25,0,549075
NIFTY-III.NFO,18/10/2024,09:23:20,24952,24952,75,24954.75,75,0,549075
NIFTY-III.NFO,18/10/2024,09:23:22,24952,24952,100,24954.8,25,0,549075
NIFTY-III.NFO,18/10/2024,09:23:25,24952,24951,50,24954.8,25,125,549075
NIFTY-III.NFO,18/10/2024,09:23:27,24950,24952,25,24954.75,75,700,549075
NIFTY-III.NFO,18/10/2024,09:23:27,24950,24952,25,24954.75,75,0,549075
NIFTY-III.NFO,18/10/2024,09:23:29,24950,24952,25,24953.95,125,0,549075
NIFTY-III.NFO,18/10/2024,09:23:30,24950,24952,25,24954.8,25,0,549075
NIFTY-III.NFO,18/10/2024,09:23:32,24950,24952,25,24954.4,125,0,549075
NIFTY-III.NFO,18/10/2024,09:23:34,24952.05,24952,25,24952.1,250,75,549075
NIFTY-III.NFO,18/10/2024,09:23:35,24950,24948,225,24950,725,100,549075
NIFTY-III.NFO,18/10/2024,09:23:37,24950,24948,225,24950,725,0,549075
NIFTY-III.NFO,18/10/2024,09:23:40,24950,24949.9,25,24950,700,50,549075
NIFTY-III.NFO,18/10/2024,09:23:42,24949.9,24948,225,24950,700,25,549075
NIFTY-III.NFO,18/10/2024,09:23:42,24949.9,24948,225,24950,700,0,549075
NIFTY-III.NFO,18/10/2024,09:23:44,24950,24948,225,24950,675,75,549075
NIFTY-III.NFO,18/10/2024,09:23:45,24950,24949.9,25,24950,650,25,549075
NIFTY-III.NFO,18/10/2024,09:23:47,24950,24949.9,25,24950,600,75,549075
NIFTY-III.NFO,18/10/2024,09:23:49,24950,24949.05,100,24949.9,75,325,549075
NIFTY-III.NFO,18/10/2024,09:23:50,24950,24949,50,24950,225,175,549075
NIFTY-III.NFO,18/10/2024,09:23:50,24949.8,24949,50,24950,225,0,549075
NIFTY-III.NFO,18/10/2024,09:23:52,24948,24948,150,24950,175,250,549075
NIFTY-III.NFO,18/10/2024,09:23:52,24948,24948,150,24950,175,0,549075
NIFTY-III.NFO,18/10/2024,09:23:54,24950,24947,25,24950,550,250,549075
NIFTY-III.NFO,18/10/2024,09:23:54,24945.45,24947,25,24950,550,0,549075
NIFTY-III.NFO,18/10/2024,09:23:55,24950,24947,75,24950,425,125,549075
NIFTY-III.NFO,18/10/2024,09:23:57,24950,24947.6,25,24950,450,0,549075
NIFTY-III.NFO,18/10/2024,09:23:59,24950,24947.85,25,24950,325,150,549075
NIFTY-III.NFO,18/10/2024,09:24:00,24950,24947.95,75,24950,25,325,549075
NIFTY-III.NFO,18/10/2024,09:24:02,24950,24947.3,25,24950,50,0,549075
NIFTY-III.NFO,18/10/2024,09:24:03,24950,24946.95,75,24950,25,50,549075
NIFTY-III.NFO,18/10/2024,09:24:05,24950,24947.05,25,24950,25,25,549075
NIFTY-III.NFO,18/10/2024,09:24:07,24950,24947.05,25,24952.25,100,25,549075
NIFTY-III.NFO,18/10/2024,09:24:08,24947.05,24947,25,24954.85,100,25,549075
NIFTY-III.NFO,18/10/2024,09:24:10,24947.55,24949,700,24954.1,100,125,549075
NIFTY-III.NFO,18/10/2024,09:24:12,24947.55,24949,700,24952.65,150,0,549075
NIFTY-III.NFO,18/10/2024,09:24:13,24947.55,24949,700,24951.2,100,0,549075
NIFTY-III.NFO,18/10/2024,09:24:15,24947.55,24950,25,24954.2,100,0,549075
NIFTY-III.NFO,18/10/2024,09:24:17,24947.55,24950,25,24954.95,100,0,549075
NIFTY-III.NFO,18/10/2024,09:24:19,24950,24951,675,24955,550,75,549075
NIFTY-III.NFO,18/10/2024,09:24:20,24951,24951,150,24954.95,100,550,549075
NIFTY-III.NFO,18/10/2024,09:24:22,24951,24947.55,50,24950,50,150,549075
NIFTY-III.NFO,18/10/2024,09:24:24,24942.25,24947.05,25,24950,50,500,549075
NIFTY-III.NFO,18/10/2024,09:24:24,24942.25,24947.05,25,24950,50,0,549075
NIFTY-III.NFO,18/10/2024,09:24:25,24950,24947.05,25,24950,50,25,549075
NIFTY-III.NFO,18/10/2024,09:24:27,24950,24947.05,25,24949.95,100,25,549075
NIFTY-III.NFO,18/10/2024,09:24:29,24943.05,24947,25,24949.95,100,100,549075
NIFTY-III.NFO,18/10/2024,09:24:30,24947,24947,25,24950,50,25,549075
NIFTY-III.NFO,18/10/2024,09:24:32,24949.95,24947,25,24949.4,50,50,549075
NIFTY-III.NFO,18/10/2024,09:24:34,24949.95,24947,25,24949.85,50,0,549075
NIFTY-III.NFO,18/10/2024,09:24:35,24947,24946.05,25,24950,600,25,549075
NIFTY-III.NFO,18/10/2024,09:24:37,24949.95,24945.55,75,24950,600,75,549075
NIFTY-III.NFO,18/10/2024,09:24:38,24945.55,24945.6,50,24950,600,25,549075
NIFTY-III.NFO,18/10/2024,09:24:40,24945,24945,25,24949.9,50,25,549075
NIFTY-III.NFO,18/10/2024,09:24:42,24945,24944.5,25,24949.95,25,0,549075
NIFTY-III.NFO,18/10/2024,09:24:43,24945,24945.05,25,24949.95,25,0,549075
NIFTY-III.NFO,18/10/2024,09:24:45,24945,24945.9,25,24949.95,25,0,549075
NIFTY-III.NFO,18/10/2024,09:24:47,24946.1,24946.05,200,24950,650,125,549500
NIFTY-III.NFO,18/10/2024,09:24:48,24946.25,24946.55,250,24950,650,25,549500
NIFTY-III.NFO,18/10/2024,09:24:50,24945.95,24945.6,25,24950,650,25,549500
NIFTY-III.NFO,18/10/2024,09:24:52,24945.6,24945.6,25,24950,675,25,549500
NIFTY-III.NFO,18/10/2024,09:24:53,24946,24945.6,25,24949,25,25,549500
NIFTY-III.NFO,18/10/2024,09:24:55,24946,24945.6,25,24949,25,0,549500
NIFTY-III.NFO,18/10/2024,09:24:58,24946,24944.75,25,24949,25,0,549500
NIFTY-III.NFO,18/10/2024,09:25:00,24947.9,24945.65,200,24949,25,25,549500
NIFTY-III.NFO,18/10/2024,09:25:02,24950,24946.6,25,24950,550,175,549500
NIFTY-III.NFO,18/10/2024,09:25:03,24951,24952.9,200,24958.1,75,625,549500
NIFTY-III.NFO,18/10/2024,09:25:05,24952.9,24951.85,500,24959,50,25,549500
NIFTY-III.NFO,18/10/2024,09:25:07,24959.45,24951.4,25,24959.3,50,75,549500
NIFTY-III.NFO,18/10/2024,09:25:08,24952.9,24950.45,25,24959.2,100,25,549500
NIFTY-III.NFO,18/10/2024,09:25:10,24957.75,24951.25,75,24959.3,150,50,549500
NIFTY-III.NFO,18/10/2024,09:25:12,24959.2,24955,25,24959.8,100,25,549500
NIFTY-III.NFO,18/10/2024,09:25:13,24960,24956.75,100,24960.9,25,75,549500
NIFTY-III.NFO,18/10/2024,09:25:15,24957.65,24957.9,75,24960.9,25,25,549500
NIFTY-III.NFO,18/10/2024,09:25:16,24960,24959.3,75,24960,50,75,549500
NIFTY-III.NFO,18/10/2024,09:25:18,24959.15,24959.15,50,24960,75,25,549500
NIFTY-III.NFO,18/10/2024,09:25:20,24959.15,24957.65,175,24960,75,0,549500
NIFTY-III.NFO,18/10/2024,09:25:21,24959.15,24957.2,25,24960,75,0,549500
NIFTY-III.NFO,18/10/2024,09:25:23,24960,24956.05,25,24960,475,100,549500
NIFTY-III.NFO,18/10/2024,09:25:25,24960,24959.15,25,24960,450,25,549500
NIFTY-III.NFO,18/10/2024,09:25:26,24960,24959.35,75,24960,475,25,549500
NIFTY-III.NFO,18/10/2024,09:25:28,24960,24959.15,50,24960,475,0,549500
NIFTY-III.NFO,18/10/2024,09:25:30,24960,24959.15,50,24960,450,25,549500
NIFTY-III.NFO,18/10/2024,09:25:31,24960,24959.15,50,24960,450,0,549500
NIFTY-III.NFO,18/10/2024,09:25:33,24959.15,24955,75,24959.3,25,50,549500
NIFTY-III.NFO,18/10/2024,09:25:35,24958,24955,50,24958,375,25,549500
NIFTY-III.NFO,18/10/2024,09:25:36,24958,24955,50,24958,375,0,549500
NIFTY-III.NFO,18/10/2024,09:25:38,24958,24955,50,24957.55,100,0,549500
NIFTY-III.NFO,18/10/2024,09:25:40,24950,24950.25,25,24956.15,100,75,549500
NIFTY-III.NFO,18/10/2024,09:25:41,24952,24950,25,24953.35,100,50,549500
NIFTY-III.NFO,18/10/2024,09:25:43,24950,24945,50,24950.35,100,25,549500
NIFTY-III.NFO,18/10/2024,09:25:45,24950,24947.85,25,24950,25,0,549500
NIFTY-III.NFO,18/10/2024,09:25:46,24950,24947.85,25,24953.05,100,25,549500
NIFTY-III.NFO,18/10/2024,09:25:48,24950,24950,75,24952.2,100,0,549500
NIFTY-III.NFO,18/10/2024,09:25:50,24950,24950.05,25,24951.85,100,0,549500
NIFTY-III.NFO,18/10/2024,09:25:51,24952.45,24950,75,24951.5,125,25,549500
NIFTY-III.NFO,18/10/2024,09:25:53,24950,24950,25,24951.95,75,75,549500
NIFTY-III.NFO,18/10/2024,09:25:55,24950,24946.9,25,24951.2,75,25,549500
NIFTY-III.NFO,18/10/2024,09:25:56,24945,24945,25,24948.95,125,25,549500
NIFTY-III.NFO,18/10/2024,09:25:58,24946.95,24945,25,24947.35,75,25,549500
NIFTY-III.NFO,18/10/2024,09:26:00,24945.95,24942.9,25,24945.5,50,50,549500
NIFTY-III.NFO,18/10/2024,09:26:01,24945.95,24942.9,25,24945.25,50,0,549500
NIFTY-III.NFO,18/10/2024,09:26:03,24942.8,24941.3,75,24944.95,50,100,549500
NIFTY-III.NFO,18/10/2024,09:26:05,24942.8,24941.1,25,24944.95,50,0,549500
NIFTY-III.NFO,18/10/2024,09:26:06,24944.4,24943.3,25,24944.4,325,100,549500
NIFTY-III.NFO,18/10/2024,09:26:08,24944.4,24942.55,25,24944.35,50,0,549500
NIFTY-III.NFO,18/10/2024,09:26:10,24942,24941.25,25,24944.4,325,25,549500
NIFTY-III.NFO,18/10/2024,09:26:10,24942,24941.25,25,24944.4,325,0,549500
NIFTY-III.NFO,18/10/2024,09:26:11,24944.35,24941.25,25,24944.35,25,25,549500
NIFTY-III.NFO,18/10/2024,09:26:13,24942,24941.25,25,24942,175,150,549500
NIFTY-III.NFO,18/10/2024,09:26:14,24945,24941.3,150,24945,950,225,549500
NIFTY-III.NFO,18/10/2024,09:26:16,24945,24941.1,100,24945,950,0,549500
NIFTY-III.NFO,18/10/2024,09:26:18,24945,24942.4,25,24942.8,25,0,549500
NIFTY-III.NFO,18/10/2024,09:26:19,24945,24942.5,50,24945,675,300,549500
NIFTY-III.NFO,18/10/2024,09:26:21,24945,24942.6,25,24945,500,175,549500
NIFTY-III.NFO,18/10/2024,09:26:23,24945,24942,50,24945,500,0,549500
NIFTY-III.NFO,18/10/2024,09:26:24,24945,24942.6,25,24945,425,75,549500
NIFTY-III.NFO,18/10/2024,09:26:26,24945,24944.7,25,24945,225,200,549500
NIFTY-III.NFO,18/10/2024,09:26:28,24945.6,24945.65,100,24950,25,250,549500
NIFTY-III.NFO,18/10/2024,09:26:29,24950,24950,275,24953.95,100,175,549500
NIFTY-III.NFO,18/10/2024,09:26:31,24950,24950.05,225,24954,25,0,549500
NIFTY-III.NFO,18/10/2024,09:26:33,24950,24953.95,25,24954,25,0,549500
NIFTY-III.NFO,18/10/2024,09:26:36,24954,24954,50,24960,75,25,549500
NIFTY-III.NFO,18/10/2024,09:26:37,24954,24953.95,25,24958.7,100,0,549500
NIFTY-III.NFO,18/10/2024,09:26:39,24954,24953.95,25,24958.8,100,0,549500
NIFTY-III.NFO,18/10/2024,09:26:41,24954,24954,100,24960,100,0,549500
NIFTY-III.NFO,18/10/2024,09:26:42,24954,24956.8,100,24960,100,0,549500
NIFTY-III.NFO,18/10/2024,09:26:44,24954,24958.1,50,24959.65,250,0,549500
NIFTY-III.NFO,18/10/2024,09:26:46,24954,24958.2,50,24959.65,250,0,549500
NIFTY-III.NFO,18/10/2024,09:26:47,24959.65,24955.15,75,24959.65,200,50,549500
NIFTY-III.NFO,18/10/2024,09:26:49,24959.65,24955.75,75,24959.65,150,75,549500
NIFTY-III.NFO,18/10/2024,09:26:51,24959.65,24954.85,75,24959.65,150,0,549500
NIFTY-III.NFO,18/10/2024,09:26:52,24959.65,24954.3,50,24959.65,125,25,549500
NIFTY-III.NFO,18/10/2024,09:26:54,24959.65,24954.05,125,24959.65,125,0,549500
NIFTY-III.NFO,18/10/2024,09:26:56,24959.65,24954.05,125,24959.65,50,75,549500
NIFTY-III.NFO,18/10/2024,09:26:57,24959.6,24955,25,24959.6,100,50,549500
NIFTY-III.NFO,18/10/2024,09:26:59,24959.6,24955,25,24956,50,0,549500
NIFTY-III.NFO,18/10/2024,09:27:02,24956,24955.05,100,24956,25,25,549500
NIFTY-III.NFO,18/10/2024,09:27:04,24956,24955,25,24960,100,25,549500
NIFTY-III.NFO,18/10/2024,09:27:05,24956,24955.05,100,24960,100,0,549500
NIFTY-III.NFO,18/10/2024,09:27:07,24956,24955,25,24960,100,0,549500
NIFTY-III.NFO,18/10/2024,09:27:09,24955,24954.1,25,24960,75,25,549500
NIFTY-III.NFO,18/10/2024,09:27:10,24955,24954,75,24959.95,100,0,549500
NIFTY-III.NFO,18/10/2024,09:27:12,24956,24956.05,100,24960,75,25,549500
NIFTY-III.NFO,18/10/2024,09:27:14,24956,24956,75,24960,75,0,549500
NIFTY-III.NFO,18/10/2024,09:27:15,24956,24956,75,24959.95,100,0,549500
NIFTY-III.NFO,18/10/2024,09:27:17,24956,24956,100,24960,75,0,549500
NIFTY-III.NFO,18/10/2024,09:27:19,24956,24956,100,24959.45,100,0,549500
NIFTY-III.NFO,18/10/2024,09:27:20,24959.75,24956,50,24959.4,75,75,549500
NIFTY-III.NFO,18/10/2024,09:27:22,24959.75,24956,50,24960,25,0,549500
NIFTY-III.NFO,18/10/2024,09:27:25,24960,24956.05,150,24964.75,75,25,549500
NIFTY-III.NFO,18/10/2024,09:27:27,24964.7,24956,50,24963.55,50,25,549500
NIFTY-III.NFO,18/10/2024,09:27:29,24964.7,24956,75,24963.25,50,0,549500
NIFTY-III.NFO,18/10/2024,09:27:31,24964.7,24956,50,24961.1,50,0,549500
NIFTY-III.NFO,18/10/2024,09:27:32,24964.7,24956,50,24964.05,50,0,549500
NIFTY-III.NFO,18/10/2024,09:27:34,24960,24956,25,24963.55,50,25,549500
NIFTY-III.NFO,18/10/2024,09:27:36,24960,24956.05,150,24964.15,50,0,549500
NIFTY-III.NFO,18/10/2024,09:27:37,24960,24956.1,150,24964.95,50,0,549500
NIFTY-III.NFO,18/10/2024,09:27:39,24960,24956,25,24962.65,50,0,549500
NIFTY-III.NFO,18/10/2024,09:27:41,24964.15,24957.6,100,24965,25,75,549500
NIFTY-III.NFO,18/10/2024,09:27:42,24964.15,24958.15,100,24965,25,0,549500
NIFTY-III.NFO,18/10/2024,09:27:44,24964.15,24957.8,25,24964.95,50,0,549500
NIFTY-III.NFO,18/10/2024,09:27:46,24964.15,24957.85,100,24965,25,0,549500
NIFTY-III.NFO,18/10/2024,09:27:47,24964,24957.8,25,24964.55,50,50,549000
NIFTY-III.NFO,18/10/2024,09:27:49,24964,24958.65,25,24964.95,50,0,549000
NIFTY-III.NFO,18/10/2024,09:27:50,24963.9,24958.05,100,24965,25,200,549000
NIFTY-III.NFO,18/10/2024,09:27:52,24963.9,24957.8,25,24963.5,50,0,549000
NIFTY-III.NFO,18/10/2024,09:27:54,24963.9,24958,50,24962.65,50,0,549000
NIFTY-III.NFO,18/10/2024,09:27:55,24963.9,24958,50,24961.35,50,0,549000
NIFTY-III.NFO,18/10/2024,09:27:57,24957.8,24956,25,24960.8,125,75,549000
NIFTY-III.NFO,18/10/2024,09:27:59,24957.8,24956,25,24962.1,125,0,549000
NIFTY-III.NFO,18/10/2024,09:28:00,24957.8,24956,25,24963.85,125,0,549000
NIFTY-III.NFO,18/10/2024,09:28:02,24957.8,24956.05,50,24960.55,250,0,549000
NIFTY-III.NFO,18/10/2024,09:28:04,24957.8,24956.05,50,24960.45,300,0,549000
NIFTY-III.NFO,18/10/2024,09:28:05,24957.8,24956.05,50,24959.45,125,0,549000
NIFTY-III.NFO,18/10/2024,09:28:07,24957.8,24956.05,50,24960,25,0,549000
NIFTY-III.NFO,18/10/2024,09:28:09,24961.15,24956.1,25,24961.5,125,50,549000
NIFTY-III.NFO,18/10/2024,09:28:10,24964.85,24956.85,100,24965,25,500,549000
NIFTY-III.NFO,18/10/2024,09:28:12,24957.15,24956.75,100,24964.6,50,50,549000
NIFTY-III.NFO,18/10/2024,09:28:14,24957.15,24960,50,24965,25,0,549000
NIFTY-III.NFO,18/10/2024,09:28:15,24957.15,24960.05,25,24965,25,0,549000
NIFTY-III.NFO,18/10/2024,09:28:17,24957.15,24960.05,100,24965,25,0,549000
NIFTY-III.NFO,18/10/2024,09:28:18,24957.15,24960.1,50,24964,50,0,549000
NIFTY-III.NFO,18/10/2024,09:28:20,24957.15,24960.15,25,24963.95,50,0,549000
NIFTY-III.NFO,18/10/2024,09:28:22,24963.95,24960.25,25,24963.95,25,25,549000
NIFTY-III.NFO,18/10/2024,09:28:23,24960,24960,75,24963.25,100,125,549000
NIFTY-III.NFO,18/10/2024,09:28:25,24962.15,24960,75,24960.1,100,25,549000
NIFTY-III.NFO,18/10/2024,09:28:27,24962.15,24960,75,24960.1,100,0,549000
NIFTY-III.NFO,18/10/2024,09:28:30,24960.1,24955.05,25,24960.1,75,100,549000
NIFTY-III.NFO,18/10/2024,09:28:32,24960.1,24955.1,25,24960.1,75,0,549000
NIFTY-III.NFO,18/10/2024,09:28:33,24960.1,24955.1,25,24960,75,0,549000
NIFTY-III.NFO,18/10/2024,09:28:35,24960.1,24955.95,150,24960,75,0,549000
NIFTY-III.NFO,18/10/2024,09:28:37,24960.1,24955.1,100,24960,75,0,549000
NIFTY-III.NFO,18/10/2024,09:28:38,24960.1,24955.1,25,24960,75,0,549000
NIFTY-III.NFO,18/10/2024,09:28:40,24960.1,24957.75,25,24960,75,0,549000
NIFTY-III.NFO,18/10/2024,09:28:43,24960.1,24957.75,25,24960,100,0,549000
NIFTY-III.NFO,18/10/2024,09:28:45,24955,24954.9,100,24960,25,75,549000
NIFTY-III.NFO,18/10/2024,09:28:47,24955,24956.8,100,24960,275,0,549000
NIFTY-III.NFO,18/10/2024,09:28:48,24955,24956.95,25,24960,275,0,549000
NIFTY-III.NFO,18/10/2024,09:28:50,24955,24957,25,24960,275,0,549000
NIFTY-III.NFO,18/10/2024,09:28:52,24960,24958.05,25,24960,225,50,549000
NIFTY-III.NFO,18/10/2024,09:28:53,24960,24958.05,25,24960,250,0,549000
NIFTY-III.NFO,18/10/2024,09:28:55,24960,24958.15,25,24960,250,0,549000
NIFTY-III.NFO,18/10/2024,09:28:57,24960,24958.15,25,24960,200,50,549000
NIFTY-III.NFO,18/10/2024,09:28:58,24960,24958.15,25,24960,200,0,549000
NIFTY-III.NFO,18/10/2024,09:29:00,24960,24958.2,25,24960,50,150,549000
NIFTY-III.NFO,18/10/2024,09:29:02,24958.15,24958.05,25,24959.35,175,300,549000
NIFTY-III.NFO,18/10/2024,09:29:03,24958.05,24956,100,24957.6,250,25,549000
NIFTY-III.NFO,18/10/2024,09:29:05,24954,24950.05,100,24953.8,100,350,549000
NIFTY-III.NFO,18/10/2024,09:29:07,24954,24950.05,125,24953.8,175,0,549000
NIFTY-III.NFO,18/10/2024,09:29:08,24956,24950.05,125,24956.85,150,75,549000
NIFTY-III.NFO,18/10/2024,09:29:10,24956.8,24950.05,100,24956.05,200,75,549000
NIFTY-III.NFO,18/10/2024,09:29:12,24956.05,24950.1,100,24957.7,175,25,549000
NIFTY-III.NFO,18/10/2024,09:29:13,24956.35,24950.05,100,24953.75,25,25,549000
NIFTY-III.NFO,18/10/2024,09:29:15,24950,24950,700,24951.3,75,100,549000
NIFTY-III.NFO,18/10/2024,09:29:17,24950,24950,675,24951,75,0,549000
NIFTY-III.NFO,18/10/2024,09:29:18,24950,24950,650,24950.05,75,25,549000
NIFTY-III.NFO,18/10/2024,09:29:20,24950,24950.05,25,24950.5,125,250,549000
NIFTY-III.NFO,18/10/2024,09:29:22,24948.2,24945,325,24950.05,25,575,549000
NIFTY-III.NFO,18/10/2024,09:29:23,24948.2,24945,325,24949.35,75,0,549000
NIFTY-III.NFO,18/10/2024,09:29:25,24950.65,24950.2,50,24950.55,75,150,549000
NIFTY-III.NFO,18/10/2024,09:29:27,24950.55,24945,325,24950.9,25,25,549000
NIFTY-III.NFO,18/10/2024,09:29:28,24950.55,24945,325,24948.7,75,0,549000
NIFTY-III.NFO,18/10/2024,09:29:30,24948,24945,325,24951.6,300,25,549000
NIFTY-III.NFO,18/10/2024,09:29:32,24948,24945,325,24949.75,25,0,549000
NIFTY-III.NFO,18/10/2024,09:29:33,24948,24945,325,24950.55,50,0,549000
NIFTY-III.NFO,18/10/2024,09:29:35,24948,24945.05,100,24950,25,0,549000
NIFTY-III.NFO,18/10/2024,09:29:37,24948,24946.9,100,24950,25,0,549000
NIFTY-III.NFO,18/10/2024,09:29:38,24948,24946.15,100,24950,25,0,549000
NIFTY-III.NFO,18/10/2024,09:29:40,24950,24946.9,100,24953.9,75,100,549000
NIFTY-III.NFO,18/10/2024,09:29:42,24950,24946.25,100,24953.75,75,0,549000
NIFTY-III.NFO,18/10/2024,09:29:43,24950,24950.4,25,24953.5,75,0,549000
NIFTY-III.NFO,18/10/2024,09:29:45,24950.4,24948,25,24951.45,75,25,549000
NIFTY-III.NFO,18/10/2024,09:29:47,24950.4,24948,25,24951.05,250,0,549000
NIFTY-III.NFO,18/10/2024,09:29:48,24950.4,24948,25,24951.5,25,0,549000
NIFTY-III.NFO,18/10/2024,09:29:50,24948,24947,150,24950.45,225,25,549000
NIFTY-III.NFO,18/10/2024,09:29:52,24947,24947,75,24951.75,25,75,549000
NIFTY-III.NFO,18/10/2024,09:29:53,24945,24945,200,24948.4,75,200,549000
NIFTY-III.NFO,18/10/2024,09:29:55,24945,24945,200,24948.4,75,0,549000
NIFTY-III.NFO,18/10/2024,09:29:58,24945,24945.55,25,24949.85,25,200,549000
NIFTY-III.NFO,18/10/2024,09:30:00,24949.95,24948.1,100,24949.85,125,75,549000
NIFTY-III.NFO,18/10/2024,09:30:02,24948.1,24945.3,25,24947.7,225,100,549000
NIFTY-III.NFO,18/10/2024,09:30:03,24948.1,24945.3,100,24950.55,225,0,549000
NIFTY-III.NFO,18/10/2024,09:30:05,24948.1,24947,100,24949.65,250,0,549000
NIFTY-III.NFO,18/10/2024,09:30:07,24950,24945.05,175,24952.55,250,25,549000
NIFTY-III.NFO,18/10/2024,09:30:08,24950,24948.65,100,24953.75,125,0,549000
NIFTY-III.NFO,18/10/2024,09:30:10,24951,24950.1,75,24954,25,25,549000
NIFTY-III.NFO,18/10/2024,09:30:12,24950.9,24950.4,175,24955.2,75,25,549000
NIFTY-III.NFO,18/10/2024,09:30:13,24950.9,24952.1,125,24958.25,75,0,549000
NIFTY-III.NFO,18/10/2024,09:30:15,24955.5,24949.95,25,24955.7,475,125,549000
NIFTY-III.NFO,18/10/2024,09:30:17,24955.5,24951.35,125,24958.65,225,0,549000
NIFTY-III.NFO,18/10/2024,09:30:18,24955.5,24952.35,100,24955,125,0,549000
NIFTY-III.NFO,18/10/2024,09:30:20,24960.1,24958.4,100,24965,100,150,549000
NIFTY-III.NFO,18/10/2024,09:30:22,24968,24967.85,100,24970,50,125,549000
NIFTY-III.NFO,18/10/2024,09:30:23,24968,24967.1,100,24970,50,0,549000
NIFTY-III.NFO,18/10/2024,09:30:25,24970,24967.65,100,24975,125,50,549000
NIFTY-III.NFO,18/10/2024,09:30:27,24970,24971.7,100,24975,125,0,549000
NIFTY-III.NFO,18/10/2024,09:30:28,24975,24970.9,50,24980.45,150,125,549000
NIFTY-III.NFO,18/10/2024,09:30:30,24978.85,24975,25,24979.55,50,200,549000
NIFTY-III.NFO,18/10/2024,09:30:32,24984,24978.85,25,24986.1,75,500,549000
NIFTY-III.NFO,18/10/2024,09:30:33,24984,24978.85,25,24983.3,75,0,549000
NIFTY-III.NFO,18/10/2024,09:30:35,24980.25,24975,25,24979.7,25,825,549000
NIFTY-III.NFO,18/10/2024,09:30:37,24980.25,24975,25,24978.5,25,0,549000
NIFTY-III.NFO,18/10/2024,09:30:38,24980.25,24976.05,100,24985.05,250,0,549000
NIFTY-III.NFO,18/10/2024,09:30:40,24980.25,24980,25,24984.85,75,0,549000
NIFTY-III.NFO,18/10/2024,09:30:42,24980,24975,25,24980.3,25,575,549000
NIFTY-III.NFO,18/10/2024,09:30:43,24980,24975,25,24977,25,0,549000
NIFTY-III.NFO,18/10/2024,09:30:45,24975,24968.2,100,24975.95,25,25,549325
NIFTY-III.NFO,18/10/2024,09:30:47,24976.3,24967.4,100,24976.9,25,25,549325
NIFTY-III.NFO,18/10/2024,09:30:48,24977.55,24975,100,24980.6,125,500,549325
NIFTY-III.NFO,18/10/2024,09:30:50,24980.6,24975,100,24977.45,50,25,549325
NIFTY-III.NFO,18/10/2024,09:30:52,24979.7,24975,100,24979.8,125,25,549325
NIFTY-III.NFO,18/10/2024,09:30:53,24980.4,24975,75,24979.35,125,525,549325
NIFTY-III.NFO,18/10/2024,09:30:55,24980.4,24975.05,50,24983.05,125,0,549325
NIFTY-III.NFO,18/10/2024,09:30:57,24980.4,24975.25,50,24983.05,125,0,549325
NIFTY-III.NFO,18/10/2024,09:30:58,24980.4,24980.4,50,24983.2,125,0,549325
NIFTY-III.NFO,18/10/2024,09:31:00,24980.4,24981.2,50,24987.8,75,0,549325
NIFTY-III.NFO,18/10/2024,09:31:02,24982.2,24982.55,100,24987.95,75,50,549325
NIFTY-III.NFO,18/10/2024,09:31:03,24986.45,24986.75,100,24995.8,25,50,549325
NIFTY-III.NFO,18/10/2024,09:31:05,24986.45,24989.85,75,24996.75,25,0,549325
NIFTY-III.NFO,18/10/2024,09:31:07,24997,24995,50,25000,350,50,549325
NIFTY-III.NFO,18/10/2024,09:31:08,25000,24991.7,75,24999.75,25,50,549325
NIFTY-III.NFO,18/10/2024,09:31:10,24998.35,24990,25,24997.2,125,50,549325
NIFTY-III.NFO,18/10/2024,09:31:12,24997.95,24990,25,24997,125,150,549325
NIFTY-III.NFO,18/10/2024,09:31:13,24990.5,24990.6,100,24998.75,125,25,549325
NIFTY-III.NFO,18/10/2024,09:31:15,24990.5,24991.1,100,24998.7,25,0,549325
NIFTY-III.NFO,18/10/2024,09:31:16,24998.75,24993.9,75,24998.7,100,25,549325
NIFTY-III.NFO,18/10/2024,09:31:18,24998.75,24990,25,24990.5,25,0,549325
NIFTY-III.NFO,18/10/2024,09:31:20,24996.7,24990,25,24994.75,200,50,549325
NIFTY-III.NFO,18/10/2024,09:31:21,24996.7,24990,100,24995.3,75,0,549325
NIFTY-III.NFO,18/10/2024,09:31:23,24993.7,24990.05,50,24996.55,200,25,549325
NIFTY-III.NFO,18/10/2024,09:31:25,24993.7,24991.1,50,24998.65,125,0,549325
NIFTY-III.NFO,18/10/2024,09:31:26,24993.7,24996.35,100,24998.75,100,0,549325
NIFTY-III.NFO,18/10/2024,09:31:28,25004,24995.5,100,25004.85,375,500,549325
NIFTY-III.NFO,18/10/2024,09:31:30,25008.65,25003.35,75,25009,25,125,549325
NIFTY-III.NFO,18/10/2024,09:31:31,25008.75,24999.75,75,25008.95,425,75,549325
NIFTY-III.NFO,18/10/2024,09:31:33,25008.95,25000.7,75,25008.2,250,600,549325
NIFTY-III.NFO,18/10/2024,09:31:35,25008.95,24997.05,50,25005.1,125,0,549325
NIFTY-III.NFO,18/10/2024,09:31:36,25006.1,24996.5,100,25006.2,125,275,549325
NIFTY-III.NFO,18/10/2024,09:31:38,25006.1,24999.6,100,25009.5,250,0,549325
NIFTY-III.NFO,18/10/2024,09:31:40,25007.65,24998.7,100,25007.65,200,650,549325
NIFTY-III.NFO,18/10/2024,09:31:41,25007.65,25000,400,25002.6,125,0,549325
NIFTY-III.NFO,18/10/2024,09:31:43,25006.15,25000,400,25004.8,100,300,549325
NIFTY-III.NFO,18/10/2024,09:31:45,25004.1,25000,425,25003.45,200,400,549325
NIFTY-III.NFO,18/10/2024,09:31:46,25002.2,25000,425,25002.75,175,250,549325
NIFTY-III.NFO,18/10/2024,09:31:48,25002.05,25000,425,25003.05,375,25,549325
NIFTY-III.NFO,18/10/2024,09:31:50,25003.95,25000,425,25001.9,25,525,549325
NIFTY-III.NFO,18/10/2024,09:31:51,25004.1,25000,425,25003.4,250,25,549325
NIFTY-III.NFO,18/10/2024,09:31:53,25000,24997,25,24998.9,25,450,549325
NIFTY-III.NFO,18/10/2024,09:31:55,24997.25,24991.65,125,24998.95,25,75,549325
NIFTY-III.NFO,18/10/2024,09:31:56,24997.6,24990,50,24994.75,250,500,549325
NIFTY-III.NFO,18/10/2024,09:31:58,24990,24983.65,100,24991.9,250,50,549325
NIFTY-III.NFO,18/10/2024,09:32:00,24983.1,24984.45,100,24994.2,175,25,549325
NIFTY-III.NFO,18/10/2024,09:32:01,24983.1,24984.75,100,24993.55,125,0,549325
NIFTY-III.NFO,18/10/2024,09:32:03,24992.9,24983.1,25,24992.2,125,400,549325
NIFTY-III.NFO,18/10/2024,09:32:05,24992.9,24984.4,50,24991.9,175,0,549325
NIFTY-III.NFO,18/10/2024,09:32:06,24992.9,24983.1,25,24989.8,125,0,549325
NIFTY-III.NFO,18/10/2024,09:32:08,24991.45,24981.55,100,24990.15,175,525,549325
NIFTY-III.NFO,18/10/2024,09:32:10,24989.55,24982.65,100,24992.05,175,25,549325
NIFTY-III.NFO,18/10/2024,09:32:11,24989.55,24984.7,100,24990,25,0,549325
NIFTY-III.NFO,18/10/2024,09:32:13,24992.9,24984.25,50,24992.55,125,50,549325
NIFTY-III.NFO,18/10/2024,09:32:15,24995.6,24986.95,100,24997.05,25,400,549325
NIFTY-III.NFO,18/10/2024,09:32:16,24995.6,24989.8,50,24994.95,275,0,549325
NIFTY-III.NFO,18/10/2024,09:32:18,24995.6,24987.75,100,24994.95,275,0,549325
NIFTY-III.NFO,18/10/2024,09:32:20,24995.6,24986.6,50,24994.8,175,0,549325
NIFTY-III.NFO,18/10/2024,09:32:21,24996,24987.95,100,24996.15,175,525,549325
NIFTY-III.NFO,18/10/2024,09:32:23,24996,24985.15,100,24993.35,175,0,549325
NIFTY-III.NFO,18/10/2024,09:32:25,24990,24989.55,200,24996.4,175,50,549325
NIFTY-III.NFO,18/10/2024,09:32:26,24995,24989.55,200,24996.35,250,25,549325
NIFTY-III.NFO,18/10/2024,09:32:28,24995,24993.9,125,25000,300,0,549325
NIFTY-III.NFO,18/10/2024,09:32:30,24995,24995.6,25,25000,325,0,549325
NIFTY-III.NFO,18/10/2024,09:32:31,24995,24995.65,50,25000,325,0,549325
NIFTY-III.NFO,18/10/2024,09:32:33,24996.35,24997.05,150,25000,200,175,549325
NIFTY-III.NFO,18/10/2024,09:32:35,24996.35,24996.15,50,25000,200,0,549325
NIFTY-III.NFO,18/10/2024,09:32:36,25000,24995.6,25,25000,175,50,549325
NIFTY-III.NFO,18/10/2024,09:32:38,25000,24995.85,50,25000,175,0,549325
NIFTY-III.NFO,18/10/2024,09:32:40,24999.95,24996.55,50,25000,200,25,549325
NIFTY-III.NFO,18/10/2024,09:32:41,24997.45,24997.3,100,24999.8,75,125,549325
NIFTY-III.NFO,18/10/2024,09:32:43,25000,24999.1,100,25006,100,175,549325
NIFTY-III.NFO,18/10/2024,09:32:45,24999.1,25000.1,50,25008.15,100,25,549325
NIFTY-III.NFO,18/10/2024,09:32:46,24999.1,25002.9,50,25008.35,75,0,549325
NIFTY-III.NFO,18/10/2024,09:32:48,24999.1,25001.1,50,25007,25,0,549325
NIFTY-III.NFO,18/10/2024,09:32:50,24998.6,24999.65,50,25006.95,100,75,549325
NIFTY-III.NFO,18/10/2024,09:32:51,24998.6,24995.8,50,25005.95,100,0,549325
NIFTY-III.NFO,18/10/2024,09:32:53,24998.6,24997.4,50,25006.85,100,0,549325
NIFTY-III.NFO,18/10/2024,09:32:55,24998.6,25001.15,50,25007,25,0,549325
NIFTY-III.NFO,18/10/2024,09:32:56,24998.6,25002.35,50,25007,25,0,549325
NIFTY-III.NFO,18/10/2024,09:32:58,24998.6,24999,50,25006.45,100,0,549325
NIFTY-III.NFO,18/10/2024,09:33:00,24998.6,24999.8,50,25006.95,100,0,549325
NIFTY-III.NFO,18/10/2024,09:33:01,25006.95,24999.55,75,25007,25,25,549325
NIFTY-III.NFO,18/10/2024,09:33:03,25009.5,24999,50,25008.1,75,500,549325
NIFTY-III.NFO,18/10/2024,09:33:05,25009.5,24999.05,100,25006,25,0,549325
NIFTY-III.NFO,18/10/2024,09:33:06,25009.5,24999.5,100,25006,25,0,549325
NIFTY-III.NFO,18/10/2024,09:33:08,25010.85,25000.35,50,25009.8,175,500,549325
NIFTY-III.NFO,18/10/2024,09:33:10,25006.8,24999.35,50,25008.3,325,75,549325
NIFTY-III.NFO,18/10/2024,09:33:11,25008.9,25000.85,100,25009.45,50,175,549325
NIFTY-III.NFO,18/10/2024,09:33:13,25002.45,25002.75,100,25011.8,25,25,549325
NIFTY-III.NFO,18/10/2024,09:33:15,25012.45,25001.8,50,25010.5,375,500,549325
NIFTY-III.NFO,18/10/2024,09:33:16,25012.45,24998.1,100,25008.35,100,0,549325
NIFTY-III.NFO,18/10/2024,09:33:18,25012.45,25000.45,50,25009.2,125,0,549325
NIFTY-III.NFO,18/10/2024,09:33:20,25010.6,24999.65,50,25009.45,75,500,549325
NIFTY-III.NFO,18/10/2024,09:33:21,25006.15,24999.1,25,25006.05,300,100,549325
NIFTY-III.NFO,18/10/2024,09:33:23,25006.05,25000,200,25005.3,75,25,549325
NIFTY-III.NFO,18/10/2024,09:33:25,25006.1,25001.1,25,25004.75,25,500,549325
NIFTY-III.NFO,18/10/2024,09:33:26,25000,25000,200,25003.9,25,25,549325
NIFTY-III.NFO,18/10/2024,09:33:28,25000,25000.85,50,25006.8,25,0,549325
NIFTY-III.NFO,18/10/2024,09:33:30,25000,25000,200,25003.35,50,0,549325
NIFTY-III.NFO,18/10/2024,09:33:31,25000,24995.6,25,24999.85,75,200,549325
NIFTY-III.NFO,18/10/2024,09:33:33,25001.5,24995.6,25,25001.45,150,50,549325
NIFTY-III.NFO,18/10/2024,09:33:35,25001.5,24995.6,25,25000.85,75,0,549325
NIFTY-III.NFO,18/10/2024,09:33:36,25000.1,24995.6,25,25000,75,425,549325
NIFTY-III.NFO,18/10/2024,09:33:38,25000,24995.65,225,24999.75,25,25,549325
NIFTY-III.NFO,18/10/2024,09:33:40,25000,24995.6,25,24999.75,25,0,549325
NIFTY-III.NFO,18/10/2024,09:33:41,24999.2,24989.9,100,24998.4,125,525,549325
NIFTY-III.NFO,18/10/2024,09:33:43,24998.35,24991.1,125,24999.7,250,25,549325
NIFTY-III.NFO,18/10/2024,09:33:45,24998.35,24989.55,200,24997.35,175,0,549325
NIFTY-III.NFO,18/10/2024,09:33:46,24998.35,24992.1,50,24999.75,100,0,549325
NIFTY-III.NFO,18/10/2024,09:33:48,24998.35,24990.65,50,24998.3,100,0,549325
NIFTY-III.NFO,18/10/2024,09:33:50,24998.75,24993.9,50,24999.75,25,500,549300
NIFTY-III.NFO,18/10/2024,09:33:51,24999.75,24993.05,125,25000,50,25,549300
NIFTY-III.NFO,18/10/2024,09:33:53,24993.35,24993.35,175,25000,50,75,549300
NIFTY-III.NFO,18/10/2024,09:33:55,24996,24996,25,24999.95,275,50,549300
NIFTY-III.NFO,18/10/2024,09:33:56,25005.35,24995.5,50,25000,25,725,549300
NIFTY-III.NFO,18/10/2024,09:33:58,24991.5,24992.65,225,24998.35,25,50,549300
NIFTY-III.NFO,18/10/2024,09:34:00,24991.5,24991.45,25,24998.3,175,0,549300
NIFTY-III.NFO,18/10/2024,09:34:01,24990.15,24991.1,100,24998.3,225,100,549300
NIFTY-III.NFO,18/10/2024,09:34:03,24990.15,24989.55,200,24995.65,150,0,549300
NIFTY-III.NFO,18/10/2024,09:34:05,24995.65,24989.7,125,24997.35,175,25,549300
NIFTY-III.NFO,18/10/2024,09:34:07,24995.65,24992.3,125,24998.3,100,0,549300
NIFTY-III.NFO,18/10/2024,09:34:08,24995.65,24992.55,125,24998.35,25,0,549300
NIFTY-III.NFO,18/10/2024,09:34:10,24995.65,24994.7,50,24998.35,25,0,549300
NIFTY-III.NFO,18/10/2024,09:34:12,24998.35,24995.05,125,25000,25,25,549300
NIFTY-III.NFO,18/10/2024,09:34:13,24998.35,24995,25,24999.95,100,0,549300
NIFTY-III.NFO,18/10/2024,09:34:15,24995,24995.65,50,25000,50,25,549300
NIFTY-III.NFO,18/10/2024,09:34:17,24995,24991.95,125,24998.35,275,0,549300
NIFTY-III.NFO,18/10/2024,09:34:18,24993.15,24994.2,175,24998.3,25,75,549300
NIFTY-III.NFO,18/10/2024,09:34:20,25000,24997.5,175,25000,25,250,549300
NIFTY-III.NFO,18/10/2024,09:34:22,25000,24999.15,100,25005,200,25,549300
NIFTY-III.NFO,18/10/2024,09:34:23,25005,25000,50,25005,100,100,549300
NIFTY-III.NFO,18/10/2024,09:34:25,25005,24997.15,50,25005,75,275,549300
NIFTY-III.NFO,18/10/2024,09:34:26,24997.35,24997.35,25,25005,75,25,549300
NIFTY-III.NFO,18/10/2024,09:34:28,24997.35,24997.35,25,25004.9,25,0,549300
NIFTY-III.NFO,18/10/2024,09:34:30,24997.35,24994.25,50,25003.05,150,0,549300
NIFTY-III.NFO,18/10/2024,09:34:31,24997.35,24994.45,25,25002.5,150,0,549300
NIFTY-III.NFO,18/10/2024,09:34:33,24997.35,24991.55,50,24999.7,100,0,549300
NIFTY-III.NFO,18/10/2024,09:34:35,25000,24992.2,125,25000,50,50,549300
NIFTY-III.NFO,18/10/2024,09:34:36,25000,24995.1,125,25000,50,0,549300
NIFTY-III.NFO,18/10/2024,09:34:38,25000,24999.6,125,25003.75,25,75,549300
NIFTY-III.NFO,18/10/2024,09:34:40,25000,25000.3,50,25003.7,25,100,549300
NIFTY-III.NFO,18/10/2024,09:34:41,25000,24999.75,125,25003.65,25,0,549300
NIFTY-III.NFO,18/10/2024,09:34:43,25003.65,24998.85,50,25003.7,25,50,549300
NIFTY-III.NFO,18/10/2024,09:34:45,25003.65,25000.65,50,25003.7,25,0,549300
NIFTY-III.NFO,18/10/2024,09:34:46,25004.9,25002.75,50,25009.95,25,100,549300
NIFTY-III.NFO,18/10/2024,09:34:48,25004.9,25004.75,125,25009.95,25,0,549300
NIFTY-III.NFO,18/10/2024,09:34:50,25006.5,25000.2,175,25008.4,50,25,549300
NIFTY-III.NFO,18/10/2024,09:34:51,25009.05,25001.15,150,25002.75,200,500,549300
NIFTY-III.NFO,18/10/2024,09:34:53,25002.75,25000.05,100,25002.75,175,25,549300
NIFTY-III.NFO,18/10/2024,09:34:55,25002.75,25000.35,175,25002.7,50,0,549300
NIFTY-III.NFO,18/10/2024,09:34:56,25010.1,25002.35,100,25010.5,50,600,549300
NIFTY-III.NFO,18/10/2024,09:34:58,25010.1,25002,225,25011.2,50,0,549300
NIFTY-III.NFO,18/10/2024,09:35:00,25010.1,25000.55,100,25010.15,50,0,549300
NIFTY-III.NFO,18/10/2024,09:35:01,25003,25003,50,25010.25,50,25,549300
NIFTY-III.NFO,18/10/2024,09:35:03,25014.75,25006.25,125,25014.4,75,600,549300
NIFTY-III.NFO,18/10/2024,09:35:05,25005.6,25005.85,175,25014.3,50,25,549300
NIFTY-III.NFO,18/10/2024,09:35:06,25005.6,25008.6,50,25014.4,25,0,549300
NIFTY-III.NFO,18/10/2024,09:35:08,25005.6,25004.05,50,25010,150,175,549300
NIFTY-III.NFO,18/10/2024,09:35:10,25004.25,25007.05,50,25014.85,125,625,549300
NIFTY-III.NFO,18/10/2024,09:35:11,25012.5,25003.5,25,25011.4,50,50,549300
NIFTY-III.NFO,18/10/2024,09:35:13,25012.5,25008.5,25,25012,50,0,549300
NIFTY-III.NFO,18/10/2024,09:35:15,25011.15,25005.35,25,25010.35,125,625,549300
NIFTY-III.NFO,18/10/2024,09:35:16,25011.15,25006.15,175,25014.75,125,0,549300
NIFTY-III.NFO,18/10/2024,09:35:18,25011.15,25010,100,25015,275,0,549300
NIFTY-III.NFO,18/10/2024,09:35:20,25016.7,25016.7,100,25020,25,425,549300
NIFTY-III.NFO,18/10/2024,09:35:21,25025.6,25014.8,50,25022.6,50,525,549300
NIFTY-III.NFO,18/10/2024,09:35:23,25013.95,25012.5,225,25021.7,50,75,549300
NIFTY-III.NFO,18/10/2024,09:35:25,25025,25016.9,125,25025.05,125,50,549300
NIFTY-III.NFO,18/10/2024,09:35:26,25023.6,25016.05,175,25024.75,50,25,549300
NIFTY-III.NFO,18/10/2024,09:35:28,25024.75,25017.9,50,25025.85,50,25,549300
NIFTY-III.NFO,18/10/2024,09:35:30,25024.75,25024.75,125,25025.2,50,850,549300
NIFTY-III.NFO,18/10/2024,09:35:31,25024.75,25024.75,125,25028.35,75,0,549300
NIFTY-III.NFO,18/10/2024,09:35:33,25024.75,25024.75,100,25028.25,75,25,549300
NIFTY-III.NFO,18/10/2024,09:35:35,25026.6,25024.75,100,25028.25,75,25,549300
NIFTY-III.NFO,18/10/2024,09:35:36,25031,25025.3,25,25028.45,50,500,549300
NIFTY-III.NFO,18/10/2024,09:35:38,25031,25025.3,25,25027.55,125,0,549300
NIFTY-III.NFO,18/10/2024,09:35:40,25024.75,25016.45,225,25025.45,50,125,549300
NIFTY-III.NFO,18/10/2024,09:35:41,25031.6,25020.85,100,25029.45,75,500,549300
NIFTY-III.NFO,18/10/2024,09:35:43,25031.6,25019.45,225,25026.4,75,0,549300
NIFTY-III.NFO,18/10/2024,09:35:45,25028.2,25020.15,225,25028.2,50,25,549300
NIFTY-III.NFO,18/10/2024,09:35:46,25028.2,25019.25,100,25027.4,25,0,549300
NIFTY-III.NFO,18/10/2024,09:35:48,25028.2,25015.65,100,25023.75,75,0,549300
NIFTY-III.NFO,18/10/2024,09:35:50,25025.3,25015.85,175,25023.9,125,600,549300
NIFTY-III.NFO,18/10/2024,09:35:51,25024.65,25015.8,125,25024.7,175,25,549300
NIFTY-III.NFO,18/10/2024,09:35:53,25024.65,25015,50,25021.35,125,0,549300
NIFTY-III.NFO,18/10/2024,09:35:55,25021.25,25015,50,25021.1,250,50,549300
NIFTY-III.NFO,18/10/2024,09:35:56,25021.25,25018.35,125,25024.75,250,0,549300
NIFTY-III.NFO,18/10/2024,09:35:58,25021.25,25018,175,25025,25,0,549300
NIFTY-III.NFO,18/10/2024,09:36:00,25021.25,25018.1,175,25025.3,250,0,549300
NIFTY-III.NFO,18/10/2024,09:36:01,25028,25015.85,125,25024,175,500,549300
NIFTY-III.NFO,18/10/2024,09:36:03,25021.1,25013.7,50,25018.5,250,75,549300
NIFTY-III.NFO,18/10/2024,09:36:05,25021.1,25012.1,225,25018,250,0,549300
NIFTY-III.NFO,18/10/2024,09:36:06,25022.1,25012.3,175,25019.85,250,500,549300
NIFTY-III.NFO,18/10/2024,09:36:08,25019.85,25011.4,50,25016.7,250,25,549300
NIFTY-III.NFO,18/10/2024,09:36:10,25019.85,25015,25,25019.8,250,0,549300
NIFTY-III.NFO,18/10/2024,09:36:11,25019.85,25015,25,25021,50,0,549300
NIFTY-III.NFO,18/10/2024,09:36:13,25019.85,25015,25,25015.1,250,0,549300
NIFTY-III.NFO,18/10/2024,09:36:15,25008.65,25006,75,25010,50,75,549300
NIFTY-III.NFO,18/10/2024,09:36:16,25009.95,25005.55,225,25010,50,25,549300
NIFTY-III.NFO,18/10/2024,09:36:18,25005.05,25006.95,175,25013.15,250,25,549300
NIFTY-III.NFO,18/10/2024,09:36:20,25005.05,25005.25,150,25013.2,275,0,549300
NIFTY-III.NFO,18/10/2024,09:36:21,25013.2,25004.15,100,25010.6,250,25,549300
NIFTY-III.NFO,18/10/2024,09:36:23,25013.2,25003,50,25008.3,250,0,549300
NIFTY-III.NFO,18/10/2024,09:36:25,25013.2,25005,25,25006.4,250,0,549300
NIFTY-III.NFO,18/10/2024,09:36:26,25006.4,25005,25,25008.05,250,25,549300
NIFTY-III.NFO,18/10/2024,09:36:28,25005,25003,50,25008.25,250,25,549300
NIFTY-III.NFO,18/10/2024,09:36:30,25005,25003,50,25006.15,250,0,549300
NIFTY-III.NFO,18/10/2024,09:36:31,25005,25003,50,25005.65,250,0,549300
NIFTY-III.NFO,18/10/2024,09:36:33,25003,25000,150,25002.4,250,75,549300
NIFTY-III.NFO,18/10/2024,09:36:35,25003,25000,150,25003.6,250,0,549300
NIFTY-III.NFO,18/10/2024,09:36:36,25003,25000,150,25004.3,250,0,549300
NIFTY-III.NFO,18/10/2024,09:36:40,25003,25000,150,25003.9,250,0,549300
NIFTY-III.NFO,18/10/2024,09:36:41,25000,25000,125,25000.95,250,25,549300
NIFTY-III.NFO,18/10/2024,09:36:43,25000,25000,125,25000.95,250,0,549300
NIFTY-III.NFO,18/10/2024,09:36:45,25000,25000,125,25000.75,250,0,549300
NIFTY-III.NFO,18/10/2024,09:36:46,25000,25000,75,25002.8,250,175,548675
NIFTY-III.NFO,18/10/2024,09:36:48,25000,25000,50,25003.95,250,75,548675
NIFTY-III.NFO,18/10/2024,09:36:50,25000,25000,50,25003.8,250,0,548675
NIFTY-III.NFO,18/10/2024,09:36:51,25000,24998.75,175,25005.1,250,50,548675
NIFTY-III.NFO,18/10/2024,09:36:53,24997.7,24998.3,175,25000,50,25,548675
NIFTY-III.NFO,18/10/2024,09:36:55,24997.7,24997.2,175,25000,50,0,548675
NIFTY-III.NFO,18/10/2024,09:36:56,25000,24996.95,100,25001,25,50,548675
NIFTY-III.NFO,18/10/2024,09:36:58,25000,24995,25,25000.8,25,0,548675
NIFTY-III.NFO,18/10/2024,09:37:00,24993.2,24994.25,100,24999.55,50,25,548675
NIFTY-III.NFO,18/10/2024,09:37:01,24993.2,24994.3,175,25000,25,0,548675
NIFTY-III.NFO,18/10/2024,09:37:03,24993.2,24995.45,175,25000,25,0,548675
NIFTY-III.NFO,18/10/2024,09:37:05,24993.2,24996.6,50,25000,25,0,548675
NIFTY-III.NFO,18/10/2024,09:37:06,24995.6,24994,125,24995.55,650,450,548675
NIFTY-III.NFO,18/10/2024,09:37:08,24994.95,24995.25,150,25002.7,175,1475,548675
NIFTY-III.NFO,18/10/2024,09:37:10,24993,24992.75,175,25001.25,50,25,548675
NIFTY-III.NFO,18/10/2024,09:37:11,24993.2,24994.55,50,25003.1,125,50,548675
NIFTY-III.NFO,18/10/2024,09:37:13,24993,24993,25,25001,125,50,548675
NIFTY-III.NFO,18/10/2024,09:37:15,24993,24994,175,25001.6,325,0,548675
NIFTY-III.NFO,18/10/2024,09:37:16,24993,24990.9,75,24997.35,50,0,548675
NIFTY-III.NFO,18/10/2024,09:37:18,24993,24991.2,75,24997.35,250,0,548675
NIFTY-III.NFO,18/10/2024,09:37:20,24993,24991.1,25,24993.8,25,0,548675
NIFTY-III.NFO,18/10/2024,09:37:21,24993.8,24990,100,24997.15,50,75,548675
NIFTY-III.NFO,18/10/2024,09:37:23,24993.8,24990.1,75,24997.35,175,0,548675
NIFTY-III.NFO,18/10/2024,09:37:25,24993.8,24990,25,24995.5,100,0,548675
NIFTY-III.NFO,18/10/2024,09:37:26,24989.55,24989.55,175,24993.8,25,75,548675
NIFTY-III.NFO,18/10/2024,09:37:28,24989.55,24989.55,175,24993.8,25,0,548675
NIFTY-III.NFO,18/10/2024,09:37:30,24989.6,24989.55,250,24993.8,25,25,548675
NIFTY-III.NFO,18/10/2024,09:37:31,24989.6,24989.65,25,24993.8,25,0,548675
NIFTY-III.NFO,18/10/2024,09:37:33,24989.6,24990.7,50,24993.8,25,0,548675
NIFTY-III.NFO,18/10/2024,09:37:35,24996.35,24996.35,25,24999,25,125,548675
NIFTY-III.NFO,18/10/2024,09:37:36,24999,24997.7,50,25006.65,100,25,548675
NIFTY-III.NFO,18/10/2024,09:37:38,24999,24997.7,125,25006.95,225,0,548675
NIFTY-III.NFO,18/10/2024,09:37:40,24999,24998.35,125,25007,100,0,548675
NIFTY-III.NFO,18/10/2024,09:37:41,24999,24999.75,75,25006.95,175,0,548675
NIFTY-III.NFO,18/10/2024,09:37:43,24998.4,24996.5,50,25006,225,25,548675
NIFTY-III.NFO,18/10/2024,09:37:45,25006.2,25002.05,125,25006.3,75,25,548675
NIFTY-III.NFO,18/10/2024,09:37:46,25008.85,25003.3,125,25010,25,150,548675
NIFTY-III.NFO,18/10/2024,09:37:48,25010,25008.9,150,25015.5,50,25,548675
NIFTY-III.NFO,18/10/2024,09:37:50,25010,25011,75,25017.4,100,0,548675
NIFTY-III.NFO,18/10/2024,09:37:51,25011.05,25010.6,75,25017.3,100,25,548675
NIFTY-III.NFO,18/10/2024,09:37:53,25017.35,25010.1,175,25018.95,125,600,548675
NIFTY-III.NFO,18/10/2024,09:37:55,25017.35,25008.5,225,25016.9,100,0,548675
NIFTY-III.NFO,18/10/2024,09:37:56,25017.35,25006,100,25013.35,125,0,548675
NIFTY-III.NFO,18/10/2024,09:37:58,25017.35,25006,100,25013,50,0,548675
NIFTY-III.NFO,18/10/2024,09:38:00,25004.15,25003.4,175,25011.25,150,25,548675
NIFTY-III.NFO,18/10/2024,09:38:01,25004.15,25001.25,150,25009.35,75,0,548675
NIFTY-III.NFO,18/10/2024,09:38:03,25010.85,25003.5,150,25011.6,150,600,548675
NIFTY-III.NFO,18/10/2024,09:38:05,25010.85,25001,100,25011.5,50,0,548675
NIFTY-III.NFO,18/10/2024,09:38:06,25010.85,25003.3,175,25011.65,175,0,548675
NIFTY-III.NFO,18/10/2024,09:38:08,25010.85,25003.35,225,25012.35,50,0,548675
NIFTY-III.NFO,18/10/2024,09:38:10,25010.85,25000.95,100,25009.9,50,0,548675
NIFTY-III.NFO,18/10/2024,09:38:11,25010.85,25000.95,25,25007.05,175,0,548675
NIFTY-III.NFO,18/10/2024,09:38:13,25010.85,25000.35,25,25004.65,175,0,548675
NIFTY-III.NFO,18/10/2024,09:38:15,25010.85,25000.35,25,25004.95,50,0,548675
NIFTY-III.NFO,18/10/2024,09:38:16,25010.85,25000,25,25002.9,100,0,548675
NIFTY-III.NFO,18/10/2024,09:38:18,25002.85,24996.35,25,25002.7,175,175,548675
NIFTY-III.NFO,18/10/2024,09:38:20,25004.65,24997.55,75,25004.75,100,25,548675
NIFTY-III.NFO,18/10/2024,09:38:21,25004.65,25001.8,125,25008.55,100,0,548675
NIFTY-III.NFO,18/10/2024,09:38:23,25001.8,25002.6,150,25010.9,50,100,548675
NIFTY-III.NFO,18/10/2024,09:38:25,25001.8,25004.85,150,25012.25,100,0,548675
NIFTY-III.NFO,18/10/2024,09:38:26,25007.35,25006.45,150,25014.55,125,50,548675
NIFTY-III.NFO,18/10/2024,09:38:28,25016.3,25006.35,175,25014.75,325,500,548675
NIFTY-III.NFO,18/10/2024,09:38:30,25016.3,25008.25,50,25016.55,250,0,548675
NIFTY-III.NFO,18/10/2024,09:38:31,25016.3,25010.1,100,25017.35,25,0,548675
NIFTY-III.NFO,18/10/2024,09:38:33,25016.3,25011.5,175,25016.3,25,0,548675
NIFTY-III.NFO,18/10/2024,09:38:35,25025,25018.2,50,25025,150,550,548675
NIFTY-III.NFO,18/10/2024,09:38:36,25025,25014,175,25023.6,50,0,548675
NIFTY-III.NFO,18/10/2024,09:38:38,25025,25017.65,100,25025,75,0,548675
NIFTY-III.NFO,18/10/2024,09:38:40,25025,25019.85,75,25025,75,0,548675
NIFTY-III.NFO,18/10/2024,09:38:41,25015.65,25015.55,75,25022.45,75,25,548675
NIFTY-III.NFO,18/10/2024,09:38:43,25013,25013.45,100,25021.75,125,25,548675
NIFTY-III.NFO,18/10/2024,09:38:45,25013,25019.7,50,25025,75,0,548675
NIFTY-III.NFO,18/10/2024,09:38:46,25020.9,25018.2,75,25022.8,25,25,548675
NIFTY-III.NFO,18/10/2024,09:38:48,25020.9,25017.95,175,25025,75,0,548675
NIFTY-III.NFO,18/10/2024,09:38:50,25020.9,25016.25,100,25024.95,100,0,548675
NIFTY-III.NFO,18/10/2024,09:38:51,25023.35,25017.95,25,25023.65,50,250,548675
NIFTY-III.NFO,18/10/2024,09:38:53,25023.35,25017.95,25,25024.6,50,0,548675
NIFTY-III.NFO,18/10/2024,09:38:55,25023.35,25017.95,25,25024.95,50,0,548675
NIFTY-III.NFO,18/10/2024,09:38:56,25024.95,25017.95,25,25024.95,50,25,548675
NIFTY-III.NFO,18/10/2024,09:38:58,25018.75,25018.75,100,25025,25,175,548675
NIFTY-III.NFO,18/10/2024,09:39:00,25018.75,25018,100,25024.95,125,0,548675
NIFTY-III.NFO,18/10/2024,09:39:01,25018.75,25021.3,100,25025,25,0,548675
NIFTY-III.NFO,18/10/2024,09:39:03,25018.75,25024.95,50,25025,25,0,548675
NIFTY-III.NFO,18/10/2024,09:39:05,25025,25024.95,50,25027.95,50,25,548675
NIFTY-III.NFO,18/10/2024,09:39:06,25025,25024.95,50,25027,100,0,548675
NIFTY-III.NFO,18/10/2024,09:39:08,25025,25024.95,50,25027.95,125,0,548675
NIFTY-III.NFO,18/10/2024,09:39:10,25025,25024.95,50,25028,100,0,548675
NIFTY-III.NFO,18/10/2024,09:39:11,25025,25024.95,50,25027.8,125,0,548675
NIFTY-III.NFO,18/10/2024,09:39:13,25024.95,25018,100,25025,100,100,548675
NIFTY-III.NFO,18/10/2024,09:39:15,25024.95,25018,100,25025,100,0,548675
NIFTY-III.NFO,18/10/2024,09:39:16,25024.95,25018.2,100,25025,100,0,548675
NIFTY-III.NFO,18/10/2024,09:39:18,25024.8,25015.55,175,25024.2,50,300,548675
NIFTY-III.NFO,18/10/2024,09:39:20,25018.55,25020.1,175,25025,25,25,548675
NIFTY-III.NFO,18/10/2024,09:39:21,25018.55,25020,175,25025,25,0,548675
NIFTY-III.NFO,18/10/2024,09:39:23,25023.55,25023.5,75,25028,25,50,548675
NIFTY-III.NFO,18/10/2024,09:39:25,25023.75,25022.55,75,25028,25,25,548675
NIFTY-III.NFO,18/10/2024,09:39:26,25023.75,25018.25,25,25025.5,100,0,548675
NIFTY-III.NFO,18/10/2024,09:39:28,25023.75,25018.3,100,25025.95,50,0,548675
NIFTY-III.NFO,18/10/2024,09:39:30,25026.15,25018.6,175,25026.45,100,25,548675
NIFTY-III.NFO,18/10/2024,09:39:31,25026.15,25018.25,25,25024.75,75,0,548675
NIFTY-III.NFO,18/10/2024,09:39:33,25026.15,25021.7,175,25028,25,0,548675
NIFTY-III.NFO,18/10/2024,09:39:35,25026.15,25020.65,175,25027.95,25,0,548675
NIFTY-III.NFO,18/10/2024,09:39:36,25026.15,25018.3,100,25025.65,75,0,548675
NIFTY-III.NFO,18/10/2024,09:39:38,25026.15,25019.15,100,25027.15,100,0,548675
NIFTY-III.NFO,18/10/2024,09:39:40,25019.15,25019.6,175,25027.55,125,25,548675
NIFTY-III.NFO,18/10/2024,09:39:41,25019.15,25018.25,25,25024.5,50,0,548675
NIFTY-III.NFO,18/10/2024,09:39:43,25023.35,25015.2,175,25023.35,100,100,548675
NIFTY-III.NFO,18/10/2024,09:39:45,25023.35,25014.3,100,25019.15,25,0,548675
NIFTY-III.NFO,18/10/2024,09:39:46,25019.15,25012.5,175,25020.85,50,25,547900
NIFTY-III.NFO,18/10/2024,09:39:48,25019.15,25012.8,175,25021.45,50,0,547900
NIFTY-III.NFO,18/10/2024,09:39:50,25019.15,25013.3,100,25021.4,250,0,547900
NIFTY-III.NFO,18/10/2024,09:39:51,25021.35,25011.65,175,25019.9,250,25,547900
NIFTY-III.NFO,18/10/2024,09:39:53,25021.35,25012.65,175,25021.15,325,0,547900
NIFTY-III.NFO,18/10/2024,09:39:55,25021.35,25012.7,100,25023.25,200,0,547900
NIFTY-III.NFO,18/10/2024,09:39:56,25021.35,25015,150,25019.55,250,0,547900
NIFTY-III.NFO,18/10/2024,09:39:58,25021.35,25015,225,25022.1,75,0,547900
NIFTY-III.NFO,18/10/2024,09:40:00,25021.35,25017,125,25020,50,0,547900
NIFTY-III.NFO,18/10/2024,09:40:01,25026.15,25015.15,150,25023.75,50,75,547900
NIFTY-III.NFO,18/10/2024,09:40:03,25026.15,25015,150,25021.55,325,0,547900
NIFTY-III.NFO,18/10/2024,09:40:05,25026.15,25015,150,25019.6,325,0,547900
NIFTY-III.NFO,18/10/2024,09:40:06,25026.15,25015,150,25018.2,50,0,547900
NIFTY-III.NFO,18/10/2024,09:40:08,25026.15,25015,150,25020.7,75,0,547900
NIFTY-III.NFO,18/10/2024,09:40:10,25026.15,25016.7,125,25024,125,0,547900
NIFTY-III.NFO,18/10/2024,09:40:11,25026.15,25018.6,50,25024,50,0,547900
NIFTY-III.NFO,18/10/2024,09:40:13,25026.15,25018.75,175,25024,50,0,547900
NIFTY-III.NFO,18/10/2024,09:40:15,25026.15,25021.15,125,25024,50,0,547900
NIFTY-III.NFO,18/10/2024,09:40:16,25026.15,25022.9,175,25025,25,0,547900
NIFTY-III.NFO,18/10/2024,09:40:18,25030,25032.05,125,25035,25,250,547900
NIFTY-III.NFO,18/10/2024,09:40:20,25035,25033.55,100,25039.95,75,25,547900
NIFTY-III.NFO,18/10/2024,09:40:21,25035,25030.25,100,25038.5,500,0,547900
NIFTY-III.NFO,18/10/2024,09:40:23,25035,25027.7,175,25036.15,50,0,547900
NIFTY-III.NFO,18/10/2024,09:40:25,25031.2,25029,175,25036.2,250,25,547900
NIFTY-III.NFO,18/10/2024,09:40:26,25035,25028.05,150,25035.6,250,25,547900
NIFTY-III.NFO,18/10/2024,09:40:28,25035.3,25026.1,150,25033.45,100,225,547900
NIFTY-III.NFO,18/10/2024,09:40:30,25035.3,25026.9,150,25033.85,100,0,547900
NIFTY-III.NFO,18/10/2024,09:40:31,25031.8,25030,150,25032.05,125,25,547900
NIFTY-III.NFO,18/10/2024,09:40:33,25030,25023.85,175,25031.9,125,150,547900
NIFTY-III.NFO,18/10/2024,09:40:35,25025.5,25024.65,225,25032.65,325,25,547900
NIFTY-III.NFO,18/10/2024,09:40:36,25025.5,25021.1,75,25028.55,50,0,547900
NIFTY-III.NFO,18/10/2024,09:40:38,25025.5,25017.85,100,25027.6,50,0,547900
NIFTY-III.NFO,18/10/2024,09:40:40,25025.5,25020.45,175,25028.85,50,0,547900
NIFTY-III.NFO,18/10/2024,09:40:41,25025.5,25025,25,25027,300,0,547900
NIFTY-III.NFO,18/10/2024,09:40:43,25025,25016.25,100,25023.95,125,50,547900
NIFTY-III.NFO,18/10/2024,09:40:45,25025,25017.1,125,25022.25,50,0,547900
NIFTY-III.NFO,18/10/2024,09:40:46,25025,25017.1,125,25021.3,50,0,547900
NIFTY-III.NFO,18/10/2024,09:40:48,25025,25017.1,125,25021.6,125,0,547900
NIFTY-III.NFO,18/10/2024,09:40:49,25025,25017.1,125,25022.6,325,0,547900
NIFTY-III.NFO,18/10/2024,09:40:51,25017.1,25011,75,25018.2,125,225,547900
NIFTY-III.NFO,18/10/2024,09:40:53,25017.6,25010.2,75,25016.8,325,25,547900
NIFTY-III.NFO,18/10/2024,09:40:54,25017.6,25010.45,75,25016.25,100,0,547900
NIFTY-III.NFO,18/10/2024,09:40:56,25017.6,25010,100,25016.25,75,0,547900
NIFTY-III.NFO,18/10/2024,09:40:58,25010.05,25010.05,175,25016.25,25,100,547900
NIFTY-III.NFO,18/10/2024,09:41:00,25010.05,25011.55,175,25016.25,25,0,547900
NIFTY-III.NFO,18/10/2024,09:41:01,25010.05,25010,100,25015.55,75,0,547900
NIFTY-III.NFO,18/10/2024,09:41:03,25010.05,25010,100,25013.75,150,0,547900
NIFTY-III.NFO,18/10/2024,09:41:05,25010.05,25010,100,25013.7,150,0,547900
NIFTY-III.NFO,18/10/2024,09:41:06,25010,25010,75,25014.95,100,25,547900
NIFTY-III.NFO,18/10/2024,09:41:08,25010,25010,75,25014,75,0,547900
NIFTY-III.NFO,18/10/2024,09:41:11,25010,25010,75,25013.95,150,0,547900
NIFTY-III.NFO,18/10/2024,09:41:15,25010,25010.05,150,25014,75,0,547900
NIFTY-III.NFO,18/10/2024,09:41:16,25010,25010,25,25014,75,50,547900
NIFTY-III.NFO,18/10/2024,09:41:18,25010,25010.4,100,25014,75,0,547900
NIFTY-III.NFO,18/10/2024,09:41:20,25010,25011.1,100,25014,75,0,547900
NIFTY-III.NFO,18/10/2024,09:41:21,25011.1,25010.3,75,25014,75,100,547900
NIFTY-III.NFO,18/10/2024,09:41:23,25011.1,25010.25,25,25014,75,0,547900
NIFTY-III.NFO,18/10/2024,09:41:25,25011.1,25011.45,200,25014,75,0,547900
NIFTY-III.NFO,18/10/2024,09:41:26,25010.85,25010.25,50,25014,75,25,547900
NIFTY-III.NFO,18/10/2024,09:41:28,25014,25014,50,25019.7,50,75,547900
NIFTY-III.NFO,18/10/2024,09:41:30,25015.75,25015.75,25,25019.7,50,25,547900
NIFTY-III.NFO,18/10/2024,09:41:31,25015.75,25013.3,100,25019.7,50,0,547900
NIFTY-III.NFO,18/10/2024,09:41:33,25019.95,25017.45,100,25024.7,50,50,547900
NIFTY-III.NFO,18/10/2024,09:41:35,25017.45,25019.55,125,25028.05,75,25,547900
NIFTY-III.NFO,18/10/2024,09:41:36,25017.45,25019.9,125,25028.95,100,0,547900
NIFTY-III.NFO,18/10/2024,09:41:38,25017.45,25020.6,125,25028.95,100,0,547900
NIFTY-III.NFO,18/10/2024,09:41:40,25017.45,25021.25,50,25029,125,0,547900
NIFTY-III.NFO,18/10/2024,09:41:41,25019.5,25019.45,75,25027.1,175,25,547900
NIFTY-III.NFO,18/10/2024,09:41:43,25019.5,25019.2,125,25027.15,175,0,547900
NIFTY-III.NFO,18/10/2024,09:41:45,25019.5,25019.8,50,25028.95,225,0,547900
NIFTY-III.NFO,18/10/2024,09:41:46,25019.5,25022.65,50,25030,50,0,547900
NIFTY-III.NFO,18/10/2024,09:41:48,25019.5,25023.05,125,25030,50,0,547900
NIFTY-III.NFO,18/10/2024,09:41:50,25019.5,25022.75,50,25029.95,175,0,547900
NIFTY-III.NFO,18/10/2024,09:41:51,25019.5,25023,125,25030,50,0,547900
NIFTY-III.NFO,18/10/2024,09:41:53,25023.4,25021.2,125,25029.95,175,25,547900
NIFTY-III.NFO,18/10/2024,09:41:55,25030,25022.75,150,25030.3,175,50,547900
NIFTY-III.NFO,18/10/2024,09:41:56,25030,25021.9,150,25029.5,100,0,547900
NIFTY-III.NFO,18/10/2024,09:41:58,25030,25018.1,125,25022.75,25,0,547900
NIFTY-III.NFO,18/10/2024,09:42:00,25025.5,25017.85,175,25025.5,50,500,547900
NIFTY-III.NFO,18/10/2024,09:42:01,25025.5,25017.35,100,25025.45,125,50,547900
NIFTY-III.NFO,18/10/2024,09:42:03,25025.5,25016.35,175,25024.15,125,0,547900
NIFTY-III.NFO,18/10/2024,09:42:05,25025.5,25012.35,225,25021.5,300,0,547900
NIFTY-III.NFO,18/10/2024,09:42:06,25025.5,25019,50,25020,25,0,547900
NIFTY-III.NFO,18/10/2024,09:42:11,25019,25019,25,25020,25,25,547900
NIFTY-III.NFO,18/10/2024,09:42:13,25019,25011.9,100,25020,150,25,547900
NIFTY-III.NFO,18/10/2024,09:42:15,25019,25012.8,25,25019.95,50,0,547900
NIFTY-III.NFO,18/10/2024,09:42:16,25019,25012.1,175,25020,100,0,547900
NIFTY-III.NFO,18/10/2024,09:42:18,25020,25012.45,100,25021.95,50,25,547900
NIFTY-III.NFO,18/10/2024,09:42:20,25022,25015.65,125,25022,75,150,547900
NIFTY-III.NFO,18/10/2024,09:42:21,25022,25017.15,175,25024.6,325,75,547900
NIFTY-III.NFO,18/10/2024,09:42:23,25022.5,25015,100,25022.55,325,50,547900
NIFTY-III.NFO,18/10/2024,09:42:25,25014.4,25013.65,225,25021.6,25,50,547900
NIFTY-III.NFO,18/10/2024,09:42:26,25019,25015.35,125,25023,100,50,547900
NIFTY-III.NFO,18/10/2024,09:42:28,25012.6,25012.6,175,25020.7,125,75,547900
NIFTY-III.NFO,18/10/2024,09:42:30,25020.7,25012.3,175,25020.75,375,50,547900
NIFTY-III.NFO,18/10/2024,09:42:31,25019,25012.1,225,25020.35,375,100,547900
NIFTY-III.NFO,18/10/2024,09:42:33,25019.05,25011.65,100,25018.95,250,100,547900
NIFTY-III.NFO,18/10/2024,09:42:35,25018.95,25011.6,25,25019.1,250,25,547900
NIFTY-III.NFO,18/10/2024,09:42:36,25019.1,25013.55,75,25021.1,325,25,547900
NIFTY-III.NFO,18/10/2024,09:42:38,25019.75,25011.85,100,25019.85,250,75,547900
NIFTY-III.NFO,18/10/2024,09:42:40,25017.85,25011.6,100,25019.75,375,75,547900
NIFTY-III.NFO,18/10/2024,09:42:41,25019.9,25012.95,175,25021.1,125,100,547900
NIFTY-III.NFO,18/10/2024,09:42:43,25016.4,25010,125,25016.45,50,75,547900
NIFTY-III.NFO,18/10/2024,09:42:45,25016.55,25010,50,25016.55,125,50,547900
NIFTY-III.NFO,18/10/2024,09:42:46,25016.3,25010,50,25015.6,375,50,547575
NIFTY-III.NFO,18/10/2024,09:42:48,25016.65,25010.15,25,25016.6,200,75,547575
NIFTY-III.NFO,18/10/2024,09:42:50,25008,25006.7,100,25008,100,100,547575
NIFTY-III.NFO,18/10/2024,09:42:51,25015.75,25009.25,25,25015.75,325,125,547575
NIFTY-III.NFO,18/10/2024,09:42:53,25016.95,25009.3,100,25017.05,300,50,547575
NIFTY-III.NFO,18/10/2024,09:42:55,25018.9,25012.05,100,25019.3,250,75,547575
NIFTY-III.NFO,18/10/2024,09:42:56,25020.95,25012.45,175,25020.95,100,150,547575
NIFTY-III.NFO,18/10/2024,09:42:58,25020.9,25010.35,175,25018.55,150,25,547575
NIFTY-III.NFO,18/10/2024,09:42:59,25018.85,25010.7,125,25018.2,100,50,547575
NIFTY-III.NFO,18/10/2024,09:43:01,25015.9,25009.65,25,25016,75,100,547575
NIFTY-III.NFO,18/10/2024,09:43:03,25016.65,25009.65,25,25016,325,50,547575
NIFTY-III.NFO,18/10/2024,09:43:04,25017.2,25009.9,50,25017.85,250,125,547575
NIFTY-III.NFO,18/10/2024,09:43:06,25018.1,25010.1,175,25018.1,50,75,547575
NIFTY-III.NFO,18/10/2024,09:43:08,25017.3,25010.85,175,25018.55,200,50,547575
NIFTY-III.NFO,18/10/2024,09:43:09,25016.4,25009.4,25,25016.4,75,100,547575
NIFTY-III.NFO,18/10/2024,09:43:11,25016.2,25009.4,25,25016.15,225,100,547575
NIFTY-III.NFO,18/10/2024,09:43:13,25015.2,25010,25,25014.75,325,50,547575
NIFTY-III.NFO,18/10/2024,09:43:14,25015.75,25010,25,25015.65,200,75,547575
NIFTY-III.NFO,18/10/2024,09:43:16,25012.25,25010,25,25012.25,25,75,547575
NIFTY-III.NFO,18/10/2024,09:43:18,25016.2,25010.3,75,25017.65,325,150,547575
NIFTY-III.NFO,18/10/2024,09:43:19,25015.6,25007.75,225,25015.15,225,100,547575
NIFTY-III.NFO,18/10/2024,09:43:21,25016.95,25009.45,175,25017.05,250,75,547575
NIFTY-III.NFO,18/10/2024,09:43:23,25010,25007.7,25,25010,25,125,547575
NIFTY-III.NFO,18/10/2024,09:43:25,25013.85,25007.7,25,25013.5,225,75,547575
NIFTY-III.NFO,18/10/2024,09:43:26,25011.85,25003.8,150,25011.5,375,25,547575
NIFTY-III.NFO,18/10/2024,09:43:28,25010.8,25002.2,175,25010.3,150,125,547575
NIFTY-III.NFO,18/10/2024,09:43:30,25009.8,25001.95,225,25009.7,175,75,547575
NIFTY-III.NFO,18/10/2024,09:43:31,25009.8,25004.35,25,25011.55,150,0,547575
NIFTY-III.NFO,18/10/2024,09:43:33,25010.55,25004.35,25,25010.85,150,100,547575
NIFTY-III.NFO,18/10/2024,09:43:35,25011,25004.35,25,25011.05,200,100,547575
NIFTY-III.NFO,18/10/2024,09:43:36,25011,25004.35,25,25011,75,150,547575
NIFTY-III.NFO,18/10/2024,09:43:38,25010,25002.35,50,25010,75,150,547575
NIFTY-III.NFO,18/10/2024,09:43:40,25004.35,25000,375,25004.35,25,75,547575
NIFTY-III.NFO,18/10/2024,09:43:41,25005.15,25000,375,25004.65,200,75,547575
NIFTY-III.NFO,18/10/2024,09:43:43,25004.4,25000,350,25005.15,125,150,547575
NIFTY-III.NFO,18/10/2024,09:43:45,25009.05,25001.7,50,25009.1,375,150,547575
NIFTY-III.NFO,18/10/2024,09:43:46,25009.9,25001.25,175,25009.75,250,75,547575
NIFTY-III.NFO,18/10/2024,09:43:48,25009.9,25003.65,125,25010.65,50,0,547575
NIFTY-III.NFO,18/10/2024,09:43:50,25008.85,25001.55,100,25008.55,50,50,547575
NIFTY-III.NFO,18/10/2024,09:43:51,25009.05,25002.15,175,25010.45,325,100,547575
NIFTY-III.NFO,18/10/2024,09:43:53,25011.25,25003.45,50,25009.5,225,100,547575
NIFTY-III.NFO,18/10/2024,09:43:55,25011.8,25004,100,25012.1,250,75,547575
NIFTY-III.NFO,18/10/2024,09:43:56,25012.45,25005.5,50,25012.45,250,150,547575
NIFTY-III.NFO,18/10/2024,09:43:58,25010.9,25003.7,175,25010.75,200,100,547575
NIFTY-III.NFO,18/10/2024,09:44:00,25008.85,25002.25,50,25008.85,325,25,547575
NIFTY-III.NFO,18/10/2024,09:44:01,25007.6,25000,350,25006.5,325,75,547575
NIFTY-III.NFO,18/10/2024,09:44:03,25008.65,25001.65,125,25008.85,250,75,547575
NIFTY-III.NFO,18/10/2024,09:44:05,25009,25002.6,100,25009.5,125,25,547575
NIFTY-III.NFO,18/10/2024,09:44:06,25010.2,25002.2,175,25010.65,450,100,547575
NIFTY-III.NFO,18/10/2024,09:44:08,25012,25005,125,25012.05,125,150,547575
NIFTY-III.NFO,18/10/2024,09:44:10,25012.25,25005.1,100,25012.2,275,125,547575
NIFTY-III.NFO,18/10/2024,09:44:11,25010.65,25004.05,225,25012.05,275,275,547575
NIFTY-III.NFO,18/10/2024,09:44:13,25012.35,25005.55,150,25012.55,125,175,547575
NIFTY-III.NFO,18/10/2024,09:44:15,25012.75,25006.1,50,25012.8,125,200,547575
NIFTY-III.NFO,18/10/2024,09:44:16,25015.35,25007.35,175,25015.15,125,125,547575
NIFTY-III.NFO,18/10/2024,09:44:18,25014.15,25004.25,50,25012.2,175,50,547575
NIFTY-III.NFO,18/10/2024,09:44:20,25009.15,25002.55,225,25010.15,225,175,547575
NIFTY-III.NFO,18/10/2024,09:44:21,25011.9,25005.35,100,25011.8,25,200,547575
NIFTY-III.NFO,18/10/2024,09:44:23,25013.3,25006.05,125,25013.4,350,125,547575
NIFTY-III.NFO,18/10/2024,09:44:25,25015,25005.7,125,25012.65,200,125,547575
NIFTY-III.NFO,18/10/2024,09:44:26,25011.9,25005.3,125,25011.95,125,150,547575
NIFTY-III.NFO,18/10/2024,09:44:28,25010.3,25003.55,50,25010.3,50,125,547575
NIFTY-III.NFO,18/10/2024,09:44:30,25008.8,25000.05,225,25008.2,25,100,547575
NIFTY-III.NFO,18/10/2024,09:44:31,25007.45,25003.85,25,25007.2,100,150,547575
NIFTY-III.NFO,18/10/2024,09:44:33,25007.4,25003.85,25,25008.5,100,75,547575
NIFTY-III.NFO,18/10/2024,09:44:35,25008.4,25000.25,225,25007.75,25,125,547575
NIFTY-III.NFO,18/10/2024,09:44:36,25009.95,25003.85,125,25009.95,50,150,547575
NIFTY-III.NFO,18/10/2024,09:44:38,25010.05,25005.25,50,25012,225,50,547575
NIFTY-III.NFO,18/10/2024,09:44:40,25014.2,25005.5,50,25013.35,75,125,547575
NIFTY-III.NFO,18/10/2024,09:44:41,25009.65,25002.35,225,25010.4,225,150,547575
NIFTY-III.NFO,18/10/2024,09:44:43,25004.5,25004.5,75,25011.3,125,75,547575
NIFTY-III.NFO,18/10/2024,09:44:45,25011.5,25004.65,125,25011.65,150,1325,547575
NIFTY-III.NFO,18/10/2024,09:44:46,25014.35,25007.3,50,25014.45,350,100,547575
NIFTY-III.NFO,18/10/2024,09:44:48,25014.9,25007.75,125,25014.8,225,75,547575
NIFTY-III.NFO,18/10/2024,09:44:50,25014.35,25009.6,50,25015,25,125,547575
NIFTY-III.NFO,18/10/2024,09:44:51,25016.25,25011.7,125,25017,25,75,547575
NIFTY-III.NFO,18/10/2024,09:44:53,25018.8,25013.35,50,25017,50,50,547575
NIFTY-III.NFO,18/10/2024,09:44:55,25019,25014.1,25,25019,50,100,547575
NIFTY-III.NFO,18/10/2024,09:44:56,25019.5,25014.35,75,25019.55,200,75,547575
NIFTY-III.NFO,18/10/2024,09:44:58,25019.4,25015.25,50,25020,100,50,547575
NIFTY-III.NFO,18/10/2024,09:45:00,25020,25018.6,50,25022.45,100,100,547575
NIFTY-III.NFO,18/10/2024,09:45:01,25022.45,25018.25,75,25022.45,75,175,547575
NIFTY-III.NFO,18/10/2024,09:45:03,25022.45,25018.45,225,25022.45,75,0,547575
NIFTY-III.NFO,18/10/2024,09:45:05,25022.45,25017.15,75,25022.45,50,25,547575
NIFTY-III.NFO,18/10/2024,09:45:06,25022.4,25014.15,100,25021.35,125,25,547575
NIFTY-III.NFO,18/10/2024,09:45:08,25022.4,25014.15,25,25019.7,125,0,547575
NIFTY-III.NFO,18/10/2024,09:45:10,25016.2,25014.15,25,25016,225,50,547575
NIFTY-III.NFO,18/10/2024,09:45:11,25016.2,25014.25,175,25020.35,225,0,547575
NIFTY-III.NFO,18/10/2024,09:45:13,25022,25016.85,175,25022.45,225,50,547575
NIFTY-III.NFO,18/10/2024,09:45:15,25022.45,25016.85,150,25020,25,50,547575
NIFTY-III.NFO,18/10/2024,09:45:16,25021.1,25015.8,75,25020.65,125,100,547575
NIFTY-III.NFO,18/10/2024,09:45:18,25021.1,25018.95,150,25022.45,25,0,547575
NIFTY-III.NFO,18/10/2024,09:45:20,25021.95,25016.9,75,25022.25,100,50,547575
NIFTY-III.NFO,18/10/2024,09:45:21,25022.15,25018.15,150,25025,50,25,547575
NIFTY-III.NFO,18/10/2024,09:45:23,25022.15,25017.85,75,25023,75,0,547575
NIFTY-III.NFO,18/10/2024,09:45:25,25023.6,25021.35,50,25025,50,25,547575
NIFTY-III.NFO,18/10/2024,09:45:26,25023.6,25023.6,25,25025,50,0,547575
NIFTY-III.NFO,18/10/2024,09:45:28,25025,25023.6,25,25025,25,25,547575
NIFTY-III.NFO,18/10/2024,09:45:30,25025,25023.6,25,25029.8,100,25,547575
NIFTY-III.NFO,18/10/2024,09:45:32,25025,25025.65,75,25030,25,0,547575
NIFTY-III.NFO,18/10/2024,09:45:33,25030,25025.8,200,25032.05,100,25,547575
NIFTY-III.NFO,18/10/2024,09:45:35,25030,25025.45,125,25032,100,0,547575
NIFTY-III.NFO,18/10/2024,09:45:37,25030,25025.85,75,25032.05,100,0,547575
NIFTY-III.NFO,18/10/2024,09:45:38,25030,25025,25,25030.1,100,0,547575
NIFTY-III.NFO,18/10/2024,09:45:40,25030,25025.05,50,25031.25,100,0,547575
NIFTY-III.NFO,18/10/2024,09:45:42,25030.25,25025,25,25030.75,100,25,547575
NIFTY-III.NFO,18/10/2024,09:45:43,25029.25,25025,50,25029.25,75,25,547575
NIFTY-III.NFO,18/10/2024,09:45:45,25029.25,25025.15,50,25030,25,0,547575
NIFTY-III.NFO,18/10/2024,09:45:47,25030,25025.05,75,25030.95,75,25,547575
NIFTY-III.NFO,18/10/2024,09:45:48,25030,25025,75,25030.1,75,0,547575
NIFTY-III.NFO,18/10/2024,09:45:50,25030.15,25025,75,25029.6,125,200,549425
NIFTY-III.NFO,18/10/2024,09:45:52,25030.25,25025,75,25031,25,75,549425
NIFTY-III.NFO,18/10/2024,09:45:53,25031,25026.35,75,25032.05,100,25,549425
NIFTY-III.NFO,18/10/2024,09:45:55,25031,25027.1,175,25032.05,100,0,549425
NIFTY-III.NFO,18/10/2024,09:45:57,25031,25025.1,75,25030.65,200,0,549425
NIFTY-III.NFO,18/10/2024,09:45:58,25027,25025,75,25029.85,200,25,549425
NIFTY-III.NFO,18/10/2024,09:46:00,25029.1,25025,75,25026.95,125,25,549425
NIFTY-III.NFO,18/10/2024,09:46:02,25026.65,25021.35,175,25029.25,100,100,549425
NIFTY-III.NFO,18/10/2024,09:46:03,25027.65,25018.75,175,25027.1,200,25,549425
NIFTY-III.NFO,18/10/2024,09:46:05,25025.9,25019.4,75,25025.8,100,25,549425
NIFTY-III.NFO,18/10/2024,09:46:07,25026.8,25025,25,25026.55,250,75,549425
NIFTY-III.NFO,18/10/2024,09:46:08,25024.6,25017.45,175,25024.5,50,75,549425
NIFTY-III.NFO,18/10/2024,09:46:10,25024.25,25017.4,175,25024.5,125,25,549425
NIFTY-III.NFO,18/10/2024,09:46:12,25023.65,25019.1,175,25026.5,175,50,549425
NIFTY-III.NFO,18/10/2024,09:46:13,25020,25019.5,50,25020,275,50,549425
NIFTY-III.NFO,18/10/2024,09:46:15,25028.25,25020.9,175,25028.6,175,300,549425
NIFTY-III.NFO,18/10/2024,09:46:16,25021.65,25021.25,100,25028.75,25,100,549425
NIFTY-III.NFO,18/10/2024,09:46:18,25030.1,25022.4,100,25030,225,25,549425
NIFTY-III.NFO,18/10/2024,09:46:19,25029,25025.9,25,25028.95,150,50,549425
NIFTY-III.NFO,18/10/2024,09:46:21,25030,25025.9,25,25030,125,50,549425
NIFTY-III.NFO,18/10/2024,09:46:23,25024.85,25024.85,175,25030,100,75,549425
NIFTY-III.NFO,18/10/2024,09:46:24,25030,25024.55,175,25030,50,100,549425
NIFTY-III.NFO,18/10/2024,09:46:26,25030,25024.55,100,25031.95,125,75,549425
NIFTY-III.NFO,18/10/2024,09:46:28,25023.15,25022.95,175,25030.65,100,50,549425
NIFTY-III.NFO,18/10/2024,09:46:29,25023.35,25020.8,100,25029.5,125,100,549425
NIFTY-III.NFO,18/10/2024,09:46:31,25028.5,25020.2,175,25028.3,100,50,549425
NIFTY-III.NFO,18/10/2024,09:46:33,25026.85,25020.15,25,25027.2,150,250,549425
NIFTY-III.NFO,18/10/2024,09:46:34,25026.1,25020.15,25,25026.05,125,100,549425
NIFTY-III.NFO,18/10/2024,09:46:36,25026.8,25020.4,125,25027.15,50,75,549425
NIFTY-III.NFO,18/10/2024,09:46:38,25029.95,25023.65,175,25030,50,50,549425
NIFTY-III.NFO,18/10/2024,09:46:39,25031.85,25025,225,25031.95,50,100,549425
NIFTY-III.NFO,18/10/2024,09:46:41,25032.05,25027.4,125,25032.05,50,75,549425
NIFTY-III.NFO,18/10/2024,09:46:43,25033,25029.1,125,25033,75,75,549425
NIFTY-III.NFO,18/10/2024,09:46:44,25033,25029.95,75,25035,50,75,549425
NIFTY-III.NFO,18/10/2024,09:46:46,25035,25027.45,175,25034.55,100,25,549425
NIFTY-III.NFO,18/10/2024,09:46:48,25035,25027.75,125,25035.1,25,0,549425
NIFTY-III.NFO,18/10/2024,09:46:49,25035,25027.95,125,25035.3,100,0,549425
NIFTY-III.NFO,18/10/2024,09:46:51,25030,25027.9,25,25033.7,100,25,549425
NIFTY-III.NFO,18/10/2024,09:46:53,25033.3,25026.65,75,25032.9,100,50,549425
NIFTY-III.NFO,18/10/2024,09:46:54,25032.9,25030,25,25033.4,75,25,549425
NIFTY-III.NFO,18/10/2024,09:46:56,25027.5,25025.6,175,25033.8,100,75,549425
NIFTY-III.NFO,18/10/2024,09:46:58,25025.35,25025.4,175,25032.5,25,75,549425
NIFTY-III.NFO,18/10/2024,09:46:59,25028.25,25028.35,75,25034.95,25,25,549425
NIFTY-III.NFO,18/10/2024,09:47:01,25029.45,25029.45,175,25035,25,50,549425
NIFTY-III.NFO,18/10/2024,09:47:03,25028.7,25028.3,175,25034.95,100,50,549425
NIFTY-III.NFO,18/10/2024,09:47:04,25034.85,25026.8,175,25034.85,125,75,549425
NIFTY-III.NFO,18/10/2024,09:47:06,25030,25029,100,25035,25,50,549425
NIFTY-III.NFO,18/10/2024,09:47:08,25034.45,25027.05,175,25034.45,25,25,549425
NIFTY-III.NFO,18/10/2024,09:47:09,25034.45,25026.5,175,25033.65,25,0,549425
NIFTY-III.NFO,18/10/2024,09:47:11,25033.65,25028,100,25034.45,125,50,549425
NIFTY-III.NFO,18/10/2024,09:47:13,25035,25030.45,100,25035,25,50,549425
NIFTY-III.NFO,18/10/2024,09:47:15,25035,25031.95,225,25038,25,0,549425
NIFTY-III.NFO,18/10/2024,09:47:16,25035,25030.1,175,25037.2,25,0,549425
NIFTY-III.NFO,18/10/2024,09:47:18,25037.2,25035,25,25037.35,125,75,549425
NIFTY-III.NFO,18/10/2024,09:47:20,25035,25030,125,25033.65,125,75,549425
NIFTY-III.NFO,18/10/2024,09:47:21,25034.45,25026.65,175,25034.3,125,75,549425
NIFTY-III.NFO,18/10/2024,09:47:23,25034.45,25030.75,125,25037.4,400,0,549425
NIFTY-III.NFO,18/10/2024,09:47:25,25036.6,25029.05,100,25035.8,125,25,549425
NIFTY-III.NFO,18/10/2024,09:47:26,25036.25,25033.65,50,25036.45,125,50,549425
NIFTY-III.NFO,18/10/2024,09:47:28,25037.2,25033.65,50,25035,25,75,549425
NIFTY-III.NFO,18/10/2024,09:47:30,25038.5,25033.65,50,25038.45,125,50,549425
NIFTY-III.NFO,18/10/2024,09:47:31,25033.65,25033.7,25,25038.5,225,100,549425
NIFTY-III.NFO,18/10/2024,09:47:33,25040,25035.2,125,25040,125,50,549425
NIFTY-III.NFO,18/10/2024,09:47:35,25040,25038.5,100,25040,100,25,549425
NIFTY-III.NFO,18/10/2024,09:47:36,25040,25038.25,100,25042.55,100,100,549425
NIFTY-III.NFO,18/10/2024,09:47:38,25042.55,25037.5,75,25042.55,75,75,549425
NIFTY-III.NFO,18/10/2024,09:47:40,25042.5,25035.5,100,25042.5,25,25,549425
NIFTY-III.NFO,18/10/2024,09:47:41,25042.55,25037.1,100,25042.55,50,50,549425
NIFTY-III.NFO,18/10/2024,09:47:43,25042.55,25040.85,175,25044,25,75,549425
NIFTY-III.NFO,18/10/2024,09:47:45,25044.35,25040.35,100,25044.4,25,150,549425
NIFTY-III.NFO,18/10/2024,09:47:46,25044.4,25039.95,100,25044.95,25,25,549425
NIFTY-III.NFO,18/10/2024,09:47:48,25044.9,25038.05,100,25044.95,100,25,549425
NIFTY-III.NFO,18/10/2024,09:47:50,25044.9,25038,25,25044.35,175,0,549425
NIFTY-III.NFO,18/10/2024,09:47:51,25044.3,25038.05,175,25044.35,50,50,549425
NIFTY-III.NFO,18/10/2024,09:47:53,25044.35,25040.1,175,25044.35,25,25,549425
NIFTY-III.NFO,18/10/2024,09:47:55,25044.4,25041.1,150,25045,100,75,549425
NIFTY-III.NFO,18/10/2024,09:47:56,25048.95,25040.05,175,25048.65,175,125,549425
NIFTY-III.NFO,18/10/2024,09:47:58,25044.9,25040.05,175,25048.4,125,75,549425
NIFTY-III.NFO,18/10/2024,09:48:00,25047.6,25040.8,225,25049,175,50,549425
NIFTY-III.NFO,18/10/2024,09:48:01,25050,25044.05,100,25050,575,175,549425
NIFTY-III.NFO,18/10/2024,09:48:03,25050,25042.05,225,25050,625,25,549425
NIFTY-III.NFO,18/10/2024,09:48:05,25050,25049.85,100,25050,25,550,549425
NIFTY-III.NFO,18/10/2024,09:48:06,25052.45,25051.65,50,25058.95,125,125,549425
NIFTY-III.NFO,18/10/2024,09:48:08,25052,25052,25,25058.95,50,300,549425
NIFTY-III.NFO,18/10/2024,09:48:10,25052,25052.05,75,25059,100,0,549425
NIFTY-III.NFO,18/10/2024,09:48:11,25052,25052,25,25059,100,0,549425
NIFTY-III.NFO,18/10/2024,09:48:13,25057.75,25052,25,25059,25,25,549425
NIFTY-III.NFO,18/10/2024,09:48:15,25059.9,25058.55,100,25060,25,100,549425
NIFTY-III.NFO,18/10/2024,09:48:16,25060,25059.45,100,25062,50,150,549425
NIFTY-III.NFO,18/10/2024,09:48:18,25062,25058.75,150,25064.4,25,50,549425
NIFTY-III.NFO,18/10/2024,09:48:20,25064,25064,125,25068.45,150,150,549425
NIFTY-III.NFO,18/10/2024,09:48:21,25068.45,25064,125,25067.65,150,50,549425
NIFTY-III.NFO,18/10/2024,09:48:23,25068.45,25064,125,25068.9,75,25,549425
NIFTY-III.NFO,18/10/2024,09:48:25,25066.6,25064,125,25067.5,275,75,549425
NIFTY-III.NFO,18/10/2024,09:48:26,25069.5,25064,125,25069.4,75,75,549425
NIFTY-III.NFO,18/10/2024,09:48:28,25069.4,25064,125,25069.7,125,75,549425
NIFTY-III.NFO,18/10/2024,09:48:30,25069.35,25064,125,25069.35,50,100,549425
NIFTY-III.NFO,18/10/2024,09:48:31,25069.3,25064,125,25067.45,150,50,549425
NIFTY-III.NFO,18/10/2024,09:48:33,25064,25064,25,25064.75,175,300,549425
NIFTY-III.NFO,18/10/2024,09:48:35,25064,25062,25,25067.3,150,50,549425
NIFTY-III.NFO,18/10/2024,09:48:36,25067.65,25062,25,25068,50,50,549425
NIFTY-III.NFO,18/10/2024,09:48:38,25065.05,25062,25,25064.35,250,50,549425
NIFTY-III.NFO,18/10/2024,09:48:40,25062,25060,150,25064.8,25,75,549425
NIFTY-III.NFO,18/10/2024,09:48:41,25065.55,25060.75,175,25065,25,25,549425
NIFTY-III.NFO,18/10/2024,09:48:43,25067,25062,50,25067,25,50,549425
NIFTY-III.NFO,18/10/2024,09:48:45,25066,25060.05,125,25067.75,100,100,549425
NIFTY-III.NFO,18/10/2024,09:48:46,25070,25064.15,125,25072.2,325,75,549425
NIFTY-III.NFO,18/10/2024,09:48:48,25071.35,25063.15,100,25070.55,125,175,549125
NIFTY-III.NFO,18/10/2024,09:48:50,25069,25062.45,175,25070.75,75,50,549125
NIFTY-III.NFO,18/10/2024,09:48:51,25070,25064.15,100,25070,25,50,549125
NIFTY-III.NFO,18/10/2024,09:48:53,25070,25064.65,125,25071.85,25,25,549125
NIFTY-III.NFO,18/10/2024,09:48:55,25072.25,25065.35,50,25072.75,200,50,549125
NIFTY-III.NFO,18/10/2024,09:48:56,25071.15,25063.15,175,25071.8,75,50,549125
NIFTY-III.NFO,18/10/2024,09:48:58,25072.3,25065.55,50,25072.45,325,50,549125
NIFTY-III.NFO,18/10/2024,09:49:00,25072.3,25063.75,150,25065,25,0,549125
NIFTY-III.NFO,18/10/2024,09:49:01,25070,25067.2,150,25073,125,50,549125
NIFTY-III.NFO,18/10/2024,09:49:03,25070,25072.3,25,25073,125,0,549125
NIFTY-III.NFO,18/10/2024,09:49:05,25070,25065,25,25071.75,200,75,549125
NIFTY-III.NFO,18/10/2024,09:49:06,25065,25064.2,50,25072.3,250,25,549125
NIFTY-III.NFO,18/10/2024,09:49:08,25065,25063.6,100,25072.1,250,0,549125
NIFTY-III.NFO,18/10/2024,09:49:10,25065,25063,25,25070.4,125,0,549125
NIFTY-III.NFO,18/10/2024,09:49:11,25065,25065.6,125,25072.65,125,0,549125
NIFTY-III.NFO,18/10/2024,09:49:13,25065,25065,125,25072.2,300,0,549125
NIFTY-III.NFO,18/10/2024,09:49:15,25065,25065,125,25071,75,0,549125
NIFTY-III.NFO,18/10/2024,09:49:16,25065,25065.25,175,25073,175,0,549125
NIFTY-III.NFO,18/10/2024,09:49:18,25072.05,25065,175,25069.8,100,75,549125
NIFTY-III.NFO,18/10/2024,09:49:20,25072.05,25065,175,25068.15,125,0,549125
NIFTY-III.NFO,18/10/2024,09:49:21,25067.1,25065,150,25067.1,100,50,549125
NIFTY-III.NFO,18/10/2024,09:49:23,25065,25063,25,25065,25,150,549125
NIFTY-III.NFO,18/10/2024,09:49:25,25065,25063,25,25065,100,0,549125
NIFTY-III.NFO,18/10/2024,09:49:28,25063,25062.4,25,25065,100,25,549125
NIFTY-III.NFO,18/10/2024,09:49:30,25065,25062.4,25,25065,75,25,549125
NIFTY-III.NFO,18/10/2024,09:49:31,25065,25064.5,100,25070,25,75,549125
NIFTY-III.NFO,18/10/2024,09:49:33,25065,25062.55,100,25069.95,25,0,549125
NIFTY-III.NFO,18/10/2024,09:49:35,25065,25060.95,150,25068.75,25,0,549125
NIFTY-III.NFO,18/10/2024,09:49:36,25065,25064.15,175,25070,25,25,549125
NIFTY-III.NFO,18/10/2024,09:49:38,25070.3,25062.8,25,25070.1,125,50,549125
NIFTY-III.NFO,18/10/2024,09:49:40,25064.4,25065,175,25071.75,100,125,549125
NIFTY-III.NFO,18/10/2024,09:49:41,25072.1,25064.75,100,25072,75,25,549125
NIFTY-III.NFO,18/10/2024,09:49:43,25070.1,25063.2,25,25070.15,150,175,549125
NIFTY-III.NFO,18/10/2024,09:49:45,25068.85,25063.2,25,25068.8,200,25,549125
NIFTY-III.NFO,18/10/2024,09:49:46,25068.8,25061.7,175,25069.95,100,25,549125
NIFTY-III.NFO,18/10/2024,09:49:48,25071.8,25064.2,50,25071.3,125,50,549125
NIFTY-III.NFO,18/10/2024,09:49:50,25070.7,25063.65,125,25070.7,200,25,549125
NIFTY-III.NFO,18/10/2024,09:49:51,25072.95,25065.15,175,25073,175,50,549125
NIFTY-III.NFO,18/10/2024,09:49:53,25073,25065.9,175,25073,125,50,549125
NIFTY-III.NFO,18/10/2024,09:49:55,25073,25070.05,100,25073,125,0,549125
NIFTY-III.NFO,18/10/2024,09:49:56,25073,25071.75,100,25073,100,25,549125
NIFTY-III.NFO,18/10/2024,09:49:58,25073,25070.4,75,25073,75,25,549125
NIFTY-III.NFO,18/10/2024,09:50:00,25073,25068.15,100,25073,25,50,549125
NIFTY-III.NFO,18/10/2024,09:50:01,25075,25070.75,100,25075,150,50,549125
NIFTY-III.NFO,18/10/2024,09:50:03,25075,25073,25,25075,125,50,549125
NIFTY-III.NFO,18/10/2024,09:50:05,25075,25073,25,25074.95,25,50,549125
NIFTY-III.NFO,18/10/2024,09:50:06,25075,25073,25,25074.25,100,0,549125
NIFTY-III.NFO,18/10/2024,09:50:08,25073,25066.6,50,25073.3,100,25,549125
NIFTY-III.NFO,18/10/2024,09:50:10,25073,25066.6,50,25070.75,25,0,549125
