Ticker,Date,Time,LTP,BuyPrice,BuyQty,SellPrice,SellQty,LTQ,OpenInterest
NIFTY-I.NFO,18/10/2024,09:15:00,24749.8,24753.3,25,24759.7,150,5050,13530700
NIFTY-I.NFO,18/10/2024,09:15:00,24749.8,24753.3,25,24759.7,150,0,13530700
NIFTY-I.NFO,18/10/2024,09:15:00,24759.8,24753.3,25,24759.7,150,0,13530700
NIFTY-I.NFO,18/10/2024,09:15:00,24735,24753.3,25,24759.7,150,0,13530700
NIFTY-I.NFO,18/10/2024,09:15:00,24749,24746,50,24749.35,50,3400,13530700
NIFTY-I.NFO,18/10/2024,09:15:01,24743.7,24740,1025,24744.9,25,6550,13530700
NIFTY-I.NFO,18/10/2024,09:15:02,24745.95,24737.9,50,24745.95,25,3925,13530700
NIFTY-I.NFO,18/10/2024,09:15:03,24735.75,24735.75,125,24747.45,150,5925,13530700
NIFTY-I.NFO,18/10/2024,09:15:03,24731.2,24735.75,125,24747.45,150,0,13530700
NIFTY-I.NFO,18/10/2024,09:15:04,24740,24740,225,24743.5,100,4500,13530700
NIFTY-I.NFO,18/10/2024,09:15:06,24746.35,24735.85,100,24746.75,125,3900,13530700
NIFTY-I.NFO,18/10/2024,09:15:06,24731.05,24735.85,100,24746.75,125,0,13530700
NIFTY-I.NFO,18/10/2024,09:15:07,24740.3,24731.05,100,24737.25,175,1550,13530700
NIFTY-I.NFO,18/10/2024,09:15:07,24731,24731.05,100,24737.25,175,0,13530700
NIFTY-I.NFO,18/10/2024,09:15:07,24731.55,24730.05,100,24737.4,150,725,13530700
NIFTY-I.NFO,18/10/2024,09:15:07,24730.05,24730.05,100,24737.4,150,0,13530700
NIFTY-I.NFO,18/10/2024,09:15:08,24736.3,24729.05,100,24737.05,125,1975,13530700
NIFTY-I.NFO,18/10/2024,09:15:08,24730,24729.05,100,24737.05,125,0,13530700
NIFTY-I.NFO,18/10/2024,09:15:09,24730.35,24730.55,100,24738.05,125,2925,13530700
NIFTY-I.NFO,18/10/2024,09:15:10,24733.1,24730,275,24733.05,75,1300,13530700
NIFTY-I.NFO,18/10/2024,09:15:12,24730,24725.25,225,24730,75,2225,13530700
NIFTY-I.NFO,18/10/2024,09:15:12,24725.25,24725.25,225,24730,75,0,13530700
NIFTY-I.NFO,18/10/2024,09:15:13,24730.05,24726.25,100,24732.6,75,1850,13530700
NIFTY-I.NFO,18/10/2024,09:15:13,24730.05,24726,400,24729.4,25,0,13530700
NIFTY-I.NFO,18/10/2024,09:15:14,24732.5,24725.3,75,24731.8,200,2500,13530700
NIFTY-I.NFO,18/10/2024,09:15:14,24725,24725.3,75,24731.8,200,0,13530700
NIFTY-I.NFO,18/10/2024,09:15:16,24725,24725,13850,24729.95,425,4950,13530700
NIFTY-I.NFO,18/10/2024,09:15:17,24725,24725,16875,24725.7,175,5100,13530700
NIFTY-I.NFO,18/10/2024,09:15:18,24725.4,24725,3575,24725.4,100,21800,13530700
NIFTY-I.NFO,18/10/2024,09:15:18,24726.45,24725,2775,24726.45,25,1275,13530700
NIFTY-I.NFO,18/10/2024,09:15:19,24729.8,24726,25,24726.95,175,3150,13530700
NIFTY-I.NFO,18/10/2024,09:15:21,24727.45,24725.1,100,24727.45,75,5625,13530700
NIFTY-I.NFO,18/10/2024,09:15:21,24729.45,24725,6150,24729.45,125,3500,13530700
NIFTY-I.NFO,18/10/2024,09:15:23,24730,24725,1700,24729.95,25,8850,13530700
NIFTY-I.NFO,18/10/2024,09:15:24,24721.05,24721.05,25,24726.7,50,2625,13530700
NIFTY-I.NFO,18/10/2024,09:15:24,24721.05,24721.05,25,24726.7,50,0,13530700
NIFTY-I.NFO,18/10/2024,09:15:24,24725,24721.05,25,24725,25,2425,13530700
NIFTY-I.NFO,18/10/2024,09:15:25,24720.2,24720.2,4975,24721,500,825,13530700
NIFTY-I.NFO,18/10/2024,09:15:25,24720.2,24720.2,4975,24721,500,0,13530700
NIFTY-I.NFO,18/10/2024,09:15:26,24724.75,24720.2,4700,24723.7,50,1950,13530700
NIFTY-I.NFO,18/10/2024,09:15:27,24720.85,24720.85,225,24724.65,75,3275,13530700
NIFTY-I.NFO,18/10/2024,09:15:29,24723.55,24720.2,3200,24723.7,50,1500,13530700
NIFTY-I.NFO,18/10/2024,09:15:29,24720.2,24720.2,2775,24725,1425,1100,13530700
NIFTY-I.NFO,18/10/2024,09:15:30,24720.2,24720.2,2400,24725,1225,1075,13530700
NIFTY-I.NFO,18/10/2024,09:15:31,24720.2,24720.2,2050,24723.55,550,4075,13530700
NIFTY-I.NFO,18/10/2024,09:15:32,24720.25,24720.3,100,24727.9,100,5675,13530700
NIFTY-I.NFO,18/10/2024,09:15:33,24728.85,24725,450,24728.85,25,2075,13530700
NIFTY-I.NFO,18/10/2024,09:15:34,24725,24721,300,24726.7,125,900,13530700
NIFTY-I.NFO,18/10/2024,09:15:35,24722,24722,25,24723.05,125,400,13530700
NIFTY-I.NFO,18/10/2024,09:15:36,24721.7,24720.2,1225,24722.65,125,2875,13530700
NIFTY-I.NFO,18/10/2024,09:15:37,24724.1,24722,50,24724.1,50,850,13530700
NIFTY-I.NFO,18/10/2024,09:15:38,24721.95,24720.2,375,24721.95,50,1000,13530700
NIFTY-I.NFO,18/10/2024,09:15:39,24723.6,24721,100,24723.6,150,1350,13530700
NIFTY-I.NFO,18/10/2024,09:15:40,24725,24725,500,24727.9,50,1400,13530700
NIFTY-I.NFO,18/10/2024,09:15:41,24727.75,24721.7,25,24722,1000,1900,13554675
NIFTY-I.NFO,18/10/2024,09:15:42,24720,24720,22300,24725,375,1475,13554675
NIFTY-I.NFO,18/10/2024,09:15:42,24720,24720,22300,24725,375,0,13554675
NIFTY-I.NFO,18/10/2024,09:15:43,24720.05,24720.05,75,24726.45,100,475,13554675
NIFTY-I.NFO,18/10/2024,09:15:44,24720,24720,20375,24722.6,50,2650,13554675
NIFTY-I.NFO,18/10/2024,09:15:45,24720.95,24720.2,25,24720.95,25,500,13554675
NIFTY-I.NFO,18/10/2024,09:15:46,24720.25,24720.05,25,24723.2,50,125,13554675
NIFTY-I.NFO,18/10/2024,09:15:47,24723.6,24720,24600,24723.45,150,1300,13554675
NIFTY-I.NFO,18/10/2024,09:15:48,24724.25,24720.05,300,24724.05,100,1025,13554675
NIFTY-I.NFO,18/10/2024,09:15:49,24724.65,24720.05,400,24724.85,175,825,13554675
NIFTY-I.NFO,18/10/2024,09:15:50,24723.25,24720.2,25,24723.25,25,175,13554675
NIFTY-I.NFO,18/10/2024,09:15:51,24724.1,24721,1775,24723.25,250,675,13554675
NIFTY-I.NFO,18/10/2024,09:15:52,24721,24721,600,24724.65,25,1650,13554675
NIFTY-I.NFO,18/10/2024,09:15:53,24721,24721,300,24726.45,100,575,13554675
NIFTY-I.NFO,18/10/2024,09:15:54,24721,24721,25,24725.15,125,500,13554675
NIFTY-I.NFO,18/10/2024,09:15:55,24720.95,24720.25,25,24725.45,50,350,13554675
NIFTY-I.NFO,18/10/2024,09:15:56,24723.95,24720.05,50,24724,25,1150,13554675
NIFTY-I.NFO,18/10/2024,09:15:57,24720,24720,30125,24725.45,25,1300,13554675
NIFTY-I.NFO,18/10/2024,09:15:58,24720,24720.05,300,24725,250,575,13554675
NIFTY-I.NFO,18/10/2024,09:15:59,24720.05,24720.05,325,24720.6,150,900,13554675
NIFTY-I.NFO,18/10/2024,09:16:00,24720,24720,33675,24721.1,175,2750,13554675
NIFTY-I.NFO,18/10/2024,09:16:01,24720,24720,19025,24720.05,200,16700,13554675
NIFTY-I.NFO,18/10/2024,09:16:02,24711.5,24711.1,100,24711.7,25,23300,13554675
NIFTY-I.NFO,18/10/2024,09:16:02,24711.5,24711.1,100,24711.7,25,0,13554675
NIFTY-I.NFO,18/10/2024,09:16:03,24710,24708.05,125,24710,175,2125,13554675
NIFTY-I.NFO,18/10/2024,09:16:03,24708.05,24708.05,125,24710,175,0,13554675
NIFTY-I.NFO,18/10/2024,09:16:04,24709.25,24706.25,200,24709.3,250,1675,13554675
NIFTY-I.NFO,18/10/2024,09:16:04,24706.25,24706.25,200,24709.3,250,0,13554675
NIFTY-I.NFO,18/10/2024,09:16:05,24708.5,24705,300,24708.6,250,1900,13554675
NIFTY-I.NFO,18/10/2024,09:16:05,24705,24705,300,24708.6,250,0,13554675
NIFTY-I.NFO,18/10/2024,09:16:06,24706.25,24705,200,24706.25,3475,1750,13554675
NIFTY-I.NFO,18/10/2024,09:16:06,24703,24705,200,24706.25,3475,0,13554675
NIFTY-I.NFO,18/10/2024,09:16:07,24705,24705,375,24706.25,2675,1100,13554675
NIFTY-I.NFO,18/10/2024,09:16:08,24706.25,24706,1500,24706.25,2275,775,13554675
NIFTY-I.NFO,18/10/2024,09:16:09,24706,24706,1200,24709.2,100,2800,13554675
NIFTY-I.NFO,18/10/2024,09:16:10,24706,24706,1125,24707.1,100,400,13554675
NIFTY-I.NFO,18/10/2024,09:16:11,24704.15,24701.6,2100,24704.15,250,5100,13554675
NIFTY-I.NFO,18/10/2024,09:16:11,24701.6,24701.6,2100,24704.15,250,0,13554675
NIFTY-I.NFO,18/10/2024,09:16:12,24702.55,24701.6,1225,24701.7,250,1725,13554675
NIFTY-I.NFO,18/10/2024,09:16:13,24695,24695,675,24697.95,150,5900,13554675
NIFTY-I.NFO,18/10/2024,09:16:13,24695,24695,675,24697.95,150,0,13554675
NIFTY-I.NFO,18/10/2024,09:16:14,24699.55,24694,25,24699.4,250,3175,13554675
NIFTY-I.NFO,18/10/2024,09:16:14,24694.05,24694,25,24699.4,250,0,13554675
NIFTY-I.NFO,18/10/2024,09:16:15,24696.8,24690.7,50,24696.8,75,2350,13554675
NIFTY-I.NFO,18/10/2024,09:16:15,24690,24690.7,50,24696.8,75,0,13554675
NIFTY-I.NFO,18/10/2024,09:16:16,24696.05,24696.05,175,24699.3,25,1350,13554675
NIFTY-I.NFO,18/10/2024,09:16:17,24695,24690.45,75,24695,400,725,13554675
NIFTY-I.NFO,18/10/2024,09:16:19,24690.85,24690.9,50,24697.85,150,1275,13554675
NIFTY-I.NFO,18/10/2024,09:16:20,24698.35,24691.95,75,24698.4,125,625,13554675
NIFTY-I.NFO,18/10/2024,09:16:21,24690.95,24690.95,25,24696.1,100,1675,13554675
NIFTY-I.NFO,18/10/2024,09:16:22,24696.1,24696.1,25,24700,2450,525,13554675
NIFTY-I.NFO,18/10/2024,09:16:23,24696.05,24696.05,725,24698.05,25,1200,13554675
NIFTY-I.NFO,18/10/2024,09:16:24,24696.55,24696.05,275,24696.75,75,700,13554675
NIFTY-I.NFO,18/10/2024,09:16:25,24694.1,24690,475,24694.1,275,1550,13554675
NIFTY-I.NFO,18/10/2024,09:16:26,24692.5,24690.95,25,24692.85,125,1600,13554675
NIFTY-I.NFO,18/10/2024,09:16:26,24687,24690.95,25,24692.85,125,0,13554675
NIFTY-I.NFO,18/10/2024,09:16:27,24690,24687,25,24691.9,25,675,13554675
NIFTY-I.NFO,18/10/2024,09:16:28,24691.9,24691,25,24694.15,300,675,13554675
NIFTY-I.NFO,18/10/2024,09:16:29,24691.9,24691.95,450,24692.25,125,400,13554675
NIFTY-I.NFO,18/10/2024,09:16:30,24692,24692,25,24692.8,175,1100,13554675
NIFTY-I.NFO,18/10/2024,09:16:31,24692.85,24690,250,24692.85,175,1525,13554675
NIFTY-I.NFO,18/10/2024,09:16:32,24690,24690,500,24691.95,1000,975,13554675
NIFTY-I.NFO,18/10/2024,09:16:33,24691.9,24690,25,24691.9,25,1375,13554675
NIFTY-I.NFO,18/10/2024,09:16:34,24687,24690,150,24691.95,1875,1000,13554675
NIFTY-I.NFO,18/10/2024,09:16:35,24691.95,24688.05,50,24691.95,1575,2400,13554675
NIFTY-I.NFO,18/10/2024,09:16:35,24686.75,24688.05,50,24691.95,1575,0,13554675
NIFTY-I.NFO,18/10/2024,09:16:36,24690,24688,100,24690,1600,2000,13554675
NIFTY-I.NFO,18/10/2024,09:16:36,24685,24688,100,24690,1600,0,13554675
NIFTY-I.NFO,18/10/2024,09:16:37,24690,24688,100,24690,1050,575,13554675
NIFTY-I.NFO,18/10/2024,09:16:38,24688,24685.65,50,24690,675,825,13554675
NIFTY-I.NFO,18/10/2024,09:16:39,24691.15,24691.2,25,24694,50,4925,13554675
NIFTY-I.NFO,18/10/2024,09:16:40,24694.9,24693,1300,24694.9,125,825,13554675
NIFTY-I.NFO,18/10/2024,09:16:41,24691.15,24692.05,25,24697.85,25,3575,13554675
NIFTY-I.NFO,18/10/2024,09:16:42,24692.05,24690,1125,24695.25,100,575,13554675
NIFTY-I.NFO,18/10/2024,09:16:43,24686.5,24686.4,25,24690,25,1825,13554675
NIFTY-I.NFO,18/10/2024,09:16:44,24690.45,24686.5,175,24688.1,125,2425,13554675
NIFTY-I.NFO,18/10/2024,09:16:44,24683.25,24686.5,175,24688.1,125,0,13554675
NIFTY-I.NFO,18/10/2024,09:16:45,24686.5,24686.5,175,24690,125,1100,13554675
NIFTY-I.NFO,18/10/2024,09:16:46,24691.05,24686.95,25,24691.05,25,2150,13554675
NIFTY-I.NFO,18/10/2024,09:16:47,24687.4,24687.45,25,24693,50,300,13554675
NIFTY-I.NFO,18/10/2024,09:16:48,24690.45,24690.45,25,24691.15,200,325,13554675
NIFTY-I.NFO,18/10/2024,09:16:49,24690,24690,100,24690.05,1700,1975,13554675
NIFTY-I.NFO,18/10/2024,09:16:50,24690.05,24686.5,50,24690.05,775,2150,13554675
NIFTY-I.NFO,18/10/2024,09:16:51,24686.5,24686.5,175,24690,175,2450,13554675
NIFTY-I.NFO,18/10/2024,09:16:52,24690,24686.5,150,24690,1900,125,13554675
NIFTY-I.NFO,18/10/2024,09:16:53,24690,24686.5,75,24690,1100,900,13554675
NIFTY-I.NFO,18/10/2024,09:16:54,24685.25,24687,25,24690,2675,1100,13554675
NIFTY-I.NFO,18/10/2024,09:16:55,24687,24687,50,24690,2650,225,13554675
NIFTY-I.NFO,18/10/2024,09:16:56,24683.25,24683.35,25,24689.6,250,2300,13554675
NIFTY-I.NFO,18/10/2024,09:16:56,24683,24683.35,25,24689.6,250,0,13554675
NIFTY-I.NFO,18/10/2024,09:16:57,24685.25,24683.4,25,24687,50,800,13554675
NIFTY-I.NFO,18/10/2024,09:16:58,24690,24688.05,125,24690,2200,225,13554675
NIFTY-I.NFO,18/10/2024,09:16:59,24688.05,24688.05,500,24690,2025,375,13554675
NIFTY-I.NFO,18/10/2024,09:17:00,24688.05,24688.05,400,24690,3525,425,13554675
NIFTY-I.NFO,18/10/2024,09:17:01,24697.45,24690.15,25,24696.6,225,6700,13554675
NIFTY-I.NFO,18/10/2024,09:17:02,24690.15,24690.15,75,24694.55,225,150,13554675
NIFTY-I.NFO,18/10/2024,09:17:03,24690,24688,275,24690,75,2350,13554675
NIFTY-I.NFO,18/10/2024,09:17:04,24690.15,24690,125,24690.15,175,350,13554675
NIFTY-I.NFO,18/10/2024,09:17:05,24690.15,24690,375,24690.15,125,50,13554675
NIFTY-I.NFO,18/10/2024,09:17:06,24695.7,24690.15,50,24695.9,350,2025,13554675
NIFTY-I.NFO,18/10/2024,09:17:07,24690.2,24690.2,25,24695.9,325,325,13554675
NIFTY-I.NFO,18/10/2024,09:17:08,24690.15,24690.15,175,24695.9,425,175,13554675
NIFTY-I.NFO,18/10/2024,09:17:09,24695.9,24692,1700,24696,225,225,13554675
NIFTY-I.NFO,18/10/2024,09:17:10,24694.1,24690.15,150,24694.25,175,2375,13554675
NIFTY-I.NFO,18/10/2024,09:17:11,24691,24690.15,150,24690.85,125,175,13554675
NIFTY-I.NFO,18/10/2024,09:17:12,24692.75,24691,25,24692.4,325,2875,13554675
NIFTY-I.NFO,18/10/2024,09:17:13,24692.65,24691,50,24692.6,125,225,13554675
NIFTY-I.NFO,18/10/2024,09:17:14,24690.4,24690.15,25,24690.85,650,500,13554675
NIFTY-I.NFO,18/10/2024,09:17:15,24695,24690,750,24694.95,25,2150,13554675
NIFTY-I.NFO,18/10/2024,09:17:16,24690,24690,650,24691,425,1950,13554675
NIFTY-I.NFO,18/10/2024,09:17:17,24690,24690,1225,24691,200,175,13554675
NIFTY-I.NFO,18/10/2024,09:17:18,24690.65,24692,50,24695,1875,450,13554675
NIFTY-I.NFO,18/10/2024,09:17:19,24692.1,24690.05,25,24694.95,200,1050,13554675
NIFTY-I.NFO,18/10/2024,09:17:20,24690,24689,75,24694.1,100,1700,13554675
NIFTY-I.NFO,18/10/2024,09:17:21,24690.65,24690.05,25,24694.05,100,1700,13554675
NIFTY-I.NFO,18/10/2024,09:17:22,24690.65,24690.15,100,24694.1,700,750,13554675
NIFTY-I.NFO,18/10/2024,09:17:23,24689,24686,875,24689,525,1350,13554675
NIFTY-I.NFO,18/10/2024,09:17:24,24689,24686,850,24690,50,625,13554675
NIFTY-I.NFO,18/10/2024,09:17:25,24690,24686,800,24690,1925,1075,13554675
NIFTY-I.NFO,18/10/2024,09:17:26,24686,24686,775,24688.55,225,200,13554675
NIFTY-I.NFO,18/10/2024,09:17:27,24689.7,24686,350,24689.6,250,1450,13554675
NIFTY-I.NFO,18/10/2024,09:17:28,24688.3,24681.75,100,24688.25,200,2900,13554675
NIFTY-I.NFO,18/10/2024,09:17:28,24681,24681.75,100,24688.25,200,0,13554675
NIFTY-I.NFO,18/10/2024,09:17:29,24688.9,24682.2,25,24688.9,200,500,13554675
NIFTY-I.NFO,18/10/2024,09:17:30,24687.65,24680.45,25,24688.25,100,900,13554675
NIFTY-I.NFO,18/10/2024,09:17:30,24680.2,24680.45,25,24688.25,100,0,13554675
NIFTY-I.NFO,18/10/2024,09:17:31,24688.4,24686.05,175,24688.45,325,700,13554675
NIFTY-I.NFO,18/10/2024,09:17:32,24687.8,24682.55,50,24688.3,225,1275,13554675
NIFTY-I.NFO,18/10/2024,09:17:33,24684.35,24684.35,100,24690,3100,2825,13554675
NIFTY-I.NFO,18/10/2024,09:17:34,24682.5,24682.2,25,24688.7,100,700,13554675
NIFTY-I.NFO,18/10/2024,09:17:35,24681.15,24681.25,100,24687.8,175,1400,13554675
NIFTY-I.NFO,18/10/2024,09:17:35,24680,24681.25,100,24687.8,175,0,13554675
NIFTY-I.NFO,18/10/2024,09:17:36,24689.05,24682.55,100,24689.05,100,1225,13554675
NIFTY-I.NFO,18/10/2024,09:17:37,24688.3,24684,100,24688.15,500,625,13554675
NIFTY-I.NFO,18/10/2024,09:17:38,24680.05,24680.35,100,24686.7,275,325,13554675
NIFTY-I.NFO,18/10/2024,09:17:39,24684.35,24681.75,50,24687.1,175,800,13554675
NIFTY-I.NFO,18/10/2024,09:17:40,24687.15,24684.05,175,24688.4,100,225,13554675
NIFTY-I.NFO,18/10/2024,09:17:41,24687.4,24682,75,24687.2,350,475,13554675
NIFTY-I.NFO,18/10/2024,09:17:42,24688,24684.05,50,24688,1850,700,13554675
NIFTY-I.NFO,18/10/2024,09:17:43,24688,24682.4,175,24688,1650,550,13554675
NIFTY-I.NFO,18/10/2024,09:17:44,24681,24681.05,25,24687.95,250,825,13554675
NIFTY-I.NFO,18/10/2024,09:17:45,24688,24687.4,25,24688,1275,300,13554675
NIFTY-I.NFO,18/10/2024,09:17:46,24688,24683.1,25,24688,850,1875,13554675
NIFTY-I.NFO,18/10/2024,09:17:47,24688,24684.2,50,24688,875,200,13554675
NIFTY-I.NFO,18/10/2024,09:17:48,24688,24687.8,25,24688.45,125,2925,13554675
NIFTY-I.NFO,18/10/2024,09:17:49,24688,24688,200,24690,4250,1925,13554675
NIFTY-I.NFO,18/10/2024,09:17:50,24690,24687.05,150,24690,4225,1000,13554675
NIFTY-I.NFO,18/10/2024,09:17:51,24688,24688,75,24690,4100,250,13554675
NIFTY-I.NFO,18/10/2024,09:17:52,24688,24687.05,75,24688,250,550,13554675
NIFTY-I.NFO,18/10/2024,09:17:53,24684.15,24682.25,100,24688.95,25,2650,13554675
NIFTY-I.NFO,18/10/2024,09:17:54,24688.05,24682.2,300,24688.1,225,425,13554675
NIFTY-I.NFO,18/10/2024,09:17:55,24680.1,24680.15,100,24687.15,125,875,13554675
NIFTY-I.NFO,18/10/2024,09:17:56,24680.35,24680.35,100,24686.85,125,400,13554675
NIFTY-I.NFO,18/10/2024,09:17:56,24687,24681.35,100,24687,175,75,13554675
NIFTY-I.NFO,18/10/2024,09:17:58,24682.05,24682.05,25,24688.2,25,800,13554675
NIFTY-I.NFO,18/10/2024,09:17:59,24688.95,24687.15,50,24689.65,25,300,13554675
NIFTY-I.NFO,18/10/2024,09:18:00,24689.9,24685.5,100,24690,5725,750,13554675
NIFTY-I.NFO,18/10/2024,09:18:01,24682.25,24683,250,24689.95,250,1400,13554675
NIFTY-I.NFO,18/10/2024,09:18:02,24689.4,24682.25,50,24689.25,200,325,13554675
NIFTY-I.NFO,18/10/2024,09:18:03,24682.25,24682.05,25,24688.35,100,75,13554675
NIFTY-I.NFO,18/10/2024,09:18:03,24682.05,24682,50,24688.75,100,175,13554675
NIFTY-I.NFO,18/10/2024,09:18:04,24682.05,24680.75,25,24686.85,125,450,13554675
NIFTY-I.NFO,18/10/2024,09:18:05,24686.35,24681.05,25,24686.75,125,1425,13554675
NIFTY-I.NFO,18/10/2024,09:18:06,24680.1,24680,3225,24682.9,375,875,13554675
NIFTY-I.NFO,18/10/2024,09:18:07,24677,24678,25,24681.95,225,3750,13554675
NIFTY-I.NFO,18/10/2024,09:18:07,24677,24678,25,24681.95,225,0,13554675
NIFTY-I.NFO,18/10/2024,09:18:08,24677.9,24676.3,175,24677,75,275,13554675
NIFTY-I.NFO,18/10/2024,09:18:08,24676.25,24676.3,175,24677,75,0,13554675
NIFTY-I.NFO,18/10/2024,09:18:09,24676.8,24676,100,24676.25,25,1050,13554675
NIFTY-I.NFO,18/10/2024,09:18:09,24676,24676,100,24676.25,25,0,13554675
NIFTY-I.NFO,18/10/2024,09:18:10,24676.25,24675,625,24676.25,375,1475,13554675
NIFTY-I.NFO,18/10/2024,09:18:10,24675,24675,625,24676.25,375,0,13554675
NIFTY-I.NFO,18/10/2024,09:18:11,24676.25,24675,275,24676.25,225,600,13554675
NIFTY-I.NFO,18/10/2024,09:18:12,24675,24675,75,24678.75,200,700,13554675
NIFTY-I.NFO,18/10/2024,09:18:13,24675,24673.05,25,24675,1925,1050,13554675
NIFTY-I.NFO,18/10/2024,09:18:13,24673,24673.05,25,24675,1925,0,13554675
NIFTY-I.NFO,18/10/2024,09:18:16,24678.65,24676,25,24678.6,125,4775,13554675
NIFTY-I.NFO,18/10/2024,09:18:17,24677.15,24673,25,24677.15,150,500,13554675
NIFTY-I.NFO,18/10/2024,09:18:19,24673,24672.1,50,24676.85,75,500,13554675
NIFTY-I.NFO,18/10/2024,09:18:19,24672.3,24672.1,50,24676.85,75,0,13554675
NIFTY-I.NFO,18/10/2024,09:18:21,24672.3,24672.1,25,24675,75,300,13554675
NIFTY-I.NFO,18/10/2024,09:18:21,24672.1,24672.1,25,24675,75,0,13554675
NIFTY-I.NFO,18/10/2024,09:18:22,24672,24671.1,100,24672.05,125,3425,13554675
NIFTY-I.NFO,18/10/2024,09:18:22,24672,24671.1,100,24672.05,125,0,13554675
NIFTY-I.NFO,18/10/2024,09:18:24,24671.05,24667,25,24671.05,100,2175,13554675
NIFTY-I.NFO,18/10/2024,09:18:24,24667,24667,25,24671.05,100,0,13554675
NIFTY-I.NFO,18/10/2024,09:18:26,24671.95,24667,175,24671.8,100,625,13554675
NIFTY-I.NFO,18/10/2024,09:18:26,24666.55,24667,175,24671.8,100,0,13554675
NIFTY-I.NFO,18/10/2024,09:18:27,24670,24666.45,25,24669.95,125,1525,13554675
NIFTY-I.NFO,18/10/2024,09:18:29,24670,24665,25,24670,1650,2750,13554675
NIFTY-I.NFO,18/10/2024,09:18:29,24663,24665,25,24670,1650,0,13554675
NIFTY-I.NFO,18/10/2024,09:18:31,24667,24667,25,24669.9,25,825,13554675
NIFTY-I.NFO,18/10/2024,09:18:33,24667,24667,100,24670,1125,4150,13554675
NIFTY-I.NFO,18/10/2024,09:18:34,24667.5,24667.5,50,24670,25,3125,13554675
NIFTY-I.NFO,18/10/2024,09:18:34,24662.9,24667.5,50,24670,25,0,13554675
NIFTY-I.NFO,18/10/2024,09:18:36,24670,24670,25,24671.15,100,325,13554675
NIFTY-I.NFO,18/10/2024,09:18:38,24671.6,24671.2,75,24671.6,350,1325,13554675
NIFTY-I.NFO,18/10/2024,09:18:39,24671.2,24667.5,75,24671.6,825,1800,13554675
NIFTY-I.NFO,18/10/2024,09:18:41,24671.2,24670,1025,24672,225,1050,13554675
NIFTY-I.NFO,18/10/2024,09:18:43,24670,24669,25,24670,75,2075,13561175
NIFTY-I.NFO,18/10/2024,09:18:44,24667.55,24667.55,150,24671.6,200,1850,13561175
NIFTY-I.NFO,18/10/2024,09:18:46,24673.2,24667.5,50,24670,450,4225,13561175
NIFTY-I.NFO,18/10/2024,09:18:48,24666.05,24666.05,50,24669.55,1600,775,13561175
NIFTY-I.NFO,18/10/2024,09:18:49,24671.6,24669.55,175,24671.6,300,14950,13561175
NIFTY-I.NFO,18/10/2024,09:18:51,24667.55,24666.6,125,24671.6,175,450,13561175
NIFTY-I.NFO,18/10/2024,09:18:53,24675,24671.7,650,24675,950,4775,13561175
NIFTY-I.NFO,18/10/2024,09:18:54,24676,24675.55,175,24676,200,1400,13561175
NIFTY-I.NFO,18/10/2024,09:18:56,24671.7,24672.05,25,24676.95,400,1225,13561175
NIFTY-I.NFO,18/10/2024,09:18:58,24676.95,24671,300,24677.25,75,2925,13561175
NIFTY-I.NFO,18/10/2024,09:18:59,24671.6,24671.6,225,24676.95,75,2175,13561175
NIFTY-I.NFO,18/10/2024,09:19:01,24674.65,24671,25,24674.8,850,11225,13561175
NIFTY-I.NFO,18/10/2024,09:19:03,24671.6,24669.05,25,24671.6,1700,700,13561175
NIFTY-I.NFO,18/10/2024,09:19:04,24668.05,24668.55,25,24671.6,3275,425,13561175
NIFTY-I.NFO,18/10/2024,09:19:06,24671.55,24666.05,100,24671.6,3100,10850,13561175
NIFTY-I.NFO,18/10/2024,09:19:08,24668.4,24668.5,100,24671.6,2725,1475,13561175
NIFTY-I.NFO,18/10/2024,09:19:09,24671.6,24671,25,24675,2325,4875,13561175
NIFTY-I.NFO,18/10/2024,09:19:11,24671.05,24666.85,50,24673.15,850,575,13561175
NIFTY-I.NFO,18/10/2024,09:19:13,24671.6,24671.6,975,24675,1950,850,13561175
NIFTY-I.NFO,18/10/2024,09:19:14,24671.6,24671.6,175,24675,975,5600,13561175
NIFTY-I.NFO,18/10/2024,09:19:16,24674,24671.6,100,24674,175,875,13561175
NIFTY-I.NFO,18/10/2024,09:19:17,24675.7,24674.05,125,24676,825,850,13561175
NIFTY-I.NFO,18/10/2024,09:19:19,24677.05,24677.05,150,24678.65,25,1225,13561175
NIFTY-I.NFO,18/10/2024,09:19:21,24680,24679.05,100,24680,1575,1975,13561175
NIFTY-I.NFO,18/10/2024,09:19:22,24678.95,24676.05,25,24678.9,200,1000,13561175
NIFTY-I.NFO,18/10/2024,09:19:24,24676,24676,275,24676.85,125,5550,13561175
NIFTY-I.NFO,18/10/2024,09:19:26,24673.15,24673.15,50,24675,1075,2575,13561175
NIFTY-I.NFO,18/10/2024,09:19:27,24675,24671.6,100,24675,125,1950,13561175
NIFTY-I.NFO,18/10/2024,09:19:29,24676.1,24668.5,100,24675.05,25,1325,13561175
NIFTY-I.NFO,18/10/2024,09:19:31,24675,24673.8,100,24678,400,300,13561175
NIFTY-I.NFO,18/10/2024,09:19:32,24678,24676.7,125,24678,300,250,13561175
NIFTY-I.NFO,18/10/2024,09:19:34,24681.95,24678,25,24680.9,125,1425,13561175
NIFTY-I.NFO,18/10/2024,09:19:36,24676.1,24676.1,1625,24679.95,75,11175,13561175
NIFTY-I.NFO,18/10/2024,09:19:37,24674,24672.05,25,24674,100,9100,13561175
NIFTY-I.NFO,18/10/2024,09:19:39,24671.1,24671.1,25,24676,600,10575,13561175
NIFTY-I.NFO,18/10/2024,09:19:41,24671,24671.35,25,24679.95,100,11150,13561175
NIFTY-I.NFO,18/10/2024,09:19:42,24682.4,24680,200,24682.75,50,1075,13561175
NIFTY-I.NFO,18/10/2024,09:19:44,24680,24680,75,24681.1,50,625,13561175
NIFTY-I.NFO,18/10/2024,09:19:46,24675,24674.55,175,24675,7050,3225,13561175
NIFTY-I.NFO,18/10/2024,09:19:47,24675,24674.55,100,24675,8625,1150,13561175
NIFTY-I.NFO,18/10/2024,09:19:49,24675,24674.55,75,24675,9225,700,13561175
NIFTY-I.NFO,18/10/2024,09:19:51,24675,24672.1,75,24675,8400,1425,13561175
NIFTY-I.NFO,18/10/2024,09:19:52,24680,24678.8,150,24680,2700,12450,13561175
NIFTY-I.NFO,18/10/2024,09:19:54,24671.65,24671.65,25,24678.05,50,6325,13561175
NIFTY-I.NFO,18/10/2024,09:19:56,24675,24675,125,24677.3,25,275,13561175
NIFTY-I.NFO,18/10/2024,09:19:57,24677.65,24677.65,100,24679,2875,7950,13561175
NIFTY-I.NFO,18/10/2024,09:19:59,24679,24675,200,24679,6425,2400,13561175
NIFTY-I.NFO,18/10/2024,09:20:01,24671.85,24671.85,250,24678.55,25,3500,13561175
NIFTY-I.NFO,18/10/2024,09:20:02,24677.75,24671.6,250,24677.75,5375,875,13561175
NIFTY-I.NFO,18/10/2024,09:20:04,24677.75,24671.65,150,24677.75,7450,2700,13561175
NIFTY-I.NFO,18/10/2024,09:20:06,24671.1,24671,25,24677.35,200,675,13561175
NIFTY-I.NFO,18/10/2024,09:20:07,24674.75,24670,825,24674.5,125,625,13561175
NIFTY-I.NFO,18/10/2024,09:20:09,24674.6,24671,25,24675,2925,200,13561175
NIFTY-I.NFO,18/10/2024,09:20:11,24675,24671,125,24675,2600,525,13561175
NIFTY-I.NFO,18/10/2024,09:20:12,24675,24671,50,24675,2450,725,13561175
NIFTY-I.NFO,18/10/2024,09:20:14,24670,24669.6,150,24670,825,1200,13561175
NIFTY-I.NFO,18/10/2024,09:20:16,24673.75,24670.15,25,24673.75,125,1075,13561175
NIFTY-I.NFO,18/10/2024,09:20:17,24673.75,24667.55,200,24670,25,550,13561175
NIFTY-I.NFO,18/10/2024,09:20:19,24666.3,24666.3,25,24670.45,125,250,13561175
NIFTY-I.NFO,18/10/2024,09:20:21,24666,24665.1,175,24669.9,50,625,13561175
NIFTY-I.NFO,18/10/2024,09:20:22,24663,24663,25,24664.6,50,1525,13561175
NIFTY-I.NFO,18/10/2024,09:20:24,24665.55,24660.1,225,24665.55,25,3325,13561175
NIFTY-I.NFO,18/10/2024,09:20:24,24660.1,24660.1,225,24665.55,25,0,13561175
NIFTY-I.NFO,18/10/2024,09:20:26,24662.65,24660.1,75,24662.65,125,1075,13561175
NIFTY-I.NFO,18/10/2024,09:20:27,24662.65,24660,2575,24664.15,1000,675,13561175
NIFTY-I.NFO,18/10/2024,09:20:27,24660,24660,2575,24664.15,1000,0,13561175
NIFTY-I.NFO,18/10/2024,09:20:29,24660,24661.15,100,24662.65,25,1200,13561175
NIFTY-I.NFO,18/10/2024,09:20:31,24659.5,24658.65,250,24659.5,25,2575,13561175
NIFTY-I.NFO,18/10/2024,09:20:31,24659.2,24658.65,250,24659.5,25,0,13561175
NIFTY-I.NFO,18/10/2024,09:20:32,24663,24663.25,125,24664.6,25,3875,13561175
NIFTY-I.NFO,18/10/2024,09:20:32,24658.65,24663.25,125,24664.6,25,0,13561175
NIFTY-I.NFO,18/10/2024,09:20:34,24664.6,24661.05,225,24665,450,1325,13561175
NIFTY-I.NFO,18/10/2024,09:20:36,24663.75,24664.85,250,24669.6,25,1450,13561175
NIFTY-I.NFO,18/10/2024,09:20:37,24667.45,24667.45,75,24670,75,450,13561175
NIFTY-I.NFO,18/10/2024,09:20:39,24668.5,24668.5,125,24673.75,300,525,13561175
NIFTY-I.NFO,18/10/2024,09:20:41,24670,24668.5,100,24669,25,525,13561175
NIFTY-I.NFO,18/10/2024,09:20:42,24670,24669.2,50,24670,825,200,13561175
NIFTY-I.NFO,18/10/2024,09:20:44,24668.5,24665,675,24669.35,300,600,13561175
NIFTY-I.NFO,18/10/2024,09:20:46,24670,24668.5,25,24669.95,200,625,13561175
NIFTY-I.NFO,18/10/2024,09:20:47,24670,24666,200,24670,1450,225,13561175
NIFTY-I.NFO,18/10/2024,09:20:49,24669.95,24668.5,50,24670,1275,750,13561175
NIFTY-I.NFO,18/10/2024,09:20:51,24670,24669,25,24670,1200,250,13561175
NIFTY-I.NFO,18/10/2024,09:20:52,24665.05,24665,700,24669.1,25,650,13561175
NIFTY-I.NFO,18/10/2024,09:20:54,24664.8,24665.05,75,24668,1800,2100,13561175
NIFTY-I.NFO,18/10/2024,09:20:56,24667.05,24667.05,175,24670,1225,3775,13561175
NIFTY-I.NFO,18/10/2024,09:20:57,24666.6,24666.55,250,24666.6,875,2900,13561175
NIFTY-I.NFO,18/10/2024,09:20:59,24669.2,24669.9,125,24670,1175,1550,13561175
NIFTY-I.NFO,18/10/2024,09:21:01,24670.3,24670.3,100,24672,50,1300,13561175
NIFTY-I.NFO,18/10/2024,09:21:02,24667.55,24667.9,75,24674.05,300,2925,13561175
NIFTY-I.NFO,18/10/2024,09:21:04,24673.95,24668.25,250,24674,50,1125,13561175
NIFTY-I.NFO,18/10/2024,09:21:06,24668.3,24667.05,25,24668.3,750,1100,13561175
NIFTY-I.NFO,18/10/2024,09:21:07,24669.65,24669.6,50,24669.65,25,3750,13561175
NIFTY-I.NFO,18/10/2024,09:21:09,24668.15,24668.75,250,24673,25,2100,13561175
NIFTY-I.NFO,18/10/2024,09:21:11,24670,24670,50,24670.05,1400,500,13561175
NIFTY-I.NFO,18/10/2024,09:21:12,24673.95,24670,100,24673,25,1500,13561175
NIFTY-I.NFO,18/10/2024,09:21:14,24669.85,24668.85,25,24670,1225,2575,13561175
NIFTY-I.NFO,18/10/2024,09:21:16,24670,24669.35,75,24670,950,375,13561175
NIFTY-I.NFO,18/10/2024,09:21:17,24671.1,24671.1,100,24673,300,3100,13561175
NIFTY-I.NFO,18/10/2024,09:21:19,24673,24670.1,50,24673,350,2075,13561175
NIFTY-I.NFO,18/10/2024,09:21:21,24670,24669.35,600,24670,475,1600,13561175
NIFTY-I.NFO,18/10/2024,09:21:22,24669.35,24668.5,75,24669.35,1150,1100,13561175
NIFTY-I.NFO,18/10/2024,09:21:24,24669.35,24668,50,24669.35,1075,325,13561175
NIFTY-I.NFO,18/10/2024,09:21:26,24668,24668,75,24669.35,1025,200,13561175
NIFTY-I.NFO,18/10/2024,09:21:27,24668.5,24664.2,25,24668.5,125,1000,13561175
NIFTY-I.NFO,18/10/2024,09:21:29,24665.35,24665.9,25,24669.35,800,875,13561175
NIFTY-I.NFO,18/10/2024,09:21:31,24669.35,24666.3,25,24669.35,600,300,13561175
NIFTY-I.NFO,18/10/2024,09:21:32,24666.05,24666.05,25,24669.35,600,100,13561175
NIFTY-I.NFO,18/10/2024,09:21:34,24669.3,24665.65,25,24669.25,125,475,13561175
NIFTY-I.NFO,18/10/2024,09:21:36,24665.65,24663.55,25,24668.25,25,250,13561175
NIFTY-I.NFO,18/10/2024,09:21:37,24669.3,24666,1250,24669.3,150,850,13561175
NIFTY-I.NFO,18/10/2024,09:21:39,24666,24665,150,24669.25,175,1400,13561175
NIFTY-I.NFO,18/10/2024,09:21:41,24669.2,24664.65,100,24669.15,300,2000,13561175
NIFTY-I.NFO,18/10/2024,09:21:42,24667.95,24665,25,24668,25,500,13561175
NIFTY-I.NFO,18/10/2024,09:21:44,24665,24662,175,24665,1750,2050,13631800
NIFTY-I.NFO,18/10/2024,09:21:46,24662,24660.2,25,24665,2000,5225,13631800
NIFTY-I.NFO,18/10/2024,09:21:47,24664.3,24658.25,25,24664.2,25,2625,13631800
NIFTY-I.NFO,18/10/2024,09:21:49,24658.6,24657.15,25,24658.6,2625,825,13631800
NIFTY-I.NFO,18/10/2024,09:21:49,24657,24657.15,25,24658.6,2625,0,13631800
NIFTY-I.NFO,18/10/2024,09:21:51,24658.6,24656.6,25,24658.6,2050,675,13631800
NIFTY-I.NFO,18/10/2024,09:21:51,24656.65,24656.6,25,24658.6,2050,0,13631800
NIFTY-I.NFO,18/10/2024,09:21:52,24657.15,24656.8,50,24662.05,25,2975,13631800
NIFTY-I.NFO,18/10/2024,09:21:52,24656.25,24656.8,50,24662.05,25,0,13631800
NIFTY-I.NFO,18/10/2024,09:21:54,24659.55,24656.05,250,24659.6,850,650,13631800
NIFTY-I.NFO,18/10/2024,09:21:54,24656.2,24656.05,250,24659.6,850,0,13631800
NIFTY-I.NFO,18/10/2024,09:21:56,24657.2,24657.2,225,24659.85,25,3350,13631800
NIFTY-I.NFO,18/10/2024,09:21:56,24656,24657.2,225,24659.85,25,0,13631800
NIFTY-I.NFO,18/10/2024,09:21:57,24660,24657.25,100,24660,25,525,13631800
NIFTY-I.NFO,18/10/2024,09:21:59,24660,24657.2,75,24662.25,200,5175,13631800
NIFTY-I.NFO,18/10/2024,09:21:59,24655.15,24657.2,75,24662.25,200,0,13631800
NIFTY-I.NFO,18/10/2024,09:22:01,24655,24654.35,50,24655,50,1900,13631800
NIFTY-I.NFO,18/10/2024,09:22:01,24655,24654.35,50,24655,50,0,13631800
NIFTY-I.NFO,18/10/2024,09:22:02,24656.5,24654,125,24655,125,525,13631800
NIFTY-I.NFO,18/10/2024,09:22:02,24654,24654,125,24655,125,0,13631800
NIFTY-I.NFO,18/10/2024,09:22:04,24655.4,24654.9,25,24655.4,200,1875,13631800
NIFTY-I.NFO,18/10/2024,09:22:04,24651.15,24654.9,25,24655.4,200,0,13631800
NIFTY-I.NFO,18/10/2024,09:22:06,24659.45,24655.4,25,24658,50,1100,13631800
NIFTY-I.NFO,18/10/2024,09:22:07,24658,24655,1075,24657.2,25,500,13631800
NIFTY-I.NFO,18/10/2024,09:22:09,24657.2,24655,1200,24657.2,875,800,13631800
NIFTY-I.NFO,18/10/2024,09:22:11,24655.05,24658,25,24660,1475,4350,13631800
NIFTY-I.NFO,18/10/2024,09:22:12,24656.1,24656.1,100,24660,1400,850,13631800
NIFTY-I.NFO,18/10/2024,09:22:14,24656,24655.2,25,24660,1325,1100,13631800
NIFTY-I.NFO,18/10/2024,09:22:16,24658,24658,25,24660,1175,525,13631800
NIFTY-I.NFO,18/10/2024,09:22:17,24660,24660,175,24663.5,200,1575,13631800
NIFTY-I.NFO,18/10/2024,09:22:19,24660,24660,275,24663.2,25,525,13631800
NIFTY-I.NFO,18/10/2024,09:22:21,24660,24657.55,75,24660,750,1675,13631800
NIFTY-I.NFO,18/10/2024,09:22:22,24662.7,24656.05,225,24662.7,200,3775,13631800
NIFTY-I.NFO,18/10/2024,09:22:24,24663.5,24658,100,24663.55,50,2175,13631800
NIFTY-I.NFO,18/10/2024,09:22:26,24660,24658,200,24659.7,50,1625,13631800
NIFTY-I.NFO,18/10/2024,09:22:27,24658.65,24658.75,200,24662,50,2950,13631800
NIFTY-I.NFO,18/10/2024,09:22:29,24660,24658.8,25,24664.9,300,2325,13631800
NIFTY-I.NFO,18/10/2024,09:22:31,24662.65,24656,175,24660,50,825,13631800
NIFTY-I.NFO,18/10/2024,09:22:32,24658,24656,50,24658,100,350,13631800
NIFTY-I.NFO,18/10/2024,09:22:34,24660,24660,2200,24662,75,1425,13631800
NIFTY-I.NFO,18/10/2024,09:22:36,24658.65,24656,600,24659.2,25,6750,13631800
NIFTY-I.NFO,18/10/2024,09:22:37,24660,24657.25,150,24659.95,175,425,13631800
NIFTY-I.NFO,18/10/2024,09:22:39,24658.95,24657.25,25,24658.95,125,900,13631800
NIFTY-I.NFO,18/10/2024,09:22:41,24658,24655,350,24657.4,75,2275,13631800
NIFTY-I.NFO,18/10/2024,09:22:42,24659.25,24655,225,24657.9,25,1525,13631800
NIFTY-I.NFO,18/10/2024,09:22:44,24659.25,24655,475,24659.2,25,2450,13631800
NIFTY-I.NFO,18/10/2024,09:22:46,24654.65,24654.65,75,24659,550,3125,13631800
NIFTY-I.NFO,18/10/2024,09:22:47,24652.05,24652.65,125,24657.4,350,475,13631800
NIFTY-I.NFO,18/10/2024,09:22:49,24651,24651,1000,24653.05,25,1700,13631800
NIFTY-I.NFO,18/10/2024,09:22:49,24651,24651,1000,24653.05,25,0,13631800
NIFTY-I.NFO,18/10/2024,09:22:51,24653.2,24653.2,25,24654.65,1550,475,13631800
NIFTY-I.NFO,18/10/2024,09:22:52,24654.65,24652.3,250,24654.65,1550,1550,13631800
NIFTY-I.NFO,18/10/2024,09:22:54,24652.15,24653,25,24654.6,25,1675,13631800
NIFTY-I.NFO,18/10/2024,09:22:56,24653,24653,725,24653.75,100,2525,13631800
NIFTY-I.NFO,18/10/2024,09:22:56,24650.95,24653,725,24653.75,100,0,13631800
NIFTY-I.NFO,18/10/2024,09:22:57,24652.8,24652.3,25,24652.8,25,875,13631800
NIFTY-I.NFO,18/10/2024,09:22:59,24653.75,24653.75,1825,24654.65,150,1050,13631800
NIFTY-I.NFO,18/10/2024,09:23:01,24653,24653,275,24654.8,725,2400,13631800
NIFTY-I.NFO,18/10/2024,09:23:02,24650.1,24650.1,250,24653.65,150,875,13631800
NIFTY-I.NFO,18/10/2024,09:23:02,24650.1,24650.1,250,24653.65,150,0,13631800
NIFTY-I.NFO,18/10/2024,09:23:04,24650.1,24650,525,24650.1,50,6900,13631800
NIFTY-I.NFO,18/10/2024,09:23:04,24647.7,24650,525,24650.1,50,0,13631800
NIFTY-I.NFO,18/10/2024,09:23:06,24650,24650,150,24652,200,1050,13631800
NIFTY-I.NFO,18/10/2024,09:23:08,24647.15,24647.6,125,24650,275,2475,13631800
NIFTY-I.NFO,18/10/2024,09:23:08,24646.6,24647.6,125,24650,275,0,13631800
NIFTY-I.NFO,18/10/2024,09:23:09,24647.3,24647.55,125,24650,325,625,13631800
NIFTY-I.NFO,18/10/2024,09:23:11,24650.3,24650.2,125,24652,125,1775,13631800
NIFTY-I.NFO,18/10/2024,09:23:13,24649.85,24648.8,300,24652.9,250,475,13631800
NIFTY-I.NFO,18/10/2024,09:23:14,24652,24652,125,24652.95,25,4975,13631800
NIFTY-I.NFO,18/10/2024,09:23:16,24650,24650,25,24652,50,475,13631800
NIFTY-I.NFO,18/10/2024,09:23:18,24653,24650.1,75,24653.75,25,1100,13631800
NIFTY-I.NFO,18/10/2024,09:23:19,24650,24649.05,25,24654.05,350,350,13631800
NIFTY-I.NFO,18/10/2024,09:23:21,24648.75,24650,1675,24654.95,25,350,13631800
NIFTY-I.NFO,18/10/2024,09:23:23,24653.75,24653.75,125,24655,225,325,13631800
NIFTY-I.NFO,18/10/2024,09:23:24,24653.75,24650.2,625,24653.75,150,375,13631800
NIFTY-I.NFO,18/10/2024,09:23:26,24655,24650.05,175,24654,125,400,13631800
NIFTY-I.NFO,18/10/2024,09:23:28,24653,24650,1775,24653,325,850,13631800
NIFTY-I.NFO,18/10/2024,09:23:29,24650,24650,1075,24654.95,200,2050,13631800
NIFTY-I.NFO,18/10/2024,09:23:31,24650,24650,850,24655,175,500,13631800
NIFTY-I.NFO,18/10/2024,09:23:33,24650,24650,700,24654.55,50,1025,13631800
NIFTY-I.NFO,18/10/2024,09:23:34,24649.85,24649.8,25,24652.7,150,1175,13631800
NIFTY-I.NFO,18/10/2024,09:23:36,24649.95,24648.75,125,24650,125,425,13631800
NIFTY-I.NFO,18/10/2024,09:23:38,24645,24645,125,24649.45,200,5550,13631800
NIFTY-I.NFO,18/10/2024,09:23:38,24645,24645,125,24649.45,200,0,13631800
NIFTY-I.NFO,18/10/2024,09:23:39,24650,24650,500,24651.25,150,1625,13631800
NIFTY-I.NFO,18/10/2024,09:23:41,24650,24650,400,24652.65,25,525,13631800
NIFTY-I.NFO,18/10/2024,09:23:43,24651.25,24650.95,1750,24651.25,500,300,13631800
NIFTY-I.NFO,18/10/2024,09:23:44,24650.95,24650.95,1550,24651.25,325,575,13631800
NIFTY-I.NFO,18/10/2024,09:23:46,24651.25,24651.25,125,24653,175,2600,13631800
NIFTY-I.NFO,18/10/2024,09:23:48,24651.25,24651.25,1700,24654.45,25,800,13631800
NIFTY-I.NFO,18/10/2024,09:23:49,24653,24652,100,24655,450,725,13631800
NIFTY-I.NFO,18/10/2024,09:23:51,24651.25,24651.25,1525,24655,200,850,13631800
NIFTY-I.NFO,18/10/2024,09:23:53,24652.5,24651.3,200,24652.5,125,425,13631800
NIFTY-I.NFO,18/10/2024,09:23:54,24654.85,24651.3,200,24655,475,125,13631800
NIFTY-I.NFO,18/10/2024,09:23:56,24655.1,24653,50,24655.95,125,1350,13631800
NIFTY-I.NFO,18/10/2024,09:23:58,24656.65,24653,200,24656.65,25,300,13631800
NIFTY-I.NFO,18/10/2024,09:23:59,24658.65,24656.65,25,24658.7,150,225,13631800
NIFTY-I.NFO,18/10/2024,09:24:01,24654.85,24654.85,75,24656.85,175,1225,13631800
NIFTY-I.NFO,18/10/2024,09:24:02,24653,24653,75,24655.35,175,1500,13631800
NIFTY-I.NFO,18/10/2024,09:24:04,24653.95,24651.25,25,24653.95,175,1275,13631800
NIFTY-I.NFO,18/10/2024,09:24:06,24653.9,24650,4325,24653.9,125,1725,13631800
NIFTY-I.NFO,18/10/2024,09:24:07,24653.9,24650.2,50,24654.9,300,1125,13631800
NIFTY-I.NFO,18/10/2024,09:24:09,24655,24653.9,75,24657,350,350,13631800
NIFTY-I.NFO,18/10/2024,09:24:11,24653.95,24650,4225,24656.15,50,350,13631800
NIFTY-I.NFO,18/10/2024,09:24:12,24654.55,24650,4175,24653.25,25,400,13631800
NIFTY-I.NFO,18/10/2024,09:24:14,24654,24651,100,24654,175,2375,13631800
NIFTY-I.NFO,18/10/2024,09:24:16,24654.85,24651.75,200,24654.95,50,2075,13631800
NIFTY-I.NFO,18/10/2024,09:24:17,24654.55,24653,50,24654.55,450,200,13631800
NIFTY-I.NFO,18/10/2024,09:24:19,24657,24654.55,525,24657,50,850,13631800
NIFTY-I.NFO,18/10/2024,09:24:21,24655,24655,500,24655.95,175,1425,13631800
NIFTY-I.NFO,18/10/2024,09:24:22,24654.5,24654,175,24654.5,125,1525,13631800
NIFTY-I.NFO,18/10/2024,09:24:24,24656,24654.55,25,24656,525,1125,13631800
NIFTY-I.NFO,18/10/2024,09:24:26,24653.95,24652,575,24653.95,175,1025,13631800
NIFTY-I.NFO,18/10/2024,09:24:27,24653.45,24652,675,24652.95,250,2100,13631800
NIFTY-I.NFO,18/10/2024,09:24:29,24652,24651,100,24652,150,1725,13631800
NIFTY-I.NFO,18/10/2024,09:24:31,24652.45,24652.45,475,24653,25,775,13631800
NIFTY-I.NFO,18/10/2024,09:24:32,24652.5,24652.45,550,24653,50,850,13631800
NIFTY-I.NFO,18/10/2024,09:24:34,24654.5,24653,1800,24654.5,225,1300,13631800
NIFTY-I.NFO,18/10/2024,09:24:35,24654.9,24654.5,200,24655.45,125,525,13631800
NIFTY-I.NFO,18/10/2024,09:24:37,24657.35,24654.5,125,24657.4,400,1275,13631800
NIFTY-I.NFO,18/10/2024,09:24:39,24653,24653,1575,24657.2,50,550,13631800
NIFTY-I.NFO,18/10/2024,09:24:40,24654.95,24650,2375,24655.45,125,2225,13631800
NIFTY-I.NFO,18/10/2024,09:24:42,24650.05,24650,1150,24652.45,50,1700,13631800
NIFTY-I.NFO,18/10/2024,09:24:44,24651.75,24651.65,50,24657.4,125,375,13663625
NIFTY-I.NFO,18/10/2024,09:24:45,24655,24655.5,1700,24656,375,325,13663625
NIFTY-I.NFO,18/10/2024,09:24:47,24659.45,24655.55,75,24659.5,300,2975,13663625
NIFTY-I.NFO,18/10/2024,09:24:49,24656,24653.2,25,24659.35,200,4675,13663625
NIFTY-I.NFO,18/10/2024,09:24:50,24658.35,24656.3,75,24658.05,75,1800,13663625
NIFTY-I.NFO,18/10/2024,09:24:52,24656.5,24655,50,24656.5,50,950,13663625
NIFTY-I.NFO,18/10/2024,09:24:54,24656.1,24651,25,24654.95,175,500,13663625
NIFTY-I.NFO,18/10/2024,09:24:55,24655.9,24650.05,50,24655.9,125,800,13663625
NIFTY-I.NFO,18/10/2024,09:24:57,24652.65,24652.65,25,24654,25,200,13663625
NIFTY-I.NFO,18/10/2024,09:24:59,24656.5,24652.2,225,24656.5,75,325,13663625
NIFTY-I.NFO,18/10/2024,09:25:00,24655.75,24654.95,50,24655.75,125,200,13663625
NIFTY-I.NFO,18/10/2024,09:25:02,24656,24653.6,25,24658,200,1750,13663625
NIFTY-I.NFO,18/10/2024,09:25:04,24659,24659.85,125,24660,175,4925,13663625
NIFTY-I.NFO,18/10/2024,09:25:05,24659.85,24659.85,75,24662.65,150,600,13663625
NIFTY-I.NFO,18/10/2024,09:25:07,24662.65,24660.5,50,24664,400,3750,13663625
NIFTY-I.NFO,18/10/2024,09:25:09,24660,24660,25,24662.35,25,450,13663625
NIFTY-I.NFO,18/10/2024,09:25:10,24663.95,24660.7,25,24663.95,75,500,13663625
NIFTY-I.NFO,18/10/2024,09:25:12,24664,24662.2,25,24664.95,125,400,13663625
NIFTY-I.NFO,18/10/2024,09:25:14,24665,24668.3,25,24668.9,50,2000,13663625
NIFTY-I.NFO,18/10/2024,09:25:15,24670,24667.95,25,24670,225,1200,13663625
NIFTY-I.NFO,18/10/2024,09:25:17,24665.9,24666,25,24670.85,125,850,13663625
NIFTY-I.NFO,18/10/2024,09:25:19,24670.45,24665.2,25,24670.55,25,475,13663625
NIFTY-I.NFO,18/10/2024,09:25:20,24669.7,24665,100,24667.9,175,550,13663625
NIFTY-I.NFO,18/10/2024,09:25:22,24670,24665.05,100,24670.25,150,1225,13663625
NIFTY-I.NFO,18/10/2024,09:25:24,24669.25,24665,1075,24669.7,350,700,13663625
NIFTY-I.NFO,18/10/2024,09:25:25,24666.4,24666.45,100,24670,25,7775,13663625
NIFTY-I.NFO,18/10/2024,09:25:27,24669.95,24669.7,25,24669.95,150,800,13663625
NIFTY-I.NFO,18/10/2024,09:25:29,24666.75,24666,50,24668.55,200,550,13663625
NIFTY-I.NFO,18/10/2024,09:25:30,24669.95,24668.05,25,24668.45,125,500,13663625
NIFTY-I.NFO,18/10/2024,09:25:32,24665.9,24665,300,24666.1,25,900,13663625
NIFTY-I.NFO,18/10/2024,09:25:34,24662,24660.15,25,24666.25,225,750,13663625
NIFTY-I.NFO,18/10/2024,09:25:35,24660.75,24660.1,200,24666.05,25,750,13663625
NIFTY-I.NFO,18/10/2024,09:25:37,24661,24660,175,24664.25,25,2675,13663625
NIFTY-I.NFO,18/10/2024,09:25:39,24656.5,24656.5,25,24662.65,25,1775,13663625
NIFTY-I.NFO,18/10/2024,09:25:40,24660.1,24655,175,24656.5,25,625,13663625
NIFTY-I.NFO,18/10/2024,09:25:42,24658.85,24654,25,24658.85,25,575,13663625
NIFTY-I.NFO,18/10/2024,09:25:44,24653,24652.65,25,24654.5,100,500,13663625
NIFTY-I.NFO,18/10/2024,09:25:45,24653.5,24653.05,25,24659.6,25,1125,13663625
NIFTY-I.NFO,18/10/2024,09:25:47,24657.8,24652.1,25,24657.8,25,175,13663625
NIFTY-I.NFO,18/10/2024,09:25:49,24656.95,24654,100,24656.95,25,1200,13663625
NIFTY-I.NFO,18/10/2024,09:25:50,24655.55,24654,25,24655.55,175,325,13663625
NIFTY-I.NFO,18/10/2024,09:25:52,24653,24650.95,200,24655.55,75,375,13663625
NIFTY-I.NFO,18/10/2024,09:25:54,24653.2,24652.1,25,24656.5,100,225,13663625
NIFTY-I.NFO,18/10/2024,09:25:55,24652.1,24650,475,24652.1,450,950,13663625
NIFTY-I.NFO,18/10/2024,09:25:57,24645,24645,1225,24649,25,1500,13663625
NIFTY-I.NFO,18/10/2024,09:25:59,24649.9,24645,1150,24649.9,75,1275,13663625
NIFTY-I.NFO,18/10/2024,09:26:00,24650,24645.05,25,24650.1,125,525,13663625
NIFTY-I.NFO,18/10/2024,09:26:02,24645,24644,25,24644.95,150,950,13663625
NIFTY-I.NFO,18/10/2024,09:26:04,24642.55,24642,2075,24643,25,975,13663625
NIFTY-I.NFO,18/10/2024,09:26:04,24642,24642,2075,24643,25,0,13663625
NIFTY-I.NFO,18/10/2024,09:26:05,24645.6,24644.05,25,24650.15,50,3400,13663625
NIFTY-I.NFO,18/10/2024,09:26:07,24642.5,24642,900,24643.9,25,275,13663625
NIFTY-I.NFO,18/10/2024,09:26:09,24642.35,24642.2,25,24648.85,50,350,13663625
NIFTY-I.NFO,18/10/2024,09:26:10,24642,24644,50,24647.9,50,1850,13663625
NIFTY-I.NFO,18/10/2024,09:26:12,24648.55,24645,25,24648.55,75,2450,13663625
NIFTY-I.NFO,18/10/2024,09:26:12,24640.2,24645,25,24648.55,75,0,13663625
NIFTY-I.NFO,18/10/2024,09:26:14,24648.55,24648.85,75,24650,25,425,13663625
NIFTY-I.NFO,18/10/2024,09:26:15,24648.55,24648.55,175,24654,50,2200,13663625
NIFTY-I.NFO,18/10/2024,09:26:17,24647.6,24645.3,50,24648.55,125,3475,13663625
NIFTY-I.NFO,18/10/2024,09:26:19,24645.3,24645.45,100,24650,50,1225,13663625
NIFTY-I.NFO,18/10/2024,09:26:20,24647.7,24647.5,50,24653.1,50,800,13663625
NIFTY-I.NFO,18/10/2024,09:26:22,24648.9,24645,100,24648.9,25,1250,13663625
NIFTY-I.NFO,18/10/2024,09:26:24,24643.45,24646,100,24650.6,50,525,13663625
NIFTY-I.NFO,18/10/2024,09:26:25,24648.5,24653.2,50,24655,125,1200,13663625
NIFTY-I.NFO,18/10/2024,09:26:27,24649.1,24648.9,50,24655,150,325,13663625
NIFTY-I.NFO,18/10/2024,09:26:29,24655,24651.25,200,24655,75,125,13663625
NIFTY-I.NFO,18/10/2024,09:26:30,24659.15,24653.75,200,24660.65,250,925,13663625
NIFTY-I.NFO,18/10/2024,09:26:32,24657.4,24657.4,225,24663,700,300,13663625
NIFTY-I.NFO,18/10/2024,09:26:34,24663,24657.55,100,24663,650,200,13663625
NIFTY-I.NFO,18/10/2024,09:26:35,24656.9,24658.55,150,24663,625,2250,13663625
NIFTY-I.NFO,18/10/2024,09:26:37,24657.55,24657.5,25,24659,100,975,13663625
NIFTY-I.NFO,18/10/2024,09:26:39,24662.05,24655.85,25,24662.1,200,400,13663625
NIFTY-I.NFO,18/10/2024,09:26:40,24664.75,24658.15,100,24664.65,200,1150,13663625
NIFTY-I.NFO,18/10/2024,09:26:42,24665,24662.35,25,24665,725,275,13663625
NIFTY-I.NFO,18/10/2024,09:26:43,24665,24662.45,25,24665,675,200,13663625
NIFTY-I.NFO,18/10/2024,09:26:45,24667.95,24665.5,25,24668,100,750,13663625
NIFTY-I.NFO,18/10/2024,09:26:47,24665.05,24665.05,75,24667.95,50,650,13663625
NIFTY-I.NFO,18/10/2024,09:26:48,24666.85,24665,150,24667,50,250,13663625
NIFTY-I.NFO,18/10/2024,09:26:50,24667.6,24665,150,24667.15,300,300,13663625
NIFTY-I.NFO,18/10/2024,09:26:52,24667.35,24665.05,25,24667.95,300,2425,13663625
NIFTY-I.NFO,18/10/2024,09:26:53,24666.6,24662.05,50,24666.6,175,575,13663625
NIFTY-I.NFO,18/10/2024,09:26:55,24666.85,24662.05,50,24666.85,50,250,13663625
NIFTY-I.NFO,18/10/2024,09:26:57,24665.65,24658.3,50,24664.5,125,1325,13663625
NIFTY-I.NFO,18/10/2024,09:26:58,24662.65,24657,75,24660.25,25,1100,13663625
NIFTY-I.NFO,18/10/2024,09:27:00,24664.95,24658.7,50,24664.95,25,425,13663625
NIFTY-I.NFO,18/10/2024,09:27:02,24663.45,24660,25,24663.45,25,550,13663625
NIFTY-I.NFO,18/10/2024,09:27:03,24665,24661.85,200,24665,200,575,13663625
NIFTY-I.NFO,18/10/2024,09:27:05,24659.7,24659.3,25,24662,25,200,13663625
NIFTY-I.NFO,18/10/2024,09:27:07,24665,24665,50,24666.6,125,250,13663625
NIFTY-I.NFO,18/10/2024,09:27:08,24660,24658.75,200,24665.4,225,500,13663625
NIFTY-I.NFO,18/10/2024,09:27:10,24658.15,24656.8,200,24663.6,150,375,13663625
NIFTY-I.NFO,18/10/2024,09:27:11,24664.3,24661.05,25,24664.3,25,375,13663625
NIFTY-I.NFO,18/10/2024,09:27:13,24666.4,24663.6,25,24666.4,125,425,13663625
NIFTY-I.NFO,18/10/2024,09:27:15,24665.85,24661,575,24665.25,50,525,13663625
NIFTY-I.NFO,18/10/2024,09:27:16,24665.95,24663.6,25,24665.95,25,175,13663625
NIFTY-I.NFO,18/10/2024,09:27:18,24660,24660,150,24664.6,175,1050,13663625
NIFTY-I.NFO,18/10/2024,09:27:20,24664,24660,150,24664.65,25,525,13663625
NIFTY-I.NFO,18/10/2024,09:27:21,24664.15,24663.85,25,24664.95,50,275,13663625
NIFTY-I.NFO,18/10/2024,09:27:23,24658,24661,1800,24663.95,125,400,13663625
NIFTY-I.NFO,18/10/2024,09:27:25,24664.15,24661.95,50,24664.15,25,225,13663625
NIFTY-I.NFO,18/10/2024,09:27:26,24664,24661.65,50,24665.1,25,325,13663625
NIFTY-I.NFO,18/10/2024,09:27:28,24661,24661,250,24666,225,2025,13663625
NIFTY-I.NFO,18/10/2024,09:27:30,24662,24661,250,24661.95,25,525,13663625
NIFTY-I.NFO,18/10/2024,09:27:31,24667.3,24661,250,24664,1000,1975,13663625
NIFTY-I.NFO,18/10/2024,09:27:33,24661,24660.3,200,24661,75,800,13663625
NIFTY-I.NFO,18/10/2024,09:27:35,24664,24658.9,100,24664,625,1050,13663625
NIFTY-I.NFO,18/10/2024,09:27:36,24664.4,24662.8,50,24664.4,75,800,13663625
NIFTY-I.NFO,18/10/2024,09:27:38,24662.8,24662.8,75,24664.95,375,300,13663625
NIFTY-I.NFO,18/10/2024,09:27:40,24664,24662.8,75,24664.95,150,300,13663625
NIFTY-I.NFO,18/10/2024,09:27:41,24664.95,24664,1000,24667.85,125,250,13663625
NIFTY-I.NFO,18/10/2024,09:27:43,24667.85,24664.95,175,24667.95,25,150,13663625
NIFTY-I.NFO,18/10/2024,09:27:45,24664,24664,50,24669,350,1375,13655350
NIFTY-I.NFO,18/10/2024,09:27:46,24664.95,24662.95,25,24665.3,25,450,13655350
NIFTY-I.NFO,18/10/2024,09:27:48,24668.95,24664.95,50,24668.15,200,125,13655350
NIFTY-I.NFO,18/10/2024,09:27:50,24668.85,24665,25,24668.95,175,175,13655350
NIFTY-I.NFO,18/10/2024,09:27:51,24666.85,24664.95,25,24666.85,1000,750,13655350
NIFTY-I.NFO,18/10/2024,09:27:53,24664.95,24664,400,24666.8,125,375,13655350
NIFTY-I.NFO,18/10/2024,09:27:55,24664.7,24661.5,100,24664.7,125,675,13655350
NIFTY-I.NFO,18/10/2024,09:27:56,24664.7,24661.65,75,24663.9,125,2075,13655350
NIFTY-I.NFO,18/10/2024,09:27:58,24661,24661,125,24664.8,75,150,13655350
NIFTY-I.NFO,18/10/2024,09:28:00,24665,24665,50,24666.85,525,225,13655350
NIFTY-I.NFO,18/10/2024,09:28:01,24665.2,24661,675,24665.2,25,225,13655350
NIFTY-I.NFO,18/10/2024,09:28:03,24664.95,24661.05,25,24665,50,1325,13655350
NIFTY-I.NFO,18/10/2024,09:28:05,24662.65,24660,25,24662.65,25,200,13655350
NIFTY-I.NFO,18/10/2024,09:28:06,24658,24656,50,24661.75,50,400,13655350
NIFTY-I.NFO,18/10/2024,09:28:08,24665.25,24662.45,25,24665.25,25,600,13655350
NIFTY-I.NFO,18/10/2024,09:28:10,24665,24661.75,50,24665,25,325,13655350
NIFTY-I.NFO,18/10/2024,09:28:11,24666.85,24661.75,50,24666.85,500,125,13655350
NIFTY-I.NFO,18/10/2024,09:28:13,24669.55,24663.7,25,24669.9,50,1525,13655350
NIFTY-I.NFO,18/10/2024,09:28:14,24665.8,24665.8,25,24670,1950,150,13655350
NIFTY-I.NFO,18/10/2024,09:28:16,24669.85,24666.6,25,24670,1675,425,13655350
NIFTY-I.NFO,18/10/2024,09:28:18,24669.95,24663.8,50,24669.95,50,550,13655350
NIFTY-I.NFO,18/10/2024,09:28:19,24668.65,24663.55,25,24668.65,50,450,13655350
NIFTY-I.NFO,18/10/2024,09:28:21,24665,24660.5,125,24666.1,50,825,13655350
NIFTY-I.NFO,18/10/2024,09:28:23,24661.1,24663,25,24667.1,25,725,13655350
NIFTY-I.NFO,18/10/2024,09:28:24,24665.6,24663,125,24665.75,475,775,13655350
NIFTY-I.NFO,18/10/2024,09:28:26,24667.45,24665,25,24667.7,75,75,13655350
NIFTY-I.NFO,18/10/2024,09:28:28,24665,24663,125,24666.95,125,225,13655350
NIFTY-I.NFO,18/10/2024,09:28:29,24663,24660,25,24663,50,2800,13655350
NIFTY-I.NFO,18/10/2024,09:28:31,24664.95,24660.6,25,24665,25,300,13655350
NIFTY-I.NFO,18/10/2024,09:28:33,24663.05,24659.45,25,24663.5,25,225,13655350
NIFTY-I.NFO,18/10/2024,09:28:34,24665,24660.1,50,24665,50,125,13655350
NIFTY-I.NFO,18/10/2024,09:28:36,24660.25,24661.55,25,24667.95,125,900,13655350
NIFTY-I.NFO,18/10/2024,09:28:38,24665,24663.65,25,24665,100,50,13655350
NIFTY-I.NFO,18/10/2024,09:28:39,24663.65,24662,25,24663.65,25,75,13655350
NIFTY-I.NFO,18/10/2024,09:28:41,24663.55,24660.4,25,24663.55,125,725,13655350
NIFTY-I.NFO,18/10/2024,09:28:43,24666.45,24661,25,24666.1,50,200,13655350
NIFTY-I.NFO,18/10/2024,09:28:44,24659.1,24658.15,25,24664.15,50,275,13655350
NIFTY-I.NFO,18/10/2024,09:28:46,24668,24661.3,50,24668.05,50,625,13655350
NIFTY-I.NFO,18/10/2024,09:28:48,24660.25,24660.5,50,24667.2,50,2075,13655350
NIFTY-I.NFO,18/10/2024,09:28:49,24664.7,24660.25,50,24664.7,25,75,13655350
NIFTY-I.NFO,18/10/2024,09:28:51,24668.1,24663.65,50,24668.1,175,100,13655350
NIFTY-I.NFO,18/10/2024,09:28:53,24663.3,24660.45,25,24663.3,925,975,13655350
NIFTY-I.NFO,18/10/2024,09:28:54,24660.45,24660,25,24663.25,50,475,13655350
NIFTY-I.NFO,18/10/2024,09:28:56,24663.3,24659,250,24663.3,675,275,13655350
NIFTY-I.NFO,18/10/2024,09:28:58,24659.1,24659.05,50,24665.4,200,2475,13655350
NIFTY-I.NFO,18/10/2024,09:28:59,24665.05,24660.5,25,24664.45,225,50,13655350
NIFTY-I.NFO,18/10/2024,09:29:01,24659.1,24660,175,24662,450,875,13655350
NIFTY-I.NFO,18/10/2024,09:29:03,24660,24660,50,24661.6,150,200,13655350
NIFTY-I.NFO,18/10/2024,09:29:04,24656,24655,400,24657.1,100,300,13655350
NIFTY-I.NFO,18/10/2024,09:29:06,24655.55,24654,25,24655.55,100,575,13655350
NIFTY-I.NFO,18/10/2024,09:29:08,24656.1,24652.4,250,24658.55,125,675,13655350
NIFTY-I.NFO,18/10/2024,09:29:09,24654.1,24653.25,200,24659.05,75,350,13655350
NIFTY-I.NFO,18/10/2024,09:29:11,24658.85,24655,200,24659.95,25,175,13655350
NIFTY-I.NFO,18/10/2024,09:29:13,24654.75,24652.25,250,24658,175,100,13655350
NIFTY-I.NFO,18/10/2024,09:29:14,24652,24652.1,25,24656.2,100,150,13655350
NIFTY-I.NFO,18/10/2024,09:29:16,24652.3,24646.4,25,24652.15,50,2300,13655350
NIFTY-I.NFO,18/10/2024,09:29:18,24650,24645.7,25,24652.35,50,1925,13655350
NIFTY-I.NFO,18/10/2024,09:29:19,24652.3,24646.7,200,24653.3,1800,525,13655350
NIFTY-I.NFO,18/10/2024,09:29:21,24641.6,24642.6,25,24649.35,50,6050,13655350
NIFTY-I.NFO,18/10/2024,09:29:23,24643.9,24644.15,75,24649.5,50,1550,13655350
NIFTY-I.NFO,18/10/2024,09:29:24,24644.5,24648.8,25,24650,2775,225,13655350
NIFTY-I.NFO,18/10/2024,09:29:26,24643.95,24644.4,100,24649,50,1950,13655350
NIFTY-I.NFO,18/10/2024,09:29:28,24649.05,24643.9,50,24649.65,50,2175,13655350
NIFTY-I.NFO,18/10/2024,09:29:29,24642.5,24643.05,25,24649.45,50,400,13655350
NIFTY-I.NFO,18/10/2024,09:29:31,24649.35,24648.3,25,24650,1075,100,13655350
NIFTY-I.NFO,18/10/2024,09:29:33,24650,24644.45,25,24650,975,2600,13655350
NIFTY-I.NFO,18/10/2024,09:29:34,24650,24646.25,50,24650,450,625,13655350
NIFTY-I.NFO,18/10/2024,09:29:36,24650,24647.9,25,24650,150,350,13655350
NIFTY-I.NFO,18/10/2024,09:29:38,24650,24649.5,50,24655.9,50,400,13655350
NIFTY-I.NFO,18/10/2024,09:29:39,24650,24650,25,24654.75,100,975,13655350
NIFTY-I.NFO,18/10/2024,09:29:41,24650,24647.7,50,24654.55,50,175,13655350
NIFTY-I.NFO,18/10/2024,09:29:43,24656.3,24648.3,350,24655.7,200,325,13655350
NIFTY-I.NFO,18/10/2024,09:29:44,24653.35,24646.65,25,24652.55,50,225,13655350
NIFTY-I.NFO,18/10/2024,09:29:46,24649.5,24646.05,25,24650,25,150,13655350
NIFTY-I.NFO,18/10/2024,09:29:48,24649.5,24646,75,24649.5,275,325,13655350
NIFTY-I.NFO,18/10/2024,09:29:49,24646,24646,25,24649.5,225,100,13655350
NIFTY-I.NFO,18/10/2024,09:29:51,24649.5,24646.2,50,24651.6,25,1475,13655350
NIFTY-I.NFO,18/10/2024,09:29:53,24644,24643.25,300,24650.1,250,925,13655350
NIFTY-I.NFO,18/10/2024,09:29:54,24646.05,24642.15,25,24646.05,875,700,13655350
NIFTY-I.NFO,18/10/2024,09:29:56,24644.15,24644.2,50,24646.05,825,125,13655350
NIFTY-I.NFO,18/10/2024,09:29:58,24643.1,24643.5,125,24649,100,1475,13655350
NIFTY-I.NFO,18/10/2024,09:29:59,24646.05,24644.9,50,24649,50,250,13655350
NIFTY-I.NFO,18/10/2024,09:30:01,24641.75,24646,25,24649.3,200,2600,13655350
NIFTY-I.NFO,18/10/2024,09:30:03,24643.1,24643.3,150,24646,50,175,13655350
NIFTY-I.NFO,18/10/2024,09:30:04,24643.7,24643.8,50,24650.25,200,2175,13655350
NIFTY-I.NFO,18/10/2024,09:30:06,24645.2,24645.75,150,24652.45,200,1025,13655350
NIFTY-I.NFO,18/10/2024,09:30:08,24645.75,24646.65,300,24650,400,300,13655350
NIFTY-I.NFO,18/10/2024,09:30:09,24652.9,24649,25,24652.9,250,825,13655350
NIFTY-I.NFO,18/10/2024,09:30:11,24650.15,24651.1,350,24652.9,200,925,13655350
NIFTY-I.NFO,18/10/2024,09:30:13,24655,24650.35,50,24655,175,8775,13655350
NIFTY-I.NFO,18/10/2024,09:30:14,24655,24652.9,425,24655,25,300,13655350
NIFTY-I.NFO,18/10/2024,09:30:16,24655,24655,25,24657.8,25,175,13655350
NIFTY-I.NFO,18/10/2024,09:30:18,24661.7,24654.9,250,24661.15,300,700,13655350
NIFTY-I.NFO,18/10/2024,09:30:19,24665.2,24662.35,25,24665.4,100,825,13655350
NIFTY-I.NFO,18/10/2024,09:30:21,24674,24672.85,250,24674,350,2100,13655350
NIFTY-I.NFO,18/10/2024,09:30:23,24671.1,24671.6,50,24675,300,1175,13655350
NIFTY-I.NFO,18/10/2024,09:30:24,24674.9,24670.55,25,24674.95,250,625,13655350
NIFTY-I.NFO,18/10/2024,09:30:26,24679,24675.15,50,24679.7,150,1450,13655350
NIFTY-I.NFO,18/10/2024,09:30:28,24683.5,24681.05,100,24683.5,25,3325,13655350
NIFTY-I.NFO,18/10/2024,09:30:29,24676.15,24676.15,50,24680.9,125,1225,13655350
NIFTY-I.NFO,18/10/2024,09:30:31,24682.9,24677.45,100,24682.75,150,950,13655350
NIFTY-I.NFO,18/10/2024,09:30:33,24685,24683,75,24685.5,25,1925,13655350
NIFTY-I.NFO,18/10/2024,09:30:34,24677.45,24677.4,100,24682.05,150,1625,13655350
NIFTY-I.NFO,18/10/2024,09:30:36,24682,24680,325,24682.6,50,500,13655350
NIFTY-I.NFO,18/10/2024,09:30:38,24676.15,24677.8,50,24680.9,25,925,13655350
NIFTY-I.NFO,18/10/2024,09:30:39,24685,24682.8,100,24685,175,600,13655350
NIFTY-I.NFO,18/10/2024,09:30:41,24684.15,24680.9,450,24684.15,50,3475,13655350
NIFTY-I.NFO,18/10/2024,09:30:43,24680.9,24676.2,25,24680.65,200,2925,13655350
NIFTY-I.NFO,18/10/2024,09:30:44,24679.2,24675,50,24679.9,50,725,13656600
NIFTY-I.NFO,18/10/2024,09:30:46,24677,24675,50,24677,325,1050,13656600
NIFTY-I.NFO,18/10/2024,09:30:48,24676.2,24671.75,50,24678.4,50,750,13656600
NIFTY-I.NFO,18/10/2024,09:30:49,24681.45,24672.25,200,24679.8,125,16050,13656600
NIFTY-I.NFO,18/10/2024,09:30:51,24681.45,24676.35,50,24682.35,125,4075,13656600
NIFTY-I.NFO,18/10/2024,09:30:53,24683.55,24676.55,50,24683.1,250,2950,13656600
NIFTY-I.NFO,18/10/2024,09:30:54,24681.3,24677.1,50,24680,25,950,13656600
NIFTY-I.NFO,18/10/2024,09:30:56,24682.25,24678.2,50,24684.55,350,175,13656600
NIFTY-I.NFO,18/10/2024,09:30:57,24681.45,24679.3,100,24684,25,700,13656600
NIFTY-I.NFO,18/10/2024,09:30:59,24686,24684.55,250,24686,150,2050,13656600
NIFTY-I.NFO,18/10/2024,09:31:01,24688,24685,50,24688,625,500,13656600
NIFTY-I.NFO,18/10/2024,09:31:02,24694,24693.55,75,24694,1025,2800,13656600
NIFTY-I.NFO,18/10/2024,09:31:04,24698,24697.2,100,24698,100,2200,13656600
NIFTY-I.NFO,18/10/2024,09:31:06,24699,24698.05,100,24699,700,825,13656600
NIFTY-I.NFO,18/10/2024,09:31:07,24702.05,24702.05,100,24703.7,250,3775,13656600
NIFTY-I.NFO,18/10/2024,09:31:09,24700.75,24698.1,50,24700.5,250,1475,13656600
NIFTY-I.NFO,18/10/2024,09:31:11,24698.6,24695,450,24698.35,150,1275,13656600
NIFTY-I.NFO,18/10/2024,09:31:12,24695.15,24695.45,200,24698.1,25,1200,13656600
NIFTY-I.NFO,18/10/2024,09:31:14,24700.05,24700.05,50,24702,125,550,13656600
NIFTY-I.NFO,18/10/2024,09:31:16,24702.1,24702.1,25,24704.1,750,525,13656600
NIFTY-I.NFO,18/10/2024,09:31:17,24698.55,24695.05,100,24697.55,25,4650,13656600
NIFTY-I.NFO,18/10/2024,09:31:19,24693.05,24693.05,50,24698.2,50,1925,13656600
NIFTY-I.NFO,18/10/2024,09:31:21,24693.05,24693.05,75,24697.1,25,625,13656600
NIFTY-I.NFO,18/10/2024,09:31:22,24697.55,24693.05,25,24698,250,300,13656600
NIFTY-I.NFO,18/10/2024,09:31:24,24700,24699,50,24700,1050,850,13656600
NIFTY-I.NFO,18/10/2024,09:31:26,24705,24702.1,25,24705,1100,1600,13656600
NIFTY-I.NFO,18/10/2024,09:31:27,24705,24699.9,50,24705,825,1475,13656600
NIFTY-I.NFO,18/10/2024,09:31:29,24709.9,24707.6,100,24709.9,25,1200,13656600
NIFTY-I.NFO,18/10/2024,09:31:31,24709.9,24707.55,50,24709.9,25,875,13656600
NIFTY-I.NFO,18/10/2024,09:31:32,24705.15,24705.15,275,24707.55,50,1175,13656600
NIFTY-I.NFO,18/10/2024,09:31:34,24706.65,24706.65,50,24709.15,100,2575,13656600
NIFTY-I.NFO,18/10/2024,09:31:36,24708.35,24705.05,25,24708,250,2950,13656600
NIFTY-I.NFO,18/10/2024,09:31:37,24710,24705.5,75,24710,250,1575,13656600
NIFTY-I.NFO,18/10/2024,09:31:39,24709.85,24707.85,25,24709.9,150,675,13656600
NIFTY-I.NFO,18/10/2024,09:31:41,24705.55,24700.05,100,24705.35,25,1700,13656600
NIFTY-I.NFO,18/10/2024,09:31:42,24701.25,24705.05,100,24705.15,500,2225,13656600
NIFTY-I.NFO,18/10/2024,09:31:44,24705.1,24700.05,100,24705.05,175,825,13656600
NIFTY-I.NFO,18/10/2024,09:31:46,24700.15,24700.15,50,24704.05,100,125,13656600
NIFTY-I.NFO,18/10/2024,09:31:47,24700,24700.05,100,24703.1,200,1575,13656600
NIFTY-I.NFO,18/10/2024,09:31:49,24700.05,24700.05,100,24703.55,25,650,13656600
NIFTY-I.NFO,18/10/2024,09:31:51,24705.05,24701.05,50,24705.05,25,150,13656600
NIFTY-I.NFO,18/10/2024,09:31:53,24700,24699,125,24700.7,125,525,13656600
NIFTY-I.NFO,18/10/2024,09:31:54,24697.6,24694.65,25,24699,25,975,13656600
NIFTY-I.NFO,18/10/2024,09:31:56,24690.2,24690.55,100,24697.4,50,1275,13656600
NIFTY-I.NFO,18/10/2024,09:31:58,24692.95,24685.6,150,24692.55,25,4925,13656600
NIFTY-I.NFO,18/10/2024,09:31:59,24691.45,24686.3,200,24692.6,25,1975,13656600
NIFTY-I.NFO,18/10/2024,09:32:01,24687.75,24687.6,175,24693.3,1725,300,13656600
NIFTY-I.NFO,18/10/2024,09:32:03,24683.35,24684.05,125,24690.4,25,1600,13656600
NIFTY-I.NFO,18/10/2024,09:32:04,24689.65,24686.4,50,24691.4,25,725,13656600
NIFTY-I.NFO,18/10/2024,09:32:06,24690.2,24683.75,125,24689.8,25,925,13656600
NIFTY-I.NFO,18/10/2024,09:32:08,24689.45,24682.65,150,24689.25,25,300,13656600
NIFTY-I.NFO,18/10/2024,09:32:09,24683.35,24683.65,75,24689.5,25,1125,13656600
NIFTY-I.NFO,18/10/2024,09:32:11,24693.3,24688.6,175,24693.3,1550,875,13656600
NIFTY-I.NFO,18/10/2024,09:32:13,24694.25,24688.25,50,24694.4,25,2250,13656600
NIFTY-I.NFO,18/10/2024,09:32:14,24689.75,24689.6,350,24696.15,50,875,13656600
NIFTY-I.NFO,18/10/2024,09:32:16,24699,24692.75,275,24699.5,200,800,13656600
NIFTY-I.NFO,18/10/2024,09:32:18,24692.15,24691.75,100,24696.95,25,1700,13656600
NIFTY-I.NFO,18/10/2024,09:32:19,24692,24690,25,24695.85,50,200,13656600
NIFTY-I.NFO,18/10/2024,09:32:21,24695.05,24690.2,50,24696,25,225,13656600
NIFTY-I.NFO,18/10/2024,09:32:23,24687.7,24687.05,200,24694.3,100,375,13656600
NIFTY-I.NFO,18/10/2024,09:32:24,24694.25,24689.4,50,24695,75,250,13656600
NIFTY-I.NFO,18/10/2024,09:32:26,24690.1,24690.05,25,24695,75,75,13656600
NIFTY-I.NFO,18/10/2024,09:32:28,24693.05,24694.05,25,24698,25,750,13656600
NIFTY-I.NFO,18/10/2024,09:32:29,24700,24696.2,50,24700,550,100,13656600
NIFTY-I.NFO,18/10/2024,09:32:31,24700,24696.3,50,24700,175,450,13656600
NIFTY-I.NFO,18/10/2024,09:32:33,24705,24701.05,75,24705,150,575,13656600
NIFTY-I.NFO,18/10/2024,09:32:34,24705,24700.05,100,24705.4,50,1325,13656600
NIFTY-I.NFO,18/10/2024,09:32:36,24704.95,24700.95,100,24705.6,50,275,13656600
NIFTY-I.NFO,18/10/2024,09:32:38,24700.95,24701,125,24703.2,225,2000,13656600
NIFTY-I.NFO,18/10/2024,09:32:39,24702.15,24697.65,50,24703.9,75,1975,13656600
NIFTY-I.NFO,18/10/2024,09:32:41,24705.95,24705,25,24706,25,225,13656600
NIFTY-I.NFO,18/10/2024,09:32:43,24707.6,24705.15,350,24707.6,475,300,13656600
NIFTY-I.NFO,18/10/2024,09:32:44,24703.25,24707.05,50,24707.6,475,325,13656600
NIFTY-I.NFO,18/10/2024,09:32:46,24707.6,24707.6,250,24708,25,1950,13656600
NIFTY-I.NFO,18/10/2024,09:32:48,24710,24707,25,24710,575,1325,13656600
NIFTY-I.NFO,18/10/2024,09:32:49,24708.75,24703.05,100,24708.75,125,2200,13656600
NIFTY-I.NFO,18/10/2024,09:32:51,24707.35,24703,50,24707.4,150,675,13656600
NIFTY-I.NFO,18/10/2024,09:32:52,24706.95,24703,25,24705.65,175,5425,13656600
NIFTY-I.NFO,18/10/2024,09:32:54,24708,24706,25,24709,275,325,13656600
NIFTY-I.NFO,18/10/2024,09:32:56,24710,24709,25,24710,175,975,13656600
NIFTY-I.NFO,18/10/2024,09:32:57,24703.45,24704.2,50,24709.5,125,325,13656600
NIFTY-I.NFO,18/10/2024,09:32:59,24701.6,24701.85,50,24707.35,25,1050,13656600
NIFTY-I.NFO,18/10/2024,09:33:01,24703.6,24704.45,50,24710,50,925,13656600
NIFTY-I.NFO,18/10/2024,09:33:02,24709,24702.75,200,24709,25,975,13656600
NIFTY-I.NFO,18/10/2024,09:33:04,24708.85,24705.05,75,24710,1050,325,13656600
NIFTY-I.NFO,18/10/2024,09:33:06,24710,24705.05,100,24709.95,25,2625,13656600
NIFTY-I.NFO,18/10/2024,09:33:07,24705,24704.9,50,24709,25,1875,13656600
NIFTY-I.NFO,18/10/2024,09:33:09,24703,24702,50,24707.8,50,1025,13656600
NIFTY-I.NFO,18/10/2024,09:33:11,24709,24703.8,50,24709.1,25,250,13656600
NIFTY-I.NFO,18/10/2024,09:33:12,24710,24709.05,100,24710,600,2200,13656600
NIFTY-I.NFO,18/10/2024,09:33:14,24709,24709,275,24709.05,25,300,13656600
NIFTY-I.NFO,18/10/2024,09:33:16,24709.9,24705.05,100,24709.95,225,1450,13656600
NIFTY-I.NFO,18/10/2024,09:33:18,24709.45,24705.05,100,24710,725,675,13656600
NIFTY-I.NFO,18/10/2024,09:33:19,24705,24704.25,200,24709.5,100,775,13656600
NIFTY-I.NFO,18/10/2024,09:33:21,24707.55,24704.05,75,24705.05,25,1275,13656600
NIFTY-I.NFO,18/10/2024,09:33:23,24702,24702,225,24705,600,400,13656600
NIFTY-I.NFO,18/10/2024,09:33:24,24705,24704.05,300,24705,500,425,13656600
NIFTY-I.NFO,18/10/2024,09:33:26,24701.15,24701,250,24702,400,700,13656600
NIFTY-I.NFO,18/10/2024,09:33:28,24701,24701,175,24702,250,250,13656600
NIFTY-I.NFO,18/10/2024,09:33:29,24701,24701,25,24703,125,425,13656600
NIFTY-I.NFO,18/10/2024,09:33:31,24701.3,24700,25,24701.75,625,900,13656600
NIFTY-I.NFO,18/10/2024,09:33:33,24700.6,24697,25,24698.15,50,875,13656600
NIFTY-I.NFO,18/10/2024,09:33:34,24700.7,24695,1625,24700.65,175,225,13656600
NIFTY-I.NFO,18/10/2024,09:33:36,24701,24698,25,24700.75,25,175,13656600
NIFTY-I.NFO,18/10/2024,09:33:38,24702.5,24696.5,50,24700.7,25,1425,13656600
NIFTY-I.NFO,18/10/2024,09:33:39,24695,24695,475,24698,850,1250,13656600
NIFTY-I.NFO,18/10/2024,09:33:41,24698,24695,225,24697.85,25,450,13656600
NIFTY-I.NFO,18/10/2024,09:33:43,24689.7,24690.95,100,24695,50,3650,13656600
NIFTY-I.NFO,18/10/2024,09:33:44,24689.4,24688.9,125,24695.8,50,525,13656600
NIFTY-I.NFO,18/10/2024,09:33:46,24695.5,24690.8,75,24697.45,25,3025,13620250
NIFTY-I.NFO,18/10/2024,09:33:48,24690.05,24689.35,25,24695.45,50,700,13620250
NIFTY-I.NFO,18/10/2024,09:33:49,24698,24691.8,25,24697.4,50,875,13620250
NIFTY-I.NFO,18/10/2024,09:33:51,24698,24694.15,25,24698,500,50,13620250
NIFTY-I.NFO,18/10/2024,09:33:53,24695,24693.5,25,24695,100,400,13620250
NIFTY-I.NFO,18/10/2024,09:33:54,24698,24693.4,175,24698,400,200,13620250
NIFTY-I.NFO,18/10/2024,09:33:56,24698,24696.8,25,24700,200,475,13620250
NIFTY-I.NFO,18/10/2024,09:33:58,24691.6,24691.6,125,24695.9,25,275,13620250
NIFTY-I.NFO,18/10/2024,09:33:59,24693.05,24693.05,175,24698,50,350,13620250
NIFTY-I.NFO,18/10/2024,09:34:01,24692,24691.6,125,24693.05,25,575,13620250
NIFTY-I.NFO,18/10/2024,09:34:03,24695,24690.05,200,24695.25,150,350,13620250
NIFTY-I.NFO,18/10/2024,09:34:04,24688.25,24690,25,24692.95,50,2675,13620250
NIFTY-I.NFO,18/10/2024,09:34:06,24689.75,24690.15,50,24696.5,50,325,13620250
NIFTY-I.NFO,18/10/2024,09:34:08,24691.45,24692,75,24698.3,50,650,13620250
NIFTY-I.NFO,18/10/2024,09:34:09,24691.2,24691.2,175,24697.65,150,300,13620250
NIFTY-I.NFO,18/10/2024,09:34:11,24693.95,24694.1,150,24700,850,75,13620250
NIFTY-I.NFO,18/10/2024,09:34:13,24699.95,24694.55,150,24700,700,350,13620250
NIFTY-I.NFO,18/10/2024,09:34:14,24699.2,24694.75,100,24700,750,850,13620250
NIFTY-I.NFO,18/10/2024,09:34:16,24693.1,24693.1,25,24697.75,150,1525,13620250
NIFTY-I.NFO,18/10/2024,09:34:18,24698.9,24692.85,200,24699.55,200,675,13620250
NIFTY-I.NFO,18/10/2024,09:34:19,24700,24698.3,200,24700,375,175,13620250
NIFTY-I.NFO,18/10/2024,09:34:21,24699.4,24698.95,25,24705.65,200,1625,13620250
NIFTY-I.NFO,18/10/2024,09:34:23,24705.65,24700.9,100,24707.75,200,875,13620250
NIFTY-I.NFO,18/10/2024,09:34:24,24699.8,24699.05,200,24705.6,200,1350,13620250
NIFTY-I.NFO,18/10/2024,09:34:26,24706.6,24700.45,100,24707.6,125,850,13620250
NIFTY-I.NFO,18/10/2024,09:34:28,24706,24699.95,25,24706.05,150,550,13620250
NIFTY-I.NFO,18/10/2024,09:34:29,24705,24698.55,100,24704.85,50,725,13620250
NIFTY-I.NFO,18/10/2024,09:34:31,24704.1,24698.55,100,24703.95,250,1425,13620250
NIFTY-I.NFO,18/10/2024,09:34:33,24701,24696.15,75,24702.2,25,1950,13620250
NIFTY-I.NFO,18/10/2024,09:34:34,24699.2,24696.45,75,24702.55,25,325,13620250
NIFTY-I.NFO,18/10/2024,09:34:36,24705,24700.85,200,24705.25,25,150,13620250
NIFTY-I.NFO,18/10/2024,09:34:38,24705.6,24702.7,150,24707.6,50,525,13620250
NIFTY-I.NFO,18/10/2024,09:34:39,24704.35,24704.35,25,24708,75,225,13620250
NIFTY-I.NFO,18/10/2024,09:34:41,24709,24703.85,50,24709,650,425,13620250
NIFTY-I.NFO,18/10/2024,09:34:43,24708,24703.85,25,24709,750,200,13620250
NIFTY-I.NFO,18/10/2024,09:34:44,24709,24705.4,100,24709,625,450,13620250
NIFTY-I.NFO,18/10/2024,09:34:46,24709,24706.35,50,24709,575,475,13620250
NIFTY-I.NFO,18/10/2024,09:34:48,24707.75,24706.95,250,24708.95,25,575,13620250
NIFTY-I.NFO,18/10/2024,09:34:49,24712.3,24707.65,200,24710,25,3625,13620250
NIFTY-I.NFO,18/10/2024,09:34:51,24709,24704.25,100,24710.6,150,1825,13620250
NIFTY-I.NFO,18/10/2024,09:34:53,24704.1,24702.2,25,24708.3,150,350,13620250
NIFTY-I.NFO,18/10/2024,09:34:54,24709.55,24703.45,150,24709.75,125,275,13620250
NIFTY-I.NFO,18/10/2024,09:34:56,24709.05,24709,50,24711.5,125,975,13620250
NIFTY-I.NFO,18/10/2024,09:34:58,24713.3,24709.1,100,24712.95,75,425,13620250
NIFTY-I.NFO,18/10/2024,09:34:59,24712.3,24706.55,175,24712.45,250,1050,13620250
NIFTY-I.NFO,18/10/2024,09:35:01,24711.4,24707.4,75,24712.1,75,575,13620250
NIFTY-I.NFO,18/10/2024,09:35:03,24713.2,24710.55,75,24713.45,25,325,13620250
NIFTY-I.NFO,18/10/2024,09:35:04,24715,24710.95,100,24715,375,1750,13620250
NIFTY-I.NFO,18/10/2024,09:35:06,24712.1,24709.8,50,24714.6,75,1425,13620250
NIFTY-I.NFO,18/10/2024,09:35:08,24710.95,24709.2,100,24712.1,25,1650,13620250
NIFTY-I.NFO,18/10/2024,09:35:09,24714.85,24713.1,50,24714.85,25,1075,13620250
NIFTY-I.NFO,18/10/2024,09:35:11,24710,24709,25,24713.05,250,675,13620250
NIFTY-I.NFO,18/10/2024,09:35:13,24712.6,24708.05,100,24711.95,100,550,13620250
NIFTY-I.NFO,18/10/2024,09:35:14,24710.7,24705.7,75,24710.7,25,4300,13620250
NIFTY-I.NFO,18/10/2024,09:35:16,24710.75,24706.25,100,24710.75,50,2125,13620250
NIFTY-I.NFO,18/10/2024,09:35:18,24716.8,24712.95,50,24716.95,25,500,13620250
NIFTY-I.NFO,18/10/2024,09:35:19,24718,24713.3,100,24715,150,300,13620250
NIFTY-I.NFO,18/10/2024,09:35:21,24718.05,24718.05,25,24721.9,150,7375,13620250
NIFTY-I.NFO,18/10/2024,09:35:23,24722.9,24716.55,50,24722.6,50,1325,13620250
NIFTY-I.NFO,18/10/2024,09:35:24,24723,24721.25,100,24723,100,350,13620250
NIFTY-I.NFO,18/10/2024,09:35:26,24720,24718.05,50,24722.6,25,1825,13620250
NIFTY-I.NFO,18/10/2024,09:35:28,24725,24722.65,25,24725,4550,1025,13620250
NIFTY-I.NFO,18/10/2024,09:35:29,24723.2,24722.05,100,24725,4450,1525,13620250
NIFTY-I.NFO,18/10/2024,09:35:31,24724.9,24720.75,25,24725,4025,1000,13620250
NIFTY-I.NFO,18/10/2024,09:35:33,24725.1,24725,100,24730.9,200,21900,13620250
NIFTY-I.NFO,18/10/2024,09:35:34,24725.05,24725.05,75,24730.5,50,1225,13620250
NIFTY-I.NFO,18/10/2024,09:35:36,24723.35,24723.35,175,24729.9,200,2400,13620250
NIFTY-I.NFO,18/10/2024,09:35:38,24723.2,24722,25,24725.05,200,2575,13620250
NIFTY-I.NFO,18/10/2024,09:35:39,24723.05,24723,100,24725.1,250,1225,13620250
NIFTY-I.NFO,18/10/2024,09:35:41,24723.85,24721,25,24723.85,100,775,13620250
NIFTY-I.NFO,18/10/2024,09:35:43,24720.05,24720.05,25,24724,925,700,13620250
NIFTY-I.NFO,18/10/2024,09:35:44,24724,24720,25,24724,725,900,13620250
NIFTY-I.NFO,18/10/2024,09:35:46,24724,24718.35,50,24724,250,625,13620250
NIFTY-I.NFO,18/10/2024,09:35:48,24720.6,24715,100,24720.6,200,1175,13620250
NIFTY-I.NFO,18/10/2024,09:35:49,24722.05,24716.35,100,24721.7,25,1050,13620250
NIFTY-I.NFO,18/10/2024,09:35:51,24717.6,24717.6,25,24724,2050,2050,13620250
NIFTY-I.NFO,18/10/2024,09:35:53,24720,24715,100,24720.1,25,1175,13620250
NIFTY-I.NFO,18/10/2024,09:35:54,24715.5,24715.5,50,24716.25,125,400,13620250
NIFTY-I.NFO,18/10/2024,09:35:56,24722,24717.9,50,24723.45,25,225,13620250
NIFTY-I.NFO,18/10/2024,09:35:58,24719.75,24719.75,25,24722.9,25,475,13620250
NIFTY-I.NFO,18/10/2024,09:35:59,24724,24718,100,24724,950,1450,13620250
NIFTY-I.NFO,18/10/2024,09:36:01,24722.45,24717.15,100,24722.45,350,300,13620250
NIFTY-I.NFO,18/10/2024,09:36:03,24717.15,24712.5,100,24718.65,25,4275,13620250
NIFTY-I.NFO,18/10/2024,09:36:04,24715,24712.95,50,24717.9,200,150,13620250
NIFTY-I.NFO,18/10/2024,09:36:06,24717.4,24714.05,100,24719.8,200,550,13620250
NIFTY-I.NFO,18/10/2024,09:36:08,24714.1,24715.1,100,24718.3,200,100,13620250
NIFTY-I.NFO,18/10/2024,09:36:09,24715.1,24715.1,275,24717.5,125,250,13620250
NIFTY-I.NFO,18/10/2024,09:36:11,24718.95,24715.25,75,24719.15,50,1150,13620250
NIFTY-I.NFO,18/10/2024,09:36:13,24715.5,24712.15,100,24715.5,50,1125,13620250
NIFTY-I.NFO,18/10/2024,09:36:14,24713.2,24711,375,24713.2,100,550,13620250
NIFTY-I.NFO,18/10/2024,09:36:16,24711.45,24705.35,50,24711.65,100,3725,13620250
NIFTY-I.NFO,18/10/2024,09:36:18,24710,24704.4,100,24710,250,525,13620250
NIFTY-I.NFO,18/10/2024,09:36:19,24710,24704.85,50,24710,175,125,13620250
NIFTY-I.NFO,18/10/2024,09:36:21,24710,24704.6,75,24709.75,50,250,13620250
NIFTY-I.NFO,18/10/2024,09:36:23,24704.6,24704.55,50,24707.4,50,200,13620250
NIFTY-I.NFO,18/10/2024,09:36:24,24704.6,24704,25,24704.6,75,300,13620250
NIFTY-I.NFO,18/10/2024,09:36:26,24708.8,24704.85,25,24708.35,100,350,13620250
NIFTY-I.NFO,18/10/2024,09:36:28,24704.65,24704.6,25,24709.05,50,325,13620250
NIFTY-I.NFO,18/10/2024,09:36:29,24700.1,24700.05,100,24705.15,50,1125,13620250
NIFTY-I.NFO,18/10/2024,09:36:31,24706.95,24700.6,50,24706.75,50,550,13620250
NIFTY-I.NFO,18/10/2024,09:36:33,24700,24698.6,100,24702.45,200,1025,13620250
NIFTY-I.NFO,18/10/2024,09:36:34,24700,24696.8,50,24701.45,50,425,13620250
NIFTY-I.NFO,18/10/2024,09:36:36,24704.6,24698.85,50,24705,25,325,13620250
NIFTY-I.NFO,18/10/2024,09:36:38,24696.8,24698.2,50,24705.1,50,1900,13620250
NIFTY-I.NFO,18/10/2024,09:36:39,24700.05,24700.05,50,24705.4,250,200,13620250
NIFTY-I.NFO,18/10/2024,09:36:41,24695.45,24695.4,25,24700,200,450,13620250
NIFTY-I.NFO,18/10/2024,09:36:43,24700,24695,50,24700,125,125,13620250
NIFTY-I.NFO,18/10/2024,09:36:44,24699.9,24695.2,200,24700,100,10100,13620250
NIFTY-I.NFO,18/10/2024,09:36:46,24697.7,24695.5,50,24700,525,1950,13606500
NIFTY-I.NFO,18/10/2024,09:36:48,24700,24697.6,125,24700,275,1375,13606500
NIFTY-I.NFO,18/10/2024,09:36:49,24696.4,24696.5,175,24703.2,100,1100,13606500
NIFTY-I.NFO,18/10/2024,09:36:51,24698.1,24700,50,24704.35,100,300,13606500
NIFTY-I.NFO,18/10/2024,09:36:53,24696.95,24696.6,50,24703.35,50,550,13606500
NIFTY-I.NFO,18/10/2024,09:36:54,24696.4,24696.35,150,24702.8,50,275,13606500
NIFTY-I.NFO,18/10/2024,09:36:56,24697.3,24696.2,125,24700,275,850,13606500
NIFTY-I.NFO,18/10/2024,09:36:58,24699.9,24696,100,24700,225,400,13606500
NIFTY-I.NFO,18/10/2024,09:36:59,24693.15,24693.15,100,24699.65,50,225,13606500
NIFTY-I.NFO,18/10/2024,09:37:01,24693.25,24694.7,125,24700,250,525,13606500
NIFTY-I.NFO,18/10/2024,09:37:03,24699.55,24699.55,125,24700,250,175,13606500
NIFTY-I.NFO,18/10/2024,09:37:04,24700,24696.1,200,24700,200,275,13606500
NIFTY-I.NFO,18/10/2024,09:37:06,24702.15,24696.4,75,24702,200,525,13606500
NIFTY-I.NFO,18/10/2024,09:37:08,24700,24700,300,24703.45,200,225,13606500
NIFTY-I.NFO,18/10/2024,09:37:09,24700.4,24700,250,24702.4,200,400,13606500
NIFTY-I.NFO,18/10/2024,09:37:11,24702.85,24700.05,175,24704.25,25,450,13606500
NIFTY-I.NFO,18/10/2024,09:37:13,24700,24700,125,24703.25,200,575,13606500
NIFTY-I.NFO,18/10/2024,09:37:14,24702.65,24700.05,200,24702.6,25,125,13606500
NIFTY-I.NFO,18/10/2024,09:37:16,24698.6,24695.6,25,24698.8,100,375,13606500
NIFTY-I.NFO,18/10/2024,09:37:18,24697.35,24695.65,200,24699.4,125,400,13606500
NIFTY-I.NFO,18/10/2024,09:37:19,24695.65,24695.65,100,24700,1025,200,13606500
NIFTY-I.NFO,18/10/2024,09:37:21,24698.1,24695.65,175,24699.45,50,425,13606500
NIFTY-I.NFO,18/10/2024,09:37:23,24695.65,24693.25,150,24695.65,75,225,13606500
NIFTY-I.NFO,18/10/2024,09:37:24,24692.6,24692.6,1325,24695.5,75,600,13606500
NIFTY-I.NFO,18/10/2024,09:37:26,24696.55,24692.6,1075,24696.55,125,2300,13606500
NIFTY-I.NFO,18/10/2024,09:37:28,24697.5,24692.85,150,24697.5,50,275,13606500
NIFTY-I.NFO,18/10/2024,09:37:29,24692.6,24692.6,1125,24698.15,75,1400,13606500
NIFTY-I.NFO,18/10/2024,09:37:31,24698.6,24694,125,24698.7,125,550,13606500
NIFTY-I.NFO,18/10/2024,09:37:33,24698.85,24694.15,200,24698.85,25,425,13606500
NIFTY-I.NFO,18/10/2024,09:37:34,24699.5,24699.55,175,24705,200,2325,13606500
NIFTY-I.NFO,18/10/2024,09:37:36,24704.95,24700.7,200,24705,175,500,13606500
NIFTY-I.NFO,18/10/2024,09:37:38,24702.5,24701.35,200,24705,125,650,13606500
NIFTY-I.NFO,18/10/2024,09:37:39,24706.3,24705,75,24706.3,375,725,13606500
NIFTY-I.NFO,18/10/2024,09:37:41,24705,24705,125,24706.3,400,200,13606500
NIFTY-I.NFO,18/10/2024,09:37:43,24700,24700.05,200,24705.6,25,500,13606500
NIFTY-I.NFO,18/10/2024,09:37:44,24698.9,24700.55,125,24705,25,2125,13606500
NIFTY-I.NFO,18/10/2024,09:37:46,24709,24706.3,150,24709,75,1175,13606500
NIFTY-I.NFO,18/10/2024,09:37:48,24712.15,24711.5,125,24714.6,25,400,13606500
NIFTY-I.NFO,18/10/2024,09:37:49,24719.15,24715.05,25,24718.3,50,425,13606500
NIFTY-I.NFO,18/10/2024,09:37:51,24715.05,24715.05,75,24719,50,225,13606500
NIFTY-I.NFO,18/10/2024,09:37:53,24717.45,24713,25,24717.3,25,1375,13606500
NIFTY-I.NFO,18/10/2024,09:37:54,24713.85,24713.7,75,24719.15,25,325,13606500
NIFTY-I.NFO,18/10/2024,09:37:56,24714.75,24710.05,100,24715.1,50,675,13606500
NIFTY-I.NFO,18/10/2024,09:37:58,24715.05,24710.05,100,24715.3,125,200,13606500
NIFTY-I.NFO,18/10/2024,09:37:59,24710.3,24710.3,75,24715.15,50,575,13606500
NIFTY-I.NFO,18/10/2024,09:38:01,24711.05,24705.65,100,24711.4,275,925,13606500
NIFTY-I.NFO,18/10/2024,09:38:03,24705.6,24705.9,200,24710.15,25,275,13606500
NIFTY-I.NFO,18/10/2024,09:38:04,24710.2,24710.2,50,24711.6,25,125,13606500
NIFTY-I.NFO,18/10/2024,09:38:06,24710.55,24704.8,50,24711.6,25,900,13606500
NIFTY-I.NFO,18/10/2024,09:38:08,24712.15,24711.6,25,24712.15,50,150,13606500
NIFTY-I.NFO,18/10/2024,09:38:09,24709.15,24704.2,150,24710.75,250,400,13606500
NIFTY-I.NFO,18/10/2024,09:38:11,24708.35,24703.7,100,24708.2,175,200,13606500
NIFTY-I.NFO,18/10/2024,09:38:13,24701.05,24701.05,175,24705.65,75,75,13606500
NIFTY-I.NFO,18/10/2024,09:38:14,24707.5,24701.15,75,24706.15,75,125,13606500
NIFTY-I.NFO,18/10/2024,09:38:16,24704.3,24701.05,50,24704.05,100,150,13606500
NIFTY-I.NFO,18/10/2024,09:38:18,24698.8,24698.8,150,24705.1,50,750,13606500
NIFTY-I.NFO,18/10/2024,09:38:19,24704.25,24701.1,50,24704.25,75,225,13606500
NIFTY-I.NFO,18/10/2024,09:38:21,24702.25,24702.35,100,24708.6,25,825,13606500
NIFTY-I.NFO,18/10/2024,09:38:23,24703.55,24704.65,150,24709,25,125,13606500
NIFTY-I.NFO,18/10/2024,09:38:24,24710,24706,100,24710,1125,275,13606500
NIFTY-I.NFO,18/10/2024,09:38:26,24710,24709,50,24710,1425,225,13606500
NIFTY-I.NFO,18/10/2024,09:38:28,24712.9,24710.05,25,24715,575,1625,13606500
NIFTY-I.NFO,18/10/2024,09:38:29,24714.95,24710.05,125,24715,550,100,13606500
NIFTY-I.NFO,18/10/2024,09:38:31,24712.7,24715.1,100,24718,450,875,13606500
NIFTY-I.NFO,18/10/2024,09:38:33,24718,24715.2,50,24718,225,1100,13606500
NIFTY-I.NFO,18/10/2024,09:38:34,24720,24719.65,25,24724,1050,2650,13606500
NIFTY-I.NFO,18/10/2024,09:38:36,24719.7,24719.7,25,24723.1,100,75,13606500
NIFTY-I.NFO,18/10/2024,09:38:38,24719.7,24723.85,25,24724,1025,375,13606500
NIFTY-I.NFO,18/10/2024,09:38:39,24724,24723.95,75,24724,725,450,13606500
NIFTY-I.NFO,18/10/2024,09:38:41,24724.55,24719.75,125,24724.55,75,1175,13606500
NIFTY-I.NFO,18/10/2024,09:38:43,24723.4,24719.85,50,24723.8,125,1225,13606500
NIFTY-I.NFO,18/10/2024,09:38:44,24724.7,24720.1,100,24724.7,1475,1075,13606500
NIFTY-I.NFO,18/10/2024,09:38:46,24724.55,24724.05,75,24724.7,1675,500,13606500
NIFTY-I.NFO,18/10/2024,09:38:48,24723.45,24719.55,75,24723.45,25,525,13606500
NIFTY-I.NFO,18/10/2024,09:38:49,24724.7,24720.85,425,24723.45,25,1150,13606500
NIFTY-I.NFO,18/10/2024,09:38:51,24719.05,24719.05,50,24723.45,200,150,13606500
NIFTY-I.NFO,18/10/2024,09:38:53,24725.85,24720.25,250,24725.65,50,11025,13606500
NIFTY-I.NFO,18/10/2024,09:38:54,24723.45,24723.45,50,24724.7,875,800,13606500
NIFTY-I.NFO,18/10/2024,09:38:56,24724.55,24720.6,100,24724.7,800,700,13606500
NIFTY-I.NFO,18/10/2024,09:38:58,24723.45,24720.5,75,24723.45,225,575,13606500
NIFTY-I.NFO,18/10/2024,09:38:59,24720.4,24720.65,50,24725,100,700,13606500
NIFTY-I.NFO,18/10/2024,09:39:01,24723.6,24723.6,25,24728,125,825,13606500
NIFTY-I.NFO,18/10/2024,09:39:03,24725.85,24724.6,75,24728,75,825,13606500
NIFTY-I.NFO,18/10/2024,09:39:04,24725.05,24725.05,175,24728.95,50,275,13606500
NIFTY-I.NFO,18/10/2024,09:39:06,24727.5,24725.9,100,24729.2,125,900,13606500
NIFTY-I.NFO,18/10/2024,09:39:08,24728.05,24728.05,100,24729.8,450,1350,13606500
NIFTY-I.NFO,18/10/2024,09:39:09,24728.4,24725.05,100,24728.3,50,725,13606500
NIFTY-I.NFO,18/10/2024,09:39:11,24725.15,24725,275,24728,800,925,13606500
NIFTY-I.NFO,18/10/2024,09:39:13,24725,24723.5,100,24727.2,250,825,13606500
NIFTY-I.NFO,18/10/2024,09:39:14,24728,24725.05,175,24728.4,25,2700,13606500
NIFTY-I.NFO,18/10/2024,09:39:16,24727.6,24723.5,150,24728,25,1875,13606500
NIFTY-I.NFO,18/10/2024,09:39:18,24725.6,24722.05,200,24726.75,75,550,13606500
NIFTY-I.NFO,18/10/2024,09:39:19,24725.15,24725.15,175,24726.45,25,850,13606500
NIFTY-I.NFO,18/10/2024,09:39:21,24725.15,24725.1,125,24726.9,25,100,13606500
NIFTY-I.NFO,18/10/2024,09:39:23,24729,24728.05,75,24729,100,500,13606500
NIFTY-I.NFO,18/10/2024,09:39:24,24728.05,24728,875,24729.8,50,725,13606500
NIFTY-I.NFO,18/10/2024,09:39:26,24725,24723.55,100,24726.35,75,1300,13606500
NIFTY-I.NFO,18/10/2024,09:39:28,24727.6,24722.3,250,24727.6,25,2600,13606500
NIFTY-I.NFO,18/10/2024,09:39:29,24726.9,24721.25,275,24726.95,25,1300,13606500
NIFTY-I.NFO,18/10/2024,09:39:31,24721.55,24721.65,150,24727.2,100,575,13606500
NIFTY-I.NFO,18/10/2024,09:39:33,24723,24722.6,100,24728.8,75,4125,13606500
NIFTY-I.NFO,18/10/2024,09:39:34,24722.5,24721.35,200,24727.7,25,1675,13606500
NIFTY-I.NFO,18/10/2024,09:39:36,24727.2,24721.75,125,24727.25,50,825,13606500
NIFTY-I.NFO,18/10/2024,09:39:38,24721.05,24721.75,225,24728.95,100,450,13606500
NIFTY-I.NFO,18/10/2024,09:39:39,24723.5,24723.5,125,24729.65,75,925,13606500
NIFTY-I.NFO,18/10/2024,09:39:41,24725,24721.05,150,24726,75,1050,13606500
NIFTY-I.NFO,18/10/2024,09:39:43,24721.05,24721,225,24723.5,50,375,13606500
NIFTY-I.NFO,18/10/2024,09:39:44,24720,24717.3,300,24723,50,750,13606500
NIFTY-I.NFO,18/10/2024,09:39:46,24722.55,24716.35,125,24721.75,25,375,13606500
NIFTY-I.NFO,18/10/2024,09:39:48,24717,24717.25,250,24722.85,125,375,13588525
NIFTY-I.NFO,18/10/2024,09:39:49,24721.35,24718.05,150,24721.95,25,700,13588525
NIFTY-I.NFO,18/10/2024,09:39:51,24720.9,24717.6,100,24721.2,25,525,13588525
NIFTY-I.NFO,18/10/2024,09:39:53,24723.45,24720.05,100,24722.85,100,750,13588525
NIFTY-I.NFO,18/10/2024,09:39:54,24720.9,24718.05,75,24721.8,150,450,13588525
NIFTY-I.NFO,18/10/2024,09:39:56,24718.1,24718.1,100,24721.8,350,250,13588525
NIFTY-I.NFO,18/10/2024,09:39:57,24723.7,24719,200,24722.45,25,600,13588525
NIFTY-I.NFO,18/10/2024,09:39:59,24723.65,24720.1,200,24723.65,150,1850,13588525
NIFTY-I.NFO,18/10/2024,09:40:01,24722.9,24722.9,100,24725,75,500,13588525
NIFTY-I.NFO,18/10/2024,09:40:02,24722.05,24717.35,75,24722.7,225,875,13588525
NIFTY-I.NFO,18/10/2024,09:40:04,24723.3,24717.4,75,24722.05,375,1050,13588525
NIFTY-I.NFO,18/10/2024,09:40:06,24720,24717.45,100,24719.8,175,400,13588525
NIFTY-I.NFO,18/10/2024,09:40:07,24720.95,24717.45,200,24720.95,25,300,13588525
NIFTY-I.NFO,18/10/2024,09:40:09,24722.2,24721,75,24722.2,200,550,13588525
NIFTY-I.NFO,18/10/2024,09:40:11,24719.5,24719.5,175,24723.6,100,1075,13588525
NIFTY-I.NFO,18/10/2024,09:40:12,24722.95,24722.95,150,24725,25,2675,13588525
NIFTY-I.NFO,18/10/2024,09:40:14,24727.75,24723.35,150,24728,1025,950,13588525
NIFTY-I.NFO,18/10/2024,09:40:16,24728.95,24726.4,125,24729.8,25,1125,13588525
NIFTY-I.NFO,18/10/2024,09:40:17,24735,24733.3,25,24735.05,175,2575,13588525
NIFTY-I.NFO,18/10/2024,09:40:19,24739.75,24736.3,200,24739.8,2050,2575,13588525
NIFTY-I.NFO,18/10/2024,09:40:21,24739,24734.55,200,24739.5,50,1250,13588525
NIFTY-I.NFO,18/10/2024,09:40:22,24737.1,24731.65,200,24737.1,925,500,13588525
NIFTY-I.NFO,18/10/2024,09:40:24,24737.1,24731.95,75,24737.1,725,350,13588525
NIFTY-I.NFO,18/10/2024,09:40:26,24732.1,24732,25,24736.95,25,525,13588525
NIFTY-I.NFO,18/10/2024,09:40:27,24736.45,24732.05,175,24736.45,100,1225,13588525
NIFTY-I.NFO,18/10/2024,09:40:29,24736.25,24730.5,150,24736.3,275,950,13588525
NIFTY-I.NFO,18/10/2024,09:40:31,24733.7,24730.05,75,24734,125,725,13588525
NIFTY-I.NFO,18/10/2024,09:40:32,24732.1,24729,100,24731.85,75,450,13588525
NIFTY-I.NFO,18/10/2024,09:40:34,24733.55,24729,200,24733.4,125,825,13588525
NIFTY-I.NFO,18/10/2024,09:40:36,24727.75,24727.25,25,24729,25,600,13588525
NIFTY-I.NFO,18/10/2024,09:40:37,24727,24723.4,300,24729.1,75,2225,13588525
NIFTY-I.NFO,18/10/2024,09:40:39,24729.15,24724.55,150,24729.85,25,875,13588525
NIFTY-I.NFO,18/10/2024,09:40:41,24725.35,24723.65,75,24728.65,100,400,13588525
NIFTY-I.NFO,18/10/2024,09:40:42,24724.4,24721.05,300,24725.6,25,600,13588525
NIFTY-I.NFO,18/10/2024,09:40:44,24721.05,24721.05,25,24724.5,25,500,13588525
NIFTY-I.NFO,18/10/2024,09:40:46,24720.05,24720.05,50,24722.9,75,475,13588525
NIFTY-I.NFO,18/10/2024,09:40:47,24723.05,24717.65,275,24723.05,25,775,13588525
NIFTY-I.NFO,18/10/2024,09:40:49,24724.1,24718.3,125,24723.9,125,1875,13588525
NIFTY-I.NFO,18/10/2024,09:40:51,24717.2,24715.65,100,24718.9,100,850,13588525
NIFTY-I.NFO,18/10/2024,09:40:52,24719.05,24715.65,25,24718.15,25,350,13588525
NIFTY-I.NFO,18/10/2024,09:40:54,24717.9,24715.6,475,24717.9,50,300,13588525
NIFTY-I.NFO,18/10/2024,09:40:56,24716.65,24713.05,175,24717.15,25,775,13588525
NIFTY-I.NFO,18/10/2024,09:40:58,24718.15,24714.3,275,24719.15,100,325,13588525
NIFTY-I.NFO,18/10/2024,09:40:59,24717.7,24713.3,100,24717.7,25,700,13588525
NIFTY-I.NFO,18/10/2024,09:41:01,24717.65,24713.05,275,24717.85,125,250,13588525
NIFTY-I.NFO,18/10/2024,09:41:03,24715.05,24710.2,350,24715.2,125,1000,13588525
NIFTY-I.NFO,18/10/2024,09:41:04,24715,24710.65,250,24715.2,25,375,13588525
NIFTY-I.NFO,18/10/2024,09:41:06,24716.2,24711.15,200,24716.2,50,1000,13588525
NIFTY-I.NFO,18/10/2024,09:41:08,24715.2,24711.2,350,24715.8,275,225,13588525
NIFTY-I.NFO,18/10/2024,09:41:09,24717.45,24715.95,50,24717.45,25,150,13588525
NIFTY-I.NFO,18/10/2024,09:41:11,24710.55,24710.55,300,24715,100,975,13588525
NIFTY-I.NFO,18/10/2024,09:41:13,24710.6,24710.6,275,24715,100,450,13588525
NIFTY-I.NFO,18/10/2024,09:41:14,24714.95,24711.3,100,24716.55,25,1475,13588525
NIFTY-I.NFO,18/10/2024,09:41:16,24715.3,24715.25,525,24717.4,25,200,13588525
NIFTY-I.NFO,18/10/2024,09:41:17,24717.95,24713.7,150,24718.95,25,1175,13588525
NIFTY-I.NFO,18/10/2024,09:41:19,24720,24715.35,125,24720,50,150,13588525
NIFTY-I.NFO,18/10/2024,09:41:21,24720.45,24715.8,300,24720.45,75,475,13588525
NIFTY-I.NFO,18/10/2024,09:41:22,24720.2,24715.35,100,24717.85,25,200,13588525
NIFTY-I.NFO,18/10/2024,09:41:24,24715.35,24715,225,24719,25,500,13588525
NIFTY-I.NFO,18/10/2024,09:41:26,24714,24714.7,200,24720.45,50,475,13588525
NIFTY-I.NFO,18/10/2024,09:41:27,24722.65,24718.75,175,24723.25,75,200,13588525
NIFTY-I.NFO,18/10/2024,09:41:29,24724.9,24718.9,175,24724.8,50,325,13588525
NIFTY-I.NFO,18/10/2024,09:41:31,24724.1,24717.8,50,24724,75,150,13588525
NIFTY-I.NFO,18/10/2024,09:41:32,24722.65,24720.75,50,24725,250,200,13588525
NIFTY-I.NFO,18/10/2024,09:41:34,24728,24725.05,150,24728.3,50,375,13588525
NIFTY-I.NFO,18/10/2024,09:41:36,24728.3,24728.35,25,24730,75,75,13588525
NIFTY-I.NFO,18/10/2024,09:41:37,24730.55,24730,250,24732.25,100,575,13588525
NIFTY-I.NFO,18/10/2024,09:41:39,24729.65,24725.05,100,24729.45,25,750,13588525
NIFTY-I.NFO,18/10/2024,09:41:41,24730.7,24725.05,100,24730.8,125,300,13588525
NIFTY-I.NFO,18/10/2024,09:41:42,24728.75,24725.05,100,24727.9,25,150,13588525
NIFTY-I.NFO,18/10/2024,09:41:44,24725.05,24725.2,100,24729,25,150,13588525
NIFTY-I.NFO,18/10/2024,09:41:46,24730.05,24730.05,100,24731.7,175,700,13588525
NIFTY-I.NFO,18/10/2024,09:41:47,24725.55,24726.7,25,24733.2,150,1475,13588525
NIFTY-I.NFO,18/10/2024,09:41:49,24731.8,24727,25,24732.8,100,2075,13588525
NIFTY-I.NFO,18/10/2024,09:41:51,24733.15,24728.45,150,24734.4,125,200,13588525
NIFTY-I.NFO,18/10/2024,09:41:52,24732.8,24726.75,100,24732.35,75,1525,13588525
NIFTY-I.NFO,18/10/2024,09:41:54,24734,24728.35,50,24733.8,125,225,13588525
NIFTY-I.NFO,18/10/2024,09:41:56,24731.85,24728.35,125,24731.2,125,175,13588525
NIFTY-I.NFO,18/10/2024,09:41:57,24727.15,24726.7,200,24729.2,125,575,13588525
NIFTY-I.NFO,18/10/2024,09:41:59,24726.05,24722.7,100,24726.05,25,1850,13588525
NIFTY-I.NFO,18/10/2024,09:42:01,24725.45,24722.7,50,24725.7,175,175,13588525
NIFTY-I.NFO,18/10/2024,09:42:02,24725.2,24723.05,100,24725.1,125,425,13588525
NIFTY-I.NFO,18/10/2024,09:42:04,24720,24720,50,24722.7,150,375,13588525
NIFTY-I.NFO,18/10/2024,09:42:06,24720.05,24720.05,150,24724.5,250,300,13588525
NIFTY-I.NFO,18/10/2024,09:42:07,24721.15,24721.1,225,24726.3,50,225,13588525
NIFTY-I.NFO,18/10/2024,09:42:09,24723.6,24721,125,24723.75,75,200,13588525
NIFTY-I.NFO,18/10/2024,09:42:11,24726.45,24721.15,75,24726.6,50,275,13588525
NIFTY-I.NFO,18/10/2024,09:42:12,24724.3,24721.2,25,24724.2,75,1625,13588525
NIFTY-I.NFO,18/10/2024,09:42:14,24716.15,24715.4,250,24721.15,50,1175,13588525
NIFTY-I.NFO,18/10/2024,09:42:16,24715.55,24715.8,175,24722.15,50,275,13588525
NIFTY-I.NFO,18/10/2024,09:42:17,24721.95,24716.65,200,24723.25,50,50,13588525
NIFTY-I.NFO,18/10/2024,09:42:19,24723.2,24717.25,175,24723.2,175,275,13588525
NIFTY-I.NFO,18/10/2024,09:42:21,24723.2,24720.05,200,24724.7,175,0,13588525
NIFTY-I.NFO,18/10/2024,09:42:22,24723.2,24720.05,75,24723.7,200,425,13588525
NIFTY-I.NFO,18/10/2024,09:42:24,24722.85,24717.15,175,24722.9,425,150,13588525
NIFTY-I.NFO,18/10/2024,09:42:26,24722.7,24717.55,175,24722.7,25,250,13588525
NIFTY-I.NFO,18/10/2024,09:42:27,24722.9,24720.05,100,24721.5,125,100,13588525
NIFTY-I.NFO,18/10/2024,09:42:29,24721.7,24717.3,300,24721,125,175,13588525
NIFTY-I.NFO,18/10/2024,09:42:31,24719.7,24716.15,200,24719.7,100,425,13588525
NIFTY-I.NFO,18/10/2024,09:42:32,24719.45,24716.6,225,24720.05,25,750,13588525
NIFTY-I.NFO,18/10/2024,09:42:34,24716.6,24716.6,200,24720.1,75,100,13588525
NIFTY-I.NFO,18/10/2024,09:42:36,24720,24716.9,200,24722,25,100,13588525
NIFTY-I.NFO,18/10/2024,09:42:37,24721.7,24717.2,225,24721.25,75,150,13588525
NIFTY-I.NFO,18/10/2024,09:42:39,24716.25,24716.25,175,24719.65,25,550,13588525
NIFTY-I.NFO,18/10/2024,09:42:41,24715.55,24715.55,150,24720.85,125,1700,13588525
NIFTY-I.NFO,18/10/2024,09:42:42,24718.55,24712.9,350,24717.4,75,875,13588525
NIFTY-I.NFO,18/10/2024,09:42:44,24718.3,24712.9,350,24717.5,250,375,13588525
NIFTY-I.NFO,18/10/2024,09:42:46,24716.5,24713,200,24717,75,275,13588525
NIFTY-I.NFO,18/10/2024,09:42:47,24715,24715,225,24716,25,75,13571950
NIFTY-I.NFO,18/10/2024,09:42:49,24710,24710.05,200,24715.3,250,2600,13571950
NIFTY-I.NFO,18/10/2024,09:42:51,24715.85,24711.1,75,24716.6,50,150,13571950
NIFTY-I.NFO,18/10/2024,09:42:52,24716.45,24711.55,150,24717.55,175,100,13571950
NIFTY-I.NFO,18/10/2024,09:42:54,24717.55,24713.6,25,24719.15,25,75,13571950
NIFTY-I.NFO,18/10/2024,09:42:56,24720,24716.05,125,24720,50,1150,13571950
NIFTY-I.NFO,18/10/2024,09:42:57,24719.95,24716.05,75,24719.95,25,125,13571950
NIFTY-I.NFO,18/10/2024,09:42:59,24716.05,24712.55,75,24719.25,50,400,13571950
NIFTY-I.NFO,18/10/2024,09:43:01,24716.05,24711.4,175,24717.45,25,150,13571950
NIFTY-I.NFO,18/10/2024,09:43:02,24711.25,24711.45,50,24716.75,50,525,13571950
NIFTY-I.NFO,18/10/2024,09:43:04,24711.85,24711.8,50,24717.85,200,100,13571950
NIFTY-I.NFO,18/10/2024,09:43:06,24717.9,24717.85,25,24718.6,50,125,13571950
NIFTY-I.NFO,18/10/2024,09:43:07,24717.2,24711.75,125,24717.85,50,2250,13571950
NIFTY-I.NFO,18/10/2024,09:43:09,24716.9,24711.35,150,24717.3,50,325,13571950
NIFTY-I.NFO,18/10/2024,09:43:11,24711.45,24711.35,150,24716.55,25,75,13571950
NIFTY-I.NFO,18/10/2024,09:43:12,24711.3,24711.3,175,24716.05,100,175,13571950
NIFTY-I.NFO,18/10/2024,09:43:14,24716.6,24711.4,200,24716.85,100,950,13571950
NIFTY-I.NFO,18/10/2024,09:43:16,24715,24711.3,175,24716.5,100,225,13571950
NIFTY-I.NFO,18/10/2024,09:43:17,24716.05,24711.55,175,24716.05,75,125,13571950
NIFTY-I.NFO,18/10/2024,09:43:19,24715.9,24712.35,100,24715.85,250,125,13571950
NIFTY-I.NFO,18/10/2024,09:43:21,24712.35,24712.4,225,24716.05,50,125,13571950
NIFTY-I.NFO,18/10/2024,09:43:22,24712.4,24712.4,125,24716.05,100,150,13571950
NIFTY-I.NFO,18/10/2024,09:43:24,24715.6,24711.3,175,24715,350,275,13571950
NIFTY-I.NFO,18/10/2024,09:43:26,24712.35,24710.05,200,24710.7,75,250,13571950
NIFTY-I.NFO,18/10/2024,09:43:27,24710.1,24707.05,175,24711.35,175,475,13571950
NIFTY-I.NFO,18/10/2024,09:43:29,24709.85,24707.05,150,24709.85,150,100,13571950
NIFTY-I.NFO,18/10/2024,09:43:31,24710,24709.5,25,24711.85,225,125,13571950
NIFTY-I.NFO,18/10/2024,09:43:32,24707.4,24707.4,150,24710,325,125,13571950
NIFTY-I.NFO,18/10/2024,09:43:34,24709.85,24709.85,25,24709.9,75,150,13571950
NIFTY-I.NFO,18/10/2024,09:43:36,24709,24707.05,225,24709.9,25,200,13571950
NIFTY-I.NFO,18/10/2024,09:43:37,24707.3,24707.1,200,24710,125,150,13571950
NIFTY-I.NFO,18/10/2024,09:43:39,24705.75,24705.1,50,24706.35,125,625,13571950
NIFTY-I.NFO,18/10/2024,09:43:41,24702,24701,200,24703,150,550,13571950
NIFTY-I.NFO,18/10/2024,09:43:42,24704.85,24703.05,175,24704.95,300,325,13571950
NIFTY-I.NFO,18/10/2024,09:43:44,24703.05,24703.05,175,24705.55,25,350,13571950
NIFTY-I.NFO,18/10/2024,09:43:46,24707.3,24703.15,25,24707.3,1175,550,13571950
NIFTY-I.NFO,18/10/2024,09:43:47,24704.7,24704.65,50,24707.3,1025,225,13571950
NIFTY-I.NFO,18/10/2024,09:43:49,24709.7,24704.2,100,24709.7,100,1575,13571950
NIFTY-I.NFO,18/10/2024,09:43:51,24708.4,24703.35,25,24709.75,50,300,13571950
NIFTY-I.NFO,18/10/2024,09:43:52,24709,24705.75,75,24710,325,175,13571950
NIFTY-I.NFO,18/10/2024,09:43:54,24710,24705.85,125,24710,200,225,13571950
NIFTY-I.NFO,18/10/2024,09:43:56,24710,24706.25,100,24710,125,125,13571950
NIFTY-I.NFO,18/10/2024,09:43:57,24712.2,24707.8,100,24712.3,100,475,13571950
NIFTY-I.NFO,18/10/2024,09:43:59,24709.1,24705.05,200,24709.3,25,350,13571950
NIFTY-I.NFO,18/10/2024,09:44:01,24707.8,24705.05,75,24707.75,25,1725,13571950
NIFTY-I.NFO,18/10/2024,09:44:02,24705.05,24705.05,25,24707,50,100,13571950
NIFTY-I.NFO,18/10/2024,09:44:04,24709.85,24707.05,150,24710,1375,300,13571950
NIFTY-I.NFO,18/10/2024,09:44:06,24705.15,24705.7,175,24710,1350,225,13571950
NIFTY-I.NFO,18/10/2024,09:44:07,24706.3,24706.3,25,24710,1275,650,13571950
NIFTY-I.NFO,18/10/2024,09:44:09,24709,24709,325,24710,1225,625,13571950
NIFTY-I.NFO,18/10/2024,09:44:11,24709.05,24709.05,50,24710,1175,100,13571950
NIFTY-I.NFO,18/10/2024,09:44:12,24709.15,24709.15,150,24710,1075,525,13571950
NIFTY-I.NFO,18/10/2024,09:44:14,24709.15,24709.15,125,24710,950,200,13571950
NIFTY-I.NFO,18/10/2024,09:44:16,24712,24710.5,150,24712,25,1100,13571950
NIFTY-I.NFO,18/10/2024,09:44:17,24712,24710.05,75,24712.35,50,250,13571950
NIFTY-I.NFO,18/10/2024,09:44:19,24705,24705.1,100,24709.85,200,1425,13571950
NIFTY-I.NFO,18/10/2024,09:44:21,24706.45,24706.45,175,24710,25,225,13571950
NIFTY-I.NFO,18/10/2024,09:44:22,24712.35,24710.05,50,24712.4,225,150,13571950
NIFTY-I.NFO,18/10/2024,09:44:24,24714.35,24711.45,200,24714.35,175,350,13571950
NIFTY-I.NFO,18/10/2024,09:44:26,24711.7,24710.05,100,24711.7,175,1900,13571950
NIFTY-I.NFO,18/10/2024,09:44:27,24707.05,24706.55,200,24710.45,25,275,13571950
NIFTY-I.NFO,18/10/2024,09:44:29,24709.3,24706.55,50,24709.25,50,100,13571950
NIFTY-I.NFO,18/10/2024,09:44:31,24707.35,24706.15,75,24707.6,25,300,13571950
NIFTY-I.NFO,18/10/2024,09:44:32,24706,24705.1,200,24706.5,50,175,13571950
NIFTY-I.NFO,18/10/2024,09:44:34,24706.1,24706.05,200,24707.35,200,1700,13571950
NIFTY-I.NFO,18/10/2024,09:44:36,24706.6,24706.15,300,24708.95,25,550,13571950
NIFTY-I.NFO,18/10/2024,09:44:37,24708.85,24707.05,75,24708.85,75,175,13571950
NIFTY-I.NFO,18/10/2024,09:44:39,24711,24710.05,150,24711,100,125,13571950
NIFTY-I.NFO,18/10/2024,09:44:41,24707.05,24707,25,24710.5,375,850,13571950
NIFTY-I.NFO,18/10/2024,09:44:42,24709.35,24707.55,200,24710.35,75,500,13571950
NIFTY-I.NFO,18/10/2024,09:44:44,24710,24707.65,100,24710,50,1625,13571950
NIFTY-I.NFO,18/10/2024,09:44:46,24711,24707.75,200,24711,175,100,13571950
NIFTY-I.NFO,18/10/2024,09:44:47,24711.15,24711.15,50,24711.7,100,250,13571950
NIFTY-I.NFO,18/10/2024,09:44:49,24711.7,24711.4,75,24711.7,25,150,13571950
NIFTY-I.NFO,18/10/2024,09:44:51,24714.3,24712.6,200,24715,75,450,13571950
NIFTY-I.NFO,18/10/2024,09:44:52,24716,24715.05,50,24716.05,25,200,13571950
NIFTY-I.NFO,18/10/2024,09:44:54,24720.8,24718.05,25,24720.75,25,725,13571950
NIFTY-I.NFO,18/10/2024,09:44:56,24720.1,24718.05,250,24719.8,75,50,13571950
NIFTY-I.NFO,18/10/2024,09:44:57,24719.55,24716.15,100,24719.25,25,650,13571950
NIFTY-I.NFO,18/10/2024,09:44:59,24725,24721.55,100,24725,575,250,13571950
NIFTY-I.NFO,18/10/2024,09:45:01,24725.35,24722.4,25,24724.95,25,1350,13571950
NIFTY-I.NFO,18/10/2024,09:45:02,24725.25,24721.55,75,24725.95,250,650,13571950
NIFTY-I.NFO,18/10/2024,09:45:04,24723.35,24721.6,25,24723.35,200,1425,13571950
NIFTY-I.NFO,18/10/2024,09:45:06,24722.1,24720.25,75,24722.3,25,350,13571950
NIFTY-I.NFO,18/10/2024,09:45:07,24719.85,24716.1,100,24719.85,175,225,13571950
NIFTY-I.NFO,18/10/2024,09:45:09,24718.35,24716.1,100,24718.35,150,100,13571950
NIFTY-I.NFO,18/10/2024,09:45:11,24720.25,24715.45,100,24721.6,25,500,13571950
NIFTY-I.NFO,18/10/2024,09:45:12,24722.35,24717.8,100,24722.35,175,375,13571950
NIFTY-I.NFO,18/10/2024,09:45:14,24722.85,24718.55,75,24722.85,200,25,13571950
NIFTY-I.NFO,18/10/2024,09:45:16,24720.25,24720.3,175,24722,25,625,13571950
NIFTY-I.NFO,18/10/2024,09:45:17,24722.85,24720.5,75,24723.35,50,125,13571950
NIFTY-I.NFO,18/10/2024,09:45:19,24723,24722.95,25,24723,100,575,13571950
NIFTY-I.NFO,18/10/2024,09:45:21,24723.5,24720.5,100,24723.5,75,775,13571950
NIFTY-I.NFO,18/10/2024,09:45:22,24725,24721.25,50,24725,975,300,13571950
NIFTY-I.NFO,18/10/2024,09:45:24,24725,24721.35,50,24725,900,150,13571950
NIFTY-I.NFO,18/10/2024,09:45:26,24725,24723.55,50,24725,850,100,13571950
NIFTY-I.NFO,18/10/2024,09:45:27,24725,24724.15,100,24725,175,725,13571950
NIFTY-I.NFO,18/10/2024,09:45:29,24725,24724.15,400,24725,750,125,13571950
NIFTY-I.NFO,18/10/2024,09:45:31,24728.1,24726.05,75,24729,525,1225,13571950
NIFTY-I.NFO,18/10/2024,09:45:33,24729,24727.5,25,24729,250,475,13571950
NIFTY-I.NFO,18/10/2024,09:45:34,24730,24729.05,50,24730,700,375,13571950
NIFTY-I.NFO,18/10/2024,09:45:36,24730,24729.25,25,24730,325,400,13571950
NIFTY-I.NFO,18/10/2024,09:45:38,24730,24729.3,125,24730,275,125,13571950
NIFTY-I.NFO,18/10/2024,09:45:39,24728.45,24726.05,100,24728.35,75,1175,13571950
NIFTY-I.NFO,18/10/2024,09:45:41,24730,24725.1,100,24730,200,500,13571950
NIFTY-I.NFO,18/10/2024,09:45:43,24729.7,24725.15,100,24729.2,100,350,13571950
NIFTY-I.NFO,18/10/2024,09:45:44,24728.55,24725.35,100,24730,150,400,13571950
NIFTY-I.NFO,18/10/2024,09:45:46,24728.6,24728.6,75,24730,125,100,13571950
NIFTY-I.NFO,18/10/2024,09:45:48,24728.85,24728.85,25,24729,100,200,13562575
NIFTY-I.NFO,18/10/2024,09:45:49,24723.95,24724.1,100,24729,25,2075,13562575
NIFTY-I.NFO,18/10/2024,09:45:51,24728.85,24729,450,24730.85,125,325,13562575
NIFTY-I.NFO,18/10/2024,09:45:53,24731,24729,50,24731,125,600,13562575
NIFTY-I.NFO,18/10/2024,09:45:54,24731,24731.05,100,24732,200,950,13562575
NIFTY-I.NFO,18/10/2024,09:45:56,24731.1,24731.1,75,24732,75,375,13562575
NIFTY-I.NFO,18/10/2024,09:45:58,24730.85,24728.9,50,24730.6,100,1650,13562575
NIFTY-I.NFO,18/10/2024,09:45:59,24728.1,24724.15,100,24727.45,75,350,13562575
NIFTY-I.NFO,18/10/2024,09:46:01,24727.7,24724.35,75,24727.85,100,275,13562575
NIFTY-I.NFO,18/10/2024,09:46:03,24724.35,24724.3,25,24729.25,175,2175,13562575
NIFTY-I.NFO,18/10/2024,09:46:04,24725.55,24723.05,100,24725.65,125,575,13562575
NIFTY-I.NFO,18/10/2024,09:46:06,24720.65,24723.1,100,24726.35,200,350,13562575
NIFTY-I.NFO,18/10/2024,09:46:08,24725.8,24720.4,75,24724.35,200,1450,13562575
NIFTY-I.NFO,18/10/2024,09:46:09,24724.5,24720.3,100,24724.5,125,200,13562575
NIFTY-I.NFO,18/10/2024,09:46:11,24720,24720.05,100,24724.2,25,625,13562575
NIFTY-I.NFO,18/10/2024,09:46:13,24726.25,24720.35,100,24726.1,50,350,13562575
NIFTY-I.NFO,18/10/2024,09:46:14,24725,24721.55,100,24725,1000,50,13562575
NIFTY-I.NFO,18/10/2024,09:46:16,24728.6,24725,75,24728.05,250,1125,13562575
NIFTY-I.NFO,18/10/2024,09:46:17,24730,24725.6,75,24730,275,200,13562575
NIFTY-I.NFO,18/10/2024,09:46:19,24725.65,24725.6,100,24729.2,25,225,13562575
NIFTY-I.NFO,18/10/2024,09:46:21,24729.55,24725.6,50,24728,50,150,13562575
NIFTY-I.NFO,18/10/2024,09:46:22,24729.35,24726,100,24730,300,2175,13562575
NIFTY-I.NFO,18/10/2024,09:46:24,24730,24726.55,25,24730,250,125,13562575
NIFTY-I.NFO,18/10/2024,09:46:26,24730,24725.6,25,24729.55,25,50,13562575
NIFTY-I.NFO,18/10/2024,09:46:27,24726.65,24729.6,25,24730,50,825,13562575
NIFTY-I.NFO,18/10/2024,09:46:29,24728,24725.6,100,24728.9,100,200,13562575
NIFTY-I.NFO,18/10/2024,09:46:31,24726,24726,450,24728.4,75,400,13562575
NIFTY-I.NFO,18/10/2024,09:46:32,24725.4,24720.2,200,24725.25,75,1950,13562575
NIFTY-I.NFO,18/10/2024,09:46:34,24726.05,24720.05,100,24726.05,125,750,13562575
NIFTY-I.NFO,18/10/2024,09:46:36,24725.6,24720.05,200,24725.6,825,225,13562575
NIFTY-I.NFO,18/10/2024,09:46:37,24725.6,24725.65,200,24728,25,875,13562575
NIFTY-I.NFO,18/10/2024,09:46:39,24730,24728.05,100,24730,25,650,13562575
NIFTY-I.NFO,18/10/2024,09:46:41,24731.8,24728.05,100,24730,25,725,13562575
NIFTY-I.NFO,18/10/2024,09:46:42,24732,24730.05,75,24733,50,175,13562575
NIFTY-I.NFO,18/10/2024,09:46:44,24733,24733.05,100,24734,550,125,13562575
NIFTY-I.NFO,18/10/2024,09:46:46,24733.95,24728.7,100,24734,475,350,13562575
NIFTY-I.NFO,18/10/2024,09:46:47,24734,24729.05,50,24734,450,225,13562575
NIFTY-I.NFO,18/10/2024,09:46:49,24734,24730.05,100,24734,225,325,13562575
NIFTY-I.NFO,18/10/2024,09:46:51,24730.05,24730.05,50,24733.7,700,50,13562575
NIFTY-I.NFO,18/10/2024,09:46:52,24732.85,24730.05,25,24732.35,150,150,13562575
NIFTY-I.NFO,18/10/2024,09:46:54,24730.05,24730.05,75,24731.85,50,1150,13562575
NIFTY-I.NFO,18/10/2024,09:46:56,24728,24728.05,100,24731,25,575,13562575
NIFTY-I.NFO,18/10/2024,09:46:57,24728.05,24728.05,75,24732.85,225,450,13562575
NIFTY-I.NFO,18/10/2024,09:46:59,24734,24729.15,25,24734,50,200,13562575
NIFTY-I.NFO,18/10/2024,09:47:01,24735.95,24730.9,150,24736,100,1100,13562575
NIFTY-I.NFO,18/10/2024,09:47:02,24731.45,24731.45,25,24735,25,100,13562575
NIFTY-I.NFO,18/10/2024,09:47:04,24734.95,24731.55,75,24735,75,275,13562575
NIFTY-I.NFO,18/10/2024,09:47:06,24735,24731.55,50,24734.5,125,50,13562575
NIFTY-I.NFO,18/10/2024,09:47:07,24731.55,24731.55,100,24734.45,100,625,13562575
NIFTY-I.NFO,18/10/2024,09:47:09,24733.75,24731.75,25,24733.9,100,700,13562575
NIFTY-I.NFO,18/10/2024,09:47:11,24733.15,24731.75,25,24733.15,25,175,13562575
NIFTY-I.NFO,18/10/2024,09:47:12,24735,24734,25,24736.15,25,925,13562575
NIFTY-I.NFO,18/10/2024,09:47:14,24737,24734.9,25,24737,100,1050,13562575
NIFTY-I.NFO,18/10/2024,09:47:16,24732.35,24734.35,75,24736,100,100,13562575
NIFTY-I.NFO,18/10/2024,09:47:17,24736.7,24734.35,75,24735,50,25,13562575
NIFTY-I.NFO,18/10/2024,09:47:19,24735.8,24734.3,600,24735.25,25,425,13562575
NIFTY-I.NFO,18/10/2024,09:47:21,24732,24732.05,100,24734.15,125,675,13562575
NIFTY-I.NFO,18/10/2024,09:47:22,24736.3,24732.15,75,24736.45,25,350,13562575
NIFTY-I.NFO,18/10/2024,09:47:24,24735,24732.1,25,24735.2,100,225,13562575
NIFTY-I.NFO,18/10/2024,09:47:26,24735.65,24735,1625,24736.25,125,425,13562575
NIFTY-I.NFO,18/10/2024,09:47:27,24735,24735.9,25,24736.3,25,250,13562575
NIFTY-I.NFO,18/10/2024,09:47:29,24738,24735.9,200,24737.65,25,225,13562575
NIFTY-I.NFO,18/10/2024,09:47:31,24738,24735.95,100,24738,50,100,13562575
NIFTY-I.NFO,18/10/2024,09:47:32,24739,24738.05,75,24739,175,225,13562575
