Ticker,Date,Time,LTP,BuyPrice,BuyQty,SellPrice,SellQty,LTQ,OpenInterest
BANKNIFTY-II.NFO,17/04/2025,09:15:00,53201.2,53255,120,53329.8,60,630,483270
BANKNIFTY-II.NFO,17/04/2025,09:15:00,53201.2,53255,120,53329.8,60,0,483270
BANKNIFTY-II.NFO,17/04/2025,09:15:00,53254.6,53255,120,53329.8,60,0,483270
BANKNIFTY-II.NFO,17/04/2025,09:15:00,53201,53255,120,53329.8,60,0,483270
BANKNIFTY-II.NFO,17/04/2025,09:15:01,53239.6,53191.2,120,53239.6,30,120,483270
BANKNIFTY-II.NFO,17/04/2025,09:15:01,53254.8,53191.2,120,53239.6,30,0,483270
BANKNIFTY-II.NFO,17/04/2025,09:15:02,53240,53201.6,120,53249.8,30,30,483270
BANKNIFTY-II.NFO,17/04/2025,09:15:03,53250,53205.6,120,53253.2,30,60,483270
BANKNIFTY-II.NFO,17/04/2025,09:15:04,53249.4,53205.4,30,53230.8,150,30,483270
BANKNIFTY-II.NFO,17/04/2025,09:15:05,53182.4,53182.4,60,53223.8,30,150,483270
BANKNIFTY-II.NFO,17/04/2025,09:15:05,53182.4,53182.4,60,53223.8,30,0,483270
BANKNIFTY-II.NFO,17/04/2025,09:15:06,53221,53221,60,53229.4,30,330,483270
BANKNIFTY-II.NFO,17/04/2025,09:15:06,53233.6,53222,120,53260.8,90,30,483270
BANKNIFTY-II.NFO,17/04/2025,09:15:08,53242,53223.2,150,53249.6,150,330,483270
BANKNIFTY-II.NFO,17/04/2025,09:15:08,53260.8,53223.2,150,53249.6,150,0,483270
BANKNIFTY-II.NFO,17/04/2025,09:15:09,53245.4,53223.2,120,53244.4,30,30,483270
BANKNIFTY-II.NFO,17/04/2025,09:15:10,53245.4,53224.8,120,53264,30,0,483270
BANKNIFTY-II.NFO,17/04/2025,09:15:11,53245.4,53224.8,120,53255.2,150,0,483270
BANKNIFTY-II.NFO,17/04/2025,09:15:12,53245.4,53224.8,120,53249,30,0,483270
BANKNIFTY-II.NFO,17/04/2025,09:15:13,53224.8,53229.6,120,53259.8,30,30,483270
BANKNIFTY-II.NFO,17/04/2025,09:15:14,53265.8,53230.8,120,53266.2,90,90,483270
BANKNIFTY-II.NFO,17/04/2025,09:15:14,53265.8,53230.8,120,53266.2,90,0,483270
BANKNIFTY-II.NFO,17/04/2025,09:15:15,53265.8,53237,150,53270,120,0,483270
BANKNIFTY-II.NFO,17/04/2025,09:15:16,53265.8,53248,120,53270,30,0,483270
BANKNIFTY-II.NFO,17/04/2025,09:15:18,53265.8,53247.4,30,53255.4,60,0,483270
BANKNIFTY-II.NFO,17/04/2025,09:15:19,53270,53248,120,53280.8,90,90,483270
BANKNIFTY-II.NFO,17/04/2025,09:15:19,53270,53248,120,53280.8,90,0,483270
BANKNIFTY-II.NFO,17/04/2025,09:15:20,53270,53258,120,53277,60,0,483270
BANKNIFTY-II.NFO,17/04/2025,09:15:21,53293.6,53274.6,120,53295.8,150,90,483270
BANKNIFTY-II.NFO,17/04/2025,09:15:21,53293.6,53274.6,120,53295.8,150,0,483270
BANKNIFTY-II.NFO,17/04/2025,09:15:22,53321,53300,120,53321,30,60,483270
BANKNIFTY-II.NFO,17/04/2025,09:15:22,53321,53300,120,53321,30,0,483270
BANKNIFTY-II.NFO,17/04/2025,09:15:24,53321,53307,120,53321,30,0,483270
BANKNIFTY-II.NFO,17/04/2025,09:15:25,53321,53311.8,120,53325,30,30,483270
BANKNIFTY-II.NFO,17/04/2025,09:15:26,53321,53300,120,53322.6,90,0,483270
BANKNIFTY-II.NFO,17/04/2025,09:15:27,53299.8,53279.4,120,53299.8,60,630,483270
BANKNIFTY-II.NFO,17/04/2025,09:15:28,53299.8,53279.4,150,53299.8,60,0,483270
BANKNIFTY-II.NFO,17/04/2025,09:15:29,53300,53292.2,30,53321.8,60,30,483270
BANKNIFTY-II.NFO,17/04/2025,09:15:31,53292.4,53296.4,120,53321.4,60,30,483270
BANKNIFTY-II.NFO,17/04/2025,09:15:32,53300,53296.2,30,53317,60,60,483030
BANKNIFTY-II.NFO,17/04/2025,09:15:33,53311.4,53281.4,120,53301.2,30,30,483030
BANKNIFTY-II.NFO,17/04/2025,09:15:34,53311.4,53285.6,30,53292.4,30,0,483030
BANKNIFTY-II.NFO,17/04/2025,09:15:35,53281.2,53281.2,90,53298,90,120,483030
BANKNIFTY-II.NFO,17/04/2025,09:15:36,53298,53289.4,30,53297.6,30,30,483030
BANKNIFTY-II.NFO,17/04/2025,09:15:37,53307.8,53292,30,53308,30,270,483030
BANKNIFTY-II.NFO,17/04/2025,09:15:38,53288,53285.8,30,53302.8,120,210,483030
BANKNIFTY-II.NFO,17/04/2025,09:15:39,53290.6,53281,30,53297.6,30,30,483030
BANKNIFTY-II.NFO,17/04/2025,09:15:39,53290.6,53280.2,120,53303.8,30,0,483030
BANKNIFTY-II.NFO,17/04/2025,09:15:41,53290.6,53288,30,53299.8,30,0,483030
BANKNIFTY-II.NFO,17/04/2025,09:15:42,53290.6,53293.4,30,53299.6,30,0,483030
BANKNIFTY-II.NFO,17/04/2025,09:15:43,53297.8,53301.2,120,53308.2,60,480,483030
BANKNIFTY-II.NFO,17/04/2025,09:15:44,53311.4,53307,120,53321.6,120,120,483030
BANKNIFTY-II.NFO,17/04/2025,09:15:45,53307.4,53311.2,30,53321.4,90,30,483030
BANKNIFTY-II.NFO,17/04/2025,09:15:46,53312.4,53312.4,120,53321.6,120,30,483030
BANKNIFTY-II.NFO,17/04/2025,09:15:47,53321.6,53316.2,30,53321.6,90,30,483030
BANKNIFTY-II.NFO,17/04/2025,09:15:47,53321.6,53316.2,30,53321.6,90,0,483030
BANKNIFTY-II.NFO,17/04/2025,09:15:48,53320,53293.2,150,53319.8,120,30,483030
BANKNIFTY-II.NFO,17/04/2025,09:15:50,53319.8,53299.2,120,53319.6,90,30,483030
BANKNIFTY-II.NFO,17/04/2025,09:15:51,53309.2,53305.6,120,53318.4,90,150,483030
BANKNIFTY-II.NFO,17/04/2025,09:15:52,53321.6,53309.6,120,53321.4,60,300,483030
BANKNIFTY-II.NFO,17/04/2025,09:15:53,53314.2,53315.6,30,53321.2,30,150,483030
BANKNIFTY-II.NFO,17/04/2025,09:15:54,53317.6,53313,60,53321.2,30,30,483030
BANKNIFTY-II.NFO,17/04/2025,09:15:56,53317.6,53320.8,30,53321.4,60,0,483030
BANKNIFTY-II.NFO,17/04/2025,09:15:57,53319.6,53319.6,120,53321.4,60,60,483030
BANKNIFTY-II.NFO,17/04/2025,09:15:58,53321,53319.4,30,53320.8,60,30,483030
BANKNIFTY-II.NFO,17/04/2025,09:15:59,53320.6,53319.2,30,53320,120,30,483030
BANKNIFTY-II.NFO,17/04/2025,09:16:00,53305.8,53307,60,53319.8,60,270,483030
BANKNIFTY-II.NFO,17/04/2025,09:16:02,53308.2,53313.2,30,53320.6,30,300,483030
BANKNIFTY-II.NFO,17/04/2025,09:16:03,53322,53315,30,53328,30,510,483030
BANKNIFTY-II.NFO,17/04/2025,09:16:03,53322,53315,30,53328,30,0,483030
BANKNIFTY-II.NFO,17/04/2025,09:16:04,53329.4,53329.8,150,53339.2,30,150,483030
BANKNIFTY-II.NFO,17/04/2025,09:16:04,53336,53329.8,150,53339.2,30,0,483030
BANKNIFTY-II.NFO,17/04/2025,09:16:05,53323.8,53322.4,240,53339.2,30,420,483030
BANKNIFTY-II.NFO,17/04/2025,09:16:05,53336.4,53322.4,240,53339.2,30,0,483030
BANKNIFTY-II.NFO,17/04/2025,09:16:06,53343.4,53335.2,30,53345.8,90,30,483030
BANKNIFTY-II.NFO,17/04/2025,09:16:06,53343.4,53335.2,30,53345.8,90,0,483030
BANKNIFTY-II.NFO,17/04/2025,09:16:08,53350,53335.2,30,53350,30,30,483030
BANKNIFTY-II.NFO,17/04/2025,09:16:08,53350,53335.2,30,53350,30,0,483030
BANKNIFTY-II.NFO,17/04/2025,09:16:09,53335.2,53336.6,240,53346.6,30,30,483030
BANKNIFTY-II.NFO,17/04/2025,09:16:10,53340.4,53335,90,53342.6,30,30,483030
BANKNIFTY-II.NFO,17/04/2025,09:16:11,53345.6,53335.4,30,53346.6,30,30,483030
BANKNIFTY-II.NFO,17/04/2025,09:16:13,53345.6,53336.6,30,53348.6,30,0,483030
BANKNIFTY-II.NFO,17/04/2025,09:16:14,53345.6,53339.6,30,53350,30,0,483030
BANKNIFTY-II.NFO,17/04/2025,09:16:15,53343.4,53343.2,270,53350,30,30,483030
BANKNIFTY-II.NFO,17/04/2025,09:16:16,53355.6,53343.4,30,53345.6,30,90,483030
BANKNIFTY-II.NFO,17/04/2025,09:16:16,53355.6,53343.4,30,53345.6,30,0,483030
BANKNIFTY-II.NFO,17/04/2025,09:16:18,53356.6,53344.4,60,53358.4,30,300,483030
BANKNIFTY-II.NFO,17/04/2025,09:16:18,53356.6,53344.4,60,53358.4,30,0,483030
BANKNIFTY-II.NFO,17/04/2025,09:16:19,53351.6,53354.6,240,53369.2,30,240,483030
BANKNIFTY-II.NFO,17/04/2025,09:16:19,53360,53354.6,240,53369.2,30,0,483030
BANKNIFTY-II.NFO,17/04/2025,09:16:20,53369,53348.6,30,53366.2,30,90,483030
BANKNIFTY-II.NFO,17/04/2025,09:16:20,53369,53348.6,30,53366.2,30,0,483030
BANKNIFTY-II.NFO,17/04/2025,09:16:21,53359.4,53358,240,53366.2,30,120,483030
BANKNIFTY-II.NFO,17/04/2025,09:16:23,53363.6,53360.4,240,53366.2,30,90,483030
BANKNIFTY-II.NFO,17/04/2025,09:16:24,53364.6,53360,30,53374.6,30,30,483030
BANKNIFTY-II.NFO,17/04/2025,09:16:25,53363.6,53365,30,53369.8,30,30,483030
BANKNIFTY-II.NFO,17/04/2025,09:16:27,53366.6,53363,180,53365,30,30,483030
BANKNIFTY-II.NFO,17/04/2025,09:16:28,53365,53363.2,90,53375.4,120,30,483030
BANKNIFTY-II.NFO,17/04/2025,09:16:29,53367.8,53361.4,90,53367.6,30,150,483030
BANKNIFTY-II.NFO,17/04/2025,09:16:29,53376.2,53361.4,90,53367.6,30,0,483030
BANKNIFTY-II.NFO,17/04/2025,09:16:30,53367.8,53361.6,150,53367.8,30,0,483030
BANKNIFTY-II.NFO,17/04/2025,09:16:32,53367.8,53364.6,150,53373.4,30,0,483030
BANKNIFTY-II.NFO,17/04/2025,09:16:33,53380.4,53360.2,120,53368.4,30,60,483030
BANKNIFTY-II.NFO,17/04/2025,09:16:33,53380.4,53360.2,120,53368.4,30,0,483030
BANKNIFTY-II.NFO,17/04/2025,09:16:34,53368.4,53367.6,30,53375,30,30,483030
BANKNIFTY-II.NFO,17/04/2025,09:16:35,53395.2,53381.2,30,53397.6,30,390,483030
BANKNIFTY-II.NFO,17/04/2025,09:16:35,53395.2,53381.2,30,53397.6,30,0,483030
BANKNIFTY-II.NFO,17/04/2025,09:16:37,53380,53371.2,30,53385.4,30,120,483030
BANKNIFTY-II.NFO,17/04/2025,09:16:38,53370.2,53374.4,30,53381.2,30,30,483030
BANKNIFTY-II.NFO,17/04/2025,09:16:39,53381.4,53377,30,53388,30,60,483030
BANKNIFTY-II.NFO,17/04/2025,09:16:40,53378,53382.6,30,53387.8,30,150,483030
BANKNIFTY-II.NFO,17/04/2025,09:16:42,53397.6,53387.6,60,53397.4,60,60,483030
BANKNIFTY-II.NFO,17/04/2025,09:16:42,53397.6,53387.6,60,53397.4,60,0,483030
BANKNIFTY-II.NFO,17/04/2025,09:16:43,53387.6,53387.6,30,53393.2,30,30,483030
BANKNIFTY-II.NFO,17/04/2025,09:16:44,53387.6,53381.2,30,53396.8,60,0,483030
BANKNIFTY-II.NFO,17/04/2025,09:16:45,53388,53385.8,30,53398,60,30,483030
BANKNIFTY-II.NFO,17/04/2025,09:16:47,53400,53397.6,30,53400,60,150,483030
BANKNIFTY-II.NFO,17/04/2025,09:16:47,53400,53397.6,30,53400,60,0,483030
BANKNIFTY-II.NFO,17/04/2025,09:16:48,53409,53397.4,90,53409,150,180,483030
BANKNIFTY-II.NFO,17/04/2025,09:16:48,53409,53397.4,90,53409,150,0,483030
BANKNIFTY-II.NFO,17/04/2025,09:16:49,53409,53397.4,90,53397.8,30,0,483030
BANKNIFTY-II.NFO,17/04/2025,09:16:50,53391,53390,60,53395,30,930,483030
BANKNIFTY-II.NFO,17/04/2025,09:16:52,53392,53390.8,30,53405.2,180,30,483030
BANKNIFTY-II.NFO,17/04/2025,09:16:53,53405.2,53390,30,53401.2,60,150,483030
BANKNIFTY-II.NFO,17/04/2025,09:16:54,53389.8,53380,30,53390,30,120,483030
BANKNIFTY-II.NFO,17/04/2025,09:16:55,53389.8,53384.4,30,53395,30,0,483030
BANKNIFTY-II.NFO,17/04/2025,09:16:57,53390,53390.2,30,53395,30,30,483030
BANKNIFTY-II.NFO,17/04/2025,09:16:58,53397,53390,90,53397.8,30,90,483030
BANKNIFTY-II.NFO,17/04/2025,09:16:59,53397,53387.8,90,53400.2,90,0,483030
BANKNIFTY-II.NFO,17/04/2025,09:17:00,53397,53391.8,30,53404.8,60,0,483030
BANKNIFTY-II.NFO,17/04/2025,09:17:02,53397,53402,300,53405.2,30,0,483030
BANKNIFTY-II.NFO,17/04/2025,09:17:03,53402,53402.4,30,53410,30,60,483030
BANKNIFTY-II.NFO,17/04/2025,09:17:04,53397,53396.6,90,53412.6,120,240,483030
BANKNIFTY-II.NFO,17/04/2025,09:17:04,53414,53396.6,90,53412.6,120,0,483030
BANKNIFTY-II.NFO,17/04/2025,09:17:05,53394.4,53393.8,120,53414.4,300,30,483030
BANKNIFTY-II.NFO,17/04/2025,09:17:07,53412.8,53395.6,90,53411,150,30,483030
BANKNIFTY-II.NFO,17/04/2025,09:17:08,53412.8,53394,120,53412,90,0,483030
BANKNIFTY-II.NFO,17/04/2025,09:17:09,53408.8,53390,120,53397,30,90,483030
BANKNIFTY-II.NFO,17/04/2025,09:17:10,53389.8,53382.4,90,53394.4,150,240,483030
BANKNIFTY-II.NFO,17/04/2025,09:17:12,53380.2,53384.4,30,53394.4,150,120,483030
BANKNIFTY-II.NFO,17/04/2025,09:17:13,53392.2,53384.2,30,53391.6,30,30,483030
BANKNIFTY-II.NFO,17/04/2025,09:17:14,53390.2,53384.8,30,53394.4,120,120,483030
BANKNIFTY-II.NFO,17/04/2025,09:17:15,53386.8,53387.6,30,53394.4,120,30,483030
BANKNIFTY-II.NFO,17/04/2025,09:17:17,53386.8,53389.8,300,53394.4,120,0,483030
BANKNIFTY-II.NFO,17/04/2025,09:17:18,53389.8,53390,30,53394.4,120,30,483030
BANKNIFTY-II.NFO,17/04/2025,09:17:19,53390,53391.4,30,53394.4,120,60,483030
BANKNIFTY-II.NFO,17/04/2025,09:17:20,53394.4,53389.8,270,53399.8,90,180,483030
BANKNIFTY-II.NFO,17/04/2025,09:17:22,53389.8,53384.6,90,53389.8,90,270,483030
BANKNIFTY-II.NFO,17/04/2025,09:17:23,53380,53370.4,60,53382,120,150,483030
BANKNIFTY-II.NFO,17/04/2025,09:17:24,53380.6,53380.8,150,53391,120,30,483030
BANKNIFTY-II.NFO,17/04/2025,09:17:25,53380.6,53379.6,120,53389.8,30,0,483030
BANKNIFTY-II.NFO,17/04/2025,09:17:27,53390,53383.6,60,53399.8,120,210,483030
BANKNIFTY-II.NFO,17/04/2025,09:17:28,53392.2,53390.4,30,53400,210,60,483030
BANKNIFTY-II.NFO,17/04/2025,09:17:29,53389.6,53388.8,30,53400,240,150,483030
BANKNIFTY-II.NFO,17/04/2025,09:17:30,53390,53393,30,53400,210,60,483030
BANKNIFTY-II.NFO,17/04/2025,09:17:32,53400,53400.2,30,53405,30,210,483030
BANKNIFTY-II.NFO,17/04/2025,09:17:33,53400.8,53399.2,120,53405,30,30,483030
BANKNIFTY-II.NFO,17/04/2025,09:17:34,53400.8,53396.8,120,53397.6,30,0,483030
BANKNIFTY-II.NFO,17/04/2025,09:17:35,53397.4,53397.2,90,53399.2,30,150,483030
BANKNIFTY-II.NFO,17/04/2025,09:17:37,53399.2,53401,30,53403.8,30,30,483030
BANKNIFTY-II.NFO,17/04/2025,09:17:38,53400.8,53401.4,30,53414.4,30,30,483030
BANKNIFTY-II.NFO,17/04/2025,09:17:39,53402.6,53399.4,180,53406,30,30,483030
BANKNIFTY-II.NFO,17/04/2025,09:17:40,53403.2,53403,30,53406,30,120,483030
BANKNIFTY-II.NFO,17/04/2025,09:17:42,53403,53398.4,90,53403.8,30,30,483030
BANKNIFTY-II.NFO,17/04/2025,09:17:43,53398.2,53398,30,53406,30,30,483030
BANKNIFTY-II.NFO,17/04/2025,09:17:44,53406,53398.2,30,53407,30,120,483030
BANKNIFTY-II.NFO,17/04/2025,09:17:45,53399,53397.2,90,53406.2,30,90,483030
BANKNIFTY-II.NFO,17/04/2025,09:17:47,53407.8,53400,30,53406,30,150,483030
BANKNIFTY-II.NFO,17/04/2025,09:17:48,53416.6,53406,30,53412.6,120,60,483030
BANKNIFTY-II.NFO,17/04/2025,09:17:48,53416.6,53406,30,53412.6,120,0,483030
BANKNIFTY-II.NFO,17/04/2025,09:17:49,53397.4,53396.6,300,53401.4,30,150,483030
BANKNIFTY-II.NFO,17/04/2025,09:17:50,53406,53396.6,300,53401.8,30,60,483030
BANKNIFTY-II.NFO,17/04/2025,09:17:52,53408.4,53396.6,300,53397.8,30,90,483030
BANKNIFTY-II.NFO,17/04/2025,09:17:53,53396.6,53396.6,270,53400,30,30,483030
BANKNIFTY-II.NFO,17/04/2025,09:17:54,53397.4,53396.6,270,53398.2,30,30,483030
BANKNIFTY-II.NFO,17/04/2025,09:17:55,53400,53396.6,270,53408.6,30,90,483030
BANKNIFTY-II.NFO,17/04/2025,09:17:57,53403.4,53396.6,270,53402.8,30,30,483030
BANKNIFTY-II.NFO,17/04/2025,09:17:58,53402.8,53400.2,90,53404.2,30,60,483030
BANKNIFTY-II.NFO,17/04/2025,09:17:59,53400,53396.8,30,53404.2,30,30,483030
BANKNIFTY-II.NFO,17/04/2025,09:18:00,53404.2,53399,60,53407.6,150,30,483030
BANKNIFTY-II.NFO,17/04/2025,09:18:02,53398.8,53398.2,90,53404,30,90,483030
BANKNIFTY-II.NFO,17/04/2025,09:18:03,53398.4,53396.6,240,53404,30,60,483030
BANKNIFTY-II.NFO,17/04/2025,09:18:04,53402.8,53398.2,240,53399.8,30,60,483030
BANKNIFTY-II.NFO,17/04/2025,09:18:05,53402.8,53398.2,240,53403.4,150,0,483030
BANKNIFTY-II.NFO,17/04/2025,09:18:07,53398.6,53400,120,53404.2,90,30,483030
BANKNIFTY-II.NFO,17/04/2025,09:18:08,53398.4,53398.6,30,53402.8,30,90,483030
BANKNIFTY-II.NFO,17/04/2025,09:18:09,53402.8,53400,30,53404.2,90,30,483030
BANKNIFTY-II.NFO,17/04/2025,09:18:10,53410,53398.8,120,53410.6,90,150,483030
BANKNIFTY-II.NFO,17/04/2025,09:18:12,53416,53400.6,60,53411,30,240,483030
BANKNIFTY-II.NFO,17/04/2025,09:18:13,53411.2,53403,120,53413.6,150,90,483030
BANKNIFTY-II.NFO,17/04/2025,09:18:14,53411.2,53409.8,120,53418,30,0,483030
BANKNIFTY-II.NFO,17/04/2025,09:18:15,53413,53409.6,90,53418,120,270,483030
BANKNIFTY-II.NFO,17/04/2025,09:18:16,53413,53403.6,120,53418,30,0,483030
BANKNIFTY-II.NFO,17/04/2025,09:18:18,53402.8,53402,1260,53407.2,30,390,483030
BANKNIFTY-II.NFO,17/04/2025,09:18:18,53418.4,53402,1260,53407.2,30,0,483030
BANKNIFTY-II.NFO,17/04/2025,09:18:19,53411.2,53405.2,120,53416,150,1320,483030
BANKNIFTY-II.NFO,17/04/2025,09:18:20,53411.2,53404.4,120,53413.6,30,0,483030
BANKNIFTY-II.NFO,17/04/2025,09:18:21,53411.2,53401.4,30,53411.4,120,0,483030
BANKNIFTY-II.NFO,17/04/2025,09:18:23,53411.2,53403,30,53414,30,0,483030
BANKNIFTY-II.NFO,17/04/2025,09:18:24,53411.8,53403,30,53406.6,30,240,483030
BANKNIFTY-II.NFO,17/04/2025,09:18:25,53411.8,53403,30,53409.2,30,0,483030
BANKNIFTY-II.NFO,17/04/2025,09:18:28,53403,53402.8,30,53408.4,30,60,483030
BANKNIFTY-II.NFO,17/04/2025,09:18:29,53400,53400,90,53402.4,30,60,483030
BANKNIFTY-II.NFO,17/04/2025,09:18:30,53401.8,53390,120,53400,30,270,483030
BANKNIFTY-II.NFO,17/04/2025,09:18:31,53390,53390,60,53404,210,60,483030
BANKNIFTY-II.NFO,17/04/2025,09:18:33,53390,53390,30,53400,30,90,484230
BANKNIFTY-II.NFO,17/04/2025,09:18:34,53390.2,53390,30,53405.6,120,30,484230
BANKNIFTY-II.NFO,17/04/2025,09:18:35,53390.2,53390,30,53404.4,180,0,484230
BANKNIFTY-II.NFO,17/04/2025,09:18:36,53390.2,53390,30,53398,30,0,484230
BANKNIFTY-II.NFO,17/04/2025,09:18:38,53390.2,53390.2,120,53400,300,0,484230
BANKNIFTY-II.NFO,17/04/2025,09:18:39,53390.2,53390,30,53399.4,90,0,484230
BANKNIFTY-II.NFO,17/04/2025,09:18:40,53390.2,53390.2,120,53400,300,0,484230
BANKNIFTY-II.NFO,17/04/2025,09:18:41,53390.2,53390,30,53398.4,30,0,484230
BANKNIFTY-II.NFO,17/04/2025,09:18:43,53395.6,53390,30,53397.4,60,30,484230
BANKNIFTY-II.NFO,17/04/2025,09:18:44,53390,53388.2,120,53399.8,30,30,484230
BANKNIFTY-II.NFO,17/04/2025,09:18:45,53391.4,53390.4,60,53396.4,30,30,484230
BANKNIFTY-II.NFO,17/04/2025,09:18:46,53391.4,53385.2,60,53394.4,60,0,484230
BANKNIFTY-II.NFO,17/04/2025,09:18:48,53391.4,53385,30,53389.2,30,0,484230
BANKNIFTY-II.NFO,17/04/2025,09:18:49,53385,53384.6,120,53390.6,30,30,484230
BANKNIFTY-II.NFO,17/04/2025,09:18:50,53390,53384.4,120,53394.8,90,60,484230
BANKNIFTY-II.NFO,17/04/2025,09:18:51,53390,53382,30,53390.6,150,0,484230
BANKNIFTY-II.NFO,17/04/2025,09:18:53,53380,53380,30,53391.8,90,30,484230
BANKNIFTY-II.NFO,17/04/2025,09:18:54,53380,53380,30,53384.6,30,0,484230
BANKNIFTY-II.NFO,17/04/2025,09:18:55,53383.6,53380,30,53383.2,30,30,484230
BANKNIFTY-II.NFO,17/04/2025,09:18:57,53380,53374.8,60,53387.8,30,30,484230
BANKNIFTY-II.NFO,17/04/2025,09:18:58,53380,53373.8,60,53375.6,30,0,484230
BANKNIFTY-II.NFO,17/04/2025,09:18:59,53373.8,53368.4,300,53377.8,30,90,484230
BANKNIFTY-II.NFO,17/04/2025,09:19:00,53358.4,53344.2,120,53366,60,420,484230
BANKNIFTY-II.NFO,17/04/2025,09:19:02,53358.4,53346.4,120,53363.2,30,0,484230
BANKNIFTY-II.NFO,17/04/2025,09:19:03,53358.4,53348.4,30,53350.4,120,0,484230
BANKNIFTY-II.NFO,17/04/2025,09:19:04,53340.8,53347,30,53350.4,120,60,484230
BANKNIFTY-II.NFO,17/04/2025,09:19:05,53350.4,53347,60,53357.2,90,120,484230
BANKNIFTY-II.NFO,17/04/2025,09:19:07,53347,53347,30,53357.8,90,30,484230
BANKNIFTY-II.NFO,17/04/2025,09:19:08,53347,53347,30,53362.2,90,0,484230
BANKNIFTY-II.NFO,17/04/2025,09:19:09,53347,53352.6,60,53363.6,30,0,484230
BANKNIFTY-II.NFO,17/04/2025,09:19:10,53352.6,53350.8,120,53367.6,90,30,484230
BANKNIFTY-II.NFO,17/04/2025,09:19:12,53356.4,53356.6,120,53369,30,270,484230
BANKNIFTY-II.NFO,17/04/2025,09:19:13,53356.4,53356.4,60,53365.4,30,0,484230
BANKNIFTY-II.NFO,17/04/2025,09:19:14,53356.4,53359,30,53365.6,30,0,484230
BANKNIFTY-II.NFO,17/04/2025,09:19:15,53356.4,53364.6,30,53373.8,30,60,484230
BANKNIFTY-II.NFO,17/04/2025,09:19:16,53356.4,53362.8,30,53367,90,0,484230
BANKNIFTY-II.NFO,17/04/2025,09:19:18,53362.8,53362.6,120,53369,30,30,484230
BANKNIFTY-II.NFO,17/04/2025,09:19:19,53366.8,53365.2,30,53369,30,90,484230
BANKNIFTY-II.NFO,17/04/2025,09:19:20,53358.6,53355,30,53360.8,60,180,484230
BANKNIFTY-II.NFO,17/04/2025,09:19:21,53358.6,53354.6,30,53362,30,0,484230
BANKNIFTY-II.NFO,17/04/2025,09:19:23,53358.6,53362.8,30,53368.8,30,0,484230
BANKNIFTY-II.NFO,17/04/2025,09:19:24,53361.4,53362.4,150,53368.8,150,150,484230
BANKNIFTY-II.NFO,17/04/2025,09:19:25,53361.4,53353,270,53364.2,30,0,484230
BANKNIFTY-II.NFO,17/04/2025,09:19:26,53356.6,53350.2,120,53361.2,30,30,484230
BANKNIFTY-II.NFO,17/04/2025,09:19:28,53356.6,53356.4,30,53360.6,30,0,484230
BANKNIFTY-II.NFO,17/04/2025,09:19:29,53356.6,53351.6,30,53358,30,0,484230
BANKNIFTY-II.NFO,17/04/2025,09:19:30,53355.2,53348.4,30,53360.4,90,60,484230
BANKNIFTY-II.NFO,17/04/2025,09:19:31,53352.8,53347.6,60,53356.2,150,30,484230
BANKNIFTY-II.NFO,17/04/2025,09:19:33,53352.8,53350,30,53360.2,30,0,484230
BANKNIFTY-II.NFO,17/04/2025,09:19:34,53361.4,53360.2,30,53364.6,30,120,484230
BANKNIFTY-II.NFO,17/04/2025,09:19:35,53361.6,53361.8,60,53368.4,30,60,484230
BANKNIFTY-II.NFO,17/04/2025,09:19:36,53361.6,53358.2,180,53362.6,30,0,484230
BANKNIFTY-II.NFO,17/04/2025,09:19:38,53366.8,53364,30,53368,30,150,484230
BANKNIFTY-II.NFO,17/04/2025,09:19:39,53369.6,53363.8,150,53371,30,120,484230
BANKNIFTY-II.NFO,17/04/2025,09:19:40,53368,53359.2,90,53361.2,270,150,484230
BANKNIFTY-II.NFO,17/04/2025,09:19:41,53359.4,53353.2,90,53360,30,30,484230
BANKNIFTY-II.NFO,17/04/2025,09:19:43,53352,53350,30,53352.6,30,60,484230
BANKNIFTY-II.NFO,17/04/2025,09:19:44,53351,53351.2,90,53357.8,60,90,484230
BANKNIFTY-II.NFO,17/04/2025,09:19:45,53351,53351.2,90,53361.2,270,0,484230
BANKNIFTY-II.NFO,17/04/2025,09:19:46,53349.4,53351.6,30,53360.2,150,30,484230
BANKNIFTY-II.NFO,17/04/2025,09:19:48,53349.4,53357.8,30,53360.4,30,0,484230
BANKNIFTY-II.NFO,17/04/2025,09:19:49,53361.2,53356.2,30,53359,30,180,484230
BANKNIFTY-II.NFO,17/04/2025,09:19:50,53361.2,53357.4,150,53359.4,30,30,484230
BANKNIFTY-II.NFO,17/04/2025,09:19:51,53359,53349.6,30,53358.6,150,270,484230
BANKNIFTY-II.NFO,17/04/2025,09:19:53,53359,53353.8,30,53359.2,30,0,484230
BANKNIFTY-II.NFO,17/04/2025,09:19:54,53354.2,53353.2,30,53358.8,30,30,484230
BANKNIFTY-II.NFO,17/04/2025,09:19:55,53354.2,53352.6,150,53356.2,30,0,484230
BANKNIFTY-II.NFO,17/04/2025,09:19:56,53352.6,53353.2,120,53359.8,180,30,484230
BANKNIFTY-II.NFO,17/04/2025,09:19:58,53360,53351.2,90,53356.4,30,120,484230
BANKNIFTY-II.NFO,17/04/2025,09:19:59,53356.6,53351.2,90,53356.4,30,30,484230
BANKNIFTY-II.NFO,17/04/2025,09:20:00,53356.6,53356.8,120,53361.2,60,0,484230
BANKNIFTY-II.NFO,17/04/2025,09:20:01,53361.2,53355,60,53361.2,30,30,484230
BANKNIFTY-II.NFO,17/04/2025,09:20:03,53361.2,53352.8,60,53358.8,30,0,484230
BANKNIFTY-II.NFO,17/04/2025,09:20:04,53351,53348.6,90,53355.4,120,30,484230
BANKNIFTY-II.NFO,17/04/2025,09:20:05,53348.6,53348,30,53348.4,60,60,484230
BANKNIFTY-II.NFO,17/04/2025,09:20:06,53348,53347,30,53348.4,60,30,484230
BANKNIFTY-II.NFO,17/04/2025,09:20:08,53348.4,53346.2,150,53348.4,30,60,484230
BANKNIFTY-II.NFO,17/04/2025,09:20:09,53353,53345.2,90,53351.8,30,90,484230
BANKNIFTY-II.NFO,17/04/2025,09:20:10,53340,53336.2,30,53348.8,90,180,484230
BANKNIFTY-II.NFO,17/04/2025,09:20:11,53347.2,53335,90,53341.8,90,150,484230
BANKNIFTY-II.NFO,17/04/2025,09:20:13,53347.2,53336,90,53345.6,30,0,484230
BANKNIFTY-II.NFO,17/04/2025,09:20:14,53335,53335,60,53342.4,30,30,484230
BANKNIFTY-II.NFO,17/04/2025,09:20:15,53335,53331.6,120,53342.4,120,60,484230
BANKNIFTY-II.NFO,17/04/2025,09:20:16,53335,53331.6,30,53336.4,240,30,484230
BANKNIFTY-II.NFO,17/04/2025,09:20:18,53335,53331.6,30,53337.2,30,0,484230
BANKNIFTY-II.NFO,17/04/2025,09:20:19,53335,53331.6,30,53337.2,60,0,484230
BANKNIFTY-II.NFO,17/04/2025,09:20:20,53335,53331.6,30,53335,30,0,484230
BANKNIFTY-II.NFO,17/04/2025,09:20:21,53335,53332,30,53335,120,0,484230
BANKNIFTY-II.NFO,17/04/2025,09:20:23,53339,53334.2,90,53347,30,300,484230
BANKNIFTY-II.NFO,17/04/2025,09:20:24,53339,53335,120,53342.6,30,0,484230
BANKNIFTY-II.NFO,17/04/2025,09:20:25,53343.8,53341.2,30,53344.2,30,30,484230
BANKNIFTY-II.NFO,17/04/2025,09:20:26,53343.8,53340.4,30,53347.2,30,0,484230
BANKNIFTY-II.NFO,17/04/2025,09:20:28,53340.2,53336.2,240,53347,30,30,484230
BANKNIFTY-II.NFO,17/04/2025,09:20:29,53340.2,53346,30,53347.2,30,0,484230
BANKNIFTY-II.NFO,17/04/2025,09:20:30,53343.2,53337.8,30,53344.8,90,30,484230
BANKNIFTY-II.NFO,17/04/2025,09:20:31,53336.2,53335,30,53344.2,30,30,484230
BANKNIFTY-II.NFO,17/04/2025,09:20:33,53336.2,53343.2,30,53347.2,30,0,484230
BANKNIFTY-II.NFO,17/04/2025,09:20:34,53347.4,53341.4,120,53349,120,180,484230
BANKNIFTY-II.NFO,17/04/2025,09:20:35,53347,53347.6,30,53349,120,30,484230
BANKNIFTY-II.NFO,17/04/2025,09:20:36,53348.4,53345.6,30,53349,120,120,484230
BANKNIFTY-II.NFO,17/04/2025,09:20:38,53343.6,53338.6,30,53344.2,30,120,484230
BANKNIFTY-II.NFO,17/04/2025,09:20:39,53338.8,53340.2,30,53345.8,30,30,484230
BANKNIFTY-II.NFO,17/04/2025,09:20:40,53336.2,53331.6,30,53341,60,30,484230
BANKNIFTY-II.NFO,17/04/2025,09:20:41,53336.2,53337,30,53341.8,30,0,484230
BANKNIFTY-II.NFO,17/04/2025,09:20:43,53334.8,53335.4,30,53343.6,60,30,484230
BANKNIFTY-II.NFO,17/04/2025,09:20:44,53330.4,53333,120,53339,30,120,484230
BANKNIFTY-II.NFO,17/04/2025,09:20:45,53341,53339,120,53344.8,150,30,484230
BANKNIFTY-II.NFO,17/04/2025,09:20:46,53345.8,53337,120,53345.6,30,30,484230
BANKNIFTY-II.NFO,17/04/2025,09:20:48,53339.6,53335.4,30,53340,270,30,484230
BANKNIFTY-II.NFO,17/04/2025,09:20:49,53340,53340.4,30,53344.4,30,240,484230
BANKNIFTY-II.NFO,17/04/2025,09:20:50,53340,53337,60,53345,60,0,484230
BANKNIFTY-II.NFO,17/04/2025,09:20:51,53340,53339.2,30,53345,60,0,484230
BANKNIFTY-II.NFO,17/04/2025,09:20:53,53340.6,53339.4,30,53345,60,30,484230
BANKNIFTY-II.NFO,17/04/2025,09:20:54,53338.8,53334,330,53341,30,30,484230
BANKNIFTY-II.NFO,17/04/2025,09:20:55,53338.8,53336.6,30,53341.2,30,0,484230
BANKNIFTY-II.NFO,17/04/2025,09:20:56,53338.8,53336.2,30,53341.8,30,0,484230
BANKNIFTY-II.NFO,17/04/2025,09:20:58,53341,53332.8,60,53338.4,60,90,484230
BANKNIFTY-II.NFO,17/04/2025,09:20:59,53341,53332.8,60,53336.2,30,0,484230
BANKNIFTY-II.NFO,17/04/2025,09:21:00,53341,53332.8,60,53337.4,90,0,484230
BANKNIFTY-II.NFO,17/04/2025,09:21:01,53323.4,53323.4,60,53335.8,90,720,484230
BANKNIFTY-II.NFO,17/04/2025,09:21:03,53323.4,53329.8,240,53337.4,30,0,484230
BANKNIFTY-II.NFO,17/04/2025,09:21:04,53323.4,53327.6,510,53333.4,30,0,484230
BANKNIFTY-II.NFO,17/04/2025,09:21:05,53326.2,53328.6,270,53333.4,30,30,484230
BANKNIFTY-II.NFO,17/04/2025,09:21:06,53326.2,53327,270,53330,30,0,484230
BANKNIFTY-II.NFO,17/04/2025,09:21:08,53326.2,53326.6,30,53330,30,0,484230
BANKNIFTY-II.NFO,17/04/2025,09:21:09,53326.2,53325.2,120,53330,30,0,484230
BANKNIFTY-II.NFO,17/04/2025,09:21:10,53330,53328.2,30,53333.4,30,30,484230
BANKNIFTY-II.NFO,17/04/2025,09:21:11,53330,53329.2,270,53333.4,30,0,484230
BANKNIFTY-II.NFO,17/04/2025,09:21:13,53330,53332.8,150,53333.4,30,0,484230
BANKNIFTY-II.NFO,17/04/2025,09:21:14,53330.8,53330.8,240,53336.2,30,60,484230
BANKNIFTY-II.NFO,17/04/2025,09:21:15,53337.8,53336.2,90,53347.8,30,150,484230
BANKNIFTY-II.NFO,17/04/2025,09:21:16,53350,53344.8,210,53350,360,60,484230
BANKNIFTY-II.NFO,17/04/2025,09:21:18,53348.8,53342.6,90,53350,360,90,484230
BANKNIFTY-II.NFO,17/04/2025,09:21:19,53351.2,53348,90,53352.8,30,1080,484230
BANKNIFTY-II.NFO,17/04/2025,09:21:20,53352.8,53353.4,150,53359.2,30,30,484230
BANKNIFTY-II.NFO,17/04/2025,09:21:21,53352.8,53355.8,90,53359.6,30,0,484230
BANKNIFTY-II.NFO,17/04/2025,09:21:23,53356.6,53351,150,53356.6,30,60,484230
BANKNIFTY-II.NFO,17/04/2025,09:21:24,53355.4,53355.4,60,53358.8,60,150,484230
BANKNIFTY-II.NFO,17/04/2025,09:21:25,53355.4,53343.2,180,53350.6,60,0,484230
BANKNIFTY-II.NFO,17/04/2025,09:21:26,53360,53355.4,150,53360.8,30,120,484230
BANKNIFTY-II.NFO,17/04/2025,09:21:28,53360,53352,30,53358.6,90,0,484230
BANKNIFTY-II.NFO,17/04/2025,09:21:29,53360,53348.8,30,53355.8,30,0,484230
BANKNIFTY-II.NFO,17/04/2025,09:21:30,53360,53344.2,150,53351.6,90,0,484230
BANKNIFTY-II.NFO,17/04/2025,09:21:31,53360,53341,30,53349,90,0,484230
BANKNIFTY-II.NFO,17/04/2025,09:21:33,53349.4,53344,30,53353,60,30,484230
BANKNIFTY-II.NFO,17/04/2025,09:21:34,53349.4,53335,30,53341.4,180,0,484230
BANKNIFTY-II.NFO,17/04/2025,09:21:35,53328.4,53328.2,30,53339.4,90,30,485250
BANKNIFTY-II.NFO,17/04/2025,09:21:36,53328.4,53322,30,53328.4,840,30,485250
BANKNIFTY-II.NFO,17/04/2025,09:21:38,53328.4,53324.8,60,53328.4,840,0,485250
BANKNIFTY-II.NFO,17/04/2025,09:21:39,53328.4,53326.2,30,53328.4,840,0,485250
BANKNIFTY-II.NFO,17/04/2025,09:21:40,53328.4,53326.8,150,53328.4,780,60,485250
BANKNIFTY-II.NFO,17/04/2025,09:21:41,53328.4,53326.8,30,53336.4,30,780,485250
BANKNIFTY-II.NFO,17/04/2025,09:21:43,53326.6,53328.2,30,53337.8,30,90,485250
BANKNIFTY-II.NFO,17/04/2025,09:21:44,53326.6,53333.8,30,53340,60,0,485250
BANKNIFTY-II.NFO,17/04/2025,09:21:45,53339.4,53338.8,120,53349.6,30,30,485250
BANKNIFTY-II.NFO,17/04/2025,09:21:46,53339.4,53324.6,60,53340.8,30,0,485250
BANKNIFTY-II.NFO,17/04/2025,09:21:48,53320,53311,30,53326.6,60,180,485250
BANKNIFTY-II.NFO,17/04/2025,09:21:49,53310,53307,60,53318,60,90,485250
BANKNIFTY-II.NFO,17/04/2025,09:21:50,53313,53301,30,53313,60,120,485250
BANKNIFTY-II.NFO,17/04/2025,09:21:51,53300,53300,60,53306.4,60,180,485250
BANKNIFTY-II.NFO,17/04/2025,09:21:53,53300,53303,90,53314.8,30,0,485250
BANKNIFTY-II.NFO,17/04/2025,09:21:54,53307.2,53307,60,53319.2,120,30,485250
BANKNIFTY-II.NFO,17/04/2025,09:21:55,53307.2,53307,60,53322,120,0,485250
BANKNIFTY-II.NFO,17/04/2025,09:21:56,53303,53300,60,53309.6,90,150,485250
BANKNIFTY-II.NFO,17/04/2025,09:21:58,53303,53300.2,30,53316.6,60,0,485250
BANKNIFTY-II.NFO,17/04/2025,09:21:59,53303,53300,60,53310,120,0,485250
BANKNIFTY-II.NFO,17/04/2025,09:22:00,53299,53280,30,53293.4,30,390,485250
BANKNIFTY-II.NFO,17/04/2025,09:22:01,53293.6,53280,30,53296.2,60,90,485250
BANKNIFTY-II.NFO,17/04/2025,09:22:03,53293.6,53280,30,53292,30,0,485250
BANKNIFTY-II.NFO,17/04/2025,09:22:04,53292.2,53283,30,53297.2,60,30,485250
BANKNIFTY-II.NFO,17/04/2025,09:22:05,53292.2,53283,30,53294.8,60,0,485250
BANKNIFTY-II.NFO,17/04/2025,09:22:06,53292.2,53283,30,53298.2,150,0,485250
BANKNIFTY-II.NFO,17/04/2025,09:22:08,53292.2,53283,30,53294.6,150,90,485250
BANKNIFTY-II.NFO,17/04/2025,09:22:09,53292.2,53283,30,53292.6,30,0,485250
BANKNIFTY-II.NFO,17/04/2025,09:22:10,53292.2,53283,30,53295.6,30,0,485250
BANKNIFTY-II.NFO,17/04/2025,09:22:11,53283,53280,30,53292.8,30,30,485250
BANKNIFTY-II.NFO,17/04/2025,09:22:13,53283,53281.6,150,53303,60,0,485250
BANKNIFTY-II.NFO,17/04/2025,09:22:14,53283,53288.2,30,53303,30,0,485250
BANKNIFTY-II.NFO,17/04/2025,09:22:15,53288.4,53288.4,120,53304.8,30,60,485250
BANKNIFTY-II.NFO,17/04/2025,09:22:16,53288.4,53288.4,120,53304.8,30,0,485250
BANKNIFTY-II.NFO,17/04/2025,09:22:18,53288.4,53288,90,53296.8,30,0,485250
BANKNIFTY-II.NFO,17/04/2025,09:22:19,53288.4,53288,90,53293,30,0,485250
BANKNIFTY-II.NFO,17/04/2025,09:22:20,53288,53283,90,53291.4,60,90,485250
BANKNIFTY-II.NFO,17/04/2025,09:22:21,53283,53283,60,53289.4,30,30,485250
BANKNIFTY-II.NFO,17/04/2025,09:22:23,53283,53283,60,53288.4,30,0,485250
BANKNIFTY-II.NFO,17/04/2025,09:22:25,53288.4,53291.2,60,53299.8,30,30,485250
BANKNIFTY-II.NFO,17/04/2025,09:22:26,53291,53291.2,60,53300,90,60,485250
BANKNIFTY-II.NFO,17/04/2025,09:22:28,53291,53291.2,60,53299.8,30,0,485250
BANKNIFTY-II.NFO,17/04/2025,09:22:29,53292.2,53291.4,120,53300,90,30,485250
BANKNIFTY-II.NFO,17/04/2025,09:22:30,53292.2,53291.4,60,53300,90,0,485250
BANKNIFTY-II.NFO,17/04/2025,09:22:31,53292.2,53291,810,53295.8,30,0,485250
BANKNIFTY-II.NFO,17/04/2025,09:22:33,53292.2,53291,840,53292.2,150,0,485250
BANKNIFTY-II.NFO,17/04/2025,09:22:34,53291,53291,810,53292.4,150,30,485250
BANKNIFTY-II.NFO,17/04/2025,09:22:35,53299.8,53291.2,60,53300,90,30,485250
BANKNIFTY-II.NFO,17/04/2025,09:22:36,53299.8,53291.2,60,53300,90,0,485250
BANKNIFTY-II.NFO,17/04/2025,09:22:38,53299.8,53291.2,120,53292.2,30,0,485250
BANKNIFTY-II.NFO,17/04/2025,09:22:39,53299.8,53291,810,53292.2,30,0,485250
BANKNIFTY-II.NFO,17/04/2025,09:22:43,53295.6,53291,600,53296.6,90,300,485250
BANKNIFTY-II.NFO,17/04/2025,09:22:44,53292.2,53291,600,53293.6,90,30,485250
BANKNIFTY-II.NFO,17/04/2025,09:22:45,53293.8,53283.2,90,53293.8,60,630,485250
BANKNIFTY-II.NFO,17/04/2025,09:22:46,53283.4,53283.4,120,53296.8,60,60,485250
BANKNIFTY-II.NFO,17/04/2025,09:22:48,53283.2,53283,60,53292.6,60,60,485250
BANKNIFTY-II.NFO,17/04/2025,09:22:49,53283.2,53283.2,60,53294.6,60,0,485250
BANKNIFTY-II.NFO,17/04/2025,09:22:50,53283.2,53283.2,60,53292.4,90,0,485250
BANKNIFTY-II.NFO,17/04/2025,09:22:51,53283.2,53283.2,60,53294.4,90,0,485250
BANKNIFTY-II.NFO,17/04/2025,09:22:53,53283.2,53283,60,53287.8,60,30,485250
BANKNIFTY-II.NFO,17/04/2025,09:22:54,53280,53277,30,53283.4,150,150,485250
BANKNIFTY-II.NFO,17/04/2025,09:22:55,53281.2,53275,30,53281.2,60,120,485250
BANKNIFTY-II.NFO,17/04/2025,09:22:56,53281.2,53275.2,60,53285,30,0,485250
BANKNIFTY-II.NFO,17/04/2025,09:22:58,53281.2,53275.2,60,53286,30,0,485250
BANKNIFTY-II.NFO,17/04/2025,09:22:59,53281.2,53275.4,120,53287.8,30,0,485250
BANKNIFTY-II.NFO,17/04/2025,09:23:00,53281.2,53275.2,60,53285.8,30,0,485250
BANKNIFTY-II.NFO,17/04/2025,09:23:01,53270,53270,30,53276.8,30,150,485250
BANKNIFTY-II.NFO,17/04/2025,09:23:03,53270,53270.4,120,53284,90,0,485250
BANKNIFTY-II.NFO,17/04/2025,09:23:04,53270.2,53270.2,120,53281,30,180,485250
BANKNIFTY-II.NFO,17/04/2025,09:23:05,53270.2,53270.2,60,53281,30,60,485250
BANKNIFTY-II.NFO,17/04/2025,09:23:06,53270.2,53270.2,150,53281,30,0,485250
BANKNIFTY-II.NFO,17/04/2025,09:23:08,53270.2,53270.4,120,53280.8,30,0,485250
BANKNIFTY-II.NFO,17/04/2025,09:23:09,53270.2,53270.4,120,53279.8,30,0,485250
BANKNIFTY-II.NFO,17/04/2025,09:23:10,53281,53270.2,120,53281.8,30,30,485250
BANKNIFTY-II.NFO,17/04/2025,09:23:11,53281,53270.2,120,53279.8,30,0,485250
BANKNIFTY-II.NFO,17/04/2025,09:23:13,53280.6,53270.2,150,53277.8,30,30,485250
BANKNIFTY-II.NFO,17/04/2025,09:23:14,53280.6,53274.6,120,53281,30,0,485250
BANKNIFTY-II.NFO,17/04/2025,09:23:15,53281,53280.6,150,53295.8,30,120,485250
BANKNIFTY-II.NFO,17/04/2025,09:23:16,53290.6,53290.2,120,53299.8,180,240,485250
BANKNIFTY-II.NFO,17/04/2025,09:23:18,53290.6,53292.2,120,53299.8,180,0,485250
BANKNIFTY-II.NFO,17/04/2025,09:23:19,53290.6,53289,90,53297.8,30,0,485250
BANKNIFTY-II.NFO,17/04/2025,09:23:20,53289,53278.6,60,53287.8,30,60,485250
BANKNIFTY-II.NFO,17/04/2025,09:23:21,53289,53270.8,120,53285,30,0,485250
BANKNIFTY-II.NFO,17/04/2025,09:23:23,53289,53271.2,120,53281.8,30,0,485250
BANKNIFTY-II.NFO,17/04/2025,09:23:24,53289,53271.2,120,53283.8,30,0,485250
BANKNIFTY-II.NFO,17/04/2025,09:23:25,53289,53271.2,120,53281.8,30,0,485250
BANKNIFTY-II.NFO,17/04/2025,09:23:27,53289,53271.2,120,53283.8,30,0,485250
BANKNIFTY-II.NFO,17/04/2025,09:23:28,53289,53277.6,120,53293.8,30,0,485250
BANKNIFTY-II.NFO,17/04/2025,09:23:29,53289,53289,30,53294.4,30,0,485250
BANKNIFTY-II.NFO,17/04/2025,09:23:30,53289,53275.2,120,53285.8,30,30,485250
BANKNIFTY-II.NFO,17/04/2025,09:23:32,53289,53279.2,210,53289.8,30,0,485250
BANKNIFTY-II.NFO,17/04/2025,09:23:33,53289,53279,120,53287.8,30,0,485250
BANKNIFTY-II.NFO,17/04/2025,09:23:34,53289,53283.8,120,53293.8,30,0,485250
BANKNIFTY-II.NFO,17/04/2025,09:23:35,53289,53279.8,120,53291.8,30,0,485250
BANKNIFTY-II.NFO,17/04/2025,09:23:37,53289,53280.4,120,53294.6,30,0,485250
BANKNIFTY-II.NFO,17/04/2025,09:23:38,53289,53280.8,120,53289.8,30,0,485250
BANKNIFTY-II.NFO,17/04/2025,09:23:39,53289,53280.6,90,53291.8,60,0,485250
BANKNIFTY-II.NFO,17/04/2025,09:23:40,53289,53280.6,90,53290.8,30,0,485250
BANKNIFTY-II.NFO,17/04/2025,09:23:42,53289,53280.6,90,53289,30,0,485250
BANKNIFTY-II.NFO,17/04/2025,09:23:43,53289,53280.6,90,53289,60,0,485250
BANKNIFTY-II.NFO,17/04/2025,09:23:44,53289,53280.6,90,53288.8,30,0,485250
BANKNIFTY-II.NFO,17/04/2025,09:23:45,53289,53282.2,90,53289,60,0,485250
BANKNIFTY-II.NFO,17/04/2025,09:23:47,53289,53282.2,90,53289,30,30,485250
BANKNIFTY-II.NFO,17/04/2025,09:23:48,53289,53286.4,150,53289,30,0,485250
BANKNIFTY-II.NFO,17/04/2025,09:23:49,53289,53290.8,30,53293.4,30,30,485250
BANKNIFTY-II.NFO,17/04/2025,09:23:50,53285.2,53285,30,53291,30,30,485250
BANKNIFTY-II.NFO,17/04/2025,09:23:52,53293.8,53283.4,90,53294.4,60,150,485250
BANKNIFTY-II.NFO,17/04/2025,09:23:53,53293.8,53289,30,53290.8,90,0,485250
BANKNIFTY-II.NFO,17/04/2025,09:23:54,53293.8,53289.2,90,53298.4,60,0,485250
BANKNIFTY-II.NFO,17/04/2025,09:23:55,53293.8,53289,30,53295.2,30,0,485250
BANKNIFTY-II.NFO,17/04/2025,09:23:57,53289,53288.4,90,53296.6,30,60,485250
BANKNIFTY-II.NFO,17/04/2025,09:23:58,53289,53284.8,90,53293.8,30,0,485250
BANKNIFTY-II.NFO,17/04/2025,09:23:59,53289,53284.8,90,53293.6,60,0,485250
BANKNIFTY-II.NFO,17/04/2025,09:24:00,53289,53282,30,53287.2,60,0,485250
BANKNIFTY-II.NFO,17/04/2025,09:24:02,53289,53282,30,53288.8,90,0,485250
BANKNIFTY-II.NFO,17/04/2025,09:24:03,53282,53270.4,90,53279.8,60,30,485250
BANKNIFTY-II.NFO,17/04/2025,09:24:04,53282,53270.4,90,53281.6,90,0,485250
BANKNIFTY-II.NFO,17/04/2025,09:24:05,53282,53276.8,120,53288.2,30,0,485250
BANKNIFTY-II.NFO,17/04/2025,09:24:06,53276.6,53276.6,60,53287.4,30,240,485250
BANKNIFTY-II.NFO,17/04/2025,09:24:08,53276.6,53276.8,120,53289,150,0,485250
BANKNIFTY-II.NFO,17/04/2025,09:24:09,53276.6,53280.8,120,53289,150,0,485250
BANKNIFTY-II.NFO,17/04/2025,09:24:10,53276.6,53281.2,120,53289,150,0,485250
BANKNIFTY-II.NFO,17/04/2025,09:24:11,53276.6,53281.2,270,53289,150,0,485250
BANKNIFTY-II.NFO,17/04/2025,09:24:13,53279.2,53286.2,120,53289,150,900,485250
BANKNIFTY-II.NFO,17/04/2025,09:24:14,53289,53284.4,120,53297.8,60,150,485250
BANKNIFTY-II.NFO,17/04/2025,09:24:15,53289,53286.4,60,53298.8,60,0,485250
BANKNIFTY-II.NFO,17/04/2025,09:24:16,53289,53286.4,60,53297.4,120,0,485250
BANKNIFTY-II.NFO,17/04/2025,09:24:18,53289,53282.4,60,53292.8,120,0,485250
BANKNIFTY-II.NFO,17/04/2025,09:24:19,53289,53284.4,60,53296.8,120,0,485250
BANKNIFTY-II.NFO,17/04/2025,09:24:20,53289,53285,30,53293,60,0,485250
BANKNIFTY-II.NFO,17/04/2025,09:24:21,53289,53286.4,60,53297,90,0,485250
BANKNIFTY-II.NFO,17/04/2025,09:24:23,53289,53288.4,60,53295.6,90,0,485250
BANKNIFTY-II.NFO,17/04/2025,09:24:24,53289,53288.4,60,53297.4,30,0,485250
BANKNIFTY-II.NFO,17/04/2025,09:24:25,53292.8,53296.4,30,53299.8,180,30,485250
BANKNIFTY-II.NFO,17/04/2025,09:24:26,53292.8,53298.8,30,53299.8,180,0,485250
BANKNIFTY-II.NFO,17/04/2025,09:24:28,53300,53293.4,90,53300,30,300,485250
BANKNIFTY-II.NFO,17/04/2025,09:24:29,53300,53298.4,60,53315.6,120,30,485250
BANKNIFTY-II.NFO,17/04/2025,09:24:30,53300,53302.4,30,53314.4,90,0,485250
BANKNIFTY-II.NFO,17/04/2025,09:24:31,53300,53300.4,30,53315.6,120,0,485250
BANKNIFTY-II.NFO,17/04/2025,09:24:33,53300,53300.4,30,53312.8,60,0,485250
BANKNIFTY-II.NFO,17/04/2025,09:24:34,53304.2,53299.8,30,53305.8,30,60,485250
BANKNIFTY-II.NFO,17/04/2025,09:24:35,53309.6,53297.6,90,53307.8,30,180,484380
BANKNIFTY-II.NFO,17/04/2025,09:24:36,53309.6,53297.6,90,53305.8,30,0,484380
BANKNIFTY-II.NFO,17/04/2025,09:24:37,53309.6,53297.6,90,53307.8,30,0,484380
BANKNIFTY-II.NFO,17/04/2025,09:24:39,53309.6,53297.6,90,53306.2,30,0,484380
BANKNIFTY-II.NFO,17/04/2025,09:24:40,53309.6,53297.6,30,53304,120,0,484380
BANKNIFTY-II.NFO,17/04/2025,09:24:41,53309.6,53297.6,30,53306.2,30,0,484380
BANKNIFTY-II.NFO,17/04/2025,09:24:42,53303.2,53289.2,30,53300.6,120,60,484380
BANKNIFTY-II.NFO,17/04/2025,09:24:44,53303.2,53289.2,30,53294.8,120,0,484380
BANKNIFTY-II.NFO,17/04/2025,09:24:45,53296.6,53289.2,30,53293.4,60,300,484380
BANKNIFTY-II.NFO,17/04/2025,09:24:46,53289,53285.2,90,53292,120,60,484380
BANKNIFTY-II.NFO,17/04/2025,09:24:47,53294.8,53285.2,90,53294.8,30,30,484380
BANKNIFTY-II.NFO,17/04/2025,09:24:49,53285,53273,30,53287.4,30,120,484380
BANKNIFTY-II.NFO,17/04/2025,09:24:50,53285,53278.4,150,53295.6,150,0,484380
BANKNIFTY-II.NFO,17/04/2025,09:24:51,53285,53282.6,120,53297.4,120,0,484380
BANKNIFTY-II.NFO,17/04/2025,09:24:52,53290.2,53282.6,120,53301.4,60,30,484380
BANKNIFTY-II.NFO,17/04/2025,09:24:54,53290.2,53290.2,30,53306.2,30,0,484380
BANKNIFTY-II.NFO,17/04/2025,09:24:55,53290.2,53282.6,30,53299.2,60,0,484380
BANKNIFTY-II.NFO,17/04/2025,09:24:56,53299,53282.8,120,53299,120,30,484380
BANKNIFTY-II.NFO,17/04/2025,09:24:57,53299,53284.2,30,53299.6,180,0,484380
BANKNIFTY-II.NFO,17/04/2025,09:24:59,53299,53290,30,53299.8,120,0,484380
BANKNIFTY-II.NFO,17/04/2025,09:25:00,53299,53290,30,53298,120,0,484380
BANKNIFTY-II.NFO,17/04/2025,09:25:01,53271.4,53270,30,53284.2,120,60,484380
BANKNIFTY-II.NFO,17/04/2025,09:25:02,53271.4,53270,30,53280.4,120,0,484380
BANKNIFTY-II.NFO,17/04/2025,09:25:04,53274.2,53270,30,53274.8,90,30,484380
BANKNIFTY-II.NFO,17/04/2025,09:25:05,53274.2,53270,30,53281,90,0,484380
BANKNIFTY-II.NFO,17/04/2025,09:25:06,53274.2,53270.2,60,53285.8,90,0,484380
BANKNIFTY-II.NFO,17/04/2025,09:25:07,53276.2,53276.2,30,53289.8,90,30,484380
BANKNIFTY-II.NFO,17/04/2025,09:25:09,53274.6,53280.2,30,53289.8,90,90,484380
BANKNIFTY-II.NFO,17/04/2025,09:25:10,53274.6,53280.6,30,53289.8,60,0,484380
BANKNIFTY-II.NFO,17/04/2025,09:25:11,53274.6,53278.4,30,53288.6,90,0,484380
BANKNIFTY-II.NFO,17/04/2025,09:25:12,53274.6,53276.4,30,53286.2,90,0,484380
BANKNIFTY-II.NFO,17/04/2025,09:25:13,53274.6,53278.2,30,53286.2,90,0,484380
BANKNIFTY-II.NFO,17/04/2025,09:25:15,53274.6,53278.4,30,53286.2,90,0,484380
BANKNIFTY-II.NFO,17/04/2025,09:25:16,53278.4,53278.4,90,53286.2,90,30,484380
BANKNIFTY-II.NFO,17/04/2025,09:25:17,53278.4,53280,60,53286.2,90,0,484380
BANKNIFTY-II.NFO,17/04/2025,09:25:21,53278.4,53279.8,90,53285,180,0,484380
BANKNIFTY-II.NFO,17/04/2025,09:25:22,53278.4,53278.4,30,53283,90,0,484380
BANKNIFTY-II.NFO,17/04/2025,09:25:23,53275,53270,60,53275.8,120,90,484380
BANKNIFTY-II.NFO,17/04/2025,09:25:24,53265,53258.6,90,53268.2,90,150,484380
BANKNIFTY-II.NFO,17/04/2025,09:25:26,53258.6,53258.6,90,53269.4,60,30,484380
BANKNIFTY-II.NFO,17/04/2025,09:25:27,53258.6,53260.8,90,53269.6,90,0,484380
BANKNIFTY-II.NFO,17/04/2025,09:25:28,53258.6,53265.6,90,53274,90,0,484380
BANKNIFTY-II.NFO,17/04/2025,09:25:29,53265.6,53262.4,30,53271,60,150,484380
BANKNIFTY-II.NFO,17/04/2025,09:25:31,53265.6,53266.4,30,53274.6,60,0,484380
BANKNIFTY-II.NFO,17/04/2025,09:25:32,53265.6,53268.2,30,53274.4,90,0,484380
BANKNIFTY-II.NFO,17/04/2025,09:25:33,53268.2,53264.6,90,53271.8,90,30,484380
BANKNIFTY-II.NFO,17/04/2025,09:25:34,53268.2,53263.6,90,53267.4,90,0,484380
BANKNIFTY-II.NFO,17/04/2025,09:25:36,53268.2,53258.6,90,53266.2,90,0,484380
BANKNIFTY-II.NFO,17/04/2025,09:25:37,53268.2,53258.6,90,53266.8,90,0,484380
BANKNIFTY-II.NFO,17/04/2025,09:25:38,53268.2,53254.2,30,53258.4,90,0,484380
BANKNIFTY-II.NFO,17/04/2025,09:25:39,53254.2,53250.2,90,53255.8,90,30,484380
BANKNIFTY-II.NFO,17/04/2025,09:25:41,53254.2,53252.8,90,53258,90,0,484380
BANKNIFTY-II.NFO,17/04/2025,09:25:42,53254.2,53250.4,90,53255.6,90,0,484380
BANKNIFTY-II.NFO,17/04/2025,09:25:43,53254.2,53251,90,53258.4,30,0,484380
BANKNIFTY-II.NFO,17/04/2025,09:25:44,53259.6,53254.6,90,53260,30,30,484380
BANKNIFTY-II.NFO,17/04/2025,09:25:46,53266,53260.2,90,53265.8,60,120,484380
BANKNIFTY-II.NFO,17/04/2025,09:25:47,53266,53258.4,90,53261.8,30,0,484380
BANKNIFTY-II.NFO,17/04/2025,09:25:48,53252.4,53250.4,90,53255.2,30,60,484380
BANKNIFTY-II.NFO,17/04/2025,09:25:49,53252.4,53253.6,90,53260,90,0,484380
BANKNIFTY-II.NFO,17/04/2025,09:25:51,53252.4,53254.2,30,53260,150,0,484380
BANKNIFTY-II.NFO,17/04/2025,09:25:52,53252.4,53253.6,90,53256,60,0,484380
BANKNIFTY-II.NFO,17/04/2025,09:25:53,53253.6,53250.4,30,53252.8,60,90,484380
BANKNIFTY-II.NFO,17/04/2025,09:25:54,53251.4,53250.4,120,53256,30,30,484380
BANKNIFTY-II.NFO,17/04/2025,09:25:56,53258,53250.4,120,53257.4,60,30,484380
BANKNIFTY-II.NFO,17/04/2025,09:25:57,53252.6,53254.2,60,53260.4,30,60,484380
BANKNIFTY-II.NFO,17/04/2025,09:25:58,53254.2,53254.4,90,53260.4,30,30,484380
BANKNIFTY-II.NFO,17/04/2025,09:25:59,53254.2,53254.6,120,53260.4,30,0,484380
BANKNIFTY-II.NFO,17/04/2025,09:26:01,53270,53268.8,120,53275,30,240,484380
BANKNIFTY-II.NFO,17/04/2025,09:26:02,53270,53268.8,120,53275,30,0,484380
BANKNIFTY-II.NFO,17/04/2025,09:26:03,53270,53268.6,90,53275,30,0,484380
BANKNIFTY-II.NFO,17/04/2025,09:26:04,53268.6,53268.6,90,53275,30,60,484380
BANKNIFTY-II.NFO,17/04/2025,09:26:06,53261.2,53266.4,150,53275,30,210,484380
BANKNIFTY-II.NFO,17/04/2025,09:26:07,53275,53269.4,30,53273.6,90,30,484380
BANKNIFTY-II.NFO,17/04/2025,09:26:08,53275,53269.4,30,53274.4,30,0,484380
BANKNIFTY-II.NFO,17/04/2025,09:26:09,53268.6,53259.8,90,53268.8,30,120,484380
BANKNIFTY-II.NFO,17/04/2025,09:26:10,53268.6,53257.2,90,53264.2,120,0,484380
BANKNIFTY-II.NFO,17/04/2025,09:26:12,53268.6,53256.8,120,53268.6,60,0,484380
BANKNIFTY-II.NFO,17/04/2025,09:26:13,53270.6,53263,90,53272.2,30,60,484380
BANKNIFTY-II.NFO,17/04/2025,09:26:14,53263,53260.4,60,53266.6,90,60,484380
BANKNIFTY-II.NFO,17/04/2025,09:26:15,53263,53263,60,53272.2,60,0,484380
BANKNIFTY-II.NFO,17/04/2025,09:26:17,53263,53260.8,90,53269,90,0,484380
BANKNIFTY-II.NFO,17/04/2025,09:26:18,53263,53263.8,90,53272.4,60,0,484380
BANKNIFTY-II.NFO,17/04/2025,09:26:19,53263,53264.6,90,53272.8,30,0,484380
BANKNIFTY-II.NFO,17/04/2025,09:26:20,53263,53267.2,90,53273.8,60,0,484380
BANKNIFTY-II.NFO,17/04/2025,09:26:22,53266.6,53265.8,90,53272.4,30,30,484380
BANKNIFTY-II.NFO,17/04/2025,09:26:23,53266.6,53268.4,90,53273.2,150,0,484380
BANKNIFTY-II.NFO,17/04/2025,09:26:24,53266.6,53270.8,30,53276,60,0,484380
BANKNIFTY-II.NFO,17/04/2025,09:26:25,53266.6,53269.4,90,53277.4,30,0,484380
BANKNIFTY-II.NFO,17/04/2025,09:26:26,53266.6,53269.6,30,53276.6,60,0,484380
BANKNIFTY-II.NFO,17/04/2025,09:26:28,53267,53264.8,90,53273.2,30,60,484380
BANKNIFTY-II.NFO,17/04/2025,09:26:29,53267,53265,90,53274.6,60,0,484380
BANKNIFTY-II.NFO,17/04/2025,09:26:30,53267,53260.8,30,53269,30,0,484380
BANKNIFTY-II.NFO,17/04/2025,09:26:31,53267,53260.8,30,53268.4,30,0,484380
BANKNIFTY-II.NFO,17/04/2025,09:26:33,53267,53261,120,53267,30,0,484380
BANKNIFTY-II.NFO,17/04/2025,09:26:34,53265,53263.6,210,53275,30,150,484380
BANKNIFTY-II.NFO,17/04/2025,09:26:35,53265,53266.6,30,53274.8,120,0,484380
BANKNIFTY-II.NFO,17/04/2025,09:26:36,53267,53270.8,120,53277.4,30,30,484380
BANKNIFTY-II.NFO,17/04/2025,09:26:37,53270.4,53270.4,60,53277.4,30,60,484380
BANKNIFTY-II.NFO,17/04/2025,09:26:39,53277.4,53270.4,90,53279.2,30,150,484380
BANKNIFTY-II.NFO,17/04/2025,09:26:40,53277.4,53268,90,53277.2,30,0,484380
BANKNIFTY-II.NFO,17/04/2025,09:26:41,53278,53273.4,90,53282.8,60,30,484380
BANKNIFTY-II.NFO,17/04/2025,09:26:42,53278,53274.8,30,53284,120,0,484380
BANKNIFTY-II.NFO,17/04/2025,09:26:44,53278,53271.8,90,53281.2,30,0,484380
BANKNIFTY-II.NFO,17/04/2025,09:26:45,53278,53267.4,30,53277.8,60,0,484380
BANKNIFTY-II.NFO,17/04/2025,09:26:46,53274.8,53266.6,30,53273.2,30,30,484380
BANKNIFTY-II.NFO,17/04/2025,09:26:47,53266.6,53262,30,53270.4,30,30,484380
BANKNIFTY-II.NFO,17/04/2025,09:26:49,53266.6,53261.2,30,53267.6,90,0,484380
BANKNIFTY-II.NFO,17/04/2025,09:26:50,53263.6,53261.2,30,53266.8,120,30,484380
BANKNIFTY-II.NFO,17/04/2025,09:26:51,53263.6,53261.2,30,53262,30,0,484380
BANKNIFTY-II.NFO,17/04/2025,09:26:52,53263.6,53261.2,30,53266.6,30,0,484380
BANKNIFTY-II.NFO,17/04/2025,09:26:54,53263.6,53261.4,90,53270,30,0,484380
BANKNIFTY-II.NFO,17/04/2025,09:26:55,53263.6,53261.4,120,53268.6,30,0,484380
BANKNIFTY-II.NFO,17/04/2025,09:26:56,53263.6,53268.8,90,53279,30,0,484380
BANKNIFTY-II.NFO,17/04/2025,09:26:57,53268.8,53264.6,60,53274.4,30,30,484380
BANKNIFTY-II.NFO,17/04/2025,09:26:58,53268.8,53264,30,53273.2,30,0,484380
BANKNIFTY-II.NFO,17/04/2025,09:27:00,53268.8,53264,30,53273.4,30,0,484380
BANKNIFTY-II.NFO,17/04/2025,09:27:01,53264,53261.6,30,53271.4,30,30,484380
BANKNIFTY-II.NFO,17/04/2025,09:27:02,53264,53261.6,120,53271.6,30,0,484380
BANKNIFTY-II.NFO,17/04/2025,09:27:03,53268.8,53268.2,90,53278,30,60,484380
BANKNIFTY-II.NFO,17/04/2025,09:27:05,53278,53270.8,120,53280,30,30,484380
BANKNIFTY-II.NFO,17/04/2025,09:27:06,53291,53289.4,240,53299.6,30,330,484380
BANKNIFTY-II.NFO,17/04/2025,09:27:07,53297.6,53282.4,240,53299.6,240,180,484380
BANKNIFTY-II.NFO,17/04/2025,09:27:08,53297.6,53284.4,240,53296.8,30,0,484380
BANKNIFTY-II.NFO,17/04/2025,09:27:10,53297.6,53288.4,180,53298.4,30,0,484380
BANKNIFTY-II.NFO,17/04/2025,09:27:11,53290.4,53292.4,240,53300,90,30,484380
BANKNIFTY-II.NFO,17/04/2025,09:27:12,53300,53289.6,240,53300,30,30,484380
BANKNIFTY-II.NFO,17/04/2025,09:27:13,53300,53290.4,240,53300,30,0,484380
BANKNIFTY-II.NFO,17/04/2025,09:27:15,53300,53292.4,270,53300,30,0,484380
BANKNIFTY-II.NFO,17/04/2025,09:27:16,53300,53292.4,180,53300,30,0,484380
BANKNIFTY-II.NFO,17/04/2025,09:27:17,53300,53297.4,210,53308.8,30,30,484380
BANKNIFTY-II.NFO,17/04/2025,09:27:18,53300,53298,30,53311,240,0,484380
BANKNIFTY-II.NFO,17/04/2025,09:27:20,53300,53298.6,30,53312.4,270,0,484380
BANKNIFTY-II.NFO,17/04/2025,09:27:21,53300,53302.4,30,53313.2,60,0,484380
BANKNIFTY-II.NFO,17/04/2025,09:27:22,53300,53304.4,210,53314.6,30,0,484380
BANKNIFTY-II.NFO,17/04/2025,09:27:23,53313,53314,180,53326.4,60,270,484380
BANKNIFTY-II.NFO,17/04/2025,09:27:25,53313,53312.4,30,53316.6,30,0,484380
BANKNIFTY-II.NFO,17/04/2025,09:27:26,53320,53310.6,30,53320.8,60,30,484380
BANKNIFTY-II.NFO,17/04/2025,09:27:27,53320,53304.6,30,53313,60,0,484380
BANKNIFTY-II.NFO,17/04/2025,09:27:28,53320,53300.4,180,53312.2,120,0,484380
BANKNIFTY-II.NFO,17/04/2025,09:27:29,53320,53301.4,180,53315,150,0,484380
BANKNIFTY-II.NFO,17/04/2025,09:27:31,53315,53302,30,53314,300,30,484380
BANKNIFTY-II.NFO,17/04/2025,09:27:32,53315,53298.4,30,53308.6,90,0,484380
BANKNIFTY-II.NFO,17/04/2025,09:27:33,53310.2,53302.4,30,53311.8,240,30,484380
BANKNIFTY-II.NFO,17/04/2025,09:27:34,53311.8,53302.6,30,53311.8,270,30,484380
BANKNIFTY-II.NFO,17/04/2025,09:27:36,53311.8,53306.4,30,53319.6,60,0,484320
BANKNIFTY-II.NFO,17/04/2025,09:27:37,53311.8,53302.8,210,53316.4,90,0,484320
BANKNIFTY-II.NFO,17/04/2025,09:27:38,53311.8,53303.8,30,53313.2,240,0,484320
BANKNIFTY-II.NFO,17/04/2025,09:27:39,53311.8,53300,30,53307.6,60,0,484320
BANKNIFTY-II.NFO,17/04/2025,09:27:41,53311.8,53303.6,240,53319.8,240,0,484320
BANKNIFTY-II.NFO,17/04/2025,09:27:42,53311.8,53312.2,30,53320,30,0,484320
BANKNIFTY-II.NFO,17/04/2025,09:27:43,53319.8,53310.4,30,53319.8,300,30,484320
BANKNIFTY-II.NFO,17/04/2025,09:27:44,53319.8,53306.4,30,53315.6,30,0,484320
BANKNIFTY-II.NFO,17/04/2025,09:27:46,53319.8,53304.4,30,53316.2,60,0,484320
BANKNIFTY-II.NFO,17/04/2025,09:27:47,53319.8,53306.2,30,53314.2,60,0,484320
BANKNIFTY-II.NFO,17/04/2025,09:27:48,53319.8,53308.2,30,53314.8,60,0,484320
BANKNIFTY-II.NFO,17/04/2025,09:27:49,53319.8,53308.2,30,53319.8,30,0,484320
BANKNIFTY-II.NFO,17/04/2025,09:27:51,53318.6,53312.2,30,53319.6,30,30,484320
BANKNIFTY-II.NFO,17/04/2025,09:27:52,53318.6,53313,90,53319.8,60,0,484320
BANKNIFTY-II.NFO,17/04/2025,09:27:53,53318.6,53312,90,53319.8,60,0,484320
BANKNIFTY-II.NFO,17/04/2025,09:27:54,53318.6,53313.6,60,53319.8,90,0,484320
BANKNIFTY-II.NFO,17/04/2025,09:27:56,53320.6,53318.4,30,53326.6,60,180,484320
BANKNIFTY-II.NFO,17/04/2025,09:27:57,53320.6,53318.6,30,53324.4,60,0,484320
BANKNIFTY-II.NFO,17/04/2025,09:27:58,53318.6,53312,30,53321.4,240,60,484320
BANKNIFTY-II.NFO,17/04/2025,09:28:00,53318.6,53314.4,30,53324.4,60,0,484320
BANKNIFTY-II.NFO,17/04/2025,09:28:01,53318.6,53320.4,30,53325.4,60,0,484320
BANKNIFTY-II.NFO,17/04/2025,09:28:02,53318.6,53322.4,60,53328.4,30,0,484320
BANKNIFTY-II.NFO,17/04/2025,09:28:03,53328,53320.6,30,53328,240,120,484320
BANKNIFTY-II.NFO,17/04/2025,09:28:05,53313.2,53311.8,30,53318,30,30,484320
BANKNIFTY-II.NFO,17/04/2025,09:28:06,53328.4,53318.2,30,53327.6,180,270,484320
BANKNIFTY-II.NFO,17/04/2025,09:28:07,53328.4,53316.4,90,53328.2,120,0,484320
BANKNIFTY-II.NFO,17/04/2025,09:28:08,53328.4,53316.4,30,53327,120,0,484320
BANKNIFTY-II.NFO,17/04/2025,09:28:10,53316.4,53320.4,90,53328.8,210,30,484320
BANKNIFTY-II.NFO,17/04/2025,09:28:11,53316.4,53320.4,90,53329,30,0,484320
BANKNIFTY-II.NFO,17/04/2025,09:28:12,53330.6,53322.2,30,53330,90,270,484320
BANKNIFTY-II.NFO,17/04/2025,09:28:13,53320.4,53320.6,60,53330.4,30,30,484320
BANKNIFTY-II.NFO,17/04/2025,09:28:15,53320.4,53321.4,60,53330.4,30,0,484320
BANKNIFTY-II.NFO,17/04/2025,09:28:16,53320.4,53321.4,90,53330.4,30,0,484320
BANKNIFTY-II.NFO,17/04/2025,09:28:17,53320.4,53321.4,60,53328,90,0,484320
BANKNIFTY-II.NFO,17/04/2025,09:28:20,53320.4,53321.4,60,53325,270,0,484320
BANKNIFTY-II.NFO,17/04/2025,09:28:21,53321.4,53320,30,53321,240,60,484320
BANKNIFTY-II.NFO,17/04/2025,09:28:22,53315,53302.4,90,53312.6,30,150,484320
BANKNIFTY-II.NFO,17/04/2025,09:28:23,53312.4,53300.2,30,53312.4,30,30,484320
BANKNIFTY-II.NFO,17/04/2025,09:28:25,53312.4,53300.2,60,53309.8,240,0,484320
BANKNIFTY-II.NFO,17/04/2025,09:28:26,53312.4,53300.2,60,53305.8,60,0,484320
BANKNIFTY-II.NFO,17/04/2025,09:28:27,53300,53290.4,90,53305.4,180,90,484320
BANKNIFTY-II.NFO,17/04/2025,09:28:28,53304.2,53290.4,90,53297.4,30,120,484320
BANKNIFTY-II.NFO,17/04/2025,09:28:30,53297.4,53291,240,53298,30,60,484320
BANKNIFTY-II.NFO,17/04/2025,09:28:31,53297.4,53293.6,240,53300,30,0,484320
BANKNIFTY-II.NFO,17/04/2025,09:28:32,53297.4,53288.6,240,53300,60,0,484320
BANKNIFTY-II.NFO,17/04/2025,09:28:33,53307,53296,30,53302.6,60,120,484320
BANKNIFTY-II.NFO,17/04/2025,09:28:35,53307,53292.2,30,53299.4,30,0,484320
BANKNIFTY-II.NFO,17/04/2025,09:28:36,53295.2,53292.8,60,53299.6,30,30,484320
BANKNIFTY-II.NFO,17/04/2025,09:28:37,53295.2,53292.6,90,53299.6,30,0,484320
BANKNIFTY-II.NFO,17/04/2025,09:28:40,53295.2,53291.2,30,53299,30,0,484320
BANKNIFTY-II.NFO,17/04/2025,09:28:41,53295.2,53288.6,30,53297.2,90,0,484320
BANKNIFTY-II.NFO,17/04/2025,09:28:42,53295.2,53287.8,30,53298.2,180,0,484320
BANKNIFTY-II.NFO,17/04/2025,09:28:43,53299.4,53290,90,53298.2,90,30,484320
BANKNIFTY-II.NFO,17/04/2025,09:28:44,53287.8,53288,90,53296.2,90,30,484320
BANKNIFTY-II.NFO,17/04/2025,09:28:46,53287.8,53282.6,90,53293.6,90,0,484320
BANKNIFTY-II.NFO,17/04/2025,09:28:47,53287.8,53286,90,53294.2,90,0,484320
BANKNIFTY-II.NFO,17/04/2025,09:28:48,53286,53284.6,90,53291.2,60,30,484320
BANKNIFTY-II.NFO,17/04/2025,09:28:49,53286,53280.2,30,53284.4,90,0,484320
BANKNIFTY-II.NFO,17/04/2025,09:28:51,53280.2,53274.6,90,53280.4,90,60,484320
BANKNIFTY-II.NFO,17/04/2025,09:28:52,53280.4,53270.8,60,53279.6,30,90,484320
BANKNIFTY-II.NFO,17/04/2025,09:28:53,53283.2,53270.6,30,53277.8,30,120,484320
BANKNIFTY-II.NFO,17/04/2025,09:28:54,53283.2,53270.8,30,53279.4,30,0,484320
BANKNIFTY-II.NFO,17/04/2025,09:28:56,53283.2,53272.8,90,53279.4,30,0,484320
BANKNIFTY-II.NFO,17/04/2025,09:28:57,53287.6,53278.4,90,53287.6,120,120,484320
BANKNIFTY-II.NFO,17/04/2025,09:28:58,53287.6,53271.6,90,53278.6,30,0,484320
BANKNIFTY-II.NFO,17/04/2025,09:28:59,53287.6,53270.2,30,53274.2,30,0,484320
BANKNIFTY-II.NFO,17/04/2025,09:29:01,53270.2,53260.2,30,53267.6,30,30,484320
BANKNIFTY-II.NFO,17/04/2025,09:29:02,53270.2,53260.2,30,53265.4,90,0,484320
BANKNIFTY-II.NFO,17/04/2025,09:29:03,53260,53252.6,90,53260,30,120,484320
BANKNIFTY-II.NFO,17/04/2025,09:29:04,53266.8,53256.2,240,53263.6,30,120,484320
BANKNIFTY-II.NFO,17/04/2025,09:29:06,53266.8,53256.2,90,53263.6,30,0,484320
BANKNIFTY-II.NFO,17/04/2025,09:29:07,53279.6,53262.4,60,53276.4,30,150,484320
BANKNIFTY-II.NFO,17/04/2025,09:29:08,53279.6,53267.4,240,53280.8,30,0,484320
BANKNIFTY-II.NFO,17/04/2025,09:29:09,53279.6,53277.4,90,53285,30,0,484320
BANKNIFTY-II.NFO,17/04/2025,09:29:11,53279.6,53270.4,90,53278.6,30,0,484320
BANKNIFTY-II.NFO,17/04/2025,09:29:12,53279.6,53261.8,90,53275.6,30,0,484320
BANKNIFTY-II.NFO,17/04/2025,09:29:13,53279.6,53264.2,60,53275.6,30,0,484320
BANKNIFTY-II.NFO,17/04/2025,09:29:14,53279.6,53261.4,90,53273.2,30,0,484320
BANKNIFTY-II.NFO,17/04/2025,09:29:16,53269.6,53260.2,30,53267.8,30,30,484320
BANKNIFTY-II.NFO,17/04/2025,09:29:17,53269.6,53260.2,30,53264.4,60,0,484320
BANKNIFTY-II.NFO,17/04/2025,09:29:18,53276.6,53262,240,53272.4,30,90,484320
BANKNIFTY-II.NFO,17/04/2025,09:29:19,53276.6,53261.8,90,53271.6,30,0,484320
BANKNIFTY-II.NFO,17/04/2025,09:29:21,53260.4,53260,30,53260.2,30,60,484320
BANKNIFTY-II.NFO,17/04/2025,09:29:22,53260,53251.2,90,53262.6,30,30,484320
BANKNIFTY-II.NFO,17/04/2025,09:29:23,53260,53256.2,240,53262.6,30,0,484320
BANKNIFTY-II.NFO,17/04/2025,09:29:24,53260,53258,240,53262.6,30,0,484320
BANKNIFTY-II.NFO,17/04/2025,09:29:26,53260,53262.6,90,53271.6,30,0,484320
BANKNIFTY-II.NFO,17/04/2025,09:29:27,53260,53264.6,90,53273.6,30,0,484320
BANKNIFTY-II.NFO,17/04/2025,09:29:28,53260,53267,60,53273.6,30,0,484320
BANKNIFTY-II.NFO,17/04/2025,09:29:29,53264.6,53255.2,240,53262,30,30,484320
BANKNIFTY-II.NFO,17/04/2025,09:29:31,53262.6,53263.2,240,53275.8,30,60,484320
BANKNIFTY-II.NFO,17/04/2025,09:29:32,53264.2,53264.2,60,53274.6,90,60,484320
BANKNIFTY-II.NFO,17/04/2025,09:29:33,53264.8,53258.8,240,53273.2,30,30,484320
BANKNIFTY-II.NFO,17/04/2025,09:29:34,53264.8,53264.4,240,53275.8,30,0,484320
BANKNIFTY-II.NFO,17/04/2025,09:29:36,53264.8,53264.4,60,53277.2,30,30,484320
BANKNIFTY-II.NFO,17/04/2025,09:29:37,53264.8,53264.4,60,53275.2,30,0,484320
BANKNIFTY-II.NFO,17/04/2025,09:29:38,53264.8,53262.2,60,53267.4,30,0,484320
BANKNIFTY-II.NFO,17/04/2025,09:29:39,53264.8,53262,30,53263.6,60,0,484320
BANKNIFTY-II.NFO,17/04/2025,09:29:41,53264.8,53262.2,60,53263.6,60,0,484320
BANKNIFTY-II.NFO,17/04/2025,09:29:42,53264.8,53263.4,240,53263.6,60,0,484320
BANKNIFTY-II.NFO,17/04/2025,09:29:43,53263.6,53262.2,240,53267.4,30,60,484320
BANKNIFTY-II.NFO,17/04/2025,09:29:44,53262.2,53262.6,240,53267.4,30,90,484320
BANKNIFTY-II.NFO,17/04/2025,09:29:45,53279.4,53272.8,90,53278.2,150,90,484320
BANKNIFTY-II.NFO,17/04/2025,09:29:47,53269,53269.6,60,53278,90,30,484320
BANKNIFTY-II.NFO,17/04/2025,09:29:48,53269,53272,60,53280.4,30,0,484320
BANKNIFTY-II.NFO,17/04/2025,09:29:49,53269,53274.4,240,53280.4,30,0,484320
BANKNIFTY-II.NFO,17/04/2025,09:29:50,53281,53283.2,240,53290.8,30,60,484320
BANKNIFTY-II.NFO,17/04/2025,09:29:52,53280.8,53278.8,60,53287,30,60,484320
BANKNIFTY-II.NFO,17/04/2025,09:29:53,53280.8,53279,90,53288.6,30,0,484320
BANKNIFTY-II.NFO,17/04/2025,09:29:54,53280.8,53273.2,300,53286.2,30,0,484320
BANKNIFTY-II.NFO,17/04/2025,09:29:55,53280.8,53277.4,90,53285.6,120,0,484320
BANKNIFTY-II.NFO,17/04/2025,09:29:57,53280.8,53277.4,90,53284.4,90,60,484320
BANKNIFTY-II.NFO,17/04/2025,09:29:58,53280.8,53278.8,90,53287,60,0,484320
BANKNIFTY-II.NFO,17/04/2025,09:29:59,53280.8,53280.2,30,53287.2,30,0,484320
BANKNIFTY-II.NFO,17/04/2025,09:30:00,53280.8,53280.2,90,53287.8,30,0,484320
BANKNIFTY-II.NFO,17/04/2025,09:30:02,53280.8,53281.8,90,53290,60,0,484320
BANKNIFTY-II.NFO,17/04/2025,09:30:03,53280.8,53284.8,240,53290.8,30,0,484320
BANKNIFTY-II.NFO,17/04/2025,09:30:04,53280.8,53286.4,30,53290.8,30,0,484320
BANKNIFTY-II.NFO,17/04/2025,09:30:05,53305.4,53298.6,30,53305.4,120,210,484320
BANKNIFTY-II.NFO,17/04/2025,09:30:07,53292.4,53284.6,90,53297.4,120,60,484320
BANKNIFTY-II.NFO,17/04/2025,09:30:08,53292.4,53270.6,90,53284,120,0,484320
BANKNIFTY-II.NFO,17/04/2025,09:30:09,53292.4,53271.6,90,53282.2,150,0,484320
BANKNIFTY-II.NFO,17/04/2025,09:30:10,53292.4,53267.8,60,53273.8,30,0,484320
BANKNIFTY-II.NFO,17/04/2025,09:30:13,53292.4,53265.4,240,53273.8,30,0,484320
BANKNIFTY-II.NFO,17/04/2025,09:30:14,53292.4,53267.6,60,53273.8,30,0,484320
BANKNIFTY-II.NFO,17/04/2025,09:30:15,53273.6,53273.6,90,53273.8,30,60,484320
BANKNIFTY-II.NFO,17/04/2025,09:30:16,53273.6,53273.6,90,53273.8,30,0,484320
BANKNIFTY-II.NFO,17/04/2025,09:30:18,53274.4,53262.8,90,53270.4,30,90,484320
BANKNIFTY-II.NFO,17/04/2025,09:30:19,53274.4,53261.8,90,53269.8,30,0,484320
BANKNIFTY-II.NFO,17/04/2025,09:30:20,53270.4,53263.4,240,53271,30,30,484320
BANKNIFTY-II.NFO,17/04/2025,09:30:21,53270.4,53263,240,53271,30,0,484320
BANKNIFTY-II.NFO,17/04/2025,09:30:23,53262.6,53264.2,240,53271,30,90,484320
BANKNIFTY-II.NFO,17/04/2025,09:30:24,53265.6,53264.2,30,53273.8,30,180,484320
BANKNIFTY-II.NFO,17/04/2025,09:30:25,53265.6,53263.4,240,53273.8,30,0,484320
BANKNIFTY-II.NFO,17/04/2025,09:30:27,53265.6,53264.6,60,53273.8,30,0,484320
BANKNIFTY-II.NFO,17/04/2025,09:30:28,53283.6,53270.4,30,53280.4,30,120,484320
BANKNIFTY-II.NFO,17/04/2025,09:30:29,53283.6,53271.8,240,53280.4,30,0,484320
BANKNIFTY-II.NFO,17/04/2025,09:30:30,53283.6,53278.2,60,53288.4,60,0,484320
BANKNIFTY-II.NFO,17/04/2025,09:30:32,53283.6,53281.2,60,53290.2,60,0,484320
BANKNIFTY-II.NFO,17/04/2025,09:30:33,53283.6,53285.6,240,53295.2,90,0,484320
BANKNIFTY-II.NFO,17/04/2025,09:30:34,53283.6,53282.2,30,53291.6,30,0,484320
BANKNIFTY-II.NFO,17/04/2025,09:30:35,53283.6,53280.2,30,53283.8,60,0,484320
BANKNIFTY-II.NFO,17/04/2025,09:30:37,53283.6,53281.2,30,53292.2,30,0,484320
BANKNIFTY-II.NFO,17/04/2025,09:30:38,53283.6,53281.2,30,53289.8,60,0,484320
BANKNIFTY-II.NFO,17/04/2025,09:30:39,53283.6,53280.4,90,53288.2,30,0,484320
BANKNIFTY-II.NFO,17/04/2025,09:30:40,53283.6,53281.4,300,53288.4,90,0,484320
BANKNIFTY-II.NFO,17/04/2025,09:30:42,53283.6,53281,240,53287.4,60,0,484320
BANKNIFTY-II.NFO,17/04/2025,09:30:43,53283.6,53283.8,30,53292.2,30,0,484320
BANKNIFTY-II.NFO,17/04/2025,09:30:44,53283.6,53285.8,30,53293.2,60,0,484320
BANKNIFTY-II.NFO,17/04/2025,09:30:45,53283.6,53282.4,30,53283.6,120,0,484320
BANKNIFTY-II.NFO,17/04/2025,09:30:47,53283.6,53285,60,53292,30,0,484320
BANKNIFTY-II.NFO,17/04/2025,09:30:48,53286.8,53288.2,30,53294.6,30,60,484620
BANKNIFTY-II.NFO,17/04/2025,09:30:49,53286.2,53284.8,60,53291.8,60,60,484620
BANKNIFTY-II.NFO,17/04/2025,09:30:50,53286.2,53283,30,53289.8,30,0,484620
BANKNIFTY-II.NFO,17/04/2025,09:30:52,53286.2,53283.2,240,53294.6,30,0,484620
BANKNIFTY-II.NFO,17/04/2025,09:30:53,53286.2,53284.8,30,53293.8,30,0,484620
BANKNIFTY-II.NFO,17/04/2025,09:30:54,53286.2,53282.6,30,53290,60,0,484620
BANKNIFTY-II.NFO,17/04/2025,09:30:55,53286.2,53282.6,30,53291,30,0,484620
BANKNIFTY-II.NFO,17/04/2025,09:30:56,53286.2,53282.6,30,53293.6,60,0,484620
BANKNIFTY-II.NFO,17/04/2025,09:30:58,53286.2,53286.2,30,53288.6,60,0,484620
BANKNIFTY-II.NFO,17/04/2025,09:30:59,53286.2,53286.4,30,53288,90,0,484620
BANKNIFTY-II.NFO,17/04/2025,09:31:00,53286.2,53286.4,30,53292,30,0,484620
BANKNIFTY-II.NFO,17/04/2025,09:31:01,53286.2,53286.4,30,53286.6,90,0,484620
BANKNIFTY-II.NFO,17/04/2025,09:31:03,53286.2,53286.4,30,53288.6,60,0,484620
BANKNIFTY-II.NFO,17/04/2025,09:31:04,53286.2,53286.4,30,53289.2,60,0,484620
BANKNIFTY-II.NFO,17/04/2025,09:31:05,53288.2,53286.4,30,53287.6,90,30,484620
BANKNIFTY-II.NFO,17/04/2025,09:31:06,53288.2,53286.4,30,53288,60,0,484620
BANKNIFTY-II.NFO,17/04/2025,09:31:07,53288.2,53286.4,30,53291.6,60,0,484620
BANKNIFTY-II.NFO,17/04/2025,09:31:09,53288.2,53289.4,30,53294.2,90,0,484620
BANKNIFTY-II.NFO,17/04/2025,09:31:10,53294.6,53291.4,240,53295.2,30,30,484620
BANKNIFTY-II.NFO,17/04/2025,09:31:11,53300.4,53296.2,240,53308.8,60,90,484620
BANKNIFTY-II.NFO,17/04/2025,09:31:12,53316.4,53303,30,53312.8,30,150,484620
BANKNIFTY-II.NFO,17/04/2025,09:31:14,53316.4,53306.8,240,53315.4,30,0,484620
BANKNIFTY-II.NFO,17/04/2025,09:31:15,53316.4,53306,240,53315.4,30,0,484620
BANKNIFTY-II.NFO,17/04/2025,09:31:16,53316.4,53310.2,30,53315.4,30,0,484620
BANKNIFTY-II.NFO,17/04/2025,09:31:20,53316.4,53310.4,60,53315.4,30,0,484620
BANKNIFTY-II.NFO,17/04/2025,09:31:21,53316.4,53310.2,30,53318,60,0,484620
BANKNIFTY-II.NFO,17/04/2025,09:31:22,53316.4,53315,30,53315.6,60,0,484620
BANKNIFTY-II.NFO,17/04/2025,09:31:24,53315,53304.8,90,53313.6,90,30,484620
BANKNIFTY-II.NFO,17/04/2025,09:31:25,53305.4,53305.6,90,53315.8,30,30,484620
BANKNIFTY-II.NFO,17/04/2025,09:31:26,53305.4,53312.8,240,53325.4,30,0,484620
BANKNIFTY-II.NFO,17/04/2025,09:31:27,53305.4,53313.2,30,53324.4,30,60,484620
BANKNIFTY-II.NFO,17/04/2025,09:31:29,53305.4,53315.8,240,53326.4,30,0,484620
BANKNIFTY-II.NFO,17/04/2025,09:31:30,53305.4,53321.8,240,53326.4,30,0,484620
BANKNIFTY-II.NFO,17/04/2025,09:31:31,53305.4,53319.6,270,53326.4,30,0,484620
BANKNIFTY-II.NFO,17/04/2025,09:31:32,53327,53321,240,53328,120,60,484620
BANKNIFTY-II.NFO,17/04/2025,09:31:34,53328,53329.2,240,53336.4,30,120,484620
BANKNIFTY-II.NFO,17/04/2025,09:31:35,53335.4,53337.2,30,53349.6,30,120,484620
BANKNIFTY-II.NFO,17/04/2025,09:31:36,53347.4,53338.8,240,53347.2,60,30,484620
BANKNIFTY-II.NFO,17/04/2025,09:31:37,53347.4,53341.8,30,53348.4,60,0,484620
BANKNIFTY-II.NFO,17/04/2025,09:31:39,53350,53344.6,240,53350,120,60,484620
BANKNIFTY-II.NFO,17/04/2025,09:31:40,53350,53342.8,240,53350,240,0,484620
BANKNIFTY-II.NFO,17/04/2025,09:31:41,53344.8,53343,330,53350.2,30,150,484620
BANKNIFTY-II.NFO,17/04/2025,09:31:42,53348.4,53336.4,30,53342.4,60,630,484620
BANKNIFTY-II.NFO,17/04/2025,09:31:44,53348.4,53340.6,90,53344.2,60,0,484620
BANKNIFTY-II.NFO,17/04/2025,09:31:45,53348.4,53338.6,90,53346.8,60,0,484620
BANKNIFTY-II.NFO,17/04/2025,09:31:46,53332.6,53330.4,30,53337.6,30,150,484620
BANKNIFTY-II.NFO,17/04/2025,09:31:47,53332.6,53333.6,30,53344.2,30,0,484620
BANKNIFTY-II.NFO,17/04/2025,09:31:49,53332.6,53338.4,60,53347.2,30,0,484620
BANKNIFTY-II.NFO,17/04/2025,09:31:50,53338.6,53332.8,240,53342.6,30,30,484620
BANKNIFTY-II.NFO,17/04/2025,09:31:51,53338.6,53334.6,30,53344.4,60,0,484620
BANKNIFTY-II.NFO,17/04/2025,09:31:52,53338.6,53340.8,60,53350.2,30,0,484620
BANKNIFTY-II.NFO,17/04/2025,09:31:54,53341.4,53332.6,60,53340.2,30,60,484620
BANKNIFTY-II.NFO,17/04/2025,09:31:55,53338.4,53338.6,30,53340.2,30,60,484620
BANKNIFTY-II.NFO,17/04/2025,09:31:56,53340.2,53339.2,240,53350.2,30,30,484620
BANKNIFTY-II.NFO,17/04/2025,09:31:57,53340.2,53343.4,240,53350.2,30,0,484620
BANKNIFTY-II.NFO,17/04/2025,09:31:59,53350.2,53350.4,240,53357,30,30,484620
BANKNIFTY-II.NFO,17/04/2025,09:32:00,53350.2,53352.2,60,53357,30,0,484620
BANKNIFTY-II.NFO,17/04/2025,09:32:01,53348.6,53350.6,60,53357,30,90,484620
BANKNIFTY-II.NFO,17/04/2025,09:32:02,53357,53354.6,60,53360.8,30,30,484620
BANKNIFTY-II.NFO,17/04/2025,09:32:04,53357,53350.6,60,53359,30,0,484620
BANKNIFTY-II.NFO,17/04/2025,09:32:05,53357,53344.8,60,53354.8,30,0,484620
BANKNIFTY-II.NFO,17/04/2025,09:32:06,53345,53346.4,60,53358.2,30,30,484620
BANKNIFTY-II.NFO,17/04/2025,09:32:07,53345,53351,300,53359.6,30,0,484620
BANKNIFTY-II.NFO,17/04/2025,09:32:09,53359.6,53353,60,53357,30,30,484620
BANKNIFTY-II.NFO,17/04/2025,09:32:10,53359.6,53351.8,240,53357,30,0,484620
BANKNIFTY-II.NFO,17/04/2025,09:32:11,53357,53357.2,60,53360.2,30,30,484620
BANKNIFTY-II.NFO,17/04/2025,09:32:12,53364.8,53358.4,60,53364.8,90,60,484620
BANKNIFTY-II.NFO,17/04/2025,09:32:14,53364.8,53358.6,60,53364.8,60,30,484620
BANKNIFTY-II.NFO,17/04/2025,09:32:15,53364.4,53371.4,60,53377,30,120,484620
BANKNIFTY-II.NFO,17/04/2025,09:32:16,53371.2,53371.2,60,53377,30,120,484620
BANKNIFTY-II.NFO,17/04/2025,09:32:17,53371.2,53368.6,60,53377,30,0,484620
BANKNIFTY-II.NFO,17/04/2025,09:32:19,53368.6,53370.6,240,53377,30,30,484620
BANKNIFTY-II.NFO,17/04/2025,09:32:20,53368.6,53370.8,60,53376.8,60,0,484620
BANKNIFTY-II.NFO,17/04/2025,09:32:21,53368.6,53362.6,90,53375.4,90,60,484620
BANKNIFTY-II.NFO,17/04/2025,09:32:22,53368.6,53365.8,90,53375.2,30,0,484620
BANKNIFTY-II.NFO,17/04/2025,09:32:24,53368.6,53366.4,60,53377,30,0,484620
BANKNIFTY-II.NFO,17/04/2025,09:32:25,53368.6,53368.4,150,53377,30,0,484620
BANKNIFTY-II.NFO,17/04/2025,09:32:26,53368.6,53360.6,60,53370.6,90,0,484620
BANKNIFTY-II.NFO,17/04/2025,09:32:27,53360.4,53356.2,60,53367.2,30,90,484620
BANKNIFTY-II.NFO,17/04/2025,09:32:29,53365.8,53366.2,30,53372.2,30,30,484620
BANKNIFTY-II.NFO,17/04/2025,09:32:30,53364.8,53362.4,90,53368.6,30,60,484620
BANKNIFTY-II.NFO,17/04/2025,09:32:31,53364.8,53358.6,60,53366.4,30,0,484620
BANKNIFTY-II.NFO,17/04/2025,09:32:32,53364.8,53354,60,53361,30,0,484620
BANKNIFTY-II.NFO,17/04/2025,09:32:34,53364.8,53354,60,53359.8,30,0,484620
BANKNIFTY-II.NFO,17/04/2025,09:32:35,53359.8,53356.4,60,53360.4,60,30,484620
BANKNIFTY-II.NFO,17/04/2025,09:32:36,53359.8,53352.4,90,53360.8,30,0,484620
BANKNIFTY-II.NFO,17/04/2025,09:32:37,53359.8,53350.8,60,53354.4,30,0,484620
BANKNIFTY-II.NFO,17/04/2025,09:32:39,53359.8,53350.2,210,53357.2,60,0,484620
BANKNIFTY-II.NFO,17/04/2025,09:32:40,53350.2,53350,60,53353.2,30,60,484620
BANKNIFTY-II.NFO,17/04/2025,09:32:41,53350.2,53351,90,53356,30,30,484620
BANKNIFTY-II.NFO,17/04/2025,09:32:43,53350.2,53358.8,30,53364.8,30,0,484620
BANKNIFTY-II.NFO,17/04/2025,09:32:44,53350.2,53358.8,30,53364.8,60,0,484620
BANKNIFTY-II.NFO,17/04/2025,09:32:45,53350.2,53359.4,60,53364.8,30,0,484620
BANKNIFTY-II.NFO,17/04/2025,09:32:46,53350.2,53359.2,60,53362.6,60,0,484620
BANKNIFTY-II.NFO,17/04/2025,09:32:48,53356.4,53356.2,60,53360.4,30,60,484620
BANKNIFTY-II.NFO,17/04/2025,09:32:49,53356,53352.6,60,53357,30,30,484620
BANKNIFTY-II.NFO,17/04/2025,09:32:50,53356,53352.6,60,53357,30,0,484620
BANKNIFTY-II.NFO,17/04/2025,09:32:53,53356,53352.6,60,53356,30,0,484620
BANKNIFTY-II.NFO,17/04/2025,09:32:54,53355.4,53355.4,120,53355.8,60,60,484620
BANKNIFTY-II.NFO,17/04/2025,09:32:55,53353,53350.2,300,53353.8,60,270,484620
BANKNIFTY-II.NFO,17/04/2025,09:32:56,53350,53345,60,53348.2,60,660,484620
BANKNIFTY-II.NFO,17/04/2025,09:32:58,53340,53339.8,90,53342.8,30,90,484620
BANKNIFTY-II.NFO,17/04/2025,09:32:59,53340,53338.4,30,53338.8,30,0,484620
BANKNIFTY-II.NFO,17/04/2025,09:33:00,53352.4,53353.4,60,53354.8,60,150,484620
BANKNIFTY-II.NFO,17/04/2025,09:33:01,53353.4,53343.2,90,53349.6,30,60,484620
BANKNIFTY-II.NFO,17/04/2025,09:33:03,53353.4,53344,90,53349.4,60,0,484620
BANKNIFTY-II.NFO,17/04/2025,09:33:04,53353.4,53344,90,53349.4,30,0,484620
BANKNIFTY-II.NFO,17/04/2025,09:33:05,53353.4,53343.6,120,53349.4,30,0,484620
BANKNIFTY-II.NFO,17/04/2025,09:33:08,53350,53344.8,60,53350,120,150,484620
BANKNIFTY-II.NFO,17/04/2025,09:33:09,53351.2,53345.8,90,53351.6,30,180,484620
BANKNIFTY-II.NFO,17/04/2025,09:33:10,53338.4,53336.4,90,53346.6,60,300,484620
BANKNIFTY-II.NFO,17/04/2025,09:33:11,53338.4,53342,150,53346.6,60,0,484620
BANKNIFTY-II.NFO,17/04/2025,09:33:13,53338.4,53336.8,150,53340.6,30,0,484620
BANKNIFTY-II.NFO,17/04/2025,09:33:14,53337.6,53330,30,53333,60,150,484620
BANKNIFTY-II.NFO,17/04/2025,09:33:15,53330,53331.2,60,53336.2,30,30,484620
BANKNIFTY-II.NFO,17/04/2025,09:33:16,53337.4,53328.2,30,53335,30,60,484620
BANKNIFTY-II.NFO,17/04/2025,09:33:18,53326.8,53323.4,150,53328.2,60,30,484620
BANKNIFTY-II.NFO,17/04/2025,09:33:19,53326.8,53325.4,90,53336.4,60,0,484620
BANKNIFTY-II.NFO,17/04/2025,09:33:20,53326.8,53325.4,90,53330.8,90,0,484620
BANKNIFTY-II.NFO,17/04/2025,09:33:21,53326.8,53324.4,60,53330.8,30,0,484620
BANKNIFTY-II.NFO,17/04/2025,09:33:22,53326.8,53332.2,90,53339.2,60,0,484620
BANKNIFTY-II.NFO,17/04/2025,09:33:24,53332.2,53334.4,60,53341,30,30,484620
BANKNIFTY-II.NFO,17/04/2025,09:33:25,53332.2,53334,150,53337.8,30,0,484620
BANKNIFTY-II.NFO,17/04/2025,09:33:26,53341,53341.4,30,53341.6,30,30,484620
BANKNIFTY-II.NFO,17/04/2025,09:33:27,53347.2,53344.6,240,53354.4,300,60,484620
BANKNIFTY-II.NFO,17/04/2025,09:33:29,53350.2,53350.2,90,53351.2,60,210,484620
BANKNIFTY-II.NFO,17/04/2025,09:33:30,53350.2,53343,240,53347,30,120,484620
BANKNIFTY-II.NFO,17/04/2025,09:33:31,53343.8,53346.6,150,53354.4,270,30,484620
BANKNIFTY-II.NFO,17/04/2025,09:33:32,53343.8,53348.2,30,53353.2,30,0,484620
BANKNIFTY-II.NFO,17/04/2025,09:33:34,53354.4,53347.6,60,53352.8,30,120,484620
BANKNIFTY-II.NFO,17/04/2025,09:33:35,53354.4,53344.8,60,53349.8,30,0,484620
BANKNIFTY-II.NFO,17/04/2025,09:33:36,53354.4,53341.8,60,53349.8,60,0,484620
BANKNIFTY-II.NFO,17/04/2025,09:33:37,53351.8,53341.6,180,53349.2,30,120,485310
BANKNIFTY-II.NFO,17/04/2025,09:33:39,53351,53346,60,53352,30,60,485310
BANKNIFTY-II.NFO,17/04/2025,09:33:40,53345.8,53344.2,150,53348.8,30,30,485310
BANKNIFTY-II.NFO,17/04/2025,09:33:41,53345.8,53348.4,90,53354.4,120,0,485310
BANKNIFTY-II.NFO,17/04/2025,09:33:42,53357,53358.2,60,53362.2,30,180,485310
BANKNIFTY-II.NFO,17/04/2025,09:33:44,53358,53356.6,60,53360.2,30,30,485310
BANKNIFTY-II.NFO,17/04/2025,09:33:45,53360.2,53355.4,60,53360.8,30,30,485310
BANKNIFTY-II.NFO,17/04/2025,09:33:46,53356.4,53356.6,90,53360.8,30,60,485310
BANKNIFTY-II.NFO,17/04/2025,09:33:47,53356.4,53357.6,150,53360.8,30,0,485310
BANKNIFTY-II.NFO,17/04/2025,09:33:49,53369.2,53369,60,53372.4,30,210,485310
BANKNIFTY-II.NFO,17/04/2025,09:33:50,53380.6,53380.8,60,53386.8,60,120,485310
BANKNIFTY-II.NFO,17/04/2025,09:33:51,53382.2,53381.6,120,53385,60,60,485310
BANKNIFTY-II.NFO,17/04/2025,09:33:52,53368.8,53369.2,90,53371.8,30,330,485310
BANKNIFTY-II.NFO,17/04/2025,09:33:54,53366.8,53369.4,120,53374.2,60,60,485310
BANKNIFTY-II.NFO,17/04/2025,09:33:55,53366.8,53370.2,90,53376,30,0,485310
BANKNIFTY-II.NFO,17/04/2025,09:33:56,53366.8,53370.4,30,53376,30,0,485310
BANKNIFTY-II.NFO,17/04/2025,09:33:57,53366.8,53374.4,150,53380,30,0,485310
BANKNIFTY-II.NFO,17/04/2025,09:33:59,53374.4,53362.6,90,53377.2,60,150,485310
BANKNIFTY-II.NFO,17/04/2025,09:34:00,53374.4,53363.2,90,53365.2,60,0,485310
BANKNIFTY-II.NFO,17/04/2025,09:34:01,53360.4,53355,90,53360.6,30,120,485310
BANKNIFTY-II.NFO,17/04/2025,09:34:02,53362.8,53355,90,53361,30,30,485310
BANKNIFTY-II.NFO,17/04/2025,09:34:04,53362.8,53356.2,90,53364.4,60,0,485310
BANKNIFTY-II.NFO,17/04/2025,09:34:05,53358.8,53359.8,90,53367.4,30,30,485310
BANKNIFTY-II.NFO,17/04/2025,09:34:06,53358.8,53360.4,60,53367.4,30,0,485310
BANKNIFTY-II.NFO,17/04/2025,09:34:07,53367.2,53361.4,60,53367.2,30,60,485310
BANKNIFTY-II.NFO,17/04/2025,09:34:09,53367.2,53364.2,150,53367.2,30,0,485310
BANKNIFTY-II.NFO,17/04/2025,09:34:10,53367.2,53364.6,60,53370.6,90,60,485310
BANKNIFTY-II.NFO,17/04/2025,09:34:11,53367.2,53366.2,120,53371.6,30,0,485310
BANKNIFTY-II.NFO,17/04/2025,09:34:12,53357,53362.6,90,53370.6,60,240,485310
BANKNIFTY-II.NFO,17/04/2025,09:34:13,53359,53358.8,60,53366.2,240,60,485310
BANKNIFTY-II.NFO,17/04/2025,09:34:15,53359,53356.4,90,53365.8,30,0,485310
BANKNIFTY-II.NFO,17/04/2025,09:34:16,53359,53356.6,60,53363.8,30,0,485310
BANKNIFTY-II.NFO,17/04/2025,09:34:17,53359,53361.8,60,53366,30,0,485310
BANKNIFTY-II.NFO,17/04/2025,09:34:18,53371.8,53364.6,210,53369,30,1020,485310
BANKNIFTY-II.NFO,17/04/2025,09:34:20,53371.8,53361.2,90,53368.4,30,0,485310
BANKNIFTY-II.NFO,17/04/2025,09:34:21,53371.8,53362.2,150,53368.2,30,0,485310
BANKNIFTY-II.NFO,17/04/2025,09:34:22,53371.8,53360.6,60,53368,60,0,485310
BANKNIFTY-II.NFO,17/04/2025,09:34:23,53366,53357,60,53364.6,30,90,485310
BANKNIFTY-II.NFO,17/04/2025,09:34:25,53366,53354.4,60,53360,30,0,485310
BANKNIFTY-II.NFO,17/04/2025,09:34:26,53366,53351.8,30,53359.6,60,0,485310
BANKNIFTY-II.NFO,17/04/2025,09:34:27,53351.8,53351,30,53353.6,60,30,485310
BANKNIFTY-II.NFO,17/04/2025,09:34:28,53357.4,53351.2,60,53357.8,60,150,485310
BANKNIFTY-II.NFO,17/04/2025,09:34:30,53357.4,53351.2,60,53357.4,60,0,485310
BANKNIFTY-II.NFO,17/04/2025,09:34:31,53357.4,53351.2,60,53355.4,60,0,485310
BANKNIFTY-II.NFO,17/04/2025,09:34:32,53357.4,53351.4,60,53357,60,0,485310
BANKNIFTY-II.NFO,17/04/2025,09:34:33,53355.4,53351.2,60,53352,30,30,485310
BANKNIFTY-II.NFO,17/04/2025,09:34:35,53351,53352.2,30,53353.8,30,30,485310
BANKNIFTY-II.NFO,17/04/2025,09:34:36,53354,53354,60,53356.8,60,60,485310
BANKNIFTY-II.NFO,17/04/2025,09:34:37,53357.4,53356.6,150,53357.4,390,150,485310
BANKNIFTY-II.NFO,17/04/2025,09:34:38,53357.4,53355.2,60,53357.2,30,390,485310
BANKNIFTY-II.NFO,17/04/2025,09:34:40,53357.2,53354.6,60,53359.6,30,90,485310
BANKNIFTY-II.NFO,17/04/2025,09:34:41,53352.6,53352.6,60,53355,60,30,485310
BANKNIFTY-II.NFO,17/04/2025,09:34:42,53352.6,53350,30,53355,90,0,485310
BANKNIFTY-II.NFO,17/04/2025,09:34:45,53355,53350.2,60,53352.2,60,120,485310
BANKNIFTY-II.NFO,17/04/2025,09:34:46,53355,53350,30,53352,60,0,485310
BANKNIFTY-II.NFO,17/04/2025,09:34:47,53350,53346.8,60,53352.2,30,30,485310
BANKNIFTY-II.NFO,17/04/2025,09:34:48,53350,53346.8,60,53352,30,0,485310
BANKNIFTY-II.NFO,17/04/2025,09:34:50,53350,53347,60,53352,30,0,485310
BANKNIFTY-II.NFO,17/04/2025,09:34:51,53350,53347.8,150,53352,30,0,485310
BANKNIFTY-II.NFO,17/04/2025,09:34:52,53353,53350.8,240,53356.2,30,90,485310
BANKNIFTY-II.NFO,17/04/2025,09:34:53,53352.6,53354.4,30,53356.2,30,60,485310
BANKNIFTY-II.NFO,17/04/2025,09:34:55,53360,53360.6,30,53361.4,30,30,485310
BANKNIFTY-II.NFO,17/04/2025,09:34:56,53360.6,53360.6,60,53364.6,30,30,485310
BANKNIFTY-II.NFO,17/04/2025,09:34:57,53360,53351.6,60,53356.2,30,150,485310
BANKNIFTY-II.NFO,17/04/2025,09:34:58,53351.8,53355.2,60,53363.4,120,30,485310
BANKNIFTY-II.NFO,17/04/2025,09:35:00,53351.8,53357.6,60,53363,60,0,485310
BANKNIFTY-II.NFO,17/04/2025,09:35:01,53357.6,53352.4,150,53359.8,60,30,485310
BANKNIFTY-II.NFO,17/04/2025,09:35:02,53357.6,53349.8,60,53356.6,30,0,485310
BANKNIFTY-II.NFO,17/04/2025,09:35:03,53357.6,53349.8,60,53356.4,30,0,485310
BANKNIFTY-II.NFO,17/04/2025,09:35:05,53350.8,53352,60,53356.4,30,30,485310
BANKNIFTY-II.NFO,17/04/2025,09:35:06,53350.8,53349.8,150,53356.2,30,0,485310
BANKNIFTY-II.NFO,17/04/2025,09:35:07,53350.8,53348,60,53355.8,30,0,485310
BANKNIFTY-II.NFO,17/04/2025,09:35:08,53350.8,53347.8,90,53354,60,0,485310
BANKNIFTY-II.NFO,17/04/2025,09:35:10,53356.4,53348,60,53356.6,30,270,485310
BANKNIFTY-II.NFO,17/04/2025,09:35:11,53356.4,53347.4,60,53349.8,30,0,485310
BANKNIFTY-II.NFO,17/04/2025,09:35:12,53356.4,53349.2,60,53349.6,30,0,485310
BANKNIFTY-II.NFO,17/04/2025,09:35:13,53349.8,53350.2,30,53358.4,30,60,485310
BANKNIFTY-II.NFO,17/04/2025,09:35:15,53349.8,53350,60,53352.6,60,0,485310
BANKNIFTY-II.NFO,17/04/2025,09:35:16,53349.8,53344.2,60,53351.8,30,0,485310
BANKNIFTY-II.NFO,17/04/2025,09:35:17,53349.8,53344.4,90,53354.6,30,0,485310
BANKNIFTY-II.NFO,17/04/2025,09:35:18,53349.8,53344.6,60,53354.2,30,0,485310
BANKNIFTY-II.NFO,17/04/2025,09:35:20,53354.8,53344.4,90,53352,60,90,485310
BANKNIFTY-II.NFO,17/04/2025,09:35:21,53354.8,53344.4,90,53352,60,0,485310
BANKNIFTY-II.NFO,17/04/2025,09:35:22,53354.8,53344.4,30,53352,60,0,485310
BANKNIFTY-II.NFO,17/04/2025,09:35:23,53344.4,53344.4,90,53352,60,30,485310
BANKNIFTY-II.NFO,17/04/2025,09:35:25,53344.4,53347.6,60,53352,60,0,485310
BANKNIFTY-II.NFO,17/04/2025,09:35:26,53344.4,53351.6,210,53351.8,60,0,485310
BANKNIFTY-II.NFO,17/04/2025,09:35:27,53360.2,53360.2,150,53364.2,30,180,485310
BANKNIFTY-II.NFO,17/04/2025,09:35:28,53360.2,53357.8,60,53362.6,30,0,485310
BANKNIFTY-II.NFO,17/04/2025,09:35:30,53360.2,53357.8,60,53362.2,30,0,485310
BANKNIFTY-II.NFO,17/04/2025,09:35:31,53360.2,53357.8,60,53361.6,30,0,485310
BANKNIFTY-II.NFO,17/04/2025,09:35:32,53360.2,53358.2,150,53361.6,30,0,485310
BANKNIFTY-II.NFO,17/04/2025,09:35:33,53360.2,53361,150,53361.4,30,0,485310
BANKNIFTY-II.NFO,17/04/2025,09:35:35,53360.8,53352.8,150,53355,30,150,485310
BANKNIFTY-II.NFO,17/04/2025,09:35:36,53352.2,53352,30,53352.6,30,30,485310
BANKNIFTY-II.NFO,17/04/2025,09:35:37,53353,53352,30,53357,30,150,485310
BANKNIFTY-II.NFO,17/04/2025,09:35:38,53353,53352,30,53354.8,60,0,485310
BANKNIFTY-II.NFO,17/04/2025,09:35:40,53352,53346.4,90,53353,60,30,485310
BANKNIFTY-II.NFO,17/04/2025,09:35:41,53352,53345.6,60,53350.6,60,0,485310
BANKNIFTY-II.NFO,17/04/2025,09:35:42,53352,53343.6,90,53350.8,30,0,485310
BANKNIFTY-II.NFO,17/04/2025,09:35:45,53350.6,53343.8,90,53350.8,30,30,485310
BANKNIFTY-II.NFO,17/04/2025,09:35:46,53343.8,53343.6,90,53350.6,30,60,485310
BANKNIFTY-II.NFO,17/04/2025,09:35:47,53350.6,53345.2,60,53350.8,30,30,485310
BANKNIFTY-II.NFO,17/04/2025,09:35:48,53356.2,53345,60,53350.6,30,210,485310
BANKNIFTY-II.NFO,17/04/2025,09:35:50,53356.2,53344.8,150,53350.6,30,0,485310
BANKNIFTY-II.NFO,17/04/2025,09:35:51,53356.2,53345.6,60,53350.6,30,0,485310
BANKNIFTY-II.NFO,17/04/2025,09:35:52,53350.6,53351,60,53356.4,60,30,485310
BANKNIFTY-II.NFO,17/04/2025,09:35:53,53344.4,53342.6,60,53350.2,60,240,485310
BANKNIFTY-II.NFO,17/04/2025,09:35:55,53344.4,53341.2,60,53344.6,30,0,485310
BANKNIFTY-II.NFO,17/04/2025,09:35:56,53340,53342.6,60,53348.4,150,30,485310
BANKNIFTY-II.NFO,17/04/2025,09:35:57,53343.6,53337.4,60,53341.6,150,30,485310
BANKNIFTY-II.NFO,17/04/2025,09:35:58,53343.6,53337.4,60,53341.4,30,0,485310
BANKNIFTY-II.NFO,17/04/2025,09:36:02,53343.6,53338,240,53341.4,30,0,485310
BANKNIFTY-II.NFO,17/04/2025,09:36:03,53341.4,53348.8,90,53357,60,30,485310
BANKNIFTY-II.NFO,17/04/2025,09:36:05,53341.4,53358.2,60,53366,30,0,485310
BANKNIFTY-II.NFO,17/04/2025,09:36:06,53341.4,53360,60,53365.8,30,0,485310
BANKNIFTY-II.NFO,17/04/2025,09:36:07,53341.4,53359.8,150,53365.8,30,0,485310
BANKNIFTY-II.NFO,17/04/2025,09:36:08,53341.4,53359.2,60,53365.8,30,0,485310
BANKNIFTY-II.NFO,17/04/2025,09:36:10,53372.8,53372.6,90,53380,390,210,485310
BANKNIFTY-II.NFO,17/04/2025,09:36:11,53372.8,53377.2,150,53380,390,0,485310
BANKNIFTY-II.NFO,17/04/2025,09:36:12,53380,53382,30,53387,30,450,485310
BANKNIFTY-II.NFO,17/04/2025,09:36:13,53378.8,53376.2,60,53382,60,150,485310
BANKNIFTY-II.NFO,17/04/2025,09:36:14,53378.8,53368.4,60,53372.4,60,0,485310
BANKNIFTY-II.NFO,17/04/2025,09:36:16,53362.8,53361.4,240,53366.4,30,120,485310
BANKNIFTY-II.NFO,17/04/2025,09:36:17,53359,53358.6,240,53361.4,30,30,485310
BANKNIFTY-II.NFO,17/04/2025,09:36:18,53375.6,53368.4,90,53376.4,60,210,485310
BANKNIFTY-II.NFO,17/04/2025,09:36:19,53375.6,53364,90,53372.6,60,0,485310
BANKNIFTY-II.NFO,17/04/2025,09:36:21,53375.6,53359.6,90,53373.2,60,0,485310
BANKNIFTY-II.NFO,17/04/2025,09:36:22,53375.6,53357.8,90,53367.2,240,0,485310
BANKNIFTY-II.NFO,17/04/2025,09:36:23,53375.6,53355.6,90,53363.2,30,0,485310
BANKNIFTY-II.NFO,17/04/2025,09:36:24,53363.8,53355.6,90,53367,30,60,485310
BANKNIFTY-II.NFO,17/04/2025,09:36:26,53363.8,53352.4,60,53365.4,30,0,485310
BANKNIFTY-II.NFO,17/04/2025,09:36:27,53365.2,53356.6,60,53365.4,30,30,485310
BANKNIFTY-II.NFO,17/04/2025,09:36:28,53365.2,53355,90,53361.8,30,0,485310
BANKNIFTY-II.NFO,17/04/2025,09:36:29,53355.2,53346.8,90,53355.8,30,30,485310
BANKNIFTY-II.NFO,17/04/2025,09:36:31,53355.2,53350,150,53353.2,60,0,485310
BANKNIFTY-II.NFO,17/04/2025,09:36:32,53353,53350,150,53351.6,30,30,485310
BANKNIFTY-II.NFO,17/04/2025,09:36:33,53353,53350,150,53355,30,0,485310
BANKNIFTY-II.NFO,17/04/2025,09:36:34,53354.6,53350,150,53355,30,30,485310
BANKNIFTY-II.NFO,17/04/2025,09:36:36,53354.6,53354.6,60,53364.4,30,0,485310
BANKNIFTY-II.NFO,17/04/2025,09:36:37,53354.6,53356.4,240,53364.2,30,0,485310
BANKNIFTY-II.NFO,17/04/2025,09:36:38,53354.6,53355.4,60,53364.2,30,0,485310
BANKNIFTY-II.NFO,17/04/2025,09:36:39,53354.6,53355.2,60,53364,30,0,485310
BANKNIFTY-II.NFO,17/04/2025,09:36:41,53354.6,53359.6,60,53368.4,30,0,485310
BANKNIFTY-II.NFO,17/04/2025,09:36:42,53354.6,53359.6,60,53367.2,30,0,485310
BANKNIFTY-II.NFO,17/04/2025,09:36:43,53354.6,53354.4,300,53365,120,0,485310
BANKNIFTY-II.NFO,17/04/2025,09:36:44,53363.8,53357.2,120,53367.8,30,30,485310
BANKNIFTY-II.NFO,17/04/2025,09:36:46,53367.4,53358,30,53367.8,30,30,485070
BANKNIFTY-II.NFO,17/04/2025,09:36:47,53367.4,53360,30,53368.2,120,0,485070
BANKNIFTY-II.NFO,17/04/2025,09:36:48,53367.4,53366.6,60,53375,180,0,485070
BANKNIFTY-II.NFO,17/04/2025,09:36:49,53367.4,53367,30,53374.8,90,0,485070
BANKNIFTY-II.NFO,17/04/2025,09:36:51,53367,53366.8,60,53372.4,60,30,485070
BANKNIFTY-II.NFO,17/04/2025,09:36:52,53363.4,53358.8,30,53365.8,30,120,485070
BANKNIFTY-II.NFO,17/04/2025,09:36:53,53360,53360.6,30,53369.2,60,60,485070
BANKNIFTY-II.NFO,17/04/2025,09:36:54,53360,53365.4,30,53373.2,60,0,485070
BANKNIFTY-II.NFO,17/04/2025,09:36:56,53360,53365.2,30,53371.6,30,0,485070
BANKNIFTY-II.NFO,17/04/2025,09:36:57,53360,53364,90,53370.8,30,0,485070
BANKNIFTY-II.NFO,17/04/2025,09:36:58,53360,53363,60,53370.8,30,0,485070
BANKNIFTY-II.NFO,17/04/2025,09:36:59,53355.2,53354.6,30,53361.4,60,480,485070
BANKNIFTY-II.NFO,17/04/2025,09:37:01,53355.2,53354.6,30,53361.4,30,0,485070
BANKNIFTY-II.NFO,17/04/2025,09:37:02,53360.4,53352.8,270,53369.6,60,30,485070
BANKNIFTY-II.NFO,17/04/2025,09:37:03,53370,53363.2,150,53370,30,150,485070
BANKNIFTY-II.NFO,17/04/2025,09:37:04,53370,53360.4,240,53368.8,30,0,485070
BANKNIFTY-II.NFO,17/04/2025,09:37:06,53361.6,53362.4,240,53368,30,60,485070
BANKNIFTY-II.NFO,17/04/2025,09:37:07,53361.6,53362.8,120,53367.8,30,0,485070
BANKNIFTY-II.NFO,17/04/2025,09:37:08,53352,53346.6,30,53352.4,30,240,485070
BANKNIFTY-II.NFO,17/04/2025,09:37:10,53352,53346.4,30,53354,30,0,485070
BANKNIFTY-II.NFO,17/04/2025,09:37:11,53352,53343.2,30,53350.8,60,0,485070
BANKNIFTY-II.NFO,17/04/2025,09:37:12,53352,53343.8,30,53353.2,60,0,485070
BANKNIFTY-II.NFO,17/04/2025,09:37:13,53355,53347.8,180,53355.8,30,30,485070
BANKNIFTY-II.NFO,17/04/2025,09:37:15,53355,53346.4,30,53354,30,0,485070
BANKNIFTY-II.NFO,17/04/2025,09:37:16,53355,53346.6,60,53354,30,0,485070
BANKNIFTY-II.NFO,17/04/2025,09:37:17,53344,53341.6,240,53353.2,30,30,485070
BANKNIFTY-II.NFO,17/04/2025,09:37:18,53351.8,53341.4,60,53352.6,60,60,485070
BANKNIFTY-II.NFO,17/04/2025,09:37:20,53351.8,53341.4,60,53350.6,30,0,485070
BANKNIFTY-II.NFO,17/04/2025,09:37:21,53351.8,53341.4,60,53353,30,0,485070
BANKNIFTY-II.NFO,17/04/2025,09:37:22,53347.4,53341.4,60,53351.2,60,30,485070
BANKNIFTY-II.NFO,17/04/2025,09:37:23,53341.4,53340,30,53350.8,60,30,485070
BANKNIFTY-II.NFO,17/04/2025,09:37:25,53341.4,53340,180,53350.8,60,0,485070
BANKNIFTY-II.NFO,17/04/2025,09:37:26,53341.4,53342,150,53350.8,60,0,485070
BANKNIFTY-II.NFO,17/04/2025,09:37:27,53341.4,53342.6,150,53351.6,60,0,485070
BANKNIFTY-II.NFO,17/04/2025,09:37:28,53341.4,53345.4,150,53351.6,30,0,485070
BANKNIFTY-II.NFO,17/04/2025,09:37:30,53341.4,53341.6,60,53351.4,30,0,485070
BANKNIFTY-II.NFO,17/04/2025,09:37:31,53351.6,53340.8,150,53351.6,30,120,485070
BANKNIFTY-II.NFO,17/04/2025,09:37:32,53351.6,53343.8,60,53351.4,30,0,485070
BANKNIFTY-II.NFO,17/04/2025,09:37:33,53352,53346.2,390,53358,30,90,485070
BANKNIFTY-II.NFO,17/04/2025,09:37:35,53352,53347.6,60,53360.2,60,0,485070
BANKNIFTY-II.NFO,17/04/2025,09:37:36,53358,53351.8,60,53359.8,240,30,485070
BANKNIFTY-II.NFO,17/04/2025,09:37:37,53351.6,53346.4,60,53353.4,60,60,485070
BANKNIFTY-II.NFO,17/04/2025,09:37:38,53351.6,53346.4,60,53358.6,30,0,485070
BANKNIFTY-II.NFO,17/04/2025,09:37:40,53346.4,53349.8,240,53363.6,30,60,485070
BANKNIFTY-II.NFO,17/04/2025,09:37:41,53364.2,53350.6,150,53363.6,90,30,485070
BANKNIFTY-II.NFO,17/04/2025,09:37:42,53364.2,53347.2,240,53351.6,30,0,485070
BANKNIFTY-II.NFO,17/04/2025,09:37:43,53363.8,53356.6,60,53367,30,60,485070
BANKNIFTY-II.NFO,17/04/2025,09:37:45,53363.8,53354.8,150,53365.6,60,0,485070
BANKNIFTY-II.NFO,17/04/2025,09:37:46,53363.8,53350.4,150,53361.8,30,0,485070
BANKNIFTY-II.NFO,17/04/2025,09:37:47,53363.8,53350.6,60,53362.6,240,0,485070
BANKNIFTY-II.NFO,17/04/2025,09:37:48,53363.8,53348,60,53354.8,300,0,485070
BANKNIFTY-II.NFO,17/04/2025,09:37:50,53363.8,53340.2,60,53347.4,240,0,485070
BANKNIFTY-II.NFO,17/04/2025,09:37:51,53363.8,53341.4,30,53348.6,30,0,485070
BANKNIFTY-II.NFO,17/04/2025,09:37:52,53348.6,53354.4,30,53366.8,60,30,485070
BANKNIFTY-II.NFO,17/04/2025,09:37:53,53348.6,53356,60,53367,30,0,485070
BANKNIFTY-II.NFO,17/04/2025,09:37:55,53348.6,53358.6,60,53367,30,0,485070
BANKNIFTY-II.NFO,17/04/2025,09:37:56,53348.6,53355.2,30,53365.2,60,0,485070
BANKNIFTY-II.NFO,17/04/2025,09:37:57,53348.6,53359,60,53367,30,0,485070
BANKNIFTY-II.NFO,17/04/2025,09:38:00,53348.6,53359.2,60,53367,30,0,485070
BANKNIFTY-II.NFO,17/04/2025,09:38:01,53348.6,53359.6,60,53367,30,0,485070
BANKNIFTY-II.NFO,17/04/2025,09:38:02,53348.6,53359.4,30,53366.8,30,0,485070
BANKNIFTY-II.NFO,17/04/2025,09:38:03,53348.6,53360.6,300,53366.6,30,0,485070
BANKNIFTY-II.NFO,17/04/2025,09:38:05,53348.6,53361.6,60,53366.4,30,0,485070
BANKNIFTY-II.NFO,17/04/2025,09:38:06,53366.4,53362.4,150,53366.6,30,30,485070
BANKNIFTY-II.NFO,17/04/2025,09:38:07,53366.6,53361.6,60,53366.4,30,30,485070
BANKNIFTY-II.NFO,17/04/2025,09:38:08,53366.6,53361.6,60,53366.4,30,0,485070
BANKNIFTY-II.NFO,17/04/2025,09:38:10,53366.4,53359.8,30,53366.6,30,30,485070
BANKNIFTY-II.NFO,17/04/2025,09:38:11,53366.4,53362,60,53366.6,30,0,485070
BANKNIFTY-II.NFO,17/04/2025,09:38:13,53365,53362,60,53366.4,30,30,485070
BANKNIFTY-II.NFO,17/04/2025,09:38:15,53365,53362.8,240,53366.2,30,0,485070
BANKNIFTY-II.NFO,17/04/2025,09:38:16,53365,53362,210,53366.2,30,0,485070
BANKNIFTY-II.NFO,17/04/2025,09:38:17,53362,53362,60,53366.2,30,30,485070
BANKNIFTY-II.NFO,17/04/2025,09:38:18,53362,53362,60,53366,30,0,485070
BANKNIFTY-II.NFO,17/04/2025,09:38:22,53366,53362,60,53366.2,30,30,485070
BANKNIFTY-II.NFO,17/04/2025,09:38:23,53366,53359.2,90,53366,30,0,485070
BANKNIFTY-II.NFO,17/04/2025,09:38:26,53365.8,53359.2,90,53365.8,30,30,485070
BANKNIFTY-II.NFO,17/04/2025,09:38:27,53365.8,53360,60,53365.8,30,0,485070
BANKNIFTY-II.NFO,17/04/2025,09:38:30,53365.8,53360.2,60,53365.8,30,0,485070
BANKNIFTY-II.NFO,17/04/2025,09:38:32,53365.8,53360,150,53365.6,30,0,485070
BANKNIFTY-II.NFO,17/04/2025,09:38:33,53360,53360,150,53365.4,60,30,485070
BANKNIFTY-II.NFO,17/04/2025,09:38:35,53360,53360,150,53365.4,60,0,485070
BANKNIFTY-II.NFO,17/04/2025,09:38:36,53360,53360,150,53365.6,30,0,485070
BANKNIFTY-II.NFO,17/04/2025,09:38:38,53360,53360,150,53365.4,30,0,485070
BANKNIFTY-II.NFO,17/04/2025,09:38:40,53360,53358,30,53361.4,60,60,485070
BANKNIFTY-II.NFO,17/04/2025,09:38:41,53358,53351.2,90,53359,60,30,485070
BANKNIFTY-II.NFO,17/04/2025,09:38:42,53358,53350,90,53355.4,180,0,485070
BANKNIFTY-II.NFO,17/04/2025,09:38:43,53350,53342.8,90,53351.6,60,90,485070
BANKNIFTY-II.NFO,17/04/2025,09:38:45,53350,53342.8,90,53355.8,30,0,485070
BANKNIFTY-II.NFO,17/04/2025,09:38:46,53350,53348.6,90,53357.8,30,0,485070
BANKNIFTY-II.NFO,17/04/2025,09:38:47,53350,53347.6,60,53357.2,60,0,485070
BANKNIFTY-II.NFO,17/04/2025,09:38:48,53350,53350.2,60,53356.8,30,0,485070
BANKNIFTY-II.NFO,17/04/2025,09:38:50,53350,53353.4,60,53356.8,30,0,485070
BANKNIFTY-II.NFO,17/04/2025,09:38:51,53357.8,53356.2,30,53360.8,30,90,485070
BANKNIFTY-II.NFO,17/04/2025,09:38:52,53357.8,53357.6,60,53360.8,30,0,485070
BANKNIFTY-II.NFO,17/04/2025,09:38:53,53357.8,53358.4,150,53360.8,30,0,485070
BANKNIFTY-II.NFO,17/04/2025,09:38:55,53357.8,53356.6,30,53360.8,30,0,485070
BANKNIFTY-II.NFO,17/04/2025,09:38:56,53357.8,53356.6,90,53360.8,30,0,485070
BANKNIFTY-II.NFO,17/04/2025,09:38:57,53357.8,53356.6,90,53360.6,30,0,485070
BANKNIFTY-II.NFO,17/04/2025,09:38:58,53357.8,53356.6,90,53360.4,30,0,485070
BANKNIFTY-II.NFO,17/04/2025,09:39:00,53357.8,53356.4,30,53359.6,60,0,485070
BANKNIFTY-II.NFO,17/04/2025,09:39:01,53357.8,53356.4,30,53360.4,30,0,485070
BANKNIFTY-II.NFO,17/04/2025,09:39:02,53357.8,53353.6,90,53359.4,60,0,485070
BANKNIFTY-II.NFO,17/04/2025,09:39:03,53350.6,53350.4,30,53360.4,30,120,485070
BANKNIFTY-II.NFO,17/04/2025,09:39:05,53352.2,53352.2,30,53360.4,30,90,485070
BANKNIFTY-II.NFO,17/04/2025,09:39:06,53352.2,53354.2,30,53360.4,30,0,485070
BANKNIFTY-II.NFO,17/04/2025,09:39:07,53352.2,53355.6,150,53360.4,30,0,485070
BANKNIFTY-II.NFO,17/04/2025,09:39:08,53352.2,53358.2,30,53360.4,30,0,485070
BANKNIFTY-II.NFO,17/04/2025,09:39:12,53352.2,53358.2,30,53360.2,30,0,485070
BANKNIFTY-II.NFO,17/04/2025,09:39:13,53352.2,53356,30,53360.2,30,0,485070
BANKNIFTY-II.NFO,17/04/2025,09:39:18,53352.8,53353,60,53360.2,30,30,485070
BANKNIFTY-II.NFO,17/04/2025,09:39:20,53365.2,53355.8,90,53365.8,60,60,485070
BANKNIFTY-II.NFO,17/04/2025,09:39:21,53365.2,53355.8,90,53365.6,30,0,485070
BANKNIFTY-II.NFO,17/04/2025,09:39:22,53365.2,53355.8,90,53365.4,60,0,485070
BANKNIFTY-II.NFO,17/04/2025,09:39:24,53365.2,53355.8,90,53365.6,30,0,485070
BANKNIFTY-II.NFO,17/04/2025,09:39:25,53365.4,53357.8,60,53365.6,30,60,485070
BANKNIFTY-II.NFO,17/04/2025,09:39:26,53365.4,53358.2,60,53365.6,30,0,485070
BANKNIFTY-II.NFO,17/04/2025,09:39:27,53365.4,53360.8,60,53365.4,60,0,485070
BANKNIFTY-II.NFO,17/04/2025,09:39:30,53360.8,53360.2,60,53365.4,60,30,485070
BANKNIFTY-II.NFO,17/04/2025,09:39:31,53360.2,53360,60,53365.4,60,30,485070
BANKNIFTY-II.NFO,17/04/2025,09:39:32,53360.2,53360,90,53365.6,30,0,485070
BANKNIFTY-II.NFO,17/04/2025,09:39:34,53360.2,53360.4,60,53365.8,60,0,485070
BANKNIFTY-II.NFO,17/04/2025,09:39:35,53367,53364,90,53370.8,30,150,485070
BANKNIFTY-II.NFO,17/04/2025,09:39:36,53367,53364,90,53370.6,30,0,485070
BANKNIFTY-II.NFO,17/04/2025,09:39:37,53362,53360,90,53364.8,240,60,485340
BANKNIFTY-II.NFO,17/04/2025,09:39:39,53360,53349.6,90,53357.4,60,90,485340
BANKNIFTY-II.NFO,17/04/2025,09:39:40,53360,53348.2,90,53357,60,0,485340
BANKNIFTY-II.NFO,17/04/2025,09:39:41,53360,53348.2,90,53357.2,30,0,485340
BANKNIFTY-II.NFO,17/04/2025,09:39:42,53357.2,53351,90,53359.8,30,30,485340
BANKNIFTY-II.NFO,17/04/2025,09:39:44,53357.2,53357.2,30,53359.8,60,0,485340
BANKNIFTY-II.NFO,17/04/2025,09:39:45,53357.2,53348.2,30,53357.8,60,30,485340
BANKNIFTY-II.NFO,17/04/2025,09:39:46,53357.2,53348.2,30,53357,120,0,485340
BANKNIFTY-II.NFO,17/04/2025,09:39:47,53357.2,53348,30,53355,60,0,485340
BANKNIFTY-II.NFO,17/04/2025,09:39:49,53357.2,53348,30,53353.6,120,0,485340
BANKNIFTY-II.NFO,17/04/2025,09:39:50,53348,53343.4,30,53355.6,60,30,485340
BANKNIFTY-II.NFO,17/04/2025,09:39:51,53347.2,53347.2,30,53353.8,30,30,485340
BANKNIFTY-II.NFO,17/04/2025,09:39:52,53347.2,53350,30,53355.6,60,0,485340
BANKNIFTY-II.NFO,17/04/2025,09:39:54,53346,53345.4,150,53355.8,30,90,485340
BANKNIFTY-II.NFO,17/04/2025,09:39:55,53344.4,53344.2,150,53353.8,30,60,485340
BANKNIFTY-II.NFO,17/04/2025,09:39:56,53344.4,53343.2,60,53351.8,30,0,485340
BANKNIFTY-II.NFO,17/04/2025,09:39:57,53344.4,53343.4,30,53351.8,30,0,485340
BANKNIFTY-II.NFO,17/04/2025,09:39:59,53348,53344.8,150,53355.8,30,30,485340
BANKNIFTY-II.NFO,17/04/2025,09:40:00,53348,53345.6,30,53350,30,0,485340
BANKNIFTY-II.NFO,17/04/2025,09:40:01,53350,53350.8,240,53369.6,30,60,485340
BANKNIFTY-II.NFO,17/04/2025,09:40:02,53358.4,53357.4,150,53368.4,60,60,485340
BANKNIFTY-II.NFO,17/04/2025,09:40:04,53358.4,53357.2,150,53371.8,30,0,485340
BANKNIFTY-II.NFO,17/04/2025,09:40:05,53358.4,53354.6,60,53365.8,120,0,485340
BANKNIFTY-II.NFO,17/04/2025,09:40:06,53358.4,53355.2,150,53367.8,30,0,485340
BANKNIFTY-II.NFO,17/04/2025,09:40:07,53358.4,53350.4,60,53357.8,30,0,485340
BANKNIFTY-II.NFO,17/04/2025,09:40:09,53358.4,53352.2,150,53359.8,30,0,485340
BANKNIFTY-II.NFO,17/04/2025,09:40:10,53352.4,53348.6,30,53359.8,30,30,485340
BANKNIFTY-II.NFO,17/04/2025,09:40:11,53352.4,53350.4,150,53359.8,30,0,485340
BANKNIFTY-II.NFO,17/04/2025,09:40:12,53359.8,53354.8,30,53367.6,270,30,485340
BANKNIFTY-II.NFO,17/04/2025,09:40:13,53354.8,53353.4,150,53364.8,60,30,485340
BANKNIFTY-II.NFO,17/04/2025,09:40:15,53354.8,53348.8,150,53357.8,30,0,485340
BANKNIFTY-II.NFO,17/04/2025,09:40:16,53354.8,53347.2,60,53362.4,240,0,485340
BANKNIFTY-II.NFO,17/04/2025,09:40:17,53354.8,53347.8,150,53359.4,60,0,485340
BANKNIFTY-II.NFO,17/04/2025,09:40:18,53354.8,53344.8,150,53356.4,30,0,485340
BANKNIFTY-II.NFO,17/04/2025,09:40:20,53354.4,53342.4,150,53354.2,30,30,485340
BANKNIFTY-II.NFO,17/04/2025,09:40:21,53351.8,53340,30,53347.8,30,90,485340
BANKNIFTY-II.NFO,17/04/2025,09:40:22,53349.8,53341,180,53351.8,30,30,485340
BANKNIFTY-II.NFO,17/04/2025,09:40:23,53349.8,53341,30,53355.6,300,0,485340
BANKNIFTY-II.NFO,17/04/2025,09:40:25,53349.8,53343.2,150,53360.8,240,0,485340
BANKNIFTY-II.NFO,17/04/2025,09:40:26,53344.8,53348.4,240,53363.8,30,60,485340
BANKNIFTY-II.NFO,17/04/2025,09:40:27,53344.8,53345.2,60,53357,30,0,485340
BANKNIFTY-II.NFO,17/04/2025,09:40:28,53344.8,53350.8,240,53365.8,30,0,485340
BANKNIFTY-II.NFO,17/04/2025,09:40:30,53344.8,53351.8,240,53367.8,30,0,485340
BANKNIFTY-II.NFO,17/04/2025,09:40:31,53344.8,53366.2,30,53375,60,0,485340
BANKNIFTY-II.NFO,17/04/2025,09:40:32,53366.4,53368.4,150,53375,60,30,485340
BANKNIFTY-II.NFO,17/04/2025,09:40:33,53366.4,53371.2,150,53375,60,0,485340
BANKNIFTY-II.NFO,17/04/2025,09:40:35,53366.4,53366.6,60,53374.8,60,0,485340
BANKNIFTY-II.NFO,17/04/2025,09:40:36,53375,53367.4,120,53375,30,30,485340
BANKNIFTY-II.NFO,17/04/2025,09:40:37,53375,53373.2,150,53375,30,0,485340
BANKNIFTY-II.NFO,17/04/2025,09:40:38,53375,53374,150,53375,30,0,485340
BANKNIFTY-II.NFO,17/04/2025,09:40:40,53375,53370.2,60,53375,30,0,485340
BANKNIFTY-II.NFO,17/04/2025,09:40:41,53373,53373.8,120,53375,30,30,485340
BANKNIFTY-II.NFO,17/04/2025,09:40:42,53373,53373.8,120,53375,30,0,485340
BANKNIFTY-II.NFO,17/04/2025,09:40:43,53372.4,53371.2,60,53378.8,90,150,485340
BANKNIFTY-II.NFO,17/04/2025,09:40:45,53372.4,53373,120,53378.8,90,0,485340
BANKNIFTY-II.NFO,17/04/2025,09:40:46,53375.4,53373.8,60,53378.8,30,90,485340
BANKNIFTY-II.NFO,17/04/2025,09:40:47,53378.8,53375,150,53380,30,30,485340
BANKNIFTY-II.NFO,17/04/2025,09:40:48,53382.4,53381.6,60,53387,30,120,485340
BANKNIFTY-II.NFO,17/04/2025,09:40:50,53382.4,53381.6,210,53387,30,0,485340
BANKNIFTY-II.NFO,17/04/2025,09:40:51,53382.4,53379.4,90,53387,30,0,485340
BANKNIFTY-II.NFO,17/04/2025,09:40:52,53390,53385.4,120,53390,300,60,485340
BANKNIFTY-II.NFO,17/04/2025,09:40:53,53390,53392.8,150,53397.8,30,300,485340
BANKNIFTY-II.NFO,17/04/2025,09:40:55,53400,53396.8,330,53400,570,180,485340
BANKNIFTY-II.NFO,17/04/2025,09:40:56,53400,53394.4,150,53400,600,0,485340
BANKNIFTY-II.NFO,17/04/2025,09:40:57,53400,53394.4,90,53399.8,60,0,485340
BANKNIFTY-II.NFO,17/04/2025,09:40:58,53400,53396.8,90,53401,30,690,485340
BANKNIFTY-II.NFO,17/04/2025,09:41:00,53401,53403.6,90,53410,150,30,485340
BANKNIFTY-II.NFO,17/04/2025,09:41:01,53410,53404.6,90,53410,120,30,485340
BANKNIFTY-II.NFO,17/04/2025,09:41:02,53403.6,53403.8,90,53409.8,60,30,485340
BANKNIFTY-II.NFO,17/04/2025,09:41:03,53406.6,53405.6,60,53410,120,30,485340
BANKNIFTY-II.NFO,17/04/2025,09:41:05,53406.6,53405.6,150,53410,120,0,485340
BANKNIFTY-II.NFO,17/04/2025,09:41:06,53406.6,53404.6,60,53410,120,0,485340
BANKNIFTY-II.NFO,17/04/2025,09:41:08,53406.6,53403,120,53406.6,30,0,485340
BANKNIFTY-II.NFO,17/04/2025,09:41:10,53406.6,53407.4,30,53410,120,30,485340
BANKNIFTY-II.NFO,17/04/2025,09:41:11,53409.6,53407.6,120,53410,120,30,485340
BANKNIFTY-II.NFO,17/04/2025,09:41:12,53409.6,53407,120,53410,120,330,485340
BANKNIFTY-II.NFO,17/04/2025,09:41:13,53413.6,53413.6,90,53419,60,240,485340
BANKNIFTY-II.NFO,17/04/2025,09:41:15,53413.6,53413.6,90,53418.8,60,0,485340
BANKNIFTY-II.NFO,17/04/2025,09:41:16,53412.4,53412.4,30,53419,60,90,485340
BANKNIFTY-II.NFO,17/04/2025,09:41:17,53412.4,53412.4,90,53418.8,60,0,485340
BANKNIFTY-II.NFO,17/04/2025,09:41:18,53412.4,53417,120,53418.8,60,30,485340
BANKNIFTY-II.NFO,17/04/2025,09:41:20,53400.4,53400,30,53413.8,30,420,485340
BANKNIFTY-II.NFO,17/04/2025,09:41:21,53400.4,53400,30,53412.2,60,0,485340
BANKNIFTY-II.NFO,17/04/2025,09:41:22,53400.4,53400,30,53411.6,120,0,485340
BANKNIFTY-II.NFO,17/04/2025,09:41:23,53412.2,53400,120,53412.2,120,30,485340
BANKNIFTY-II.NFO,17/04/2025,09:41:25,53412.2,53404.2,30,53412.4,30,0,485340
BANKNIFTY-II.NFO,17/04/2025,09:41:26,53412.2,53401.2,90,53412.2,60,0,485340
BANKNIFTY-II.NFO,17/04/2025,09:41:27,53412.2,53403.6,90,53412.4,30,30,485340
BANKNIFTY-II.NFO,17/04/2025,09:41:28,53412.2,53402.8,90,53411.4,120,0,485340
BANKNIFTY-II.NFO,17/04/2025,09:41:30,53412.2,53400.6,90,53409.8,120,0,485340
BANKNIFTY-II.NFO,17/04/2025,09:41:31,53412.2,53400.6,90,53412.4,30,0,485340
BANKNIFTY-II.NFO,17/04/2025,09:41:32,53412.2,53404,90,53412.4,30,0,485340
BANKNIFTY-II.NFO,17/04/2025,09:41:33,53412.2,53405.6,60,53412.4,30,0,485340
BANKNIFTY-II.NFO,17/04/2025,09:41:35,53412.2,53412.8,90,53419,60,0,485340
BANKNIFTY-II.NFO,17/04/2025,09:41:36,53412.2,53417.8,150,53419,60,0,485340
BANKNIFTY-II.NFO,17/04/2025,09:41:37,53412.2,53416.4,60,53419,60,0,485340
BANKNIFTY-II.NFO,17/04/2025,09:41:38,53420.4,53416.6,60,53425,150,180,485340
BANKNIFTY-II.NFO,17/04/2025,09:41:38,53420.4,53416.6,60,53425,150,0,485340
BANKNIFTY-II.NFO,17/04/2025,09:41:40,53421.2,53421.2,60,53425,150,90,485340
BANKNIFTY-II.NFO,17/04/2025,09:41:40,53421.2,53421.2,60,53425,150,0,485340
BANKNIFTY-II.NFO,17/04/2025,09:41:41,53421.2,53418,90,53425,150,60,485340
BANKNIFTY-II.NFO,17/04/2025,09:41:42,53421.2,53420.2,60,53424.8,90,0,485340
BANKNIFTY-II.NFO,17/04/2025,09:41:44,53421.2,53420.2,60,53425,150,0,485340
BANKNIFTY-II.NFO,17/04/2025,09:41:45,53421.2,53421.6,150,53425,150,0,485340
BANKNIFTY-II.NFO,17/04/2025,09:41:46,53428.8,53425.4,150,53427,60,360,485340
BANKNIFTY-II.NFO,17/04/2025,09:41:46,53430,53425.4,150,53427,60,0,485340
BANKNIFTY-II.NFO,17/04/2025,09:41:47,53416.2,53420.4,60,53429,60,300,485340
BANKNIFTY-II.NFO,17/04/2025,09:41:49,53416.2,53420.8,90,53428.4,30,0,485340
BANKNIFTY-II.NFO,17/04/2025,09:41:50,53416.2,53420.4,60,53424.8,90,60,485340
BANKNIFTY-II.NFO,17/04/2025,09:41:51,53416.2,53424.6,60,53435,60,0,485340
BANKNIFTY-II.NFO,17/04/2025,09:41:52,53416.2,53424.6,60,53430.2,30,0,485340
BANKNIFTY-II.NFO,17/04/2025,09:41:54,53416.2,53426.4,90,53435,60,0,485340
BANKNIFTY-II.NFO,17/04/2025,09:41:55,53416.2,53426.4,60,53432.8,60,0,485340
BANKNIFTY-II.NFO,17/04/2025,09:41:56,53416.2,53427.2,90,53433.2,30,0,485340
BANKNIFTY-II.NFO,17/04/2025,09:41:57,53430,53429.8,60,53434.8,60,210,485340
BANKNIFTY-II.NFO,17/04/2025,09:41:59,53429.8,53429.4,150,53435,120,30,485340
BANKNIFTY-II.NFO,17/04/2025,09:42:00,53429.8,53428.8,60,53435,120,0,485340
BANKNIFTY-II.NFO,17/04/2025,09:42:01,53429.8,53429.2,90,53434.8,30,0,485340
BANKNIFTY-II.NFO,17/04/2025,09:42:02,53429.2,53425.8,30,53430,30,210,485340
BANKNIFTY-II.NFO,17/04/2025,09:42:04,53429.2,53427.4,150,53430,30,0,485340
BANKNIFTY-II.NFO,17/04/2025,09:42:05,53429.2,53426.8,150,53429.2,60,0,485340
BANKNIFTY-II.NFO,17/04/2025,09:42:06,53429.2,53425.8,30,53429.6,30,0,485340
BANKNIFTY-II.NFO,17/04/2025,09:42:07,53430,53427.4,60,53432.6,30,60,485340
BANKNIFTY-II.NFO,17/04/2025,09:42:09,53430,53428.4,60,53430.6,90,0,485340
BANKNIFTY-II.NFO,17/04/2025,09:42:10,53430,53427.8,90,53431.8,30,0,485340
BANKNIFTY-II.NFO,17/04/2025,09:42:11,53430,53425.8,120,53430.2,60,0,485340
BANKNIFTY-II.NFO,17/04/2025,09:42:12,53435,53428.4,150,53434.8,60,90,485340
BANKNIFTY-II.NFO,17/04/2025,09:42:12,53435,53428.4,150,53434.8,60,0,485340
BANKNIFTY-II.NFO,17/04/2025,09:42:14,53435,53426.4,90,53432.2,120,0,485340
BANKNIFTY-II.NFO,17/04/2025,09:42:15,53426,53425.8,30,53429,60,180,485340
BANKNIFTY-II.NFO,17/04/2025,09:42:16,53429,53426,60,53430.4,30,30,485340
BANKNIFTY-II.NFO,17/04/2025,09:42:17,53433.8,53428.2,60,53433.2,30,150,485340
BANKNIFTY-II.NFO,17/04/2025,09:42:19,53438.6,53436.4,30,53437.4,30,150,485340
