Ticker,Date,Time,LTP,BuyPrice,BuyQty,SellPrice,SellQty,LTQ,OpenInterest
BANKNIFTY-III.NFO,17/04/2025,09:15:03,53390,53366.2,60,53437.6,60,30,85350
BANKNIFTY-III.NFO,17/04/2025,09:15:03,53390,53366.2,60,53437.6,60,0,85350
BANKNIFTY-III.NFO,17/04/2025,09:15:03,53390,53366.2,60,53437.6,60,0,85350
BANKNIFTY-III.NFO,17/04/2025,09:15:03,53390,53366.2,60,53437.6,60,0,85350
BANKNIFTY-III.NFO,17/04/2025,09:15:04,53390,53400,30,53415.8,60,0,85350
BANKNIFTY-III.NFO,17/04/2025,09:15:06,53410,53350.6,60,53414.6,60,60,85350
BANKNIFTY-III.NFO,17/04/2025,09:15:06,53410,53350.6,60,53414.6,60,0,85350
BANKNIFTY-III.NFO,17/04/2025,09:15:07,53410,53351,60,53446.6,60,0,85350
BANKNIFTY-III.NFO,17/04/2025,09:15:08,53410,53364.4,60,53437,60,0,85350
BANKNIFTY-III.NFO,17/04/2025,09:15:09,53364.4,53391.6,60,53440.6,60,30,85350
BANKNIFTY-III.NFO,17/04/2025,09:15:09,53364.4,53391.6,60,53440.6,60,0,85350
BANKNIFTY-III.NFO,17/04/2025,09:15:10,53364.4,53395.2,60,53456.4,60,0,85350
BANKNIFTY-III.NFO,17/04/2025,09:15:11,53364.4,53407,60,53446.8,60,0,85350
BANKNIFTY-III.NFO,17/04/2025,09:15:12,53364.4,53407,30,53433.4,60,0,85350
BANKNIFTY-III.NFO,17/04/2025,09:15:13,53364.4,53407,30,53446.8,60,0,85350
BANKNIFTY-III.NFO,17/04/2025,09:15:14,53364.4,53407,30,53451,60,0,85350
BANKNIFTY-III.NFO,17/04/2025,09:15:16,53410.2,53408.6,60,53457.8,60,90,85350
BANKNIFTY-III.NFO,17/04/2025,09:15:16,53410.4,53408.6,60,53457.8,60,0,85350
BANKNIFTY-III.NFO,17/04/2025,09:15:17,53410.2,53417.2,30,53455.2,60,0,85350
BANKNIFTY-III.NFO,17/04/2025,09:15:18,53410.2,53411.4,30,53458.2,60,0,85350
BANKNIFTY-III.NFO,17/04/2025,09:15:19,53458.2,53419.8,30,53462,60,30,85350
BANKNIFTY-III.NFO,17/04/2025,09:15:19,53458.2,53419.8,30,53462,60,0,85350
BANKNIFTY-III.NFO,17/04/2025,09:15:19,53458.2,53422,30,53462,60,0,85350
BANKNIFTY-III.NFO,17/04/2025,09:15:20,53458.2,53438,30,53479.8,60,0,85350
BANKNIFTY-III.NFO,17/04/2025,09:15:22,53480,53461.4,30,53499.8,60,30,85350
BANKNIFTY-III.NFO,17/04/2025,09:15:22,53480,53461.4,30,53499.8,60,0,85350
BANKNIFTY-III.NFO,17/04/2025,09:15:23,53480,53470.6,60,53500,60,0,85350
BANKNIFTY-III.NFO,17/04/2025,09:15:24,53500,53484.2,30,53522.8,60,60,85350
BANKNIFTY-III.NFO,17/04/2025,09:15:24,53500,53484.2,30,53522.8,60,0,85350
BANKNIFTY-III.NFO,17/04/2025,09:15:25,53500,53479.8,30,53516,60,0,85350
BANKNIFTY-III.NFO,17/04/2025,09:15:26,53500,53465.8,60,53513,60,0,85350
BANKNIFTY-III.NFO,17/04/2025,09:15:27,53500,53459.2,30,53481.6,60,0,85350
BANKNIFTY-III.NFO,17/04/2025,09:15:28,53500,53459.2,30,53483.2,60,0,85350
BANKNIFTY-III.NFO,17/04/2025,09:15:29,53459.2,53459.2,30,53488,30,30,85350
BANKNIFTY-III.NFO,17/04/2025,09:15:30,53459.2,53466.6,30,53488,30,0,85350
BANKNIFTY-III.NFO,17/04/2025,09:15:31,53459.2,53460.8,30,53488,30,0,85350
BANKNIFTY-III.NFO,17/04/2025,09:15:32,53459.2,53462.8,60,53487.8,60,0,85350
BANKNIFTY-III.NFO,17/04/2025,09:15:33,53459.2,53463.2,30,53481.2,60,0,85350
BANKNIFTY-III.NFO,17/04/2025,09:15:34,53459.2,53465.6,60,53487.8,90,0,85350
BANKNIFTY-III.NFO,17/04/2025,09:15:35,53487.8,53466,90,53487.8,60,30,85290
BANKNIFTY-III.NFO,17/04/2025,09:15:36,53487.8,53466,90,53486.8,60,0,85290
BANKNIFTY-III.NFO,17/04/2025,09:15:37,53487.8,53466.4,60,53487.8,60,0,85290
BANKNIFTY-III.NFO,17/04/2025,09:15:38,53487.8,53466.4,60,53484.8,90,0,85290
BANKNIFTY-III.NFO,17/04/2025,09:15:40,53487.8,53466.8,60,53487.8,90,0,85290
BANKNIFTY-III.NFO,17/04/2025,09:15:41,53487.8,53466.8,60,53486.8,90,0,85290
BANKNIFTY-III.NFO,17/04/2025,09:15:42,53487.8,53470.2,60,53487.8,60,60,85290
BANKNIFTY-III.NFO,17/04/2025,09:15:43,53488,53476.6,60,53487.8,90,30,85290
BANKNIFTY-III.NFO,17/04/2025,09:15:44,53488,53481.4,60,53487.8,90,0,85290
BANKNIFTY-III.NFO,17/04/2025,09:15:45,53488,53481.2,30,53487.8,90,0,85290
BANKNIFTY-III.NFO,17/04/2025,09:15:46,53487.8,53485.8,60,53499,30,90,85290
BANKNIFTY-III.NFO,17/04/2025,09:15:48,53487.8,53485.8,60,53499,30,0,85290
BANKNIFTY-III.NFO,17/04/2025,09:15:49,53487.8,53482.2,60,53498.8,90,0,85290
BANKNIFTY-III.NFO,17/04/2025,09:15:50,53487.8,53488.2,60,53498.8,60,0,85290
BANKNIFTY-III.NFO,17/04/2025,09:15:51,53499,53488.4,90,53500,30,30,85290
BANKNIFTY-III.NFO,17/04/2025,09:15:52,53499,53488.4,90,53500,30,0,85290
BANKNIFTY-III.NFO,17/04/2025,09:15:54,53500,53489.2,90,53514.2,60,30,85290
BANKNIFTY-III.NFO,17/04/2025,09:15:55,53500,53489.6,90,53516.6,60,0,85290
BANKNIFTY-III.NFO,17/04/2025,09:15:56,53513.8,53490,90,53517.4,60,30,85290
BANKNIFTY-III.NFO,17/04/2025,09:15:56,53513.8,53490,90,53517.4,60,0,85290
BANKNIFTY-III.NFO,17/04/2025,09:15:57,53513.8,53490,90,53512.8,30,0,85290
BANKNIFTY-III.NFO,17/04/2025,09:15:58,53513.8,53490,90,53507.8,90,0,85290
BANKNIFTY-III.NFO,17/04/2025,09:15:59,53513.8,53490,90,53508.2,30,0,85290
BANKNIFTY-III.NFO,17/04/2025,09:16:01,53513.8,53490,90,53510.4,90,0,85290
BANKNIFTY-III.NFO,17/04/2025,09:16:02,53490,53490,60,53515.6,30,60,85290
BANKNIFTY-III.NFO,17/04/2025,09:16:03,53490,53497,60,53527.2,60,0,85290
BANKNIFTY-III.NFO,17/04/2025,09:16:04,53490,53504.2,60,53533.2,60,0,85290
BANKNIFTY-III.NFO,17/04/2025,09:16:06,53490,53504.8,60,53533.2,60,0,85290
BANKNIFTY-III.NFO,17/04/2025,09:16:07,53533.2,53506.2,60,53536,30,30,85290
BANKNIFTY-III.NFO,17/04/2025,09:16:07,53533.2,53506.2,60,53536,30,0,85290
BANKNIFTY-III.NFO,17/04/2025,09:16:08,53533.2,53513.6,60,53540,60,0,85290
BANKNIFTY-III.NFO,17/04/2025,09:16:09,53540.4,53513.6,60,53539.8,30,120,85290
BANKNIFTY-III.NFO,17/04/2025,09:16:09,53540.4,53513.6,60,53539.8,30,0,85290
BANKNIFTY-III.NFO,17/04/2025,09:16:11,53540.4,53506.2,60,53533.6,30,0,85290
BANKNIFTY-III.NFO,17/04/2025,09:16:12,53533.8,53506.2,60,53536.2,30,30,85290
BANKNIFTY-III.NFO,17/04/2025,09:16:13,53536.2,53513.6,60,53540,30,30,85290
BANKNIFTY-III.NFO,17/04/2025,09:16:14,53540,53517.4,60,53540.4,60,60,85290
BANKNIFTY-III.NFO,17/04/2025,09:16:16,53517.4,53519.4,60,53540.4,60,60,85290
BANKNIFTY-III.NFO,17/04/2025,09:16:17,53540.4,53517.8,60,53537.6,90,60,85290
BANKNIFTY-III.NFO,17/04/2025,09:16:18,53540.4,53540,30,53548.8,90,0,85290
BANKNIFTY-III.NFO,17/04/2025,09:16:19,53549,53540,30,53550,30,30,85290
BANKNIFTY-III.NFO,17/04/2025,09:16:19,53549,53540,30,53550,30,0,85290
BANKNIFTY-III.NFO,17/04/2025,09:16:22,53549,53540,30,53550,30,0,85290
BANKNIFTY-III.NFO,17/04/2025,09:16:23,53549,53540.2,90,53550,30,0,85290
BANKNIFTY-III.NFO,17/04/2025,09:16:24,53540.2,53540.6,90,53550,30,30,85290
BANKNIFTY-III.NFO,17/04/2025,09:16:26,53540.2,53540.6,60,53550,60,0,85290
BANKNIFTY-III.NFO,17/04/2025,09:16:27,53540.2,53549,30,53550,60,0,85290
BANKNIFTY-III.NFO,17/04/2025,09:16:28,53550,53545,30,53565,30,150,85290
BANKNIFTY-III.NFO,17/04/2025,09:16:28,53550,53545,30,53565,30,0,85290
BANKNIFTY-III.NFO,17/04/2025,09:16:30,53550,53545.2,90,53565,30,0,85290
BANKNIFTY-III.NFO,17/04/2025,09:16:31,53545.2,53545.2,60,53565,30,30,85290
BANKNIFTY-III.NFO,17/04/2025,09:16:32,53545.2,53545,60,53562.4,30,0,85290
BANKNIFTY-III.NFO,17/04/2025,09:16:33,53545.2,53545.2,90,53565,30,0,85290
BANKNIFTY-III.NFO,17/04/2025,09:16:35,53545.2,53545.2,90,53570,30,0,85290
BANKNIFTY-III.NFO,17/04/2025,09:16:36,53545.2,53550.2,60,53570,30,0,85290
BANKNIFTY-III.NFO,17/04/2025,09:16:37,53545.2,53552.6,90,53570,30,0,85290
BANKNIFTY-III.NFO,17/04/2025,09:16:38,53545.2,53549.4,60,53569.8,60,0,85290
BANKNIFTY-III.NFO,17/04/2025,09:16:40,53545.2,53555.6,90,53570,30,0,85290
BANKNIFTY-III.NFO,17/04/2025,09:16:41,53545.2,53559.2,60,53570,30,0,85290
BANKNIFTY-III.NFO,17/04/2025,09:16:42,53559.2,53557,210,53570,30,30,85290
BANKNIFTY-III.NFO,17/04/2025,09:16:42,53559.2,53557,210,53570,30,0,85290
BANKNIFTY-III.NFO,17/04/2025,09:16:43,53559.2,53558.6,60,53570,30,0,85290
BANKNIFTY-III.NFO,17/04/2025,09:16:45,53559.2,53551.2,90,53570,30,0,85290
BANKNIFTY-III.NFO,17/04/2025,09:16:46,53588.6,53568,60,53589.8,30,60,85290
BANKNIFTY-III.NFO,17/04/2025,09:16:46,53588.6,53568,60,53589.8,30,0,85290
BANKNIFTY-III.NFO,17/04/2025,09:16:47,53588.6,53569.2,90,53590,60,0,85290
BANKNIFTY-III.NFO,17/04/2025,09:16:48,53569.2,53565.6,90,53589.8,60,30,85290
BANKNIFTY-III.NFO,17/04/2025,09:16:50,53569.2,53564.2,60,53589.2,60,0,85290
BANKNIFTY-III.NFO,17/04/2025,09:16:51,53569.2,53564.4,60,53589.2,60,0,85290
BANKNIFTY-III.NFO,17/04/2025,09:16:52,53569.2,53566.6,180,53589.2,60,0,85290
BANKNIFTY-III.NFO,17/04/2025,09:16:53,53569.2,53575,30,53584.8,60,0,85290
BANKNIFTY-III.NFO,17/04/2025,09:16:55,53575,53559.4,60,53582.6,60,30,85290
BANKNIFTY-III.NFO,17/04/2025,09:16:56,53559.4,53562.2,60,53582.6,60,30,85290
BANKNIFTY-III.NFO,17/04/2025,09:16:57,53559.4,53564.4,30,53589.6,60,0,85290
BANKNIFTY-III.NFO,17/04/2025,09:16:58,53575,53566.2,60,53589.6,60,30,85290
BANKNIFTY-III.NFO,17/04/2025,09:17:00,53575,53564.8,60,53589,60,0,85290
BANKNIFTY-III.NFO,17/04/2025,09:17:01,53575,53566.6,30,53589.6,60,0,85290
BANKNIFTY-III.NFO,17/04/2025,09:17:02,53575,53577.4,30,53590,30,0,85290
BANKNIFTY-III.NFO,17/04/2025,09:17:03,53577.4,53573,60,53590,60,30,85290
BANKNIFTY-III.NFO,17/04/2025,09:17:05,53577.4,53568.4,60,53589.8,60,0,85290
BANKNIFTY-III.NFO,17/04/2025,09:17:06,53577.4,53572,90,53589.8,60,0,85290
BANKNIFTY-III.NFO,17/04/2025,09:17:07,53577.4,53569.8,60,53589.8,60,0,85290
BANKNIFTY-III.NFO,17/04/2025,09:17:08,53577.4,53567.4,90,53589.8,60,0,85290
BANKNIFTY-III.NFO,17/04/2025,09:17:10,53589.8,53564.8,60,53589.8,30,30,85290
BANKNIFTY-III.NFO,17/04/2025,09:17:10,53589.8,53564.8,60,53589.8,30,0,85290
BANKNIFTY-III.NFO,17/04/2025,09:17:11,53589.8,53570,30,53584,60,0,85290
BANKNIFTY-III.NFO,17/04/2025,09:17:13,53584,53570,30,53588.2,60,30,85290
BANKNIFTY-III.NFO,17/04/2025,09:17:15,53584,53570,60,53589.4,60,0,85290
BANKNIFTY-III.NFO,17/04/2025,09:17:16,53584,53570.2,60,53589.8,90,0,85290
BANKNIFTY-III.NFO,17/04/2025,09:17:17,53589.8,53566.2,30,53589.8,60,240,85290
BANKNIFTY-III.NFO,17/04/2025,09:17:18,53586,53560,30,53586,30,30,85290
BANKNIFTY-III.NFO,17/04/2025,09:17:20,53586,53570,30,53585.6,60,0,85290
BANKNIFTY-III.NFO,17/04/2025,09:17:22,53575,53550,30,53572.2,60,60,85290
BANKNIFTY-III.NFO,17/04/2025,09:17:23,53575,53550.2,60,53570.2,60,0,85290
BANKNIFTY-III.NFO,17/04/2025,09:17:25,53575,53550.2,60,53573.4,60,0,85290
BANKNIFTY-III.NFO,17/04/2025,09:17:26,53575,53550.2,60,53575,60,0,85290
BANKNIFTY-III.NFO,17/04/2025,09:17:27,53575,53557.6,30,53579,60,0,85290
BANKNIFTY-III.NFO,17/04/2025,09:17:28,53575,53562.4,30,53585.2,60,0,85290
BANKNIFTY-III.NFO,17/04/2025,09:17:30,53575,53567.4,60,53588.6,60,0,85290
BANKNIFTY-III.NFO,17/04/2025,09:17:31,53575,53569.6,30,53589.6,60,0,85290
BANKNIFTY-III.NFO,17/04/2025,09:17:32,53575,53574.2,60,53590,180,30,85290
BANKNIFTY-III.NFO,17/04/2025,09:17:33,53575,53570.8,90,53590,210,30,85290
BANKNIFTY-III.NFO,17/04/2025,09:17:35,53575,53570,60,53589.6,60,0,85290
BANKNIFTY-III.NFO,17/04/2025,09:17:36,53575,53568,30,53589.8,30,0,85290
BANKNIFTY-III.NFO,17/04/2025,09:17:37,53575,53572,60,53590,210,30,85290
BANKNIFTY-III.NFO,17/04/2025,09:17:38,53575,53574,90,53590,210,0,85290
BANKNIFTY-III.NFO,17/04/2025,09:17:40,53575,53571.8,90,53590,240,0,85290
BANKNIFTY-III.NFO,17/04/2025,09:17:41,53575,53577.2,90,53590,210,0,85290
BANKNIFTY-III.NFO,17/04/2025,09:17:42,53575,53570.4,90,53589.8,60,0,85290
BANKNIFTY-III.NFO,17/04/2025,09:17:43,53580,53569.2,60,53589.6,60,30,85290
BANKNIFTY-III.NFO,17/04/2025,09:17:45,53575,53564.8,30,53575,60,30,85290
BANKNIFTY-III.NFO,17/04/2025,09:17:46,53575,53570.6,60,53589.8,90,60,85290
BANKNIFTY-III.NFO,17/04/2025,09:17:47,53575,53573.6,30,53590,210,0,85290
BANKNIFTY-III.NFO,17/04/2025,09:17:48,53575,53571.4,60,53589.8,90,0,85290
BANKNIFTY-III.NFO,17/04/2025,09:17:50,53575,53568.8,30,53590,240,0,85290
BANKNIFTY-III.NFO,17/04/2025,09:17:51,53575,53568.8,30,53589.8,90,0,85290
BANKNIFTY-III.NFO,17/04/2025,09:17:53,53575,53568,60,53589.4,90,0,85290
BANKNIFTY-III.NFO,17/04/2025,09:17:55,53575,53566,60,53589.4,90,0,85290
BANKNIFTY-III.NFO,17/04/2025,09:17:56,53575,53566,60,53588.6,90,0,85290
BANKNIFTY-III.NFO,17/04/2025,09:17:58,53575,53570.4,30,53589.8,90,0,85290
BANKNIFTY-III.NFO,17/04/2025,09:18:00,53575,53570.4,30,53589.8,60,0,85290
BANKNIFTY-III.NFO,17/04/2025,09:18:01,53575,53575,30,53589.4,60,0,85290
BANKNIFTY-III.NFO,17/04/2025,09:18:02,53589.4,53575,60,53589.4,30,30,85290
BANKNIFTY-III.NFO,17/04/2025,09:18:03,53589.4,53575,60,53589,60,0,85290
BANKNIFTY-III.NFO,17/04/2025,09:18:05,53589.4,53575,60,53588.6,60,0,85290
BANKNIFTY-III.NFO,17/04/2025,09:18:06,53589.4,53575,60,53588,60,0,85290
BANKNIFTY-III.NFO,17/04/2025,09:18:07,53589.4,53575,60,53588.6,90,0,85290
BANKNIFTY-III.NFO,17/04/2025,09:18:08,53589.4,53575,90,53589.8,60,0,85290
BANKNIFTY-III.NFO,17/04/2025,09:18:10,53589.4,53575.2,60,53589.6,30,0,85290
BANKNIFTY-III.NFO,17/04/2025,09:18:11,53589.6,53575.2,60,53590,240,30,85290
BANKNIFTY-III.NFO,17/04/2025,09:18:12,53589.6,53589.4,60,53590,240,0,85290
BANKNIFTY-III.NFO,17/04/2025,09:18:13,53589.4,53575.2,60,53590,240,60,85290
BANKNIFTY-III.NFO,17/04/2025,09:18:14,53589.4,53582.8,60,53590,240,0,85290
BANKNIFTY-III.NFO,17/04/2025,09:18:15,53590,53582.6,30,53599.8,60,240,85290
BANKNIFTY-III.NFO,17/04/2025,09:18:15,53590,53582.6,30,53599.8,60,0,85290
BANKNIFTY-III.NFO,17/04/2025,09:18:17,53590,53577.2,60,53599.8,90,0,85290
BANKNIFTY-III.NFO,17/04/2025,09:18:18,53590,53575,60,53592.8,60,0,85290
BANKNIFTY-III.NFO,17/04/2025,09:18:19,53590,53575.2,90,53599,60,0,85290
BANKNIFTY-III.NFO,17/04/2025,09:18:20,53590,53578.6,60,53599.6,60,0,85290
BANKNIFTY-III.NFO,17/04/2025,09:18:22,53590,53575,90,53595.2,60,0,85290
BANKNIFTY-III.NFO,17/04/2025,09:18:23,53590,53575.2,60,53595.2,60,0,85290
BANKNIFTY-III.NFO,17/04/2025,09:18:27,53590,53590,30,53595.8,60,0,85290
BANKNIFTY-III.NFO,17/04/2025,09:18:28,53590,53590,30,53593.8,60,0,85290
BANKNIFTY-III.NFO,17/04/2025,09:18:29,53590,53575,30,53588.2,60,30,85290
BANKNIFTY-III.NFO,17/04/2025,09:18:30,53590,53575,30,53584.4,60,0,85290
BANKNIFTY-III.NFO,17/04/2025,09:18:32,53590,53575,30,53586.4,60,0,85290
BANKNIFTY-III.NFO,17/04/2025,09:18:35,53590,53575,30,53584.4,60,0,85290
BANKNIFTY-III.NFO,17/04/2025,09:18:39,53578.8,53555.4,90,53578.8,30,60,85950
BANKNIFTY-III.NFO,17/04/2025,09:18:40,53578.8,53563,90,53584.4,60,0,85950
BANKNIFTY-III.NFO,17/04/2025,09:18:42,53578.8,53562,90,53584.4,60,0,85950
BANKNIFTY-III.NFO,17/04/2025,09:18:43,53578.8,53558.6,60,53582.4,60,0,85950
BANKNIFTY-III.NFO,17/04/2025,09:18:44,53578.8,53566.8,90,53586.4,60,0,85950
BANKNIFTY-III.NFO,17/04/2025,09:18:45,53578.8,53563,60,53586.4,60,0,85950
BANKNIFTY-III.NFO,17/04/2025,09:18:47,53578.8,53559.2,90,53580.4,60,0,85950
BANKNIFTY-III.NFO,17/04/2025,09:18:48,53578.8,53554.8,60,53580.4,60,0,85950
BANKNIFTY-III.NFO,17/04/2025,09:18:49,53578.8,53560.2,90,53580.4,60,0,85950
BANKNIFTY-III.NFO,17/04/2025,09:18:51,53578.8,53559.2,90,53580.4,60,0,85950
BANKNIFTY-III.NFO,17/04/2025,09:18:52,53578.8,53552.2,90,53576,30,0,85950
BANKNIFTY-III.NFO,17/04/2025,09:18:54,53576.2,53552.6,90,53575.2,60,60,85950
BANKNIFTY-III.NFO,17/04/2025,09:18:56,53576.2,53551.4,90,53572.8,60,0,85950
BANKNIFTY-III.NFO,17/04/2025,09:18:57,53576.2,53550.2,90,53572.8,60,0,85950
BANKNIFTY-III.NFO,17/04/2025,09:18:58,53576.2,53550,60,53561.6,60,0,85950
BANKNIFTY-III.NFO,17/04/2025,09:18:59,53576.2,53550.2,60,53566,60,0,85950
BANKNIFTY-III.NFO,17/04/2025,09:19:01,53550,53522.2,90,53547.2,60,60,85950
BANKNIFTY-III.NFO,17/04/2025,09:19:02,53550,53527.6,60,53543.8,30,0,85950
BANKNIFTY-III.NFO,17/04/2025,09:19:03,53550,53522.6,90,53543.6,60,0,85950
BANKNIFTY-III.NFO,17/04/2025,09:19:04,53522.6,53522.4,90,53543.6,60,60,85950
BANKNIFTY-III.NFO,17/04/2025,09:19:06,53522.6,53518.2,60,53527,30,0,85950
BANKNIFTY-III.NFO,17/04/2025,09:19:07,53522.6,53516.6,90,53527,30,0,85950
BANKNIFTY-III.NFO,17/04/2025,09:19:08,53527,53521.4,60,53543.6,60,30,85950
BANKNIFTY-III.NFO,17/04/2025,09:19:09,53527,53523.8,60,53546.2,30,0,85950
BANKNIFTY-III.NFO,17/04/2025,09:19:11,53527,53527.6,60,53551,30,0,85950
BANKNIFTY-III.NFO,17/04/2025,09:19:13,53527.6,53532.8,90,53554.4,60,60,85950
BANKNIFTY-III.NFO,17/04/2025,09:19:14,53527.6,53533.6,60,53554.4,60,0,85950
BANKNIFTY-III.NFO,17/04/2025,09:19:16,53527.6,53536.8,60,53558.6,60,0,85950
BANKNIFTY-III.NFO,17/04/2025,09:19:17,53527.6,53536.8,90,53558.2,60,0,85950
BANKNIFTY-III.NFO,17/04/2025,09:19:18,53527.6,53537,90,53558.4,30,0,85950
BANKNIFTY-III.NFO,17/04/2025,09:19:19,53527.6,53539.4,60,53556.2,30,0,85950
BANKNIFTY-III.NFO,17/04/2025,09:19:21,53527.6,53532.6,30,53550.8,60,0,85950
BANKNIFTY-III.NFO,17/04/2025,09:19:22,53532.8,53532.8,60,53552.2,30,30,85950
BANKNIFTY-III.NFO,17/04/2025,09:19:23,53532.8,53540.6,90,53557.6,60,0,85950
BANKNIFTY-III.NFO,17/04/2025,09:19:24,53532.8,53535.6,90,53554,30,0,85950
BANKNIFTY-III.NFO,17/04/2025,09:19:26,53532.8,53532.6,30,53545.2,30,0,85950
BANKNIFTY-III.NFO,17/04/2025,09:19:27,53532.8,53532.6,30,53546.2,60,0,85950
BANKNIFTY-III.NFO,17/04/2025,09:19:28,53532.8,53533.6,90,53551.2,60,0,85950
BANKNIFTY-III.NFO,17/04/2025,09:19:29,53530.8,53530,30,53544,90,90,85950
BANKNIFTY-III.NFO,17/04/2025,09:19:31,53530.8,53530,30,53540.6,90,0,85950
BANKNIFTY-III.NFO,17/04/2025,09:19:32,53530.8,53530,30,53538,90,0,85950
BANKNIFTY-III.NFO,17/04/2025,09:19:33,53529,53522.8,30,53545.2,60,150,85950
BANKNIFTY-III.NFO,17/04/2025,09:19:34,53529,53528.4,330,53553.8,60,0,85950
BANKNIFTY-III.NFO,17/04/2025,09:19:36,53529,53532.2,60,53553.8,60,0,85950
BANKNIFTY-III.NFO,17/04/2025,09:19:37,53529,53530.8,60,53553,60,0,85950
BANKNIFTY-III.NFO,17/04/2025,09:19:38,53529,53536.4,60,53557.6,60,0,85950
BANKNIFTY-III.NFO,17/04/2025,09:19:39,53529,53533.2,30,53557.8,60,0,85950
BANKNIFTY-III.NFO,17/04/2025,09:19:41,53529,53528.4,60,53550,60,0,85950
BANKNIFTY-III.NFO,17/04/2025,09:19:42,53529,53520,30,53540,90,0,85950
BANKNIFTY-III.NFO,17/04/2025,09:19:43,53529,53520,30,53537.2,60,0,85950
BANKNIFTY-III.NFO,17/04/2025,09:19:44,53525,53522,60,53540,90,90,85950
BANKNIFTY-III.NFO,17/04/2025,09:19:46,53525,53523.6,60,53540,90,0,85950
BANKNIFTY-III.NFO,17/04/2025,09:19:47,53525,53521.2,150,53540,90,0,85950
BANKNIFTY-III.NFO,17/04/2025,09:19:48,53525,53528.4,120,53540,60,0,85950
BANKNIFTY-III.NFO,17/04/2025,09:19:49,53525,53529,150,53540,60,0,85950
BANKNIFTY-III.NFO,17/04/2025,09:19:51,53525,53525,60,53540,60,0,85950
BANKNIFTY-III.NFO,17/04/2025,09:19:53,53540,53525,30,53540,60,30,85950
BANKNIFTY-III.NFO,17/04/2025,09:19:54,53540,53525,30,53540,60,0,85950
BANKNIFTY-III.NFO,17/04/2025,09:19:57,53540,53525,30,53539.6,60,0,85950
BANKNIFTY-III.NFO,17/04/2025,09:19:58,53540,53525,30,53539.8,60,0,85950
BANKNIFTY-III.NFO,17/04/2025,09:19:59,53525,53524,150,53540,30,30,85950
BANKNIFTY-III.NFO,17/04/2025,09:20:01,53525,53522.4,150,53539.8,30,0,85950
BANKNIFTY-III.NFO,17/04/2025,09:20:02,53525,53524.6,150,53540,30,0,85950
BANKNIFTY-III.NFO,17/04/2025,09:20:03,53525,53523,150,53540,60,0,85950
BANKNIFTY-III.NFO,17/04/2025,09:20:04,53525,53512.6,30,53535.8,60,0,85950
BANKNIFTY-III.NFO,17/04/2025,09:20:06,53525,53513.6,150,53535.8,60,0,85950
BANKNIFTY-III.NFO,17/04/2025,09:20:07,53525,53515.8,150,53536,30,0,85950
BANKNIFTY-III.NFO,17/04/2025,09:20:08,53525,53516.8,150,53539.8,90,0,85950
BANKNIFTY-III.NFO,17/04/2025,09:20:09,53525,53513.6,30,53534.4,60,0,85950
BANKNIFTY-III.NFO,17/04/2025,09:20:11,53525,53507.8,30,53531.8,60,0,85950
BANKNIFTY-III.NFO,17/04/2025,09:20:12,53525,53503,150,53523.6,60,0,85950
BANKNIFTY-III.NFO,17/04/2025,09:20:13,53523.6,53505.8,60,53526.6,60,60,85950
BANKNIFTY-III.NFO,17/04/2025,09:20:14,53525,53504.2,60,53524.6,60,60,85950
BANKNIFTY-III.NFO,17/04/2025,09:20:16,53525,53500.2,90,53522,60,0,85950
BANKNIFTY-III.NFO,17/04/2025,09:20:17,53525,53500,30,53516.2,60,0,85950
BANKNIFTY-III.NFO,17/04/2025,09:20:18,53516.2,53500.4,30,53518.4,60,30,85950
BANKNIFTY-III.NFO,17/04/2025,09:20:19,53516.2,53500.2,30,53521,60,0,85950
BANKNIFTY-III.NFO,17/04/2025,09:20:21,53516.2,53500.2,60,53519.6,60,0,85950
BANKNIFTY-III.NFO,17/04/2025,09:20:22,53516.2,53503,60,53524.2,60,0,85950
BANKNIFTY-III.NFO,17/04/2025,09:20:23,53516.2,53505.2,30,53525,60,0,85950
BANKNIFTY-III.NFO,17/04/2025,09:20:24,53516.2,53507,60,53525,30,0,85950
BANKNIFTY-III.NFO,17/04/2025,09:20:26,53516.2,53512,30,53525,30,0,85950
BANKNIFTY-III.NFO,17/04/2025,09:20:27,53511.8,53512,30,53525,30,60,85950
BANKNIFTY-III.NFO,17/04/2025,09:20:28,53511.8,53508,90,53524.8,90,0,85950
BANKNIFTY-III.NFO,17/04/2025,09:20:29,53511.8,53514,60,53525,30,0,85950
BANKNIFTY-III.NFO,17/04/2025,09:20:31,53510,53506.6,90,53524.8,30,30,85950
BANKNIFTY-III.NFO,17/04/2025,09:20:32,53510,53507.4,30,53530.6,30,0,85950
BANKNIFTY-III.NFO,17/04/2025,09:20:33,53510,53514.2,30,53535,60,0,85950
BANKNIFTY-III.NFO,17/04/2025,09:20:34,53510,53518.2,60,53539.6,60,0,85950
BANKNIFTY-III.NFO,17/04/2025,09:20:36,53510,53518.2,60,53539.2,60,0,85950
BANKNIFTY-III.NFO,17/04/2025,09:20:37,53510,53514.2,30,53533.8,60,0,85950
BANKNIFTY-III.NFO,17/04/2025,09:20:38,53510,53510,30,53531.2,60,0,85950
BANKNIFTY-III.NFO,17/04/2025,09:20:39,53510,53513,60,53534.8,60,0,85950
BANKNIFTY-III.NFO,17/04/2025,09:20:41,53510,53503.4,30,53524,60,30,85950
BANKNIFTY-III.NFO,17/04/2025,09:20:42,53510,53508.4,30,53528.6,30,0,85950
BANKNIFTY-III.NFO,17/04/2025,09:20:43,53510,53504.2,60,53528.4,60,0,85950
BANKNIFTY-III.NFO,17/04/2025,09:20:44,53510,53510.2,60,53532,60,0,85950
BANKNIFTY-III.NFO,17/04/2025,09:20:45,53510,53512.8,60,53533.8,60,0,85950
BANKNIFTY-III.NFO,17/04/2025,09:20:47,53510,53510.2,90,53529.8,60,0,85950
BANKNIFTY-III.NFO,17/04/2025,09:20:48,53510.2,53510.4,30,53529.8,60,30,85950
BANKNIFTY-III.NFO,17/04/2025,09:20:49,53510.2,53510.4,30,53531.8,60,0,85950
BANKNIFTY-III.NFO,17/04/2025,09:20:50,53510.4,53510.4,30,53531.8,60,30,85950
BANKNIFTY-III.NFO,17/04/2025,09:20:52,53510.4,53510.2,60,53535,60,0,85950
BANKNIFTY-III.NFO,17/04/2025,09:20:53,53510.4,53512.6,30,53535,90,0,85950
BANKNIFTY-III.NFO,17/04/2025,09:20:54,53510.4,53510.4,30,53532.2,60,0,85950
BANKNIFTY-III.NFO,17/04/2025,09:20:57,53510.4,53510.2,60,53530.4,90,0,85950
BANKNIFTY-III.NFO,17/04/2025,09:20:58,53510.4,53510.2,30,53522.2,60,0,85950
BANKNIFTY-III.NFO,17/04/2025,09:20:59,53510.4,53510.2,30,53519.6,60,0,85950
BANKNIFTY-III.NFO,17/04/2025,09:21:00,53510.4,53510.2,30,53521.8,60,0,85950
BANKNIFTY-III.NFO,17/04/2025,09:21:02,53510.4,53510.2,30,53521.4,60,0,85950
BANKNIFTY-III.NFO,17/04/2025,09:21:03,53510.4,53510.2,30,53524.6,90,0,85950
BANKNIFTY-III.NFO,17/04/2025,09:21:04,53510.4,53510.2,30,53524.6,120,0,85950
BANKNIFTY-III.NFO,17/04/2025,09:21:07,53515,53510,30,53524.6,120,30,85950
BANKNIFTY-III.NFO,17/04/2025,09:21:08,53515,53510,30,53521.8,90,0,85950
BANKNIFTY-III.NFO,17/04/2025,09:21:09,53521.8,53510,30,53521.8,90,60,85950
BANKNIFTY-III.NFO,17/04/2025,09:21:11,53521.8,53510,30,53524.4,60,0,85950
BANKNIFTY-III.NFO,17/04/2025,09:21:12,53521.8,53510,60,53524.8,90,0,85950
BANKNIFTY-III.NFO,17/04/2025,09:21:14,53521.8,53510.2,60,53525,30,0,85950
BANKNIFTY-III.NFO,17/04/2025,09:21:16,53521.8,53515,30,53525,30,0,85950
BANKNIFTY-III.NFO,17/04/2025,09:21:17,53525,53518.4,60,53541,60,30,85950
BANKNIFTY-III.NFO,17/04/2025,09:21:18,53525,53520.2,60,53543.8,90,0,85950
BANKNIFTY-III.NFO,17/04/2025,09:21:19,53525,53525,30,53546,60,0,85950
BANKNIFTY-III.NFO,17/04/2025,09:21:21,53525,53528.6,30,53549.8,90,0,85950
BANKNIFTY-III.NFO,17/04/2025,09:21:22,53525,53529.2,60,53549.8,90,0,85950
BANKNIFTY-III.NFO,17/04/2025,09:21:23,53525,53526.4,60,53546.8,60,0,85950
BANKNIFTY-III.NFO,17/04/2025,09:21:24,53525,53526.4,180,53549.6,60,0,85950
BANKNIFTY-III.NFO,17/04/2025,09:21:26,53525,53525.2,90,53545.8,60,0,85950
BANKNIFTY-III.NFO,17/04/2025,09:21:27,53525,53528,60,53549.6,60,0,85950
BANKNIFTY-III.NFO,17/04/2025,09:21:28,53525,53526.6,30,53546.4,60,0,85950
BANKNIFTY-III.NFO,17/04/2025,09:21:29,53525,53525.4,30,53546.4,60,0,85950
BANKNIFTY-III.NFO,17/04/2025,09:21:31,53525,53525,60,53540,60,0,85950
BANKNIFTY-III.NFO,17/04/2025,09:21:32,53537.4,53525,30,53537.4,60,30,85950
BANKNIFTY-III.NFO,17/04/2025,09:21:33,53537.4,53525,30,53540,120,0,85950
BANKNIFTY-III.NFO,17/04/2025,09:21:34,53525,53506.4,30,53527.6,60,30,85950
BANKNIFTY-III.NFO,17/04/2025,09:21:36,53525,53500.8,30,53521.4,60,0,85950
BANKNIFTY-III.NFO,17/04/2025,09:21:37,53516,53494.2,30,53515.6,60,60,85950
BANKNIFTY-III.NFO,17/04/2025,09:21:38,53516,53498.2,60,53516.6,90,0,85950
BANKNIFTY-III.NFO,17/04/2025,09:21:39,53516,53498.2,60,53521,60,0,85950
BANKNIFTY-III.NFO,17/04/2025,09:21:41,53516,53500.2,60,53524.2,60,0,85950
BANKNIFTY-III.NFO,17/04/2025,09:21:42,53516,53502,60,53523.2,60,0,85950
BANKNIFTY-III.NFO,17/04/2025,09:21:43,53516,53502,60,53525.2,30,0,85950
BANKNIFTY-III.NFO,17/04/2025,09:21:44,53516,53507.6,60,53529.6,60,0,85950
BANKNIFTY-III.NFO,17/04/2025,09:21:46,53516,53512.6,30,53533.8,60,0,85950
BANKNIFTY-III.NFO,17/04/2025,09:21:47,53516,53497.2,60,53525.4,60,0,85950
BANKNIFTY-III.NFO,17/04/2025,09:21:48,53516,53505,30,53510.4,60,0,85950
BANKNIFTY-III.NFO,17/04/2025,09:21:49,53500,53490,30,53503.4,60,60,85950
BANKNIFTY-III.NFO,17/04/2025,09:21:51,53490,53480,60,53492.2,90,30,85950
BANKNIFTY-III.NFO,17/04/2025,09:21:52,53490,53480,60,53495,90,0,85950
BANKNIFTY-III.NFO,17/04/2025,09:21:53,53480,53480.2,90,53499.4,60,30,85950
BANKNIFTY-III.NFO,17/04/2025,09:21:54,53480,53480.2,60,53500.6,30,0,85950
BANKNIFTY-III.NFO,17/04/2025,09:21:56,53480,53480,30,53500.4,60,0,85950
BANKNIFTY-III.NFO,17/04/2025,09:21:57,53480,53480,30,53492.6,90,0,85950
BANKNIFTY-III.NFO,17/04/2025,09:21:58,53480,53480,30,53494.4,60,0,85950
BANKNIFTY-III.NFO,17/04/2025,09:21:59,53480,53480,30,53491.8,90,0,85950
BANKNIFTY-III.NFO,17/04/2025,09:22:01,53475,53450.2,90,53473.6,60,60,85950
BANKNIFTY-III.NFO,17/04/2025,09:22:02,53475,53450.2,90,53473.6,60,0,85950
BANKNIFTY-III.NFO,17/04/2025,09:22:03,53475,53450.2,90,53470.4,30,0,85950
BANKNIFTY-III.NFO,17/04/2025,09:22:04,53475,53453.4,60,53474.6,60,0,85950
BANKNIFTY-III.NFO,17/04/2025,09:22:06,53475,53450.4,60,53471.4,60,0,85950
BANKNIFTY-III.NFO,17/04/2025,09:22:07,53475,53451.6,60,53477,60,0,85950
BANKNIFTY-III.NFO,17/04/2025,09:22:08,53475,53450.4,60,53470.8,90,0,85950
BANKNIFTY-III.NFO,17/04/2025,09:22:09,53475,53450.4,60,53475.4,90,0,85950
BANKNIFTY-III.NFO,17/04/2025,09:22:11,53475,53450.4,60,53477.6,60,0,85950
BANKNIFTY-III.NFO,17/04/2025,09:22:12,53475,53450.4,60,53477.6,90,0,85950
BANKNIFTY-III.NFO,17/04/2025,09:22:13,53475,53454.6,90,53474.6,60,0,85950
BANKNIFTY-III.NFO,17/04/2025,09:22:14,53475,53457.8,60,53475,30,0,85950
BANKNIFTY-III.NFO,17/04/2025,09:22:16,53475,53462.6,60,53475,30,0,85950
BANKNIFTY-III.NFO,17/04/2025,09:22:17,53475,53457.8,60,53475,30,0,85950
BANKNIFTY-III.NFO,17/04/2025,09:22:18,53475,53450.8,60,53469.4,90,0,85950
BANKNIFTY-III.NFO,17/04/2025,09:22:19,53475,53450,30,53469.2,90,0,85950
BANKNIFTY-III.NFO,17/04/2025,09:22:21,53475,53450.4,60,53469.2,60,0,85950
BANKNIFTY-III.NFO,17/04/2025,09:22:22,53475,53450,30,53465,60,0,85950
BANKNIFTY-III.NFO,17/04/2025,09:22:23,53475,53450.2,90,53473.8,90,0,85950
BANKNIFTY-III.NFO,17/04/2025,09:22:24,53451.4,53452,60,53474.6,60,30,85950
BANKNIFTY-III.NFO,17/04/2025,09:22:26,53451.4,53453.2,90,53474.8,60,0,85950
BANKNIFTY-III.NFO,17/04/2025,09:22:27,53451.4,53457,60,53474.8,90,0,85950
BANKNIFTY-III.NFO,17/04/2025,09:22:28,53475,53455.6,60,53476.8,90,60,85950
BANKNIFTY-III.NFO,17/04/2025,09:22:29,53475,53461.8,60,53483,60,0,85950
BANKNIFTY-III.NFO,17/04/2025,09:22:31,53475,53459,60,53483,90,0,85950
BANKNIFTY-III.NFO,17/04/2025,09:22:32,53475,53452,30,53473.2,60,0,85950
BANKNIFTY-III.NFO,17/04/2025,09:22:33,53475,53460,30,53469,60,0,85950
BANKNIFTY-III.NFO,17/04/2025,09:22:34,53475,53460,30,53471.4,60,0,85950
BANKNIFTY-III.NFO,17/04/2025,09:22:36,53475,53460.2,90,53479,60,0,85950
BANKNIFTY-III.NFO,17/04/2025,09:22:37,53475,53460.6,60,53480,60,0,85950
BANKNIFTY-III.NFO,17/04/2025,09:22:38,53475,53463.4,30,53482.4,60,0,85950
BANKNIFTY-III.NFO,17/04/2025,09:22:39,53475,53460.4,60,53479.4,60,0,85950
BANKNIFTY-III.NFO,17/04/2025,09:22:41,53475,53460,30,53471,90,0,85950
BANKNIFTY-III.NFO,17/04/2025,09:22:42,53475,53460,30,53470.8,30,0,85950
BANKNIFTY-III.NFO,17/04/2025,09:22:43,53475,53460,30,53473,30,0,85950
BANKNIFTY-III.NFO,17/04/2025,09:22:44,53475,53460,30,53469,90,0,85950
BANKNIFTY-III.NFO,17/04/2025,09:22:46,53466.4,53460,30,53473.6,30,60,85950
BANKNIFTY-III.NFO,17/04/2025,09:22:47,53466.4,53460,30,53473.2,30,0,85950
BANKNIFTY-III.NFO,17/04/2025,09:22:48,53466.4,53460,30,53471.4,90,0,85950
BANKNIFTY-III.NFO,17/04/2025,09:22:49,53466.4,53460,30,53471.2,60,0,85950
BANKNIFTY-III.NFO,17/04/2025,09:22:51,53470,53452.2,60,53471.8,90,30,85950
BANKNIFTY-III.NFO,17/04/2025,09:22:52,53470,53450,30,53460,30,0,85950
BANKNIFTY-III.NFO,17/04/2025,09:22:53,53470,53450,30,53460,60,0,85950
BANKNIFTY-III.NFO,17/04/2025,09:22:54,53470,53450,30,53460,30,0,85950
BANKNIFTY-III.NFO,17/04/2025,09:22:56,53470,53450,30,53456.2,90,0,85950
BANKNIFTY-III.NFO,17/04/2025,09:22:57,53470,53450,30,53460,30,0,85950
BANKNIFTY-III.NFO,17/04/2025,09:23:01,53470,53450,30,53459.8,90,0,85950
BANKNIFTY-III.NFO,17/04/2025,09:23:02,53470,53450,30,53456.8,90,0,85950
BANKNIFTY-III.NFO,17/04/2025,09:23:03,53470,53450,30,53459.6,60,0,85950
BANKNIFTY-III.NFO,17/04/2025,09:23:04,53470,53450,30,53460,30,0,85950
BANKNIFTY-III.NFO,17/04/2025,09:23:06,53470,53450.2,90,53460,30,0,85950
BANKNIFTY-III.NFO,17/04/2025,09:23:07,53470,53450,30,53460,30,0,85950
BANKNIFTY-III.NFO,17/04/2025,09:23:09,53470,53450,60,53460,30,0,85950
BANKNIFTY-III.NFO,17/04/2025,09:23:11,53460,53450.2,60,53466.6,60,30,85950
BANKNIFTY-III.NFO,17/04/2025,09:23:12,53460,53450,30,53459.8,30,0,85950
BANKNIFTY-III.NFO,17/04/2025,09:23:13,53460,53450.2,60,53460,30,0,85950
BANKNIFTY-III.NFO,17/04/2025,09:23:14,53460,53450.2,120,53460,30,0,85950
BANKNIFTY-III.NFO,17/04/2025,09:23:16,53460,53459.2,60,53470,90,30,85950
BANKNIFTY-III.NFO,17/04/2025,09:23:17,53470,53465.6,90,53489.6,30,90,85950
BANKNIFTY-III.NFO,17/04/2025,09:23:18,53470,53465.8,60,53489.6,30,0,85950
BANKNIFTY-III.NFO,17/04/2025,09:23:19,53470,53464.4,30,53485,60,0,85950
BANKNIFTY-III.NFO,17/04/2025,09:23:21,53470,53451.2,90,53473,60,0,85950
BANKNIFTY-III.NFO,17/04/2025,09:23:22,53470,53451,60,53471.2,60,0,85950
BANKNIFTY-III.NFO,17/04/2025,09:23:24,53451.2,53451.2,30,53471.2,60,30,85950
BANKNIFTY-III.NFO,17/04/2025,09:23:26,53451.2,53451,60,53470,60,0,85950
BANKNIFTY-III.NFO,17/04/2025,09:23:27,53472,53451.4,60,53473,60,30,85950
BANKNIFTY-III.NFO,17/04/2025,09:23:28,53472,53456.2,60,53481,60,0,85950
BANKNIFTY-III.NFO,17/04/2025,09:23:29,53472,53456.2,60,53470,60,0,85950
BANKNIFTY-III.NFO,17/04/2025,09:23:31,53472,53451.8,90,53470,60,0,85950
BANKNIFTY-III.NFO,17/04/2025,09:23:32,53472,53455.6,90,53470,60,0,85950
BANKNIFTY-III.NFO,17/04/2025,09:23:34,53472,53455.8,60,53470,60,0,85950
BANKNIFTY-III.NFO,17/04/2025,09:23:37,53470,53456.4,60,53470,30,30,85950
BANKNIFTY-III.NFO,17/04/2025,09:23:38,53470,53456.4,60,53470,30,0,85950
BANKNIFTY-III.NFO,17/04/2025,09:23:39,53470,53452.6,60,53470,30,0,85950
BANKNIFTY-III.NFO,17/04/2025,09:23:42,53470,53451.4,60,53469.6,60,0,85950
BANKNIFTY-III.NFO,17/04/2025,09:23:43,53470,53451.4,60,53460,90,0,85950
BANKNIFTY-III.NFO,17/04/2025,09:23:44,53470,53451.2,90,53460,90,0,85950
BANKNIFTY-III.NFO,17/04/2025,09:23:47,53470,53452,60,53460,90,0,85950
BANKNIFTY-III.NFO,17/04/2025,09:23:48,53460,53460,60,53470,30,90,85950
BANKNIFTY-III.NFO,17/04/2025,09:23:49,53450.8,53452.2,30,53470,60,900,85950
BANKNIFTY-III.NFO,17/04/2025,09:23:51,53450.8,53450.2,60,53470,60,0,85950
BANKNIFTY-III.NFO,17/04/2025,09:23:52,53450.8,53450.2,60,53469.8,60,0,85950
BANKNIFTY-III.NFO,17/04/2025,09:23:54,53450.8,53451.2,30,53469.8,60,0,85950
BANKNIFTY-III.NFO,17/04/2025,09:23:56,53450.8,53451.6,30,53470,30,0,85950
BANKNIFTY-III.NFO,17/04/2025,09:23:58,53450.8,53451.6,30,53470,60,0,85950
BANKNIFTY-III.NFO,17/04/2025,09:23:59,53450.8,53453,30,53469.8,60,0,85950
BANKNIFTY-III.NFO,17/04/2025,09:24:01,53450.8,53451,30,53466.8,60,0,85950
BANKNIFTY-III.NFO,17/04/2025,09:24:02,53450.8,53451,30,53463.6,60,0,85950
BANKNIFTY-III.NFO,17/04/2025,09:24:03,53450.8,53451,30,53457.8,60,0,85950
BANKNIFTY-III.NFO,17/04/2025,09:24:04,53451,53450,30,53463.8,30,30,85950
BANKNIFTY-III.NFO,17/04/2025,09:24:06,53464.8,53450,30,53466.8,60,60,85950
BANKNIFTY-III.NFO,17/04/2025,09:24:07,53464.8,53450,30,53460,30,0,85950
BANKNIFTY-III.NFO,17/04/2025,09:24:08,53464.8,53453.6,30,53460,30,0,85950
BANKNIFTY-III.NFO,17/04/2025,09:24:09,53464.8,53457.4,30,53460,30,0,85950
BANKNIFTY-III.NFO,17/04/2025,09:24:11,53464.8,53451.6,60,53460,30,0,85950
BANKNIFTY-III.NFO,17/04/2025,09:24:12,53464.8,53458,30,53460,30,0,85950
BANKNIFTY-III.NFO,17/04/2025,09:24:13,53460,53456.6,30,53470,30,30,85950
BANKNIFTY-III.NFO,17/04/2025,09:24:14,53460,53457.6,30,53470,30,0,85950
BANKNIFTY-III.NFO,17/04/2025,09:24:15,53470,53458.6,60,53475.4,90,30,85950
BANKNIFTY-III.NFO,17/04/2025,09:24:17,53470,53455.2,60,53472.2,90,0,85950
BANKNIFTY-III.NFO,17/04/2025,09:24:18,53470,53453.2,60,53472.4,90,0,85950
BANKNIFTY-III.NFO,17/04/2025,09:24:19,53470,53454.8,30,53472.6,90,0,85950
BANKNIFTY-III.NFO,17/04/2025,09:24:20,53470,53454.4,30,53471,90,0,85950
BANKNIFTY-III.NFO,17/04/2025,09:24:22,53470,53455.8,60,53474.2,60,0,85950
BANKNIFTY-III.NFO,17/04/2025,09:24:23,53470,53455.4,60,53473,60,0,85950
BANKNIFTY-III.NFO,17/04/2025,09:24:24,53470,53470,30,53477.2,90,0,85950
BANKNIFTY-III.NFO,17/04/2025,09:24:25,53470,53470,30,53485.2,90,0,85950
BANKNIFTY-III.NFO,17/04/2025,09:24:27,53470,53470,30,53482.4,90,0,85950
BANKNIFTY-III.NFO,17/04/2025,09:24:28,53470,53470,60,53485,90,0,85950
BANKNIFTY-III.NFO,17/04/2025,09:24:29,53470,53472.6,30,53487.4,30,0,85950
BANKNIFTY-III.NFO,17/04/2025,09:24:30,53470,53473,60,53487.4,30,0,85950
BANKNIFTY-III.NFO,17/04/2025,09:24:32,53470,53471.4,60,53487.4,30,0,85950
BANKNIFTY-III.NFO,17/04/2025,09:24:33,53470,53470.8,60,53487.2,90,0,85950
BANKNIFTY-III.NFO,17/04/2025,09:24:34,53470,53470,30,53484,90,0,85950
BANKNIFTY-III.NFO,17/04/2025,09:24:35,53470,53470.2,30,53486.4,90,0,85950
BANKNIFTY-III.NFO,17/04/2025,09:24:37,53470,53470,30,53485.8,60,0,85950
BANKNIFTY-III.NFO,17/04/2025,09:24:38,53470,53470.2,60,53487,60,0,85950
BANKNIFTY-III.NFO,17/04/2025,09:24:39,53470,53470,30,53483.6,90,0,85950
BANKNIFTY-III.NFO,17/04/2025,09:24:40,53470,53470,30,53485.2,240,0,85950
BANKNIFTY-III.NFO,17/04/2025,09:24:42,53470,53470,30,53483.8,60,0,85950
BANKNIFTY-III.NFO,17/04/2025,09:24:43,53470,53470,30,53479.8,90,0,85950
BANKNIFTY-III.NFO,17/04/2025,09:24:44,53470,53451.6,30,53468.2,90,30,86040
BANKNIFTY-III.NFO,17/04/2025,09:24:45,53470,53450.8,30,53465.2,90,0,86040
BANKNIFTY-III.NFO,17/04/2025,09:24:46,53464,53451,60,53467.2,90,60,86040
BANKNIFTY-III.NFO,17/04/2025,09:24:48,53464,53450.8,30,53465,90,0,86040
BANKNIFTY-III.NFO,17/04/2025,09:24:49,53459.6,53450.8,30,53464,30,120,86040
BANKNIFTY-III.NFO,17/04/2025,09:24:50,53459.6,53451.6,60,53466.2,60,0,86040
BANKNIFTY-III.NFO,17/04/2025,09:24:51,53459.6,53453,90,53470,60,0,86040
BANKNIFTY-III.NFO,17/04/2025,09:24:53,53459.6,53455,90,53470,30,0,86040
BANKNIFTY-III.NFO,17/04/2025,09:24:54,53459.6,53456,90,53470,30,0,86040
BANKNIFTY-III.NFO,17/04/2025,09:24:55,53459.6,53454.6,60,53470,30,0,86040
BANKNIFTY-III.NFO,17/04/2025,09:24:56,53459.6,53454.8,90,53470,30,0,86040
BANKNIFTY-III.NFO,17/04/2025,09:24:58,53459.6,53455.2,60,53470,30,0,86040
BANKNIFTY-III.NFO,17/04/2025,09:24:59,53459.6,53453.4,60,53469.8,90,0,86040
BANKNIFTY-III.NFO,17/04/2025,09:25:00,53464.2,53450.8,30,53462.8,90,30,86040
BANKNIFTY-III.NFO,17/04/2025,09:25:01,53464.2,53450.8,30,53455.8,60,0,86040
BANKNIFTY-III.NFO,17/04/2025,09:25:03,53450.8,53450,60,53450.8,60,30,86040
BANKNIFTY-III.NFO,17/04/2025,09:25:04,53450,53431.4,60,53449.8,90,60,86040
BANKNIFTY-III.NFO,17/04/2025,09:25:05,53450,53438.2,90,53450,30,0,86040
BANKNIFTY-III.NFO,17/04/2025,09:25:06,53450,53443,90,53461.2,90,30,86040
BANKNIFTY-III.NFO,17/04/2025,09:25:08,53450,53446.8,30,53464,120,0,86040
BANKNIFTY-III.NFO,17/04/2025,09:25:09,53450,53446.2,60,53464.4,90,0,86040
BANKNIFTY-III.NFO,17/04/2025,09:25:10,53450,53448.6,30,53464.8,60,0,86040
BANKNIFTY-III.NFO,17/04/2025,09:25:11,53450,53444.6,60,53464,90,0,86040
BANKNIFTY-III.NFO,17/04/2025,09:25:13,53450,53445.6,90,53461.6,60,0,86040
BANKNIFTY-III.NFO,17/04/2025,09:25:14,53450,53446.6,90,53455,30,0,86040
BANKNIFTY-III.NFO,17/04/2025,09:25:15,53450,53447,30,53455,30,0,86040
BANKNIFTY-III.NFO,17/04/2025,09:25:16,53450,53447.4,60,53455,30,0,86040
BANKNIFTY-III.NFO,17/04/2025,09:25:17,53450,53446.2,60,53455,30,0,86040
BANKNIFTY-III.NFO,17/04/2025,09:25:19,53450,53444,90,53455,30,0,86040
BANKNIFTY-III.NFO,17/04/2025,09:25:20,53450,53445,60,53455,30,0,86040
BANKNIFTY-III.NFO,17/04/2025,09:25:21,53450,53441.4,60,53455,30,0,86040
BANKNIFTY-III.NFO,17/04/2025,09:25:22,53450,53435,30,53450.2,60,0,86040
BANKNIFTY-III.NFO,17/04/2025,09:25:24,53449.2,53430.6,30,53445,60,60,86040
BANKNIFTY-III.NFO,17/04/2025,09:25:25,53449.2,53430,30,53442.2,60,0,86040
BANKNIFTY-III.NFO,17/04/2025,09:25:26,53449.2,53430,30,53441.4,60,0,86040
BANKNIFTY-III.NFO,17/04/2025,09:25:27,53449.2,53430,30,53440,60,0,86040
BANKNIFTY-III.NFO,17/04/2025,09:25:29,53449.2,53432,90,53447.8,60,0,86040
BANKNIFTY-III.NFO,17/04/2025,09:25:30,53449.2,53430,60,53444.6,60,0,86040
BANKNIFTY-III.NFO,17/04/2025,09:25:31,53449.2,53430.4,60,53448.6,150,0,86040
BANKNIFTY-III.NFO,17/04/2025,09:25:32,53449.2,53430,60,53444.8,60,0,86040
BANKNIFTY-III.NFO,17/04/2025,09:25:34,53449.2,53430,30,53442.4,90,0,86040
BANKNIFTY-III.NFO,17/04/2025,09:25:35,53438.4,53430,30,53441.6,60,30,86040
BANKNIFTY-III.NFO,17/04/2025,09:25:36,53438.4,53430,30,53440.6,60,0,86040
BANKNIFTY-III.NFO,17/04/2025,09:25:37,53438.4,53430,30,53434.2,60,0,86040
BANKNIFTY-III.NFO,17/04/2025,09:25:39,53430,53413.4,90,53431.4,90,30,86040
BANKNIFTY-III.NFO,17/04/2025,09:25:40,53426.8,53412.2,90,53428.6,60,30,86040
BANKNIFTY-III.NFO,17/04/2025,09:25:41,53430,53414.6,60,53430.4,60,30,86040
BANKNIFTY-III.NFO,17/04/2025,09:25:42,53430,53412.4,60,53430.8,60,0,86040
BANKNIFTY-III.NFO,17/04/2025,09:25:44,53430,53417,60,53434.2,60,0,86040
BANKNIFTY-III.NFO,17/04/2025,09:25:45,53430,53419.6,60,53436.6,60,0,86040
BANKNIFTY-III.NFO,17/04/2025,09:25:46,53430,53418.4,60,53436,90,0,86040
BANKNIFTY-III.NFO,17/04/2025,09:25:47,53430,53414.8,90,53433.2,90,0,86040
BANKNIFTY-III.NFO,17/04/2025,09:25:49,53430,53410.6,60,53427,60,0,86040
BANKNIFTY-III.NFO,17/04/2025,09:25:50,53430,53413.8,60,53435,60,0,86040
BANKNIFTY-III.NFO,17/04/2025,09:25:51,53430,53416.4,90,53432.8,90,0,86040
BANKNIFTY-III.NFO,17/04/2025,09:25:52,53427.2,53412.6,30,53432.6,60,60,86040
BANKNIFTY-III.NFO,17/04/2025,09:25:54,53427.2,53412.8,60,53432.6,60,0,86040
BANKNIFTY-III.NFO,17/04/2025,09:25:56,53427.2,53415.2,60,53436.6,60,0,86040
BANKNIFTY-III.NFO,17/04/2025,09:25:57,53427.2,53417,90,53438.4,60,0,86040
BANKNIFTY-III.NFO,17/04/2025,09:25:58,53427.2,53419,60,53440.6,60,0,86040
BANKNIFTY-III.NFO,17/04/2025,09:26:00,53427.2,53424.6,60,53447.8,60,0,86040
BANKNIFTY-III.NFO,17/04/2025,09:26:01,53437.6,53438.8,60,53458.6,60,30,86040
BANKNIFTY-III.NFO,17/04/2025,09:26:02,53437.6,53443,60,53462,60,0,86040
BANKNIFTY-III.NFO,17/04/2025,09:26:03,53437.6,53435,60,53458,30,0,86040
BANKNIFTY-III.NFO,17/04/2025,09:26:05,53437.6,53432,60,53454.8,30,0,86040
BANKNIFTY-III.NFO,17/04/2025,09:26:06,53437.6,53437.4,90,53458,30,0,86040
BANKNIFTY-III.NFO,17/04/2025,09:26:07,53437.6,53432.8,60,53455.8,60,0,86040
BANKNIFTY-III.NFO,17/04/2025,09:26:08,53437.6,53432.2,60,53453.6,30,0,86040
BANKNIFTY-III.NFO,17/04/2025,09:26:10,53437.6,53425.4,30,53449.2,30,0,86040
BANKNIFTY-III.NFO,17/04/2025,09:26:11,53437.6,53420.8,60,53443.6,30,0,86040
BANKNIFTY-III.NFO,17/04/2025,09:26:12,53437.6,53419.4,60,53443.6,30,0,86040
BANKNIFTY-III.NFO,17/04/2025,09:26:13,53437.6,53440,30,53449.2,30,0,86040
BANKNIFTY-III.NFO,17/04/2025,09:26:15,53437.6,53440,30,53446.6,60,0,86040
BANKNIFTY-III.NFO,17/04/2025,09:26:16,53437.6,53440,30,53449,30,0,86040
BANKNIFTY-III.NFO,17/04/2025,09:26:17,53449,53440,30,53448,60,30,86040
BANKNIFTY-III.NFO,17/04/2025,09:26:18,53449,53440,30,53453.6,60,0,86040
BANKNIFTY-III.NFO,17/04/2025,09:26:19,53449,53440,30,53452.6,60,0,86040
BANKNIFTY-III.NFO,17/04/2025,09:26:21,53449,53440,30,53454.2,60,0,86040
BANKNIFTY-III.NFO,17/04/2025,09:26:22,53453.6,53440,30,53455.8,60,30,86040
BANKNIFTY-III.NFO,17/04/2025,09:26:23,53453.6,53440,30,53455.8,60,0,86040
BANKNIFTY-III.NFO,17/04/2025,09:26:26,53448,53437.8,90,53455.8,60,30,86040
BANKNIFTY-III.NFO,17/04/2025,09:26:27,53448,53437.6,30,53453,60,0,86040
BANKNIFTY-III.NFO,17/04/2025,09:26:30,53448,53437.6,30,53448.8,60,0,86040
BANKNIFTY-III.NFO,17/04/2025,09:26:33,53448,53430.2,60,53451.4,60,0,86040
BANKNIFTY-III.NFO,17/04/2025,09:26:34,53448,53431.8,60,53451.6,30,0,86040
BANKNIFTY-III.NFO,17/04/2025,09:26:35,53448,53431.2,60,53451.6,30,0,86040
BANKNIFTY-III.NFO,17/04/2025,09:26:37,53448,53433.6,90,53454.8,30,0,86040
BANKNIFTY-III.NFO,17/04/2025,09:26:38,53448,53433.8,60,53454.8,60,0,86040
BANKNIFTY-III.NFO,17/04/2025,09:26:39,53448,53435.8,60,53455,60,0,86040
BANKNIFTY-III.NFO,17/04/2025,09:26:40,53448,53432.4,90,53455,60,0,86040
BANKNIFTY-III.NFO,17/04/2025,09:26:42,53448,53440.4,90,53455,30,0,86040
BANKNIFTY-III.NFO,17/04/2025,09:26:44,53448,53435.2,90,53454.8,60,0,86040
BANKNIFTY-III.NFO,17/04/2025,09:26:45,53448,53436.4,60,53454.8,60,0,86040
BANKNIFTY-III.NFO,17/04/2025,09:26:46,53448,53429.4,60,53453,60,0,86040
BANKNIFTY-III.NFO,17/04/2025,09:26:48,53448,53424.6,60,53450.8,60,0,86040
BANKNIFTY-III.NFO,17/04/2025,09:26:49,53448,53437,30,53445,60,0,86040
BANKNIFTY-III.NFO,17/04/2025,09:26:50,53448,53437,30,53440.8,60,0,86040
BANKNIFTY-III.NFO,17/04/2025,09:26:53,53448,53437,30,53447.6,30,0,86040
BANKNIFTY-III.NFO,17/04/2025,09:26:54,53448,53437,30,53448,30,0,86040
BANKNIFTY-III.NFO,17/04/2025,09:26:55,53448,53437.2,60,53451,30,0,86040
BANKNIFTY-III.NFO,17/04/2025,09:26:56,53448,53437.2,60,53454.8,60,0,86040
BANKNIFTY-III.NFO,17/04/2025,09:26:58,53437,53429.6,60,53451.6,60,30,86040
BANKNIFTY-III.NFO,17/04/2025,09:26:59,53437,53431.4,60,53451.6,60,0,86040
BANKNIFTY-III.NFO,17/04/2025,09:27:00,53437,53429.2,60,53451.2,60,0,86040
BANKNIFTY-III.NFO,17/04/2025,09:27:01,53437,53426.4,60,53450.6,60,0,86040
BANKNIFTY-III.NFO,17/04/2025,09:27:03,53437,53431.8,60,53454,30,0,86040
BANKNIFTY-III.NFO,17/04/2025,09:27:04,53437,53438.6,90,53455,60,0,86040
BANKNIFTY-III.NFO,17/04/2025,09:27:05,53437,53446.2,90,53455,30,0,86040
BANKNIFTY-III.NFO,17/04/2025,09:27:06,53470,53458.8,60,53481.4,60,60,86040
BANKNIFTY-III.NFO,17/04/2025,09:27:07,53470,53452.4,90,53476.6,60,0,86040
BANKNIFTY-III.NFO,17/04/2025,09:27:09,53470,53459.2,90,53478.8,60,0,86040
BANKNIFTY-III.NFO,17/04/2025,09:27:10,53470,53460.2,90,53479,30,0,86040
BANKNIFTY-III.NFO,17/04/2025,09:27:11,53462.6,53465,90,53484,60,30,86040
BANKNIFTY-III.NFO,17/04/2025,09:27:13,53462.6,53462.8,60,53484,60,0,86040
BANKNIFTY-III.NFO,17/04/2025,09:27:14,53462.6,53467,90,53487.2,60,0,86040
BANKNIFTY-III.NFO,17/04/2025,09:27:15,53462.6,53469.2,60,53487.2,60,0,86040
BANKNIFTY-III.NFO,17/04/2025,09:27:16,53462.6,53467.6,60,53487.2,90,0,86040
BANKNIFTY-III.NFO,17/04/2025,09:27:17,53462.6,53470.6,60,53487.4,60,0,86040
BANKNIFTY-III.NFO,17/04/2025,09:27:19,53462.6,53468.6,60,53487.2,60,0,86040
BANKNIFTY-III.NFO,17/04/2025,09:27:20,53462.6,53468.6,60,53487.4,30,0,86040
BANKNIFTY-III.NFO,17/04/2025,09:27:21,53462.6,53474.4,90,53487.4,30,0,86040
BANKNIFTY-III.NFO,17/04/2025,09:27:22,53462.6,53477.2,90,53487.4,30,0,86040
BANKNIFTY-III.NFO,17/04/2025,09:27:24,53487.4,53484.8,60,53490,90,30,86040
BANKNIFTY-III.NFO,17/04/2025,09:27:25,53487.4,53474.6,90,53490,90,0,86040
BANKNIFTY-III.NFO,17/04/2025,09:27:26,53490,53475.8,90,53490,60,30,86040
BANKNIFTY-III.NFO,17/04/2025,09:27:27,53490,53470.8,60,53489.8,60,0,86040
BANKNIFTY-III.NFO,17/04/2025,09:27:29,53490,53471.4,60,53489.8,30,0,86040
BANKNIFTY-III.NFO,17/04/2025,09:27:30,53490,53472.6,60,53489.8,60,0,86040
BANKNIFTY-III.NFO,17/04/2025,09:27:31,53500.6,53471.8,60,53498.6,60,900,86040
BANKNIFTY-III.NFO,17/04/2025,09:27:32,53500.6,53471.4,60,53499.6,30,0,86040
BANKNIFTY-III.NFO,17/04/2025,09:27:34,53500.6,53470.8,60,53490,60,0,86040
BANKNIFTY-III.NFO,17/04/2025,09:27:36,53500.6,53476.6,60,53490,60,0,86040
BANKNIFTY-III.NFO,17/04/2025,09:27:37,53500.6,53473.4,60,53490,60,0,86040
BANKNIFTY-III.NFO,17/04/2025,09:27:39,53500.6,53472,30,53490,60,0,86040
BANKNIFTY-III.NFO,17/04/2025,09:27:41,53500.6,53483,60,53490,60,0,86040
BANKNIFTY-III.NFO,17/04/2025,09:27:42,53500.6,53488.8,30,53490,60,0,86040
BANKNIFTY-III.NFO,17/04/2025,09:27:44,53500.6,53481.4,60,53490,60,0,86040
BANKNIFTY-III.NFO,17/04/2025,09:27:45,53500.6,53482.2,60,53490,60,0,86040
BANKNIFTY-III.NFO,17/04/2025,09:27:46,53500.6,53477.4,60,53490,60,0,86040
BANKNIFTY-III.NFO,17/04/2025,09:27:49,53500.6,53480.4,60,53490,60,0,86040
BANKNIFTY-III.NFO,17/04/2025,09:27:50,53500.6,53483.2,60,53490,60,0,86040
BANKNIFTY-III.NFO,17/04/2025,09:27:51,53490,53488.2,60,53501.6,60,60,86880
BANKNIFTY-III.NFO,17/04/2025,09:27:52,53490,53490.8,30,53505,60,0,86880
BANKNIFTY-III.NFO,17/04/2025,09:27:54,53490,53490.6,60,53504.8,60,0,86880
BANKNIFTY-III.NFO,17/04/2025,09:27:55,53490,53490.8,60,53506.6,60,0,86880
BANKNIFTY-III.NFO,17/04/2025,09:27:56,53490,53493.2,60,53506.4,60,0,86880
BANKNIFTY-III.NFO,17/04/2025,09:27:57,53490,53490.6,30,53504.2,60,0,86880
BANKNIFTY-III.NFO,17/04/2025,09:27:59,53490,53485.4,60,53500.8,60,0,86880
BANKNIFTY-III.NFO,17/04/2025,09:28:00,53490,53487.8,30,53503.2,60,0,86880
BANKNIFTY-III.NFO,17/04/2025,09:28:01,53490,53485.4,60,53510,30,0,86880
BANKNIFTY-III.NFO,17/04/2025,09:28:02,53490,53495.8,60,53510,30,0,86880
BANKNIFTY-III.NFO,17/04/2025,09:28:04,53490,53487.4,30,53508.8,60,0,86880
BANKNIFTY-III.NFO,17/04/2025,09:28:05,53490,53482.2,60,53507.6,60,0,86880
BANKNIFTY-III.NFO,17/04/2025,09:28:06,53490,53487.2,60,53501.8,60,0,86880
BANKNIFTY-III.NFO,17/04/2025,09:28:07,53487.4,53487.4,30,53503.6,30,30,86880
BANKNIFTY-III.NFO,17/04/2025,09:28:10,53487.4,53491.4,60,53507.4,30,0,86880
BANKNIFTY-III.NFO,17/04/2025,09:28:11,53487.4,53491.8,60,53506.8,60,0,86880
BANKNIFTY-III.NFO,17/04/2025,09:28:12,53487.4,53491.2,60,53504.4,60,0,86880
BANKNIFTY-III.NFO,17/04/2025,09:28:14,53487.4,53494.2,90,53508.4,60,0,86880
BANKNIFTY-III.NFO,17/04/2025,09:28:15,53487.4,53491.2,30,53505.8,30,0,86880
BANKNIFTY-III.NFO,17/04/2025,09:28:16,53487.4,53500,150,53504.6,60,0,86880
BANKNIFTY-III.NFO,17/04/2025,09:28:18,53487.4,53500,150,53506.8,60,0,86880
BANKNIFTY-III.NFO,17/04/2025,09:28:19,53487.4,53500,150,53504.2,60,0,86880
BANKNIFTY-III.NFO,17/04/2025,09:28:20,53500,53500,90,53506.2,30,60,86880
BANKNIFTY-III.NFO,17/04/2025,09:28:21,53500,53487.4,30,53500.6,30,90,86880
BANKNIFTY-III.NFO,17/04/2025,09:28:23,53500,53487.4,30,53495.4,90,0,86880
BANKNIFTY-III.NFO,17/04/2025,09:28:24,53500,53487.4,30,53489.8,30,0,86880
BANKNIFTY-III.NFO,17/04/2025,09:28:25,53487.4,53480,30,53496.6,30,30,86880
BANKNIFTY-III.NFO,17/04/2025,09:28:26,53487.4,53480,30,53484.6,30,0,86880
BANKNIFTY-III.NFO,17/04/2025,09:28:28,53487.4,53480,30,53486.8,30,0,86880
BANKNIFTY-III.NFO,17/04/2025,09:28:29,53487.4,53480,30,53484.8,30,0,86880
BANKNIFTY-III.NFO,17/04/2025,09:28:30,53487.4,53480,30,53482.4,30,0,86880
BANKNIFTY-III.NFO,17/04/2025,09:28:31,53487.4,53480,30,53485.6,30,0,86880
BANKNIFTY-III.NFO,17/04/2025,09:28:33,53480,53467,60,53489,60,30,86880
BANKNIFTY-III.NFO,17/04/2025,09:28:34,53480,53459.6,60,53480.4,30,0,86880
BANKNIFTY-III.NFO,17/04/2025,09:28:35,53480,53457.4,60,53479.6,30,0,86880
BANKNIFTY-III.NFO,17/04/2025,09:28:36,53480,53465.2,60,53487,30,0,86880
BANKNIFTY-III.NFO,17/04/2025,09:28:38,53480,53461.2,90,53485.2,30,0,86880
BANKNIFTY-III.NFO,17/04/2025,09:28:39,53480,53462,60,53482.6,30,0,86880
BANKNIFTY-III.NFO,17/04/2025,09:28:40,53480,53457.4,60,53480,30,0,86880
BANKNIFTY-III.NFO,17/04/2025,09:28:41,53480,53457.4,60,53477.6,30,30,86880
BANKNIFTY-III.NFO,17/04/2025,09:28:43,53480,53457.8,60,53483.2,30,0,86880
BANKNIFTY-III.NFO,17/04/2025,09:28:44,53480,53457.8,60,53480.6,30,0,86880
BANKNIFTY-III.NFO,17/04/2025,09:28:45,53480,53455,60,53474.6,30,0,86880
BANKNIFTY-III.NFO,17/04/2025,09:28:46,53480,53455,60,53477,30,0,86880
BANKNIFTY-III.NFO,17/04/2025,09:28:47,53480,53455,60,53476.2,30,0,86880
BANKNIFTY-III.NFO,17/04/2025,09:28:49,53480,53452.4,30,53472.6,30,0,86880
BANKNIFTY-III.NFO,17/04/2025,09:28:50,53480,53450,60,53461.8,30,0,86880
BANKNIFTY-III.NFO,17/04/2025,09:28:51,53463.8,53450,60,53457.2,30,60,86880
BANKNIFTY-III.NFO,17/04/2025,09:28:52,53463.8,53450,90,53464.4,30,0,86880
BANKNIFTY-III.NFO,17/04/2025,09:28:54,53463.8,53450,60,53459.2,30,0,86880
BANKNIFTY-III.NFO,17/04/2025,09:28:55,53463.8,53450,60,53461.8,30,0,86880
BANKNIFTY-III.NFO,17/04/2025,09:28:56,53463.8,53450.2,90,53466.8,30,0,86880
BANKNIFTY-III.NFO,17/04/2025,09:28:57,53463.8,53450,60,53462,30,0,86880
BANKNIFTY-III.NFO,17/04/2025,09:28:59,53463.8,53450,60,53459.2,30,0,86880
BANKNIFTY-III.NFO,17/04/2025,09:29:00,53450,53432.4,60,53452.8,30,60,86880
BANKNIFTY-III.NFO,17/04/2025,09:29:01,53450,53430.2,60,53449.4,60,0,86880
BANKNIFTY-III.NFO,17/04/2025,09:29:02,53450,53427.8,60,53451.8,30,0,86880
BANKNIFTY-III.NFO,17/04/2025,09:29:04,53450,53428.2,60,53451.8,30,0,86880
BANKNIFTY-III.NFO,17/04/2025,09:29:05,53450,53430.6,60,53451.2,30,0,86880
BANKNIFTY-III.NFO,17/04/2025,09:29:06,53450,53430.6,60,53457.4,30,0,86880
BANKNIFTY-III.NFO,17/04/2025,09:29:07,53450,53434.6,60,53459,30,0,86880
BANKNIFTY-III.NFO,17/04/2025,09:29:09,53450,53448.4,60,53471.2,30,0,86880
BANKNIFTY-III.NFO,17/04/2025,09:29:10,53450,53448.4,60,53468,60,0,86880
BANKNIFTY-III.NFO,17/04/2025,09:29:11,53450,53440.4,60,53459.2,30,0,86880
BANKNIFTY-III.NFO,17/04/2025,09:29:12,53450,53436.4,60,53458.2,30,0,86880
BANKNIFTY-III.NFO,17/04/2025,09:29:14,53450,53436.4,60,53456.6,30,0,86880
BANKNIFTY-III.NFO,17/04/2025,09:29:15,53450,53436.4,60,53455,30,0,86880
BANKNIFTY-III.NFO,17/04/2025,09:29:16,53450,53428.8,60,53446.4,30,0,86880
BANKNIFTY-III.NFO,17/04/2025,09:29:17,53450,53427,60,53447.4,30,0,86880
BANKNIFTY-III.NFO,17/04/2025,09:29:19,53450,53432.4,60,53454.2,30,60,86880
BANKNIFTY-III.NFO,17/04/2025,09:29:20,53450,53425.4,60,53447.6,60,0,86880
BANKNIFTY-III.NFO,17/04/2025,09:29:21,53450,53422.2,60,53444.4,30,0,86880
BANKNIFTY-III.NFO,17/04/2025,09:29:22,53450,53425.2,60,53452.4,30,0,86880
BANKNIFTY-III.NFO,17/04/2025,09:29:24,53450,53431.6,60,53450,30,0,86880
BANKNIFTY-III.NFO,17/04/2025,09:29:25,53450,53433.4,60,53450,30,0,86880
BANKNIFTY-III.NFO,17/04/2025,09:29:27,53450,53439.8,60,53450,30,0,86880
BANKNIFTY-III.NFO,17/04/2025,09:29:30,53450,53434.6,90,53450,30,0,86880
BANKNIFTY-III.NFO,17/04/2025,09:29:31,53450,53440.8,60,53450,30,0,86880
BANKNIFTY-III.NFO,17/04/2025,09:29:32,53450,53438.2,60,53450,30,0,86880
BANKNIFTY-III.NFO,17/04/2025,09:29:35,53450,53439,60,53450,30,0,86880
BANKNIFTY-III.NFO,17/04/2025,09:29:39,53450,53434.8,60,53450,30,0,86880
BANKNIFTY-III.NFO,17/04/2025,09:29:42,53450,53439.2,90,53450,30,0,86880
BANKNIFTY-III.NFO,17/04/2025,09:29:43,53450,53440.4,60,53450,30,0,86880
BANKNIFTY-III.NFO,17/04/2025,09:29:45,53450,53443,60,53450,30,0,86880
BANKNIFTY-III.NFO,17/04/2025,09:29:48,53450,53445.8,60,53450,30,0,86880
BANKNIFTY-III.NFO,17/04/2025,09:29:50,53450,53448.4,60,53477.6,30,30,86880
BANKNIFTY-III.NFO,17/04/2025,09:29:51,53450,53455.4,60,53476.8,30,0,86880
BANKNIFTY-III.NFO,17/04/2025,09:29:52,53450,53453,90,53472.8,30,0,86880
BANKNIFTY-III.NFO,17/04/2025,09:29:55,53450,53453,90,53471.4,30,0,86880
BANKNIFTY-III.NFO,17/04/2025,09:29:56,53450,53445.8,60,53464.4,30,0,86880
BANKNIFTY-III.NFO,17/04/2025,09:29:57,53450,53447.6,60,53467.6,30,0,86880
BANKNIFTY-III.NFO,17/04/2025,09:29:58,53450,53447.6,120,53471.6,30,0,86880
BANKNIFTY-III.NFO,17/04/2025,09:30:00,53450,53453,60,53474.8,30,0,86880
BANKNIFTY-III.NFO,17/04/2025,09:30:01,53450,53450.4,60,53474,90,0,86880
BANKNIFTY-III.NFO,17/04/2025,09:30:02,53450,53451,60,53474,30,0,86880
BANKNIFTY-III.NFO,17/04/2025,09:30:03,53450,53452,60,53483.4,30,0,86880
BANKNIFTY-III.NFO,17/04/2025,09:30:05,53450,53460,60,53477.8,30,0,86880
BANKNIFTY-III.NFO,17/04/2025,09:30:06,53450,53460,60,53482.8,30,0,86880
BANKNIFTY-III.NFO,17/04/2025,09:30:07,53450,53458.6,60,53477.8,30,0,86880
BANKNIFTY-III.NFO,17/04/2025,09:30:08,53450,53447.6,60,53467.2,30,0,86880
BANKNIFTY-III.NFO,17/04/2025,09:30:10,53450,53443,60,53464.2,30,0,86880
BANKNIFTY-III.NFO,17/04/2025,09:30:11,53450,53440.4,60,53458,30,0,86880
BANKNIFTY-III.NFO,17/04/2025,09:30:12,53450,53440.4,60,53459.2,30,0,86880
BANKNIFTY-III.NFO,17/04/2025,09:30:13,53450,53440.4,60,53463.6,30,0,86880
BANKNIFTY-III.NFO,17/04/2025,09:30:15,53450,53440.4,120,53463.4,30,0,86880
BANKNIFTY-III.NFO,17/04/2025,09:30:17,53450,53443.2,60,53465.2,30,0,86880
BANKNIFTY-III.NFO,17/04/2025,09:30:18,53450,53438.6,60,53455.6,30,0,86880
BANKNIFTY-III.NFO,17/04/2025,09:30:19,53450,53437.2,60,53456,30,0,86880
BANKNIFTY-III.NFO,17/04/2025,09:30:21,53450,53437.2,60,53461,90,0,86880
BANKNIFTY-III.NFO,17/04/2025,09:30:22,53450,53438,60,53458.6,30,0,86880
BANKNIFTY-III.NFO,17/04/2025,09:30:23,53450,53438.8,60,53468.2,60,0,86880
BANKNIFTY-III.NFO,17/04/2025,09:30:25,53450,53438.8,60,53459.6,30,0,86880
BANKNIFTY-III.NFO,17/04/2025,09:30:26,53450,53450,90,53459.6,30,0,86880
BANKNIFTY-III.NFO,17/04/2025,09:30:27,53450,53450.2,30,53464.8,30,0,86880
BANKNIFTY-III.NFO,17/04/2025,09:30:28,53450,53450.4,60,53472.4,60,0,86880
BANKNIFTY-III.NFO,17/04/2025,09:30:30,53450,53450.4,60,53473.6,30,0,86880
BANKNIFTY-III.NFO,17/04/2025,09:30:31,53450,53454.8,60,53475.6,30,0,86880
BANKNIFTY-III.NFO,17/04/2025,09:30:32,53450,53454.8,60,53476.6,30,0,86880
BANKNIFTY-III.NFO,17/04/2025,09:30:33,53450,53460.2,60,53482,30,0,86880
BANKNIFTY-III.NFO,17/04/2025,09:30:35,53450,53460.2,60,53479.6,30,0,86880
BANKNIFTY-III.NFO,17/04/2025,09:30:36,53450,53454.8,60,53472,30,0,86880
BANKNIFTY-III.NFO,17/04/2025,09:30:37,53450,53453.6,60,53475.4,30,0,86880
BANKNIFTY-III.NFO,17/04/2025,09:30:38,53450,53456.2,60,53476,30,0,86880
BANKNIFTY-III.NFO,17/04/2025,09:30:40,53450,53456.2,60,53477.2,30,0,86880
BANKNIFTY-III.NFO,17/04/2025,09:30:41,53450,53456.2,60,53476.2,30,0,86880
BANKNIFTY-III.NFO,17/04/2025,09:30:42,53450,53456.2,60,53475.4,30,0,86880
BANKNIFTY-III.NFO,17/04/2025,09:30:43,53450,53459,60,53478,30,0,86880
BANKNIFTY-III.NFO,17/04/2025,09:30:45,53450,53459,60,53478.8,30,0,86880
BANKNIFTY-III.NFO,17/04/2025,09:30:46,53450,53456.2,60,53477.2,30,0,86880
BANKNIFTY-III.NFO,17/04/2025,09:30:47,53457.4,53460,60,53482.8,30,30,86940
BANKNIFTY-III.NFO,17/04/2025,09:30:48,53457.4,53462.6,60,53482.6,30,0,86940
BANKNIFTY-III.NFO,17/04/2025,09:30:50,53457.4,53460.4,60,53481.8,30,0,86940
BANKNIFTY-III.NFO,17/04/2025,09:30:51,53457.4,53460.4,60,53481.6,30,0,86940
BANKNIFTY-III.NFO,17/04/2025,09:30:52,53457.4,53460.8,60,53481.8,30,0,86940
BANKNIFTY-III.NFO,17/04/2025,09:30:53,53457.4,53460.8,60,53479,30,0,86940
BANKNIFTY-III.NFO,17/04/2025,09:30:55,53457.4,53456.8,60,53479.4,30,0,86940
BANKNIFTY-III.NFO,17/04/2025,09:30:56,53457.4,53458,60,53480,30,0,86940
BANKNIFTY-III.NFO,17/04/2025,09:30:58,53457.4,53456.8,60,53477.4,30,0,86940
BANKNIFTY-III.NFO,17/04/2025,09:30:59,53457.4,53455.6,90,53475.2,30,0,86940
BANKNIFTY-III.NFO,17/04/2025,09:31:01,53457.4,53454.8,60,53474.4,30,0,86940
BANKNIFTY-III.NFO,17/04/2025,09:31:02,53457.4,53456,60,53477.2,30,0,86940
BANKNIFTY-III.NFO,17/04/2025,09:31:03,53457.4,53456,60,53476.6,30,0,86940
BANKNIFTY-III.NFO,17/04/2025,09:31:04,53457.4,53456,60,53475.2,30,0,86940
BANKNIFTY-III.NFO,17/04/2025,09:31:05,53457.4,53454.8,60,53474.2,30,0,86940
BANKNIFTY-III.NFO,17/04/2025,09:31:07,53457.4,53454.8,60,53476.4,30,0,86940
BANKNIFTY-III.NFO,17/04/2025,09:31:08,53457.4,53458.4,60,53479.8,30,0,86940
BANKNIFTY-III.NFO,17/04/2025,09:31:09,53457.4,53461,60,53483.6,30,0,86940
BANKNIFTY-III.NFO,17/04/2025,09:31:10,53457.4,53471.2,60,53492.8,30,0,86940
BANKNIFTY-III.NFO,17/04/2025,09:31:12,53457.4,53471.8,60,53496.4,30,0,86940
BANKNIFTY-III.NFO,17/04/2025,09:31:13,53457.4,53476.8,90,53496.4,30,0,86940
BANKNIFTY-III.NFO,17/04/2025,09:31:14,53457.4,53484.2,90,53496.4,30,0,86940
BANKNIFTY-III.NFO,17/04/2025,09:31:17,53457.4,53481.8,90,53496.4,30,0,86940
BANKNIFTY-III.NFO,17/04/2025,09:31:19,53457.4,53484.8,60,53496.4,30,0,86940
BANKNIFTY-III.NFO,17/04/2025,09:31:22,53457.4,53486.8,60,53496.4,30,0,86940
BANKNIFTY-III.NFO,17/04/2025,09:31:23,53457.4,53482,60,53496.4,30,0,86940
BANKNIFTY-III.NFO,17/04/2025,09:31:25,53457.4,53481,60,53496.4,30,0,86940
BANKNIFTY-III.NFO,17/04/2025,09:31:27,53457.4,53488.8,60,53496.4,30,0,86940
BANKNIFTY-III.NFO,17/04/2025,09:31:28,53457.4,53489,90,53496.4,30,0,86940
BANKNIFTY-III.NFO,17/04/2025,09:31:29,53496.4,53493.4,90,53500,60,30,86940
BANKNIFTY-III.NFO,17/04/2025,09:31:30,53500,53501.8,120,53510,30,60,86940
BANKNIFTY-III.NFO,17/04/2025,09:31:32,53500,53499.6,90,53510,30,0,86940
BANKNIFTY-III.NFO,17/04/2025,09:31:33,53500,53504.8,60,53510,30,0,86940
BANKNIFTY-III.NFO,17/04/2025,09:31:34,53520,53507.4,60,53527.6,30,60,86940
BANKNIFTY-III.NFO,17/04/2025,09:31:35,53520,53509.2,60,53540.2,30,0,86940
BANKNIFTY-III.NFO,17/04/2025,09:31:37,53520,53516.8,60,53541,30,0,86940
BANKNIFTY-III.NFO,17/04/2025,09:31:38,53520,53522.2,60,53541.2,60,0,86940
BANKNIFTY-III.NFO,17/04/2025,09:31:39,53520,53522.2,60,53541,30,0,86940
BANKNIFTY-III.NFO,17/04/2025,09:31:40,53520,53522.2,90,53541.2,60,0,86940
BANKNIFTY-III.NFO,17/04/2025,09:31:42,53520,53522.2,60,53544,30,0,86940
BANKNIFTY-III.NFO,17/04/2025,09:31:43,53520,53519.4,60,53540,30,0,86940
BANKNIFTY-III.NFO,17/04/2025,09:31:44,53520,53519.4,90,53542,60,0,86940
BANKNIFTY-III.NFO,17/04/2025,09:31:45,53520,53519.2,60,53535.2,30,0,86940
BANKNIFTY-III.NFO,17/04/2025,09:31:47,53520,53519.2,60,53529.8,30,0,86940
BANKNIFTY-III.NFO,17/04/2025,09:31:48,53520,53519.4,60,53538.6,30,0,86940
BANKNIFTY-III.NFO,17/04/2025,09:31:49,53520,53519.4,60,53538,30,0,86940
BANKNIFTY-III.NFO,17/04/2025,09:31:50,53538,53519.4,90,53537.8,30,30,86940
BANKNIFTY-III.NFO,17/04/2025,09:31:52,53538,53519.4,60,53537.8,30,0,86940
BANKNIFTY-III.NFO,17/04/2025,09:31:53,53538,53519.2,90,53541.4,60,0,86940
BANKNIFTY-III.NFO,17/04/2025,09:31:54,53538,53519.2,90,53535,60,0,86940
BANKNIFTY-III.NFO,17/04/2025,09:31:55,53538,53519.4,60,53537,30,0,86940
BANKNIFTY-III.NFO,17/04/2025,09:31:57,53538,53519.4,60,53542,30,0,86940
BANKNIFTY-III.NFO,17/04/2025,09:31:58,53538,53523.2,60,53547.6,30,0,86940
BANKNIFTY-III.NFO,17/04/2025,09:31:59,53538,53533,60,53550,30,0,86940
BANKNIFTY-III.NFO,17/04/2025,09:32:00,53538,53527,90,53550,30,0,86940
BANKNIFTY-III.NFO,17/04/2025,09:32:03,53538,53527,90,53550,60,0,86940
BANKNIFTY-III.NFO,17/04/2025,09:32:04,53538,53527,90,53548.4,30,0,86940
BANKNIFTY-III.NFO,17/04/2025,09:32:05,53538,53525.6,90,53546,30,0,86940
BANKNIFTY-III.NFO,17/04/2025,09:32:07,53538,53526.8,60,53548.8,60,0,86940
BANKNIFTY-III.NFO,17/04/2025,09:32:08,53538,53535.2,90,53542.2,30,0,86940
BANKNIFTY-III.NFO,17/04/2025,09:32:09,53538,53532.8,90,53542.2,30,0,86940
BANKNIFTY-III.NFO,17/04/2025,09:32:12,53538,53536.8,60,53542.2,30,0,86940
BANKNIFTY-III.NFO,17/04/2025,09:32:13,53550,53550,90,53558,30,90,86940
BANKNIFTY-III.NFO,17/04/2025,09:32:14,53550,53550,120,53558,30,0,86940
BANKNIFTY-III.NFO,17/04/2025,09:32:15,53550,53552.4,60,53558,30,0,86940
BANKNIFTY-III.NFO,17/04/2025,09:32:17,53550,53550.2,90,53558,30,0,86940
BANKNIFTY-III.NFO,17/04/2025,09:32:18,53550,53550.2,60,53558,30,0,86940
BANKNIFTY-III.NFO,17/04/2025,09:32:19,53558,53551.2,60,53576,30,30,86940
BANKNIFTY-III.NFO,17/04/2025,09:32:20,53558,53560,30,53566.4,30,0,86940
BANKNIFTY-III.NFO,17/04/2025,09:32:22,53558,53560,30,53571.4,30,0,86940
BANKNIFTY-III.NFO,17/04/2025,09:32:23,53558,53560,30,53565,30,0,86940
BANKNIFTY-III.NFO,17/04/2025,09:32:24,53558,53560,30,53570.4,60,0,86940
BANKNIFTY-III.NFO,17/04/2025,09:32:25,53558,53560,30,53561.6,60,0,86940
BANKNIFTY-III.NFO,17/04/2025,09:32:27,53560,53550,90,53561.2,30,30,86940
BANKNIFTY-III.NFO,17/04/2025,09:32:28,53560,53550,90,53557.8,900,0,86940
BANKNIFTY-III.NFO,17/04/2025,09:32:33,53560,53550,90,53554.2,30,0,86940
BANKNIFTY-III.NFO,17/04/2025,09:32:34,53560,53550,90,53556,60,0,86940
BANKNIFTY-III.NFO,17/04/2025,09:32:35,53550,53530.6,90,53555.6,30,90,86940
BANKNIFTY-III.NFO,17/04/2025,09:32:37,53550,53530.8,60,53550.8,30,0,86940
BANKNIFTY-III.NFO,17/04/2025,09:32:38,53548.2,53527.4,60,53549.2,60,30,86940
BANKNIFTY-III.NFO,17/04/2025,09:32:39,53548.2,53527.4,60,53549.2,60,0,86940
BANKNIFTY-III.NFO,17/04/2025,09:32:41,53548.2,53527.4,90,53550.8,60,0,86940
BANKNIFTY-III.NFO,17/04/2025,09:32:42,53548.2,53527.4,90,53553.8,30,0,86940
BANKNIFTY-III.NFO,17/04/2025,09:32:43,53548.2,53537.4,60,53557.8,900,0,86940
BANKNIFTY-III.NFO,17/04/2025,09:32:45,53548.2,53541,60,53557.8,900,0,86940
BANKNIFTY-III.NFO,17/04/2025,09:32:47,53548.2,53533.4,90,53554.8,30,0,86940
BANKNIFTY-III.NFO,17/04/2025,09:32:48,53548.2,53533.2,60,53548.2,210,0,86940
BANKNIFTY-III.NFO,17/04/2025,09:32:50,53548.2,53530.8,60,53548.2,210,0,86940
BANKNIFTY-III.NFO,17/04/2025,09:32:52,53548.2,53527.8,90,53548.2,210,0,86940
BANKNIFTY-III.NFO,17/04/2025,09:32:54,53548.2,53527.4,60,53548.2,210,0,86940
BANKNIFTY-III.NFO,17/04/2025,09:32:55,53548.2,53525.8,60,53545.2,30,0,86940
BANKNIFTY-III.NFO,17/04/2025,09:32:57,53548.2,53525.4,60,53539,60,0,86940
BANKNIFTY-III.NFO,17/04/2025,09:32:58,53548.2,53525.4,60,53540.6,30,0,86940
BANKNIFTY-III.NFO,17/04/2025,09:32:59,53548.2,53525.4,90,53540.6,30,0,86940
BANKNIFTY-III.NFO,17/04/2025,09:33:00,53548.2,53525.4,60,53542.8,60,0,86940
BANKNIFTY-III.NFO,17/04/2025,09:33:02,53542.8,53525.6,90,53543.6,30,30,86940
BANKNIFTY-III.NFO,17/04/2025,09:33:03,53543.8,53525.4,60,53540.6,30,30,86940
BANKNIFTY-III.NFO,17/04/2025,09:33:04,53543.8,53525.4,60,53540.2,30,0,86940
BANKNIFTY-III.NFO,17/04/2025,09:33:05,53543.8,53525.8,60,53542.8,90,0,86940
BANKNIFTY-III.NFO,17/04/2025,09:33:07,53542.8,53525.8,60,53542.8,60,30,86940
BANKNIFTY-III.NFO,17/04/2025,09:33:08,53542.8,53525.8,60,53542.8,60,0,86940
BANKNIFTY-III.NFO,17/04/2025,09:33:09,53542.8,53536,30,53542.8,60,0,86940
BANKNIFTY-III.NFO,17/04/2025,09:33:10,53542.8,53536,30,53538.4,30,0,86940
BANKNIFTY-III.NFO,17/04/2025,09:33:12,53536,53525.4,60,53536,30,30,86940
BANKNIFTY-III.NFO,17/04/2025,09:33:13,53536,53525.4,60,53533.6,30,0,86940
BANKNIFTY-III.NFO,17/04/2025,09:33:14,53507.8,53500.2,30,53521.2,30,900,86940
BANKNIFTY-III.NFO,17/04/2025,09:33:15,53507.8,53500.2,60,53520.8,30,0,86940
BANKNIFTY-III.NFO,17/04/2025,09:33:17,53507.8,53500.2,30,53522.8,30,0,86940
BANKNIFTY-III.NFO,17/04/2025,09:33:18,53507.8,53500,30,53515.4,30,0,86940
BANKNIFTY-III.NFO,17/04/2025,09:33:19,53507.8,53500.2,60,53519.6,30,0,86940
BANKNIFTY-III.NFO,17/04/2025,09:33:20,53507.8,53500.2,60,53518,30,0,86940
BANKNIFTY-III.NFO,17/04/2025,09:33:22,53507.8,53500,30,53516.2,30,0,86940
BANKNIFTY-III.NFO,17/04/2025,09:33:23,53507.8,53505.8,30,53526,30,0,86940
BANKNIFTY-III.NFO,17/04/2025,09:33:24,53507.8,53505.8,30,53531,30,0,86940
BANKNIFTY-III.NFO,17/04/2025,09:33:25,53507.8,53509.2,30,53528,30,0,86940
BANKNIFTY-III.NFO,17/04/2025,09:33:27,53507.8,53517.8,60,53536,60,0,86940
BANKNIFTY-III.NFO,17/04/2025,09:33:28,53507.8,53519,30,53536,30,0,86940
BANKNIFTY-III.NFO,17/04/2025,09:33:29,53507.8,53519.4,60,53536,60,0,86940
BANKNIFTY-III.NFO,17/04/2025,09:33:30,53507.8,53521.4,60,53536,30,0,86940
BANKNIFTY-III.NFO,17/04/2025,09:33:33,53507.8,53519,60,53536,60,0,86940
BANKNIFTY-III.NFO,17/04/2025,09:33:34,53507.8,53516.6,30,53530,210,0,86940
BANKNIFTY-III.NFO,17/04/2025,09:33:35,53507.8,53514.2,60,53530,210,0,86940
BANKNIFTY-III.NFO,17/04/2025,09:33:37,53507.8,53517.2,60,53520,30,0,86940
BANKNIFTY-III.NFO,17/04/2025,09:33:38,53520,53519.4,60,53530,210,30,86460
BANKNIFTY-III.NFO,17/04/2025,09:33:39,53520,53516.8,60,53530,210,0,86460
BANKNIFTY-III.NFO,17/04/2025,09:33:40,53520,53514.8,30,53530,210,0,86460
BANKNIFTY-III.NFO,17/04/2025,09:33:42,53520,53519.8,60,53530,210,0,86460
BANKNIFTY-III.NFO,17/04/2025,09:33:43,53530,53528,60,53542.8,60,210,86460
BANKNIFTY-III.NFO,17/04/2025,09:33:44,53530,53530.4,60,53542.8,60,0,86460
BANKNIFTY-III.NFO,17/04/2025,09:33:45,53530,53525.4,30,53542.8,90,0,86460
BANKNIFTY-III.NFO,17/04/2025,09:33:48,53542.8,53534.2,30,53550,30,60,86460
BANKNIFTY-III.NFO,17/04/2025,09:33:49,53542.8,53539,60,53550,30,0,86460
BANKNIFTY-III.NFO,17/04/2025,09:33:50,53550,53555,60,53573.8,30,30,86460
BANKNIFTY-III.NFO,17/04/2025,09:33:52,53550,53547.6,30,53573.8,30,0,86460
BANKNIFTY-III.NFO,17/04/2025,09:33:53,53550,53538.4,30,53562.8,30,0,86460
BANKNIFTY-III.NFO,17/04/2025,09:33:54,53550,53540.8,30,53562.8,30,0,86460
BANKNIFTY-III.NFO,17/04/2025,09:33:55,53550,53544,60,53562.8,30,0,86460
BANKNIFTY-III.NFO,17/04/2025,09:33:57,53550,53541.6,60,53562.8,30,0,86460
BANKNIFTY-III.NFO,17/04/2025,09:33:58,53550,53540.8,30,53565.8,30,0,86460
BANKNIFTY-III.NFO,17/04/2025,09:33:59,53550,53533.2,30,53560,30,0,86460
BANKNIFTY-III.NFO,17/04/2025,09:34:00,53550,53527,30,53552.4,30,0,86460
BANKNIFTY-III.NFO,17/04/2025,09:34:02,53550,53523.4,30,53546.4,30,0,86460
BANKNIFTY-III.NFO,17/04/2025,09:34:03,53550,53524.8,30,53546.4,30,0,86460
BANKNIFTY-III.NFO,17/04/2025,09:34:04,53550,53526.4,60,53545.8,30,0,86460
BANKNIFTY-III.NFO,17/04/2025,09:34:05,53550,53530,30,53551.4,30,0,86460
BANKNIFTY-III.NFO,17/04/2025,09:34:07,53550,53530.4,30,53551.4,30,0,86460
BANKNIFTY-III.NFO,17/04/2025,09:34:08,53550,53533,30,53552.4,30,0,86460
BANKNIFTY-III.NFO,17/04/2025,09:34:09,53550,53533,60,53554.8,30,0,86460
BANKNIFTY-III.NFO,17/04/2025,09:34:11,53550,53535.8,30,53555.8,30,0,86460
BANKNIFTY-III.NFO,17/04/2025,09:34:13,53550,53535,30,53549.8,30,0,86460
BANKNIFTY-III.NFO,17/04/2025,09:34:15,53550,53535,30,53549.2,30,0,86460
BANKNIFTY-III.NFO,17/04/2025,09:34:18,53550,53535.2,60,53550,240,0,86460
BANKNIFTY-III.NFO,17/04/2025,09:34:19,53550,53535,30,53549.8,30,0,86460
BANKNIFTY-III.NFO,17/04/2025,09:34:20,53550,53535,30,53549.6,30,0,86460
BANKNIFTY-III.NFO,17/04/2025,09:34:25,53549.6,53524.8,60,53548.2,30,30,86460
BANKNIFTY-III.NFO,17/04/2025,09:34:26,53549.6,53518.8,30,53542.2,30,0,86460
BANKNIFTY-III.NFO,17/04/2025,09:34:28,53549.6,53515.2,30,53538.2,30,0,86460
BANKNIFTY-III.NFO,17/04/2025,09:34:29,53549.6,53518.4,30,53538.2,30,0,86460
BANKNIFTY-III.NFO,17/04/2025,09:34:30,53549.6,53518.4,60,53538.2,30,0,86460
BANKNIFTY-III.NFO,17/04/2025,09:34:31,53549.6,53518.4,30,53538.2,30,0,86460
BANKNIFTY-III.NFO,17/04/2025,09:34:32,53549.6,53521.4,30,53542.2,30,0,86460
BANKNIFTY-III.NFO,17/04/2025,09:34:35,53549.6,53521.8,30,53545.8,30,0,86460
BANKNIFTY-III.NFO,17/04/2025,09:34:36,53549.6,53529.8,30,53549.6,30,0,86460
BANKNIFTY-III.NFO,17/04/2025,09:34:37,53549.6,53530.2,30,53549.6,30,0,86460
BANKNIFTY-III.NFO,17/04/2025,09:34:39,53549.6,53527.2,30,53549.6,30,0,86460
BANKNIFTY-III.NFO,17/04/2025,09:34:40,53549.6,53528,30,53549.6,30,0,86460
BANKNIFTY-III.NFO,17/04/2025,09:34:41,53549.6,53515.8,30,53540,30,0,86460
BANKNIFTY-III.NFO,17/04/2025,09:34:42,53549.6,53520,30,53543.6,30,0,86460
BANKNIFTY-III.NFO,17/04/2025,09:34:44,53549.6,53520,30,53541.8,30,0,86460
BANKNIFTY-III.NFO,17/04/2025,09:34:45,53549.6,53515.8,30,53536.6,30,0,86460
BANKNIFTY-III.NFO,17/04/2025,09:34:47,53549.6,53515.2,30,53536.2,30,0,86460
BANKNIFTY-III.NFO,17/04/2025,09:34:49,53549.6,53516.8,30,53536.2,30,0,86460
BANKNIFTY-III.NFO,17/04/2025,09:34:50,53549.6,53518.6,30,53540.6,30,0,86460
BANKNIFTY-III.NFO,17/04/2025,09:34:51,53549.6,53523.2,60,53543.6,30,0,86460
BANKNIFTY-III.NFO,17/04/2025,09:34:53,53549.6,53525.8,30,53547.6,30,0,86460
BANKNIFTY-III.NFO,17/04/2025,09:34:54,53549.6,53528.4,30,53547.6,30,0,86460
BANKNIFTY-III.NFO,17/04/2025,09:34:55,53549.6,53531,30,53549.8,60,0,86460
BANKNIFTY-III.NFO,17/04/2025,09:34:56,53549.6,53531,60,53549.8,60,0,86460
BANKNIFTY-III.NFO,17/04/2025,09:34:58,53549.6,53524.8,30,53547,30,0,86460
BANKNIFTY-III.NFO,17/04/2025,09:34:59,53549.6,53527.4,30,53547,30,0,86460
BANKNIFTY-III.NFO,17/04/2025,09:35:00,53532.8,53527.8,60,53549.6,30,60,86460
BANKNIFTY-III.NFO,17/04/2025,09:35:01,53532.8,53524.8,30,53546.6,30,0,86460
BANKNIFTY-III.NFO,17/04/2025,09:35:03,53532.8,53523.4,30,53545.4,30,0,86460
BANKNIFTY-III.NFO,17/04/2025,09:35:05,53532.8,53523.4,30,53545.6,30,0,86460
BANKNIFTY-III.NFO,17/04/2025,09:35:06,53532.8,53521.2,30,53545.6,30,0,86460
BANKNIFTY-III.NFO,17/04/2025,09:35:08,53532.8,53520.6,30,53543.8,30,0,86460
BANKNIFTY-III.NFO,17/04/2025,09:35:09,53532.8,53517.6,30,53540,30,0,86460
BANKNIFTY-III.NFO,17/04/2025,09:35:10,53532.8,53521.2,30,53540,30,0,86460
BANKNIFTY-III.NFO,17/04/2025,09:35:11,53532.8,53521.6,30,53542.2,30,0,86460
BANKNIFTY-III.NFO,17/04/2025,09:35:13,53532.8,53527.2,30,53545.6,30,0,86460
BANKNIFTY-III.NFO,17/04/2025,09:35:14,53532.8,53522.6,60,53545.6,30,0,86460
BANKNIFTY-III.NFO,17/04/2025,09:35:15,53532.8,53515.2,30,53539.6,30,0,86460
BANKNIFTY-III.NFO,17/04/2025,09:35:16,53532.8,53515.4,30,53537.2,30,0,86460
BANKNIFTY-III.NFO,17/04/2025,09:35:18,53532.8,53518,30,53538.4,30,0,86460
BANKNIFTY-III.NFO,17/04/2025,09:35:20,53532.8,53513.4,30,53536.6,30,0,86460
BANKNIFTY-III.NFO,17/04/2025,09:35:21,53532.8,53514.4,30,53536.6,30,0,86460
BANKNIFTY-III.NFO,17/04/2025,09:35:23,53532.8,53517,30,53536.6,30,0,86460
BANKNIFTY-III.NFO,17/04/2025,09:35:24,53532.8,53517,30,53538,30,0,86460
BANKNIFTY-III.NFO,17/04/2025,09:35:25,53532.8,53523.4,30,53544,30,0,86460
BANKNIFTY-III.NFO,17/04/2025,09:35:26,53532.8,53526,30,53549.6,30,0,86460
BANKNIFTY-III.NFO,17/04/2025,09:35:28,53532.8,53531.4,30,53549.6,30,0,86460
BANKNIFTY-III.NFO,17/04/2025,09:35:29,53532.8,53527.2,30,53549.6,30,0,86460
BANKNIFTY-III.NFO,17/04/2025,09:35:30,53548.4,53530.6,60,53549.6,30,30,86460
BANKNIFTY-III.NFO,17/04/2025,09:35:31,53548.4,53528.2,60,53549.6,30,0,86460
BANKNIFTY-III.NFO,17/04/2025,09:35:33,53548.4,53529.6,30,53549.6,30,0,86460
BANKNIFTY-III.NFO,17/04/2025,09:35:34,53548.4,53526.6,60,53549.6,30,0,86460
BANKNIFTY-III.NFO,17/04/2025,09:35:35,53548.4,53529,30,53549.6,30,0,86460
BANKNIFTY-III.NFO,17/04/2025,09:35:36,53549.6,53525.6,30,53549.6,30,30,86460
BANKNIFTY-III.NFO,17/04/2025,09:35:38,53549.6,53523.4,30,53545,30,0,86460
BANKNIFTY-III.NFO,17/04/2025,09:35:39,53549.6,53520,30,53539.4,30,0,86460
BANKNIFTY-III.NFO,17/04/2025,09:35:40,53549.6,53520,30,53538.6,30,0,86460
BANKNIFTY-III.NFO,17/04/2025,09:35:41,53549.6,53520,30,53537.4,30,0,86460
BANKNIFTY-III.NFO,17/04/2025,09:35:43,53549.6,53520.2,60,53538.6,30,0,86460
BANKNIFTY-III.NFO,17/04/2025,09:35:46,53549.6,53520.2,60,53540.8,30,0,86460
BANKNIFTY-III.NFO,17/04/2025,09:35:48,53549.6,53520.2,60,53544,30,0,86460
BANKNIFTY-III.NFO,17/04/2025,09:35:49,53549.6,53520.2,60,53538.8,30,0,86460
BANKNIFTY-III.NFO,17/04/2025,09:35:51,53549.6,53520.2,60,53542,60,0,86460
BANKNIFTY-III.NFO,17/04/2025,09:35:53,53549.6,53520.2,60,53544,30,0,86460
BANKNIFTY-III.NFO,17/04/2025,09:35:54,53549.6,53520,30,53536,30,0,86460
BANKNIFTY-III.NFO,17/04/2025,09:35:56,53549.6,53525,30,53533.6,30,0,86460
BANKNIFTY-III.NFO,17/04/2025,09:35:58,53525,53520,30,53527.2,30,30,86460
BANKNIFTY-III.NFO,17/04/2025,09:35:59,53525,53520,30,53529.6,60,0,86460
BANKNIFTY-III.NFO,17/04/2025,09:36:00,53525,53520,30,53528.6,30,0,86460
BANKNIFTY-III.NFO,17/04/2025,09:36:01,53525,53520,30,53532.4,30,0,86460
BANKNIFTY-III.NFO,17/04/2025,09:36:03,53525,53520.2,60,53539.2,30,0,86460
BANKNIFTY-III.NFO,17/04/2025,09:36:04,53525,53524.6,30,53547.8,30,0,86460
BANKNIFTY-III.NFO,17/04/2025,09:36:05,53525,53534,60,53550,270,0,86460
BANKNIFTY-III.NFO,17/04/2025,09:36:06,53525,53534,60,53550,240,0,86460
BANKNIFTY-III.NFO,17/04/2025,09:36:08,53525,53526.4,60,53549.8,30,0,86460
BANKNIFTY-III.NFO,17/04/2025,09:36:09,53525,53531.2,60,53550,270,0,86460
BANKNIFTY-III.NFO,17/04/2025,09:36:10,53525,53541.6,30,53550,270,0,86460
BANKNIFTY-III.NFO,17/04/2025,09:36:11,53550,53547.4,60,53567.8,30,270,86460
BANKNIFTY-III.NFO,17/04/2025,09:36:13,53550,53552.6,30,53573,30,0,86460
BANKNIFTY-III.NFO,17/04/2025,09:36:14,53550,53542,30,53568,30,0,86460
BANKNIFTY-III.NFO,17/04/2025,09:36:15,53550,53535.8,30,53559.4,30,0,86460
BANKNIFTY-III.NFO,17/04/2025,09:36:16,53550,53538.4,60,53556.8,30,0,86460
BANKNIFTY-III.NFO,17/04/2025,09:36:18,53550,53538.2,60,53556.8,30,0,86460
BANKNIFTY-III.NFO,17/04/2025,09:36:19,53550,53535.8,30,53559.4,30,0,86460
BANKNIFTY-III.NFO,17/04/2025,09:36:20,53550,53538,30,53558.2,30,0,86460
BANKNIFTY-III.NFO,17/04/2025,09:36:21,53550,53532.6,30,53557.6,30,0,86460
BANKNIFTY-III.NFO,17/04/2025,09:36:23,53550,53526.6,30,53548.8,30,0,86460
BANKNIFTY-III.NFO,17/04/2025,09:36:24,53550,53529,30,53548.8,30,0,86460
BANKNIFTY-III.NFO,17/04/2025,09:36:25,53550,53529,30,53550.2,30,0,86460
BANKNIFTY-III.NFO,17/04/2025,09:36:26,53550,53526.6,30,53550,30,30,86460
BANKNIFTY-III.NFO,17/04/2025,09:36:28,53550,53526.8,30,53550,30,0,86460
BANKNIFTY-III.NFO,17/04/2025,09:36:29,53526.8,53522.4,30,53545.2,30,30,86460
BANKNIFTY-III.NFO,17/04/2025,09:36:30,53526.8,53521.2,30,53543.6,30,0,86460
BANKNIFTY-III.NFO,17/04/2025,09:36:31,53526.8,53520.2,60,53538.2,30,0,86460
BANKNIFTY-III.NFO,17/04/2025,09:36:34,53526.8,53520.2,60,53541.2,30,0,86460
BANKNIFTY-III.NFO,17/04/2025,09:36:35,53526.8,53521.8,30,53541.4,30,0,86460
BANKNIFTY-III.NFO,17/04/2025,09:36:36,53526.8,53529.8,30,53549.8,60,0,86460
BANKNIFTY-III.NFO,17/04/2025,09:36:38,53526.8,53532.4,30,53550,60,0,86460
BANKNIFTY-III.NFO,17/04/2025,09:36:39,53526.8,53529.8,30,53549.8,30,0,86460
BANKNIFTY-III.NFO,17/04/2025,09:36:41,53526.8,53532.6,30,53550,60,0,86460
BANKNIFTY-III.NFO,17/04/2025,09:36:43,53526.8,53528,60,53549.8,30,0,86460
BANKNIFTY-III.NFO,17/04/2025,09:36:44,53526.8,53532,60,53550,30,0,86460
BANKNIFTY-III.NFO,17/04/2025,09:36:45,53526.8,53540,30,53549.8,60,0,86460
BANKNIFTY-III.NFO,17/04/2025,09:36:46,53526.8,53540,30,53550,30,0,86460
BANKNIFTY-III.NFO,17/04/2025,09:36:48,53526.8,53540.2,30,53550,30,0,86460
BANKNIFTY-III.NFO,17/04/2025,09:36:49,53526.8,53541.2,60,53550,30,0,86460
BANKNIFTY-III.NFO,17/04/2025,09:36:50,53526.8,53540.2,60,53550,30,0,86460
BANKNIFTY-III.NFO,17/04/2025,09:36:51,53526.8,53540,30,53550,30,0,86460
BANKNIFTY-III.NFO,17/04/2025,09:36:53,53526.8,53540,30,53549.8,30,0,86460
BANKNIFTY-III.NFO,17/04/2025,09:36:54,53550,53533.8,30,53553.8,30,30,86670
BANKNIFTY-III.NFO,17/04/2025,09:36:55,53550,53535.6,30,53557,30,0,86670
BANKNIFTY-III.NFO,17/04/2025,09:36:56,53550,53538.2,30,53558.2,30,0,86670
BANKNIFTY-III.NFO,17/04/2025,09:36:58,53550,53538.2,30,53559.4,60,0,86670
BANKNIFTY-III.NFO,17/04/2025,09:36:59,53550,53538.6,60,53559.8,60,0,86670
BANKNIFTY-III.NFO,17/04/2025,09:37:00,53550,53531.8,30,53552.4,30,0,86670
BANKNIFTY-III.NFO,17/04/2025,09:37:01,53550,53528.6,60,53540,150,0,86670
BANKNIFTY-III.NFO,17/04/2025,09:37:03,53540,53531.4,60,53557.4,30,150,86670
BANKNIFTY-III.NFO,17/04/2025,09:37:04,53540,53537.6,30,53558.8,30,0,86670
BANKNIFTY-III.NFO,17/04/2025,09:37:06,53540,53540.2,30,53559.8,60,0,86670
BANKNIFTY-III.NFO,17/04/2025,09:37:08,53540,53528,30,53552.8,30,0,86670
BANKNIFTY-III.NFO,17/04/2025,09:37:09,53540,53523.6,30,53544.6,30,0,86670
BANKNIFTY-III.NFO,17/04/2025,09:37:10,53540,53522.6,30,53543.8,30,0,86670
BANKNIFTY-III.NFO,17/04/2025,09:37:11,53540,53520.4,30,53539,30,0,86670
BANKNIFTY-III.NFO,17/04/2025,09:37:13,53540,53521.8,30,53543.8,30,0,86670
BANKNIFTY-III.NFO,17/04/2025,09:37:14,53540,53522.4,30,53543.8,30,0,86670
BANKNIFTY-III.NFO,17/04/2025,09:37:15,53540,53522.4,60,53543.8,30,0,86670
BANKNIFTY-III.NFO,17/04/2025,09:37:16,53539,53522.4,30,53543.8,30,30,86670
BANKNIFTY-III.NFO,17/04/2025,09:37:18,53539,53520.4,30,53542.8,30,0,86670
BANKNIFTY-III.NFO,17/04/2025,09:37:19,53539,53520.4,30,53539.8,30,0,86670
BANKNIFTY-III.NFO,17/04/2025,09:37:20,53539,53522.4,30,53540,60,0,86670
BANKNIFTY-III.NFO,17/04/2025,09:37:21,53539,53520.4,30,53539.8,60,0,86670
BANKNIFTY-III.NFO,17/04/2025,09:37:23,53539,53520,60,53537.8,30,0,86670
BANKNIFTY-III.NFO,17/04/2025,09:37:24,53539,53520.2,60,53539.2,30,0,86670
BANKNIFTY-III.NFO,17/04/2025,09:37:25,53539,53520.2,60,53539.8,60,0,86670
BANKNIFTY-III.NFO,17/04/2025,09:37:26,53539,53520.6,60,53539.8,60,0,86670
BANKNIFTY-III.NFO,17/04/2025,09:37:28,53520.6,53520.8,30,53539.8,60,30,86670
BANKNIFTY-III.NFO,17/04/2025,09:37:29,53520.6,53520.8,30,53539.8,60,0,86670
BANKNIFTY-III.NFO,17/04/2025,09:37:30,53520.6,53522,30,53539.8,30,0,86670
BANKNIFTY-III.NFO,17/04/2025,09:37:31,53520.6,53521.4,30,53539.6,30,0,86670
BANKNIFTY-III.NFO,17/04/2025,09:37:33,53520.6,53522.2,30,53540,60,0,86670
BANKNIFTY-III.NFO,17/04/2025,09:37:34,53520.6,53523.2,30,53540,30,0,86670
BANKNIFTY-III.NFO,17/04/2025,09:37:35,53520.6,53525.8,30,53540,30,0,86670
BANKNIFTY-III.NFO,17/04/2025,09:37:36,53520.6,53521.4,30,53539.8,60,0,86670
BANKNIFTY-III.NFO,17/04/2025,09:37:38,53520.6,53521.4,30,53539.6,30,0,86670
BANKNIFTY-III.NFO,17/04/2025,09:37:39,53520.6,53524.4,60,53540,60,0,86670
BANKNIFTY-III.NFO,17/04/2025,09:37:40,53520.6,53531.2,30,53540,30,0,86670
BANKNIFTY-III.NFO,17/04/2025,09:37:41,53520.6,53526.8,60,53540,30,0,86670
BANKNIFTY-III.NFO,17/04/2025,09:37:43,53520.6,53529.4,60,53540,30,0,86670
BANKNIFTY-III.NFO,17/04/2025,09:37:44,53520.6,53533.2,30,53540,30,0,86670
BANKNIFTY-III.NFO,17/04/2025,09:37:45,53520.6,53527.8,60,53540,30,0,86670
BANKNIFTY-III.NFO,17/04/2025,09:37:46,53520.6,53526.6,60,53540,30,0,86670
BANKNIFTY-III.NFO,17/04/2025,09:37:48,53520.6,53522.2,30,53539.8,60,0,86670
BANKNIFTY-III.NFO,17/04/2025,09:37:49,53520.6,53520,60,53539.4,60,0,86670
BANKNIFTY-III.NFO,17/04/2025,09:37:50,53520.6,53520,60,53532.4,30,0,86670
BANKNIFTY-III.NFO,17/04/2025,09:37:51,53520.6,53520.2,60,53540,60,0,86670
BANKNIFTY-III.NFO,17/04/2025,09:37:53,53520.6,53533.6,60,53540,30,0,86670
BANKNIFTY-III.NFO,17/04/2025,09:37:54,53520.6,53538.8,60,53540,30,0,86670
BANKNIFTY-III.NFO,17/04/2025,09:37:55,53538.8,53529.2,60,53540,30,30,86670
BANKNIFTY-III.NFO,17/04/2025,09:37:56,53538.8,53534.4,30,53540,30,0,86670
BANKNIFTY-III.NFO,17/04/2025,09:37:58,53538.8,53537.8,30,53540,30,0,86670
BANKNIFTY-III.NFO,17/04/2025,09:37:59,53538.8,53533.2,60,53540,30,0,86670
BANKNIFTY-III.NFO,17/04/2025,09:38:00,53538.8,53539.8,30,53540,30,0,86670
BANKNIFTY-III.NFO,17/04/2025,09:38:01,53540,53534.6,30,53550,30,30,86670
BANKNIFTY-III.NFO,17/04/2025,09:38:03,53540,53535,30,53550,30,0,86670
BANKNIFTY-III.NFO,17/04/2025,09:38:04,53540,53537.4,30,53557.4,30,0,86670
BANKNIFTY-III.NFO,17/04/2025,09:38:05,53540,53540,30,53559.6,30,0,86670
BANKNIFTY-III.NFO,17/04/2025,09:38:08,53540,53537.4,30,53559.2,30,0,86670
BANKNIFTY-III.NFO,17/04/2025,09:38:10,53540,53537.8,30,53559.2,30,0,86670
BANKNIFTY-III.NFO,17/04/2025,09:38:14,53540,53539.4,30,53559.6,30,0,86670
BANKNIFTY-III.NFO,17/04/2025,09:38:15,53540,53540.2,60,53559.8,60,0,86670
BANKNIFTY-III.NFO,17/04/2025,09:38:18,53540,53539.4,30,53559.8,60,0,86670
BANKNIFTY-III.NFO,17/04/2025,09:38:19,53540,53537.2,30,53559.8,60,0,86670
BANKNIFTY-III.NFO,17/04/2025,09:38:23,53540,53535,30,53558.4,30,0,86670
BANKNIFTY-III.NFO,17/04/2025,09:38:26,53540,53533.4,30,53555.8,30,0,86670
BANKNIFTY-III.NFO,17/04/2025,09:38:28,53540,53540,30,53555.8,30,0,86670
BANKNIFTY-III.NFO,17/04/2025,09:38:30,53540,53540,30,53557,30,0,86670
BANKNIFTY-III.NFO,17/04/2025,09:38:31,53540,53540.2,30,53558.4,30,0,86670
BANKNIFTY-III.NFO,17/04/2025,09:38:33,53540,53540.2,60,53558.4,30,0,86670
BANKNIFTY-III.NFO,17/04/2025,09:38:34,53540,53540,30,53555.6,30,0,86670
BANKNIFTY-III.NFO,17/04/2025,09:38:35,53540,53540,30,53554.6,30,0,86670
BANKNIFTY-III.NFO,17/04/2025,09:38:36,53540,53540,30,53553,30,0,86670
BANKNIFTY-III.NFO,17/04/2025,09:38:38,53540,53540,30,53555.6,30,0,86670
BANKNIFTY-III.NFO,17/04/2025,09:38:39,53540,53540,30,53558,30,0,86670
BANKNIFTY-III.NFO,17/04/2025,09:38:40,53540,53540,30,53549.8,30,0,86670
BANKNIFTY-III.NFO,17/04/2025,09:38:41,53540,53523.8,30,53548.4,30,30,86670
BANKNIFTY-III.NFO,17/04/2025,09:38:43,53540,53520.4,30,53544,30,0,86670
BANKNIFTY-III.NFO,17/04/2025,09:38:44,53540,53520.4,30,53540.4,30,0,86670
BANKNIFTY-III.NFO,17/04/2025,09:38:45,53540,53520.4,30,53540.6,30,0,86670
BANKNIFTY-III.NFO,17/04/2025,09:38:46,53540,53523.6,30,53543.4,30,0,86670
BANKNIFTY-III.NFO,17/04/2025,09:38:48,53540,53521.2,60,53543.6,30,0,86670
BANKNIFTY-III.NFO,17/04/2025,09:38:49,53540,53527.8,30,53550,30,0,86670
BANKNIFTY-III.NFO,17/04/2025,09:38:50,53540,53530.4,30,53553.2,30,0,86670
BANKNIFTY-III.NFO,17/04/2025,09:38:51,53540,53533.4,60,53540,30,0,86670
BANKNIFTY-III.NFO,17/04/2025,09:38:53,53540,53536,30,53540,30,0,86670
BANKNIFTY-III.NFO,17/04/2025,09:38:54,53540,53531.4,60,53540,60,0,86670
BANKNIFTY-III.NFO,17/04/2025,09:38:55,53540,53529.4,60,53540,60,0,86670
BANKNIFTY-III.NFO,17/04/2025,09:38:56,53540,53529.6,30,53540,60,0,86670
BANKNIFTY-III.NFO,17/04/2025,09:38:58,53540,53527.2,30,53540,60,0,86670
BANKNIFTY-III.NFO,17/04/2025,09:38:59,53540,53529.8,30,53540,60,0,86670
BANKNIFTY-III.NFO,17/04/2025,09:39:00,53540,53525,60,53540,60,0,86670
BANKNIFTY-III.NFO,17/04/2025,09:39:01,53540,53525.2,30,53540,60,0,86670
BANKNIFTY-III.NFO,17/04/2025,09:39:04,53540,53527,30,53540,60,0,86670
BANKNIFTY-III.NFO,17/04/2025,09:39:05,53540,53528.4,60,53540,60,0,86670
BANKNIFTY-III.NFO,17/04/2025,09:39:06,53540,53532,60,53540,60,0,86670
BANKNIFTY-III.NFO,17/04/2025,09:39:08,53540,53534.6,30,53540,60,0,86670
BANKNIFTY-III.NFO,17/04/2025,09:39:13,53540,53528.6,30,53540,60,0,86670
BANKNIFTY-III.NFO,17/04/2025,09:39:14,53540,53533.4,60,53540,60,0,86670
BANKNIFTY-III.NFO,17/04/2025,09:39:16,53540,53531,60,53540,60,0,86670
BANKNIFTY-III.NFO,17/04/2025,09:39:18,53540,53528.6,30,53540,60,0,86670
BANKNIFTY-III.NFO,17/04/2025,09:39:19,53540,53531.2,30,53540,60,0,86670
BANKNIFTY-III.NFO,17/04/2025,09:39:20,53540,53531.4,30,53540,60,0,86670
BANKNIFTY-III.NFO,17/04/2025,09:39:21,53540,53531.4,60,53540,60,0,86670
BANKNIFTY-III.NFO,17/04/2025,09:39:24,53540,53534.2,30,53540,60,0,86670
BANKNIFTY-III.NFO,17/04/2025,09:39:25,53540,53534.2,30,53540,30,30,86670
BANKNIFTY-III.NFO,17/04/2025,09:39:27,53540,53538.2,60,53558.4,30,30,86670
BANKNIFTY-III.NFO,17/04/2025,09:39:28,53540,53538.2,30,53558.4,30,0,86670
BANKNIFTY-III.NFO,17/04/2025,09:39:29,53540,53534,30,53558.4,60,0,86670
BANKNIFTY-III.NFO,17/04/2025,09:39:30,53538.2,53531.6,30,53558.4,30,30,86670
BANKNIFTY-III.NFO,17/04/2025,09:39:31,53538.2,53533.8,30,53558.4,30,0,86670
BANKNIFTY-III.NFO,17/04/2025,09:39:33,53538.2,53538.8,30,53559.6,30,0,86670
BANKNIFTY-III.NFO,17/04/2025,09:39:34,53538.2,53539,30,53559.6,30,0,86670
BANKNIFTY-III.NFO,17/04/2025,09:39:35,53538.2,53538.8,30,53559.6,30,0,86670
BANKNIFTY-III.NFO,17/04/2025,09:39:38,53538.2,53528.4,30,53552,30,0,86670
BANKNIFTY-III.NFO,17/04/2025,09:39:39,53538.2,53526.4,30,53549,30,0,86670
BANKNIFTY-III.NFO,17/04/2025,09:39:40,53538.2,53523.6,30,53546.4,30,0,86670
BANKNIFTY-III.NFO,17/04/2025,09:39:41,53538.2,53528.2,30,53549,30,0,86670
BANKNIFTY-III.NFO,17/04/2025,09:39:43,53538.2,53527.4,30,53549,30,0,86670
BANKNIFTY-III.NFO,17/04/2025,09:39:44,53538.2,53529.8,30,53549.6,30,0,86670
BANKNIFTY-III.NFO,17/04/2025,09:39:45,53538.2,53525.6,30,53547.4,30,0,86670
BANKNIFTY-III.NFO,17/04/2025,09:39:46,53538.2,53525.4,30,53547.4,60,0,86670
BANKNIFTY-III.NFO,17/04/2025,09:39:48,53538.2,53522,30,53544.6,30,0,86670
BANKNIFTY-III.NFO,17/04/2025,09:39:49,53538.2,53520.2,30,53542,30,0,86670
BANKNIFTY-III.NFO,17/04/2025,09:39:51,53538.2,53525.4,30,53544.6,30,0,86670
BANKNIFTY-III.NFO,17/04/2025,09:39:53,53538.2,53523.2,30,53544.6,30,0,86670
BANKNIFTY-III.NFO,17/04/2025,09:39:56,53538.2,53522.6,30,53544.6,30,0,86670
BANKNIFTY-III.NFO,17/04/2025,09:39:58,53538.2,53523.2,30,53544.6,30,0,86670
BANKNIFTY-III.NFO,17/04/2025,09:39:59,53538.2,53525.6,30,53546.4,30,0,86670
BANKNIFTY-III.NFO,17/04/2025,09:40:00,53538.2,53525.8,30,53546.4,30,0,86670
BANKNIFTY-III.NFO,17/04/2025,09:40:01,53538.2,53530.2,30,53553.8,30,0,86670
BANKNIFTY-III.NFO,17/04/2025,09:40:03,53538.2,53534.8,30,53556.8,30,0,86670
BANKNIFTY-III.NFO,17/04/2025,09:40:05,53538.2,53530.4,60,53556.2,60,0,86670
BANKNIFTY-III.NFO,17/04/2025,09:40:06,53538.2,53533,30,53556.2,30,0,86670
BANKNIFTY-III.NFO,17/04/2025,09:40:08,53538.2,53528,60,53553.4,30,0,86670
BANKNIFTY-III.NFO,17/04/2025,09:40:10,53538.2,53527,60,53550.8,30,0,86670
BANKNIFTY-III.NFO,17/04/2025,09:40:11,53538.2,53529.8,30,53550.8,30,0,86670
BANKNIFTY-III.NFO,17/04/2025,09:40:14,53550.8,53529.8,60,53550.8,30,30,86880
BANKNIFTY-III.NFO,17/04/2025,09:40:15,53550.8,53527,30,53550.8,60,0,86880
BANKNIFTY-III.NFO,17/04/2025,09:40:16,53550.8,53526.2,30,53550,30,0,86880
BANKNIFTY-III.NFO,17/04/2025,09:40:18,53550.8,53524.6,30,53547.4,30,0,86880
BANKNIFTY-III.NFO,17/04/2025,09:40:20,53550.8,53520.2,30,53542.6,30,0,86880
BANKNIFTY-III.NFO,17/04/2025,09:40:21,53550.8,53520.2,60,53541.2,30,0,86880
BANKNIFTY-III.NFO,17/04/2025,09:40:23,53542.4,53520.2,60,53542.8,30,120,86880
BANKNIFTY-III.NFO,17/04/2025,09:40:24,53542.4,53520.2,60,53542.8,30,0,86880
BANKNIFTY-III.NFO,17/04/2025,09:40:25,53542.4,53520.2,60,53545.4,30,0,86880
BANKNIFTY-III.NFO,17/04/2025,09:40:26,53542.4,53523,30,53548.8,30,0,86880
BANKNIFTY-III.NFO,17/04/2025,09:40:29,53542.4,53527.2,30,53553.6,30,0,86880
BANKNIFTY-III.NFO,17/04/2025,09:40:30,53542.4,53529.6,30,53553.6,30,0,86880
BANKNIFTY-III.NFO,17/04/2025,09:40:31,53542.4,53539.8,60,53560,120,0,86880
BANKNIFTY-III.NFO,17/04/2025,09:40:33,53542.4,53542.4,30,53560,90,0,86880
BANKNIFTY-III.NFO,17/04/2025,09:40:34,53542.4,53545.2,30,53560,90,0,86880
BANKNIFTY-III.NFO,17/04/2025,09:40:35,53542.4,53539.8,30,53550,30,0,86880
BANKNIFTY-III.NFO,17/04/2025,09:40:36,53545.2,53544.8,30,53550,30,30,86880
BANKNIFTY-III.NFO,17/04/2025,09:40:38,53545.2,53544.8,30,53550,30,0,86880
BANKNIFTY-III.NFO,17/04/2025,09:40:39,53545.2,53540.8,60,53550,30,0,86880
BANKNIFTY-III.NFO,17/04/2025,09:40:40,53545.2,53545.6,60,53550,30,0,86880
BANKNIFTY-III.NFO,17/04/2025,09:40:41,53545.2,53542,30,53550,30,0,86880
BANKNIFTY-III.NFO,17/04/2025,09:40:43,53545.2,53545.4,30,53560,90,0,86880
BANKNIFTY-III.NFO,17/04/2025,09:40:44,53545.2,53547.4,60,53560,90,0,86880
BANKNIFTY-III.NFO,17/04/2025,09:40:45,53545.2,53549,30,53560,90,0,86880
BANKNIFTY-III.NFO,17/04/2025,09:40:46,53545.2,53551,60,53560,90,0,86880
BANKNIFTY-III.NFO,17/04/2025,09:40:48,53545.2,53554,60,53560,90,0,86880
BANKNIFTY-III.NFO,17/04/2025,09:40:49,53545.2,53558.8,30,53560,90,0,86880
BANKNIFTY-III.NFO,17/04/2025,09:40:50,53545.2,53555.4,30,53560,90,0,86880
BANKNIFTY-III.NFO,17/04/2025,09:40:51,53560,53559,30,53560,60,30,86880
BANKNIFTY-III.NFO,17/04/2025,09:40:53,53560,53563.8,60,53576.2,30,60,86880
BANKNIFTY-III.NFO,17/04/2025,09:40:54,53560,53571.4,30,53576.2,30,0,86880
BANKNIFTY-III.NFO,17/04/2025,09:40:55,53560,53570.8,60,53576.2,30,0,86880
BANKNIFTY-III.NFO,17/04/2025,09:40:56,53560,53565.8,30,53576.2,30,0,86880
BANKNIFTY-III.NFO,17/04/2025,09:40:58,53560,53568.6,60,53576.2,30,0,86880
BANKNIFTY-III.NFO,17/04/2025,09:40:59,53579,53578.8,30,53580,60,120,86880
BANKNIFTY-III.NFO,17/04/2025,09:41:00,53580,53579.8,60,53590,60,60,86880
BANKNIFTY-III.NFO,17/04/2025,09:41:01,53580,53577.4,30,53590,60,0,86880
BANKNIFTY-III.NFO,17/04/2025,09:41:03,53580,53575,60,53590,60,0,86880
BANKNIFTY-III.NFO,17/04/2025,09:41:04,53580,53581,60,53590,60,0,86880
BANKNIFTY-III.NFO,17/04/2025,09:41:05,53580,53584.2,30,53590,60,0,86880
BANKNIFTY-III.NFO,17/04/2025,09:41:06,53580,53581.6,60,53590,60,0,86880
BANKNIFTY-III.NFO,17/04/2025,09:41:09,53580,53579,60,53590,60,0,86880
BANKNIFTY-III.NFO,17/04/2025,09:41:10,53590,53582.2,60,53590,30,30,86880
BANKNIFTY-III.NFO,17/04/2025,09:41:11,53590,53588,60,53590,30,0,86880
BANKNIFTY-III.NFO,17/04/2025,09:41:13,53590,53586,30,53590,30,0,86880
BANKNIFTY-III.NFO,17/04/2025,09:41:14,53590,53585,60,53591.2,30,30,86880
BANKNIFTY-III.NFO,17/04/2025,09:41:15,53590,53581,30,53591.2,30,0,86880
BANKNIFTY-III.NFO,17/04/2025,09:41:16,53590,53579.8,60,53591.2,30,0,86880
BANKNIFTY-III.NFO,17/04/2025,09:41:18,53591.2,53580.2,30,53598.8,60,30,86880
BANKNIFTY-III.NFO,17/04/2025,09:41:18,53591.2,53580.2,30,53598.8,60,0,86880
BANKNIFTY-III.NFO,17/04/2025,09:41:19,53591.2,53580,240,53598.8,60,0,86880
BANKNIFTY-III.NFO,17/04/2025,09:41:20,53591.2,53580,210,53598.8,60,0,86880
BANKNIFTY-III.NFO,17/04/2025,09:41:21,53591.2,53580,240,53598.8,60,0,86880
BANKNIFTY-III.NFO,17/04/2025,09:41:25,53591.2,53580,210,53598.8,60,0,86880
BANKNIFTY-III.NFO,17/04/2025,09:41:26,53591.2,53580,210,53598,30,0,86880
BANKNIFTY-III.NFO,17/04/2025,09:41:30,53591.2,53580,210,53596.6,30,0,86880
BANKNIFTY-III.NFO,17/04/2025,09:41:33,53591.2,53580.2,30,53598.8,60,0,86880
BANKNIFTY-III.NFO,17/04/2025,09:41:34,53591.2,53584,30,53599,30,0,86880
BANKNIFTY-III.NFO,17/04/2025,09:41:35,53591.2,53585.6,30,53599,30,0,86880
BANKNIFTY-III.NFO,17/04/2025,09:41:36,53591.2,53589.6,30,53599,30,0,86880
BANKNIFTY-III.NFO,17/04/2025,09:41:38,53591.2,53591.8,30,53599,30,0,86880
BANKNIFTY-III.NFO,17/04/2025,09:41:39,53591.2,53593.6,60,53599,30,0,86880
BANKNIFTY-III.NFO,17/04/2025,09:41:40,53591.2,53588.2,30,53599,30,0,86880
BANKNIFTY-III.NFO,17/04/2025,09:41:41,53599,53590.6,30,53600,240,30,86880
BANKNIFTY-III.NFO,17/04/2025,09:41:41,53599,53590.6,30,53600,240,0,86880
BANKNIFTY-III.NFO,17/04/2025,09:41:43,53587.6,53587.6,60,53600,240,30,86880
BANKNIFTY-III.NFO,17/04/2025,09:41:44,53587.6,53593.8,30,53600,240,0,86880
BANKNIFTY-III.NFO,17/04/2025,09:41:45,53587.6,53596.4,60,53600,240,0,86880
BANKNIFTY-III.NFO,17/04/2025,09:41:47,53600,53593.4,60,53606.8,30,240,86880
BANKNIFTY-III.NFO,17/04/2025,09:41:47,53600,53593.4,60,53606.8,30,0,86880
BANKNIFTY-III.NFO,17/04/2025,09:41:48,53600,53591.4,30,53606.8,30,0,86880
BANKNIFTY-III.NFO,17/04/2025,09:41:49,53600,53593.6,60,53606.8,30,0,86880
BANKNIFTY-III.NFO,17/04/2025,09:41:50,53600,53591.2,30,53606.6,60,0,86880
BANKNIFTY-III.NFO,17/04/2025,09:41:52,53600,53600,210,53606.8,30,0,86880
BANKNIFTY-III.NFO,17/04/2025,09:41:58,53600,53600,240,53606.8,30,0,86880
BANKNIFTY-III.NFO,17/04/2025,09:42:00,53600,53600.2,60,53606.8,30,0,86880
BANKNIFTY-III.NFO,17/04/2025,09:42:02,53600,53600.2,30,53606.8,30,0,86880
BANKNIFTY-III.NFO,17/04/2025,09:42:03,53600,53600,240,53606.8,30,0,86880
BANKNIFTY-III.NFO,17/04/2025,09:42:05,53606.8,53600,270,53617,30,30,86880
BANKNIFTY-III.NFO,17/04/2025,09:42:05,53606.8,53600,270,53617,30,0,86880
BANKNIFTY-III.NFO,17/04/2025,09:42:07,53606.8,53600.2,30,53619.8,60,0,86880
BANKNIFTY-III.NFO,17/04/2025,09:42:08,53606.8,53600,270,53619.8,60,0,86880
BANKNIFTY-III.NFO,17/04/2025,09:42:10,53606.8,53600,240,53619.8,60,0,86880
BANKNIFTY-III.NFO,17/04/2025,09:42:11,53606.8,53600,270,53617.6,30,0,86880
BANKNIFTY-III.NFO,17/04/2025,09:42:13,53606.8,53600,240,53613.4,60,0,86880
BANKNIFTY-III.NFO,17/04/2025,09:42:15,53606.8,53600,240,53612.8,60,0,86880
BANKNIFTY-III.NFO,17/04/2025,09:42:16,53606.8,53600.2,60,53619.6,30,0,86880
BANKNIFTY-III.NFO,17/04/2025,09:42:18,53606.8,53603.8,30,53620,60,0,86880
BANKNIFTY-III.NFO,17/04/2025,09:42:19,53606.8,53607.2,30,53620,60,0,86880
BANKNIFTY-III.NFO,17/04/2025,09:42:20,53606.8,53601.2,30,53619.8,60,0,86880
BANKNIFTY-III.NFO,17/04/2025,09:42:21,53606.8,53600,300,53618,30,0,86880
BANKNIFTY-III.NFO,17/04/2025,09:42:23,53606.8,53602.6,30,53620,90,0,86880
BANKNIFTY-III.NFO,17/04/2025,09:42:24,53606.8,53604.2,60,53619.8,60,0,86880
BANKNIFTY-III.NFO,17/04/2025,09:42:25,53606.8,53607.6,30,53620,60,0,86880
BANKNIFTY-III.NFO,17/04/2025,09:42:26,53606.8,53613.2,30,53620,60,0,86880
BANKNIFTY-III.NFO,17/04/2025,09:42:28,53606.8,53613.2,60,53620,60,0,86880
BANKNIFTY-III.NFO,17/04/2025,09:42:29,53606.8,53607.4,30,53620,60,0,86880
BANKNIFTY-III.NFO,17/04/2025,09:42:30,53606.8,53602.2,30,53619.8,60,0,86880
BANKNIFTY-III.NFO,17/04/2025,09:42:31,53610,53604.6,60,53620,60,30,86880
BANKNIFTY-III.NFO,17/04/2025,09:42:31,53610,53604.6,60,53620,60,0,86880
BANKNIFTY-III.NFO,17/04/2025,09:42:33,53610,53612.6,30,53620,30,0,86880
BANKNIFTY-III.NFO,17/04/2025,09:42:34,53610,53615.4,60,53620,30,0,86880
BANKNIFTY-III.NFO,17/04/2025,09:42:35,53620,53619.2,60,53641,30,30,86880
BANKNIFTY-III.NFO,17/04/2025,09:42:35,53620,53619.2,60,53641,30,0,86880
BANKNIFTY-III.NFO,17/04/2025,09:42:36,53620,53620.8,30,53642.2,30,0,86880
BANKNIFTY-III.NFO,17/04/2025,09:42:38,53620,53615.6,30,53637.2,60,0,86880
BANKNIFTY-III.NFO,17/04/2025,09:42:39,53620,53611.2,60,53634.4,30,0,86880
BANKNIFTY-III.NFO,17/04/2025,09:42:40,53620,53617,30,53637.8,30,0,86880
BANKNIFTY-III.NFO,17/04/2025,09:42:41,53620,53619.4,30,53640,30,0,86880
BANKNIFTY-III.NFO,17/04/2025,09:42:43,53620,53626.8,30,53649.8,60,0,86880
BANKNIFTY-III.NFO,17/04/2025,09:42:44,53620,53628.6,60,53649.8,60,0,86880
BANKNIFTY-III.NFO,17/04/2025,09:42:45,53620,53628.6,30,53649.8,60,0,86880
BANKNIFTY-III.NFO,17/04/2025,09:42:46,53620,53629.6,30,53649.8,60,0,86880
BANKNIFTY-III.NFO,17/04/2025,09:42:49,53620,53630,60,53649.8,60,0,86880
BANKNIFTY-III.NFO,17/04/2025,09:42:50,53630.4,53630.4,30,53649.8,60,30,86880
BANKNIFTY-III.NFO,17/04/2025,09:42:50,53630.4,53630.4,30,53649.8,60,0,86880
BANKNIFTY-III.NFO,17/04/2025,09:42:51,53630.4,53633,30,53650,90,0,87150
BANKNIFTY-III.NFO,17/04/2025,09:42:53,53630.4,53630.4,60,53649.8,60,0,87150
BANKNIFTY-III.NFO,17/04/2025,09:42:54,53630.4,53633,60,53650,120,0,87150
BANKNIFTY-III.NFO,17/04/2025,09:42:55,53630.4,53637.8,30,53650,90,0,87150
BANKNIFTY-III.NFO,17/04/2025,09:42:58,53630.4,53638.6,60,53650,90,0,87150
BANKNIFTY-III.NFO,17/04/2025,09:42:59,53630.4,53640.2,60,53650,90,0,87150
BANKNIFTY-III.NFO,17/04/2025,09:43:00,53630.4,53639,60,53650,90,0,87150
BANKNIFTY-III.NFO,17/04/2025,09:43:01,53630.4,53640.2,30,53650,90,0,87150
BANKNIFTY-III.NFO,17/04/2025,09:43:03,53630.4,53640,210,53650,90,0,87150
BANKNIFTY-III.NFO,17/04/2025,09:43:04,53630.4,53640,210,53649.8,30,0,87150
BANKNIFTY-III.NFO,17/04/2025,09:43:05,53630.4,53640,210,53650,90,0,87150
BANKNIFTY-III.NFO,17/04/2025,09:43:06,53630.4,53643,30,53650,90,0,87150
BANKNIFTY-III.NFO,17/04/2025,09:43:08,53630.4,53640,210,53650,90,0,87150
BANKNIFTY-III.NFO,17/04/2025,09:43:10,53630.4,53640,210,53649.8,30,0,87150
BANKNIFTY-III.NFO,17/04/2025,09:43:11,53630.4,53640,210,53649.8,60,0,87150
BANKNIFTY-III.NFO,17/04/2025,09:43:14,53630.4,53640,210,53650,90,0,87150
BANKNIFTY-III.NFO,17/04/2025,09:43:15,53650.4,53640,210,53653.2,30,150,87150
BANKNIFTY-III.NFO,17/04/2025,09:43:15,53650.4,53640,210,53653.2,30,0,87150
BANKNIFTY-III.NFO,17/04/2025,09:43:16,53650.4,53640,210,53653.2,30,0,87150
BANKNIFTY-III.NFO,17/04/2025,09:43:18,53640,53637,30,53647,60,210,87150
BANKNIFTY-III.NFO,17/04/2025,09:43:19,53640,53637,30,53651.8,30,0,87150
BANKNIFTY-III.NFO,17/04/2025,09:43:20,53640,53637,30,53648,60,0,87150
BANKNIFTY-III.NFO,17/04/2025,09:43:23,53637,53630.4,30,53645.2,30,30,87150
BANKNIFTY-III.NFO,17/04/2025,09:43:24,53642,53630.4,30,53642.6,30,30,87150
BANKNIFTY-III.NFO,17/04/2025,09:43:25,53642,53630.4,30,53639.8,30,0,87150
BANKNIFTY-III.NFO,17/04/2025,09:43:26,53630,53625,30,53636.6,30,60,87150
BANKNIFTY-III.NFO,17/04/2025,09:43:28,53630,53625,30,53636.6,30,0,87150
BANKNIFTY-III.NFO,17/04/2025,09:43:29,53630,53625,30,53639.8,30,0,87150
BANKNIFTY-III.NFO,17/04/2025,09:43:30,53630,53625,30,53639.8,60,0,87150
BANKNIFTY-III.NFO,17/04/2025,09:43:34,53630,53625,30,53639.8,30,0,87150
BANKNIFTY-III.NFO,17/04/2025,09:43:35,53630,53625.2,60,53640,30,0,87150
BANKNIFTY-III.NFO,17/04/2025,09:43:36,53630,53625.2,30,53640,90,0,87150
BANKNIFTY-III.NFO,17/04/2025,09:43:38,53630,53630,30,53640,60,0,87150
BANKNIFTY-III.NFO,17/04/2025,09:43:43,53630,53630.4,30,53640,60,0,87150
BANKNIFTY-III.NFO,17/04/2025,09:43:44,53630,53630,30,53640,90,0,87150
BANKNIFTY-III.NFO,17/04/2025,09:43:46,53630,53630,30,53640,60,0,87150
BANKNIFTY-III.NFO,17/04/2025,09:43:48,53630,53630.2,30,53640,60,0,87150
BANKNIFTY-III.NFO,17/04/2025,09:43:49,53630,53630.2,60,53640,60,0,87150
BANKNIFTY-III.NFO,17/04/2025,09:43:50,53630,53630,30,53640,60,0,87150
BANKNIFTY-III.NFO,17/04/2025,09:43:54,53630,53630,30,53639.4,30,0,87150
BANKNIFTY-III.NFO,17/04/2025,09:43:55,53630,53628.6,60,53640,60,30,87150
BANKNIFTY-III.NFO,17/04/2025,09:43:56,53630,53629.2,60,53640,60,0,87150
BANKNIFTY-III.NFO,17/04/2025,09:43:58,53630,53633.4,30,53640,60,0,87150
BANKNIFTY-III.NFO,17/04/2025,09:43:59,53640,53634,60,53640,30,30,87150
BANKNIFTY-III.NFO,17/04/2025,09:44:00,53652,53632.2,30,53653.8,30,150,87150
BANKNIFTY-III.NFO,17/04/2025,09:44:00,53652,53632.2,30,53653.8,30,0,87150
BANKNIFTY-III.NFO,17/04/2025,09:44:02,53652,53632,30,53653.4,30,0,87150
BANKNIFTY-III.NFO,17/04/2025,09:44:03,53652,53629.6,30,53653.4,30,0,87150
BANKNIFTY-III.NFO,17/04/2025,09:44:04,53652,53627.2,30,53647.6,30,0,87150
BANKNIFTY-III.NFO,17/04/2025,09:44:05,53652,53625,60,53647,30,0,87150
BANKNIFTY-III.NFO,17/04/2025,09:44:07,53652,53625.2,60,53644.4,30,0,87150
BANKNIFTY-III.NFO,17/04/2025,09:44:08,53647,53625.2,60,53647,30,30,87150
BANKNIFTY-III.NFO,17/04/2025,09:44:10,53647,53625.2,60,53647,30,0,87150
BANKNIFTY-III.NFO,17/04/2025,09:44:13,53647,53627.6,30,53647,30,0,87150
BANKNIFTY-III.NFO,17/04/2025,09:44:14,53647,53625.2,60,53647,30,0,87150
BANKNIFTY-III.NFO,17/04/2025,09:44:17,53647,53630.4,30,53651.8,60,0,87150
BANKNIFTY-III.NFO,17/04/2025,09:44:20,53647,53628,60,53650,30,0,87150
BANKNIFTY-III.NFO,17/04/2025,09:44:22,53625.6,53632,60,53647,30,30,87150
BANKNIFTY-III.NFO,17/04/2025,09:44:23,53625.6,53636.8,30,53647,30,0,87150
BANKNIFTY-III.NFO,17/04/2025,09:44:24,53625.6,53633.6,60,53647,30,0,87150
BANKNIFTY-III.NFO,17/04/2025,09:44:25,53632,53630.2,60,53646.8,30,30,87150
BANKNIFTY-III.NFO,17/04/2025,09:44:27,53632,53630.2,60,53647,60,0,87150
BANKNIFTY-III.NFO,17/04/2025,09:44:28,53632,53625.8,60,53646.8,60,0,87150
BANKNIFTY-III.NFO,17/04/2025,09:44:29,53632,53629.4,60,53646.8,60,0,87150
BANKNIFTY-III.NFO,17/04/2025,09:44:30,53632,53632.8,60,53647,30,0,87150
BANKNIFTY-III.NFO,17/04/2025,09:44:32,53649.4,53635.4,30,53652,60,60,87150
BANKNIFTY-III.NFO,17/04/2025,09:44:33,53649.4,53636.6,60,53649,60,0,87150
BANKNIFTY-III.NFO,17/04/2025,09:44:34,53649.4,53634,60,53649,60,0,87150
BANKNIFTY-III.NFO,17/04/2025,09:44:37,53649.4,53633.8,30,53648.8,30,0,87150
BANKNIFTY-III.NFO,17/04/2025,09:44:38,53649.4,53634,60,53649,60,0,87150
BANKNIFTY-III.NFO,17/04/2025,09:44:39,53649.4,53631.6,60,53649,60,0,87150
BANKNIFTY-III.NFO,17/04/2025,09:44:40,53649.4,53631.6,60,53648.8,30,0,87150
BANKNIFTY-III.NFO,17/04/2025,09:44:42,53649.4,53634.2,60,53649,60,0,87150
BANKNIFTY-III.NFO,17/04/2025,09:44:44,53649.4,53636.8,60,53649,60,0,87150
BANKNIFTY-III.NFO,17/04/2025,09:44:45,53649.4,53633,30,53649,60,0,87150
BANKNIFTY-III.NFO,17/04/2025,09:44:47,53649.4,53638.4,60,53649,60,0,87150
BANKNIFTY-III.NFO,17/04/2025,09:44:48,53649,53636.2,90,53649,30,30,87150
BANKNIFTY-III.NFO,17/04/2025,09:44:49,53649,53636.2,60,53649,30,0,87150
BANKNIFTY-III.NFO,17/04/2025,09:44:50,53649,53631.6,60,53648.8,60,0,87150
BANKNIFTY-III.NFO,17/04/2025,09:44:52,53649,53631.6,30,53648.8,30,0,87150
BANKNIFTY-III.NFO,17/04/2025,09:44:53,53649,53635,60,53649,30,0,87150
BANKNIFTY-III.NFO,17/04/2025,09:44:54,53649,53632.8,30,53648.8,30,0,87150
BANKNIFTY-III.NFO,17/04/2025,09:44:55,53649,53632.6,30,53648.8,30,0,87150
BANKNIFTY-III.NFO,17/04/2025,09:44:57,53648.8,53629.8,30,53648.8,60,30,87150
BANKNIFTY-III.NFO,17/04/2025,09:44:58,53648.8,53629.6,30,53648.8,60,0,87150
BANKNIFTY-III.NFO,17/04/2025,09:44:59,53648.8,53629.8,30,53648.8,60,0,87150
BANKNIFTY-III.NFO,17/04/2025,09:45:00,53648.8,53627.2,30,53648.2,30,0,87150
BANKNIFTY-III.NFO,17/04/2025,09:45:01,53648.8,53630,30,53648.8,30,0,87150
BANKNIFTY-III.NFO,17/04/2025,09:45:03,53648.8,53641.2,30,53649,60,0,87150
BANKNIFTY-III.NFO,17/04/2025,09:45:04,53648.8,53641.6,30,53648,30,0,87150
BANKNIFTY-III.NFO,17/04/2025,09:45:06,53648.8,53639,30,53648,30,0,87150
BANKNIFTY-III.NFO,17/04/2025,09:45:08,53648.8,53642,60,53648,30,0,87150
BANKNIFTY-III.NFO,17/04/2025,09:45:09,53648.8,53644.6,30,53648,30,0,87150
BANKNIFTY-III.NFO,17/04/2025,09:45:10,53648.8,53647,30,53648,30,0,87150
BANKNIFTY-III.NFO,17/04/2025,09:45:13,53652,53646.8,30,53655,30,150,87150
BANKNIFTY-III.NFO,17/04/2025,09:45:14,53652,53646.6,30,53655,30,0,87150
BANKNIFTY-III.NFO,17/04/2025,09:45:15,53652,53649.8,60,53655,30,0,87150
BANKNIFTY-III.NFO,17/04/2025,09:45:17,53655,53657.2,60,53674.8,60,30,87150
BANKNIFTY-III.NFO,17/04/2025,09:45:17,53655,53657.2,60,53674.8,60,0,87150
BANKNIFTY-III.NFO,17/04/2025,09:45:18,53655,53657.2,30,53674.8,30,0,87150
BANKNIFTY-III.NFO,17/04/2025,09:45:19,53657.2,53661.2,60,53675,60,30,87150
BANKNIFTY-III.NFO,17/04/2025,09:45:19,53657.2,53661.2,60,53675,60,0,87150
BANKNIFTY-III.NFO,17/04/2025,09:45:20,53657.2,53667.8,30,53675,60,0,87150
BANKNIFTY-III.NFO,17/04/2025,09:45:22,53657.2,53667,30,53675,60,0,87150
BANKNIFTY-III.NFO,17/04/2025,09:45:23,53657.2,53674.4,60,53675,60,0,87150
BANKNIFTY-III.NFO,17/04/2025,09:45:24,53675,53674.4,30,53680,30,60,87150
BANKNIFTY-III.NFO,17/04/2025,09:45:24,53675,53674.4,30,53680,30,0,87150
BANKNIFTY-III.NFO,17/04/2025,09:45:25,53675,53666.2,30,53680,30,0,87150
