Ticker,Date,Time,LTP,BuyPrice,BuyQty,SellPrice,SellQty,LTQ,OpenInterest
NIFTY-III.NFO,20/06/2024,09:15:04,23750.9,23743,25,23758.6,100,125,541300
NIFTY-III.NFO,20/06/2024,09:15:04,23750.85,23743,25,23758.6,100,0,541300
NIFTY-III.NFO,20/06/2024,09:15:04,23750.9,23743,25,23758.6,100,0,541300
NIFTY-III.NFO,20/06/2024,09:15:04,23750.85,23743,25,23758.6,100,0,541300
NIFTY-III.NFO,20/06/2024,09:15:06,23758.6,23755.6,25,23769.55,100,50,541300
NIFTY-III.NFO,20/06/2024,09:15:06,23758.6,23755.6,25,23769.55,100,0,541300
NIFTY-III.NFO,20/06/2024,09:15:07,23758.6,23755.75,50,23772.6,100,0,541300
NIFTY-III.NFO,20/06/2024,09:15:08,23758.6,23755.65,50,23773.7,100,0,541300
NIFTY-III.NFO,20/06/2024,09:15:09,23758.6,23755.6,25,23771.1,100,0,541300
NIFTY-III.NFO,20/06/2024,09:15:11,23755.65,23755.6,25,23763.6,100,50,541300
NIFTY-III.NFO,20/06/2024,09:15:12,23755.65,23755.6,25,23763.1,100,0,541300
NIFTY-III.NFO,20/06/2024,09:15:13,23764.75,23745.45,100,23764.25,75,400,541300
NIFTY-III.NFO,20/06/2024,09:15:13,23764.75,23745.45,100,23764.25,75,0,541300
NIFTY-III.NFO,20/06/2024,09:15:15,23764.75,23745.25,100,23760.95,75,0,541300
NIFTY-III.NFO,20/06/2024,09:15:16,23764.75,23745.9,100,23762.9,75,0,541300
NIFTY-III.NFO,20/06/2024,09:15:18,23764.75,23745.05,100,23760.75,75,0,541300
NIFTY-III.NFO,20/06/2024,09:15:19,23764.75,23745.15,100,23759.8,75,0,541300
NIFTY-III.NFO,20/06/2024,09:15:21,23755.6,23754.9,25,23755.65,250,75,541300
NIFTY-III.NFO,20/06/2024,09:15:22,23763.15,23748.05,100,23763.9,25,325,541300
NIFTY-III.NFO,20/06/2024,09:15:24,23763.15,23749.75,100,23764.75,25,0,541300
NIFTY-III.NFO,20/06/2024,09:15:25,23762.05,23752.35,100,23762.05,50,25,541750
NIFTY-III.NFO,20/06/2024,09:15:27,23752.35,23752.35,100,23764.2,50,75,541750
NIFTY-III.NFO,20/06/2024,09:15:29,23752.35,23752.35,100,23764.7,50,0,541750
NIFTY-III.NFO,20/06/2024,09:15:30,23752.35,23752.35,100,23764,50,0,541750
NIFTY-III.NFO,20/06/2024,09:15:33,23752.35,23755.6,100,23764.25,50,0,541750
NIFTY-III.NFO,20/06/2024,09:15:35,23752.35,23755.65,100,23764.15,50,0,541750
NIFTY-III.NFO,20/06/2024,09:15:36,23763.85,23755.65,100,23764.5,50,100,541750
NIFTY-III.NFO,20/06/2024,09:15:38,23755.65,23755.65,100,23764.2,25,25,541750
NIFTY-III.NFO,20/06/2024,09:15:39,23755.65,23755.65,100,23763.75,25,0,541750
NIFTY-III.NFO,20/06/2024,09:15:41,23755.65,23755.7,75,23762.55,175,100,541750
NIFTY-III.NFO,20/06/2024,09:15:43,23755.65,23755.65,150,23764.2,175,0,541750
NIFTY-III.NFO,20/06/2024,09:15:46,23755.65,23755.65,125,23760,100,25,541750
NIFTY-III.NFO,20/06/2024,09:15:47,23755.65,23755.65,125,23760,100,0,541750
NIFTY-III.NFO,20/06/2024,09:15:49,23755.65,23755.6,100,23759.95,100,0,541750
NIFTY-III.NFO,20/06/2024,09:15:51,23755.65,23755.6,100,23759.95,175,0,541750
NIFTY-III.NFO,20/06/2024,09:15:52,23755.6,23755.6,75,23759.95,175,25,541750
NIFTY-III.NFO,20/06/2024,09:15:54,23755.6,23755.6,75,23757.8,100,0,541750
NIFTY-III.NFO,20/06/2024,09:15:55,23755.6,23755.6,125,23759,25,25,541750
NIFTY-III.NFO,20/06/2024,09:15:57,23755.6,23755.6,25,23759,25,150,541750
NIFTY-III.NFO,20/06/2024,09:15:59,23755.6,23753,100,23758.95,175,0,541750
NIFTY-III.NFO,20/06/2024,09:16:00,23755.6,23756,25,23758.6,100,0,541750
NIFTY-III.NFO,20/06/2024,09:16:02,23755.6,23753,25,23757.7,100,50,541750
NIFTY-III.NFO,20/06/2024,09:16:03,23755.6,23753,100,23758.95,175,0,541750
NIFTY-III.NFO,20/06/2024,09:16:05,23755.6,23754.15,575,23759,25,0,541750
NIFTY-III.NFO,20/06/2024,09:16:07,23757.6,23754.15,75,23759,25,25,541750
NIFTY-III.NFO,20/06/2024,09:16:08,23759,23754.7,75,23760,25,25,541750
NIFTY-III.NFO,20/06/2024,09:16:10,23759,23755.15,75,23760,25,0,541750
NIFTY-III.NFO,20/06/2024,09:16:11,23759,23755.15,75,23759.95,100,0,541750
NIFTY-III.NFO,20/06/2024,09:16:13,23759,23753,100,23758.95,175,0,541750
NIFTY-III.NFO,20/06/2024,09:16:14,23759,23754,100,23760,100,25,541750
NIFTY-III.NFO,20/06/2024,09:16:16,23754,23754,75,23759.95,175,25,541750
NIFTY-III.NFO,20/06/2024,09:16:18,23754,23753,25,23759.95,175,0,541750
NIFTY-III.NFO,20/06/2024,09:16:19,23754,23753,100,23759.9,100,0,541750
NIFTY-III.NFO,20/06/2024,09:16:21,23754,23753,100,23759.95,175,0,541750
NIFTY-III.NFO,20/06/2024,09:16:22,23753,23752,25,23754,25,25,541750
NIFTY-III.NFO,20/06/2024,09:16:24,23753,23752,25,23754,25,0,541750
NIFTY-III.NFO,20/06/2024,09:16:25,23753,23752,100,23754,25,0,541750
NIFTY-III.NFO,20/06/2024,09:16:27,23753,23752.3,75,23754,25,0,541750
NIFTY-III.NFO,20/06/2024,09:16:28,23754,23752,100,23755.65,25,25,541750
NIFTY-III.NFO,20/06/2024,09:16:30,23752,23752,75,23755.65,25,25,541750
NIFTY-III.NFO,20/06/2024,09:16:32,23755.1,23755.05,25,23758,25,75,541750
NIFTY-III.NFO,20/06/2024,09:16:33,23758,23755,75,23760,50,25,541750
NIFTY-III.NFO,20/06/2024,09:16:35,23755.3,23755.3,50,23760,50,25,541750
NIFTY-III.NFO,20/06/2024,09:16:37,23763.95,23755.35,25,23763.95,100,75,541750
NIFTY-III.NFO,20/06/2024,09:16:38,23763.95,23755.35,25,23763.95,100,0,541750
NIFTY-III.NFO,20/06/2024,09:16:41,23755.35,23755.3,50,23763.95,100,25,541750
NIFTY-III.NFO,20/06/2024,09:16:43,23755.35,23755.65,75,23762.6,100,0,541750
NIFTY-III.NFO,20/06/2024,09:16:44,23755.35,23755.65,75,23762.45,150,0,541750
NIFTY-III.NFO,20/06/2024,09:16:46,23755.35,23753.15,325,23763.55,100,0,541750
NIFTY-III.NFO,20/06/2024,09:16:48,23753.15,23754.65,200,23763.95,100,25,541750
NIFTY-III.NFO,20/06/2024,09:16:49,23755.65,23756.3,200,23763.95,100,75,541750
NIFTY-III.NFO,20/06/2024,09:16:51,23756.3,23757,500,23764,75,25,541750
NIFTY-III.NFO,20/06/2024,09:16:52,23756.3,23757.45,75,23764,75,0,541750
NIFTY-III.NFO,20/06/2024,09:16:54,23756.3,23758.65,75,23764,75,0,541750
NIFTY-III.NFO,20/06/2024,09:16:55,23756.3,23760.7,700,23764,75,0,541750
NIFTY-III.NFO,20/06/2024,09:16:57,23764,23763,75,23764,25,50,541750
NIFTY-III.NFO,20/06/2024,09:16:59,23763,23763,50,23764,25,25,541750
NIFTY-III.NFO,20/06/2024,09:17:00,23763,23763,50,23764,25,0,541750
NIFTY-III.NFO,20/06/2024,09:17:02,23763,23763,25,23764,25,25,541750
NIFTY-III.NFO,20/06/2024,09:17:03,23764,23757.45,75,23763.55,175,25,541750
NIFTY-III.NFO,20/06/2024,09:17:05,23764,23757,125,23763.7,100,0,541750
NIFTY-III.NFO,20/06/2024,09:17:06,23761.05,23757,50,23761.05,100,25,541750
NIFTY-III.NFO,20/06/2024,09:17:08,23761.05,23757,50,23762.5,100,0,541750
NIFTY-III.NFO,20/06/2024,09:17:09,23761.05,23757,50,23761.1,100,0,541750
NIFTY-III.NFO,20/06/2024,09:17:11,23761.1,23757,50,23762.1,175,25,541750
NIFTY-III.NFO,20/06/2024,09:17:13,23761.1,23757.05,50,23762.95,100,0,541750
NIFTY-III.NFO,20/06/2024,09:17:14,23763.95,23758,75,23764,75,150,541750
NIFTY-III.NFO,20/06/2024,09:17:16,23763.95,23757.45,150,23762.95,100,0,541750
NIFTY-III.NFO,20/06/2024,09:17:18,23762.95,23760.1,100,23763,50,25,541750
NIFTY-III.NFO,20/06/2024,09:17:19,23762.95,23759.85,75,23763,50,0,541750
NIFTY-III.NFO,20/06/2024,09:17:21,23759.9,23759.9,50,23764,75,50,541750
NIFTY-III.NFO,20/06/2024,09:17:22,23759.9,23761.1,50,23763,25,0,541750
NIFTY-III.NFO,20/06/2024,09:17:24,23763,23761.35,75,23764,50,25,541750
NIFTY-III.NFO,20/06/2024,09:17:25,23763,23759.9,100,23763.95,100,0,541750
NIFTY-III.NFO,20/06/2024,09:17:27,23763,23759.9,25,23763.05,175,0,541750
NIFTY-III.NFO,20/06/2024,09:17:29,23759.9,23757,50,23762.15,175,25,541750
NIFTY-III.NFO,20/06/2024,09:17:30,23764.7,23759.6,100,23764.7,100,100,541750
NIFTY-III.NFO,20/06/2024,09:17:32,23764.7,23759.5,75,23764.7,100,0,541750
NIFTY-III.NFO,20/06/2024,09:17:33,23764.7,23760.05,100,23764.75,50,0,541750
NIFTY-III.NFO,20/06/2024,09:17:35,23764.7,23760.05,100,23764.7,100,0,541750
NIFTY-III.NFO,20/06/2024,09:17:37,23764.7,23760,125,23764.7,50,50,541750
NIFTY-III.NFO,20/06/2024,09:17:38,23764.7,23760,125,23764.25,50,0,541750
NIFTY-III.NFO,20/06/2024,09:17:40,23764.7,23764.7,125,23764.75,50,50,541750
NIFTY-III.NFO,20/06/2024,09:17:41,23764.7,23764.7,125,23764.75,50,0,541750
NIFTY-III.NFO,20/06/2024,09:17:43,23764.7,23764.7,50,23764.75,50,0,541750
NIFTY-III.NFO,20/06/2024,09:17:44,23764.7,23762.5,25,23764.75,50,50,541750
NIFTY-III.NFO,20/06/2024,09:17:46,23764.7,23762.5,100,23764.75,50,0,541750
NIFTY-III.NFO,20/06/2024,09:17:49,23764.7,23764,50,23764.75,125,0,541750
NIFTY-III.NFO,20/06/2024,09:17:51,23764.7,23760,25,23764.75,125,100,541750
NIFTY-III.NFO,20/06/2024,09:17:52,23760,23758,25,23763,100,25,541750
NIFTY-III.NFO,20/06/2024,09:17:54,23760,23758,25,23763,100,0,541750
NIFTY-III.NFO,20/06/2024,09:17:55,23760,23758,25,23762,100,0,541750
NIFTY-III.NFO,20/06/2024,09:17:57,23758,23752.05,100,23760,100,25,541750
NIFTY-III.NFO,20/06/2024,09:17:59,23752.05,23752,100,23759.4,50,50,541750
NIFTY-III.NFO,20/06/2024,09:18:00,23752.05,23752.05,175,23759.4,50,0,541750
NIFTY-III.NFO,20/06/2024,09:18:02,23752.05,23752,100,23758.05,50,0,541750
NIFTY-III.NFO,20/06/2024,09:18:03,23752,23750.05,100,23754.55,50,100,541750
NIFTY-III.NFO,20/06/2024,09:18:05,23752,23750.05,175,23757,50,0,541750
NIFTY-III.NFO,20/06/2024,09:18:07,23752,23751.15,175,23759.45,50,0,541750
NIFTY-III.NFO,20/06/2024,09:18:08,23752,23752.05,175,23758.85,50,0,541750
NIFTY-III.NFO,20/06/2024,09:18:10,23752,23752,25,23758.85,50,0,541750
NIFTY-III.NFO,20/06/2024,09:18:11,23752,23752,25,23758,50,0,541750
NIFTY-III.NFO,20/06/2024,09:18:13,23752,23750,100,23757.7,50,25,541750
NIFTY-III.NFO,20/06/2024,09:18:15,23752,23750,100,23753.95,50,0,541750
NIFTY-III.NFO,20/06/2024,09:18:16,23754.4,23750,100,23752.95,25,25,541750
NIFTY-III.NFO,20/06/2024,09:18:18,23754.4,23750,100,23752.85,25,0,541750
NIFTY-III.NFO,20/06/2024,09:18:19,23750,23745.05,100,23749.95,25,100,541750
NIFTY-III.NFO,20/06/2024,09:18:19,23750,23745.05,100,23749.95,25,0,541750
NIFTY-III.NFO,20/06/2024,09:18:21,23750,23745.05,175,23750,100,0,541750
NIFTY-III.NFO,20/06/2024,09:18:24,23750,23745,25,23749.95,25,0,541750
NIFTY-III.NFO,20/06/2024,09:18:26,23745,23740.65,175,23748.3,25,25,542125
NIFTY-III.NFO,20/06/2024,09:18:26,23745,23740.65,175,23748.3,25,0,542125
NIFTY-III.NFO,20/06/2024,09:18:28,23748.3,23741.6,100,23748.15,75,25,542125
NIFTY-III.NFO,20/06/2024,09:18:29,23745.05,23742.2,100,23745.05,975,50,542125
NIFTY-III.NFO,20/06/2024,09:18:31,23745.05,23740.65,100,23745.05,1050,0,542125
NIFTY-III.NFO,20/06/2024,09:18:32,23745.05,23740.6,50,23745.05,1050,0,542125
NIFTY-III.NFO,20/06/2024,09:18:34,23745.05,23740.65,175,23745.05,975,0,542125
NIFTY-III.NFO,20/06/2024,09:18:36,23745.05,23740.6,50,23745.05,1050,0,542125
NIFTY-III.NFO,20/06/2024,09:18:39,23740.6,23742,50,23745,100,25,542125
NIFTY-III.NFO,20/06/2024,09:18:39,23740.6,23742,50,23745,100,0,542125
NIFTY-III.NFO,20/06/2024,09:18:40,23740.6,23742,50,23744.9,100,0,542125
NIFTY-III.NFO,20/06/2024,09:18:42,23740.6,23742,50,23744.75,75,0,542125
NIFTY-III.NFO,20/06/2024,09:18:44,23740.6,23742,50,23745.05,975,0,542125
NIFTY-III.NFO,20/06/2024,09:18:45,23740.6,23735.05,100,23745.05,1050,25,542125
NIFTY-III.NFO,20/06/2024,09:18:47,23740,23735.05,100,23740.6,100,25,542125
NIFTY-III.NFO,20/06/2024,09:18:47,23740,23735.05,100,23740.6,100,0,542125
NIFTY-III.NFO,20/06/2024,09:18:49,23740.6,23740.6,25,23744.9,100,25,542125
NIFTY-III.NFO,20/06/2024,09:18:50,23740.6,23735.55,100,23744.9,100,25,542125
NIFTY-III.NFO,20/06/2024,09:18:52,23740.6,23737.1,100,23744.85,25,0,542125
NIFTY-III.NFO,20/06/2024,09:18:53,23740.6,23739,350,23745.05,975,0,542125
NIFTY-III.NFO,20/06/2024,09:18:55,23739.1,23735.05,100,23743.7,100,25,542125
NIFTY-III.NFO,20/06/2024,09:18:55,23739.1,23735.05,100,23743.7,100,0,542125
NIFTY-III.NFO,20/06/2024,09:18:56,23742.45,23735.05,175,23742.5,100,25,542125
NIFTY-III.NFO,20/06/2024,09:18:58,23742.45,23736.95,425,23744.7,100,0,542125
NIFTY-III.NFO,20/06/2024,09:19:00,23742.45,23740.85,100,23742.5,25,0,542125
NIFTY-III.NFO,20/06/2024,09:19:01,23742.5,23741.8,100,23745,50,25,542125
NIFTY-III.NFO,20/06/2024,09:19:03,23745,23747.2,75,23750,300,1125,542125
NIFTY-III.NFO,20/06/2024,09:19:04,23748.05,23749.7,75,23750,275,75,542125
NIFTY-III.NFO,20/06/2024,09:19:06,23750,23749.7,75,23750,25,250,542125
NIFTY-III.NFO,20/06/2024,09:19:07,23750,23749.7,75,23759.65,100,25,542125
NIFTY-III.NFO,20/06/2024,09:19:09,23750,23751.2,75,23756.7,100,0,542125
NIFTY-III.NFO,20/06/2024,09:19:11,23750,23748.05,75,23750,25,0,542125
NIFTY-III.NFO,20/06/2024,09:19:12,23750,23749.4,300,23750,25,0,542125
NIFTY-III.NFO,20/06/2024,09:19:14,23750,23746.35,75,23755.05,100,25,542125
NIFTY-III.NFO,20/06/2024,09:19:15,23750,23747,200,23753.5,100,0,542125
NIFTY-III.NFO,20/06/2024,09:19:17,23750,23745.8,75,23752.2,175,0,542125
NIFTY-III.NFO,20/06/2024,09:19:18,23750,23743.85,275,23751.55,175,0,542125
NIFTY-III.NFO,20/06/2024,09:19:20,23750,23743.15,275,23751.5,100,0,542125
NIFTY-III.NFO,20/06/2024,09:19:22,23750,23745,150,23749.6,175,0,542125
NIFTY-III.NFO,20/06/2024,09:19:23,23750,23745,150,23750.85,175,0,542125
NIFTY-III.NFO,20/06/2024,09:19:25,23750,23745,150,23749.9,100,0,542125
NIFTY-III.NFO,20/06/2024,09:19:26,23745,23745,75,23746.8,100,75,542125
NIFTY-III.NFO,20/06/2024,09:19:28,23745,23740,100,23745.25,75,75,542125
NIFTY-III.NFO,20/06/2024,09:19:29,23745,23740,100,23746.8,175,0,542125
NIFTY-III.NFO,20/06/2024,09:19:30,23745,23740.95,100,23746.8,175,0,542125
NIFTY-III.NFO,20/06/2024,09:19:32,23745,23740,25,23744.15,100,0,542125
NIFTY-III.NFO,20/06/2024,09:19:34,23740,23732.7,125,23742.65,100,25,542125
NIFTY-III.NFO,20/06/2024,09:19:35,23740,23736,75,23743.25,100,25,542125
NIFTY-III.NFO,20/06/2024,09:19:37,23740,23735.2,75,23743.15,100,0,542125
NIFTY-III.NFO,20/06/2024,09:19:39,23740,23738.75,275,23745.6,175,0,542125
NIFTY-III.NFO,20/06/2024,09:19:40,23740,23738,275,23740,25,0,542125
NIFTY-III.NFO,20/06/2024,09:19:42,23740,23740,25,23745.25,100,25,542125
NIFTY-III.NFO,20/06/2024,09:19:44,23740,23736.2,75,23744.75,100,25,542125
NIFTY-III.NFO,20/06/2024,09:19:45,23740,23735.8,200,23744.35,175,0,542125
NIFTY-III.NFO,20/06/2024,09:19:47,23740,23738.3,200,23744.95,100,0,542125
NIFTY-III.NFO,20/06/2024,09:19:49,23740,23736.65,75,23744.45,100,0,542125
NIFTY-III.NFO,20/06/2024,09:19:50,23740,23740,25,23743.65,175,0,542125
NIFTY-III.NFO,20/06/2024,09:19:52,23740,23740,25,23743.6,100,0,542125
NIFTY-III.NFO,20/06/2024,09:19:53,23740,23736,50,23741.1,100,25,542125
NIFTY-III.NFO,20/06/2024,09:19:55,23740,23736,125,23741.35,100,0,542125
NIFTY-III.NFO,20/06/2024,09:19:57,23740,23736,50,23740.3,100,0,542125
NIFTY-III.NFO,20/06/2024,09:19:58,23740,23736,50,23739.3,100,0,542125
NIFTY-III.NFO,20/06/2024,09:20:00,23725.95,23725.05,25,23729.95,75,325,542125
NIFTY-III.NFO,20/06/2024,09:20:00,23725.95,23725.05,25,23729.95,75,0,542125
NIFTY-III.NFO,20/06/2024,09:20:02,23725.95,23725.05,100,23732.25,175,0,542125
NIFTY-III.NFO,20/06/2024,09:20:03,23725.95,23725.05,25,23732.2,100,0,542125
NIFTY-III.NFO,20/06/2024,09:20:05,23725,23725,100,23727.9,75,100,542125
NIFTY-III.NFO,20/06/2024,09:20:05,23725,23725,100,23727.9,75,0,542125
NIFTY-III.NFO,20/06/2024,09:20:07,23725,23725,100,23730,100,0,542125
NIFTY-III.NFO,20/06/2024,09:20:08,23725.95,23725,75,23729.3,100,75,542125
NIFTY-III.NFO,20/06/2024,09:20:10,23725.95,23725,75,23729,100,0,542125
NIFTY-III.NFO,20/06/2024,09:20:11,23725.95,23725,275,23725.95,100,0,542125
NIFTY-III.NFO,20/06/2024,09:20:13,23725.95,23725,200,23725.9,25,25,542125
NIFTY-III.NFO,20/06/2024,09:20:15,23725.9,23725,25,23725.35,100,200,542125
NIFTY-III.NFO,20/06/2024,09:20:16,23721.95,23720,50,23725.05,100,100,542125
NIFTY-III.NFO,20/06/2024,09:20:16,23721.95,23720,50,23725.05,100,0,542125
NIFTY-III.NFO,20/06/2024,09:20:18,23721.95,23720,50,23724.25,100,0,542125
NIFTY-III.NFO,20/06/2024,09:20:20,23721.95,23720,50,23721.4,75,0,542125
NIFTY-III.NFO,20/06/2024,09:20:21,23720,23720.05,100,23724.8,100,25,542125
NIFTY-III.NFO,20/06/2024,09:20:21,23720,23720.05,100,23724.8,100,0,542125
NIFTY-III.NFO,20/06/2024,09:20:23,23721.95,23721.15,25,23725.95,75,25,542125
NIFTY-III.NFO,20/06/2024,09:20:25,23725.95,23724.75,25,23733.9,100,75,542125
NIFTY-III.NFO,20/06/2024,09:20:26,23721.95,23725.15,325,23731.45,100,450,542125
NIFTY-III.NFO,20/06/2024,09:20:28,23721.95,23725.7,250,23732.4,100,0,542125
NIFTY-III.NFO,20/06/2024,09:20:29,23721.95,23727.1,75,23733.2,100,0,542125
NIFTY-III.NFO,20/06/2024,09:20:32,23727.1,23727.1,25,23736.4,100,150,542125
NIFTY-III.NFO,20/06/2024,09:20:34,23727.1,23729.45,325,23735.8,25,0,542125
NIFTY-III.NFO,20/06/2024,09:20:36,23727.1,23731.8,325,23738.5,25,0,542125
NIFTY-III.NFO,20/06/2024,09:20:37,23740.5,23735,50,23739.55,25,50,542125
NIFTY-III.NFO,20/06/2024,09:20:39,23740.5,23732.65,50,23739.85,175,0,542125
NIFTY-III.NFO,20/06/2024,09:20:41,23740.5,23733.55,50,23739.75,25,0,542125
NIFTY-III.NFO,20/06/2024,09:20:42,23732.65,23732.65,25,23739.55,25,25,542125
NIFTY-III.NFO,20/06/2024,09:20:44,23732.9,23735.6,325,23740.5,100,50,542125
NIFTY-III.NFO,20/06/2024,09:20:45,23732.9,23736.5,75,23740.5,125,0,542125
NIFTY-III.NFO,20/06/2024,09:20:47,23732.9,23732.9,125,23740.45,100,0,542125
NIFTY-III.NFO,20/06/2024,09:20:49,23732.9,23732.9,50,23740.4,100,0,542125
NIFTY-III.NFO,20/06/2024,09:20:52,23732.9,23732.9,50,23736.35,100,0,542125
NIFTY-III.NFO,20/06/2024,09:20:54,23732.9,23730,25,23734.25,100,75,542125
NIFTY-III.NFO,20/06/2024,09:20:56,23730,23724.05,25,23732.5,100,25,542125
NIFTY-III.NFO,20/06/2024,09:20:57,23730,23724.05,25,23732.25,100,0,542125
NIFTY-III.NFO,20/06/2024,09:20:59,23730,23724,25,23727.9,175,0,542125
NIFTY-III.NFO,20/06/2024,09:21:01,23724,23721.95,25,23725.25,100,25,542125
NIFTY-III.NFO,20/06/2024,09:21:02,23720.35,23720.2,250,23727.55,100,100,542125
NIFTY-III.NFO,20/06/2024,09:21:04,23720.35,23722.8,250,23727.3,75,0,542125
NIFTY-III.NFO,20/06/2024,09:21:05,23731.95,23728.35,75,23732.9,100,75,542125
NIFTY-III.NFO,20/06/2024,09:21:07,23725.8,23726.9,125,23732.9,100,225,542125
NIFTY-III.NFO,20/06/2024,09:21:09,23725.8,23728,25,23732.9,100,0,542125
NIFTY-III.NFO,20/06/2024,09:21:10,23725.1,23725.9,250,23730,100,25,542125
NIFTY-III.NFO,20/06/2024,09:21:12,23725.1,23727.95,100,23730,25,0,542125
NIFTY-III.NFO,20/06/2024,09:21:14,23730,23729.85,75,23736.25,100,50,542125
NIFTY-III.NFO,20/06/2024,09:21:15,23730,23730.75,75,23736.5,100,0,542125
NIFTY-III.NFO,20/06/2024,09:21:17,23730,23729.6,325,23736.45,100,0,542125
NIFTY-III.NFO,20/06/2024,09:21:19,23730,23731.2,250,23739.4,175,0,542125
NIFTY-III.NFO,20/06/2024,09:21:20,23730,23732.3,250,23739,100,0,542125
NIFTY-III.NFO,20/06/2024,09:21:22,23730,23732.55,75,23738.6,175,0,542125
NIFTY-III.NFO,20/06/2024,09:21:24,23731.2,23732.75,250,23739.4,175,25,542125
NIFTY-III.NFO,20/06/2024,09:21:25,23731.2,23731.55,75,23738.75,100,0,542125
NIFTY-III.NFO,20/06/2024,09:21:27,23731.2,23730.05,250,23737.7,175,0,542125
NIFTY-III.NFO,20/06/2024,09:21:29,23731.2,23730,175,23737.65,100,0,542125
NIFTY-III.NFO,20/06/2024,09:21:30,23730,23730,75,23736.4,100,25,541975
NIFTY-III.NFO,20/06/2024,09:21:32,23730,23725,50,23732.4,100,75,541975
NIFTY-III.NFO,20/06/2024,09:21:34,23730,23725,50,23729.25,100,0,541975
NIFTY-III.NFO,20/06/2024,09:21:35,23725,23724,25,23727.4,75,50,541975
NIFTY-III.NFO,20/06/2024,09:21:37,23725,23724,100,23729.7,75,0,541975
NIFTY-III.NFO,20/06/2024,09:21:39,23729.35,23724.05,100,23729.35,100,100,541975
NIFTY-III.NFO,20/06/2024,09:21:40,23729.35,23729.4,175,23731.2,25,0,541975
NIFTY-III.NFO,20/06/2024,09:21:42,23729.35,23729.35,25,23731.15,100,0,541975
NIFTY-III.NFO,20/06/2024,09:21:45,23729.35,23724.05,175,23731.1,100,25,541975
NIFTY-III.NFO,20/06/2024,09:21:47,23724,23721.05,175,23730.8,100,25,541975
NIFTY-III.NFO,20/06/2024,09:21:49,23724,23726,25,23728.7,100,0,541975
NIFTY-III.NFO,20/06/2024,09:21:50,23721.05,23721.05,75,23727.35,100,50,541975
NIFTY-III.NFO,20/06/2024,09:21:52,23721.05,23721.4,75,23727.85,175,0,541975
NIFTY-III.NFO,20/06/2024,09:21:53,23724,23722.95,150,23729.35,25,25,541975
NIFTY-III.NFO,20/06/2024,09:21:55,23724,23724,25,23728.45,125,0,541975
NIFTY-III.NFO,20/06/2024,09:21:57,23724,23724,25,23728.35,100,0,541975
NIFTY-III.NFO,20/06/2024,09:21:58,23724,23724,25,23727.35,75,0,541975
NIFTY-III.NFO,20/06/2024,09:22:00,23724,23724.05,75,23729.3,175,0,541975
NIFTY-III.NFO,20/06/2024,09:22:02,23724,23721,25,23725.6,100,25,541975
NIFTY-III.NFO,20/06/2024,09:22:03,23721,23720,50,23722.85,100,25,541975
NIFTY-III.NFO,20/06/2024,09:22:05,23721,23720,50,23722.85,100,0,541975
NIFTY-III.NFO,20/06/2024,09:22:07,23721,23720.05,75,23724,100,0,541975
NIFTY-III.NFO,20/06/2024,09:22:10,23720,23720,25,23723.95,100,25,541975
NIFTY-III.NFO,20/06/2024,09:22:12,23720,23720,25,23723.95,100,0,541975
NIFTY-III.NFO,20/06/2024,09:22:13,23720,23719.3,150,23721,25,25,541975
NIFTY-III.NFO,20/06/2024,09:22:15,23720.75,23718.9,50,23724.2,25,50,541975
NIFTY-III.NFO,20/06/2024,09:22:17,23720.75,23723.8,50,23724.2,25,0,541975
NIFTY-III.NFO,20/06/2024,09:22:18,23724.2,23727.15,300,23730,50,25,541975
NIFTY-III.NFO,20/06/2024,09:22:20,23724.2,23727.15,50,23730,50,0,541975
NIFTY-III.NFO,20/06/2024,09:22:22,23724.2,23727.8,125,23730,50,0,541975
NIFTY-III.NFO,20/06/2024,09:22:23,23728.45,23728.45,25,23730,50,100,541975
NIFTY-III.NFO,20/06/2024,09:22:25,23728.45,23727.4,250,23730,75,0,541975
NIFTY-III.NFO,20/06/2024,09:22:26,23728.45,23725,175,23730,150,0,541975
NIFTY-III.NFO,20/06/2024,09:22:28,23729.95,23725,100,23729.95,100,25,541975
NIFTY-III.NFO,20/06/2024,09:22:30,23729.95,23725,100,23728.9,100,0,541975
NIFTY-III.NFO,20/06/2024,09:22:31,23725,23724.2,25,23725.3,100,100,541975
NIFTY-III.NFO,20/06/2024,09:22:33,23724.2,23717,25,23723.5,100,25,541975
NIFTY-III.NFO,20/06/2024,09:22:34,23720.85,23717.05,50,23721.95,100,25,541975
NIFTY-III.NFO,20/06/2024,09:22:36,23720.85,23717.35,50,23722.8,100,0,541975
NIFTY-III.NFO,20/06/2024,09:22:39,23720.85,23720.75,50,23725.55,100,0,541975
NIFTY-III.NFO,20/06/2024,09:22:41,23723.05,23722.8,250,23728.8,100,100,541975
NIFTY-III.NFO,20/06/2024,09:22:43,23723.05,23722.95,250,23728.1,100,0,541975
NIFTY-III.NFO,20/06/2024,09:22:44,23723.05,23722.7,150,23728.5,100,0,541975
NIFTY-III.NFO,20/06/2024,09:22:46,23723.05,23718.8,325,23725.9,100,0,541975
NIFTY-III.NFO,20/06/2024,09:22:48,23723.05,23717.8,250,23723.55,100,0,541975
NIFTY-III.NFO,20/06/2024,09:22:49,23723.05,23719,250,23724.8,175,0,541975
NIFTY-III.NFO,20/06/2024,09:22:51,23723.05,23720.45,250,23724.85,25,0,541975
NIFTY-III.NFO,20/06/2024,09:22:52,23723,23724.1,325,23729.95,100,25,541975
NIFTY-III.NFO,20/06/2024,09:22:54,23723,23724,250,23729.4,75,0,541975
NIFTY-III.NFO,20/06/2024,09:22:56,23723,23723.2,250,23729.25,100,0,541975
NIFTY-III.NFO,20/06/2024,09:22:57,23723,23723.05,25,23726,100,0,541975
NIFTY-III.NFO,20/06/2024,09:22:59,23723.05,23720,100,23724.15,100,25,541975
NIFTY-III.NFO,20/06/2024,09:23:01,23720,23717,25,23721.7,100,100,541975
NIFTY-III.NFO,20/06/2024,09:23:02,23721.7,23717.85,125,23725.25,100,50,541975
NIFTY-III.NFO,20/06/2024,09:23:04,23721.7,23718.2,125,23725.15,175,0,541975
NIFTY-III.NFO,20/06/2024,09:23:05,23725.15,23721.95,75,23729.05,100,25,541975
NIFTY-III.NFO,20/06/2024,09:23:07,23725.15,23720.05,75,23726.4,100,0,541975
NIFTY-III.NFO,20/06/2024,09:23:09,23725.15,23720.05,75,23726.05,100,0,541975
NIFTY-III.NFO,20/06/2024,09:23:10,23725.15,23720,100,23725.1,100,0,541975
NIFTY-III.NFO,20/06/2024,09:23:12,23725.15,23720,100,23722.7,175,0,541975
NIFTY-III.NFO,20/06/2024,09:23:14,23721.95,23720,100,23721.95,25,50,541975
NIFTY-III.NFO,20/06/2024,09:23:15,23721.95,23720,100,23721.95,25,0,541975
NIFTY-III.NFO,20/06/2024,09:23:17,23720,23717,25,23720.65,100,125,541975
NIFTY-III.NFO,20/06/2024,09:23:18,23720,23717,25,23720.65,100,0,541975
NIFTY-III.NFO,20/06/2024,09:23:20,23716.75,23715.95,25,23716.75,50,125,541975
NIFTY-III.NFO,20/06/2024,09:23:20,23716.75,23715.95,25,23716.75,50,0,541975
NIFTY-III.NFO,20/06/2024,09:23:22,23715,23713,25,23716.05,75,75,541975
NIFTY-III.NFO,20/06/2024,09:23:22,23715,23713,25,23716.05,75,0,541975
NIFTY-III.NFO,20/06/2024,09:23:23,23711.95,23710,325,23715.3,75,75,541975
NIFTY-III.NFO,20/06/2024,09:23:23,23711.95,23710,325,23715.3,75,0,541975
NIFTY-III.NFO,20/06/2024,09:23:25,23710.4,23710,300,23710.4,75,50,541975
NIFTY-III.NFO,20/06/2024,09:23:25,23710,23710,300,23710.4,75,0,541975
NIFTY-III.NFO,20/06/2024,09:23:27,23710.4,23710,300,23714.65,100,0,541975
NIFTY-III.NFO,20/06/2024,09:23:28,23710,23710.05,100,23715.4,75,25,541975
NIFTY-III.NFO,20/06/2024,09:23:30,23710,23711.3,100,23720.3,75,0,541975
NIFTY-III.NFO,20/06/2024,09:23:31,23710,23710,275,23718.5,25,0,541975
NIFTY-III.NFO,20/06/2024,09:23:33,23718.4,23710,275,23716.1,25,25,541975
NIFTY-III.NFO,20/06/2024,09:23:35,23718.4,23710,275,23716.15,250,0,541975
NIFTY-III.NFO,20/06/2024,09:23:36,23718.4,23710,350,23715.75,325,0,541975
NIFTY-III.NFO,20/06/2024,09:23:38,23716.4,23710,275,23715.3,75,25,541975
NIFTY-III.NFO,20/06/2024,09:23:40,23710,23710,225,23713.8,25,50,541975
NIFTY-III.NFO,20/06/2024,09:23:41,23710,23710,225,23713.9,75,0,541975
NIFTY-III.NFO,20/06/2024,09:23:43,23710,23710,200,23713.9,75,0,541975
NIFTY-III.NFO,20/06/2024,09:23:44,23710,23710,175,23715.15,25,25,541975
NIFTY-III.NFO,20/06/2024,09:23:46,23710,23710,175,23715.1,75,0,541975
NIFTY-III.NFO,20/06/2024,09:23:48,23710,23710,275,23710.8,300,0,541975
NIFTY-III.NFO,20/06/2024,09:23:49,23708.4,23707,25,23710,150,300,541975
NIFTY-III.NFO,20/06/2024,09:23:49,23708.4,23707,25,23710,150,0,541975
NIFTY-III.NFO,20/06/2024,09:23:51,23708.4,23707,25,23710,150,0,541975
NIFTY-III.NFO,20/06/2024,09:23:53,23710,23707,25,23710,75,75,541975
NIFTY-III.NFO,20/06/2024,09:23:54,23710,23707.05,175,23710,25,50,541975
NIFTY-III.NFO,20/06/2024,09:23:56,23710,23707.05,175,23714.9,175,25,541975
NIFTY-III.NFO,20/06/2024,09:23:58,23707.05,23707.1,100,23714.3,100,100,541975
NIFTY-III.NFO,20/06/2024,09:23:58,23707.05,23707.1,100,23714.3,100,0,541975
NIFTY-III.NFO,20/06/2024,09:23:59,23714.3,23710,25,23714.2,75,25,541975
NIFTY-III.NFO,20/06/2024,09:24:01,23710,23707,25,23710.35,150,25,541975
NIFTY-III.NFO,20/06/2024,09:24:03,23710,23707.05,175,23713,75,0,541975
NIFTY-III.NFO,20/06/2024,09:24:04,23710,23707.05,175,23714.2,75,0,541975
NIFTY-III.NFO,20/06/2024,09:24:06,23714.25,23709.5,100,23716.55,125,100,541975
NIFTY-III.NFO,20/06/2024,09:24:08,23714.25,23711.95,100,23718.3,75,0,541975
NIFTY-III.NFO,20/06/2024,09:24:09,23714.25,23712.2,100,23719.2,75,0,541975
NIFTY-III.NFO,20/06/2024,09:24:11,23714.25,23711.85,75,23716.7,50,0,541975
NIFTY-III.NFO,20/06/2024,09:24:13,23714.25,23711,50,23714,50,0,541975
NIFTY-III.NFO,20/06/2024,09:24:14,23714.25,23711.05,100,23716.35,50,0,541975
NIFTY-III.NFO,20/06/2024,09:24:16,23714.25,23711.05,175,23716.15,125,0,541975
NIFTY-III.NFO,20/06/2024,09:24:18,23711.05,23711.35,100,23717.6,100,25,541975
NIFTY-III.NFO,20/06/2024,09:24:19,23711,23710,50,23712,25,50,541975
NIFTY-III.NFO,20/06/2024,09:24:21,23711,23710,50,23711.25,100,0,541975
NIFTY-III.NFO,20/06/2024,09:24:23,23711,23710,125,23713.3,25,0,541975
NIFTY-III.NFO,20/06/2024,09:24:24,23711,23710,125,23714.95,100,0,541975
NIFTY-III.NFO,20/06/2024,09:24:26,23711,23710,125,23713.1,25,0,541975
NIFTY-III.NFO,20/06/2024,09:24:28,23711,23710,125,23711,175,0,541975
NIFTY-III.NFO,20/06/2024,09:24:29,23711,23710,100,23710.95,25,0,541975
NIFTY-III.NFO,20/06/2024,09:24:31,23711,23710,100,23711,75,25,541725
NIFTY-III.NFO,20/06/2024,09:24:32,23711,23707.05,100,23711,25,150,541725
NIFTY-III.NFO,20/06/2024,09:24:34,23711,23707,25,23710.95,100,0,541725
NIFTY-III.NFO,20/06/2024,09:24:36,23711,23710,50,23711,25,0,541725
NIFTY-III.NFO,20/06/2024,09:24:37,23713,23713,25,23714,100,75,541725
NIFTY-III.NFO,20/06/2024,09:24:39,23710.1,23710,50,23714.55,25,75,541725
NIFTY-III.NFO,20/06/2024,09:24:41,23710.1,23710.05,100,23716.65,25,0,541725
NIFTY-III.NFO,20/06/2024,09:24:42,23718.65,23713.4,100,23721.35,100,25,541725
NIFTY-III.NFO,20/06/2024,09:24:44,23718.65,23713,100,23718.6,25,0,541725
NIFTY-III.NFO,20/06/2024,09:24:45,23718.65,23713,25,23716.3,25,0,541725
NIFTY-III.NFO,20/06/2024,09:24:47,23718.65,23713,25,23713.35,100,0,541725
NIFTY-III.NFO,20/06/2024,09:24:49,23718.65,23713,25,23713.35,25,0,541725
NIFTY-III.NFO,20/06/2024,09:24:50,23713,23710,50,23715.9,25,25,541725
NIFTY-III.NFO,20/06/2024,09:24:52,23714.9,23710,50,23714.8,25,50,541725
NIFTY-III.NFO,20/06/2024,09:24:54,23714.9,23710,50,23712.2,50,0,541725
NIFTY-III.NFO,20/06/2024,09:24:55,23712.85,23707,25,23711.5,25,50,541725
NIFTY-III.NFO,20/06/2024,09:24:57,23712.85,23707.05,175,23712.7,75,0,541725
NIFTY-III.NFO,20/06/2024,09:24:59,23712.85,23707.05,100,23713.35,75,0,541725
NIFTY-III.NFO,20/06/2024,09:25:00,23712.85,23707,25,23713,100,0,541725
NIFTY-III.NFO,20/06/2024,09:25:02,23712.85,23707.05,175,23712.85,25,0,541725
NIFTY-III.NFO,20/06/2024,09:25:04,23712.85,23707,25,23712.65,25,0,541725
NIFTY-III.NFO,20/06/2024,09:25:05,23712.85,23707.05,175,23712.85,100,0,541725
NIFTY-III.NFO,20/06/2024,09:25:07,23710.05,23710.7,100,23712.85,25,50,541725
NIFTY-III.NFO,20/06/2024,09:25:09,23710.05,23710.05,175,23712.85,25,0,541725
NIFTY-III.NFO,20/06/2024,09:25:10,23712.85,23711,100,23718.4,50,25,541725
NIFTY-III.NFO,20/06/2024,09:25:12,23718.4,23709.6,100,23717.75,25,25,541725
NIFTY-III.NFO,20/06/2024,09:25:13,23718.4,23709.3,175,23716.05,100,0,541725
NIFTY-III.NFO,20/06/2024,09:25:15,23718.4,23712.9,175,23718.65,25,0,541725
NIFTY-III.NFO,20/06/2024,09:25:17,23718.65,23713.9,100,23720.35,25,25,541725
NIFTY-III.NFO,20/06/2024,09:25:18,23718.65,23715,25,23719,25,0,541725
NIFTY-III.NFO,20/06/2024,09:25:20,23715,23712.85,25,23716.8,100,25,541725
NIFTY-III.NFO,20/06/2024,09:25:22,23716.45,23712.85,25,23716.05,125,25,541725
NIFTY-III.NFO,20/06/2024,09:25:23,23716.45,23712.85,25,23716.85,25,0,541725
NIFTY-III.NFO,20/06/2024,09:25:25,23712.9,23712.85,25,23716.85,25,25,541725
NIFTY-III.NFO,20/06/2024,09:25:27,23712.9,23712.9,175,23716.9,50,0,541725
NIFTY-III.NFO,20/06/2024,09:25:28,23717,23712.9,175,23717,175,25,541725
NIFTY-III.NFO,20/06/2024,09:25:30,23717,23715.05,100,23717,75,100,541725
NIFTY-III.NFO,20/06/2024,09:25:31,23717,23715.05,175,23717,50,25,541725
NIFTY-III.NFO,20/06/2024,09:25:33,23715,23712.4,25,23716.9,25,25,541725
NIFTY-III.NFO,20/06/2024,09:25:35,23715,23712.4,25,23716.65,50,50,541725
NIFTY-III.NFO,20/06/2024,09:25:36,23715,23712.4,25,23716.55,50,0,541725
NIFTY-III.NFO,20/06/2024,09:25:38,23715,23712.4,25,23715.85,50,0,541725
NIFTY-III.NFO,20/06/2024,09:25:40,23710.05,23710.05,175,23716.85,75,50,541725
NIFTY-III.NFO,20/06/2024,09:25:41,23710.05,23710.05,175,23715,25,0,541725
NIFTY-III.NFO,20/06/2024,09:25:43,23715,23713.85,100,23717,125,25,541725
NIFTY-III.NFO,20/06/2024,09:25:45,23715,23714.35,100,23717,125,0,541725
NIFTY-III.NFO,20/06/2024,09:25:46,23717,23714.65,100,23720.2,75,125,541725
NIFTY-III.NFO,20/06/2024,09:25:48,23717,23715.5,175,23720.2,75,0,541725
NIFTY-III.NFO,20/06/2024,09:25:50,23717,23715.85,100,23721.95,25,0,541725
NIFTY-III.NFO,20/06/2024,09:25:51,23717,23717.05,100,23721.95,25,0,541725
NIFTY-III.NFO,20/06/2024,09:25:53,23721.95,23721.55,100,23725,25,25,541725
NIFTY-III.NFO,20/06/2024,09:25:55,23721.95,23724.55,100,23725,25,0,541725
NIFTY-III.NFO,20/06/2024,09:25:56,23725,23723.05,100,23730,125,25,541725
NIFTY-III.NFO,20/06/2024,09:25:58,23725,23723.95,100,23730,50,0,541725
NIFTY-III.NFO,20/06/2024,09:26:00,23725,23722,100,23729.6,100,0,541725
NIFTY-III.NFO,20/06/2024,09:26:01,23725,23725,175,23730,50,0,541725
NIFTY-III.NFO,20/06/2024,09:26:03,23725,23724.85,175,23730,50,0,541725
NIFTY-III.NFO,20/06/2024,09:26:04,23725,23725.05,100,23730,50,0,541725
NIFTY-III.NFO,20/06/2024,09:26:06,23727.95,23727.95,25,23730,50,75,541725
NIFTY-III.NFO,20/06/2024,09:26:08,23728.55,23729.65,250,23735,25,275,541725
NIFTY-III.NFO,20/06/2024,09:26:09,23728.55,23729.75,75,23735,25,0,541725
NIFTY-III.NFO,20/06/2024,09:26:11,23735,23735.45,75,23740,125,75,541725
NIFTY-III.NFO,20/06/2024,09:26:13,23755,23754.8,75,23760,175,425,541725
NIFTY-III.NFO,20/06/2024,09:26:14,23755,23750.85,75,23760,250,0,541725
NIFTY-III.NFO,20/06/2024,09:26:16,23757.5,23755.15,125,23760,175,50,541725
NIFTY-III.NFO,20/06/2024,09:26:18,23757.5,23751.55,250,23758.8,75,0,541725
NIFTY-III.NFO,20/06/2024,09:26:19,23753.75,23746.55,100,23758.1,100,125,541725
NIFTY-III.NFO,20/06/2024,09:26:21,23753.75,23755.95,100,23760,175,0,541725
NIFTY-III.NFO,20/06/2024,09:26:23,23755.85,23755.85,50,23760,175,50,541725
NIFTY-III.NFO,20/06/2024,09:26:24,23760,23761.55,25,23761.8,25,200,541725
NIFTY-III.NFO,20/06/2024,09:26:26,23760.25,23760.2,100,23764.75,100,75,541725
NIFTY-III.NFO,20/06/2024,09:26:27,23760.25,23757.25,100,23764.7,100,0,541725
NIFTY-III.NFO,20/06/2024,09:26:29,23760.25,23755.65,225,23764.7,175,0,541725
NIFTY-III.NFO,20/06/2024,09:26:31,23753.8,23753.75,225,23763.6,100,200,541725
NIFTY-III.NFO,20/06/2024,09:26:32,23754.1,23755.85,25,23764.65,100,125,541725
NIFTY-III.NFO,20/06/2024,09:26:34,23754.1,23754.35,100,23763.9,100,0,541725
NIFTY-III.NFO,20/06/2024,09:26:36,23754.1,23753.6,25,23763.45,100,0,541725
NIFTY-III.NFO,20/06/2024,09:26:37,23754.1,23753.15,100,23763.15,100,0,541725
NIFTY-III.NFO,20/06/2024,09:26:39,23754.1,23756.45,25,23763.55,175,0,541725
NIFTY-III.NFO,20/06/2024,09:26:41,23754.1,23760.25,25,23763.45,100,0,541725
NIFTY-III.NFO,20/06/2024,09:26:42,23754.1,23760.25,25,23763.25,175,0,541725
NIFTY-III.NFO,20/06/2024,09:26:44,23760.25,23751.6,25,23761.4,100,25,541725
NIFTY-III.NFO,20/06/2024,09:26:46,23760.25,23746.1,75,23752.95,100,0,541725
NIFTY-III.NFO,20/06/2024,09:26:47,23760.25,23747.5,25,23754.75,100,0,541725
NIFTY-III.NFO,20/06/2024,09:26:49,23760.25,23749.95,25,23757,100,0,541725
NIFTY-III.NFO,20/06/2024,09:26:51,23760.25,23754.95,25,23761.6,100,0,541725
NIFTY-III.NFO,20/06/2024,09:26:52,23760.25,23760,50,23762.6,175,0,541725
NIFTY-III.NFO,20/06/2024,09:26:54,23760,23754.05,100,23762.25,100,50,541725
NIFTY-III.NFO,20/06/2024,09:26:56,23762.25,23752.35,50,23761.5,100,25,541725
NIFTY-III.NFO,20/06/2024,09:26:57,23762.25,23754.65,50,23759.95,100,0,541725
NIFTY-III.NFO,20/06/2024,09:26:59,23762.25,23756.3,125,23760,25,0,541725
NIFTY-III.NFO,20/06/2024,09:27:00,23762.25,23753.55,50,23760,25,0,541725
NIFTY-III.NFO,20/06/2024,09:27:02,23762.25,23758.5,50,23760,25,0,541725
NIFTY-III.NFO,20/06/2024,09:27:04,23760,23761.5,50,23762.25,50,25,541725
NIFTY-III.NFO,20/06/2024,09:27:05,23760,23756.1,125,23762.2,100,0,541725
NIFTY-III.NFO,20/06/2024,09:27:07,23760,23761.9,50,23762.25,50,0,541725
NIFTY-III.NFO,20/06/2024,09:27:09,23760,23757.1,50,23762.25,50,0,541725
NIFTY-III.NFO,20/06/2024,09:27:10,23762.25,23762.05,125,23764.75,25,100,541725
NIFTY-III.NFO,20/06/2024,09:27:12,23765,23765,75,23770,125,200,541725
NIFTY-III.NFO,20/06/2024,09:27:12,23765,23765,75,23770,125,0,541725
NIFTY-III.NFO,20/06/2024,09:27:14,23765,23769.05,75,23770,125,0,541725
NIFTY-III.NFO,20/06/2024,09:27:15,23774,23774.35,150,23776,25,150,541725
NIFTY-III.NFO,20/06/2024,09:27:15,23774,23774.35,150,23776,25,0,541725
NIFTY-III.NFO,20/06/2024,09:27:17,23780,23775.8,175,23780,350,225,541725
NIFTY-III.NFO,20/06/2024,09:27:17,23780,23775.8,175,23780,350,0,541725
NIFTY-III.NFO,20/06/2024,09:27:19,23780,23775.1,100,23780,425,0,541725
NIFTY-III.NFO,20/06/2024,09:27:20,23779.95,23771.4,175,23779.95,100,50,541725
NIFTY-III.NFO,20/06/2024,09:27:22,23770.75,23766.25,75,23774.1,100,25,541725
NIFTY-III.NFO,20/06/2024,09:27:24,23770.75,23766.95,150,23773.15,175,0,541725
NIFTY-III.NFO,20/06/2024,09:27:25,23770.75,23767.05,75,23775.5,75,0,541725
NIFTY-III.NFO,20/06/2024,09:27:27,23780,23770.75,100,23780,400,400,541725
NIFTY-III.NFO,20/06/2024,09:27:29,23780,23772.15,75,23780,375,25,541850
NIFTY-III.NFO,20/06/2024,09:27:31,23780,23770.5,100,23779.85,50,0,541850
NIFTY-III.NFO,20/06/2024,09:27:32,23780,23770,25,23774.15,75,0,541850
NIFTY-III.NFO,20/06/2024,09:27:34,23770,23770,25,23776.55,75,25,541850
NIFTY-III.NFO,20/06/2024,09:27:36,23768.5,23766.95,100,23775,75,50,541850
NIFTY-III.NFO,20/06/2024,09:27:37,23768.5,23768.6,175,23776.25,75,0,541850
NIFTY-III.NFO,20/06/2024,09:27:39,23776.25,23765.85,100,23775.7,75,25,541850
NIFTY-III.NFO,20/06/2024,09:27:41,23776.25,23766.15,100,23777.95,75,0,541850
NIFTY-III.NFO,20/06/2024,09:27:42,23776.25,23767.1,175,23775.65,75,0,541850
NIFTY-III.NFO,20/06/2024,09:27:44,23776.25,23765.25,100,23774.45,75,0,541850
NIFTY-III.NFO,20/06/2024,09:27:46,23776.25,23762.7,175,23772.1,75,0,541850
NIFTY-III.NFO,20/06/2024,09:27:47,23776.25,23761.25,100,23769.1,75,0,541850
NIFTY-III.NFO,20/06/2024,09:27:49,23776.25,23762.2,100,23770.55,75,0,541850
NIFTY-III.NFO,20/06/2024,09:27:50,23776.25,23765.5,175,23775.65,75,0,541850
NIFTY-III.NFO,20/06/2024,09:27:52,23776.25,23773.9,175,23776,25,0,541850
NIFTY-III.NFO,20/06/2024,09:27:54,23776.25,23767.5,100,23776,100,0,541850
NIFTY-III.NFO,20/06/2024,09:27:55,23764.2,23763.55,100,23770.7,125,75,541850
NIFTY-III.NFO,20/06/2024,09:27:57,23764.2,23763.55,100,23770.8,50,0,541850
NIFTY-III.NFO,20/06/2024,09:27:59,23764.2,23763.35,100,23770,50,0,541850
NIFTY-III.NFO,20/06/2024,09:28:00,23764.2,23762.75,175,23770,50,0,541850
NIFTY-III.NFO,20/06/2024,09:28:02,23764.2,23765.95,175,23772.35,125,0,541850
NIFTY-III.NFO,20/06/2024,09:28:04,23764.2,23766.5,175,23772.25,125,0,541850
NIFTY-III.NFO,20/06/2024,09:28:05,23764.2,23766.5,175,23775,50,0,541850
NIFTY-III.NFO,20/06/2024,09:28:07,23764.2,23765.1,175,23772.6,50,0,541850
NIFTY-III.NFO,20/06/2024,09:28:09,23764.2,23764.05,100,23771.15,50,0,541850
NIFTY-III.NFO,20/06/2024,09:28:10,23771.25,23764.05,100,23771.25,25,25,541850
NIFTY-III.NFO,20/06/2024,09:28:12,23771.25,23764.05,100,23771.25,25,0,541850
NIFTY-III.NFO,20/06/2024,09:28:14,23771.25,23764.05,100,23769.8,100,0,541850
NIFTY-III.NFO,20/06/2024,09:28:15,23771.25,23764,25,23768.2,25,0,541850
NIFTY-III.NFO,20/06/2024,09:28:17,23768.25,23764.05,100,23769.5,75,100,541850
NIFTY-III.NFO,20/06/2024,09:28:19,23768.25,23764,25,23768.65,75,0,541850
NIFTY-III.NFO,20/06/2024,09:28:20,23768.25,23764.05,100,23769.8,75,0,541850
NIFTY-III.NFO,20/06/2024,09:28:22,23768.25,23765.95,175,23771.85,75,0,541850
NIFTY-III.NFO,20/06/2024,09:28:24,23771.85,23765.4,100,23771.85,50,25,541850
NIFTY-III.NFO,20/06/2024,09:28:25,23771.85,23765.4,175,23773.35,100,0,541850
NIFTY-III.NFO,20/06/2024,09:28:27,23771.85,23768.25,25,23770.35,75,0,541850
NIFTY-III.NFO,20/06/2024,09:28:28,23768.25,23766.75,175,23773.35,100,25,541850
NIFTY-III.NFO,20/06/2024,09:28:30,23768.25,23764.05,175,23771.75,200,0,541850
NIFTY-III.NFO,20/06/2024,09:28:32,23764.05,23764.05,100,23770.65,25,25,541850
NIFTY-III.NFO,20/06/2024,09:28:34,23764.05,23764.05,100,23770.65,25,0,541850
NIFTY-III.NFO,20/06/2024,09:28:35,23764.05,23764.05,175,23770.7,75,0,541850
NIFTY-III.NFO,20/06/2024,09:28:37,23764.05,23764.15,100,23770.65,25,0,541850
NIFTY-III.NFO,20/06/2024,09:28:39,23764.05,23764.15,175,23770.65,25,0,541850
NIFTY-III.NFO,20/06/2024,09:28:40,23768.25,23764.1,25,23768.85,25,25,541850
NIFTY-III.NFO,20/06/2024,09:28:42,23764,23758.5,75,23765.3,25,50,541850
NIFTY-III.NFO,20/06/2024,09:28:44,23764,23751.4,75,23758.1,25,0,541850
NIFTY-III.NFO,20/06/2024,09:28:45,23764,23743.45,75,23749.35,25,0,541850
NIFTY-III.NFO,20/06/2024,09:28:47,23764,23747.15,100,23754.4,100,0,541850
NIFTY-III.NFO,20/06/2024,09:28:49,23764,23747.45,100,23754.85,25,0,541850
NIFTY-III.NFO,20/06/2024,09:28:50,23764,23745.3,100,23752.95,25,0,541850
NIFTY-III.NFO,20/06/2024,09:28:52,23764,23741.25,100,23743.6,25,0,541850
NIFTY-III.NFO,20/06/2024,09:28:54,23740,23735.2,100,23741.7,75,425,541850
NIFTY-III.NFO,20/06/2024,09:28:55,23740,23735.5,100,23744.35,75,0,541850
NIFTY-III.NFO,20/06/2024,09:28:57,23740,23738.5,175,23745.75,75,0,541850
NIFTY-III.NFO,20/06/2024,09:28:59,23740,23739.15,100,23747.35,25,0,541850
NIFTY-III.NFO,20/06/2024,09:29:00,23740,23734,25,23739.5,200,0,541850
NIFTY-III.NFO,20/06/2024,09:29:02,23734,23730.1,50,23733.3,75,50,541850
NIFTY-III.NFO,20/06/2024,09:29:04,23725,23720.15,100,23726,75,200,541850
NIFTY-III.NFO,20/06/2024,09:29:05,23725,23722.8,175,23731.45,200,0,541850
NIFTY-III.NFO,20/06/2024,09:29:07,23725,23721.5,100,23731.9,200,0,541850
NIFTY-III.NFO,20/06/2024,09:29:09,23725,23720.75,100,23730.55,100,0,541850
NIFTY-III.NFO,20/06/2024,09:29:10,23725,23720.8,100,23730.55,75,0,541850
NIFTY-III.NFO,20/06/2024,09:29:12,23725,23721.8,100,23725,125,0,541850
NIFTY-III.NFO,20/06/2024,09:29:14,23725,23728.65,100,23735,150,125,541850
NIFTY-III.NFO,20/06/2024,09:29:15,23725,23729,100,23735.9,75,0,541850
NIFTY-III.NFO,20/06/2024,09:29:17,23725,23729.8,175,23737.85,75,0,541850
NIFTY-III.NFO,20/06/2024,09:29:18,23725,23729.35,100,23736.6,125,0,541850
NIFTY-III.NFO,20/06/2024,09:29:20,23725,23734.55,100,23742.7,75,0,541850
NIFTY-III.NFO,20/06/2024,09:29:22,23734.5,23731.65,100,23739.6,25,25,541850
NIFTY-III.NFO,20/06/2024,09:29:23,23734.5,23733.5,175,23740.55,100,0,541850
NIFTY-III.NFO,20/06/2024,09:29:25,23732.45,23734,100,23741.45,50,25,541850
NIFTY-III.NFO,20/06/2024,09:29:27,23732.45,23734.5,100,23742.05,50,0,541850
NIFTY-III.NFO,20/06/2024,09:29:28,23732.45,23736.75,175,23743.95,50,0,541850
NIFTY-III.NFO,20/06/2024,09:29:30,23732.45,23736.6,100,23743.75,50,0,541850
NIFTY-III.NFO,20/06/2024,09:29:31,23732.45,23736,50,23740.45,50,0,541850
NIFTY-III.NFO,20/06/2024,09:29:33,23732.45,23736.05,175,23742.55,50,0,541850
NIFTY-III.NFO,20/06/2024,09:29:34,23732.45,23736,50,23740.65,175,0,541850
NIFTY-III.NFO,20/06/2024,09:29:36,23735,23731,25,23735.5,200,175,541850
NIFTY-III.NFO,20/06/2024,09:29:38,23735,23731.05,175,23736.8,200,0,541850
NIFTY-III.NFO,20/06/2024,09:29:39,23735,23731,25,23737.5,200,0,541850
NIFTY-III.NFO,20/06/2024,09:29:41,23735,23735,25,23735.3,75,0,541850
NIFTY-III.NFO,20/06/2024,09:29:43,23735,23735,25,23735.8,75,0,541850
NIFTY-III.NFO,20/06/2024,09:29:44,23735,23735,125,23738.4,25,0,541850
NIFTY-III.NFO,20/06/2024,09:29:46,23735,23735,50,23740.2,200,0,541850
NIFTY-III.NFO,20/06/2024,09:29:48,23735,23735.1,175,23744.05,25,0,541850
NIFTY-III.NFO,20/06/2024,09:29:49,23735,23739.15,175,23745.85,75,0,541850
NIFTY-III.NFO,20/06/2024,09:29:51,23740.2,23738.9,100,23745.8,25,25,541850
NIFTY-III.NFO,20/06/2024,09:29:53,23740.2,23740.4,100,23747.05,100,0,541850
NIFTY-III.NFO,20/06/2024,09:29:55,23740.4,23737.8,100,23746.05,125,25,541850
NIFTY-III.NFO,20/06/2024,09:29:56,23740.4,23737.5,175,23743.8,50,0,541850
NIFTY-III.NFO,20/06/2024,09:29:58,23740.4,23735,75,23739.25,50,0,541850
NIFTY-III.NFO,20/06/2024,09:30:00,23740.4,23735,75,23737.25,50,0,541850
NIFTY-III.NFO,20/06/2024,09:30:01,23740.4,23735,75,23738.25,50,0,541850
NIFTY-III.NFO,20/06/2024,09:30:03,23738.35,23735,50,23738.15,100,25,541850
NIFTY-III.NFO,20/06/2024,09:30:05,23738.35,23735,50,23735.6,100,0,541850
NIFTY-III.NFO,20/06/2024,09:30:06,23734.9,23730,25,23734.7,100,75,541850
NIFTY-III.NFO,20/06/2024,09:30:08,23734.9,23730.05,100,23736.45,25,0,541850
NIFTY-III.NFO,20/06/2024,09:30:09,23734.9,23731.25,100,23739.25,100,0,541850
NIFTY-III.NFO,20/06/2024,09:30:11,23734.9,23730.35,100,23737.65,150,0,541850
NIFTY-III.NFO,20/06/2024,09:30:13,23734.9,23730.05,175,23738.75,100,0,541850
NIFTY-III.NFO,20/06/2024,09:30:14,23734.9,23730.9,100,23739.8,25,0,541850
NIFTY-III.NFO,20/06/2024,09:30:16,23734.9,23731.8,175,23740.6,25,0,541850
NIFTY-III.NFO,20/06/2024,09:30:18,23734.9,23730.05,100,23736.7,25,0,541850
NIFTY-III.NFO,20/06/2024,09:30:19,23734.9,23730.05,175,23736.35,25,0,541850
NIFTY-III.NFO,20/06/2024,09:30:21,23734.9,23730.05,100,23736.3,25,0,541850
NIFTY-III.NFO,20/06/2024,09:30:23,23734.9,23730,25,23733.65,25,0,541850
NIFTY-III.NFO,20/06/2024,09:30:24,23734.9,23731,100,23738.3,25,0,541850
NIFTY-III.NFO,20/06/2024,09:30:26,23734.9,23731.15,100,23738.55,100,0,541850
NIFTY-III.NFO,20/06/2024,09:30:28,23734.9,23736.5,100,23743.3,100,0,541850
NIFTY-III.NFO,20/06/2024,09:30:29,23734.9,23733.6,100,23741.1,25,0,541850
NIFTY-III.NFO,20/06/2024,09:30:31,23734.9,23736.6,175,23743.2,25,0,541850
NIFTY-III.NFO,20/06/2024,09:30:33,23734.9,23735.95,425,23743.15,25,0,541850
NIFTY-III.NFO,20/06/2024,09:30:34,23734.9,23736,175,23743.15,25,0,541850
NIFTY-III.NFO,20/06/2024,09:30:36,23734.9,23731.05,100,23739.1,25,0,541850
NIFTY-III.NFO,20/06/2024,09:30:38,23734.9,23731.05,100,23738.4,25,0,541850
NIFTY-III.NFO,20/06/2024,09:30:39,23734.9,23730.05,175,23737.1,25,0,541850
NIFTY-III.NFO,20/06/2024,09:30:41,23734.9,23730.05,100,23736.15,25,0,541850
NIFTY-III.NFO,20/06/2024,09:30:43,23734.9,23730,25,23735.85,25,0,541850
NIFTY-III.NFO,20/06/2024,09:30:44,23734.9,23730,25,23734.95,25,0,541850
NIFTY-III.NFO,20/06/2024,09:30:46,23734.9,23730,25,23734.55,25,0,541850
NIFTY-III.NFO,20/06/2024,09:30:48,23734.9,23730.05,100,23734.55,25,0,541850
NIFTY-III.NFO,20/06/2024,09:30:49,23734.9,23733.65,250,23738.2,25,0,541850
NIFTY-III.NFO,20/06/2024,09:30:51,23738.2,23730.85,175,23738.05,125,25,542275
NIFTY-III.NFO,20/06/2024,09:30:53,23738.2,23731,50,23735.25,75,0,542275
NIFTY-III.NFO,20/06/2024,09:30:54,23738.2,23734.9,25,23736.3,75,0,542275
NIFTY-III.NFO,20/06/2024,09:30:56,23738.2,23734.9,25,23738.45,100,0,542275
NIFTY-III.NFO,20/06/2024,09:30:59,23738.2,23734.9,25,23737.05,75,0,542275
NIFTY-III.NFO,20/06/2024,09:31:01,23734.9,23731,50,23734.55,175,25,542275
NIFTY-III.NFO,20/06/2024,09:31:03,23734.9,23731.05,175,23737.65,200,0,542275
NIFTY-III.NFO,20/06/2024,09:31:04,23734.9,23731,50,23734.4,125,0,542275
NIFTY-III.NFO,20/06/2024,09:31:06,23734.9,23731.15,100,23738.2,25,0,542275
NIFTY-III.NFO,20/06/2024,09:31:08,23734.9,23731,50,23737,200,0,542275
NIFTY-III.NFO,20/06/2024,09:31:09,23734.9,23731.05,175,23738.2,100,0,542275
NIFTY-III.NFO,20/06/2024,09:31:11,23736.3,23731,50,23735.25,100,25,542275
NIFTY-III.NFO,20/06/2024,09:31:13,23731,23730,25,23731.35,175,50,542275
NIFTY-III.NFO,20/06/2024,09:31:14,23731,23730,25,23732.3,175,0,542275
NIFTY-III.NFO,20/06/2024,09:31:16,23731,23730,25,23732.7,75,0,542275
NIFTY-III.NFO,20/06/2024,09:31:18,23730,23726,50,23729.55,75,25,542275
NIFTY-III.NFO,20/06/2024,09:31:19,23726,23725.1,25,23725.35,75,50,542275
NIFTY-III.NFO,20/06/2024,09:31:21,23724.9,23724,25,23724.15,75,400,542275
NIFTY-III.NFO,20/06/2024,09:31:23,23721.1,23721,50,23723.5,75,50,542275
NIFTY-III.NFO,20/06/2024,09:31:24,23721.1,23721,50,23724.6,200,0,542275
NIFTY-III.NFO,20/06/2024,09:31:26,23721.1,23721,50,23727.8,25,0,542275
NIFTY-III.NFO,20/06/2024,09:31:28,23721.1,23721,50,23726.45,200,0,542275
NIFTY-III.NFO,20/06/2024,09:31:29,23721.1,23721,50,23724.25,25,0,542275
NIFTY-III.NFO,20/06/2024,09:31:31,23721.1,23721,50,23722.8,75,0,542275
NIFTY-III.NFO,20/06/2024,09:31:33,23715.6,23714,25,23717.25,75,250,542275
NIFTY-III.NFO,20/06/2024,09:31:35,23718.35,23714,25,23719.75,75,25,542275
NIFTY-III.NFO,20/06/2024,09:31:36,23718,23716.55,100,23722.65,200,50,542275
NIFTY-III.NFO,20/06/2024,09:31:38,23723.25,23721.1,25,23723.4,75,25,542275
NIFTY-III.NFO,20/06/2024,09:31:40,23721.1,23714.05,175,23722.65,25,25,542275
NIFTY-III.NFO,20/06/2024,09:31:41,23718.45,23714.05,175,23721.95,225,25,542275
NIFTY-III.NFO,20/06/2024,09:31:43,23718.45,23714.05,175,23723,125,0,542275
NIFTY-III.NFO,20/06/2024,09:31:45,23718.45,23719,100,23724.55,50,0,542275
NIFTY-III.NFO,20/06/2024,09:31:46,23720,23719.55,75,23724.6,125,100,542275
NIFTY-III.NFO,20/06/2024,09:31:48,23720,23718.5,100,23724.9,50,0,542275
NIFTY-III.NFO,20/06/2024,09:31:50,23720,23718.45,100,23724.9,125,0,542275
NIFTY-III.NFO,20/06/2024,09:31:51,23720,23718.45,25,23722.25,200,0,542275
NIFTY-III.NFO,20/06/2024,09:31:53,23718.45,23714,100,23718.35,125,25,542275
NIFTY-III.NFO,20/06/2024,09:31:55,23718.45,23714,100,23719.3,200,0,542275
NIFTY-III.NFO,20/06/2024,09:31:56,23718.45,23714,25,23717.75,75,0,542275
NIFTY-III.NFO,20/06/2024,09:31:58,23718.45,23714,25,23714.8,125,0,542275
NIFTY-III.NFO,20/06/2024,09:32:00,23718.45,23714,25,23716,50,0,542275
NIFTY-III.NFO,20/06/2024,09:32:01,23718.45,23714.05,175,23721.75,75,0,542275
NIFTY-III.NFO,20/06/2024,09:32:03,23718.45,23714.05,175,23720.5,125,0,542275
NIFTY-III.NFO,20/06/2024,09:32:05,23717.05,23714,100,23717.7,50,25,542275
NIFTY-III.NFO,20/06/2024,09:32:06,23717.05,23714.05,175,23717.55,50,0,542275
NIFTY-III.NFO,20/06/2024,09:32:08,23717.05,23714.05,175,23718.9,50,0,542275
NIFTY-III.NFO,20/06/2024,09:32:10,23717.05,23714.05,175,23718.45,25,0,542275
NIFTY-III.NFO,20/06/2024,09:32:12,23718.45,23721.05,100,23726.75,50,25,542275
NIFTY-III.NFO,20/06/2024,09:32:13,23718.45,23720.25,100,23726.9,25,0,542275
NIFTY-III.NFO,20/06/2024,09:32:15,23718.45,23719.2,100,23725.45,300,0,542275
NIFTY-III.NFO,20/06/2024,09:32:17,23718.45,23721.9,100,23726.9,25,0,542275
NIFTY-III.NFO,20/06/2024,09:32:18,23718.45,23721.9,100,23726.65,50,0,542275
NIFTY-III.NFO,20/06/2024,09:32:20,23718.45,23725.55,100,23726.9,25,0,542275
NIFTY-III.NFO,20/06/2024,09:32:22,23726.9,23727.1,100,23732.85,125,25,542275
NIFTY-III.NFO,20/06/2024,09:32:23,23726.9,23727.1,100,23734.7,75,0,542275
NIFTY-III.NFO,20/06/2024,09:32:25,23726.9,23727.65,175,23734.9,300,0,542275
NIFTY-III.NFO,20/06/2024,09:32:27,23726.9,23728.9,175,23734.9,300,0,542275
NIFTY-III.NFO,20/06/2024,09:32:28,23726.9,23728.3,100,23735,100,0,542275
NIFTY-III.NFO,20/06/2024,09:32:30,23735,23726.95,100,23734.8,75,25,542275
NIFTY-III.NFO,20/06/2024,09:32:31,23735,23728.55,100,23735.15,125,0,542275
NIFTY-III.NFO,20/06/2024,09:32:33,23735,23730,100,23738.2,25,0,542275
NIFTY-III.NFO,20/06/2024,09:32:35,23735.1,23730,100,23736.35,50,25,542275
NIFTY-III.NFO,20/06/2024,09:32:36,23735.1,23735.3,100,23738.2,25,0,542275
NIFTY-III.NFO,20/06/2024,09:32:38,23740,23740.5,50,23748.75,100,325,542275
NIFTY-III.NFO,20/06/2024,09:32:40,23750.65,23750.8,75,23757,25,50,542275
NIFTY-III.NFO,20/06/2024,09:32:41,23759.85,23760.65,75,23771.1,175,75,542275
NIFTY-III.NFO,20/06/2024,09:32:43,23759.85,23755.1,75,23764,100,0,542275
NIFTY-III.NFO,20/06/2024,09:32:45,23759.85,23754.9,75,23759.85,50,0,542275
NIFTY-III.NFO,20/06/2024,09:32:46,23759.85,23755.7,75,23759.85,25,25,542275
NIFTY-III.NFO,20/06/2024,09:32:48,23759.85,23755.7,75,23759.85,25,0,542275
NIFTY-III.NFO,20/06/2024,09:32:50,23759.85,23759.7,75,23770.75,100,25,542275
NIFTY-III.NFO,20/06/2024,09:32:51,23759.85,23761.75,150,23772.75,75,0,542275
NIFTY-III.NFO,20/06/2024,09:32:53,23762.45,23762.2,75,23773.95,100,50,542275
NIFTY-III.NFO,20/06/2024,09:32:55,23762.45,23765,250,23773.95,100,0,542275
NIFTY-III.NFO,20/06/2024,09:32:56,23762.45,23761.15,325,23771,100,0,542275
NIFTY-III.NFO,20/06/2024,09:32:58,23762.45,23757.2,150,23766.2,100,0,542275
NIFTY-III.NFO,20/06/2024,09:33:00,23762.45,23758.55,75,23768.95,75,0,542275
NIFTY-III.NFO,20/06/2024,09:33:01,23763.55,23764.75,325,23772.8,100,25,542275
NIFTY-III.NFO,20/06/2024,09:33:03,23763.55,23771.25,75,23774,25,0,542275
NIFTY-III.NFO,20/06/2024,09:33:04,23774.05,23774.15,75,23776.25,100,150,542275
NIFTY-III.NFO,20/06/2024,09:33:06,23769.5,23768.25,275,23776.2,175,75,542275
NIFTY-III.NFO,20/06/2024,09:33:08,23769.5,23765.25,75,23773.6,100,0,542275
NIFTY-III.NFO,20/06/2024,09:33:09,23769.5,23765.15,500,23776.25,150,0,542275
NIFTY-III.NFO,20/06/2024,09:33:11,23764.95,23765.25,125,23773.2,200,175,542275
NIFTY-III.NFO,20/06/2024,09:33:13,23764.95,23763.85,200,23771.15,275,0,542275
NIFTY-III.NFO,20/06/2024,09:33:14,23764.95,23763.55,125,23770.2,200,0,542275
NIFTY-III.NFO,20/06/2024,09:33:16,23764.95,23761.2,125,23768.4,275,0,542275
NIFTY-III.NFO,20/06/2024,09:33:18,23764.95,23760.6,200,23767.7,200,0,542275
NIFTY-III.NFO,20/06/2024,09:33:19,23764.95,23758.7,125,23765.6,200,0,542275
NIFTY-III.NFO,20/06/2024,09:33:21,23764.95,23757.3,125,23764.75,275,0,542275
NIFTY-III.NFO,20/06/2024,09:33:23,23764.95,23758.1,125,23765.6,200,0,542275
NIFTY-III.NFO,20/06/2024,09:33:24,23757.9,23756.4,75,23763.15,200,50,542275
NIFTY-III.NFO,20/06/2024,09:33:26,23757.9,23750.05,75,23757,200,0,542275
NIFTY-III.NFO,20/06/2024,09:33:28,23757.9,23750,25,23752.15,200,0,542275
NIFTY-III.NFO,20/06/2024,09:33:29,23750,23741.2,150,23747.75,200,25,542375
NIFTY-III.NFO,20/06/2024,09:33:31,23750,23747.8,75,23754.8,200,0,542375
NIFTY-III.NFO,20/06/2024,09:33:33,23750,23752.05,75,23758.25,200,0,542375
NIFTY-III.NFO,20/06/2024,09:33:34,23750,23747,150,23755.25,200,0,542375
NIFTY-III.NFO,20/06/2024,09:33:36,23750,23744.35,75,23752.45,200,0,542375
NIFTY-III.NFO,20/06/2024,09:33:38,23750,23745.65,75,23753.15,275,0,542375
NIFTY-III.NFO,20/06/2024,09:33:39,23750,23745.65,75,23747,50,0,542375
NIFTY-III.NFO,20/06/2024,09:33:41,23747,23749.65,100,23756.95,200,50,542375
NIFTY-III.NFO,20/06/2024,09:33:43,23751.15,23749.95,75,23758.35,200,50,542375
NIFTY-III.NFO,20/06/2024,09:33:44,23751.15,23751.4,150,23758.35,200,0,542375
NIFTY-III.NFO,20/06/2024,09:33:46,23751.15,23747.55,75,23758.35,200,0,542375
NIFTY-III.NFO,20/06/2024,09:33:48,23751.15,23748.5,325,23756.7,200,0,542375
NIFTY-III.NFO,20/06/2024,09:33:49,23751.15,23749.65,200,23755,25,0,542375
NIFTY-III.NFO,20/06/2024,09:33:51,23755,23751.85,325,23759.3,200,25,542375
NIFTY-III.NFO,20/06/2024,09:33:53,23755,23748.5,75,23757.6,200,0,542375
NIFTY-III.NFO,20/06/2024,09:33:54,23755,23750.9,200,23755,50,0,542375
NIFTY-III.NFO,20/06/2024,09:33:56,23755.35,23755.35,50,23760,25,75,542375
NIFTY-III.NFO,20/06/2024,09:33:58,23755.35,23752.5,200,23759.95,200,0,542375
NIFTY-III.NFO,20/06/2024,09:33:59,23752.8,23753,250,23759.95,275,25,542375
NIFTY-III.NFO,20/06/2024,09:34:01,23755.05,23750.9,25,23755,50,25,542375
NIFTY-III.NFO,20/06/2024,09:34:03,23755.05,23751.4,75,23755,50,0,542375
NIFTY-III.NFO,20/06/2024,09:34:04,23755.05,23750.9,25,23755,125,0,542375
NIFTY-III.NFO,20/06/2024,09:34:08,23755.05,23750.9,25,23754.9,200,0,542375
NIFTY-III.NFO,20/06/2024,09:34:09,23750.9,23745.95,75,23752.45,75,25,542375
NIFTY-III.NFO,20/06/2024,09:34:11,23750.9,23746.3,75,23752.8,200,0,542375
NIFTY-III.NFO,20/06/2024,09:34:13,23750.9,23745.75,75,23751.95,200,0,542375
NIFTY-III.NFO,20/06/2024,09:34:14,23750.9,23745,50,23750.9,200,0,542375
NIFTY-III.NFO,20/06/2024,09:34:16,23750.9,23745,125,23750.45,275,0,542375
NIFTY-III.NFO,20/06/2024,09:34:18,23750.9,23745,50,23748.9,200,0,542375
NIFTY-III.NFO,20/06/2024,09:34:19,23740,23733.55,25,23742.05,200,125,542375
NIFTY-III.NFO,20/06/2024,09:34:21,23736.35,23738.05,275,23743.5,75,25,542375
NIFTY-III.NFO,20/06/2024,09:34:23,23736.35,23738.85,250,23746.1,200,0,542375
NIFTY-III.NFO,20/06/2024,09:34:24,23736.35,23739.65,75,23748,200,0,542375
NIFTY-III.NFO,20/06/2024,09:34:26,23736.35,23736,75,23744.95,200,0,542375
NIFTY-III.NFO,20/06/2024,09:34:28,23743.45,23735.4,100,23742.6,200,25,542375
NIFTY-III.NFO,20/06/2024,09:34:29,23743.45,23735.05,25,23741.95,200,0,542375
NIFTY-III.NFO,20/06/2024,09:34:31,23743.45,23735.05,25,23739.95,275,0,542375
NIFTY-III.NFO,20/06/2024,09:34:33,23735.05,23735,125,23735.05,650,100,542375
NIFTY-III.NFO,20/06/2024,09:34:34,23735.05,23735,75,23735.05,525,125,542375
NIFTY-III.NFO,20/06/2024,09:34:36,23735.05,23735,150,23735.05,100,425,542375
NIFTY-III.NFO,20/06/2024,09:34:38,23735.05,23735,150,23740,50,100,542375
NIFTY-III.NFO,20/06/2024,09:34:39,23735.05,23737.75,75,23740,50,0,542375
NIFTY-III.NFO,20/06/2024,09:34:41,23740,23741.7,75,23749.1,200,50,542375
NIFTY-III.NFO,20/06/2024,09:34:43,23740,23742.75,200,23749.5,275,0,542375
NIFTY-III.NFO,20/06/2024,09:34:44,23740,23745.2,325,23751.85,200,0,542375
NIFTY-III.NFO,20/06/2024,09:34:46,23740,23743.4,275,23749.5,200,0,542375
NIFTY-III.NFO,20/06/2024,09:34:48,23740,23746.05,275,23751.85,200,0,542375
NIFTY-III.NFO,20/06/2024,09:34:49,23740,23744.9,325,23749,25,0,542375
NIFTY-III.NFO,20/06/2024,09:34:51,23740,23744.45,200,23749,100,0,542375
NIFTY-III.NFO,20/06/2024,09:34:53,23740,23743.7,275,23749,25,0,542375
NIFTY-III.NFO,20/06/2024,09:34:54,23740,23747.8,75,23749,25,0,542375
NIFTY-III.NFO,20/06/2024,09:34:56,23749,23744.9,200,23751,100,25,542375
NIFTY-III.NFO,20/06/2024,09:34:58,23749,23744.45,75,23750.95,200,0,542375
NIFTY-III.NFO,20/06/2024,09:34:59,23749,23743.7,250,23750.9,200,0,542375
NIFTY-III.NFO,20/06/2024,09:35:01,23749,23740.7,275,23748.75,200,0,542375
NIFTY-III.NFO,20/06/2024,09:35:03,23749,23740.6,200,23746.5,150,0,542375
NIFTY-III.NFO,20/06/2024,09:35:04,23749,23741.8,325,23747.75,200,0,542375
NIFTY-III.NFO,20/06/2024,09:35:06,23749,23740.95,325,23748.95,200,0,542375
NIFTY-III.NFO,20/06/2024,09:35:08,23749,23735.7,75,23744.85,200,0,542375
NIFTY-III.NFO,20/06/2024,09:35:09,23749,23740,25,23743,200,0,542375
NIFTY-III.NFO,20/06/2024,09:35:11,23749,23740,25,23742.1,275,0,542375
NIFTY-III.NFO,20/06/2024,09:35:13,23749,23740,25,23744.55,200,0,542375
NIFTY-III.NFO,20/06/2024,09:35:14,23740,23739.9,25,23745.4,200,25,542375
NIFTY-III.NFO,20/06/2024,09:35:16,23740,23740.35,275,23747.95,275,0,542375
NIFTY-III.NFO,20/06/2024,09:35:18,23740,23739.9,25,23746.65,200,0,542375
NIFTY-III.NFO,20/06/2024,09:35:19,23740,23740.4,200,23747.3,200,0,542375
NIFTY-III.NFO,20/06/2024,09:35:21,23740,23740.85,75,23747.95,275,0,542375
NIFTY-III.NFO,20/06/2024,09:35:23,23740,23742.85,200,23748,25,0,542375
NIFTY-III.NFO,20/06/2024,09:35:24,23740,23746.4,150,23748,25,0,542375
NIFTY-III.NFO,20/06/2024,09:35:26,23748,23744.45,200,23749,25,50,542375
NIFTY-III.NFO,20/06/2024,09:35:28,23748,23741.7,250,23748.9,200,0,542375
NIFTY-III.NFO,20/06/2024,09:35:29,23748,23740.95,325,23748.35,275,0,542375
NIFTY-III.NFO,20/06/2024,09:35:31,23748,23740,100,23745.7,275,0,542375
NIFTY-III.NFO,20/06/2024,09:35:33,23748,23740,25,23746.05,275,0,542375
NIFTY-III.NFO,20/06/2024,09:35:35,23739.9,23735.1,50,23739.75,75,50,542375
NIFTY-III.NFO,20/06/2024,09:35:36,23739.9,23737.1,200,23740,25,0,542375
NIFTY-III.NFO,20/06/2024,09:35:38,23739.9,23739.9,25,23740,25,0,542375
NIFTY-III.NFO,20/06/2024,09:35:43,23740,23741.75,325,23748.9,200,25,542375
NIFTY-III.NFO,20/06/2024,09:35:45,23740,23741.2,75,23748.9,200,0,542375
NIFTY-III.NFO,20/06/2024,09:35:46,23740,23741.2,75,23748.95,275,0,542375
NIFTY-III.NFO,20/06/2024,09:35:48,23740,23740.3,75,23747.95,200,0,542375
NIFTY-III.NFO,20/06/2024,09:35:50,23740,23740,25,23745.3,200,0,542375
NIFTY-III.NFO,20/06/2024,09:35:53,23740,23740,25,23741.5,200,0,542375
NIFTY-III.NFO,20/06/2024,09:35:55,23739.9,23735.1,50,23737.95,75,50,542375
NIFTY-III.NFO,20/06/2024,09:35:56,23739.9,23735.1,125,23740.65,275,0,542375
NIFTY-III.NFO,20/06/2024,09:35:58,23739.9,23736.4,75,23740,25,0,542375
NIFTY-III.NFO,20/06/2024,09:36:00,23739.9,23735.1,125,23740,25,0,542375
NIFTY-III.NFO,20/06/2024,09:36:01,23739.9,23736.5,75,23740,25,0,542375
NIFTY-III.NFO,20/06/2024,09:36:03,23739.9,23735.55,275,23740,25,0,542375
NIFTY-III.NFO,20/06/2024,09:36:05,23739.9,23737.65,75,23746.65,275,0,542375
NIFTY-III.NFO,20/06/2024,09:36:06,23739.9,23738.05,75,23745.9,200,0,542375
NIFTY-III.NFO,20/06/2024,09:36:08,23739.9,23740.8,75,23747.3,200,0,542375
NIFTY-III.NFO,20/06/2024,09:36:10,23741.75,23741.75,250,23748.8,200,25,542375
NIFTY-III.NFO,20/06/2024,09:36:11,23741.75,23742.55,250,23748.95,200,0,542375
NIFTY-III.NFO,20/06/2024,09:36:13,23741.75,23742.55,75,23748.95,200,0,542375
NIFTY-III.NFO,20/06/2024,09:36:14,23741.75,23740.8,75,23748.25,200,0,542375
NIFTY-III.NFO,20/06/2024,09:36:16,23741.75,23735.1,125,23741.85,200,0,542375
NIFTY-III.NFO,20/06/2024,09:36:18,23741.75,23735.1,50,23740.15,200,0,542375
NIFTY-III.NFO,20/06/2024,09:36:19,23735,23730,125,23735.95,200,175,542375
NIFTY-III.NFO,20/06/2024,09:36:21,23735,23730,450,23737.85,200,0,542375
NIFTY-III.NFO,20/06/2024,09:36:23,23735,23730.35,325,23737.05,200,0,542375
NIFTY-III.NFO,20/06/2024,09:36:24,23735,23730,125,23735.3,275,0,542375
NIFTY-III.NFO,20/06/2024,09:36:26,23735,23730,200,23735.55,200,0,542375
NIFTY-III.NFO,20/06/2024,09:36:28,23735,23731.2,75,23738,200,0,542375
NIFTY-III.NFO,20/06/2024,09:36:29,23735,23732.4,75,23739.85,200,0,542375
NIFTY-III.NFO,20/06/2024,09:36:31,23735,23736.1,75,23743.1,275,0,542375
NIFTY-III.NFO,20/06/2024,09:36:33,23735,23734.95,250,23741.05,200,0,542375
NIFTY-III.NFO,20/06/2024,09:36:35,23735,23737.75,150,23745.55,200,0,542375
NIFTY-III.NFO,20/06/2024,09:36:36,23735,23738.5,75,23745.05,275,0,542375
NIFTY-III.NFO,20/06/2024,09:36:38,23735,23738.5,75,23745.55,200,0,542375
NIFTY-III.NFO,20/06/2024,09:36:40,23735,23737.15,75,23744.1,200,0,542375
NIFTY-III.NFO,20/06/2024,09:36:41,23735,23738.85,250,23746.2,200,0,542375
NIFTY-III.NFO,20/06/2024,09:36:43,23735,23735.9,75,23743.75,200,0,542375
NIFTY-III.NFO,20/06/2024,09:36:45,23735,23734.55,75,23742.85,200,0,542375
NIFTY-III.NFO,20/06/2024,09:36:46,23735,23735.35,75,23743.9,200,0,542375
NIFTY-III.NFO,20/06/2024,09:36:48,23743.9,23740.05,25,23748.3,200,25,542900
NIFTY-III.NFO,20/06/2024,09:36:50,23743.9,23740,25,23747.1,200,0,542900
NIFTY-III.NFO,20/06/2024,09:36:51,23743.9,23742,25,23747.15,75,0,542900
NIFTY-III.NFO,20/06/2024,09:36:53,23743.9,23743.1,25,23748.95,200,0,542900
NIFTY-III.NFO,20/06/2024,09:36:55,23743.9,23742.15,275,23748.95,275,0,542900
NIFTY-III.NFO,20/06/2024,09:36:56,23743.9,23739.55,100,23746.15,200,0,542900
NIFTY-III.NFO,20/06/2024,09:36:58,23743.9,23737.3,25,23746.15,200,0,542900
NIFTY-III.NFO,20/06/2024,09:37:00,23743.9,23735.05,25,23741.6,200,0,542900
NIFTY-III.NFO,20/06/2024,09:37:01,23740,23735.05,100,23740.8,200,50,542900
NIFTY-III.NFO,20/06/2024,09:37:03,23740,23735,225,23740.4,200,0,542900
NIFTY-III.NFO,20/06/2024,09:37:05,23740,23735,225,23738.6,200,0,542900
NIFTY-III.NFO,20/06/2024,09:37:06,23740,23735.05,100,23741.45,200,0,542900
NIFTY-III.NFO,20/06/2024,09:37:08,23740,23735,225,23739.85,275,0,542900
NIFTY-III.NFO,20/06/2024,09:37:10,23740,23735,225,23739.8,200,0,542900
NIFTY-III.NFO,20/06/2024,09:37:11,23740,23735,200,23737.3,200,0,542900
NIFTY-III.NFO,20/06/2024,09:37:13,23735,23731.1,50,23734.7,200,200,542900
NIFTY-III.NFO,20/06/2024,09:37:15,23735,23731.1,50,23736.65,200,0,542900
NIFTY-III.NFO,20/06/2024,09:37:16,23735,23735,25,23737.35,200,0,542900
NIFTY-III.NFO,20/06/2024,09:37:18,23735,23731.15,25,23738.3,200,25,542900
NIFTY-III.NFO,20/06/2024,09:37:20,23735,23731.4,100,23739.2,200,0,542900
NIFTY-III.NFO,20/06/2024,09:37:21,23735,23731.1,50,23736.95,200,0,542900
NIFTY-III.NFO,20/06/2024,09:37:23,23735,23731.1,50,23731.9,200,0,542900
NIFTY-III.NFO,20/06/2024,09:37:25,23726.95,23726.5,25,23729.4,200,150,542900
NIFTY-III.NFO,20/06/2024,09:37:26,23729.4,23725.05,150,23733,200,25,542900
NIFTY-III.NFO,20/06/2024,09:37:28,23729.4,23725.05,150,23731.6,200,0,542900
NIFTY-III.NFO,20/06/2024,09:37:30,23729.4,23725,25,23729.75,200,0,542900
NIFTY-III.NFO,20/06/2024,09:37:31,23729.4,23725,25,23726.55,200,0,542900
NIFTY-III.NFO,20/06/2024,09:37:33,23729.4,23725,25,23726.45,200,0,542900
NIFTY-III.NFO,20/06/2024,09:37:34,23729.4,23725,25,23729.1,275,0,542900
NIFTY-III.NFO,20/06/2024,09:37:36,23729.4,23725.05,75,23732.1,200,0,542900
NIFTY-III.NFO,20/06/2024,09:37:38,23729.4,23725.05,75,23732.25,200,0,542900
NIFTY-III.NFO,20/06/2024,09:37:39,23729.4,23725.05,150,23732.35,275,0,542900
NIFTY-III.NFO,20/06/2024,09:37:41,23729.4,23725.05,75,23731.6,200,0,542900
NIFTY-III.NFO,20/06/2024,09:37:43,23729.4,23725.05,150,23732.25,275,0,542900
NIFTY-III.NFO,20/06/2024,09:37:44,23729.4,23729.4,25,23731.75,350,0,542900
NIFTY-III.NFO,20/06/2024,09:37:46,23729.4,23729.4,25,23732.55,275,0,542900
NIFTY-III.NFO,20/06/2024,09:37:48,23729.4,23725,50,23727.8,275,25,542900
NIFTY-III.NFO,20/06/2024,09:37:49,23729.4,23725,50,23729.4,275,0,542900
NIFTY-III.NFO,20/06/2024,09:37:51,23729.4,23725,50,23728.6,200,0,542900
NIFTY-III.NFO,20/06/2024,09:37:53,23724,23724,25,23724.75,200,100,542900
NIFTY-III.NFO,20/06/2024,09:37:54,23724,23721.1,50,23722.9,25,25,542900
NIFTY-III.NFO,20/06/2024,09:37:56,23724,23721.1,50,23723.05,200,0,542900
NIFTY-III.NFO,20/06/2024,09:37:58,23721.1,23720,250,23720.35,275,50,542900
NIFTY-III.NFO,20/06/2024,09:37:59,23720,23720,225,23722.45,200,25,542900
NIFTY-III.NFO,20/06/2024,09:38:01,23720,23720,225,23722.45,200,0,542900
NIFTY-III.NFO,20/06/2024,09:38:03,23720,23720,225,23723.95,200,0,542900
NIFTY-III.NFO,20/06/2024,09:38:04,23724,23720,300,23726.35,275,25,542900
NIFTY-III.NFO,20/06/2024,09:38:06,23724,23720,225,23725.3,275,0,542900
NIFTY-III.NFO,20/06/2024,09:38:08,23724,23720,300,23726.15,275,0,542900
NIFTY-III.NFO,20/06/2024,09:38:09,23724,23720,250,23724.85,275,0,542900
NIFTY-III.NFO,20/06/2024,09:38:11,23724.85,23720,250,23724.55,275,50,542900
NIFTY-III.NFO,20/06/2024,09:38:13,23724.85,23720,250,23724.55,275,0,542900
NIFTY-III.NFO,20/06/2024,09:38:14,23724.85,23720,250,23721.55,275,0,542900
NIFTY-III.NFO,20/06/2024,09:38:16,23724.85,23720,250,23721.75,275,0,542900
NIFTY-III.NFO,20/06/2024,09:38:18,23720,23720,25,23720.75,200,225,542900
NIFTY-III.NFO,20/06/2024,09:38:19,23722,23720,25,23724.25,175,125,542900
NIFTY-III.NFO,20/06/2024,09:38:21,23722,23729.5,200,23734.95,175,0,542900
NIFTY-III.NFO,20/06/2024,09:38:23,23722,23729.2,200,23734.95,100,0,542900
NIFTY-III.NFO,20/06/2024,09:38:24,23722,23732.8,200,23735,25,0,542900
NIFTY-III.NFO,20/06/2024,09:38:26,23735,23734.9,200,23739.95,100,25,542900
NIFTY-III.NFO,20/06/2024,09:38:28,23735,23733.3,200,23739.95,175,0,542900
NIFTY-III.NFO,20/06/2024,09:38:29,23735,23734,200,23739.4,250,0,542900
NIFTY-III.NFO,20/06/2024,09:38:31,23735,23733.65,200,23739.35,100,0,542900
NIFTY-III.NFO,20/06/2024,09:38:33,23735,23731.1,200,23738.4,100,0,542900
NIFTY-III.NFO,20/06/2024,09:38:34,23735,23728.3,200,23735.05,75,0,542900
NIFTY-III.NFO,20/06/2024,09:38:36,23735,23727.7,200,23734.95,75,25,542900
NIFTY-III.NFO,20/06/2024,09:38:38,23724.7,23723.65,175,23731.2,275,150,542900
NIFTY-III.NFO,20/06/2024,09:38:39,23724.7,23723.7,175,23729.35,275,0,542900
NIFTY-III.NFO,20/06/2024,09:38:41,23724.7,23723.6,50,23727.65,200,0,542900
NIFTY-III.NFO,20/06/2024,09:38:43,23726.7,23723.6,50,23726.65,200,25,542900
NIFTY-III.NFO,20/06/2024,09:38:44,23726.7,23723.6,50,23725.55,250,0,542900
NIFTY-III.NFO,20/06/2024,09:38:46,23726.7,23723.6,50,23724.15,175,0,542900
NIFTY-III.NFO,20/06/2024,09:38:48,23726.7,23723.6,50,23723.75,250,0,542900
NIFTY-III.NFO,20/06/2024,09:38:49,23723.6,23722,25,23724.9,200,50,542900
NIFTY-III.NFO,20/06/2024,09:38:51,23723.6,23722,25,23723.6,275,0,542900
NIFTY-III.NFO,20/06/2024,09:38:53,23722,23720,275,23721.15,200,25,542900
NIFTY-III.NFO,20/06/2024,09:38:54,23723.35,23720,275,23723.4,175,25,542900
NIFTY-III.NFO,20/06/2024,09:38:56,23723.35,23720,275,23724.05,175,0,542900
NIFTY-III.NFO,20/06/2024,09:38:58,23723.35,23720.05,275,23726.3,250,0,542900
NIFTY-III.NFO,20/06/2024,09:38:59,23723.35,23720.05,275,23727.45,175,0,542900
NIFTY-III.NFO,20/06/2024,09:39:01,23723.35,23724.75,200,23731.35,75,0,542900
NIFTY-III.NFO,20/06/2024,09:39:03,23731.4,23730.6,200,23735.4,200,25,542900
NIFTY-III.NFO,20/06/2024,09:39:04,23731.4,23731.1,200,23738.45,250,0,542900
NIFTY-III.NFO,20/06/2024,09:39:06,23731.4,23733.05,275,23737.5,200,0,542900
NIFTY-III.NFO,20/06/2024,09:39:08,23731.4,23732.45,275,23739.6,175,0,542900
NIFTY-III.NFO,20/06/2024,09:39:09,23731.4,23731.25,200,23738.7,250,0,542900
NIFTY-III.NFO,20/06/2024,09:39:11,23731.4,23731.35,200,23737.05,250,0,542900
NIFTY-III.NFO,20/06/2024,09:39:13,23731.4,23733.1,200,23739.05,175,0,542900
NIFTY-III.NFO,20/06/2024,09:39:14,23731.4,23732.2,200,23739.95,250,0,542900
NIFTY-III.NFO,20/06/2024,09:39:16,23731.4,23733.8,200,23739.6,250,0,542900
NIFTY-III.NFO,20/06/2024,09:39:18,23734.7,23729.6,200,23739.2,150,50,542900
NIFTY-III.NFO,20/06/2024,09:39:19,23734.7,23729.6,200,23737.2,150,0,542900
NIFTY-III.NFO,20/06/2024,09:39:21,23734.7,23727.75,200,23734.2,150,0,542900
NIFTY-III.NFO,20/06/2024,09:39:23,23734.7,23726.5,275,23731.5,200,0,542900
NIFTY-III.NFO,20/06/2024,09:39:24,23731.45,23727,275,23732.8,200,25,542900
NIFTY-III.NFO,20/06/2024,09:39:26,23731.45,23726.2,200,23732.8,200,0,542900
NIFTY-III.NFO,20/06/2024,09:39:28,23731.45,23730.75,200,23736.7,125,0,542900
NIFTY-III.NFO,20/06/2024,09:39:29,23731.45,23730.75,200,23736.85,200,0,542900
NIFTY-III.NFO,20/06/2024,09:39:31,23731.45,23733.6,75,23738.8,200,0,542900
NIFTY-III.NFO,20/06/2024,09:39:33,23731.45,23728.05,200,23737.35,125,0,542900
NIFTY-III.NFO,20/06/2024,09:39:34,23731.45,23728.3,75,23732.7,200,0,542900
NIFTY-III.NFO,20/06/2024,09:39:36,23731.45,23725.95,200,23733.35,200,0,542900
NIFTY-III.NFO,20/06/2024,09:39:38,23731.45,23725.8,200,23733.6,125,0,542900
NIFTY-III.NFO,20/06/2024,09:39:39,23731.45,23728.15,275,23731.45,25,0,542900
NIFTY-III.NFO,20/06/2024,09:39:41,23731.45,23731.45,275,23735.75,200,25,542775
NIFTY-III.NFO,20/06/2024,09:39:43,23737,23731.45,275,23735.4,75,50,542775
NIFTY-III.NFO,20/06/2024,09:39:44,23737,23731.45,275,23735.35,75,0,542775
NIFTY-III.NFO,20/06/2024,09:39:46,23737,23731.5,275,23737.75,75,0,542775
NIFTY-III.NFO,20/06/2024,09:39:48,23737,23731.5,275,23738.05,75,0,542775
NIFTY-III.NFO,20/06/2024,09:39:49,23731.5,23731.55,200,23738.75,100,25,542775
NIFTY-III.NFO,20/06/2024,09:39:51,23731.5,23731.45,275,23736.4,175,0,542775
NIFTY-III.NFO,20/06/2024,09:39:52,23731.5,23731.5,275,23738.25,100,0,542775
NIFTY-III.NFO,20/06/2024,09:39:54,23731.5,23731.5,275,23737.45,175,0,542775
NIFTY-III.NFO,20/06/2024,09:39:56,23731.5,23731.5,200,23736.1,175,0,542775
NIFTY-III.NFO,20/06/2024,09:39:57,23731.5,23731.5,275,23737.9,175,0,542775
NIFTY-III.NFO,20/06/2024,09:39:59,23731.5,23731.5,275,23737.6,175,0,542775
NIFTY-III.NFO,20/06/2024,09:40:01,23731.5,23731.5,275,23738.6,100,0,542775
NIFTY-III.NFO,20/06/2024,09:40:02,23731.5,23731.5,275,23739.5,100,0,542775
NIFTY-III.NFO,20/06/2024,09:40:04,23731.5,23731.45,275,23738.25,100,0,542775
NIFTY-III.NFO,20/06/2024,09:40:06,23731.45,23731.45,50,23731.75,100,225,542775
NIFTY-III.NFO,20/06/2024,09:40:07,23731.45,23725,250,23729.7,100,50,542775
NIFTY-III.NFO,20/06/2024,09:40:09,23731.45,23725,250,23728.15,100,0,542775
NIFTY-III.NFO,20/06/2024,09:40:11,23731.45,23725,250,23729.5,100,0,542775
NIFTY-III.NFO,20/06/2024,09:40:12,23731.45,23725,250,23729.8,100,0,542775
NIFTY-III.NFO,20/06/2024,09:40:14,23728.2,23725,250,23727.9,75,125,542775
NIFTY-III.NFO,20/06/2024,09:40:16,23728.2,23725.1,75,23729.2,75,0,542775
NIFTY-III.NFO,20/06/2024,09:40:17,23728.2,23727.7,200,23734,125,0,542775
NIFTY-III.NFO,20/06/2024,09:40:19,23728.2,23727.05,275,23734.5,225,0,542775
NIFTY-III.NFO,20/06/2024,09:40:21,23728.2,23725.85,200,23732.3,75,0,542775
NIFTY-III.NFO,20/06/2024,09:40:24,23728.2,23725.05,275,23732.8,150,0,542775
NIFTY-III.NFO,20/06/2024,09:40:26,23728.2,23725,275,23730.4,225,0,542775
NIFTY-III.NFO,20/06/2024,09:40:27,23728.2,23725.65,75,23730.05,50,0,542775
NIFTY-III.NFO,20/06/2024,09:40:29,23728.2,23725,275,23729.7,75,0,542775
NIFTY-III.NFO,20/06/2024,09:40:31,23728.2,23725,275,23730,125,0,542775
NIFTY-III.NFO,20/06/2024,09:40:33,23728.2,23725.05,200,23730,125,0,542775
NIFTY-III.NFO,20/06/2024,09:40:35,23728.2,23725,275,23730,125,0,542775
NIFTY-III.NFO,20/06/2024,09:40:36,23728.2,23725.05,200,23730,125,0,542775
NIFTY-III.NFO,20/06/2024,09:40:38,23728.2,23725.7,275,23730,50,0,542775
NIFTY-III.NFO,20/06/2024,09:40:40,23725,23725,250,23730,125,25,542775
NIFTY-III.NFO,20/06/2024,09:40:41,23727.85,23725,250,23727.3,125,100,542775
NIFTY-III.NFO,20/06/2024,09:40:43,23727.3,23725,250,23727.3,50,25,542775
NIFTY-III.NFO,20/06/2024,09:40:45,23727.3,23725,250,23725.9,75,0,542775
NIFTY-III.NFO,20/06/2024,09:40:46,23727.3,23725,250,23727.65,75,0,542775
NIFTY-III.NFO,20/06/2024,09:40:48,23727.3,23725,250,23729.45,125,0,542775
NIFTY-III.NFO,20/06/2024,09:40:50,23727.3,23726.9,275,23730,50,0,542775
NIFTY-III.NFO,20/06/2024,09:40:51,23727.3,23727.3,200,23730,50,0,542775
NIFTY-III.NFO,20/06/2024,09:40:53,23730,23733.95,200,23740,625,50,542775
NIFTY-III.NFO,20/06/2024,09:40:55,23730,23734.85,200,23740,550,0,542775
NIFTY-III.NFO,20/06/2024,09:40:56,23730,23735.15,200,23740,550,0,542775
NIFTY-III.NFO,20/06/2024,09:40:58,23730,23731.2,200,23737.95,75,0,542775
NIFTY-III.NFO,20/06/2024,09:41:00,23730,23732.1,200,23737.75,125,0,542775
NIFTY-III.NFO,20/06/2024,09:41:01,23730,23732.2,200,23738.15,50,0,542775
NIFTY-III.NFO,20/06/2024,09:41:03,23730,23731,200,23738.1,125,0,542775
NIFTY-III.NFO,20/06/2024,09:41:05,23730,23732.5,200,23739.1,125,0,542775
NIFTY-III.NFO,20/06/2024,09:41:06,23733.6,23733.45,75,23738.4,200,125,542775
NIFTY-III.NFO,20/06/2024,09:41:08,23733.6,23732,50,23736.3,125,0,542775
NIFTY-III.NFO,20/06/2024,09:41:10,23733.6,23732,50,23735.4,125,0,542775
NIFTY-III.NFO,20/06/2024,09:41:11,23733.6,23733.85,275,23739.95,200,0,542775
NIFTY-III.NFO,20/06/2024,09:41:13,23733.6,23735.2,275,23739.1,25,0,542775
NIFTY-III.NFO,20/06/2024,09:41:15,23733.6,23735.05,200,23739.1,25,0,542775
NIFTY-III.NFO,20/06/2024,09:41:16,23733.6,23734.9,275,23739.1,25,0,542775
NIFTY-III.NFO,20/06/2024,09:41:18,23740,23745.8,200,23749,25,575,542775
NIFTY-III.NFO,20/06/2024,09:41:20,23748.3,23746.2,200,23750,25,50,542775
NIFTY-III.NFO,20/06/2024,09:41:21,23748.3,23746.25,275,23750,25,0,542775
NIFTY-III.NFO,20/06/2024,09:41:23,23746.25,23743.65,200,23749.95,175,25,542775
NIFTY-III.NFO,20/06/2024,09:41:25,23746.25,23745.75,275,23750,25,0,542775
NIFTY-III.NFO,20/06/2024,09:41:26,23746.25,23747.7,200,23750,25,0,542775
NIFTY-III.NFO,20/06/2024,09:41:28,23750,23747.3,200,23754.65,175,25,542775
NIFTY-III.NFO,20/06/2024,09:41:30,23755,23755.3,200,23757,25,50,542775
NIFTY-III.NFO,20/06/2024,09:41:31,23755,23756.6,200,23757,25,0,542775
NIFTY-III.NFO,20/06/2024,09:41:33,23760,23760.25,200,23768,75,100,542775
NIFTY-III.NFO,20/06/2024,09:41:34,23760,23757.2,200,23764.8,75,0,542775
NIFTY-III.NFO,20/06/2024,09:41:36,23760,23759.6,200,23767,75,0,542775
NIFTY-III.NFO,20/06/2024,09:41:38,23760,23755.25,275,23763,175,0,542775
NIFTY-III.NFO,20/06/2024,09:41:39,23760,23760,25,23763,175,0,542775
NIFTY-III.NFO,20/06/2024,09:41:41,23760,23760,75,23763,175,0,542775
NIFTY-III.NFO,20/06/2024,09:41:43,23760,23751.75,200,23758.8,175,75,542775
NIFTY-III.NFO,20/06/2024,09:41:44,23760,23750.7,200,23757.6,175,0,542775
NIFTY-III.NFO,20/06/2024,09:41:46,23751.5,23752,75,23756.95,175,25,542775
NIFTY-III.NFO,20/06/2024,09:41:48,23755.45,23750,50,23755.15,150,25,542775
NIFTY-III.NFO,20/06/2024,09:41:49,23755.45,23750,50,23753.05,150,0,542775
NIFTY-III.NFO,20/06/2024,09:41:51,23755.45,23750,50,23754.85,150,0,542775
NIFTY-III.NFO,20/06/2024,09:41:53,23755.45,23750,50,23754.55,150,0,542775
NIFTY-III.NFO,20/06/2024,09:41:54,23754.55,23750.5,175,23756.95,125,25,542775
NIFTY-III.NFO,20/06/2024,09:41:56,23754.55,23755,150,23757.55,125,0,542775
NIFTY-III.NFO,20/06/2024,09:41:58,23754.55,23755,150,23759.95,125,0,542775
NIFTY-III.NFO,20/06/2024,09:41:59,23754.55,23755.05,250,23760,75,0,542775
NIFTY-III.NFO,20/06/2024,09:42:01,23755.85,23755.05,200,23760,75,50,542775
NIFTY-III.NFO,20/06/2024,09:42:03,23755.85,23755.05,125,23759.95,125,0,542775
NIFTY-III.NFO,20/06/2024,09:42:04,23755.85,23755,150,23758.8,125,0,542775
NIFTY-III.NFO,20/06/2024,09:42:06,23754.55,23754.55,25,23755.35,125,175,542775
NIFTY-III.NFO,20/06/2024,09:42:08,23754.55,23750,75,23755.95,100,25,542775
NIFTY-III.NFO,20/06/2024,09:42:09,23754.55,23750,75,23752.75,100,0,542775
NIFTY-III.NFO,20/06/2024,09:42:11,23754.55,23750,75,23753.45,100,0,542775
NIFTY-III.NFO,20/06/2024,09:42:13,23754.55,23750,75,23754.05,100,0,542775
NIFTY-III.NFO,20/06/2024,09:42:14,23750,23750,50,23753,100,25,542775
NIFTY-III.NFO,20/06/2024,09:42:16,23750,23750,50,23751,100,0,542775
NIFTY-III.NFO,20/06/2024,09:42:18,23750,23744.35,125,23751.3,175,50,542775
NIFTY-III.NFO,20/06/2024,09:42:19,23750,23740,200,23742.55,100,0,542775
NIFTY-III.NFO,20/06/2024,09:42:21,23750,23740.05,125,23746.1,175,0,542775
NIFTY-III.NFO,20/06/2024,09:42:23,23750,23740.05,200,23745.7,175,0,542775
NIFTY-III.NFO,20/06/2024,09:42:24,23750,23741.7,125,23748.15,175,0,542775
NIFTY-III.NFO,20/06/2024,09:42:26,23750,23744.55,125,23751.25,100,0,542775
NIFTY-III.NFO,20/06/2024,09:42:28,23750,23750,25,23753.35,100,0,542775
NIFTY-III.NFO,20/06/2024,09:42:29,23750,23750,25,23753.7,75,0,542775
NIFTY-III.NFO,20/06/2024,09:42:31,23750,23750,25,23753.5,100,0,542775
NIFTY-III.NFO,20/06/2024,09:42:33,23750,23742.45,125,23749.95,100,25,543275
NIFTY-III.NFO,20/06/2024,09:42:34,23750,23741.15,75,23746.9,375,0,543275
NIFTY-III.NFO,20/06/2024,09:42:36,23750,23741.4,200,23746.55,100,0,543275
NIFTY-III.NFO,20/06/2024,09:42:38,23750,23742.6,125,23748.5,100,0,543275
NIFTY-III.NFO,20/06/2024,09:42:39,23750,23741.8,75,23747.7,300,0,543275
NIFTY-III.NFO,20/06/2024,09:42:41,23750,23740.05,125,23746.45,175,0,543275
NIFTY-III.NFO,20/06/2024,09:42:43,23750,23740.05,200,23746.15,175,0,543275
NIFTY-III.NFO,20/06/2024,09:42:44,23750,23741.5,125,23748.95,100,0,543275
NIFTY-III.NFO,20/06/2024,09:42:46,23750,23742.45,125,23748.95,175,0,543275
NIFTY-III.NFO,20/06/2024,09:42:48,23750,23740.95,125,23747.35,100,0,543275
NIFTY-III.NFO,20/06/2024,09:42:49,23750,23740.05,200,23746.8,225,0,543275
NIFTY-III.NFO,20/06/2024,09:42:51,23750,23740.05,200,23745.95,175,0,543275
NIFTY-III.NFO,20/06/2024,09:42:52,23750,23740.05,125,23745.35,175,0,543275
NIFTY-III.NFO,20/06/2024,09:42:54,23750,23740.1,125,23746,225,0,543275
NIFTY-III.NFO,20/06/2024,09:42:56,23750,23740.05,200,23746.05,175,0,543275
NIFTY-III.NFO,20/06/2024,09:42:57,23750,23740,225,23744.05,100,0,543275
NIFTY-III.NFO,20/06/2024,09:42:59,23750,23740,225,23744.3,175,0,543275
NIFTY-III.NFO,20/06/2024,09:43:01,23750,23740,225,23743.75,75,0,543275
NIFTY-III.NFO,20/06/2024,09:43:02,23750,23740.05,125,23744.95,175,0,543275
NIFTY-III.NFO,20/06/2024,09:43:04,23750,23741.1,125,23745,25,0,543275
NIFTY-III.NFO,20/06/2024,09:43:06,23750,23741.55,125,23748.8,100,0,543275
NIFTY-III.NFO,20/06/2024,09:43:07,23750,23742.55,125,23749.85,100,0,543275
NIFTY-III.NFO,20/06/2024,09:43:09,23750,23740.05,200,23746.85,175,0,543275
NIFTY-III.NFO,20/06/2024,09:43:11,23750,23740.05,200,23745.7,100,0,543275
NIFTY-III.NFO,20/06/2024,09:43:12,23750,23740,225,23741.6,100,0,543275
NIFTY-III.NFO,20/06/2024,09:43:14,23750,23740,225,23742.6,100,0,543275
NIFTY-III.NFO,20/06/2024,09:43:16,23750,23740,225,23742,100,0,543275
NIFTY-III.NFO,20/06/2024,09:43:17,23750,23740,225,23741.95,100,0,543275
NIFTY-III.NFO,20/06/2024,09:43:19,23750,23740,225,23741.9,100,0,543275
NIFTY-III.NFO,20/06/2024,09:43:21,23740,23732.2,125,23737.2,175,325,543275
NIFTY-III.NFO,20/06/2024,09:43:22,23740,23734.1,125,23740.1,100,0,543275
NIFTY-III.NFO,20/06/2024,09:43:24,23740,23732.6,125,23739.05,175,0,543275
NIFTY-III.NFO,20/06/2024,09:43:26,23740,23733.4,125,23739.05,100,0,543275
NIFTY-III.NFO,20/06/2024,09:43:27,23740,23734.25,125,23741.9,100,0,543275
NIFTY-III.NFO,20/06/2024,09:43:29,23740,23733.75,125,23741,100,0,543275
NIFTY-III.NFO,20/06/2024,09:43:31,23740,23735.45,125,23743.35,100,0,543275
NIFTY-III.NFO,20/06/2024,09:43:32,23740,23736.85,125,23743.85,100,0,543275
NIFTY-III.NFO,20/06/2024,09:43:34,23740,23739.75,25,23742.15,175,0,543275
NIFTY-III.NFO,20/06/2024,09:43:36,23740,23739.75,25,23742.2,100,0,543275
NIFTY-III.NFO,20/06/2024,09:43:37,23740,23739.75,25,23742.6,100,0,543275
NIFTY-III.NFO,20/06/2024,09:43:39,23740,23739.75,25,23740.95,100,0,543275
NIFTY-III.NFO,20/06/2024,09:43:41,23740,23739.75,25,23740,225,0,543275
NIFTY-III.NFO,20/06/2024,09:43:42,23739.75,23734.45,125,23741.15,100,25,543275
NIFTY-III.NFO,20/06/2024,09:43:44,23739.75,23735.3,125,23741.4,175,0,543275
NIFTY-III.NFO,20/06/2024,09:43:46,23739.75,23736.55,200,23744.4,175,0,543275
NIFTY-III.NFO,20/06/2024,09:43:47,23739.75,23737.3,125,23745.05,100,0,543275
NIFTY-III.NFO,20/06/2024,09:43:49,23739.75,23737.95,125,23745.4,175,0,543275
NIFTY-III.NFO,20/06/2024,09:43:51,23739.75,23738.95,200,23744.45,175,0,543275
NIFTY-III.NFO,20/06/2024,09:43:52,23739.75,23739.55,125,23745.95,175,0,543275
NIFTY-III.NFO,20/06/2024,09:43:54,23739.75,23733.55,125,23740.05,175,0,543275
NIFTY-III.NFO,20/06/2024,09:43:56,23739.75,23735.65,125,23743.95,100,0,543275
NIFTY-III.NFO,20/06/2024,09:43:57,23739.75,23736.8,125,23744.2,200,0,543275
NIFTY-III.NFO,20/06/2024,09:43:59,23739.75,23734.6,125,23741.75,200,0,543275
NIFTY-III.NFO,20/06/2024,09:44:01,23739.75,23735.35,125,23744,200,0,543275
NIFTY-III.NFO,20/06/2024,09:44:02,23739.75,23739.75,50,23743.75,100,0,543275
NIFTY-III.NFO,20/06/2024,09:44:04,23739.75,23739.8,200,23745.6,175,0,543275
NIFTY-III.NFO,20/06/2024,09:44:06,23739.75,23739.8,200,23746.7,100,0,543275
NIFTY-III.NFO,20/06/2024,09:44:07,23739.75,23741.45,75,23746.6,200,0,543275
NIFTY-III.NFO,20/06/2024,09:44:09,23739.75,23739.8,125,23745.1,100,0,543275
NIFTY-III.NFO,20/06/2024,09:44:11,23739.75,23739.75,50,23744.05,100,0,543275
NIFTY-III.NFO,20/06/2024,09:44:12,23739.75,23739.75,50,23741.85,100,0,543275
NIFTY-III.NFO,20/06/2024,09:44:14,23739.75,23739.75,50,23743.35,200,0,543275
NIFTY-III.NFO,20/06/2024,09:44:16,23739.75,23739.75,50,23742.6,175,0,543275
NIFTY-III.NFO,20/06/2024,09:44:17,23739.75,23739.75,50,23741.25,100,0,543275
NIFTY-III.NFO,20/06/2024,09:44:19,23739.75,23739.75,50,23741.65,100,0,543275
NIFTY-III.NFO,20/06/2024,09:44:21,23739.75,23735,100,23736.85,50,50,543275
NIFTY-III.NFO,20/06/2024,09:44:22,23739.75,23735,100,23736.85,50,0,543275
NIFTY-III.NFO,20/06/2024,09:44:24,23739.75,23735,100,23740.35,50,0,543275
NIFTY-III.NFO,20/06/2024,09:44:26,23739.75,23735,100,23739.35,50,0,543275
NIFTY-III.NFO,20/06/2024,09:44:27,23739.75,23735.05,200,23742.8,50,0,543275
NIFTY-III.NFO,20/06/2024,09:44:29,23739.75,23735.05,200,23740.4,50,0,543275
NIFTY-III.NFO,20/06/2024,09:44:31,23739.75,23735.05,200,23742.45,150,0,543275
NIFTY-III.NFO,20/06/2024,09:44:32,23739.75,23735.7,125,23744.2,50,0,543275
NIFTY-III.NFO,20/06/2024,09:44:34,23739.75,23736.25,125,23744.15,125,0,543275
NIFTY-III.NFO,20/06/2024,09:44:36,23739.75,23743.95,200,23749.95,50,0,543275
NIFTY-III.NFO,20/06/2024,09:44:37,23739.75,23744.25,200,23749.95,125,0,543275
NIFTY-III.NFO,20/06/2024,09:44:39,23739.75,23747.6,200,23750,200,0,543275
NIFTY-III.NFO,20/06/2024,09:44:41,23739.75,23748.5,200,23750,200,0,543275
NIFTY-III.NFO,20/06/2024,09:44:42,23739.75,23746,200,23750,200,0,543275
NIFTY-III.NFO,20/06/2024,09:44:44,23739.75,23744.15,200,23749.9,50,0,543275
NIFTY-III.NFO,20/06/2024,09:44:46,23739.75,23745.1,200,23750,225,0,543275
NIFTY-III.NFO,20/06/2024,09:44:47,23739.75,23744.9,200,23750,225,0,543275
NIFTY-III.NFO,20/06/2024,09:44:49,23739.75,23743.35,125,23749.8,50,0,543275
NIFTY-III.NFO,20/06/2024,09:44:51,23739.75,23743.3,125,23749.95,125,0,543275
NIFTY-III.NFO,20/06/2024,09:44:52,23739.75,23745.1,125,23750,225,0,543275
NIFTY-III.NFO,20/06/2024,09:44:54,23739.75,23744.1,125,23749.95,75,0,543275
NIFTY-III.NFO,20/06/2024,09:44:55,23739.75,23744.45,125,23750,225,0,543275
NIFTY-III.NFO,20/06/2024,09:44:57,23739.75,23743.4,200,23749.55,50,0,543275
NIFTY-III.NFO,20/06/2024,09:44:59,23739.75,23743.4,125,23749.95,125,0,543275
NIFTY-III.NFO,20/06/2024,09:45:00,23739.75,23743.3,200,23749.95,125,0,543275
NIFTY-III.NFO,20/06/2024,09:45:02,23744.25,23744.25,100,23749.95,150,50,543275
NIFTY-III.NFO,20/06/2024,09:45:04,23744.25,23744.9,100,23749.95,75,0,543275
NIFTY-III.NFO,20/06/2024,09:45:05,23744.25,23747.05,100,23750,225,0,543275
NIFTY-III.NFO,20/06/2024,09:45:07,23744.25,23747.35,175,23750,225,0,543275
NIFTY-III.NFO,20/06/2024,09:45:09,23744.25,23743.05,175,23749.95,150,0,543275
NIFTY-III.NFO,20/06/2024,09:45:10,23744.25,23740.4,100,23749.3,150,0,543275
NIFTY-III.NFO,20/06/2024,09:45:12,23744.25,23739.2,100,23746.9,75,0,543275
NIFTY-III.NFO,20/06/2024,09:45:14,23744.25,23739.05,100,23744.8,75,0,543275
NIFTY-III.NFO,20/06/2024,09:45:15,23744.25,23739.05,175,23745.7,75,0,543275
NIFTY-III.NFO,20/06/2024,09:45:19,23744.25,23739.2,175,23745.7,75,0,543275
NIFTY-III.NFO,20/06/2024,09:45:20,23744.25,23739.2,175,23746.8,75,0,543275
NIFTY-III.NFO,20/06/2024,09:45:22,23744.25,23742.65,100,23749.9,75,0,543275
NIFTY-III.NFO,20/06/2024,09:45:24,23744.25,23743.8,100,23749.95,75,0,543275
NIFTY-III.NFO,20/06/2024,09:45:25,23744.25,23745.3,100,23750,200,0,543275
NIFTY-III.NFO,20/06/2024,09:45:27,23750,23750.9,100,23754.25,50,200,543275
NIFTY-III.NFO,20/06/2024,09:45:29,23750,23750.5,175,23754.25,50,0,543275
NIFTY-III.NFO,20/06/2024,09:45:32,23750.5,23747.4,100,23753.15,100,25,543275
NIFTY-III.NFO,20/06/2024,09:45:33,23750.5,23745.5,100,23749,25,0,543275
NIFTY-III.NFO,20/06/2024,09:45:35,23750.5,23742.55,100,23748.95,175,0,543275
NIFTY-III.NFO,20/06/2024,09:45:37,23750.5,23741.15,175,23747.9,100,0,543275
NIFTY-III.NFO,20/06/2024,09:45:38,23750.5,23740.45,100,23746.3,100,0,543275
NIFTY-III.NFO,20/06/2024,09:45:40,23750.5,23740,100,23744.25,175,0,543275
NIFTY-III.NFO,20/06/2024,09:45:42,23750.5,23740.05,100,23745.4,100,0,543275
NIFTY-III.NFO,20/06/2024,09:45:43,23750.5,23740,100,23741.9,100,0,543275
NIFTY-III.NFO,20/06/2024,09:45:45,23750.5,23740,100,23742.5,100,0,543275
NIFTY-III.NFO,20/06/2024,09:45:47,23739,23736,50,23737.85,100,125,543500
NIFTY-III.NFO,20/06/2024,09:45:48,23739,23736,50,23738.9,100,0,543500
NIFTY-III.NFO,20/06/2024,09:45:50,23739,23736,50,23739.55,100,0,543500
NIFTY-III.NFO,20/06/2024,09:45:53,23739,23736.5,175,23742.25,100,0,543500
NIFTY-III.NFO,20/06/2024,09:45:55,23739,23736.85,175,23743.2,100,0,543500
NIFTY-III.NFO,20/06/2024,09:45:57,23739,23736.85,175,23744.15,100,0,543500
NIFTY-III.NFO,20/06/2024,09:45:58,23739,23739,25,23743.2,100,0,543500
NIFTY-III.NFO,20/06/2024,09:46:00,23739,23739,25,23743,100,0,543500
NIFTY-III.NFO,20/06/2024,09:46:02,23739,23739,25,23740.55,100,0,543500
NIFTY-III.NFO,20/06/2024,09:46:03,23740.55,23739,25,23743.7,50,50,543500
NIFTY-III.NFO,20/06/2024,09:46:05,23740.55,23739,25,23741.1,125,0,543500
NIFTY-III.NFO,20/06/2024,09:46:07,23739,23736,50,23740.85,125,25,543500
NIFTY-III.NFO,20/06/2024,09:46:08,23739,23736.05,175,23742.4,125,0,543500
NIFTY-III.NFO,20/06/2024,09:46:10,23739,23736.05,75,23742.35,125,0,543500
NIFTY-III.NFO,20/06/2024,09:46:12,23739,23736.05,175,23743.6,125,0,543500
NIFTY-III.NFO,20/06/2024,09:46:13,23739,23738,175,23745.4,50,0,543500
NIFTY-III.NFO,20/06/2024,09:46:15,23739,23736.7,100,23744.15,50,0,543500
NIFTY-III.NFO,20/06/2024,09:46:17,23739,23736.05,100,23742.55,50,0,543500
NIFTY-III.NFO,20/06/2024,09:46:18,23739,23736.05,175,23742.4,50,0,543500
NIFTY-III.NFO,20/06/2024,09:46:20,23739,23736.05,175,23741.6,125,0,543500
NIFTY-III.NFO,20/06/2024,09:46:22,23739,23736.05,175,23742.95,50,0,543500
NIFTY-III.NFO,20/06/2024,09:46:23,23739,23736,50,23739.95,50,0,543500
NIFTY-III.NFO,20/06/2024,09:46:25,23739,23739,25,23740.8,50,0,543500
NIFTY-III.NFO,20/06/2024,09:46:27,23739,23739,25,23740.4,50,0,543500
NIFTY-III.NFO,20/06/2024,09:46:28,23739,23736,50,23738.95,50,25,543500
NIFTY-III.NFO,20/06/2024,09:46:30,23736,23735.1,50,23736.05,75,50,543500
NIFTY-III.NFO,20/06/2024,09:46:32,23736,23735.1,50,23737.95,50,0,543500
NIFTY-III.NFO,20/06/2024,09:46:33,23736,23735.1,50,23739.8,125,0,543500
NIFTY-III.NFO,20/06/2024,09:46:35,23736,23735.1,50,23738.75,50,0,543500
NIFTY-III.NFO,20/06/2024,09:46:37,23736,23735.1,50,23738.15,125,0,543500
NIFTY-III.NFO,20/06/2024,09:46:38,23736,23735.1,50,23737.95,75,0,543500
NIFTY-III.NFO,20/06/2024,09:46:40,23736,23735.15,100,23740.55,50,0,543500
NIFTY-III.NFO,20/06/2024,09:46:42,23736,23735.1,50,23737.65,75,0,543500
NIFTY-III.NFO,20/06/2024,09:46:43,23736,23735.1,50,23739.35,50,0,543500
NIFTY-III.NFO,20/06/2024,09:46:45,23736,23735.1,50,23739.2,125,0,543500
NIFTY-III.NFO,20/06/2024,09:46:47,23736,23735.1,50,23738.75,50,0,543500
NIFTY-III.NFO,20/06/2024,09:46:48,23736,23738.25,25,23739.5,75,0,543500
NIFTY-III.NFO,20/06/2024,09:46:50,23736,23738.25,25,23741.9,75,0,543500
NIFTY-III.NFO,20/06/2024,09:46:52,23736,23738.25,25,23739.1,50,0,543500
NIFTY-III.NFO,20/06/2024,09:46:53,23738.25,23735.1,50,23738.25,25,25,543500
NIFTY-III.NFO,20/06/2024,09:46:55,23738.25,23735.1,50,23739.15,75,0,543500
NIFTY-III.NFO,20/06/2024,09:46:57,23738.25,23735.15,175,23741.9,100,0,543500
NIFTY-III.NFO,20/06/2024,09:46:58,23738.25,23735.15,175,23741.75,25,0,543500
NIFTY-III.NFO,20/06/2024,09:47:00,23738.25,23735.15,175,23742.7,75,0,543500
NIFTY-III.NFO,20/06/2024,09:47:02,23738.25,23738.4,100,23743.85,25,0,543500
NIFTY-III.NFO,20/06/2024,09:47:03,23738.6,23738.75,100,23744.6,100,25,543500
NIFTY-III.NFO,20/06/2024,09:47:05,23739.6,23739.6,100,23745.45,125,25,543500
NIFTY-III.NFO,20/06/2024,09:47:07,23739.6,23742.05,100,23748.35,50,0,543500
NIFTY-III.NFO,20/06/2024,09:47:08,23739.6,23742.25,100,23747.95,50,0,543500
NIFTY-III.NFO,20/06/2024,09:47:10,23739.6,23742.55,100,23748.35,125,0,543500
NIFTY-III.NFO,20/06/2024,09:47:12,23739.6,23742.4,175,23748.25,150,0,543500
NIFTY-III.NFO,20/06/2024,09:47:13,23739.6,23738.8,100,23745.1,125,0,543500
NIFTY-III.NFO,20/06/2024,09:47:15,23739.6,23738.2,175,23743.2,50,0,543500
NIFTY-III.NFO,20/06/2024,09:47:17,23739.6,23735.5,175,23742.8,125,0,543500
NIFTY-III.NFO,20/06/2024,09:47:18,23739.6,23736.1,100,23744.15,50,0,543500
NIFTY-III.NFO,20/06/2024,09:47:20,23739.6,23735.55,100,23742.45,50,0,543500
NIFTY-III.NFO,20/06/2024,09:47:22,23739.6,23735.15,100,23740.4,75,0,543500
NIFTY-III.NFO,20/06/2024,09:47:23,23739.6,23735.1,50,23738.4,125,0,543500
NIFTY-III.NFO,20/06/2024,09:47:25,23735.1,23735.1,25,23739,50,25,543500
NIFTY-III.NFO,20/06/2024,09:47:27,23735.1,23735.1,25,23738.75,150,0,543500
NIFTY-III.NFO,20/06/2024,09:47:28,23735.1,23735.1,25,23739.4,75,0,543500
NIFTY-III.NFO,20/06/2024,09:47:30,23735.1,23735.15,175,23741.25,50,0,543500
NIFTY-III.NFO,20/06/2024,09:47:32,23735.1,23735.15,175,23742.4,125,0,543500
NIFTY-III.NFO,20/06/2024,09:47:34,23735.1,23735.15,175,23743.95,125,0,543500
NIFTY-III.NFO,20/06/2024,09:47:35,23735.1,23737.3,100,23743.8,50,0,543500
NIFTY-III.NFO,20/06/2024,09:47:37,23735.1,23737.05,100,23743.8,75,0,543500
NIFTY-III.NFO,20/06/2024,09:47:39,23735.1,23738.65,175,23744.75,50,0,543500
NIFTY-III.NFO,20/06/2024,09:47:40,23738.75,23738.65,175,23744.35,175,25,543500
NIFTY-III.NFO,20/06/2024,09:47:42,23735.15,23735.15,150,23737.7,25,75,543500
NIFTY-III.NFO,20/06/2024,09:47:44,23735.15,23735.1,25,23737.65,100,25,543500
NIFTY-III.NFO,20/06/2024,09:47:45,23735,23735,75,23737.7,100,50,543500
NIFTY-III.NFO,20/06/2024,09:47:47,23735,23735,75,23737.55,100,0,543500
NIFTY-III.NFO,20/06/2024,09:47:49,23732,23732,25,23734.55,75,100,543500
NIFTY-III.NFO,20/06/2024,09:47:50,23732,23732.05,100,23736.6,100,0,543500
NIFTY-III.NFO,20/06/2024,09:47:52,23732,23732.05,100,23737.65,100,0,543500
NIFTY-III.NFO,20/06/2024,09:47:54,23732,23732.85,175,23737.7,25,0,543500
NIFTY-III.NFO,20/06/2024,09:47:55,23732,23734.15,100,23737.7,25,0,543500
NIFTY-III.NFO,20/06/2024,09:47:57,23732,23732.6,100,23738,25,0,543500
NIFTY-III.NFO,20/06/2024,09:47:59,23732,23732.95,100,23738,25,0,543500
NIFTY-III.NFO,20/06/2024,09:48:00,23732.05,23732.05,150,23738,100,25,543500
NIFTY-III.NFO,20/06/2024,09:48:02,23732.05,23732.3,75,23738,100,0,543500
NIFTY-III.NFO,20/06/2024,09:48:04,23732.05,23732.05,50,23737.95,175,25,543500
NIFTY-III.NFO,20/06/2024,09:48:05,23732.05,23732.05,50,23737.9,100,0,543500
NIFTY-III.NFO,20/06/2024,09:48:07,23732.05,23732.05,25,23737.15,100,0,543500
NIFTY-III.NFO,20/06/2024,09:48:09,23732.05,23732.1,125,23737.95,175,0,543500
NIFTY-III.NFO,20/06/2024,09:48:10,23732.05,23732.05,25,23733.95,175,0,543500
NIFTY-III.NFO,20/06/2024,09:48:12,23732,23730,50,23733,100,50,543500
NIFTY-III.NFO,20/06/2024,09:48:14,23732,23730.05,50,23735.9,100,0,543500
NIFTY-III.NFO,20/06/2024,09:48:15,23732,23730,50,23733.55,175,0,543500
NIFTY-III.NFO,20/06/2024,09:48:17,23730,23730,25,23734.4,175,25,543500
NIFTY-III.NFO,20/06/2024,09:48:19,23730,23728,50,23732.75,100,25,543500
NIFTY-III.NFO,20/06/2024,09:48:20,23728,23727.3,100,23730.65,100,50,543500
NIFTY-III.NFO,20/06/2024,09:48:22,23728,23727.3,100,23730.4,100,0,543500
NIFTY-III.NFO,20/06/2024,09:48:24,23727.3,23727.3,75,23731.4,100,25,543500
NIFTY-III.NFO,20/06/2024,09:48:25,23727.3,23727.3,75,23729.55,100,0,543500
NIFTY-III.NFO,20/06/2024,09:48:27,23727.3,23726,50,23727.2,175,200,543500
NIFTY-III.NFO,20/06/2024,09:48:29,23725,23724.25,50,23727,75,300,543500
NIFTY-III.NFO,20/06/2024,09:48:30,23725,23724.25,50,23727.9,150,0,543500
NIFTY-III.NFO,20/06/2024,09:48:32,23725,23725.5,100,23732.4,325,0,543500
NIFTY-III.NFO,20/06/2024,09:48:34,23725,23727.65,100,23733.7,75,0,543500
NIFTY-III.NFO,20/06/2024,09:48:35,23725,23727.95,100,23733.95,500,0,543500
NIFTY-III.NFO,20/06/2024,09:48:37,23727.95,23725.6,75,23729.9,25,25,543225
NIFTY-III.NFO,20/06/2024,09:48:39,23725.6,23725,25,23729.3,100,50,543225
NIFTY-III.NFO,20/06/2024,09:48:40,23724.25,23724.25,100,23727.95,25,50,543225
NIFTY-III.NFO,20/06/2024,09:48:42,23724.3,23724.35,100,23727.95,25,25,543225
NIFTY-III.NFO,20/06/2024,09:48:44,23724.3,23723.05,75,23727.95,100,100,543225
NIFTY-III.NFO,20/06/2024,09:48:45,23723.05,23723.05,125,23727.95,25,25,543225
NIFTY-III.NFO,20/06/2024,09:48:47,23725.15,23723,100,23727.95,25,75,543225
NIFTY-III.NFO,20/06/2024,09:48:49,23725.15,23723,100,23727.95,25,0,543225
NIFTY-III.NFO,20/06/2024,09:48:52,23723,23721.85,75,23727.95,25,25,543225
NIFTY-III.NFO,20/06/2024,09:48:54,23723,23721.45,50,23727.9,100,0,543225
NIFTY-III.NFO,20/06/2024,09:48:55,23723,23721.45,50,23726.4,100,0,543225
NIFTY-III.NFO,20/06/2024,09:48:57,23723,23721.45,50,23726.15,75,0,543225
NIFTY-III.NFO,20/06/2024,09:48:59,23721.45,23721.45,100,23727.9,100,25,543225
NIFTY-III.NFO,20/06/2024,09:49:00,23721.45,23723,25,23728.25,175,0,543225
NIFTY-III.NFO,20/06/2024,09:49:02,23723,23721.8,75,23729.1,100,25,543225
NIFTY-III.NFO,20/06/2024,09:49:04,23723,23722.95,125,23730.6,100,0,543225
NIFTY-III.NFO,20/06/2024,09:49:05,23723,23723.15,75,23732.25,100,0,543225
NIFTY-III.NFO,20/06/2024,09:49:07,23723,23724.4,150,23733.25,100,0,543225
NIFTY-III.NFO,20/06/2024,09:49:09,23723,23724.85,75,23733.05,100,0,543225
NIFTY-III.NFO,20/06/2024,09:49:10,23723,23724.85,75,23732.75,100,0,543225
NIFTY-III.NFO,20/06/2024,09:49:12,23723,23723.75,575,23732.15,100,0,543225
NIFTY-III.NFO,20/06/2024,09:49:14,23723,23723.95,75,23733.55,100,0,543225
NIFTY-III.NFO,20/06/2024,09:49:15,23723,23724.65,75,23732.7,175,0,543225
NIFTY-III.NFO,20/06/2024,09:49:19,23723,23723,125,23731.45,175,0,543225
NIFTY-III.NFO,20/06/2024,09:49:20,23728.95,23723,50,23728.65,100,25,543225
NIFTY-III.NFO,20/06/2024,09:49:22,23728.95,23723,50,23726.95,100,0,543225
NIFTY-III.NFO,20/06/2024,09:49:24,23723,23721.45,25,23722.55,100,50,543225
NIFTY-III.NFO,20/06/2024,09:49:25,23723,23721.45,25,23724.35,100,0,543225
NIFTY-III.NFO,20/06/2024,09:49:27,23724.65,23721.45,25,23724.7,75,50,543225
NIFTY-III.NFO,20/06/2024,09:49:29,23724.65,23723,25,23728.35,100,0,543225
NIFTY-III.NFO,20/06/2024,09:49:30,23724.65,23725,25,23727.6,100,0,543225
NIFTY-III.NFO,20/06/2024,09:49:31,23725,23723,25,23724.85,100,25,543225
NIFTY-III.NFO,20/06/2024,09:49:32,23725,23723,25,23724.85,100,0,543225
NIFTY-III.NFO,20/06/2024,09:49:34,23723,23721.45,25,23722.95,175,25,543225
NIFTY-III.NFO,20/06/2024,09:49:36,23720.35,23720.35,25,23720.5,100,50,543225
NIFTY-III.NFO,20/06/2024,09:49:37,23720.35,23720.35,25,23720.75,100,0,543225
NIFTY-III.NFO,20/06/2024,09:49:39,23720.75,23720,550,23720.85,175,150,543225
NIFTY-III.NFO,20/06/2024,09:49:41,23720,23720,300,23721.65,175,250,543225
NIFTY-III.NFO,20/06/2024,09:49:42,23720,23720,275,23720.65,100,25,543225
NIFTY-III.NFO,20/06/2024,09:49:44,23720,23720,275,23723,100,0,543225
NIFTY-III.NFO,20/06/2024,09:49:46,23720,23720,175,23723.85,100,100,543225
NIFTY-III.NFO,20/06/2024,09:49:47,23720,23720,175,23723.85,150,0,543225
NIFTY-III.NFO,20/06/2024,09:49:49,23720,23720,175,23721.95,100,0,543225
NIFTY-III.NFO,20/06/2024,09:49:51,23720,23720,75,23721.6,100,100,543225
NIFTY-III.NFO,20/06/2024,09:49:52,23720,23720,75,23721.6,175,0,543225
NIFTY-III.NFO,20/06/2024,09:49:54,23720,23720,75,23723.85,100,0,543225
NIFTY-III.NFO,20/06/2024,09:49:56,23720,23720,75,23723,175,0,543225
NIFTY-III.NFO,20/06/2024,09:49:57,23720,23720,75,23724.25,100,0,543225
NIFTY-III.NFO,20/06/2024,09:49:59,23720,23720,75,23724.1,100,0,543225
NIFTY-III.NFO,20/06/2024,09:50:01,23720,23720.05,175,23724.35,100,0,543225
NIFTY-III.NFO,20/06/2024,09:50:02,23720,23720.05,175,23726.95,100,0,543225
NIFTY-III.NFO,20/06/2024,09:50:04,23720,23722.7,175,23728.3,175,0,543225
NIFTY-III.NFO,20/06/2024,09:50:06,23720,23722.65,175,23727.95,175,0,543225
NIFTY-III.NFO,20/06/2024,09:50:08,23720,23722.25,75,23726.35,175,0,543225
NIFTY-III.NFO,20/06/2024,09:50:09,23726.4,23720,125,23723.35,125,25,543225
NIFTY-III.NFO,20/06/2024,09:50:11,23726.4,23720,125,23723.1,175,0,543225
NIFTY-III.NFO,20/06/2024,09:50:13,23726.4,23720,125,23722.65,175,0,543225
NIFTY-III.NFO,20/06/2024,09:50:14,23720,23719,75,23719.45,100,125,543225
NIFTY-III.NFO,20/06/2024,09:50:16,23720,23719,75,23720.55,100,0,543225
NIFTY-III.NFO,20/06/2024,09:50:18,23719.65,23719,75,23719.7,75,100,543225
NIFTY-III.NFO,20/06/2024,09:50:19,23716.95,23715.3,25,23718.85,75,100,543225
NIFTY-III.NFO,20/06/2024,09:50:21,23719.6,23715.3,25,23718.6,300,25,543225
NIFTY-III.NFO,20/06/2024,09:50:23,23719.6,23715.3,25,23719.9,75,0,543225
NIFTY-III.NFO,20/06/2024,09:50:24,23719.6,23715.35,175,23721.75,75,0,543225
NIFTY-III.NFO,20/06/2024,09:50:26,23719.6,23716.2,100,23726.25,75,0,543225
NIFTY-III.NFO,20/06/2024,09:50:28,23719.6,23723.1,175,23730.3,100,0,543225
NIFTY-III.NFO,20/06/2024,09:50:29,23719.6,23722.55,100,23729.75,25,0,543225
NIFTY-III.NFO,20/06/2024,09:50:32,23719.6,23723.8,100,23731.1,100,0,543225
NIFTY-III.NFO,20/06/2024,09:50:34,23719.6,23724.05,100,23731.15,25,0,543225
NIFTY-III.NFO,20/06/2024,09:50:35,23719.6,23724.35,100,23731.35,25,0,543225
NIFTY-III.NFO,20/06/2024,09:50:37,23719.6,23730.85,100,23737.05,100,0,543225
NIFTY-III.NFO,20/06/2024,09:50:39,23719.6,23736.45,175,23741.8,100,0,543225
NIFTY-III.NFO,20/06/2024,09:50:40,23719.6,23734.55,100,23741.8,100,0,543225
NIFTY-III.NFO,20/06/2024,09:50:42,23719.6,23730.55,100,23738.5,75,0,543225
NIFTY-III.NFO,20/06/2024,09:50:44,23719.6,23731.05,100,23738.7,75,0,543225
NIFTY-III.NFO,20/06/2024,09:50:45,23719.6,23729.25,100,23736.75,100,0,543225
NIFTY-III.NFO,20/06/2024,09:50:47,23719.6,23729.85,100,23737.1,25,0,543225
NIFTY-III.NFO,20/06/2024,09:50:49,23719.6,23727.35,175,23735.65,75,0,543225
NIFTY-III.NFO,20/06/2024,09:50:50,23735.55,23728.6,100,23736.55,100,25,543225
NIFTY-III.NFO,20/06/2024,09:50:52,23735.55,23725.5,100,23732.75,75,0,543225
NIFTY-III.NFO,20/06/2024,09:50:54,23735.55,23721.9,100,23730.15,25,0,543225
NIFTY-III.NFO,20/06/2024,09:50:55,23735.55,23717.25,100,23726.75,25,0,543225
NIFTY-III.NFO,20/06/2024,09:50:57,23725.75,23718.4,100,23726.25,75,50,543225
NIFTY-III.NFO,20/06/2024,09:50:59,23725.75,23720.75,100,23727.55,75,0,543225
NIFTY-III.NFO,20/06/2024,09:51:00,23725.75,23719.25,175,23725.75,100,0,543225
NIFTY-III.NFO,20/06/2024,09:51:02,23725.75,23719.2,75,23724.35,25,0,543225
NIFTY-III.NFO,20/06/2024,09:51:04,23728.45,23719.95,100,23728.45,25,50,543225
NIFTY-III.NFO,20/06/2024,09:51:05,23728.45,23720.45,100,23730.4,75,0,543225
NIFTY-III.NFO,20/06/2024,09:51:07,23728.45,23720.5,100,23732.75,75,0,543225
NIFTY-III.NFO,20/06/2024,09:51:09,23728.45,23721.3,100,23732.75,75,0,543225
NIFTY-III.NFO,20/06/2024,09:51:10,23728.45,23724.55,100,23732.55,75,0,543225
NIFTY-III.NFO,20/06/2024,09:51:12,23728.45,23725.55,100,23733.45,25,0,543225
NIFTY-III.NFO,20/06/2024,09:51:14,23726.35,23725.05,100,23733.55,25,25,543225
NIFTY-III.NFO,20/06/2024,09:51:15,23726.25,23728.2,100,23734.2,50,25,543225
NIFTY-III.NFO,20/06/2024,09:51:17,23726.25,23728.95,175,23734.15,25,0,543225
NIFTY-III.NFO,20/06/2024,09:51:19,23726.25,23729.25,100,23736.35,50,0,543225
NIFTY-III.NFO,20/06/2024,09:51:20,23726.25,23729.1,100,23736.75,50,0,543225
NIFTY-III.NFO,20/06/2024,09:51:22,23726.25,23726.25,100,23734.05,50,0,543225
NIFTY-III.NFO,20/06/2024,09:51:24,23726.25,23728.2,100,23736.35,50,0,543225
NIFTY-III.NFO,20/06/2024,09:51:25,23726.25,23732.05,100,23736.85,25,0,543225
NIFTY-III.NFO,20/06/2024,09:51:27,23726.25,23726.95,100,23734.35,125,0,543225
NIFTY-III.NFO,20/06/2024,09:51:29,23726.25,23725.05,175,23732.35,125,0,543225
NIFTY-III.NFO,20/06/2024,09:51:30,23726.25,23725.05,175,23731.55,50,0,543225
NIFTY-III.NFO,20/06/2024,09:51:32,23726.25,23725,50,23728.7,50,0,543225
NIFTY-III.NFO,20/06/2024,09:51:33,23726.25,23725.35,100,23730.85,125,0,543225
NIFTY-III.NFO,20/06/2024,09:51:35,23726.25,23725.3,50,23730.4,50,0,543225
NIFTY-III.NFO,20/06/2024,09:51:37,23726.25,23725.3,50,23729.75,50,0,543225
NIFTY-III.NFO,20/06/2024,09:51:38,23726.25,23725.3,50,23730.05,50,0,543225
NIFTY-III.NFO,20/06/2024,09:51:42,23726.25,23725.35,175,23731.05,125,0,543225
NIFTY-III.NFO,20/06/2024,09:51:43,23726.25,23725.3,50,23730.7,50,0,543225
NIFTY-III.NFO,20/06/2024,09:51:45,23726.25,23725.3,50,23730.3,50,0,543225
NIFTY-III.NFO,20/06/2024,09:51:47,23726.25,23725.35,175,23731.65,125,0,543225
NIFTY-III.NFO,20/06/2024,09:51:48,23726.25,23725.35,175,23731.75,125,0,543225
NIFTY-III.NFO,20/06/2024,09:51:52,23726.25,23725.35,175,23733.9,125,0,543225
NIFTY-III.NFO,20/06/2024,09:51:53,23726.25,23725.55,100,23733.8,125,0,543225
NIFTY-III.NFO,20/06/2024,09:51:57,23726.25,23725.55,100,23732,50,0,543225
NIFTY-III.NFO,20/06/2024,09:51:58,23726.25,23725.55,100,23730.95,100,0,543225
NIFTY-III.NFO,20/06/2024,09:52:00,23726.25,23725.55,175,23732.2,75,0,543225
NIFTY-III.NFO,20/06/2024,09:52:01,23726.25,23725.55,175,23732.35,125,0,543225
NIFTY-III.NFO,20/06/2024,09:52:03,23726.25,23728.05,175,23732.4,25,0,543225
NIFTY-III.NFO,20/06/2024,09:52:05,23726.25,23728.05,175,23733.75,50,0,543225
