Ticker,Date,Time,LTP,BuyPrice,BuyQty,SellPrice,SellQty,LTQ,OpenInterest
BANKNIFTY-III.NFO,03/02/2025,09:15:00,50250,50075.8,60,50185.8,60,30,0
BANKNIFTY-III.NFO,03/02/2025,09:15:00,50250,50075.8,60,50185.8,60,0,0
BANKNIFTY-III.NFO,03/02/2025,09:15:00,50250,50075.8,60,50185.8,60,0,0
BANKNIFTY-III.NFO,03/02/2025,09:15:00,50250,50075.8,60,50185.8,60,0,0
BANKNIFTY-III.NFO,03/02/2025,09:15:01,50250,50090.15,60,50143.05,60,0,14760
BANKNIFTY-III.NFO,03/02/2025,09:15:03,50035.65,50000.05,60,50075.05,60,120,14760
BANKNIFTY-III.NFO,03/02/2025,09:15:03,50035.65,50000.05,60,50075.05,60,0,14760
BANKNIFTY-III.NFO,03/02/2025,09:15:04,50035.65,50000.65,60,50053.85,60,0,14760
BANKNIFTY-III.NFO,03/02/2025,09:15:06,50035.65,50000.85,60,50043.85,60,0,14760
BANKNIFTY-III.NFO,03/02/2025,09:15:07,50035.65,50000.05,60,50038.95,30,60,14760
BANKNIFTY-III.NFO,03/02/2025,09:15:09,50035.65,50000.15,60,50029.1,60,0,14760
BANKNIFTY-III.NFO,03/02/2025,09:15:10,50000,49941.1,60,50022.6,30,90,14760
BANKNIFTY-III.NFO,03/02/2025,09:15:10,50000,49941.1,60,50022.6,30,0,14760
BANKNIFTY-III.NFO,03/02/2025,09:15:12,50000,49927.45,60,49996.25,30,0,14760
BANKNIFTY-III.NFO,03/02/2025,09:15:14,49927.65,49927.75,60,49966.9,60,90,14760
BANKNIFTY-III.NFO,03/02/2025,09:15:14,49927.65,49927.75,60,49966.9,60,0,14760
BANKNIFTY-III.NFO,03/02/2025,09:15:15,49927.65,49931.6,60,49961.8,60,0,14760
BANKNIFTY-III.NFO,03/02/2025,09:15:17,49927.65,49914.3,60,49951.9,60,0,14760
BANKNIFTY-III.NFO,03/02/2025,09:15:18,49927.65,49929.8,60,49966.8,60,0,14760
BANKNIFTY-III.NFO,03/02/2025,09:15:20,49927.65,49950.05,60,49967.8,60,0,14760
BANKNIFTY-III.NFO,03/02/2025,09:15:22,49927.65,49950.05,60,49980.45,60,0,14760
BANKNIFTY-III.NFO,03/02/2025,09:15:23,49950.05,49950,60,49970.1,60,30,14760
BANKNIFTY-III.NFO,03/02/2025,09:15:25,49920.2,49923.6,60,49978.9,60,210,14760
BANKNIFTY-III.NFO,03/02/2025,09:15:25,49920.2,49923.6,60,49978.9,60,0,14760
BANKNIFTY-III.NFO,03/02/2025,09:15:27,49920.2,49938.75,150,49979.3,60,0,14760
BANKNIFTY-III.NFO,03/02/2025,09:15:28,49920.2,49945.15,30,49986.6,60,0,14760
BANKNIFTY-III.NFO,03/02/2025,09:15:30,49920.2,49932.05,150,49973,60,0,14760
BANKNIFTY-III.NFO,03/02/2025,09:15:32,49920.2,49932.15,30,49968.25,60,0,14760
BANKNIFTY-III.NFO,03/02/2025,09:15:33,49920.2,49925.05,30,49962.65,60,0,14760
BANKNIFTY-III.NFO,03/02/2025,09:15:35,49920.2,49925,30,49956,60,0,14760
BANKNIFTY-III.NFO,03/02/2025,09:15:36,49920.2,49925,30,49954.05,60,0,14760
BANKNIFTY-III.NFO,03/02/2025,09:15:38,49925.05,49925.05,30,49953.95,60,30,14760
BANKNIFTY-III.NFO,03/02/2025,09:15:40,49925.05,49925,30,49940.65,60,0,15060
BANKNIFTY-III.NFO,03/02/2025,09:15:41,49925.05,49925,60,49945.35,60,0,15060
BANKNIFTY-III.NFO,03/02/2025,09:15:43,49925.05,49925,30,49944.2,60,0,15060
BANKNIFTY-III.NFO,03/02/2025,09:15:45,49925.05,49925,90,49944.2,60,0,15060
BANKNIFTY-III.NFO,03/02/2025,09:15:46,49925,49925.1,30,49954.4,60,30,15060
BANKNIFTY-III.NFO,03/02/2025,09:15:48,49925.1,49925.05,30,49954.4,60,30,15060
BANKNIFTY-III.NFO,03/02/2025,09:15:50,49925.1,49925.05,30,49954.4,60,0,15060
BANKNIFTY-III.NFO,03/02/2025,09:15:51,49925.1,49925.05,30,49950.5,60,0,15060
BANKNIFTY-III.NFO,03/02/2025,09:15:53,49954.4,49925.1,30,49954.4,60,30,15060
BANKNIFTY-III.NFO,03/02/2025,09:15:54,49954.4,49925.1,60,49954.4,60,30,15060
BANKNIFTY-III.NFO,03/02/2025,09:15:56,49954.4,49925.1,60,49964.45,60,0,15060
BANKNIFTY-III.NFO,03/02/2025,09:15:58,49954.4,49926.8,60,49964.35,60,0,15060
BANKNIFTY-III.NFO,03/02/2025,09:15:59,49954.4,49960,30,49962.95,90,0,15060
BANKNIFTY-III.NFO,03/02/2025,09:16:01,49954.4,49925.05,60,49959.35,60,60,15060
BANKNIFTY-III.NFO,03/02/2025,09:16:02,49954.4,49925.05,60,49953.85,60,0,15060
BANKNIFTY-III.NFO,03/02/2025,09:16:04,49946.8,49925.05,60,49946.8,30,30,15060
BANKNIFTY-III.NFO,03/02/2025,09:16:06,49946.8,49925,120,49943,30,0,15060
BANKNIFTY-III.NFO,03/02/2025,09:16:07,49935,49925,60,49932.05,30,60,15060
BANKNIFTY-III.NFO,03/02/2025,09:16:09,49925,49920,300,49927.75,30,60,15060
BANKNIFTY-III.NFO,03/02/2025,09:16:10,49920,49910,30,49920.1,30,300,15060
BANKNIFTY-III.NFO,03/02/2025,09:16:10,49920,49910,30,49920.1,30,0,15060
BANKNIFTY-III.NFO,03/02/2025,09:16:12,49910,49901,30,49912.9,30,30,15060
BANKNIFTY-III.NFO,03/02/2025,09:16:12,49910,49901,30,49912.9,30,0,15060
BANKNIFTY-III.NFO,03/02/2025,09:16:14,49910,49901,30,49906.25,30,0,15060
BANKNIFTY-III.NFO,03/02/2025,09:16:17,49910,49901,30,49906.3,30,0,15060
BANKNIFTY-III.NFO,03/02/2025,09:16:18,49910,49901,30,49906.25,30,0,15060
BANKNIFTY-III.NFO,03/02/2025,09:16:20,49905.75,49901,30,49905.8,30,30,15060
BANKNIFTY-III.NFO,03/02/2025,09:16:20,49905.75,49901,30,49905.8,30,0,15060
BANKNIFTY-III.NFO,03/02/2025,09:16:22,49905.85,49900,120,49903.75,30,60,15060
BANKNIFTY-III.NFO,03/02/2025,09:16:22,49901,49900,120,49903.75,30,0,15060
BANKNIFTY-III.NFO,03/02/2025,09:16:23,49899.35,49867.5,60,49899.9,30,150,15060
BANKNIFTY-III.NFO,03/02/2025,09:16:23,49899.35,49867.5,60,49899.9,30,0,15060
BANKNIFTY-III.NFO,03/02/2025,09:16:25,49899.35,49867.35,60,49898,30,0,15060
BANKNIFTY-III.NFO,03/02/2025,09:16:26,49899.35,49900,30,49901.55,30,0,15060
BANKNIFTY-III.NFO,03/02/2025,09:16:28,49900,49872.15,60,49901.55,30,60,15060
BANKNIFTY-III.NFO,03/02/2025,09:16:30,49900,49872.45,60,49901.55,30,0,15060
BANKNIFTY-III.NFO,03/02/2025,09:16:31,49900,49881.1,60,49905.65,30,0,15060
BANKNIFTY-III.NFO,03/02/2025,09:16:35,49900,49900,30,49905.65,30,0,15060
BANKNIFTY-III.NFO,03/02/2025,09:16:36,49900,49890,150,49902.15,30,30,15060
BANKNIFTY-III.NFO,03/02/2025,09:16:38,49900,49890,150,49896.4,30,0,15060
BANKNIFTY-III.NFO,03/02/2025,09:16:39,49890,49890,120,49894.1,30,30,15060
BANKNIFTY-III.NFO,03/02/2025,09:16:39,49890,49890,120,49894.1,30,0,15060
BANKNIFTY-III.NFO,03/02/2025,09:16:41,49890,49862.9,60,49884.6,30,120,15060
BANKNIFTY-III.NFO,03/02/2025,09:16:43,49890,49867.5,60,49890.1,30,0,15060
BANKNIFTY-III.NFO,03/02/2025,09:16:44,49890,49868.5,60,49891.75,30,0,15060
BANKNIFTY-III.NFO,03/02/2025,09:16:46,49890,49870.9,60,49894.05,30,0,15060
BANKNIFTY-III.NFO,03/02/2025,09:16:47,49890,49865.2,60,49890,60,0,15060
BANKNIFTY-III.NFO,03/02/2025,09:16:49,49890,49865.5,90,49890,60,0,15060
BANKNIFTY-III.NFO,03/02/2025,09:16:51,49890,49869.6,60,49890,60,0,15060
BANKNIFTY-III.NFO,03/02/2025,09:16:52,49890,49870.95,120,49890,60,0,15060
BANKNIFTY-III.NFO,03/02/2025,09:16:54,49890,49875.45,60,49890,30,0,15060
BANKNIFTY-III.NFO,03/02/2025,09:16:55,49890,49870.95,60,49896.75,30,30,15060
BANKNIFTY-III.NFO,03/02/2025,09:16:57,49890,49871.05,60,49896.75,30,0,15060
BANKNIFTY-III.NFO,03/02/2025,09:16:59,49890,49873.75,60,49896.75,30,0,15060
BANKNIFTY-III.NFO,03/02/2025,09:17:00,49890,49876.55,60,49899.45,30,0,15060
BANKNIFTY-III.NFO,03/02/2025,09:17:02,49890,49881.85,120,49907.1,30,0,15060
BANKNIFTY-III.NFO,03/02/2025,09:17:03,49890,49881.7,60,49907.1,30,0,15060
BANKNIFTY-III.NFO,03/02/2025,09:17:05,49890,49881.7,60,49906.7,150,0,15060
BANKNIFTY-III.NFO,03/02/2025,09:17:07,49890,49882.4,60,49907.1,30,0,15060
BANKNIFTY-III.NFO,03/02/2025,09:17:08,49890,49883.75,60,49907.1,30,0,15060
BANKNIFTY-III.NFO,03/02/2025,09:17:10,49890,49883.25,60,49906.55,30,0,15060
BANKNIFTY-III.NFO,03/02/2025,09:17:11,49890,49885.15,60,49909.8,30,0,15060
BANKNIFTY-III.NFO,03/02/2025,09:17:13,49890,49885.35,60,49909.8,30,0,15060
BANKNIFTY-III.NFO,03/02/2025,09:17:15,49890,49888,60,49914.5,150,0,15060
BANKNIFTY-III.NFO,03/02/2025,09:17:16,49890,49892.35,60,49919.7,30,0,15060
BANKNIFTY-III.NFO,03/02/2025,09:17:18,49890,49888.2,60,49915,150,0,15060
BANKNIFTY-III.NFO,03/02/2025,09:17:19,49890,49890.3,60,49917.2,150,0,15060
BANKNIFTY-III.NFO,03/02/2025,09:17:21,49890,49891.15,120,49918.05,150,0,15060
BANKNIFTY-III.NFO,03/02/2025,09:17:23,49890,49888.6,60,49914.95,150,0,15060
BANKNIFTY-III.NFO,03/02/2025,09:17:24,49890,49890.3,60,49914.95,30,30,15060
BANKNIFTY-III.NFO,03/02/2025,09:17:26,49914.95,49893.15,60,49916.3,30,30,15060
BANKNIFTY-III.NFO,03/02/2025,09:17:27,49914.95,49893.95,60,49917.2,30,0,15060
BANKNIFTY-III.NFO,03/02/2025,09:17:29,49918.1,49897.2,60,49922.65,30,30,15060
BANKNIFTY-III.NFO,03/02/2025,09:17:31,49918.1,49897.45,60,49922.2,30,0,15060
BANKNIFTY-III.NFO,03/02/2025,09:17:32,49918.1,49897.75,60,49922.2,30,0,15060
BANKNIFTY-III.NFO,03/02/2025,09:17:34,49918.1,49897.85,60,49921.2,180,0,15060
BANKNIFTY-III.NFO,03/02/2025,09:17:36,49918.1,49897.85,60,49921.2,30,0,15060
BANKNIFTY-III.NFO,03/02/2025,09:17:37,49918.1,49892.7,60,49915.95,180,0,15060
BANKNIFTY-III.NFO,03/02/2025,09:17:39,49918.1,49890.15,90,49911.45,30,0,15060
BANKNIFTY-III.NFO,03/02/2025,09:17:40,49918.1,49890.95,60,49914,30,0,15060
BANKNIFTY-III.NFO,03/02/2025,09:17:42,49918.1,49891.55,60,49914,30,0,15060
BANKNIFTY-III.NFO,03/02/2025,09:17:44,49918.1,49892,60,49914,30,0,15060
BANKNIFTY-III.NFO,03/02/2025,09:17:45,49918.1,49890.25,60,49911.8,30,0,15060
BANKNIFTY-III.NFO,03/02/2025,09:17:47,49918.1,49890.35,90,49911.8,30,0,15060
BANKNIFTY-III.NFO,03/02/2025,09:17:48,49918.1,49890.4,60,49911.8,30,0,15060
BANKNIFTY-III.NFO,03/02/2025,09:17:50,49918.1,49890.25,60,49911.5,150,0,15060
BANKNIFTY-III.NFO,03/02/2025,09:17:52,49918.1,49890.45,60,49911.35,30,0,15060
BANKNIFTY-III.NFO,03/02/2025,09:17:53,49918.1,49890.95,90,49910.9,30,0,15060
BANKNIFTY-III.NFO,03/02/2025,09:17:55,49918.1,49890.05,90,49910.9,30,0,15060
BANKNIFTY-III.NFO,03/02/2025,09:17:58,49911.35,49890.05,60,49908.8,30,60,15060
BANKNIFTY-III.NFO,03/02/2025,09:18:00,49911.35,49890,60,49905.8,30,0,15060
BANKNIFTY-III.NFO,03/02/2025,09:18:01,49911.35,49890,60,49901.25,30,0,15060
BANKNIFTY-III.NFO,03/02/2025,09:18:03,49898.8,49890,60,49898.8,30,90,15060
BANKNIFTY-III.NFO,03/02/2025,09:18:05,49898.8,49890,60,49898.8,30,0,15060
BANKNIFTY-III.NFO,03/02/2025,09:18:11,49898.8,49890,60,49906.3,120,0,15060
BANKNIFTY-III.NFO,03/02/2025,09:18:13,49898.8,49880.1,60,49901.55,30,0,15060
BANKNIFTY-III.NFO,03/02/2025,09:18:14,49899.35,49877.3,120,49897.9,30,30,15060
BANKNIFTY-III.NFO,03/02/2025,09:18:16,49899.35,49880.75,120,49898.8,60,0,15060
BANKNIFTY-III.NFO,03/02/2025,09:18:18,49899.35,49890,30,49898,30,0,15060
BANKNIFTY-III.NFO,03/02/2025,09:18:19,49899.35,49890,30,49898.8,60,0,15060
BANKNIFTY-III.NFO,03/02/2025,09:18:21,49899.35,49890,30,49898.8,30,0,15060
BANKNIFTY-III.NFO,03/02/2025,09:18:26,49899.35,49890.05,60,49898.8,30,0,15060
BANKNIFTY-III.NFO,03/02/2025,09:18:27,49899.35,49890.05,90,49898.8,30,0,15060
BANKNIFTY-III.NFO,03/02/2025,09:18:29,49899.35,49890.15,30,49898.8,30,0,15060
BANKNIFTY-III.NFO,03/02/2025,09:18:30,49888.25,49885.6,60,49898.8,30,60,15060
BANKNIFTY-III.NFO,03/02/2025,09:18:30,49888.25,49885.6,60,49898.8,30,0,15060
BANKNIFTY-III.NFO,03/02/2025,09:18:32,49888.25,49889.3,60,49900,90,0,15060
BANKNIFTY-III.NFO,03/02/2025,09:18:34,49888.25,49888.3,90,49900,90,0,15060
BANKNIFTY-III.NFO,03/02/2025,09:18:35,49888.25,49890.3,60,49900,90,0,15060
BANKNIFTY-III.NFO,03/02/2025,09:18:38,49888.25,49888.3,90,49900,90,0,15060
BANKNIFTY-III.NFO,03/02/2025,09:18:40,49888.25,49890.2,120,49900,90,0,15060
BANKNIFTY-III.NFO,03/02/2025,09:18:42,49888.25,49890.35,120,49900,90,0,15060
BANKNIFTY-III.NFO,03/02/2025,09:18:44,49888.25,49892,60,49900,90,0,15060
BANKNIFTY-III.NFO,03/02/2025,09:18:45,49888.25,49890.65,120,49900,90,0,15060
BANKNIFTY-III.NFO,03/02/2025,09:18:47,49888.25,49895.2,60,49900,90,0,15060
BANKNIFTY-III.NFO,03/02/2025,09:18:49,49900,49895.3,60,49900,60,30,15720
BANKNIFTY-III.NFO,03/02/2025,09:18:50,49900,49901.4,60,49919.35,60,60,15720
BANKNIFTY-III.NFO,03/02/2025,09:18:52,49900,49900.75,30,49918.5,60,0,15720
BANKNIFTY-III.NFO,03/02/2025,09:18:54,49900,49900.7,60,49920.35,60,0,15720
BANKNIFTY-III.NFO,03/02/2025,09:18:55,49900,49902.8,60,49921.7,60,0,15720
BANKNIFTY-III.NFO,03/02/2025,09:18:57,49902.8,49905,60,49923.85,90,30,15720
BANKNIFTY-III.NFO,03/02/2025,09:18:59,49902.8,49905.75,60,49923.8,90,0,15720
BANKNIFTY-III.NFO,03/02/2025,09:19:00,49902.8,49903.95,60,49922.75,60,0,15720
BANKNIFTY-III.NFO,03/02/2025,09:19:02,49902.8,49903.05,60,49920.75,90,0,15720
BANKNIFTY-III.NFO,03/02/2025,09:19:04,49902.8,49907.2,60,49924.5,90,0,15720
BANKNIFTY-III.NFO,03/02/2025,09:19:05,49902.8,49914.25,30,49928.75,60,0,15720
BANKNIFTY-III.NFO,03/02/2025,09:19:07,49902.8,49913.35,30,49927.65,60,0,15720
BANKNIFTY-III.NFO,03/02/2025,09:19:09,49902.8,49919.65,120,49935.6,60,0,15720
BANKNIFTY-III.NFO,03/02/2025,09:19:10,49935.6,49921.65,90,49938.3,30,30,15720
BANKNIFTY-III.NFO,03/02/2025,09:19:12,49935.6,49929.05,60,49943.8,30,0,15720
BANKNIFTY-III.NFO,03/02/2025,09:19:14,49935.6,49936.95,60,49955.4,60,0,15720
BANKNIFTY-III.NFO,03/02/2025,09:19:15,49935.6,49935.9,60,49952.8,60,0,15720
BANKNIFTY-III.NFO,03/02/2025,09:19:17,49935.6,49939.4,120,49959.3,30,0,15720
BANKNIFTY-III.NFO,03/02/2025,09:19:19,49935.6,49935.35,60,49954.95,30,0,15720
BANKNIFTY-III.NFO,03/02/2025,09:19:20,49935.6,49935.6,30,49948.15,30,0,15720
BANKNIFTY-III.NFO,03/02/2025,09:19:22,49935.6,49935.6,30,49944.9,30,0,15720
BANKNIFTY-III.NFO,03/02/2025,09:19:24,49935.6,49936.1,60,49951.5,30,0,15720
BANKNIFTY-III.NFO,03/02/2025,09:19:25,49935.6,49935.6,60,49949.25,30,0,15720
BANKNIFTY-III.NFO,03/02/2025,09:19:27,49935.6,49935.6,30,49947.35,60,0,15720
BANKNIFTY-III.NFO,03/02/2025,09:19:29,49935.6,49935.6,30,49946.5,30,0,15720
BANKNIFTY-III.NFO,03/02/2025,09:19:30,49935.6,49935,60,49935.6,60,60,15720
BANKNIFTY-III.NFO,03/02/2025,09:19:32,49935.6,49935,60,49935.6,60,0,15720
BANKNIFTY-III.NFO,03/02/2025,09:19:40,49935.6,49936,60,49952.6,30,60,15720
BANKNIFTY-III.NFO,03/02/2025,09:19:42,49935.6,49935.6,30,49949.2,60,0,15720
BANKNIFTY-III.NFO,03/02/2025,09:19:43,49935.6,49935.6,30,49945,30,0,15720
BANKNIFTY-III.NFO,03/02/2025,09:19:45,49935.6,49935.6,30,49945.65,60,0,15720
BANKNIFTY-III.NFO,03/02/2025,09:19:48,49935.6,49935.6,30,49944.45,60,0,15720
BANKNIFTY-III.NFO,03/02/2025,09:19:50,49935.6,49935.6,30,49946.1,60,0,15720
BANKNIFTY-III.NFO,03/02/2025,09:19:52,49935.6,49944.45,30,49947.05,30,0,15720
BANKNIFTY-III.NFO,03/02/2025,09:19:53,49935.6,49944.45,30,49944.7,150,0,15720
BANKNIFTY-III.NFO,03/02/2025,09:19:55,49947.85,49944.45,30,49947.9,150,30,15720
BANKNIFTY-III.NFO,03/02/2025,09:19:56,49947.85,49944.45,30,49945.8,150,0,15720
BANKNIFTY-III.NFO,03/02/2025,09:19:58,49944.45,49935.6,30,49945.9,120,30,15720
BANKNIFTY-III.NFO,03/02/2025,09:20:00,49944.45,49935.65,30,49947.15,120,0,15720
BANKNIFTY-III.NFO,03/02/2025,09:20:01,49944.45,49936.15,60,49952.15,120,0,15720
BANKNIFTY-III.NFO,03/02/2025,09:20:03,49944.45,49935.6,30,49945.45,150,0,15720
BANKNIFTY-III.NFO,03/02/2025,09:20:05,49944.4,49935.65,30,49948,60,60,15720
BANKNIFTY-III.NFO,03/02/2025,09:20:06,49944.4,49935.6,30,49944.75,60,0,15720
BANKNIFTY-III.NFO,03/02/2025,09:20:08,49944.4,49935.6,30,49944.8,60,0,15720
BANKNIFTY-III.NFO,03/02/2025,09:20:10,49944.4,49935.6,30,49942.7,60,0,15720
BANKNIFTY-III.NFO,03/02/2025,09:20:12,49944.4,49935.6,30,49945,60,0,15720
BANKNIFTY-III.NFO,03/02/2025,09:20:13,49935,49922,30,49928.4,30,60,15720
BANKNIFTY-III.NFO,03/02/2025,09:20:15,49935,49922,30,49932.65,60,0,15720
BANKNIFTY-III.NFO,03/02/2025,09:20:17,49935,49926.15,60,49941.3,30,0,15720
BANKNIFTY-III.NFO,03/02/2025,09:20:18,49935,49923.6,60,49935.85,60,0,15720
BANKNIFTY-III.NFO,03/02/2025,09:20:20,49935,49922,30,49931.25,30,0,15720
BANKNIFTY-III.NFO,03/02/2025,09:20:22,49935,49922.05,60,49936.1,60,0,15720
BANKNIFTY-III.NFO,03/02/2025,09:20:23,49935,49922,30,49931.3,60,0,15720
BANKNIFTY-III.NFO,03/02/2025,09:20:25,49935,49924.65,60,49938.9,60,0,15720
BANKNIFTY-III.NFO,03/02/2025,09:20:27,49935,49924.6,90,49939,30,0,15720
BANKNIFTY-III.NFO,03/02/2025,09:20:28,49935,49922,30,49929.9,30,0,15720
BANKNIFTY-III.NFO,03/02/2025,09:20:30,49935,49922.05,90,49935.7,30,0,15720
BANKNIFTY-III.NFO,03/02/2025,09:20:32,49935,49922.05,30,49935.35,30,0,15720
BANKNIFTY-III.NFO,03/02/2025,09:20:33,49935,49922,60,49934.3,30,0,15720
BANKNIFTY-III.NFO,03/02/2025,09:20:35,49935,49922,30,49929,30,0,15720
BANKNIFTY-III.NFO,03/02/2025,09:20:37,49935,49922,30,49926.9,30,0,15720
BANKNIFTY-III.NFO,03/02/2025,09:20:38,49935,49922,30,49926.3,30,0,15720
BANKNIFTY-III.NFO,03/02/2025,09:20:40,49935,49922,30,49926.8,30,0,15720
BANKNIFTY-III.NFO,03/02/2025,09:20:42,49935,49922,30,49926.4,60,0,15720
BANKNIFTY-III.NFO,03/02/2025,09:20:43,49935,49922,30,49926.5,30,0,15720
BANKNIFTY-III.NFO,03/02/2025,09:20:45,49935,49922,30,49924.9,60,0,15720
BANKNIFTY-III.NFO,03/02/2025,09:20:47,49935,49922,30,49925.6,30,0,15720
BANKNIFTY-III.NFO,03/02/2025,09:20:48,49922,49905,60,49922.55,60,30,15720
BANKNIFTY-III.NFO,03/02/2025,09:20:50,49922,49902.9,60,49917.45,150,0,15720
BANKNIFTY-III.NFO,03/02/2025,09:20:52,49922,49903.05,30,49914.2,120,0,15720
BANKNIFTY-III.NFO,03/02/2025,09:20:53,49922,49903.05,30,49914.45,150,0,15720
BANKNIFTY-III.NFO,03/02/2025,09:20:55,49922,49903.05,30,49908.75,150,0,15720
BANKNIFTY-III.NFO,03/02/2025,09:20:57,49922,49900,120,49907.55,150,0,15720
BANKNIFTY-III.NFO,03/02/2025,09:20:58,49922,49900,120,49905.3,150,0,15720
BANKNIFTY-III.NFO,03/02/2025,09:21:00,49922,49900,120,49903.55,150,0,15720
BANKNIFTY-III.NFO,03/02/2025,09:21:02,49922,49900,120,49907.1,30,0,15720
BANKNIFTY-III.NFO,03/02/2025,09:21:03,49922,49900,120,49903.6,150,0,15720
BANKNIFTY-III.NFO,03/02/2025,09:21:05,49900,49888.3,60,49902.45,30,120,15720
BANKNIFTY-III.NFO,03/02/2025,09:21:07,49900,49888.3,60,49902.45,30,0,15720
BANKNIFTY-III.NFO,03/02/2025,09:21:08,49900,49888.25,30,49901.85,60,0,15720
BANKNIFTY-III.NFO,03/02/2025,09:21:10,49900,49888.25,30,49901.25,180,0,15720
BANKNIFTY-III.NFO,03/02/2025,09:21:13,49900,49892.2,90,49908.75,30,0,15720
BANKNIFTY-III.NFO,03/02/2025,09:21:15,49900,49888.3,60,49905.3,180,0,15720
BANKNIFTY-III.NFO,03/02/2025,09:21:17,49900,49892.75,90,49909.7,180,0,15720
BANKNIFTY-III.NFO,03/02/2025,09:21:18,49900,49896.8,60,49915.4,60,0,15720
BANKNIFTY-III.NFO,03/02/2025,09:21:20,49900,49896.75,150,49900,30,0,15720
BANKNIFTY-III.NFO,03/02/2025,09:21:21,49900,49888.3,90,49900,30,0,15720
BANKNIFTY-III.NFO,03/02/2025,09:21:23,49900,49890.2,150,49900,30,0,15720
BANKNIFTY-III.NFO,03/02/2025,09:21:25,49900,49894.15,90,49900,30,0,15720
BANKNIFTY-III.NFO,03/02/2025,09:21:26,49900,49889.4,60,49900,30,0,15720
BANKNIFTY-III.NFO,03/02/2025,09:21:28,49900,49888.25,30,49900,30,0,15720
BANKNIFTY-III.NFO,03/02/2025,09:21:31,49900,49888.25,30,49900,60,0,15720
BANKNIFTY-III.NFO,03/02/2025,09:21:35,49900,49890.65,90,49900,30,0,15720
BANKNIFTY-III.NFO,03/02/2025,09:21:36,49900,49891.6,90,49900,30,0,15720
BANKNIFTY-III.NFO,03/02/2025,09:21:38,49900,49891.95,90,49900,30,0,15720
BANKNIFTY-III.NFO,03/02/2025,09:21:39,49900,49893.3,90,49900,30,0,15720
BANKNIFTY-III.NFO,03/02/2025,09:21:41,49900,49889.75,60,49900,30,0,15720
BANKNIFTY-III.NFO,03/02/2025,09:21:43,49900,49893.25,90,49909.85,90,30,15600
BANKNIFTY-III.NFO,03/02/2025,09:21:44,49900,49894.25,90,49910.85,180,0,15600
BANKNIFTY-III.NFO,03/02/2025,09:21:46,49900,49897,60,49914.1,180,0,15600
BANKNIFTY-III.NFO,03/02/2025,09:21:48,49900,49894.95,150,49911.95,60,0,15600
BANKNIFTY-III.NFO,03/02/2025,09:21:49,49900,49894.45,90,49911.15,90,0,15600
BANKNIFTY-III.NFO,03/02/2025,09:21:51,49900,49894,90,49900,30,0,15600
BANKNIFTY-III.NFO,03/02/2025,09:21:53,49900,49902.25,60,49918.95,90,30,15600
BANKNIFTY-III.NFO,03/02/2025,09:21:54,49900,49902.95,90,49918.95,90,0,15600
BANKNIFTY-III.NFO,03/02/2025,09:21:56,49900,49893.85,60,49912.2,60,0,15600
BANKNIFTY-III.NFO,03/02/2025,09:21:58,49900,49895.35,90,49912.2,150,0,15600
BANKNIFTY-III.NFO,03/02/2025,09:21:59,49900,49895.2,60,49913.4,60,0,15600
BANKNIFTY-III.NFO,03/02/2025,09:22:01,49900,49896.2,90,49912.8,90,0,15600
BANKNIFTY-III.NFO,03/02/2025,09:22:02,49900,49891.65,60,49909,90,0,15600
BANKNIFTY-III.NFO,03/02/2025,09:22:04,49900,49890.35,90,49907.55,150,0,15600
BANKNIFTY-III.NFO,03/02/2025,09:22:06,49900,49889.95,90,49906.7,90,0,15600
BANKNIFTY-III.NFO,03/02/2025,09:22:07,49900,49892.85,90,49909.2,90,0,15600
BANKNIFTY-III.NFO,03/02/2025,09:22:09,49900,49900.6,90,49917.3,30,0,15600
BANKNIFTY-III.NFO,03/02/2025,09:22:11,49900,49901.6,60,49918.6,180,0,15600
BANKNIFTY-III.NFO,03/02/2025,09:22:12,49900,49906.05,60,49916.15,30,0,15600
BANKNIFTY-III.NFO,03/02/2025,09:22:14,49900,49907.15,90,49923.5,30,0,15600
BANKNIFTY-III.NFO,03/02/2025,09:22:16,49900,49908.15,60,49923.75,150,0,15600
BANKNIFTY-III.NFO,03/02/2025,09:22:17,49900,49908.3,90,49923.95,90,0,15600
BANKNIFTY-III.NFO,03/02/2025,09:22:19,49900,49908.9,90,49924.45,90,0,15600
BANKNIFTY-III.NFO,03/02/2025,09:22:21,49900,49911.1,90,49926.8,180,0,15600
BANKNIFTY-III.NFO,03/02/2025,09:22:22,49900,49910.95,150,49926.95,90,0,15600
BANKNIFTY-III.NFO,03/02/2025,09:22:24,49900,49916.35,90,49933.05,90,0,15600
BANKNIFTY-III.NFO,03/02/2025,09:22:25,49900,49919.7,90,49936.05,90,0,15600
BANKNIFTY-III.NFO,03/02/2025,09:22:27,49900,49915.55,90,49932.05,90,0,15600
BANKNIFTY-III.NFO,03/02/2025,09:22:29,49900,49913.3,90,49928.9,90,0,15600
BANKNIFTY-III.NFO,03/02/2025,09:22:30,49900,49914.95,90,49930.8,90,0,15600
BANKNIFTY-III.NFO,03/02/2025,09:22:32,49900,49921.5,90,49937.7,90,0,15600
BANKNIFTY-III.NFO,03/02/2025,09:22:34,49900,49922.6,60,49940.45,90,0,15600
BANKNIFTY-III.NFO,03/02/2025,09:22:35,49900,49929.9,90,49944.65,90,0,15600
BANKNIFTY-III.NFO,03/02/2025,09:22:37,49944.65,49930.25,60,49947.95,90,30,15600
BANKNIFTY-III.NFO,03/02/2025,09:22:39,49944.65,49923.75,90,49939.05,90,0,15600
BANKNIFTY-III.NFO,03/02/2025,09:22:40,49941.25,49927.7,90,49943.75,180,30,15600
BANKNIFTY-III.NFO,03/02/2025,09:22:42,49941.25,49928.9,60,49944.75,180,0,15600
BANKNIFTY-III.NFO,03/02/2025,09:22:43,49941.25,49927.7,90,49945.6,60,0,15600
BANKNIFTY-III.NFO,03/02/2025,09:22:45,49941.25,49922.6,90,49938.15,90,0,15600
BANKNIFTY-III.NFO,03/02/2025,09:22:47,49939.95,49923.95,120,49939.7,180,60,15600
BANKNIFTY-III.NFO,03/02/2025,09:22:48,49939.95,49928.45,90,49944.45,120,0,15600
BANKNIFTY-III.NFO,03/02/2025,09:22:50,49939.95,49928.2,90,49943.7,180,0,15600
BANKNIFTY-III.NFO,03/02/2025,09:22:52,49939.95,49924.15,60,49940.6,180,0,15600
BANKNIFTY-III.NFO,03/02/2025,09:22:53,49939.95,49940,30,49947.05,180,0,15600
BANKNIFTY-III.NFO,03/02/2025,09:22:55,49939.95,49940,60,49953.6,150,0,15600
BANKNIFTY-III.NFO,03/02/2025,09:22:57,49939.95,49940,30,49952.85,120,0,15600
BANKNIFTY-III.NFO,03/02/2025,09:22:58,49939.95,49940,30,49948.9,150,0,15600
BANKNIFTY-III.NFO,03/02/2025,09:23:00,49939.95,49940,30,49951.65,60,0,15600
BANKNIFTY-III.NFO,03/02/2025,09:23:02,49939.95,49940.75,90,49954.85,30,0,15600
BANKNIFTY-III.NFO,03/02/2025,09:23:03,49939.95,49944.65,90,49959.75,60,0,15600
BANKNIFTY-III.NFO,03/02/2025,09:23:05,49939.95,49944.65,60,49960.95,60,0,15600
BANKNIFTY-III.NFO,03/02/2025,09:23:07,49939.95,49949.05,90,49965.4,60,0,15600
BANKNIFTY-III.NFO,03/02/2025,09:23:08,49939.95,49944.2,90,49960.4,60,0,15600
BANKNIFTY-III.NFO,03/02/2025,09:23:10,49939.95,49941.15,60,49957.35,60,0,15600
BANKNIFTY-III.NFO,03/02/2025,09:23:12,49939.95,49952.1,150,49967.55,60,0,15600
BANKNIFTY-III.NFO,03/02/2025,09:23:13,49939.95,49950.4,150,49966.65,30,0,15600
BANKNIFTY-III.NFO,03/02/2025,09:23:15,49939.95,49943.8,90,49958.4,30,0,15600
BANKNIFTY-III.NFO,03/02/2025,09:23:17,49939.95,49946.4,90,49961.8,60,0,15600
BANKNIFTY-III.NFO,03/02/2025,09:23:18,49939.95,49947.65,90,49962.95,60,0,15600
BANKNIFTY-III.NFO,03/02/2025,09:23:20,49962.95,49951.1,60,49966.25,60,60,15600
BANKNIFTY-III.NFO,03/02/2025,09:23:22,49962.95,49953.6,90,49969.05,60,0,15600
BANKNIFTY-III.NFO,03/02/2025,09:23:23,49962.95,49957.25,90,49973.8,30,0,15600
BANKNIFTY-III.NFO,03/02/2025,09:23:25,49962.95,49965.75,90,49983.2,30,0,15600
BANKNIFTY-III.NFO,03/02/2025,09:23:27,49962.95,49972.45,90,49990,30,0,15600
BANKNIFTY-III.NFO,03/02/2025,09:23:28,49962.95,49969.75,90,49987.95,30,0,15600
BANKNIFTY-III.NFO,03/02/2025,09:23:30,49971.4,49974.45,90,49991.7,60,30,15600
BANKNIFTY-III.NFO,03/02/2025,09:23:32,49971.4,49974.5,90,49991.85,30,0,15600
BANKNIFTY-III.NFO,03/02/2025,09:23:33,49971.4,49975.6,90,49992.1,60,0,15600
BANKNIFTY-III.NFO,03/02/2025,09:23:35,49971.4,49978.25,60,49993.95,30,0,15600
BANKNIFTY-III.NFO,03/02/2025,09:23:37,49971.4,49975.8,90,49992.55,60,0,15600
BANKNIFTY-III.NFO,03/02/2025,09:23:38,49971.4,49975.05,90,49991.1,60,0,15600
BANKNIFTY-III.NFO,03/02/2025,09:23:40,49988.4,49975,30,49987.35,60,30,15600
BANKNIFTY-III.NFO,03/02/2025,09:23:41,49988.4,49975.05,60,49989.3,60,0,15600
BANKNIFTY-III.NFO,03/02/2025,09:23:43,49988.4,49980,30,49988.3,30,0,15600
BANKNIFTY-III.NFO,03/02/2025,09:23:45,49988.4,49980.05,90,49994.45,30,0,15600
BANKNIFTY-III.NFO,03/02/2025,09:23:46,49988.4,49980,30,49991.1,30,0,15600
BANKNIFTY-III.NFO,03/02/2025,09:23:48,49988.4,49980,30,49988,60,0,15600
BANKNIFTY-III.NFO,03/02/2025,09:23:50,49980,49975,30,49988,90,30,15600
BANKNIFTY-III.NFO,03/02/2025,09:23:51,49980,49975,30,49983.9,60,0,15600
BANKNIFTY-III.NFO,03/02/2025,09:23:53,49980,49975,30,49977.95,60,0,15600
BANKNIFTY-III.NFO,03/02/2025,09:23:55,49980,49975,30,49980.75,60,0,15600
BANKNIFTY-III.NFO,03/02/2025,09:23:56,49980,49975,30,49977.4,30,0,15600
BANKNIFTY-III.NFO,03/02/2025,09:23:58,49980,49975,30,49977.3,30,0,15600
BANKNIFTY-III.NFO,03/02/2025,09:24:00,49975,49961.75,90,49980.55,60,30,15600
BANKNIFTY-III.NFO,03/02/2025,09:24:01,49975,49966.65,90,49975,60,0,15600
BANKNIFTY-III.NFO,03/02/2025,09:24:03,49975,49960.55,90,49975,60,0,15600
BANKNIFTY-III.NFO,03/02/2025,09:24:05,49975,49965.75,90,49975,60,0,15600
BANKNIFTY-III.NFO,03/02/2025,09:24:06,49975,49957.25,90,49974.95,90,0,15600
BANKNIFTY-III.NFO,03/02/2025,09:24:08,49975,49963.2,120,49975,60,0,15600
BANKNIFTY-III.NFO,03/02/2025,09:24:10,49975,49961.55,90,49975,60,0,15600
BANKNIFTY-III.NFO,03/02/2025,09:24:11,49975,49958.9,60,49974.95,90,0,15600
BANKNIFTY-III.NFO,03/02/2025,09:24:13,49975,49960.45,90,49975,60,0,15600
BANKNIFTY-III.NFO,03/02/2025,09:24:15,49975,49964.8,60,49975,60,0,15600
BANKNIFTY-III.NFO,03/02/2025,09:24:16,49975,49967.15,60,49975,60,0,15600
BANKNIFTY-III.NFO,03/02/2025,09:24:18,49975,49973.65,150,49992.4,120,60,15600
BANKNIFTY-III.NFO,03/02/2025,09:24:20,49975,49972,90,49989.6,60,0,15600
BANKNIFTY-III.NFO,03/02/2025,09:24:21,49975,49970.2,90,49986.6,90,0,15600
BANKNIFTY-III.NFO,03/02/2025,09:24:23,49975,49966.05,60,49984.8,30,0,15600
BANKNIFTY-III.NFO,03/02/2025,09:24:25,49975,49966.35,90,49983.2,90,0,15600
BANKNIFTY-III.NFO,03/02/2025,09:24:26,49975,49965.4,60,49982.3,90,0,15600
BANKNIFTY-III.NFO,03/02/2025,09:24:28,49982.35,49966.4,90,49982.4,180,30,15600
BANKNIFTY-III.NFO,03/02/2025,09:24:30,49982.35,49961.75,90,49979.25,90,0,15600
BANKNIFTY-III.NFO,03/02/2025,09:24:32,49982.35,49964.65,60,49984.8,30,0,15600
BANKNIFTY-III.NFO,03/02/2025,09:24:33,49982.35,49967.65,90,49984.5,60,0,15600
BANKNIFTY-III.NFO,03/02/2025,09:24:35,49982.35,49965.2,90,49981.95,150,0,15600
BANKNIFTY-III.NFO,03/02/2025,09:24:37,49982.35,49969.4,150,49985.1,60,0,15600
BANKNIFTY-III.NFO,03/02/2025,09:24:38,49982.35,49970.4,60,49985.5,180,0,15600
BANKNIFTY-III.NFO,03/02/2025,09:24:40,49982.35,49968.2,90,49984.8,90,0,15600
BANKNIFTY-III.NFO,03/02/2025,09:24:42,49982.35,49970.85,90,49986.55,180,0,15600
BANKNIFTY-III.NFO,03/02/2025,09:24:43,49982.35,49969.1,90,49985.85,60,0,15600
BANKNIFTY-III.NFO,03/02/2025,09:24:45,49982.35,49966.15,60,49982.1,60,30,15720
BANKNIFTY-III.NFO,03/02/2025,09:24:46,49982.35,49966.55,90,49981.55,180,0,15720
BANKNIFTY-III.NFO,03/02/2025,09:24:48,49982.35,49969.6,150,49987.4,90,0,15720
BANKNIFTY-III.NFO,03/02/2025,09:24:50,49982.35,49969,30,49984.85,60,0,15720
BANKNIFTY-III.NFO,03/02/2025,09:24:51,49982.35,49966.5,90,49982.35,60,0,15720
BANKNIFTY-III.NFO,03/02/2025,09:24:53,49982.35,49967.6,30,49983.1,60,0,15720
BANKNIFTY-III.NFO,03/02/2025,09:24:55,49982.35,49969.3,90,49987,150,0,15720
BANKNIFTY-III.NFO,03/02/2025,09:24:56,49982.35,49971.85,90,49989.6,90,0,15720
BANKNIFTY-III.NFO,03/02/2025,09:24:58,49982.35,49976.05,90,49994.1,60,0,15720
BANKNIFTY-III.NFO,03/02/2025,09:25:00,49982.35,49973.2,120,49991.05,60,0,15720
BANKNIFTY-III.NFO,03/02/2025,09:25:01,49982.35,49973.6,90,49990.65,30,0,15720
BANKNIFTY-III.NFO,03/02/2025,09:25:03,49982.35,49968.4,60,49986.25,60,0,15720
BANKNIFTY-III.NFO,03/02/2025,09:25:05,49982.35,49973.95,60,49991.35,30,0,15720
BANKNIFTY-III.NFO,03/02/2025,09:25:06,49973.95,49972.55,90,49991,60,60,15720
BANKNIFTY-III.NFO,03/02/2025,09:25:08,49973.95,49970.5,90,49989.3,60,0,15720
BANKNIFTY-III.NFO,03/02/2025,09:25:10,49973.95,49973.95,30,49986.5,120,0,15720
BANKNIFTY-III.NFO,03/02/2025,09:25:11,49984.8,49973.95,30,49986.9,60,30,15720
BANKNIFTY-III.NFO,03/02/2025,09:25:13,49984.8,49973.95,30,49982.4,30,0,15720
BANKNIFTY-III.NFO,03/02/2025,09:25:15,49984.8,49973.95,30,49980,30,0,15720
BANKNIFTY-III.NFO,03/02/2025,09:25:16,49984.8,49973.95,30,49977.5,60,0,15720
BANKNIFTY-III.NFO,03/02/2025,09:25:18,49984.8,49973.95,30,49976.8,30,0,15720
BANKNIFTY-III.NFO,03/02/2025,09:25:20,49984.8,49973.95,30,49976.95,30,0,15720
BANKNIFTY-III.NFO,03/02/2025,09:25:23,49973.95,49956.55,60,49973.3,60,30,15720
BANKNIFTY-III.NFO,03/02/2025,09:25:25,49973.95,49956.55,90,49972.75,60,0,15720
BANKNIFTY-III.NFO,03/02/2025,09:25:26,49975.25,49959.05,90,49975.3,180,30,15720
BANKNIFTY-III.NFO,03/02/2025,09:25:28,49975.25,49962.7,60,49979.55,210,0,15720
BANKNIFTY-III.NFO,03/02/2025,09:25:30,49956.1,49956.2,60,49973.15,90,360,15720
BANKNIFTY-III.NFO,03/02/2025,09:25:31,49956.1,49953.9,120,49976.05,60,0,15720
BANKNIFTY-III.NFO,03/02/2025,09:25:33,49956.1,49954.1,120,49974.75,60,0,15720
BANKNIFTY-III.NFO,03/02/2025,09:25:35,49956.1,49954.1,150,49972.75,60,0,15720
BANKNIFTY-III.NFO,03/02/2025,09:25:36,49972.75,49955.8,60,49972.75,90,30,15720
BANKNIFTY-III.NFO,03/02/2025,09:25:38,49972.75,49958.55,60,49977,30,0,15720
BANKNIFTY-III.NFO,03/02/2025,09:25:40,49972.75,49975.25,30,49982,90,0,15720
BANKNIFTY-III.NFO,03/02/2025,09:25:43,49972.75,49975.4,90,49982,90,0,15720
BANKNIFTY-III.NFO,03/02/2025,09:25:46,49982,49979.35,60,49998.65,210,90,15720
BANKNIFTY-III.NFO,03/02/2025,09:25:48,49982,49979.2,60,49997.3,60,0,15720
BANKNIFTY-III.NFO,03/02/2025,09:25:50,49982,49976,150,49993.05,120,0,15720
BANKNIFTY-III.NFO,03/02/2025,09:25:51,49982,49985,30,49994.1,90,0,15720
BANKNIFTY-III.NFO,03/02/2025,09:25:53,49982,49989.5,60,50000,30,0,15720
BANKNIFTY-III.NFO,03/02/2025,09:25:55,50000,49993.5,150,50018.65,60,30,15720
BANKNIFTY-III.NFO,03/02/2025,09:25:56,50000,49993.5,150,50010.9,90,0,15720
BANKNIFTY-III.NFO,03/02/2025,09:25:58,50000,49987.6,120,50006.05,60,0,15720
BANKNIFTY-III.NFO,03/02/2025,09:26:00,50000,49987.6,150,50005.45,30,0,15720
BANKNIFTY-III.NFO,03/02/2025,09:26:01,50008.1,49989.3,120,50013.5,30,60,15720
BANKNIFTY-III.NFO,03/02/2025,09:26:03,50013.45,49999.8,60,50017.4,60,30,15720
BANKNIFTY-III.NFO,03/02/2025,09:26:05,50013.45,50008.85,90,50026.2,60,0,15720
BANKNIFTY-III.NFO,03/02/2025,09:26:06,50013.45,50013.45,30,50016.65,60,0,15720
BANKNIFTY-III.NFO,03/02/2025,09:26:08,50013.45,50013.45,30,50017.1,30,0,15720
BANKNIFTY-III.NFO,03/02/2025,09:26:10,50013.45,50013.45,30,50015.7,60,0,15720
BANKNIFTY-III.NFO,03/02/2025,09:26:11,50013.45,49995.65,90,50013.5,60,30,15720
BANKNIFTY-III.NFO,03/02/2025,09:26:13,50013.45,49999,120,50018.9,60,0,15720
BANKNIFTY-III.NFO,03/02/2025,09:26:15,50013.45,50013.45,60,50014.9,150,0,15720
BANKNIFTY-III.NFO,03/02/2025,09:26:16,50013.45,50013.45,60,50015.4,180,0,15720
BANKNIFTY-III.NFO,03/02/2025,09:26:18,50013.45,49993.65,60,50014.05,180,60,15720
BANKNIFTY-III.NFO,03/02/2025,09:26:20,50013.45,49998.15,60,50014.05,30,0,15720
BANKNIFTY-III.NFO,03/02/2025,09:26:21,50013.45,50004.25,90,50023.05,30,0,15720
BANKNIFTY-III.NFO,03/02/2025,09:26:23,50013.45,50009.9,90,50026.4,90,0,15720
BANKNIFTY-III.NFO,03/02/2025,09:26:25,50013.45,50007.35,90,50024.1,90,0,15720
BANKNIFTY-III.NFO,03/02/2025,09:26:26,50013.45,50005,90,50024.25,90,0,15720
BANKNIFTY-III.NFO,03/02/2025,09:26:28,50013.45,50004.25,90,50021.45,60,0,15720
BANKNIFTY-III.NFO,03/02/2025,09:26:30,50013.45,50002.85,30,50020.7,60,0,15720
BANKNIFTY-III.NFO,03/02/2025,09:26:31,50025.95,50010.35,60,50028.15,180,150,15720
BANKNIFTY-III.NFO,03/02/2025,09:26:33,50025.95,50007.85,90,50025.15,30,0,15720
BANKNIFTY-III.NFO,03/02/2025,09:26:35,50022.5,50005.25,60,50022.8,150,30,15720
BANKNIFTY-III.NFO,03/02/2025,09:26:36,50007.85,50007.45,60,50023.8,150,30,15720
BANKNIFTY-III.NFO,03/02/2025,09:26:38,50007.85,50011.25,90,50028.15,150,0,15720
BANKNIFTY-III.NFO,03/02/2025,09:26:40,50007.85,50019.85,60,50030,30,0,15720
BANKNIFTY-III.NFO,03/02/2025,09:26:41,50007.85,50019.15,60,50030,30,0,15720
BANKNIFTY-III.NFO,03/02/2025,09:26:43,50007.85,50014.95,90,50030,60,0,15720
BANKNIFTY-III.NFO,03/02/2025,09:26:45,50007.85,50014.65,90,50030,30,0,15720
BANKNIFTY-III.NFO,03/02/2025,09:26:47,50007.85,50014.8,150,50030,60,0,15720
BANKNIFTY-III.NFO,03/02/2025,09:26:48,50007.85,50012.6,90,50030,120,0,15720
BANKNIFTY-III.NFO,03/02/2025,09:26:50,50007.85,50012.35,90,50028.6,150,0,15720
BANKNIFTY-III.NFO,03/02/2025,09:26:52,50007.85,50013.35,90,50028.6,150,0,15720
BANKNIFTY-III.NFO,03/02/2025,09:26:53,50007.85,50019.55,90,50030,30,0,15720
BANKNIFTY-III.NFO,03/02/2025,09:26:55,50007.85,50018.4,120,50030,30,0,15720
BANKNIFTY-III.NFO,03/02/2025,09:26:57,50007.85,50020.55,60,50030,30,0,15720
BANKNIFTY-III.NFO,03/02/2025,09:26:58,50007.85,50022.75,60,50030,30,0,15720
BANKNIFTY-III.NFO,03/02/2025,09:27:00,50007.85,50017.35,90,50030,30,0,15720
BANKNIFTY-III.NFO,03/02/2025,09:27:02,50007.85,50027.65,60,50030,30,0,15720
BANKNIFTY-III.NFO,03/02/2025,09:27:03,50007.85,50024.9,90,50030,30,0,15720
BANKNIFTY-III.NFO,03/02/2025,09:27:05,50007.85,50025.9,60,50030,30,0,15720
BANKNIFTY-III.NFO,03/02/2025,09:27:07,50030,50028.45,90,50048.9,30,30,15720
BANKNIFTY-III.NFO,03/02/2025,09:27:08,50030,50036.65,60,50053.25,30,0,15720
BANKNIFTY-III.NFO,03/02/2025,09:27:10,50030,50041.45,60,50059.4,60,0,15720
BANKNIFTY-III.NFO,03/02/2025,09:27:12,50030,50039.5,60,50058.95,60,0,15720
BANKNIFTY-III.NFO,03/02/2025,09:27:13,50030,50043.8,150,50058.25,120,0,15720
BANKNIFTY-III.NFO,03/02/2025,09:27:15,50030,50044.25,90,50059.8,150,0,15720
BANKNIFTY-III.NFO,03/02/2025,09:27:17,50030,50039.6,60,50057.2,60,0,15720
BANKNIFTY-III.NFO,03/02/2025,09:27:18,50030,50035.2,120,50051.15,150,0,15720
BANKNIFTY-III.NFO,03/02/2025,09:27:20,50030,50031.55,60,50046.55,150,0,15720
BANKNIFTY-III.NFO,03/02/2025,09:27:22,50030,50030,60,50044.25,60,0,15720
BANKNIFTY-III.NFO,03/02/2025,09:27:23,50030,50030,60,50043,120,0,15720
BANKNIFTY-III.NFO,03/02/2025,09:27:25,50030,50032.45,90,50048.45,150,0,15720
BANKNIFTY-III.NFO,03/02/2025,09:27:27,50030,50032.4,150,50049.65,150,0,15720
BANKNIFTY-III.NFO,03/02/2025,09:27:28,50030,50032.15,90,50047.8,150,0,15720
BANKNIFTY-III.NFO,03/02/2025,09:27:30,50030,50033.8,90,50049.85,30,0,15720
BANKNIFTY-III.NFO,03/02/2025,09:27:32,50030,50030,60,50046.7,60,0,15720
BANKNIFTY-III.NFO,03/02/2025,09:27:33,50030,50030,60,50041.75,120,0,15720
BANKNIFTY-III.NFO,03/02/2025,09:27:35,50030,50030,60,50041.45,60,0,15720
BANKNIFTY-III.NFO,03/02/2025,09:27:37,50030,50030,90,50032.6,120,0,15720
BANKNIFTY-III.NFO,03/02/2025,09:27:38,50030,50013.55,90,50030.95,30,90,15810
BANKNIFTY-III.NFO,03/02/2025,09:27:40,50030,50017.05,90,50032.6,150,0,15810
BANKNIFTY-III.NFO,03/02/2025,09:27:41,50030,50022.1,60,50040.9,150,0,15810
BANKNIFTY-III.NFO,03/02/2025,09:27:43,50030,50027.1,150,50044.3,150,0,15810
BANKNIFTY-III.NFO,03/02/2025,09:27:45,50030,50020.55,90,50038.3,60,0,15810
BANKNIFTY-III.NFO,03/02/2025,09:27:46,50030,50020.15,90,50036.75,150,0,15810
BANKNIFTY-III.NFO,03/02/2025,09:27:48,50030,50019.45,90,50035.65,150,0,15810
BANKNIFTY-III.NFO,03/02/2025,09:27:50,50030,50023.6,90,50038.1,120,0,15810
BANKNIFTY-III.NFO,03/02/2025,09:27:51,50030,50026.95,60,50043.45,120,0,15810
BANKNIFTY-III.NFO,03/02/2025,09:27:53,50030,50019.7,60,50039.15,60,0,15810
BANKNIFTY-III.NFO,03/02/2025,09:27:55,50030,50011.7,150,50029.45,120,30,15810
BANKNIFTY-III.NFO,03/02/2025,09:27:56,50030,50014.8,150,50029.5,90,30,15810
BANKNIFTY-III.NFO,03/02/2025,09:27:58,50030,50012.85,60,50027.55,120,0,15810
BANKNIFTY-III.NFO,03/02/2025,09:28:00,50030,50021.65,150,50036.95,120,0,15810
BANKNIFTY-III.NFO,03/02/2025,09:28:01,50030,50026.55,90,50042.5,120,0,15810
BANKNIFTY-III.NFO,03/02/2025,09:28:03,50030,50035.05,90,50050.1,120,0,15810
BANKNIFTY-III.NFO,03/02/2025,09:28:05,50030,50039.95,90,50056.45,120,0,15810
BANKNIFTY-III.NFO,03/02/2025,09:28:06,50030,50038.9,90,50056.85,120,0,15810
BANKNIFTY-III.NFO,03/02/2025,09:28:08,50030,50041.3,90,50057.65,120,0,15810
BANKNIFTY-III.NFO,03/02/2025,09:28:10,50030,50036.95,60,50054.2,30,0,15810
BANKNIFTY-III.NFO,03/02/2025,09:28:11,50030,50034.95,60,50053.55,180,0,15810
BANKNIFTY-III.NFO,03/02/2025,09:28:13,50030,50035.15,90,50051.85,120,0,15810
BANKNIFTY-III.NFO,03/02/2025,09:28:15,50030,50034.9,90,50050.55,120,0,15810
BANKNIFTY-III.NFO,03/02/2025,09:28:16,50030,50050,30,50052.15,90,0,15810
BANKNIFTY-III.NFO,03/02/2025,09:28:18,50030,50050,30,50052.15,120,0,15810
BANKNIFTY-III.NFO,03/02/2025,09:28:20,50030,50050,30,50056.45,30,0,15810
BANKNIFTY-III.NFO,03/02/2025,09:28:21,50030,50050,30,50057.5,120,0,15810
BANKNIFTY-III.NFO,03/02/2025,09:28:23,50030,50050,30,50058.9,90,0,15810
BANKNIFTY-III.NFO,03/02/2025,09:28:25,50030,50050,30,50057.3,120,0,15810
BANKNIFTY-III.NFO,03/02/2025,09:28:26,50030,50055,30,50055.75,90,0,15810
BANKNIFTY-III.NFO,03/02/2025,09:28:28,50030,50055,30,50057,30,0,15810
BANKNIFTY-III.NFO,03/02/2025,09:28:33,50055,50038.8,60,50057,120,30,15810
BANKNIFTY-III.NFO,03/02/2025,09:28:35,50055,50039.55,90,50056.5,120,0,15810
BANKNIFTY-III.NFO,03/02/2025,09:28:36,50055,50044.15,90,50057,30,0,15810
BANKNIFTY-III.NFO,03/02/2025,09:28:38,50055,50054,30,50057,30,0,15810
BANKNIFTY-III.NFO,03/02/2025,09:28:48,50055,50055,300,50057,30,0,15810
BANKNIFTY-III.NFO,03/02/2025,09:28:53,50057,50055,300,50058,90,30,15810
BANKNIFTY-III.NFO,03/02/2025,09:28:55,50057,50055,300,50058,90,0,15810
BANKNIFTY-III.NFO,03/02/2025,09:28:56,50055,50055,270,50060.7,120,30,15810
BANKNIFTY-III.NFO,03/02/2025,09:28:58,50055,50055,270,50061.85,90,0,15810
BANKNIFTY-III.NFO,03/02/2025,09:29:00,50055,50055,240,50061.85,120,30,15810
BANKNIFTY-III.NFO,03/02/2025,09:29:01,50055,50055,240,50062.35,90,0,15810
BANKNIFTY-III.NFO,03/02/2025,09:29:03,50055,50055,240,50060,90,0,15810
BANKNIFTY-III.NFO,03/02/2025,09:29:05,50055,50055,240,50058.05,90,0,15810
BANKNIFTY-III.NFO,03/02/2025,09:29:06,50055,50055,240,50058.95,90,0,15810
BANKNIFTY-III.NFO,03/02/2025,09:29:08,50055,50055,180,50060.25,90,60,15810
BANKNIFTY-III.NFO,03/02/2025,09:29:10,50055,50055,180,50063.2,30,0,15810
BANKNIFTY-III.NFO,03/02/2025,09:29:11,50055,50055,180,50060.2,90,0,15810
BANKNIFTY-III.NFO,03/02/2025,09:29:13,50055,50055,180,50058.05,90,0,15810
BANKNIFTY-III.NFO,03/02/2025,09:29:15,50055,50055,180,50057.7,90,0,15810
BANKNIFTY-III.NFO,03/02/2025,09:29:16,50055,50044.1,60,50057.7,120,180,15810
BANKNIFTY-III.NFO,03/02/2025,09:29:18,50055,50047.25,90,50060.95,90,0,15810
BANKNIFTY-III.NFO,03/02/2025,09:29:20,50055,50047.55,90,50059.25,90,0,15810
BANKNIFTY-III.NFO,03/02/2025,09:29:21,50055,50049.8,30,50060,90,0,15810
BANKNIFTY-III.NFO,03/02/2025,09:29:23,50055,50049.8,30,50062.1,120,0,15810
BANKNIFTY-III.NFO,03/02/2025,09:29:25,50068.45,50051.3,90,50066,30,900,15810
BANKNIFTY-III.NFO,03/02/2025,09:29:26,50068.45,50049,90,50063.2,30,0,15810
BANKNIFTY-III.NFO,03/02/2025,09:29:28,50068.45,50049.05,60,50062.4,30,0,15810
BANKNIFTY-III.NFO,03/02/2025,09:29:30,50068.45,50051.15,90,50062.35,30,0,15810
BANKNIFTY-III.NFO,03/02/2025,09:29:31,50062.35,50060.25,90,50069,30,30,15810
BANKNIFTY-III.NFO,03/02/2025,09:29:33,50069,50066.95,60,50083.7,30,30,15810
BANKNIFTY-III.NFO,03/02/2025,09:29:35,50069,50075.55,60,50094.45,30,0,15810
BANKNIFTY-III.NFO,03/02/2025,09:29:36,50069,50080.45,60,50099.85,30,0,15810
BANKNIFTY-III.NFO,03/02/2025,09:29:38,50069,50089.6,60,50100,30,0,15810
BANKNIFTY-III.NFO,03/02/2025,09:29:40,50069,50089.1,90,50100,30,0,15810
BANKNIFTY-III.NFO,03/02/2025,09:29:41,50100,50093.5,90,50106.75,30,30,15810
BANKNIFTY-III.NFO,03/02/2025,09:29:43,50100,50099.95,90,50113.25,30,0,15810
BANKNIFTY-III.NFO,03/02/2025,09:29:45,50100,50096,90,50100,30,0,15810
BANKNIFTY-III.NFO,03/02/2025,09:29:46,50100,50091.95,90,50100,30,0,15810
BANKNIFTY-III.NFO,03/02/2025,09:29:48,50100,50095.9,150,50118,30,30,15810
BANKNIFTY-III.NFO,03/02/2025,09:29:50,50100,50105.9,60,50130.6,30,0,15810
BANKNIFTY-III.NFO,03/02/2025,09:29:51,50100,50106.8,60,50125.75,30,0,15810
BANKNIFTY-III.NFO,03/02/2025,09:29:53,50100,50109.4,60,50121.7,30,0,15810
BANKNIFTY-III.NFO,03/02/2025,09:29:55,50100,50118.5,60,50135.55,30,0,15810
BANKNIFTY-III.NFO,03/02/2025,09:29:56,50100,50115.75,90,50132.55,30,0,15810
BANKNIFTY-III.NFO,03/02/2025,09:29:58,50100,50116.4,60,50128.95,30,0,15810
BANKNIFTY-III.NFO,03/02/2025,09:30:00,50140,50126.2,60,50145.2,30,60,15810
BANKNIFTY-III.NFO,03/02/2025,09:30:01,50126.15,50123.65,60,50133.2,30,30,15810
BANKNIFTY-III.NFO,03/02/2025,09:30:03,50126.15,50117.8,60,50132.45,30,0,15810
BANKNIFTY-III.NFO,03/02/2025,09:30:05,50126.15,50125.35,60,50143.55,30,0,15810
BANKNIFTY-III.NFO,03/02/2025,09:30:06,50126.15,50120.7,90,50136.25,30,0,15810
BANKNIFTY-III.NFO,03/02/2025,09:30:08,50119,50117.9,120,50132.8,30,30,15810
BANKNIFTY-III.NFO,03/02/2025,09:30:10,50119,50112.75,120,50127.9,30,0,15810
BANKNIFTY-III.NFO,03/02/2025,09:30:11,50119,50113.95,90,50129.3,30,0,15810
BANKNIFTY-III.NFO,03/02/2025,09:30:13,50119,50104.9,90,50120.3,30,0,15810
BANKNIFTY-III.NFO,03/02/2025,09:30:15,50119,50103.45,90,50120.35,30,0,15810
BANKNIFTY-III.NFO,03/02/2025,09:30:16,50119,50108.55,60,50135.15,30,0,15810
BANKNIFTY-III.NFO,03/02/2025,09:30:18,50119,50107.85,150,50125.95,90,0,15810
BANKNIFTY-III.NFO,03/02/2025,09:30:20,50119,50116.95,90,50132.3,30,0,15810
BANKNIFTY-III.NFO,03/02/2025,09:30:21,50119,50120.2,90,50135.7,30,0,15810
BANKNIFTY-III.NFO,03/02/2025,09:30:23,50119,50119.75,90,50136.25,30,0,15810
BANKNIFTY-III.NFO,03/02/2025,09:30:25,50119,50112.35,30,50119,120,90,15810
BANKNIFTY-III.NFO,03/02/2025,09:30:26,50119,50114.9,30,50119,30,120,15810
BANKNIFTY-III.NFO,03/02/2025,09:30:28,50119,50114.25,60,50119,30,30,15810
BANKNIFTY-III.NFO,03/02/2025,09:30:29,50119,50115.8,60,50119,30,90,15810
BANKNIFTY-III.NFO,03/02/2025,09:30:31,50119,50122.1,60,50134.1,60,30,15810
BANKNIFTY-III.NFO,03/02/2025,09:30:33,50119,50110.15,30,50126.4,60,0,15810
BANKNIFTY-III.NFO,03/02/2025,09:30:34,50119,50107.9,30,50126.05,60,0,15810
BANKNIFTY-III.NFO,03/02/2025,09:30:36,50119,50110.6,60,50127.65,60,0,15810
BANKNIFTY-III.NFO,03/02/2025,09:30:38,50119,50105.85,60,50122.75,60,0,15810
BANKNIFTY-III.NFO,03/02/2025,09:30:39,50119,50118.65,30,50150.65,30,0,15810
BANKNIFTY-III.NFO,03/02/2025,09:30:41,50119,50127.55,30,50150.25,30,0,15810
BANKNIFTY-III.NFO,03/02/2025,09:30:43,50119,50132.25,30,50157.45,60,0,15810
BANKNIFTY-III.NFO,03/02/2025,09:30:44,50119,50135.25,60,50155.05,60,0,15810
BANKNIFTY-III.NFO,03/02/2025,09:30:46,50119,50134.65,60,50152.4,60,0,15810
BANKNIFTY-III.NFO,03/02/2025,09:30:48,50119,50129.7,60,50147.6,60,0,15810
BANKNIFTY-III.NFO,03/02/2025,09:30:49,50119,50134.4,30,50154.9,60,0,15810
BANKNIFTY-III.NFO,03/02/2025,09:30:51,50119,50135.9,30,50155.4,120,0,15810
BANKNIFTY-III.NFO,03/02/2025,09:30:53,50119,50137,60,50155.75,60,0,15810
BANKNIFTY-III.NFO,03/02/2025,09:30:54,50119,50143.75,30,50167.1,60,0,15810
BANKNIFTY-III.NFO,03/02/2025,09:30:56,50119,50153.55,60,50169.6,60,0,15810
BANKNIFTY-III.NFO,03/02/2025,09:30:58,50153.55,50153.6,90,50174.95,60,30,15810
BANKNIFTY-III.NFO,03/02/2025,09:30:59,50153.55,50142.35,90,50161.55,60,0,15810
BANKNIFTY-III.NFO,03/02/2025,09:31:01,50153.55,50142.35,90,50169.45,60,0,15810
BANKNIFTY-III.NFO,03/02/2025,09:31:03,50153.55,50142.35,90,50163.25,60,0,15810
BANKNIFTY-III.NFO,03/02/2025,09:31:04,50150,50142.35,90,50169.65,60,30,15810
BANKNIFTY-III.NFO,03/02/2025,09:31:06,50150,50146.8,60,50175,30,0,15810
BANKNIFTY-III.NFO,03/02/2025,09:31:08,50200,50178.75,30,50218.95,60,150,15810
BANKNIFTY-III.NFO,03/02/2025,09:31:09,50181.2,50180.55,60,50202.95,60,60,15810
BANKNIFTY-III.NFO,03/02/2025,09:31:11,50160.3,50160.35,30,50184.7,60,30,15810
BANKNIFTY-III.NFO,03/02/2025,09:31:13,50160.3,50156,120,50178.65,30,0,15810
BANKNIFTY-III.NFO,03/02/2025,09:31:14,50160.3,50156.7,90,50178.85,60,0,15810
BANKNIFTY-III.NFO,03/02/2025,09:31:16,50160.3,50156.7,90,50178.5,60,0,15810
BANKNIFTY-III.NFO,03/02/2025,09:31:18,50160.3,50152,60,50171.9,60,0,15810
BANKNIFTY-III.NFO,03/02/2025,09:31:19,50160.3,50152,60,50171.95,60,0,15810
BANKNIFTY-III.NFO,03/02/2025,09:31:21,50172.25,50153.55,30,50166.65,90,30,15810
BANKNIFTY-III.NFO,03/02/2025,09:31:23,50172.25,50153.55,30,50169.5,60,0,15810
BANKNIFTY-III.NFO,03/02/2025,09:31:24,50172.25,50153.55,30,50168.6,60,0,15810
BANKNIFTY-III.NFO,03/02/2025,09:31:26,50172.25,50153.55,60,50173.55,60,0,15810
BANKNIFTY-III.NFO,03/02/2025,09:31:28,50172.25,50172.25,120,50184.85,60,0,15810
BANKNIFTY-III.NFO,03/02/2025,09:31:29,50172.25,50172.25,120,50189.15,60,0,15810
BANKNIFTY-III.NFO,03/02/2025,09:31:31,50172.25,50172.25,150,50188.4,60,0,15810
BANKNIFTY-III.NFO,03/02/2025,09:31:33,50172.25,50172.25,150,50188.45,30,0,15810
BANKNIFTY-III.NFO,03/02/2025,09:31:36,50172.25,50172.25,120,50187.35,90,0,15810
BANKNIFTY-III.NFO,03/02/2025,09:31:38,50172.25,50172.25,150,50187.75,60,0,15810
BANKNIFTY-III.NFO,03/02/2025,09:31:39,50188.45,50172.3,30,50188.35,60,30,15810
BANKNIFTY-III.NFO,03/02/2025,09:31:41,50188.45,50172.3,60,50192.2,60,0,15810
BANKNIFTY-III.NFO,03/02/2025,09:31:43,50188.45,50172.3,60,50188.35,60,0,15810
BANKNIFTY-III.NFO,03/02/2025,09:31:44,50188.45,50172.3,60,50191.75,60,0,15810
BANKNIFTY-III.NFO,03/02/2025,09:31:46,50188.45,50172.3,60,50191.95,60,0,15810
BANKNIFTY-III.NFO,03/02/2025,09:31:49,50188.45,50172.3,120,50194.6,60,0,15810
BANKNIFTY-III.NFO,03/02/2025,09:31:51,50188.45,50191,30,50196.8,90,0,15810
BANKNIFTY-III.NFO,03/02/2025,09:31:53,50188.45,50191,30,50200,150,0,15810
BANKNIFTY-III.NFO,03/02/2025,09:31:54,50188.45,50196,30,50200,150,0,15810
BANKNIFTY-III.NFO,03/02/2025,09:31:56,50188.45,50196,30,50199.95,90,0,15810
BANKNIFTY-III.NFO,03/02/2025,09:31:58,50196,50190,120,50199.6,120,30,15810
BANKNIFTY-III.NFO,03/02/2025,09:31:59,50196,50190,120,50199.95,60,0,15810
BANKNIFTY-III.NFO,03/02/2025,09:32:01,50196,50190,120,50197.4,60,0,15810
BANKNIFTY-III.NFO,03/02/2025,09:32:03,50196,50190.05,120,50200,150,0,15810
BANKNIFTY-III.NFO,03/02/2025,09:32:06,50196,50190.05,120,50200,180,0,15810
BANKNIFTY-III.NFO,03/02/2025,09:32:08,50196,50190.05,30,50200,180,0,15810
BANKNIFTY-III.NFO,03/02/2025,09:32:09,50196,50190.05,120,50200,180,0,15810
BANKNIFTY-III.NFO,03/02/2025,09:32:11,50196,50190.05,60,50200,180,0,15810
BANKNIFTY-III.NFO,03/02/2025,09:32:13,50196,50190,120,50200,210,0,15810
BANKNIFTY-III.NFO,03/02/2025,09:32:14,50200,50183.6,60,50200,120,120,15810
BANKNIFTY-III.NFO,03/02/2025,09:32:16,50200,50184.9,30,50200,60,0,15810
BANKNIFTY-III.NFO,03/02/2025,09:32:18,50200,50186,90,50200,60,0,15810
BANKNIFTY-III.NFO,03/02/2025,09:32:19,50200,50186.65,30,50200,60,0,15810
BANKNIFTY-III.NFO,03/02/2025,09:32:23,50200,50186.6,30,50197.2,30,0,15810
BANKNIFTY-III.NFO,03/02/2025,09:32:24,50200,50183.7,60,50199.95,90,0,15810
BANKNIFTY-III.NFO,03/02/2025,09:32:26,50200,50184,30,50200,90,0,15810
BANKNIFTY-III.NFO,03/02/2025,09:32:28,50200,50184.7,60,50200,90,0,15810
BANKNIFTY-III.NFO,03/02/2025,09:32:29,50200,50182.8,30,50200,90,0,15810
BANKNIFTY-III.NFO,03/02/2025,09:32:31,50200,50190,30,50197.95,60,0,15810
BANKNIFTY-III.NFO,03/02/2025,09:32:33,50200,50190,30,50196.1,60,0,15810
BANKNIFTY-III.NFO,03/02/2025,09:32:34,50200,50190,30,50195.2,120,0,15810
BANKNIFTY-III.NFO,03/02/2025,09:32:36,50200,50190,30,50195.95,120,0,15810
BANKNIFTY-III.NFO,03/02/2025,09:32:38,50200,50190,30,50196,60,0,15810
BANKNIFTY-III.NFO,03/02/2025,09:32:39,50200,50190,30,50196.5,60,0,15810
BANKNIFTY-III.NFO,03/02/2025,09:32:41,50200,50190,30,50195.75,90,0,15810
BANKNIFTY-III.NFO,03/02/2025,09:32:43,50200,50190,30,50197.7,90,0,15810
BANKNIFTY-III.NFO,03/02/2025,09:32:44,50200,50190,30,50198.3,150,0,15810
BANKNIFTY-III.NFO,03/02/2025,09:32:46,50200,50190,30,50199.95,60,0,15810
BANKNIFTY-III.NFO,03/02/2025,09:32:47,50190,50185.65,90,50200,150,30,15810
BANKNIFTY-III.NFO,03/02/2025,09:32:49,50190,50185,30,50194.85,60,0,15810
BANKNIFTY-III.NFO,03/02/2025,09:32:51,50190,50185.05,60,50199.85,90,0,15810
BANKNIFTY-III.NFO,03/02/2025,09:32:52,50190,50185.05,60,50199.7,90,0,15810
BANKNIFTY-III.NFO,03/02/2025,09:32:54,50190,50185.05,120,50200,150,0,15810
BANKNIFTY-III.NFO,03/02/2025,09:32:55,50190,50185.05,60,50200,150,0,15810
BANKNIFTY-III.NFO,03/02/2025,09:32:57,50190,50185.05,120,50200,150,0,15810
BANKNIFTY-III.NFO,03/02/2025,09:32:59,50190,50185,30,50196.15,60,0,15810
BANKNIFTY-III.NFO,03/02/2025,09:33:00,50190,50185,30,50198.1,60,0,15810
BANKNIFTY-III.NFO,03/02/2025,09:33:02,50190,50185,30,50194.6,60,0,15810
BANKNIFTY-III.NFO,03/02/2025,09:33:04,50190,50185,30,50192.15,60,0,15810
BANKNIFTY-III.NFO,03/02/2025,09:33:05,50190,50185.05,60,50199.1,60,0,15810
BANKNIFTY-III.NFO,03/02/2025,09:33:07,50190,50185,30,50197.85,90,0,15810
BANKNIFTY-III.NFO,03/02/2025,09:33:09,50190,50185,30,50193.55,60,0,15810
BANKNIFTY-III.NFO,03/02/2025,09:33:10,50190,50185.1,60,50199.8,30,0,15810
BANKNIFTY-III.NFO,03/02/2025,09:33:12,50190,50185.15,30,50193.25,60,0,15810
BANKNIFTY-III.NFO,03/02/2025,09:33:14,50185,50172.3,60,50192.05,90,30,15810
BANKNIFTY-III.NFO,03/02/2025,09:33:15,50185,50172.25,30,50182.7,60,0,15810
BANKNIFTY-III.NFO,03/02/2025,09:33:17,50185,50172.25,30,50181.45,90,0,15810
BANKNIFTY-III.NFO,03/02/2025,09:33:19,50185,50172.25,30,50174.7,90,0,15810
BANKNIFTY-III.NFO,03/02/2025,09:33:20,50172.25,50161.85,30,50178.8,60,30,15810
BANKNIFTY-III.NFO,03/02/2025,09:33:22,50158.75,50153.6,60,50169.75,90,60,15810
BANKNIFTY-III.NFO,03/02/2025,09:33:24,50158.75,50158.8,30,50175.95,60,0,15810
BANKNIFTY-III.NFO,03/02/2025,09:33:25,50158.75,50164.05,60,50180.85,60,0,15810
BANKNIFTY-III.NFO,03/02/2025,09:33:27,50158.75,50164.85,90,50182.45,120,0,15810
BANKNIFTY-III.NFO,03/02/2025,09:33:29,50158.75,50159.25,30,50172.05,60,0,15810
BANKNIFTY-III.NFO,03/02/2025,09:33:30,50158.75,50159.25,30,50171.8,90,0,15810
BANKNIFTY-III.NFO,03/02/2025,09:33:32,50158.75,50155.35,60,50171.2,90,0,15810
BANKNIFTY-III.NFO,03/02/2025,09:33:33,50155.35,50154.45,30,50169.65,60,60,15810
BANKNIFTY-III.NFO,03/02/2025,09:33:35,50155.35,50156.05,30,50170.45,150,0,15810
BANKNIFTY-III.NFO,03/02/2025,09:33:37,50155.35,50156.25,30,50172.05,60,0,15810
BANKNIFTY-III.NFO,03/02/2025,09:33:38,50155.35,50153.7,60,50171.5,60,0,15810
BANKNIFTY-III.NFO,03/02/2025,09:33:40,50155.35,50155.9,30,50173.1,90,0,15810
BANKNIFTY-III.NFO,03/02/2025,09:33:42,50155.35,50158.2,60,50174.2,90,0,15810
BANKNIFTY-III.NFO,03/02/2025,09:33:43,50155.35,50159.25,30,50170.15,150,0,15810
BANKNIFTY-III.NFO,03/02/2025,09:33:45,50155.35,50159.25,30,50171.5,120,0,15810
BANKNIFTY-III.NFO,03/02/2025,09:33:47,50155.35,50159.45,30,50172.25,90,0,15810
BANKNIFTY-III.NFO,03/02/2025,09:33:48,50155.35,50159.95,60,50172.85,60,0,15810
BANKNIFTY-III.NFO,03/02/2025,09:33:50,50155.35,50160,30,50172.7,30,0,15810
BANKNIFTY-III.NFO,03/02/2025,09:33:52,50155.35,50158.75,30,50172.7,60,0,15810
BANKNIFTY-III.NFO,03/02/2025,09:33:53,50155.35,50159.9,30,50171.65,90,0,15810
BANKNIFTY-III.NFO,03/02/2025,09:33:55,50155.35,50158.85,30,50170.45,90,0,15810
BANKNIFTY-III.NFO,03/02/2025,09:33:57,50155.35,50155,30,50161.6,90,0,15810
BANKNIFTY-III.NFO,03/02/2025,09:33:58,50155.35,50155,30,50159.65,60,0,15810
BANKNIFTY-III.NFO,03/02/2025,09:34:00,50150,50129.95,60,50150.15,60,120,15720
BANKNIFTY-III.NFO,03/02/2025,09:34:02,50150,50138.6,60,50155.85,30,0,15720
BANKNIFTY-III.NFO,03/02/2025,09:34:03,50150,50138.65,30,50156.6,60,0,15720
BANKNIFTY-III.NFO,03/02/2025,09:34:05,50150,50143.2,30,50161.15,60,0,15720
BANKNIFTY-III.NFO,03/02/2025,09:34:07,50150,50140.05,30,50157.85,60,0,15720
BANKNIFTY-III.NFO,03/02/2025,09:34:08,50150,50144.55,60,50161.6,60,0,15720
BANKNIFTY-III.NFO,03/02/2025,09:34:10,50150,50150.5,120,50167.25,60,0,15720
BANKNIFTY-III.NFO,03/02/2025,09:34:12,50150,50147.15,90,50164.9,60,0,15720
BANKNIFTY-III.NFO,03/02/2025,09:34:13,50150,50147.95,60,50164.6,90,0,15720
BANKNIFTY-III.NFO,03/02/2025,09:34:15,50150,50142.6,30,50160.9,90,0,15720
BANKNIFTY-III.NFO,03/02/2025,09:34:17,50150,50150.85,60,50168.15,60,0,15720
BANKNIFTY-III.NFO,03/02/2025,09:34:18,50150,50154.65,60,50171.65,60,0,15720
BANKNIFTY-III.NFO,03/02/2025,09:34:20,50150,50159.35,30,50171.5,30,0,15720
BANKNIFTY-III.NFO,03/02/2025,09:34:22,50150,50172.4,60,50189,30,0,15720
BANKNIFTY-III.NFO,03/02/2025,09:34:23,50150,50176.6,60,50194.05,60,0,15720
BANKNIFTY-III.NFO,03/02/2025,09:34:25,50150,50179.45,30,50192.5,30,0,15720
BANKNIFTY-III.NFO,03/02/2025,09:34:27,50150,50180.1,90,50192.5,30,0,15720
BANKNIFTY-III.NFO,03/02/2025,09:34:28,50150,50177.45,90,50191.2,30,0,15720
BANKNIFTY-III.NFO,03/02/2025,09:34:30,50150,50173.6,30,50191.1,30,0,15720
BANKNIFTY-III.NFO,03/02/2025,09:34:32,50150,50183.55,60,50196,90,0,15720
BANKNIFTY-III.NFO,03/02/2025,09:34:33,50150,50180.3,120,50196,120,0,15720
BANKNIFTY-III.NFO,03/02/2025,09:34:35,50150,50174,30,50192.35,60,0,15720
BANKNIFTY-III.NFO,03/02/2025,09:34:37,50150,50171.55,90,50189.05,90,0,15720
BANKNIFTY-III.NFO,03/02/2025,09:34:38,50150,50173.4,30,50190.45,90,0,15720
BANKNIFTY-III.NFO,03/02/2025,09:34:40,50150,50172.9,30,50190.8,60,0,15720
BANKNIFTY-III.NFO,03/02/2025,09:34:41,50167.4,50162.5,90,50181.9,60,30,15720
BANKNIFTY-III.NFO,03/02/2025,09:34:43,50167.4,50159.15,60,50177.9,60,0,15720
BANKNIFTY-III.NFO,03/02/2025,09:34:45,50167.4,50159.15,90,50177.4,60,0,15720
BANKNIFTY-III.NFO,03/02/2025,09:34:46,50167.4,50154.9,30,50173,60,0,15720
BANKNIFTY-III.NFO,03/02/2025,09:34:48,50167.4,50149.35,30,50167.95,60,0,15720
BANKNIFTY-III.NFO,03/02/2025,09:34:50,50167.4,50150.05,60,50171.8,60,0,15720
BANKNIFTY-III.NFO,03/02/2025,09:34:51,50167.4,50150,30,50167.65,90,0,15720
BANKNIFTY-III.NFO,03/02/2025,09:34:53,50167.4,50150.05,90,50168.45,60,0,15720
BANKNIFTY-III.NFO,03/02/2025,09:34:55,50169.9,50150.15,60,50167.75,90,60,15720
BANKNIFTY-III.NFO,03/02/2025,09:34:56,50169.9,50147.55,60,50166.85,60,0,15720
BANKNIFTY-III.NFO,03/02/2025,09:34:58,50169.9,50151.55,60,50169.3,60,0,15720
BANKNIFTY-III.NFO,03/02/2025,09:35:00,50169.9,50148.05,60,50167.25,90,0,15720
BANKNIFTY-III.NFO,03/02/2025,09:35:01,50169.9,50155.6,60,50173.6,60,0,15720
BANKNIFTY-III.NFO,03/02/2025,09:35:03,50169.9,50153,60,50172.25,60,0,15720
BANKNIFTY-III.NFO,03/02/2025,09:35:04,50169.9,50153.65,60,50172.25,90,0,15720
BANKNIFTY-III.NFO,03/02/2025,09:35:06,50169.9,50149.95,30,50168.4,60,0,15720
BANKNIFTY-III.NFO,03/02/2025,09:35:08,50169.9,50142.85,60,50162,60,0,15720
BANKNIFTY-III.NFO,03/02/2025,09:35:10,50169.9,50141.2,120,50160.35,60,0,15720
BANKNIFTY-III.NFO,03/02/2025,09:35:11,50169.9,50143.9,60,50160.3,90,0,15720
BANKNIFTY-III.NFO,03/02/2025,09:35:13,50169.9,50140.3,60,50160.15,60,0,15720
BANKNIFTY-III.NFO,03/02/2025,09:35:15,50169.9,50126.9,60,50147.65,60,0,15720
BANKNIFTY-III.NFO,03/02/2025,09:35:16,50169.9,50126.8,150,50146,90,0,15720
BANKNIFTY-III.NFO,03/02/2025,09:35:18,50169.9,50125.3,60,50144.9,60,0,15720
BANKNIFTY-III.NFO,03/02/2025,09:35:20,50169.9,50123.1,60,50142.85,60,0,15720
BANKNIFTY-III.NFO,03/02/2025,09:35:21,50169.9,50120.25,60,50139.85,60,0,15720
BANKNIFTY-III.NFO,03/02/2025,09:35:23,50169.9,50118.95,60,50138.45,60,0,15720
BANKNIFTY-III.NFO,03/02/2025,09:35:25,50169.9,50119.75,60,50139.05,60,0,15720
BANKNIFTY-III.NFO,03/02/2025,09:35:26,50169.9,50120.3,60,50140.05,60,0,15720
BANKNIFTY-III.NFO,03/02/2025,09:35:28,50169.9,50118.6,60,50138.1,60,0,15720
BANKNIFTY-III.NFO,03/02/2025,09:35:29,50169.9,50117.7,60,50137.6,60,0,15720
BANKNIFTY-III.NFO,03/02/2025,09:35:31,50169.9,50117.85,60,50137,60,0,15720
BANKNIFTY-III.NFO,03/02/2025,09:35:33,50169.9,50112.35,60,50131.7,60,0,15720
BANKNIFTY-III.NFO,03/02/2025,09:35:34,50169.9,50115.85,150,50135.7,60,0,15720
BANKNIFTY-III.NFO,03/02/2025,09:35:36,50169.9,50114.15,60,50133.05,90,0,15720
BANKNIFTY-III.NFO,03/02/2025,09:35:38,50169.9,50110.1,60,50129.85,60,0,15720
BANKNIFTY-III.NFO,03/02/2025,09:35:39,50169.9,50115.35,60,50134.8,60,0,15720
BANKNIFTY-III.NFO,03/02/2025,09:35:41,50169.9,50115.65,60,50134.6,90,0,15720
BANKNIFTY-III.NFO,03/02/2025,09:35:43,50115.8,50117.75,30,50137.65,60,60,15720
BANKNIFTY-III.NFO,03/02/2025,09:35:44,50115.8,50115.45,30,50135.8,60,0,15720
BANKNIFTY-III.NFO,03/02/2025,09:35:46,50115.8,50115.45,30,50135.4,60,0,15720
BANKNIFTY-III.NFO,03/02/2025,09:35:48,50115.8,50115.45,30,50134.75,60,0,15720
BANKNIFTY-III.NFO,03/02/2025,09:35:49,50115.8,50115,30,50134.45,60,0,15720
BANKNIFTY-III.NFO,03/02/2025,09:35:51,50115.8,50113.2,30,50133.4,60,0,15720
BANKNIFTY-III.NFO,03/02/2025,09:35:53,50115.8,50115.25,30,50133.1,90,0,15720
BANKNIFTY-III.NFO,03/02/2025,09:35:54,50115.8,50106.8,30,50127.2,60,0,15720
BANKNIFTY-III.NFO,03/02/2025,09:35:56,50115.8,50109.8,60,50130.8,60,0,15720
BANKNIFTY-III.NFO,03/02/2025,09:35:58,50115.8,50112.45,90,50134,60,0,15720
BANKNIFTY-III.NFO,03/02/2025,09:35:59,50115.8,50114.55,60,50135.5,60,0,15720
BANKNIFTY-III.NFO,03/02/2025,09:36:01,50115.8,50116.05,60,50137.4,30,0,15720
BANKNIFTY-III.NFO,03/02/2025,09:36:03,50115.8,50114.5,30,50134.75,60,0,15720
BANKNIFTY-III.NFO,03/02/2025,09:36:04,50115.8,50112.45,30,50132.5,60,0,15720
BANKNIFTY-III.NFO,03/02/2025,09:36:06,50115.8,50116.1,60,50136.4,60,0,15720
BANKNIFTY-III.NFO,03/02/2025,09:36:08,50115.8,50108.6,30,50115.8,30,0,15720
BANKNIFTY-III.NFO,03/02/2025,09:36:09,50115.8,50103,60,50115.8,30,0,15720
BANKNIFTY-III.NFO,03/02/2025,09:36:13,50115.8,50106.05,180,50115.8,30,0,15720
BANKNIFTY-III.NFO,03/02/2025,09:36:14,50115.8,50106.2,180,50115.8,30,0,15720
BANKNIFTY-III.NFO,03/02/2025,09:36:16,50115.8,50106.9,30,50115.8,30,0,15720
BANKNIFTY-III.NFO,03/02/2025,09:36:18,50103,50101.9,180,50115.8,30,30,15720
BANKNIFTY-III.NFO,03/02/2025,09:36:19,50103,50101.95,30,50115.8,30,0,15720
BANKNIFTY-III.NFO,03/02/2025,09:36:21,50103,50103.35,180,50115.8,30,0,15720
BANKNIFTY-III.NFO,03/02/2025,09:36:22,50103,50103.4,90,50115.8,30,0,15720
BANKNIFTY-III.NFO,03/02/2025,09:36:24,50103,50103.35,180,50115.8,30,0,15720
BANKNIFTY-III.NFO,03/02/2025,09:36:26,50103,50101.1,180,50115.8,30,0,15720
BANKNIFTY-III.NFO,03/02/2025,09:36:27,50103,50104.9,30,50115.8,30,0,15720
BANKNIFTY-III.NFO,03/02/2025,09:36:29,50103,50107.45,90,50115.8,30,0,15720
BANKNIFTY-III.NFO,03/02/2025,09:36:30,50115.8,50120.2,60,50140.65,90,30,15720
BANKNIFTY-III.NFO,03/02/2025,09:36:32,50115.8,50123.4,30,50140.35,60,0,15720
BANKNIFTY-III.NFO,03/02/2025,09:36:34,50115.8,50120.75,60,50139.8,60,0,15720
BANKNIFTY-III.NFO,03/02/2025,09:36:35,50115.8,50123.2,120,50139.5,90,0,15720
BANKNIFTY-III.NFO,03/02/2025,09:36:37,50115.8,50126.15,90,50139.45,30,0,15720
BANKNIFTY-III.NFO,03/02/2025,09:36:39,50115.8,50127.3,90,50139.45,30,0,15720
BANKNIFTY-III.NFO,03/02/2025,09:36:40,50115.8,50128.3,150,50139.45,30,0,15720
BANKNIFTY-III.NFO,03/02/2025,09:36:42,50115.8,50125.5,30,50139.45,30,0,15720
BANKNIFTY-III.NFO,03/02/2025,09:36:44,50115.8,50120.35,90,50138.95,60,0,15720
BANKNIFTY-III.NFO,03/02/2025,09:36:45,50115.8,50122.4,60,50142.5,60,0,15720
BANKNIFTY-III.NFO,03/02/2025,09:36:47,50115.8,50124.75,60,50142.25,90,0,15720
BANKNIFTY-III.NFO,03/02/2025,09:36:49,50115.8,50124.9,60,50142.05,90,0,15720
BANKNIFTY-III.NFO,03/02/2025,09:36:50,50115.8,50124.9,60,50140.8,120,0,15720
BANKNIFTY-III.NFO,03/02/2025,09:36:52,50115.8,50117.45,30,50136.2,90,0,15720
BANKNIFTY-III.NFO,03/02/2025,09:36:54,50115.8,50113.35,60,50130.15,120,0,15720
BANKNIFTY-III.NFO,03/02/2025,09:36:55,50115.8,50113.35,60,50130.7,60,0,15720
BANKNIFTY-III.NFO,03/02/2025,09:36:57,50115.8,50111,60,50129.95,60,0,15720
BANKNIFTY-III.NFO,03/02/2025,09:36:59,50115.8,50114.2,30,50132.05,150,0,15720
BANKNIFTY-III.NFO,03/02/2025,09:37:00,50115.8,50115,60,50130.05,90,0,15720
BANKNIFTY-III.NFO,03/02/2025,09:37:02,50115.8,50115,60,50131.75,90,0,15720
BANKNIFTY-III.NFO,03/02/2025,09:37:03,50115.8,50115,60,50130.9,150,0,15720
BANKNIFTY-III.NFO,03/02/2025,09:37:05,50115.8,50115,60,50131.3,90,0,15720
BANKNIFTY-III.NFO,03/02/2025,09:37:07,50112.75,50107.45,30,50126.45,60,150,15840
BANKNIFTY-III.NFO,03/02/2025,09:37:08,50112.75,50105.85,30,50124.75,60,0,15840
BANKNIFTY-III.NFO,03/02/2025,09:37:10,50112.75,50105.65,180,50123.85,60,0,15840
BANKNIFTY-III.NFO,03/02/2025,09:37:12,50112.75,50100.1,180,50119.3,60,0,15840
BANKNIFTY-III.NFO,03/02/2025,09:37:13,50112.75,50100.55,180,50119.15,90,0,15840
BANKNIFTY-III.NFO,03/02/2025,09:37:15,50112.75,50101.75,30,50120,120,0,15840
BANKNIFTY-III.NFO,03/02/2025,09:37:17,50112.75,50104.05,150,50122.4,60,0,15840
BANKNIFTY-III.NFO,03/02/2025,09:37:18,50112.75,50101.75,30,50119.65,60,0,15840
BANKNIFTY-III.NFO,03/02/2025,09:37:20,50112.75,50100,60,50117.4,150,0,15840
BANKNIFTY-III.NFO,03/02/2025,09:37:22,50112.75,50100,30,50116.2,60,0,15840
BANKNIFTY-III.NFO,03/02/2025,09:37:23,50112.75,50100,30,50114.3,60,0,15840
BANKNIFTY-III.NFO,03/02/2025,09:37:26,50112.75,50100,30,50112.9,90,0,15840
BANKNIFTY-III.NFO,03/02/2025,09:37:28,50112.75,50100,30,50114.05,90,0,15840
BANKNIFTY-III.NFO,03/02/2025,09:37:30,50112.75,50100,60,50117.85,120,0,15840
BANKNIFTY-III.NFO,03/02/2025,09:37:31,50112.75,50100.45,30,50117.75,90,0,15840
BANKNIFTY-III.NFO,03/02/2025,09:37:33,50112.75,50100.5,60,50119.55,60,0,15840
BANKNIFTY-III.NFO,03/02/2025,09:37:35,50112.75,50102.45,60,50122.15,120,0,15840
BANKNIFTY-III.NFO,03/02/2025,09:37:36,50112.75,50100.5,60,50119.95,60,0,15840
BANKNIFTY-III.NFO,03/02/2025,09:37:38,50112.75,50106.45,30,50126.2,60,0,15840
BANKNIFTY-III.NFO,03/02/2025,09:37:39,50112.75,50104.15,30,50122.55,60,0,15840
BANKNIFTY-III.NFO,03/02/2025,09:37:41,50112.75,50100.5,60,50119.8,120,0,15840
BANKNIFTY-III.NFO,03/02/2025,09:37:43,50112.75,50100,60,50118.1,90,0,15840
BANKNIFTY-III.NFO,03/02/2025,09:37:44,50112.75,50100,60,50116.9,60,0,15840
BANKNIFTY-III.NFO,03/02/2025,09:37:46,50112.75,50100,60,50117.55,90,0,15840
BANKNIFTY-III.NFO,03/02/2025,09:37:48,50112.75,50100,30,50114.8,90,0,15840
BANKNIFTY-III.NFO,03/02/2025,09:37:49,50112.75,50100,30,50115.4,90,0,15840
BANKNIFTY-III.NFO,03/02/2025,09:37:51,50112.75,50100,60,50115.4,90,0,15840
BANKNIFTY-III.NFO,03/02/2025,09:37:52,50112.75,50100,30,50115.4,90,0,15840
BANKNIFTY-III.NFO,03/02/2025,09:37:54,50112.75,50100,30,50112.9,90,0,15840
BANKNIFTY-III.NFO,03/02/2025,09:37:56,50112.75,50100,30,50112.8,60,0,15840
BANKNIFTY-III.NFO,03/02/2025,09:37:57,50112.75,50100,30,50113.35,90,0,15840
BANKNIFTY-III.NFO,03/02/2025,09:37:59,50112.75,50100,30,50112.7,90,0,15840
BANKNIFTY-III.NFO,03/02/2025,09:38:01,50112.75,50100,30,50114.35,90,0,15840
BANKNIFTY-III.NFO,03/02/2025,09:38:02,50112.75,50100,30,50112.4,90,0,15840
BANKNIFTY-III.NFO,03/02/2025,09:38:04,50112.75,50100,30,50108.85,60,0,15840
BANKNIFTY-III.NFO,03/02/2025,09:38:05,50112.75,50100,30,50112.85,90,0,15840
BANKNIFTY-III.NFO,03/02/2025,09:38:07,50112.75,50100,30,50112.1,90,0,15840
BANKNIFTY-III.NFO,03/02/2025,09:38:09,50112.75,50100,30,50108.8,150,0,15840
BANKNIFTY-III.NFO,03/02/2025,09:38:10,50100,50080.55,60,50098.85,60,30,15840
BANKNIFTY-III.NFO,03/02/2025,09:38:12,50100,50073,90,50093.15,120,0,15840
BANKNIFTY-III.NFO,03/02/2025,09:38:14,50100,50067.2,90,50085.3,60,0,15840
BANKNIFTY-III.NFO,03/02/2025,09:38:15,50100,50065.85,60,50082.6,60,0,15840
BANKNIFTY-III.NFO,03/02/2025,09:38:17,50100,50065.95,60,50083.45,60,0,15840
BANKNIFTY-III.NFO,03/02/2025,09:38:19,50100,50066,60,50087.2,60,0,15840
BANKNIFTY-III.NFO,03/02/2025,09:38:20,50100,50066.7,60,50085.85,60,0,15840
BANKNIFTY-III.NFO,03/02/2025,09:38:22,50100,50065.45,30,50083.7,60,0,15840
BANKNIFTY-III.NFO,03/02/2025,09:38:24,50100,50065.95,30,50084.5,120,0,15840
BANKNIFTY-III.NFO,03/02/2025,09:38:25,50100,50067.25,60,50084.45,60,0,15840
BANKNIFTY-III.NFO,03/02/2025,09:38:27,50100,50068.2,30,50084.45,60,0,15840
BANKNIFTY-III.NFO,03/02/2025,09:38:28,50100,50068.7,60,50084.4,90,0,15840
BANKNIFTY-III.NFO,03/02/2025,09:38:30,50100,50068.9,60,50084.4,90,0,15840
BANKNIFTY-III.NFO,03/02/2025,09:38:32,50100,50061.45,30,50078.15,60,0,15840
BANKNIFTY-III.NFO,03/02/2025,09:38:35,50077.9,50061.05,30,50078.6,90,30,15840
BANKNIFTY-III.NFO,03/02/2025,09:38:37,50077.9,50061.05,60,50076.55,90,0,15840
BANKNIFTY-III.NFO,03/02/2025,09:38:38,50077.9,50063.35,30,50081.9,60,0,15840
BANKNIFTY-III.NFO,03/02/2025,09:38:40,50077.9,50061.45,30,50080.6,60,0,15840
BANKNIFTY-III.NFO,03/02/2025,09:38:42,50077.9,50051.65,30,50070.3,60,0,15840
BANKNIFTY-III.NFO,03/02/2025,09:38:43,50077.9,50055.45,30,50073.4,90,0,15840
BANKNIFTY-III.NFO,03/02/2025,09:38:45,50077.9,50059.05,30,50076.6,90,0,15840
BANKNIFTY-III.NFO,03/02/2025,09:38:47,50077.9,50057.5,30,50075.85,120,0,15840
BANKNIFTY-III.NFO,03/02/2025,09:38:48,50077.9,50058.85,30,50078.2,150,0,15840
BANKNIFTY-III.NFO,03/02/2025,09:38:50,50077.9,50064.9,30,50083.4,90,0,15840
BANKNIFTY-III.NFO,03/02/2025,09:38:51,50077.9,50065.85,30,50085.6,90,0,15840
BANKNIFTY-III.NFO,03/02/2025,09:38:53,50077.9,50067,30,50084.9,60,0,15840
BANKNIFTY-III.NFO,03/02/2025,09:38:55,50077.9,50063.35,90,50083.45,60,0,15840
BANKNIFTY-III.NFO,03/02/2025,09:38:56,50077.9,50063.35,30,50081.35,150,0,15840
BANKNIFTY-III.NFO,03/02/2025,09:38:58,50077.9,50063.55,90,50082.8,90,0,15840
BANKNIFTY-III.NFO,03/02/2025,09:39:00,50077.9,50064.15,30,50084.1,90,0,15840
BANKNIFTY-III.NFO,03/02/2025,09:39:01,50077.9,50063.4,30,50082.5,60,0,15840
BANKNIFTY-III.NFO,03/02/2025,09:39:03,50077.9,50067.45,30,50084.6,90,0,15840
BANKNIFTY-III.NFO,03/02/2025,09:39:05,50077.9,50070.7,90,50084.55,30,0,15840
BANKNIFTY-III.NFO,03/02/2025,09:39:06,50077.9,50074.4,30,50094.55,60,0,15840
BANKNIFTY-III.NFO,03/02/2025,09:39:08,50077.9,50072.85,30,50090.6,60,0,15840
BANKNIFTY-III.NFO,03/02/2025,09:39:09,50077.9,50074.05,30,50093,60,0,15840
BANKNIFTY-III.NFO,03/02/2025,09:39:11,50077.9,50071.95,30,50089.35,60,0,15840
BANKNIFTY-III.NFO,03/02/2025,09:39:13,50077.9,50066.55,30,50084.35,90,0,15840
BANKNIFTY-III.NFO,03/02/2025,09:39:14,50077.9,50062.45,30,50081.05,90,0,15840
BANKNIFTY-III.NFO,03/02/2025,09:39:16,50077.9,50060,60,50075.6,90,0,15840
BANKNIFTY-III.NFO,03/02/2025,09:39:18,50077.9,50060,30,50071.85,60,0,15840
BANKNIFTY-III.NFO,03/02/2025,09:39:19,50077.9,50060,30,50071.95,60,0,15840
BANKNIFTY-III.NFO,03/02/2025,09:39:21,50077.9,50060.7,30,50078.45,90,0,15840
BANKNIFTY-III.NFO,03/02/2025,09:39:23,50077.9,50060.05,60,50075.65,90,0,15840
BANKNIFTY-III.NFO,03/02/2025,09:39:24,50077.9,50060,30,50070.6,60,0,15840
BANKNIFTY-III.NFO,03/02/2025,09:39:26,50077.9,50060,30,50071.2,60,0,15840
BANKNIFTY-III.NFO,03/02/2025,09:39:28,50060,50044.15,30,50060.85,60,30,15840
BANKNIFTY-III.NFO,03/02/2025,09:39:29,50060,50045.95,30,50062.75,90,0,15840
BANKNIFTY-III.NFO,03/02/2025,09:39:31,50060,50044.6,30,50062.25,90,0,15840
BANKNIFTY-III.NFO,03/02/2025,09:39:33,50060,50042.3,120,50059.5,90,0,15840
BANKNIFTY-III.NFO,03/02/2025,09:39:34,50060,50046.05,30,50063.4,90,0,15840
BANKNIFTY-III.NFO,03/02/2025,09:39:36,50060,50043.2,60,50060.6,60,0,15840
BANKNIFTY-III.NFO,03/02/2025,09:39:38,50060,50041.85,30,50059.95,90,0,15840
BANKNIFTY-III.NFO,03/02/2025,09:39:39,50060,50042.15,30,50059.95,90,0,15840
BANKNIFTY-III.NFO,03/02/2025,09:39:41,50060,50044.45,30,50059.95,60,0,15840
BANKNIFTY-III.NFO,03/02/2025,09:39:42,50060,50047,60,50059.95,60,0,15840
BANKNIFTY-III.NFO,03/02/2025,09:39:44,50060,50043.25,60,50059.95,90,0,15840
BANKNIFTY-III.NFO,03/02/2025,09:39:46,50060,50044.7,30,50060,30,0,15840
BANKNIFTY-III.NFO,03/02/2025,09:39:47,50060,50045.55,120,50060,30,0,15840
BANKNIFTY-III.NFO,03/02/2025,09:39:49,50060,50045.65,60,50060,30,0,15840
BANKNIFTY-III.NFO,03/02/2025,09:39:51,50060,50047.25,30,50060,30,0,15840
BANKNIFTY-III.NFO,03/02/2025,09:39:52,50060,50040.9,30,50059.95,90,0,15840
BANKNIFTY-III.NFO,03/02/2025,09:39:54,50060,50044.05,90,50059.95,60,0,15840
BANKNIFTY-III.NFO,03/02/2025,09:39:56,50060,50043.05,30,50059.95,90,0,15840
BANKNIFTY-III.NFO,03/02/2025,09:39:57,50060,50037.15,30,50055.65,60,0,15840
BANKNIFTY-III.NFO,03/02/2025,09:39:59,50060,50036,30,50054.8,60,0,15840
BANKNIFTY-III.NFO,03/02/2025,09:40:01,50060,50038.8,30,50056.25,60,0,15840
BANKNIFTY-III.NFO,03/02/2025,09:40:02,50060,50034.55,30,50055.1,60,0,15840
BANKNIFTY-III.NFO,03/02/2025,09:40:04,50060,50042.05,30,50059.95,90,0,15840
BANKNIFTY-III.NFO,03/02/2025,09:40:06,50060,50035.35,30,50053.45,90,0,15840
BANKNIFTY-III.NFO,03/02/2025,09:40:07,50060,50035.35,30,50054.65,60,0,15840
BANKNIFTY-III.NFO,03/02/2025,09:40:09,50060,50033.55,30,50051.45,60,0,15840
BANKNIFTY-III.NFO,03/02/2025,09:40:11,50060,50027.45,30,50044.95,90,0,15840
BANKNIFTY-III.NFO,03/02/2025,09:40:12,50060,50020.95,90,50038.9,60,0,15840
BANKNIFTY-III.NFO,03/02/2025,09:40:14,50060,50020,30,50033.7,60,0,15840
BANKNIFTY-III.NFO,03/02/2025,09:40:16,50060,50020,30,50033.65,90,0,15840
BANKNIFTY-III.NFO,03/02/2025,09:40:17,50060,50020,30,50031.65,60,0,15840
BANKNIFTY-III.NFO,03/02/2025,09:40:19,50060,50020,30,50033.5,90,0,15840
BANKNIFTY-III.NFO,03/02/2025,09:40:21,50060,50020.05,60,50036.75,60,0,15840
BANKNIFTY-III.NFO,03/02/2025,09:40:22,50060,50023.35,30,50040.3,90,0,15840
BANKNIFTY-III.NFO,03/02/2025,09:40:24,50060,50020,60,50035.95,90,0,15840
BANKNIFTY-III.NFO,03/02/2025,09:40:26,50060,50020,30,50032.1,60,0,15840
BANKNIFTY-III.NFO,03/02/2025,09:40:27,50060,50020,30,50031.3,90,0,15840
BANKNIFTY-III.NFO,03/02/2025,09:40:29,50060,50020,60,50036.35,60,0,15840
BANKNIFTY-III.NFO,03/02/2025,09:40:31,50060,50025,30,50039.15,90,0,15840
BANKNIFTY-III.NFO,03/02/2025,09:40:32,50060,50025,30,50040.1,90,0,15840
BANKNIFTY-III.NFO,03/02/2025,09:40:34,50060,50025,30,50040.3,150,0,15840
BANKNIFTY-III.NFO,03/02/2025,09:40:36,50060,50025.25,30,50042.9,90,0,15840
BANKNIFTY-III.NFO,03/02/2025,09:40:37,50060,50025.05,60,50043.2,60,0,15840
BANKNIFTY-III.NFO,03/02/2025,09:40:39,50060,50028.8,30,50047,60,0,15840
BANKNIFTY-III.NFO,03/02/2025,09:40:41,50060,50040.2,30,50058.6,30,0,15840
BANKNIFTY-III.NFO,03/02/2025,09:40:42,50060,50044.9,30,50060,60,0,15840
BANKNIFTY-III.NFO,03/02/2025,09:40:44,50060,50041.45,90,50060,90,0,15840
BANKNIFTY-III.NFO,03/02/2025,09:40:46,50060,50049.45,30,50060,60,0,15840
BANKNIFTY-III.NFO,03/02/2025,09:40:47,50060,50049.35,60,50060,60,0,15840
BANKNIFTY-III.NFO,03/02/2025,09:40:49,50060,50053.2,60,50060,60,0,15840
BANKNIFTY-III.NFO,03/02/2025,09:40:51,50060,50052.75,30,50060,60,0,15840
BANKNIFTY-III.NFO,03/02/2025,09:40:52,50060,50052.1,60,50060,60,0,15840
BANKNIFTY-III.NFO,03/02/2025,09:40:54,50060,50052.35,60,50060,60,0,15840
BANKNIFTY-III.NFO,03/02/2025,09:40:56,50060,50053.75,60,50060,60,0,15840
BANKNIFTY-III.NFO,03/02/2025,09:40:57,50060,50061.4,30,50080.6,60,60,15900
BANKNIFTY-III.NFO,03/02/2025,09:40:59,50060,50066.5,30,50084.2,60,0,15900
BANKNIFTY-III.NFO,03/02/2025,09:41:01,50060,50076.5,30,50094.65,60,0,15900
BANKNIFTY-III.NFO,03/02/2025,09:41:02,50060,50078.4,60,50097.35,60,0,15900
BANKNIFTY-III.NFO,03/02/2025,09:41:04,50060,50070.6,30,50089.15,60,0,15900
BANKNIFTY-III.NFO,03/02/2025,09:41:06,50060,50078.15,30,50095.85,60,0,15900
BANKNIFTY-III.NFO,03/02/2025,09:41:07,50060,50079.7,30,50097.7,60,0,15900
BANKNIFTY-III.NFO,03/02/2025,09:41:09,50060,50088,30,50094.45,60,0,15900
BANKNIFTY-III.NFO,03/02/2025,09:41:11,50060,50088,30,50090.1,90,0,15900
BANKNIFTY-III.NFO,03/02/2025,09:41:12,50060,50088,30,50092.2,60,0,15900
BANKNIFTY-III.NFO,03/02/2025,09:41:14,50088,50073.75,30,50090.45,90,30,15900
BANKNIFTY-III.NFO,03/02/2025,09:41:16,50088,50069.5,30,50087.6,60,0,15900
BANKNIFTY-III.NFO,03/02/2025,09:41:17,50088,50074.5,30,50091.9,90,0,15900
BANKNIFTY-III.NFO,03/02/2025,09:41:19,50088,50076.65,30,50093.7,90,0,15900
BANKNIFTY-III.NFO,03/02/2025,09:41:21,50088,50074.7,30,50092.25,90,0,15900
BANKNIFTY-III.NFO,03/02/2025,09:41:22,50088,50075.95,90,50093.3,90,0,15900
BANKNIFTY-III.NFO,03/02/2025,09:41:24,50088,50079.05,30,50097.2,60,0,15900
BANKNIFTY-III.NFO,03/02/2025,09:41:26,50088,50090,60,50100,30,0,15900
BANKNIFTY-III.NFO,03/02/2025,09:41:27,50088,50091.3,60,50100,30,0,15900
BANKNIFTY-III.NFO,03/02/2025,09:41:29,50088,50095.75,120,50100,30,0,15900
BANKNIFTY-III.NFO,03/02/2025,09:41:31,50088,50095.75,60,50100,30,0,15900
BANKNIFTY-III.NFO,03/02/2025,09:41:32,50121.1,50104.2,90,50121.1,60,60,15900
BANKNIFTY-III.NFO,03/02/2025,09:41:34,50121.1,50096.7,60,50113.7,90,0,15900
BANKNIFTY-III.NFO,03/02/2025,09:41:36,50121.1,50092.7,60,50110.2,120,0,15900
BANKNIFTY-III.NFO,03/02/2025,09:41:37,50121.1,50087,90,50104.3,60,0,15900
BANKNIFTY-III.NFO,03/02/2025,09:41:39,50121.1,50079.7,90,50097,60,0,15900
BANKNIFTY-III.NFO,03/02/2025,09:41:41,50121.1,50075.45,90,50093.05,60,0,15900
BANKNIFTY-III.NFO,03/02/2025,09:41:42,50121.1,50073.35,60,50091.95,60,0,15900
BANKNIFTY-III.NFO,03/02/2025,09:41:44,50121.1,50069.35,60,50087.95,60,0,15900
BANKNIFTY-III.NFO,03/02/2025,09:41:46,50121.1,50068.35,60,50086.55,60,0,15900
BANKNIFTY-III.NFO,03/02/2025,09:41:47,50121.1,50060.15,60,50077.55,90,0,15900
BANKNIFTY-III.NFO,03/02/2025,09:41:49,50121.1,50069.75,60,50087.2,60,0,15900
BANKNIFTY-III.NFO,03/02/2025,09:41:51,50121.1,50063.35,60,50079.65,90,0,15900
BANKNIFTY-III.NFO,03/02/2025,09:41:52,50121.1,50065.15,60,50083.05,60,0,15900
BANKNIFTY-III.NFO,03/02/2025,09:41:54,50121.1,50066.85,90,50084,60,0,15900
BANKNIFTY-III.NFO,03/02/2025,09:41:56,50121.1,50062.3,120,50080.95,120,0,15900
BANKNIFTY-III.NFO,03/02/2025,09:41:57,50121.1,50060.95,90,50078.7,60,0,15900
BANKNIFTY-III.NFO,03/02/2025,09:41:59,50121.1,50060,180,50075.75,60,0,15900
BANKNIFTY-III.NFO,03/02/2025,09:42:01,50121.1,50060,210,50076.35,90,0,15900
BANKNIFTY-III.NFO,03/02/2025,09:42:02,50121.1,50060,210,50076.55,60,0,15900
BANKNIFTY-III.NFO,03/02/2025,09:42:04,50121.1,50060,180,50069.55,90,0,15900
BANKNIFTY-III.NFO,03/02/2025,09:42:06,50121.1,50061.55,60,50079.35,60,0,15900
BANKNIFTY-III.NFO,03/02/2025,09:42:07,50121.1,50060.05,90,50078.1,90,0,15900
BANKNIFTY-III.NFO,03/02/2025,09:42:09,50121.1,50061,60,50079.15,60,0,15900
BANKNIFTY-III.NFO,03/02/2025,09:42:10,50121.1,50060,180,50073.95,90,0,15900
BANKNIFTY-III.NFO,03/02/2025,09:42:12,50121.1,50060,180,50061.75,90,0,15900
BANKNIFTY-III.NFO,03/02/2025,09:42:14,50121.1,50060,180,50061.45,60,0,15900
BANKNIFTY-III.NFO,03/02/2025,09:42:15,50060,50037.75,90,50055.9,60,180,15900
BANKNIFTY-III.NFO,03/02/2025,09:42:17,50060,50040.85,30,50057.65,60,0,15900
BANKNIFTY-III.NFO,03/02/2025,09:42:19,50060,50040.85,90,50058.3,60,0,15900
BANKNIFTY-III.NFO,03/02/2025,09:42:20,50060,50045.7,90,50062.65,60,0,15900
BANKNIFTY-III.NFO,03/02/2025,09:42:22,50060,50043,60,50061.15,60,0,15900
BANKNIFTY-III.NFO,03/02/2025,09:42:24,50060,50048.4,60,50066.15,60,0,15900
BANKNIFTY-III.NFO,03/02/2025,09:42:25,50060,50041.45,90,50060.65,60,0,15900
BANKNIFTY-III.NFO,03/02/2025,09:42:27,50060,50050,30,50058.7,90,0,15900
BANKNIFTY-III.NFO,03/02/2025,09:42:29,50060,50050,30,50056.35,90,0,15900
BANKNIFTY-III.NFO,03/02/2025,09:42:30,50060,50050,30,50059.75,90,0,15900
BANKNIFTY-III.NFO,03/02/2025,09:42:32,50060,50053.8,90,50070.45,60,0,15900
BANKNIFTY-III.NFO,03/02/2025,09:42:34,50060,50061.95,150,50078.15,90,0,15900
BANKNIFTY-III.NFO,03/02/2025,09:42:35,50060,50054.15,90,50072,60,0,15900
BANKNIFTY-III.NFO,03/02/2025,09:42:37,50060,50053.4,90,50070.75,60,0,15900
BANKNIFTY-III.NFO,03/02/2025,09:42:39,50060,50050,30,50061.75,90,0,15900
BANKNIFTY-III.NFO,03/02/2025,09:42:40,50060,50050,30,50056.2,90,0,15900
BANKNIFTY-III.NFO,03/02/2025,09:42:42,50060,50050,30,50051.75,60,0,15900
BANKNIFTY-III.NFO,03/02/2025,09:42:44,50050,50032.75,60,50050.25,90,30,15870
BANKNIFTY-III.NFO,03/02/2025,09:42:45,50050,50035.3,60,50052.3,90,0,15870
BANKNIFTY-III.NFO,03/02/2025,09:42:47,50050,50044,90,50061.35,60,0,15870
BANKNIFTY-III.NFO,03/02/2025,09:42:49,50050,50045.3,90,50062.35,60,0,15870
BANKNIFTY-III.NFO,03/02/2025,09:42:50,50050,50047,60,50064.6,60,0,15870
BANKNIFTY-III.NFO,03/02/2025,09:42:52,50050,50044,90,50061.75,60,0,15870
BANKNIFTY-III.NFO,03/02/2025,09:42:53,50050,50047.4,60,50065,60,0,15870
BANKNIFTY-III.NFO,03/02/2025,09:42:55,50050,50044.25,60,50062.65,60,0,15870
BANKNIFTY-III.NFO,03/02/2025,09:42:57,50050,50051.1,60,50068.85,60,0,15870
BANKNIFTY-III.NFO,03/02/2025,09:42:58,50050,50053.85,90,50071.2,60,0,15870
BANKNIFTY-III.NFO,03/02/2025,09:43:00,50050,50054.05,90,50071.2,60,0,15870
BANKNIFTY-III.NFO,03/02/2025,09:43:02,50050,50054.5,150,50073.65,60,0,15870
BANKNIFTY-III.NFO,03/02/2025,09:43:03,50050,50049.4,60,50067.5,60,0,15870
BANKNIFTY-III.NFO,03/02/2025,09:43:05,50050,50044.8,60,50062.2,90,0,15870
BANKNIFTY-III.NFO,03/02/2025,09:43:07,50050,50041.65,60,50059.15,60,0,15870
BANKNIFTY-III.NFO,03/02/2025,09:43:08,50050,50043.6,60,50061.8,90,0,15870
BANKNIFTY-III.NFO,03/02/2025,09:43:10,50050,50043.55,60,50062.1,60,0,15870
BANKNIFTY-III.NFO,03/02/2025,09:43:12,50050,50047.4,60,50065.2,60,0,15870
BANKNIFTY-III.NFO,03/02/2025,09:43:13,50050,50042.55,60,50059.95,60,0,15870
BANKNIFTY-III.NFO,03/02/2025,09:43:15,50050,50036.25,60,50053.25,90,0,15870
BANKNIFTY-III.NFO,03/02/2025,09:43:17,50050,50032.6,60,50050.6,60,0,15870
BANKNIFTY-III.NFO,03/02/2025,09:43:18,50050,50031.85,60,50044.3,60,0,15870
BANKNIFTY-III.NFO,03/02/2025,09:43:20,50050,50031.85,30,50041.55,60,0,15870
BANKNIFTY-III.NFO,03/02/2025,09:43:22,50031.85,50030,30,50035.7,210,30,15870
BANKNIFTY-III.NFO,03/02/2025,09:43:23,50031.85,50030,30,50035.6,60,0,15870
BANKNIFTY-III.NFO,03/02/2025,09:43:25,50031.85,50030,30,50041.75,90,0,15870
BANKNIFTY-III.NFO,03/02/2025,09:43:27,50031.85,50030,30,50036.6,60,0,15870
BANKNIFTY-III.NFO,03/02/2025,09:43:28,50031.85,50030,30,50035.85,60,0,15870
BANKNIFTY-III.NFO,03/02/2025,09:43:30,50031.85,50030,30,50036.85,60,0,15870
BANKNIFTY-III.NFO,03/02/2025,09:43:31,50031.85,50030,30,50036,60,0,15870
BANKNIFTY-III.NFO,03/02/2025,09:43:33,50031.85,50030,30,50039.1,60,0,15870
BANKNIFTY-III.NFO,03/02/2025,09:43:35,50031.85,50030,30,50041.95,90,0,15870
BANKNIFTY-III.NFO,03/02/2025,09:43:36,50031.85,50030,30,50040.15,90,0,15870
BANKNIFTY-III.NFO,03/02/2025,09:43:38,50031.85,50030,30,50040,60,0,15870
BANKNIFTY-III.NFO,03/02/2025,09:43:40,50031.85,50032.2,90,50048.75,60,0,15870
BANKNIFTY-III.NFO,03/02/2025,09:43:41,50031.85,50030.05,90,50047.1,60,0,15870
BANKNIFTY-III.NFO,03/02/2025,09:43:43,50031.85,50032.5,120,50049.7,90,0,15870
BANKNIFTY-III.NFO,03/02/2025,09:43:45,50031.85,50032.45,150,50050.15,60,0,15870
BANKNIFTY-III.NFO,03/02/2025,09:43:47,50031.85,50030.05,90,50045.15,60,0,15870
BANKNIFTY-III.NFO,03/02/2025,09:43:48,50031.85,50030,30,50038.85,60,0,15870
BANKNIFTY-III.NFO,03/02/2025,09:43:50,50031.85,50030,30,50038.75,60,0,15870
BANKNIFTY-III.NFO,03/02/2025,09:43:52,50030,50012.65,60,50029.9,90,30,15870
BANKNIFTY-III.NFO,03/02/2025,09:43:53,50030,50012.35,120,50029.4,90,0,15870
BANKNIFTY-III.NFO,03/02/2025,09:43:55,50030,50010.85,120,50027,60,0,15870
BANKNIFTY-III.NFO,03/02/2025,09:43:57,50030,50010,30,50022.8,90,0,15870
BANKNIFTY-III.NFO,03/02/2025,09:43:58,50030,50014.35,30,50028.55,60,0,15870
BANKNIFTY-III.NFO,03/02/2025,09:44:00,50030,50022.4,90,50039.85,60,0,15870
BANKNIFTY-III.NFO,03/02/2025,09:44:02,50030,50014.75,60,50030.5,60,0,15870
BANKNIFTY-III.NFO,03/02/2025,09:44:03,50030,50013.1,60,50029.4,90,0,15870
BANKNIFTY-III.NFO,03/02/2025,09:44:05,50030,50015.45,90,50031.25,90,0,15870
BANKNIFTY-III.NFO,03/02/2025,09:44:07,50030,50017.55,60,50035.45,60,0,15870
BANKNIFTY-III.NFO,03/02/2025,09:44:08,50014.1,50010.95,90,50027.55,120,90,15870
BANKNIFTY-III.NFO,03/02/2025,09:44:10,50014.1,50010.05,60,50029.45,60,0,15870
BANKNIFTY-III.NFO,03/02/2025,09:44:12,50014.1,50010.05,60,50030.9,60,0,15870
BANKNIFTY-III.NFO,03/02/2025,09:44:13,50014.1,50010.05,60,50030.5,90,0,15870
BANKNIFTY-III.NFO,03/02/2025,09:44:15,50014.1,50010.05,60,50030.25,60,0,15870
BANKNIFTY-III.NFO,03/02/2025,09:44:17,50014.1,50010,60,50026.95,120,0,15870
BANKNIFTY-III.NFO,03/02/2025,09:44:18,50014.1,50010,30,50024.85,60,0,15870
BANKNIFTY-III.NFO,03/02/2025,09:44:20,50014.1,50010.05,90,50027.1,30,0,15870
BANKNIFTY-III.NFO,03/02/2025,09:44:22,50014.1,50010.05,90,50030.45,60,0,15870
BANKNIFTY-III.NFO,03/02/2025,09:44:25,50014.1,50010.05,90,50029.2,120,0,15870
BANKNIFTY-III.NFO,03/02/2025,09:44:26,50014.1,50010,30,50022.95,90,0,15870
BANKNIFTY-III.NFO,03/02/2025,09:44:28,50014.1,50010,30,50016.25,60,0,15870
BANKNIFTY-III.NFO,03/02/2025,09:44:30,50010,49985.45,90,50001.5,90,30,15870
BANKNIFTY-III.NFO,03/02/2025,09:44:31,50010,49981.65,30,50001.65,120,0,15870
BANKNIFTY-III.NFO,03/02/2025,09:44:33,50010,49979.45,90,49996.35,90,0,15870
BANKNIFTY-III.NFO,03/02/2025,09:44:35,50010,49980.65,60,50003.65,60,0,15870
BANKNIFTY-III.NFO,03/02/2025,09:44:36,50010,49980.75,60,50003.65,120,0,15870
BANKNIFTY-III.NFO,03/02/2025,09:44:38,50010,49977.8,60,49996.7,60,0,15870
BANKNIFTY-III.NFO,03/02/2025,09:44:40,50010,49977.55,90,49997.65,60,0,15870
BANKNIFTY-III.NFO,03/02/2025,09:44:43,50010,49975.05,90,49996.95,120,0,15870
BANKNIFTY-III.NFO,03/02/2025,09:44:45,50010,49977.05,60,49999.85,60,0,15870
BANKNIFTY-III.NFO,03/02/2025,09:44:46,50010,49977.3,30,49998.35,120,0,15870
BANKNIFTY-III.NFO,03/02/2025,09:44:48,50010,49977.7,60,49997.6,60,0,15870
BANKNIFTY-III.NFO,03/02/2025,09:44:50,50010,49978.25,60,49996.1,120,0,15870
BANKNIFTY-III.NFO,03/02/2025,09:44:51,50010,49975.55,60,49994.55,60,0,15870
BANKNIFTY-III.NFO,03/02/2025,09:44:55,50010,49976.85,90,49998.5,60,0,15870
BANKNIFTY-III.NFO,03/02/2025,09:44:56,50010,49987.85,60,50006.4,30,0,15870
BANKNIFTY-III.NFO,03/02/2025,09:44:58,50010,49986.25,60,50006.35,60,0,15870
BANKNIFTY-III.NFO,03/02/2025,09:45:00,50010,49985.55,30,50006.85,120,0,15870
BANKNIFTY-III.NFO,03/02/2025,09:45:01,50010,49982.9,30,50004.55,120,0,15870
BANKNIFTY-III.NFO,03/02/2025,09:45:03,50010,49982.95,60,50004.55,60,0,15870
BANKNIFTY-III.NFO,03/02/2025,09:45:05,50010,49982.9,30,50004.15,150,0,15870
BANKNIFTY-III.NFO,03/02/2025,09:45:08,50010,49976.9,60,50000.25,270,0,15870
BANKNIFTY-III.NFO,03/02/2025,09:45:10,50010,49975.5,30,49995.95,60,0,15870
BANKNIFTY-III.NFO,03/02/2025,09:45:11,50010,49975,60,49994.2,60,0,15870
BANKNIFTY-III.NFO,03/02/2025,09:45:13,50010,49975.05,90,49993.75,60,0,15870
BANKNIFTY-III.NFO,03/02/2025,09:45:15,50010,49975,30,49989.6,60,0,15870
BANKNIFTY-III.NFO,03/02/2025,09:45:16,50010,49975,30,49987.25,60,0,15870
BANKNIFTY-III.NFO,03/02/2025,09:45:18,50010,49975.25,60,49993.75,60,0,15870
BANKNIFTY-III.NFO,03/02/2025,09:45:20,50010,49975.05,60,49993.75,60,0,15870
BANKNIFTY-III.NFO,03/02/2025,09:45:21,50010,49975.05,60,49997.25,60,0,15870
BANKNIFTY-III.NFO,03/02/2025,09:45:25,50010,49975,60,49992.9,60,0,15870
BANKNIFTY-III.NFO,03/02/2025,09:45:26,50010,49975.05,30,49992.9,60,0,15870
BANKNIFTY-III.NFO,03/02/2025,09:45:28,50010,49975,60,49990.7,60,0,15870
BANKNIFTY-III.NFO,03/02/2025,09:45:30,50010,49975,60,49993.45,60,0,15870
BANKNIFTY-III.NFO,03/02/2025,09:45:31,50010,49975.05,60,49995.3,60,0,15870
BANKNIFTY-III.NFO,03/02/2025,09:45:33,50010,49975.05,60,49994.4,60,0,15870
BANKNIFTY-III.NFO,03/02/2025,09:45:35,50010,49975,60,49994.4,60,0,15870
BANKNIFTY-III.NFO,03/02/2025,09:45:36,50010,49975.9,60,49999.55,60,0,15870
BANKNIFTY-III.NFO,03/02/2025,09:45:38,50010,49978.45,60,49999.5,60,0,15870
BANKNIFTY-III.NFO,03/02/2025,09:45:40,50010,49979.25,90,49999.5,60,0,15870
BANKNIFTY-III.NFO,03/02/2025,09:45:41,50010,49981.55,60,50004.1,60,0,15870
BANKNIFTY-III.NFO,03/02/2025,09:45:43,50010,49983.85,60,50006.2,60,0,15870
BANKNIFTY-III.NFO,03/02/2025,09:45:45,50010,49985.45,60,50006.85,60,0,15870
BANKNIFTY-III.NFO,03/02/2025,09:45:46,50010,49988.4,60,50008.5,60,0,15870
BANKNIFTY-III.NFO,03/02/2025,09:45:48,50010,49990.25,60,50009.95,30,0,15870
BANKNIFTY-III.NFO,03/02/2025,09:45:50,50010,49991,60,50010,90,0,15870
BANKNIFTY-III.NFO,03/02/2025,09:45:52,50010,49994.95,60,50010,60,0,15870
BANKNIFTY-III.NFO,03/02/2025,09:45:53,50010,50000.2,60,50010,60,0,15870
BANKNIFTY-III.NFO,03/02/2025,09:45:55,50010,49995.95,30,50010,60,0,15870
BANKNIFTY-III.NFO,03/02/2025,09:45:57,50010,50004.75,90,50010,30,30,15960
BANKNIFTY-III.NFO,03/02/2025,09:45:58,50010,50006.5,60,50027.65,60,30,15960
BANKNIFTY-III.NFO,03/02/2025,09:46:00,50010,50008.75,60,50029.9,60,0,15960
BANKNIFTY-III.NFO,03/02/2025,09:46:02,50010,50013.35,60,50036.05,60,0,15960
BANKNIFTY-III.NFO,03/02/2025,09:46:03,50010,50018.15,60,50039.8,60,0,15960
BANKNIFTY-III.NFO,03/02/2025,09:46:05,50010,50019.2,30,50039.7,90,0,15960
BANKNIFTY-III.NFO,03/02/2025,09:46:07,50010,50015.9,60,50035.6,60,0,15960
BANKNIFTY-III.NFO,03/02/2025,09:46:08,50010,50015.85,30,50035.6,60,0,15960
BANKNIFTY-III.NFO,03/02/2025,09:46:10,50010,50007.9,30,50028.95,60,0,15960
BANKNIFTY-III.NFO,03/02/2025,09:46:12,50010,50004.9,30,50024,60,0,15960
BANKNIFTY-III.NFO,03/02/2025,09:46:13,50010,50004.95,60,50025.35,60,0,15960
BANKNIFTY-III.NFO,03/02/2025,09:46:15,50010,50003.55,30,50022.6,60,0,15960
BANKNIFTY-III.NFO,03/02/2025,09:46:17,50020.95,50000.75,60,50020.95,60,60,15960
BANKNIFTY-III.NFO,03/02/2025,09:46:18,50020.95,50005.45,120,50026.25,60,0,15960
BANKNIFTY-III.NFO,03/02/2025,09:46:20,50020.95,50012.3,60,50031.55,60,0,15960
BANKNIFTY-III.NFO,03/02/2025,09:46:22,50020.95,50012.4,90,50031.55,60,0,15960
BANKNIFTY-III.NFO,03/02/2025,09:46:23,50020.95,50011.55,60,50031.55,60,0,15960
BANKNIFTY-III.NFO,03/02/2025,09:46:25,50031.55,50004.9,60,50025.95,30,30,15960
BANKNIFTY-III.NFO,03/02/2025,09:46:26,50031.55,50002.55,60,50020.9,30,0,15960
BANKNIFTY-III.NFO,03/02/2025,09:46:28,50031.55,50008.3,90,50020.95,30,0,15960
BANKNIFTY-III.NFO,03/02/2025,09:46:31,50031.55,50006.65,90,50020.9,30,0,15960
BANKNIFTY-III.NFO,03/02/2025,09:46:33,50031.55,50007.05,90,50020.95,30,0,15960
BANKNIFTY-III.NFO,03/02/2025,09:46:35,50007.05,50007.9,60,50026.8,60,30,15960
BANKNIFTY-III.NFO,03/02/2025,09:46:36,50007.05,50011.25,60,50030.3,60,0,15960
BANKNIFTY-III.NFO,03/02/2025,09:46:38,50007.05,50011.95,60,50031.55,60,0,15960
BANKNIFTY-III.NFO,03/02/2025,09:46:39,50011.15,50011.15,30,50030.5,60,30,15960
BANKNIFTY-III.NFO,03/02/2025,09:46:41,50011.15,50009.3,30,50027.8,60,0,15960
BANKNIFTY-III.NFO,03/02/2025,09:46:42,50022.9,50005.15,60,50025.45,60,30,15960
BANKNIFTY-III.NFO,03/02/2025,09:46:44,50022.9,50004.8,60,50025.45,60,0,15960
BANKNIFTY-III.NFO,03/02/2025,09:46:46,50022.9,50005,60,50025,60,0,15960
BANKNIFTY-III.NFO,03/02/2025,09:46:47,50022.9,50005.1,60,50025,60,0,15960
BANKNIFTY-III.NFO,03/02/2025,09:46:49,50022.9,50005.1,120,50025,60,0,15960
BANKNIFTY-III.NFO,03/02/2025,09:46:50,50022.9,50004.8,60,50025,60,0,15960
BANKNIFTY-III.NFO,03/02/2025,09:46:52,50022.9,50014.45,60,50033.35,60,0,15960
BANKNIFTY-III.NFO,03/02/2025,09:46:54,50022.9,50015.95,60,50035.15,60,0,15960
BANKNIFTY-III.NFO,03/02/2025,09:46:55,50022.9,50017.35,120,50036.95,60,0,15960
BANKNIFTY-III.NFO,03/02/2025,09:46:57,50022.9,50018.95,60,50038.2,60,0,15960
BANKNIFTY-III.NFO,03/02/2025,09:47:00,50022.9,50019.55,60,50038.75,60,0,15960
BANKNIFTY-III.NFO,03/02/2025,09:47:02,50022.9,50023.45,60,50041.9,60,0,15960
BANKNIFTY-III.NFO,03/02/2025,09:47:03,50022.9,50023.4,60,50041.9,60,0,15960
BANKNIFTY-III.NFO,03/02/2025,09:47:05,50022.9,50020.3,60,50041.9,60,0,15960
BANKNIFTY-III.NFO,03/02/2025,09:47:07,50022.9,50020.3,60,50041.45,60,0,15960
BANKNIFTY-III.NFO,03/02/2025,09:47:10,50022.9,50017.6,60,50039.15,60,0,15960
BANKNIFTY-III.NFO,03/02/2025,09:47:11,50022.9,50020.25,90,50037.3,60,0,15960
BANKNIFTY-III.NFO,03/02/2025,09:47:13,50022.9,50014.25,60,50034.3,60,0,15960
BANKNIFTY-III.NFO,03/02/2025,09:47:15,50022.9,50012,60,50032.7,60,0,15960
BANKNIFTY-III.NFO,03/02/2025,09:47:16,50022.9,50017.2,60,50035.15,90,0,15960
BANKNIFTY-III.NFO,03/02/2025,09:47:18,50022.9,50012.9,60,50034.1,60,0,15960
BANKNIFTY-III.NFO,03/02/2025,09:47:21,50032.15,50012,60,50032.15,30,30,15960
BANKNIFTY-III.NFO,03/02/2025,09:47:23,50032.15,50013.35,60,50033.05,30,0,15960
BANKNIFTY-III.NFO,03/02/2025,09:47:24,50013.35,50013.35,60,50033.05,60,30,15960
BANKNIFTY-III.NFO,03/02/2025,09:47:26,50013.35,50011.25,60,50032.4,60,0,15960
BANKNIFTY-III.NFO,03/02/2025,09:47:28,50013.35,50011.5,60,50032.4,60,0,15960
BANKNIFTY-III.NFO,03/02/2025,09:47:29,50013.35,50012.4,60,50032.4,60,0,15960
BANKNIFTY-III.NFO,03/02/2025,09:47:31,50013.35,50012.25,60,50032.4,60,0,15960
BANKNIFTY-III.NFO,03/02/2025,09:47:32,50013.35,50011.35,60,50032.4,60,0,15960
BANKNIFTY-III.NFO,03/02/2025,09:47:34,50013.35,50017.35,60,50037.3,60,0,15960
BANKNIFTY-III.NFO,03/02/2025,09:47:36,50013.35,50017.2,60,50037.3,60,0,15960
BANKNIFTY-III.NFO,03/02/2025,09:47:37,50013.35,50015.05,60,50035.4,60,0,15960
BANKNIFTY-III.NFO,03/02/2025,09:47:39,50013.35,50010.9,60,50032.65,60,0,15960
BANKNIFTY-III.NFO,03/02/2025,09:47:41,50013.35,50009.1,60,50030.45,60,0,15960
BANKNIFTY-III.NFO,03/02/2025,09:47:42,50013.35,50010.15,90,50030.45,60,0,15960
BANKNIFTY-III.NFO,03/02/2025,09:47:44,50013.35,50015.05,60,50034.45,60,0,15960
BANKNIFTY-III.NFO,03/02/2025,09:47:46,50013.35,50017.2,60,50038,60,0,15960
BANKNIFTY-III.NFO,03/02/2025,09:47:47,50013.35,50017.2,60,50037.95,60,0,15960
BANKNIFTY-III.NFO,03/02/2025,09:47:49,50013.35,50017.45,60,50037.5,60,0,15960
BANKNIFTY-III.NFO,03/02/2025,09:47:50,50013.35,50017.2,60,50037.5,60,0,15960
BANKNIFTY-III.NFO,03/02/2025,09:47:54,50013.35,50019.6,60,50039.1,60,0,15960
BANKNIFTY-III.NFO,03/02/2025,09:47:55,50013.35,50019.45,60,50039.1,60,0,15960
BANKNIFTY-III.NFO,03/02/2025,09:47:57,50013.35,50017.2,60,50036.9,60,0,15960
BANKNIFTY-III.NFO,03/02/2025,09:47:59,50017.2,50014.05,30,50034.85,60,30,15960
BANKNIFTY-III.NFO,03/02/2025,09:48:00,50017.2,50011.65,30,50032.15,60,0,15960
BANKNIFTY-III.NFO,03/02/2025,09:48:02,50017.2,50003.5,30,50023.05,60,0,15960
BANKNIFTY-III.NFO,03/02/2025,09:48:04,50017.2,50000.75,30,50021.7,60,0,15960
BANKNIFTY-III.NFO,03/02/2025,09:48:07,50017.2,50000.75,30,50021.1,60,0,15960
BANKNIFTY-III.NFO,03/02/2025,09:48:10,50017.2,50000.8,30,50020.6,60,0,15960
BANKNIFTY-III.NFO,03/02/2025,09:48:12,50017.2,50000.05,60,50019.65,60,0,15960
BANKNIFTY-III.NFO,03/02/2025,09:48:13,50017.2,50000,90,50016.25,60,0,15960
BANKNIFTY-III.NFO,03/02/2025,09:48:15,50017.2,50000,60,50014.85,60,0,15960
BANKNIFTY-III.NFO,03/02/2025,09:48:17,50017.2,50000,90,50014.85,60,0,15960
BANKNIFTY-III.NFO,03/02/2025,09:48:18,50017.2,50000.05,60,50016.85,60,0,15960
BANKNIFTY-III.NFO,03/02/2025,09:48:20,50017.2,50001.85,30,50020.55,60,0,15960
BANKNIFTY-III.NFO,03/02/2025,09:48:22,50017.2,50002.95,30,50021.7,60,0,15960
BANKNIFTY-III.NFO,03/02/2025,09:48:23,50017.2,50003.65,30,50023.75,60,0,15960
BANKNIFTY-III.NFO,03/02/2025,09:48:25,50017.2,50007.9,30,50026.3,60,0,15960
BANKNIFTY-III.NFO,03/02/2025,09:48:26,50017.2,50005.4,30,50024.25,60,0,15960
BANKNIFTY-III.NFO,03/02/2025,09:48:28,50017.2,50005.2,30,50024.25,60,0,15960
BANKNIFTY-III.NFO,03/02/2025,09:48:30,50017.2,50012.5,30,50032.8,60,0,15960
BANKNIFTY-III.NFO,03/02/2025,09:48:31,50017.2,50013.3,30,50032.35,60,0,15960
BANKNIFTY-III.NFO,03/02/2025,09:48:33,50017.2,50013.5,30,50034.65,60,0,15960
BANKNIFTY-III.NFO,03/02/2025,09:48:35,50017.2,50017.05,30,50036.45,60,0,15960
BANKNIFTY-III.NFO,03/02/2025,09:48:36,50017.2,50015.1,30,50035.25,60,0,15960
BANKNIFTY-III.NFO,03/02/2025,09:48:38,50017.2,50007.45,30,50026.8,60,0,15960
BANKNIFTY-III.NFO,03/02/2025,09:48:39,50017.2,50005.3,30,50025.7,60,0,15960
BANKNIFTY-III.NFO,03/02/2025,09:48:41,50017.2,50007.05,30,50026.05,60,0,15960
BANKNIFTY-III.NFO,03/02/2025,09:48:43,50017.2,50010.45,30,50029.25,60,0,15960
BANKNIFTY-III.NFO,03/02/2025,09:48:44,50017.2,50010.6,90,50030.35,60,0,15960
BANKNIFTY-III.NFO,03/02/2025,09:48:46,50017.2,50013.45,90,50033.55,60,0,15960
BANKNIFTY-III.NFO,03/02/2025,09:48:49,50017.2,50018.05,30,50037.6,30,0,15960
BANKNIFTY-III.NFO,03/02/2025,09:48:51,50017.2,50018.7,30,50038.6,60,0,15960
BANKNIFTY-III.NFO,03/02/2025,09:48:53,50017.2,50017.3,30,50037.3,60,0,15960
BANKNIFTY-III.NFO,03/02/2025,09:48:54,50017.2,50015.55,30,50035.35,60,0,15960
BANKNIFTY-III.NFO,03/02/2025,09:48:56,50017.2,50009.8,30,50029.55,60,0,15960
BANKNIFTY-III.NFO,03/02/2025,09:48:57,50017.2,50013,30,50032.15,30,0,15960
BANKNIFTY-III.NFO,03/02/2025,09:48:59,50017.2,50016.9,30,50037.5,60,0,15960
BANKNIFTY-III.NFO,03/02/2025,09:49:01,50017.2,50017.1,30,50037.05,60,0,15960
BANKNIFTY-III.NFO,03/02/2025,09:49:02,50017.2,50016.9,30,50037.05,60,0,15960
BANKNIFTY-III.NFO,03/02/2025,09:49:04,50017.2,50015.55,30,50035.5,60,0,15960
BANKNIFTY-III.NFO,03/02/2025,09:49:06,50033.8,50014.25,60,50033.25,60,30,15960
BANKNIFTY-III.NFO,03/02/2025,09:49:07,50033.8,50011.95,60,50031.85,60,0,15960
BANKNIFTY-III.NFO,03/02/2025,09:49:09,50033.8,50012.7,60,50031.85,60,0,15960
BANKNIFTY-III.NFO,03/02/2025,09:49:10,50033.8,50012.4,60,50031.85,60,0,15960
BANKNIFTY-III.NFO,03/02/2025,09:49:12,50033.8,50011.95,60,50031.5,60,0,15960
BANKNIFTY-III.NFO,03/02/2025,09:49:13,50033.8,50013.3,60,50033.25,60,0,15960
BANKNIFTY-III.NFO,03/02/2025,09:49:15,50033.8,50011.95,60,50030.85,60,0,15960
BANKNIFTY-III.NFO,03/02/2025,09:49:17,50033.8,50006.55,60,50025.6,60,0,15960
BANKNIFTY-III.NFO,03/02/2025,09:49:18,50033.8,50002.95,60,50024.2,60,0,15960
BANKNIFTY-III.NFO,03/02/2025,09:49:20,50033.8,50002.95,60,50023.55,60,0,15960
BANKNIFTY-III.NFO,03/02/2025,09:49:22,50033.8,50004.55,60,50023.55,60,0,15960
BANKNIFTY-III.NFO,03/02/2025,09:49:23,50018.9,50001,750,50016.4,30,30,15960
BANKNIFTY-III.NFO,03/02/2025,09:49:25,50018.9,50001.05,90,50018.1,30,0,15960
BANKNIFTY-III.NFO,03/02/2025,09:49:27,50018.9,50001,750,50018.1,30,0,15960
BANKNIFTY-III.NFO,03/02/2025,09:49:28,50018.9,50001.05,60,50019,60,0,15960
BANKNIFTY-III.NFO,03/02/2025,09:49:32,50018.9,50001,750,50014.3,60,0,15960
BANKNIFTY-III.NFO,03/02/2025,09:49:33,50018.9,50001,750,50010.7,60,0,15960
BANKNIFTY-III.NFO,03/02/2025,09:49:35,50018.9,50001,750,50007.9,30,0,15960
BANKNIFTY-III.NFO,03/02/2025,09:49:36,50018.9,50001,750,50012.95,60,0,15960
BANKNIFTY-III.NFO,03/02/2025,09:49:38,50018.9,50001,750,50008.45,30,0,15960
BANKNIFTY-III.NFO,03/02/2025,09:49:40,50018.9,50001,750,50009.6,30,0,15960
BANKNIFTY-III.NFO,03/02/2025,09:49:41,50018.9,50001,750,50008.65,30,0,15960
BANKNIFTY-III.NFO,03/02/2025,09:49:43,50018.9,50001,750,50012.35,60,0,15960
BANKNIFTY-III.NFO,03/02/2025,09:49:44,50018.9,50001,750,50011.7,60,0,15960
BANKNIFTY-III.NFO,03/02/2025,09:49:46,50018.9,50001,750,50011,60,0,15960
BANKNIFTY-III.NFO,03/02/2025,09:49:48,50018.9,50001,750,50006.9,60,0,15960
BANKNIFTY-III.NFO,03/02/2025,09:49:49,50018.9,50001,750,50004.05,30,0,15960
BANKNIFTY-III.NFO,03/02/2025,09:49:51,50001,50001,600,50002.55,60,150,15960
BANKNIFTY-III.NFO,03/02/2025,09:49:53,50001,50001,600,50006.65,30,0,15960
BANKNIFTY-III.NFO,03/02/2025,09:49:54,50001,50001,540,50006.9,60,60,15960
BANKNIFTY-III.NFO,03/02/2025,09:49:56,50001,50001,540,50011.35,60,0,15960
BANKNIFTY-III.NFO,03/02/2025,09:49:58,50001,50001,540,50001.3,30,0,15960
BANKNIFTY-III.NFO,03/02/2025,09:49:59,50001,50001,510,50002.25,60,30,15960
BANKNIFTY-III.NFO,03/02/2025,09:50:01,50001,50001,510,50005.3,60,0,15960
BANKNIFTY-III.NFO,03/02/2025,09:50:02,50001,50001,300,50001.8,30,210,15960
BANKNIFTY-III.NFO,03/02/2025,09:50:04,50001,50001,300,50001.35,150,0,15960
BANKNIFTY-III.NFO,03/02/2025,09:50:06,50001,50000,60,50002.15,60,300,15960
BANKNIFTY-III.NFO,03/02/2025,09:50:07,50001,50000,60,50004.7,60,0,15960
BANKNIFTY-III.NFO,03/02/2025,09:50:09,50001,50000,60,50006.4,30,0,15960
BANKNIFTY-III.NFO,03/02/2025,09:50:11,50001,50000,60,50001,30,0,15960
BANKNIFTY-III.NFO,03/02/2025,09:50:14,50001,50000.05,60,50001,30,0,15960
BANKNIFTY-III.NFO,03/02/2025,09:50:16,50001,50000.05,90,50018.85,30,30,15960
BANKNIFTY-III.NFO,03/02/2025,09:50:17,50001,50000,60,50014,60,0,15960
BANKNIFTY-III.NFO,03/02/2025,09:50:19,50001,50000.55,60,50016.65,60,0,15960
BANKNIFTY-III.NFO,03/02/2025,09:50:21,50001,50000.05,60,50015.25,30,0,15960
BANKNIFTY-III.NFO,03/02/2025,09:50:22,50001,50000,60,50007.35,150,0,15960
BANKNIFTY-III.NFO,03/02/2025,09:50:24,50001,50000.05,90,50015.65,60,0,15960
BANKNIFTY-III.NFO,03/02/2025,09:50:25,50000,50000,30,50011,60,30,15960
BANKNIFTY-III.NFO,03/02/2025,09:50:27,50000,50000,30,50004.7,30,0,15960
BANKNIFTY-III.NFO,03/02/2025,09:50:29,50000,50000,30,50002.95,150,0,15960
BANKNIFTY-III.NFO,03/02/2025,09:50:30,50000,50000,30,50008.45,150,0,15960
BANKNIFTY-III.NFO,03/02/2025,09:50:32,50000,50000,30,50005.45,150,0,15960
BANKNIFTY-III.NFO,03/02/2025,09:50:34,50000,50000,30,50006.45,30,0,15960
BANKNIFTY-III.NFO,03/02/2025,09:50:35,50000,50000,30,50009.25,30,0,15960
BANKNIFTY-III.NFO,03/02/2025,09:50:37,50000,50000,30,50007,30,0,15960
BANKNIFTY-III.NFO,03/02/2025,09:50:39,50000,50000,30,50006,150,0,15960
BANKNIFTY-III.NFO,03/02/2025,09:50:40,50000,50000,30,50002,60,0,15960
BANKNIFTY-III.NFO,03/02/2025,09:50:43,50000,50000,30,50000.5,150,0,15960
BANKNIFTY-III.NFO,03/02/2025,09:50:45,50000,50000,30,50002,60,0,15960
BANKNIFTY-III.NFO,03/02/2025,09:50:52,50000,49986.05,60,50001.3,30,30,15960
BANKNIFTY-III.NFO,03/02/2025,09:50:53,50000,49985.15,60,50000.15,60,0,15960
BANKNIFTY-III.NFO,03/02/2025,09:50:55,49999.5,49984.55,90,49999.5,30,30,15960
BANKNIFTY-III.NFO,03/02/2025,09:50:57,49999.5,49984.1,90,50000.5,30,0,15960
BANKNIFTY-III.NFO,03/02/2025,09:50:58,49999.5,49990.85,60,50002,60,0,15960
BANKNIFTY-III.NFO,03/02/2025,09:51:00,49999.5,49984.3,90,50001.95,60,0,15960
BANKNIFTY-III.NFO,03/02/2025,09:51:02,49999.5,49987.95,90,50002,60,0,15960
BANKNIFTY-III.NFO,03/02/2025,09:51:03,49999.5,49992.95,60,50002,60,0,15960
BANKNIFTY-III.NFO,03/02/2025,09:51:05,49999.5,49991.05,60,50002,60,0,15960
BANKNIFTY-III.NFO,03/02/2025,09:51:07,49999.5,49989.55,90,50002,60,0,15960
BANKNIFTY-III.NFO,03/02/2025,09:51:08,49999.5,49986.55,90,50002,90,0,15960
BANKNIFTY-III.NFO,03/02/2025,09:51:10,49999.5,49994.7,120,50002,60,0,15960
BANKNIFTY-III.NFO,03/02/2025,09:51:12,49999.5,49997.4,60,50002,60,0,15960
BANKNIFTY-III.NFO,03/02/2025,09:51:13,49999.5,49996.25,60,50002,60,0,15960
BANKNIFTY-III.NFO,03/02/2025,09:51:15,50002,50000.9,60,50019.85,60,60,15960
BANKNIFTY-III.NFO,03/02/2025,09:51:17,50002,50000,60,50019.55,90,0,15960
BANKNIFTY-III.NFO,03/02/2025,09:51:18,50002,49995.85,60,50016.75,60,0,15960
BANKNIFTY-III.NFO,03/02/2025,09:51:20,50002,49995.95,60,50014.9,60,0,15960
BANKNIFTY-III.NFO,03/02/2025,09:51:22,50002,49994.85,60,50014.6,60,0,15960
BANKNIFTY-III.NFO,03/02/2025,09:51:23,50002,49996.35,60,50014.8,30,0,15960
BANKNIFTY-III.NFO,03/02/2025,09:51:25,50002,49996.65,90,50013.15,60,0,15960
BANKNIFTY-III.NFO,03/02/2025,09:51:27,50002,49998,90,50013.1,60,0,15960
BANKNIFTY-III.NFO,03/02/2025,09:51:28,50002,49999.4,90,50015.5,90,0,15960
BANKNIFTY-III.NFO,03/02/2025,09:51:30,50002,49999.7,120,50015.45,60,0,15960
BANKNIFTY-III.NFO,03/02/2025,09:51:32,50002,49997.05,90,50015.3,60,0,15960
BANKNIFTY-III.NFO,03/02/2025,09:51:33,50002,49998.45,60,50015,90,0,15960
BANKNIFTY-III.NFO,03/02/2025,09:51:35,50002,49999.8,90,50014.95,60,0,15960
BANKNIFTY-III.NFO,03/02/2025,09:51:37,50002,50004.2,150,50014.95,30,0,15960
BANKNIFTY-III.NFO,03/02/2025,09:51:38,50002,50000.35,60,50014.95,30,0,15960
BANKNIFTY-III.NFO,03/02/2025,09:51:40,50002,50000.35,90,50014.95,60,0,15960
BANKNIFTY-III.NFO,03/02/2025,09:51:42,50002,50000.55,90,50014.95,30,0,15960
BANKNIFTY-III.NFO,03/02/2025,09:51:43,50002,50004.25,90,50014.95,30,0,15960
BANKNIFTY-III.NFO,03/02/2025,09:51:45,50002,50003.85,90,50014.95,30,0,15960
BANKNIFTY-III.NFO,03/02/2025,09:51:47,50002,50002.35,60,50014.95,30,0,15960
BANKNIFTY-III.NFO,03/02/2025,09:51:48,50002,49999.5,90,50014.95,60,0,15960
BANKNIFTY-III.NFO,03/02/2025,09:51:50,50002,49999.2,90,50016.6,60,0,15960
BANKNIFTY-III.NFO,03/02/2025,09:51:52,50002,49995.75,60,50016.3,90,0,15960
BANKNIFTY-III.NFO,03/02/2025,09:51:53,50002,49993.8,60,50013.6,60,0,15960
BANKNIFTY-III.NFO,03/02/2025,09:51:55,50002,49993.5,60,50013.6,60,0,15960
BANKNIFTY-III.NFO,03/02/2025,09:51:57,50002,49997.55,90,50013.95,90,0,15960
BANKNIFTY-III.NFO,03/02/2025,09:51:58,50002,50002.7,60,50021.8,30,0,15960
BANKNIFTY-III.NFO,03/02/2025,09:52:00,50002,50002.6,120,50021.75,60,0,15960
BANKNIFTY-III.NFO,03/02/2025,09:52:02,50002,49998.9,60,50018.9,60,0,15960
BANKNIFTY-III.NFO,03/02/2025,09:52:03,50002,49998,60,50017.75,60,0,15960
BANKNIFTY-III.NFO,03/02/2025,09:52:05,50002,50003.9,90,50020.7,90,0,15960
BANKNIFTY-III.NFO,03/02/2025,09:52:07,50002,50003.1,90,50022.5,60,0,15960
BANKNIFTY-III.NFO,03/02/2025,09:52:08,50002,50001,120,50017.6,90,0,15960
BANKNIFTY-III.NFO,03/02/2025,09:52:10,50002,50002.75,90,50020.9,90,0,15960
BANKNIFTY-III.NFO,03/02/2025,09:52:12,50002,49999.9,60,50020.7,60,0,15960
BANKNIFTY-III.NFO,03/02/2025,09:52:13,50002,50000.6,60,50017.95,60,0,15960
BANKNIFTY-III.NFO,03/02/2025,09:52:15,50002,50005.3,90,50022.25,60,0,15960
BANKNIFTY-III.NFO,03/02/2025,09:52:17,50002,50006.05,150,50022.1,30,0,15960
BANKNIFTY-III.NFO,03/02/2025,09:52:18,50002,50004.1,90,50021.5,60,0,15960
BANKNIFTY-III.NFO,03/02/2025,09:52:20,50002,50008.4,60,50025,30,0,15960
BANKNIFTY-III.NFO,03/02/2025,09:52:22,50002,50011.7,90,50025,30,0,15960
