Ticker,Date,Time,LTP,BuyPrice,BuyQty,SellPrice,SellQty,LTQ,OpenInterest
NIFTY-III.NFO,03/02/2025,09:15:02,23750,23680,75,23714.25,150,300,64500
NIFTY-III.NFO,03/02/2025,09:15:02,23700,23680,75,23714.25,150,0,64500
NIFTY-III.NFO,03/02/2025,09:15:02,23750,23680,75,23714.25,150,0,64500
NIFTY-III.NFO,03/02/2025,09:15:02,23700,23680,75,23714.25,150,0,64500
NIFTY-III.NFO,03/02/2025,09:15:03,23699.4,23673.65,150,23699.4,75,375,64500
NIFTY-III.NFO,03/02/2025,09:15:03,23680,23673.65,150,23699.4,75,0,64500
NIFTY-III.NFO,03/02/2025,09:15:05,23699.4,23680.05,150,23694.6,75,0,64500
NIFTY-III.NFO,03/02/2025,09:15:06,23680,23671.55,75,23692.3,300,225,64500
NIFTY-III.NFO,03/02/2025,09:15:08,23693.85,23680.1,150,23693.75,150,75,64500
NIFTY-III.NFO,03/02/2025,09:15:09,23693.85,23680.1,150,23693.35,150,0,64500
NIFTY-III.NFO,03/02/2025,09:15:11,23680,23665.85,75,23679.95,150,675,64500
NIFTY-III.NFO,03/02/2025,09:15:13,23665.85,23668.3,225,23680,150,150,64500
NIFTY-III.NFO,03/02/2025,09:15:13,23665.85,23668.3,225,23680,150,0,64500
NIFTY-III.NFO,03/02/2025,09:15:14,23662.7,23660.4,150,23679.75,150,75,64500
NIFTY-III.NFO,03/02/2025,09:15:14,23662.7,23660.4,150,23679.75,150,0,64500
NIFTY-III.NFO,03/02/2025,09:15:16,23660,23651.9,375,23669.25,150,450,64500
NIFTY-III.NFO,03/02/2025,09:15:16,23660,23651.9,375,23669.25,150,0,64500
NIFTY-III.NFO,03/02/2025,09:15:18,23651.9,23651.45,375,23667.2,150,75,64500
NIFTY-III.NFO,03/02/2025,09:15:18,23651.9,23651.45,375,23667.2,150,0,64500
NIFTY-III.NFO,03/02/2025,09:15:19,23651.9,23651.9,75,23668.65,150,0,64500
NIFTY-III.NFO,03/02/2025,09:15:21,23651.9,23651.9,75,23665.45,150,0,64500
NIFTY-III.NFO,03/02/2025,09:15:22,23651.9,23651.9,150,23665.45,150,0,64500
NIFTY-III.NFO,03/02/2025,09:15:24,23651.9,23651.9,150,23661.6,150,0,64500
NIFTY-III.NFO,03/02/2025,09:15:26,23651.9,23651.9,75,23662.95,150,75,64500
NIFTY-III.NFO,03/02/2025,09:15:27,23651.9,23651.9,150,23665.25,150,0,64500
NIFTY-III.NFO,03/02/2025,09:15:29,23651.9,23652.75,75,23665.05,150,0,64500
NIFTY-III.NFO,03/02/2025,09:15:31,23652.7,23661,75,23664.95,150,150,64500
NIFTY-III.NFO,03/02/2025,09:15:32,23661,23651.9,300,23664.35,150,75,65550
NIFTY-III.NFO,03/02/2025,09:15:34,23661,23651.9,225,23662.45,150,0,65550
NIFTY-III.NFO,03/02/2025,09:15:36,23662.25,23651.95,75,23660.75,150,75,65550
NIFTY-III.NFO,03/02/2025,09:15:37,23661.25,23651.95,150,23661.15,150,225,65550
NIFTY-III.NFO,03/02/2025,09:15:39,23661.25,23651.95,150,23661.2,75,0,65550
NIFTY-III.NFO,03/02/2025,09:15:41,23661.25,23651.95,150,23661.8,75,0,65550
NIFTY-III.NFO,03/02/2025,09:15:42,23661.25,23651.95,225,23660.2,75,0,65550
NIFTY-III.NFO,03/02/2025,09:15:44,23660.15,23651.95,225,23660.6,75,150,65550
NIFTY-III.NFO,03/02/2025,09:15:45,23660,23652,150,23662.8,225,150,65550
NIFTY-III.NFO,03/02/2025,09:15:47,23660,23652,150,23662.75,75,0,65550
NIFTY-III.NFO,03/02/2025,09:15:49,23660,23654.05,150,23662.7,150,0,65550
NIFTY-III.NFO,03/02/2025,09:15:50,23660,23654.05,225,23662,150,0,65550
NIFTY-III.NFO,03/02/2025,09:15:52,23660,23660,75,23662.15,75,0,65550
NIFTY-III.NFO,03/02/2025,09:15:54,23660,23660,75,23662.65,75,0,65550
NIFTY-III.NFO,03/02/2025,09:15:55,23660,23660,75,23662.8,75,0,65550
NIFTY-III.NFO,03/02/2025,09:15:57,23660,23660,75,23662.75,75,0,65550
NIFTY-III.NFO,03/02/2025,09:16:00,23660,23654,150,23658.25,75,75,65550
NIFTY-III.NFO,03/02/2025,09:16:02,23654,23651.9,150,23652.1,225,150,65550
NIFTY-III.NFO,03/02/2025,09:16:03,23654,23651.9,150,23652.85,225,0,65550
NIFTY-III.NFO,03/02/2025,09:16:05,23651.9,23651.2,75,23652.85,75,150,65550
NIFTY-III.NFO,03/02/2025,09:16:06,23651.9,23651.2,75,23655.75,75,0,65550
NIFTY-III.NFO,03/02/2025,09:16:08,23651.9,23651.9,75,23656.65,150,0,65550
NIFTY-III.NFO,03/02/2025,09:16:10,23651.9,23651.2,75,23655.05,75,75,65550
NIFTY-III.NFO,03/02/2025,09:16:11,23651.9,23651.9,75,23655.05,75,0,65550
NIFTY-III.NFO,03/02/2025,09:16:13,23651.9,23651.9,150,23654.85,75,0,65550
NIFTY-III.NFO,03/02/2025,09:16:15,23651.9,23651.9,75,23653.15,75,75,65550
NIFTY-III.NFO,03/02/2025,09:16:16,23651.9,23651.9,75,23653.15,75,0,65550
NIFTY-III.NFO,03/02/2025,09:16:18,23651.9,23651.9,150,23653.15,75,0,65550
NIFTY-III.NFO,03/02/2025,09:16:20,23651.9,23651,75,23653.1,75,150,65550
NIFTY-III.NFO,03/02/2025,09:16:21,23651.9,23651.9,75,23653.1,75,0,65550
NIFTY-III.NFO,03/02/2025,09:16:23,23651.9,23651.9,75,23653.1,150,0,65550
NIFTY-III.NFO,03/02/2025,09:16:25,23651.9,23650.9,75,23652,75,225,65550
NIFTY-III.NFO,03/02/2025,09:16:25,23651,23650.9,75,23652,75,0,65550
NIFTY-III.NFO,03/02/2025,09:16:26,23651.9,23650.9,75,23651.95,75,0,65550
NIFTY-III.NFO,03/02/2025,09:16:28,23650.9,23650,450,23651.95,75,150,65550
NIFTY-III.NFO,03/02/2025,09:16:28,23650.9,23650,450,23651.95,75,0,65550
NIFTY-III.NFO,03/02/2025,09:16:30,23650.9,23650,450,23651.85,75,0,65550
NIFTY-III.NFO,03/02/2025,09:16:31,23650.9,23650,450,23651.65,75,0,65550
NIFTY-III.NFO,03/02/2025,09:16:33,23650.9,23650,450,23651.55,75,0,65550
NIFTY-III.NFO,03/02/2025,09:16:35,23650.9,23650,450,23650.05,675,0,65550
NIFTY-III.NFO,03/02/2025,09:16:36,23649.25,23647,150,23650.1,225,525,65550
NIFTY-III.NFO,03/02/2025,09:16:36,23649.25,23647,150,23650.1,225,0,65550
NIFTY-III.NFO,03/02/2025,09:16:38,23649.25,23647,150,23648.9,75,0,65550
NIFTY-III.NFO,03/02/2025,09:16:40,23649.55,23647,75,23650.1,75,450,65550
NIFTY-III.NFO,03/02/2025,09:16:40,23648.9,23647,75,23650.1,75,0,65550
NIFTY-III.NFO,03/02/2025,09:16:41,23649.55,23647,75,23651.45,75,0,65550
NIFTY-III.NFO,03/02/2025,09:16:43,23651.45,23647,75,23651.7,225,75,65550
NIFTY-III.NFO,03/02/2025,09:16:45,23651.45,23647,75,23651.65,75,0,65550
NIFTY-III.NFO,03/02/2025,09:16:50,23651.45,23647,75,23651.15,75,0,65550
NIFTY-III.NFO,03/02/2025,09:16:51,23651.45,23647,75,23650.35,75,0,65550
NIFTY-III.NFO,03/02/2025,09:16:53,23650,23647,75,23650.35,225,75,65550
NIFTY-III.NFO,03/02/2025,09:16:55,23650,23647,75,23649.95,75,0,65550
NIFTY-III.NFO,03/02/2025,09:16:56,23650,23647,75,23649.85,75,0,65550
NIFTY-III.NFO,03/02/2025,09:16:58,23650,23647,75,23649.85,150,0,65550
NIFTY-III.NFO,03/02/2025,09:17:00,23649,23647,75,23649.05,75,75,65550
NIFTY-III.NFO,03/02/2025,09:17:01,23649,23647,75,23649,150,0,65550
NIFTY-III.NFO,03/02/2025,09:17:03,23649,23647,75,23649,75,0,65550
NIFTY-III.NFO,03/02/2025,09:17:05,23649,23647,75,23651.7,75,0,65550
NIFTY-III.NFO,03/02/2025,09:17:06,23649,23647,75,23650.35,75,0,65550
NIFTY-III.NFO,03/02/2025,09:17:08,23647,23645.05,150,23650.2,75,75,65550
NIFTY-III.NFO,03/02/2025,09:17:08,23647,23645.05,150,23650.2,75,0,65550
NIFTY-III.NFO,03/02/2025,09:17:09,23647,23645.05,150,23649.55,75,0,65550
NIFTY-III.NFO,03/02/2025,09:17:11,23649,23645.05,150,23649.45,75,75,65550
NIFTY-III.NFO,03/02/2025,09:17:13,23649.45,23645.05,225,23652.35,75,75,65550
NIFTY-III.NFO,03/02/2025,09:17:14,23649.45,23647.45,150,23651.5,75,0,65550
NIFTY-III.NFO,03/02/2025,09:17:16,23649.45,23647.8,225,23651.5,75,0,65550
NIFTY-III.NFO,03/02/2025,09:17:18,23649.45,23647.05,150,23651.5,75,0,65550
NIFTY-III.NFO,03/02/2025,09:17:19,23649.45,23649,75,23651.5,75,0,65550
NIFTY-III.NFO,03/02/2025,09:17:23,23649.45,23649,75,23650.45,375,0,65550
NIFTY-III.NFO,03/02/2025,09:17:24,23649.75,23647,375,23649.8,75,150,65550
NIFTY-III.NFO,03/02/2025,09:17:26,23649.75,23647,375,23649,75,0,65550
NIFTY-III.NFO,03/02/2025,09:17:28,23649,23647,375,23649.95,75,75,65550
NIFTY-III.NFO,03/02/2025,09:17:29,23648.8,23647,375,23650,225,75,65550
NIFTY-III.NFO,03/02/2025,09:17:31,23648.8,23647,375,23648.8,150,0,65550
NIFTY-III.NFO,03/02/2025,09:17:33,23650,23647,225,23650,75,300,65550
NIFTY-III.NFO,03/02/2025,09:17:34,23650,23647,225,23649.3,450,0,65550
NIFTY-III.NFO,03/02/2025,09:17:36,23650,23647,225,23649.3,375,0,65550
NIFTY-III.NFO,03/02/2025,09:17:38,23650,23647,225,23647.1,375,0,65550
NIFTY-III.NFO,03/02/2025,09:17:39,23647,23647,225,23648.45,375,75,65550
NIFTY-III.NFO,03/02/2025,09:17:41,23647,23647,225,23648.45,375,0,65550
NIFTY-III.NFO,03/02/2025,09:17:43,23647,23647,225,23647.35,375,0,65550
NIFTY-III.NFO,03/02/2025,09:17:44,23647,23644,75,23646.5,225,300,65550
NIFTY-III.NFO,03/02/2025,09:17:46,23647,23644,75,23646.5,300,0,65550
NIFTY-III.NFO,03/02/2025,09:17:47,23647,23644,75,23646.15,150,0,65550
NIFTY-III.NFO,03/02/2025,09:17:49,23645.35,23644,75,23645.25,150,75,65550
NIFTY-III.NFO,03/02/2025,09:17:49,23645.35,23644,75,23645.25,150,0,65550
NIFTY-III.NFO,03/02/2025,09:17:51,23645.35,23644,75,23645.25,150,0,65550
NIFTY-III.NFO,03/02/2025,09:17:52,23644,23641,75,23644.45,75,75,65550
NIFTY-III.NFO,03/02/2025,09:17:52,23644,23641,75,23644.45,75,0,65550
NIFTY-III.NFO,03/02/2025,09:17:54,23644,23641,75,23642.05,75,0,65550
NIFTY-III.NFO,03/02/2025,09:17:56,23644,23641,75,23643.2,150,0,65550
NIFTY-III.NFO,03/02/2025,09:17:57,23644,23641,75,23642.95,75,0,65550
NIFTY-III.NFO,03/02/2025,09:17:59,23644,23641,75,23641.9,150,0,65550
NIFTY-III.NFO,03/02/2025,09:18:01,23641.3,23640,225,23641.4,75,150,65550
NIFTY-III.NFO,03/02/2025,09:18:01,23641,23640,225,23641.4,75,0,65550
NIFTY-III.NFO,03/02/2025,09:18:02,23641.3,23640,225,23641.6,375,0,65550
NIFTY-III.NFO,03/02/2025,09:18:04,23640,23640,75,23640.55,450,150,65550
NIFTY-III.NFO,03/02/2025,09:18:04,23640,23640,75,23640.55,450,0,65550
NIFTY-III.NFO,03/02/2025,09:18:06,23640,23640,75,23641.6,75,0,65550
NIFTY-III.NFO,03/02/2025,09:18:07,23640,23640,75,23642.2,75,0,65550
NIFTY-III.NFO,03/02/2025,09:18:09,23640,23640,75,23643.95,375,0,65550
NIFTY-III.NFO,03/02/2025,09:18:11,23646.05,23640.05,150,23645.35,375,75,65550
NIFTY-III.NFO,03/02/2025,09:18:12,23646.05,23640.05,150,23645.35,375,0,65550
NIFTY-III.NFO,03/02/2025,09:18:14,23646.05,23641.35,150,23645.35,375,0,65550
NIFTY-III.NFO,03/02/2025,09:18:17,23645.35,23641.3,75,23643.55,75,150,65550
NIFTY-III.NFO,03/02/2025,09:18:19,23645.35,23641.3,75,23644.8,300,0,65550
NIFTY-III.NFO,03/02/2025,09:18:20,23645.35,23641.3,75,23644.6,75,0,65550
NIFTY-III.NFO,03/02/2025,09:18:22,23644.6,23641.3,75,23643.7,225,75,65550
NIFTY-III.NFO,03/02/2025,09:18:24,23644.6,23641.3,75,23643.7,225,0,65550
NIFTY-III.NFO,03/02/2025,09:18:25,23643.7,23641.3,75,23643.75,75,75,65550
NIFTY-III.NFO,03/02/2025,09:18:27,23643.7,23641.3,75,23643.75,75,0,65550
NIFTY-III.NFO,03/02/2025,09:18:29,23643.7,23641.3,75,23642.8,150,0,65550
NIFTY-III.NFO,03/02/2025,09:18:30,23643.7,23641.3,75,23642.7,75,0,65550
NIFTY-III.NFO,03/02/2025,09:18:32,23643.7,23641.3,75,23642.45,75,0,65550
NIFTY-III.NFO,03/02/2025,09:18:35,23643.7,23641.3,75,23642.75,150,0,65550
NIFTY-III.NFO,03/02/2025,09:18:38,23643.7,23641.3,75,23642.45,75,0,65550
NIFTY-III.NFO,03/02/2025,09:18:43,23643.7,23641.3,75,23642,75,0,65550
NIFTY-III.NFO,03/02/2025,09:18:44,23643.7,23641.3,75,23641.65,150,0,65550
NIFTY-III.NFO,03/02/2025,09:18:46,23641.65,23641.3,75,23642,75,75,65925
NIFTY-III.NFO,03/02/2025,09:18:48,23641.65,23641.3,75,23642,75,0,65925
NIFTY-III.NFO,03/02/2025,09:18:49,23641.3,23640,75,23641.85,75,75,65925
NIFTY-III.NFO,03/02/2025,09:18:51,23641.3,23640,75,23641.45,75,0,65925
NIFTY-III.NFO,03/02/2025,09:18:53,23641.3,23640,75,23642.5,75,0,65925
NIFTY-III.NFO,03/02/2025,09:18:54,23642.95,23640,75,23641.65,75,225,65925
NIFTY-III.NFO,03/02/2025,09:18:56,23642.95,23640,75,23641.65,75,0,65925
NIFTY-III.NFO,03/02/2025,09:19:01,23642.95,23640,75,23640.65,150,0,65925
NIFTY-III.NFO,03/02/2025,09:19:03,23642.95,23640,75,23641.6,150,0,65925
NIFTY-III.NFO,03/02/2025,09:19:04,23642.95,23640,75,23641.65,75,0,65925
NIFTY-III.NFO,03/02/2025,09:19:06,23641.65,23640,75,23642,75,75,65925
NIFTY-III.NFO,03/02/2025,09:19:08,23641.65,23640,75,23642,75,0,65925
NIFTY-III.NFO,03/02/2025,09:19:09,23641.65,23640,150,23641.05,150,0,65925
NIFTY-III.NFO,03/02/2025,09:19:11,23641.65,23640,150,23642,75,0,65925
NIFTY-III.NFO,03/02/2025,09:19:16,23641.65,23640,150,23641.8,150,0,65925
NIFTY-III.NFO,03/02/2025,09:19:18,23641.65,23640,150,23642,75,0,65925
NIFTY-III.NFO,03/02/2025,09:19:24,23640,23640.05,225,23645.35,150,75,65925
NIFTY-III.NFO,03/02/2025,09:19:26,23640,23640,75,23644.55,150,0,65925
NIFTY-III.NFO,03/02/2025,09:19:28,23640,23640.05,150,23645.75,150,0,65925
NIFTY-III.NFO,03/02/2025,09:19:29,23640,23640.05,225,23646.55,150,0,65925
NIFTY-III.NFO,03/02/2025,09:19:31,23640,23640.05,150,23645.7,150,0,65925
NIFTY-III.NFO,03/02/2025,09:19:34,23640,23645,75,23646.45,150,0,65925
NIFTY-III.NFO,03/02/2025,09:19:38,23640,23645,75,23646,75,0,65925
NIFTY-III.NFO,03/02/2025,09:19:43,23645,23640.05,225,23646,75,75,65925
NIFTY-III.NFO,03/02/2025,09:19:46,23645.2,23640,225,23644.7,75,75,65925
NIFTY-III.NFO,03/02/2025,09:19:47,23645.2,23640,225,23643.6,75,0,65925
NIFTY-III.NFO,03/02/2025,09:19:49,23645.2,23640,225,23643.45,75,0,65925
NIFTY-III.NFO,03/02/2025,09:19:51,23645.2,23640,225,23644.05,75,0,65925
NIFTY-III.NFO,03/02/2025,09:19:52,23645.2,23640,225,23643.25,75,0,65925
NIFTY-III.NFO,03/02/2025,09:19:54,23645.2,23640,300,23643.15,75,0,65925
NIFTY-III.NFO,03/02/2025,09:19:56,23645.2,23640,300,23643.85,75,0,65925
NIFTY-III.NFO,03/02/2025,09:19:59,23643.75,23640,300,23644.45,150,75,65925
NIFTY-III.NFO,03/02/2025,09:20:01,23643.75,23640.05,150,23645,75,0,65925
NIFTY-III.NFO,03/02/2025,09:20:02,23643.75,23640,300,23645,75,0,65925
NIFTY-III.NFO,03/02/2025,09:20:06,23643.75,23640,300,23644.8,375,0,65925
NIFTY-III.NFO,03/02/2025,09:20:07,23643.75,23640,300,23645,75,0,65925
NIFTY-III.NFO,03/02/2025,09:20:11,23643.75,23640,300,23644.05,150,0,65925
NIFTY-III.NFO,03/02/2025,09:20:12,23643.75,23640,300,23643,150,75,65925
NIFTY-III.NFO,03/02/2025,09:20:14,23643.75,23640,300,23643.95,225,0,65925
NIFTY-III.NFO,03/02/2025,09:20:16,23642.75,23640,300,23642.25,75,75,65925
NIFTY-III.NFO,03/02/2025,09:20:17,23642.75,23640,300,23645,75,0,65925
NIFTY-III.NFO,03/02/2025,09:20:19,23643.15,23640,225,23643.3,375,75,65925
NIFTY-III.NFO,03/02/2025,09:20:21,23643.15,23642.25,75,23644.65,150,0,65925
NIFTY-III.NFO,03/02/2025,09:20:22,23643.15,23642.25,75,23643.3,75,0,65925
NIFTY-III.NFO,03/02/2025,09:20:24,23642.25,23640,225,23642.55,150,75,65925
NIFTY-III.NFO,03/02/2025,09:20:26,23642.25,23640,225,23643.45,75,0,65925
NIFTY-III.NFO,03/02/2025,09:20:27,23642.25,23640,225,23643.1,150,0,65925
NIFTY-III.NFO,03/02/2025,09:20:29,23640,23642.25,75,23645,75,150,65925
NIFTY-III.NFO,03/02/2025,09:20:31,23640,23642.25,75,23645,75,0,65925
NIFTY-III.NFO,03/02/2025,09:20:32,23640,23642.25,150,23645,75,0,65925
NIFTY-III.NFO,03/02/2025,09:20:34,23640,23642.25,75,23645,75,0,65925
NIFTY-III.NFO,03/02/2025,09:20:37,23640,23642.25,75,23642.95,75,0,65925
NIFTY-III.NFO,03/02/2025,09:20:49,23642.25,23640,150,23642.95,150,75,65925
NIFTY-III.NFO,03/02/2025,09:20:50,23642.25,23640,150,23642.95,75,0,65925
NIFTY-III.NFO,03/02/2025,09:20:54,23642.25,23642.25,75,23642.95,75,0,65925
NIFTY-III.NFO,03/02/2025,09:20:56,23642.25,23640,150,23642.9,150,75,65925
NIFTY-III.NFO,03/02/2025,09:20:57,23642.9,23642.25,75,23642.95,300,150,65925
NIFTY-III.NFO,03/02/2025,09:20:59,23642.25,23640,150,23641.85,225,75,65925
NIFTY-III.NFO,03/02/2025,09:21:00,23640,23637,75,23639.6,75,150,65925
NIFTY-III.NFO,03/02/2025,09:21:02,23640,23637,75,23638.85,150,0,65925
NIFTY-III.NFO,03/02/2025,09:21:04,23637,23635,150,23637.95,225,75,65925
NIFTY-III.NFO,03/02/2025,09:21:04,23637,23635,150,23637.95,225,0,65925
NIFTY-III.NFO,03/02/2025,09:21:05,23635,23635,75,23637.85,225,75,65925
NIFTY-III.NFO,03/02/2025,09:21:05,23635,23635,75,23637.85,225,0,65925
NIFTY-III.NFO,03/02/2025,09:21:07,23635,23630.05,150,23637,150,75,65925
NIFTY-III.NFO,03/02/2025,09:21:09,23635,23630,75,23635.9,300,0,65925
NIFTY-III.NFO,03/02/2025,09:21:10,23635,23630,75,23634.75,225,0,65925
NIFTY-III.NFO,03/02/2025,09:21:12,23635,23631.05,150,23637.4,75,0,65925
NIFTY-III.NFO,03/02/2025,09:21:14,23635,23631.35,150,23635,75,0,65925
NIFTY-III.NFO,03/02/2025,09:21:15,23635,23630.75,150,23635,75,0,65925
NIFTY-III.NFO,03/02/2025,09:21:17,23635,23632.7,150,23635,75,0,65925
NIFTY-III.NFO,03/02/2025,09:21:19,23635,23632.25,150,23635,75,0,65925
NIFTY-III.NFO,03/02/2025,09:21:20,23635,23630.05,150,23635,150,0,65925
NIFTY-III.NFO,03/02/2025,09:21:22,23635,23630.25,150,23635,150,0,65925
NIFTY-III.NFO,03/02/2025,09:21:24,23635,23633.2,150,23635,150,0,65925
NIFTY-III.NFO,03/02/2025,09:21:25,23635,23634.8,225,23638.05,75,150,65925
NIFTY-III.NFO,03/02/2025,09:21:27,23635,23633.6,150,23638.05,75,0,65925
NIFTY-III.NFO,03/02/2025,09:21:29,23635,23631.8,150,23638.05,75,0,65925
NIFTY-III.NFO,03/02/2025,09:21:30,23635,23631.5,150,23637.8,375,0,65925
NIFTY-III.NFO,03/02/2025,09:21:32,23635,23630.75,300,23637.15,375,0,65925
NIFTY-III.NFO,03/02/2025,09:21:34,23635,23630.9,150,23635,75,0,65925
NIFTY-III.NFO,03/02/2025,09:21:35,23635,23630.35,150,23635,75,0,65925
NIFTY-III.NFO,03/02/2025,09:21:37,23635,23630.05,150,23635,75,0,65925
NIFTY-III.NFO,03/02/2025,09:21:40,23635,23630,75,23634.7,375,0,65925
NIFTY-III.NFO,03/02/2025,09:21:42,23635,23630,75,23633.9,375,0,65925
NIFTY-III.NFO,03/02/2025,09:21:44,23632.35,23630,75,23632.45,375,75,65925
NIFTY-III.NFO,03/02/2025,09:21:44,23632.35,23630,75,23632.45,375,0,65925
NIFTY-III.NFO,03/02/2025,09:21:45,23630,23627.15,150,23633.35,375,75,66525
NIFTY-III.NFO,03/02/2025,09:21:45,23630,23627.15,150,23633.35,375,0,66525
NIFTY-III.NFO,03/02/2025,09:21:47,23630,23626.6,150,23632.4,375,0,66525
NIFTY-III.NFO,03/02/2025,09:21:49,23630,23625.05,150,23630.55,375,0,66525
NIFTY-III.NFO,03/02/2025,09:21:50,23630,23625,300,23628.55,375,0,66525
NIFTY-III.NFO,03/02/2025,09:21:52,23627.15,23625,300,23627.95,375,75,66525
NIFTY-III.NFO,03/02/2025,09:21:52,23627.15,23625,300,23627.95,375,0,66525
NIFTY-III.NFO,03/02/2025,09:21:54,23627.15,23625.15,150,23630,75,0,66525
NIFTY-III.NFO,03/02/2025,09:21:55,23627.15,23625.05,150,23630,75,0,66525
NIFTY-III.NFO,03/02/2025,09:21:57,23627.15,23625,300,23628.8,375,0,66525
NIFTY-III.NFO,03/02/2025,09:21:59,23627.15,23625.05,150,23630,75,0,66525
NIFTY-III.NFO,03/02/2025,09:22:00,23627.15,23625,300,23629.55,375,0,66525
NIFTY-III.NFO,03/02/2025,09:22:02,23627.15,23625,300,23629.35,375,0,66525
NIFTY-III.NFO,03/02/2025,09:22:04,23627.15,23625,300,23625.05,225,0,66525
NIFTY-III.NFO,03/02/2025,09:22:07,23625,23625,225,23625.05,225,75,66525
NIFTY-III.NFO,03/02/2025,09:22:07,23625,23625,225,23625.05,225,0,66525
NIFTY-III.NFO,03/02/2025,09:22:09,23625.05,23625.85,75,23630,150,225,66525
NIFTY-III.NFO,03/02/2025,09:22:10,23625.05,23627.45,75,23630,150,0,66525
NIFTY-III.NFO,03/02/2025,09:22:12,23625.05,23625.15,75,23630,150,0,66525
NIFTY-III.NFO,03/02/2025,09:22:14,23630,23627.1,150,23630,75,75,66525
NIFTY-III.NFO,03/02/2025,09:22:15,23630,23627,225,23630,75,0,66525
NIFTY-III.NFO,03/02/2025,09:22:17,23630,23626.1,150,23630.8,75,75,66525
NIFTY-III.NFO,03/02/2025,09:22:19,23630,23625.05,75,23627.15,75,0,66525
NIFTY-III.NFO,03/02/2025,09:22:20,23630,23625.25,75,23627.15,75,0,66525
NIFTY-III.NFO,03/02/2025,09:22:22,23630,23625.05,75,23627.15,75,0,66525
NIFTY-III.NFO,03/02/2025,09:22:24,23627.15,23626.65,150,23630.85,75,75,66525
NIFTY-III.NFO,03/02/2025,09:22:25,23630.85,23630,75,23634.25,75,75,66525
NIFTY-III.NFO,03/02/2025,09:22:27,23630.85,23630,75,23630.3,375,0,66525
NIFTY-III.NFO,03/02/2025,09:22:29,23630,23625,450,23630.2,75,75,66525
NIFTY-III.NFO,03/02/2025,09:22:30,23630,23625,450,23629.6,375,0,66525
NIFTY-III.NFO,03/02/2025,09:22:32,23630,23626.6,225,23630.4,75,0,66525
NIFTY-III.NFO,03/02/2025,09:22:34,23630,23627.15,150,23632.35,75,0,66525
NIFTY-III.NFO,03/02/2025,09:22:35,23630,23627.75,75,23630,75,0,66525
NIFTY-III.NFO,03/02/2025,09:22:37,23630,23627.85,75,23630,75,0,66525
NIFTY-III.NFO,03/02/2025,09:22:39,23630,23627.7,75,23630,75,0,66525
NIFTY-III.NFO,03/02/2025,09:22:40,23630,23626.9,75,23630,75,0,66525
NIFTY-III.NFO,03/02/2025,09:22:42,23627,23625.95,75,23630,75,75,66525
NIFTY-III.NFO,03/02/2025,09:22:44,23627,23626.85,75,23630,75,0,66525
NIFTY-III.NFO,03/02/2025,09:22:45,23627,23626.25,75,23630,75,0,66525
NIFTY-III.NFO,03/02/2025,09:22:47,23627,23626.65,75,23630,75,0,66525
NIFTY-III.NFO,03/02/2025,09:22:48,23627,23627.75,75,23630,150,0,66525
NIFTY-III.NFO,03/02/2025,09:22:50,23627,23627,75,23630,150,0,66525
NIFTY-III.NFO,03/02/2025,09:22:52,23631.85,23627,75,23633.15,150,225,66525
NIFTY-III.NFO,03/02/2025,09:22:53,23631.85,23627.95,75,23632.95,375,0,66525
NIFTY-III.NFO,03/02/2025,09:22:55,23631.85,23629.65,150,23634.25,375,0,66525
NIFTY-III.NFO,03/02/2025,09:22:57,23631.85,23627.8,75,23632.7,375,0,66525
NIFTY-III.NFO,03/02/2025,09:22:59,23627.8,23628.85,75,23634,375,225,66525
NIFTY-III.NFO,03/02/2025,09:23:00,23627.8,23627.8,225,23634.9,375,0,66525
NIFTY-III.NFO,03/02/2025,09:23:02,23627.8,23629.3,75,23635.5,375,0,66525
NIFTY-III.NFO,03/02/2025,09:23:04,23627.8,23630.35,75,23634.85,375,0,66525
NIFTY-III.NFO,03/02/2025,09:23:05,23627.8,23629.7,75,23634.65,375,0,66525
NIFTY-III.NFO,03/02/2025,09:23:07,23627.8,23629.7,75,23635.25,375,0,66525
NIFTY-III.NFO,03/02/2025,09:23:09,23627.8,23631.6,75,23637,375,0,66525
NIFTY-III.NFO,03/02/2025,09:23:10,23627.8,23630.85,75,23635.8,375,0,66525
NIFTY-III.NFO,03/02/2025,09:23:12,23627.8,23632.25,75,23638.2,75,0,66525
NIFTY-III.NFO,03/02/2025,09:23:14,23627.8,23632.25,75,23638.25,375,0,66525
NIFTY-III.NFO,03/02/2025,09:23:15,23627.8,23631.5,75,23636.6,375,0,66525
NIFTY-III.NFO,03/02/2025,09:23:17,23636.6,23632.6,75,23637.55,375,75,66525
NIFTY-III.NFO,03/02/2025,09:23:18,23636.6,23632.6,75,23638.25,150,0,66525
NIFTY-III.NFO,03/02/2025,09:23:22,23636.6,23630.75,75,23636.2,150,0,66525
NIFTY-III.NFO,03/02/2025,09:23:23,23636.6,23630.75,75,23636.8,150,0,66525
NIFTY-III.NFO,03/02/2025,09:23:25,23636.8,23632.05,75,23637.45,375,75,66525
NIFTY-III.NFO,03/02/2025,09:23:27,23636.8,23636.6,150,23638.4,375,0,66525
NIFTY-III.NFO,03/02/2025,09:23:30,23636.8,23636.6,150,23640.2,375,0,66525
NIFTY-III.NFO,03/02/2025,09:23:32,23636.8,23636.6,150,23640.65,375,0,66525
NIFTY-III.NFO,03/02/2025,09:23:33,23636.8,23636.6,150,23641.2,150,0,66525
NIFTY-III.NFO,03/02/2025,09:23:35,23636.8,23636.6,150,23640,150,0,66525
NIFTY-III.NFO,03/02/2025,09:23:37,23636.8,23636.6,150,23640.05,375,0,66525
NIFTY-III.NFO,03/02/2025,09:23:38,23636.8,23640,75,23640.05,375,0,66525
NIFTY-III.NFO,03/02/2025,09:23:40,23640,23636.6,150,23640,150,75,66525
NIFTY-III.NFO,03/02/2025,09:23:42,23640,23636.6,150,23639.8,150,0,66525
NIFTY-III.NFO,03/02/2025,09:23:43,23640,23636.6,150,23640.4,75,0,66525
NIFTY-III.NFO,03/02/2025,09:23:45,23640,23636.6,150,23642.4,375,0,66525
NIFTY-III.NFO,03/02/2025,09:23:47,23640,23640,75,23642.6,150,0,66525
NIFTY-III.NFO,03/02/2025,09:23:48,23640,23640,75,23642.65,75,0,66525
NIFTY-III.NFO,03/02/2025,09:23:50,23642.65,23640,75,23643.35,375,75,66525
NIFTY-III.NFO,03/02/2025,09:23:52,23642.65,23640,75,23643.35,150,0,66525
NIFTY-III.NFO,03/02/2025,09:23:53,23642.65,23640,75,23642.6,375,0,66525
NIFTY-III.NFO,03/02/2025,09:23:55,23642.65,23640,75,23643.05,375,0,66525
NIFTY-III.NFO,03/02/2025,09:23:57,23642.65,23640,75,23642.8,75,0,66525
NIFTY-III.NFO,03/02/2025,09:23:58,23642.65,23640,75,23643.1,375,0,66525
NIFTY-III.NFO,03/02/2025,09:24:00,23643.2,23640,75,23643.3,375,300,66525
NIFTY-III.NFO,03/02/2025,09:24:02,23643.2,23640.3,75,23643.6,375,0,66525
NIFTY-III.NFO,03/02/2025,09:24:03,23643.2,23640,75,23643.5,75,0,66525
NIFTY-III.NFO,03/02/2025,09:24:05,23643.2,23641.55,75,23644.9,375,0,66525
NIFTY-III.NFO,03/02/2025,09:24:07,23644.9,23640,75,23643.15,375,75,66525
NIFTY-III.NFO,03/02/2025,09:24:08,23644.9,23640,75,23643.2,375,0,66525
NIFTY-III.NFO,03/02/2025,09:24:10,23644.9,23640,75,23644.2,75,0,66525
NIFTY-III.NFO,03/02/2025,09:24:13,23640,23639.65,75,23642.9,375,150,66525
NIFTY-III.NFO,03/02/2025,09:24:15,23640,23638.85,75,23642.8,375,0,66525
NIFTY-III.NFO,03/02/2025,09:24:17,23640,23637.8,75,23642.15,375,0,66525
NIFTY-III.NFO,03/02/2025,09:24:18,23640,23640,75,23642.15,375,0,66525
NIFTY-III.NFO,03/02/2025,09:24:22,23640,23640,75,23642.15,750,0,66525
NIFTY-III.NFO,03/02/2025,09:24:23,23640,23640,75,23641.15,150,0,66525
NIFTY-III.NFO,03/02/2025,09:24:27,23640,23640,75,23641.7,75,0,66525
NIFTY-III.NFO,03/02/2025,09:24:28,23640,23640,75,23643.8,150,0,66525
NIFTY-III.NFO,03/02/2025,09:24:30,23640,23640,75,23644.75,75,0,66525
NIFTY-III.NFO,03/02/2025,09:24:32,23640,23640.9,150,23645,75,0,66525
NIFTY-III.NFO,03/02/2025,09:24:33,23640,23641,75,23645,75,0,66525
NIFTY-III.NFO,03/02/2025,09:24:35,23640,23641.95,75,23645,75,0,66525
NIFTY-III.NFO,03/02/2025,09:24:40,23640,23641,75,23645,75,0,66525
NIFTY-III.NFO,03/02/2025,09:24:45,23640,23641,75,23644.05,900,0,66525
NIFTY-III.NFO,03/02/2025,09:24:47,23640,23641,75,23644.05,150,0,66525
NIFTY-III.NFO,03/02/2025,09:24:48,23640,23641,75,23644.15,150,0,66525
NIFTY-III.NFO,03/02/2025,09:24:50,23640,23641,75,23643.3,150,0,66525
NIFTY-III.NFO,03/02/2025,09:24:52,23641,23637.15,75,23643.3,225,75,66450
NIFTY-III.NFO,03/02/2025,09:24:53,23641,23637.1,75,23642.1,150,0,66450
NIFTY-III.NFO,03/02/2025,09:24:55,23641,23641,225,23642.85,150,0,66450
NIFTY-III.NFO,03/02/2025,09:24:57,23641,23641,225,23643.1,150,0,66450
NIFTY-III.NFO,03/02/2025,09:24:58,23643,23641,225,23643.7,75,75,66450
NIFTY-III.NFO,03/02/2025,09:25:00,23643,23641,225,23642.1,75,0,66450
NIFTY-III.NFO,03/02/2025,09:25:02,23643,23641,225,23641.7,75,0,66450
NIFTY-III.NFO,03/02/2025,09:25:04,23641,23641,150,23641.2,75,75,66450
NIFTY-III.NFO,03/02/2025,09:25:05,23641,23633.75,75,23641.3,150,150,66450
NIFTY-III.NFO,03/02/2025,09:25:07,23641,23633.75,75,23640.8,75,0,66450
NIFTY-III.NFO,03/02/2025,09:25:09,23641,23640,150,23640.9,75,0,66450
NIFTY-III.NFO,03/02/2025,09:25:10,23640,23631.65,225,23639.45,75,150,66450
NIFTY-III.NFO,03/02/2025,09:25:12,23640,23632.45,225,23640.05,825,0,66450
NIFTY-III.NFO,03/02/2025,09:25:14,23640,23631.5,150,23639.15,225,0,66450
NIFTY-III.NFO,03/02/2025,09:25:15,23640,23631.75,150,23639.6,150,0,66450
NIFTY-III.NFO,03/02/2025,09:25:17,23640,23633.7,225,23641.25,75,0,66450
NIFTY-III.NFO,03/02/2025,09:25:19,23640,23633.9,150,23641.4,75,0,66450
NIFTY-III.NFO,03/02/2025,09:25:20,23640,23633.7,75,23639.85,75,0,66450
NIFTY-III.NFO,03/02/2025,09:25:22,23640,23631.65,75,23638.25,75,0,66450
NIFTY-III.NFO,03/02/2025,09:25:24,23640,23630.65,75,23637.4,75,0,66450
NIFTY-III.NFO,03/02/2025,09:25:25,23640,23631.7,75,23638,75,0,66450
NIFTY-III.NFO,03/02/2025,09:25:27,23640,23630.05,150,23637.05,150,0,66450
NIFTY-III.NFO,03/02/2025,09:25:29,23640,23630,150,23636.65,75,0,66450
NIFTY-III.NFO,03/02/2025,09:25:30,23640,23630,150,23636.25,75,0,66450
NIFTY-III.NFO,03/02/2025,09:25:32,23640,23630.05,150,23636.55,75,0,66450
NIFTY-III.NFO,03/02/2025,09:25:34,23640,23630,150,23636.75,225,0,66450
NIFTY-III.NFO,03/02/2025,09:25:35,23640,23630.9,225,23637.55,75,0,66450
NIFTY-III.NFO,03/02/2025,09:25:37,23640,23630.75,300,23638.5,75,0,66450
NIFTY-III.NFO,03/02/2025,09:25:39,23640,23633.55,225,23640.05,375,0,66450
NIFTY-III.NFO,03/02/2025,09:25:40,23640,23637.5,150,23644.15,375,0,66450
NIFTY-III.NFO,03/02/2025,09:25:42,23640,23639.4,150,23645,150,0,66450
NIFTY-III.NFO,03/02/2025,09:25:43,23640,23640.85,225,23645,150,0,66450
NIFTY-III.NFO,03/02/2025,09:25:45,23640,23641.2,225,23645,150,0,66450
NIFTY-III.NFO,03/02/2025,09:25:47,23645,23640.7,150,23647.6,375,150,66450
NIFTY-III.NFO,03/02/2025,09:25:48,23645,23643.45,375,23650,75,0,66450
NIFTY-III.NFO,03/02/2025,09:25:50,23645,23639.65,150,23648.4,375,0,66450
NIFTY-III.NFO,03/02/2025,09:25:52,23645,23641.5,150,23648,75,0,66450
NIFTY-III.NFO,03/02/2025,09:25:53,23650,23643.55,375,23650,375,75,66450
NIFTY-III.NFO,03/02/2025,09:25:55,23650,23648.3,375,23655,75,0,66450
NIFTY-III.NFO,03/02/2025,09:25:57,23650,23650,75,23651.95,375,0,66450
NIFTY-III.NFO,03/02/2025,09:25:58,23650,23650,75,23651.05,375,0,66450
NIFTY-III.NFO,03/02/2025,09:26:00,23650,23650,75,23650.95,375,0,66450
NIFTY-III.NFO,03/02/2025,09:26:02,23650,23650,75,23654.3,75,0,66450
NIFTY-III.NFO,03/02/2025,09:26:03,23650,23650.75,225,23655,75,0,66450
NIFTY-III.NFO,03/02/2025,09:26:05,23650.3,23651.9,75,23655,75,225,66450
NIFTY-III.NFO,03/02/2025,09:26:07,23650.3,23650,75,23655,75,0,66450
NIFTY-III.NFO,03/02/2025,09:26:08,23650.3,23650.15,75,23655,75,0,66450
NIFTY-III.NFO,03/02/2025,09:26:10,23650.3,23650.05,75,23655,75,0,66450
NIFTY-III.NFO,03/02/2025,09:26:12,23650.3,23650.05,225,23655,75,0,66450
NIFTY-III.NFO,03/02/2025,09:26:13,23650.3,23650.05,75,23655,75,0,66450
NIFTY-III.NFO,03/02/2025,09:26:15,23650.3,23652.25,75,23655,75,0,66450
NIFTY-III.NFO,03/02/2025,09:26:17,23650.3,23652,300,23655,75,0,66450
NIFTY-III.NFO,03/02/2025,09:26:18,23650.3,23651.4,75,23655,75,0,66450
NIFTY-III.NFO,03/02/2025,09:26:20,23650.3,23650.7,225,23655,75,0,66450
NIFTY-III.NFO,03/02/2025,09:26:22,23650.3,23652,225,23655,75,0,66450
NIFTY-III.NFO,03/02/2025,09:26:23,23650.3,23652.1,150,23655,75,0,66450
NIFTY-III.NFO,03/02/2025,09:26:27,23650.3,23652.05,150,23655,75,0,66450
NIFTY-III.NFO,03/02/2025,09:26:28,23650.3,23651.75,150,23655,75,0,66450
NIFTY-III.NFO,03/02/2025,09:26:30,23650.3,23651.95,300,23655,75,0,66450
NIFTY-III.NFO,03/02/2025,09:26:32,23655,23653.45,75,23657,150,75,66450
NIFTY-III.NFO,03/02/2025,09:26:33,23655,23652.45,150,23657,150,0,66450
NIFTY-III.NFO,03/02/2025,09:26:35,23655,23651,150,23656.95,150,0,66450
NIFTY-III.NFO,03/02/2025,09:26:37,23655,23652.3,150,23657,150,0,66450
NIFTY-III.NFO,03/02/2025,09:26:38,23655,23654,150,23657,150,0,66450
NIFTY-III.NFO,03/02/2025,09:26:40,23657.4,23656,225,23662.75,150,225,66450
NIFTY-III.NFO,03/02/2025,09:26:42,23657.4,23656.65,150,23662.8,75,0,66450
NIFTY-III.NFO,03/02/2025,09:26:43,23657.4,23656.85,150,23662.8,75,0,66450
NIFTY-III.NFO,03/02/2025,09:26:45,23657.4,23658.5,150,23662.8,75,0,66450
NIFTY-III.NFO,03/02/2025,09:26:47,23657.4,23658.55,75,23662.8,75,0,66450
NIFTY-III.NFO,03/02/2025,09:26:48,23657.4,23658.5,150,23662.8,75,0,66450
NIFTY-III.NFO,03/02/2025,09:26:50,23657.4,23659,150,23662.8,75,0,66450
NIFTY-III.NFO,03/02/2025,09:26:52,23657.4,23659.65,150,23662.8,75,0,66450
NIFTY-III.NFO,03/02/2025,09:26:53,23657.4,23661.75,150,23662.8,75,0,66450
NIFTY-III.NFO,03/02/2025,09:26:55,23662.8,23662,150,23668,150,75,66450
NIFTY-III.NFO,03/02/2025,09:26:57,23662.8,23664.25,150,23671,150,0,66450
NIFTY-III.NFO,03/02/2025,09:26:58,23662.8,23663.25,150,23669.35,150,0,66450
NIFTY-III.NFO,03/02/2025,09:27:00,23662.8,23666,150,23669.25,225,0,66450
NIFTY-III.NFO,03/02/2025,09:27:02,23662.8,23666,150,23672.1,150,0,66450
NIFTY-III.NFO,03/02/2025,09:27:03,23662.8,23666,150,23671.3,225,0,66450
NIFTY-III.NFO,03/02/2025,09:27:05,23662.8,23666,150,23670.2,225,0,66450
NIFTY-III.NFO,03/02/2025,09:27:07,23662.8,23666,150,23671.3,150,0,66450
NIFTY-III.NFO,03/02/2025,09:27:09,23662.8,23666,225,23672.75,150,0,66450
NIFTY-III.NFO,03/02/2025,09:27:10,23662.8,23670,300,23672.15,150,0,66450
NIFTY-III.NFO,03/02/2025,09:27:12,23662.8,23670,300,23671.05,225,0,66450
NIFTY-III.NFO,03/02/2025,09:27:15,23662.8,23670,300,23671.05,150,0,66450
NIFTY-III.NFO,03/02/2025,09:27:17,23662.8,23670,300,23670.8,75,0,66450
NIFTY-III.NFO,03/02/2025,09:27:19,23662.8,23670,300,23670.6,225,0,66450
NIFTY-III.NFO,03/02/2025,09:27:20,23670,23666,150,23669.25,375,300,66450
NIFTY-III.NFO,03/02/2025,09:27:22,23670,23666,150,23667.9,225,0,66450
NIFTY-III.NFO,03/02/2025,09:27:24,23670,23666,150,23666.95,150,0,66450
NIFTY-III.NFO,03/02/2025,09:27:25,23670,23666,150,23667.55,225,0,66450
NIFTY-III.NFO,03/02/2025,09:27:27,23670,23666,150,23667.45,225,0,66450
NIFTY-III.NFO,03/02/2025,09:27:29,23666,23659.6,150,23666.45,300,150,66450
NIFTY-III.NFO,03/02/2025,09:27:30,23666,23659.6,150,23667.15,375,0,66450
NIFTY-III.NFO,03/02/2025,09:27:32,23667,23658.5,75,23667,300,150,66450
NIFTY-III.NFO,03/02/2025,09:27:34,23667,23660,150,23666.35,300,0,66450
NIFTY-III.NFO,03/02/2025,09:27:35,23667,23660,150,23666.25,300,0,66450
NIFTY-III.NFO,03/02/2025,09:27:37,23667,23660,150,23665.45,375,0,66450
NIFTY-III.NFO,03/02/2025,09:27:39,23667,23660,150,23663.3,225,0,66450
NIFTY-III.NFO,03/02/2025,09:27:40,23664.2,23660,150,23664.2,300,75,66675
NIFTY-III.NFO,03/02/2025,09:27:42,23664.2,23660,150,23664.05,225,0,66675
NIFTY-III.NFO,03/02/2025,09:27:45,23660,23660,75,23662.5,225,75,66675
NIFTY-III.NFO,03/02/2025,09:27:47,23660,23660,75,23663.7,375,0,66675
NIFTY-III.NFO,03/02/2025,09:27:49,23664.35,23660,75,23664.45,750,150,66675
NIFTY-III.NFO,03/02/2025,09:27:50,23664.35,23660,75,23664.8,75,0,66675
NIFTY-III.NFO,03/02/2025,09:27:52,23664.35,23660,75,23665.7,750,0,66675
NIFTY-III.NFO,03/02/2025,09:27:54,23664.35,23660,75,23665.4,75,0,66675
NIFTY-III.NFO,03/02/2025,09:27:55,23664.35,23660,75,23666.1,750,0,66675
NIFTY-III.NFO,03/02/2025,09:27:57,23664.35,23661.05,75,23667.95,375,0,66675
NIFTY-III.NFO,03/02/2025,09:27:59,23664.35,23660.05,150,23667.15,375,0,66675
NIFTY-III.NFO,03/02/2025,09:28:00,23664.35,23661.65,150,23668.65,75,0,66675
NIFTY-III.NFO,03/02/2025,09:28:02,23664.35,23662.85,225,23670.65,375,0,66675
NIFTY-III.NFO,03/02/2025,09:28:04,23664.35,23664.6,150,23672.2,750,0,66675
NIFTY-III.NFO,03/02/2025,09:28:05,23664.35,23669.7,150,23677.15,375,0,66675
NIFTY-III.NFO,03/02/2025,09:28:07,23664.35,23667.55,225,23675.5,225,0,66675
NIFTY-III.NFO,03/02/2025,09:28:09,23664.35,23668.85,150,23675.2,375,0,66675
NIFTY-III.NFO,03/02/2025,09:28:10,23664.35,23666.9,225,23675.2,525,0,66675
NIFTY-III.NFO,03/02/2025,09:28:12,23664.35,23666.95,75,23674.4,525,0,66675
NIFTY-III.NFO,03/02/2025,09:28:14,23664.35,23667.75,150,23675.2,375,0,66675
NIFTY-III.NFO,03/02/2025,09:28:15,23664.35,23667.15,150,23675.2,600,0,66675
NIFTY-III.NFO,03/02/2025,09:28:17,23664.35,23667.9,225,23676,525,0,66675
NIFTY-III.NFO,03/02/2025,09:28:19,23664.35,23666.55,225,23675.2,675,0,66675
NIFTY-III.NFO,03/02/2025,09:28:20,23664.35,23666.8,150,23675.1,300,0,66675
NIFTY-III.NFO,03/02/2025,09:28:22,23664.35,23666.95,375,23675.1,225,0,66675
NIFTY-III.NFO,03/02/2025,09:28:24,23664.35,23675,75,23675.1,75,0,66675
NIFTY-III.NFO,03/02/2025,09:28:25,23675,23666.55,225,23675.05,600,75,66675
NIFTY-III.NFO,03/02/2025,09:28:27,23675,23667.65,225,23675.85,525,0,66675
NIFTY-III.NFO,03/02/2025,09:28:29,23675,23667.75,225,23675.85,525,0,66675
NIFTY-III.NFO,03/02/2025,09:28:30,23675,23668.3,225,23676.6,1275,0,66675
NIFTY-III.NFO,03/02/2025,09:28:32,23675,23669.05,150,23676.55,525,0,66675
NIFTY-III.NFO,03/02/2025,09:28:34,23675,23668.7,150,23676.45,375,0,66675
NIFTY-III.NFO,03/02/2025,09:28:35,23675,23668.15,150,23675.65,225,0,66675
NIFTY-III.NFO,03/02/2025,09:28:37,23675,23668.9,150,23676.4,525,0,66675
NIFTY-III.NFO,03/02/2025,09:28:39,23675,23670.6,225,23679,525,0,66675
NIFTY-III.NFO,03/02/2025,09:28:40,23675,23671,150,23679,525,0,66675
NIFTY-III.NFO,03/02/2025,09:28:42,23675,23672.1,150,23680,75,0,66675
NIFTY-III.NFO,03/02/2025,09:28:44,23675,23671.25,150,23680,300,0,66675
NIFTY-III.NFO,03/02/2025,09:28:45,23675,23672,150,23680,300,0,66675
NIFTY-III.NFO,03/02/2025,09:28:47,23675,23675,525,23680,675,0,66675
NIFTY-III.NFO,03/02/2025,09:28:49,23675,23675,525,23679.8,525,0,66675
NIFTY-III.NFO,03/02/2025,09:28:50,23675,23675,525,23679,600,0,66675
NIFTY-III.NFO,03/02/2025,09:28:52,23675,23675,525,23678.2,600,0,66675
NIFTY-III.NFO,03/02/2025,09:28:54,23678.2,23675,525,23678.2,225,75,66675
NIFTY-III.NFO,03/02/2025,09:28:55,23678.1,23675,525,23678.25,375,75,66675
NIFTY-III.NFO,03/02/2025,09:28:57,23678.1,23675,525,23678.25,300,0,66675
NIFTY-III.NFO,03/02/2025,09:28:59,23678.1,23675,525,23678.2,450,0,66675
NIFTY-III.NFO,03/02/2025,09:29:00,23675,23678.1,75,23679.3,75,525,66675
NIFTY-III.NFO,03/02/2025,09:29:02,23678.1,23669.3,150,23678,525,75,66675
NIFTY-III.NFO,03/02/2025,09:29:04,23678.1,23669.75,225,23678,525,0,66675
NIFTY-III.NFO,03/02/2025,09:29:05,23678.1,23669.75,225,23678,450,0,66675
NIFTY-III.NFO,03/02/2025,09:29:07,23678,23669.75,150,23677.6,900,150,66675
NIFTY-III.NFO,03/02/2025,09:29:09,23678,23669.35,150,23677.15,375,0,66675
NIFTY-III.NFO,03/02/2025,09:29:10,23678,23669.2,225,23677.2,75,0,66675
NIFTY-III.NFO,03/02/2025,09:29:12,23678,23670.5,150,23678.4,900,0,66675
NIFTY-III.NFO,03/02/2025,09:29:14,23678,23670.5,150,23677.95,150,0,66675
NIFTY-III.NFO,03/02/2025,09:29:15,23678,23669.7,75,23677.95,375,0,66675
NIFTY-III.NFO,03/02/2025,09:29:17,23678,23671.1,150,23678.55,225,0,66675
NIFTY-III.NFO,03/02/2025,09:29:19,23678,23670.5,150,23677.75,150,0,66675
NIFTY-III.NFO,03/02/2025,09:29:20,23678,23671.65,150,23679.3,150,0,66675
NIFTY-III.NFO,03/02/2025,09:29:22,23678,23670.5,150,23678.5,300,0,66675
NIFTY-III.NFO,03/02/2025,09:29:24,23678,23669.55,150,23677.7,375,0,66675
NIFTY-III.NFO,03/02/2025,09:29:25,23678,23668,150,23676.1,375,0,66675
NIFTY-III.NFO,03/02/2025,09:29:27,23676.1,23668.7,75,23677.15,1050,150,66675
NIFTY-III.NFO,03/02/2025,09:29:29,23676.1,23668.5,225,23677.15,975,0,66675
NIFTY-III.NFO,03/02/2025,09:29:30,23676.1,23670.95,225,23678,75,0,66675
NIFTY-III.NFO,03/02/2025,09:29:32,23676.1,23670.65,150,23678,75,0,66675
NIFTY-III.NFO,03/02/2025,09:29:34,23676.1,23670.8,225,23678,75,0,66675
NIFTY-III.NFO,03/02/2025,09:29:35,23676.1,23671.65,225,23678,75,0,66675
NIFTY-III.NFO,03/02/2025,09:29:37,23678,23671.65,150,23679.9,975,75,66675
NIFTY-III.NFO,03/02/2025,09:29:39,23678,23671.85,225,23679.7,75,0,66675
NIFTY-III.NFO,03/02/2025,09:29:40,23678,23671.2,150,23679.25,300,0,66675
NIFTY-III.NFO,03/02/2025,09:29:42,23678,23671.3,225,23679.7,225,0,66675
NIFTY-III.NFO,03/02/2025,09:29:44,23678,23672.05,150,23680,675,0,66675
NIFTY-III.NFO,03/02/2025,09:29:46,23678,23671.45,150,23679.85,300,0,66675
NIFTY-III.NFO,03/02/2025,09:29:47,23680,23672.05,150,23679.8,150,750,66675
NIFTY-III.NFO,03/02/2025,09:29:49,23680,23672.95,150,23680,150,0,66675
NIFTY-III.NFO,03/02/2025,09:29:51,23672.05,23672.15,150,23679.95,75,75,66675
NIFTY-III.NFO,03/02/2025,09:29:52,23672.45,23672.4,150,23679.95,150,225,66675
NIFTY-III.NFO,03/02/2025,09:29:54,23672.45,23675.05,225,23680,150,0,66675
NIFTY-III.NFO,03/02/2025,09:29:56,23672.45,23675.55,150,23680,150,0,66675
NIFTY-III.NFO,03/02/2025,09:29:57,23672.45,23675.05,225,23680,150,0,66675
NIFTY-III.NFO,03/02/2025,09:29:59,23680,23675.95,150,23682.5,75,150,66675
NIFTY-III.NFO,03/02/2025,09:30:01,23680,23675.1,150,23682.5,75,0,66675
NIFTY-III.NFO,03/02/2025,09:30:02,23680,23675,150,23682.45,225,0,66675
NIFTY-III.NFO,03/02/2025,09:30:04,23680,23675,150,23681.2,75,0,66675
NIFTY-III.NFO,03/02/2025,09:30:06,23680,23675,150,23680.75,150,0,66675
NIFTY-III.NFO,03/02/2025,09:30:07,23680,23675,300,23680.65,150,0,66675
NIFTY-III.NFO,03/02/2025,09:30:09,23680,23675,300,23679.8,150,0,66675
NIFTY-III.NFO,03/02/2025,09:30:11,23680,23675,300,23678.3,75,0,66675
NIFTY-III.NFO,03/02/2025,09:30:12,23680,23675,300,23678.1,150,0,66675
NIFTY-III.NFO,03/02/2025,09:30:14,23675,23668.75,75,23677.1,225,375,66675
NIFTY-III.NFO,03/02/2025,09:30:16,23678.65,23673,75,23679.85,150,150,66675
NIFTY-III.NFO,03/02/2025,09:30:17,23678.65,23672.05,300,23679.85,150,0,66675
NIFTY-III.NFO,03/02/2025,09:30:19,23679.85,23673.8,300,23681.45,75,75,66675
NIFTY-III.NFO,03/02/2025,09:30:21,23679.85,23675.05,225,23681.95,750,0,66675
NIFTY-III.NFO,03/02/2025,09:30:22,23679.85,23672.8,150,23680.25,225,0,66675
NIFTY-III.NFO,03/02/2025,09:30:24,23679.85,23671.7,150,23679.15,150,0,66675
NIFTY-III.NFO,03/02/2025,09:30:26,23671.4,23670.6,75,23678.1,150,75,66675
NIFTY-III.NFO,03/02/2025,09:30:27,23671.4,23670.25,75,23677.95,150,0,66675
NIFTY-III.NFO,03/02/2025,09:30:29,23671.4,23671.1,75,23677.85,150,0,66675
NIFTY-III.NFO,03/02/2025,09:30:31,23671.4,23670.85,75,23677.85,150,0,66675
NIFTY-III.NFO,03/02/2025,09:30:32,23677.1,23670.05,150,23677.1,900,75,66675
NIFTY-III.NFO,03/02/2025,09:30:34,23677.1,23670,75,23675.5,225,0,66675
NIFTY-III.NFO,03/02/2025,09:30:36,23677.1,23668.9,300,23675.65,150,0,66675
NIFTY-III.NFO,03/02/2025,09:30:37,23668.1,23667.5,75,23675.25,150,75,67575
NIFTY-III.NFO,03/02/2025,09:30:39,23668.3,23668.3,225,23676.05,150,75,67575
NIFTY-III.NFO,03/02/2025,09:30:41,23668.3,23667.4,300,23674.9,150,0,67575
NIFTY-III.NFO,03/02/2025,09:30:42,23668.3,23667.4,300,23675.65,150,0,67575
NIFTY-III.NFO,03/02/2025,09:30:44,23668.3,23667.9,225,23677,150,0,67575
NIFTY-III.NFO,03/02/2025,09:30:45,23668.3,23668.35,225,23676.15,75,0,67575
NIFTY-III.NFO,03/02/2025,09:30:47,23668.3,23668.85,225,23676.15,75,0,67575
NIFTY-III.NFO,03/02/2025,09:30:49,23668.3,23668.9,225,23676.15,75,0,67575
NIFTY-III.NFO,03/02/2025,09:30:50,23668.3,23667.9,225,23675.95,150,0,67575
NIFTY-III.NFO,03/02/2025,09:30:52,23668.3,23669.05,150,23676.1,75,0,67575
NIFTY-III.NFO,03/02/2025,09:30:54,23668.3,23669.8,225,23676.55,75,0,67575
NIFTY-III.NFO,03/02/2025,09:30:55,23668.3,23672.15,225,23679.85,75,0,67575
NIFTY-III.NFO,03/02/2025,09:30:57,23672.05,23672.05,225,23679.8,75,75,67575
NIFTY-III.NFO,03/02/2025,09:30:59,23672.05,23670.45,150,23678.6,450,0,67575
NIFTY-III.NFO,03/02/2025,09:31:00,23672.05,23670.45,225,23678.8,75,0,67575
NIFTY-III.NFO,03/02/2025,09:31:02,23672.05,23673.1,75,23679.85,75,0,67575
NIFTY-III.NFO,03/02/2025,09:31:04,23672.05,23671.45,225,23679.85,75,0,67575
NIFTY-III.NFO,03/02/2025,09:31:05,23672.05,23673.25,150,23679.85,75,0,67575
NIFTY-III.NFO,03/02/2025,09:31:07,23672.05,23674.7,225,23679.85,75,0,67575
NIFTY-III.NFO,03/02/2025,09:31:09,23679.85,23679.2,75,23682.5,75,75,67575
NIFTY-III.NFO,03/02/2025,09:31:10,23679.85,23679.85,150,23682.5,75,0,67575
NIFTY-III.NFO,03/02/2025,09:31:17,23679.85,23679.85,150,23682.45,150,0,67575
NIFTY-III.NFO,03/02/2025,09:31:19,23679.85,23679.85,75,23682.5,75,75,67575
NIFTY-III.NFO,03/02/2025,09:31:21,23679.85,23679.85,75,23681.95,300,0,67575
NIFTY-III.NFO,03/02/2025,09:31:22,23679.85,23679.85,75,23681.95,150,0,67575
NIFTY-III.NFO,03/02/2025,09:31:27,23679.85,23679.85,75,23681.95,300,0,67575
NIFTY-III.NFO,03/02/2025,09:31:29,23679.85,23679.85,75,23681.95,150,0,67575
NIFTY-III.NFO,03/02/2025,09:31:30,23679.85,23679.85,75,23681.8,150,0,67575
NIFTY-III.NFO,03/02/2025,09:31:32,23679.85,23679.85,75,23681.55,300,0,67575
NIFTY-III.NFO,03/02/2025,09:31:34,23679.85,23679.85,75,23681.7,150,0,67575
NIFTY-III.NFO,03/02/2025,09:31:37,23679.85,23679.85,75,23682.45,150,0,67575
NIFTY-III.NFO,03/02/2025,09:31:39,23679.85,23679.85,75,23682.5,75,0,67575
NIFTY-III.NFO,03/02/2025,09:31:50,23679.85,23679.85,75,23685.45,75,0,67575
NIFTY-III.NFO,03/02/2025,09:31:52,23679.85,23679.85,150,23685.45,75,0,67575
NIFTY-III.NFO,03/02/2025,09:31:54,23679.85,23679.9,225,23685.45,75,0,67575
NIFTY-III.NFO,03/02/2025,09:31:55,23679.85,23680.95,75,23685.45,75,0,67575
NIFTY-III.NFO,03/02/2025,09:31:57,23679.85,23679.85,75,23685.45,75,0,67575
NIFTY-III.NFO,03/02/2025,09:31:59,23679.85,23679.9,75,23685.45,75,0,67575
NIFTY-III.NFO,03/02/2025,09:32:00,23679.85,23682.5,75,23685.45,75,0,67575
NIFTY-III.NFO,03/02/2025,09:32:02,23679.85,23681.6,75,23685.45,75,0,67575
NIFTY-III.NFO,03/02/2025,09:32:04,23679.85,23681,75,23685.45,75,0,67575
NIFTY-III.NFO,03/02/2025,09:32:05,23679.85,23681.05,150,23687.8,75,0,67575
NIFTY-III.NFO,03/02/2025,09:32:07,23679.85,23679.85,75,23687.05,150,0,67575
NIFTY-III.NFO,03/02/2025,09:32:09,23679.85,23679.9,225,23686.3,75,0,67575
NIFTY-III.NFO,03/02/2025,09:32:10,23679.85,23682.15,150,23686.3,75,0,67575
NIFTY-III.NFO,03/02/2025,09:32:12,23679.85,23680.4,150,23687.75,225,0,67575
NIFTY-III.NFO,03/02/2025,09:32:14,23679.85,23680.65,150,23687.8,75,0,67575
NIFTY-III.NFO,03/02/2025,09:32:15,23679.85,23681.1,150,23687.15,75,0,67575
NIFTY-III.NFO,03/02/2025,09:32:17,23679.85,23681.05,75,23687.3,75,0,67575
NIFTY-III.NFO,03/02/2025,09:32:19,23687.3,23681.1,75,23687.8,75,75,67575
NIFTY-III.NFO,03/02/2025,09:32:20,23687.3,23680.5,75,23687.75,375,0,67575
NIFTY-III.NFO,03/02/2025,09:32:22,23687.3,23679.85,75,23687.5,300,0,67575
NIFTY-III.NFO,03/02/2025,09:32:24,23687.3,23679.85,75,23685.9,300,0,67575
NIFTY-III.NFO,03/02/2025,09:32:25,23682.5,23679.85,75,23683,375,75,67575
NIFTY-III.NFO,03/02/2025,09:32:27,23682.5,23679.85,75,23681.25,450,0,67575
NIFTY-III.NFO,03/02/2025,09:32:29,23682.5,23679.85,75,23681.2,375,0,67575
NIFTY-III.NFO,03/02/2025,09:32:30,23682.5,23679.85,75,23681.95,150,0,67575
NIFTY-III.NFO,03/02/2025,09:32:32,23680.25,23679.85,75,23680.25,150,75,67575
NIFTY-III.NFO,03/02/2025,09:32:34,23680.25,23679.85,75,23680.25,150,0,67575
NIFTY-III.NFO,03/02/2025,09:32:35,23680.25,23679.85,75,23681.3,150,0,67575
NIFTY-III.NFO,03/02/2025,09:32:37,23680.25,23679.85,75,23682.55,150,0,67575
NIFTY-III.NFO,03/02/2025,09:32:39,23680.25,23679.85,75,23680.2,150,0,67575
NIFTY-III.NFO,03/02/2025,09:32:40,23680,23680,75,23681.8,150,150,67575
NIFTY-III.NFO,03/02/2025,09:32:42,23680,23680,75,23682.8,150,0,67575
NIFTY-III.NFO,03/02/2025,09:32:44,23680,23680,75,23682,300,0,67575
NIFTY-III.NFO,03/02/2025,09:32:47,23680,23679.85,75,23680,525,75,67575
NIFTY-III.NFO,03/02/2025,09:32:49,23680,23679.85,75,23680,525,0,67575
NIFTY-III.NFO,03/02/2025,09:32:52,23680,23676.05,150,23680,525,0,67575
NIFTY-III.NFO,03/02/2025,09:32:54,23675.35,23674.6,75,23680,525,150,67575
NIFTY-III.NFO,03/02/2025,09:32:55,23675.35,23675.25,75,23677.8,75,0,67575
NIFTY-III.NFO,03/02/2025,09:32:57,23675.35,23675.9,75,23677.8,75,0,67575
NIFTY-III.NFO,03/02/2025,09:32:59,23675.35,23674.95,75,23677.6,75,0,67575
NIFTY-III.NFO,03/02/2025,09:33:00,23675.35,23674.35,75,23677.65,75,0,67575
NIFTY-III.NFO,03/02/2025,09:33:02,23675.35,23675.15,75,23677.45,75,0,67575
NIFTY-III.NFO,03/02/2025,09:33:04,23675.35,23675,75,23677.65,75,0,67575
NIFTY-III.NFO,03/02/2025,09:33:05,23677.8,23675.05,150,23680,525,75,67575
NIFTY-III.NFO,03/02/2025,09:33:07,23677.8,23673,375,23679.35,75,0,67575
NIFTY-III.NFO,03/02/2025,09:33:09,23677.8,23675,75,23675.85,75,0,67575
NIFTY-III.NFO,03/02/2025,09:33:12,23675,23671,150,23675,150,150,67575
NIFTY-III.NFO,03/02/2025,09:33:14,23675,23671,150,23674.75,150,0,67575
NIFTY-III.NFO,03/02/2025,09:33:15,23674.75,23671,150,23675,150,75,67575
NIFTY-III.NFO,03/02/2025,09:33:17,23675,23671,150,23676.75,150,150,67575
NIFTY-III.NFO,03/02/2025,09:33:19,23675,23672,75,23675.55,150,0,67575
NIFTY-III.NFO,03/02/2025,09:33:21,23675,23672,75,23675.55,225,0,67575
NIFTY-III.NFO,03/02/2025,09:33:22,23672,23671,150,23673.6,375,75,67575
NIFTY-III.NFO,03/02/2025,09:33:24,23672,23671,150,23674.8,225,0,67575
NIFTY-III.NFO,03/02/2025,09:33:26,23672,23671,150,23675.95,225,0,67575
NIFTY-III.NFO,03/02/2025,09:33:27,23672,23671,150,23676.95,375,0,67575
NIFTY-III.NFO,03/02/2025,09:33:29,23672,23671,150,23676.6,225,0,67575
NIFTY-III.NFO,03/02/2025,09:33:31,23672,23671,150,23676.4,150,0,67575
NIFTY-III.NFO,03/02/2025,09:33:32,23672,23671,150,23675.75,225,0,67575
NIFTY-III.NFO,03/02/2025,09:33:34,23672,23671,150,23673.3,300,0,67575
NIFTY-III.NFO,03/02/2025,09:33:36,23672,23671,150,23671.95,150,75,68025
NIFTY-III.NFO,03/02/2025,09:33:37,23672,23671,150,23671.95,150,0,68025
NIFTY-III.NFO,03/02/2025,09:33:39,23671,23668,75,23670.35,150,150,68025
NIFTY-III.NFO,03/02/2025,09:33:41,23671,23668,75,23671.75,150,0,68025
NIFTY-III.NFO,03/02/2025,09:33:42,23671,23668,75,23673.4,150,0,68025
NIFTY-III.NFO,03/02/2025,09:33:44,23671,23668,75,23673.55,150,0,68025
NIFTY-III.NFO,03/02/2025,09:33:46,23671,23668,75,23673.95,150,0,68025
NIFTY-III.NFO,03/02/2025,09:33:52,23671,23668,75,23672.9,150,0,68025
NIFTY-III.NFO,03/02/2025,09:33:54,23671,23668,75,23671,225,0,68025
NIFTY-III.NFO,03/02/2025,09:33:56,23671,23668,75,23671.4,300,0,68025
NIFTY-III.NFO,03/02/2025,09:33:57,23668,23660,225,23668,150,75,68025
NIFTY-III.NFO,03/02/2025,09:33:59,23668,23660,225,23667.65,150,0,68025
NIFTY-III.NFO,03/02/2025,09:34:01,23668,23660,225,23663.85,75,0,68025
NIFTY-III.NFO,03/02/2025,09:34:02,23668,23660.05,150,23666.8,150,0,68025
NIFTY-III.NFO,03/02/2025,09:34:04,23668,23660,225,23665.5,75,0,68025
NIFTY-III.NFO,03/02/2025,09:34:06,23668,23660,225,23666.15,75,0,68025
NIFTY-III.NFO,03/02/2025,09:34:07,23668,23660.05,225,23666.85,75,0,68025
NIFTY-III.NFO,03/02/2025,09:34:09,23668,23660,225,23666.85,75,0,68025
NIFTY-III.NFO,03/02/2025,09:34:11,23668,23660.05,225,23667.95,75,0,68025
NIFTY-III.NFO,03/02/2025,09:34:14,23668,23660.05,225,23668,75,0,68025
NIFTY-III.NFO,03/02/2025,09:34:17,23668,23660.05,225,23669.1,75,75,68025
NIFTY-III.NFO,03/02/2025,09:34:19,23668,23660.15,150,23668.7,75,0,68025
NIFTY-III.NFO,03/02/2025,09:34:21,23668,23660.95,150,23671,600,0,68025
NIFTY-III.NFO,03/02/2025,09:34:24,23668,23661.2,225,23668,75,0,68025
NIFTY-III.NFO,03/02/2025,09:34:26,23668,23661.85,150,23668,75,0,68025
NIFTY-III.NFO,03/02/2025,09:34:27,23668,23662.65,150,23668,75,0,68025
NIFTY-III.NFO,03/02/2025,09:34:29,23668,23663,150,23668,75,0,68025
NIFTY-III.NFO,03/02/2025,09:34:31,23668,23661.25,225,23670.4,75,75,68025
NIFTY-III.NFO,03/02/2025,09:34:32,23668,23668,75,23671,600,0,68025
NIFTY-III.NFO,03/02/2025,09:34:34,23668,23668,75,23670.2,75,0,68025
NIFTY-III.NFO,03/02/2025,09:34:36,23668,23668,75,23669.5,225,0,68025
NIFTY-III.NFO,03/02/2025,09:34:37,23668,23660.05,150,23667.8,225,75,68025
NIFTY-III.NFO,03/02/2025,09:34:39,23668,23660,225,23667.75,225,0,68025
NIFTY-III.NFO,03/02/2025,09:34:40,23668,23660,225,23666.75,300,0,68025
NIFTY-III.NFO,03/02/2025,09:34:42,23668,23660,225,23664.45,225,0,68025
NIFTY-III.NFO,03/02/2025,09:34:44,23668,23660,225,23664.35,150,0,68025
NIFTY-III.NFO,03/02/2025,09:34:45,23668,23660,225,23662.2,225,0,68025
NIFTY-III.NFO,03/02/2025,09:34:47,23660,23650.25,225,23661.05,225,225,68025
NIFTY-III.NFO,03/02/2025,09:34:49,23660,23650.25,225,23661,150,0,68025
NIFTY-III.NFO,03/02/2025,09:34:50,23660,23651.1,150,23662,225,0,68025
NIFTY-III.NFO,03/02/2025,09:34:52,23660,23651.1,225,23660.7,225,0,68025
NIFTY-III.NFO,03/02/2025,09:34:54,23650.25,23650.3,225,23659.4,150,750,68025
NIFTY-III.NFO,03/02/2025,09:34:55,23650.25,23650,75,23657.05,150,0,68025
NIFTY-III.NFO,03/02/2025,09:34:57,23650.25,23650,75,23656.8,225,0,68025
NIFTY-III.NFO,03/02/2025,09:34:59,23650.25,23650,75,23657.6,300,0,68025
NIFTY-III.NFO,03/02/2025,09:35:00,23650.25,23650,75,23655.7,150,0,68025
NIFTY-III.NFO,03/02/2025,09:35:02,23650.25,23650,75,23656.9,150,0,68025
NIFTY-III.NFO,03/02/2025,09:35:04,23650.25,23650,75,23657.1,150,0,68025
NIFTY-III.NFO,03/02/2025,09:35:05,23650.25,23647.35,225,23655.45,150,0,68025
NIFTY-III.NFO,03/02/2025,09:35:07,23645,23643.15,150,23652.15,150,750,68025
NIFTY-III.NFO,03/02/2025,09:35:09,23645,23639.05,225,23649.7,75,0,68025
NIFTY-III.NFO,03/02/2025,09:35:10,23645,23641.45,225,23650.65,225,0,68025
NIFTY-III.NFO,03/02/2025,09:35:12,23645,23642.55,225,23652.7,225,0,68025
NIFTY-III.NFO,03/02/2025,09:35:14,23645,23641.25,225,23649.9,225,0,68025
NIFTY-III.NFO,03/02/2025,09:35:15,23645,23638.7,225,23647.7,225,0,68025
NIFTY-III.NFO,03/02/2025,09:35:17,23645,23637.95,150,23645,75,0,68025
NIFTY-III.NFO,03/02/2025,09:35:19,23645,23637.95,375,23645,75,0,68025
NIFTY-III.NFO,03/02/2025,09:35:20,23645,23636.5,75,23644.95,225,0,68025
NIFTY-III.NFO,03/02/2025,09:35:22,23645,23634.1,225,23643.4,150,0,68025
NIFTY-III.NFO,03/02/2025,09:35:24,23645,23634.95,150,23643.75,225,0,68025
NIFTY-III.NFO,03/02/2025,09:35:25,23645,23634.55,225,23643.95,75,0,68025
NIFTY-III.NFO,03/02/2025,09:35:27,23645,23640,75,23643.05,150,0,68025
NIFTY-III.NFO,03/02/2025,09:35:29,23645,23640,75,23643.8,150,0,68025
NIFTY-III.NFO,03/02/2025,09:35:30,23645,23640,75,23645,75,0,68025
NIFTY-III.NFO,03/02/2025,09:35:34,23640,23634.25,150,23643.05,375,75,68025
NIFTY-III.NFO,03/02/2025,09:35:35,23640,23631.6,375,23639.9,225,0,68025
NIFTY-III.NFO,03/02/2025,09:35:37,23640,23630,225,23637.4,150,0,68025
NIFTY-III.NFO,03/02/2025,09:35:39,23640,23630,225,23637.55,75,0,68025
NIFTY-III.NFO,03/02/2025,09:35:40,23640,23630.95,150,23638.95,225,0,68025
NIFTY-III.NFO,03/02/2025,09:35:42,23640,23631.95,225,23639.55,75,0,68025
NIFTY-III.NFO,03/02/2025,09:35:43,23640,23631.95,150,23640,75,0,68025
NIFTY-III.NFO,03/02/2025,09:35:45,23631.95,23631.6,225,23639.95,150,75,68025
NIFTY-III.NFO,03/02/2025,09:35:47,23631.95,23632.75,375,23640,75,0,68025
NIFTY-III.NFO,03/02/2025,09:35:48,23631.95,23632.75,225,23640,75,0,68025
NIFTY-III.NFO,03/02/2025,09:35:50,23631.95,23631.6,225,23639.05,150,0,68025
NIFTY-III.NFO,03/02/2025,09:35:52,23631.95,23632.45,375,23640,75,0,68025
NIFTY-III.NFO,03/02/2025,09:35:53,23639.85,23632.45,225,23639.7,225,75,68025
NIFTY-III.NFO,03/02/2025,09:35:55,23639.85,23632.25,150,23640,150,0,68025
NIFTY-III.NFO,03/02/2025,09:35:57,23639.85,23634.35,225,23640,75,0,68025
NIFTY-III.NFO,03/02/2025,09:35:58,23639.85,23634.4,150,23640,75,0,68025
NIFTY-III.NFO,03/02/2025,09:36:00,23636.6,23636.45,225,23640,75,75,68025
NIFTY-III.NFO,03/02/2025,09:36:02,23640,23640.45,150,23647.1,225,75,68025
NIFTY-III.NFO,03/02/2025,09:36:03,23640,23639.25,75,23645.65,75,0,68025
NIFTY-III.NFO,03/02/2025,09:36:05,23640,23639.25,75,23645.6,75,0,68025
NIFTY-III.NFO,03/02/2025,09:36:07,23640,23639,150,23645.4,225,0,68025
NIFTY-III.NFO,03/02/2025,09:36:08,23640,23634.4,150,23642.9,225,0,68025
NIFTY-III.NFO,03/02/2025,09:36:10,23640,23632,225,23639.85,225,0,68025
NIFTY-III.NFO,03/02/2025,09:36:12,23640,23632,75,23636.15,75,0,68025
NIFTY-III.NFO,03/02/2025,09:36:13,23640,23632,75,23638.65,150,0,68025
NIFTY-III.NFO,03/02/2025,09:36:15,23640,23632,75,23638.85,150,0,68025
NIFTY-III.NFO,03/02/2025,09:36:17,23640,23633.1,150,23640.65,150,0,68025
NIFTY-III.NFO,03/02/2025,09:36:18,23633.1,23633.1,75,23639.8,150,75,68025
NIFTY-III.NFO,03/02/2025,09:36:20,23633.1,23634.2,75,23640.9,150,0,68025
NIFTY-III.NFO,03/02/2025,09:36:22,23633.1,23635.05,75,23643.35,225,0,68025
NIFTY-III.NFO,03/02/2025,09:36:23,23633.1,23633.45,75,23640.45,225,0,68025
NIFTY-III.NFO,03/02/2025,09:36:25,23633.1,23632.45,75,23638.25,150,0,68025
NIFTY-III.NFO,03/02/2025,09:36:27,23633.1,23632,75,23638.25,225,0,68025
NIFTY-III.NFO,03/02/2025,09:36:28,23633.1,23632,75,23638.8,375,0,68025
NIFTY-III.NFO,03/02/2025,09:36:30,23633.1,23632.8,75,23640,150,0,68025
NIFTY-III.NFO,03/02/2025,09:36:31,23633.1,23635.7,75,23643.25,150,0,68025
NIFTY-III.NFO,03/02/2025,09:36:33,23633.1,23635.7,75,23643.45,150,0,68025
NIFTY-III.NFO,03/02/2025,09:36:35,23633.1,23636.85,75,23643.5,150,0,68025
NIFTY-III.NFO,03/02/2025,09:36:36,23633.1,23636.9,75,23643.3,150,0,68025
NIFTY-III.NFO,03/02/2025,09:36:38,23633.1,23638.1,75,23644.55,150,0,68025
NIFTY-III.NFO,03/02/2025,09:36:40,23633.1,23636.95,75,23643.3,375,0,68025
NIFTY-III.NFO,03/02/2025,09:36:41,23633.1,23636.95,75,23643.3,225,0,68025
NIFTY-III.NFO,03/02/2025,09:36:43,23633.1,23635,75,23641.45,225,0,68025
NIFTY-III.NFO,03/02/2025,09:36:44,23633.1,23634.05,75,23640.75,150,0,68025
NIFTY-III.NFO,03/02/2025,09:36:46,23633.1,23634.05,75,23640.95,150,0,68025
NIFTY-III.NFO,03/02/2025,09:36:48,23633.1,23635.1,75,23641.7,150,0,68025
NIFTY-III.NFO,03/02/2025,09:36:49,23633.1,23634,75,23639.9,150,0,68025
NIFTY-III.NFO,03/02/2025,09:36:51,23633.1,23634,75,23639.05,225,0,68025
NIFTY-III.NFO,03/02/2025,09:36:53,23634,23633.6,75,23637.25,150,75,69000
NIFTY-III.NFO,03/02/2025,09:36:54,23634,23633.6,75,23635.8,225,0,69000
NIFTY-III.NFO,03/02/2025,09:36:56,23632,23630,225,23632.4,225,150,69000
NIFTY-III.NFO,03/02/2025,09:36:58,23632,23630,225,23635.4,150,0,69000
NIFTY-III.NFO,03/02/2025,09:36:59,23632,23630,225,23635.95,225,0,69000
NIFTY-III.NFO,03/02/2025,09:37:01,23632,23630,225,23636.9,375,0,69000
NIFTY-III.NFO,03/02/2025,09:37:03,23632,23631.25,75,23638,150,0,69000
NIFTY-III.NFO,03/02/2025,09:37:04,23632,23630,225,23637.6,225,0,69000
NIFTY-III.NFO,03/02/2025,09:37:06,23632,23630,225,23637.05,150,0,69000
NIFTY-III.NFO,03/02/2025,09:37:08,23630,23630,150,23635.25,300,75,69000
NIFTY-III.NFO,03/02/2025,09:37:09,23630,23630,150,23635.75,150,0,69000
NIFTY-III.NFO,03/02/2025,09:37:11,23630,23630,150,23635.45,150,0,69000
NIFTY-III.NFO,03/02/2025,09:37:13,23630,23630,150,23634.65,150,0,69000
NIFTY-III.NFO,03/02/2025,09:37:14,23630,23630,150,23637.35,150,0,69000
NIFTY-III.NFO,03/02/2025,09:37:16,23630,23630,150,23635.9,150,0,69000
NIFTY-III.NFO,03/02/2025,09:37:18,23630,23629.5,75,23635.65,150,150,69000
NIFTY-III.NFO,03/02/2025,09:37:19,23630,23629.5,75,23635.95,150,75,69000
NIFTY-III.NFO,03/02/2025,09:37:21,23630,23628.5,75,23635.25,150,0,69000
NIFTY-III.NFO,03/02/2025,09:37:23,23630,23628.5,75,23635.85,150,0,69000
NIFTY-III.NFO,03/02/2025,09:37:24,23630,23628.5,75,23635.1,150,0,69000
NIFTY-III.NFO,03/02/2025,09:37:26,23630,23629.55,75,23636,150,0,69000
NIFTY-III.NFO,03/02/2025,09:37:28,23630,23633.1,75,23635.4,150,0,69000
NIFTY-III.NFO,03/02/2025,09:37:29,23633.1,23629.55,75,23630,75,75,69000
NIFTY-III.NFO,03/02/2025,09:37:31,23630,23628.05,150,23636.7,225,75,69000
NIFTY-III.NFO,03/02/2025,09:37:33,23630,23628,75,23635.05,150,0,69000
NIFTY-III.NFO,03/02/2025,09:37:34,23630,23628,300,23637.25,150,0,69000
NIFTY-III.NFO,03/02/2025,09:37:36,23630,23630,150,23638.75,225,0,69000
NIFTY-III.NFO,03/02/2025,09:37:38,23630,23630,225,23637.85,150,0,69000
NIFTY-III.NFO,03/02/2025,09:37:40,23630,23630,225,23638.55,150,0,69000
NIFTY-III.NFO,03/02/2025,09:37:41,23630,23630,225,23638.4,225,0,69000
NIFTY-III.NFO,03/02/2025,09:37:43,23630,23630,75,23636.9,150,0,69000
NIFTY-III.NFO,03/02/2025,09:37:44,23630,23630,75,23637.75,225,0,69000
NIFTY-III.NFO,03/02/2025,09:37:46,23630,23630,75,23636.65,150,0,69000
NIFTY-III.NFO,03/02/2025,09:37:48,23630,23630,75,23636,150,0,69000
NIFTY-III.NFO,03/02/2025,09:37:49,23630,23630,75,23635.9,150,0,69000
NIFTY-III.NFO,03/02/2025,09:37:51,23630,23630,75,23636.7,150,0,69000
NIFTY-III.NFO,03/02/2025,09:37:53,23630,23630,75,23635.8,150,0,69000
NIFTY-III.NFO,03/02/2025,09:37:54,23630,23631,75,23635.1,150,0,69000
NIFTY-III.NFO,03/02/2025,09:37:56,23630,23631,75,23634.55,150,0,69000
NIFTY-III.NFO,03/02/2025,09:37:58,23630,23631,75,23636,300,0,69000
NIFTY-III.NFO,03/02/2025,09:37:59,23630,23631,75,23637.5,225,0,69000
NIFTY-III.NFO,03/02/2025,09:38:01,23630,23631,75,23635.45,150,0,69000
NIFTY-III.NFO,03/02/2025,09:38:03,23630,23630,75,23633.2,150,0,69000
NIFTY-III.NFO,03/02/2025,09:38:04,23630,23630,75,23633.1,150,0,69000
NIFTY-III.NFO,03/02/2025,09:38:06,23630,23630,75,23633.9,150,0,69000
NIFTY-III.NFO,03/02/2025,09:38:08,23630,23630,75,23632.8,150,0,69000
NIFTY-III.NFO,03/02/2025,09:38:09,23630,23628,75,23631.6,75,75,69000
NIFTY-III.NFO,03/02/2025,09:38:11,23630,23628,75,23632.15,225,0,69000
NIFTY-III.NFO,03/02/2025,09:38:13,23630,23628,75,23630.65,75,0,69000
NIFTY-III.NFO,03/02/2025,09:38:14,23630,23628,75,23631.15,225,0,69000
NIFTY-III.NFO,03/02/2025,09:38:16,23630,23628,75,23631.45,150,0,69000
NIFTY-III.NFO,03/02/2025,09:38:18,23630,23628,75,23631.05,150,0,69000
NIFTY-III.NFO,03/02/2025,09:38:19,23630,23628,75,23632.25,150,0,69000
NIFTY-III.NFO,03/02/2025,09:38:21,23630,23628,75,23630.65,150,0,69000
NIFTY-III.NFO,03/02/2025,09:38:23,23630,23628,75,23629.05,150,0,69000
NIFTY-III.NFO,03/02/2025,09:38:24,23625,23625,225,23626.5,225,225,69000
NIFTY-III.NFO,03/02/2025,09:38:26,23625,23625,225,23628.15,150,0,69000
NIFTY-III.NFO,03/02/2025,09:38:28,23625,23625,225,23626.9,225,0,69000
NIFTY-III.NFO,03/02/2025,09:38:29,23625,23625,225,23628.8,150,0,69000
NIFTY-III.NFO,03/02/2025,09:38:31,23625,23625,225,23626.75,225,0,69000
NIFTY-III.NFO,03/02/2025,09:38:33,23626,23624,75,23624.8,150,300,69000
NIFTY-III.NFO,03/02/2025,09:38:34,23626,23624,75,23626.9,150,0,69000
NIFTY-III.NFO,03/02/2025,09:38:36,23626,23624,75,23627.2,300,0,69000
NIFTY-III.NFO,03/02/2025,09:38:38,23626,23624,75,23630.4,150,0,69000
NIFTY-III.NFO,03/02/2025,09:38:39,23626,23624,75,23628.75,150,0,69000
NIFTY-III.NFO,03/02/2025,09:38:41,23626,23624,75,23628.25,375,0,69000
NIFTY-III.NFO,03/02/2025,09:38:43,23626,23624,75,23628.95,300,0,69000
NIFTY-III.NFO,03/02/2025,09:38:44,23626,23624,75,23627.35,225,0,69000
NIFTY-III.NFO,03/02/2025,09:38:46,23626,23624,75,23627.6,150,0,69000
NIFTY-III.NFO,03/02/2025,09:38:48,23625.6,23624,75,23626.15,150,150,69000
NIFTY-III.NFO,03/02/2025,09:38:49,23625.6,23624,75,23627.65,300,0,69000
NIFTY-III.NFO,03/02/2025,09:38:51,23625.6,23624,75,23626.4,150,0,69000
NIFTY-III.NFO,03/02/2025,09:38:53,23625.6,23624,75,23627.75,300,0,69000
NIFTY-III.NFO,03/02/2025,09:38:54,23625.6,23624,75,23627.4,150,0,69000
NIFTY-III.NFO,03/02/2025,09:38:56,23625.6,23624,75,23625.6,150,0,69000
NIFTY-III.NFO,03/02/2025,09:38:58,23625.6,23624,75,23625.85,150,0,69000
NIFTY-III.NFO,03/02/2025,09:38:59,23625.6,23624,75,23626.2,150,0,69000
NIFTY-III.NFO,03/02/2025,09:39:01,23624,23620,150,23623.95,150,75,69000
NIFTY-III.NFO,03/02/2025,09:39:01,23624,23620,150,23623.95,150,0,69000
NIFTY-III.NFO,03/02/2025,09:39:03,23624,23620,150,23625.15,150,0,69000
NIFTY-III.NFO,03/02/2025,09:39:04,23624,23620,150,23625.55,150,0,69000
NIFTY-III.NFO,03/02/2025,09:39:08,23624.9,23620,150,23625.55,75,75,69000
NIFTY-III.NFO,03/02/2025,09:39:09,23624.9,23620.7,225,23628.55,150,0,69000
NIFTY-III.NFO,03/02/2025,09:39:11,23624.9,23620.65,225,23628.4,75,0,69000
NIFTY-III.NFO,03/02/2025,09:39:13,23624.9,23620.05,150,23627.35,75,0,69000
NIFTY-III.NFO,03/02/2025,09:39:14,23624.9,23620,150,23626.45,75,0,69000
NIFTY-III.NFO,03/02/2025,09:39:16,23624.9,23620,150,23625.3,150,0,69000
NIFTY-III.NFO,03/02/2025,09:39:18,23624.65,23620,150,23625.8,75,75,69000
NIFTY-III.NFO,03/02/2025,09:39:19,23624.65,23620.05,225,23626.9,75,0,69000
NIFTY-III.NFO,03/02/2025,09:39:21,23624.65,23624.9,75,23628.55,225,0,69000
NIFTY-III.NFO,03/02/2025,09:39:23,23624.65,23624.9,75,23628.05,75,0,69000
NIFTY-III.NFO,03/02/2025,09:39:24,23624.65,23624.9,75,23627.3,150,0,69000
NIFTY-III.NFO,03/02/2025,09:39:26,23624.65,23624.9,75,23628.2,75,0,69000
NIFTY-III.NFO,03/02/2025,09:39:28,23624.65,23624.9,75,23626.6,75,0,69000
NIFTY-III.NFO,03/02/2025,09:39:29,23624.65,23624.9,75,23627.7,75,0,69000
NIFTY-III.NFO,03/02/2025,09:39:31,23624.9,23621,300,23628.75,150,75,69000
NIFTY-III.NFO,03/02/2025,09:39:33,23624.9,23621.8,225,23629.55,150,0,69000
NIFTY-III.NFO,03/02/2025,09:39:34,23629.5,23622.2,225,23629.8,75,75,69000
NIFTY-III.NFO,03/02/2025,09:39:36,23629.5,23620.05,225,23627.7,75,0,69000
NIFTY-III.NFO,03/02/2025,09:39:38,23629.5,23620.35,225,23627.55,75,0,69000
NIFTY-III.NFO,03/02/2025,09:39:39,23629.5,23621.35,225,23628.7,75,0,69000
NIFTY-III.NFO,03/02/2025,09:39:41,23629.5,23623.2,225,23629.75,75,0,69000
NIFTY-III.NFO,03/02/2025,09:39:43,23629.5,23623.4,150,23630.75,75,0,69000
NIFTY-III.NFO,03/02/2025,09:39:44,23629.5,23623.3,150,23630.75,75,0,69000
NIFTY-III.NFO,03/02/2025,09:39:46,23629.5,23624.1,225,23631.8,75,0,69000
NIFTY-III.NFO,03/02/2025,09:39:48,23629.5,23624.6,225,23631.8,75,0,69000
NIFTY-III.NFO,03/02/2025,09:39:50,23629.5,23625,225,23632.25,75,0,69000
NIFTY-III.NFO,03/02/2025,09:39:51,23629.5,23626.4,150,23634.3,75,0,69000
NIFTY-III.NFO,03/02/2025,09:39:53,23629.5,23624,225,23632.1,225,0,69000
NIFTY-III.NFO,03/02/2025,09:39:55,23629.5,23624.65,150,23632.25,75,0,69000
NIFTY-III.NFO,03/02/2025,09:39:56,23629.5,23625.1,150,23632.6,75,0,69000
NIFTY-III.NFO,03/02/2025,09:39:58,23629.5,23623.6,150,23631.8,225,0,69000
NIFTY-III.NFO,03/02/2025,09:40:01,23629.5,23624.2,225,23632.9,225,0,69000
NIFTY-III.NFO,03/02/2025,09:40:03,23629.5,23626.45,225,23634.5,150,0,69000
NIFTY-III.NFO,03/02/2025,09:40:05,23629.5,23629,150,23636.95,150,0,69000
NIFTY-III.NFO,03/02/2025,09:40:06,23629.5,23629.9,225,23637.95,150,0,69000
NIFTY-III.NFO,03/02/2025,09:40:08,23629.5,23628.6,375,23637.55,225,0,69000
NIFTY-III.NFO,03/02/2025,09:40:10,23629.5,23627.05,225,23636.7,150,0,69000
NIFTY-III.NFO,03/02/2025,09:40:11,23629.5,23626.4,225,23634.7,225,0,69000
NIFTY-III.NFO,03/02/2025,09:40:13,23629.5,23626.9,300,23634.7,225,0,69000
NIFTY-III.NFO,03/02/2025,09:40:15,23629.5,23626.15,150,23634.7,225,0,69000
NIFTY-III.NFO,03/02/2025,09:40:16,23629.5,23628.4,225,23635.35,75,0,69000
NIFTY-III.NFO,03/02/2025,09:40:18,23629.5,23628.05,225,23635.35,75,0,69000
NIFTY-III.NFO,03/02/2025,09:40:20,23629.5,23628.5,225,23635.35,75,0,69000
NIFTY-III.NFO,03/02/2025,09:40:21,23629.5,23630.05,150,23636.5,75,0,69000
NIFTY-III.NFO,03/02/2025,09:40:23,23629.5,23631.85,150,23640,75,0,69000
NIFTY-III.NFO,03/02/2025,09:40:25,23629.5,23630.05,225,23639.95,300,0,69000
NIFTY-III.NFO,03/02/2025,09:40:26,23629.5,23630.05,225,23638.85,225,0,69000
NIFTY-III.NFO,03/02/2025,09:40:28,23629.5,23630.05,150,23638,225,0,69000
NIFTY-III.NFO,03/02/2025,09:40:30,23629.5,23630.25,225,23638,150,0,69000
NIFTY-III.NFO,03/02/2025,09:40:31,23629.5,23631.85,225,23639.95,150,0,69000
NIFTY-III.NFO,03/02/2025,09:40:33,23629.5,23630.05,150,23638.1,225,0,69000
NIFTY-III.NFO,03/02/2025,09:40:38,23629.5,23630.05,150,23637.8,225,0,69000
NIFTY-III.NFO,03/02/2025,09:40:40,23629.5,23631.95,225,23639.95,150,0,69000
NIFTY-III.NFO,03/02/2025,09:40:41,23629.5,23635.35,150,23640,75,0,69000
NIFTY-III.NFO,03/02/2025,09:40:43,23629.5,23636.25,150,23640,75,0,69000
NIFTY-III.NFO,03/02/2025,09:40:45,23629.5,23635.6,150,23644.5,150,0,69000
NIFTY-III.NFO,03/02/2025,09:40:46,23629.5,23635.6,225,23644.5,225,0,69000
NIFTY-III.NFO,03/02/2025,09:40:48,23629.5,23636.5,225,23644.5,150,0,69000
NIFTY-III.NFO,03/02/2025,09:40:50,23629.5,23636.9,375,23644.6,75,0,69000
NIFTY-III.NFO,03/02/2025,09:40:53,23629.5,23637.45,225,23645.8,225,0,69000
NIFTY-III.NFO,03/02/2025,09:40:55,23629.5,23639.8,225,23646.65,75,0,69000
NIFTY-III.NFO,03/02/2025,09:40:56,23629.5,23641.25,225,23646.95,75,0,69000
NIFTY-III.NFO,03/02/2025,09:40:58,23629.5,23640.2,375,23649.6,225,0,69000
NIFTY-III.NFO,03/02/2025,09:41:00,23629.5,23641.15,150,23648.85,75,0,69000
NIFTY-III.NFO,03/02/2025,09:41:01,23629.5,23645.45,225,23652.5,75,0,69000
NIFTY-III.NFO,03/02/2025,09:41:03,23629.5,23642.6,225,23651.65,225,0,69000
NIFTY-III.NFO,03/02/2025,09:41:05,23643.25,23643.25,225,23650.65,75,75,69000
NIFTY-III.NFO,03/02/2025,09:41:06,23643.25,23643.85,150,23649.4,75,0,69900
NIFTY-III.NFO,03/02/2025,09:41:08,23643.25,23643.2,150,23650.55,75,0,69900
NIFTY-III.NFO,03/02/2025,09:41:10,23643.25,23641.15,300,23648.6,75,0,69900
NIFTY-III.NFO,03/02/2025,09:41:11,23643.25,23637.05,225,23646.65,150,0,69900
NIFTY-III.NFO,03/02/2025,09:41:13,23643.25,23639.55,225,23647,75,0,69900
NIFTY-III.NFO,03/02/2025,09:41:15,23643.25,23638.7,225,23647,75,0,69900
NIFTY-III.NFO,03/02/2025,09:41:16,23643.25,23637.15,225,23645.5,75,0,69900
NIFTY-III.NFO,03/02/2025,09:41:18,23643.25,23637.55,225,23645.75,75,0,69900
NIFTY-III.NFO,03/02/2025,09:41:20,23643.25,23637.35,150,23645.5,300,0,69900
NIFTY-III.NFO,03/02/2025,09:41:21,23643.25,23640,75,23645.2,150,0,69900
NIFTY-III.NFO,03/02/2025,09:41:23,23643.25,23640,75,23645.9,75,0,69900
NIFTY-III.NFO,03/02/2025,09:41:25,23643.25,23640.95,300,23646.9,75,0,69900
NIFTY-III.NFO,03/02/2025,09:41:26,23643.25,23642.8,150,23650.75,75,0,69900
NIFTY-III.NFO,03/02/2025,09:41:28,23643.25,23641.25,225,23649.75,75,0,69900
NIFTY-III.NFO,03/02/2025,09:41:30,23643.25,23641.5,300,23649.95,75,0,69900
NIFTY-III.NFO,03/02/2025,09:41:31,23643.25,23644.6,225,23653.5,75,0,69900
NIFTY-III.NFO,03/02/2025,09:41:33,23643.25,23644.65,225,23652.95,75,0,69900
NIFTY-III.NFO,03/02/2025,09:41:35,23643.25,23642,150,23645,75,0,69900
NIFTY-III.NFO,03/02/2025,09:41:36,23643.25,23640.35,150,23645,75,0,69900
NIFTY-III.NFO,03/02/2025,09:41:38,23643.25,23640,75,23645,75,0,69900
NIFTY-III.NFO,03/02/2025,09:41:40,23643.25,23640,75,23644.25,75,0,69900
NIFTY-III.NFO,03/02/2025,09:41:41,23643.25,23640,75,23643.25,75,75,69900
NIFTY-III.NFO,03/02/2025,09:41:43,23643.25,23640,75,23643.2,225,0,69900
NIFTY-III.NFO,03/02/2025,09:41:44,23643.25,23640,150,23643.2,225,0,69900
NIFTY-III.NFO,03/02/2025,09:41:46,23640,23635,150,23642.05,300,150,69900
NIFTY-III.NFO,03/02/2025,09:41:48,23640,23635,150,23641.7,225,0,69900
NIFTY-III.NFO,03/02/2025,09:41:49,23640,23635,150,23641.3,300,0,69900
NIFTY-III.NFO,03/02/2025,09:41:51,23640,23635,150,23639.3,300,0,69900
NIFTY-III.NFO,03/02/2025,09:41:53,23640,23635,150,23638.5,300,0,69900
NIFTY-III.NFO,03/02/2025,09:41:54,23640,23635,150,23638.45,300,0,69900
NIFTY-III.NFO,03/02/2025,09:41:56,23640,23635,150,23637.75,300,0,69900
NIFTY-III.NFO,03/02/2025,09:42:00,23640,23635,150,23637.75,75,0,69900
NIFTY-III.NFO,03/02/2025,09:42:01,23640,23635,150,23637.1,300,0,69900
NIFTY-III.NFO,03/02/2025,09:42:03,23635,23630,225,23638.1,75,150,69900
NIFTY-III.NFO,03/02/2025,09:42:05,23635,23631.05,150,23636.35,75,0,69900
NIFTY-III.NFO,03/02/2025,09:42:06,23635,23630.75,150,23640.9,375,0,69900
NIFTY-III.NFO,03/02/2025,09:42:08,23635,23633.2,225,23640.9,225,0,69900
NIFTY-III.NFO,03/02/2025,09:42:10,23635,23630.9,300,23640.1,300,0,69900
NIFTY-III.NFO,03/02/2025,09:42:11,23635,23630.25,150,23639.85,225,0,69900
NIFTY-III.NFO,03/02/2025,09:42:13,23635,23630,75,23637.1,300,0,69900
NIFTY-III.NFO,03/02/2025,09:42:16,23635,23630,75,23636.05,300,0,69900
NIFTY-III.NFO,03/02/2025,09:42:18,23635,23630,75,23636.7,225,0,69900
NIFTY-III.NFO,03/02/2025,09:42:20,23635,23630,75,23635,75,0,69900
NIFTY-III.NFO,03/02/2025,09:42:21,23635,23630.05,150,23635,75,0,69900
NIFTY-III.NFO,03/02/2025,09:42:26,23635,23630,75,23635,75,0,69900
NIFTY-III.NFO,03/02/2025,09:42:28,23635,23635,225,23635.9,75,75,69900
NIFTY-III.NFO,03/02/2025,09:42:30,23635,23635,225,23635.55,75,0,69900
NIFTY-III.NFO,03/02/2025,09:42:31,23635,23635,225,23641.45,150,0,69900
NIFTY-III.NFO,03/02/2025,09:42:33,23644.2,23637.25,150,23640.3,75,225,69900
NIFTY-III.NFO,03/02/2025,09:42:35,23644.2,23635.05,150,23644.3,300,0,69900
NIFTY-III.NFO,03/02/2025,09:42:36,23644.2,23635.35,150,23644.7,300,0,69900
NIFTY-III.NFO,03/02/2025,09:42:38,23644.2,23638,225,23644.3,300,0,69900
NIFTY-III.NFO,03/02/2025,09:42:40,23644.2,23638,225,23643.9,300,0,69900
NIFTY-III.NFO,03/02/2025,09:42:42,23644.2,23638,225,23642.3,225,0,69900
NIFTY-III.NFO,03/02/2025,09:42:43,23644.2,23638,225,23640.3,150,0,69900
NIFTY-III.NFO,03/02/2025,09:42:45,23644.2,23638,225,23640.7,75,0,69900
NIFTY-III.NFO,03/02/2025,09:42:47,23644.2,23638.3,150,23645,75,0,69900
NIFTY-III.NFO,03/02/2025,09:42:48,23645,23645,75,23646.4,75,150,70500
NIFTY-III.NFO,03/02/2025,09:42:50,23645,23645,75,23646.4,75,0,70500
NIFTY-III.NFO,03/02/2025,09:42:52,23645,23637.2,150,23645.25,75,75,70500
NIFTY-III.NFO,03/02/2025,09:42:53,23645,23636.25,150,23644.1,75,0,70500
NIFTY-III.NFO,03/02/2025,09:42:55,23645,23633.65,150,23641.6,150,0,70500
NIFTY-III.NFO,03/02/2025,09:42:57,23645,23634.75,225,23643.25,150,0,70500
NIFTY-III.NFO,03/02/2025,09:42:58,23636.75,23636.75,300,23643.95,75,75,70500
NIFTY-III.NFO,03/02/2025,09:43:00,23636.75,23637.15,300,23644.05,75,0,70500
NIFTY-III.NFO,03/02/2025,09:43:02,23636.75,23636.3,150,23643.65,75,0,70500
NIFTY-III.NFO,03/02/2025,09:43:03,23636.75,23634.3,300,23642.55,300,0,70500
NIFTY-III.NFO,03/02/2025,09:43:05,23636.75,23633.3,150,23640.35,300,0,70500
NIFTY-III.NFO,03/02/2025,09:43:07,23636.75,23633.3,150,23640.15,300,0,70500
NIFTY-III.NFO,03/02/2025,09:43:08,23636.75,23633.3,150,23640.45,225,0,70500
NIFTY-III.NFO,03/02/2025,09:43:10,23636.75,23633.3,150,23638.7,75,0,70500
NIFTY-III.NFO,03/02/2025,09:43:12,23641.75,23633.65,150,23642.3,150,75,70500
NIFTY-III.NFO,03/02/2025,09:43:13,23641.75,23633.85,150,23642.05,75,0,70500
NIFTY-III.NFO,03/02/2025,09:43:15,23641.75,23633.3,150,23638.55,75,0,70500
NIFTY-III.NFO,03/02/2025,09:43:17,23638.1,23633.3,150,23638.65,225,300,70500
NIFTY-III.NFO,03/02/2025,09:43:18,23633.3,23633.3,75,23637.7,225,75,70500
NIFTY-III.NFO,03/02/2025,09:43:20,23633.3,23633.3,75,23636.45,300,0,70500
NIFTY-III.NFO,03/02/2025,09:43:22,23633.3,23631.1,75,23635.65,150,150,70500
NIFTY-III.NFO,03/02/2025,09:43:23,23633.3,23631.1,75,23634.2,75,0,70500
NIFTY-III.NFO,03/02/2025,09:43:25,23633.3,23631.1,75,23634.7,75,0,70500
NIFTY-III.NFO,03/02/2025,09:43:27,23633.3,23631.1,75,23634.05,75,0,70500
NIFTY-III.NFO,03/02/2025,09:43:28,23633.3,23631.1,75,23634.3,75,0,70500
NIFTY-III.NFO,03/02/2025,09:43:30,23631.1,23630,75,23637.4,300,75,70500
NIFTY-III.NFO,03/02/2025,09:43:32,23631.1,23630,75,23636.8,300,0,70500
NIFTY-III.NFO,03/02/2025,09:43:33,23631.1,23630,75,23636.8,75,0,70500
NIFTY-III.NFO,03/02/2025,09:43:35,23631.1,23630,75,23638.4,225,0,70500
NIFTY-III.NFO,03/02/2025,09:43:37,23631.1,23630,75,23637.25,75,0,70500
NIFTY-III.NFO,03/02/2025,09:43:38,23631.1,23630,75,23636.05,75,0,70500
NIFTY-III.NFO,03/02/2025,09:43:40,23631.1,23630.85,225,23640.2,150,0,70500
NIFTY-III.NFO,03/02/2025,09:43:41,23631.1,23632.15,150,23638.1,225,0,70500
NIFTY-III.NFO,03/02/2025,09:43:43,23631.1,23630,75,23636.75,75,0,70500
NIFTY-III.NFO,03/02/2025,09:43:44,23631.1,23630,75,23636.05,75,0,70500
NIFTY-III.NFO,03/02/2025,09:43:46,23631.1,23630,75,23634.85,225,0,70500
NIFTY-III.NFO,03/02/2025,09:43:48,23630,23625.6,150,23633.35,150,75,70500
NIFTY-III.NFO,03/02/2025,09:43:49,23630,23625.05,150,23632.8,75,0,70500
NIFTY-III.NFO,03/02/2025,09:43:51,23630,23625,150,23630.75,75,0,70500
NIFTY-III.NFO,03/02/2025,09:43:53,23630,23625,150,23630.7,150,0,70500
NIFTY-III.NFO,03/02/2025,09:43:54,23630,23625,150,23630.75,150,0,70500
NIFTY-III.NFO,03/02/2025,09:43:56,23630,23625,150,23629.6,300,0,70500
NIFTY-III.NFO,03/02/2025,09:43:58,23630,23625,150,23630.8,75,0,70500
NIFTY-III.NFO,03/02/2025,09:43:59,23630,23625,150,23630.7,75,0,70500
NIFTY-III.NFO,03/02/2025,09:44:01,23630,23625,150,23631,150,0,70500
NIFTY-III.NFO,03/02/2025,09:44:03,23630,23625,150,23630.95,150,0,70500
NIFTY-III.NFO,03/02/2025,09:44:04,23630,23625,150,23630.95,75,0,70500
NIFTY-III.NFO,03/02/2025,09:44:06,23630,23625,150,23632,225,0,70500
NIFTY-III.NFO,03/02/2025,09:44:08,23630,23625,150,23627.3,75,0,70500
NIFTY-III.NFO,03/02/2025,09:44:09,23630,23625,150,23629.35,75,0,70500
NIFTY-III.NFO,03/02/2025,09:44:11,23630,23625,150,23629.85,75,0,70500
NIFTY-III.NFO,03/02/2025,09:44:16,23630,23625,150,23628.85,150,0,70500
NIFTY-III.NFO,03/02/2025,09:44:18,23625,23625,75,23626.1,75,75,70500
NIFTY-III.NFO,03/02/2025,09:44:20,23625,23625,75,23629.85,75,0,70500
NIFTY-III.NFO,03/02/2025,09:44:21,23625,23625.05,150,23629.85,75,0,70500
NIFTY-III.NFO,03/02/2025,09:44:23,23625,23625,75,23629.85,75,0,70500
NIFTY-III.NFO,03/02/2025,09:44:25,23625,23625,75,23629.5,75,0,70500
NIFTY-III.NFO,03/02/2025,09:44:26,23625,23625,75,23626.55,75,0,70500
NIFTY-III.NFO,03/02/2025,09:44:28,23625,23625,75,23627.7,75,0,70500
NIFTY-III.NFO,03/02/2025,09:44:30,23625,23620,225,23623.8,75,75,70500
NIFTY-III.NFO,03/02/2025,09:44:31,23625,23620,225,23623.8,75,0,70500
NIFTY-III.NFO,03/02/2025,09:44:33,23625,23620,225,23624.4,150,0,70500
NIFTY-III.NFO,03/02/2025,09:44:35,23625,23620,225,23623.3,75,0,70500
NIFTY-III.NFO,03/02/2025,09:44:36,23625,23620,225,23622.3,75,0,70500
NIFTY-III.NFO,03/02/2025,09:44:38,23621.7,23620,150,23621.2,150,150,70500
NIFTY-III.NFO,03/02/2025,09:44:38,23620,23620,150,23621.2,150,0,70500
NIFTY-III.NFO,03/02/2025,09:44:40,23620,23616.3,75,23620.45,150,150,70500
NIFTY-III.NFO,03/02/2025,09:44:42,23620,23616.3,75,23619.4,225,0,70500
NIFTY-III.NFO,03/02/2025,09:44:43,23620,23616.3,75,23618.3,150,0,70500
NIFTY-III.NFO,03/02/2025,09:44:45,23620,23613,150,23617.5,75,0,70500
NIFTY-III.NFO,03/02/2025,09:44:47,23620,23613,150,23616.75,75,0,70500
NIFTY-III.NFO,03/02/2025,09:44:48,23620,23613,150,23617.6,75,0,70500
NIFTY-III.NFO,03/02/2025,09:44:50,23620,23615,75,23616.25,75,0,70500
NIFTY-III.NFO,03/02/2025,09:44:52,23620,23615,75,23616.2,75,0,70500
NIFTY-III.NFO,03/02/2025,09:44:55,23620,23615,75,23617.2,75,0,70500
NIFTY-III.NFO,03/02/2025,09:44:57,23620,23615,75,23618.2,150,0,70500
NIFTY-III.NFO,03/02/2025,09:44:58,23620,23615,75,23615.6,75,0,70500
NIFTY-III.NFO,03/02/2025,09:45:00,23615,23613,150,23613.7,75,75,70500
NIFTY-III.NFO,03/02/2025,09:45:00,23615,23613,150,23613.7,75,0,70500
NIFTY-III.NFO,03/02/2025,09:45:02,23613,23611,75,23616.35,75,150,70500
NIFTY-III.NFO,03/02/2025,09:45:02,23613,23611,75,23616.35,75,0,70500
NIFTY-III.NFO,03/02/2025,09:45:03,23613,23611,75,23616.35,150,0,70500
NIFTY-III.NFO,03/02/2025,09:45:05,23613,23611,75,23615.3,450,0,70500
NIFTY-III.NFO,03/02/2025,09:45:07,23613,23611,75,23615.2,150,0,70500
NIFTY-III.NFO,03/02/2025,09:45:08,23611,23610.3,75,23613.7,750,75,70500
NIFTY-III.NFO,03/02/2025,09:45:08,23611,23610.3,75,23613.7,750,0,70500
NIFTY-III.NFO,03/02/2025,09:45:10,23611,23610.3,75,23610.85,750,0,70500
NIFTY-III.NFO,03/02/2025,09:45:12,23611,23610.3,75,23611.65,750,0,70500
NIFTY-III.NFO,03/02/2025,09:45:13,23611,23610.3,75,23611.65,375,0,70500
NIFTY-III.NFO,03/02/2025,09:45:15,23611,23606.3,75,23610.75,750,0,70500
NIFTY-III.NFO,03/02/2025,09:45:17,23611,23606.3,75,23610.2,750,0,70500
NIFTY-III.NFO,03/02/2025,09:45:18,23611,23606.3,75,23610.1,375,0,70500
NIFTY-III.NFO,03/02/2025,09:45:20,23611,23606.3,75,23609.4,750,0,70500
NIFTY-III.NFO,03/02/2025,09:45:22,23611,23606.3,75,23608.9,750,0,70500
NIFTY-III.NFO,03/02/2025,09:45:23,23611,23606.3,75,23607.9,750,0,70500
NIFTY-III.NFO,03/02/2025,09:45:25,23606,23605,225,23606.1,375,150,70500
NIFTY-III.NFO,03/02/2025,09:45:25,23606,23605,225,23606.1,375,0,70500
NIFTY-III.NFO,03/02/2025,09:45:27,23605,23601,75,23605.75,150,225,70500
NIFTY-III.NFO,03/02/2025,09:45:27,23605,23601,75,23605.75,150,0,70500
NIFTY-III.NFO,03/02/2025,09:45:28,23605,23601,75,23605.45,375,0,70500
NIFTY-III.NFO,03/02/2025,09:45:30,23605,23601,75,23605,750,0,70500
NIFTY-III.NFO,03/02/2025,09:45:33,23605,23601,75,23604.75,375,0,70500
NIFTY-III.NFO,03/02/2025,09:45:35,23605,23601,75,23602.35,750,0,70500
NIFTY-III.NFO,03/02/2025,09:45:37,23605,23601,75,23604.25,375,0,70500
NIFTY-III.NFO,03/02/2025,09:45:40,23605,23601,75,23605,825,0,70500
NIFTY-III.NFO,03/02/2025,09:45:42,23605,23601,75,23605.4,75,0,70500
NIFTY-III.NFO,03/02/2025,09:45:45,23605,23601.6,150,23605.4,75,0,70500
NIFTY-III.NFO,03/02/2025,09:45:47,23605,23602.45,150,23608.5,150,0,70500
NIFTY-III.NFO,03/02/2025,09:45:49,23605,23604.15,150,23605,75,0,70500
NIFTY-III.NFO,03/02/2025,09:45:50,23605,23604.35,225,23611.25,750,150,70725
NIFTY-III.NFO,03/02/2025,09:45:50,23604.95,23604.35,225,23611.25,750,0,70725
NIFTY-III.NFO,03/02/2025,09:45:52,23605,23607.25,225,23613,75,0,70725
NIFTY-III.NFO,03/02/2025,09:45:54,23606.95,23605.75,150,23612.1,150,75,70725
NIFTY-III.NFO,03/02/2025,09:45:55,23606.95,23603.45,150,23609.7,1125,0,70725
NIFTY-III.NFO,03/02/2025,09:45:57,23606.95,23606.55,225,23613,75,0,70725
NIFTY-III.NFO,03/02/2025,09:45:59,23606.95,23606.35,225,23613,75,0,70725
NIFTY-III.NFO,03/02/2025,09:46:00,23606.95,23609,150,23613,75,0,70725
NIFTY-III.NFO,03/02/2025,09:46:02,23606.95,23610,150,23613,75,0,70725
NIFTY-III.NFO,03/02/2025,09:46:04,23606.95,23611,150,23613,75,0,70725
NIFTY-III.NFO,03/02/2025,09:46:05,23606.95,23609.65,225,23613,75,0,70725
NIFTY-III.NFO,03/02/2025,09:46:07,23606.95,23611.4,150,23613,75,0,70725
NIFTY-III.NFO,03/02/2025,09:46:09,23606.95,23610.35,150,23613,75,0,70725
NIFTY-III.NFO,03/02/2025,09:46:10,23606.95,23605.25,150,23612.8,150,0,70725
NIFTY-III.NFO,03/02/2025,09:46:12,23606.95,23606.35,225,23613,75,0,70725
NIFTY-III.NFO,03/02/2025,09:46:14,23606.95,23605.25,225,23613,75,0,70725
NIFTY-III.NFO,03/02/2025,09:46:15,23606.95,23606.2,150,23613,75,0,70725
NIFTY-III.NFO,03/02/2025,09:46:17,23606.95,23605.2,150,23612.95,75,0,70725
NIFTY-III.NFO,03/02/2025,09:46:19,23613,23608.9,150,23615,375,75,70725
NIFTY-III.NFO,03/02/2025,09:46:20,23613,23609.9,225,23616.55,75,0,70725
NIFTY-III.NFO,03/02/2025,09:46:22,23613,23608.75,150,23615.8,75,0,70725
NIFTY-III.NFO,03/02/2025,09:46:24,23613,23605.85,150,23613.2,150,0,70725
NIFTY-III.NFO,03/02/2025,09:46:25,23613,23604.45,150,23612.7,150,0,70725
NIFTY-III.NFO,03/02/2025,09:46:27,23613,23607.95,225,23615.75,75,0,70725
NIFTY-III.NFO,03/02/2025,09:46:29,23613,23607.25,150,23614.95,150,0,70725
NIFTY-III.NFO,03/02/2025,09:46:30,23613,23607.95,225,23615.4,75,0,70725
NIFTY-III.NFO,03/02/2025,09:46:32,23613,23608.65,225,23616,450,0,70725
NIFTY-III.NFO,03/02/2025,09:46:34,23613,23607.15,150,23614.65,75,225,70725
NIFTY-III.NFO,03/02/2025,09:46:35,23613,23608.25,150,23615.8,150,0,70725
NIFTY-III.NFO,03/02/2025,09:46:37,23613,23609.7,150,23615.45,75,0,70725
NIFTY-III.NFO,03/02/2025,09:46:39,23613,23608.4,150,23614.95,75,0,70725
NIFTY-III.NFO,03/02/2025,09:46:40,23613,23607.45,225,23614.95,75,0,70725
NIFTY-III.NFO,03/02/2025,09:46:42,23613,23607.45,150,23614.95,75,0,70725
NIFTY-III.NFO,03/02/2025,09:46:43,23613,23607.7,150,23614.95,75,0,70725
NIFTY-III.NFO,03/02/2025,09:46:45,23613,23607.6,225,23614.95,75,0,70725
NIFTY-III.NFO,03/02/2025,09:46:46,23613,23608.55,150,23614.95,75,0,70725
NIFTY-III.NFO,03/02/2025,09:46:48,23613,23607.85,225,23614.95,75,0,70725
NIFTY-III.NFO,03/02/2025,09:46:50,23613,23607.35,150,23614.95,150,0,70725
NIFTY-III.NFO,03/02/2025,09:46:51,23613,23606.5,225,23614.95,150,0,70725
NIFTY-III.NFO,03/02/2025,09:46:53,23613,23607.35,150,23614.95,150,0,70725
NIFTY-III.NFO,03/02/2025,09:46:55,23613,23607,225,23614.95,75,0,70725
NIFTY-III.NFO,03/02/2025,09:46:56,23613,23608.9,150,23614.95,75,0,70725
NIFTY-III.NFO,03/02/2025,09:46:58,23614.95,23607.7,150,23615,150,75,70725
NIFTY-III.NFO,03/02/2025,09:47:00,23614.95,23607.65,150,23615,75,0,70725
NIFTY-III.NFO,03/02/2025,09:47:01,23608.15,23608.15,225,23615,75,75,70725
NIFTY-III.NFO,03/02/2025,09:47:03,23608.15,23609.25,150,23615,75,0,70725
NIFTY-III.NFO,03/02/2025,09:47:05,23608.15,23608.5,150,23614.95,75,0,70725
NIFTY-III.NFO,03/02/2025,09:47:06,23608.15,23607.5,225,23615,150,0,70725
NIFTY-III.NFO,03/02/2025,09:47:08,23608.15,23607.45,150,23614.95,75,0,70725
NIFTY-III.NFO,03/02/2025,09:47:10,23608.15,23606.5,75,23614.1,150,0,70725
NIFTY-III.NFO,03/02/2025,09:47:11,23608.15,23606.5,75,23613.15,150,0,70725
NIFTY-III.NFO,03/02/2025,09:47:13,23608.15,23606.5,75,23613.1,75,0,70725
NIFTY-III.NFO,03/02/2025,09:47:15,23608.15,23606.5,75,23610.65,150,0,70725
NIFTY-III.NFO,03/02/2025,09:47:16,23608.15,23606.5,75,23613.3,150,0,70725
NIFTY-III.NFO,03/02/2025,09:47:18,23608.15,23606.5,75,23611.45,75,0,70725
NIFTY-III.NFO,03/02/2025,09:47:20,23608.15,23606.5,75,23610.95,150,0,70725
NIFTY-III.NFO,03/02/2025,09:47:21,23608.15,23606.5,75,23610.8,150,0,70725
NIFTY-III.NFO,03/02/2025,09:47:23,23608.15,23606.5,75,23609.15,150,0,70725
NIFTY-III.NFO,03/02/2025,09:47:25,23608.15,23606.5,75,23609.15,75,0,70725
NIFTY-III.NFO,03/02/2025,09:47:26,23608.15,23606.5,75,23608.85,150,0,70725
NIFTY-III.NFO,03/02/2025,09:47:28,23608.15,23606.5,75,23608.65,150,0,70725
NIFTY-III.NFO,03/02/2025,09:47:30,23608.15,23606.5,75,23608.65,75,0,70725
NIFTY-III.NFO,03/02/2025,09:47:31,23608.15,23606.5,75,23608.2,150,0,70725
NIFTY-III.NFO,03/02/2025,09:47:33,23606.5,23602,75,23607.55,150,75,70725
NIFTY-III.NFO,03/02/2025,09:47:35,23606.5,23602,75,23607.55,150,0,70725
NIFTY-III.NFO,03/02/2025,09:47:36,23602,23601,75,23605.95,150,75,70725
NIFTY-III.NFO,03/02/2025,09:47:36,23602,23601,75,23605.95,150,0,70725
NIFTY-III.NFO,03/02/2025,09:47:38,23602,23601,75,23603.5,75,0,70725
NIFTY-III.NFO,03/02/2025,09:47:40,23603.55,23601,75,23602.65,150,150,70725
NIFTY-III.NFO,03/02/2025,09:47:41,23602.65,23602,150,23602.6,150,75,70725
NIFTY-III.NFO,03/02/2025,09:47:43,23602.65,23602,150,23602.1,75,0,70725
NIFTY-III.NFO,03/02/2025,09:47:45,23602.65,23602,150,23602.05,75,0,70725
NIFTY-III.NFO,03/02/2025,09:47:46,23602.65,23602,150,23602.1,75,0,70725
NIFTY-III.NFO,03/02/2025,09:47:50,23602,23602,75,23602.05,75,75,70725
NIFTY-III.NFO,03/02/2025,09:47:51,23602,23602,75,23602.05,75,0,70725
NIFTY-III.NFO,03/02/2025,09:47:53,23602,23601,75,23602,75,75,70725
NIFTY-III.NFO,03/02/2025,09:47:55,23602,23601,75,23601.95,75,0,70725
NIFTY-III.NFO,03/02/2025,09:47:56,23601,23600,675,23601.95,75,75,70725
NIFTY-III.NFO,03/02/2025,09:47:56,23601,23600,675,23601.95,75,0,70725
NIFTY-III.NFO,03/02/2025,09:47:58,23601,23600,675,23601.8,75,0,70725
NIFTY-III.NFO,03/02/2025,09:48:00,23601,23600,675,23601.8,150,0,70725
NIFTY-III.NFO,03/02/2025,09:48:01,23600,23591.1,150,23599.1,150,825,70725
NIFTY-III.NFO,03/02/2025,09:48:01,23600,23591.1,150,23599.1,150,0,70725
NIFTY-III.NFO,03/02/2025,09:48:03,23600,23599,150,23599.55,375,0,70725
NIFTY-III.NFO,03/02/2025,09:48:05,23600,23599,150,23600.5,75,0,70725
NIFTY-III.NFO,03/02/2025,09:48:06,23599,23599,75,23599.8,375,75,70725
NIFTY-III.NFO,03/02/2025,09:48:06,23599,23599,75,23599.8,375,0,70725
NIFTY-III.NFO,03/02/2025,09:48:08,23599,23599,75,23599.55,225,0,70725
NIFTY-III.NFO,03/02/2025,09:48:10,23599,23598,75,23599.25,450,75,70725
NIFTY-III.NFO,03/02/2025,09:48:11,23599,23598,75,23598.65,825,0,70725
NIFTY-III.NFO,03/02/2025,09:48:13,23598,23592.45,150,23599.15,75,75,70725
NIFTY-III.NFO,03/02/2025,09:48:13,23598,23592.45,150,23599.15,75,0,70725
NIFTY-III.NFO,03/02/2025,09:48:15,23598,23591.7,150,23599.1,825,0,70725
NIFTY-III.NFO,03/02/2025,09:48:16,23598,23592.2,150,23599.05,75,0,70725
NIFTY-III.NFO,03/02/2025,09:48:20,23591.6,23592.5,225,23598.65,150,75,70725
NIFTY-III.NFO,03/02/2025,09:48:20,23591.6,23592.5,225,23598.65,150,0,70725
NIFTY-III.NFO,03/02/2025,09:48:21,23591.6,23592.35,225,23598.65,150,0,70725
NIFTY-III.NFO,03/02/2025,09:48:23,23591.6,23591.55,225,23598.65,150,0,70725
NIFTY-III.NFO,03/02/2025,09:48:25,23591.6,23593.35,150,23598.7,75,0,70725
NIFTY-III.NFO,03/02/2025,09:48:26,23592.9,23592.4,225,23600,75,75,70725
NIFTY-III.NFO,03/02/2025,09:48:28,23592.9,23594.05,300,23599.6,750,0,70725
NIFTY-III.NFO,03/02/2025,09:48:30,23595.05,23598.85,75,23600,75,75,70725
NIFTY-III.NFO,03/02/2025,09:48:31,23600,23597.1,300,23604,750,75,70725
NIFTY-III.NFO,03/02/2025,09:48:33,23600,23599.85,150,23605.95,150,0,70725
NIFTY-III.NFO,03/02/2025,09:48:35,23600,23599.6,75,23605.55,750,0,70725
NIFTY-III.NFO,03/02/2025,09:48:36,23600,23597.5,75,23604.7,750,0,70725
NIFTY-III.NFO,03/02/2025,09:48:38,23600,23596.95,75,23602.8,150,0,70725
NIFTY-III.NFO,03/02/2025,09:48:40,23600,23598.3,150,23604.7,750,0,70725
NIFTY-III.NFO,03/02/2025,09:48:41,23600,23598.05,75,23604.45,375,0,70725
NIFTY-III.NFO,03/02/2025,09:48:43,23600,23599.35,150,23604.65,75,0,70725
NIFTY-III.NFO,03/02/2025,09:48:44,23598.6,23598.65,225,23604.65,75,150,72150
NIFTY-III.NFO,03/02/2025,09:48:46,23598.6,23600.35,225,23604.65,75,0,72150
NIFTY-III.NFO,03/02/2025,09:48:48,23598.6,23600.4,225,23604.65,75,0,72150
NIFTY-III.NFO,03/02/2025,09:48:49,23598.6,23602.95,225,23609.95,750,0,72150
NIFTY-III.NFO,03/02/2025,09:48:51,23598.6,23602.9,75,23610.45,225,0,72150
NIFTY-III.NFO,03/02/2025,09:48:53,23598.6,23600.45,150,23609.5,225,0,72150
NIFTY-III.NFO,03/02/2025,09:48:54,23598.6,23599.5,75,23607.05,225,0,72150
NIFTY-III.NFO,03/02/2025,09:48:56,23598.6,23598.15,75,23600,75,0,72150
NIFTY-III.NFO,03/02/2025,09:48:58,23598.6,23599.65,75,23600,75,0,72150
NIFTY-III.NFO,03/02/2025,09:48:59,23600,23599.6,75,23606.55,750,75,72150
NIFTY-III.NFO,03/02/2025,09:49:01,23600,23601.2,75,23607.95,150,0,72150
NIFTY-III.NFO,03/02/2025,09:49:03,23600,23598.45,150,23606.85,375,0,72150
NIFTY-III.NFO,03/02/2025,09:49:04,23600,23599,75,23605.1,300,0,72150
NIFTY-III.NFO,03/02/2025,09:49:06,23600,23599,75,23606.5,150,0,72150
NIFTY-III.NFO,03/02/2025,09:49:08,23600,23599,75,23605.3,150,0,72150
NIFTY-III.NFO,03/02/2025,09:49:09,23600,23599,75,23605.95,150,0,72150
NIFTY-III.NFO,03/02/2025,09:49:11,23600,23599,75,23605.15,150,0,72150
NIFTY-III.NFO,03/02/2025,09:49:13,23600,23599.35,225,23606.95,375,0,72150
NIFTY-III.NFO,03/02/2025,09:49:14,23600,23600.1,75,23606.9,150,0,72150
NIFTY-III.NFO,03/02/2025,09:49:16,23600,23600,75,23605.45,150,0,72150
NIFTY-III.NFO,03/02/2025,09:49:19,23600,23599,75,23605.05,375,75,72150
NIFTY-III.NFO,03/02/2025,09:49:21,23600,23599,75,23604.8,300,0,72150
NIFTY-III.NFO,03/02/2025,09:49:23,23600,23599,75,23603.2,300,0,72150
NIFTY-III.NFO,03/02/2025,09:49:24,23600,23599,75,23603.65,375,0,72150
NIFTY-III.NFO,03/02/2025,09:49:26,23599,23594.35,75,23602.7,375,75,72150
NIFTY-III.NFO,03/02/2025,09:49:28,23599,23592.95,225,23602.15,375,0,72150
NIFTY-III.NFO,03/02/2025,09:49:29,23599,23593.9,75,23601.6,300,0,72150
NIFTY-III.NFO,03/02/2025,09:49:31,23599,23591.5,225,23601.3,300,0,72150
NIFTY-III.NFO,03/02/2025,09:49:33,23599,23591.75,225,23601.3,225,0,72150
NIFTY-III.NFO,03/02/2025,09:49:34,23599,23593.75,150,23601.45,150,0,72150
NIFTY-III.NFO,03/02/2025,09:49:36,23599,23592.65,150,23600.1,150,0,72150
NIFTY-III.NFO,03/02/2025,09:49:38,23599,23599,75,23600.1,150,0,72150
NIFTY-III.NFO,03/02/2025,09:49:39,23599,23599,75,23600.05,150,0,72150
NIFTY-III.NFO,03/02/2025,09:49:41,23599,23599,75,23599.8,150,0,72150
NIFTY-III.NFO,03/02/2025,09:49:43,23599,23599,75,23601.35,150,0,72150
NIFTY-III.NFO,03/02/2025,09:49:44,23599,23599,75,23600.9,150,0,72150
NIFTY-III.NFO,03/02/2025,09:49:46,23599,23599,75,23600.15,150,0,72150
NIFTY-III.NFO,03/02/2025,09:49:48,23593.1,23590.95,150,23599.9,150,150,72150
NIFTY-III.NFO,03/02/2025,09:49:49,23590.95,23590.95,75,23599.45,375,75,72150
NIFTY-III.NFO,03/02/2025,09:49:49,23590.95,23590.95,75,23599.45,375,0,72150
NIFTY-III.NFO,03/02/2025,09:49:51,23590.95,23590.95,75,23598.75,225,0,72150
NIFTY-III.NFO,03/02/2025,09:49:53,23590.95,23590.95,225,23599.6,300,0,72150
NIFTY-III.NFO,03/02/2025,09:49:54,23590.95,23590.95,225,23600.4,900,0,72150
NIFTY-III.NFO,03/02/2025,09:49:56,23590.95,23590.95,225,23601.1,225,0,72150
NIFTY-III.NFO,03/02/2025,09:49:58,23590.95,23590.95,150,23599.2,825,0,72150
NIFTY-III.NFO,03/02/2025,09:49:59,23590.95,23590.95,225,23601.3,150,0,72150
NIFTY-III.NFO,03/02/2025,09:50:01,23590.95,23590.95,225,23599.3,750,0,72150
NIFTY-III.NFO,03/02/2025,09:50:03,23590.95,23590.05,225,23598.65,225,0,72150
NIFTY-III.NFO,03/02/2025,09:50:04,23590,23590,300,23598.65,375,150,72150
NIFTY-III.NFO,03/02/2025,09:50:04,23590,23590,300,23598.65,375,0,72150
NIFTY-III.NFO,03/02/2025,09:50:06,23590,23590.05,150,23598.4,375,75,72150
NIFTY-III.NFO,03/02/2025,09:50:08,23590,23590.05,225,23599.45,375,0,72150
NIFTY-III.NFO,03/02/2025,09:50:09,23590,23590.05,225,23600.4,375,0,72150
NIFTY-III.NFO,03/02/2025,09:50:11,23590,23590.05,225,23598.95,225,0,72150
NIFTY-III.NFO,03/02/2025,09:50:13,23590,23591.5,150,23602.35,300,0,72150
NIFTY-III.NFO,03/02/2025,09:50:14,23601.35,23592.35,225,23600.85,375,75,72150
NIFTY-III.NFO,03/02/2025,09:50:16,23601.35,23595.3,75,23602.95,150,0,72150
NIFTY-III.NFO,03/02/2025,09:50:18,23601.35,23593.75,150,23602.15,150,0,72150
NIFTY-III.NFO,03/02/2025,09:50:19,23601.35,23596.8,75,23603.35,750,0,72150
NIFTY-III.NFO,03/02/2025,09:50:21,23602.8,23590.8,150,23600.05,300,150,72150
NIFTY-III.NFO,03/02/2025,09:50:23,23602.8,23591.55,150,23599.35,225,0,72150
NIFTY-III.NFO,03/02/2025,09:50:24,23602.8,23595.4,150,23601.6,75,0,72150
NIFTY-III.NFO,03/02/2025,09:50:26,23602.8,23592.5,150,23601.45,300,0,72150
NIFTY-III.NFO,03/02/2025,09:50:28,23602.8,23592.4,225,23601,75,0,72150
NIFTY-III.NFO,03/02/2025,09:50:29,23602.8,23591.45,300,23599.4,75,0,72150
NIFTY-III.NFO,03/02/2025,09:50:31,23602.8,23591.75,225,23600.5,300,0,72150
NIFTY-III.NFO,03/02/2025,09:50:33,23602.8,23591.45,150,23600.15,225,0,72150
NIFTY-III.NFO,03/02/2025,09:50:34,23602.8,23590.6,150,23599.5,300,0,72150
NIFTY-III.NFO,03/02/2025,09:50:36,23599.5,23592.3,150,23600.8,900,75,72150
NIFTY-III.NFO,03/02/2025,09:50:37,23599.5,23591.65,150,23602.3,225,0,72150
NIFTY-III.NFO,03/02/2025,09:50:39,23599.5,23592.15,150,23600.3,375,0,72150
NIFTY-III.NFO,03/02/2025,09:50:42,23594.7,23594.7,225,23603.25,75,75,72150
NIFTY-III.NFO,03/02/2025,09:50:44,23594.7,23594,225,23602.6,300,0,72150
NIFTY-III.NFO,03/02/2025,09:50:46,23594.7,23594.25,150,23602.6,225,0,72150
NIFTY-III.NFO,03/02/2025,09:50:47,23594.7,23594,225,23603.7,150,0,72150
NIFTY-III.NFO,03/02/2025,09:50:49,23594.7,23592.8,150,23601.05,75,0,72150
NIFTY-III.NFO,03/02/2025,09:50:51,23594.7,23591.5,150,23600.7,300,0,72150
NIFTY-III.NFO,03/02/2025,09:50:52,23594.7,23591.7,300,23599.95,150,0,72150
NIFTY-III.NFO,03/02/2025,09:50:54,23594.7,23592.6,150,23600,75,0,72150
NIFTY-III.NFO,03/02/2025,09:50:56,23594.7,23592.95,300,23600,75,0,72150
NIFTY-III.NFO,03/02/2025,09:50:57,23594.7,23594.55,150,23600,75,0,72150
NIFTY-III.NFO,03/02/2025,09:50:59,23594.7,23595.9,150,23600,75,0,72150
NIFTY-III.NFO,03/02/2025,09:51:01,23594.7,23594.35,150,23600,75,0,72150
NIFTY-III.NFO,03/02/2025,09:51:02,23594.7,23594.9,150,23600,75,0,72150
NIFTY-III.NFO,03/02/2025,09:51:04,23594.7,23595.8,150,23600,75,0,72150
NIFTY-III.NFO,03/02/2025,09:51:06,23594.7,23595.45,300,23600,75,0,72150
NIFTY-III.NFO,03/02/2025,09:51:07,23594.7,23594.95,150,23600,75,0,72150
NIFTY-III.NFO,03/02/2025,09:51:09,23594.7,23593.5,150,23600,75,0,72150
NIFTY-III.NFO,03/02/2025,09:51:11,23594.7,23595.65,150,23600,75,0,72150
NIFTY-III.NFO,03/02/2025,09:51:12,23594.7,23596,150,23600,75,0,72150
NIFTY-III.NFO,03/02/2025,09:51:14,23594.7,23596.3,150,23600,75,0,72150
NIFTY-III.NFO,03/02/2025,09:51:16,23600,23599.85,150,23608.1,225,75,72150
NIFTY-III.NFO,03/02/2025,09:51:17,23600,23599.45,225,23608.35,300,0,72150
NIFTY-III.NFO,03/02/2025,09:51:19,23600,23597.65,150,23606.5,300,0,72150
NIFTY-III.NFO,03/02/2025,09:51:21,23600,23597.55,225,23606.2,300,0,72150
NIFTY-III.NFO,03/02/2025,09:51:22,23600,23595.05,225,23604.15,300,0,72150
NIFTY-III.NFO,03/02/2025,09:51:24,23600,23595.05,225,23604.6,300,0,72150
NIFTY-III.NFO,03/02/2025,09:51:26,23600,23595.05,225,23600,75,0,72150
NIFTY-III.NFO,03/02/2025,09:51:27,23600,23597.3,150,23600,75,0,72150
NIFTY-III.NFO,03/02/2025,09:51:29,23600,23598.9,225,23607.95,300,75,72150
NIFTY-III.NFO,03/02/2025,09:51:31,23600,23597.55,150,23606.55,300,0,72150
NIFTY-III.NFO,03/02/2025,09:51:32,23600,23596.05,225,23605.85,225,0,72150
NIFTY-III.NFO,03/02/2025,09:51:34,23600,23596.45,225,23605.2,300,0,72150
NIFTY-III.NFO,03/02/2025,09:51:36,23600,23598.9,375,23607.35,225,0,72150
NIFTY-III.NFO,03/02/2025,09:51:37,23600,23600.2,375,23608.3,75,0,72150
NIFTY-III.NFO,03/02/2025,09:51:39,23600,23598.2,225,23606.95,300,0,72150
NIFTY-III.NFO,03/02/2025,09:51:41,23600,23599,75,23606.3,300,0,72150
NIFTY-III.NFO,03/02/2025,09:51:42,23600,23599.05,150,23607,675,0,72150
NIFTY-III.NFO,03/02/2025,09:51:44,23600,23600,75,23606.1,225,0,72150
NIFTY-III.NFO,03/02/2025,09:51:45,23600,23600,75,23607,300,0,72150
NIFTY-III.NFO,03/02/2025,09:51:47,23600,23600,75,23607.3,300,0,72150
NIFTY-III.NFO,03/02/2025,09:51:49,23600,23600,75,23606.2,225,0,72150
NIFTY-III.NFO,03/02/2025,09:51:50,23600,23600,75,23605.5,150,0,72150
NIFTY-III.NFO,03/02/2025,09:51:52,23600,23600,75,23604.1,225,0,72150
NIFTY-III.NFO,03/02/2025,09:51:54,23600,23599,75,23603.3,300,75,72300
NIFTY-III.NFO,03/02/2025,09:51:55,23600,23599,75,23601.85,300,0,72300
NIFTY-III.NFO,03/02/2025,09:51:57,23600,23599,75,23600.75,225,75,72300
NIFTY-III.NFO,03/02/2025,09:51:59,23600,23599,75,23600.75,75,0,72300
NIFTY-III.NFO,03/02/2025,09:52:00,23600,23599,75,23600.75,225,0,72300
NIFTY-III.NFO,03/02/2025,09:52:02,23599,23595.9,150,23599.55,300,75,72300
NIFTY-III.NFO,03/02/2025,09:52:04,23599,23595.9,150,23599.8,300,0,72300
NIFTY-III.NFO,03/02/2025,09:52:05,23599,23595.95,150,23603.3,75,0,72300
NIFTY-III.NFO,03/02/2025,09:52:07,23599,23595.9,150,23603.4,300,0,72300
NIFTY-III.NFO,03/02/2025,09:52:09,23599,23599,75,23604.3,225,0,72300
NIFTY-III.NFO,03/02/2025,09:52:10,23599,23599,75,23604.5,75,0,72300
NIFTY-III.NFO,03/02/2025,09:52:12,23599,23599,75,23604.65,300,0,72300
NIFTY-III.NFO,03/02/2025,09:52:14,23599,23599,75,23604.65,225,0,72300
NIFTY-III.NFO,03/02/2025,09:52:15,23599,23597.25,225,23606.45,525,225,72300
NIFTY-III.NFO,03/02/2025,09:52:17,23599,23597.95,150,23606.35,600,0,72300
NIFTY-III.NFO,03/02/2025,09:52:19,23599,23596.45,150,23604.25,825,0,72300
NIFTY-III.NFO,03/02/2025,09:52:20,23599,23600.05,150,23605.9,750,0,72300
NIFTY-III.NFO,03/02/2025,09:52:22,23599,23596.95,225,23606.1,225,0,72300
NIFTY-III.NFO,03/02/2025,09:52:24,23599,23597.7,150,23605.7,750,0,72300
NIFTY-III.NFO,03/02/2025,09:52:25,23599,23598.35,225,23606.25,900,0,72300
NIFTY-III.NFO,03/02/2025,09:52:27,23599,23597.6,225,23605.8,525,0,72300
NIFTY-III.NFO,03/02/2025,09:52:29,23599,23600.6,225,23608.05,750,0,72300
NIFTY-III.NFO,03/02/2025,09:52:30,23599,23602.25,225,23608.35,75,0,72300
NIFTY-III.NFO,03/02/2025,09:52:32,23599,23602.35,150,23608.35,75,0,72300
NIFTY-III.NFO,03/02/2025,09:52:34,23599,23601.85,150,23608.35,75,0,72300
NIFTY-III.NFO,03/02/2025,09:52:35,23599,23600.05,150,23608.35,300,0,72300
NIFTY-III.NFO,03/02/2025,09:52:37,23599,23600,75,23606.8,375,0,72300
NIFTY-III.NFO,03/02/2025,09:52:39,23599,23600,75,23605.1,600,0,72300
NIFTY-III.NFO,03/02/2025,09:52:40,23599,23600,75,23604.3,750,0,72300
NIFTY-III.NFO,03/02/2025,09:52:42,23599,23600,75,23604.15,975,0,72300
NIFTY-III.NFO,03/02/2025,09:52:44,23599,23600,75,23603.7,225,0,72300
NIFTY-III.NFO,03/02/2025,09:52:45,23599,23600,75,23605.6,975,0,72300
NIFTY-III.NFO,03/02/2025,09:52:47,23599,23600,75,23605.4,750,0,72300
NIFTY-III.NFO,03/02/2025,09:52:49,23599,23600,75,23605.05,600,0,72300
NIFTY-III.NFO,03/02/2025,09:52:50,23599,23600,75,23605.05,225,0,72300
NIFTY-III.NFO,03/02/2025,09:52:52,23600,23595.9,150,23600.3,75,75,72300
NIFTY-III.NFO,03/02/2025,09:52:54,23600,23595.9,150,23601,450,0,72300
NIFTY-III.NFO,03/02/2025,09:52:56,23600,23595.9,150,23597.75,75,0,72300
NIFTY-III.NFO,03/02/2025,09:52:57,23600,23595.9,150,23597.95,750,0,72300
NIFTY-III.NFO,03/02/2025,09:52:59,23600,23595.9,150,23599.15,675,0,72300
NIFTY-III.NFO,03/02/2025,09:53:01,23600,23595.9,150,23599.35,150,0,72300
NIFTY-III.NFO,03/02/2025,09:53:02,23595.9,23595,150,23596.7,750,150,72300
NIFTY-III.NFO,03/02/2025,09:53:04,23595,23590.35,150,23599.35,450,150,72300
NIFTY-III.NFO,03/02/2025,09:53:06,23595,23591.05,150,23599,450,0,72300
NIFTY-III.NFO,03/02/2025,09:53:07,23595,23590.9,150,23598.15,75,0,72300
NIFTY-III.NFO,03/02/2025,09:53:09,23595,23591.35,150,23599.3,750,0,72300
NIFTY-III.NFO,03/02/2025,09:53:11,23595,23593.05,150,23601.65,825,0,72300
NIFTY-III.NFO,03/02/2025,09:53:12,23595,23592.15,225,23600.2,750,0,72300
NIFTY-III.NFO,03/02/2025,09:53:14,23595,23594.3,150,23601.3,375,0,72300
NIFTY-III.NFO,03/02/2025,09:53:16,23595,23593.4,150,23601.3,450,0,72300
NIFTY-III.NFO,03/02/2025,09:53:17,23595,23593.75,225,23602.45,75,0,72300
NIFTY-III.NFO,03/02/2025,09:53:19,23595,23594.95,150,23603,375,0,72300
NIFTY-III.NFO,03/02/2025,09:53:21,23595,23597.3,150,23604.45,375,0,72300
NIFTY-III.NFO,03/02/2025,09:53:22,23595,23596.1,150,23604.55,450,0,72300
NIFTY-III.NFO,03/02/2025,09:53:24,23595,23598,150,23605.35,375,0,72300
NIFTY-III.NFO,03/02/2025,09:53:26,23595,23597.85,150,23605,75,0,72300
NIFTY-III.NFO,03/02/2025,09:53:27,23595,23600.3,150,23605,75,0,72300
NIFTY-III.NFO,03/02/2025,09:53:29,23595,23599.5,150,23605,75,0,72300
NIFTY-III.NFO,03/02/2025,09:53:31,23595,23596.1,150,23604.4,450,0,72300
NIFTY-III.NFO,03/02/2025,09:53:32,23595,23598.05,150,23605,75,0,72300
NIFTY-III.NFO,03/02/2025,09:53:34,23595,23596.75,150,23604.8,450,0,72300
NIFTY-III.NFO,03/02/2025,09:53:36,23595,23598.85,150,23605,75,0,72300
NIFTY-III.NFO,03/02/2025,09:53:37,23595,23601,225,23605,75,0,72300
NIFTY-III.NFO,03/02/2025,09:53:39,23605,23603.5,225,23612.05,375,75,72300
NIFTY-III.NFO,03/02/2025,09:53:41,23605,23600.25,150,23607.7,750,0,72300
NIFTY-III.NFO,03/02/2025,09:53:42,23605,23600.15,150,23607.9,750,0,72300
NIFTY-III.NFO,03/02/2025,09:53:44,23605,23600.65,150,23608.25,375,0,72300
NIFTY-III.NFO,03/02/2025,09:53:45,23605,23600.15,150,23607.55,450,0,72300
NIFTY-III.NFO,03/02/2025,09:53:47,23605,23599.4,300,23607.5,375,0,72300
NIFTY-III.NFO,03/02/2025,09:53:49,23605,23599.9,150,23607.25,750,0,72300
NIFTY-III.NFO,03/02/2025,09:53:50,23605,23599.85,150,23607.25,750,0,72300
NIFTY-III.NFO,03/02/2025,09:53:52,23605,23600,150,23607.05,375,0,72300
NIFTY-III.NFO,03/02/2025,09:53:54,23605,23598.9,150,23606.4,450,0,72300
NIFTY-III.NFO,03/02/2025,09:53:55,23605,23599.65,225,23609.5,450,0,72300
NIFTY-III.NFO,03/02/2025,09:53:57,23605,23600.55,150,23608.4,375,0,72300
NIFTY-III.NFO,03/02/2025,09:53:59,23605,23601.1,150,23608.4,375,0,72300
NIFTY-III.NFO,03/02/2025,09:54:00,23605,23603,150,23610.05,375,0,72300
NIFTY-III.NFO,03/02/2025,09:54:02,23605,23602.7,150,23610.3,75,0,72300
NIFTY-III.NFO,03/02/2025,09:54:04,23605,23602.95,150,23609.85,375,0,72300
NIFTY-III.NFO,03/02/2025,09:54:05,23605,23602.15,300,23609.8,375,0,72300
NIFTY-III.NFO,03/02/2025,09:54:07,23605,23601.25,150,23609.8,450,0,72300
NIFTY-III.NFO,03/02/2025,09:54:09,23605,23600.9,300,23609.8,450,0,72300
NIFTY-III.NFO,03/02/2025,09:54:10,23605,23599.85,300,23608.05,375,0,72300
NIFTY-III.NFO,03/02/2025,09:54:12,23605,23599.7,150,23607.95,375,0,72300
NIFTY-III.NFO,03/02/2025,09:54:14,23605,23600.15,150,23607.95,375,0,72300
NIFTY-III.NFO,03/02/2025,09:54:15,23605,23599.05,150,23607.55,825,0,72300
NIFTY-III.NFO,03/02/2025,09:54:17,23605,23598.95,150,23599.7,75,0,72300
NIFTY-III.NFO,03/02/2025,09:54:19,23599.7,23600.65,225,23608.45,150,75,72300
NIFTY-III.NFO,03/02/2025,09:54:20,23599.7,23599.85,150,23608.45,225,0,72300
NIFTY-III.NFO,03/02/2025,09:54:22,23599.7,23600.6,300,23608,150,0,72300
NIFTY-III.NFO,03/02/2025,09:54:24,23599.7,23599.75,150,23608,225,0,72300
NIFTY-III.NFO,03/02/2025,09:54:25,23599.7,23599.2,150,23608,225,0,72300
NIFTY-III.NFO,03/02/2025,09:54:27,23599.7,23599.65,150,23608,225,0,72300
NIFTY-III.NFO,03/02/2025,09:54:29,23599.7,23599.05,150,23607.7,225,0,72300
NIFTY-III.NFO,03/02/2025,09:54:30,23599.7,23603.05,225,23610.7,150,0,72300
NIFTY-III.NFO,03/02/2025,09:54:32,23599.7,23602.8,150,23610.15,375,0,72300
NIFTY-III.NFO,03/02/2025,09:54:34,23599.7,23602.85,150,23610.95,450,0,72300
NIFTY-III.NFO,03/02/2025,09:54:35,23599.7,23604.35,150,23610.45,75,0,72300
NIFTY-III.NFO,03/02/2025,09:54:37,23599.7,23604.85,150,23610.45,75,0,72300
