Ticker,Date,Time,LTP,BuyPrice,BuyQty,SellPrice,SellQty,LTQ,OpenInterest
NIFTY-II.NFO,03/02/2025,09:15:00,23575,23545.8,750,23600.35,750,75,861225
NIFTY-II.NFO,03/02/2025,09:15:00,23575,23545.8,750,23600.35,750,0,861225
NIFTY-II.NFO,03/02/2025,09:15:00,23575,23545.8,750,23600.35,750,0,861225
NIFTY-II.NFO,03/02/2025,09:15:00,23575,23545.8,750,23600.35,750,0,861225
NIFTY-II.NFO,03/02/2025,09:15:01,23557.95,23555,75,23557.05,300,750,861225
NIFTY-II.NFO,03/02/2025,09:15:01,23555.05,23555,75,23557.05,300,0,861225
NIFTY-II.NFO,03/02/2025,09:15:03,23544.5,23531.6,75,23546,150,825,861225
NIFTY-II.NFO,03/02/2025,09:15:03,23530,23531.6,75,23546,150,0,861225
NIFTY-II.NFO,03/02/2025,09:15:04,23550,23550,75,23553.35,300,375,861225
NIFTY-II.NFO,03/02/2025,09:15:06,23540.1,23530.05,225,23540.1,300,375,861225
NIFTY-II.NFO,03/02/2025,09:15:07,23536.55,23530.05,150,23536.55,75,150,861225
NIFTY-II.NFO,03/02/2025,09:15:09,23536.55,23530.65,150,23549.4,300,0,861225
NIFTY-II.NFO,03/02/2025,09:15:11,23532.6,23530.05,75,23539.95,300,75,861225
NIFTY-II.NFO,03/02/2025,09:15:12,23530,23530,225,23540,75,150,861225
NIFTY-II.NFO,03/02/2025,09:15:14,23536,23530,225,23534.8,300,450,861225
NIFTY-II.NFO,03/02/2025,09:15:15,23530,23526,75,23531.35,225,675,861225
NIFTY-II.NFO,03/02/2025,09:15:17,23525.8,23520,75,23525.85,150,375,861225
NIFTY-II.NFO,03/02/2025,09:15:17,23525.1,23520,75,23525.85,150,0,861225
NIFTY-II.NFO,03/02/2025,09:15:19,23520,23511.8,300,23525.35,150,150,861225
NIFTY-II.NFO,03/02/2025,09:15:19,23520,23511.8,300,23525.35,150,0,861225
NIFTY-II.NFO,03/02/2025,09:15:20,23525.55,23514.5,300,23527.45,375,375,861225
NIFTY-II.NFO,03/02/2025,09:15:20,23511.8,23514.5,300,23527.45,375,0,861225
NIFTY-II.NFO,03/02/2025,09:15:22,23525.95,23520,675,23525.6,375,675,861225
NIFTY-II.NFO,03/02/2025,09:15:24,23520.3,23511.05,150,23522,225,1275,861225
NIFTY-II.NFO,03/02/2025,09:15:25,23520,23511.1,300,23520,75,375,861225
NIFTY-II.NFO,03/02/2025,09:15:27,23510.4,23513.3,450,23524,300,900,861225
NIFTY-II.NFO,03/02/2025,09:15:27,23510.4,23513.3,450,23524,300,0,861225
NIFTY-II.NFO,03/02/2025,09:15:29,23524,23513.3,300,23524,225,75,861225
NIFTY-II.NFO,03/02/2025,09:15:30,23515.9,23515.9,300,23520,75,1050,861225
NIFTY-II.NFO,03/02/2025,09:15:32,23513.85,23514.05,150,23523.15,300,900,858300
NIFTY-II.NFO,03/02/2025,09:15:34,23523.8,23520,750,23522.65,150,225,858300
NIFTY-II.NFO,03/02/2025,09:15:35,23520,23520,1200,23521.95,150,375,858300
NIFTY-II.NFO,03/02/2025,09:15:37,23510.3,23511.55,75,23514.05,75,1275,858300
NIFTY-II.NFO,03/02/2025,09:15:37,23510.3,23511.55,75,23514.05,75,0,858300
NIFTY-II.NFO,03/02/2025,09:15:39,23519.05,23511.6,300,23519.3,225,150,858300
NIFTY-II.NFO,03/02/2025,09:15:40,23519,23511.6,375,23520,75,750,858300
NIFTY-II.NFO,03/02/2025,09:15:42,23519,23517.9,150,23520,75,0,858300
NIFTY-II.NFO,03/02/2025,09:15:43,23520,23520,750,23521.15,300,375,858300
NIFTY-II.NFO,03/02/2025,09:15:45,23510.7,23510.7,300,23521.95,225,1200,858300
NIFTY-II.NFO,03/02/2025,09:15:47,23510.7,23512.65,300,23521.95,225,0,858300
NIFTY-II.NFO,03/02/2025,09:15:48,23512.55,23512.55,375,23519.95,300,225,858300
NIFTY-II.NFO,03/02/2025,09:15:50,23512.55,23512,150,23520,600,375,858300
NIFTY-II.NFO,03/02/2025,09:15:51,23520,23512,150,23520,225,375,858300
NIFTY-II.NFO,03/02/2025,09:15:53,23521.45,23513.2,300,23521.5,300,825,858300
NIFTY-II.NFO,03/02/2025,09:15:55,23522.5,23513.2,300,23521.55,75,525,858300
NIFTY-II.NFO,03/02/2025,09:15:56,23522.5,23514.4,300,23521.95,375,0,858300
NIFTY-II.NFO,03/02/2025,09:15:58,23522.5,23520,450,23521.95,75,0,858300
NIFTY-II.NFO,03/02/2025,09:16:00,23520,23512.55,300,23517.4,300,600,858300
NIFTY-II.NFO,03/02/2025,09:16:01,23520,23512.55,300,23514.95,825,0,858300
NIFTY-II.NFO,03/02/2025,09:16:03,23514.95,23512.55,150,23514.6,375,300,858300
NIFTY-II.NFO,03/02/2025,09:16:04,23514.3,23512.55,150,23514.6,75,900,858300
NIFTY-II.NFO,03/02/2025,09:16:06,23514.35,23512.55,150,23514.6,375,75,858300
NIFTY-II.NFO,03/02/2025,09:16:08,23516.15,23510.3,225,23515.7,225,300,858300
NIFTY-II.NFO,03/02/2025,09:16:09,23510.3,23510.3,150,23514.3,450,75,858300
NIFTY-II.NFO,03/02/2025,09:16:11,23510.3,23510.3,75,23514.3,75,150,858300
NIFTY-II.NFO,03/02/2025,09:16:13,23510.3,23510.3,75,23514.3,75,0,858300
NIFTY-II.NFO,03/02/2025,09:16:14,23510,23510,1050,23512.25,600,225,858300
NIFTY-II.NFO,03/02/2025,09:16:14,23510,23510,1050,23512.25,600,0,858300
NIFTY-II.NFO,03/02/2025,09:16:16,23510,23510,975,23510.7,75,75,858300
NIFTY-II.NFO,03/02/2025,09:16:18,23510,23510,900,23510.7,75,75,858300
NIFTY-II.NFO,03/02/2025,09:16:19,23510,23510,825,23512.2,225,150,858300
NIFTY-II.NFO,03/02/2025,09:16:21,23510,23510,1575,23512.5,300,0,858300
NIFTY-II.NFO,03/02/2025,09:16:23,23510,23510,1500,23511.85,1500,150,858300
NIFTY-II.NFO,03/02/2025,09:16:24,23510.85,23510,1425,23510.5,75,300,858300
NIFTY-II.NFO,03/02/2025,09:16:26,23510.5,23510,1425,23511.45,375,75,858300
NIFTY-II.NFO,03/02/2025,09:16:27,23510.7,23510,1275,23511.45,75,225,858300
NIFTY-II.NFO,03/02/2025,09:16:29,23510.5,23510,1275,23511.3,375,75,858300
NIFTY-II.NFO,03/02/2025,09:16:31,23510.45,23510.25,75,23510.85,375,225,858300
NIFTY-II.NFO,03/02/2025,09:16:33,23510.2,23510,1425,23510.2,300,600,858300
NIFTY-II.NFO,03/02/2025,09:16:34,23510.65,23510.45,75,23510.8,225,150,858300
NIFTY-II.NFO,03/02/2025,09:16:36,23510.65,23510.5,75,23510.85,150,0,858300
NIFTY-II.NFO,03/02/2025,09:16:38,23510.2,23510,1500,23510.45,75,225,858300
NIFTY-II.NFO,03/02/2025,09:16:39,23510,23510,1275,23511.4,375,375,858300
NIFTY-II.NFO,03/02/2025,09:16:41,23510.85,23510.85,150,23511.45,75,150,858300
NIFTY-II.NFO,03/02/2025,09:16:43,23510.85,23510.85,150,23511,75,0,858300
NIFTY-II.NFO,03/02/2025,09:16:44,23510.2,23510.2,150,23511.3,75,375,858300
NIFTY-II.NFO,03/02/2025,09:16:46,23512,23511,75,23511.4,150,1500,858300
NIFTY-II.NFO,03/02/2025,09:16:48,23512,23511,75,23511.4,150,0,858300
NIFTY-II.NFO,03/02/2025,09:16:49,23510,23510,900,23510.7,375,600,858300
NIFTY-II.NFO,03/02/2025,09:16:51,23510.8,23510,975,23510.85,750,150,858300
NIFTY-II.NFO,03/02/2025,09:16:53,23510.2,23510,975,23510.5,300,525,858300
NIFTY-II.NFO,03/02/2025,09:16:54,23510,23510,450,23510.2,375,525,858300
NIFTY-II.NFO,03/02/2025,09:16:56,23509.45,23505.9,75,23509.3,75,1125,858300
NIFTY-II.NFO,03/02/2025,09:16:56,23509.45,23505.9,75,23509.3,75,0,858300
NIFTY-II.NFO,03/02/2025,09:16:57,23510.1,23505.9,75,23509.35,75,75,858300
NIFTY-II.NFO,03/02/2025,09:16:59,23505,23504,75,23506.6,75,150,858300
NIFTY-II.NFO,03/02/2025,09:16:59,23505,23504,75,23506.6,75,0,858300
NIFTY-II.NFO,03/02/2025,09:17:01,23506.6,23504.05,300,23509.45,375,75,858300
NIFTY-II.NFO,03/02/2025,09:17:02,23510,23510,75,23510.3,75,225,858300
NIFTY-II.NFO,03/02/2025,09:17:04,23510,23510,75,23511.45,675,0,858300
NIFTY-II.NFO,03/02/2025,09:17:06,23510,23504.6,300,23510,150,150,858300
NIFTY-II.NFO,03/02/2025,09:17:07,23510,23505.5,375,23510,75,75,858300
NIFTY-II.NFO,03/02/2025,09:17:09,23509.75,23505,75,23509.75,525,150,858300
NIFTY-II.NFO,03/02/2025,09:17:11,23505.25,23505.05,300,23510,75,75,858300
NIFTY-II.NFO,03/02/2025,09:17:12,23505.25,23505.55,300,23510,75,0,858300
NIFTY-II.NFO,03/02/2025,09:17:14,23510,23506.8,300,23512,900,75,858300
NIFTY-II.NFO,03/02/2025,09:17:16,23512,23510.25,300,23512,450,450,858300
NIFTY-II.NFO,03/02/2025,09:17:17,23512,23510,225,23510.5,75,0,858300
NIFTY-II.NFO,03/02/2025,09:17:19,23510.95,23510,150,23510.95,75,300,858300
NIFTY-II.NFO,03/02/2025,09:17:21,23510,23505.85,300,23510.85,75,300,858300
NIFTY-II.NFO,03/02/2025,09:17:22,23510,23505.05,300,23508.6,75,375,858300
NIFTY-II.NFO,03/02/2025,09:17:24,23505.05,23510,150,23510.55,150,525,858300
NIFTY-II.NFO,03/02/2025,09:17:26,23505.05,23510,375,23510.55,150,0,858300
NIFTY-II.NFO,03/02/2025,09:17:27,23510.5,23505,150,23509.45,75,525,858300
NIFTY-II.NFO,03/02/2025,09:17:29,23510.5,23505,150,23510.3,75,0,858300
NIFTY-II.NFO,03/02/2025,09:17:31,23510.5,23506,75,23508.85,525,0,858300
NIFTY-II.NFO,03/02/2025,09:17:32,23508.95,23506,75,23509.85,375,750,858300
NIFTY-II.NFO,03/02/2025,09:17:34,23509.75,23506,75,23509.25,375,75,858300
NIFTY-II.NFO,03/02/2025,09:17:35,23509.75,23506,75,23508.6,375,0,858300
NIFTY-II.NFO,03/02/2025,09:17:37,23505,23505,225,23506.9,300,225,858300
NIFTY-II.NFO,03/02/2025,09:17:39,23506.8,23505,450,23507.05,225,300,858300
NIFTY-II.NFO,03/02/2025,09:17:40,23506.8,23505.1,75,23508.35,225,0,858300
NIFTY-II.NFO,03/02/2025,09:17:42,23506.8,23505.1,75,23507.15,375,0,858300
NIFTY-II.NFO,03/02/2025,09:17:44,23506.8,23505.1,75,23506.2,1125,0,858300
NIFTY-II.NFO,03/02/2025,09:17:45,23506.35,23505.1,75,23506.1,300,825,858300
NIFTY-II.NFO,03/02/2025,09:17:47,23505.1,23505,750,23505.1,150,75,858300
NIFTY-II.NFO,03/02/2025,09:17:49,23504.3,23504,75,23505.25,300,825,858300
NIFTY-II.NFO,03/02/2025,09:17:49,23504.3,23504,75,23505.25,300,0,858300
NIFTY-II.NFO,03/02/2025,09:17:50,23502,23502,75,23505.1,1200,225,858300
NIFTY-II.NFO,03/02/2025,09:17:50,23502,23502,75,23505.1,1200,0,858300
NIFTY-II.NFO,03/02/2025,09:17:52,23502,23501.05,75,23504.3,300,75,858300
NIFTY-II.NFO,03/02/2025,09:17:54,23505.1,23501.05,75,23502.45,300,75,858300
NIFTY-II.NFO,03/02/2025,09:17:55,23505.1,23501.05,75,23502.45,300,0,858300
NIFTY-II.NFO,03/02/2025,09:17:57,23502.3,23501.05,75,23503.1,300,150,858300
NIFTY-II.NFO,03/02/2025,09:17:59,23501.05,23501,300,23501.4,300,75,858300
NIFTY-II.NFO,03/02/2025,09:17:59,23501.05,23501,300,23501.4,300,0,858300
NIFTY-II.NFO,03/02/2025,09:18:00,23500,23500,975,23500.3,900,600,858300
NIFTY-II.NFO,03/02/2025,09:18:00,23500,23500,975,23500.3,900,0,858300
NIFTY-II.NFO,03/02/2025,09:18:02,23500,23500,750,23500.1,600,675,858300
NIFTY-II.NFO,03/02/2025,09:18:04,23500,23500,600,23500.1,300,450,858300
NIFTY-II.NFO,03/02/2025,09:18:05,23500,23500,525,23500.1,300,75,858300
NIFTY-II.NFO,03/02/2025,09:18:07,23500,23500,300,23500.1,75,450,858300
NIFTY-II.NFO,03/02/2025,09:18:09,23500.1,23500,375,23502.65,375,75,858300
NIFTY-II.NFO,03/02/2025,09:18:10,23500.1,23500.95,300,23505,150,0,858300
NIFTY-II.NFO,03/02/2025,09:18:12,23500.1,23500.05,300,23505,150,0,858300
NIFTY-II.NFO,03/02/2025,09:18:13,23500.25,23500.4,300,23505,150,75,858300
NIFTY-II.NFO,03/02/2025,09:18:15,23500.25,23500.25,300,23505,150,0,858300
NIFTY-II.NFO,03/02/2025,09:18:17,23500.25,23500.1,75,23502.75,375,0,858300
NIFTY-II.NFO,03/02/2025,09:18:18,23500.15,23500.15,300,23503.55,375,75,858300
NIFTY-II.NFO,03/02/2025,09:18:20,23500.15,23500.25,75,23500.7,75,0,858300
NIFTY-II.NFO,03/02/2025,09:18:22,23500.25,23500.1,75,23500.7,75,75,858300
NIFTY-II.NFO,03/02/2025,09:18:23,23500.25,23500.1,75,23500.7,75,0,858300
NIFTY-II.NFO,03/02/2025,09:18:25,23500.7,23500.1,75,23502.8,375,75,858300
NIFTY-II.NFO,03/02/2025,09:18:27,23500.7,23500.1,75,23502.8,375,0,858300
NIFTY-II.NFO,03/02/2025,09:18:28,23500,23500,450,23501.95,375,150,858300
NIFTY-II.NFO,03/02/2025,09:18:30,23500,23500,450,23501.7,375,0,858300
NIFTY-II.NFO,03/02/2025,09:18:31,23502.5,23500.15,150,23501.8,375,75,858300
NIFTY-II.NFO,03/02/2025,09:18:33,23502.05,23501,75,23501.75,375,525,849075
NIFTY-II.NFO,03/02/2025,09:18:35,23501.75,23501,75,23502.35,450,150,849075
NIFTY-II.NFO,03/02/2025,09:18:36,23501.75,23501,75,23502.35,450,0,849075
NIFTY-II.NFO,03/02/2025,09:18:38,23501,23500.7,75,23501,75,150,849075
NIFTY-II.NFO,03/02/2025,09:18:40,23501,23500.7,75,23501.8,225,75,849075
NIFTY-II.NFO,03/02/2025,09:18:42,23501,23501,75,23501.7,225,0,849075
NIFTY-II.NFO,03/02/2025,09:18:43,23501,23500.7,75,23501.7,225,150,849075
NIFTY-II.NFO,03/02/2025,09:18:45,23500.7,23500.15,150,23500.9,225,75,849075
NIFTY-II.NFO,03/02/2025,09:18:47,23500.7,23500.15,150,23501.5,225,0,849075
NIFTY-II.NFO,03/02/2025,09:18:48,23501.5,23500.7,75,23501.6,150,75,849075
NIFTY-II.NFO,03/02/2025,09:18:50,23500.95,23500.7,75,23501.8,900,225,849075
NIFTY-II.NFO,03/02/2025,09:18:52,23501.45,23500.9,75,23501.4,750,150,849075
NIFTY-II.NFO,03/02/2025,09:18:53,23501.45,23500.9,75,23501.2,900,0,849075
NIFTY-II.NFO,03/02/2025,09:18:55,23501.2,23500.9,75,23501.2,825,75,849075
NIFTY-II.NFO,03/02/2025,09:18:57,23502.05,23500.95,150,23501.95,900,225,849075
NIFTY-II.NFO,03/02/2025,09:18:58,23500.7,23500.15,150,23500.6,450,450,849075
NIFTY-II.NFO,03/02/2025,09:19:00,23501.8,23500,750,23501.65,600,300,849075
NIFTY-II.NFO,03/02/2025,09:19:02,23495.05,23496.1,75,23499.4,750,900,849075
NIFTY-II.NFO,03/02/2025,09:19:02,23495.05,23496.1,75,23499.4,750,0,849075
NIFTY-II.NFO,03/02/2025,09:19:03,23499.35,23496.1,75,23500.4,375,75,849075
NIFTY-II.NFO,03/02/2025,09:19:05,23499.35,23500.45,75,23501.2,750,0,849075
NIFTY-II.NFO,03/02/2025,09:19:07,23499.35,23500.45,75,23501.1,525,0,849075
NIFTY-II.NFO,03/02/2025,09:19:08,23499.35,23500.45,75,23501.75,525,0,849075
NIFTY-II.NFO,03/02/2025,09:19:10,23499.35,23496.55,75,23500.25,450,225,849075
NIFTY-II.NFO,03/02/2025,09:19:12,23499.35,23497.1,300,23501.45,450,0,849075
NIFTY-II.NFO,03/02/2025,09:19:13,23499.35,23497.5,300,23502.05,600,0,849075
NIFTY-II.NFO,03/02/2025,09:19:15,23501.35,23499.35,375,23501.1,375,300,849075
NIFTY-II.NFO,03/02/2025,09:19:17,23499.35,23499.35,300,23501.55,375,75,849075
NIFTY-II.NFO,03/02/2025,09:19:18,23499.35,23502,75,23502.05,450,0,849075
NIFTY-II.NFO,03/02/2025,09:19:20,23502,23500.9,150,23502.05,450,75,849075
NIFTY-II.NFO,03/02/2025,09:19:22,23502.05,23500.9,150,23502.05,375,75,849075
NIFTY-II.NFO,03/02/2025,09:19:23,23502.05,23500.9,150,23502,75,0,849075
NIFTY-II.NFO,03/02/2025,09:19:27,23502,23500.9,150,23502.05,375,75,849075
NIFTY-II.NFO,03/02/2025,09:19:28,23502.05,23500.9,150,23502.05,300,75,849075
NIFTY-II.NFO,03/02/2025,09:19:30,23502.05,23502.05,225,23504.6,75,300,849075
NIFTY-II.NFO,03/02/2025,09:19:32,23502,23500.9,150,23502,1200,300,849075
NIFTY-II.NFO,03/02/2025,09:19:33,23502,23501,75,23502,1200,0,849075
NIFTY-II.NFO,03/02/2025,09:19:38,23502,23501,150,23502,675,525,849075
NIFTY-II.NFO,03/02/2025,09:19:40,23502,23501.9,375,23505,150,750,849075
NIFTY-II.NFO,03/02/2025,09:19:42,23502,23501,75,23505,150,0,849075
NIFTY-II.NFO,03/02/2025,09:19:45,23505,23501,75,23503.85,75,75,849075
NIFTY-II.NFO,03/02/2025,09:19:46,23505,23501,75,23503.05,300,0,849075
NIFTY-II.NFO,03/02/2025,09:19:48,23502.85,23501,75,23502.65,375,75,849075
NIFTY-II.NFO,03/02/2025,09:19:50,23502,23501,75,23501.65,150,75,849075
NIFTY-II.NFO,03/02/2025,09:19:51,23502.2,23501,75,23502.45,750,225,849075
NIFTY-II.NFO,03/02/2025,09:19:53,23502.5,23501,75,23503.4,375,75,849075
NIFTY-II.NFO,03/02/2025,09:19:55,23502.5,23501,75,23502.45,375,0,849075
NIFTY-II.NFO,03/02/2025,09:19:56,23502.5,23501,75,23503.3,375,0,849075
NIFTY-II.NFO,03/02/2025,09:19:58,23502.5,23501,75,23502.3,750,0,849075
NIFTY-II.NFO,03/02/2025,09:20:00,23502.35,23501,75,23502.55,75,75,849075
NIFTY-II.NFO,03/02/2025,09:20:01,23502.35,23501,75,23502,75,0,849075
NIFTY-II.NFO,03/02/2025,09:20:03,23502,23501,75,23502.4,750,75,849075
NIFTY-II.NFO,03/02/2025,09:20:04,23502.45,23501,75,23503.05,750,75,849075
NIFTY-II.NFO,03/02/2025,09:20:06,23502.45,23501,75,23502.5,300,0,849075
NIFTY-II.NFO,03/02/2025,09:20:08,23502.45,23501,75,23502.35,75,0,849075
NIFTY-II.NFO,03/02/2025,09:20:09,23502.35,23501.6,75,23502.45,375,75,849075
NIFTY-II.NFO,03/02/2025,09:20:11,23501.8,23501,75,23502.05,375,225,849075
NIFTY-II.NFO,03/02/2025,09:20:13,23499.35,23499.35,75,23500.15,300,1125,849075
NIFTY-II.NFO,03/02/2025,09:20:14,23499,23499,75,23501.85,525,150,849075
NIFTY-II.NFO,03/02/2025,09:20:16,23499,23499,75,23500.45,375,0,849075
NIFTY-II.NFO,03/02/2025,09:20:18,23501.6,23501.7,150,23503.4,750,75,849075
NIFTY-II.NFO,03/02/2025,09:20:19,23500.75,23499,75,23500.75,975,300,849075
NIFTY-II.NFO,03/02/2025,09:20:21,23502.35,23499,75,23502.5,1125,600,849075
NIFTY-II.NFO,03/02/2025,09:20:23,23501.5,23499,75,23501.05,225,1800,849075
NIFTY-II.NFO,03/02/2025,09:20:24,23500.4,23499,75,23501.05,150,75,849075
NIFTY-II.NFO,03/02/2025,09:20:26,23501,23498.7,75,23501,75,150,849075
NIFTY-II.NFO,03/02/2025,09:20:28,23501,23498.7,75,23501,75,0,849075
NIFTY-II.NFO,03/02/2025,09:20:29,23501,23499.35,375,23500,75,0,849075
NIFTY-II.NFO,03/02/2025,09:20:31,23500,23500.05,150,23501,75,75,849075
NIFTY-II.NFO,03/02/2025,09:20:33,23501,23501.95,75,23507.9,750,75,849075
NIFTY-II.NFO,03/02/2025,09:20:34,23501,23500.15,225,23506.45,225,75,849075
NIFTY-II.NFO,03/02/2025,09:20:36,23501,23500,225,23506.1,750,0,849075
NIFTY-II.NFO,03/02/2025,09:20:38,23505.5,23500,150,23504.5,750,150,849075
NIFTY-II.NFO,03/02/2025,09:20:39,23505.5,23500,150,23504.5,150,0,849075
NIFTY-II.NFO,03/02/2025,09:20:41,23505.5,23500,150,23502.75,300,0,849075
NIFTY-II.NFO,03/02/2025,09:20:42,23505.5,23500,225,23503.5,750,0,849075
NIFTY-II.NFO,03/02/2025,09:20:44,23505.5,23500,225,23503.3,750,0,849075
NIFTY-II.NFO,03/02/2025,09:20:46,23500,23500,150,23504.25,750,375,849075
NIFTY-II.NFO,03/02/2025,09:20:47,23500,23500.05,75,23503.35,750,75,849075
NIFTY-II.NFO,03/02/2025,09:20:49,23502,23502,225,23503.35,375,75,849075
NIFTY-II.NFO,03/02/2025,09:20:51,23502,23502,225,23504.6,375,0,849075
NIFTY-II.NFO,03/02/2025,09:20:53,23502,23502,225,23503.95,375,0,849075
NIFTY-II.NFO,03/02/2025,09:20:54,23502,23502,300,23503,375,0,849075
NIFTY-II.NFO,03/02/2025,09:20:56,23502,23500.05,75,23502.15,375,300,849075
NIFTY-II.NFO,03/02/2025,09:20:58,23502,23500.05,75,23500.95,975,0,849075
NIFTY-II.NFO,03/02/2025,09:20:59,23498.2,23496,300,23498.55,525,900,849075
NIFTY-II.NFO,03/02/2025,09:21:01,23498.05,23496,300,23497.25,75,75,849075
NIFTY-II.NFO,03/02/2025,09:21:03,23498.05,23496,300,23497.25,75,0,849075
NIFTY-II.NFO,03/02/2025,09:21:04,23496,23495,75,23497.2,750,300,849075
NIFTY-II.NFO,03/02/2025,09:21:06,23496,23495,75,23496.8,375,0,849075
NIFTY-II.NFO,03/02/2025,09:21:08,23496,23495,75,23496.15,375,0,849075
NIFTY-II.NFO,03/02/2025,09:21:09,23494.15,23493.3,75,23495,225,300,849075
NIFTY-II.NFO,03/02/2025,09:21:09,23494.15,23493.3,75,23495,225,0,849075
NIFTY-II.NFO,03/02/2025,09:21:11,23494.15,23493.3,75,23495,300,0,849075
NIFTY-II.NFO,03/02/2025,09:21:13,23495,23492.05,300,23495,150,150,849075
NIFTY-II.NFO,03/02/2025,09:21:13,23493.3,23492.05,300,23495,150,0,849075
NIFTY-II.NFO,03/02/2025,09:21:14,23495,23494.15,75,23495,150,0,849075
NIFTY-II.NFO,03/02/2025,09:21:18,23494.15,23492.4,300,23495,150,75,849075
NIFTY-II.NFO,03/02/2025,09:21:19,23492.6,23494.15,75,23495.15,225,225,849075
NIFTY-II.NFO,03/02/2025,09:21:19,23492.6,23494.15,75,23495.15,225,0,849075
NIFTY-II.NFO,03/02/2025,09:21:21,23492.05,23492.05,300,23495.15,225,300,849075
NIFTY-II.NFO,03/02/2025,09:21:21,23492.05,23492.05,300,23495.15,225,0,849075
NIFTY-II.NFO,03/02/2025,09:21:23,23492.05,23492.05,300,23495.15,225,0,849075
NIFTY-II.NFO,03/02/2025,09:21:24,23495.15,23493.85,525,23496.65,75,225,849075
NIFTY-II.NFO,03/02/2025,09:21:26,23496.65,23495.35,225,23497,225,150,849075
NIFTY-II.NFO,03/02/2025,09:21:28,23496.65,23492,75,23495.5,225,0,849075
NIFTY-II.NFO,03/02/2025,09:21:29,23495.5,23492.05,225,23495.5,150,75,849075
NIFTY-II.NFO,03/02/2025,09:21:31,23495.5,23492,75,23495.85,225,0,849075
NIFTY-II.NFO,03/02/2025,09:21:33,23495.85,23495,75,23495.15,150,150,849075
NIFTY-II.NFO,03/02/2025,09:21:34,23495,23492,75,23495.95,225,375,845700
NIFTY-II.NFO,03/02/2025,09:21:36,23495,23492,75,23494.8,225,0,845700
NIFTY-II.NFO,03/02/2025,09:21:39,23494.25,23490.05,225,23494.25,150,150,845700
NIFTY-II.NFO,03/02/2025,09:21:39,23492,23490.05,225,23494.25,150,0,845700
NIFTY-II.NFO,03/02/2025,09:21:41,23494.25,23490,825,23492.85,225,0,845700
NIFTY-II.NFO,03/02/2025,09:21:43,23494.25,23490,825,23490.7,225,0,845700
NIFTY-II.NFO,03/02/2025,09:21:44,23490.7,23490,900,23490.5,225,75,845700
NIFTY-II.NFO,03/02/2025,09:21:44,23490.7,23490,900,23490.5,225,0,845700
NIFTY-II.NFO,03/02/2025,09:21:46,23490.5,23490,900,23490.05,75,75,845700
NIFTY-II.NFO,03/02/2025,09:21:46,23490.5,23490,900,23490.05,75,0,845700
NIFTY-II.NFO,03/02/2025,09:21:48,23490,23490,525,23490.05,450,375,845700
NIFTY-II.NFO,03/02/2025,09:21:48,23490,23490,525,23490.05,450,0,845700
NIFTY-II.NFO,03/02/2025,09:21:49,23489.45,23488,375,23488.05,150,675,845700
NIFTY-II.NFO,03/02/2025,09:21:49,23489.45,23488,375,23488.05,150,0,845700
NIFTY-II.NFO,03/02/2025,09:21:51,23486.75,23485,75,23486.75,225,525,845700
NIFTY-II.NFO,03/02/2025,09:21:51,23486.75,23485,75,23486.75,225,0,845700
NIFTY-II.NFO,03/02/2025,09:21:53,23486.75,23485,75,23486.75,150,0,845700
NIFTY-II.NFO,03/02/2025,09:21:54,23486.75,23486.35,225,23487.45,225,0,845700
NIFTY-II.NFO,03/02/2025,09:21:56,23486.75,23485,75,23487.45,225,0,845700
NIFTY-II.NFO,03/02/2025,09:21:58,23482.45,23482.05,150,23486.9,225,375,845700
NIFTY-II.NFO,03/02/2025,09:21:58,23482.45,23482.05,150,23486.9,225,0,845700
NIFTY-II.NFO,03/02/2025,09:21:59,23486.9,23482.5,225,23487.6,225,75,845700
NIFTY-II.NFO,03/02/2025,09:22:01,23486.9,23482.5,150,23486.9,75,0,845700
NIFTY-II.NFO,03/02/2025,09:22:03,23482.25,23482.75,75,23486.9,75,75,845700
NIFTY-II.NFO,03/02/2025,09:22:03,23482.25,23482.75,75,23486.9,75,0,845700
NIFTY-II.NFO,03/02/2025,09:22:04,23482.25,23482.05,75,23486.9,75,0,845700
NIFTY-II.NFO,03/02/2025,09:22:08,23483.05,23482.5,150,23487.05,225,75,845700
NIFTY-II.NFO,03/02/2025,09:22:09,23487.05,23485.3,225,23491.9,375,225,845700
NIFTY-II.NFO,03/02/2025,09:22:11,23487.05,23487.35,150,23491.7,225,0,845700
NIFTY-II.NFO,03/02/2025,09:22:13,23487.05,23485.6,150,23490.25,225,0,845700
NIFTY-II.NFO,03/02/2025,09:22:14,23487.05,23486.35,150,23490.25,225,0,845700
NIFTY-II.NFO,03/02/2025,09:22:16,23491.95,23485.45,150,23491.05,150,450,845700
NIFTY-II.NFO,03/02/2025,09:22:18,23491.95,23485.1,150,23490.4,225,0,845700
NIFTY-II.NFO,03/02/2025,09:22:19,23490.4,23484.75,225,23490.4,150,300,845700
NIFTY-II.NFO,03/02/2025,09:22:21,23490.15,23483.65,225,23490.15,225,150,845700
NIFTY-II.NFO,03/02/2025,09:22:23,23490.15,23485.1,225,23490,150,0,845700
NIFTY-II.NFO,03/02/2025,09:22:24,23490.15,23485.4,225,23490,150,0,845700
NIFTY-II.NFO,03/02/2025,09:22:26,23490.15,23484.95,75,23489.7,75,0,845700
NIFTY-II.NFO,03/02/2025,09:22:29,23488.8,23484.95,75,23488.8,75,150,845700
NIFTY-II.NFO,03/02/2025,09:22:31,23488.8,23484.95,75,23488.8,75,0,845700
NIFTY-II.NFO,03/02/2025,09:22:33,23488.8,23485.55,150,23489.55,225,0,845700
NIFTY-II.NFO,03/02/2025,09:22:34,23488.8,23486.75,150,23489.55,225,0,845700
NIFTY-II.NFO,03/02/2025,09:22:36,23488.8,23486.65,150,23489.55,225,0,845700
NIFTY-II.NFO,03/02/2025,09:22:38,23489.55,23488.8,75,23489.55,150,75,845700
NIFTY-II.NFO,03/02/2025,09:22:39,23489.55,23488.8,75,23489.55,75,75,845700
NIFTY-II.NFO,03/02/2025,09:22:41,23488.8,23485,75,23488.8,75,75,845700
NIFTY-II.NFO,03/02/2025,09:22:43,23488.8,23488,75,23488.8,75,0,845700
NIFTY-II.NFO,03/02/2025,09:22:44,23488.8,23488,75,23489.15,225,75,845700
NIFTY-II.NFO,03/02/2025,09:22:46,23488.8,23488,75,23489.15,225,0,845700
NIFTY-II.NFO,03/02/2025,09:22:49,23489.15,23488,75,23488.8,75,150,845700
NIFTY-II.NFO,03/02/2025,09:22:51,23488.8,23488,75,23490.4,300,75,845700
NIFTY-II.NFO,03/02/2025,09:22:53,23488.8,23488,75,23490.45,225,0,845700
NIFTY-II.NFO,03/02/2025,09:22:54,23488.8,23488.5,150,23490.45,225,0,845700
NIFTY-II.NFO,03/02/2025,09:22:56,23488.8,23488,150,23490.45,225,0,845700
NIFTY-II.NFO,03/02/2025,09:22:58,23492.1,23488,150,23492.45,225,300,845700
NIFTY-II.NFO,03/02/2025,09:22:59,23492.1,23488,150,23492.45,225,0,845700
NIFTY-II.NFO,03/02/2025,09:23:01,23492.45,23488.05,150,23492.95,225,75,845700
NIFTY-II.NFO,03/02/2025,09:23:03,23492.45,23488,150,23492.95,225,0,845700
NIFTY-II.NFO,03/02/2025,09:23:04,23493.4,23488.05,225,23494.3,225,225,845700
NIFTY-II.NFO,03/02/2025,09:23:06,23493.4,23488.05,225,23494,225,0,845700
NIFTY-II.NFO,03/02/2025,09:23:08,23493.4,23488.3,150,23494,225,0,845700
NIFTY-II.NFO,03/02/2025,09:23:09,23494,23490,75,23494.6,225,75,845700
NIFTY-II.NFO,03/02/2025,09:23:11,23494,23490.4,150,23494.6,225,0,845700
NIFTY-II.NFO,03/02/2025,09:23:16,23494.6,23490.4,150,23494.6,150,75,845700
NIFTY-II.NFO,03/02/2025,09:23:18,23494.6,23490.45,225,23496.1,150,0,845700
NIFTY-II.NFO,03/02/2025,09:23:19,23494.6,23490.4,150,23495.95,150,0,845700
NIFTY-II.NFO,03/02/2025,09:23:21,23494.6,23490.45,225,23496.5,150,0,845700
NIFTY-II.NFO,03/02/2025,09:23:23,23495.45,23490.4,150,23494.8,225,75,845700
NIFTY-II.NFO,03/02/2025,09:23:24,23495.45,23490.4,150,23494.8,225,0,845700
NIFTY-II.NFO,03/02/2025,09:23:26,23495.45,23490.45,225,23494.8,225,0,845700
NIFTY-II.NFO,03/02/2025,09:23:29,23495.45,23494,75,23494.8,225,0,845700
NIFTY-II.NFO,03/02/2025,09:23:31,23496.65,23494,225,23497.1,225,300,845700
NIFTY-II.NFO,03/02/2025,09:23:33,23496.65,23494,75,23497.1,225,0,845700
NIFTY-II.NFO,03/02/2025,09:23:34,23497.1,23494.05,150,23497.1,75,150,845700
NIFTY-II.NFO,03/02/2025,09:23:36,23497.1,23494,75,23496.95,225,0,845700
NIFTY-II.NFO,03/02/2025,09:23:41,23496.95,23494,75,23496.95,75,150,845700
NIFTY-II.NFO,03/02/2025,09:23:43,23496.95,23494,75,23497.1,75,75,845700
NIFTY-II.NFO,03/02/2025,09:23:44,23496.95,23494.05,150,23497.1,75,0,845700
NIFTY-II.NFO,03/02/2025,09:23:46,23496.95,23496.95,75,23497.1,75,0,845700
NIFTY-II.NFO,03/02/2025,09:23:49,23496.95,23497,75,23497.1,75,0,845700
NIFTY-II.NFO,03/02/2025,09:23:51,23497.5,23497,75,23497.5,75,150,845700
NIFTY-II.NFO,03/02/2025,09:23:53,23497.5,23497,75,23497.5,75,0,845700
NIFTY-II.NFO,03/02/2025,09:23:54,23497.5,23497,75,23500.8,150,75,845700
NIFTY-II.NFO,03/02/2025,09:23:56,23500.8,23500,75,23500.85,225,150,845700
NIFTY-II.NFO,03/02/2025,09:23:58,23500.85,23500,75,23500.85,150,75,845700
NIFTY-II.NFO,03/02/2025,09:23:59,23500,23500,300,23500.85,75,150,845700
NIFTY-II.NFO,03/02/2025,09:24:01,23500.85,23500,300,23502.9,225,75,845700
NIFTY-II.NFO,03/02/2025,09:24:03,23502.9,23500,300,23502.05,225,75,845700
NIFTY-II.NFO,03/02/2025,09:24:04,23502.05,23500,375,23502.05,150,75,845700
NIFTY-II.NFO,03/02/2025,09:24:06,23502.05,23500,375,23502.05,150,0,845700
NIFTY-II.NFO,03/02/2025,09:24:08,23502.05,23500,375,23500.7,225,0,845700
NIFTY-II.NFO,03/02/2025,09:24:13,23500.7,23500,375,23500.7,150,75,845700
NIFTY-II.NFO,03/02/2025,09:24:14,23500.7,23500,375,23500.7,75,75,845700
NIFTY-II.NFO,03/02/2025,09:24:16,23500.7,23500,375,23500.7,75,0,845700
NIFTY-II.NFO,03/02/2025,09:24:18,23501.15,23501,225,23501.15,75,150,845700
NIFTY-II.NFO,03/02/2025,09:24:19,23501.25,23501,225,23501.5,300,150,845700
NIFTY-II.NFO,03/02/2025,09:24:21,23501.25,23501,225,23501.45,150,0,845700
NIFTY-II.NFO,03/02/2025,09:24:23,23500.7,23500,225,23501,300,375,845700
NIFTY-II.NFO,03/02/2025,09:24:24,23500.35,23500,225,23500.25,300,75,845700
NIFTY-II.NFO,03/02/2025,09:24:26,23500.35,23500,225,23500.1,225,0,845700
NIFTY-II.NFO,03/02/2025,09:24:28,23500.1,23500,300,23501.15,75,225,845700
NIFTY-II.NFO,03/02/2025,09:24:29,23500.1,23500,300,23501.15,75,0,845700
NIFTY-II.NFO,03/02/2025,09:24:31,23501.15,23502,75,23502.05,225,75,845700
NIFTY-II.NFO,03/02/2025,09:24:33,23501.15,23502,75,23502.05,225,0,845700
NIFTY-II.NFO,03/02/2025,09:24:36,23502,23500.05,300,23505.7,375,150,846825
NIFTY-II.NFO,03/02/2025,09:24:38,23502,23500.45,225,23506.15,150,0,846825
NIFTY-II.NFO,03/02/2025,09:24:39,23502,23501,75,23505.25,1125,0,846825
NIFTY-II.NFO,03/02/2025,09:24:41,23502,23501,75,23504.4,150,0,846825
NIFTY-II.NFO,03/02/2025,09:24:42,23501,23500,375,23504.2,150,75,846825
NIFTY-II.NFO,03/02/2025,09:24:44,23503.75,23500,375,23503.9,150,600,846825
NIFTY-II.NFO,03/02/2025,09:24:46,23503.75,23500,375,23502.05,225,0,846825
NIFTY-II.NFO,03/02/2025,09:24:47,23503.75,23502,300,23502.05,225,0,846825
NIFTY-II.NFO,03/02/2025,09:24:49,23503.3,23502,300,23502.45,225,600,846825
NIFTY-II.NFO,03/02/2025,09:24:51,23503.3,23502,300,23502.45,225,0,846825
NIFTY-II.NFO,03/02/2025,09:24:54,23501.9,23500,600,23502.15,375,1050,846825
NIFTY-II.NFO,03/02/2025,09:24:56,23500,23500,525,23502,75,75,846825
NIFTY-II.NFO,03/02/2025,09:24:57,23502.55,23500,525,23503,75,75,846825
NIFTY-II.NFO,03/02/2025,09:24:59,23500,23500,375,23502.3,750,150,846825
NIFTY-II.NFO,03/02/2025,09:25:01,23501.45,23500,375,23501.35,75,600,846825
NIFTY-II.NFO,03/02/2025,09:25:03,23500,23500,300,23500.55,75,75,846825
NIFTY-II.NFO,03/02/2025,09:25:04,23500,23499,75,23500.1,150,300,846825
NIFTY-II.NFO,03/02/2025,09:25:06,23500.15,23499,75,23500,75,450,846825
NIFTY-II.NFO,03/02/2025,09:25:08,23500.15,23499,75,23500,75,0,846825
NIFTY-II.NFO,03/02/2025,09:25:09,23500.6,23499,75,23500.65,750,450,846825
NIFTY-II.NFO,03/02/2025,09:25:11,23499,23497,225,23499.15,75,75,846825
NIFTY-II.NFO,03/02/2025,09:25:13,23499.25,23497,225,23498.15,375,150,846825
NIFTY-II.NFO,03/02/2025,09:25:14,23499.15,23497,225,23498.05,75,1200,846825
NIFTY-II.NFO,03/02/2025,09:25:16,23498.05,23497,225,23499.5,975,75,846825
NIFTY-II.NFO,03/02/2025,09:25:18,23499.25,23497,225,23502.15,150,75,846825
NIFTY-II.NFO,03/02/2025,09:25:19,23499.25,23497,225,23500.5,225,0,846825
NIFTY-II.NFO,03/02/2025,09:25:21,23497,23498,75,23498.2,525,525,846825
NIFTY-II.NFO,03/02/2025,09:25:23,23498,23497,150,23498.15,825,75,846825
NIFTY-II.NFO,03/02/2025,09:25:24,23497,23492.2,225,23497.5,300,150,846825
NIFTY-II.NFO,03/02/2025,09:25:26,23497.15,23494.25,75,23496.4,675,450,846825
NIFTY-II.NFO,03/02/2025,09:25:28,23496.45,23494.25,75,23496.65,150,75,846825
NIFTY-II.NFO,03/02/2025,09:25:29,23491.75,23491.05,225,23496.1,750,225,846825
NIFTY-II.NFO,03/02/2025,09:25:31,23491.75,23491.05,150,23495.8,150,0,846825
NIFTY-II.NFO,03/02/2025,09:25:33,23491.75,23491.1,225,23496.15,375,0,846825
NIFTY-II.NFO,03/02/2025,09:25:34,23491.75,23491,75,23496.65,750,0,846825
NIFTY-II.NFO,03/02/2025,09:25:36,23496.65,23491.9,300,23497.15,150,225,846825
NIFTY-II.NFO,03/02/2025,09:25:38,23496.65,23491.65,450,23497.15,150,0,846825
NIFTY-II.NFO,03/02/2025,09:25:39,23497.15,23496.7,375,23500,150,150,846825
NIFTY-II.NFO,03/02/2025,09:25:41,23503.85,23500.15,300,23504.1,375,675,846825
NIFTY-II.NFO,03/02/2025,09:25:43,23501.25,23501.45,300,23505.1,375,75,846825
NIFTY-II.NFO,03/02/2025,09:25:44,23501.25,23503.25,300,23506.6,375,0,846825
NIFTY-II.NFO,03/02/2025,09:25:46,23506.9,23504.4,450,23508.5,375,525,846825
NIFTY-II.NFO,03/02/2025,09:25:48,23506.9,23507.15,300,23510,150,0,846825
NIFTY-II.NFO,03/02/2025,09:25:49,23506.9,23507,150,23508.2,375,0,846825
NIFTY-II.NFO,03/02/2025,09:25:51,23506.9,23507,150,23507.8,375,0,846825
NIFTY-II.NFO,03/02/2025,09:25:53,23504.2,23504.9,150,23508.9,375,900,846825
NIFTY-II.NFO,03/02/2025,09:25:54,23510,23508.9,300,23514.25,1350,150,846825
NIFTY-II.NFO,03/02/2025,09:25:56,23510,23505.2,300,23509.25,375,0,846825
NIFTY-II.NFO,03/02/2025,09:25:58,23510.3,23506.85,300,23510.7,75,525,846825
NIFTY-II.NFO,03/02/2025,09:25:59,23510.7,23506.8,150,23511.9,675,75,846825
NIFTY-II.NFO,03/02/2025,09:26:01,23510.7,23507.55,300,23510.3,75,0,846825
NIFTY-II.NFO,03/02/2025,09:26:03,23510.3,23509.65,300,23514.3,75,75,846825
NIFTY-II.NFO,03/02/2025,09:26:04,23517.4,23513.65,225,23519.15,375,600,846825
NIFTY-II.NFO,03/02/2025,09:26:06,23517.4,23511.95,225,23517.1,75,0,846825
NIFTY-II.NFO,03/02/2025,09:26:08,23516.9,23510.7,75,23516.05,225,75,846825
NIFTY-II.NFO,03/02/2025,09:26:09,23516.9,23511.55,375,23518.2,450,0,846825
NIFTY-II.NFO,03/02/2025,09:26:11,23516.9,23510.95,375,23517.2,75,0,846825
NIFTY-II.NFO,03/02/2025,09:26:13,23516.9,23510.85,375,23516.55,75,0,846825
NIFTY-II.NFO,03/02/2025,09:26:14,23518.1,23513.8,225,23519.7,75,750,846825
NIFTY-II.NFO,03/02/2025,09:26:16,23518.1,23512.95,225,23518.65,75,0,846825
NIFTY-II.NFO,03/02/2025,09:26:18,23518.1,23518.1,75,23520,150,0,846825
NIFTY-II.NFO,03/02/2025,09:26:19,23518.1,23518.1,75,23518.15,75,0,846825
NIFTY-II.NFO,03/02/2025,09:26:21,23519.15,23518,75,23520,150,600,846825
NIFTY-II.NFO,03/02/2025,09:26:23,23520.2,23518,75,23519.65,75,225,846825
NIFTY-II.NFO,03/02/2025,09:26:24,23519.65,23518,75,23519.7,75,75,846825
NIFTY-II.NFO,03/02/2025,09:26:26,23519.75,23518,150,23519.6,75,150,846825
NIFTY-II.NFO,03/02/2025,09:26:28,23520.1,23518,150,23519.45,75,525,846825
NIFTY-II.NFO,03/02/2025,09:26:29,23520.1,23518.1,150,23518.75,375,0,846825
NIFTY-II.NFO,03/02/2025,09:26:31,23518.1,23518.1,75,23522.35,75,75,846825
NIFTY-II.NFO,03/02/2025,09:26:33,23520,23518.1,75,23520.5,900,150,846825
NIFTY-II.NFO,03/02/2025,09:26:34,23520.4,23518.1,75,23519.45,900,525,846825
NIFTY-II.NFO,03/02/2025,09:26:36,23520.4,23518.1,75,23520,975,0,846825
NIFTY-II.NFO,03/02/2025,09:26:38,23519.65,23518.1,75,23520,75,225,846825
NIFTY-II.NFO,03/02/2025,09:26:39,23520.4,23521.05,300,23526.55,75,225,846825
NIFTY-II.NFO,03/02/2025,09:26:41,23521.05,23519.75,150,23525.85,600,75,846825
NIFTY-II.NFO,03/02/2025,09:26:43,23520,23519.75,150,23522,75,75,846825
NIFTY-II.NFO,03/02/2025,09:26:44,23520.4,23520.3,225,23522,75,225,846825
NIFTY-II.NFO,03/02/2025,09:26:46,23522.3,23522.3,150,23528.45,150,675,846825
NIFTY-II.NFO,03/02/2025,09:26:48,23522.3,23521.05,75,23526.4,75,0,846825
NIFTY-II.NFO,03/02/2025,09:26:51,23522.3,23521.05,75,23526.4,150,0,846825
NIFTY-II.NFO,03/02/2025,09:26:53,23522.3,23521.55,150,23526.4,75,0,846825
NIFTY-II.NFO,03/02/2025,09:26:54,23530.1,23522.9,75,23529.95,375,375,846825
NIFTY-II.NFO,03/02/2025,09:26:56,23530.1,23524.9,375,23532.05,75,0,846825
NIFTY-II.NFO,03/02/2025,09:26:58,23530.1,23530.1,150,23531,75,0,846825
NIFTY-II.NFO,03/02/2025,09:26:59,23530.1,23530.1,75,23530.45,75,75,846825
NIFTY-II.NFO,03/02/2025,09:27:01,23530.1,23528.95,75,23532.75,75,75,846825
NIFTY-II.NFO,03/02/2025,09:27:03,23530.1,23530.1,75,23530.15,75,0,846825
NIFTY-II.NFO,03/02/2025,09:27:04,23530,23528.95,75,23530,150,225,846825
NIFTY-II.NFO,03/02/2025,09:27:06,23530,23528.95,75,23531.5,75,150,846825
NIFTY-II.NFO,03/02/2025,09:27:08,23530,23528.95,75,23531.1,75,0,846825
NIFTY-II.NFO,03/02/2025,09:27:09,23530,23528.95,75,23532.45,75,0,846825
NIFTY-II.NFO,03/02/2025,09:27:11,23530,23528.95,75,23532.15,75,0,846825
NIFTY-II.NFO,03/02/2025,09:27:13,23531.25,23528.95,75,23530,75,75,846825
NIFTY-II.NFO,03/02/2025,09:27:14,23531.4,23528.95,75,23531.75,375,150,846825
NIFTY-II.NFO,03/02/2025,09:27:16,23531.4,23528.95,75,23531.65,150,0,846825
NIFTY-II.NFO,03/02/2025,09:27:18,23531.4,23528.95,75,23530.85,150,0,846825
NIFTY-II.NFO,03/02/2025,09:27:19,23530.6,23528.95,75,23530.5,375,75,846825
NIFTY-II.NFO,03/02/2025,09:27:21,23530.6,23528.95,75,23529.35,375,0,846825
NIFTY-II.NFO,03/02/2025,09:27:23,23529.1,23526.4,75,23528.5,75,75,846825
NIFTY-II.NFO,03/02/2025,09:27:24,23528,23526.4,75,23528.7,300,75,846825
NIFTY-II.NFO,03/02/2025,09:27:26,23528,23526.4,75,23528.6,75,0,846825
NIFTY-II.NFO,03/02/2025,09:27:28,23528,23526.4,75,23527.05,900,0,846825
NIFTY-II.NFO,03/02/2025,09:27:29,23527.15,23526.4,75,23527.4,75,75,846825
NIFTY-II.NFO,03/02/2025,09:27:31,23526.4,23520,75,23527,975,75,846825
NIFTY-II.NFO,03/02/2025,09:27:33,23526.4,23520,75,23526.85,75,0,846825
NIFTY-II.NFO,03/02/2025,09:27:34,23526.4,23520,75,23526.8,600,0,846825
NIFTY-II.NFO,03/02/2025,09:27:36,23526.4,23520,75,23526,750,0,846825
NIFTY-II.NFO,03/02/2025,09:27:38,23523.8,23520,75,23523.8,375,75,837450
NIFTY-II.NFO,03/02/2025,09:27:39,23523.7,23520,75,23524.35,900,225,837450
NIFTY-II.NFO,03/02/2025,09:27:41,23523.7,23520,75,23524.4,900,0,837450
NIFTY-II.NFO,03/02/2025,09:27:43,23523.7,23518.1,75,23523.75,225,0,837450
NIFTY-II.NFO,03/02/2025,09:27:45,23523.7,23518.1,75,23522.75,900,0,837450
NIFTY-II.NFO,03/02/2025,09:27:46,23524,23516.85,300,23524.25,375,300,837450
NIFTY-II.NFO,03/02/2025,09:27:48,23523.7,23516.4,300,23523.8,150,75,837450
NIFTY-II.NFO,03/02/2025,09:27:50,23523.7,23516.95,375,23524.25,375,0,837450
NIFTY-II.NFO,03/02/2025,09:27:51,23525.2,23519.6,525,23525.25,375,75,837450
NIFTY-II.NFO,03/02/2025,09:27:53,23525.2,23519.7,225,23525.8,900,0,837450
NIFTY-II.NFO,03/02/2025,09:27:55,23525.2,23519.75,450,23526.15,375,0,837450
NIFTY-II.NFO,03/02/2025,09:27:56,23525.2,23519.8,375,23527.3,150,0,837450
NIFTY-II.NFO,03/02/2025,09:27:58,23525.2,23525.25,75,23527.15,375,0,837450
NIFTY-II.NFO,03/02/2025,09:28:00,23525.2,23525.45,150,23528.35,375,0,837450
NIFTY-II.NFO,03/02/2025,09:28:01,23525.2,23525.65,225,23530,225,0,837450
NIFTY-II.NFO,03/02/2025,09:28:03,23525.2,23526,300,23530,225,0,837450
NIFTY-II.NFO,03/02/2025,09:28:05,23530,23529.4,300,23530,75,225,837450
NIFTY-II.NFO,03/02/2025,09:28:06,23532,23529.75,300,23535,75,300,837450
NIFTY-II.NFO,03/02/2025,09:28:08,23532,23529.5,300,23535,75,0,837450
NIFTY-II.NFO,03/02/2025,09:28:10,23532,23528.8,225,23534.4,75,0,837450
NIFTY-II.NFO,03/02/2025,09:28:11,23532,23530,75,23534.4,75,0,837450
NIFTY-II.NFO,03/02/2025,09:28:13,23532,23530,75,23534.1,75,0,837450
NIFTY-II.NFO,03/02/2025,09:28:15,23532,23530,75,23533.8,75,0,837450
NIFTY-II.NFO,03/02/2025,09:28:18,23533.8,23530,75,23533.55,75,75,837450
NIFTY-II.NFO,03/02/2025,09:28:20,23533.55,23530,75,23533.45,75,75,837450
NIFTY-II.NFO,03/02/2025,09:28:21,23533.55,23530,75,23533.45,75,0,837450
NIFTY-II.NFO,03/02/2025,09:28:23,23533.55,23530,75,23533.4,75,0,837450
NIFTY-II.NFO,03/02/2025,09:28:26,23533.25,23530,75,23533.25,75,75,837450
NIFTY-II.NFO,03/02/2025,09:28:28,23533.25,23530,75,23533.25,75,0,837450
NIFTY-II.NFO,03/02/2025,09:28:30,23530,23528.25,300,23534.4,75,300,837450
NIFTY-II.NFO,03/02/2025,09:28:31,23530,23527.85,375,23534.95,150,0,837450
NIFTY-II.NFO,03/02/2025,09:28:33,23530,23527.85,300,23534.95,150,0,837450
NIFTY-II.NFO,03/02/2025,09:28:35,23527.85,23527.85,375,23534.85,225,75,837450
NIFTY-II.NFO,03/02/2025,09:28:36,23527.85,23528.4,375,23534.95,75,0,837450
NIFTY-II.NFO,03/02/2025,09:28:38,23527.85,23528.15,375,23534.9,75,0,837450
NIFTY-II.NFO,03/02/2025,09:28:40,23527.85,23531.4,375,23535,150,0,837450
NIFTY-II.NFO,03/02/2025,09:28:41,23527.85,23531,375,23535,225,0,837450
NIFTY-II.NFO,03/02/2025,09:28:43,23527.85,23532.8,225,23535,300,0,837450
NIFTY-II.NFO,03/02/2025,09:28:44,23527.85,23531.35,300,23535,300,0,837450
NIFTY-II.NFO,03/02/2025,09:28:46,23527.85,23530.3,300,23535,300,0,837450
NIFTY-II.NFO,03/02/2025,09:28:48,23527.85,23529.25,300,23535,300,0,837450
NIFTY-II.NFO,03/02/2025,09:28:49,23527.85,23530.1,300,23533,75,0,837450
NIFTY-II.NFO,03/02/2025,09:28:51,23527.85,23529.4,300,23533,75,0,837450
NIFTY-II.NFO,03/02/2025,09:28:53,23527.85,23528.4,300,23533,75,0,837450
NIFTY-II.NFO,03/02/2025,09:28:54,23527.85,23528.1,300,23533,75,0,837450
NIFTY-II.NFO,03/02/2025,09:28:56,23527.85,23529.25,300,23533,75,0,837450
NIFTY-II.NFO,03/02/2025,09:28:58,23527.85,23528.8,300,23533,75,0,837450
NIFTY-II.NFO,03/02/2025,09:28:59,23527.85,23529.3,300,23533,75,0,837450
NIFTY-II.NFO,03/02/2025,09:29:01,23527.85,23530.7,300,23533,75,0,837450
NIFTY-II.NFO,03/02/2025,09:29:03,23527.85,23528.05,300,23533,75,0,837450
NIFTY-II.NFO,03/02/2025,09:29:04,23527.85,23527.9,375,23533,75,0,837450
NIFTY-II.NFO,03/02/2025,09:29:06,23527.85,23527.9,300,23530,75,0,837450
NIFTY-II.NFO,03/02/2025,09:29:08,23528.25,23527.8,75,23530,75,150,837450
NIFTY-II.NFO,03/02/2025,09:29:10,23532.95,23527.8,75,23533,75,600,837450
NIFTY-II.NFO,03/02/2025,09:29:11,23532.95,23528.2,450,23533,75,0,837450
NIFTY-II.NFO,03/02/2025,09:29:13,23532.95,23528.6,300,23533,75,0,837450
NIFTY-II.NFO,03/02/2025,09:29:15,23533,23527.85,375,23534.95,150,75,837450
NIFTY-II.NFO,03/02/2025,09:29:16,23533,23527.8,150,23534.95,150,0,837450
NIFTY-II.NFO,03/02/2025,09:29:18,23533,23528.65,525,23534.95,150,0,837450
NIFTY-II.NFO,03/02/2025,09:29:20,23533,23528.55,450,23535,300,0,837450
NIFTY-II.NFO,03/02/2025,09:29:21,23535,23528.95,375,23535,150,150,837450
NIFTY-II.NFO,03/02/2025,09:29:23,23537.05,23527.95,525,23536.7,150,375,837450
NIFTY-II.NFO,03/02/2025,09:29:25,23536.2,23535.15,75,23536.25,150,225,837450
NIFTY-II.NFO,03/02/2025,09:29:26,23534.95,23527.8,150,23535.15,225,225,837450
NIFTY-II.NFO,03/02/2025,09:29:28,23530,23527.8,75,23534.95,150,150,837450
NIFTY-II.NFO,03/02/2025,09:29:30,23530,23527.95,225,23535.3,75,0,837450
NIFTY-II.NFO,03/02/2025,09:29:31,23537.75,23531.25,150,23539,150,75,837450
NIFTY-II.NFO,03/02/2025,09:29:33,23537.75,23529.95,75,23537.95,225,0,837450
NIFTY-II.NFO,03/02/2025,09:29:35,23537.75,23529.5,300,23537.1,150,0,837450
NIFTY-II.NFO,03/02/2025,09:29:36,23537.65,23530.2,150,23538.4,75,75,837450
NIFTY-II.NFO,03/02/2025,09:29:38,23537.65,23530.5,375,23537.3,75,0,837450
NIFTY-II.NFO,03/02/2025,09:29:40,23537.25,23530,75,23537.3,75,225,837450
NIFTY-II.NFO,03/02/2025,09:29:41,23537.25,23530.05,375,23537.15,75,0,837450
NIFTY-II.NFO,03/02/2025,09:29:43,23537.25,23531.7,75,23539.35,75,0,837450
NIFTY-II.NFO,03/02/2025,09:29:45,23537.25,23530.55,300,23537.95,75,0,837450
NIFTY-II.NFO,03/02/2025,09:29:46,23537.25,23535,75,23537.05,75,0,837450
NIFTY-II.NFO,03/02/2025,09:29:50,23537.25,23535,75,23538.1,75,0,837450
NIFTY-II.NFO,03/02/2025,09:29:53,23535,23531.35,150,23538.1,75,75,837450
NIFTY-II.NFO,03/02/2025,09:29:55,23535,23534.45,375,23540,1125,0,837450
NIFTY-II.NFO,03/02/2025,09:29:56,23535,23536.25,225,23540,1125,0,837450
NIFTY-II.NFO,03/02/2025,09:29:58,23535,23536.9,225,23540,1125,0,837450
NIFTY-II.NFO,03/02/2025,09:30:00,23535,23536.85,375,23540,1125,0,837450
NIFTY-II.NFO,03/02/2025,09:30:01,23535,23533.3,300,23540,1125,0,837450
NIFTY-II.NFO,03/02/2025,09:30:03,23535,23535,75,23539.15,75,0,837450
NIFTY-II.NFO,03/02/2025,09:30:06,23535,23531.15,300,23537.9,75,75,837450
NIFTY-II.NFO,03/02/2025,09:30:08,23535,23530.2,375,23537.7,75,0,837450
NIFTY-II.NFO,03/02/2025,09:30:10,23535,23530.4,300,23537.45,75,0,837450
NIFTY-II.NFO,03/02/2025,09:30:11,23535,23530.05,300,23537.05,75,0,837450
NIFTY-II.NFO,03/02/2025,09:30:13,23530.05,23530,300,23536.45,225,75,837450
NIFTY-II.NFO,03/02/2025,09:30:15,23530.05,23530,300,23535.7,75,0,837450
NIFTY-II.NFO,03/02/2025,09:30:16,23537.15,23532.1,375,23540,1200,750,837450
NIFTY-II.NFO,03/02/2025,09:30:18,23537.15,23531.55,375,23538.4,75,0,837450
NIFTY-II.NFO,03/02/2025,09:30:20,23537.15,23533.6,375,23540,1200,0,837450
NIFTY-II.NFO,03/02/2025,09:30:21,23537.15,23533.75,300,23539.8,150,0,837450
NIFTY-II.NFO,03/02/2025,09:30:23,23537.15,23530.65,300,23537.35,75,0,837450
NIFTY-II.NFO,03/02/2025,09:30:25,23537.15,23530.05,300,23536.45,75,0,837450
NIFTY-II.NFO,03/02/2025,09:30:26,23530.05,23530.45,300,23536.8,75,75,837450
NIFTY-II.NFO,03/02/2025,09:30:28,23530.05,23530,300,23535.25,75,0,837450
NIFTY-II.NFO,03/02/2025,09:30:30,23535,23535,150,23535.25,75,75,837450
NIFTY-II.NFO,03/02/2025,09:30:31,23535,23535,75,23535.2,75,75,837450
NIFTY-II.NFO,03/02/2025,09:30:33,23535,23530,75,23534.75,75,150,837450
NIFTY-II.NFO,03/02/2025,09:30:35,23527.3,23527.2,225,23533.4,75,150,836925
NIFTY-II.NFO,03/02/2025,09:30:36,23526.95,23526.5,300,23532,450,150,836925
NIFTY-II.NFO,03/02/2025,09:30:38,23527.85,23527.85,75,23532,450,75,836925
NIFTY-II.NFO,03/02/2025,09:30:40,23527.85,23526.45,150,23532,450,0,836925
NIFTY-II.NFO,03/02/2025,09:30:41,23532,23526.6,375,23532,300,150,836925
NIFTY-II.NFO,03/02/2025,09:30:43,23527.9,23527.9,375,23534.55,300,300,836925
NIFTY-II.NFO,03/02/2025,09:30:45,23527.9,23527.35,375,23534.9,675,0,836925
NIFTY-II.NFO,03/02/2025,09:30:46,23535.2,23528.2,375,23535.2,225,150,836925
NIFTY-II.NFO,03/02/2025,09:30:48,23534.7,23528.2,375,23535.25,75,375,836925
NIFTY-II.NFO,03/02/2025,09:30:50,23534.7,23526.8,300,23534.25,375,0,836925
NIFTY-II.NFO,03/02/2025,09:30:51,23534.7,23528.75,525,23535.05,75,0,836925
NIFTY-II.NFO,03/02/2025,09:30:53,23534.7,23529.8,300,23535.25,75,0,836925
NIFTY-II.NFO,03/02/2025,09:30:55,23530.2,23531.45,375,23535.25,75,75,836925
NIFTY-II.NFO,03/02/2025,09:30:56,23530.2,23531.15,300,23535.25,75,0,836925
NIFTY-II.NFO,03/02/2025,09:30:58,23530.2,23530.85,300,23535.25,75,0,836925
NIFTY-II.NFO,03/02/2025,09:31:00,23530.2,23529.45,225,23530.2,675,900,836925
NIFTY-II.NFO,03/02/2025,09:31:01,23530.2,23530.45,300,23535.25,75,675,836925
NIFTY-II.NFO,03/02/2025,09:31:03,23530.2,23530.5,225,23535.15,225,0,836925
NIFTY-II.NFO,03/02/2025,09:31:05,23530.2,23531.4,225,23535.25,75,0,836925
NIFTY-II.NFO,03/02/2025,09:31:06,23530.2,23534.3,225,23534.95,75,0,836925
NIFTY-II.NFO,03/02/2025,09:31:08,23537.85,23537.05,225,23539.95,225,450,836925
NIFTY-II.NFO,03/02/2025,09:31:10,23537.85,23535.05,150,23540,1500,0,836925
NIFTY-II.NFO,03/02/2025,09:31:11,23537.85,23535.6,150,23540,1500,0,836925
NIFTY-II.NFO,03/02/2025,09:31:13,23537.85,23534.15,150,23537.85,75,0,836925
NIFTY-II.NFO,03/02/2025,09:31:15,23537.85,23532.7,150,23537.85,75,0,836925
NIFTY-II.NFO,03/02/2025,09:31:17,23537.85,23533.35,300,23537.85,75,0,836925
NIFTY-II.NFO,03/02/2025,09:31:18,23537.85,23533.7,150,23537.85,75,0,836925
NIFTY-II.NFO,03/02/2025,09:31:20,23537.85,23534.4,150,23537.85,75,0,836925
NIFTY-II.NFO,03/02/2025,09:31:22,23537.85,23532,375,23537.85,75,0,836925
NIFTY-II.NFO,03/02/2025,09:31:23,23537.85,23530.6,225,23537,75,0,836925
NIFTY-II.NFO,03/02/2025,09:31:25,23537,23531.3,225,23537.8,300,75,836925
NIFTY-II.NFO,03/02/2025,09:31:26,23537,23530.2,225,23537.8,300,0,836925
NIFTY-II.NFO,03/02/2025,09:31:28,23537,23531.45,225,23537.85,75,0,836925
NIFTY-II.NFO,03/02/2025,09:31:30,23537,23530,150,23537.7,300,0,836925
NIFTY-II.NFO,03/02/2025,09:31:31,23537,23531,150,23537.8,300,0,836925
NIFTY-II.NFO,03/02/2025,09:31:33,23537,23531.6,300,23537.8,300,0,836925
NIFTY-II.NFO,03/02/2025,09:31:35,23537,23537,75,23537.85,75,0,836925
NIFTY-II.NFO,03/02/2025,09:31:36,23539.75,23537,75,23539.65,300,150,836925
NIFTY-II.NFO,03/02/2025,09:31:38,23533.55,23532.45,450,23539.95,300,300,836925
NIFTY-II.NFO,03/02/2025,09:31:40,23540,23533.75,375,23539.95,75,750,836925
NIFTY-II.NFO,03/02/2025,09:31:41,23540,23536,150,23540,675,0,836925
NIFTY-II.NFO,03/02/2025,09:31:43,23540,23535.25,375,23540,375,0,836925
NIFTY-II.NFO,03/02/2025,09:31:44,23540,23536,375,23540,375,0,836925
NIFTY-II.NFO,03/02/2025,09:31:46,23540,23535.45,375,23540,375,0,836925
NIFTY-II.NFO,03/02/2025,09:31:48,23540,23535.25,375,23540,375,0,836925
NIFTY-II.NFO,03/02/2025,09:31:49,23540,23535.45,525,23540,375,0,836925
NIFTY-II.NFO,03/02/2025,09:31:51,23540,23535.75,375,23540,375,0,836925
NIFTY-II.NFO,03/02/2025,09:31:53,23540,23537.2,525,23540,300,75,836925
NIFTY-II.NFO,03/02/2025,09:31:54,23540,23540,225,23547.6,75,300,836925
NIFTY-II.NFO,03/02/2025,09:31:56,23540,23540,75,23544.55,225,150,836925
NIFTY-II.NFO,03/02/2025,09:31:58,23535.95,23536.85,375,23544.95,225,225,836925
NIFTY-II.NFO,03/02/2025,09:31:59,23535.95,23540,150,23545.95,300,0,836925
NIFTY-II.NFO,03/02/2025,09:32:01,23535.95,23540,150,23545.7,225,0,836925
NIFTY-II.NFO,03/02/2025,09:32:03,23535.95,23540.75,225,23546,75,0,836925
NIFTY-II.NFO,03/02/2025,09:32:04,23535.95,23540,150,23545.95,225,0,836925
NIFTY-II.NFO,03/02/2025,09:32:06,23535.95,23540.2,225,23545.7,225,0,836925
NIFTY-II.NFO,03/02/2025,09:32:08,23535.95,23540,150,23545.05,375,0,836925
NIFTY-II.NFO,03/02/2025,09:32:09,23535.95,23540.35,375,23546,75,0,836925
NIFTY-II.NFO,03/02/2025,09:32:11,23548.25,23545,150,23547.45,150,300,836925
NIFTY-II.NFO,03/02/2025,09:32:13,23545,23545,75,23546.6,150,75,836925
NIFTY-II.NFO,03/02/2025,09:32:14,23545,23545,75,23547.5,150,0,836925
NIFTY-II.NFO,03/02/2025,09:32:16,23545,23545,75,23546.8,75,0,836925
NIFTY-II.NFO,03/02/2025,09:32:18,23545,23540.05,300,23545,225,150,836925
NIFTY-II.NFO,03/02/2025,09:32:19,23545,23540.25,225,23545,225,0,836925
NIFTY-II.NFO,03/02/2025,09:32:21,23539.3,23538.1,375,23544.95,150,225,836925
NIFTY-II.NFO,03/02/2025,09:32:23,23544.95,23535.4,525,23543.5,75,75,836925
NIFTY-II.NFO,03/02/2025,09:32:24,23544.95,23535,75,23540.7,75,0,836925
NIFTY-II.NFO,03/02/2025,09:32:26,23544.95,23535,75,23540,75,0,836925
NIFTY-II.NFO,03/02/2025,09:32:28,23540,23535,75,23539.25,225,75,836925
NIFTY-II.NFO,03/02/2025,09:32:29,23540,23535,75,23539.95,225,0,836925
NIFTY-II.NFO,03/02/2025,09:32:31,23539.9,23535,75,23539.6,225,75,836925
NIFTY-II.NFO,03/02/2025,09:32:33,23539.9,23535,75,23538.55,150,0,836925
NIFTY-II.NFO,03/02/2025,09:32:34,23539.9,23535,75,23539.9,150,0,836925
NIFTY-II.NFO,03/02/2025,09:32:36,23535,23534.15,225,23540.4,150,75,836925
NIFTY-II.NFO,03/02/2025,09:32:38,23535,23534.15,225,23540.9,150,0,836925
NIFTY-II.NFO,03/02/2025,09:32:39,23535,23531.9,375,23540.05,150,0,836925
NIFTY-II.NFO,03/02/2025,09:32:41,23535,23534.1,300,23540.55,225,0,836925
NIFTY-II.NFO,03/02/2025,09:32:43,23540.55,23534.25,75,23540.55,150,75,836925
NIFTY-II.NFO,03/02/2025,09:32:44,23540.55,23534.35,75,23540.55,150,0,836925
NIFTY-II.NFO,03/02/2025,09:32:46,23540.55,23534,375,23540.85,225,0,836925
NIFTY-II.NFO,03/02/2025,09:32:48,23540.55,23534.2,300,23542.4,225,0,836925
NIFTY-II.NFO,03/02/2025,09:32:49,23540.55,23533.9,225,23539.55,225,0,836925
NIFTY-II.NFO,03/02/2025,09:32:51,23540.55,23534.75,375,23542.65,150,0,836925
NIFTY-II.NFO,03/02/2025,09:32:53,23540.55,23533.25,300,23542.25,525,0,836925
NIFTY-II.NFO,03/02/2025,09:32:54,23541.8,23533.6,300,23542.2,525,450,836925
NIFTY-II.NFO,03/02/2025,09:32:56,23541.8,23534.25,375,23542.1,525,0,836925
NIFTY-II.NFO,03/02/2025,09:32:58,23541.8,23534.25,375,23542.5,525,0,836925
NIFTY-II.NFO,03/02/2025,09:32:59,23541.8,23534.25,300,23542,375,0,836925
NIFTY-II.NFO,03/02/2025,09:33:01,23541.8,23534.25,375,23541.7,825,0,836925
NIFTY-II.NFO,03/02/2025,09:33:03,23541.8,23534.25,300,23541.85,600,0,836925
NIFTY-II.NFO,03/02/2025,09:33:04,23541.8,23536.05,300,23544.8,525,0,836925
NIFTY-II.NFO,03/02/2025,09:33:06,23541.8,23535.75,300,23544.35,825,0,836925
NIFTY-II.NFO,03/02/2025,09:33:08,23543.75,23534.25,375,23542.6,825,225,836925
NIFTY-II.NFO,03/02/2025,09:33:09,23543.75,23534.25,375,23541.4,825,0,836925
NIFTY-II.NFO,03/02/2025,09:33:11,23543.75,23534.2,75,23540.65,825,0,836925
NIFTY-II.NFO,03/02/2025,09:33:13,23543.75,23534.2,75,23537.85,225,0,836925
NIFTY-II.NFO,03/02/2025,09:33:14,23543.75,23534.2,75,23537.95,450,0,836925
NIFTY-II.NFO,03/02/2025,09:33:16,23543.75,23534.2,75,23538.7,1050,0,836925
NIFTY-II.NFO,03/02/2025,09:33:18,23543.75,23534.2,75,23536.45,525,0,836925
NIFTY-II.NFO,03/02/2025,09:33:19,23534,23530.1,225,23535.15,225,150,836925
NIFTY-II.NFO,03/02/2025,09:33:21,23534,23530.1,225,23533.65,225,0,836925
NIFTY-II.NFO,03/02/2025,09:33:23,23533.4,23530,300,23532.15,225,75,836925
NIFTY-II.NFO,03/02/2025,09:33:24,23533.4,23530,300,23534.2,675,0,836925
NIFTY-II.NFO,03/02/2025,09:33:26,23533.4,23530.1,225,23536.45,225,0,836925
NIFTY-II.NFO,03/02/2025,09:33:28,23533.4,23530,300,23534.35,75,0,836925
NIFTY-II.NFO,03/02/2025,09:33:29,23533.4,23530.1,300,23536.45,675,0,836925
NIFTY-II.NFO,03/02/2025,09:33:31,23533.4,23530.1,225,23534.95,675,0,836925
NIFTY-II.NFO,03/02/2025,09:33:33,23533.4,23530.1,225,23534,75,0,836925
NIFTY-II.NFO,03/02/2025,09:33:34,23533.4,23530,300,23532.4,675,0,836925
NIFTY-II.NFO,03/02/2025,09:33:36,23533.4,23530,300,23531.65,675,0,836925
NIFTY-II.NFO,03/02/2025,09:33:38,23526.85,23526.85,75,23530.25,375,450,835425
NIFTY-II.NFO,03/02/2025,09:33:39,23526.3,23526.25,75,23530.2,150,75,835425
NIFTY-II.NFO,03/02/2025,09:33:41,23526.3,23526.25,75,23531.45,975,0,835425
NIFTY-II.NFO,03/02/2025,09:33:43,23526.3,23526.25,75,23532.25,150,0,835425
NIFTY-II.NFO,03/02/2025,09:33:44,23526.3,23526.5,300,23532.95,675,0,835425
NIFTY-II.NFO,03/02/2025,09:33:46,23526.3,23526.6,375,23533.5,150,0,835425
NIFTY-II.NFO,03/02/2025,09:33:48,23526.3,23528.5,375,23535.1,150,0,835425
NIFTY-II.NFO,03/02/2025,09:33:49,23526.3,23526.3,300,23532.8,150,0,835425
NIFTY-II.NFO,03/02/2025,09:33:51,23526.3,23526.6,375,23533.45,825,0,835425
NIFTY-II.NFO,03/02/2025,09:33:53,23526.3,23526.25,75,23531.9,675,0,835425
NIFTY-II.NFO,03/02/2025,09:33:54,23526.3,23526.25,75,23530.6,150,0,835425
NIFTY-II.NFO,03/02/2025,09:33:56,23530.3,23526.25,75,23529.85,225,75,835425
NIFTY-II.NFO,03/02/2025,09:33:58,23530.3,23526.25,75,23527.8,150,0,835425
NIFTY-II.NFO,03/02/2025,09:33:59,23526.25,23525,150,23525.4,150,150,835425
NIFTY-II.NFO,03/02/2025,09:34:01,23524,23518.1,375,23525.1,225,225,835425
NIFTY-II.NFO,03/02/2025,09:34:03,23524,23518.7,450,23525.05,225,0,835425
NIFTY-II.NFO,03/02/2025,09:34:04,23524,23519.1,300,23524.25,75,0,835425
NIFTY-II.NFO,03/02/2025,09:34:06,23524,23519,525,23525.3,75,0,835425
NIFTY-II.NFO,03/02/2025,09:34:08,23524,23519.6,375,23526,225,0,835425
NIFTY-II.NFO,03/02/2025,09:34:09,23524,23518.3,525,23524.3,75,0,835425
NIFTY-II.NFO,03/02/2025,09:34:11,23524,23520.65,300,23524.3,75,0,835425
NIFTY-II.NFO,03/02/2025,09:34:13,23524,23522.8,300,23524.3,75,0,835425
NIFTY-II.NFO,03/02/2025,09:34:14,23524,23520.9,450,23524.3,75,0,835425
NIFTY-II.NFO,03/02/2025,09:34:16,23524,23522.7,675,23524.3,75,0,835425
NIFTY-II.NFO,03/02/2025,09:34:18,23524,23522.25,300,23524.3,75,0,835425
NIFTY-II.NFO,03/02/2025,09:34:19,23524.3,23524.6,300,23530,75,75,835425
NIFTY-II.NFO,03/02/2025,09:34:21,23524.3,23523.95,375,23530,75,0,835425
NIFTY-II.NFO,03/02/2025,09:34:23,23524.3,23525.3,375,23530,75,0,835425
NIFTY-II.NFO,03/02/2025,09:34:24,23524.3,23525.65,300,23531.7,150,0,835425
NIFTY-II.NFO,03/02/2025,09:34:26,23524.3,23528.05,300,23533.25,525,0,835425
NIFTY-II.NFO,03/02/2025,09:34:28,23524.3,23527.7,300,23532.45,375,0,835425
NIFTY-II.NFO,03/02/2025,09:34:29,23524.3,23526.05,300,23531.55,75,0,835425
NIFTY-II.NFO,03/02/2025,09:34:31,23524.3,23525.7,300,23531.5,75,0,835425
NIFTY-II.NFO,03/02/2025,09:34:33,23524.3,23524.35,300,23529.1,75,0,835425
NIFTY-II.NFO,03/02/2025,09:34:34,23524.3,23524.35,300,23529.15,75,0,835425
NIFTY-II.NFO,03/02/2025,09:34:36,23524.3,23524.3,225,23528.1,600,0,835425
NIFTY-II.NFO,03/02/2025,09:34:38,23524.3,23524.3,225,23527.5,1125,0,835425
NIFTY-II.NFO,03/02/2025,09:34:39,23524.3,23524.3,225,23526.05,75,0,835425
NIFTY-II.NFO,03/02/2025,09:34:41,23524.3,23524.3,225,23524.8,900,0,835425
NIFTY-II.NFO,03/02/2025,09:34:43,23517.8,23517.35,300,23523.45,375,375,835425
NIFTY-II.NFO,03/02/2025,09:34:44,23517.8,23515.45,300,23521.65,75,0,835425
NIFTY-II.NFO,03/02/2025,09:34:46,23514.75,23515.35,300,23521.65,375,75,835425
NIFTY-II.NFO,03/02/2025,09:34:48,23520.2,23513.55,300,23520.65,150,75,835425
NIFTY-II.NFO,03/02/2025,09:34:49,23520.2,23514.8,300,23520.75,225,0,835425
NIFTY-II.NFO,03/02/2025,09:34:51,23520.2,23515.1,375,23520.1,225,0,835425
NIFTY-II.NFO,03/02/2025,09:34:53,23520.2,23520.2,75,23520.9,150,0,835425
NIFTY-II.NFO,03/02/2025,09:34:54,23520.2,23514,375,23519.85,150,75,835425
NIFTY-II.NFO,03/02/2025,09:34:56,23520.2,23511.8,150,23517.2,225,0,835425
NIFTY-II.NFO,03/02/2025,09:34:58,23520.2,23511.2,675,23516.9,225,0,835425
NIFTY-II.NFO,03/02/2025,09:34:59,23516.9,23510.7,225,23516.4,150,75,835425
NIFTY-II.NFO,03/02/2025,09:35:01,23515.3,23510.2,300,23516.4,75,75,835425
NIFTY-II.NFO,03/02/2025,09:35:02,23515.3,23510.2,225,23516.75,75,0,835425
NIFTY-II.NFO,03/02/2025,09:35:04,23515.3,23510.4,375,23512.45,150,0,835425
NIFTY-II.NFO,03/02/2025,09:35:06,23515.3,23509.75,375,23512.45,150,0,835425
NIFTY-II.NFO,03/02/2025,09:35:07,23508.9,23507.35,300,23512.45,150,75,835425
NIFTY-II.NFO,03/02/2025,09:35:09,23508.9,23507,675,23510,150,0,835425
NIFTY-II.NFO,03/02/2025,09:35:11,23508.9,23509,150,23510,150,0,835425
NIFTY-II.NFO,03/02/2025,09:35:12,23510,23508.45,375,23513.5,525,150,835425
NIFTY-II.NFO,03/02/2025,09:35:14,23507.8,23507,525,23508.85,75,75,835425
NIFTY-II.NFO,03/02/2025,09:35:16,23507.8,23507,525,23509.7,375,0,835425
NIFTY-II.NFO,03/02/2025,09:35:17,23507.8,23507,525,23508.2,225,0,835425
NIFTY-II.NFO,03/02/2025,09:35:19,23507.8,23507,525,23508.35,525,0,835425
NIFTY-II.NFO,03/02/2025,09:35:21,23507.8,23507,525,23507.7,375,0,835425
NIFTY-II.NFO,03/02/2025,09:35:22,23505,23501,225,23505.3,75,600,835425
NIFTY-II.NFO,03/02/2025,09:35:24,23505,23501,225,23505.6,150,0,835425
NIFTY-II.NFO,03/02/2025,09:35:26,23505.35,23501.7,150,23505,75,225,835425
NIFTY-II.NFO,03/02/2025,09:35:28,23505.35,23501,225,23504.95,300,0,835425
NIFTY-II.NFO,03/02/2025,09:35:29,23501,23501.65,300,23505,75,75,835425
NIFTY-II.NFO,03/02/2025,09:35:31,23501,23502.2,300,23505,75,0,835425
NIFTY-II.NFO,03/02/2025,09:35:33,23501,23501,150,23505,75,0,835425
NIFTY-II.NFO,03/02/2025,09:35:34,23501,23501,75,23504.85,150,75,835425
NIFTY-II.NFO,03/02/2025,09:35:36,23500.95,23500.7,75,23502.65,375,150,835425
NIFTY-II.NFO,03/02/2025,09:35:38,23500,23499,75,23500.3,600,975,835425
NIFTY-II.NFO,03/02/2025,09:35:39,23499,23500,75,23501,150,75,835425
NIFTY-II.NFO,03/02/2025,09:35:41,23499,23500,75,23500.65,375,0,835425
NIFTY-II.NFO,03/02/2025,09:35:43,23500,23497.4,300,23501,150,75,835425
NIFTY-II.NFO,03/02/2025,09:35:44,23500,23499,75,23501,150,0,835425
NIFTY-II.NFO,03/02/2025,09:35:46,23501,23499,75,23501,75,75,835425
NIFTY-II.NFO,03/02/2025,09:35:48,23501,23499,75,23501,75,0,835425
NIFTY-II.NFO,03/02/2025,09:35:51,23499,23498.75,300,23501,75,75,835425
NIFTY-II.NFO,03/02/2025,09:35:53,23499,23498.25,300,23501,75,0,835425
NIFTY-II.NFO,03/02/2025,09:35:54,23499,23498,300,23501,75,0,835425
NIFTY-II.NFO,03/02/2025,09:35:56,23499,23498.8,300,23501,75,0,835425
NIFTY-II.NFO,03/02/2025,09:35:58,23501.45,23500.65,300,23504.45,75,300,835425
NIFTY-II.NFO,03/02/2025,09:35:59,23499.95,23502.2,150,23505.6,225,1725,835425
NIFTY-II.NFO,03/02/2025,09:36:01,23499.95,23505.3,150,23505.6,225,0,835425
NIFTY-II.NFO,03/02/2025,09:36:03,23505.6,23503.6,225,23509.8,225,150,835425
NIFTY-II.NFO,03/02/2025,09:36:04,23505.6,23502.95,225,23508.55,225,0,835425
NIFTY-II.NFO,03/02/2025,09:36:06,23505.6,23503.4,150,23508.55,225,0,835425
NIFTY-II.NFO,03/02/2025,09:36:08,23505.6,23499.75,750,23506,75,0,835425
NIFTY-II.NFO,03/02/2025,09:36:09,23505.6,23496.65,75,23503.35,375,0,835425
NIFTY-II.NFO,03/02/2025,09:36:11,23496.65,23495.15,225,23499.8,225,75,835425
NIFTY-II.NFO,03/02/2025,09:36:13,23495.15,23495,225,23499.55,225,75,835425
NIFTY-II.NFO,03/02/2025,09:36:14,23499.55,23495,225,23499.95,225,75,835425
NIFTY-II.NFO,03/02/2025,09:36:16,23499.55,23495.85,225,23499.95,225,0,835425
NIFTY-II.NFO,03/02/2025,09:36:18,23499.55,23496.35,75,23499.95,225,0,835425
NIFTY-II.NFO,03/02/2025,09:36:19,23499.55,23499.55,75,23499.95,225,0,835425
NIFTY-II.NFO,03/02/2025,09:36:26,23499.55,23495,225,23499.95,300,75,835425
NIFTY-II.NFO,03/02/2025,09:36:27,23499.55,23495,225,23499.95,225,0,835425
NIFTY-II.NFO,03/02/2025,09:36:29,23499.55,23496.35,225,23499.95,225,0,835425
NIFTY-II.NFO,03/02/2025,09:36:31,23499.55,23498.05,225,23499.95,225,0,835425
NIFTY-II.NFO,03/02/2025,09:36:32,23499.4,23499.25,150,23501.6,225,225,835425
NIFTY-II.NFO,03/02/2025,09:36:34,23499.4,23500.1,150,23501.6,225,0,835425
NIFTY-II.NFO,03/02/2025,09:36:36,23499.4,23499.45,150,23501.6,225,0,835425
NIFTY-II.NFO,03/02/2025,09:36:37,23501.6,23500.85,375,23502.7,225,75,835425
NIFTY-II.NFO,03/02/2025,09:36:39,23501.6,23500.1,150,23502.7,225,0,838125
NIFTY-II.NFO,03/02/2025,09:36:42,23501.6,23498.8,150,23502.7,225,0,838125
NIFTY-II.NFO,03/02/2025,09:36:44,23501.6,23498.15,150,23502.7,225,0,838125
NIFTY-II.NFO,03/02/2025,09:36:45,23497.5,23497.55,375,23502.2,375,150,838125
NIFTY-II.NFO,03/02/2025,09:36:47,23497.5,23497.35,375,23500.95,150,0,838125
NIFTY-II.NFO,03/02/2025,09:36:49,23497.5,23496.05,375,23500.95,150,0,838125
NIFTY-II.NFO,03/02/2025,09:36:50,23497.5,23495.5,525,23500.9,150,0,838125
NIFTY-II.NFO,03/02/2025,09:36:52,23497.5,23495,225,23498.2,150,0,838125
NIFTY-II.NFO,03/02/2025,09:36:54,23495,23492,75,23496.9,525,450,838125
NIFTY-II.NFO,03/02/2025,09:36:55,23495,23492,75,23495.85,375,0,838125
NIFTY-II.NFO,03/02/2025,09:36:57,23494.75,23492,75,23493.8,225,75,838125
NIFTY-II.NFO,03/02/2025,09:36:59,23493.8,23492,450,23497.2,150,75,838125
NIFTY-II.NFO,03/02/2025,09:37:00,23493.8,23492,600,23494.9,150,0,838125
NIFTY-II.NFO,03/02/2025,09:37:02,23493,23494.25,300,23494.9,150,75,838125
NIFTY-II.NFO,03/02/2025,09:37:04,23493,23492.15,300,23494.9,150,0,838125
NIFTY-II.NFO,03/02/2025,09:37:05,23493,23492.9,300,23494.9,150,0,838125
NIFTY-II.NFO,03/02/2025,09:37:07,23493,23492.15,300,23494.9,150,0,838125
NIFTY-II.NFO,03/02/2025,09:37:09,23492.15,23492.9,225,23494.9,150,75,838125
NIFTY-II.NFO,03/02/2025,09:37:10,23492.15,23492.95,225,23494.9,150,0,838125
NIFTY-II.NFO,03/02/2025,09:37:12,23492.15,23492,75,23494.9,150,0,838125
NIFTY-II.NFO,03/02/2025,09:37:17,23494.9,23492.5,225,23494.95,225,75,838125
NIFTY-II.NFO,03/02/2025,09:37:19,23494.9,23492.5,225,23494.95,225,0,838125
NIFTY-II.NFO,03/02/2025,09:37:22,23494.9,23492,150,23494.95,225,0,838125
NIFTY-II.NFO,03/02/2025,09:37:24,23494.9,23492.6,225,23494.95,225,0,838125
NIFTY-II.NFO,03/02/2025,09:37:25,23494.95,23493.4,225,23494.95,150,75,838125
NIFTY-II.NFO,03/02/2025,09:37:27,23493.4,23492,525,23495.75,225,225,838125
NIFTY-II.NFO,03/02/2025,09:37:29,23493.4,23493.05,375,23494.9,75,0,838125
NIFTY-II.NFO,03/02/2025,09:37:30,23493.4,23494.75,375,23494.9,75,0,838125
NIFTY-II.NFO,03/02/2025,09:37:32,23493,23492,150,23494.9,75,75,838125
NIFTY-II.NFO,03/02/2025,09:37:34,23493,23494.1,375,23494.9,75,0,838125
NIFTY-II.NFO,03/02/2025,09:37:35,23493,23493.7,375,23494.9,75,0,838125
NIFTY-II.NFO,03/02/2025,09:37:37,23493,23494.35,450,23494.9,75,0,838125
NIFTY-II.NFO,03/02/2025,09:37:39,23495.45,23496.25,300,23498.45,75,300,838125
NIFTY-II.NFO,03/02/2025,09:37:41,23495.45,23495.05,375,23497.5,150,0,838125
NIFTY-II.NFO,03/02/2025,09:37:42,23495.45,23494.1,150,23496.7,150,0,838125
NIFTY-II.NFO,03/02/2025,09:37:44,23495.45,23493.75,150,23496.05,150,0,838125
NIFTY-II.NFO,03/02/2025,09:37:46,23495.45,23492.95,150,23495.7,150,0,838125
NIFTY-II.NFO,03/02/2025,09:37:47,23495.6,23492,75,23495.6,75,75,838125
NIFTY-II.NFO,03/02/2025,09:37:49,23495.6,23492.8,150,23496.1,75,0,838125
NIFTY-II.NFO,03/02/2025,09:37:51,23495.6,23493.8,150,23497.65,150,0,838125
NIFTY-II.NFO,03/02/2025,09:37:52,23492.55,23492.7,150,23496.8,75,75,838125
NIFTY-II.NFO,03/02/2025,09:37:54,23492.55,23493,75,23496.1,150,0,838125
NIFTY-II.NFO,03/02/2025,09:37:56,23492.55,23493,75,23495.6,150,0,838125
NIFTY-II.NFO,03/02/2025,09:37:57,23496.45,23493,75,23496.6,300,75,838125
NIFTY-II.NFO,03/02/2025,09:37:59,23496.45,23493,75,23495.6,150,0,838125
NIFTY-II.NFO,03/02/2025,09:38:02,23496.45,23493,75,23494.95,375,0,838125
NIFTY-II.NFO,03/02/2025,09:38:04,23496.45,23492,75,23494.95,375,0,838125
NIFTY-II.NFO,03/02/2025,09:38:06,23496.45,23492.55,75,23494.9,300,0,838125
NIFTY-II.NFO,03/02/2025,09:38:07,23494.9,23492.55,75,23494.8,225,75,838125
NIFTY-II.NFO,03/02/2025,09:38:09,23492.55,23492,75,23494.7,225,75,838125
NIFTY-II.NFO,03/02/2025,09:38:11,23492.55,23492,75,23494.15,225,0,838125
NIFTY-II.NFO,03/02/2025,09:38:12,23492,23491,150,23493.4,300,75,838125
NIFTY-II.NFO,03/02/2025,09:38:14,23492,23491,150,23493.4,300,0,838125
NIFTY-II.NFO,03/02/2025,09:38:16,23492,23491,150,23491.95,225,0,838125
NIFTY-II.NFO,03/02/2025,09:38:17,23491,23490,600,23491.95,225,150,838125
NIFTY-II.NFO,03/02/2025,09:38:19,23491,23490,600,23492,225,0,838125
NIFTY-II.NFO,03/02/2025,09:38:21,23491,23490,600,23491.6,150,0,838125
NIFTY-II.NFO,03/02/2025,09:38:22,23491,23490,600,23490.45,225,0,838125
NIFTY-II.NFO,03/02/2025,09:38:24,23490,23485,75,23488.35,450,675,838125
NIFTY-II.NFO,03/02/2025,09:38:26,23490,23485,75,23488.35,225,0,838125
NIFTY-II.NFO,03/02/2025,09:38:27,23484.95,23483,75,23488.3,300,150,838125
NIFTY-II.NFO,03/02/2025,09:38:29,23488.3,23483,75,23488.35,225,75,838125
NIFTY-II.NFO,03/02/2025,09:38:31,23488.3,23483,75,23488.3,225,0,838125
NIFTY-II.NFO,03/02/2025,09:38:32,23488.3,23483,75,23486.35,225,0,838125
NIFTY-II.NFO,03/02/2025,09:38:34,23482,23482,900,23486.4,225,225,838125
NIFTY-II.NFO,03/02/2025,09:38:34,23482,23482,900,23486.4,225,0,838125
NIFTY-II.NFO,03/02/2025,09:38:36,23482,23482,825,23486.4,225,75,838125
NIFTY-II.NFO,03/02/2025,09:38:37,23483,23483,300,23483.35,225,75,838125
NIFTY-II.NFO,03/02/2025,09:38:39,23483.35,23483.25,300,23489.25,225,225,838125
NIFTY-II.NFO,03/02/2025,09:38:41,23483.35,23482.6,300,23489.2,225,0,838125
NIFTY-II.NFO,03/02/2025,09:38:42,23483.35,23482,825,23488.55,150,0,838125
NIFTY-II.NFO,03/02/2025,09:38:44,23483.35,23482.05,300,23488.6,75,0,838125
NIFTY-II.NFO,03/02/2025,09:38:46,23483.35,23482.05,300,23488.6,225,0,838125
NIFTY-II.NFO,03/02/2025,09:38:47,23483.35,23482,825,23483.2,225,0,838125
NIFTY-II.NFO,03/02/2025,09:38:51,23483.35,23482,825,23482.5,150,0,838125
NIFTY-II.NFO,03/02/2025,09:38:52,23483.35,23482,825,23482.4,225,0,838125
NIFTY-II.NFO,03/02/2025,09:38:59,23482,23482,750,23482.4,225,75,838125
NIFTY-II.NFO,03/02/2025,09:39:01,23482,23482,750,23482.15,150,0,838125
NIFTY-II.NFO,03/02/2025,09:39:02,23482,23482,525,23482.15,150,225,838125
NIFTY-II.NFO,03/02/2025,09:39:04,23482,23482,525,23482.15,150,0,838125
NIFTY-II.NFO,03/02/2025,09:39:06,23482,23482,525,23483.8,150,0,838125
NIFTY-II.NFO,03/02/2025,09:39:07,23482,23482,525,23482.15,150,0,838125
NIFTY-II.NFO,03/02/2025,09:39:09,23483.1,23482.05,300,23485,75,150,838125
NIFTY-II.NFO,03/02/2025,09:39:11,23483.1,23482.05,300,23484.35,150,0,838125
NIFTY-II.NFO,03/02/2025,09:39:12,23483.1,23482,525,23484.35,150,0,838125
NIFTY-II.NFO,03/02/2025,09:39:14,23483.1,23482,525,23483.1,150,0,838125
NIFTY-II.NFO,03/02/2025,09:39:17,23483.1,23482,525,23484.95,150,0,838125
NIFTY-II.NFO,03/02/2025,09:39:19,23483.1,23482,525,23483.1,150,0,838125
NIFTY-II.NFO,03/02/2025,09:39:21,23483.1,23482.05,300,23483.8,75,75,838125
NIFTY-II.NFO,03/02/2025,09:39:22,23483.1,23482,525,23485,75,0,838125
NIFTY-II.NFO,03/02/2025,09:39:26,23483.1,23482.05,300,23485,75,0,838125
NIFTY-II.NFO,03/02/2025,09:39:27,23483.1,23482,525,23484.4,225,0,838125
NIFTY-II.NFO,03/02/2025,09:39:32,23483.1,23482.05,300,23484.4,225,0,838125
NIFTY-II.NFO,03/02/2025,09:39:34,23483.1,23483.2,300,23484.4,225,0,838125
NIFTY-II.NFO,03/02/2025,09:39:36,23483.1,23482,525,23484.4,225,0,838125
NIFTY-II.NFO,03/02/2025,09:39:39,23483.1,23482.05,300,23484.4,225,0,838125
NIFTY-II.NFO,03/02/2025,09:39:41,23483.1,23482.3,300,23484.4,225,0,838125
NIFTY-II.NFO,03/02/2025,09:39:42,23483.1,23484,300,23484.4,225,0,838125
NIFTY-II.NFO,03/02/2025,09:39:44,23485,23484.25,300,23489.45,225,300,839625
NIFTY-II.NFO,03/02/2025,09:39:46,23484.25,23484.25,225,23489.45,225,225,839625
NIFTY-II.NFO,03/02/2025,09:39:47,23484.25,23484.3,225,23489.55,75,0,839625
NIFTY-II.NFO,03/02/2025,09:39:49,23484.25,23485.9,150,23490,75,0,839625
NIFTY-II.NFO,03/02/2025,09:39:51,23484.25,23487.5,150,23490,75,0,839625
NIFTY-II.NFO,03/02/2025,09:39:52,23484.25,23485.45,150,23487,150,0,839625
NIFTY-II.NFO,03/02/2025,09:39:54,23484.25,23486.2,150,23488.85,75,0,839625
NIFTY-II.NFO,03/02/2025,09:39:56,23484.25,23486.25,150,23491.35,225,0,839625
NIFTY-II.NFO,03/02/2025,09:39:57,23484.25,23485.5,150,23490.85,225,0,839625
NIFTY-II.NFO,03/02/2025,09:39:59,23484.25,23485.5,150,23490.4,225,0,839625
NIFTY-II.NFO,03/02/2025,09:40:01,23484.25,23487.1,150,23492.1,75,0,839625
NIFTY-II.NFO,03/02/2025,09:40:02,23484.25,23487.3,225,23493.2,225,0,839625
NIFTY-II.NFO,03/02/2025,09:40:04,23484.25,23488.85,300,23495.2,225,0,839625
NIFTY-II.NFO,03/02/2025,09:40:06,23484.25,23489.65,150,23495.3,75,0,839625
NIFTY-II.NFO,03/02/2025,09:40:07,23484.25,23490.2,150,23495.7,300,0,839625
NIFTY-II.NFO,03/02/2025,09:40:09,23484.25,23489.7,150,23495.5,300,0,839625
NIFTY-II.NFO,03/02/2025,09:40:11,23484.25,23487.85,150,23493.4,300,0,839625
NIFTY-II.NFO,03/02/2025,09:40:12,23484.25,23490,150,23493.95,300,0,839625
NIFTY-II.NFO,03/02/2025,09:40:14,23484.25,23490,150,23493.7,300,0,839625
NIFTY-II.NFO,03/02/2025,09:40:16,23494.05,23490.45,150,23495.8,300,75,839625
NIFTY-II.NFO,03/02/2025,09:40:17,23494.05,23490,150,23495.8,300,0,839625
NIFTY-II.NFO,03/02/2025,09:40:19,23494.05,23490,225,23495.8,300,0,839625
NIFTY-II.NFO,03/02/2025,09:40:21,23494.05,23491.05,225,23495.85,75,0,839625
NIFTY-II.NFO,03/02/2025,09:40:22,23494.05,23493.4,225,23495.85,75,0,839625
NIFTY-II.NFO,03/02/2025,09:40:24,23494.05,23494.1,150,23495.85,75,0,839625
NIFTY-II.NFO,03/02/2025,09:40:26,23494.05,23491.9,150,23495.85,75,0,839625
NIFTY-II.NFO,03/02/2025,09:40:27,23494.05,23491.1,150,23495.85,75,0,839625
NIFTY-II.NFO,03/02/2025,09:40:29,23494.05,23491.9,150,23495.85,75,0,839625
NIFTY-II.NFO,03/02/2025,09:40:31,23492,23491.95,75,23495.85,75,75,839625
NIFTY-II.NFO,03/02/2025,09:40:32,23492,23492.7,75,23495.85,75,0,839625
NIFTY-II.NFO,03/02/2025,09:40:34,23492,23491.15,75,23495.85,75,0,839625
NIFTY-II.NFO,03/02/2025,09:40:36,23492,23492,75,23495.85,75,0,839625
NIFTY-II.NFO,03/02/2025,09:40:39,23492,23492.35,225,23495.85,75,0,839625
NIFTY-II.NFO,03/02/2025,09:40:41,23495.85,23495.25,225,23498,75,75,839625
NIFTY-II.NFO,03/02/2025,09:40:42,23498,23496.9,225,23499.5,75,75,839625
NIFTY-II.NFO,03/02/2025,09:40:44,23499.5,23495.7,375,23500,300,75,839625
NIFTY-II.NFO,03/02/2025,09:40:46,23499.5,23497.3,225,23500,300,0,839625
NIFTY-II.NFO,03/02/2025,09:40:47,23499.5,23496.8,450,23500,225,0,839625
NIFTY-II.NFO,03/02/2025,09:40:49,23499.5,23496.3,375,23500,225,0,839625
NIFTY-II.NFO,03/02/2025,09:40:51,23499.5,23497.65,225,23500,225,0,839625
NIFTY-II.NFO,03/02/2025,09:40:54,23500,23501,150,23505.45,225,225,839625
NIFTY-II.NFO,03/02/2025,09:40:56,23500,23501.25,225,23507.2,225,0,839625
NIFTY-II.NFO,03/02/2025,09:40:57,23500,23503,225,23509.5,225,0,839625
NIFTY-II.NFO,03/02/2025,09:40:59,23500,23502.6,225,23507.55,225,0,839625
NIFTY-II.NFO,03/02/2025,09:41:01,23500,23505.45,225,23511.5,225,0,839625
NIFTY-II.NFO,03/02/2025,09:41:02,23500,23506.35,225,23511.95,225,0,839625
NIFTY-II.NFO,03/02/2025,09:41:04,23500,23505,75,23509.15,225,0,839625
NIFTY-II.NFO,03/02/2025,09:41:06,23500,23505.1,225,23510.9,225,0,839625
NIFTY-II.NFO,03/02/2025,09:41:07,23511.15,23505.1,225,23511.3,225,75,839625
NIFTY-II.NFO,03/02/2025,09:41:09,23511.15,23505,450,23510.45,375,0,839625
NIFTY-II.NFO,03/02/2025,09:41:11,23511.15,23505,450,23508.05,450,0,839625
NIFTY-II.NFO,03/02/2025,09:41:12,23511.15,23505,450,23508.9,450,0,839625
NIFTY-II.NFO,03/02/2025,09:41:14,23507.4,23505,75,23507.3,225,375,839625
NIFTY-II.NFO,03/02/2025,09:41:16,23505,23501,150,23505.1,150,75,839625
NIFTY-II.NFO,03/02/2025,09:41:17,23505,23501,150,23505.15,75,0,839625
NIFTY-II.NFO,03/02/2025,09:41:22,23505,23501,150,23505.2,225,0,839625
NIFTY-II.NFO,03/02/2025,09:41:24,23505,23501.05,225,23505.2,225,0,839625
NIFTY-II.NFO,03/02/2025,09:41:26,23505,23503.1,450,23505.2,225,0,839625
NIFTY-II.NFO,03/02/2025,09:41:27,23505,23502.75,150,23505.2,225,0,839625
NIFTY-II.NFO,03/02/2025,09:41:29,23505,23503.45,300,23505.2,225,0,839625
NIFTY-II.NFO,03/02/2025,09:41:31,23504.55,23504.75,300,23505.2,225,75,839625
NIFTY-II.NFO,03/02/2025,09:41:32,23505.2,23506,300,23512.3,225,225,839625
NIFTY-II.NFO,03/02/2025,09:41:34,23505.2,23504.55,300,23511.25,225,0,839625
NIFTY-II.NFO,03/02/2025,09:41:36,23510.85,23502.95,300,23511.4,225,150,839625
NIFTY-II.NFO,03/02/2025,09:41:37,23510.85,23501.3,375,23509.2,150,0,839625
NIFTY-II.NFO,03/02/2025,09:41:39,23501,23501,150,23506.8,150,75,839625
NIFTY-II.NFO,03/02/2025,09:41:41,23501,23501,150,23504.15,225,0,839625
NIFTY-II.NFO,03/02/2025,09:41:42,23501,23500,825,23502.65,75,150,839625
NIFTY-II.NFO,03/02/2025,09:41:44,23501,23500,825,23502,75,0,839625
NIFTY-II.NFO,03/02/2025,09:41:46,23501,23500,825,23501.3,150,0,839625
NIFTY-II.NFO,03/02/2025,09:41:47,23500,23500,75,23501.15,150,825,839625
NIFTY-II.NFO,03/02/2025,09:41:49,23500,23495,150,23501.15,225,75,839625
NIFTY-II.NFO,03/02/2025,09:41:51,23500,23495,150,23499.05,150,0,839625
NIFTY-II.NFO,03/02/2025,09:41:52,23500,23495,75,23499.05,150,0,839625
NIFTY-II.NFO,03/02/2025,09:41:54,23500,23495,75,23499.05,225,0,839625
NIFTY-II.NFO,03/02/2025,09:41:56,23500,23495,75,23497.95,375,0,839625
NIFTY-II.NFO,03/02/2025,09:41:57,23500,23495,75,23497.3,225,0,839625
NIFTY-II.NFO,03/02/2025,09:41:59,23500,23495,75,23498.15,225,0,839625
NIFTY-II.NFO,03/02/2025,09:42:01,23500,23495,75,23497.15,225,0,839625
NIFTY-II.NFO,03/02/2025,09:42:02,23500,23495,75,23495.8,150,0,839625
NIFTY-II.NFO,03/02/2025,09:42:04,23495,23492,75,23493.5,150,75,839625
NIFTY-II.NFO,03/02/2025,09:42:06,23495,23492.05,300,23497,75,0,839625
NIFTY-II.NFO,03/02/2025,09:42:07,23495,23493.6,300,23497,75,0,839625
NIFTY-II.NFO,03/02/2025,09:42:09,23495,23492.85,300,23497,75,0,839625
NIFTY-II.NFO,03/02/2025,09:42:11,23497,23492.05,375,23499.85,150,75,839625
NIFTY-II.NFO,03/02/2025,09:42:12,23497,23492,75,23496.25,225,0,839625
NIFTY-II.NFO,03/02/2025,09:42:14,23497,23492,75,23497.3,75,0,839625
NIFTY-II.NFO,03/02/2025,09:42:16,23497,23492,75,23496.35,150,0,839625
NIFTY-II.NFO,03/02/2025,09:42:17,23497,23492,75,23496.55,150,0,839625
NIFTY-II.NFO,03/02/2025,09:42:19,23492,23490,75,23496.3,75,75,839625
NIFTY-II.NFO,03/02/2025,09:42:21,23492,23490.3,375,23498.75,150,0,839625
NIFTY-II.NFO,03/02/2025,09:42:22,23498.75,23491.25,375,23498.75,75,75,839625
NIFTY-II.NFO,03/02/2025,09:42:24,23498.75,23493.2,375,23500.45,225,0,839625
NIFTY-II.NFO,03/02/2025,09:42:26,23498.75,23490.7,375,23498.45,300,0,839625
NIFTY-II.NFO,03/02/2025,09:42:27,23498.75,23490.15,375,23497.75,75,0,839625
NIFTY-II.NFO,03/02/2025,09:42:29,23498.75,23490.05,300,23496.7,75,0,839625
NIFTY-II.NFO,03/02/2025,09:42:31,23498.75,23493.3,375,23500.5,225,0,839625
NIFTY-II.NFO,03/02/2025,09:42:32,23498.75,23496.35,375,23503.45,75,0,839625
NIFTY-II.NFO,03/02/2025,09:42:34,23498.75,23499.25,75,23504.9,450,0,839625
NIFTY-II.NFO,03/02/2025,09:42:36,23504.9,23499.25,75,23503.95,225,75,839625
NIFTY-II.NFO,03/02/2025,09:42:37,23504.9,23499.25,75,23505.4,150,0,839625
NIFTY-II.NFO,03/02/2025,09:42:39,23504.9,23499.25,75,23500.5,150,0,839625
NIFTY-II.NFO,03/02/2025,09:42:41,23504.9,23499.25,75,23502.25,150,0,839625
NIFTY-II.NFO,03/02/2025,09:42:43,23504.9,23499.25,75,23502.1,225,0,839625
NIFTY-II.NFO,03/02/2025,09:42:44,23504.9,23499.25,75,23502.2,225,0,839625
NIFTY-II.NFO,03/02/2025,09:42:46,23499.25,23494.8,300,23502.85,225,75,841275
NIFTY-II.NFO,03/02/2025,09:42:48,23502.85,23498.85,225,23505.25,150,75,841275
NIFTY-II.NFO,03/02/2025,09:42:49,23502.85,23498.55,300,23505.45,150,0,841275
NIFTY-II.NFO,03/02/2025,09:42:51,23502.85,23498.45,225,23504.95,75,0,841275
NIFTY-II.NFO,03/02/2025,09:42:53,23502.85,23499.35,225,23504.7,75,0,841275
NIFTY-II.NFO,03/02/2025,09:42:54,23502.85,23497.35,225,23502.7,75,75,841275
NIFTY-II.NFO,03/02/2025,09:42:56,23502.85,23494.5,375,23502.75,75,0,841275
NIFTY-II.NFO,03/02/2025,09:42:58,23502.85,23497.2,525,23503.6,75,0,841275
NIFTY-II.NFO,03/02/2025,09:42:59,23502.85,23498.2,225,23503.6,75,0,841275
NIFTY-II.NFO,03/02/2025,09:43:01,23502.85,23498,225,23504.1,75,0,841275
NIFTY-II.NFO,03/02/2025,09:43:03,23502.85,23494.95,525,23502.45,300,0,841275
NIFTY-II.NFO,03/02/2025,09:43:04,23502.85,23492.9,300,23500.1,225,0,841275
NIFTY-II.NFO,03/02/2025,09:43:06,23502.85,23495,300,23498.65,225,0,841275
NIFTY-II.NFO,03/02/2025,09:43:07,23498.5,23495,300,23498.65,225,75,841275
NIFTY-II.NFO,03/02/2025,09:43:09,23498.5,23495,300,23498.65,225,0,841275
NIFTY-II.NFO,03/02/2025,09:43:11,23498.5,23495.05,150,23498.65,225,0,841275
NIFTY-II.NFO,03/02/2025,09:43:12,23498.5,23495.65,300,23498.65,225,0,841275
NIFTY-II.NFO,03/02/2025,09:43:14,23498.5,23495,300,23498.65,225,0,841275
NIFTY-II.NFO,03/02/2025,09:43:16,23498.5,23495,300,23498.35,300,0,841275
NIFTY-II.NFO,03/02/2025,09:43:17,23498.5,23495,300,23495.95,225,0,841275
NIFTY-II.NFO,03/02/2025,09:43:19,23495,23492.1,75,23495,150,450,841275
NIFTY-II.NFO,03/02/2025,09:43:21,23492.1,23490,150,23492.1,300,75,841275
NIFTY-II.NFO,03/02/2025,09:43:22,23492.1,23490,150,23491.2,225,0,841275
NIFTY-II.NFO,03/02/2025,09:43:31,23491.2,23490,150,23491.2,150,75,841275
NIFTY-II.NFO,03/02/2025,09:43:32,23491.2,23490,150,23492.3,150,0,841275
NIFTY-II.NFO,03/02/2025,09:43:34,23491.2,23492.1,75,23494.45,150,0,841275
NIFTY-II.NFO,03/02/2025,09:43:37,23491.2,23492.1,75,23493.85,150,0,841275
NIFTY-II.NFO,03/02/2025,09:43:41,23491.2,23492.1,75,23494.45,150,0,841275
NIFTY-II.NFO,03/02/2025,09:43:42,23492.1,23490,150,23494.6,150,75,841275
NIFTY-II.NFO,03/02/2025,09:43:44,23492.1,23490,150,23493.2,150,0,841275
NIFTY-II.NFO,03/02/2025,09:43:46,23492.1,23490,150,23491.3,450,0,841275
NIFTY-II.NFO,03/02/2025,09:43:47,23490,23487,75,23490.1,150,150,841275
NIFTY-II.NFO,03/02/2025,09:43:49,23490,23487,75,23488.35,150,0,841275
NIFTY-II.NFO,03/02/2025,09:43:51,23487,23485,150,23485.95,150,75,841275
NIFTY-II.NFO,03/02/2025,09:43:52,23487,23485,150,23485.95,150,0,841275
NIFTY-II.NFO,03/02/2025,09:43:56,23485,23485,75,23485.95,75,150,841275
NIFTY-II.NFO,03/02/2025,09:43:57,23484.25,23484.25,75,23487.55,75,225,841275
NIFTY-II.NFO,03/02/2025,09:43:59,23484.25,23484.25,75,23487.55,75,0,841275
NIFTY-II.NFO,03/02/2025,09:44:01,23484.25,23483.5,75,23484.9,75,75,841275
NIFTY-II.NFO,03/02/2025,09:44:02,23484.25,23483.5,75,23484.9,75,0,841275
NIFTY-II.NFO,03/02/2025,09:44:04,23484.25,23484,75,23486.8,75,0,841275
NIFTY-II.NFO,03/02/2025,09:44:06,23484.25,23484.05,150,23488.1,225,0,841275
NIFTY-II.NFO,03/02/2025,09:44:07,23484.25,23484,75,23484.95,225,0,841275
NIFTY-II.NFO,03/02/2025,09:44:09,23484.25,23484,75,23484.2,225,0,841275
NIFTY-II.NFO,03/02/2025,09:44:11,23484.2,23484.05,150,23488.4,450,225,841275
NIFTY-II.NFO,03/02/2025,09:44:12,23484.2,23484,75,23488.7,375,0,841275
NIFTY-II.NFO,03/02/2025,09:44:14,23484.2,23484,75,23488.2,450,0,841275
NIFTY-II.NFO,03/02/2025,09:44:16,23484.2,23484,75,23486.25,375,0,841275
NIFTY-II.NFO,03/02/2025,09:44:18,23482,23480.05,75,23485.1,750,750,841275
NIFTY-II.NFO,03/02/2025,09:44:19,23482,23480.5,300,23484,75,0,841275
NIFTY-II.NFO,03/02/2025,09:44:21,23482,23482.3,300,23484,75,0,841275
NIFTY-II.NFO,03/02/2025,09:44:23,23482,23483.25,300,23484,75,0,841275
NIFTY-II.NFO,03/02/2025,09:44:24,23483.45,23482.85,150,23484,75,300,841275
NIFTY-II.NFO,03/02/2025,09:44:26,23483.45,23480.05,75,23483.45,75,0,841275
NIFTY-II.NFO,03/02/2025,09:44:28,23483.45,23480.1,150,23484,75,0,841275
NIFTY-II.NFO,03/02/2025,09:44:29,23480,23480,900,23480.55,150,150,841275
NIFTY-II.NFO,03/02/2025,09:44:29,23480,23480,900,23480.55,150,0,841275
NIFTY-II.NFO,03/02/2025,09:44:31,23480,23480,900,23481.05,150,0,841275
NIFTY-II.NFO,03/02/2025,09:44:33,23482.4,23480,600,23482.3,150,450,841275
NIFTY-II.NFO,03/02/2025,09:44:34,23482.4,23480,600,23482.4,150,0,841275
NIFTY-II.NFO,03/02/2025,09:44:36,23482.4,23480,600,23481.35,225,0,841275
NIFTY-II.NFO,03/02/2025,09:44:38,23480,23477,75,23481.25,375,600,841275
NIFTY-II.NFO,03/02/2025,09:44:39,23480,23477,75,23479.35,150,0,841275
NIFTY-II.NFO,03/02/2025,09:44:41,23480,23477,75,23477.7,150,0,841275
NIFTY-II.NFO,03/02/2025,09:44:43,23477,23475,675,23477.35,300,75,841275
NIFTY-II.NFO,03/02/2025,09:44:43,23477,23475,675,23477.35,300,0,841275
NIFTY-II.NFO,03/02/2025,09:44:44,23475,23471.1,75,23477.3,150,675,841275
NIFTY-II.NFO,03/02/2025,09:44:44,23475,23471.1,75,23477.3,150,0,841275
NIFTY-II.NFO,03/02/2025,09:44:46,23470.6,23470,300,23476.65,225,150,841275
NIFTY-II.NFO,03/02/2025,09:44:46,23470.6,23470,300,23476.65,225,0,841275
NIFTY-II.NFO,03/02/2025,09:44:48,23468.1,23467.95,225,23469,750,1050,841275
NIFTY-II.NFO,03/02/2025,09:44:48,23468.1,23467.95,225,23469,750,0,841275
NIFTY-II.NFO,03/02/2025,09:44:49,23469,23468.35,150,23469,675,75,841275
NIFTY-II.NFO,03/02/2025,09:44:51,23469,23466.85,75,23469,600,75,841275
NIFTY-II.NFO,03/02/2025,09:44:53,23469,23467.05,225,23469,600,0,841275
NIFTY-II.NFO,03/02/2025,09:44:54,23469,23466.1,300,23469,600,0,841275
NIFTY-II.NFO,03/02/2025,09:44:56,23469,23467.1,300,23469,675,0,841275
NIFTY-II.NFO,03/02/2025,09:44:58,23469,23465.65,300,23470,75,675,841275
NIFTY-II.NFO,03/02/2025,09:44:59,23470,23465.25,225,23470.1,75,75,841275
NIFTY-II.NFO,03/02/2025,09:45:01,23470,23464.95,150,23470,75,0,841275
NIFTY-II.NFO,03/02/2025,09:45:03,23465.4,23466.25,300,23471.9,150,75,841275
NIFTY-II.NFO,03/02/2025,09:45:03,23465.4,23466.25,300,23471.9,150,0,841275
NIFTY-II.NFO,03/02/2025,09:45:04,23465.4,23464.75,300,23470.7,75,0,841275
NIFTY-II.NFO,03/02/2025,09:45:06,23465.4,23465,300,23472.6,75,0,841275
NIFTY-II.NFO,03/02/2025,09:45:08,23465.4,23464.6,300,23470.65,75,0,841275
NIFTY-II.NFO,03/02/2025,09:45:09,23465.4,23464,75,23468.75,75,0,841275
NIFTY-II.NFO,03/02/2025,09:45:11,23465.4,23464,75,23467.35,75,0,841275
NIFTY-II.NFO,03/02/2025,09:45:13,23468.6,23464,75,23469.4,300,75,841275
NIFTY-II.NFO,03/02/2025,09:45:14,23465.4,23464,75,23467.85,300,75,841275
NIFTY-II.NFO,03/02/2025,09:45:16,23463,23462,150,23466.7,825,150,841275
NIFTY-II.NFO,03/02/2025,09:45:16,23463,23462,150,23466.7,825,0,841275
NIFTY-II.NFO,03/02/2025,09:45:18,23463,23462.35,300,23467.9,750,0,841275
NIFTY-II.NFO,03/02/2025,09:45:19,23462.25,23462,150,23466.4,750,75,841275
NIFTY-II.NFO,03/02/2025,09:45:19,23462.25,23462,150,23466.4,750,0,841275
NIFTY-II.NFO,03/02/2025,09:45:21,23462.05,23462,150,23466.85,750,225,841275
NIFTY-II.NFO,03/02/2025,09:45:21,23462.05,23462,150,23466.85,750,0,841275
NIFTY-II.NFO,03/02/2025,09:45:23,23466.8,23463,75,23465.6,750,75,841275
NIFTY-II.NFO,03/02/2025,09:45:24,23463,23462,150,23464.5,300,75,841275
NIFTY-II.NFO,03/02/2025,09:45:26,23462.6,23460,225,23462.7,450,225,841275
NIFTY-II.NFO,03/02/2025,09:45:26,23462,23460,225,23462.7,450,0,841275
NIFTY-II.NFO,03/02/2025,09:45:28,23460,23460,150,23461.15,300,75,841275
NIFTY-II.NFO,03/02/2025,09:45:28,23460,23460,150,23461.15,300,0,841275
NIFTY-II.NFO,03/02/2025,09:45:29,23460,23461.25,75,23463.05,300,0,841275
NIFTY-II.NFO,03/02/2025,09:45:31,23460,23461.25,75,23462.9,300,0,841275
NIFTY-II.NFO,03/02/2025,09:45:33,23462.9,23461.25,75,23462.9,300,75,841275
NIFTY-II.NFO,03/02/2025,09:45:34,23461.25,23460,150,23460.95,300,75,841275
NIFTY-II.NFO,03/02/2025,09:45:36,23459.75,23455.85,150,23461.45,300,225,839175
NIFTY-II.NFO,03/02/2025,09:45:36,23459.75,23455.85,150,23461.45,300,0,839175
NIFTY-II.NFO,03/02/2025,09:45:38,23459.75,23455.7,150,23461.45,300,0,839175
NIFTY-II.NFO,03/02/2025,09:45:39,23460.5,23456.3,300,23462.1,750,150,839175
NIFTY-II.NFO,03/02/2025,09:45:41,23460.5,23456.55,150,23461.25,75,0,839175
NIFTY-II.NFO,03/02/2025,09:45:43,23460.5,23456.65,300,23461.25,75,0,839175
NIFTY-II.NFO,03/02/2025,09:45:44,23456.75,23456.8,225,23461.25,75,75,839175
NIFTY-II.NFO,03/02/2025,09:45:44,23456.75,23456.8,225,23461.25,75,0,839175
NIFTY-II.NFO,03/02/2025,09:45:46,23455,23455.9,375,23461.25,75,2175,839175
NIFTY-II.NFO,03/02/2025,09:45:46,23454.15,23455.9,375,23461.25,75,0,839175
NIFTY-II.NFO,03/02/2025,09:45:48,23455.9,23457.2,375,23461.25,75,75,839175
NIFTY-II.NFO,03/02/2025,09:45:49,23461.25,23458.85,375,23465,75,75,839175
NIFTY-II.NFO,03/02/2025,09:45:51,23463,23460.75,450,23468.35,75,75,839175
NIFTY-II.NFO,03/02/2025,09:45:53,23463,23461.2,225,23470.05,75,0,839175
NIFTY-II.NFO,03/02/2025,09:45:54,23461.9,23457.8,375,23466.15,300,75,839175
NIFTY-II.NFO,03/02/2025,09:45:56,23461.9,23459.55,375,23468.75,300,0,839175
NIFTY-II.NFO,03/02/2025,09:45:58,23461.9,23461.75,375,23470.25,225,0,839175
NIFTY-II.NFO,03/02/2025,09:45:59,23461.9,23461.9,225,23470.2,375,0,839175
NIFTY-II.NFO,03/02/2025,09:46:01,23461.9,23462,525,23471.9,375,0,839175
NIFTY-II.NFO,03/02/2025,09:46:03,23471.95,23465.05,225,23474.2,300,75,839175
NIFTY-II.NFO,03/02/2025,09:46:04,23471.95,23465.75,375,23474.2,375,0,839175
NIFTY-II.NFO,03/02/2025,09:46:06,23471.95,23465.9,375,23474.25,150,0,839175
NIFTY-II.NFO,03/02/2025,09:46:08,23471.95,23466.9,750,23474.25,150,0,839175
NIFTY-II.NFO,03/02/2025,09:46:09,23471.95,23463.3,375,23472.5,375,0,839175
NIFTY-II.NFO,03/02/2025,09:46:11,23470.2,23461.85,375,23469.85,375,300,839175
NIFTY-II.NFO,03/02/2025,09:46:13,23470.2,23462,375,23471.2,1125,0,839175
NIFTY-II.NFO,03/02/2025,09:46:14,23471.2,23462.7,300,23471.2,1125,75,839175
NIFTY-II.NFO,03/02/2025,09:46:16,23462.7,23461.8,225,23470.3,375,375,839175
NIFTY-II.NFO,03/02/2025,09:46:18,23462.7,23461.8,225,23470.7,375,0,839175
NIFTY-II.NFO,03/02/2025,09:46:19,23462.7,23463.6,375,23473.25,525,0,839175
NIFTY-II.NFO,03/02/2025,09:46:21,23462.7,23465,225,23473.6,375,0,839175
NIFTY-II.NFO,03/02/2025,09:46:23,23462.7,23465,75,23472.4,375,0,839175
NIFTY-II.NFO,03/02/2025,09:46:24,23462.7,23465,75,23470.2,375,0,839175
NIFTY-II.NFO,03/02/2025,09:46:26,23462.7,23465,75,23468,525,0,839175
NIFTY-II.NFO,03/02/2025,09:46:28,23462.7,23465.2,75,23472.25,300,0,839175
NIFTY-II.NFO,03/02/2025,09:46:31,23471.9,23465.2,75,23471.9,375,75,839175
NIFTY-II.NFO,03/02/2025,09:46:33,23471.9,23465.7,75,23472.4,375,0,839175
NIFTY-II.NFO,03/02/2025,09:46:34,23471.9,23465.05,225,23472.4,375,0,839175
NIFTY-II.NFO,03/02/2025,09:46:36,23471.9,23465.1,225,23473.8,375,0,839175
NIFTY-II.NFO,03/02/2025,09:46:38,23471.9,23465.65,225,23474.2,300,0,839175
NIFTY-II.NFO,03/02/2025,09:46:39,23471.9,23465.1,225,23473.5,300,0,839175
NIFTY-II.NFO,03/02/2025,09:46:41,23471.9,23465.05,75,23472.1,300,0,839175
NIFTY-II.NFO,03/02/2025,09:46:43,23471.9,23465,225,23473.65,300,0,839175
NIFTY-II.NFO,03/02/2025,09:46:44,23471.9,23465.05,225,23473.7,375,0,839175
NIFTY-II.NFO,03/02/2025,09:46:46,23463.25,23464.45,225,23473.45,525,525,839175
NIFTY-II.NFO,03/02/2025,09:46:48,23463.25,23464.25,225,23473.1,300,0,839175
NIFTY-II.NFO,03/02/2025,09:46:49,23463.25,23464.05,225,23470,75,0,839175
NIFTY-II.NFO,03/02/2025,09:46:51,23463.25,23464.2,225,23470,75,0,839175
NIFTY-II.NFO,03/02/2025,09:46:53,23463.25,23463.8,225,23470,75,0,839175
NIFTY-II.NFO,03/02/2025,09:46:54,23463.25,23465.05,225,23470,75,0,839175
NIFTY-II.NFO,03/02/2025,09:46:58,23470,23464.1,225,23472.85,375,75,839175
NIFTY-II.NFO,03/02/2025,09:46:59,23470,23464.95,225,23473.2,525,0,839175
NIFTY-II.NFO,03/02/2025,09:47:01,23470,23465.3,225,23474.2,375,0,839175
NIFTY-II.NFO,03/02/2025,09:47:03,23470,23465.4,225,23474.2,300,0,839175
NIFTY-II.NFO,03/02/2025,09:47:04,23470,23465.35,225,23473.6,375,0,839175
NIFTY-II.NFO,03/02/2025,09:47:06,23470,23464.7,225,23473.25,300,0,839175
NIFTY-II.NFO,03/02/2025,09:47:08,23470,23465.3,225,23473.7,375,0,839175
NIFTY-II.NFO,03/02/2025,09:47:09,23470,23463.3,75,23471.1,300,0,839175
NIFTY-II.NFO,03/02/2025,09:47:11,23470,23462.7,75,23469.8,375,0,839175
NIFTY-II.NFO,03/02/2025,09:47:13,23470,23462.7,75,23469.6,300,0,839175
NIFTY-II.NFO,03/02/2025,09:47:14,23470,23462.7,75,23466.85,300,0,839175
NIFTY-II.NFO,03/02/2025,09:47:16,23470,23462.7,75,23469.4,525,0,839175
NIFTY-II.NFO,03/02/2025,09:47:18,23462.7,23462,150,23462.7,150,75,839175
NIFTY-II.NFO,03/02/2025,09:47:19,23462,23462,75,23462.7,150,75,839175
NIFTY-II.NFO,03/02/2025,09:47:21,23462,23460,975,23462.7,150,75,839175
NIFTY-II.NFO,03/02/2025,09:47:23,23460,23460,900,23462.7,150,75,839175
NIFTY-II.NFO,03/02/2025,09:47:24,23460,23460,825,23462.7,150,0,839175
NIFTY-II.NFO,03/02/2025,09:47:26,23460,23460,750,23462.7,150,75,839175
NIFTY-II.NFO,03/02/2025,09:47:28,23460,23460,750,23462.7,150,0,839175
NIFTY-II.NFO,03/02/2025,09:47:31,23460,23460,675,23462.7,150,75,839175
NIFTY-II.NFO,03/02/2025,09:47:33,23460,23460,600,23462.45,150,150,839175
NIFTY-II.NFO,03/02/2025,09:47:34,23460,23460,600,23462.7,150,0,839175
NIFTY-II.NFO,03/02/2025,09:47:36,23460,23460,600,23461.4,300,0,839175
NIFTY-II.NFO,03/02/2025,09:47:38,23460,23460,225,23460.75,300,450,839175
NIFTY-II.NFO,03/02/2025,09:47:39,23459.7,23455.9,75,23459.9,375,300,839175
NIFTY-II.NFO,03/02/2025,09:47:42,23459.7,23455.9,75,23460,300,0,839175
NIFTY-II.NFO,03/02/2025,09:47:44,23459.7,23455.9,75,23461.5,450,0,839175
NIFTY-II.NFO,03/02/2025,09:47:46,23459.7,23455.9,75,23459,75,0,839175
NIFTY-II.NFO,03/02/2025,09:47:49,23455.9,23454.3,75,23459,75,75,839175
NIFTY-II.NFO,03/02/2025,09:47:51,23455.9,23454.25,75,23459,75,0,839175
NIFTY-II.NFO,03/02/2025,09:47:52,23459,23454.3,75,23461.6,150,75,839175
NIFTY-II.NFO,03/02/2025,09:47:54,23459,23454.3,75,23461.55,375,0,839175
NIFTY-II.NFO,03/02/2025,09:47:56,23459,23454.05,75,23460.85,375,0,839175
NIFTY-II.NFO,03/02/2025,09:47:57,23459,23454.05,75,23461.2,450,0,839175
NIFTY-II.NFO,03/02/2025,09:47:59,23459,23454,150,23460.2,525,0,839175
NIFTY-II.NFO,03/02/2025,09:48:01,23459,23454,150,23458.2,300,0,839175
NIFTY-II.NFO,03/02/2025,09:48:02,23457.65,23454,150,23456.7,300,75,839175
NIFTY-II.NFO,03/02/2025,09:48:04,23458.2,23454,75,23457.85,300,150,839175
NIFTY-II.NFO,03/02/2025,09:48:04,23454,23454,75,23457.85,300,0,839175
NIFTY-II.NFO,03/02/2025,09:48:06,23458.2,23454,75,23456.5,375,0,839175
NIFTY-II.NFO,03/02/2025,09:48:07,23458.2,23454,75,23456.9,300,0,839175
NIFTY-II.NFO,03/02/2025,09:48:09,23458.2,23454,75,23456.65,300,0,839175
NIFTY-II.NFO,03/02/2025,09:48:11,23458.2,23454,75,23455.9,300,0,839175
NIFTY-II.NFO,03/02/2025,09:48:12,23454,23452,75,23456.4,300,75,839175
NIFTY-II.NFO,03/02/2025,09:48:14,23454,23452,75,23456.45,300,0,839175
NIFTY-II.NFO,03/02/2025,09:48:16,23454,23452,75,23456.9,375,0,839175
NIFTY-II.NFO,03/02/2025,09:48:17,23452,23451.1,75,23452,75,75,839175
NIFTY-II.NFO,03/02/2025,09:48:17,23452,23451.1,75,23452,75,0,839175
NIFTY-II.NFO,03/02/2025,09:48:19,23451,23451,975,23455.8,225,150,839175
NIFTY-II.NFO,03/02/2025,09:48:19,23451,23451,975,23455.8,225,0,839175
NIFTY-II.NFO,03/02/2025,09:48:21,23451.05,23451.05,150,23456.45,150,75,839175
NIFTY-II.NFO,03/02/2025,09:48:22,23451.05,23451.05,75,23456.45,150,75,839175
NIFTY-II.NFO,03/02/2025,09:48:24,23451,23451.05,75,23456.6,150,225,839175
NIFTY-II.NFO,03/02/2025,09:48:26,23451,23451.05,75,23456.9,150,0,839175
NIFTY-II.NFO,03/02/2025,09:48:27,23451.05,23451.05,75,23456,75,75,839175
NIFTY-II.NFO,03/02/2025,09:48:29,23451.05,23451.35,225,23456,75,0,839175
NIFTY-II.NFO,03/02/2025,09:48:31,23456,23452.65,225,23460.9,225,75,839175
NIFTY-II.NFO,03/02/2025,09:48:32,23456,23453.2,225,23461.7,75,0,839175
NIFTY-II.NFO,03/02/2025,09:48:34,23456,23454.95,225,23462.7,150,0,839175
NIFTY-II.NFO,03/02/2025,09:48:36,23456,23453.55,225,23462.1,375,0,839175
NIFTY-II.NFO,03/02/2025,09:48:37,23453.55,23451.45,225,23460,150,75,841275
NIFTY-II.NFO,03/02/2025,09:48:39,23453.55,23452.05,225,23456,75,0,841275
NIFTY-II.NFO,03/02/2025,09:48:41,23453.55,23453.35,225,23456,75,0,841275
NIFTY-II.NFO,03/02/2025,09:48:42,23456,23453.9,375,23461.5,75,75,841275
NIFTY-II.NFO,03/02/2025,09:48:44,23456,23454.05,375,23461.5,75,0,841275
NIFTY-II.NFO,03/02/2025,09:48:45,23454.05,23456.2,225,23462.7,150,150,841275
NIFTY-II.NFO,03/02/2025,09:48:47,23454.05,23456.2,225,23462.65,75,0,841275
NIFTY-II.NFO,03/02/2025,09:48:49,23454.05,23457.55,225,23462.7,150,0,841275
NIFTY-II.NFO,03/02/2025,09:48:50,23454.05,23458.9,225,23462.7,150,0,841275
NIFTY-II.NFO,03/02/2025,09:48:52,23462.7,23458.05,375,23465.55,150,150,841275
NIFTY-II.NFO,03/02/2025,09:48:54,23462.7,23458.2,225,23465.05,225,0,841275
NIFTY-II.NFO,03/02/2025,09:48:55,23462.7,23454.35,225,23462.5,150,0,841275
NIFTY-II.NFO,03/02/2025,09:48:57,23454.65,23454.8,375,23463.05,225,300,841275
NIFTY-II.NFO,03/02/2025,09:48:59,23457.15,23456.75,750,23465.15,375,450,841275
NIFTY-II.NFO,03/02/2025,09:49:00,23457.15,23457.2,375,23465.2,225,0,841275
NIFTY-II.NFO,03/02/2025,09:49:02,23464.25,23455.7,75,23463.7,75,150,841275
NIFTY-II.NFO,03/02/2025,09:49:04,23464.25,23454.25,75,23462.1,525,0,841275
NIFTY-II.NFO,03/02/2025,09:49:05,23464.25,23454.25,225,23462.6,375,0,841275
NIFTY-II.NFO,03/02/2025,09:49:07,23464.25,23454.25,75,23462.3,450,0,841275
NIFTY-II.NFO,03/02/2025,09:49:09,23464.25,23454.3,225,23462.75,375,0,841275
NIFTY-II.NFO,03/02/2025,09:49:12,23464.25,23455.05,75,23463,375,0,841275
NIFTY-II.NFO,03/02/2025,09:49:14,23464.25,23455.5,825,23463.55,375,0,841275
NIFTY-II.NFO,03/02/2025,09:49:15,23462.85,23454.25,300,23461.95,525,225,841275
NIFTY-II.NFO,03/02/2025,09:49:17,23462.85,23454.05,300,23462.1,375,0,841275
NIFTY-II.NFO,03/02/2025,09:49:19,23462.85,23453.8,300,23461.75,150,0,841275
NIFTY-II.NFO,03/02/2025,09:49:20,23453.55,23453.3,150,23461.15,375,150,841275
NIFTY-II.NFO,03/02/2025,09:49:22,23453.55,23451.8,150,23459.75,375,0,841275
NIFTY-II.NFO,03/02/2025,09:49:24,23451,23451.3,150,23457.4,300,75,841275
NIFTY-II.NFO,03/02/2025,09:49:25,23453.55,23451.7,225,23458.75,375,150,841275
NIFTY-II.NFO,03/02/2025,09:49:27,23451.7,23451.65,225,23456.5,300,75,841275
NIFTY-II.NFO,03/02/2025,09:49:29,23451.65,23451,750,23457.9,375,75,841275
NIFTY-II.NFO,03/02/2025,09:49:30,23457.9,23451,1575,23457.9,375,75,841275
NIFTY-II.NFO,03/02/2025,09:49:32,23457.9,23451,825,23456.8,300,0,841275
NIFTY-II.NFO,03/02/2025,09:49:34,23457.9,23451,825,23457.5,525,0,841275
NIFTY-II.NFO,03/02/2025,09:49:35,23457.9,23451,825,23457.25,375,0,841275
NIFTY-II.NFO,03/02/2025,09:49:39,23457.9,23451,825,23451.05,150,0,841275
NIFTY-II.NFO,03/02/2025,09:49:43,23451.05,23451.05,150,23457.25,375,150,841275
NIFTY-II.NFO,03/02/2025,09:49:45,23451,23451,750,23456.6,375,150,841275
NIFTY-II.NFO,03/02/2025,09:49:47,23451,23451,750,23456.9,375,0,841275
NIFTY-II.NFO,03/02/2025,09:49:48,23451,23451,750,23456.4,525,0,841275
NIFTY-II.NFO,03/02/2025,09:49:50,23451,23451,750,23455.9,300,0,841275
NIFTY-II.NFO,03/02/2025,09:49:52,23451,23451.55,75,23457.9,375,75,841275
NIFTY-II.NFO,03/02/2025,09:49:53,23451,23451,600,23456.85,375,225,841275
NIFTY-II.NFO,03/02/2025,09:49:55,23451,23451,525,23456.9,150,75,841275
NIFTY-II.NFO,03/02/2025,09:49:57,23451,23451,525,23457.4,450,0,841275
NIFTY-II.NFO,03/02/2025,09:49:58,23451,23451,525,23456.7,225,0,841275
NIFTY-II.NFO,03/02/2025,09:50:00,23451,23451,450,23456.75,225,75,841275
NIFTY-II.NFO,03/02/2025,09:50:02,23451,23455,75,23456.55,150,0,841275
NIFTY-II.NFO,03/02/2025,09:50:03,23451,23455,75,23455.65,150,0,841275
NIFTY-II.NFO,03/02/2025,09:50:05,23455,23451,525,23455,150,150,841275
NIFTY-II.NFO,03/02/2025,09:50:07,23451,23451.5,75,23456.55,300,375,841275
NIFTY-II.NFO,03/02/2025,09:50:08,23451.5,23451,75,23456.75,150,75,841275
NIFTY-II.NFO,03/02/2025,09:50:10,23451.5,23451,75,23456.55,150,0,841275
NIFTY-II.NFO,03/02/2025,09:50:12,23451.5,23451.5,75,23455.7,150,0,841275
NIFTY-II.NFO,03/02/2025,09:50:13,23451.5,23451.9,825,23457.95,75,0,841275
NIFTY-II.NFO,03/02/2025,09:50:15,23451.5,23451.5,75,23457.7,750,0,841275
NIFTY-II.NFO,03/02/2025,09:50:17,23451.5,23452.8,750,23458,75,0,841275
NIFTY-II.NFO,03/02/2025,09:50:18,23451.5,23453.95,750,23458,75,0,841275
NIFTY-II.NFO,03/02/2025,09:50:20,23451.5,23453.9,750,23458,75,0,841275
NIFTY-II.NFO,03/02/2025,09:50:22,23451.5,23451.5,75,23455.7,750,0,841275
NIFTY-II.NFO,03/02/2025,09:50:23,23451.5,23451.5,75,23457.65,150,0,841275
NIFTY-II.NFO,03/02/2025,09:50:25,23457.9,23455,75,23457.95,75,225,841275
NIFTY-II.NFO,03/02/2025,09:50:27,23457.7,23455,75,23456.75,300,75,841275
NIFTY-II.NFO,03/02/2025,09:50:28,23457.5,23455,75,23457.3,300,150,841275
NIFTY-II.NFO,03/02/2025,09:50:30,23457.5,23455,75,23456.45,150,0,841275
NIFTY-II.NFO,03/02/2025,09:50:31,23455,23451.15,150,23457.25,375,75,841275
NIFTY-II.NFO,03/02/2025,09:50:33,23455,23451.15,150,23457.05,375,0,841275
NIFTY-II.NFO,03/02/2025,09:50:35,23456.95,23451.15,150,23456.25,225,75,841275
NIFTY-II.NFO,03/02/2025,09:50:36,23456.95,23451.15,150,23457.6,300,0,841275
NIFTY-II.NFO,03/02/2025,09:50:38,23451.15,23451,150,23457.1,300,225,841275
NIFTY-II.NFO,03/02/2025,09:50:40,23451.15,23451,150,23457.45,225,0,841275
NIFTY-II.NFO,03/02/2025,09:50:41,23451.15,23452.6,450,23458,75,0,841275
NIFTY-II.NFO,03/02/2025,09:50:43,23452.35,23452.45,450,23458,75,75,841275
NIFTY-II.NFO,03/02/2025,09:50:45,23452.35,23451.4,375,23457.95,75,0,841275
NIFTY-II.NFO,03/02/2025,09:50:47,23458,23453.85,450,23461.15,300,75,841275
NIFTY-II.NFO,03/02/2025,09:50:48,23458,23451.55,300,23458.8,300,0,841275
NIFTY-II.NFO,03/02/2025,09:50:50,23458,23451.05,300,23457.55,150,0,841275
NIFTY-II.NFO,03/02/2025,09:50:52,23458,23451.4,300,23458.15,300,0,841275
NIFTY-II.NFO,03/02/2025,09:50:53,23458.15,23451.1,525,23459,225,75,841275
NIFTY-II.NFO,03/02/2025,09:50:55,23458.15,23452,300,23458.9,225,0,841275
NIFTY-II.NFO,03/02/2025,09:50:57,23458.15,23453.45,450,23460.75,225,0,841275
NIFTY-II.NFO,03/02/2025,09:50:58,23454.85,23454.95,525,23462.2,300,75,841275
NIFTY-II.NFO,03/02/2025,09:51:00,23454.95,23454.8,225,23460.5,300,75,841275
NIFTY-II.NFO,03/02/2025,09:51:02,23455.15,23455.75,225,23462.3,300,225,841275
NIFTY-II.NFO,03/02/2025,09:51:03,23455.15,23455.5,750,23462.15,525,0,841275
NIFTY-II.NFO,03/02/2025,09:51:05,23456.15,23455.5,225,23461.85,300,75,841275
NIFTY-II.NFO,03/02/2025,09:51:07,23456.15,23454.95,300,23461.95,75,0,841275
NIFTY-II.NFO,03/02/2025,09:51:08,23456.15,23455.15,75,23459.35,300,0,841275
NIFTY-II.NFO,03/02/2025,09:51:10,23456.15,23455.15,75,23461.3,375,0,841275
NIFTY-II.NFO,03/02/2025,09:51:12,23455.25,23455.85,150,23463,150,75,841275
NIFTY-II.NFO,03/02/2025,09:51:13,23455.8,23456.5,75,23462.95,300,150,841275
NIFTY-II.NFO,03/02/2025,09:51:15,23456.5,23457.45,75,23465.75,300,75,841275
NIFTY-II.NFO,03/02/2025,09:51:17,23456.5,23459.8,75,23466.55,225,0,841275
NIFTY-II.NFO,03/02/2025,09:51:18,23456.5,23457.35,825,23464.5,375,0,841275
NIFTY-II.NFO,03/02/2025,09:51:20,23456.5,23457.2,225,23462.8,75,0,841275
NIFTY-II.NFO,03/02/2025,09:51:22,23456.5,23455.5,225,23461.7,375,0,841275
NIFTY-II.NFO,03/02/2025,09:51:23,23461.4,23455.15,75,23460.65,750,150,841275
NIFTY-II.NFO,03/02/2025,09:51:25,23461.4,23455.15,150,23461.35,300,0,841275
NIFTY-II.NFO,03/02/2025,09:51:27,23462.75,23456.75,150,23463,75,75,841275
NIFTY-II.NFO,03/02/2025,09:51:28,23462.75,23458.4,75,23463.9,300,0,841275
NIFTY-II.NFO,03/02/2025,09:51:30,23463.7,23460,75,23464.1,300,75,841275
NIFTY-II.NFO,03/02/2025,09:51:32,23456.95,23455.2,75,23462.85,525,150,841275
NIFTY-II.NFO,03/02/2025,09:51:33,23462.75,23456,150,23462.45,150,75,841275
NIFTY-II.NFO,03/02/2025,09:51:35,23456.05,23457,150,23463.8,300,150,841275
NIFTY-II.NFO,03/02/2025,09:51:37,23463.8,23464.45,75,23464.5,150,75,841275
NIFTY-II.NFO,03/02/2025,09:51:38,23464.4,23460,75,23464.4,300,375,842925
NIFTY-II.NFO,03/02/2025,09:51:40,23460,23457.35,75,23464,300,75,842925
NIFTY-II.NFO,03/02/2025,09:51:41,23460,23457.05,75,23464,75,0,842925
NIFTY-II.NFO,03/02/2025,09:51:43,23460,23457.35,150,23463.9,75,0,842925
NIFTY-II.NFO,03/02/2025,09:51:45,23463.8,23457.4,300,23464.3,300,75,842925
NIFTY-II.NFO,03/02/2025,09:51:46,23463.8,23458.4,75,23460,75,0,842925
NIFTY-II.NFO,03/02/2025,09:51:48,23463.8,23457,750,23460,75,0,842925
NIFTY-II.NFO,03/02/2025,09:51:53,23463.8,23457,750,23458.7,225,0,842925
NIFTY-II.NFO,03/02/2025,09:51:55,23463.8,23457,750,23458.65,300,0,842925
NIFTY-II.NFO,03/02/2025,09:51:56,23457,23457,600,23457.9,225,150,842925
NIFTY-II.NFO,03/02/2025,09:51:58,23457,23457,600,23457.9,225,0,842925
NIFTY-II.NFO,03/02/2025,09:52:01,23457,23457,150,23457.2,300,450,842925
NIFTY-II.NFO,03/02/2025,09:52:03,23456.9,23455.15,75,23456.95,225,300,842925
NIFTY-II.NFO,03/02/2025,09:52:05,23456.9,23455.15,75,23456.95,225,0,842925
NIFTY-II.NFO,03/02/2025,09:52:08,23456.9,23455.2,150,23456.95,225,0,842925
NIFTY-II.NFO,03/02/2025,09:52:13,23456.95,23455.2,150,23456.95,150,75,842925
NIFTY-II.NFO,03/02/2025,09:52:15,23456.95,23457.05,150,23457.95,225,0,842925
NIFTY-II.NFO,03/02/2025,09:52:16,23457.95,23457.15,150,23460,75,225,842925
NIFTY-II.NFO,03/02/2025,09:52:18,23457.95,23455.2,150,23460,75,0,842925
NIFTY-II.NFO,03/02/2025,09:52:20,23457.95,23457.2,150,23460,75,0,842925
NIFTY-II.NFO,03/02/2025,09:52:21,23455.45,23457,150,23460,75,75,842925
NIFTY-II.NFO,03/02/2025,09:52:23,23457.05,23457,150,23460,75,75,842925
NIFTY-II.NFO,03/02/2025,09:52:25,23457.05,23457.3,675,23460,75,0,842925
NIFTY-II.NFO,03/02/2025,09:52:26,23457.05,23457,150,23459.95,225,0,842925
NIFTY-II.NFO,03/02/2025,09:52:28,23457.95,23458.95,75,23459.95,225,75,842925
NIFTY-II.NFO,03/02/2025,09:52:30,23459.95,23459.6,675,23459.95,75,225,842925
NIFTY-II.NFO,03/02/2025,09:52:31,23466.35,23460.6,600,23465.75,225,450,842925
NIFTY-II.NFO,03/02/2025,09:52:33,23466.35,23459.95,750,23465.8,225,0,842925
NIFTY-II.NFO,03/02/2025,09:52:35,23466.35,23459.75,525,23465.8,150,0,842925
NIFTY-II.NFO,03/02/2025,09:52:36,23466.35,23459.45,75,23463.95,150,0,842925
NIFTY-II.NFO,03/02/2025,09:52:38,23463.3,23459.45,75,23462.95,675,75,842925
NIFTY-II.NFO,03/02/2025,09:52:40,23462.1,23459.45,75,23462.5,300,525,842925
NIFTY-II.NFO,03/02/2025,09:52:41,23462.1,23459.45,75,23461.5,300,0,842925
NIFTY-II.NFO,03/02/2025,09:52:43,23459.45,23456,75,23460.75,375,75,842925
NIFTY-II.NFO,03/02/2025,09:52:45,23459.45,23460,225,23462.7,450,0,842925
NIFTY-II.NFO,03/02/2025,09:52:46,23459.45,23460,225,23461.4,300,0,842925
NIFTY-II.NFO,03/02/2025,09:52:48,23460,23460,75,23461.45,225,150,842925
NIFTY-II.NFO,03/02/2025,09:52:50,23460,23460,75,23461.45,225,0,842925
NIFTY-II.NFO,03/02/2025,09:52:51,23460,23457.7,75,23458.95,450,75,842925
NIFTY-II.NFO,03/02/2025,09:52:53,23457.7,23456,75,23456.95,225,75,842925
NIFTY-II.NFO,03/02/2025,09:52:55,23456,23455.15,75,23455.4,300,75,842925
NIFTY-II.NFO,03/02/2025,09:52:57,23455,23453,75,23454.55,300,225,842925
NIFTY-II.NFO,03/02/2025,09:52:58,23455,23453,75,23454.6,225,0,842925
NIFTY-II.NFO,03/02/2025,09:53:02,23455,23453,75,23453.7,300,0,842925
NIFTY-II.NFO,03/02/2025,09:53:03,23455,23453,75,23453.15,300,0,842925
NIFTY-II.NFO,03/02/2025,09:53:05,23452.35,23451,600,23452.35,150,300,842925
NIFTY-II.NFO,03/02/2025,09:53:07,23452.35,23451,600,23452.35,150,0,842925
NIFTY-II.NFO,03/02/2025,09:53:08,23452.35,23451,600,23453.55,225,0,842925
NIFTY-II.NFO,03/02/2025,09:53:12,23452.35,23451.05,150,23453.55,225,0,842925
NIFTY-II.NFO,03/02/2025,09:53:13,23452.35,23452.3,150,23453.55,225,0,842925
NIFTY-II.NFO,03/02/2025,09:53:15,23452.35,23451.55,150,23453.55,225,0,842925
NIFTY-II.NFO,03/02/2025,09:53:17,23452.35,23451.05,150,23453.55,225,0,842925
