Ticker,Date,Time,LTP,BuyPrice,BuyQty,SellPrice,SellQty,LTQ,OpenInterest
NIFTY-III.NFO,12/05/2025,09:15:02,24667.4,24717.9,300,24730,75,600,295650
NIFTY-III.NFO,12/05/2025,09:15:02,24718,24717.9,300,24730,75,0,295650
NIFTY-III.NFO,12/05/2025,09:15:02,24718,24717.9,300,24730,75,0,295650
NIFTY-III.NFO,12/05/2025,09:15:02,24667.4,24717.9,300,24730,75,0,295650
NIFTY-III.NFO,12/05/2025,09:15:03,24716.2,24720.1,75,24744.3,150,600,295650
NIFTY-III.NFO,12/05/2025,09:15:03,24730,24720.1,75,24744.3,150,0,295650
NIFTY-III.NFO,12/05/2025,09:15:05,24731.9,24731.9,75,24756.7,75,1800,295650
NIFTY-III.NFO,12/05/2025,09:15:05,24761.5,24731.9,75,24756.7,75,0,295650
NIFTY-III.NFO,12/05/2025,09:15:06,24709.6,24727.1,375,24746.2,150,1050,295650
NIFTY-III.NFO,12/05/2025,09:15:08,24755.1,24729.2,75,24748,75,1200,295650
NIFTY-III.NFO,12/05/2025,09:15:10,24730.8,24735.2,75,24748,75,300,295650
NIFTY-III.NFO,12/05/2025,09:15:11,24737.6,24740.2,375,24764.9,75,300,295650
NIFTY-III.NFO,12/05/2025,09:15:11,24764.9,24740.2,375,24764.9,75,0,295650
NIFTY-III.NFO,12/05/2025,09:15:13,24750,24749.7,375,24755,75,225,295650
NIFTY-III.NFO,12/05/2025,09:15:15,24775,24744.7,150,24775.4,75,900,295650
NIFTY-III.NFO,12/05/2025,09:15:15,24775,24744.7,150,24775.4,75,0,295650
NIFTY-III.NFO,12/05/2025,09:15:16,24751.1,24754.8,375,24775.9,75,675,295650
NIFTY-III.NFO,12/05/2025,09:15:18,24756.3,24756.6,75,24775.9,150,225,295650
NIFTY-III.NFO,12/05/2025,09:15:19,24756.3,24755.9,75,24774.7,150,225,295650
NIFTY-III.NFO,12/05/2025,09:15:21,24759.1,24760.4,150,24769,75,300,295650
NIFTY-III.NFO,12/05/2025,09:15:23,24774.7,24762.6,75,24774.7,150,225,295650
NIFTY-III.NFO,12/05/2025,09:15:24,24774.5,24764.9,150,24774.5,150,225,295650
NIFTY-III.NFO,12/05/2025,09:15:26,24767.7,24770.1,150,24783.1,75,2025,294450
NIFTY-III.NFO,12/05/2025,09:15:26,24790.7,24770.1,150,24783.1,75,0,294450
NIFTY-III.NFO,12/05/2025,09:15:28,24774.7,24770.3,150,24787.2,75,750,294450
NIFTY-III.NFO,12/05/2025,09:15:29,24774.7,24781.7,150,24787.2,75,0,294450
NIFTY-III.NFO,12/05/2025,09:15:31,24787.2,24784.1,75,24787.3,225,150,294450
NIFTY-III.NFO,12/05/2025,09:15:32,24790.7,24785.7,75,24790.6,75,375,294450
NIFTY-III.NFO,12/05/2025,09:15:34,24787.8,24786.4,375,24790,75,150,294450
NIFTY-III.NFO,12/05/2025,09:15:36,24790,24782.4,150,24794.9,150,600,294450
NIFTY-III.NFO,12/05/2025,09:15:36,24793,24782.4,150,24794.9,150,0,294450
NIFTY-III.NFO,12/05/2025,09:15:37,24791.1,24790.3,375,24796.9,75,900,294450
NIFTY-III.NFO,12/05/2025,09:15:37,24796,24790.3,375,24796.9,75,0,294450
NIFTY-III.NFO,12/05/2025,09:15:39,24791.1,24787.6,375,24794.9,75,0,294450
NIFTY-III.NFO,12/05/2025,09:15:41,24790,24794.9,225,24797.9,150,150,294450
NIFTY-III.NFO,12/05/2025,09:15:42,24790,24794.9,225,24798,450,0,294450
NIFTY-III.NFO,12/05/2025,09:15:44,24794.9,24794.9,75,24796.6,75,150,294450
NIFTY-III.NFO,12/05/2025,09:15:46,24794.9,24794.9,75,24796.6,150,0,294450
NIFTY-III.NFO,12/05/2025,09:15:47,24796.6,24796.3,75,24797,75,225,294450
NIFTY-III.NFO,12/05/2025,09:15:47,24796.6,24796.3,75,24797,75,0,294450
NIFTY-III.NFO,12/05/2025,09:15:49,24796.9,24796.6,525,24799.9,150,1575,294450
NIFTY-III.NFO,12/05/2025,09:15:49,24798.3,24796.6,525,24799.9,150,0,294450
NIFTY-III.NFO,12/05/2025,09:15:51,24799.9,24798,375,24800,1800,300,294450
NIFTY-III.NFO,12/05/2025,09:15:51,24799.9,24798,375,24800,1800,0,294450
NIFTY-III.NFO,12/05/2025,09:15:52,24809.3,24801.8,75,24812.1,75,2100,294450
NIFTY-III.NFO,12/05/2025,09:15:52,24809.3,24801.8,75,24812.1,75,0,294450
NIFTY-III.NFO,12/05/2025,09:15:54,24800,24802.1,150,24813.9,75,525,294450
NIFTY-III.NFO,12/05/2025,09:15:56,24815,24811.2,225,24815,300,150,294450
NIFTY-III.NFO,12/05/2025,09:15:56,24815,24811.2,225,24815,300,0,294450
NIFTY-III.NFO,12/05/2025,09:15:57,24815,24810,225,24815,225,150,294450
NIFTY-III.NFO,12/05/2025,09:15:59,24815,24810,225,24815,225,0,294450
NIFTY-III.NFO,12/05/2025,09:16:00,24814.1,24814.3,375,24825,75,450,294450
NIFTY-III.NFO,12/05/2025,09:16:00,24825,24814.3,375,24825,75,0,294450
NIFTY-III.NFO,12/05/2025,09:16:02,24825,24822.5,375,24830,300,75,294450
NIFTY-III.NFO,12/05/2025,09:16:04,24830,24831.8,75,24845,150,525,294450
NIFTY-III.NFO,12/05/2025,09:16:04,24830.8,24831.8,75,24845,150,0,294450
NIFTY-III.NFO,12/05/2025,09:16:05,24840,24834.2,450,24845,150,75,294450
NIFTY-III.NFO,12/05/2025,09:16:05,24840,24834.2,450,24845,150,0,294450
NIFTY-III.NFO,12/05/2025,09:16:07,24835.4,24836.5,75,24850,75,225,294450
NIFTY-III.NFO,12/05/2025,09:16:07,24845,24836.5,75,24850,75,0,294450
NIFTY-III.NFO,12/05/2025,09:16:09,24849.9,24832.5,75,24845,75,150,294450
NIFTY-III.NFO,12/05/2025,09:16:09,24849.9,24832.5,75,24845,75,0,294450
NIFTY-III.NFO,12/05/2025,09:16:10,24849.9,24836.8,75,24849.9,150,150,294450
NIFTY-III.NFO,12/05/2025,09:16:12,24847.4,24830.1,675,24835.4,75,300,294450
NIFTY-III.NFO,12/05/2025,09:16:14,24847.4,24830,600,24835,75,0,294450
NIFTY-III.NFO,12/05/2025,09:16:15,24835,24830.1,300,24835.4,75,225,294450
NIFTY-III.NFO,12/05/2025,09:16:17,24839.9,24830.1,300,24839.9,75,225,294450
NIFTY-III.NFO,12/05/2025,09:16:19,24832,24832,225,24835,150,300,294450
NIFTY-III.NFO,12/05/2025,09:16:20,24835,24832,225,24849.9,225,150,294450
NIFTY-III.NFO,12/05/2025,09:16:22,24832,24832,300,24848.3,300,450,294450
NIFTY-III.NFO,12/05/2025,09:16:24,24832,24832.6,225,24848.1,300,75,294450
NIFTY-III.NFO,12/05/2025,09:16:25,24848.5,24832,150,24845,75,525,294450
NIFTY-III.NFO,12/05/2025,09:16:27,24835,24838.3,75,24845,75,225,294450
NIFTY-III.NFO,12/05/2025,09:16:29,24835,24837.1,75,24840,75,0,294450
NIFTY-III.NFO,12/05/2025,09:16:30,24845,24838.5,375,24849.5,300,300,294450
NIFTY-III.NFO,12/05/2025,09:16:32,24845,24837,225,24844,75,0,294450
NIFTY-III.NFO,12/05/2025,09:16:34,24845,24840.1,225,24849.8,300,825,294450
NIFTY-III.NFO,12/05/2025,09:16:34,24850.1,24840.1,225,24849.8,300,0,294450
NIFTY-III.NFO,12/05/2025,09:16:35,24849.8,24838.9,225,24845,75,150,294450
NIFTY-III.NFO,12/05/2025,09:16:37,24849.8,24838.8,225,24845,150,0,294450
NIFTY-III.NFO,12/05/2025,09:16:39,24845,24850,150,24850.8,300,150,294450
NIFTY-III.NFO,12/05/2025,09:16:40,24850,24845,75,24851.8,150,150,294450
NIFTY-III.NFO,12/05/2025,09:16:42,24849.8,24843.8,225,24850,75,150,294450
NIFTY-III.NFO,12/05/2025,09:16:44,24843,24843,150,24850,150,75,294450
NIFTY-III.NFO,12/05/2025,09:16:45,24849.9,24840.8,300,24849.2,300,75,294450
NIFTY-III.NFO,12/05/2025,09:16:47,24850,24845,75,24850,75,150,294450
NIFTY-III.NFO,12/05/2025,09:16:49,24840.8,24842.5,300,24850,75,150,294450
NIFTY-III.NFO,12/05/2025,09:16:50,24840.8,24840.8,150,24850,75,0,294450
NIFTY-III.NFO,12/05/2025,09:16:52,24850,24850,75,24853.1,300,225,294450
NIFTY-III.NFO,12/05/2025,09:16:54,24845,24840.8,150,24853.2,150,225,294450
NIFTY-III.NFO,12/05/2025,09:16:54,24853.1,24840.8,150,24853.2,150,0,294450
NIFTY-III.NFO,12/05/2025,09:16:55,24840.8,24841,225,24850.3,150,225,294450
NIFTY-III.NFO,12/05/2025,09:16:57,24850,24840.8,75,24850.9,150,150,294450
NIFTY-III.NFO,12/05/2025,09:16:59,24850,24841.2,225,24850,225,0,294450
NIFTY-III.NFO,12/05/2025,09:17:01,24850,24840.8,75,24850,225,75,294450
NIFTY-III.NFO,12/05/2025,09:17:02,24850,24842.6,75,24850,300,0,294450
NIFTY-III.NFO,12/05/2025,09:17:04,24850,24842.6,75,24850,225,75,294450
NIFTY-III.NFO,12/05/2025,09:17:06,24842.6,24842.6,150,24850,300,75,294450
NIFTY-III.NFO,12/05/2025,09:17:07,24850,24848,150,24850,375,75,294450
NIFTY-III.NFO,12/05/2025,09:17:09,24850,24848,75,24850,375,225,294450
NIFTY-III.NFO,12/05/2025,09:17:11,24848,24848.4,75,24850,375,75,294450
NIFTY-III.NFO,12/05/2025,09:17:12,24848,24849.1,375,24850,375,0,294450
NIFTY-III.NFO,12/05/2025,09:17:14,24853.1,24850.7,75,24853.1,150,975,294450
NIFTY-III.NFO,12/05/2025,09:17:16,24850,24848.6,375,24850,600,150,294450
NIFTY-III.NFO,12/05/2025,09:17:17,24852.3,24851.8,150,24853.1,150,975,294450
NIFTY-III.NFO,12/05/2025,09:17:19,24853.1,24852.9,375,24855,375,225,294450
NIFTY-III.NFO,12/05/2025,09:17:21,24853.5,24853.4,375,24855,300,300,294450
NIFTY-III.NFO,12/05/2025,09:17:21,24855,24853.4,375,24855,300,0,294450
NIFTY-III.NFO,12/05/2025,09:17:22,24856.1,24856.2,375,24860,75,375,294450
NIFTY-III.NFO,12/05/2025,09:17:22,24856.1,24856.2,375,24860,75,0,294450
NIFTY-III.NFO,12/05/2025,09:17:24,24861,24861.9,225,24866,75,225,294450
NIFTY-III.NFO,12/05/2025,09:17:24,24861,24861.9,225,24866,75,0,294450
NIFTY-III.NFO,12/05/2025,09:17:26,24861,24859.8,225,24866,75,0,294450
NIFTY-III.NFO,12/05/2025,09:17:27,24861,24861,75,24866,75,0,294450
NIFTY-III.NFO,12/05/2025,09:17:29,24864.4,24852.3,75,24857.7,300,150,294450
NIFTY-III.NFO,12/05/2025,09:17:29,24864.4,24852.3,75,24857.7,300,0,294450
NIFTY-III.NFO,12/05/2025,09:17:31,24857.7,24852.8,75,24861,75,75,294450
NIFTY-III.NFO,12/05/2025,09:17:32,24861,24856.8,225,24864.7,300,75,294450
NIFTY-III.NFO,12/05/2025,09:17:34,24861,24855.2,75,24862,75,0,294450
NIFTY-III.NFO,12/05/2025,09:17:36,24861,24855.2,75,24864.6,300,0,294450
NIFTY-III.NFO,12/05/2025,09:17:37,24856.7,24861,75,24862.7,300,150,294450
NIFTY-III.NFO,12/05/2025,09:17:39,24861,24856.7,150,24861,75,150,294450
NIFTY-III.NFO,12/05/2025,09:17:41,24861.5,24855.9,150,24862,75,150,294450
NIFTY-III.NFO,12/05/2025,09:17:42,24861.5,24856.5,150,24862.9,300,0,294450
NIFTY-III.NFO,12/05/2025,09:17:46,24861.6,24853.9,150,24858.8,75,375,294450
NIFTY-III.NFO,12/05/2025,09:17:47,24853.9,24855.3,75,24858.7,75,150,294450
NIFTY-III.NFO,12/05/2025,09:17:49,24864.9,24854.7,750,24860.4,75,750,294450
NIFTY-III.NFO,12/05/2025,09:17:49,24864.9,24854.7,750,24860.4,75,0,294450
NIFTY-III.NFO,12/05/2025,09:17:51,24862.7,24850,150,24855.2,75,300,294450
NIFTY-III.NFO,12/05/2025,09:17:52,24850,24850,825,24854.9,75,75,294450
NIFTY-III.NFO,12/05/2025,09:17:54,24850,24851.4,750,24856.2,75,0,294450
NIFTY-III.NFO,12/05/2025,09:17:56,24850,24854.7,750,24858.9,75,0,294450
NIFTY-III.NFO,12/05/2025,09:17:57,24852.8,24853.2,300,24860,75,75,294450
NIFTY-III.NFO,12/05/2025,09:17:59,24859.3,24852.1,75,24859.4,75,225,294450
NIFTY-III.NFO,12/05/2025,09:18:01,24859.3,24852.7,675,24860,75,0,294450
NIFTY-III.NFO,12/05/2025,09:18:02,24853.8,24853.8,225,24861.7,75,1050,294450
NIFTY-III.NFO,12/05/2025,09:18:04,24853.9,24854.8,300,24860,75,75,294450
NIFTY-III.NFO,12/05/2025,09:18:06,24854,24854,225,24860,75,150,294450
NIFTY-III.NFO,12/05/2025,09:18:07,24853.4,24852.7,300,24853.6,75,150,294450
NIFTY-III.NFO,12/05/2025,09:18:09,24865,24853.9,300,24864.9,300,600,294450
NIFTY-III.NFO,12/05/2025,09:18:09,24865,24853.9,300,24864.9,300,0,294450
NIFTY-III.NFO,12/05/2025,09:18:11,24854,24855.6,300,24865,150,375,294450
NIFTY-III.NFO,12/05/2025,09:18:12,24854,24856.7,300,24864.9,75,0,294450
NIFTY-III.NFO,12/05/2025,09:18:14,24854,24858.2,300,24864.9,75,0,294450
NIFTY-III.NFO,12/05/2025,09:18:17,24864.9,24858.2,300,24865,375,75,294450
NIFTY-III.NFO,12/05/2025,09:18:19,24859.9,24859.9,225,24865,375,75,294450
NIFTY-III.NFO,12/05/2025,09:18:21,24865,24859.7,1050,24865,75,300,294450
NIFTY-III.NFO,12/05/2025,09:18:22,24865,24858.7,300,24864.9,75,0,294450
NIFTY-III.NFO,12/05/2025,09:18:24,24865,24856.4,300,24864.9,75,0,294450
NIFTY-III.NFO,12/05/2025,09:18:26,24856.4,24858.9,300,24864.9,75,75,294300
NIFTY-III.NFO,12/05/2025,09:18:27,24864.9,24856.3,300,24865,75,75,294300
NIFTY-III.NFO,12/05/2025,09:18:29,24866,24857.3,300,24865.9,300,375,294300
NIFTY-III.NFO,12/05/2025,09:18:29,24866,24857.3,300,24865.9,300,0,294300
NIFTY-III.NFO,12/05/2025,09:18:31,24866,24856.6,300,24866,75,0,294300
NIFTY-III.NFO,12/05/2025,09:18:32,24866,24856.6,750,24866,75,0,294300
NIFTY-III.NFO,12/05/2025,09:18:34,24866,24858.8,300,24866,150,0,294300
NIFTY-III.NFO,12/05/2025,09:18:36,24858.7,24857.9,75,24865,75,75,294300
NIFTY-III.NFO,12/05/2025,09:18:37,24865,24858.4,300,24866,150,75,294300
NIFTY-III.NFO,12/05/2025,09:18:39,24857.4,24857.7,300,24866,150,75,294300
NIFTY-III.NFO,12/05/2025,09:18:41,24858.8,24858,75,24867.4,225,300,294300
NIFTY-III.NFO,12/05/2025,09:18:41,24867.4,24858,75,24867.4,225,0,294300
NIFTY-III.NFO,12/05/2025,09:18:42,24867.4,24857.2,300,24865.9,300,225,294300
NIFTY-III.NFO,12/05/2025,09:18:44,24867.2,24858.1,300,24867.2,225,225,294300
NIFTY-III.NFO,12/05/2025,09:18:46,24858.2,24859.3,300,24868.4,225,75,294300
NIFTY-III.NFO,12/05/2025,09:18:47,24858.2,24859.5,300,24868.9,300,0,294300
NIFTY-III.NFO,12/05/2025,09:18:49,24858.2,24859.5,300,24864,75,0,294300
NIFTY-III.NFO,12/05/2025,09:18:51,24859.5,24860.6,300,24864,75,75,294300
NIFTY-III.NFO,12/05/2025,09:18:52,24859.5,24860.9,300,24864,75,0,294300
NIFTY-III.NFO,12/05/2025,09:18:54,24860.9,24860.9,300,24864,75,150,294300
NIFTY-III.NFO,12/05/2025,09:18:56,24860.9,24860.1,150,24864,75,75,294300
NIFTY-III.NFO,12/05/2025,09:18:57,24860.9,24860,150,24864,75,0,294300
NIFTY-III.NFO,12/05/2025,09:18:59,24860,24860,75,24864,75,75,294300
NIFTY-III.NFO,12/05/2025,09:19:01,24864,24860.9,150,24864,75,75,294300
NIFTY-III.NFO,12/05/2025,09:19:02,24864,24860.9,150,24864,75,0,294300
NIFTY-III.NFO,12/05/2025,09:19:04,24864,24865,75,24866.9,300,150,294300
NIFTY-III.NFO,12/05/2025,09:19:06,24865,24861,75,24867,225,75,294300
NIFTY-III.NFO,12/05/2025,09:19:07,24865,24865.3,75,24867,225,0,294300
NIFTY-III.NFO,12/05/2025,09:19:09,24865.3,24865.2,150,24867,225,75,294300
NIFTY-III.NFO,12/05/2025,09:19:11,24865.3,24866,225,24867,225,0,294300
NIFTY-III.NFO,12/05/2025,09:19:14,24867,24866,75,24867,150,225,294300
NIFTY-III.NFO,12/05/2025,09:19:16,24867,24866,75,24867,75,75,294300
NIFTY-III.NFO,12/05/2025,09:19:17,24866,24865.2,150,24867,75,75,294300
NIFTY-III.NFO,12/05/2025,09:19:19,24866,24865.2,150,24866,75,0,294300
NIFTY-III.NFO,12/05/2025,09:19:23,24865,24862.9,75,24866,75,900,294300
NIFTY-III.NFO,12/05/2025,09:19:24,24866,24862.9,75,24867,75,150,294300
NIFTY-III.NFO,12/05/2025,09:19:26,24866,24862.9,75,24865,75,0,294300
NIFTY-III.NFO,12/05/2025,09:19:28,24861.1,24860.9,150,24861.1,75,150,294300
NIFTY-III.NFO,12/05/2025,09:19:29,24860.9,24852.5,75,24862,300,150,294300
NIFTY-III.NFO,12/05/2025,09:19:31,24860.9,24854,300,24863.9,300,0,294300
NIFTY-III.NFO,12/05/2025,09:19:33,24860.9,24854,300,24864.1,450,0,294300
NIFTY-III.NFO,12/05/2025,09:19:34,24854.4,24853.5,75,24860.9,75,75,294300
NIFTY-III.NFO,12/05/2025,09:19:36,24854.4,24854.1,75,24860.9,75,0,294300
NIFTY-III.NFO,12/05/2025,09:19:38,24865,24856.4,300,24866.7,300,225,294300
NIFTY-III.NFO,12/05/2025,09:19:39,24865,24857.4,300,24865,75,0,294300
NIFTY-III.NFO,12/05/2025,09:19:41,24857.9,24857.9,75,24865,150,75,294300
NIFTY-III.NFO,12/05/2025,09:19:43,24857.9,24857.7,600,24865,150,0,294300
NIFTY-III.NFO,12/05/2025,09:19:44,24866.9,24859.1,150,24860,75,300,294300
NIFTY-III.NFO,12/05/2025,09:19:46,24860,24859.9,225,24865,75,75,294300
NIFTY-III.NFO,12/05/2025,09:19:48,24860,24862.4,150,24865,150,0,294300
NIFTY-III.NFO,12/05/2025,09:19:49,24863.1,24862.5,150,24865,225,450,294300
NIFTY-III.NFO,12/05/2025,09:19:51,24863.1,24862.5,150,24865,225,0,294300
NIFTY-III.NFO,12/05/2025,09:19:53,24863.1,24863.2,150,24865,225,0,294300
NIFTY-III.NFO,12/05/2025,09:19:54,24863.1,24862.9,150,24865,225,0,294300
NIFTY-III.NFO,12/05/2025,09:19:56,24865,24863.9,750,24865,150,75,294300
NIFTY-III.NFO,12/05/2025,09:19:58,24867,24865,75,24867,150,225,294300
NIFTY-III.NFO,12/05/2025,09:19:59,24867,24865,75,24868,150,150,294300
NIFTY-III.NFO,12/05/2025,09:20:01,24867,24866.6,150,24868,150,0,294300
NIFTY-III.NFO,12/05/2025,09:20:03,24867,24866.1,150,24868,225,0,294300
NIFTY-III.NFO,12/05/2025,09:20:04,24870,24867,450,24875,975,1500,294300
NIFTY-III.NFO,12/05/2025,09:20:04,24870,24867,450,24875,975,0,294300
NIFTY-III.NFO,12/05/2025,09:20:06,24870,24874.1,75,24875,1050,0,294300
NIFTY-III.NFO,12/05/2025,09:20:08,24875,24875.7,75,24879,75,1125,294300
NIFTY-III.NFO,12/05/2025,09:20:08,24875,24875.7,75,24879,75,0,294300
NIFTY-III.NFO,12/05/2025,09:20:09,24875,24878.4,75,24879,75,0,294300
NIFTY-III.NFO,12/05/2025,09:20:11,24880,24880.9,75,24881,75,225,294300
NIFTY-III.NFO,12/05/2025,09:20:11,24880,24880.9,75,24881,75,0,294300
NIFTY-III.NFO,12/05/2025,09:20:13,24881,24882.5,75,24888,150,75,294300
NIFTY-III.NFO,12/05/2025,09:20:13,24881,24882.5,75,24888,150,0,294300
NIFTY-III.NFO,12/05/2025,09:20:14,24881,24882.3,75,24888,150,0,294300
NIFTY-III.NFO,12/05/2025,09:20:16,24878.4,24880.4,75,24888,150,75,294300
NIFTY-III.NFO,12/05/2025,09:20:18,24878.4,24883.9,75,24888,225,0,294300
NIFTY-III.NFO,12/05/2025,09:20:19,24883,24883.5,75,24888,225,75,294300
NIFTY-III.NFO,12/05/2025,09:20:19,24883,24883.5,75,24888,225,0,294300
NIFTY-III.NFO,12/05/2025,09:20:21,24883,24887.6,75,24888,225,0,294300
NIFTY-III.NFO,12/05/2025,09:20:23,24890,24891.6,75,24899,150,525,294300
NIFTY-III.NFO,12/05/2025,09:20:23,24890,24891.6,75,24899,150,0,294300
NIFTY-III.NFO,12/05/2025,09:20:24,24891.6,24887.5,75,24898.9,300,75,294300
NIFTY-III.NFO,12/05/2025,09:20:24,24891.6,24887.5,75,24898.9,300,0,294300
NIFTY-III.NFO,12/05/2025,09:20:26,24888.4,24889.7,150,24898.9,300,75,294300
NIFTY-III.NFO,12/05/2025,09:20:28,24887.5,24887.3,375,24898.9,300,150,294300
NIFTY-III.NFO,12/05/2025,09:20:29,24889,24887.8,375,24898.9,300,75,294300
NIFTY-III.NFO,12/05/2025,09:20:31,24887.8,24887.2,300,24888.4,75,75,294300
NIFTY-III.NFO,12/05/2025,09:20:33,24896.9,24883,75,24891.7,300,150,294300
NIFTY-III.NFO,12/05/2025,09:20:33,24896.9,24883,75,24891.7,300,0,294300
NIFTY-III.NFO,12/05/2025,09:20:34,24896.9,24883,75,24887.8,75,0,294300
NIFTY-III.NFO,12/05/2025,09:20:36,24896.9,24886.7,375,24887.8,75,0,294300
NIFTY-III.NFO,12/05/2025,09:20:38,24885.8,24884.8,75,24894.4,300,75,294300
NIFTY-III.NFO,12/05/2025,09:20:39,24894.4,24883,75,24889.7,300,75,294300
NIFTY-III.NFO,12/05/2025,09:20:41,24880,24880.1,75,24889.6,300,150,294300
NIFTY-III.NFO,12/05/2025,09:20:43,24880,24881.3,75,24894.8,300,0,294300
NIFTY-III.NFO,12/05/2025,09:20:44,24890.1,24886,75,24889.3,300,375,294300
NIFTY-III.NFO,12/05/2025,09:20:46,24886,24880.1,75,24889.3,300,75,294300
NIFTY-III.NFO,12/05/2025,09:20:48,24888.4,24880,600,24888.4,225,300,294300
NIFTY-III.NFO,12/05/2025,09:20:49,24887.2,24880.1,75,24887.6,300,225,294300
NIFTY-III.NFO,12/05/2025,09:20:51,24887.2,24880.3,75,24890,300,0,294300
NIFTY-III.NFO,12/05/2025,09:20:53,24887.2,24880,525,24889.6,300,0,294300
NIFTY-III.NFO,12/05/2025,09:20:54,24887.2,24880.2,150,24888.4,300,0,294300
NIFTY-III.NFO,12/05/2025,09:20:56,24891.3,24881.2,225,24890,375,150,294300
NIFTY-III.NFO,12/05/2025,09:20:58,24891.3,24881.3,225,24887.2,75,0,294300
NIFTY-III.NFO,12/05/2025,09:20:59,24887.2,24883.5,225,24890,75,75,294300
NIFTY-III.NFO,12/05/2025,09:21:01,24890,24890,75,24897,75,75,294300
NIFTY-III.NFO,12/05/2025,09:21:03,24890.1,24890.1,150,24897,75,75,294300
NIFTY-III.NFO,12/05/2025,09:21:04,24890.1,24890,75,24896.9,300,0,294300
NIFTY-III.NFO,12/05/2025,09:21:06,24891,24890,75,24895,75,75,294300
NIFTY-III.NFO,12/05/2025,09:21:08,24891,24890,75,24896.3,300,0,294300
NIFTY-III.NFO,12/05/2025,09:21:09,24890,24887.3,150,24896.9,300,75,294300
NIFTY-III.NFO,12/05/2025,09:21:11,24890,24887.7,150,24897,75,0,294300
NIFTY-III.NFO,12/05/2025,09:21:13,24890,24890.1,75,24896.9,300,0,294300
NIFTY-III.NFO,12/05/2025,09:21:14,24886.1,24886.1,150,24896.3,300,300,294300
NIFTY-III.NFO,12/05/2025,09:21:16,24895,24895,75,24897,75,150,294300
NIFTY-III.NFO,12/05/2025,09:21:18,24895,24885.5,150,24896.9,300,75,294300
NIFTY-III.NFO,12/05/2025,09:21:19,24895,24885.5,150,24894.5,75,0,294300
NIFTY-III.NFO,12/05/2025,09:21:21,24895,24886.1,150,24896,150,0,294300
NIFTY-III.NFO,12/05/2025,09:21:23,24895,24890,75,24894.8,300,0,294300
NIFTY-III.NFO,12/05/2025,09:21:24,24890,24885,75,24889.7,300,75,294300
NIFTY-III.NFO,12/05/2025,09:21:26,24885,24880.1,150,24888.7,300,75,294300
NIFTY-III.NFO,12/05/2025,09:21:28,24885,24880.1,150,24888.8,75,0,294300
NIFTY-III.NFO,12/05/2025,09:21:29,24891,24880.9,150,24893.7,300,300,293100
NIFTY-III.NFO,12/05/2025,09:21:31,24888.2,24890,300,24891.4,300,75,293100
NIFTY-III.NFO,12/05/2025,09:21:33,24890,24885,300,24890,75,300,293100
NIFTY-III.NFO,12/05/2025,09:21:34,24890,24889.6,750,24890,75,0,293100
NIFTY-III.NFO,12/05/2025,09:21:38,24890,24889.6,750,24890,150,0,293100
NIFTY-III.NFO,12/05/2025,09:21:41,24894.9,24889.6,750,24894.7,75,225,293100
NIFTY-III.NFO,12/05/2025,09:21:43,24890,24889.6,750,24895,75,75,293100
NIFTY-III.NFO,12/05/2025,09:21:44,24889.6,24889.6,675,24893.9,75,75,293100
NIFTY-III.NFO,12/05/2025,09:21:46,24889.6,24889.6,600,24894.9,300,75,293100
NIFTY-III.NFO,12/05/2025,09:21:48,24889.6,24889.6,600,24894.8,75,0,293100
NIFTY-III.NFO,12/05/2025,09:21:49,24889.6,24889.6,525,24894.8,75,75,293100
NIFTY-III.NFO,12/05/2025,09:21:51,24889.6,24889.6,225,24894.7,300,300,293100
NIFTY-III.NFO,12/05/2025,09:21:53,24889.6,24890,225,24893.4,75,0,293100
NIFTY-III.NFO,12/05/2025,09:21:54,24889.6,24890,225,24893.3,75,0,293100
NIFTY-III.NFO,12/05/2025,09:21:56,24889.6,24890,225,24892.4,375,0,293100
NIFTY-III.NFO,12/05/2025,09:21:58,24889.6,24885,375,24890.7,75,450,293100
NIFTY-III.NFO,12/05/2025,09:21:59,24889.6,24885,375,24890.2,300,0,293100
NIFTY-III.NFO,12/05/2025,09:22:01,24891.6,24885.1,150,24893.8,75,300,293100
NIFTY-III.NFO,12/05/2025,09:22:03,24893.2,24885,375,24892.6,300,225,293100
NIFTY-III.NFO,12/05/2025,09:22:04,24893.2,24890,75,24892.7,75,0,293100
NIFTY-III.NFO,12/05/2025,09:22:06,24889,24889,75,24891.3,75,150,293100
NIFTY-III.NFO,12/05/2025,09:22:08,24889,24888,75,24891,300,75,293100
NIFTY-III.NFO,12/05/2025,09:22:09,24891,24888,75,24891,75,225,293100
NIFTY-III.NFO,12/05/2025,09:22:11,24891,24888,75,24889.4,150,0,293100
NIFTY-III.NFO,12/05/2025,09:22:13,24888,24885,375,24889.1,75,75,293100
NIFTY-III.NFO,12/05/2025,09:22:14,24888.9,24885,450,24888.9,75,75,293100
NIFTY-III.NFO,12/05/2025,09:22:16,24888.9,24885,375,24891.3,75,150,293100
NIFTY-III.NFO,12/05/2025,09:22:18,24888.9,24885.1,300,24890.9,75,0,293100
NIFTY-III.NFO,12/05/2025,09:22:19,24888.9,24885.1,300,24891,150,0,293100
NIFTY-III.NFO,12/05/2025,09:22:21,24885.1,24885.1,225,24891,150,75,293100
NIFTY-III.NFO,12/05/2025,09:22:23,24885.1,24885.1,225,24891,150,0,293100
NIFTY-III.NFO,12/05/2025,09:22:24,24890,24885.1,300,24891,150,75,293100
NIFTY-III.NFO,12/05/2025,09:22:26,24890,24885.1,300,24888.9,75,0,293100
NIFTY-III.NFO,12/05/2025,09:22:28,24888.9,24885,375,24889,75,75,293100
NIFTY-III.NFO,12/05/2025,09:22:29,24888.9,24885.1,300,24889,75,0,293100
NIFTY-III.NFO,12/05/2025,09:22:31,24888.9,24885.4,300,24889,75,0,293100
NIFTY-III.NFO,12/05/2025,09:22:33,24888.9,24885.1,300,24888.9,75,150,293100
NIFTY-III.NFO,12/05/2025,09:22:34,24885.8,24885,375,24888.9,75,75,293100
NIFTY-III.NFO,12/05/2025,09:22:36,24886,24886.1,300,24888.9,75,75,293100
NIFTY-III.NFO,12/05/2025,09:22:38,24886,24886,75,24888.9,75,0,293100
NIFTY-III.NFO,12/05/2025,09:22:39,24888.9,24885,375,24888.9,75,150,293100
NIFTY-III.NFO,12/05/2025,09:22:41,24888.9,24886.8,75,24889,75,0,293100
NIFTY-III.NFO,12/05/2025,09:22:43,24889,24886.9,300,24890,375,75,293100
NIFTY-III.NFO,12/05/2025,09:22:44,24889,24886.9,300,24888.9,225,0,293100
NIFTY-III.NFO,12/05/2025,09:22:46,24890,24889.1,300,24890,300,300,293100
NIFTY-III.NFO,12/05/2025,09:22:48,24891,24890.2,300,24892,225,375,293100
NIFTY-III.NFO,12/05/2025,09:22:49,24891,24891.1,300,24892,225,0,293100
NIFTY-III.NFO,12/05/2025,09:22:51,24892,24892.3,300,24893,75,225,293100
NIFTY-III.NFO,12/05/2025,09:22:53,24893.1,24890.3,300,24893.2,150,150,293100
NIFTY-III.NFO,12/05/2025,09:22:54,24893.2,24891.3,300,24895,150,150,293100
NIFTY-III.NFO,12/05/2025,09:22:56,24893.2,24889.1,300,24895,150,0,293100
NIFTY-III.NFO,12/05/2025,09:22:58,24890,24889,75,24894.3,300,75,293100
NIFTY-III.NFO,12/05/2025,09:22:59,24889,24888.9,75,24894.2,300,75,293100
NIFTY-III.NFO,12/05/2025,09:23:01,24892.6,24890,75,24895,150,75,293100
NIFTY-III.NFO,12/05/2025,09:23:03,24892.6,24890,75,24894.9,300,0,293100
NIFTY-III.NFO,12/05/2025,09:23:04,24892.6,24890,75,24891,450,0,293100
NIFTY-III.NFO,12/05/2025,09:23:06,24891,24888.9,75,24891,375,75,293100
NIFTY-III.NFO,12/05/2025,09:23:08,24888.9,24886,150,24891,375,75,293100
NIFTY-III.NFO,12/05/2025,09:23:09,24888.9,24886,150,24891,375,0,293100
NIFTY-III.NFO,12/05/2025,09:23:11,24886,24886,75,24890.9,300,75,293100
NIFTY-III.NFO,12/05/2025,09:23:13,24886,24886,75,24891,375,0,293100
NIFTY-III.NFO,12/05/2025,09:23:14,24886,24886,150,24890,75,0,293100
NIFTY-III.NFO,12/05/2025,09:23:18,24886,24886,225,24889.9,300,0,293100
NIFTY-III.NFO,12/05/2025,09:23:19,24886,24886,150,24890,75,75,293100
NIFTY-III.NFO,12/05/2025,09:23:21,24890,24882.9,300,24891,375,525,293100
NIFTY-III.NFO,12/05/2025,09:23:23,24890,24881.6,150,24890.9,300,0,293100
NIFTY-III.NFO,12/05/2025,09:23:24,24890,24882.7,150,24891,375,0,293100
NIFTY-III.NFO,12/05/2025,09:23:26,24881.8,24887.7,375,24891,375,1575,293100
NIFTY-III.NFO,12/05/2025,09:23:28,24881.8,24889,75,24891,375,0,293100
NIFTY-III.NFO,12/05/2025,09:23:29,24881.8,24888.2,375,24891,375,0,293100
NIFTY-III.NFO,12/05/2025,09:23:31,24881.8,24886,375,24891,375,0,293100
NIFTY-III.NFO,12/05/2025,09:23:33,24881.8,24884.2,150,24891,375,0,293100
NIFTY-III.NFO,12/05/2025,09:23:34,24884.2,24880,225,24884.4,300,150,293100
NIFTY-III.NFO,12/05/2025,09:23:36,24880,24874.2,150,24880.5,375,375,293100
NIFTY-III.NFO,12/05/2025,09:23:37,24880,24874.2,150,24879.9,300,0,293100
NIFTY-III.NFO,12/05/2025,09:23:41,24880.9,24874.2,150,24880.8,300,75,293100
NIFTY-III.NFO,12/05/2025,09:23:43,24880.9,24874.2,150,24882,300,0,293100
NIFTY-III.NFO,12/05/2025,09:23:44,24880.9,24874.2,150,24880,375,0,293100
NIFTY-III.NFO,12/05/2025,09:23:46,24880.9,24874.2,150,24879.9,300,0,293100
NIFTY-III.NFO,12/05/2025,09:23:48,24874.2,24874.2,75,24879.9,300,75,293100
NIFTY-III.NFO,12/05/2025,09:23:49,24874.2,24874.2,75,24879.9,300,0,293100
NIFTY-III.NFO,12/05/2025,09:23:51,24875,24874.3,75,24880,150,375,293100
NIFTY-III.NFO,12/05/2025,09:23:53,24874.2,24874.9,750,24880,150,150,293100
NIFTY-III.NFO,12/05/2025,09:23:54,24874.2,24873,150,24880,225,0,293100
NIFTY-III.NFO,12/05/2025,09:23:56,24874.1,24871.9,150,24880,225,75,293100
NIFTY-III.NFO,12/05/2025,09:23:58,24877.1,24877.8,375,24880,225,75,293100
NIFTY-III.NFO,12/05/2025,09:23:59,24877,24878.2,375,24880,150,150,293100
NIFTY-III.NFO,12/05/2025,09:24:01,24877,24877.5,300,24880,150,0,293100
NIFTY-III.NFO,12/05/2025,09:24:03,24877,24877.4,75,24880,225,0,293100
NIFTY-III.NFO,12/05/2025,09:24:04,24877.4,24878.3,750,24880,225,75,293100
NIFTY-III.NFO,12/05/2025,09:24:08,24880,24879.8,750,24887.7,150,375,293100
NIFTY-III.NFO,12/05/2025,09:24:09,24880.1,24879.3,225,24887.7,75,225,293100
NIFTY-III.NFO,12/05/2025,09:24:11,24879.3,24874.1,75,24886.9,300,150,293100
NIFTY-III.NFO,12/05/2025,09:24:13,24879.3,24872.9,450,24885.6,300,0,293100
NIFTY-III.NFO,12/05/2025,09:24:14,24879.3,24871.3,75,24883.9,300,0,293100
NIFTY-III.NFO,12/05/2025,09:24:16,24886.2,24880,75,24887.5,300,75,293100
NIFTY-III.NFO,12/05/2025,09:24:18,24886.2,24880,75,24887.6,300,0,293100
NIFTY-III.NFO,12/05/2025,09:24:24,24886.2,24880.1,75,24887.7,75,0,293100
NIFTY-III.NFO,12/05/2025,09:24:26,24880,24879.3,75,24880,75,150,293100
NIFTY-III.NFO,12/05/2025,09:24:28,24879.3,24878.2,375,24887,75,75,293175
NIFTY-III.NFO,12/05/2025,09:24:29,24892.2,24881.7,75,24892.9,75,675,293175
NIFTY-III.NFO,12/05/2025,09:24:31,24882.2,24881.7,225,24892.9,75,225,293175
NIFTY-III.NFO,12/05/2025,09:24:33,24879.7,24880.7,75,24892.4,300,300,293175
NIFTY-III.NFO,12/05/2025,09:24:34,24879.7,24881.3,75,24892,300,0,293175
NIFTY-III.NFO,12/05/2025,09:24:36,24892,24892,825,24893,75,450,293175
NIFTY-III.NFO,12/05/2025,09:24:38,24892,24881.7,75,24892.8,75,825,293175
NIFTY-III.NFO,12/05/2025,09:24:39,24882.5,24882.5,75,24891,1050,75,293175
NIFTY-III.NFO,12/05/2025,09:24:41,24882.5,24882.1,75,24890.9,300,0,293175
NIFTY-III.NFO,12/05/2025,09:24:43,24882.2,24881.7,150,24890.9,300,150,293175
NIFTY-III.NFO,12/05/2025,09:24:44,24877.9,24877.5,75,24877.9,225,300,293175
NIFTY-III.NFO,12/05/2025,09:24:46,24878.4,24875.9,75,24882.5,75,225,293175
NIFTY-III.NFO,12/05/2025,09:24:48,24878.4,24881.6,75,24882.5,75,75,293175
NIFTY-III.NFO,12/05/2025,09:24:49,24878.4,24878,75,24882.5,75,0,293175
NIFTY-III.NFO,12/05/2025,09:24:51,24882.5,24881.3,375,24891,1050,75,293175
NIFTY-III.NFO,12/05/2025,09:24:53,24882.5,24882,150,24890.9,300,0,293175
NIFTY-III.NFO,12/05/2025,09:24:54,24882.5,24881.1,150,24890.9,300,0,293175
NIFTY-III.NFO,12/05/2025,09:24:56,24878.6,24877.3,375,24890.7,300,225,293175
NIFTY-III.NFO,12/05/2025,09:24:58,24878.6,24883.4,375,24891,1050,0,293175
NIFTY-III.NFO,12/05/2025,09:24:59,24878.6,24882.1,375,24891,1050,0,293175
NIFTY-III.NFO,12/05/2025,09:25:01,24878.8,24879.5,375,24882.1,150,75,293175
NIFTY-III.NFO,12/05/2025,09:25:03,24880.5,24880.8,375,24882.1,150,75,293175
NIFTY-III.NFO,12/05/2025,09:25:04,24882.1,24882.6,300,24891,1050,150,293175
NIFTY-III.NFO,12/05/2025,09:25:06,24882.1,24883,375,24891,1050,0,293175
NIFTY-III.NFO,12/05/2025,09:25:08,24882.1,24883,375,24890.9,300,0,293175
NIFTY-III.NFO,12/05/2025,09:25:09,24882.1,24881.3,375,24890.9,300,0,293175
NIFTY-III.NFO,12/05/2025,09:25:11,24882.1,24878.9,375,24890.3,300,0,293175
NIFTY-III.NFO,12/05/2025,09:25:13,24882.1,24879.9,375,24890.9,300,0,293175
NIFTY-III.NFO,12/05/2025,09:25:16,24882.1,24878.5,375,24888.7,300,0,293175
NIFTY-III.NFO,12/05/2025,09:25:18,24882.1,24882.1,75,24888.8,300,0,293175
NIFTY-III.NFO,12/05/2025,09:25:21,24882.1,24882.1,75,24889.8,300,0,293175
NIFTY-III.NFO,12/05/2025,09:25:23,24890.5,24885,225,24889.5,300,450,293175
NIFTY-III.NFO,12/05/2025,09:25:24,24890.5,24885,225,24886.9,300,0,293175
NIFTY-III.NFO,12/05/2025,09:25:26,24890.5,24885,225,24890,75,0,293175
NIFTY-III.NFO,12/05/2025,09:25:28,24890.5,24885,225,24891,1050,225,293175
NIFTY-III.NFO,12/05/2025,09:25:29,24890.5,24885,225,24891,1050,0,293175
NIFTY-III.NFO,12/05/2025,09:25:31,24890,24885,225,24890.5,150,75,293175
NIFTY-III.NFO,12/05/2025,09:25:33,24890,24885.8,375,24890.5,150,0,293175
NIFTY-III.NFO,12/05/2025,09:25:34,24890,24885,225,24890.4,300,0,293175
NIFTY-III.NFO,12/05/2025,09:25:36,24890,24885.6,375,24890.5,225,0,293175
NIFTY-III.NFO,12/05/2025,09:25:38,24890,24887.2,75,24890.5,225,0,293175
NIFTY-III.NFO,12/05/2025,09:25:39,24890,24890.2,450,24890.5,225,0,293175
NIFTY-III.NFO,12/05/2025,09:25:41,24891,24890.2,75,24891,900,375,293175
NIFTY-III.NFO,12/05/2025,09:25:43,24892,24892,75,24893,75,1125,293175
NIFTY-III.NFO,12/05/2025,09:25:44,24892,24892,750,24893,75,0,293175
NIFTY-III.NFO,12/05/2025,09:25:46,24893,24892.8,150,24895,75,75,293175
NIFTY-III.NFO,12/05/2025,09:25:48,24893,24892.4,75,24895,75,0,293175
NIFTY-III.NFO,12/05/2025,09:25:49,24893,24890.5,75,24895,75,0,293175
NIFTY-III.NFO,12/05/2025,09:25:51,24893,24890.5,75,24894.9,300,0,293175
NIFTY-III.NFO,12/05/2025,09:25:55,24895,24890.5,75,24897.9,300,75,293175
NIFTY-III.NFO,12/05/2025,09:25:56,24897.9,24890.5,75,24897.9,300,75,293175
NIFTY-III.NFO,12/05/2025,09:25:56,24897.9,24890.5,75,24897.9,300,0,293175
NIFTY-III.NFO,12/05/2025,09:25:58,24897.9,24890.5,75,24897.3,300,0,293175
NIFTY-III.NFO,12/05/2025,09:26:00,24897.9,24890.5,75,24897.9,300,0,293175
NIFTY-III.NFO,12/05/2025,09:26:01,24897.9,24890.5,75,24895,300,0,293175
NIFTY-III.NFO,12/05/2025,09:26:05,24898.9,24890.6,75,24898.9,225,450,293175
NIFTY-III.NFO,12/05/2025,09:26:05,24898.9,24890.6,75,24898.9,225,0,293175
NIFTY-III.NFO,12/05/2025,09:26:06,24898.9,24891.2,75,24899,225,0,293175
NIFTY-III.NFO,12/05/2025,09:26:08,24898.9,24890.5,75,24897.9,300,0,293175
NIFTY-III.NFO,12/05/2025,09:26:11,24890.5,24890,75,24897.9,300,75,293175
NIFTY-III.NFO,12/05/2025,09:26:13,24890.5,24890.1,75,24898,75,0,293175
NIFTY-III.NFO,12/05/2025,09:26:15,24897.9,24890,75,24897.9,75,225,293175
NIFTY-III.NFO,12/05/2025,09:26:16,24897.9,24890,75,24897.9,75,0,293175
NIFTY-III.NFO,12/05/2025,09:26:18,24890.5,24897.9,975,24898.6,225,1125,293175
NIFTY-III.NFO,12/05/2025,09:26:20,24898,24890.1,1050,24890.5,75,1050,293175
NIFTY-III.NFO,12/05/2025,09:26:21,24898,24890.1,1050,24890.5,75,0,293175
NIFTY-III.NFO,12/05/2025,09:26:23,24898,24890.4,300,24890.5,75,0,293175
NIFTY-III.NFO,12/05/2025,09:26:25,24890.5,24894,375,24898,75,75,293175
NIFTY-III.NFO,12/05/2025,09:26:26,24899,24892.8,375,24898.9,225,225,293175
NIFTY-III.NFO,12/05/2025,09:26:26,24899,24892.8,375,24898.9,225,0,293175
NIFTY-III.NFO,12/05/2025,09:26:28,24899,24891.3,375,24898,75,0,293175
NIFTY-III.NFO,12/05/2025,09:26:30,24899,24891.3,375,24898,150,0,293175
NIFTY-III.NFO,12/05/2025,09:26:31,24899,24892.8,300,24898,150,0,293175
NIFTY-III.NFO,12/05/2025,09:26:33,24899,24892.3,75,24897.9,225,0,293175
NIFTY-III.NFO,12/05/2025,09:26:35,24898.9,24898,150,24899,300,450,293175
NIFTY-III.NFO,12/05/2025,09:26:36,24898.9,24898.2,75,24899,300,0,293175
NIFTY-III.NFO,12/05/2025,09:26:38,24898.9,24898.1,75,24899,300,0,293175
NIFTY-III.NFO,12/05/2025,09:26:41,24898.9,24898.4,75,24899,300,0,293175
NIFTY-III.NFO,12/05/2025,09:26:43,24898.4,24892.1,75,24899,300,375,293175
NIFTY-III.NFO,12/05/2025,09:26:45,24898.4,24892.1,75,24898.9,150,0,293175
NIFTY-III.NFO,12/05/2025,09:26:46,24898.9,24892.2,75,24896,75,75,293175
NIFTY-III.NFO,12/05/2025,09:26:48,24898.9,24892.2,75,24894.8,75,0,293175
NIFTY-III.NFO,12/05/2025,09:26:50,24892.1,24890.1,1050,24894.8,75,150,293175
NIFTY-III.NFO,12/05/2025,09:26:51,24898,24890,75,24896.8,75,225,293175
NIFTY-III.NFO,12/05/2025,09:26:53,24898,24890.2,75,24896.4,75,0,293175
NIFTY-III.NFO,12/05/2025,09:26:55,24898,24890.2,75,24897.9,75,0,293175
NIFTY-III.NFO,12/05/2025,09:26:56,24890.2,24890,75,24897.8,75,75,293175
NIFTY-III.NFO,12/05/2025,09:26:58,24890.2,24890,75,24897.8,75,0,293175
NIFTY-III.NFO,12/05/2025,09:27:00,24890.2,24890,75,24897.1,150,0,293175
NIFTY-III.NFO,12/05/2025,09:27:01,24890.2,24890,75,24890.2,225,0,293175
NIFTY-III.NFO,12/05/2025,09:27:05,24890.2,24890.1,75,24890.2,300,0,293175
NIFTY-III.NFO,12/05/2025,09:27:06,24890.2,24890,75,24890.2,300,75,293175
NIFTY-III.NFO,12/05/2025,09:27:08,24890.2,24890,75,24890.2,300,0,293175
NIFTY-III.NFO,12/05/2025,09:27:10,24890,24885,225,24890.2,300,75,293175
NIFTY-III.NFO,12/05/2025,09:27:11,24890,24885,225,24890.2,300,0,293175
NIFTY-III.NFO,12/05/2025,09:27:13,24890.2,24885,225,24890.2,150,150,293175
NIFTY-III.NFO,12/05/2025,09:27:15,24890.2,24885,225,24890.2,150,0,293175
NIFTY-III.NFO,12/05/2025,09:27:16,24890.2,24885.1,300,24890.2,150,0,293175
NIFTY-III.NFO,12/05/2025,09:27:18,24886.3,24886.9,600,24890.2,150,75,293175
NIFTY-III.NFO,12/05/2025,09:27:20,24890,24890.4,300,24898,150,300,293175
NIFTY-III.NFO,12/05/2025,09:27:21,24891.5,24891.5,225,24899,300,225,293175
NIFTY-III.NFO,12/05/2025,09:27:23,24891.5,24894.3,300,24899,300,0,293175
NIFTY-III.NFO,12/05/2025,09:27:25,24891.5,24893.9,300,24899,300,0,293175
NIFTY-III.NFO,12/05/2025,09:27:26,24891.5,24892.5,600,24899,300,0,293175
NIFTY-III.NFO,12/05/2025,09:27:28,24893.9,24893.6,300,24895,75,75,293625
NIFTY-III.NFO,12/05/2025,09:27:30,24895,24894.4,300,24899,300,150,293625
NIFTY-III.NFO,12/05/2025,09:27:31,24895,24894.6,300,24899,300,0,293625
NIFTY-III.NFO,12/05/2025,09:27:33,24895,24895.1,75,24899,300,0,293625
NIFTY-III.NFO,12/05/2025,09:27:36,24895,24895,1500,24899,300,0,293625
NIFTY-III.NFO,12/05/2025,09:27:38,24898.9,24895,1500,24899,300,75,293625
NIFTY-III.NFO,12/05/2025,09:27:39,24898.9,24895.1,75,24899,300,0,293625
NIFTY-III.NFO,12/05/2025,09:27:41,24898.9,24895,1500,24899,300,0,293625
NIFTY-III.NFO,12/05/2025,09:27:46,24898.9,24895.4,300,24899,300,0,293625
NIFTY-III.NFO,12/05/2025,09:27:48,24898.9,24897.1,300,24899,300,0,293625
NIFTY-III.NFO,12/05/2025,09:27:49,24898.9,24895,1500,24899,300,0,293625
NIFTY-III.NFO,12/05/2025,09:27:51,24898.9,24895.1,75,24899,300,0,293625
NIFTY-III.NFO,12/05/2025,09:27:53,24900,24895.1,75,24900,4800,1650,293625
NIFTY-III.NFO,12/05/2025,09:27:53,24900,24895.1,75,24900,4800,0,293625
NIFTY-III.NFO,12/05/2025,09:27:54,24900,24895.1,75,24896,75,0,293625
NIFTY-III.NFO,12/05/2025,09:28:00,24895.1,24885.7,300,24895.9,150,75,293625
NIFTY-III.NFO,12/05/2025,09:28:01,24895.1,24885.9,300,24895.9,150,0,293625
NIFTY-III.NFO,12/05/2025,09:28:03,24895.1,24885.4,300,24895.9,150,0,293625
NIFTY-III.NFO,12/05/2025,09:28:05,24895.1,24885.5,300,24895.9,150,0,293625
NIFTY-III.NFO,12/05/2025,09:28:06,24895.1,24885.6,300,24896,75,0,293625
NIFTY-III.NFO,12/05/2025,09:28:10,24885.7,24885.1,300,24895.9,75,75,293625
NIFTY-III.NFO,12/05/2025,09:28:11,24885.7,24886.2,300,24895.9,75,0,293625
NIFTY-III.NFO,12/05/2025,09:28:13,24885.7,24885,1725,24895,75,0,293625
NIFTY-III.NFO,12/05/2025,09:28:15,24885.7,24885,1725,24885.7,75,0,293625
NIFTY-III.NFO,12/05/2025,09:28:18,24885,24885,1650,24885.7,75,75,293625
NIFTY-III.NFO,12/05/2025,09:28:20,24885,24885,1650,24885.7,75,0,293625
NIFTY-III.NFO,12/05/2025,09:28:23,24885.7,24885.1,300,24893.2,75,75,293625
NIFTY-III.NFO,12/05/2025,09:28:25,24885.7,24885.1,300,24894.6,225,0,293625
NIFTY-III.NFO,12/05/2025,09:28:26,24885.7,24885,1650,24891.9,75,0,293625
NIFTY-III.NFO,12/05/2025,09:28:28,24885.7,24885,1650,24889.6,75,0,293625
NIFTY-III.NFO,12/05/2025,09:28:30,24885.7,24885,1650,24885.6,75,0,293625
NIFTY-III.NFO,12/05/2025,09:28:31,24885.6,24885.1,300,24885.7,150,75,293625
NIFTY-III.NFO,12/05/2025,09:28:33,24885.7,24885.1,300,24894.3,75,225,293625
NIFTY-III.NFO,12/05/2025,09:28:35,24885.7,24885.1,300,24885.7,75,0,293625
NIFTY-III.NFO,12/05/2025,09:28:36,24887.5,24889.1,300,24896,75,150,293625
NIFTY-III.NFO,12/05/2025,09:28:38,24887.5,24889.1,300,24896,75,0,293625
NIFTY-III.NFO,12/05/2025,09:28:40,24887.5,24889.2,300,24890,75,0,293625
NIFTY-III.NFO,12/05/2025,09:28:41,24890,24890.2,300,24895,75,75,293625
NIFTY-III.NFO,12/05/2025,09:28:43,24890,24891,375,24895,75,0,293625
NIFTY-III.NFO,12/05/2025,09:28:45,24890,24886.8,300,24895,75,0,293625
NIFTY-III.NFO,12/05/2025,09:28:46,24890,24885.1,300,24894.9,150,0,293625
NIFTY-III.NFO,12/05/2025,09:28:48,24890,24885.1,300,24894.7,75,0,293625
NIFTY-III.NFO,12/05/2025,09:28:50,24890,24885.1,300,24895,75,0,293625
NIFTY-III.NFO,12/05/2025,09:28:51,24890,24886.3,300,24895,75,0,293625
NIFTY-III.NFO,12/05/2025,09:28:53,24890,24887.6,300,24895,75,0,293625
NIFTY-III.NFO,12/05/2025,09:28:55,24890,24887,300,24895,75,0,293625
NIFTY-III.NFO,12/05/2025,09:28:56,24887,24888.3,300,24895,75,75,293625
NIFTY-III.NFO,12/05/2025,09:28:58,24887,24889.6,300,24895,75,0,293625
NIFTY-III.NFO,12/05/2025,09:29:00,24887,24888.4,300,24895,75,0,293625
NIFTY-III.NFO,12/05/2025,09:29:01,24887,24888.8,300,24895,225,0,293625
NIFTY-III.NFO,12/05/2025,09:29:03,24887,24889,300,24895,225,0,293625
NIFTY-III.NFO,12/05/2025,09:29:05,24887,24889.2,300,24895,225,0,293625
NIFTY-III.NFO,12/05/2025,09:29:08,24887,24888.2,300,24890,150,0,293625
NIFTY-III.NFO,12/05/2025,09:29:10,24887,24889.6,300,24890,225,0,293625
NIFTY-III.NFO,12/05/2025,09:29:11,24890,24890.9,300,24895,225,375,293625
NIFTY-III.NFO,12/05/2025,09:29:13,24890.9,24885.8,225,24894.9,300,75,293625
NIFTY-III.NFO,12/05/2025,09:29:15,24890.9,24887.9,1125,24895,225,0,293625
NIFTY-III.NFO,12/05/2025,09:29:16,24890.9,24888.2,225,24895,225,0,293625
NIFTY-III.NFO,12/05/2025,09:29:18,24890.9,24887.3,75,24895,225,0,293625
NIFTY-III.NFO,12/05/2025,09:29:20,24890.9,24889.1,225,24895,225,0,293625
NIFTY-III.NFO,12/05/2025,09:29:21,24890.9,24888.8,225,24895,225,0,293625
NIFTY-III.NFO,12/05/2025,09:29:23,24890.9,24888.4,75,24895,225,0,293625
NIFTY-III.NFO,12/05/2025,09:29:25,24890.9,24887.2,75,24894.9,300,0,293625
NIFTY-III.NFO,12/05/2025,09:29:26,24890.9,24888.5,300,24895,225,0,293625
NIFTY-III.NFO,12/05/2025,09:29:28,24890.9,24888.8,375,24895,225,0,293625
NIFTY-III.NFO,12/05/2025,09:29:30,24890.9,24886.5,300,24895,225,0,293625
NIFTY-III.NFO,12/05/2025,09:29:31,24890.9,24888.3,375,24895,225,0,293625
NIFTY-III.NFO,12/05/2025,09:29:33,24890.9,24888.1,75,24894.9,300,0,293625
NIFTY-III.NFO,12/05/2025,09:29:34,24890.9,24890.9,75,24895,225,0,293625
NIFTY-III.NFO,12/05/2025,09:29:36,24890.9,24892.8,150,24895,225,0,293625
NIFTY-III.NFO,12/05/2025,09:29:39,24895,24894,150,24895,75,150,293625
NIFTY-III.NFO,12/05/2025,09:29:41,24895,24894.6,150,24895,75,0,293625
NIFTY-III.NFO,12/05/2025,09:29:43,24895.5,24893.7,225,24899,150,150,293625
NIFTY-III.NFO,12/05/2025,09:29:44,24895.5,24897.5,75,24899,150,0,293625
NIFTY-III.NFO,12/05/2025,09:29:46,24898.6,24897.8,225,24900,150,5100,293625
NIFTY-III.NFO,12/05/2025,09:29:48,24900.7,24899.8,375,24903,75,225,293625
NIFTY-III.NFO,12/05/2025,09:29:48,24900.7,24899.8,375,24903,75,0,293625
NIFTY-III.NFO,12/05/2025,09:29:49,24900.7,24899.1,375,24903,75,0,293625
NIFTY-III.NFO,12/05/2025,09:29:51,24900.7,24894.8,75,24902.9,300,0,293625
NIFTY-III.NFO,12/05/2025,09:29:53,24900.7,24897.4,150,24903,75,0,293625
NIFTY-III.NFO,12/05/2025,09:29:54,24900.7,24898.2,150,24903,75,0,293625
NIFTY-III.NFO,12/05/2025,09:29:56,24896.3,24894.3,225,24902.9,300,300,293625
NIFTY-III.NFO,12/05/2025,09:29:58,24902.9,24895.3,150,24903,75,225,293625
NIFTY-III.NFO,12/05/2025,09:29:58,24902.9,24895.3,150,24903,75,0,293625
NIFTY-III.NFO,12/05/2025,09:29:59,24902.9,24898.1,150,24901,75,0,293625
NIFTY-III.NFO,12/05/2025,09:30:01,24902.9,24897.9,150,24901,75,0,293625
NIFTY-III.NFO,12/05/2025,09:30:03,24901,24900,75,24903,75,75,293625
NIFTY-III.NFO,12/05/2025,09:30:04,24900,24899,75,24903,75,75,293625
NIFTY-III.NFO,12/05/2025,09:30:06,24903,24905,150,24906,300,75,293625
NIFTY-III.NFO,12/05/2025,09:30:06,24903,24905,150,24906,300,0,293625
NIFTY-III.NFO,12/05/2025,09:30:08,24905,24900,75,24904.2,300,150,293625
NIFTY-III.NFO,12/05/2025,09:30:08,24905,24900,75,24904.2,300,0,293625
NIFTY-III.NFO,12/05/2025,09:30:09,24900,24896.5,150,24906.4,300,75,293625
NIFTY-III.NFO,12/05/2025,09:30:11,24900,24898.8,150,24905.9,300,0,293625
NIFTY-III.NFO,12/05/2025,09:30:13,24900,24897.5,150,24905.9,300,0,293625
NIFTY-III.NFO,12/05/2025,09:30:14,24900,24892.8,150,24903.7,300,0,293625
NIFTY-III.NFO,12/05/2025,09:30:16,24900,24894.5,150,24902.1,300,0,293625
NIFTY-III.NFO,12/05/2025,09:30:18,24899.5,24893.7,75,24899.5,300,225,293625
NIFTY-III.NFO,12/05/2025,09:30:20,24899.5,24892.6,375,24900.6,300,0,293625
NIFTY-III.NFO,12/05/2025,09:30:21,24899.5,24894.5,225,24900.5,75,0,293625
NIFTY-III.NFO,12/05/2025,09:30:23,24899.5,24894.6,150,24900,75,0,293625
NIFTY-III.NFO,12/05/2025,09:30:25,24899.5,24892.7,150,24900,75,0,293625
NIFTY-III.NFO,12/05/2025,09:30:26,24899.5,24898.5,150,24900,75,0,293625
NIFTY-III.NFO,12/05/2025,09:30:28,24900,24900.7,150,24902.9,75,75,292425
NIFTY-III.NFO,12/05/2025,09:30:30,24909.8,24902,150,24909.9,75,150,292425
NIFTY-III.NFO,12/05/2025,09:30:30,24909.8,24902,150,24909.9,75,0,292425
NIFTY-III.NFO,12/05/2025,09:30:31,24909.8,24902.5,150,24910,150,0,292425
NIFTY-III.NFO,12/05/2025,09:30:33,24909.8,24899.6,150,24907.9,300,0,292425
NIFTY-III.NFO,12/05/2025,09:30:35,24900,24901.4,150,24907.8,75,150,292425
NIFTY-III.NFO,12/05/2025,09:30:36,24900,24901.4,150,24905,75,0,292425
NIFTY-III.NFO,12/05/2025,09:30:38,24900,24901.6,150,24905,75,0,292425
NIFTY-III.NFO,12/05/2025,09:30:40,24900,24902.5,150,24905,75,0,292425
NIFTY-III.NFO,12/05/2025,09:30:41,24905,24901.8,150,24909,75,75,292425
NIFTY-III.NFO,12/05/2025,09:30:43,24905,24902.8,225,24909,75,0,292425
NIFTY-III.NFO,12/05/2025,09:30:45,24905,24901.8,150,24909,75,0,292425
NIFTY-III.NFO,12/05/2025,09:30:46,24905,24901.9,150,24909,150,0,292425
NIFTY-III.NFO,12/05/2025,09:30:48,24905,24903,150,24909,75,0,292425
NIFTY-III.NFO,12/05/2025,09:30:50,24905,24900.5,375,24908.9,300,0,292425
NIFTY-III.NFO,12/05/2025,09:30:51,24905,24898.4,375,24905.8,300,0,292425
NIFTY-III.NFO,12/05/2025,09:30:53,24905,24896.9,150,24904.3,300,0,292425
NIFTY-III.NFO,12/05/2025,09:30:55,24905,24899.6,150,24905.7,75,0,292425
NIFTY-III.NFO,12/05/2025,09:30:56,24905,24892.4,150,24902.6,300,0,292425
NIFTY-III.NFO,12/05/2025,09:30:58,24900,24892.7,150,24899.8,300,75,292425
NIFTY-III.NFO,12/05/2025,09:31:00,24900,24890,450,24896.4,75,0,292425
NIFTY-III.NFO,12/05/2025,09:31:01,24900,24890,225,24895.9,75,0,292425
NIFTY-III.NFO,12/05/2025,09:31:03,24895.9,24890.1,150,24908.5,300,75,292425
NIFTY-III.NFO,12/05/2025,09:31:05,24895.9,24891.4,150,24900.3,300,0,292425
NIFTY-III.NFO,12/05/2025,09:31:06,24895.9,24890,225,24897.8,375,0,292425
NIFTY-III.NFO,12/05/2025,09:31:08,24895.9,24890.1,150,24898.9,300,0,292425
NIFTY-III.NFO,12/05/2025,09:31:10,24895.9,24890.1,150,24898.4,150,0,292425
NIFTY-III.NFO,12/05/2025,09:31:11,24895.9,24890.1,150,24898.3,300,0,292425
NIFTY-III.NFO,12/05/2025,09:31:13,24895.9,24890.3,150,24898.2,300,0,292425
NIFTY-III.NFO,12/05/2025,09:31:15,24890.4,24895.9,75,24898.3,150,75,292425
NIFTY-III.NFO,12/05/2025,09:31:16,24890.4,24895.9,75,24899.6,150,0,292425
NIFTY-III.NFO,12/05/2025,09:31:18,24895.9,24893.5,225,24900.8,150,75,292425
NIFTY-III.NFO,12/05/2025,09:31:20,24895.9,24892.7,150,24900.5,300,0,292425
NIFTY-III.NFO,12/05/2025,09:31:21,24895.9,24891.8,75,24899.2,150,0,292425
NIFTY-III.NFO,12/05/2025,09:31:23,24895.9,24891.7,75,24899.2,150,0,292425
NIFTY-III.NFO,12/05/2025,09:31:25,24895.9,24891.7,75,24901.4,150,0,292425
NIFTY-III.NFO,12/05/2025,09:31:26,24895.9,24894.5,75,24902.5,150,0,292425
NIFTY-III.NFO,12/05/2025,09:31:28,24895.9,24896.1,75,24900,75,0,292425
NIFTY-III.NFO,12/05/2025,09:31:30,24895.9,24895.2,75,24900,75,0,292425
NIFTY-III.NFO,12/05/2025,09:31:31,24895.9,24896.7,75,24900,75,0,292425
NIFTY-III.NFO,12/05/2025,09:31:33,24895.9,24896.6,75,24900,75,0,292425
NIFTY-III.NFO,12/05/2025,09:31:35,24895.9,24898.1,75,24899,75,0,292425
NIFTY-III.NFO,12/05/2025,09:31:36,24895.9,24898.4,75,24899,75,0,292425
NIFTY-III.NFO,12/05/2025,09:31:40,24900,24900.1,75,24906,75,150,292425
NIFTY-III.NFO,12/05/2025,09:31:41,24900,24900.9,75,24906,75,0,292425
NIFTY-III.NFO,12/05/2025,09:31:43,24900,24901.9,75,24906,75,0,292425
NIFTY-III.NFO,12/05/2025,09:31:45,24900,24900.1,75,24906,75,0,292425
NIFTY-III.NFO,12/05/2025,09:31:46,24900,24901.7,75,24906,75,0,292425
NIFTY-III.NFO,12/05/2025,09:31:48,24906,24903,75,24910,225,75,292425
NIFTY-III.NFO,12/05/2025,09:31:50,24913.5,24903,300,24914.9,225,1275,292425
NIFTY-III.NFO,12/05/2025,09:31:50,24913.5,24903,300,24914.9,225,0,292425
NIFTY-III.NFO,12/05/2025,09:31:51,24916,24905.6,300,24918.1,300,150,292425
NIFTY-III.NFO,12/05/2025,09:31:51,24916,24905.6,300,24918.1,300,0,292425
NIFTY-III.NFO,12/05/2025,09:31:53,24914.6,24903,300,24914.6,150,75,292425
NIFTY-III.NFO,12/05/2025,09:31:55,24914.6,24904.9,300,24916.1,150,0,292425
NIFTY-III.NFO,12/05/2025,09:31:56,24914.6,24905.8,300,24915.4,300,0,292425
NIFTY-III.NFO,12/05/2025,09:31:58,24914.6,24903.8,300,24913,150,0,292425
NIFTY-III.NFO,12/05/2025,09:32:00,24903.8,24903.7,150,24912.4,300,225,292425
NIFTY-III.NFO,12/05/2025,09:32:01,24903.8,24901.8,225,24911.4,300,0,292425
NIFTY-III.NFO,12/05/2025,09:32:03,24903.8,24904.4,225,24913.8,450,0,292425
NIFTY-III.NFO,12/05/2025,09:32:05,24903.8,24903.4,150,24911.2,150,0,292425
NIFTY-III.NFO,12/05/2025,09:32:06,24903.8,24902.5,300,24903.8,75,0,292425
NIFTY-III.NFO,12/05/2025,09:32:08,24903.8,24902.3,225,24911.1,300,75,292425
NIFTY-III.NFO,12/05/2025,09:32:10,24903.8,24905.7,300,24916.2,300,0,292425
NIFTY-III.NFO,12/05/2025,09:32:11,24903.8,24908.8,300,24919.3,300,0,292425
NIFTY-III.NFO,12/05/2025,09:32:13,24903.8,24909.3,300,24920,225,0,292425
NIFTY-III.NFO,12/05/2025,09:32:15,24903.8,24909.8,225,24919.9,300,0,292425
NIFTY-III.NFO,12/05/2025,09:32:16,24903.8,24905.1,300,24914.1,300,0,292425
NIFTY-III.NFO,12/05/2025,09:32:18,24903.8,24905.1,300,24915.1,300,0,292425
NIFTY-III.NFO,12/05/2025,09:32:20,24903.8,24905,300,24913.1,300,0,292425
NIFTY-III.NFO,12/05/2025,09:32:21,24903.8,24905,300,24911.6,300,0,292425
NIFTY-III.NFO,12/05/2025,09:32:23,24914.1,24905,300,24911.8,75,525,292425
NIFTY-III.NFO,12/05/2025,09:32:25,24914.1,24905,300,24910.2,150,0,292425
NIFTY-III.NFO,12/05/2025,09:32:27,24914.1,24905,525,24911.5,150,0,292425
NIFTY-III.NFO,12/05/2025,09:32:28,24914.1,24905,525,24909.3,225,0,292425
NIFTY-III.NFO,12/05/2025,09:32:30,24914.1,24905,525,24910.6,150,0,292425
NIFTY-III.NFO,12/05/2025,09:32:32,24914.1,24905,525,24911.7,150,0,292425
NIFTY-III.NFO,12/05/2025,09:32:33,24914.1,24905.1,300,24913.1,150,0,292425
NIFTY-III.NFO,12/05/2025,09:32:35,24914.1,24905,525,24910.6,150,0,292425
NIFTY-III.NFO,12/05/2025,09:32:37,24910.6,24905,450,24909.3,75,150,292425
NIFTY-III.NFO,12/05/2025,09:32:38,24910.6,24905.1,150,24909.1,225,0,292425
NIFTY-III.NFO,12/05/2025,09:32:40,24909.2,24905.1,150,24910.7,225,75,292425
NIFTY-III.NFO,12/05/2025,09:32:41,24909.2,24905.1,150,24910.7,75,0,292425
NIFTY-III.NFO,12/05/2025,09:32:43,24909.2,24905.1,150,24909.2,150,0,292425
NIFTY-III.NFO,12/05/2025,09:32:45,24909.2,24905.2,300,24909.2,150,0,292425
NIFTY-III.NFO,12/05/2025,09:32:50,24909.2,24909.7,300,24914.6,75,150,292425
NIFTY-III.NFO,12/05/2025,09:32:51,24909.2,24907.3,300,24914.6,75,0,292425
NIFTY-III.NFO,12/05/2025,09:32:53,24909.2,24909.1,300,24914.6,75,0,292425
NIFTY-III.NFO,12/05/2025,09:32:55,24909.2,24909.5,300,24914.6,75,0,292425
NIFTY-III.NFO,12/05/2025,09:32:56,24909.2,24911.8,300,24914.6,75,0,292425
NIFTY-III.NFO,12/05/2025,09:32:58,24914.6,24917.5,300,24920,300,75,292425
NIFTY-III.NFO,12/05/2025,09:33:00,24917.7,24914.5,300,24920,300,75,292425
NIFTY-III.NFO,12/05/2025,09:33:00,24917.7,24914.5,300,24920,300,0,292425
NIFTY-III.NFO,12/05/2025,09:33:01,24917.7,24918.3,300,24920,300,0,292425
NIFTY-III.NFO,12/05/2025,09:33:03,24920,24921.8,300,24925,375,300,292425
NIFTY-III.NFO,12/05/2025,09:33:03,24920,24921.8,300,24925,375,0,292425
NIFTY-III.NFO,12/05/2025,09:33:05,24920,24921,300,24925,375,0,292425
NIFTY-III.NFO,12/05/2025,09:33:06,24920,24922,300,24925,450,0,292425
NIFTY-III.NFO,12/05/2025,09:33:08,24920,24921.3,300,24925,450,0,292425
NIFTY-III.NFO,12/05/2025,09:33:10,24921.3,24922.5,300,24925,450,75,292425
NIFTY-III.NFO,12/05/2025,09:33:10,24921.3,24922.5,300,24925,450,0,292425
NIFTY-III.NFO,12/05/2025,09:33:11,24921.3,24922.5,300,24925,450,0,292425
NIFTY-III.NFO,12/05/2025,09:33:13,24925,24923.6,300,24925,75,375,292425
NIFTY-III.NFO,12/05/2025,09:33:13,24925,24923.6,300,24925,75,0,292425
NIFTY-III.NFO,12/05/2025,09:33:15,24925,24925,225,24930,300,75,292425
NIFTY-III.NFO,12/05/2025,09:33:16,24925,24925,225,24928.1,150,0,292425
NIFTY-III.NFO,12/05/2025,09:33:18,24925,24924,75,24928,300,225,292425
NIFTY-III.NFO,12/05/2025,09:33:20,24925,24924,75,24930,300,75,292425
NIFTY-III.NFO,12/05/2025,09:33:21,24929.9,24924,75,24929.1,150,150,292425
NIFTY-III.NFO,12/05/2025,09:33:21,24929.9,24924,75,24929.1,150,0,292425
NIFTY-III.NFO,12/05/2025,09:33:23,24929.9,24924,75,24929.9,150,0,292425
NIFTY-III.NFO,12/05/2025,09:33:25,24929.9,24924,75,24930,300,0,292425
NIFTY-III.NFO,12/05/2025,09:33:26,24929.9,24929,75,24930,525,0,292425
NIFTY-III.NFO,12/05/2025,09:33:28,24930,24929,75,24930,450,225,293100
NIFTY-III.NFO,12/05/2025,09:33:28,24930,24929,75,24930,450,0,293100
NIFTY-III.NFO,12/05/2025,09:33:30,24929,24924.1,300,24930,600,75,293100
NIFTY-III.NFO,12/05/2025,09:33:31,24929,24924,75,24930,600,0,293100
NIFTY-III.NFO,12/05/2025,09:33:33,24925,24924,75,24925,75,75,293100
NIFTY-III.NFO,12/05/2025,09:33:35,24930,24924,75,24930,525,225,293100
NIFTY-III.NFO,12/05/2025,09:33:36,24930,24924.1,300,24930,525,0,293100
NIFTY-III.NFO,12/05/2025,09:33:38,24930,24924,75,24930,300,225,293100
NIFTY-III.NFO,12/05/2025,09:33:40,24930,24924.1,300,24930,300,0,293100
NIFTY-III.NFO,12/05/2025,09:33:41,24924,24921.7,300,24929.9,75,75,293100
NIFTY-III.NFO,12/05/2025,09:33:43,24924,24921.5,675,24929.9,75,0,293100
NIFTY-III.NFO,12/05/2025,09:33:45,24924,24922,300,24929.9,75,0,293100
NIFTY-III.NFO,12/05/2025,09:33:46,24922,24922.4,300,24929.9,75,75,293100
NIFTY-III.NFO,12/05/2025,09:33:48,24929.9,24925,225,24930,750,75,293100
NIFTY-III.NFO,12/05/2025,09:33:50,24929.9,24925,225,24930,750,0,293100
NIFTY-III.NFO,12/05/2025,09:33:53,24929.9,24925,225,24929.9,75,0,293100
NIFTY-III.NFO,12/05/2025,09:33:55,24929.9,24925,225,24930,750,0,293100
NIFTY-III.NFO,12/05/2025,09:33:56,24929.9,24925,225,24930,900,0,293100
NIFTY-III.NFO,12/05/2025,09:34:01,24929.9,24925,225,24929.9,300,0,293100
NIFTY-III.NFO,12/05/2025,09:34:03,24929.9,24925,225,24929.9,150,0,293100
NIFTY-III.NFO,12/05/2025,09:34:05,24930,24925,225,24929.6,75,75,293100
NIFTY-III.NFO,12/05/2025,09:34:06,24925,24920,75,24926.4,75,225,293100
NIFTY-III.NFO,12/05/2025,09:34:08,24925,24920,75,24926.8,75,0,293100
NIFTY-III.NFO,12/05/2025,09:34:10,24925,24920,75,24928.1,75,0,293100
NIFTY-III.NFO,12/05/2025,09:34:11,24925,24920.1,300,24929.9,75,0,293100
NIFTY-III.NFO,12/05/2025,09:34:13,24925,24921,300,24930,900,0,293100
NIFTY-III.NFO,12/05/2025,09:34:15,24925,24922.1,150,24929.1,75,0,293100
NIFTY-III.NFO,12/05/2025,09:34:16,24925,24922.7,300,24925,150,0,293100
NIFTY-III.NFO,12/05/2025,09:34:18,24925,24922.8,300,24925,225,0,293100
NIFTY-III.NFO,12/05/2025,09:34:20,24922.8,24922.7,300,24925,225,75,293100
NIFTY-III.NFO,12/05/2025,09:34:21,24925,24924.8,300,24930,825,225,293100
NIFTY-III.NFO,12/05/2025,09:34:23,24925,24924.6,75,24930,825,0,293100
NIFTY-III.NFO,12/05/2025,09:34:25,24925,24923.9,300,24930,900,0,293100
NIFTY-III.NFO,12/05/2025,09:34:26,24925,24925,300,24930,900,0,293100
NIFTY-III.NFO,12/05/2025,09:34:28,24925,24927.3,300,24930,900,0,293100
NIFTY-III.NFO,12/05/2025,09:34:30,24925,24926.6,300,24930,450,0,293100
NIFTY-III.NFO,12/05/2025,09:34:32,24925,24927.9,150,24930,450,0,293100
NIFTY-III.NFO,12/05/2025,09:34:33,24925,24925.8,300,24926.6,75,0,293100
NIFTY-III.NFO,12/05/2025,09:34:35,24926.4,24926.4,150,24930,450,225,293100
NIFTY-III.NFO,12/05/2025,09:34:37,24926.4,24926.3,75,24930,450,0,293100
NIFTY-III.NFO,12/05/2025,09:34:38,24926.4,24926.1,150,24930,450,0,293100
NIFTY-III.NFO,12/05/2025,09:34:40,24926.4,24927.2,300,24930,450,0,293100
NIFTY-III.NFO,12/05/2025,09:34:41,24926.4,24927.2,150,24930,450,0,293100
NIFTY-III.NFO,12/05/2025,09:34:43,24926.4,24927.2,150,24930,525,0,293100
NIFTY-III.NFO,12/05/2025,09:34:45,24926.4,24927.1,150,24930,525,0,293100
NIFTY-III.NFO,12/05/2025,09:34:46,24930,24927.1,150,24930,450,150,293100
NIFTY-III.NFO,12/05/2025,09:34:48,24930,24927.4,75,24930,450,0,293100
NIFTY-III.NFO,12/05/2025,09:34:50,24930,24929.7,75,24930,525,0,293100
NIFTY-III.NFO,12/05/2025,09:34:51,24930,24927.2,300,24930,450,75,293100
NIFTY-III.NFO,12/05/2025,09:34:53,24930,24928.3,150,24930,375,75,293100
NIFTY-III.NFO,12/05/2025,09:34:55,24930,24927,150,24930,375,0,293100
NIFTY-III.NFO,12/05/2025,09:34:56,24930,24929,75,24930,375,0,293100
NIFTY-III.NFO,12/05/2025,09:34:58,24933,24930.8,300,24933,75,825,293100
NIFTY-III.NFO,12/05/2025,09:34:58,24933,24930.8,300,24933,75,0,293100
NIFTY-III.NFO,12/05/2025,09:35:00,24933,24932.3,375,24934,75,75,293100
NIFTY-III.NFO,12/05/2025,09:35:01,24934,24932.8,300,24935,75,75,293100
NIFTY-III.NFO,12/05/2025,09:35:01,24934,24932.8,300,24935,75,0,293100
NIFTY-III.NFO,12/05/2025,09:35:03,24935,24934.1,300,24939,75,75,293100
NIFTY-III.NFO,12/05/2025,09:35:03,24935,24934.1,300,24939,75,0,293100
NIFTY-III.NFO,12/05/2025,09:35:05,24940,24934.5,300,24940,75,150,293100
NIFTY-III.NFO,12/05/2025,09:35:05,24940,24934.5,300,24940,75,0,293100
NIFTY-III.NFO,12/05/2025,09:35:06,24940,24938.4,150,24944,75,0,293100
NIFTY-III.NFO,12/05/2025,09:35:08,24940,24937.7,150,24943.9,75,0,293100
NIFTY-III.NFO,12/05/2025,09:35:11,24940,24937.5,75,24940,75,0,293100
NIFTY-III.NFO,12/05/2025,09:35:13,24940,24937.9,300,24944,75,75,293100
NIFTY-III.NFO,12/05/2025,09:35:15,24940,24940,300,24944,75,0,293100
NIFTY-III.NFO,12/05/2025,09:35:16,24940,24938.7,300,24944,75,0,293100
NIFTY-III.NFO,12/05/2025,09:35:18,24940,24939.3,150,24944,75,0,293100
NIFTY-III.NFO,12/05/2025,09:35:20,24939.3,24939.6,150,24944,75,75,293100
NIFTY-III.NFO,12/05/2025,09:35:21,24939.3,24939.1,150,24944,75,0,293100
NIFTY-III.NFO,12/05/2025,09:35:23,24939.3,24938.3,300,24944,75,0,293100
NIFTY-III.NFO,12/05/2025,09:35:25,24939.9,24939.7,75,24944,75,75,293100
NIFTY-III.NFO,12/05/2025,09:35:26,24939.9,24939,375,24944,75,0,293100
NIFTY-III.NFO,12/05/2025,09:35:28,24944,24942.7,75,24945,150,75,293100
NIFTY-III.NFO,12/05/2025,09:35:28,24944,24942.7,75,24945,150,0,293100
NIFTY-III.NFO,12/05/2025,09:35:30,24945,24938.9,75,24947.9,225,150,293100
NIFTY-III.NFO,12/05/2025,09:35:30,24945,24938.9,75,24947.9,225,0,293100
NIFTY-III.NFO,12/05/2025,09:35:31,24939.5,24940.7,300,24948.9,150,75,293100
NIFTY-III.NFO,12/05/2025,09:35:33,24948.9,24938.9,375,24945,75,75,293100
NIFTY-III.NFO,12/05/2025,09:35:33,24948.9,24938.9,375,24945,75,0,293100
NIFTY-III.NFO,12/05/2025,09:35:35,24948.9,24941.1,450,24945,75,0,293100
NIFTY-III.NFO,12/05/2025,09:35:38,24944,24942.8,75,24948.9,75,150,293100
NIFTY-III.NFO,12/05/2025,09:35:40,24944,24940.2,75,24948.9,75,0,293100
NIFTY-III.NFO,12/05/2025,09:35:41,24944.5,24937.1,150,24944.5,75,150,293100
NIFTY-III.NFO,12/05/2025,09:35:43,24944.5,24936.7,75,24944.5,75,0,293100
NIFTY-III.NFO,12/05/2025,09:35:45,24944.5,24937.6,300,24947.1,75,0,293100
NIFTY-III.NFO,12/05/2025,09:35:46,24944.5,24939.2,225,24947.1,75,0,293100
NIFTY-III.NFO,12/05/2025,09:35:48,24944.5,24939.9,150,24947.1,75,0,293100
NIFTY-III.NFO,12/05/2025,09:35:50,24944.5,24937.9,150,24944.1,75,0,293100
NIFTY-III.NFO,12/05/2025,09:35:51,24944,24938,75,24945.3,75,375,293100
NIFTY-III.NFO,12/05/2025,09:35:53,24944,24938.1,150,24945.4,75,0,293100
NIFTY-III.NFO,12/05/2025,09:35:55,24944,24940,75,24945.4,75,0,293100
NIFTY-III.NFO,12/05/2025,09:35:56,24940,24935.8,75,24943.8,75,75,293100
NIFTY-III.NFO,12/05/2025,09:35:58,24940,24930,225,24939,75,0,293100
NIFTY-III.NFO,12/05/2025,09:36:00,24939,24933.2,300,24941.2,75,75,293100
NIFTY-III.NFO,12/05/2025,09:36:01,24939,24933.2,300,24942.6,75,0,293100
NIFTY-III.NFO,12/05/2025,09:36:03,24939,24935.7,300,24944.2,75,0,293100
NIFTY-III.NFO,12/05/2025,09:36:05,24939,24936.7,150,24945.4,150,0,293100
NIFTY-III.NFO,12/05/2025,09:36:06,24939,24936.1,150,24943.8,75,0,293100
NIFTY-III.NFO,12/05/2025,09:36:08,24939.3,24939.3,75,24942.5,75,75,293100
NIFTY-III.NFO,12/05/2025,09:36:10,24939.3,24934,75,24942.5,75,75,293100
NIFTY-III.NFO,12/05/2025,09:36:11,24932.8,24932.8,300,24940.8,150,150,293100
NIFTY-III.NFO,12/05/2025,09:36:13,24932.8,24934.3,300,24942.5,150,0,293100
NIFTY-III.NFO,12/05/2025,09:36:15,24934.3,24933.2,300,24943,75,150,293100
NIFTY-III.NFO,12/05/2025,09:36:16,24934.3,24933.2,300,24942.9,75,0,293100
NIFTY-III.NFO,12/05/2025,09:36:18,24934.3,24933.7,300,24941.2,75,0,293100
NIFTY-III.NFO,12/05/2025,09:36:20,24934.3,24931.7,300,24941.1,75,0,293100
NIFTY-III.NFO,12/05/2025,09:36:21,24932.1,24931.5,300,24942.8,75,150,293100
NIFTY-III.NFO,12/05/2025,09:36:23,24932.1,24933,300,24942.3,225,0,293100
NIFTY-III.NFO,12/05/2025,09:36:25,24940,24933.5,225,24941.8,75,150,293100
NIFTY-III.NFO,12/05/2025,09:36:26,24940,24931.3,450,24940.5,150,0,293100
NIFTY-III.NFO,12/05/2025,09:36:28,24940,24930,300,24939.8,225,0,293100
NIFTY-III.NFO,12/05/2025,09:36:30,24935,24930,300,24935.9,150,150,293100
NIFTY-III.NFO,12/05/2025,09:36:31,24935,24930,300,24936.1,150,0,293100
NIFTY-III.NFO,12/05/2025,09:36:33,24936.2,24930,300,24935.3,75,75,293100
NIFTY-III.NFO,12/05/2025,09:36:35,24936.2,24930,375,24936.5,75,0,293100
NIFTY-III.NFO,12/05/2025,09:36:37,24936.2,24930.1,300,24940.2,75,0,293100
NIFTY-III.NFO,12/05/2025,09:36:38,24930.1,24930.1,150,24938.4,225,150,293100
NIFTY-III.NFO,12/05/2025,09:36:40,24930.1,24930.1,75,24938.4,75,75,293100
NIFTY-III.NFO,12/05/2025,09:36:41,24930.1,24931.1,300,24936.2,75,75,293100
NIFTY-III.NFO,12/05/2025,09:36:43,24930.1,24932.2,225,24936.2,75,0,293100
NIFTY-III.NFO,12/05/2025,09:36:46,24930.1,24932.8,300,24936.2,75,0,293100
NIFTY-III.NFO,12/05/2025,09:36:50,24930.1,24932.8,225,24936.2,75,0,293100
NIFTY-III.NFO,12/05/2025,09:36:51,24930.1,24931.8,225,24934,75,0,293100
NIFTY-III.NFO,12/05/2025,09:36:53,24930.1,24933,75,24934,75,0,293100
NIFTY-III.NFO,12/05/2025,09:36:55,24933,24931.4,225,24934,75,75,293100
NIFTY-III.NFO,12/05/2025,09:36:56,24933,24933,225,24934,75,75,293100
NIFTY-III.NFO,12/05/2025,09:36:58,24933,24933,150,24934,75,75,293100
NIFTY-III.NFO,12/05/2025,09:37:00,24934,24934.1,225,24935,75,150,293100
NIFTY-III.NFO,12/05/2025,09:37:01,24934,24934.5,75,24935,75,0,293100
NIFTY-III.NFO,12/05/2025,09:37:03,24936.3,24935.1,150,24943.2,75,150,293100
NIFTY-III.NFO,12/05/2025,09:37:05,24936.3,24934,75,24941.7,75,0,293100
NIFTY-III.NFO,12/05/2025,09:37:06,24934,24935.5,150,24936.3,75,75,293100
NIFTY-III.NFO,12/05/2025,09:37:08,24934,24934.5,150,24936.3,75,0,293100
NIFTY-III.NFO,12/05/2025,09:37:10,24934,24934.8,150,24936.3,75,0,293100
NIFTY-III.NFO,12/05/2025,09:37:11,24934.8,24934.1,75,24936.3,75,75,293100
NIFTY-III.NFO,12/05/2025,09:37:13,24934.8,24934.4,75,24936.3,75,0,293100
NIFTY-III.NFO,12/05/2025,09:37:16,24934.8,24934.8,75,24936.3,75,0,293100
NIFTY-III.NFO,12/05/2025,09:37:18,24934,24933.1,75,24936.3,75,150,293100
NIFTY-III.NFO,12/05/2025,09:37:20,24934.1,24934,75,24936.3,75,75,293100
NIFTY-III.NFO,12/05/2025,09:37:21,24936.3,24934,75,24943.9,75,75,293100
NIFTY-III.NFO,12/05/2025,09:37:23,24936.3,24933,75,24941.1,300,0,293100
NIFTY-III.NFO,12/05/2025,09:37:25,24936.3,24933,75,24939.8,300,0,293100
NIFTY-III.NFO,12/05/2025,09:37:26,24936.3,24933,75,24942.4,300,0,293100
NIFTY-III.NFO,12/05/2025,09:37:30,24936.3,24933,75,24941.6,75,0,293100
NIFTY-III.NFO,12/05/2025,09:37:31,24941.9,24933.7,150,24943.7,300,75,293100
NIFTY-III.NFO,12/05/2025,09:37:33,24941.9,24940,150,24943.3,300,0,293100
NIFTY-III.NFO,12/05/2025,09:37:35,24941.9,24940,150,24942.4,300,0,293100
NIFTY-III.NFO,12/05/2025,09:37:36,24941.9,24940,150,24943.9,300,0,293100
NIFTY-III.NFO,12/05/2025,09:37:38,24940,24934.4,150,24942.8,300,150,293100
NIFTY-III.NFO,12/05/2025,09:37:40,24940,24933.7,150,24936.3,75,0,293100
NIFTY-III.NFO,12/05/2025,09:37:43,24940,24933.8,150,24936.3,75,0,293100
NIFTY-III.NFO,12/05/2025,09:37:45,24936.3,24933.8,150,24943.2,300,75,293100
NIFTY-III.NFO,12/05/2025,09:37:46,24936.3,24934.5,75,24942.8,300,0,293100
NIFTY-III.NFO,12/05/2025,09:37:48,24936.3,24933,225,24939.9,300,0,293100
NIFTY-III.NFO,12/05/2025,09:37:51,24936.3,24933,225,24937.7,300,0,293100
NIFTY-III.NFO,12/05/2025,09:37:53,24933,24930,300,24937.7,300,225,293100
NIFTY-III.NFO,12/05/2025,09:37:55,24933,24930.8,150,24939.2,75,0,293100
NIFTY-III.NFO,12/05/2025,09:37:56,24933,24930,300,24939.9,300,0,293100
NIFTY-III.NFO,12/05/2025,09:37:58,24933,24930,300,24937.4,300,0,293100
NIFTY-III.NFO,12/05/2025,09:38:00,24930,24930,225,24936.1,300,75,293100
NIFTY-III.NFO,12/05/2025,09:38:01,24930,24930,225,24937.2,75,0,293100
NIFTY-III.NFO,12/05/2025,09:38:03,24930,24930,225,24937.1,300,0,293100
NIFTY-III.NFO,12/05/2025,09:38:05,24930,24930,225,24936.7,300,0,293100
NIFTY-III.NFO,12/05/2025,09:38:06,24930,24930,225,24937.8,300,0,293100
NIFTY-III.NFO,12/05/2025,09:38:08,24930,24930,225,24936.6,75,0,293100
NIFTY-III.NFO,12/05/2025,09:38:10,24930,24930,225,24936,75,0,293100
NIFTY-III.NFO,12/05/2025,09:38:13,24930,24931.8,150,24936,75,75,293100
NIFTY-III.NFO,12/05/2025,09:38:15,24930.1,24930,150,24936,75,75,293100
NIFTY-III.NFO,12/05/2025,09:38:16,24930.1,24931.3,150,24936,75,0,293100
NIFTY-III.NFO,12/05/2025,09:38:18,24930.1,24930.7,150,24936,75,0,293100
NIFTY-III.NFO,12/05/2025,09:38:20,24930.1,24931.5,150,24936,75,0,293100
NIFTY-III.NFO,12/05/2025,09:38:21,24930.1,24930,150,24936,75,0,293100
NIFTY-III.NFO,12/05/2025,09:38:25,24930.1,24930.8,150,24936,75,0,293100
NIFTY-III.NFO,12/05/2025,09:38:26,24930.1,24931,75,24936,75,0,293100
NIFTY-III.NFO,12/05/2025,09:38:28,24930.1,24931,75,24935.9,300,0,293100
NIFTY-III.NFO,12/05/2025,09:38:30,24931,24930.4,150,24932.8,75,75,293100
NIFTY-III.NFO,12/05/2025,09:38:31,24931,24930,75,24932.8,75,0,293100
NIFTY-III.NFO,12/05/2025,09:38:33,24931,24930,75,24930.1,75,0,293100
NIFTY-III.NFO,12/05/2025,09:38:35,24931,24930,150,24930.1,75,0,293100
NIFTY-III.NFO,12/05/2025,09:38:36,24930,24927.1,150,24930.1,75,150,293100
NIFTY-III.NFO,12/05/2025,09:38:38,24930,24921.3,150,24930,300,0,293100
NIFTY-III.NFO,12/05/2025,09:38:40,24930,24922.1,75,24928,300,0,293100
NIFTY-III.NFO,12/05/2025,09:38:41,24930,24920.5,75,24930,300,0,293100
NIFTY-III.NFO,12/05/2025,09:38:43,24930,24921.3,75,24928.3,75,0,293100
NIFTY-III.NFO,12/05/2025,09:38:45,24930,24921.3,75,24930,300,0,293100
NIFTY-III.NFO,12/05/2025,09:38:46,24930.7,24921.8,75,24931,450,150,293100
NIFTY-III.NFO,12/05/2025,09:38:48,24921.5,24922.4,75,24931,450,75,293100
NIFTY-III.NFO,12/05/2025,09:38:50,24923.5,24921.6,150,24930.9,300,150,293100
NIFTY-III.NFO,12/05/2025,09:38:51,24923.5,24920.6,75,24930.7,300,0,293100
NIFTY-III.NFO,12/05/2025,09:38:53,24919.8,24918.5,75,24919.8,75,525,293100
NIFTY-III.NFO,12/05/2025,09:38:55,24919.8,24919.6,150,24919.8,75,0,293100
NIFTY-III.NFO,12/05/2025,09:38:56,24919.8,24921.9,75,24925,225,75,293100
NIFTY-III.NFO,12/05/2025,09:38:58,24919.8,24922.9,150,24925,225,0,293100
NIFTY-III.NFO,12/05/2025,09:39:00,24925,24923.9,75,24925,150,150,293100
NIFTY-III.NFO,12/05/2025,09:39:01,24923.9,24924,375,24925,150,75,293100
NIFTY-III.NFO,12/05/2025,09:39:03,24925,24922.8,375,24930,75,150,293100
NIFTY-III.NFO,12/05/2025,09:39:05,24925,24922.8,375,24930,75,0,293100
NIFTY-III.NFO,12/05/2025,09:39:06,24925,24921.2,375,24921.5,75,0,293100
NIFTY-III.NFO,12/05/2025,09:39:08,24921.5,24921.2,375,24922.9,75,75,293100
NIFTY-III.NFO,12/05/2025,09:39:10,24923,24922.4,225,24930,150,225,293100
NIFTY-III.NFO,12/05/2025,09:39:11,24923,24919.9,225,24929.9,300,0,293100
NIFTY-III.NFO,12/05/2025,09:39:13,24923,24921,225,24929.9,300,0,293100
NIFTY-III.NFO,12/05/2025,09:39:15,24923,24922.9,225,24930,150,0,293100
NIFTY-III.NFO,12/05/2025,09:39:16,24923,24922.9,225,24928,150,0,293100
NIFTY-III.NFO,12/05/2025,09:39:20,24923,24921.9,225,24928,150,0,293100
NIFTY-III.NFO,12/05/2025,09:39:21,24923,24925,75,24928,150,0,293100
NIFTY-III.NFO,12/05/2025,09:39:25,24925,24921.9,225,24928,150,75,293100
NIFTY-III.NFO,12/05/2025,09:39:26,24923.2,24922.6,150,24928,150,75,293100
NIFTY-III.NFO,12/05/2025,09:39:28,24923.2,24920.3,150,24928,150,0,293100
NIFTY-III.NFO,12/05/2025,09:39:31,24921.5,24920.6,150,24928,150,75,292575
NIFTY-III.NFO,12/05/2025,09:39:33,24921.5,24920.6,150,24928,150,0,292575
NIFTY-III.NFO,12/05/2025,09:39:35,24921.5,24920.5,150,24928,150,0,292575
NIFTY-III.NFO,12/05/2025,09:39:36,24921.5,24922.9,75,24928,150,75,292575
NIFTY-III.NFO,12/05/2025,09:39:38,24921.5,24920.6,75,24928,150,0,292575
NIFTY-III.NFO,12/05/2025,09:39:40,24921.5,24922,150,24928,150,0,292575
NIFTY-III.NFO,12/05/2025,09:39:42,24921.5,24924,75,24928,150,0,292575
NIFTY-III.NFO,12/05/2025,09:39:43,24923.1,24923.5,150,24928,150,150,292575
NIFTY-III.NFO,12/05/2025,09:39:45,24923.1,24923.3,150,24928,150,0,292575
NIFTY-III.NFO,12/05/2025,09:39:47,24923.1,24921.9,150,24928,150,0,292575
NIFTY-III.NFO,12/05/2025,09:39:48,24923.1,24922.1,150,24928,150,0,292575
NIFTY-III.NFO,12/05/2025,09:39:50,24923.1,24921,150,24928,150,0,292575
NIFTY-III.NFO,12/05/2025,09:39:52,24923.1,24922.6,75,24923.1,75,0,292575
NIFTY-III.NFO,12/05/2025,09:39:53,24923.1,24922.2,150,24923.1,150,0,292575
NIFTY-III.NFO,12/05/2025,09:39:55,24923.1,24923.1,75,24928,150,150,292575
NIFTY-III.NFO,12/05/2025,09:39:57,24923.1,24922.2,150,24928,150,0,292575
NIFTY-III.NFO,12/05/2025,09:39:58,24922.4,24922.5,75,24925,75,75,292575
NIFTY-III.NFO,12/05/2025,09:40:00,24922.4,24920.4,375,24925,75,0,292575
NIFTY-III.NFO,12/05/2025,09:40:02,24920.4,24921.2,75,24925,75,75,292575
NIFTY-III.NFO,12/05/2025,09:40:03,24920.4,24921.2,75,24925,75,0,292575
NIFTY-III.NFO,12/05/2025,09:40:05,24920.4,24921.4,75,24925,75,0,292575
NIFTY-III.NFO,12/05/2025,09:40:07,24925,24923.3,75,24928,150,75,292575
NIFTY-III.NFO,12/05/2025,09:40:08,24924.8,24924.7,375,24928,150,75,292575
NIFTY-III.NFO,12/05/2025,09:40:10,24924.8,24925.7,150,24928,150,0,292575
NIFTY-III.NFO,12/05/2025,09:40:12,24928,24925.2,150,24930,150,150,292575
NIFTY-III.NFO,12/05/2025,09:40:13,24928,24926.2,150,24930,150,0,292575
NIFTY-III.NFO,12/05/2025,09:40:15,24928,24928,75,24930,150,0,292575
NIFTY-III.NFO,12/05/2025,09:40:23,24928,24928,225,24930,150,0,292575
NIFTY-III.NFO,12/05/2025,09:40:25,24931.1,24931.1,300,24935,150,225,292575
NIFTY-III.NFO,12/05/2025,09:40:27,24931.1,24929.2,300,24935,150,0,292575
NIFTY-III.NFO,12/05/2025,09:40:28,24939.9,24931.2,150,24939.9,150,375,292575
NIFTY-III.NFO,12/05/2025,09:40:30,24939.9,24931.2,150,24939.9,150,0,292575
NIFTY-III.NFO,12/05/2025,09:40:32,24939.9,24931.1,75,24939.9,300,0,292575
NIFTY-III.NFO,12/05/2025,09:40:33,24939.9,24931.1,75,24937.4,300,0,292575
NIFTY-III.NFO,12/05/2025,09:40:35,24931.1,24925,75,24935.2,300,75,292575
NIFTY-III.NFO,12/05/2025,09:40:38,24934.7,24926.3,150,24937.3,300,150,292575
NIFTY-III.NFO,12/05/2025,09:40:40,24934.7,24928,75,24937.2,300,0,292575
NIFTY-III.NFO,12/05/2025,09:40:41,24934.7,24926.5,150,24937.2,300,0,292575
NIFTY-III.NFO,12/05/2025,09:40:43,24934.7,24925.3,150,24936.1,300,0,292575
NIFTY-III.NFO,12/05/2025,09:40:45,24936.9,24927.4,75,24936.9,225,75,292575
NIFTY-III.NFO,12/05/2025,09:40:47,24925.1,24926.6,75,24936.9,225,75,292575
NIFTY-III.NFO,12/05/2025,09:40:48,24925.1,24927.6,150,24938.1,300,0,292575
NIFTY-III.NFO,12/05/2025,09:40:50,24925.1,24928.4,150,24938.1,300,0,292575
NIFTY-III.NFO,12/05/2025,09:40:52,24925.1,24929.8,225,24940,375,0,292575
NIFTY-III.NFO,12/05/2025,09:40:53,24925.1,24930.8,150,24940,375,0,292575
NIFTY-III.NFO,12/05/2025,09:40:55,24925.1,24931.2,75,24940,375,0,292575
NIFTY-III.NFO,12/05/2025,09:40:58,24931.2,24928.8,150,24939.9,300,75,292575
NIFTY-III.NFO,12/05/2025,09:41:00,24948,24928,300,24940.2,150,1800,292575
NIFTY-III.NFO,12/05/2025,09:41:02,24948,24929.8,300,24940.2,150,0,292575
NIFTY-III.NFO,12/05/2025,09:41:03,24948,24929.7,300,24940.2,150,0,292575
NIFTY-III.NFO,12/05/2025,09:41:05,24948,24926,300,24936.5,300,0,292575
NIFTY-III.NFO,12/05/2025,09:41:07,24948,24925.4,300,24935.9,150,0,292575
NIFTY-III.NFO,12/05/2025,09:41:08,24937.2,24926.6,225,24938.6,300,675,292575
NIFTY-III.NFO,12/05/2025,09:41:10,24937.2,24925.1,300,24937.3,300,0,292575
NIFTY-III.NFO,12/05/2025,09:41:12,24937.2,24925.1,300,24934.8,300,0,292575
NIFTY-III.NFO,12/05/2025,09:41:13,24937.2,24925.1,300,24933.6,75,0,292575
NIFTY-III.NFO,12/05/2025,09:41:15,24937.2,24925.1,300,24932.3,75,0,292575
NIFTY-III.NFO,12/05/2025,09:41:17,24937.2,24925.1,225,24933.2,75,0,292575
NIFTY-III.NFO,12/05/2025,09:41:20,24937.2,24925.1,300,24931.3,75,0,292575
NIFTY-III.NFO,12/05/2025,09:41:22,24937.2,24925.1,300,24936,75,0,292575
NIFTY-III.NFO,12/05/2025,09:41:23,24934.7,24925.3,225,24934.3,75,75,292575
NIFTY-III.NFO,12/05/2025,09:41:25,24925.3,24925.3,150,24933,75,75,292575
NIFTY-III.NFO,12/05/2025,09:41:27,24925.3,24925.3,150,24934.3,150,0,292575
NIFTY-III.NFO,12/05/2025,09:41:28,24925.3,24925.3,150,24934.1,75,0,292575
NIFTY-III.NFO,12/05/2025,09:41:30,24925.3,24925.3,150,24935.4,75,0,292575
NIFTY-III.NFO,12/05/2025,09:41:32,24925.3,24925.3,450,24934.1,75,0,292575
NIFTY-III.NFO,12/05/2025,09:41:33,24925.3,24925.3,450,24932.7,75,0,292575
NIFTY-III.NFO,12/05/2025,09:41:35,24925.3,24925.3,450,24933.8,300,0,292575
NIFTY-III.NFO,12/05/2025,09:41:37,24925.3,24925.3,450,24933.3,75,0,292575
NIFTY-III.NFO,12/05/2025,09:41:38,24925.3,24925.3,450,24932,75,0,292575
NIFTY-III.NFO,12/05/2025,09:41:42,24925.3,24925.4,300,24933.2,75,0,292575
NIFTY-III.NFO,12/05/2025,09:41:43,24925.3,24925.4,300,24932.6,75,0,292575
NIFTY-III.NFO,12/05/2025,09:41:45,24925.3,24925.4,300,24932.8,75,0,292575
NIFTY-III.NFO,12/05/2025,09:41:50,24925.3,24926.7,150,24932.8,75,0,292575
NIFTY-III.NFO,12/05/2025,09:41:52,24926.7,24926.6,75,24932.8,75,75,292575
NIFTY-III.NFO,12/05/2025,09:41:53,24926.7,24925.4,75,24930.9,75,0,292575
NIFTY-III.NFO,12/05/2025,09:41:55,24926.7,24925.3,300,24930.9,75,0,292575
NIFTY-III.NFO,12/05/2025,09:41:57,24926.7,24925.4,75,24932.2,75,0,292575
NIFTY-III.NFO,12/05/2025,09:41:58,24926.7,24926.2,300,24936.6,75,0,292575
NIFTY-III.NFO,12/05/2025,09:42:00,24926.7,24925.4,75,24937,300,0,292575
NIFTY-III.NFO,12/05/2025,09:42:02,24926.7,24926.9,300,24935.7,75,0,292575
NIFTY-III.NFO,12/05/2025,09:42:03,24926.7,24925.9,300,24932.1,75,0,292575
NIFTY-III.NFO,12/05/2025,09:42:05,24926.7,24925.8,75,24926.9,75,0,292575
NIFTY-III.NFO,12/05/2025,09:42:07,24926.7,24925.3,300,24926.9,75,0,292575
NIFTY-III.NFO,12/05/2025,09:42:08,24926.7,24925.4,75,24926.9,75,0,292575
NIFTY-III.NFO,12/05/2025,09:42:10,24926.7,24925.9,75,24926.9,75,0,292575
NIFTY-III.NFO,12/05/2025,09:42:12,24926.7,24926.7,75,24926.9,75,0,292575
NIFTY-III.NFO,12/05/2025,09:42:20,24926.9,24926.7,75,24927.8,225,75,292575
NIFTY-III.NFO,12/05/2025,09:42:22,24926.7,24925.4,300,24927.8,225,75,292575
NIFTY-III.NFO,12/05/2025,09:42:23,24926.7,24925.4,300,24927.8,225,0,292575
NIFTY-III.NFO,12/05/2025,09:42:27,24926.7,24925.6,75,24927.8,225,0,292575
NIFTY-III.NFO,12/05/2025,09:42:28,24926.7,24925.4,300,24927.8,225,0,292575
NIFTY-III.NFO,12/05/2025,09:42:30,24926.7,24925.4,300,24926.7,75,0,292575
NIFTY-III.NFO,12/05/2025,09:42:32,24926.7,24925.3,300,24926.7,75,0,292575
NIFTY-III.NFO,12/05/2025,09:42:33,24925.3,24924.8,150,24926.7,75,300,293550
NIFTY-III.NFO,12/05/2025,09:42:35,24925.3,24924.8,150,24926.7,75,0,293550
NIFTY-III.NFO,12/05/2025,09:42:37,24924.8,24920,75,24926.6,300,150,293550
NIFTY-III.NFO,12/05/2025,09:42:38,24925.3,24920,75,24923.8,300,75,293550
NIFTY-III.NFO,12/05/2025,09:42:40,24925.3,24920,75,24921.6,300,0,293550
NIFTY-III.NFO,12/05/2025,09:42:42,24920,24912.1,75,24922.1,300,75,293550
NIFTY-III.NFO,12/05/2025,09:42:43,24912.1,24912.1,300,24922.1,300,75,293550
NIFTY-III.NFO,12/05/2025,09:42:45,24912.1,24912.1,300,24921.3,300,0,293550
NIFTY-III.NFO,12/05/2025,09:42:47,24912.1,24914.9,300,24924.6,75,0,293550
NIFTY-III.NFO,12/05/2025,09:42:48,24915.8,24915.8,225,24927.6,300,75,293550
NIFTY-III.NFO,12/05/2025,09:42:50,24915.6,24914.8,150,24924.1,75,75,293550
NIFTY-III.NFO,12/05/2025,09:42:52,24915.6,24914.8,150,24924.1,75,0,293550
NIFTY-III.NFO,12/05/2025,09:42:53,24915.6,24913,150,24924,300,0,293550
NIFTY-III.NFO,12/05/2025,09:42:55,24915.6,24912.1,150,24920,75,0,293550
NIFTY-III.NFO,12/05/2025,09:43:00,24915.6,24914.1,150,24920,75,0,293550
NIFTY-III.NFO,12/05/2025,09:43:02,24915.6,24916,150,24920,75,0,293550
NIFTY-III.NFO,12/05/2025,09:43:03,24917.8,24917.4,75,24920,75,75,293550
NIFTY-III.NFO,12/05/2025,09:43:05,24920,24917.7,75,24927.7,300,75,293550
NIFTY-III.NFO,12/05/2025,09:43:07,24920,24918.4,75,24927.8,225,0,293550
NIFTY-III.NFO,12/05/2025,09:43:08,24924.4,24919.8,75,24927.8,225,75,293550
NIFTY-III.NFO,12/05/2025,09:43:10,24924.4,24919.8,75,24927.8,225,0,293550
NIFTY-III.NFO,12/05/2025,09:43:13,24924.4,24921.3,75,24927.8,225,0,293550
NIFTY-III.NFO,12/05/2025,09:43:15,24924.4,24921,75,24927.8,225,0,293550
NIFTY-III.NFO,12/05/2025,09:43:17,24924.4,24922.1,75,24927.8,225,0,293550
NIFTY-III.NFO,12/05/2025,09:43:18,24924.4,24920.8,75,24927.8,225,0,293550
NIFTY-III.NFO,12/05/2025,09:43:22,24924.4,24919.9,75,24927.8,225,0,293550
NIFTY-III.NFO,12/05/2025,09:43:25,24924.4,24925,75,24927.8,225,0,293550
NIFTY-III.NFO,12/05/2025,09:43:27,24924.4,24925,75,24927.7,300,0,293550
NIFTY-III.NFO,12/05/2025,09:43:30,24925,24919.8,75,24926.3,300,75,293550
NIFTY-III.NFO,12/05/2025,09:43:32,24925,24919.8,75,24925.1,75,0,293550
NIFTY-III.NFO,12/05/2025,09:43:33,24925,24919.8,75,24926.5,300,0,293550
NIFTY-III.NFO,12/05/2025,09:43:35,24925,24919.8,75,24926.3,300,0,293550
NIFTY-III.NFO,12/05/2025,09:43:38,24925,24919.8,75,24926.4,300,0,293550
NIFTY-III.NFO,12/05/2025,09:43:42,24925,24919.8,75,24925.1,300,0,293550
NIFTY-III.NFO,12/05/2025,09:43:43,24925,24919.8,75,24923.8,300,0,293550
NIFTY-III.NFO,12/05/2025,09:43:45,24922.5,24919.8,75,24923.4,300,150,293550
NIFTY-III.NFO,12/05/2025,09:43:47,24910.5,24910.3,75,24923.4,300,1800,293550
NIFTY-III.NFO,12/05/2025,09:43:48,24910.5,24910.5,150,24923.4,300,0,293550
NIFTY-III.NFO,12/05/2025,09:43:50,24910.5,24911.8,150,24924.4,375,0,293550
NIFTY-III.NFO,12/05/2025,09:43:52,24910.5,24908.6,150,24921.3,300,0,293550
NIFTY-III.NFO,12/05/2025,09:43:53,24910.5,24910.2,375,24921.3,300,0,293550
NIFTY-III.NFO,12/05/2025,09:43:55,24910.5,24907.2,375,24920.4,300,0,293550
NIFTY-III.NFO,12/05/2025,09:43:57,24910.5,24907,75,24913.1,300,0,293550
NIFTY-III.NFO,12/05/2025,09:43:58,24910.5,24907,75,24910.5,75,0,293550
NIFTY-III.NFO,12/05/2025,09:44:05,24909.5,24910.4,375,24910.5,75,300,293550
NIFTY-III.NFO,12/05/2025,09:44:07,24910.5,24907,75,24910.5,75,75,293550
NIFTY-III.NFO,12/05/2025,09:44:08,24910.5,24907.1,225,24916.5,75,75,293550
NIFTY-III.NFO,12/05/2025,09:44:10,24910.5,24907.1,75,24916.5,75,0,293550
NIFTY-III.NFO,12/05/2025,09:44:12,24910.5,24907,150,24916.5,75,0,293550
NIFTY-III.NFO,12/05/2025,09:44:13,24910.5,24907,75,24916.5,300,0,293550
NIFTY-III.NFO,12/05/2025,09:44:15,24910.5,24907,75,24910.5,75,0,293550
NIFTY-III.NFO,12/05/2025,09:44:27,24910.5,24907,75,24910.4,300,0,293550
NIFTY-III.NFO,12/05/2025,09:44:28,24907,24905.1,150,24908.2,450,75,293550
NIFTY-III.NFO,12/05/2025,09:44:30,24905.1,24905.1,75,24909.3,375,75,293550
NIFTY-III.NFO,12/05/2025,09:44:32,24905.1,24905.1,75,24909.3,375,0,293550
NIFTY-III.NFO,12/05/2025,09:44:33,24905.1,24905.1,75,24910.5,150,0,293550
NIFTY-III.NFO,12/05/2025,09:44:35,24905.1,24905.1,150,24910.5,150,0,293550
NIFTY-III.NFO,12/05/2025,09:44:37,24906.2,24906.5,450,24910.5,150,75,293550
NIFTY-III.NFO,12/05/2025,09:44:38,24906.2,24907.7,450,24910.5,150,0,293550
NIFTY-III.NFO,12/05/2025,09:44:40,24906.2,24909.2,375,24910.5,150,0,293550
NIFTY-III.NFO,12/05/2025,09:44:42,24906.2,24908.1,450,24910.5,150,0,293550
NIFTY-III.NFO,12/05/2025,09:44:43,24906.2,24908.1,375,24910.5,150,0,293550
NIFTY-III.NFO,12/05/2025,09:44:45,24906.2,24908.1,450,24910.5,150,0,293550
NIFTY-III.NFO,12/05/2025,09:44:47,24906.2,24909.2,375,24910.5,150,0,293550
NIFTY-III.NFO,12/05/2025,09:44:48,24906.2,24906,375,24910.5,150,0,293550
NIFTY-III.NFO,12/05/2025,09:44:52,24906,24906.4,375,24910.5,75,75,293550
NIFTY-III.NFO,12/05/2025,09:44:53,24906,24907.6,450,24910.5,75,0,293550
NIFTY-III.NFO,12/05/2025,09:44:55,24906,24908.7,450,24910.5,75,0,293550
NIFTY-III.NFO,12/05/2025,09:44:57,24906,24908.7,375,24910.5,75,0,293550
NIFTY-III.NFO,12/05/2025,09:45:00,24908.7,24908.5,375,24910.5,75,75,293550
NIFTY-III.NFO,12/05/2025,09:45:02,24910.5,24909.3,75,24915,75,75,293550
NIFTY-III.NFO,12/05/2025,09:45:03,24910.5,24909.6,450,24915,75,0,293550
NIFTY-III.NFO,12/05/2025,09:45:05,24910.5,24911.9,450,24915,75,0,293550
NIFTY-III.NFO,12/05/2025,09:45:07,24910.5,24913.1,450,24915,75,0,293550
NIFTY-III.NFO,12/05/2025,09:45:08,24915,24914.2,600,24923.9,375,75,293550
NIFTY-III.NFO,12/05/2025,09:45:10,24914.2,24914.3,150,24923.9,375,75,293550
NIFTY-III.NFO,12/05/2025,09:45:12,24912.8,24914.2,150,24923.7,375,150,293550
NIFTY-III.NFO,12/05/2025,09:45:13,24912.8,24914.2,150,24923.7,375,0,293550
NIFTY-III.NFO,12/05/2025,09:45:15,24912.8,24914.9,75,24924,75,0,293550
NIFTY-III.NFO,12/05/2025,09:45:17,24912.8,24915.3,225,24924,75,0,293550
NIFTY-III.NFO,12/05/2025,09:45:18,24912.8,24915.3,75,24923.9,375,0,293550
NIFTY-III.NFO,12/05/2025,09:45:20,24924,24917,450,24924.9,300,75,293550
NIFTY-III.NFO,12/05/2025,09:45:22,24924,24915.8,225,24924.9,300,0,293550
NIFTY-III.NFO,12/05/2025,09:45:23,24915.8,24915.8,375,24920,75,75,293550
NIFTY-III.NFO,12/05/2025,09:45:25,24915.8,24915.8,375,24920,75,0,293550
NIFTY-III.NFO,12/05/2025,09:45:27,24915.8,24915.8,300,24920,75,0,293550
NIFTY-III.NFO,12/05/2025,09:45:30,24915.8,24915.8,375,24920,75,0,293550
NIFTY-III.NFO,12/05/2025,09:45:33,24915.8,24915.8,300,24920,75,0,293550
NIFTY-III.NFO,12/05/2025,09:45:38,24920,24915.8,375,24924.8,300,75,292575
NIFTY-III.NFO,12/05/2025,09:45:40,24920,24915.8,375,24924.8,300,0,292575
NIFTY-III.NFO,12/05/2025,09:45:41,24920,24915.8,300,24924.3,300,0,292575
NIFTY-III.NFO,12/05/2025,09:45:43,24920,24915.8,300,24923,300,0,292575
NIFTY-III.NFO,12/05/2025,09:45:45,24920,24920,300,24924.9,375,0,292575
NIFTY-III.NFO,12/05/2025,09:45:46,24920,24920,300,24924.9,300,0,292575
NIFTY-III.NFO,12/05/2025,09:45:50,24920,24920,300,24925,150,0,292575
NIFTY-III.NFO,12/05/2025,09:45:51,24920,24920,300,24924.9,300,0,292575
NIFTY-III.NFO,12/05/2025,09:45:53,24920,24920,300,24925,150,0,292575
NIFTY-III.NFO,12/05/2025,09:45:55,24920,24920,300,24924.9,375,0,292575
NIFTY-III.NFO,12/05/2025,09:45:56,24920,24920,300,24924.9,300,0,292575
NIFTY-III.NFO,12/05/2025,09:45:58,24920,24920,300,24924.9,375,0,292575
NIFTY-III.NFO,12/05/2025,09:46:00,24920,24920.2,75,24925,225,0,292575
NIFTY-III.NFO,12/05/2025,09:46:01,24920,24920,300,24925,225,0,292575
NIFTY-III.NFO,12/05/2025,09:46:03,24920,24920,225,24925,225,75,292575
NIFTY-III.NFO,12/05/2025,09:46:05,24920,24920,150,24925,225,75,292575
NIFTY-III.NFO,12/05/2025,09:46:06,24920,24920,150,24925,225,0,292575
NIFTY-III.NFO,12/05/2025,09:46:11,24920,24920,75,24924.9,375,75,292575
NIFTY-III.NFO,12/05/2025,09:46:13,24920,24920,75,24924.9,75,0,292575
NIFTY-III.NFO,12/05/2025,09:46:15,24925.4,24920,150,24927.8,225,300,292575
NIFTY-III.NFO,12/05/2025,09:46:16,24925.4,24920.3,75,24927.8,225,0,292575
NIFTY-III.NFO,12/05/2025,09:46:18,24925.4,24920.5,75,24927.8,225,0,292575
NIFTY-III.NFO,12/05/2025,09:46:20,24925.4,24921.6,75,24925.4,75,0,292575
NIFTY-III.NFO,12/05/2025,09:46:21,24925.4,24920,75,24925.4,75,0,292575
NIFTY-III.NFO,12/05/2025,09:46:23,24925.4,24921.7,75,24925.4,75,0,292575
NIFTY-III.NFO,12/05/2025,09:46:26,24925.4,24920,75,24925.4,75,0,292575
NIFTY-III.NFO,12/05/2025,09:46:31,24920,24917.3,150,24927.3,300,75,292575
NIFTY-III.NFO,12/05/2025,09:46:33,24920,24915.6,75,24926.5,300,0,292575
NIFTY-III.NFO,12/05/2025,09:46:38,24920,24916.3,150,24926.5,300,0,292575
NIFTY-III.NFO,12/05/2025,09:46:40,24920,24917.6,150,24927.5,300,0,292575
NIFTY-III.NFO,12/05/2025,09:46:41,24920,24920.8,150,24927.8,225,0,292575
NIFTY-III.NFO,12/05/2025,09:46:43,24920,24922.1,150,24927.8,225,0,292575
NIFTY-III.NFO,12/05/2025,09:46:45,24931.5,24920.8,300,24931.8,300,1800,292575
NIFTY-III.NFO,12/05/2025,09:46:46,24931.5,24920.8,300,24931.8,300,0,292575
NIFTY-III.NFO,12/05/2025,09:46:53,24931.5,24920.6,375,24925,1800,0,292575
NIFTY-III.NFO,12/05/2025,09:46:55,24931.5,24921.6,300,24925,1800,0,292575
NIFTY-III.NFO,12/05/2025,09:46:56,24931.5,24919.6,75,24925,1800,0,292575
NIFTY-III.NFO,12/05/2025,09:46:58,24931.5,24918.1,150,24925,1800,0,292575
NIFTY-III.NFO,12/05/2025,09:47:00,24931.5,24918.4,75,24924.9,300,0,292575
NIFTY-III.NFO,12/05/2025,09:47:01,24925,24915.8,300,24924.9,300,75,292575
NIFTY-III.NFO,12/05/2025,09:47:03,24925,24916.5,75,24924.9,300,0,292575
NIFTY-III.NFO,12/05/2025,09:47:05,24925,24919.1,75,24925,1725,0,292575
NIFTY-III.NFO,12/05/2025,09:47:06,24925,24917.3,150,24924.9,300,0,292575
NIFTY-III.NFO,12/05/2025,09:47:08,24925,24914.3,75,24924.2,300,0,292575
NIFTY-III.NFO,12/05/2025,09:47:10,24925,24910.6,375,24921.5,300,0,292575
NIFTY-III.NFO,12/05/2025,09:47:11,24925,24910.8,375,24921.5,300,0,292575
NIFTY-III.NFO,12/05/2025,09:47:13,24925,24912.3,300,24923.9,300,0,292575
NIFTY-III.NFO,12/05/2025,09:47:15,24925,24912.2,75,24922.3,300,0,292575
NIFTY-III.NFO,12/05/2025,09:47:16,24925,24912.7,300,24924.2,300,0,292575
NIFTY-III.NFO,12/05/2025,09:47:18,24924.7,24913.2,75,24922.8,225,75,292575
NIFTY-III.NFO,12/05/2025,09:47:20,24924.7,24913.3,300,24924,225,0,292575
NIFTY-III.NFO,12/05/2025,09:47:21,24924.7,24914.6,300,24924.9,300,0,292575
NIFTY-III.NFO,12/05/2025,09:47:23,24924.7,24914.3,300,24924.1,225,0,292575
NIFTY-III.NFO,12/05/2025,09:47:25,24924.7,24913,300,24924.1,225,0,292575
NIFTY-III.NFO,12/05/2025,09:47:26,24924.7,24913,300,24924.6,300,0,292575
NIFTY-III.NFO,12/05/2025,09:47:28,24924.7,24914.2,300,24924.9,225,0,292575
NIFTY-III.NFO,12/05/2025,09:47:31,24924.7,24915.5,300,24924.9,225,0,292575
NIFTY-III.NFO,12/05/2025,09:47:33,24924.7,24916.7,450,24925,1725,0,292575
NIFTY-III.NFO,12/05/2025,09:47:35,24924.7,24918.9,300,24925,1725,0,292575
NIFTY-III.NFO,12/05/2025,09:47:36,24924.7,24917.3,300,24925,1725,0,292575
NIFTY-III.NFO,12/05/2025,09:47:38,24924.7,24915.5,300,24924.9,300,0,292575
NIFTY-III.NFO,12/05/2025,09:47:40,24924.7,24917.7,450,24925,1725,0,292575
NIFTY-III.NFO,12/05/2025,09:47:42,24924.7,24916.5,525,24925,1725,0,292575
NIFTY-III.NFO,12/05/2025,09:47:43,24924.7,24916.7,450,24925,1725,0,292575
NIFTY-III.NFO,12/05/2025,09:47:45,24924.7,24924,75,24925,1725,0,292575
NIFTY-III.NFO,12/05/2025,09:47:48,24925,24924,75,24925,1425,300,292575
NIFTY-III.NFO,12/05/2025,09:47:50,24925,24924,75,24925,1425,0,292575
NIFTY-III.NFO,12/05/2025,09:47:57,24919.2,24917.8,300,24925,1425,150,292575
NIFTY-III.NFO,12/05/2025,09:47:58,24919.2,24916.7,375,24924.9,300,0,292575
NIFTY-III.NFO,12/05/2025,09:48:00,24925,24918.5,750,24925,1275,225,292575
NIFTY-III.NFO,12/05/2025,09:48:02,24925,24918.3,300,24925,1275,0,292575
NIFTY-III.NFO,12/05/2025,09:48:03,24925,24918.9,150,24925,1275,0,292575
NIFTY-III.NFO,12/05/2025,09:48:05,24925,24918.4,150,24918.5,1500,0,292575
NIFTY-III.NFO,12/05/2025,09:48:07,24925,24916.4,150,24918.5,1500,0,292575
NIFTY-III.NFO,12/05/2025,09:48:08,24925,24917.5,150,24918.5,1500,0,292575
NIFTY-III.NFO,12/05/2025,09:48:10,24918.5,24919.5,225,24925,1350,1500,292575
NIFTY-III.NFO,12/05/2025,09:48:12,24918.5,24920.7,525,24925,1350,0,292575
NIFTY-III.NFO,12/05/2025,09:48:13,24918.5,24920.5,150,24925,1350,0,292575
NIFTY-III.NFO,12/05/2025,09:48:15,24918.5,24919.6,525,24925,1350,0,292575
NIFTY-III.NFO,12/05/2025,09:48:17,24918.5,24918.1,300,24920,75,0,292575
NIFTY-III.NFO,12/05/2025,09:48:18,24918.5,24919,450,24920,75,0,292575
NIFTY-III.NFO,12/05/2025,09:48:20,24918.5,24919,150,24920,75,0,292575
NIFTY-III.NFO,12/05/2025,09:48:22,24918.5,24916.1,150,24920,75,0,292575
NIFTY-III.NFO,12/05/2025,09:48:23,24918.5,24917,375,24920,75,0,292575
NIFTY-III.NFO,12/05/2025,09:48:25,24918.5,24919.3,300,24920,75,0,292575
NIFTY-III.NFO,12/05/2025,09:48:27,24920.7,24920.5,375,24925,1200,150,292575
NIFTY-III.NFO,12/05/2025,09:48:28,24920.7,24920.3,75,24925,1200,0,292575
NIFTY-III.NFO,12/05/2025,09:48:30,24919.4,24919.6,150,24925,1200,1500,292575
NIFTY-III.NFO,12/05/2025,09:48:32,24919.4,24919.6,150,24925,1200,0,292575
NIFTY-III.NFO,12/05/2025,09:48:33,24919.4,24918.5,150,24924.9,300,0,292575
NIFTY-III.NFO,12/05/2025,09:48:35,24919.4,24921.5,75,24924.9,300,0,292575
NIFTY-III.NFO,12/05/2025,09:48:38,24924.9,24921.5,75,24924.9,225,75,293100
NIFTY-III.NFO,12/05/2025,09:48:40,24924.9,24921.5,75,24924.9,225,0,293100
NIFTY-III.NFO,12/05/2025,09:48:45,24924.9,24921.5,75,24924.9,300,0,293100
NIFTY-III.NFO,12/05/2025,09:48:48,24921.5,24918.5,150,24924.9,300,75,293100
NIFTY-III.NFO,12/05/2025,09:48:50,24921.5,24918.5,150,24924.9,300,0,293100
NIFTY-III.NFO,12/05/2025,09:48:53,24921.5,24918.5,150,24920,75,0,293100
NIFTY-III.NFO,12/05/2025,09:49:02,24917.4,24916.9,150,24920,75,300,293100
NIFTY-III.NFO,12/05/2025,09:49:03,24917.4,24914.1,150,24920,75,0,293100
NIFTY-III.NFO,12/05/2025,09:49:05,24917.4,24917.4,75,24920,75,0,293100
NIFTY-III.NFO,12/05/2025,09:49:18,24917.4,24917.5,225,24920,75,0,293100
NIFTY-III.NFO,12/05/2025,09:49:23,24917.4,24917.5,225,24919.8,75,0,293100
NIFTY-III.NFO,12/05/2025,09:49:25,24917.4,24917.4,75,24919.8,75,0,293100
NIFTY-III.NFO,12/05/2025,09:49:27,24917.4,24917.4,75,24918,75,0,293100
NIFTY-III.NFO,12/05/2025,09:49:30,24920,24922.9,525,24925,1275,225,293100
NIFTY-III.NFO,12/05/2025,09:49:32,24920,24924.4,525,24925,1275,0,293100
NIFTY-III.NFO,12/05/2025,09:49:33,24925,24925.6,300,24930,75,1275,293100
NIFTY-III.NFO,12/05/2025,09:49:35,24925,24925.6,225,24930,75,0,293100
NIFTY-III.NFO,12/05/2025,09:49:38,24925,24922.1,375,24930,150,0,293100
NIFTY-III.NFO,12/05/2025,09:49:40,24925,24925,75,24929.9,375,0,293100
NIFTY-III.NFO,12/05/2025,09:49:48,24925,24925,75,24930,225,0,293100
NIFTY-III.NFO,12/05/2025,09:49:50,24925,24925,75,24929.8,300,0,293100
NIFTY-III.NFO,12/05/2025,09:49:53,24925,24925,75,24930,225,0,293100
NIFTY-III.NFO,12/05/2025,09:49:55,24925,24925,75,24930,150,0,293100
NIFTY-III.NFO,12/05/2025,09:50:00,24925,24923,300,24930,225,75,293100
NIFTY-III.NFO,12/05/2025,09:50:02,24925,24924.1,375,24930,150,0,293100
NIFTY-III.NFO,12/05/2025,09:50:03,24925,24923,225,24930,150,0,293100
NIFTY-III.NFO,12/05/2025,09:50:05,24925,24923.6,225,24930,150,0,293100
NIFTY-III.NFO,12/05/2025,09:50:07,24925,24924.4,150,24930,150,0,293100
NIFTY-III.NFO,12/05/2025,09:50:08,24925,24924.4,300,24930,150,0,293100
NIFTY-III.NFO,12/05/2025,09:50:10,24925,24925,75,24929.9,375,0,293100
NIFTY-III.NFO,12/05/2025,09:50:12,24925,24922.6,150,24929.9,375,75,293100
NIFTY-III.NFO,12/05/2025,09:50:13,24925,24922.7,300,24930,150,0,293100
NIFTY-III.NFO,12/05/2025,09:50:15,24924,24924.4,75,24930,150,75,293100
NIFTY-III.NFO,12/05/2025,09:50:17,24924,24924.7,375,24930,150,0,293100
NIFTY-III.NFO,12/05/2025,09:50:18,24924,24925.1,375,24930,150,0,293100
NIFTY-III.NFO,12/05/2025,09:50:20,24924,24925.2,75,24930,150,0,293100
NIFTY-III.NFO,12/05/2025,09:50:23,24924,24921.4,375,24929.9,375,0,293100
NIFTY-III.NFO,12/05/2025,09:50:25,24924,24920.7,450,24928.9,375,0,293100
NIFTY-III.NFO,12/05/2025,09:50:27,24924,24921.1,75,24928.9,375,0,293100
NIFTY-III.NFO,12/05/2025,09:50:28,24924,24921.3,150,24928.9,375,0,293100
NIFTY-III.NFO,12/05/2025,09:50:30,24924,24921.3,300,24928.9,375,0,293100
NIFTY-III.NFO,12/05/2025,09:50:32,24924,24922,75,24928.9,375,0,293100
NIFTY-III.NFO,12/05/2025,09:50:33,24924,24922.4,75,24928.9,375,0,293100
NIFTY-III.NFO,12/05/2025,09:50:35,24924,24920.9,450,24928.8,300,0,293100
NIFTY-III.NFO,12/05/2025,09:50:37,24924,24921.2,300,24928,75,0,293100
NIFTY-III.NFO,12/05/2025,09:50:38,24924,24924,75,24928,75,0,293100
NIFTY-III.NFO,12/05/2025,09:50:42,24928.5,24924,75,24928.9,300,150,293100
NIFTY-III.NFO,12/05/2025,09:50:43,24928.5,24924,75,24928.9,375,0,293100
NIFTY-III.NFO,12/05/2025,09:50:47,24928.5,24924,75,24928.9,300,0,293100
NIFTY-III.NFO,12/05/2025,09:50:50,24928.5,24924,75,24928.9,375,0,293100
NIFTY-III.NFO,12/05/2025,09:50:52,24928.5,24928.5,150,24928.9,300,0,293100
NIFTY-III.NFO,12/05/2025,09:50:53,24921.1,24920,300,24928.9,375,525,293100
NIFTY-III.NFO,12/05/2025,09:50:55,24921.1,24921,300,24928.9,75,0,293100
NIFTY-III.NFO,12/05/2025,09:50:57,24921.1,24923.1,150,24929,75,0,293100
NIFTY-III.NFO,12/05/2025,09:50:58,24921.1,24925.3,150,24929,75,0,293100
NIFTY-III.NFO,12/05/2025,09:51:00,24921.1,24925.8,150,24929,75,0,293100
NIFTY-III.NFO,12/05/2025,09:51:02,24921.1,24927.1,150,24929,75,0,293100
NIFTY-III.NFO,12/05/2025,09:51:03,24928.4,24928.4,150,24929,75,450,293100
NIFTY-III.NFO,12/05/2025,09:51:05,24928.4,24927.2,150,24929,75,0,293100
NIFTY-III.NFO,12/05/2025,09:51:07,24929,24929.1,75,24930,150,75,293100
NIFTY-III.NFO,12/05/2025,09:51:08,24929,24927.8,75,24930,150,0,293100
NIFTY-III.NFO,12/05/2025,09:51:10,24929,24924.4,75,24930,150,0,293100
NIFTY-III.NFO,12/05/2025,09:51:12,24929,24924.4,150,24930,150,0,293100
NIFTY-III.NFO,12/05/2025,09:51:13,24929,24926.3,75,24930,150,0,293100
NIFTY-III.NFO,12/05/2025,09:51:15,24929,24926.3,150,24930,150,0,293100
NIFTY-III.NFO,12/05/2025,09:51:17,24929,24927.2,75,24930,150,0,293100
NIFTY-III.NFO,12/05/2025,09:51:20,24929,24927.1,150,24930,150,0,293100
NIFTY-III.NFO,12/05/2025,09:51:22,24929,24927.2,75,24930,150,0,293100
NIFTY-III.NFO,12/05/2025,09:51:25,24928.5,24926.2,150,24930,150,150,293100
NIFTY-III.NFO,12/05/2025,09:51:27,24928.5,24926.7,75,24930,150,0,293100
NIFTY-III.NFO,12/05/2025,09:51:28,24928.5,24927.1,75,24930,150,0,293100
NIFTY-III.NFO,12/05/2025,09:51:30,24928.5,24927.4,375,24930,150,0,293100
NIFTY-III.NFO,12/05/2025,09:51:32,24928.5,24927.6,375,24930,150,0,293100
NIFTY-III.NFO,12/05/2025,09:51:33,24928.5,24927.8,150,24930,150,0,293100
NIFTY-III.NFO,12/05/2025,09:51:35,24930,24930.1,150,24932,75,150,292050
NIFTY-III.NFO,12/05/2025,09:51:37,24932,24932.6,75,24939,75,75,292050
NIFTY-III.NFO,12/05/2025,09:51:38,24932,24932.2,300,24939,75,0,292050
NIFTY-III.NFO,12/05/2025,09:51:40,24932,24933.7,150,24939,75,0,292050
NIFTY-III.NFO,12/05/2025,09:51:42,24932,24935,75,24939,75,0,292050
NIFTY-III.NFO,12/05/2025,09:51:43,24932,24935.9,225,24939,75,0,292050
NIFTY-III.NFO,12/05/2025,09:51:45,24932,24936,150,24939,75,0,292050
NIFTY-III.NFO,12/05/2025,09:51:47,24932,24935.9,525,24939,75,0,292050
NIFTY-III.NFO,12/05/2025,09:51:48,24932,24936,150,24939,75,0,292050
NIFTY-III.NFO,12/05/2025,09:51:50,24932,24935.9,525,24939,75,0,292050
NIFTY-III.NFO,12/05/2025,09:51:52,24932,24937,150,24939,75,0,292050
NIFTY-III.NFO,12/05/2025,09:51:53,24932,24936.6,150,24939,75,0,292050
NIFTY-III.NFO,12/05/2025,09:51:55,24950,24949.2,150,24950,1875,1800,292050
NIFTY-III.NFO,12/05/2025,09:51:55,24950,24949.2,150,24950,1875,0,292050
NIFTY-III.NFO,12/05/2025,09:51:57,24950.1,24951.8,75,24955,75,1950,292050
NIFTY-III.NFO,12/05/2025,09:51:57,24950.1,24951.8,75,24955,75,0,292050
NIFTY-III.NFO,12/05/2025,09:51:58,24950.1,24953.4,150,24955,75,0,292050
NIFTY-III.NFO,12/05/2025,09:52:00,24957,24956.9,75,24960,150,150,292050
NIFTY-III.NFO,12/05/2025,09:52:00,24957,24956.9,75,24960,150,0,292050
NIFTY-III.NFO,12/05/2025,09:52:02,24957,24959.6,75,24960,150,0,292050
NIFTY-III.NFO,12/05/2025,09:52:03,24968.6,24960.8,75,24969.9,375,1350,292050
NIFTY-III.NFO,12/05/2025,09:52:03,24968.6,24960.8,75,24969.9,375,0,292050
NIFTY-III.NFO,12/05/2025,09:52:05,24970,24970,450,24970.9,300,1050,292050
NIFTY-III.NFO,12/05/2025,09:52:05,24970,24970,450,24970.9,300,0,292050
NIFTY-III.NFO,12/05/2025,09:52:07,24960.7,24960.7,450,24969.8,300,525,292050
NIFTY-III.NFO,12/05/2025,09:52:08,24960.7,24961.5,600,24972.9,375,0,292050
NIFTY-III.NFO,12/05/2025,09:52:10,24960.7,24965.5,150,24972.9,300,0,292050
NIFTY-III.NFO,12/05/2025,09:52:12,24972.9,24972.9,750,24973,900,300,292050
NIFTY-III.NFO,12/05/2025,09:52:12,24972.9,24972.9,750,24973,900,0,292050
NIFTY-III.NFO,12/05/2025,09:52:13,24972.9,24972.9,675,24973,900,75,292050
NIFTY-III.NFO,12/05/2025,09:52:15,24973,24972.9,1725,24973,825,75,292050
NIFTY-III.NFO,12/05/2025,09:52:15,24973,24972.9,1725,24973,825,0,292050
NIFTY-III.NFO,12/05/2025,09:52:17,24972.9,24972.9,1575,24973,900,150,292050
NIFTY-III.NFO,12/05/2025,09:52:18,24972.9,24962.1,600,24973,900,1050,292050
NIFTY-III.NFO,12/05/2025,09:52:20,24972.9,24960.7,600,24971.4,150,0,292050
NIFTY-III.NFO,12/05/2025,09:52:22,24972.9,24959.9,525,24970.3,150,0,292050
NIFTY-III.NFO,12/05/2025,09:52:23,24972.9,24955.1,450,24964.7,150,0,292050
NIFTY-III.NFO,12/05/2025,09:52:25,24972.9,24956.9,600,24968.7,75,0,292050
NIFTY-III.NFO,12/05/2025,09:52:27,24972.9,24961,600,24971.1,75,0,292050
NIFTY-III.NFO,12/05/2025,09:52:28,24972.9,24970,75,24972.4,150,0,292050
NIFTY-III.NFO,12/05/2025,09:52:30,24970,24960,150,24969,150,150,292050
NIFTY-III.NFO,12/05/2025,09:52:32,24959.9,24960.5,600,24970.1,75,225,292050
NIFTY-III.NFO,12/05/2025,09:52:33,24959.9,24960.3,600,24970.1,75,0,292050
NIFTY-III.NFO,12/05/2025,09:52:35,24959.9,24960.7,600,24972.4,75,0,292050
NIFTY-III.NFO,12/05/2025,09:52:37,24972.4,24962.5,75,24972.6,150,75,292050
NIFTY-III.NFO,12/05/2025,09:52:38,24972.4,24960.3,600,24970.9,150,0,292050
NIFTY-III.NFO,12/05/2025,09:52:40,24972.4,24960.1,600,24970.9,75,0,292050
NIFTY-III.NFO,12/05/2025,09:52:42,24970.9,24961.1,600,24971.3,75,75,292050
NIFTY-III.NFO,12/05/2025,09:52:43,24971.3,24961.5,75,24970.5,75,75,292050
NIFTY-III.NFO,12/05/2025,09:52:45,24971.3,24961.5,675,24971.3,75,0,292050
NIFTY-III.NFO,12/05/2025,09:52:47,24971.3,24962.5,675,24971.8,75,0,292050
NIFTY-III.NFO,12/05/2025,09:52:48,24971.3,24962.7,675,24972.9,75,0,292050
NIFTY-III.NFO,12/05/2025,09:52:50,24971.3,24959.5,600,24969.9,75,0,292050
NIFTY-III.NFO,12/05/2025,09:52:52,24971.3,24959.5,600,24969.2,75,0,292050
NIFTY-III.NFO,12/05/2025,09:52:53,24971.3,24959.2,675,24969.2,75,0,292050
NIFTY-III.NFO,12/05/2025,09:52:55,24971.3,24959.2,675,24970.5,75,0,292050
NIFTY-III.NFO,12/05/2025,09:52:58,24971.3,24959.2,825,24970.5,75,0,292050
NIFTY-III.NFO,12/05/2025,09:53:00,24971.3,24961,600,24970,300,0,292050
NIFTY-III.NFO,12/05/2025,09:53:02,24971.3,24961.4,675,24970,300,0,292050
NIFTY-III.NFO,12/05/2025,09:53:03,24971.3,24962.5,675,24970,450,0,292050
NIFTY-III.NFO,12/05/2025,09:53:07,24962.9,24962.9,525,24970,450,150,292050
NIFTY-III.NFO,12/05/2025,09:53:08,24962.9,24963.1,675,24970,450,150,292050
NIFTY-III.NFO,12/05/2025,09:53:10,24962.9,24963.9,600,24970,450,0,292050
NIFTY-III.NFO,12/05/2025,09:53:12,24962.9,24965.9,675,24970,450,0,292050
NIFTY-III.NFO,12/05/2025,09:53:13,24962.9,24965.2,675,24970,450,0,292050
NIFTY-III.NFO,12/05/2025,09:53:15,24962.9,24965,75,24970,450,0,292050
NIFTY-III.NFO,12/05/2025,09:53:19,24962.9,24965,75,24969.9,300,0,292050
NIFTY-III.NFO,12/05/2025,09:53:20,24962.9,24965,75,24969.2,300,0,292050
NIFTY-III.NFO,12/05/2025,09:53:22,24962.9,24965,75,24969.8,300,0,292050
NIFTY-III.NFO,12/05/2025,09:53:24,24965,24962.9,75,24969.5,300,75,292050
NIFTY-III.NFO,12/05/2025,09:53:25,24965,24962.9,75,24969.9,300,0,292050
NIFTY-III.NFO,12/05/2025,09:53:27,24969.9,24963,75,24969.9,225,75,292050
NIFTY-III.NFO,12/05/2025,09:53:29,24969.9,24962.9,75,24969.4,225,0,292050
NIFTY-III.NFO,12/05/2025,09:53:32,24969.4,24962.9,75,24968.1,75,150,292050
NIFTY-III.NFO,12/05/2025,09:53:34,24968.1,24962.9,75,24968.2,75,75,292050
NIFTY-III.NFO,12/05/2025,09:53:35,24968.2,24962.9,75,24970,150,75,292050
NIFTY-III.NFO,12/05/2025,09:53:37,24968.2,24962.9,75,24968.1,750,0,292050
NIFTY-III.NFO,12/05/2025,09:53:39,24968.2,24962.9,75,24968,750,0,292050
NIFTY-III.NFO,12/05/2025,09:53:40,24968.2,24962.9,75,24970,150,0,292050
NIFTY-III.NFO,12/05/2025,09:53:42,24968.2,24963.6,600,24970,150,0,292050
NIFTY-III.NFO,12/05/2025,09:53:44,24968.2,24963,675,24970,150,0,292050
NIFTY-III.NFO,12/05/2025,09:53:45,24968.2,24965.3,600,24970,150,0,292050
NIFTY-III.NFO,12/05/2025,09:53:47,24968.2,24963.6,600,24970,150,0,292050
NIFTY-III.NFO,12/05/2025,09:53:49,24968.2,24965.5,75,24970,150,0,292050
NIFTY-III.NFO,12/05/2025,09:53:50,24968.2,24964.1,600,24970,150,0,292050
NIFTY-III.NFO,12/05/2025,09:53:52,24968.2,24963.2,600,24970,150,0,292050
NIFTY-III.NFO,12/05/2025,09:53:54,24968.2,24963,675,24970,150,0,292050
NIFTY-III.NFO,12/05/2025,09:53:55,24968.2,24967.8,75,24970,150,0,292050
NIFTY-III.NFO,12/05/2025,09:53:57,24968.2,24968.3,675,24970,150,0,292050
NIFTY-III.NFO,12/05/2025,09:53:59,24971.3,24968.3,675,24972.9,75,300,292050
NIFTY-III.NFO,12/05/2025,09:54:00,24971.8,24971.9,600,24973,675,300,292050
NIFTY-III.NFO,12/05/2025,09:54:02,24973,24972.4,600,24975,675,675,292050
NIFTY-III.NFO,12/05/2025,09:54:04,24975,24974.3,600,24975,600,75,292050
NIFTY-III.NFO,12/05/2025,09:54:04,24975,24974.3,600,24975,600,0,292050
NIFTY-III.NFO,12/05/2025,09:54:05,24979.9,24977.2,600,24980.9,75,2175,292050
NIFTY-III.NFO,12/05/2025,09:54:05,24979.9,24977.2,600,24980.9,75,0,292050
NIFTY-III.NFO,12/05/2025,09:54:07,24979.9,24977.9,675,24980.9,75,0,292050
NIFTY-III.NFO,12/05/2025,09:54:09,24980.9,24979.8,675,24982,75,75,292050
NIFTY-III.NFO,12/05/2025,09:54:09,24980.9,24979.8,675,24982,75,0,292050
NIFTY-III.NFO,12/05/2025,09:54:10,24982,24981.1,675,24986,75,75,292050
NIFTY-III.NFO,12/05/2025,09:54:10,24982,24981.1,675,24986,75,0,292050
NIFTY-III.NFO,12/05/2025,09:54:12,24982,24982.7,675,24986,75,0,292050
NIFTY-III.NFO,12/05/2025,09:54:14,24982,24981.6,675,24986,75,0,292050
NIFTY-III.NFO,12/05/2025,09:54:15,24982,24980.7,675,24986,75,0,292050
NIFTY-III.NFO,12/05/2025,09:54:17,24982,24980.1,75,24986,75,0,292050
NIFTY-III.NFO,12/05/2025,09:54:22,24982,24980.4,600,24986,75,0,292050
NIFTY-III.NFO,12/05/2025,09:54:24,24982,24980.8,600,24986,75,0,292050
NIFTY-III.NFO,12/05/2025,09:54:25,24982,24985,150,24986,75,0,292050
NIFTY-III.NFO,12/05/2025,09:54:32,24986,24987,75,24989,75,75,292575
NIFTY-III.NFO,12/05/2025,09:54:32,24986,24987,75,24989,75,0,292575
NIFTY-III.NFO,12/05/2025,09:54:34,24987.1,24987,75,24990,450,150,292575
NIFTY-III.NFO,12/05/2025,09:54:34,24989,24987,75,24990,450,0,292575
NIFTY-III.NFO,12/05/2025,09:54:35,24990,24987,75,24990,225,225,292575
NIFTY-III.NFO,12/05/2025,09:54:35,24990,24987,75,24990,225,0,292575
NIFTY-III.NFO,12/05/2025,09:54:37,24990,24987,75,24990,225,0,292575
NIFTY-III.NFO,12/05/2025,09:54:40,24987,24985.6,75,24990,225,75,292575
NIFTY-III.NFO,12/05/2025,09:54:42,24990,24985.6,75,24990,150,75,292575
NIFTY-III.NFO,12/05/2025,09:54:43,24990,24985.6,75,24992.9,675,150,292575
NIFTY-III.NFO,12/05/2025,09:54:45,24992.9,24986.6,75,24992.9,525,75,292575
NIFTY-III.NFO,12/05/2025,09:54:45,24992.9,24986.6,75,24992.9,525,0,292575
NIFTY-III.NFO,12/05/2025,09:54:48,24992.9,24986.6,75,24992.9,525,0,292575
NIFTY-III.NFO,12/05/2025,09:54:50,24992.9,24986.8,75,24993,75,75,292575
NIFTY-III.NFO,12/05/2025,09:54:52,24992.9,24987.6,75,24993,75,0,292575
NIFTY-III.NFO,12/05/2025,09:54:53,24993,24990.7,675,24995,300,75,292575
NIFTY-III.NFO,12/05/2025,09:54:53,24993,24990.7,675,24995,300,0,292575
NIFTY-III.NFO,12/05/2025,09:54:55,24993,24992.1,75,24995,300,0,292575
NIFTY-III.NFO,12/05/2025,09:54:57,24993,24992,150,24995,300,0,292575
NIFTY-III.NFO,12/05/2025,09:55:00,24995,24992.4,600,24995,225,75,292575
NIFTY-III.NFO,12/05/2025,09:55:00,24995,24992.4,600,24995,225,0,292575
NIFTY-III.NFO,12/05/2025,09:55:02,24995,24992,150,24995,225,0,292575
NIFTY-III.NFO,12/05/2025,09:55:03,24995,24992,150,24995,150,75,292575
NIFTY-III.NFO,12/05/2025,09:55:05,24995,24992,150,24995,75,75,292575
