Ticker,Date,Time,LTP,BuyPrice,BuyQty,SellPrice,SellQty,LTQ,OpenInterest
NIFTY-I.NFO,12/05/2025,09:15:01,24476,24468.3,675,24487.8,75,66225,12619800
NIFTY-I.NFO,12/05/2025,09:15:01,24487.4,24468.3,675,24487.8,75,0,12619800
NIFTY-I.NFO,12/05/2025,09:15:01,24499.5,24468.3,675,24487.8,75,0,12619800
NIFTY-I.NFO,12/05/2025,09:15:01,24410,24468.3,675,24487.8,75,0,12619800
NIFTY-I.NFO,12/05/2025,09:15:03,24492.4,24492.4,525,24506.1,450,37350,12619800
NIFTY-I.NFO,12/05/2025,09:15:03,24512.5,24492.4,525,24506.1,450,0,12619800
NIFTY-I.NFO,12/05/2025,09:15:04,24500.4,24500.4,300,24510.6,600,153975,12619800
NIFTY-I.NFO,12/05/2025,09:15:04,24524.8,24500.4,300,24510.6,600,0,12619800
NIFTY-I.NFO,12/05/2025,09:15:06,24495.8,24487.9,300,24495.8,150,137925,12619800
NIFTY-I.NFO,12/05/2025,09:15:08,24509.2,24509.2,150,24513.1,300,21225,12619800
NIFTY-I.NFO,12/05/2025,09:15:09,24510,24508.4,75,24513.9,300,29250,12619800
NIFTY-I.NFO,12/05/2025,09:15:11,24512.2,24512.2,225,24520.5,75,28125,12619800
NIFTY-I.NFO,12/05/2025,09:15:12,24528.1,24520.1,75,24527.9,75,19350,12619800
NIFTY-I.NFO,12/05/2025,09:15:12,24529,24520.1,75,24527.9,75,0,12619800
NIFTY-I.NFO,12/05/2025,09:15:14,24522.4,24520.1,75,24528.9,300,21450,12619800
NIFTY-I.NFO,12/05/2025,09:15:14,24530.9,24520.1,75,24528.9,300,0,12619800
NIFTY-I.NFO,12/05/2025,09:15:16,24534.4,24528.9,375,24536.2,75,14475,12619800
NIFTY-I.NFO,12/05/2025,09:15:16,24538,24528.9,375,24536.2,75,0,12619800
NIFTY-I.NFO,12/05/2025,09:15:17,24530.1,24528.1,75,24530.1,300,23775,12619800
NIFTY-I.NFO,12/05/2025,09:15:19,24530,24530,24375,24534.3,750,11625,12619800
NIFTY-I.NFO,12/05/2025,09:15:20,24530.2,24530.2,150,24536.5,75,13350,12619800
NIFTY-I.NFO,12/05/2025,09:15:20,24538.3,24530.2,150,24536.5,75,0,12619800
NIFTY-I.NFO,12/05/2025,09:15:22,24532,24532,600,24537,75,31125,12619800
NIFTY-I.NFO,12/05/2025,09:15:22,24540,24532,600,24537,75,0,12619800
NIFTY-I.NFO,12/05/2025,09:15:24,24533.4,24533.3,300,24540.8,150,15750,12619800
NIFTY-I.NFO,12/05/2025,09:15:24,24542.7,24533.3,300,24540.8,150,0,12619800
NIFTY-I.NFO,12/05/2025,09:15:25,24536,24536,1650,24541.5,75,10425,12619800
NIFTY-I.NFO,12/05/2025,09:15:25,24543.7,24536,1650,24541.5,75,0,12619800
NIFTY-I.NFO,12/05/2025,09:15:27,24537.6,24537.6,75,24540.4,75,14625,12434700
NIFTY-I.NFO,12/05/2025,09:15:27,24544,24537.6,75,24540.4,75,0,12434700
NIFTY-I.NFO,12/05/2025,09:15:29,24548.9,24549,75,24549.1,75,17925,12434700
NIFTY-I.NFO,12/05/2025,09:15:29,24549,24549,75,24549.1,75,0,12434700
NIFTY-I.NFO,12/05/2025,09:15:30,24546.1,24546.2,300,24548.9,150,16575,12434700
NIFTY-I.NFO,12/05/2025,09:15:30,24550,24546.2,300,24548.9,150,0,12434700
NIFTY-I.NFO,12/05/2025,09:15:32,24553.8,24553.8,225,24557.8,75,15000,12434700
NIFTY-I.NFO,12/05/2025,09:15:32,24561.9,24553.8,225,24557.8,75,0,12434700
NIFTY-I.NFO,12/05/2025,09:15:34,24556.9,24556.9,150,24564.7,150,13500,12434700
NIFTY-I.NFO,12/05/2025,09:15:34,24564.9,24556.9,150,24564.7,150,0,12434700
NIFTY-I.NFO,12/05/2025,09:15:35,24557.9,24557.6,75,24565.4,150,9450,12434700
NIFTY-I.NFO,12/05/2025,09:15:35,24565.5,24557.6,75,24565.4,150,0,12434700
NIFTY-I.NFO,12/05/2025,09:15:37,24563,24556.6,300,24563.2,150,7650,12434700
NIFTY-I.NFO,12/05/2025,09:15:38,24555.5,24555.5,225,24561.9,375,19200,12434700
NIFTY-I.NFO,12/05/2025,09:15:40,24560,24560,75,24567.2,150,34875,12434700
NIFTY-I.NFO,12/05/2025,09:15:40,24571.7,24560,75,24567.2,150,0,12434700
NIFTY-I.NFO,12/05/2025,09:15:42,24561.1,24561.3,75,24568,75,8625,12434700
NIFTY-I.NFO,12/05/2025,09:15:43,24561.2,24560.9,75,24568.4,75,20700,12434700
NIFTY-I.NFO,12/05/2025,09:15:45,24560.8,24560.8,75,24564.8,150,18750,12434700
NIFTY-I.NFO,12/05/2025,09:15:47,24572.5,24564.9,75,24572.5,525,21750,12434700
NIFTY-I.NFO,12/05/2025,09:15:47,24572.8,24564.9,75,24572.5,525,0,12434700
NIFTY-I.NFO,12/05/2025,09:15:48,24568,24566.1,450,24573.4,75,7200,12434700
NIFTY-I.NFO,12/05/2025,09:15:48,24573.7,24566.1,450,24573.4,75,0,12434700
NIFTY-I.NFO,12/05/2025,09:15:50,24568.1,24568.1,300,24574.5,150,9450,12434700
NIFTY-I.NFO,12/05/2025,09:15:50,24574.7,24568.1,300,24574.5,150,0,12434700
NIFTY-I.NFO,12/05/2025,09:15:52,24575,24570,525,24575,150,15375,12434700
NIFTY-I.NFO,12/05/2025,09:15:52,24575,24570,525,24575,150,0,12434700
NIFTY-I.NFO,12/05/2025,09:15:53,24570.8,24570.2,75,24572.4,150,10125,12434700
NIFTY-I.NFO,12/05/2025,09:15:53,24579,24570.2,75,24572.4,150,0,12434700
NIFTY-I.NFO,12/05/2025,09:15:55,24575,24574.8,75,24578.9,75,6300,12434700
NIFTY-I.NFO,12/05/2025,09:15:57,24575.2,24575.2,75,24580,75,7200,12434700
NIFTY-I.NFO,12/05/2025,09:15:57,24580,24575.2,75,24580,75,0,12434700
NIFTY-I.NFO,12/05/2025,09:15:58,24580.3,24577.9,300,24580.3,150,6300,12434700
NIFTY-I.NFO,12/05/2025,09:15:58,24580.3,24577.9,300,24580.3,150,0,12434700
NIFTY-I.NFO,12/05/2025,09:16:00,24588,24583.7,75,24589.8,300,10800,12434700
NIFTY-I.NFO,12/05/2025,09:16:00,24588,24583.7,75,24589.8,300,0,12434700
NIFTY-I.NFO,12/05/2025,09:16:02,24598,24597.6,225,24598,600,13725,12434700
NIFTY-I.NFO,12/05/2025,09:16:02,24598,24597.6,225,24598,600,0,12434700
NIFTY-I.NFO,12/05/2025,09:16:03,24607.9,24609,225,24614.9,150,39825,12434700
NIFTY-I.NFO,12/05/2025,09:16:03,24619.2,24609,225,24614.9,150,0,12434700
NIFTY-I.NFO,12/05/2025,09:16:05,24612.7,24605.1,600,24612.6,300,10200,12434700
NIFTY-I.NFO,12/05/2025,09:16:07,24617.4,24608.5,150,24617.9,75,8250,12434700
NIFTY-I.NFO,12/05/2025,09:16:07,24620,24608.5,150,24617.9,75,0,12434700
NIFTY-I.NFO,12/05/2025,09:16:08,24607.9,24605.5,600,24615,600,17175,12434700
NIFTY-I.NFO,12/05/2025,09:16:10,24606.1,24602.1,150,24606.3,75,7200,12434700
NIFTY-I.NFO,12/05/2025,09:16:12,24599.4,24598.1,300,24599.4,525,14625,12434700
NIFTY-I.NFO,12/05/2025,09:16:13,24598.5,24597.4,75,24598.4,150,19500,12434700
NIFTY-I.NFO,12/05/2025,09:16:15,24594.9,24595.4,75,24597.6,300,15975,12434700
NIFTY-I.NFO,12/05/2025,09:16:17,24595.2,24594.5,75,24597.4,750,19200,12434700
NIFTY-I.NFO,12/05/2025,09:16:18,24600.5,24601.1,75,24601.8,75,22725,12434700
NIFTY-I.NFO,12/05/2025,09:16:20,24603.5,24603,75,24603.9,75,7425,12434700
NIFTY-I.NFO,12/05/2025,09:16:22,24606,24604.9,300,24606,1125,12525,12434700
NIFTY-I.NFO,12/05/2025,09:16:23,24607.5,24601.8,75,24607.5,750,12450,12434700
NIFTY-I.NFO,12/05/2025,09:16:25,24605,24601.4,75,24605,675,7125,12434700
NIFTY-I.NFO,12/05/2025,09:16:27,24604.3,24604.3,150,24606.9,150,4875,12434700
NIFTY-I.NFO,12/05/2025,09:16:28,24601.4,24604.4,150,24608.1,75,9375,12434700
NIFTY-I.NFO,12/05/2025,09:16:30,24601.7,24601.6,375,24605,75,7800,12434700
NIFTY-I.NFO,12/05/2025,09:16:32,24605.6,24605.1,300,24610,75,5925,12434700
NIFTY-I.NFO,12/05/2025,09:16:33,24605.1,24605.1,150,24608.8,75,7875,12434700
NIFTY-I.NFO,12/05/2025,09:16:35,24602.9,24602.8,75,24606.2,300,2625,12434700
NIFTY-I.NFO,12/05/2025,09:16:37,24605.2,24604.8,600,24608.8,300,6825,12434700
NIFTY-I.NFO,12/05/2025,09:16:38,24605.5,24606.1,300,24608.1,75,8175,12434700
NIFTY-I.NFO,12/05/2025,09:16:40,24608.1,24608.1,675,24609,21225,3750,12434700
NIFTY-I.NFO,12/05/2025,09:16:42,24606.2,24606,75,24606.9,75,4725,12434700
NIFTY-I.NFO,12/05/2025,09:16:43,24609,24607.4,375,24609,31500,7875,12434700
NIFTY-I.NFO,12/05/2025,09:16:45,24608.1,24605,75,24607.9,2175,7875,12434700
NIFTY-I.NFO,12/05/2025,09:16:47,24609,24605.7,150,24609,32175,7650,12434700
NIFTY-I.NFO,12/05/2025,09:16:48,24608.2,24608.3,1725,24608.9,1800,9375,12434700
NIFTY-I.NFO,12/05/2025,09:16:50,24609,24606.7,750,24608.9,150,7575,12434700
NIFTY-I.NFO,12/05/2025,09:16:52,24605.8,24606,75,24608.3,75,6225,12434700
NIFTY-I.NFO,12/05/2025,09:16:53,24608.4,24606.8,600,24608.4,225,21675,12434700
NIFTY-I.NFO,12/05/2025,09:16:55,24608.3,24608.3,150,24608.9,150,6900,12434700
NIFTY-I.NFO,12/05/2025,09:16:57,24609,24608.2,375,24609,47325,8700,12434700
NIFTY-I.NFO,12/05/2025,09:16:58,24605.3,24605.1,75,24608.7,75,4725,12434700
NIFTY-I.NFO,12/05/2025,09:17:00,24608,24606.8,375,24608,900,9975,12434700
NIFTY-I.NFO,12/05/2025,09:17:02,24609,24608.8,75,24609,37425,7575,12434700
NIFTY-I.NFO,12/05/2025,09:17:03,24609,24608.6,3600,24609,24975,15375,12434700
NIFTY-I.NFO,12/05/2025,09:17:05,24611,24609.6,1800,24611,1275,44325,12434700
NIFTY-I.NFO,12/05/2025,09:17:07,24614,24613.1,75,24614,2175,7425,12434700
NIFTY-I.NFO,12/05/2025,09:17:08,24614.9,24614.4,75,24615,225,7575,12434700
NIFTY-I.NFO,12/05/2025,09:17:10,24618,24616.7,75,24617.9,150,8400,12434700
NIFTY-I.NFO,12/05/2025,09:17:12,24616.9,24616.9,525,24619.9,75,7425,12434700
NIFTY-I.NFO,12/05/2025,09:17:13,24621,24618.4,675,24621,150,9750,12434700
NIFTY-I.NFO,12/05/2025,09:17:13,24621,24618.4,675,24621,150,0,12434700
NIFTY-I.NFO,12/05/2025,09:17:15,24623,24618.6,75,24622.7,600,16875,12434700
NIFTY-I.NFO,12/05/2025,09:17:15,24623,24618.6,75,24622.7,600,0,12434700
NIFTY-I.NFO,12/05/2025,09:17:17,24624,24623,75,24623.9,150,4050,12434700
NIFTY-I.NFO,12/05/2025,09:17:17,24624,24623,75,24623.9,150,0,12434700
NIFTY-I.NFO,12/05/2025,09:17:18,24625.9,24620.8,2025,24628.3,75,13950,12434700
NIFTY-I.NFO,12/05/2025,09:17:18,24629.6,24620.8,2025,24628.3,75,0,12434700
NIFTY-I.NFO,12/05/2025,09:17:20,24625.9,24621.5,300,24628,2400,8400,12434700
NIFTY-I.NFO,12/05/2025,09:17:22,24623.7,24623.9,75,24627,450,6225,12434700
NIFTY-I.NFO,12/05/2025,09:17:22,24630,24623.9,75,24627,450,0,12434700
NIFTY-I.NFO,12/05/2025,09:17:23,24630,24628,75,24629.9,150,5250,12434700
NIFTY-I.NFO,12/05/2025,09:17:25,24629.9,24629.9,150,24630,450,4500,12434700
NIFTY-I.NFO,12/05/2025,09:17:27,24625,24625,3300,24630,1125,6900,12434700
NIFTY-I.NFO,12/05/2025,09:17:28,24622.6,24620,900,24622.5,75,11475,12434700
NIFTY-I.NFO,12/05/2025,09:17:30,24619.9,24619.9,75,24624.6,1800,8100,12434700
NIFTY-I.NFO,12/05/2025,09:17:32,24626.3,24625,525,24629.4,75,20100,12434700
NIFTY-I.NFO,12/05/2025,09:17:33,24622.1,24621.5,75,24622.1,1500,4575,12434700
NIFTY-I.NFO,12/05/2025,09:17:35,24627,24622.5,150,24627.9,1800,7050,12434700
NIFTY-I.NFO,12/05/2025,09:17:37,24621.6,24621.6,75,24625,150,4050,12434700
NIFTY-I.NFO,12/05/2025,09:17:38,24628.5,24622.8,450,24628.4,1800,3450,12434700
NIFTY-I.NFO,12/05/2025,09:17:40,24626.3,24620,150,24626.3,75,13650,12434700
NIFTY-I.NFO,12/05/2025,09:17:42,24622.9,24622.1,150,24627.3,150,2475,12434700
NIFTY-I.NFO,12/05/2025,09:17:43,24622,24621.9,150,24627.5,75,4425,12434700
NIFTY-I.NFO,12/05/2025,09:17:45,24620.9,24622,300,24624.8,75,5400,12434700
NIFTY-I.NFO,12/05/2025,09:17:47,24622.8,24620.2,75,24622.8,75,2925,12434700
NIFTY-I.NFO,12/05/2025,09:17:48,24622.8,24620.4,75,24622.7,75,1500,12434700
NIFTY-I.NFO,12/05/2025,09:17:50,24620,24620,2175,24620.8,75,3225,12434700
NIFTY-I.NFO,12/05/2025,09:17:52,24620,24620,2925,24622.4,150,3225,12434700
NIFTY-I.NFO,12/05/2025,09:17:53,24620,24620,1200,24622.8,75,3300,12434700
NIFTY-I.NFO,12/05/2025,09:17:55,24622.7,24622.7,4125,24622.8,75,9300,12434700
NIFTY-I.NFO,12/05/2025,09:17:57,24622.7,24623,375,24625.1,75,4500,12434700
NIFTY-I.NFO,12/05/2025,09:17:58,24622.7,24622.7,1200,24624.9,75,3375,12434700
NIFTY-I.NFO,12/05/2025,09:18:00,24625.1,24622.7,375,24626.4,300,2700,12434700
NIFTY-I.NFO,12/05/2025,09:18:02,24626.9,24624.9,150,24627.9,375,10875,12434700
NIFTY-I.NFO,12/05/2025,09:18:03,24627.9,24624.9,525,24628,19275,19800,12434700
NIFTY-I.NFO,12/05/2025,09:18:05,24624.9,24624.9,525,24627.7,75,3675,12434700
NIFTY-I.NFO,12/05/2025,09:18:07,24625.1,24625,300,24627.2,75,2400,12434700
NIFTY-I.NFO,12/05/2025,09:18:08,24625,24622.1,1200,24624.9,75,4725,12434700
NIFTY-I.NFO,12/05/2025,09:18:10,24624,24622.7,75,24624.9,1800,2025,12434700
NIFTY-I.NFO,12/05/2025,09:18:12,24624.9,24624.9,14100,24627,1200,4275,12434700
NIFTY-I.NFO,12/05/2025,09:18:13,24627,24624.9,13725,24627,225,4275,12434700
NIFTY-I.NFO,12/05/2025,09:18:15,24625,24625,225,24628,15750,2700,12434700
NIFTY-I.NFO,12/05/2025,09:18:17,24625.1,24624.9,12450,24626.9,75,4575,12434700
NIFTY-I.NFO,12/05/2025,09:18:18,24628,24626.7,75,24628,9300,13875,12434700
NIFTY-I.NFO,12/05/2025,09:18:20,24627.5,24627.5,225,24628,7650,3300,12434700
NIFTY-I.NFO,12/05/2025,09:18:22,24626.9,24627,75,24628.4,75,10800,12434700
NIFTY-I.NFO,12/05/2025,09:18:23,24625.9,24625.9,150,24630,6075,6225,12434700
NIFTY-I.NFO,12/05/2025,09:18:25,24630,24627,825,24630,6300,4200,12434700
NIFTY-I.NFO,12/05/2025,09:18:27,24628.4,24625,150,24628.7,75,2175,12273675
NIFTY-I.NFO,12/05/2025,09:18:28,24629.7,24629.7,6975,24629.8,375,9300,12273675
NIFTY-I.NFO,12/05/2025,09:18:30,24622.8,24622.6,150,24626.1,300,24075,12273675
NIFTY-I.NFO,12/05/2025,09:18:32,24628,24623.3,600,24628,1650,3000,12273675
NIFTY-I.NFO,12/05/2025,09:18:33,24629.5,24629.5,12000,24629.7,375,3900,12273675
NIFTY-I.NFO,12/05/2025,09:18:35,24629.5,24629.5,6975,24629.6,300,7950,12273675
NIFTY-I.NFO,12/05/2025,09:18:37,24629.5,24629.5,2775,24629.6,75,4275,12273675
NIFTY-I.NFO,12/05/2025,09:18:38,24628.4,24625,1575,24629.4,150,5625,12273675
NIFTY-I.NFO,12/05/2025,09:18:40,24627.4,24627.4,225,24629.4,150,1650,12273675
NIFTY-I.NFO,12/05/2025,09:18:42,24625.1,24624.8,75,24627,1425,3525,12273675
NIFTY-I.NFO,12/05/2025,09:18:43,24625,24625,900,24625.3,150,1500,12273675
NIFTY-I.NFO,12/05/2025,09:18:45,24625,24625.1,225,24626,1200,1575,12273675
NIFTY-I.NFO,12/05/2025,09:18:47,24627,24626,450,24627,2550,3525,12273675
NIFTY-I.NFO,12/05/2025,09:18:48,24627,24626,150,24627,1275,2400,12273675
NIFTY-I.NFO,12/05/2025,09:18:50,24625.8,24625.9,375,24627.4,225,4500,12273675
NIFTY-I.NFO,12/05/2025,09:18:52,24628.4,24628,75,24628.4,75,6450,12273675
NIFTY-I.NFO,12/05/2025,09:18:53,24627,24627,975,24628.9,150,6075,12273675
NIFTY-I.NFO,12/05/2025,09:18:55,24627.9,24627,525,24627.9,75,2025,12273675
NIFTY-I.NFO,12/05/2025,09:18:57,24627.2,24627.2,75,24627.8,150,3300,12273675
NIFTY-I.NFO,12/05/2025,09:18:58,24626.5,24626.3,75,24626.5,75,3900,12273675
NIFTY-I.NFO,12/05/2025,09:19:00,24627,24627,525,24627.2,75,5100,12273675
NIFTY-I.NFO,12/05/2025,09:19:02,24627,24627,300,24627.7,75,1950,12273675
NIFTY-I.NFO,12/05/2025,09:19:03,24627.9,24627.2,450,24627.9,525,3300,12273675
NIFTY-I.NFO,12/05/2025,09:19:05,24627.2,24627.2,150,24627.9,225,3000,12273675
NIFTY-I.NFO,12/05/2025,09:19:07,24627.3,24627.3,75,24627.7,1200,1575,12273675
NIFTY-I.NFO,12/05/2025,09:19:08,24627.3,24626.5,150,24628,3525,6525,12273675
NIFTY-I.NFO,12/05/2025,09:19:10,24627.3,24627.2,375,24628,600,4425,12273675
NIFTY-I.NFO,12/05/2025,09:19:12,24628.8,24628,150,24628.8,1725,4650,12273675
NIFTY-I.NFO,12/05/2025,09:19:13,24628.9,24628.8,75,24628.9,1800,5475,12273675
NIFTY-I.NFO,12/05/2025,09:19:15,24628.8,24628.8,300,24629.4,225,6450,12273675
NIFTY-I.NFO,12/05/2025,09:19:17,24627.8,24627.8,75,24628.9,675,3900,12273675
NIFTY-I.NFO,12/05/2025,09:19:18,24627.2,24627.2,75,24628.8,150,1650,12273675
NIFTY-I.NFO,12/05/2025,09:19:20,24625.4,24626.8,75,24628,150,3900,12273675
NIFTY-I.NFO,12/05/2025,09:19:22,24629,24626.3,150,24629.1,1875,825,12273675
NIFTY-I.NFO,12/05/2025,09:19:23,24628,24628,225,24628.1,150,1050,12273675
NIFTY-I.NFO,12/05/2025,09:19:25,24626.8,24626.1,1350,24627.9,150,13575,12273675
NIFTY-I.NFO,12/05/2025,09:19:27,24625,24625,675,24625.7,375,7650,12273675
NIFTY-I.NFO,12/05/2025,09:19:28,24621,24620.4,75,24621,225,10275,12273675
NIFTY-I.NFO,12/05/2025,09:19:30,24620.4,24620.4,375,24623.8,300,2475,12273675
NIFTY-I.NFO,12/05/2025,09:19:32,24620.1,24620.1,1200,24626,150,2400,12273675
NIFTY-I.NFO,12/05/2025,09:19:33,24621,24620,3000,24626,150,4425,12273675
NIFTY-I.NFO,12/05/2025,09:19:35,24620,24620,2925,24620.1,525,2625,12273675
NIFTY-I.NFO,12/05/2025,09:19:37,24621.1,24621,675,24624.9,150,4500,12273675
NIFTY-I.NFO,12/05/2025,09:19:38,24625,24623.7,75,24625,150,3750,12273675
NIFTY-I.NFO,12/05/2025,09:19:40,24623.9,24623.6,75,24626.8,75,2100,12273675
NIFTY-I.NFO,12/05/2025,09:19:42,24623.7,24623.7,150,24625,600,4650,12273675
NIFTY-I.NFO,12/05/2025,09:19:43,24623.7,24623.7,150,24625,450,975,12273675
NIFTY-I.NFO,12/05/2025,09:19:45,24626.2,24626.2,675,24627,1800,4050,12273675
NIFTY-I.NFO,12/05/2025,09:19:47,24627,24627,600,24628.4,75,5025,12273675
NIFTY-I.NFO,12/05/2025,09:19:48,24630,24628.4,75,24630,44775,2400,12273675
NIFTY-I.NFO,12/05/2025,09:19:50,24628.8,24628.5,225,24630,42450,3075,12273675
NIFTY-I.NFO,12/05/2025,09:19:52,24629.1,24629.5,75,24630,40950,2700,12273675
NIFTY-I.NFO,12/05/2025,09:19:53,24630,24629.5,75,24630,31200,13500,12273675
NIFTY-I.NFO,12/05/2025,09:19:55,24630,24629.8,75,24630,17400,21075,12273675
NIFTY-I.NFO,12/05/2025,09:19:57,24630,24629.8,150,24630,16200,3000,12273675
NIFTY-I.NFO,12/05/2025,09:19:58,24629.9,24629.8,75,24629.9,525,7425,12273675
NIFTY-I.NFO,12/05/2025,09:20:00,24633,24630.2,150,24633,150,15675,12273675
NIFTY-I.NFO,12/05/2025,09:20:00,24633,24630.2,150,24633,150,0,12273675
NIFTY-I.NFO,12/05/2025,09:20:02,24636,24631.6,150,24636,450,5850,12273675
NIFTY-I.NFO,12/05/2025,09:20:02,24636,24631.6,150,24636,450,0,12273675
NIFTY-I.NFO,12/05/2025,09:20:03,24632.1,24632.6,75,24639.7,75,14775,12273675
NIFTY-I.NFO,12/05/2025,09:20:03,24640,24632.6,75,24639.7,75,0,12273675
NIFTY-I.NFO,12/05/2025,09:20:05,24637.7,24637.1,150,24644.5,150,20025,12273675
NIFTY-I.NFO,12/05/2025,09:20:05,24644.7,24637.1,150,24644.5,150,0,12273675
NIFTY-I.NFO,12/05/2025,09:20:07,24645.5,24645.5,225,24646.8,150,11100,12273675
NIFTY-I.NFO,12/05/2025,09:20:07,24647,24645.5,225,24646.8,150,0,12273675
NIFTY-I.NFO,12/05/2025,09:20:08,24645,24642.4,75,24645,525,7425,12273675
NIFTY-I.NFO,12/05/2025,09:20:08,24649,24642.4,75,24645,525,0,12273675
NIFTY-I.NFO,12/05/2025,09:20:10,24650,24648.6,75,24650,8550,7950,12273675
NIFTY-I.NFO,12/05/2025,09:20:10,24650,24648.6,75,24650,8550,0,12273675
NIFTY-I.NFO,12/05/2025,09:20:12,24650.6,24651,2025,24655.1,150,19575,12273675
NIFTY-I.NFO,12/05/2025,09:20:12,24656.5,24651,2025,24655.1,150,0,12273675
NIFTY-I.NFO,12/05/2025,09:20:13,24651.2,24651.2,1275,24655.5,150,3900,12273675
NIFTY-I.NFO,12/05/2025,09:20:13,24657,24651.2,1275,24655.5,150,0,12273675
NIFTY-I.NFO,12/05/2025,09:20:15,24650,24650,150,24652.2,750,9450,12273675
NIFTY-I.NFO,12/05/2025,09:20:17,24650,24649.1,1500,24650,1500,2925,12273675
NIFTY-I.NFO,12/05/2025,09:20:18,24652.8,24649.8,75,24654.4,225,5700,12273675
NIFTY-I.NFO,12/05/2025,09:20:20,24663.9,24655.4,75,24662.7,75,26325,12273675
NIFTY-I.NFO,12/05/2025,09:20:20,24666,24655.4,75,24662.7,75,0,12273675
NIFTY-I.NFO,12/05/2025,09:20:22,24658.8,24659,225,24666.8,75,20775,12273675
NIFTY-I.NFO,12/05/2025,09:20:22,24666.6,24659,225,24666.8,75,0,12273675
NIFTY-I.NFO,12/05/2025,09:20:23,24660.8,24660.8,150,24663.7,75,11400,12273675
NIFTY-I.NFO,12/05/2025,09:20:23,24667,24660.8,150,24663.7,75,0,12273675
NIFTY-I.NFO,12/05/2025,09:20:25,24663.7,24661,1950,24663.6,300,11175,12273675
NIFTY-I.NFO,12/05/2025,09:20:27,24655.7,24656,1575,24660.4,75,8325,12273675
NIFTY-I.NFO,12/05/2025,09:20:28,24655,24655,5025,24660.6,300,9975,12273675
NIFTY-I.NFO,12/05/2025,09:20:30,24660,24656.7,1500,24660,75,12150,12273675
NIFTY-I.NFO,12/05/2025,09:20:32,24649,24648.4,300,24650,150,13500,12273675
NIFTY-I.NFO,12/05/2025,09:20:33,24654.3,24650,2025,24653.5,75,6150,12273675
NIFTY-I.NFO,12/05/2025,09:20:35,24651.7,24651.7,300,24656.1,225,1275,12273675
NIFTY-I.NFO,12/05/2025,09:20:37,24655,24656.1,75,24658.6,75,1950,12273675
NIFTY-I.NFO,12/05/2025,09:20:38,24652.7,24652.7,300,24652.8,150,5925,12273675
NIFTY-I.NFO,12/05/2025,09:20:40,24653.6,24650.4,2175,24654.3,375,5925,12273675
NIFTY-I.NFO,12/05/2025,09:20:42,24651.9,24650.5,1725,24651.9,150,2700,12273675
NIFTY-I.NFO,12/05/2025,09:20:43,24653.2,24653.2,75,24653.3,1275,3900,12273675
NIFTY-I.NFO,12/05/2025,09:20:45,24650.4,24650,5025,24652.1,150,3300,12273675
NIFTY-I.NFO,12/05/2025,09:20:47,24650,24650,5025,24651,150,1725,12273675
NIFTY-I.NFO,12/05/2025,09:20:48,24651.2,24647.6,375,24650.8,750,9900,12273675
NIFTY-I.NFO,12/05/2025,09:20:50,24647.7,24647.7,300,24650,75,1875,12273675
NIFTY-I.NFO,12/05/2025,09:20:52,24651.7,24650.6,75,24651.3,75,2475,12273675
NIFTY-I.NFO,12/05/2025,09:20:53,24651.2,24650,750,24651.1,150,2325,12273675
NIFTY-I.NFO,12/05/2025,09:20:55,24651.2,24650.6,75,24651.2,75,3000,12273675
NIFTY-I.NFO,12/05/2025,09:20:57,24652.2,24652.2,75,24652.3,225,1125,12273675
NIFTY-I.NFO,12/05/2025,09:20:58,24654.4,24654.4,75,24654.9,150,1950,12273675
NIFTY-I.NFO,12/05/2025,09:21:00,24655.1,24654.4,300,24656.1,75,5175,12273675
NIFTY-I.NFO,12/05/2025,09:21:02,24654.6,24655,600,24656.2,150,1350,12273675
NIFTY-I.NFO,12/05/2025,09:21:03,24659,24657.7,825,24659.7,75,2625,12273675
NIFTY-I.NFO,12/05/2025,09:21:05,24657.8,24657.8,75,24658.6,900,2700,12273675
NIFTY-I.NFO,12/05/2025,09:21:07,24655.2,24653.2,600,24657.8,75,3300,12273675
NIFTY-I.NFO,12/05/2025,09:21:08,24660,24657.7,975,24659.3,75,3900,12273675
NIFTY-I.NFO,12/05/2025,09:21:10,24655.9,24653.1,150,24655.9,150,4575,12273675
NIFTY-I.NFO,12/05/2025,09:21:12,24659.9,24659.2,75,24659.9,150,1650,12273675
NIFTY-I.NFO,12/05/2025,09:21:13,24655.9,24654.4,300,24657.7,225,3000,12273675
NIFTY-I.NFO,12/05/2025,09:21:15,24658,24654.4,300,24658.3,750,4950,12273675
NIFTY-I.NFO,12/05/2025,09:21:17,24655.1,24655.1,450,24657.6,300,2475,12273675
NIFTY-I.NFO,12/05/2025,09:21:18,24656.4,24655,225,24656.4,150,1200,12273675
NIFTY-I.NFO,12/05/2025,09:21:20,24655,24655,75,24655.1,750,1500,12273675
NIFTY-I.NFO,12/05/2025,09:21:22,24655,24652.2,150,24655.5,75,2175,12273675
NIFTY-I.NFO,12/05/2025,09:21:24,24651.2,24650,1950,24651.2,75,6900,12273675
NIFTY-I.NFO,12/05/2025,09:21:25,24650.1,24650.1,75,24650.6,150,6000,12273675
NIFTY-I.NFO,12/05/2025,09:21:27,24645.1,24645,75,24649.1,225,2550,12269025
NIFTY-I.NFO,12/05/2025,09:21:29,24647.9,24648.2,75,24649.9,150,3225,12269025
NIFTY-I.NFO,12/05/2025,09:21:30,24648.6,24650,75,24651.1,150,750,12269025
NIFTY-I.NFO,12/05/2025,09:21:32,24645.6,24645.8,600,24650.9,150,5175,12269025
NIFTY-I.NFO,12/05/2025,09:21:34,24647.7,24647.9,75,24649.8,150,975,12269025
NIFTY-I.NFO,12/05/2025,09:21:35,24644.4,24643.6,150,24644.4,750,26175,12269025
NIFTY-I.NFO,12/05/2025,09:21:37,24646.2,24646.2,75,24649.5,450,15225,12269025
NIFTY-I.NFO,12/05/2025,09:21:39,24648.1,24647,600,24649,150,1200,12269025
NIFTY-I.NFO,12/05/2025,09:21:40,24649,24648.6,75,24649,450,3075,12269025
NIFTY-I.NFO,12/05/2025,09:21:42,24652.1,24650.2,150,24652.1,75,7425,12269025
NIFTY-I.NFO,12/05/2025,09:21:44,24649,24648.8,375,24649,1725,6600,12269025
NIFTY-I.NFO,12/05/2025,09:21:45,24648.9,24647.6,75,24649,9450,2025,12269025
NIFTY-I.NFO,12/05/2025,09:21:47,24648.9,24648.4,150,24648.9,300,1800,12269025
NIFTY-I.NFO,12/05/2025,09:21:49,24649,24648.6,1350,24649,20400,1800,12269025
NIFTY-I.NFO,12/05/2025,09:21:50,24646.9,24647,300,24648.6,450,2700,12269025
NIFTY-I.NFO,12/05/2025,09:21:52,24648,24647.1,375,24648,150,825,12269025
NIFTY-I.NFO,12/05/2025,09:21:54,24648.6,24648.7,75,24648.9,75,4650,12269025
NIFTY-I.NFO,12/05/2025,09:21:55,24649,24648.9,1950,24649,22500,13200,12269025
NIFTY-I.NFO,12/05/2025,09:21:57,24649,24648.9,225,24649,22350,450,12269025
NIFTY-I.NFO,12/05/2025,09:21:59,24648.9,24648.9,300,24649,22275,825,12269025
NIFTY-I.NFO,12/05/2025,09:22:00,24648.8,24648.6,900,24648.8,375,3750,12269025
NIFTY-I.NFO,12/05/2025,09:22:02,24646.5,24646,75,24646.4,750,2775,12269025
NIFTY-I.NFO,12/05/2025,09:22:04,24648,24645.1,1125,24646.4,750,2475,12269025
NIFTY-I.NFO,12/05/2025,09:22:05,24646,24645.2,150,24646,2850,4800,12269025
NIFTY-I.NFO,12/05/2025,09:22:07,24646,24645.2,375,24646,2400,525,12269025
NIFTY-I.NFO,12/05/2025,09:22:09,24645.1,24645.1,75,24646,1950,2175,12269025
NIFTY-I.NFO,12/05/2025,09:22:10,24645,24645,1350,24645.9,75,825,12269025
NIFTY-I.NFO,12/05/2025,09:22:12,24642.8,24642.8,150,24645,75,1800,12269025
NIFTY-I.NFO,12/05/2025,09:22:14,24646,24642.1,975,24645.5,150,1650,12269025
NIFTY-I.NFO,12/05/2025,09:22:15,24645,24645,2850,24645.1,75,2100,12269025
NIFTY-I.NFO,12/05/2025,09:22:17,24646.1,24645,4275,24646.1,225,2325,12269025
NIFTY-I.NFO,12/05/2025,09:22:19,24645.8,24645.7,75,24646.4,750,2400,12269025
NIFTY-I.NFO,12/05/2025,09:22:20,24646.3,24646.2,1800,24646.3,75,3600,12269025
NIFTY-I.NFO,12/05/2025,09:22:22,24646.4,24646.3,2175,24646.4,525,6075,12269025
NIFTY-I.NFO,12/05/2025,09:22:24,24646.4,24645,4125,24646.4,75,3900,12269025
NIFTY-I.NFO,12/05/2025,09:22:25,24646.3,24645.1,150,24646.3,75,1425,12269025
NIFTY-I.NFO,12/05/2025,09:22:27,24646.4,24645.2,600,24645.9,150,1275,12269025
NIFTY-I.NFO,12/05/2025,09:22:29,24646,24645.3,150,24646,900,1875,12269025
NIFTY-I.NFO,12/05/2025,09:22:30,24645.5,24645.4,75,24646.4,600,10950,12269025
NIFTY-I.NFO,12/05/2025,09:22:32,24646.4,24646,450,24646.4,525,3675,12269025
NIFTY-I.NFO,12/05/2025,09:22:34,24648.1,24648.1,150,24648.6,675,15225,12269025
NIFTY-I.NFO,12/05/2025,09:22:35,24648.9,24648.6,300,24648.9,150,2100,12269025
NIFTY-I.NFO,12/05/2025,09:22:37,24648.6,24648.6,600,24649,23475,900,12269025
NIFTY-I.NFO,12/05/2025,09:22:38,24648.9,24648.6,375,24648.7,75,1125,12269025
NIFTY-I.NFO,12/05/2025,09:22:40,24649,24648.8,525,24649,22575,900,12269025
NIFTY-I.NFO,12/05/2025,09:22:42,24649,24648.9,900,24649,13350,10425,12269025
NIFTY-I.NFO,12/05/2025,09:22:43,24651.2,24651.5,75,24654,75,18900,12269025
NIFTY-I.NFO,12/05/2025,09:22:45,24655.9,24654.1,75,24655.9,75,5550,12269025
NIFTY-I.NFO,12/05/2025,09:22:47,24658,24656.6,150,24658,225,1200,12269025
NIFTY-I.NFO,12/05/2025,09:22:48,24656.6,24656.6,225,24658.6,450,1500,12269025
NIFTY-I.NFO,12/05/2025,09:22:50,24656.3,24655.5,75,24659.5,75,4500,12269025
NIFTY-I.NFO,12/05/2025,09:22:52,24660,24658.8,75,24660,1200,1575,12269025
NIFTY-I.NFO,12/05/2025,09:22:53,24659.1,24659.6,75,24660.3,75,1950,12269025
NIFTY-I.NFO,12/05/2025,09:22:55,24660.1,24660.1,1425,24664.3,150,3600,12269025
NIFTY-I.NFO,12/05/2025,09:22:57,24657.1,24655.9,300,24657.1,450,6825,12269025
NIFTY-I.NFO,12/05/2025,09:22:58,24655.8,24652,75,24655.3,300,2175,12269025
NIFTY-I.NFO,12/05/2025,09:23:00,24650.1,24650.1,1050,24653.9,600,2100,12269025
NIFTY-I.NFO,12/05/2025,09:23:02,24657.5,24652.4,375,24657.6,75,1800,12269025
NIFTY-I.NFO,12/05/2025,09:23:03,24650.4,24650.1,975,24653.7,1725,1575,12269025
NIFTY-I.NFO,12/05/2025,09:23:05,24650.1,24650.1,450,24655,300,1425,12269025
NIFTY-I.NFO,12/05/2025,09:23:07,24650.6,24650.5,525,24655.1,75,1125,12269025
NIFTY-I.NFO,12/05/2025,09:23:08,24650.1,24651,75,24653.1,150,2925,12269025
NIFTY-I.NFO,12/05/2025,09:23:10,24650.1,24650.1,225,24651.3,75,600,12269025
NIFTY-I.NFO,12/05/2025,09:23:12,24650.1,24650.1,150,24652.4,600,900,12269025
NIFTY-I.NFO,12/05/2025,09:23:13,24650.1,24650.1,225,24652.9,75,1275,12269025
NIFTY-I.NFO,12/05/2025,09:23:15,24650,24650,2175,24650.1,825,975,12269025
NIFTY-I.NFO,12/05/2025,09:23:17,24650,24650,900,24650.1,75,2625,12269025
NIFTY-I.NFO,12/05/2025,09:23:18,24652.7,24650,750,24652.7,300,825,12269025
NIFTY-I.NFO,12/05/2025,09:23:20,24651,24651,225,24654.1,300,2025,12269025
NIFTY-I.NFO,12/05/2025,09:23:22,24650,24650.1,75,24653.7,525,750,12269025
NIFTY-I.NFO,12/05/2025,09:23:23,24650,24650,2025,24651,225,1275,12269025
NIFTY-I.NFO,12/05/2025,09:23:25,24654.2,24651,300,24654.9,75,1050,12269025
NIFTY-I.NFO,12/05/2025,09:23:27,24656.1,24656.1,225,24657.5,75,900,12269025
NIFTY-I.NFO,12/05/2025,09:23:28,24658.5,24658.5,225,24660,8550,1725,12269025
NIFTY-I.NFO,12/05/2025,09:23:30,24658.3,24655,300,24658.5,150,3900,12269025
NIFTY-I.NFO,12/05/2025,09:23:32,24655,24652.1,150,24655,2475,2700,12269025
NIFTY-I.NFO,12/05/2025,09:23:33,24647.2,24645.8,1200,24647.2,975,7725,12269025
NIFTY-I.NFO,12/05/2025,09:23:35,24640.3,24640.1,225,24640.3,450,10125,12269025
NIFTY-I.NFO,12/05/2025,09:23:37,24640.3,24640.3,975,24640.4,600,1350,12269025
NIFTY-I.NFO,12/05/2025,09:23:38,24639.1,24637,75,24639.1,1350,5625,12269025
NIFTY-I.NFO,12/05/2025,09:23:40,24636.5,24635.4,150,24638.3,150,2475,12269025
NIFTY-I.NFO,12/05/2025,09:23:42,24637.7,24635.1,1875,24637.6,150,1800,12269025
NIFTY-I.NFO,12/05/2025,09:23:44,24635,24634.6,75,24635.4,75,7125,12269025
NIFTY-I.NFO,12/05/2025,09:23:45,24635.4,24634.8,75,24641,825,7050,12269025
NIFTY-I.NFO,12/05/2025,09:23:47,24637,24634.9,825,24638.6,150,2550,12269025
NIFTY-I.NFO,12/05/2025,09:23:49,24637.7,24636.5,900,24637.7,75,975,12269025
NIFTY-I.NFO,12/05/2025,09:23:50,24640.7,24639.5,675,24640.8,300,2100,12269025
NIFTY-I.NFO,12/05/2025,09:23:52,24642.3,24642.3,600,24645,450,1875,12269025
NIFTY-I.NFO,12/05/2025,09:23:54,24644.6,24642.3,225,24644.7,300,1425,12269025
NIFTY-I.NFO,12/05/2025,09:23:55,24642.3,24641.6,75,24643.9,300,2400,12269025
NIFTY-I.NFO,12/05/2025,09:23:57,24643.9,24643.2,75,24644,1575,1350,12269025
NIFTY-I.NFO,12/05/2025,09:23:59,24645.7,24645.8,75,24645.9,75,4425,12269025
NIFTY-I.NFO,12/05/2025,09:24:00,24644.7,24644.7,150,24646,1500,3150,12269025
NIFTY-I.NFO,12/05/2025,09:24:02,24646,24645.9,375,24646,1125,675,12269025
NIFTY-I.NFO,12/05/2025,09:24:04,24645,24645.9,600,24646.9,150,2475,12269025
NIFTY-I.NFO,12/05/2025,09:24:05,24645.9,24645.9,675,24646.9,75,1350,12269025
NIFTY-I.NFO,12/05/2025,09:24:07,24649,24649.1,150,24650,5775,6075,12269025
NIFTY-I.NFO,12/05/2025,09:24:09,24647.8,24647,150,24649.1,75,2250,12269025
NIFTY-I.NFO,12/05/2025,09:24:10,24648.7,24645.9,75,24647.7,150,1800,12269025
NIFTY-I.NFO,12/05/2025,09:24:12,24644.7,24643.9,1125,24644.6,150,1650,12269025
NIFTY-I.NFO,12/05/2025,09:24:14,24642.8,24640.1,1425,24642.8,675,5850,12269025
NIFTY-I.NFO,12/05/2025,09:24:15,24640.8,24640.2,75,24642.9,150,6450,12269025
NIFTY-I.NFO,12/05/2025,09:24:17,24644.9,24644.8,75,24645.9,300,3900,12269025
NIFTY-I.NFO,12/05/2025,09:24:19,24644.8,24642.4,75,24645,75,2400,12269025
NIFTY-I.NFO,12/05/2025,09:24:20,24642.6,24642.8,75,24644.5,150,2925,12269025
NIFTY-I.NFO,12/05/2025,09:24:22,24643,24643.1,75,24644.8,450,750,12269025
NIFTY-I.NFO,12/05/2025,09:24:24,24644.5,24643.6,75,24644.8,300,675,12269025
NIFTY-I.NFO,12/05/2025,09:24:25,24644.5,24644.4,225,24648.1,450,3525,12269025
NIFTY-I.NFO,12/05/2025,09:24:27,24644.5,24644.3,150,24644.5,1350,2400,12321225
NIFTY-I.NFO,12/05/2025,09:24:29,24646.6,24646.6,525,24649,75,2175,12321225
NIFTY-I.NFO,12/05/2025,09:24:30,24649.3,24649.3,75,24650,7425,3150,12321225
NIFTY-I.NFO,12/05/2025,09:24:32,24650,24649.3,75,24650,225,10500,12321225
NIFTY-I.NFO,12/05/2025,09:24:34,24649,24647.4,75,24649,1650,3225,12321225
NIFTY-I.NFO,12/05/2025,09:24:35,24647.9,24647.9,300,24649,1800,1875,12321225
NIFTY-I.NFO,12/05/2025,09:24:37,24649,24648.9,75,24649,2625,4350,12321225
NIFTY-I.NFO,12/05/2025,09:24:38,24650,24648.8,75,24650,300,3000,12321225
NIFTY-I.NFO,12/05/2025,09:24:40,24651.6,24651,150,24652.9,150,1875,12321225
NIFTY-I.NFO,12/05/2025,09:24:42,24650,24651,225,24653,75,1125,12321225
NIFTY-I.NFO,12/05/2025,09:24:43,24651,24651,225,24652.5,375,2175,12321225
NIFTY-I.NFO,12/05/2025,09:24:45,24649.1,24649.1,75,24649.6,75,2925,12321225
NIFTY-I.NFO,12/05/2025,09:24:47,24648,24647.9,225,24648.9,75,1500,12321225
NIFTY-I.NFO,12/05/2025,09:24:48,24650.2,24649.5,1500,24652.7,300,1725,12321225
NIFTY-I.NFO,12/05/2025,09:24:50,24650,24650,2850,24651.9,525,1125,12321225
NIFTY-I.NFO,12/05/2025,09:24:52,24652.5,24650,2775,24652.9,225,975,12321225
NIFTY-I.NFO,12/05/2025,09:24:53,24653,24650,1575,24652.5,75,1425,12321225
NIFTY-I.NFO,12/05/2025,09:24:55,24650,24650,1125,24651.1,75,525,12321225
NIFTY-I.NFO,12/05/2025,09:24:57,24650,24649.5,1050,24650,300,1875,12321225
NIFTY-I.NFO,12/05/2025,09:24:58,24654,24651.1,75,24653.9,150,750,12321225
NIFTY-I.NFO,12/05/2025,09:25:00,24649.9,24648,150,24650,75,2100,12321225
NIFTY-I.NFO,12/05/2025,09:25:02,24652,24652,225,24653.8,450,2400,12321225
NIFTY-I.NFO,12/05/2025,09:25:03,24652,24648.6,300,24651.6,300,1275,12321225
NIFTY-I.NFO,12/05/2025,09:25:05,24651,24649.9,150,24653,75,1500,12321225
NIFTY-I.NFO,12/05/2025,09:25:07,24653,24651.9,75,24652,75,2400,12321225
NIFTY-I.NFO,12/05/2025,09:25:08,24651.9,24649.1,75,24652.4,600,1800,12321225
NIFTY-I.NFO,12/05/2025,09:25:10,24650,24649.2,75,24650,750,525,12321225
NIFTY-I.NFO,12/05/2025,09:25:12,24648.1,24648,150,24650.8,375,2100,12321225
NIFTY-I.NFO,12/05/2025,09:25:13,24650,24648.3,150,24649.9,75,675,12321225
NIFTY-I.NFO,12/05/2025,09:25:15,24649.9,24648.1,75,24649.9,75,1425,12321225
NIFTY-I.NFO,12/05/2025,09:25:17,24649.6,24646.5,75,24648.1,75,1650,12321225
NIFTY-I.NFO,12/05/2025,09:25:18,24648.1,24648.1,75,24648.9,75,375,12321225
NIFTY-I.NFO,12/05/2025,09:25:20,24647.9,24645.2,150,24648,225,1425,12321225
NIFTY-I.NFO,12/05/2025,09:25:22,24648.1,24646.6,75,24647,75,975,12321225
NIFTY-I.NFO,12/05/2025,09:25:23,24648.1,24646.6,150,24647.5,150,900,12321225
NIFTY-I.NFO,12/05/2025,09:25:25,24650.4,24650,75,24650.9,75,3750,12321225
NIFTY-I.NFO,12/05/2025,09:25:27,24650.3,24651.6,225,24652.9,150,1650,12321225
NIFTY-I.NFO,12/05/2025,09:25:28,24653,24651,375,24652.9,150,975,12321225
NIFTY-I.NFO,12/05/2025,09:25:30,24651.5,24651.6,75,24652.9,75,1200,12321225
NIFTY-I.NFO,12/05/2025,09:25:32,24652.7,24651.7,300,24652.9,150,2025,12321225
NIFTY-I.NFO,12/05/2025,09:25:33,24652,24652,2025,24652.1,1200,4350,12321225
NIFTY-I.NFO,12/05/2025,09:25:35,24650.2,24650.3,150,24652.1,750,3075,12321225
NIFTY-I.NFO,12/05/2025,09:25:37,24655.7,24655.6,75,24655.7,300,10425,12321225
NIFTY-I.NFO,12/05/2025,09:25:38,24657.3,24657.3,150,24658,450,11325,12321225
NIFTY-I.NFO,12/05/2025,09:25:40,24659.7,24657.9,150,24659.6,150,4275,12321225
NIFTY-I.NFO,12/05/2025,09:25:42,24658.8,24658,75,24659.3,150,375,12321225
NIFTY-I.NFO,12/05/2025,09:25:43,24660,24659.9,75,24660,6150,6600,12321225
NIFTY-I.NFO,12/05/2025,09:25:45,24660.7,24660.8,150,24661.2,150,6525,12321225
NIFTY-I.NFO,12/05/2025,09:25:47,24663,24663,750,24663.9,75,4425,12321225
NIFTY-I.NFO,12/05/2025,09:25:48,24662.2,24661.2,75,24663.3,150,4500,12321225
NIFTY-I.NFO,12/05/2025,09:25:50,24655.7,24655.6,150,24659.9,75,1725,12321225
NIFTY-I.NFO,12/05/2025,09:25:52,24660,24660,225,24660.9,150,2625,12321225
NIFTY-I.NFO,12/05/2025,09:25:54,24654.9,24655,75,24657.6,300,1575,12321225
NIFTY-I.NFO,12/05/2025,09:25:55,24659,24656.6,225,24659.9,150,450,12321225
NIFTY-I.NFO,12/05/2025,09:25:57,24662.7,24656.6,150,24660.9,600,2625,12321225
NIFTY-I.NFO,12/05/2025,09:25:59,24658.4,24656.6,375,24659.3,150,225,12321225
NIFTY-I.NFO,12/05/2025,09:26:00,24661.1,24656.2,150,24661.4,150,3150,12321225
NIFTY-I.NFO,12/05/2025,09:26:02,24657,24658.4,150,24660.7,150,450,12321225
NIFTY-I.NFO,12/05/2025,09:26:04,24658.4,24657.5,75,24659.4,150,525,12321225
NIFTY-I.NFO,12/05/2025,09:26:05,24660,24658.4,75,24659.9,150,825,12321225
NIFTY-I.NFO,12/05/2025,09:26:07,24659.7,24659,225,24659.7,75,225,12321225
NIFTY-I.NFO,12/05/2025,09:26:09,24657.3,24655.2,1500,24657.3,75,3675,12321225
NIFTY-I.NFO,12/05/2025,09:26:10,24657.5,24657.3,75,24658.7,150,225,12321225
NIFTY-I.NFO,12/05/2025,09:26:12,24659.9,24657.3,150,24659.9,300,1050,12321225
NIFTY-I.NFO,12/05/2025,09:26:14,24664.9,24657.9,75,24664.4,300,9300,12321225
NIFTY-I.NFO,12/05/2025,09:26:15,24657.5,24657.3,75,24657.5,150,1875,12321225
NIFTY-I.NFO,12/05/2025,09:26:17,24657.5,24657.5,2775,24659.1,300,1350,12321225
NIFTY-I.NFO,12/05/2025,09:26:19,24655.2,24655.2,1350,24657.1,150,3600,12321225
NIFTY-I.NFO,12/05/2025,09:26:20,24655.2,24655.2,1050,24657.1,150,750,12321225
NIFTY-I.NFO,12/05/2025,09:26:22,24656.9,24656.3,75,24656.9,150,750,12321225
NIFTY-I.NFO,12/05/2025,09:26:24,24661.4,24660.3,225,24662,75,1650,12321225
NIFTY-I.NFO,12/05/2025,09:26:25,24661.7,24659.7,225,24661.7,75,1275,12321225
NIFTY-I.NFO,12/05/2025,09:26:27,24659.1,24659.1,150,24659.9,150,1425,12321225
NIFTY-I.NFO,12/05/2025,09:26:29,24658.1,24659.9,375,24661.1,75,600,12321225
NIFTY-I.NFO,12/05/2025,09:26:30,24660.2,24660.3,150,24661.8,75,450,12321225
NIFTY-I.NFO,12/05/2025,09:26:32,24661.1,24661.1,600,24663.9,150,1500,12321225
NIFTY-I.NFO,12/05/2025,09:26:34,24659.9,24659.9,450,24660.9,150,1350,12321225
NIFTY-I.NFO,12/05/2025,09:26:35,24662.6,24660,375,24662.6,150,1200,12321225
NIFTY-I.NFO,12/05/2025,09:26:37,24661.8,24661.8,150,24662.9,75,600,12321225
NIFTY-I.NFO,12/05/2025,09:26:39,24663.7,24663.7,75,24665.1,75,1875,12321225
NIFTY-I.NFO,12/05/2025,09:26:40,24663.7,24662.8,75,24663.7,75,1350,12321225
NIFTY-I.NFO,12/05/2025,09:26:42,24660.3,24660,1575,24661.2,150,2775,12321225
NIFTY-I.NFO,12/05/2025,09:26:44,24661.7,24661.7,225,24663.6,150,3825,12321225
NIFTY-I.NFO,12/05/2025,09:26:45,24661.2,24659.4,75,24660.5,750,3750,12321225
NIFTY-I.NFO,12/05/2025,09:26:47,24657.5,24655.2,675,24657.6,150,1200,12321225
NIFTY-I.NFO,12/05/2025,09:26:49,24652.6,24651,75,24652.9,75,2700,12321225
NIFTY-I.NFO,12/05/2025,09:26:50,24650.6,24650.4,75,24650.6,150,1650,12321225
NIFTY-I.NFO,12/05/2025,09:26:52,24656.9,24652.9,225,24654.9,150,1800,12321225
NIFTY-I.NFO,12/05/2025,09:26:54,24654.9,24651.7,75,24654.9,75,750,12321225
NIFTY-I.NFO,12/05/2025,09:26:55,24654.7,24653.8,75,24654.7,150,300,12321225
NIFTY-I.NFO,12/05/2025,09:26:57,24655.4,24654.7,3075,24656.1,750,675,12321225
NIFTY-I.NFO,12/05/2025,09:26:59,24654.7,24653.9,75,24654.3,150,3300,12321225
NIFTY-I.NFO,12/05/2025,09:27:00,24657.7,24655.5,75,24658.2,75,2100,12321225
NIFTY-I.NFO,12/05/2025,09:27:02,24655.7,24656.8,150,24657.9,150,525,12321225
NIFTY-I.NFO,12/05/2025,09:27:04,24658,24656.8,150,24658.3,150,975,12321225
NIFTY-I.NFO,12/05/2025,09:27:05,24655,24652.5,75,24655.1,75,900,12321225
NIFTY-I.NFO,12/05/2025,09:27:07,24655.1,24652.5,75,24655,75,3300,12321225
NIFTY-I.NFO,12/05/2025,09:27:09,24654.9,24653.9,75,24654.3,75,525,12321225
NIFTY-I.NFO,12/05/2025,09:27:10,24650.1,24650.1,600,24650.6,150,975,12321225
NIFTY-I.NFO,12/05/2025,09:27:12,24650.2,24650.1,375,24650.3,150,975,12321225
NIFTY-I.NFO,12/05/2025,09:27:14,24650,24650,3675,24651.1,75,2550,12321225
NIFTY-I.NFO,12/05/2025,09:27:15,24651.1,24650.2,150,24652.3,150,750,12321225
NIFTY-I.NFO,12/05/2025,09:27:17,24654.3,24654,150,24654.9,150,2175,12321225
NIFTY-I.NFO,12/05/2025,09:27:19,24658,24657.5,150,24658,75,7050,12321225
NIFTY-I.NFO,12/05/2025,09:27:20,24658.1,24658.9,75,24659.5,150,2025,12321225
NIFTY-I.NFO,12/05/2025,09:27:22,24661.8,24661,75,24662.9,150,1275,12321225
NIFTY-I.NFO,12/05/2025,09:27:24,24665,24664,75,24665,1425,1950,12321225
NIFTY-I.NFO,12/05/2025,09:27:25,24662,24662,3975,24664.7,150,3000,12321225
NIFTY-I.NFO,12/05/2025,09:27:27,24662,24662,3600,24664.3,150,450,12347100
NIFTY-I.NFO,12/05/2025,09:27:29,24660.9,24661.9,450,24665,75,5775,12347100
NIFTY-I.NFO,12/05/2025,09:27:30,24662.2,24662.2,75,24664.8,75,900,12347100
NIFTY-I.NFO,12/05/2025,09:27:32,24662.2,24660.3,75,24664.2,600,600,12347100
NIFTY-I.NFO,12/05/2025,09:27:34,24660,24660,3525,24661.1,150,1425,12347100
NIFTY-I.NFO,12/05/2025,09:27:35,24663.8,24662.8,450,24663.9,525,4425,12347100
NIFTY-I.NFO,12/05/2025,09:27:37,24662.3,24660,2925,24661.9,75,750,12347100
NIFTY-I.NFO,12/05/2025,09:27:39,24658.8,24658.7,300,24664.5,150,6825,12347100
NIFTY-I.NFO,12/05/2025,09:27:40,24660,24660,2475,24664.9,150,8550,12347100
NIFTY-I.NFO,12/05/2025,09:27:42,24660,24660,525,24664.8,150,4350,12347100
NIFTY-I.NFO,12/05/2025,09:27:44,24660,24660.2,75,24660.9,75,675,12347100
NIFTY-I.NFO,12/05/2025,09:27:45,24660,24660,75,24664.9,150,1575,12347100
NIFTY-I.NFO,12/05/2025,09:27:47,24666.4,24666.4,825,24667.9,75,7500,12347100
NIFTY-I.NFO,12/05/2025,09:27:47,24667.9,24666.4,825,24667.9,75,0,12347100
NIFTY-I.NFO,12/05/2025,09:27:49,24665.6,24665.5,300,24667.9,75,8325,12347100
NIFTY-I.NFO,12/05/2025,09:27:49,24671,24665.5,300,24667.9,75,0,12347100
NIFTY-I.NFO,12/05/2025,09:27:50,24660,24660,150,24662.3,75,1875,12347100
NIFTY-I.NFO,12/05/2025,09:27:52,24661,24660,375,24661,150,525,12347100
NIFTY-I.NFO,12/05/2025,09:27:54,24661,24655.9,450,24660.1,75,1200,12347100
NIFTY-I.NFO,12/05/2025,09:27:55,24655.9,24655.9,225,24660.9,75,1350,12347100
NIFTY-I.NFO,12/05/2025,09:27:57,24654.9,24655.1,75,24660.7,75,1125,12347100
NIFTY-I.NFO,12/05/2025,09:27:59,24656.3,24656.6,75,24660.9,150,225,12347100
NIFTY-I.NFO,12/05/2025,09:28:01,24654.9,24651.1,225,24656.3,150,600,12347100
NIFTY-I.NFO,12/05/2025,09:28:02,24655,24655,75,24656.5,75,2175,12347100
NIFTY-I.NFO,12/05/2025,09:28:04,24652.1,24651.7,75,24652,75,1575,12347100
NIFTY-I.NFO,12/05/2025,09:28:06,24655.3,24655.8,75,24658.3,300,600,12347100
NIFTY-I.NFO,12/05/2025,09:28:07,24660.2,24653.7,225,24656.9,150,375,12347100
NIFTY-I.NFO,12/05/2025,09:28:09,24656.5,24651.8,75,24656.7,150,600,12347100
NIFTY-I.NFO,12/05/2025,09:28:11,24652.7,24652.6,225,24658.1,75,675,12347100
NIFTY-I.NFO,12/05/2025,09:28:12,24652.7,24652.6,225,24655,75,525,12347100
NIFTY-I.NFO,12/05/2025,09:28:14,24651,24651,225,24651.8,75,675,12347100
NIFTY-I.NFO,12/05/2025,09:28:16,24650,24650,5250,24650.7,150,1425,12347100
NIFTY-I.NFO,12/05/2025,09:28:17,24650,24645.7,300,24648.1,225,5400,12347100
NIFTY-I.NFO,12/05/2025,09:28:19,24650.3,24645.8,225,24649.9,75,4275,12347100
NIFTY-I.NFO,12/05/2025,09:28:21,24645.9,24646,225,24649,150,825,12347100
NIFTY-I.NFO,12/05/2025,09:28:22,24646,24646,225,24648,150,150,12347100
NIFTY-I.NFO,12/05/2025,09:28:24,24653.4,24653.8,75,24654.3,150,3000,12347100
NIFTY-I.NFO,12/05/2025,09:28:26,24650.8,24650.6,150,24651.1,150,2100,12347100
NIFTY-I.NFO,12/05/2025,09:28:27,24650,24648.7,75,24650.6,75,3675,12347100
NIFTY-I.NFO,12/05/2025,09:28:29,24648.8,24648.8,225,24650.3,150,525,12347100
NIFTY-I.NFO,12/05/2025,09:28:31,24649.9,24648.8,225,24649.9,75,2250,12347100
NIFTY-I.NFO,12/05/2025,09:28:32,24651.3,24650.7,150,24651,75,825,12347100
NIFTY-I.NFO,12/05/2025,09:28:34,24653,24652.7,75,24653.4,300,2175,12347100
NIFTY-I.NFO,12/05/2025,09:28:36,24652.7,24656.3,75,24659.8,150,3900,12347100
NIFTY-I.NFO,12/05/2025,09:28:37,24655.3,24655.1,150,24655.9,225,1125,12347100
NIFTY-I.NFO,12/05/2025,09:28:39,24659.8,24659.8,150,24660,900,3000,12347100
NIFTY-I.NFO,12/05/2025,09:28:40,24659,24659.8,225,24659.9,150,2025,12347100
NIFTY-I.NFO,12/05/2025,09:28:42,24656.5,24656.7,75,24657.8,75,1800,12347100
NIFTY-I.NFO,12/05/2025,09:28:44,24653.8,24653.7,150,24653.8,675,10350,12347100
NIFTY-I.NFO,12/05/2025,09:28:45,24653.7,24653.7,75,24653.8,75,1800,12347100
NIFTY-I.NFO,12/05/2025,09:28:47,24653.8,24650.6,75,24653.2,300,375,12347100
NIFTY-I.NFO,12/05/2025,09:28:49,24650.6,24650.7,75,24653.1,150,150,12347100
NIFTY-I.NFO,12/05/2025,09:28:50,24653.8,24653.5,75,24653.8,150,3150,12347100
NIFTY-I.NFO,12/05/2025,09:28:52,24653.8,24653.6,225,24653.8,450,6000,12347100
NIFTY-I.NFO,12/05/2025,09:28:54,24653.8,24653.7,150,24653.8,600,11175,12347100
NIFTY-I.NFO,12/05/2025,09:28:55,24653.8,24653.5,225,24653.8,450,3150,12347100
NIFTY-I.NFO,12/05/2025,09:28:57,24656.2,24656.2,75,24657.5,75,13725,12347100
NIFTY-I.NFO,12/05/2025,09:28:59,24654.1,24653.8,225,24656,1875,2775,12347100
NIFTY-I.NFO,12/05/2025,09:29:00,24656,24654.7,225,24656,1050,1650,12347100
NIFTY-I.NFO,12/05/2025,09:29:02,24658,24657.8,75,24658,1425,3900,12347100
NIFTY-I.NFO,12/05/2025,09:29:04,24657.6,24657,825,24657.7,150,1050,12347100
NIFTY-I.NFO,12/05/2025,09:29:05,24657,24657,825,24657.1,150,1950,12347100
NIFTY-I.NFO,12/05/2025,09:29:07,24657.2,24656.4,600,24658.8,375,1725,12347100
NIFTY-I.NFO,12/05/2025,09:29:09,24656.9,24656.9,75,24657,75,1050,12347100
NIFTY-I.NFO,12/05/2025,09:29:10,24656.7,24657.3,225,24657.8,150,525,12347100
NIFTY-I.NFO,12/05/2025,09:29:12,24657.6,24657.6,525,24658.9,75,975,12347100
NIFTY-I.NFO,12/05/2025,09:29:14,24656,24655,225,24655.9,150,1725,12347100
NIFTY-I.NFO,12/05/2025,09:29:15,24658,24658,150,24658.6,750,1875,12347100
NIFTY-I.NFO,12/05/2025,09:29:17,24655.2,24652.8,150,24655.2,75,600,12347100
NIFTY-I.NFO,12/05/2025,09:29:19,24655.9,24655.9,3075,24657.5,150,1575,12347100
NIFTY-I.NFO,12/05/2025,09:29:20,24657,24657,600,24658,225,900,12347100
NIFTY-I.NFO,12/05/2025,09:29:22,24657,24657,450,24658,375,300,12347100
NIFTY-I.NFO,12/05/2025,09:29:24,24656.9,24655.9,1575,24656.9,75,1050,12347100
NIFTY-I.NFO,12/05/2025,09:29:25,24657,24655.9,1125,24657,375,1800,12347100
NIFTY-I.NFO,12/05/2025,09:29:27,24655.9,24656.5,75,24656.7,75,525,12347100
NIFTY-I.NFO,12/05/2025,09:29:29,24656.9,24656.5,225,24656.8,225,900,12347100
NIFTY-I.NFO,12/05/2025,09:29:30,24657,24655.9,225,24657.8,150,1875,12347100
NIFTY-I.NFO,12/05/2025,09:29:32,24655.9,24655.9,150,24657.8,75,525,12347100
NIFTY-I.NFO,12/05/2025,09:29:34,24653.8,24653.8,225,24655.1,75,825,12347100
NIFTY-I.NFO,12/05/2025,09:29:35,24656.2,24656.6,75,24657.9,150,975,12347100
NIFTY-I.NFO,12/05/2025,09:29:37,24660,24659.8,225,24660,3450,3450,12347100
NIFTY-I.NFO,12/05/2025,09:29:39,24659.9,24659.8,225,24659.9,75,3300,12347100
NIFTY-I.NFO,12/05/2025,09:29:40,24662.8,24660.3,75,24664.7,150,4050,12347100
NIFTY-I.NFO,12/05/2025,09:29:42,24662.8,24660.6,825,24663.6,300,525,12347100
NIFTY-I.NFO,12/05/2025,09:29:44,24662.3,24662,150,24665,525,1350,12347100
NIFTY-I.NFO,12/05/2025,09:29:45,24666.4,24665.6,225,24666.6,150,1650,12347100
NIFTY-I.NFO,12/05/2025,09:29:47,24669.9,24668.1,75,24670,3450,1575,12347100
NIFTY-I.NFO,12/05/2025,09:29:49,24666.3,24665.5,150,24668.8,300,2175,12347100
NIFTY-I.NFO,12/05/2025,09:29:50,24668.3,24663.4,75,24668.8,600,4050,12347100
NIFTY-I.NFO,12/05/2025,09:29:52,24666.4,24665.2,75,24667.5,300,1950,12347100
NIFTY-I.NFO,12/05/2025,09:29:54,24670,24665.2,375,24669.7,375,2400,12347100
NIFTY-I.NFO,12/05/2025,09:29:55,24666.8,24665.1,150,24667.9,675,1650,12347100
NIFTY-I.NFO,12/05/2025,09:29:57,24663,24661.1,75,24663.4,75,1275,12347100
NIFTY-I.NFO,12/05/2025,09:29:59,24666.7,24666.7,2775,24668.8,75,825,12347100
NIFTY-I.NFO,12/05/2025,09:30:00,24664.8,24663.4,150,24664.8,75,3450,12347100
NIFTY-I.NFO,12/05/2025,09:30:02,24670,24666.3,75,24670,2850,4350,12347100
NIFTY-I.NFO,12/05/2025,09:30:04,24671,24668.8,75,24671,1575,7800,12347100
NIFTY-I.NFO,12/05/2025,09:30:05,24667.8,24665.1,75,24669,75,4500,12347100
NIFTY-I.NFO,12/05/2025,09:30:05,24671.5,24665.1,75,24669,75,0,12347100
NIFTY-I.NFO,12/05/2025,09:30:07,24666.4,24664.1,75,24666.4,150,3075,12347100
NIFTY-I.NFO,12/05/2025,09:30:09,24664.8,24664.6,75,24664.8,525,1950,12347100
NIFTY-I.NFO,12/05/2025,09:30:10,24664.8,24664.8,75,24666.5,225,900,12347100
NIFTY-I.NFO,12/05/2025,09:30:12,24668.7,24665.1,75,24668.3,375,975,12347100
NIFTY-I.NFO,12/05/2025,09:30:14,24666.5,24665.2,375,24668.2,150,1425,12347100
NIFTY-I.NFO,12/05/2025,09:30:15,24661.1,24661.1,375,24666.6,75,20475,12347100
NIFTY-I.NFO,12/05/2025,09:30:17,24661.2,24660,450,24662.6,375,2250,12347100
NIFTY-I.NFO,12/05/2025,09:30:19,24661.2,24661.2,375,24664.8,75,8175,12347100
NIFTY-I.NFO,12/05/2025,09:30:20,24660.3,24660,525,24661.2,225,750,12347100
NIFTY-I.NFO,12/05/2025,09:30:22,24663.7,24663.7,150,24663.8,150,750,12347100
NIFTY-I.NFO,12/05/2025,09:30:24,24663.7,24663.8,150,24665,975,1125,12347100
NIFTY-I.NFO,12/05/2025,09:30:25,24665,24665.7,75,24668,150,1575,12347100
NIFTY-I.NFO,12/05/2025,09:30:27,24667.9,24667.9,150,24668.2,75,900,12347100
NIFTY-I.NFO,12/05/2025,09:30:29,24669,24668.2,150,24670,1200,675,12346275
NIFTY-I.NFO,12/05/2025,09:30:30,24668.7,24668.7,75,24670,450,1275,12346275
NIFTY-I.NFO,12/05/2025,09:30:32,24670,24669.1,450,24670,150,825,12346275
NIFTY-I.NFO,12/05/2025,09:30:34,24669.1,24669.1,525,24670.4,375,13050,12346275
NIFTY-I.NFO,12/05/2025,09:30:34,24675,24669.1,525,24670.4,375,0,12346275
NIFTY-I.NFO,12/05/2025,09:30:35,24669.6,24669.6,900,24672,75,2175,12346275
NIFTY-I.NFO,12/05/2025,09:30:37,24674.9,24669.9,75,24674.4,675,1425,12346275
NIFTY-I.NFO,12/05/2025,09:30:39,24674.4,24672.5,600,24675,975,1200,12346275
NIFTY-I.NFO,12/05/2025,09:30:40,24672.4,24671,975,24672.4,75,3675,12346275
NIFTY-I.NFO,12/05/2025,09:30:42,24674.9,24672.5,375,24674.8,150,2025,12346275
NIFTY-I.NFO,12/05/2025,09:30:44,24672.6,24672.6,450,24674.8,600,4800,12346275
NIFTY-I.NFO,12/05/2025,09:30:45,24674.2,24672.4,375,24674.3,75,2550,12346275
NIFTY-I.NFO,12/05/2025,09:30:47,24675.2,24672.5,150,24674.3,75,4275,12346275
NIFTY-I.NFO,12/05/2025,09:30:47,24675.9,24672.5,150,24674.3,75,0,12346275
NIFTY-I.NFO,12/05/2025,09:30:49,24675,24671,2625,24673.6,375,2625,12346275
NIFTY-I.NFO,12/05/2025,09:30:50,24671,24671,1125,24673.2,375,4275,12346275
NIFTY-I.NFO,12/05/2025,09:30:52,24667.4,24667.4,75,24669.1,75,4875,12346275
NIFTY-I.NFO,12/05/2025,09:30:54,24671.7,24667.5,375,24670.6,375,1950,12346275
NIFTY-I.NFO,12/05/2025,09:30:55,24667.6,24667.6,300,24669.1,375,975,12346275
NIFTY-I.NFO,12/05/2025,09:30:57,24665,24661.3,75,24664.4,675,2325,12346275
NIFTY-I.NFO,12/05/2025,09:30:59,24660,24657.3,75,24659.6,75,1275,12346275
NIFTY-I.NFO,12/05/2025,09:31:00,24658.6,24657.3,150,24658.9,75,450,12346275
NIFTY-I.NFO,12/05/2025,09:31:02,24660.1,24659.1,150,24660.5,300,675,12346275
NIFTY-I.NFO,12/05/2025,09:31:04,24659.2,24659,525,24661.3,450,225,12346275
NIFTY-I.NFO,12/05/2025,09:31:05,24661.3,24659,1125,24661.3,225,450,12346275
NIFTY-I.NFO,12/05/2025,09:31:07,24660,24658.9,75,24660.6,900,1350,12346275
NIFTY-I.NFO,12/05/2025,09:31:09,24659,24659.1,1800,24661.1,150,150,12346275
NIFTY-I.NFO,12/05/2025,09:31:10,24660,24659.1,1500,24661.9,150,1800,12346275
NIFTY-I.NFO,12/05/2025,09:31:12,24661.5,24659.1,750,24661.6,300,3450,12346275
NIFTY-I.NFO,12/05/2025,09:31:14,24659,24659.2,600,24660,150,3150,12346275
NIFTY-I.NFO,12/05/2025,09:31:15,24660,24659.1,1200,24661.5,150,750,12346275
NIFTY-I.NFO,12/05/2025,09:31:17,24659.1,24659.3,75,24660,225,1500,12346275
NIFTY-I.NFO,12/05/2025,09:31:19,24661.3,24661.3,75,24664.3,75,825,12346275
NIFTY-I.NFO,12/05/2025,09:31:20,24663.8,24659.1,600,24663.4,375,1275,12346275
NIFTY-I.NFO,12/05/2025,09:31:22,24659.1,24659.1,1425,24659.2,675,1725,12346275
NIFTY-I.NFO,12/05/2025,09:31:24,24659.1,24659.1,1200,24662,150,1500,12346275
NIFTY-I.NFO,12/05/2025,09:31:25,24662,24662,75,24663.4,375,150,12346275
NIFTY-I.NFO,12/05/2025,09:31:27,24665,24663.4,900,24665,450,675,12346275
NIFTY-I.NFO,12/05/2025,09:31:29,24666,24664.8,75,24667.6,150,900,12346275
NIFTY-I.NFO,12/05/2025,09:31:30,24671.3,24664.3,75,24670.3,150,3300,12346275
NIFTY-I.NFO,12/05/2025,09:31:32,24666,24664.3,225,24668.8,75,300,12346275
NIFTY-I.NFO,12/05/2025,09:31:34,24664.3,24664.3,450,24664.7,75,825,12346275
NIFTY-I.NFO,12/05/2025,09:31:35,24670.5,24664.2,300,24670.3,225,2025,12346275
NIFTY-I.NFO,12/05/2025,09:31:37,24664.9,24665,75,24670.8,150,375,12346275
NIFTY-I.NFO,12/05/2025,09:31:39,24666.6,24666.6,75,24671.9,600,2325,12346275
NIFTY-I.NFO,12/05/2025,09:31:40,24672.1,24666.7,75,24671.6,450,1875,12346275
NIFTY-I.NFO,12/05/2025,09:31:42,24668.8,24668.5,600,24674.4,375,1800,12346275
NIFTY-I.NFO,12/05/2025,09:31:44,24668.8,24670,75,24674,375,150,12346275
NIFTY-I.NFO,12/05/2025,09:31:45,24670,24670,75,24673.3,375,525,12346275
NIFTY-I.NFO,12/05/2025,09:31:47,24671.8,24671,75,24673,75,1200,12346275
NIFTY-I.NFO,12/05/2025,09:31:49,24676.2,24674.5,3450,24677.2,75,14175,12346275
NIFTY-I.NFO,12/05/2025,09:31:49,24680,24674.5,3450,24677.2,75,0,12346275
NIFTY-I.NFO,12/05/2025,09:31:50,24674.5,24674.5,3825,24680,1125,825,12346275
NIFTY-I.NFO,12/05/2025,09:31:52,24675,24674.5,3375,24677.5,75,1050,12346275
NIFTY-I.NFO,12/05/2025,09:31:54,24678.1,24674.5,2775,24676.9,75,1875,12346275
NIFTY-I.NFO,12/05/2025,09:31:55,24677.7,24675,75,24677.8,675,750,12346275
NIFTY-I.NFO,12/05/2025,09:31:57,24675,24675,300,24676.8,375,6900,12346275
NIFTY-I.NFO,12/05/2025,09:31:59,24674.3,24671.5,75,24674.5,1050,2700,12346275
NIFTY-I.NFO,12/05/2025,09:32:00,24673.9,24671.8,75,24673.3,75,3225,12346275
NIFTY-I.NFO,12/05/2025,09:32:02,24671.2,24671.2,375,24674.5,150,1500,12346275
NIFTY-I.NFO,12/05/2025,09:32:04,24676.1,24671.8,75,24675.1,300,1425,12346275
NIFTY-I.NFO,12/05/2025,09:32:05,24672.7,24671.2,375,24672.7,225,1200,12346275
NIFTY-I.NFO,12/05/2025,09:32:07,24674.5,24671.2,450,24673.7,150,975,12346275
NIFTY-I.NFO,12/05/2025,09:32:09,24671.3,24671.3,750,24673.9,75,450,12346275
NIFTY-I.NFO,12/05/2025,09:32:10,24674.1,24674.2,75,24677.9,300,600,12346275
NIFTY-I.NFO,12/05/2025,09:32:12,24680,24677.1,75,24680,600,1650,12346275
NIFTY-I.NFO,12/05/2025,09:32:14,24677.9,24677.4,600,24680,300,450,12346275
NIFTY-I.NFO,12/05/2025,09:32:15,24677.3,24676,375,24677.3,150,1125,12346275
NIFTY-I.NFO,12/05/2025,09:32:17,24676.1,24672,75,24675.4,300,1350,12346275
NIFTY-I.NFO,12/05/2025,09:32:19,24677.9,24672,75,24675.6,600,750,12346275
NIFTY-I.NFO,12/05/2025,09:32:20,24675.1,24672.1,75,24674.9,1050,900,12346275
NIFTY-I.NFO,12/05/2025,09:32:22,24672.1,24671.5,75,24675.2,975,300,12346275
NIFTY-I.NFO,12/05/2025,09:32:24,24676.5,24671.5,150,24674.7,150,600,12346275
NIFTY-I.NFO,12/05/2025,09:32:25,24671.5,24671.5,150,24675,150,525,12346275
NIFTY-I.NFO,12/05/2025,09:32:27,24672.1,24671.3,450,24672.1,225,525,12346275
NIFTY-I.NFO,12/05/2025,09:32:29,24674.5,24671.3,150,24673.2,75,1875,12346275
NIFTY-I.NFO,12/05/2025,09:32:30,24671.3,24671.3,225,24674.9,75,225,12346275
NIFTY-I.NFO,12/05/2025,09:32:32,24671.4,24671.4,300,24675.8,225,750,12346275
NIFTY-I.NFO,12/05/2025,09:32:34,24671.4,24671.4,675,24675.4,150,375,12346275
NIFTY-I.NFO,12/05/2025,09:32:35,24674.6,24671.4,300,24674.3,75,375,12346275
NIFTY-I.NFO,12/05/2025,09:32:37,24669.2,24669.3,150,24670,1725,3525,12346275
NIFTY-I.NFO,12/05/2025,09:32:39,24672.4,24668,75,24671.7,75,2850,12346275
NIFTY-I.NFO,12/05/2025,09:32:40,24669.9,24668.6,75,24669.9,1275,1050,12346275
NIFTY-I.NFO,12/05/2025,09:32:42,24669.9,24667.6,75,24669.9,1200,300,12346275
NIFTY-I.NFO,12/05/2025,09:32:44,24668.4,24668.3,75,24668.4,600,1800,12346275
NIFTY-I.NFO,12/05/2025,09:32:45,24672.1,24671.9,75,24673.7,150,2700,12346275
NIFTY-I.NFO,12/05/2025,09:32:47,24673.7,24673.7,675,24674,75,2325,12346275
NIFTY-I.NFO,12/05/2025,09:32:49,24677,24676.2,600,24678,75,5100,12346275
NIFTY-I.NFO,12/05/2025,09:32:50,24675.4,24675.7,75,24676,450,750,12346275
NIFTY-I.NFO,12/05/2025,09:32:52,24675.8,24675.8,225,24676,525,75,12346275
NIFTY-I.NFO,12/05/2025,09:32:54,24676,24675.8,450,24676,150,450,12346275
NIFTY-I.NFO,12/05/2025,09:32:55,24681.6,24680.2,75,24683.2,675,3600,12346275
NIFTY-I.NFO,12/05/2025,09:32:55,24683,24680.2,75,24683.2,675,0,12346275
NIFTY-I.NFO,12/05/2025,09:32:57,24678.5,24678.5,75,24680,75,975,12346275
NIFTY-I.NFO,12/05/2025,09:32:57,24683.3,24678.5,75,24680,75,0,12346275
NIFTY-I.NFO,12/05/2025,09:32:59,24690,24685.2,375,24685.9,150,12975,12346275
NIFTY-I.NFO,12/05/2025,09:32:59,24690,24685.2,375,24685.9,150,0,12346275
NIFTY-I.NFO,12/05/2025,09:33:00,24685.7,24685.3,375,24685.7,75,1650,12346275
NIFTY-I.NFO,12/05/2025,09:33:02,24687.6,24688.2,450,24690,2850,1575,12346275
NIFTY-I.NFO,12/05/2025,09:33:04,24693,24688.2,300,24693.9,300,6525,12346275
NIFTY-I.NFO,12/05/2025,09:33:04,24693,24688.2,300,24693.9,300,0,12346275
NIFTY-I.NFO,12/05/2025,09:33:05,24692.6,24691.4,75,24693,75,1050,12346275
NIFTY-I.NFO,12/05/2025,09:33:05,24694,24691.4,75,24693,75,0,12346275
NIFTY-I.NFO,12/05/2025,09:33:07,24694.1,24691.4,225,24692.7,150,2100,12346275
NIFTY-I.NFO,12/05/2025,09:33:07,24694.1,24691.4,225,24692.7,150,0,12346275
NIFTY-I.NFO,12/05/2025,09:33:09,24692.6,24691.4,75,24692.5,75,1950,12346275
NIFTY-I.NFO,12/05/2025,09:33:10,24691.4,24691.4,300,24693.9,75,3225,12346275
NIFTY-I.NFO,12/05/2025,09:33:10,24695,24691.4,300,24693.9,75,0,12346275
NIFTY-I.NFO,12/05/2025,09:33:12,24695,24694.1,75,24695,3675,2475,12346275
NIFTY-I.NFO,12/05/2025,09:33:14,24691.5,24691.2,75,24695,2925,900,12346275
NIFTY-I.NFO,12/05/2025,09:33:15,24695,24690,300,24693.7,375,1275,12346275
NIFTY-I.NFO,12/05/2025,09:33:17,24692.5,24690,75,24691.7,750,825,12346275
NIFTY-I.NFO,12/05/2025,09:33:19,24687,24686.1,300,24687,900,750,12346275
NIFTY-I.NFO,12/05/2025,09:33:20,24695,24689.5,300,24695,2700,1725,12346275
NIFTY-I.NFO,12/05/2025,09:33:22,24693.5,24689.6,375,24693.3,75,375,12346275
NIFTY-I.NFO,12/05/2025,09:33:24,24689.6,24689.6,225,24690,1500,2100,12346275
NIFTY-I.NFO,12/05/2025,09:33:25,24690,24688.9,75,24690,600,1350,12346275
NIFTY-I.NFO,12/05/2025,09:33:27,24693.5,24689.6,225,24694.5,75,3300,12346275
NIFTY-I.NFO,12/05/2025,09:33:29,24694.6,24690,75,24694.8,225,1725,12349500
NIFTY-I.NFO,12/05/2025,09:33:30,24694.8,24690.9,375,24694.9,75,300,12349500
NIFTY-I.NFO,12/05/2025,09:33:32,24694,24691.1,300,24694.4,150,600,12349500
NIFTY-I.NFO,12/05/2025,09:33:34,24690,24690,1050,24693.2,75,2175,12349500
NIFTY-I.NFO,12/05/2025,09:33:35,24690.1,24691,75,24694.8,225,675,12349500
NIFTY-I.NFO,12/05/2025,09:33:37,24694.9,24691.4,150,24694.9,150,300,12349500
NIFTY-I.NFO,12/05/2025,09:33:39,24694.3,24692.2,75,24694.3,75,825,12349500
NIFTY-I.NFO,12/05/2025,09:33:40,24695,24692.2,525,24694.8,75,3450,12349500
NIFTY-I.NFO,12/05/2025,09:33:40,24696.3,24692.2,525,24694.8,75,0,12349500
NIFTY-I.NFO,12/05/2025,09:33:42,24692.3,24691.3,300,24692.4,225,1125,12349500
NIFTY-I.NFO,12/05/2025,09:33:44,24694,24693.3,75,24694,450,1875,12349500
NIFTY-I.NFO,12/05/2025,09:33:45,24693.3,24692.4,750,24693.8,150,750,12349500
NIFTY-I.NFO,12/05/2025,09:33:47,24694.4,24692.5,300,24693.3,75,1500,12349500
NIFTY-I.NFO,12/05/2025,09:33:49,24694.5,24692.7,150,24694,150,375,12349500
NIFTY-I.NFO,12/05/2025,09:33:50,24691.3,24689.6,150,24691.3,150,3450,12349500
NIFTY-I.NFO,12/05/2025,09:33:52,24689.7,24689.7,75,24690,1800,3975,12349500
NIFTY-I.NFO,12/05/2025,09:33:54,24689,24689,1425,24690,2775,6675,12349500
NIFTY-I.NFO,12/05/2025,09:33:55,24690,24689.7,75,24690,7650,2625,12349500
NIFTY-I.NFO,12/05/2025,09:33:57,24690,24689.7,225,24690,7050,2925,12349500
NIFTY-I.NFO,12/05/2025,09:33:59,24688.7,24688.7,75,24689,375,1950,12349500
NIFTY-I.NFO,12/05/2025,09:34:00,24687.4,24687.4,75,24687.9,450,1725,12349500
NIFTY-I.NFO,12/05/2025,09:34:02,24687.8,24687.8,225,24688,225,825,12349500
NIFTY-I.NFO,12/05/2025,09:34:04,24690,24689.7,150,24690,6450,1950,12349500
NIFTY-I.NFO,12/05/2025,09:34:05,24689,24686,75,24689.2,75,750,12349500
NIFTY-I.NFO,12/05/2025,09:34:07,24685.5,24685.1,600,24687.7,75,300,12349500
NIFTY-I.NFO,12/05/2025,09:34:09,24687.6,24687.7,150,24689,75,375,12349500
NIFTY-I.NFO,12/05/2025,09:34:10,24685.6,24687.7,225,24689.9,150,4725,12349500
NIFTY-I.NFO,12/05/2025,09:34:12,24688.7,24688.7,150,24690,7125,600,12349500
NIFTY-I.NFO,12/05/2025,09:34:14,24688.7,24688.7,375,24689.9,75,525,12349500
NIFTY-I.NFO,12/05/2025,09:34:15,24689.2,24689.2,75,24690,4875,4650,12349500
NIFTY-I.NFO,12/05/2025,09:34:17,24690,24689.9,300,24690,2550,2475,12349500
NIFTY-I.NFO,12/05/2025,09:34:19,24689.3,24689.7,75,24690,150,3150,12349500
NIFTY-I.NFO,12/05/2025,09:34:20,24692.6,24693.7,75,24695,450,6300,12349500
NIFTY-I.NFO,12/05/2025,09:34:20,24697,24693.7,75,24695,450,0,12349500
NIFTY-I.NFO,12/05/2025,09:34:22,24692.2,24690,675,24694.7,450,375,12349500
NIFTY-I.NFO,12/05/2025,09:34:24,24689.6,24690,75,24694.5,300,1125,12349500
NIFTY-I.NFO,12/05/2025,09:34:25,24689.7,24691.7,75,24694.4,150,1050,12349500
NIFTY-I.NFO,12/05/2025,09:34:27,24698,24693.7,300,24697.9,75,5400,12349500
NIFTY-I.NFO,12/05/2025,09:34:27,24698,24693.7,300,24697.9,75,0,12349500
NIFTY-I.NFO,12/05/2025,09:34:29,24695.1,24695.1,750,24698.9,450,2175,12349500
NIFTY-I.NFO,12/05/2025,09:34:29,24698.8,24695.1,750,24698.9,450,0,12349500
NIFTY-I.NFO,12/05/2025,09:34:31,24698,24698,225,24698.9,75,1950,12349500
NIFTY-I.NFO,12/05/2025,09:34:31,24699,24698,225,24698.9,75,0,12349500
NIFTY-I.NFO,12/05/2025,09:34:32,24695,24694.5,450,24696,75,1050,12349500
NIFTY-I.NFO,12/05/2025,09:34:34,24695,24694.5,75,24696,75,675,12349500
NIFTY-I.NFO,12/05/2025,09:34:36,24698,24696,75,24698,525,975,12349500
NIFTY-I.NFO,12/05/2025,09:34:37,24694.5,24692.9,150,24697,75,825,12349500
NIFTY-I.NFO,12/05/2025,09:34:39,24693.4,24693.3,75,24698.9,150,2775,12349500
NIFTY-I.NFO,12/05/2025,09:34:40,24694.1,24693.9,75,24696.9,300,600,12349500
NIFTY-I.NFO,12/05/2025,09:34:42,24693.9,24693.6,675,24693.9,1575,1350,12349500
NIFTY-I.NFO,12/05/2025,09:34:44,24695,24694.2,75,24695,600,1725,12349500
NIFTY-I.NFO,12/05/2025,09:34:45,24695,24693,150,24695,600,975,12349500
NIFTY-I.NFO,12/05/2025,09:34:47,24695,24693,75,24695,525,225,12349500
NIFTY-I.NFO,12/05/2025,09:34:49,24696.4,24696.3,75,24699,2250,3600,12349500
NIFTY-I.NFO,12/05/2025,09:34:50,24694.9,24694.9,525,24697.9,150,975,12349500
NIFTY-I.NFO,12/05/2025,09:34:52,24695,24695,225,24696,300,300,12349500
NIFTY-I.NFO,12/05/2025,09:34:54,24698.9,24696,75,24699,2175,2925,12349500
NIFTY-I.NFO,12/05/2025,09:34:55,24694.7,24693.9,150,24698.9,75,1500,12349500
NIFTY-I.NFO,12/05/2025,09:34:57,24699,24698,375,24699.1,75,2550,12349500
NIFTY-I.NFO,12/05/2025,09:34:59,24700,24699.9,75,24700,7125,13500,12349500
NIFTY-I.NFO,12/05/2025,09:34:59,24700,24699.9,75,24700,7125,0,12349500
NIFTY-I.NFO,12/05/2025,09:35:00,24700,24699.9,750,24700,2025,6000,12349500
NIFTY-I.NFO,12/05/2025,09:35:02,24704.6,24704.6,375,24707.1,225,12525,12349500
NIFTY-I.NFO,12/05/2025,09:35:02,24709.6,24704.6,375,24707.1,225,0,12349500
NIFTY-I.NFO,12/05/2025,09:35:04,24707.6,24705.1,75,24707.7,75,1725,12349500
NIFTY-I.NFO,12/05/2025,09:35:05,24705.6,24707.7,150,24709.9,150,2250,12349500
NIFTY-I.NFO,12/05/2025,09:35:05,24710,24707.7,150,24709.9,150,0,12349500
NIFTY-I.NFO,12/05/2025,09:35:07,24709.7,24707.7,300,24709.7,75,2625,12349500
NIFTY-I.NFO,12/05/2025,09:35:09,24710,24707.9,150,24710,75,2250,12349500
NIFTY-I.NFO,12/05/2025,09:35:10,24710,24708,600,24710,300,750,12349500
NIFTY-I.NFO,12/05/2025,09:35:12,24708.1,24708.1,225,24709.9,1350,2925,12349500
NIFTY-I.NFO,12/05/2025,09:35:12,24712,24708.1,225,24709.9,1350,0,12349500
NIFTY-I.NFO,12/05/2025,09:35:14,24708.2,24709.9,225,24711.2,150,2250,12349500
NIFTY-I.NFO,12/05/2025,09:35:15,24709.9,24708.1,1800,24711.9,300,2325,12349500
NIFTY-I.NFO,12/05/2025,09:35:17,24712,24710,2775,24712,825,2325,12349500
NIFTY-I.NFO,12/05/2025,09:35:19,24712.9,24710,1050,24713,1875,5775,12349500
NIFTY-I.NFO,12/05/2025,09:35:19,24712.9,24710,1050,24713,1875,0,12349500
NIFTY-I.NFO,12/05/2025,09:35:20,24710,24710,600,24712,75,3225,12349500
NIFTY-I.NFO,12/05/2025,09:35:20,24713,24710,600,24712,75,0,12349500
NIFTY-I.NFO,12/05/2025,09:35:22,24711.1,24708.1,375,24710,75,1575,12349500
NIFTY-I.NFO,12/05/2025,09:35:24,24708.1,24708.1,300,24709,75,1050,12349500
NIFTY-I.NFO,12/05/2025,09:35:25,24708,24708,2100,24711.5,75,1275,12349500
NIFTY-I.NFO,12/05/2025,09:35:27,24708.5,24708.5,225,24712.8,150,1275,12349500
NIFTY-I.NFO,12/05/2025,09:35:29,24711.9,24711.5,75,24712.5,600,1200,12349500
NIFTY-I.NFO,12/05/2025,09:35:30,24711.9,24711.5,150,24712,75,2400,12349500
NIFTY-I.NFO,12/05/2025,09:35:32,24708.9,24708.6,375,24713,900,1425,12349500
NIFTY-I.NFO,12/05/2025,09:35:34,24710,24708.6,300,24712.9,75,1500,12349500
NIFTY-I.NFO,12/05/2025,09:35:35,24713.1,24710.1,75,24713.1,150,1050,12349500
NIFTY-I.NFO,12/05/2025,09:35:35,24713.1,24710.1,75,24713.1,150,0,12349500
NIFTY-I.NFO,12/05/2025,09:35:37,24714.6,24712.9,5100,24714.6,225,4575,12349500
NIFTY-I.NFO,12/05/2025,09:35:37,24715,24712.9,5100,24714.6,225,0,12349500
NIFTY-I.NFO,12/05/2025,09:35:39,24714.9,24712.9,3225,24714.8,525,4875,12349500
NIFTY-I.NFO,12/05/2025,09:35:40,24713.1,24711.5,225,24713.2,300,9375,12349500
NIFTY-I.NFO,12/05/2025,09:35:42,24709.3,24708,1950,24709.3,225,3975,12349500
NIFTY-I.NFO,12/05/2025,09:35:44,24710.6,24707.1,75,24710.9,150,4275,12349500
NIFTY-I.NFO,12/05/2025,09:35:45,24707.1,24705.6,450,24707.1,225,2550,12349500
NIFTY-I.NFO,12/05/2025,09:35:47,24712.5,24705.8,75,24712.5,225,1350,12349500
NIFTY-I.NFO,12/05/2025,09:35:49,24711.4,24709,300,24711.4,75,1125,12349500
NIFTY-I.NFO,12/05/2025,09:35:50,24710.7,24710,1800,24710.8,75,600,12349500
NIFTY-I.NFO,12/05/2025,09:35:52,24711.1,24709,150,24710.4,600,4875,12349500
NIFTY-I.NFO,12/05/2025,09:35:54,24710.3,24710,1800,24710.1,600,1425,12349500
NIFTY-I.NFO,12/05/2025,09:35:55,24709.5,24705.1,75,24709.5,150,3525,12349500
NIFTY-I.NFO,12/05/2025,09:35:57,24705.6,24703,150,24704.3,75,1875,12349500
NIFTY-I.NFO,12/05/2025,09:35:59,24700,24700,750,24702.8,75,2025,12349500
NIFTY-I.NFO,12/05/2025,09:36:00,24703.5,24700.7,75,24703.5,150,375,12349500
NIFTY-I.NFO,12/05/2025,09:36:02,24701.7,24702.8,600,24704.8,75,900,12349500
NIFTY-I.NFO,12/05/2025,09:36:04,24704.1,24704.5,300,24707,75,825,12349500
NIFTY-I.NFO,12/05/2025,09:36:05,24707,24704.6,75,24708,375,1500,12349500
NIFTY-I.NFO,12/05/2025,09:36:07,24706.8,24704.6,150,24707.6,150,1200,12349500
NIFTY-I.NFO,12/05/2025,09:36:09,24707.2,24707,4500,24707.3,300,1125,12349500
NIFTY-I.NFO,12/05/2025,09:36:10,24699.3,24700.1,375,24706.8,75,8175,12349500
NIFTY-I.NFO,12/05/2025,09:36:12,24705,24702.4,450,24705,75,1200,12349500
NIFTY-I.NFO,12/05/2025,09:36:14,24704,24702.9,75,24706.4,75,525,12349500
NIFTY-I.NFO,12/05/2025,09:36:15,24702.9,24702,300,24704,150,525,12349500
NIFTY-I.NFO,12/05/2025,09:36:17,24704,24702.5,450,24704.1,75,900,12349500
NIFTY-I.NFO,12/05/2025,09:36:19,24700,24704,525,24705,150,825,12349500
NIFTY-I.NFO,12/05/2025,09:36:20,24705.8,24704,300,24705.9,450,675,12349500
NIFTY-I.NFO,12/05/2025,09:36:22,24706.3,24706.3,525,24706.4,75,1050,12349500
NIFTY-I.NFO,12/05/2025,09:36:24,24703,24703,375,24705,75,2475,12349500
NIFTY-I.NFO,12/05/2025,09:36:25,24700,24700,75,24703.9,75,525,12349500
NIFTY-I.NFO,12/05/2025,09:36:27,24700,24699.4,75,24701.7,75,675,12349500
NIFTY-I.NFO,12/05/2025,09:36:29,24701,24698.5,75,24699.4,75,600,12379500
NIFTY-I.NFO,12/05/2025,09:36:30,24698.6,24698.6,225,24699.7,300,1425,12379500
NIFTY-I.NFO,12/05/2025,09:36:32,24698.6,24698.6,150,24699.9,75,1200,12379500
NIFTY-I.NFO,12/05/2025,09:36:34,24700.4,24698.6,300,24700.7,375,3600,12379500
NIFTY-I.NFO,12/05/2025,09:36:35,24699.1,24694.6,375,24699.7,150,750,12379500
NIFTY-I.NFO,12/05/2025,09:36:37,24700,24696.9,75,24699,75,1125,12379500
NIFTY-I.NFO,12/05/2025,09:36:39,24695.4,24697,225,24698.7,150,375,12379500
NIFTY-I.NFO,12/05/2025,09:36:40,24699.1,24699,75,24699.9,150,300,12379500
NIFTY-I.NFO,12/05/2025,09:36:42,24700,24698.4,300,24701.3,150,3000,12379500
NIFTY-I.NFO,12/05/2025,09:36:44,24700,24700,3075,24702.1,150,3000,12379500
NIFTY-I.NFO,12/05/2025,09:36:45,24700.1,24700.1,375,24704.6,375,450,12379500
NIFTY-I.NFO,12/05/2025,09:36:47,24700,24700,1950,24702.1,150,975,12379500
NIFTY-I.NFO,12/05/2025,09:36:49,24703.8,24700,1875,24704,1125,450,12379500
NIFTY-I.NFO,12/05/2025,09:36:50,24702,24700,1725,24702,75,375,12379500
NIFTY-I.NFO,12/05/2025,09:36:52,24703.8,24700,1425,24703.9,150,450,12379500
NIFTY-I.NFO,12/05/2025,09:36:54,24700,24700,225,24702.9,75,1800,12379500
NIFTY-I.NFO,12/05/2025,09:36:55,24704,24700,2250,24700.2,300,750,12379500
NIFTY-I.NFO,12/05/2025,09:36:57,24700,24700.7,75,24704,75,2175,12379500
NIFTY-I.NFO,12/05/2025,09:36:59,24702,24700.8,150,24704,75,150,12379500
NIFTY-I.NFO,12/05/2025,09:37:00,24700.7,24700.7,600,24703.9,225,75,12379500
NIFTY-I.NFO,12/05/2025,09:37:02,24705,24705,75,24705.8,150,1200,12379500
NIFTY-I.NFO,12/05/2025,09:37:04,24705,24705,150,24705.6,225,300,12379500
NIFTY-I.NFO,12/05/2025,09:37:05,24705,24702.6,150,24705.6,75,225,12379500
NIFTY-I.NFO,12/05/2025,09:37:07,24701.4,24701.4,75,24705.5,450,2100,12379500
NIFTY-I.NFO,12/05/2025,09:37:09,24702,24701.8,150,24705,150,2100,12379500
NIFTY-I.NFO,12/05/2025,09:37:10,24701.8,24701.5,75,24705,225,225,12379500
NIFTY-I.NFO,12/05/2025,09:37:12,24702,24701,3750,24701.8,75,1500,12379500
NIFTY-I.NFO,12/05/2025,09:37:14,24702.6,24701,3750,24702.6,225,750,12379500
NIFTY-I.NFO,12/05/2025,09:37:15,24702.6,24701.2,75,24705,675,300,12379500
NIFTY-I.NFO,12/05/2025,09:37:17,24705,24701.4,75,24705,225,5100,12379500
NIFTY-I.NFO,12/05/2025,09:37:19,24698.4,24699.9,375,24701.8,150,450,12379500
NIFTY-I.NFO,12/05/2025,09:37:20,24702.7,24702.7,225,24704.8,225,525,12379500
NIFTY-I.NFO,12/05/2025,09:37:22,24702.5,24700,75,24705,675,3075,12379500
NIFTY-I.NFO,12/05/2025,09:37:24,24700,24700,150,24701.8,150,300,12379500
NIFTY-I.NFO,12/05/2025,09:37:25,24701.4,24700,3150,24701.5,150,375,12379500
NIFTY-I.NFO,12/05/2025,09:37:27,24700.1,24700.1,225,24702.6,225,450,12379500
NIFTY-I.NFO,12/05/2025,09:37:29,24700.1,24700.1,300,24703.2,150,750,12379500
NIFTY-I.NFO,12/05/2025,09:37:30,24702,24700.1,675,24702.5,150,1200,12379500
NIFTY-I.NFO,12/05/2025,09:37:32,24703,24702.7,150,24704,75,825,12379500
NIFTY-I.NFO,12/05/2025,09:37:34,24704.8,24702.9,75,24704.9,75,975,12379500
NIFTY-I.NFO,12/05/2025,09:37:35,24705,24705,2025,24705.6,75,3750,12379500
NIFTY-I.NFO,12/05/2025,09:37:37,24705,24705,1800,24705.6,75,300,12379500
NIFTY-I.NFO,12/05/2025,09:37:39,24705,24701,3375,24704.3,150,1875,12379500
NIFTY-I.NFO,12/05/2025,09:37:40,24704.2,24701.1,525,24705.6,150,900,12379500
NIFTY-I.NFO,12/05/2025,09:37:42,24701,24701,2700,24704.9,75,375,12379500
NIFTY-I.NFO,12/05/2025,09:37:44,24701,24701,6900,24705,225,675,12379500
NIFTY-I.NFO,12/05/2025,09:37:45,24705.3,24705,2175,24705.4,75,975,12379500
NIFTY-I.NFO,12/05/2025,09:37:47,24705.1,24705,2100,24705.2,150,375,12379500
NIFTY-I.NFO,12/05/2025,09:37:49,24701,24701,6525,24703.6,150,3075,12379500
NIFTY-I.NFO,12/05/2025,09:37:50,24705,24702,75,24705,1200,5475,12379500
NIFTY-I.NFO,12/05/2025,09:37:52,24700.6,24695,75,24700.7,225,6975,12379500
NIFTY-I.NFO,12/05/2025,09:37:54,24695,24696.6,600,24700,525,450,12379500
NIFTY-I.NFO,12/05/2025,09:37:55,24697.9,24698,75,24700.4,75,525,12379500
NIFTY-I.NFO,12/05/2025,09:37:57,24700.7,24694.9,75,24700.7,75,975,12379500
NIFTY-I.NFO,12/05/2025,09:37:59,24698.2,24698.2,150,24699.9,75,675,12379500
NIFTY-I.NFO,12/05/2025,09:38:00,24699.3,24694.5,75,24699.3,75,675,12379500
NIFTY-I.NFO,12/05/2025,09:38:02,24695.5,24694.5,75,24699.8,75,675,12379500
NIFTY-I.NFO,12/05/2025,09:38:04,24694,24694.5,150,24699.8,75,375,12379500
NIFTY-I.NFO,12/05/2025,09:38:05,24693.7,24693.7,300,24699.7,150,1350,12379500
NIFTY-I.NFO,12/05/2025,09:38:07,24700.8,24694.2,75,24701.3,300,7800,12379500
NIFTY-I.NFO,12/05/2025,09:38:09,24694.9,24698.2,225,24701.6,150,3000,12379500
NIFTY-I.NFO,12/05/2025,09:38:10,24700.8,24698.3,150,24700,225,675,12379500
NIFTY-I.NFO,12/05/2025,09:38:12,24700,24699.8,150,24700.6,75,900,12379500
NIFTY-I.NFO,12/05/2025,09:38:14,24700.8,24699.1,75,24700.8,750,900,12379500
NIFTY-I.NFO,12/05/2025,09:38:15,24699.7,24697,750,24700,300,1575,12379500
NIFTY-I.NFO,12/05/2025,09:38:17,24699.8,24697,150,24699.8,825,975,12379500
NIFTY-I.NFO,12/05/2025,09:38:19,24697.3,24697.3,750,24699.7,150,75,12379500
NIFTY-I.NFO,12/05/2025,09:38:20,24699,24697.7,750,24700,1950,750,12379500
NIFTY-I.NFO,12/05/2025,09:38:22,24700,24700,1950,24700.1,150,2625,12379500
NIFTY-I.NFO,12/05/2025,09:38:24,24700,24700,1125,24700.2,150,1650,12379500
NIFTY-I.NFO,12/05/2025,09:38:25,24699.9,24699.9,75,24700,375,2400,12379500
NIFTY-I.NFO,12/05/2025,09:38:27,24697.2,24697.2,600,24698.1,75,975,12379500
NIFTY-I.NFO,12/05/2025,09:38:29,24696.2,24696.1,375,24698.7,150,1425,12379500
NIFTY-I.NFO,12/05/2025,09:38:30,24697.6,24696.6,150,24698.8,75,300,12379500
NIFTY-I.NFO,12/05/2025,09:38:32,24698.4,24698,75,24698.5,75,750,12379500
NIFTY-I.NFO,12/05/2025,09:38:34,24697.5,24697.5,150,24697.6,75,2325,12379500
NIFTY-I.NFO,12/05/2025,09:38:35,24697.7,24694.5,150,24697.5,375,600,12379500
NIFTY-I.NFO,12/05/2025,09:38:37,24693.1,24693.1,75,24698.7,150,5400,12379500
NIFTY-I.NFO,12/05/2025,09:38:39,24693.1,24691.2,1425,24693.8,450,1200,12379500
NIFTY-I.NFO,12/05/2025,09:38:40,24691,24691,300,24691.9,150,1875,12379500
NIFTY-I.NFO,12/05/2025,09:38:42,24691,24690.1,1200,24691.9,150,750,12379500
NIFTY-I.NFO,12/05/2025,09:38:44,24692.1,24692.1,150,24692.2,75,900,12379500
NIFTY-I.NFO,12/05/2025,09:38:45,24693.8,24692,225,24693.8,75,1350,12379500
NIFTY-I.NFO,12/05/2025,09:38:47,24690,24690.1,150,24691.9,75,1725,12379500
NIFTY-I.NFO,12/05/2025,09:38:49,24690,24690.1,75,24692,750,1125,12379500
NIFTY-I.NFO,12/05/2025,09:38:51,24690,24690,1275,24691.8,75,975,12379500
NIFTY-I.NFO,12/05/2025,09:38:52,24690,24690,975,24691,225,375,12379500
NIFTY-I.NFO,12/05/2025,09:38:54,24689.5,24688,900,24690,150,1950,12379500
NIFTY-I.NFO,12/05/2025,09:38:56,24691,24690.4,75,24691.6,375,1725,12379500
NIFTY-I.NFO,12/05/2025,09:38:57,24694.2,24694.2,75,24695,75,2400,12379500
NIFTY-I.NFO,12/05/2025,09:38:59,24693,24693,75,24694.5,375,300,12379500
NIFTY-I.NFO,12/05/2025,09:39:01,24694.6,24694.6,225,24694.8,75,900,12379500
NIFTY-I.NFO,12/05/2025,09:39:02,24694.6,24695.2,300,24695.8,75,2625,12379500
NIFTY-I.NFO,12/05/2025,09:39:04,24694.5,24694.5,150,24695.2,75,3000,12379500
NIFTY-I.NFO,12/05/2025,09:39:06,24692,24692,75,24694.6,675,1800,12379500
NIFTY-I.NFO,12/05/2025,09:39:07,24692.8,24693.1,150,24694.4,75,525,12379500
NIFTY-I.NFO,12/05/2025,09:39:09,24694.2,24693.2,525,24694.2,75,750,12379500
NIFTY-I.NFO,12/05/2025,09:39:11,24694.1,24694,75,24694.4,150,1125,12379500
NIFTY-I.NFO,12/05/2025,09:39:12,24692,24692,4500,24694,150,1350,12379500
NIFTY-I.NFO,12/05/2025,09:39:14,24692,24692,3750,24693.9,75,1050,12379500
NIFTY-I.NFO,12/05/2025,09:39:16,24694.3,24692,3450,24694.3,75,1200,12379500
NIFTY-I.NFO,12/05/2025,09:39:17,24694,24694.3,225,24694.4,150,825,12379500
NIFTY-I.NFO,12/05/2025,09:39:19,24692,24692,3300,24694.4,150,1350,12379500
NIFTY-I.NFO,12/05/2025,09:39:21,24692,24692,2625,24692.5,150,1350,12379500
NIFTY-I.NFO,12/05/2025,09:39:22,24693.8,24691,75,24694,1875,3975,12379500
NIFTY-I.NFO,12/05/2025,09:39:24,24692,24690.7,75,24692,1500,1875,12379500
NIFTY-I.NFO,12/05/2025,09:39:26,24691.7,24691.7,75,24691.8,75,750,12379500
NIFTY-I.NFO,12/05/2025,09:39:27,24692,24690,525,24690.7,75,1050,12379500
NIFTY-I.NFO,12/05/2025,09:39:29,24690,24690,225,24691,1200,750,12379500
NIFTY-I.NFO,12/05/2025,09:39:31,24691.7,24691.1,75,24692,2175,2925,12447000
NIFTY-I.NFO,12/05/2025,09:39:32,24691.1,24691.1,75,24693.6,150,4575,12447000
NIFTY-I.NFO,12/05/2025,09:39:34,24691,24691,3075,24693.7,75,1950,12447000
NIFTY-I.NFO,12/05/2025,09:39:36,24691,24691,2550,24693.9,300,1125,12447000
NIFTY-I.NFO,12/05/2025,09:39:37,24694.3,24691,2175,24694.2,75,1350,12447000
NIFTY-I.NFO,12/05/2025,09:39:39,24695,24695,1575,24695.3,225,5625,12447000
NIFTY-I.NFO,12/05/2025,09:39:41,24695,24695,150,24695.1,150,2625,12447000
NIFTY-I.NFO,12/05/2025,09:39:42,24695,24695,1575,24696,375,3600,12447000
NIFTY-I.NFO,12/05/2025,09:39:44,24696.4,24695,1275,24697.2,75,2625,12447000
NIFTY-I.NFO,12/05/2025,09:39:46,24695,24695,525,24696.8,525,750,12447000
NIFTY-I.NFO,12/05/2025,09:39:47,24696,24696,1425,24696.6,300,1725,12447000
NIFTY-I.NFO,12/05/2025,09:39:49,24696,24696,75,24696.6,75,1425,12447000
NIFTY-I.NFO,12/05/2025,09:39:51,24696,24695,1650,24696,150,2175,12447000
NIFTY-I.NFO,12/05/2025,09:39:52,24696,24695.1,150,24696,150,300,12447000
NIFTY-I.NFO,12/05/2025,09:39:54,24697.3,24695,1125,24697.2,375,3450,12447000
NIFTY-I.NFO,12/05/2025,09:39:56,24696.4,24695,825,24696.2,150,1500,12447000
NIFTY-I.NFO,12/05/2025,09:39:57,24695,24695,1650,24695.1,150,1275,12447000
NIFTY-I.NFO,12/05/2025,09:39:59,24696.2,24695,1125,24695.3,150,900,12447000
NIFTY-I.NFO,12/05/2025,09:40:01,24695.1,24695.1,75,24696.4,225,675,12447000
NIFTY-I.NFO,12/05/2025,09:40:02,24695,24695,300,24695.1,1650,5850,12447000
NIFTY-I.NFO,12/05/2025,09:40:04,24695,24695,225,24695.1,2850,9075,12447000
NIFTY-I.NFO,12/05/2025,09:40:06,24700,24695.9,600,24700,2850,7650,12447000
NIFTY-I.NFO,12/05/2025,09:40:07,24695,24694.8,150,24699.9,150,1275,12447000
NIFTY-I.NFO,12/05/2025,09:40:09,24699.9,24699.9,75,24700,3000,2550,12447000
NIFTY-I.NFO,12/05/2025,09:40:11,24700.6,24700.6,2400,24702.6,375,5400,12447000
NIFTY-I.NFO,12/05/2025,09:40:12,24702.5,24702.3,3675,24702.6,150,4800,12447000
NIFTY-I.NFO,12/05/2025,09:40:14,24699.9,24699.9,3900,24700.9,75,6900,12447000
NIFTY-I.NFO,12/05/2025,09:40:16,24701.3,24695.5,75,24700.7,225,6975,12447000
NIFTY-I.NFO,12/05/2025,09:40:17,24698,24695.8,75,24698,7575,10650,12447000
NIFTY-I.NFO,12/05/2025,09:40:19,24702.6,24702.6,2550,24702.7,75,8025,12447000
NIFTY-I.NFO,12/05/2025,09:40:21,24702.1,24696.7,75,24702,150,3300,12447000
NIFTY-I.NFO,12/05/2025,09:40:22,24701.9,24701.9,825,24702,75,3450,12447000
NIFTY-I.NFO,12/05/2025,09:40:24,24705,24701.9,225,24705,750,3825,12447000
NIFTY-I.NFO,12/05/2025,09:40:26,24706.9,24700.4,150,24707,75,3000,12447000
NIFTY-I.NFO,12/05/2025,09:40:27,24705.2,24705.2,75,24705.5,75,900,12447000
NIFTY-I.NFO,12/05/2025,09:40:29,24706,24700.7,450,24707.3,75,1875,12447000
NIFTY-I.NFO,12/05/2025,09:40:31,24702,24702,300,24706.4,150,1500,12447000
NIFTY-I.NFO,12/05/2025,09:40:32,24704.7,24702,525,24704.7,300,1800,12447000
NIFTY-I.NFO,12/05/2025,09:40:34,24702.5,24695.7,75,24702.4,75,3225,12447000
NIFTY-I.NFO,12/05/2025,09:40:36,24698.4,24698.4,75,24698.9,75,750,12447000
NIFTY-I.NFO,12/05/2025,09:40:37,24701,24700,150,24701.8,75,975,12447000
NIFTY-I.NFO,12/05/2025,09:40:39,24700,24698.1,75,24700,225,525,12447000
NIFTY-I.NFO,12/05/2025,09:40:40,24703.6,24699.4,75,24703.7,300,1125,12447000
NIFTY-I.NFO,12/05/2025,09:40:42,24703.7,24696.4,75,24702.6,150,12450,12447000
NIFTY-I.NFO,12/05/2025,09:40:44,24702.8,24702.8,150,24703.1,75,975,12447000
NIFTY-I.NFO,12/05/2025,09:40:46,24695.1,24695.1,300,24702.5,375,1200,12447000
NIFTY-I.NFO,12/05/2025,09:40:47,24702.9,24702.9,75,24703.4,375,825,12447000
NIFTY-I.NFO,12/05/2025,09:40:49,24704,24704,150,24704.4,375,750,12447000
NIFTY-I.NFO,12/05/2025,09:40:51,24704.3,24704,75,24704.3,150,2325,12447000
NIFTY-I.NFO,12/05/2025,09:40:52,24703.6,24703.6,225,24705,300,1425,12447000
NIFTY-I.NFO,12/05/2025,09:40:54,24704,24703.6,225,24705,150,375,12447000
NIFTY-I.NFO,12/05/2025,09:40:56,24704.9,24700.5,75,24704.9,75,1050,12447000
NIFTY-I.NFO,12/05/2025,09:40:57,24705,24700.9,150,24706.4,300,150,12447000
NIFTY-I.NFO,12/05/2025,09:40:59,24699.2,24699.8,375,24702.6,75,1725,12447000
NIFTY-I.NFO,12/05/2025,09:41:01,24699.7,24699.3,75,24700,75,3000,12447000
NIFTY-I.NFO,12/05/2025,09:41:02,24700,24699,525,24705,150,4875,12447000
NIFTY-I.NFO,12/05/2025,09:41:04,24700,24699.2,75,24700,150,300,12447000
NIFTY-I.NFO,12/05/2025,09:41:06,24699.2,24696,150,24699.2,225,225,12447000
NIFTY-I.NFO,12/05/2025,09:41:07,24699.2,24694,150,24699.2,150,2550,12447000
NIFTY-I.NFO,12/05/2025,09:41:09,24699.2,24696.8,375,24699.2,150,0,12447000
NIFTY-I.NFO,12/05/2025,09:41:11,24696.9,24696.9,675,24699.6,150,675,12447000
NIFTY-I.NFO,12/05/2025,09:41:12,24696.9,24696.9,150,24698.8,75,750,12447000
NIFTY-I.NFO,12/05/2025,09:41:14,24691.8,24692.1,150,24698.5,150,1050,12447000
NIFTY-I.NFO,12/05/2025,09:41:16,24690.4,24691.2,75,24696.3,75,2700,12447000
NIFTY-I.NFO,12/05/2025,09:41:17,24690.9,24691.5,300,24697.4,150,600,12447000
NIFTY-I.NFO,12/05/2025,09:41:19,24691.2,24691.5,75,24695,600,150,12447000
NIFTY-I.NFO,12/05/2025,09:41:21,24695,24690.8,150,24695,375,750,12447000
NIFTY-I.NFO,12/05/2025,09:41:22,24696,24696,75,24698,75,825,12447000
NIFTY-I.NFO,12/05/2025,09:41:24,24698,24692.7,450,24695.9,150,450,12447000
NIFTY-I.NFO,12/05/2025,09:41:26,24692.3,24691.6,75,24696,225,450,12447000
NIFTY-I.NFO,12/05/2025,09:41:27,24692.7,24692.7,75,24696,225,600,12447000
NIFTY-I.NFO,12/05/2025,09:41:29,24693.2,24693.2,300,24695,75,1425,12447000
NIFTY-I.NFO,12/05/2025,09:41:31,24695,24694.4,75,24695.9,75,150,12447000
NIFTY-I.NFO,12/05/2025,09:41:32,24693.7,24692.7,75,24695.9,75,300,12447000
NIFTY-I.NFO,12/05/2025,09:41:34,24692.7,24692.6,75,24697.2,75,750,12447000
NIFTY-I.NFO,12/05/2025,09:41:36,24692.6,24692.3,150,24697.2,150,750,12447000
NIFTY-I.NFO,12/05/2025,09:41:37,24696.7,24692.3,150,24696.8,375,225,12447000
NIFTY-I.NFO,12/05/2025,09:41:39,24692.3,24692.6,150,24693.6,75,300,12447000
NIFTY-I.NFO,12/05/2025,09:41:41,24692.4,24692.3,75,24693.7,1050,450,12447000
NIFTY-I.NFO,12/05/2025,09:41:42,24691.9,24691.8,150,24692,600,225,12447000
NIFTY-I.NFO,12/05/2025,09:41:44,24692.2,24692,150,24693.7,1050,1050,12447000
NIFTY-I.NFO,12/05/2025,09:41:46,24693.7,24693.6,300,24693.7,1050,150,12447000
NIFTY-I.NFO,12/05/2025,09:41:47,24693.6,24692.4,75,24693.5,150,675,12447000
NIFTY-I.NFO,12/05/2025,09:41:49,24693.5,24692,75,24693.6,75,375,12447000
NIFTY-I.NFO,12/05/2025,09:41:51,24691.6,24691.6,75,24693.4,75,225,12447000
NIFTY-I.NFO,12/05/2025,09:41:52,24693.3,24691.1,75,24693.4,150,300,12447000
NIFTY-I.NFO,12/05/2025,09:41:54,24690.2,24690.1,1500,24691.6,150,2175,12447000
NIFTY-I.NFO,12/05/2025,09:41:56,24690.1,24690.1,1425,24692.3,225,450,12447000
NIFTY-I.NFO,12/05/2025,09:41:57,24690.2,24690.1,1575,24692.2,75,150,12447000
NIFTY-I.NFO,12/05/2025,09:41:59,24693.6,24693.7,75,24695,150,4050,12447000
NIFTY-I.NFO,12/05/2025,09:42:01,24695.8,24692.3,150,24695.8,300,2025,12447000
NIFTY-I.NFO,12/05/2025,09:42:02,24693.5,24693.1,75,24697.7,150,5325,12447000
NIFTY-I.NFO,12/05/2025,09:42:04,24697,24690.5,75,24696.5,150,375,12447000
NIFTY-I.NFO,12/05/2025,09:42:06,24690.3,24690.1,1500,24690.5,150,375,12447000
NIFTY-I.NFO,12/05/2025,09:42:07,24691.8,24691.8,75,24691.9,300,1050,12447000
NIFTY-I.NFO,12/05/2025,09:42:09,24691.9,24691.8,450,24691.9,150,450,12447000
NIFTY-I.NFO,12/05/2025,09:42:11,24692.8,24691.9,150,24693.1,75,825,12447000
NIFTY-I.NFO,12/05/2025,09:42:12,24695.3,24690.1,150,24695.6,75,7950,12447000
NIFTY-I.NFO,12/05/2025,09:42:14,24690,24689.9,225,24695.6,375,6750,12447000
NIFTY-I.NFO,12/05/2025,09:42:16,24694.2,24690.6,75,24694.2,375,525,12447000
NIFTY-I.NFO,12/05/2025,09:42:17,24693.2,24690.7,150,24693.8,150,375,12447000
NIFTY-I.NFO,12/05/2025,09:42:19,24692.1,24692.2,225,24695,75,1050,12447000
NIFTY-I.NFO,12/05/2025,09:42:21,24691.7,24691.5,75,24694.9,150,300,12447000
NIFTY-I.NFO,12/05/2025,09:42:22,24695.6,24695.6,600,24695.7,150,1125,12447000
NIFTY-I.NFO,12/05/2025,09:42:24,24695.6,24695.6,150,24695.7,150,450,12447000
NIFTY-I.NFO,12/05/2025,09:42:26,24695.6,24695.6,150,24695.8,75,2550,12447000
NIFTY-I.NFO,12/05/2025,09:42:27,24695.6,24695.6,75,24695.7,75,525,12447000
NIFTY-I.NFO,12/05/2025,09:42:29,24693.3,24693.2,75,24694.7,150,675,12447000
NIFTY-I.NFO,12/05/2025,09:42:31,24691,24690.3,150,24690.6,300,7575,12516825
NIFTY-I.NFO,12/05/2025,09:42:32,24690.2,24690,375,24690.5,75,2175,12516825
NIFTY-I.NFO,12/05/2025,09:42:34,24690,24690.1,150,24690.6,525,300,12516825
NIFTY-I.NFO,12/05/2025,09:42:36,24690.1,24690,150,24690.6,525,150,12516825
NIFTY-I.NFO,12/05/2025,09:42:37,24686,24685.6,1425,24687,450,900,12516825
NIFTY-I.NFO,12/05/2025,09:42:39,24682.5,24682.3,75,24684.9,75,2775,12516825
NIFTY-I.NFO,12/05/2025,09:42:41,24681,24681,19350,24684.1,150,975,12516825
NIFTY-I.NFO,12/05/2025,09:42:42,24681,24681,18075,24684.1,150,1425,12516825
NIFTY-I.NFO,12/05/2025,09:42:44,24681,24681,17250,24684.7,75,1725,12516825
NIFTY-I.NFO,12/05/2025,09:42:46,24681.4,24684.8,750,24685,750,1725,12516825
NIFTY-I.NFO,12/05/2025,09:42:47,24685,24683.3,75,24685,300,2325,12516825
NIFTY-I.NFO,12/05/2025,09:42:49,24685,24684.1,150,24685,225,3525,12516825
NIFTY-I.NFO,12/05/2025,09:42:51,24683.7,24683.6,75,24683.7,150,600,12516825
NIFTY-I.NFO,12/05/2025,09:42:52,24685,24682.5,225,24685,525,975,12516825
NIFTY-I.NFO,12/05/2025,09:42:54,24684.8,24684.8,150,24685,1050,600,12516825
NIFTY-I.NFO,12/05/2025,09:42:56,24683.7,24681.8,75,24682.6,525,450,12516825
NIFTY-I.NFO,12/05/2025,09:42:57,24682.4,24681,15000,24682.5,225,900,12516825
NIFTY-I.NFO,12/05/2025,09:42:59,24682.6,24681.8,225,24682.6,300,1425,12516825
NIFTY-I.NFO,12/05/2025,09:43:01,24682.6,24682.6,75,24685,450,17325,12516825
NIFTY-I.NFO,12/05/2025,09:43:02,24692.5,24686.1,75,24693.1,75,15675,12516825
NIFTY-I.NFO,12/05/2025,09:43:04,24687.5,24685.7,75,24692.8,600,8175,12516825
NIFTY-I.NFO,12/05/2025,09:43:06,24685.6,24685.6,75,24692.6,300,825,12516825
NIFTY-I.NFO,12/05/2025,09:43:07,24687.4,24687,75,24690.5,150,450,12516825
NIFTY-I.NFO,12/05/2025,09:43:09,24687.4,24687.4,150,24690.4,150,0,12516825
NIFTY-I.NFO,12/05/2025,09:43:11,24690,24687.6,150,24691,75,750,12516825
NIFTY-I.NFO,12/05/2025,09:43:12,24689.1,24689.1,900,24692.5,75,375,12516825
NIFTY-I.NFO,12/05/2025,09:43:14,24690,24689.2,900,24691.9,150,825,12516825
NIFTY-I.NFO,12/05/2025,09:43:16,24691.5,24689.5,600,24691.5,75,675,12516825
NIFTY-I.NFO,12/05/2025,09:43:17,24691.5,24691.5,75,24691.9,150,1350,12516825
NIFTY-I.NFO,12/05/2025,09:43:19,24691.5,24691.5,75,24692,75,525,12516825
NIFTY-I.NFO,12/05/2025,09:43:21,24690,24690,75,24692,75,375,12516825
NIFTY-I.NFO,12/05/2025,09:43:22,24692,24687.4,75,24690.9,75,450,12516825
NIFTY-I.NFO,12/05/2025,09:43:24,24690.9,24690,450,24692,225,75,12516825
NIFTY-I.NFO,12/05/2025,09:43:26,24690,24690,375,24692,225,75,12516825
NIFTY-I.NFO,12/05/2025,09:43:27,24690,24687.4,75,24690.7,450,375,12516825
NIFTY-I.NFO,12/05/2025,09:43:29,24685,24685,75,24687.6,150,975,12516825
NIFTY-I.NFO,12/05/2025,09:43:31,24688.4,24684.9,75,24688.7,75,1125,12516825
NIFTY-I.NFO,12/05/2025,09:43:32,24689.9,24685,150,24690,375,525,12516825
NIFTY-I.NFO,12/05/2025,09:43:34,24689.8,24685,75,24689.8,75,525,12516825
NIFTY-I.NFO,12/05/2025,09:43:36,24689.8,24685,150,24688.6,75,0,12516825
NIFTY-I.NFO,12/05/2025,09:43:37,24685,24684.5,150,24685,10650,1800,12516825
NIFTY-I.NFO,12/05/2025,09:43:39,24684.5,24684.3,75,24684.5,9750,1800,12516825
NIFTY-I.NFO,12/05/2025,09:43:41,24684.5,24684.3,300,24684.5,8175,1725,12516825
NIFTY-I.NFO,12/05/2025,09:43:42,24684.5,24682.4,75,24684.5,7575,975,12516825
NIFTY-I.NFO,12/05/2025,09:43:44,24683.7,24682,75,24683.7,600,675,12516825
NIFTY-I.NFO,12/05/2025,09:43:46,24681.1,24681,13950,24683.7,675,225,12516825
NIFTY-I.NFO,12/05/2025,09:43:47,24681,24681,4800,24682.4,150,9225,12516825
NIFTY-I.NFO,12/05/2025,09:43:49,24681.3,24681.3,825,24683.7,600,825,12516825
NIFTY-I.NFO,12/05/2025,09:43:51,24683.7,24681.3,825,24683.7,1125,1275,12516825
NIFTY-I.NFO,12/05/2025,09:43:52,24679.6,24679.2,225,24680,2850,8325,12516825
NIFTY-I.NFO,12/05/2025,09:43:54,24678.8,24678.5,225,24679.9,75,750,12516825
NIFTY-I.NFO,12/05/2025,09:43:56,24675.4,24673.2,75,24675.5,225,2250,12516825
NIFTY-I.NFO,12/05/2025,09:43:57,24673.1,24673.4,300,24678.4,150,1125,12516825
NIFTY-I.NFO,12/05/2025,09:43:59,24673.4,24673.2,75,24675,75,1650,12516825
NIFTY-I.NFO,12/05/2025,09:44:01,24675,24672.5,75,24675,2850,525,12516825
NIFTY-I.NFO,12/05/2025,09:44:02,24680.1,24673.7,150,24679.3,600,13350,12516825
NIFTY-I.NFO,12/05/2025,09:44:04,24678,24679.6,150,24680,75,13950,12516825
NIFTY-I.NFO,12/05/2025,09:44:06,24681.1,24681.1,150,24683,975,3975,12516825
NIFTY-I.NFO,12/05/2025,09:44:07,24680,24676.4,75,24682.5,150,33225,12516825
NIFTY-I.NFO,12/05/2025,09:44:09,24678.8,24677.5,150,24678.8,75,525,12516825
NIFTY-I.NFO,12/05/2025,09:44:11,24676.3,24676,150,24678.8,75,525,12516825
NIFTY-I.NFO,12/05/2025,09:44:12,24676,24676,75,24678.8,75,75,12516825
NIFTY-I.NFO,12/05/2025,09:44:14,24675.6,24675.6,75,24678.3,150,1200,12516825
NIFTY-I.NFO,12/05/2025,09:44:16,24675.6,24675,75,24675.8,225,75,12516825
NIFTY-I.NFO,12/05/2025,09:44:17,24672.6,24672.6,150,24675.8,75,375,12516825
NIFTY-I.NFO,12/05/2025,09:44:19,24676.1,24673.7,75,24677.9,150,2400,12516825
NIFTY-I.NFO,12/05/2025,09:44:21,24675,24672.8,75,24675.5,225,375,12516825
NIFTY-I.NFO,12/05/2025,09:44:22,24673.7,24672.8,150,24673.7,150,525,12516825
NIFTY-I.NFO,12/05/2025,09:44:24,24672.8,24671.7,300,24673.7,150,600,12516825
NIFTY-I.NFO,12/05/2025,09:44:26,24672,24672,150,24673.7,150,225,12516825
NIFTY-I.NFO,12/05/2025,09:44:27,24668,24666.6,75,24668,225,4500,12516825
NIFTY-I.NFO,12/05/2025,09:44:29,24670.7,24668.1,75,24671,75,825,12516825
NIFTY-I.NFO,12/05/2025,09:44:31,24668,24666.6,300,24668.1,75,450,12516825
NIFTY-I.NFO,12/05/2025,09:44:32,24669.1,24669.1,75,24670,750,1650,12516825
NIFTY-I.NFO,12/05/2025,09:44:34,24673.7,24671.9,825,24675,150,2625,12516825
NIFTY-I.NFO,12/05/2025,09:44:36,24676,24674.8,675,24676.1,450,750,12516825
NIFTY-I.NFO,12/05/2025,09:44:37,24675.8,24676.4,150,24678,900,3525,12516825
NIFTY-I.NFO,12/05/2025,09:44:39,24677,24677.9,300,24678,525,975,12516825
NIFTY-I.NFO,12/05/2025,09:44:41,24679,24678.9,225,24679,75,975,12516825
NIFTY-I.NFO,12/05/2025,09:44:42,24676.4,24676.9,300,24678,75,2100,12516825
NIFTY-I.NFO,12/05/2025,09:44:44,24677.9,24677.5,75,24678.9,75,375,12516825
NIFTY-I.NFO,12/05/2025,09:44:46,24678,24677.3,225,24680,1050,2250,12516825
NIFTY-I.NFO,12/05/2025,09:44:47,24679,24677.3,75,24679.8,225,375,12516825
NIFTY-I.NFO,12/05/2025,09:44:49,24675,24674.8,525,24675,2325,4875,12516825
NIFTY-I.NFO,12/05/2025,09:44:51,24674.8,24674.8,150,24675,1125,1875,12516825
NIFTY-I.NFO,12/05/2025,09:44:52,24679.7,24676.5,75,24679.7,75,3225,12516825
NIFTY-I.NFO,12/05/2025,09:44:54,24677.9,24677.5,75,24678,75,1050,12516825
NIFTY-I.NFO,12/05/2025,09:44:56,24678.5,24677.3,75,24677.9,75,1575,12516825
NIFTY-I.NFO,12/05/2025,09:44:58,24676.8,24676.8,300,24678.5,300,900,12516825
NIFTY-I.NFO,12/05/2025,09:44:59,24677,24676.9,75,24678.5,300,300,12516825
NIFTY-I.NFO,12/05/2025,09:45:01,24680,24676.9,450,24680,1200,675,12516825
NIFTY-I.NFO,12/05/2025,09:45:03,24680,24680,1425,24683.9,300,3075,12516825
NIFTY-I.NFO,12/05/2025,09:45:04,24680,24680.4,150,24685,600,2250,12516825
NIFTY-I.NFO,12/05/2025,09:45:06,24685,24680.7,225,24685,450,750,12516825
NIFTY-I.NFO,12/05/2025,09:45:08,24685,24682.7,150,24685.4,150,525,12516825
NIFTY-I.NFO,12/05/2025,09:45:09,24683.4,24683.3,150,24685,150,1350,12516825
NIFTY-I.NFO,12/05/2025,09:45:11,24689.4,24685,150,24689.7,300,600,12516825
NIFTY-I.NFO,12/05/2025,09:45:13,24685,24685.1,150,24686.4,75,1125,12516825
NIFTY-I.NFO,12/05/2025,09:45:14,24689.9,24685.1,300,24689.9,225,300,12516825
NIFTY-I.NFO,12/05/2025,09:45:16,24689.8,24689.8,525,24690,600,1050,12516825
NIFTY-I.NFO,12/05/2025,09:45:18,24684.2,24689.8,225,24690,225,2775,12516825
NIFTY-I.NFO,12/05/2025,09:45:19,24685,24684.7,75,24689.2,300,525,12516825
NIFTY-I.NFO,12/05/2025,09:45:21,24684.9,24685,150,24689.6,375,75,12516825
NIFTY-I.NFO,12/05/2025,09:45:23,24685.1,24685,450,24689.4,225,825,12516825
NIFTY-I.NFO,12/05/2025,09:45:24,24685,24685,300,24689.4,150,225,12516825
NIFTY-I.NFO,12/05/2025,09:45:26,24685,24685,300,24689.4,150,0,12516825
NIFTY-I.NFO,12/05/2025,09:45:28,24687.7,24685,225,24687.8,225,375,12516825
NIFTY-I.NFO,12/05/2025,09:45:29,24685,24685,75,24685.1,450,975,12516825
NIFTY-I.NFO,12/05/2025,09:45:31,24689.8,24687,75,24689.8,675,1050,12546825
NIFTY-I.NFO,12/05/2025,09:45:33,24689,24689,375,24689.8,375,675,12546825
NIFTY-I.NFO,12/05/2025,09:45:34,24688.6,24684,75,24689.4,375,1050,12546825
NIFTY-I.NFO,12/05/2025,09:45:36,24688,24685,75,24689.9,75,900,12546825
NIFTY-I.NFO,12/05/2025,09:45:38,24685,24685,225,24688.9,75,75,12546825
NIFTY-I.NFO,12/05/2025,09:45:39,24690,24688.6,75,24691,600,1350,12546825
NIFTY-I.NFO,12/05/2025,09:45:41,24688.6,24683.7,75,24689.9,600,825,12546825
NIFTY-I.NFO,12/05/2025,09:45:43,24682.8,24683.7,225,24688,75,225,12546825
NIFTY-I.NFO,12/05/2025,09:45:44,24687.9,24683.8,375,24687.9,75,225,12546825
NIFTY-I.NFO,12/05/2025,09:45:46,24687.9,24683.9,525,24688,150,750,12546825
NIFTY-I.NFO,12/05/2025,09:45:48,24688.7,24684.8,300,24689.9,75,600,12546825
NIFTY-I.NFO,12/05/2025,09:45:49,24688,24685.3,750,24688.6,75,375,12546825
NIFTY-I.NFO,12/05/2025,09:45:51,24687.9,24688.4,75,24688.6,75,150,12546825
NIFTY-I.NFO,12/05/2025,09:45:52,24688.4,24688.4,900,24688.5,75,375,12546825
NIFTY-I.NFO,12/05/2025,09:45:54,24688.5,24688.4,750,24688.6,75,225,12546825
NIFTY-I.NFO,12/05/2025,09:45:56,24689,24688.5,750,24690,525,450,12546825
NIFTY-I.NFO,12/05/2025,09:45:57,24689.9,24688.5,675,24688.6,450,300,12546825
NIFTY-I.NFO,12/05/2025,09:45:59,24692,24689.9,75,24692,75,1350,12546825
NIFTY-I.NFO,12/05/2025,09:46:01,24689,24688.5,150,24693.6,600,1275,12546825
NIFTY-I.NFO,12/05/2025,09:46:02,24686.6,24686.1,375,24692.3,300,1425,12546825
NIFTY-I.NFO,12/05/2025,09:46:04,24688.8,24687.7,75,24693.7,300,525,12546825
NIFTY-I.NFO,12/05/2025,09:46:06,24686,24686.8,675,24688.5,75,600,12546825
NIFTY-I.NFO,12/05/2025,09:46:07,24687.4,24686.5,75,24690.2,75,675,12546825
NIFTY-I.NFO,12/05/2025,09:46:09,24686.7,24686.6,375,24688.5,525,300,12546825
NIFTY-I.NFO,12/05/2025,09:46:11,24685,24684.5,75,24686.6,75,2775,12546825
NIFTY-I.NFO,12/05/2025,09:46:12,24684.8,24684.8,300,24686.6,150,750,12546825
NIFTY-I.NFO,12/05/2025,09:46:14,24685.8,24685.7,75,24686.6,150,375,12546825
NIFTY-I.NFO,12/05/2025,09:46:16,24690.1,24689.8,300,24693.8,75,1350,12546825
NIFTY-I.NFO,12/05/2025,09:46:17,24689.8,24689.8,150,24693.4,300,975,12546825
NIFTY-I.NFO,12/05/2025,09:46:19,24691,24690.9,75,24695,900,1125,12546825
NIFTY-I.NFO,12/05/2025,09:46:21,24690,24689.4,75,24693,75,1200,12546825
NIFTY-I.NFO,12/05/2025,09:46:22,24691,24691,750,24693,75,1575,12546825
NIFTY-I.NFO,12/05/2025,09:46:24,24691,24691,1050,24693,75,0,12546825
NIFTY-I.NFO,12/05/2025,09:46:26,24693,24691,750,24694.6,75,150,12546825
NIFTY-I.NFO,12/05/2025,09:46:27,24691,24691,600,24693.4,75,375,12546825
NIFTY-I.NFO,12/05/2025,09:46:29,24691,24691,150,24693.5,75,525,12546825
NIFTY-I.NFO,12/05/2025,09:46:31,24691,24691,75,24693.4,225,300,12546825
NIFTY-I.NFO,12/05/2025,09:46:32,24689.8,24684.5,150,24689.9,375,600,12546825
NIFTY-I.NFO,12/05/2025,09:46:34,24689.7,24684.2,225,24689.8,75,375,12546825
NIFTY-I.NFO,12/05/2025,09:46:36,24690.9,24685.5,225,24690.9,75,150,12546825
NIFTY-I.NFO,12/05/2025,09:46:37,24691,24689,75,24691,525,225,12546825
NIFTY-I.NFO,12/05/2025,09:46:39,24689.8,24689,75,24691,825,225,12546825
NIFTY-I.NFO,12/05/2025,09:46:41,24692,24690.5,150,24693,75,750,12546825
NIFTY-I.NFO,12/05/2025,09:46:42,24692,24692.1,150,24693,75,0,12546825
NIFTY-I.NFO,12/05/2025,09:46:44,24693,24692.1,75,24695,900,150,12546825
NIFTY-I.NFO,12/05/2025,09:46:46,24693,24692.3,75,24694.7,150,0,12546825
NIFTY-I.NFO,12/05/2025,09:46:47,24692.2,24692.2,75,24695,675,525,12546825
NIFTY-I.NFO,12/05/2025,09:46:49,24694.9,24692.2,75,24695,975,225,12546825
NIFTY-I.NFO,12/05/2025,09:46:51,24691,24691,75,24692.3,75,150,12546825
NIFTY-I.NFO,12/05/2025,09:46:52,24697.6,24691,150,24697,300,4725,12546825
NIFTY-I.NFO,12/05/2025,09:46:54,24691.1,24691,150,24697.6,375,150,12546825
NIFTY-I.NFO,12/05/2025,09:46:56,24696.9,24692,1125,24696,225,450,12546825
NIFTY-I.NFO,12/05/2025,09:46:57,24692,24692,450,24693.8,225,675,12546825
NIFTY-I.NFO,12/05/2025,09:46:59,24687.8,24687.5,375,24693.3,300,1575,12546825
NIFTY-I.NFO,12/05/2025,09:47:01,24686.9,24687.2,75,24693.2,375,300,12546825
NIFTY-I.NFO,12/05/2025,09:47:02,24692.5,24687.5,150,24690,150,1125,12546825
NIFTY-I.NFO,12/05/2025,09:47:04,24687.6,24687.6,225,24690,150,375,12546825
NIFTY-I.NFO,12/05/2025,09:47:06,24694.9,24689.8,300,24694.1,75,225,12546825
NIFTY-I.NFO,12/05/2025,09:47:07,24689.8,24689.8,150,24691.5,225,150,12546825
NIFTY-I.NFO,12/05/2025,09:47:09,24684.1,24684.1,75,24687.1,675,2175,12546825
NIFTY-I.NFO,12/05/2025,09:47:11,24681,24681.6,150,24687.7,525,9525,12546825
NIFTY-I.NFO,12/05/2025,09:47:12,24687.7,24682.9,150,24689,375,375,12546825
NIFTY-I.NFO,12/05/2025,09:47:14,24688.1,24684.1,150,24688.2,525,225,12546825
NIFTY-I.NFO,12/05/2025,09:47:16,24684.1,24684.1,75,24687.9,525,150,12546825
NIFTY-I.NFO,12/05/2025,09:47:17,24684.1,24684.2,75,24689,525,0,12546825
NIFTY-I.NFO,12/05/2025,09:47:19,24688.5,24684.2,150,24688,450,225,12546825
NIFTY-I.NFO,12/05/2025,09:47:21,24688,24685.3,150,24688.1,375,150,12546825
NIFTY-I.NFO,12/05/2025,09:47:22,24688.1,24685.3,150,24688.1,300,75,12546825
NIFTY-I.NFO,12/05/2025,09:47:24,24683.8,24684.2,75,24688.1,225,525,12546825
NIFTY-I.NFO,12/05/2025,09:47:26,24683.8,24684.8,150,24688.1,225,0,12546825
NIFTY-I.NFO,12/05/2025,09:47:27,24687,24684,150,24687.3,150,150,12546825
NIFTY-I.NFO,12/05/2025,09:47:29,24689,24689,225,24690,525,750,12546825
NIFTY-I.NFO,12/05/2025,09:47:31,24685.9,24687.3,75,24690,75,225,12546825
NIFTY-I.NFO,12/05/2025,09:47:32,24690,24690,150,24692,450,75,12546825
NIFTY-I.NFO,12/05/2025,09:47:34,24690.1,24690.4,300,24692.3,75,75,12546825
NIFTY-I.NFO,12/05/2025,09:47:36,24690.4,24690.4,150,24693,150,375,12546825
NIFTY-I.NFO,12/05/2025,09:47:37,24692.2,24688.1,150,24691.7,525,450,12546825
NIFTY-I.NFO,12/05/2025,09:47:39,24687.3,24686.7,450,24690,75,675,12546825
NIFTY-I.NFO,12/05/2025,09:47:41,24690.6,24690,75,24693,150,225,12546825
NIFTY-I.NFO,12/05/2025,09:47:42,24686.4,24686.4,450,24692.6,150,2475,12546825
NIFTY-I.NFO,12/05/2025,09:47:44,24690.6,24687,150,24693,150,3675,12546825
NIFTY-I.NFO,12/05/2025,09:47:46,24692.6,24690.7,450,24692.7,75,825,12546825
NIFTY-I.NFO,12/05/2025,09:47:47,24690.7,24690.6,75,24692.7,75,225,12546825
NIFTY-I.NFO,12/05/2025,09:47:49,24688.6,24689.4,600,24690.7,75,150,12546825
NIFTY-I.NFO,12/05/2025,09:47:51,24693,24693,75,24694,75,600,12546825
NIFTY-I.NFO,12/05/2025,09:47:52,24694.1,24694.1,150,24694.9,1275,825,12546825
NIFTY-I.NFO,12/05/2025,09:47:54,24688.8,24688.7,375,24692.6,75,675,12546825
NIFTY-I.NFO,12/05/2025,09:47:56,24688.8,24688.8,375,24694.1,75,225,12546825
NIFTY-I.NFO,12/05/2025,09:47:57,24688.8,24688.8,375,24691.7,75,0,12546825
NIFTY-I.NFO,12/05/2025,09:47:59,24693.4,24688.6,75,24693.6,375,375,12546825
NIFTY-I.NFO,12/05/2025,09:48:01,24688.6,24689.6,375,24694.1,150,150,12546825
NIFTY-I.NFO,12/05/2025,09:48:02,24688.6,24689.8,150,24694.1,150,0,12546825
NIFTY-I.NFO,12/05/2025,09:48:04,24688.8,24688.8,225,24692.3,75,150,12546825
NIFTY-I.NFO,12/05/2025,09:48:06,24688.8,24688.8,75,24690,150,150,12546825
NIFTY-I.NFO,12/05/2025,09:48:07,24688,24688,300,24688.6,75,150,12546825
NIFTY-I.NFO,12/05/2025,09:48:09,24690,24690,1725,24692.1,75,375,12546825
NIFTY-I.NFO,12/05/2025,09:48:11,24692.1,24692.1,75,24694.1,150,825,12546825
NIFTY-I.NFO,12/05/2025,09:48:12,24694.9,24692.1,1575,24694.9,1200,300,12546825
NIFTY-I.NFO,12/05/2025,09:48:14,24692.1,24692.1,1575,24694.9,1050,225,12546825
NIFTY-I.NFO,12/05/2025,09:48:16,24689.6,24689.7,375,24694.5,150,4650,12546825
NIFTY-I.NFO,12/05/2025,09:48:17,24694,24688.6,525,24694.6,75,2100,12546825
NIFTY-I.NFO,12/05/2025,09:48:19,24689.8,24692.2,150,24694.9,900,2325,12546825
NIFTY-I.NFO,12/05/2025,09:48:21,24692.1,24690,75,24692.8,450,300,12546825
NIFTY-I.NFO,12/05/2025,09:48:22,24694,24687.5,75,24693.7,300,75,12546825
NIFTY-I.NFO,12/05/2025,09:48:24,24693.7,24693.7,225,24694.7,825,75,12546825
NIFTY-I.NFO,12/05/2025,09:48:26,24690.7,24690.8,75,24694.7,75,2550,12546825
NIFTY-I.NFO,12/05/2025,09:48:27,24695,24690.9,300,24695,75,300,12546825
NIFTY-I.NFO,12/05/2025,09:48:29,24695,24694.7,75,24695.1,150,300,12546825
NIFTY-I.NFO,12/05/2025,09:48:31,24693.9,24693.9,525,24695.1,150,225,12567375
NIFTY-I.NFO,12/05/2025,09:48:32,24691,24691,450,24693.9,150,1200,12567375
NIFTY-I.NFO,12/05/2025,09:48:34,24695.1,24691,450,24693.9,150,450,12567375
NIFTY-I.NFO,12/05/2025,09:48:36,24691,24691,375,24693.9,75,150,12567375
NIFTY-I.NFO,12/05/2025,09:48:37,24693.7,24691,375,24693.9,150,75,12567375
NIFTY-I.NFO,12/05/2025,09:48:39,24691,24691,225,24691.7,75,150,12567375
NIFTY-I.NFO,12/05/2025,09:48:41,24691,24691,75,24691.7,75,450,12567375
NIFTY-I.NFO,12/05/2025,09:48:42,24691.7,24691,75,24693.6,300,75,12567375
NIFTY-I.NFO,12/05/2025,09:48:44,24693.9,24691,75,24694.7,150,300,12567375
NIFTY-I.NFO,12/05/2025,09:48:46,24691,24691,150,24693.7,375,150,12567375
NIFTY-I.NFO,12/05/2025,09:48:47,24693.4,24691.2,75,24693.4,225,75,12567375
NIFTY-I.NFO,12/05/2025,09:48:49,24689.2,24689.2,225,24692.2,225,1500,12567375
NIFTY-I.NFO,12/05/2025,09:48:51,24693.8,24691,75,24693.8,525,75,12567375
NIFTY-I.NFO,12/05/2025,09:48:52,24691,24690,75,24693.9,300,75,12567375
NIFTY-I.NFO,12/05/2025,09:48:54,24693,24690,75,24693.4,75,75,12567375
NIFTY-I.NFO,12/05/2025,09:48:56,24692.5,24690,150,24691.9,75,150,12567375
NIFTY-I.NFO,12/05/2025,09:48:57,24689.2,24689.1,75,24692,150,750,12567375
NIFTY-I.NFO,12/05/2025,09:48:59,24688,24688,225,24689.2,450,450,12567375
NIFTY-I.NFO,12/05/2025,09:49:01,24690,24688,600,24690,75,600,12567375
NIFTY-I.NFO,12/05/2025,09:49:02,24688.1,24688.1,225,24690,150,300,12567375
NIFTY-I.NFO,12/05/2025,09:49:04,24688.1,24688.1,225,24689,75,0,12567375
NIFTY-I.NFO,12/05/2025,09:49:06,24688.1,24688.1,75,24689,75,150,12567375
NIFTY-I.NFO,12/05/2025,09:49:07,24689,24688.1,75,24690,300,75,12567375
NIFTY-I.NFO,12/05/2025,09:49:09,24691.8,24688.2,675,24691.1,225,675,12567375
NIFTY-I.NFO,12/05/2025,09:49:11,24688.2,24688.2,525,24689,75,225,12567375
NIFTY-I.NFO,12/05/2025,09:49:13,24689,24689,225,24689.9,525,375,12567375
NIFTY-I.NFO,12/05/2025,09:49:14,24689,24689,75,24689.8,150,225,12567375
NIFTY-I.NFO,12/05/2025,09:49:16,24689.8,24689,225,24689.8,450,825,12567375
NIFTY-I.NFO,12/05/2025,09:49:18,24689.8,24689,225,24689.8,675,0,12567375
NIFTY-I.NFO,12/05/2025,09:49:19,24689.5,24689.4,75,24689.9,75,900,12567375
NIFTY-I.NFO,12/05/2025,09:49:21,24690,24690,75,24691,150,375,12567375
NIFTY-I.NFO,12/05/2025,09:49:23,24690,24690,150,24691,75,0,12567375
NIFTY-I.NFO,12/05/2025,09:49:24,24690,24690,225,24692.8,450,825,12567375
NIFTY-I.NFO,12/05/2025,09:49:26,24687.4,24687,825,24687.4,75,525,12567375
NIFTY-I.NFO,12/05/2025,09:49:28,24687,24688,150,24690.7,150,900,12567375
NIFTY-I.NFO,12/05/2025,09:49:29,24694,24692.2,525,24694.4,75,975,12567375
NIFTY-I.NFO,12/05/2025,09:49:31,24696.8,24696.8,375,24697.6,75,1500,12567375
NIFTY-I.NFO,12/05/2025,09:49:33,24698.1,24698.1,75,24698.3,75,600,12567375
NIFTY-I.NFO,12/05/2025,09:49:34,24697.7,24697.7,75,24698.3,75,450,12567375
NIFTY-I.NFO,12/05/2025,09:49:36,24696.3,24696.3,75,24698.3,75,150,12567375
NIFTY-I.NFO,12/05/2025,09:49:38,24697.4,24697.4,75,24697.7,300,75,12567375
NIFTY-I.NFO,12/05/2025,09:49:39,24693.6,24691.5,525,24696.2,300,225,12567375
NIFTY-I.NFO,12/05/2025,09:49:41,24693.6,24691.8,675,24694,150,0,12567375
NIFTY-I.NFO,12/05/2025,09:49:43,24694,24692,300,24694,75,1575,12567375
NIFTY-I.NFO,12/05/2025,09:49:44,24691.3,24694,75,24697.7,600,525,12567375
NIFTY-I.NFO,12/05/2025,09:49:46,24692,24691.2,375,24696.8,300,1725,12567375
NIFTY-I.NFO,12/05/2025,09:49:48,24696.8,24691.6,225,24696.8,300,450,12567375
