Ticker,Date,Time,LTP,BuyPrice,BuyQty,SellPrice,SellQty,LTQ,OpenInterest
BANKNIFTY-III.NFO,26/11/2024,09:15:00,52899,52933.05,60,52998.95,60,15,136320
BANKNIFTY-III.NFO,26/11/2024,09:15:00,52899,52933.05,60,52998.95,60,0,136320
BANKNIFTY-III.NFO,26/11/2024,09:15:00,52899,52933.05,60,52998.95,60,0,136320
BANKNIFTY-III.NFO,26/11/2024,09:15:00,52899,52933.05,60,52998.95,60,0,136320
BANKNIFTY-III.NFO,26/11/2024,09:15:01,52928,52867.7,45,52977.35,60,120,136320
BANKNIFTY-III.NFO,26/11/2024,09:15:01,52941.8,52867.7,45,52977.35,60,0,136320
BANKNIFTY-III.NFO,26/11/2024,09:15:02,52855.95,52855.95,15,52896.95,60,30,136320
BANKNIFTY-III.NFO,26/11/2024,09:15:02,52855.95,52855.95,15,52896.95,60,0,136320
BANKNIFTY-III.NFO,26/11/2024,09:15:03,52855.95,52812.85,15,52873.2,60,0,136320
BANKNIFTY-III.NFO,26/11/2024,09:15:05,52855.95,52815.6,30,52894.9,60,45,136320
BANKNIFTY-III.NFO,26/11/2024,09:15:05,52815.35,52815.6,30,52894.9,60,0,136320
BANKNIFTY-III.NFO,26/11/2024,09:15:06,52843.25,52829,30,52889.35,60,15,136320
BANKNIFTY-III.NFO,26/11/2024,09:15:08,52843.25,52819.25,30,52850,15,0,136320
BANKNIFTY-III.NFO,26/11/2024,09:15:09,52843.25,52823.45,30,52850,15,0,136320
BANKNIFTY-III.NFO,26/11/2024,09:15:11,52850,52825.5,30,52889.8,60,15,136320
BANKNIFTY-III.NFO,26/11/2024,09:15:12,52889.8,52843.7,15,52897.9,60,15,136320
BANKNIFTY-III.NFO,26/11/2024,09:15:14,52850,52849.2,15,52894.35,90,15,136320
BANKNIFTY-III.NFO,26/11/2024,09:15:15,52830.35,52833.05,150,52891.85,60,45,136320
BANKNIFTY-III.NFO,26/11/2024,09:15:17,52888.2,52840.95,30,52888.05,60,30,136320
BANKNIFTY-III.NFO,26/11/2024,09:15:18,52888.2,52838.2,30,52883.15,60,0,136320
BANKNIFTY-III.NFO,26/11/2024,09:15:20,52888.95,52842.9,45,52888.95,45,30,136320
BANKNIFTY-III.NFO,26/11/2024,09:15:22,52850,52843.3,60,52887.85,60,15,136320
BANKNIFTY-III.NFO,26/11/2024,09:15:23,52850,52846.75,60,52887.95,60,0,136320
BANKNIFTY-III.NFO,26/11/2024,09:15:25,52848.45,52848.45,45,52887.95,60,15,136320
BANKNIFTY-III.NFO,26/11/2024,09:15:26,52848.65,52848.85,30,52887.7,60,15,136320
BANKNIFTY-III.NFO,26/11/2024,09:15:28,52848.65,52838.3,30,52887.6,60,0,136320
BANKNIFTY-III.NFO,26/11/2024,09:15:30,52887.6,52847.6,45,52882.4,60,15,136320
BANKNIFTY-III.NFO,26/11/2024,09:15:31,52887.6,52839.15,75,52887.4,60,0,136320
BANKNIFTY-III.NFO,26/11/2024,09:15:33,52850,52850.05,15,52866,60,225,136320
BANKNIFTY-III.NFO,26/11/2024,09:15:34,52850.15,52850,195,52866.3,60,15,136320
BANKNIFTY-III.NFO,26/11/2024,09:15:36,52850.15,52853.05,15,52879.45,60,0,136320
BANKNIFTY-III.NFO,26/11/2024,09:15:38,52879.45,52853.85,15,52882.45,60,15,136320
BANKNIFTY-III.NFO,26/11/2024,09:15:39,52879.45,52859.75,15,52879.95,75,0,136320
BANKNIFTY-III.NFO,26/11/2024,09:15:41,52879.45,52864.25,15,52879.85,60,0,136320
BANKNIFTY-III.NFO,26/11/2024,09:15:42,52879.45,52864.2,30,52879.85,75,0,136320
BANKNIFTY-III.NFO,26/11/2024,09:15:44,52879.45,52870.35,15,52879.75,75,0,136320
BANKNIFTY-III.NFO,26/11/2024,09:15:46,52879.45,52877.9,15,52879.45,15,0,136320
BANKNIFTY-III.NFO,26/11/2024,09:15:47,52879.45,52866,30,52877.85,60,0,136320
BANKNIFTY-III.NFO,26/11/2024,09:15:49,52877.9,52875.9,15,52877.9,660,90,136320
BANKNIFTY-III.NFO,26/11/2024,09:15:50,52877.95,52877.9,60,52879.45,30,15,136320
BANKNIFTY-III.NFO,26/11/2024,09:15:54,52880,52877.9,60,52887.7,30,75,136635
BANKNIFTY-III.NFO,26/11/2024,09:15:55,52880,52880,135,52887.7,15,15,136635
BANKNIFTY-III.NFO,26/11/2024,09:15:57,52887.7,52880,135,52888,15,15,136635
BANKNIFTY-III.NFO,26/11/2024,09:15:59,52887.7,52880,150,52887.95,15,0,136635
BANKNIFTY-III.NFO,26/11/2024,09:16:00,52880,52880,120,52887.75,60,45,136635
BANKNIFTY-III.NFO,26/11/2024,09:16:02,52880,52880.05,15,52887.55,60,0,136635
BANKNIFTY-III.NFO,26/11/2024,09:16:03,52887.55,52880.05,15,52887.55,60,15,136635
BANKNIFTY-III.NFO,26/11/2024,09:16:05,52887.55,52880.05,15,52887.55,60,0,136635
BANKNIFTY-III.NFO,26/11/2024,09:16:07,52880.05,52880,135,52887.5,75,15,136635
BANKNIFTY-III.NFO,26/11/2024,09:16:08,52880.05,52880,135,52887.5,60,0,136635
BANKNIFTY-III.NFO,26/11/2024,09:16:10,52880.05,52880,150,52887.55,75,0,136635
BANKNIFTY-III.NFO,26/11/2024,09:16:11,52880,52880,75,52880.05,90,75,136635
BANKNIFTY-III.NFO,26/11/2024,09:16:13,52880.05,52880,60,52880.05,60,45,136635
BANKNIFTY-III.NFO,26/11/2024,09:16:14,52877.9,52877.9,15,52879.9,30,105,136635
BANKNIFTY-III.NFO,26/11/2024,09:16:16,52877.9,52877.9,15,52879.9,30,0,136635
BANKNIFTY-III.NFO,26/11/2024,09:16:17,52860.6,52859.55,60,52877.75,30,45,136635
BANKNIFTY-III.NFO,26/11/2024,09:16:19,52877,52856.65,60,52879.25,15,120,136635
BANKNIFTY-III.NFO,26/11/2024,09:16:21,52877,52852.6,15,52878.9,30,0,136635
BANKNIFTY-III.NFO,26/11/2024,09:16:22,52877,52852.95,60,52873.3,90,0,136635
BANKNIFTY-III.NFO,26/11/2024,09:16:24,52877,52850.2,15,52852.95,150,0,136635
BANKNIFTY-III.NFO,26/11/2024,09:16:25,52850,52850.05,15,52852.9,15,30,136635
BANKNIFTY-III.NFO,26/11/2024,09:16:27,52852.95,52850.25,60,52852.95,75,90,136635
BANKNIFTY-III.NFO,26/11/2024,09:16:29,52852.95,52850.05,60,52852.95,30,45,136635
BANKNIFTY-III.NFO,26/11/2024,09:16:30,52850.05,52850.05,60,52852.95,30,15,136635
BANKNIFTY-III.NFO,26/11/2024,09:16:32,52850,52850,135,52850.05,45,150,136635
BANKNIFTY-III.NFO,26/11/2024,09:16:33,52850,52843.8,150,52850,30,135,136635
BANKNIFTY-III.NFO,26/11/2024,09:16:35,52850,52843.8,150,52850,15,15,136635
BANKNIFTY-III.NFO,26/11/2024,09:16:37,52850,52838.55,30,52850,15,0,136635
BANKNIFTY-III.NFO,26/11/2024,09:16:38,52850,52841.1,15,52850,15,0,136635
BANKNIFTY-III.NFO,26/11/2024,09:16:40,52852.85,52844.5,15,52852.95,30,75,136635
BANKNIFTY-III.NFO,26/11/2024,09:16:41,52852.85,52846.9,15,52852.95,30,0,136635
BANKNIFTY-III.NFO,26/11/2024,09:16:43,52852.85,52846.95,15,52852.95,30,15,136635
BANKNIFTY-III.NFO,26/11/2024,09:16:44,52852.85,52845.5,30,52852.95,30,0,136635
BANKNIFTY-III.NFO,26/11/2024,09:16:46,52852.85,52849.25,150,52852.95,30,0,136635
BANKNIFTY-III.NFO,26/11/2024,09:16:48,52852.85,52846.3,165,52852.95,30,0,136635
BANKNIFTY-III.NFO,26/11/2024,09:16:49,52852.85,52849.65,15,52852.95,30,0,136635
BANKNIFTY-III.NFO,26/11/2024,09:16:51,52852.85,52849.15,30,52852.85,30,0,136635
BANKNIFTY-III.NFO,26/11/2024,09:16:52,52852.85,52845.45,15,52852.85,30,0,136635
BANKNIFTY-III.NFO,26/11/2024,09:16:54,52852.85,52844.1,15,52852.85,30,0,136635
BANKNIFTY-III.NFO,26/11/2024,09:16:56,52852.85,52842.05,30,52852.85,30,0,136635
BANKNIFTY-III.NFO,26/11/2024,09:16:57,52852.85,52848.2,15,52852.85,15,225,136635
BANKNIFTY-III.NFO,26/11/2024,09:16:59,52852.85,52852.85,45,52852.95,30,15,136635
BANKNIFTY-III.NFO,26/11/2024,09:17:00,52871.2,52852.85,60,52870.4,45,75,136635
BANKNIFTY-III.NFO,26/11/2024,09:17:02,52871.2,52852.85,60,52868.55,45,0,136635
BANKNIFTY-III.NFO,26/11/2024,09:17:04,52852.85,52852.85,45,52868.1,75,15,136635
BANKNIFTY-III.NFO,26/11/2024,09:17:05,52868.95,52852.9,15,52869.05,75,15,136635
BANKNIFTY-III.NFO,26/11/2024,09:17:07,52868.95,52852.9,15,52867.8,75,0,136635
BANKNIFTY-III.NFO,26/11/2024,09:17:09,52867.8,52852.85,45,52866.55,75,15,136635
BANKNIFTY-III.NFO,26/11/2024,09:17:10,52867.8,52852.85,45,52860.95,60,0,136635
BANKNIFTY-III.NFO,26/11/2024,09:17:12,52860.95,52852.85,45,52860.95,60,15,136635
BANKNIFTY-III.NFO,26/11/2024,09:17:13,52862.25,52852.85,45,52863.85,15,150,136635
BANKNIFTY-III.NFO,26/11/2024,09:17:15,52862.25,52852.85,45,52863.75,30,0,136635
BANKNIFTY-III.NFO,26/11/2024,09:17:17,52862.25,52852.9,45,52867.25,15,0,136635
BANKNIFTY-III.NFO,26/11/2024,09:17:18,52852.9,52852.85,45,52862.25,15,15,136635
BANKNIFTY-III.NFO,26/11/2024,09:17:20,52862.25,52852.9,30,52862.25,15,15,136635
BANKNIFTY-III.NFO,26/11/2024,09:17:25,52862.25,52862.25,450,52866.95,75,45,136635
BANKNIFTY-III.NFO,26/11/2024,09:17:26,52862.25,52862.25,450,52866.95,90,0,136635
BANKNIFTY-III.NFO,26/11/2024,09:17:28,52865.85,52862.25,435,52866.05,75,60,136635
BANKNIFTY-III.NFO,26/11/2024,09:17:29,52862.25,52862.25,405,52863.5,75,30,136635
BANKNIFTY-III.NFO,26/11/2024,09:17:31,52864.5,52862.25,390,52866.2,60,30,136635
BANKNIFTY-III.NFO,26/11/2024,09:17:33,52862.25,52862.25,375,52864.5,60,15,136635
BANKNIFTY-III.NFO,26/11/2024,09:17:34,52862.25,52862.25,360,52864.5,60,15,136635
BANKNIFTY-III.NFO,26/11/2024,09:17:36,52862.25,52862.25,345,52865,15,15,136635
BANKNIFTY-III.NFO,26/11/2024,09:17:37,52865.6,52862.25,345,52868.95,60,30,136635
BANKNIFTY-III.NFO,26/11/2024,09:17:39,52868.55,52862.25,345,52868.85,15,15,136635
BANKNIFTY-III.NFO,26/11/2024,09:17:41,52868.55,52862.25,345,52869.15,15,0,136635
BANKNIFTY-III.NFO,26/11/2024,09:17:42,52868.55,52862.3,60,52871,15,0,136635
BANKNIFTY-III.NFO,26/11/2024,09:17:44,52869.25,52868,90,52873.7,60,15,136635
BANKNIFTY-III.NFO,26/11/2024,09:17:45,52869.25,52868,105,52874.65,75,0,136635
BANKNIFTY-III.NFO,26/11/2024,09:17:47,52869.25,52868,105,52877.25,60,0,136635
BANKNIFTY-III.NFO,26/11/2024,09:17:49,52880.2,52868,105,52877.55,150,345,136635
BANKNIFTY-III.NFO,26/11/2024,09:17:50,52878.6,52868,90,52879.4,270,45,136635
BANKNIFTY-III.NFO,26/11/2024,09:17:52,52877.35,52860.5,75,52878.7,30,240,136635
BANKNIFTY-III.NFO,26/11/2024,09:17:53,52875.25,52870,105,52877.3,75,15,136635
BANKNIFTY-III.NFO,26/11/2024,09:17:55,52870,52870,75,52872.45,75,30,136635
BANKNIFTY-III.NFO,26/11/2024,09:17:57,52870,52870,75,52875.65,60,0,136635
BANKNIFTY-III.NFO,26/11/2024,09:17:58,52870,52870,75,52875.45,60,0,136635
BANKNIFTY-III.NFO,26/11/2024,09:18:00,52870,52870,75,52874.95,75,0,136635
BANKNIFTY-III.NFO,26/11/2024,09:18:01,52870,52870,75,52874.95,60,0,136635
BANKNIFTY-III.NFO,26/11/2024,09:18:03,52870,52870,75,52876.7,60,0,136635
BANKNIFTY-III.NFO,26/11/2024,09:18:05,52870,52870,75,52875.3,15,0,136635
BANKNIFTY-III.NFO,26/11/2024,09:18:06,52870,52870,75,52877.25,60,0,136635
BANKNIFTY-III.NFO,26/11/2024,09:18:08,52870,52870,75,52874.3,120,0,136635
BANKNIFTY-III.NFO,26/11/2024,09:18:09,52870,52870,75,52875.9,60,0,136635
BANKNIFTY-III.NFO,26/11/2024,09:18:11,52870,52870,75,52877.5,120,0,136635
BANKNIFTY-III.NFO,26/11/2024,09:18:13,52870,52870,60,52877.5,120,15,136635
BANKNIFTY-III.NFO,26/11/2024,09:18:14,52870,52870.05,60,52881,15,0,136635
BANKNIFTY-III.NFO,26/11/2024,09:18:16,52870,52870.05,60,52883.8,15,0,136635
BANKNIFTY-III.NFO,26/11/2024,09:18:17,52870.05,52870.05,75,52881.75,15,15,136635
BANKNIFTY-III.NFO,26/11/2024,09:18:19,52870.05,52870.05,75,52882.6,15,0,136635
BANKNIFTY-III.NFO,26/11/2024,09:18:21,52882.5,52871.05,45,52883.25,150,15,136635
BANKNIFTY-III.NFO,26/11/2024,09:18:22,52882.5,52871.05,45,52883.35,15,0,136635
BANKNIFTY-III.NFO,26/11/2024,09:18:24,52871.05,52871.05,45,52884.45,15,15,136635
BANKNIFTY-III.NFO,26/11/2024,09:18:25,52871.05,52871.05,45,52885.3,90,0,136635
BANKNIFTY-III.NFO,26/11/2024,09:18:27,52871.05,52871.15,45,52886.15,90,0,136635
BANKNIFTY-III.NFO,26/11/2024,09:18:28,52871.05,52872.9,75,52887.45,90,0,136635
BANKNIFTY-III.NFO,26/11/2024,09:18:30,52871.05,52871.05,30,52883.15,15,0,136635
BANKNIFTY-III.NFO,26/11/2024,09:18:32,52871.05,52871.05,45,52883.15,15,0,136635
BANKNIFTY-III.NFO,26/11/2024,09:18:33,52871.05,52871.05,60,52883.15,15,0,136635
BANKNIFTY-III.NFO,26/11/2024,09:18:35,52871.05,52871.2,45,52883.15,15,0,136635
BANKNIFTY-III.NFO,26/11/2024,09:18:36,52871.05,52871.4,45,52883.15,15,0,136635
BANKNIFTY-III.NFO,26/11/2024,09:18:38,52871.05,52871.4,45,52887,45,0,136635
BANKNIFTY-III.NFO,26/11/2024,09:18:40,52871.05,52873.5,75,52887,45,0,136635
BANKNIFTY-III.NFO,26/11/2024,09:18:41,52871.05,52879,30,52887,45,0,136635
BANKNIFTY-III.NFO,26/11/2024,09:18:43,52891.75,52875.85,30,52892.3,75,90,136635
BANKNIFTY-III.NFO,26/11/2024,09:18:44,52880.05,52880.05,15,52890.05,15,15,136635
BANKNIFTY-III.NFO,26/11/2024,09:18:46,52880,52880,45,52888.5,60,15,136635
BANKNIFTY-III.NFO,26/11/2024,09:18:47,52890.05,52874.3,15,52891.75,30,90,136635
BANKNIFTY-III.NFO,26/11/2024,09:18:49,52890.05,52874.35,30,52892.8,30,0,136635
BANKNIFTY-III.NFO,26/11/2024,09:18:51,52890.05,52875,15,52890.5,105,0,136635
BANKNIFTY-III.NFO,26/11/2024,09:18:52,52875,52871.1,15,52888.2,90,15,136635
BANKNIFTY-III.NFO,26/11/2024,09:18:54,52875,52871.1,15,52886.25,90,0,136635
BANKNIFTY-III.NFO,26/11/2024,09:18:56,52875,52871.1,15,52886.25,60,0,136635
BANKNIFTY-III.NFO,26/11/2024,09:18:57,52875,52871.05,15,52885.45,60,0,136635
BANKNIFTY-III.NFO,26/11/2024,09:18:59,52875,52871.05,15,52885.95,60,0,136635
BANKNIFTY-III.NFO,26/11/2024,09:19:00,52875,52871.05,15,52883.35,60,0,136635
BANKNIFTY-III.NFO,26/11/2024,09:19:02,52875,52871.05,15,52879.4,75,0,136635
BANKNIFTY-III.NFO,26/11/2024,09:19:04,52875,52871.05,15,52886.55,75,0,136635
BANKNIFTY-III.NFO,26/11/2024,09:19:05,52875,52871.05,15,52883.1,75,15,137835
BANKNIFTY-III.NFO,26/11/2024,09:19:07,52883.1,52871.05,15,52883.1,60,30,137835
BANKNIFTY-III.NFO,26/11/2024,09:19:09,52883.1,52871.05,15,52880.55,75,0,137835
BANKNIFTY-III.NFO,26/11/2024,09:19:10,52883.1,52871.05,15,52881.3,105,0,137835
BANKNIFTY-III.NFO,26/11/2024,09:19:12,52883.1,52871.05,15,52878.6,75,0,137835
BANKNIFTY-III.NFO,26/11/2024,09:19:13,52883.1,52871.05,15,52878.15,225,0,137835
BANKNIFTY-III.NFO,26/11/2024,09:19:15,52883.1,52871.05,15,52876.1,60,0,137835
BANKNIFTY-III.NFO,26/11/2024,09:19:17,52883.1,52871.05,15,52879.7,60,0,137835
BANKNIFTY-III.NFO,26/11/2024,09:19:18,52883.1,52871.05,15,52883.35,75,0,137835
BANKNIFTY-III.NFO,26/11/2024,09:19:20,52883.1,52871.05,15,52880.2,75,0,137835
BANKNIFTY-III.NFO,26/11/2024,09:19:22,52883.1,52871.35,15,52881.9,75,0,137835
BANKNIFTY-III.NFO,26/11/2024,09:19:23,52883.1,52871.35,15,52881.1,60,0,137835
BANKNIFTY-III.NFO,26/11/2024,09:19:25,52883.1,52871.35,15,52875,15,0,137835
BANKNIFTY-III.NFO,26/11/2024,09:19:26,52875,52871.35,15,52881.7,60,15,137835
BANKNIFTY-III.NFO,26/11/2024,09:19:28,52875,52871.35,15,52882.7,60,0,137835
BANKNIFTY-III.NFO,26/11/2024,09:19:30,52882,52871.35,15,52883.6,90,150,137835
BANKNIFTY-III.NFO,26/11/2024,09:19:31,52882,52871.35,15,52880.2,60,0,137835
BANKNIFTY-III.NFO,26/11/2024,09:19:33,52882,52871.4,45,52886.25,60,0,137835
BANKNIFTY-III.NFO,26/11/2024,09:19:34,52882,52871.35,15,52884,75,0,137835
BANKNIFTY-III.NFO,26/11/2024,09:19:36,52879.9,52871.35,15,52880.5,30,60,137835
BANKNIFTY-III.NFO,26/11/2024,09:19:37,52879.9,52871.35,15,52881.8,30,0,137835
BANKNIFTY-III.NFO,26/11/2024,09:19:39,52879.9,52871.35,15,52882.3,30,0,137835
BANKNIFTY-III.NFO,26/11/2024,09:19:41,52879.9,52871.35,15,52880.25,30,0,137835
BANKNIFTY-III.NFO,26/11/2024,09:19:42,52879.9,52871.35,15,52883.1,30,0,137835
BANKNIFTY-III.NFO,26/11/2024,09:19:44,52882.35,52871.35,15,52882.75,150,30,137835
BANKNIFTY-III.NFO,26/11/2024,09:19:45,52885.65,52871.4,60,52884.1,90,15,137835
BANKNIFTY-III.NFO,26/11/2024,09:19:47,52885.65,52871.4,60,52883.05,90,0,137835
BANKNIFTY-III.NFO,26/11/2024,09:19:49,52885.65,52871.4,60,52884.65,105,0,137835
BANKNIFTY-III.NFO,26/11/2024,09:19:50,52885.65,52871.4,60,52885.25,165,0,137835
BANKNIFTY-III.NFO,26/11/2024,09:19:52,52885.65,52871.4,60,52883.4,90,0,137835
BANKNIFTY-III.NFO,26/11/2024,09:19:53,52885.65,52871.4,60,52884.75,15,0,137835
BANKNIFTY-III.NFO,26/11/2024,09:19:55,52871.4,52871.4,60,52883.45,105,15,137835
BANKNIFTY-III.NFO,26/11/2024,09:19:56,52871.4,52871.4,60,52884.75,90,0,137835
BANKNIFTY-III.NFO,26/11/2024,09:19:58,52871.4,52883,45,52889.2,90,0,137835
BANKNIFTY-III.NFO,26/11/2024,09:20:00,52883.85,52883.05,60,52889.7,90,180,137835
BANKNIFTY-III.NFO,26/11/2024,09:20:01,52883.85,52883.05,75,52890.05,90,0,137835
BANKNIFTY-III.NFO,26/11/2024,09:20:03,52883.85,52883.05,60,52890.05,90,0,137835
BANKNIFTY-III.NFO,26/11/2024,09:20:09,52883.85,52883.85,60,52890.05,90,0,137835
BANKNIFTY-III.NFO,26/11/2024,09:20:11,52883.85,52884.05,75,52890.05,90,0,137835
BANKNIFTY-III.NFO,26/11/2024,09:20:14,52883.85,52883.45,75,52890.05,90,0,137835
BANKNIFTY-III.NFO,26/11/2024,09:20:15,52885.05,52885,45,52885.05,30,120,137835
BANKNIFTY-III.NFO,26/11/2024,09:20:17,52885.05,52885,45,52885.05,30,0,137835
BANKNIFTY-III.NFO,26/11/2024,09:20:20,52885.05,52885,45,52890.05,90,30,137835
BANKNIFTY-III.NFO,26/11/2024,09:20:22,52885.05,52885,45,52890.05,90,0,137835
BANKNIFTY-III.NFO,26/11/2024,09:20:23,52894.25,52886,330,52896,30,150,137835
BANKNIFTY-III.NFO,26/11/2024,09:20:25,52894.25,52886,330,52895.2,90,0,137835
BANKNIFTY-III.NFO,26/11/2024,09:20:26,52894.25,52886,330,52896,30,0,137835
BANKNIFTY-III.NFO,26/11/2024,09:20:31,52894.25,52886,330,52895.95,60,0,137835
BANKNIFTY-III.NFO,26/11/2024,09:20:33,52894.25,52886,330,52893.4,75,0,137835
BANKNIFTY-III.NFO,26/11/2024,09:20:36,52894.25,52886,330,52893.4,60,0,137835
BANKNIFTY-III.NFO,26/11/2024,09:20:38,52893.4,52886,330,52893.4,60,45,137835
BANKNIFTY-III.NFO,26/11/2024,09:20:39,52893.4,52886,330,52893.5,75,0,137835
BANKNIFTY-III.NFO,26/11/2024,09:20:41,52893.4,52886,330,52891.15,60,0,137835
BANKNIFTY-III.NFO,26/11/2024,09:20:43,52886,52886,270,52895.95,75,60,137835
BANKNIFTY-III.NFO,26/11/2024,09:20:44,52886,52886,270,52896,30,0,137835
BANKNIFTY-III.NFO,26/11/2024,09:20:46,52886,52886,255,52893.4,450,15,137835
BANKNIFTY-III.NFO,26/11/2024,09:20:48,52886,52886.05,45,52893.4,450,0,137835
BANKNIFTY-III.NFO,26/11/2024,09:20:51,52886,52886.05,45,52893.4,450,45,137835
BANKNIFTY-III.NFO,26/11/2024,09:20:52,52886,52886.65,45,52893.4,450,0,137835
BANKNIFTY-III.NFO,26/11/2024,09:20:54,52886.65,52886.6,30,52893.4,450,60,137835
BANKNIFTY-III.NFO,26/11/2024,09:20:56,52886,52886,165,52893.4,450,60,137835
BANKNIFTY-III.NFO,26/11/2024,09:20:57,52886,52886,165,52893.4,450,0,137835
BANKNIFTY-III.NFO,26/11/2024,09:20:59,52886,52886,75,52893.4,450,90,137835
BANKNIFTY-III.NFO,26/11/2024,09:21:00,52893.4,52886,75,52893.4,435,15,137835
BANKNIFTY-III.NFO,26/11/2024,09:21:02,52886,52886,180,52893.4,435,105,137835
BANKNIFTY-III.NFO,26/11/2024,09:21:04,52893.4,52886.55,150,52893.4,420,15,137835
BANKNIFTY-III.NFO,26/11/2024,09:21:05,52886.45,52886,45,52893.4,420,30,137835
BANKNIFTY-III.NFO,26/11/2024,09:21:07,52886.45,52886,45,52893.4,420,0,137835
BANKNIFTY-III.NFO,26/11/2024,09:21:08,52886.45,52890,15,52893.4,420,0,137835
BANKNIFTY-III.NFO,26/11/2024,09:21:10,52893.4,52890,15,52893.15,15,15,137835
BANKNIFTY-III.NFO,26/11/2024,09:21:12,52893.4,52893.25,90,52893.4,345,75,137835
BANKNIFTY-III.NFO,26/11/2024,09:21:13,52893.4,52892.3,15,52893.4,30,315,137835
BANKNIFTY-III.NFO,26/11/2024,09:21:15,52894.25,52893.8,165,52896,30,120,137835
BANKNIFTY-III.NFO,26/11/2024,09:21:16,52899.65,52899.1,15,52907.3,15,135,137835
BANKNIFTY-III.NFO,26/11/2024,09:21:18,52899.65,52899.1,15,52907.3,15,0,137835
BANKNIFTY-III.NFO,26/11/2024,09:21:20,52900.3,52900.1,45,52907.3,15,75,137835
BANKNIFTY-III.NFO,26/11/2024,09:21:21,52896.2,52899.65,15,52907.3,15,90,137835
BANKNIFTY-III.NFO,26/11/2024,09:21:23,52896.2,52899.65,15,52907.3,15,0,137835
BANKNIFTY-III.NFO,26/11/2024,09:21:24,52895,52897.5,165,52907.3,15,30,137835
BANKNIFTY-III.NFO,26/11/2024,09:21:26,52896.1,52897,150,52907.3,15,30,137835
BANKNIFTY-III.NFO,26/11/2024,09:21:28,52900,52900.2,150,52907.3,15,15,137835
BANKNIFTY-III.NFO,26/11/2024,09:21:29,52900,52897,15,52907.3,15,0,137835
BANKNIFTY-III.NFO,26/11/2024,09:21:31,52900,52901.6,150,52907.3,15,0,137835
BANKNIFTY-III.NFO,26/11/2024,09:21:33,52901.6,52900.05,15,52907.3,15,15,137835
BANKNIFTY-III.NFO,26/11/2024,09:21:34,52901.6,52900,15,52907.3,15,0,137835
BANKNIFTY-III.NFO,26/11/2024,09:21:36,52901.6,52902.3,150,52907.3,15,0,137835
BANKNIFTY-III.NFO,26/11/2024,09:21:38,52901.6,52907.2,15,52907.3,15,0,137835
BANKNIFTY-III.NFO,26/11/2024,09:21:39,52906.15,52909.9,15,52910,15,60,137835
BANKNIFTY-III.NFO,26/11/2024,09:21:41,52906.15,52909.9,15,52910,15,0,137835
BANKNIFTY-III.NFO,26/11/2024,09:21:43,52906.15,52902.15,15,52910,15,0,137835
BANKNIFTY-III.NFO,26/11/2024,09:21:44,52906.15,52900.05,15,52909.95,60,0,137835
BANKNIFTY-III.NFO,26/11/2024,09:21:46,52906.15,52900,30,52906,120,0,137835
BANKNIFTY-III.NFO,26/11/2024,09:21:48,52906.15,52900.05,15,52906,120,0,137835
BANKNIFTY-III.NFO,26/11/2024,09:21:49,52906.15,52900,45,52905.95,60,0,137835
BANKNIFTY-III.NFO,26/11/2024,09:21:51,52905.95,52900.05,15,52905.95,60,15,137835
BANKNIFTY-III.NFO,26/11/2024,09:21:52,52900.05,52900,30,52900.05,120,45,137835
BANKNIFTY-III.NFO,26/11/2024,09:21:54,52900.05,52900,30,52900.05,120,0,137835
BANKNIFTY-III.NFO,26/11/2024,09:21:56,52900,52897,15,52900.05,120,30,138360
BANKNIFTY-III.NFO,26/11/2024,09:21:57,52900,52897,15,52900,60,0,138360
BANKNIFTY-III.NFO,26/11/2024,09:21:59,52900,52893.4,45,52900,15,75,138360
BANKNIFTY-III.NFO,26/11/2024,09:22:00,52900,52893.4,45,52900,15,0,138360
BANKNIFTY-III.NFO,26/11/2024,09:22:02,52893.4,52886.05,15,52893.4,60,90,138360
BANKNIFTY-III.NFO,26/11/2024,09:22:04,52893.4,52886.05,15,52893.4,45,15,138360
BANKNIFTY-III.NFO,26/11/2024,09:22:05,52893.4,52886.15,15,52893.4,45,0,138360
BANKNIFTY-III.NFO,26/11/2024,09:22:07,52893.4,52886,45,52893.4,45,0,138360
BANKNIFTY-III.NFO,26/11/2024,09:22:09,52886,52886,15,52893.4,45,30,138360
BANKNIFTY-III.NFO,26/11/2024,09:22:10,52886,52886.05,60,52893.4,45,0,138360
BANKNIFTY-III.NFO,26/11/2024,09:22:13,52886,52883,150,52893.4,45,15,138360
BANKNIFTY-III.NFO,26/11/2024,09:22:15,52887.15,52885.65,75,52893.4,45,15,138360
BANKNIFTY-III.NFO,26/11/2024,09:22:17,52887.6,52885.5,60,52885.95,75,75,138360
BANKNIFTY-III.NFO,26/11/2024,09:22:18,52885.55,52887.35,75,52893.4,45,90,138360
BANKNIFTY-III.NFO,26/11/2024,09:22:20,52886.85,52886.85,60,52893.4,45,45,138360
BANKNIFTY-III.NFO,26/11/2024,09:22:22,52886.95,52886.95,45,52893.4,45,45,138360
BANKNIFTY-III.NFO,26/11/2024,09:22:23,52888.4,52886.25,75,52893.4,45,45,138360
BANKNIFTY-III.NFO,26/11/2024,09:22:25,52886.25,52887.75,15,52893.4,45,15,138360
BANKNIFTY-III.NFO,26/11/2024,09:22:27,52887.8,52887.8,60,52893.4,45,15,138360
BANKNIFTY-III.NFO,26/11/2024,09:22:28,52887.8,52887.85,15,52893.4,45,0,138360
BANKNIFTY-III.NFO,26/11/2024,09:22:30,52893.4,52887.9,60,52893.4,30,30,138360
BANKNIFTY-III.NFO,26/11/2024,09:22:31,52893.4,52887.95,30,52893.4,30,0,138360
BANKNIFTY-III.NFO,26/11/2024,09:22:33,52893.4,52888.9,30,52893.4,30,0,138360
BANKNIFTY-III.NFO,26/11/2024,09:22:35,52896.75,52894.85,15,52900,75,120,138360
BANKNIFTY-III.NFO,26/11/2024,09:22:36,52900,52895.1,15,52900,60,15,138360
BANKNIFTY-III.NFO,26/11/2024,09:22:38,52900,52896.45,15,52900,60,0,138360
BANKNIFTY-III.NFO,26/11/2024,09:22:40,52900,52899.9,135,52900,45,15,138360
BANKNIFTY-III.NFO,26/11/2024,09:22:41,52899.9,52898.9,120,52900,45,15,138360
BANKNIFTY-III.NFO,26/11/2024,09:22:43,52899.9,52899.9,15,52900,45,0,138360
BANKNIFTY-III.NFO,26/11/2024,09:22:44,52900,52899.9,15,52900,30,15,138360
BANKNIFTY-III.NFO,26/11/2024,09:22:46,52900,52896.8,120,52900,30,0,138360
BANKNIFTY-III.NFO,26/11/2024,09:22:48,52900,52898.05,120,52900.05,120,30,138360
BANKNIFTY-III.NFO,26/11/2024,09:22:49,52900,52898.05,120,52900.05,120,0,138360
BANKNIFTY-III.NFO,26/11/2024,09:22:51,52895.25,52893.45,15,52900,15,150,138360
BANKNIFTY-III.NFO,26/11/2024,09:22:52,52895.25,52892.1,165,52900,15,0,138360
BANKNIFTY-III.NFO,26/11/2024,09:22:54,52895.25,52892.5,150,52900,15,0,138360
BANKNIFTY-III.NFO,26/11/2024,09:22:56,52892.6,52893.2,30,52900,15,15,138360
BANKNIFTY-III.NFO,26/11/2024,09:22:57,52892.6,52897.25,15,52900,30,0,138360
BANKNIFTY-III.NFO,26/11/2024,09:22:59,52892.6,52898.75,15,52900,30,0,138360
BANKNIFTY-III.NFO,26/11/2024,09:23:00,52900,52894.85,45,52900,15,15,138360
BANKNIFTY-III.NFO,26/11/2024,09:23:02,52899.85,52897.45,150,52900.05,90,75,138360
BANKNIFTY-III.NFO,26/11/2024,09:23:04,52900.05,52900.65,15,52905,900,90,138360
BANKNIFTY-III.NFO,26/11/2024,09:23:05,52905,52898.4,135,52905,750,150,138360
BANKNIFTY-III.NFO,26/11/2024,09:23:07,52905,52897.85,150,52905,750,0,138360
BANKNIFTY-III.NFO,26/11/2024,09:23:09,52905,52898.7,75,52905,735,15,138360
BANKNIFTY-III.NFO,26/11/2024,09:23:10,52905,52900.75,15,52905,660,75,138360
BANKNIFTY-III.NFO,26/11/2024,09:23:12,52905,52900.5,135,52905,615,45,138360
BANKNIFTY-III.NFO,26/11/2024,09:23:13,52905,52899.95,135,52905,570,45,138360
BANKNIFTY-III.NFO,26/11/2024,09:23:15,52905,52898.35,15,52905,570,0,138360
BANKNIFTY-III.NFO,26/11/2024,09:23:17,52905,52898.9,15,52904.95,60,60,138360
BANKNIFTY-III.NFO,26/11/2024,09:23:18,52904.95,52898.3,15,52904.95,60,60,138360
BANKNIFTY-III.NFO,26/11/2024,09:23:20,52904.95,52895.65,135,52904.95,45,15,138360
BANKNIFTY-III.NFO,26/11/2024,09:23:22,52904.95,52893.9,15,52904.95,45,0,138360
BANKNIFTY-III.NFO,26/11/2024,09:23:23,52904.95,52893.9,75,52904.95,45,0,138360
BANKNIFTY-III.NFO,26/11/2024,09:23:25,52904.95,52892.5,75,52904.95,45,0,138360
BANKNIFTY-III.NFO,26/11/2024,09:23:28,52904.95,52889.2,15,52904.3,45,0,138360
BANKNIFTY-III.NFO,26/11/2024,09:23:29,52904.95,52888.05,75,52900.75,60,0,138360
BANKNIFTY-III.NFO,26/11/2024,09:23:31,52904.95,52888.05,75,52900.45,60,0,138360
BANKNIFTY-III.NFO,26/11/2024,09:23:33,52904.95,52888,15,52897.7,45,0,138360
BANKNIFTY-III.NFO,26/11/2024,09:23:34,52904.95,52888,30,52903.65,60,0,138360
BANKNIFTY-III.NFO,26/11/2024,09:23:36,52904.95,52888,15,52900.35,90,0,138360
BANKNIFTY-III.NFO,26/11/2024,09:23:37,52904.95,52888,15,52897.55,45,0,138360
BANKNIFTY-III.NFO,26/11/2024,09:23:39,52904.95,52888,15,52896.5,45,0,138360
BANKNIFTY-III.NFO,26/11/2024,09:23:41,52904.95,52888,15,52894.3,45,0,138360
BANKNIFTY-III.NFO,26/11/2024,09:23:42,52904.95,52888,15,52894.9,45,0,138360
BANKNIFTY-III.NFO,26/11/2024,09:23:44,52904.95,52888,15,52891.6,45,0,138360
BANKNIFTY-III.NFO,26/11/2024,09:23:45,52904.95,52888,15,52890.85,45,0,138360
BANKNIFTY-III.NFO,26/11/2024,09:23:47,52886,52885,45,52889.9,60,30,138360
BANKNIFTY-III.NFO,26/11/2024,09:23:48,52885,52885,30,52895.3,45,15,138360
BANKNIFTY-III.NFO,26/11/2024,09:23:50,52885,52882,60,52890.1,60,30,138360
BANKNIFTY-III.NFO,26/11/2024,09:23:51,52885,52882,60,52891.25,60,0,138360
BANKNIFTY-III.NFO,26/11/2024,09:23:53,52885,52882,60,52893.6,45,0,138360
BANKNIFTY-III.NFO,26/11/2024,09:23:55,52885,52882,60,52891.85,60,0,138360
BANKNIFTY-III.NFO,26/11/2024,09:23:56,52882,52882,30,52888.85,60,30,138360
BANKNIFTY-III.NFO,26/11/2024,09:23:58,52882,52882,30,52893.9,45,0,138360
BANKNIFTY-III.NFO,26/11/2024,09:23:59,52882,52882,30,52892.2,60,0,138360
BANKNIFTY-III.NFO,26/11/2024,09:24:01,52882,52882,30,52892.95,75,0,138360
BANKNIFTY-III.NFO,26/11/2024,09:24:02,52882,52882,30,52890.8,45,0,138360
BANKNIFTY-III.NFO,26/11/2024,09:24:04,52882,52882,30,52891.15,90,0,138360
BANKNIFTY-III.NFO,26/11/2024,09:24:05,52890.6,52882,30,52891.2,30,30,138360
BANKNIFTY-III.NFO,26/11/2024,09:24:07,52890.6,52882,30,52887.35,60,0,138360
BANKNIFTY-III.NFO,26/11/2024,09:24:09,52890.6,52882,30,52885.7,15,0,138360
BANKNIFTY-III.NFO,26/11/2024,09:24:10,52890.6,52882,30,52883.55,15,0,138360
BANKNIFTY-III.NFO,26/11/2024,09:24:12,52890.6,52882,60,52885.6,15,0,138360
BANKNIFTY-III.NFO,26/11/2024,09:24:13,52890.6,52882,60,52885.75,15,0,138360
BANKNIFTY-III.NFO,26/11/2024,09:24:15,52882,52880,15,52882.1,15,60,138360
BANKNIFTY-III.NFO,26/11/2024,09:24:17,52880,52875,15,52877.55,15,15,138360
BANKNIFTY-III.NFO,26/11/2024,09:24:18,52875,52871.4,15,52872.6,45,15,138360
BANKNIFTY-III.NFO,26/11/2024,09:24:20,52875,52871.4,15,52874.55,45,0,138360
BANKNIFTY-III.NFO,26/11/2024,09:24:21,52870,52870,75,52874.9,45,60,138360
BANKNIFTY-III.NFO,26/11/2024,09:24:23,52870,52870,75,52874.9,45,0,138360
BANKNIFTY-III.NFO,26/11/2024,09:24:24,52874.9,52870.2,45,52875,15,45,138360
BANKNIFTY-III.NFO,26/11/2024,09:24:26,52874.9,52870,75,52874.8,45,0,138360
BANKNIFTY-III.NFO,26/11/2024,09:24:28,52874.9,52870,90,52875,15,0,138360
BANKNIFTY-III.NFO,26/11/2024,09:24:29,52874.9,52870.05,60,52875,15,0,138360
BANKNIFTY-III.NFO,26/11/2024,09:24:33,52874.9,52870.05,60,52874.9,30,0,138360
BANKNIFTY-III.NFO,26/11/2024,09:24:36,52874.9,52870.05,60,52875,15,30,138360
BANKNIFTY-III.NFO,26/11/2024,09:24:37,52874.9,52870.05,60,52875,15,0,138360
BANKNIFTY-III.NFO,26/11/2024,09:24:39,52875,52874.95,60,52880,225,15,138360
BANKNIFTY-III.NFO,26/11/2024,09:24:41,52875,52874.9,150,52880,225,0,138360
BANKNIFTY-III.NFO,26/11/2024,09:24:42,52870,52870,75,52878.4,60,180,138360
BANKNIFTY-III.NFO,26/11/2024,09:24:44,52879.65,52870,75,52880,15,15,138360
BANKNIFTY-III.NFO,26/11/2024,09:24:47,52879.65,52870.05,60,52879.9,45,0,138360
BANKNIFTY-III.NFO,26/11/2024,09:24:49,52879.65,52870,75,52879.9,60,0,138360
BANKNIFTY-III.NFO,26/11/2024,09:24:50,52879.65,52870,75,52876,45,0,138360
BANKNIFTY-III.NFO,26/11/2024,09:24:52,52879.65,52870,75,52875.7,45,0,138360
BANKNIFTY-III.NFO,26/11/2024,09:24:53,52879.65,52870,75,52879.55,45,0,138360
BANKNIFTY-III.NFO,26/11/2024,09:24:58,52879.4,52870.2,45,52880,15,45,138510
BANKNIFTY-III.NFO,26/11/2024,09:25:00,52879.4,52870.05,60,52880,15,0,138510
BANKNIFTY-III.NFO,26/11/2024,09:25:06,52879.4,52870,75,52880,15,0,138510
BANKNIFTY-III.NFO,26/11/2024,09:25:08,52870,52870,45,52878.95,45,30,138510
BANKNIFTY-III.NFO,26/11/2024,09:25:09,52870,52870,15,52879.95,30,30,138510
BANKNIFTY-III.NFO,26/11/2024,09:25:11,52879.95,52870,15,52879.95,30,30,138510
BANKNIFTY-III.NFO,26/11/2024,09:25:13,52879.95,52870,30,52877.8,45,0,138510
BANKNIFTY-III.NFO,26/11/2024,09:25:14,52879.95,52870,30,52875.9,75,0,138510
BANKNIFTY-III.NFO,26/11/2024,09:25:16,52879.95,52870,30,52874.95,90,0,138510
BANKNIFTY-III.NFO,26/11/2024,09:25:18,52871.15,52851.9,60,52870.45,75,180,138510
BANKNIFTY-III.NFO,26/11/2024,09:25:19,52871.15,52851,30,52867.4,90,0,138510
BANKNIFTY-III.NFO,26/11/2024,09:25:21,52874.2,52853.5,45,52870.5,90,180,138510
BANKNIFTY-III.NFO,26/11/2024,09:25:22,52874.2,52855.15,45,52871.1,75,0,138510
BANKNIFTY-III.NFO,26/11/2024,09:25:24,52874.2,52853,45,52868.35,75,0,138510
BANKNIFTY-III.NFO,26/11/2024,09:25:26,52874.2,52854.3,15,52870.35,75,0,138510
BANKNIFTY-III.NFO,26/11/2024,09:25:27,52874.2,52853.6,45,52870.05,90,0,138510
BANKNIFTY-III.NFO,26/11/2024,09:25:29,52874.2,52857.1,15,52872.65,75,0,138510
BANKNIFTY-III.NFO,26/11/2024,09:25:30,52874.2,52857.9,105,52873.85,90,0,138510
BANKNIFTY-III.NFO,26/11/2024,09:25:32,52874.2,52859.5,60,52877.65,105,0,138510
BANKNIFTY-III.NFO,26/11/2024,09:25:34,52874.2,52861.15,105,52878.2,90,0,138510
BANKNIFTY-III.NFO,26/11/2024,09:25:35,52874.2,52864.9,105,52880,15,0,138510
BANKNIFTY-III.NFO,26/11/2024,09:25:37,52875.85,52874.2,30,52880,15,15,138510
BANKNIFTY-III.NFO,26/11/2024,09:25:38,52874.2,52861.2,75,52872.65,120,30,138510
BANKNIFTY-III.NFO,26/11/2024,09:25:40,52874.2,52862.35,75,52872.65,120,0,138510
BANKNIFTY-III.NFO,26/11/2024,09:25:42,52874.2,52863.65,75,52872.65,120,0,138510
BANKNIFTY-III.NFO,26/11/2024,09:25:43,52874.2,52859.05,60,52872.65,120,0,138510
BANKNIFTY-III.NFO,26/11/2024,09:25:45,52874.2,52859.9,75,52872.65,120,0,138510
BANKNIFTY-III.NFO,26/11/2024,09:25:47,52874.2,52858,75,52872.65,120,0,138510
BANKNIFTY-III.NFO,26/11/2024,09:25:48,52874.2,52854.85,90,52872.65,135,0,138510
BANKNIFTY-III.NFO,26/11/2024,09:25:50,52872.65,52856.05,105,52872.65,105,15,138510
BANKNIFTY-III.NFO,26/11/2024,09:25:51,52872.65,52850,30,52861.4,75,0,138510
BANKNIFTY-III.NFO,26/11/2024,09:25:53,52872.65,52850,30,52859.5,75,0,138510
BANKNIFTY-III.NFO,26/11/2024,09:25:55,52872.65,52850.55,15,52864.85,75,0,138510
BANKNIFTY-III.NFO,26/11/2024,09:25:56,52872.65,52850,45,52864.05,75,0,138510
BANKNIFTY-III.NFO,26/11/2024,09:25:58,52872.65,52850,60,52865.3,75,0,138510
BANKNIFTY-III.NFO,26/11/2024,09:25:59,52872.65,52850,45,52861.2,75,0,138510
BANKNIFTY-III.NFO,26/11/2024,09:26:01,52872.65,52850.75,60,52866.65,75,0,138510
BANKNIFTY-III.NFO,26/11/2024,09:26:03,52851.15,52860,15,52868.25,15,15,138510
BANKNIFTY-III.NFO,26/11/2024,09:26:04,52851.15,52860,15,52866.55,15,0,138510
BANKNIFTY-III.NFO,26/11/2024,09:26:06,52851.15,52860,15,52867.1,15,0,138510
BANKNIFTY-III.NFO,26/11/2024,09:26:07,52853.4,52850.05,105,52865.95,15,45,138510
BANKNIFTY-III.NFO,26/11/2024,09:26:09,52853.4,52850,30,52863.9,15,0,138510
BANKNIFTY-III.NFO,26/11/2024,09:26:11,52853.4,52850,30,52862.85,15,0,138510
BANKNIFTY-III.NFO,26/11/2024,09:26:12,52853.4,52850,30,52859.2,15,0,138510
BANKNIFTY-III.NFO,26/11/2024,09:26:14,52853.4,52850,30,52853.3,15,0,138510
BANKNIFTY-III.NFO,26/11/2024,09:26:16,52855.4,52850,45,52853.3,75,15,138510
BANKNIFTY-III.NFO,26/11/2024,09:26:17,52855.4,52850,45,52860.95,75,0,138510
BANKNIFTY-III.NFO,26/11/2024,09:26:19,52850,52850,30,52853.4,15,15,138510
BANKNIFTY-III.NFO,26/11/2024,09:26:21,52850,52834.05,60,52849.3,60,30,138510
BANKNIFTY-III.NFO,26/11/2024,09:26:22,52850,52823.25,30,52832.45,60,0,138510
BANKNIFTY-III.NFO,26/11/2024,09:26:24,52850,52820,15,52830.7,60,0,138510
BANKNIFTY-III.NFO,26/11/2024,09:26:25,52850,52820.25,45,52832.65,60,0,138510
BANKNIFTY-III.NFO,26/11/2024,09:26:27,52850,52824.55,30,52838.6,60,0,138510
BANKNIFTY-III.NFO,26/11/2024,09:26:29,52850,52824.3,75,52838.4,60,0,138510
BANKNIFTY-III.NFO,26/11/2024,09:26:30,52850,52824.95,75,52840.3,60,0,138510
BANKNIFTY-III.NFO,26/11/2024,09:26:32,52850,52820.35,60,52836.5,60,0,138510
BANKNIFTY-III.NFO,26/11/2024,09:26:33,52820,52818.45,60,52832.95,60,15,138510
BANKNIFTY-III.NFO,26/11/2024,09:26:35,52820,52820.1,60,52833.1,60,0,138510
BANKNIFTY-III.NFO,26/11/2024,09:26:37,52820,52819.5,60,52832.3,60,0,138510
BANKNIFTY-III.NFO,26/11/2024,09:26:38,52820,52821.8,60,52836.2,60,0,138510
BANKNIFTY-III.NFO,26/11/2024,09:26:40,52820,52822.85,75,52838.05,60,0,138510
BANKNIFTY-III.NFO,26/11/2024,09:26:42,52828.05,52829.05,60,52845.2,60,30,138510
BANKNIFTY-III.NFO,26/11/2024,09:26:43,52842.85,52825.8,60,52839.7,60,15,138510
BANKNIFTY-III.NFO,26/11/2024,09:26:45,52842.85,52815.5,75,52824.6,15,0,138510
BANKNIFTY-III.NFO,26/11/2024,09:26:46,52842.85,52815.6,75,52826.95,60,0,138510
BANKNIFTY-III.NFO,26/11/2024,09:26:48,52822.85,52817.5,15,52823.15,45,15,138510
BANKNIFTY-III.NFO,26/11/2024,09:26:50,52822.85,52817.5,15,52825.75,45,0,138510
BANKNIFTY-III.NFO,26/11/2024,09:26:51,52822.85,52817.5,15,52824.85,45,0,138510
BANKNIFTY-III.NFO,26/11/2024,09:26:53,52822.1,52808.55,60,52826.6,30,30,138510
BANKNIFTY-III.NFO,26/11/2024,09:26:53,52811.3,52808.55,60,52826.6,30,0,138510
BANKNIFTY-III.NFO,26/11/2024,09:26:54,52822.1,52813.6,75,52828.2,30,0,138510
BANKNIFTY-III.NFO,26/11/2024,09:26:56,52822.1,52820.85,15,52829.5,30,0,138510
BANKNIFTY-III.NFO,26/11/2024,09:26:58,52822.1,52820.85,15,52827.95,30,0,138510
BANKNIFTY-III.NFO,26/11/2024,09:26:59,52822.1,52820.85,15,52830,30,0,138510
BANKNIFTY-III.NFO,26/11/2024,09:27:01,52820.85,52816,60,52828.25,30,15,138510
BANKNIFTY-III.NFO,26/11/2024,09:27:02,52820.85,52817.9,75,52837.25,30,0,138510
BANKNIFTY-III.NFO,26/11/2024,09:27:04,52820.85,52822.05,75,52838.65,30,0,138510
BANKNIFTY-III.NFO,26/11/2024,09:27:06,52823.7,52822.3,60,52838.55,30,15,138510
BANKNIFTY-III.NFO,26/11/2024,09:27:07,52823.7,52827.75,75,52840,15,0,138510
BANKNIFTY-III.NFO,26/11/2024,09:27:09,52823.7,52833.65,90,52840,15,0,138510
BANKNIFTY-III.NFO,26/11/2024,09:27:10,52840,52837,75,52853.8,15,15,138510
BANKNIFTY-III.NFO,26/11/2024,09:27:12,52840,52839.1,60,52859.55,15,0,138510
BANKNIFTY-III.NFO,26/11/2024,09:27:14,52840,52845.7,75,52853.25,150,0,138510
BANKNIFTY-III.NFO,26/11/2024,09:27:15,52840,52846.25,75,52853.25,150,0,138510
BANKNIFTY-III.NFO,26/11/2024,09:27:17,52840,52846.4,75,52856.9,150,0,138510
BANKNIFTY-III.NFO,26/11/2024,09:27:18,52840,52843.4,60,52850,45,0,138510
BANKNIFTY-III.NFO,26/11/2024,09:27:20,52840,52839.95,75,52850,45,0,138510
BANKNIFTY-III.NFO,26/11/2024,09:27:22,52850,52843.55,60,52850,30,15,138510
BANKNIFTY-III.NFO,26/11/2024,09:27:23,52850,52841.25,90,52850,30,0,138510
BANKNIFTY-III.NFO,26/11/2024,09:27:25,52850,52841.5,75,52850,30,0,138510
BANKNIFTY-III.NFO,26/11/2024,09:27:26,52839.3,52839.3,60,52850,30,15,138510
BANKNIFTY-III.NFO,26/11/2024,09:27:28,52839.3,52840.15,75,52850,30,0,138510
BANKNIFTY-III.NFO,26/11/2024,09:27:29,52839.3,52837.75,60,52850,30,0,138510
BANKNIFTY-III.NFO,26/11/2024,09:27:31,52839.3,52840.8,60,52850,30,0,138510
BANKNIFTY-III.NFO,26/11/2024,09:27:33,52839.3,52842.95,105,52850,30,0,138510
BANKNIFTY-III.NFO,26/11/2024,09:27:34,52839.3,52846.25,105,52850,30,0,138510
BANKNIFTY-III.NFO,26/11/2024,09:27:36,52850,52849.6,60,52856.9,75,30,138510
BANKNIFTY-III.NFO,26/11/2024,09:27:38,52856.9,52852.9,60,52865.85,15,45,138510
BANKNIFTY-III.NFO,26/11/2024,09:27:39,52856.9,52852.1,60,52864.7,30,0,138510
BANKNIFTY-III.NFO,26/11/2024,09:27:41,52852.25,52852.25,60,52864.7,30,15,138510
BANKNIFTY-III.NFO,26/11/2024,09:27:43,52852.25,52850.15,90,52864.7,30,0,138510
BANKNIFTY-III.NFO,26/11/2024,09:27:44,52852.25,52848.4,75,52864.7,30,0,138510
BANKNIFTY-III.NFO,26/11/2024,09:27:46,52852.25,52849,30,52864.7,30,0,138510
BANKNIFTY-III.NFO,26/11/2024,09:27:47,52852.25,52849.95,90,52860,75,0,138510
BANKNIFTY-III.NFO,26/11/2024,09:27:49,52849.95,52847.65,45,52860,75,15,138510
BANKNIFTY-III.NFO,26/11/2024,09:27:50,52849.95,52846.2,60,52860,75,0,138510
BANKNIFTY-III.NFO,26/11/2024,09:27:52,52849.95,52846.95,60,52860,75,0,138510
BANKNIFTY-III.NFO,26/11/2024,09:27:54,52849.95,52843.3,15,52859.95,75,0,138510
BANKNIFTY-III.NFO,26/11/2024,09:27:55,52849.95,52842.8,15,52859.95,75,0,138510
BANKNIFTY-III.NFO,26/11/2024,09:27:57,52849.95,52844.4,15,52859.95,60,0,138510
BANKNIFTY-III.NFO,26/11/2024,09:27:59,52849.95,52844.35,60,52859.95,60,0,138510
BANKNIFTY-III.NFO,26/11/2024,09:28:00,52849.95,52847.15,45,52860,75,0,138510
BANKNIFTY-III.NFO,26/11/2024,09:28:02,52849.95,52843.5,75,52857.95,60,0,138510
BANKNIFTY-III.NFO,26/11/2024,09:28:03,52857.95,52845.3,60,52858,45,15,138735
BANKNIFTY-III.NFO,26/11/2024,09:28:05,52857.95,52846.5,60,52858,45,0,138735
BANKNIFTY-III.NFO,26/11/2024,09:28:06,52857.95,52842.2,75,52857.95,60,0,138735
BANKNIFTY-III.NFO,26/11/2024,09:28:08,52857.95,52845.7,60,52858,45,0,138735
BANKNIFTY-III.NFO,26/11/2024,09:28:10,52857.95,52847.95,60,52858,45,0,138735
BANKNIFTY-III.NFO,26/11/2024,09:28:11,52857.95,52847.55,90,52858,45,0,138735
BANKNIFTY-III.NFO,26/11/2024,09:28:13,52857.95,52845.8,60,52858,45,0,138735
BANKNIFTY-III.NFO,26/11/2024,09:28:15,52857.95,52843.6,60,52857.9,60,0,138735
BANKNIFTY-III.NFO,26/11/2024,09:28:16,52857.95,52842.75,30,52857.9,60,0,138735
BANKNIFTY-III.NFO,26/11/2024,09:28:18,52840.55,52839.9,45,52857.9,75,15,138735
BANKNIFTY-III.NFO,26/11/2024,09:28:19,52840.55,52840.95,75,52857.9,75,0,138735
BANKNIFTY-III.NFO,26/11/2024,09:28:21,52840.55,52843,60,52857.9,60,0,138735
BANKNIFTY-III.NFO,26/11/2024,09:28:23,52840.55,52844.05,90,52857.95,15,0,138735
BANKNIFTY-III.NFO,26/11/2024,09:28:24,52840.55,52843.5,60,52857.9,60,0,138735
BANKNIFTY-III.NFO,26/11/2024,09:28:26,52840.55,52844,90,52857.95,15,0,138735
BANKNIFTY-III.NFO,26/11/2024,09:28:27,52840.55,52844.15,60,52857.95,15,0,138735
BANKNIFTY-III.NFO,26/11/2024,09:28:29,52840.55,52841.8,75,52857.9,75,0,138735
BANKNIFTY-III.NFO,26/11/2024,09:28:31,52840.55,52842.5,75,52857.9,60,0,138735
BANKNIFTY-III.NFO,26/11/2024,09:28:32,52840.55,52841.2,105,52857.9,75,0,138735
BANKNIFTY-III.NFO,26/11/2024,09:28:34,52840.55,52844.85,60,52857.95,15,0,138735
BANKNIFTY-III.NFO,26/11/2024,09:28:35,52844.85,52847.7,45,52857.95,15,15,138735
BANKNIFTY-III.NFO,26/11/2024,09:28:37,52847.7,52846.8,30,52857.95,15,15,138735
BANKNIFTY-III.NFO,26/11/2024,09:28:38,52847.7,52845.55,30,52857.95,15,0,138735
BANKNIFTY-III.NFO,26/11/2024,09:28:40,52845.65,52847.25,150,52857.95,15,30,138735
BANKNIFTY-III.NFO,26/11/2024,09:28:42,52858,52846.55,150,52858,30,30,138735
BANKNIFTY-III.NFO,26/11/2024,09:28:43,52858,52847.3,150,52858,30,0,138735
BANKNIFTY-III.NFO,26/11/2024,09:28:45,52858,52848.15,45,52858,30,0,138735
BANKNIFTY-III.NFO,26/11/2024,09:28:46,52858,52850.3,150,52858,30,0,138735
BANKNIFTY-III.NFO,26/11/2024,09:28:48,52858,52850.9,75,52858,30,0,138735
BANKNIFTY-III.NFO,26/11/2024,09:28:49,52858,52854.1,150,52858,30,0,138735
BANKNIFTY-III.NFO,26/11/2024,09:28:51,52858,52852.6,150,52858,15,30,138735
BANKNIFTY-III.NFO,26/11/2024,09:28:53,52858,52852.3,150,52858,15,0,138735
BANKNIFTY-III.NFO,26/11/2024,09:28:54,52858,52848.65,150,52858,15,0,138735
BANKNIFTY-III.NFO,26/11/2024,09:28:56,52858,52850.1,150,52858,15,0,138735
BANKNIFTY-III.NFO,26/11/2024,09:28:57,52858,52850.45,150,52858,15,0,138735
BANKNIFTY-III.NFO,26/11/2024,09:28:59,52858,52851.45,150,52860,75,15,138735
BANKNIFTY-III.NFO,26/11/2024,09:29:00,52858,52848.3,165,52860,75,0,138735
BANKNIFTY-III.NFO,26/11/2024,09:29:02,52858,52847.85,165,52860,75,0,138735
BANKNIFTY-III.NFO,26/11/2024,09:29:03,52858,52846.4,165,52860,75,0,138735
BANKNIFTY-III.NFO,26/11/2024,09:29:05,52858,52844.45,90,52859.95,60,0,138735
BANKNIFTY-III.NFO,26/11/2024,09:29:06,52858,52844,90,52859.95,75,0,138735
BANKNIFTY-III.NFO,26/11/2024,09:29:08,52858,52851,15,52857.75,60,0,138735
BANKNIFTY-III.NFO,26/11/2024,09:29:10,52851,52840.25,45,52859.85,90,15,138735
BANKNIFTY-III.NFO,26/11/2024,09:29:11,52851,52841.2,30,52859.95,75,0,138735
BANKNIFTY-III.NFO,26/11/2024,09:29:13,52851,52843.25,75,52859.65,105,0,138735
BANKNIFTY-III.NFO,26/11/2024,09:29:14,52851,52843.25,90,52859.95,75,0,138735
BANKNIFTY-III.NFO,26/11/2024,09:29:16,52859.05,52843.25,75,52858.45,105,75,138735
BANKNIFTY-III.NFO,26/11/2024,09:29:18,52859.05,52839.4,75,52854.15,75,0,138735
BANKNIFTY-III.NFO,26/11/2024,09:29:19,52859.05,52839.4,90,52856.45,75,0,138735
BANKNIFTY-III.NFO,26/11/2024,09:29:21,52859.05,52839.4,75,52854.8,75,0,138735
BANKNIFTY-III.NFO,26/11/2024,09:29:22,52850,52840.4,90,52858.25,75,15,138735
BANKNIFTY-III.NFO,26/11/2024,09:29:24,52850,52840.4,90,52857.85,75,0,138735
BANKNIFTY-III.NFO,26/11/2024,09:29:25,52850,52840.4,90,52858.05,75,0,138735
BANKNIFTY-III.NFO,26/11/2024,09:29:27,52850,52840.85,60,52859,75,0,138735
BANKNIFTY-III.NFO,26/11/2024,09:29:28,52859,52845.65,75,52859,45,15,138735
BANKNIFTY-III.NFO,26/11/2024,09:29:30,52845.75,52846.45,60,52859.05,30,15,138735
BANKNIFTY-III.NFO,26/11/2024,09:29:31,52845.75,52846.9,75,52858.95,60,0,138735
BANKNIFTY-III.NFO,26/11/2024,09:29:33,52845.75,52846.9,75,52859,45,0,138735
BANKNIFTY-III.NFO,26/11/2024,09:29:34,52845.75,52847.4,75,52859,45,0,138735
BANKNIFTY-III.NFO,26/11/2024,09:29:36,52859,52848.35,105,52859,30,15,138735
BANKNIFTY-III.NFO,26/11/2024,09:29:38,52859,52847.7,75,52859,30,0,138735
BANKNIFTY-III.NFO,26/11/2024,09:29:39,52859,52846.75,75,52859,30,0,138735
BANKNIFTY-III.NFO,26/11/2024,09:29:41,52859,52849.25,75,52859,30,0,138735
BANKNIFTY-III.NFO,26/11/2024,09:29:42,52859,52847.2,60,52855,30,0,138735
BANKNIFTY-III.NFO,26/11/2024,09:29:44,52859,52841.8,60,52854.95,60,0,138735
BANKNIFTY-III.NFO,26/11/2024,09:29:46,52859,52841.85,75,52854.95,60,0,138735
BANKNIFTY-III.NFO,26/11/2024,09:29:47,52859,52842.4,60,52855,30,0,138735
BANKNIFTY-III.NFO,26/11/2024,09:29:49,52859,52841.95,75,52853.75,60,0,138735
BANKNIFTY-III.NFO,26/11/2024,09:29:50,52859,52838.4,75,52857.2,60,0,138735
BANKNIFTY-III.NFO,26/11/2024,09:29:52,52859,52839.6,60,52857.7,75,0,138735
BANKNIFTY-III.NFO,26/11/2024,09:29:54,52859,52840.1,75,52858.95,60,0,138735
BANKNIFTY-III.NFO,26/11/2024,09:29:55,52859,52839.85,90,52856.45,75,0,138735
BANKNIFTY-III.NFO,26/11/2024,09:29:57,52859,52839.85,75,52856.45,75,0,138735
BANKNIFTY-III.NFO,26/11/2024,09:29:58,52859,52840.05,90,52857.45,105,0,138735
BANKNIFTY-III.NFO,26/11/2024,09:30:00,52859,52840.3,75,52857.65,75,0,138735
BANKNIFTY-III.NFO,26/11/2024,09:30:02,52859,52842.5,75,52858.95,75,0,138735
BANKNIFTY-III.NFO,26/11/2024,09:30:03,52859,52844.6,75,52859,30,0,138735
BANKNIFTY-III.NFO,26/11/2024,09:30:05,52859,52846.45,75,52859,30,0,138735
BANKNIFTY-III.NFO,26/11/2024,09:30:07,52859,52844.2,105,52859,30,0,138735
BANKNIFTY-III.NFO,26/11/2024,09:30:08,52859,52844.65,75,52859,45,0,138735
BANKNIFTY-III.NFO,26/11/2024,09:30:10,52859,52843.4,75,52859,45,0,138735
BANKNIFTY-III.NFO,26/11/2024,09:30:11,52859,52843.85,75,52859,45,0,138735
BANKNIFTY-III.NFO,26/11/2024,09:30:13,52859,52842.95,75,52859,45,0,138735
BANKNIFTY-III.NFO,26/11/2024,09:30:15,52859,52845.65,75,52859,45,0,138735
BANKNIFTY-III.NFO,26/11/2024,09:30:16,52859,52839.95,75,52858.45,75,0,138735
BANKNIFTY-III.NFO,26/11/2024,09:30:18,52859,52841.45,75,52858.95,75,0,138735
BANKNIFTY-III.NFO,26/11/2024,09:30:20,52859,52832.9,60,52851.8,75,0,138735
BANKNIFTY-III.NFO,26/11/2024,09:30:21,52859,52836.45,75,52854.35,75,0,138735
BANKNIFTY-III.NFO,26/11/2024,09:30:23,52859,52840.9,75,52858.95,75,0,138735
BANKNIFTY-III.NFO,26/11/2024,09:30:24,52859,52843.35,105,52859,45,0,138735
BANKNIFTY-III.NFO,26/11/2024,09:30:26,52859,52849.35,60,52859,45,0,138735
BANKNIFTY-III.NFO,26/11/2024,09:30:28,52851.05,52852.4,30,52859,45,30,138735
BANKNIFTY-III.NFO,26/11/2024,09:30:29,52852.05,52850.3,135,52859,30,45,138735
BANKNIFTY-III.NFO,26/11/2024,09:30:31,52852.05,52846.9,75,52859,30,0,138735
BANKNIFTY-III.NFO,26/11/2024,09:30:33,52852.05,52845.25,150,52859,30,0,138735
BANKNIFTY-III.NFO,26/11/2024,09:30:34,52852.05,52842.85,45,52859,30,0,138735
BANKNIFTY-III.NFO,26/11/2024,09:30:36,52852.05,52842.8,75,52858.4,75,0,138735
BANKNIFTY-III.NFO,26/11/2024,09:30:37,52852.05,52842.8,75,52858.95,75,0,138735
BANKNIFTY-III.NFO,26/11/2024,09:30:39,52852.05,52838.25,45,52856.85,75,0,138735
BANKNIFTY-III.NFO,26/11/2024,09:30:40,52852.05,52834.25,105,52854.55,60,0,138735
BANKNIFTY-III.NFO,26/11/2024,09:30:42,52852.05,52836.25,45,52856.2,90,0,138735
BANKNIFTY-III.NFO,26/11/2024,09:30:44,52852.05,52836.7,30,52855.75,75,0,138735
BANKNIFTY-III.NFO,26/11/2024,09:30:45,52852.05,52836.9,45,52857.1,60,0,138735
BANKNIFTY-III.NFO,26/11/2024,09:30:47,52852.05,52835.55,15,52853.9,75,0,138735
BANKNIFTY-III.NFO,26/11/2024,09:30:48,52852.05,52835,165,52853.7,75,0,138735
BANKNIFTY-III.NFO,26/11/2024,09:30:50,52852.05,52845,60,52856.4,75,0,138735
BANKNIFTY-III.NFO,26/11/2024,09:30:52,52852.05,52845,60,52856,75,0,138735
BANKNIFTY-III.NFO,26/11/2024,09:30:53,52852.05,52845,60,52856.1,75,0,138735
BANKNIFTY-III.NFO,26/11/2024,09:30:55,52852.05,52845,60,52856.35,75,0,138735
BANKNIFTY-III.NFO,26/11/2024,09:30:56,52852.05,52845,60,52852.05,15,0,138735
BANKNIFTY-III.NFO,26/11/2024,09:30:58,52852.05,52845.9,135,52852.05,15,0,138735
BANKNIFTY-III.NFO,26/11/2024,09:31:00,52852.05,52845.4,135,52852.05,15,0,138735
BANKNIFTY-III.NFO,26/11/2024,09:31:01,52852.05,52846.5,135,52852.05,15,0,138735
BANKNIFTY-III.NFO,26/11/2024,09:31:03,52852.05,52851.05,45,52859,45,15,138960
BANKNIFTY-III.NFO,26/11/2024,09:31:04,52852.05,52851.35,45,52859,45,0,138960
BANKNIFTY-III.NFO,26/11/2024,09:31:06,52852.05,52857.25,45,52859,45,0,138960
BANKNIFTY-III.NFO,26/11/2024,09:31:08,52860,52862.7,30,52877.3,30,120,138960
BANKNIFTY-III.NFO,26/11/2024,09:31:09,52859.9,52859.9,30,52872.25,15,30,138960
BANKNIFTY-III.NFO,26/11/2024,09:31:11,52859.9,52857.1,60,52872.25,15,30,138960
BANKNIFTY-III.NFO,26/11/2024,09:31:12,52859.9,52858.3,45,52872.25,15,0,138960
BANKNIFTY-III.NFO,26/11/2024,09:31:14,52859.9,52859.05,60,52872.25,15,0,138960
BANKNIFTY-III.NFO,26/11/2024,09:31:16,52859.9,52859.05,45,52872.25,15,0,138960
BANKNIFTY-III.NFO,26/11/2024,09:31:17,52859.9,52857.45,45,52872.25,15,0,138960
BANKNIFTY-III.NFO,26/11/2024,09:31:19,52859.9,52857.6,60,52872.25,15,0,138960
BANKNIFTY-III.NFO,26/11/2024,09:31:20,52859.9,52856.6,60,52872.25,15,0,138960
BANKNIFTY-III.NFO,26/11/2024,09:31:22,52859.9,52857.35,60,52872.25,15,0,138960
BANKNIFTY-III.NFO,26/11/2024,09:31:24,52859.9,52857.35,45,52872.25,15,0,138960
BANKNIFTY-III.NFO,26/11/2024,09:31:25,52875.25,52859.9,45,52878.5,75,30,138960
BANKNIFTY-III.NFO,26/11/2024,09:31:27,52865.5,52865.5,45,52882.1,45,30,138960
BANKNIFTY-III.NFO,26/11/2024,09:31:28,52865.5,52865.8,60,52883.85,30,0,138960
BANKNIFTY-III.NFO,26/11/2024,09:31:30,52877.5,52877.4,30,52892.2,60,15,138960
BANKNIFTY-III.NFO,26/11/2024,09:31:32,52885.9,52867.05,60,52885.85,60,60,138960
BANKNIFTY-III.NFO,26/11/2024,09:31:33,52885.9,52867.1,75,52882.25,45,0,138960
BANKNIFTY-III.NFO,26/11/2024,09:31:35,52885.9,52867.25,75,52882.2,60,0,138960
BANKNIFTY-III.NFO,26/11/2024,09:31:37,52886.1,52868.7,75,52884.95,60,15,138960
BANKNIFTY-III.NFO,26/11/2024,09:31:38,52886.1,52876.15,60,52897.35,45,0,138960
BANKNIFTY-III.NFO,26/11/2024,09:31:40,52886.1,52880.15,75,52897.2,60,0,138960
BANKNIFTY-III.NFO,26/11/2024,09:31:42,52886.1,52881.85,45,52885.9,15,0,138960
BANKNIFTY-III.NFO,26/11/2024,09:31:43,52885.9,52884.75,45,52897.25,45,15,138960
BANKNIFTY-III.NFO,26/11/2024,09:31:45,52895.9,52875.5,60,52890.9,30,15,138960
BANKNIFTY-III.NFO,26/11/2024,09:31:46,52895.9,52873.75,75,52891.8,45,0,138960
BANKNIFTY-III.NFO,26/11/2024,09:31:48,52895.9,52874.6,60,52890.5,75,0,138960
BANKNIFTY-III.NFO,26/11/2024,09:31:50,52895.9,52874.6,60,52889.25,30,0,138960
BANKNIFTY-III.NFO,26/11/2024,09:31:52,52895.9,52872.3,60,52889.4,30,0,138960
BANKNIFTY-III.NFO,26/11/2024,09:31:53,52895.9,52875.85,60,52891.8,30,0,138960
BANKNIFTY-III.NFO,26/11/2024,09:31:55,52895.9,52876.25,60,52894.2,30,0,138960
BANKNIFTY-III.NFO,26/11/2024,09:31:56,52895.9,52882.05,60,52896.95,45,0,138960
BANKNIFTY-III.NFO,26/11/2024,09:31:58,52895.9,52879.85,45,52894.55,45,0,138960
BANKNIFTY-III.NFO,26/11/2024,09:32:00,52895.9,52876.5,60,52895.1,45,0,138960
BANKNIFTY-III.NFO,26/11/2024,09:32:01,52895.9,52881.3,45,52895.2,30,0,138960
BANKNIFTY-III.NFO,26/11/2024,09:32:03,52895.9,52878.7,45,52893.5,45,0,138960
BANKNIFTY-III.NFO,26/11/2024,09:32:04,52895.9,52878.2,45,52892.6,45,0,138960
BANKNIFTY-III.NFO,26/11/2024,09:32:06,52895.9,52876.2,45,52889.3,30,0,138960
BANKNIFTY-III.NFO,26/11/2024,09:32:08,52895.9,52876.65,45,52889.55,30,0,138960
BANKNIFTY-III.NFO,26/11/2024,09:32:09,52895.9,52877.8,45,52891.85,30,0,138960
BANKNIFTY-III.NFO,26/11/2024,09:32:11,52895.9,52881,45,52894.55,60,0,138960
BANKNIFTY-III.NFO,26/11/2024,09:32:12,52895.9,52877.35,60,52896.6,30,0,138960
BANKNIFTY-III.NFO,26/11/2024,09:32:14,52895.9,52879.15,60,52895.2,30,0,138960
BANKNIFTY-III.NFO,26/11/2024,09:32:16,52877.75,52877,60,52895.45,75,15,138960
BANKNIFTY-III.NFO,26/11/2024,09:32:17,52896.6,52883.15,45,52895.05,30,30,138960
BANKNIFTY-III.NFO,26/11/2024,09:32:19,52896.6,52879.8,60,52895,30,0,138960
BANKNIFTY-III.NFO,26/11/2024,09:32:20,52896.6,52876.8,75,52894.45,60,0,138960
BANKNIFTY-III.NFO,26/11/2024,09:32:22,52896.6,52878.1,45,52893.3,30,0,138960
BANKNIFTY-III.NFO,26/11/2024,09:32:24,52896.6,52881.6,60,52895.9,15,0,138960
BANKNIFTY-III.NFO,26/11/2024,09:32:25,52896.6,52882.05,60,52895.9,15,0,138960
BANKNIFTY-III.NFO,26/11/2024,09:32:27,52896.6,52885.65,60,52895.9,15,0,138960
BANKNIFTY-III.NFO,26/11/2024,09:32:29,52896.6,52889.55,45,52895.9,15,0,138960
BANKNIFTY-III.NFO,26/11/2024,09:32:30,52896.6,52883.15,60,52895.9,15,0,138960
BANKNIFTY-III.NFO,26/11/2024,09:32:32,52896.6,52881.65,45,52895.75,30,0,138960
BANKNIFTY-III.NFO,26/11/2024,09:32:34,52896.6,52883,45,52895.9,15,0,138960
BANKNIFTY-III.NFO,26/11/2024,09:32:35,52896.6,52882.75,45,52894,15,0,138960
BANKNIFTY-III.NFO,26/11/2024,09:32:37,52881.05,52880.75,45,52892.2,45,30,138960
BANKNIFTY-III.NFO,26/11/2024,09:32:38,52881.05,52881.95,45,52893.95,30,0,138960
BANKNIFTY-III.NFO,26/11/2024,09:32:40,52881.05,52885,60,52894,15,0,138960
BANKNIFTY-III.NFO,26/11/2024,09:32:42,52881.05,52887.45,60,52894,15,0,138960
BANKNIFTY-III.NFO,26/11/2024,09:32:43,52890.1,52889.9,45,52894,15,15,138960
BANKNIFTY-III.NFO,26/11/2024,09:32:45,52890.1,52891.55,45,52894,15,0,138960
BANKNIFTY-III.NFO,26/11/2024,09:32:47,52892.4,52893.45,45,52894,15,15,138960
BANKNIFTY-III.NFO,26/11/2024,09:32:48,52899,52893.45,45,52900,225,75,138960
BANKNIFTY-III.NFO,26/11/2024,09:32:50,52887.7,52888.05,15,52896,45,75,138960
BANKNIFTY-III.NFO,26/11/2024,09:32:51,52887.7,52890.1,15,52896,45,0,138960
BANKNIFTY-III.NFO,26/11/2024,09:32:53,52887.7,52889.05,150,52896,45,0,138960
BANKNIFTY-III.NFO,26/11/2024,09:32:55,52887.7,52889.25,150,52896,45,0,138960
BANKNIFTY-III.NFO,26/11/2024,09:32:56,52887.7,52890.5,150,52896,45,0,138960
BANKNIFTY-III.NFO,26/11/2024,09:32:58,52887.7,52893.65,150,52896,45,0,138960
BANKNIFTY-III.NFO,26/11/2024,09:33:00,52896,52893.5,150,52900,225,45,138960
BANKNIFTY-III.NFO,26/11/2024,09:33:01,52896,52894.3,15,52900,105,0,138960
BANKNIFTY-III.NFO,26/11/2024,09:33:03,52896,52892.75,15,52900,105,0,138960
BANKNIFTY-III.NFO,26/11/2024,09:33:04,52896,52887.8,15,52900,105,0,138960
BANKNIFTY-III.NFO,26/11/2024,09:33:06,52896,52885,60,52898.4,105,0,138960
BANKNIFTY-III.NFO,26/11/2024,09:33:07,52896,52885,60,52897.2,90,0,138960
BANKNIFTY-III.NFO,26/11/2024,09:33:09,52896,52885,60,52897.15,60,0,138960
BANKNIFTY-III.NFO,26/11/2024,09:33:11,52896,52885,60,52891.55,60,0,138960
BANKNIFTY-III.NFO,26/11/2024,09:33:12,52885,52885,45,52896.35,75,15,138960
BANKNIFTY-III.NFO,26/11/2024,09:33:14,52885,52885,45,52892.3,90,0,138960
BANKNIFTY-III.NFO,26/11/2024,09:33:16,52885,52877.35,150,52885,75,45,138960
BANKNIFTY-III.NFO,26/11/2024,09:33:17,52885,52874.55,30,52885,75,0,138960
BANKNIFTY-III.NFO,26/11/2024,09:33:19,52885,52879,150,52885,75,0,138960
BANKNIFTY-III.NFO,26/11/2024,09:33:21,52885,52877.3,150,52885,75,0,138960
BANKNIFTY-III.NFO,26/11/2024,09:33:22,52885,52876.5,150,52885,75,0,138960
BANKNIFTY-III.NFO,26/11/2024,09:33:24,52885,52875.8,150,52885,75,0,138960
BANKNIFTY-III.NFO,26/11/2024,09:33:26,52885,52876.65,150,52885,75,0,138960
BANKNIFTY-III.NFO,26/11/2024,09:33:27,52885,52879.2,150,52885,75,0,138960
BANKNIFTY-III.NFO,26/11/2024,09:33:29,52885,52877.2,150,52885,75,0,138960
BANKNIFTY-III.NFO,26/11/2024,09:33:31,52885,52877.15,150,52885,75,0,138960
BANKNIFTY-III.NFO,26/11/2024,09:33:32,52885,52878,150,52885,75,0,138960
BANKNIFTY-III.NFO,26/11/2024,09:33:34,52885,52879.35,150,52885,75,0,138960
BANKNIFTY-III.NFO,26/11/2024,09:33:36,52885,52879.25,150,52885,60,15,138960
BANKNIFTY-III.NFO,26/11/2024,09:33:37,52885,52881.65,150,52885,60,0,138960
BANKNIFTY-III.NFO,26/11/2024,09:33:39,52885,52881.95,15,52885,60,0,138960
BANKNIFTY-III.NFO,26/11/2024,09:33:40,52885,52881.75,15,52885,60,0,138960
BANKNIFTY-III.NFO,26/11/2024,09:33:42,52885,52880,150,52885,60,0,138960
BANKNIFTY-III.NFO,26/11/2024,09:33:44,52885,52882.4,150,52885,60,0,138960
BANKNIFTY-III.NFO,26/11/2024,09:33:45,52885,52881.05,150,52885,45,15,138960
BANKNIFTY-III.NFO,26/11/2024,09:33:47,52885,52883.9,75,52885,45,0,138960
BANKNIFTY-III.NFO,26/11/2024,09:33:49,52885,52884.8,75,52898.95,45,45,138960
BANKNIFTY-III.NFO,26/11/2024,09:33:50,52885,52885,30,52898.25,60,0,138960
BANKNIFTY-III.NFO,26/11/2024,09:33:53,52885,52885,30,52897.5,30,0,138960
BANKNIFTY-III.NFO,26/11/2024,09:33:55,52885,52891.05,150,52899,150,0,138960
BANKNIFTY-III.NFO,26/11/2024,09:33:57,52899,52890.05,75,52900,105,150,138960
BANKNIFTY-III.NFO,26/11/2024,09:33:58,52899,52894.4,75,52900,105,0,138960
BANKNIFTY-III.NFO,26/11/2024,09:34:00,52899,52895.25,75,52900,105,0,138960
BANKNIFTY-III.NFO,26/11/2024,09:34:02,52899,52896.65,75,52900,105,0,138960
BANKNIFTY-III.NFO,26/11/2024,09:34:03,52900,52894.8,90,52900,75,30,138960
BANKNIFTY-III.NFO,26/11/2024,09:34:05,52900,52900.7,15,52904.95,15,135,139230
BANKNIFTY-III.NFO,26/11/2024,09:34:06,52904.95,52902.25,15,52905,510,15,139230
BANKNIFTY-III.NFO,26/11/2024,09:34:08,52904.95,52902.25,150,52905,510,0,139230
BANKNIFTY-III.NFO,26/11/2024,09:34:10,52905,52899.15,75,52905,405,225,139230
BANKNIFTY-III.NFO,26/11/2024,09:34:11,52922,52920,15,52925,30,495,139230
BANKNIFTY-III.NFO,26/11/2024,09:34:13,52922,52920,15,52925,30,0,139230
BANKNIFTY-III.NFO,26/11/2024,09:34:15,52920,52906.9,45,52925,30,30,139230
BANKNIFTY-III.NFO,26/11/2024,09:34:16,52920,52904.75,30,52923.55,105,0,139230
BANKNIFTY-III.NFO,26/11/2024,09:34:18,52920,52905.6,45,52924.45,60,0,139230
BANKNIFTY-III.NFO,26/11/2024,09:34:19,52920,52901.2,75,52923.85,60,0,139230
BANKNIFTY-III.NFO,26/11/2024,09:34:21,52920,52910.45,30,52925,15,0,139230
BANKNIFTY-III.NFO,26/11/2024,09:34:23,52920,52909.2,75,52924.75,60,0,139230
BANKNIFTY-III.NFO,26/11/2024,09:34:24,52923.85,52901.85,15,52924.45,75,30,139230
BANKNIFTY-III.NFO,26/11/2024,09:34:26,52919.45,52903.2,15,52919.45,60,15,139230
BANKNIFTY-III.NFO,26/11/2024,09:34:27,52919.45,52904.1,15,52923.25,60,0,139230
BANKNIFTY-III.NFO,26/11/2024,09:34:29,52919.45,52900.65,75,52918.2,75,0,139230
BANKNIFTY-III.NFO,26/11/2024,09:34:31,52919.45,52901.5,15,52920.1,75,0,139230
BANKNIFTY-III.NFO,26/11/2024,09:34:32,52921.65,52916,60,52922.1,60,45,139230
BANKNIFTY-III.NFO,26/11/2024,09:34:34,52921.65,52916,60,52921.2,105,0,139230
BANKNIFTY-III.NFO,26/11/2024,09:34:36,52921.65,52916,60,52922.3,60,0,139230
BANKNIFTY-III.NFO,26/11/2024,09:34:37,52921.65,52916,60,52925,45,0,139230
BANKNIFTY-III.NFO,26/11/2024,09:34:41,52920,52922,30,52925,15,30,139230
BANKNIFTY-III.NFO,26/11/2024,09:34:42,52925,52922,30,52927.95,60,15,139230
BANKNIFTY-III.NFO,26/11/2024,09:34:44,52925,52922,30,52928,15,0,139230
BANKNIFTY-III.NFO,26/11/2024,09:34:49,52925,52922.05,60,52928,15,0,139230
BANKNIFTY-III.NFO,26/11/2024,09:34:51,52925,52922,30,52928,15,0,139230
BANKNIFTY-III.NFO,26/11/2024,09:34:54,52927.95,52925,15,52927.95,45,15,139230
BANKNIFTY-III.NFO,26/11/2024,09:34:56,52927.95,52925,15,52927.95,45,0,139230
BANKNIFTY-III.NFO,26/11/2024,09:35:00,52927.95,52925,15,52928,15,0,139230
BANKNIFTY-III.NFO,26/11/2024,09:35:02,52919.35,52912.2,60,52930.7,45,75,139230
BANKNIFTY-III.NFO,26/11/2024,09:35:04,52919.35,52911.75,60,52931.1,45,0,139230
BANKNIFTY-III.NFO,26/11/2024,09:35:05,52919.35,52913,60,52928.65,15,0,139230
BANKNIFTY-III.NFO,26/11/2024,09:35:07,52919.35,52914.4,60,52931.05,45,0,139230
BANKNIFTY-III.NFO,26/11/2024,09:35:09,52919.35,52926.25,75,52935,30,0,139230
BANKNIFTY-III.NFO,26/11/2024,09:35:10,52919.35,52925.15,60,52935,30,0,139230
BANKNIFTY-III.NFO,26/11/2024,09:35:12,52919.35,52925,60,52935,30,0,139230
BANKNIFTY-III.NFO,26/11/2024,09:35:14,52919.35,52927.85,75,52935,30,0,139230
BANKNIFTY-III.NFO,26/11/2024,09:35:15,52935,52925.3,90,52935,15,15,139230
BANKNIFTY-III.NFO,26/11/2024,09:35:17,52935,52935,15,52940,60,15,139230
BANKNIFTY-III.NFO,26/11/2024,09:35:19,52935,52921.45,75,52937.4,30,15,139230
BANKNIFTY-III.NFO,26/11/2024,09:35:20,52935,52920.85,60,52939.25,75,0,139230
BANKNIFTY-III.NFO,26/11/2024,09:35:22,52935,52920.15,75,52936.1,60,0,139230
BANKNIFTY-III.NFO,26/11/2024,09:35:24,52935,52920,15,52928.95,60,0,139230
BANKNIFTY-III.NFO,26/11/2024,09:35:25,52935,52920,15,52928.05,60,0,139230
BANKNIFTY-III.NFO,26/11/2024,09:35:27,52920,52904.2,60,52920.05,75,15,139230
BANKNIFTY-III.NFO,26/11/2024,09:35:28,52920,52910.3,60,52930.15,75,0,139230
BANKNIFTY-III.NFO,26/11/2024,09:35:30,52920,52905.65,45,52924.2,75,0,139230
BANKNIFTY-III.NFO,26/11/2024,09:35:31,52920,52905.65,30,52920.35,60,0,139230
BANKNIFTY-III.NFO,26/11/2024,09:35:33,52920,52905.7,75,52922.4,60,0,139230
BANKNIFTY-III.NFO,26/11/2024,09:35:35,52920,52906.25,60,52920,30,0,139230
BANKNIFTY-III.NFO,26/11/2024,09:35:36,52920,52905.65,15,52919.35,60,0,139230
BANKNIFTY-III.NFO,26/11/2024,09:35:38,52920,52905.95,75,52919.15,75,0,139230
BANKNIFTY-III.NFO,26/11/2024,09:35:39,52920,52906,75,52919.55,75,0,139230
BANKNIFTY-III.NFO,26/11/2024,09:35:41,52920,52900.35,15,52912,75,0,139230
BANKNIFTY-III.NFO,26/11/2024,09:35:43,52920,52900.35,15,52908.8,60,0,139230
BANKNIFTY-III.NFO,26/11/2024,09:35:44,52920,52900.35,15,52910.65,60,0,139230
BANKNIFTY-III.NFO,26/11/2024,09:35:46,52920,52900.35,15,52914.2,60,0,139230
BANKNIFTY-III.NFO,26/11/2024,09:35:48,52920,52900.35,15,52914.1,60,0,139230
BANKNIFTY-III.NFO,26/11/2024,09:35:49,52920,52900.35,15,52914,60,0,139230
BANKNIFTY-III.NFO,26/11/2024,09:35:51,52920,52900.35,15,52916.7,105,0,139230
BANKNIFTY-III.NFO,26/11/2024,09:35:52,52920,52900.35,15,52915.45,75,0,139230
BANKNIFTY-III.NFO,26/11/2024,09:35:54,52920,52900.35,15,52913.45,75,0,139230
BANKNIFTY-III.NFO,26/11/2024,09:35:55,52913.45,52900.35,15,52915.75,60,15,139230
BANKNIFTY-III.NFO,26/11/2024,09:35:57,52913.45,52900.35,15,52913.35,45,0,139230
BANKNIFTY-III.NFO,26/11/2024,09:35:59,52913.45,52900.4,60,52916.2,60,0,139230
BANKNIFTY-III.NFO,26/11/2024,09:36:00,52913.45,52900.35,15,52913.9,45,0,139230
BANKNIFTY-III.NFO,26/11/2024,09:36:02,52913.45,52900.4,60,52914.25,45,0,139230
BANKNIFTY-III.NFO,26/11/2024,09:36:03,52913.45,52900.4,60,52914.1,45,0,139230
BANKNIFTY-III.NFO,26/11/2024,09:36:05,52913.45,52900.35,15,52914.1,60,0,139230
BANKNIFTY-III.NFO,26/11/2024,09:36:07,52890.6,52885,45,52903.4,45,90,139230
BANKNIFTY-III.NFO,26/11/2024,09:36:08,52890.6,52885.05,75,52902.7,90,0,139230
BANKNIFTY-III.NFO,26/11/2024,09:36:10,52890.6,52888.2,75,52907,90,0,139230
BANKNIFTY-III.NFO,26/11/2024,09:36:12,52890.6,52886.1,75,52904.05,60,0,139230
BANKNIFTY-III.NFO,26/11/2024,09:36:13,52890.6,52886.25,105,52904,60,0,139230
BANKNIFTY-III.NFO,26/11/2024,09:36:15,52890.6,52885,15,52900.7,60,0,139230
BANKNIFTY-III.NFO,26/11/2024,09:36:16,52890.6,52885.05,60,52900.65,60,0,139230
BANKNIFTY-III.NFO,26/11/2024,09:36:18,52890.6,52885.05,60,52896.65,45,0,139230
BANKNIFTY-III.NFO,26/11/2024,09:36:20,52890.6,52885,15,52899.85,60,0,139230
BANKNIFTY-III.NFO,26/11/2024,09:36:22,52890.6,52885.05,60,52901.35,60,0,139230
BANKNIFTY-III.NFO,26/11/2024,09:36:23,52890.6,52885,15,52892.15,15,0,139230
BANKNIFTY-III.NFO,26/11/2024,09:36:26,52890.6,52885,15,52891.95,45,0,139230
BANKNIFTY-III.NFO,26/11/2024,09:36:28,52890.6,52885,15,52885.35,45,0,139230
BANKNIFTY-III.NFO,26/11/2024,09:36:29,52880,52870,15,52880.75,75,45,139230
BANKNIFTY-III.NFO,26/11/2024,09:36:31,52880,52870,15,52882,135,0,139230
BANKNIFTY-III.NFO,26/11/2024,09:36:33,52870,52865.15,75,52881.95,60,150,139230
BANKNIFTY-III.NFO,26/11/2024,09:36:34,52870,52866.25,75,52881.95,45,0,139230
BANKNIFTY-III.NFO,26/11/2024,09:36:36,52866.85,52866.95,75,52882,135,30,139230
BANKNIFTY-III.NFO,26/11/2024,09:36:37,52866.85,52866.8,60,52881.95,45,0,139230
BANKNIFTY-III.NFO,26/11/2024,09:36:39,52867.45,52864.35,75,52881.9,75,15,139230
BANKNIFTY-III.NFO,26/11/2024,09:36:41,52867.45,52865.15,60,52881.95,60,0,139230
BANKNIFTY-III.NFO,26/11/2024,09:36:42,52867.45,52866.45,75,52881.95,60,0,139230
BANKNIFTY-III.NFO,26/11/2024,09:36:44,52867.45,52865.85,75,52882,135,0,139230
BANKNIFTY-III.NFO,26/11/2024,09:36:45,52867.45,52868,60,52882,135,0,139230
BANKNIFTY-III.NFO,26/11/2024,09:36:47,52867.45,52869.5,75,52882,135,0,139230
BANKNIFTY-III.NFO,26/11/2024,09:36:49,52867.45,52868.3,105,52882,135,0,139230
BANKNIFTY-III.NFO,26/11/2024,09:36:50,52867.45,52871.3,60,52882,135,0,139230
BANKNIFTY-III.NFO,26/11/2024,09:36:52,52882,52871.3,60,52882,120,15,139230
BANKNIFTY-III.NFO,26/11/2024,09:36:53,52882,52867.85,75,52881.95,45,0,139230
BANKNIFTY-III.NFO,26/11/2024,09:36:55,52882,52866.85,15,52877.05,60,0,139230
BANKNIFTY-III.NFO,26/11/2024,09:36:57,52882,52866.85,15,52879.5,60,0,139230
BANKNIFTY-III.NFO,26/11/2024,09:36:58,52882,52866.85,15,52881.5,60,0,139230
BANKNIFTY-III.NFO,26/11/2024,09:37:00,52882,52867,75,52881.95,60,0,139230
BANKNIFTY-III.NFO,26/11/2024,09:37:01,52882,52869.15,60,52882,120,0,139230
BANKNIFTY-III.NFO,26/11/2024,09:37:03,52882,52870.05,60,52882,120,0,139230
BANKNIFTY-III.NFO,26/11/2024,09:37:05,52870.05,52870.05,60,52882,120,15,139230
BANKNIFTY-III.NFO,26/11/2024,09:37:06,52882,52871.3,45,52882,105,15,139500
BANKNIFTY-III.NFO,26/11/2024,09:37:08,52882,52870.05,45,52882,105,0,139500
BANKNIFTY-III.NFO,26/11/2024,09:37:09,52882,52870,15,52881.9,45,0,139500
BANKNIFTY-III.NFO,26/11/2024,09:37:11,52882,52870.05,45,52882,105,0,139500
BANKNIFTY-III.NFO,26/11/2024,09:37:13,52882,52870,15,52881.95,60,0,139500
BANKNIFTY-III.NFO,26/11/2024,09:37:14,52882,52870.05,45,52882,105,0,139500
BANKNIFTY-III.NFO,26/11/2024,09:37:16,52882,52870.05,45,52881.9,45,0,139500
BANKNIFTY-III.NFO,26/11/2024,09:37:17,52882,52871.25,45,52881.9,45,0,139500
BANKNIFTY-III.NFO,26/11/2024,09:37:19,52882,52870.6,45,52882,105,0,139500
BANKNIFTY-III.NFO,26/11/2024,09:37:21,52882,52871.95,75,52882,105,0,139500
BANKNIFTY-III.NFO,26/11/2024,09:37:22,52882,52871.55,45,52882,105,0,139500
BANKNIFTY-III.NFO,26/11/2024,09:37:24,52882,52876.2,75,52882,105,0,139500
BANKNIFTY-III.NFO,26/11/2024,09:37:26,52882,52875.1,75,52882,105,0,139500
BANKNIFTY-III.NFO,26/11/2024,09:37:27,52882,52877,75,52882,105,0,139500
BANKNIFTY-III.NFO,26/11/2024,09:37:29,52882,52877.4,75,52882,90,15,139500
BANKNIFTY-III.NFO,26/11/2024,09:37:30,52882,52877.45,75,52882,90,0,139500
BANKNIFTY-III.NFO,26/11/2024,09:37:34,52880.65,52880.6,30,52896.9,75,120,139500
BANKNIFTY-III.NFO,26/11/2024,09:37:35,52880.65,52881.15,90,52897.1,75,0,139500
BANKNIFTY-III.NFO,26/11/2024,09:37:37,52880.65,52881.2,15,52896.35,15,0,139500
BANKNIFTY-III.NFO,26/11/2024,09:37:39,52880.65,52888.25,30,52902.8,15,0,139500
BANKNIFTY-III.NFO,26/11/2024,09:37:40,52880.65,52889.15,30,52902.8,15,0,139500
BANKNIFTY-III.NFO,26/11/2024,09:37:42,52880.65,52889.1,15,52902.8,15,0,139500
BANKNIFTY-III.NFO,26/11/2024,09:37:43,52887.05,52886.3,30,52902.8,30,30,139500
BANKNIFTY-III.NFO,26/11/2024,09:37:45,52887.05,52883,30,52900.8,75,0,139500
BANKNIFTY-III.NFO,26/11/2024,09:37:47,52887.05,52886.35,15,52900.4,75,0,139500
BANKNIFTY-III.NFO,26/11/2024,09:37:48,52887.05,52885.7,15,52900.5,75,0,139500
BANKNIFTY-III.NFO,26/11/2024,09:37:50,52887.05,52885.2,15,52900.6,75,0,139500
BANKNIFTY-III.NFO,26/11/2024,09:37:51,52887.05,52887.6,15,52902.5,75,0,139500
BANKNIFTY-III.NFO,26/11/2024,09:37:53,52887.05,52887,15,52900.25,60,0,139500
BANKNIFTY-III.NFO,26/11/2024,09:37:55,52887.05,52890.45,15,52902.7,60,0,139500
BANKNIFTY-III.NFO,26/11/2024,09:37:56,52887.05,52885.25,15,52900.95,75,0,139500
BANKNIFTY-III.NFO,26/11/2024,09:37:58,52887.05,52887.6,15,52903.1,60,0,139500
BANKNIFTY-III.NFO,26/11/2024,09:37:59,52887.05,52887.05,15,52901.2,60,0,139500
BANKNIFTY-III.NFO,26/11/2024,09:38:01,52887.05,52888.95,30,52905.7,75,0,139500
BANKNIFTY-III.NFO,26/11/2024,09:38:02,52887.05,52889,45,52910.1,30,0,139500
BANKNIFTY-III.NFO,26/11/2024,09:38:04,52887.05,52895.7,30,52915.9,45,0,139500
BANKNIFTY-III.NFO,26/11/2024,09:38:06,52887.05,52900.3,30,52915.9,30,0,139500
BANKNIFTY-III.NFO,26/11/2024,09:38:07,52887.05,52900.85,15,52916.5,15,0,139500
BANKNIFTY-III.NFO,26/11/2024,09:38:09,52887.05,52901.6,15,52915.4,75,0,139500
BANKNIFTY-III.NFO,26/11/2024,09:38:10,52887.05,52902.25,15,52914.4,60,0,139500
BANKNIFTY-III.NFO,26/11/2024,09:38:12,52887.05,52903,15,52917.55,60,0,139500
BANKNIFTY-III.NFO,26/11/2024,09:38:14,52887.05,52898.8,15,52916.2,60,0,139500
BANKNIFTY-III.NFO,26/11/2024,09:38:15,52887.05,52901.85,15,52916.95,60,0,139500
BANKNIFTY-III.NFO,26/11/2024,09:38:17,52887.05,52900.55,15,52916.75,60,0,139500
BANKNIFTY-III.NFO,26/11/2024,09:38:18,52887.05,52893.45,30,52912.1,75,0,139500
BANKNIFTY-III.NFO,26/11/2024,09:38:20,52887.05,52899.25,30,52916.4,60,0,139500
BANKNIFTY-III.NFO,26/11/2024,09:38:22,52887.05,52895.05,15,52910.3,60,0,139500
BANKNIFTY-III.NFO,26/11/2024,09:38:23,52887.05,52890.7,15,52908.7,60,0,139500
BANKNIFTY-III.NFO,26/11/2024,09:38:25,52887.05,52891.6,30,52907.45,60,0,139500
BANKNIFTY-III.NFO,26/11/2024,09:38:26,52887.05,52893.3,15,52906.7,60,0,139500
BANKNIFTY-III.NFO,26/11/2024,09:38:28,52887.05,52897.15,15,52910.05,60,0,139500
BANKNIFTY-III.NFO,26/11/2024,09:38:29,52887.05,52899.8,15,52913.55,60,0,139500
BANKNIFTY-III.NFO,26/11/2024,09:38:31,52887.05,52899.35,15,52913.05,60,0,139500
BANKNIFTY-III.NFO,26/11/2024,09:38:33,52887.05,52900.9,15,52912.35,60,0,139500
BANKNIFTY-III.NFO,26/11/2024,09:38:35,52887.05,52905.55,15,52915.8,60,0,139500
BANKNIFTY-III.NFO,26/11/2024,09:38:36,52887.05,52909.15,15,52919.25,90,0,139500
BANKNIFTY-III.NFO,26/11/2024,09:38:38,52887.05,52911.65,15,52920,30,0,139500
BANKNIFTY-III.NFO,26/11/2024,09:38:39,52920,52914,15,52920,15,15,139500
BANKNIFTY-III.NFO,26/11/2024,09:38:41,52920,52914.95,15,52920,15,0,139500
BANKNIFTY-III.NFO,26/11/2024,09:38:43,52920,52915.45,15,52920,15,0,139500
BANKNIFTY-III.NFO,26/11/2024,09:38:44,52920,52917.85,15,52920,15,0,139500
BANKNIFTY-III.NFO,26/11/2024,09:38:46,52920,52915.25,15,52920,15,0,139500
BANKNIFTY-III.NFO,26/11/2024,09:38:48,52920,52913,15,52920,15,0,139500
BANKNIFTY-III.NFO,26/11/2024,09:38:49,52920,52917.8,15,52920,15,0,139500
BANKNIFTY-III.NFO,26/11/2024,09:38:51,52920,52915.8,15,52920,15,0,139500
BANKNIFTY-III.NFO,26/11/2024,09:38:52,52920,52915.75,15,52920,15,0,139500
BANKNIFTY-III.NFO,26/11/2024,09:38:54,52920,52919.5,15,52920,15,0,139500
BANKNIFTY-III.NFO,26/11/2024,09:38:57,52920,52920.35,15,52924,15,15,139500
BANKNIFTY-III.NFO,26/11/2024,09:38:59,52920,52919,15,52922.25,150,0,139500
BANKNIFTY-III.NFO,26/11/2024,09:39:00,52920,52918.2,15,52922.25,150,0,139500
BANKNIFTY-III.NFO,26/11/2024,09:39:02,52920,52919.8,15,52924,15,0,139500
BANKNIFTY-III.NFO,26/11/2024,09:39:03,52923.25,52915.3,150,52924,15,15,139500
BANKNIFTY-III.NFO,26/11/2024,09:39:05,52923.25,52914.1,150,52924,15,0,139500
BANKNIFTY-III.NFO,26/11/2024,09:39:07,52923.25,52916.15,150,52924,15,0,139500
BANKNIFTY-III.NFO,26/11/2024,09:39:08,52923.25,52915.1,75,52924,15,0,139500
BANKNIFTY-III.NFO,26/11/2024,09:39:10,52923.25,52920,60,52924,15,0,139500
BANKNIFTY-III.NFO,26/11/2024,09:39:11,52923.25,52923.25,45,52924,15,0,139500
BANKNIFTY-III.NFO,26/11/2024,09:39:13,52924,52924,45,52925,15,30,139500
BANKNIFTY-III.NFO,26/11/2024,09:39:15,52924,52924,45,52925,15,0,139500
BANKNIFTY-III.NFO,26/11/2024,09:39:16,52924,52924,45,52925,30,0,139500
BANKNIFTY-III.NFO,26/11/2024,09:39:21,52925,52924,60,52930,30,30,139500
BANKNIFTY-III.NFO,26/11/2024,09:39:29,52925,52925,15,52929.95,60,0,139500
BANKNIFTY-III.NFO,26/11/2024,09:39:32,52925,52925,15,52930,60,0,139500
BANKNIFTY-III.NFO,26/11/2024,09:39:34,52925,52925,15,52929.95,60,0,139500
BANKNIFTY-III.NFO,26/11/2024,09:39:35,52924,52923.25,45,52926.55,60,75,139500
BANKNIFTY-III.NFO,26/11/2024,09:39:37,52923.25,52923.25,30,52926.55,60,15,139500
BANKNIFTY-III.NFO,26/11/2024,09:39:39,52923.25,52923.25,30,52924.35,45,0,139500
BANKNIFTY-III.NFO,26/11/2024,09:39:40,52923.25,52923.25,30,52924.8,45,0,139500
BANKNIFTY-III.NFO,26/11/2024,09:39:42,52925,52923.25,30,52925,15,30,139500
BANKNIFTY-III.NFO,26/11/2024,09:39:44,52923.25,52923.25,15,52923.95,45,15,139500
BANKNIFTY-III.NFO,26/11/2024,09:39:45,52923.25,52923.25,15,52925,15,0,139500
BANKNIFTY-III.NFO,26/11/2024,09:39:47,52924.4,52923.25,15,52924.4,30,15,139500
BANKNIFTY-III.NFO,26/11/2024,09:39:48,52923.25,52920,60,52922.9,45,15,139500
BANKNIFTY-III.NFO,26/11/2024,09:39:50,52923.25,52920,60,52921.1,60,0,139500
BANKNIFTY-III.NFO,26/11/2024,09:39:52,52920,52904.4,90,52919.95,60,60,139500
BANKNIFTY-III.NFO,26/11/2024,09:39:53,52920,52900.7,75,52916.25,75,0,139500
BANKNIFTY-III.NFO,26/11/2024,09:39:55,52920,52900,75,52915.35,75,0,139500
BANKNIFTY-III.NFO,26/11/2024,09:39:57,52920,52900,75,52916.15,75,0,139500
BANKNIFTY-III.NFO,26/11/2024,09:39:58,52920,52900,60,52915.6,75,0,139500
BANKNIFTY-III.NFO,26/11/2024,09:40:00,52920,52900,60,52912.2,75,0,139500
BANKNIFTY-III.NFO,26/11/2024,09:40:01,52920,52900,60,52911.85,60,0,139500
BANKNIFTY-III.NFO,26/11/2024,09:40:03,52920,52900,60,52908.05,60,0,139500
BANKNIFTY-III.NFO,26/11/2024,09:40:05,52920,52900,60,52902.7,60,0,139500
BANKNIFTY-III.NFO,26/11/2024,09:40:06,52880,52880.7,90,52897.45,75,120,139620
BANKNIFTY-III.NFO,26/11/2024,09:40:08,52880,52882.3,75,52899.9,30,0,139620
BANKNIFTY-III.NFO,26/11/2024,09:40:10,52880,52880.25,30,52899.8,60,0,139620
BANKNIFTY-III.NFO,26/11/2024,09:40:11,52880,52881.95,45,52900,75,0,139620
BANKNIFTY-III.NFO,26/11/2024,09:40:13,52880,52880,15,52888.5,60,0,139620
BANKNIFTY-III.NFO,26/11/2024,09:40:14,52880,52880,15,52887.75,75,0,139620
BANKNIFTY-III.NFO,26/11/2024,09:40:16,52880,52880,15,52888.8,45,0,139620
BANKNIFTY-III.NFO,26/11/2024,09:40:18,52880,52880,15,52889.8,60,0,139620
BANKNIFTY-III.NFO,26/11/2024,09:40:19,52880,52880,15,52886.95,45,0,139620
BANKNIFTY-III.NFO,26/11/2024,09:40:21,52880,52880,15,52885.5,45,0,139620
BANKNIFTY-III.NFO,26/11/2024,09:40:23,52880,52863.85,30,52875,195,15,139620
BANKNIFTY-III.NFO,26/11/2024,09:40:24,52880,52866.15,150,52875,195,0,139620
BANKNIFTY-III.NFO,26/11/2024,09:40:26,52880,52867.95,150,52875,195,0,139620
BANKNIFTY-III.NFO,26/11/2024,09:40:27,52880,52868,45,52875,195,0,139620
BANKNIFTY-III.NFO,26/11/2024,09:40:29,52880,52868.7,45,52875,195,0,139620
BANKNIFTY-III.NFO,26/11/2024,09:40:31,52875,52868.7,45,52882.85,75,195,139620
BANKNIFTY-III.NFO,26/11/2024,09:40:32,52882.85,52871.45,15,52885.7,60,15,139620
BANKNIFTY-III.NFO,26/11/2024,09:40:34,52882.85,52871.05,45,52884.6,75,0,139620
BANKNIFTY-III.NFO,26/11/2024,09:40:35,52882.85,52865.95,45,52882.75,75,0,139620
BANKNIFTY-III.NFO,26/11/2024,09:40:37,52882.85,52864.7,45,52879.55,105,0,139620
BANKNIFTY-III.NFO,26/11/2024,09:40:39,52882.85,52864.75,30,52880.3,60,0,139620
BANKNIFTY-III.NFO,26/11/2024,09:40:40,52882.85,52862.05,30,52878.95,75,0,139620
BANKNIFTY-III.NFO,26/11/2024,09:40:42,52882.85,52862.05,15,52877.9,75,0,139620
BANKNIFTY-III.NFO,26/11/2024,09:40:44,52882.85,52862,15,52875.65,75,0,139620
BANKNIFTY-III.NFO,26/11/2024,09:40:45,52872.3,52862,15,52873.95,75,15,139620
BANKNIFTY-III.NFO,26/11/2024,09:40:47,52855.65,52857.35,165,52873.85,60,450,139620
BANKNIFTY-III.NFO,26/11/2024,09:40:49,52862,52858.3,150,52862,90,105,139620
BANKNIFTY-III.NFO,26/11/2024,09:40:50,52862,52853.55,75,52862,90,0,139620
BANKNIFTY-III.NFO,26/11/2024,09:40:52,52862,52853.3,150,52862,90,0,139620
BANKNIFTY-III.NFO,26/11/2024,09:40:53,52862,52853.65,75,52862,90,0,139620
BANKNIFTY-III.NFO,26/11/2024,09:40:55,52862,52855.9,150,52862,90,0,139620
BANKNIFTY-III.NFO,26/11/2024,09:40:57,52862,52854.05,75,52862,90,0,139620
BANKNIFTY-III.NFO,26/11/2024,09:40:58,52862,52852.7,150,52862,90,0,139620
BANKNIFTY-III.NFO,26/11/2024,09:41:00,52862,52852.75,150,52862,90,0,139620
BANKNIFTY-III.NFO,26/11/2024,09:41:02,52862,52849,15,52860.55,45,0,139620
BANKNIFTY-III.NFO,26/11/2024,09:41:03,52862,52855,15,52862,90,0,139620
BANKNIFTY-III.NFO,26/11/2024,09:41:08,52862,52855,15,52861.9,45,0,139620
BANKNIFTY-III.NFO,26/11/2024,09:41:11,52862,52855.95,45,52862,90,0,139620
BANKNIFTY-III.NFO,26/11/2024,09:41:13,52862,52859.2,90,52877.3,60,90,139620
BANKNIFTY-III.NFO,26/11/2024,09:41:15,52862,52860.15,150,52875.8,75,0,139620
BANKNIFTY-III.NFO,26/11/2024,09:41:16,52860,52855.6,15,52873.65,60,150,139620
BANKNIFTY-III.NFO,26/11/2024,09:41:18,52856.35,52862,15,52873.4,75,120,139620
BANKNIFTY-III.NFO,26/11/2024,09:41:20,52856.35,52862,15,52872.45,75,0,139620
BANKNIFTY-III.NFO,26/11/2024,09:41:21,52856.35,52862,15,52870.85,105,0,139620
BANKNIFTY-III.NFO,26/11/2024,09:41:23,52856.35,52862,15,52870.15,75,0,139620
BANKNIFTY-III.NFO,26/11/2024,09:41:24,52856.35,52862,15,52870.6,75,0,139620
BANKNIFTY-III.NFO,26/11/2024,09:41:26,52856.35,52862,15,52866.5,60,0,139620
BANKNIFTY-III.NFO,26/11/2024,09:41:27,52856.35,52862,15,52869.55,60,0,139620
BANKNIFTY-III.NFO,26/11/2024,09:41:29,52856.35,52862,15,52869.45,60,0,139620
BANKNIFTY-III.NFO,26/11/2024,09:41:31,52856.35,52862,15,52869.55,45,0,139620
BANKNIFTY-III.NFO,26/11/2024,09:41:34,52856.35,52862,15,52869.45,45,0,139620
BANKNIFTY-III.NFO,26/11/2024,09:41:36,52856.35,52862,15,52870.85,45,0,139620
BANKNIFTY-III.NFO,26/11/2024,09:41:37,52856.35,52862,15,52869.45,45,0,139620
BANKNIFTY-III.NFO,26/11/2024,09:41:39,52856.35,52862,15,52870.4,15,0,139620
BANKNIFTY-III.NFO,26/11/2024,09:41:41,52856.35,52856.75,60,52873,75,30,139620
BANKNIFTY-III.NFO,26/11/2024,09:41:42,52856.35,52855,15,52870,15,0,139620
BANKNIFTY-III.NFO,26/11/2024,09:41:44,52856.35,52859.5,60,52870.05,15,0,139620
BANKNIFTY-III.NFO,26/11/2024,09:41:46,52856.35,52864.25,15,52879.6,30,0,139620
BANKNIFTY-III.NFO,26/11/2024,09:41:47,52856.35,52869.85,60,52882.65,60,0,139620
BANKNIFTY-III.NFO,26/11/2024,09:41:49,52856.35,52858.6,15,52875.85,30,390,139620
BANKNIFTY-III.NFO,26/11/2024,09:41:51,52856.35,52859.85,45,52877.7,15,0,139620
BANKNIFTY-III.NFO,26/11/2024,09:41:52,52856.35,52864,45,52880.15,60,0,139620
BANKNIFTY-III.NFO,26/11/2024,09:41:56,52856.35,52865.7,45,52882.45,60,0,139620
BANKNIFTY-III.NFO,26/11/2024,09:41:57,52856.35,52866.3,45,52882.85,15,0,139620
BANKNIFTY-III.NFO,26/11/2024,09:41:59,52856.35,52866.85,45,52886.3,15,0,139620
BANKNIFTY-III.NFO,26/11/2024,09:42:00,52864.3,52864.9,15,52882.85,75,120,139620
BANKNIFTY-III.NFO,26/11/2024,09:42:02,52864.3,52865.85,15,52884.45,15,0,139620
BANKNIFTY-III.NFO,26/11/2024,09:42:04,52864.3,52861.65,15,52880.45,30,0,139620
BANKNIFTY-III.NFO,26/11/2024,09:42:05,52864.3,52865.55,75,52884.7,30,0,139620
BANKNIFTY-III.NFO,26/11/2024,09:42:07,52864.3,52867.85,15,52885.6,45,0,139620
BANKNIFTY-III.NFO,26/11/2024,09:42:09,52864.3,52872.8,45,52890.7,60,0,139620
BANKNIFTY-III.NFO,26/11/2024,09:42:10,52872.85,52873.2,75,52893.35,60,15,139620
BANKNIFTY-III.NFO,26/11/2024,09:42:12,52872.85,52873.2,75,52890.25,30,0,139620
BANKNIFTY-III.NFO,26/11/2024,09:42:14,52872.85,52873.25,60,52890.4,15,0,139620
BANKNIFTY-III.NFO,26/11/2024,09:42:15,52872.85,52873.85,60,52891.9,15,0,139620
BANKNIFTY-III.NFO,26/11/2024,09:42:17,52872.85,52873.25,75,52891.1,30,0,139620
BANKNIFTY-III.NFO,26/11/2024,09:42:18,52872.85,52873.25,75,52888.7,90,0,139620
BANKNIFTY-III.NFO,26/11/2024,09:42:20,52872.85,52873.25,75,52887.4,15,0,139620
BANKNIFTY-III.NFO,26/11/2024,09:42:22,52872.85,52874.95,15,52894,60,0,139620
BANKNIFTY-III.NFO,26/11/2024,09:42:23,52872.85,52887.4,15,52896.15,75,0,139620
BANKNIFTY-III.NFO,26/11/2024,09:42:25,52872.85,52887.4,15,52894.65,75,0,139620
BANKNIFTY-III.NFO,26/11/2024,09:42:27,52872.85,52887.4,15,52898.1,75,0,139620
BANKNIFTY-III.NFO,26/11/2024,09:42:28,52872.85,52887.4,15,52896.75,75,0,139620
BANKNIFTY-III.NFO,26/11/2024,09:42:30,52887.4,52879.65,30,52896.75,60,15,139620
BANKNIFTY-III.NFO,26/11/2024,09:42:32,52887.4,52880.25,30,52896.8,60,0,139620
BANKNIFTY-III.NFO,26/11/2024,09:42:33,52887.4,52878.8,30,52896.1,60,0,139620
BANKNIFTY-III.NFO,26/11/2024,09:42:35,52887.4,52880.55,75,52896.55,60,0,139620
BANKNIFTY-III.NFO,26/11/2024,09:42:36,52880.55,52875.15,60,52892.85,75,15,139620
BANKNIFTY-III.NFO,26/11/2024,09:42:38,52880.55,52887.4,15,52893.8,75,0,139620
BANKNIFTY-III.NFO,26/11/2024,09:42:40,52880.55,52887.4,15,52894.85,75,0,139620
BANKNIFTY-III.NFO,26/11/2024,09:42:41,52880.55,52887.4,15,52894.55,75,0,139620
BANKNIFTY-III.NFO,26/11/2024,09:42:43,52880.55,52887.4,15,52895.7,75,0,139620
BANKNIFTY-III.NFO,26/11/2024,09:42:45,52880.55,52887.4,15,52893.3,60,0,139620
BANKNIFTY-III.NFO,26/11/2024,09:42:46,52880.55,52887.4,15,52894.05,60,0,139620
BANKNIFTY-III.NFO,26/11/2024,09:42:48,52880.55,52887.4,15,52890.55,60,0,139620
BANKNIFTY-III.NFO,26/11/2024,09:42:49,52880.55,52887.4,15,52890.45,60,0,139620
BANKNIFTY-III.NFO,26/11/2024,09:42:51,52880.55,52887.4,15,52891.4,60,0,139620
BANKNIFTY-III.NFO,26/11/2024,09:42:53,52880.55,52887.4,15,52898.3,45,0,139620
BANKNIFTY-III.NFO,26/11/2024,09:42:54,52880.55,52887.4,15,52898.7,15,0,139620
BANKNIFTY-III.NFO,26/11/2024,09:42:56,52880.55,52888.6,30,52899.95,45,0,139620
BANKNIFTY-III.NFO,26/11/2024,09:42:58,52880.55,52888.4,60,52899.95,45,0,139620
BANKNIFTY-III.NFO,26/11/2024,09:43:04,52890,52888.4,60,52899.95,45,15,140445
BANKNIFTY-III.NFO,26/11/2024,09:43:06,52890,52888.4,60,52899.95,45,0,140445
BANKNIFTY-III.NFO,26/11/2024,09:43:09,52900,52888.4,60,52899.95,75,75,140445
BANKNIFTY-III.NFO,26/11/2024,09:43:11,52900,52888.4,60,52897.5,75,0,140445
BANKNIFTY-III.NFO,26/11/2024,09:43:12,52900,52887.4,15,52893.25,60,0,140445
BANKNIFTY-III.NFO,26/11/2024,09:43:14,52900,52887.4,15,52895.2,60,0,140445
BANKNIFTY-III.NFO,26/11/2024,09:43:16,52900,52887.4,15,52894.75,60,0,140445
BANKNIFTY-III.NFO,26/11/2024,09:43:17,52900,52887.4,15,52893.35,60,0,140445
BANKNIFTY-III.NFO,26/11/2024,09:43:19,52887.4,52885,15,52890.75,60,15,140445
BANKNIFTY-III.NFO,26/11/2024,09:43:20,52885,52874.05,60,52889.35,75,15,140445
BANKNIFTY-III.NFO,26/11/2024,09:43:22,52885,52874.05,60,52886.8,75,0,140445
BANKNIFTY-III.NFO,26/11/2024,09:43:24,52885,52874.05,60,52888.45,60,0,140445
BANKNIFTY-III.NFO,26/11/2024,09:43:25,52885,52874.05,60,52888.45,75,0,140445
BANKNIFTY-III.NFO,26/11/2024,09:43:27,52885,52874.95,60,52894.2,60,0,140445
BANKNIFTY-III.NFO,26/11/2024,09:43:28,52885,52876.6,60,52894.05,45,0,140445
BANKNIFTY-III.NFO,26/11/2024,09:43:30,52885,52870.05,60,52885.8,30,0,140445
BANKNIFTY-III.NFO,26/11/2024,09:43:32,52885,52870.05,60,52887.2,75,0,140445
BANKNIFTY-III.NFO,26/11/2024,09:43:33,52885,52870.05,60,52888.3,60,0,140445
BANKNIFTY-III.NFO,26/11/2024,09:43:35,52885,52870.05,60,52882.8,75,0,140445
BANKNIFTY-III.NFO,26/11/2024,09:43:37,52885,52870.05,60,52882.8,15,0,140445
BANKNIFTY-III.NFO,26/11/2024,09:43:38,52885,52870.05,60,52884,75,0,140445
BANKNIFTY-III.NFO,26/11/2024,09:43:42,52885,52870.05,60,52882.4,105,0,140445
BANKNIFTY-III.NFO,26/11/2024,09:43:43,52885,52870.05,60,52878.4,105,0,140445
BANKNIFTY-III.NFO,26/11/2024,09:43:45,52885,52870.05,60,52879.45,105,0,140445
BANKNIFTY-III.NFO,26/11/2024,09:43:46,52885,52870.05,60,52877.8,60,0,140445
BANKNIFTY-III.NFO,26/11/2024,09:43:48,52885,52870.05,60,52877.55,90,0,140445
BANKNIFTY-III.NFO,26/11/2024,09:43:50,52885,52870.05,60,52880.05,75,0,140445
BANKNIFTY-III.NFO,26/11/2024,09:43:51,52885,52870.05,60,52878.95,90,0,140445
BANKNIFTY-III.NFO,26/11/2024,09:43:53,52871.45,52870,15,52870.55,60,60,140445
BANKNIFTY-III.NFO,26/11/2024,09:43:55,52871.45,52870,15,52873.4,45,0,140445
BANKNIFTY-III.NFO,26/11/2024,09:43:56,52871.45,52870,15,52879.5,75,0,140445
BANKNIFTY-III.NFO,26/11/2024,09:43:58,52871.45,52870,15,52879,75,0,140445
BANKNIFTY-III.NFO,26/11/2024,09:44:00,52871.45,52870,15,52876.6,60,0,140445
BANKNIFTY-III.NFO,26/11/2024,09:44:01,52871.45,52870,15,52876.3,75,0,140445
BANKNIFTY-III.NFO,26/11/2024,09:44:03,52870,52860,15,52873.05,60,15,140445
BANKNIFTY-III.NFO,26/11/2024,09:44:05,52870,52860,15,52872.45,75,0,140445
BANKNIFTY-III.NFO,26/11/2024,09:44:06,52853.3,52854.8,15,52873.8,105,75,140445
BANKNIFTY-III.NFO,26/11/2024,09:44:08,52853.3,52854.85,60,52874.05,60,0,140445
BANKNIFTY-III.NFO,26/11/2024,09:44:10,52853.3,52854.85,60,52870.9,60,0,140445
BANKNIFTY-III.NFO,26/11/2024,09:44:11,52853.3,52850.9,60,52871.05,15,0,140445
BANKNIFTY-III.NFO,26/11/2024,09:44:13,52853.3,52851.75,60,52870.4,60,0,140445
BANKNIFTY-III.NFO,26/11/2024,09:44:15,52853.3,52851.75,60,52867.95,60,0,140445
BANKNIFTY-III.NFO,26/11/2024,09:44:16,52853.3,52850,45,52866.55,75,0,140445
BANKNIFTY-III.NFO,26/11/2024,09:44:18,52853.3,52850,45,52864.55,15,0,140445
BANKNIFTY-III.NFO,26/11/2024,09:44:20,52853.3,52850,45,52862.55,45,0,140445
BANKNIFTY-III.NFO,26/11/2024,09:44:21,52853.3,52850,45,52855.1,75,0,140445
BANKNIFTY-III.NFO,26/11/2024,09:44:23,52853.3,52850,45,52859.55,75,0,140445
BANKNIFTY-III.NFO,26/11/2024,09:44:25,52840,52832.9,60,52848.55,75,90,140445
BANKNIFTY-III.NFO,26/11/2024,09:44:26,52832.9,52829.55,60,52845.35,60,150,140445
BANKNIFTY-III.NFO,26/11/2024,09:44:28,52845.35,52829.6,15,52842.3,45,15,140445
BANKNIFTY-III.NFO,26/11/2024,09:44:29,52845.35,52837.5,60,52851.6,75,0,140445
BANKNIFTY-III.NFO,26/11/2024,09:44:31,52845.35,52832.9,15,52847.55,75,0,140445
BANKNIFTY-III.NFO,26/11/2024,09:44:33,52845.35,52832.9,15,52845.95,60,0,140445
BANKNIFTY-III.NFO,26/11/2024,09:44:34,52845.35,52833.6,15,52851,105,0,140445
BANKNIFTY-III.NFO,26/11/2024,09:44:36,52845.35,52833.7,15,52852.3,60,0,140445
BANKNIFTY-III.NFO,26/11/2024,09:44:38,52845.35,52833.05,15,52851.8,60,0,140445
BANKNIFTY-III.NFO,26/11/2024,09:44:39,52845.35,52833.05,15,52853,60,0,140445
BANKNIFTY-III.NFO,26/11/2024,09:44:41,52845.35,52833.05,15,52849.85,15,0,140445
BANKNIFTY-III.NFO,26/11/2024,09:44:42,52845.35,52833.05,15,52852.1,60,0,140445
BANKNIFTY-III.NFO,26/11/2024,09:44:44,52845.35,52833.05,15,52852.7,60,0,140445
BANKNIFTY-III.NFO,26/11/2024,09:44:46,52845.35,52833.05,15,52853,60,0,140445
BANKNIFTY-III.NFO,26/11/2024,09:44:47,52845.35,52832.95,15,52849.9,90,0,140445
BANKNIFTY-III.NFO,26/11/2024,09:44:49,52845.35,52833.9,15,52851.4,75,0,140445
BANKNIFTY-III.NFO,26/11/2024,09:44:51,52845.35,52832.95,15,52850.35,15,0,140445
BANKNIFTY-III.NFO,26/11/2024,09:44:52,52845.35,52840.35,15,52859.5,60,0,140445
BANKNIFTY-III.NFO,26/11/2024,09:44:54,52845.35,52837.7,15,52856.15,60,0,140445
BANKNIFTY-III.NFO,26/11/2024,09:44:56,52845.35,52837.7,15,52854.85,30,0,140445
BANKNIFTY-III.NFO,26/11/2024,09:44:57,52845.35,52835.25,15,52853.55,15,0,140445
BANKNIFTY-III.NFO,26/11/2024,09:44:59,52845.35,52836.45,15,52854,60,0,140445
BANKNIFTY-III.NFO,26/11/2024,09:45:00,52845.35,52833.45,15,52851.7,60,0,140445
BANKNIFTY-III.NFO,26/11/2024,09:45:02,52845.35,52834.45,15,52850.9,60,0,140445
BANKNIFTY-III.NFO,26/11/2024,09:45:04,52845.35,52835.4,15,52851.7,15,0,140445
BANKNIFTY-III.NFO,26/11/2024,09:45:05,52835.4,52834.9,15,52851.7,60,15,140445
BANKNIFTY-III.NFO,26/11/2024,09:45:07,52835.4,52832.9,15,52848.05,15,0,140445
BANKNIFTY-III.NFO,26/11/2024,09:45:09,52835.4,52832.9,15,52846.15,60,0,140445
BANKNIFTY-III.NFO,26/11/2024,09:45:10,52835.4,52832.9,15,52846.4,105,0,140445
BANKNIFTY-III.NFO,26/11/2024,09:45:12,52835.4,52832.9,15,52846.25,75,0,140445
BANKNIFTY-III.NFO,26/11/2024,09:45:14,52835.4,52832.9,15,52846.45,90,0,140445
BANKNIFTY-III.NFO,26/11/2024,09:45:15,52835.4,52832.9,15,52847.95,60,0,140445
BANKNIFTY-III.NFO,26/11/2024,09:45:17,52835.4,52832.9,15,52847.75,75,0,140445
BANKNIFTY-III.NFO,26/11/2024,09:45:19,52835.4,52832.95,15,52848.2,75,0,140445
BANKNIFTY-III.NFO,26/11/2024,09:45:22,52835.4,52832.9,15,52846.4,75,0,140445
BANKNIFTY-III.NFO,26/11/2024,09:45:24,52835.4,52832.9,15,52847.05,75,0,140445
BANKNIFTY-III.NFO,26/11/2024,09:45:25,52835.4,52832.95,15,52851.7,60,0,140445
BANKNIFTY-III.NFO,26/11/2024,09:45:27,52835.4,52832.95,15,52849.6,60,0,140445
BANKNIFTY-III.NFO,26/11/2024,09:45:28,52835.4,52832.9,15,52846.2,75,0,140445
BANKNIFTY-III.NFO,26/11/2024,09:45:30,52835.4,52832.9,15,52843.8,105,0,140445
BANKNIFTY-III.NFO,26/11/2024,09:45:32,52825,52820,45,52825,45,60,140445
BANKNIFTY-III.NFO,26/11/2024,09:45:33,52820,52821.4,90,52835.05,60,45,140445
BANKNIFTY-III.NFO,26/11/2024,09:45:35,52820,52823,30,52836.25,75,0,140445
BANKNIFTY-III.NFO,26/11/2024,09:45:37,52838.5,52822.4,60,52832.85,60,30,140445
BANKNIFTY-III.NFO,26/11/2024,09:45:38,52838.5,52822.4,60,52832.15,60,0,140445
BANKNIFTY-III.NFO,26/11/2024,09:45:40,52838.5,52823.4,60,52832.9,15,0,140445
BANKNIFTY-III.NFO,26/11/2024,09:45:42,52838.5,52822,60,52832.85,60,0,140445
BANKNIFTY-III.NFO,26/11/2024,09:45:43,52838.5,52820.3,30,52831.15,60,0,140445
BANKNIFTY-III.NFO,26/11/2024,09:45:45,52838.5,52819.05,30,52831.15,60,0,140445
BANKNIFTY-III.NFO,26/11/2024,09:45:47,52838.5,52821.05,30,52832.85,60,0,140445
BANKNIFTY-III.NFO,26/11/2024,09:45:48,52838.5,52822.05,30,52832.85,60,0,140445
BANKNIFTY-III.NFO,26/11/2024,09:45:50,52838.5,52822.9,15,52832.9,15,0,140445
BANKNIFTY-III.NFO,26/11/2024,09:45:52,52820.9,52823.75,30,52832.9,15,150,140445
BANKNIFTY-III.NFO,26/11/2024,09:45:53,52825,52821,15,52825,15,15,140445
BANKNIFTY-III.NFO,26/11/2024,09:45:55,52825,52821,15,52825,15,0,140445
BANKNIFTY-III.NFO,26/11/2024,09:45:57,52825,52820.7,60,52825,15,0,140445
BANKNIFTY-III.NFO,26/11/2024,09:45:58,52825,52825,15,52832.9,15,15,140445
BANKNIFTY-III.NFO,26/11/2024,09:46:00,52825,52825,15,52832.85,60,0,140445
BANKNIFTY-III.NFO,26/11/2024,09:46:03,52825,52825,15,52832.15,60,0,140445
BANKNIFTY-III.NFO,26/11/2024,09:46:05,52832.2,52825,15,52832.15,60,75,140625
BANKNIFTY-III.NFO,26/11/2024,09:46:07,52832.2,52825,15,52832.85,60,0,140625
BANKNIFTY-III.NFO,26/11/2024,09:46:08,52832.2,52825,15,52829.95,60,0,140625
BANKNIFTY-III.NFO,26/11/2024,09:46:10,52832.2,52825,15,52830,15,0,140625
BANKNIFTY-III.NFO,26/11/2024,09:46:11,52832.2,52825,15,52829.85,45,0,140625
BANKNIFTY-III.NFO,26/11/2024,09:46:13,52832.2,52825,15,52829.25,45,0,140625
BANKNIFTY-III.NFO,26/11/2024,09:46:16,52830,52825,15,52834.9,45,15,140625
BANKNIFTY-III.NFO,26/11/2024,09:46:18,52830,52825.05,60,52838.55,15,0,140625
BANKNIFTY-III.NFO,26/11/2024,09:46:20,52830,52825,30,52836,15,0,140625
BANKNIFTY-III.NFO,26/11/2024,09:46:21,52830,52825,30,52835.55,60,0,140625
BANKNIFTY-III.NFO,26/11/2024,09:46:23,52830,52825,30,52838.15,60,0,140625
BANKNIFTY-III.NFO,26/11/2024,09:46:24,52830,52825.05,75,52838.9,15,0,140625
BANKNIFTY-III.NFO,26/11/2024,09:46:26,52830,52827.65,60,52838.15,15,0,140625
BANKNIFTY-III.NFO,26/11/2024,09:46:28,52830,52825.05,60,52838.15,15,0,140625
BANKNIFTY-III.NFO,26/11/2024,09:46:29,52830,52826.8,60,52837.7,45,0,140625
BANKNIFTY-III.NFO,26/11/2024,09:46:31,52830,52828.65,60,52842.25,15,0,140625
BANKNIFTY-III.NFO,26/11/2024,09:46:33,52830,52830.4,60,52841.2,15,0,140625
BANKNIFTY-III.NFO,26/11/2024,09:46:34,52830,52831.95,60,52841.85,15,0,140625
BANKNIFTY-III.NFO,26/11/2024,09:46:36,52830,52830.05,60,52840.65,15,0,140625
BANKNIFTY-III.NFO,26/11/2024,09:46:38,52830,52830.15,60,52844.1,15,0,140625
BANKNIFTY-III.NFO,26/11/2024,09:46:39,52840.65,52833.25,60,52840.65,75,15,140625
BANKNIFTY-III.NFO,26/11/2024,09:46:41,52833.25,52830.3,45,52845,30,75,140625
BANKNIFTY-III.NFO,26/11/2024,09:46:42,52833.25,52833.25,45,52848.45,15,0,140625
BANKNIFTY-III.NFO,26/11/2024,09:46:44,52833.25,52833.55,45,52846.15,15,0,140625
BANKNIFTY-III.NFO,26/11/2024,09:46:46,52833.25,52831.1,45,52846.15,30,0,140625
BANKNIFTY-III.NFO,26/11/2024,09:46:47,52833.25,52831.45,45,52847.05,30,0,140625
BANKNIFTY-III.NFO,26/11/2024,09:46:49,52833.25,52832.6,45,52845.75,15,0,140625
BANKNIFTY-III.NFO,26/11/2024,09:46:50,52833,52832.6,45,52844.6,15,15,140625
BANKNIFTY-III.NFO,26/11/2024,09:46:52,52833,52832.6,45,52846.35,30,0,140625
BANKNIFTY-III.NFO,26/11/2024,09:46:54,52832.6,52825,30,52837.85,75,45,140625
BANKNIFTY-III.NFO,26/11/2024,09:46:55,52832.6,52825,30,52837.5,60,0,140625
BANKNIFTY-III.NFO,26/11/2024,09:46:57,52825,52825.8,15,52838.5,60,60,140625
BANKNIFTY-III.NFO,26/11/2024,09:46:59,52825,52833,15,52840.7,15,0,140625
BANKNIFTY-III.NFO,26/11/2024,09:47:00,52825,52833,15,52842.6,60,0,140625
BANKNIFTY-III.NFO,26/11/2024,09:47:02,52825,52833,15,52842.85,45,0,140625
BANKNIFTY-III.NFO,26/11/2024,09:47:03,52829.5,52829,60,52839.1,30,30,140625
BANKNIFTY-III.NFO,26/11/2024,09:47:05,52829.5,52827.85,60,52841.3,30,0,140625
BANKNIFTY-III.NFO,26/11/2024,09:47:07,52829.5,52827.85,60,52840.4,75,0,140625
BANKNIFTY-III.NFO,26/11/2024,09:47:08,52829.5,52825.75,15,52838.25,75,0,140625
BANKNIFTY-III.NFO,26/11/2024,09:47:10,52829.5,52823.95,15,52837.3,75,0,140625
BANKNIFTY-III.NFO,26/11/2024,09:47:12,52829.5,52824,15,52836.9,105,0,140625
BANKNIFTY-III.NFO,26/11/2024,09:47:13,52829.5,52820.1,15,52833.1,60,0,140625
BANKNIFTY-III.NFO,26/11/2024,09:47:15,52805,52805,450,52813.3,60,45,140625
BANKNIFTY-III.NFO,26/11/2024,09:47:15,52805,52805,450,52813.3,60,0,140625
BANKNIFTY-III.NFO,26/11/2024,09:47:17,52805,52805,15,52805.9,60,480,140625
BANKNIFTY-III.NFO,26/11/2024,09:47:18,52800,52800,285,52813.5,45,570,140625
BANKNIFTY-III.NFO,26/11/2024,09:47:18,52800,52800,285,52813.5,45,0,140625
BANKNIFTY-III.NFO,26/11/2024,09:47:20,52800.1,52800,285,52812.65,150,15,140625
BANKNIFTY-III.NFO,26/11/2024,09:47:22,52800.25,52800,285,52809.4,15,15,140625
BANKNIFTY-III.NFO,26/11/2024,09:47:23,52800.25,52800,270,52810.4,15,0,140625
BANKNIFTY-III.NFO,26/11/2024,09:47:25,52800.25,52800,270,52806.5,15,0,140625
BANKNIFTY-III.NFO,26/11/2024,09:47:27,52800.25,52800,270,52811.3,15,0,140625
BANKNIFTY-III.NFO,26/11/2024,09:47:28,52800.25,52800.1,15,52800.25,15,0,140625
BANKNIFTY-III.NFO,26/11/2024,09:47:30,52800.25,52800.1,60,52814.5,15,15,140625
BANKNIFTY-III.NFO,26/11/2024,09:47:31,52801.9,52802.45,75,52818.65,30,30,140625
BANKNIFTY-III.NFO,26/11/2024,09:47:33,52800.85,52801.85,90,52818.55,60,45,140625
BANKNIFTY-III.NFO,26/11/2024,09:47:35,52800.85,52800.1,15,52817.2,75,0,140625
BANKNIFTY-III.NFO,26/11/2024,09:47:36,52800.85,52800.1,15,52810.3,60,0,140625
BANKNIFTY-III.NFO,26/11/2024,09:47:38,52800.85,52800.1,15,52812.7,75,0,140625
BANKNIFTY-III.NFO,26/11/2024,09:47:40,52800.85,52800.1,15,52803.85,45,0,140625
BANKNIFTY-III.NFO,26/11/2024,09:47:41,52800.1,52800,255,52800.1,15,15,140625
BANKNIFTY-III.NFO,26/11/2024,09:47:43,52800,52800,225,52800.1,15,30,140625
BANKNIFTY-III.NFO,26/11/2024,09:47:44,52800,52800,195,52809.65,75,45,140625
BANKNIFTY-III.NFO,26/11/2024,09:47:46,52800,52800,210,52806.8,45,0,140625
BANKNIFTY-III.NFO,26/11/2024,09:47:48,52800,52800,150,52807.3,60,60,140625
BANKNIFTY-III.NFO,26/11/2024,09:47:49,52800,52800,135,52805.55,45,15,140625
BANKNIFTY-III.NFO,26/11/2024,09:47:51,52800,52800,135,52805.85,45,0,140625
BANKNIFTY-III.NFO,26/11/2024,09:47:53,52800,52786.95,15,52798.55,60,180,140625
BANKNIFTY-III.NFO,26/11/2024,09:47:54,52800,52790.3,30,52801.8,60,0,140625
BANKNIFTY-III.NFO,26/11/2024,09:47:56,52800,52787.3,30,52798.45,45,0,140625
BANKNIFTY-III.NFO,26/11/2024,09:47:58,52799.3,52789.75,15,52799.5,45,30,140625
BANKNIFTY-III.NFO,26/11/2024,09:47:58,52799.3,52789.75,15,52799.5,45,0,140625
BANKNIFTY-III.NFO,26/11/2024,09:47:59,52799.5,52790.85,15,52799.5,30,15,140625
BANKNIFTY-III.NFO,26/11/2024,09:48:01,52799.5,52786.6,30,52797.35,45,0,140625
BANKNIFTY-III.NFO,26/11/2024,09:48:03,52787,52787.95,15,52800.55,45,45,140625
BANKNIFTY-III.NFO,26/11/2024,09:48:03,52787,52787.95,15,52800.55,45,0,140625
BANKNIFTY-III.NFO,26/11/2024,09:48:04,52800.55,52787.15,75,52800.55,30,15,140625
BANKNIFTY-III.NFO,26/11/2024,09:48:06,52800.55,52794.15,60,52809.9,45,0,140625
BANKNIFTY-III.NFO,26/11/2024,09:48:08,52800.55,52785.7,15,52802.4,45,0,140625
BANKNIFTY-III.NFO,26/11/2024,09:48:09,52800.55,52783.8,15,52798.45,15,0,140625
BANKNIFTY-III.NFO,26/11/2024,09:48:11,52800.55,52783.55,15,52797.05,45,0,140625
BANKNIFTY-III.NFO,26/11/2024,09:48:12,52800.55,52783.45,15,52796,45,0,140625
BANKNIFTY-III.NFO,26/11/2024,09:48:14,52800.55,52783.55,30,52797.05,45,0,140625
BANKNIFTY-III.NFO,26/11/2024,09:48:16,52800.55,52781.7,15,52795.5,15,0,140625
BANKNIFTY-III.NFO,26/11/2024,09:48:17,52800.55,52783.85,15,52790,15,0,140625
BANKNIFTY-III.NFO,26/11/2024,09:48:19,52800.55,52779.35,15,52790,15,0,140625
BANKNIFTY-III.NFO,26/11/2024,09:48:21,52800.55,52780.5,30,52790,15,0,140625
BANKNIFTY-III.NFO,26/11/2024,09:48:22,52800.55,52780.3,45,52790,15,0,140625
BANKNIFTY-III.NFO,26/11/2024,09:48:24,52800.55,52781.25,15,52790,15,0,140625
BANKNIFTY-III.NFO,26/11/2024,09:48:25,52800.55,52783.45,45,52790,15,0,140625
BANKNIFTY-III.NFO,26/11/2024,09:48:27,52800.55,52782.75,60,52790,15,0,140625
BANKNIFTY-III.NFO,26/11/2024,09:48:29,52800.55,52782.45,15,52790,15,0,140625
BANKNIFTY-III.NFO,26/11/2024,09:48:30,52800.55,52779.85,15,52790,15,0,140625
BANKNIFTY-III.NFO,26/11/2024,09:48:32,52800.55,52780.4,30,52790,15,0,140625
BANKNIFTY-III.NFO,26/11/2024,09:48:34,52800.55,52781.75,30,52790,15,0,140625
BANKNIFTY-III.NFO,26/11/2024,09:48:35,52800.55,52781.05,15,52789.8,45,0,140625
BANKNIFTY-III.NFO,26/11/2024,09:48:37,52800.55,52780.2,15,52790,15,0,140625
BANKNIFTY-III.NFO,26/11/2024,09:48:39,52800.55,52782,15,52789.95,60,0,140625
BANKNIFTY-III.NFO,26/11/2024,09:48:40,52800.55,52782,15,52785.5,45,0,140625
BANKNIFTY-III.NFO,26/11/2024,09:48:42,52783.05,52782,15,52787.2,45,15,140625
BANKNIFTY-III.NFO,26/11/2024,09:48:42,52783.05,52782,15,52787.2,45,0,140625
BANKNIFTY-III.NFO,26/11/2024,09:48:44,52785.1,52782,15,52787.25,45,15,140625
BANKNIFTY-III.NFO,26/11/2024,09:48:45,52771.9,52773.35,15,52783.4,45,105,140625
BANKNIFTY-III.NFO,26/11/2024,09:48:45,52771.9,52773.35,15,52783.4,45,0,140625
BANKNIFTY-III.NFO,26/11/2024,09:48:47,52771.9,52772.55,15,52781.75,45,0,140625
BANKNIFTY-III.NFO,26/11/2024,09:48:49,52770.15,52761.75,75,52773.45,45,45,140625
BANKNIFTY-III.NFO,26/11/2024,09:48:49,52770.15,52761.75,75,52773.45,45,0,140625
BANKNIFTY-III.NFO,26/11/2024,09:48:50,52770.15,52760.05,75,52775.95,60,0,140625
BANKNIFTY-III.NFO,26/11/2024,09:48:52,52770.15,52763.45,60,52770.15,15,0,140625
BANKNIFTY-III.NFO,26/11/2024,09:48:53,52769.9,52762.95,60,52769.9,30,15,140625
BANKNIFTY-III.NFO,26/11/2024,09:48:53,52769.9,52762.95,60,52769.9,30,0,140625
BANKNIFTY-III.NFO,26/11/2024,09:48:55,52770.15,52762.95,60,52777.4,60,45,140625
BANKNIFTY-III.NFO,26/11/2024,09:48:57,52770.15,52765.6,30,52779.3,60,0,140625
BANKNIFTY-III.NFO,26/11/2024,09:48:58,52780.95,52765.6,45,52782.7,75,15,140625
BANKNIFTY-III.NFO,26/11/2024,09:49:00,52780.95,52762.4,30,52779.6,75,0,140625
BANKNIFTY-III.NFO,26/11/2024,09:49:02,52780.95,52763.1,45,52777.8,60,0,140625
BANKNIFTY-III.NFO,26/11/2024,09:49:03,52780.95,52763.2,75,52777.85,15,0,140625
BANKNIFTY-III.NFO,26/11/2024,09:49:05,52780.95,52766.55,60,52788.1,60,0,140625
BANKNIFTY-III.NFO,26/11/2024,09:49:07,52780.95,52774.3,75,52790,15,0,140625
BANKNIFTY-III.NFO,26/11/2024,09:49:08,52780.95,52771.2,60,52789.9,75,0,140625
BANKNIFTY-III.NFO,26/11/2024,09:49:10,52772.25,52773.15,15,52788.15,15,45,140205
BANKNIFTY-III.NFO,26/11/2024,09:49:12,52772.25,52773.4,15,52787.35,15,0,140205
BANKNIFTY-III.NFO,26/11/2024,09:49:13,52772.25,52773.75,15,52788.1,15,0,140205
BANKNIFTY-III.NFO,26/11/2024,09:49:15,52772.25,52774.5,45,52788.1,15,0,140205
BANKNIFTY-III.NFO,26/11/2024,09:49:16,52780.95,52774,15,52789.2,15,15,140205
BANKNIFTY-III.NFO,26/11/2024,09:49:18,52780.95,52774.75,75,52789.75,15,0,140205
BANKNIFTY-III.NFO,26/11/2024,09:49:20,52780.95,52774.1,30,52789.1,15,0,140205
BANKNIFTY-III.NFO,26/11/2024,09:49:21,52780.95,52774.2,30,52789.75,15,0,140205
BANKNIFTY-III.NFO,26/11/2024,09:49:23,52780.95,52774.2,30,52789.55,15,0,140205
BANKNIFTY-III.NFO,26/11/2024,09:49:25,52780.95,52775.3,30,52789.55,15,0,140205
BANKNIFTY-III.NFO,26/11/2024,09:49:26,52780.95,52776.25,15,52789.55,15,0,140205
BANKNIFTY-III.NFO,26/11/2024,09:49:28,52780.95,52780,450,52790,15,0,140205
BANKNIFTY-III.NFO,26/11/2024,09:49:30,52780.95,52780,450,52785.6,60,0,140205
BANKNIFTY-III.NFO,26/11/2024,09:49:31,52780,52770,15,52777.3,90,450,140205
BANKNIFTY-III.NFO,26/11/2024,09:49:33,52770,52765,45,52772.05,60,15,140205
BANKNIFTY-III.NFO,26/11/2024,09:49:35,52770,52765,45,52774.45,60,0,140205
BANKNIFTY-III.NFO,26/11/2024,09:49:36,52770,52765,45,52772.25,60,0,140205
BANKNIFTY-III.NFO,26/11/2024,09:49:38,52770,52765,45,52772.7,60,0,140205
BANKNIFTY-III.NFO,26/11/2024,09:49:39,52770,52765,45,52774.35,60,0,140205
BANKNIFTY-III.NFO,26/11/2024,09:49:41,52765,52765,30,52777.2,60,15,140205
BANKNIFTY-III.NFO,26/11/2024,09:49:41,52765,52765,30,52777.2,60,0,140205
BANKNIFTY-III.NFO,26/11/2024,09:49:43,52765,52762.35,30,52778.5,60,0,140205
BANKNIFTY-III.NFO,26/11/2024,09:49:44,52765,52756.6,15,52773.3,75,0,140205
BANKNIFTY-III.NFO,26/11/2024,09:49:46,52765,52756,45,52772.15,75,0,140205
BANKNIFTY-III.NFO,26/11/2024,09:49:48,52765,52756,45,52771.25,60,0,140205
BANKNIFTY-III.NFO,26/11/2024,09:49:49,52765,52761.65,30,52778.05,60,0,140205
BANKNIFTY-III.NFO,26/11/2024,09:49:51,52759.5,52759.2,30,52773.45,60,45,140205
BANKNIFTY-III.NFO,26/11/2024,09:49:51,52759.5,52759.2,30,52773.45,60,0,140205
BANKNIFTY-III.NFO,26/11/2024,09:49:52,52759.5,52759.1,30,52773.85,90,0,140205
BANKNIFTY-III.NFO,26/11/2024,09:49:54,52759.5,52758.9,60,52774.7,60,0,140205
BANKNIFTY-III.NFO,26/11/2024,09:49:56,52756,52755.85,15,52756,15,30,140205
BANKNIFTY-III.NFO,26/11/2024,09:49:56,52756,52755.85,15,52756,15,0,140205
BANKNIFTY-III.NFO,26/11/2024,09:49:57,52755.85,52757.25,30,52759.5,45,15,140205
BANKNIFTY-III.NFO,26/11/2024,09:49:57,52755.85,52757.25,30,52759.5,45,0,140205
BANKNIFTY-III.NFO,26/11/2024,09:49:59,52759.5,52757.3,30,52759.5,30,15,140205
BANKNIFTY-III.NFO,26/11/2024,09:50:01,52759.5,52760.75,45,52779.6,75,75,140205
BANKNIFTY-III.NFO,26/11/2024,09:50:02,52760.35,52757.85,150,52760.35,30,75,140205
BANKNIFTY-III.NFO,26/11/2024,09:50:04,52765.1,52765.1,15,52779.65,15,60,140205
BANKNIFTY-III.NFO,26/11/2024,09:50:06,52761.8,52761.35,165,52779.35,30,15,140205
BANKNIFTY-III.NFO,26/11/2024,09:50:07,52774.95,52756.15,60,52774.9,60,75,140205
BANKNIFTY-III.NFO,26/11/2024,09:50:09,52774.95,52756.35,60,52775.75,60,0,140205
BANKNIFTY-III.NFO,26/11/2024,09:50:10,52773.1,52755.55,60,52773.1,45,15,140205
BANKNIFTY-III.NFO,26/11/2024,09:50:12,52755.15,52754,30,52769.8,60,60,140205
BANKNIFTY-III.NFO,26/11/2024,09:50:12,52755.15,52754,30,52769.8,60,0,140205
BANKNIFTY-III.NFO,26/11/2024,09:50:14,52755.15,52754.05,15,52770.5,60,0,140205
BANKNIFTY-III.NFO,26/11/2024,09:50:15,52755.15,52754.95,45,52772.05,60,0,140205
BANKNIFTY-III.NFO,26/11/2024,09:50:17,52755.15,52766,30,52779.65,15,0,140205
BANKNIFTY-III.NFO,26/11/2024,09:50:19,52765.55,52765.8,45,52780.95,15,15,140205
BANKNIFTY-III.NFO,26/11/2024,09:50:20,52776.45,52775.85,150,52780.95,15,45,140205
BANKNIFTY-III.NFO,26/11/2024,09:50:22,52776.45,52766.4,255,52780.95,15,0,140205
BANKNIFTY-III.NFO,26/11/2024,09:50:23,52780.95,52779.4,180,52790,15,15,140205
BANKNIFTY-III.NFO,26/11/2024,09:50:25,52780.85,52784.25,180,52790,15,15,140205
BANKNIFTY-III.NFO,26/11/2024,09:50:27,52790,52781.65,165,52798.55,75,15,140205
BANKNIFTY-III.NFO,26/11/2024,09:50:28,52782,52779.55,150,52793.8,60,30,140205
BANKNIFTY-III.NFO,26/11/2024,09:50:30,52782,52780.15,150,52795.9,90,0,140205
BANKNIFTY-III.NFO,26/11/2024,09:50:32,52777.8,52778.25,150,52793.85,75,15,140205
BANKNIFTY-III.NFO,26/11/2024,09:50:33,52777.8,52779.4,75,52795.3,60,0,140205
BANKNIFTY-III.NFO,26/11/2024,09:50:35,52777.8,52780.85,15,52796.1,75,0,140205
BANKNIFTY-III.NFO,26/11/2024,09:50:38,52777.8,52780.85,15,52795.75,75,0,140205
BANKNIFTY-III.NFO,26/11/2024,09:50:40,52795.75,52780.9,30,52796.1,75,30,140205
BANKNIFTY-III.NFO,26/11/2024,09:50:42,52795.75,52780.85,15,52796.1,75,0,140205
BANKNIFTY-III.NFO,26/11/2024,09:50:43,52780.85,52777.65,30,52796.1,60,30,140205
