Ticker,Date,Time,LTP,BuyPrice,BuyQty,SellPrice,SellQty,LTQ,OpenInterest
NIFTY-I.NFO,17/10/2024,09:15:00,25068.7,25057.7,100,25068.65,25,425,13720100
NIFTY-I.NFO,17/10/2024,09:15:00,25068.7,25057.7,100,25068.65,25,0,13720100
NIFTY-I.NFO,17/10/2024,09:15:00,25068.7,25057.7,100,25068.65,25,0,13720100
NIFTY-I.NFO,17/10/2024,09:15:00,25050.05,25057.7,100,25068.65,25,0,13720100
NIFTY-I.NFO,17/10/2024,09:15:01,25072.15,25064.75,125,25071.95,25,600,13720100
NIFTY-I.NFO,17/10/2024,09:15:01,25072.15,25064.75,125,25071.95,25,0,13720100
NIFTY-I.NFO,17/10/2024,09:15:02,25071.95,25066.75,125,25072.25,1275,1900,13720100
NIFTY-I.NFO,17/10/2024,09:15:02,25074.9,25066.75,125,25072.25,1275,0,13720100
NIFTY-I.NFO,17/10/2024,09:15:03,25063.9,25063.9,25,25072.2,25,625,13720100
NIFTY-I.NFO,17/10/2024,09:15:04,25069.25,25061.8,50,25069.2,425,625,13720100
NIFTY-I.NFO,17/10/2024,09:15:06,25050.05,25050.75,100,25061.75,100,2775,13720100
NIFTY-I.NFO,17/10/2024,09:15:06,25050,25050.75,100,25061.75,100,0,13720100
NIFTY-I.NFO,17/10/2024,09:15:07,25057,25056.4,25,25059.5,200,475,13720100
NIFTY-I.NFO,17/10/2024,09:15:08,25059.6,25059.5,25,25064.7,50,1925,13720100
NIFTY-I.NFO,17/10/2024,09:15:09,25060,25059.55,25,25060.5,50,400,13720100
NIFTY-I.NFO,17/10/2024,09:15:11,25059.55,25054.35,25,25059.55,875,1375,13720100
NIFTY-I.NFO,17/10/2024,09:15:12,25059.55,25055.2,25,25059.5,175,700,13720100
NIFTY-I.NFO,17/10/2024,09:15:14,25055.9,25056,25,25061.7,200,2475,13720100
NIFTY-I.NFO,17/10/2024,09:15:15,25054.05,25054.15,25,25061.5,175,1050,13720100
NIFTY-I.NFO,17/10/2024,09:15:17,25054.45,25054.35,25,25059,50,1025,13720100
NIFTY-I.NFO,17/10/2024,09:15:18,25058.05,25055.65,200,25062.55,50,675,13720100
NIFTY-I.NFO,17/10/2024,09:15:20,25055,25055,25,25061.25,300,350,13720100
NIFTY-I.NFO,17/10/2024,09:15:21,25059,25054.15,150,25059,225,925,13720100
NIFTY-I.NFO,17/10/2024,09:15:23,25061,25060.05,50,25064.45,100,2150,13720100
NIFTY-I.NFO,17/10/2024,09:15:24,25061.65,25061.2,225,25066.75,1500,2925,13720100
NIFTY-I.NFO,17/10/2024,09:15:26,25067.55,25061.75,50,25066.65,475,1425,13720100
NIFTY-I.NFO,17/10/2024,09:15:27,25060.2,25060.2,25,25066.1,450,1625,13720100
NIFTY-I.NFO,17/10/2024,09:15:29,25066.65,25063.1,25,25069.1,50,1900,13720100
NIFTY-I.NFO,17/10/2024,09:15:30,25067.35,25066.65,25,25069.2,725,275,13720100
NIFTY-I.NFO,17/10/2024,09:15:32,25063.45,25063.8,125,25069.2,450,2575,13720100
NIFTY-I.NFO,17/10/2024,09:15:33,25069.2,25069.2,225,25070,25,2475,13719300
NIFTY-I.NFO,17/10/2024,09:15:35,25069.2,25069.2,125,25072.25,1150,200,13719300
NIFTY-I.NFO,17/10/2024,09:15:37,25072.2,25065.5,250,25072.2,100,2300,13719300
NIFTY-I.NFO,17/10/2024,09:15:38,25072.1,25065.6,150,25072.1,100,850,13719300
NIFTY-I.NFO,17/10/2024,09:15:40,25072.1,25065.3,200,25072.15,25,875,13719300
NIFTY-I.NFO,17/10/2024,09:15:41,25063.7,25063.75,150,25071.3,100,625,13719300
NIFTY-I.NFO,17/10/2024,09:15:43,25069.7,25062.95,325,25069.9,100,1450,13719300
NIFTY-I.NFO,17/10/2024,09:15:44,25066.65,25064.1,125,25071.85,100,200,13719300
NIFTY-I.NFO,17/10/2024,09:15:46,25070,25064.9,125,25071.95,100,1950,13719300
NIFTY-I.NFO,17/10/2024,09:15:47,25065.95,25066.05,100,25072.25,950,550,13719300
NIFTY-I.NFO,17/10/2024,09:15:49,25070,25065.75,50,25072.2,100,350,13719300
NIFTY-I.NFO,17/10/2024,09:15:50,25069.9,25065,100,25070.9,250,150,13719300
NIFTY-I.NFO,17/10/2024,09:15:52,25065.75,25064.95,25,25071,100,1400,13719300
NIFTY-I.NFO,17/10/2024,09:15:53,25071.6,25065,100,25071.6,100,175,13719300
NIFTY-I.NFO,17/10/2024,09:15:55,25070,25066.65,925,25068.9,25,175,13719300
NIFTY-I.NFO,17/10/2024,09:15:56,25071.1,25066.65,925,25070.3,150,525,13719300
NIFTY-I.NFO,17/10/2024,09:15:58,25070,25066.65,875,25070.45,25,2150,13719300
NIFTY-I.NFO,17/10/2024,09:15:59,25062.5,25062.5,75,25069.1,25,2075,13719300
NIFTY-I.NFO,17/10/2024,09:16:01,25061.55,25060.25,25,25067.45,200,200,13719300
NIFTY-I.NFO,17/10/2024,09:16:02,25062.6,25056.55,100,25060.25,25,700,13719300
NIFTY-I.NFO,17/10/2024,09:16:04,25062.6,25055.6,25,25061.05,200,2825,13719300
NIFTY-I.NFO,17/10/2024,09:16:05,25054.75,25054.45,200,25059.65,50,400,13719300
NIFTY-I.NFO,17/10/2024,09:16:07,25059.1,25054.45,75,25059.1,250,175,13719300
NIFTY-I.NFO,17/10/2024,09:16:08,25055.95,25052.65,25,25056.7,50,475,13719300
NIFTY-I.NFO,17/10/2024,09:16:10,25051.05,25055,75,25056.7,100,2400,13719300
NIFTY-I.NFO,17/10/2024,09:16:11,25055,25051,25,25055,1225,250,13719300
NIFTY-I.NFO,17/10/2024,09:16:13,25055,25051.05,125,25054.45,200,0,13719300
NIFTY-I.NFO,17/10/2024,09:16:14,25050,25050,2125,25054.45,100,975,13719300
NIFTY-I.NFO,17/10/2024,09:16:16,25050,25050,350,25051.05,650,1875,13719300
NIFTY-I.NFO,17/10/2024,09:16:17,25050,25050,1775,25051.05,50,950,13719300
NIFTY-I.NFO,17/10/2024,09:16:19,25050,25050,475,25051.05,175,1825,13719300
NIFTY-I.NFO,17/10/2024,09:16:20,25048.9,25048.8,75,25054.5,200,875,13719300
NIFTY-I.NFO,17/10/2024,09:16:20,25048.8,25048.8,75,25054.5,200,0,13719300
NIFTY-I.NFO,17/10/2024,09:16:22,25048,25046.45,125,25053.9,100,250,13719300
NIFTY-I.NFO,17/10/2024,09:16:22,25048,25046.45,125,25053.9,100,0,13719300
NIFTY-I.NFO,17/10/2024,09:16:23,25050,25050,75,25050.1,50,275,13719300
NIFTY-I.NFO,17/10/2024,09:16:23,25046.55,25050,75,25050.1,50,0,13719300
NIFTY-I.NFO,17/10/2024,09:16:25,25046.75,25045.9,175,25048.85,25,1150,13719300
NIFTY-I.NFO,17/10/2024,09:16:26,25046.45,25046.35,175,25048,325,425,13719300
NIFTY-I.NFO,17/10/2024,09:16:26,25045.5,25046.35,175,25048,325,0,13719300
NIFTY-I.NFO,17/10/2024,09:16:28,25043,25040.2,25,25043,1150,5275,13719300
NIFTY-I.NFO,17/10/2024,09:16:28,25041.6,25040.2,25,25043,1150,0,13719300
NIFTY-I.NFO,17/10/2024,09:16:29,25046.35,25040,250,25046.35,200,1675,13719300
NIFTY-I.NFO,17/10/2024,09:16:29,25040,25040,250,25046.35,200,0,13719300
NIFTY-I.NFO,17/10/2024,09:16:31,25042.4,25040.55,25,25045.7,50,600,13719300
NIFTY-I.NFO,17/10/2024,09:16:32,25045,25044,1100,25045.9,100,775,13719300
NIFTY-I.NFO,17/10/2024,09:16:34,25044,25044,300,25046.35,50,975,13719300
NIFTY-I.NFO,17/10/2024,09:16:35,25043,25043,125,25044,25,425,13719300
NIFTY-I.NFO,17/10/2024,09:16:37,25045,25043,50,25045,425,250,13719300
NIFTY-I.NFO,17/10/2024,09:16:38,25045,25044,75,25045,375,200,13719300
NIFTY-I.NFO,17/10/2024,09:16:40,25045,25043.8,100,25045,350,150,13719300
NIFTY-I.NFO,17/10/2024,09:16:41,25044.65,25044.6,250,25045.1,25,950,13719300
NIFTY-I.NFO,17/10/2024,09:16:43,25045.05,25044.15,250,25047.95,250,475,13719300
NIFTY-I.NFO,17/10/2024,09:16:44,25045,25045,25,25047.95,225,175,13719300
NIFTY-I.NFO,17/10/2024,09:16:46,25045.15,25045,200,25047.9,100,50,13719300
NIFTY-I.NFO,17/10/2024,09:16:47,25044,25043,250,25045.45,175,475,13719300
NIFTY-I.NFO,17/10/2024,09:16:49,25045.05,25042.15,125,25044.15,25,800,13719300
NIFTY-I.NFO,17/10/2024,09:16:50,25042,25042,50,25044.15,75,250,13719300
NIFTY-I.NFO,17/10/2024,09:16:52,25042,25041,475,25042.15,25,200,13719300
NIFTY-I.NFO,17/10/2024,09:16:53,25042.15,25041,400,25042.15,375,125,13719300
NIFTY-I.NFO,17/10/2024,09:16:55,25044,25042,50,25042.15,25,525,13719300
NIFTY-I.NFO,17/10/2024,09:16:56,25045,25041.9,150,25045,25,200,13719300
NIFTY-I.NFO,17/10/2024,09:16:58,25045.1,25041.45,100,25045,150,625,13719300
NIFTY-I.NFO,17/10/2024,09:16:59,25045,25042.15,25,25045,50,175,13719300
NIFTY-I.NFO,17/10/2024,09:17:01,25045.1,25042.15,275,25045.15,175,125,13719300
NIFTY-I.NFO,17/10/2024,09:17:02,25044.8,25042,25,25044.4,25,475,13719300
NIFTY-I.NFO,17/10/2024,09:17:04,25041.65,25041.85,350,25045,50,175,13719300
NIFTY-I.NFO,17/10/2024,09:17:05,25041.55,25041,475,25044.9,25,400,13719300
NIFTY-I.NFO,17/10/2024,09:17:07,25042,25041,400,25043.55,25,275,13719300
NIFTY-I.NFO,17/10/2024,09:17:08,25042.6,25038.8,25,25043.25,75,4050,13719300
NIFTY-I.NFO,17/10/2024,09:17:08,25036.95,25038.8,25,25043.25,75,0,13719300
NIFTY-I.NFO,17/10/2024,09:17:10,25043.25,25040.05,25,25043.55,350,425,13719300
NIFTY-I.NFO,17/10/2024,09:17:11,25042.6,25042.6,75,25043.05,75,200,13719300
NIFTY-I.NFO,17/10/2024,09:17:13,25043.05,25041,50,25043.05,175,150,13719300
NIFTY-I.NFO,17/10/2024,09:17:15,25042.85,25040.5,25,25042.95,75,200,13719300
NIFTY-I.NFO,17/10/2024,09:17:16,25039.1,25039.95,25,25042.9,100,600,13719300
NIFTY-I.NFO,17/10/2024,09:17:18,25040.5,25040,25,25040.5,375,175,13719300
NIFTY-I.NFO,17/10/2024,09:17:19,25040.8,25040.4,25,25042.85,100,850,13719300
NIFTY-I.NFO,17/10/2024,09:17:21,25040,25040,600,25040.4,100,150,13719300
NIFTY-I.NFO,17/10/2024,09:17:22,25040.4,25040,25,25040.4,150,700,13719300
NIFTY-I.NFO,17/10/2024,09:17:24,25041.05,25041.1,25,25042,75,500,13719300
NIFTY-I.NFO,17/10/2024,09:17:25,25041.15,25040.9,25,25041.95,75,100,13719300
NIFTY-I.NFO,17/10/2024,09:17:27,25040.4,25040.4,25,25041.9,50,50,13719300
NIFTY-I.NFO,17/10/2024,09:17:28,25041.05,25040,1125,25041,25,75,13719300
NIFTY-I.NFO,17/10/2024,09:17:30,25039.6,25036,100,25037.4,250,1450,13719300
NIFTY-I.NFO,17/10/2024,09:17:30,25036.45,25036,100,25037.4,250,0,13719300
NIFTY-I.NFO,17/10/2024,09:17:31,25037,25035.4,25,25037.35,100,1275,13719300
NIFTY-I.NFO,17/10/2024,09:17:31,25035,25035.4,25,25037.35,100,0,13719300
NIFTY-I.NFO,17/10/2024,09:17:33,25038.8,25036.55,25,25038.85,25,900,13719300
NIFTY-I.NFO,17/10/2024,09:17:34,25037.8,25038,25,25040,125,300,13719300
NIFTY-I.NFO,17/10/2024,09:17:36,25038.85,25035.4,375,25038.85,125,150,13719300
NIFTY-I.NFO,17/10/2024,09:17:38,25038.85,25035.85,25,25038.85,175,225,13719300
NIFTY-I.NFO,17/10/2024,09:17:39,25038.8,25035.7,250,25038.8,175,275,13719300
NIFTY-I.NFO,17/10/2024,09:17:41,25036.3,25036.3,125,25038.2,25,200,13719300
NIFTY-I.NFO,17/10/2024,09:17:42,25036.7,25035.85,250,25038.2,175,300,13719300
NIFTY-I.NFO,17/10/2024,09:17:44,25036.75,25036.2,250,25038.2,100,775,13719300
NIFTY-I.NFO,17/10/2024,09:17:45,25036.2,25035.55,300,25036.2,25,525,13719300
NIFTY-I.NFO,17/10/2024,09:17:47,25036,25036.05,225,25040,225,175,13719300
NIFTY-I.NFO,17/10/2024,09:17:48,25041.95,25036.75,25,25040,25,300,13719300
NIFTY-I.NFO,17/10/2024,09:17:50,25036.45,25037.05,25,25042.6,75,250,13719300
NIFTY-I.NFO,17/10/2024,09:17:51,25042.6,25040,25,25043,50,100,13719300
NIFTY-I.NFO,17/10/2024,09:17:53,25040,25039.5,250,25044.85,25,800,13719300
NIFTY-I.NFO,17/10/2024,09:17:54,25040.2,25037.55,250,25042,25,525,13719300
NIFTY-I.NFO,17/10/2024,09:17:56,25037.2,25039.35,25,25040,50,225,13719300
NIFTY-I.NFO,17/10/2024,09:17:57,25038,25038,50,25039.5,25,150,13719300
NIFTY-I.NFO,17/10/2024,09:17:59,25039.5,25037.6,25,25039.5,100,175,13719300
NIFTY-I.NFO,17/10/2024,09:18:00,25039.35,25038.5,25,25039.5,50,275,13719300
NIFTY-I.NFO,17/10/2024,09:18:02,25044.3,25040,1900,25041,25,1950,13719300
NIFTY-I.NFO,17/10/2024,09:18:03,25041,25040,1775,25041,75,200,13719300
NIFTY-I.NFO,17/10/2024,09:18:05,25040,25040,1600,25041,275,400,13719300
NIFTY-I.NFO,17/10/2024,09:18:06,25040,25039.35,50,25040,250,1825,13719300
NIFTY-I.NFO,17/10/2024,09:18:08,25044.85,25039.35,50,25043.7,150,375,13719300
NIFTY-I.NFO,17/10/2024,09:18:09,25043.55,25040.05,175,25043.45,150,50,13719300
NIFTY-I.NFO,17/10/2024,09:18:11,25040.05,25041,25,25042.8,50,225,13719300
NIFTY-I.NFO,17/10/2024,09:18:12,25040.05,25039.35,50,25040.05,25,175,13719300
NIFTY-I.NFO,17/10/2024,09:18:14,25040.05,25038.6,25,25040.05,100,175,13719300
NIFTY-I.NFO,17/10/2024,09:18:15,25038.6,25038.7,25,25040,175,175,13719300
NIFTY-I.NFO,17/10/2024,09:18:17,25039.95,25038.6,25,25039.95,175,150,13719300
NIFTY-I.NFO,17/10/2024,09:18:18,25040,25039.3,25,25043.25,175,550,13719300
NIFTY-I.NFO,17/10/2024,09:18:20,25040.15,25039.95,475,25043.2,175,300,13719300
NIFTY-I.NFO,17/10/2024,09:18:21,25040.15,25039.95,475,25043.2,175,0,13719300
NIFTY-I.NFO,17/10/2024,09:18:23,25039.95,25039.95,475,25040,25,25,13719300
NIFTY-I.NFO,17/10/2024,09:18:25,25039.95,25039.95,300,25040,175,275,13719300
NIFTY-I.NFO,17/10/2024,09:18:26,25039.9,25039,25,25040,175,875,13719300
NIFTY-I.NFO,17/10/2024,09:18:28,25035,25035,175,25037.15,150,425,13719300
NIFTY-I.NFO,17/10/2024,09:18:29,25037.15,25035.25,25,25037.15,200,375,13719300
NIFTY-I.NFO,17/10/2024,09:18:31,25038.6,25034.4,25,25037.8,25,275,13719300
NIFTY-I.NFO,17/10/2024,09:18:32,25039.45,25034.05,25,25039.65,150,1150,13719300
NIFTY-I.NFO,17/10/2024,09:18:32,25034.7,25034.05,25,25039.65,150,0,13719300
NIFTY-I.NFO,17/10/2024,09:18:34,25038.2,25034,125,25038.2,25,175,13719300
NIFTY-I.NFO,17/10/2024,09:18:35,25034.25,25034,125,25034.25,325,1500,13733725
NIFTY-I.NFO,17/10/2024,09:18:35,25034.25,25034,125,25034.25,325,0,13733725
NIFTY-I.NFO,17/10/2024,09:18:37,25034,25033,100,25034.25,50,550,13733725
NIFTY-I.NFO,17/10/2024,09:18:37,25034,25033,100,25034.25,50,0,13733725
NIFTY-I.NFO,17/10/2024,09:18:38,25035,25033.3,250,25039.35,125,2200,13733725
NIFTY-I.NFO,17/10/2024,09:18:38,25031.7,25033.3,250,25039.35,125,0,13733725
NIFTY-I.NFO,17/10/2024,09:18:40,25033.3,25033.6,250,25034.7,25,725,13733725
NIFTY-I.NFO,17/10/2024,09:18:42,25034.55,25034.75,125,25040,50,950,13733725
NIFTY-I.NFO,17/10/2024,09:18:43,25034.55,25034.05,125,25039.7,200,25,13733725
NIFTY-I.NFO,17/10/2024,09:18:45,25035,25034.7,150,25039.95,200,50,13733725
NIFTY-I.NFO,17/10/2024,09:18:46,25034.55,25034.25,25,25039.25,350,125,13733725
NIFTY-I.NFO,17/10/2024,09:18:48,25037.95,25034.55,700,25039.2,200,375,13733725
NIFTY-I.NFO,17/10/2024,09:18:49,25033.5,25035,25,25039.7,100,1775,13733725
NIFTY-I.NFO,17/10/2024,09:18:51,25035,25033.4,250,25035,75,75,13733725
NIFTY-I.NFO,17/10/2024,09:18:53,25039.75,25035,25,25039.95,100,575,13733725
NIFTY-I.NFO,17/10/2024,09:18:54,25035,25035.05,125,25039,25,25,13733725
NIFTY-I.NFO,17/10/2024,09:18:56,25036.7,25036.65,375,25039,50,250,13733725
NIFTY-I.NFO,17/10/2024,09:18:57,25039,25036.65,125,25039,25,25,13733725
NIFTY-I.NFO,17/10/2024,09:18:59,25037,25037,100,25039,25,100,13733725
NIFTY-I.NFO,17/10/2024,09:19:00,25039,25037.65,125,25040,175,75,13733725
NIFTY-I.NFO,17/10/2024,09:19:02,25040,25037,50,25040,250,25,13733725
NIFTY-I.NFO,17/10/2024,09:19:03,25039.95,25037,50,25039.95,25,150,13733725
NIFTY-I.NFO,17/10/2024,09:19:05,25035.25,25035.2,125,25039.95,175,575,13733725
NIFTY-I.NFO,17/10/2024,09:19:07,25035.25,25035,100,25037.3,200,0,13733725
NIFTY-I.NFO,17/10/2024,09:19:08,25035,25035,100,25035.85,50,175,13733725
NIFTY-I.NFO,17/10/2024,09:19:10,25039,25035,125,25038.4,450,250,13733725
NIFTY-I.NFO,17/10/2024,09:19:11,25035.1,25035.1,25,25038,425,50,13733725
NIFTY-I.NFO,17/10/2024,09:19:13,25038,25035.1,25,25036.6,275,50,13733725
NIFTY-I.NFO,17/10/2024,09:19:14,25033.6,25033.6,50,25034,50,375,13733725
NIFTY-I.NFO,17/10/2024,09:19:16,25031.5,25031.3,300,25033.8,225,200,13733725
NIFTY-I.NFO,17/10/2024,09:19:16,25031.5,25031.3,300,25033.8,225,0,13733725
NIFTY-I.NFO,17/10/2024,09:19:18,25033.75,25031.3,575,25033.8,200,150,13733725
NIFTY-I.NFO,17/10/2024,09:19:18,25031.3,25031.3,575,25033.8,200,0,13733725
NIFTY-I.NFO,17/10/2024,09:19:19,25032.55,25031.3,525,25032.2,750,125,13733725
NIFTY-I.NFO,17/10/2024,09:19:21,25032.2,25031.3,25,25032.2,25,825,13733725
NIFTY-I.NFO,17/10/2024,09:19:23,25031,25030,200,25031.05,1075,1000,13733725
NIFTY-I.NFO,17/10/2024,09:19:23,25030,25030,200,25031.05,1075,0,13733725
NIFTY-I.NFO,17/10/2024,09:19:24,25029,25029,100,25031,275,275,13733725
NIFTY-I.NFO,17/10/2024,09:19:24,25029,25029,100,25031,275,0,13733725
NIFTY-I.NFO,17/10/2024,09:19:26,25029,25029,50,25030.85,850,50,13733725
NIFTY-I.NFO,17/10/2024,09:19:28,25029,25029,25,25030,150,25,13733725
NIFTY-I.NFO,17/10/2024,09:19:29,25030,25027,200,25029,325,1425,13733725
NIFTY-I.NFO,17/10/2024,09:19:29,25028,25027,200,25029,325,0,13733725
NIFTY-I.NFO,17/10/2024,09:19:31,25026.05,25026,300,25028.95,1075,975,13733725
NIFTY-I.NFO,17/10/2024,09:19:31,25026.05,25026,300,25028.95,1075,0,13733725
NIFTY-I.NFO,17/10/2024,09:19:33,25029,25026,300,25029.95,1075,150,13733725
NIFTY-I.NFO,17/10/2024,09:19:34,25026.35,25026.55,225,25029,25,550,13733725
NIFTY-I.NFO,17/10/2024,09:19:34,25025.1,25026.55,225,25029,25,0,13733725
NIFTY-I.NFO,17/10/2024,09:19:36,25027.5,25027.55,75,25032,50,375,13733725
NIFTY-I.NFO,17/10/2024,09:19:38,25029.95,25026.05,25,25031.8,200,100,13733725
NIFTY-I.NFO,17/10/2024,09:19:39,25030,25030,50,25031.8,175,75,13733725
NIFTY-I.NFO,17/10/2024,09:19:41,25030,25028.05,175,25030,25,150,13733725
NIFTY-I.NFO,17/10/2024,09:19:43,25027.35,25028.05,475,25030,100,1600,13733725
NIFTY-I.NFO,17/10/2024,09:19:44,25030,25029,25,25030,25,1325,13733725
NIFTY-I.NFO,17/10/2024,09:19:46,25033.85,25027.65,225,25034.5,1075,375,13733725
NIFTY-I.NFO,17/10/2024,09:19:48,25027.35,25027.35,125,25034.1,125,275,13733725
NIFTY-I.NFO,17/10/2024,09:19:49,25027.8,25028.15,25,25034.1,225,100,13733725
NIFTY-I.NFO,17/10/2024,09:19:51,25034.05,25030,125,25034.05,175,50,13733725
NIFTY-I.NFO,17/10/2024,09:19:53,25030,25030,100,25034.05,150,50,13733725
NIFTY-I.NFO,17/10/2024,09:19:54,25034,25030,100,25034.05,150,100,13733725
NIFTY-I.NFO,17/10/2024,09:19:56,25034.05,25030,100,25034.45,1175,100,13733725
NIFTY-I.NFO,17/10/2024,09:19:58,25030,25030,75,25034.5,200,25,13733725
NIFTY-I.NFO,17/10/2024,09:19:59,25034.05,25031,25,25034.35,100,1125,13733725
NIFTY-I.NFO,17/10/2024,09:20:01,25027.5,25023.4,25,25030.65,275,13825,13733725
NIFTY-I.NFO,17/10/2024,09:20:01,25022.4,25023.4,25,25030.65,275,0,13733725
NIFTY-I.NFO,17/10/2024,09:20:03,25028.3,25022,225,25027.15,125,200,13733725
NIFTY-I.NFO,17/10/2024,09:20:04,25025.2,25021.25,50,25025.05,175,325,13733725
NIFTY-I.NFO,17/10/2024,09:20:04,25022,25021.25,50,25025.05,175,0,13733725
NIFTY-I.NFO,17/10/2024,09:20:06,25021.7,25015.05,350,25022.1,975,3450,13733725
NIFTY-I.NFO,17/10/2024,09:20:06,25015,25015.05,350,25022.1,975,0,13733725
NIFTY-I.NFO,17/10/2024,09:20:08,25015.3,25015.6,225,25022.1,100,175,13733725
NIFTY-I.NFO,17/10/2024,09:20:09,25015.7,25015.7,250,25022.1,175,100,13733725
NIFTY-I.NFO,17/10/2024,09:20:11,25019.5,25015.6,1600,25019.5,25,75,13733725
NIFTY-I.NFO,17/10/2024,09:20:13,25015.75,25015.7,25,25022,150,275,13733725
NIFTY-I.NFO,17/10/2024,09:20:14,25022,25015.6,1500,25021.9,100,75,13733725
NIFTY-I.NFO,17/10/2024,09:20:16,25021.55,25015.6,1600,25020.85,125,2250,13733725
NIFTY-I.NFO,17/10/2024,09:20:17,25015.6,25015.6,1575,25020.8,25,25,13733725
NIFTY-I.NFO,17/10/2024,09:20:19,25020.8,25016,600,25020.8,100,150,13733725
NIFTY-I.NFO,17/10/2024,09:20:21,25020.8,25015.6,1425,25020.8,100,925,13733725
NIFTY-I.NFO,17/10/2024,09:20:22,25015.6,25015.6,1200,25020.8,50,200,13733725
NIFTY-I.NFO,17/10/2024,09:20:24,25015.6,25016.1,50,25021.4,600,1175,13733725
NIFTY-I.NFO,17/10/2024,09:20:26,25021.95,25015.65,25,25021.9,975,2075,13733725
NIFTY-I.NFO,17/10/2024,09:20:27,25017.5,25018,150,25021.9,100,100,13733725
NIFTY-I.NFO,17/10/2024,09:20:29,25022.75,25016.95,250,25023.15,50,375,13733725
NIFTY-I.NFO,17/10/2024,09:20:31,25018,25015.6,1200,25018,25,175,13733725
NIFTY-I.NFO,17/10/2024,09:20:32,25018,25016.5,100,25018,25,25,13733725
NIFTY-I.NFO,17/10/2024,09:20:34,25015.65,25018,25,25023.05,100,775,13733725
NIFTY-I.NFO,17/10/2024,09:20:36,25022.55,25020,25,25022.25,975,500,13733725
NIFTY-I.NFO,17/10/2024,09:20:37,25022.65,25018,25,25021.6,250,500,13733725
NIFTY-I.NFO,17/10/2024,09:20:39,25016.15,25016,50,25020.35,250,100,13733725
NIFTY-I.NFO,17/10/2024,09:20:41,25020,25018,75,25020,75,75,13733725
NIFTY-I.NFO,17/10/2024,09:20:42,25014.3,25015,25,25019.1,100,5725,13733725
NIFTY-I.NFO,17/10/2024,09:20:42,25012,25015,25,25019.1,100,0,13733725
NIFTY-I.NFO,17/10/2024,09:20:44,25014.3,25015,25,25018,50,0,13733725
NIFTY-I.NFO,17/10/2024,09:20:46,25018,25015,100,25018,175,125,13733725
NIFTY-I.NFO,17/10/2024,09:20:47,25015,25015,325,25018.8,225,300,13733725
NIFTY-I.NFO,17/10/2024,09:20:49,25015.05,25015,25,25019.85,100,625,13733725
NIFTY-I.NFO,17/10/2024,09:20:51,25019.85,25018,50,25019.9,975,100,13733725
NIFTY-I.NFO,17/10/2024,09:20:52,25015,25015.05,100,25018,900,400,13733725
NIFTY-I.NFO,17/10/2024,09:20:54,25015.05,25015,100,25016,75,200,13733725
NIFTY-I.NFO,17/10/2024,09:20:55,25015,25013.5,200,25016,300,175,13733725
NIFTY-I.NFO,17/10/2024,09:20:57,25016,25015,50,25016,250,300,13733725
NIFTY-I.NFO,17/10/2024,09:20:59,25013,25013,175,25016,175,950,13733725
NIFTY-I.NFO,17/10/2024,09:20:59,25011.6,25013,175,25016,175,0,13733725
NIFTY-I.NFO,17/10/2024,09:21:00,25015,25011.5,175,25015,50,50,13733725
NIFTY-I.NFO,17/10/2024,09:21:02,25013,25013,100,25015,225,125,13733725
NIFTY-I.NFO,17/10/2024,09:21:02,25011.5,25013,100,25015,225,0,13733725
NIFTY-I.NFO,17/10/2024,09:21:04,25016,25014,200,25017,400,2175,13733725
NIFTY-I.NFO,17/10/2024,09:21:04,25010.95,25014,200,25017,400,0,13733725
NIFTY-I.NFO,17/10/2024,09:21:05,25013,25012,75,25015,25,1100,13733725
NIFTY-I.NFO,17/10/2024,09:21:07,25009.9,25011.4,50,25015,50,1950,13733725
NIFTY-I.NFO,17/10/2024,09:21:07,25009.9,25011.4,50,25015,50,0,13733725
NIFTY-I.NFO,17/10/2024,09:21:09,25013.9,25013.95,50,25015,25,350,13733725
NIFTY-I.NFO,17/10/2024,09:21:10,25018,25013.3,75,25018,150,3100,13733725
NIFTY-I.NFO,17/10/2024,09:21:12,25010.5,25013.5,200,25015,275,1675,13733725
NIFTY-I.NFO,17/10/2024,09:21:14,25017.2,25013.9,25,25017.8,100,2325,13733725
NIFTY-I.NFO,17/10/2024,09:21:15,25013.3,25009.9,200,25013.3,125,2050,13733725
NIFTY-I.NFO,17/10/2024,09:21:15,25009.65,25009.9,200,25013.3,125,0,13733725
NIFTY-I.NFO,17/10/2024,09:21:17,25011,25009,200,25010.4,25,225,13733725
NIFTY-I.NFO,17/10/2024,09:21:19,25012,25008.8,25,25012,1525,400,13733725
NIFTY-I.NFO,17/10/2024,09:21:19,25009,25008.8,25,25012,1525,0,13733725
NIFTY-I.NFO,17/10/2024,09:21:20,25006.4,25007.4,225,25008.8,700,650,13733725
NIFTY-I.NFO,17/10/2024,09:21:20,25006.4,25007.4,225,25008.8,700,0,13733725
NIFTY-I.NFO,17/10/2024,09:21:22,25007.4,25007.9,125,25008.8,1025,650,13733725
NIFTY-I.NFO,17/10/2024,09:21:22,25006.35,25007.9,125,25008.8,1025,0,13733725
NIFTY-I.NFO,17/10/2024,09:21:23,25007.4,25007.4,250,25012,1375,2375,13733725
NIFTY-I.NFO,17/10/2024,09:21:25,25006,25005.6,3025,25011.6,25,325,13733725
NIFTY-I.NFO,17/10/2024,09:21:25,25006,25005.6,3025,25011.6,25,0,13733725
NIFTY-I.NFO,17/10/2024,09:21:27,25012.95,25007,25,25011.1,25,5325,13733725
NIFTY-I.NFO,17/10/2024,09:21:27,25005.6,25007,25,25011.1,25,0,13733725
NIFTY-I.NFO,17/10/2024,09:21:28,25007.25,25008.8,125,25010,50,425,13733725
NIFTY-I.NFO,17/10/2024,09:21:30,25010,25010,75,25014.8,100,1900,13733725
NIFTY-I.NFO,17/10/2024,09:21:32,25014.25,25010,275,25013.75,50,300,13733725
NIFTY-I.NFO,17/10/2024,09:21:33,25007.45,25007.45,50,25010,1350,550,13733725
NIFTY-I.NFO,17/10/2024,09:21:35,25010,25009.4,200,25010,1900,150,13753575
NIFTY-I.NFO,17/10/2024,09:21:37,25010.05,25010.05,25,25013.1,25,2250,13753575
NIFTY-I.NFO,17/10/2024,09:21:38,25011.3,25010.05,250,25015.05,25,175,13753575
NIFTY-I.NFO,17/10/2024,09:21:40,25011.55,25011.55,50,25014.85,350,50,13753575
NIFTY-I.NFO,17/10/2024,09:21:42,25011.1,25010,250,25012.85,350,175,13753575
NIFTY-I.NFO,17/10/2024,09:21:43,25010,25010,125,25012.15,225,275,13753575
NIFTY-I.NFO,17/10/2024,09:21:45,25012.85,25010.05,50,25012.15,100,575,13753575
NIFTY-I.NFO,17/10/2024,09:21:47,25012,25010.05,50,25012.15,100,25,13753575
NIFTY-I.NFO,17/10/2024,09:21:48,25012.15,25010.05,25,25012.15,175,75,13753575
NIFTY-I.NFO,17/10/2024,09:21:50,25012.8,25010,350,25012.85,650,250,13753575
NIFTY-I.NFO,17/10/2024,09:21:52,25012.15,25010,1875,25012.15,175,375,13753575
NIFTY-I.NFO,17/10/2024,09:21:54,25012.15,25010,1775,25012.15,175,475,13753575
NIFTY-I.NFO,17/10/2024,09:21:55,25010,25010,1750,25012,100,75,13753575
NIFTY-I.NFO,17/10/2024,09:21:57,25010,25010,1775,25012,350,75,13753575
NIFTY-I.NFO,17/10/2024,09:21:59,25010,25010,750,25012,400,1050,13753575
NIFTY-I.NFO,17/10/2024,09:22:00,25012,25011.1,250,25014.6,25,600,13753575
NIFTY-I.NFO,17/10/2024,09:22:02,25010.05,25010,875,25012.5,25,75,13753575
NIFTY-I.NFO,17/10/2024,09:22:04,25011.45,25009.6,25,25011.2,225,1000,13753575
NIFTY-I.NFO,17/10/2024,09:22:05,25011.15,25010.05,25,25011.2,100,50,13753575
NIFTY-I.NFO,17/10/2024,09:22:07,25010.85,25010.05,25,25011.9,200,50,13753575
NIFTY-I.NFO,17/10/2024,09:22:09,25012.95,25010,225,25012.95,75,575,13753575
NIFTY-I.NFO,17/10/2024,09:22:10,25011.9,25010,200,25012,25,50,13753575
NIFTY-I.NFO,17/10/2024,09:22:12,25014.8,25010.7,250,25015,125,175,13753575
NIFTY-I.NFO,17/10/2024,09:22:14,25011.2,25011.25,75,25015,100,50,13753575
NIFTY-I.NFO,17/10/2024,09:22:15,25015,25012,25,25014.95,200,275,13753575
NIFTY-I.NFO,17/10/2024,09:22:17,25014.45,25011.25,75,25014.45,75,300,13753575
NIFTY-I.NFO,17/10/2024,09:22:19,25013.8,25011.2,25,25013.75,250,175,13753575
NIFTY-I.NFO,17/10/2024,09:22:20,25012.9,25011.2,25,25012,25,100,13753575
NIFTY-I.NFO,17/10/2024,09:22:22,25012,25010.9,25,25012,225,275,13753575
NIFTY-I.NFO,17/10/2024,09:22:24,25011.95,25011,100,25011.95,275,75,13753575
NIFTY-I.NFO,17/10/2024,09:22:25,25011.95,25011,150,25011.95,275,125,13753575
NIFTY-I.NFO,17/10/2024,09:22:27,25011.95,25011,150,25011.95,25,250,13753575
NIFTY-I.NFO,17/10/2024,09:22:29,25011.9,25011,150,25011.95,100,75,13753575
NIFTY-I.NFO,17/10/2024,09:22:30,25011.95,25011,175,25011.95,25,100,13753575
NIFTY-I.NFO,17/10/2024,09:22:32,25011,25011,150,25012,50,125,13753575
NIFTY-I.NFO,17/10/2024,09:22:34,25011.05,25013,50,25014.65,275,125,13753575
NIFTY-I.NFO,17/10/2024,09:22:35,25015,25013.05,75,25017,25,125,13753575
NIFTY-I.NFO,17/10/2024,09:22:37,25013.2,25013.05,75,25018,125,500,13753575
NIFTY-I.NFO,17/10/2024,09:22:39,25013,25012.05,250,25017.25,325,475,13753575
NIFTY-I.NFO,17/10/2024,09:22:40,25015.95,25012,525,25016.05,75,750,13753575
NIFTY-I.NFO,17/10/2024,09:22:42,25016.65,25013,250,25017.8,150,25,13753575
NIFTY-I.NFO,17/10/2024,09:22:44,25017.1,25012.15,250,25016,25,125,13753575
NIFTY-I.NFO,17/10/2024,09:22:45,25016,25012,600,25016,175,425,13753575
NIFTY-I.NFO,17/10/2024,09:22:47,25014,25014,25,25016,225,75,13753575
NIFTY-I.NFO,17/10/2024,09:22:49,25016.65,25012.05,350,25016.65,300,225,13753575
NIFTY-I.NFO,17/10/2024,09:22:50,25015,25015,200,25017.55,275,1825,13753575
NIFTY-I.NFO,17/10/2024,09:22:52,25016.65,25015,150,25017.45,225,475,13753575
NIFTY-I.NFO,17/10/2024,09:22:54,25015,25015,125,25016.85,175,150,13753575
NIFTY-I.NFO,17/10/2024,09:22:55,25016.85,25015,125,25016.85,300,150,13753575
NIFTY-I.NFO,17/10/2024,09:22:57,25016.65,25015,50,25016.85,375,125,13753575
NIFTY-I.NFO,17/10/2024,09:22:59,25016.85,25013.5,175,25015,250,600,13753575
NIFTY-I.NFO,17/10/2024,09:23:00,25017,25013,150,25017,300,500,13753575
NIFTY-I.NFO,17/10/2024,09:23:02,25015,25015.5,175,25018,25,1125,13753575
NIFTY-I.NFO,17/10/2024,09:23:04,25018.1,25017.5,175,25020,575,75,13753575
NIFTY-I.NFO,17/10/2024,09:23:05,25020,25018.5,150,25020,375,150,13753575
NIFTY-I.NFO,17/10/2024,09:23:07,25020.2,25018.4,200,25020.2,600,1700,13753575
NIFTY-I.NFO,17/10/2024,09:23:09,25021.55,25021.6,50,25023.75,25,1650,13753575
NIFTY-I.NFO,17/10/2024,09:23:10,25023.85,25023.75,25,25023.85,250,500,13753575
NIFTY-I.NFO,17/10/2024,09:23:12,25025,25022.8,25,25025,200,300,13753575
NIFTY-I.NFO,17/10/2024,09:23:14,25022,25021.95,25,25026.9,525,1025,13753575
NIFTY-I.NFO,17/10/2024,09:23:15,25026.9,25024.9,200,25026.9,275,550,13753575
NIFTY-I.NFO,17/10/2024,09:23:17,25024.9,25026.6,25,25027.9,575,475,13753575
NIFTY-I.NFO,17/10/2024,09:23:19,25024.45,25024.4,125,25027.9,325,300,13753575
NIFTY-I.NFO,17/10/2024,09:23:20,25028.4,25024.6,250,25027.95,125,925,13753575
NIFTY-I.NFO,17/10/2024,09:23:22,25027.9,25025.35,75,25027.9,400,275,13753575
NIFTY-I.NFO,17/10/2024,09:23:24,25027,25025.45,100,25027.4,325,225,13753575
NIFTY-I.NFO,17/10/2024,09:23:25,25025.6,25025.05,25,25025.6,2900,575,13753575
NIFTY-I.NFO,17/10/2024,09:23:27,25025.6,25025.1,25,25025.6,2725,225,13753575
NIFTY-I.NFO,17/10/2024,09:23:29,25025.1,25025.05,25,25025.6,2675,75,13753575
NIFTY-I.NFO,17/10/2024,09:23:30,25025.45,25025,50,25025.6,2675,75,13753575
NIFTY-I.NFO,17/10/2024,09:23:32,25027.9,25028.2,50,25029,150,3525,13753575
NIFTY-I.NFO,17/10/2024,09:23:34,25028.95,25027,550,25028.95,300,775,13753575
NIFTY-I.NFO,17/10/2024,09:23:35,25030,25029,800,25030,75,1800,13753575
NIFTY-I.NFO,17/10/2024,09:23:37,25030,25029,825,25030,150,25,13753575
NIFTY-I.NFO,17/10/2024,09:23:39,25031.45,25030,1250,25031.05,175,325,13753575
NIFTY-I.NFO,17/10/2024,09:23:40,25025.15,25025.15,250,25028.75,150,3175,13753575
NIFTY-I.NFO,17/10/2024,09:23:42,25028.9,25026,25,25028.85,275,400,13753575
NIFTY-I.NFO,17/10/2024,09:23:44,25028.2,25021.6,25,25027.85,150,1625,13753575
NIFTY-I.NFO,17/10/2024,09:23:45,25027.75,25021.75,25,25027.75,150,425,13753575
NIFTY-I.NFO,17/10/2024,09:23:47,25027.05,25020.25,50,25026.65,25,1175,13753575
NIFTY-I.NFO,17/10/2024,09:23:49,25020.1,25020.65,100,25026.65,75,1725,13753575
NIFTY-I.NFO,17/10/2024,09:23:50,25020.25,25021.35,50,25026.65,75,100,13753575
NIFTY-I.NFO,17/10/2024,09:23:52,25027.5,25022,25,25026.35,25,250,13753575
NIFTY-I.NFO,17/10/2024,09:23:54,25024.3,25022,25,25022.5,25,75,13753575
NIFTY-I.NFO,17/10/2024,09:23:55,25025.25,25022,25,25024.7,325,300,13753575
NIFTY-I.NFO,17/10/2024,09:23:57,25022,25021.2,25,25022,25,50,13753575
NIFTY-I.NFO,17/10/2024,09:23:59,25021.2,25021,75,25022,25,50,13753575
NIFTY-I.NFO,17/10/2024,09:24:00,25024.95,25020,50,25023.05,25,1800,13753575
NIFTY-I.NFO,17/10/2024,09:24:02,25022,25020,50,25021.2,25,50,13753575
NIFTY-I.NFO,17/10/2024,09:24:04,25019.55,25019.2,25,25024.55,25,225,13753575
NIFTY-I.NFO,17/10/2024,09:24:05,25023.75,25018.45,25,25022.4,25,50,13753575
NIFTY-I.NFO,17/10/2024,09:24:07,25015.5,25016.25,150,25021,25,75,13753575
NIFTY-I.NFO,17/10/2024,09:24:09,25020.6,25015,100,25021.05,50,100,13753575
NIFTY-I.NFO,17/10/2024,09:24:10,25020.4,25015,75,25018.8,100,75,13753575
NIFTY-I.NFO,17/10/2024,09:24:12,25017.7,25015,25,25017.7,25,150,13753575
NIFTY-I.NFO,17/10/2024,09:24:14,25012.15,25012.15,250,25016.95,100,225,13753575
NIFTY-I.NFO,17/10/2024,09:24:15,25015.85,25015,475,25016.95,200,125,13753575
NIFTY-I.NFO,17/10/2024,09:24:17,25014.7,25012,25,25014.4,100,625,13753575
NIFTY-I.NFO,17/10/2024,09:24:19,25015.35,25009,500,25014.8,225,2000,13753575
NIFTY-I.NFO,17/10/2024,09:24:20,25014.55,25009.45,50,25014.55,25,75,13753575
NIFTY-I.NFO,17/10/2024,09:24:22,25009.05,25009,600,25014.45,50,50,13753575
NIFTY-I.NFO,17/10/2024,09:24:24,25014.45,25009.05,100,25014.45,50,300,13753575
NIFTY-I.NFO,17/10/2024,09:24:25,25014.5,25009,575,25013.75,50,125,13753575
NIFTY-I.NFO,17/10/2024,09:24:27,25014.5,25009,475,25013.75,350,375,13753575
NIFTY-I.NFO,17/10/2024,09:24:29,25014.5,25009,475,25013.6,200,0,13753575
NIFTY-I.NFO,17/10/2024,09:24:30,25013.6,25009.05,50,25013.6,275,400,13753575
NIFTY-I.NFO,17/10/2024,09:24:32,25012.1,25009.45,50,25013.55,250,850,13753575
NIFTY-I.NFO,17/10/2024,09:24:34,25013.45,25008.35,125,25013.45,175,375,13753575
NIFTY-I.NFO,17/10/2024,09:24:35,25013.45,25008,550,25013.45,25,175,13756175
NIFTY-I.NFO,17/10/2024,09:24:37,25010,25007.4,100,25011.45,100,950,13756175
NIFTY-I.NFO,17/10/2024,09:24:39,25006.9,25006.9,150,25011.25,175,600,13756175
NIFTY-I.NFO,17/10/2024,09:24:40,25005.4,25005.4,175,25011.25,25,1075,13756175
NIFTY-I.NFO,17/10/2024,09:24:40,25005,25005.4,175,25011.25,25,0,13756175
NIFTY-I.NFO,17/10/2024,09:24:42,25006.9,25005.25,25,25010,25,125,13756175
NIFTY-I.NFO,17/10/2024,09:24:44,25005.5,25006.5,225,25010,50,975,13756175
NIFTY-I.NFO,17/10/2024,09:24:45,25006,25007,75,25010,200,400,13756175
NIFTY-I.NFO,17/10/2024,09:24:47,25010.1,25010,25,25013,25,1775,13756175
NIFTY-I.NFO,17/10/2024,09:24:49,25013,25008.5,275,25013.7,50,75,13756175
NIFTY-I.NFO,17/10/2024,09:24:50,25009,25010,25,25014,200,25,13756175
NIFTY-I.NFO,17/10/2024,09:24:52,25010,25010.1,25,25013.75,100,75,13756175
NIFTY-I.NFO,17/10/2024,09:24:54,25012.95,25006.85,250,25012.95,100,150,13756175
NIFTY-I.NFO,17/10/2024,09:24:55,25013.15,25010.1,25,25013.15,100,300,13756175
NIFTY-I.NFO,17/10/2024,09:24:57,25013.15,25007.5,350,25013.2,75,175,13756175
NIFTY-I.NFO,17/10/2024,09:24:59,25012.95,25008.05,100,25013.6,50,650,13756175
NIFTY-I.NFO,17/10/2024,09:25:00,25013.8,25009,300,25013.2,25,50,13756175
NIFTY-I.NFO,17/10/2024,09:25:02,25013.2,25008.6,25,25013.2,175,225,13756175
NIFTY-I.NFO,17/10/2024,09:25:04,25008.05,25008.05,75,25010.7,25,250,13756175
NIFTY-I.NFO,17/10/2024,09:25:05,25010.7,25008,750,25010.7,125,50,13756175
NIFTY-I.NFO,17/10/2024,09:25:07,25010.7,25006.1,125,25010.7,100,850,13756175
NIFTY-I.NFO,17/10/2024,09:25:09,25010.7,25006.95,75,25010.7,25,1325,13756175
NIFTY-I.NFO,17/10/2024,09:25:10,25010,25006.6,250,25012.25,25,425,13756175
NIFTY-I.NFO,17/10/2024,09:25:12,25012.8,25006.4,250,25012.95,100,125,13756175
NIFTY-I.NFO,17/10/2024,09:25:14,25006.1,25005.1,50,25010.85,50,25,13756175
NIFTY-I.NFO,17/10/2024,09:25:15,25005,25005.05,250,25011,75,275,13756175
NIFTY-I.NFO,17/10/2024,09:25:17,25005,25005,600,25010.8,150,50,13756175
NIFTY-I.NFO,17/10/2024,09:25:19,25003.2,25003.2,250,25009,75,1450,13756175
NIFTY-I.NFO,17/10/2024,09:25:19,25003.2,25003.2,250,25009,75,0,13756175
NIFTY-I.NFO,17/10/2024,09:25:20,25005,25003,250,25005.9,100,175,13756175
NIFTY-I.NFO,17/10/2024,09:25:22,25005,25005,25,25006.85,25,50,13756175
NIFTY-I.NFO,17/10/2024,09:25:24,25005.4,25005.05,25,25005.4,975,275,13756175
NIFTY-I.NFO,17/10/2024,09:25:25,25005.7,25005.05,475,25009,300,1200,13756175
NIFTY-I.NFO,17/10/2024,09:25:27,25006,25006.9,25,25009,175,450,13756175
NIFTY-I.NFO,17/10/2024,09:25:29,25010.7,25009.25,25,25013,25,575,13756175
NIFTY-I.NFO,17/10/2024,09:25:30,25009.75,25010.85,25,25013,25,25,13756175
NIFTY-I.NFO,17/10/2024,09:25:32,25014.5,25010.85,25,25014.5,25,125,13756175
NIFTY-I.NFO,17/10/2024,09:25:34,25013,25010.9,25,25014.1,75,75,13756175
NIFTY-I.NFO,17/10/2024,09:25:35,25010.85,25011,25,25014.55,50,75,13756175
NIFTY-I.NFO,17/10/2024,09:25:37,25014.55,25013.05,25,25015,25,75,13756175
NIFTY-I.NFO,17/10/2024,09:25:39,25015.4,25013.05,25,25015.6,125,75,13756175
NIFTY-I.NFO,17/10/2024,09:25:40,25015.7,25015.7,25,25016.85,125,75,13756175
NIFTY-I.NFO,17/10/2024,09:25:42,25015.7,25015.7,25,25017.15,125,75,13756175
NIFTY-I.NFO,17/10/2024,09:25:44,25019.25,25016.9,25,25019.25,50,175,13756175
NIFTY-I.NFO,17/10/2024,09:25:45,25019.25,25017.3,25,25018.2,75,0,13756175
NIFTY-I.NFO,17/10/2024,09:25:47,25015,25015.75,25,25016.7,50,2575,13756175
NIFTY-I.NFO,17/10/2024,09:25:49,25015.25,25013.05,25,25014.2,25,300,13756175
NIFTY-I.NFO,17/10/2024,09:25:50,25015.25,25013.05,25,25014.6,100,0,13756175
NIFTY-I.NFO,17/10/2024,09:25:52,25016.4,25013.15,25,25016.7,25,600,13756175
NIFTY-I.NFO,17/10/2024,09:25:54,25018.15,25015.3,100,25016.2,75,75,13756175
NIFTY-I.NFO,17/10/2024,09:25:55,25016.2,25015.3,25,25016.2,50,50,13756175
NIFTY-I.NFO,17/10/2024,09:25:57,25017.7,25015.3,25,25017.6,25,325,13756175
NIFTY-I.NFO,17/10/2024,09:25:59,25017.95,25016.75,25,25017.95,125,200,13756175
NIFTY-I.NFO,17/10/2024,09:26:00,25017.35,25015.3,25,25017.45,250,275,13756175
NIFTY-I.NFO,17/10/2024,09:26:02,25015,25013.05,25,25015.4,100,725,13756175
NIFTY-I.NFO,17/10/2024,09:26:04,25014.9,25013.05,25,25014.45,400,275,13756175
NIFTY-I.NFO,17/10/2024,09:26:05,25011,25010.85,25,25012.9,125,1350,13756175
NIFTY-I.NFO,17/10/2024,09:26:07,25013.05,25010.05,75,25013.05,100,300,13756175
NIFTY-I.NFO,17/10/2024,09:26:09,25012.3,25011,25,25012.4,125,275,13756175
NIFTY-I.NFO,17/10/2024,09:26:10,25012.05,25011,25,25012.2,125,25,13756175
NIFTY-I.NFO,17/10/2024,09:26:12,25010.9,25010,1050,25010.65,375,75,13756175
NIFTY-I.NFO,17/10/2024,09:26:14,25010.7,25010,475,25011.65,25,725,13756175
NIFTY-I.NFO,17/10/2024,09:26:15,25011.35,25010,425,25011.4,75,200,13756175
NIFTY-I.NFO,17/10/2024,09:26:17,25011.45,25010.9,25,25011.45,75,100,13756175
NIFTY-I.NFO,17/10/2024,09:26:19,25010.7,25010.7,925,25011.3,100,250,13756175
NIFTY-I.NFO,17/10/2024,09:26:20,25010,25009,50,25009.55,25,1750,13756175
NIFTY-I.NFO,17/10/2024,09:26:22,25010.05,25009,50,25010.05,25,150,13756175
NIFTY-I.NFO,17/10/2024,09:26:24,25011.25,25009,25,25011.35,400,125,13756175
NIFTY-I.NFO,17/10/2024,09:26:25,25012.65,25008,250,25012.6,125,2775,13756175
NIFTY-I.NFO,17/10/2024,09:26:27,25008.05,25008.05,75,25011.8,250,100,13756175
NIFTY-I.NFO,17/10/2024,09:26:29,25008.05,25008.05,75,25011.8,250,50,13756175
NIFTY-I.NFO,17/10/2024,09:26:30,25007.15,25007.15,75,25010,50,100,13756175
NIFTY-I.NFO,17/10/2024,09:26:32,25007.1,25007.1,75,25009.6,150,300,13756175
NIFTY-I.NFO,17/10/2024,09:26:34,25008.25,25005.05,75,25008.8,150,375,13756175
NIFTY-I.NFO,17/10/2024,09:26:35,25005.05,25005,700,25007.05,150,50,13756175
NIFTY-I.NFO,17/10/2024,09:26:37,25007.1,25005,525,25006.55,250,250,13756175
NIFTY-I.NFO,17/10/2024,09:26:39,25005,25007.05,25,25007.9,100,50,13756175
NIFTY-I.NFO,17/10/2024,09:26:40,25004,25004.05,75,25006.95,75,600,13756175
NIFTY-I.NFO,17/10/2024,09:26:42,25005,25004.05,200,25007.9,25,25,13756175
NIFTY-I.NFO,17/10/2024,09:26:44,25006.95,25006.95,1475,25008,50,100,13756175
NIFTY-I.NFO,17/10/2024,09:26:45,25007.1,25006.95,1475,25007.75,200,250,13756175
NIFTY-I.NFO,17/10/2024,09:26:47,25007.65,25006.95,1425,25007.8,175,375,13756175
NIFTY-I.NFO,17/10/2024,09:26:49,25007.8,25006.95,1350,25008,175,100,13756175
NIFTY-I.NFO,17/10/2024,09:26:50,25008.5,25006.95,1250,25008.5,25,175,13756175
NIFTY-I.NFO,17/10/2024,09:26:52,25008.75,25006.95,1250,25009.35,125,25,13756175
NIFTY-I.NFO,17/10/2024,09:26:54,25006.95,25006.95,1150,25008.2,125,175,13756175
NIFTY-I.NFO,17/10/2024,09:26:55,25005.1,25005.1,75,25006.95,25,1225,13756175
NIFTY-I.NFO,17/10/2024,09:26:57,25004,25004.5,50,25006.8,25,125,13756175
NIFTY-I.NFO,17/10/2024,09:26:59,25005.85,25002,300,25005.1,25,450,13756175
NIFTY-I.NFO,17/10/2024,09:26:59,25002,25002,300,25005.1,25,0,13756175
NIFTY-I.NFO,17/10/2024,09:27:00,25002.05,25002.05,75,25006.1,150,125,13756175
NIFTY-I.NFO,17/10/2024,09:27:02,25002,25002,200,25003.35,100,275,13756175
NIFTY-I.NFO,17/10/2024,09:27:04,24996,24996,25,24998.95,25,8575,13756175
NIFTY-I.NFO,17/10/2024,09:27:04,24996,24996,25,24998.95,25,0,13756175
NIFTY-I.NFO,17/10/2024,09:27:05,25000,24998.55,25,24998.95,200,1175,13756175
NIFTY-I.NFO,17/10/2024,09:27:05,24993,24998.55,25,24998.95,200,0,13756175
NIFTY-I.NFO,17/10/2024,09:27:07,24998.75,24996,25,24998.5,25,525,13756175
NIFTY-I.NFO,17/10/2024,09:27:09,25000,24994.1,125,25000,1125,600,13756175
NIFTY-I.NFO,17/10/2024,09:27:10,24998.5,24993,25,24998.5,125,225,13756175
NIFTY-I.NFO,17/10/2024,09:27:10,24992.65,24993,25,24998.5,125,0,13756175
NIFTY-I.NFO,17/10/2024,09:27:12,24991.9,24992.8,50,24999,50,925,13756175
NIFTY-I.NFO,17/10/2024,09:27:12,24991.9,24992.8,50,24999,50,0,13756175
NIFTY-I.NFO,17/10/2024,09:27:14,24996,24992.55,125,24998.55,50,325,13756175
NIFTY-I.NFO,17/10/2024,09:27:15,24992.6,24993.35,75,24998.45,25,50,13756175
NIFTY-I.NFO,17/10/2024,09:27:17,24993.75,24993.7,175,24998.45,25,50,13756175
NIFTY-I.NFO,17/10/2024,09:27:19,24992.75,24992.75,150,24998.4,50,850,13756175
NIFTY-I.NFO,17/10/2024,09:27:20,24992.75,24990.15,100,24995,1000,1500,13756175
NIFTY-I.NFO,17/10/2024,09:27:20,24990.15,24990.15,100,24995,1000,0,13756175
NIFTY-I.NFO,17/10/2024,09:27:22,24990.1,24990,775,24995,900,300,13756175
NIFTY-I.NFO,17/10/2024,09:27:22,24990.1,24990,775,24995,900,0,13756175
NIFTY-I.NFO,17/10/2024,09:27:24,24990,24990,300,24993.7,25,1200,13756175
NIFTY-I.NFO,17/10/2024,09:27:24,24989.45,24990,300,24993.7,25,0,13756175
NIFTY-I.NFO,17/10/2024,09:27:25,24993.75,24990.15,350,24993.75,1625,300,13756175
NIFTY-I.NFO,17/10/2024,09:27:25,24989.3,24990.15,350,24993.75,1625,0,13756175
NIFTY-I.NFO,17/10/2024,09:27:27,24993.7,24992,50,24993.7,75,1000,13756175
NIFTY-I.NFO,17/10/2024,09:27:29,24993.75,24992,25,24993.75,1525,225,13756175
NIFTY-I.NFO,17/10/2024,09:27:30,24993.7,24991.9,200,24993.7,175,175,13756175
NIFTY-I.NFO,17/10/2024,09:27:32,24993.75,24990.15,25,24993.75,1375,1075,13756175
NIFTY-I.NFO,17/10/2024,09:27:34,24993.7,24990.2,75,24993.75,1375,275,13756175
NIFTY-I.NFO,17/10/2024,09:27:35,24993.75,24992,650,24993.75,1075,550,13766175
NIFTY-I.NFO,17/10/2024,09:27:37,24992,24992,575,24993,25,150,13766175
NIFTY-I.NFO,17/10/2024,09:27:39,24993,24992,550,24993.75,1000,100,13766175
NIFTY-I.NFO,17/10/2024,09:27:40,24992.15,24992.15,125,24993.75,925,225,13766175
NIFTY-I.NFO,17/10/2024,09:27:42,24992.05,24993.05,100,24995,775,1775,13766175
NIFTY-I.NFO,17/10/2024,09:27:44,24998.25,24994.75,75,24998.45,75,1825,13766175
NIFTY-I.NFO,17/10/2024,09:27:45,24998.5,24995.15,350,24998.75,600,175,13766175
NIFTY-I.NFO,17/10/2024,09:27:47,24998.75,24995.15,350,24998.75,550,75,13766175
NIFTY-I.NFO,17/10/2024,09:27:49,24995.15,24995.4,50,24998.75,550,50,13766175
NIFTY-I.NFO,17/10/2024,09:27:50,24995.4,24995.55,50,24997.9,100,25,13766175
NIFTY-I.NFO,17/10/2024,09:27:52,24997.65,24995.35,500,24997.95,125,150,13766175
NIFTY-I.NFO,17/10/2024,09:27:54,24997.65,24995.4,25,24997.8,75,300,13766175
NIFTY-I.NFO,17/10/2024,09:27:55,24998,24995.35,275,24998,275,175,13766175
NIFTY-I.NFO,17/10/2024,09:27:57,24998,24995.35,100,24998,150,625,13766175
NIFTY-I.NFO,17/10/2024,09:27:59,24998,24995.45,100,24998.75,550,225,13766175
NIFTY-I.NFO,17/10/2024,09:28:00,24998,24995.8,25,24998,150,375,13766175
NIFTY-I.NFO,17/10/2024,09:28:02,25000,24996.6,75,25000,375,850,13766175
NIFTY-I.NFO,17/10/2024,09:28:04,24993,24994.15,25,24999.95,100,1450,13766175
NIFTY-I.NFO,17/10/2024,09:28:05,24993,24996.55,125,24999.85,100,0,13766175
NIFTY-I.NFO,17/10/2024,09:28:07,24999.95,24994.45,100,25000,450,275,13766175
NIFTY-I.NFO,17/10/2024,09:28:09,24999.95,24999.95,25,25000,400,150,13766175
NIFTY-I.NFO,17/10/2024,09:28:10,24994.2,24994.2,75,24999.85,175,1150,13766175
NIFTY-I.NFO,17/10/2024,09:28:12,24996.15,24994,25,24995,25,1175,13766175
NIFTY-I.NFO,17/10/2024,09:28:14,24999,24998.05,50,24999.15,100,50,13766175
NIFTY-I.NFO,17/10/2024,09:28:15,24998.5,24996.55,25,24997.95,50,225,13766175
NIFTY-I.NFO,17/10/2024,09:28:17,24999.2,24995.05,75,24998.8,300,2225,13766175
NIFTY-I.NFO,17/10/2024,09:28:19,24997.8,24995.3,50,24997.8,75,25,13766175
NIFTY-I.NFO,17/10/2024,09:28:20,24995,24995.15,100,24997.25,50,900,13766175
NIFTY-I.NFO,17/10/2024,09:28:22,24992.15,24992.15,50,24994.3,50,350,13766175
NIFTY-I.NFO,17/10/2024,09:28:24,24997.35,24994.05,50,24997.35,75,100,13766175
NIFTY-I.NFO,17/10/2024,09:28:25,24997.35,24993.25,125,24997.35,25,350,13766175
NIFTY-I.NFO,17/10/2024,09:28:27,24997.75,24995.1,100,24997.8,50,75,13766175
NIFTY-I.NFO,17/10/2024,09:28:29,24997.45,24995.3,75,24997.45,100,75,13766175
NIFTY-I.NFO,17/10/2024,09:28:30,24997.25,24995.3,75,24996.75,250,50,13766175
NIFTY-I.NFO,17/10/2024,09:28:32,24997.35,24995.05,25,24997.35,50,300,13766175
NIFTY-I.NFO,17/10/2024,09:28:34,24995.15,24995.2,100,24998.85,150,300,13766175
NIFTY-I.NFO,17/10/2024,09:28:35,24998.85,24997.25,25,24998.85,175,225,13766175
NIFTY-I.NFO,17/10/2024,09:28:37,24995.05,24995,225,24996.95,50,225,13766175
NIFTY-I.NFO,17/10/2024,09:28:39,24994.35,24994.4,100,24995.9,25,575,13766175
NIFTY-I.NFO,17/10/2024,09:28:40,24995.9,24994.3,25,24995.9,100,150,13766175
NIFTY-I.NFO,17/10/2024,09:28:42,24995.9,24994.35,25,24995.9,25,175,13766175
NIFTY-I.NFO,17/10/2024,09:28:44,24995.5,24992.35,100,24994.75,250,375,13766175
NIFTY-I.NFO,17/10/2024,09:28:45,24994.85,24991.55,75,24994.75,150,950,13766175
NIFTY-I.NFO,17/10/2024,09:28:47,24994.7,24993.15,500,24995,125,325,13766175
NIFTY-I.NFO,17/10/2024,09:28:49,24995,24993.15,500,24995,75,75,13766175
NIFTY-I.NFO,17/10/2024,09:28:50,24995,24994.05,25,24994.7,25,50,13766175
NIFTY-I.NFO,17/10/2024,09:28:52,24994,24994,25,24994.7,25,575,13766175
NIFTY-I.NFO,17/10/2024,09:28:54,24994.65,24994,25,24994.25,250,100,13766175
NIFTY-I.NFO,17/10/2024,09:28:55,24994.8,24994.7,50,24994.85,150,200,13766175
NIFTY-I.NFO,17/10/2024,09:28:57,24994.8,24994.7,50,24995,25,50,13766175
NIFTY-I.NFO,17/10/2024,09:28:59,24995.5,24994.7,50,24995.6,25,150,13766175
NIFTY-I.NFO,17/10/2024,09:29:00,24995.5,24995.55,25,24995.6,200,100,13766175
NIFTY-I.NFO,17/10/2024,09:29:02,24995,24995.05,50,24997.9,150,300,13766175
NIFTY-I.NFO,17/10/2024,09:29:04,24995,24994.8,25,24997.3,125,175,13766175
NIFTY-I.NFO,17/10/2024,09:29:05,24997.3,24996.55,25,24997.25,125,25,13766175
NIFTY-I.NFO,17/10/2024,09:29:07,24994.8,24994.7,25,24995.5,100,350,13766175
NIFTY-I.NFO,17/10/2024,09:29:09,24997.05,24994.7,25,24997.2,50,1175,13766175
NIFTY-I.NFO,17/10/2024,09:29:10,24995,24995,25,24996.55,150,50,13766175
NIFTY-I.NFO,17/10/2024,09:29:12,24995,24995,125,24996.55,200,25,13766175
NIFTY-I.NFO,17/10/2024,09:29:14,24999.9,24996.35,50,24999,175,425,13766175
NIFTY-I.NFO,17/10/2024,09:29:15,24999,24996.6,50,24999,275,25,13766175
NIFTY-I.NFO,17/10/2024,09:29:17,24999,24997.6,25,24999,175,175,13766175
NIFTY-I.NFO,17/10/2024,09:29:19,24999.95,24997.4,100,24999.95,275,800,13766175
NIFTY-I.NFO,17/10/2024,09:29:20,25001,24999.1,100,25002,25,1025,13766175
NIFTY-I.NFO,17/10/2024,09:29:22,25002.6,25001.25,125,25002.6,200,125,13766175
NIFTY-I.NFO,17/10/2024,09:29:24,25003.55,25000.75,75,25003.55,125,625,13766175
NIFTY-I.NFO,17/10/2024,09:29:25,25002.7,25001.1,100,25003.05,225,125,13766175
NIFTY-I.NFO,17/10/2024,09:29:27,25003,25001.1,75,25003.1,350,150,13766175
NIFTY-I.NFO,17/10/2024,09:29:29,25003.8,25001.05,100,25003.9,225,575,13766175
NIFTY-I.NFO,17/10/2024,09:29:30,25004,25002.8,75,25005,50,50,13766175
NIFTY-I.NFO,17/10/2024,09:29:32,25005.85,25005.85,50,25007,275,150,13766175
NIFTY-I.NFO,17/10/2024,09:29:34,25008.3,25005.7,100,25008.25,225,600,13766175
NIFTY-I.NFO,17/10/2024,09:29:35,25006.75,25005.15,25,25005.7,25,200,13766175
NIFTY-I.NFO,17/10/2024,09:29:37,25006.9,25005.05,25,25005.15,25,150,13766175
NIFTY-I.NFO,17/10/2024,09:29:39,25005.05,25005.05,25,25007.1,225,175,13766175
NIFTY-I.NFO,17/10/2024,09:29:40,25007.5,25005.05,25,25008,150,325,13766175
NIFTY-I.NFO,17/10/2024,09:29:42,25007,25005.75,25,25007.9,225,75,13766175
NIFTY-I.NFO,17/10/2024,09:29:44,25006,25005.05,25,25006,175,350,13766175
NIFTY-I.NFO,17/10/2024,09:29:45,25005.75,25005.15,25,25006,25,300,13766175
NIFTY-I.NFO,17/10/2024,09:29:47,25006.05,25005.9,50,25007.3,50,25,13766175
NIFTY-I.NFO,17/10/2024,09:29:49,25005,25005.05,25,25007.8,100,1125,13766175
NIFTY-I.NFO,17/10/2024,09:29:50,25006.95,25005.8,25,25006.9,125,75,13766175
NIFTY-I.NFO,17/10/2024,09:29:52,25006.95,25005.8,25,25007.5,225,0,13766175
NIFTY-I.NFO,17/10/2024,09:29:54,25007.5,25006.2,25,25007.4,250,50,13766175
NIFTY-I.NFO,17/10/2024,09:29:55,25007,25007.15,25,25007.6,25,275,13766175
NIFTY-I.NFO,17/10/2024,09:29:57,25007.05,25007.05,25,25008.45,425,375,13766175
NIFTY-I.NFO,17/10/2024,09:29:59,25008.75,25007.65,25,25008,25,325,13766175
NIFTY-I.NFO,17/10/2024,09:30:00,25007.5,25006.35,25,25007.5,175,2250,13766175
NIFTY-I.NFO,17/10/2024,09:30:02,25006.35,25006.35,25,25006.8,175,600,13766175
NIFTY-I.NFO,17/10/2024,09:30:04,25006.95,25006.05,25,25006.95,25,225,13766175
NIFTY-I.NFO,17/10/2024,09:30:05,25008.45,25007.55,25,25008.5,25,200,13766175
NIFTY-I.NFO,17/10/2024,09:30:07,25005.75,25005.8,25,25008.85,125,975,13766175
NIFTY-I.NFO,17/10/2024,09:30:09,25005.8,25007.05,25,25009.3,125,125,13766175
NIFTY-I.NFO,17/10/2024,09:30:10,25008.6,25006.4,25,25008.45,225,125,13766175
NIFTY-I.NFO,17/10/2024,09:30:12,25006.4,25006.4,25,25007,1325,125,13766175
NIFTY-I.NFO,17/10/2024,09:30:14,25005,25005.05,25,25006.3,150,250,13766175
NIFTY-I.NFO,17/10/2024,09:30:15,25005.05,25005.05,25,25006.45,225,500,13766175
NIFTY-I.NFO,17/10/2024,09:30:17,25005.05,25005.05,25,25005.95,250,1050,13766175
NIFTY-I.NFO,17/10/2024,09:30:19,25003.4,25000.35,275,25004.05,150,4350,13766175
NIFTY-I.NFO,17/10/2024,09:30:20,25003,25000.05,25,25002.95,225,175,13766175
NIFTY-I.NFO,17/10/2024,09:30:22,25000.05,25000.05,25,25001.15,300,425,13766175
NIFTY-I.NFO,17/10/2024,09:30:24,25001.3,25001.25,50,25002.4,150,125,13766175
NIFTY-I.NFO,17/10/2024,09:30:25,25000,24999,25,25000.05,25,300,13766175
NIFTY-I.NFO,17/10/2024,09:30:27,25000.8,24997.6,425,25000.95,100,200,13766175
NIFTY-I.NFO,17/10/2024,09:30:29,24997.6,24997.6,400,25000.2,25,300,13766175
NIFTY-I.NFO,17/10/2024,09:30:30,25000.2,24999.6,25,25003,1325,250,13766175
NIFTY-I.NFO,17/10/2024,09:30:32,25000.05,24999.5,250,25003,1250,175,13766175
NIFTY-I.NFO,17/10/2024,09:30:34,25002.9,25000.8,25,25002.75,125,50,13766175
NIFTY-I.NFO,17/10/2024,09:30:35,25001.8,25000.2,1800,25002.4,150,200,13766475
NIFTY-I.NFO,17/10/2024,09:30:37,25002.95,25000.25,100,25002.9,125,50,13766475
NIFTY-I.NFO,17/10/2024,09:30:39,25003,25000.25,100,25001.75,50,300,13766475
NIFTY-I.NFO,17/10/2024,09:30:40,25000.6,25000.2,1800,25000.6,25,150,13766475
NIFTY-I.NFO,17/10/2024,09:30:42,25000.2,25000.2,1625,25000.55,225,175,13766475
NIFTY-I.NFO,17/10/2024,09:30:44,25000.2,25000.2,1675,25000.25,150,1800,13766475
NIFTY-I.NFO,17/10/2024,09:30:45,25000.25,25000.2,200,25000.55,125,2350,13766475
NIFTY-I.NFO,17/10/2024,09:30:47,25000.2,25000.2,825,25000.25,300,10050,13766475
NIFTY-I.NFO,17/10/2024,09:30:49,25000,25000.2,975,25000.35,100,1725,13766475
NIFTY-I.NFO,17/10/2024,09:30:50,25001.75,25000.55,25,25001.75,125,75,13766475
NIFTY-I.NFO,17/10/2024,09:30:52,25000.2,25000.2,500,25001.75,125,550,13766475
NIFTY-I.NFO,17/10/2024,09:30:54,25000.2,25000.2,425,25000.25,100,200,13766475
NIFTY-I.NFO,17/10/2024,09:30:55,25000.25,25000.2,1700,25000.25,100,1050,13766475
NIFTY-I.NFO,17/10/2024,09:30:57,25000.25,25000.2,1700,25000.25,125,75,13766475
NIFTY-I.NFO,17/10/2024,09:30:59,25003,25003,1500,25003.2,125,300,13766475
NIFTY-I.NFO,17/10/2024,09:31:00,25003,25003,1375,25005,125,450,13766475
NIFTY-I.NFO,17/10/2024,09:31:02,25003.2,25003.05,25,25003.3,250,75,13766475
NIFTY-I.NFO,17/10/2024,09:31:04,25003.05,25003.05,50,25003.3,375,25,13766475
NIFTY-I.NFO,17/10/2024,09:31:05,25003.05,25003,1250,25003.05,550,5575,13766475
NIFTY-I.NFO,17/10/2024,09:31:07,25003.05,25003,1625,25003.05,25,1300,13766475
NIFTY-I.NFO,17/10/2024,09:31:09,25003,25003,1550,25004,25,1925,13766475
NIFTY-I.NFO,17/10/2024,09:31:10,25004,25003,1550,25004.2,25,25,13766475
NIFTY-I.NFO,17/10/2024,09:31:12,25003,25003,1375,25003.1,200,3600,13766475
NIFTY-I.NFO,17/10/2024,09:31:14,25003,25003,450,25003.1,50,2575,13766475
NIFTY-I.NFO,17/10/2024,09:31:17,25002.1,25000.25,175,25001.4,100,1075,13766475
NIFTY-I.NFO,17/10/2024,09:31:19,25001.25,25000.25,125,25001.4,225,525,13766475
NIFTY-I.NFO,17/10/2024,09:31:20,25000.25,25000.25,100,25001.4,100,175,13766475
NIFTY-I.NFO,17/10/2024,09:31:22,25001.4,25000.25,100,25001.2,75,475,13766475
NIFTY-I.NFO,17/10/2024,09:31:24,25000.2,25000.2,1650,25000.8,225,200,13766475
NIFTY-I.NFO,17/10/2024,09:31:25,25001.9,25000.2,1550,25001.95,125,175,13766475
NIFTY-I.NFO,17/10/2024,09:31:27,25001.9,25000.2,1500,25001.75,125,75,13766475
NIFTY-I.NFO,17/10/2024,09:31:29,25000.2,25000.75,25,25004,25,2175,13766475
NIFTY-I.NFO,17/10/2024,09:31:30,25002.05,25002.05,75,25004.85,125,375,13766475
NIFTY-I.NFO,17/10/2024,09:31:32,25002.05,25002,25,25003,25,125,13766475
NIFTY-I.NFO,17/10/2024,09:31:34,25003,25002,25,25004.9,25,25,13766475
NIFTY-I.NFO,17/10/2024,09:31:35,25003.3,25002,25,25003.3,125,50,13766475
NIFTY-I.NFO,17/10/2024,09:31:37,25003.3,25002,25,25003.45,25,100,13766475
NIFTY-I.NFO,17/10/2024,09:31:39,25003.9,25002,75,25003.9,75,100,13766475
NIFTY-I.NFO,17/10/2024,09:31:40,25003.35,25003.35,25,25003.7,175,325,13766475
NIFTY-I.NFO,17/10/2024,09:31:42,25003.4,25002,25,25003.5,125,125,13766475
NIFTY-I.NFO,17/10/2024,09:31:44,25002,25001.95,25,25002,2475,75,13766475
NIFTY-I.NFO,17/10/2024,09:31:45,25002,25001,25,25002,2175,425,13766475
NIFTY-I.NFO,17/10/2024,09:31:47,25001.95,25001,25,25001.95,25,75,13766475
NIFTY-I.NFO,17/10/2024,09:31:49,25001,25000.55,50,25001,4975,50,13766475
NIFTY-I.NFO,17/10/2024,09:31:50,25001,25000.95,50,25001,4775,200,13766475
NIFTY-I.NFO,17/10/2024,09:31:52,25001.35,25001.35,250,25002,1875,5075,13766475
NIFTY-I.NFO,17/10/2024,09:31:54,25003.3,25002.2,100,25003.3,2400,1950,13766475
NIFTY-I.NFO,17/10/2024,09:31:55,25004.9,25004.95,200,25005,200,2575,13766475
NIFTY-I.NFO,17/10/2024,09:31:57,25009.05,25007.2,225,25009,250,825,13766475
NIFTY-I.NFO,17/10/2024,09:31:59,25009.6,25007.2,200,25009.7,125,75,13766475
NIFTY-I.NFO,17/10/2024,09:32:00,25010,25009.95,75,25010,25,300,13766475
NIFTY-I.NFO,17/10/2024,09:32:02,25010.4,25010,25,25011,75,750,13766475
NIFTY-I.NFO,17/10/2024,09:32:04,25015,25013.1,50,25015.55,25,350,13766475
NIFTY-I.NFO,17/10/2024,09:32:05,25016.75,25015.55,75,25017,275,500,13766475
NIFTY-I.NFO,17/10/2024,09:32:07,25016.85,25015.55,75,25016.8,125,200,13766475
NIFTY-I.NFO,17/10/2024,09:32:09,25015,25013.9,25,25017.8,125,775,13766475
NIFTY-I.NFO,17/10/2024,09:32:10,25017.05,25013.3,100,25017.1,150,100,13766475
NIFTY-I.NFO,17/10/2024,09:32:12,25016.35,25013.05,25,25014.95,225,100,13766475
NIFTY-I.NFO,17/10/2024,09:32:14,25014.8,25013.1,25,25016.4,200,225,13766475
NIFTY-I.NFO,17/10/2024,09:32:15,25016.4,25015,25,25017.75,125,200,13766475
NIFTY-I.NFO,17/10/2024,09:32:17,25017,25015.6,25,25018.2,50,100,13766475
NIFTY-I.NFO,17/10/2024,09:32:19,25023,25020,25,25022.95,125,475,13766475
NIFTY-I.NFO,17/10/2024,09:32:20,25015.65,25017,25,25020.7,225,250,13766475
NIFTY-I.NFO,17/10/2024,09:32:22,25022.15,25018.2,75,25022.5,125,775,13766475
NIFTY-I.NFO,17/10/2024,09:32:24,25021.25,25017.8,325,25022,25,150,13766475
NIFTY-I.NFO,17/10/2024,09:32:25,25022.15,25017.8,250,25021.4,250,325,13766475
NIFTY-I.NFO,17/10/2024,09:32:27,25021.1,25015.1,50,25020.15,25,1050,13766475
NIFTY-I.NFO,17/10/2024,09:32:29,25019.6,25015,375,25020.15,125,75,13766475
NIFTY-I.NFO,17/10/2024,09:32:30,25020,25015.05,50,25021,25,75,13766475
NIFTY-I.NFO,17/10/2024,09:32:32,25016.95,25016.1,100,25022.2,100,200,13766475
NIFTY-I.NFO,17/10/2024,09:32:34,25022.05,25020,425,25023,25,925,13766475
NIFTY-I.NFO,17/10/2024,09:32:35,25023.35,25021.2,275,25024.25,75,175,13766475
NIFTY-I.NFO,17/10/2024,09:32:37,25023,25021.2,275,25023.7,125,550,13766475
NIFTY-I.NFO,17/10/2024,09:32:39,25017.2,25017.45,250,25022.4,100,1975,13766475
NIFTY-I.NFO,17/10/2024,09:32:40,25020.55,25020,100,25020.4,25,525,13766475
NIFTY-I.NFO,17/10/2024,09:32:42,25021,25020,125,25020.6,125,725,13766475
NIFTY-I.NFO,17/10/2024,09:32:44,25020.35,25016.95,275,25021.35,75,825,13766475
NIFTY-I.NFO,17/10/2024,09:32:45,25020.25,25020.25,275,25020.75,125,175,13766475
NIFTY-I.NFO,17/10/2024,09:32:47,25015.55,25015.55,250,25019.85,75,475,13766475
NIFTY-I.NFO,17/10/2024,09:32:49,25018.7,25016.15,25,25018.15,100,300,13766475
NIFTY-I.NFO,17/10/2024,09:32:50,25017.45,25015.5,25,25017.65,200,125,13766475
NIFTY-I.NFO,17/10/2024,09:32:52,25017.45,25015.5,25,25017.4,125,0,13766475
NIFTY-I.NFO,17/10/2024,09:32:54,25013.2,25013.2,75,25015.1,100,175,13766475
NIFTY-I.NFO,17/10/2024,09:32:55,25010.9,25010.6,250,25014.9,275,1075,13766475
NIFTY-I.NFO,17/10/2024,09:32:57,25010,25010.05,75,25013.25,125,50,13766475
NIFTY-I.NFO,17/10/2024,09:32:59,25010,25010,200,25012.75,25,0,13766475
NIFTY-I.NFO,17/10/2024,09:33:00,25010,25011.45,75,25014.7,200,0,13766475
NIFTY-I.NFO,17/10/2024,09:33:02,25014.6,25010,275,25011.45,25,250,13766475
NIFTY-I.NFO,17/10/2024,09:33:04,25011.45,25010.95,250,25014.65,75,50,13766475
NIFTY-I.NFO,17/10/2024,09:33:05,25015,25013.8,250,25018.35,125,75,13766475
NIFTY-I.NFO,17/10/2024,09:33:07,25017.5,25012.05,50,25013.8,25,650,13766475
NIFTY-I.NFO,17/10/2024,09:33:09,25017.1,25012.2,100,25017.15,125,475,13766475
NIFTY-I.NFO,17/10/2024,09:33:10,25017.9,25012.8,25,25017,250,50,13766475
NIFTY-I.NFO,17/10/2024,09:33:12,25017,25012.95,75,25017,75,200,13766475
NIFTY-I.NFO,17/10/2024,09:33:14,25012.95,25012.05,25,25014.7,50,100,13766475
NIFTY-I.NFO,17/10/2024,09:33:15,25005.25,25008.65,75,25013.6,25,1900,13766475
NIFTY-I.NFO,17/10/2024,09:33:17,25013.85,25008.2,150,25013.7,125,300,13766475
NIFTY-I.NFO,17/10/2024,09:33:19,25011.85,25011.85,75,25013.2,50,300,13766475
NIFTY-I.NFO,17/10/2024,09:33:20,25007.15,25010,200,25013.95,125,600,13766475
NIFTY-I.NFO,17/10/2024,09:33:22,25011.85,25010.05,100,25012,200,25,13766475
NIFTY-I.NFO,17/10/2024,09:33:24,25012,25010.05,100,25012,300,25,13766475
NIFTY-I.NFO,17/10/2024,09:33:25,25010,25010,175,25011.6,200,100,13766475
NIFTY-I.NFO,17/10/2024,09:33:27,25010,25010,150,25011.5,25,50,13766475
NIFTY-I.NFO,17/10/2024,09:33:29,25010.85,25006,25,25010.85,25,500,13766475
NIFTY-I.NFO,17/10/2024,09:33:30,25010.3,25006,25,25010.8,50,275,13766475
NIFTY-I.NFO,17/10/2024,09:33:32,25010,25007,25,25010,75,50,13766475
NIFTY-I.NFO,17/10/2024,09:33:34,25010,25007.6,75,25011.25,100,150,13766475
NIFTY-I.NFO,17/10/2024,09:33:35,25007,25006.8,150,25012,50,75,13766475
NIFTY-I.NFO,17/10/2024,09:33:37,25010,25006.45,150,25012,50,600,13729675
NIFTY-I.NFO,17/10/2024,09:33:39,25016,25009.55,150,25015.8,25,800,13729675
NIFTY-I.NFO,17/10/2024,09:33:40,25016,25009.45,75,25015.1,125,0,13729675
NIFTY-I.NFO,17/10/2024,09:33:42,25014.9,25007.35,125,25014,100,575,13729675
NIFTY-I.NFO,17/10/2024,09:33:44,25014.9,25008.5,175,25013.95,25,0,13729675
NIFTY-I.NFO,17/10/2024,09:33:45,25009.5,25009.1,50,25015.05,125,1150,13729675
NIFTY-I.NFO,17/10/2024,09:33:47,25009.6,25008.45,200,25014.9,75,25,13729675
NIFTY-I.NFO,17/10/2024,09:33:49,25010,25008.5,25,25012.5,50,50,13729675
NIFTY-I.NFO,17/10/2024,09:33:50,25010,25009,75,25012.75,125,0,13729675
NIFTY-I.NFO,17/10/2024,09:33:52,25012.15,25009.65,25,25012.15,25,75,13729675
NIFTY-I.NFO,17/10/2024,09:33:54,25011.8,25009,75,25012.05,100,425,13729675
NIFTY-I.NFO,17/10/2024,09:33:55,25012.05,25010,250,25011.8,125,100,13729675
NIFTY-I.NFO,17/10/2024,09:33:57,25010,25009,75,25010.5,100,775,13729675
NIFTY-I.NFO,17/10/2024,09:33:59,25009.5,25005.05,200,25009.5,50,325,13729675
NIFTY-I.NFO,17/10/2024,09:34:00,25010,25005.95,150,25010.5,25,75,13729675
NIFTY-I.NFO,17/10/2024,09:34:02,25005.95,25005.15,150,25009.9,50,75,13729675
NIFTY-I.NFO,17/10/2024,09:34:04,25006.55,25005.1,50,25008.85,125,175,13729675
NIFTY-I.NFO,17/10/2024,09:34:05,25006.55,25006.55,175,25009.95,125,800,13729675
NIFTY-I.NFO,17/10/2024,09:34:07,25009.6,25006.55,175,25009,200,25,13729675
NIFTY-I.NFO,17/10/2024,09:34:09,25006.55,25006.55,150,25009.9,250,25,13729675
NIFTY-I.NFO,17/10/2024,09:34:10,25009,25005.05,200,25009,25,300,13729675
NIFTY-I.NFO,17/10/2024,09:34:12,25005.05,25005.05,175,25009,25,25,13729675
NIFTY-I.NFO,17/10/2024,09:34:14,25005,25005.05,200,25009,25,400,13729675
NIFTY-I.NFO,17/10/2024,09:34:15,25006,25006.55,150,25009,25,50,13729675
NIFTY-I.NFO,17/10/2024,09:34:17,25007.4,25006.6,100,25009,25,75,13729675
NIFTY-I.NFO,17/10/2024,09:34:19,25010,25008.95,75,25012.55,250,250,13729675
NIFTY-I.NFO,17/10/2024,09:34:20,25010,25010.2,275,25013.75,250,0,13729675
NIFTY-I.NFO,17/10/2024,09:34:22,25010.2,25010.2,250,25013.55,375,75,13729675
NIFTY-I.NFO,17/10/2024,09:34:24,25013.55,25009.75,25,25013.55,100,525,13729675
NIFTY-I.NFO,17/10/2024,09:34:25,25009.8,25008.85,75,25012.85,250,25,13729675
NIFTY-I.NFO,17/10/2024,09:34:27,25009.8,25007.5,75,25010.45,50,0,13729675
NIFTY-I.NFO,17/10/2024,09:34:29,25008.85,25006.3,25,25008.45,50,25,13729675
NIFTY-I.NFO,17/10/2024,09:34:30,25008.85,25005.55,25,25007.1,50,0,13729675
NIFTY-I.NFO,17/10/2024,09:34:32,25006.05,25005,425,25005.55,25,75,13729675
NIFTY-I.NFO,17/10/2024,09:34:34,25002.05,25002,125,25002.05,50,725,13729675
NIFTY-I.NFO,17/10/2024,09:34:35,25002,25001.2,50,25002.05,125,150,13729675
NIFTY-I.NFO,17/10/2024,09:34:37,25002.05,25001.15,25,25001.7,125,150,13729675
NIFTY-I.NFO,17/10/2024,09:34:38,25001,25000.25,1175,25001.05,250,175,13729675
NIFTY-I.NFO,17/10/2024,09:34:40,24997.95,24996.15,75,24997.95,325,6750,13729675
NIFTY-I.NFO,17/10/2024,09:34:42,24997.95,24996.15,25,24997.95,150,125,13729675
NIFTY-I.NFO,17/10/2024,09:34:43,24994,24994.45,250,24998.5,25,700,13729675
NIFTY-I.NFO,17/10/2024,09:34:45,24994.05,24994,150,24997.8,25,75,13729675
NIFTY-I.NFO,17/10/2024,09:34:47,24992.8,24992.5,100,24997.85,25,725,13729675
NIFTY-I.NFO,17/10/2024,09:34:48,24992.05,24992,200,24996.9,200,225,13729675
NIFTY-I.NFO,17/10/2024,09:34:50,24995.95,24992.8,25,24996.2,200,675,13729675
NIFTY-I.NFO,17/10/2024,09:34:52,24990,24990.35,25,24994.8,325,3325,13729675
NIFTY-I.NFO,17/10/2024,09:34:53,24986,24983.2,100,24986,2850,5600,13729675
NIFTY-I.NFO,17/10/2024,09:34:53,24982.15,24983.2,100,24986,2850,0,13729675
NIFTY-I.NFO,17/10/2024,09:34:55,24975.05,24972.15,25,24975.05,775,13850,13729675
NIFTY-I.NFO,17/10/2024,09:34:55,24970.5,24972.15,25,24975.05,775,0,13729675
NIFTY-I.NFO,17/10/2024,09:34:56,24970,24970.05,25,24975,100,2075,13729675
NIFTY-I.NFO,17/10/2024,09:34:56,24970,24970.05,25,24975,100,0,13729675
NIFTY-I.NFO,17/10/2024,09:34:58,24972.2,24972.25,25,24975,100,1575,13729675
NIFTY-I.NFO,17/10/2024,09:35:00,24974.95,24973.45,125,24975.1,1500,1225,13729675
NIFTY-I.NFO,17/10/2024,09:35:01,24981.05,24976.25,125,24978.05,50,2850,13729675
NIFTY-I.NFO,17/10/2024,09:35:03,24975.15,24975.15,25,24978.4,50,2100,13729675
NIFTY-I.NFO,17/10/2024,09:35:05,24975.1,24975.15,25,24978.9,25,975,13729675
NIFTY-I.NFO,17/10/2024,09:35:06,24980.85,24978.95,25,24981.25,50,425,13729675
NIFTY-I.NFO,17/10/2024,09:35:08,24982.7,24980.05,25,24981.95,25,1875,13729675
NIFTY-I.NFO,17/10/2024,09:35:10,24975.25,24975.15,175,24980,50,1175,13729675
NIFTY-I.NFO,17/10/2024,09:35:11,24980.8,24975.15,150,24980.7,50,1325,13729675
NIFTY-I.NFO,17/10/2024,09:35:13,24975.15,24975.1,200,24980.05,25,75,13729675
NIFTY-I.NFO,17/10/2024,09:35:14,24975,24972.25,50,24978.9,50,700,13729675
NIFTY-I.NFO,17/10/2024,09:35:16,24975,24971.45,200,24978.4,50,475,13729675
NIFTY-I.NFO,17/10/2024,09:35:18,24968,24967.95,25,24968,550,9950,13729675
NIFTY-I.NFO,17/10/2024,09:35:18,24966.3,24967.95,25,24968,550,0,13729675
NIFTY-I.NFO,17/10/2024,09:35:19,24967.95,24966.8,200,24970,350,5925,13729675
NIFTY-I.NFO,17/10/2024,09:35:19,24965.5,24966.8,200,24970,350,0,13729675
NIFTY-I.NFO,17/10/2024,09:35:21,24969.05,24969.05,150,24969.9,50,525,13729675
NIFTY-I.NFO,17/10/2024,09:35:21,24965.3,24969.05,150,24969.9,50,0,13729675
NIFTY-I.NFO,17/10/2024,09:35:23,24962.8,24962.8,125,24964,1050,2500,13729675
NIFTY-I.NFO,17/10/2024,09:35:23,24962.8,24962.8,125,24964,1050,0,13729675
NIFTY-I.NFO,17/10/2024,09:35:24,24963.05,24963.05,25,24964,900,275,13729675
NIFTY-I.NFO,17/10/2024,09:35:24,24962,24963.05,25,24964,900,0,13729675
NIFTY-I.NFO,17/10/2024,09:35:26,24958.5,24957.3,200,24958.5,50,3025,13729675
NIFTY-I.NFO,17/10/2024,09:35:26,24955.45,24957.3,200,24958.5,50,0,13729675
NIFTY-I.NFO,17/10/2024,09:35:28,24958.35,24961.1,25,24962.05,150,3250,13729675
NIFTY-I.NFO,17/10/2024,09:35:28,24955,24961.1,25,24962.05,150,0,13729675
NIFTY-I.NFO,17/10/2024,09:35:29,24955.65,24960,100,24962,125,2625,13729675
NIFTY-I.NFO,17/10/2024,09:35:31,24959.4,24959.3,200,24962.8,825,1150,13729675
NIFTY-I.NFO,17/10/2024,09:35:33,24958.4,24958.35,25,24962.75,50,700,13729675
NIFTY-I.NFO,17/10/2024,09:35:34,24962.55,24957.85,50,24962.55,50,725,13729675
NIFTY-I.NFO,17/10/2024,09:35:36,24955.8,24955.8,125,24961.65,25,2500,13729675
NIFTY-I.NFO,17/10/2024,09:35:36,24954.95,24955.8,125,24961.65,25,0,13729675
NIFTY-I.NFO,17/10/2024,09:35:38,24955.75,24955.75,325,24961.65,50,600,13729675
NIFTY-I.NFO,17/10/2024,09:35:40,24958.7,24953.5,125,24960.15,50,725,13729675
NIFTY-I.NFO,17/10/2024,09:35:40,24953.3,24953.5,125,24960.15,50,0,13729675
NIFTY-I.NFO,17/10/2024,09:35:41,24955.9,24958.45,25,24959.95,125,3525,13729675
NIFTY-I.NFO,17/10/2024,09:35:41,24952.55,24958.45,25,24959.95,125,0,13729675
NIFTY-I.NFO,17/10/2024,09:35:43,24955.65,24955.65,500,24959.85,50,1000,13729675
NIFTY-I.NFO,17/10/2024,09:35:45,24958.75,24958.75,25,24959.85,50,2575,13729675
NIFTY-I.NFO,17/10/2024,09:35:45,24951.7,24958.75,25,24959.85,50,0,13729675
NIFTY-I.NFO,17/10/2024,09:35:46,24956.4,24956.85,150,24958.75,25,275,13729675
NIFTY-I.NFO,17/10/2024,09:35:48,24958.75,24956,125,24958.75,100,1050,13729675
NIFTY-I.NFO,17/10/2024,09:35:50,24958.7,24955.05,25,24958.7,25,550,13729675
NIFTY-I.NFO,17/10/2024,09:35:51,24955.05,24956,200,24958.75,1125,475,13729675
NIFTY-I.NFO,17/10/2024,09:35:53,24955,24955,300,24958.75,1000,500,13729675
NIFTY-I.NFO,17/10/2024,09:35:55,24958.75,24958,25,24958.75,950,1950,13729675
NIFTY-I.NFO,17/10/2024,09:35:56,24954.85,24954.8,250,24958.75,825,375,13729675
NIFTY-I.NFO,17/10/2024,09:35:58,24958,24954.5,50,24958.7,125,1450,13729675
NIFTY-I.NFO,17/10/2024,09:36:00,24955.05,24955,25,24958.7,75,1850,13729675
NIFTY-I.NFO,17/10/2024,09:36:01,24958.75,24955.8,350,24958.75,75,975,13729675
NIFTY-I.NFO,17/10/2024,09:36:03,24960,24959.8,25,24960,1250,2025,13729675
NIFTY-I.NFO,17/10/2024,09:36:05,24960,24959.6,150,24960,950,4550,13729675
NIFTY-I.NFO,17/10/2024,09:36:06,24953.3,24957.2,625,24957.85,25,4050,13729675
NIFTY-I.NFO,17/10/2024,09:36:08,24953.75,24953.7,250,24959.8,100,3625,13729675
NIFTY-I.NFO,17/10/2024,09:36:10,24956.75,24952.25,50,24956.75,125,3625,13729675
NIFTY-I.NFO,17/10/2024,09:36:10,24951.65,24952.25,50,24956.75,125,0,13729675
NIFTY-I.NFO,17/10/2024,09:36:11,24958.2,24956,50,24958.8,100,5750,13729675
NIFTY-I.NFO,17/10/2024,09:36:11,24951.15,24956,50,24958.8,100,0,13729675
NIFTY-I.NFO,17/10/2024,09:36:13,24956.05,24956.05,100,24959.55,25,4675,13729675
NIFTY-I.NFO,17/10/2024,09:36:13,24951.1,24956.05,100,24959.55,25,0,13729675
NIFTY-I.NFO,17/10/2024,09:36:15,24952.4,24955.1,175,24959.35,100,825,13729675
NIFTY-I.NFO,17/10/2024,09:36:16,24952.8,24953.15,100,24956.7,200,2425,13729675
NIFTY-I.NFO,17/10/2024,09:36:18,24956,24951.95,125,24956,50,2550,13729675
NIFTY-I.NFO,17/10/2024,09:36:20,24953.2,24953.2,75,24956,325,675,13729675
NIFTY-I.NFO,17/10/2024,09:36:21,24956,24954.65,50,24956,75,1225,13729675
NIFTY-I.NFO,17/10/2024,09:36:23,24953.25,24954.4,25,24959.9,75,3475,13729675
NIFTY-I.NFO,17/10/2024,09:36:25,24953,24952.1,25,24957.65,50,450,13729675
NIFTY-I.NFO,17/10/2024,09:36:26,24955.35,24953,75,24955.45,50,800,13729675
NIFTY-I.NFO,17/10/2024,09:36:28,24954.4,24951,200,24954.4,100,1525,13729675
NIFTY-I.NFO,17/10/2024,09:36:28,24951,24951,200,24954.4,100,0,13729675
NIFTY-I.NFO,17/10/2024,09:36:30,24954.4,24951,150,24954.4,125,175,13729675
NIFTY-I.NFO,17/10/2024,09:36:31,24952,24952,25,24954.4,25,475,13729675
NIFTY-I.NFO,17/10/2024,09:36:33,24954.4,24953,25,24954.4,275,400,13729675
NIFTY-I.NFO,17/10/2024,09:36:35,24951,24950.1,525,24954,675,1450,13729675
NIFTY-I.NFO,17/10/2024,09:36:35,24950.1,24950.1,525,24954,675,0,13729675
NIFTY-I.NFO,17/10/2024,09:36:36,24954,24953.5,25,24954,550,7075,13729675
NIFTY-I.NFO,17/10/2024,09:36:36,24950.05,24953.5,25,24954,550,0,13729675
NIFTY-I.NFO,17/10/2024,09:36:38,24953,24951.55,125,24953,900,325,13744825
NIFTY-I.NFO,17/10/2024,09:36:40,24952.7,24952.7,50,24952.95,175,2800,13744825
NIFTY-I.NFO,17/10/2024,09:36:41,24954,24953.5,50,24954,575,1075,13744825
NIFTY-I.NFO,17/10/2024,09:36:43,24954,24953,50,24954,250,475,13744825
NIFTY-I.NFO,17/10/2024,09:36:45,24952.7,24950.45,150,24952.7,100,2025,13744825
NIFTY-I.NFO,17/10/2024,09:36:46,24950.45,24950.9,250,24954.6,50,850,13744825
NIFTY-I.NFO,17/10/2024,09:36:48,24954.2,24950.05,250,24954.2,125,300,13744825
NIFTY-I.NFO,17/10/2024,09:36:50,24950.05,24950.05,225,24952.7,1550,575,13744825
NIFTY-I.NFO,17/10/2024,09:36:51,24952.65,24950.05,225,24952.65,350,5775,13744825
NIFTY-I.NFO,17/10/2024,09:36:51,24950,24950.05,225,24952.65,350,0,13744825
NIFTY-I.NFO,17/10/2024,09:36:53,24952.7,24950.95,25,24952.7,375,1650,13744825
NIFTY-I.NFO,17/10/2024,09:36:55,24951.1,24951,25,24952.65,300,625,13744825
NIFTY-I.NFO,17/10/2024,09:36:56,24954,24950,4250,24954,75,1575,13744825
NIFTY-I.NFO,17/10/2024,09:36:58,24954,24951,25,24954,225,625,13744825
NIFTY-I.NFO,17/10/2024,09:37:00,24954,24952.65,250,24954,25,350,13744825
NIFTY-I.NFO,17/10/2024,09:37:01,24950,24950.15,200,24954.95,25,1375,13744825
NIFTY-I.NFO,17/10/2024,09:37:03,24950.05,24950,4550,24954,225,200,13744825
NIFTY-I.NFO,17/10/2024,09:37:05,24954,24950.35,350,24954,150,575,13744825
NIFTY-I.NFO,17/10/2024,09:37:06,24955,24951,100,24955,2300,675,13744825
NIFTY-I.NFO,17/10/2024,09:37:08,24952.7,24952.65,25,24954,875,300,13744825
NIFTY-I.NFO,17/10/2024,09:37:10,24953.95,24950.3,150,24953.95,75,175,13744825
NIFTY-I.NFO,17/10/2024,09:37:11,24953.95,24951,600,24953.95,250,1325,13744825
NIFTY-I.NFO,17/10/2024,09:37:13,24953.95,24951.05,100,24953.95,25,550,13744825
NIFTY-I.NFO,17/10/2024,09:37:15,24951,24951,200,24953.25,125,1025,13744825
NIFTY-I.NFO,17/10/2024,09:37:16,24953.95,24951.1,100,24953.95,100,250,13744825
NIFTY-I.NFO,17/10/2024,09:37:18,24953.95,24951.15,25,24954,1050,650,13744825
NIFTY-I.NFO,17/10/2024,09:37:20,24953.95,24952.1,25,24953.95,50,225,13744825
NIFTY-I.NFO,17/10/2024,09:37:21,24954,24953.95,100,24954,900,450,13744825
NIFTY-I.NFO,17/10/2024,09:37:23,24956.65,24956.3,25,24959.55,200,4400,13744825
NIFTY-I.NFO,17/10/2024,09:37:25,24959.35,24957.3,50,24959.25,225,1575,13744825
NIFTY-I.NFO,17/10/2024,09:37:26,24957.3,24956.25,19600,24959.55,700,50,13744825
NIFTY-I.NFO,17/10/2024,09:37:28,24959.55,24959.4,25,24959.55,550,50,13744825
NIFTY-I.NFO,17/10/2024,09:37:30,24960.05,24960.05,75,24963.65,175,1475,13744825
NIFTY-I.NFO,17/10/2024,09:37:31,24964,24961.15,300,24962,25,575,13744825
NIFTY-I.NFO,17/10/2024,09:37:33,24963.8,24961.15,200,24964,825,425,13744825
NIFTY-I.NFO,17/10/2024,09:37:35,24961.35,24961.2,200,24961.6,250,650,13744825
NIFTY-I.NFO,17/10/2024,09:37:36,24961.4,24961.2,150,24961.55,275,250,13744825
NIFTY-I.NFO,17/10/2024,09:37:38,24961,24961,775,24961.65,225,1275,13744825
NIFTY-I.NFO,17/10/2024,09:37:40,24961,24960.25,19450,24960.8,225,1175,13744825
NIFTY-I.NFO,17/10/2024,09:37:41,24958.8,24956.65,100,24958.85,125,20675,13744825
NIFTY-I.NFO,17/10/2024,09:37:43,24950,24950,3175,24955.45,125,5200,13744825
NIFTY-I.NFO,17/10/2024,09:37:45,24950.45,24950,2000,24950.45,25,1450,13744825
NIFTY-I.NFO,17/10/2024,09:37:46,24950.45,24950.05,50,24951,25,375,13744825
NIFTY-I.NFO,17/10/2024,09:37:48,24943.6,24943.55,375,24945,25,5350,13744825
NIFTY-I.NFO,17/10/2024,09:37:48,24942.35,24943.55,375,24945,25,0,13744825
NIFTY-I.NFO,17/10/2024,09:37:50,24945,24946.9,25,24948.35,125,1600,13744825
NIFTY-I.NFO,17/10/2024,09:37:50,24941.1,24946.9,25,24948.35,125,0,13744825
NIFTY-I.NFO,17/10/2024,09:37:51,24948.2,24942.05,25,24946.9,50,975,13744825
NIFTY-I.NFO,17/10/2024,09:37:53,24945,24943.75,25,24945,1375,950,13744825
NIFTY-I.NFO,17/10/2024,09:37:53,24941,24943.75,25,24945,1375,0,13744825
NIFTY-I.NFO,17/10/2024,09:37:55,24945.2,24945.25,25,24946.45,100,1750,13744825
NIFTY-I.NFO,17/10/2024,09:37:56,24947.6,24947.6,25,24948,50,800,13744825
NIFTY-I.NFO,17/10/2024,09:37:58,24942.45,24942.8,25,24945,1500,1925,13744825
NIFTY-I.NFO,17/10/2024,09:37:58,24940.65,24942.8,25,24945,1500,0,13744825
NIFTY-I.NFO,17/10/2024,09:38:00,24942.45,24942.5,25,24945,1250,550,13744825
NIFTY-I.NFO,17/10/2024,09:38:01,24947.55,24944.4,25,24947.55,325,1550,13744825
NIFTY-I.NFO,17/10/2024,09:38:03,24942.5,24942.5,25,24946.55,300,850,13744825
NIFTY-I.NFO,17/10/2024,09:38:05,24942.75,24942.5,25,24946.3,25,700,13744825
NIFTY-I.NFO,17/10/2024,09:38:06,24940,24941.95,25,24945.55,75,2200,13744825
NIFTY-I.NFO,17/10/2024,09:38:06,24940,24941.95,25,24945.55,75,0,13744825
NIFTY-I.NFO,17/10/2024,09:38:08,24942.8,24942.15,25,24945,175,275,13744825
NIFTY-I.NFO,17/10/2024,09:38:10,24942.55,24942.8,25,24944.55,25,350,13744825
NIFTY-I.NFO,17/10/2024,09:38:11,24944.55,24942.55,25,24944,100,250,13744825
NIFTY-I.NFO,17/10/2024,09:38:13,24944,24942.15,25,24943.95,75,450,13744825
NIFTY-I.NFO,17/10/2024,09:38:15,24940.05,24941.55,25,24943.95,100,1825,13744825
NIFTY-I.NFO,17/10/2024,09:38:16,24943.65,24940,1175,24943.85,125,525,13744825
NIFTY-I.NFO,17/10/2024,09:38:18,24940,24940,875,24941.55,25,1100,13744825
NIFTY-I.NFO,17/10/2024,09:38:20,24942.15,24940,900,24942.15,175,150,13744825
NIFTY-I.NFO,17/10/2024,09:38:21,24940,24940,900,24941.55,600,300,13744825
NIFTY-I.NFO,17/10/2024,09:38:23,24940,24940,675,24940.05,125,425,13744825
NIFTY-I.NFO,17/10/2024,09:38:25,24940.05,24940,275,24940.05,75,550,13744825
NIFTY-I.NFO,17/10/2024,09:38:26,24940.05,24940,150,24940.05,125,275,13744825
NIFTY-I.NFO,17/10/2024,09:38:28,24941.55,24940.05,850,24941.55,500,525,13744825
NIFTY-I.NFO,17/10/2024,09:38:30,24940,24940,1025,24941.35,125,2450,13744825
NIFTY-I.NFO,17/10/2024,09:38:31,24941.55,24940,800,24941.55,375,500,13744825
NIFTY-I.NFO,17/10/2024,09:38:33,24940,24940,625,24941.15,100,650,13744825
NIFTY-I.NFO,17/10/2024,09:38:35,24940.05,24940,250,24940.05,100,575,13744825
NIFTY-I.NFO,17/10/2024,09:38:36,24939.5,24938,1100,24939.5,25,725,13744825
NIFTY-I.NFO,17/10/2024,09:38:36,24938,24938,1100,24939.5,25,0,13744825
NIFTY-I.NFO,17/10/2024,09:38:38,24940,24938,1000,24940.45,25,325,13744825
NIFTY-I.NFO,17/10/2024,09:38:40,24938,24938,950,24939.95,50,275,13744825
NIFTY-I.NFO,17/10/2024,09:38:41,24938,24938,75,24939.15,75,925,13744825
NIFTY-I.NFO,17/10/2024,09:38:43,24935.45,24935,5600,24935.45,775,1700,13744825
NIFTY-I.NFO,17/10/2024,09:38:43,24935,24935,5600,24935.45,775,0,13744825
NIFTY-I.NFO,17/10/2024,09:38:45,24935.45,24935,5325,24935.45,1100,350,13744825
NIFTY-I.NFO,17/10/2024,09:38:46,24935,24935,5275,24935.45,1050,125,13744825
NIFTY-I.NFO,17/10/2024,09:38:48,24935.1,24935,2250,24935.5,450,2350,13744825
NIFTY-I.NFO,17/10/2024,09:38:50,24935.1,24935,2175,24937.9,50,975,13744825
NIFTY-I.NFO,17/10/2024,09:38:51,24939.4,24935.6,75,24939.4,100,2175,13744825
NIFTY-I.NFO,17/10/2024,09:38:53,24935,24935,1750,24937.85,75,700,13744825
NIFTY-I.NFO,17/10/2024,09:38:55,24937.9,24935.1,25,24937.95,25,225,13744825
NIFTY-I.NFO,17/10/2024,09:38:56,24937.8,24937.8,150,24939.5,75,325,13744825
NIFTY-I.NFO,17/10/2024,09:38:58,24935,24935,1425,24938.8,125,800,13744825
NIFTY-I.NFO,17/10/2024,09:39:00,24938,24936,150,24938,75,275,13744825
NIFTY-I.NFO,17/10/2024,09:39:01,24938.35,24935,1000,24938.4,75,1850,13744825
NIFTY-I.NFO,17/10/2024,09:39:03,24938.35,24935,150,24938.3,125,1775,13744825
NIFTY-I.NFO,17/10/2024,09:39:05,24935.85,24934.8,1300,24935.85,150,975,13744825
NIFTY-I.NFO,17/10/2024,09:39:05,24934.8,24934.8,1300,24935.85,150,0,13744825
NIFTY-I.NFO,17/10/2024,09:39:06,24934.7,24934.7,1350,24935,75,2175,13744825
NIFTY-I.NFO,17/10/2024,09:39:06,24934.7,24934.7,1350,24935,75,0,13744825
NIFTY-I.NFO,17/10/2024,09:39:08,24934.7,24934.7,1100,24935,300,475,13744825
NIFTY-I.NFO,17/10/2024,09:39:10,24934.7,24935.05,125,24937.75,50,1075,13744825
NIFTY-I.NFO,17/10/2024,09:39:11,24935,24934.8,75,24935,125,275,13744825
NIFTY-I.NFO,17/10/2024,09:39:13,24935.65,24935.85,425,24935.95,75,300,13744825
NIFTY-I.NFO,17/10/2024,09:39:15,24935.1,24935.05,25,24935.75,200,600,13744825
NIFTY-I.NFO,17/10/2024,09:39:16,24934.8,24934.7,275,24935.85,400,1950,13744825
NIFTY-I.NFO,17/10/2024,09:39:18,24935,24934.7,175,24935,450,700,13744825
NIFTY-I.NFO,17/10/2024,09:39:19,24935,24935,25,24935.7,125,650,13744825
NIFTY-I.NFO,17/10/2024,09:39:21,24934.75,24934.6,1800,24934.75,25,475,13744825
NIFTY-I.NFO,17/10/2024,09:39:21,24934.6,24934.6,1800,24934.75,25,0,13744825
NIFTY-I.NFO,17/10/2024,09:39:23,24936,24935.7,25,24936.3,150,150,13744825
NIFTY-I.NFO,17/10/2024,09:39:24,24934.6,24934.6,800,24934.7,1500,1500,13744825
NIFTY-I.NFO,17/10/2024,09:39:26,24933.6,24933.6,400,24933.65,250,17075,13744825
NIFTY-I.NFO,17/10/2024,09:39:26,24933.6,24933.6,400,24933.65,250,0,13744825
NIFTY-I.NFO,17/10/2024,09:39:28,24933.5,24933.5,1625,24933.55,50,1025,13744825
NIFTY-I.NFO,17/10/2024,09:39:28,24933.5,24933.5,1625,24933.55,50,0,13744825
NIFTY-I.NFO,17/10/2024,09:39:29,24933.5,24933.5,1500,24933.55,250,175,13744825
NIFTY-I.NFO,17/10/2024,09:39:31,24933,24933,1450,24933.5,25,2100,13744825
NIFTY-I.NFO,17/10/2024,09:39:31,24933,24933,1450,24933.5,25,0,13744825
NIFTY-I.NFO,17/10/2024,09:39:33,24933.5,24932.2,1625,24933.5,250,1725,13744825
NIFTY-I.NFO,17/10/2024,09:39:33,24932.2,24932.2,1625,24933.5,250,0,13744825
NIFTY-I.NFO,17/10/2024,09:39:34,24932.2,24932.2,1275,24932.65,125,725,13744825
NIFTY-I.NFO,17/10/2024,09:39:36,24932,24932,1625,24932.05,50,2575,13744825
NIFTY-I.NFO,17/10/2024,09:39:36,24932,24932,1625,24932.05,50,0,13744825
NIFTY-I.NFO,17/10/2024,09:39:38,24931.6,24931.6,1700,24931.7,300,5650,13749775
NIFTY-I.NFO,17/10/2024,09:39:38,24931.6,24931.6,1700,24931.7,300,0,13749775
NIFTY-I.NFO,17/10/2024,09:39:39,24931.85,24931.65,300,24932.05,75,4575,13749775
NIFTY-I.NFO,17/10/2024,09:39:39,24931.4,24931.65,300,24932.05,75,0,13749775
NIFTY-I.NFO,17/10/2024,09:39:41,24931.4,24931.6,50,24932.2,75,725,13749775
NIFTY-I.NFO,17/10/2024,09:39:43,24931.75,24931.4,800,24931.75,125,600,13749775
NIFTY-I.NFO,17/10/2024,09:39:44,24930.8,24930.8,1775,24931.05,250,6800,13749775
NIFTY-I.NFO,17/10/2024,09:39:44,24930.8,24930.8,1775,24931.05,250,0,13749775
NIFTY-I.NFO,17/10/2024,09:39:46,24930.8,24930.8,1450,24931,125,625,13749775
NIFTY-I.NFO,17/10/2024,09:39:48,24930.8,24930.8,50,24930.9,250,1775,13749775
NIFTY-I.NFO,17/10/2024,09:39:49,24930.5,24930.5,1375,24930.55,275,2600,13749775
NIFTY-I.NFO,17/10/2024,09:39:49,24930.5,24930.5,1375,24930.55,275,0,13749775
NIFTY-I.NFO,17/10/2024,09:39:51,24930,24930,1350,24930.35,225,5325,13749775
NIFTY-I.NFO,17/10/2024,09:39:51,24930,24930,1350,24930.35,225,0,13749775
NIFTY-I.NFO,17/10/2024,09:39:53,24929.5,24929,1725,24929.5,225,3450,13749775
NIFTY-I.NFO,17/10/2024,09:39:53,24929,24929,1725,24929.5,225,0,13749775
NIFTY-I.NFO,17/10/2024,09:39:54,24929.45,24929,1350,24929.45,250,775,13749775
NIFTY-I.NFO,17/10/2024,09:39:56,24929,24929,950,24929.4,25,975,13749775
NIFTY-I.NFO,17/10/2024,09:39:58,24929,24929,125,24929.05,75,925,13749775
NIFTY-I.NFO,17/10/2024,09:39:59,24929,24928,400,24929,1450,3300,13749775
NIFTY-I.NFO,17/10/2024,09:39:59,24928,24928,400,24929,1450,0,13749775
NIFTY-I.NFO,17/10/2024,09:40:01,24925.15,24925,1125,24926,25,9450,13749775
NIFTY-I.NFO,17/10/2024,09:40:01,24925,24925,1125,24926,25,0,13749775
NIFTY-I.NFO,17/10/2024,09:40:03,24925.5,24925,525,24925.4,25,425,13749775
NIFTY-I.NFO,17/10/2024,09:40:04,24923,24921.1,50,24923,50,3225,13749775
NIFTY-I.NFO,17/10/2024,09:40:04,24920.1,24921.1,50,24923,50,0,13749775
NIFTY-I.NFO,17/10/2024,09:40:06,24920.1,24920.05,150,24922.15,25,2125,13749775
NIFTY-I.NFO,17/10/2024,09:40:08,24922.15,24920.05,25,24922.15,250,575,13749775
NIFTY-I.NFO,17/10/2024,09:40:08,24920.05,24920.05,25,24922.15,250,0,13749775
NIFTY-I.NFO,17/10/2024,09:40:09,24922.05,24922.05,25,24923.9,25,3450,13749775
NIFTY-I.NFO,17/10/2024,09:40:09,24918,24922.05,25,24923.9,25,0,13749775
NIFTY-I.NFO,17/10/2024,09:40:11,24923.5,24922.7,25,24923.45,25,1250,13749775
NIFTY-I.NFO,17/10/2024,09:40:13,24922.95,24922.7,25,24922.95,250,600,13749775
NIFTY-I.NFO,17/10/2024,09:40:15,24922,24921.05,25,24922,775,725,13749775
NIFTY-I.NFO,17/10/2024,09:40:16,24921.95,24921.05,25,24921.95,300,1100,13749775
NIFTY-I.NFO,17/10/2024,09:40:18,24924.75,24921.05,25,24924.75,150,1825,13749775
NIFTY-I.NFO,17/10/2024,09:40:20,24922.05,24922.05,25,24924.45,250,500,13749775
NIFTY-I.NFO,17/10/2024,09:40:21,24924.4,24921.05,25,24924.4,100,1350,13749775
NIFTY-I.NFO,17/10/2024,09:40:21,24917,24921.05,25,24924.4,100,0,13749775
NIFTY-I.NFO,17/10/2024,09:40:23,24922.9,24922.1,25,24922.9,250,1400,13749775
NIFTY-I.NFO,17/10/2024,09:40:25,24915.5,24915.35,125,24921.6,50,1175,13749775
NIFTY-I.NFO,17/10/2024,09:40:25,24915.5,24915.35,125,24921.6,50,0,13749775
NIFTY-I.NFO,17/10/2024,09:40:26,24916.45,24916.6,25,24922.15,125,1075,13749775
NIFTY-I.NFO,17/10/2024,09:40:26,24915,24916.6,25,24922.15,125,0,13749775
NIFTY-I.NFO,17/10/2024,09:40:28,24921,24916.25,25,24921.05,875,425,13749775
NIFTY-I.NFO,17/10/2024,09:40:30,24915.05,24915.05,125,24918.35,25,1475,13749775
NIFTY-I.NFO,17/10/2024,09:40:31,24915,24915.05,25,24919.95,50,750,13749775
NIFTY-I.NFO,17/10/2024,09:40:33,24918,24918,125,24918.35,25,1225,13749775
NIFTY-I.NFO,17/10/2024,09:40:35,24915,24913.25,50,24918.95,50,3525,13749775
NIFTY-I.NFO,17/10/2024,09:40:35,24913.3,24913.25,50,24918.95,50,0,13749775
NIFTY-I.NFO,17/10/2024,09:40:36,24913.25,24913.05,25,24918.55,50,250,13749775
NIFTY-I.NFO,17/10/2024,09:40:36,24913.25,24913.05,25,24918.55,50,0,13749775
NIFTY-I.NFO,17/10/2024,09:40:38,24918.35,24918.35,1775,24918.55,375,875,13749775
NIFTY-I.NFO,17/10/2024,09:40:38,24913,24918.35,1775,24918.55,375,0,13749775
NIFTY-I.NFO,17/10/2024,09:40:40,24918.9,24918.4,25,24918.8,500,1375,13749775
NIFTY-I.NFO,17/10/2024,09:40:41,24918.35,24918.35,1350,24918.75,250,400,13749775
NIFTY-I.NFO,17/10/2024,09:40:43,24916.1,24916,100,24917.6,125,1950,13749775
NIFTY-I.NFO,17/10/2024,09:40:45,24915,24912,1150,24915.95,125,2850,13749775
NIFTY-I.NFO,17/10/2024,09:40:45,24912,24912,1150,24915.95,125,0,13749775
NIFTY-I.NFO,17/10/2024,09:40:46,24915.7,24912,975,24915.7,125,600,13749775
NIFTY-I.NFO,17/10/2024,09:40:50,24914.95,24912.05,25,24915.15,125,2050,13749775
NIFTY-I.NFO,17/10/2024,09:40:51,24912,24912,700,24914.45,125,150,13749775
NIFTY-I.NFO,17/10/2024,09:40:53,24914.3,24912,575,24914.25,125,325,13749775
NIFTY-I.NFO,17/10/2024,09:40:55,24912,24912.05,25,24914,25,400,13749775
NIFTY-I.NFO,17/10/2024,09:40:56,24911.05,24911,575,24914.25,125,1075,13749775
NIFTY-I.NFO,17/10/2024,09:40:56,24911.05,24911,575,24914.25,125,0,13749775
NIFTY-I.NFO,17/10/2024,09:40:58,24915,24912.2,350,24915.95,75,1625,13749775
NIFTY-I.NFO,17/10/2024,09:40:58,24911,24912.2,350,24915.95,75,0,13749775
NIFTY-I.NFO,17/10/2024,09:41:00,24914.05,24914,50,24914.25,150,400,13749775
NIFTY-I.NFO,17/10/2024,09:41:01,24913,24912,25,24913.85,250,1750,13749775
NIFTY-I.NFO,17/10/2024,09:41:03,24911.1,24911,275,24912,225,375,13749775
NIFTY-I.NFO,17/10/2024,09:41:05,24912.05,24908.25,50,24912.05,250,4250,13749775
NIFTY-I.NFO,17/10/2024,09:41:05,24908,24908.25,50,24912.05,250,0,13749775
NIFTY-I.NFO,17/10/2024,09:41:06,24909.4,24909.4,25,24910.95,25,7125,13749775
NIFTY-I.NFO,17/10/2024,09:41:06,24904.7,24909.4,25,24910.95,25,0,13749775
NIFTY-I.NFO,17/10/2024,09:41:08,24911,24907.9,100,24912.05,350,2175,13749775
NIFTY-I.NFO,17/10/2024,09:41:10,24912.05,24911,25,24911.95,100,675,13749775
NIFTY-I.NFO,17/10/2024,09:41:11,24911.9,24911,25,24911.9,175,1125,13749775
NIFTY-I.NFO,17/10/2024,09:41:13,24912.05,24911,25,24912,25,500,13749775
NIFTY-I.NFO,17/10/2024,09:41:15,24910,24907.6,25,24912.6,125,1150,13749775
NIFTY-I.NFO,17/10/2024,09:41:16,24912.75,24912.75,25,24912.8,125,400,13749775
NIFTY-I.NFO,17/10/2024,09:41:18,24913.05,24912.05,25,24913.05,25,1375,13749775
NIFTY-I.NFO,17/10/2024,09:41:20,24915.95,24915.1,25,24916,75,750,13749775
NIFTY-I.NFO,17/10/2024,09:41:21,24915.05,24916.3,25,24919.1,125,2600,13749775
NIFTY-I.NFO,17/10/2024,09:41:23,24920,24919.1,25,24920,2950,2775,13749775
NIFTY-I.NFO,17/10/2024,09:41:25,24922.75,24922.75,25,24924.75,50,7750,13749775
NIFTY-I.NFO,17/10/2024,09:41:26,24924.95,24924.95,25,24925,1125,1525,13749775
NIFTY-I.NFO,17/10/2024,09:41:28,24924.95,24922.3,75,24924.95,75,250,13749775
NIFTY-I.NFO,17/10/2024,09:41:30,24924.95,24922.75,125,24925,725,900,13749775
NIFTY-I.NFO,17/10/2024,09:41:31,24923.25,24920.85,350,24923.6,50,850,13749775
NIFTY-I.NFO,17/10/2024,09:41:33,24924.1,24920.55,275,24924.25,75,2325,13749775
NIFTY-I.NFO,17/10/2024,09:41:35,24923.8,24920.1,25,24923.8,25,1000,13749775
NIFTY-I.NFO,17/10/2024,09:41:36,24920.05,24920.05,25,24923.55,50,1850,13749775
NIFTY-I.NFO,17/10/2024,09:41:38,24923.45,24920.05,25,24922.6,125,1450,13749775
NIFTY-I.NFO,17/10/2024,09:41:40,24925.4,24920.15,25,24925.45,50,2650,13749775
NIFTY-I.NFO,17/10/2024,09:41:41,24923.85,24923.85,25,24926.15,25,1525,13749775
NIFTY-I.NFO,17/10/2024,09:41:43,24923.85,24923.85,25,24926.25,25,575,13749775
NIFTY-I.NFO,17/10/2024,09:41:45,24925.3,24925.25,50,24925.9,25,3150,13749775
NIFTY-I.NFO,17/10/2024,09:41:46,24927.15,24925.05,25,24927,25,2775,13749775
NIFTY-I.NFO,17/10/2024,09:41:48,24925,24924.75,50,24925.05,375,550,13749775
NIFTY-I.NFO,17/10/2024,09:41:50,24925.05,24925,100,24925.05,125,600,13749775
NIFTY-I.NFO,17/10/2024,09:41:51,24926.3,24926.25,25,24928,675,850,13749775
NIFTY-I.NFO,17/10/2024,09:41:53,24926.2,24925.4,25,24926.25,150,250,13749775
NIFTY-I.NFO,17/10/2024,09:41:55,24925.05,24925.05,75,24927.85,600,1000,13749775
NIFTY-I.NFO,17/10/2024,09:41:56,24925.05,24925.4,225,24927,25,875,13749775
NIFTY-I.NFO,17/10/2024,09:41:58,24927,24926.25,25,24927,100,2350,13749775
NIFTY-I.NFO,17/10/2024,09:42:00,24924.75,24924.75,225,24925,25,400,13749775
NIFTY-I.NFO,17/10/2024,09:42:01,24930.8,24930,1675,24930.8,100,1850,13749775
NIFTY-I.NFO,17/10/2024,09:42:03,24931.9,24930,675,24931.2,150,1275,13749775
NIFTY-I.NFO,17/10/2024,09:42:05,24932.1,24930.8,1800,24932.1,250,1075,13749775
NIFTY-I.NFO,17/10/2024,09:42:06,24930,24925.05,125,24930,375,2850,13749775
NIFTY-I.NFO,17/10/2024,09:42:08,24929.7,24927.55,50,24929.75,125,1475,13749775
NIFTY-I.NFO,17/10/2024,09:42:10,24931.3,24927.65,275,24931.45,225,1225,13749775
NIFTY-I.NFO,17/10/2024,09:42:11,24930.4,24925.1,50,24930.55,25,625,13749775
NIFTY-I.NFO,17/10/2024,09:42:13,24928.35,24925.1,75,24928.75,225,475,13749775
NIFTY-I.NFO,17/10/2024,09:42:15,24928.05,24925,500,24926.9,200,2725,13749775
NIFTY-I.NFO,17/10/2024,09:42:16,24926.05,24923.8,25,24925.9,200,1500,13749775
NIFTY-I.NFO,17/10/2024,09:42:18,24926.9,24926,1925,24926.9,25,2050,13749775
NIFTY-I.NFO,17/10/2024,09:42:20,24926,24926,1250,24928.75,125,825,13749775
NIFTY-I.NFO,17/10/2024,09:42:21,24929.95,24926,850,24929.95,125,1300,13749775
NIFTY-I.NFO,17/10/2024,09:42:23,24928.2,24926.35,25,24927.75,125,1150,13749775
NIFTY-I.NFO,17/10/2024,09:42:25,24926.3,24926,125,24926.3,25,450,13749775
NIFTY-I.NFO,17/10/2024,09:42:26,24930,24926.9,125,24928.05,200,400,13749775
NIFTY-I.NFO,17/10/2024,09:42:28,24930.65,24924.95,100,24930.5,75,2500,13749775
NIFTY-I.NFO,17/10/2024,09:42:30,24930.5,24927.75,25,24930.5,125,1150,13749775
NIFTY-I.NFO,17/10/2024,09:42:31,24927.4,24926,25,24927.75,25,350,13749775
NIFTY-I.NFO,17/10/2024,09:42:33,24928,24928,200,24930.65,100,550,13749775
NIFTY-I.NFO,17/10/2024,09:42:35,24930.5,24929.5,25,24930.7,75,325,13749775
NIFTY-I.NFO,17/10/2024,09:42:36,24930.55,24928.2,25,24930.65,25,425,13749775
NIFTY-I.NFO,17/10/2024,09:42:38,24930.85,24928,25,24930.7,125,650,13749775
NIFTY-I.NFO,17/10/2024,09:42:40,24930.55,24927.75,25,24929.65,125,375,13762800
NIFTY-I.NFO,17/10/2024,09:42:41,24929.45,24926,25,24929.2,175,1525,13762800
NIFTY-I.NFO,17/10/2024,09:42:43,24928.45,24926,25,24928.45,100,2125,13762800
NIFTY-I.NFO,17/10/2024,09:42:45,24928.7,24925.95,50,24929.1,375,1025,13762800
NIFTY-I.NFO,17/10/2024,09:42:46,24929.15,24925.95,50,24929.1,50,150,13762800
NIFTY-I.NFO,17/10/2024,09:42:48,24929.1,24927.95,50,24929.1,50,1150,13762800
NIFTY-I.NFO,17/10/2024,09:42:50,24927.95,24925,25,24929.1,275,200,13762800
NIFTY-I.NFO,17/10/2024,09:42:51,24929.2,24925,50,24929.25,125,800,13762800
NIFTY-I.NFO,17/10/2024,09:42:53,24928.95,24925,25,24928.5,375,175,13762800
NIFTY-I.NFO,17/10/2024,09:42:55,24928.25,24921.95,100,24928.25,125,2475,13762800
NIFTY-I.NFO,17/10/2024,09:42:56,24921.7,24921.7,50,24928.15,125,225,13762800
NIFTY-I.NFO,17/10/2024,09:42:58,24923,24921.55,50,24927.85,50,775,13762800
NIFTY-I.NFO,17/10/2024,09:43:00,24928.45,24922.35,125,24928,50,1400,13762800
NIFTY-I.NFO,17/10/2024,09:43:01,24925.8,24921,25,24925,25,2125,13762800
NIFTY-I.NFO,17/10/2024,09:43:03,24921,24920,1875,24923.05,250,575,13762800
NIFTY-I.NFO,17/10/2024,09:43:05,24921.3,24920,1900,24922.45,175,175,13762800
NIFTY-I.NFO,17/10/2024,09:43:06,24920,24919,75,24921.65,200,1925,13762800
NIFTY-I.NFO,17/10/2024,09:43:08,24920,24919,75,24920,25,100,13762800
NIFTY-I.NFO,17/10/2024,09:43:10,24915.05,24915.05,100,24917.35,100,475,13762800
NIFTY-I.NFO,17/10/2024,09:43:11,24918.2,24915.5,100,24918.5,75,225,13762800
NIFTY-I.NFO,17/10/2024,09:43:13,24915.5,24915.05,75,24916.5,50,250,13762800
NIFTY-I.NFO,17/10/2024,09:43:15,24916.9,24915.05,25,24916.65,75,200,13762800
NIFTY-I.NFO,17/10/2024,09:43:16,24915,24913.25,50,24915.8,75,725,13762800
NIFTY-I.NFO,17/10/2024,09:43:18,24913.25,24912.65,25,24913.25,100,600,13762800
NIFTY-I.NFO,17/10/2024,09:43:19,24915,24911,100,24914.4,575,400,13762800
NIFTY-I.NFO,17/10/2024,09:43:21,24910,24910.1,50,24913.25,100,725,13762800
NIFTY-I.NFO,17/10/2024,09:43:23,24910,24910,1875,24913.25,100,125,13762800
NIFTY-I.NFO,17/10/2024,09:43:24,24912.55,24910,2000,24912.35,100,25,13762800
NIFTY-I.NFO,17/10/2024,09:43:26,24912.5,24910,1800,24912.5,125,825,13762800
NIFTY-I.NFO,17/10/2024,09:43:28,24911.45,24910,1675,24911.45,50,550,13762800
NIFTY-I.NFO,17/10/2024,09:43:29,24911.85,24910,1025,24911.05,25,950,13762800
NIFTY-I.NFO,17/10/2024,09:43:31,24910,24910,875,24910.45,25,350,13762800
NIFTY-I.NFO,17/10/2024,09:43:33,24910.9,24910,450,24911,25,525,13762800
NIFTY-I.NFO,17/10/2024,09:43:34,24910,24910,150,24910.05,75,500,13762800
NIFTY-I.NFO,17/10/2024,09:43:36,24911.45,24910.45,25,24911.45,175,300,13762800
NIFTY-I.NFO,17/10/2024,09:43:38,24910,24909,50,24909.15,525,200,13762800
NIFTY-I.NFO,17/10/2024,09:43:39,24909.15,24906,300,24909.15,375,600,13762800
NIFTY-I.NFO,17/10/2024,09:43:41,24906,24906,125,24909.15,375,575,13762800
NIFTY-I.NFO,17/10/2024,09:43:43,24908.5,24905.2,50,24908.9,50,650,13762800
NIFTY-I.NFO,17/10/2024,09:43:44,24902.55,24903.35,200,24905.2,100,750,13762800
NIFTY-I.NFO,17/10/2024,09:43:44,24902.55,24903.35,200,24905.2,100,0,13762800
NIFTY-I.NFO,17/10/2024,09:43:46,24901.1,24902.7,25,24906,25,2750,13762800
NIFTY-I.NFO,17/10/2024,09:43:46,24901.1,24902.7,25,24906,25,0,13762800
NIFTY-I.NFO,17/10/2024,09:43:48,24901.75,24901.7,25,24906.95,75,2225,13762800
NIFTY-I.NFO,17/10/2024,09:43:48,24901,24901.7,25,24906.95,75,0,13762800
NIFTY-I.NFO,17/10/2024,09:43:49,24900.7,24900.85,125,24905.2,25,8600,13762800
NIFTY-I.NFO,17/10/2024,09:43:49,24900,24900.85,125,24905.2,25,0,13762800
NIFTY-I.NFO,17/10/2024,09:43:51,24903.65,24902.2,175,24906.95,600,475,13762800
NIFTY-I.NFO,17/10/2024,09:43:53,24906.2,24902.5,200,24906,75,250,13762800
NIFTY-I.NFO,17/10/2024,09:43:54,24906.9,24906.9,875,24906.95,475,425,13762800
NIFTY-I.NFO,17/10/2024,09:43:56,24903.85,24904.45,75,24906.95,300,2175,13762800
NIFTY-I.NFO,17/10/2024,09:43:58,24915.3,24915.25,100,24915.3,250,2000,13762800
NIFTY-I.NFO,17/10/2024,09:43:59,24915.45,24912.75,150,24913.8,75,300,13762800
NIFTY-I.NFO,17/10/2024,09:44:01,24912.7,24912.8,100,24915.95,150,4275,13762800
NIFTY-I.NFO,17/10/2024,09:44:03,24912.95,24912.15,25,24912.95,150,275,13762800
NIFTY-I.NFO,17/10/2024,09:44:04,24912,24911.9,50,24916.5,100,575,13762800
NIFTY-I.NFO,17/10/2024,09:44:06,24912.65,24910.55,100,24912.65,225,1225,13762800
NIFTY-I.NFO,17/10/2024,09:44:08,24910.25,24910.25,75,24912.65,200,525,13762800
NIFTY-I.NFO,17/10/2024,09:44:09,24915.95,24911.7,250,24916.25,50,975,13762800
NIFTY-I.NFO,17/10/2024,09:44:11,24914.4,24910.25,25,24914.75,50,2000,13762800
NIFTY-I.NFO,17/10/2024,09:44:13,24915.2,24910.25,25,24915.2,50,300,13762800
NIFTY-I.NFO,17/10/2024,09:44:14,24915.55,24910,175,24915.8,50,225,13762800
NIFTY-I.NFO,17/10/2024,09:44:16,24917.05,24913.15,25,24917.25,125,250,13762800
NIFTY-I.NFO,17/10/2024,09:44:18,24917.55,24912.95,25,24917.55,100,475,13762800
NIFTY-I.NFO,17/10/2024,09:44:19,24916.05,24913,25,24916,125,475,13762800
NIFTY-I.NFO,17/10/2024,09:44:21,24914.4,24913.1,25,24915.5,100,100,13762800
NIFTY-I.NFO,17/10/2024,09:44:23,24914.95,24913.1,25,24915,125,300,13762800
NIFTY-I.NFO,17/10/2024,09:44:24,24915.75,24912.35,250,24915.8,125,925,13762800
NIFTY-I.NFO,17/10/2024,09:44:26,24915.95,24915,25,24915.95,450,75,13762800
NIFTY-I.NFO,17/10/2024,09:44:28,24912.3,24912.3,25,24915.95,450,250,13762800
NIFTY-I.NFO,17/10/2024,09:44:29,24915.95,24912.4,100,24915.95,325,175,13762800
NIFTY-I.NFO,17/10/2024,09:44:31,24912.3,24912.05,100,24915.95,150,775,13762800
NIFTY-I.NFO,17/10/2024,09:44:33,24915.95,24915.95,400,24916,75,375,13762800
NIFTY-I.NFO,17/10/2024,09:44:34,24915.7,24912,75,24915.95,100,1400,13762800
NIFTY-I.NFO,17/10/2024,09:44:36,24910.1,24911.95,25,24917.3,125,1750,13762800
NIFTY-I.NFO,17/10/2024,09:44:38,24918,24916,1400,24918,25,50,13762800
NIFTY-I.NFO,17/10/2024,09:44:40,24919.9,24918,400,24919.9,75,825,13762800
NIFTY-I.NFO,17/10/2024,09:44:41,24921,24920,2000,24921,50,725,13762800
NIFTY-I.NFO,17/10/2024,09:44:43,24921.3,24920.1,25,24921.05,125,325,13762800
NIFTY-I.NFO,17/10/2024,09:44:45,24921.55,24921,25,24921.8,150,475,13762800
NIFTY-I.NFO,17/10/2024,09:44:46,24922.9,24922,1850,24922.9,75,450,13762800
NIFTY-I.NFO,17/10/2024,09:44:48,24921.85,24921.05,25,24921.9,150,2325,13762800
NIFTY-I.NFO,17/10/2024,09:44:50,24919.3,24916.4,25,24919.1,125,900,13762800
NIFTY-I.NFO,17/10/2024,09:44:51,24916.55,24915.55,200,24916.8,25,2225,13762800
NIFTY-I.NFO,17/10/2024,09:44:53,24915.55,24915,1850,24915.55,50,900,13762800
NIFTY-I.NFO,17/10/2024,09:44:55,24915.55,24915.55,350,24916.4,250,1100,13762800
NIFTY-I.NFO,17/10/2024,09:44:56,24915,24915.05,50,24916.55,450,1275,13762800
NIFTY-I.NFO,17/10/2024,09:44:58,24915,24915,575,24916.4,200,425,13762800
NIFTY-I.NFO,17/10/2024,09:45:00,24916.6,24915.55,100,24916.65,25,75,13762800
NIFTY-I.NFO,17/10/2024,09:45:01,24915.4,24912.3,250,24915.4,100,1725,13762800
NIFTY-I.NFO,17/10/2024,09:45:03,24914.4,24912,75,24913.9,200,975,13762800
NIFTY-I.NFO,17/10/2024,09:45:05,24912.1,24912.05,25,24915.25,100,275,13762800
NIFTY-I.NFO,17/10/2024,09:45:06,24911.1,24911.1,75,24915,50,325,13762800
NIFTY-I.NFO,17/10/2024,09:45:08,24913.7,24910,275,24912.5,125,1525,13762800
NIFTY-I.NFO,17/10/2024,09:45:10,24912,24912.2,25,24912.45,125,275,13762800
NIFTY-I.NFO,17/10/2024,09:45:11,24903,24908.15,75,24911.55,75,2050,13762800
NIFTY-I.NFO,17/10/2024,09:45:13,24907.3,24907.7,75,24912.95,50,425,13762800
NIFTY-I.NFO,17/10/2024,09:45:15,24906.8,24907.05,25,24912.15,100,475,13762800
NIFTY-I.NFO,17/10/2024,09:45:16,24907.15,24907.15,25,24912.65,150,625,13762800
NIFTY-I.NFO,17/10/2024,09:45:18,24912.5,24907.65,100,24912.5,50,2775,13762800
NIFTY-I.NFO,17/10/2024,09:45:19,24912.2,24907.8,100,24912.4,125,1375,13762800
NIFTY-I.NFO,17/10/2024,09:45:21,24910.25,24907.15,100,24911.45,100,850,13762800
NIFTY-I.NFO,17/10/2024,09:45:23,24910.15,24907.6,25,24910.15,75,325,13762800
NIFTY-I.NFO,17/10/2024,09:45:24,24909.15,24907.15,25,24908.6,250,600,13762800
NIFTY-I.NFO,17/10/2024,09:45:26,24907.05,24905.05,25,24907.05,125,825,13762800
NIFTY-I.NFO,17/10/2024,09:45:28,24900,24900.05,25,24900.5,250,5450,13762800
NIFTY-I.NFO,17/10/2024,09:45:29,24899.5,24894.2,25,24899.55,50,5675,13762800
NIFTY-I.NFO,17/10/2024,09:45:29,24892,24894.2,25,24899.55,50,0,13762800
NIFTY-I.NFO,17/10/2024,09:45:31,24890.15,24892,25,24898,25,3250,13762800
NIFTY-I.NFO,17/10/2024,09:45:31,24890.15,24892,25,24898,25,0,13762800
NIFTY-I.NFO,17/10/2024,09:45:33,24890.5,24890.45,125,24896.55,50,1125,13762800
NIFTY-I.NFO,17/10/2024,09:45:34,24889.7,24889.7,75,24896.7,50,5500,13762800
NIFTY-I.NFO,17/10/2024,09:45:34,24887,24889.7,75,24896.7,50,0,13762800
NIFTY-I.NFO,17/10/2024,09:45:36,24894.25,24890,200,24894.2,125,2625,13762800
NIFTY-I.NFO,17/10/2024,09:45:36,24886.35,24890,200,24894.2,125,0,13762800
NIFTY-I.NFO,17/10/2024,09:45:38,24894.75,24889.45,50,24894.75,125,1250,13762800
NIFTY-I.NFO,17/10/2024,09:45:39,24895.85,24890.2,50,24895.9,25,2225,13751400
NIFTY-I.NFO,17/10/2024,09:45:41,24896,24896,150,24896.7,375,1350,13751400
NIFTY-I.NFO,17/10/2024,09:45:43,24897.1,24892.25,25,24897.5,50,4775,13751400
NIFTY-I.NFO,17/10/2024,09:45:44,24895.15,24891.35,75,24895,125,475,13751400
NIFTY-I.NFO,17/10/2024,09:45:46,24891.85,24891.2,250,24891.85,150,16875,13751400
NIFTY-I.NFO,17/10/2024,09:45:46,24881.9,24891.2,250,24891.85,150,0,13751400
NIFTY-I.NFO,17/10/2024,09:45:48,24885,24885.05,100,24889.6,125,750,13751400
NIFTY-I.NFO,17/10/2024,09:45:49,24883.95,24883.8,100,24890.2,50,3275,13751400
NIFTY-I.NFO,17/10/2024,09:45:49,24880.2,24883.8,100,24890.2,50,0,13751400
NIFTY-I.NFO,17/10/2024,09:45:51,24881,24882.7,175,24888.9,125,3250,13751400
NIFTY-I.NFO,17/10/2024,09:45:51,24880,24882.7,175,24888.9,125,0,13751400
NIFTY-I.NFO,17/10/2024,09:45:53,24884.45,24884.4,25,24888.1,50,1950,13751400
NIFTY-I.NFO,17/10/2024,09:45:54,24887.1,24883.35,175,24886.5,125,2125,13751400
NIFTY-I.NFO,17/10/2024,09:45:56,24880,24881.15,25,24883.55,25,2125,13751400
NIFTY-I.NFO,17/10/2024,09:45:58,24880.65,24880.6,25,24885.55,125,1150,13751400
NIFTY-I.NFO,17/10/2024,09:45:59,24880.6,24880.7,25,24884.95,50,1200,13751400
NIFTY-I.NFO,17/10/2024,09:46:01,24886.05,24880.6,25,24885.85,75,2400,13751400
NIFTY-I.NFO,17/10/2024,09:46:03,24885.4,24881.05,125,24885.4,125,650,13751400
NIFTY-I.NFO,17/10/2024,09:46:04,24885.4,24881.1,100,24885.3,50,3550,13751400
NIFTY-I.NFO,17/10/2024,09:46:06,24880.25,24880.25,50,24884.4,75,700,13751400
NIFTY-I.NFO,17/10/2024,09:46:08,24882.25,24882.2,2500,24884.25,25,175,13751400
NIFTY-I.NFO,17/10/2024,09:46:09,24884.75,24882.2,325,24884.75,300,2625,13751400
NIFTY-I.NFO,17/10/2024,09:46:11,24882,24882,225,24884.7,75,850,13751400
NIFTY-I.NFO,17/10/2024,09:46:13,24884.7,24882.05,50,24885,175,575,13751400
NIFTY-I.NFO,17/10/2024,09:46:14,24885,24885,425,24885.4,175,2275,13751400
NIFTY-I.NFO,17/10/2024,09:46:16,24885.45,24885,650,24885.5,100,800,13751400
NIFTY-I.NFO,17/10/2024,09:46:18,24885,24885,200,24886.05,50,1075,13751400
NIFTY-I.NFO,17/10/2024,09:46:19,24885,24885,50,24885.55,25,2125,13751400
NIFTY-I.NFO,17/10/2024,09:46:21,24885.55,24884,100,24885.55,25,2625,13751400
NIFTY-I.NFO,17/10/2024,09:46:23,24884,24880,7625,24884,450,900,13751400
NIFTY-I.NFO,17/10/2024,09:46:24,24880,24880,5750,24884,425,2375,13751400
NIFTY-I.NFO,17/10/2024,09:46:26,24889.9,24889.05,25,24889.9,100,2850,13751400
NIFTY-I.NFO,17/10/2024,09:46:28,24887,24887,275,24890.25,50,1500,13751400
NIFTY-I.NFO,17/10/2024,09:46:29,24889.3,24887,75,24889.3,25,550,13751400
NIFTY-I.NFO,17/10/2024,09:46:31,24890.45,24889.35,25,24891.45,25,350,13751400
NIFTY-I.NFO,17/10/2024,09:46:33,24890,24889.9,150,24894.4,50,1200,13751400
NIFTY-I.NFO,17/10/2024,09:46:34,24895,24889.9,75,24894.5,50,400,13751400
NIFTY-I.NFO,17/10/2024,09:46:36,24894.55,24889.4,25,24894.95,50,2100,13751400
NIFTY-I.NFO,17/10/2024,09:46:38,24893.7,24889.3,75,24893.65,125,200,13751400
NIFTY-I.NFO,17/10/2024,09:46:39,24890.05,24890,125,24895.6,50,125,13751400
NIFTY-I.NFO,17/10/2024,09:46:41,24895.9,24894.5,250,24895.9,100,450,13751400
NIFTY-I.NFO,17/10/2024,09:46:43,24897.75,24895.7,25,24896.85,25,600,13751400
NIFTY-I.NFO,17/10/2024,09:46:44,24895,24895,475,24896.35,300,575,13751400
NIFTY-I.NFO,17/10/2024,09:46:46,24894.6,24893.7,100,24895.05,200,625,13751400
NIFTY-I.NFO,17/10/2024,09:46:48,24893,24891,50,24896.6,25,775,13751400
NIFTY-I.NFO,17/10/2024,09:46:50,24895.7,24895.2,250,24895.9,25,300,13751400
NIFTY-I.NFO,17/10/2024,09:46:51,24897.05,24895.25,25,24897,25,250,13751400
NIFTY-I.NFO,17/10/2024,09:46:53,24897.5,24897,575,24898,100,200,13751400
NIFTY-I.NFO,17/10/2024,09:46:55,24899,24897.05,25,24899,50,175,13751400
NIFTY-I.NFO,17/10/2024,09:46:56,24901,24899,50,24901,900,1150,13751400
NIFTY-I.NFO,17/10/2024,09:46:58,24898,24898.05,100,24901,600,475,13751400
NIFTY-I.NFO,17/10/2024,09:47:00,24899.05,24899.1,25,24901,275,375,13751400
NIFTY-I.NFO,17/10/2024,09:47:01,24901.1,24900.5,25,24904.95,25,975,13751400
NIFTY-I.NFO,17/10/2024,09:47:03,24903,24905,25,24907.65,125,200,13751400
NIFTY-I.NFO,17/10/2024,09:47:05,24907.2,24904.95,425,24907.2,25,525,13751400
NIFTY-I.NFO,17/10/2024,09:47:06,24905.55,24901.65,100,24905.25,150,600,13751400
NIFTY-I.NFO,17/10/2024,09:47:08,24904,24903.2,50,24905.25,225,375,13751400
NIFTY-I.NFO,17/10/2024,09:47:10,24907.8,24905.3,50,24907.15,50,250,13751400
NIFTY-I.NFO,17/10/2024,09:47:11,24901.2,24901.25,75,24905,50,850,13751400
NIFTY-I.NFO,17/10/2024,09:47:13,24906.65,24905.25,75,24906.75,75,875,13751400
NIFTY-I.NFO,17/10/2024,09:47:15,24906.9,24901.65,25,24907.3,50,525,13751400
NIFTY-I.NFO,17/10/2024,09:47:16,24905.3,24901.7,75,24906.85,25,325,13751400
NIFTY-I.NFO,17/10/2024,09:47:18,24906.1,24901.4,100,24906.65,100,500,13751400
NIFTY-I.NFO,17/10/2024,09:47:20,24905,24902.05,100,24906.5,25,525,13751400
NIFTY-I.NFO,17/10/2024,09:47:21,24904.7,24902.05,75,24904.7,1400,775,13751400
NIFTY-I.NFO,17/10/2024,09:47:23,24902.55,24902,175,24904.1,125,200,13751400
NIFTY-I.NFO,17/10/2024,09:47:25,24902.85,24902,150,24902.85,125,175,13751400
NIFTY-I.NFO,17/10/2024,09:47:26,24904.05,24901.3,125,24904.1,75,775,13751400
NIFTY-I.NFO,17/10/2024,09:47:28,24901.05,24901,25,24902,25,1125,13751400
NIFTY-I.NFO,17/10/2024,09:47:30,24902,24898,100,24902,100,300,13751400
NIFTY-I.NFO,17/10/2024,09:47:31,24904.7,24901.05,200,24904.7,900,400,13751400
NIFTY-I.NFO,17/10/2024,09:47:33,24902.55,24902.55,75,24904.7,850,325,13751400
NIFTY-I.NFO,17/10/2024,09:47:35,24903.6,24900,100,24903.55,50,1050,13751400
NIFTY-I.NFO,17/10/2024,09:47:36,24901.7,24895.45,75,24901.75,125,275,13751400
NIFTY-I.NFO,17/10/2024,09:47:38,24901.6,24895.45,75,24901.6,125,275,13751400
NIFTY-I.NFO,17/10/2024,09:47:40,24899.5,24895,50,24899.55,50,425,13751400
NIFTY-I.NFO,17/10/2024,09:47:41,24895,24894.55,150,24901.25,50,1025,13751400
NIFTY-I.NFO,17/10/2024,09:47:43,24901.3,24895.3,25,24901.35,50,200,13751400
NIFTY-I.NFO,17/10/2024,09:47:45,24898.2,24894,50,24900.2,50,175,13751400
NIFTY-I.NFO,17/10/2024,09:47:46,24900.35,24900.35,950,24901,100,2675,13751400
NIFTY-I.NFO,17/10/2024,09:47:48,24900.35,24900.35,75,24900.45,200,1125,13751400
NIFTY-I.NFO,17/10/2024,09:47:50,24900.8,24900,25,24900.35,125,500,13751400
