Ticker,Date,Time,LTP,BuyPrice,BuyQty,SellPrice,SellQty,LTQ,OpenInterest
BANKNIFTY-III.NFO,15/07/2024,09:15:04,52907.1,52895.75,60,52932.3,15,15,59730
BANKNIFTY-III.NFO,15/07/2024,09:15:04,52907.1,52895.75,60,52932.3,15,0,59730
BANKNIFTY-III.NFO,15/07/2024,09:15:04,52907.1,52895.75,60,52932.3,15,0,59730
BANKNIFTY-III.NFO,15/07/2024,09:15:04,52907.1,52895.75,60,52932.3,15,0,59730
BANKNIFTY-III.NFO,15/07/2024,09:15:06,52932.3,52922.45,60,52950,15,15,59730
BANKNIFTY-III.NFO,15/07/2024,09:15:06,52932.3,52922.45,60,52950,15,0,59730
BANKNIFTY-III.NFO,15/07/2024,09:15:07,52950,52908.9,60,52974.4,60,15,59730
BANKNIFTY-III.NFO,15/07/2024,09:15:07,52950,52908.9,60,52974.4,60,0,59730
BANKNIFTY-III.NFO,15/07/2024,09:15:09,52950,52899.05,60,52974.45,60,0,59730
BANKNIFTY-III.NFO,15/07/2024,09:15:10,52961.65,52902.8,60,52969.75,30,30,59730
BANKNIFTY-III.NFO,15/07/2024,09:15:10,52974.25,52902.8,60,52969.75,30,0,59730
BANKNIFTY-III.NFO,15/07/2024,09:15:11,52961.65,52901.6,60,52967.7,30,0,59730
BANKNIFTY-III.NFO,15/07/2024,09:15:13,52967.6,52910.55,60,52967.5,15,15,59730
BANKNIFTY-III.NFO,15/07/2024,09:15:14,52967.6,52914.65,60,52961.5,15,0,59730
BANKNIFTY-III.NFO,15/07/2024,09:15:16,52967.6,52923.75,60,52961.4,15,0,59730
BANKNIFTY-III.NFO,15/07/2024,09:15:17,52967.6,52930.35,60,52961.3,15,0,59730
BANKNIFTY-III.NFO,15/07/2024,09:15:19,52967.6,52950.05,60,52961.15,15,0,59730
BANKNIFTY-III.NFO,15/07/2024,09:15:20,52961.65,52959.05,60,52974.95,15,60,59730
BANKNIFTY-III.NFO,15/07/2024,09:15:22,52961.65,52961.4,60,52974.95,15,0,59730
BANKNIFTY-III.NFO,15/07/2024,09:15:23,52970,52963.5,60,52975,15,15,59730
BANKNIFTY-III.NFO,15/07/2024,09:15:25,52970,52965.95,60,52975,60,0,59730
BANKNIFTY-III.NFO,15/07/2024,09:15:26,52970,52950.15,60,52974.95,15,0,59730
BANKNIFTY-III.NFO,15/07/2024,09:15:28,52970,52950.05,60,52974.95,15,0,59730
BANKNIFTY-III.NFO,15/07/2024,09:15:30,52974.95,52974.95,15,52975,60,75,59730
BANKNIFTY-III.NFO,15/07/2024,09:15:30,52974.95,52974.95,15,52975,60,0,59730
BANKNIFTY-III.NFO,15/07/2024,09:15:31,52974.95,52974.95,15,52975,60,0,59730
BANKNIFTY-III.NFO,15/07/2024,09:15:33,52974.95,52974.95,15,52975,75,0,59730
BANKNIFTY-III.NFO,15/07/2024,09:15:34,52974.95,52947,60,52975,60,30,59730
BANKNIFTY-III.NFO,15/07/2024,09:15:34,52975,52947,60,52975,60,0,59730
BANKNIFTY-III.NFO,15/07/2024,09:15:36,52974.95,52943,60,52975,60,0,59730
BANKNIFTY-III.NFO,15/07/2024,09:15:37,52975,52943,60,52974.95,15,15,59865
BANKNIFTY-III.NFO,15/07/2024,09:15:39,52975,52943,60,52974.95,15,0,59865
BANKNIFTY-III.NFO,15/07/2024,09:15:40,52975,52942,60,52974.95,15,0,59865
BANKNIFTY-III.NFO,15/07/2024,09:15:43,52975,52944.95,60,52974.95,15,0,59865
BANKNIFTY-III.NFO,15/07/2024,09:15:45,52975,52943.05,60,52974.95,15,0,59865
BANKNIFTY-III.NFO,15/07/2024,09:15:46,52975,52953.8,60,52975,180,0,59865
BANKNIFTY-III.NFO,15/07/2024,09:15:48,52975,52957.05,60,52975,180,0,59865
BANKNIFTY-III.NFO,15/07/2024,09:15:49,52975,52957.05,60,52975,195,0,59865
BANKNIFTY-III.NFO,15/07/2024,09:15:52,52975,52957.8,60,52975,195,0,59865
BANKNIFTY-III.NFO,15/07/2024,09:16:01,52975,52960.05,60,52974.95,15,0,59865
BANKNIFTY-III.NFO,15/07/2024,09:16:05,52975,52960,15,52974.95,30,0,59865
BANKNIFTY-III.NFO,15/07/2024,09:16:06,52975,52960.05,60,52974.95,30,0,59865
BANKNIFTY-III.NFO,15/07/2024,09:16:08,52974.95,52960.05,75,52974.9,15,15,59865
BANKNIFTY-III.NFO,15/07/2024,09:16:09,52957.75,52959.6,60,52974.75,75,150,59865
BANKNIFTY-III.NFO,15/07/2024,09:16:11,52957.75,52959.6,60,52974.7,60,0,59865
BANKNIFTY-III.NFO,15/07/2024,09:16:12,52957.75,52953.05,60,52974.5,60,0,59865
BANKNIFTY-III.NFO,15/07/2024,09:16:14,52957.75,52953.05,60,52974.4,60,0,59865
BANKNIFTY-III.NFO,15/07/2024,09:16:15,52953.05,52953.05,45,52974.2,60,15,59865
BANKNIFTY-III.NFO,15/07/2024,09:16:17,52956.15,52956.15,195,52974.1,60,45,59865
BANKNIFTY-III.NFO,15/07/2024,09:16:18,52956.15,52956.15,60,52974.2,60,0,59865
BANKNIFTY-III.NFO,15/07/2024,09:16:20,52956.15,52954.3,60,52974.2,60,0,59865
BANKNIFTY-III.NFO,15/07/2024,09:16:26,52956.15,52956.8,60,52976.4,60,0,59865
BANKNIFTY-III.NFO,15/07/2024,09:16:27,52956.15,52959.55,60,52979.95,75,0,59865
BANKNIFTY-III.NFO,15/07/2024,09:16:29,52979.95,52959.65,60,52979.95,60,15,59865
BANKNIFTY-III.NFO,15/07/2024,09:16:29,52979.95,52959.65,60,52979.95,60,0,59865
BANKNIFTY-III.NFO,15/07/2024,09:16:30,52979.95,52959.55,60,52979.95,45,15,59865
BANKNIFTY-III.NFO,15/07/2024,09:16:32,52979.95,52959.55,60,52979.55,30,0,59865
BANKNIFTY-III.NFO,15/07/2024,09:16:34,52979.95,52959.55,60,52979.25,30,0,59865
BANKNIFTY-III.NFO,15/07/2024,09:16:35,52979.95,52959.55,60,52978.85,30,0,59865
BANKNIFTY-III.NFO,15/07/2024,09:16:37,52979.95,52957.85,60,52978.35,30,0,59865
BANKNIFTY-III.NFO,15/07/2024,09:16:38,52979.95,52956.8,60,52977.95,45,0,59865
BANKNIFTY-III.NFO,15/07/2024,09:16:40,52979.95,52953.45,60,52977.55,30,0,59865
BANKNIFTY-III.NFO,15/07/2024,09:16:41,52979.95,52953.05,60,52977.15,30,0,59865
BANKNIFTY-III.NFO,15/07/2024,09:16:43,52979.95,52948.9,60,52976.85,30,0,59865
BANKNIFTY-III.NFO,15/07/2024,09:16:44,52979.95,52948.9,60,52976.45,30,0,59865
BANKNIFTY-III.NFO,15/07/2024,09:16:46,52940.05,52940.05,60,52950,45,30,59865
BANKNIFTY-III.NFO,15/07/2024,09:16:47,52940.05,52940.05,60,52950,45,0,59865
BANKNIFTY-III.NFO,15/07/2024,09:16:50,52940.05,52940.05,45,52950,45,15,59865
BANKNIFTY-III.NFO,15/07/2024,09:16:52,52940.05,52940.05,45,52950,45,0,59865
BANKNIFTY-III.NFO,15/07/2024,09:17:00,52940.05,52940,15,52949.95,60,0,59865
BANKNIFTY-III.NFO,15/07/2024,09:17:03,52949.65,52930,15,52949.65,60,30,59865
BANKNIFTY-III.NFO,15/07/2024,09:17:05,52949.65,52930,30,52949.35,60,0,59865
BANKNIFTY-III.NFO,15/07/2024,09:17:06,52949.65,52930,30,52949.15,60,0,59865
BANKNIFTY-III.NFO,15/07/2024,09:17:08,52949.65,52930,30,52949.05,60,0,59865
BANKNIFTY-III.NFO,15/07/2024,09:17:10,52949.65,52927.55,60,52948.75,60,0,59865
BANKNIFTY-III.NFO,15/07/2024,09:17:11,52949.65,52927.55,60,52948.25,60,0,59865
BANKNIFTY-III.NFO,15/07/2024,09:17:13,52949.65,52927.55,60,52947.95,60,0,59865
BANKNIFTY-III.NFO,15/07/2024,09:17:14,52949.65,52927.65,60,52947.65,60,0,59865
BANKNIFTY-III.NFO,15/07/2024,09:17:16,52949.65,52928.05,60,52947.35,60,0,59865
BANKNIFTY-III.NFO,15/07/2024,09:17:18,52949.65,52928.05,60,52947.05,60,0,59865
BANKNIFTY-III.NFO,15/07/2024,09:17:19,52949.65,52928.05,60,52946.85,60,0,59865
BANKNIFTY-III.NFO,15/07/2024,09:17:21,52949.65,52921.15,60,52946.45,60,0,59865
BANKNIFTY-III.NFO,15/07/2024,09:17:22,52949.65,52921.25,60,52945.95,60,0,59865
BANKNIFTY-III.NFO,15/07/2024,09:17:24,52949.65,52921.15,60,52945.55,60,0,59865
BANKNIFTY-III.NFO,15/07/2024,09:17:25,52949.65,52921.15,60,52945.15,60,0,59865
BANKNIFTY-III.NFO,15/07/2024,09:17:27,52949.65,52921.15,60,52944.75,60,0,59865
BANKNIFTY-III.NFO,15/07/2024,09:17:28,52949.65,52921.45,60,52944.35,60,0,59865
BANKNIFTY-III.NFO,15/07/2024,09:17:30,52949.65,52921.85,60,52943.85,60,0,59865
BANKNIFTY-III.NFO,15/07/2024,09:17:33,52949.65,52920.15,60,52943.35,60,0,59865
BANKNIFTY-III.NFO,15/07/2024,09:17:35,52949.65,52920.15,60,52942.85,60,0,59865
BANKNIFTY-III.NFO,15/07/2024,09:17:36,52942.55,52920.15,60,52942.45,45,15,59865
BANKNIFTY-III.NFO,15/07/2024,09:17:38,52942.55,52920.05,75,52942.15,45,0,59865
BANKNIFTY-III.NFO,15/07/2024,09:17:39,52942.55,52920.05,75,52941.65,45,0,59865
BANKNIFTY-III.NFO,15/07/2024,09:17:41,52942.55,52920.25,60,52941.25,45,0,59865
BANKNIFTY-III.NFO,15/07/2024,09:17:43,52942.55,52920.1,60,52940.85,45,0,59865
BANKNIFTY-III.NFO,15/07/2024,09:17:44,52942.55,52920.05,75,52940.35,45,0,59865
BANKNIFTY-III.NFO,15/07/2024,09:17:46,52942.55,52918.15,60,52939.95,45,0,59865
BANKNIFTY-III.NFO,15/07/2024,09:17:47,52939.95,52918.15,60,52939.65,30,15,59865
BANKNIFTY-III.NFO,15/07/2024,09:17:49,52939.95,52918.15,60,52939.25,30,0,59865
BANKNIFTY-III.NFO,15/07/2024,09:17:51,52939.95,52918.15,60,52938.75,30,0,59865
BANKNIFTY-III.NFO,15/07/2024,09:17:52,52939.95,52917.65,60,52938.45,30,0,59865
BANKNIFTY-III.NFO,15/07/2024,09:17:54,52939.95,52915.9,60,52937.95,30,0,59865
BANKNIFTY-III.NFO,15/07/2024,09:17:55,52939.95,52915.85,60,52937.55,30,0,59865
BANKNIFTY-III.NFO,15/07/2024,09:17:57,52939.95,52927.1,60,52939.95,30,0,59865
BANKNIFTY-III.NFO,15/07/2024,09:17:58,52939.95,52929.45,60,52939.95,15,0,59865
BANKNIFTY-III.NFO,15/07/2024,09:18:00,52939.95,52932.75,60,52939.95,30,0,59865
BANKNIFTY-III.NFO,15/07/2024,09:18:02,52939.95,52928.45,75,52939.95,30,0,59865
BANKNIFTY-III.NFO,15/07/2024,09:18:03,52939.95,52928.95,75,52939.95,60,0,59865
BANKNIFTY-III.NFO,15/07/2024,09:18:05,52930.3,52932.5,60,52939.95,60,15,59865
BANKNIFTY-III.NFO,15/07/2024,09:18:06,52931.4,52933.45,15,52939.95,60,105,59865
BANKNIFTY-III.NFO,15/07/2024,09:18:08,52931.4,52933.45,15,52939.95,60,0,59865
BANKNIFTY-III.NFO,15/07/2024,09:18:09,52931.4,52931.95,15,52939.95,60,0,59865
BANKNIFTY-III.NFO,15/07/2024,09:18:11,52931.4,52934.85,15,52939.95,45,0,59865
BANKNIFTY-III.NFO,15/07/2024,09:18:14,52939.95,52935.65,15,52939.95,30,15,59865
BANKNIFTY-III.NFO,15/07/2024,09:18:16,52939.95,52935.65,15,52939.95,30,0,59865
BANKNIFTY-III.NFO,15/07/2024,09:18:18,52939.95,52933.85,30,52939.95,30,0,59865
BANKNIFTY-III.NFO,15/07/2024,09:18:19,52928.95,52928.7,120,52939.95,30,105,59865
BANKNIFTY-III.NFO,15/07/2024,09:18:21,52928.95,52929.05,15,52939.95,30,0,59865
BANKNIFTY-III.NFO,15/07/2024,09:18:24,52928.95,52918.3,15,52939.9,75,0,59865
BANKNIFTY-III.NFO,15/07/2024,09:18:26,52939.6,52913.15,15,52939.5,60,15,59865
BANKNIFTY-III.NFO,15/07/2024,09:18:28,52939.6,52913.65,15,52939.1,60,0,59865
BANKNIFTY-III.NFO,15/07/2024,09:18:29,52939.6,52910.45,15,52938.7,60,0,59865
BANKNIFTY-III.NFO,15/07/2024,09:18:31,52939.6,52910.05,15,52938.2,60,0,59865
BANKNIFTY-III.NFO,15/07/2024,09:18:33,52939.6,52910.05,15,52937.6,60,0,59865
BANKNIFTY-III.NFO,15/07/2024,09:18:34,52939.6,52910.05,15,52937.1,60,0,59865
BANKNIFTY-III.NFO,15/07/2024,09:18:36,52939.6,52910.05,15,52936.4,60,0,59865
BANKNIFTY-III.NFO,15/07/2024,09:18:38,52939.6,52910.05,15,52935.8,60,0,59865
BANKNIFTY-III.NFO,15/07/2024,09:18:39,52939.6,52910.05,15,52935.3,60,0,59865
BANKNIFTY-III.NFO,15/07/2024,09:18:41,52939.6,52920,105,52934.65,60,0,59865
BANKNIFTY-III.NFO,15/07/2024,09:18:43,52920,52907.15,15,52919.95,60,105,60210
BANKNIFTY-III.NFO,15/07/2024,09:18:44,52920,52900.05,30,52919.45,60,0,60210
BANKNIFTY-III.NFO,15/07/2024,09:18:46,52920,52900,45,52919.05,60,0,60210
BANKNIFTY-III.NFO,15/07/2024,09:18:48,52920,52900,60,52918.75,60,0,60210
BANKNIFTY-III.NFO,15/07/2024,09:18:49,52920,52900,60,52918.35,60,0,60210
BANKNIFTY-III.NFO,15/07/2024,09:18:51,52900,52882.2,15,52900.05,60,45,60210
BANKNIFTY-III.NFO,15/07/2024,09:18:51,52900,52882.2,15,52900.05,60,0,60210
BANKNIFTY-III.NFO,15/07/2024,09:18:53,52900,52882.6,15,52900.05,75,0,60210
BANKNIFTY-III.NFO,15/07/2024,09:18:54,52900,52880.95,15,52900.05,75,0,60210
BANKNIFTY-III.NFO,15/07/2024,09:18:58,52900,52875.05,30,52900.05,75,0,60210
BANKNIFTY-III.NFO,15/07/2024,09:18:59,52900,52875.1,15,52900.05,75,0,60210
BANKNIFTY-III.NFO,15/07/2024,09:19:01,52900,52875.1,15,52900.05,75,30,60210
BANKNIFTY-III.NFO,15/07/2024,09:19:03,52900,52875.05,30,52900.05,75,0,60210
BANKNIFTY-III.NFO,15/07/2024,09:19:04,52900,52875,15,52895.8,60,0,60210
BANKNIFTY-III.NFO,15/07/2024,09:19:06,52893.45,52875,15,52891.2,60,15,60210
BANKNIFTY-III.NFO,15/07/2024,09:19:06,52893.45,52875,15,52891.2,60,0,60210
BANKNIFTY-III.NFO,15/07/2024,09:19:08,52893.45,52875,15,52888.55,60,0,60210
BANKNIFTY-III.NFO,15/07/2024,09:19:10,52893.45,52875.05,30,52888.15,60,0,60210
BANKNIFTY-III.NFO,15/07/2024,09:19:11,52893.45,52875.05,30,52891.85,60,0,60210
BANKNIFTY-III.NFO,15/07/2024,09:19:13,52893.45,52878.05,30,52891.9,15,0,60210
BANKNIFTY-III.NFO,15/07/2024,09:19:16,52893.45,52881.9,45,52891.9,15,0,60210
BANKNIFTY-III.NFO,15/07/2024,09:19:18,52893.45,52892.4,30,52900,30,0,60210
BANKNIFTY-III.NFO,15/07/2024,09:19:20,52893.45,52892.05,45,52900,30,0,60210
BANKNIFTY-III.NFO,15/07/2024,09:19:21,52893.45,52889.2,30,52900,30,0,60210
BANKNIFTY-III.NFO,15/07/2024,09:19:23,52893.45,52891.5,30,52900,30,0,60210
BANKNIFTY-III.NFO,15/07/2024,09:19:25,52893.45,52893.9,30,52900,30,0,60210
BANKNIFTY-III.NFO,15/07/2024,09:19:26,52900,52902.05,30,52916.4,30,30,60210
BANKNIFTY-III.NFO,15/07/2024,09:19:28,52900,52909.3,30,52916.4,15,0,60210
BANKNIFTY-III.NFO,15/07/2024,09:19:30,52906.45,52906.05,15,52916.4,15,30,60210
BANKNIFTY-III.NFO,15/07/2024,09:19:31,52906.45,52907.4,165,52916.4,15,0,60210
BANKNIFTY-III.NFO,15/07/2024,09:19:33,52906.45,52905.5,15,52916.4,15,0,60210
BANKNIFTY-III.NFO,15/07/2024,09:19:35,52906.45,52899.7,15,52916.25,60,0,60210
BANKNIFTY-III.NFO,15/07/2024,09:19:36,52906.45,52900.3,165,52915.95,60,0,60210
BANKNIFTY-III.NFO,15/07/2024,09:19:38,52916.4,52904.5,15,52916.85,30,30,60210
BANKNIFTY-III.NFO,15/07/2024,09:19:40,52916.4,52903.55,15,52916.8,75,0,60210
BANKNIFTY-III.NFO,15/07/2024,09:19:41,52916.4,52901.65,15,52916.4,60,0,60210
BANKNIFTY-III.NFO,15/07/2024,09:19:43,52916.4,52906.65,165,52916.25,15,0,60210
BANKNIFTY-III.NFO,15/07/2024,09:19:45,52916.4,52909.45,15,52919.7,15,0,60210
BANKNIFTY-III.NFO,15/07/2024,09:19:46,52916.4,52910.6,165,52924.6,75,0,60210
BANKNIFTY-III.NFO,15/07/2024,09:19:48,52916.4,52914.2,165,52924.45,15,0,60210
BANKNIFTY-III.NFO,15/07/2024,09:19:50,52916.4,52918.8,15,52934.75,60,0,60210
BANKNIFTY-III.NFO,15/07/2024,09:19:51,52916.4,52918.8,15,52934.45,75,0,60210
BANKNIFTY-III.NFO,15/07/2024,09:19:53,52916.4,52921.95,15,52934.85,75,0,60210
BANKNIFTY-III.NFO,15/07/2024,09:19:55,52916.4,52921.95,15,52934.95,75,0,60210
BANKNIFTY-III.NFO,15/07/2024,09:19:56,52916.4,52925.45,15,52934.95,60,0,60210
BANKNIFTY-III.NFO,15/07/2024,09:19:58,52916.4,52921.95,15,52934.85,75,0,60210
BANKNIFTY-III.NFO,15/07/2024,09:20:00,52916.4,52914.2,15,52934.75,60,0,60210
BANKNIFTY-III.NFO,15/07/2024,09:20:01,52916.4,52914.2,15,52934.45,60,0,60210
BANKNIFTY-III.NFO,15/07/2024,09:20:03,52916.4,52914.2,15,52934.05,60,0,60210
BANKNIFTY-III.NFO,15/07/2024,09:20:05,52916.4,52914.2,15,52933.55,60,0,60210
BANKNIFTY-III.NFO,15/07/2024,09:20:06,52916.4,52916.65,135,52933.65,60,0,60210
BANKNIFTY-III.NFO,15/07/2024,09:20:08,52916.4,52918.2,15,52934.75,60,0,60210
BANKNIFTY-III.NFO,15/07/2024,09:20:09,52916.4,52918.2,15,52934.9,60,0,60210
BANKNIFTY-III.NFO,15/07/2024,09:20:11,52916.4,52918.2,15,52934.85,60,0,60210
BANKNIFTY-III.NFO,15/07/2024,09:20:13,52916.4,52916.65,15,52934.35,60,0,60210
BANKNIFTY-III.NFO,15/07/2024,09:20:14,52913.7,52912.9,15,52934.05,60,60,60210
BANKNIFTY-III.NFO,15/07/2024,09:20:16,52913.7,52911.75,15,52933.55,60,0,60210
BANKNIFTY-III.NFO,15/07/2024,09:20:17,52913.7,52909.45,15,52933.15,60,0,60210
BANKNIFTY-III.NFO,15/07/2024,09:20:19,52913.7,52906.15,15,52932.55,60,0,60210
BANKNIFTY-III.NFO,15/07/2024,09:20:20,52913.7,52903,15,52931.8,60,0,60210
BANKNIFTY-III.NFO,15/07/2024,09:20:22,52913.7,52891.45,15,52924.85,60,0,60210
BANKNIFTY-III.NFO,15/07/2024,09:20:24,52913.7,52891.45,15,52922.8,60,0,60210
BANKNIFTY-III.NFO,15/07/2024,09:20:25,52913.7,52891.45,15,52922.2,60,0,60210
BANKNIFTY-III.NFO,15/07/2024,09:20:27,52913.7,52890,30,52920.35,60,0,60210
BANKNIFTY-III.NFO,15/07/2024,09:20:29,52913.7,52890,30,52917,60,0,60210
BANKNIFTY-III.NFO,15/07/2024,09:20:30,52913.7,52890,30,52911.65,60,0,60210
BANKNIFTY-III.NFO,15/07/2024,09:20:32,52890,52880,75,52908.05,60,30,60210
BANKNIFTY-III.NFO,15/07/2024,09:20:32,52890,52880,75,52908.05,60,0,60210
BANKNIFTY-III.NFO,15/07/2024,09:20:34,52890,52880,75,52907.35,60,0,60210
BANKNIFTY-III.NFO,15/07/2024,09:20:35,52890,52880,75,52906.95,60,0,60210
BANKNIFTY-III.NFO,15/07/2024,09:20:37,52890,52880,60,52906.35,60,0,60210
BANKNIFTY-III.NFO,15/07/2024,09:20:38,52890,52880,75,52899.4,60,0,60210
BANKNIFTY-III.NFO,15/07/2024,09:20:40,52880,52875,30,52898.15,60,60,60210
BANKNIFTY-III.NFO,15/07/2024,09:20:40,52880,52875,30,52898.15,60,0,60210
BANKNIFTY-III.NFO,15/07/2024,09:20:42,52880,52875,30,52897.2,60,0,60210
BANKNIFTY-III.NFO,15/07/2024,09:20:43,52880,52875,30,52896.7,60,0,60210
BANKNIFTY-III.NFO,15/07/2024,09:20:45,52880,52875,30,52896.2,60,0,60210
BANKNIFTY-III.NFO,15/07/2024,09:20:47,52880,52875,30,52895.8,60,0,60210
BANKNIFTY-III.NFO,15/07/2024,09:20:48,52880,52875,30,52895.2,60,0,60210
BANKNIFTY-III.NFO,15/07/2024,09:20:50,52880,52875,30,52894.7,60,0,60210
BANKNIFTY-III.NFO,15/07/2024,09:20:51,52880,52875,15,52886.4,60,0,60210
BANKNIFTY-III.NFO,15/07/2024,09:20:53,52859,52857,15,52886.1,60,30,60210
BANKNIFTY-III.NFO,15/07/2024,09:20:53,52859,52857,15,52886.1,60,0,60210
BANKNIFTY-III.NFO,15/07/2024,09:20:55,52859,52865,15,52885.65,60,0,60210
BANKNIFTY-III.NFO,15/07/2024,09:20:56,52859,52865,15,52885.4,15,0,60210
BANKNIFTY-III.NFO,15/07/2024,09:20:58,52859,52871.1,150,52889.65,30,0,60210
BANKNIFTY-III.NFO,15/07/2024,09:21:00,52859,52874.45,15,52893.05,30,0,60210
BANKNIFTY-III.NFO,15/07/2024,09:21:01,52859,52874.45,15,52894.55,60,0,60210
BANKNIFTY-III.NFO,15/07/2024,09:21:03,52859,52876.75,150,52894.5,15,0,60210
BANKNIFTY-III.NFO,15/07/2024,09:21:04,52859,52880.9,15,52898.3,60,0,60210
BANKNIFTY-III.NFO,15/07/2024,09:21:06,52859,52886.8,15,52900,45,0,60210
BANKNIFTY-III.NFO,15/07/2024,09:21:08,52859,52882.6,150,52890,30,0,60210
BANKNIFTY-III.NFO,15/07/2024,09:21:09,52859,52885.1,15,52890,30,0,60210
BANKNIFTY-III.NFO,15/07/2024,09:21:11,52859,52882.2,15,52890,30,0,60210
BANKNIFTY-III.NFO,15/07/2024,09:21:17,52859,52883.6,165,52890,30,0,60210
BANKNIFTY-III.NFO,15/07/2024,09:21:18,52859,52880.9,15,52890,30,0,60210
BANKNIFTY-III.NFO,15/07/2024,09:21:20,52890,52886.1,165,52890,15,15,60210
BANKNIFTY-III.NFO,15/07/2024,09:21:22,52890,52886.2,150,52890,15,0,60210
BANKNIFTY-III.NFO,15/07/2024,09:21:23,52890,52891.05,15,52900,60,15,60210
BANKNIFTY-III.NFO,15/07/2024,09:21:25,52890,52891.05,15,52900,60,0,60210
BANKNIFTY-III.NFO,15/07/2024,09:21:27,52890,52892.65,165,52900,60,0,60210
BANKNIFTY-III.NFO,15/07/2024,09:21:28,52890,52893.7,15,52900,60,0,60210
BANKNIFTY-III.NFO,15/07/2024,09:21:30,52890,52891.5,165,52900,60,0,60210
BANKNIFTY-III.NFO,15/07/2024,09:21:32,52890,52895.05,15,52900,60,0,60210
BANKNIFTY-III.NFO,15/07/2024,09:21:33,52890,52892.8,15,52900,60,0,60210
BANKNIFTY-III.NFO,15/07/2024,09:21:35,52890,52884.05,165,52899.8,60,60,60210
BANKNIFTY-III.NFO,15/07/2024,09:21:36,52890,52890,30,52900,30,0,60210
BANKNIFTY-III.NFO,15/07/2024,09:21:38,52890,52890,15,52899.95,75,0,60210
BANKNIFTY-III.NFO,15/07/2024,09:21:40,52890,52890,15,52899.65,60,0,60210
BANKNIFTY-III.NFO,15/07/2024,09:21:41,52890,52893.35,150,52900,30,0,60210
BANKNIFTY-III.NFO,15/07/2024,09:21:43,52890,52890,15,52900,45,0,60210
BANKNIFTY-III.NFO,15/07/2024,09:21:46,52890,52890,15,52899.95,75,0,60210
BANKNIFTY-III.NFO,15/07/2024,09:21:53,52890,52872.5,30,52889.95,60,15,60210
BANKNIFTY-III.NFO,15/07/2024,09:21:55,52890,52872.5,30,52889.55,75,0,60255
BANKNIFTY-III.NFO,15/07/2024,09:21:56,52890,52872.5,15,52889.05,75,0,60255
BANKNIFTY-III.NFO,15/07/2024,09:21:58,52872.5,52850,165,52872.15,60,15,60255
BANKNIFTY-III.NFO,15/07/2024,09:22:00,52872.5,52850,165,52871.75,60,0,60255
BANKNIFTY-III.NFO,15/07/2024,09:22:01,52872.5,52850,165,52871.25,60,0,60255
BANKNIFTY-III.NFO,15/07/2024,09:22:03,52872.5,52850,150,52870.85,60,0,60255
BANKNIFTY-III.NFO,15/07/2024,09:22:05,52850,52831,30,52850,60,150,60255
BANKNIFTY-III.NFO,15/07/2024,09:22:05,52850,52831,30,52850,60,0,60255
BANKNIFTY-III.NFO,15/07/2024,09:22:06,52850,52831.05,15,52850,60,15,60255
BANKNIFTY-III.NFO,15/07/2024,09:22:08,52850,52831.05,15,52869.15,60,0,60255
BANKNIFTY-III.NFO,15/07/2024,09:22:10,52850,52834.7,15,52868.65,60,0,60255
BANKNIFTY-III.NFO,15/07/2024,09:22:11,52850,52831.05,15,52860.7,60,0,60255
BANKNIFTY-III.NFO,15/07/2024,09:22:14,52850,52833.25,15,52870.2,60,0,60255
BANKNIFTY-III.NFO,15/07/2024,09:22:16,52850,52850.05,15,52869.8,60,0,60255
BANKNIFTY-III.NFO,15/07/2024,09:22:17,52850,52850.05,30,52869.4,60,0,60255
BANKNIFTY-III.NFO,15/07/2024,09:22:19,52850,52850.05,30,52869.55,15,0,60255
BANKNIFTY-III.NFO,15/07/2024,09:22:21,52850,52853.75,15,52881.75,60,0,60255
BANKNIFTY-III.NFO,15/07/2024,09:22:22,52850,52858.65,15,52881.3,60,0,60255
BANKNIFTY-III.NFO,15/07/2024,09:22:24,52850,52859.85,15,52881.45,15,0,60255
BANKNIFTY-III.NFO,15/07/2024,09:22:26,52859.85,52866.15,15,52888.5,60,15,60255
BANKNIFTY-III.NFO,15/07/2024,09:22:27,52868.15,52870.05,15,52888.25,15,15,60255
BANKNIFTY-III.NFO,15/07/2024,09:22:29,52868.15,52871.4,15,52888.2,60,0,60255
BANKNIFTY-III.NFO,15/07/2024,09:22:31,52887.9,52867.95,15,52887.7,60,15,60255
BANKNIFTY-III.NFO,15/07/2024,09:22:32,52887.9,52870.4,15,52887.65,30,0,60255
BANKNIFTY-III.NFO,15/07/2024,09:22:34,52887.9,52877.35,15,52895.15,15,0,60255
BANKNIFTY-III.NFO,15/07/2024,09:22:36,52887.9,52878.5,15,52896.6,60,0,60255
BANKNIFTY-III.NFO,15/07/2024,09:22:37,52887.9,52887,75,52896.2,60,0,60255
BANKNIFTY-III.NFO,15/07/2024,09:22:39,52887.9,52887.05,30,52899.95,60,0,60255
BANKNIFTY-III.NFO,15/07/2024,09:22:41,52887.9,52887.05,30,52900,30,0,60255
BANKNIFTY-III.NFO,15/07/2024,09:22:42,52887.9,52887.05,30,52900,45,0,60255
BANKNIFTY-III.NFO,15/07/2024,09:22:44,52887.9,52887.05,15,52899.95,60,0,60255
BANKNIFTY-III.NFO,15/07/2024,09:22:46,52900,52900,30,52904.75,60,45,60255
BANKNIFTY-III.NFO,15/07/2024,09:22:47,52900,52900,30,52904.55,60,0,60255
BANKNIFTY-III.NFO,15/07/2024,09:22:49,52900,52900,30,52906.95,60,0,60255
BANKNIFTY-III.NFO,15/07/2024,09:22:51,52900,52900,30,52911.55,60,0,60255
BANKNIFTY-III.NFO,15/07/2024,09:22:52,52900,52900,45,52911.45,60,0,60255
BANKNIFTY-III.NFO,15/07/2024,09:22:54,52900,52904,30,52911.35,60,0,60255
BANKNIFTY-III.NFO,15/07/2024,09:22:56,52900,52884,15,52903.65,60,60,60255
BANKNIFTY-III.NFO,15/07/2024,09:22:57,52900,52881,15,52901.5,60,0,60255
BANKNIFTY-III.NFO,15/07/2024,09:22:59,52900,52881.05,15,52901.15,60,0,60255
BANKNIFTY-III.NFO,15/07/2024,09:23:01,52900,52887,15,52909.1,60,0,60255
BANKNIFTY-III.NFO,15/07/2024,09:23:02,52900,52887.35,15,52908.7,60,0,60255
BANKNIFTY-III.NFO,15/07/2024,09:23:04,52900,52889.9,15,52908.5,75,0,60255
BANKNIFTY-III.NFO,15/07/2024,09:23:06,52900,52895.15,15,52914.6,60,0,60255
BANKNIFTY-III.NFO,15/07/2024,09:23:07,52900,52896.25,15,52914.75,75,0,60255
BANKNIFTY-III.NFO,15/07/2024,09:23:09,52900,52899.15,15,52914.9,75,15,60255
BANKNIFTY-III.NFO,15/07/2024,09:23:11,52900,52900.95,15,52914.65,15,0,60255
BANKNIFTY-III.NFO,15/07/2024,09:23:12,52900,52900.95,15,52914.6,75,0,60255
BANKNIFTY-III.NFO,15/07/2024,09:23:14,52900.95,52900.9,15,52914.6,60,15,60255
BANKNIFTY-III.NFO,15/07/2024,09:23:15,52900.95,52902.4,15,52918.5,75,0,60255
BANKNIFTY-III.NFO,15/07/2024,09:23:17,52900.95,52904.25,15,52918.5,75,0,60255
BANKNIFTY-III.NFO,15/07/2024,09:23:19,52900.95,52900.9,15,52918.5,75,0,60255
BANKNIFTY-III.NFO,15/07/2024,09:23:20,52900.95,52897.35,15,52918.3,60,0,60255
BANKNIFTY-III.NFO,15/07/2024,09:23:22,52900.95,52889.85,15,52915.9,60,0,60255
BANKNIFTY-III.NFO,15/07/2024,09:23:24,52913.1,52887,15,52911.7,60,15,60255
BANKNIFTY-III.NFO,15/07/2024,09:23:25,52913.1,52887,15,52911.2,60,0,60255
BANKNIFTY-III.NFO,15/07/2024,09:23:27,52913.1,52887,15,52910.8,60,0,60255
BANKNIFTY-III.NFO,15/07/2024,09:23:29,52913.1,52887,15,52910.3,60,0,60255
BANKNIFTY-III.NFO,15/07/2024,09:23:30,52913.1,52887,15,52907.45,60,0,60255
BANKNIFTY-III.NFO,15/07/2024,09:23:32,52913.1,52893.1,15,52914.25,60,0,60255
BANKNIFTY-III.NFO,15/07/2024,09:23:34,52913.1,52896.6,15,52914.8,60,0,60255
BANKNIFTY-III.NFO,15/07/2024,09:23:35,52914.7,52898,45,52914.6,60,30,60255
BANKNIFTY-III.NFO,15/07/2024,09:23:37,52914.7,52898,45,52914.5,60,0,60255
BANKNIFTY-III.NFO,15/07/2024,09:23:39,52914.5,52898,60,52914.5,60,15,60255
BANKNIFTY-III.NFO,15/07/2024,09:23:41,52914.5,52898,60,52914.5,60,0,60255
BANKNIFTY-III.NFO,15/07/2024,09:23:54,52914.5,52898,60,52914.5,75,0,60255
BANKNIFTY-III.NFO,15/07/2024,09:23:57,52914.5,52898.75,60,52914.55,15,0,60255
BANKNIFTY-III.NFO,15/07/2024,09:23:59,52914.5,52899.25,60,52914.55,15,0,60255
BANKNIFTY-III.NFO,15/07/2024,09:24:02,52914.5,52899.85,60,52914.5,75,0,60255
BANKNIFTY-III.NFO,15/07/2024,09:24:04,52914.5,52896.6,60,52914,75,0,60255
BANKNIFTY-III.NFO,15/07/2024,09:24:05,52914.5,52895.4,60,52913.5,75,0,60255
BANKNIFTY-III.NFO,15/07/2024,09:24:07,52914.5,52889.7,15,52912.25,60,0,60255
BANKNIFTY-III.NFO,15/07/2024,09:24:09,52914.5,52886,60,52909.85,60,0,60255
BANKNIFTY-III.NFO,15/07/2024,09:24:10,52914.5,52883.6,60,52905.6,60,0,60255
BANKNIFTY-III.NFO,15/07/2024,09:24:12,52914.5,52883.6,60,52904.4,60,0,60255
BANKNIFTY-III.NFO,15/07/2024,09:24:14,52914.5,52883.6,60,52904,60,0,60255
BANKNIFTY-III.NFO,15/07/2024,09:24:14,52914.5,52882.8,60,52903.9,60,0,60255
BANKNIFTY-III.NFO,15/07/2024,09:24:16,52914.5,52882.8,60,52903.3,60,0,60255
BANKNIFTY-III.NFO,15/07/2024,09:24:17,52914.5,52883.1,60,52902.9,60,0,60255
BANKNIFTY-III.NFO,15/07/2024,09:24:19,52914.5,52882.8,60,52902.5,60,0,60255
BANKNIFTY-III.NFO,15/07/2024,09:24:21,52914.5,52880.6,60,52902,60,0,60255
BANKNIFTY-III.NFO,15/07/2024,09:24:22,52914.5,52878.2,60,52901.6,60,0,60255
BANKNIFTY-III.NFO,15/07/2024,09:24:24,52914.5,52873.15,60,52898.3,60,0,60255
BANKNIFTY-III.NFO,15/07/2024,09:24:26,52914.5,52871.15,60,52897.5,60,0,60255
BANKNIFTY-III.NFO,15/07/2024,09:24:27,52914.5,52871.15,60,52896.8,60,0,60255
BANKNIFTY-III.NFO,15/07/2024,09:24:29,52914.5,52871.15,60,52896.1,60,0,60255
BANKNIFTY-III.NFO,15/07/2024,09:24:31,52914.5,52871.15,60,52895.7,60,0,60255
BANKNIFTY-III.NFO,15/07/2024,09:24:32,52914.5,52871.15,60,52894.95,60,0,60255
BANKNIFTY-III.NFO,15/07/2024,09:24:34,52914.5,52870.45,60,52894.45,60,0,60255
BANKNIFTY-III.NFO,15/07/2024,09:24:36,52914.5,52870.45,60,52894.05,60,0,60255
BANKNIFTY-III.NFO,15/07/2024,09:24:37,52914.5,52870.45,60,52893.65,75,0,60255
BANKNIFTY-III.NFO,15/07/2024,09:24:39,52914.5,52870.45,60,52890,30,0,60255
BANKNIFTY-III.NFO,15/07/2024,09:24:41,52914.5,52872.5,60,52889.85,60,0,60255
BANKNIFTY-III.NFO,15/07/2024,09:24:42,52914.5,52871.55,60,52889.35,60,0,60255
BANKNIFTY-III.NFO,15/07/2024,09:24:44,52914.5,52871.55,60,52888.95,60,0,60255
BANKNIFTY-III.NFO,15/07/2024,09:24:46,52914.5,52871.55,60,52889.25,75,0,60255
BANKNIFTY-III.NFO,15/07/2024,09:24:47,52914.5,52871.55,60,52889.25,15,0,60255
BANKNIFTY-III.NFO,15/07/2024,09:24:49,52914.5,52870.45,60,52888.8,75,0,60255
BANKNIFTY-III.NFO,15/07/2024,09:24:51,52870.45,52867.95,45,52888.4,60,15,60195
BANKNIFTY-III.NFO,15/07/2024,09:24:52,52867.95,52867.25,30,52888,60,15,60195
BANKNIFTY-III.NFO,15/07/2024,09:24:54,52867.95,52865.65,30,52887.8,75,0,60195
BANKNIFTY-III.NFO,15/07/2024,09:24:55,52867.95,52864.55,30,52887.3,75,0,60195
BANKNIFTY-III.NFO,15/07/2024,09:24:57,52867.95,52864.55,30,52886.8,75,0,60195
BANKNIFTY-III.NFO,15/07/2024,09:24:59,52867.95,52864.55,30,52886.3,75,0,60195
BANKNIFTY-III.NFO,15/07/2024,09:25:00,52867.95,52864.55,30,52885.9,60,0,60195
BANKNIFTY-III.NFO,15/07/2024,09:25:02,52867.95,52865.35,30,52885.65,15,0,60195
BANKNIFTY-III.NFO,15/07/2024,09:25:04,52867.95,52870.35,30,52887.25,30,0,60195
BANKNIFTY-III.NFO,15/07/2024,09:25:05,52867.95,52874.35,30,52890,30,0,60195
BANKNIFTY-III.NFO,15/07/2024,09:25:07,52867.95,52874.9,30,52889.8,30,0,60195
BANKNIFTY-III.NFO,15/07/2024,09:25:09,52867.95,52874.35,30,52889.55,60,0,60195
BANKNIFTY-III.NFO,15/07/2024,09:25:10,52867.3,52866.05,120,52867,105,270,60195
BANKNIFTY-III.NFO,15/07/2024,09:25:12,52867,52867.1,15,52889.15,60,105,60195
BANKNIFTY-III.NFO,15/07/2024,09:25:14,52867,52870.55,30,52888.8,30,0,60195
BANKNIFTY-III.NFO,15/07/2024,09:25:16,52867,52870.55,15,52888.65,60,0,60195
BANKNIFTY-III.NFO,15/07/2024,09:25:17,52872.35,52872.35,15,52888.3,15,15,60195
BANKNIFTY-III.NFO,15/07/2024,09:25:19,52872.35,52872.4,15,52890,30,0,60195
BANKNIFTY-III.NFO,15/07/2024,09:25:21,52872.35,52872.35,15,52890,30,0,60195
BANKNIFTY-III.NFO,15/07/2024,09:25:22,52872.35,52874.85,45,52890,15,0,60195
BANKNIFTY-III.NFO,15/07/2024,09:25:24,52872.35,52874.9,15,52890,30,0,60195
BANKNIFTY-III.NFO,15/07/2024,09:25:27,52872.35,52874.85,15,52890,30,0,60195
BANKNIFTY-III.NFO,15/07/2024,09:25:29,52872.35,52871.3,15,52889.95,60,0,60195
BANKNIFTY-III.NFO,15/07/2024,09:25:30,52872.35,52871.35,15,52890,15,0,60195
BANKNIFTY-III.NFO,15/07/2024,09:25:32,52872.35,52876.15,15,52892,15,0,60195
BANKNIFTY-III.NFO,15/07/2024,09:25:34,52872.35,52871.3,15,52893,60,0,60195
BANKNIFTY-III.NFO,15/07/2024,09:25:35,52872.35,52871.3,15,52893.1,60,0,60195
BANKNIFTY-III.NFO,15/07/2024,09:25:37,52872.35,52873.9,150,52880,15,0,60195
BANKNIFTY-III.NFO,15/07/2024,09:25:38,52872.35,52866.15,15,52880,30,0,60195
BANKNIFTY-III.NFO,15/07/2024,09:25:40,52872.35,52873.2,165,52880,15,0,60195
BANKNIFTY-III.NFO,15/07/2024,09:25:42,52872.35,52874.55,15,52880,15,0,60195
BANKNIFTY-III.NFO,15/07/2024,09:25:44,52872.35,52877,165,52880,15,0,60195
BANKNIFTY-III.NFO,15/07/2024,09:25:45,52872.35,52876.05,150,52880,15,0,60195
BANKNIFTY-III.NFO,15/07/2024,09:25:47,52872.35,52878.1,165,52880,15,0,60195
BANKNIFTY-III.NFO,15/07/2024,09:25:49,52880,52883.35,15,52898.3,60,15,60195
BANKNIFTY-III.NFO,15/07/2024,09:25:50,52884.1,52883.9,15,52899.45,60,15,60195
BANKNIFTY-III.NFO,15/07/2024,09:25:52,52884.1,52885.05,15,52899.45,75,0,60195
BANKNIFTY-III.NFO,15/07/2024,09:25:55,52884.1,52884.3,15,52899.95,60,0,60195
BANKNIFTY-III.NFO,15/07/2024,09:25:57,52884.1,52885.3,15,52899.95,60,0,60195
BANKNIFTY-III.NFO,15/07/2024,09:25:59,52884.1,52886.25,15,52899.95,75,0,60195
BANKNIFTY-III.NFO,15/07/2024,09:26:00,52884.1,52887,15,52899.95,60,0,60195
BANKNIFTY-III.NFO,15/07/2024,09:26:02,52884.1,52894.3,150,52900,15,0,60195
BANKNIFTY-III.NFO,15/07/2024,09:26:03,52884.1,52887.85,150,52899.95,75,0,60195
BANKNIFTY-III.NFO,15/07/2024,09:26:05,52884.1,52882.9,15,52899.95,75,0,60195
BANKNIFTY-III.NFO,15/07/2024,09:26:07,52884.1,52884.65,165,52899.95,75,0,60195
BANKNIFTY-III.NFO,15/07/2024,09:26:08,52884.1,52881.6,15,52899.75,60,0,60195
BANKNIFTY-III.NFO,15/07/2024,09:26:10,52884.1,52875,15,52899.25,60,0,60195
BANKNIFTY-III.NFO,15/07/2024,09:26:12,52884.1,52872,30,52892,60,0,60195
BANKNIFTY-III.NFO,15/07/2024,09:26:13,52884.1,52872,15,52884.05,60,0,60195
BANKNIFTY-III.NFO,15/07/2024,09:26:16,52884.1,52880,30,52884.05,75,0,60195
BANKNIFTY-III.NFO,15/07/2024,09:26:23,52884.1,52880,30,52884.05,60,0,60195
BANKNIFTY-III.NFO,15/07/2024,09:26:28,52884.1,52880,30,52884.05,75,0,60195
BANKNIFTY-III.NFO,15/07/2024,09:26:30,52884.1,52880,30,52884.1,15,0,60195
BANKNIFTY-III.NFO,15/07/2024,09:26:48,52884.1,52880,30,52884.1,30,0,60195
BANKNIFTY-III.NFO,15/07/2024,09:26:49,52884.1,52880,30,52884.1,15,0,60195
BANKNIFTY-III.NFO,15/07/2024,09:26:57,52884.1,52880,30,52884.05,75,0,60195
BANKNIFTY-III.NFO,15/07/2024,09:27:01,52880,52872,30,52884,60,30,60195
BANKNIFTY-III.NFO,15/07/2024,09:27:02,52880,52872,30,52883.2,60,0,60195
BANKNIFTY-III.NFO,15/07/2024,09:27:04,52880,52872,30,52883,60,0,60195
BANKNIFTY-III.NFO,15/07/2024,09:27:06,52872,52856,30,52879.5,60,30,60195
BANKNIFTY-III.NFO,15/07/2024,09:27:07,52872,52856,30,52872.35,60,0,60195
BANKNIFTY-III.NFO,15/07/2024,09:27:11,52872,52856.05,15,52879.05,75,0,60195
BANKNIFTY-III.NFO,15/07/2024,09:27:12,52872,52856.05,15,52877.75,60,0,60195
BANKNIFTY-III.NFO,15/07/2024,09:27:14,52872,52856.05,15,52876.9,60,0,60195
BANKNIFTY-III.NFO,15/07/2024,09:27:16,52872,52860,15,52877.95,60,0,60195
BANKNIFTY-III.NFO,15/07/2024,09:27:17,52872,52866.4,15,52882.2,60,0,60195
BANKNIFTY-III.NFO,15/07/2024,09:27:19,52872,52867.55,150,52872,15,0,60195
BANKNIFTY-III.NFO,15/07/2024,09:27:21,52872,52867.55,15,52872,15,0,60195
BANKNIFTY-III.NFO,15/07/2024,09:27:22,52872,52871.5,150,52872,15,0,60195
BANKNIFTY-III.NFO,15/07/2024,09:27:24,52872,52871.6,15,52880,15,15,60195
BANKNIFTY-III.NFO,15/07/2024,09:27:25,52872,52874.5,15,52880,15,0,60195
BANKNIFTY-III.NFO,15/07/2024,09:27:27,52872,52874.7,135,52880,15,0,60195
BANKNIFTY-III.NFO,15/07/2024,09:27:29,52872,52874.85,135,52880,15,0,60195
BANKNIFTY-III.NFO,15/07/2024,09:27:30,52872,52876.05,15,52880,15,0,60195
BANKNIFTY-III.NFO,15/07/2024,09:27:32,52872,52877.1,135,52880,15,0,60195
BANKNIFTY-III.NFO,15/07/2024,09:27:34,52876.1,52877.05,30,52880,15,15,60195
BANKNIFTY-III.NFO,15/07/2024,09:27:35,52876.1,52876.85,15,52880,15,0,60195
BANKNIFTY-III.NFO,15/07/2024,09:27:37,52880,52881.7,15,52894.5,30,15,60195
BANKNIFTY-III.NFO,15/07/2024,09:27:39,52880,52881.7,15,52889,15,0,60195
BANKNIFTY-III.NFO,15/07/2024,09:27:40,52880,52878.65,105,52889,15,0,60195
BANKNIFTY-III.NFO,15/07/2024,09:27:42,52880,52886.45,105,52889,15,0,60195
BANKNIFTY-III.NFO,15/07/2024,09:27:44,52889,52887.6,75,52900,30,15,60270
BANKNIFTY-III.NFO,15/07/2024,09:27:45,52889,52891.35,75,52900,15,0,60270
BANKNIFTY-III.NFO,15/07/2024,09:27:47,52889,52893.65,75,52900,15,0,60270
BANKNIFTY-III.NFO,15/07/2024,09:27:49,52889,52890.15,90,52900,15,0,60270
BANKNIFTY-III.NFO,15/07/2024,09:27:50,52889,52886.7,15,52899.95,60,0,60270
BANKNIFTY-III.NFO,15/07/2024,09:27:52,52889,52882.35,15,52899.95,60,0,60270
BANKNIFTY-III.NFO,15/07/2024,09:27:54,52889,52887.55,15,52899.95,75,0,60270
BANKNIFTY-III.NFO,15/07/2024,09:27:56,52889,52885.9,15,52899.95,75,0,60270
BANKNIFTY-III.NFO,15/07/2024,09:27:57,52889,52886.9,90,52899.95,60,0,60270
BANKNIFTY-III.NFO,15/07/2024,09:27:59,52889,52884.95,75,52899.95,75,0,60270
BANKNIFTY-III.NFO,15/07/2024,09:28:00,52889,52888.1,90,52900,15,0,60270
BANKNIFTY-III.NFO,15/07/2024,09:28:02,52889,52887.3,90,52899.95,75,0,60270
BANKNIFTY-III.NFO,15/07/2024,09:28:04,52889,52891.8,15,52900,15,0,60270
BANKNIFTY-III.NFO,15/07/2024,09:28:05,52889,52895.65,75,52900,15,0,60270
BANKNIFTY-III.NFO,15/07/2024,09:28:07,52889,52896.45,75,52900,15,0,60270
BANKNIFTY-III.NFO,15/07/2024,09:28:09,52889,52891.4,75,52900,30,0,60270
BANKNIFTY-III.NFO,15/07/2024,09:28:10,52889,52890.9,75,52900,30,0,60270
BANKNIFTY-III.NFO,15/07/2024,09:28:12,52889,52888.3,75,52899.95,75,0,60270
BANKNIFTY-III.NFO,15/07/2024,09:28:13,52891.1,52892.3,60,52900,15,15,60270
BANKNIFTY-III.NFO,15/07/2024,09:28:15,52891.1,52892.4,60,52900,15,0,60270
BANKNIFTY-III.NFO,15/07/2024,09:28:16,52891.1,52890.35,15,52899.8,60,0,60270
BANKNIFTY-III.NFO,15/07/2024,09:28:18,52891.1,52890.95,60,52900,30,0,60270
BANKNIFTY-III.NFO,15/07/2024,09:28:20,52891.1,52887.15,60,52899.95,60,0,60270
BANKNIFTY-III.NFO,15/07/2024,09:28:21,52891.1,52886.4,60,52899.95,60,0,60270
BANKNIFTY-III.NFO,15/07/2024,09:28:23,52891.1,52885.6,15,52899.95,60,0,60270
BANKNIFTY-III.NFO,15/07/2024,09:28:25,52891.1,52884.4,75,52899.95,60,0,60270
BANKNIFTY-III.NFO,15/07/2024,09:28:26,52891.1,52890.5,60,52900,15,0,60270
BANKNIFTY-III.NFO,15/07/2024,09:28:28,52891.1,52892.05,60,52900,15,0,60270
BANKNIFTY-III.NFO,15/07/2024,09:28:30,52891.1,52894.85,60,52900,15,0,60270
BANKNIFTY-III.NFO,15/07/2024,09:28:31,52891.1,52887.15,60,52899.95,60,0,60270
BANKNIFTY-III.NFO,15/07/2024,09:28:33,52891.1,52888.6,60,52899.95,75,0,60270
BANKNIFTY-III.NFO,15/07/2024,09:28:35,52891.1,52884.75,15,52899.95,15,0,60270
BANKNIFTY-III.NFO,15/07/2024,09:28:36,52891.1,52885.8,15,52899.95,15,0,60270
BANKNIFTY-III.NFO,15/07/2024,09:28:38,52891.1,52886.6,15,52900,15,0,60270
BANKNIFTY-III.NFO,15/07/2024,09:28:40,52891.1,52887.05,30,52900,15,0,60270
BANKNIFTY-III.NFO,15/07/2024,09:28:41,52891.1,52889.3,15,52900,30,0,60270
BANKNIFTY-III.NFO,15/07/2024,09:28:45,52891.1,52889.85,15,52900,15,0,60270
BANKNIFTY-III.NFO,15/07/2024,09:28:46,52900,52902.25,60,52915.35,60,15,60270
BANKNIFTY-III.NFO,15/07/2024,09:28:48,52900,52904.75,45,52919.1,60,0,60270
BANKNIFTY-III.NFO,15/07/2024,09:28:50,52900,52905.8,15,52918.95,15,0,60270
BANKNIFTY-III.NFO,15/07/2024,09:28:51,52900,52915.2,60,52924.55,15,0,60270
BANKNIFTY-III.NFO,15/07/2024,09:28:53,52900,52913.3,60,52924.55,15,0,60270
BANKNIFTY-III.NFO,15/07/2024,09:28:55,52900,52913.7,45,52924.55,15,0,60270
BANKNIFTY-III.NFO,15/07/2024,09:28:56,52924.55,52919.6,15,52925,15,15,60270
BANKNIFTY-III.NFO,15/07/2024,09:28:58,52939,52938.9,30,52949.6,15,30,60270
BANKNIFTY-III.NFO,15/07/2024,09:29:00,52950.05,52966.75,165,52975,135,225,60270
BANKNIFTY-III.NFO,15/07/2024,09:29:01,52950.05,52960.9,15,52974.95,60,0,60270
BANKNIFTY-III.NFO,15/07/2024,09:29:03,52950.05,52962.4,45,52975,135,0,60270
BANKNIFTY-III.NFO,15/07/2024,09:29:05,52950.05,52967.25,165,52975,135,0,60270
BANKNIFTY-III.NFO,15/07/2024,09:29:06,52950.05,52962.4,15,52974.95,75,0,60270
BANKNIFTY-III.NFO,15/07/2024,09:29:08,52979.95,52983,150,52990,30,180,60270
BANKNIFTY-III.NFO,15/07/2024,09:29:10,52979.95,52976.95,150,52989.95,60,15,60270
BANKNIFTY-III.NFO,15/07/2024,09:29:11,52979.95,52974.05,15,52989.95,75,0,60270
BANKNIFTY-III.NFO,15/07/2024,09:29:13,52959.65,52976.8,15,52989.9,60,450,60270
BANKNIFTY-III.NFO,15/07/2024,09:29:15,52959.65,52966.85,15,52989.5,60,0,60270
BANKNIFTY-III.NFO,15/07/2024,09:29:16,52959.65,52959.1,90,52989.1,60,0,60270
BANKNIFTY-III.NFO,15/07/2024,09:29:18,52959.65,52960.4,90,52988.7,60,0,60270
BANKNIFTY-III.NFO,15/07/2024,09:29:20,52959.65,52963.95,90,52988.2,60,0,60270
BANKNIFTY-III.NFO,15/07/2024,09:29:21,52959.65,52963.15,90,52987.7,60,0,60270
BANKNIFTY-III.NFO,15/07/2024,09:29:23,52959.65,52964.65,90,52987.3,60,0,60270
BANKNIFTY-III.NFO,15/07/2024,09:29:25,52987.3,52965.95,15,52985.05,60,15,60270
BANKNIFTY-III.NFO,15/07/2024,09:29:25,52987.3,52965.95,15,52985.05,60,0,60270
BANKNIFTY-III.NFO,15/07/2024,09:29:26,52987.3,52968.35,15,52984.65,60,0,60270
BANKNIFTY-III.NFO,15/07/2024,09:29:28,52987.3,52966.95,15,52984.25,60,0,60270
BANKNIFTY-III.NFO,15/07/2024,09:29:30,52987.3,52969.3,15,52983.85,60,0,60270
BANKNIFTY-III.NFO,15/07/2024,09:29:31,52987.3,52968.9,15,52983.45,60,0,60270
BANKNIFTY-III.NFO,15/07/2024,09:29:33,52987.3,52967.25,15,52982.95,60,0,60270
BANKNIFTY-III.NFO,15/07/2024,09:29:35,52987.3,52960.4,15,52985.1,75,0,60270
BANKNIFTY-III.NFO,15/07/2024,09:29:36,52987.3,52980.25,15,52990,15,0,60270
BANKNIFTY-III.NFO,15/07/2024,09:29:38,52987.3,52964.95,15,52989.9,60,0,60270
BANKNIFTY-III.NFO,15/07/2024,09:29:40,52987.3,52980.05,15,52990,30,0,60270
BANKNIFTY-III.NFO,15/07/2024,09:29:41,52987.3,52986.25,15,52990,15,0,60270
BANKNIFTY-III.NFO,15/07/2024,09:29:43,52987.3,52976.8,15,52990,30,0,60270
BANKNIFTY-III.NFO,15/07/2024,09:29:45,52987.3,52979.5,15,52990,30,0,60270
BANKNIFTY-III.NFO,15/07/2024,09:29:46,52987.3,52980,15,52990,30,0,60270
BANKNIFTY-III.NFO,15/07/2024,09:29:48,52987.3,52981.35,15,52990,45,0,60270
BANKNIFTY-III.NFO,15/07/2024,09:29:50,52987.3,52963.5,15,52989.95,60,0,60270
BANKNIFTY-III.NFO,15/07/2024,09:29:51,52987.3,52969.3,15,52986.95,60,0,60270
BANKNIFTY-III.NFO,15/07/2024,09:29:53,52987.3,52974.25,15,52989.95,60,0,60270
BANKNIFTY-III.NFO,15/07/2024,09:29:55,52987.3,52976.9,15,52990,45,0,60270
BANKNIFTY-III.NFO,15/07/2024,09:29:56,52987.3,52960.3,15,52989.95,60,0,60270
BANKNIFTY-III.NFO,15/07/2024,09:29:58,52987.3,52974.35,15,52989.95,60,0,60270
BANKNIFTY-III.NFO,15/07/2024,09:30:00,52987.3,52981.6,15,52990,30,0,60270
BANKNIFTY-III.NFO,15/07/2024,09:30:01,52987.3,52986.65,15,52990,30,0,60270
BANKNIFTY-III.NFO,15/07/2024,09:30:03,52987.3,52984.7,15,52990,30,0,60270
BANKNIFTY-III.NFO,15/07/2024,09:30:05,52990,52988.9,30,52999.95,75,30,60270
BANKNIFTY-III.NFO,15/07/2024,09:30:05,52990,52988.9,30,52999.95,75,0,60270
BANKNIFTY-III.NFO,15/07/2024,09:30:06,52990,52989.9,60,52999.95,75,0,60270
BANKNIFTY-III.NFO,15/07/2024,09:30:08,52990,52990,60,52999.95,75,0,60270
BANKNIFTY-III.NFO,15/07/2024,09:30:09,52990,52988.9,30,52999.95,75,0,60270
BANKNIFTY-III.NFO,15/07/2024,09:30:11,52990,52988.9,30,52999.85,60,0,60270
BANKNIFTY-III.NFO,15/07/2024,09:30:13,52990,52988.9,30,52999.8,60,0,60270
BANKNIFTY-III.NFO,15/07/2024,09:30:15,52988.9,52975.95,60,52989.85,60,105,60270
BANKNIFTY-III.NFO,15/07/2024,09:30:17,52988.9,52966.8,60,52986.1,60,0,60270
BANKNIFTY-III.NFO,15/07/2024,09:30:18,52965.75,52963.75,45,52979.95,60,45,60270
BANKNIFTY-III.NFO,15/07/2024,09:30:20,52965.75,52962.5,45,52979.95,60,0,60270
BANKNIFTY-III.NFO,15/07/2024,09:30:21,52965.75,52970.55,45,52979.95,60,0,60270
BANKNIFTY-III.NFO,15/07/2024,09:30:23,52979.95,52960,15,52976.85,60,15,60270
BANKNIFTY-III.NFO,15/07/2024,09:30:25,52979.95,52960.85,45,52973.6,60,0,60270
BANKNIFTY-III.NFO,15/07/2024,09:30:26,52979.95,52966,60,52979.95,75,0,60270
BANKNIFTY-III.NFO,15/07/2024,09:30:28,52979.95,52969.75,45,52979.95,75,0,60270
BANKNIFTY-III.NFO,15/07/2024,09:30:29,52979.95,52963.85,45,52979.8,60,0,60270
BANKNIFTY-III.NFO,15/07/2024,09:30:31,52979.95,52962.9,45,52979.9,60,0,60270
BANKNIFTY-III.NFO,15/07/2024,09:30:33,52979.95,52963.85,60,52979.9,60,0,60270
BANKNIFTY-III.NFO,15/07/2024,09:30:34,52979.95,52963.3,15,52979.5,60,0,60270
BANKNIFTY-III.NFO,15/07/2024,09:30:36,52979.95,52963.3,15,52978.3,15,0,60270
BANKNIFTY-III.NFO,15/07/2024,09:30:37,52979.95,52960.85,45,52977.85,60,0,60270
BANKNIFTY-III.NFO,15/07/2024,09:30:39,52979.95,52960,15,52964.7,60,0,60270
BANKNIFTY-III.NFO,15/07/2024,09:30:40,52960,52947.55,60,52964.4,60,15,60705
BANKNIFTY-III.NFO,15/07/2024,09:30:42,52960,52930.05,60,52959.95,60,0,60705
BANKNIFTY-III.NFO,15/07/2024,09:30:44,52960,52938.15,15,52955.8,60,0,60705
BANKNIFTY-III.NFO,15/07/2024,09:30:45,52960,52935.8,60,52953.6,75,0,60705
BANKNIFTY-III.NFO,15/07/2024,09:30:47,52960,52939.9,60,52957.6,60,0,60705
BANKNIFTY-III.NFO,15/07/2024,09:30:48,52960,52944.1,60,52959.95,60,0,60705
BANKNIFTY-III.NFO,15/07/2024,09:30:50,52960,52952.4,60,52960,15,0,60705
BANKNIFTY-III.NFO,15/07/2024,09:30:52,52960,52950.75,45,52959.95,75,0,60705
BANKNIFTY-III.NFO,15/07/2024,09:30:53,52960,52940.85,60,52959.95,60,0,60705
BANKNIFTY-III.NFO,15/07/2024,09:30:55,52960,52955.75,45,52960,15,0,60705
BANKNIFTY-III.NFO,15/07/2024,09:30:56,52960,52953.8,45,52967.95,60,15,60705
BANKNIFTY-III.NFO,15/07/2024,09:30:58,52960,52948.25,45,52966.2,60,0,60705
BANKNIFTY-III.NFO,15/07/2024,09:31:00,52960,52948.35,60,52966.1,60,0,60705
BANKNIFTY-III.NFO,15/07/2024,09:31:01,52960,52948.35,60,52963.5,60,0,60705
BANKNIFTY-III.NFO,15/07/2024,09:31:03,52960,52944.45,60,52961.6,60,0,60705
BANKNIFTY-III.NFO,15/07/2024,09:31:04,52960,52946.25,60,52961.6,60,0,60705
BANKNIFTY-III.NFO,15/07/2024,09:31:06,52960,52934.55,60,52959.5,60,0,60705
BANKNIFTY-III.NFO,15/07/2024,09:31:08,52960,52947.5,45,52959.6,60,0,60705
BANKNIFTY-III.NFO,15/07/2024,09:31:09,52960,52957.5,45,52967.95,60,0,60705
BANKNIFTY-III.NFO,15/07/2024,09:31:11,52960,52960.75,45,52971.9,60,0,60705
BANKNIFTY-III.NFO,15/07/2024,09:31:12,52960,52958.55,45,52960.8,15,0,60705
BANKNIFTY-III.NFO,15/07/2024,09:31:14,52960,52950.75,60,52960.8,30,0,60705
BANKNIFTY-III.NFO,15/07/2024,09:31:15,52960,52958.2,45,52960.8,15,0,60705
BANKNIFTY-III.NFO,15/07/2024,09:31:17,52960,52958.5,60,52960.8,15,0,60705
BANKNIFTY-III.NFO,15/07/2024,09:31:19,52960.8,52969,45,52978.05,60,15,60705
BANKNIFTY-III.NFO,15/07/2024,09:31:20,52960.8,52955.95,60,52979.85,60,0,60705
BANKNIFTY-III.NFO,15/07/2024,09:31:22,52960.8,52956.65,60,52979.55,60,0,60705
BANKNIFTY-III.NFO,15/07/2024,09:31:24,52960.8,52965.15,45,52979.15,60,0,60705
BANKNIFTY-III.NFO,15/07/2024,09:31:25,52960.8,52971.3,45,52981.4,60,0,60705
BANKNIFTY-III.NFO,15/07/2024,09:31:27,52960.8,52967.9,45,52981.4,60,0,60705
BANKNIFTY-III.NFO,15/07/2024,09:31:29,52960.8,52961.5,45,52978.35,60,0,60705
BANKNIFTY-III.NFO,15/07/2024,09:31:30,52960.8,52955.55,45,52973.55,60,0,60705
BANKNIFTY-III.NFO,15/07/2024,09:31:32,52960.8,52966.7,45,52975.4,60,0,60705
BANKNIFTY-III.NFO,15/07/2024,09:31:34,52960.8,52965.75,45,52975.4,60,0,60705
BANKNIFTY-III.NFO,15/07/2024,09:31:35,52960.8,52963.95,45,52975.4,60,0,60705
BANKNIFTY-III.NFO,15/07/2024,09:31:37,52960.8,52965.3,45,52975.85,60,0,60705
BANKNIFTY-III.NFO,15/07/2024,09:31:39,52960.8,52967.45,45,52975.85,60,0,60705
BANKNIFTY-III.NFO,15/07/2024,09:31:40,52960.8,52967.25,45,52978.35,60,0,60705
BANKNIFTY-III.NFO,15/07/2024,09:31:42,52960.8,52959.1,45,52976.3,60,0,60705
BANKNIFTY-III.NFO,15/07/2024,09:31:44,52960.8,52965.75,45,52975.9,60,0,60705
BANKNIFTY-III.NFO,15/07/2024,09:31:45,52960.8,52963.75,45,52975.5,60,0,60705
BANKNIFTY-III.NFO,15/07/2024,09:31:47,52967.65,52967.75,45,52979.95,75,15,60705
BANKNIFTY-III.NFO,15/07/2024,09:31:49,52967.65,52967.4,45,52979.95,75,0,60705
BANKNIFTY-III.NFO,15/07/2024,09:31:50,52967.65,52972.95,45,52980,15,0,60705
BANKNIFTY-III.NFO,15/07/2024,09:31:52,52973.7,52973.75,30,52979.95,60,30,60705
BANKNIFTY-III.NFO,15/07/2024,09:31:54,52973.7,52970.45,30,52979.95,75,0,60705
BANKNIFTY-III.NFO,15/07/2024,09:31:55,52973.7,52975.75,30,52980,15,0,60705
BANKNIFTY-III.NFO,15/07/2024,09:31:57,52989.95,52981.9,30,52989.95,60,30,60705
BANKNIFTY-III.NFO,15/07/2024,09:31:59,52989.95,52985.25,30,52990,15,0,60705
BANKNIFTY-III.NFO,15/07/2024,09:32:00,52989.95,52985.55,30,52989.95,30,15,60705
BANKNIFTY-III.NFO,15/07/2024,09:32:02,52989.95,52978.85,30,52989.95,45,0,60705
BANKNIFTY-III.NFO,15/07/2024,09:32:04,52989.95,52976.95,30,52989.95,45,0,60705
BANKNIFTY-III.NFO,15/07/2024,09:32:05,52989.95,52970,15,52987.8,30,0,60705
BANKNIFTY-III.NFO,15/07/2024,09:32:07,52982.6,52970,15,52982.6,15,15,60705
BANKNIFTY-III.NFO,15/07/2024,09:32:09,52982.6,52970,15,52981.1,15,0,60705
BANKNIFTY-III.NFO,15/07/2024,09:32:10,52982.6,52970,15,52979.3,15,0,60705
BANKNIFTY-III.NFO,15/07/2024,09:32:12,52975,52960.05,30,52976.6,45,15,60705
BANKNIFTY-III.NFO,15/07/2024,09:32:14,52975,52962.75,30,52976.55,15,0,60705
BANKNIFTY-III.NFO,15/07/2024,09:32:15,52975,52967.45,30,52976.55,15,0,60705
BANKNIFTY-III.NFO,15/07/2024,09:32:17,52975,52965.5,15,52979.3,15,0,60705
BANKNIFTY-III.NFO,15/07/2024,09:32:19,52975,52951.6,60,52979.3,15,0,60705
BANKNIFTY-III.NFO,15/07/2024,09:32:20,52975,52967.55,30,52981.1,15,0,60705
BANKNIFTY-III.NFO,15/07/2024,09:32:22,52975,52954.3,60,52980.3,15,0,60705
BANKNIFTY-III.NFO,15/07/2024,09:32:24,52975,52951.6,60,52979,15,0,60705
BANKNIFTY-III.NFO,15/07/2024,09:32:25,52975,52962.95,30,52979,15,0,60705
BANKNIFTY-III.NFO,15/07/2024,09:32:27,52975,52958.9,60,52975.65,15,0,60705
BANKNIFTY-III.NFO,15/07/2024,09:32:29,52975,52968.7,30,52978.25,15,0,60705
BANKNIFTY-III.NFO,15/07/2024,09:32:30,52975,52963.4,30,52979.2,15,0,60705
BANKNIFTY-III.NFO,15/07/2024,09:32:32,52975,52962.3,30,52977.75,15,0,60705
BANKNIFTY-III.NFO,15/07/2024,09:32:34,52975,52961.65,30,52977.45,15,0,60705
BANKNIFTY-III.NFO,15/07/2024,09:32:35,52961.3,52962.7,15,52974.9,15,15,60705
BANKNIFTY-III.NFO,15/07/2024,09:32:37,52961.3,52961.9,15,52974.45,15,0,60705
BANKNIFTY-III.NFO,15/07/2024,09:32:39,52961.3,52953.9,15,52973.55,15,0,60705
BANKNIFTY-III.NFO,15/07/2024,09:32:40,52961.3,52946.05,15,52967.55,15,0,60705
BANKNIFTY-III.NFO,15/07/2024,09:32:42,52961.3,52951.55,15,52967.55,15,0,60705
BANKNIFTY-III.NFO,15/07/2024,09:32:44,52961.3,52961.1,15,52973.35,15,0,60705
BANKNIFTY-III.NFO,15/07/2024,09:32:45,52961.3,52953.3,15,52972.4,15,0,60705
BANKNIFTY-III.NFO,15/07/2024,09:32:47,52961.3,52956.95,15,52972.4,15,0,60705
BANKNIFTY-III.NFO,15/07/2024,09:32:49,52961.3,52960.35,15,52961.1,15,0,60705
BANKNIFTY-III.NFO,15/07/2024,09:32:50,52961.1,52945.65,60,52967.05,15,30,60705
BANKNIFTY-III.NFO,15/07/2024,09:32:52,52961.1,52945.85,60,52967.05,15,0,60705
BANKNIFTY-III.NFO,15/07/2024,09:32:54,52961.1,52946.8,60,52967.55,15,0,60705
BANKNIFTY-III.NFO,15/07/2024,09:32:55,52961.1,52948.45,60,52967.5,15,0,60705
BANKNIFTY-III.NFO,15/07/2024,09:32:57,52961.1,52949.65,60,52967.5,15,0,60705
BANKNIFTY-III.NFO,15/07/2024,09:32:59,52961.1,52948.25,60,52967.5,15,0,60705
BANKNIFTY-III.NFO,15/07/2024,09:33:00,52961.1,52951.7,60,52969,15,0,60705
BANKNIFTY-III.NFO,15/07/2024,09:33:02,52961.1,52956.05,60,52973.45,15,0,60705
BANKNIFTY-III.NFO,15/07/2024,09:33:04,52961.1,52951,60,52974.9,30,0,60705
BANKNIFTY-III.NFO,15/07/2024,09:33:05,52961.1,52953.45,60,52974.9,30,0,60705
BANKNIFTY-III.NFO,15/07/2024,09:33:07,52961.1,52953.8,60,52974.9,30,0,60705
BANKNIFTY-III.NFO,15/07/2024,09:33:09,52961.1,52957.7,60,52974.9,30,0,60705
BANKNIFTY-III.NFO,15/07/2024,09:33:10,52961.1,52956.8,60,52974.9,30,0,60705
BANKNIFTY-III.NFO,15/07/2024,09:33:12,52961.1,52961.15,60,52974.9,30,0,60705
BANKNIFTY-III.NFO,15/07/2024,09:34:05,52953.85,52937.8,60,52961.1,30,60,60765
BANKNIFTY-III.NFO,15/07/2024,09:34:15,52958,52929.95,60,52960.4,15,15,60765
BANKNIFTY-III.NFO,15/07/2024,09:34:17,52958,52929.95,60,52952.95,15,0,60765
BANKNIFTY-III.NFO,15/07/2024,09:34:24,52958,52916.2,60,52937.9,15,0,60765
BANKNIFTY-III.NFO,15/07/2024,09:34:25,52958,52915,15,52925.25,15,0,60765
BANKNIFTY-III.NFO,15/07/2024,09:34:29,52915,52900,15,52915.65,15,15,60765
BANKNIFTY-III.NFO,15/07/2024,09:34:30,52915,52900.05,60,52915.65,15,0,60765
BANKNIFTY-III.NFO,15/07/2024,09:34:32,52915,52900.15,60,52915.65,15,0,60765
BANKNIFTY-III.NFO,15/07/2024,09:34:34,52915,52900.25,60,52924.5,15,0,60765
BANKNIFTY-III.NFO,15/07/2024,09:34:35,52915,52900.45,60,52921.85,15,0,60765
BANKNIFTY-III.NFO,15/07/2024,09:34:37,52915,52900.05,60,52916.95,15,0,60765
BANKNIFTY-III.NFO,15/07/2024,09:34:39,52915,52900,15,52916.95,15,0,60765
BANKNIFTY-III.NFO,15/07/2024,09:34:40,52915,52900,15,52910.2,15,0,60765
BANKNIFTY-III.NFO,15/07/2024,09:34:44,52900,52877.5,60,52910.2,15,15,60765
BANKNIFTY-III.NFO,15/07/2024,09:34:45,52900,52882.4,60,52910.2,15,0,60765
BANKNIFTY-III.NFO,15/07/2024,09:34:49,52900,52883.65,60,52910.2,15,0,60765
BANKNIFTY-III.NFO,15/07/2024,09:34:50,52883.85,52885.45,60,52910.2,30,15,60765
BANKNIFTY-III.NFO,15/07/2024,09:34:52,52883.85,52889.4,60,52910.2,30,0,60765
BANKNIFTY-III.NFO,15/07/2024,09:34:54,52883.85,52887.95,60,52910.2,30,0,60765
BANKNIFTY-III.NFO,15/07/2024,09:34:55,52891.6,52894.95,60,52913.05,45,15,60765
BANKNIFTY-III.NFO,15/07/2024,09:34:57,52891.6,52888.05,60,52913.05,45,0,60765
BANKNIFTY-III.NFO,15/07/2024,09:34:59,52891.6,52888.65,60,52913.05,45,0,60765
BANKNIFTY-III.NFO,15/07/2024,09:35:00,52891.6,52889.25,60,52916.95,45,0,60765
BANKNIFTY-III.NFO,15/07/2024,09:35:02,52891.6,52888.55,60,52916.95,45,0,60765
BANKNIFTY-III.NFO,15/07/2024,09:35:04,52891.6,52885.45,60,52916.6,45,0,60765
BANKNIFTY-III.NFO,15/07/2024,09:35:05,52889.35,52887.45,60,52915.8,45,15,60765
BANKNIFTY-III.NFO,15/07/2024,09:35:07,52889.35,52881.8,60,52915.6,45,0,60765
BANKNIFTY-III.NFO,15/07/2024,09:35:09,52889.35,52885.6,60,52916.95,45,0,60765
BANKNIFTY-III.NFO,15/07/2024,09:35:10,52889.35,52886.1,60,52916.95,45,0,60765
BANKNIFTY-III.NFO,15/07/2024,09:35:12,52889.35,52876.2,60,52908.1,45,0,60765
BANKNIFTY-III.NFO,15/07/2024,09:35:14,52889.35,52883.1,60,52908.1,45,0,60765
BANKNIFTY-III.NFO,15/07/2024,09:35:15,52895,52885.8,60,52916.95,60,30,60765
BANKNIFTY-III.NFO,15/07/2024,09:35:17,52895,52893.25,60,52916.95,60,0,60765
BANKNIFTY-III.NFO,15/07/2024,09:35:18,52895,52893.95,60,52916.95,60,0,60765
BANKNIFTY-III.NFO,15/07/2024,09:35:20,52895,52896.3,60,52916.95,60,0,60765
BANKNIFTY-III.NFO,15/07/2024,09:35:22,52895,52897.85,60,52917.9,60,0,60765
BANKNIFTY-III.NFO,15/07/2024,09:35:23,52895,52895.4,60,52917.9,60,0,60765
BANKNIFTY-III.NFO,15/07/2024,09:35:25,52895,52895.7,60,52917.9,60,0,60765
BANKNIFTY-III.NFO,15/07/2024,09:35:27,52895,52898.9,60,52917.85,60,0,60765
BANKNIFTY-III.NFO,15/07/2024,09:35:28,52895,52898.9,60,52918.8,60,0,60765
BANKNIFTY-III.NFO,15/07/2024,09:35:30,52895,52900.15,60,52918.8,60,0,60765
BANKNIFTY-III.NFO,15/07/2024,09:35:32,52895,52903.6,60,52921.85,60,0,60765
BANKNIFTY-III.NFO,15/07/2024,09:35:33,52895,52907.85,60,52923.95,60,0,60765
BANKNIFTY-III.NFO,15/07/2024,09:35:35,52895,52909.3,60,52925.8,60,0,60765
BANKNIFTY-III.NFO,15/07/2024,09:35:37,52895,52905.3,60,52925.8,60,0,60765
BANKNIFTY-III.NFO,15/07/2024,09:35:38,52895,52906.65,60,52925.8,60,0,60765
BANKNIFTY-III.NFO,15/07/2024,09:35:40,52895,52904.05,60,52925.8,60,0,60765
BANKNIFTY-III.NFO,15/07/2024,09:35:42,52895,52904.45,60,52925.8,60,0,60765
BANKNIFTY-III.NFO,15/07/2024,09:35:43,52895,52904.75,60,52925.8,60,0,60765
BANKNIFTY-III.NFO,15/07/2024,09:35:45,52895,52896.7,60,52925.8,60,0,60765
BANKNIFTY-III.NFO,15/07/2024,09:35:47,52925.8,52895,15,52918.9,45,15,60765
BANKNIFTY-III.NFO,15/07/2024,09:35:48,52925.8,52895.05,60,52918.9,45,0,60765
BANKNIFTY-III.NFO,15/07/2024,09:35:50,52925.8,52895,15,52917.95,45,0,60765
BANKNIFTY-III.NFO,15/07/2024,09:35:52,52925.8,52895.05,60,52917.95,45,0,60765
BANKNIFTY-III.NFO,15/07/2024,09:35:55,52925.8,52896.45,60,52917.95,45,0,60765
BANKNIFTY-III.NFO,15/07/2024,09:35:57,52925.8,52895.25,60,52917.95,45,0,60765
BANKNIFTY-III.NFO,15/07/2024,09:35:58,52925.8,52898.75,60,52917.95,45,0,60765
BANKNIFTY-III.NFO,15/07/2024,09:36:00,52925.8,52898.95,60,52917.95,45,0,60765
BANKNIFTY-III.NFO,15/07/2024,09:36:02,52925.8,52899.8,60,52917.95,45,0,60765
BANKNIFTY-III.NFO,15/07/2024,09:36:03,52925.8,52899.65,60,52918.9,45,0,60765
BANKNIFTY-III.NFO,15/07/2024,09:36:05,52925.8,52895.15,60,52918.9,45,0,60765
BANKNIFTY-III.NFO,15/07/2024,09:36:08,52925.8,52895.25,60,52918.9,45,0,60765
BANKNIFTY-III.NFO,15/07/2024,09:36:11,52925.8,52895.8,60,52918.9,45,0,60765
BANKNIFTY-III.NFO,15/07/2024,09:36:13,52925.8,52895.05,60,52918.9,45,0,60765
BANKNIFTY-III.NFO,15/07/2024,09:36:18,52925.8,52895,15,52915.15,45,0,60765
BANKNIFTY-III.NFO,15/07/2024,09:36:21,52895,52875.25,60,52902,45,15,60765
BANKNIFTY-III.NFO,15/07/2024,09:36:23,52875,52856.2,15,52877.55,45,45,60765
BANKNIFTY-III.NFO,15/07/2024,09:36:25,52875,52859.9,60,52880.45,45,0,60765
BANKNIFTY-III.NFO,15/07/2024,09:36:26,52875,52861.75,60,52891.85,45,0,60765
BANKNIFTY-III.NFO,15/07/2024,09:36:28,52875,52862.05,60,52891.85,45,0,60765
BANKNIFTY-III.NFO,15/07/2024,09:36:30,52875,52858.25,60,52891.85,45,0,60765
BANKNIFTY-III.NFO,15/07/2024,09:36:31,52875,52858.75,60,52891.3,45,0,60765
BANKNIFTY-III.NFO,15/07/2024,09:36:33,52875,52858.35,60,52890.45,45,0,60765
BANKNIFTY-III.NFO,15/07/2024,09:36:35,52875,52858.25,60,52880,45,0,60765
BANKNIFTY-III.NFO,15/07/2024,09:36:36,52880,52858.25,60,52880,30,15,60765
BANKNIFTY-III.NFO,15/07/2024,09:36:38,52880,52859.7,60,52880,30,0,60765
BANKNIFTY-III.NFO,15/07/2024,09:36:40,52880,52867.05,60,52881.75,30,0,60765
BANKNIFTY-III.NFO,15/07/2024,09:36:43,52880,52867.15,60,52891.85,30,0,60765
BANKNIFTY-III.NFO,15/07/2024,09:36:45,52880,52867.25,60,52891.85,30,0,60765
BANKNIFTY-III.NFO,15/07/2024,09:36:48,52880,52867.45,60,52891.85,30,0,60765
BANKNIFTY-III.NFO,15/07/2024,09:36:50,52880,52868.95,60,52891.85,30,0,60765
BANKNIFTY-III.NFO,15/07/2024,09:36:51,52880,52868.8,60,52891.85,30,0,60765
BANKNIFTY-III.NFO,15/07/2024,09:36:53,52880,52867.95,60,52891.85,30,0,60765
BANKNIFTY-III.NFO,15/07/2024,09:36:55,52880,52869.55,60,52891.85,30,0,60765
BANKNIFTY-III.NFO,15/07/2024,09:36:56,52880,52870.05,60,52891.85,30,0,60765
BANKNIFTY-III.NFO,15/07/2024,09:36:58,52880,52870.25,60,52891.85,30,0,60765
BANKNIFTY-III.NFO,15/07/2024,09:37:00,52880,52873.25,60,52902.2,30,0,60765
BANKNIFTY-III.NFO,15/07/2024,09:37:01,52880,52874.6,60,52902.2,30,0,60765
BANKNIFTY-III.NFO,15/07/2024,09:37:03,52880,52874.8,60,52899.7,30,0,60765
BANKNIFTY-III.NFO,15/07/2024,09:37:05,52880,52875,60,52899.7,30,0,60765
BANKNIFTY-III.NFO,15/07/2024,09:37:06,52880,52880.7,60,52903.5,30,0,60765
BANKNIFTY-III.NFO,15/07/2024,09:37:08,52880,52881.2,60,52909.95,30,0,60765
BANKNIFTY-III.NFO,15/07/2024,09:37:10,52880,52881.5,60,52909.95,30,0,60765
BANKNIFTY-III.NFO,15/07/2024,09:37:11,52880,52883,60,52909.95,30,0,60765
BANKNIFTY-III.NFO,15/07/2024,09:37:13,52880,52885.65,60,52909.95,30,0,60765
BANKNIFTY-III.NFO,15/07/2024,09:37:15,52880,52891.05,60,52911.8,30,0,60765
BANKNIFTY-III.NFO,15/07/2024,09:37:17,52880,52890.95,60,52911.8,30,0,60765
BANKNIFTY-III.NFO,15/07/2024,09:37:18,52880,52891.65,60,52911.75,30,0,60765
BANKNIFTY-III.NFO,15/07/2024,09:37:20,52880,52890.45,60,52911.75,30,0,60765
BANKNIFTY-III.NFO,15/07/2024,09:37:22,52880,52894.4,60,52913.8,15,0,60765
BANKNIFTY-III.NFO,15/07/2024,09:37:23,52880,52890.55,60,52913.75,30,0,60765
BANKNIFTY-III.NFO,15/07/2024,09:37:25,52880,52890.45,60,52913.75,30,0,60765
BANKNIFTY-III.NFO,15/07/2024,09:37:27,52880,52882.65,60,52910.55,30,0,60765
BANKNIFTY-III.NFO,15/07/2024,09:37:28,52880,52890,15,52906.85,30,0,60765
BANKNIFTY-III.NFO,15/07/2024,09:37:30,52880,52890,15,52901.4,30,0,60765
BANKNIFTY-III.NFO,15/07/2024,09:37:32,52880,52890,15,52898.85,30,0,60765
BANKNIFTY-III.NFO,15/07/2024,09:37:37,52890,52868.65,60,52898.85,30,15,60780
BANKNIFTY-III.NFO,15/07/2024,09:37:38,52890,52867.7,60,52896.4,30,0,60780
BANKNIFTY-III.NFO,15/07/2024,09:37:40,52890,52867.8,60,52896.25,30,0,60780
BANKNIFTY-III.NFO,15/07/2024,09:37:42,52890,52868,60,52897.75,30,0,60780
BANKNIFTY-III.NFO,15/07/2024,09:37:43,52890,52868.1,60,52898.85,30,0,60780
BANKNIFTY-III.NFO,15/07/2024,09:37:45,52890,52868.4,60,52898.85,30,0,60780
BANKNIFTY-III.NFO,15/07/2024,09:37:46,52890,52868.6,60,52898.85,30,0,60780
BANKNIFTY-III.NFO,15/07/2024,09:37:48,52890,52869.55,60,52898.85,30,0,60780
BANKNIFTY-III.NFO,15/07/2024,09:37:50,52890,52872.55,60,52898.85,30,0,60780
BANKNIFTY-III.NFO,15/07/2024,09:37:51,52890,52876.95,60,52898.85,30,0,60780
BANKNIFTY-III.NFO,15/07/2024,09:37:53,52890,52880.8,60,52900.15,30,0,60780
BANKNIFTY-III.NFO,15/07/2024,09:37:56,52890,52878.85,60,52900.15,30,0,60780
BANKNIFTY-III.NFO,15/07/2024,09:37:58,52890,52877.45,60,52900.15,30,0,60780
BANKNIFTY-III.NFO,15/07/2024,09:38:01,52890,52873.4,60,52898,30,0,60780
BANKNIFTY-III.NFO,15/07/2024,09:38:03,52890,52872.6,75,52893.85,30,0,60780
BANKNIFTY-III.NFO,15/07/2024,09:38:05,52890,52872.6,60,52892.15,30,0,60780
BANKNIFTY-III.NFO,15/07/2024,09:38:06,52890,52872.6,75,52892.15,30,0,60780
BANKNIFTY-III.NFO,15/07/2024,09:38:08,52890,52872.55,15,52890.75,30,0,60780
BANKNIFTY-III.NFO,15/07/2024,09:38:10,52890,52872.7,75,52890.75,30,0,60780
BANKNIFTY-III.NFO,15/07/2024,09:38:13,52890,52871.25,75,52890.75,30,0,60780
BANKNIFTY-III.NFO,15/07/2024,09:38:18,52890,52871.45,60,52890.75,30,0,60780
BANKNIFTY-III.NFO,15/07/2024,09:38:19,52890,52871.3,60,52890.75,30,0,60780
BANKNIFTY-III.NFO,15/07/2024,09:38:21,52890,52871.5,60,52890.8,15,0,60780
BANKNIFTY-III.NFO,15/07/2024,09:38:23,52890,52876.4,60,52893.9,15,0,60780
BANKNIFTY-III.NFO,15/07/2024,09:38:24,52890,52876.4,60,52893.85,30,0,60780
BANKNIFTY-III.NFO,15/07/2024,09:38:26,52890,52876.5,60,52893.85,30,0,60780
BANKNIFTY-III.NFO,15/07/2024,09:38:28,52890,52876.4,60,52893.85,30,0,60780
BANKNIFTY-III.NFO,15/07/2024,09:38:31,52890,52871.3,60,52893.85,30,0,60780
BANKNIFTY-III.NFO,15/07/2024,09:38:33,52890,52871,15,52886.4,30,0,60780
BANKNIFTY-III.NFO,15/07/2024,09:38:34,52890,52871.05,60,52886.4,30,0,60780
BANKNIFTY-III.NFO,15/07/2024,09:38:38,52890,52871.05,75,52886.4,30,0,60780
BANKNIFTY-III.NFO,15/07/2024,09:38:39,52890,52871.05,60,52886.4,30,0,60780
BANKNIFTY-III.NFO,15/07/2024,09:38:43,52890,52871.05,75,52886.4,30,0,60780
BANKNIFTY-III.NFO,15/07/2024,09:38:44,52890,52871.4,60,52888.5,30,0,60780
BANKNIFTY-III.NFO,15/07/2024,09:38:46,52890,52871.6,60,52888.5,30,0,60780
BANKNIFTY-III.NFO,15/07/2024,09:38:47,52890,52871.7,60,52888.5,30,0,60780
BANKNIFTY-III.NFO,15/07/2024,09:38:49,52890,52871.25,75,52888.5,30,0,60780
BANKNIFTY-III.NFO,15/07/2024,09:38:51,52871.25,52871.05,75,52888.5,30,15,60780
BANKNIFTY-III.NFO,15/07/2024,09:38:52,52871.25,52871,15,52886.75,30,0,60780
BANKNIFTY-III.NFO,15/07/2024,09:38:54,52871,52860,45,52867.5,30,15,60780
BANKNIFTY-III.NFO,15/07/2024,09:38:56,52871,52860.05,75,52874.75,15,0,60780
BANKNIFTY-III.NFO,15/07/2024,09:38:57,52871,52860.05,60,52874.7,30,0,60780
BANKNIFTY-III.NFO,15/07/2024,09:39:01,52871,52860.05,60,52873.2,15,0,60780
BANKNIFTY-III.NFO,15/07/2024,09:39:02,52871,52860.05,60,52873.15,30,0,60780
BANKNIFTY-III.NFO,15/07/2024,09:39:06,52860.05,52860,45,52872.3,45,15,60780
BANKNIFTY-III.NFO,15/07/2024,09:39:07,52860.05,52860.05,60,52872.35,15,0,60780
BANKNIFTY-III.NFO,15/07/2024,09:39:09,52860.05,52860.05,60,52872.3,45,0,60780
BANKNIFTY-III.NFO,15/07/2024,09:39:11,52860.05,52860,45,52872.3,45,0,60780
BANKNIFTY-III.NFO,15/07/2024,09:39:12,52860,52855.5,15,52863.45,45,45,60780
BANKNIFTY-III.NFO,15/07/2024,09:39:14,52855.5,52850.05,60,52858.7,15,15,60780
BANKNIFTY-III.NFO,15/07/2024,09:39:16,52855.5,52850.05,60,52858.7,15,0,60780
BANKNIFTY-III.NFO,15/07/2024,09:39:21,52855.5,52850.05,60,52855.5,30,0,60780
BANKNIFTY-III.NFO,15/07/2024,09:39:22,52855.5,52850.25,60,52855.5,15,0,60780
BANKNIFTY-III.NFO,15/07/2024,09:39:24,52850,52834.15,60,52844.95,45,270,60780
BANKNIFTY-III.NFO,15/07/2024,09:39:26,52851.35,52834.45,60,52855.5,30,15,60780
BANKNIFTY-III.NFO,15/07/2024,09:39:27,52851.35,52834.85,60,52855.5,30,0,60780
BANKNIFTY-III.NFO,15/07/2024,09:39:29,52851.35,52835.45,60,52855.5,30,0,60780
BANKNIFTY-III.NFO,15/07/2024,09:39:31,52851.35,52836.5,60,52855.5,15,0,60780
BANKNIFTY-III.NFO,15/07/2024,09:39:32,52855.5,52847.1,60,52856,180,15,60780
BANKNIFTY-III.NFO,15/07/2024,09:39:34,52856,52846.95,75,52856,165,15,60780
BANKNIFTY-III.NFO,15/07/2024,09:39:36,52847.15,52847.35,60,52856,165,15,60780
BANKNIFTY-III.NFO,15/07/2024,09:39:36,52847.15,52847.35,60,52856,165,0,60780
BANKNIFTY-III.NFO,15/07/2024,09:39:37,52856,52847.65,60,52856,135,30,60780
BANKNIFTY-III.NFO,15/07/2024,09:39:39,52856,52847.95,60,52856,135,0,60780
BANKNIFTY-III.NFO,15/07/2024,09:39:41,52856,52848.15,75,52856,135,0,60780
BANKNIFTY-III.NFO,15/07/2024,09:39:42,52856,52848.35,60,52856,135,0,60780
BANKNIFTY-III.NFO,15/07/2024,09:39:44,52856,52836.7,60,52855.9,45,0,60780
BANKNIFTY-III.NFO,15/07/2024,09:39:46,52856,52837,60,52855.9,45,0,60780
BANKNIFTY-III.NFO,15/07/2024,09:39:49,52856,52837,60,52847.15,15,0,60780
BANKNIFTY-III.NFO,15/07/2024,09:39:51,52856,52835.05,75,52847.1,60,0,60780
BANKNIFTY-III.NFO,15/07/2024,09:39:52,52856,52835.45,60,52847.15,15,0,60780
BANKNIFTY-III.NFO,15/07/2024,09:39:54,52856,52835.85,60,52847.15,15,0,60780
BANKNIFTY-III.NFO,15/07/2024,09:39:56,52856,52837.3,60,52847.15,15,0,60780
BANKNIFTY-III.NFO,15/07/2024,09:39:57,52856,52839.7,60,52847.15,15,0,60780
BANKNIFTY-III.NFO,15/07/2024,09:39:59,52847.15,52840.3,60,52855.95,45,15,60705
BANKNIFTY-III.NFO,15/07/2024,09:40:01,52847.15,52840.35,75,52855.95,60,0,60705
BANKNIFTY-III.NFO,15/07/2024,09:40:02,52847.15,52833.5,75,52855.95,60,0,60705
BANKNIFTY-III.NFO,15/07/2024,09:40:04,52847.15,52833.5,90,52850.45,45,0,60705
BANKNIFTY-III.NFO,15/07/2024,09:40:06,52847.15,52833.5,75,52847.35,45,0,60705
BANKNIFTY-III.NFO,15/07/2024,09:40:07,52847.15,52830,15,52842,45,0,60705
BANKNIFTY-III.NFO,15/07/2024,09:40:09,52830,52805.55,90,52820.8,60,15,60705
BANKNIFTY-III.NFO,15/07/2024,09:40:09,52830,52805.55,90,52820.8,60,0,60705
BANKNIFTY-III.NFO,15/07/2024,09:40:11,52830,52801,75,52812.2,45,0,60705
BANKNIFTY-III.NFO,15/07/2024,09:40:12,52830,52801,90,52814.85,45,0,60705
BANKNIFTY-III.NFO,15/07/2024,09:40:15,52830,52800.95,15,52812.8,45,0,60705
BANKNIFTY-III.NFO,15/07/2024,09:40:17,52830,52800.95,15,52810.6,45,0,60705
BANKNIFTY-III.NFO,15/07/2024,09:40:18,52800,52800,30,52807.35,45,150,60705
BANKNIFTY-III.NFO,15/07/2024,09:40:18,52800,52800,30,52807.35,45,0,60705
BANKNIFTY-III.NFO,15/07/2024,09:40:20,52800,52800,15,52809.9,45,15,60705
BANKNIFTY-III.NFO,15/07/2024,09:40:22,52800,52800,30,52820.25,45,0,60705
BANKNIFTY-III.NFO,15/07/2024,09:40:23,52800,52800,60,52820.25,45,0,60705
BANKNIFTY-III.NFO,15/07/2024,09:40:28,52800,52800,60,52819.7,45,0,60705
BANKNIFTY-III.NFO,15/07/2024,09:40:32,52822.65,52800.05,60,52822.65,30,45,60705
BANKNIFTY-III.NFO,15/07/2024,09:40:33,52822.65,52800.05,60,52822.65,30,0,60705
BANKNIFTY-III.NFO,15/07/2024,09:40:37,52822.65,52804.2,60,52826.35,30,0,60705
BANKNIFTY-III.NFO,15/07/2024,09:40:38,52826.35,52804.15,15,52826.35,15,15,60705
BANKNIFTY-III.NFO,15/07/2024,09:40:40,52826.35,52806.95,60,52827.4,15,0,60705
BANKNIFTY-III.NFO,15/07/2024,09:40:42,52826.35,52806.95,60,52842,15,0,60705
BANKNIFTY-III.NFO,15/07/2024,09:40:43,52826.35,52817.95,60,52842,15,0,60705
BANKNIFTY-III.NFO,15/07/2024,09:40:45,52842,52817.95,60,52842.05,15,30,60705
BANKNIFTY-III.NFO,15/07/2024,09:40:47,52842,52817.95,60,52842.05,15,0,60705
BANKNIFTY-III.NFO,15/07/2024,09:40:52,52842,52817.95,60,52844,15,0,60705
BANKNIFTY-III.NFO,15/07/2024,09:40:55,52842,52821.1,60,52844,15,0,60705
BANKNIFTY-III.NFO,15/07/2024,09:40:57,52842,52822.5,60,52844,15,0,60705
BANKNIFTY-III.NFO,15/07/2024,09:40:58,52846.35,52825.6,60,52846.85,15,15,60705
BANKNIFTY-III.NFO,15/07/2024,09:41:00,52846.35,52826.05,60,52856,135,0,60705
BANKNIFTY-III.NFO,15/07/2024,09:41:02,52846.35,52835.95,60,52856,135,0,60705
BANKNIFTY-III.NFO,15/07/2024,09:41:03,52846.35,52837.25,60,52856,135,0,60705
BANKNIFTY-III.NFO,15/07/2024,09:41:05,52846.35,52837.15,60,52856,150,0,60705
BANKNIFTY-III.NFO,15/07/2024,09:41:08,52846.35,52835.85,60,52856,150,0,60705
BANKNIFTY-III.NFO,15/07/2024,09:41:12,52856,52840,60,52856,120,15,60705
BANKNIFTY-III.NFO,15/07/2024,09:41:13,52856,52838.25,60,52856,135,0,60705
BANKNIFTY-III.NFO,15/07/2024,09:41:15,52836.65,52844.55,75,52856,120,120,60705
BANKNIFTY-III.NFO,15/07/2024,09:41:17,52836.65,52844.6,60,52856,120,0,60705
BANKNIFTY-III.NFO,15/07/2024,09:41:18,52836.65,52845.8,75,52856,120,0,60705
BANKNIFTY-III.NFO,15/07/2024,09:41:20,52836.65,52847.85,75,52856,120,0,60705
BANKNIFTY-III.NFO,15/07/2024,09:41:22,52836.65,52848.15,60,52856,120,0,60705
BANKNIFTY-III.NFO,15/07/2024,09:41:23,52836.65,52846.55,60,52856,120,0,60705
BANKNIFTY-III.NFO,15/07/2024,09:41:25,52836.65,52849.35,75,52856,120,0,60705
BANKNIFTY-III.NFO,15/07/2024,09:41:27,52836.65,52852.75,75,52856,120,0,60705
BANKNIFTY-III.NFO,15/07/2024,09:41:28,52856,52850.5,60,52856,45,75,60705
BANKNIFTY-III.NFO,15/07/2024,09:41:30,52856,52845.1,60,52855.95,60,0,60705
BANKNIFTY-III.NFO,15/07/2024,09:41:32,52856,52846.2,150,52855.95,60,0,60705
BANKNIFTY-III.NFO,15/07/2024,09:41:33,52856,52845.2,75,52856,45,0,60705
BANKNIFTY-III.NFO,15/07/2024,09:41:35,52856,52847.55,75,52856,45,0,60705
BANKNIFTY-III.NFO,15/07/2024,09:41:37,52856,52849.05,60,52856,45,0,60705
BANKNIFTY-III.NFO,15/07/2024,09:41:38,52856,52848.1,150,52849.05,15,0,60705
BANKNIFTY-III.NFO,15/07/2024,09:41:40,52856,52845,75,52849.05,15,0,60705
BANKNIFTY-III.NFO,15/07/2024,09:41:42,52856,52842.8,150,52849.05,15,0,60705
BANKNIFTY-III.NFO,15/07/2024,09:41:43,52856,52838.25,150,52849,60,0,60705
BANKNIFTY-III.NFO,15/07/2024,09:41:45,52856,52835.95,75,52849,60,0,60705
BANKNIFTY-III.NFO,15/07/2024,09:41:47,52856,52838.1,150,52849,75,0,60705
BANKNIFTY-III.NFO,15/07/2024,09:41:48,52856,52830.6,60,52849,75,0,60705
BANKNIFTY-III.NFO,15/07/2024,09:41:50,52856,52830.7,60,52849,60,0,60705
BANKNIFTY-III.NFO,15/07/2024,09:41:52,52856,52843.9,75,52855.95,75,0,60705
BANKNIFTY-III.NFO,15/07/2024,09:41:53,52856,52850.9,150,52856,45,0,60705
BANKNIFTY-III.NFO,15/07/2024,09:41:55,52844,52847,150,52855.95,75,15,60705
BANKNIFTY-III.NFO,15/07/2024,09:41:57,52844,52846.15,150,52855.95,75,0,60705
BANKNIFTY-III.NFO,15/07/2024,09:41:58,52844,52846.25,45,52856,45,0,60705
BANKNIFTY-III.NFO,15/07/2024,09:42:00,52860,52859.15,45,52870,30,105,60705
BANKNIFTY-III.NFO,15/07/2024,09:42:02,52860,52852.6,45,52870,45,0,60705
BANKNIFTY-III.NFO,15/07/2024,09:42:03,52860,52864.85,150,52870,30,0,60705
BANKNIFTY-III.NFO,15/07/2024,09:42:05,52860,52865.65,165,52870,30,0,60705
BANKNIFTY-III.NFO,15/07/2024,09:42:07,52860,52865.7,45,52870,30,0,60705
BANKNIFTY-III.NFO,15/07/2024,09:42:08,52860,52859.25,45,52870,30,0,60705
BANKNIFTY-III.NFO,15/07/2024,09:42:10,52860,52864.3,45,52870,30,0,60705
BANKNIFTY-III.NFO,15/07/2024,09:42:12,52860,52865.9,45,52870,30,0,60705
BANKNIFTY-III.NFO,15/07/2024,09:42:14,52860,52865.85,150,52870,30,0,60705
BANKNIFTY-III.NFO,15/07/2024,09:42:16,52860,52867.6,45,52870,30,0,60705
BANKNIFTY-III.NFO,15/07/2024,09:42:17,52870,52876.15,15,52888.95,60,30,60705
BANKNIFTY-III.NFO,15/07/2024,09:42:19,52870,52877,165,52891.95,60,0,60705
BANKNIFTY-III.NFO,15/07/2024,09:42:21,52870,52879,15,52893.95,60,0,60705
BANKNIFTY-III.NFO,15/07/2024,09:42:22,52870,52879.05,45,52901.95,60,0,60705
BANKNIFTY-III.NFO,15/07/2024,09:42:26,52870,52881.35,45,52903.45,60,0,60705
BANKNIFTY-III.NFO,15/07/2024,09:42:27,52870,52883.05,45,52903.45,60,0,60705
BANKNIFTY-III.NFO,15/07/2024,09:42:29,52870,52883,15,52903.45,60,0,60705
BANKNIFTY-III.NFO,15/07/2024,09:42:32,52870,52883.05,45,52903.45,60,0,60705
BANKNIFTY-III.NFO,15/07/2024,09:42:34,52870,52883,15,52903.45,60,0,60705
BANKNIFTY-III.NFO,15/07/2024,09:42:36,52870,52883.05,45,52903.45,60,0,60705
BANKNIFTY-III.NFO,15/07/2024,09:42:37,52870,52877,15,52900.45,60,0,60705
BANKNIFTY-III.NFO,15/07/2024,09:42:39,52870,52867.65,45,52897.2,60,0,60705
BANKNIFTY-III.NFO,15/07/2024,09:42:41,52870,52867.65,45,52892.15,60,0,60705
BANKNIFTY-III.NFO,15/07/2024,09:42:44,52870,52872.35,45,52892.15,60,0,60705
BANKNIFTY-III.NFO,15/07/2024,09:42:45,52870,52867.65,45,52892.15,60,0,60705
BANKNIFTY-III.NFO,15/07/2024,09:42:47,52870,52866.65,45,52889.45,60,0,60705
BANKNIFTY-III.NFO,15/07/2024,09:42:52,52870,52870,45,52889.45,60,0,60705
BANKNIFTY-III.NFO,15/07/2024,09:42:54,52870,52869.75,45,52889.45,60,0,60705
BANKNIFTY-III.NFO,15/07/2024,09:42:57,52870,52866.6,15,52889.45,60,0,60705
BANKNIFTY-III.NFO,15/07/2024,09:42:59,52870,52863.1,45,52883.6,60,0,60705
BANKNIFTY-III.NFO,15/07/2024,09:43:00,52870,52859.25,45,52881.7,60,0,60705
BANKNIFTY-III.NFO,15/07/2024,09:43:04,52870,52851.9,45,52875.2,60,0,60705
BANKNIFTY-III.NFO,15/07/2024,09:43:06,52870,52851.15,45,52869.95,60,0,60705
BANKNIFTY-III.NFO,15/07/2024,09:43:07,52870,52849.15,45,52869.95,60,0,60705
BANKNIFTY-III.NFO,15/07/2024,09:43:15,52870,52852,60,52869.95,60,0,60705
BANKNIFTY-III.NFO,15/07/2024,09:43:17,52870,52849.15,45,52869.95,60,0,60705
BANKNIFTY-III.NFO,15/07/2024,09:43:18,52870,52843.9,45,52860,30,0,60705
BANKNIFTY-III.NFO,15/07/2024,09:43:20,52870,52845.45,45,52860,30,0,60705
BANKNIFTY-III.NFO,15/07/2024,09:43:22,52870,52844.85,45,52859.95,60,0,60705
BANKNIFTY-III.NFO,15/07/2024,09:43:23,52870,52843.05,45,52859.95,60,0,60705
BANKNIFTY-III.NFO,15/07/2024,09:43:27,52870,52844.5,45,52860,60,0,60705
BANKNIFTY-III.NFO,15/07/2024,09:43:28,52844.5,52840.9,30,52859.95,60,15,60855
BANKNIFTY-III.NFO,15/07/2024,09:43:30,52844.5,52840.9,30,52859.95,60,0,60855
BANKNIFTY-III.NFO,15/07/2024,09:43:31,52844.5,52839.3,30,52859.95,60,0,60855
BANKNIFTY-III.NFO,15/07/2024,09:43:33,52844.5,52840.4,30,52859.95,60,0,60855
BANKNIFTY-III.NFO,15/07/2024,09:43:35,52844.5,52840.4,30,52850,30,0,60855
BANKNIFTY-III.NFO,15/07/2024,09:43:41,52844.5,52841.25,45,52850,30,0,60855
BANKNIFTY-III.NFO,15/07/2024,09:43:43,52844.5,52842.85,30,52850,30,0,60855
BANKNIFTY-III.NFO,15/07/2024,09:43:45,52844.5,52836,30,52850,45,0,60855
BANKNIFTY-III.NFO,15/07/2024,09:43:46,52844.5,52835.25,45,52850,45,0,60855
BANKNIFTY-III.NFO,15/07/2024,09:43:48,52844.5,52834,30,52849.95,60,0,60855
BANKNIFTY-III.NFO,15/07/2024,09:43:50,52844.5,52836.35,45,52850,45,0,60855
BANKNIFTY-III.NFO,15/07/2024,09:43:51,52844.5,52838.55,45,52850,45,0,60855
BANKNIFTY-III.NFO,15/07/2024,09:43:53,52844.5,52837.25,30,52850,45,0,60855
BANKNIFTY-III.NFO,15/07/2024,09:43:55,52844.5,52835.2,45,52849.95,60,0,60855
BANKNIFTY-III.NFO,15/07/2024,09:43:56,52844.5,52836.6,45,52850,45,0,60855
BANKNIFTY-III.NFO,15/07/2024,09:43:58,52844.5,52836.5,45,52850,45,0,60855
BANKNIFTY-III.NFO,15/07/2024,09:44:01,52844.5,52836.55,30,52850,45,0,60855
BANKNIFTY-III.NFO,15/07/2024,09:44:03,52844.5,52840.75,30,52850,45,0,60855
BANKNIFTY-III.NFO,15/07/2024,09:44:05,52844.5,52840.25,30,52850,45,0,60855
BANKNIFTY-III.NFO,15/07/2024,09:44:06,52844.5,52836.85,30,52844.5,15,0,60855
BANKNIFTY-III.NFO,15/07/2024,09:44:08,52844.5,52833.6,30,52844.5,30,0,60855
BANKNIFTY-III.NFO,15/07/2024,09:44:10,52844.5,52832.4,45,52844.5,30,0,60855
BANKNIFTY-III.NFO,15/07/2024,09:44:11,52844.5,52831.75,45,52844.45,60,0,60855
BANKNIFTY-III.NFO,15/07/2024,09:44:13,52844.5,52831.75,30,52844.45,60,0,60855
BANKNIFTY-III.NFO,15/07/2024,09:44:14,52844.5,52840.7,30,52844.5,15,0,60855
BANKNIFTY-III.NFO,15/07/2024,09:44:16,52844.5,52840.2,30,52844.5,15,0,60855
BANKNIFTY-III.NFO,15/07/2024,09:44:18,52844.5,52836.45,30,52844.5,15,0,60855
BANKNIFTY-III.NFO,15/07/2024,09:44:19,52844.5,52836.95,30,52849.95,75,0,60855
BANKNIFTY-III.NFO,15/07/2024,09:44:21,52844.5,52831.8,30,52849.95,75,0,60855
BANKNIFTY-III.NFO,15/07/2024,09:44:23,52844.5,52844.5,30,52849.95,75,0,60855
BANKNIFTY-III.NFO,15/07/2024,09:44:26,52844.5,52827.35,30,52848.15,60,30,60855
BANKNIFTY-III.NFO,15/07/2024,09:44:28,52844.5,52827.35,30,52848.15,60,0,60855
BANKNIFTY-III.NFO,15/07/2024,09:44:29,52844.5,52828.55,30,52848.15,60,0,60855
BANKNIFTY-III.NFO,15/07/2024,09:44:31,52844.5,52828.5,15,52848.15,60,0,60855
BANKNIFTY-III.NFO,15/07/2024,09:44:33,52844.5,52824.05,30,52847.15,60,0,60855
BANKNIFTY-III.NFO,15/07/2024,09:44:41,52847.15,52834.45,60,52849.2,60,15,60855
BANKNIFTY-III.NFO,15/07/2024,09:44:43,52847.15,52842.45,60,52850,30,0,60855
BANKNIFTY-III.NFO,15/07/2024,09:44:44,52847.15,52840.3,60,52850,30,0,60855
BANKNIFTY-III.NFO,15/07/2024,09:44:46,52847.15,52841.45,60,52850,30,0,60855
BANKNIFTY-III.NFO,15/07/2024,09:44:48,52847.15,52840.35,45,52850,30,0,60855
BANKNIFTY-III.NFO,15/07/2024,09:44:49,52847.15,52841,45,52846,30,0,60855
BANKNIFTY-III.NFO,15/07/2024,09:44:51,52847.15,52837.35,60,52846,30,0,60855
BANKNIFTY-III.NFO,15/07/2024,09:44:53,52847.15,52839.5,60,52846,30,0,60855
BANKNIFTY-III.NFO,15/07/2024,09:44:54,52847.15,52834.5,45,52846,30,0,60855
BANKNIFTY-III.NFO,15/07/2024,09:44:56,52847.15,52831.6,60,52845.95,75,0,60855
BANKNIFTY-III.NFO,15/07/2024,09:44:58,52847.15,52833.4,60,52845.95,75,0,60855
BANKNIFTY-III.NFO,15/07/2024,09:44:59,52847.15,52833.4,60,52846,30,0,60855
BANKNIFTY-III.NFO,15/07/2024,09:45:01,52847.15,52833.5,45,52846,30,0,60855
BANKNIFTY-III.NFO,15/07/2024,09:45:03,52847.15,52838.6,45,52846,30,0,60855
BANKNIFTY-III.NFO,15/07/2024,09:45:04,52847.15,52833.65,60,52845.95,75,0,60855
BANKNIFTY-III.NFO,15/07/2024,09:45:06,52847.15,52834.85,60,52846,30,0,60855
BANKNIFTY-III.NFO,15/07/2024,09:45:08,52847.15,52831.65,45,52845.95,75,0,60855
BANKNIFTY-III.NFO,15/07/2024,09:45:09,52847.15,52832.4,45,52847.95,60,0,60855
BANKNIFTY-III.NFO,15/07/2024,09:45:11,52847.15,52835.9,45,52849.95,60,0,60855
BANKNIFTY-III.NFO,15/07/2024,09:45:13,52847.15,52835.65,45,52849.95,75,0,60855
BANKNIFTY-III.NFO,15/07/2024,09:45:16,52847.15,52832.4,45,52849.95,75,0,60855
BANKNIFTY-III.NFO,15/07/2024,09:45:18,52847.15,52832.35,15,52848.6,60,0,60855
BANKNIFTY-III.NFO,15/07/2024,09:45:19,52847.15,52830.25,45,52847.55,60,0,60855
BANKNIFTY-III.NFO,15/07/2024,09:45:21,52847.15,52830.35,45,52847.55,60,0,60855
BANKNIFTY-III.NFO,15/07/2024,09:45:23,52847.15,52833.25,45,52848.6,60,0,60855
BANKNIFTY-III.NFO,15/07/2024,09:45:24,52847.15,52830.25,45,52847.15,75,0,60855
BANKNIFTY-III.NFO,15/07/2024,09:45:26,52847.15,52830.35,45,52847.15,90,0,60855
BANKNIFTY-III.NFO,15/07/2024,09:45:28,52847.15,52833.1,45,52847.1,75,0,60855
BANKNIFTY-III.NFO,15/07/2024,09:45:29,52847.15,52833.3,45,52847.15,15,0,60855
BANKNIFTY-III.NFO,15/07/2024,09:45:31,52847.15,52841.5,45,52847.15,15,0,60855
BANKNIFTY-III.NFO,15/07/2024,09:45:33,52847.15,52846.15,45,52847.15,15,0,60855
BANKNIFTY-III.NFO,15/07/2024,09:45:38,52847.15,52849.55,45,52850,30,15,60855
BANKNIFTY-III.NFO,15/07/2024,09:45:39,52847.15,52849.15,45,52850,30,0,60855
BANKNIFTY-III.NFO,15/07/2024,09:45:41,52847.15,52848.1,45,52850,30,0,60855
BANKNIFTY-III.NFO,15/07/2024,09:45:44,52847.15,52846.55,45,52850,30,0,60855
BANKNIFTY-III.NFO,15/07/2024,09:45:46,52847.15,52837.9,60,52849.95,75,0,60855
BANKNIFTY-III.NFO,15/07/2024,09:45:48,52847.15,52832.9,45,52849.15,60,0,60855
BANKNIFTY-III.NFO,15/07/2024,09:45:49,52847.15,52829.25,60,52845.45,60,0,60855
BANKNIFTY-III.NFO,15/07/2024,09:45:51,52847.15,52828.35,60,52843.35,60,0,60855
BANKNIFTY-III.NFO,15/07/2024,09:45:53,52847.15,52828.65,45,52843.35,60,0,60855
BANKNIFTY-III.NFO,15/07/2024,09:45:54,52847.15,52830.65,60,52843.35,60,0,60855
BANKNIFTY-III.NFO,15/07/2024,09:45:56,52846.5,52830.8,60,52846.5,60,15,60855
BANKNIFTY-III.NFO,15/07/2024,09:45:58,52846.5,52832.45,75,52846.5,60,0,60855
BANKNIFTY-III.NFO,15/07/2024,09:45:59,52846.5,52832.45,75,52848.5,60,0,60855
BANKNIFTY-III.NFO,15/07/2024,09:46:01,52846.5,52840.55,75,52853.4,60,0,60855
BANKNIFTY-III.NFO,15/07/2024,09:46:03,52846.5,52843.3,60,52857.45,60,0,60855
BANKNIFTY-III.NFO,15/07/2024,09:46:04,52846.5,52839.7,60,52856.2,60,0,60855
BANKNIFTY-III.NFO,15/07/2024,09:46:06,52856.2,52839.7,60,52856.25,15,15,60855
BANKNIFTY-III.NFO,15/07/2024,09:46:07,52856.2,52842.4,75,52856.2,45,0,60855
BANKNIFTY-III.NFO,15/07/2024,09:46:09,52856.2,52844.55,60,52859.95,60,0,60855
BANKNIFTY-III.NFO,15/07/2024,09:46:11,52856.2,52844.45,60,52859.95,60,0,60855
BANKNIFTY-III.NFO,15/07/2024,09:46:12,52859.95,52844.45,60,52859.35,30,15,60855
BANKNIFTY-III.NFO,15/07/2024,09:46:14,52859.95,52844.45,60,52859.35,30,0,60855
BANKNIFTY-III.NFO,15/07/2024,09:46:16,52859.95,52842.75,60,52857.95,30,0,60855
BANKNIFTY-III.NFO,15/07/2024,09:46:17,52859.95,52832.5,60,52853.1,30,0,60855
BANKNIFTY-III.NFO,15/07/2024,09:46:19,52859.95,52830.8,60,52847.15,30,0,60855
BANKNIFTY-III.NFO,15/07/2024,09:46:21,52859.95,52833.65,75,52848.75,30,0,60855
BANKNIFTY-III.NFO,15/07/2024,09:46:22,52859.95,52834.55,75,52848.75,30,0,60855
BANKNIFTY-III.NFO,15/07/2024,09:46:24,52859.95,52833,75,52848.75,30,0,60855
BANKNIFTY-III.NFO,15/07/2024,09:46:26,52859.95,52831.9,75,52847.5,30,0,60855
BANKNIFTY-III.NFO,15/07/2024,09:46:27,52859.95,52832,75,52847.5,30,0,60855
BANKNIFTY-III.NFO,15/07/2024,09:46:29,52859.95,52835.1,75,52847.5,30,0,60855
BANKNIFTY-III.NFO,15/07/2024,09:46:31,52859.95,52832.65,75,52847.5,30,0,60855
BANKNIFTY-III.NFO,15/07/2024,09:46:32,52859.95,52828.65,75,52842.6,30,0,60855
BANKNIFTY-III.NFO,15/07/2024,09:46:34,52842.6,52824.25,60,52839.35,15,15,60855
BANKNIFTY-III.NFO,15/07/2024,09:46:35,52842.6,52824.35,60,52841.7,30,0,60855
BANKNIFTY-III.NFO,15/07/2024,09:46:37,52842.6,52826.7,60,52841.7,30,0,60855
BANKNIFTY-III.NFO,15/07/2024,09:46:39,52842.6,52824.75,60,52841.15,15,0,60855
BANKNIFTY-III.NFO,15/07/2024,09:46:40,52842.6,52826.7,75,52841.15,15,0,60855
BANKNIFTY-III.NFO,15/07/2024,09:46:42,52842.6,52827.9,60,52842.1,15,0,60855
BANKNIFTY-III.NFO,15/07/2024,09:46:44,52842.6,52832.55,75,52845,30,0,60855
BANKNIFTY-III.NFO,15/07/2024,09:46:45,52842.6,52835.45,60,52845,15,0,60855
BANKNIFTY-III.NFO,15/07/2024,09:46:47,52842.6,52834.3,75,52845,15,0,60855
BANKNIFTY-III.NFO,15/07/2024,09:46:49,52842.6,52827.9,60,52844.95,30,0,60855
BANKNIFTY-III.NFO,15/07/2024,09:46:50,52842.6,52827.9,60,52844.3,15,0,60855
BANKNIFTY-III.NFO,15/07/2024,09:46:52,52842.6,52826.75,60,52843.7,15,0,60855
BANKNIFTY-III.NFO,15/07/2024,09:46:53,52842.6,52827.6,75,52842.65,15,0,60855
BANKNIFTY-III.NFO,15/07/2024,09:46:55,52842.6,52832.2,75,52844.3,15,0,60855
BANKNIFTY-III.NFO,15/07/2024,09:46:57,52842.6,52826.65,60,52844.3,15,0,60855
BANKNIFTY-III.NFO,15/07/2024,09:46:58,52842.6,52825.25,75,52841.8,15,0,60855
BANKNIFTY-III.NFO,15/07/2024,09:47:00,52842.6,52825.4,60,52841.8,15,0,60855
BANKNIFTY-III.NFO,15/07/2024,09:47:02,52842.6,52807.95,60,52821.55,15,0,60855
BANKNIFTY-III.NFO,15/07/2024,09:47:03,52842.6,52807.95,60,52825.85,15,0,60855
BANKNIFTY-III.NFO,15/07/2024,09:47:05,52842.6,52816.8,60,52833.25,30,0,60855
BANKNIFTY-III.NFO,15/07/2024,09:47:06,52833.25,52818.9,60,52833.25,15,15,60855
BANKNIFTY-III.NFO,15/07/2024,09:47:08,52833.25,52821.9,60,52838.85,15,0,60855
BANKNIFTY-III.NFO,15/07/2024,09:47:10,52838.85,52823.4,60,52839.05,150,15,60855
BANKNIFTY-III.NFO,15/07/2024,09:47:11,52838.85,52823.4,60,52839.5,15,0,60855
BANKNIFTY-III.NFO,15/07/2024,09:47:13,52838.85,52818.85,60,52837.1,165,0,60855
BANKNIFTY-III.NFO,15/07/2024,09:47:15,52838.85,52820.25,75,52834.3,15,0,60855
BANKNIFTY-III.NFO,15/07/2024,09:47:17,52838.85,52822.2,75,52836.05,15,0,60855
BANKNIFTY-III.NFO,15/07/2024,09:47:18,52838.85,52823.1,60,52837.1,15,0,60855
BANKNIFTY-III.NFO,15/07/2024,09:47:20,52838.85,52823.3,75,52837.1,15,0,60855
BANKNIFTY-III.NFO,15/07/2024,09:47:22,52838.85,52823.4,75,52837.1,15,0,60855
BANKNIFTY-III.NFO,15/07/2024,09:47:23,52838.85,52823.6,60,52837.1,15,0,60855
BANKNIFTY-III.NFO,15/07/2024,09:47:25,52838.85,52818.75,60,52833.75,15,0,60855
BANKNIFTY-III.NFO,15/07/2024,09:47:27,52838.85,52815.85,75,52830.6,15,0,60855
BANKNIFTY-III.NFO,15/07/2024,09:47:28,52838.85,52818.1,60,52830.6,15,0,60855
BANKNIFTY-III.NFO,15/07/2024,09:47:30,52838.85,52812.3,60,52830.15,150,0,60855
BANKNIFTY-III.NFO,15/07/2024,09:47:32,52838.85,52811.3,75,52826,150,0,60855
BANKNIFTY-III.NFO,15/07/2024,09:47:33,52838.85,52811.3,75,52826.05,15,0,60855
BANKNIFTY-III.NFO,15/07/2024,09:47:35,52838.85,52807.95,60,52826.05,15,0,60855
BANKNIFTY-III.NFO,15/07/2024,09:47:37,52838.85,52806.3,60,52823.8,150,0,60855
BANKNIFTY-III.NFO,15/07/2024,09:47:38,52838.85,52806.5,60,52828.7,15,0,60855
BANKNIFTY-III.NFO,15/07/2024,09:47:40,52838.85,52821.7,60,52830,15,0,60855
BANKNIFTY-III.NFO,15/07/2024,09:47:42,52838.85,52821.95,75,52830,15,0,60855
BANKNIFTY-III.NFO,15/07/2024,09:47:43,52838.85,52822.05,60,52830,15,0,60855
BANKNIFTY-III.NFO,15/07/2024,09:47:45,52838.85,52822.55,60,52830,15,0,60855
BANKNIFTY-III.NFO,15/07/2024,09:47:46,52838.85,52818.85,60,52830,30,0,60855
BANKNIFTY-III.NFO,15/07/2024,09:47:50,52818.95,52819.05,60,52830,15,30,60855
BANKNIFTY-III.NFO,15/07/2024,09:47:51,52818.95,52821.9,60,52830,15,0,60855
BANKNIFTY-III.NFO,15/07/2024,09:47:53,52818.95,52823.45,60,52830,15,0,60855
BANKNIFTY-III.NFO,15/07/2024,09:47:55,52818.95,52819.1,60,52830,30,0,60855
BANKNIFTY-III.NFO,15/07/2024,09:47:56,52818.95,52815.6,60,52829.95,30,0,60855
BANKNIFTY-III.NFO,15/07/2024,09:47:58,52818.95,52812.75,60,52828.9,30,0,60855
BANKNIFTY-III.NFO,15/07/2024,09:48:00,52818.95,52815.15,75,52828.9,30,0,60855
BANKNIFTY-III.NFO,15/07/2024,09:48:01,52818.95,52811.95,60,52827.25,30,0,60855
BANKNIFTY-III.NFO,15/07/2024,09:48:03,52815.15,52813.35,60,52825,15,15,60855
BANKNIFTY-III.NFO,15/07/2024,09:48:04,52815.15,52818.5,75,52825,15,0,60855
BANKNIFTY-III.NFO,15/07/2024,09:48:06,52815.15,52822.05,60,52825,15,0,60855
BANKNIFTY-III.NFO,15/07/2024,09:48:08,52815.15,52821.8,60,52825,15,0,60855
BANKNIFTY-III.NFO,15/07/2024,09:48:09,52819.85,52819.85,60,52825,15,30,60855
BANKNIFTY-III.NFO,15/07/2024,09:48:11,52819.85,52814.75,75,52825,15,0,60855
BANKNIFTY-III.NFO,15/07/2024,09:48:13,52819.85,52816.3,60,52825,15,0,60855
BANKNIFTY-III.NFO,15/07/2024,09:48:14,52816.3,52818.4,60,52825,15,15,60855
BANKNIFTY-III.NFO,15/07/2024,09:48:16,52816.3,52820.45,60,52825,15,0,60855
BANKNIFTY-III.NFO,15/07/2024,09:48:18,52816.3,52816,75,52824.95,75,0,60855
BANKNIFTY-III.NFO,15/07/2024,09:48:21,52816.3,52818.3,45,52825,15,0,60855
BANKNIFTY-III.NFO,15/07/2024,09:48:22,52816.3,52816.05,45,52825,15,0,60855
BANKNIFTY-III.NFO,15/07/2024,09:48:24,52816.3,52816.05,45,52818.3,15,0,60855
BANKNIFTY-III.NFO,15/07/2024,09:48:26,52816.3,52816.3,15,52818.3,15,0,60855
BANKNIFTY-III.NFO,15/07/2024,09:48:29,52818.3,52816.8,45,52825,15,15,60855
BANKNIFTY-III.NFO,15/07/2024,09:48:31,52818.3,52818.8,45,52825,15,0,60855
BANKNIFTY-III.NFO,15/07/2024,09:48:32,52828,52819,45,52834.6,60,30,60855
BANKNIFTY-III.NFO,15/07/2024,09:48:34,52828,52818.85,105,52833.55,60,0,60855
BANKNIFTY-III.NFO,15/07/2024,09:48:36,52828,52819.1,45,52836.95,60,0,60855
BANKNIFTY-III.NFO,15/07/2024,09:48:37,52828,52816.3,30,52829.05,75,0,60855
BANKNIFTY-III.NFO,15/07/2024,09:48:39,52828,52819,30,52828.25,75,0,60855
BANKNIFTY-III.NFO,15/07/2024,09:48:40,52828,52819,30,52831.2,75,0,60855
BANKNIFTY-III.NFO,15/07/2024,09:48:42,52828,52819,45,52832.05,75,0,60855
BANKNIFTY-III.NFO,15/07/2024,09:48:44,52828,52819,45,52832,60,0,60855
BANKNIFTY-III.NFO,15/07/2024,09:48:45,52828,52819.15,45,52835.15,60,0,60855
BANKNIFTY-III.NFO,15/07/2024,09:48:47,52834.85,52819.4,60,52834.85,60,15,60825
BANKNIFTY-III.NFO,15/07/2024,09:48:49,52834.85,52819,30,52831.15,60,0,60825
BANKNIFTY-III.NFO,15/07/2024,09:48:50,52834.85,52819,30,52829.8,60,0,60825
BANKNIFTY-III.NFO,15/07/2024,09:48:52,52834.85,52819,30,52827.85,60,0,60825
BANKNIFTY-III.NFO,15/07/2024,09:48:54,52834.85,52819.05,60,52827.85,60,0,60825
BANKNIFTY-III.NFO,15/07/2024,09:48:55,52819.05,52819,30,52827.85,60,15,60825
BANKNIFTY-III.NFO,15/07/2024,09:48:57,52819.05,52819,30,52827,60,0,60825
BANKNIFTY-III.NFO,15/07/2024,09:48:59,52816.3,52803.95,45,52811.45,60,45,60825
BANKNIFTY-III.NFO,15/07/2024,09:49:00,52816.3,52800.05,60,52811.45,60,0,60825
BANKNIFTY-III.NFO,15/07/2024,09:49:02,52816.3,52808,150,52815.7,75,0,60825
BANKNIFTY-III.NFO,15/07/2024,09:49:03,52816.3,52808,150,52813.45,60,0,60825
BANKNIFTY-III.NFO,15/07/2024,09:49:05,52816.3,52808,150,52809.95,60,0,60825
BANKNIFTY-III.NFO,15/07/2024,09:49:07,52816.3,52808,150,52814.4,15,0,60825
BANKNIFTY-III.NFO,15/07/2024,09:49:08,52816.3,52808.15,75,52820.6,15,0,60825
BANKNIFTY-III.NFO,15/07/2024,09:49:10,52816.3,52809.65,60,52830.65,60,0,60825
BANKNIFTY-III.NFO,15/07/2024,09:49:12,52816.3,52814.65,60,52828.35,75,0,60825
BANKNIFTY-III.NFO,15/07/2024,09:49:13,52816.3,52816.55,60,52832.7,75,0,60825
BANKNIFTY-III.NFO,15/07/2024,09:49:14,52816.3,52816.55,60,52831.6,75,0,60825
BANKNIFTY-III.NFO,15/07/2024,09:49:16,52816.3,52816.55,60,52831.25,75,0,60825
BANKNIFTY-III.NFO,15/07/2024,09:49:18,52816.3,52816.55,60,52829.2,75,0,60825
BANKNIFTY-III.NFO,15/07/2024,09:49:19,52816.3,52817.8,60,52831.55,75,0,60825
BANKNIFTY-III.NFO,15/07/2024,09:49:21,52816.3,52830.9,60,52845.95,60,0,60825
BANKNIFTY-III.NFO,15/07/2024,09:49:22,52816.3,52830.9,60,52845.5,75,0,60825
BANKNIFTY-III.NFO,15/07/2024,09:49:24,52816.3,52827,60,52844.7,75,0,60825
BANKNIFTY-III.NFO,15/07/2024,09:49:26,52816.3,52829.6,60,52845.25,75,0,60825
BANKNIFTY-III.NFO,15/07/2024,09:49:27,52816.3,52831.3,60,52846.45,75,0,60825
BANKNIFTY-III.NFO,15/07/2024,09:49:29,52816.3,52829.6,60,52842.75,75,0,60825
BANKNIFTY-III.NFO,15/07/2024,09:49:31,52816.3,52830.35,60,52845.2,75,0,60825
BANKNIFTY-III.NFO,15/07/2024,09:49:32,52816.3,52832.6,60,52851.4,60,0,60825
BANKNIFTY-III.NFO,15/07/2024,09:49:34,52816.3,52832.6,60,52851.35,60,0,60825
BANKNIFTY-III.NFO,15/07/2024,09:49:36,52816.3,52833.4,60,52847.95,60,0,60825
BANKNIFTY-III.NFO,15/07/2024,09:49:37,52816.3,52831,60,52845.5,60,0,60825
BANKNIFTY-III.NFO,15/07/2024,09:49:39,52816.3,52833.85,75,52847.8,60,0,60825
BANKNIFTY-III.NFO,15/07/2024,09:49:41,52816.3,52832.75,75,52846.75,15,0,60825
BANKNIFTY-III.NFO,15/07/2024,09:49:42,52816.3,52832.85,60,52854.85,60,0,60825
BANKNIFTY-III.NFO,15/07/2024,09:49:44,52816.3,52843.7,75,52857.65,60,0,60825
BANKNIFTY-III.NFO,15/07/2024,09:49:46,52816.3,52833.25,75,52854.65,60,0,60825
BANKNIFTY-III.NFO,15/07/2024,09:49:47,52816.3,52840.6,75,52853.6,60,0,60825
BANKNIFTY-III.NFO,15/07/2024,09:49:49,52816.3,52833.6,60,52844.85,60,0,60825
BANKNIFTY-III.NFO,15/07/2024,09:49:50,52816.3,52828.05,75,52842.25,60,0,60825
BANKNIFTY-III.NFO,15/07/2024,09:49:52,52816.3,52827.95,75,52838.45,60,0,60825
BANKNIFTY-III.NFO,15/07/2024,09:49:54,52816.3,52828,60,52838.7,75,0,60825
BANKNIFTY-III.NFO,15/07/2024,09:49:55,52816.3,52828,60,52838.6,15,0,60825
BANKNIFTY-III.NFO,15/07/2024,09:49:57,52816.3,52828.25,75,52841.6,60,0,60825
BANKNIFTY-III.NFO,15/07/2024,09:49:58,52816.3,52828,60,52838.5,60,0,60825
BANKNIFTY-III.NFO,15/07/2024,09:50:00,52816.3,52828,75,52840.55,60,0,60825
BANKNIFTY-III.NFO,15/07/2024,09:50:02,52816.3,52831.45,75,52844.7,60,0,60825
BANKNIFTY-III.NFO,15/07/2024,09:50:03,52816.3,52833.15,75,52847.7,15,0,60825
BANKNIFTY-III.NFO,15/07/2024,09:50:05,52851.05,52836.95,60,52851.05,15,150,60825
BANKNIFTY-III.NFO,15/07/2024,09:50:07,52851.05,52836.95,75,52854.6,30,0,60825
BANKNIFTY-III.NFO,15/07/2024,09:50:08,52851.05,52836.95,75,52852.25,15,0,60825
BANKNIFTY-III.NFO,15/07/2024,09:50:10,52851.05,52839.15,60,52853.5,45,0,60825
BANKNIFTY-III.NFO,15/07/2024,09:50:11,52851.05,52840.75,60,52854.35,45,0,60825
BANKNIFTY-III.NFO,15/07/2024,09:50:13,52851.05,52840.75,60,52854.2,45,0,60825
BANKNIFTY-III.NFO,15/07/2024,09:50:15,52851.05,52841.45,60,52855.75,45,0,60825
BANKNIFTY-III.NFO,15/07/2024,09:50:16,52851.05,52841.8,60,52855.3,30,0,60825
BANKNIFTY-III.NFO,15/07/2024,09:50:18,52862.65,52841.8,60,52863.2,15,105,60825
BANKNIFTY-III.NFO,15/07/2024,09:50:20,52862.65,52842.55,60,52867.95,15,0,60825
BANKNIFTY-III.NFO,15/07/2024,09:50:21,52862.65,52842.55,75,52867.45,15,0,60825
BANKNIFTY-III.NFO,15/07/2024,09:50:23,52862.65,52854.3,60,52875.7,15,0,60825
BANKNIFTY-III.NFO,15/07/2024,09:50:24,52862.65,52858.45,60,52881.45,15,0,60825
BANKNIFTY-III.NFO,15/07/2024,09:50:28,52862.65,52864.25,60,52886.15,15,0,60825
BANKNIFTY-III.NFO,15/07/2024,09:50:29,52862.65,52865.65,60,52888.9,15,0,60825
BANKNIFTY-III.NFO,15/07/2024,09:50:31,52862.65,52865.6,15,52885.45,150,0,60825
BANKNIFTY-III.NFO,15/07/2024,09:50:33,52862.65,52865.6,15,52883.35,15,0,60825
BANKNIFTY-III.NFO,15/07/2024,09:50:34,52862.65,52865.65,60,52883.35,15,0,60825
BANKNIFTY-III.NFO,15/07/2024,09:50:36,52862.65,52865.6,15,52883.35,15,0,60825
BANKNIFTY-III.NFO,15/07/2024,09:50:38,52862.65,52865.65,60,52883.35,15,0,60825
BANKNIFTY-III.NFO,15/07/2024,09:50:39,52862.65,52865.6,15,52885.85,15,0,60825
BANKNIFTY-III.NFO,15/07/2024,09:50:41,52862.65,52865.65,60,52885.85,15,0,60825
BANKNIFTY-III.NFO,15/07/2024,09:50:43,52862.65,52865.6,15,52884.5,15,0,60825
BANKNIFTY-III.NFO,15/07/2024,09:50:44,52862.65,52858.45,60,52879.8,15,0,60825
BANKNIFTY-III.NFO,15/07/2024,09:50:47,52862.65,52858.45,60,52877.7,15,0,60825
BANKNIFTY-III.NFO,15/07/2024,09:50:51,52862.65,52859.75,60,52877.7,15,0,60825
BANKNIFTY-III.NFO,15/07/2024,09:50:57,52862.65,52858.45,60,52877.7,15,0,60825
BANKNIFTY-III.NFO,15/07/2024,09:51:02,52862.65,52858.45,60,52876.7,15,0,60825
BANKNIFTY-III.NFO,15/07/2024,09:51:07,52862.65,52858.65,60,52876.7,15,0,60825
BANKNIFTY-III.NFO,15/07/2024,09:51:09,52862.65,52858.45,60,52876.7,15,0,60825
BANKNIFTY-III.NFO,15/07/2024,09:51:12,52862.65,52863,30,52875.95,15,0,60825
BANKNIFTY-III.NFO,15/07/2024,09:51:14,52862.65,52863,30,52876.3,165,0,60825
BANKNIFTY-III.NFO,15/07/2024,09:51:16,52862.65,52863,30,52875.95,150,0,60825
BANKNIFTY-III.NFO,15/07/2024,09:51:17,52862.65,52863,30,52874.45,150,0,60825
BANKNIFTY-III.NFO,15/07/2024,09:51:19,52862.65,52863,15,52872.4,165,0,60825
BANKNIFTY-III.NFO,15/07/2024,09:51:21,52862.65,52863,15,52872.6,165,0,60825
BANKNIFTY-III.NFO,15/07/2024,09:51:22,52862.65,52863,30,52877.15,165,0,60825
BANKNIFTY-III.NFO,15/07/2024,09:51:24,52862.65,52863.05,60,52882.15,15,0,60825
BANKNIFTY-III.NFO,15/07/2024,09:51:26,52862.65,52863.05,60,52884.5,15,0,60825
BANKNIFTY-III.NFO,15/07/2024,09:51:27,52862.65,52863.05,60,52884,15,0,60825
BANKNIFTY-III.NFO,15/07/2024,09:51:31,52862.65,52868.8,60,52889.7,15,0,60825
BANKNIFTY-III.NFO,15/07/2024,09:51:32,52862.65,52870.35,75,52896.2,15,0,60825
BANKNIFTY-III.NFO,15/07/2024,09:51:36,52862.65,52870.35,75,52895.95,15,0,60825
BANKNIFTY-III.NFO,15/07/2024,09:51:37,52862.65,52870.35,75,52896.2,15,0,60825
BANKNIFTY-III.NFO,15/07/2024,09:51:39,52862.65,52870.35,75,52891.55,165,0,60825
BANKNIFTY-III.NFO,15/07/2024,09:51:41,52862.65,52863.05,60,52883.6,165,0,60825
BANKNIFTY-III.NFO,15/07/2024,09:51:42,52862.65,52863,15,52880.85,165,0,60825
BANKNIFTY-III.NFO,15/07/2024,09:51:44,52862.65,52861.05,60,52876.85,15,0,60825
BANKNIFTY-III.NFO,15/07/2024,09:51:46,52862.65,52854.3,60,52873.2,165,0,60825
BANKNIFTY-III.NFO,15/07/2024,09:51:48,52862.65,52850.05,60,52869.05,15,0,60825
BANKNIFTY-III.NFO,15/07/2024,09:51:49,52862.65,52850.05,60,52866.65,15,0,60825
BANKNIFTY-III.NFO,15/07/2024,09:52:09,52862.65,52852.35,60,52872.15,15,0,60825
BANKNIFTY-III.NFO,15/07/2024,09:52:11,52862.65,52862.65,75,52874.25,15,0,60825
BANKNIFTY-III.NFO,15/07/2024,09:52:13,52862.65,52862.7,60,52878.4,15,0,60825
BANKNIFTY-III.NFO,15/07/2024,09:52:14,52862.65,52862.65,90,52876.95,15,0,60825
BANKNIFTY-III.NFO,15/07/2024,09:52:16,52862.65,52862.65,90,52876.9,165,0,60825
BANKNIFTY-III.NFO,15/07/2024,09:52:17,52862.65,52862.65,15,52878.95,165,0,60825
BANKNIFTY-III.NFO,15/07/2024,09:52:19,52862.65,52862.65,15,52877.35,15,0,60825
BANKNIFTY-III.NFO,15/07/2024,09:52:21,52862.65,52858.65,15,52875.45,165,0,60825
BANKNIFTY-III.NFO,15/07/2024,09:52:22,52862.65,52862.65,30,52877.35,15,0,60825
BANKNIFTY-III.NFO,15/07/2024,09:52:24,52862.65,52862.7,60,52879.6,15,0,60825
BANKNIFTY-III.NFO,15/07/2024,09:52:26,52862.65,52862.7,60,52879.1,15,0,60825
BANKNIFTY-III.NFO,15/07/2024,09:52:27,52862.65,52865,30,52881.4,15,0,60825
BANKNIFTY-III.NFO,15/07/2024,09:52:29,52862.65,52865.05,60,52885.45,15,0,60825
BANKNIFTY-III.NFO,15/07/2024,09:52:32,52862.65,52867.05,60,52885.45,15,0,60825
BANKNIFTY-III.NFO,15/07/2024,09:52:37,52862.65,52870.05,60,52889.1,15,0,60825
BANKNIFTY-III.NFO,15/07/2024,09:52:39,52862.65,52870.05,60,52891.55,15,0,60825
BANKNIFTY-III.NFO,15/07/2024,09:52:41,52862.65,52870.05,60,52889.35,165,0,60825
BANKNIFTY-III.NFO,15/07/2024,09:52:42,52862.65,52870.05,60,52887.25,165,0,60825
BANKNIFTY-III.NFO,15/07/2024,09:52:44,52862.65,52875,30,52887.25,15,0,60825
BANKNIFTY-III.NFO,15/07/2024,09:52:45,52862.65,52875,30,52889.35,15,0,60825
BANKNIFTY-III.NFO,15/07/2024,09:52:49,52862.65,52880,15,52890.1,165,0,60825
BANKNIFTY-III.NFO,15/07/2024,09:52:50,52862.65,52880,15,52888.8,165,0,60825
BANKNIFTY-III.NFO,15/07/2024,09:52:52,52862.65,52880,15,52888.7,150,0,60825
BANKNIFTY-III.NFO,15/07/2024,09:52:54,52880,52870.05,60,52888.7,15,15,60675
BANKNIFTY-III.NFO,15/07/2024,09:52:55,52880,52870.05,60,52887.8,15,0,60675
BANKNIFTY-III.NFO,15/07/2024,09:52:59,52880,52870.05,60,52889.7,15,0,60675
BANKNIFTY-III.NFO,15/07/2024,09:53:02,52880,52880.05,60,52897.9,150,0,60675
BANKNIFTY-III.NFO,15/07/2024,09:53:04,52880,52880,75,52892.7,165,0,60675
BANKNIFTY-III.NFO,15/07/2024,09:53:05,52880,52880,75,52891.8,150,0,60675
BANKNIFTY-III.NFO,15/07/2024,09:53:07,52880,52880,60,52889.7,150,0,60675
BANKNIFTY-III.NFO,15/07/2024,09:53:09,52880,52880,75,52891.85,150,0,60675
BANKNIFTY-III.NFO,15/07/2024,09:53:10,52880,52880,75,52890.75,150,0,60675
BANKNIFTY-III.NFO,15/07/2024,09:53:12,52880,52880,75,52890.55,150,0,60675
BANKNIFTY-III.NFO,15/07/2024,09:53:15,52880,52880,60,52889.45,150,0,60675
BANKNIFTY-III.NFO,15/07/2024,09:53:17,52880,52880,75,52890.15,150,0,60675
BANKNIFTY-III.NFO,15/07/2024,09:53:18,52880,52880,75,52888.9,150,0,60675
BANKNIFTY-III.NFO,15/07/2024,09:53:20,52880,52880,75,52889.35,150,0,60675
BANKNIFTY-III.NFO,15/07/2024,09:53:21,52880,52882,60,52887.9,150,0,60675
BANKNIFTY-III.NFO,15/07/2024,09:53:23,52880,52882,60,52885.3,150,0,60675
BANKNIFTY-III.NFO,15/07/2024,09:53:25,52880,52882,75,52887.35,150,0,60675
BANKNIFTY-III.NFO,15/07/2024,09:53:26,52880,52885,60,52891.25,150,0,60675
BANKNIFTY-III.NFO,15/07/2024,09:53:28,52880,52885,60,52892.25,150,0,60675
BANKNIFTY-III.NFO,15/07/2024,09:53:29,52880,52885,60,52889.15,150,0,60675
BANKNIFTY-III.NFO,15/07/2024,09:53:31,52879.5,52870,15,52879.25,60,90,60675
BANKNIFTY-III.NFO,15/07/2024,09:53:33,52879.5,52866.65,30,52878.4,60,0,60675
BANKNIFTY-III.NFO,15/07/2024,09:53:34,52879.5,52866.7,60,52877.7,60,0,60675
BANKNIFTY-III.NFO,15/07/2024,09:53:36,52879.5,52866.7,60,52880.1,60,0,60675
BANKNIFTY-III.NFO,15/07/2024,09:53:38,52879.5,52866.7,75,52878,75,0,60675
BANKNIFTY-III.NFO,15/07/2024,09:53:39,52879.5,52866.65,30,52877.8,60,0,60675
BANKNIFTY-III.NFO,15/07/2024,09:53:41,52879.5,52866.7,75,52879.4,75,0,60675
BANKNIFTY-III.NFO,15/07/2024,09:53:42,52879.5,52866.7,75,52880.35,75,0,60675
BANKNIFTY-III.NFO,15/07/2024,09:53:44,52879.5,52866.65,15,52873.5,60,0,60675
BANKNIFTY-III.NFO,15/07/2024,09:53:46,52879.5,52866.65,15,52873.15,60,0,60675
BANKNIFTY-III.NFO,15/07/2024,09:53:47,52879.5,52866.65,15,52869.75,60,0,60675
BANKNIFTY-III.NFO,15/07/2024,09:53:49,52879.5,52866.65,15,52868.65,60,0,60675
BANKNIFTY-III.NFO,15/07/2024,09:53:51,52879.5,52866.65,15,52873.4,60,0,60675
BANKNIFTY-III.NFO,15/07/2024,09:53:52,52879.5,52866.65,15,52873.3,60,0,60675
BANKNIFTY-III.NFO,15/07/2024,09:53:54,52869.3,52866.65,15,52869.25,45,15,60675
BANKNIFTY-III.NFO,15/07/2024,09:53:56,52869.3,52866.65,15,52868,45,0,60675
BANKNIFTY-III.NFO,15/07/2024,09:53:57,52869.3,52866.65,15,52870.2,45,0,60675
BANKNIFTY-III.NFO,15/07/2024,09:53:59,52869.3,52866.65,15,52870,60,0,60675
BANKNIFTY-III.NFO,15/07/2024,09:54:00,52869.3,52866.65,15,52873.4,45,0,60675
BANKNIFTY-III.NFO,15/07/2024,09:54:02,52866.65,52853.25,60,52864.35,30,15,60675
BANKNIFTY-III.NFO,15/07/2024,09:54:04,52866.65,52851.7,75,52863.35,45,0,60675
BANKNIFTY-III.NFO,15/07/2024,09:54:05,52866.65,52851.65,30,52855.3,30,0,60675
BANKNIFTY-III.NFO,15/07/2024,09:54:07,52866.65,52851.65,30,52854.75,30,0,60675
BANKNIFTY-III.NFO,15/07/2024,09:54:08,52851.65,52850,30,52853.55,15,30,60675
BANKNIFTY-III.NFO,15/07/2024,09:54:10,52851.65,52850,30,52858.25,15,0,60675
BANKNIFTY-III.NFO,15/07/2024,09:54:12,52851.65,52850,45,52857.55,30,0,60675
BANKNIFTY-III.NFO,15/07/2024,09:54:13,52851.65,52850,30,52856.9,45,0,60675
BANKNIFTY-III.NFO,15/07/2024,09:54:15,52850,52840.05,60,52856.9,15,30,60675
BANKNIFTY-III.NFO,15/07/2024,09:54:17,52850,52840.05,60,52856.9,15,0,60675
BANKNIFTY-III.NFO,15/07/2024,09:54:22,52850,52834.85,60,52856.85,15,0,60675
BANKNIFTY-III.NFO,15/07/2024,09:54:23,52850,52834.8,15,52856.85,15,0,60675
BANKNIFTY-III.NFO,15/07/2024,09:54:25,52850,52832.7,60,52854.4,15,0,60675
BANKNIFTY-III.NFO,15/07/2024,09:54:32,52850,52832.7,60,52856.9,15,0,60675
BANKNIFTY-III.NFO,15/07/2024,09:54:33,52850,52832.7,60,52860.5,15,0,60675
BANKNIFTY-III.NFO,15/07/2024,09:54:38,52850,52832.7,60,52860.45,15,0,60675
BANKNIFTY-III.NFO,15/07/2024,09:54:40,52850,52832.7,60,52860.5,15,0,60675
BANKNIFTY-III.NFO,15/07/2024,09:54:43,52850,52832.7,60,52860.45,15,0,60675
BANKNIFTY-III.NFO,15/07/2024,09:54:51,52850,52832.7,60,52860.5,15,0,60675
BANKNIFTY-III.NFO,15/07/2024,09:54:56,52832.7,52832.7,60,52860.45,15,15,60585
BANKNIFTY-III.NFO,15/07/2024,09:54:58,52832.7,52834.7,60,52860.45,15,0,60585
BANKNIFTY-III.NFO,15/07/2024,09:54:59,52832.7,52832.7,60,52860.45,15,0,60585
BANKNIFTY-III.NFO,15/07/2024,09:55:03,52832.7,52832.7,60,52860.05,15,0,60585
BANKNIFTY-III.NFO,15/07/2024,09:55:04,52832.7,52830.35,60,52832.7,15,0,60585
BANKNIFTY-III.NFO,15/07/2024,09:55:07,52832.7,52830.35,75,52832.7,15,0,60585
BANKNIFTY-III.NFO,15/07/2024,09:55:09,52832.7,52830.35,60,52832.7,15,0,60585
BANKNIFTY-III.NFO,15/07/2024,09:55:11,52832.7,52830.3,15,52832.7,15,0,60585
BANKNIFTY-III.NFO,15/07/2024,09:55:15,52832.7,52830.3,15,52840.65,15,0,60585
BANKNIFTY-III.NFO,15/07/2024,09:55:16,52832.7,52830.35,60,52845.15,15,0,60585
BANKNIFTY-III.NFO,15/07/2024,09:55:18,52830.35,52830.3,30,52845.15,30,15,60585
BANKNIFTY-III.NFO,15/07/2024,09:55:20,52830.35,52830.35,60,52845.15,30,0,60585
BANKNIFTY-III.NFO,15/07/2024,09:55:21,52830.35,52830.35,60,52847.1,30,0,60585
BANKNIFTY-III.NFO,15/07/2024,09:55:23,52830.35,52830.3,30,52847.1,30,0,60585
BANKNIFTY-III.NFO,15/07/2024,09:55:25,52830.35,52830.35,60,52847.6,30,0,60585
BANKNIFTY-III.NFO,15/07/2024,09:55:26,52830.35,52830.35,60,52849.1,30,0,60585
BANKNIFTY-III.NFO,15/07/2024,09:55:28,52830.35,52830.35,60,52851.95,30,0,60585
BANKNIFTY-III.NFO,15/07/2024,09:55:36,52830.35,52830.35,60,52853.6,30,0,60585
BANKNIFTY-III.NFO,15/07/2024,09:56:11,52830.35,52830.35,60,52853.6,45,15,60585
BANKNIFTY-III.NFO,15/07/2024,09:56:13,52830.35,52830.35,60,52853.6,45,0,60585
BANKNIFTY-III.NFO,15/07/2024,09:56:22,52830.35,52830.35,60,52853.65,15,0,60585
BANKNIFTY-III.NFO,15/07/2024,09:56:23,52830.35,52830.35,60,52858.5,45,0,60585
BANKNIFTY-III.NFO,15/07/2024,09:56:35,52830.35,52830.45,60,52858.5,45,0,60585
BANKNIFTY-III.NFO,15/07/2024,09:56:37,52830.35,52831.5,60,52858.5,45,0,60585
BANKNIFTY-III.NFO,15/07/2024,09:56:38,52830.35,52830.45,60,52858.5,45,0,60585
BANKNIFTY-III.NFO,15/07/2024,09:56:42,52830.35,52830.45,60,52858.2,45,0,60585
BANKNIFTY-III.NFO,15/07/2024,09:56:43,52830.35,52830.4,30,52851.3,45,0,60585
BANKNIFTY-III.NFO,15/07/2024,09:56:45,52830.35,52830.45,60,52851.4,45,0,60585
BANKNIFTY-III.NFO,15/07/2024,09:56:50,52830.35,52830.45,60,52851.4,60,0,60585
BANKNIFTY-III.NFO,15/07/2024,09:56:57,52830.35,52830.45,60,52851.4,75,0,60585
BANKNIFTY-III.NFO,15/07/2024,09:57:00,52830.35,52830.45,60,52851.4,30,0,60585
BANKNIFTY-III.NFO,15/07/2024,09:57:02,52830.35,52831.8,60,52851.4,15,0,60585
BANKNIFTY-III.NFO,15/07/2024,09:57:03,52830.35,52834.05,60,52850,15,0,60585
BANKNIFTY-III.NFO,15/07/2024,09:57:05,52830.35,52834.05,60,52850,30,0,60585
BANKNIFTY-III.NFO,15/07/2024,09:57:12,52830.35,52834.2,60,52850,15,0,60585
BANKNIFTY-III.NFO,15/07/2024,09:57:13,52830.35,52834.3,60,52850,30,0,60585
BANKNIFTY-III.NFO,15/07/2024,09:57:15,52830.35,52834.05,60,52850,30,0,60585
BANKNIFTY-III.NFO,15/07/2024,09:57:18,52830.35,52834.05,210,52850,30,0,60585
BANKNIFTY-III.NFO,15/07/2024,09:57:20,52830.35,52834.25,60,52850,30,0,60585
BANKNIFTY-III.NFO,15/07/2024,09:57:21,52830.35,52834.05,60,52850,30,0,60585
BANKNIFTY-III.NFO,15/07/2024,09:57:23,52830.35,52834.05,60,52849.95,45,0,60585
BANKNIFTY-III.NFO,15/07/2024,09:57:26,52830.35,52834.05,60,52850,30,0,60585
BANKNIFTY-III.NFO,15/07/2024,09:57:31,52830.35,52834.05,60,52849.95,45,0,60585
BANKNIFTY-III.NFO,15/07/2024,09:57:34,52830.35,52831.8,60,52845,30,0,60585
BANKNIFTY-III.NFO,15/07/2024,09:57:36,52830.35,52830.45,60,52845,30,0,60585
BANKNIFTY-III.NFO,15/07/2024,09:57:39,52830.35,52830.45,60,52844.95,45,0,60585
BANKNIFTY-III.NFO,15/07/2024,09:57:41,52830.35,52830.45,75,52845,30,0,60585
