Ticker,Date,Time,LTP,BuyPrice,BuyQty,SellPrice,SellQty,LTQ,OpenInterest
NIFTY-III.NFO,15/07/2024,09:15:07,24797.35,24797.3,25,24800,325,25,307900
NIFTY-III.NFO,15/07/2024,09:15:07,24797.35,24797.3,25,24800,325,0,307900
NIFTY-III.NFO,15/07/2024,09:15:07,24797.35,24797.3,25,24800,325,0,307900
NIFTY-III.NFO,15/07/2024,09:15:07,24797.35,24797.3,25,24800,325,0,307900
NIFTY-III.NFO,15/07/2024,09:15:08,24797.3,24792.7,75,24800,325,25,307900
NIFTY-III.NFO,15/07/2024,09:15:08,24797.3,24792.7,75,24800,325,0,307900
NIFTY-III.NFO,15/07/2024,09:15:10,24800,24793.45,75,24800,275,50,307900
NIFTY-III.NFO,15/07/2024,09:15:10,24800,24793.45,75,24800,275,0,307900
NIFTY-III.NFO,15/07/2024,09:15:11,24800,24796.2,75,24800,250,25,307900
NIFTY-III.NFO,15/07/2024,09:15:12,24800,24797.6,75,24800,50,200,307900
NIFTY-III.NFO,15/07/2024,09:15:13,24797.35,24799.2,50,24809.6,100,75,307900
NIFTY-III.NFO,15/07/2024,09:15:15,24797.35,24800.1,50,24809.95,100,0,307900
NIFTY-III.NFO,15/07/2024,09:15:16,24797.35,24799.4,50,24810,25,0,307900
NIFTY-III.NFO,15/07/2024,09:15:17,24800,24802.85,50,24810,25,50,307900
NIFTY-III.NFO,15/07/2024,09:15:19,24800.5,24802.8,25,24810,25,100,307900
NIFTY-III.NFO,15/07/2024,09:15:19,24802.85,24802.8,25,24810,25,0,307900
NIFTY-III.NFO,15/07/2024,09:15:20,24800.5,24803.3,125,24809.95,50,0,307900
NIFTY-III.NFO,15/07/2024,09:15:21,24805.1,24806.45,250,24809.95,50,25,307900
NIFTY-III.NFO,15/07/2024,09:15:21,24805.1,24806.45,250,24809.95,50,0,307900
NIFTY-III.NFO,15/07/2024,09:15:23,24806.45,24807.85,250,24809.95,50,25,307900
NIFTY-III.NFO,15/07/2024,09:15:23,24806.45,24807.85,250,24809.95,50,0,307900
NIFTY-III.NFO,15/07/2024,09:15:24,24810,24807.95,250,24814.8,25,325,307900
NIFTY-III.NFO,15/07/2024,09:15:24,24810,24807.95,250,24814.8,25,0,307900
NIFTY-III.NFO,15/07/2024,09:15:25,24810,24808.05,375,24814.8,25,0,307900
NIFTY-III.NFO,15/07/2024,09:15:27,24810,24810.45,125,24814.8,25,0,307900
NIFTY-III.NFO,15/07/2024,09:15:28,24810.9,24810.85,125,24821.25,100,200,307900
NIFTY-III.NFO,15/07/2024,09:15:28,24821.95,24810.85,125,24821.25,100,0,307900
NIFTY-III.NFO,15/07/2024,09:15:29,24810.85,24811.15,125,24821.65,100,25,307900
NIFTY-III.NFO,15/07/2024,09:15:31,24811.2,24811.5,125,24822.15,100,50,307900
NIFTY-III.NFO,15/07/2024,09:15:32,24811.2,24815,50,24821.45,100,0,307900
NIFTY-III.NFO,15/07/2024,09:15:33,24811.2,24815,50,24817.35,125,0,307900
NIFTY-III.NFO,15/07/2024,09:15:35,24815,24810,100,24814.7,100,50,307900
NIFTY-III.NFO,15/07/2024,09:15:36,24810,24810,75,24811.5,125,25,307900
NIFTY-III.NFO,15/07/2024,09:15:37,24810,24810,75,24811.45,100,0,307900
NIFTY-III.NFO,15/07/2024,09:15:39,24811.65,24810,150,24811.45,75,250,307900
NIFTY-III.NFO,15/07/2024,09:15:40,24806.55,24805.7,125,24812.9,100,350,307900
NIFTY-III.NFO,15/07/2024,09:15:42,24806.55,24806.55,200,24812.9,100,0,308225
NIFTY-III.NFO,15/07/2024,09:15:43,24807.35,24808.6,125,24811.1,25,25,308225
NIFTY-III.NFO,15/07/2024,09:15:44,24807.35,24808.6,125,24811.1,25,0,308225
NIFTY-III.NFO,15/07/2024,09:15:46,24810,24808.6,200,24811.1,25,25,308225
NIFTY-III.NFO,15/07/2024,09:15:47,24810,24809.45,75,24811.1,25,0,308225
NIFTY-III.NFO,15/07/2024,09:15:48,24810,24808.7,75,24811.1,25,0,308225
NIFTY-III.NFO,15/07/2024,09:15:51,24811.65,24810,100,24819.95,175,125,308225
NIFTY-III.NFO,15/07/2024,09:15:52,24811.65,24810,100,24819.95,175,0,308225
NIFTY-III.NFO,15/07/2024,09:15:54,24811.65,24810,100,24811.65,100,0,308225
NIFTY-III.NFO,15/07/2024,09:15:55,24807.85,24808.7,125,24811.65,100,400,308225
NIFTY-III.NFO,15/07/2024,09:15:56,24807.85,24809.55,75,24811.65,125,0,308225
NIFTY-III.NFO,15/07/2024,09:15:58,24811.65,24810,150,24811.65,100,75,308225
NIFTY-III.NFO,15/07/2024,09:15:59,24811.65,24810,75,24811.65,100,0,308225
NIFTY-III.NFO,15/07/2024,09:16:00,24810,24810,125,24811.65,125,25,308225
NIFTY-III.NFO,15/07/2024,09:16:02,24811.3,24812.25,125,24818.95,100,225,308225
NIFTY-III.NFO,15/07/2024,09:16:03,24811.3,24813.9,125,24819,25,0,308225
NIFTY-III.NFO,15/07/2024,09:16:04,24811.3,24813.9,75,24818.95,100,0,308225
NIFTY-III.NFO,15/07/2024,09:16:06,24819,24814,50,24819.95,100,50,308225
NIFTY-III.NFO,15/07/2024,09:16:07,24819,24815.7,75,24819.95,100,0,308225
NIFTY-III.NFO,15/07/2024,09:16:09,24815,24815.3,125,24820,125,125,308225
NIFTY-III.NFO,15/07/2024,09:16:10,24816.1,24816.1,75,24820,125,25,308225
NIFTY-III.NFO,15/07/2024,09:16:11,24820,24816.75,75,24820,25,125,308225
NIFTY-III.NFO,15/07/2024,09:16:13,24816.75,24817.55,100,24820,25,75,308225
NIFTY-III.NFO,15/07/2024,09:16:14,24820,24817.55,100,24820.9,25,25,308225
NIFTY-III.NFO,15/07/2024,09:16:15,24818.35,24819.25,100,24820.9,25,25,308225
NIFTY-III.NFO,15/07/2024,09:16:17,24818.35,24819.25,75,24820.9,25,0,308225
NIFTY-III.NFO,15/07/2024,09:16:18,24818.35,24819.35,25,24820.9,25,0,308225
NIFTY-III.NFO,15/07/2024,09:16:20,24820.9,24820.2,75,24821,50,50,308225
NIFTY-III.NFO,15/07/2024,09:16:21,24820.2,24820.95,100,24821,50,50,308225
NIFTY-III.NFO,15/07/2024,09:16:22,24821,24820.95,75,24822,100,50,308225
NIFTY-III.NFO,15/07/2024,09:16:24,24821,24820.95,75,24822,100,0,308225
NIFTY-III.NFO,15/07/2024,09:16:25,24821.65,24820.2,25,24822,75,50,308225
NIFTY-III.NFO,15/07/2024,09:16:25,24822,24820.2,25,24822,75,0,308225
NIFTY-III.NFO,15/07/2024,09:16:26,24820.2,24821,100,24822,75,25,308225
NIFTY-III.NFO,15/07/2024,09:16:28,24820.2,24821,100,24822,75,0,308225
NIFTY-III.NFO,15/07/2024,09:16:30,24822,24821.4,325,24822,50,50,308225
NIFTY-III.NFO,15/07/2024,09:16:32,24821.4,24821.6,325,24822,50,25,308225
NIFTY-III.NFO,15/07/2024,09:16:33,24821.6,24821,200,24822,50,100,308225
NIFTY-III.NFO,15/07/2024,09:16:34,24822,24822,175,24824,25,125,308225
NIFTY-III.NFO,15/07/2024,09:16:36,24822,24822,175,24824,25,0,308225
NIFTY-III.NFO,15/07/2024,09:16:37,24822,24822,25,24824,25,75,308225
NIFTY-III.NFO,15/07/2024,09:16:38,24822,24821,150,24824,25,25,308225
NIFTY-III.NFO,15/07/2024,09:16:40,24821,24821,50,24824.1,100,75,308225
NIFTY-III.NFO,15/07/2024,09:16:40,24824.85,24821,50,24824.1,100,0,308225
NIFTY-III.NFO,15/07/2024,09:16:41,24818.1,24816.25,250,24822,100,200,308225
NIFTY-III.NFO,15/07/2024,09:16:42,24816.25,24815.6,125,24820,100,25,308225
NIFTY-III.NFO,15/07/2024,09:16:44,24820.9,24816.8,250,24822,125,50,308225
NIFTY-III.NFO,15/07/2024,09:16:45,24816.8,24817.5,250,24822,125,100,308225
NIFTY-III.NFO,15/07/2024,09:16:47,24816.8,24820,25,24822,50,0,308225
NIFTY-III.NFO,15/07/2024,09:16:49,24816.8,24820,25,24822,125,0,308225
NIFTY-III.NFO,15/07/2024,09:16:51,24816.8,24820,25,24822,50,0,308225
NIFTY-III.NFO,15/07/2024,09:16:52,24820,24816.8,50,24821.75,100,25,308225
NIFTY-III.NFO,15/07/2024,09:16:53,24816.8,24816.8,25,24821.75,100,25,308225
NIFTY-III.NFO,15/07/2024,09:16:55,24821.75,24816.8,25,24821.95,100,25,308225
NIFTY-III.NFO,15/07/2024,09:16:56,24821.75,24816.8,25,24817.5,25,0,308225
NIFTY-III.NFO,15/07/2024,09:17:00,24821.75,24816.8,25,24817.45,175,0,308225
NIFTY-III.NFO,15/07/2024,09:17:02,24817.45,24811.65,25,24817.4,100,75,308225
NIFTY-III.NFO,15/07/2024,09:17:03,24816.8,24811.65,25,24817.4,100,25,308225
NIFTY-III.NFO,15/07/2024,09:17:04,24816.8,24811.7,50,24817.4,100,0,308225
NIFTY-III.NFO,15/07/2024,09:17:06,24811.85,24812.3,25,24817.5,100,25,308225
NIFTY-III.NFO,15/07/2024,09:17:07,24817.5,24815.6,25,24821.7,175,25,308225
NIFTY-III.NFO,15/07/2024,09:17:08,24817.5,24816.4,25,24816.8,25,0,308225
NIFTY-III.NFO,15/07/2024,09:17:10,24816.8,24818.1,25,24821.75,100,25,308225
NIFTY-III.NFO,15/07/2024,09:17:11,24816.8,24818.1,25,24821.75,100,0,308225
NIFTY-III.NFO,15/07/2024,09:17:12,24821.75,24821.75,900,24822,75,100,308225
NIFTY-III.NFO,15/07/2024,09:17:14,24821.75,24821.75,900,24821.95,100,0,308225
NIFTY-III.NFO,15/07/2024,09:17:15,24821.75,24821.75,875,24822,75,25,308225
NIFTY-III.NFO,15/07/2024,09:17:17,24821.75,24821.75,850,24821.95,100,25,308225
NIFTY-III.NFO,15/07/2024,09:17:18,24821.75,24821.75,825,24822,75,25,308225
NIFTY-III.NFO,15/07/2024,09:17:20,24821.75,24821.75,825,24821.95,100,0,308225
NIFTY-III.NFO,15/07/2024,09:17:21,24821.75,24821.75,850,24821.95,100,0,308225
NIFTY-III.NFO,15/07/2024,09:17:23,24821.75,24821.75,825,24822,75,25,308225
NIFTY-III.NFO,15/07/2024,09:17:24,24821.75,24821.75,825,24822,75,0,308225
NIFTY-III.NFO,15/07/2024,09:17:25,24821.75,24821.75,725,24821.95,100,100,308225
NIFTY-III.NFO,15/07/2024,09:17:27,24821.75,24821.75,725,24822,50,0,308225
NIFTY-III.NFO,15/07/2024,09:17:28,24824.9,24821.75,25,24824.6,75,825,308225
NIFTY-III.NFO,15/07/2024,09:17:28,24824.9,24821.75,25,24824.6,75,0,308225
NIFTY-III.NFO,15/07/2024,09:17:30,24824.9,24821.75,25,24824.3,150,0,308225
NIFTY-III.NFO,15/07/2024,09:17:33,24824.9,24821.75,50,24822.5,75,0,308225
NIFTY-III.NFO,15/07/2024,09:17:34,24823.95,24821.75,50,24824.45,125,25,308225
NIFTY-III.NFO,15/07/2024,09:17:36,24823.75,24821.75,50,24823.75,75,50,308225
NIFTY-III.NFO,15/07/2024,09:17:37,24823.75,24821.75,50,24822.5,200,0,308225
NIFTY-III.NFO,15/07/2024,09:17:39,24822.5,24821.75,50,24822.5,75,25,308225
NIFTY-III.NFO,15/07/2024,09:17:40,24821.75,24819,175,24822.05,200,50,308225
NIFTY-III.NFO,15/07/2024,09:17:42,24822.05,24819,175,24822.25,200,25,308225
NIFTY-III.NFO,15/07/2024,09:17:43,24822.25,24819,175,24822.1,200,25,308225
NIFTY-III.NFO,15/07/2024,09:17:45,24822.05,24819,175,24822.1,125,25,308225
NIFTY-III.NFO,15/07/2024,09:17:46,24819,24819,150,24821.4,200,25,308225
NIFTY-III.NFO,15/07/2024,09:17:48,24819,24819,150,24822,25,0,308225
NIFTY-III.NFO,15/07/2024,09:17:51,24819,24819,150,24822,100,0,308225
NIFTY-III.NFO,15/07/2024,09:17:54,24819,24819,125,24821.85,200,25,308225
NIFTY-III.NFO,15/07/2024,09:17:55,24819,24819,100,24821.85,75,25,308225
NIFTY-III.NFO,15/07/2024,09:17:57,24819.05,24819,100,24822,25,25,308225
NIFTY-III.NFO,15/07/2024,09:17:58,24819.05,24819.05,100,24822,25,0,308225
NIFTY-III.NFO,15/07/2024,09:18:00,24822,24822,475,24822.05,25,25,308225
NIFTY-III.NFO,15/07/2024,09:18:01,24822,24822,475,24822.05,25,0,308225
NIFTY-III.NFO,15/07/2024,09:18:03,24822,24822,400,24822.05,25,75,308225
NIFTY-III.NFO,15/07/2024,09:18:04,24822,24822,300,24822.05,25,100,308225
NIFTY-III.NFO,15/07/2024,09:18:06,24822.05,24822.25,275,24824,50,25,308225
NIFTY-III.NFO,15/07/2024,09:18:07,24822.25,24822.25,250,24824,50,25,308225
NIFTY-III.NFO,15/07/2024,09:18:09,24822.25,24822.25,225,24824,1050,25,308225
NIFTY-III.NFO,15/07/2024,09:18:10,24824,24822.25,225,24824,1025,25,308225
NIFTY-III.NFO,15/07/2024,09:18:11,24822.25,24822.25,175,24824,1025,50,308225
NIFTY-III.NFO,15/07/2024,09:18:13,24824,24819.05,175,24824,850,175,308225
NIFTY-III.NFO,15/07/2024,09:18:14,24824,24819.05,175,24824,850,0,308225
NIFTY-III.NFO,15/07/2024,09:18:16,24824,24819.05,100,24821.95,25,0,308225
NIFTY-III.NFO,15/07/2024,09:18:17,24824,24820.05,175,24824,775,100,308225
NIFTY-III.NFO,15/07/2024,09:18:19,24820.05,24820,100,24824,950,25,308225
NIFTY-III.NFO,15/07/2024,09:18:21,24824,24820.05,100,24824,850,50,308225
NIFTY-III.NFO,15/07/2024,09:18:22,24820.05,24820.05,100,24824,825,50,308225
NIFTY-III.NFO,15/07/2024,09:18:24,24820.05,24820,100,24823.95,150,0,308225
NIFTY-III.NFO,15/07/2024,09:18:25,24824,24820,100,24824,525,500,308225
NIFTY-III.NFO,15/07/2024,09:18:27,24824,24820,100,24824,525,0,308225
NIFTY-III.NFO,15/07/2024,09:18:30,24824,24820,100,24824,600,0,308225
NIFTY-III.NFO,15/07/2024,09:18:32,24820,24820,75,24824,600,25,308225
NIFTY-III.NFO,15/07/2024,09:18:34,24820,24820,75,24824,600,0,308225
NIFTY-III.NFO,15/07/2024,09:18:35,24820,24820,75,24823.95,125,0,308225
NIFTY-III.NFO,15/07/2024,09:18:37,24820,24820,75,24823.3,75,0,308225
NIFTY-III.NFO,15/07/2024,09:18:39,24820,24820,75,24823.25,125,0,308225
NIFTY-III.NFO,15/07/2024,09:18:40,24820,24820,50,24822.6,75,25,308225
NIFTY-III.NFO,15/07/2024,09:18:42,24820,24820,75,24823.85,200,0,308225
NIFTY-III.NFO,15/07/2024,09:18:43,24820,24820,75,24823.2,75,0,308225
NIFTY-III.NFO,15/07/2024,09:18:45,24820,24820,75,24822.3,200,0,308225
NIFTY-III.NFO,15/07/2024,09:18:47,24820,24816.8,25,24820.65,75,75,309600
NIFTY-III.NFO,15/07/2024,09:18:48,24820,24816.85,100,24822.3,75,0,309600
NIFTY-III.NFO,15/07/2024,09:18:51,24820,24816.8,25,24821.75,200,0,309600
NIFTY-III.NFO,15/07/2024,09:18:53,24820,24816.8,25,24820.45,200,0,309600
NIFTY-III.NFO,15/07/2024,09:18:55,24811.7,24811.7,100,24818.85,100,125,309600
NIFTY-III.NFO,15/07/2024,09:18:56,24811.7,24811.7,100,24818.4,100,0,309600
NIFTY-III.NFO,15/07/2024,09:18:58,24818.9,24811.7,100,24816.7,150,500,309600
NIFTY-III.NFO,15/07/2024,09:19:00,24816.7,24811.65,25,24816.15,150,25,309600
NIFTY-III.NFO,15/07/2024,09:19:01,24816.7,24811.7,175,24818.55,75,0,309600
NIFTY-III.NFO,15/07/2024,09:19:03,24818.55,24811.7,100,24818.55,50,25,309600
NIFTY-III.NFO,15/07/2024,09:19:05,24818.55,24813.75,25,24817.1,150,0,309600
NIFTY-III.NFO,15/07/2024,09:19:06,24818.55,24813.75,25,24818,100,0,309600
NIFTY-III.NFO,15/07/2024,09:19:08,24816.6,24817.1,425,24818,100,100,309600
NIFTY-III.NFO,15/07/2024,09:19:09,24817.1,24817.1,375,24818,25,50,309600
NIFTY-III.NFO,15/07/2024,09:19:11,24817.1,24817.1,350,24818,25,25,309600
NIFTY-III.NFO,15/07/2024,09:19:13,24817.1,24817.1,325,24818,100,25,309600
NIFTY-III.NFO,15/07/2024,09:19:14,24817.1,24817.1,300,24818,25,25,309600
NIFTY-III.NFO,15/07/2024,09:19:16,24817.1,24817.1,300,24818,25,0,309600
NIFTY-III.NFO,15/07/2024,09:19:18,24817.1,24817.15,100,24818,25,0,309600
NIFTY-III.NFO,15/07/2024,09:19:19,24817.1,24817.15,100,24818,50,0,309600
NIFTY-III.NFO,15/07/2024,09:19:21,24817.1,24817.1,300,24818,50,25,309600
NIFTY-III.NFO,15/07/2024,09:19:23,24818,24817.1,300,24818,25,25,309600
NIFTY-III.NFO,15/07/2024,09:19:24,24818,24818,225,24818.9,50,50,309600
NIFTY-III.NFO,15/07/2024,09:19:26,24818,24817.15,175,24818,25,250,309600
NIFTY-III.NFO,15/07/2024,09:19:27,24817.15,24817.15,175,24818,25,50,309600
NIFTY-III.NFO,15/07/2024,09:19:29,24817.15,24817.15,100,24818,25,0,309600
NIFTY-III.NFO,15/07/2024,09:19:30,24817.15,24817.15,175,24818,25,0,309600
NIFTY-III.NFO,15/07/2024,09:19:34,24818.9,24817.15,100,24818.9,25,50,309600
NIFTY-III.NFO,15/07/2024,09:19:35,24817.1,24817.1,25,24818.9,25,50,309600
NIFTY-III.NFO,15/07/2024,09:19:37,24817.1,24817.15,100,24818.9,25,0,309600
NIFTY-III.NFO,15/07/2024,09:19:40,24818.9,24817.1,100,24820,75,25,309600
NIFTY-III.NFO,15/07/2024,09:19:42,24818.9,24817.1,100,24820,75,0,309600
NIFTY-III.NFO,15/07/2024,09:19:43,24818.9,24817.15,175,24820,75,0,309600
NIFTY-III.NFO,15/07/2024,09:19:45,24818.9,24817.15,75,24820,75,0,309600
NIFTY-III.NFO,15/07/2024,09:19:47,24818.9,24817.1,125,24818.9,25,0,309600
NIFTY-III.NFO,15/07/2024,09:19:48,24818.9,24817.15,175,24818.9,25,0,309600
NIFTY-III.NFO,15/07/2024,09:19:52,24818.9,24818.05,175,24818.9,25,0,309600
NIFTY-III.NFO,15/07/2024,09:19:53,24818.9,24818,175,24818.9,25,0,309600
NIFTY-III.NFO,15/07/2024,09:19:55,24818.9,24818.05,175,24820,225,25,309600
NIFTY-III.NFO,15/07/2024,09:19:56,24820,24818.45,175,24820,150,75,309600
NIFTY-III.NFO,15/07/2024,09:19:58,24818.9,24818.5,175,24820,150,50,309600
NIFTY-III.NFO,15/07/2024,09:19:59,24819,24818.9,500,24819,425,25,309600
NIFTY-III.NFO,15/07/2024,09:20:01,24818.9,24818.9,425,24819,425,75,309600
NIFTY-III.NFO,15/07/2024,09:20:03,24818,24818,475,24819.95,100,450,309600
NIFTY-III.NFO,15/07/2024,09:20:04,24818,24818,475,24820,200,0,309600
NIFTY-III.NFO,15/07/2024,09:20:07,24820,24820.1,300,24823.95,175,200,309600
NIFTY-III.NFO,15/07/2024,09:20:09,24820,24820.1,300,24823.95,100,0,309600
NIFTY-III.NFO,15/07/2024,09:20:10,24820.1,24820.1,275,24823.95,100,25,309600
NIFTY-III.NFO,15/07/2024,09:20:12,24820.1,24820.15,100,24824,550,25,309600
NIFTY-III.NFO,15/07/2024,09:20:14,24820.1,24820.1,50,24823.95,100,25,309600
NIFTY-III.NFO,15/07/2024,09:20:15,24819,24819,350,24820,25,125,309600
NIFTY-III.NFO,15/07/2024,09:20:16,24819,24819,325,24820,25,25,309600
NIFTY-III.NFO,15/07/2024,09:20:18,24819,24819,325,24819.95,100,0,309600
NIFTY-III.NFO,15/07/2024,09:20:21,24819.95,24818,25,24819,175,325,309600
NIFTY-III.NFO,15/07/2024,09:20:23,24819.95,24818,25,24819,175,0,309600
NIFTY-III.NFO,15/07/2024,09:20:25,24819.95,24818,25,24818.75,325,0,309600
NIFTY-III.NFO,15/07/2024,09:20:26,24816.7,24816.7,125,24817.55,200,75,309600
NIFTY-III.NFO,15/07/2024,09:20:28,24816.7,24816.7,125,24817.55,75,0,309600
NIFTY-III.NFO,15/07/2024,09:20:30,24816.7,24815,25,24816.1,250,375,309600
NIFTY-III.NFO,15/07/2024,09:20:31,24815,24811.65,25,24814.6,325,25,309600
NIFTY-III.NFO,15/07/2024,09:20:33,24815,24811.65,25,24815.55,25,0,309600
NIFTY-III.NFO,15/07/2024,09:20:35,24815,24811.65,25,24815.55,200,0,309600
NIFTY-III.NFO,15/07/2024,09:20:36,24810,24804.15,100,24813.15,75,150,309600
NIFTY-III.NFO,15/07/2024,09:20:38,24810,24803.3,175,24811,175,0,309600
NIFTY-III.NFO,15/07/2024,09:20:40,24810,24803.3,175,24810.55,200,0,309600
NIFTY-III.NFO,15/07/2024,09:20:41,24810,24803.35,100,24810,100,75,309600
NIFTY-III.NFO,15/07/2024,09:20:43,24810,24803.35,100,24809.95,25,0,309600
NIFTY-III.NFO,15/07/2024,09:20:45,24810,24803.3,100,24809.95,25,0,309600
NIFTY-III.NFO,15/07/2024,09:20:46,24810,24801.5,100,24809.65,25,0,309600
NIFTY-III.NFO,15/07/2024,09:20:48,24810,24803.3,100,24809.2,25,0,309600
NIFTY-III.NFO,15/07/2024,09:20:49,24810,24801.5,100,24809.2,25,0,309600
NIFTY-III.NFO,15/07/2024,09:20:53,24801,24800.05,175,24801,75,25,309600
NIFTY-III.NFO,15/07/2024,09:20:54,24801,24800.05,175,24801,75,0,309600
NIFTY-III.NFO,15/07/2024,09:20:56,24800.25,24800.25,100,24809.2,75,150,309600
NIFTY-III.NFO,15/07/2024,09:20:58,24800.25,24801.2,100,24809.55,75,0,309600
NIFTY-III.NFO,15/07/2024,09:20:59,24800.25,24801.2,100,24809.5,75,0,309600
NIFTY-III.NFO,15/07/2024,09:21:01,24800.25,24801.4,100,24809.5,75,0,309600
NIFTY-III.NFO,15/07/2024,09:21:03,24800.25,24803.05,100,24809.95,75,0,309600
NIFTY-III.NFO,15/07/2024,09:21:04,24803.55,24803.55,100,24810,125,25,309600
NIFTY-III.NFO,15/07/2024,09:21:06,24803.55,24803.55,25,24810,75,75,309600
NIFTY-III.NFO,15/07/2024,09:21:08,24803.55,24804.55,25,24810,75,0,309600
NIFTY-III.NFO,15/07/2024,09:21:09,24803.55,24803.55,25,24805,25,0,309600
NIFTY-III.NFO,15/07/2024,09:21:11,24801.15,24801.15,150,24805,25,150,309600
NIFTY-III.NFO,15/07/2024,09:21:13,24801.15,24803.5,125,24805,25,0,309600
NIFTY-III.NFO,15/07/2024,09:21:15,24801.15,24802.25,75,24805,25,0,309600
NIFTY-III.NFO,15/07/2024,09:21:16,24805,24803,200,24809.95,175,25,309600
NIFTY-III.NFO,15/07/2024,09:21:18,24805,24803.65,75,24809.95,175,0,309600
NIFTY-III.NFO,15/07/2024,09:21:19,24805,24804.75,200,24810,75,0,309600
NIFTY-III.NFO,15/07/2024,09:21:21,24805,24808.05,125,24810,75,0,309600
NIFTY-III.NFO,15/07/2024,09:21:23,24809.65,24809.95,175,24815,50,100,309600
NIFTY-III.NFO,15/07/2024,09:21:24,24809.4,24809.4,75,24814.95,100,200,309600
NIFTY-III.NFO,15/07/2024,09:21:26,24809.4,24811,75,24815,50,0,309600
NIFTY-III.NFO,15/07/2024,09:21:28,24809.4,24809.4,75,24814.95,100,0,309600
NIFTY-III.NFO,15/07/2024,09:21:29,24809.4,24808.8,75,24814.95,175,0,309600
NIFTY-III.NFO,15/07/2024,09:21:31,24809.65,24809.45,150,24814.95,100,25,309600
NIFTY-III.NFO,15/07/2024,09:21:33,24814.95,24808.2,100,24814.95,150,50,309600
NIFTY-III.NFO,15/07/2024,09:21:34,24814.95,24808.45,175,24809.65,125,0,309600
NIFTY-III.NFO,15/07/2024,09:21:36,24809.65,24808.3,100,24809.65,25,100,309600
NIFTY-III.NFO,15/07/2024,09:21:38,24809.65,24808.3,100,24814.95,150,25,309600
NIFTY-III.NFO,15/07/2024,09:21:39,24814.95,24808.3,100,24814.95,125,25,309600
NIFTY-III.NFO,15/07/2024,09:21:41,24808.3,24808.3,100,24814.95,200,50,309600
NIFTY-III.NFO,15/07/2024,09:21:43,24808.3,24808.3,100,24814.95,275,0,311850
NIFTY-III.NFO,15/07/2024,09:21:44,24808.3,24809.05,175,24814.95,275,0,311850
NIFTY-III.NFO,15/07/2024,09:21:46,24808.3,24809,25,24814.95,275,0,311850
NIFTY-III.NFO,15/07/2024,09:21:51,24809,24809,25,24812.4,100,200,311850
NIFTY-III.NFO,15/07/2024,09:21:52,24809,24809,25,24814.9,100,0,311850
NIFTY-III.NFO,15/07/2024,09:21:54,24809,24809,25,24812.7,100,0,311850
NIFTY-III.NFO,15/07/2024,09:21:56,24809,24809,50,24812.7,100,0,311850
NIFTY-III.NFO,15/07/2024,09:22:01,24806.75,24804.4,25,24812.7,100,125,311850
NIFTY-III.NFO,15/07/2024,09:22:02,24806.75,24809,25,24812.1,100,0,311850
NIFTY-III.NFO,15/07/2024,09:22:06,24809,24803.3,100,24812.1,100,25,311850
NIFTY-III.NFO,15/07/2024,09:22:07,24803.3,24803.3,75,24812.1,100,25,311850
NIFTY-III.NFO,15/07/2024,09:22:09,24803.3,24803.3,75,24812.1,100,0,311850
NIFTY-III.NFO,15/07/2024,09:22:11,24811.4,24800.1,100,24809.05,100,25,311850
NIFTY-III.NFO,15/07/2024,09:22:12,24803.3,24803.25,100,24809.05,100,25,311850
NIFTY-III.NFO,15/07/2024,09:22:14,24803.3,24803.25,100,24810.6,100,0,311850
NIFTY-III.NFO,15/07/2024,09:22:15,24803.3,24803.25,100,24811.4,100,0,311850
NIFTY-III.NFO,15/07/2024,09:22:19,24803.3,24805,100,24810,25,0,311850
NIFTY-III.NFO,15/07/2024,09:22:22,24803.3,24805,100,24810,50,0,311850
NIFTY-III.NFO,15/07/2024,09:22:25,24803.3,24805.7,75,24810,50,0,311850
NIFTY-III.NFO,15/07/2024,09:22:28,24803.3,24807.15,75,24810,50,0,311850
NIFTY-III.NFO,15/07/2024,09:22:30,24803.3,24807.15,75,24810,25,0,311850
NIFTY-III.NFO,15/07/2024,09:22:32,24803.3,24807.55,75,24810,25,0,311850
NIFTY-III.NFO,15/07/2024,09:22:33,24803.3,24808.35,75,24810,25,0,311850
NIFTY-III.NFO,15/07/2024,09:22:35,24810,24809.2,75,24814.95,75,25,311850
NIFTY-III.NFO,15/07/2024,09:22:36,24810,24809.6,75,24814.95,75,0,311850
NIFTY-III.NFO,15/07/2024,09:22:40,24810,24812.05,200,24814.95,75,25,311850
NIFTY-III.NFO,15/07/2024,09:22:41,24810,24813.05,75,24814.95,75,0,311850
NIFTY-III.NFO,15/07/2024,09:22:43,24810,24813.35,125,24814.95,75,0,311850
NIFTY-III.NFO,15/07/2024,09:22:44,24811.95,24811.35,175,24814.95,75,350,311850
NIFTY-III.NFO,15/07/2024,09:22:46,24814.2,24812.85,200,24814.95,75,150,311850
NIFTY-III.NFO,15/07/2024,09:22:48,24812.85,24812.4,200,24814.95,75,50,311850
NIFTY-III.NFO,15/07/2024,09:22:49,24814.95,24814,75,24814.95,50,25,311850
NIFTY-III.NFO,15/07/2024,09:22:51,24814.95,24813.95,150,24814.95,25,25,311850
NIFTY-III.NFO,15/07/2024,09:22:52,24815,24814,75,24815,100,50,311850
NIFTY-III.NFO,15/07/2024,09:22:54,24815,24812.75,150,24815,100,0,311850
NIFTY-III.NFO,15/07/2024,09:22:56,24812.75,24810.5,125,24815,100,25,311850
NIFTY-III.NFO,15/07/2024,09:22:57,24815,24810.9,125,24815,25,75,311850
NIFTY-III.NFO,15/07/2024,09:22:59,24815,24813.95,25,24815,25,0,311850
NIFTY-III.NFO,15/07/2024,09:23:00,24815,24813.95,100,24815,25,0,311850
NIFTY-III.NFO,15/07/2024,09:23:02,24815,24813.95,25,24815,25,0,311850
NIFTY-III.NFO,15/07/2024,09:23:04,24815,24814.05,125,24815,25,0,311850
NIFTY-III.NFO,15/07/2024,09:23:05,24815,24814.9,75,24818,25,25,311850
NIFTY-III.NFO,15/07/2024,09:23:07,24815,24814.7,200,24818,25,0,311850
NIFTY-III.NFO,15/07/2024,09:23:09,24815.5,24816.1,175,24818,25,25,311850
NIFTY-III.NFO,15/07/2024,09:23:10,24815.5,24814.4,175,24818,25,0,311850
NIFTY-III.NFO,15/07/2024,09:23:12,24815.5,24813.95,25,24818,25,0,311850
NIFTY-III.NFO,15/07/2024,09:23:13,24813.95,24814,50,24818,25,25,311850
NIFTY-III.NFO,15/07/2024,09:23:15,24813.95,24814,50,24817.95,100,0,311850
NIFTY-III.NFO,15/07/2024,09:23:17,24813.95,24814.35,125,24818,25,0,311850
NIFTY-III.NFO,15/07/2024,09:23:18,24813.95,24814,125,24818,25,0,311850
NIFTY-III.NFO,15/07/2024,09:23:20,24819,24814,50,24819.9,175,50,311850
NIFTY-III.NFO,15/07/2024,09:23:22,24819,24814,50,24819.9,175,0,311850
NIFTY-III.NFO,15/07/2024,09:23:23,24819,24814,50,24815.5,25,0,311850
NIFTY-III.NFO,15/07/2024,09:23:25,24814,24814,25,24815.5,25,25,311850
NIFTY-III.NFO,15/07/2024,09:23:27,24814,24814,25,24815.5,25,0,311850
NIFTY-III.NFO,15/07/2024,09:23:28,24814,24810.35,75,24815.5,25,25,311850
NIFTY-III.NFO,15/07/2024,09:23:30,24814,24815.45,500,24815.5,25,0,311850
NIFTY-III.NFO,15/07/2024,09:23:35,24816,24816,500,24819.9,100,75,311850
NIFTY-III.NFO,15/07/2024,09:23:36,24816,24816,425,24819.9,100,0,311850
NIFTY-III.NFO,15/07/2024,09:23:38,24816,24816,400,24819.9,100,25,311850
NIFTY-III.NFO,15/07/2024,09:23:40,24816,24817,50,24819.9,100,0,311850
NIFTY-III.NFO,15/07/2024,09:23:48,24819.9,24817,50,24819.9,100,50,311850
NIFTY-III.NFO,15/07/2024,09:23:50,24819.9,24817,50,24819.9,100,0,311850
NIFTY-III.NFO,15/07/2024,09:23:54,24819.9,24817,50,24819.95,25,0,311850
NIFTY-III.NFO,15/07/2024,09:23:56,24820,24819.95,150,24820,1850,300,311850
NIFTY-III.NFO,15/07/2024,09:23:58,24820,24819.95,150,24820,1850,0,311850
NIFTY-III.NFO,15/07/2024,09:23:59,24820,24817,150,24820,1850,0,311850
NIFTY-III.NFO,15/07/2024,09:24:01,24820,24817,225,24820,1800,50,311850
NIFTY-III.NFO,15/07/2024,09:24:03,24820,24817,150,24820,1800,0,311850
NIFTY-III.NFO,15/07/2024,09:24:04,24820,24817,150,24820,1775,25,311850
NIFTY-III.NFO,15/07/2024,09:24:06,24820,24817,150,24820,1775,0,311850
NIFTY-III.NFO,15/07/2024,09:24:08,24820,24817,150,24820,1850,0,311850
NIFTY-III.NFO,15/07/2024,09:24:09,24820,24817,150,24820,1800,0,311850
NIFTY-III.NFO,15/07/2024,09:24:11,24820,24817,150,24819.8,75,0,311850
NIFTY-III.NFO,15/07/2024,09:24:13,24820,24817,150,24819.95,75,0,311850
NIFTY-III.NFO,15/07/2024,09:24:15,24820,24817,150,24820,2225,0,311850
NIFTY-III.NFO,15/07/2024,09:24:16,24820,24817,150,24820,2150,0,311850
NIFTY-III.NFO,15/07/2024,09:24:19,24820,24817,150,24820,2250,0,311850
NIFTY-III.NFO,15/07/2024,09:24:21,24820,24816,25,24820,2100,150,311850
NIFTY-III.NFO,15/07/2024,09:24:23,24820,24816,25,24819.9,75,0,311850
NIFTY-III.NFO,15/07/2024,09:24:24,24820,24816,25,24819.1,75,0,311850
NIFTY-III.NFO,15/07/2024,09:24:26,24820,24816,25,24818.65,200,0,311850
NIFTY-III.NFO,15/07/2024,09:24:27,24820,24816,25,24818.35,200,0,311850
NIFTY-III.NFO,15/07/2024,09:24:29,24816,24815,25,24817.8,75,25,311850
NIFTY-III.NFO,15/07/2024,09:24:31,24816,24815,25,24817.55,75,0,311850
NIFTY-III.NFO,15/07/2024,09:24:34,24816,24815,25,24817.05,75,0,311850
NIFTY-III.NFO,15/07/2024,09:24:35,24816,24815,25,24816.05,200,0,311850
NIFTY-III.NFO,15/07/2024,09:24:37,24816,24815,25,24816.9,200,0,311850
NIFTY-III.NFO,15/07/2024,09:24:39,24816,24815,25,24817.35,200,0,311850
NIFTY-III.NFO,15/07/2024,09:24:40,24816,24810.85,75,24816.9,200,0,311850
NIFTY-III.NFO,15/07/2024,09:24:42,24816,24810.35,75,24815,100,0,311850
NIFTY-III.NFO,15/07/2024,09:24:44,24816,24810.4,75,24815,100,0,311850
NIFTY-III.NFO,15/07/2024,09:24:45,24816,24810.8,100,24815,25,0,311850
NIFTY-III.NFO,15/07/2024,09:24:47,24816,24810.3,100,24815,25,0,311850
NIFTY-III.NFO,15/07/2024,09:24:49,24816,24810.55,75,24815,100,0,311850
NIFTY-III.NFO,15/07/2024,09:24:50,24816,24810,50,24815,100,0,311850
NIFTY-III.NFO,15/07/2024,09:24:52,24815,24815,25,24816,125,475,312250
NIFTY-III.NFO,15/07/2024,09:24:53,24815,24810,50,24812.7,200,25,312250
NIFTY-III.NFO,15/07/2024,09:24:55,24813.5,24810,50,24812.85,125,25,312250
NIFTY-III.NFO,15/07/2024,09:24:57,24813.5,24810,50,24814.35,200,0,312250
NIFTY-III.NFO,15/07/2024,09:24:58,24813.5,24810,50,24814.35,125,0,312250
NIFTY-III.NFO,15/07/2024,09:25:00,24813.5,24810,50,24815.1,200,0,312250
NIFTY-III.NFO,15/07/2024,09:25:02,24810,24805.25,100,24810,100,50,312250
NIFTY-III.NFO,15/07/2024,09:25:03,24811.2,24807.7,100,24811.2,25,150,312250
NIFTY-III.NFO,15/07/2024,09:25:05,24811.2,24807.5,100,24812,100,0,312250
NIFTY-III.NFO,15/07/2024,09:25:06,24810,24810,450,24812,100,50,312250
NIFTY-III.NFO,15/07/2024,09:25:08,24810,24810,375,24812,100,75,312250
NIFTY-III.NFO,15/07/2024,09:25:10,24812.75,24806.45,100,24813.05,75,375,312250
NIFTY-III.NFO,15/07/2024,09:25:11,24812.75,24806.45,100,24813.05,75,0,312250
NIFTY-III.NFO,15/07/2024,09:25:16,24812.75,24808.3,25,24813.15,200,0,312250
NIFTY-III.NFO,15/07/2024,09:25:17,24812.75,24808.3,25,24812.35,200,0,312250
NIFTY-III.NFO,15/07/2024,09:25:19,24812.75,24808.35,175,24813.5,25,0,312250
NIFTY-III.NFO,15/07/2024,09:25:24,24813.5,24809.85,175,24815,25,50,312250
NIFTY-III.NFO,15/07/2024,09:25:26,24813.5,24809.9,100,24815,25,0,312250
NIFTY-III.NFO,15/07/2024,09:25:27,24813.5,24809,100,24813,25,0,312250
NIFTY-III.NFO,15/07/2024,09:25:29,24809,24810.35,100,24813,25,25,312250
NIFTY-III.NFO,15/07/2024,09:25:31,24809,24811.3,100,24813,25,0,312250
NIFTY-III.NFO,15/07/2024,09:25:32,24811.3,24810.7,175,24813,25,25,312250
NIFTY-III.NFO,15/07/2024,09:25:34,24811.3,24808.5,175,24813,25,0,312250
NIFTY-III.NFO,15/07/2024,09:25:35,24811.3,24807.35,100,24813,25,0,312250
NIFTY-III.NFO,15/07/2024,09:25:37,24807.35,24807.35,100,24813,25,25,312250
NIFTY-III.NFO,15/07/2024,09:25:39,24807.35,24806.6,100,24813,100,0,312250
NIFTY-III.NFO,15/07/2024,09:25:40,24807.35,24806.6,100,24813,25,0,312250
NIFTY-III.NFO,15/07/2024,09:25:43,24807.35,24806.6,100,24809,25,0,312250
NIFTY-III.NFO,15/07/2024,09:25:47,24809,24806.6,100,24813,25,25,312250
NIFTY-III.NFO,15/07/2024,09:25:48,24809,24806.6,100,24811,25,0,312250
NIFTY-III.NFO,15/07/2024,09:25:54,24809,24807,100,24811,25,0,312250
NIFTY-III.NFO,15/07/2024,09:25:57,24809,24807,150,24809,25,0,312250
NIFTY-III.NFO,15/07/2024,09:26:01,24811,24811,675,24812,25,50,312250
NIFTY-III.NFO,15/07/2024,09:26:02,24811.05,24811.05,150,24812,25,25,312250
NIFTY-III.NFO,15/07/2024,09:26:04,24811.05,24811,675,24812,25,0,312250
NIFTY-III.NFO,15/07/2024,09:26:09,24811,24811,650,24812,25,25,312250
NIFTY-III.NFO,15/07/2024,09:26:10,24811,24811,650,24812,25,0,312250
NIFTY-III.NFO,15/07/2024,09:26:12,24811,24811,650,24811.95,175,0,312250
NIFTY-III.NFO,15/07/2024,09:26:15,24811,24811,475,24811.05,75,200,312250
NIFTY-III.NFO,15/07/2024,09:26:17,24811,24811,475,24811.05,75,0,312250
NIFTY-III.NFO,15/07/2024,09:26:19,24811,24811,475,24812,100,0,312250
NIFTY-III.NFO,15/07/2024,09:26:22,24811,24811,475,24812,25,0,312250
NIFTY-III.NFO,15/07/2024,09:26:24,24811,24811,475,24812,100,0,312250
NIFTY-III.NFO,15/07/2024,09:26:25,24811,24811.55,25,24812,100,0,312250
NIFTY-III.NFO,15/07/2024,09:26:27,24811,24811.55,25,24812,25,0,312250
NIFTY-III.NFO,15/07/2024,09:26:28,24811,24811,525,24812,25,0,312250
NIFTY-III.NFO,15/07/2024,09:26:35,24811,24811,325,24812,25,200,312250
NIFTY-III.NFO,15/07/2024,09:26:37,24811,24811,325,24812,25,0,312250
NIFTY-III.NFO,15/07/2024,09:26:46,24811,24811,350,24812,25,0,312250
NIFTY-III.NFO,15/07/2024,09:26:56,24811,24811,350,24812,100,0,312250
NIFTY-III.NFO,15/07/2024,09:26:59,24811,24811,325,24812,100,25,312250
NIFTY-III.NFO,15/07/2024,09:27:01,24811,24811,325,24812,100,0,312250
NIFTY-III.NFO,15/07/2024,09:27:03,24811,24811,75,24812,25,0,312250
NIFTY-III.NFO,15/07/2024,09:27:04,24811,24811,75,24812,100,0,312250
NIFTY-III.NFO,15/07/2024,09:27:06,24810,24810,150,24810.4,150,200,312250
NIFTY-III.NFO,15/07/2024,09:27:08,24809.45,24809,275,24809.35,75,200,312250
NIFTY-III.NFO,15/07/2024,09:27:09,24809.35,24809,275,24809.35,50,25,312250
NIFTY-III.NFO,15/07/2024,09:27:11,24809.35,24809,275,24809.35,50,0,312250
NIFTY-III.NFO,15/07/2024,09:27:13,24809.35,24809,275,24811.25,75,0,312250
NIFTY-III.NFO,15/07/2024,09:27:14,24809.35,24809,275,24812,100,0,312250
NIFTY-III.NFO,15/07/2024,09:27:16,24809.35,24809.05,100,24812,25,0,312250
NIFTY-III.NFO,15/07/2024,09:27:17,24809.35,24809.35,25,24812,25,0,312250
NIFTY-III.NFO,15/07/2024,09:27:19,24809.35,24809.4,100,24812,25,0,312250
NIFTY-III.NFO,15/07/2024,09:27:22,24809.35,24809.4,175,24812,25,0,312250
NIFTY-III.NFO,15/07/2024,09:27:24,24809.4,24809.4,175,24812,25,25,312250
NIFTY-III.NFO,15/07/2024,09:27:26,24809.4,24809.4,175,24812,25,0,312250
NIFTY-III.NFO,15/07/2024,09:27:29,24809.4,24810.85,175,24812,25,0,312250
NIFTY-III.NFO,15/07/2024,09:27:31,24809.4,24810.05,100,24812,25,0,312250
NIFTY-III.NFO,15/07/2024,09:27:32,24809.4,24810.05,175,24812,25,0,312250
NIFTY-III.NFO,15/07/2024,09:27:34,24813,24810.05,175,24813.5,25,50,312250
NIFTY-III.NFO,15/07/2024,09:27:36,24810.05,24810.1,100,24813.5,25,25,312250
NIFTY-III.NFO,15/07/2024,09:27:37,24810.05,24811.3,175,24813.5,25,0,312250
NIFTY-III.NFO,15/07/2024,09:27:40,24810.05,24811.95,100,24813.5,25,0,312250
NIFTY-III.NFO,15/07/2024,09:27:42,24810.05,24812.6,100,24813.5,25,0,312250
NIFTY-III.NFO,15/07/2024,09:27:44,24813.5,24813.4,175,24815,100,25,313175
NIFTY-III.NFO,15/07/2024,09:27:45,24813.4,24813.75,50,24815,100,200,313175
NIFTY-III.NFO,15/07/2024,09:27:47,24813.4,24813.8,125,24815,100,0,313175
NIFTY-III.NFO,15/07/2024,09:27:49,24815,24814.2,50,24815,75,25,313175
NIFTY-III.NFO,15/07/2024,09:27:50,24815,24813.65,50,24815,75,0,313175
NIFTY-III.NFO,15/07/2024,09:27:52,24813.6,24813.6,25,24815,75,25,313175
NIFTY-III.NFO,15/07/2024,09:27:54,24813.6,24813.6,25,24815,75,0,313175
NIFTY-III.NFO,15/07/2024,09:27:57,24813.6,24813.6,100,24815,75,0,313175
NIFTY-III.NFO,15/07/2024,09:27:59,24816,24813.65,25,24819.95,175,100,313175
NIFTY-III.NFO,15/07/2024,09:28:00,24816,24813.85,25,24819.95,100,0,313175
NIFTY-III.NFO,15/07/2024,09:28:02,24816,24813.85,25,24819.95,175,0,313175
NIFTY-III.NFO,15/07/2024,09:28:04,24816,24813.85,25,24819.95,100,0,313175
NIFTY-III.NFO,15/07/2024,09:28:05,24816,24814.4,25,24819,75,0,313175
NIFTY-III.NFO,15/07/2024,09:28:07,24816,24814.55,25,24819,75,0,313175
NIFTY-III.NFO,15/07/2024,09:28:09,24819,24816,75,24818.95,100,25,313175
NIFTY-III.NFO,15/07/2024,09:28:10,24819,24816,75,24818.95,100,0,313175
NIFTY-III.NFO,15/07/2024,09:28:13,24819,24816,150,24819,25,25,313175
NIFTY-III.NFO,15/07/2024,09:28:15,24819,24816,50,24818.95,100,0,313175
NIFTY-III.NFO,15/07/2024,09:28:16,24819,24816,75,24818.95,100,0,313175
NIFTY-III.NFO,15/07/2024,09:28:20,24818.95,24816,25,24818.95,175,50,313175
NIFTY-III.NFO,15/07/2024,09:28:21,24816,24811.55,75,24815.75,150,75,313175
NIFTY-III.NFO,15/07/2024,09:28:23,24816,24811.05,200,24815.2,75,0,313175
NIFTY-III.NFO,15/07/2024,09:28:25,24816,24811.05,200,24815.75,75,0,313175
NIFTY-III.NFO,15/07/2024,09:28:26,24815.75,24811.1,175,24815.8,125,100,313175
NIFTY-III.NFO,15/07/2024,09:28:28,24815.8,24811.1,175,24815.8,75,50,313175
NIFTY-III.NFO,15/07/2024,09:28:29,24815.8,24816,25,24818.8,100,75,313175
NIFTY-III.NFO,15/07/2024,09:28:31,24815.8,24816,25,24818.3,200,0,313175
NIFTY-III.NFO,15/07/2024,09:28:33,24815.8,24816,25,24816.95,200,0,313175
NIFTY-III.NFO,15/07/2024,09:28:36,24816,24811.05,200,24816.1,150,25,313175
NIFTY-III.NFO,15/07/2024,09:28:38,24816,24811.05,200,24815.55,75,0,313175
NIFTY-III.NFO,15/07/2024,09:28:39,24816.2,24811.05,125,24815.6,200,175,313175
NIFTY-III.NFO,15/07/2024,09:28:41,24816.2,24811.05,125,24815.6,200,0,313175
NIFTY-III.NFO,15/07/2024,09:28:42,24816.2,24811.05,125,24815.6,75,0,313175
NIFTY-III.NFO,15/07/2024,09:28:45,24816.2,24811.1,175,24817.55,75,0,313175
NIFTY-III.NFO,15/07/2024,09:28:47,24816.2,24811.1,175,24818.8,100,0,313175
NIFTY-III.NFO,15/07/2024,09:28:49,24816.2,24810.65,100,24817.75,125,0,313175
NIFTY-III.NFO,15/07/2024,09:28:50,24816.2,24810.65,100,24817.75,75,0,313175
NIFTY-III.NFO,15/07/2024,09:28:54,24816.2,24812,500,24817.05,125,0,313175
NIFTY-III.NFO,15/07/2024,09:28:55,24816.2,24812.05,175,24817.2,75,0,313175
NIFTY-III.NFO,15/07/2024,09:28:57,24816.2,24812.05,175,24818,25,0,313175
NIFTY-III.NFO,15/07/2024,09:28:59,24818,24817.15,175,24818.8,25,25,313175
NIFTY-III.NFO,15/07/2024,09:29:00,24818,24816.65,100,24818.8,25,0,313175
NIFTY-III.NFO,15/07/2024,09:29:02,24818,24814.95,100,24818.8,25,0,313175
NIFTY-III.NFO,15/07/2024,09:29:04,24814.95,24815.85,100,24818,25,25,313175
NIFTY-III.NFO,15/07/2024,09:29:05,24814.95,24815.85,100,24818,25,0,313175
NIFTY-III.NFO,15/07/2024,09:29:07,24814.95,24816.7,175,24818,25,0,313175
NIFTY-III.NFO,15/07/2024,09:29:09,24814.95,24816.8,175,24818,25,0,313175
NIFTY-III.NFO,15/07/2024,09:29:11,24814.95,24815.4,175,24818,25,0,313175
NIFTY-III.NFO,15/07/2024,09:29:12,24815.4,24815.4,175,24818.8,25,25,313175
NIFTY-III.NFO,15/07/2024,09:29:14,24815.4,24814.65,100,24818.8,25,0,313175
NIFTY-III.NFO,15/07/2024,09:29:16,24815.4,24812.1,100,24818.8,100,0,313175
NIFTY-III.NFO,15/07/2024,09:29:17,24815.4,24814.3,100,24818.8,100,0,313175
NIFTY-III.NFO,15/07/2024,09:29:19,24815.4,24814.3,100,24818.75,75,0,313175
NIFTY-III.NFO,15/07/2024,09:29:21,24815.4,24814.3,100,24818.8,25,0,313175
NIFTY-III.NFO,15/07/2024,09:29:22,24815.4,24814.3,175,24818.8,25,0,313175
NIFTY-III.NFO,15/07/2024,09:29:24,24814.3,24814.3,175,24818.8,25,25,313175
NIFTY-III.NFO,15/07/2024,09:29:26,24814.3,24814.3,100,24815.4,25,0,313175
NIFTY-III.NFO,15/07/2024,09:29:34,24815.4,24815.45,175,24818.8,25,25,313175
NIFTY-III.NFO,15/07/2024,09:29:35,24815.4,24816.1,100,24818.8,25,0,313175
NIFTY-III.NFO,15/07/2024,09:29:37,24816.8,24816.8,175,24818.8,25,25,313175
NIFTY-III.NFO,15/07/2024,09:29:39,24816.8,24817.4,150,24818.8,25,25,313175
NIFTY-III.NFO,15/07/2024,09:29:40,24816.8,24817,150,24818.8,25,0,313175
NIFTY-III.NFO,15/07/2024,09:29:42,24816.8,24817,75,24818.8,25,0,313175
NIFTY-III.NFO,15/07/2024,09:29:43,24816.8,24816.8,150,24818.8,25,0,313175
NIFTY-III.NFO,15/07/2024,09:29:45,24816.8,24817.05,150,24818.8,50,0,313175
NIFTY-III.NFO,15/07/2024,09:29:47,24816.8,24817.65,150,24818.8,50,0,313175
NIFTY-III.NFO,15/07/2024,09:29:48,24816.8,24817.2,125,24818.8,50,0,313175
NIFTY-III.NFO,15/07/2024,09:29:50,24816.8,24817,25,24818.8,50,0,313175
NIFTY-III.NFO,15/07/2024,09:29:52,24818.8,24817,125,24818.8,25,25,313175
NIFTY-III.NFO,15/07/2024,09:29:53,24818.8,24817,125,24817.9,25,0,313175
NIFTY-III.NFO,15/07/2024,09:29:55,24818.8,24817.15,200,24817.9,25,0,313175
NIFTY-III.NFO,15/07/2024,09:29:57,24817.15,24817,125,24817.9,25,100,313175
NIFTY-III.NFO,15/07/2024,09:29:58,24819,24817,125,24819,350,50,313175
NIFTY-III.NFO,15/07/2024,09:30:00,24819,24817.85,175,24819,350,0,313175
NIFTY-III.NFO,15/07/2024,09:30:02,24819,24817,125,24819,350,0,313175
NIFTY-III.NFO,15/07/2024,09:30:07,24818.95,24817,125,24819,325,50,313175
NIFTY-III.NFO,15/07/2024,09:30:08,24818.95,24817,125,24819,325,0,313175
NIFTY-III.NFO,15/07/2024,09:30:12,24818.95,24818,100,24819,325,0,313175
NIFTY-III.NFO,15/07/2024,09:30:13,24819,24818,100,24819,300,25,313175
NIFTY-III.NFO,15/07/2024,09:30:14,24818,24818,25,24818.95,100,75,313175
NIFTY-III.NFO,15/07/2024,09:30:16,24818,24818,25,24818.95,100,0,313175
NIFTY-III.NFO,15/07/2024,09:30:18,24818,24818,25,24818.8,100,0,313175
NIFTY-III.NFO,15/07/2024,09:30:19,24818,24818,25,24818.95,100,0,313175
NIFTY-III.NFO,15/07/2024,09:30:24,24818,24817,125,24817.95,100,25,313175
NIFTY-III.NFO,15/07/2024,09:30:26,24818,24817,25,24817.95,100,0,313175
NIFTY-III.NFO,15/07/2024,09:30:27,24818,24817,25,24818,1550,0,313175
NIFTY-III.NFO,15/07/2024,09:30:29,24817.95,24816.8,25,24817.95,100,25,313175
NIFTY-III.NFO,15/07/2024,09:30:30,24817.95,24816.8,25,24817.95,100,0,313175
NIFTY-III.NFO,15/07/2024,09:30:32,24816.8,24815.4,650,24817.95,125,125,313175
NIFTY-III.NFO,15/07/2024,09:30:34,24816.8,24815.5,125,24817.95,125,0,313175
NIFTY-III.NFO,15/07/2024,09:30:35,24816.8,24815.5,125,24815.95,125,0,313175
NIFTY-III.NFO,15/07/2024,09:30:37,24816.8,24815.5,125,24816.1,125,0,313175
NIFTY-III.NFO,15/07/2024,09:30:39,24815.4,24815.4,425,24815.6,125,350,313175
NIFTY-III.NFO,15/07/2024,09:30:40,24815,24812,500,24815.5,100,825,313175
NIFTY-III.NFO,15/07/2024,09:30:42,24815,24812,500,24815,200,0,313175
NIFTY-III.NFO,15/07/2024,09:30:45,24815,24812,500,24814.9,125,0,313175
NIFTY-III.NFO,15/07/2024,09:30:47,24815,24812,500,24814.85,125,0,313175
NIFTY-III.NFO,15/07/2024,09:30:50,24815,24812,500,24815,1550,0,313175
NIFTY-III.NFO,15/07/2024,09:30:55,24812,24812,475,24815,1550,25,314625
NIFTY-III.NFO,15/07/2024,09:30:57,24812,24812,475,24814,25,0,314625
NIFTY-III.NFO,15/07/2024,09:31:06,24814,24812,475,24814.15,325,25,314625
NIFTY-III.NFO,15/07/2024,09:31:08,24814,24812,475,24814.5,250,0,314625
NIFTY-III.NFO,15/07/2024,09:31:09,24815,24812,475,24815,1675,25,314625
NIFTY-III.NFO,15/07/2024,09:31:11,24815,24812,475,24815,1675,0,314625
NIFTY-III.NFO,15/07/2024,09:31:17,24815,24812.05,100,24815,1700,0,314625
NIFTY-III.NFO,15/07/2024,09:31:19,24815,24812.05,175,24815,1700,0,314625
NIFTY-III.NFO,15/07/2024,09:31:21,24815,24812.05,100,24815,1700,0,314625
NIFTY-III.NFO,15/07/2024,09:31:22,24815,24813,100,24815,1700,0,314625
NIFTY-III.NFO,15/07/2024,09:31:24,24815,24813,100,24815,1675,25,314625
NIFTY-III.NFO,15/07/2024,09:31:25,24815,24813.05,100,24815,1675,0,314625
NIFTY-III.NFO,15/07/2024,09:31:27,24815,24813,100,24815,1675,0,314625
NIFTY-III.NFO,15/07/2024,09:31:30,24815,24812,475,24815,1550,125,314625
NIFTY-III.NFO,15/07/2024,09:31:32,24815,24812,475,24815,1550,0,314625
NIFTY-III.NFO,15/07/2024,09:31:39,24812,24812,450,24815,1550,25,314625
NIFTY-III.NFO,15/07/2024,09:31:45,24815,24812,450,24815,1550,25,314625
NIFTY-III.NFO,15/07/2024,09:31:46,24812,24812,425,24815,1550,25,314625
NIFTY-III.NFO,15/07/2024,09:31:48,24812,24813,50,24815,1550,0,314625
NIFTY-III.NFO,15/07/2024,09:31:50,24813,24813,25,24815,1525,25,314625
NIFTY-III.NFO,15/07/2024,09:31:51,24813,24813.05,100,24815,1525,0,314625
NIFTY-III.NFO,15/07/2024,09:31:53,24813,24813,25,24815,1525,0,314625
NIFTY-III.NFO,15/07/2024,09:31:54,24815,24810.45,100,24815,1500,50,314625
NIFTY-III.NFO,15/07/2024,09:31:56,24815,24814.75,100,24815,1500,0,314625
NIFTY-III.NFO,15/07/2024,09:31:58,24815,24813.6,100,24815,1500,0,314625
NIFTY-III.NFO,15/07/2024,09:31:59,24815,24814.1,75,24815,1500,0,314625
NIFTY-III.NFO,15/07/2024,09:32:01,24815,24812.15,100,24815,1500,0,314625
NIFTY-III.NFO,15/07/2024,09:32:03,24815,24812,425,24815,1500,0,314625
NIFTY-III.NFO,15/07/2024,09:32:06,24815,24812,425,24815,1700,0,314625
NIFTY-III.NFO,15/07/2024,09:32:07,24815,24812,425,24814.2,325,0,314625
NIFTY-III.NFO,15/07/2024,09:32:09,24815,24812,425,24814.2,75,0,314625
NIFTY-III.NFO,15/07/2024,09:32:11,24815,24812,425,24814.6,75,0,314625
NIFTY-III.NFO,15/07/2024,09:32:12,24815,24812.1,25,24814.6,325,0,314625
NIFTY-III.NFO,15/07/2024,09:32:14,24812.1,24812,425,24815,1800,25,314625
NIFTY-III.NFO,15/07/2024,09:32:15,24812.1,24812,425,24815,2125,0,314625
NIFTY-III.NFO,15/07/2024,09:32:17,24812,24810.1,25,24812,900,425,314625
NIFTY-III.NFO,15/07/2024,09:32:18,24806.9,24807.25,75,24811.95,100,250,314625
NIFTY-III.NFO,15/07/2024,09:32:20,24812,24807.05,100,24811.95,175,50,314625
NIFTY-III.NFO,15/07/2024,09:32:22,24812,24807.15,75,24811.95,175,0,314625
NIFTY-III.NFO,15/07/2024,09:32:25,24807.2,24805.55,75,24811.95,175,25,314625
NIFTY-III.NFO,15/07/2024,09:32:26,24807.2,24804.45,75,24811.95,175,0,314625
NIFTY-III.NFO,15/07/2024,09:32:29,24807.2,24807,75,24811.95,175,0,314625
NIFTY-III.NFO,15/07/2024,09:32:31,24807.2,24807.3,75,24811.95,175,0,314625
NIFTY-III.NFO,15/07/2024,09:32:33,24807.2,24805.7,150,24811.95,175,0,314625
NIFTY-III.NFO,15/07/2024,09:32:34,24805.7,24805.7,125,24811.95,425,25,314625
NIFTY-III.NFO,15/07/2024,09:32:36,24805.7,24805.7,50,24811.95,425,0,314625
NIFTY-III.NFO,15/07/2024,09:32:37,24805.7,24805.05,125,24811.95,425,0,314625
NIFTY-III.NFO,15/07/2024,09:32:39,24805.7,24804.2,125,24811.55,225,0,314625
NIFTY-III.NFO,15/07/2024,09:32:40,24805.7,24804.2,125,24810.5,100,0,314625
NIFTY-III.NFO,15/07/2024,09:32:42,24805.7,24805.1,50,24811.55,100,0,314625
NIFTY-III.NFO,15/07/2024,09:32:44,24805.7,24805.75,50,24811.95,175,75,314625
NIFTY-III.NFO,15/07/2024,09:32:45,24811.95,24806.05,150,24811.95,175,25,314625
NIFTY-III.NFO,15/07/2024,09:32:47,24811.95,24806.05,150,24811.95,75,0,314625
NIFTY-III.NFO,15/07/2024,09:32:48,24811.95,24806.85,150,24810,850,0,314625
NIFTY-III.NFO,15/07/2024,09:32:50,24806.85,24806.85,125,24810,850,25,314625
NIFTY-III.NFO,15/07/2024,09:32:51,24806.85,24806.05,125,24810,850,0,314625
NIFTY-III.NFO,15/07/2024,09:32:55,24806.85,24806.05,50,24810,850,0,314625
NIFTY-III.NFO,15/07/2024,09:32:56,24806.85,24806.05,125,24810,850,0,314625
NIFTY-III.NFO,15/07/2024,09:32:58,24806.85,24806.05,50,24810,850,0,314625
NIFTY-III.NFO,15/07/2024,09:32:59,24806.85,24806.15,50,24810,850,0,314625
NIFTY-III.NFO,15/07/2024,09:33:01,24806.85,24807,125,24810,850,0,314625
NIFTY-III.NFO,15/07/2024,09:33:02,24806.85,24807.05,50,24810,850,0,314625
NIFTY-III.NFO,15/07/2024,09:33:04,24810,24807.25,125,24810,550,300,314625
NIFTY-III.NFO,15/07/2024,09:33:06,24810,24807.2,50,24810,550,0,314625
NIFTY-III.NFO,15/07/2024,09:33:07,24810,24808,125,24810,550,0,314625
NIFTY-III.NFO,15/07/2024,09:33:09,24810,24809.6,100,24810,200,375,314625
NIFTY-III.NFO,15/07/2024,09:33:10,24810,24808.7,100,24810,125,75,314625
NIFTY-III.NFO,15/07/2024,09:33:12,24810,24809.8,25,24810,125,0,314625
NIFTY-III.NFO,15/07/2024,09:33:15,24810,24810.6,100,24812,100,125,314625
NIFTY-III.NFO,15/07/2024,09:33:17,24812,24812.6,150,24815,475,100,314625
NIFTY-III.NFO,15/07/2024,09:33:19,24812,24813.3,25,24815,475,0,314625
NIFTY-III.NFO,15/07/2024,09:33:20,24812,24813.85,25,24815,475,0,314625
NIFTY-III.NFO,15/07/2024,09:33:24,24812,24813.15,50,24815,475,0,314625
NIFTY-III.NFO,15/07/2024,09:33:25,24813.5,24813.5,125,24815,475,25,314625
NIFTY-III.NFO,15/07/2024,09:33:27,24813.5,24812.1,50,24815,475,0,314625
NIFTY-III.NFO,15/07/2024,09:33:28,24813.5,24812.85,50,24815,475,0,314625
NIFTY-III.NFO,15/07/2024,09:33:30,24815,24813.5,50,24815,450,25,314625
NIFTY-III.NFO,15/07/2024,09:33:32,24815,24813,50,24815,450,0,314625
NIFTY-III.NFO,15/07/2024,09:33:35,24815,24813,50,24815,475,0,314625
NIFTY-III.NFO,15/07/2024,09:33:37,24815,24810.4,125,24814.95,175,0,314625
NIFTY-III.NFO,15/07/2024,09:33:38,24815,24810.75,50,24814.95,100,0,314625
NIFTY-III.NFO,15/07/2024,09:33:40,24815,24809.25,125,24814.95,175,0,314625
NIFTY-III.NFO,15/07/2024,09:33:42,24815,24808.2,200,24812.85,100,0,314625
NIFTY-III.NFO,15/07/2024,09:33:43,24808.2,24807.95,200,24812.5,100,75,314625
NIFTY-III.NFO,15/07/2024,09:33:45,24814.8,24809.55,200,24814.95,100,25,315600
NIFTY-III.NFO,15/07/2024,09:33:47,24809.55,24809,75,24814.95,175,25,315600
NIFTY-III.NFO,15/07/2024,09:33:48,24807.95,24807.9,200,24814.95,175,25,315600
NIFTY-III.NFO,15/07/2024,09:33:50,24807.95,24807.9,75,24814.95,175,0,315600
NIFTY-III.NFO,15/07/2024,09:33:52,24807.95,24808.75,200,24814.95,175,0,315600
NIFTY-III.NFO,15/07/2024,09:33:53,24807.95,24808.7,200,24814,100,0,315600
NIFTY-III.NFO,15/07/2024,09:33:55,24807.95,24809.5,200,24814.95,175,0,315600
NIFTY-III.NFO,15/07/2024,09:33:56,24807.95,24809.7,75,24814.95,100,0,315600
NIFTY-III.NFO,15/07/2024,09:33:58,24809.95,24809.95,50,24814.95,100,50,315600
NIFTY-III.NFO,15/07/2024,09:33:59,24809.95,24809.95,175,24814.95,100,0,315600
NIFTY-III.NFO,15/07/2024,09:34:01,24809.95,24809.65,75,24814.95,175,0,315600
NIFTY-III.NFO,15/07/2024,09:34:03,24809.65,24809.8,200,24814.95,100,25,315600
NIFTY-III.NFO,15/07/2024,09:34:04,24809.8,24810.5,200,24815,500,25,315600
NIFTY-III.NFO,15/07/2024,09:34:06,24815,24810.55,200,24814.95,100,25,315600
NIFTY-III.NFO,15/07/2024,09:34:08,24815,24810.55,200,24814.95,100,0,315600
NIFTY-III.NFO,15/07/2024,09:34:09,24815,24809.95,150,24814.95,175,0,315600
NIFTY-III.NFO,15/07/2024,09:34:11,24809.95,24809.3,200,24814.95,175,25,315600
NIFTY-III.NFO,15/07/2024,09:34:12,24809.95,24809.65,100,24814.95,175,50,315600
NIFTY-III.NFO,15/07/2024,09:34:14,24809.95,24810,100,24814.95,100,0,315600
NIFTY-III.NFO,15/07/2024,09:34:15,24809.95,24810.05,75,24814.95,100,0,315600
NIFTY-III.NFO,15/07/2024,09:34:17,24809.95,24810,25,24814.95,175,0,315600
NIFTY-III.NFO,15/07/2024,09:34:22,24810,24809.95,25,24814.95,175,25,315600
NIFTY-III.NFO,15/07/2024,09:34:24,24810,24809.95,25,24812,175,0,315600
NIFTY-III.NFO,15/07/2024,09:34:25,24809.95,24806,25,24811.9,175,25,315600
NIFTY-III.NFO,15/07/2024,09:34:27,24811.9,24806,25,24811.85,100,25,315600
NIFTY-III.NFO,15/07/2024,09:34:29,24811.9,24806,25,24811.7,100,0,315600
NIFTY-III.NFO,15/07/2024,09:34:30,24811.9,24806,100,24811.15,175,0,315600
NIFTY-III.NFO,15/07/2024,09:34:32,24811.9,24806,25,24811.15,175,0,315600
NIFTY-III.NFO,15/07/2024,09:34:35,24811.9,24806.1,75,24811.4,100,0,315600
NIFTY-III.NFO,15/07/2024,09:34:37,24811.9,24806.1,75,24811.1,100,0,315600
NIFTY-III.NFO,15/07/2024,09:34:40,24811.9,24806,25,24810.85,175,0,315600
NIFTY-III.NFO,15/07/2024,09:34:42,24806,24804.85,75,24810.85,175,25,315600
NIFTY-III.NFO,15/07/2024,09:34:43,24806,24804.85,75,24810.85,175,0,315600
NIFTY-III.NFO,15/07/2024,09:34:45,24806,24804.65,75,24810.5,100,0,315600
NIFTY-III.NFO,15/07/2024,09:34:46,24806,24805.1,75,24810.8,100,0,315600
NIFTY-III.NFO,15/07/2024,09:34:48,24806,24805.1,150,24810.8,100,0,315600
NIFTY-III.NFO,15/07/2024,09:34:49,24806,24804.4,125,24810.8,100,0,315600
NIFTY-III.NFO,15/07/2024,09:34:51,24806,24806.1,75,24809.95,175,0,315600
NIFTY-III.NFO,15/07/2024,09:34:52,24806,24806,25,24809.95,100,0,315600
NIFTY-III.NFO,15/07/2024,09:34:54,24806,24806,25,24809.95,175,0,315600
NIFTY-III.NFO,15/07/2024,09:34:55,24810,24806.05,75,24811.85,175,50,315600
NIFTY-III.NFO,15/07/2024,09:34:57,24810,24806,25,24811.85,175,0,315600
NIFTY-III.NFO,15/07/2024,09:34:58,24810,24806,25,24811.6,100,0,315600
NIFTY-III.NFO,15/07/2024,09:35:05,24810,24806,100,24811.45,100,0,315600
NIFTY-III.NFO,15/07/2024,09:35:07,24810,24806,25,24811.45,100,0,315600
NIFTY-III.NFO,15/07/2024,09:35:08,24810,24806.05,150,24811.85,175,0,315600
NIFTY-III.NFO,15/07/2024,09:35:10,24810,24810,275,24811.85,175,0,315600
NIFTY-III.NFO,15/07/2024,09:35:12,24810,24810,75,24810.5,175,200,315600
NIFTY-III.NFO,15/07/2024,09:35:13,24810,24810,75,24810.65,175,0,315600
NIFTY-III.NFO,15/07/2024,09:35:15,24810,24810,75,24811.85,100,0,315600
NIFTY-III.NFO,15/07/2024,09:35:17,24810,24810,50,24811.9,25,25,315600
NIFTY-III.NFO,15/07/2024,09:35:18,24810,24810,50,24811.9,25,0,315600
NIFTY-III.NFO,15/07/2024,09:35:20,24810,24810,25,24811.9,25,25,315600
NIFTY-III.NFO,15/07/2024,09:35:21,24811.9,24810.05,75,24814.95,100,25,315600
NIFTY-III.NFO,15/07/2024,09:35:23,24811.9,24810,100,24814.95,175,0,315600
NIFTY-III.NFO,15/07/2024,09:35:25,24811.9,24810.05,150,24814.95,100,0,315600
NIFTY-III.NFO,15/07/2024,09:35:26,24810.05,24810.05,125,24811.9,25,25,315600
NIFTY-III.NFO,15/07/2024,09:35:28,24810.05,24810.95,125,24811.9,25,0,315600
NIFTY-III.NFO,15/07/2024,09:35:29,24811.9,24810.45,50,24815,500,25,315600
NIFTY-III.NFO,15/07/2024,09:35:31,24811.9,24813.1,50,24815,500,0,315600
NIFTY-III.NFO,15/07/2024,09:35:33,24811.9,24813.9,75,24815,500,0,315600
NIFTY-III.NFO,15/07/2024,09:35:34,24811.9,24813.2,125,24815,500,0,315600
NIFTY-III.NFO,15/07/2024,09:35:36,24811.9,24813.15,25,24815,500,0,315600
NIFTY-III.NFO,15/07/2024,09:35:37,24811.9,24810.85,125,24815,500,0,315600
NIFTY-III.NFO,15/07/2024,09:35:39,24811.9,24811.65,125,24815,500,0,315600
NIFTY-III.NFO,15/07/2024,09:35:40,24815,24811.65,50,24815,450,25,315600
NIFTY-III.NFO,15/07/2024,09:35:42,24815,24812.15,125,24815,450,0,315600
NIFTY-III.NFO,15/07/2024,09:35:43,24815,24810.95,125,24815,450,0,315600
NIFTY-III.NFO,15/07/2024,09:35:45,24815,24810,50,24814.95,100,0,315600
NIFTY-III.NFO,15/07/2024,09:35:47,24815,24810,50,24814.95,175,0,315600
NIFTY-III.NFO,15/07/2024,09:35:50,24815,24810,50,24814.5,175,0,315600
NIFTY-III.NFO,15/07/2024,09:35:51,24815,24810.1,50,24814.95,175,0,315600
NIFTY-III.NFO,15/07/2024,09:35:55,24815,24810.1,125,24815,475,0,315600
NIFTY-III.NFO,15/07/2024,09:36:01,24815,24810.05,125,24815,475,0,315600
NIFTY-III.NFO,15/07/2024,09:36:03,24815,24810.9,50,24815,450,25,315600
NIFTY-III.NFO,15/07/2024,09:36:04,24815,24810.9,50,24815,450,0,315600
NIFTY-III.NFO,15/07/2024,09:36:06,24815,24810.05,125,24815,450,0,315600
NIFTY-III.NFO,15/07/2024,09:36:08,24815,24811.5,50,24815,450,0,315600
NIFTY-III.NFO,15/07/2024,09:36:09,24815,24812.35,125,24815,450,0,315600
NIFTY-III.NFO,15/07/2024,09:36:12,24815,24812.35,125,24815,425,25,315600
NIFTY-III.NFO,15/07/2024,09:36:14,24815,24812.35,125,24815,425,0,315600
NIFTY-III.NFO,15/07/2024,09:36:15,24815,24812.9,150,24815,425,0,315600
NIFTY-III.NFO,15/07/2024,09:36:17,24815,24810.8,125,24815,400,0,315600
NIFTY-III.NFO,15/07/2024,09:36:18,24815,24810.8,50,24815,400,0,315600
NIFTY-III.NFO,15/07/2024,09:36:22,24814.95,24810,50,24814.95,175,25,315600
NIFTY-III.NFO,15/07/2024,09:36:23,24814.95,24810,50,24814.95,175,0,315600
NIFTY-III.NFO,15/07/2024,09:36:25,24814.95,24810.3,150,24815,425,0,315600
NIFTY-III.NFO,15/07/2024,09:36:27,24814.95,24812.3,75,24815,425,0,315600
NIFTY-III.NFO,15/07/2024,09:36:28,24814.95,24811.55,75,24815,425,0,315600
NIFTY-III.NFO,15/07/2024,09:36:33,24814.95,24810.65,75,24815,425,0,315600
NIFTY-III.NFO,15/07/2024,09:36:35,24814.95,24810,50,24814.95,175,0,315600
NIFTY-III.NFO,15/07/2024,09:36:38,24814.95,24810.05,150,24814.95,100,0,315600
NIFTY-III.NFO,15/07/2024,09:36:39,24814.95,24810.05,150,24814.95,150,0,315600
NIFTY-III.NFO,15/07/2024,09:36:43,24814.95,24810.8,150,24814.95,50,0,315600
NIFTY-III.NFO,15/07/2024,09:36:44,24814.95,24811.55,200,24814.95,50,0,315600
NIFTY-III.NFO,15/07/2024,09:36:47,24814.95,24812.55,125,24814.95,50,0,315600
NIFTY-III.NFO,15/07/2024,09:36:52,24814.95,24812.55,200,24814.95,50,0,315600
NIFTY-III.NFO,15/07/2024,09:36:54,24814.95,24812.6,150,24814.95,50,0,315600
NIFTY-III.NFO,15/07/2024,09:36:55,24814.95,24813.35,125,24814.95,50,0,315600
NIFTY-III.NFO,15/07/2024,09:36:57,24814.95,24813.35,125,24814.95,25,25,315300
NIFTY-III.NFO,15/07/2024,09:36:58,24815,24814.95,175,24815,100,375,315300
NIFTY-III.NFO,15/07/2024,09:37:00,24815,24815.8,75,24819,75,100,315300
NIFTY-III.NFO,15/07/2024,09:37:01,24815,24816.6,250,24819,75,0,315300
NIFTY-III.NFO,15/07/2024,09:37:03,24819,24816.7,150,24819,50,25,315300
NIFTY-III.NFO,15/07/2024,09:37:05,24819,24818.95,100,24820,250,50,315300
NIFTY-III.NFO,15/07/2024,09:37:06,24820,24822.35,225,24824,25,250,315300
NIFTY-III.NFO,15/07/2024,09:37:08,24824,24823.9,75,24824.9,50,25,315300
NIFTY-III.NFO,15/07/2024,09:37:09,24823.85,24824.4,75,24824.9,50,25,315300
NIFTY-III.NFO,15/07/2024,09:37:11,24825,24823.4,150,24825,150,275,315300
NIFTY-III.NFO,15/07/2024,09:37:11,24825,24823.4,150,24825,150,0,315300
NIFTY-III.NFO,15/07/2024,09:37:13,24825,24823.25,75,24825,100,50,315300
NIFTY-III.NFO,15/07/2024,09:37:14,24825,24822.6,125,24825,100,0,315300
NIFTY-III.NFO,15/07/2024,09:37:16,24825,24822.3,325,24825,100,0,315300
NIFTY-III.NFO,15/07/2024,09:37:18,24825,24823.25,25,24825,75,25,315300
NIFTY-III.NFO,15/07/2024,09:37:19,24825,24823.3,25,24825,75,0,315300
NIFTY-III.NFO,15/07/2024,09:37:21,24825,24823.3,100,24825,75,0,315300
NIFTY-III.NFO,15/07/2024,09:37:22,24826.25,24824.4,425,24828,25,275,315300
NIFTY-III.NFO,15/07/2024,09:37:22,24826.25,24824.4,425,24828,25,0,315300
NIFTY-III.NFO,15/07/2024,09:37:24,24826.25,24824.65,175,24828,25,0,315300
NIFTY-III.NFO,15/07/2024,09:37:26,24826.25,24823.35,25,24827.95,100,0,315300
NIFTY-III.NFO,15/07/2024,09:37:29,24823.3,24823.25,25,24827.95,175,50,315300
NIFTY-III.NFO,15/07/2024,09:37:31,24823.3,24823.35,25,24824.25,100,0,315300
NIFTY-III.NFO,15/07/2024,09:37:32,24825,24825,175,24827.25,100,75,315300
NIFTY-III.NFO,15/07/2024,09:37:34,24825,24823.35,25,24824.5,100,175,315300
NIFTY-III.NFO,15/07/2024,09:37:35,24823.3,24820,25,24823.55,100,50,315300
NIFTY-III.NFO,15/07/2024,09:37:37,24823.3,24820,25,24824.5,175,0,315300
NIFTY-III.NFO,15/07/2024,09:37:39,24824.15,24820,25,24824.05,175,25,315300
NIFTY-III.NFO,15/07/2024,09:37:40,24824.15,24820,25,24824.4,100,0,315300
NIFTY-III.NFO,15/07/2024,09:37:42,24824.4,24820,25,24824.4,100,25,315300
NIFTY-III.NFO,15/07/2024,09:37:43,24824.4,24820,25,24824.4,100,0,315300
NIFTY-III.NFO,15/07/2024,09:37:45,24824.4,24820,25,24823.95,100,0,315300
NIFTY-III.NFO,15/07/2024,09:37:46,24824.4,24820,25,24823.75,175,0,315300
NIFTY-III.NFO,15/07/2024,09:37:48,24820.05,24820,25,24823.25,100,25,315300
NIFTY-III.NFO,15/07/2024,09:37:50,24820.05,24820,250,24823.15,100,0,315300
NIFTY-III.NFO,15/07/2024,09:37:53,24820.05,24820,250,24823.75,100,0,315300
NIFTY-III.NFO,15/07/2024,09:37:54,24820.05,24820,250,24824.3,175,0,315300
NIFTY-III.NFO,15/07/2024,09:37:56,24820.05,24820,250,24822.55,175,0,315300
NIFTY-III.NFO,15/07/2024,09:37:58,24820,24820,200,24821.85,175,50,315300
NIFTY-III.NFO,15/07/2024,09:37:59,24820,24820,200,24821.85,100,0,315300
NIFTY-III.NFO,15/07/2024,09:38:01,24820,24812.45,100,24820.55,150,225,315300
NIFTY-III.NFO,15/07/2024,09:38:02,24820,24813.7,100,24820.5,75,0,315300
NIFTY-III.NFO,15/07/2024,09:38:04,24820,24813,175,24819.05,150,0,315300
NIFTY-III.NFO,15/07/2024,09:38:06,24820,24813.5,175,24819.6,150,0,315300
NIFTY-III.NFO,15/07/2024,09:38:08,24820,24812.25,150,24818.5,150,0,315300
NIFTY-III.NFO,15/07/2024,09:38:09,24820,24812.1,100,24818.5,275,0,315300
NIFTY-III.NFO,15/07/2024,09:38:11,24820,24812.3,100,24818.5,150,0,315300
NIFTY-III.NFO,15/07/2024,09:38:14,24820,24812.8,100,24819.5,75,0,315300
NIFTY-III.NFO,15/07/2024,09:38:16,24820,24812.05,175,24818.85,75,0,315300
NIFTY-III.NFO,15/07/2024,09:38:17,24820,24812.6,100,24818.85,75,0,315300
NIFTY-III.NFO,15/07/2024,09:38:19,24820,24812.75,100,24819.65,75,0,315300
NIFTY-III.NFO,15/07/2024,09:38:20,24814.05,24814.35,75,24819.65,75,25,315300
NIFTY-III.NFO,15/07/2024,09:38:22,24814.05,24814.55,100,24820,125,0,315300
NIFTY-III.NFO,15/07/2024,09:38:24,24820.3,24814.55,100,24820.3,50,75,315300
NIFTY-III.NFO,15/07/2024,09:38:25,24820.3,24815.95,100,24822.65,75,0,315300
NIFTY-III.NFO,15/07/2024,09:38:28,24820.3,24815.95,100,24822.6,75,0,315300
NIFTY-III.NFO,15/07/2024,09:38:31,24820.3,24813.2,100,24820.6,75,0,315300
NIFTY-III.NFO,15/07/2024,09:38:33,24820.3,24812.2,100,24819.95,75,0,315300
NIFTY-III.NFO,15/07/2024,09:38:35,24820.3,24813.2,100,24819.95,75,0,315300
NIFTY-III.NFO,15/07/2024,09:38:36,24820.3,24813.65,100,24820.45,75,0,315300
NIFTY-III.NFO,15/07/2024,09:38:38,24820.3,24813.85,175,24820.45,75,0,315300
NIFTY-III.NFO,15/07/2024,09:38:39,24820.3,24813.9,100,24821.25,175,50,315300
NIFTY-III.NFO,15/07/2024,09:38:41,24820.3,24813,100,24820.2,100,0,315300
NIFTY-III.NFO,15/07/2024,09:38:42,24820.3,24813.3,100,24820.5,100,0,315300
NIFTY-III.NFO,15/07/2024,09:38:44,24820.3,24813.4,175,24821.2,100,0,315300
NIFTY-III.NFO,15/07/2024,09:38:45,24820.3,24820.3,225,24821.2,175,25,315300
NIFTY-III.NFO,15/07/2024,09:38:47,24820.3,24820.3,200,24820.55,100,25,315300
NIFTY-III.NFO,15/07/2024,09:38:48,24820.3,24812.15,100,24819.8,175,200,315300
NIFTY-III.NFO,15/07/2024,09:38:50,24820.3,24812.15,100,24819.8,175,0,315300
NIFTY-III.NFO,15/07/2024,09:38:51,24820.3,24812.25,175,24818.15,100,0,315300
NIFTY-III.NFO,15/07/2024,09:38:53,24820.3,24812.25,175,24818.05,100,0,315300
NIFTY-III.NFO,15/07/2024,09:38:55,24820.3,24811.85,75,24817.3,100,0,315300
NIFTY-III.NFO,15/07/2024,09:38:56,24820.3,24811.95,100,24817.8,175,0,315300
NIFTY-III.NFO,15/07/2024,09:38:58,24820.3,24811.85,150,24817.6,100,0,315300
NIFTY-III.NFO,15/07/2024,09:39:00,24820.3,24811.85,75,24816.7,175,0,315300
NIFTY-III.NFO,15/07/2024,09:39:01,24820.3,24810.9,175,24818.05,100,0,315300
NIFTY-III.NFO,15/07/2024,09:39:03,24820.3,24810.05,175,24815.75,175,0,315300
NIFTY-III.NFO,15/07/2024,09:39:04,24816.75,24810.05,175,24816.35,125,50,315300
NIFTY-III.NFO,15/07/2024,09:39:06,24816.75,24810,50,24815,125,0,315300
NIFTY-III.NFO,15/07/2024,09:39:08,24816.75,24810,50,24813.95,50,0,315300
NIFTY-III.NFO,15/07/2024,09:39:09,24816.75,24810,50,24814,50,0,315300
NIFTY-III.NFO,15/07/2024,09:39:10,24816.75,24810.05,175,24814,50,0,315300
NIFTY-III.NFO,15/07/2024,09:39:12,24816.75,24810,50,24813.95,125,0,315300
NIFTY-III.NFO,15/07/2024,09:39:14,24816.75,24810,50,24813.6,125,0,315300
NIFTY-III.NFO,15/07/2024,09:39:15,24816.75,24810,50,24813.3,125,0,315300
NIFTY-III.NFO,15/07/2024,09:39:17,24816.75,24810,50,24812.65,125,0,315300
NIFTY-III.NFO,15/07/2024,09:39:19,24816.75,24810,50,24811.55,50,0,315300
NIFTY-III.NFO,15/07/2024,09:39:20,24810,24810,25,24811.55,50,25,315300
NIFTY-III.NFO,15/07/2024,09:39:22,24806.85,24808,100,24813.95,250,125,315300
NIFTY-III.NFO,15/07/2024,09:39:24,24806.85,24806,25,24812.75,175,0,315300
NIFTY-III.NFO,15/07/2024,09:39:25,24806.85,24806,25,24811,125,0,315300
NIFTY-III.NFO,15/07/2024,09:39:27,24806.85,24806.05,175,24811.6,125,0,315300
NIFTY-III.NFO,15/07/2024,09:39:29,24806.85,24806.05,100,24806.85,25,0,315300
NIFTY-III.NFO,15/07/2024,09:39:35,24806.85,24806.05,100,24810,50,50,315300
NIFTY-III.NFO,15/07/2024,09:39:37,24806.85,24806.05,100,24810,50,0,315300
NIFTY-III.NFO,15/07/2024,09:39:38,24806.85,24806.05,175,24810,50,0,315300
NIFTY-III.NFO,15/07/2024,09:39:40,24806.85,24806,25,24809.95,150,0,315300
NIFTY-III.NFO,15/07/2024,09:39:43,24806,24802.6,150,24809.95,275,25,315300
NIFTY-III.NFO,15/07/2024,09:39:45,24806,24803.35,100,24809.25,75,0,315300
NIFTY-III.NFO,15/07/2024,09:39:47,24806,24803.3,75,24808.6,200,0,315300
NIFTY-III.NFO,15/07/2024,09:39:48,24806,24803.3,100,24808.6,75,0,315300
NIFTY-III.NFO,15/07/2024,09:39:50,24806,24801,50,24806.15,150,0,315300
NIFTY-III.NFO,15/07/2024,09:39:51,24806,24801.7,175,24808.45,75,0,315300
NIFTY-III.NFO,15/07/2024,09:39:53,24806,24801.7,175,24808.2,75,0,315300
NIFTY-III.NFO,15/07/2024,09:39:55,24806,24801.8,100,24809.05,75,0,315300
NIFTY-III.NFO,15/07/2024,09:39:56,24806,24801.9,175,24808.35,150,0,315300
NIFTY-III.NFO,15/07/2024,09:39:58,24806,24801.9,175,24808.35,275,0,315300
NIFTY-III.NFO,15/07/2024,09:40:00,24806,24801.85,25,24808.05,75,0,315300
NIFTY-III.NFO,15/07/2024,09:40:01,24806,24801.75,25,24801.9,250,0,315300
NIFTY-III.NFO,15/07/2024,09:40:05,24801.9,24801.8,25,24801.9,225,25,315300
NIFTY-III.NFO,15/07/2024,09:40:06,24801.9,24801.85,25,24801.9,225,0,315275
NIFTY-III.NFO,15/07/2024,09:40:09,24801,24801,25,24801.55,125,100,315275
NIFTY-III.NFO,15/07/2024,09:40:11,24800,24797,25,24801.7,125,125,315275
NIFTY-III.NFO,15/07/2024,09:40:13,24796.55,24795,50,24798,75,100,315275
NIFTY-III.NFO,15/07/2024,09:40:13,24796.55,24795,50,24798,75,0,315275
NIFTY-III.NFO,15/07/2024,09:40:14,24796.55,24795.05,25,24798,75,0,315275
NIFTY-III.NFO,15/07/2024,09:40:16,24797.95,24795,50,24798,150,150,315275
NIFTY-III.NFO,15/07/2024,09:40:16,24795.05,24795,50,24798,150,0,315275
NIFTY-III.NFO,15/07/2024,09:40:18,24790,24790,75,24793.4,325,100,315275
NIFTY-III.NFO,15/07/2024,09:40:18,24790,24790,75,24793.4,325,0,315275
NIFTY-III.NFO,15/07/2024,09:40:19,24792.2,24790,150,24795.55,325,25,315275
NIFTY-III.NFO,15/07/2024,09:40:21,24792.2,24790.05,100,24797.4,75,0,315275
NIFTY-III.NFO,15/07/2024,09:40:23,24792.2,24795.15,100,24798,75,0,315275
NIFTY-III.NFO,15/07/2024,09:40:24,24792.9,24793.8,175,24798,50,50,315275
NIFTY-III.NFO,15/07/2024,09:40:26,24792.9,24793.4,100,24798,50,0,315275
NIFTY-III.NFO,15/07/2024,09:40:28,24792.9,24794.05,100,24798,50,0,315275
NIFTY-III.NFO,15/07/2024,09:40:29,24792.9,24795.75,175,24798,50,0,315275
NIFTY-III.NFO,15/07/2024,09:40:31,24795.95,24795.35,175,24798,50,25,315275
NIFTY-III.NFO,15/07/2024,09:40:33,24798,24794.2,175,24797.95,25,25,315275
NIFTY-III.NFO,15/07/2024,09:40:34,24794.6,24794.6,100,24797.95,25,25,315275
NIFTY-III.NFO,15/07/2024,09:40:36,24794.6,24795.85,100,24797.95,25,0,315275
NIFTY-III.NFO,15/07/2024,09:40:38,24794.6,24794.05,175,24797.95,25,0,315275
NIFTY-III.NFO,15/07/2024,09:40:39,24794.6,24793.55,175,24797.95,25,0,315275
NIFTY-III.NFO,15/07/2024,09:40:41,24794.6,24794,175,24797.9,25,0,315275
NIFTY-III.NFO,15/07/2024,09:40:43,24794.6,24794.15,175,24797.9,25,0,315275
NIFTY-III.NFO,15/07/2024,09:40:44,24797.9,24795.8,175,24798,25,25,315275
NIFTY-III.NFO,15/07/2024,09:40:46,24797.9,24796.45,100,24797.95,25,0,315275
NIFTY-III.NFO,15/07/2024,09:40:47,24794.95,24795.2,175,24797.95,25,25,315275
NIFTY-III.NFO,15/07/2024,09:40:49,24794.95,24796.05,175,24797.95,25,0,315275
NIFTY-III.NFO,15/07/2024,09:40:51,24794.95,24797.15,100,24797.95,25,0,315275
NIFTY-III.NFO,15/07/2024,09:40:52,24798,24797.05,75,24799,125,50,315275
NIFTY-III.NFO,15/07/2024,09:40:54,24800,24799.8,25,24801.9,225,200,315275
NIFTY-III.NFO,15/07/2024,09:40:56,24800,24799.65,25,24801.9,225,0,315275
NIFTY-III.NFO,15/07/2024,09:40:57,24800,24799.95,150,24801.9,225,0,315275
NIFTY-III.NFO,15/07/2024,09:40:59,24801.9,24802.05,25,24809.95,100,225,315275
NIFTY-III.NFO,15/07/2024,09:41:01,24801.9,24804.6,100,24810,25,0,315275
NIFTY-III.NFO,15/07/2024,09:41:02,24801.9,24806.5,25,24809.95,25,0,315275
NIFTY-III.NFO,15/07/2024,09:41:04,24801.9,24805.45,25,24809.95,25,0,315275
NIFTY-III.NFO,15/07/2024,09:41:05,24801.9,24804.65,25,24809.9,100,0,315275
NIFTY-III.NFO,15/07/2024,09:41:07,24801.9,24803.95,100,24809.9,175,0,315275
NIFTY-III.NFO,15/07/2024,09:41:08,24801.9,24803.05,225,24809.9,175,0,315275
NIFTY-III.NFO,15/07/2024,09:41:10,24801.9,24803.15,100,24809.9,175,0,315275
NIFTY-III.NFO,15/07/2024,09:41:12,24801.9,24803.2,25,24809.9,175,0,315275
NIFTY-III.NFO,15/07/2024,09:41:13,24801.9,24803.2,100,24809.8,100,0,315275
NIFTY-III.NFO,15/07/2024,09:41:15,24801.9,24805.05,25,24809.8,100,0,315275
NIFTY-III.NFO,15/07/2024,09:41:16,24801.9,24807.15,25,24809.85,25,0,315275
NIFTY-III.NFO,15/07/2024,09:41:18,24806.45,24806.45,75,24813.95,100,75,315275
NIFTY-III.NFO,15/07/2024,09:41:20,24806.45,24808.6,200,24816.05,100,0,315275
NIFTY-III.NFO,15/07/2024,09:41:21,24816.05,24809.05,75,24816.05,100,25,315275
NIFTY-III.NFO,15/07/2024,09:41:23,24816.05,24809.2,100,24817.25,100,0,315275
NIFTY-III.NFO,15/07/2024,09:41:25,24816.05,24809.75,75,24818.05,100,0,315275
NIFTY-III.NFO,15/07/2024,09:41:26,24816.05,24809.8,25,24817.4,100,0,315275
NIFTY-III.NFO,15/07/2024,09:41:28,24816.05,24810.95,25,24818.7,100,0,315275
NIFTY-III.NFO,15/07/2024,09:41:30,24818.6,24811,25,24818.55,100,50,315275
NIFTY-III.NFO,15/07/2024,09:41:31,24818.6,24811,25,24817.55,100,0,315275
NIFTY-III.NFO,15/07/2024,09:41:33,24818.6,24811.05,100,24818.55,100,0,315275
NIFTY-III.NFO,15/07/2024,09:41:35,24818.6,24812.05,100,24819.25,100,0,315275
NIFTY-III.NFO,15/07/2024,09:41:36,24818.6,24812.05,75,24818.3,300,0,315275
NIFTY-III.NFO,15/07/2024,09:41:38,24817.25,24811.05,125,24817.25,100,25,315275
NIFTY-III.NFO,15/07/2024,09:41:40,24817.25,24811,25,24815.95,300,0,315275
NIFTY-III.NFO,15/07/2024,09:41:41,24817.25,24811,25,24814.4,175,0,315275
NIFTY-III.NFO,15/07/2024,09:41:43,24817.25,24805.2,50,24812.05,100,0,315275
NIFTY-III.NFO,15/07/2024,09:41:45,24812.05,24805.05,75,24811.4,175,25,315275
NIFTY-III.NFO,15/07/2024,09:41:46,24812.05,24805.05,150,24810.95,175,0,315275
NIFTY-III.NFO,15/07/2024,09:41:48,24812.05,24805.05,150,24810.25,100,0,315275
NIFTY-III.NFO,15/07/2024,09:41:49,24812.05,24805.05,150,24811.35,175,0,315275
NIFTY-III.NFO,15/07/2024,09:41:51,24811.2,24805.3,100,24811.15,100,150,315275
NIFTY-III.NFO,15/07/2024,09:41:53,24811.2,24806,100,24812.95,25,0,315275
NIFTY-III.NFO,15/07/2024,09:41:54,24811.2,24805.55,100,24812.2,25,0,315275
NIFTY-III.NFO,15/07/2024,09:41:56,24811.2,24805.55,100,24811.95,100,0,315275
NIFTY-III.NFO,15/07/2024,09:41:58,24811.2,24805.55,100,24811.95,25,0,315275
NIFTY-III.NFO,15/07/2024,09:41:59,24811.2,24805.55,100,24812,50,0,315275
NIFTY-III.NFO,15/07/2024,09:42:01,24811.2,24806.5,175,24812,125,0,315275
NIFTY-III.NFO,15/07/2024,09:42:02,24811.2,24806.55,100,24812,125,0,315275
NIFTY-III.NFO,15/07/2024,09:42:04,24811.2,24807.65,100,24812,50,0,315275
NIFTY-III.NFO,15/07/2024,09:42:06,24811.2,24807.9,175,24811.2,25,0,315275
NIFTY-III.NFO,15/07/2024,09:42:07,24811.2,24807.65,100,24811.2,25,0,315275
NIFTY-III.NFO,15/07/2024,09:42:09,24811.2,24805.05,175,24811.15,25,0,315275
NIFTY-III.NFO,15/07/2024,09:42:11,24811.15,24805.6,175,24811.2,100,25,315275
NIFTY-III.NFO,15/07/2024,09:42:12,24811.15,24805.6,175,24811.2,100,0,315275
NIFTY-III.NFO,15/07/2024,09:42:14,24811.15,24805.6,300,24811.2,25,0,315275
NIFTY-III.NFO,15/07/2024,09:42:15,24811.15,24808.15,175,24811.2,25,0,315275
NIFTY-III.NFO,15/07/2024,09:42:17,24811.15,24809.05,175,24811.2,25,0,315275
NIFTY-III.NFO,15/07/2024,09:42:19,24811.15,24809.1,300,24811.2,25,0,315275
NIFTY-III.NFO,15/07/2024,09:42:20,24811.15,24809.1,225,24811.2,25,0,315275
NIFTY-III.NFO,15/07/2024,09:42:22,24812,24812.25,100,24819.3,200,75,315275
NIFTY-III.NFO,15/07/2024,09:42:24,24812,24811.15,175,24817.9,200,0,315275
NIFTY-III.NFO,15/07/2024,09:42:25,24812,24811.8,100,24818.2,200,0,315275
NIFTY-III.NFO,15/07/2024,09:42:27,24812,24810.1,100,24817.05,200,0,315275
NIFTY-III.NFO,15/07/2024,09:42:29,24812,24810.1,100,24816.35,200,0,315275
NIFTY-III.NFO,15/07/2024,09:42:30,24812,24811.15,50,24815.65,200,0,315275
NIFTY-III.NFO,15/07/2024,09:42:32,24812,24812.05,175,24817.05,125,0,315275
NIFTY-III.NFO,15/07/2024,09:42:34,24812.05,24812,25,24816.95,100,25,315275
NIFTY-III.NFO,15/07/2024,09:42:35,24812.05,24812,100,24817,25,0,315275
NIFTY-III.NFO,15/07/2024,09:42:39,24812.05,24812,25,24815.3,25,0,315275
NIFTY-III.NFO,15/07/2024,09:42:40,24812.05,24812,25,24814.55,100,0,315275
NIFTY-III.NFO,15/07/2024,09:42:42,24812.05,24812,25,24816.95,25,0,315275
NIFTY-III.NFO,15/07/2024,09:42:45,24812.05,24812,25,24816.3,100,0,315275
NIFTY-III.NFO,15/07/2024,09:42:47,24816.3,24812,25,24814.35,200,25,315175
NIFTY-III.NFO,15/07/2024,09:42:49,24816.3,24812,25,24814.95,200,0,315175
NIFTY-III.NFO,15/07/2024,09:42:50,24816.3,24812,25,24814.55,125,0,315175
NIFTY-III.NFO,15/07/2024,09:42:52,24816.3,24812,25,24816,125,0,315175
NIFTY-III.NFO,15/07/2024,09:42:53,24816.3,24812,25,24815.35,125,0,315175
NIFTY-III.NFO,15/07/2024,09:42:55,24816.3,24812,25,24815.9,200,0,315175
NIFTY-III.NFO,15/07/2024,09:42:57,24816.3,24812,25,24816.2,200,0,315175
NIFTY-III.NFO,15/07/2024,09:42:58,24816.3,24812,25,24814.2,125,0,315175
NIFTY-III.NFO,15/07/2024,09:43:00,24816.3,24812,25,24813.5,200,0,315175
NIFTY-III.NFO,15/07/2024,09:43:02,24811.15,24805.35,100,24810.85,125,75,315175
NIFTY-III.NFO,15/07/2024,09:43:03,24811.15,24805,25,24810.05,125,0,315175
NIFTY-III.NFO,15/07/2024,09:43:05,24811.15,24805,25,24808.75,50,0,315175
NIFTY-III.NFO,15/07/2024,09:43:06,24811.15,24805,25,24806.8,50,0,315175
NIFTY-III.NFO,15/07/2024,09:43:08,24811.15,24805,25,24807.4,50,0,315175
NIFTY-III.NFO,15/07/2024,09:43:10,24811.15,24805,25,24808.65,50,0,315175
NIFTY-III.NFO,15/07/2024,09:43:11,24811.15,24805,25,24808,50,0,315175
NIFTY-III.NFO,15/07/2024,09:43:14,24805,24806,25,24808,25,50,315175
NIFTY-III.NFO,15/07/2024,09:43:16,24805,24806,25,24809,100,0,315175
NIFTY-III.NFO,15/07/2024,09:43:17,24805,24806,25,24808.35,100,0,315175
NIFTY-III.NFO,15/07/2024,09:43:19,24805,24806,25,24808.6,100,0,315175
NIFTY-III.NFO,15/07/2024,09:43:21,24805,24806,25,24807.3,25,0,315175
NIFTY-III.NFO,15/07/2024,09:43:24,24805,24806,25,24806.7,25,0,315175
NIFTY-III.NFO,15/07/2024,09:43:26,24805,24806,25,24809.25,25,0,315175
NIFTY-III.NFO,15/07/2024,09:43:27,24805,24806,25,24809,100,0,315175
NIFTY-III.NFO,15/07/2024,09:43:31,24805,24806,25,24806.45,25,0,315175
NIFTY-III.NFO,15/07/2024,09:43:32,24805,24806,25,24807.3,25,0,315175
NIFTY-III.NFO,15/07/2024,09:43:34,24805,24806,25,24807.25,25,0,315175
NIFTY-III.NFO,15/07/2024,09:43:36,24805,24806,25,24808.45,25,0,315175
NIFTY-III.NFO,15/07/2024,09:43:39,24805,24806,25,24808.95,25,0,315175
NIFTY-III.NFO,15/07/2024,09:43:41,24805,24806,25,24809,25,0,315175
NIFTY-III.NFO,15/07/2024,09:43:46,24806,24805,25,24808.1,100,25,315175
NIFTY-III.NFO,15/07/2024,09:43:47,24806,24805,25,24808.65,100,0,315175
NIFTY-III.NFO,15/07/2024,09:43:49,24806,24805,25,24808,175,0,315175
NIFTY-III.NFO,15/07/2024,09:43:50,24806,24805,25,24809.2,175,0,315175
NIFTY-III.NFO,15/07/2024,09:43:54,24806,24805,25,24808.5,175,0,315175
NIFTY-III.NFO,15/07/2024,09:43:55,24806,24805,25,24807.85,100,0,315175
NIFTY-III.NFO,15/07/2024,09:43:57,24806,24805,25,24807,175,0,315175
NIFTY-III.NFO,15/07/2024,09:43:58,24806,24805,25,24807.95,175,0,315175
NIFTY-III.NFO,15/07/2024,09:44:00,24806,24805,25,24809.8,75,0,315175
NIFTY-III.NFO,15/07/2024,09:44:03,24806,24805,25,24809.65,75,0,315175
NIFTY-III.NFO,15/07/2024,09:44:05,24800,24798.8,25,24800,2350,3650,315175
NIFTY-III.NFO,15/07/2024,09:44:07,24800,24798.8,25,24800,2350,0,315175
NIFTY-III.NFO,15/07/2024,09:44:08,24800,24796.7,25,24800,2350,0,315175
NIFTY-III.NFO,15/07/2024,09:44:10,24800,24797.55,25,24800,2350,0,315175
NIFTY-III.NFO,15/07/2024,09:44:11,24800,24796.25,25,24800,2350,0,315175
NIFTY-III.NFO,15/07/2024,09:44:13,24800,24796.95,25,24800,2350,0,315175
NIFTY-III.NFO,15/07/2024,09:44:15,24800,24798.4,25,24800,2350,0,315175
NIFTY-III.NFO,15/07/2024,09:44:16,24800,24799.25,25,24800,2350,0,315175
NIFTY-III.NFO,15/07/2024,09:44:18,24800,24797.9,75,24800,2350,0,315175
NIFTY-III.NFO,15/07/2024,09:44:19,24800,24798.15,75,24800,2350,0,315175
NIFTY-III.NFO,15/07/2024,09:44:21,24800,24798.05,25,24800,2350,0,315175
NIFTY-III.NFO,15/07/2024,09:44:23,24800,24796,25,24800,2350,0,315175
NIFTY-III.NFO,15/07/2024,09:44:24,24800,24796,25,24799.95,175,0,315175
NIFTY-III.NFO,15/07/2024,09:44:28,24800,24796.2,75,24800,2350,0,315175
NIFTY-III.NFO,15/07/2024,09:44:29,24800,24796,50,24800,2350,0,315175
NIFTY-III.NFO,15/07/2024,09:44:31,24800,24796,50,24799.95,175,0,315175
NIFTY-III.NFO,15/07/2024,09:44:33,24800,24796,50,24797.85,175,0,315175
NIFTY-III.NFO,15/07/2024,09:44:34,24800,24796,50,24797.9,175,0,315175
NIFTY-III.NFO,15/07/2024,09:44:36,24800,24796,50,24799.65,175,0,315175
NIFTY-III.NFO,15/07/2024,09:44:38,24800,24796,50,24800,2350,0,315175
NIFTY-III.NFO,15/07/2024,09:44:39,24800,24796,25,24800,2250,100,315175
NIFTY-III.NFO,15/07/2024,09:44:41,24800,24796,25,24800,2250,0,315175
NIFTY-III.NFO,15/07/2024,09:44:43,24800,24798.15,75,24800,2250,0,315175
NIFTY-III.NFO,15/07/2024,09:44:45,24800,24797.8,75,24800,2250,0,315175
NIFTY-III.NFO,15/07/2024,09:44:46,24797.8,24798.45,25,24800,2250,25,315175
NIFTY-III.NFO,15/07/2024,09:44:48,24797.8,24798,250,24800,2250,0,315175
NIFTY-III.NFO,15/07/2024,09:44:49,24797.8,24798.65,25,24800,2250,0,315175
NIFTY-III.NFO,15/07/2024,09:44:51,24797.8,24796.9,25,24800,2250,0,315175
NIFTY-III.NFO,15/07/2024,09:44:53,24800,24797.8,125,24800,1600,650,315175
NIFTY-III.NFO,15/07/2024,09:44:54,24800,24797.25,125,24800,1650,0,315175
NIFTY-III.NFO,15/07/2024,09:44:56,24800,24796.15,125,24799.95,100,0,315175
NIFTY-III.NFO,15/07/2024,09:44:58,24800,24796.1,25,24799.95,100,0,315175
NIFTY-III.NFO,15/07/2024,09:45:01,24800,24796.1,25,24800,1650,0,315175
NIFTY-III.NFO,15/07/2024,09:45:06,24799.95,24796.1,25,24800,1650,50,315175
NIFTY-III.NFO,15/07/2024,09:45:07,24799.95,24796.1,25,24799.95,100,0,315175
NIFTY-III.NFO,15/07/2024,09:45:09,24799.95,24796.1,25,24799.95,175,0,315175
NIFTY-III.NFO,15/07/2024,09:45:12,24799.95,24796,75,24799.95,175,0,315175
NIFTY-III.NFO,15/07/2024,09:45:14,24799.95,24796,75,24799.95,175,25,315175
NIFTY-III.NFO,15/07/2024,09:45:15,24799.95,24796,50,24799.95,175,0,315175
NIFTY-III.NFO,15/07/2024,09:45:20,24799.95,24796,50,24799.95,100,0,315175
NIFTY-III.NFO,15/07/2024,09:45:23,24799.95,24796,50,24799.95,175,0,315175
NIFTY-III.NFO,15/07/2024,09:45:25,24799.95,24796,50,24799.95,100,0,315175
NIFTY-III.NFO,15/07/2024,09:45:26,24799.95,24796.2,75,24800,1650,0,315175
NIFTY-III.NFO,15/07/2024,09:45:28,24797.25,24797.3,75,24800,1650,75,315175
NIFTY-III.NFO,15/07/2024,09:45:30,24800,24799.1,75,24800,1525,125,315175
NIFTY-III.NFO,15/07/2024,09:45:31,24799.95,24799.9,125,24800,1525,75,315175
NIFTY-III.NFO,15/07/2024,09:45:33,24800,24799.85,125,24800,1400,125,315175
NIFTY-III.NFO,15/07/2024,09:45:35,24800,24797.95,75,24800,950,450,315175
NIFTY-III.NFO,15/07/2024,09:45:36,24800,24799.8,75,24800,850,100,315175
NIFTY-III.NFO,15/07/2024,09:45:38,24800,24799.4,125,24800,150,700,315175
NIFTY-III.NFO,15/07/2024,09:45:40,24800,24799.2,25,24808.75,100,150,315175
NIFTY-III.NFO,15/07/2024,09:45:41,24800,24797.85,25,24808.75,100,0,315175
NIFTY-III.NFO,15/07/2024,09:45:43,24800,24798.1,250,24808.75,100,0,315175
NIFTY-III.NFO,15/07/2024,09:45:44,24800,24798.05,250,24808.75,100,0,315175
NIFTY-III.NFO,15/07/2024,09:45:46,24800,24796.05,25,24807.2,100,0,315175
NIFTY-III.NFO,15/07/2024,09:45:48,24800,24796,50,24803.55,175,0,315175
NIFTY-III.NFO,15/07/2024,09:45:54,24796.85,24797.35,250,24804.25,100,25,312950
NIFTY-III.NFO,15/07/2024,09:45:56,24796.85,24796.2,250,24805.3,100,0,312950
NIFTY-III.NFO,15/07/2024,09:45:57,24796.85,24796,50,24800,25,0,312950
NIFTY-III.NFO,15/07/2024,09:45:59,24796.85,24797.15,250,24800,25,0,312950
NIFTY-III.NFO,15/07/2024,09:46:01,24796.85,24798.1,250,24800,25,0,312950
NIFTY-III.NFO,15/07/2024,09:46:02,24796.85,24798.8,250,24800,25,0,312950
NIFTY-III.NFO,15/07/2024,09:46:04,24796.85,24797.6,250,24800,25,0,312950
NIFTY-III.NFO,15/07/2024,09:46:06,24805.3,24799.6,25,24806.9,100,50,312950
NIFTY-III.NFO,15/07/2024,09:46:07,24805.3,24798.35,25,24806.9,100,0,312950
NIFTY-III.NFO,15/07/2024,09:46:09,24805.3,24799.4,250,24806.9,100,0,312950
NIFTY-III.NFO,15/07/2024,09:46:10,24805.3,24798.9,25,24806.9,100,0,312950
NIFTY-III.NFO,15/07/2024,09:46:14,24805.3,24800.3,25,24807.8,100,0,312950
NIFTY-III.NFO,15/07/2024,09:46:15,24805.3,24799.7,25,24807.8,100,0,312950
NIFTY-III.NFO,15/07/2024,09:46:17,24805.3,24798,25,24807.95,100,0,312950
NIFTY-III.NFO,15/07/2024,09:46:19,24805.3,24797.25,25,24807.05,100,0,312950
NIFTY-III.NFO,15/07/2024,09:46:20,24805.3,24797.45,25,24807.05,100,0,312950
NIFTY-III.NFO,15/07/2024,09:46:22,24805.3,24797.05,25,24806.9,100,0,312950
NIFTY-III.NFO,15/07/2024,09:46:25,24805.3,24797.55,25,24806.9,100,0,312950
NIFTY-III.NFO,15/07/2024,09:46:27,24805.3,24805.3,50,24806.9,100,0,312950
NIFTY-III.NFO,15/07/2024,09:46:33,24805.3,24797.05,25,24806.9,100,50,312950
NIFTY-III.NFO,15/07/2024,09:46:35,24806.45,24797.05,100,24806.45,75,100,312950
NIFTY-III.NFO,15/07/2024,09:46:36,24806.45,24797.05,100,24806.45,75,0,312950
NIFTY-III.NFO,15/07/2024,09:46:38,24806.45,24797.35,100,24806.45,75,0,312950
NIFTY-III.NFO,15/07/2024,09:46:40,24806.45,24797.05,100,24806.45,75,0,312950
NIFTY-III.NFO,15/07/2024,09:46:41,24806.45,24797.15,100,24806.45,75,0,312950
NIFTY-III.NFO,15/07/2024,09:46:43,24806.45,24797.8,100,24806.45,75,0,312950
NIFTY-III.NFO,15/07/2024,09:46:44,24806.45,24798,100,24806.45,75,0,312950
NIFTY-III.NFO,15/07/2024,09:46:46,24806.45,24798.45,100,24806.45,75,0,312950
NIFTY-III.NFO,15/07/2024,09:46:48,24806.45,24798.55,100,24806.9,75,0,312950
NIFTY-III.NFO,15/07/2024,09:46:49,24806.45,24799.4,100,24806.7,75,0,312950
NIFTY-III.NFO,15/07/2024,09:46:51,24806.45,24798.55,100,24806.7,75,0,312950
NIFTY-III.NFO,15/07/2024,09:46:53,24798.55,24798.2,100,24806.7,100,25,312950
NIFTY-III.NFO,15/07/2024,09:46:54,24798.55,24798.4,100,24806.95,100,0,312950
NIFTY-III.NFO,15/07/2024,09:46:56,24798.55,24797.05,100,24806.25,175,0,312950
NIFTY-III.NFO,15/07/2024,09:46:57,24798.55,24798.3,100,24806.25,175,0,312950
NIFTY-III.NFO,15/07/2024,09:46:59,24798.55,24797.5,100,24806.25,175,0,312950
NIFTY-III.NFO,15/07/2024,09:47:01,24798.55,24797,25,24800.5,100,0,312950
NIFTY-III.NFO,15/07/2024,09:47:02,24798.55,24797.05,100,24802,100,0,312950
NIFTY-III.NFO,15/07/2024,09:47:04,24798.55,24797.05,100,24803,100,0,312950
NIFTY-III.NFO,15/07/2024,09:47:06,24798.55,24797.05,100,24802.4,100,0,312950
NIFTY-III.NFO,15/07/2024,09:47:07,24798.55,24797.65,100,24803.05,175,0,312950
NIFTY-III.NFO,15/07/2024,09:47:09,24798.55,24797.05,100,24803.15,100,0,312950
NIFTY-III.NFO,15/07/2024,09:47:11,24798.55,24797.15,100,24803.45,100,0,312950
NIFTY-III.NFO,15/07/2024,09:47:12,24797.35,24797.35,75,24804.1,100,25,312950
NIFTY-III.NFO,15/07/2024,09:47:14,24797.35,24797,25,24804.1,100,0,312950
NIFTY-III.NFO,15/07/2024,09:47:16,24797.35,24797,25,24802.95,100,0,312950
NIFTY-III.NFO,15/07/2024,09:47:17,24797.35,24797,25,24801.45,100,0,312950
NIFTY-III.NFO,15/07/2024,09:47:25,24797.35,24797,25,24799.85,175,0,312950
NIFTY-III.NFO,15/07/2024,09:47:30,24797.35,24797,25,24798.3,100,0,312950
NIFTY-III.NFO,15/07/2024,09:47:32,24797,24796,50,24797,100,25,312950
NIFTY-III.NFO,15/07/2024,09:47:34,24797,24796,50,24796.95,100,0,312950
NIFTY-III.NFO,15/07/2024,09:47:37,24797,24796,50,24797,25,0,312950
NIFTY-III.NFO,15/07/2024,09:47:40,24796,24796,25,24797.05,400,25,312950
NIFTY-III.NFO,15/07/2024,09:47:42,24796,24796,25,24797.05,400,0,312950
NIFTY-III.NFO,15/07/2024,09:47:45,24796,24796.05,25,24797.05,400,0,312950
NIFTY-III.NFO,15/07/2024,09:47:47,24796,24796.05,25,24797,100,0,312950
NIFTY-III.NFO,15/07/2024,09:47:49,24797,24796.05,25,24797,75,25,312950
NIFTY-III.NFO,15/07/2024,09:47:50,24797,24796.05,25,24797,75,0,312950
NIFTY-III.NFO,15/07/2024,09:47:55,24797,24796.05,25,24796.25,75,0,312950
NIFTY-III.NFO,15/07/2024,09:47:57,24796,24795,25,24797,125,50,312950
NIFTY-III.NFO,15/07/2024,09:47:59,24796,24795,25,24796.3,50,0,312950
NIFTY-III.NFO,15/07/2024,09:48:00,24796,24795,25,24796.95,125,0,312950
NIFTY-III.NFO,15/07/2024,09:48:02,24796,24795,25,24796.4,50,0,312950
NIFTY-III.NFO,15/07/2024,09:48:03,24796,24795,25,24797.05,400,0,312950
NIFTY-III.NFO,15/07/2024,09:48:08,24795,24791.05,100,24795.95,50,25,312950
NIFTY-III.NFO,15/07/2024,09:48:10,24795,24791,50,24795.95,125,0,312950
NIFTY-III.NFO,15/07/2024,09:48:12,24795.95,24791,50,24795.95,100,25,312950
NIFTY-III.NFO,15/07/2024,09:48:13,24795.95,24791,50,24795.95,25,0,312950
NIFTY-III.NFO,15/07/2024,09:48:15,24795.95,24791.05,100,24795.95,25,0,312950
NIFTY-III.NFO,15/07/2024,09:48:16,24795.95,24791.45,100,24796,400,0,312950
NIFTY-III.NFO,15/07/2024,09:48:18,24795.95,24791.05,100,24795.95,100,0,312950
NIFTY-III.NFO,15/07/2024,09:48:20,24795.95,24791.05,100,24796,475,0,312950
NIFTY-III.NFO,15/07/2024,09:48:21,24795.95,24791.25,100,24795.95,25,0,312950
NIFTY-III.NFO,15/07/2024,09:48:23,24795.95,24791.3,125,24795.95,100,0,312950
NIFTY-III.NFO,15/07/2024,09:48:25,24795.95,24791,50,24795.95,100,0,312950
NIFTY-III.NFO,15/07/2024,09:48:26,24795.95,24791.05,100,24795.95,25,0,312950
NIFTY-III.NFO,15/07/2024,09:48:28,24795.95,24791.25,100,24796,475,0,312950
NIFTY-III.NFO,15/07/2024,09:48:30,24795.95,24791.05,125,24795.95,25,0,312950
NIFTY-III.NFO,15/07/2024,09:48:31,24795.95,24791.1,100,24795.95,25,0,312950
NIFTY-III.NFO,15/07/2024,09:48:33,24795.95,24791.25,125,24795.95,25,0,312950
NIFTY-III.NFO,15/07/2024,09:48:34,24795.95,24791.35,125,24795.95,25,0,312950
NIFTY-III.NFO,15/07/2024,09:48:36,24795.95,24791.25,100,24796,475,0,312950
NIFTY-III.NFO,15/07/2024,09:48:38,24795.95,24791.2,125,24795.95,25,0,312950
NIFTY-III.NFO,15/07/2024,09:48:39,24795.95,24791.05,100,24795.95,25,0,312950
NIFTY-III.NFO,15/07/2024,09:48:41,24795.95,24795.95,25,24796,475,0,312950
NIFTY-III.NFO,15/07/2024,09:48:44,24795.95,24791.05,100,24796,475,25,312950
NIFTY-III.NFO,15/07/2024,09:48:46,24795.95,24791.05,100,24796,550,0,312950
NIFTY-III.NFO,15/07/2024,09:48:48,24795.95,24791.05,100,24796,475,0,312950
NIFTY-III.NFO,15/07/2024,09:48:49,24795.95,24791,50,24796,550,0,312950
NIFTY-III.NFO,15/07/2024,09:48:54,24795.95,24791.05,100,24796,475,0,312950
NIFTY-III.NFO,15/07/2024,09:48:56,24795.95,24791,50,24796,550,0,312950
NIFTY-III.NFO,15/07/2024,09:48:59,24796,24791,50,24795.8,75,25,313075
NIFTY-III.NFO,15/07/2024,09:49:01,24796,24791,50,24795.6,150,0,313075
NIFTY-III.NFO,15/07/2024,09:49:03,24796,24791,50,24796,525,0,313075
NIFTY-III.NFO,15/07/2024,09:49:08,24796,24791.05,225,24796,450,0,313075
NIFTY-III.NFO,15/07/2024,09:49:09,24796,24792.8,100,24796,450,0,313075
NIFTY-III.NFO,15/07/2024,09:49:11,24796,24793.25,100,24796,450,0,313075
NIFTY-III.NFO,15/07/2024,09:49:13,24796,24793.9,100,24796,450,0,313075
NIFTY-III.NFO,15/07/2024,09:49:14,24796,24793.2,250,24796,450,0,313075
NIFTY-III.NFO,15/07/2024,09:49:16,24796,24792.4,100,24796,450,0,313075
NIFTY-III.NFO,15/07/2024,09:49:18,24796,24791,50,24796,450,0,313075
NIFTY-III.NFO,15/07/2024,09:49:19,24796,24791.55,100,24796,450,0,313075
NIFTY-III.NFO,15/07/2024,09:49:21,24796,24794.15,100,24796,450,0,313075
NIFTY-III.NFO,15/07/2024,09:49:23,24796,24794.55,100,24796,450,0,313075
NIFTY-III.NFO,15/07/2024,09:49:24,24796,24794.55,100,24796,375,75,313075
NIFTY-III.NFO,15/07/2024,09:49:26,24796,24794.55,100,24796,350,25,313075
NIFTY-III.NFO,15/07/2024,09:49:28,24796,24794.65,100,24796,325,25,313075
NIFTY-III.NFO,15/07/2024,09:49:29,24796,24792.7,250,24796,325,0,313075
NIFTY-III.NFO,15/07/2024,09:49:31,24796,24793.4,250,24796,325,0,313075
NIFTY-III.NFO,15/07/2024,09:49:32,24796,24794.35,75,24796,325,0,313075
NIFTY-III.NFO,15/07/2024,09:49:34,24796,24794.65,75,24796,325,0,313075
NIFTY-III.NFO,15/07/2024,09:49:36,24796,24794.85,375,24796,325,0,313075
NIFTY-III.NFO,15/07/2024,09:49:37,24796,24794.85,125,24796,325,0,313075
NIFTY-III.NFO,15/07/2024,09:49:39,24796,24794.95,75,24796,225,100,313075
NIFTY-III.NFO,15/07/2024,09:49:40,24796,24793.7,250,24796,225,0,313075
NIFTY-III.NFO,15/07/2024,09:49:42,24796,24795.75,250,24796,225,0,313075
NIFTY-III.NFO,15/07/2024,09:49:44,24796,24796.35,250,24798.55,25,225,313075
NIFTY-III.NFO,15/07/2024,09:49:45,24796,24795.7,250,24798.55,25,0,313075
NIFTY-III.NFO,15/07/2024,09:49:47,24796,24795.75,100,24798.55,25,0,313075
NIFTY-III.NFO,15/07/2024,09:49:49,24796,24793.85,250,24798.55,25,0,313075
NIFTY-III.NFO,15/07/2024,09:49:50,24796,24792.4,100,24798.55,100,0,313075
NIFTY-III.NFO,15/07/2024,09:49:52,24796,24791.05,100,24798.55,100,0,313075
NIFTY-III.NFO,15/07/2024,09:49:54,24796,24791.45,100,24798.55,100,0,313075
NIFTY-III.NFO,15/07/2024,09:49:55,24796,24796,25,24798.55,25,0,313075
NIFTY-III.NFO,15/07/2024,09:49:57,24796,24796,25,24798.55,100,0,313075
NIFTY-III.NFO,15/07/2024,09:50:02,24796,24796,25,24798.55,25,0,313075
NIFTY-III.NFO,15/07/2024,09:50:09,24796,24796.25,100,24798.55,25,0,313075
NIFTY-III.NFO,15/07/2024,09:50:10,24796,24797.65,100,24798.55,25,0,313075
NIFTY-III.NFO,15/07/2024,09:50:12,24796,24797.8,100,24798.55,25,0,313075
NIFTY-III.NFO,15/07/2024,09:50:13,24798.55,24798.7,100,24802.9,125,25,313075
NIFTY-III.NFO,15/07/2024,09:50:15,24798.55,24799.35,100,24802.8,75,0,313075
NIFTY-III.NFO,15/07/2024,09:50:17,24798.55,24800,100,24802.9,125,0,313075
NIFTY-III.NFO,15/07/2024,09:50:18,24798.55,24798.65,100,24802.9,125,0,313075
NIFTY-III.NFO,15/07/2024,09:50:20,24798.55,24800.2,100,24802.9,125,0,313075
NIFTY-III.NFO,15/07/2024,09:50:22,24798.55,24800.85,100,24802.9,125,0,313075
NIFTY-III.NFO,15/07/2024,09:50:23,24802.9,24804.75,225,24808,25,125,313075
NIFTY-III.NFO,15/07/2024,09:50:25,24802.9,24806.45,100,24808,25,0,313075
NIFTY-III.NFO,15/07/2024,09:50:27,24802.9,24807.1,100,24808,25,0,313075
NIFTY-III.NFO,15/07/2024,09:50:28,24808,24808.2,100,24810,100,25,313075
NIFTY-III.NFO,15/07/2024,09:50:30,24808,24807.25,100,24810,100,0,313075
NIFTY-III.NFO,15/07/2024,09:50:32,24808,24806.5,375,24810,100,0,313075
NIFTY-III.NFO,15/07/2024,09:50:33,24808,24807.25,100,24810,100,0,313075
NIFTY-III.NFO,15/07/2024,09:50:35,24808,24807.9,100,24810,100,0,313075
NIFTY-III.NFO,15/07/2024,09:50:36,24808,24807.5,175,24810,100,0,313075
NIFTY-III.NFO,15/07/2024,09:50:38,24808,24807.8,100,24810,100,0,313075
NIFTY-III.NFO,15/07/2024,09:50:41,24808,24807.1,250,24810,100,0,313075
NIFTY-III.NFO,15/07/2024,09:50:43,24808,24806.05,125,24810,100,0,313075
NIFTY-III.NFO,15/07/2024,09:50:45,24808,24805.95,100,24810,100,0,313075
NIFTY-III.NFO,15/07/2024,09:50:46,24808,24801.65,100,24810,175,0,313075
NIFTY-III.NFO,15/07/2024,09:50:48,24808,24806.2,100,24810,100,0,313075
NIFTY-III.NFO,15/07/2024,09:50:51,24806.2,24807.15,250,24810,100,25,313075
NIFTY-III.NFO,15/07/2024,09:50:53,24808,24806.55,250,24810,100,25,313075
NIFTY-III.NFO,15/07/2024,09:50:55,24808,24806.2,25,24806.55,25,0,313075
NIFTY-III.NFO,15/07/2024,09:50:56,24806.55,24806.2,25,24809.95,100,25,313075
NIFTY-III.NFO,15/07/2024,09:50:58,24806.55,24806.2,25,24809.95,100,0,313075
NIFTY-III.NFO,15/07/2024,09:51:01,24806.55,24806.2,25,24809.95,25,0,313075
NIFTY-III.NFO,15/07/2024,09:51:03,24806.55,24806.25,100,24810,100,0,313075
NIFTY-III.NFO,15/07/2024,09:51:05,24806.55,24806.6,250,24810,100,0,313075
NIFTY-III.NFO,15/07/2024,09:51:06,24806.55,24806.2,25,24809.95,25,0,313075
NIFTY-III.NFO,15/07/2024,09:51:08,24806.55,24806.2,25,24809.95,100,0,313075
NIFTY-III.NFO,15/07/2024,09:51:10,24806.55,24806.2,25,24809.95,25,0,313075
NIFTY-III.NFO,15/07/2024,09:51:11,24806.55,24806.2,25,24809.95,100,0,313075
NIFTY-III.NFO,15/07/2024,09:51:13,24806.55,24806.2,25,24809.95,25,0,313075
NIFTY-III.NFO,15/07/2024,09:51:14,24806.55,24806.2,25,24809.95,100,0,313075
NIFTY-III.NFO,15/07/2024,09:51:26,24806.55,24806.2,25,24809.95,25,0,313075
NIFTY-III.NFO,15/07/2024,09:51:31,24810.4,24806.2,25,24811.95,75,200,313075
NIFTY-III.NFO,15/07/2024,09:51:33,24810.4,24806.25,100,24813.45,75,0,313075
NIFTY-III.NFO,15/07/2024,09:51:34,24810.4,24806.2,25,24813.45,75,0,313075
NIFTY-III.NFO,15/07/2024,09:51:36,24810.4,24806.25,100,24813.45,75,0,313075
NIFTY-III.NFO,15/07/2024,09:51:37,24810.4,24808,25,24813.75,75,0,313075
NIFTY-III.NFO,15/07/2024,09:51:42,24810.4,24808,25,24813.45,75,0,313075
NIFTY-III.NFO,15/07/2024,09:51:47,24810.4,24808,25,24813.3,75,0,313075
NIFTY-III.NFO,15/07/2024,09:51:49,24810.4,24811,25,24813.3,75,0,313075
NIFTY-III.NFO,15/07/2024,09:51:52,24810.4,24811,25,24814,100,0,313075
NIFTY-III.NFO,15/07/2024,09:52:29,24810.4,24811,25,24814,25,0,313075
NIFTY-III.NFO,15/07/2024,09:52:47,24810.4,24811,25,24814,100,0,313075
NIFTY-III.NFO,15/07/2024,09:52:49,24810.4,24811,25,24812.5,25,0,313075
NIFTY-III.NFO,15/07/2024,09:52:58,24810.4,24811.05,100,24812.5,25,0,313075
NIFTY-III.NFO,15/07/2024,09:53:00,24810.4,24811,25,24812.5,25,0,313075
NIFTY-III.NFO,15/07/2024,09:53:02,24810.4,24811.05,100,24812.5,25,0,313075
NIFTY-III.NFO,15/07/2024,09:53:03,24810.4,24811,25,24812.5,25,0,313075
NIFTY-III.NFO,15/07/2024,09:53:07,24810.4,24811.05,100,24812.5,25,0,313075
NIFTY-III.NFO,15/07/2024,09:53:10,24810.4,24811,25,24812.5,25,0,313075
NIFTY-III.NFO,15/07/2024,09:53:11,24814,24811.05,100,24817.4,75,50,313650
NIFTY-III.NFO,15/07/2024,09:53:13,24814,24811.05,100,24817.4,150,0,313650
NIFTY-III.NFO,15/07/2024,09:53:14,24814,24811.05,100,24817.4,75,0,313650
NIFTY-III.NFO,15/07/2024,09:53:19,24814,24811,25,24817.4,75,0,313650
NIFTY-III.NFO,15/07/2024,09:53:21,24814,24815,25,24819,75,0,313650
NIFTY-III.NFO,15/07/2024,09:53:22,24814,24815,50,24819,75,0,313650
NIFTY-III.NFO,15/07/2024,09:53:29,24820,24811.3,100,24820,100,50,313650
NIFTY-III.NFO,15/07/2024,09:53:30,24820,24807.05,100,24820,100,0,313650
NIFTY-III.NFO,15/07/2024,09:53:32,24820,24809.3,100,24819.25,75,0,313650
NIFTY-III.NFO,15/07/2024,09:53:33,24820,24809.7,100,24819.25,75,0,313650
NIFTY-III.NFO,15/07/2024,09:53:35,24820,24810.25,100,24819.25,75,0,313650
NIFTY-III.NFO,15/07/2024,09:53:37,24820,24811.25,100,24819.85,75,0,313650
NIFTY-III.NFO,15/07/2024,09:53:38,24820,24811.9,100,24819.85,75,0,313650
NIFTY-III.NFO,15/07/2024,09:53:45,24820,24811.4,100,24819.85,75,0,313650
NIFTY-III.NFO,15/07/2024,09:53:46,24820,24810.8,100,24819.85,75,0,313650
NIFTY-III.NFO,15/07/2024,09:53:51,24820,24811.55,100,24819.85,75,0,313650
NIFTY-III.NFO,15/07/2024,09:53:53,24820,24810.4,100,24819.85,75,0,313650
NIFTY-III.NFO,15/07/2024,09:53:54,24820,24810.5,100,24819.85,75,0,313650
NIFTY-III.NFO,15/07/2024,09:53:56,24820,24811,100,24819.85,75,0,313650
NIFTY-III.NFO,15/07/2024,09:53:58,24820,24810.4,100,24819.85,75,0,313650
NIFTY-III.NFO,15/07/2024,09:53:59,24820,24809.85,100,24819.85,75,0,313650
NIFTY-III.NFO,15/07/2024,09:54:01,24820,24810.8,100,24820.15,75,250,313650
NIFTY-III.NFO,15/07/2024,09:54:02,24820,24809.65,100,24819.45,200,0,313650
NIFTY-III.NFO,15/07/2024,09:54:04,24820,24808.55,100,24818.65,200,0,313650
NIFTY-III.NFO,15/07/2024,09:54:05,24820,24807.55,100,24817.4,75,0,313650
NIFTY-III.NFO,15/07/2024,09:54:07,24820,24803.75,100,24817.15,75,0,313650
NIFTY-III.NFO,15/07/2024,09:54:09,24820,24805.95,100,24811,400,0,313650
NIFTY-III.NFO,15/07/2024,09:54:10,24820,24805.95,100,24811,325,0,313650
NIFTY-III.NFO,15/07/2024,09:54:12,24820,24805.95,100,24811,400,0,313650
NIFTY-III.NFO,15/07/2024,09:54:13,24820,24805.8,25,24810.9,75,0,313650
NIFTY-III.NFO,15/07/2024,09:54:17,24820,24804.8,25,24810.9,75,0,313650
NIFTY-III.NFO,15/07/2024,09:54:20,24820,24804.8,25,24809.85,75,0,313650
NIFTY-III.NFO,15/07/2024,09:54:32,24820,24804.8,25,24810.2,150,0,313650
NIFTY-III.NFO,15/07/2024,09:54:33,24820,24804.8,25,24810.15,75,0,313650
NIFTY-III.NFO,15/07/2024,09:54:35,24820,24803.6,25,24809.45,75,0,313650
NIFTY-III.NFO,15/07/2024,09:54:37,24820,24803.6,25,24809.55,75,0,313650
NIFTY-III.NFO,15/07/2024,09:54:38,24820,24803.6,25,24808.7,75,0,313650
NIFTY-III.NFO,15/07/2024,09:54:40,24820,24803.6,25,24807.9,75,0,313650
NIFTY-III.NFO,15/07/2024,09:54:42,24820,24803.6,25,24807.4,75,0,313650
NIFTY-III.NFO,15/07/2024,09:54:45,24820,24803.6,25,24807.5,75,0,313650
NIFTY-III.NFO,15/07/2024,09:54:47,24807.5,24803.6,25,24807.5,50,25,313650
NIFTY-III.NFO,15/07/2024,09:54:48,24807.5,24803.6,25,24807.5,50,0,313650
NIFTY-III.NFO,15/07/2024,09:54:50,24807.5,24803.6,25,24807.95,150,0,313650
NIFTY-III.NFO,15/07/2024,09:54:52,24807.5,24804.35,100,24811,400,0,313650
NIFTY-III.NFO,15/07/2024,09:54:53,24807.5,24803.7,100,24811,400,0,313650
NIFTY-III.NFO,15/07/2024,09:55:00,24807.5,24803.65,25,24810.1,200,0,313650
NIFTY-III.NFO,15/07/2024,09:55:02,24807.5,24807,25,24808.9,200,0,313650
NIFTY-III.NFO,15/07/2024,09:55:03,24807,24800.05,100,24808.25,75,25,313525
NIFTY-III.NFO,15/07/2024,09:55:05,24807,24803.6,25,24808.15,125,0,313525
NIFTY-III.NFO,15/07/2024,09:55:06,24807,24803.6,25,24808.25,75,0,313525
NIFTY-III.NFO,15/07/2024,09:55:10,24807.8,24802.5,25,24807.4,175,25,313525
NIFTY-III.NFO,15/07/2024,09:55:11,24807.8,24802.5,25,24806.75,75,0,313525
NIFTY-III.NFO,15/07/2024,09:55:14,24807.8,24802.3,25,24806.65,75,0,313525
NIFTY-III.NFO,15/07/2024,09:55:18,24807.8,24802.3,25,24807.05,75,0,313525
NIFTY-III.NFO,15/07/2024,09:55:19,24807.8,24802.3,25,24807.15,75,0,313525
NIFTY-III.NFO,15/07/2024,09:55:24,24807.8,24802.3,25,24808.05,75,0,313525
NIFTY-III.NFO,15/07/2024,09:55:26,24807.8,24802.3,25,24809.55,75,0,313525
NIFTY-III.NFO,15/07/2024,09:55:27,24807.8,24802.35,100,24811,400,0,313525
NIFTY-III.NFO,15/07/2024,09:55:29,24807.8,24802.3,25,24810.35,175,0,313525
NIFTY-III.NFO,15/07/2024,09:55:31,24807.8,24802.3,25,24808.4,100,0,313525
NIFTY-III.NFO,15/07/2024,09:55:34,24807.8,24802.3,25,24808.35,25,0,313525
NIFTY-III.NFO,15/07/2024,09:55:36,24807.8,24802.35,100,24809.15,75,0,313525
NIFTY-III.NFO,15/07/2024,09:55:37,24807.8,24802.3,25,24809.15,75,0,313525
NIFTY-III.NFO,15/07/2024,09:55:39,24807.8,24804.4,25,24809.15,75,0,313525
NIFTY-III.NFO,15/07/2024,09:55:44,24807.8,24800.65,100,24808.05,175,0,313525
NIFTY-III.NFO,15/07/2024,09:55:45,24807.8,24803.7,25,24808.05,75,0,313525
NIFTY-III.NFO,15/07/2024,09:55:48,24807.8,24802.5,25,24808,25,0,313525
NIFTY-III.NFO,15/07/2024,09:55:52,24807.8,24802.5,25,24806.7,175,0,313525
NIFTY-III.NFO,15/07/2024,09:55:53,24807.8,24802.5,25,24806.05,75,0,313525
NIFTY-III.NFO,15/07/2024,09:55:56,24807.8,24802.5,25,24804.85,175,0,313525
NIFTY-III.NFO,15/07/2024,09:55:58,24807.8,24803.15,25,24804.85,75,0,313525
NIFTY-III.NFO,15/07/2024,09:56:01,24803.1,24800,75,24803.65,200,25,313525
NIFTY-III.NFO,15/07/2024,09:56:03,24803.1,24800,75,24804.85,75,0,313525
NIFTY-III.NFO,15/07/2024,09:56:05,24803.1,24800,75,24804.55,175,0,313525
NIFTY-III.NFO,15/07/2024,09:56:06,24803.1,24800,75,24804.55,75,0,313525
NIFTY-III.NFO,15/07/2024,09:56:09,24803.1,24800,75,24804.4,75,0,313525
NIFTY-III.NFO,15/07/2024,09:56:11,24803.1,24800,75,24804.4,175,0,313525
NIFTY-III.NFO,15/07/2024,09:56:16,24803.1,24800,75,24803.7,175,0,313525
NIFTY-III.NFO,15/07/2024,09:56:17,24803.1,24800,75,24804.45,175,0,313525
NIFTY-III.NFO,15/07/2024,09:56:20,24803.1,24800,75,24804.45,75,0,313525
NIFTY-III.NFO,15/07/2024,09:56:22,24803.1,24800,75,24805.05,175,0,313525
NIFTY-III.NFO,15/07/2024,09:56:24,24803.1,24800,75,24805,75,0,313525
NIFTY-III.NFO,15/07/2024,09:56:25,24803.1,24800,75,24804.95,100,0,313525
NIFTY-III.NFO,15/07/2024,09:56:27,24803.1,24800,75,24802.95,175,0,313525
NIFTY-III.NFO,15/07/2024,09:56:29,24803.1,24800,75,24804.1,100,0,313525
NIFTY-III.NFO,15/07/2024,09:56:30,24800,24800,50,24804.15,75,25,313525
NIFTY-III.NFO,15/07/2024,09:56:32,24800,24800,50,24804.15,75,0,313525
NIFTY-III.NFO,15/07/2024,09:56:35,24804,24798,25,24804.2,175,50,313525
NIFTY-III.NFO,15/07/2024,09:56:36,24804,24798.05,100,24804.2,75,0,313525
NIFTY-III.NFO,15/07/2024,09:56:38,24804,24798,25,24804.05,175,0,313525
NIFTY-III.NFO,15/07/2024,09:56:40,24804,24798,25,24802.55,175,0,313525
NIFTY-III.NFO,15/07/2024,09:56:41,24804,24798,25,24801.4,175,0,313525
NIFTY-III.NFO,15/07/2024,09:56:43,24800,24798,25,24800,200,125,313525
NIFTY-III.NFO,15/07/2024,09:56:44,24798,24796,50,24800.85,150,25,313525
NIFTY-III.NFO,15/07/2024,09:56:46,24798,24800,25,24801.75,200,0,313525
NIFTY-III.NFO,15/07/2024,09:56:48,24798,24800,25,24801.05,200,0,313525
NIFTY-III.NFO,15/07/2024,09:56:49,24798,24800,25,24802.25,125,0,313525
NIFTY-III.NFO,15/07/2024,09:56:51,24798,24800,25,24802.2,200,0,313525
NIFTY-III.NFO,15/07/2024,09:56:53,24798,24800,25,24801.75,150,0,313525
NIFTY-III.NFO,15/07/2024,09:56:56,24798,24800,25,24803.75,75,0,313525
NIFTY-III.NFO,15/07/2024,09:56:57,24800,24796.05,100,24804.45,275,25,313525
NIFTY-III.NFO,15/07/2024,09:56:59,24800,24796.05,100,24803.8,75,0,313525
NIFTY-III.NFO,15/07/2024,09:57:02,24800,24796.05,100,24804.85,75,0,313525
NIFTY-III.NFO,15/07/2024,09:57:04,24800,24797.65,100,24806.05,75,0,313525
NIFTY-III.NFO,15/07/2024,09:57:05,24800,24798.35,75,24804.7,75,0,313525
NIFTY-III.NFO,15/07/2024,09:57:07,24800,24798.55,75,24804.7,75,0,313525
NIFTY-III.NFO,15/07/2024,09:57:09,24800,24796.25,100,24805.4,75,0,313525
NIFTY-III.NFO,15/07/2024,09:57:10,24800,24796.15,100,24805.4,75,0,313525
NIFTY-III.NFO,15/07/2024,09:57:12,24800,24797.2,100,24805.4,75,0,313525
NIFTY-III.NFO,15/07/2024,09:57:13,24800,24796.1,100,24805.4,75,0,313525
NIFTY-III.NFO,15/07/2024,09:57:15,24800,24796.05,100,24805.4,75,0,313525
NIFTY-III.NFO,15/07/2024,09:57:17,24800,24796.05,100,24805,75,0,313525
NIFTY-III.NFO,15/07/2024,09:57:18,24800,24796.45,100,24805,75,0,313525
NIFTY-III.NFO,15/07/2024,09:57:20,24800,24796.05,100,24805,75,0,313525
NIFTY-III.NFO,15/07/2024,09:57:21,24800,24796.05,100,24803.4,200,0,313525
NIFTY-III.NFO,15/07/2024,09:57:23,24800,24796.05,100,24803.1,150,0,313525
NIFTY-III.NFO,15/07/2024,09:57:25,24800,24796,50,24803,75,0,313525
NIFTY-III.NFO,15/07/2024,09:57:26,24800,24796,50,24803,125,0,313525
NIFTY-III.NFO,15/07/2024,09:57:28,24800,24799,25,24803.1,75,0,313525
NIFTY-III.NFO,15/07/2024,09:57:30,24800,24799,25,24802.9,150,0,313525
NIFTY-III.NFO,15/07/2024,09:57:31,24800,24799,25,24802.25,75,0,313525
NIFTY-III.NFO,15/07/2024,09:57:33,24800,24799,25,24801.95,150,0,313525
NIFTY-III.NFO,15/07/2024,09:57:34,24800,24799,25,24801.15,150,0,313525
NIFTY-III.NFO,15/07/2024,09:57:36,24800,24799,25,24800.5,75,0,313525
NIFTY-III.NFO,15/07/2024,09:57:39,24800,24799,25,24800.6,200,0,313525
NIFTY-III.NFO,15/07/2024,09:57:41,24799,24796,50,24799.6,75,25,313525
NIFTY-III.NFO,15/07/2024,09:57:42,24799.6,24796,50,24800.15,200,25,313525
NIFTY-III.NFO,15/07/2024,09:57:44,24799.6,24796,50,24799.5,200,0,313525
NIFTY-III.NFO,15/07/2024,09:57:46,24799.6,24796,50,24798.85,75,0,313525
NIFTY-III.NFO,15/07/2024,09:57:47,24799.6,24796,50,24799.4,200,0,313525
NIFTY-III.NFO,15/07/2024,09:57:49,24799.6,24796,50,24800,200,0,313525
NIFTY-III.NFO,15/07/2024,09:57:52,24799.6,24796,50,24799.7,150,0,313525
NIFTY-III.NFO,15/07/2024,09:57:54,24799.6,24796,50,24799.45,200,0,313525
NIFTY-III.NFO,15/07/2024,09:57:55,24799.6,24796,50,24798.75,200,0,313525
NIFTY-III.NFO,15/07/2024,09:57:57,24799.6,24796,50,24799.3,200,0,313525
NIFTY-III.NFO,15/07/2024,09:57:58,24799.6,24796,50,24799.05,150,0,313525
NIFTY-III.NFO,15/07/2024,09:58:00,24796,24795,25,24796.8,200,50,313425
NIFTY-III.NFO,15/07/2024,09:58:02,24796,24795,25,24797.4,200,0,313425
NIFTY-III.NFO,15/07/2024,09:58:05,24796,24795,25,24797.3,200,0,313425
NIFTY-III.NFO,15/07/2024,09:58:06,24796,24795,25,24798.45,75,0,313425
NIFTY-III.NFO,15/07/2024,09:58:08,24796,24795,25,24798.8,150,0,313425
NIFTY-III.NFO,15/07/2024,09:58:11,24796,24795,25,24798.15,75,0,313425
NIFTY-III.NFO,15/07/2024,09:58:13,24796,24795,25,24798.9,75,0,313425
NIFTY-III.NFO,15/07/2024,09:58:16,24796,24795,25,24799.5,200,0,313425
NIFTY-III.NFO,15/07/2024,09:58:18,24796,24795,25,24800.1,200,0,313425
NIFTY-III.NFO,15/07/2024,09:58:21,24796,24795,25,24799.45,200,0,313425
NIFTY-III.NFO,15/07/2024,09:58:23,24796,24795,25,24800.05,75,0,313425
NIFTY-III.NFO,15/07/2024,09:58:25,24796,24795,25,24800.45,75,0,313425
NIFTY-III.NFO,15/07/2024,09:58:26,24796,24795,25,24800.5,200,0,313425
NIFTY-III.NFO,15/07/2024,09:58:28,24796,24795,25,24800.35,200,0,313425
NIFTY-III.NFO,15/07/2024,09:58:30,24796,24795,25,24801.6,200,0,313425
NIFTY-III.NFO,15/07/2024,09:58:31,24796,24795,25,24800.2,200,0,313425
NIFTY-III.NFO,15/07/2024,09:58:33,24796,24795,25,24799.4,150,0,313425
NIFTY-III.NFO,15/07/2024,09:58:35,24796,24795,25,24799.2,150,0,313425
NIFTY-III.NFO,15/07/2024,09:58:36,24796,24795,25,24799.8,75,0,313425
NIFTY-III.NFO,15/07/2024,09:58:40,24796,24795,25,24800.15,75,0,313425
NIFTY-III.NFO,15/07/2024,09:58:41,24796,24795,25,24799.45,200,0,313425
NIFTY-III.NFO,15/07/2024,09:58:44,24796,24795,25,24799.45,75,0,313425
NIFTY-III.NFO,15/07/2024,09:58:48,24796,24795,25,24800,200,0,313425
NIFTY-III.NFO,15/07/2024,09:58:49,24796,24795,25,24799.95,125,0,313425
NIFTY-III.NFO,15/07/2024,09:58:51,24796,24795,25,24799.85,150,0,313425
NIFTY-III.NFO,15/07/2024,09:58:52,24796,24795,25,24799.3,200,0,313425
NIFTY-III.NFO,15/07/2024,09:58:54,24796,24795,25,24799.2,125,0,313425
NIFTY-III.NFO,15/07/2024,09:58:56,24796,24795,25,24798.3,150,0,313425
NIFTY-III.NFO,15/07/2024,09:58:57,24796,24795,25,24798.3,75,0,313425
NIFTY-III.NFO,15/07/2024,09:58:59,24796,24795,25,24797.8,75,0,313425
NIFTY-III.NFO,15/07/2024,09:59:00,24796,24795,25,24799.5,75,0,313425
