Ticker,Date,Time,LTP,BuyPrice,BuyQty,SellPrice,SellQty,LTQ,OpenInterest
NIFTY-I.NFO,15/07/2024,09:15:00,24599.95,24581,475,24584.05,250,3100,0
NIFTY-I.NFO,15/07/2024,09:15:00,24599.95,24581,475,24584.05,250,0,0
NIFTY-I.NFO,15/07/2024,09:15:00,24602,24581,475,24584.05,250,0,0
NIFTY-I.NFO,15/07/2024,09:15:00,24581,24581,475,24584.05,250,0,0
NIFTY-I.NFO,15/07/2024,09:15:01,24566.65,24566.7,200,24573.55,25,4725,13910350
NIFTY-I.NFO,15/07/2024,09:15:01,24566.65,24566.7,200,24573.55,25,0,13910350
NIFTY-I.NFO,15/07/2024,09:15:02,24561.2,24560.75,5000,24561.2,175,2550,13910350
NIFTY-I.NFO,15/07/2024,09:15:02,24561,24560.75,5000,24561.2,175,0,13910350
NIFTY-I.NFO,15/07/2024,09:15:03,24560.75,24561.25,25,24562.55,75,4100,13910350
NIFTY-I.NFO,15/07/2024,09:15:03,24560.75,24561.25,25,24562.55,75,0,13910350
NIFTY-I.NFO,15/07/2024,09:15:04,24565.95,24560.6,100,24565.95,50,2475,13910350
NIFTY-I.NFO,15/07/2024,09:15:04,24560.55,24560.6,100,24565.95,50,0,13910350
NIFTY-I.NFO,15/07/2024,09:15:05,24560.55,24560.55,3550,24560.75,100,1375,13910350
NIFTY-I.NFO,15/07/2024,09:15:06,24564.55,24561.1,175,24563.15,25,1625,13910350
NIFTY-I.NFO,15/07/2024,09:15:08,24561.15,24561.5,150,24567.4,50,1425,13910350
NIFTY-I.NFO,15/07/2024,09:15:09,24560.8,24560.9,25,24565.65,25,6400,13910350
NIFTY-I.NFO,15/07/2024,09:15:10,24560.8,24565.65,200,24569,150,300,13910350
NIFTY-I.NFO,15/07/2024,09:15:12,24569.7,24565,25,24569.7,50,1775,13910350
NIFTY-I.NFO,15/07/2024,09:15:13,24568.4,24568.45,125,24568.65,175,2000,13910350
NIFTY-I.NFO,15/07/2024,09:15:14,24566.75,24569.75,500,24570.8,50,1375,13910350
NIFTY-I.NFO,15/07/2024,09:15:15,24566.05,24566.05,25,24567.35,50,3400,13910350
NIFTY-I.NFO,15/07/2024,09:15:17,24572.8,24570.4,1425,24573.1,250,2000,13910350
NIFTY-I.NFO,15/07/2024,09:15:18,24572.7,24572.7,25,24573,250,2650,13910350
NIFTY-I.NFO,15/07/2024,09:15:20,24573.95,24571.25,25,24573.95,75,2950,13910350
NIFTY-I.NFO,15/07/2024,09:15:21,24572.85,24575,900,24577.7,25,2050,13910350
NIFTY-I.NFO,15/07/2024,09:15:22,24577.65,24574.2,50,24577.7,25,3450,13910350
NIFTY-I.NFO,15/07/2024,09:15:24,24577.6,24577.6,100,24578,75,850,13910350
NIFTY-I.NFO,15/07/2024,09:15:25,24578.95,24574.55,125,24579,500,650,13910350
NIFTY-I.NFO,15/07/2024,09:15:26,24577.7,24577.7,1375,24580,425,975,13910350
NIFTY-I.NFO,15/07/2024,09:15:27,24580,24577.7,1200,24579,50,750,13910350
NIFTY-I.NFO,15/07/2024,09:15:29,24577,24575.1,100,24577.6,25,5375,13910350
NIFTY-I.NFO,15/07/2024,09:15:30,24575.05,24575.05,125,24579.5,25,625,13910350
NIFTY-I.NFO,15/07/2024,09:15:32,24575.1,24575.1,75,24577.7,25,475,13910350
NIFTY-I.NFO,15/07/2024,09:15:33,24577.25,24571.65,125,24575.3,25,400,13910350
NIFTY-I.NFO,15/07/2024,09:15:34,24574.1,24571,50,24575,50,1825,13910350
NIFTY-I.NFO,15/07/2024,09:15:36,24572.9,24570.2,1550,24574.05,125,300,13910350
NIFTY-I.NFO,15/07/2024,09:15:37,24570.95,24566.55,100,24570.95,25,2800,13910350
NIFTY-I.NFO,15/07/2024,09:15:38,24571.15,24566.6,100,24571.15,100,700,13910350
NIFTY-I.NFO,15/07/2024,09:15:40,24565.8,24566.95,25,24571,25,250,13910350
NIFTY-I.NFO,15/07/2024,09:15:41,24571.05,24571.05,50,24574,50,325,13937250
NIFTY-I.NFO,15/07/2024,09:15:42,24574.45,24572.95,25,24575,500,675,13937250
NIFTY-I.NFO,15/07/2024,09:15:44,24571.05,24571.15,25,24575,350,1825,13937250
NIFTY-I.NFO,15/07/2024,09:15:45,24571.2,24570.65,50,24574.95,100,450,13937250
NIFTY-I.NFO,15/07/2024,09:15:46,24574.05,24575,1800,24575.05,50,1700,13937250
NIFTY-I.NFO,15/07/2024,09:15:48,24575,24575,1600,24575.05,50,200,13937250
NIFTY-I.NFO,15/07/2024,09:15:49,24575,24575,1425,24575.45,125,400,13937250
NIFTY-I.NFO,15/07/2024,09:15:50,24575,24575,1350,24576,25,650,13937250
NIFTY-I.NFO,15/07/2024,09:15:52,24575,24575,1025,24576.2,675,400,13937250
NIFTY-I.NFO,15/07/2024,09:15:53,24576,24575,475,24576.05,25,750,13937250
NIFTY-I.NFO,15/07/2024,09:15:54,24575,24575,600,24576.15,25,150,13937250
NIFTY-I.NFO,15/07/2024,09:15:56,24575,24575,375,24576,25,750,13937250
NIFTY-I.NFO,15/07/2024,09:15:57,24576.2,24575.05,25,24576.05,25,675,13937250
NIFTY-I.NFO,15/07/2024,09:15:58,24572.9,24571.4,125,24575.95,25,3000,13937250
NIFTY-I.NFO,15/07/2024,09:16:00,24575.25,24571.1,100,24575.3,25,950,13937250
NIFTY-I.NFO,15/07/2024,09:16:01,24573.4,24576.2,25,24577,175,1025,13937250
NIFTY-I.NFO,15/07/2024,09:16:02,24575.95,24575.9,25,24579.5,50,2800,13937250
NIFTY-I.NFO,15/07/2024,09:16:04,24578,24578,475,24581,50,2125,13937250
NIFTY-I.NFO,15/07/2024,09:16:05,24576.2,24576.2,50,24579.05,25,475,13937250
NIFTY-I.NFO,15/07/2024,09:16:07,24580,24578.2,200,24580.5,50,825,13937250
NIFTY-I.NFO,15/07/2024,09:16:08,24580,24577.55,100,24580.95,25,600,13937250
NIFTY-I.NFO,15/07/2024,09:16:09,24581.1,24581.1,400,24581.6,25,450,13937250
NIFTY-I.NFO,15/07/2024,09:16:11,24581.1,24581.1,50,24582,125,400,13937250
NIFTY-I.NFO,15/07/2024,09:16:12,24581,24581,225,24582,25,625,13937250
NIFTY-I.NFO,15/07/2024,09:16:13,24582.05,24582.1,300,24584.2,25,150,13937250
NIFTY-I.NFO,15/07/2024,09:16:15,24582,24581.75,225,24584,25,550,13937250
NIFTY-I.NFO,15/07/2024,09:16:16,24582.45,24582.3,200,24586.1,25,3300,13937250
NIFTY-I.NFO,15/07/2024,09:16:17,24582.6,24582.6,25,24586.3,25,375,13937250
NIFTY-I.NFO,15/07/2024,09:16:19,24582.3,24582.85,125,24586.7,25,450,13937250
NIFTY-I.NFO,15/07/2024,09:16:20,24586.85,24582,25,24586.85,25,2225,13937250
NIFTY-I.NFO,15/07/2024,09:16:22,24585,24582.35,175,24585.65,25,1225,13937250
NIFTY-I.NFO,15/07/2024,09:16:23,24582.55,24582.6,275,24585.5,25,1075,13937250
NIFTY-I.NFO,15/07/2024,09:16:24,24582.6,24582.6,125,24586,50,1000,13937250
NIFTY-I.NFO,15/07/2024,09:16:26,24585.05,24585.05,200,24586,300,425,13937250
NIFTY-I.NFO,15/07/2024,09:16:27,24587.7,24587.7,75,24588,125,1425,13937250
NIFTY-I.NFO,15/07/2024,09:16:28,24587.9,24587.65,1050,24587.9,50,425,13937250
NIFTY-I.NFO,15/07/2024,09:16:30,24587.95,24587.95,725,24588.4,25,875,13937250
NIFTY-I.NFO,15/07/2024,09:16:31,24589.65,24587.95,550,24589.3,25,675,13937250
NIFTY-I.NFO,15/07/2024,09:16:32,24588.85,24587.95,300,24588,25,625,13937250
NIFTY-I.NFO,15/07/2024,09:16:34,24586,24586,650,24587.15,25,1800,13937250
NIFTY-I.NFO,15/07/2024,09:16:35,24587.55,24586,525,24587.55,25,250,13937250
NIFTY-I.NFO,15/07/2024,09:16:36,24588.1,24586,475,24588,25,600,13937250
NIFTY-I.NFO,15/07/2024,09:16:38,24586,24586,300,24587.2,25,1150,13937250
NIFTY-I.NFO,15/07/2024,09:16:39,24585,24585,250,24585.95,25,800,13937250
NIFTY-I.NFO,15/07/2024,09:16:40,24585,24585,125,24585.95,25,1250,13937250
NIFTY-I.NFO,15/07/2024,09:16:42,24584.3,24581.2,350,24584.15,25,525,13937250
NIFTY-I.NFO,15/07/2024,09:16:43,24583.65,24582.8,125,24585,25,275,13937250
NIFTY-I.NFO,15/07/2024,09:16:44,24584.7,24581.2,275,24584.75,50,525,13937250
NIFTY-I.NFO,15/07/2024,09:16:46,24581.2,24581.2,250,24584,25,75,13937250
NIFTY-I.NFO,15/07/2024,09:16:47,24583.65,24581.3,250,24584,25,50,13937250
NIFTY-I.NFO,15/07/2024,09:16:49,24581.25,24581.25,250,24584.3,25,400,13937250
NIFTY-I.NFO,15/07/2024,09:16:50,24581.3,24581.25,50,24584.05,150,1325,13937250
NIFTY-I.NFO,15/07/2024,09:16:51,24582,24581.25,50,24582,25,25,13937250
NIFTY-I.NFO,15/07/2024,09:16:53,24585.05,24579.2,125,24583.9,125,875,13937250
NIFTY-I.NFO,15/07/2024,09:16:54,24579.3,24579.55,125,24583.9,350,350,13937250
NIFTY-I.NFO,15/07/2024,09:16:55,24578.9,24579.05,150,24583.45,25,350,13937250
NIFTY-I.NFO,15/07/2024,09:16:57,24578.9,24578,425,24582.7,125,0,13937250
NIFTY-I.NFO,15/07/2024,09:16:58,24579.05,24578,425,24579.05,625,275,13937250
NIFTY-I.NFO,15/07/2024,09:16:59,24576.95,24576.8,225,24579.05,625,1100,13937250
NIFTY-I.NFO,15/07/2024,09:17:01,24576,24576,700,24579.05,575,200,13937250
NIFTY-I.NFO,15/07/2024,09:17:02,24576.8,24576,600,24576.8,50,300,13937250
NIFTY-I.NFO,15/07/2024,09:17:04,24574.4,24574,25,24576.7,50,825,13937250
NIFTY-I.NFO,15/07/2024,09:17:05,24575.25,24574.6,125,24578.9,25,1000,13937250
NIFTY-I.NFO,15/07/2024,09:17:06,24576,24575.25,200,24578.9,225,225,13937250
NIFTY-I.NFO,15/07/2024,09:17:08,24583,24578.55,125,24582.4,50,2825,13937250
NIFTY-I.NFO,15/07/2024,09:17:09,24583,24580.4,25,24583.95,25,675,13937250
NIFTY-I.NFO,15/07/2024,09:17:10,24584,24580.65,125,24584,25,400,13937250
NIFTY-I.NFO,15/07/2024,09:17:12,24580.6,24580.65,100,24583,25,525,13937250
NIFTY-I.NFO,15/07/2024,09:17:13,24579.85,24581.3,50,24583.9,50,225,13937250
NIFTY-I.NFO,15/07/2024,09:17:15,24580,24579.4,75,24580,750,1675,13937250
NIFTY-I.NFO,15/07/2024,09:17:16,24580.4,24579.8,25,24582,150,1025,13937250
NIFTY-I.NFO,15/07/2024,09:17:18,24579,24578.95,125,24580,25,50,13937250
NIFTY-I.NFO,15/07/2024,09:17:19,24578.4,24578.45,25,24581.3,25,275,13937250
NIFTY-I.NFO,15/07/2024,09:17:20,24580,24576.7,125,24580.55,50,200,13937250
NIFTY-I.NFO,15/07/2024,09:17:22,24578,24576.9,125,24578,100,250,13937250
NIFTY-I.NFO,15/07/2024,09:17:23,24580.55,24578.05,275,24581,100,550,13937250
NIFTY-I.NFO,15/07/2024,09:17:25,24577.7,24576.8,125,24579.7,150,300,13937250
NIFTY-I.NFO,15/07/2024,09:17:26,24580.9,24577.35,125,24580.65,25,225,13937250
NIFTY-I.NFO,15/07/2024,09:17:28,24576.85,24576.45,125,24579.35,500,225,13937250
NIFTY-I.NFO,15/07/2024,09:17:29,24579.35,24576.85,275,24579.35,400,1050,13937250
NIFTY-I.NFO,15/07/2024,09:17:31,24579.35,24576,25,24579.35,300,550,13937250
NIFTY-I.NFO,15/07/2024,09:17:32,24578.55,24576.05,125,24578.55,25,25,13937250
NIFTY-I.NFO,15/07/2024,09:17:34,24582.2,24578.55,825,24582.1,50,1875,13937250
NIFTY-I.NFO,15/07/2024,09:17:35,24580.55,24580.55,50,24581.3,50,50,13937250
NIFTY-I.NFO,15/07/2024,09:17:37,24575.8,24575.45,125,24578,350,1375,13937250
NIFTY-I.NFO,15/07/2024,09:17:38,24578,24575.5,25,24578,250,100,13937250
NIFTY-I.NFO,15/07/2024,09:17:40,24576,24575,625,24578,200,325,13937250
NIFTY-I.NFO,15/07/2024,09:17:41,24575,24576.05,125,24578,200,50,13937250
NIFTY-I.NFO,15/07/2024,09:17:43,24576,24576,1525,24578,125,300,13937250
NIFTY-I.NFO,15/07/2024,09:17:44,24576.05,24576,1250,24578,125,375,13937250
NIFTY-I.NFO,15/07/2024,09:17:45,24576.05,24576,725,24576.05,250,600,13937250
NIFTY-I.NFO,15/07/2024,09:17:47,24578,24576,625,24578,100,450,13937250
NIFTY-I.NFO,15/07/2024,09:17:48,24576,24576,225,24578,75,450,13937250
NIFTY-I.NFO,15/07/2024,09:17:50,24575.5,24575.45,200,24576,50,350,13937250
NIFTY-I.NFO,15/07/2024,09:17:51,24575,24574.8,1900,24575,450,2100,13937250
NIFTY-I.NFO,15/07/2024,09:17:53,24574.8,24574.8,1625,24575,575,300,13937250
NIFTY-I.NFO,15/07/2024,09:17:54,24576,24576,575,24578,75,875,13937250
NIFTY-I.NFO,15/07/2024,09:17:56,24576.45,24576.5,125,24579.95,25,200,13937250
NIFTY-I.NFO,15/07/2024,09:17:57,24577.15,24577.1,125,24580,400,325,13937250
NIFTY-I.NFO,15/07/2024,09:17:59,24580,24577.95,125,24580.35,25,500,13937250
NIFTY-I.NFO,15/07/2024,09:18:00,24576.95,24577,25,24580.5,100,725,13937250
NIFTY-I.NFO,15/07/2024,09:18:02,24578,24578,25,24580.25,250,300,13937250
NIFTY-I.NFO,15/07/2024,09:18:03,24581,24577,125,24581.1,250,375,13937250
NIFTY-I.NFO,15/07/2024,09:18:05,24581.7,24581.1,575,24581.8,275,700,13937250
NIFTY-I.NFO,15/07/2024,09:18:06,24577,24576.95,125,24581.25,275,600,13937250
NIFTY-I.NFO,15/07/2024,09:18:08,24578,24578,150,24581.25,25,1475,13937250
NIFTY-I.NFO,15/07/2024,09:18:09,24578,24577,125,24580,225,25,13937250
NIFTY-I.NFO,15/07/2024,09:18:11,24580,24579,25,24580,75,225,13937250
NIFTY-I.NFO,15/07/2024,09:18:12,24581.65,24581.85,25,24582.4,175,625,13937250
NIFTY-I.NFO,15/07/2024,09:18:13,24583,24580,25,24583,100,200,13937250
NIFTY-I.NFO,15/07/2024,09:18:15,24582.5,24578.05,125,24582.5,25,350,13937250
NIFTY-I.NFO,15/07/2024,09:18:16,24583.4,24579.4,100,24583.65,25,350,13937250
NIFTY-I.NFO,15/07/2024,09:18:18,24580,24578.75,125,24582.85,25,25,13937250
NIFTY-I.NFO,15/07/2024,09:18:20,24581.7,24577.65,300,24581.8,75,25,13937250
NIFTY-I.NFO,15/07/2024,09:18:21,24580,24579,550,24580,1700,125,13937250
NIFTY-I.NFO,15/07/2024,09:18:23,24580,24579,550,24580,1625,75,13937250
NIFTY-I.NFO,15/07/2024,09:18:25,24579,24579,225,24580,1200,725,13937250
NIFTY-I.NFO,15/07/2024,09:18:26,24577.65,24577.65,250,24579.25,25,325,13937250
NIFTY-I.NFO,15/07/2024,09:18:28,24577.65,24577.65,175,24579.6,25,400,13937250
NIFTY-I.NFO,15/07/2024,09:18:29,24577.65,24577.65,125,24580,1625,125,13937250
NIFTY-I.NFO,15/07/2024,09:18:31,24579.95,24577.8,575,24579.9,25,150,13937250
NIFTY-I.NFO,15/07/2024,09:18:33,24579.9,24577.8,575,24579.5,25,175,13937250
NIFTY-I.NFO,15/07/2024,09:18:34,24579.55,24577.8,500,24579.55,25,150,13937250
NIFTY-I.NFO,15/07/2024,09:18:36,24577.8,24577.8,150,24578.5,25,550,13937250
NIFTY-I.NFO,15/07/2024,09:18:38,24577.8,24576.95,25,24578.8,25,575,13937250
NIFTY-I.NFO,15/07/2024,09:18:39,24579,24575.55,125,24577.7,50,175,13937250
NIFTY-I.NFO,15/07/2024,09:18:41,24578.95,24578.6,25,24579.35,25,350,13937250
NIFTY-I.NFO,15/07/2024,09:18:42,24577.8,24575.05,100,24579.1,25,325,13956050
NIFTY-I.NFO,15/07/2024,09:18:44,24576,24575.75,475,24578,125,50,13956050
NIFTY-I.NFO,15/07/2024,09:18:46,24574.95,24574.8,1475,24575.35,25,800,13956050
NIFTY-I.NFO,15/07/2024,09:18:47,24574.8,24574.8,1525,24577.75,25,1075,13956050
NIFTY-I.NFO,15/07/2024,09:18:49,24577,24574.8,1525,24577.8,875,600,13956050
NIFTY-I.NFO,15/07/2024,09:18:50,24576,24574.8,1500,24577.8,900,75,13956050
NIFTY-I.NFO,15/07/2024,09:18:52,24574.8,24574.8,1350,24575.5,25,150,13956050
NIFTY-I.NFO,15/07/2024,09:18:54,24574.8,24575,1200,24575.95,150,225,13956050
NIFTY-I.NFO,15/07/2024,09:18:55,24575.6,24575,875,24576,125,500,13956050
NIFTY-I.NFO,15/07/2024,09:18:57,24572,24570.6,125,24574.65,50,5075,13956050
NIFTY-I.NFO,15/07/2024,09:18:59,24573.8,24572,225,24573.75,150,375,13956050
NIFTY-I.NFO,15/07/2024,09:19:00,24572,24573.7,500,24574.8,50,225,13956050
NIFTY-I.NFO,15/07/2024,09:19:02,24573.7,24573.7,125,24575,50,600,13956050
NIFTY-I.NFO,15/07/2024,09:19:04,24572,24570.2,3450,24572,250,525,13956050
NIFTY-I.NFO,15/07/2024,09:19:05,24570.5,24570.45,125,24573.7,25,2350,13956050
NIFTY-I.NFO,15/07/2024,09:19:07,24570.2,24570.2,1225,24573.35,125,825,13956050
NIFTY-I.NFO,15/07/2024,09:19:08,24573.4,24570.2,1025,24573.5,75,600,13956050
NIFTY-I.NFO,15/07/2024,09:19:10,24570.55,24571.15,125,24573.5,75,225,13956050
NIFTY-I.NFO,15/07/2024,09:19:12,24573.5,24571.45,150,24573,25,100,13956050
NIFTY-I.NFO,15/07/2024,09:19:13,24575,24572.25,125,24575,125,16075,13956050
NIFTY-I.NFO,15/07/2024,09:19:15,24575,24573.45,225,24575,25,250,13956050
NIFTY-I.NFO,15/07/2024,09:19:17,24575,24575,25,24576,75,725,13956050
NIFTY-I.NFO,15/07/2024,09:19:18,24575.05,24575,375,24577,150,275,13956050
NIFTY-I.NFO,15/07/2024,09:19:20,24575,24575,225,24577.8,825,400,13956050
NIFTY-I.NFO,15/07/2024,09:19:21,24573.4,24573.45,100,24575,825,500,13956050
NIFTY-I.NFO,15/07/2024,09:19:23,24575,24573.4,1325,24575,500,375,13956050
NIFTY-I.NFO,15/07/2024,09:19:25,24575,24573.45,25,24575.05,1500,1025,13956050
NIFTY-I.NFO,15/07/2024,09:19:26,24575.05,24574.35,25,24577.65,50,2225,13956050
NIFTY-I.NFO,15/07/2024,09:19:28,24574.9,24574.9,200,24577.7,100,1575,13956050
NIFTY-I.NFO,15/07/2024,09:19:29,24577.8,24575.2,175,24577.8,825,150,13956050
NIFTY-I.NFO,15/07/2024,09:19:31,24575.2,24574.4,25,24577.8,800,200,13956050
NIFTY-I.NFO,15/07/2024,09:19:33,24574.75,24574.95,175,24577.35,50,2350,13956050
NIFTY-I.NFO,15/07/2024,09:19:34,24574.35,24574.3,25,24575.2,25,400,13956050
NIFTY-I.NFO,15/07/2024,09:19:36,24574,24572.6,25,24577.05,25,2100,13956050
NIFTY-I.NFO,15/07/2024,09:19:38,24574.2,24574.15,125,24578,1025,1350,13956050
NIFTY-I.NFO,15/07/2024,09:19:39,24573.95,24573.7,25,24577,400,125,13956050
NIFTY-I.NFO,15/07/2024,09:19:41,24577,24572.55,25,24576.75,50,350,13956050
NIFTY-I.NFO,15/07/2024,09:19:42,24575,24575,50,24576,25,50,13956050
NIFTY-I.NFO,15/07/2024,09:19:44,24573.15,24573.15,150,24575.95,25,825,13956050
NIFTY-I.NFO,15/07/2024,09:19:46,24572.55,24572.4,125,24575.95,25,25,13956050
NIFTY-I.NFO,15/07/2024,09:19:47,24575.85,24571.75,25,24575.95,25,175,13956050
NIFTY-I.NFO,15/07/2024,09:19:49,24576,24573.65,25,24577,550,175,13956050
NIFTY-I.NFO,15/07/2024,09:19:50,24573.4,24573.5,125,24577,500,350,13956050
NIFTY-I.NFO,15/07/2024,09:19:52,24577,24574.65,25,24577,825,200,13956050
NIFTY-I.NFO,15/07/2024,09:19:54,24576,24575.15,50,24577,800,125,13956050
NIFTY-I.NFO,15/07/2024,09:19:55,24578,24575.45,25,24579,225,2075,13956050
NIFTY-I.NFO,15/07/2024,09:19:57,24575.75,24575.75,100,24577,25,250,13956050
NIFTY-I.NFO,15/07/2024,09:19:58,24575.2,24575.2,175,24577,25,175,13956050
NIFTY-I.NFO,15/07/2024,09:20:00,24570.3,24570,50,24573.9,50,9325,13956050
NIFTY-I.NFO,15/07/2024,09:20:02,24574.75,24571,25,24575.1,50,4725,13956050
NIFTY-I.NFO,15/07/2024,09:20:03,24567.6,24568.95,25,24572.95,50,5375,13956050
NIFTY-I.NFO,15/07/2024,09:20:05,24570.8,24571.4,25,24575,75,400,13956050
NIFTY-I.NFO,15/07/2024,09:20:06,24575,24571.95,100,24574.8,225,100,13956050
NIFTY-I.NFO,15/07/2024,09:20:08,24571.55,24571.6,175,24574.8,175,100,13956050
NIFTY-I.NFO,15/07/2024,09:20:09,24574.8,24572.45,100,24574.8,75,100,13956050
NIFTY-I.NFO,15/07/2024,09:20:11,24578,24577.05,175,24579,100,600,13956050
NIFTY-I.NFO,15/07/2024,09:20:13,24580.95,24580.4,250,24580.95,25,10550,13956050
NIFTY-I.NFO,15/07/2024,09:20:14,24578.4,24578.4,175,24578.85,25,2500,13956050
NIFTY-I.NFO,15/07/2024,09:20:16,24576.8,24576.8,175,24577.45,25,1475,13956050
NIFTY-I.NFO,15/07/2024,09:20:18,24573.5,24571.8,225,24573.6,50,2350,13956050
NIFTY-I.NFO,15/07/2024,09:20:19,24572.55,24572.3,200,24573.55,50,25,13956050
NIFTY-I.NFO,15/07/2024,09:20:21,24571.8,24572,900,24573,50,25,13956050
NIFTY-I.NFO,15/07/2024,09:20:22,24572,24570.8,150,24572,50,1275,13956050
NIFTY-I.NFO,15/07/2024,09:20:24,24570.8,24570.8,100,24572,50,650,13956050
NIFTY-I.NFO,15/07/2024,09:20:26,24570.8,24570.3,25,24571.65,100,325,13956050
NIFTY-I.NFO,15/07/2024,09:20:27,24570,24569.3,250,24570,650,675,13956050
NIFTY-I.NFO,15/07/2024,09:20:29,24570,24568.3,225,24570.1,25,1525,13956050
NIFTY-I.NFO,15/07/2024,09:20:31,24564.7,24564.7,250,24565,4700,6400,13956050
NIFTY-I.NFO,15/07/2024,09:20:32,24564.6,24564.45,150,24568.55,100,5350,13956050
NIFTY-I.NFO,15/07/2024,09:20:34,24565,24560.9,25,24565.75,50,3700,13956050
NIFTY-I.NFO,15/07/2024,09:20:36,24564.45,24561.25,25,24565.55,50,100,13956050
NIFTY-I.NFO,15/07/2024,09:20:37,24560.15,24560.1,25,24564,50,4700,13956050
NIFTY-I.NFO,15/07/2024,09:20:37,24559.3,24560.1,25,24564,50,0,13956050
NIFTY-I.NFO,15/07/2024,09:20:39,24560.95,24560.6,400,24564.45,50,1050,13956050
NIFTY-I.NFO,15/07/2024,09:20:41,24560.6,24560.75,100,24564.45,375,225,13956050
NIFTY-I.NFO,15/07/2024,09:20:42,24560.6,24560.6,225,24563.35,25,325,13956050
NIFTY-I.NFO,15/07/2024,09:20:44,24560.6,24560.6,50,24563.15,50,325,13956050
NIFTY-I.NFO,15/07/2024,09:20:46,24560.05,24560.05,200,24562.5,100,750,13956050
NIFTY-I.NFO,15/07/2024,09:20:47,24560.05,24560.05,175,24562.05,50,50,13956050
NIFTY-I.NFO,15/07/2024,09:20:49,24562.05,24560.05,25,24562.05,300,225,13956050
NIFTY-I.NFO,15/07/2024,09:20:51,24562.95,24562.95,25,24563.95,25,3150,13956050
NIFTY-I.NFO,15/07/2024,09:20:51,24556.35,24562.95,25,24563.95,25,0,13956050
NIFTY-I.NFO,15/07/2024,09:20:52,24556.35,24556.65,25,24560,100,375,13956050
NIFTY-I.NFO,15/07/2024,09:20:52,24556.1,24556.65,25,24560,100,0,13956050
NIFTY-I.NFO,15/07/2024,09:20:54,24560.05,24557.6,25,24560.9,25,275,13956050
NIFTY-I.NFO,15/07/2024,09:20:55,24560,24558.45,25,24560,25,150,13956050
NIFTY-I.NFO,15/07/2024,09:20:57,24560.45,24560.45,50,24563.95,100,850,13956050
NIFTY-I.NFO,15/07/2024,09:20:59,24562.9,24560.1,150,24562.9,50,125,13956050
NIFTY-I.NFO,15/07/2024,09:21:00,24562.95,24560.4,25,24562.95,800,1575,13956050
NIFTY-I.NFO,15/07/2024,09:21:02,24561,24561,125,24562.9,250,300,13956050
NIFTY-I.NFO,15/07/2024,09:21:04,24560.75,24560.55,125,24562.95,750,800,13956050
NIFTY-I.NFO,15/07/2024,09:21:05,24560.5,24560.5,125,24562.9,150,1475,13956050
NIFTY-I.NFO,15/07/2024,09:21:07,24564.45,24563.45,100,24564.45,50,1575,13956050
NIFTY-I.NFO,15/07/2024,09:21:09,24561.9,24561.5,25,24565,625,400,13956050
NIFTY-I.NFO,15/07/2024,09:21:10,24563.3,24560.1,925,24563.3,175,750,13956050
NIFTY-I.NFO,15/07/2024,09:21:12,24564.45,24564.45,150,24565,400,350,13956050
NIFTY-I.NFO,15/07/2024,09:21:14,24561,24561,175,24563.3,25,325,13956050
NIFTY-I.NFO,15/07/2024,09:21:15,24563.3,24561,175,24565,275,50,13956050
NIFTY-I.NFO,15/07/2024,09:21:17,24560.6,24560.6,25,24564.95,75,1325,13956050
NIFTY-I.NFO,15/07/2024,09:21:18,24565.35,24563.3,25,24564.95,175,50,13956050
NIFTY-I.NFO,15/07/2024,09:21:20,24567,24565.65,25,24569.75,75,1250,13956050
NIFTY-I.NFO,15/07/2024,09:21:22,24569,24566.3,25,24570,800,1600,13956050
NIFTY-I.NFO,15/07/2024,09:21:23,24569.95,24565.9,25,24569.95,50,600,13956050
NIFTY-I.NFO,15/07/2024,09:21:25,24570.1,24569.6,225,24570.8,50,975,13956050
NIFTY-I.NFO,15/07/2024,09:21:27,24570.6,24569.1,250,24570.8,50,225,13956050
NIFTY-I.NFO,15/07/2024,09:21:28,24570,24570,1175,24570.75,100,325,13956050
NIFTY-I.NFO,15/07/2024,09:21:30,24570.8,24570,575,24570.8,25,625,13956050
NIFTY-I.NFO,15/07/2024,09:21:32,24570.1,24570.1,150,24570.7,100,625,13956050
NIFTY-I.NFO,15/07/2024,09:21:33,24570.1,24570,300,24570.7,75,175,13956050
NIFTY-I.NFO,15/07/2024,09:21:35,24570.75,24570.1,25,24570.75,1100,350,13956050
NIFTY-I.NFO,15/07/2024,09:21:37,24570.75,24570,1825,24570.75,1075,100,13956050
NIFTY-I.NFO,15/07/2024,09:21:38,24571.95,24570.75,25,24571.95,100,3250,13956050
NIFTY-I.NFO,15/07/2024,09:21:40,24570.75,24569.6,250,24572,100,175,13956050
NIFTY-I.NFO,15/07/2024,09:21:42,24572,24572,375,24572.5,50,125,14006400
NIFTY-I.NFO,15/07/2024,09:21:43,24572,24572,525,24572.45,50,575,14006400
NIFTY-I.NFO,15/07/2024,09:21:45,24570,24567.4,400,24570.1,125,875,14006400
NIFTY-I.NFO,15/07/2024,09:21:47,24569.45,24567.4,175,24569.95,25,325,14006400
NIFTY-I.NFO,15/07/2024,09:21:48,24566.15,24566.6,250,24570,25,225,14006400
NIFTY-I.NFO,15/07/2024,09:21:50,24566.1,24566.6,150,24569.95,25,750,14006400
NIFTY-I.NFO,15/07/2024,09:21:52,24567.1,24568.05,475,24569.85,25,100,14006400
NIFTY-I.NFO,15/07/2024,09:21:53,24568.05,24568.05,125,24569.95,25,375,14006400
NIFTY-I.NFO,15/07/2024,09:21:55,24565.2,24565.2,175,24567.05,50,775,14006400
NIFTY-I.NFO,15/07/2024,09:21:57,24566.3,24565.2,175,24566.2,50,475,14006400
NIFTY-I.NFO,15/07/2024,09:21:58,24567.75,24566.25,100,24567.6,25,425,14006400
NIFTY-I.NFO,15/07/2024,09:22:00,24565.85,24565,150,24566.55,50,275,14006400
NIFTY-I.NFO,15/07/2024,09:22:01,24565.2,24565.25,125,24567.05,50,350,14006400
NIFTY-I.NFO,15/07/2024,09:22:03,24564.8,24564.8,50,24565.35,25,400,14006400
NIFTY-I.NFO,15/07/2024,09:22:05,24564.4,24561,25,24564.4,25,225,14006400
NIFTY-I.NFO,15/07/2024,09:22:06,24564.5,24564.5,25,24565.15,25,150,14006400
NIFTY-I.NFO,15/07/2024,09:22:08,24562.55,24562.55,75,24565.6,75,125,14006400
NIFTY-I.NFO,15/07/2024,09:22:10,24564,24561.1,200,24564,100,575,14006400
NIFTY-I.NFO,15/07/2024,09:22:11,24560,24559.6,250,24560,825,1800,14006400
NIFTY-I.NFO,15/07/2024,09:22:13,24559.3,24559.65,25,24563.85,100,1375,14006400
NIFTY-I.NFO,15/07/2024,09:22:15,24563.1,24563.1,225,24564,50,300,14006400
NIFTY-I.NFO,15/07/2024,09:22:16,24564.6,24564.6,25,24564.95,25,1375,14006400
NIFTY-I.NFO,15/07/2024,09:22:18,24566.55,24563.85,25,24566.45,25,1225,14006400
NIFTY-I.NFO,15/07/2024,09:22:20,24563.65,24565,150,24566.25,25,50,14006400
NIFTY-I.NFO,15/07/2024,09:22:21,24566.25,24566.1,225,24566.5,25,50,14006400
NIFTY-I.NFO,15/07/2024,09:22:23,24566.55,24565.1,200,24566.55,900,1650,14006400
NIFTY-I.NFO,15/07/2024,09:22:25,24566.6,24567.1,225,24568.05,50,1025,14006400
NIFTY-I.NFO,15/07/2024,09:22:26,24569.85,24566.6,200,24570,125,275,14006400
NIFTY-I.NFO,15/07/2024,09:22:28,24570.9,24568,450,24570.9,200,350,14006400
NIFTY-I.NFO,15/07/2024,09:22:29,24566.55,24567.2,25,24571.35,250,1225,14006400
NIFTY-I.NFO,15/07/2024,09:22:31,24571.2,24567.5,25,24571.25,25,75,14006400
NIFTY-I.NFO,15/07/2024,09:22:33,24572.6,24570.1,500,24572.75,125,725,14006400
NIFTY-I.NFO,15/07/2024,09:22:34,24571.15,24571.15,450,24574,25,150,14006400
NIFTY-I.NFO,15/07/2024,09:22:36,24574.65,24571.65,425,24571.85,25,550,14006400
NIFTY-I.NFO,15/07/2024,09:22:37,24574.45,24572,400,24574.1,125,150,14006400
NIFTY-I.NFO,15/07/2024,09:22:39,24575.25,24572.15,400,24575,25,700,14006400
NIFTY-I.NFO,15/07/2024,09:22:40,24574.7,24574.7,225,24574.95,25,1250,14006400
NIFTY-I.NFO,15/07/2024,09:22:42,24574.7,24574.7,175,24574.95,25,175,14006400
NIFTY-I.NFO,15/07/2024,09:22:44,24577.6,24573.6,225,24574.7,50,300,14006400
NIFTY-I.NFO,15/07/2024,09:22:45,24575,24575.05,450,24578.4,125,1600,14006400
NIFTY-I.NFO,15/07/2024,09:22:47,24574,24574.5,275,24578.65,25,550,14006400
NIFTY-I.NFO,15/07/2024,09:22:48,24579,24575,225,24579.25,25,100,14006400
NIFTY-I.NFO,15/07/2024,09:22:50,24578.95,24575.2,25,24579.2,150,325,14006400
NIFTY-I.NFO,15/07/2024,09:22:52,24578.95,24574.95,50,24577,200,0,14006400
NIFTY-I.NFO,15/07/2024,09:22:53,24574,24574.65,25,24578.95,200,800,14006400
NIFTY-I.NFO,15/07/2024,09:22:55,24575.25,24574,250,24575.25,800,275,14006400
NIFTY-I.NFO,15/07/2024,09:22:56,24571.55,24571.5,100,24575.2,200,775,14006400
NIFTY-I.NFO,15/07/2024,09:22:58,24572.8,24572.85,25,24575.2,25,325,14006400
NIFTY-I.NFO,15/07/2024,09:23:00,24573.9,24574.7,25,24577,25,425,14006400
NIFTY-I.NFO,15/07/2024,09:23:01,24573.9,24574.8,25,24577,25,0,14006400
NIFTY-I.NFO,15/07/2024,09:23:03,24574.8,24574.85,25,24577,50,25,14006400
NIFTY-I.NFO,15/07/2024,09:23:05,24578.05,24578.05,300,24579.6,100,300,14006400
NIFTY-I.NFO,15/07/2024,09:23:06,24575.15,24575.5,25,24579.6,25,500,14006400
NIFTY-I.NFO,15/07/2024,09:23:08,24580,24576.7,25,24580,3075,925,14006400
NIFTY-I.NFO,15/07/2024,09:23:09,24580,24577.1,25,24580,2575,575,14006400
NIFTY-I.NFO,15/07/2024,09:23:11,24573.45,24574.2,25,24579.1,100,2525,14006400
NIFTY-I.NFO,15/07/2024,09:23:13,24577.1,24575,50,24577.1,375,250,14006400
NIFTY-I.NFO,15/07/2024,09:23:14,24577.1,24575,50,24577.1,250,25,14006400
NIFTY-I.NFO,15/07/2024,09:23:16,24575.4,24574.9,25,24578.05,50,300,14006400
NIFTY-I.NFO,15/07/2024,09:23:18,24578.05,24574.2,25,24578.3,150,50,14006400
NIFTY-I.NFO,15/07/2024,09:23:19,24575,24573.9,25,24578.4,25,1025,14006400
NIFTY-I.NFO,15/07/2024,09:23:21,24573.7,24573.7,150,24574,25,375,14006400
NIFTY-I.NFO,15/07/2024,09:23:23,24574,24574.05,525,24577,25,25,14006400
NIFTY-I.NFO,15/07/2024,09:23:24,24577.65,24574.05,500,24575.4,25,75,14006400
NIFTY-I.NFO,15/07/2024,09:23:26,24574.05,24574.05,400,24575.4,25,100,14006400
NIFTY-I.NFO,15/07/2024,09:23:28,24575.05,24575.05,300,24576.35,200,200,14006400
NIFTY-I.NFO,15/07/2024,09:23:29,24577.6,24575.05,300,24577.6,275,175,14006400
NIFTY-I.NFO,15/07/2024,09:23:31,24575.45,24575.45,50,24578,300,250,14006400
NIFTY-I.NFO,15/07/2024,09:23:33,24575.05,24575.05,25,24578,175,125,14006400
NIFTY-I.NFO,15/07/2024,09:23:34,24579,24578,500,24579,175,225,14006400
NIFTY-I.NFO,15/07/2024,09:23:36,24578,24578,425,24578.75,50,100,14006400
NIFTY-I.NFO,15/07/2024,09:23:37,24578,24578,325,24579,275,125,14006400
NIFTY-I.NFO,15/07/2024,09:23:39,24575.15,24578.2,200,24579,275,400,14006400
NIFTY-I.NFO,15/07/2024,09:23:41,24578.9,24578.2,175,24579,225,275,14006400
NIFTY-I.NFO,15/07/2024,09:23:42,24578.2,24578.2,75,24579,225,100,14006400
NIFTY-I.NFO,15/07/2024,09:23:44,24578.6,24575.05,150,24578.6,175,1325,14006400
NIFTY-I.NFO,15/07/2024,09:23:46,24578,24575.05,100,24577.75,125,75,14006400
NIFTY-I.NFO,15/07/2024,09:23:47,24575.15,24575.85,25,24578.6,25,100,14006400
NIFTY-I.NFO,15/07/2024,09:23:49,24579.65,24575.8,50,24579.1,125,550,14006400
NIFTY-I.NFO,15/07/2024,09:23:51,24578.5,24575.85,425,24578.9,75,225,14006400
NIFTY-I.NFO,15/07/2024,09:23:52,24577.8,24577.8,275,24578.9,175,150,14006400
NIFTY-I.NFO,15/07/2024,09:23:54,24577.8,24577.8,250,24579.25,75,150,14006400
NIFTY-I.NFO,15/07/2024,09:23:55,24575.8,24575.8,150,24578.5,25,400,14006400
NIFTY-I.NFO,15/07/2024,09:23:57,24577.8,24576.4,100,24580,4550,175,14006400
NIFTY-I.NFO,15/07/2024,09:23:59,24575.8,24577.8,200,24580,4650,525,14006400
NIFTY-I.NFO,15/07/2024,09:24:00,24577.8,24577.8,150,24580,4625,175,14006400
NIFTY-I.NFO,15/07/2024,09:24:02,24579.7,24575.95,50,24579.55,125,350,14006400
NIFTY-I.NFO,15/07/2024,09:24:04,24577.8,24577.3,125,24577.8,550,150,14006400
NIFTY-I.NFO,15/07/2024,09:24:05,24577.8,24577.3,50,24577.8,625,100,14006400
NIFTY-I.NFO,15/07/2024,09:24:07,24575,24575,25,24576.55,150,750,14006400
NIFTY-I.NFO,15/07/2024,09:24:09,24575,24573.7,25,24575,1150,50,14006400
NIFTY-I.NFO,15/07/2024,09:24:10,24575,24573.7,25,24575,850,300,14006400
NIFTY-I.NFO,15/07/2024,09:24:12,24573.75,24573.75,125,24575,450,425,14006400
NIFTY-I.NFO,15/07/2024,09:24:14,24573.75,24573.75,125,24575,550,0,14006400
NIFTY-I.NFO,15/07/2024,09:24:15,24575,24574.25,100,24575,425,50,14006400
NIFTY-I.NFO,15/07/2024,09:24:17,24574.25,24574.25,75,24575,400,50,14006400
NIFTY-I.NFO,15/07/2024,09:24:19,24574.2,24573,150,24575,500,475,14006400
NIFTY-I.NFO,15/07/2024,09:24:20,24572.8,24572.8,50,24575,550,325,14006400
NIFTY-I.NFO,15/07/2024,09:24:22,24572.8,24572.8,50,24574.25,25,0,14006400
NIFTY-I.NFO,15/07/2024,09:24:23,24572.65,24570.15,50,24572.1,25,425,14006400
NIFTY-I.NFO,15/07/2024,09:24:25,24570.75,24570.7,300,24572.95,25,175,14006400
NIFTY-I.NFO,15/07/2024,09:24:27,24570.7,24570.8,25,24572,25,225,14006400
NIFTY-I.NFO,15/07/2024,09:24:28,24572,24570.8,25,24572,50,25,14006400
NIFTY-I.NFO,15/07/2024,09:24:30,24570.7,24570.7,50,24571.7,100,75,14006400
NIFTY-I.NFO,15/07/2024,09:24:31,24570,24570,100,24570.9,125,1025,14006400
NIFTY-I.NFO,15/07/2024,09:24:33,24570.9,24570,75,24570.9,125,75,14006400
NIFTY-I.NFO,15/07/2024,09:24:34,24570,24566.8,200,24569.8,125,100,14006400
NIFTY-I.NFO,15/07/2024,09:24:36,24566.9,24566.85,50,24569.8,700,25,14006400
NIFTY-I.NFO,15/07/2024,09:24:38,24569.75,24566.85,25,24569.7,150,125,14006400
NIFTY-I.NFO,15/07/2024,09:24:39,24569.65,24567.35,25,24569.65,325,150,14006400
NIFTY-I.NFO,15/07/2024,09:24:41,24567.35,24566.85,25,24569.6,625,25,14006400
NIFTY-I.NFO,15/07/2024,09:24:43,24569.55,24566.9,50,24569.5,400,25,14010975
NIFTY-I.NFO,15/07/2024,09:24:44,24569.45,24567.35,25,24569.45,575,125,14010975
NIFTY-I.NFO,15/07/2024,09:24:46,24569.4,24567.2,25,24569.4,150,325,14010975
NIFTY-I.NFO,15/07/2024,09:24:48,24570,24569.35,200,24570,550,725,14010975
NIFTY-I.NFO,15/07/2024,09:24:49,24565.5,24566.25,50,24570,475,825,14010975
NIFTY-I.NFO,15/07/2024,09:24:51,24568.65,24566.25,50,24569.05,125,25,14010975
NIFTY-I.NFO,15/07/2024,09:24:52,24565,24565,300,24567.55,125,125,14010975
NIFTY-I.NFO,15/07/2024,09:24:54,24566.3,24563,25,24565,25,925,14010975
NIFTY-I.NFO,15/07/2024,09:24:56,24562,24564.5,25,24565,25,100,14010975
NIFTY-I.NFO,15/07/2024,09:24:57,24563.5,24564.55,25,24565,125,400,14010975
NIFTY-I.NFO,15/07/2024,09:24:59,24565.05,24565.05,425,24565.5,25,325,14010975
NIFTY-I.NFO,15/07/2024,09:25:01,24564.1,24564.55,25,24565,25,650,14010975
NIFTY-I.NFO,15/07/2024,09:25:02,24563.05,24563.3,25,24567.8,25,375,14010975
NIFTY-I.NFO,15/07/2024,09:25:04,24565,24562.7,25,24565,2475,75,14010975
NIFTY-I.NFO,15/07/2024,09:25:06,24565.1,24565.05,175,24568.65,25,2675,14010975
NIFTY-I.NFO,15/07/2024,09:25:07,24565,24563.05,25,24566.85,25,200,14010975
NIFTY-I.NFO,15/07/2024,09:25:09,24562.8,24562.85,50,24566.45,25,625,14010975
NIFTY-I.NFO,15/07/2024,09:25:10,24565.05,24564.3,25,24564.5,25,75,14010975
NIFTY-I.NFO,15/07/2024,09:25:12,24566.45,24564.55,125,24567.05,25,50,14010975
NIFTY-I.NFO,15/07/2024,09:25:14,24567,24564.55,50,24567.3,25,100,14010975
NIFTY-I.NFO,15/07/2024,09:25:15,24562.8,24562.8,225,24566.45,250,375,14010975
NIFTY-I.NFO,15/07/2024,09:25:17,24562.8,24562.8,175,24566.1,25,100,14010975
NIFTY-I.NFO,15/07/2024,09:25:18,24564.55,24564.5,25,24564.55,175,350,14010975
NIFTY-I.NFO,15/07/2024,09:25:20,24564.4,24564.2,150,24566.7,25,700,14010975
NIFTY-I.NFO,15/07/2024,09:25:22,24565.8,24566.15,150,24568.6,25,250,14010975
NIFTY-I.NFO,15/07/2024,09:25:23,24567.5,24568.6,25,24570,600,225,14010975
NIFTY-I.NFO,15/07/2024,09:25:25,24570,24567.3,25,24570,375,250,14010975
NIFTY-I.NFO,15/07/2024,09:25:27,24570,24567.7,25,24570,150,175,14010975
NIFTY-I.NFO,15/07/2024,09:25:28,24570.05,24570.05,400,24570.95,200,450,14010975
NIFTY-I.NFO,15/07/2024,09:25:30,24570.05,24570.05,125,24571,250,275,14010975
NIFTY-I.NFO,15/07/2024,09:25:32,24571.95,24570.15,75,24572,200,300,14010975
NIFTY-I.NFO,15/07/2024,09:25:33,24572.15,24570.35,50,24572.25,175,275,14010975
NIFTY-I.NFO,15/07/2024,09:25:35,24570.4,24568.2,125,24570.6,25,300,14010975
NIFTY-I.NFO,15/07/2024,09:25:36,24570.05,24570,25,24572.05,150,50,14010975
NIFTY-I.NFO,15/07/2024,09:25:38,24570,24570,300,24571.75,150,50,14010975
NIFTY-I.NFO,15/07/2024,09:25:40,24570,24568.2,125,24570,1350,550,14010975
NIFTY-I.NFO,15/07/2024,09:25:41,24570,24568.65,125,24570,1150,300,14010975
NIFTY-I.NFO,15/07/2024,09:25:43,24570,24568.65,125,24570,975,75,14010975
NIFTY-I.NFO,15/07/2024,09:25:44,24570,24568.65,125,24570,3375,100,14010975
NIFTY-I.NFO,15/07/2024,09:25:46,24570,24568.65,125,24570,3325,50,14010975
NIFTY-I.NFO,15/07/2024,09:25:47,24568.65,24568.6,125,24570,2800,575,14010975
NIFTY-I.NFO,15/07/2024,09:25:49,24570,24568.6,125,24570,2775,25,14010975
NIFTY-I.NFO,15/07/2024,09:25:51,24570,24568.6,125,24570,2775,0,14010975
NIFTY-I.NFO,15/07/2024,09:25:52,24570,24568.6,125,24570,2800,0,14010975
NIFTY-I.NFO,15/07/2024,09:25:54,24568.65,24568.2,125,24570,2800,175,14010975
NIFTY-I.NFO,15/07/2024,09:25:55,24570,24568.25,125,24570,2750,50,14010975
NIFTY-I.NFO,15/07/2024,09:25:57,24568.5,24568.5,325,24570,75,350,14010975
NIFTY-I.NFO,15/07/2024,09:25:58,24568.65,24568.6,125,24569.9,25,75,14010975
NIFTY-I.NFO,15/07/2024,09:26:00,24570.05,24568.65,125,24572.05,100,225,14010975
NIFTY-I.NFO,15/07/2024,09:26:02,24570.95,24570.9,125,24572.8,50,125,14010975
NIFTY-I.NFO,15/07/2024,09:26:03,24572.8,24571,125,24572.8,25,25,14010975
NIFTY-I.NFO,15/07/2024,09:26:05,24571.75,24570.05,25,24571.7,25,375,14010975
NIFTY-I.NFO,15/07/2024,09:26:06,24568.65,24568.6,125,24570,25,275,14010975
NIFTY-I.NFO,15/07/2024,09:26:08,24570.6,24568.85,150,24570.6,650,75,14010975
NIFTY-I.NFO,15/07/2024,09:26:10,24568.5,24568.2,25,24569.15,125,500,14010975
NIFTY-I.NFO,15/07/2024,09:26:11,24567.95,24565,50,24568.55,75,625,14010975
NIFTY-I.NFO,15/07/2024,09:26:13,24565.35,24565.3,125,24569.45,100,100,14010975
NIFTY-I.NFO,15/07/2024,09:26:14,24568.65,24565,50,24567.55,25,25,14010975
NIFTY-I.NFO,15/07/2024,09:26:16,24565,24564,25,24565,1975,650,14010975
NIFTY-I.NFO,15/07/2024,09:26:18,24565,24565.05,250,24568.6,25,1975,14010975
NIFTY-I.NFO,15/07/2024,09:26:19,24565.05,24565.05,25,24567.4,125,150,14010975
NIFTY-I.NFO,15/07/2024,09:26:21,24568.25,24565.05,25,24567.85,200,150,14010975
NIFTY-I.NFO,15/07/2024,09:26:23,24568.9,24565.15,125,24568.6,125,50,14010975
NIFTY-I.NFO,15/07/2024,09:26:24,24565.05,24565,75,24568.1,200,250,14010975
NIFTY-I.NFO,15/07/2024,09:26:26,24567.75,24566.6,400,24568.45,25,75,14010975
NIFTY-I.NFO,15/07/2024,09:26:28,24568.5,24566.6,350,24567.75,25,150,14010975
NIFTY-I.NFO,15/07/2024,09:26:29,24568.3,24565,150,24568.3,25,500,14010975
NIFTY-I.NFO,15/07/2024,09:26:31,24568,24565,175,24568.95,125,100,14010975
NIFTY-I.NFO,15/07/2024,09:26:33,24565,24563,25,24565,225,100,14010975
NIFTY-I.NFO,15/07/2024,09:26:34,24563.3,24563.6,125,24565,75,400,14010975
NIFTY-I.NFO,15/07/2024,09:26:36,24567,24563.55,25,24567,300,575,14010975
NIFTY-I.NFO,15/07/2024,09:26:37,24566.95,24566,600,24566.95,225,75,14010975
NIFTY-I.NFO,15/07/2024,09:26:39,24566.95,24566.05,250,24566.95,225,0,14010975
NIFTY-I.NFO,15/07/2024,09:26:41,24566,24566,300,24566.95,150,825,14010975
NIFTY-I.NFO,15/07/2024,09:26:42,24567,24566,400,24566.95,75,175,14010975
NIFTY-I.NFO,15/07/2024,09:26:44,24567,24567,325,24569.65,125,375,14010975
NIFTY-I.NFO,15/07/2024,09:26:45,24567,24567,375,24570,1125,200,14010975
NIFTY-I.NFO,15/07/2024,09:26:47,24568.8,24566,400,24568.8,150,300,14010975
NIFTY-I.NFO,15/07/2024,09:26:49,24568.25,24566,325,24568.25,25,825,14010975
NIFTY-I.NFO,15/07/2024,09:26:50,24570,24568.25,25,24570,975,850,14010975
NIFTY-I.NFO,15/07/2024,09:26:52,24570,24567,25,24570,1025,75,14010975
NIFTY-I.NFO,15/07/2024,09:26:54,24570,24567,75,24570,775,250,14010975
NIFTY-I.NFO,15/07/2024,09:26:55,24566,24566.2,125,24569.9,125,200,14010975
NIFTY-I.NFO,15/07/2024,09:26:57,24568.9,24566,100,24568.9,175,500,14010975
NIFTY-I.NFO,15/07/2024,09:26:59,24566,24566,75,24568.2,125,75,14010975
NIFTY-I.NFO,15/07/2024,09:27:00,24565,24565,150,24567.25,150,325,14010975
NIFTY-I.NFO,15/07/2024,09:27:02,24566.1,24566.1,175,24568.8,225,25,14010975
NIFTY-I.NFO,15/07/2024,09:27:03,24567,24566.1,175,24567.8,225,25,14010975
NIFTY-I.NFO,15/07/2024,09:27:05,24561.75,24561,150,24564.95,200,1300,14010975
NIFTY-I.NFO,15/07/2024,09:27:07,24561,24560.2,200,24563.95,125,200,14010975
NIFTY-I.NFO,15/07/2024,09:27:08,24564.95,24561.2,200,24563.95,200,100,14010975
NIFTY-I.NFO,15/07/2024,09:27:10,24564.3,24561.15,150,24565,25,650,14010975
NIFTY-I.NFO,15/07/2024,09:27:12,24565,24563.65,150,24566.1,250,50,14010975
NIFTY-I.NFO,15/07/2024,09:27:13,24565.95,24563.6,25,24566,125,75,14010975
NIFTY-I.NFO,15/07/2024,09:27:15,24567.05,24563.4,150,24567.05,75,425,14010975
NIFTY-I.NFO,15/07/2024,09:27:17,24566.1,24565.05,275,24567.05,325,475,14010975
NIFTY-I.NFO,15/07/2024,09:27:18,24567.05,24565,300,24567.05,325,450,14010975
NIFTY-I.NFO,15/07/2024,09:27:20,24567.05,24565,300,24567.05,75,275,14010975
NIFTY-I.NFO,15/07/2024,09:27:22,24569.25,24567.25,575,24569.25,175,500,14010975
NIFTY-I.NFO,15/07/2024,09:27:23,24567.5,24567.5,450,24570,525,625,14010975
NIFTY-I.NFO,15/07/2024,09:27:25,24570,24567.7,350,24570,625,350,14010975
NIFTY-I.NFO,15/07/2024,09:27:27,24567.9,24567.9,275,24570,575,75,14010975
NIFTY-I.NFO,15/07/2024,09:27:28,24570.6,24570.05,225,24570.85,50,1225,14010975
NIFTY-I.NFO,15/07/2024,09:27:30,24571.7,24571.75,125,24572,300,175,14010975
NIFTY-I.NFO,15/07/2024,09:27:32,24567.8,24567.8,100,24570,525,375,14010975
NIFTY-I.NFO,15/07/2024,09:27:33,24571.95,24570.1,25,24572,375,475,14010975
NIFTY-I.NFO,15/07/2024,09:27:35,24572,24570.05,50,24572,200,300,14010975
NIFTY-I.NFO,15/07/2024,09:27:36,24572.05,24572.1,500,24572.8,125,300,14010975
NIFTY-I.NFO,15/07/2024,09:27:38,24572.8,24572.2,475,24573,75,125,14010975
NIFTY-I.NFO,15/07/2024,09:27:40,24572.2,24572.2,425,24573,350,75,14010975
NIFTY-I.NFO,15/07/2024,09:27:41,24573,24573.35,425,24573.9,25,375,14010975
NIFTY-I.NFO,15/07/2024,09:27:43,24573.7,24573.5,100,24575,400,625,14010975
NIFTY-I.NFO,15/07/2024,09:27:45,24573.6,24573.6,225,24575,25,600,14015725
NIFTY-I.NFO,15/07/2024,09:27:46,24575.3,24575.2,150,24575.3,50,225,14015725
NIFTY-I.NFO,15/07/2024,09:27:48,24576,24575.25,150,24576.1,75,450,14015725
NIFTY-I.NFO,15/07/2024,09:27:50,24576.25,24575.2,150,24576.25,400,125,14015725
NIFTY-I.NFO,15/07/2024,09:27:51,24575.3,24575.3,50,24575.55,25,775,14015725
NIFTY-I.NFO,15/07/2024,09:27:53,24574.8,24573.6,225,24575.55,50,1375,14015725
NIFTY-I.NFO,15/07/2024,09:27:55,24575.75,24575.15,150,24575.75,25,400,14015725
NIFTY-I.NFO,15/07/2024,09:27:56,24575.9,24575.2,150,24575.85,50,550,14015725
NIFTY-I.NFO,15/07/2024,09:27:58,24576.25,24575.3,125,24576,25,225,14015725
NIFTY-I.NFO,15/07/2024,09:27:59,24575.8,24573.45,150,24576,25,575,14015725
NIFTY-I.NFO,15/07/2024,09:28:01,24576.85,24575,25,24576.55,125,2200,14015725
NIFTY-I.NFO,15/07/2024,09:28:03,24576.5,24575.1,150,24576.4,25,175,14015725
NIFTY-I.NFO,15/07/2024,09:28:04,24577.85,24575.3,150,24577.7,25,1300,14015725
NIFTY-I.NFO,15/07/2024,09:28:06,24577.9,24575.45,100,24577.95,25,150,14015725
NIFTY-I.NFO,15/07/2024,09:28:08,24575.75,24575.75,225,24578.5,150,1000,14015725
NIFTY-I.NFO,15/07/2024,09:28:09,24575.75,24575.8,150,24577.05,25,100,14015725
NIFTY-I.NFO,15/07/2024,09:28:11,24575.8,24575.75,100,24576.25,25,875,14015725
NIFTY-I.NFO,15/07/2024,09:28:13,24575.8,24575.75,75,24576.75,50,175,14015725
NIFTY-I.NFO,15/07/2024,09:28:14,24575.8,24575.75,75,24577.15,25,750,14015725
NIFTY-I.NFO,15/07/2024,09:28:16,24576.05,24575.55,50,24576.1,25,725,14015725
NIFTY-I.NFO,15/07/2024,09:28:17,24576.35,24576,1525,24576.2,75,175,14015725
NIFTY-I.NFO,15/07/2024,09:28:19,24575,24572,25,24575.15,125,2550,14015725
NIFTY-I.NFO,15/07/2024,09:28:21,24574.35,24572.05,100,24572.8,25,425,14015725
NIFTY-I.NFO,15/07/2024,09:28:22,24572.35,24572.05,25,24572.35,25,700,14015725
NIFTY-I.NFO,15/07/2024,09:28:24,24572.65,24571,25,24571.15,50,2500,14015725
NIFTY-I.NFO,15/07/2024,09:28:26,24571,24570,150,24573,25,75,14015725
NIFTY-I.NFO,15/07/2024,09:28:27,24571,24571,150,24572.35,25,100,14015725
NIFTY-I.NFO,15/07/2024,09:28:29,24574.3,24571,125,24574.3,25,1350,14015725
NIFTY-I.NFO,15/07/2024,09:28:30,24571,24570.7,400,24574.3,125,200,14015725
NIFTY-I.NFO,15/07/2024,09:28:32,24570.7,24570.75,25,24571.65,50,725,14015725
NIFTY-I.NFO,15/07/2024,09:28:34,24571.95,24570.8,125,24571.1,75,175,14015725
NIFTY-I.NFO,15/07/2024,09:28:35,24571.85,24568.8,300,24571,150,1125,14015725
NIFTY-I.NFO,15/07/2024,09:28:37,24570.55,24568.8,175,24570.45,25,225,14015725
NIFTY-I.NFO,15/07/2024,09:28:38,24568.85,24568.85,225,24570.75,25,600,14015725
NIFTY-I.NFO,15/07/2024,09:28:40,24571.1,24568.85,225,24570.4,25,175,14015725
NIFTY-I.NFO,15/07/2024,09:28:42,24570.45,24570,25,24570.6,75,50,14015725
NIFTY-I.NFO,15/07/2024,09:28:43,24571.85,24570.55,500,24571,300,525,14015725
NIFTY-I.NFO,15/07/2024,09:28:45,24571,24570.55,500,24571,275,25,14015725
NIFTY-I.NFO,15/07/2024,09:28:46,24573.7,24571.3,150,24573.7,50,600,14015725
NIFTY-I.NFO,15/07/2024,09:28:48,24571.7,24571.6,25,24573.7,150,525,14015725
NIFTY-I.NFO,15/07/2024,09:28:50,24572.9,24571.55,500,24573.25,25,525,14015725
NIFTY-I.NFO,15/07/2024,09:28:51,24574.15,24571.6,200,24573.7,100,550,14015725
NIFTY-I.NFO,15/07/2024,09:28:53,24571.7,24571.6,100,24571.7,25,50,14015725
NIFTY-I.NFO,15/07/2024,09:28:55,24572,24571.7,125,24572,125,175,14015725
NIFTY-I.NFO,15/07/2024,09:28:56,24575.15,24573.2,150,24576,175,475,14015725
NIFTY-I.NFO,15/07/2024,09:28:58,24577,24575.65,125,24577.7,75,500,14015725
NIFTY-I.NFO,15/07/2024,09:29:00,24577.7,24576.25,125,24578.85,25,675,14015725
NIFTY-I.NFO,15/07/2024,09:29:01,24577.75,24573.85,100,24577.75,25,1200,14015725
NIFTY-I.NFO,15/07/2024,09:29:03,24575.9,24576,200,24579.75,25,150,14015725
NIFTY-I.NFO,15/07/2024,09:29:05,24575.8,24575.8,175,24577.7,25,750,14015725
NIFTY-I.NFO,15/07/2024,09:29:07,24577.7,24576.6,50,24579.85,50,25,14015725
NIFTY-I.NFO,15/07/2024,09:29:08,24576.35,24576.9,100,24579,25,3050,14015725
NIFTY-I.NFO,15/07/2024,09:29:10,24577.7,24577.75,175,24579,275,1875,14015725
NIFTY-I.NFO,15/07/2024,09:29:12,24577.7,24577.7,950,24579,150,475,14015725
NIFTY-I.NFO,15/07/2024,09:29:13,24579,24577.75,50,24579.6,225,125,14015725
NIFTY-I.NFO,15/07/2024,09:29:15,24577.7,24577,425,24578.45,125,1000,14015725
NIFTY-I.NFO,15/07/2024,09:29:17,24575.75,24575,50,24575.95,225,825,14015725
NIFTY-I.NFO,15/07/2024,09:29:18,24573.05,24573.05,25,24575,25,175,14015725
NIFTY-I.NFO,15/07/2024,09:29:20,24573,24573,125,24576.45,25,75,14015725
NIFTY-I.NFO,15/07/2024,09:29:22,24573,24575,25,24578.2,175,0,14015725
NIFTY-I.NFO,15/07/2024,09:29:23,24574,24574.25,25,24578.05,125,100,14015725
NIFTY-I.NFO,15/07/2024,09:29:25,24578.3,24573.35,50,24577.65,125,125,14015725
NIFTY-I.NFO,15/07/2024,09:29:26,24577.65,24575.2,150,24577.65,100,25,14015725
NIFTY-I.NFO,15/07/2024,09:29:28,24575.2,24575.2,100,24577,25,125,14015725
NIFTY-I.NFO,15/07/2024,09:29:30,24577,24575.2,100,24577,25,25,14015725
NIFTY-I.NFO,15/07/2024,09:29:31,24578.3,24575.2,100,24577,300,50,14015725
NIFTY-I.NFO,15/07/2024,09:29:33,24575.2,24575.2,75,24579.3,325,625,14015725
NIFTY-I.NFO,15/07/2024,09:29:34,24580,24577.3,125,24580,425,125,14015725
NIFTY-I.NFO,15/07/2024,09:29:36,24577.7,24577.4,75,24580,350,375,14015725
NIFTY-I.NFO,15/07/2024,09:29:38,24580,24578,25,24580,150,250,14015725
NIFTY-I.NFO,15/07/2024,09:29:39,24580.05,24580.05,125,24580.2,25,200,14015725
NIFTY-I.NFO,15/07/2024,09:29:41,24580.05,24580.05,25,24582,150,2000,14015725
NIFTY-I.NFO,15/07/2024,09:29:43,24580,24580,925,24581.35,25,225,14015725
NIFTY-I.NFO,15/07/2024,09:29:44,24580,24580,725,24582.35,75,250,14015725
NIFTY-I.NFO,15/07/2024,09:29:46,24581.3,24581,500,24582.35,275,300,14015725
NIFTY-I.NFO,15/07/2024,09:29:48,24581.3,24581.15,25,24581.45,25,100,14015725
NIFTY-I.NFO,15/07/2024,09:29:49,24580.8,24580,575,24581.25,25,925,14015725
NIFTY-I.NFO,15/07/2024,09:29:51,24577.7,24577.7,100,24577.75,25,700,14015725
NIFTY-I.NFO,15/07/2024,09:29:53,24580.35,24577.4,25,24581.75,125,300,14015725
NIFTY-I.NFO,15/07/2024,09:29:54,24578.55,24579.1,50,24582,25,100,14015725
NIFTY-I.NFO,15/07/2024,09:29:56,24579.8,24579.8,250,24582.45,25,500,14015725
NIFTY-I.NFO,15/07/2024,09:29:58,24580.85,24580.85,225,24581.5,25,75,14015725
NIFTY-I.NFO,15/07/2024,09:29:59,24580.8,24578.6,50,24581.95,25,750,14015725
NIFTY-I.NFO,15/07/2024,09:30:01,24582.35,24579.15,75,24582,25,625,14015725
NIFTY-I.NFO,15/07/2024,09:30:03,24581.6,24578.55,25,24580.5,125,50,14015725
NIFTY-I.NFO,15/07/2024,09:30:04,24578.55,24578,600,24579.85,50,850,14015725
NIFTY-I.NFO,15/07/2024,09:30:06,24578.6,24578.6,325,24580.4,50,275,14015725
NIFTY-I.NFO,15/07/2024,09:30:08,24581.6,24578.65,125,24581.6,75,1775,14015725
NIFTY-I.NFO,15/07/2024,09:30:09,24578.6,24578.7,100,24581,25,325,14015725
NIFTY-I.NFO,15/07/2024,09:30:11,24578.6,24578.6,1675,24579.45,25,800,14015725
NIFTY-I.NFO,15/07/2024,09:30:12,24580.8,24578.6,3500,24580.7,50,100,14015725
NIFTY-I.NFO,15/07/2024,09:30:14,24579.5,24578.6,3350,24579.55,25,350,14015725
NIFTY-I.NFO,15/07/2024,09:30:16,24577,24577,250,24577.4,125,4125,14015725
NIFTY-I.NFO,15/07/2024,09:30:17,24577,24575,200,24577.4,25,475,14015725
NIFTY-I.NFO,15/07/2024,09:30:19,24577,24575.15,100,24578.8,25,375,14015725
NIFTY-I.NFO,15/07/2024,09:30:20,24578.25,24575,200,24578.05,25,175,14015725
NIFTY-I.NFO,15/07/2024,09:30:22,24578.6,24577.9,25,24579.75,50,100,14015725
NIFTY-I.NFO,15/07/2024,09:30:24,24577.85,24575,225,24577.75,25,75,14015725
NIFTY-I.NFO,15/07/2024,09:30:25,24577.85,24575.2,50,24578.5,25,0,14015725
NIFTY-I.NFO,15/07/2024,09:30:27,24577.75,24575.1,25,24578.05,125,50,14015725
NIFTY-I.NFO,15/07/2024,09:30:28,24577,24577,200,24577.7,25,125,14015725
NIFTY-I.NFO,15/07/2024,09:30:30,24577.3,24575,725,24576.9,25,325,14015725
NIFTY-I.NFO,15/07/2024,09:30:32,24575.75,24574.5,25,24575.8,25,1725,14015725
NIFTY-I.NFO,15/07/2024,09:30:33,24574.25,24574.3,50,24575.8,225,175,14015725
NIFTY-I.NFO,15/07/2024,09:30:35,24573,24573,125,24574.75,125,250,14015725
NIFTY-I.NFO,15/07/2024,09:30:36,24572.6,24572,25,24573,150,275,14015725
NIFTY-I.NFO,15/07/2024,09:30:38,24570,24570,500,24571.6,150,100,14015725
NIFTY-I.NFO,15/07/2024,09:30:40,24568.75,24568.75,275,24570.35,25,800,14015725
NIFTY-I.NFO,15/07/2024,09:30:41,24568.75,24568.75,225,24569.9,25,175,14015725
NIFTY-I.NFO,15/07/2024,09:30:43,24568.75,24568.75,150,24569.9,125,200,14012025
NIFTY-I.NFO,15/07/2024,09:30:45,24569.6,24568.75,150,24569.6,25,50,14012025
NIFTY-I.NFO,15/07/2024,09:30:46,24569.15,24568.75,150,24569.55,100,75,14012025
NIFTY-I.NFO,15/07/2024,09:30:48,24569.15,24568.75,150,24569.55,125,0,14012025
NIFTY-I.NFO,15/07/2024,09:30:50,24568.75,24566.85,125,24568.75,300,350,14012025
NIFTY-I.NFO,15/07/2024,09:30:51,24566.55,24566.6,25,24571,25,950,14012025
NIFTY-I.NFO,15/07/2024,09:30:53,24567.75,24566.45,25,24570.7,25,50,14012025
NIFTY-I.NFO,15/07/2024,09:30:55,24566.4,24566.45,25,24570,150,550,14012025
NIFTY-I.NFO,15/07/2024,09:30:56,24566.45,24565.3,25,24569.5,25,300,14012025
NIFTY-I.NFO,15/07/2024,09:30:58,24565.7,24565.65,50,24569.5,25,25,14012025
NIFTY-I.NFO,15/07/2024,09:30:59,24569.4,24565.6,25,24569.45,25,25,14012025
NIFTY-I.NFO,15/07/2024,09:31:01,24570.05,24565.7,25,24569.6,25,50,14012025
NIFTY-I.NFO,15/07/2024,09:31:02,24565.25,24565.2,25,24565.75,625,8625,14012025
NIFTY-I.NFO,15/07/2024,09:31:04,24565,24565,1425,24565.75,525,500,14012025
NIFTY-I.NFO,15/07/2024,09:31:06,24565,24565,800,24566.45,1800,650,14012025
NIFTY-I.NFO,15/07/2024,09:31:07,24565,24565,975,24566.45,1800,75,14012025
NIFTY-I.NFO,15/07/2024,09:31:09,24566.45,24565,1350,24566.45,1400,500,14012025
NIFTY-I.NFO,15/07/2024,09:31:10,24566.45,24565,1150,24566.45,950,500,14012025
NIFTY-I.NFO,15/07/2024,09:31:12,24571,24567,50,24571.25,50,1225,14012025
NIFTY-I.NFO,15/07/2024,09:31:14,24570.15,24565.7,100,24570,100,500,14012025
NIFTY-I.NFO,15/07/2024,09:31:15,24566.95,24566.95,50,24570.85,50,1100,14012025
NIFTY-I.NFO,15/07/2024,09:31:17,24568.05,24568,125,24572.55,25,275,14012025
NIFTY-I.NFO,15/07/2024,09:31:18,24569.15,24568.8,25,24573.2,25,275,14012025
NIFTY-I.NFO,15/07/2024,09:31:20,24573.45,24569.15,25,24573.5,25,225,14012025
NIFTY-I.NFO,15/07/2024,09:31:22,24568.55,24568.55,25,24573,25,1125,14012025
NIFTY-I.NFO,15/07/2024,09:31:23,24572.25,24568.65,25,24572.35,25,50,14012025
NIFTY-I.NFO,15/07/2024,09:31:25,24572.75,24569.65,25,24573.6,100,125,14012025
NIFTY-I.NFO,15/07/2024,09:31:26,24573.6,24568.95,100,24572.2,25,75,14012025
NIFTY-I.NFO,15/07/2024,09:31:28,24571.1,24569,50,24571.35,25,25,14012025
NIFTY-I.NFO,15/07/2024,09:31:30,24568.85,24568.85,25,24569.9,100,50,14012025
NIFTY-I.NFO,15/07/2024,09:31:31,24568.85,24569.25,25,24571,25,0,14012025
NIFTY-I.NFO,15/07/2024,09:31:33,24568.85,24569.25,25,24571.3,100,0,14012025
NIFTY-I.NFO,15/07/2024,09:31:35,24569.25,24566.95,25,24569.25,275,50,14012025
NIFTY-I.NFO,15/07/2024,09:31:36,24569.25,24566.95,25,24569.25,275,0,14012025
NIFTY-I.NFO,15/07/2024,09:31:38,24569.25,24567,100,24569.25,250,25,14012025
NIFTY-I.NFO,15/07/2024,09:31:39,24569.25,24567.15,100,24569.25,250,0,14012025
NIFTY-I.NFO,15/07/2024,09:31:41,24569.25,24567.15,100,24569.25,225,25,14012025
NIFTY-I.NFO,15/07/2024,09:31:43,24566.95,24566.45,150,24569.2,25,100,14012025
NIFTY-I.NFO,15/07/2024,09:31:44,24569.25,24566.45,200,24569.25,175,50,14012025
NIFTY-I.NFO,15/07/2024,09:31:46,24569.25,24566.5,50,24569.25,475,25,14012025
NIFTY-I.NFO,15/07/2024,09:31:47,24567.45,24566.9,50,24569.2,275,150,14012025
NIFTY-I.NFO,15/07/2024,09:31:49,24569.15,24567.05,50,24569.15,175,1900,14012025
NIFTY-I.NFO,15/07/2024,09:31:51,24572.25,24569.2,50,24573,25,1075,14012025
NIFTY-I.NFO,15/07/2024,09:31:52,24572.25,24569.2,50,24572.95,100,0,14012025
NIFTY-I.NFO,15/07/2024,09:31:54,24569.2,24569.2,25,24572.85,100,50,14012025
NIFTY-I.NFO,15/07/2024,09:31:55,24573,24570.55,50,24573.6,25,100,14012025
NIFTY-I.NFO,15/07/2024,09:31:57,24572.45,24571.8,75,24575.7,100,125,14012025
NIFTY-I.NFO,15/07/2024,09:31:59,24575,24571.4,25,24575.45,25,200,14012025
NIFTY-I.NFO,15/07/2024,09:32:00,24575.75,24571.8,25,24576.2,75,350,14012025
NIFTY-I.NFO,15/07/2024,09:32:02,24570,24567.95,125,24570,25,50,14012025
NIFTY-I.NFO,15/07/2024,09:32:04,24573.85,24567.95,25,24569.95,100,2425,14012025
NIFTY-I.NFO,15/07/2024,09:32:05,24567.95,24567.3,650,24570.85,50,125,14012025
NIFTY-I.NFO,15/07/2024,09:32:07,24567.3,24567.3,575,24569.95,325,100,14012025
NIFTY-I.NFO,15/07/2024,09:32:08,24569.85,24567.35,25,24569.85,400,325,14012025
NIFTY-I.NFO,15/07/2024,09:32:10,24569.85,24567.35,25,24569.55,125,0,14012025
NIFTY-I.NFO,15/07/2024,09:32:12,24569.75,24567.35,25,24569.75,25,25,14012025
NIFTY-I.NFO,15/07/2024,09:32:13,24569.75,24568,25,24569.8,25,125,14012025
NIFTY-I.NFO,15/07/2024,09:32:15,24569.75,24568.05,25,24570.45,25,0,14012025
NIFTY-I.NFO,15/07/2024,09:32:16,24569.75,24568.05,25,24570.35,50,0,14012025
NIFTY-I.NFO,15/07/2024,09:32:18,24567,24565.3,400,24567.35,125,75,14012025
NIFTY-I.NFO,15/07/2024,09:32:20,24567.35,24565.35,25,24567.35,50,100,14012025
NIFTY-I.NFO,15/07/2024,09:32:21,24565.35,24565.3,375,24567.35,25,50,14012025
NIFTY-I.NFO,15/07/2024,09:32:23,24565.35,24565.3,475,24567.35,25,0,14012025
NIFTY-I.NFO,15/07/2024,09:32:24,24565.3,24565.3,450,24567.35,25,50,14012025
NIFTY-I.NFO,15/07/2024,09:32:26,24565,24565,925,24565.35,50,625,14012025
NIFTY-I.NFO,15/07/2024,09:32:27,24565.35,24565.4,50,24567.1,50,50,14012025
NIFTY-I.NFO,15/07/2024,09:32:29,24567.1,24565.55,550,24567.35,25,75,14012025
NIFTY-I.NFO,15/07/2024,09:32:31,24567.1,24566.05,450,24567.25,75,0,14012025
NIFTY-I.NFO,15/07/2024,09:32:32,24565.5,24565,925,24565.3,25,750,14012025
NIFTY-I.NFO,15/07/2024,09:32:34,24565,24565,675,24565.3,50,250,14012025
NIFTY-I.NFO,15/07/2024,09:32:35,24565,24565,625,24565.3,50,50,14012025
NIFTY-I.NFO,15/07/2024,09:32:37,24565.3,24565.3,50,24566.5,200,50,14012025
NIFTY-I.NFO,15/07/2024,09:32:38,24565.6,24563,50,24565.6,75,1675,14012025
NIFTY-I.NFO,15/07/2024,09:32:40,24563,24563,25,24564.15,200,25,14012025
NIFTY-I.NFO,15/07/2024,09:32:42,24565,24564.7,275,24565,75,250,14012025
NIFTY-I.NFO,15/07/2024,09:32:43,24567.95,24564.9,275,24567.95,475,100,14012025
NIFTY-I.NFO,15/07/2024,09:32:45,24565.3,24565.1,275,24567.8,200,25,14012025
NIFTY-I.NFO,15/07/2024,09:32:46,24565.1,24565.45,250,24567.95,500,25,14012025
NIFTY-I.NFO,15/07/2024,09:32:48,24567.95,24566.35,225,24567.95,450,75,14012025
NIFTY-I.NFO,15/07/2024,09:32:49,24567,24567,200,24569,25,525,14012025
NIFTY-I.NFO,15/07/2024,09:32:51,24568.6,24565.25,200,24568.4,25,325,14012025
NIFTY-I.NFO,15/07/2024,09:32:53,24569,24565.8,50,24568.4,225,250,14012025
NIFTY-I.NFO,15/07/2024,09:32:54,24569.5,24565.5,250,24568.8,200,700,14012025
NIFTY-I.NFO,15/07/2024,09:32:56,24565.45,24565.15,150,24568.4,200,25,14012025
NIFTY-I.NFO,15/07/2024,09:32:57,24565.45,24565.65,150,24568.45,200,0,14012025
NIFTY-I.NFO,15/07/2024,09:32:59,24569.75,24567.95,100,24569.65,200,100,14012025
NIFTY-I.NFO,15/07/2024,09:33:00,24568.9,24567.95,75,24568.55,150,75,14012025
NIFTY-I.NFO,15/07/2024,09:33:02,24567.95,24567.1,150,24569.95,25,1000,14012025
NIFTY-I.NFO,15/07/2024,09:33:03,24570,24567.1,100,24570,225,225,14012025
NIFTY-I.NFO,15/07/2024,09:33:05,24569,24570,400,24571,25,475,14012025
NIFTY-I.NFO,15/07/2024,09:33:07,24570,24570.05,75,24570.95,200,50,14012025
NIFTY-I.NFO,15/07/2024,09:33:08,24574.4,24572.5,275,24574.35,175,500,14012025
NIFTY-I.NFO,15/07/2024,09:33:10,24573.4,24572.6,275,24573.1,50,75,14012025
NIFTY-I.NFO,15/07/2024,09:33:11,24572.6,24572.6,225,24573.1,125,50,14012025
NIFTY-I.NFO,15/07/2024,09:33:13,24572.6,24572.7,225,24573.1,125,0,14012025
NIFTY-I.NFO,15/07/2024,09:33:14,24573.1,24572.7,225,24573.1,75,100,14012025
NIFTY-I.NFO,15/07/2024,09:33:16,24575.75,24573.8,100,24576.1,50,550,14012025
NIFTY-I.NFO,15/07/2024,09:33:18,24574.55,24574.55,450,24578,125,325,14012025
NIFTY-I.NFO,15/07/2024,09:33:19,24576.25,24577.25,175,24579,25,300,14012025
NIFTY-I.NFO,15/07/2024,09:33:21,24578.55,24576.65,100,24578.75,200,2925,14012025
NIFTY-I.NFO,15/07/2024,09:33:23,24576.7,24576.6,75,24576.95,400,250,14012025
NIFTY-I.NFO,15/07/2024,09:33:24,24576.85,24576.85,50,24577.95,400,450,14012025
NIFTY-I.NFO,15/07/2024,09:33:26,24576.9,24576.9,25,24578.1,200,550,14012025
NIFTY-I.NFO,15/07/2024,09:33:28,24577.8,24576.65,25,24577.55,400,850,14012025
NIFTY-I.NFO,15/07/2024,09:33:29,24577.8,24576.7,25,24577.5,350,0,14012025
NIFTY-I.NFO,15/07/2024,09:33:31,24577.8,24576.75,25,24577.5,350,0,14012025
NIFTY-I.NFO,15/07/2024,09:33:32,24577.45,24576.8,150,24577.45,250,100,14012025
NIFTY-I.NFO,15/07/2024,09:33:34,24577.45,24576.9,25,24577.25,400,200,14012025
NIFTY-I.NFO,15/07/2024,09:33:36,24576.4,24575,50,24576.85,200,400,14012025
NIFTY-I.NFO,15/07/2024,09:33:37,24574.85,24572.2,25,24574.85,50,225,14012025
NIFTY-I.NFO,15/07/2024,09:33:39,24574.7,24572.25,25,24573.75,200,100,14012025
NIFTY-I.NFO,15/07/2024,09:33:41,24573.7,24570.2,125,24573.45,75,375,14012025
NIFTY-I.NFO,15/07/2024,09:33:43,24571.8,24570,375,24572.25,75,75,14012025
NIFTY-I.NFO,15/07/2024,09:33:44,24571.8,24570.25,200,24572.25,25,0,14012025
NIFTY-I.NFO,15/07/2024,09:33:46,24572.3,24572.3,200,24573.95,50,125,14007450
NIFTY-I.NFO,15/07/2024,09:33:47,24572.3,24572.3,75,24573.05,500,125,14007450
NIFTY-I.NFO,15/07/2024,09:33:49,24570,24570,225,24572,300,325,14007450
NIFTY-I.NFO,15/07/2024,09:33:51,24570,24570,125,24572.25,125,100,14007450
NIFTY-I.NFO,15/07/2024,09:33:52,24572.65,24570.45,200,24571.8,175,50,14007450
NIFTY-I.NFO,15/07/2024,09:33:54,24571.8,24571.85,75,24573.95,300,600,14007450
NIFTY-I.NFO,15/07/2024,09:33:55,24572.8,24572.9,75,24574.75,125,150,14007450
NIFTY-I.NFO,15/07/2024,09:33:57,24574.75,24573.2,75,24574.5,125,25,14007450
NIFTY-I.NFO,15/07/2024,09:33:59,24571.25,24571.25,150,24574.95,400,225,14007450
NIFTY-I.NFO,15/07/2024,09:34:00,24570.75,24571.1,200,24574,25,175,14007450
NIFTY-I.NFO,15/07/2024,09:34:02,24573.6,24570.05,50,24573.25,125,50,14007450
NIFTY-I.NFO,15/07/2024,09:34:03,24571.2,24571.25,100,24573.2,200,625,14007450
NIFTY-I.NFO,15/07/2024,09:34:05,24575,24572.9,275,24575,50,450,14007450
NIFTY-I.NFO,15/07/2024,09:34:07,24575.7,24574.65,125,24574.95,350,425,14007450
NIFTY-I.NFO,15/07/2024,09:34:08,24573.85,24573.85,75,24574.95,325,150,14007450
NIFTY-I.NFO,15/07/2024,09:34:10,24573.85,24573.85,50,24574.95,325,25,14007450
NIFTY-I.NFO,15/07/2024,09:34:11,24571,24571.15,150,24574.65,25,375,14007450
NIFTY-I.NFO,15/07/2024,09:34:13,24571.3,24571.3,100,24574.65,475,50,14007450
NIFTY-I.NFO,15/07/2024,09:34:15,24574.65,24571.3,175,24574.65,225,300,14007450
NIFTY-I.NFO,15/07/2024,09:34:16,24574.5,24571.3,150,24574,100,75,14007450
NIFTY-I.NFO,15/07/2024,09:34:18,24573.55,24571.3,25,24574,300,100,14007450
NIFTY-I.NFO,15/07/2024,09:34:20,24570.4,24570.4,75,24573.15,200,100,14007450
NIFTY-I.NFO,15/07/2024,09:34:21,24573.45,24570.4,175,24573.15,100,775,14007450
NIFTY-I.NFO,15/07/2024,09:34:23,24570,24569.05,100,24571.3,175,475,14007450
NIFTY-I.NFO,15/07/2024,09:34:25,24569,24567.05,100,24569.75,250,125,14007450
NIFTY-I.NFO,15/07/2024,09:34:26,24569.2,24567.05,100,24569.55,150,250,14007450
NIFTY-I.NFO,15/07/2024,09:34:28,24567,24566,225,24568.35,25,250,14007450
NIFTY-I.NFO,15/07/2024,09:34:30,24569.35,24566,175,24568.2,425,325,14007450
NIFTY-I.NFO,15/07/2024,09:34:31,24568.2,24566.1,150,24568.2,100,275,14007450
NIFTY-I.NFO,15/07/2024,09:34:33,24566.1,24566.1,125,24568.2,75,50,14007450
NIFTY-I.NFO,15/07/2024,09:34:35,24568.25,24567.05,100,24568.1,375,250,14007450
NIFTY-I.NFO,15/07/2024,09:34:36,24567.8,24567,50,24567.95,150,75,14007450
NIFTY-I.NFO,15/07/2024,09:34:38,24568.35,24568.05,25,24568.45,250,200,14007450
NIFTY-I.NFO,15/07/2024,09:34:39,24567,24566.05,100,24567.7,325,275,14007450
NIFTY-I.NFO,15/07/2024,09:34:41,24566.05,24566.05,25,24567.55,125,100,14007450
NIFTY-I.NFO,15/07/2024,09:34:42,24567.65,24566.05,25,24567.65,50,50,14007450
NIFTY-I.NFO,15/07/2024,09:34:44,24566.05,24566,175,24567,25,50,14007450
NIFTY-I.NFO,15/07/2024,09:34:46,24567,24566.05,100,24568.4,250,225,14007450
NIFTY-I.NFO,15/07/2024,09:34:47,24567.7,24566.05,100,24567.7,175,25,14007450
NIFTY-I.NFO,15/07/2024,09:34:49,24567.75,24566.15,150,24568.15,75,75,14007450
NIFTY-I.NFO,15/07/2024,09:34:50,24566.05,24566.05,75,24567.7,200,75,14007450
NIFTY-I.NFO,15/07/2024,09:34:52,24566,24566.05,200,24568.3,25,325,14007450
NIFTY-I.NFO,15/07/2024,09:34:53,24568.3,24566.05,200,24568.25,50,25,14007450
NIFTY-I.NFO,15/07/2024,09:34:55,24568.3,24566.05,175,24568.25,25,75,14007450
NIFTY-I.NFO,15/07/2024,09:34:56,24567.2,24566.15,150,24567.2,75,275,14007450
NIFTY-I.NFO,15/07/2024,09:34:58,24567.2,24566.05,50,24567.15,50,0,14007450
NIFTY-I.NFO,15/07/2024,09:35:00,24566.05,24566.05,200,24568.45,75,50,14007450
NIFTY-I.NFO,15/07/2024,09:35:01,24567.6,24566.05,100,24567.6,25,175,14007450
NIFTY-I.NFO,15/07/2024,09:35:03,24566.95,24566.05,50,24566.9,25,325,14007450
NIFTY-I.NFO,15/07/2024,09:35:04,24567.8,24566.45,200,24567.85,25,275,14007450
NIFTY-I.NFO,15/07/2024,09:35:06,24567.8,24566.65,100,24567.2,125,0,14007450
NIFTY-I.NFO,15/07/2024,09:35:08,24568,24566.05,175,24568.4,25,550,14007450
NIFTY-I.NFO,15/07/2024,09:35:09,24567.05,24567.05,50,24568.1,25,575,14007450
NIFTY-I.NFO,15/07/2024,09:35:11,24566,24566.05,100,24567.55,125,250,14007450
NIFTY-I.NFO,15/07/2024,09:35:13,24565.05,24565.05,50,24566.15,25,550,14007450
NIFTY-I.NFO,15/07/2024,09:35:14,24565.05,24565.15,150,24566.15,25,0,14007450
NIFTY-I.NFO,15/07/2024,09:35:16,24565.85,24566.2,250,24567.75,75,250,14007450
NIFTY-I.NFO,15/07/2024,09:35:17,24566.55,24566.95,200,24567.8,25,200,14007450
NIFTY-I.NFO,15/07/2024,09:35:19,24567.6,24567.6,75,24570.05,50,1975,14007450
NIFTY-I.NFO,15/07/2024,09:35:21,24570.3,24568.8,225,24571.1,50,250,14007450
NIFTY-I.NFO,15/07/2024,09:35:22,24570.6,24566.9,200,24570.2,125,225,14007450
NIFTY-I.NFO,15/07/2024,09:35:24,24572,24569.1,100,24572.2,75,25,14007450
NIFTY-I.NFO,15/07/2024,09:35:26,24571,24569,150,24572.05,25,75,14007450
NIFTY-I.NFO,15/07/2024,09:35:27,24573,24571.25,100,24574.75,25,650,14007450
NIFTY-I.NFO,15/07/2024,09:35:29,24575,24572,100,24575,700,200,14007450
NIFTY-I.NFO,15/07/2024,09:35:30,24575,24573.8,500,24575.25,100,725,14007450
NIFTY-I.NFO,15/07/2024,09:35:32,24576.65,24575.4,475,24577,275,375,14007450
NIFTY-I.NFO,15/07/2024,09:35:33,24576.6,24576.7,225,24576.85,25,325,14007450
NIFTY-I.NFO,15/07/2024,09:35:35,24576.8,24573.05,100,24575.45,25,250,14007450
NIFTY-I.NFO,15/07/2024,09:35:37,24576.8,24573.05,200,24575.65,25,0,14007450
NIFTY-I.NFO,15/07/2024,09:35:38,24575.85,24573.05,200,24575.9,250,75,14007450
NIFTY-I.NFO,15/07/2024,09:35:40,24576.75,24573.25,200,24576.85,25,175,14007450
NIFTY-I.NFO,15/07/2024,09:35:41,24573.25,24573.25,150,24576,125,275,14007450
NIFTY-I.NFO,15/07/2024,09:35:43,24573.25,24573.25,150,24575.9,25,175,14007450
NIFTY-I.NFO,15/07/2024,09:35:44,24570,24570.65,100,24574,175,725,14007450
NIFTY-I.NFO,15/07/2024,09:35:46,24570,24569,100,24572.65,200,0,14007450
NIFTY-I.NFO,15/07/2024,09:35:48,24569.45,24569.45,175,24572.4,100,25,14007450
NIFTY-I.NFO,15/07/2024,09:35:49,24566,24567.95,200,24571.95,75,325,14007450
NIFTY-I.NFO,15/07/2024,09:35:51,24571.95,24568.3,200,24572.05,125,150,14007450
NIFTY-I.NFO,15/07/2024,09:35:53,24573.05,24570.8,150,24573.25,250,800,14007450
NIFTY-I.NFO,15/07/2024,09:35:54,24570.7,24570.8,200,24573.3,25,325,14007450
NIFTY-I.NFO,15/07/2024,09:35:56,24573.3,24570.8,200,24573.8,200,25,14007450
NIFTY-I.NFO,15/07/2024,09:35:57,24573.8,24571.1,200,24574,2200,250,14007450
NIFTY-I.NFO,15/07/2024,09:35:59,24571.2,24571.35,50,24574,2200,25,14007450
NIFTY-I.NFO,15/07/2024,09:36:01,24571.3,24571.3,75,24574,2050,300,14007450
NIFTY-I.NFO,15/07/2024,09:36:02,24574,24572.5,100,24574,1675,475,14007450
NIFTY-I.NFO,15/07/2024,09:36:04,24572.85,24572.65,200,24575.8,25,2775,14007450
NIFTY-I.NFO,15/07/2024,09:36:05,24575.1,24572.6,100,24575.35,125,275,14007450
NIFTY-I.NFO,15/07/2024,09:36:07,24575.4,24573.1,200,24575.4,25,25,14007450
NIFTY-I.NFO,15/07/2024,09:36:08,24575.45,24575.05,75,24576.8,250,650,14007450
NIFTY-I.NFO,15/07/2024,09:36:10,24575.4,24573.65,150,24575,325,575,14007450
NIFTY-I.NFO,15/07/2024,09:36:11,24573.75,24573.75,75,24575,275,100,14007450
NIFTY-I.NFO,15/07/2024,09:36:13,24576.8,24575.05,100,24576.75,250,750,14007450
NIFTY-I.NFO,15/07/2024,09:36:15,24577.35,24575.15,50,24577.35,50,475,14007450
NIFTY-I.NFO,15/07/2024,09:36:16,24576.8,24575.05,100,24576.6,25,450,14007450
NIFTY-I.NFO,15/07/2024,09:36:18,24576.35,24575.05,100,24576.4,75,100,14007450
NIFTY-I.NFO,15/07/2024,09:36:19,24576.5,24575.05,100,24576.55,150,175,14007450
NIFTY-I.NFO,15/07/2024,09:36:21,24575,24573.3,200,24574.6,75,850,14007450
NIFTY-I.NFO,15/07/2024,09:36:23,24573.55,24571.7,100,24574.55,25,1800,14007450
NIFTY-I.NFO,15/07/2024,09:36:24,24571.7,24571.8,175,24575,125,175,14007450
NIFTY-I.NFO,15/07/2024,09:36:26,24572.15,24573.25,150,24576.95,25,50,14007450
NIFTY-I.NFO,15/07/2024,09:36:28,24572.15,24573.55,150,24576.95,25,0,14007450
NIFTY-I.NFO,15/07/2024,09:36:29,24575,24573,25,24575,175,50,14007450
NIFTY-I.NFO,15/07/2024,09:36:31,24573,24572.15,25,24575,175,25,14007450
NIFTY-I.NFO,15/07/2024,09:36:32,24572.2,24571.95,25,24574.95,25,25,14007450
NIFTY-I.NFO,15/07/2024,09:36:34,24573.55,24571.9,75,24573.55,75,200,14007450
NIFTY-I.NFO,15/07/2024,09:36:36,24574.05,24571.9,50,24574.05,50,100,14007450
NIFTY-I.NFO,15/07/2024,09:36:37,24571.95,24571.95,25,24574.05,25,50,14007450
NIFTY-I.NFO,15/07/2024,09:36:39,24574.05,24571.95,125,24574.05,200,25,14007450
NIFTY-I.NFO,15/07/2024,09:36:40,24572,24571.95,125,24574.05,200,25,14007450
NIFTY-I.NFO,15/07/2024,09:36:42,24572,24572.05,125,24574.05,200,0,14007450
NIFTY-I.NFO,15/07/2024,09:36:44,24575,24573.65,125,24574.05,25,300,14007450
NIFTY-I.NFO,15/07/2024,09:36:45,24574.1,24574.1,325,24575,175,250,14021125
NIFTY-I.NFO,15/07/2024,09:36:47,24576.15,24575.05,175,24576.9,75,275,14021125
NIFTY-I.NFO,15/07/2024,09:36:48,24577,24573.65,25,24577,75,250,14021125
NIFTY-I.NFO,15/07/2024,09:36:50,24577.5,24573.85,125,24577.55,275,200,14021125
NIFTY-I.NFO,15/07/2024,09:36:52,24576.8,24574.3,200,24577.55,25,175,14021125
NIFTY-I.NFO,15/07/2024,09:36:53,24576.8,24574.6,275,24577.55,25,0,14021125
NIFTY-I.NFO,15/07/2024,09:36:54,24577.5,24575.7,350,24577.5,275,50,14021125
NIFTY-I.NFO,15/07/2024,09:36:56,24577.5,24577.05,100,24577.5,150,175,14021125
NIFTY-I.NFO,15/07/2024,09:36:58,24577.55,24576.8,25,24578.2,250,400,14021125
NIFTY-I.NFO,15/07/2024,09:36:59,24580,24577.35,175,24580,1150,600,14021125
NIFTY-I.NFO,15/07/2024,09:37:01,24578.9,24579,450,24579.35,25,1350,14021125
NIFTY-I.NFO,15/07/2024,09:37:02,24581,24580.85,300,24581.6,175,375,14021125
NIFTY-I.NFO,15/07/2024,09:37:04,24584.4,24584,50,24584.4,100,2175,14021125
NIFTY-I.NFO,15/07/2024,09:37:06,24584.8,24584,25,24584.85,50,1125,14021125
NIFTY-I.NFO,15/07/2024,09:37:07,24587.5,24586.05,250,24587.7,25,2150,14021125
NIFTY-I.NFO,15/07/2024,09:37:09,24588,24585.2,150,24588,700,500,14021125
NIFTY-I.NFO,15/07/2024,09:37:10,24588,24587.7,50,24588,275,650,14021125
NIFTY-I.NFO,15/07/2024,09:37:12,24588.6,24588.05,75,24589,450,575,14021125
NIFTY-I.NFO,15/07/2024,09:37:14,24587.75,24585.4,150,24589,375,350,14021125
NIFTY-I.NFO,15/07/2024,09:37:15,24588,24587.05,175,24588,925,875,14021125
NIFTY-I.NFO,15/07/2024,09:37:17,24588,24587.15,125,24588,825,200,14021125
NIFTY-I.NFO,15/07/2024,09:37:19,24587.15,24587.15,50,24588,825,100,14021125
NIFTY-I.NFO,15/07/2024,09:37:20,24588,24587.15,50,24588,800,250,14021125
NIFTY-I.NFO,15/07/2024,09:37:22,24589.2,24589.2,25,24589.8,25,1700,14021125
NIFTY-I.NFO,15/07/2024,09:37:23,24588.05,24588.05,75,24589.9,25,375,14021125
NIFTY-I.NFO,15/07/2024,09:37:25,24590,24589.5,425,24590,5150,200,14021125
NIFTY-I.NFO,15/07/2024,09:37:27,24588.55,24584.55,125,24588.8,25,950,14021125
NIFTY-I.NFO,15/07/2024,09:37:28,24583.65,24583,1100,24585.85,75,100,14021125
NIFTY-I.NFO,15/07/2024,09:37:30,24583.9,24583,1075,24583.85,25,325,14021125
NIFTY-I.NFO,15/07/2024,09:37:32,24583.85,24583.05,25,24584.1,100,300,14021125
NIFTY-I.NFO,15/07/2024,09:37:33,24582.15,24578.35,200,24581.9,25,2425,14021125
NIFTY-I.NFO,15/07/2024,09:37:35,24582.7,24579.25,150,24582.8,100,50,14021125
NIFTY-I.NFO,15/07/2024,09:37:36,24578.45,24578.45,125,24581.95,25,50,14021125
NIFTY-I.NFO,15/07/2024,09:37:38,24581.6,24578.55,25,24580,100,25,14021125
NIFTY-I.NFO,15/07/2024,09:37:40,24578.5,24578.5,125,24581.25,25,1525,14021125
NIFTY-I.NFO,15/07/2024,09:37:41,24581.75,24578.5,25,24581.2,75,125,14021125
NIFTY-I.NFO,15/07/2024,09:37:43,24578.6,24578.5,25,24581.15,75,550,14021125
NIFTY-I.NFO,15/07/2024,09:37:44,24578.5,24578.45,50,24578.5,75,50,14021125
NIFTY-I.NFO,15/07/2024,09:37:46,24578.5,24578.5,150,24578.55,200,100,14021125
NIFTY-I.NFO,15/07/2024,09:37:47,24578.55,24578.5,175,24578.55,75,125,14021125
NIFTY-I.NFO,15/07/2024,09:37:49,24578.5,24578.5,275,24578.55,75,25,14021125
NIFTY-I.NFO,15/07/2024,09:37:51,24578.55,24578.5,175,24578.55,200,225,14021125
NIFTY-I.NFO,15/07/2024,09:37:52,24580,24578.5,300,24581,350,325,14021125
NIFTY-I.NFO,15/07/2024,09:37:54,24578.55,24578.5,175,24581,350,250,14021125
NIFTY-I.NFO,15/07/2024,09:37:55,24578.45,24578,25,24579.55,25,1425,14021125
NIFTY-I.NFO,15/07/2024,09:37:57,24579.75,24578.05,25,24579.7,50,50,14021125
NIFTY-I.NFO,15/07/2024,09:37:59,24578,24576.8,75,24577.95,75,50,14021125
NIFTY-I.NFO,15/07/2024,09:38:00,24573.8,24574.25,50,24577.95,25,175,14021125
NIFTY-I.NFO,15/07/2024,09:38:02,24575.9,24572.05,50,24575.45,25,150,14021125
NIFTY-I.NFO,15/07/2024,09:38:04,24576.7,24572.25,225,24576.05,25,900,14021125
NIFTY-I.NFO,15/07/2024,09:38:05,24572.25,24572.7,125,24576.35,25,50,14021125
NIFTY-I.NFO,15/07/2024,09:38:07,24575.6,24571.75,25,24574.9,75,50,14021125
NIFTY-I.NFO,15/07/2024,09:38:09,24575.6,24571.75,125,24574.6,50,0,14021125
NIFTY-I.NFO,15/07/2024,09:38:10,24574.25,24572,600,24574.7,50,225,14021125
NIFTY-I.NFO,15/07/2024,09:38:12,24572,24572,500,24574.7,50,100,14021125
NIFTY-I.NFO,15/07/2024,09:38:14,24574,24572.05,300,24574,25,1525,14021125
NIFTY-I.NFO,15/07/2024,09:38:15,24572,24571.3,125,24574,125,25,14021125
NIFTY-I.NFO,15/07/2024,09:38:17,24572.1,24571.9,125,24572.1,350,575,14021125
NIFTY-I.NFO,15/07/2024,09:38:18,24572.1,24574.05,25,24574.9,50,350,14021125
NIFTY-I.NFO,15/07/2024,09:38:20,24574.9,24574.1,25,24574.9,25,50,14021125
NIFTY-I.NFO,15/07/2024,09:38:21,24575.25,24575.25,200,24578,25,200,14021125
NIFTY-I.NFO,15/07/2024,09:38:23,24576.05,24576,50,24578.05,50,125,14021125
NIFTY-I.NFO,15/07/2024,09:38:25,24578.1,24578.1,125,24578.45,100,475,14021125
NIFTY-I.NFO,15/07/2024,09:38:26,24578.45,24578.2,100,24578.45,75,50,14021125
NIFTY-I.NFO,15/07/2024,09:38:28,24578.45,24576,1200,24579,25,225,14021125
NIFTY-I.NFO,15/07/2024,09:38:29,24576.05,24576.65,150,24579,25,50,14021125
NIFTY-I.NFO,15/07/2024,09:38:31,24576.05,24576,1200,24576.5,25,25,14021125
NIFTY-I.NFO,15/07/2024,09:38:32,24574.1,24574.05,25,24575.3,25,1225,14021125
NIFTY-I.NFO,15/07/2024,09:38:34,24571.5,24571.55,50,24575.65,25,175,14021125
NIFTY-I.NFO,15/07/2024,09:38:36,24574.05,24571.8,225,24575.65,25,25,14021125
NIFTY-I.NFO,15/07/2024,09:38:37,24573.1,24573.2,125,24577.05,75,50,14021125
NIFTY-I.NFO,15/07/2024,09:38:39,24573.15,24574,25,24577,25,50,14021125
NIFTY-I.NFO,15/07/2024,09:38:40,24577,24574.05,25,24576.45,25,25,14021125
NIFTY-I.NFO,15/07/2024,09:38:42,24575,24574.05,25,24577.7,75,25,14021125
NIFTY-I.NFO,15/07/2024,09:38:43,24574.05,24574.85,25,24577.7,200,75,14021125
NIFTY-I.NFO,15/07/2024,09:38:45,24575.85,24575.85,75,24577,75,25,14021125
NIFTY-I.NFO,15/07/2024,09:38:46,24573.15,24572.95,225,24577,275,150,14021125
NIFTY-I.NFO,15/07/2024,09:38:48,24576.95,24573.8,50,24576.1,25,350,14021125
NIFTY-I.NFO,15/07/2024,09:38:49,24573.85,24572,25,24573.15,1725,75,14021125
NIFTY-I.NFO,15/07/2024,09:38:51,24573,24572,25,24573.15,1725,200,14021125
NIFTY-I.NFO,15/07/2024,09:38:52,24573.15,24572,25,24573.15,1675,100,14021125
NIFTY-I.NFO,15/07/2024,09:38:54,24571.3,24571.2,25,24572,25,75,14021125
NIFTY-I.NFO,15/07/2024,09:38:56,24572,24571,375,24572,75,100,14021125
NIFTY-I.NFO,15/07/2024,09:38:57,24572,24571.6,225,24572,75,0,14021125
NIFTY-I.NFO,15/07/2024,09:38:59,24571.55,24571.75,25,24572,75,225,14021125
NIFTY-I.NFO,15/07/2024,09:39:01,24575.3,24575.3,250,24575.35,25,15975,14021125
NIFTY-I.NFO,15/07/2024,09:39:02,24575.3,24570.5,125,24572.85,50,10125,14021125
NIFTY-I.NFO,15/07/2024,09:39:04,24570.5,24570.1,25,24572.8,100,25,14021125
NIFTY-I.NFO,15/07/2024,09:39:05,24570,24570,300,24571.95,50,1225,14021125
NIFTY-I.NFO,15/07/2024,09:39:07,24570,24570,200,24571.75,100,100,14021125
NIFTY-I.NFO,15/07/2024,09:39:09,24569,24570.85,100,24571.75,50,700,14021125
NIFTY-I.NFO,15/07/2024,09:39:10,24572.2,24570.85,75,24572.2,50,50,14021125
NIFTY-I.NFO,15/07/2024,09:39:11,24570.85,24566.65,325,24570.65,75,150,14021125
NIFTY-I.NFO,15/07/2024,09:39:13,24568.3,24566,25,24568.9,100,875,14021125
NIFTY-I.NFO,15/07/2024,09:39:14,24568.65,24568.65,75,24570,25,25,14021125
NIFTY-I.NFO,15/07/2024,09:39:16,24568.85,24565.05,225,24568.75,50,225,14021125
NIFTY-I.NFO,15/07/2024,09:39:18,24567.55,24565.05,25,24567.35,25,325,14021125
NIFTY-I.NFO,15/07/2024,09:39:19,24567.35,24565,525,24567.35,125,350,14021125
NIFTY-I.NFO,15/07/2024,09:39:21,24568.05,24566.05,300,24568.65,25,575,14021125
NIFTY-I.NFO,15/07/2024,09:39:23,24570,24565.45,150,24569.4,25,325,14021125
NIFTY-I.NFO,15/07/2024,09:39:24,24566.8,24564,50,24566.85,550,250,14021125
NIFTY-I.NFO,15/07/2024,09:39:26,24567.55,24564.6,225,24567.55,50,175,14021125
NIFTY-I.NFO,15/07/2024,09:39:28,24567.75,24564.5,350,24567,500,450,14021125
NIFTY-I.NFO,15/07/2024,09:39:29,24567,24564,50,24567,350,500,14021125
NIFTY-I.NFO,15/07/2024,09:39:31,24567,24566.1,25,24567,175,200,14021125
NIFTY-I.NFO,15/07/2024,09:39:32,24567.8,24565.55,225,24568.4,25,375,14021125
NIFTY-I.NFO,15/07/2024,09:39:34,24568.75,24565.35,225,24569,75,225,14021125
NIFTY-I.NFO,15/07/2024,09:39:36,24567.75,24566,50,24568,75,150,14021125
NIFTY-I.NFO,15/07/2024,09:39:37,24567.75,24567,25,24568.5,75,0,14021125
NIFTY-I.NFO,15/07/2024,09:39:39,24567.75,24567,25,24568,200,0,14021125
NIFTY-I.NFO,15/07/2024,09:39:41,24564,24563,225,24566.15,50,250,14021125
NIFTY-I.NFO,15/07/2024,09:39:42,24566.1,24563,225,24566.15,650,25,14021125
NIFTY-I.NFO,15/07/2024,09:39:44,24565.1,24563,25,24565.15,300,75,14021125
NIFTY-I.NFO,15/07/2024,09:39:46,24563,24563,1175,24565.05,75,125,14040875
NIFTY-I.NFO,15/07/2024,09:39:47,24563,24563,1175,24565.05,350,250,14040875
NIFTY-I.NFO,15/07/2024,09:39:49,24563,24563,1000,24564,125,125,14040875
NIFTY-I.NFO,15/07/2024,09:39:51,24560.4,24560.45,125,24561.75,250,2125,14040875
NIFTY-I.NFO,15/07/2024,09:39:52,24560.7,24561.05,150,24563.95,50,950,14040875
NIFTY-I.NFO,15/07/2024,09:39:54,24561.15,24561.25,225,24563.9,50,25,14040875
NIFTY-I.NFO,15/07/2024,09:39:56,24561.25,24561.25,225,24564.2,75,375,14040875
NIFTY-I.NFO,15/07/2024,09:39:57,24564.2,24563.2,125,24564,150,75,14040875
NIFTY-I.NFO,15/07/2024,09:39:59,24563.05,24563.05,625,24564,150,375,14040875
NIFTY-I.NFO,15/07/2024,09:40:00,24563.2,24560.8,300,24563.2,50,650,14040875
NIFTY-I.NFO,15/07/2024,09:40:02,24560,24560,975,24562.35,125,2525,14040875
NIFTY-I.NFO,15/07/2024,09:40:04,24560,24561.25,25,24562,150,250,14040875
NIFTY-I.NFO,15/07/2024,09:40:05,24559.05,24559.05,825,24560.6,50,2575,14040875
NIFTY-I.NFO,15/07/2024,09:40:07,24560.6,24560,25,24560.45,25,525,14040875
NIFTY-I.NFO,15/07/2024,09:40:09,24559.25,24559.05,525,24559.3,25,400,14040875
NIFTY-I.NFO,15/07/2024,09:40:10,24555.95,24555,475,24555.65,25,2100,14040875
NIFTY-I.NFO,15/07/2024,09:40:10,24555,24555,475,24555.65,25,0,14040875
NIFTY-I.NFO,15/07/2024,09:40:12,24555,24554,25,24554.85,25,1225,14040875
NIFTY-I.NFO,15/07/2024,09:40:12,24554,24554,25,24554.85,25,0,14040875
NIFTY-I.NFO,15/07/2024,09:40:14,24553.75,24553.8,250,24553.85,2525,400,14040875
NIFTY-I.NFO,15/07/2024,09:40:14,24553.05,24553.8,250,24553.85,2525,0,14040875
NIFTY-I.NFO,15/07/2024,09:40:15,24550.7,24550,2850,24551.4,25,3625,14040875
NIFTY-I.NFO,15/07/2024,09:40:15,24550,24550,2850,24551.4,25,0,14040875
NIFTY-I.NFO,15/07/2024,09:40:17,24552,24550,2325,24552,100,1175,14040875
NIFTY-I.NFO,15/07/2024,09:40:19,24544,24544,125,24545.75,225,4200,14040875
NIFTY-I.NFO,15/07/2024,09:40:19,24544,24544,125,24545.75,225,0,14040875
NIFTY-I.NFO,15/07/2024,09:40:20,24550.45,24547.65,125,24550.9,200,1625,14040875
NIFTY-I.NFO,15/07/2024,09:40:22,24555.9,24555.2,75,24556.1,125,7200,14040875
NIFTY-I.NFO,15/07/2024,09:40:24,24555.2,24555.2,25,24556,50,350,14040875
NIFTY-I.NFO,15/07/2024,09:40:25,24555.25,24555.2,350,24555.9,350,700,14040875
NIFTY-I.NFO,15/07/2024,09:40:27,24555,24555.2,325,24557,25,975,14040875
NIFTY-I.NFO,15/07/2024,09:40:29,24557,24555.2,50,24557.35,75,200,14040875
NIFTY-I.NFO,15/07/2024,09:40:30,24555.65,24556.3,350,24559.3,75,175,14040875
NIFTY-I.NFO,15/07/2024,09:40:32,24555.35,24555.2,150,24557,25,75,14040875
NIFTY-I.NFO,15/07/2024,09:40:34,24555.5,24555.55,300,24557,200,375,14040875
NIFTY-I.NFO,15/07/2024,09:40:35,24559.9,24557.1,100,24559.95,25,500,14040875
NIFTY-I.NFO,15/07/2024,09:40:37,24556.1,24556.1,125,24560.55,100,1050,14040875
NIFTY-I.NFO,15/07/2024,09:40:39,24559.45,24555.85,225,24559.45,25,125,14040875
NIFTY-I.NFO,15/07/2024,09:40:40,24555.8,24557,150,24560,100,1125,14040875
NIFTY-I.NFO,15/07/2024,09:40:42,24556.85,24556.9,250,24559.45,150,325,14040875
NIFTY-I.NFO,15/07/2024,09:40:44,24557,24557.05,250,24559,100,50,14040875
NIFTY-I.NFO,15/07/2024,09:40:45,24557.4,24557.05,250,24559,50,650,14040875
NIFTY-I.NFO,15/07/2024,09:40:47,24557,24557.55,250,24560,50,350,14040875
NIFTY-I.NFO,15/07/2024,09:40:48,24560,24560,75,24561.9,50,75,14040875
NIFTY-I.NFO,15/07/2024,09:40:50,24558,24558,125,24561.6,75,600,14040875
NIFTY-I.NFO,15/07/2024,09:40:52,24558,24560.75,150,24561.6,150,75,14040875
NIFTY-I.NFO,15/07/2024,09:40:53,24558.4,24559.35,300,24561.6,275,325,14040875
NIFTY-I.NFO,15/07/2024,09:40:55,24563.3,24561.35,175,24564,375,1775,14040875
NIFTY-I.NFO,15/07/2024,09:40:57,24561.6,24561.2,250,24564,300,2325,14040875
NIFTY-I.NFO,15/07/2024,09:40:58,24561.45,24560.75,250,24564,250,125,14040875
NIFTY-I.NFO,15/07/2024,09:41:00,24566.1,24565.25,25,24568.1,50,775,14040875
NIFTY-I.NFO,15/07/2024,09:41:01,24570,24567.7,475,24570,575,1075,14040875
NIFTY-I.NFO,15/07/2024,09:41:03,24570,24566.1,225,24570,400,5200,14040875
NIFTY-I.NFO,15/07/2024,09:41:05,24570,24567.4,125,24570,50,700,14040875
NIFTY-I.NFO,15/07/2024,09:41:06,24570,24566.8,25,24568.65,50,25,14040875
NIFTY-I.NFO,15/07/2024,09:41:08,24566.75,24563.35,25,24567.55,50,150,14040875
NIFTY-I.NFO,15/07/2024,09:41:09,24562.05,24563.9,125,24567.55,200,275,14040875
NIFTY-I.NFO,15/07/2024,09:41:11,24567.5,24563.6,225,24567.55,200,300,14040875
NIFTY-I.NFO,15/07/2024,09:41:13,24562.55,24563.25,25,24566.95,50,2375,14040875
NIFTY-I.NFO,15/07/2024,09:41:14,24566.95,24567.7,300,24569.75,100,125,14040875
NIFTY-I.NFO,15/07/2024,09:41:16,24569.7,24569.75,300,24570,250,425,14040875
NIFTY-I.NFO,15/07/2024,09:41:17,24569.75,24569.75,125,24570,275,175,14040875
NIFTY-I.NFO,15/07/2024,09:41:19,24570,24570,150,24570.85,100,525,14040875
NIFTY-I.NFO,15/07/2024,09:41:21,24570.85,24570,75,24570.8,200,350,14040875
NIFTY-I.NFO,15/07/2024,09:41:22,24570.8,24570.4,75,24570.8,25,375,14040875
NIFTY-I.NFO,15/07/2024,09:41:24,24573.9,24571.6,25,24573.6,50,1125,14040875
NIFTY-I.NFO,15/07/2024,09:41:26,24573.9,24570.9,25,24573.9,100,150,14040875
NIFTY-I.NFO,15/07/2024,09:41:27,24573.9,24571.9,425,24573.9,200,100,14040875
NIFTY-I.NFO,15/07/2024,09:41:29,24572,24572,400,24573,50,25,14040875
NIFTY-I.NFO,15/07/2024,09:41:31,24573,24573.05,300,24573.9,50,275,14040875
NIFTY-I.NFO,15/07/2024,09:41:32,24574,24573.25,200,24574.7,25,175,14040875
NIFTY-I.NFO,15/07/2024,09:41:34,24575,24573.75,200,24575,125,100,14040875
NIFTY-I.NFO,15/07/2024,09:41:36,24574,24573.8,25,24573.9,275,1125,14040875
NIFTY-I.NFO,15/07/2024,09:41:37,24574,24573.8,25,24574,825,400,14040875
NIFTY-I.NFO,15/07/2024,09:41:39,24574,24573.65,25,24574,800,300,14040875
NIFTY-I.NFO,15/07/2024,09:41:41,24570,24568.4,25,24572.45,100,550,14040875
NIFTY-I.NFO,15/07/2024,09:41:42,24570.95,24568.5,25,24570.3,125,375,14040875
NIFTY-I.NFO,15/07/2024,09:41:44,24569.7,24567.75,150,24568.1,25,225,14040875
NIFTY-I.NFO,15/07/2024,09:41:46,24568.1,24567.75,150,24568.8,250,25,14040875
NIFTY-I.NFO,15/07/2024,09:41:47,24567.75,24567.75,125,24568.6,100,300,14040875
NIFTY-I.NFO,15/07/2024,09:41:49,24565,24567.75,250,24568.6,150,2350,14040875
NIFTY-I.NFO,15/07/2024,09:41:51,24568.6,24567.85,500,24568.6,125,25,14040875
NIFTY-I.NFO,15/07/2024,09:41:52,24568.6,24568.5,25,24571.8,25,125,14040875
NIFTY-I.NFO,15/07/2024,09:41:54,24568.6,24568.55,500,24571.2,50,0,14040875
NIFTY-I.NFO,15/07/2024,09:41:55,24569.05,24569.05,450,24570,50,50,14040875
NIFTY-I.NFO,15/07/2024,09:41:57,24569.05,24569.05,500,24570,250,50,14040875
NIFTY-I.NFO,15/07/2024,09:41:59,24569.05,24569.05,425,24570,300,0,14040875
NIFTY-I.NFO,15/07/2024,09:42:00,24570,24570,500,24573.2,250,325,14040875
NIFTY-I.NFO,15/07/2024,09:42:02,24570,24570,475,24572.4,25,25,14040875
NIFTY-I.NFO,15/07/2024,09:42:04,24572.05,24570,350,24572.4,25,50,14040875
NIFTY-I.NFO,15/07/2024,09:42:05,24570.2,24570.35,400,24572.35,25,75,14040875
NIFTY-I.NFO,15/07/2024,09:42:07,24572.35,24572.4,200,24573.5,25,125,14040875
NIFTY-I.NFO,15/07/2024,09:42:09,24570,24569.05,25,24570,75,300,14040875
NIFTY-I.NFO,15/07/2024,09:42:10,24570,24569.1,25,24569.95,25,25,14040875
NIFTY-I.NFO,15/07/2024,09:42:12,24570,24569.1,25,24570,25,50,14040875
NIFTY-I.NFO,15/07/2024,09:42:13,24572.9,24569.05,25,24572.45,200,7150,14040875
NIFTY-I.NFO,15/07/2024,09:42:15,24574,24570.35,50,24573.9,25,18950,14040875
NIFTY-I.NFO,15/07/2024,09:42:16,24575,24574,150,24575,325,3075,14040875
NIFTY-I.NFO,15/07/2024,09:42:18,24574,24574,25,24575,300,300,14040875
NIFTY-I.NFO,15/07/2024,09:42:19,24571.6,24574,250,24575,325,50,14040875
NIFTY-I.NFO,15/07/2024,09:42:21,24574,24574,225,24574.95,25,25,14040875
NIFTY-I.NFO,15/07/2024,09:42:23,24575.55,24574,225,24577.4,75,925,14040875
NIFTY-I.NFO,15/07/2024,09:42:24,24575,24574,275,24577.4,75,50,14040875
NIFTY-I.NFO,15/07/2024,09:42:26,24575.55,24576,25,24577.1,25,125,14040875
NIFTY-I.NFO,15/07/2024,09:42:28,24575,24574,225,24575,100,50,14040875
NIFTY-I.NFO,15/07/2024,09:42:29,24575,24574,150,24574.8,100,100,14040875
NIFTY-I.NFO,15/07/2024,09:42:31,24574,24574,250,24574.05,75,425,14040875
NIFTY-I.NFO,15/07/2024,09:42:33,24574.9,24574,250,24574.95,25,925,14040875
NIFTY-I.NFO,15/07/2024,09:42:34,24574.1,24574,250,24574.9,25,100,14040875
NIFTY-I.NFO,15/07/2024,09:42:36,24574,24574,150,24574.9,25,100,14040875
NIFTY-I.NFO,15/07/2024,09:42:38,24574,24574,175,24574.7,225,300,14040875
NIFTY-I.NFO,15/07/2024,09:42:39,24574.5,24574.5,900,24574.6,75,725,14040875
NIFTY-I.NFO,15/07/2024,09:42:41,24574,24574,175,24574.05,25,1625,14040875
NIFTY-I.NFO,15/07/2024,09:42:43,24574.05,24574.55,1000,24574.9,25,75,14040875
NIFTY-I.NFO,15/07/2024,09:42:44,24575.55,24574.55,975,24575.55,25,50,14040875
NIFTY-I.NFO,15/07/2024,09:42:46,24574,24574,175,24574.05,250,2225,14071825
NIFTY-I.NFO,15/07/2024,09:42:48,24574.05,24574,250,24574.05,25,4275,14071825
NIFTY-I.NFO,15/07/2024,09:42:49,24574,24574,125,24574.05,125,375,14071825
NIFTY-I.NFO,15/07/2024,09:42:51,24574,24574,25,24575,25,1375,14071825
NIFTY-I.NFO,15/07/2024,09:42:52,24574,24574,225,24575.45,50,75,14071825
NIFTY-I.NFO,15/07/2024,09:42:54,24576.35,24574,225,24576.15,25,375,14071825
NIFTY-I.NFO,15/07/2024,09:42:56,24576.35,24574,225,24575.5,50,0,14071825
NIFTY-I.NFO,15/07/2024,09:42:57,24574,24574,200,24574.45,25,1300,14071825
NIFTY-I.NFO,15/07/2024,09:42:59,24573.9,24569.55,25,24573.85,25,2250,14071825
NIFTY-I.NFO,15/07/2024,09:43:01,24570.35,24568.25,100,24572.05,75,2600,14071825
NIFTY-I.NFO,15/07/2024,09:43:02,24570.35,24566,25,24569.95,50,0,14071825
NIFTY-I.NFO,15/07/2024,09:43:04,24566.8,24565,250,24567.1,50,175,14071825
NIFTY-I.NFO,15/07/2024,09:43:06,24565,24565,200,24567.05,50,1300,14071825
NIFTY-I.NFO,15/07/2024,09:43:07,24565,24565,150,24565.9,25,50,14071825
NIFTY-I.NFO,15/07/2024,09:43:09,24565.9,24565,125,24566,150,50,14071825
NIFTY-I.NFO,15/07/2024,09:43:10,24565,24565,75,24566,450,100,14071825
NIFTY-I.NFO,15/07/2024,09:43:12,24566,24565,75,24566,425,25,14071825
NIFTY-I.NFO,15/07/2024,09:43:13,24565,24565,25,24565.95,350,50,14071825
NIFTY-I.NFO,15/07/2024,09:43:15,24565,24564,25,24565.9,350,25,14071825
NIFTY-I.NFO,15/07/2024,09:43:16,24563.35,24563,25,24564.95,50,125,14071825
NIFTY-I.NFO,15/07/2024,09:43:18,24562.35,24561.95,100,24564.95,400,100,14071825
NIFTY-I.NFO,15/07/2024,09:43:20,24561.95,24561.95,100,24564.95,400,25,14071825
NIFTY-I.NFO,15/07/2024,09:43:21,24561.05,24561.05,25,24564.95,350,125,14071825
NIFTY-I.NFO,15/07/2024,09:43:23,24561,24562,50,24564.85,50,225,14071825
NIFTY-I.NFO,15/07/2024,09:43:25,24564.85,24562,50,24564.85,125,275,14071825
NIFTY-I.NFO,15/07/2024,09:43:26,24562.65,24562.55,25,24564.85,125,100,14071825
NIFTY-I.NFO,15/07/2024,09:43:28,24562.35,24562.3,25,24564.8,75,150,14071825
NIFTY-I.NFO,15/07/2024,09:43:30,24565,24560.1,25,24564.65,50,525,14071825
NIFTY-I.NFO,15/07/2024,09:43:31,24564.1,24560.75,25,24565,1800,275,14071825
NIFTY-I.NFO,15/07/2024,09:43:33,24560.65,24560.65,25,24565,1725,225,14071825
NIFTY-I.NFO,15/07/2024,09:43:35,24562,24561.95,25,24564.8,50,75,14071825
NIFTY-I.NFO,15/07/2024,09:43:36,24565,24561.95,25,24565,1650,25,14071825
NIFTY-I.NFO,15/07/2024,09:43:38,24560,24560.85,25,24565,1675,150,14071825
NIFTY-I.NFO,15/07/2024,09:43:40,24565,24562.55,25,24565,1575,125,14071825
NIFTY-I.NFO,15/07/2024,09:43:41,24562.6,24562.55,25,24565,1500,100,14071825
NIFTY-I.NFO,15/07/2024,09:43:43,24565,24562.5,25,24565,1475,100,14071825
NIFTY-I.NFO,15/07/2024,09:43:45,24565,24560,100,24564.1,50,125,14071825
NIFTY-I.NFO,15/07/2024,09:43:46,24562.85,24560,100,24563.65,100,75,14071825
NIFTY-I.NFO,15/07/2024,09:43:48,24558.7,24559.35,25,24564,25,150,14071825
NIFTY-I.NFO,15/07/2024,09:43:49,24560,24558,25,24560,500,775,14071825
NIFTY-I.NFO,15/07/2024,09:43:51,24564.75,24560.4,25,24564.7,100,675,14071825
NIFTY-I.NFO,15/07/2024,09:43:53,24564.45,24560.75,500,24564.3,225,125,14071825
NIFTY-I.NFO,15/07/2024,09:43:54,24560.75,24560.75,250,24563.95,50,375,14071825
NIFTY-I.NFO,15/07/2024,09:43:56,24563.25,24560,25,24563,175,450,14071825
NIFTY-I.NFO,15/07/2024,09:43:58,24563.7,24560,25,24564,1800,225,14071825
NIFTY-I.NFO,15/07/2024,09:43:59,24563.5,24560.15,25,24564,1800,150,14071825
NIFTY-I.NFO,15/07/2024,09:44:01,24563,24563,300,24564,1800,50,14071825
NIFTY-I.NFO,15/07/2024,09:44:02,24563,24563,175,24564,1750,175,14071825
NIFTY-I.NFO,15/07/2024,09:44:04,24564,24563,100,24564,1700,125,14071825
NIFTY-I.NFO,15/07/2024,09:44:06,24563.95,24563,100,24563.95,325,50,14071825
NIFTY-I.NFO,15/07/2024,09:44:07,24563,24560,25,24563.25,175,100,14071825
NIFTY-I.NFO,15/07/2024,09:44:09,24563,24560,75,24563,175,100,14071825
NIFTY-I.NFO,15/07/2024,09:44:11,24563,24560,75,24563,450,50,14071825
NIFTY-I.NFO,15/07/2024,09:44:12,24562.6,24560,75,24562.6,175,200,14071825
NIFTY-I.NFO,15/07/2024,09:44:14,24562.6,24560.35,50,24562.6,525,0,14071825
NIFTY-I.NFO,15/07/2024,09:44:15,24562.55,24560.25,25,24562.55,450,75,14071825
NIFTY-I.NFO,15/07/2024,09:44:17,24562.55,24560.25,25,24562.55,225,50,14071825
NIFTY-I.NFO,15/07/2024,09:44:19,24560,24559.5,75,24562.45,225,1700,14071825
NIFTY-I.NFO,15/07/2024,09:44:20,24560,24560.1,75,24562.45,400,0,14071825
NIFTY-I.NFO,15/07/2024,09:44:22,24559.35,24560,125,24562.45,400,50,14071825
NIFTY-I.NFO,15/07/2024,09:44:24,24559.35,24560,275,24561.05,50,0,14071825
NIFTY-I.NFO,15/07/2024,09:44:25,24559.75,24558,25,24560,1850,400,14071825
NIFTY-I.NFO,15/07/2024,09:44:27,24559.35,24559.1,25,24559.35,25,75,14071825
NIFTY-I.NFO,15/07/2024,09:44:29,24559.1,24559.1,25,24559.25,225,50,14071825
NIFTY-I.NFO,15/07/2024,09:44:30,24559,24558,25,24558.5,100,275,14071825
NIFTY-I.NFO,15/07/2024,09:44:32,24556.35,24555.5,50,24555.8,25,900,14071825
NIFTY-I.NFO,15/07/2024,09:44:34,24555.8,24554,50,24555.8,275,975,14071825
NIFTY-I.NFO,15/07/2024,09:44:35,24555.15,24555.15,50,24555.8,200,225,14071825
NIFTY-I.NFO,15/07/2024,09:44:37,24555.75,24555.2,25,24555.8,150,50,14071825
NIFTY-I.NFO,15/07/2024,09:44:39,24556.5,24556.55,25,24558.9,400,2825,14071825
NIFTY-I.NFO,15/07/2024,09:44:40,24556.65,24556.65,25,24558.85,100,350,14071825
NIFTY-I.NFO,15/07/2024,09:44:42,24561.9,24560.15,500,24562.55,50,3700,14071825
NIFTY-I.NFO,15/07/2024,09:44:44,24563,24560.85,350,24563,375,200,14071825
NIFTY-I.NFO,15/07/2024,09:44:45,24560.95,24560.95,50,24563,475,400,14071825
NIFTY-I.NFO,15/07/2024,09:44:47,24560.95,24560.95,25,24562.95,200,50,14071825
NIFTY-I.NFO,15/07/2024,09:44:49,24560.95,24560.9,25,24560.95,50,250,14071825
NIFTY-I.NFO,15/07/2024,09:44:50,24563,24560.6,25,24563,375,575,14071825
NIFTY-I.NFO,15/07/2024,09:44:52,24565,24562.05,25,24565,600,900,14071825
NIFTY-I.NFO,15/07/2024,09:44:53,24565,24562.5,150,24565,225,300,14071825
NIFTY-I.NFO,15/07/2024,09:44:55,24562.5,24561,50,24561.95,450,250,14071825
NIFTY-I.NFO,15/07/2024,09:44:57,24561,24560,100,24561,150,275,14071825
NIFTY-I.NFO,15/07/2024,09:44:58,24560.05,24560.1,25,24561,25,100,14071825
NIFTY-I.NFO,15/07/2024,09:45:00,24562.9,24559.65,25,24563.4,75,325,14071825
NIFTY-I.NFO,15/07/2024,09:45:02,24563.75,24561.05,25,24564.9,225,25,14071825
NIFTY-I.NFO,15/07/2024,09:45:03,24564.85,24560.5,25,24564.95,75,1200,14071825
NIFTY-I.NFO,15/07/2024,09:45:05,24562.95,24559.45,25,24563,150,150,14071825
NIFTY-I.NFO,15/07/2024,09:45:06,24564.5,24560.05,25,24563.9,200,2300,14071825
NIFTY-I.NFO,15/07/2024,09:45:08,24561.9,24560,75,24562.2,150,200,14071825
NIFTY-I.NFO,15/07/2024,09:45:10,24561.4,24560.05,25,24561.15,25,225,14071825
NIFTY-I.NFO,15/07/2024,09:45:11,24560.05,24560,525,24560.5,25,75,14071825
NIFTY-I.NFO,15/07/2024,09:45:13,24560.3,24560.05,50,24560.25,25,225,14071825
NIFTY-I.NFO,15/07/2024,09:45:14,24560.15,24560.1,100,24560.15,475,625,14071825
NIFTY-I.NFO,15/07/2024,09:45:16,24560.2,24560,375,24560.2,425,725,14071825
NIFTY-I.NFO,15/07/2024,09:45:18,24556.7,24556.8,25,24559.45,25,1350,14071825
NIFTY-I.NFO,15/07/2024,09:45:19,24559.4,24559.1,150,24559.45,425,825,14071825
NIFTY-I.NFO,15/07/2024,09:45:21,24559.65,24559.65,150,24559.95,250,675,14071825
NIFTY-I.NFO,15/07/2024,09:45:22,24559.75,24559.85,50,24559.95,375,150,14071825
NIFTY-I.NFO,15/07/2024,09:45:24,24559.95,24557.9,100,24559.95,350,325,14071825
NIFTY-I.NFO,15/07/2024,09:45:26,24564.95,24561.4,100,24565,400,450,14071825
NIFTY-I.NFO,15/07/2024,09:45:27,24562.1,24562.7,25,24565,25,825,14071825
NIFTY-I.NFO,15/07/2024,09:45:29,24564.3,24564.1,25,24565.9,25,325,14071825
NIFTY-I.NFO,15/07/2024,09:45:31,24565.8,24565.9,25,24568,675,375,14071825
NIFTY-I.NFO,15/07/2024,09:45:32,24568,24565.95,100,24568,625,50,14071825
NIFTY-I.NFO,15/07/2024,09:45:34,24564.2,24565.1,100,24568.5,375,1575,14071825
NIFTY-I.NFO,15/07/2024,09:45:36,24569.55,24565.95,75,24569.85,150,550,14071825
NIFTY-I.NFO,15/07/2024,09:45:37,24567,24566.95,25,24569.75,125,200,14071825
NIFTY-I.NFO,15/07/2024,09:45:39,24569.75,24566.85,25,24569.9,150,625,14071825
NIFTY-I.NFO,15/07/2024,09:45:41,24570,24565.6,100,24570,800,125,14071825
NIFTY-I.NFO,15/07/2024,09:45:42,24566.9,24565.4,25,24566.9,925,750,14071825
NIFTY-I.NFO,15/07/2024,09:45:44,24566.9,24565.35,75,24566.9,675,275,14071825
NIFTY-I.NFO,15/07/2024,09:45:45,24566.9,24564.1,75,24566.9,550,125,14071825
NIFTY-I.NFO,15/07/2024,09:45:47,24561.55,24560.2,25,24564.05,150,425,14087450
NIFTY-I.NFO,15/07/2024,09:45:49,24566.7,24562.75,100,24566.8,150,175,14087450
NIFTY-I.NFO,15/07/2024,09:45:50,24565.9,24561.5,100,24565.9,200,225,14087450
NIFTY-I.NFO,15/07/2024,09:45:52,24566.65,24562.6,100,24566.7,175,50,14087450
NIFTY-I.NFO,15/07/2024,09:45:54,24563.4,24563.4,50,24566.7,125,50,14087450
NIFTY-I.NFO,15/07/2024,09:45:55,24565.45,24563.85,50,24566.65,25,50,14087450
NIFTY-I.NFO,15/07/2024,09:45:57,24566.7,24562.75,100,24566.55,200,125,14087450
NIFTY-I.NFO,15/07/2024,09:45:58,24566.7,24562.75,100,24566.5,125,0,14087450
NIFTY-I.NFO,15/07/2024,09:46:00,24566.9,24565.05,100,24566.7,25,375,14087450
NIFTY-I.NFO,15/07/2024,09:46:02,24566.7,24565.95,100,24566.9,400,25,14087450
NIFTY-I.NFO,15/07/2024,09:46:03,24567.9,24564.2,25,24567.75,125,375,14087450
NIFTY-I.NFO,15/07/2024,09:46:05,24566.7,24564.85,100,24566.7,200,750,14087450
NIFTY-I.NFO,15/07/2024,09:46:07,24568.7,24564.8,100,24568.35,100,2225,14087450
NIFTY-I.NFO,15/07/2024,09:46:08,24564.8,24565.7,100,24569.3,75,3600,14087450
NIFTY-I.NFO,15/07/2024,09:46:10,24564.8,24566.1,150,24569,175,0,14087450
NIFTY-I.NFO,15/07/2024,09:46:11,24569.3,24565.8,100,24569.3,25,350,14087450
NIFTY-I.NFO,15/07/2024,09:46:13,24566.25,24566.25,75,24569.4,175,25,14087450
NIFTY-I.NFO,15/07/2024,09:46:15,24570,24565.75,25,24569.65,125,300,14087450
NIFTY-I.NFO,15/07/2024,09:46:16,24570,24566.6,100,24570,475,425,14087450
NIFTY-I.NFO,15/07/2024,09:46:18,24566.9,24565.05,100,24566.2,25,75,14087450
NIFTY-I.NFO,15/07/2024,09:46:20,24566.85,24565.05,75,24566.85,125,100,14087450
NIFTY-I.NFO,15/07/2024,09:46:21,24565.05,24565.05,100,24566.9,225,100,14087450
NIFTY-I.NFO,15/07/2024,09:46:23,24564,24563.05,100,24564,25,975,14087450
NIFTY-I.NFO,15/07/2024,09:46:24,24566,24563.55,100,24566,250,150,14087450
NIFTY-I.NFO,15/07/2024,09:46:26,24566,24564.05,150,24566.65,125,150,14087450
NIFTY-I.NFO,15/07/2024,09:46:28,24566,24564.05,150,24566.85,75,0,14087450
NIFTY-I.NFO,15/07/2024,09:46:29,24566,24564.55,100,24567.55,175,0,14087450
NIFTY-I.NFO,15/07/2024,09:46:31,24563.1,24563.2,25,24567.5,200,525,14087450
NIFTY-I.NFO,15/07/2024,09:46:32,24566.8,24563.25,100,24566.05,25,175,14087450
NIFTY-I.NFO,15/07/2024,09:46:34,24565.7,24563.25,100,24566.2,125,50,14087450
NIFTY-I.NFO,15/07/2024,09:46:36,24565.7,24563.25,100,24565.9,250,0,14087450
NIFTY-I.NFO,15/07/2024,09:46:37,24563.25,24563.25,75,24566,25,25,14087450
NIFTY-I.NFO,15/07/2024,09:46:39,24563.35,24563.35,100,24566,25,25,14087450
NIFTY-I.NFO,15/07/2024,09:46:40,24563.35,24563.35,100,24566,25,0,14087450
NIFTY-I.NFO,15/07/2024,09:46:42,24566,24563.35,75,24566,25,50,14087450
NIFTY-I.NFO,15/07/2024,09:46:44,24566.05,24566.05,50,24567.25,100,350,14087450
NIFTY-I.NFO,15/07/2024,09:46:45,24567.25,24567.4,100,24567.45,50,100,14087450
NIFTY-I.NFO,15/07/2024,09:46:47,24567.95,24566.05,100,24568.15,25,275,14087450
NIFTY-I.NFO,15/07/2024,09:46:49,24568.75,24566.05,100,24568.75,125,575,14087450
NIFTY-I.NFO,15/07/2024,09:46:50,24566.1,24566.1,25,24568.5,225,575,14087450
NIFTY-I.NFO,15/07/2024,09:46:52,24566.1,24566.1,200,24567.45,125,150,14087450
NIFTY-I.NFO,15/07/2024,09:46:53,24567.4,24566.1,200,24567.45,125,25,14087450
NIFTY-I.NFO,15/07/2024,09:46:55,24568.7,24568.7,50,24568.8,75,900,14087450
NIFTY-I.NFO,15/07/2024,09:46:57,24568.8,24564.9,100,24568.35,25,3950,14087450
NIFTY-I.NFO,15/07/2024,09:46:59,24567.3,24563.75,100,24567.2,25,50,14087450
NIFTY-I.NFO,15/07/2024,09:47:00,24562,24563,100,24566.25,25,525,14087450
NIFTY-I.NFO,15/07/2024,09:47:02,24566.05,24562.05,100,24564.15,150,1450,14087450
NIFTY-I.NFO,15/07/2024,09:47:03,24564.45,24562.05,100,24565.2,25,425,14087450
NIFTY-I.NFO,15/07/2024,09:47:05,24565.1,24562.05,100,24564.95,125,200,14087450
NIFTY-I.NFO,15/07/2024,09:47:07,24562.05,24562.05,100,24565,50,1375,14087450
NIFTY-I.NFO,15/07/2024,09:47:08,24564.2,24564.2,50,24565.75,550,100,14087450
NIFTY-I.NFO,15/07/2024,09:47:10,24565.2,24565.2,75,24565.7,125,625,14087450
NIFTY-I.NFO,15/07/2024,09:47:11,24565.2,24565.2,100,24565.75,50,200,14087450
NIFTY-I.NFO,15/07/2024,09:47:13,24565.45,24565.4,100,24565.45,25,150,14087450
NIFTY-I.NFO,15/07/2024,09:47:15,24564,24562.25,100,24564,275,425,14087450
NIFTY-I.NFO,15/07/2024,09:47:16,24564,24562.25,100,24564,200,75,14087450
NIFTY-I.NFO,15/07/2024,09:47:18,24563.85,24562.25,50,24563.8,25,100,14087450
NIFTY-I.NFO,15/07/2024,09:47:20,24563.5,24562.25,200,24563.4,25,125,14087450
NIFTY-I.NFO,15/07/2024,09:47:21,24562.45,24562.25,100,24562.55,25,300,14087450
NIFTY-I.NFO,15/07/2024,09:47:23,24562,24561.05,25,24562.4,50,175,14087450
NIFTY-I.NFO,15/07/2024,09:47:25,24561,24561,100,24562.05,50,100,14087450
NIFTY-I.NFO,15/07/2024,09:47:26,24562,24560.05,100,24561.95,25,200,14087450
NIFTY-I.NFO,15/07/2024,09:47:28,24561.55,24560.05,50,24561.5,25,100,14087450
NIFTY-I.NFO,15/07/2024,09:47:29,24561,24560,425,24561,25,125,14087450
NIFTY-I.NFO,15/07/2024,09:47:31,24557,24556.15,100,24559.5,100,800,14087450
NIFTY-I.NFO,15/07/2024,09:47:33,24560,24556.9,75,24560,775,575,14087450
NIFTY-I.NFO,15/07/2024,09:47:34,24560,24555.45,25,24559.45,50,500,14087450
NIFTY-I.NFO,15/07/2024,09:47:36,24560,24556.4,25,24560,450,100,14087450
NIFTY-I.NFO,15/07/2024,09:47:38,24561,24560,25,24560.75,25,825,14087450
NIFTY-I.NFO,15/07/2024,09:47:39,24560.05,24560.05,50,24561,50,175,14087450
NIFTY-I.NFO,15/07/2024,09:47:41,24562,24561.05,50,24562,200,75,14087450
NIFTY-I.NFO,15/07/2024,09:47:43,24562,24562.05,100,24563,125,1200,14087450
NIFTY-I.NFO,15/07/2024,09:47:44,24562.8,24562.05,75,24562.5,25,125,14087450
NIFTY-I.NFO,15/07/2024,09:47:46,24561.05,24561,25,24561.5,100,200,14087450
NIFTY-I.NFO,15/07/2024,09:47:48,24560.95,24557.35,100,24560.85,25,525,14087450
NIFTY-I.NFO,15/07/2024,09:47:49,24560.35,24558.05,100,24560.45,25,75,14087450
NIFTY-I.NFO,15/07/2024,09:47:51,24560.25,24558.05,25,24560.2,175,100,14087450
NIFTY-I.NFO,15/07/2024,09:47:53,24560.25,24558.05,25,24560.45,50,0,14087450
NIFTY-I.NFO,15/07/2024,09:47:54,24558.05,24558.05,100,24559.65,200,400,14087450
NIFTY-I.NFO,15/07/2024,09:47:56,24557.85,24556.05,100,24557.85,25,475,14087450
NIFTY-I.NFO,15/07/2024,09:47:58,24556,24555.05,100,24556,250,575,14087450
NIFTY-I.NFO,15/07/2024,09:47:59,24556,24555.15,75,24557.85,25,275,14087450
NIFTY-I.NFO,15/07/2024,09:48:01,24557.05,24555.15,25,24557.05,25,100,14087450
NIFTY-I.NFO,15/07/2024,09:48:02,24557.05,24555.15,25,24557,25,0,14087450
NIFTY-I.NFO,15/07/2024,09:48:04,24560.05,24560.05,75,24561.15,100,275,14087450
NIFTY-I.NFO,15/07/2024,09:48:06,24557.6,24558.1,25,24561.15,25,200,14087450
NIFTY-I.NFO,15/07/2024,09:48:07,24562.6,24561.15,100,24562.65,100,1125,14087450
NIFTY-I.NFO,15/07/2024,09:48:09,24556.55,24556.75,100,24559.95,150,550,14087450
NIFTY-I.NFO,15/07/2024,09:48:11,24555.85,24555.85,75,24558.7,25,250,14087450
NIFTY-I.NFO,15/07/2024,09:48:12,24558.8,24556.05,100,24558.85,75,350,14087450
NIFTY-I.NFO,15/07/2024,09:48:14,24558.85,24556.6,100,24560,25,50,14087450
NIFTY-I.NFO,15/07/2024,09:48:16,24560,24557.75,75,24560.9,50,50,14087450
NIFTY-I.NFO,15/07/2024,09:48:17,24557.5,24557.4,100,24561.15,100,650,14087450
NIFTY-I.NFO,15/07/2024,09:48:19,24559.4,24557.5,100,24559.85,50,425,14087450
NIFTY-I.NFO,15/07/2024,09:48:21,24556,24559.7,100,24559.85,25,250,14087450
NIFTY-I.NFO,15/07/2024,09:48:22,24560.7,24559.8,100,24560.2,25,75,14087450
NIFTY-I.NFO,15/07/2024,09:48:24,24559.65,24558,25,24559.7,25,475,14087450
NIFTY-I.NFO,15/07/2024,09:48:25,24559.55,24559.55,50,24559.9,200,25,14087450
NIFTY-I.NFO,15/07/2024,09:48:27,24558.05,24558.05,50,24559.85,25,100,14087450
NIFTY-I.NFO,15/07/2024,09:48:29,24559.75,24559.75,50,24560,25,250,14087450
NIFTY-I.NFO,15/07/2024,09:48:30,24559.8,24559.8,150,24560,150,900,14087450
NIFTY-I.NFO,15/07/2024,09:48:32,24560,24560,175,24560.2,25,375,14087450
NIFTY-I.NFO,15/07/2024,09:48:34,24559.75,24559.35,100,24559.75,400,575,14087450
NIFTY-I.NFO,15/07/2024,09:48:35,24562.45,24559.75,100,24564.1,75,775,14087450
NIFTY-I.NFO,15/07/2024,09:48:37,24561.65,24559.55,100,24560.25,325,50,14087450
NIFTY-I.NFO,15/07/2024,09:48:39,24559.95,24559.75,75,24560,100,50,14087450
NIFTY-I.NFO,15/07/2024,09:48:40,24561,24560,75,24561.3,125,525,14087450
NIFTY-I.NFO,15/07/2024,09:48:42,24562,24558.1,100,24561.45,25,275,14087450
NIFTY-I.NFO,15/07/2024,09:48:44,24558.1,24558.05,100,24560,175,325,14087450
NIFTY-I.NFO,15/07/2024,09:48:45,24561.1,24558.05,75,24561.2,25,125,14087450
NIFTY-I.NFO,15/07/2024,09:48:47,24558.05,24558.05,100,24560.35,75,400,14098075
NIFTY-I.NFO,15/07/2024,09:48:48,24560,24558.05,100,24560,175,100,14098075
NIFTY-I.NFO,15/07/2024,09:48:50,24560,24560,50,24560.45,125,375,14098075
NIFTY-I.NFO,15/07/2024,09:48:52,24560,24558.05,50,24559.75,125,50,14098075
NIFTY-I.NFO,15/07/2024,09:48:53,24560,24558.05,50,24559.85,25,0,14098075
NIFTY-I.NFO,15/07/2024,09:48:55,24558.05,24558.05,100,24559.85,25,50,14098075
NIFTY-I.NFO,15/07/2024,09:48:57,24559.85,24558.05,75,24559.6,50,50,14098075
NIFTY-I.NFO,15/07/2024,09:48:58,24557.9,24556.05,25,24557.75,25,225,14098075
NIFTY-I.NFO,15/07/2024,09:49:00,24556.85,24555.45,100,24557.9,75,250,14098075
NIFTY-I.NFO,15/07/2024,09:49:02,24555.75,24555.75,100,24559.6,50,325,14098075
NIFTY-I.NFO,15/07/2024,09:49:03,24559.2,24556.1,100,24558.8,25,400,14098075
NIFTY-I.NFO,15/07/2024,09:49:05,24556.05,24556.05,300,24556.1,250,250,14098075
NIFTY-I.NFO,15/07/2024,09:49:07,24559.05,24559.05,125,24559.8,50,975,14098075
NIFTY-I.NFO,15/07/2024,09:49:08,24562,24562,75,24562.45,25,325,14098075
NIFTY-I.NFO,15/07/2024,09:49:10,24559.65,24560.1,25,24562,250,325,14098075
NIFTY-I.NFO,15/07/2024,09:49:12,24562,24559.45,25,24562.45,25,275,14098075
NIFTY-I.NFO,15/07/2024,09:49:13,24559.45,24559.35,25,24561.95,25,300,14098075
NIFTY-I.NFO,15/07/2024,09:49:15,24559.35,24557.9,100,24559.3,25,100,14098075
NIFTY-I.NFO,15/07/2024,09:49:17,24559.3,24557.9,100,24560.1,250,25,14098075
NIFTY-I.NFO,15/07/2024,09:49:19,24557.9,24557.45,25,24560.1,250,250,14098075
NIFTY-I.NFO,15/07/2024,09:49:20,24560.1,24557.5,100,24560.1,175,75,14098075
NIFTY-I.NFO,15/07/2024,09:49:22,24563.55,24560.6,150,24563.75,25,1075,14098075
NIFTY-I.NFO,15/07/2024,09:49:23,24563.95,24563.95,150,24564.2,75,150,14098075
NIFTY-I.NFO,15/07/2024,09:49:25,24560.15,24560.6,50,24563.95,250,150,14098075
NIFTY-I.NFO,15/07/2024,09:49:27,24562,24560.25,50,24563.75,25,75,14098075
NIFTY-I.NFO,15/07/2024,09:49:28,24564.15,24560.2,50,24560.25,250,25,14098075
NIFTY-I.NFO,15/07/2024,09:49:30,24560.4,24560.2,100,24563.15,300,400,14098075
NIFTY-I.NFO,15/07/2024,09:49:32,24560.4,24560.15,50,24563.95,25,300,14098075
NIFTY-I.NFO,15/07/2024,09:49:33,24563.8,24563.75,1600,24564.15,125,775,14098075
NIFTY-I.NFO,15/07/2024,09:49:35,24564.25,24564.25,50,24564.3,25,425,14098075
NIFTY-I.NFO,15/07/2024,09:49:37,24564.45,24564,50,24564.25,25,275,14098075
NIFTY-I.NFO,15/07/2024,09:49:38,24564.25,24563.8,100,24564.3,25,200,14098075
NIFTY-I.NFO,15/07/2024,09:49:40,24564.15,24563.8,100,24564.15,1225,300,14098075
