Ticker,Date,Time,LTP,BuyPrice,BuyQty,SellPrice,SellQty,LTQ,OpenInterest
NIFTY-II.NFO,15/07/2024,09:15:00,24700,24678,100,24700.85,25,225,0
NIFTY-II.NFO,15/07/2024,09:15:00,24700,24678,100,24700.85,25,0,0
NIFTY-II.NFO,15/07/2024,09:15:00,24700,24678,100,24700.85,25,0,0
NIFTY-II.NFO,15/07/2024,09:15:00,24675.05,24678,100,24700.85,25,0,0
NIFTY-II.NFO,15/07/2024,09:15:01,24682,24682,100,24691.95,50,25,1820075
NIFTY-II.NFO,15/07/2024,09:15:02,24676.85,24676.85,100,24681.6,75,350,1820075
NIFTY-II.NFO,15/07/2024,09:15:03,24686.5,24676.8,100,24687.95,50,150,1820075
NIFTY-II.NFO,15/07/2024,09:15:04,24676.7,24676.4,100,24686.15,125,75,1820075
NIFTY-II.NFO,15/07/2024,09:15:05,24675,24677.2,25,24680.7,100,150,1820075
NIFTY-II.NFO,15/07/2024,09:15:05,24675,24677.2,25,24680.7,100,0,1820075
NIFTY-II.NFO,15/07/2024,09:15:06,24675.25,24673.7,50,24681.85,100,75,1820075
NIFTY-II.NFO,15/07/2024,09:15:06,24673.1,24673.7,50,24681.85,100,0,1820075
NIFTY-II.NFO,15/07/2024,09:15:08,24674.8,24675.35,100,24684.45,50,225,1820075
NIFTY-II.NFO,15/07/2024,09:15:09,24675.4,24674.5,100,24684.25,100,50,1820075
NIFTY-II.NFO,15/07/2024,09:15:10,24675.6,24675.5,100,24685.95,100,50,1820075
NIFTY-II.NFO,15/07/2024,09:15:12,24678.4,24679.3,25,24685.3,25,75,1820075
NIFTY-II.NFO,15/07/2024,09:15:13,24678.8,24678.75,200,24687.95,150,175,1820075
NIFTY-II.NFO,15/07/2024,09:15:14,24682.2,24680.6,200,24684,25,25,1820075
NIFTY-II.NFO,15/07/2024,09:15:16,24679.45,24681.85,275,24684,25,75,1820075
NIFTY-II.NFO,15/07/2024,09:15:17,24681.9,24683,525,24690.05,100,325,1820075
NIFTY-II.NFO,15/07/2024,09:15:18,24682.35,24682.9,75,24690.4,100,75,1820075
NIFTY-II.NFO,15/07/2024,09:15:20,24682.85,24682.95,50,24689.95,100,150,1820075
NIFTY-II.NFO,15/07/2024,09:15:21,24686.5,24686.5,450,24690,25,125,1820075
NIFTY-II.NFO,15/07/2024,09:15:22,24688.05,24688.1,200,24690,50,225,1820075
NIFTY-II.NFO,15/07/2024,09:15:24,24689.4,24689.35,375,24692,50,125,1820075
NIFTY-II.NFO,15/07/2024,09:15:25,24692,24690,525,24692,25,25,1820075
NIFTY-II.NFO,15/07/2024,09:15:26,24689.4,24689.1,125,24692.15,25,125,1820075
NIFTY-II.NFO,15/07/2024,09:15:28,24688.55,24688.55,100,24692,25,525,1820075
NIFTY-II.NFO,15/07/2024,09:15:29,24690,24689.5,350,24690,100,25,1820075
NIFTY-II.NFO,15/07/2024,09:15:30,24690.1,24690,100,24690.1,225,125,1820075
NIFTY-II.NFO,15/07/2024,09:15:32,24690,24690,50,24692,50,325,1820075
NIFTY-II.NFO,15/07/2024,09:15:33,24690,24688.15,125,24691.9,25,125,1820075
NIFTY-II.NFO,15/07/2024,09:15:34,24689.35,24688.05,25,24690,150,25,1820075
NIFTY-II.NFO,15/07/2024,09:15:36,24686.5,24686,325,24689.85,75,200,1820075
NIFTY-II.NFO,15/07/2024,09:15:37,24686.25,24684,300,24688,175,100,1820075
NIFTY-II.NFO,15/07/2024,09:15:38,24683.75,24683.5,325,24687.6,75,25,1820075
NIFTY-II.NFO,15/07/2024,09:15:40,24683.75,24684.5,300,24688,125,75,1820075
NIFTY-II.NFO,15/07/2024,09:15:41,24688,24684.5,275,24688.05,200,100,1821075
NIFTY-II.NFO,15/07/2024,09:15:42,24688,24686.65,600,24688.05,200,0,1821075
NIFTY-II.NFO,15/07/2024,09:15:44,24686.2,24686,550,24689,25,325,1821075
NIFTY-II.NFO,15/07/2024,09:15:45,24686.2,24686.05,550,24689,25,0,1821075
NIFTY-II.NFO,15/07/2024,09:15:46,24689,24688.05,25,24689.35,50,25,1821075
NIFTY-II.NFO,15/07/2024,09:15:48,24689.35,24688.05,25,24690,625,50,1821075
NIFTY-II.NFO,15/07/2024,09:15:49,24685,24685.05,125,24689.95,175,175,1821075
NIFTY-II.NFO,15/07/2024,09:15:50,24686.25,24686.35,225,24690,625,25,1821075
NIFTY-II.NFO,15/07/2024,09:15:52,24690,24686.7,200,24689.35,25,100,1821075
NIFTY-II.NFO,15/07/2024,09:15:53,24686.6,24686.35,200,24689.35,25,125,1821075
NIFTY-II.NFO,15/07/2024,09:15:54,24689.35,24686.85,150,24689.35,25,75,1821075
NIFTY-II.NFO,15/07/2024,09:15:56,24687.25,24689,25,24689.35,25,25,1821075
NIFTY-II.NFO,15/07/2024,09:15:57,24686.8,24687.4,100,24689.35,50,50,1821075
NIFTY-II.NFO,15/07/2024,09:15:58,24689.35,24687.5,75,24689.35,50,50,1821075
NIFTY-II.NFO,15/07/2024,09:16:00,24689.35,24686.65,75,24689.35,50,0,1821075
NIFTY-II.NFO,15/07/2024,09:16:01,24688.8,24688.95,50,24690,525,200,1821075
NIFTY-II.NFO,15/07/2024,09:16:02,24691,24690.35,125,24691.9,25,825,1821075
NIFTY-II.NFO,15/07/2024,09:16:04,24691.9,24691.6,125,24692,50,25,1821075
NIFTY-II.NFO,15/07/2024,09:16:05,24691.9,24690.25,125,24692,50,0,1821075
NIFTY-II.NFO,15/07/2024,09:16:07,24693.25,24693.2,125,24695,75,375,1821075
NIFTY-II.NFO,15/07/2024,09:16:08,24696,24692,25,24696.95,150,200,1821075
NIFTY-II.NFO,15/07/2024,09:16:09,24693.4,24693.4,75,24697,25,75,1821075
NIFTY-II.NFO,15/07/2024,09:16:11,24693.35,24693.35,250,24697,25,25,1821075
NIFTY-II.NFO,15/07/2024,09:16:12,24693.35,24695,25,24697,25,0,1821075
NIFTY-II.NFO,15/07/2024,09:16:14,24695,24694.25,325,24696,25,25,1821075
NIFTY-II.NFO,15/07/2024,09:16:15,24697,24697,25,24698,500,100,1821075
NIFTY-II.NFO,15/07/2024,09:16:16,24697,24695.75,350,24698,450,75,1821075
NIFTY-II.NFO,15/07/2024,09:16:18,24696.05,24696.4,250,24698,450,75,1821075
NIFTY-II.NFO,15/07/2024,09:16:19,24696.4,24696.3,275,24698,425,50,1821075
NIFTY-II.NFO,15/07/2024,09:16:20,24698,24696.75,250,24698,225,400,1821075
NIFTY-II.NFO,15/07/2024,09:16:22,24696.75,24696.45,50,24698,25,325,1821075
NIFTY-II.NFO,15/07/2024,09:16:23,24696.75,24697.1,50,24698,50,0,1821075
NIFTY-II.NFO,15/07/2024,09:16:24,24698,24696.3,375,24699,125,50,1821075
NIFTY-II.NFO,15/07/2024,09:16:26,24699,24698.1,250,24699.85,50,200,1821075
NIFTY-II.NFO,15/07/2024,09:16:27,24698.5,24698.15,250,24699.85,50,50,1821075
NIFTY-II.NFO,15/07/2024,09:16:28,24698.5,24698.7,50,24699.85,50,0,1821075
NIFTY-II.NFO,15/07/2024,09:16:30,24699.85,24699.35,150,24699.9,25,400,1821075
NIFTY-II.NFO,15/07/2024,09:16:31,24700,24699.75,25,24700,1500,175,1821075
NIFTY-II.NFO,15/07/2024,09:16:32,24700,24699.8,25,24700,1400,125,1821075
NIFTY-II.NFO,15/07/2024,09:16:34,24699.45,24697.05,25,24699.25,50,50,1821075
NIFTY-II.NFO,15/07/2024,09:16:35,24697.3,24697.5,150,24699.5,25,100,1821075
NIFTY-II.NFO,15/07/2024,09:16:36,24699.5,24697.25,50,24700,1500,50,1821075
NIFTY-II.NFO,15/07/2024,09:16:38,24700,24699.25,125,24700,1475,25,1821075
NIFTY-II.NFO,15/07/2024,09:16:39,24699.45,24699.4,25,24700,1625,25,1821075
NIFTY-II.NFO,15/07/2024,09:16:40,24700,24699.35,25,24699.95,100,450,1821075
NIFTY-II.NFO,15/07/2024,09:16:42,24699.15,24695.45,25,24699.1,150,325,1821075
NIFTY-II.NFO,15/07/2024,09:16:43,24695.45,24695.7,50,24699.5,25,225,1821075
NIFTY-II.NFO,15/07/2024,09:16:45,24695.7,24695.7,25,24699.45,125,25,1821075
NIFTY-II.NFO,15/07/2024,09:16:46,24695.7,24695.45,100,24699.45,125,25,1821075
NIFTY-II.NFO,15/07/2024,09:16:47,24695.7,24698,25,24699.5,25,0,1821075
NIFTY-II.NFO,15/07/2024,09:16:49,24695.45,24695.45,75,24700,1650,150,1821075
NIFTY-II.NFO,15/07/2024,09:16:50,24695.45,24699.15,25,24700,1575,75,1821075
NIFTY-II.NFO,15/07/2024,09:16:51,24695.7,24695.4,25,24700,1650,50,1821075
NIFTY-II.NFO,15/07/2024,09:16:53,24695.4,24694.9,25,24699,425,50,1821075
NIFTY-II.NFO,15/07/2024,09:16:54,24695.4,24694.9,25,24699,425,0,1821075
NIFTY-II.NFO,15/07/2024,09:16:57,24695.4,24694.9,25,24699,425,75,1821075
NIFTY-II.NFO,15/07/2024,09:16:58,24695.4,24694.95,25,24695.45,50,0,1821075
NIFTY-II.NFO,15/07/2024,09:17:00,24695,24694.95,25,24695,875,25,1821075
NIFTY-II.NFO,15/07/2024,09:17:01,24695,24692,25,24694.5,425,250,1821075
NIFTY-II.NFO,15/07/2024,09:17:02,24693.5,24692.05,25,24693.25,425,25,1821075
NIFTY-II.NFO,15/07/2024,09:17:04,24692.5,24690,600,24693.75,75,250,1821075
NIFTY-II.NFO,15/07/2024,09:17:05,24693.75,24690.25,50,24693.5,25,350,1821075
NIFTY-II.NFO,15/07/2024,09:17:06,24693.5,24692.1,100,24695,725,25,1821075
NIFTY-II.NFO,15/07/2024,09:17:08,24695,24693.35,125,24695,575,775,1821075
NIFTY-II.NFO,15/07/2024,09:17:09,24694.2,24694.85,100,24699,475,725,1821075
NIFTY-II.NFO,15/07/2024,09:17:10,24694.8,24694.95,100,24699,175,450,1821075
NIFTY-II.NFO,15/07/2024,09:17:12,24695,24695.45,200,24697,25,25,1821075
NIFTY-II.NFO,15/07/2024,09:17:13,24694.8,24694.7,125,24697,25,25,1821075
NIFTY-II.NFO,15/07/2024,09:17:15,24695,24694.1,325,24697,25,50,1821075
NIFTY-II.NFO,15/07/2024,09:17:16,24698.95,24694.7,25,24699,175,75,1821075
NIFTY-II.NFO,15/07/2024,09:17:18,24694,24693.3,25,24698.95,225,150,1821075
NIFTY-II.NFO,15/07/2024,09:17:19,24698.95,24693.3,50,24698.9,150,25,1821075
NIFTY-II.NFO,15/07/2024,09:17:20,24698.95,24690.95,50,24695.7,25,0,1821075
NIFTY-II.NFO,15/07/2024,09:17:22,24698.95,24691.75,50,24695.7,25,0,1821075
NIFTY-II.NFO,15/07/2024,09:17:23,24692.75,24692.15,25,24695.7,25,25,1821075
NIFTY-II.NFO,15/07/2024,09:17:25,24694,24691.8,250,24695.7,25,75,1821075
NIFTY-II.NFO,15/07/2024,09:17:26,24696.15,24691.85,250,24697,50,75,1821075
NIFTY-II.NFO,15/07/2024,09:17:28,24696.15,24691.95,75,24697,50,0,1821075
NIFTY-II.NFO,15/07/2024,09:17:29,24691.95,24691.95,25,24696,25,50,1821075
NIFTY-II.NFO,15/07/2024,09:17:31,24691.95,24692,25,24696,25,0,1821075
NIFTY-II.NFO,15/07/2024,09:17:32,24692,24692,25,24695.95,100,25,1821075
NIFTY-II.NFO,15/07/2024,09:17:34,24691.95,24691.1,125,24694,25,50,1821075
NIFTY-II.NFO,15/07/2024,09:17:35,24695.45,24690.55,125,24695.75,175,200,1821075
NIFTY-II.NFO,15/07/2024,09:17:37,24690.4,24690.15,250,24695.75,225,225,1821075
NIFTY-II.NFO,15/07/2024,09:17:38,24690,24690,125,24695.4,150,100,1821075
NIFTY-II.NFO,15/07/2024,09:17:40,24690,24690.05,25,24695.4,150,100,1821075
NIFTY-II.NFO,15/07/2024,09:17:41,24690,24690,25,24695.4,225,75,1821075
NIFTY-II.NFO,15/07/2024,09:17:43,24690,24689,250,24695.4,225,25,1821075
NIFTY-II.NFO,15/07/2024,09:17:44,24690,24688.3,250,24695.25,225,450,1821075
NIFTY-II.NFO,15/07/2024,09:17:45,24690,24688.25,125,24694.95,225,0,1821075
NIFTY-II.NFO,15/07/2024,09:17:47,24688.6,24689,25,24692,25,100,1821075
NIFTY-II.NFO,15/07/2024,09:17:48,24688.6,24689.2,25,24692,25,0,1821075
NIFTY-II.NFO,15/07/2024,09:17:50,24690,24689.35,25,24692,25,25,1821075
NIFTY-II.NFO,15/07/2024,09:17:51,24692,24688.55,50,24693.95,150,25,1821075
NIFTY-II.NFO,15/07/2024,09:17:53,24693.95,24688.55,50,24691,25,50,1821075
NIFTY-II.NFO,15/07/2024,09:17:54,24688.55,24689.2,25,24691,25,25,1821075
NIFTY-II.NFO,15/07/2024,09:17:56,24691,24690.7,25,24694,25,25,1821075
NIFTY-II.NFO,15/07/2024,09:17:58,24690.85,24690.85,275,24693.95,25,625,1821075
NIFTY-II.NFO,15/07/2024,09:17:59,24690.85,24691.7,75,24693.95,25,0,1821075
NIFTY-II.NFO,15/07/2024,09:18:00,24693.95,24691.7,75,24693.95,100,25,1821075
NIFTY-II.NFO,15/07/2024,09:18:02,24690.85,24689.8,75,24693.95,100,25,1821075
NIFTY-II.NFO,15/07/2024,09:18:03,24690.85,24690,200,24693.95,100,0,1821075
NIFTY-II.NFO,15/07/2024,09:18:05,24690.3,24691.1,25,24693,25,25,1821075
NIFTY-II.NFO,15/07/2024,09:18:06,24690.2,24690.15,125,24693,50,50,1821075
NIFTY-II.NFO,15/07/2024,09:18:08,24693,24691.75,125,24693,25,25,1821075
NIFTY-II.NFO,15/07/2024,09:18:09,24693.95,24690.65,25,24693.95,75,50,1821075
NIFTY-II.NFO,15/07/2024,09:18:11,24693.95,24690.95,200,24693.95,75,0,1821075
NIFTY-II.NFO,15/07/2024,09:18:12,24693.95,24691.45,25,24693.95,75,0,1821075
NIFTY-II.NFO,15/07/2024,09:18:14,24694,24694,25,24694.9,25,200,1821075
NIFTY-II.NFO,15/07/2024,09:18:15,24692.5,24692.25,25,24695,500,250,1821075
NIFTY-II.NFO,15/07/2024,09:18:16,24693.95,24693.05,25,24695,475,50,1821075
NIFTY-II.NFO,15/07/2024,09:18:18,24693.95,24693.95,25,24695,575,0,1821075
NIFTY-II.NFO,15/07/2024,09:18:20,24693.95,24693.95,25,24695,625,0,1821075
NIFTY-II.NFO,15/07/2024,09:18:21,24693.95,24693.95,25,24695,575,0,1821075
NIFTY-II.NFO,15/07/2024,09:18:23,24693.95,24692.4,25,24695,575,25,1821075
NIFTY-II.NFO,15/07/2024,09:18:25,24693.95,24690.95,325,24695,625,0,1821075
NIFTY-II.NFO,15/07/2024,09:18:26,24693.95,24689.4,450,24694.95,225,0,1821075
NIFTY-II.NFO,15/07/2024,09:18:28,24693.95,24690.2,450,24694.95,225,0,1821075
NIFTY-II.NFO,15/07/2024,09:18:29,24693.95,24690.7,25,24695,700,0,1821075
NIFTY-II.NFO,15/07/2024,09:18:31,24694.95,24690.9,25,24694.95,225,25,1821075
NIFTY-II.NFO,15/07/2024,09:18:33,24694.95,24690.95,25,24693.9,225,0,1821075
NIFTY-II.NFO,15/07/2024,09:18:36,24693.9,24692.05,25,24693.85,225,25,1821075
NIFTY-II.NFO,15/07/2024,09:18:38,24690,24688.8,225,24693.85,225,150,1821075
NIFTY-II.NFO,15/07/2024,09:18:39,24688.8,24688.1,200,24693.25,150,25,1821075
NIFTY-II.NFO,15/07/2024,09:18:41,24688.55,24689.3,25,24693.8,150,25,1821075
NIFTY-II.NFO,15/07/2024,09:18:42,24689.3,24688.9,200,24693.5,225,25,1824425
NIFTY-II.NFO,15/07/2024,09:18:44,24689.3,24688.5,125,24693.15,150,0,1824425
NIFTY-II.NFO,15/07/2024,09:18:46,24688,24686.45,125,24689.9,150,175,1824425
NIFTY-II.NFO,15/07/2024,09:18:47,24691.4,24687.05,100,24691.4,175,225,1824425
NIFTY-II.NFO,15/07/2024,09:18:49,24690,24688.15,75,24692.75,225,50,1824425
NIFTY-II.NFO,15/07/2024,09:18:50,24688.1,24687.9,25,24692.6,225,75,1824425
NIFTY-II.NFO,15/07/2024,09:18:52,24688,24686.5,150,24690.85,100,475,1824425
NIFTY-II.NFO,15/07/2024,09:18:54,24686.45,24686,50,24689.95,150,50,1824425
NIFTY-II.NFO,15/07/2024,09:18:55,24686.45,24686,50,24689.95,100,0,1824425
NIFTY-II.NFO,15/07/2024,09:18:57,24686,24685,25,24688.1,1050,150,1824425
NIFTY-II.NFO,15/07/2024,09:18:59,24686,24685,25,24687.45,75,0,1824425
NIFTY-II.NFO,15/07/2024,09:19:00,24688.1,24686,25,24688.1,975,50,1824425
NIFTY-II.NFO,15/07/2024,09:19:02,24688.1,24685.45,125,24688.1,900,100,1824425
NIFTY-II.NFO,15/07/2024,09:19:04,24685,24683.3,25,24686.4,125,25,1824425
NIFTY-II.NFO,15/07/2024,09:19:05,24685,24683.7,125,24688.1,900,50,1824425
NIFTY-II.NFO,15/07/2024,09:19:07,24688.1,24688,50,24688.1,700,400,1824425
NIFTY-II.NFO,15/07/2024,09:19:08,24688,24688,25,24688.1,650,25,1824425
NIFTY-II.NFO,15/07/2024,09:19:10,24688,24686.45,200,24688.1,650,50,1824425
NIFTY-II.NFO,15/07/2024,09:19:12,24688,24686.45,200,24688.1,650,0,1824425
NIFTY-II.NFO,15/07/2024,09:19:13,24686.45,24688,25,24688.1,575,150,1824425
NIFTY-II.NFO,15/07/2024,09:19:15,24688.1,24686.45,125,24688.1,450,150,1824425
NIFTY-II.NFO,15/07/2024,09:19:17,24690,24686.75,175,24690,275,575,1824425
NIFTY-II.NFO,15/07/2024,09:19:18,24688.55,24687.6,450,24690,275,225,1824425
NIFTY-II.NFO,15/07/2024,09:19:20,24688,24687.85,100,24690,275,25,1824425
NIFTY-II.NFO,15/07/2024,09:19:22,24688.1,24688.1,50,24690,275,25,1824425
NIFTY-II.NFO,15/07/2024,09:19:23,24688.1,24688.1,50,24690,275,0,1824425
NIFTY-II.NFO,15/07/2024,09:19:26,24688.65,24688.45,575,24690,275,75,1824425
NIFTY-II.NFO,15/07/2024,09:19:28,24690,24689.3,100,24690.9,25,375,1824425
NIFTY-II.NFO,15/07/2024,09:19:29,24690,24689.3,175,24690.9,25,50,1824425
NIFTY-II.NFO,15/07/2024,09:19:31,24689.7,24689.9,50,24693.9,25,475,1824425
NIFTY-II.NFO,15/07/2024,09:19:33,24693.85,24689.35,25,24693.6,150,25,1824425
NIFTY-II.NFO,15/07/2024,09:19:34,24689.45,24690,100,24693.85,150,100,1824425
NIFTY-II.NFO,15/07/2024,09:19:36,24690.05,24690,75,24693.85,150,50,1824425
NIFTY-II.NFO,15/07/2024,09:19:38,24693.85,24690,75,24693.9,25,25,1824425
NIFTY-II.NFO,15/07/2024,09:19:39,24693.85,24689.4,25,24692,250,125,1824425
NIFTY-II.NFO,15/07/2024,09:19:41,24689.4,24688.15,25,24691.95,75,50,1824425
NIFTY-II.NFO,15/07/2024,09:19:42,24689.4,24688.45,100,24692,225,0,1824425
NIFTY-II.NFO,15/07/2024,09:19:44,24692,24688.65,25,24692,200,25,1824425
NIFTY-II.NFO,15/07/2024,09:19:46,24691.95,24688.15,25,24692,200,25,1824425
NIFTY-II.NFO,15/07/2024,09:19:47,24692,24688.2,25,24691.95,50,25,1824425
NIFTY-II.NFO,15/07/2024,09:19:49,24692,24689.3,375,24692,175,0,1824425
NIFTY-II.NFO,15/07/2024,09:19:50,24692,24689.4,25,24692,200,0,1824425
NIFTY-II.NFO,15/07/2024,09:19:52,24692,24690.15,25,24692,175,25,1824425
NIFTY-II.NFO,15/07/2024,09:19:54,24692,24690.9,375,24692,175,0,1824425
NIFTY-II.NFO,15/07/2024,09:19:55,24690.25,24691,375,24692,175,25,1824425
NIFTY-II.NFO,15/07/2024,09:19:57,24690.25,24690.15,25,24692,175,0,1824425
NIFTY-II.NFO,15/07/2024,09:19:58,24692,24691.1,375,24692,100,100,1824425
NIFTY-II.NFO,15/07/2024,09:20:00,24690.3,24689.4,25,24691.95,100,100,1824425
NIFTY-II.NFO,15/07/2024,09:20:02,24691.9,24688.1,25,24691.9,75,50,1824425
NIFTY-II.NFO,15/07/2024,09:20:03,24691.9,24688.1,25,24691.9,150,0,1824425
NIFTY-II.NFO,15/07/2024,09:20:05,24691.9,24688.15,25,24692,225,0,1824425
NIFTY-II.NFO,15/07/2024,09:20:06,24692,24688.15,25,24692,175,50,1824425
NIFTY-II.NFO,15/07/2024,09:20:08,24692,24688.15,25,24691.85,75,0,1824425
NIFTY-II.NFO,15/07/2024,09:20:09,24686.65,24688.2,375,24691.9,25,75,1824425
NIFTY-II.NFO,15/07/2024,09:20:11,24690.45,24690.45,250,24692,200,50,1824425
NIFTY-II.NFO,15/07/2024,09:20:13,24692,24690.4,25,24692,25,175,1824425
NIFTY-II.NFO,15/07/2024,09:20:14,24694.6,24689.5,175,24694.95,25,500,1824425
NIFTY-II.NFO,15/07/2024,09:20:16,24694.6,24688.75,75,24694.95,150,0,1824425
NIFTY-II.NFO,15/07/2024,09:20:18,24686.45,24686.45,75,24690.45,75,100,1824425
NIFTY-II.NFO,15/07/2024,09:20:19,24690.45,24686.45,75,24692.1,125,75,1824425
NIFTY-II.NFO,15/07/2024,09:20:21,24690,24686.45,50,24692.1,125,50,1824425
NIFTY-II.NFO,15/07/2024,09:20:23,24690,24687,25,24691.55,250,0,1824425
NIFTY-II.NFO,15/07/2024,09:20:24,24690,24687,25,24691.5,175,0,1824425
NIFTY-II.NFO,15/07/2024,09:20:26,24690,24687,25,24690.65,250,0,1824425
NIFTY-II.NFO,15/07/2024,09:20:27,24690,24687,25,24689.85,125,0,1824425
NIFTY-II.NFO,15/07/2024,09:20:29,24690,24687,25,24689.7,250,0,1824425
NIFTY-II.NFO,15/07/2024,09:20:31,24685,24683,50,24686,150,200,1824425
NIFTY-II.NFO,15/07/2024,09:20:32,24683,24683,25,24686,150,50,1824425
NIFTY-II.NFO,15/07/2024,09:20:34,24683,24682,125,24686,125,50,1824425
NIFTY-II.NFO,15/07/2024,09:20:36,24680.35,24680,400,24683.95,150,200,1824425
NIFTY-II.NFO,15/07/2024,09:20:37,24680,24680,375,24682.9,125,25,1824425
NIFTY-II.NFO,15/07/2024,09:20:39,24680,24680,375,24683.95,125,0,1824425
NIFTY-II.NFO,15/07/2024,09:20:41,24680,24680,375,24683.95,75,0,1824425
NIFTY-II.NFO,15/07/2024,09:20:42,24683.35,24680,375,24683.35,125,50,1824425
NIFTY-II.NFO,15/07/2024,09:20:44,24683.35,24680,375,24683.35,125,0,1824425
NIFTY-II.NFO,15/07/2024,09:20:46,24683.35,24680,375,24681.95,250,0,1824425
NIFTY-II.NFO,15/07/2024,09:20:47,24681.6,24680,350,24681.6,100,50,1824425
NIFTY-II.NFO,15/07/2024,09:20:49,24681.6,24680,350,24682,250,0,1824425
NIFTY-II.NFO,15/07/2024,09:20:51,24680,24677.35,100,24680,725,425,1824425
NIFTY-II.NFO,15/07/2024,09:20:52,24675.05,24675.05,175,24680,675,100,1824425
NIFTY-II.NFO,15/07/2024,09:20:54,24680,24675.05,100,24679.95,150,75,1824425
NIFTY-II.NFO,15/07/2024,09:20:56,24680,24675.05,100,24680,775,0,1824425
NIFTY-II.NFO,15/07/2024,09:20:57,24675,24675.7,50,24680,900,3700,1824425
NIFTY-II.NFO,15/07/2024,09:20:59,24674,24673.95,400,24680,850,225,1824425
NIFTY-II.NFO,15/07/2024,09:21:01,24674,24674.7,125,24680,750,0,1824425
NIFTY-II.NFO,15/07/2024,09:21:02,24680,24675.35,25,24680,650,125,1824425
NIFTY-II.NFO,15/07/2024,09:21:04,24680,24676.3,500,24680,900,25,1824425
NIFTY-II.NFO,15/07/2024,09:21:06,24680,24676.3,500,24680,900,0,1824425
NIFTY-II.NFO,15/07/2024,09:21:07,24677.15,24676.05,250,24680,900,600,1824425
NIFTY-II.NFO,15/07/2024,09:21:09,24676.5,24675.8,125,24680,925,25,1824425
NIFTY-II.NFO,15/07/2024,09:21:11,24676.5,24675,100,24679.8,150,0,1824425
NIFTY-II.NFO,15/07/2024,09:21:12,24676.5,24675.85,25,24679.8,25,0,1824425
NIFTY-II.NFO,15/07/2024,09:21:14,24680,24676.05,25,24679,25,100,1824425
NIFTY-II.NFO,15/07/2024,09:21:15,24679,24676.15,25,24680,825,250,1824425
NIFTY-II.NFO,15/07/2024,09:21:17,24679,24675.8,250,24680,825,0,1824425
NIFTY-II.NFO,15/07/2024,09:21:19,24675.85,24676.5,50,24680,675,550,1824425
NIFTY-II.NFO,15/07/2024,09:21:20,24685,24685,100,24686,150,700,1824425
NIFTY-II.NFO,15/07/2024,09:21:22,24688.55,24682.05,150,24689.95,175,600,1824425
NIFTY-II.NFO,15/07/2024,09:21:24,24680.05,24680.85,300,24689.75,150,1000,1824425
NIFTY-II.NFO,15/07/2024,09:21:25,24680.05,24682.55,175,24689.75,150,0,1824425
NIFTY-II.NFO,15/07/2024,09:21:27,24680.05,24682.4,175,24689.75,225,0,1824425
NIFTY-II.NFO,15/07/2024,09:21:29,24681.25,24680.9,75,24687.45,150,50,1824425
NIFTY-II.NFO,15/07/2024,09:21:30,24681.25,24681.9,50,24688.4,150,0,1824425
NIFTY-II.NFO,15/07/2024,09:21:32,24681.25,24682.3,75,24687.6,150,0,1824425
NIFTY-II.NFO,15/07/2024,09:21:33,24686.9,24681,100,24687.15,200,150,1824425
NIFTY-II.NFO,15/07/2024,09:21:35,24687.7,24682.55,75,24687.55,175,25,1824425
NIFTY-II.NFO,15/07/2024,09:21:37,24687.7,24682.9,100,24688.5,125,0,1824425
NIFTY-II.NFO,15/07/2024,09:21:38,24687.7,24682.4,100,24687.65,175,0,1824425
NIFTY-II.NFO,15/07/2024,09:21:40,24687.7,24683.25,150,24687.7,25,0,1824425
NIFTY-II.NFO,15/07/2024,09:21:42,24687.7,24683.25,75,24687.65,50,0,1824425
NIFTY-II.NFO,15/07/2024,09:21:43,24687.7,24683.15,75,24687.65,50,0,1824425
NIFTY-II.NFO,15/07/2024,09:21:45,24687.7,24680.15,100,24686.85,100,0,1824425
NIFTY-II.NFO,15/07/2024,09:21:47,24680.15,24679.3,25,24686.7,150,1025,1826875
NIFTY-II.NFO,15/07/2024,09:21:48,24686.7,24680.05,100,24686.7,125,125,1826875
NIFTY-II.NFO,15/07/2024,09:21:50,24686.7,24679.4,150,24686.7,125,0,1826875
NIFTY-II.NFO,15/07/2024,09:21:52,24684.8,24680.8,75,24685.45,175,3075,1826875
NIFTY-II.NFO,15/07/2024,09:21:53,24680.5,24680.3,25,24684.9,225,50,1826875
NIFTY-II.NFO,15/07/2024,09:21:55,24683.5,24680,50,24681.85,100,25,1826875
NIFTY-II.NFO,15/07/2024,09:21:57,24682.15,24680,50,24682.85,125,350,1826875
NIFTY-II.NFO,15/07/2024,09:21:58,24682.15,24680,75,24682.85,125,0,1826875
NIFTY-II.NFO,15/07/2024,09:22:00,24680,24680,150,24682.85,125,25,1826875
NIFTY-II.NFO,15/07/2024,09:22:02,24680,24680,125,24684.25,125,25,1826875
NIFTY-II.NFO,15/07/2024,09:22:03,24680,24680,125,24684.05,50,0,1826875
NIFTY-II.NFO,15/07/2024,09:22:05,24684.05,24680,50,24682.55,50,50,1826875
NIFTY-II.NFO,15/07/2024,09:22:07,24682.55,24680,50,24682.6,125,25,1826875
NIFTY-II.NFO,15/07/2024,09:22:08,24682.55,24680,50,24682.6,125,0,1826875
NIFTY-II.NFO,15/07/2024,09:22:10,24679,24675.05,100,24679,50,575,1826875
NIFTY-II.NFO,15/07/2024,09:22:11,24678.95,24675.05,100,24679,100,50,1826875
NIFTY-II.NFO,15/07/2024,09:22:13,24678.95,24675.05,175,24679,50,0,1826875
NIFTY-II.NFO,15/07/2024,09:22:15,24678.95,24676.8,175,24679,50,0,1826875
NIFTY-II.NFO,15/07/2024,09:22:16,24681.85,24676.55,175,24682.55,75,150,1826875
NIFTY-II.NFO,15/07/2024,09:22:18,24681.85,24675.85,150,24678.8,25,0,1826875
NIFTY-II.NFO,15/07/2024,09:22:20,24678.8,24677.65,100,24678.95,50,25,1826875
NIFTY-II.NFO,15/07/2024,09:22:21,24678.8,24678.8,175,24678.95,50,0,1826875
NIFTY-II.NFO,15/07/2024,09:22:23,24685,24678.45,100,24684.95,175,575,1826875
NIFTY-II.NFO,15/07/2024,09:22:25,24685,24679.9,225,24681,25,0,1826875
NIFTY-II.NFO,15/07/2024,09:22:26,24684.8,24678.65,50,24684.8,100,1050,1826875
NIFTY-II.NFO,15/07/2024,09:22:28,24679.55,24679.7,75,24685,125,25,1826875
NIFTY-II.NFO,15/07/2024,09:22:29,24679.55,24680.7,25,24685,125,0,1826875
NIFTY-II.NFO,15/07/2024,09:22:31,24679.55,24680.7,25,24685,225,0,1826875
NIFTY-II.NFO,15/07/2024,09:22:33,24679.55,24680.95,25,24685,225,0,1826875
NIFTY-II.NFO,15/07/2024,09:22:34,24685,24682.55,25,24685,225,25,1826875
NIFTY-II.NFO,15/07/2024,09:22:36,24685,24682.65,50,24685,350,150,1826875
NIFTY-II.NFO,15/07/2024,09:22:37,24682,24682.45,25,24685,350,50,1826875
NIFTY-II.NFO,15/07/2024,09:22:39,24682,24683.35,250,24685,350,0,1826875
NIFTY-II.NFO,15/07/2024,09:22:41,24687,24686,250,24687,25,375,1826875
NIFTY-II.NFO,15/07/2024,09:22:42,24685,24686.4,250,24687.7,100,200,1826875
NIFTY-II.NFO,15/07/2024,09:22:44,24687.7,24684.95,250,24688.45,1200,100,1826875
NIFTY-II.NFO,15/07/2024,09:22:45,24685.2,24687,25,24688.45,1175,50,1826875
NIFTY-II.NFO,15/07/2024,09:22:47,24686.05,24686,25,24688.45,1175,1000,1826875
NIFTY-II.NFO,15/07/2024,09:22:49,24688.45,24687.65,200,24688.45,1100,75,1826875
NIFTY-II.NFO,15/07/2024,09:22:50,24688.45,24687.25,250,24688.45,850,300,1826875
NIFTY-II.NFO,15/07/2024,09:22:52,24688.45,24687,250,24688.45,825,25,1826875
NIFTY-II.NFO,15/07/2024,09:22:53,24688.45,24686.7,25,24688.45,600,225,1826875
NIFTY-II.NFO,15/07/2024,09:22:55,24688.45,24686.6,25,24688.45,350,250,1826875
NIFTY-II.NFO,15/07/2024,09:22:57,24688.45,24685.75,25,24688.45,325,25,1826875
NIFTY-II.NFO,15/07/2024,09:22:58,24688.45,24685.8,50,24688.45,250,75,1826875
NIFTY-II.NFO,15/07/2024,09:23:00,24690,24689.3,50,24690,175,375,1826875
NIFTY-II.NFO,15/07/2024,09:23:01,24690,24688.8,25,24690,175,0,1826875
NIFTY-II.NFO,15/07/2024,09:23:03,24688,24687.05,25,24688,2975,50,1826875
NIFTY-II.NFO,15/07/2024,09:23:05,24690,24689.95,25,24692,50,3125,1826875
NIFTY-II.NFO,15/07/2024,09:23:06,24690,24689.5,50,24692,50,0,1826875
NIFTY-II.NFO,15/07/2024,09:23:08,24692,24690.3,275,24692,25,25,1826875
NIFTY-II.NFO,15/07/2024,09:23:09,24694,24690.6,25,24693.95,100,75,1826875
NIFTY-II.NFO,15/07/2024,09:23:11,24694,24688.75,275,24692.8,100,0,1826875
NIFTY-II.NFO,15/07/2024,09:23:13,24694,24690.4,25,24692.5,225,0,1826875
NIFTY-II.NFO,15/07/2024,09:23:14,24694,24690.4,25,24693.15,175,0,1826875
NIFTY-II.NFO,15/07/2024,09:23:16,24694,24692.8,25,24693.95,100,0,1826875
NIFTY-II.NFO,15/07/2024,09:23:18,24694,24692.8,25,24693.95,175,0,1826875
NIFTY-II.NFO,15/07/2024,09:23:19,24692.8,24690.4,25,24692.75,175,25,1826875
NIFTY-II.NFO,15/07/2024,09:23:21,24690.4,24690,25,24691.35,175,25,1826875
NIFTY-II.NFO,15/07/2024,09:23:23,24685.45,24685.45,25,24689.9,75,475,1826875
NIFTY-II.NFO,15/07/2024,09:23:24,24690.65,24685.35,75,24690.5,100,175,1826875
NIFTY-II.NFO,15/07/2024,09:23:26,24690.7,24685.4,100,24691.2,75,250,1826875
NIFTY-II.NFO,15/07/2024,09:23:28,24691.2,24686.05,25,24691.7,125,50,1826875
NIFTY-II.NFO,15/07/2024,09:23:29,24686.25,24686.35,25,24692.85,50,100,1826875
NIFTY-II.NFO,15/07/2024,09:23:31,24693.95,24690,50,24694,175,25,1826875
NIFTY-II.NFO,15/07/2024,09:23:33,24693.95,24690,50,24694,275,0,1826875
NIFTY-II.NFO,15/07/2024,09:23:34,24692,24690,50,24692,75,25,1826875
NIFTY-II.NFO,15/07/2024,09:23:36,24692,24690,50,24692,25,50,1826875
NIFTY-II.NFO,15/07/2024,09:23:38,24690.4,24690,75,24690.4,25,25,1826875
NIFTY-II.NFO,15/07/2024,09:23:39,24691.8,24690,75,24692,25,50,1826875
NIFTY-II.NFO,15/07/2024,09:23:41,24692,24690,75,24692,500,25,1826875
NIFTY-II.NFO,15/07/2024,09:23:42,24692,24690,75,24692,500,0,1826875
NIFTY-II.NFO,15/07/2024,09:23:44,24692,24690,75,24692,475,25,1826875
NIFTY-II.NFO,15/07/2024,09:23:46,24692,24690,75,24692,600,25,1826875
NIFTY-II.NFO,15/07/2024,09:23:47,24692,24690,75,24692,450,25,1826875
NIFTY-II.NFO,15/07/2024,09:23:49,24692,24690,75,24692,450,0,1826875
NIFTY-II.NFO,15/07/2024,09:23:52,24692,24690,75,24692,425,25,1826875
NIFTY-II.NFO,15/07/2024,09:23:54,24692,24690,75,24692,425,0,1826875
NIFTY-II.NFO,15/07/2024,09:23:55,24690,24688.45,100,24692,350,100,1826875
NIFTY-II.NFO,15/07/2024,09:23:57,24690,24689.1,100,24692,450,0,1826875
NIFTY-II.NFO,15/07/2024,09:23:59,24692,24689.2,100,24692,425,25,1826875
NIFTY-II.NFO,15/07/2024,09:24:00,24691,24689.3,150,24692,375,50,1826875
NIFTY-II.NFO,15/07/2024,09:24:02,24692,24688.55,25,24692,350,25,1826875
NIFTY-II.NFO,15/07/2024,09:24:04,24692,24688.5,100,24692,325,25,1826875
NIFTY-II.NFO,15/07/2024,09:24:05,24692,24688.45,100,24692,325,0,1826875
NIFTY-II.NFO,15/07/2024,09:24:07,24692,24688.45,100,24691.95,75,0,1826875
NIFTY-II.NFO,15/07/2024,09:24:09,24692,24688.45,100,24692,400,0,1826875
NIFTY-II.NFO,15/07/2024,09:24:10,24692,24688.45,100,24691.95,150,0,1826875
NIFTY-II.NFO,15/07/2024,09:24:12,24692,24688.45,100,24690,25,0,1826875
NIFTY-II.NFO,15/07/2024,09:24:14,24688.45,24688.45,75,24691.95,150,50,1826875
NIFTY-II.NFO,15/07/2024,09:24:15,24688.45,24688.45,75,24691.95,150,0,1826875
NIFTY-II.NFO,15/07/2024,09:24:17,24688.45,24688.45,75,24691,150,0,1826875
NIFTY-II.NFO,15/07/2024,09:24:19,24688.45,24686.05,25,24690.95,75,100,1826875
NIFTY-II.NFO,15/07/2024,09:24:20,24688.45,24686.5,25,24690.95,75,0,1826875
NIFTY-II.NFO,15/07/2024,09:24:22,24690.95,24686.5,25,24690.95,150,25,1826875
NIFTY-II.NFO,15/07/2024,09:24:23,24690.95,24685,25,24688.95,150,0,1826875
NIFTY-II.NFO,15/07/2024,09:24:25,24685,24683.2,75,24687.95,150,25,1826875
NIFTY-II.NFO,15/07/2024,09:24:27,24688.95,24683,25,24688.45,150,75,1826875
NIFTY-II.NFO,15/07/2024,09:24:28,24688.95,24683,25,24687.95,150,0,1826875
NIFTY-II.NFO,15/07/2024,09:24:30,24685,24683,25,24686.95,150,25,1826875
NIFTY-II.NFO,15/07/2024,09:24:31,24686.95,24683,25,24686.95,150,75,1826875
NIFTY-II.NFO,15/07/2024,09:24:33,24686.95,24683,25,24687.8,200,0,1826875
NIFTY-II.NFO,15/07/2024,09:24:35,24686.95,24683,25,24686.25,225,0,1826875
NIFTY-II.NFO,15/07/2024,09:24:36,24686.95,24683,25,24686.25,125,0,1826875
NIFTY-II.NFO,15/07/2024,09:24:38,24686.95,24683,25,24686.95,250,25,1826875
NIFTY-II.NFO,15/07/2024,09:24:40,24686.95,24683,25,24686.95,175,0,1826875
NIFTY-II.NFO,15/07/2024,09:24:44,24683.2,24683,25,24686.95,200,50,1833825
NIFTY-II.NFO,15/07/2024,09:24:46,24686.95,24683,25,24686.95,200,50,1833825
NIFTY-II.NFO,15/07/2024,09:24:48,24686.95,24683,25,24686.95,200,0,1833825
NIFTY-II.NFO,15/07/2024,09:24:49,24686.95,24683,25,24686.95,225,0,1833825
NIFTY-II.NFO,15/07/2024,09:24:51,24686.95,24683,25,24685.95,150,0,1833825
NIFTY-II.NFO,15/07/2024,09:24:53,24680,24680,25,24683.95,150,100,1833825
NIFTY-II.NFO,15/07/2024,09:24:54,24680,24679.55,25,24682.95,150,125,1833825
NIFTY-II.NFO,15/07/2024,09:24:56,24680,24679.6,100,24685,125,0,1833825
NIFTY-II.NFO,15/07/2024,09:24:58,24684.75,24680,75,24685.45,375,100,1833825
NIFTY-II.NFO,15/07/2024,09:24:59,24685.25,24680.05,100,24685.5,125,50,1833825
NIFTY-II.NFO,15/07/2024,09:25:01,24685.25,24679.6,100,24684.95,125,0,1833825
NIFTY-II.NFO,15/07/2024,09:25:02,24684.95,24679.55,25,24684.95,150,25,1833825
NIFTY-II.NFO,15/07/2024,09:25:04,24684.95,24679.55,25,24683.95,150,0,1833825
NIFTY-II.NFO,15/07/2024,09:25:06,24685,24679.6,150,24685,125,25,1833825
NIFTY-II.NFO,15/07/2024,09:25:07,24685,24679.55,25,24683.95,150,0,1833825
NIFTY-II.NFO,15/07/2024,09:25:09,24685,24679.55,25,24684.25,375,0,1833825
NIFTY-II.NFO,15/07/2024,09:25:11,24685,24679.55,25,24683.95,150,0,1833825
NIFTY-II.NFO,15/07/2024,09:25:12,24685,24679.55,25,24683.95,125,0,1833825
NIFTY-II.NFO,15/07/2024,09:25:14,24685,24679.55,25,24683.95,75,0,1833825
NIFTY-II.NFO,15/07/2024,09:25:15,24685,24679.55,25,24682.95,150,0,1833825
NIFTY-II.NFO,15/07/2024,09:25:17,24685,24679.55,25,24682.95,125,0,1833825
NIFTY-II.NFO,15/07/2024,09:25:19,24685,24679.55,25,24684.2,125,0,1833825
NIFTY-II.NFO,15/07/2024,09:25:20,24685,24680.1,100,24685,125,0,1833825
NIFTY-II.NFO,15/07/2024,09:25:22,24685,24681.1,100,24685,75,0,1833825
NIFTY-II.NFO,15/07/2024,09:25:24,24685,24681.5,100,24685,50,25,1833825
NIFTY-II.NFO,15/07/2024,09:25:25,24685,24682.1,100,24685,25,25,1833825
NIFTY-II.NFO,15/07/2024,09:25:27,24685,24682.1,100,24685,25,0,1833825
NIFTY-II.NFO,15/07/2024,09:25:28,24685,24681.3,100,24686,75,25,1833825
NIFTY-II.NFO,15/07/2024,09:25:30,24685,24682.1,100,24685,175,25,1833825
NIFTY-II.NFO,15/07/2024,09:25:32,24685,24681.9,100,24685,125,75,1833825
NIFTY-II.NFO,15/07/2024,09:25:33,24685,24681.3,100,24685,75,75,1833825
NIFTY-II.NFO,15/07/2024,09:25:35,24682.1,24680.6,100,24685,75,50,1833825
NIFTY-II.NFO,15/07/2024,09:25:37,24685,24681.05,100,24686,25,75,1833825
NIFTY-II.NFO,15/07/2024,09:25:38,24685,24680.6,100,24685.95,75,25,1833825
NIFTY-II.NFO,15/07/2024,09:25:40,24685,24681.1,100,24686,75,0,1833825
NIFTY-II.NFO,15/07/2024,09:25:41,24686.85,24681.7,100,24686.95,225,50,1833825
NIFTY-II.NFO,15/07/2024,09:25:43,24686.85,24681.7,100,24686.95,150,0,1833825
NIFTY-II.NFO,15/07/2024,09:25:44,24681.7,24681.65,25,24686.9,150,25,1833825
NIFTY-II.NFO,15/07/2024,09:25:46,24686.9,24681.65,25,24686.95,175,25,1833825
NIFTY-II.NFO,15/07/2024,09:25:48,24686.95,24681.7,100,24686.95,125,50,1833825
NIFTY-II.NFO,15/07/2024,09:25:49,24686.95,24681.7,100,24686.95,200,0,1833825
NIFTY-II.NFO,15/07/2024,09:25:52,24686.95,24681.65,25,24686.95,175,25,1833825
NIFTY-II.NFO,15/07/2024,09:25:54,24686.95,24681.7,100,24686.95,25,0,1833825
NIFTY-II.NFO,15/07/2024,09:25:55,24688.45,24681.65,25,24687.95,150,50,1833825
NIFTY-II.NFO,15/07/2024,09:25:57,24686,24681.7,100,24687.95,150,25,1833825
NIFTY-II.NFO,15/07/2024,09:25:59,24686,24681.7,100,24685,50,0,1833825
NIFTY-II.NFO,15/07/2024,09:26:00,24685,24682.1,100,24687.95,150,50,1833825
NIFTY-II.NFO,15/07/2024,09:26:02,24685,24683.45,100,24690,300,0,1833825
NIFTY-II.NFO,15/07/2024,09:26:03,24684.1,24683.1,100,24689.95,175,100,1833825
NIFTY-II.NFO,15/07/2024,09:26:05,24681.7,24681.45,25,24681.7,175,325,1833825
NIFTY-II.NFO,15/07/2024,09:26:07,24681.7,24681.75,100,24686.9,175,175,1833825
NIFTY-II.NFO,15/07/2024,09:26:08,24686.9,24680.15,100,24684.95,100,50,1833825
NIFTY-II.NFO,15/07/2024,09:26:10,24686.9,24680.1,25,24681.45,25,0,1833825
NIFTY-II.NFO,15/07/2024,09:26:11,24683.95,24679.55,25,24683.95,150,100,1833825
NIFTY-II.NFO,15/07/2024,09:26:13,24683.95,24679.6,175,24684.95,75,25,1833825
NIFTY-II.NFO,15/07/2024,09:26:15,24683.95,24679.55,25,24683.95,150,0,1833825
NIFTY-II.NFO,15/07/2024,09:26:16,24683.95,24679.55,25,24684.95,125,50,1833825
NIFTY-II.NFO,15/07/2024,09:26:18,24679.55,24679.3,25,24685.55,150,100,1833825
NIFTY-II.NFO,15/07/2024,09:26:20,24679.55,24679.3,25,24683.95,150,0,1833825
NIFTY-II.NFO,15/07/2024,09:26:21,24683.95,24679,125,24683.95,125,25,1833825
NIFTY-II.NFO,15/07/2024,09:26:23,24683.95,24679.05,25,24683.9,150,0,1833825
NIFTY-II.NFO,15/07/2024,09:26:24,24683.95,24679,125,24683.9,150,0,1833825
NIFTY-II.NFO,15/07/2024,09:26:26,24682.95,24679,125,24682.95,150,25,1833825
NIFTY-II.NFO,15/07/2024,09:26:28,24682.95,24679,125,24683.5,375,50,1833825
NIFTY-II.NFO,15/07/2024,09:26:29,24682.95,24679.55,25,24683.9,150,50,1833825
NIFTY-II.NFO,15/07/2024,09:26:31,24679.6,24679.55,25,24684.95,150,50,1833825
NIFTY-II.NFO,15/07/2024,09:26:33,24679.6,24679.55,25,24683.55,75,0,1833825
NIFTY-II.NFO,15/07/2024,09:26:34,24683.15,24679.55,25,24684,150,50,1833825
NIFTY-II.NFO,15/07/2024,09:26:36,24682.95,24679.55,25,24682.95,75,25,1833825
NIFTY-II.NFO,15/07/2024,09:26:38,24682.95,24679.55,25,24684,75,25,1833825
NIFTY-II.NFO,15/07/2024,09:26:39,24679.55,24679,125,24684,150,25,1833825
NIFTY-II.NFO,15/07/2024,09:26:41,24680,24680,50,24684,150,25,1833825
NIFTY-II.NFO,15/07/2024,09:26:42,24684,24680,50,24684.6,150,25,1833825
NIFTY-II.NFO,15/07/2024,09:26:44,24680.05,24680.05,100,24684.85,25,50,1833825
NIFTY-II.NFO,15/07/2024,09:26:46,24684.85,24680.05,100,24684.9,75,25,1833825
NIFTY-II.NFO,15/07/2024,09:26:47,24684.85,24680,50,24684.9,150,0,1833825
NIFTY-II.NFO,15/07/2024,09:26:49,24684.85,24680,150,24684.6,375,0,1833825
NIFTY-II.NFO,15/07/2024,09:26:50,24680.05,24680.05,100,24685.15,175,100,1833825
NIFTY-II.NFO,15/07/2024,09:26:52,24685.15,24680.05,100,24685.2,100,25,1833825
NIFTY-II.NFO,15/07/2024,09:26:54,24685.15,24680.05,100,24685.95,150,0,1833825
NIFTY-II.NFO,15/07/2024,09:26:55,24680,24680.05,75,24685.9,150,175,1833825
NIFTY-II.NFO,15/07/2024,09:26:57,24680,24680.95,125,24684.9,225,0,1833825
NIFTY-II.NFO,15/07/2024,09:26:59,24680,24680.95,125,24684.75,225,0,1833825
NIFTY-II.NFO,15/07/2024,09:27:00,24680,24680.95,125,24684.1,225,0,1833825
NIFTY-II.NFO,15/07/2024,09:27:02,24684.1,24680.95,125,24684.95,225,75,1833825
NIFTY-II.NFO,15/07/2024,09:27:04,24684.1,24680.95,125,24684.3,200,0,1833825
NIFTY-II.NFO,15/07/2024,09:27:05,24680.95,24680,325,24682.6,200,125,1833825
NIFTY-II.NFO,15/07/2024,09:27:07,24679.9,24679,50,24680,75,400,1833825
NIFTY-II.NFO,15/07/2024,09:27:09,24681.3,24679,50,24681.5,350,50,1833825
NIFTY-II.NFO,15/07/2024,09:27:10,24681.35,24679,50,24681.3,225,50,1833825
NIFTY-II.NFO,15/07/2024,09:27:12,24682.65,24679,50,24682.65,225,25,1833825
NIFTY-II.NFO,15/07/2024,09:27:14,24679,24679,25,24682.5,300,25,1833825
NIFTY-II.NFO,15/07/2024,09:27:15,24677.1,24677.1,100,24683.15,175,125,1833825
NIFTY-II.NFO,15/07/2024,09:27:17,24683.15,24678.1,100,24683.9,100,25,1833825
NIFTY-II.NFO,15/07/2024,09:27:18,24684.35,24680.95,100,24685,75,150,1833825
NIFTY-II.NFO,15/07/2024,09:27:20,24684.35,24680.95,100,24685,150,0,1833825
NIFTY-II.NFO,15/07/2024,09:27:22,24684.35,24681.1,100,24685,75,0,1833825
NIFTY-II.NFO,15/07/2024,09:27:23,24680.05,24681.05,25,24685,75,300,1833825
NIFTY-II.NFO,15/07/2024,09:27:25,24681.1,24680.9,75,24684.35,25,25,1833825
NIFTY-II.NFO,15/07/2024,09:27:27,24681.1,24680.45,125,24684.35,25,0,1833825
NIFTY-II.NFO,15/07/2024,09:27:28,24681.1,24681.45,75,24684.35,25,0,1833825
NIFTY-II.NFO,15/07/2024,09:27:30,24684.35,24684.35,25,24685,125,25,1833825
NIFTY-II.NFO,15/07/2024,09:27:32,24685,24680.25,75,24685,100,25,1833825
NIFTY-II.NFO,15/07/2024,09:27:33,24681.5,24681.65,50,24685,100,25,1833825
NIFTY-II.NFO,15/07/2024,09:27:35,24681.5,24682.1,50,24685,125,0,1833825
NIFTY-II.NFO,15/07/2024,09:27:36,24685,24682.95,50,24685.05,25,150,1833825
NIFTY-II.NFO,15/07/2024,09:27:38,24686,24685.05,25,24686,25,75,1833825
NIFTY-II.NFO,15/07/2024,09:27:40,24691,24686.05,100,24690.45,75,1100,1833825
NIFTY-II.NFO,15/07/2024,09:27:41,24691,24687.05,100,24690.95,75,0,1833825
NIFTY-II.NFO,15/07/2024,09:27:43,24691,24687.05,100,24691,50,0,1833825
NIFTY-II.NFO,15/07/2024,09:27:46,24690.95,24687.15,75,24691,50,25,1834675
NIFTY-II.NFO,15/07/2024,09:27:48,24690.95,24687.05,100,24691,50,0,1834675
NIFTY-II.NFO,15/07/2024,09:27:50,24690.95,24687.4,225,24691,50,0,1834675
NIFTY-II.NFO,15/07/2024,09:27:51,24690.95,24686.05,75,24687.4,75,0,1834675
NIFTY-II.NFO,15/07/2024,09:27:53,24690.9,24685.05,100,24690.95,100,125,1834675
NIFTY-II.NFO,15/07/2024,09:27:55,24690.9,24686.1,100,24690.95,25,0,1834675
NIFTY-II.NFO,15/07/2024,09:27:56,24690.9,24685.75,175,24690.95,50,0,1834675
NIFTY-II.NFO,15/07/2024,09:28:00,24690.9,24687.05,25,24690.95,50,0,1834675
NIFTY-II.NFO,15/07/2024,09:28:01,24690.95,24686.2,225,24690.95,25,25,1834675
NIFTY-II.NFO,15/07/2024,09:28:03,24690.95,24686.35,175,24690.95,25,0,1834675
NIFTY-II.NFO,15/07/2024,09:28:04,24692,24688.05,100,24692,425,125,1834675
NIFTY-II.NFO,15/07/2024,09:28:06,24692,24688.05,100,24692,425,0,1834675
NIFTY-II.NFO,15/07/2024,09:28:08,24692,24690,50,24692,425,0,1834675
NIFTY-II.NFO,15/07/2024,09:28:11,24690,24690,25,24692,425,25,1834675
NIFTY-II.NFO,15/07/2024,09:28:13,24690,24690,25,24692,425,0,1834675
NIFTY-II.NFO,15/07/2024,09:28:14,24692,24690,25,24692,375,50,1834675
NIFTY-II.NFO,15/07/2024,09:28:16,24692,24690,25,24692,375,0,1834675
NIFTY-II.NFO,15/07/2024,09:28:19,24692,24690,25,24691.6,200,0,1834675
NIFTY-II.NFO,15/07/2024,09:28:21,24690,24683.85,75,24689.3,200,25,1834675
NIFTY-II.NFO,15/07/2024,09:28:22,24690,24684,75,24688.55,200,0,1834675
NIFTY-II.NFO,15/07/2024,09:28:24,24690,24682.9,75,24688.5,200,0,1834675
NIFTY-II.NFO,15/07/2024,09:28:26,24690,24684.05,100,24689.45,75,0,1834675
NIFTY-II.NFO,15/07/2024,09:28:27,24690,24684.1,100,24687.9,25,0,1834675
NIFTY-II.NFO,15/07/2024,09:28:29,24689.1,24686.05,25,24690.2,200,100,1834675
NIFTY-II.NFO,15/07/2024,09:28:31,24689.1,24686.05,25,24689.55,200,0,1834675
NIFTY-II.NFO,15/07/2024,09:28:32,24682.1,24682.05,100,24687.85,25,25,1834675
NIFTY-II.NFO,15/07/2024,09:28:34,24682.1,24683.05,25,24687.85,25,0,1834675
NIFTY-II.NFO,15/07/2024,09:28:35,24687.85,24682.1,50,24687.9,200,25,1834675
NIFTY-II.NFO,15/07/2024,09:28:37,24687.85,24682.1,50,24686.6,200,0,1834675
NIFTY-II.NFO,15/07/2024,09:28:39,24687.85,24683.05,25,24687.45,200,0,1834675
NIFTY-II.NFO,15/07/2024,09:28:40,24682.1,24682.1,25,24686.8,200,25,1834675
NIFTY-II.NFO,15/07/2024,09:28:42,24682.1,24682.15,175,24687.8,200,0,1834675
NIFTY-II.NFO,15/07/2024,09:28:45,24687.45,24684.05,25,24688.45,125,50,1834675
NIFTY-II.NFO,15/07/2024,09:28:47,24689.8,24687.05,25,24690.75,50,25,1834675
NIFTY-II.NFO,15/07/2024,09:28:48,24689.8,24683.35,225,24689.4,175,0,1834675
NIFTY-II.NFO,15/07/2024,09:28:50,24689.8,24684.25,175,24687.85,25,0,1834675
NIFTY-II.NFO,15/07/2024,09:28:52,24687.85,24683.3,175,24689.4,175,25,1834675
NIFTY-II.NFO,15/07/2024,09:28:53,24689.4,24683.35,100,24688.65,150,25,1834675
NIFTY-II.NFO,15/07/2024,09:28:55,24683.35,24683.4,100,24688.4,100,250,1834675
NIFTY-II.NFO,15/07/2024,09:28:57,24683.35,24687.1,175,24690,25,0,1834675
NIFTY-II.NFO,15/07/2024,09:28:58,24683.35,24688,175,24690,25,0,1834675
NIFTY-II.NFO,15/07/2024,09:29:00,24690,24689.2,175,24691.8,100,25,1834675
NIFTY-II.NFO,15/07/2024,09:29:02,24690,24687.45,175,24691.8,100,0,1834675
NIFTY-II.NFO,15/07/2024,09:29:03,24690,24688.15,175,24691.8,100,0,1834675
NIFTY-II.NFO,15/07/2024,09:29:05,24691.8,24689.95,50,24691.8,25,75,1834675
NIFTY-II.NFO,15/07/2024,09:29:07,24690.1,24689.7,175,24691.8,25,25,1834675
NIFTY-II.NFO,15/07/2024,09:29:08,24692,24690.65,50,24692,275,75,1834675
NIFTY-II.NFO,15/07/2024,09:29:10,24692,24690.1,25,24692,75,225,1834675
NIFTY-II.NFO,15/07/2024,09:29:12,24692,24690.1,25,24692,75,0,1834675
NIFTY-II.NFO,15/07/2024,09:29:13,24692,24691.95,25,24692,75,0,1834675
NIFTY-II.NFO,15/07/2024,09:29:15,24692,24690.1,25,24692,75,0,1834675
NIFTY-II.NFO,15/07/2024,09:29:17,24692,24690.1,25,24691.6,100,75,1834675
NIFTY-II.NFO,15/07/2024,09:29:18,24692,24690.1,25,24692.8,175,0,1834675
NIFTY-II.NFO,15/07/2024,09:29:20,24692,24690.1,25,24691.95,100,0,1834675
NIFTY-II.NFO,15/07/2024,09:29:22,24692,24690.1,25,24692,25,0,1834675
NIFTY-II.NFO,15/07/2024,09:29:28,24692,24688.6,25,24693.25,175,25,1834675
NIFTY-II.NFO,15/07/2024,09:29:30,24692,24689.05,25,24693.9,100,0,1834675
NIFTY-II.NFO,15/07/2024,09:29:31,24689.25,24689.25,50,24692,25,25,1834675
NIFTY-II.NFO,15/07/2024,09:29:33,24688,24690.8,25,24692,25,925,1834675
NIFTY-II.NFO,15/07/2024,09:29:35,24694,24691.1,50,24694,100,75,1834675
NIFTY-II.NFO,15/07/2024,09:29:38,24694,24692.05,25,24694,75,1525,1834675
NIFTY-II.NFO,15/07/2024,09:29:39,24694,24692,25,24695,675,75,1834675
NIFTY-II.NFO,15/07/2024,09:29:41,24690,24692.05,50,24695,675,1550,1834675
NIFTY-II.NFO,15/07/2024,09:29:43,24692.05,24691.8,50,24695,675,50,1834675
NIFTY-II.NFO,15/07/2024,09:29:44,24695,24692.55,25,24695,625,50,1834675
NIFTY-II.NFO,15/07/2024,09:29:46,24695,24691.85,25,24695,600,175,1834675
NIFTY-II.NFO,15/07/2024,09:29:48,24694.25,24694.3,25,24695,575,50,1834675
NIFTY-II.NFO,15/07/2024,09:29:49,24694.25,24694.35,25,24694.95,100,0,1834675
NIFTY-II.NFO,15/07/2024,09:29:51,24694.35,24694.3,25,24694.95,100,25,1834675
NIFTY-II.NFO,15/07/2024,09:29:53,24694.35,24694.3,25,24695,575,0,1834675
NIFTY-II.NFO,15/07/2024,09:29:54,24692.05,24693.5,25,24695,575,100,1834675
NIFTY-II.NFO,15/07/2024,09:29:56,24695,24692.05,25,24695,525,50,1834675
NIFTY-II.NFO,15/07/2024,09:29:58,24695,24694.45,25,24695,525,0,1834675
NIFTY-II.NFO,15/07/2024,09:29:59,24695,24694.45,25,24695,500,25,1834675
NIFTY-II.NFO,15/07/2024,09:30:01,24695,24694.45,25,24695,450,50,1834675
NIFTY-II.NFO,15/07/2024,09:30:03,24692,24691.8,50,24692,550,425,1834675
NIFTY-II.NFO,15/07/2024,09:30:04,24694.85,24691.85,25,24694.15,150,225,1834675
NIFTY-II.NFO,15/07/2024,09:30:06,24694.85,24692.05,25,24695,375,0,1834675
NIFTY-II.NFO,15/07/2024,09:30:09,24691.1,24692.9,25,24695,350,275,1834675
NIFTY-II.NFO,15/07/2024,09:30:11,24694.95,24690,25,24694.65,175,50,1834675
NIFTY-II.NFO,15/07/2024,09:30:12,24690,24689.9,50,24694.95,175,200,1834675
NIFTY-II.NFO,15/07/2024,09:30:14,24690,24691.1,50,24694.6,175,50,1834675
NIFTY-II.NFO,15/07/2024,09:30:16,24691.1,24687.05,50,24692.5,100,100,1834675
NIFTY-II.NFO,15/07/2024,09:30:17,24686.75,24687.45,25,24690,25,150,1834675
NIFTY-II.NFO,15/07/2024,09:30:19,24690,24690.05,25,24693.95,150,25,1834675
NIFTY-II.NFO,15/07/2024,09:30:22,24690,24689.1,25,24693.95,175,0,1834675
NIFTY-II.NFO,15/07/2024,09:30:24,24690,24690.05,25,24693.65,175,0,1834675
NIFTY-II.NFO,15/07/2024,09:30:25,24690,24690.05,25,24693.95,100,0,1834675
NIFTY-II.NFO,15/07/2024,09:30:27,24690,24690,50,24693.05,175,0,1834675
NIFTY-II.NFO,15/07/2024,09:30:28,24690,24688.45,25,24690,175,150,1834675
NIFTY-II.NFO,15/07/2024,09:30:30,24690,24687.8,25,24690,125,50,1834675
NIFTY-II.NFO,15/07/2024,09:30:32,24689.95,24686.35,25,24689.95,100,125,1834675
NIFTY-II.NFO,15/07/2024,09:30:33,24689.95,24686.35,25,24690,50,0,1834675
NIFTY-II.NFO,15/07/2024,09:30:35,24689.95,24685.8,25,24689.25,175,50,1834675
NIFTY-II.NFO,15/07/2024,09:30:37,24689.95,24685,25,24688.75,100,0,1834675
NIFTY-II.NFO,15/07/2024,09:30:38,24685,24682.1,25,24686.25,225,25,1834675
NIFTY-II.NFO,15/07/2024,09:30:40,24685.35,24682.1,25,24686.2,125,350,1834675
NIFTY-II.NFO,15/07/2024,09:30:42,24686.2,24682,50,24685.7,125,50,1834675
NIFTY-II.NFO,15/07/2024,09:30:43,24685.35,24682,50,24685.7,125,25,1834675
NIFTY-II.NFO,15/07/2024,09:30:45,24685.35,24682,50,24685.55,125,0,1834675
NIFTY-II.NFO,15/07/2024,09:30:47,24685.55,24682,25,24685.55,125,50,1834475
NIFTY-II.NFO,15/07/2024,09:30:48,24685.55,24682,25,24685.9,125,0,1834475
NIFTY-II.NFO,15/07/2024,09:30:50,24685.55,24683.05,25,24688.05,50,0,1834475
NIFTY-II.NFO,15/07/2024,09:30:51,24685.55,24683,25,24687.15,200,0,1834475
NIFTY-II.NFO,15/07/2024,09:30:53,24685.55,24683,25,24684,50,0,1834475
NIFTY-II.NFO,15/07/2024,09:30:56,24685.8,24683,25,24685.75,125,100,1834475
NIFTY-II.NFO,15/07/2024,09:30:58,24685.8,24683,25,24685.5,125,0,1834475
NIFTY-II.NFO,15/07/2024,09:30:59,24685.8,24683,25,24686.1,50,0,1834475
NIFTY-II.NFO,15/07/2024,09:31:01,24685.8,24683,25,24686.1,200,0,1834475
NIFTY-II.NFO,15/07/2024,09:31:03,24683,24682,25,24685.75,50,25,1834475
NIFTY-II.NFO,15/07/2024,09:31:04,24685.75,24682,25,24684.8,125,50,1834475
NIFTY-II.NFO,15/07/2024,09:31:06,24683.9,24680,325,24683.95,100,150,1834475
NIFTY-II.NFO,15/07/2024,09:31:07,24684.95,24680,325,24685.75,150,425,1834475
NIFTY-II.NFO,15/07/2024,09:31:09,24680.15,24680.85,100,24685.75,75,75,1834475
NIFTY-II.NFO,15/07/2024,09:31:11,24688.75,24683,150,24689.2,125,125,1834475
NIFTY-II.NFO,15/07/2024,09:31:12,24684,24684,75,24688,175,50,1834475
NIFTY-II.NFO,15/07/2024,09:31:14,24687.85,24683,125,24687.45,125,75,1834475
NIFTY-II.NFO,15/07/2024,09:31:15,24687.85,24683.05,25,24688.6,375,0,1834475
NIFTY-II.NFO,15/07/2024,09:31:17,24687.85,24684.05,25,24688.6,25,0,1834475
NIFTY-II.NFO,15/07/2024,09:31:18,24688.6,24685.05,25,24689,25,25,1834475
NIFTY-II.NFO,15/07/2024,09:31:20,24688.6,24684.1,100,24689,100,0,1834475
NIFTY-II.NFO,15/07/2024,09:31:22,24687.85,24685.05,25,24689,25,25,1834475
NIFTY-II.NFO,15/07/2024,09:31:23,24687.85,24684.1,100,24689,150,0,1834475
NIFTY-II.NFO,15/07/2024,09:31:25,24687.85,24684.2,100,24689,25,0,1834475
NIFTY-II.NFO,15/07/2024,09:31:26,24689,24684.1,100,24689.2,150,50,1834475
NIFTY-II.NFO,15/07/2024,09:31:28,24689,24683,125,24688.25,325,0,1834475
NIFTY-II.NFO,15/07/2024,09:31:30,24688.2,24683,125,24684,25,100,1834475
NIFTY-II.NFO,15/07/2024,09:31:31,24687.15,24683,125,24687.7,125,125,1834475
NIFTY-II.NFO,15/07/2024,09:31:33,24687.15,24683,125,24688.45,150,0,1834475
NIFTY-II.NFO,15/07/2024,09:31:35,24687.15,24684.05,25,24688.4,300,0,1834475
NIFTY-II.NFO,15/07/2024,09:31:36,24687.15,24684.05,25,24688.35,300,0,1834475
NIFTY-II.NFO,15/07/2024,09:31:38,24688.35,24683.05,25,24688.25,350,25,1834475
NIFTY-II.NFO,15/07/2024,09:31:40,24683,24683.05,25,24688.35,225,250,1834475
NIFTY-II.NFO,15/07/2024,09:31:41,24683,24683,25,24687.8,100,100,1834475
NIFTY-II.NFO,15/07/2024,09:31:43,24686.9,24683,25,24686.95,150,50,1834475
NIFTY-II.NFO,15/07/2024,09:31:44,24686.9,24683,25,24687.8,275,0,1834475
NIFTY-II.NFO,15/07/2024,09:31:46,24686.9,24683,25,24686.95,75,0,1834475
NIFTY-II.NFO,15/07/2024,09:31:47,24689,24684.05,25,24689.25,150,125,1834475
NIFTY-II.NFO,15/07/2024,09:31:49,24689,24684.05,25,24688,50,0,1834475
NIFTY-II.NFO,15/07/2024,09:31:51,24689,24685.05,25,24688,50,0,1834475
NIFTY-II.NFO,15/07/2024,09:31:52,24689,24683.9,100,24688,50,0,1834475
NIFTY-II.NFO,15/07/2024,09:31:54,24683.8,24683.85,100,24688,50,50,1834475
NIFTY-II.NFO,15/07/2024,09:31:55,24683.8,24685.4,150,24688,50,0,1834475
NIFTY-II.NFO,15/07/2024,09:31:57,24688,24688,25,24689,250,50,1834475
NIFTY-II.NFO,15/07/2024,09:31:59,24689,24686.8,100,24689,200,50,1834475
NIFTY-II.NFO,15/07/2024,09:32:00,24689,24686.2,100,24689,175,25,1834475
NIFTY-II.NFO,15/07/2024,09:32:02,24686,24683.05,100,24688.9,100,25,1834475
NIFTY-II.NFO,15/07/2024,09:32:04,24686,24685.05,25,24688.55,100,0,1834475
NIFTY-II.NFO,15/07/2024,09:32:05,24686,24683,25,24687.55,100,0,1834475
NIFTY-II.NFO,15/07/2024,09:32:07,24686,24683,25,24686.45,100,0,1834475
NIFTY-II.NFO,15/07/2024,09:32:08,24685.85,24683,25,24685.85,125,125,1834475
NIFTY-II.NFO,15/07/2024,09:32:10,24685.85,24683,25,24686.2,150,25,1834475
NIFTY-II.NFO,15/07/2024,09:32:12,24685.85,24683,25,24686.2,150,0,1834475
NIFTY-II.NFO,15/07/2024,09:32:13,24685.8,24683,25,24686.2,25,25,1834475
NIFTY-II.NFO,15/07/2024,09:32:15,24685.8,24683,25,24686.2,75,0,1834475
NIFTY-II.NFO,15/07/2024,09:32:17,24685.8,24683,25,24686,125,0,1834475
NIFTY-II.NFO,15/07/2024,09:32:18,24683,24682,75,24684.75,250,25,1834475
NIFTY-II.NFO,15/07/2024,09:32:20,24683.9,24682,75,24685.95,75,75,1834475
NIFTY-II.NFO,15/07/2024,09:32:21,24684.7,24682,75,24684.5,175,25,1834475
NIFTY-II.NFO,15/07/2024,09:32:23,24682,24680.1,25,24684.35,75,75,1834475
NIFTY-II.NFO,15/07/2024,09:32:24,24682,24680.1,25,24684.25,175,0,1834475
NIFTY-II.NFO,15/07/2024,09:32:26,24682,24680.1,25,24683.55,75,0,1834475
NIFTY-II.NFO,15/07/2024,09:32:27,24682,24680.1,25,24684.35,175,0,1834475
NIFTY-II.NFO,15/07/2024,09:32:29,24682,24682,25,24683.6,100,0,1834475
NIFTY-II.NFO,15/07/2024,09:32:31,24682,24680.2,75,24683.1,100,25,1834475
NIFTY-II.NFO,15/07/2024,09:32:32,24682,24680.1,25,24682,25,0,1834475
NIFTY-II.NFO,15/07/2024,09:32:36,24682,24680.1,25,24682,50,0,1834475
NIFTY-II.NFO,15/07/2024,09:32:37,24680,24676.05,100,24682,125,550,1834475
NIFTY-II.NFO,15/07/2024,09:32:38,24680,24676.05,100,24681.75,75,0,1834475
NIFTY-II.NFO,15/07/2024,09:32:40,24680.8,24676.05,100,24680.8,50,25,1834475
NIFTY-II.NFO,15/07/2024,09:32:42,24680.8,24678.1,100,24682,150,0,1834475
NIFTY-II.NFO,15/07/2024,09:32:43,24682,24676.2,100,24682,75,75,1834475
NIFTY-II.NFO,15/07/2024,09:32:45,24682,24677.1,100,24682,75,0,1834475
NIFTY-II.NFO,15/07/2024,09:32:46,24682,24678.1,100,24682,75,0,1834475
NIFTY-II.NFO,15/07/2024,09:32:48,24680,24680.25,100,24682,25,50,1834475
NIFTY-II.NFO,15/07/2024,09:32:49,24680,24678.7,100,24682,25,0,1834475
NIFTY-II.NFO,15/07/2024,09:32:51,24680,24677.25,100,24682,25,0,1834475
NIFTY-II.NFO,15/07/2024,09:32:53,24680,24678.1,100,24682,25,0,1834475
NIFTY-II.NFO,15/07/2024,09:32:54,24680,24677.65,100,24682,25,0,1834475
NIFTY-II.NFO,15/07/2024,09:32:56,24680,24678.1,100,24682,25,0,1834475
NIFTY-II.NFO,15/07/2024,09:32:57,24680,24679.1,100,24682,25,25,1834475
NIFTY-II.NFO,15/07/2024,09:32:59,24680,24678.45,150,24682,25,0,1834475
NIFTY-II.NFO,15/07/2024,09:33:00,24682,24679.1,100,24683,25,25,1834475
NIFTY-II.NFO,15/07/2024,09:33:02,24682,24680.05,100,24683,25,0,1834475
NIFTY-II.NFO,15/07/2024,09:33:04,24683.9,24680.1,100,24686,175,50,1834475
NIFTY-II.NFO,15/07/2024,09:33:05,24682,24682.05,100,24686,50,50,1834475
NIFTY-II.NFO,15/07/2024,09:33:07,24686,24682.1,100,24686.2,25,50,1834475
NIFTY-II.NFO,15/07/2024,09:33:08,24686,24683.2,100,24686.2,25,0,1834475
NIFTY-II.NFO,15/07/2024,09:33:10,24686,24683.15,100,24686.2,25,0,1834475
NIFTY-II.NFO,15/07/2024,09:33:11,24686,24683.1,100,24686.2,25,0,1834475
NIFTY-II.NFO,15/07/2024,09:33:13,24686,24686,25,24686.2,25,0,1834475
NIFTY-II.NFO,15/07/2024,09:33:15,24686.2,24686,25,24688.05,25,25,1834475
NIFTY-II.NFO,15/07/2024,09:33:16,24686.05,24686.05,25,24689,175,50,1834475
NIFTY-II.NFO,15/07/2024,09:33:18,24689,24687,150,24689,125,50,1834475
NIFTY-II.NFO,15/07/2024,09:33:19,24690,24689,25,24690,150,150,1834475
NIFTY-II.NFO,15/07/2024,09:33:21,24690,24690,50,24692,25,150,1834475
NIFTY-II.NFO,15/07/2024,09:33:23,24693,24686.85,100,24691.65,25,50,1834475
NIFTY-II.NFO,15/07/2024,09:33:24,24693,24686.9,100,24692.05,25,0,1834475
NIFTY-II.NFO,15/07/2024,09:33:26,24688,24688.3,25,24692.05,25,125,1834475
NIFTY-II.NFO,15/07/2024,09:33:28,24691.5,24686.65,100,24692.55,100,25,1834475
NIFTY-II.NFO,15/07/2024,09:33:29,24692.25,24686.65,100,24692.55,100,100,1834475
NIFTY-II.NFO,15/07/2024,09:33:31,24692.25,24686.75,100,24692.2,100,0,1834475
NIFTY-II.NFO,15/07/2024,09:33:33,24692.25,24686.85,100,24692.2,75,0,1834475
NIFTY-II.NFO,15/07/2024,09:33:34,24693,24686.8,25,24692.95,25,25,1834475
NIFTY-II.NFO,15/07/2024,09:33:36,24692.15,24684.95,100,24692.1,25,125,1834475
NIFTY-II.NFO,15/07/2024,09:33:37,24692.1,24683.2,100,24690.05,75,25,1834475
NIFTY-II.NFO,15/07/2024,09:33:39,24692.1,24682.15,100,24689.8,175,0,1834475
NIFTY-II.NFO,15/07/2024,09:33:41,24689,24681.35,100,24689,100,75,1834475
NIFTY-II.NFO,15/07/2024,09:33:43,24688.25,24681.35,175,24688.25,50,25,1834475
NIFTY-II.NFO,15/07/2024,09:33:44,24688.25,24685.05,25,24689.95,75,0,1834475
NIFTY-II.NFO,15/07/2024,09:33:46,24688.25,24685.05,25,24689.95,150,0,1834475
NIFTY-II.NFO,15/07/2024,09:33:48,24688.25,24681.6,175,24688.3,75,0,1834475
NIFTY-II.NFO,15/07/2024,09:33:49,24688.25,24681.1,100,24687.75,100,0,1834475
NIFTY-II.NFO,15/07/2024,09:33:51,24688.25,24683.05,25,24688.35,150,0,1834475
NIFTY-II.NFO,15/07/2024,09:33:52,24688.25,24685.05,25,24689,25,0,1834475
NIFTY-II.NFO,15/07/2024,09:33:54,24688.25,24684.05,25,24688.85,100,0,1834475
NIFTY-II.NFO,15/07/2024,09:33:55,24688.25,24685.05,25,24688.85,25,0,1834475
NIFTY-II.NFO,15/07/2024,09:33:57,24688.25,24684.1,100,24688.85,25,100,1834800
NIFTY-II.NFO,15/07/2024,09:33:59,24688.25,24684.1,100,24689,100,0,1834800
NIFTY-II.NFO,15/07/2024,09:34:00,24688.25,24683.1,175,24689,100,0,1834800
NIFTY-II.NFO,15/07/2024,09:34:02,24688.25,24681.65,175,24688.75,125,0,1834800
NIFTY-II.NFO,15/07/2024,09:34:03,24688.25,24685.05,25,24689,25,0,1834800
NIFTY-II.NFO,15/07/2024,09:34:05,24688.25,24685.1,100,24688.25,25,0,1834800
NIFTY-II.NFO,15/07/2024,09:34:07,24688.25,24684.65,100,24688.25,25,0,1834800
NIFTY-II.NFO,15/07/2024,09:34:08,24688.5,24684.4,100,24689,100,75,1834800
NIFTY-II.NFO,15/07/2024,09:34:10,24688.5,24683.9,100,24689,100,0,1834800
NIFTY-II.NFO,15/07/2024,09:34:12,24688.5,24684.1,100,24689,100,0,1834800
NIFTY-II.NFO,15/07/2024,09:34:13,24688.5,24683.1,175,24689,100,0,1834800
NIFTY-II.NFO,15/07/2024,09:34:15,24688.5,24685.05,25,24688.8,25,0,1834800
NIFTY-II.NFO,15/07/2024,09:34:16,24688.5,24685,125,24688.8,25,0,1834800
NIFTY-II.NFO,15/07/2024,09:34:18,24688.5,24685,125,24688.8,75,0,1834800
NIFTY-II.NFO,15/07/2024,09:34:20,24688.5,24685,125,24688.5,100,0,1834800
NIFTY-II.NFO,15/07/2024,09:34:21,24685,24681.4,225,24687.75,100,125,1834800
NIFTY-II.NFO,15/07/2024,09:34:23,24685,24681.2,100,24686,100,0,1834800
NIFTY-II.NFO,15/07/2024,09:34:25,24685,24680,125,24685.1,100,0,1834800
NIFTY-II.NFO,15/07/2024,09:34:26,24685,24680,125,24684.4,100,0,1834800
NIFTY-II.NFO,15/07/2024,09:34:28,24684.4,24680.05,25,24684.55,75,150,1834800
NIFTY-II.NFO,15/07/2024,09:34:30,24684.4,24680,125,24683.05,100,0,1834800
NIFTY-II.NFO,15/07/2024,09:34:31,24684.2,24680.05,25,24684.3,100,100,1834800
NIFTY-II.NFO,15/07/2024,09:34:33,24680,24680,125,24683.15,25,25,1834800
NIFTY-II.NFO,15/07/2024,09:34:35,24680,24680,125,24683.45,100,0,1834800
NIFTY-II.NFO,15/07/2024,09:34:36,24680,24680,125,24683,150,0,1834800
NIFTY-II.NFO,15/07/2024,09:34:38,24680,24680.1,75,24683,75,0,1834800
NIFTY-II.NFO,15/07/2024,09:34:39,24680,24680,125,24683,150,0,1834800
NIFTY-II.NFO,15/07/2024,09:34:41,24680,24680,125,24682,75,0,1834800
NIFTY-II.NFO,15/07/2024,09:34:46,24682,24680,125,24682,125,25,1834800
NIFTY-II.NFO,15/07/2024,09:34:47,24680,24680,100,24682,50,25,1834800
NIFTY-II.NFO,15/07/2024,09:34:49,24682,24680,100,24682,25,25,1834800
NIFTY-II.NFO,15/07/2024,09:34:50,24682,24680,100,24682,25,0,1834800
NIFTY-II.NFO,15/07/2024,09:34:52,24680,24680,100,24682,25,25,1834800
NIFTY-II.NFO,15/07/2024,09:34:53,24680,24680,100,24682,25,0,1834800
NIFTY-II.NFO,15/07/2024,09:34:55,24682,24680,100,24683.4,100,25,1834800
NIFTY-II.NFO,15/07/2024,09:34:56,24677.15,24677.05,25,24681.35,225,1050,1834800
NIFTY-II.NFO,15/07/2024,09:34:58,24681.35,24676.2,50,24681.3,100,50,1834800
NIFTY-II.NFO,15/07/2024,09:35:00,24681.35,24677.4,100,24682,25,0,1834800
NIFTY-II.NFO,15/07/2024,09:35:01,24681.35,24676.05,75,24680.55,100,0,1834800
NIFTY-II.NFO,15/07/2024,09:35:03,24681.35,24676.1,50,24681.1,100,0,1834800
NIFTY-II.NFO,15/07/2024,09:35:04,24681.35,24678.05,75,24682,25,0,1834800
NIFTY-II.NFO,15/07/2024,09:35:06,24681.35,24677.05,50,24681.1,150,0,1834800
NIFTY-II.NFO,15/07/2024,09:35:08,24681.35,24677.1,50,24681,50,0,1834800
NIFTY-II.NFO,15/07/2024,09:35:09,24681,24677.1,50,24681.75,150,50,1834800
NIFTY-II.NFO,15/07/2024,09:35:11,24681,24677.05,50,24681.7,150,0,1834800
NIFTY-II.NFO,15/07/2024,09:35:13,24681,24677,75,24680.85,150,0,1834800
NIFTY-II.NFO,15/07/2024,09:35:16,24681,24681.75,25,24682,275,0,1834800
NIFTY-II.NFO,15/07/2024,09:35:18,24682,24681.75,25,24682,225,50,1834800
NIFTY-II.NFO,15/07/2024,09:35:19,24682,24681.75,25,24682,150,75,1834800
NIFTY-II.NFO,15/07/2024,09:35:21,24685,24681.1,50,24685,25,225,1834800
NIFTY-II.NFO,15/07/2024,09:35:22,24685,24679.1,50,24684.95,225,0,1834800
NIFTY-II.NFO,15/07/2024,09:35:24,24685,24681.3,50,24685,25,0,1834800
NIFTY-II.NFO,15/07/2024,09:35:26,24685,24681.05,75,24685,25,0,1834800
NIFTY-II.NFO,15/07/2024,09:35:27,24682.3,24683.15,25,24685,25,25,1834800
NIFTY-II.NFO,15/07/2024,09:35:29,24685,24685.05,25,24688.2,25,25,1834800
NIFTY-II.NFO,15/07/2024,09:35:30,24689.5,24685.1,50,24689.15,25,175,1834800
NIFTY-II.NFO,15/07/2024,09:35:32,24689.5,24685.4,50,24690,275,0,1834800
NIFTY-II.NFO,15/07/2024,09:35:34,24686.05,24689.5,50,24689.55,25,150,1834800
NIFTY-II.NFO,15/07/2024,09:35:35,24689.5,24684,50,24688.95,225,50,1834800
NIFTY-II.NFO,15/07/2024,09:35:37,24689.5,24684.5,100,24688.95,175,0,1834800
NIFTY-II.NFO,15/07/2024,09:35:38,24689.5,24685.15,50,24689.25,25,0,1834800
NIFTY-II.NFO,15/07/2024,09:35:40,24689.5,24685.75,50,24689.25,25,0,1834800
NIFTY-II.NFO,15/07/2024,09:35:41,24689.5,24685.4,50,24689.45,100,0,1834800
NIFTY-II.NFO,15/07/2024,09:35:43,24689.5,24685.05,25,24689.6,225,0,1834800
NIFTY-II.NFO,15/07/2024,09:35:44,24689.5,24682.5,50,24687.65,150,0,1834800
NIFTY-II.NFO,15/07/2024,09:35:46,24689.5,24682,25,24686.25,225,0,1834800
NIFTY-II.NFO,15/07/2024,09:35:49,24689.5,24682,25,24685.3,150,0,1834800
NIFTY-II.NFO,15/07/2024,09:35:53,24689.5,24682.05,25,24686.6,150,0,1834800
NIFTY-II.NFO,15/07/2024,09:35:54,24689.5,24683.05,25,24687.95,225,0,1834800
NIFTY-II.NFO,15/07/2024,09:35:57,24689.5,24684.05,25,24688.6,150,0,1834800
NIFTY-II.NFO,15/07/2024,09:35:59,24689.5,24683.05,25,24688.3,150,0,1834800
NIFTY-II.NFO,15/07/2024,09:36:01,24689.5,24683.55,50,24688.3,225,0,1834800
NIFTY-II.NFO,15/07/2024,09:36:02,24689.5,24685.1,50,24689.4,100,0,1834800
NIFTY-II.NFO,15/07/2024,09:36:04,24689.5,24685.1,50,24689.45,100,0,1834800
NIFTY-II.NFO,15/07/2024,09:36:05,24689.5,24684.2,50,24689.35,225,0,1834800
NIFTY-II.NFO,15/07/2024,09:36:07,24689.35,24686.1,50,24689.5,25,100,1834800
NIFTY-II.NFO,15/07/2024,09:36:09,24689.35,24686.1,50,24689.5,25,0,1834800
NIFTY-II.NFO,15/07/2024,09:36:10,24689.35,24686.05,25,24689.5,25,0,1834800
NIFTY-II.NFO,15/07/2024,09:36:12,24689.35,24686.3,50,24689.4,25,0,1834800
NIFTY-II.NFO,15/07/2024,09:36:13,24689.35,24686.1,50,24689.4,25,0,1834800
NIFTY-II.NFO,15/07/2024,09:36:16,24689.4,24689.4,25,24689.5,25,25,1834800
NIFTY-II.NFO,15/07/2024,09:36:18,24689.5,24685.1,50,24690,350,25,1834800
NIFTY-II.NFO,15/07/2024,09:36:20,24685.1,24685.1,50,24690,275,25,1834800
NIFTY-II.NFO,15/07/2024,09:36:21,24685.1,24683.3,25,24688.3,125,0,1834800
NIFTY-II.NFO,15/07/2024,09:36:23,24685.1,24683.05,100,24688.3,125,0,1834800
NIFTY-II.NFO,15/07/2024,09:36:25,24683.1,24684.1,100,24688.6,50,50,1834800
NIFTY-II.NFO,15/07/2024,09:36:26,24683.1,24685.1,100,24689.35,25,0,1834800
NIFTY-II.NFO,15/07/2024,09:36:28,24690,24685.7,100,24690,275,50,1834800
NIFTY-II.NFO,15/07/2024,09:36:29,24689.95,24685,100,24690,400,250,1834800
NIFTY-II.NFO,15/07/2024,09:36:31,24689.95,24685.15,100,24690,400,0,1834800
NIFTY-II.NFO,15/07/2024,09:36:32,24689.95,24683.85,100,24689.25,100,0,1834800
NIFTY-II.NFO,15/07/2024,09:36:34,24689.95,24683.05,100,24689.3,100,0,1834800
NIFTY-II.NFO,15/07/2024,09:36:36,24689.95,24683.15,100,24689.1,175,0,1834800
NIFTY-II.NFO,15/07/2024,09:36:37,24689.95,24683.05,100,24687.9,75,0,1834800
NIFTY-II.NFO,15/07/2024,09:36:39,24689.95,24683.6,100,24689.3,175,0,1834800
NIFTY-II.NFO,15/07/2024,09:36:41,24689.95,24683.7,100,24689.3,175,0,1834800
NIFTY-II.NFO,15/07/2024,09:36:42,24689.3,24684,50,24688,50,75,1834800
NIFTY-II.NFO,15/07/2024,09:36:44,24688,24685.1,50,24689.35,100,50,1834800
NIFTY-II.NFO,15/07/2024,09:36:45,24688,24685.1,50,24688.95,25,0,1834800
NIFTY-II.NFO,15/07/2024,09:36:47,24689.35,24685.65,50,24689.35,50,250,1835200
NIFTY-II.NFO,15/07/2024,09:36:49,24689.35,24685.6,100,24689.35,50,0,1835200
NIFTY-II.NFO,15/07/2024,09:36:50,24689.35,24685.85,50,24689.35,50,0,1835200
NIFTY-II.NFO,15/07/2024,09:36:52,24689.35,24686.35,50,24689.35,50,0,1835200
NIFTY-II.NFO,15/07/2024,09:36:53,24685.25,24685.8,100,24689.35,50,700,1835200
NIFTY-II.NFO,15/07/2024,09:36:55,24685.05,24686.05,50,24689.35,50,600,1835200
NIFTY-II.NFO,15/07/2024,09:36:56,24689.95,24689.95,25,24690,350,300,1835200
NIFTY-II.NFO,15/07/2024,09:36:58,24690,24686.85,100,24690,250,275,1835200
NIFTY-II.NFO,15/07/2024,09:36:59,24690,24688.7,50,24691,25,250,1835200
NIFTY-II.NFO,15/07/2024,09:37:01,24693,24691,50,24694,75,75,1835200
NIFTY-II.NFO,15/07/2024,09:37:03,24694,24690.5,25,24694,25,50,1835200
NIFTY-II.NFO,15/07/2024,09:37:04,24694,24694.1,25,24694.95,25,25,1835200
NIFTY-II.NFO,15/07/2024,09:37:06,24695,24695.15,25,24695.6,25,225,1835200
NIFTY-II.NFO,15/07/2024,09:37:07,24698,24697.75,25,24698,75,275,1835200
NIFTY-II.NFO,15/07/2024,09:37:09,24699,24698.5,25,24699,475,225,1835200
NIFTY-II.NFO,15/07/2024,09:37:11,24699,24698.7,25,24699,50,450,1835200
NIFTY-II.NFO,15/07/2024,09:37:12,24699.9,24698.05,25,24699.9,925,150,1835200
NIFTY-II.NFO,15/07/2024,09:37:14,24699.9,24696.25,25,24699.9,775,175,1835200
NIFTY-II.NFO,15/07/2024,09:37:15,24699.9,24699.5,25,24699.9,725,50,1835200
NIFTY-II.NFO,15/07/2024,09:37:17,24699.9,24697.15,25,24699.9,600,125,1835200
NIFTY-II.NFO,15/07/2024,09:37:19,24699.75,24697.15,25,24699,175,125,1835200
NIFTY-II.NFO,15/07/2024,09:37:20,24699,24699,50,24699.9,525,175,1835200
NIFTY-II.NFO,15/07/2024,09:37:22,24700,24699.5,25,24700,1025,725,1835200
NIFTY-II.NFO,15/07/2024,09:37:24,24700,24698.05,25,24700,475,550,1835200
NIFTY-II.NFO,15/07/2024,09:37:25,24700,24699.75,25,24700,75,400,1835200
NIFTY-II.NFO,15/07/2024,09:37:27,24699.95,24699.8,25,24700,75,75,1835200
NIFTY-II.NFO,15/07/2024,09:37:28,24699.75,24693.8,50,24699,225,50,1835200
NIFTY-II.NFO,15/07/2024,09:37:30,24699.75,24693.05,25,24696.9,150,0,1835200
NIFTY-II.NFO,15/07/2024,09:37:32,24699.75,24693.4,25,24697.2,100,0,1835200
NIFTY-II.NFO,15/07/2024,09:37:33,24695,24690.85,50,24696.3,150,175,1835200
NIFTY-II.NFO,15/07/2024,09:37:35,24690.85,24690.1,50,24695.7,75,25,1835200
NIFTY-II.NFO,15/07/2024,09:37:37,24690.85,24690.05,25,24694.65,150,0,1835200
NIFTY-II.NFO,15/07/2024,09:37:38,24693.95,24690,25,24693.95,125,75,1835200
NIFTY-II.NFO,15/07/2024,09:37:40,24693.95,24690.1,25,24693.75,125,0,1835200
NIFTY-II.NFO,15/07/2024,09:37:41,24693.75,24690.1,25,24694.6,125,50,1835200
NIFTY-II.NFO,15/07/2024,09:37:43,24693.75,24690.1,25,24694.6,150,0,1835200
NIFTY-II.NFO,15/07/2024,09:37:44,24694.05,24690.1,25,24694.05,100,25,1835200
NIFTY-II.NFO,15/07/2024,09:37:46,24694.05,24690.1,25,24694.05,100,0,1835200
NIFTY-II.NFO,15/07/2024,09:37:47,24694.05,24690.15,25,24693.3,125,0,1835200
NIFTY-II.NFO,15/07/2024,09:37:49,24694.05,24690.15,25,24693.65,25,0,1835200
NIFTY-II.NFO,15/07/2024,09:37:51,24694.05,24690.1,25,24693.6,175,0,1835200
NIFTY-II.NFO,15/07/2024,09:37:52,24694.05,24690.35,50,24695.9,200,0,1835200
NIFTY-II.NFO,15/07/2024,09:37:54,24689.95,24689.95,25,24693.95,25,100,1835200
NIFTY-II.NFO,15/07/2024,09:37:55,24689.95,24690,25,24692.7,125,0,1835200
NIFTY-II.NFO,15/07/2024,09:37:59,24690,24689.95,25,24691.5,175,25,1835200
NIFTY-II.NFO,15/07/2024,09:38:00,24689.4,24684.15,100,24689.4,100,100,1835200
NIFTY-II.NFO,15/07/2024,09:38:02,24689.4,24684.55,175,24690.05,125,0,1835200
NIFTY-II.NFO,15/07/2024,09:38:04,24689.4,24683.8,50,24689.2,125,0,1835200
NIFTY-II.NFO,15/07/2024,09:38:05,24689.2,24684.55,50,24689.9,125,25,1835200
NIFTY-II.NFO,15/07/2024,09:38:07,24689.9,24683,25,24688.7,175,50,1835200
NIFTY-II.NFO,15/07/2024,09:38:09,24689.9,24683,25,24687.55,125,0,1835200
NIFTY-II.NFO,15/07/2024,09:38:10,24689.9,24683.05,100,24688.2,125,0,1835200
NIFTY-II.NFO,15/07/2024,09:38:12,24689.9,24683.05,100,24687.65,50,0,1835200
NIFTY-II.NFO,15/07/2024,09:38:14,24689.9,24684.05,100,24688.9,125,0,1835200
NIFTY-II.NFO,15/07/2024,09:38:15,24689.9,24683.3,100,24688.9,175,0,1835200
NIFTY-II.NFO,15/07/2024,09:38:17,24689.9,24684.05,100,24689.05,125,0,1835200
NIFTY-II.NFO,15/07/2024,09:38:18,24689.9,24684.45,75,24689.4,125,0,1835200
NIFTY-II.NFO,15/07/2024,09:38:20,24689.9,24684.25,75,24688.65,125,0,1835200
NIFTY-II.NFO,15/07/2024,09:38:21,24689.9,24687.55,100,24690,100,0,1835200
NIFTY-II.NFO,15/07/2024,09:38:23,24690,24688.7,100,24694,125,100,1835200
NIFTY-II.NFO,15/07/2024,09:38:25,24690,24689.9,25,24694.35,50,0,1835200
NIFTY-II.NFO,15/07/2024,09:38:26,24690,24689.9,25,24694.3,175,25,1835200
NIFTY-II.NFO,15/07/2024,09:38:28,24690,24689.9,25,24694.3,175,0,1835200
NIFTY-II.NFO,15/07/2024,09:38:29,24690,24689.9,25,24693,500,0,1835200
NIFTY-II.NFO,15/07/2024,09:38:31,24689.9,24686,25,24690.75,175,75,1835200
NIFTY-II.NFO,15/07/2024,09:38:32,24689.9,24688,25,24688.9,100,0,1835200
NIFTY-II.NFO,15/07/2024,09:38:34,24689.9,24688,25,24690.5,175,0,1835200
NIFTY-II.NFO,15/07/2024,09:38:36,24688,24685.3,100,24690.4,50,425,1835200
NIFTY-II.NFO,15/07/2024,09:38:37,24688,24686.1,175,24691.55,125,0,1835200
NIFTY-II.NFO,15/07/2024,09:38:39,24691.55,24686.35,50,24691.55,100,25,1835200
NIFTY-II.NFO,15/07/2024,09:38:40,24686.1,24685.35,100,24690.9,125,25,1835200
NIFTY-II.NFO,15/07/2024,09:38:42,24686.1,24687.35,50,24691.55,25,0,1835200
NIFTY-II.NFO,15/07/2024,09:38:43,24691.55,24691.55,25,24693,500,25,1835200
NIFTY-II.NFO,15/07/2024,09:38:45,24687,24686.65,50,24690.95,25,50,1835200
NIFTY-II.NFO,15/07/2024,09:38:47,24689.95,24686.35,50,24690.95,25,25,1835200
NIFTY-II.NFO,15/07/2024,09:38:48,24689.95,24690,25,24691.15,175,0,1835200
NIFTY-II.NFO,15/07/2024,09:38:50,24685,24684,100,24689.75,125,50,1835200
NIFTY-II.NFO,15/07/2024,09:38:51,24684,24684,100,24687.95,25,25,1835200
NIFTY-II.NFO,15/07/2024,09:38:53,24684,24683.05,100,24686.95,25,0,1835200
NIFTY-II.NFO,15/07/2024,09:38:54,24684,24683,25,24685.95,25,0,1835200
NIFTY-II.NFO,15/07/2024,09:38:56,24684.1,24683.25,175,24687.9,25,25,1835200
NIFTY-II.NFO,15/07/2024,09:38:57,24684,24683,25,24687,50,50,1835200
NIFTY-II.NFO,15/07/2024,09:38:59,24682.75,24682.05,100,24685.95,25,50,1835200
NIFTY-II.NFO,15/07/2024,09:39:01,24685.95,24685.95,50,24686.95,25,25,1835200
NIFTY-II.NFO,15/07/2024,09:39:02,24687.75,24682.05,100,24685.95,25,50,1835200
NIFTY-II.NFO,15/07/2024,09:39:04,24685.9,24682,25,24685.85,175,50,1835200
NIFTY-II.NFO,15/07/2024,09:39:05,24685.9,24682,25,24684.9,75,0,1835200
NIFTY-II.NFO,15/07/2024,09:39:07,24683,24682,25,24684.95,25,25,1835200
NIFTY-II.NFO,15/07/2024,09:39:09,24683,24682,25,24684.95,75,0,1835200
NIFTY-II.NFO,15/07/2024,09:39:10,24682,24681,50,24684.95,25,25,1835200
NIFTY-II.NFO,15/07/2024,09:39:12,24682,24681,50,24683.4,175,0,1835200
NIFTY-II.NFO,15/07/2024,09:39:13,24681,24681,25,24683.8,175,25,1835200
NIFTY-II.NFO,15/07/2024,09:39:15,24681,24681,25,24683.4,100,0,1835200
NIFTY-II.NFO,15/07/2024,09:39:16,24683.15,24681,25,24682.8,150,25,1835200
NIFTY-II.NFO,15/07/2024,09:39:18,24681,24680.5,25,24681.8,100,25,1835200
NIFTY-II.NFO,15/07/2024,09:39:20,24681,24680.5,25,24682.1,25,0,1835200
NIFTY-II.NFO,15/07/2024,09:39:21,24681.85,24680.5,25,24684.5,125,25,1835200
NIFTY-II.NFO,15/07/2024,09:39:23,24681.85,24680.5,25,24682.95,175,0,1835200
NIFTY-II.NFO,15/07/2024,09:39:24,24681.85,24680.5,25,24681.65,175,0,1835200
NIFTY-II.NFO,15/07/2024,09:39:26,24681.85,24680.5,25,24683,500,0,1835200
NIFTY-II.NFO,15/07/2024,09:39:28,24681.85,24680.5,25,24682.35,150,0,1835200
NIFTY-II.NFO,15/07/2024,09:39:29,24681.85,24680.5,25,24682.95,100,0,1835200
NIFTY-II.NFO,15/07/2024,09:39:31,24681.85,24680.5,25,24683,500,0,1835200
NIFTY-II.NFO,15/07/2024,09:39:36,24681.85,24682,25,24682.95,50,0,1835200
NIFTY-II.NFO,15/07/2024,09:39:38,24681.85,24682,25,24683,525,0,1835200
NIFTY-II.NFO,15/07/2024,09:39:39,24681.85,24682,25,24683,500,0,1835200
NIFTY-II.NFO,15/07/2024,09:39:41,24680,24680,150,24680.85,125,75,1835200
NIFTY-II.NFO,15/07/2024,09:39:42,24680,24680,150,24681,75,0,1835200
NIFTY-II.NFO,15/07/2024,09:39:44,24680,24677,75,24679.95,100,150,1835200
NIFTY-II.NFO,15/07/2024,09:39:46,24680,24677,100,24679.85,225,0,1835200
NIFTY-II.NFO,15/07/2024,09:39:47,24679.95,24677,75,24679.75,125,50,1838400
NIFTY-II.NFO,15/07/2024,09:39:49,24679.95,24677,75,24678.9,175,0,1838400
NIFTY-II.NFO,15/07/2024,09:39:51,24677.1,24675,75,24676.9,150,300,1838400
NIFTY-II.NFO,15/07/2024,09:39:52,24677.1,24675.15,100,24679.65,125,0,1838400
NIFTY-II.NFO,15/07/2024,09:39:54,24677.1,24675.05,175,24679.85,100,0,1838400
NIFTY-II.NFO,15/07/2024,09:39:56,24675,24675,50,24679.15,75,50,1838400
NIFTY-II.NFO,15/07/2024,09:39:57,24675,24674.2,100,24678.9,25,50,1838400
NIFTY-II.NFO,15/07/2024,09:39:59,24675,24674.6,100,24678.65,25,0,1838400
NIFTY-II.NFO,15/07/2024,09:40:00,24675,24672.05,100,24675.95,25,0,1838400
NIFTY-II.NFO,15/07/2024,09:40:02,24675,24675,25,24677.2,150,0,1838400
NIFTY-II.NFO,15/07/2024,09:40:04,24675,24672.15,175,24675,75,25,1838400
NIFTY-II.NFO,15/07/2024,09:40:05,24675,24672.05,100,24675,100,0,1838400
NIFTY-II.NFO,15/07/2024,09:40:07,24675,24675,25,24677.15,175,100,1838400
NIFTY-II.NFO,15/07/2024,09:40:09,24675,24674,25,24674.95,375,25,1838400
NIFTY-II.NFO,15/07/2024,09:40:10,24672,24671,25,24672.2,175,150,1838400
NIFTY-II.NFO,15/07/2024,09:40:10,24672,24671,25,24672.2,175,0,1838400
NIFTY-II.NFO,15/07/2024,09:40:12,24670.8,24670.8,25,24672.3,225,50,1838400
NIFTY-II.NFO,15/07/2024,09:40:12,24670.8,24670.8,25,24672.3,225,0,1838400
NIFTY-II.NFO,15/07/2024,09:40:14,24672.3,24670.8,25,24672.35,150,300,1838400
NIFTY-II.NFO,15/07/2024,09:40:15,24666,24666,25,24669.3,125,475,1838400
NIFTY-II.NFO,15/07/2024,09:40:15,24666,24666,25,24669.3,125,0,1838400
NIFTY-II.NFO,15/07/2024,09:40:17,24668.9,24663.6,75,24668.9,275,450,1838400
NIFTY-II.NFO,15/07/2024,09:40:17,24663.75,24663.6,75,24668.9,275,0,1838400
NIFTY-II.NFO,15/07/2024,09:40:19,24663.95,24660.9,75,24663.7,250,75,1838400
NIFTY-II.NFO,15/07/2024,09:40:20,24667.1,24665.95,25,24667.1,50,75,1838400
NIFTY-II.NFO,15/07/2024,09:40:20,24663.7,24665.95,25,24667.1,50,0,1838400
NIFTY-II.NFO,15/07/2024,09:40:22,24670.15,24666.5,250,24670.8,25,650,1838400
NIFTY-II.NFO,15/07/2024,09:40:24,24671.9,24665.4,200,24667.95,25,75,1838400
NIFTY-II.NFO,15/07/2024,09:40:25,24666.75,24666.85,200,24670.95,25,175,1838400
NIFTY-II.NFO,15/07/2024,09:40:27,24669.75,24666.25,200,24668.95,25,50,1838400
NIFTY-II.NFO,15/07/2024,09:40:29,24670.95,24667.7,200,24672,975,50,1838400
NIFTY-II.NFO,15/07/2024,09:40:30,24672,24669.35,325,24672,450,75,1838400
NIFTY-II.NFO,15/07/2024,09:40:32,24672,24670.95,25,24671.75,425,25,1838400
NIFTY-II.NFO,15/07/2024,09:40:34,24672,24668.9,200,24672,250,300,1838400
NIFTY-II.NFO,15/07/2024,09:40:35,24677.65,24671.9,125,24677.15,25,500,1838400
NIFTY-II.NFO,15/07/2024,09:40:37,24676.8,24670.05,200,24673.95,25,75,1838400
NIFTY-II.NFO,15/07/2024,09:40:39,24676.8,24669,200,24672.95,25,0,1838400
NIFTY-II.NFO,15/07/2024,09:40:40,24674.8,24672.15,125,24677.4,100,25,1838400
NIFTY-II.NFO,15/07/2024,09:40:42,24676.55,24675,25,24676.45,25,925,1838400
NIFTY-II.NFO,15/07/2024,09:40:44,24676.55,24675,25,24675.85,25,0,1838400
NIFTY-II.NFO,15/07/2024,09:40:45,24675,24672.3,50,24676,25,25,1838400
NIFTY-II.NFO,15/07/2024,09:40:47,24675,24672.65,50,24676.5,25,0,1838400
NIFTY-II.NFO,15/07/2024,09:40:48,24675,24675.85,25,24676,25,0,1838400
NIFTY-II.NFO,15/07/2024,09:40:52,24674.15,24672.7,50,24675,25,100,1838400
NIFTY-II.NFO,15/07/2024,09:40:53,24675,24674.95,275,24678.3,50,50,1838400
NIFTY-II.NFO,15/07/2024,09:40:55,24675,24676,50,24679.85,25,0,1838400
NIFTY-II.NFO,15/07/2024,09:40:57,24676.2,24676.95,50,24679.85,25,25,1838400
NIFTY-II.NFO,15/07/2024,09:40:58,24676.95,24675.85,275,24680,25,50,1838400
NIFTY-II.NFO,15/07/2024,09:41:00,24680,24680.6,50,24684.8,75,25,1838400
NIFTY-II.NFO,15/07/2024,09:41:02,24680,24683.45,125,24687.7,25,0,1838400
NIFTY-II.NFO,15/07/2024,09:41:03,24680,24682.15,50,24686.2,25,0,1838400
NIFTY-II.NFO,15/07/2024,09:41:05,24680,24681.9,50,24686.95,25,0,1838400
NIFTY-II.NFO,15/07/2024,09:41:06,24680,24680.9,50,24685,25,0,1838400
NIFTY-II.NFO,15/07/2024,09:41:08,24680.15,24678.1,175,24681.9,25,275,1838400
NIFTY-II.NFO,15/07/2024,09:41:09,24680.15,24680,100,24681.9,25,0,1838400
NIFTY-II.NFO,15/07/2024,09:41:13,24680,24680,75,24681.9,25,25,1838400
NIFTY-II.NFO,15/07/2024,09:41:14,24681.9,24680.1,50,24685.15,200,25,1838400
NIFTY-II.NFO,15/07/2024,09:41:16,24682,24682.65,50,24685.45,25,50,1838400
NIFTY-II.NFO,15/07/2024,09:41:18,24682,24683.05,50,24687,150,0,1838400
NIFTY-II.NFO,15/07/2024,09:41:19,24683.2,24683.5,100,24687.9,200,75,1838400
NIFTY-II.NFO,15/07/2024,09:41:21,24683.2,24685,75,24688.85,200,0,1838400
NIFTY-II.NFO,15/07/2024,09:41:23,24688.05,24684.95,125,24688.9,25,325,1838400
NIFTY-II.NFO,15/07/2024,09:41:24,24688.05,24686.85,50,24688.9,25,0,1838400
NIFTY-II.NFO,15/07/2024,09:41:26,24688.3,24686.55,50,24689,25,25,1838400
NIFTY-II.NFO,15/07/2024,09:41:28,24689,24689,25,24689.2,25,25,1838400
NIFTY-II.NFO,15/07/2024,09:41:29,24689.2,24686.2,150,24688.25,25,25,1838400
NIFTY-II.NFO,15/07/2024,09:41:31,24687,24686.65,75,24689.2,25,125,1838400
NIFTY-II.NFO,15/07/2024,09:41:33,24689.2,24685.8,25,24689.2,25,25,1838400
NIFTY-II.NFO,15/07/2024,09:41:34,24690,24687.25,25,24689,25,50,1838400
NIFTY-II.NFO,15/07/2024,09:41:36,24690.55,24686.65,25,24690.55,50,50,1838400
NIFTY-II.NFO,15/07/2024,09:41:38,24685.9,24687,25,24690.5,200,100,1838400
NIFTY-II.NFO,15/07/2024,09:41:39,24689.6,24687,25,24689.95,250,25,1838400
NIFTY-II.NFO,15/07/2024,09:41:41,24689.6,24687,25,24688.6,200,0,1838400
NIFTY-II.NFO,15/07/2024,09:41:43,24687,24685,100,24685.9,250,25,1838400
NIFTY-II.NFO,15/07/2024,09:41:44,24685,24683.2,25,24684.8,200,100,1838400
NIFTY-II.NFO,15/07/2024,09:41:46,24685.4,24683.2,25,24684.6,200,25,1838400
NIFTY-II.NFO,15/07/2024,09:41:47,24685.4,24683.2,25,24684.6,275,0,1838400
NIFTY-II.NFO,15/07/2024,09:41:49,24684.65,24683.2,25,24685.6,200,25,1838400
NIFTY-II.NFO,15/07/2024,09:41:51,24684.65,24683.2,25,24684.75,200,0,1838400
NIFTY-II.NFO,15/07/2024,09:41:52,24684.65,24683.2,25,24686.1,25,0,1838400
NIFTY-II.NFO,15/07/2024,09:41:54,24684.65,24683.2,25,24686.65,200,0,1838400
NIFTY-II.NFO,15/07/2024,09:41:57,24684.65,24683.25,50,24687.15,25,0,1838400
NIFTY-II.NFO,15/07/2024,09:41:59,24683.2,24681.45,50,24684.65,25,100,1838400
NIFTY-II.NFO,15/07/2024,09:42:00,24683.2,24683.45,75,24684.65,25,0,1838400
NIFTY-II.NFO,15/07/2024,09:42:02,24683.2,24683.1,75,24684.65,25,0,1838400
NIFTY-II.NFO,15/07/2024,09:42:04,24683.2,24682.9,75,24684.65,25,0,1838400
NIFTY-II.NFO,15/07/2024,09:42:05,24683.2,24683.65,75,24684.65,25,0,1838400
NIFTY-II.NFO,15/07/2024,09:42:07,24683.2,24683.4,25,24684.65,25,0,1838400
NIFTY-II.NFO,15/07/2024,09:42:09,24683.2,24681.65,50,24684.65,25,0,1838400
NIFTY-II.NFO,15/07/2024,09:42:10,24683.2,24681.75,75,24684.65,25,0,1838400
NIFTY-II.NFO,15/07/2024,09:42:12,24683.2,24681.15,50,24684.65,25,0,1838400
NIFTY-II.NFO,15/07/2024,09:42:13,24683.2,24680.95,75,24684.65,25,0,1838400
NIFTY-II.NFO,15/07/2024,09:42:15,24688.15,24683.1,75,24688,200,75,1838400
NIFTY-II.NFO,15/07/2024,09:42:16,24688.15,24685.7,75,24689,25,0,1838400
NIFTY-II.NFO,15/07/2024,09:42:18,24688.15,24685.4,75,24689,25,0,1838400
NIFTY-II.NFO,15/07/2024,09:42:19,24688.15,24685.5,125,24689,25,0,1838400
NIFTY-II.NFO,15/07/2024,09:42:21,24688.15,24685.35,75,24689,25,0,1838400
NIFTY-II.NFO,15/07/2024,09:42:23,24689,24687.75,75,24689.95,50,25,1838400
NIFTY-II.NFO,15/07/2024,09:42:24,24689,24687.5,75,24689.95,50,0,1838400
NIFTY-II.NFO,15/07/2024,09:42:26,24689,24686.55,75,24689.95,50,0,1838400
NIFTY-II.NFO,15/07/2024,09:42:28,24689.95,24689,25,24690,50,50,1838400
NIFTY-II.NFO,15/07/2024,09:42:29,24685.7,24684.7,75,24689.85,275,125,1838400
NIFTY-II.NFO,15/07/2024,09:42:31,24685.7,24684.25,75,24689.35,200,0,1838400
NIFTY-II.NFO,15/07/2024,09:42:33,24685.7,24686.85,75,24690,25,0,1838400
NIFTY-II.NFO,15/07/2024,09:42:34,24685.7,24685.3,75,24690,25,0,1838400
NIFTY-II.NFO,15/07/2024,09:42:36,24685.7,24686,75,24690,25,0,1838400
NIFTY-II.NFO,15/07/2024,09:42:38,24685.7,24685,25,24689.25,200,0,1838400
NIFTY-II.NFO,15/07/2024,09:42:39,24685.7,24685,25,24688.5,200,0,1838400
NIFTY-II.NFO,15/07/2024,09:42:41,24685.7,24684.2,25,24688.05,50,0,1838400
NIFTY-II.NFO,15/07/2024,09:42:43,24685.7,24685.8,150,24690,25,0,1838400
NIFTY-II.NFO,15/07/2024,09:42:44,24685.7,24689.05,50,24689.95,200,0,1838400
NIFTY-II.NFO,15/07/2024,09:42:46,24689.05,24684.2,25,24687.9,200,50,1839100
NIFTY-II.NFO,15/07/2024,09:42:48,24689.05,24684.25,150,24687.95,25,0,1839100
NIFTY-II.NFO,15/07/2024,09:42:49,24689.05,24684.2,25,24688.6,200,0,1839100
NIFTY-II.NFO,15/07/2024,09:42:51,24689.05,24686,50,24689.9,200,0,1839100
NIFTY-II.NFO,15/07/2024,09:42:53,24689.05,24686,50,24689.95,200,0,1839100
NIFTY-II.NFO,15/07/2024,09:42:54,24689.05,24686,50,24689.95,25,0,1839100
NIFTY-II.NFO,15/07/2024,09:42:56,24689.05,24686.05,75,24689.05,100,0,1839100
NIFTY-II.NFO,15/07/2024,09:42:57,24689.05,24686,50,24688.7,200,0,1839100
NIFTY-II.NFO,15/07/2024,09:42:59,24689.05,24686,50,24688.15,250,0,1839100
NIFTY-II.NFO,15/07/2024,09:43:01,24686,24683.2,50,24685.95,25,50,1839100
NIFTY-II.NFO,15/07/2024,09:43:02,24686,24683.2,50,24684.55,200,0,1839100
NIFTY-II.NFO,15/07/2024,09:43:04,24683.2,24681,25,24682.9,200,50,1839100
NIFTY-II.NFO,15/07/2024,09:43:06,24683.2,24681,25,24682.7,200,0,1839100
NIFTY-II.NFO,15/07/2024,09:43:07,24680,24677.4,75,24680.95,25,100,1839100
NIFTY-II.NFO,15/07/2024,09:43:09,24680.95,24678,825,24681.95,25,100,1839100
NIFTY-II.NFO,15/07/2024,09:43:10,24680.95,24677.75,700,24681.95,25,0,1839100
NIFTY-II.NFO,15/07/2024,09:43:12,24680.95,24677.25,675,24680.95,25,50,1839100
NIFTY-II.NFO,15/07/2024,09:43:13,24678,24677,650,24680.95,25,25,1839100
NIFTY-II.NFO,15/07/2024,09:43:15,24678,24677.25,825,24681.9,50,0,1839100
NIFTY-II.NFO,15/07/2024,09:43:16,24678,24676.95,175,24680.95,25,0,1839100
NIFTY-II.NFO,15/07/2024,09:43:18,24676.95,24676.95,150,24680.75,50,25,1839100
NIFTY-II.NFO,15/07/2024,09:43:20,24676.95,24676.95,150,24680.75,50,0,1839100
NIFTY-II.NFO,15/07/2024,09:43:21,24676.95,24676.95,150,24679.95,50,0,1839100
NIFTY-II.NFO,15/07/2024,09:43:23,24676.95,24676.95,150,24680.5,50,0,1839100
NIFTY-II.NFO,15/07/2024,09:43:25,24676.95,24676.95,150,24680.1,50,0,1839100
NIFTY-II.NFO,15/07/2024,09:43:26,24676.95,24677,700,24681.9,50,0,1839100
NIFTY-II.NFO,15/07/2024,09:43:28,24676.95,24677.25,600,24681.6,50,0,1839100
NIFTY-II.NFO,15/07/2024,09:43:30,24676.95,24676.95,150,24679.75,50,0,1839100
NIFTY-II.NFO,15/07/2024,09:43:31,24676.95,24677,25,24680.6,50,0,1839100
NIFTY-II.NFO,15/07/2024,09:43:33,24676.95,24677,25,24680.5,50,0,1839100
NIFTY-II.NFO,15/07/2024,09:43:35,24676.95,24677,25,24680.2,50,0,1839100
NIFTY-II.NFO,15/07/2024,09:43:36,24677,24676.95,150,24680.85,50,25,1839100
NIFTY-II.NFO,15/07/2024,09:43:38,24677,24676.95,150,24681.4,50,0,1839100
NIFTY-II.NFO,15/07/2024,09:43:40,24677,24677.8,125,24680,50,0,1839100
NIFTY-II.NFO,15/07/2024,09:43:41,24677,24677.3,125,24680,50,0,1839100
NIFTY-II.NFO,15/07/2024,09:43:43,24677,24677,150,24680,50,0,1839100
NIFTY-II.NFO,15/07/2024,09:43:45,24677,24677,25,24679.95,100,0,1839100
NIFTY-II.NFO,15/07/2024,09:43:46,24677,24677,25,24679.25,50,0,1839100
NIFTY-II.NFO,15/07/2024,09:43:48,24679.25,24677,25,24679.35,100,25,1839100
NIFTY-II.NFO,15/07/2024,09:43:50,24679.25,24677,25,24679.2,325,0,1839100
NIFTY-II.NFO,15/07/2024,09:43:51,24679.25,24677,25,24680,50,0,1839100
NIFTY-II.NFO,15/07/2024,09:43:53,24679.25,24677,25,24679.95,275,0,1839100
NIFTY-II.NFO,15/07/2024,09:43:54,24677,24676.95,150,24679.25,125,25,1839100
NIFTY-II.NFO,15/07/2024,09:43:56,24677,24676.95,150,24678.7,325,0,1839100
NIFTY-II.NFO,15/07/2024,09:43:58,24677,24676.95,150,24679.85,275,0,1839100
NIFTY-II.NFO,15/07/2024,09:43:59,24677,24676.95,150,24680,50,0,1839100
NIFTY-II.NFO,15/07/2024,09:44:01,24676.95,24676.95,125,24680,50,25,1839100
NIFTY-II.NFO,15/07/2024,09:44:02,24676.95,24676.95,125,24680,50,0,1839100
NIFTY-II.NFO,15/07/2024,09:44:04,24676.95,24677,25,24680,50,0,1839100
NIFTY-II.NFO,15/07/2024,09:44:06,24677,24677,50,24680,50,25,1839100
NIFTY-II.NFO,15/07/2024,09:44:07,24677,24677,50,24679.9,250,0,1839100
NIFTY-II.NFO,15/07/2024,09:44:09,24677,24677,50,24679,25,0,1839100
NIFTY-II.NFO,15/07/2024,09:44:12,24677,24677,25,24678.4,250,25,1839100
NIFTY-II.NFO,15/07/2024,09:44:14,24677,24677,25,24679,25,0,1839100
NIFTY-II.NFO,15/07/2024,09:44:17,24677,24677,25,24679,25,25,1839100
NIFTY-II.NFO,15/07/2024,09:44:19,24677,24677,25,24679,25,0,1839100
NIFTY-II.NFO,15/07/2024,09:44:24,24676.95,24676,50,24677.05,250,150,1839100
NIFTY-II.NFO,15/07/2024,09:44:25,24676,24675,25,24676.4,200,50,1839100
NIFTY-II.NFO,15/07/2024,09:44:27,24676,24675,25,24675.5,200,0,1839100
NIFTY-II.NFO,15/07/2024,09:44:29,24676,24675,25,24677.75,200,0,1839100
NIFTY-II.NFO,15/07/2024,09:44:30,24675,24672.1,75,24675.25,250,25,1839100
NIFTY-II.NFO,15/07/2024,09:44:32,24672,24670.1,25,24672,250,50,1839100
NIFTY-II.NFO,15/07/2024,09:44:34,24672,24670.1,25,24672.45,200,0,1839100
NIFTY-II.NFO,15/07/2024,09:44:35,24672,24670.1,25,24671.6,200,0,1839100
NIFTY-II.NFO,15/07/2024,09:44:37,24672,24670.1,25,24673.4,200,0,1839100
NIFTY-II.NFO,15/07/2024,09:44:39,24672,24672.05,25,24676.1,325,0,1839100
NIFTY-II.NFO,15/07/2024,09:44:40,24672,24672.05,100,24676.8,50,0,1839100
NIFTY-II.NFO,15/07/2024,09:44:42,24675.1,24675.05,100,24679,25,25,1839100
NIFTY-II.NFO,15/07/2024,09:44:44,24675.1,24674.7,50,24679,25,0,1839100
NIFTY-II.NFO,15/07/2024,09:44:46,24675.1,24675.6,125,24679,25,0,1839100
NIFTY-II.NFO,15/07/2024,09:44:47,24676.1,24676.1,75,24680,50,100,1839100
NIFTY-II.NFO,15/07/2024,09:44:49,24679.65,24676.05,25,24679.85,325,75,1839100
NIFTY-II.NFO,15/07/2024,09:44:50,24679.65,24674.1,25,24678.9,325,0,1839100
NIFTY-II.NFO,15/07/2024,09:44:52,24680,24677.7,50,24681.8,400,50,1839100
NIFTY-II.NFO,15/07/2024,09:44:54,24680,24677.4,25,24681.15,200,0,1839100
NIFTY-II.NFO,15/07/2024,09:44:55,24680,24675.1,50,24678.2,250,0,1839100
NIFTY-II.NFO,15/07/2024,09:44:57,24677,24675.1,50,24677,200,75,1839100
NIFTY-II.NFO,15/07/2024,09:44:58,24677.05,24675.1,50,24677.05,200,25,1839100
NIFTY-II.NFO,15/07/2024,09:45:00,24677.05,24675.3,50,24677.7,25,0,1839100
NIFTY-II.NFO,15/07/2024,09:45:02,24677.05,24675.6,100,24677.7,25,0,1839100
NIFTY-II.NFO,15/07/2024,09:45:03,24677.05,24676.2,175,24677.7,25,0,1839100
NIFTY-II.NFO,15/07/2024,09:45:05,24675.1,24675.1,25,24678.8,200,25,1839100
NIFTY-II.NFO,15/07/2024,09:45:07,24675.25,24675.1,25,24678.75,200,50,1839100
NIFTY-II.NFO,15/07/2024,09:45:08,24675.25,24675.1,25,24677.65,100,0,1839100
NIFTY-II.NFO,15/07/2024,09:45:10,24675.25,24675.1,25,24677.75,200,0,1839100
NIFTY-II.NFO,15/07/2024,09:45:11,24675.25,24675.1,25,24678.2,200,0,1839100
NIFTY-II.NFO,15/07/2024,09:45:13,24677.7,24675.25,25,24677.7,200,50,1839100
NIFTY-II.NFO,15/07/2024,09:45:15,24677.7,24675.25,25,24677,200,0,1839100
NIFTY-II.NFO,15/07/2024,09:45:16,24677.6,24675.25,25,24677.6,200,25,1839100
NIFTY-II.NFO,15/07/2024,09:45:18,24677.6,24675.25,25,24676.95,250,0,1839100
NIFTY-II.NFO,15/07/2024,09:45:19,24677.6,24675.25,25,24677.5,200,0,1839100
NIFTY-II.NFO,15/07/2024,09:45:21,24677.6,24675.25,25,24678.45,200,0,1839100
NIFTY-II.NFO,15/07/2024,09:45:23,24675.25,24675.1,25,24678.05,200,25,1839100
NIFTY-II.NFO,15/07/2024,09:45:24,24675.1,24674.05,25,24678.05,200,25,1839100
NIFTY-II.NFO,15/07/2024,09:45:26,24675.1,24677.05,25,24680.25,200,0,1839100
NIFTY-II.NFO,15/07/2024,09:45:27,24678.1,24678.1,125,24682.35,200,100,1839100
NIFTY-II.NFO,15/07/2024,09:45:29,24678.1,24680.2,125,24684.25,75,0,1839100
NIFTY-II.NFO,15/07/2024,09:45:31,24678.1,24682.05,25,24684.45,200,0,1839100
NIFTY-II.NFO,15/07/2024,09:45:32,24678.1,24681.05,100,24685.35,200,0,1839100
NIFTY-II.NFO,15/07/2024,09:45:34,24678.1,24681.05,25,24684.25,200,0,1839100
NIFTY-II.NFO,15/07/2024,09:45:36,24678.1,24682.05,25,24685.65,200,0,1839100
NIFTY-II.NFO,15/07/2024,09:45:37,24678.1,24682.05,100,24686,200,0,1839100
NIFTY-II.NFO,15/07/2024,09:45:39,24678.1,24682.2,50,24686.25,200,0,1839100
NIFTY-II.NFO,15/07/2024,09:45:41,24678.1,24680.15,50,24684,25,0,1839100
NIFTY-II.NFO,15/07/2024,09:45:42,24678.1,24681.3,50,24684,25,0,1839100
NIFTY-II.NFO,15/07/2024,09:45:44,24678.1,24681.05,25,24684,25,0,1839100
NIFTY-II.NFO,15/07/2024,09:45:46,24678.1,24680,150,24683.45,200,0,1839100
NIFTY-II.NFO,15/07/2024,09:45:47,24678.1,24680,150,24681.45,200,0,1839100
NIFTY-II.NFO,15/07/2024,09:45:49,24680,24680,100,24682.55,200,50,1838850
NIFTY-II.NFO,15/07/2024,09:45:51,24680,24680,100,24681.65,200,0,1838850
NIFTY-II.NFO,15/07/2024,09:45:52,24680,24680,100,24682.55,200,0,1838850
NIFTY-II.NFO,15/07/2024,09:45:54,24680.05,24680,100,24682.55,200,25,1838850
NIFTY-II.NFO,15/07/2024,09:45:55,24680.05,24680.05,25,24683.75,475,0,1838850
NIFTY-II.NFO,15/07/2024,09:45:57,24680.05,24680,100,24681.65,200,0,1838850
NIFTY-II.NFO,15/07/2024,09:45:58,24680.05,24680,100,24680.05,25,0,1838850
NIFTY-II.NFO,15/07/2024,09:46:00,24680.05,24680.4,125,24684,25,25,1838850
NIFTY-II.NFO,15/07/2024,09:46:02,24680.05,24681.05,25,24684,25,0,1838850
NIFTY-II.NFO,15/07/2024,09:46:03,24680.05,24680,100,24682.7,200,0,1838850
NIFTY-II.NFO,15/07/2024,09:46:05,24680.05,24680,100,24683.85,200,0,1838850
NIFTY-II.NFO,15/07/2024,09:46:07,24680.05,24680,100,24683.65,200,0,1838850
NIFTY-II.NFO,15/07/2024,09:46:08,24680.05,24681.1,50,24684,25,25,1838850
NIFTY-II.NFO,15/07/2024,09:46:10,24680.05,24681.05,50,24684,25,0,1838850
NIFTY-II.NFO,15/07/2024,09:46:12,24680.05,24681.05,25,24684,25,0,1838850
NIFTY-II.NFO,15/07/2024,09:46:13,24680.05,24681,100,24684,25,0,1838850
NIFTY-II.NFO,15/07/2024,09:46:16,24680.05,24681.15,50,24684,25,0,1838850
NIFTY-II.NFO,15/07/2024,09:46:18,24680.05,24681,100,24682.25,275,0,1838850
NIFTY-II.NFO,15/07/2024,09:46:20,24680.05,24681,100,24682.55,200,0,1838850
NIFTY-II.NFO,15/07/2024,09:46:21,24680.05,24681,100,24682.6,200,0,1838850
NIFTY-II.NFO,15/07/2024,09:46:23,24680.05,24681,100,24682.5,200,0,1838850
NIFTY-II.NFO,15/07/2024,09:46:24,24680.05,24681,100,24683.1,200,0,1838850
NIFTY-II.NFO,15/07/2024,09:46:26,24680.05,24681,100,24683,200,0,1838850
NIFTY-II.NFO,15/07/2024,09:46:28,24680.05,24681,100,24683.3,75,0,1838850
NIFTY-II.NFO,15/07/2024,09:46:29,24680.05,24681,100,24683.4,250,0,1838850
NIFTY-II.NFO,15/07/2024,09:46:31,24680.05,24681,100,24683.8,200,0,1838850
NIFTY-II.NFO,15/07/2024,09:46:32,24680.05,24681,100,24681.95,200,0,1838850
NIFTY-II.NFO,15/07/2024,09:46:34,24681.65,24680.05,475,24681.85,75,100,1838850
NIFTY-II.NFO,15/07/2024,09:46:36,24681.65,24680.05,475,24682.3,25,0,1838850
NIFTY-II.NFO,15/07/2024,09:46:37,24681.65,24680.05,475,24682.3,75,0,1838850
NIFTY-II.NFO,15/07/2024,09:46:39,24681.65,24680.05,475,24682.95,250,0,1838850
NIFTY-II.NFO,15/07/2024,09:46:42,24681.65,24681.65,25,24682.95,250,0,1838850
NIFTY-II.NFO,15/07/2024,09:46:44,24681.65,24681.65,25,24683.7,75,0,1838850
NIFTY-II.NFO,15/07/2024,09:46:45,24681.65,24681.65,25,24683.8,250,0,1838850
NIFTY-II.NFO,15/07/2024,09:46:47,24681.65,24681.65,25,24684,25,0,1838850
NIFTY-II.NFO,15/07/2024,09:46:52,24681.65,24681.65,25,24683.2,75,0,1838850
NIFTY-II.NFO,15/07/2024,09:46:54,24681.65,24681.65,25,24684,100,0,1838850
NIFTY-II.NFO,15/07/2024,09:46:55,24681.5,24680.45,50,24681.5,2375,125,1838850
NIFTY-II.NFO,15/07/2024,09:46:57,24681.5,24680.05,475,24681.5,2325,50,1838850
NIFTY-II.NFO,15/07/2024,09:46:59,24681.5,24680.05,475,24681.5,2300,25,1838850
NIFTY-II.NFO,15/07/2024,09:47:00,24681.5,24680.05,475,24681.5,2300,0,1838850
NIFTY-II.NFO,15/07/2024,09:47:02,24680,24675.4,175,24679.9,75,525,1838850
NIFTY-II.NFO,15/07/2024,09:47:03,24680,24677.05,25,24681.3,200,0,1838850
NIFTY-II.NFO,15/07/2024,09:47:05,24680,24675.75,250,24680.55,200,0,1838850
NIFTY-II.NFO,15/07/2024,09:47:07,24680,24677.1,175,24681.5,2300,0,1838850
NIFTY-II.NFO,15/07/2024,09:47:08,24680,24676.65,250,24681.5,2300,0,1838850
NIFTY-II.NFO,15/07/2024,09:47:10,24680,24677.1,250,24681.5,2300,0,1838850
NIFTY-II.NFO,15/07/2024,09:47:12,24680,24678.05,25,24681.5,2300,0,1838850
NIFTY-II.NFO,15/07/2024,09:47:13,24680,24676.45,175,24680.95,75,0,1838850
NIFTY-II.NFO,15/07/2024,09:47:15,24680,24675.5,175,24680.3,150,0,1838850
NIFTY-II.NFO,15/07/2024,09:47:16,24680,24675.2,175,24680,200,0,1838850
NIFTY-II.NFO,15/07/2024,09:47:18,24680,24675.05,175,24679.6,275,0,1838850
NIFTY-II.NFO,15/07/2024,09:47:20,24680,24675,300,24679.1,200,0,1838850
NIFTY-II.NFO,15/07/2024,09:47:21,24680,24675,300,24678.05,75,0,1838850
NIFTY-II.NFO,15/07/2024,09:47:23,24680,24675,300,24678.4,200,0,1838850
NIFTY-II.NFO,15/07/2024,09:47:25,24675,24675,275,24678,275,25,1838850
NIFTY-II.NFO,15/07/2024,09:47:26,24675,24675,275,24677.3,200,0,1838850
NIFTY-II.NFO,15/07/2024,09:47:28,24675,24675,275,24677.95,325,0,1838850
NIFTY-II.NFO,15/07/2024,09:47:30,24675,24675,225,24676.05,325,50,1838850
NIFTY-II.NFO,15/07/2024,09:47:31,24675,24675,225,24675.85,100,0,1838850
NIFTY-II.NFO,15/07/2024,09:47:33,24675,24675,225,24676.55,125,0,1838850
NIFTY-II.NFO,15/07/2024,09:47:35,24675,24675,225,24675.9,250,0,1838850
NIFTY-II.NFO,15/07/2024,09:47:36,24675,24675,150,24675.55,75,100,1838850
NIFTY-II.NFO,15/07/2024,09:47:38,24675,24675,150,24676.35,25,0,1838850
NIFTY-II.NFO,15/07/2024,09:47:39,24675,24675.05,25,24678.8,200,0,1838850
NIFTY-II.NFO,15/07/2024,09:47:41,24675,24676.1,200,24680,50,0,1838850
NIFTY-II.NFO,15/07/2024,09:47:43,24675,24676.1,275,24680,50,0,1838850
NIFTY-II.NFO,15/07/2024,09:47:44,24675,24675,150,24677.85,75,0,1838850
NIFTY-II.NFO,15/07/2024,09:47:46,24675,24675,150,24676.6,75,0,1838850
NIFTY-II.NFO,15/07/2024,09:47:48,24675,24675,150,24675.8,75,0,1838850
NIFTY-II.NFO,15/07/2024,09:47:49,24675,24675,25,24675.8,75,150,1838850
NIFTY-II.NFO,15/07/2024,09:47:51,24675,24675,25,24675.9,200,0,1838850
NIFTY-II.NFO,15/07/2024,09:47:54,24675.15,24675,25,24675.1,100,25,1838850
NIFTY-II.NFO,15/07/2024,09:47:56,24675,24670.1,25,24673.35,100,25,1838850
NIFTY-II.NFO,15/07/2024,09:47:58,24675,24670.1,25,24672.85,100,0,1838850
NIFTY-II.NFO,15/07/2024,09:47:59,24675,24670.25,275,24674.45,100,0,1838850
NIFTY-II.NFO,15/07/2024,09:48:01,24675,24670.15,200,24674.45,100,0,1838850
NIFTY-II.NFO,15/07/2024,09:48:03,24675,24673.05,25,24676.5,100,0,1838850
NIFTY-II.NFO,15/07/2024,09:48:04,24675,24674.05,25,24678,200,0,1838850
NIFTY-II.NFO,15/07/2024,09:48:06,24673.05,24674.1,250,24678.05,200,25,1838850
NIFTY-II.NFO,15/07/2024,09:48:07,24673.05,24673.4,250,24677.85,200,0,1838850
NIFTY-II.NFO,15/07/2024,09:48:09,24673.05,24672,50,24675.4,100,0,1838850
NIFTY-II.NFO,15/07/2024,09:48:11,24673.05,24672,50,24674.55,325,0,1838850
NIFTY-II.NFO,15/07/2024,09:48:12,24673.05,24672,50,24674.5,100,0,1838850
NIFTY-II.NFO,15/07/2024,09:48:14,24673.05,24672,50,24673.05,25,0,1838850
NIFTY-II.NFO,15/07/2024,09:48:16,24673.05,24673.05,25,24676.7,250,25,1838850
NIFTY-II.NFO,15/07/2024,09:48:17,24676.65,24672,50,24676.05,200,25,1838850
NIFTY-II.NFO,15/07/2024,09:48:19,24676.65,24672,50,24675.4,100,0,1838850
NIFTY-II.NFO,15/07/2024,09:48:21,24676.65,24672.15,200,24675.9,100,0,1838850
NIFTY-II.NFO,15/07/2024,09:48:22,24676.65,24672.05,25,24676.05,200,0,1838850
NIFTY-II.NFO,15/07/2024,09:48:24,24676.65,24672,50,24674.9,100,0,1838850
NIFTY-II.NFO,15/07/2024,09:48:26,24672,24672,25,24672.5,1600,25,1838850
NIFTY-II.NFO,15/07/2024,09:48:27,24672.5,24672,25,24672.5,1550,50,1838850
NIFTY-II.NFO,15/07/2024,09:48:29,24672.5,24672,25,24672.5,1075,475,1838850
NIFTY-II.NFO,15/07/2024,09:48:31,24672.5,24672,25,24672.5,925,150,1838850
NIFTY-II.NFO,15/07/2024,09:48:32,24672.5,24672,25,24672.5,1325,300,1838850
NIFTY-II.NFO,15/07/2024,09:48:34,24672.5,24672,25,24672.5,1150,200,1838850
NIFTY-II.NFO,15/07/2024,09:48:35,24673.05,24676.05,25,24679.6,275,1175,1838850
NIFTY-II.NFO,15/07/2024,09:48:37,24678,24672,25,24675.3,175,25,1838850
NIFTY-II.NFO,15/07/2024,09:48:39,24678,24672,25,24675.55,175,0,1838850
NIFTY-II.NFO,15/07/2024,09:48:40,24678,24672.1,50,24676.35,175,0,1838850
NIFTY-II.NFO,15/07/2024,09:48:42,24678,24673.05,25,24676.85,175,0,1838850
NIFTY-II.NFO,15/07/2024,09:48:44,24678,24672,25,24676.85,175,0,1838850
NIFTY-II.NFO,15/07/2024,09:48:45,24678,24672.8,50,24676.75,175,0,1838850
NIFTY-II.NFO,15/07/2024,09:48:47,24678,24672.3,50,24676.75,175,0,1838850
NIFTY-II.NFO,15/07/2024,09:48:49,24678,24672,25,24676.05,175,0,1838850
NIFTY-II.NFO,15/07/2024,09:48:52,24671.5,24670.65,50,24675.3,175,50,1840375
NIFTY-II.NFO,15/07/2024,09:48:54,24671.5,24670.85,200,24675.75,175,0,1840375
NIFTY-II.NFO,15/07/2024,09:48:55,24671.5,24671.25,50,24675.9,175,0,1840375
NIFTY-II.NFO,15/07/2024,09:48:57,24671.5,24670.7,50,24675.25,250,0,1840375
NIFTY-II.NFO,15/07/2024,09:48:59,24671.5,24670.1,25,24673.1,250,0,1840375
NIFTY-II.NFO,15/07/2024,09:49:00,24671.5,24670.5,50,24674.85,175,0,1840375
NIFTY-II.NFO,15/07/2024,09:49:02,24671.5,24670.45,75,24675.25,175,0,1840375
NIFTY-II.NFO,15/07/2024,09:49:04,24671.5,24670.1,25,24670.25,25,0,1840375
NIFTY-II.NFO,15/07/2024,09:49:07,24670.25,24671.1,275,24675.65,175,25,1840375
NIFTY-II.NFO,15/07/2024,09:49:09,24674.05,24673.8,25,24678.25,200,275,1840375
NIFTY-II.NFO,15/07/2024,09:49:10,24674.05,24676.05,25,24679.75,200,0,1840375
NIFTY-II.NFO,15/07/2024,09:49:12,24676.05,24674.5,100,24678.95,200,25,1840375
NIFTY-II.NFO,15/07/2024,09:49:14,24674.15,24673.65,50,24678.8,275,275,1840375
NIFTY-II.NFO,15/07/2024,09:49:15,24674.15,24673.05,25,24677.55,275,0,1840375
NIFTY-II.NFO,15/07/2024,09:49:17,24674.15,24672.2,125,24677.45,275,0,1840375
NIFTY-II.NFO,15/07/2024,09:49:19,24676.2,24672.45,100,24676.85,200,100,1840375
NIFTY-II.NFO,15/07/2024,09:49:20,24676.2,24672.65,100,24677.05,100,0,1840375
NIFTY-II.NFO,15/07/2024,09:49:22,24675.15,24677.05,25,24680,100,25,1840375
NIFTY-II.NFO,15/07/2024,09:49:24,24675.15,24676.35,50,24680,100,0,1840375
NIFTY-II.NFO,15/07/2024,09:49:25,24675.15,24676.05,25,24679.95,25,0,1840375
NIFTY-II.NFO,15/07/2024,09:49:27,24675.15,24676.05,25,24679,25,0,1840375
NIFTY-II.NFO,15/07/2024,09:49:28,24675.15,24674.5,50,24678.95,275,0,1840375
NIFTY-II.NFO,15/07/2024,09:49:30,24675.15,24673.1,100,24675,1000,0,1840375
NIFTY-II.NFO,15/07/2024,09:49:32,24675,24674.2,100,24675,850,150,1840375
NIFTY-II.NFO,15/07/2024,09:49:33,24675,24674.8,100,24675,225,625,1840375
NIFTY-II.NFO,15/07/2024,09:49:35,24678.8,24675.1,50,24678.8,125,275,1840375
NIFTY-II.NFO,15/07/2024,09:49:37,24678.8,24675.1,50,24678.8,125,0,1840375
NIFTY-II.NFO,15/07/2024,09:49:38,24678.8,24674.85,50,24678.8,125,0,1840375
NIFTY-II.NFO,15/07/2024,09:49:40,24678.8,24676.2,50,24678.8,125,0,1840375
NIFTY-II.NFO,15/07/2024,09:49:41,24678.8,24676.25,50,24680,75,0,1840375
NIFTY-II.NFO,15/07/2024,09:49:43,24678.8,24676.25,125,24680,125,0,1840375
NIFTY-II.NFO,15/07/2024,09:49:45,24678.8,24676.25,50,24679.9,75,0,1840375
NIFTY-II.NFO,15/07/2024,09:49:46,24678.8,24676.2,50,24679.75,125,0,1840375
NIFTY-II.NFO,15/07/2024,09:49:48,24678.8,24676.2,50,24679.7,75,0,1840375
NIFTY-II.NFO,15/07/2024,09:49:50,24678.8,24676.2,50,24678.7,275,0,1840375
NIFTY-II.NFO,15/07/2024,09:49:51,24676.2,24676.2,25,24678.6,200,25,1840375
NIFTY-II.NFO,15/07/2024,09:49:53,24676.2,24676.2,25,24676.95,25,0,1840375
NIFTY-II.NFO,15/07/2024,09:49:55,24676.2,24676.2,25,24676.7,200,0,1840375
NIFTY-II.NFO,15/07/2024,09:49:56,24676.7,24676.2,25,24676.9,200,25,1840375
NIFTY-II.NFO,15/07/2024,09:49:58,24676.7,24676.2,25,24676.7,200,0,1840375
NIFTY-II.NFO,15/07/2024,09:50:00,24676.75,24676.2,25,24677.55,250,25,1840375
NIFTY-II.NFO,15/07/2024,09:50:01,24676.75,24676.2,25,24678.45,200,0,1840375
NIFTY-II.NFO,15/07/2024,09:50:03,24676.75,24676.25,50,24678,50,0,1840375
NIFTY-II.NFO,15/07/2024,09:50:06,24678,24677.25,125,24680,75,50,1840375
NIFTY-II.NFO,15/07/2024,09:50:08,24678,24678,50,24680,75,0,1840375
NIFTY-II.NFO,15/07/2024,09:50:10,24678,24678.05,75,24680,75,0,1840375
NIFTY-II.NFO,15/07/2024,09:50:11,24678,24678.3,50,24680,75,0,1840375
NIFTY-II.NFO,15/07/2024,09:50:13,24678,24679.8,25,24680,75,0,1840375
NIFTY-II.NFO,15/07/2024,09:50:14,24680,24680.05,25,24683.6,75,75,1840375
NIFTY-II.NFO,15/07/2024,09:50:16,24684,24681.05,25,24684.55,75,50,1840375
NIFTY-II.NFO,15/07/2024,09:50:18,24684,24680.05,100,24684.75,200,0,1840375
NIFTY-II.NFO,15/07/2024,09:50:19,24684,24681.05,25,24684.8,25,0,1840375
NIFTY-II.NFO,15/07/2024,09:50:21,24684.8,24681.05,25,24684.95,100,25,1840375
NIFTY-II.NFO,15/07/2024,09:50:23,24685,24685.05,25,24688,25,150,1840375
NIFTY-II.NFO,15/07/2024,09:50:24,24685,24687.9,25,24688,25,0,1840375
NIFTY-II.NFO,15/07/2024,09:50:26,24688,24686.75,75,24688.75,25,25,1840375
NIFTY-II.NFO,15/07/2024,09:50:27,24688.75,24688.1,100,24689.95,100,25,1840375
NIFTY-II.NFO,15/07/2024,09:50:29,24690,24687.25,75,24690,175,125,1840375
NIFTY-II.NFO,15/07/2024,09:50:31,24690,24686.75,100,24690,175,0,1840375
NIFTY-II.NFO,15/07/2024,09:50:32,24690,24686.45,75,24690,125,50,1840375
NIFTY-II.NFO,15/07/2024,09:50:34,24690,24687.7,100,24690,100,25,1840375
NIFTY-II.NFO,15/07/2024,09:50:36,24690,24687.7,100,24690,100,0,1840375
NIFTY-II.NFO,15/07/2024,09:50:37,24690,24687.2,25,24692.3,275,100,1840375
NIFTY-II.NFO,15/07/2024,09:50:39,24690,24687.5,75,24690,25,0,1840375
NIFTY-II.NFO,15/07/2024,09:50:41,24690,24688.1,100,24692.35,75,25,1840375
NIFTY-II.NFO,15/07/2024,09:50:42,24690,24686.4,25,24691,200,0,1840375
NIFTY-II.NFO,15/07/2024,09:50:44,24690,24685.75,75,24691.3,200,0,1840375
NIFTY-II.NFO,15/07/2024,09:50:46,24690,24685.2,25,24690.1,200,0,1840375
NIFTY-II.NFO,15/07/2024,09:50:47,24690,24685.2,100,24690.55,275,0,1840375
NIFTY-II.NFO,15/07/2024,09:50:49,24690,24686.05,25,24690,600,25,1840375
NIFTY-II.NFO,15/07/2024,09:50:51,24690,24686.75,25,24690,600,0,1840375
NIFTY-II.NFO,15/07/2024,09:50:52,24690,24685.9,75,24690,575,25,1840375
NIFTY-II.NFO,15/07/2024,09:50:54,24690,24685.7,25,24690,575,0,1840375
NIFTY-II.NFO,15/07/2024,09:50:56,24690,24685.45,25,24690,575,0,1840375
NIFTY-II.NFO,15/07/2024,09:50:57,24689.75,24685.4,25,24689.8,275,25,1840375
NIFTY-II.NFO,15/07/2024,09:50:59,24689.75,24685.4,25,24689.7,275,0,1840375
NIFTY-II.NFO,15/07/2024,09:51:01,24689.6,24685.4,25,24689.6,275,25,1840375
NIFTY-II.NFO,15/07/2024,09:51:02,24689.6,24685.4,25,24689.9,200,0,1840375
NIFTY-II.NFO,15/07/2024,09:51:04,24689.6,24686.1,75,24689.95,325,0,1840375
NIFTY-II.NFO,15/07/2024,09:51:06,24689.6,24685.4,25,24689.5,200,0,1840375
NIFTY-II.NFO,15/07/2024,09:51:07,24689.6,24685.4,25,24689.1,275,0,1840375
NIFTY-II.NFO,15/07/2024,09:51:09,24689.6,24685.4,25,24688.9,200,0,1840375
NIFTY-II.NFO,15/07/2024,09:51:11,24689.6,24687,25,24689.25,325,0,1840375
NIFTY-II.NFO,15/07/2024,09:51:12,24687.55,24682.7,200,24687.3,200,150,1840375
NIFTY-II.NFO,15/07/2024,09:51:14,24687.55,24685.05,25,24689.15,200,0,1840375
NIFTY-II.NFO,15/07/2024,09:51:15,24687.8,24682.95,200,24687.8,125,75,1840375
NIFTY-II.NFO,15/07/2024,09:51:17,24687.8,24682.2,200,24687.35,200,0,1840375
NIFTY-II.NFO,15/07/2024,09:51:19,24687.8,24681.65,50,24686.7,200,0,1840375
NIFTY-II.NFO,15/07/2024,09:51:20,24687.8,24683,25,24687.2,125,0,1840375
NIFTY-II.NFO,15/07/2024,09:51:22,24683,24681,275,24686.4,50,25,1840375
NIFTY-II.NFO,15/07/2024,09:51:24,24683,24682.9,200,24687.1,50,25,1840375
NIFTY-II.NFO,15/07/2024,09:51:25,24683,24684.55,200,24689.1,150,0,1840375
NIFTY-II.NFO,15/07/2024,09:51:27,24683,24682.75,50,24688,150,0,1840375
NIFTY-II.NFO,15/07/2024,09:51:28,24683,24682.7,200,24687.45,150,0,1840375
NIFTY-II.NFO,15/07/2024,09:51:30,24683,24683.35,250,24688.65,225,0,1840375
NIFTY-II.NFO,15/07/2024,09:51:32,24683,24684.65,250,24688.95,50,0,1840375
NIFTY-II.NFO,15/07/2024,09:51:34,24683,24686.05,25,24689.45,150,0,1840375
NIFTY-II.NFO,15/07/2024,09:51:35,24689.55,24686.05,25,24689.55,125,25,1840375
NIFTY-II.NFO,15/07/2024,09:51:37,24689.95,24686.05,25,24689,25,125,1840375
NIFTY-II.NFO,15/07/2024,09:51:38,24689.95,24685.05,225,24689,25,0,1840375
NIFTY-II.NFO,15/07/2024,09:51:40,24689.95,24684.4,50,24688.95,100,0,1840375
NIFTY-II.NFO,15/07/2024,09:51:42,24689.95,24682.65,50,24687.15,100,0,1840375
NIFTY-II.NFO,15/07/2024,09:51:43,24689.95,24683.75,50,24688.05,25,0,1840375
NIFTY-II.NFO,15/07/2024,09:51:45,24684.05,24682.9,200,24687.5,25,25,1840375
NIFTY-II.NFO,15/07/2024,09:51:47,24684.05,24681.75,50,24686.05,50,0,1840375
NIFTY-II.NFO,15/07/2024,09:51:48,24684.05,24683.35,200,24687.45,50,0,1840375
NIFTY-II.NFO,15/07/2024,09:51:50,24684.05,24683.8,50,24688.05,50,0,1840375
NIFTY-II.NFO,15/07/2024,09:51:52,24689,24685.05,25,24689.35,25,25,1840875
NIFTY-II.NFO,15/07/2024,09:51:53,24689,24686.05,25,24689.9,25,0,1840875
NIFTY-II.NFO,15/07/2024,09:51:55,24686.05,24685.3,50,24689,100,25,1840875
