Ticker,Date,Time,LTP,BuyPrice,BuyQty,SellPrice,SellQty,LTQ,OpenInterest
NIFTY-III.NFO,07/05/2025,09:15:03,24556.7,24562,75,24592.2,150,75,240225
NIFTY-III.NFO,07/05/2025,09:15:03,24556.7,24562,75,24592.2,150,0,240225
NIFTY-III.NFO,07/05/2025,09:15:03,24556.7,24562,75,24592.2,150,0,240225
NIFTY-III.NFO,07/05/2025,09:15:03,24556.7,24562,75,24592.2,150,0,240225
NIFTY-III.NFO,07/05/2025,09:15:05,24564.1,24580.8,75,24597.9,150,225,240225
NIFTY-III.NFO,07/05/2025,09:15:05,24564.1,24580.8,75,24597.9,150,0,240225
NIFTY-III.NFO,07/05/2025,09:15:06,24600,24582.5,150,24599.9,150,300,240225
NIFTY-III.NFO,07/05/2025,09:15:06,24600,24582.5,150,24599.9,150,0,240225
NIFTY-III.NFO,07/05/2025,09:15:08,24590.3,24599,300,24600,300,75,240225
NIFTY-III.NFO,07/05/2025,09:15:10,24616.9,24600.1,75,24616.4,150,975,240225
NIFTY-III.NFO,07/05/2025,09:15:10,24616.9,24600.1,75,24616.4,150,0,240225
NIFTY-III.NFO,07/05/2025,09:15:11,24622.5,24600.1,75,24622.1,150,75,240225
NIFTY-III.NFO,07/05/2025,09:15:11,24622.5,24600.1,75,24622.1,150,0,240225
NIFTY-III.NFO,07/05/2025,09:15:13,24616.9,24613.8,150,24628.8,150,75,240225
NIFTY-III.NFO,07/05/2025,09:15:15,24616.9,24615.8,150,24639.2,150,0,240225
NIFTY-III.NFO,07/05/2025,09:15:16,24616.9,24616.4,150,24622,75,0,240225
NIFTY-III.NFO,07/05/2025,09:15:18,24642.3,24615.9,150,24641.9,75,750,240225
NIFTY-III.NFO,07/05/2025,09:15:18,24642.3,24615.9,150,24641.9,75,0,240225
NIFTY-III.NFO,07/05/2025,09:15:20,24642.3,24614.7,150,24640.3,150,0,240225
NIFTY-III.NFO,07/05/2025,09:15:21,24642.3,24617,150,24622,75,0,240225
NIFTY-III.NFO,07/05/2025,09:15:23,24622,24622.3,150,24641.8,150,75,240375
NIFTY-III.NFO,07/05/2025,09:15:25,24622,24625.5,150,24639.9,75,0,240375
NIFTY-III.NFO,07/05/2025,09:15:26,24625.2,24626.9,150,24639.9,75,75,240375
NIFTY-III.NFO,07/05/2025,09:15:28,24625.2,24628.7,150,24640,75,0,240375
NIFTY-III.NFO,07/05/2025,09:15:30,24625.2,24631.9,150,24640,75,0,240375
NIFTY-III.NFO,07/05/2025,09:15:31,24625.2,24631,150,24639.9,75,0,240375
NIFTY-III.NFO,07/05/2025,09:15:33,24639.8,24631.9,225,24639.8,75,75,240375
NIFTY-III.NFO,07/05/2025,09:15:35,24639.8,24635.9,150,24639.9,75,0,240375
NIFTY-III.NFO,07/05/2025,09:15:36,24635.4,24635.2,150,24639.9,75,150,240375
NIFTY-III.NFO,07/05/2025,09:15:38,24635.7,24635.7,450,24639.9,75,75,240375
NIFTY-III.NFO,07/05/2025,09:15:40,24640,24637.7,75,24642,75,225,240375
NIFTY-III.NFO,07/05/2025,09:15:41,24636.1,24635.8,75,24642,75,225,240375
NIFTY-III.NFO,07/05/2025,09:15:43,24637.6,24639.2,150,24642,75,150,240375
NIFTY-III.NFO,07/05/2025,09:15:45,24648.9,24641.2,75,24649.9,150,300,240375
NIFTY-III.NFO,07/05/2025,09:15:45,24648.9,24641.2,75,24649.9,150,0,240375
NIFTY-III.NFO,07/05/2025,09:15:46,24648.9,24641.2,75,24649.9,225,0,240375
NIFTY-III.NFO,07/05/2025,09:15:48,24650,24649,150,24650,75,75,240375
NIFTY-III.NFO,07/05/2025,09:15:48,24650,24649,150,24650,75,0,240375
NIFTY-III.NFO,07/05/2025,09:15:50,24650,24649,75,24650,75,0,240375
NIFTY-III.NFO,07/05/2025,09:15:51,24650,24649,75,24662.5,150,75,240375
NIFTY-III.NFO,07/05/2025,09:15:53,24662.9,24649.1,150,24666.2,375,1425,240375
NIFTY-III.NFO,07/05/2025,09:15:53,24664.2,24649.1,150,24666.2,375,0,240375
NIFTY-III.NFO,07/05/2025,09:15:55,24650,24649.3,300,24668.1,150,75,240375
NIFTY-III.NFO,07/05/2025,09:15:56,24660,24660,300,24668.5,75,75,240375
NIFTY-III.NFO,07/05/2025,09:15:58,24660,24660,225,24671.6,150,75,240375
NIFTY-III.NFO,07/05/2025,09:16:00,24660,24660.1,150,24672.1,75,0,240375
NIFTY-III.NFO,07/05/2025,09:16:01,24672.1,24668.2,150,24679.9,75,150,240375
NIFTY-III.NFO,07/05/2025,09:16:01,24672.1,24668.2,150,24679.9,75,0,240375
NIFTY-III.NFO,07/05/2025,09:16:03,24668.2,24668.5,150,24679.9,75,75,240375
NIFTY-III.NFO,07/05/2025,09:16:05,24668.2,24671.6,150,24680,75,0,240375
NIFTY-III.NFO,07/05/2025,09:16:06,24668.2,24672.4,150,24680,75,0,240375
NIFTY-III.NFO,07/05/2025,09:16:08,24668.2,24672.7,150,24680,75,0,240375
NIFTY-III.NFO,07/05/2025,09:16:10,24679,24669.1,225,24679.9,75,75,240375
NIFTY-III.NFO,07/05/2025,09:16:10,24679,24669.1,225,24679.9,75,0,240375
NIFTY-III.NFO,07/05/2025,09:16:11,24679,24668.3,150,24679.9,75,0,240375
NIFTY-III.NFO,07/05/2025,09:16:13,24679,24668.2,75,24679.5,75,0,240375
NIFTY-III.NFO,07/05/2025,09:16:15,24679,24668.4,150,24679.9,75,0,240375
NIFTY-III.NFO,07/05/2025,09:16:18,24668.2,24668.1,225,24678.9,75,75,240375
NIFTY-III.NFO,07/05/2025,09:16:20,24668.2,24668.1,225,24678.9,75,0,240375
NIFTY-III.NFO,07/05/2025,09:16:25,24668.1,24670,150,24679,75,75,240375
NIFTY-III.NFO,07/05/2025,09:16:26,24670,24670,75,24679,75,75,240375
NIFTY-III.NFO,07/05/2025,09:16:28,24670,24670.2,225,24679,75,0,240375
NIFTY-III.NFO,07/05/2025,09:16:30,24670,24669.9,150,24679,75,0,240375
NIFTY-III.NFO,07/05/2025,09:16:31,24670,24669.1,150,24678.9,150,0,240375
NIFTY-III.NFO,07/05/2025,09:16:33,24670,24669,75,24678.9,150,0,240375
NIFTY-III.NFO,07/05/2025,09:16:35,24670,24669,75,24669.9,225,0,240375
NIFTY-III.NFO,07/05/2025,09:16:36,24669.9,24669.1,150,24670,75,225,240375
NIFTY-III.NFO,07/05/2025,09:16:38,24670,24670,150,24679,75,75,240375
NIFTY-III.NFO,07/05/2025,09:16:40,24670,24670,150,24679,75,75,240375
NIFTY-III.NFO,07/05/2025,09:16:41,24670,24670.1,150,24679,75,75,240375
NIFTY-III.NFO,07/05/2025,09:16:43,24670,24672.8,150,24679,75,0,240375
NIFTY-III.NFO,07/05/2025,09:16:45,24671.7,24670,150,24679,150,300,240375
NIFTY-III.NFO,07/05/2025,09:16:46,24670,24670,1125,24679,150,75,240375
NIFTY-III.NFO,07/05/2025,09:16:48,24670,24670,1275,24679,150,0,240375
NIFTY-III.NFO,07/05/2025,09:16:50,24670,24672,75,24678.9,150,75,240375
NIFTY-III.NFO,07/05/2025,09:16:52,24670,24672,75,24678.9,150,0,240375
NIFTY-III.NFO,07/05/2025,09:16:53,24672,24670,1350,24678.9,150,75,240375
NIFTY-III.NFO,07/05/2025,09:16:55,24670,24670,1275,24678.7,150,75,240375
NIFTY-III.NFO,07/05/2025,09:16:57,24670,24662.4,75,24677.1,150,1275,240375
NIFTY-III.NFO,07/05/2025,09:16:58,24670,24661,75,24674.9,150,0,240375
NIFTY-III.NFO,07/05/2025,09:17:00,24670,24662.4,450,24674.7,150,0,240375
NIFTY-III.NFO,07/05/2025,09:17:02,24670,24672,75,24675,75,0,240375
NIFTY-III.NFO,07/05/2025,09:17:05,24672,24664.5,75,24675,150,75,240375
NIFTY-III.NFO,07/05/2025,09:17:07,24672,24670,300,24675,75,0,240375
NIFTY-III.NFO,07/05/2025,09:17:10,24675,24670,300,24672,75,75,240375
NIFTY-III.NFO,07/05/2025,09:17:12,24670,24670,225,24671.9,150,75,240375
NIFTY-III.NFO,07/05/2025,09:17:13,24670,24670,225,24671.8,150,0,240375
NIFTY-III.NFO,07/05/2025,09:17:15,24670,24670,225,24672,75,0,240375
NIFTY-III.NFO,07/05/2025,09:17:23,24670,24670,225,24672,150,0,240375
NIFTY-III.NFO,07/05/2025,09:17:25,24670,24670,225,24672,75,0,240375
NIFTY-III.NFO,07/05/2025,09:17:27,24670,24670,300,24672,75,0,240375
NIFTY-III.NFO,07/05/2025,09:17:28,24670,24670,225,24672,75,0,240375
NIFTY-III.NFO,07/05/2025,09:17:30,24670,24670,150,24672,75,75,240375
NIFTY-III.NFO,07/05/2025,09:17:32,24670,24670,75,24672,75,75,240375
NIFTY-III.NFO,07/05/2025,09:17:33,24672,24670,150,24675,375,75,240375
NIFTY-III.NFO,07/05/2025,09:17:35,24670.1,24670,150,24675,375,75,240375
NIFTY-III.NFO,07/05/2025,09:17:37,24670.1,24671.7,75,24675,375,0,240375
NIFTY-III.NFO,07/05/2025,09:17:40,24670.1,24671,150,24675,375,0,240375
NIFTY-III.NFO,07/05/2025,09:17:42,24675,24672.6,75,24679,75,375,240375
NIFTY-III.NFO,07/05/2025,09:17:43,24675,24673.8,450,24679,75,0,240375
NIFTY-III.NFO,07/05/2025,09:17:45,24675,24673.8,75,24679,75,0,240375
NIFTY-III.NFO,07/05/2025,09:17:47,24680,24677.8,150,24689.9,225,300,240375
NIFTY-III.NFO,07/05/2025,09:17:47,24680,24677.8,150,24689.9,225,0,240375
NIFTY-III.NFO,07/05/2025,09:17:48,24678,24679.5,150,24689.9,150,75,240375
NIFTY-III.NFO,07/05/2025,09:17:50,24680,24681,150,24689.9,150,150,240375
NIFTY-III.NFO,07/05/2025,09:17:52,24691.1,24679,150,24691.2,150,900,240375
NIFTY-III.NFO,07/05/2025,09:17:52,24691.1,24679,150,24691.2,150,0,240375
NIFTY-III.NFO,07/05/2025,09:17:53,24691.1,24679.4,150,24691.8,150,0,240375
NIFTY-III.NFO,07/05/2025,09:17:55,24691.1,24679.6,150,24691.8,150,0,240375
NIFTY-III.NFO,07/05/2025,09:17:57,24691.1,24691.1,225,24696.2,600,0,240375
NIFTY-III.NFO,07/05/2025,09:17:58,24691.1,24680.4,150,24691.4,150,225,240375
NIFTY-III.NFO,07/05/2025,09:18:00,24691.4,24680.4,150,24691.4,75,75,240375
NIFTY-III.NFO,07/05/2025,09:18:00,24691.4,24680.4,150,24691.4,75,0,240375
NIFTY-III.NFO,07/05/2025,09:18:02,24691.4,24683.3,150,24696.1,75,0,240375
NIFTY-III.NFO,07/05/2025,09:18:03,24691.4,24687.5,75,24696.9,75,0,240375
NIFTY-III.NFO,07/05/2025,09:18:05,24686.3,24687.1,75,24696.8,150,375,240375
NIFTY-III.NFO,07/05/2025,09:18:07,24696.9,24687.4,75,24696.9,75,75,240375
NIFTY-III.NFO,07/05/2025,09:18:07,24696.9,24687.4,75,24696.9,75,0,240375
NIFTY-III.NFO,07/05/2025,09:18:08,24696.9,24687.4,150,24696.9,150,0,240375
NIFTY-III.NFO,07/05/2025,09:18:10,24696.9,24696.8,75,24697,300,0,240375
NIFTY-III.NFO,07/05/2025,09:18:12,24696.9,24696.8,75,24696.9,150,0,240375
NIFTY-III.NFO,07/05/2025,09:18:13,24696.9,24685.8,150,24696.9,150,150,240375
NIFTY-III.NFO,07/05/2025,09:18:15,24696.9,24684.1,150,24696.9,150,0,240375
NIFTY-III.NFO,07/05/2025,09:18:17,24696.9,24683.9,225,24696.9,150,0,240375
NIFTY-III.NFO,07/05/2025,09:18:18,24696.9,24684,150,24696.9,225,0,240375
NIFTY-III.NFO,07/05/2025,09:18:20,24696.9,24682,150,24694.8,150,0,240375
NIFTY-III.NFO,07/05/2025,09:18:22,24696.9,24682.6,150,24694.8,150,0,240375
NIFTY-III.NFO,07/05/2025,09:18:23,24696.9,24682.1,150,24694.1,150,0,240375
NIFTY-III.NFO,07/05/2025,09:18:25,24696.9,24682.3,150,24694.1,150,0,240375
NIFTY-III.NFO,07/05/2025,09:18:27,24696.3,24683.7,150,24696.3,150,150,240525
NIFTY-III.NFO,07/05/2025,09:18:28,24696.3,24683.9,150,24695.9,150,0,240525
NIFTY-III.NFO,07/05/2025,09:18:30,24693.2,24680.4,150,24693.2,75,75,240525
NIFTY-III.NFO,07/05/2025,09:18:32,24693.2,24683.9,150,24694.2,75,0,240525
NIFTY-III.NFO,07/05/2025,09:18:33,24693.2,24681.4,150,24694.2,75,0,240525
NIFTY-III.NFO,07/05/2025,09:18:35,24693.2,24678.3,150,24689.3,75,0,240525
NIFTY-III.NFO,07/05/2025,09:18:37,24693.2,24681.7,150,24693,75,0,240525
NIFTY-III.NFO,07/05/2025,09:18:38,24693.2,24682.9,150,24694.9,75,0,240525
NIFTY-III.NFO,07/05/2025,09:18:40,24693.2,24684,150,24693.2,75,0,240525
NIFTY-III.NFO,07/05/2025,09:18:42,24693.2,24684.6,150,24693.9,300,75,240525
NIFTY-III.NFO,07/05/2025,09:18:43,24693.2,24683.8,150,24694.3,75,0,240525
NIFTY-III.NFO,07/05/2025,09:18:45,24693.2,24684.7,225,24694.3,75,0,240525
NIFTY-III.NFO,07/05/2025,09:18:47,24693.2,24686.4,225,24694.8,150,0,240525
NIFTY-III.NFO,07/05/2025,09:18:48,24693.2,24683.3,225,24691.5,150,0,240525
NIFTY-III.NFO,07/05/2025,09:18:50,24693.2,24685.4,225,24693,75,0,240525
NIFTY-III.NFO,07/05/2025,09:18:52,24693.2,24686.2,225,24693,75,0,240525
NIFTY-III.NFO,07/05/2025,09:18:54,24693,24687.7,225,24693.2,75,75,240525
NIFTY-III.NFO,07/05/2025,09:18:55,24693,24687.7,225,24693.2,75,0,240525
NIFTY-III.NFO,07/05/2025,09:18:57,24693,24686.2,225,24693.2,75,0,240525
NIFTY-III.NFO,07/05/2025,09:18:59,24693,24687.8,150,24692,75,0,240525
NIFTY-III.NFO,07/05/2025,09:19:00,24693,24687.3,600,24692,75,0,240525
NIFTY-III.NFO,07/05/2025,09:19:02,24692,24692.5,75,24693.2,75,75,240525
NIFTY-III.NFO,07/05/2025,09:19:04,24692,24691.7,75,24693.2,375,0,240525
NIFTY-III.NFO,07/05/2025,09:19:05,24691.7,24690.1,225,24693.2,375,75,240525
NIFTY-III.NFO,07/05/2025,09:19:07,24693.2,24692.7,150,24696.9,75,525,240525
NIFTY-III.NFO,07/05/2025,09:19:09,24693.2,24692.3,150,24696.9,75,0,240525
NIFTY-III.NFO,07/05/2025,09:19:10,24693.2,24692.2,150,24696.9,75,0,240525
NIFTY-III.NFO,07/05/2025,09:19:12,24693,24693.1,150,24696.9,75,75,240525
NIFTY-III.NFO,07/05/2025,09:19:14,24693,24692.2,225,24696,75,0,240525
NIFTY-III.NFO,07/05/2025,09:19:15,24693,24690,75,24695.9,150,0,240525
NIFTY-III.NFO,07/05/2025,09:19:17,24693,24693,75,24695.9,150,0,240525
NIFTY-III.NFO,07/05/2025,09:19:19,24693,24693,75,24696,75,0,240525
NIFTY-III.NFO,07/05/2025,09:19:20,24693,24693,150,24696,75,0,240525
NIFTY-III.NFO,07/05/2025,09:19:22,24693,24693,225,24696,75,0,240525
NIFTY-III.NFO,07/05/2025,09:19:24,24693,24693,375,24696,75,0,240525
NIFTY-III.NFO,07/05/2025,09:19:29,24693,24693,375,24695.9,75,0,240525
NIFTY-III.NFO,07/05/2025,09:19:30,24693,24693,300,24695.9,225,0,240525
NIFTY-III.NFO,07/05/2025,09:19:35,24693,24693,300,24695.9,75,0,240525
NIFTY-III.NFO,07/05/2025,09:19:37,24693,24693,225,24696,75,0,240525
NIFTY-III.NFO,07/05/2025,09:19:38,24693,24693,225,24695.9,225,0,240525
NIFTY-III.NFO,07/05/2025,09:19:40,24693,24693,225,24695.9,150,0,240525
NIFTY-III.NFO,07/05/2025,09:19:42,24693,24693,225,24695.9,225,0,240525
NIFTY-III.NFO,07/05/2025,09:19:43,24695,24693,225,24695.9,150,225,240525
NIFTY-III.NFO,07/05/2025,09:19:45,24695,24693,225,24695.9,150,0,240525
NIFTY-III.NFO,07/05/2025,09:19:48,24693,24693,150,24695.9,150,75,240525
NIFTY-III.NFO,07/05/2025,09:19:50,24693,24690,150,24694.2,75,150,240525
NIFTY-III.NFO,07/05/2025,09:19:52,24693,24690,150,24691.5,75,0,240525
NIFTY-III.NFO,07/05/2025,09:19:53,24690,24681,150,24690.1,450,75,240525
NIFTY-III.NFO,07/05/2025,09:19:55,24690,24676.7,225,24687.8,450,0,240525
NIFTY-III.NFO,07/05/2025,09:19:57,24690,24675.2,225,24685,450,0,240525
NIFTY-III.NFO,07/05/2025,09:19:58,24690,24673.9,225,24683.8,75,0,240525
NIFTY-III.NFO,07/05/2025,09:20:00,24690,24674.1,300,24684.2,75,0,240525
NIFTY-III.NFO,07/05/2025,09:20:02,24690,24671.2,150,24683.6,75,0,240525
NIFTY-III.NFO,07/05/2025,09:20:03,24670.9,24671.1,150,24683.2,150,150,240525
NIFTY-III.NFO,07/05/2025,09:20:05,24683.2,24671.1,150,24682.1,75,75,240525
NIFTY-III.NFO,07/05/2025,09:20:07,24682.1,24675.4,150,24687.8,75,75,240525
NIFTY-III.NFO,07/05/2025,09:20:08,24676.1,24677.4,150,24689.7,150,75,240525
NIFTY-III.NFO,07/05/2025,09:20:10,24676.1,24680.7,225,24689.8,75,0,240525
NIFTY-III.NFO,07/05/2025,09:20:12,24676.1,24680.1,225,24689.8,75,0,240525
NIFTY-III.NFO,07/05/2025,09:20:13,24681.5,24680.2,150,24690,150,75,240525
NIFTY-III.NFO,07/05/2025,09:20:15,24680.2,24680.6,150,24690,150,75,240525
NIFTY-III.NFO,07/05/2025,09:20:17,24680.2,24681.6,225,24690,75,0,240525
NIFTY-III.NFO,07/05/2025,09:20:18,24690,24682.6,225,24692,75,75,240525
NIFTY-III.NFO,07/05/2025,09:20:20,24690,24683.2,150,24693.8,75,0,240525
NIFTY-III.NFO,07/05/2025,09:20:22,24690,24681.7,150,24693.8,75,0,240525
NIFTY-III.NFO,07/05/2025,09:20:23,24690,24681.5,75,24689.5,150,0,240525
NIFTY-III.NFO,07/05/2025,09:20:27,24690,24681.2,150,24691.1,75,0,240525
NIFTY-III.NFO,07/05/2025,09:20:28,24690,24680.3,150,24689.9,150,0,240525
NIFTY-III.NFO,07/05/2025,09:20:30,24690,24676.3,225,24686.7,150,0,240525
NIFTY-III.NFO,07/05/2025,09:20:32,24690,24677.4,150,24689,75,0,240525
NIFTY-III.NFO,07/05/2025,09:20:33,24690,24678.5,150,24689,75,0,240525
NIFTY-III.NFO,07/05/2025,09:20:37,24689.1,24677.4,150,24689.2,150,150,240525
NIFTY-III.NFO,07/05/2025,09:20:38,24689.1,24680,150,24681.2,75,0,240525
NIFTY-III.NFO,07/05/2025,09:20:40,24681.2,24681.9,225,24688,75,75,240525
NIFTY-III.NFO,07/05/2025,09:20:42,24681.2,24682,150,24688,75,0,240525
NIFTY-III.NFO,07/05/2025,09:20:43,24681.2,24682.4,150,24688,75,0,240525
NIFTY-III.NFO,07/05/2025,09:20:45,24683.6,24683.6,75,24690,150,75,240525
NIFTY-III.NFO,07/05/2025,09:20:47,24685,24684,150,24690,150,75,240525
NIFTY-III.NFO,07/05/2025,09:20:48,24685,24682,150,24690,225,0,240525
NIFTY-III.NFO,07/05/2025,09:20:50,24685,24680.1,150,24689.9,75,0,240525
NIFTY-III.NFO,07/05/2025,09:20:52,24685,24681.5,150,24689.9,75,0,240525
NIFTY-III.NFO,07/05/2025,09:20:53,24685,24682.4,150,24690,225,0,240525
NIFTY-III.NFO,07/05/2025,09:20:55,24685,24682.6,225,24690,150,0,240525
NIFTY-III.NFO,07/05/2025,09:20:57,24685,24682.4,225,24690,225,0,240525
NIFTY-III.NFO,07/05/2025,09:20:58,24685,24684.9,75,24690,225,0,240525
NIFTY-III.NFO,07/05/2025,09:21:00,24685,24681.9,150,24689.9,225,0,240525
NIFTY-III.NFO,07/05/2025,09:21:03,24685,24681.9,225,24690,225,0,240525
NIFTY-III.NFO,07/05/2025,09:21:05,24685,24681.9,225,24689.9,150,0,240525
NIFTY-III.NFO,07/05/2025,09:21:07,24685,24684,150,24690,225,0,240525
NIFTY-III.NFO,07/05/2025,09:21:08,24689,24683.9,75,24689,225,225,240525
NIFTY-III.NFO,07/05/2025,09:21:10,24689,24685.3,75,24689,225,0,240525
NIFTY-III.NFO,07/05/2025,09:21:12,24689,24686,75,24689,225,0,240525
NIFTY-III.NFO,07/05/2025,09:21:14,24689,24686.1,225,24689,150,75,240525
NIFTY-III.NFO,07/05/2025,09:21:15,24689,24689,75,24690,225,150,240525
NIFTY-III.NFO,07/05/2025,09:21:17,24689,24689,75,24689.9,150,0,240525
NIFTY-III.NFO,07/05/2025,09:21:19,24689,24689,75,24689.9,225,0,240525
NIFTY-III.NFO,07/05/2025,09:21:20,24689,24680,75,24687.9,75,75,240525
NIFTY-III.NFO,07/05/2025,09:21:22,24689,24680,75,24686.3,75,0,240525
NIFTY-III.NFO,07/05/2025,09:21:24,24689,24680,75,24685.5,75,0,240525
NIFTY-III.NFO,07/05/2025,09:21:25,24685.5,24680,75,24685.5,150,75,241125
NIFTY-III.NFO,07/05/2025,09:21:27,24680,24674.7,150,24685.5,150,75,241125
NIFTY-III.NFO,07/05/2025,09:21:29,24680,24673.7,150,24685.5,150,0,241125
NIFTY-III.NFO,07/05/2025,09:21:30,24680,24674.5,225,24684.1,150,0,241125
NIFTY-III.NFO,07/05/2025,09:21:32,24674.5,24673.6,75,24684.1,150,75,241125
NIFTY-III.NFO,07/05/2025,09:21:34,24673.7,24673.7,225,24684.1,150,75,241125
NIFTY-III.NFO,07/05/2025,09:21:35,24670.7,24670.7,150,24683,150,75,241125
NIFTY-III.NFO,07/05/2025,09:21:37,24670.7,24670,75,24679.1,150,0,241125
NIFTY-III.NFO,07/05/2025,09:21:39,24670.7,24670,75,24673.6,150,0,241125
NIFTY-III.NFO,07/05/2025,09:21:40,24670.7,24670,75,24672.3,150,0,241125
NIFTY-III.NFO,07/05/2025,09:21:42,24670.7,24670,75,24670.6,150,0,241125
NIFTY-III.NFO,07/05/2025,09:21:44,24670,24661.7,225,24670.6,150,75,241125
NIFTY-III.NFO,07/05/2025,09:21:45,24670,24661.8,150,24670.6,150,0,241125
NIFTY-III.NFO,07/05/2025,09:21:47,24661.8,24661.7,75,24671.1,150,75,241125
NIFTY-III.NFO,07/05/2025,09:21:49,24661.8,24661.9,75,24671.1,150,0,241125
NIFTY-III.NFO,07/05/2025,09:21:50,24661.8,24666.2,75,24676.7,150,0,241125
NIFTY-III.NFO,07/05/2025,09:21:52,24661.8,24665.7,150,24676.1,75,0,241125
NIFTY-III.NFO,07/05/2025,09:21:54,24661.8,24667.1,75,24677.4,150,0,241125
NIFTY-III.NFO,07/05/2025,09:21:55,24667,24665.7,150,24677.2,150,150,241125
NIFTY-III.NFO,07/05/2025,09:21:57,24667,24665.7,150,24677.2,150,0,241125
NIFTY-III.NFO,07/05/2025,09:21:59,24667,24665.7,150,24676.7,150,0,241125
NIFTY-III.NFO,07/05/2025,09:22:02,24667,24662.6,75,24673.4,150,0,241125
NIFTY-III.NFO,07/05/2025,09:22:04,24667,24662.1,75,24671.4,150,0,241125
NIFTY-III.NFO,07/05/2025,09:22:05,24667,24660.8,75,24670.3,150,0,241125
NIFTY-III.NFO,07/05/2025,09:22:07,24667,24660.5,150,24670.3,150,0,241125
NIFTY-III.NFO,07/05/2025,09:22:09,24667,24660.5,150,24667,75,0,241125
NIFTY-III.NFO,07/05/2025,09:22:10,24667,24660.1,150,24667,75,0,241125
NIFTY-III.NFO,07/05/2025,09:22:12,24667,24661,75,24667,75,0,241125
NIFTY-III.NFO,07/05/2025,09:22:14,24667,24661,150,24667,150,0,241125
NIFTY-III.NFO,07/05/2025,09:22:15,24667,24664,150,24675.2,150,150,241125
NIFTY-III.NFO,07/05/2025,09:22:17,24667,24664,150,24674.3,225,0,241125
NIFTY-III.NFO,07/05/2025,09:22:19,24667,24665.6,75,24677.2,150,0,241125
NIFTY-III.NFO,07/05/2025,09:22:20,24667,24670.2,150,24681.9,150,75,241125
NIFTY-III.NFO,07/05/2025,09:22:22,24667,24671,75,24682,150,0,241125
NIFTY-III.NFO,07/05/2025,09:22:24,24667,24672.6,900,24682.1,75,0,241125
NIFTY-III.NFO,07/05/2025,09:22:25,24667,24672.6,75,24682.1,75,0,241125
NIFTY-III.NFO,07/05/2025,09:22:27,24667,24673.7,75,24681.9,150,0,241125
NIFTY-III.NFO,07/05/2025,09:22:29,24680.2,24670,150,24680.1,150,150,241125
NIFTY-III.NFO,07/05/2025,09:22:30,24678.3,24671.1,150,24680.3,225,75,241125
NIFTY-III.NFO,07/05/2025,09:22:32,24678.3,24669.2,150,24677.9,150,0,241125
NIFTY-III.NFO,07/05/2025,09:22:34,24678.3,24670.8,150,24680.2,150,0,241125
NIFTY-III.NFO,07/05/2025,09:22:35,24678.3,24670.8,75,24678.3,150,0,241125
NIFTY-III.NFO,07/05/2025,09:22:37,24678.3,24671,150,24681.4,150,75,241125
NIFTY-III.NFO,07/05/2025,09:22:39,24678.3,24678.3,75,24681.4,225,0,241125
NIFTY-III.NFO,07/05/2025,09:22:40,24678.3,24678.3,75,24682,75,0,241125
NIFTY-III.NFO,07/05/2025,09:22:44,24678.3,24678.4,150,24682,75,0,241125
NIFTY-III.NFO,07/05/2025,09:22:45,24678.3,24678.4,225,24682,75,0,241125
NIFTY-III.NFO,07/05/2025,09:22:47,24678.3,24678.3,75,24682,75,0,241125
NIFTY-III.NFO,07/05/2025,09:22:49,24678.3,24678.3,75,24681.5,150,0,241125
NIFTY-III.NFO,07/05/2025,09:22:50,24678.3,24671.7,150,24678.2,150,75,241125
NIFTY-III.NFO,07/05/2025,09:22:52,24678.3,24671.1,150,24678.3,225,0,241125
NIFTY-III.NFO,07/05/2025,09:22:54,24678.3,24671.1,225,24678.4,2175,0,241125
NIFTY-III.NFO,07/05/2025,09:22:55,24678.3,24672.6,150,24678.4,2175,0,241125
NIFTY-III.NFO,07/05/2025,09:22:57,24678.3,24672.2,225,24678.4,2175,0,241125
NIFTY-III.NFO,07/05/2025,09:22:59,24678.3,24672.7,150,24678.4,2175,0,241125
NIFTY-III.NFO,07/05/2025,09:23:00,24678.3,24671.1,150,24678.4,2175,0,241125
NIFTY-III.NFO,07/05/2025,09:23:02,24678.3,24672.1,225,24678.4,2175,0,241125
NIFTY-III.NFO,07/05/2025,09:23:04,24678.3,24674.7,150,24678.4,2175,0,241125
NIFTY-III.NFO,07/05/2025,09:23:05,24678.3,24675.4,75,24678.4,2175,0,241125
NIFTY-III.NFO,07/05/2025,09:23:07,24678.3,24673,75,24678.4,2175,0,241125
NIFTY-III.NFO,07/05/2025,09:23:09,24678.3,24671.1,150,24678.3,225,0,241125
NIFTY-III.NFO,07/05/2025,09:23:10,24678.3,24671,75,24678.3,225,0,241125
NIFTY-III.NFO,07/05/2025,09:23:14,24678.3,24678,75,24678.3,150,0,241125
NIFTY-III.NFO,07/05/2025,09:23:16,24678,24671,75,24678.3,225,75,241125
NIFTY-III.NFO,07/05/2025,09:23:17,24678,24671,75,24678,150,0,241125
NIFTY-III.NFO,07/05/2025,09:23:20,24678,24671,75,24676.6,150,0,241125
NIFTY-III.NFO,07/05/2025,09:23:24,24678,24671,75,24678,150,0,241125
NIFTY-III.NFO,07/05/2025,09:23:25,24670,24670.3,225,24680.1,150,2175,241125
NIFTY-III.NFO,07/05/2025,09:23:27,24670,24670.4,150,24680.3,150,0,241125
NIFTY-III.NFO,07/05/2025,09:23:29,24670,24670.4,150,24681.2,150,0,241125
NIFTY-III.NFO,07/05/2025,09:23:30,24670,24673.4,225,24681.9,150,0,241125
NIFTY-III.NFO,07/05/2025,09:23:32,24673.4,24675.5,150,24681.9,150,75,241125
NIFTY-III.NFO,07/05/2025,09:23:34,24673.4,24676.2,225,24682,75,0,241125
NIFTY-III.NFO,07/05/2025,09:23:35,24673.4,24674.9,150,24681.9,150,0,241125
NIFTY-III.NFO,07/05/2025,09:23:37,24673.4,24674.8,150,24681.9,150,0,241125
NIFTY-III.NFO,07/05/2025,09:23:39,24673.4,24674.1,75,24679.9,225,0,241125
NIFTY-III.NFO,07/05/2025,09:23:40,24673.4,24670.6,150,24679.9,225,0,241125
NIFTY-III.NFO,07/05/2025,09:23:42,24673.4,24669.1,75,24677.2,150,0,241125
NIFTY-III.NFO,07/05/2025,09:23:44,24673.4,24668,225,24677.2,150,0,241125
NIFTY-III.NFO,07/05/2025,09:23:45,24673.4,24666.2,225,24675.2,150,0,241125
NIFTY-III.NFO,07/05/2025,09:23:47,24673.4,24667.5,75,24675.2,150,0,241125
NIFTY-III.NFO,07/05/2025,09:23:49,24673.4,24665.2,150,24676.7,150,0,241125
NIFTY-III.NFO,07/05/2025,09:23:50,24673.4,24667.5,150,24676.7,150,0,241125
NIFTY-III.NFO,07/05/2025,09:23:52,24673.4,24668.1,75,24678,150,0,241125
NIFTY-III.NFO,07/05/2025,09:23:54,24673.4,24669.1,75,24679.5,150,0,241125
NIFTY-III.NFO,07/05/2025,09:23:55,24673.4,24669.3,150,24679.8,150,0,241125
NIFTY-III.NFO,07/05/2025,09:23:59,24673.4,24668.9,150,24679.6,150,0,241125
NIFTY-III.NFO,07/05/2025,09:24:00,24673.4,24669.7,75,24679.6,150,0,241125
NIFTY-III.NFO,07/05/2025,09:24:02,24673.4,24669.6,75,24678.2,150,0,241125
NIFTY-III.NFO,07/05/2025,09:24:04,24673.4,24667.9,75,24678,150,0,241125
NIFTY-III.NFO,07/05/2025,09:24:05,24673.4,24665.6,75,24675.1,150,0,241125
NIFTY-III.NFO,07/05/2025,09:24:07,24673.4,24663.6,75,24674.9,150,0,241125
NIFTY-III.NFO,07/05/2025,09:24:09,24673.4,24664.5,75,24675.7,225,0,241125
NIFTY-III.NFO,07/05/2025,09:24:10,24673.4,24665.7,150,24674.6,150,0,241125
NIFTY-III.NFO,07/05/2025,09:24:12,24673.4,24665.4,75,24674.5,150,0,241125
NIFTY-III.NFO,07/05/2025,09:24:14,24673.4,24665.4,75,24674.5,525,0,241125
NIFTY-III.NFO,07/05/2025,09:24:15,24673.4,24666.2,75,24675.6,150,0,241125
NIFTY-III.NFO,07/05/2025,09:24:17,24673.4,24666.2,75,24677.3,150,0,241125
NIFTY-III.NFO,07/05/2025,09:24:19,24673.4,24667.8,150,24677.3,150,0,241125
NIFTY-III.NFO,07/05/2025,09:24:21,24673.4,24667,225,24677.3,150,0,241125
NIFTY-III.NFO,07/05/2025,09:24:22,24673.4,24668.4,150,24679.1,225,0,241125
NIFTY-III.NFO,07/05/2025,09:24:24,24673.4,24670.7,150,24679.1,150,0,241125
NIFTY-III.NFO,07/05/2025,09:24:26,24672.3,24672.4,150,24679.2,75,75,241125
NIFTY-III.NFO,07/05/2025,09:24:27,24672.3,24672.7,150,24679.2,75,0,240600
NIFTY-III.NFO,07/05/2025,09:24:31,24672.3,24670.9,225,24679.2,75,0,240600
NIFTY-III.NFO,07/05/2025,09:24:32,24672.3,24671.1,150,24679.2,75,0,240600
NIFTY-III.NFO,07/05/2025,09:24:34,24671.9,24671.9,75,24679.2,75,75,240600
NIFTY-III.NFO,07/05/2025,09:24:36,24671.9,24674.3,150,24679.2,75,0,240600
NIFTY-III.NFO,07/05/2025,09:24:37,24671.9,24671.2,150,24679.1,225,0,240600
NIFTY-III.NFO,07/05/2025,09:24:39,24671.9,24669.8,150,24679.1,225,0,240600
NIFTY-III.NFO,07/05/2025,09:24:41,24678.9,24669.8,225,24679.1,225,75,240600
NIFTY-III.NFO,07/05/2025,09:24:42,24678.9,24669.2,150,24677.6,150,0,240600
NIFTY-III.NFO,07/05/2025,09:24:44,24678.9,24669.6,75,24678,150,0,240600
NIFTY-III.NFO,07/05/2025,09:24:46,24678.9,24669.7,225,24677.9,150,750,240600
NIFTY-III.NFO,07/05/2025,09:24:47,24678.9,24670.4,150,24679.2,75,0,240600
NIFTY-III.NFO,07/05/2025,09:24:51,24678.9,24673,300,24679.2,75,0,240600
NIFTY-III.NFO,07/05/2025,09:24:52,24678.9,24673.4,150,24679.2,75,0,240600
NIFTY-III.NFO,07/05/2025,09:24:54,24678.9,24671.2,150,24679.2,75,0,240600
NIFTY-III.NFO,07/05/2025,09:24:56,24678.9,24669.7,225,24678.3,150,0,240600
NIFTY-III.NFO,07/05/2025,09:24:57,24678.9,24671.3,150,24678.9,225,0,240600
NIFTY-III.NFO,07/05/2025,09:24:59,24678.9,24671.5,150,24678.9,225,0,240600
NIFTY-III.NFO,07/05/2025,09:25:01,24678.9,24672.2,225,24679,75,0,240600
NIFTY-III.NFO,07/05/2025,09:25:02,24678.9,24674.9,75,24679,75,0,240600
NIFTY-III.NFO,07/05/2025,09:25:04,24678.9,24675.1,150,24679,75,0,240600
NIFTY-III.NFO,07/05/2025,09:25:06,24678.9,24676.2,150,24679,75,0,240600
NIFTY-III.NFO,07/05/2025,09:25:07,24678.9,24676.2,225,24679,75,0,240600
NIFTY-III.NFO,07/05/2025,09:25:11,24678.9,24677.3,75,24679,75,0,240600
NIFTY-III.NFO,07/05/2025,09:25:12,24678.9,24678,75,24679,75,0,240600
NIFTY-III.NFO,07/05/2025,09:25:14,24680,24681.8,150,24685,375,225,240600
NIFTY-III.NFO,07/05/2025,09:25:16,24680,24681.2,225,24685,375,0,240600
NIFTY-III.NFO,07/05/2025,09:25:17,24680,24679.3,225,24685,450,0,240600
NIFTY-III.NFO,07/05/2025,09:25:19,24680,24681,150,24685,450,0,240600
NIFTY-III.NFO,07/05/2025,09:25:21,24680,24681.2,375,24685,450,0,240600
NIFTY-III.NFO,07/05/2025,09:25:22,24680,24679.8,225,24685,450,0,240600
NIFTY-III.NFO,07/05/2025,09:25:24,24680.8,24680.8,150,24685,450,150,240600
NIFTY-III.NFO,07/05/2025,09:25:26,24680.8,24681.5,225,24685,450,0,240600
NIFTY-III.NFO,07/05/2025,09:25:27,24680.8,24684.7,75,24685,450,0,240600
NIFTY-III.NFO,07/05/2025,09:25:29,24680.8,24680.3,450,24685,450,0,240600
NIFTY-III.NFO,07/05/2025,09:25:31,24680.8,24681.4,75,24685,450,0,240600
NIFTY-III.NFO,07/05/2025,09:25:34,24680.8,24677,75,24684.9,75,0,240600
NIFTY-III.NFO,07/05/2025,09:25:36,24680.8,24679.9,375,24685,450,0,240600
NIFTY-III.NFO,07/05/2025,09:25:37,24680.8,24679.4,75,24685,450,0,240600
NIFTY-III.NFO,07/05/2025,09:25:39,24680.8,24679.4,75,24684.9,150,0,240600
NIFTY-III.NFO,07/05/2025,09:25:41,24680.8,24679.4,150,24685,450,0,240600
NIFTY-III.NFO,07/05/2025,09:25:42,24680.8,24682.1,975,24685,450,0,240600
NIFTY-III.NFO,07/05/2025,09:25:44,24680.8,24682.3,375,24685,450,0,240600
NIFTY-III.NFO,07/05/2025,09:25:46,24680.8,24683,75,24685,450,0,240600
NIFTY-III.NFO,07/05/2025,09:25:47,24680.8,24683.8,375,24685,450,0,240600
NIFTY-III.NFO,07/05/2025,09:25:49,24680.8,24682.6,450,24685,450,0,240600
NIFTY-III.NFO,07/05/2025,09:25:51,24685,24683.9,450,24690,75,450,240600
NIFTY-III.NFO,07/05/2025,09:25:52,24685,24684.6,150,24690,75,0,240600
NIFTY-III.NFO,07/05/2025,09:25:54,24690,24686.4,75,24691.9,150,75,240600
NIFTY-III.NFO,07/05/2025,09:25:56,24690,24689.1,150,24695,75,0,240600
NIFTY-III.NFO,07/05/2025,09:25:57,24690,24691.7,225,24695,75,0,240600
NIFTY-III.NFO,07/05/2025,09:25:59,24695,24695.2,150,24696,75,75,240600
NIFTY-III.NFO,07/05/2025,09:26:01,24695,24695.7,150,24696,75,0,240600
NIFTY-III.NFO,07/05/2025,09:26:02,24700,24701,375,24709.9,150,1125,240600
NIFTY-III.NFO,07/05/2025,09:26:02,24700,24701,375,24709.9,150,0,240600
NIFTY-III.NFO,07/05/2025,09:26:04,24710,24706.8,150,24714.9,75,150,240600
NIFTY-III.NFO,07/05/2025,09:26:04,24710,24706.8,150,24714.9,75,0,240600
NIFTY-III.NFO,07/05/2025,09:26:06,24710,24708,150,24715,1050,0,240600
NIFTY-III.NFO,07/05/2025,09:26:07,24707.6,24706.8,75,24714.9,150,75,240600
NIFTY-III.NFO,07/05/2025,09:26:09,24707.6,24705.5,75,24714.9,150,0,240600
NIFTY-III.NFO,07/05/2025,09:26:11,24707.6,24702.7,150,24712.9,150,0,240600
NIFTY-III.NFO,07/05/2025,09:26:12,24711.3,24703.5,150,24713.5,75,150,240600
NIFTY-III.NFO,07/05/2025,09:26:12,24711.3,24703.5,150,24713.5,75,0,240600
NIFTY-III.NFO,07/05/2025,09:26:14,24711.3,24701.8,150,24711.8,75,0,240600
NIFTY-III.NFO,07/05/2025,09:26:15,24711.3,24703.7,75,24713.8,75,0,240600
NIFTY-III.NFO,07/05/2025,09:26:17,24711.3,24703.1,75,24713.3,75,0,240600
NIFTY-III.NFO,07/05/2025,09:26:19,24711.3,24705.1,150,24714.8,75,0,240600
NIFTY-III.NFO,07/05/2025,09:26:20,24711.3,24711.3,75,24715,1050,0,240600
NIFTY-III.NFO,07/05/2025,09:26:22,24711.3,24711.3,75,24714.9,150,0,240600
NIFTY-III.NFO,07/05/2025,09:26:24,24711.3,24711.3,75,24714.9,75,0,240600
NIFTY-III.NFO,07/05/2025,09:26:25,24712,24711.3,75,24714.9,150,150,240600
NIFTY-III.NFO,07/05/2025,09:26:25,24712,24711.3,75,24714.9,150,0,240600
NIFTY-III.NFO,07/05/2025,09:26:27,24711.3,24702.3,150,24712.2,75,75,240600
NIFTY-III.NFO,07/05/2025,09:26:29,24711.3,24701.7,150,24712.2,75,0,240600
NIFTY-III.NFO,07/05/2025,09:26:32,24711.3,24703,150,24712.6,75,0,240600
NIFTY-III.NFO,07/05/2025,09:26:35,24711.3,24696.8,150,24709,75,0,240600
NIFTY-III.NFO,07/05/2025,09:26:37,24711.3,24696.5,150,24706.2,75,0,240600
NIFTY-III.NFO,07/05/2025,09:26:39,24711.3,24697.2,225,24706.2,75,0,240600
NIFTY-III.NFO,07/05/2025,09:26:40,24711.3,24698.4,150,24709,75,0,240600
NIFTY-III.NFO,07/05/2025,09:26:42,24711.3,24698.6,150,24709,75,0,240600
NIFTY-III.NFO,07/05/2025,09:26:44,24711.3,24700.4,150,24710.8,75,0,240600
NIFTY-III.NFO,07/05/2025,09:26:45,24711.3,24702.5,150,24712.6,75,0,240600
NIFTY-III.NFO,07/05/2025,09:26:47,24711.3,24703.9,150,24713.7,75,0,240600
NIFTY-III.NFO,07/05/2025,09:26:49,24713.7,24701.7,150,24713.4,75,75,240600
NIFTY-III.NFO,07/05/2025,09:26:49,24713.7,24701.7,150,24713.4,75,0,240600
NIFTY-III.NFO,07/05/2025,09:26:50,24713.7,24700.4,150,24710.2,75,0,240600
NIFTY-III.NFO,07/05/2025,09:26:52,24713.7,24702.1,150,24712.4,75,0,240600
NIFTY-III.NFO,07/05/2025,09:26:54,24713.7,24700.7,225,24712.4,75,0,240600
NIFTY-III.NFO,07/05/2025,09:26:55,24712.4,24703.3,150,24713.5,75,75,240600
NIFTY-III.NFO,07/05/2025,09:26:57,24712.4,24704.8,150,24715,1125,0,240600
NIFTY-III.NFO,07/05/2025,09:26:59,24712.4,24704.8,150,24713.7,150,0,240600
NIFTY-III.NFO,07/05/2025,09:27:00,24712.4,24706.8,225,24713.7,75,0,240600
NIFTY-III.NFO,07/05/2025,09:27:02,24712.4,24707.6,225,24713.7,75,0,240600
NIFTY-III.NFO,07/05/2025,09:27:04,24712.4,24707.1,375,24713.7,75,0,240600
NIFTY-III.NFO,07/05/2025,09:27:05,24712.4,24707.2,225,24713.7,75,0,240600
NIFTY-III.NFO,07/05/2025,09:27:07,24708.3,24708.3,150,24715,1050,75,240600
NIFTY-III.NFO,07/05/2025,09:27:09,24708.3,24711.1,150,24715,1050,0,240600
NIFTY-III.NFO,07/05/2025,09:27:10,24708.3,24714.6,600,24715,1050,0,240600
NIFTY-III.NFO,07/05/2025,09:27:12,24715,24716,150,24720,150,1050,240600
NIFTY-III.NFO,07/05/2025,09:27:12,24715,24716,150,24720,150,0,240600
NIFTY-III.NFO,07/05/2025,09:27:14,24715,24716.6,225,24720,150,0,240600
NIFTY-III.NFO,07/05/2025,09:27:15,24715,24716.2,150,24720,150,0,240600
NIFTY-III.NFO,07/05/2025,09:27:19,24715,24714.4,150,24720,150,0,240600
NIFTY-III.NFO,07/05/2025,09:27:20,24715,24713.7,300,24720,150,0,240600
NIFTY-III.NFO,07/05/2025,09:27:22,24715,24711,300,24719.9,150,0,240600
NIFTY-III.NFO,07/05/2025,09:27:24,24715,24710.1,150,24719.9,150,0,240600
NIFTY-III.NFO,07/05/2025,09:27:26,24719.9,24711.8,450,24720,225,75,240750
NIFTY-III.NFO,07/05/2025,09:27:26,24719.9,24711.8,450,24720,225,0,240750
NIFTY-III.NFO,07/05/2025,09:27:27,24719.9,24710,75,24719,150,0,240750
NIFTY-III.NFO,07/05/2025,09:27:29,24719.9,24715,1800,24716.1,375,0,240750
NIFTY-III.NFO,07/05/2025,09:27:31,24719.9,24715,1800,24718,375,0,240750
NIFTY-III.NFO,07/05/2025,09:27:32,24719.9,24715,1800,24720,225,0,240750
NIFTY-III.NFO,07/05/2025,09:27:34,24719.9,24715,1800,24720,150,0,240750
NIFTY-III.NFO,07/05/2025,09:27:36,24715,24715,1725,24720,225,75,240750
NIFTY-III.NFO,07/05/2025,09:27:37,24715,24715,1725,24720,150,0,240750
NIFTY-III.NFO,07/05/2025,09:27:41,24715,24715,1725,24719.9,75,0,240750
NIFTY-III.NFO,07/05/2025,09:27:42,24715,24715,1725,24719.9,150,0,240750
NIFTY-III.NFO,07/05/2025,09:27:44,24719.9,24715.1,150,24720,150,75,240750
NIFTY-III.NFO,07/05/2025,09:27:46,24719.9,24716,150,24720,150,0,240750
NIFTY-III.NFO,07/05/2025,09:27:47,24715.9,24716.1,150,24720,150,150,240750
NIFTY-III.NFO,07/05/2025,09:27:49,24715.9,24716.8,150,24720,150,0,240750
NIFTY-III.NFO,07/05/2025,09:27:51,24715.9,24717.5,150,24720,150,0,240750
NIFTY-III.NFO,07/05/2025,09:27:52,24715.9,24718.3,150,24720,150,0,240750
NIFTY-III.NFO,07/05/2025,09:27:54,24715.9,24719.8,150,24720,150,0,240750
NIFTY-III.NFO,07/05/2025,09:27:56,24720,24719.8,150,24720,150,75,240750
NIFTY-III.NFO,07/05/2025,09:27:56,24720,24719.8,150,24720,150,0,240750
NIFTY-III.NFO,07/05/2025,09:27:57,24720,24716.6,75,24720,150,0,240750
NIFTY-III.NFO,07/05/2025,09:27:59,24720,24716.9,225,24720,150,0,240750
NIFTY-III.NFO,07/05/2025,09:28:01,24720,24719.8,150,24720,75,75,240750
NIFTY-III.NFO,07/05/2025,09:28:04,24722,24723,150,24725,150,525,240750
NIFTY-III.NFO,07/05/2025,09:28:04,24722,24723,150,24725,150,0,240750
NIFTY-III.NFO,07/05/2025,09:28:06,24723,24724.9,150,24725,150,75,240750
NIFTY-III.NFO,07/05/2025,09:28:06,24723,24724.9,150,24725,150,0,240750
NIFTY-III.NFO,07/05/2025,09:28:07,24725,24729.6,150,24740.1,150,150,240750
NIFTY-III.NFO,07/05/2025,09:28:07,24725,24729.6,150,24740.1,150,0,240750
NIFTY-III.NFO,07/05/2025,09:28:09,24725,24730.4,150,24739.9,225,0,240750
NIFTY-III.NFO,07/05/2025,09:28:11,24725,24731.2,150,24741.3,225,0,240750
NIFTY-III.NFO,07/05/2025,09:28:12,24725,24732.1,75,24741.3,225,0,240750
NIFTY-III.NFO,07/05/2025,09:28:14,24725,24731.5,75,24741.2,150,0,240750
NIFTY-III.NFO,07/05/2025,09:28:16,24741.3,24729.4,150,24741.2,150,225,240750
NIFTY-III.NFO,07/05/2025,09:28:16,24741.3,24729.4,150,24741.2,150,0,240750
NIFTY-III.NFO,07/05/2025,09:28:17,24741.2,24730.5,300,24741.2,75,75,240750
NIFTY-III.NFO,07/05/2025,09:28:19,24741.2,24730.5,150,24741.2,75,0,240750
NIFTY-III.NFO,07/05/2025,09:28:20,24741.2,24730.8,150,24741.2,75,0,240750
NIFTY-III.NFO,07/05/2025,09:28:22,24741.2,24731.2,150,24741.4,450,1050,240750
NIFTY-III.NFO,07/05/2025,09:28:24,24741.2,24728.1,225,24737.6,450,0,240750
NIFTY-III.NFO,07/05/2025,09:28:25,24741.2,24731.9,375,24740.7,450,0,240750
NIFTY-III.NFO,07/05/2025,09:28:27,24742,24732.3,150,24740.7,450,75,240750
NIFTY-III.NFO,07/05/2025,09:28:27,24742,24732.3,150,24740.7,450,0,240750
NIFTY-III.NFO,07/05/2025,09:28:29,24742,24732.6,150,24742.4,450,0,240750
NIFTY-III.NFO,07/05/2025,09:28:30,24742,24733.5,150,24744.6,450,0,240750
NIFTY-III.NFO,07/05/2025,09:28:32,24742,24732.6,150,24744.1,75,0,240750
NIFTY-III.NFO,07/05/2025,09:28:34,24742,24735,1050,24743.3,225,0,240750
NIFTY-III.NFO,07/05/2025,09:28:35,24742,24735,2100,24740.3,450,0,240750
NIFTY-III.NFO,07/05/2025,09:28:37,24742,24735,2100,24737.5,375,0,240750
NIFTY-III.NFO,07/05/2025,09:28:39,24738,24735,1125,24738.7,75,1050,240750
NIFTY-III.NFO,07/05/2025,09:28:40,24735,24730,525,24737.7,75,1125,240750
NIFTY-III.NFO,07/05/2025,09:28:42,24735,24730,525,24737.7,75,0,240750
NIFTY-III.NFO,07/05/2025,09:28:44,24730.1,24730.1,75,24738.4,75,75,240750
NIFTY-III.NFO,07/05/2025,09:28:45,24730.1,24730.1,150,24733.3,75,0,240750
NIFTY-III.NFO,07/05/2025,09:28:47,24730.1,24731.7,150,24733.3,75,0,240750
NIFTY-III.NFO,07/05/2025,09:28:49,24733.3,24732.1,150,24743.3,75,75,240750
NIFTY-III.NFO,07/05/2025,09:28:50,24733.3,24731.4,225,24743.2,150,0,240750
NIFTY-III.NFO,07/05/2025,09:28:52,24733.3,24730.3,225,24741.1,75,0,240750
NIFTY-III.NFO,07/05/2025,09:28:54,24733.3,24730.1,150,24739.8,75,0,240750
NIFTY-III.NFO,07/05/2025,09:28:55,24733.3,24730.3,150,24739.8,75,0,240750
NIFTY-III.NFO,07/05/2025,09:28:57,24733.3,24730.1,150,24739.8,75,0,240750
NIFTY-III.NFO,07/05/2025,09:28:59,24733.3,24730.1,225,24739.8,75,0,240750
NIFTY-III.NFO,07/05/2025,09:29:00,24733.3,24731.1,150,24739.8,75,0,240750
NIFTY-III.NFO,07/05/2025,09:29:02,24733.3,24730.5,150,24739.8,75,0,240750
NIFTY-III.NFO,07/05/2025,09:29:04,24733.3,24730.2,225,24739.8,75,0,240750
NIFTY-III.NFO,07/05/2025,09:29:07,24733.3,24733.4,150,24741.1,75,0,240750
NIFTY-III.NFO,07/05/2025,09:29:10,24733.3,24733.6,225,24742,150,0,240750
NIFTY-III.NFO,07/05/2025,09:29:12,24733.3,24734.5,150,24742,150,0,240750
NIFTY-III.NFO,07/05/2025,09:29:14,24733.3,24733.4,150,24742,150,0,240750
NIFTY-III.NFO,07/05/2025,09:29:15,24733.3,24733.8,225,24742,75,0,240750
NIFTY-III.NFO,07/05/2025,09:29:17,24733.3,24735.7,150,24742,75,0,240750
NIFTY-III.NFO,07/05/2025,09:29:19,24733.3,24735.9,225,24740,75,0,240750
NIFTY-III.NFO,07/05/2025,09:29:20,24733.3,24736.9,225,24740,75,0,240750
NIFTY-III.NFO,07/05/2025,09:29:22,24740,24738.9,600,24742,75,75,240750
NIFTY-III.NFO,07/05/2025,09:29:24,24740,24738.9,150,24739,75,0,240750
NIFTY-III.NFO,07/05/2025,09:29:29,24738.9,24735.6,150,24739,75,75,240750
NIFTY-III.NFO,07/05/2025,09:29:30,24738.9,24736.6,150,24739,75,0,240750
NIFTY-III.NFO,07/05/2025,09:29:32,24739,24735.1,150,24740,75,75,240750
NIFTY-III.NFO,07/05/2025,09:29:34,24739,24735.7,150,24740,300,0,240750
NIFTY-III.NFO,07/05/2025,09:29:36,24739,24736.5,150,24740,450,0,240750
NIFTY-III.NFO,07/05/2025,09:29:37,24739,24737,150,24740,450,0,240750
NIFTY-III.NFO,07/05/2025,09:29:39,24739,24737.5,150,24740,450,0,240750
NIFTY-III.NFO,07/05/2025,09:29:41,24739,24736.1,225,24740,450,0,240750
NIFTY-III.NFO,07/05/2025,09:29:42,24739,24739.1,75,24740,450,0,240750
NIFTY-III.NFO,07/05/2025,09:29:46,24739,24739,75,24740,450,0,240750
NIFTY-III.NFO,07/05/2025,09:29:47,24739,24739,150,24740,525,0,240750
NIFTY-III.NFO,07/05/2025,09:29:51,24739,24735,525,24739.9,150,150,240750
NIFTY-III.NFO,07/05/2025,09:29:52,24735,24735,450,24739.9,150,75,240750
NIFTY-III.NFO,07/05/2025,09:29:54,24735,24735,225,24738.9,75,225,240750
NIFTY-III.NFO,07/05/2025,09:29:56,24738.9,24735,225,24739,150,75,240750
NIFTY-III.NFO,07/05/2025,09:29:57,24739.9,24739.9,150,24740,525,375,240750
NIFTY-III.NFO,07/05/2025,09:29:59,24739.9,24735,225,24740,600,150,240750
NIFTY-III.NFO,07/05/2025,09:30:01,24737,24737,225,24740,450,75,240750
NIFTY-III.NFO,07/05/2025,09:30:02,24740,24741.8,75,24742,75,450,240750
NIFTY-III.NFO,07/05/2025,09:30:04,24742.3,24743,150,24749.9,75,150,240750
NIFTY-III.NFO,07/05/2025,09:30:04,24742.3,24743,150,24749.9,75,0,240750
NIFTY-III.NFO,07/05/2025,09:30:06,24743.5,24743.7,225,24750,300,75,240750
NIFTY-III.NFO,07/05/2025,09:30:06,24743.5,24743.7,225,24750,300,0,240750
NIFTY-III.NFO,07/05/2025,09:30:07,24743.5,24744.7,75,24750,375,0,240750
NIFTY-III.NFO,07/05/2025,09:30:09,24743.5,24744.9,300,24750,375,0,240750
NIFTY-III.NFO,07/05/2025,09:30:11,24743.5,24745.3,75,24750,375,0,240750
NIFTY-III.NFO,07/05/2025,09:30:12,24745.8,24745.2,150,24750,300,75,240750
NIFTY-III.NFO,07/05/2025,09:30:12,24745.8,24745.2,150,24750,300,0,240750
NIFTY-III.NFO,07/05/2025,09:30:14,24745,24743.9,150,24745,450,150,240750
NIFTY-III.NFO,07/05/2025,09:30:16,24745,24742.3,150,24745,225,225,240750
NIFTY-III.NFO,07/05/2025,09:30:17,24745,24742.3,150,24745,225,0,240750
NIFTY-III.NFO,07/05/2025,09:30:22,24745,24742.3,150,24749.5,75,225,240750
NIFTY-III.NFO,07/05/2025,09:30:24,24745,24742.3,150,24749.9,150,0,240750
NIFTY-III.NFO,07/05/2025,09:30:25,24749.9,24745,75,24749.8,75,75,240750
NIFTY-III.NFO,07/05/2025,09:30:25,24749.9,24745,75,24749.8,75,0,240750
NIFTY-III.NFO,07/05/2025,09:30:27,24749.9,24745,75,24749.8,75,0,240750
NIFTY-III.NFO,07/05/2025,09:30:29,24749.9,24745,75,24748.8,75,0,240750
NIFTY-III.NFO,07/05/2025,09:30:30,24749.9,24745,75,24750,225,0,240750
NIFTY-III.NFO,07/05/2025,09:30:32,24750,24745,75,24749.9,150,225,243075
NIFTY-III.NFO,07/05/2025,09:30:32,24750,24745,75,24749.9,150,0,243075
NIFTY-III.NFO,07/05/2025,09:30:34,24750,24745,75,24749.9,150,0,243075
NIFTY-III.NFO,07/05/2025,09:30:37,24750,24745.1,225,24750,75,0,243075
NIFTY-III.NFO,07/05/2025,09:30:39,24750,24745.1,150,24750,75,0,243075
NIFTY-III.NFO,07/05/2025,09:30:40,24745.1,24745,75,24749.9,225,150,243075
NIFTY-III.NFO,07/05/2025,09:30:42,24745.1,24745,75,24750,75,0,243075
NIFTY-III.NFO,07/05/2025,09:30:44,24745.1,24745,75,24749.9,150,0,243075
NIFTY-III.NFO,07/05/2025,09:30:45,24745.1,24745,75,24749.9,75,0,243075
NIFTY-III.NFO,07/05/2025,09:30:47,24745.1,24745,75,24749.9,150,0,243075
NIFTY-III.NFO,07/05/2025,09:30:49,24747.5,24740.3,150,24749.9,150,75,243075
NIFTY-III.NFO,07/05/2025,09:30:50,24747.5,24740,75,24749.9,150,0,243075
NIFTY-III.NFO,07/05/2025,09:30:52,24747.5,24740,75,24749.7,150,0,243075
NIFTY-III.NFO,07/05/2025,09:30:54,24747.5,24740,75,24749.1,75,0,243075
NIFTY-III.NFO,07/05/2025,09:30:57,24747.5,24740,75,24748.7,150,0,243075
NIFTY-III.NFO,07/05/2025,09:31:00,24747.5,24740.1,150,24747.4,75,0,243075
NIFTY-III.NFO,07/05/2025,09:31:02,24747.5,24740.1,225,24747.5,150,0,243075
NIFTY-III.NFO,07/05/2025,09:31:04,24747.5,24741.2,375,24747.5,75,0,243075
NIFTY-III.NFO,07/05/2025,09:31:05,24747.5,24742,150,24747.5,75,0,243075
NIFTY-III.NFO,07/05/2025,09:31:07,24747.5,24743.2,150,24747.5,75,0,243075
NIFTY-III.NFO,07/05/2025,09:31:09,24747.5,24742,150,24745,150,0,243075
NIFTY-III.NFO,07/05/2025,09:31:10,24747.5,24740.4,75,24745,150,0,243075
NIFTY-III.NFO,07/05/2025,09:31:14,24747.5,24740,225,24744.9,150,0,243075
NIFTY-III.NFO,07/05/2025,09:31:15,24747.5,24740,225,24744.9,225,0,243075
NIFTY-III.NFO,07/05/2025,09:31:17,24740,24735,225,24742.8,75,225,243075
NIFTY-III.NFO,07/05/2025,09:31:19,24740,24735,225,24742.8,75,0,243075
NIFTY-III.NFO,07/05/2025,09:31:20,24740,24735,225,24740.8,75,0,243075
NIFTY-III.NFO,07/05/2025,09:31:23,24740,24735,225,24742.8,150,0,243075
NIFTY-III.NFO,07/05/2025,09:31:25,24740,24735.1,150,24743,75,0,243075
NIFTY-III.NFO,07/05/2025,09:31:27,24740,24735,225,24743.8,150,0,243075
NIFTY-III.NFO,07/05/2025,09:31:28,24740,24735,225,24740,75,0,243075
NIFTY-III.NFO,07/05/2025,09:31:30,24740,24735,225,24739.7,150,0,243075
NIFTY-III.NFO,07/05/2025,09:31:35,24740,24735,225,24738.6,150,0,243075
NIFTY-III.NFO,07/05/2025,09:31:37,24730.1,24730.1,75,24738.6,150,375,243075
NIFTY-III.NFO,07/05/2025,09:31:38,24730.1,24731.7,150,24740,150,0,243075
NIFTY-III.NFO,07/05/2025,09:31:40,24730.1,24736.9,150,24740,75,0,243075
NIFTY-III.NFO,07/05/2025,09:31:42,24730.1,24738.7,150,24740,75,0,243075
NIFTY-III.NFO,07/05/2025,09:31:44,24730.1,24738.1,150,24740,75,0,243075
NIFTY-III.NFO,07/05/2025,09:31:45,24730.1,24735,150,24740,75,0,243075
NIFTY-III.NFO,07/05/2025,09:31:47,24730.1,24734.9,450,24740,75,0,243075
NIFTY-III.NFO,07/05/2025,09:31:49,24740,24738,75,24747.9,150,75,243075
NIFTY-III.NFO,07/05/2025,09:31:50,24740,24739.8,225,24747.9,75,0,243075
NIFTY-III.NFO,07/05/2025,09:31:52,24740,24743.7,150,24748,75,0,243075
NIFTY-III.NFO,07/05/2025,09:31:54,24740,24743.2,150,24748,75,0,243075
NIFTY-III.NFO,07/05/2025,09:31:55,24743.2,24743.3,150,24748,75,75,243075
NIFTY-III.NFO,07/05/2025,09:31:57,24743.2,24744.8,225,24748,75,0,243075
NIFTY-III.NFO,07/05/2025,09:31:59,24743.2,24744.2,75,24748,75,0,243075
NIFTY-III.NFO,07/05/2025,09:32:00,24743.2,24740.8,300,24748,75,0,243075
NIFTY-III.NFO,07/05/2025,09:32:02,24743.2,24739.1,150,24747.9,150,0,243075
NIFTY-III.NFO,07/05/2025,09:32:04,24743.2,24738.5,150,24747.9,150,0,243075
NIFTY-III.NFO,07/05/2025,09:32:05,24743.2,24741.6,225,24748,75,0,243075
NIFTY-III.NFO,07/05/2025,09:32:07,24743.2,24742.7,75,24748,75,0,243075
NIFTY-III.NFO,07/05/2025,09:32:09,24743.2,24742.8,75,24748,75,0,243075
NIFTY-III.NFO,07/05/2025,09:32:10,24748,24748.1,75,24749.9,225,75,243075
NIFTY-III.NFO,07/05/2025,09:32:12,24748.1,24740.1,75,24749.9,225,75,243075
NIFTY-III.NFO,07/05/2025,09:32:14,24748.7,24740,600,24748.7,75,75,243075
NIFTY-III.NFO,07/05/2025,09:32:15,24748.7,24740,600,24747,150,0,243075
NIFTY-III.NFO,07/05/2025,09:32:17,24748.7,24740,600,24745.5,150,0,243075
NIFTY-III.NFO,07/05/2025,09:32:20,24748.7,24740,600,24746.2,150,0,243075
NIFTY-III.NFO,07/05/2025,09:32:22,24748.7,24740.1,150,24748.4,150,0,243075
NIFTY-III.NFO,07/05/2025,09:32:24,24748.7,24740.1,225,24748.4,150,0,243075
NIFTY-III.NFO,07/05/2025,09:32:25,24748.7,24742.7,375,24748.7,75,0,243075
NIFTY-III.NFO,07/05/2025,09:32:27,24748.7,24743.6,75,24748.7,150,0,243075
NIFTY-III.NFO,07/05/2025,09:32:29,24748.7,24742.2,75,24748.7,150,0,243075
NIFTY-III.NFO,07/05/2025,09:32:30,24748.7,24742.3,75,24748.7,150,0,243075
NIFTY-III.NFO,07/05/2025,09:32:32,24748.7,24742.7,375,24748.6,150,0,243075
NIFTY-III.NFO,07/05/2025,09:32:34,24748.7,24740.2,150,24748.6,225,0,243075
NIFTY-III.NFO,07/05/2025,09:32:35,24748.7,24740,750,24748.6,225,0,243075
NIFTY-III.NFO,07/05/2025,09:32:37,24740.1,24740.1,150,24748.6,225,75,243075
NIFTY-III.NFO,07/05/2025,09:32:39,24740.1,24740.1,225,24748.5,150,0,243075
NIFTY-III.NFO,07/05/2025,09:32:40,24740.1,24740.3,225,24748.6,225,0,243075
NIFTY-III.NFO,07/05/2025,09:32:42,24748.7,24741.8,225,24748.7,150,300,243075
NIFTY-III.NFO,07/05/2025,09:32:44,24748.7,24740.1,225,24748.6,225,0,243075
NIFTY-III.NFO,07/05/2025,09:32:47,24748.7,24740.4,150,24748.7,150,0,243075
NIFTY-III.NFO,07/05/2025,09:32:49,24742.5,24741.9,150,24748.5,75,75,243075
NIFTY-III.NFO,07/05/2025,09:32:50,24742.5,24740.1,75,24747.9,225,0,243075
NIFTY-III.NFO,07/05/2025,09:32:54,24742.5,24741.3,150,24748,75,0,243075
NIFTY-III.NFO,07/05/2025,09:32:55,24742.5,24741.6,75,24748,75,0,243075
NIFTY-III.NFO,07/05/2025,09:32:57,24742.5,24741.5,75,24748,75,0,243075
NIFTY-III.NFO,07/05/2025,09:32:59,24742.5,24741.5,75,24742.5,75,0,243075
NIFTY-III.NFO,07/05/2025,09:33:00,24742.5,24740.4,75,24742.5,75,0,243075
NIFTY-III.NFO,07/05/2025,09:33:02,24742.5,24742.4,150,24748,75,75,243075
NIFTY-III.NFO,07/05/2025,09:33:04,24742.5,24744.6,150,24748,75,0,243075
NIFTY-III.NFO,07/05/2025,09:33:05,24742.5,24743.4,150,24748,75,0,243075
NIFTY-III.NFO,07/05/2025,09:33:07,24742.5,24745,75,24748,75,0,243075
NIFTY-III.NFO,07/05/2025,09:33:09,24742.5,24744.1,75,24748,75,0,243075
NIFTY-III.NFO,07/05/2025,09:33:10,24742.5,24740.4,150,24747.9,150,0,243075
NIFTY-III.NFO,07/05/2025,09:33:12,24742.5,24742.3,75,24742.5,75,0,243075
NIFTY-III.NFO,07/05/2025,09:33:14,24742.5,24742.4,300,24748,75,75,243075
NIFTY-III.NFO,07/05/2025,09:33:15,24742.5,24741.4,75,24747,75,0,243075
NIFTY-III.NFO,07/05/2025,09:33:17,24742.5,24740.5,75,24746.9,225,0,243075
NIFTY-III.NFO,07/05/2025,09:33:19,24742.5,24742.5,375,24746.9,225,0,243075
NIFTY-III.NFO,07/05/2025,09:33:24,24742.5,24742.5,375,24745,75,0,243075
NIFTY-III.NFO,07/05/2025,09:33:25,24742.5,24742.5,375,24745,150,0,243075
NIFTY-III.NFO,07/05/2025,09:33:27,24742.5,24742.6,75,24745,225,0,243075
NIFTY-III.NFO,07/05/2025,09:33:30,24742.5,24742.8,375,24745,225,0,243075
NIFTY-III.NFO,07/05/2025,09:33:32,24742.5,24744.6,75,24745,225,0,243075
NIFTY-III.NFO,07/05/2025,09:33:34,24745,24744.5,75,24748,75,225,243450
NIFTY-III.NFO,07/05/2025,09:33:35,24745,24745,375,24748,75,0,243450
NIFTY-III.NFO,07/05/2025,09:33:46,24745,24745,525,24748,75,0,243450
NIFTY-III.NFO,07/05/2025,09:33:47,24750,24751.7,225,24754.5,75,375,243450
NIFTY-III.NFO,07/05/2025,09:33:49,24750,24750.6,150,24754.5,75,0,243450
NIFTY-III.NFO,07/05/2025,09:33:51,24750,24750.4,450,24754.5,75,0,243450
NIFTY-III.NFO,07/05/2025,09:33:52,24750,24748.6,75,24754.5,75,0,243450
NIFTY-III.NFO,07/05/2025,09:33:54,24750,24750.5,150,24754.5,75,0,243450
NIFTY-III.NFO,07/05/2025,09:33:56,24754.5,24754.3,300,24755,300,75,243450
NIFTY-III.NFO,07/05/2025,09:33:56,24754.5,24754.3,300,24755,300,0,243450
NIFTY-III.NFO,07/05/2025,09:33:57,24755,24756.2,300,24758,150,300,243450
NIFTY-III.NFO,07/05/2025,09:33:57,24755,24756.2,300,24758,150,0,243450
NIFTY-III.NFO,07/05/2025,09:33:59,24755,24755.5,525,24758,150,0,243450
NIFTY-III.NFO,07/05/2025,09:34:01,24755,24754.8,375,24758,150,0,243450
NIFTY-III.NFO,07/05/2025,09:34:02,24755,24756.1,300,24758,150,0,243450
NIFTY-III.NFO,07/05/2025,09:34:04,24755,24756.2,150,24758,150,0,243450
NIFTY-III.NFO,07/05/2025,09:34:06,24758,24755.8,225,24760,225,150,243450
NIFTY-III.NFO,07/05/2025,09:34:06,24758,24755.8,225,24760,225,0,243450
NIFTY-III.NFO,07/05/2025,09:34:07,24758,24755.1,300,24760,225,0,243450
NIFTY-III.NFO,07/05/2025,09:34:09,24758,24755.9,150,24760,225,0,243450
NIFTY-III.NFO,07/05/2025,09:34:11,24760,24756.5,225,24760,75,150,243450
NIFTY-III.NFO,07/05/2025,09:34:11,24760,24756.5,225,24760,75,0,243450
NIFTY-III.NFO,07/05/2025,09:34:12,24760,24760,975,24761,75,75,243450
NIFTY-III.NFO,07/05/2025,09:34:14,24760,24760,1500,24761,75,0,243450
NIFTY-III.NFO,07/05/2025,09:34:16,24764.8,24760,1500,24764.7,150,525,243450
NIFTY-III.NFO,07/05/2025,09:34:16,24764.8,24760,1500,24764.7,150,0,243450
NIFTY-III.NFO,07/05/2025,09:34:17,24760,24760,1425,24764.7,150,75,243450
NIFTY-III.NFO,07/05/2025,09:34:19,24760,24762.4,525,24764.7,150,0,243450
NIFTY-III.NFO,07/05/2025,09:34:22,24762.4,24762.4,450,24764.8,75,75,243450
NIFTY-III.NFO,07/05/2025,09:34:24,24762.4,24762.4,375,24767.9,225,75,243450
NIFTY-III.NFO,07/05/2025,09:34:25,24762.4,24762.4,375,24767.9,150,0,243450
NIFTY-III.NFO,07/05/2025,09:34:27,24762.4,24765,375,24767.9,150,0,243450
NIFTY-III.NFO,07/05/2025,09:34:29,24762.4,24765,375,24768,75,0,243450
NIFTY-III.NFO,07/05/2025,09:34:30,24768,24768.6,300,24769,75,75,243450
NIFTY-III.NFO,07/05/2025,09:34:30,24768,24768.6,300,24769,75,0,243450
NIFTY-III.NFO,07/05/2025,09:34:32,24768,24768.6,300,24769,75,0,243450
NIFTY-III.NFO,07/05/2025,09:34:35,24768.6,24768.6,225,24769,75,75,243450
NIFTY-III.NFO,07/05/2025,09:34:35,24768.6,24768.6,225,24769,75,0,243450
NIFTY-III.NFO,07/05/2025,09:34:37,24768.6,24768.6,225,24769,75,0,243450
NIFTY-III.NFO,07/05/2025,09:34:39,24770,24770,150,24776.3,150,225,243450
NIFTY-III.NFO,07/05/2025,09:34:39,24770,24770,150,24776.3,150,0,243450
NIFTY-III.NFO,07/05/2025,09:34:40,24770,24770,150,24776.8,150,0,243450
NIFTY-III.NFO,07/05/2025,09:34:42,24770,24772,225,24776.9,150,0,243450
NIFTY-III.NFO,07/05/2025,09:34:45,24770,24776.8,75,24777,75,0,243450
NIFTY-III.NFO,07/05/2025,09:34:47,24776.8,24772,225,24776.9,150,75,243450
NIFTY-III.NFO,07/05/2025,09:34:47,24776.8,24772,225,24776.9,150,0,243450
NIFTY-III.NFO,07/05/2025,09:34:49,24777.9,24770,225,24777.9,150,300,243450
NIFTY-III.NFO,07/05/2025,09:34:49,24777.9,24770,225,24777.9,150,0,243450
NIFTY-III.NFO,07/05/2025,09:34:50,24777.9,24770,150,24776.6,75,0,243450
NIFTY-III.NFO,07/05/2025,09:34:52,24777.9,24770,150,24778,75,0,243450
NIFTY-III.NFO,07/05/2025,09:34:54,24777.9,24770,150,24776.4,150,0,243450
NIFTY-III.NFO,07/05/2025,09:34:55,24777.9,24770,150,24776.2,150,0,243450
NIFTY-III.NFO,07/05/2025,09:34:57,24777.9,24770,150,24775.5,150,0,243450
NIFTY-III.NFO,07/05/2025,09:34:59,24777.9,24770,150,24776.4,150,0,243450
NIFTY-III.NFO,07/05/2025,09:35:00,24777.9,24770,150,24776.5,75,0,243450
NIFTY-III.NFO,07/05/2025,09:35:04,24777.9,24770,150,24775.6,75,0,243450
NIFTY-III.NFO,07/05/2025,09:35:07,24777.9,24770,150,24774.7,75,0,243450
NIFTY-III.NFO,07/05/2025,09:35:09,24777.9,24770,150,24774,75,0,243450
NIFTY-III.NFO,07/05/2025,09:35:10,24777.9,24770,300,24774,75,0,243450
NIFTY-III.NFO,07/05/2025,09:35:12,24770,24761.3,225,24771.8,75,300,243450
NIFTY-III.NFO,07/05/2025,09:35:14,24770,24761.3,225,24770,150,0,243450
NIFTY-III.NFO,07/05/2025,09:35:15,24770,24760.1,225,24769.9,75,0,243450
NIFTY-III.NFO,07/05/2025,09:35:19,24770,24760.1,150,24769.9,75,0,243450
NIFTY-III.NFO,07/05/2025,09:35:21,24770,24760.1,225,24769.7,75,0,243450
NIFTY-III.NFO,07/05/2025,09:35:22,24770,24762.1,150,24770,150,0,243450
NIFTY-III.NFO,07/05/2025,09:35:24,24770,24763.3,150,24770,75,75,243450
NIFTY-III.NFO,07/05/2025,09:35:26,24770,24764.6,150,24770,75,0,243450
NIFTY-III.NFO,07/05/2025,09:35:27,24770,24765.7,150,24770,75,0,243450
NIFTY-III.NFO,07/05/2025,09:35:29,24770,24766.2,225,24770,75,0,243450
NIFTY-III.NFO,07/05/2025,09:35:31,24770,24765.4,150,24770,75,0,243450
NIFTY-III.NFO,07/05/2025,09:35:32,24770,24763.9,150,24774,75,0,243450
NIFTY-III.NFO,07/05/2025,09:35:34,24770,24763.9,150,24773.9,75,0,243450
NIFTY-III.NFO,07/05/2025,09:35:39,24770,24762.7,150,24773.9,75,0,243450
NIFTY-III.NFO,07/05/2025,09:35:42,24770,24761.1,150,24772.9,75,0,243450
NIFTY-III.NFO,07/05/2025,09:35:44,24770,24760.4,225,24770,150,0,243450
NIFTY-III.NFO,07/05/2025,09:35:46,24770,24761.9,225,24770,75,0,243450
NIFTY-III.NFO,07/05/2025,09:35:47,24770,24763.3,225,24770,75,0,243450
NIFTY-III.NFO,07/05/2025,09:35:49,24770,24764.8,225,24770,75,0,243450
NIFTY-III.NFO,07/05/2025,09:35:51,24770,24766.2,225,24770,75,0,243450
NIFTY-III.NFO,07/05/2025,09:35:52,24770,24770.1,150,24778.9,150,75,243450
NIFTY-III.NFO,07/05/2025,09:35:54,24769.1,24769.3,150,24778.9,150,150,243450
NIFTY-III.NFO,07/05/2025,09:35:56,24769.1,24769.3,150,24778.9,150,0,243450
NIFTY-III.NFO,07/05/2025,09:35:57,24769.1,24767,225,24770,75,0,243450
NIFTY-III.NFO,07/05/2025,09:35:59,24769.1,24765.8,225,24770,75,0,243450
NIFTY-III.NFO,07/05/2025,09:36:01,24769.1,24764.9,225,24770,75,0,243450
NIFTY-III.NFO,07/05/2025,09:36:02,24769.1,24764.5,375,24770,75,0,243450
NIFTY-III.NFO,07/05/2025,09:36:04,24769.1,24764.2,75,24770,75,0,243450
NIFTY-III.NFO,07/05/2025,09:36:06,24769.1,24763.2,150,24770,75,0,243450
NIFTY-III.NFO,07/05/2025,09:36:07,24769.1,24764.7,150,24770,75,0,243450
NIFTY-III.NFO,07/05/2025,09:36:09,24769.1,24762.8,225,24770,75,0,243450
NIFTY-III.NFO,07/05/2025,09:36:11,24770,24764.2,225,24772.9,150,75,243450
NIFTY-III.NFO,07/05/2025,09:36:12,24770,24762.4,225,24772.9,150,0,243450
NIFTY-III.NFO,07/05/2025,09:36:14,24770,24763.1,150,24772.9,150,0,243450
NIFTY-III.NFO,07/05/2025,09:36:16,24770,24764.1,150,24773.3,150,0,243450
NIFTY-III.NFO,07/05/2025,09:36:19,24770,24764,75,24773.3,150,0,243450
NIFTY-III.NFO,07/05/2025,09:36:21,24770,24764,150,24773.3,150,0,243450
NIFTY-III.NFO,07/05/2025,09:36:22,24770,24764,75,24773.3,150,0,243450
NIFTY-III.NFO,07/05/2025,09:36:24,24770,24764,75,24773.3,300,0,243450
NIFTY-III.NFO,07/05/2025,09:36:26,24770,24764,75,24771.4,225,0,243450
NIFTY-III.NFO,07/05/2025,09:36:27,24770,24764,75,24770.8,75,0,243450
NIFTY-III.NFO,07/05/2025,09:36:34,24770,24761.6,75,24770.8,75,0,243450
NIFTY-III.NFO,07/05/2025,09:36:36,24770.8,24761.6,75,24770.8,300,75,243900
NIFTY-III.NFO,07/05/2025,09:36:37,24770.8,24760.5,225,24770.3,150,0,243900
NIFTY-III.NFO,07/05/2025,09:36:39,24772.8,24763.5,225,24768,75,75,243900
NIFTY-III.NFO,07/05/2025,09:36:41,24772.8,24762.9,225,24768,75,0,243900
NIFTY-III.NFO,07/05/2025,09:36:42,24772.8,24763.5,300,24768,75,0,243900
NIFTY-III.NFO,07/05/2025,09:36:44,24772.8,24765.2,225,24768,75,0,243900
NIFTY-III.NFO,07/05/2025,09:36:46,24772.8,24766.5,150,24768,75,0,243900
NIFTY-III.NFO,07/05/2025,09:36:47,24772.8,24765.2,150,24768,75,0,243900
NIFTY-III.NFO,07/05/2025,09:36:49,24768,24763.1,150,24773.9,75,75,243900
NIFTY-III.NFO,07/05/2025,09:36:51,24768,24762.8,150,24772.4,75,0,243900
NIFTY-III.NFO,07/05/2025,09:36:52,24768,24760.2,150,24771.5,225,0,243900
NIFTY-III.NFO,07/05/2025,09:36:54,24768,24760.1,225,24770,75,0,243900
NIFTY-III.NFO,07/05/2025,09:36:56,24768,24760.1,150,24769,75,0,243900
NIFTY-III.NFO,07/05/2025,09:37:02,24768,24760.1,225,24769,75,0,243900
NIFTY-III.NFO,07/05/2025,09:37:04,24768,24760.1,150,24769,75,0,243900
NIFTY-III.NFO,07/05/2025,09:37:06,24768,24760,2775,24768.2,75,0,243900
NIFTY-III.NFO,07/05/2025,09:37:07,24768,24760,2775,24767.7,75,0,243900
NIFTY-III.NFO,07/05/2025,09:37:09,24768,24760,2775,24763.3,75,0,243900
NIFTY-III.NFO,07/05/2025,09:37:12,24760,24751.1,150,24760.1,225,2775,243900
NIFTY-III.NFO,07/05/2025,09:37:14,24751.1,24751.7,150,24760,150,150,243900
NIFTY-III.NFO,07/05/2025,09:37:15,24751.1,24751.8,75,24759.5,150,0,243900
NIFTY-III.NFO,07/05/2025,09:37:17,24751.1,24750.1,225,24759.5,150,0,243900
NIFTY-III.NFO,07/05/2025,09:37:19,24751.1,24750.3,225,24760,150,0,243900
NIFTY-III.NFO,07/05/2025,09:37:22,24751.1,24750.2,150,24758.8,75,0,243900
NIFTY-III.NFO,07/05/2025,09:37:24,24760.1,24750.2,150,24760.1,150,300,243900
NIFTY-III.NFO,07/05/2025,09:37:26,24760.1,24751.4,150,24760.1,75,0,243900
NIFTY-III.NFO,07/05/2025,09:37:27,24760.1,24752,150,24760.1,75,0,243900
NIFTY-III.NFO,07/05/2025,09:37:29,24760.1,24753.5,300,24760.1,75,0,243900
NIFTY-III.NFO,07/05/2025,09:37:31,24760.1,24755.4,225,24760.1,75,0,243900
NIFTY-III.NFO,07/05/2025,09:37:32,24760.1,24755,150,24760.1,75,0,243900
NIFTY-III.NFO,07/05/2025,09:37:34,24760.1,24754.3,225,24760.1,75,0,243900
NIFTY-III.NFO,07/05/2025,09:37:36,24760.1,24754.3,150,24760.1,75,0,243900
NIFTY-III.NFO,07/05/2025,09:37:37,24760.1,24760,75,24760.1,75,0,243900
NIFTY-III.NFO,07/05/2025,09:37:42,24760.1,24760,75,24766.5,450,75,243900
NIFTY-III.NFO,07/05/2025,09:37:44,24760.1,24760.1,225,24767.9,75,0,243900
NIFTY-III.NFO,07/05/2025,09:37:46,24760.1,24760.2,150,24769.5,75,0,243900
NIFTY-III.NFO,07/05/2025,09:37:47,24760.1,24760,75,24768.2,75,0,243900
NIFTY-III.NFO,07/05/2025,09:37:49,24760.1,24760,75,24767.7,75,0,243900
NIFTY-III.NFO,07/05/2025,09:37:51,24760.1,24760,75,24767,450,0,243900
NIFTY-III.NFO,07/05/2025,09:37:56,24760.1,24760,75,24767,75,0,243900
NIFTY-III.NFO,07/05/2025,09:37:57,24760.1,24760,75,24765.5,450,0,243900
NIFTY-III.NFO,07/05/2025,09:37:59,24760.1,24760,75,24765.3,75,0,243900
NIFTY-III.NFO,07/05/2025,09:38:01,24760.1,24760,75,24764.1,450,0,243900
NIFTY-III.NFO,07/05/2025,09:38:02,24760.1,24760,75,24766.6,75,0,243900
NIFTY-III.NFO,07/05/2025,09:38:06,24760.1,24760,75,24765.9,75,0,243900
NIFTY-III.NFO,07/05/2025,09:38:09,24768.2,24760,75,24767.6,225,75,243900
NIFTY-III.NFO,07/05/2025,09:38:11,24768.2,24760.1,225,24769.5,75,0,243900
NIFTY-III.NFO,07/05/2025,09:38:12,24768.2,24760.1,225,24768.7,75,0,243900
NIFTY-III.NFO,07/05/2025,09:38:14,24768.2,24760.1,150,24768.5,75,0,243900
NIFTY-III.NFO,07/05/2025,09:38:16,24768.2,24760,75,24768.5,75,0,243900
NIFTY-III.NFO,07/05/2025,09:38:17,24760,24755.1,150,24766.1,75,75,243900
NIFTY-III.NFO,07/05/2025,09:38:19,24760,24754.1,225,24765.1,75,0,243900
NIFTY-III.NFO,07/05/2025,09:38:21,24760,24755.1,150,24765.3,75,0,243900
NIFTY-III.NFO,07/05/2025,09:38:27,24760,24758,150,24768,75,0,243900
NIFTY-III.NFO,07/05/2025,09:38:31,24758,24758.2,150,24767.9,150,150,243900
NIFTY-III.NFO,07/05/2025,09:38:32,24758,24756.9,150,24767.9,150,0,243900
NIFTY-III.NFO,07/05/2025,09:38:36,24758,24755.4,150,24766.3,150,0,243900
NIFTY-III.NFO,07/05/2025,09:38:37,24758,24754.8,150,24765.8,300,0,243900
NIFTY-III.NFO,07/05/2025,09:38:39,24758,24753.1,150,24763.9,150,0,243900
NIFTY-III.NFO,07/05/2025,09:38:44,24758,24753.3,150,24763.9,150,0,243900
NIFTY-III.NFO,07/05/2025,09:38:46,24758,24753.1,225,24762,150,0,243900
NIFTY-III.NFO,07/05/2025,09:38:47,24758,24750.1,225,24759.9,150,0,243900
NIFTY-III.NFO,07/05/2025,09:38:49,24758,24750.6,225,24759.9,150,0,243900
NIFTY-III.NFO,07/05/2025,09:38:51,24758,24750.1,225,24759.9,150,0,243900
NIFTY-III.NFO,07/05/2025,09:38:52,24758,24750.1,150,24759.9,300,0,243900
NIFTY-III.NFO,07/05/2025,09:38:54,24758,24750,225,24757.4,150,0,243900
NIFTY-III.NFO,07/05/2025,09:38:56,24758,24750,225,24753,150,0,243900
NIFTY-III.NFO,07/05/2025,09:38:57,24750,24745,375,24749.4,225,225,243900
NIFTY-III.NFO,07/05/2025,09:38:59,24750,24745,375,24752.6,225,0,243900
NIFTY-III.NFO,07/05/2025,09:39:01,24745.1,24745.1,150,24753.8,150,75,243900
NIFTY-III.NFO,07/05/2025,09:39:02,24745.1,24745,375,24753.6,225,0,243900
NIFTY-III.NFO,07/05/2025,09:39:04,24745.1,24745,375,24749.9,150,0,243900
NIFTY-III.NFO,07/05/2025,09:39:06,24745.1,24745,375,24750,75,0,243900
NIFTY-III.NFO,07/05/2025,09:39:09,24745.1,24745.1,150,24750,75,0,243900
NIFTY-III.NFO,07/05/2025,09:39:11,24745.1,24745,375,24750,75,0,243900
NIFTY-III.NFO,07/05/2025,09:39:14,24745,24745,300,24749.9,150,75,243900
NIFTY-III.NFO,07/05/2025,09:39:16,24745,24745,300,24749.2,225,0,243900
NIFTY-III.NFO,07/05/2025,09:39:17,24745,24745,300,24748.3,300,0,243900
NIFTY-III.NFO,07/05/2025,09:39:19,24745,24745,225,24747.5,150,75,243900
NIFTY-III.NFO,07/05/2025,09:39:20,24745,24740,525,24745.6,75,225,243900
NIFTY-III.NFO,07/05/2025,09:39:22,24745,24740,525,24745,150,0,243900
NIFTY-III.NFO,07/05/2025,09:39:24,24745,24740,525,24745,75,0,243900
NIFTY-III.NFO,07/05/2025,09:39:25,24740,24730.1,225,24738.9,150,525,243900
NIFTY-III.NFO,07/05/2025,09:39:27,24740,24730.5,225,24742.1,75,0,243900
NIFTY-III.NFO,07/05/2025,09:39:29,24740,24730.5,225,24741.3,225,0,243900
NIFTY-III.NFO,07/05/2025,09:39:30,24740,24730.2,150,24740.3,75,0,243900
NIFTY-III.NFO,07/05/2025,09:39:32,24740,24730.6,150,24740.9,150,0,243900
NIFTY-III.NFO,07/05/2025,09:39:34,24740,24730.2,150,24739.1,150,0,243900
NIFTY-III.NFO,07/05/2025,09:39:35,24740,24730.2,150,24739.2,75,0,243900
NIFTY-III.NFO,07/05/2025,09:39:37,24740,24730,1050,24735,375,0,243900
NIFTY-III.NFO,07/05/2025,09:39:39,24740,24730,1050,24730.2,150,0,243900
NIFTY-III.NFO,07/05/2025,09:39:40,24730,24730,900,24730.2,150,150,246750
NIFTY-III.NFO,07/05/2025,09:39:42,24730,24730,900,24730.2,150,0,246750
NIFTY-III.NFO,07/05/2025,09:39:44,24730,24725,525,24730.2,150,900,246750
NIFTY-III.NFO,07/05/2025,09:39:45,24730,24725.1,150,24730.2,150,0,246750
NIFTY-III.NFO,07/05/2025,09:39:50,24730,24725.1,225,24730.2,150,0,246750
NIFTY-III.NFO,07/05/2025,09:39:52,24730.2,24726.8,300,24738,150,300,246750
NIFTY-III.NFO,07/05/2025,09:39:54,24730.2,24726.8,300,24737.9,300,0,246750
NIFTY-III.NFO,07/05/2025,09:39:55,24730.2,24727,225,24730,75,0,246750
NIFTY-III.NFO,07/05/2025,09:39:57,24730,24727.5,225,24738,150,75,246750
NIFTY-III.NFO,07/05/2025,09:39:59,24728,24727.8,300,24738.1,300,75,246750
NIFTY-III.NFO,07/05/2025,09:40:00,24728,24727.8,300,24740.5,75,0,246750
NIFTY-III.NFO,07/05/2025,09:40:02,24728,24729.9,225,24741.9,75,0,246750
NIFTY-III.NFO,07/05/2025,09:40:04,24728,24731.5,375,24743.4,75,0,246750
NIFTY-III.NFO,07/05/2025,09:40:05,24728,24733.9,300,24746,300,0,246750
NIFTY-III.NFO,07/05/2025,09:40:07,24728,24735.2,300,24746.6,75,0,246750
NIFTY-III.NFO,07/05/2025,09:40:09,24728,24736.6,225,24747.3,300,0,246750
NIFTY-III.NFO,07/05/2025,09:40:10,24728,24734.3,225,24745.1,300,0,246750
NIFTY-III.NFO,07/05/2025,09:40:12,24728,24729.9,300,24741.4,300,0,246750
NIFTY-III.NFO,07/05/2025,09:40:14,24729.9,24729.2,225,24740.1,300,75,246750
NIFTY-III.NFO,07/05/2025,09:40:16,24729.9,24727.8,225,24739.1,300,0,246750
NIFTY-III.NFO,07/05/2025,09:40:17,24729.9,24725.1,300,24734.3,300,0,246750
NIFTY-III.NFO,07/05/2025,09:40:19,24729.9,24725.6,300,24736.5,300,0,246750
NIFTY-III.NFO,07/05/2025,09:40:21,24729.9,24725.1,300,24735.2,300,0,246750
NIFTY-III.NFO,07/05/2025,09:40:24,24729.9,24725.1,300,24729.9,75,0,246750
NIFTY-III.NFO,07/05/2025,09:40:26,24729.9,24725.1,225,24729.9,75,0,246750
NIFTY-III.NFO,07/05/2025,09:40:27,24729.9,24725,525,24729.9,75,0,246750
NIFTY-III.NFO,07/05/2025,09:40:29,24729.9,24725.1,300,24729.9,75,0,246750
NIFTY-III.NFO,07/05/2025,09:40:31,24729.9,24725.8,225,24729.9,75,0,246750
NIFTY-III.NFO,07/05/2025,09:40:32,24729.9,24727.5,300,24729.9,75,0,246750
NIFTY-III.NFO,07/05/2025,09:40:34,24729.9,24730,225,24739.9,300,75,246750
NIFTY-III.NFO,07/05/2025,09:40:37,24729.9,24728.8,225,24739.7,375,0,246750
NIFTY-III.NFO,07/05/2025,09:40:39,24729.9,24729.1,225,24739.7,375,0,246750
NIFTY-III.NFO,07/05/2025,09:40:42,24729.9,24725.1,225,24730,75,0,246750
NIFTY-III.NFO,07/05/2025,09:40:44,24729.9,24725.1,300,24730,75,0,246750
NIFTY-III.NFO,07/05/2025,09:40:46,24729.9,24725.1,225,24730,75,0,246750
NIFTY-III.NFO,07/05/2025,09:40:49,24729.9,24725.5,300,24730,75,0,246750
NIFTY-III.NFO,07/05/2025,09:40:51,24729.9,24726.4,225,24730,75,0,246750
NIFTY-III.NFO,07/05/2025,09:40:52,24729.9,24726.9,300,24730,75,0,246750
NIFTY-III.NFO,07/05/2025,09:40:54,24730,24726.9,300,24738.3,300,75,246750
NIFTY-III.NFO,07/05/2025,09:40:56,24730,24728.2,225,24738.3,300,0,246750
NIFTY-III.NFO,07/05/2025,09:40:59,24730,24730.1,300,24739.8,300,0,246750
NIFTY-III.NFO,07/05/2025,09:41:01,24730,24732.1,225,24740,75,0,246750
NIFTY-III.NFO,07/05/2025,09:41:02,24730,24734,675,24740,75,0,246750
NIFTY-III.NFO,07/05/2025,09:41:04,24730,24734.2,300,24740,75,0,246750
NIFTY-III.NFO,07/05/2025,09:41:07,24734.2,24734.2,225,24740,75,75,246750
NIFTY-III.NFO,07/05/2025,09:41:09,24734.2,24730.5,225,24739.9,375,0,246750
NIFTY-III.NFO,07/05/2025,09:41:12,24734.2,24731.7,150,24740,75,0,246750
NIFTY-III.NFO,07/05/2025,09:41:14,24734.2,24732.5,225,24740,150,0,246750
NIFTY-III.NFO,07/05/2025,09:41:17,24734.2,24729.4,150,24739.9,375,0,246750
NIFTY-III.NFO,07/05/2025,09:41:19,24734.2,24725.9,225,24737.4,450,0,246750
NIFTY-III.NFO,07/05/2025,09:41:20,24734.2,24725,600,24734,300,0,246750
NIFTY-III.NFO,07/05/2025,09:41:22,24734.2,24725.1,225,24734,300,0,246750
NIFTY-III.NFO,07/05/2025,09:41:24,24734.2,24725.1,75,24734,300,0,246750
NIFTY-III.NFO,07/05/2025,09:41:25,24734.2,24725.1,300,24735.7,300,0,246750
NIFTY-III.NFO,07/05/2025,09:41:27,24734.2,24725.7,225,24736.2,300,0,246750
NIFTY-III.NFO,07/05/2025,09:41:29,24734.2,24725.1,225,24736,300,0,246750
NIFTY-III.NFO,07/05/2025,09:41:30,24734.2,24725.1,225,24735.5,450,0,246750
NIFTY-III.NFO,07/05/2025,09:41:32,24725.1,24725.1,150,24734.8,300,75,246750
NIFTY-III.NFO,07/05/2025,09:41:34,24725.1,24728.9,150,24738.4,300,0,246750
NIFTY-III.NFO,07/05/2025,09:41:35,24725.1,24729.2,75,24739.4,300,0,246750
NIFTY-III.NFO,07/05/2025,09:41:37,24729.2,24732.4,300,24740,75,75,246750
NIFTY-III.NFO,07/05/2025,09:41:39,24729.2,24732,300,24740,150,0,246750
NIFTY-III.NFO,07/05/2025,09:41:42,24729.2,24732.9,225,24740,75,0,246750
NIFTY-III.NFO,07/05/2025,09:41:44,24729.2,24733.5,300,24740,75,0,246750
NIFTY-III.NFO,07/05/2025,09:41:45,24729.2,24732.1,225,24740,75,0,246750
NIFTY-III.NFO,07/05/2025,09:41:47,24729.2,24734.8,225,24740,75,0,246750
NIFTY-III.NFO,07/05/2025,09:41:49,24729.2,24731.3,300,24739.9,375,0,246750
NIFTY-III.NFO,07/05/2025,09:41:50,24729.2,24730.5,225,24739.9,375,0,246750
NIFTY-III.NFO,07/05/2025,09:41:52,24729.2,24730,300,24739.9,375,0,246750
NIFTY-III.NFO,07/05/2025,09:41:54,24729.2,24729.3,300,24739.9,375,0,246750
NIFTY-III.NFO,07/05/2025,09:41:55,24729.2,24731.4,300,24739.9,75,0,246750
NIFTY-III.NFO,07/05/2025,09:41:57,24734.7,24734.7,150,24740,75,75,246750
NIFTY-III.NFO,07/05/2025,09:41:59,24734.7,24735.3,150,24740,75,0,246750
NIFTY-III.NFO,07/05/2025,09:42:00,24740,24742.6,225,24749,75,75,246750
NIFTY-III.NFO,07/05/2025,09:42:02,24740,24740.3,225,24748.9,375,0,246750
NIFTY-III.NFO,07/05/2025,09:42:04,24740,24740.3,525,24748.9,375,0,246750
NIFTY-III.NFO,07/05/2025,09:42:05,24740,24738.8,225,24748.9,375,0,246750
NIFTY-III.NFO,07/05/2025,09:42:07,24740,24736.1,150,24746.6,300,0,246750
NIFTY-III.NFO,07/05/2025,09:42:09,24740,24737.1,150,24746.6,300,0,246750
NIFTY-III.NFO,07/05/2025,09:42:10,24740,24739.3,225,24748.6,300,0,246750
NIFTY-III.NFO,07/05/2025,09:42:12,24740,24740,150,24748.9,375,0,246750
NIFTY-III.NFO,07/05/2025,09:42:14,24740,24738.6,225,24748.7,375,0,246750
NIFTY-III.NFO,07/05/2025,09:42:15,24740,24737.9,150,24748.7,375,0,246750
NIFTY-III.NFO,07/05/2025,09:42:17,24740,24738,225,24748.7,375,0,246750
NIFTY-III.NFO,07/05/2025,09:42:19,24740,24733.7,150,24745.1,300,0,246750
NIFTY-III.NFO,07/05/2025,09:42:20,24740,24731.7,450,24742.9,300,0,246750
NIFTY-III.NFO,07/05/2025,09:42:22,24740,24733.6,225,24742.9,300,0,246750
NIFTY-III.NFO,07/05/2025,09:42:24,24740,24734.6,225,24744,300,0,246750
NIFTY-III.NFO,07/05/2025,09:42:25,24740,24734,225,24744,300,0,246750
NIFTY-III.NFO,07/05/2025,09:42:27,24740,24730.4,150,24741.4,300,0,246750
NIFTY-III.NFO,07/05/2025,09:42:29,24740,24729.3,225,24739.5,300,0,246750
NIFTY-III.NFO,07/05/2025,09:42:30,24740,24729.3,525,24739.5,300,0,246750
NIFTY-III.NFO,07/05/2025,09:42:32,24740,24729.3,225,24738.4,300,0,246750
NIFTY-III.NFO,07/05/2025,09:42:37,24740,24729.2,150,24736.6,300,0,246750
NIFTY-III.NFO,07/05/2025,09:42:39,24740,24729.2,150,24734.5,300,0,246750
NIFTY-III.NFO,07/05/2025,09:42:40,24740,24729.2,150,24734,450,0,246750
NIFTY-III.NFO,07/05/2025,09:42:42,24740,24729.2,150,24732.6,450,0,246750
NIFTY-III.NFO,07/05/2025,09:42:43,24740,24729.2,150,24731.2,300,0,246750
NIFTY-III.NFO,07/05/2025,09:42:45,24740,24729.2,150,24732.8,300,0,246750
NIFTY-III.NFO,07/05/2025,09:42:47,24740,24729.2,150,24731.2,300,0,246750
NIFTY-III.NFO,07/05/2025,09:42:48,24729.2,24725,600,24731,300,150,247875
NIFTY-III.NFO,07/05/2025,09:42:50,24729.2,24725,600,24725.6,300,0,247875
NIFTY-III.NFO,07/05/2025,09:42:52,24725,24720,525,24725.3,300,600,247875
NIFTY-III.NFO,07/05/2025,09:42:53,24725,24720.1,150,24728.1,375,0,247875
NIFTY-III.NFO,07/05/2025,09:42:55,24725,24720.1,225,24731.2,300,0,247875
NIFTY-III.NFO,07/05/2025,09:42:56,24725,24724,150,24733.8,300,0,247875
NIFTY-III.NFO,07/05/2025,09:42:58,24725,24721.5,150,24731.9,450,0,247875
NIFTY-III.NFO,07/05/2025,09:43:00,24725,24722.8,150,24732.9,300,0,247875
NIFTY-III.NFO,07/05/2025,09:43:01,24725,24722,150,24732.3,300,0,247875
NIFTY-III.NFO,07/05/2025,09:43:03,24722,24722.3,75,24732.9,300,75,247875
NIFTY-III.NFO,07/05/2025,09:43:05,24722,24727.7,150,24736.8,300,0,247875
NIFTY-III.NFO,07/05/2025,09:43:06,24722,24728.4,75,24739,300,0,247875
NIFTY-III.NFO,07/05/2025,09:43:08,24722,24729.9,75,24739.7,375,0,247875
NIFTY-III.NFO,07/05/2025,09:43:11,24722,24728.4,75,24738.7,300,0,247875
NIFTY-III.NFO,07/05/2025,09:43:13,24722,24727.8,75,24738.2,300,0,247875
NIFTY-III.NFO,07/05/2025,09:43:14,24722,24729.8,75,24740,150,0,247875
NIFTY-III.NFO,07/05/2025,09:43:16,24722,24731,75,24739.9,375,0,247875
NIFTY-III.NFO,07/05/2025,09:43:17,24731,24731.7,150,24740,75,75,247875
NIFTY-III.NFO,07/05/2025,09:43:19,24731,24732.5,375,24740,75,0,247875
NIFTY-III.NFO,07/05/2025,09:43:21,24731,24732.9,75,24740,75,0,247875
NIFTY-III.NFO,07/05/2025,09:43:22,24731,24731.4,75,24740,75,0,247875
NIFTY-III.NFO,07/05/2025,09:43:24,24731.7,24733.2,75,24740,75,75,247875
NIFTY-III.NFO,07/05/2025,09:43:26,24731.7,24729.8,75,24739.9,375,0,247875
NIFTY-III.NFO,07/05/2025,09:43:27,24731.7,24727.7,75,24738.9,300,0,247875
NIFTY-III.NFO,07/05/2025,09:43:29,24731.7,24727.1,375,24737.5,300,0,247875
NIFTY-III.NFO,07/05/2025,09:43:31,24731.7,24726.1,150,24737.5,300,0,247875
NIFTY-III.NFO,07/05/2025,09:43:32,24731.7,24728,75,24738.7,300,0,247875
NIFTY-III.NFO,07/05/2025,09:43:34,24731.7,24728.3,75,24738.7,300,0,247875
NIFTY-III.NFO,07/05/2025,09:43:36,24731.7,24727.1,375,24738.4,450,0,247875
NIFTY-III.NFO,07/05/2025,09:43:37,24731.7,24727.6,375,24731.7,75,0,247875
NIFTY-III.NFO,07/05/2025,09:43:39,24731.7,24727,300,24730,150,0,247875
NIFTY-III.NFO,07/05/2025,09:43:41,24731.7,24724.2,300,24730,150,0,247875
NIFTY-III.NFO,07/05/2025,09:43:42,24730,24722.8,375,24730,75,75,247875
NIFTY-III.NFO,07/05/2025,09:43:44,24730,24722.9,150,24730,75,0,247875
NIFTY-III.NFO,07/05/2025,09:43:46,24730,24722.1,375,24730,75,0,247875
NIFTY-III.NFO,07/05/2025,09:43:47,24730,24722,150,24729.9,375,0,247875
NIFTY-III.NFO,07/05/2025,09:43:52,24730,24723.2,150,24730,75,0,247875
NIFTY-III.NFO,07/05/2025,09:43:54,24730,24727.7,300,24730,75,0,247875
NIFTY-III.NFO,07/05/2025,09:43:56,24730,24728.4,375,24731.7,75,75,247875
NIFTY-III.NFO,07/05/2025,09:43:57,24730,24728.1,375,24731.7,75,0,247875
NIFTY-III.NFO,07/05/2025,09:43:59,24730,24726.3,375,24731.7,75,0,247875
NIFTY-III.NFO,07/05/2025,09:44:01,24730,24725,600,24731.7,75,0,247875
NIFTY-III.NFO,07/05/2025,09:44:02,24730,24725.5,375,24731.7,75,0,247875
NIFTY-III.NFO,07/05/2025,09:44:04,24730,24730,525,24731.7,75,0,247875
NIFTY-III.NFO,07/05/2025,09:44:11,24730,24730.1,375,24731.7,75,0,247875
NIFTY-III.NFO,07/05/2025,09:44:12,24730,24730,525,24731.7,75,0,247875
NIFTY-III.NFO,07/05/2025,09:44:14,24731.7,24730,600,24739.9,375,75,247875
NIFTY-III.NFO,07/05/2025,09:44:16,24731.7,24730.7,375,24739.8,300,0,247875
NIFTY-III.NFO,07/05/2025,09:44:17,24731.7,24730.8,75,24740,75,0,247875
NIFTY-III.NFO,07/05/2025,09:44:19,24731.7,24731,150,24740,75,0,247875
NIFTY-III.NFO,07/05/2025,09:44:20,24731.7,24732.1,75,24739.9,375,0,247875
NIFTY-III.NFO,07/05/2025,09:44:22,24731.7,24730.2,375,24739.9,375,0,247875
NIFTY-III.NFO,07/05/2025,09:44:24,24731.7,24733.8,300,24740,75,0,247875
NIFTY-III.NFO,07/05/2025,09:44:25,24731.7,24734.2,300,24740,75,0,247875
NIFTY-III.NFO,07/05/2025,09:44:27,24731.7,24733.8,300,24740,75,0,247875
NIFTY-III.NFO,07/05/2025,09:44:29,24731.7,24731.3,150,24739.9,375,0,247875
NIFTY-III.NFO,07/05/2025,09:44:30,24730.9,24730,600,24739,300,75,247875
NIFTY-III.NFO,07/05/2025,09:44:32,24730.9,24731.7,150,24738.8,450,0,247875
NIFTY-III.NFO,07/05/2025,09:44:34,24730.9,24731.7,150,24736.8,300,0,247875
NIFTY-III.NFO,07/05/2025,09:44:36,24730.9,24731.7,150,24734.6,525,0,247875
NIFTY-III.NFO,07/05/2025,09:44:37,24731.7,24730,600,24733.1,525,150,247875
NIFTY-III.NFO,07/05/2025,09:44:39,24731.7,24730,600,24734.8,525,0,247875
NIFTY-III.NFO,07/05/2025,09:44:41,24731.7,24730,600,24734.9,375,0,247875
NIFTY-III.NFO,07/05/2025,09:44:42,24731.7,24730,600,24734.5,525,0,247875
NIFTY-III.NFO,07/05/2025,09:44:44,24731.7,24730,675,24738.1,450,0,247875
NIFTY-III.NFO,07/05/2025,09:44:46,24731.7,24730,675,24738.8,300,0,247875
NIFTY-III.NFO,07/05/2025,09:44:47,24731.7,24730,675,24739.8,300,0,247875
NIFTY-III.NFO,07/05/2025,09:44:49,24731.7,24731.4,75,24739.8,300,0,247875
NIFTY-III.NFO,07/05/2025,09:44:51,24731.7,24731.5,375,24739.8,300,0,247875
NIFTY-III.NFO,07/05/2025,09:44:52,24731.7,24733.4,75,24740,75,0,247875
NIFTY-III.NFO,07/05/2025,09:44:54,24731.7,24733,150,24739.9,375,0,247875
NIFTY-III.NFO,07/05/2025,09:44:56,24731.7,24733,150,24739.9,525,0,247875
NIFTY-III.NFO,07/05/2025,09:44:57,24731.7,24733,150,24736.5,300,0,247875
NIFTY-III.NFO,07/05/2025,09:44:59,24731.7,24733,150,24736.7,450,0,247875
NIFTY-III.NFO,07/05/2025,09:45:01,24733,24730,600,24736.1,375,150,247875
NIFTY-III.NFO,07/05/2025,09:45:02,24733,24730,675,24737.7,300,0,247875
NIFTY-III.NFO,07/05/2025,09:45:04,24733,24730,600,24735,75,0,247875
NIFTY-III.NFO,07/05/2025,09:45:07,24733,24730.6,300,24735,75,0,247875
NIFTY-III.NFO,07/05/2025,09:45:09,24733,24730.1,300,24735,75,0,247875
NIFTY-III.NFO,07/05/2025,09:45:11,24733,24730,600,24735,75,0,247875
NIFTY-III.NFO,07/05/2025,09:45:12,24733,24730,675,24735,75,0,247875
NIFTY-III.NFO,07/05/2025,09:45:16,24733,24730,600,24735,75,0,247875
NIFTY-III.NFO,07/05/2025,09:45:19,24730,24730,600,24735,75,75,247875
NIFTY-III.NFO,07/05/2025,09:45:21,24730,24730,525,24735,75,0,247875
NIFTY-III.NFO,07/05/2025,09:45:22,24730,24730,600,24735,75,0,247875
NIFTY-III.NFO,07/05/2025,09:45:26,24730,24730,525,24735,75,0,247875
NIFTY-III.NFO,07/05/2025,09:45:27,24730,24730,525,24734.9,375,0,247875
NIFTY-III.NFO,07/05/2025,09:45:29,24730,24730,525,24733.8,300,0,247875
NIFTY-III.NFO,07/05/2025,09:45:31,24730,24725,525,24731.7,300,525,248850
NIFTY-III.NFO,07/05/2025,09:45:32,24725,24723,75,24727.4,525,525,248850
NIFTY-III.NFO,07/05/2025,09:45:34,24725,24723,75,24730.6,300,0,248850
NIFTY-III.NFO,07/05/2025,09:45:37,24723,24722,75,24729.5,300,75,248850
NIFTY-III.NFO,07/05/2025,09:45:39,24723,24722,75,24729.5,300,0,248850
NIFTY-III.NFO,07/05/2025,09:45:41,24723,24722,75,24728.4,300,0,248850
NIFTY-III.NFO,07/05/2025,09:45:42,24722,24720,525,24727.3,300,75,248850
NIFTY-III.NFO,07/05/2025,09:45:44,24722,24720,525,24726.8,300,0,248850
NIFTY-III.NFO,07/05/2025,09:45:46,24722,24720,525,24725.6,300,0,248850
NIFTY-III.NFO,07/05/2025,09:45:47,24725.7,24720,525,24727.6,300,75,248850
NIFTY-III.NFO,07/05/2025,09:45:49,24725.7,24720,525,24726,300,0,248850
NIFTY-III.NFO,07/05/2025,09:45:51,24725.7,24721,75,24726.9,525,0,248850
NIFTY-III.NFO,07/05/2025,09:45:52,24720,24715,1800,24723.1,375,600,248850
NIFTY-III.NFO,07/05/2025,09:45:54,24720,24715,1800,24719.5,300,0,248850
NIFTY-III.NFO,07/05/2025,09:45:56,24715,24715,1500,24718.5,225,375,248850
NIFTY-III.NFO,07/05/2025,09:45:57,24715,24715,1500,24721.1,300,0,248850
NIFTY-III.NFO,07/05/2025,09:45:59,24715,24715.1,75,24721.9,150,0,248850
NIFTY-III.NFO,07/05/2025,09:46:01,24715,24715.1,150,24724.2,75,0,248850
NIFTY-III.NFO,07/05/2025,09:46:02,24715,24715,1500,24721.6,300,0,248850
NIFTY-III.NFO,07/05/2025,09:46:04,24715,24715,1500,24720.9,300,0,248850
NIFTY-III.NFO,07/05/2025,09:46:06,24715,24715,1425,24720.2,375,75,248850
NIFTY-III.NFO,07/05/2025,09:46:07,24715,24715,1425,24721.1,375,0,248850
NIFTY-III.NFO,07/05/2025,09:46:09,24715,24715.1,75,24721.7,225,0,248850
NIFTY-III.NFO,07/05/2025,09:46:11,24715,24715,1425,24721,225,0,248850
NIFTY-III.NFO,07/05/2025,09:46:12,24715,24715,1425,24718.5,225,0,248850
NIFTY-III.NFO,07/05/2025,09:46:14,24715,24715,225,24715.2,150,1275,248850
NIFTY-III.NFO,07/05/2025,09:46:16,24715,24704.3,150,24713.9,75,225,248850
NIFTY-III.NFO,07/05/2025,09:46:17,24715,24705.8,75,24715.7,300,0,248850
NIFTY-III.NFO,07/05/2025,09:46:19,24715,24705.9,150,24715.5,75,0,248850
NIFTY-III.NFO,07/05/2025,09:46:21,24715,24704.4,75,24714.2,75,0,248850
NIFTY-III.NFO,07/05/2025,09:46:22,24715,24704.1,75,24713.8,75,0,248850
NIFTY-III.NFO,07/05/2025,09:46:24,24715,24704.1,75,24714.5,75,0,248850
NIFTY-III.NFO,07/05/2025,09:46:26,24715,24706.6,75,24717.7,75,0,248850
NIFTY-III.NFO,07/05/2025,09:46:27,24715,24708.5,150,24717.9,75,0,248850
NIFTY-III.NFO,07/05/2025,09:46:29,24715,24709.7,75,24719.6,300,0,248850
NIFTY-III.NFO,07/05/2025,09:46:31,24715,24708.3,75,24715,75,0,248850
NIFTY-III.NFO,07/05/2025,09:46:32,24715,24705.7,150,24714.9,300,0,248850
NIFTY-III.NFO,07/05/2025,09:46:34,24705.7,24704.6,75,24714.9,300,150,248850
NIFTY-III.NFO,07/05/2025,09:46:36,24705.7,24704.3,75,24714.5,300,0,248850
NIFTY-III.NFO,07/05/2025,09:46:38,24714.2,24703.3,75,24714,300,75,248850
NIFTY-III.NFO,07/05/2025,09:46:39,24714.2,24703.3,75,24714,300,0,248850
NIFTY-III.NFO,07/05/2025,09:46:41,24714.2,24700.1,150,24711.2,300,0,248850
NIFTY-III.NFO,07/05/2025,09:46:43,24714.2,24700,150,24707.7,375,0,248850
NIFTY-III.NFO,07/05/2025,09:46:44,24714.2,24700.1,150,24710.2,300,0,248850
NIFTY-III.NFO,07/05/2025,09:46:46,24714.2,24700.1,150,24709.5,150,0,248850
NIFTY-III.NFO,07/05/2025,09:46:48,24714.2,24700,150,24708.6,375,0,248850
NIFTY-III.NFO,07/05/2025,09:46:49,24700.1,24700,225,24708.5,300,150,248850
NIFTY-III.NFO,07/05/2025,09:46:51,24700,24700,75,24708.3,300,75,248850
NIFTY-III.NFO,07/05/2025,09:46:53,24700,24700,150,24709,300,0,248850
NIFTY-III.NFO,07/05/2025,09:46:54,24700,24700,150,24709.6,300,0,248850
NIFTY-III.NFO,07/05/2025,09:46:56,24700,24700,75,24709.4,300,0,248850
NIFTY-III.NFO,07/05/2025,09:46:58,24700,24700,75,24706.9,300,0,248850
NIFTY-III.NFO,07/05/2025,09:46:59,24700,24700,75,24706,300,0,248850
NIFTY-III.NFO,07/05/2025,09:47:01,24700,24700,75,24707.4,450,0,248850
NIFTY-III.NFO,07/05/2025,09:47:03,24700,24700.1,75,24707,300,0,248850
NIFTY-III.NFO,07/05/2025,09:47:04,24700,24700.1,75,24707.1,150,0,248850
NIFTY-III.NFO,07/05/2025,09:47:06,24700,24700.1,75,24707.3,375,0,248850
NIFTY-III.NFO,07/05/2025,09:47:08,24700,24700.1,75,24706.5,375,0,248850
NIFTY-III.NFO,07/05/2025,09:47:09,24700,24700.1,75,24707.4,375,0,248850
NIFTY-III.NFO,07/05/2025,09:47:11,24700,24696.2,300,24705.8,300,75,248850
NIFTY-III.NFO,07/05/2025,09:47:13,24700,24696.3,75,24703.7,300,0,248850
NIFTY-III.NFO,07/05/2025,09:47:14,24700,24696.3,75,24703.6,75,0,248850
NIFTY-III.NFO,07/05/2025,09:47:16,24700,24696.2,300,24705.2,375,0,248850
NIFTY-III.NFO,07/05/2025,09:47:18,24700,24696.2,375,24705.8,300,0,248850
NIFTY-III.NFO,07/05/2025,09:47:19,24700,24696.2,300,24704,300,0,248850
NIFTY-III.NFO,07/05/2025,09:47:21,24700,24696.2,300,24702.2,300,0,248850
NIFTY-III.NFO,07/05/2025,09:47:23,24700,24695,75,24699,300,0,248850
NIFTY-III.NFO,07/05/2025,09:47:24,24700,24695,75,24699.7,375,0,248850
NIFTY-III.NFO,07/05/2025,09:47:26,24700,24695,75,24698.4,375,0,248850
NIFTY-III.NFO,07/05/2025,09:47:28,24700,24695,75,24697.2,375,0,248850
NIFTY-III.NFO,07/05/2025,09:47:29,24695,24685.9,375,24696.9,300,75,248850
NIFTY-III.NFO,07/05/2025,09:47:31,24695,24685.9,300,24694.9,300,0,248850
NIFTY-III.NFO,07/05/2025,09:47:34,24685.9,24682.2,75,24694.1,300,75,248850
NIFTY-III.NFO,07/05/2025,09:47:36,24685.9,24681.8,300,24693.5,300,0,248850
NIFTY-III.NFO,07/05/2025,09:47:38,24685.9,24681.8,375,24693.5,300,0,248850
NIFTY-III.NFO,07/05/2025,09:47:39,24681.8,24680,75,24688.7,300,75,248850
NIFTY-III.NFO,07/05/2025,09:47:41,24681.8,24674,75,24686.3,300,0,248850
NIFTY-III.NFO,07/05/2025,09:47:43,24681.8,24678.2,75,24690.5,300,0,248850
NIFTY-III.NFO,07/05/2025,09:47:44,24681.8,24679.6,75,24690.5,300,150,248850
NIFTY-III.NFO,07/05/2025,09:47:46,24681.8,24679.6,75,24689.6,300,0,248850
NIFTY-III.NFO,07/05/2025,09:47:48,24681.8,24676.5,75,24687.1,300,0,248850
NIFTY-III.NFO,07/05/2025,09:47:49,24676.5,24676.2,75,24687.1,300,75,248850
NIFTY-III.NFO,07/05/2025,09:47:51,24676.5,24674.4,75,24685,300,0,248850
NIFTY-III.NFO,07/05/2025,09:47:53,24686.8,24676.6,150,24687.1,300,150,248850
NIFTY-III.NFO,07/05/2025,09:47:54,24686.8,24675.6,150,24686.3,300,0,248850
NIFTY-III.NFO,07/05/2025,09:47:56,24686.8,24675.6,150,24686.2,75,0,248850
NIFTY-III.NFO,07/05/2025,09:47:58,24686.8,24675.6,150,24685.6,75,0,248850
NIFTY-III.NFO,07/05/2025,09:47:59,24686.8,24677.4,150,24689,300,0,248850
NIFTY-III.NFO,07/05/2025,09:48:01,24686.8,24679.2,150,24690.9,300,0,248850
NIFTY-III.NFO,07/05/2025,09:48:03,24686.8,24680.2,150,24690.9,300,0,248850
NIFTY-III.NFO,07/05/2025,09:48:04,24686.8,24679.7,150,24690.7,300,0,248850
NIFTY-III.NFO,07/05/2025,09:48:06,24686.8,24677.1,150,24688.9,300,0,248850
NIFTY-III.NFO,07/05/2025,09:48:08,24686.8,24671.7,150,24684.1,300,0,248850
NIFTY-III.NFO,07/05/2025,09:48:09,24684.1,24670.3,225,24681.7,300,75,248850
NIFTY-III.NFO,07/05/2025,09:48:11,24684.1,24671.5,150,24682.3,300,0,248850
NIFTY-III.NFO,07/05/2025,09:48:13,24684.1,24670.2,75,24680.5,675,0,248850
NIFTY-III.NFO,07/05/2025,09:48:14,24680.5,24670.2,75,24680.5,225,75,248850
NIFTY-III.NFO,07/05/2025,09:48:16,24680.5,24669.1,75,24679.9,300,0,248850
NIFTY-III.NFO,07/05/2025,09:48:18,24680.5,24669.1,150,24678.7,300,0,248850
NIFTY-III.NFO,07/05/2025,09:48:20,24680.5,24669.5,150,24679,300,0,248850
NIFTY-III.NFO,07/05/2025,09:48:21,24680.5,24665.4,150,24676.3,300,0,248850
NIFTY-III.NFO,07/05/2025,09:48:23,24680.5,24665.5,75,24676.3,300,0,248850
NIFTY-III.NFO,07/05/2025,09:48:25,24680.5,24669.3,225,24681.5,375,0,248850
NIFTY-III.NFO,07/05/2025,09:48:26,24680.5,24669.3,225,24679.6,300,0,248850
NIFTY-III.NFO,07/05/2025,09:48:28,24669.3,24669.3,75,24679.6,300,150,248850
NIFTY-III.NFO,07/05/2025,09:48:30,24669.2,24671,75,24682.3,300,225,251700
NIFTY-III.NFO,07/05/2025,09:48:31,24669.2,24671,75,24682.3,300,0,251700
NIFTY-III.NFO,07/05/2025,09:48:33,24669.2,24672.6,150,24684.3,300,0,251700
NIFTY-III.NFO,07/05/2025,09:48:35,24669.2,24672.6,75,24684,300,0,251700
NIFTY-III.NFO,07/05/2025,09:48:36,24671.8,24669.8,150,24681.6,300,75,251700
NIFTY-III.NFO,07/05/2025,09:48:38,24671.8,24670,75,24681.4,300,0,251700
NIFTY-III.NFO,07/05/2025,09:48:40,24671.8,24671.8,150,24682.5,300,0,251700
NIFTY-III.NFO,07/05/2025,09:48:41,24671.8,24671,75,24681.9,300,0,251700
NIFTY-III.NFO,07/05/2025,09:48:45,24671.8,24672.4,75,24681.6,375,0,251700
NIFTY-III.NFO,07/05/2025,09:48:47,24671.8,24672.4,75,24682.5,300,0,251700
NIFTY-III.NFO,07/05/2025,09:48:48,24671.8,24671,75,24682.3,300,0,251700
NIFTY-III.NFO,07/05/2025,09:48:50,24671.8,24669.9,75,24681.1,300,0,251700
NIFTY-III.NFO,07/05/2025,09:48:52,24670.3,24670.3,75,24681.1,300,75,251700
NIFTY-III.NFO,07/05/2025,09:48:53,24670.3,24670.3,75,24681.1,300,0,251700
NIFTY-III.NFO,07/05/2025,09:48:55,24671.8,24672.2,75,24682.1,300,75,251700
NIFTY-III.NFO,07/05/2025,09:48:57,24671.8,24669.2,75,24681.5,1125,0,251700
NIFTY-III.NFO,07/05/2025,09:48:58,24671.8,24667,75,24679.3,300,0,251700
NIFTY-III.NFO,07/05/2025,09:49:00,24671.8,24667.9,75,24679.1,300,0,251700
NIFTY-III.NFO,07/05/2025,09:49:02,24671.8,24667.6,75,24678.5,300,0,251700
NIFTY-III.NFO,07/05/2025,09:49:05,24671.8,24667.6,75,24678.1,300,0,251700
NIFTY-III.NFO,07/05/2025,09:49:07,24671.8,24665,75,24676.8,300,0,251700
NIFTY-III.NFO,07/05/2025,09:49:08,24671.8,24665,75,24675.7,300,0,251700
NIFTY-III.NFO,07/05/2025,09:49:10,24671.8,24665,75,24676.8,300,0,251700
NIFTY-III.NFO,07/05/2025,09:49:12,24671.8,24665.2,75,24677.3,300,0,251700
NIFTY-III.NFO,07/05/2025,09:49:13,24671.8,24669.1,150,24680.8,300,0,251700
NIFTY-III.NFO,07/05/2025,09:49:15,24671.8,24669.1,75,24680,300,0,251700
NIFTY-III.NFO,07/05/2025,09:49:16,24671.8,24667.8,75,24678.7,300,0,251700
NIFTY-III.NFO,07/05/2025,09:49:18,24671.8,24666.2,75,24676.9,300,0,251700
NIFTY-III.NFO,07/05/2025,09:49:20,24671.8,24665.2,150,24676.5,300,0,251700
NIFTY-III.NFO,07/05/2025,09:49:21,24671.8,24665.7,75,24678,300,0,251700
NIFTY-III.NFO,07/05/2025,09:49:23,24677.6,24665.8,75,24677,300,75,251700
NIFTY-III.NFO,07/05/2025,09:49:25,24677.6,24667.3,75,24679.7,375,0,251700
NIFTY-III.NFO,07/05/2025,09:49:26,24677.6,24667.9,75,24680.8,300,0,251700
NIFTY-III.NFO,07/05/2025,09:49:28,24677.6,24669.2,75,24677.6,75,0,251700
NIFTY-III.NFO,07/05/2025,09:49:30,24677.6,24669,75,24677.5,75,0,251700
NIFTY-III.NFO,07/05/2025,09:49:31,24677.6,24668.1,75,24677.4,300,0,251700
NIFTY-III.NFO,07/05/2025,09:49:33,24677,24666.4,75,24676.4,300,75,251700
NIFTY-III.NFO,07/05/2025,09:49:35,24677,24668.2,75,24677.6,75,0,251700
NIFTY-III.NFO,07/05/2025,09:49:36,24677,24668.6,75,24677.6,75,0,251700
NIFTY-III.NFO,07/05/2025,09:49:38,24677,24677,150,24677.6,75,0,251700
NIFTY-III.NFO,07/05/2025,09:49:43,24677.6,24677,75,24681,375,150,251700
NIFTY-III.NFO,07/05/2025,09:49:45,24677.6,24677,75,24681.1,300,0,251700
NIFTY-III.NFO,07/05/2025,09:49:46,24677,24675,75,24682.4,375,75,251700
NIFTY-III.NFO,07/05/2025,09:49:48,24677,24675.1,150,24682.5,300,0,251700
NIFTY-III.NFO,07/05/2025,09:49:55,24682.5,24678.9,75,24688.9,300,300,251700
NIFTY-III.NFO,07/05/2025,09:49:56,24682.5,24680.2,225,24689,75,0,251700
NIFTY-III.NFO,07/05/2025,09:49:58,24680.9,24681.7,75,24689,75,75,251700
NIFTY-III.NFO,07/05/2025,09:50:00,24680.9,24682.6,75,24689,75,0,251700
NIFTY-III.NFO,07/05/2025,09:50:01,24680.9,24683.8,75,24689,75,0,251700
NIFTY-III.NFO,07/05/2025,09:50:05,24680.9,24684.2,75,24689,75,0,251700
NIFTY-III.NFO,07/05/2025,09:50:06,24680.9,24682.6,75,24689,75,0,251700
NIFTY-III.NFO,07/05/2025,09:50:08,24680.9,24680.9,75,24688.9,300,0,251700
NIFTY-III.NFO,07/05/2025,09:50:10,24680.9,24678.9,150,24688.6,300,0,251700
NIFTY-III.NFO,07/05/2025,09:50:11,24680.9,24680.9,75,24688.9,375,0,251700
NIFTY-III.NFO,07/05/2025,09:50:15,24680.9,24681,150,24689,75,0,251700
NIFTY-III.NFO,07/05/2025,09:50:16,24680.9,24682.5,75,24689,75,0,251700
NIFTY-III.NFO,07/05/2025,09:50:18,24682.5,24681.4,75,24688.9,300,75,251700
NIFTY-III.NFO,07/05/2025,09:50:21,24682.5,24680.9,75,24687.9,375,0,251700
NIFTY-III.NFO,07/05/2025,09:50:22,24682.5,24680.9,75,24688,300,0,251700
NIFTY-III.NFO,07/05/2025,09:50:24,24682.5,24680.9,150,24688.9,375,0,251700
NIFTY-III.NFO,07/05/2025,09:50:26,24680.9,24677.9,75,24688.9,375,75,251700
NIFTY-III.NFO,07/05/2025,09:50:27,24680.9,24675,75,24682.4,375,0,251700
NIFTY-III.NFO,07/05/2025,09:50:29,24680.9,24675.7,150,24682.5,375,0,251700
NIFTY-III.NFO,07/05/2025,09:50:31,24680.9,24677,75,24682.5,375,0,251700
NIFTY-III.NFO,07/05/2025,09:50:32,24680.9,24676.2,150,24682.5,375,0,251700
NIFTY-III.NFO,07/05/2025,09:50:34,24680.9,24675,150,24682.4,300,0,251700
NIFTY-III.NFO,07/05/2025,09:50:36,24680.9,24675,75,24681.7,375,0,251700
NIFTY-III.NFO,07/05/2025,09:50:39,24680,24675,75,24682.4,375,75,251700
NIFTY-III.NFO,07/05/2025,09:50:41,24680,24675,75,24681.1,300,0,251700
NIFTY-III.NFO,07/05/2025,09:50:44,24680,24675,75,24678.9,300,0,251700
NIFTY-III.NFO,07/05/2025,09:50:46,24680,24675,75,24680.5,300,0,251700
NIFTY-III.NFO,07/05/2025,09:50:49,24675,24668.8,75,24680,300,75,251700
NIFTY-III.NFO,07/05/2025,09:50:51,24675,24670.7,75,24681.1,300,0,251700
NIFTY-III.NFO,07/05/2025,09:50:52,24675,24672,150,24680,450,0,251700
NIFTY-III.NFO,07/05/2025,09:50:54,24675,24672.3,75,24680,450,0,251700
NIFTY-III.NFO,07/05/2025,09:50:56,24675,24672.2,150,24680,450,0,251700
NIFTY-III.NFO,07/05/2025,09:50:58,24675,24673.2,75,24680,450,0,251700
NIFTY-III.NFO,07/05/2025,09:50:59,24675,24672.9,150,24680,450,0,251700
NIFTY-III.NFO,07/05/2025,09:51:01,24680,24672.9,75,24680,375,75,251700
NIFTY-III.NFO,07/05/2025,09:51:03,24680,24671.2,75,24679.9,375,0,251700
NIFTY-III.NFO,07/05/2025,09:51:04,24680,24671.3,150,24679.9,375,0,251700
NIFTY-III.NFO,07/05/2025,09:51:06,24680,24671.3,75,24679.8,375,0,251700
NIFTY-III.NFO,07/05/2025,09:51:09,24680,24671.9,75,24679.9,300,0,251700
NIFTY-III.NFO,07/05/2025,09:51:11,24680,24668.5,75,24678.1,300,0,251700
NIFTY-III.NFO,07/05/2025,09:51:13,24680,24666.6,75,24670,75,0,251700
NIFTY-III.NFO,07/05/2025,09:51:16,24670,24668.3,225,24678.4,300,75,251700
NIFTY-III.NFO,07/05/2025,09:51:18,24670,24669.2,150,24675,300,0,251700
NIFTY-III.NFO,07/05/2025,09:51:19,24670,24669,150,24675,300,0,251700
NIFTY-III.NFO,07/05/2025,09:51:21,24670,24670,75,24675,300,0,251700
NIFTY-III.NFO,07/05/2025,09:51:23,24670,24670.3,75,24675,300,0,251700
NIFTY-III.NFO,07/05/2025,09:51:24,24670,24671.1,150,24675,300,0,251700
NIFTY-III.NFO,07/05/2025,09:51:28,24675,24675,750,24680,300,300,251700
NIFTY-III.NFO,07/05/2025,09:51:29,24675,24675,825,24680,300,0,251700
NIFTY-III.NFO,07/05/2025,09:51:33,24675,24675,750,24679.9,300,0,251700
NIFTY-III.NFO,07/05/2025,09:51:34,24675,24675,225,24679.9,300,525,252075
NIFTY-III.NFO,07/05/2025,09:51:36,24675,24669.6,150,24675,75,225,252075
NIFTY-III.NFO,07/05/2025,09:51:38,24675,24668.5,150,24675,75,0,252075
NIFTY-III.NFO,07/05/2025,09:51:39,24675,24666,150,24674.9,375,0,252075
NIFTY-III.NFO,07/05/2025,09:51:41,24675,24666.1,75,24674.9,375,0,252075
NIFTY-III.NFO,07/05/2025,09:51:44,24675,24663.1,150,24673.5,300,0,252075
NIFTY-III.NFO,07/05/2025,09:51:46,24675,24663.1,150,24672.9,300,0,252075
NIFTY-III.NFO,07/05/2025,09:51:54,24672.9,24663.1,75,24672.9,225,75,252075
NIFTY-III.NFO,07/05/2025,09:51:56,24672.9,24663.1,75,24670.6,300,75,252075
NIFTY-III.NFO,07/05/2025,09:51:58,24672.9,24663.3,75,24671.8,300,0,252075
NIFTY-III.NFO,07/05/2025,09:52:04,24672.9,24663.4,75,24671.8,300,0,252075
NIFTY-III.NFO,07/05/2025,09:52:06,24672.9,24663.7,150,24672.5,375,0,252075
NIFTY-III.NFO,07/05/2025,09:52:08,24672.9,24661.8,75,24670.6,300,0,252075
NIFTY-III.NFO,07/05/2025,09:52:09,24672.9,24661.8,75,24670.2,300,0,252075
NIFTY-III.NFO,07/05/2025,09:52:11,24661.8,24661.1,150,24670.2,300,75,252075
NIFTY-III.NFO,07/05/2025,09:52:13,24661.8,24661.1,150,24673.2,300,0,252075
NIFTY-III.NFO,07/05/2025,09:52:16,24661.8,24661.1,150,24669.9,375,0,252075
NIFTY-III.NFO,07/05/2025,09:52:18,24661.8,24661.1,75,24669.9,375,0,252075
NIFTY-III.NFO,07/05/2025,09:52:19,24661.8,24661.1,75,24669.7,375,0,252075
NIFTY-III.NFO,07/05/2025,09:52:21,24660.9,24662.2,150,24669.9,150,600,252075
NIFTY-III.NFO,07/05/2025,09:52:23,24661.3,24664,150,24669.9,150,1275,252075
NIFTY-III.NFO,07/05/2025,09:52:24,24673.1,24664.8,150,24674.9,225,2475,252075
NIFTY-III.NFO,07/05/2025,09:52:26,24664.5,24665.2,75,24674.7,375,1575,252075
NIFTY-III.NFO,07/05/2025,09:52:28,24663.6,24663.9,75,24674.8,300,150,252075
NIFTY-III.NFO,07/05/2025,09:52:29,24663.9,24665.5,75,24674.8,300,75,252075
NIFTY-III.NFO,07/05/2025,09:52:31,24663.9,24663.1,300,24674.8,300,0,252075
NIFTY-III.NFO,07/05/2025,09:52:33,24663.9,24663.1,300,24674.6,300,0,252075
NIFTY-III.NFO,07/05/2025,09:52:36,24663.9,24661.8,300,24674.6,300,0,252075
NIFTY-III.NFO,07/05/2025,09:52:38,24663.9,24661.8,300,24673.4,300,0,252075
NIFTY-III.NFO,07/05/2025,09:52:39,24663.9,24662.6,75,24674.6,300,0,252075
NIFTY-III.NFO,07/05/2025,09:52:41,24663.9,24661.9,150,24674.6,300,0,252075
NIFTY-III.NFO,07/05/2025,09:52:43,24663.9,24663.3,300,24674.8,675,0,252075
NIFTY-III.NFO,07/05/2025,09:52:44,24663.9,24663.1,300,24673.6,300,0,252075
NIFTY-III.NFO,07/05/2025,09:52:46,24663.9,24661.7,300,24672.7,300,0,252075
NIFTY-III.NFO,07/05/2025,09:52:48,24663.9,24660.6,300,24671,300,0,252075
NIFTY-III.NFO,07/05/2025,09:52:49,24663.9,24660,300,24670.8,300,0,252075
NIFTY-III.NFO,07/05/2025,09:52:51,24663.9,24660,300,24669.6,300,0,252075
NIFTY-III.NFO,07/05/2025,09:52:53,24663.9,24660,300,24668.7,300,0,252075
NIFTY-III.NFO,07/05/2025,09:52:56,24663.9,24660,300,24667.8,300,0,252075
NIFTY-III.NFO,07/05/2025,09:52:58,24663.9,24660,300,24663.9,75,0,252075
NIFTY-III.NFO,07/05/2025,09:53:03,24663.9,24660.8,150,24663.9,75,0,252075
NIFTY-III.NFO,07/05/2025,09:53:04,24663.9,24662.2,750,24672.7,300,75,252075
NIFTY-III.NFO,07/05/2025,09:53:06,24663.9,24661.4,300,24673,300,0,252075
NIFTY-III.NFO,07/05/2025,09:53:08,24663.9,24660.5,300,24671,300,0,252075
NIFTY-III.NFO,07/05/2025,09:53:11,24663.9,24661.8,75,24673.2,300,0,252075
NIFTY-III.NFO,07/05/2025,09:53:13,24663.9,24663.1,300,24672,75,0,252075
NIFTY-III.NFO,07/05/2025,09:53:14,24663.9,24663.1,300,24672,150,0,252075
NIFTY-III.NFO,07/05/2025,09:53:16,24663.9,24663.1,300,24671.9,375,0,252075
NIFTY-III.NFO,07/05/2025,09:53:19,24663.9,24661.6,75,24671.9,375,0,252075
NIFTY-III.NFO,07/05/2025,09:53:21,24663.9,24660.2,300,24671.9,375,0,252075
NIFTY-III.NFO,07/05/2025,09:53:24,24663.9,24660.2,300,24671.7,375,0,252075
NIFTY-III.NFO,07/05/2025,09:53:26,24663.9,24664,75,24669.7,300,0,252075
NIFTY-III.NFO,07/05/2025,09:53:29,24663.9,24664,75,24668.2,375,0,252075
NIFTY-III.NFO,07/05/2025,09:53:31,24664,24660,225,24666.4,375,75,252075
NIFTY-III.NFO,07/05/2025,09:53:33,24664,24660,225,24666.4,375,0,252075
NIFTY-III.NFO,07/05/2025,09:53:34,24664,24660,225,24667.9,300,0,252075
NIFTY-III.NFO,07/05/2025,09:53:36,24667.9,24660.1,75,24669.2,300,75,252075
NIFTY-III.NFO,07/05/2025,09:53:38,24667.9,24660,225,24669.2,300,0,252075
NIFTY-III.NFO,07/05/2025,09:53:39,24667.9,24660,225,24667.9,300,0,252075
NIFTY-III.NFO,07/05/2025,09:53:41,24667.9,24660,225,24668.9,300,0,252075
NIFTY-III.NFO,07/05/2025,09:53:43,24669.2,24660.1,225,24670.2,225,1500,252075
NIFTY-III.NFO,07/05/2025,09:53:44,24669.2,24660.1,225,24670.2,225,0,252075
NIFTY-III.NFO,07/05/2025,09:53:46,24669.2,24660.1,225,24668.8,150,0,252075
NIFTY-III.NFO,07/05/2025,09:53:48,24669.2,24660,225,24668.8,150,0,252075
NIFTY-III.NFO,07/05/2025,09:53:49,24669.2,24660,225,24668.1,75,0,252075
NIFTY-III.NFO,07/05/2025,09:53:56,24669.2,24660,225,24667.9,150,0,252075
NIFTY-III.NFO,07/05/2025,09:53:58,24669.2,24660,225,24665.8,75,0,252075
NIFTY-III.NFO,07/05/2025,09:53:59,24669.2,24660,225,24666.8,150,0,252075
NIFTY-III.NFO,07/05/2025,09:54:01,24669.2,24660,225,24666.4,525,0,252075
NIFTY-III.NFO,07/05/2025,09:54:03,24669.2,24660,225,24664.5,75,0,252075
NIFTY-III.NFO,07/05/2025,09:54:06,24669.2,24660,225,24664.1,150,0,252075
NIFTY-III.NFO,07/05/2025,09:54:08,24660,24657,75,24659,75,225,252075
NIFTY-III.NFO,07/05/2025,09:54:09,24660,24657,75,24659,75,0,252075
NIFTY-III.NFO,07/05/2025,09:54:11,24660,24657,75,24659,150,0,252075
NIFTY-III.NFO,07/05/2025,09:54:13,24660,24657,75,24659,75,0,252075
NIFTY-III.NFO,07/05/2025,09:54:16,24657.1,24657.1,75,24659,75,150,252075
NIFTY-III.NFO,07/05/2025,09:54:18,24659,24657.1,225,24660,75,75,252075
NIFTY-III.NFO,07/05/2025,09:54:19,24657.1,24657.1,150,24660,75,75,252075
NIFTY-III.NFO,07/05/2025,09:54:21,24657.1,24657.1,150,24660,75,0,252075
NIFTY-III.NFO,07/05/2025,09:54:22,24660,24659.6,75,24669.2,150,75,252075
NIFTY-III.NFO,07/05/2025,09:54:24,24660,24659.6,75,24669.1,150,0,252075
NIFTY-III.NFO,07/05/2025,09:54:26,24660,24660.4,75,24669.2,75,0,252075
NIFTY-III.NFO,07/05/2025,09:54:27,24660,24660.6,75,24669.2,75,0,252075
NIFTY-III.NFO,07/05/2025,09:54:29,24660,24657.2,75,24666.6,150,0,252075
NIFTY-III.NFO,07/05/2025,09:54:31,24660,24657.2,75,24667.1,225,0,252075
NIFTY-III.NFO,07/05/2025,09:54:32,24660,24657.2,75,24667.9,150,0,252075
NIFTY-III.NFO,07/05/2025,09:54:34,24660,24657.2,75,24667.2,150,0,252075
NIFTY-III.NFO,07/05/2025,09:54:36,24660,24658.4,75,24668,150,0,252075
NIFTY-III.NFO,07/05/2025,09:54:37,24660,24658.4,75,24667.8,75,0,252075
NIFTY-III.NFO,07/05/2025,09:54:39,24660,24658.4,75,24667.7,150,0,252075
NIFTY-III.NFO,07/05/2025,09:54:41,24660,24657.1,75,24665,225,0,252075
NIFTY-III.NFO,07/05/2025,09:54:42,24660,24660,75,24665,225,0,252075
NIFTY-III.NFO,07/05/2025,09:54:44,24660,24660,75,24663,225,0,252075
NIFTY-III.NFO,07/05/2025,09:54:46,24660,24660,75,24663.4,150,0,252075
NIFTY-III.NFO,07/05/2025,09:54:47,24660,24660,75,24664.5,225,0,252075
NIFTY-III.NFO,07/05/2025,09:54:49,24660,24660,75,24664,225,0,252075
NIFTY-III.NFO,07/05/2025,09:54:51,24660,24660,75,24665.8,225,0,252075
NIFTY-III.NFO,07/05/2025,09:54:52,24660,24657,75,24664.6,225,150,253275
NIFTY-III.NFO,07/05/2025,09:54:54,24660,24660,75,24663.1,225,0,253275
NIFTY-III.NFO,07/05/2025,09:54:56,24660,24660,150,24663.9,225,0,253275
NIFTY-III.NFO,07/05/2025,09:54:57,24660,24660,150,24663.5,225,0,253275
NIFTY-III.NFO,07/05/2025,09:54:59,24660,24660,150,24664.1,225,0,253275
NIFTY-III.NFO,07/05/2025,09:55:01,24660,24660,150,24665.9,150,0,253275
NIFTY-III.NFO,07/05/2025,09:55:02,24660,24660.1,150,24667.9,225,0,253275
NIFTY-III.NFO,07/05/2025,09:55:06,24660,24660.1,150,24668,75,0,253275
NIFTY-III.NFO,07/05/2025,09:55:09,24660.1,24660.1,150,24667.9,225,75,253275
NIFTY-III.NFO,07/05/2025,09:55:11,24660.1,24660.1,150,24668,75,0,253275
NIFTY-III.NFO,07/05/2025,09:55:12,24660.1,24660.9,75,24668,75,0,253275
NIFTY-III.NFO,07/05/2025,09:55:16,24668,24663.3,450,24669.2,75,75,253275
NIFTY-III.NFO,07/05/2025,09:55:17,24668,24664.4,75,24669.2,75,0,253275
NIFTY-III.NFO,07/05/2025,09:55:19,24668,24664.4,75,24668,75,0,253275
NIFTY-III.NFO,07/05/2025,09:55:21,24668,24665.1,75,24669.2,75,75,253275
NIFTY-III.NFO,07/05/2025,09:55:22,24669.2,24666.4,450,24672,75,75,253275
NIFTY-III.NFO,07/05/2025,09:55:24,24669.2,24666.9,75,24672,75,0,253275
NIFTY-III.NFO,07/05/2025,09:55:27,24674,24671.5,450,24675,75,225,253275
NIFTY-III.NFO,07/05/2025,09:55:29,24675,24672.5,75,24683.7,150,75,253275
NIFTY-III.NFO,07/05/2025,09:55:31,24675,24672.5,75,24682.5,225,0,253275
NIFTY-III.NFO,07/05/2025,09:55:32,24675,24672.5,75,24681.5,225,0,253275
NIFTY-III.NFO,07/05/2025,09:55:34,24675,24668.4,75,24677.1,225,0,253275
NIFTY-III.NFO,07/05/2025,09:55:36,24675,24669,450,24678.4,225,0,253275
NIFTY-III.NFO,07/05/2025,09:55:37,24675,24669.4,375,24678.4,225,0,253275
NIFTY-III.NFO,07/05/2025,09:55:39,24675,24670.8,75,24679.6,150,0,253275
NIFTY-III.NFO,07/05/2025,09:55:41,24675,24670,75,24679.3,225,0,253275
NIFTY-III.NFO,07/05/2025,09:55:42,24675,24670.2,450,24679,150,0,253275
NIFTY-III.NFO,07/05/2025,09:55:44,24675,24669.4,75,24679,225,0,253275
NIFTY-III.NFO,07/05/2025,09:55:46,24675,24667.5,75,24676.7,225,0,253275
NIFTY-III.NFO,07/05/2025,09:55:47,24675,24666.1,75,24675.1,225,0,253275
NIFTY-III.NFO,07/05/2025,09:55:51,24675,24664.1,75,24673.1,225,0,253275
NIFTY-III.NFO,07/05/2025,09:55:52,24675,24664.7,375,24674,225,0,253275
NIFTY-III.NFO,07/05/2025,09:55:54,24675,24666.5,450,24676.3,225,0,253275
NIFTY-III.NFO,07/05/2025,09:55:56,24675,24666.3,450,24676,225,0,253275
NIFTY-III.NFO,07/05/2025,09:55:57,24675,24667.2,450,24676.8,225,0,253275
NIFTY-III.NFO,07/05/2025,09:55:59,24675,24667.7,300,24677.6,225,0,253275
NIFTY-III.NFO,07/05/2025,09:56:01,24675,24667.6,75,24677.6,225,0,253275
NIFTY-III.NFO,07/05/2025,09:56:02,24675,24665.3,75,24674.7,225,0,253275
NIFTY-III.NFO,07/05/2025,09:56:04,24675,24664.5,75,24673.2,225,0,253275
NIFTY-III.NFO,07/05/2025,09:56:06,24675,24663.2,75,24671.6,225,0,253275
NIFTY-III.NFO,07/05/2025,09:56:07,24675,24662.3,75,24673.6,150,0,253275
NIFTY-III.NFO,07/05/2025,09:56:09,24675,24664.5,375,24673.7,225,0,253275
NIFTY-III.NFO,07/05/2025,09:56:12,24675,24665.1,450,24674.9,600,0,253275
NIFTY-III.NFO,07/05/2025,09:56:14,24675,24666.4,375,24674.9,225,0,253275
NIFTY-III.NFO,07/05/2025,09:56:16,24675,24665.5,75,24674.4,225,0,253275
NIFTY-III.NFO,07/05/2025,09:56:17,24675,24667.5,450,24675,75,0,253275
NIFTY-III.NFO,07/05/2025,09:56:19,24675,24667.7,75,24675,75,0,253275
NIFTY-III.NFO,07/05/2025,09:56:21,24675,24667.6,450,24674.5,75,0,253275
NIFTY-III.NFO,07/05/2025,09:56:22,24675,24668.5,75,24674.5,75,0,253275
NIFTY-III.NFO,07/05/2025,09:56:24,24674.5,24669.9,375,24680.8,150,75,253275
NIFTY-III.NFO,07/05/2025,09:56:26,24674.5,24670.7,75,24679.8,225,0,253275
NIFTY-III.NFO,07/05/2025,09:56:27,24674,24671.9,450,24681.8,225,75,253275
NIFTY-III.NFO,07/05/2025,09:56:29,24674,24671.9,75,24680.7,150,0,253275
NIFTY-III.NFO,07/05/2025,09:56:31,24674,24670.9,75,24679.4,225,0,253275
