Ticker,Date,Time,LTP,BuyPrice,BuyQty,SellPrice,SellQty,LTQ,OpenInterest
NIFTY-I.NFO,04/04/2025,09:15:00,23229.7,23208.05,75,23209.95,75,6900,0
NIFTY-I.NFO,04/04/2025,09:15:00,23229.7,23208.05,75,23209.95,75,0,0
NIFTY-I.NFO,04/04/2025,09:15:00,23229.7,23208.05,75,23209.95,75,0,0
NIFTY-I.NFO,04/04/2025,09:15:00,23209.95,23208.05,75,23209.95,75,0,0
NIFTY-I.NFO,04/04/2025,09:15:01,23235,23234.05,300,23243,375,32550,13032300
NIFTY-I.NFO,04/04/2025,09:15:01,23250,23234.05,300,23243,375,0,13032300
NIFTY-I.NFO,04/04/2025,09:15:01,23208.05,23234.05,300,23243,375,0,13032300
NIFTY-I.NFO,04/04/2025,09:15:02,23244.9,23238.05,225,23244.9,375,15675,13032300
NIFTY-I.NFO,04/04/2025,09:15:04,23247.7,23241.6,150,23247.7,225,12525,13032300
NIFTY-I.NFO,04/04/2025,09:15:05,23244.3,23237.05,225,23244.3,300,8700,13032300
NIFTY-I.NFO,04/04/2025,09:15:07,23245.75,23237.7,75,23243.9,300,12825,13032300
NIFTY-I.NFO,04/04/2025,09:15:08,23248.35,23239.55,300,23248.4,75,6075,13032300
NIFTY-I.NFO,04/04/2025,09:15:10,23245,23238.05,75,23244.1,75,6525,13032300
NIFTY-I.NFO,04/04/2025,09:15:12,23237.95,23231.3,225,23237.95,375,5625,13032300
NIFTY-I.NFO,04/04/2025,09:15:13,23230.3,23230.3,75,23235.5,75,5775,13032300
NIFTY-I.NFO,04/04/2025,09:15:15,23225,23225,1350,23229.8,75,3150,13032300
NIFTY-I.NFO,04/04/2025,09:15:16,23229.95,23222.4,225,23229.95,450,12825,13032300
NIFTY-I.NFO,04/04/2025,09:15:18,23227.35,23225.05,75,23227.75,150,4275,13032300
NIFTY-I.NFO,04/04/2025,09:15:20,23216.1,23216.15,75,23221.75,150,9000,13032300
NIFTY-I.NFO,04/04/2025,09:15:21,23219.9,23216,75,23219.8,450,4425,13032300
NIFTY-I.NFO,04/04/2025,09:15:23,23215.25,23215.2,300,23216.2,75,4275,13032300
NIFTY-I.NFO,04/04/2025,09:15:24,23209.5,23206.95,300,23210.3,75,14400,13032300
NIFTY-I.NFO,04/04/2025,09:15:24,23205,23206.95,300,23210.3,75,0,13032300
NIFTY-I.NFO,04/04/2025,09:15:26,23201.15,23201.6,75,23207.3,225,8250,13032300
NIFTY-I.NFO,04/04/2025,09:15:26,23201,23201.6,75,23207.3,225,0,13032300
NIFTY-I.NFO,04/04/2025,09:15:28,23204.55,23204.55,75,23208.9,75,4050,13065450
NIFTY-I.NFO,04/04/2025,09:15:29,23205.15,23201.05,150,23205.1,75,7200,13065450
NIFTY-I.NFO,04/04/2025,09:15:31,23201.15,23201,1125,23202.4,150,6075,13065450
NIFTY-I.NFO,04/04/2025,09:15:33,23200.35,23200,2175,23200.45,75,7575,13065450
NIFTY-I.NFO,04/04/2025,09:15:33,23200,23200,2175,23200.45,75,0,13065450
NIFTY-I.NFO,04/04/2025,09:15:34,23198.9,23193.75,150,23198.7,75,15675,13065450
NIFTY-I.NFO,04/04/2025,09:15:34,23192.7,23193.75,150,23198.7,75,0,13065450
NIFTY-I.NFO,04/04/2025,09:15:36,23192.75,23195.05,75,23198.45,75,5625,13065450
NIFTY-I.NFO,04/04/2025,09:15:36,23191,23195.05,75,23198.45,75,0,13065450
NIFTY-I.NFO,04/04/2025,09:15:38,23196.9,23192.8,150,23196.95,300,9225,13065450
NIFTY-I.NFO,04/04/2025,09:15:39,23192.75,23191.05,150,23193.7,75,8400,13065450
NIFTY-I.NFO,04/04/2025,09:15:41,23196.8,23192.05,75,23196.8,75,9825,13065450
NIFTY-I.NFO,04/04/2025,09:15:41,23190,23192.05,75,23196.8,75,0,13065450
NIFTY-I.NFO,04/04/2025,09:15:43,23197.55,23194.65,75,23197.85,75,3825,13065450
NIFTY-I.NFO,04/04/2025,09:15:44,23192.75,23192.1,150,23194.65,75,7350,13065450
NIFTY-I.NFO,04/04/2025,09:15:46,23197.1,23193.8,75,23196.65,75,2100,13065450
NIFTY-I.NFO,04/04/2025,09:15:47,23193.2,23193.2,450,23194,75,5400,13065450
NIFTY-I.NFO,04/04/2025,09:15:49,23194.2,23194.2,75,23195.05,75,4125,13065450
NIFTY-I.NFO,04/04/2025,09:15:51,23191.85,23190.6,150,23193,75,3900,13065450
NIFTY-I.NFO,04/04/2025,09:15:52,23192.85,23192.05,150,23192.85,75,8700,13065450
NIFTY-I.NFO,04/04/2025,09:15:54,23194.7,23194.4,75,23194.7,75,4350,13065450
NIFTY-I.NFO,04/04/2025,09:15:56,23193.45,23192.85,150,23193.45,225,5325,13065450
NIFTY-I.NFO,04/04/2025,09:15:57,23191.45,23191,1650,23191.45,75,2250,13065450
NIFTY-I.NFO,04/04/2025,09:15:59,23189.95,23187.2,150,23189.45,75,9600,13065450
NIFTY-I.NFO,04/04/2025,09:15:59,23186.65,23187.2,150,23189.45,75,0,13065450
NIFTY-I.NFO,04/04/2025,09:16:01,23181.95,23179.05,75,23181.95,525,19725,13065450
NIFTY-I.NFO,04/04/2025,09:16:01,23178.75,23179.05,75,23181.95,525,0,13065450
NIFTY-I.NFO,04/04/2025,09:16:02,23182.3,23180.2,150,23182.65,75,5700,13065450
NIFTY-I.NFO,04/04/2025,09:16:02,23178.6,23180.2,150,23182.65,75,0,13065450
NIFTY-I.NFO,04/04/2025,09:16:04,23189.5,23186.5,75,23189.55,375,4875,13065450
NIFTY-I.NFO,04/04/2025,09:16:05,23189.9,23186.15,75,23189.95,225,5325,13065450
NIFTY-I.NFO,04/04/2025,09:16:07,23184.55,23182.05,150,23184.4,75,8325,13065450
NIFTY-I.NFO,04/04/2025,09:16:09,23180.2,23180.1,1725,23180.2,75,3975,13065450
NIFTY-I.NFO,04/04/2025,09:16:10,23180.25,23178.2,150,23180.25,375,8175,13065450
NIFTY-I.NFO,04/04/2025,09:16:10,23175.25,23178.2,150,23180.25,375,0,13065450
NIFTY-I.NFO,04/04/2025,09:16:12,23179.85,23177.1,150,23179.85,150,3825,13065450
NIFTY-I.NFO,04/04/2025,09:16:14,23175.35,23175.35,525,23178,75,4350,13065450
NIFTY-I.NFO,04/04/2025,09:16:15,23178.05,23178.25,225,23182.2,75,7350,13065450
NIFTY-I.NFO,04/04/2025,09:16:17,23183.45,23180.9,300,23183.45,75,6150,13065450
NIFTY-I.NFO,04/04/2025,09:16:18,23182.45,23180.65,150,23182.6,75,6450,13065450
NIFTY-I.NFO,04/04/2025,09:16:20,23185.5,23185.1,150,23185.5,675,6075,13065450
NIFTY-I.NFO,04/04/2025,09:16:22,23186.45,23185.15,75,23185.45,300,2400,13065450
NIFTY-I.NFO,04/04/2025,09:16:23,23185.4,23185.05,75,23185.45,300,2250,13065450
NIFTY-I.NFO,04/04/2025,09:16:25,23183.65,23183.55,150,23185.35,75,4200,13065450
NIFTY-I.NFO,04/04/2025,09:16:27,23183.95,23182.4,300,23183.5,75,3225,13065450
NIFTY-I.NFO,04/04/2025,09:16:28,23183.65,23182.65,75,23183.65,75,2025,13065450
NIFTY-I.NFO,04/04/2025,09:16:30,23180.25,23178.25,75,23180.25,75,10050,13065450
NIFTY-I.NFO,04/04/2025,09:16:32,23178.1,23178.05,75,23178.15,225,4725,13065450
NIFTY-I.NFO,04/04/2025,09:16:33,23177.5,23175.55,150,23176.6,225,6150,13065450
NIFTY-I.NFO,04/04/2025,09:16:35,23172.7,23172.2,1725,23172.7,75,8700,13065450
NIFTY-I.NFO,04/04/2025,09:16:35,23172.2,23172.2,1725,23172.7,75,0,13065450
NIFTY-I.NFO,04/04/2025,09:16:37,23171.5,23171.05,150,23171.6,75,6000,13065450
NIFTY-I.NFO,04/04/2025,09:16:37,23171,23171.05,150,23171.6,75,0,13065450
NIFTY-I.NFO,04/04/2025,09:16:38,23171.5,23171.05,150,23171.5,150,2625,13065450
NIFTY-I.NFO,04/04/2025,09:16:40,23171.45,23170.3,75,23171,600,7575,13065450
NIFTY-I.NFO,04/04/2025,09:16:40,23168.4,23170.3,75,23171,600,0,13065450
NIFTY-I.NFO,04/04/2025,09:16:42,23171,23170.95,75,23171,900,4050,13065450
NIFTY-I.NFO,04/04/2025,09:16:43,23172.7,23171.1,150,23172.6,300,3450,13065450
NIFTY-I.NFO,04/04/2025,09:16:45,23172.75,23172.05,75,23172.75,150,1500,13065450
NIFTY-I.NFO,04/04/2025,09:16:46,23172.15,23172.1,75,23173.55,150,1200,13065450
NIFTY-I.NFO,04/04/2025,09:16:48,23177.4,23173.8,75,23176.85,150,2700,13065450
NIFTY-I.NFO,04/04/2025,09:16:50,23175.1,23175,75,23175.7,375,1275,13065450
NIFTY-I.NFO,04/04/2025,09:16:51,23176.3,23175.2,300,23176.2,150,2025,13065450
NIFTY-I.NFO,04/04/2025,09:16:53,23176.7,23176.7,150,23178,75,1800,13065450
NIFTY-I.NFO,04/04/2025,09:16:55,23178,23178.05,75,23178.75,75,1200,13065450
NIFTY-I.NFO,04/04/2025,09:16:56,23178.75,23178.45,450,23179,375,1725,13065450
NIFTY-I.NFO,04/04/2025,09:16:58,23179.35,23179.35,150,23180.9,75,2775,13065450
NIFTY-I.NFO,04/04/2025,09:16:59,23179.25,23180,525,23180.65,375,1500,13065450
NIFTY-I.NFO,04/04/2025,09:17:01,23179.5,23178.45,150,23179.65,75,3600,13065450
NIFTY-I.NFO,04/04/2025,09:17:03,23178.1,23178.05,75,23179.65,525,2625,13065450
NIFTY-I.NFO,04/04/2025,09:17:04,23178,23178,300,23179.05,150,5550,13065450
NIFTY-I.NFO,04/04/2025,09:17:06,23179.45,23179.45,900,23179.65,150,5400,13065450
NIFTY-I.NFO,04/04/2025,09:17:08,23178.05,23178,375,23179.5,75,3000,13065450
NIFTY-I.NFO,04/04/2025,09:17:09,23179.45,23179.05,225,23179.5,300,2250,13065450
NIFTY-I.NFO,04/04/2025,09:17:11,23181.25,23181.35,150,23182.85,525,3600,13065450
NIFTY-I.NFO,04/04/2025,09:17:13,23184.4,23183.65,225,23185,300,2775,13065450
NIFTY-I.NFO,04/04/2025,09:17:14,23186.75,23186.75,225,23188.55,150,2925,13065450
NIFTY-I.NFO,04/04/2025,09:17:16,23189.75,23188.2,75,23189.75,75,1950,13065450
NIFTY-I.NFO,04/04/2025,09:17:18,23185.55,23183.1,75,23184.75,75,6975,13065450
NIFTY-I.NFO,04/04/2025,09:17:19,23187,23187.3,600,23189.5,75,9000,13065450
NIFTY-I.NFO,04/04/2025,09:17:21,23187.75,23187.65,300,23189.45,75,4725,13065450
NIFTY-I.NFO,04/04/2025,09:17:23,23189.45,23188,225,23189.45,75,2325,13065450
NIFTY-I.NFO,04/04/2025,09:17:24,23191.6,23190.3,300,23191.85,75,4350,13065450
NIFTY-I.NFO,04/04/2025,09:17:26,23188.55,23188.65,300,23190.3,225,1800,13065450
NIFTY-I.NFO,04/04/2025,09:17:28,23185.85,23183.8,300,23186.25,75,8700,13065450
NIFTY-I.NFO,04/04/2025,09:17:29,23184.45,23183.1,4350,23184.55,75,1800,13065450
NIFTY-I.NFO,04/04/2025,09:17:31,23183.7,23183.65,75,23184.75,75,4200,13065450
NIFTY-I.NFO,04/04/2025,09:17:32,23181.5,23180.65,75,23181.2,75,5550,13065450
NIFTY-I.NFO,04/04/2025,09:17:34,23180,23180,750,23180.05,75,2625,13065450
NIFTY-I.NFO,04/04/2025,09:17:36,23179,23178.3,75,23179,300,2025,13065450
NIFTY-I.NFO,04/04/2025,09:17:37,23177.8,23176.2,975,23177.8,150,5400,13065450
NIFTY-I.NFO,04/04/2025,09:17:39,23176.55,23176.55,300,23177.55,150,2700,13065450
NIFTY-I.NFO,04/04/2025,09:17:41,23175.05,23175.05,300,23176.45,75,2550,13065450
NIFTY-I.NFO,04/04/2025,09:17:42,23176,23175,750,23175.9,75,1200,13065450
NIFTY-I.NFO,04/04/2025,09:17:44,23176.35,23173.65,150,23175.9,300,3600,13065450
NIFTY-I.NFO,04/04/2025,09:17:46,23178,23178,75,23178.5,75,2025,13065450
NIFTY-I.NFO,04/04/2025,09:17:47,23175.9,23173.95,150,23175.05,75,5025,13065450
NIFTY-I.NFO,04/04/2025,09:17:49,23175.25,23175.2,75,23175.5,225,3075,13065450
NIFTY-I.NFO,04/04/2025,09:17:50,23173.85,23172.9,675,23174.15,75,2175,13065450
NIFTY-I.NFO,04/04/2025,09:17:52,23175.3,23175.25,225,23175.45,150,2025,13065450
NIFTY-I.NFO,04/04/2025,09:17:54,23176.2,23175.7,75,23176.2,300,1650,13065450
NIFTY-I.NFO,04/04/2025,09:17:55,23178.75,23178.4,375,23178.75,300,1875,13065450
NIFTY-I.NFO,04/04/2025,09:17:57,23177.5,23176.9,150,23178.55,75,1650,13065450
NIFTY-I.NFO,04/04/2025,09:17:59,23176.95,23176.65,75,23176.85,525,1425,13065450
NIFTY-I.NFO,04/04/2025,09:18:00,23177.55,23177.55,375,23177.8,375,1875,13065450
NIFTY-I.NFO,04/04/2025,09:18:02,23177.2,23175.9,150,23176.8,75,3525,13065450
NIFTY-I.NFO,04/04/2025,09:18:03,23180,23179.45,300,23180.7,525,1575,13065450
NIFTY-I.NFO,04/04/2025,09:18:05,23180.65,23180.65,4500,23180.7,375,2100,13065450
NIFTY-I.NFO,04/04/2025,09:18:07,23180.65,23180.65,75,23180.7,450,5700,13065450
NIFTY-I.NFO,04/04/2025,09:18:08,23176.95,23176.05,150,23176.45,75,2850,13065450
NIFTY-I.NFO,04/04/2025,09:18:10,23175.1,23175.1,75,23175.35,150,8100,13065450
NIFTY-I.NFO,04/04/2025,09:18:12,23176.7,23176.3,75,23176.85,300,5025,13065450
NIFTY-I.NFO,04/04/2025,09:18:13,23176.95,23176.25,3900,23176.6,75,1050,13065450
NIFTY-I.NFO,04/04/2025,09:18:15,23177.1,23176.75,75,23177.05,225,600,13065450
NIFTY-I.NFO,04/04/2025,09:18:16,23178.15,23176.7,75,23177.5,75,2025,13065450
NIFTY-I.NFO,04/04/2025,09:18:18,23178.1,23177.05,75,23177.8,150,600,13065450
NIFTY-I.NFO,04/04/2025,09:18:20,23179.35,23176.85,600,23179.95,75,1425,13065450
NIFTY-I.NFO,04/04/2025,09:18:21,23178.9,23177.8,375,23178.95,225,2925,13065450
NIFTY-I.NFO,04/04/2025,09:18:23,23176.15,23176,225,23176.05,75,5700,13065450
NIFTY-I.NFO,04/04/2025,09:18:24,23175.05,23175,450,23176.15,150,1575,13065450
NIFTY-I.NFO,04/04/2025,09:18:26,23176.1,23175.1,75,23176.1,75,900,13065450
NIFTY-I.NFO,04/04/2025,09:18:28,23175.75,23174.85,75,23175.9,150,2100,13195200
NIFTY-I.NFO,04/04/2025,09:18:29,23174.45,23174.35,75,23174.95,75,1200,13195200
NIFTY-I.NFO,04/04/2025,09:18:31,23173.45,23173.45,525,23174,300,1575,13195200
NIFTY-I.NFO,04/04/2025,09:18:33,23170,23170,4500,23170.45,75,10200,13195200
NIFTY-I.NFO,04/04/2025,09:18:34,23170,23170,1950,23170.6,75,2850,13195200
NIFTY-I.NFO,04/04/2025,09:18:36,23168.45,23168,450,23168.6,525,4800,13195200
NIFTY-I.NFO,04/04/2025,09:18:36,23168.3,23168,450,23168.6,525,0,13195200
NIFTY-I.NFO,04/04/2025,09:18:37,23167.05,23167.05,300,23168.35,150,3000,13195200
NIFTY-I.NFO,04/04/2025,09:18:37,23166.35,23167.05,300,23168.35,150,0,13195200
NIFTY-I.NFO,04/04/2025,09:18:39,23169.05,23166.4,150,23169.05,75,2625,13195200
NIFTY-I.NFO,04/04/2025,09:18:41,23166.35,23166.3,75,23167.4,75,1425,13195200
NIFTY-I.NFO,04/04/2025,09:18:42,23167.4,23165.05,225,23166.45,75,1500,13195200
NIFTY-I.NFO,04/04/2025,09:18:42,23165.05,23165.05,225,23166.45,75,0,13195200
NIFTY-I.NFO,04/04/2025,09:18:44,23166.1,23165.2,150,23167.95,75,3450,13195200
NIFTY-I.NFO,04/04/2025,09:18:44,23163.4,23165.2,150,23167.95,75,0,13195200
NIFTY-I.NFO,04/04/2025,09:18:46,23167,23166,150,23167.1,75,900,13195200
NIFTY-I.NFO,04/04/2025,09:18:47,23165.95,23165.05,75,23165.35,75,675,13195200
NIFTY-I.NFO,04/04/2025,09:18:49,23163.55,23163.5,150,23165.15,150,1950,13195200
NIFTY-I.NFO,04/04/2025,09:18:51,23165,23163.8,150,23165,1425,1950,13195200
NIFTY-I.NFO,04/04/2025,09:18:52,23165,23164.1,150,23165,600,1800,13195200
NIFTY-I.NFO,04/04/2025,09:18:54,23164.55,23164.55,75,23164.95,150,1350,13195200
NIFTY-I.NFO,04/04/2025,09:18:56,23162.05,23162,75,23162.35,75,1650,13195200
NIFTY-I.NFO,04/04/2025,09:18:56,23162.05,23162,75,23162.35,75,0,13195200
NIFTY-I.NFO,04/04/2025,09:18:57,23162.35,23161.15,75,23162.35,450,1350,13195200
NIFTY-I.NFO,04/04/2025,09:18:57,23161.1,23161.15,75,23162.35,450,0,13195200
NIFTY-I.NFO,04/04/2025,09:18:59,23162.3,23160.6,150,23162.35,825,975,13195200
NIFTY-I.NFO,04/04/2025,09:18:59,23160.6,23160.6,150,23162.35,825,0,13195200
NIFTY-I.NFO,04/04/2025,09:19:01,23162.35,23161.45,300,23162.35,450,1950,13195200
NIFTY-I.NFO,04/04/2025,09:19:01,23160.4,23161.45,300,23162.35,450,0,13195200
NIFTY-I.NFO,04/04/2025,09:19:02,23161.85,23160.65,75,23162.3,150,1725,13195200
NIFTY-I.NFO,04/04/2025,09:19:04,23162.3,23163.15,300,23164.55,150,4500,13195200
NIFTY-I.NFO,04/04/2025,09:19:04,23160,23163.15,300,23164.55,150,0,13195200
NIFTY-I.NFO,04/04/2025,09:19:06,23161.95,23161.9,675,23163,75,1200,13195200
NIFTY-I.NFO,04/04/2025,09:19:07,23164.2,23164.1,75,23165,75,3225,13195200
NIFTY-I.NFO,04/04/2025,09:19:09,23165.7,23165.7,150,23168.5,300,1950,13195200
NIFTY-I.NFO,04/04/2025,09:19:11,23168.5,23165.9,225,23168.5,225,1050,13195200
NIFTY-I.NFO,04/04/2025,09:19:12,23170,23168.55,75,23170,150,1425,13195200
NIFTY-I.NFO,04/04/2025,09:19:14,23167.45,23165.7,75,23167,150,6450,13195200
NIFTY-I.NFO,04/04/2025,09:19:16,23167.45,23165.85,150,23167.5,150,900,13195200
NIFTY-I.NFO,04/04/2025,09:19:17,23165.05,23165,675,23166.8,75,2475,13195200
NIFTY-I.NFO,04/04/2025,09:19:19,23165.05,23164.25,75,23165.3,75,2025,13195200
NIFTY-I.NFO,04/04/2025,09:19:21,23163.7,23163.2,75,23165.05,225,2925,13195200
NIFTY-I.NFO,04/04/2025,09:19:22,23163.25,23163.2,150,23164.95,150,1350,13195200
NIFTY-I.NFO,04/04/2025,09:19:24,23164.9,23163.35,450,23164.9,225,2700,13195200
NIFTY-I.NFO,04/04/2025,09:19:26,23165.15,23164.75,2025,23165.2,75,1875,13195200
NIFTY-I.NFO,04/04/2025,09:19:27,23164.85,23163.45,225,23163.8,225,2475,13195200
NIFTY-I.NFO,04/04/2025,09:19:29,23165,23165,75,23165.3,75,3600,13195200
NIFTY-I.NFO,04/04/2025,09:19:31,23163.8,23163.7,150,23164.5,75,1200,13195200
NIFTY-I.NFO,04/04/2025,09:19:32,23162.6,23162,150,23163.05,150,3300,13195200
NIFTY-I.NFO,04/04/2025,09:19:34,23164.1,23163.95,375,23164.75,150,3150,13195200
NIFTY-I.NFO,04/04/2025,09:19:36,23163.7,23162.1,300,23163.75,75,1125,13195200
NIFTY-I.NFO,04/04/2025,09:19:37,23162.95,23162,450,23162.75,75,2250,13195200
NIFTY-I.NFO,04/04/2025,09:19:39,23163.25,23161.05,150,23162,75,3300,13195200
NIFTY-I.NFO,04/04/2025,09:19:41,23161,23160,4650,23160.75,75,900,13195200
NIFTY-I.NFO,04/04/2025,09:19:42,23162.15,23159.1,75,23160,75,15000,13195200
NIFTY-I.NFO,04/04/2025,09:19:42,23159.7,23159.1,75,23160,75,0,13195200
NIFTY-I.NFO,04/04/2025,09:19:44,23160.35,23156.2,375,23160.4,75,6750,13195200
NIFTY-I.NFO,04/04/2025,09:19:44,23156,23156.2,375,23160.4,75,0,13195200
NIFTY-I.NFO,04/04/2025,09:19:46,23156.15,23156,75,23160,75,1650,13195200
NIFTY-I.NFO,04/04/2025,09:19:47,23155.55,23155.55,1500,23156.55,75,1575,13195200
NIFTY-I.NFO,04/04/2025,09:19:47,23155.55,23155.55,1500,23156.55,75,0,13195200
NIFTY-I.NFO,04/04/2025,09:19:49,23155.75,23155,3300,23155.6,750,2325,13195200
NIFTY-I.NFO,04/04/2025,09:19:51,23155.55,23155,3075,23155.55,75,1425,13195200
NIFTY-I.NFO,04/04/2025,09:19:51,23155,23155,3075,23155.55,75,0,13195200
NIFTY-I.NFO,04/04/2025,09:19:52,23155.2,23155,75,23155.35,750,3600,13195200
NIFTY-I.NFO,04/04/2025,09:19:54,23155.05,23154.4,75,23155,75,1500,13195200
NIFTY-I.NFO,04/04/2025,09:19:54,23154.45,23154.4,75,23155,75,0,13195200
NIFTY-I.NFO,04/04/2025,09:19:56,23152.55,23152.6,375,23156.25,75,2175,13195200
NIFTY-I.NFO,04/04/2025,09:19:56,23152.55,23152.6,375,23156.25,75,0,13195200
NIFTY-I.NFO,04/04/2025,09:19:57,23155,23152.05,150,23155.95,75,975,13195200
NIFTY-I.NFO,04/04/2025,09:19:57,23152.05,23152.05,150,23155.95,75,0,13195200
NIFTY-I.NFO,04/04/2025,09:19:59,23151.1,23154.95,225,23155.7,75,6450,13195200
NIFTY-I.NFO,04/04/2025,09:19:59,23151,23154.95,225,23155.7,75,0,13195200
NIFTY-I.NFO,04/04/2025,09:20:01,23153,23153,75,23156.85,450,1050,13195200
NIFTY-I.NFO,04/04/2025,09:20:02,23154.6,23152,825,23154.25,75,1800,13195200
NIFTY-I.NFO,04/04/2025,09:20:04,23155,23152.1,375,23155,225,1350,13195200
NIFTY-I.NFO,04/04/2025,09:20:06,23152.5,23152.45,75,23155,375,1575,13195200
NIFTY-I.NFO,04/04/2025,09:20:07,23151.75,23151,3375,23151.05,75,3225,13195200
NIFTY-I.NFO,04/04/2025,09:20:09,23151,23151,1500,23151.05,150,3375,13195200
NIFTY-I.NFO,04/04/2025,09:20:11,23150.5,23150.35,300,23151,75,4650,13195200
NIFTY-I.NFO,04/04/2025,09:20:11,23150.5,23150.35,300,23151,75,0,13195200
NIFTY-I.NFO,04/04/2025,09:20:12,23147.05,23147.05,75,23149.45,225,16125,13195200
NIFTY-I.NFO,04/04/2025,09:20:12,23147.05,23147.05,75,23149.45,225,0,13195200
NIFTY-I.NFO,04/04/2025,09:20:14,23142,23141.95,600,23142,750,4800,13195200
NIFTY-I.NFO,04/04/2025,09:20:14,23141.4,23141.95,600,23142,750,0,13195200
NIFTY-I.NFO,04/04/2025,09:20:16,23144.85,23145.05,825,23147.9,75,3075,13195200
NIFTY-I.NFO,04/04/2025,09:20:17,23145.1,23145.1,150,23147.05,75,1650,13195200
NIFTY-I.NFO,04/04/2025,09:20:19,23147,23144.25,450,23147.65,75,825,13195200
NIFTY-I.NFO,04/04/2025,09:20:21,23147.85,23142.5,375,23147.55,75,1425,13195200
NIFTY-I.NFO,04/04/2025,09:20:22,23142.4,23141.5,75,23145,150,2175,13195200
NIFTY-I.NFO,04/04/2025,09:20:22,23141,23141.5,75,23145,150,0,13195200
NIFTY-I.NFO,04/04/2025,09:20:24,23142.7,23141.05,150,23142.15,75,1575,13195200
NIFTY-I.NFO,04/04/2025,09:20:26,23139,23139,750,23140.85,75,6750,13195200
NIFTY-I.NFO,04/04/2025,09:20:26,23139,23139,750,23140.85,75,0,13195200
NIFTY-I.NFO,04/04/2025,09:20:27,23137,23136.4,75,23137,675,2475,13195200
NIFTY-I.NFO,04/04/2025,09:20:27,23136.45,23136.4,75,23137,675,0,13195200
NIFTY-I.NFO,04/04/2025,09:20:29,23136.05,23136.1,150,23138.5,600,525,13195200
NIFTY-I.NFO,04/04/2025,09:20:29,23135.3,23136.1,150,23138.5,600,0,13195200
NIFTY-I.NFO,04/04/2025,09:20:31,23136.55,23135.05,450,23136.05,75,2400,13195200
NIFTY-I.NFO,04/04/2025,09:20:31,23135.05,23135.05,450,23136.05,75,0,13195200
NIFTY-I.NFO,04/04/2025,09:20:32,23133.15,23131,825,23132.45,75,3225,13195200
NIFTY-I.NFO,04/04/2025,09:20:32,23131,23131,825,23132.45,75,0,13195200
NIFTY-I.NFO,04/04/2025,09:20:34,23129.85,23128.45,600,23129.85,375,5175,13195200
NIFTY-I.NFO,04/04/2025,09:20:34,23128,23128.45,600,23129.85,375,0,13195200
NIFTY-I.NFO,04/04/2025,09:20:36,23129,23128.4,750,23129.85,300,900,13195200
NIFTY-I.NFO,04/04/2025,09:20:37,23129.85,23129.85,900,23130,300,2250,13195200
NIFTY-I.NFO,04/04/2025,09:20:39,23128,23128.05,75,23129.45,150,3150,13195200
NIFTY-I.NFO,04/04/2025,09:20:41,23128,23127.65,75,23128.2,300,3300,13195200
NIFTY-I.NFO,04/04/2025,09:20:42,23126,23126,150,23126.3,75,2400,13195200
NIFTY-I.NFO,04/04/2025,09:20:42,23126,23126,150,23126.3,75,0,13195200
NIFTY-I.NFO,04/04/2025,09:20:44,23127.2,23125.95,1125,23126.05,225,525,13195200
NIFTY-I.NFO,04/04/2025,09:20:46,23128.25,23128.25,1050,23128.55,300,1275,13195200
NIFTY-I.NFO,04/04/2025,09:20:47,23127.4,23128.6,75,23129,150,2850,13195200
NIFTY-I.NFO,04/04/2025,09:20:49,23129,23126.45,300,23129.35,75,1575,13195200
NIFTY-I.NFO,04/04/2025,09:20:51,23125.95,23125.95,375,23128,75,1425,13195200
NIFTY-I.NFO,04/04/2025,09:20:51,23125.95,23125.95,375,23128,75,0,13195200
NIFTY-I.NFO,04/04/2025,09:20:52,23126.5,23126.45,75,23127,150,525,13195200
NIFTY-I.NFO,04/04/2025,09:20:54,23131.4,23128.9,1200,23132.25,75,2775,13195200
NIFTY-I.NFO,04/04/2025,09:20:56,23132.25,23130.35,75,23132.25,525,900,13195200
NIFTY-I.NFO,04/04/2025,09:20:57,23130,23129.5,75,23132.25,225,675,13195200
NIFTY-I.NFO,04/04/2025,09:20:59,23130.05,23129.15,150,23131.2,150,2100,13195200
NIFTY-I.NFO,04/04/2025,09:21:01,23129.95,23127.05,300,23129.95,150,5550,13195200
NIFTY-I.NFO,04/04/2025,09:21:02,23127.35,23127.05,150,23131.55,75,1950,13195200
NIFTY-I.NFO,04/04/2025,09:21:04,23127,23127,75,23128.5,225,2025,13195200
NIFTY-I.NFO,04/04/2025,09:21:06,23127.9,23125.95,225,23127.7,150,2250,13195200
NIFTY-I.NFO,04/04/2025,09:21:07,23126,23125.95,225,23126.4,75,1575,13195200
NIFTY-I.NFO,04/04/2025,09:21:09,23125.95,23125.3,75,23125.95,75,1725,13195200
NIFTY-I.NFO,04/04/2025,09:21:09,23125.5,23125.3,75,23125.95,75,0,13195200
NIFTY-I.NFO,04/04/2025,09:21:11,23125.5,23125.1,150,23125.95,75,675,13195200
NIFTY-I.NFO,04/04/2025,09:21:11,23125.1,23125.1,150,23125.95,75,0,13195200
NIFTY-I.NFO,04/04/2025,09:21:12,23125,23125,1425,23125.2,75,3375,13195200
NIFTY-I.NFO,04/04/2025,09:21:12,23125,23125,1425,23125.2,75,0,13195200
NIFTY-I.NFO,04/04/2025,09:21:14,23124.35,23123.35,75,23124.45,300,2550,13195200
NIFTY-I.NFO,04/04/2025,09:21:14,23124,23123.35,75,23124.45,300,0,13195200
NIFTY-I.NFO,04/04/2025,09:21:16,23121.65,23121.15,75,23121.65,300,6825,13195200
NIFTY-I.NFO,04/04/2025,09:21:16,23120.4,23121.15,75,23121.65,300,0,13195200
NIFTY-I.NFO,04/04/2025,09:21:17,23121.65,23120.15,75,23121.65,75,1725,13195200
NIFTY-I.NFO,04/04/2025,09:21:17,23120.1,23120.15,75,23121.65,75,0,13195200
NIFTY-I.NFO,04/04/2025,09:21:19,23120.3,23120.25,75,23121.65,1725,2850,13195200
NIFTY-I.NFO,04/04/2025,09:21:19,23120,23120.25,75,23121.65,1725,0,13195200
NIFTY-I.NFO,04/04/2025,09:21:21,23120,23120,2925,23121.6,1500,2175,13195200
NIFTY-I.NFO,04/04/2025,09:21:22,23121.15,23120.1,75,23121.2,75,1425,13195200
NIFTY-I.NFO,04/04/2025,09:21:24,23120,23118.65,150,23120,75,3975,13195200
NIFTY-I.NFO,04/04/2025,09:21:24,23118.95,23118.65,150,23120,75,0,13195200
NIFTY-I.NFO,04/04/2025,09:21:26,23118.65,23118.65,75,23120,1650,2325,13195200
NIFTY-I.NFO,04/04/2025,09:21:26,23118.65,23118.65,75,23120,1650,0,13195200
NIFTY-I.NFO,04/04/2025,09:21:27,23117.65,23117.65,150,23119.95,1125,975,13281075
NIFTY-I.NFO,04/04/2025,09:21:27,23117.65,23117.65,150,23119.95,1125,0,13281075
NIFTY-I.NFO,04/04/2025,09:21:29,23119.9,23115.5,150,23119.9,75,1650,13281075
NIFTY-I.NFO,04/04/2025,09:21:29,23115.55,23115.5,150,23119.9,75,0,13281075
NIFTY-I.NFO,04/04/2025,09:21:31,23115.15,23115.15,75,23117.55,75,1125,13281075
NIFTY-I.NFO,04/04/2025,09:21:31,23115.15,23115.15,75,23117.55,75,0,13281075
NIFTY-I.NFO,04/04/2025,09:21:32,23115.05,23112.6,975,23117.5,450,8400,13281075
NIFTY-I.NFO,04/04/2025,09:21:32,23113,23112.6,975,23117.5,450,0,13281075
NIFTY-I.NFO,04/04/2025,09:21:34,23112.6,23112.3,150,23112.55,150,975,13281075
NIFTY-I.NFO,04/04/2025,09:21:34,23112.5,23112.3,150,23112.55,150,0,13281075
NIFTY-I.NFO,04/04/2025,09:21:36,23112.55,23111.4,75,23112.3,75,1950,13281075
NIFTY-I.NFO,04/04/2025,09:21:36,23111.55,23111.4,75,23112.3,75,0,13281075
NIFTY-I.NFO,04/04/2025,09:21:37,23110.25,23110.25,1275,23110.3,75,3075,13281075
NIFTY-I.NFO,04/04/2025,09:21:37,23110.25,23110.25,1275,23110.3,75,0,13281075
NIFTY-I.NFO,04/04/2025,09:21:39,23105,23105.05,225,23107.1,75,8250,13281075
NIFTY-I.NFO,04/04/2025,09:21:39,23105,23105.05,225,23107.1,75,0,13281075
NIFTY-I.NFO,04/04/2025,09:21:41,23105,23105.05,150,23107.1,300,975,13281075
NIFTY-I.NFO,04/04/2025,09:21:42,23105.1,23105.1,75,23107.05,375,2625,13281075
NIFTY-I.NFO,04/04/2025,09:21:44,23105,23102.55,75,23105.15,75,2700,13281075
NIFTY-I.NFO,04/04/2025,09:21:44,23102.55,23102.55,75,23105.15,75,0,13281075
NIFTY-I.NFO,04/04/2025,09:21:46,23104.5,23101.25,75,23104.5,450,2325,13281075
NIFTY-I.NFO,04/04/2025,09:21:46,23101.3,23101.25,75,23104.5,450,0,13281075
NIFTY-I.NFO,04/04/2025,09:21:47,23101,23101,4125,23104.5,150,2700,13281075
NIFTY-I.NFO,04/04/2025,09:21:47,23101,23101,4125,23104.5,150,0,13281075
NIFTY-I.NFO,04/04/2025,09:21:49,23105.15,23101.75,1125,23105.4,75,2475,13281075
NIFTY-I.NFO,04/04/2025,09:21:51,23107.15,23105.8,1200,23108.5,525,4125,13281075
NIFTY-I.NFO,04/04/2025,09:21:52,23105.1,23105.05,525,23108.45,150,1950,13281075
NIFTY-I.NFO,04/04/2025,09:21:54,23105,23104.5,1575,23105,1725,3450,13281075
NIFTY-I.NFO,04/04/2025,09:21:56,23106.25,23104.5,1200,23106.25,75,3225,13281075
NIFTY-I.NFO,04/04/2025,09:21:57,23106.85,23106,1125,23107.15,75,1575,13281075
NIFTY-I.NFO,04/04/2025,09:21:59,23106,23106,525,23107.65,75,1050,13281075
NIFTY-I.NFO,04/04/2025,09:22:01,23108,23108,1650,23109.95,75,4875,13281075
NIFTY-I.NFO,04/04/2025,09:22:02,23111.1,23110,75,23111.1,150,1350,13281075
NIFTY-I.NFO,04/04/2025,09:22:04,23111.1,23109,1350,23110,75,1425,13281075
NIFTY-I.NFO,04/04/2025,09:22:06,23110.1,23110,1050,23111.8,225,3300,13281075
NIFTY-I.NFO,04/04/2025,09:22:07,23112.55,23112,75,23112.65,750,600,13281075
NIFTY-I.NFO,04/04/2025,09:22:09,23113.5,23112,1725,23112.7,150,900,13281075
NIFTY-I.NFO,04/04/2025,09:22:11,23112.15,23113.35,75,23115,1200,1800,13281075
NIFTY-I.NFO,04/04/2025,09:22:12,23121,23119.95,900,23122.2,75,10500,13281075
NIFTY-I.NFO,04/04/2025,09:22:14,23123.95,23119.95,150,23123.9,75,3150,13281075
NIFTY-I.NFO,04/04/2025,09:22:16,23126.45,23125.1,75,23126.35,75,5775,13281075
NIFTY-I.NFO,04/04/2025,09:22:17,23123.75,23120,1950,23123.25,75,8400,13281075
NIFTY-I.NFO,04/04/2025,09:22:19,23124.2,23122.2,75,23124.3,75,6750,13281075
NIFTY-I.NFO,04/04/2025,09:22:21,23124.2,23120,300,23123.75,300,1350,13281075
NIFTY-I.NFO,04/04/2025,09:22:22,23124.3,23124.3,975,23125,75,1350,13281075
NIFTY-I.NFO,04/04/2025,09:22:24,23124.7,23120,600,23124.75,150,6150,13281075
NIFTY-I.NFO,04/04/2025,09:22:26,23125.75,23125,1875,23126.1,75,4200,13281075
NIFTY-I.NFO,04/04/2025,09:22:27,23119.4,23117.2,75,23122,525,4500,13281075
NIFTY-I.NFO,04/04/2025,09:22:29,23117.85,23115,225,23117.35,375,3375,13281075
NIFTY-I.NFO,04/04/2025,09:22:31,23115.8,23114,1800,23115.2,525,2325,13281075
NIFTY-I.NFO,04/04/2025,09:22:32,23115,23114,1050,23115,450,3375,13281075
NIFTY-I.NFO,04/04/2025,09:22:34,23115,23114.7,675,23115,300,825,13281075
NIFTY-I.NFO,04/04/2025,09:22:36,23116.8,23117.05,225,23119.9,150,1200,13281075
NIFTY-I.NFO,04/04/2025,09:22:37,23119.75,23115.45,75,23119.75,75,525,13281075
NIFTY-I.NFO,04/04/2025,09:22:39,23116.8,23115.25,75,23117,150,1050,13281075
NIFTY-I.NFO,04/04/2025,09:22:41,23115,23115,675,23115.05,75,6300,13281075
NIFTY-I.NFO,04/04/2025,09:22:42,23115.05,23115,600,23115.05,450,1575,13281075
NIFTY-I.NFO,04/04/2025,09:22:44,23115,23114.25,75,23115.05,150,1275,13281075
NIFTY-I.NFO,04/04/2025,09:22:46,23114.75,23114.75,75,23115,225,825,13281075
NIFTY-I.NFO,04/04/2025,09:22:47,23114.75,23114.7,1800,23114.75,75,3150,13281075
NIFTY-I.NFO,04/04/2025,09:22:49,23114.75,23114.7,1425,23114.75,150,600,13281075
NIFTY-I.NFO,04/04/2025,09:22:51,23113.75,23113.2,75,23113.5,525,2100,13281075
NIFTY-I.NFO,04/04/2025,09:22:52,23113.75,23113.2,75,23113.85,525,2625,13281075
NIFTY-I.NFO,04/04/2025,09:22:54,23112,23112,2550,23113.1,75,2550,13281075
NIFTY-I.NFO,04/04/2025,09:22:56,23112.5,23111.25,75,23112.45,75,4500,13281075
NIFTY-I.NFO,04/04/2025,09:22:57,23111.65,23111.2,150,23112,525,1275,13281075
NIFTY-I.NFO,04/04/2025,09:22:59,23112.25,23112.2,375,23113.75,75,1425,13281075
NIFTY-I.NFO,04/04/2025,09:23:01,23112.8,23112.3,75,23113.65,225,675,13281075
NIFTY-I.NFO,04/04/2025,09:23:03,23113.85,23112.35,75,23113.85,225,1050,13281075
NIFTY-I.NFO,04/04/2025,09:23:04,23114,23113.75,75,23114,375,300,13281075
NIFTY-I.NFO,04/04/2025,09:23:06,23118.85,23116.75,300,23118.85,150,3525,13281075
NIFTY-I.NFO,04/04/2025,09:23:08,23118.8,23119,375,23120,750,900,13281075
NIFTY-I.NFO,04/04/2025,09:23:09,23120,23118.85,75,23120,450,375,13281075
NIFTY-I.NFO,04/04/2025,09:23:11,23119.95,23118.85,75,23119.95,150,750,13281075
NIFTY-I.NFO,04/04/2025,09:23:13,23122.45,23120.1,375,23123,750,1275,13281075
NIFTY-I.NFO,04/04/2025,09:23:14,23123,23120,900,23122.75,600,150,13281075
NIFTY-I.NFO,04/04/2025,09:23:16,23123,23122.7,75,23124.2,150,300,13281075
NIFTY-I.NFO,04/04/2025,09:23:18,23123.25,23120.05,75,23122.8,375,1050,13281075
NIFTY-I.NFO,04/04/2025,09:23:19,23118.85,23117,1725,23118.8,75,4350,13281075
NIFTY-I.NFO,04/04/2025,09:23:21,23117,23117,1875,23120.05,75,1350,13281075
NIFTY-I.NFO,04/04/2025,09:23:23,23121,23117,1650,23120.05,300,1725,13281075
NIFTY-I.NFO,04/04/2025,09:23:24,23120,23118,3450,23120.05,300,225,13281075
NIFTY-I.NFO,04/04/2025,09:23:26,23120.05,23119.8,825,23120.05,300,525,13281075
NIFTY-I.NFO,04/04/2025,09:23:28,23120,23120,2775,23121,225,1125,13281075
NIFTY-I.NFO,04/04/2025,09:23:29,23121,23120.05,225,23121,150,150,13281075
NIFTY-I.NFO,04/04/2025,09:23:31,23123,23121.4,300,23123,300,1050,13281075
NIFTY-I.NFO,04/04/2025,09:23:33,23124.1,23121,450,23122.65,150,750,13281075
NIFTY-I.NFO,04/04/2025,09:23:34,23121.45,23121,450,23122,150,450,13281075
NIFTY-I.NFO,04/04/2025,09:23:36,23120.4,23120.2,1050,23120.4,300,975,13281075
NIFTY-I.NFO,04/04/2025,09:23:38,23117,23116,150,23117.45,75,9825,13281075
NIFTY-I.NFO,04/04/2025,09:23:39,23117.45,23115.3,750,23117.45,225,3075,13281075
NIFTY-I.NFO,04/04/2025,09:23:41,23120,23118,300,23120,4725,15375,13281075
NIFTY-I.NFO,04/04/2025,09:23:43,23120,23120,1650,23120.2,525,5025,13281075
NIFTY-I.NFO,04/04/2025,09:23:44,23120.05,23120.05,1425,23120.2,225,525,13281075
NIFTY-I.NFO,04/04/2025,09:23:46,23120.05,23120.05,675,23120.2,225,1125,13281075
NIFTY-I.NFO,04/04/2025,09:23:47,23120.2,23120.05,75,23120.15,450,750,13281075
NIFTY-I.NFO,04/04/2025,09:23:49,23120.4,23120.05,1500,23121,450,2325,13281075
NIFTY-I.NFO,04/04/2025,09:23:51,23120.05,23120.05,1050,23120.3,300,975,13281075
NIFTY-I.NFO,04/04/2025,09:23:52,23116.8,23115.2,75,23116.6,525,4875,13281075
NIFTY-I.NFO,04/04/2025,09:23:54,23112,23111.1,150,23111.8,150,4200,13281075
NIFTY-I.NFO,04/04/2025,09:23:56,23110.8,23109.1,300,23111.55,75,4650,13281075
NIFTY-I.NFO,04/04/2025,09:23:57,23111.25,23109.8,300,23111.55,825,1425,13281075
NIFTY-I.NFO,04/04/2025,09:23:59,23105.05,23105.05,150,23108.6,75,7500,13281075
NIFTY-I.NFO,04/04/2025,09:24:01,23108.6,23105.7,150,23108.6,75,1125,13281075
NIFTY-I.NFO,04/04/2025,09:24:02,23103.85,23103.5,75,23109.5,225,7800,13281075
NIFTY-I.NFO,04/04/2025,09:24:04,23109.5,23107.05,1275,23109.5,225,15000,13281075
NIFTY-I.NFO,04/04/2025,09:24:06,23105,23104.3,150,23109.5,300,3900,13281075
NIFTY-I.NFO,04/04/2025,09:24:07,23109.5,23106.95,150,23109.5,75,675,13281075
NIFTY-I.NFO,04/04/2025,09:24:09,23108,23105.95,750,23108,75,450,13281075
NIFTY-I.NFO,04/04/2025,09:24:11,23108,23104,75,23108,75,1425,13281075
NIFTY-I.NFO,04/04/2025,09:24:12,23104,23103.8,75,23104,1725,675,13281075
NIFTY-I.NFO,04/04/2025,09:24:14,23108.5,23103.8,75,23107.8,375,2550,13281075
NIFTY-I.NFO,04/04/2025,09:24:16,23105,23105,75,23106,525,975,13281075
NIFTY-I.NFO,04/04/2025,09:24:17,23103.8,23102.05,300,23103.8,75,2025,13281075
NIFTY-I.NFO,04/04/2025,09:24:19,23101.35,23102,75,23102.65,150,1575,13281075
NIFTY-I.NFO,04/04/2025,09:24:21,23098,23096.6,75,23098,375,25275,13281075
NIFTY-I.NFO,04/04/2025,09:24:21,23098,23096.6,75,23098,375,0,13281075
NIFTY-I.NFO,04/04/2025,09:24:22,23094.05,23093.7,150,23097.95,300,1275,13281075
NIFTY-I.NFO,04/04/2025,09:24:22,23093.75,23093.7,150,23097.95,300,0,13281075
NIFTY-I.NFO,04/04/2025,09:24:24,23093.95,23091.5,450,23097.9,75,9825,13281075
NIFTY-I.NFO,04/04/2025,09:24:24,23090,23091.5,450,23097.9,75,0,13281075
NIFTY-I.NFO,04/04/2025,09:24:26,23095.7,23090.55,75,23094.85,300,1050,13281075
NIFTY-I.NFO,04/04/2025,09:24:27,23094.6,23089,75,23094.85,300,1050,13334100
NIFTY-I.NFO,04/04/2025,09:24:27,23089.2,23089,75,23094.85,300,0,13334100
NIFTY-I.NFO,04/04/2025,09:24:29,23090,23088,900,23089,75,600,13334100
NIFTY-I.NFO,04/04/2025,09:24:29,23088.85,23088,900,23089,75,0,13334100
NIFTY-I.NFO,04/04/2025,09:24:31,23088,23088,225,23091.5,225,1125,13334100
NIFTY-I.NFO,04/04/2025,09:24:31,23088,23088,225,23091.5,225,0,13334100
NIFTY-I.NFO,04/04/2025,09:24:32,23087,23086.7,375,23090,300,525,13334100
NIFTY-I.NFO,04/04/2025,09:24:32,23087,23086.7,375,23090,300,0,13334100
NIFTY-I.NFO,04/04/2025,09:24:34,23085.45,23085.65,75,23090.75,150,2700,13334100
NIFTY-I.NFO,04/04/2025,09:24:34,23085.45,23085.65,75,23090.75,150,0,13334100
NIFTY-I.NFO,04/04/2025,09:24:36,23092.4,23088,375,23092.45,75,3600,13334100
NIFTY-I.NFO,04/04/2025,09:24:37,23092,23092,6825,23094.4,450,6000,13334100
NIFTY-I.NFO,04/04/2025,09:24:37,23085.1,23092,6825,23094.4,450,0,13334100
NIFTY-I.NFO,04/04/2025,09:24:39,23092,23092,3825,23094.4,300,3075,13334100
NIFTY-I.NFO,04/04/2025,09:24:41,23095,23092.95,75,23097.2,975,1500,13334100
NIFTY-I.NFO,04/04/2025,09:24:42,23092.65,23092.8,75,23098,75,2100,13334100
NIFTY-I.NFO,04/04/2025,09:24:44,23097.2,23092,3750,23098,150,375,13334100
NIFTY-I.NFO,04/04/2025,09:24:46,23092.65,23092,3675,23097.15,150,675,13334100
NIFTY-I.NFO,04/04/2025,09:24:47,23099,23099,3225,23100,600,1350,13334100
NIFTY-I.NFO,04/04/2025,09:24:49,23100,23099,3225,23100,750,675,13334100
NIFTY-I.NFO,04/04/2025,09:24:51,23099,23099,1650,23099.05,225,1950,13334100
NIFTY-I.NFO,04/04/2025,09:24:52,23099,23099,1125,23101.8,225,3300,13334100
NIFTY-I.NFO,04/04/2025,09:24:54,23100,23100,600,23102,300,75,13334100
NIFTY-I.NFO,04/04/2025,09:24:56,23102,23102,300,23102.05,75,825,13334100
NIFTY-I.NFO,04/04/2025,09:24:57,23101.45,23100,600,23102.05,150,600,13334100
NIFTY-I.NFO,04/04/2025,09:24:59,23100,23100,825,23101.35,150,3150,13334100
NIFTY-I.NFO,04/04/2025,09:25:01,23100,23100,1125,23101.35,300,750,13334100
NIFTY-I.NFO,04/04/2025,09:25:02,23104.35,23103.9,150,23105,1125,1425,13334100
NIFTY-I.NFO,04/04/2025,09:25:04,23105,23103.3,525,23105,975,825,13334100
NIFTY-I.NFO,04/04/2025,09:25:06,23101.5,23103,1800,23108,375,4950,13334100
NIFTY-I.NFO,04/04/2025,09:25:08,23107.1,23103,1725,23107.15,75,375,13334100
NIFTY-I.NFO,04/04/2025,09:25:09,23103.5,23101.45,75,23103.4,75,3750,13334100
NIFTY-I.NFO,04/04/2025,09:25:11,23102.5,23101.5,150,23102.5,225,1500,13334100
NIFTY-I.NFO,04/04/2025,09:25:13,23102.05,23102.1,1275,23103.5,75,375,13334100
NIFTY-I.NFO,04/04/2025,09:25:14,23103,23102,150,23103.5,375,300,13334100
NIFTY-I.NFO,04/04/2025,09:25:16,23113.55,23110,75,23114,75,3375,13334100
NIFTY-I.NFO,04/04/2025,09:25:18,23106.6,23106.7,675,23112.9,150,1275,13334100
NIFTY-I.NFO,04/04/2025,09:25:19,23108.8,23105,300,23108.25,75,750,13334100
NIFTY-I.NFO,04/04/2025,09:25:21,23106.3,23103.4,75,23106.35,375,600,13334100
NIFTY-I.NFO,04/04/2025,09:25:23,23103.4,23102.05,75,23106,75,2100,13334100
NIFTY-I.NFO,04/04/2025,09:25:24,23106.1,23102,75,23105.95,150,525,13334100
NIFTY-I.NFO,04/04/2025,09:25:26,23102.55,23102,600,23102.55,2100,1650,13334100
NIFTY-I.NFO,04/04/2025,09:25:28,23102.05,23102,300,23102.55,1200,1425,13334100
NIFTY-I.NFO,04/04/2025,09:25:29,23102.55,23102.05,75,23102.55,1275,600,13334100
NIFTY-I.NFO,04/04/2025,09:25:31,23102.05,23102,75,23102.5,2700,525,13334100
NIFTY-I.NFO,04/04/2025,09:25:33,23100,23100,1725,23102.5,2550,1350,13334100
NIFTY-I.NFO,04/04/2025,09:25:34,23100.05,23100.05,75,23102.5,2250,375,13334100
NIFTY-I.NFO,04/04/2025,09:25:36,23102.5,23101,75,23101.3,150,525,13334100
NIFTY-I.NFO,04/04/2025,09:25:38,23101.25,23101.55,600,23102.5,1725,1050,13334100
NIFTY-I.NFO,04/04/2025,09:25:39,23105.75,23102.5,150,23105.55,75,2625,13334100
NIFTY-I.NFO,04/04/2025,09:25:41,23102,23102,1650,23106.55,75,975,13334100
NIFTY-I.NFO,04/04/2025,09:25:43,23103,23103.3,900,23106.6,75,300,13334100
NIFTY-I.NFO,04/04/2025,09:25:44,23107,23105.9,150,23107,150,450,13334100
NIFTY-I.NFO,04/04/2025,09:25:46,23106.6,23106,75,23106.7,75,375,13334100
NIFTY-I.NFO,04/04/2025,09:25:48,23107.7,23105.95,75,23108,75,300,13334100
NIFTY-I.NFO,04/04/2025,09:25:49,23109.7,23108,75,23109.65,75,2475,13334100
NIFTY-I.NFO,04/04/2025,09:25:51,23104.4,23104.75,750,23109.85,375,3300,13334100
NIFTY-I.NFO,04/04/2025,09:25:53,23109.85,23109.7,1800,23109.85,375,525,13334100
NIFTY-I.NFO,04/04/2025,09:25:54,23109.75,23109.7,1800,23109.8,150,300,13334100
NIFTY-I.NFO,04/04/2025,09:25:56,23107,23105.85,750,23107,525,2775,13334100
NIFTY-I.NFO,04/04/2025,09:25:58,23109.85,23106.6,600,23110.85,75,1950,13334100
NIFTY-I.NFO,04/04/2025,09:25:59,23111.4,23109.85,225,23114,150,225,13334100
NIFTY-I.NFO,04/04/2025,09:26:01,23112.6,23114,150,23118,300,975,13334100
NIFTY-I.NFO,04/04/2025,09:26:03,23118,23115.15,750,23118,75,900,13334100
NIFTY-I.NFO,04/04/2025,09:26:04,23114.2,23116.75,750,23118,75,600,13334100
NIFTY-I.NFO,04/04/2025,09:26:06,23122.15,23118,2100,23122.1,300,1500,13334100
NIFTY-I.NFO,04/04/2025,09:26:08,23120,23118,1950,23121.75,75,1575,13334100
NIFTY-I.NFO,04/04/2025,09:26:09,23118,23116.5,75,23118.4,375,2550,13334100
NIFTY-I.NFO,04/04/2025,09:26:11,23114.9,23111.8,75,23114.9,300,900,13334100
NIFTY-I.NFO,04/04/2025,09:26:13,23118.85,23112.15,150,23118.25,600,825,13334100
NIFTY-I.NFO,04/04/2025,09:26:14,23118,23118,1725,23118.45,150,600,13334100
NIFTY-I.NFO,04/04/2025,09:26:16,23120.75,23118,1575,23119.45,450,2775,13334100
NIFTY-I.NFO,04/04/2025,09:26:18,23116.5,23115.55,75,23116.5,75,1875,13334100
NIFTY-I.NFO,04/04/2025,09:26:19,23115.2,23111.75,1950,23114.9,75,825,13334100
NIFTY-I.NFO,04/04/2025,09:26:21,23116.5,23111.85,150,23117.9,150,750,13334100
NIFTY-I.NFO,04/04/2025,09:26:23,23118.85,23118.25,75,23118.85,150,675,13334100
NIFTY-I.NFO,04/04/2025,09:26:24,23122,23121.45,300,23122.65,75,1050,13334100
NIFTY-I.NFO,04/04/2025,09:26:26,23121.45,23121.45,150,23122.5,75,375,13334100
NIFTY-I.NFO,04/04/2025,09:26:28,23123.85,23123.2,75,23123.85,300,750,13334100
NIFTY-I.NFO,04/04/2025,09:26:29,23123.2,23122.65,300,23123.15,75,600,13334100
NIFTY-I.NFO,04/04/2025,09:26:31,23122.85,23121.45,1800,23121.8,75,3000,13334100
NIFTY-I.NFO,04/04/2025,09:26:33,23122.85,23119.2,225,23122.85,300,7050,13334100
NIFTY-I.NFO,04/04/2025,09:26:34,23124,23122.1,225,23124.15,150,1050,13334100
NIFTY-I.NFO,04/04/2025,09:26:36,23124.8,23124.15,75,23125,3675,975,13334100
NIFTY-I.NFO,04/04/2025,09:26:38,23122.85,23122,75,23122.55,375,1050,13334100
NIFTY-I.NFO,04/04/2025,09:26:39,23123.9,23120.8,75,23123.9,75,750,13334100
NIFTY-I.NFO,04/04/2025,09:26:41,23123.95,23123.1,300,23125,3150,825,13334100
NIFTY-I.NFO,04/04/2025,09:26:43,23123.2,23122.9,75,23122.95,450,300,13334100
NIFTY-I.NFO,04/04/2025,09:26:44,23121.95,23120.15,150,23122.3,375,1500,13334100
NIFTY-I.NFO,04/04/2025,09:26:46,23120.2,23120.1,75,23120.2,150,300,13334100
NIFTY-I.NFO,04/04/2025,09:26:48,23117,23117,75,23119.2,375,1575,13334100
NIFTY-I.NFO,04/04/2025,09:26:49,23119.2,23117,300,23120.3,75,900,13334100
NIFTY-I.NFO,04/04/2025,09:26:51,23118.55,23116.9,375,23118.65,375,750,13334100
NIFTY-I.NFO,04/04/2025,09:26:53,23116.2,23116,900,23118,75,825,13334100
NIFTY-I.NFO,04/04/2025,09:26:54,23122.75,23119.4,150,23121.25,150,2700,13334100
NIFTY-I.NFO,04/04/2025,09:26:56,23120.1,23120.2,1125,23121.25,75,675,13334100
NIFTY-I.NFO,04/04/2025,09:26:58,23123,23121.3,825,23122,75,375,13334100
NIFTY-I.NFO,04/04/2025,09:26:59,23124.4,23123.3,750,23125,3375,900,13334100
NIFTY-I.NFO,04/04/2025,09:27:01,23123,23122.95,75,23123,1350,2475,13334100
NIFTY-I.NFO,04/04/2025,09:27:03,23122.6,23122.95,150,23125,1800,3825,13334100
NIFTY-I.NFO,04/04/2025,09:27:04,23125,23122.75,150,23125,1425,750,13334100
NIFTY-I.NFO,04/04/2025,09:27:06,23125.5,23124.35,150,23126,75,2025,13334100
NIFTY-I.NFO,04/04/2025,09:27:08,23126,23126,75,23126.5,450,2325,13334100
NIFTY-I.NFO,04/04/2025,09:27:09,23125,23123,75,23124,75,1875,13334100
NIFTY-I.NFO,04/04/2025,09:27:11,23121.65,23121.65,75,23126.55,375,975,13334100
NIFTY-I.NFO,04/04/2025,09:27:13,23126.5,23125.55,150,23126.05,225,2625,13334100
NIFTY-I.NFO,04/04/2025,09:27:14,23125,23123.05,150,23123.95,375,2175,13334100
NIFTY-I.NFO,04/04/2025,09:27:16,23121.95,23121,825,23122.25,375,1350,13334100
NIFTY-I.NFO,04/04/2025,09:27:18,23121.45,23118.55,75,23121.4,375,1500,13334100
NIFTY-I.NFO,04/04/2025,09:27:19,23119.75,23118.1,75,23119.25,75,750,13334100
NIFTY-I.NFO,04/04/2025,09:27:21,23115.2,23115.2,525,23119.25,75,3375,13334100
NIFTY-I.NFO,04/04/2025,09:27:23,23117.6,23115,150,23117.4,375,2475,13334100
NIFTY-I.NFO,04/04/2025,09:27:24,23117.55,23115,150,23116.5,600,450,13334100
NIFTY-I.NFO,04/04/2025,09:27:26,23118.15,23114.1,300,23117.5,750,1350,13334100
NIFTY-I.NFO,04/04/2025,09:27:28,23117.05,23113,75,23114.1,150,600,13334100
NIFTY-I.NFO,04/04/2025,09:27:29,23114.1,23111.5,75,23115.6,375,750,13360875
NIFTY-I.NFO,04/04/2025,09:27:31,23115.7,23115.7,150,23117.05,225,1575,13360875
NIFTY-I.NFO,04/04/2025,09:27:33,23115,23114.9,300,23115,225,1425,13360875
NIFTY-I.NFO,04/04/2025,09:27:34,23117.7,23116.15,75,23117.7,525,300,13360875
NIFTY-I.NFO,04/04/2025,09:27:36,23116,23115.95,300,23117,225,2325,13360875
NIFTY-I.NFO,04/04/2025,09:27:38,23117.95,23116.4,1050,23118,75,975,13360875
NIFTY-I.NFO,04/04/2025,09:27:39,23119,23118.05,450,23120,75,525,13360875
NIFTY-I.NFO,04/04/2025,09:27:41,23118.3,23118.2,450,23120,450,225,13360875
NIFTY-I.NFO,04/04/2025,09:27:43,23120,23119.7,600,23121.8,75,600,13360875
NIFTY-I.NFO,04/04/2025,09:27:44,23125,23122.7,300,23125,1125,1050,13360875
NIFTY-I.NFO,04/04/2025,09:27:46,23125,23124.4,75,23125,1050,1050,13360875
NIFTY-I.NFO,04/04/2025,09:27:48,23122,23120.55,600,23122,75,975,13360875
NIFTY-I.NFO,04/04/2025,09:27:49,23123.55,23120,225,23123.5,300,525,13360875
NIFTY-I.NFO,04/04/2025,09:27:51,23123.05,23123.55,75,23124,75,375,13360875
NIFTY-I.NFO,04/04/2025,09:27:53,23120.25,23120,525,23124.4,75,525,13360875
NIFTY-I.NFO,04/04/2025,09:27:54,23122.5,23120,75,23120.95,75,675,13360875
NIFTY-I.NFO,04/04/2025,09:27:56,23120,23117.7,1050,23122.45,75,1425,13360875
NIFTY-I.NFO,04/04/2025,09:27:58,23117.7,23117.7,675,23120,75,750,13360875
NIFTY-I.NFO,04/04/2025,09:27:59,23120,23116,75,23120.2,150,1650,13360875
NIFTY-I.NFO,04/04/2025,09:28:01,23121.9,23115.7,375,23121.15,375,1650,13360875
NIFTY-I.NFO,04/04/2025,09:28:03,23119.95,23115.35,75,23117,225,1200,13360875
NIFTY-I.NFO,04/04/2025,09:28:04,23115.05,23115,150,23117,150,525,13360875
NIFTY-I.NFO,04/04/2025,09:28:06,23113.8,23112.75,75,23117.75,75,1575,13360875
NIFTY-I.NFO,04/04/2025,09:28:08,23118.75,23115,75,23119.35,75,825,13360875
NIFTY-I.NFO,04/04/2025,09:28:09,23115,23111.7,75,23117.3,300,225,13360875
NIFTY-I.NFO,04/04/2025,09:28:11,23115,23115,975,23118.65,300,675,13360875
NIFTY-I.NFO,04/04/2025,09:28:13,23115.1,23115.05,75,23117.3,300,975,13360875
NIFTY-I.NFO,04/04/2025,09:28:14,23117.05,23115.05,375,23117.35,150,300,13360875
NIFTY-I.NFO,04/04/2025,09:28:16,23111.4,23112.05,750,23118,300,8100,13360875
NIFTY-I.NFO,04/04/2025,09:28:18,23110.9,23114.85,225,23118.25,150,12300,13360875
NIFTY-I.NFO,04/04/2025,09:28:19,23117.25,23111.2,75,23117.1,150,825,13360875
NIFTY-I.NFO,04/04/2025,09:28:21,23115,23115.65,75,23117.1,225,600,13360875
NIFTY-I.NFO,04/04/2025,09:28:23,23115.65,23115,375,23115.65,150,450,13360875
NIFTY-I.NFO,04/04/2025,09:28:24,23115.5,23111.55,75,23116.1,375,900,13360875
NIFTY-I.NFO,04/04/2025,09:28:26,23111.5,23112,75,23115,75,525,13360875
NIFTY-I.NFO,04/04/2025,09:28:28,23116.5,23116.1,75,23117,225,525,13360875
NIFTY-I.NFO,04/04/2025,09:28:29,23115.05,23110.9,75,23113,975,2250,13360875
NIFTY-I.NFO,04/04/2025,09:28:31,23110,23110.25,150,23113,525,7275,13360875
NIFTY-I.NFO,04/04/2025,09:28:33,23114.85,23114.7,225,23118.95,75,3675,13360875
NIFTY-I.NFO,04/04/2025,09:28:34,23119.7,23117.9,225,23120,75,1725,13360875
NIFTY-I.NFO,04/04/2025,09:28:36,23120.05,23120.1,225,23124,75,1500,13360875
NIFTY-I.NFO,04/04/2025,09:28:38,23117.15,23117.25,225,23117.6,300,1125,13360875
NIFTY-I.NFO,04/04/2025,09:28:39,23125,23120.6,225,23125,150,750,13360875
NIFTY-I.NFO,04/04/2025,09:28:41,23120.5,23120.5,75,23124,375,900,13360875
NIFTY-I.NFO,04/04/2025,09:28:43,23125.25,23120.35,225,23125.25,450,1800,13360875
NIFTY-I.NFO,04/04/2025,09:28:44,23119.75,23118.35,225,23120,75,675,13360875
NIFTY-I.NFO,04/04/2025,09:28:46,23121.6,23121.6,300,23125,150,450,13360875
NIFTY-I.NFO,04/04/2025,09:28:48,23125,23125,75,23126,1200,675,13360875
NIFTY-I.NFO,04/04/2025,09:28:49,23125,23121.55,225,23125,75,2325,13360875
NIFTY-I.NFO,04/04/2025,09:28:51,23129.8,23128.7,225,23129.9,1725,3975,13360875
NIFTY-I.NFO,04/04/2025,09:28:53,23126.3,23126.3,600,23129.9,1575,3900,13360875
NIFTY-I.NFO,04/04/2025,09:28:54,23128.7,23128.05,300,23128.7,150,3675,13360875
NIFTY-I.NFO,04/04/2025,09:28:56,23127.5,23127.5,300,23128.7,1500,1200,13360875
NIFTY-I.NFO,04/04/2025,09:28:58,23126,23125,150,23128.7,1125,825,13360875
NIFTY-I.NFO,04/04/2025,09:28:59,23133.5,23132,375,23133.9,300,5700,13360875
NIFTY-I.NFO,04/04/2025,09:29:01,23129.7,23125.05,150,23129.4,525,12225,13360875
NIFTY-I.NFO,04/04/2025,09:29:03,23125,23123.4,150,23125,225,3600,13360875
NIFTY-I.NFO,04/04/2025,09:29:04,23131.45,23125.1,75,23131.15,300,4575,13360875
NIFTY-I.NFO,04/04/2025,09:29:06,23131.1,23130.85,150,23132.8,75,18225,13360875
NIFTY-I.NFO,04/04/2025,09:29:08,23134,23130,14850,23134.15,525,600,13360875
NIFTY-I.NFO,04/04/2025,09:29:09,23130,23130,2475,23130.6,75,12825,13360875
NIFTY-I.NFO,04/04/2025,09:29:11,23130.6,23130.1,150,23130.6,150,750,13360875
NIFTY-I.NFO,04/04/2025,09:29:13,23132.9,23130,2400,23131.75,75,3225,13360875
NIFTY-I.NFO,04/04/2025,09:29:15,23132.4,23130.15,150,23132.4,75,300,13360875
NIFTY-I.NFO,04/04/2025,09:29:16,23133,23131.4,150,23133.7,375,450,13360875
NIFTY-I.NFO,04/04/2025,09:29:18,23133.7,23133.35,300,23133.6,75,300,13360875
NIFTY-I.NFO,04/04/2025,09:29:20,23135.05,23133.7,75,23135.5,525,1200,13360875
NIFTY-I.NFO,04/04/2025,09:29:21,23137,23133.8,150,23137.95,600,1875,13360875
NIFTY-I.NFO,04/04/2025,09:29:23,23135.55,23135.55,225,23137.8,75,750,13360875
NIFTY-I.NFO,04/04/2025,09:29:25,23138,23137.85,75,23138,1500,675,13360875
NIFTY-I.NFO,04/04/2025,09:29:26,23132.4,23131.9,75,23135,900,3075,13360875
NIFTY-I.NFO,04/04/2025,09:29:28,23134.7,23131,75,23133.15,825,675,13360875
NIFTY-I.NFO,04/04/2025,09:29:30,23130.6,23130.6,2925,23133.1,600,5625,13360875
NIFTY-I.NFO,04/04/2025,09:29:31,23130.85,23128.1,75,23130.4,300,3750,13360875
NIFTY-I.NFO,04/04/2025,09:29:33,23129.8,23125.05,75,23129.8,825,1350,13360875
NIFTY-I.NFO,04/04/2025,09:29:35,23129.8,23125,825,23128.2,150,6600,13360875
NIFTY-I.NFO,04/04/2025,09:29:36,23129,23124.7,75,23128.95,75,1500,13360875
NIFTY-I.NFO,04/04/2025,09:29:38,23120.1,23125,75,23126.45,150,750,13360875
NIFTY-I.NFO,04/04/2025,09:29:40,23126.45,23120.45,150,23126.2,525,375,13360875
NIFTY-I.NFO,04/04/2025,09:29:41,23120.75,23121.35,150,23125,150,450,13360875
NIFTY-I.NFO,04/04/2025,09:29:43,23126.2,23123.05,300,23126.65,75,375,13360875
NIFTY-I.NFO,04/04/2025,09:29:45,23129,23126.9,75,23129,150,750,13360875
NIFTY-I.NFO,04/04/2025,09:29:46,23128.4,23122.95,75,23129,75,150,13360875
NIFTY-I.NFO,04/04/2025,09:29:48,23129.8,23126.4,225,23129.8,75,825,13360875
NIFTY-I.NFO,04/04/2025,09:29:49,23129.9,23129.85,225,23129.9,1650,300,13360875
NIFTY-I.NFO,04/04/2025,09:29:51,23132.2,23133.05,75,23135,375,3075,13360875
NIFTY-I.NFO,04/04/2025,09:29:53,23135.3,23135,75,23138,1050,1125,13360875
NIFTY-I.NFO,04/04/2025,09:29:54,23134.1,23134.7,675,23138.95,150,1350,13360875
NIFTY-I.NFO,04/04/2025,09:29:56,23136.35,23137.2,75,23139,525,3825,13360875
NIFTY-I.NFO,04/04/2025,09:29:58,23139.05,23136.7,450,23139.4,75,975,13360875
NIFTY-I.NFO,04/04/2025,09:29:59,23136.75,23135.75,675,23139.35,600,525,13360875
NIFTY-I.NFO,04/04/2025,09:30:01,23139.3,23136.25,75,23139.3,150,1500,13360875
NIFTY-I.NFO,04/04/2025,09:30:03,23136.3,23136.2,750,23138.85,75,2475,13360875
NIFTY-I.NFO,04/04/2025,09:30:04,23139.6,23139.6,225,23139.95,150,1800,13360875
NIFTY-I.NFO,04/04/2025,09:30:06,23137.4,23135,150,23136.2,225,1575,13360875
NIFTY-I.NFO,04/04/2025,09:30:08,23135,23130,75,23135,600,300,13360875
NIFTY-I.NFO,04/04/2025,09:30:09,23135,23131.7,75,23135,750,600,13360875
NIFTY-I.NFO,04/04/2025,09:30:11,23128.4,23128.8,75,23130,3075,1050,13360875
NIFTY-I.NFO,04/04/2025,09:30:13,23131.5,23131.5,450,23133.4,75,3375,13360875
NIFTY-I.NFO,04/04/2025,09:30:14,23131.9,23132.3,450,23133.4,375,1425,13360875
NIFTY-I.NFO,04/04/2025,09:30:16,23132.5,23131.5,75,23133.35,75,450,13360875
NIFTY-I.NFO,04/04/2025,09:30:18,23133.35,23131,75,23131.25,75,600,13360875
NIFTY-I.NFO,04/04/2025,09:30:19,23133.4,23130.4,525,23135,600,2025,13360875
NIFTY-I.NFO,04/04/2025,09:30:21,23129.5,23128.85,75,23129.55,150,975,13360875
NIFTY-I.NFO,04/04/2025,09:30:23,23125,23125,75,23127.95,150,600,13360875
NIFTY-I.NFO,04/04/2025,09:30:24,23124.3,23124,525,23128,75,2625,13360875
NIFTY-I.NFO,04/04/2025,09:30:26,23131,23127.3,525,23131,750,1125,13360875
NIFTY-I.NFO,04/04/2025,09:30:28,23130,23130,75,23131,675,150,13360875
NIFTY-I.NFO,04/04/2025,09:30:29,23131,23128.1,150,23131,375,1350,13397850
NIFTY-I.NFO,04/04/2025,09:30:31,23131,23130.25,600,23131,225,1125,13397850
NIFTY-I.NFO,04/04/2025,09:30:33,23133,23131,375,23133,450,975,13397850
NIFTY-I.NFO,04/04/2025,09:30:34,23136.35,23136.5,75,23138,75,2250,13397850
NIFTY-I.NFO,04/04/2025,09:30:36,23137.55,23138.8,150,23139,75,600,13397850
NIFTY-I.NFO,04/04/2025,09:30:38,23140,23139.25,300,23144.4,150,2850,13397850
NIFTY-I.NFO,04/04/2025,09:30:39,23144.4,23141.3,75,23144.4,150,4500,13397850
NIFTY-I.NFO,04/04/2025,09:30:41,23145.2,23142.2,75,23145.85,300,1200,13397850
NIFTY-I.NFO,04/04/2025,09:30:43,23144.15,23140,75,23144.15,225,1125,13397850
NIFTY-I.NFO,04/04/2025,09:30:44,23144,23139.95,75,23143.3,150,675,13397850
NIFTY-I.NFO,04/04/2025,09:30:46,23140,23136.55,225,23140.55,450,1050,13397850
NIFTY-I.NFO,04/04/2025,09:30:48,23139.25,23133.5,150,23139.8,450,825,13397850
NIFTY-I.NFO,04/04/2025,09:30:49,23139.3,23133.05,75,23139.25,375,900,13397850
NIFTY-I.NFO,04/04/2025,09:30:51,23136.55,23133.55,300,23138,75,150,13397850
NIFTY-I.NFO,04/04/2025,09:30:53,23131,23130.75,150,23136.9,225,525,13397850
NIFTY-I.NFO,04/04/2025,09:30:54,23134.15,23134.15,75,23137.6,75,375,13397850
NIFTY-I.NFO,04/04/2025,09:30:56,23135.15,23134.3,300,23137.6,75,975,13397850
NIFTY-I.NFO,04/04/2025,09:30:58,23140.25,23135,75,23140.15,150,300,13397850
NIFTY-I.NFO,04/04/2025,09:30:59,23134.4,23134.5,225,23141.6,225,1950,13397850
NIFTY-I.NFO,04/04/2025,09:31:01,23134.4,23134.35,75,23135.15,150,0,13397850
NIFTY-I.NFO,04/04/2025,09:31:03,23136,23133.85,225,23136,450,900,13397850
NIFTY-I.NFO,04/04/2025,09:31:04,23134.5,23135.05,75,23135.95,525,525,13397850
NIFTY-I.NFO,04/04/2025,09:31:06,23135.95,23135,75,23135.95,375,375,13397850
NIFTY-I.NFO,04/04/2025,09:31:08,23136,23135.95,75,23136,75,1275,13397850
NIFTY-I.NFO,04/04/2025,09:31:09,23140,23140.05,75,23142.2,75,750,13397850
NIFTY-I.NFO,04/04/2025,09:31:11,23144,23139.35,75,23144,75,600,13397850
NIFTY-I.NFO,04/04/2025,09:31:13,23141.7,23140,75,23144.4,150,750,13397850
NIFTY-I.NFO,04/04/2025,09:31:14,23143.7,23137.8,300,23144,75,1275,13397850
NIFTY-I.NFO,04/04/2025,09:31:16,23136.05,23136.05,375,23137.8,75,375,13397850
NIFTY-I.NFO,04/04/2025,09:31:18,23143.2,23137.1,675,23143.25,450,675,13397850
NIFTY-I.NFO,04/04/2025,09:31:20,23143.25,23136.9,375,23143.25,525,150,13397850
NIFTY-I.NFO,04/04/2025,09:31:21,23140,23136.05,75,23140.95,150,675,13397850
NIFTY-I.NFO,04/04/2025,09:31:23,23135.05,23135,300,23139.8,300,975,13397850
NIFTY-I.NFO,04/04/2025,09:31:25,23139.75,23135,225,23139.4,150,525,13397850
NIFTY-I.NFO,04/04/2025,09:31:26,23137.4,23131.6,375,23138.2,225,750,13397850
NIFTY-I.NFO,04/04/2025,09:31:28,23138.15,23132.6,375,23135,75,750,13397850
NIFTY-I.NFO,04/04/2025,09:31:30,23135,23132.05,75,23138.1,75,375,13397850
NIFTY-I.NFO,04/04/2025,09:31:31,23139.35,23135,75,23139.35,150,1875,13397850
NIFTY-I.NFO,04/04/2025,09:31:33,23139.35,23133.15,300,23139.35,150,375,13397850
NIFTY-I.NFO,04/04/2025,09:31:35,23135,23132.4,450,23135,150,225,13397850
NIFTY-I.NFO,04/04/2025,09:31:36,23135,23132,225,23135,450,525,13397850
NIFTY-I.NFO,04/04/2025,09:31:38,23132,23131.1,225,23134.95,75,525,13397850
NIFTY-I.NFO,04/04/2025,09:31:40,23137,23131.1,150,23135.15,225,600,13397850
NIFTY-I.NFO,04/04/2025,09:31:41,23131.05,23131,150,23135.05,75,1350,13397850
NIFTY-I.NFO,04/04/2025,09:31:43,23131,23130,1800,23134.4,225,300,13397850
NIFTY-I.NFO,04/04/2025,09:31:45,23130,23130,1425,23133.5,150,600,13397850
NIFTY-I.NFO,04/04/2025,09:31:46,23130,23130,975,23132.95,75,600,13397850
NIFTY-I.NFO,04/04/2025,09:31:48,23130.25,23126.3,600,23130.65,300,1575,13397850
NIFTY-I.NFO,04/04/2025,09:31:49,23129.35,23125,600,23129.3,150,1125,13397850
NIFTY-I.NFO,04/04/2025,09:31:51,23127.35,23125,75,23128.65,225,1125,13397850
NIFTY-I.NFO,04/04/2025,09:31:53,23126.85,23122.85,375,23127.9,300,825,13397850
NIFTY-I.NFO,04/04/2025,09:31:54,23121.05,23121.05,150,23127.35,150,300,13397850
NIFTY-I.NFO,04/04/2025,09:31:56,23127.3,23121.75,150,23127.15,150,900,13397850
NIFTY-I.NFO,04/04/2025,09:31:58,23127.1,23124.5,150,23127.15,825,450,13397850
NIFTY-I.NFO,04/04/2025,09:31:59,23122,23122,75,23126.95,75,2175,13397850
NIFTY-I.NFO,04/04/2025,09:32:01,23122.05,23122.5,675,23126.85,75,900,13397850
NIFTY-I.NFO,04/04/2025,09:32:03,23121.45,23122,75,23126.85,225,1575,13397850
NIFTY-I.NFO,04/04/2025,09:32:04,23122.1,23122,75,23126.85,150,300,13397850
NIFTY-I.NFO,04/04/2025,09:32:06,23122,23121.4,75,23124.25,75,450,13397850
NIFTY-I.NFO,04/04/2025,09:32:08,23120.1,23120.1,750,23123.3,225,4350,13397850
NIFTY-I.NFO,04/04/2025,09:32:09,23120,23120,600,23120.85,225,3600,13397850
NIFTY-I.NFO,04/04/2025,09:32:11,23121.8,23123.5,75,23126.4,150,2325,13397850
NIFTY-I.NFO,04/04/2025,09:32:13,23122.5,23122.5,150,23125,75,525,13397850
NIFTY-I.NFO,04/04/2025,09:32:14,23123,23120,525,23124.25,150,375,13397850
NIFTY-I.NFO,04/04/2025,09:32:16,23118.25,23118.85,75,23124.25,300,1275,13397850
NIFTY-I.NFO,04/04/2025,09:32:18,23118.2,23120,75,23123.4,75,375,13397850
NIFTY-I.NFO,04/04/2025,09:32:19,23123.35,23119.8,525,23123.35,225,300,13397850
NIFTY-I.NFO,04/04/2025,09:32:21,23125,23120.2,900,23125,75,825,13397850
NIFTY-I.NFO,04/04/2025,09:32:23,23120.35,23120.4,375,23125,600,975,13397850
NIFTY-I.NFO,04/04/2025,09:32:24,23125,23122,450,23124.95,75,75,13397850
NIFTY-I.NFO,04/04/2025,09:32:26,23122.05,23122.05,225,23125,75,900,13397850
NIFTY-I.NFO,04/04/2025,09:32:28,23123.2,23123.4,750,23125,75,450,13397850
NIFTY-I.NFO,04/04/2025,09:32:29,23125.05,23125.6,225,23128.95,150,1650,13397850
NIFTY-I.NFO,04/04/2025,09:32:31,23128.6,23128.1,225,23130,450,975,13397850
NIFTY-I.NFO,04/04/2025,09:32:33,23127.55,23127.1,225,23130,450,450,13397850
NIFTY-I.NFO,04/04/2025,09:32:34,23127.05,23126.8,225,23130.75,75,900,13397850
NIFTY-I.NFO,04/04/2025,09:32:36,23130,23127.75,75,23130.6,75,150,13397850
NIFTY-I.NFO,04/04/2025,09:32:38,23127.75,23127.55,150,23129.55,150,1050,13397850
NIFTY-I.NFO,04/04/2025,09:32:39,23125,23122.35,75,23126.5,150,900,13397850
NIFTY-I.NFO,04/04/2025,09:32:41,23122.05,23122.05,75,23122.5,150,300,13397850
NIFTY-I.NFO,04/04/2025,09:32:43,23122.05,23120.05,300,23122.05,75,75,13397850
NIFTY-I.NFO,04/04/2025,09:32:44,23125,23124.9,225,23128,150,900,13397850
NIFTY-I.NFO,04/04/2025,09:32:46,23124.25,23124,300,23127.95,75,225,13397850
NIFTY-I.NFO,04/04/2025,09:32:48,23127.95,23124.15,75,23127,150,450,13397850
NIFTY-I.NFO,04/04/2025,09:32:49,23128,23126.15,300,23130,450,975,13397850
NIFTY-I.NFO,04/04/2025,09:32:51,23131.25,23127.8,375,23132,225,825,13397850
NIFTY-I.NFO,04/04/2025,09:32:53,23127,23125.95,150,23131.05,300,525,13397850
NIFTY-I.NFO,04/04/2025,09:32:54,23125.5,23125,225,23130.25,150,1275,13397850
NIFTY-I.NFO,04/04/2025,09:32:56,23129,23125.2,300,23130,150,675,13397850
NIFTY-I.NFO,04/04/2025,09:32:58,23130,23127.6,375,23130,225,525,13397850
NIFTY-I.NFO,04/04/2025,09:32:59,23134,23134.35,600,23135,150,1800,13397850
NIFTY-I.NFO,04/04/2025,09:33:01,23135,23135,300,23136,225,300,13397850
NIFTY-I.NFO,04/04/2025,09:33:03,23135.95,23133.75,225,23136,150,1125,13397850
NIFTY-I.NFO,04/04/2025,09:33:04,23135.55,23135.55,900,23138.8,150,675,13397850
NIFTY-I.NFO,04/04/2025,09:33:06,23143.7,23140,300,23143.6,75,4725,13397850
NIFTY-I.NFO,04/04/2025,09:33:08,23145,23143.55,75,23145,525,3300,13397850
NIFTY-I.NFO,04/04/2025,09:33:09,23147.75,23146.4,75,23147.75,75,1050,13397850
NIFTY-I.NFO,04/04/2025,09:33:11,23147.8,23145,75,23147.25,600,525,13397850
NIFTY-I.NFO,04/04/2025,09:33:13,23149,23145,75,23149,1725,1650,13397850
NIFTY-I.NFO,04/04/2025,09:33:14,23147.2,23147.6,75,23149.7,375,1950,13397850
NIFTY-I.NFO,04/04/2025,09:33:16,23147.8,23147.8,75,23149.55,300,450,13397850
NIFTY-I.NFO,04/04/2025,09:33:18,23149.7,23149.15,225,23149.7,225,525,13397850
NIFTY-I.NFO,04/04/2025,09:33:20,23153.85,23155.95,300,23159.25,75,14850,13397850
NIFTY-I.NFO,04/04/2025,09:33:21,23159.3,23154.15,75,23159.6,450,1125,13397850
NIFTY-I.NFO,04/04/2025,09:33:23,23160,23157.7,300,23160,1650,675,13397850
NIFTY-I.NFO,04/04/2025,09:33:25,23160,23160.05,300,23161,75,1800,13397850
NIFTY-I.NFO,04/04/2025,09:33:26,23165,23163.55,75,23167.95,150,6675,13397850
NIFTY-I.NFO,04/04/2025,09:33:28,23162.2,23162.15,75,23164.9,150,825,13397850
NIFTY-I.NFO,04/04/2025,09:33:30,23164.05,23157.9,300,23164.1,450,1800,13410900
NIFTY-I.NFO,04/04/2025,09:33:31,23159.4,23158.5,150,23165.55,75,2025,13410900
NIFTY-I.NFO,04/04/2025,09:33:33,23164,23159.75,75,23165,75,525,13410900
NIFTY-I.NFO,04/04/2025,09:33:35,23165,23165.4,150,23167.8,225,1350,13410900
NIFTY-I.NFO,04/04/2025,09:33:36,23165.1,23165.1,75,23167,75,525,13410900
NIFTY-I.NFO,04/04/2025,09:33:38,23168.7,23167.8,150,23168.7,975,1350,13410900
NIFTY-I.NFO,04/04/2025,09:33:40,23172,23169.55,1125,23172,75,3000,13410900
NIFTY-I.NFO,04/04/2025,09:33:41,23174,23171.65,375,23174,1275,825,13410900
NIFTY-I.NFO,04/04/2025,09:33:43,23174,23172,225,23172.9,75,1125,13410900
NIFTY-I.NFO,04/04/2025,09:33:45,23166.05,23166.05,300,23171.8,150,1200,13410900
NIFTY-I.NFO,04/04/2025,09:33:46,23166.15,23166.15,900,23169.95,75,4875,13410900
NIFTY-I.NFO,04/04/2025,09:33:48,23172,23169.5,825,23172,75,1650,13410900
NIFTY-I.NFO,04/04/2025,09:33:50,23165.3,23166.9,750,23170.9,75,1650,13410900
NIFTY-I.NFO,04/04/2025,09:33:51,23174,23168.65,600,23174.95,150,3075,13410900
NIFTY-I.NFO,04/04/2025,09:33:53,23169.95,23173.95,75,23174.95,375,1950,13410900
NIFTY-I.NFO,04/04/2025,09:33:55,23172.5,23172.45,150,23175.4,225,975,13410900
NIFTY-I.NFO,04/04/2025,09:33:56,23174.95,23174.55,825,23175.4,375,675,13410900
NIFTY-I.NFO,04/04/2025,09:33:58,23182,23182,450,23183.4,150,6075,13410900
NIFTY-I.NFO,04/04/2025,09:34:00,23179,23179.6,450,23183.4,75,10650,13410900
NIFTY-I.NFO,04/04/2025,09:34:01,23181.75,23175.4,600,23179.8,225,675,13410900
NIFTY-I.NFO,04/04/2025,09:34:03,23182,23179.05,675,23182.05,75,1650,13410900
NIFTY-I.NFO,04/04/2025,09:34:05,23180.1,23178.45,75,23181.9,75,600,13410900
NIFTY-I.NFO,04/04/2025,09:34:06,23180,23177.9,75,23179.05,150,1425,13410900
NIFTY-I.NFO,04/04/2025,09:34:08,23181,23180,150,23181,75,750,13410900
NIFTY-I.NFO,04/04/2025,09:34:10,23176.15,23176.35,600,23179,150,4275,13410900
NIFTY-I.NFO,04/04/2025,09:34:11,23177.9,23176.75,75,23179.65,600,3675,13410900
NIFTY-I.NFO,04/04/2025,09:34:13,23178.1,23175,75,23178.65,225,2925,13410900
NIFTY-I.NFO,04/04/2025,09:34:15,23178.1,23174.9,75,23178.1,150,1500,13410900
NIFTY-I.NFO,04/04/2025,09:34:16,23178.1,23176,75,23178.1,225,450,13410900
NIFTY-I.NFO,04/04/2025,09:34:18,23175,23175,75,23178.1,750,975,13410900
NIFTY-I.NFO,04/04/2025,09:34:20,23177.9,23176.95,675,23177.9,375,675,13410900
NIFTY-I.NFO,04/04/2025,09:34:21,23176.85,23178.1,75,23178.85,150,2625,13410900
NIFTY-I.NFO,04/04/2025,09:34:23,23175,23175,150,23178.1,1200,900,13410900
NIFTY-I.NFO,04/04/2025,09:34:25,23175.2,23175.45,1200,23178,75,525,13410900
NIFTY-I.NFO,04/04/2025,09:34:26,23179,23179.2,300,23180,2475,2625,13410900
NIFTY-I.NFO,04/04/2025,09:34:28,23180,23178.85,150,23179.4,525,4425,13410900
NIFTY-I.NFO,04/04/2025,09:34:30,23181.75,23177,75,23180.6,150,5025,13410900
NIFTY-I.NFO,04/04/2025,09:34:31,23179.4,23175,525,23179,75,1425,13410900
NIFTY-I.NFO,04/04/2025,09:34:33,23178,23176,75,23180.5,375,825,13410900
NIFTY-I.NFO,04/04/2025,09:34:35,23179.85,23179.35,150,23180,150,150,13410900
NIFTY-I.NFO,04/04/2025,09:34:36,23176,23175.1,75,23177.8,225,450,13410900
NIFTY-I.NFO,04/04/2025,09:34:38,23177.2,23175,75,23177.8,375,375,13410900
NIFTY-I.NFO,04/04/2025,09:34:40,23177.7,23175.65,300,23178,75,525,13410900
NIFTY-I.NFO,04/04/2025,09:34:41,23180,23176.45,75,23180,900,300,13410900
NIFTY-I.NFO,04/04/2025,09:34:43,23179.95,23177.85,75,23180,900,225,13410900
NIFTY-I.NFO,04/04/2025,09:34:45,23180,23177.8,825,23180,375,900,13410900
NIFTY-I.NFO,04/04/2025,09:34:46,23180,23180,150,23181.9,75,900,13410900
NIFTY-I.NFO,04/04/2025,09:34:48,23191,23190.4,300,23191,525,9450,13410900
NIFTY-I.NFO,04/04/2025,09:34:49,23193.75,23191.6,1500,23194,525,1125,13410900
NIFTY-I.NFO,04/04/2025,09:34:51,23194.6,23194,75,23194.6,75,1275,13410900
NIFTY-I.NFO,04/04/2025,09:34:53,23194.9,23194,375,23194.9,1650,3675,13410900
NIFTY-I.NFO,04/04/2025,09:34:54,23193.75,23190.1,75,23193.25,300,1350,13410900
NIFTY-I.NFO,04/04/2025,09:34:56,23194,23189.9,300,23194,525,1575,13410900
NIFTY-I.NFO,04/04/2025,09:34:58,23192.05,23187.65,300,23192.8,300,1050,13410900
NIFTY-I.NFO,04/04/2025,09:34:59,23192.8,23190,75,23192.8,225,450,13410900
NIFTY-I.NFO,04/04/2025,09:35:01,23185.05,23184.95,375,23190,450,1425,13410900
NIFTY-I.NFO,04/04/2025,09:35:03,23188.7,23184.55,75,23188.4,300,2325,13410900
NIFTY-I.NFO,04/04/2025,09:35:04,23183.9,23184.05,150,23190.9,300,2625,13410900
NIFTY-I.NFO,04/04/2025,09:35:06,23184.55,23183.1,75,23189.5,450,1725,13410900
NIFTY-I.NFO,04/04/2025,09:35:08,23192.25,23186.2,150,23192.15,450,1425,13410900
NIFTY-I.NFO,04/04/2025,09:35:09,23193.4,23186.8,150,23193.35,450,900,13410900
NIFTY-I.NFO,04/04/2025,09:35:11,23190,23187.5,150,23193.25,75,1500,13410900
NIFTY-I.NFO,04/04/2025,09:35:13,23190,23190,75,23193.4,450,1275,13410900
NIFTY-I.NFO,04/04/2025,09:35:14,23189.5,23186.65,375,23189.5,525,1275,13410900
NIFTY-I.NFO,04/04/2025,09:35:16,23189.95,23185.05,675,23189.95,300,2775,13410900
NIFTY-I.NFO,04/04/2025,09:35:18,23188.65,23185.05,375,23188.65,300,1350,13410900
NIFTY-I.NFO,04/04/2025,09:35:20,23185.05,23185.05,225,23188.4,300,600,13410900
NIFTY-I.NFO,04/04/2025,09:35:21,23188.25,23185.05,150,23188.25,300,1050,13410900
NIFTY-I.NFO,04/04/2025,09:35:23,23183.25,23180,600,23183.25,300,3750,13410900
NIFTY-I.NFO,04/04/2025,09:35:25,23185.05,23180,525,23184.4,300,1650,13410900
NIFTY-I.NFO,04/04/2025,09:35:26,23180,23175,375,23180,975,1650,13410900
NIFTY-I.NFO,04/04/2025,09:35:28,23174.2,23175,150,23180,975,675,13410900
NIFTY-I.NFO,04/04/2025,09:35:30,23175,23175,150,23179.95,150,2700,13410900
NIFTY-I.NFO,04/04/2025,09:35:31,23173,23172.85,75,23175,75,1125,13410900
NIFTY-I.NFO,04/04/2025,09:35:33,23171.1,23171,150,23172.75,75,1125,13410900
NIFTY-I.NFO,04/04/2025,09:35:35,23172.75,23171,150,23174,75,300,13410900
NIFTY-I.NFO,04/04/2025,09:35:36,23171,23170,150,23173.5,300,675,13410900
NIFTY-I.NFO,04/04/2025,09:35:38,23171,23170,75,23171,225,450,13410900
NIFTY-I.NFO,04/04/2025,09:35:40,23174.55,23172.05,525,23175,1200,1200,13410900
NIFTY-I.NFO,04/04/2025,09:35:41,23175,23174,300,23175,1125,375,13410900
NIFTY-I.NFO,04/04/2025,09:35:43,23174.45,23174,75,23176.5,75,2400,13410900
NIFTY-I.NFO,04/04/2025,09:35:45,23176.5,23172.8,75,23176.5,75,450,13410900
NIFTY-I.NFO,04/04/2025,09:35:46,23176.5,23173.85,75,23176.5,225,150,13410900
NIFTY-I.NFO,04/04/2025,09:35:48,23178,23177.35,300,23178,75,2175,13410900
NIFTY-I.NFO,04/04/2025,09:35:49,23181,23180.35,300,23182,150,1650,13410900
NIFTY-I.NFO,04/04/2025,09:35:51,23182,23181.95,375,23185,150,300,13410900
NIFTY-I.NFO,04/04/2025,09:35:53,23181.95,23181.6,150,23183.95,150,225,13410900
NIFTY-I.NFO,04/04/2025,09:35:54,23185,23182,375,23185,150,675,13410900
NIFTY-I.NFO,04/04/2025,09:35:56,23185,23184,1200,23185,75,300,13410900
NIFTY-I.NFO,04/04/2025,09:35:58,23184.05,23184,1200,23185,75,225,13410900
NIFTY-I.NFO,04/04/2025,09:35:59,23189.9,23187,4425,23189.9,600,6975,13410900
NIFTY-I.NFO,04/04/2025,09:36:01,23185,23180.6,150,23185,1350,4800,13410900
NIFTY-I.NFO,04/04/2025,09:36:03,23185,23180.95,150,23185,1725,300,13410900
NIFTY-I.NFO,04/04/2025,09:36:04,23185,23182.6,75,23185,975,1200,13410900
NIFTY-I.NFO,04/04/2025,09:36:06,23185.1,23185.25,75,23186.95,150,1575,13410900
NIFTY-I.NFO,04/04/2025,09:36:08,23187,23186.8,375,23188,150,2325,13410900
NIFTY-I.NFO,04/04/2025,09:36:09,23187.95,23185.1,75,23188,150,450,13410900
NIFTY-I.NFO,04/04/2025,09:36:11,23187.9,23185,225,23188,225,300,13410900
NIFTY-I.NFO,04/04/2025,09:36:13,23184.95,23184.95,375,23186.95,75,450,13410900
NIFTY-I.NFO,04/04/2025,09:36:14,23186.55,23182.05,525,23185.8,150,750,13410900
NIFTY-I.NFO,04/04/2025,09:36:16,23182.05,23180,225,23184.35,150,750,13410900
NIFTY-I.NFO,04/04/2025,09:36:18,23180.1,23181.55,150,23184.35,300,525,13410900
NIFTY-I.NFO,04/04/2025,09:36:19,23186.65,23180,225,23184.35,300,1125,13410900
NIFTY-I.NFO,04/04/2025,09:36:21,23180,23178,300,23180,75,300,13410900
NIFTY-I.NFO,04/04/2025,09:36:23,23179.45,23178,225,23180,225,375,13410900
NIFTY-I.NFO,04/04/2025,09:36:24,23180,23178,150,23180,675,225,13410900
NIFTY-I.NFO,04/04/2025,09:36:26,23177,23177,1725,23179.95,375,825,13410900
NIFTY-I.NFO,04/04/2025,09:36:28,23177,23177,1575,23179.55,75,300,13410900
NIFTY-I.NFO,04/04/2025,09:36:29,23179.55,23177,1500,23179.55,375,300,13410900
NIFTY-I.NFO,04/04/2025,09:36:31,23180,23180,2400,23182.2,75,1950,13398750
NIFTY-I.NFO,04/04/2025,09:36:33,23180,23180,2025,23182.2,75,300,13398750
NIFTY-I.NFO,04/04/2025,09:36:34,23180,23181.3,450,23185,150,1050,13398750
NIFTY-I.NFO,04/04/2025,09:36:36,23185,23185,225,23187.9,450,750,13398750
NIFTY-I.NFO,04/04/2025,09:36:38,23188,23185,150,23188,150,675,13398750
NIFTY-I.NFO,04/04/2025,09:36:39,23186.4,23182.55,450,23188,300,300,13398750
NIFTY-I.NFO,04/04/2025,09:36:41,23189,23187.2,450,23187.9,75,825,13398750
NIFTY-I.NFO,04/04/2025,09:36:43,23188,23188,300,23189,75,825,13398750
NIFTY-I.NFO,04/04/2025,09:36:44,23189.55,23188.4,450,23190,2250,750,13398750
NIFTY-I.NFO,04/04/2025,09:36:46,23190,23188.9,75,23190,300,3450,13398750
NIFTY-I.NFO,04/04/2025,09:36:48,23193.75,23193,825,23193.75,750,3750,13398750
NIFTY-I.NFO,04/04/2025,09:36:49,23195.4,23195.4,150,23196,75,4575,13398750
NIFTY-I.NFO,04/04/2025,09:36:51,23204,23203,1275,23204.9,75,15075,13398750
NIFTY-I.NFO,04/04/2025,09:36:53,23205.55,23205.55,525,23206.6,75,3300,13398750
NIFTY-I.NFO,04/04/2025,09:36:54,23204,23202,1200,23205,150,825,13398750
NIFTY-I.NFO,04/04/2025,09:36:56,23204.95,23203,75,23205,150,825,13398750
NIFTY-I.NFO,04/04/2025,09:36:58,23207.9,23203,150,23204,225,525,13398750
NIFTY-I.NFO,04/04/2025,09:36:59,23202.25,23204.45,300,23206.25,750,900,13398750
NIFTY-I.NFO,04/04/2025,09:37:01,23203.55,23200,300,23204.4,75,2625,13398750
NIFTY-I.NFO,04/04/2025,09:37:03,23198.55,23198.05,150,23203.55,150,1950,13398750
NIFTY-I.NFO,04/04/2025,09:37:04,23204.25,23203.55,75,23204.25,300,525,13398750
NIFTY-I.NFO,04/04/2025,09:37:06,23202.25,23198.9,450,23204.15,75,675,13398750
NIFTY-I.NFO,04/04/2025,09:37:08,23199.9,23198.9,750,23203,75,1125,13398750
NIFTY-I.NFO,04/04/2025,09:37:09,23201.15,23198,375,23200.15,150,375,13398750
NIFTY-I.NFO,04/04/2025,09:37:11,23199.2,23193.55,375,23200.85,525,3150,13398750
NIFTY-I.NFO,04/04/2025,09:37:13,23197.8,23191.35,450,23197.55,300,150,13398750
NIFTY-I.NFO,04/04/2025,09:37:14,23191.1,23191.1,75,23195.1,75,150,13398750
NIFTY-I.NFO,04/04/2025,09:37:16,23191.35,23190,75,23196.3,150,825,13398750
NIFTY-I.NFO,04/04/2025,09:37:18,23195.6,23190,225,23195.6,225,600,13398750
NIFTY-I.NFO,04/04/2025,09:37:19,23190,23188.4,75,23190,1125,750,13398750
NIFTY-I.NFO,04/04/2025,09:37:21,23188.5,23187.2,375,23188,75,975,13398750
NIFTY-I.NFO,04/04/2025,09:37:23,23187.2,23187.7,150,23190,1425,675,13398750
NIFTY-I.NFO,04/04/2025,09:37:25,23190.1,23190.1,75,23194,375,2400,13398750
NIFTY-I.NFO,04/04/2025,09:37:26,23190.1,23190,75,23194,375,450,13398750
NIFTY-I.NFO,04/04/2025,09:37:28,23195.75,23188.35,450,23195.5,525,2475,13398750
NIFTY-I.NFO,04/04/2025,09:37:30,23192.65,23192.45,150,23194.75,75,3150,13398750
NIFTY-I.NFO,04/04/2025,09:37:31,23197.8,23196.3,75,23198,150,1050,13398750
NIFTY-I.NFO,04/04/2025,09:37:33,23193,23192.4,150,23197.95,150,450,13398750
NIFTY-I.NFO,04/04/2025,09:37:35,23191.55,23191,75,23196.45,150,1950,13398750
NIFTY-I.NFO,04/04/2025,09:37:36,23192,23191,75,23192.4,150,150,13398750
NIFTY-I.NFO,04/04/2025,09:37:38,23190,23190,75,23191,675,450,13398750
NIFTY-I.NFO,04/04/2025,09:37:40,23190,23190,225,23191,600,75,13398750
NIFTY-I.NFO,04/04/2025,09:37:41,23190.05,23190,75,23192.4,225,975,13398750
NIFTY-I.NFO,04/04/2025,09:37:43,23191.05,23191.05,225,23192.35,300,750,13398750
NIFTY-I.NFO,04/04/2025,09:37:45,23194,23192.85,225,23194,75,1425,13398750
NIFTY-I.NFO,04/04/2025,09:37:46,23192.2,23192.15,300,23197,375,2025,13398750
NIFTY-I.NFO,04/04/2025,09:37:48,23195.05,23193.95,300,23195.05,450,150,13398750
NIFTY-I.NFO,04/04/2025,09:37:50,23194,23193.35,300,23194,75,1875,13398750
NIFTY-I.NFO,04/04/2025,09:37:51,23197,23195.05,300,23197,75,2475,13398750
NIFTY-I.NFO,04/04/2025,09:37:53,23195.05,23194.15,150,23197,150,525,13398750
NIFTY-I.NFO,04/04/2025,09:37:55,23194.15,23193.65,450,23198,225,900,13398750
NIFTY-I.NFO,04/04/2025,09:37:56,23193.65,23192.4,75,23194,300,75,13398750
NIFTY-I.NFO,04/04/2025,09:37:58,23190.85,23191.95,75,23194,450,300,13398750
NIFTY-I.NFO,04/04/2025,09:38:00,23194.5,23194.55,300,23196,1800,1200,13398750
NIFTY-I.NFO,04/04/2025,09:38:01,23192.8,23190.75,75,23194.15,150,975,13398750
NIFTY-I.NFO,04/04/2025,09:38:03,23190.6,23187.2,300,23190.6,75,975,13398750
NIFTY-I.NFO,04/04/2025,09:38:05,23189.25,23185,225,23188.8,150,675,13398750
NIFTY-I.NFO,04/04/2025,09:38:06,23187.6,23184.75,375,23188.65,75,825,13398750
NIFTY-I.NFO,04/04/2025,09:38:08,23185,23181.6,75,23186.95,150,225,13398750
NIFTY-I.NFO,04/04/2025,09:38:10,23186.95,23182.65,75,23186.95,225,450,13398750
NIFTY-I.NFO,04/04/2025,09:38:11,23186.2,23181.6,75,23186.1,150,150,13398750
NIFTY-I.NFO,04/04/2025,09:38:13,23180.2,23180,1050,23181.6,75,600,13398750
NIFTY-I.NFO,04/04/2025,09:38:15,23186.2,23181.55,75,23187.95,300,675,13398750
NIFTY-I.NFO,04/04/2025,09:38:16,23182.6,23183.55,375,23185,75,225,13398750
NIFTY-I.NFO,04/04/2025,09:38:18,23183.6,23183.6,75,23185,150,1275,13398750
NIFTY-I.NFO,04/04/2025,09:38:20,23180,23180,525,23183.9,75,975,13398750
NIFTY-I.NFO,04/04/2025,09:38:21,23181.6,23180.45,75,23181.6,1350,375,13398750
NIFTY-I.NFO,04/04/2025,09:38:23,23180,23180.1,75,23181.6,525,1050,13398750
NIFTY-I.NFO,04/04/2025,09:38:25,23181.6,23180,225,23181.6,225,525,13398750
NIFTY-I.NFO,04/04/2025,09:38:26,23180,23180,900,23181.6,375,75,13398750
NIFTY-I.NFO,04/04/2025,09:38:28,23180,23180,150,23180.05,75,900,13398750
NIFTY-I.NFO,04/04/2025,09:38:30,23181,23180,525,23181,225,900,13398750
NIFTY-I.NFO,04/04/2025,09:38:31,23181,23180,75,23181,150,900,13398750
NIFTY-I.NFO,04/04/2025,09:38:33,23181,23181.05,300,23181.6,150,225,13398750
NIFTY-I.NFO,04/04/2025,09:38:35,23181,23181,300,23181.05,75,1500,13398750
NIFTY-I.NFO,04/04/2025,09:38:36,23181,23181,600,23181.6,450,150,13398750
NIFTY-I.NFO,04/04/2025,09:38:38,23182.6,23182.5,525,23184,75,825,13398750
NIFTY-I.NFO,04/04/2025,09:38:40,23184,23183.1,900,23184.95,75,75,13398750
NIFTY-I.NFO,04/04/2025,09:38:41,23185,23185.1,375,23189,75,975,13398750
NIFTY-I.NFO,04/04/2025,09:38:43,23185.9,23185.25,75,23189,75,225,13398750
NIFTY-I.NFO,04/04/2025,09:38:45,23189,23185.25,75,23188.15,375,150,13398750
NIFTY-I.NFO,04/04/2025,09:38:46,23185,23183.4,150,23185,8850,1425,13398750
NIFTY-I.NFO,04/04/2025,09:38:48,23185,23182.75,375,23185,7875,1125,13398750
NIFTY-I.NFO,04/04/2025,09:38:50,23183.55,23183,75,23185,7800,375,13398750
NIFTY-I.NFO,04/04/2025,09:38:51,23185,23184,75,23185,6000,2400,13398750
NIFTY-I.NFO,04/04/2025,09:38:53,23185,23183,75,23185,6075,300,13398750
NIFTY-I.NFO,04/04/2025,09:38:55,23183.55,23183,150,23184.95,75,75,13398750
NIFTY-I.NFO,04/04/2025,09:38:56,23183.55,23184,525,23184.95,150,0,13398750
NIFTY-I.NFO,04/04/2025,09:38:58,23185,23183,150,23185,5700,900,13398750
NIFTY-I.NFO,04/04/2025,09:39:00,23181.65,23181.65,525,23183.85,1425,600,13398750
NIFTY-I.NFO,04/04/2025,09:39:01,23184,23181.65,525,23183.9,300,225,13398750
NIFTY-I.NFO,04/04/2025,09:39:03,23181.65,23181.6,75,23181.65,225,750,13398750
NIFTY-I.NFO,04/04/2025,09:39:05,23181.7,23181.7,75,23183.85,300,600,13398750
NIFTY-I.NFO,04/04/2025,09:39:06,23181.6,23181.2,75,23183.1,1275,600,13398750
NIFTY-I.NFO,04/04/2025,09:39:08,23179.75,23177,1500,23179.75,75,2475,13398750
NIFTY-I.NFO,04/04/2025,09:39:10,23172,23171.6,75,23172,225,2325,13398750
NIFTY-I.NFO,04/04/2025,09:39:11,23170,23170,600,23172,75,975,13398750
NIFTY-I.NFO,04/04/2025,09:39:13,23170,23170,75,23173,300,600,13398750
NIFTY-I.NFO,04/04/2025,09:39:15,23168.2,23168.2,150,23170,225,600,13398750
NIFTY-I.NFO,04/04/2025,09:39:16,23170.05,23169.3,150,23171.75,75,975,13398750
NIFTY-I.NFO,04/04/2025,09:39:18,23169.25,23170.5,75,23171.75,75,600,13398750
NIFTY-I.NFO,04/04/2025,09:39:20,23173,23173.05,75,23175,3075,1950,13398750
NIFTY-I.NFO,04/04/2025,09:39:21,23174.35,23170.5,75,23174.95,150,975,13398750
NIFTY-I.NFO,04/04/2025,09:39:23,23172.6,23172.6,75,23175,3225,300,13398750
NIFTY-I.NFO,04/04/2025,09:39:25,23175,23174.35,75,23175,2475,1275,13398750
NIFTY-I.NFO,04/04/2025,09:39:26,23175,23172.7,75,23175,2325,975,13398750
NIFTY-I.NFO,04/04/2025,09:39:28,23170.2,23170.35,75,23175,2400,525,13398750
NIFTY-I.NFO,04/04/2025,09:39:30,23171.35,23172.7,75,23174,600,525,13398750
NIFTY-I.NFO,04/04/2025,09:39:31,23174,23174.05,150,23175,1725,825,13339275
NIFTY-I.NFO,04/04/2025,09:39:33,23175,23175.05,75,23179,75,1875,13339275
NIFTY-I.NFO,04/04/2025,09:39:35,23177.4,23177.4,75,23179,300,150,13339275
NIFTY-I.NFO,04/04/2025,09:39:36,23177.75,23177.75,75,23179,225,150,13339275
NIFTY-I.NFO,04/04/2025,09:39:38,23179,23179,1125,23180,300,675,13339275
NIFTY-I.NFO,04/04/2025,09:39:40,23179,23179,75,23180,150,1125,13339275
NIFTY-I.NFO,04/04/2025,09:39:41,23180,23177.3,75,23181.2,150,375,13339275
NIFTY-I.NFO,04/04/2025,09:39:43,23179,23179,75,23182,75,300,13339275
NIFTY-I.NFO,04/04/2025,09:39:45,23179,23179,75,23180,75,0,13339275
NIFTY-I.NFO,04/04/2025,09:39:46,23182,23181.45,75,23182,75,300,13339275
NIFTY-I.NFO,04/04/2025,09:39:48,23182.05,23182,75,23184.3,75,150,13339275
NIFTY-I.NFO,04/04/2025,09:39:50,23180.6,23180.25,150,23185,6150,675,13339275
NIFTY-I.NFO,04/04/2025,09:39:51,23182.05,23180.2,75,23185,5925,225,13339275
NIFTY-I.NFO,04/04/2025,09:39:53,23181,23181.15,75,23184.95,75,600,13339275
NIFTY-I.NFO,04/04/2025,09:39:55,23188,23187.4,225,23188,900,6375,13339275
NIFTY-I.NFO,04/04/2025,09:39:56,23189,23189.5,75,23190,375,1350,13339275
NIFTY-I.NFO,04/04/2025,09:39:58,23190,23189.25,225,23190,75,450,13339275
NIFTY-I.NFO,04/04/2025,09:40:00,23189.25,23189,75,23190,450,300,13339275
NIFTY-I.NFO,04/04/2025,09:40:01,23188.75,23185,75,23189.25,150,375,13339275
NIFTY-I.NFO,04/04/2025,09:40:03,23189.25,23184.6,225,23189.95,75,450,13339275
NIFTY-I.NFO,04/04/2025,09:40:05,23182.9,23181.15,75,23183,75,75,13339275
NIFTY-I.NFO,04/04/2025,09:40:06,23181.15,23181.1,75,23184.95,525,75,13339275
NIFTY-I.NFO,04/04/2025,09:40:08,23185.15,23181.95,75,23184.6,75,150,13339275
NIFTY-I.NFO,04/04/2025,09:40:10,23181.15,23181.1,150,23185.75,75,300,13339275
NIFTY-I.NFO,04/04/2025,09:40:11,23184.6,23180,1050,23182.4,450,675,13339275
NIFTY-I.NFO,04/04/2025,09:40:13,23180,23180,1050,23181.75,525,375,13339275
NIFTY-I.NFO,04/04/2025,09:40:15,23180,23180,900,23182.5,525,375,13339275
NIFTY-I.NFO,04/04/2025,09:40:16,23182.5,23182,75,23183.6,525,1575,13339275
NIFTY-I.NFO,04/04/2025,09:40:18,23182.35,23180,825,23183.2,75,450,13339275
NIFTY-I.NFO,04/04/2025,09:40:20,23180,23180,750,23183.2,225,600,13339275
NIFTY-I.NFO,04/04/2025,09:40:21,23177.75,23175,150,23177.45,750,900,13339275
NIFTY-I.NFO,04/04/2025,09:40:23,23175,23175,75,23176.15,1050,75,13339275
NIFTY-I.NFO,04/04/2025,09:40:25,23174,23170,300,23174.05,75,1275,13339275
NIFTY-I.NFO,04/04/2025,09:40:26,23174.95,23174.95,375,23176.1,75,2400,13339275
NIFTY-I.NFO,04/04/2025,09:40:28,23175.2,23169.05,450,23175,525,525,13339275
NIFTY-I.NFO,04/04/2025,09:40:30,23177.2,23176.1,600,23177.2,225,1725,13339275
NIFTY-I.NFO,04/04/2025,09:40:31,23178,23176.1,375,23178.5,225,300,13339275
NIFTY-I.NFO,04/04/2025,09:40:33,23180,23178,750,23179.95,150,675,13339275
NIFTY-I.NFO,04/04/2025,09:40:35,23178.5,23178.5,600,23179.8,375,975,13339275
NIFTY-I.NFO,04/04/2025,09:40:36,23180.1,23178.5,2175,23180.7,450,900,13339275
NIFTY-I.NFO,04/04/2025,09:40:38,23180.65,23181.3,2325,23181.9,150,975,13339275
NIFTY-I.NFO,04/04/2025,09:40:40,23182.7,23181.3,2250,23182.85,450,675,13339275
NIFTY-I.NFO,04/04/2025,09:40:41,23184.65,23181.35,75,23182.85,225,1875,13339275
NIFTY-I.NFO,04/04/2025,09:40:43,23183.75,23184.55,75,23185,225,450,13339275
NIFTY-I.NFO,04/04/2025,09:40:45,23185,23185,750,23186,75,525,13339275
NIFTY-I.NFO,04/04/2025,09:40:46,23185,23185.05,75,23185.95,375,525,13339275
NIFTY-I.NFO,04/04/2025,09:40:48,23185,23185,750,23185.95,375,375,13339275
NIFTY-I.NFO,04/04/2025,09:40:50,23185,23185,450,23185.95,450,300,13339275
NIFTY-I.NFO,04/04/2025,09:40:51,23185,23183.05,1200,23184.75,450,600,13339275
NIFTY-I.NFO,04/04/2025,09:40:53,23183.95,23183.05,1125,23184.15,150,1050,13339275
NIFTY-I.NFO,04/04/2025,09:40:55,23183.05,23183.05,600,23184.15,225,525,13339275
NIFTY-I.NFO,04/04/2025,09:40:56,23184.15,23184.15,75,23185,75,675,13339275
NIFTY-I.NFO,04/04/2025,09:40:58,23185,23185,300,23186.65,450,750,13339275
NIFTY-I.NFO,04/04/2025,09:41:00,23183.05,23182,75,23182.75,1125,1200,13339275
NIFTY-I.NFO,04/04/2025,09:41:01,23176.2,23176.3,150,23180.45,300,375,13339275
NIFTY-I.NFO,04/04/2025,09:41:03,23175.15,23174.95,75,23175.15,150,375,13339275
NIFTY-I.NFO,04/04/2025,09:41:05,23174.95,23173.65,375,23174.95,150,150,13339275
NIFTY-I.NFO,04/04/2025,09:41:06,23173.95,23173.85,375,23174.95,75,1875,13339275
NIFTY-I.NFO,04/04/2025,09:41:08,23176.55,23171,75,23175.4,150,450,13339275
NIFTY-I.NFO,04/04/2025,09:41:10,23169.25,23169,75,23174.3,375,3450,13339275
NIFTY-I.NFO,04/04/2025,09:41:11,23172.6,23168,675,23172.85,75,300,13339275
NIFTY-I.NFO,04/04/2025,09:41:13,23168.95,23168.95,75,23172.95,75,225,13339275
NIFTY-I.NFO,04/04/2025,09:41:15,23173,23173,150,23178.45,525,375,13339275
NIFTY-I.NFO,04/04/2025,09:41:16,23174.5,23174.9,150,23179.9,75,150,13339275
NIFTY-I.NFO,04/04/2025,09:41:18,23174.5,23176.25,375,23179.9,225,0,13339275
NIFTY-I.NFO,04/04/2025,09:41:20,23174.5,23174.7,150,23179.5,75,300,13339275
NIFTY-I.NFO,04/04/2025,09:41:21,23174.5,23174.45,150,23179.85,150,675,13339275
NIFTY-I.NFO,04/04/2025,09:41:23,23175.95,23175.65,75,23179.85,75,225,13339275
NIFTY-I.NFO,04/04/2025,09:41:25,23175.3,23175.4,75,23179.85,300,300,13339275
NIFTY-I.NFO,04/04/2025,09:41:26,23179.8,23176.55,750,23179.85,225,300,13339275
NIFTY-I.NFO,04/04/2025,09:41:28,23177.75,23177.85,225,23179,150,150,13339275
NIFTY-I.NFO,04/04/2025,09:41:30,23177.85,23177.85,150,23179,300,75,13339275
NIFTY-I.NFO,04/04/2025,09:41:31,23179.95,23178.85,225,23179.85,225,450,13339275
NIFTY-I.NFO,04/04/2025,09:41:33,23178.8,23174.95,75,23179.75,750,225,13339275
NIFTY-I.NFO,04/04/2025,09:41:35,23174.95,23175,525,23178.85,225,75,13339275
NIFTY-I.NFO,04/04/2025,09:41:36,23180,23179.8,150,23180,225,600,13339275
NIFTY-I.NFO,04/04/2025,09:41:38,23184,23177.75,300,23183.45,300,750,13339275
NIFTY-I.NFO,04/04/2025,09:41:40,23178.8,23178.8,375,23182.85,375,75,13339275
NIFTY-I.NFO,04/04/2025,09:41:41,23178.8,23178.8,375,23180.65,225,0,13339275
NIFTY-I.NFO,04/04/2025,09:41:43,23178.8,23180,300,23180.65,75,150,13339275
NIFTY-I.NFO,04/04/2025,09:41:45,23178.8,23180,300,23180.65,300,0,13339275
NIFTY-I.NFO,04/04/2025,09:41:46,23180,23180,225,23180.65,225,150,13339275
NIFTY-I.NFO,04/04/2025,09:41:48,23180,23180,75,23180.65,300,150,13339275
NIFTY-I.NFO,04/04/2025,09:41:50,23179.8,23179.8,300,23180,225,150,13339275
NIFTY-I.NFO,04/04/2025,09:41:51,23179.8,23175.25,150,23180,300,600,13339275
NIFTY-I.NFO,04/04/2025,09:41:53,23178.55,23174,225,23179.15,300,525,13339275
NIFTY-I.NFO,04/04/2025,09:41:55,23180,23174.3,375,23178.85,150,300,13339275
NIFTY-I.NFO,04/04/2025,09:41:56,23180,23174.2,525,23178.1,75,0,13339275
NIFTY-I.NFO,04/04/2025,09:41:58,23175.95,23175.95,75,23178.85,150,75,13339275
NIFTY-I.NFO,04/04/2025,09:42:00,23176,23175.2,75,23178.85,300,150,13339275
NIFTY-I.NFO,04/04/2025,09:42:01,23175.2,23175.7,675,23178.85,150,450,13339275
NIFTY-I.NFO,04/04/2025,09:42:03,23178.25,23176.3,75,23178.85,225,150,13339275
NIFTY-I.NFO,04/04/2025,09:42:05,23176,23176.5,225,23177.35,450,675,13339275
NIFTY-I.NFO,04/04/2025,09:42:06,23180,23179.4,225,23180,150,450,13339275
NIFTY-I.NFO,04/04/2025,09:42:08,23180,23179.4,150,23180,225,150,13339275
NIFTY-I.NFO,04/04/2025,09:42:10,23176.4,23177.7,75,23180,75,9825,13339275
NIFTY-I.NFO,04/04/2025,09:42:11,23179.4,23179.45,75,23180,300,75,13339275
NIFTY-I.NFO,04/04/2025,09:42:13,23180.5,23180.5,75,23182,75,525,13339275
NIFTY-I.NFO,04/04/2025,09:42:15,23180.5,23181.5,75,23182,225,0,13339275
NIFTY-I.NFO,04/04/2025,09:42:16,23180,23177,75,23181.1,75,375,13339275
NIFTY-I.NFO,04/04/2025,09:42:18,23175.2,23175,150,23180.05,150,1275,13339275
NIFTY-I.NFO,04/04/2025,09:42:20,23175,23174,150,23177.45,375,225,13339275
NIFTY-I.NFO,04/04/2025,09:42:21,23176,23174,75,23175.85,150,225,13339275
NIFTY-I.NFO,04/04/2025,09:42:23,23171,23169.15,150,23173.4,75,225,13339275
NIFTY-I.NFO,04/04/2025,09:42:25,23170.4,23168,375,23169.9,150,375,13339275
NIFTY-I.NFO,04/04/2025,09:42:26,23166.65,23164.1,75,23168,1500,2025,13339275
NIFTY-I.NFO,04/04/2025,09:42:28,23165.8,23165.9,225,23168,1350,600,13339275
NIFTY-I.NFO,04/04/2025,09:42:30,23168,23168,3225,23172.35,150,1725,13339275
NIFTY-I.NFO,04/04/2025,09:42:31,23168.75,23168.4,75,23174.5,375,225,13336650
NIFTY-I.NFO,04/04/2025,09:42:33,23168.75,23168,5550,23173.55,300,0,13336650
NIFTY-I.NFO,04/04/2025,09:42:35,23168,23168,5175,23170.75,150,450,13336650
NIFTY-I.NFO,04/04/2025,09:42:36,23168,23168,5175,23169.5,75,0,13336650
NIFTY-I.NFO,04/04/2025,09:42:38,23161,23161,75,23162.5,75,5625,13336650
NIFTY-I.NFO,04/04/2025,09:42:40,23160.1,23160.1,300,23161,75,375,13336650
NIFTY-I.NFO,04/04/2025,09:42:41,23160.1,23156,1500,23160.3,450,1425,13336650
NIFTY-I.NFO,04/04/2025,09:42:43,23156.05,23156,900,23161.75,525,825,13336650
NIFTY-I.NFO,04/04/2025,09:42:45,23156,23156,375,23158.55,75,600,13336650
NIFTY-I.NFO,04/04/2025,09:42:46,23156,23155,225,23159.55,450,1125,13336650
NIFTY-I.NFO,04/04/2025,09:42:48,23156,23156.2,75,23161.2,75,1275,13336650
NIFTY-I.NFO,04/04/2025,09:42:50,23156,23156,75,23160,75,150,13336650
NIFTY-I.NFO,04/04/2025,09:42:51,23162.1,23157,75,23159.95,375,300,13336650
NIFTY-I.NFO,04/04/2025,09:42:53,23160,23157,75,23159.9,75,150,13336650
NIFTY-I.NFO,04/04/2025,09:42:55,23157.1,23157,75,23159.9,75,300,13336650
NIFTY-I.NFO,04/04/2025,09:42:56,23158.45,23156,75,23158.45,450,300,13336650
NIFTY-I.NFO,04/04/2025,09:42:58,23158.5,23156,75,23159.4,75,750,13336650
NIFTY-I.NFO,04/04/2025,09:43:00,23159.75,23158.35,75,23159.75,225,900,13336650
NIFTY-I.NFO,04/04/2025,09:43:01,23159.45,23159.45,75,23162.5,75,3000,13336650
NIFTY-I.NFO,04/04/2025,09:43:03,23162.5,23159.45,225,23162.5,75,225,13336650
NIFTY-I.NFO,04/04/2025,09:43:05,23160,23158.45,150,23162.2,900,150,13336650
NIFTY-I.NFO,04/04/2025,09:43:06,23156,23155.2,75,23159.4,600,225,13336650
NIFTY-I.NFO,04/04/2025,09:43:08,23155.2,23155,900,23156,150,75,13336650
NIFTY-I.NFO,04/04/2025,09:43:10,23151.15,23151,375,23151.4,75,7500,13336650
NIFTY-I.NFO,04/04/2025,09:43:11,23151.4,23151,225,23151.4,75,225,13336650
NIFTY-I.NFO,04/04/2025,09:43:13,23152.95,23152.9,375,23159.1,150,525,13336650
NIFTY-I.NFO,04/04/2025,09:43:15,23151.4,23151,225,23156.6,150,2475,13336650
NIFTY-I.NFO,04/04/2025,09:43:16,23152.15,23151.9,225,23152.15,225,2325,13336650
NIFTY-I.NFO,04/04/2025,09:43:18,23159.05,23156,75,23159.05,150,750,13336650
NIFTY-I.NFO,04/04/2025,09:43:20,23157.45,23157.15,75,23157.5,75,225,13336650
NIFTY-I.NFO,04/04/2025,09:43:21,23160,23159.05,375,23161,75,1875,13336650
NIFTY-I.NFO,04/04/2025,09:43:23,23160,23160,750,23162,150,375,13336650
NIFTY-I.NFO,04/04/2025,09:43:25,23160,23160,1050,23165,75,600,13336650
NIFTY-I.NFO,04/04/2025,09:43:26,23160,23160,1050,23163.85,150,225,13336650
NIFTY-I.NFO,04/04/2025,09:43:28,23160,23160,1725,23164.95,150,75,13336650
NIFTY-I.NFO,04/04/2025,09:43:30,23160,23160,1725,23163.45,450,0,13336650
NIFTY-I.NFO,04/04/2025,09:43:31,23157.45,23156,75,23157.4,375,1800,13336650
NIFTY-I.NFO,04/04/2025,09:43:33,23156,23154.05,75,23157.4,75,300,13336650
NIFTY-I.NFO,04/04/2025,09:43:35,23159.05,23159,75,23160,375,225,13336650
NIFTY-I.NFO,04/04/2025,09:43:36,23159.05,23156.9,75,23160,450,0,13336650
NIFTY-I.NFO,04/04/2025,09:43:38,23157.35,23157.4,300,23160,450,225,13336650
NIFTY-I.NFO,04/04/2025,09:43:40,23159.05,23158.55,75,23159.05,150,150,13336650
NIFTY-I.NFO,04/04/2025,09:43:41,23158.55,23157.3,150,23159.05,225,75,13336650
NIFTY-I.NFO,04/04/2025,09:43:43,23157.9,23158.6,75,23160,375,1050,13336650
NIFTY-I.NFO,04/04/2025,09:43:45,23165,23164.45,225,23165,675,675,13336650
NIFTY-I.NFO,04/04/2025,09:43:46,23164.45,23164.45,150,23165,300,450,13336650
NIFTY-I.NFO,04/04/2025,09:43:48,23165,23164.85,150,23165,225,525,13336650
NIFTY-I.NFO,04/04/2025,09:43:50,23164.85,23164.85,75,23164.95,150,225,13336650
NIFTY-I.NFO,04/04/2025,09:43:51,23166,23163.15,150,23166.1,75,900,13336650
NIFTY-I.NFO,04/04/2025,09:43:53,23164.85,23160.85,75,23165,75,150,13336650
NIFTY-I.NFO,04/04/2025,09:43:55,23163.15,23158.15,75,23158.75,75,150,13336650
NIFTY-I.NFO,04/04/2025,09:43:56,23163.35,23157.45,75,23158.75,75,150,13336650
NIFTY-I.NFO,04/04/2025,09:43:58,23158.35,23158.8,75,23160.95,75,2325,13336650
NIFTY-I.NFO,04/04/2025,09:44:00,23158.35,23160.6,75,23160.9,225,225,13336650
NIFTY-I.NFO,04/04/2025,09:44:01,23157.9,23157.2,75,23158.3,450,150,13336650
NIFTY-I.NFO,04/04/2025,09:44:03,23159.65,23159.3,75,23162.9,75,675,13336650
NIFTY-I.NFO,04/04/2025,09:44:05,23161.45,23159.75,75,23164.95,150,750,13336650
NIFTY-I.NFO,04/04/2025,09:44:06,23161.45,23158.3,150,23160.7,375,0,13336650
NIFTY-I.NFO,04/04/2025,09:44:08,23158,23157,225,23158.3,75,225,13336650
NIFTY-I.NFO,04/04/2025,09:44:10,23155.35,23155.4,75,23160.55,75,9300,13336650
NIFTY-I.NFO,04/04/2025,09:44:11,23157.4,23152.45,75,23154.45,300,150,13336650
NIFTY-I.NFO,04/04/2025,09:44:13,23151.95,23151.5,150,23154.45,75,825,13336650
NIFTY-I.NFO,04/04/2025,09:44:15,23154.5,23153.5,75,23158.2,150,450,13336650
NIFTY-I.NFO,04/04/2025,09:44:16,23154,23151.5,75,23156.65,375,75,13336650
NIFTY-I.NFO,04/04/2025,09:44:18,23150.7,23151.2,150,23153.5,300,1500,13336650
NIFTY-I.NFO,04/04/2025,09:44:20,23152,23152,225,23153.45,375,3300,13336650
NIFTY-I.NFO,04/04/2025,09:44:21,23152,23152,150,23153.35,450,825,13336650
NIFTY-I.NFO,04/04/2025,09:44:23,23153.4,23150,900,23153.35,150,1800,13336650
NIFTY-I.NFO,04/04/2025,09:44:25,23150.95,23150.5,525,23153.3,150,525,13336650
NIFTY-I.NFO,04/04/2025,09:44:26,23150.95,23150,675,23150.5,300,0,13336650
NIFTY-I.NFO,04/04/2025,09:44:28,23146,23145,525,23149.7,375,4800,13336650
NIFTY-I.NFO,04/04/2025,09:44:30,23146.05,23147,75,23149.65,75,525,13336650
NIFTY-I.NFO,04/04/2025,09:44:31,23145,23145,75,23147,150,300,13336650
NIFTY-I.NFO,04/04/2025,09:44:33,23143,23142.5,75,23148.1,150,975,13336650
NIFTY-I.NFO,04/04/2025,09:44:35,23143.25,23143.65,150,23147.35,75,525,13336650
NIFTY-I.NFO,04/04/2025,09:44:36,23147.35,23143.5,75,23148.5,450,75,13336650
NIFTY-I.NFO,04/04/2025,09:44:38,23142.15,23142.05,150,23147.55,450,975,13336650
NIFTY-I.NFO,04/04/2025,09:44:40,23144.5,23141,375,23143.55,225,10500,13336650
NIFTY-I.NFO,04/04/2025,09:44:41,23142.3,23140.5,75,23142.35,75,825,13336650
NIFTY-I.NFO,04/04/2025,09:44:43,23141,23140,900,23141,300,975,13336650
NIFTY-I.NFO,04/04/2025,09:44:45,23137,23136.6,75,23140,1500,1425,13336650
NIFTY-I.NFO,04/04/2025,09:44:46,23134.3,23135,150,23140,1050,1800,13336650
NIFTY-I.NFO,04/04/2025,09:44:48,23135.5,23135.25,225,23140,825,450,13336650
NIFTY-I.NFO,04/04/2025,09:44:50,23135.1,23135,450,23140,450,750,13336650
NIFTY-I.NFO,04/04/2025,09:44:51,23136.8,23133,75,23136.8,225,525,13336650
NIFTY-I.NFO,04/04/2025,09:44:53,23126.5,23126,225,23130.9,150,1275,13336650
NIFTY-I.NFO,04/04/2025,09:44:55,23126.95,23126.95,75,23130.95,75,675,13336650
NIFTY-I.NFO,04/04/2025,09:44:56,23126,23126,75,23131.6,225,2175,13336650
NIFTY-I.NFO,04/04/2025,09:44:58,23128.75,23129.25,150,23131.55,150,300,13336650
NIFTY-I.NFO,04/04/2025,09:45:00,23135.7,23132.45,75,23135.75,225,1125,13336650
NIFTY-I.NFO,04/04/2025,09:45:01,23131.65,23131.65,600,23134.5,300,1650,13336650
NIFTY-I.NFO,04/04/2025,09:45:03,23135.5,23130.1,150,23135.7,75,1575,13336650
NIFTY-I.NFO,04/04/2025,09:45:05,23129.25,23129,225,23132,300,900,13336650
NIFTY-I.NFO,04/04/2025,09:45:06,23131.35,23130,525,23135,75,1800,13336650
NIFTY-I.NFO,04/04/2025,09:45:08,23133.45,23130,975,23133.05,375,975,13336650
NIFTY-I.NFO,04/04/2025,09:45:10,23132,23130,750,23132.25,75,375,13336650
NIFTY-I.NFO,04/04/2025,09:45:11,23126,23126,300,23128.75,375,1350,13336650
NIFTY-I.NFO,04/04/2025,09:45:13,23128.75,23128.75,4200,23129.5,750,2700,13336650
NIFTY-I.NFO,04/04/2025,09:45:15,23128.75,23128.75,3300,23129.6,750,1050,13336650
NIFTY-I.NFO,04/04/2025,09:45:16,23128.7,23126,225,23129.2,150,8850,13336650
NIFTY-I.NFO,04/04/2025,09:45:18,23130.75,23125.5,225,23128.75,75,6150,13336650
NIFTY-I.NFO,04/04/2025,09:45:20,23128,23125.5,75,23129.95,150,3300,13336650
NIFTY-I.NFO,04/04/2025,09:45:21,23125,23125,1275,23128.2,150,1200,13336650
NIFTY-I.NFO,04/04/2025,09:45:23,23126.4,23125,1425,23130.55,150,1200,13336650
NIFTY-I.NFO,04/04/2025,09:45:25,23131.9,23130.55,1800,23132,225,750,13336650
NIFTY-I.NFO,04/04/2025,09:45:26,23129.35,23125,1350,23129.7,75,6300,13336650
NIFTY-I.NFO,04/04/2025,09:45:28,23128.3,23125.1,150,23128.55,75,225,13336650
NIFTY-I.NFO,04/04/2025,09:45:30,23125.1,23125.1,75,23128,225,150,13336650
NIFTY-I.NFO,04/04/2025,09:45:31,23123,23123,75,23127.75,450,3750,13315425
NIFTY-I.NFO,04/04/2025,09:45:33,23121.55,23121.35,75,23126.2,225,1200,13315425
NIFTY-I.NFO,04/04/2025,09:45:35,23126.15,23121.05,150,23125.55,75,375,13315425
NIFTY-I.NFO,04/04/2025,09:45:37,23127.95,23126.55,3825,23128,450,2925,13315425
NIFTY-I.NFO,04/04/2025,09:45:38,23126.55,23126.55,2925,23127.95,150,1050,13315425
NIFTY-I.NFO,04/04/2025,09:45:40,23127.5,23126.55,2100,23127.6,75,975,13315425
NIFTY-I.NFO,04/04/2025,09:45:42,23127.1,23126.55,1275,23127.1,600,1950,13315425
NIFTY-I.NFO,04/04/2025,09:45:43,23127.15,23126.55,375,23127.2,75,975,13315425
NIFTY-I.NFO,04/04/2025,09:45:45,23122,23121,675,23121.8,75,750,13315425
NIFTY-I.NFO,04/04/2025,09:45:46,23120,23120,1200,23121.7,675,1800,13315425
NIFTY-I.NFO,04/04/2025,09:45:48,23122,23120.7,600,23121.7,225,2700,13315425
NIFTY-I.NFO,04/04/2025,09:45:50,23120.05,23120.15,525,23123.4,150,1425,13315425
NIFTY-I.NFO,04/04/2025,09:45:51,23120.05,23120.05,525,23123.4,150,825,13315425
NIFTY-I.NFO,04/04/2025,09:45:53,23121,23121,675,23121.65,150,375,13315425
NIFTY-I.NFO,04/04/2025,09:45:55,23121.65,23121,525,23121.65,375,300,13315425
NIFTY-I.NFO,04/04/2025,09:45:56,23122,23121.3,450,23125,150,1650,13315425
NIFTY-I.NFO,04/04/2025,09:45:58,23124.95,23121.75,450,23124.95,75,225,13315425
NIFTY-I.NFO,04/04/2025,09:46:00,23126,23125.95,450,23127,600,1275,13315425
NIFTY-I.NFO,04/04/2025,09:46:01,23128,23126.7,600,23128,375,975,13315425
NIFTY-I.NFO,04/04/2025,09:46:03,23134.95,23130.65,450,23135,375,3000,13315425
NIFTY-I.NFO,04/04/2025,09:46:05,23133.5,23133.05,600,23136.15,75,375,13315425
NIFTY-I.NFO,04/04/2025,09:46:06,23133.9,23128.3,450,23134.75,750,300,13315425
NIFTY-I.NFO,04/04/2025,09:46:08,23135.65,23134.1,75,23136,750,375,13315425
NIFTY-I.NFO,04/04/2025,09:46:10,23130,23127.15,675,23130,75,600,13315425
NIFTY-I.NFO,04/04/2025,09:46:11,23131.3,23126.85,525,23131.3,75,300,13315425
NIFTY-I.NFO,04/04/2025,09:46:13,23134.15,23127.15,375,23133.05,750,750,13315425
NIFTY-I.NFO,04/04/2025,09:46:15,23126.5,23125.75,375,23131.95,150,1500,13315425
NIFTY-I.NFO,04/04/2025,09:46:16,23131.9,23126.3,375,23131.9,75,75,13315425
NIFTY-I.NFO,04/04/2025,09:46:18,23131.85,23128.9,150,23131.9,225,600,13315425
NIFTY-I.NFO,04/04/2025,09:46:20,23129.35,23129.55,525,23133.45,150,375,13315425
NIFTY-I.NFO,04/04/2025,09:46:21,23130.4,23125,225,23129,450,975,13315425
NIFTY-I.NFO,04/04/2025,09:46:23,23125.55,23125,225,23129.4,450,225,13315425
NIFTY-I.NFO,04/04/2025,09:46:25,23124.95,23122,150,23126.6,150,525,13315425
NIFTY-I.NFO,04/04/2025,09:46:26,23124.85,23123.1,75,23124.85,75,225,13315425
NIFTY-I.NFO,04/04/2025,09:46:28,23125,23125.7,300,23127.3,150,1050,13315425
NIFTY-I.NFO,04/04/2025,09:46:30,23132.4,23126.25,300,23130.4,150,375,13315425
NIFTY-I.NFO,04/04/2025,09:46:31,23132.4,23125.6,300,23130.4,150,0,13315425
NIFTY-I.NFO,04/04/2025,09:46:33,23132.55,23126.9,450,23132.55,150,675,13315425
NIFTY-I.NFO,04/04/2025,09:46:35,23127.85,23128,375,23134.5,600,1200,13315425
NIFTY-I.NFO,04/04/2025,09:46:36,23130,23126.9,300,23132.6,150,375,13315425
NIFTY-I.NFO,04/04/2025,09:46:38,23130,23126.25,75,23131.15,75,0,13315425
NIFTY-I.NFO,04/04/2025,09:46:40,23129.65,23125.7,75,23129.6,450,75,13315425
NIFTY-I.NFO,04/04/2025,09:46:41,23129.55,23124.95,75,23129.55,300,825,13315425
NIFTY-I.NFO,04/04/2025,09:46:43,23129.8,23126,75,23131.25,150,2100,13315425
NIFTY-I.NFO,04/04/2025,09:46:45,23130.7,23126,75,23130.2,450,75,13315425
NIFTY-I.NFO,04/04/2025,09:46:46,23130.7,23126,75,23129.7,150,0,13315425
NIFTY-I.NFO,04/04/2025,09:46:48,23129.7,23126,75,23130.6,600,75,13315425
NIFTY-I.NFO,04/04/2025,09:46:50,23129.3,23129.55,150,23134.9,75,75,13315425
NIFTY-I.NFO,04/04/2025,09:46:51,23130.7,23130.7,75,23133.75,675,2775,13315425
NIFTY-I.NFO,04/04/2025,09:46:53,23132.8,23126.7,225,23132.8,75,300,13315425
NIFTY-I.NFO,04/04/2025,09:46:55,23130.7,23126,225,23130.35,675,900,13315425
NIFTY-I.NFO,04/04/2025,09:46:56,23126,23126,75,23131.35,600,150,13315425
NIFTY-I.NFO,04/04/2025,09:46:58,23131.8,23126,75,23130.3,300,75,13315425
NIFTY-I.NFO,04/04/2025,09:47:00,23126,23126,75,23129.1,525,150,13315425
NIFTY-I.NFO,04/04/2025,09:47:01,23126,23125.6,75,23125.9,225,375,13315425
NIFTY-I.NFO,04/04/2025,09:47:03,23125.6,23125,1050,23125.5,225,225,13315425
NIFTY-I.NFO,04/04/2025,09:47:05,23125,23125,75,23125.5,300,1500,13315425
NIFTY-I.NFO,04/04/2025,09:47:06,23126.2,23127.5,225,23129.3,75,1200,13315425
NIFTY-I.NFO,04/04/2025,09:47:08,23132,23129.25,375,23134,75,300,13315425
NIFTY-I.NFO,04/04/2025,09:47:10,23133.95,23129.7,450,23133.95,75,675,13315425
NIFTY-I.NFO,04/04/2025,09:47:11,23133.95,23131.25,225,23134,75,1650,13315425
NIFTY-I.NFO,04/04/2025,09:47:13,23133.15,23133.05,225,23139.65,600,1875,13315425
NIFTY-I.NFO,04/04/2025,09:47:15,23138.2,23135.9,225,23139.9,75,1875,13315425
NIFTY-I.NFO,04/04/2025,09:47:16,23140,23136.15,225,23140,375,225,13315425
NIFTY-I.NFO,04/04/2025,09:47:18,23140,23136.3,525,23140,150,225,13315425
NIFTY-I.NFO,04/04/2025,09:47:20,23142,23137,525,23142.6,75,300,13315425
NIFTY-I.NFO,04/04/2025,09:47:21,23142.6,23136.3,225,23142.4,450,75,13315425
NIFTY-I.NFO,04/04/2025,09:47:23,23142.05,23142.05,300,23144,225,900,13315425
NIFTY-I.NFO,04/04/2025,09:47:25,23144,23142.85,225,23144,75,600,13315425
NIFTY-I.NFO,04/04/2025,09:47:26,23144,23143.45,75,23144,1050,150,13315425
NIFTY-I.NFO,04/04/2025,09:47:28,23140,23140,675,23143.95,450,225,13315425
NIFTY-I.NFO,04/04/2025,09:47:30,23143.75,23140,675,23140.8,150,525,13315425
NIFTY-I.NFO,04/04/2025,09:47:31,23139.9,23138,75,23139.95,900,975,13315425
NIFTY-I.NFO,04/04/2025,09:47:33,23139.75,23136.1,75,23139.8,150,900,13315425
NIFTY-I.NFO,04/04/2025,09:47:35,23139.8,23135,75,23139.9,375,300,13315425
NIFTY-I.NFO,04/04/2025,09:47:36,23139.9,23137.7,150,23139.9,75,300,13315425
NIFTY-I.NFO,04/04/2025,09:47:38,23137.35,23139.15,300,23139.9,75,75,13315425
NIFTY-I.NFO,04/04/2025,09:47:40,23139.95,23139.25,75,23139.95,225,150,13315425
NIFTY-I.NFO,04/04/2025,09:47:41,23139.95,23139.95,75,23140,75,225,13315425
NIFTY-I.NFO,04/04/2025,09:47:43,23142.75,23137.2,225,23142.7,450,450,13315425
NIFTY-I.NFO,04/04/2025,09:47:45,23140,23140,300,23142.3,150,150,13315425
NIFTY-I.NFO,04/04/2025,09:47:47,23139.4,23135,900,23139.7,75,675,13315425
NIFTY-I.NFO,04/04/2025,09:47:48,23135.15,23135,375,23135.1,75,375,13315425
NIFTY-I.NFO,04/04/2025,09:47:50,23135.05,23133.95,75,23135.05,375,675,13315425
NIFTY-I.NFO,04/04/2025,09:47:52,23126.65,23126.55,75,23132.45,150,1575,13315425
NIFTY-I.NFO,04/04/2025,09:47:53,23126.55,23125.55,75,23131.05,150,300,13315425
NIFTY-I.NFO,04/04/2025,09:47:55,23125.1,23125.05,75,23130.85,525,225,13315425
NIFTY-I.NFO,04/04/2025,09:47:57,23125.1,23126.65,75,23130.7,600,375,13315425
NIFTY-I.NFO,04/04/2025,09:47:58,23126,23126,75,23128,300,225,13315425
NIFTY-I.NFO,04/04/2025,09:48:00,23128,23126.05,225,23128,300,75,13315425
NIFTY-I.NFO,04/04/2025,09:48:02,23128.4,23127.9,75,23129,150,300,13315425
NIFTY-I.NFO,04/04/2025,09:48:03,23126,23126,1050,23129.75,75,375,13315425
NIFTY-I.NFO,04/04/2025,09:48:05,23126,23128,75,23129.4,375,0,13315425
NIFTY-I.NFO,04/04/2025,09:48:07,23129.8,23127.55,75,23129.8,75,450,13315425
NIFTY-I.NFO,04/04/2025,09:48:08,23129.5,23129.5,75,23129.8,300,300,13315425
NIFTY-I.NFO,04/04/2025,09:48:10,23130,23130.05,75,23133,75,600,13315425
NIFTY-I.NFO,04/04/2025,09:48:12,23133,23128,75,23131.9,75,150,13315425
NIFTY-I.NFO,04/04/2025,09:48:13,23129.25,23128.95,75,23131.85,150,150,13315425
NIFTY-I.NFO,04/04/2025,09:48:15,23131.65,23130,75,23131.7,75,75,13315425
NIFTY-I.NFO,04/04/2025,09:48:17,23131.65,23130,75,23131.65,150,75,13315425
NIFTY-I.NFO,04/04/2025,09:48:18,23132.95,23132.85,450,23134.95,75,450,13315425
NIFTY-I.NFO,04/04/2025,09:48:20,23131.45,23131.3,375,23134.95,75,75,13315425
NIFTY-I.NFO,04/04/2025,09:48:22,23130,23130,150,23131.2,75,150,13315425
NIFTY-I.NFO,04/04/2025,09:48:23,23131.25,23130,525,23134.95,150,150,13315425
NIFTY-I.NFO,04/04/2025,09:48:25,23133,23131.45,75,23134.65,450,75,13315425
NIFTY-I.NFO,04/04/2025,09:48:27,23130,23129,375,23131.25,75,1050,13315425
NIFTY-I.NFO,04/04/2025,09:48:28,23130,23130,75,23131.25,75,0,13315425
NIFTY-I.NFO,04/04/2025,09:48:30,23132.2,23130,300,23132.55,150,450,13315425
NIFTY-I.NFO,04/04/2025,09:48:32,23129.55,23126,1425,23129.9,150,750,13328925
NIFTY-I.NFO,04/04/2025,09:48:33,23129.55,23126,1350,23129.9,150,0,13328925
NIFTY-I.NFO,04/04/2025,09:48:35,23129.55,23126.25,75,23129.9,150,0,13328925
NIFTY-I.NFO,04/04/2025,09:48:37,23129.55,23126.55,150,23129.8,450,0,13328925
NIFTY-I.NFO,04/04/2025,09:48:38,23129.6,23126.55,150,23129.6,375,75,13328925
NIFTY-I.NFO,04/04/2025,09:48:40,23129.55,23126.55,75,23129.55,375,225,13328925
NIFTY-I.NFO,04/04/2025,09:48:42,23128.9,23126.15,150,23128.7,450,300,13328925
NIFTY-I.NFO,04/04/2025,09:48:43,23126.5,23126.15,150,23126.5,75,375,13328925
NIFTY-I.NFO,04/04/2025,09:48:45,23126.15,23126,1125,23126.5,225,225,13328925
NIFTY-I.NFO,04/04/2025,09:48:47,23126,23126,1125,23126.5,75,225,13328925
NIFTY-I.NFO,04/04/2025,09:48:48,23129.5,23126.55,75,23129.5,150,300,13328925
NIFTY-I.NFO,04/04/2025,09:48:50,23129.55,23127.5,75,23129.5,150,675,13328925
NIFTY-I.NFO,04/04/2025,09:48:52,23129.5,23126,900,23129.5,150,825,13328925
NIFTY-I.NFO,04/04/2025,09:48:53,23125.9,23125.05,75,23125.9,75,1275,13328925
NIFTY-I.NFO,04/04/2025,09:48:55,23125.9,23125,1125,23125.9,450,975,13328925
NIFTY-I.NFO,04/04/2025,09:48:57,23125.95,23125.5,75,23127.3,150,900,13328925
NIFTY-I.NFO,04/04/2025,09:48:58,23126.2,23125,975,23125.45,150,1125,13328925
NIFTY-I.NFO,04/04/2025,09:49:00,23125.2,23124.2,75,23125.2,75,1500,13328925
NIFTY-I.NFO,04/04/2025,09:49:02,23123,23122.5,300,23124,150,375,13328925
NIFTY-I.NFO,04/04/2025,09:49:03,23124.1,23120.15,150,23124.1,75,1350,13328925
NIFTY-I.NFO,04/04/2025,09:49:05,23124.1,23120.1,1875,23124.15,75,2475,13328925
NIFTY-I.NFO,04/04/2025,09:49:07,23124.95,23120.1,1500,23124.05,150,375,13328925
NIFTY-I.NFO,04/04/2025,09:49:08,23121.95,23121,150,23121.95,75,450,13328925
NIFTY-I.NFO,04/04/2025,09:49:10,23120.1,23120.1,1050,23121.95,75,375,13328925
NIFTY-I.NFO,04/04/2025,09:49:12,23120.1,23120.1,975,23121.9,150,1350,13328925
NIFTY-I.NFO,04/04/2025,09:49:13,23120.1,23120.1,975,23121.9,150,450,13328925
