Ticker,Date,Time,LTP,BuyPrice,BuyQty,SellPrice,SellQty,LTQ,OpenInterest
NIFTY-II.NFO,04/04/2025,09:15:00,23407,23350.05,225,23399.7,150,900,0
NIFTY-II.NFO,04/04/2025,09:15:00,23407,23350.05,225,23399.7,150,0,0
NIFTY-II.NFO,04/04/2025,09:15:00,23407.05,23350.05,225,23399.7,150,0,0
NIFTY-II.NFO,04/04/2025,09:15:00,23350,23350.05,225,23399.7,150,0,0
NIFTY-II.NFO,04/04/2025,09:15:01,23370,23358.3,75,23370,300,375,1470375
NIFTY-II.NFO,04/04/2025,09:15:02,23374.7,23359.85,150,23373.75,375,975,1470375
NIFTY-II.NFO,04/04/2025,09:15:04,23364.3,23366.5,150,23378.7,75,600,1470375
NIFTY-II.NFO,04/04/2025,09:15:05,23373.3,23359.3,150,23373.3,75,150,1470375
NIFTY-II.NFO,04/04/2025,09:15:07,23368.05,23358.6,150,23369.3,75,900,1470375
NIFTY-II.NFO,04/04/2025,09:15:08,23371.65,23363,150,23371.55,375,450,1470375
NIFTY-II.NFO,04/04/2025,09:15:10,23360,23358.35,150,23372.4,75,825,1470375
NIFTY-II.NFO,04/04/2025,09:15:12,23366.75,23358.3,75,23366.9,300,300,1470375
NIFTY-II.NFO,04/04/2025,09:15:13,23365.15,23350.1,150,23363.85,375,450,1470375
NIFTY-II.NFO,04/04/2025,09:15:15,23361.15,23350.05,75,23357.75,225,75,1470375
NIFTY-II.NFO,04/04/2025,09:15:16,23359.6,23350.05,75,23358.3,225,225,1470375
NIFTY-II.NFO,04/04/2025,09:15:18,23356.75,23350,375,23352.35,75,300,1470375
NIFTY-II.NFO,04/04/2025,09:15:20,23350,23340.05,150,23350.7,375,525,1470375
NIFTY-II.NFO,04/04/2025,09:15:21,23340,23340,75,23346.3,150,225,1470375
NIFTY-II.NFO,04/04/2025,09:15:21,23339.1,23340,75,23346.3,150,0,1470375
NIFTY-II.NFO,04/04/2025,09:15:23,23340,23338,75,23344.2,375,1875,1470375
NIFTY-II.NFO,04/04/2025,09:15:25,23338,23325.6,150,23338.85,225,75,1470375
NIFTY-II.NFO,04/04/2025,09:15:25,23338,23325.6,150,23338.85,225,0,1470375
NIFTY-II.NFO,04/04/2025,09:15:26,23325.6,23325.05,150,23336.2,75,450,1470375
NIFTY-II.NFO,04/04/2025,09:15:26,23325,23325.05,150,23336.2,75,0,1470375
NIFTY-II.NFO,04/04/2025,09:15:28,23338.15,23325.55,150,23336.35,75,150,1469475
NIFTY-II.NFO,04/04/2025,09:15:29,23334,23325.05,150,23333.15,75,75,1469475
NIFTY-II.NFO,04/04/2025,09:15:31,23333.15,23325,75,23330.4,75,75,1469475
NIFTY-II.NFO,04/04/2025,09:15:33,23329.35,23325.05,75,23328.65,75,150,1469475
NIFTY-II.NFO,04/04/2025,09:15:34,23323.25,23323,75,23325.9,75,150,1469475
NIFTY-II.NFO,04/04/2025,09:15:34,23323.25,23323,75,23325.9,75,0,1469475
NIFTY-II.NFO,04/04/2025,09:15:36,23326.5,23320,75,23326.75,75,450,1469475
NIFTY-II.NFO,04/04/2025,09:15:36,23323,23320,75,23326.75,75,0,1469475
NIFTY-II.NFO,04/04/2025,09:15:38,23311.15,23311.25,300,23323.2,75,225,1469475
NIFTY-II.NFO,04/04/2025,09:15:38,23311.15,23311.25,300,23323.2,75,0,1469475
NIFTY-II.NFO,04/04/2025,09:15:39,23311.15,23311.15,225,23319.95,150,675,1469475
NIFTY-II.NFO,04/04/2025,09:15:41,23322.65,23311.2,150,23323.2,150,1650,1469475
NIFTY-II.NFO,04/04/2025,09:15:43,23313.45,23313.85,150,23323.2,75,375,1469475
NIFTY-II.NFO,04/04/2025,09:15:44,23317.65,23317,150,23323.1,75,225,1469475
NIFTY-II.NFO,04/04/2025,09:15:46,23324.8,23319.95,150,23324.15,75,300,1469475
NIFTY-II.NFO,04/04/2025,09:15:48,23319.95,23314.65,75,23322.55,150,75,1469475
NIFTY-II.NFO,04/04/2025,09:15:49,23316,23313.8,75,23317.25,75,225,1469475
NIFTY-II.NFO,04/04/2025,09:15:51,23311.2,23311.2,150,23317.25,75,300,1469475
NIFTY-II.NFO,04/04/2025,09:15:52,23322.5,23313.2,75,23322.5,75,150,1469475
NIFTY-II.NFO,04/04/2025,09:15:54,23313.15,23313.25,150,23319.95,150,225,1469475
NIFTY-II.NFO,04/04/2025,09:15:56,23311,23311,150,23319.95,150,675,1469475
NIFTY-II.NFO,04/04/2025,09:15:56,23311,23311,150,23319.95,150,0,1469475
NIFTY-II.NFO,04/04/2025,09:15:57,23310.9,23310.7,75,23319.45,150,225,1469475
NIFTY-II.NFO,04/04/2025,09:15:57,23310.9,23310.7,75,23319.45,150,0,1469475
NIFTY-II.NFO,04/04/2025,09:15:59,23311,23310,225,23316.5,150,75,1469475
NIFTY-II.NFO,04/04/2025,09:16:01,23303.05,23303,150,23312.9,150,450,1469475
NIFTY-II.NFO,04/04/2025,09:16:01,23303.05,23303,150,23312.9,150,0,1469475
NIFTY-II.NFO,04/04/2025,09:16:02,23303,23303,75,23310.9,150,150,1469475
NIFTY-II.NFO,04/04/2025,09:16:02,23303,23303,75,23310.9,150,0,1469475
NIFTY-II.NFO,04/04/2025,09:16:04,23304.85,23305.05,75,23313.15,75,300,1469475
NIFTY-II.NFO,04/04/2025,09:16:06,23310,23307.45,75,23313.15,75,75,1469475
NIFTY-II.NFO,04/04/2025,09:16:07,23306.55,23305,1050,23312.5,150,225,1469475
NIFTY-II.NFO,04/04/2025,09:16:09,23305,23305,825,23309.5,150,225,1469475
NIFTY-II.NFO,04/04/2025,09:16:10,23307.4,23305,600,23308.5,225,375,1469475
NIFTY-II.NFO,04/04/2025,09:16:12,23305,23305,525,23307.6,75,75,1469475
NIFTY-II.NFO,04/04/2025,09:16:14,23305.1,23305,525,23306.1,150,75,1469475
NIFTY-II.NFO,04/04/2025,09:16:15,23305,23305,525,23309.55,75,225,1469475
NIFTY-II.NFO,04/04/2025,09:16:17,23307.4,23307.4,150,23310.45,75,75,1469475
NIFTY-II.NFO,04/04/2025,09:16:19,23310.25,23305,150,23310.25,150,600,1469475
NIFTY-II.NFO,04/04/2025,09:16:20,23308.05,23307.05,150,23312,150,225,1469475
NIFTY-II.NFO,04/04/2025,09:16:22,23305.55,23310.05,150,23312,150,75,1469475
NIFTY-II.NFO,04/04/2025,09:16:23,23310.05,23310,150,23312,150,75,1469475
NIFTY-II.NFO,04/04/2025,09:16:25,23313.15,23310,75,23313.2,150,300,1469475
NIFTY-II.NFO,04/04/2025,09:16:27,23311.4,23310,75,23311.15,75,75,1469475
NIFTY-II.NFO,04/04/2025,09:16:28,23311.55,23310,150,23311.15,150,75,1469475
NIFTY-II.NFO,04/04/2025,09:16:30,23310,23307.4,150,23308.9,150,150,1469475
NIFTY-II.NFO,04/04/2025,09:16:32,23307,23305.1,150,23307.2,150,300,1469475
NIFTY-II.NFO,04/04/2025,09:16:33,23304.65,23301.1,75,23304.65,75,975,1469475
NIFTY-II.NFO,04/04/2025,09:16:35,23300.25,23300.05,75,23300.85,225,600,1469475
NIFTY-II.NFO,04/04/2025,09:16:35,23300.25,23300.05,75,23300.85,225,0,1469475
NIFTY-II.NFO,04/04/2025,09:16:37,23299.95,23292.4,75,23299.95,75,1275,1469475
NIFTY-II.NFO,04/04/2025,09:16:37,23293.15,23292.4,75,23299.95,75,0,1469475
NIFTY-II.NFO,04/04/2025,09:16:38,23300,23290.05,75,23299.55,150,150,1469475
NIFTY-II.NFO,04/04/2025,09:16:40,23300,23291.1,150,23298.45,150,0,1469475
NIFTY-II.NFO,04/04/2025,09:16:42,23295,23294.1,75,23300,150,1275,1469475
NIFTY-II.NFO,04/04/2025,09:16:43,23295,23295,75,23300,825,0,1469475
NIFTY-II.NFO,04/04/2025,09:16:45,23300,23298.25,75,23300,675,225,1469475
NIFTY-II.NFO,04/04/2025,09:16:46,23300,23298.25,75,23300,675,0,1469475
NIFTY-II.NFO,04/04/2025,09:16:48,23298.35,23298.25,75,23300,675,75,1469475
NIFTY-II.NFO,04/04/2025,09:16:50,23300,23295.15,75,23300,600,75,1469475
NIFTY-II.NFO,04/04/2025,09:16:51,23295.15,23295.15,75,23300,600,75,1469475
NIFTY-II.NFO,04/04/2025,09:16:53,23295.15,23295.8,225,23300,525,300,1469475
NIFTY-II.NFO,04/04/2025,09:16:55,23295.5,23295.45,75,23300,525,150,1469475
NIFTY-II.NFO,04/04/2025,09:16:56,23300,23295.5,150,23305,75,525,1469475
NIFTY-II.NFO,04/04/2025,09:16:58,23300,23298.55,150,23305,75,0,1469475
NIFTY-II.NFO,04/04/2025,09:17:00,23308.45,23298.65,75,23308.4,75,150,1469475
NIFTY-II.NFO,04/04/2025,09:17:01,23297,23296.7,300,23306.55,150,450,1469475
NIFTY-II.NFO,04/04/2025,09:17:03,23305.35,23295.95,75,23306.55,150,225,1469475
NIFTY-II.NFO,04/04/2025,09:17:04,23306.8,23296.1,75,23306.6,75,75,1469475
NIFTY-II.NFO,04/04/2025,09:17:06,23306.8,23297.9,225,23306.4,150,0,1469475
NIFTY-II.NFO,04/04/2025,09:17:08,23306.8,23297.05,75,23305.4,75,0,1469475
NIFTY-II.NFO,04/04/2025,09:17:09,23307.55,23300.75,225,23308.2,75,75,1469475
NIFTY-II.NFO,04/04/2025,09:17:11,23306.8,23302.25,75,23310.7,75,150,1469475
NIFTY-II.NFO,04/04/2025,09:17:13,23306.8,23305.95,225,23313,75,0,1469475
NIFTY-II.NFO,04/04/2025,09:17:14,23306.8,23307.25,225,23313,75,0,1469475
NIFTY-II.NFO,04/04/2025,09:17:16,23306.8,23307.5,75,23313,75,0,1469475
NIFTY-II.NFO,04/04/2025,09:17:18,23314.95,23303.05,75,23312.45,600,150,1469475
NIFTY-II.NFO,04/04/2025,09:17:19,23315,23307.85,75,23316.75,150,225,1469475
NIFTY-II.NFO,04/04/2025,09:17:21,23318.35,23310.3,75,23318.45,150,750,1469475
NIFTY-II.NFO,04/04/2025,09:17:23,23319.65,23313.45,75,23320,150,600,1469475
NIFTY-II.NFO,04/04/2025,09:17:24,23319.65,23314,150,23318.45,75,0,1469475
NIFTY-II.NFO,04/04/2025,09:17:26,23313,23312.4,150,23318.8,75,225,1469475
NIFTY-II.NFO,04/04/2025,09:17:28,23314.4,23306.8,225,23314.3,75,75,1469475
NIFTY-II.NFO,04/04/2025,09:17:29,23312.3,23306.8,150,23312.3,75,75,1469475
NIFTY-II.NFO,04/04/2025,09:17:31,23306,23305,150,23312.75,150,525,1469475
NIFTY-II.NFO,04/04/2025,09:17:32,23305,23303,75,23309.45,150,375,1469475
NIFTY-II.NFO,04/04/2025,09:17:34,23308.15,23303,75,23308.4,75,150,1469475
NIFTY-II.NFO,04/04/2025,09:17:36,23306.15,23305,75,23307.05,150,375,1469475
NIFTY-II.NFO,04/04/2025,09:17:37,23305,23305,75,23305.6,75,75,1469475
NIFTY-II.NFO,04/04/2025,09:17:39,23305.95,23305,75,23305.95,150,75,1469475
NIFTY-II.NFO,04/04/2025,09:17:41,23305,23301,75,23303,75,75,1469475
NIFTY-II.NFO,04/04/2025,09:17:42,23305,23301,75,23303,75,0,1469475
NIFTY-II.NFO,04/04/2025,09:17:44,23301,23300.05,75,23304.25,150,75,1469475
NIFTY-II.NFO,04/04/2025,09:17:46,23301,23300.05,150,23305,75,0,1469475
NIFTY-II.NFO,04/04/2025,09:17:47,23305,23301,75,23303.55,150,75,1469475
NIFTY-II.NFO,04/04/2025,09:17:49,23303.45,23300.05,75,23303.3,450,150,1469475
NIFTY-II.NFO,04/04/2025,09:17:51,23303.9,23300,600,23304.05,150,450,1469475
NIFTY-II.NFO,04/04/2025,09:17:52,23302.8,23300,600,23303.1,75,150,1469475
NIFTY-II.NFO,04/04/2025,09:17:54,23302.8,23300,600,23305.6,75,0,1469475
NIFTY-II.NFO,04/04/2025,09:17:55,23302.8,23304.05,75,23306.25,300,0,1469475
NIFTY-II.NFO,04/04/2025,09:17:57,23302.8,23304.05,75,23306.65,375,0,1469475
NIFTY-II.NFO,04/04/2025,09:17:59,23304.05,23302.8,75,23306.05,75,75,1469475
NIFTY-II.NFO,04/04/2025,09:18:00,23304.05,23302.8,75,23305.6,300,0,1469475
NIFTY-II.NFO,04/04/2025,09:18:02,23304.05,23302.8,75,23305.95,450,0,1469475
NIFTY-II.NFO,04/04/2025,09:18:03,23303,23302.85,150,23309.05,75,75,1469475
NIFTY-II.NFO,04/04/2025,09:18:05,23303,23302.85,150,23306.8,75,0,1469475
NIFTY-II.NFO,04/04/2025,09:18:07,23304.05,23302.8,150,23306.8,75,150,1469475
NIFTY-II.NFO,04/04/2025,09:18:08,23304.05,23302.8,150,23305.55,825,0,1469475
NIFTY-II.NFO,04/04/2025,09:18:10,23304.05,23302.8,150,23304.05,75,0,1469475
NIFTY-II.NFO,04/04/2025,09:18:12,23304.05,23302.8,150,23304.5,75,0,1469475
NIFTY-II.NFO,04/04/2025,09:18:13,23305.4,23304.05,150,23305.2,75,150,1469475
NIFTY-II.NFO,04/04/2025,09:18:15,23304.05,23302.8,75,23304.4,75,150,1469475
NIFTY-II.NFO,04/04/2025,09:18:16,23304.05,23302.8,75,23306,375,0,1469475
NIFTY-II.NFO,04/04/2025,09:18:18,23304.05,23302.8,75,23305.7,75,0,1469475
NIFTY-II.NFO,04/04/2025,09:18:20,23304.05,23304,75,23306.8,75,0,1469475
NIFTY-II.NFO,04/04/2025,09:18:21,23306.8,23304,75,23304.05,900,75,1469475
NIFTY-II.NFO,04/04/2025,09:18:23,23304,23302.8,75,23304.05,900,75,1469475
NIFTY-II.NFO,04/04/2025,09:18:25,23303.9,23302.8,75,23304.05,975,150,1469475
NIFTY-II.NFO,04/04/2025,09:18:26,23303.9,23302.8,75,23304.05,975,0,1469475
NIFTY-II.NFO,04/04/2025,09:18:28,23303.9,23303,75,23303.95,300,0,1469475
NIFTY-II.NFO,04/04/2025,09:18:29,23303.9,23303,75,23303.6,1125,0,1469475
NIFTY-II.NFO,04/04/2025,09:18:31,23302.8,23301,150,23302.3,75,300,1468800
NIFTY-II.NFO,04/04/2025,09:18:33,23298.9,23296,150,23299.3,750,1425,1468800
NIFTY-II.NFO,04/04/2025,09:18:34,23298.9,23296,150,23298.4,300,0,1468800
NIFTY-II.NFO,04/04/2025,09:18:36,23296,23296,75,23296.5,300,75,1468800
NIFTY-II.NFO,04/04/2025,09:18:38,23296.5,23296,75,23296.85,225,75,1468800
NIFTY-II.NFO,04/04/2025,09:18:39,23297.1,23296,75,23297.35,75,150,1468800
NIFTY-II.NFO,04/04/2025,09:18:41,23297.05,23295.1,75,23296.5,75,150,1468800
NIFTY-II.NFO,04/04/2025,09:18:43,23295.1,23295,225,23295.95,375,75,1468800
NIFTY-II.NFO,04/04/2025,09:18:44,23290,23290.05,75,23292,75,900,1468800
NIFTY-II.NFO,04/04/2025,09:18:44,23290,23290.05,75,23292,75,0,1468800
NIFTY-II.NFO,04/04/2025,09:18:46,23290,23290.05,75,23292,75,0,1468800
NIFTY-II.NFO,04/04/2025,09:18:48,23290,23290,600,23292,75,150,1468800
NIFTY-II.NFO,04/04/2025,09:18:49,23290,23290,600,23292,75,0,1468800
NIFTY-II.NFO,04/04/2025,09:18:51,23293.65,23290,525,23294.7,450,375,1468800
NIFTY-II.NFO,04/04/2025,09:18:53,23293.65,23290,525,23293.3,375,0,1468800
NIFTY-II.NFO,04/04/2025,09:18:54,23293.65,23290,525,23293.1,75,0,1468800
NIFTY-II.NFO,04/04/2025,09:18:56,23293.65,23290,525,23292.45,375,0,1468800
NIFTY-II.NFO,04/04/2025,09:18:58,23293.65,23290,525,23291.7,375,0,1468800
NIFTY-II.NFO,04/04/2025,09:18:59,23290,23290,300,23291.25,375,225,1468800
NIFTY-II.NFO,04/04/2025,09:19:01,23290.05,23290.05,75,23293.65,75,150,1468800
NIFTY-II.NFO,04/04/2025,09:19:03,23293.65,23290,225,23293.75,150,75,1468800
NIFTY-II.NFO,04/04/2025,09:19:04,23290,23290,150,23292.95,375,75,1468800
NIFTY-II.NFO,04/04/2025,09:19:06,23287.2,23285.05,150,23292.9,75,300,1468800
NIFTY-II.NFO,04/04/2025,09:19:06,23287.2,23285.05,150,23292.9,75,0,1468800
NIFTY-II.NFO,04/04/2025,09:19:08,23293.75,23293.1,75,23296,75,75,1468800
NIFTY-II.NFO,04/04/2025,09:19:09,23293.1,23293.1,75,23298.65,450,75,1468800
NIFTY-II.NFO,04/04/2025,09:19:11,23293.75,23293.25,75,23299,75,75,1468800
NIFTY-II.NFO,04/04/2025,09:19:13,23299,23293.75,150,23297.35,75,75,1468800
NIFTY-II.NFO,04/04/2025,09:19:14,23299,23293.75,150,23295,375,0,1468800
NIFTY-II.NFO,04/04/2025,09:19:16,23299,23293.75,150,23295.15,75,0,1468800
NIFTY-II.NFO,04/04/2025,09:19:18,23299,23293,600,23294.45,75,0,1468800
NIFTY-II.NFO,04/04/2025,09:19:19,23299,23293,600,23294,75,0,1468800
NIFTY-II.NFO,04/04/2025,09:19:21,23293,23293,150,23293.4,1125,450,1468800
NIFTY-II.NFO,04/04/2025,09:19:23,23293.5,23290,375,23293.8,75,300,1468800
NIFTY-II.NFO,04/04/2025,09:19:24,23293.4,23290,450,23293.8,75,75,1468800
NIFTY-II.NFO,04/04/2025,09:19:26,23293.4,23290,450,23293.8,75,0,1468800
NIFTY-II.NFO,04/04/2025,09:19:28,23293.4,23290,225,23292.45,75,0,1468800
NIFTY-II.NFO,04/04/2025,09:19:29,23290,23290,150,23293.4,75,75,1468800
NIFTY-II.NFO,04/04/2025,09:19:31,23290,23290,150,23293,75,0,1468800
NIFTY-II.NFO,04/04/2025,09:19:33,23290,23290,150,23292.15,75,0,1468800
NIFTY-II.NFO,04/04/2025,09:19:34,23293.4,23290,225,23293.3,75,75,1468800
NIFTY-II.NFO,04/04/2025,09:19:36,23290,23290,75,23291.5,75,150,1468800
NIFTY-II.NFO,04/04/2025,09:19:38,23285,23285,75,23290.55,75,600,1468800
NIFTY-II.NFO,04/04/2025,09:19:38,23285,23285,75,23290.55,75,0,1468800
NIFTY-II.NFO,04/04/2025,09:19:39,23285,23289,75,23291.05,75,0,1468800
NIFTY-II.NFO,04/04/2025,09:19:41,23281.25,23281.05,75,23288.9,150,1875,1468800
NIFTY-II.NFO,04/04/2025,09:19:41,23281.25,23281.05,75,23288.9,150,0,1468800
NIFTY-II.NFO,04/04/2025,09:19:43,23281.05,23281.05,75,23288.4,150,75,1468800
NIFTY-II.NFO,04/04/2025,09:19:43,23281.05,23281.05,75,23288.4,150,0,1468800
NIFTY-II.NFO,04/04/2025,09:19:44,23288.3,23281.05,75,23288.2,75,75,1468800
NIFTY-II.NFO,04/04/2025,09:19:46,23288.3,23281.05,75,23287.9,75,0,1468800
NIFTY-II.NFO,04/04/2025,09:19:48,23288.3,23281,75,23285.05,150,0,1468800
NIFTY-II.NFO,04/04/2025,09:19:49,23283.85,23281,75,23284.75,75,75,1468800
NIFTY-II.NFO,04/04/2025,09:19:51,23281,23280.1,75,23283.8,75,75,1468800
NIFTY-II.NFO,04/04/2025,09:19:51,23281,23280.1,75,23283.8,75,0,1468800
NIFTY-II.NFO,04/04/2025,09:19:53,23281,23280.1,75,23283.8,375,0,1468800
NIFTY-II.NFO,04/04/2025,09:19:54,23281,23280.1,75,23283.6,75,0,1468800
NIFTY-II.NFO,04/04/2025,09:19:56,23281,23280.1,75,23284.45,75,0,1468800
NIFTY-II.NFO,04/04/2025,09:19:58,23281,23280.1,75,23281,75,0,1468800
NIFTY-II.NFO,04/04/2025,09:19:59,23281,23280.1,75,23281,75,75,1468800
NIFTY-II.NFO,04/04/2025,09:20:01,23281,23280.1,75,23281,1875,0,1468800
NIFTY-II.NFO,04/04/2025,09:20:04,23281,23280.1,75,23281,1800,75,1468800
NIFTY-II.NFO,04/04/2025,09:20:06,23281,23280.1,75,23281,1800,0,1468800
NIFTY-II.NFO,04/04/2025,09:20:08,23280.05,23280,600,23280.45,375,225,1468800
NIFTY-II.NFO,04/04/2025,09:20:08,23280.05,23280,600,23280.45,375,0,1468800
NIFTY-II.NFO,04/04/2025,09:20:09,23280,23278,75,23280,975,675,1468800
NIFTY-II.NFO,04/04/2025,09:20:09,23280,23278,75,23280,975,0,1468800
NIFTY-II.NFO,04/04/2025,09:20:11,23280,23278,75,23279.95,75,0,1468800
NIFTY-II.NFO,04/04/2025,09:20:13,23277,23275,225,23278.3,225,225,1468800
NIFTY-II.NFO,04/04/2025,09:20:13,23277,23275,225,23278.3,225,0,1468800
NIFTY-II.NFO,04/04/2025,09:20:14,23275,23271,75,23274.55,75,225,1468800
NIFTY-II.NFO,04/04/2025,09:20:14,23275,23271,75,23274.55,75,0,1468800
NIFTY-II.NFO,04/04/2025,09:20:16,23275,23271,75,23277.3,150,0,1468800
NIFTY-II.NFO,04/04/2025,09:20:18,23271,23270,75,23275.45,150,75,1468800
NIFTY-II.NFO,04/04/2025,09:20:18,23271,23270,75,23275.45,150,0,1468800
NIFTY-II.NFO,04/04/2025,09:20:19,23271,23275.75,75,23276.25,375,0,1468800
NIFTY-II.NFO,04/04/2025,09:20:21,23267.75,23267,450,23275.8,75,300,1468800
NIFTY-II.NFO,04/04/2025,09:20:21,23267.75,23267,450,23275.8,75,0,1468800
NIFTY-II.NFO,04/04/2025,09:20:23,23270,23265.75,75,23270,900,75,1468800
NIFTY-II.NFO,04/04/2025,09:20:24,23257.4,23260.75,375,23269,150,1575,1468800
NIFTY-II.NFO,04/04/2025,09:20:24,23257.4,23260.75,375,23269,150,0,1468800
NIFTY-II.NFO,04/04/2025,09:20:26,23263.7,23260.3,375,23267.95,150,75,1468800
NIFTY-II.NFO,04/04/2025,09:20:28,23257.85,23258.05,300,23265.85,150,75,1468800
NIFTY-II.NFO,04/04/2025,09:20:29,23257.85,23255.75,150,23266.15,75,900,1468800
NIFTY-II.NFO,04/04/2025,09:20:29,23256,23255.75,150,23266.15,75,0,1468800
NIFTY-II.NFO,04/04/2025,09:20:31,23257.85,23257.4,75,23263,75,0,1468800
NIFTY-II.NFO,04/04/2025,09:20:33,23257.85,23257.4,75,23260.45,75,0,1468800
NIFTY-II.NFO,04/04/2025,09:20:34,23255,23253.4,75,23255,750,300,1468800
NIFTY-II.NFO,04/04/2025,09:20:34,23255,23253.4,75,23255,750,0,1468800
NIFTY-II.NFO,04/04/2025,09:20:36,23255,23250.3,75,23255,600,825,1468800
NIFTY-II.NFO,04/04/2025,09:20:36,23250.05,23250.3,75,23255,600,0,1468800
NIFTY-II.NFO,04/04/2025,09:20:38,23255,23250.15,75,23255,525,75,1468800
NIFTY-II.NFO,04/04/2025,09:20:39,23255,23250.2,75,23255,525,0,1468800
NIFTY-II.NFO,04/04/2025,09:20:41,23250.2,23250,675,23250.75,300,75,1468800
NIFTY-II.NFO,04/04/2025,09:20:43,23250.7,23244.55,75,23250.7,150,1575,1468800
NIFTY-II.NFO,04/04/2025,09:20:43,23242.3,23244.55,75,23250.7,150,0,1468800
NIFTY-II.NFO,04/04/2025,09:20:44,23243.55,23247.6,150,23253.4,75,300,1468800
NIFTY-II.NFO,04/04/2025,09:20:46,23247,23246.1,150,23253.4,75,675,1468800
NIFTY-II.NFO,04/04/2025,09:20:48,23253.4,23245.4,150,23255.25,225,75,1468800
NIFTY-II.NFO,04/04/2025,09:20:49,23253.4,23250,75,23253.75,150,0,1468800
NIFTY-II.NFO,04/04/2025,09:20:51,23244,23242.75,75,23251.8,150,300,1468800
NIFTY-II.NFO,04/04/2025,09:20:53,23246.55,23247.95,150,23257.65,150,375,1468800
NIFTY-II.NFO,04/04/2025,09:20:54,23246.55,23250,150,23260.3,150,0,1468800
NIFTY-II.NFO,04/04/2025,09:20:56,23250.55,23249.05,150,23259.85,225,75,1468800
NIFTY-II.NFO,04/04/2025,09:20:58,23260,23249.7,375,23259.55,75,75,1468800
NIFTY-II.NFO,04/04/2025,09:20:59,23246.55,23245.8,375,23255.05,225,225,1468800
NIFTY-II.NFO,04/04/2025,09:21:01,23254.95,23247.2,375,23256.4,75,75,1468800
NIFTY-II.NFO,04/04/2025,09:21:03,23245.8,23247.3,375,23256.1,75,750,1468800
NIFTY-II.NFO,04/04/2025,09:21:04,23246.75,23246.55,75,23252.3,150,75,1468800
NIFTY-II.NFO,04/04/2025,09:21:06,23246,23248,150,23251.9,225,300,1468800
NIFTY-II.NFO,04/04/2025,09:21:08,23246,23250,75,23250.8,150,0,1468800
NIFTY-II.NFO,04/04/2025,09:21:09,23250,23248,150,23250.55,150,150,1468800
NIFTY-II.NFO,04/04/2025,09:21:11,23250,23248,150,23251.8,75,0,1468800
NIFTY-II.NFO,04/04/2025,09:21:13,23245,23240.3,150,23249.05,150,750,1468800
NIFTY-II.NFO,04/04/2025,09:21:14,23248.65,23240.05,75,23247.7,300,225,1468800
NIFTY-II.NFO,04/04/2025,09:21:16,23240,23240,300,23245.85,75,75,1468800
NIFTY-II.NFO,04/04/2025,09:21:16,23240,23240,300,23245.85,75,0,1468800
NIFTY-II.NFO,04/04/2025,09:21:18,23245.75,23240,225,23245.3,225,225,1468800
NIFTY-II.NFO,04/04/2025,09:21:19,23245.95,23240,225,23245,150,150,1468800
NIFTY-II.NFO,04/04/2025,09:21:21,23245,23240,225,23245.7,75,75,1468800
NIFTY-II.NFO,04/04/2025,09:21:23,23245,23240,225,23245,75,0,1468800
NIFTY-II.NFO,04/04/2025,09:21:24,23244.95,23240,300,23245,75,75,1468800
NIFTY-II.NFO,04/04/2025,09:21:26,23245,23240,75,23246,300,1425,1468800
NIFTY-II.NFO,04/04/2025,09:21:26,23237.2,23240,75,23246,300,0,1468800
NIFTY-II.NFO,04/04/2025,09:21:28,23240,23237.65,150,23245.65,150,75,1466325
NIFTY-II.NFO,04/04/2025,09:21:29,23240,23235.65,375,23244.4,225,0,1466325
NIFTY-II.NFO,04/04/2025,09:21:31,23240,23232,75,23239.5,150,0,1466325
NIFTY-II.NFO,04/04/2025,09:21:33,23240,23232,75,23241.5,75,0,1466325
NIFTY-II.NFO,04/04/2025,09:21:34,23239.65,23232.05,75,23238.7,75,450,1466325
NIFTY-II.NFO,04/04/2025,09:21:36,23239.65,23232,75,23236.9,225,0,1466325
NIFTY-II.NFO,04/04/2025,09:21:38,23230.5,23232,75,23234.35,150,150,1466325
NIFTY-II.NFO,04/04/2025,09:21:38,23230.5,23232,75,23234.35,150,0,1466325
NIFTY-II.NFO,04/04/2025,09:21:39,23232.9,23230.5,75,23232.1,150,150,1466325
NIFTY-II.NFO,04/04/2025,09:21:41,23230.5,23230,225,23231.35,75,75,1466325
NIFTY-II.NFO,04/04/2025,09:21:43,23230,23230,150,23231.3,150,75,1466325
NIFTY-II.NFO,04/04/2025,09:21:43,23230,23230,150,23231.3,150,0,1466325
NIFTY-II.NFO,04/04/2025,09:21:44,23229.5,23221.05,75,23229.3,150,300,1466325
NIFTY-II.NFO,04/04/2025,09:21:44,23229.5,23221.05,75,23229.3,150,0,1466325
NIFTY-II.NFO,04/04/2025,09:21:46,23229,23229.5,75,23230.45,225,75,1466325
NIFTY-II.NFO,04/04/2025,09:21:46,23229,23229.5,75,23230.45,225,0,1466325
NIFTY-II.NFO,04/04/2025,09:21:48,23229,23229.5,75,23230.45,225,0,1466325
NIFTY-II.NFO,04/04/2025,09:21:49,23225,23224.25,225,23230.5,150,225,1466325
NIFTY-II.NFO,04/04/2025,09:21:49,23225,23224.25,225,23230.5,150,0,1466325
NIFTY-II.NFO,04/04/2025,09:21:51,23230.5,23228.4,75,23232,75,150,1466325
NIFTY-II.NFO,04/04/2025,09:21:53,23229,23222.9,450,23230,75,75,1466325
NIFTY-II.NFO,04/04/2025,09:21:54,23230,23223.95,75,23231.9,150,150,1466325
NIFTY-II.NFO,04/04/2025,09:21:54,23222.9,23223.95,75,23231.9,150,0,1466325
NIFTY-II.NFO,04/04/2025,09:21:56,23222.05,23222.35,75,23230.8,75,150,1466325
NIFTY-II.NFO,04/04/2025,09:21:56,23222.05,23222.35,75,23230.8,75,0,1466325
NIFTY-II.NFO,04/04/2025,09:21:58,23222.65,23225.15,225,23232,75,300,1466325
NIFTY-II.NFO,04/04/2025,09:21:59,23222.65,23229,75,23232,75,0,1466325
NIFTY-II.NFO,04/04/2025,09:22:03,23228.3,23228,75,23232,75,150,1466325
NIFTY-II.NFO,04/04/2025,09:22:04,23228.3,23229.45,75,23232,75,0,1466325
NIFTY-II.NFO,04/04/2025,09:22:06,23228.3,23229.9,225,23232,75,0,1466325
NIFTY-II.NFO,04/04/2025,09:22:08,23237.2,23230.1,225,23238.45,150,150,1466325
NIFTY-II.NFO,04/04/2025,09:22:09,23237.2,23230.2,75,23238.5,225,0,1466325
NIFTY-II.NFO,04/04/2025,09:22:11,23237.2,23233.85,225,23240,75,0,1466325
NIFTY-II.NFO,04/04/2025,09:22:13,23240,23241.25,75,23245,150,75,1466325
NIFTY-II.NFO,04/04/2025,09:22:14,23240,23240.25,75,23245,150,0,1466325
NIFTY-II.NFO,04/04/2025,09:22:16,23240,23241.7,225,23245,150,0,1466325
NIFTY-II.NFO,04/04/2025,09:22:18,23240,23236.85,75,23245,150,0,1466325
NIFTY-II.NFO,04/04/2025,09:22:19,23244.95,23241.2,75,23249.75,150,75,1466325
NIFTY-II.NFO,04/04/2025,09:22:21,23241.1,23241.15,225,23249.75,150,225,1466325
NIFTY-II.NFO,04/04/2025,09:22:23,23249.95,23241.25,225,23249.4,75,150,1466325
NIFTY-II.NFO,04/04/2025,09:22:24,23249.95,23241.55,75,23249.6,150,0,1466325
NIFTY-II.NFO,04/04/2025,09:22:26,23249.6,23244,75,23250,150,75,1466325
NIFTY-II.NFO,04/04/2025,09:22:28,23249.6,23241.1,150,23245.85,75,0,1466325
NIFTY-II.NFO,04/04/2025,09:22:29,23249.6,23241.1,150,23242.5,150,0,1466325
NIFTY-II.NFO,04/04/2025,09:22:31,23242.5,23241.1,75,23241.65,150,300,1466325
NIFTY-II.NFO,04/04/2025,09:22:33,23239.2,23232.1,225,23239.65,75,525,1466325
NIFTY-II.NFO,04/04/2025,09:22:34,23239.2,23236.5,225,23245.5,75,0,1466325
NIFTY-II.NFO,04/04/2025,09:22:36,23239.45,23239.45,150,23248.05,75,225,1466325
NIFTY-II.NFO,04/04/2025,09:22:38,23239.2,23236.85,150,23245.35,75,225,1466325
NIFTY-II.NFO,04/04/2025,09:22:39,23239.2,23240,150,23244.05,75,0,1466325
NIFTY-II.NFO,04/04/2025,09:22:41,23240,23240,75,23241.8,150,150,1466325
NIFTY-II.NFO,04/04/2025,09:22:43,23243.6,23240,75,23243.95,150,1275,1466325
NIFTY-II.NFO,04/04/2025,09:22:44,23243.6,23240,75,23244.55,375,0,1466325
NIFTY-II.NFO,04/04/2025,09:22:46,23240,23239,75,23239.2,675,75,1466325
NIFTY-II.NFO,04/04/2025,09:22:48,23239.2,23239,75,23239.2,525,150,1466325
NIFTY-II.NFO,04/04/2025,09:22:49,23239.2,23232.55,75,23239.2,450,150,1466325
NIFTY-II.NFO,04/04/2025,09:22:51,23239.2,23231.45,225,23239.15,225,0,1466325
NIFTY-II.NFO,04/04/2025,09:22:53,23239.2,23230,150,23235,75,0,1466325
NIFTY-II.NFO,04/04/2025,09:22:54,23235,23230.55,75,23238.4,225,75,1466325
NIFTY-II.NFO,04/04/2025,09:22:56,23237.45,23230,150,23237.55,150,150,1466325
NIFTY-II.NFO,04/04/2025,09:22:58,23237.55,23230,150,23237.55,75,75,1466325
NIFTY-II.NFO,04/04/2025,09:23:00,23237.55,23232.8,75,23239.2,450,0,1466325
NIFTY-II.NFO,04/04/2025,09:23:01,23237.55,23233.6,225,23239.2,450,0,1466325
NIFTY-II.NFO,04/04/2025,09:23:03,23237.55,23233.2,225,23239.2,450,0,1466325
NIFTY-II.NFO,04/04/2025,09:23:05,23239.2,23237.45,75,23239.2,150,300,1466325
NIFTY-II.NFO,04/04/2025,09:23:06,23250.1,23241,150,23249.6,375,675,1466325
NIFTY-II.NFO,04/04/2025,09:23:08,23250.1,23243.15,150,23250.8,375,0,1466325
NIFTY-II.NFO,04/04/2025,09:23:10,23250.1,23242.4,150,23249.45,375,0,1466325
NIFTY-II.NFO,04/04/2025,09:23:11,23240.8,23240.9,75,23249.2,75,150,1466325
NIFTY-II.NFO,04/04/2025,09:23:13,23249.4,23244.35,150,23251.5,375,150,1466325
NIFTY-II.NFO,04/04/2025,09:23:15,23251.5,23243.45,150,23248.95,75,75,1466325
NIFTY-II.NFO,04/04/2025,09:23:16,23252,23245.35,150,23252.85,300,75,1466325
NIFTY-II.NFO,04/04/2025,09:23:18,23246.95,23240,150,23243.95,75,75,1466325
NIFTY-II.NFO,04/04/2025,09:23:20,23246.95,23240,150,23243.95,75,0,1466325
NIFTY-II.NFO,04/04/2025,09:23:21,23247.4,23240,150,23245.95,75,750,1466325
NIFTY-II.NFO,04/04/2025,09:23:23,23243.95,23242.3,75,23249.6,150,75,1466325
NIFTY-II.NFO,04/04/2025,09:23:25,23249.6,23247,75,23250.9,750,75,1466325
NIFTY-II.NFO,04/04/2025,09:23:26,23247,23243,150,23250.5,375,75,1466325
NIFTY-II.NFO,04/04/2025,09:23:28,23247,23243.75,150,23251.4,75,0,1466325
NIFTY-II.NFO,04/04/2025,09:23:30,23247,23243.85,225,23251.4,75,0,1466325
NIFTY-II.NFO,04/04/2025,09:23:31,23247,23245.15,150,23252.55,375,0,1466325
NIFTY-II.NFO,04/04/2025,09:23:33,23252.3,23245.95,75,23249.95,75,150,1466325
NIFTY-II.NFO,04/04/2025,09:23:35,23252.3,23245.95,75,23248.7,300,0,1466325
NIFTY-II.NFO,04/04/2025,09:23:36,23247.05,23245.95,75,23247.25,75,225,1466325
NIFTY-II.NFO,04/04/2025,09:23:38,23244,23240,75,23243.95,75,300,1466325
NIFTY-II.NFO,04/04/2025,09:23:40,23246.9,23240,150,23246.85,375,150,1466325
NIFTY-II.NFO,04/04/2025,09:23:41,23246.9,23240,300,23244.95,75,0,1466325
NIFTY-II.NFO,04/04/2025,09:23:43,23245.95,23241.55,150,23247.95,75,75,1466325
NIFTY-II.NFO,04/04/2025,09:23:45,23245.95,23242.35,150,23248.95,75,0,1466325
NIFTY-II.NFO,04/04/2025,09:23:46,23245.95,23241.75,150,23246.9,75,0,1466325
NIFTY-II.NFO,04/04/2025,09:23:48,23246.9,23241.1,225,23246.95,75,75,1466325
NIFTY-II.NFO,04/04/2025,09:23:49,23246.9,23241.7,150,23249.35,150,0,1466325
NIFTY-II.NFO,04/04/2025,09:23:51,23242.05,23241,225,23245,675,150,1466325
NIFTY-II.NFO,04/04/2025,09:23:53,23241,23241,150,23241.3,375,75,1466325
NIFTY-II.NFO,04/04/2025,09:23:54,23238.4,23234.05,75,23239.6,675,375,1466325
NIFTY-II.NFO,04/04/2025,09:23:56,23234.05,23233.05,150,23239.25,150,75,1466325
NIFTY-II.NFO,04/04/2025,09:23:58,23233.05,23233.05,75,23236.8,150,150,1466325
NIFTY-II.NFO,04/04/2025,09:23:59,23232.55,23232,150,23234.35,225,225,1466325
NIFTY-II.NFO,04/04/2025,09:24:01,23232.55,23232.05,75,23236.4,150,0,1466325
NIFTY-II.NFO,04/04/2025,09:24:03,23236.95,23233,225,23236.9,150,150,1466325
NIFTY-II.NFO,04/04/2025,09:24:04,23233.2,23233.25,75,23239.95,75,750,1466325
NIFTY-II.NFO,04/04/2025,09:24:06,23233.2,23232.85,75,23239.9,75,0,1466325
NIFTY-II.NFO,04/04/2025,09:24:08,23236.95,23236.95,150,23239.5,75,150,1466325
NIFTY-II.NFO,04/04/2025,09:24:09,23236.95,23236.95,75,23240.1,75,150,1466325
NIFTY-II.NFO,04/04/2025,09:24:11,23235.95,23232.55,75,23235.95,75,225,1466325
NIFTY-II.NFO,04/04/2025,09:24:13,23235.95,23233.2,75,23235.7,150,0,1466325
NIFTY-II.NFO,04/04/2025,09:24:14,23235.95,23233.2,75,23235.95,75,0,1466325
NIFTY-II.NFO,04/04/2025,09:24:16,23235.95,23233.2,75,23233.4,150,0,1466325
NIFTY-II.NFO,04/04/2025,09:24:18,23235.95,23233.2,75,23234,750,0,1466325
NIFTY-II.NFO,04/04/2025,09:24:19,23230,23226,75,23228.7,150,900,1466325
NIFTY-II.NFO,04/04/2025,09:24:21,23221.8,23221,150,23225.9,75,600,1466325
NIFTY-II.NFO,04/04/2025,09:24:21,23221.8,23221,150,23225.9,75,0,1466325
NIFTY-II.NFO,04/04/2025,09:24:23,23221.8,23221,150,23225.85,150,0,1466325
NIFTY-II.NFO,04/04/2025,09:24:24,23221,23221,75,23224.65,75,75,1466325
NIFTY-II.NFO,04/04/2025,09:24:24,23221,23221,75,23224.65,75,0,1466325
NIFTY-II.NFO,04/04/2025,09:24:26,23221,23221,75,23222.95,75,0,1466325
NIFTY-II.NFO,04/04/2025,09:24:28,23221.65,23220,225,23221,525,150,1469325
NIFTY-II.NFO,04/04/2025,09:24:29,23219,23216.85,75,23219.55,75,450,1469325
NIFTY-II.NFO,04/04/2025,09:24:29,23219,23216.85,75,23219.55,75,0,1469325
NIFTY-II.NFO,04/04/2025,09:24:31,23219,23216.85,75,23218.95,75,0,1469325
NIFTY-II.NFO,04/04/2025,09:24:33,23216.85,23215,750,23218.95,75,150,1469325
NIFTY-II.NFO,04/04/2025,09:24:33,23216.85,23215,750,23218.95,75,0,1469325
NIFTY-II.NFO,04/04/2025,09:24:34,23216.85,23215,750,23217.55,75,0,1469325
NIFTY-II.NFO,04/04/2025,09:24:36,23215,23215,600,23219,75,225,1469325
NIFTY-II.NFO,04/04/2025,09:24:36,23215,23215,600,23219,75,0,1469325
NIFTY-II.NFO,04/04/2025,09:24:38,23217.95,23215,600,23218.95,75,300,1469325
NIFTY-II.NFO,04/04/2025,09:24:39,23217.95,23215.45,75,23219,75,0,1469325
NIFTY-II.NFO,04/04/2025,09:24:41,23219,23217.25,150,23220,150,75,1469325
NIFTY-II.NFO,04/04/2025,09:24:43,23217.95,23217.25,150,23220,150,75,1469325
NIFTY-II.NFO,04/04/2025,09:24:44,23220,23216.15,75,23219,75,75,1469325
NIFTY-II.NFO,04/04/2025,09:24:46,23219,23217.55,75,23220,75,300,1469325
NIFTY-II.NFO,04/04/2025,09:24:48,23220,23222.6,150,23229,75,375,1469325
NIFTY-II.NFO,04/04/2025,09:24:49,23220,23223.1,75,23228.95,75,0,1469325
NIFTY-II.NFO,04/04/2025,09:24:51,23223.1,23219.55,375,23223.95,75,75,1469325
NIFTY-II.NFO,04/04/2025,09:24:53,23224.95,23219.55,75,23223.95,75,150,1469325
NIFTY-II.NFO,04/04/2025,09:24:54,23224.95,23222.05,150,23228.95,75,0,1469325
NIFTY-II.NFO,04/04/2025,09:24:56,23224.95,23221.15,150,23224.95,75,0,1469325
NIFTY-II.NFO,04/04/2025,09:24:58,23224.95,23218.85,450,23221.95,75,0,1469325
NIFTY-II.NFO,04/04/2025,09:24:59,23224.95,23219.1,75,23222.95,75,0,1469325
NIFTY-II.NFO,04/04/2025,09:25:01,23219.1,23221.9,75,23226.95,75,75,1469325
NIFTY-II.NFO,04/04/2025,09:25:03,23229,23227.2,150,23234.95,150,75,1469325
NIFTY-II.NFO,04/04/2025,09:25:05,23229,23227.5,375,23230.95,75,0,1469325
NIFTY-II.NFO,04/04/2025,09:25:06,23229,23230,75,23232.95,75,0,1469325
NIFTY-II.NFO,04/04/2025,09:25:08,23230,23230,150,23232.9,75,75,1469325
NIFTY-II.NFO,04/04/2025,09:25:10,23230,23225,75,23228.95,150,150,1469325
NIFTY-II.NFO,04/04/2025,09:25:11,23225,23221.1,150,23224.95,75,300,1469325
NIFTY-II.NFO,04/04/2025,09:25:13,23225,23226.15,75,23234.25,75,0,1469325
NIFTY-II.NFO,04/04/2025,09:25:15,23225,23227.45,225,23235.9,75,0,1469325
NIFTY-II.NFO,04/04/2025,09:25:16,23225,23231.8,225,23240.9,75,0,1469325
NIFTY-II.NFO,04/04/2025,09:25:18,23225,23227.95,75,23231.95,75,0,1469325
NIFTY-II.NFO,04/04/2025,09:25:20,23225,23225.35,75,23229.95,75,0,1469325
NIFTY-II.NFO,04/04/2025,09:25:21,23223.85,23224.7,375,23228.95,75,75,1469325
NIFTY-II.NFO,04/04/2025,09:25:23,23223.85,23225,375,23230.95,75,0,1469325
NIFTY-II.NFO,04/04/2025,09:25:25,23223.85,23225.05,225,23229.95,75,0,1469325
NIFTY-II.NFO,04/04/2025,09:25:28,23225.35,23225,750,23228,75,375,1469325
NIFTY-II.NFO,04/04/2025,09:25:30,23225.35,23225,750,23228,75,0,1469325
NIFTY-II.NFO,04/04/2025,09:25:31,23225,23225,600,23227.95,75,150,1469325
NIFTY-II.NFO,04/04/2025,09:25:33,23225,23225,600,23227.95,75,0,1469325
NIFTY-II.NFO,04/04/2025,09:25:36,23228.95,23225,600,23229.95,75,225,1469325
NIFTY-II.NFO,04/04/2025,09:25:38,23225.05,23225.05,75,23230,75,75,1469325
NIFTY-II.NFO,04/04/2025,09:25:40,23225.05,23225.05,150,23229.95,75,0,1469325
NIFTY-II.NFO,04/04/2025,09:25:41,23229.95,23225.2,75,23229.95,75,75,1469325
NIFTY-II.NFO,04/04/2025,09:25:43,23229.95,23228.85,450,23230,75,0,1469325
NIFTY-II.NFO,04/04/2025,09:25:45,23229.95,23225.5,75,23230,75,0,1469325
NIFTY-II.NFO,04/04/2025,09:25:46,23229.95,23226.25,375,23229.95,75,0,1469325
NIFTY-II.NFO,04/04/2025,09:25:48,23229.95,23229.3,375,23229.95,75,0,1469325
NIFTY-II.NFO,04/04/2025,09:25:49,23229.95,23229.05,375,23229.95,75,0,1469325
NIFTY-II.NFO,04/04/2025,09:25:51,23229.95,23229.95,525,23230,75,75,1469325
NIFTY-II.NFO,04/04/2025,09:25:53,23230.1,23230.2,375,23231,75,150,1469325
NIFTY-II.NFO,04/04/2025,09:25:54,23235.95,23231.6,75,23238.9,150,225,1469325
NIFTY-II.NFO,04/04/2025,09:25:56,23235.95,23230.1,225,23236.95,75,0,1469325
NIFTY-II.NFO,04/04/2025,09:25:58,23234.95,23230.05,150,23236.55,75,75,1469325
NIFTY-II.NFO,04/04/2025,09:25:59,23237.55,23233.8,75,23241.35,75,75,1469325
NIFTY-II.NFO,04/04/2025,09:26:01,23241.9,23240.1,300,23244.95,75,75,1469325
NIFTY-II.NFO,04/04/2025,09:26:03,23241.9,23240.1,300,23245,150,0,1469325
NIFTY-II.NFO,04/04/2025,09:26:04,23245,23241.3,75,23245,75,75,1469325
NIFTY-II.NFO,04/04/2025,09:26:06,23249.3,23241.2,150,23249.95,150,150,1469325
NIFTY-II.NFO,04/04/2025,09:26:08,23245,23245,525,23249.3,225,75,1469325
NIFTY-II.NFO,04/04/2025,09:26:09,23245,23245,225,23245.05,225,450,1469325
NIFTY-II.NFO,04/04/2025,09:26:11,23245,23241.9,75,23242.1,75,150,1469325
NIFTY-II.NFO,04/04/2025,09:26:13,23245.5,23241.9,75,23245.5,150,75,1469325
NIFTY-II.NFO,04/04/2025,09:26:14,23245.5,23241.95,75,23246.25,75,0,1469325
NIFTY-II.NFO,04/04/2025,09:26:16,23241.95,23242.1,150,23244.25,75,75,1469325
NIFTY-II.NFO,04/04/2025,09:26:18,23241.95,23242.1,150,23242.85,150,0,1469325
NIFTY-II.NFO,04/04/2025,09:26:19,23242.7,23242.1,150,23243.3,300,75,1469325
NIFTY-II.NFO,04/04/2025,09:26:21,23242.7,23242.1,150,23243.85,75,0,1469325
NIFTY-II.NFO,04/04/2025,09:26:23,23242.7,23242.1,150,23247.75,75,0,1469325
NIFTY-II.NFO,04/04/2025,09:26:24,23242.7,23245.05,75,23249.7,75,0,1469325
NIFTY-II.NFO,04/04/2025,09:26:26,23249.2,23245.05,75,23249.85,75,75,1469325
NIFTY-II.NFO,04/04/2025,09:26:28,23249.85,23246.1,225,23250,225,75,1469325
NIFTY-II.NFO,04/04/2025,09:26:29,23249.85,23243.05,75,23249.95,75,0,1469325
NIFTY-II.NFO,04/04/2025,09:26:31,23249.25,23240.1,300,23245.45,150,975,1469325
NIFTY-II.NFO,04/04/2025,09:26:33,23249.25,23245,75,23245.5,150,0,1469325
NIFTY-II.NFO,04/04/2025,09:26:34,23245.5,23245.05,300,23250,225,150,1469325
NIFTY-II.NFO,04/04/2025,09:26:36,23245.5,23246.05,150,23250,225,0,1469325
NIFTY-II.NFO,04/04/2025,09:26:38,23245.5,23245,75,23249.95,150,0,1469325
NIFTY-II.NFO,04/04/2025,09:26:39,23245.5,23246.05,75,23250,150,0,1469325
NIFTY-II.NFO,04/04/2025,09:26:41,23245.5,23246.05,75,23250,225,0,1469325
NIFTY-II.NFO,04/04/2025,09:26:43,23245.5,23245,150,23249.2,375,0,1469325
NIFTY-II.NFO,04/04/2025,09:26:44,23245.05,23245.05,75,23249.15,150,150,1469325
NIFTY-II.NFO,04/04/2025,09:26:46,23245.5,23245,75,23246.35,375,75,1469325
NIFTY-II.NFO,04/04/2025,09:26:48,23245,23242.85,75,23244.8,300,75,1469325
NIFTY-II.NFO,04/04/2025,09:26:49,23246.55,23242.85,75,23247.95,150,1050,1469325
NIFTY-II.NFO,04/04/2025,09:26:51,23242.85,23245.05,150,23246.35,150,75,1469325
NIFTY-II.NFO,04/04/2025,09:26:53,23242.85,23245.05,150,23246.5,150,0,1469325
NIFTY-II.NFO,04/04/2025,09:26:54,23242.85,23246.05,75,23250,300,0,1469325
NIFTY-II.NFO,04/04/2025,09:26:56,23250,23246.05,75,23250,150,150,1469325
NIFTY-II.NFO,04/04/2025,09:26:58,23250,23246.05,150,23250,75,75,1469325
NIFTY-II.NFO,04/04/2025,09:26:59,23250,23247.1,150,23250,75,0,1469325
NIFTY-II.NFO,04/04/2025,09:27:01,23250.5,23250,75,23251,75,150,1469325
NIFTY-II.NFO,04/04/2025,09:27:03,23250.5,23250,75,23251,75,0,1469325
NIFTY-II.NFO,04/04/2025,09:27:05,23252,23250.1,225,23253,75,150,1469325
NIFTY-II.NFO,04/04/2025,09:27:06,23252,23250,75,23253,75,0,1469325
NIFTY-II.NFO,04/04/2025,09:27:08,23252,23250,150,23253,75,0,1469325
NIFTY-II.NFO,04/04/2025,09:27:10,23252,23250,225,23251.9,150,0,1469325
NIFTY-II.NFO,04/04/2025,09:27:11,23253,23250,225,23252.7,450,450,1469325
NIFTY-II.NFO,04/04/2025,09:27:13,23253,23253,75,23253.1,150,0,1469325
NIFTY-II.NFO,04/04/2025,09:27:15,23253,23250,225,23252.4,150,75,1469325
NIFTY-II.NFO,04/04/2025,09:27:16,23249.8,23247.5,75,23249.8,75,300,1469325
NIFTY-II.NFO,04/04/2025,09:27:18,23248.85,23245.05,150,23248.35,225,225,1469325
NIFTY-II.NFO,04/04/2025,09:27:20,23248.85,23245.05,150,23246.8,75,0,1469325
NIFTY-II.NFO,04/04/2025,09:27:21,23245.05,23242.85,225,23247.3,225,150,1469325
NIFTY-II.NFO,04/04/2025,09:27:23,23245.05,23242.85,225,23244.2,525,0,1469325
NIFTY-II.NFO,04/04/2025,09:27:25,23242.85,23242.7,75,23243.15,225,225,1469325
NIFTY-II.NFO,04/04/2025,09:27:26,23244.2,23241,75,23242.8,75,150,1469325
NIFTY-II.NFO,04/04/2025,09:27:28,23244.2,23241,75,23243.5,150,0,1469325
NIFTY-II.NFO,04/04/2025,09:27:30,23243.75,23241,75,23243.95,75,150,1471050
NIFTY-II.NFO,04/04/2025,09:27:31,23243.75,23241,75,23244.4,75,0,1471050
NIFTY-II.NFO,04/04/2025,09:27:33,23243.75,23241.4,150,23248.4,75,0,1471050
NIFTY-II.NFO,04/04/2025,09:27:35,23243.75,23241.15,225,23246.95,75,0,1471050
NIFTY-II.NFO,04/04/2025,09:27:36,23242.1,23243.1,225,23250.1,375,75,1471050
NIFTY-II.NFO,04/04/2025,09:27:38,23242.1,23244.1,150,23250.65,75,0,1471050
NIFTY-II.NFO,04/04/2025,09:27:40,23242.1,23243.8,225,23250.9,75,0,1471050
NIFTY-II.NFO,04/04/2025,09:27:41,23243.8,23245.1,225,23252.05,75,75,1471050
NIFTY-II.NFO,04/04/2025,09:27:43,23243.8,23246.1,150,23253.95,150,0,1471050
NIFTY-II.NFO,04/04/2025,09:27:45,23243.8,23246.65,225,23252.95,75,0,1471050
NIFTY-II.NFO,04/04/2025,09:27:46,23253.45,23246.05,150,23253.05,75,150,1471050
NIFTY-II.NFO,04/04/2025,09:27:48,23245.8,23246.1,375,23251.95,75,75,1471050
NIFTY-II.NFO,04/04/2025,09:27:50,23245.8,23245.05,150,23250.95,75,0,1471050
NIFTY-II.NFO,04/04/2025,09:27:51,23245.8,23246.75,375,23253.9,75,0,1471050
NIFTY-II.NFO,04/04/2025,09:27:53,23251.9,23245.8,150,23251.9,75,150,1471050
NIFTY-II.NFO,04/04/2025,09:27:55,23251.9,23245.8,75,23250.15,825,0,1471050
NIFTY-II.NFO,04/04/2025,09:27:56,23250,23250,75,23250.5,750,75,1471050
NIFTY-II.NFO,04/04/2025,09:27:58,23249.9,23245.8,75,23250.45,75,150,1471050
NIFTY-II.NFO,04/04/2025,09:28:00,23248.85,23245.8,75,23248.45,75,75,1471050
NIFTY-II.NFO,04/04/2025,09:28:01,23248.85,23245.8,75,23248.65,75,0,1471050
NIFTY-II.NFO,04/04/2025,09:28:03,23247.7,23243.8,75,23247.65,600,150,1471050
NIFTY-II.NFO,04/04/2025,09:28:05,23246.9,23243.8,75,23246.55,150,525,1471050
NIFTY-II.NFO,04/04/2025,09:28:06,23245.5,23245,225,23247,150,225,1471050
NIFTY-II.NFO,04/04/2025,09:28:08,23245,23241.05,225,23245,75,225,1471050
NIFTY-II.NFO,04/04/2025,09:28:10,23245,23241,75,23245,75,0,1471050
NIFTY-II.NFO,04/04/2025,09:28:11,23245,23245,75,23246.85,150,150,1471050
NIFTY-II.NFO,04/04/2025,09:28:13,23245,23240,150,23245.8,225,75,1471050
NIFTY-II.NFO,04/04/2025,09:28:15,23245,23241.05,75,23247.7,225,0,1471050
NIFTY-II.NFO,04/04/2025,09:28:16,23245,23240.55,300,23248.7,225,0,1471050
NIFTY-II.NFO,04/04/2025,09:28:18,23240.8,23240,150,23246.3,150,75,1471050
NIFTY-II.NFO,04/04/2025,09:28:20,23245,23240,150,23245.95,75,75,1471050
NIFTY-II.NFO,04/04/2025,09:28:21,23245,23242,1050,23246.35,75,0,1471050
NIFTY-II.NFO,04/04/2025,09:28:23,23245,23242,1050,23245.6,75,0,1471050
NIFTY-II.NFO,04/04/2025,09:28:25,23245.3,23242,1050,23244.15,150,75,1471050
NIFTY-II.NFO,04/04/2025,09:28:26,23242,23245.25,75,23246.35,75,75,1471050
NIFTY-II.NFO,04/04/2025,09:28:28,23242,23245.25,75,23245.45,300,0,1471050
NIFTY-II.NFO,04/04/2025,09:28:30,23242,23242,900,23246.35,75,150,1471050
NIFTY-II.NFO,04/04/2025,09:28:31,23242,23240.8,75,23245.6,750,1125,1471050
NIFTY-II.NFO,04/04/2025,09:28:33,23242,23245.05,150,23252.2,75,0,1471050
NIFTY-II.NFO,04/04/2025,09:28:35,23242,23245.55,375,23253.2,75,0,1471050
NIFTY-II.NFO,04/04/2025,09:28:36,23242,23245.35,375,23252.95,150,0,1471050
NIFTY-II.NFO,04/04/2025,09:28:38,23242,23245.55,150,23251.95,75,0,1471050
NIFTY-II.NFO,04/04/2025,09:28:40,23246.9,23247.15,375,23254.95,150,150,1471050
NIFTY-II.NFO,04/04/2025,09:28:41,23246.9,23247.85,375,23254.95,150,0,1471050
NIFTY-II.NFO,04/04/2025,09:28:43,23246.9,23247.85,300,23255.15,75,0,1471050
NIFTY-II.NFO,04/04/2025,09:28:45,23246.9,23245.85,225,23252.95,75,0,1471050
NIFTY-II.NFO,04/04/2025,09:28:46,23246.9,23248.05,225,23251.95,75,0,1471050
NIFTY-II.NFO,04/04/2025,09:28:48,23255.5,23248.05,225,23254.95,75,300,1471050
NIFTY-II.NFO,04/04/2025,09:28:50,23255.5,23251.75,375,23258.95,150,0,1471050
NIFTY-II.NFO,04/04/2025,09:28:51,23255.5,23255.9,225,23260,75,0,1471050
NIFTY-II.NFO,04/04/2025,09:28:53,23255.5,23255.05,150,23259.95,75,0,1471050
NIFTY-II.NFO,04/04/2025,09:28:55,23255.5,23255.95,150,23260,75,0,1471050
NIFTY-II.NFO,04/04/2025,09:28:56,23260,23256.7,300,23263.7,750,1125,1471050
NIFTY-II.NFO,04/04/2025,09:28:58,23253.65,23253.15,225,23259.95,75,75,1471050
NIFTY-II.NFO,04/04/2025,09:29:00,23261.95,23254.15,225,23261.8,75,300,1471050
NIFTY-II.NFO,04/04/2025,09:29:01,23261.95,23251.2,225,23258.95,75,0,1471050
NIFTY-II.NFO,04/04/2025,09:29:03,23261.95,23250.8,150,23260.15,75,0,1471050
NIFTY-II.NFO,04/04/2025,09:29:05,23258.95,23254.45,300,23260.95,75,75,1471050
NIFTY-II.NFO,04/04/2025,09:29:06,23258.95,23257.15,225,23264.6,75,0,1471050
NIFTY-II.NFO,04/04/2025,09:29:08,23258.95,23255.4,150,23262.95,75,0,1471050
NIFTY-II.NFO,04/04/2025,09:29:10,23258.95,23252.7,225,23258.9,150,0,1471050
NIFTY-II.NFO,04/04/2025,09:29:11,23259.9,23253.3,150,23260.95,75,75,1471050
NIFTY-II.NFO,04/04/2025,09:29:13,23259.9,23253.8,225,23260.9,75,0,1471050
NIFTY-II.NFO,04/04/2025,09:29:15,23259.9,23256.7,225,23264.1,375,0,1471050
NIFTY-II.NFO,04/04/2025,09:29:17,23259.9,23258.05,300,23265.55,75,0,1471050
NIFTY-II.NFO,04/04/2025,09:29:18,23258.1,23259.9,225,23266.7,825,75,1471050
NIFTY-II.NFO,04/04/2025,09:29:20,23259.95,23260.1,225,23267.8,75,150,1471050
NIFTY-II.NFO,04/04/2025,09:29:22,23260.85,23262,300,23269.5,750,75,1471050
NIFTY-II.NFO,04/04/2025,09:29:23,23260.85,23261.85,150,23269.55,75,0,1471050
NIFTY-II.NFO,04/04/2025,09:29:25,23260.85,23259.9,150,23267.25,75,0,1471050
NIFTY-II.NFO,04/04/2025,09:29:27,23267.5,23259.9,150,23260,75,150,1471050
NIFTY-II.NFO,04/04/2025,09:29:28,23260,23259.9,150,23261.1,75,75,1471050
NIFTY-II.NFO,04/04/2025,09:29:30,23259.9,23252,75,23259.2,150,375,1471050
NIFTY-II.NFO,04/04/2025,09:29:32,23259.9,23252.2,75,23259.9,150,0,1471050
NIFTY-II.NFO,04/04/2025,09:29:33,23259.9,23252,150,23258.25,750,0,1471050
NIFTY-II.NFO,04/04/2025,09:29:35,23250,23250,375,23256.8,225,150,1471050
NIFTY-II.NFO,04/04/2025,09:29:37,23257,23250,375,23257.55,150,150,1471050
NIFTY-II.NFO,04/04/2025,09:29:38,23250,23250,150,23256.3,150,150,1471050
NIFTY-II.NFO,04/04/2025,09:29:40,23255,23250,150,23254.55,375,75,1471050
NIFTY-II.NFO,04/04/2025,09:29:42,23250.05,23250.05,150,23255.95,75,75,1471050
NIFTY-II.NFO,04/04/2025,09:29:43,23250.05,23250.5,375,23257.95,75,0,1471050
NIFTY-II.NFO,04/04/2025,09:29:45,23250.05,23255.95,75,23259.9,75,0,1471050
NIFTY-II.NFO,04/04/2025,09:29:46,23255.95,23250.05,525,23256.9,150,75,1471050
NIFTY-II.NFO,04/04/2025,09:29:48,23255.95,23253.9,300,23261.5,75,0,1471050
NIFTY-II.NFO,04/04/2025,09:29:50,23255.95,23256.3,225,23260,75,0,1471050
NIFTY-II.NFO,04/04/2025,09:29:51,23260,23259.85,225,23267.15,150,225,1471050
NIFTY-II.NFO,04/04/2025,09:29:53,23260,23262.85,225,23269.95,375,0,1471050
NIFTY-II.NFO,04/04/2025,09:29:55,23260,23262.8,225,23270.2,150,0,1471050
NIFTY-II.NFO,04/04/2025,09:29:56,23260,23264.2,150,23271.05,75,0,1471050
NIFTY-II.NFO,04/04/2025,09:29:58,23260,23264.35,150,23271.05,75,0,1471050
NIFTY-II.NFO,04/04/2025,09:30:00,23264.5,23264.1,150,23271.05,75,75,1471050
NIFTY-II.NFO,04/04/2025,09:30:01,23270.5,23259.75,150,23267.85,150,675,1471050
NIFTY-II.NFO,04/04/2025,09:30:03,23267.85,23260.35,225,23268.5,150,75,1471050
NIFTY-II.NFO,04/04/2025,09:30:05,23267.85,23260.25,150,23268.35,75,0,1471050
NIFTY-II.NFO,04/04/2025,09:30:06,23257.1,23257.1,75,23264.9,150,75,1471050
NIFTY-II.NFO,04/04/2025,09:30:08,23256.05,23256.2,150,23263.9,150,150,1471050
NIFTY-II.NFO,04/04/2025,09:30:10,23256.7,23256.65,450,23263.8,150,225,1471050
NIFTY-II.NFO,04/04/2025,09:30:11,23256.7,23255.05,300,23262.9,150,0,1471050
NIFTY-II.NFO,04/04/2025,09:30:13,23256.7,23258.8,225,23267.5,150,0,1471050
NIFTY-II.NFO,04/04/2025,09:30:15,23256.7,23260,150,23267.9,300,0,1471050
NIFTY-II.NFO,04/04/2025,09:30:16,23256.7,23259.4,375,23266.9,150,0,1471050
NIFTY-II.NFO,04/04/2025,09:30:18,23265,23258.2,225,23265.95,75,75,1471050
NIFTY-II.NFO,04/04/2025,09:30:20,23264.95,23257.35,75,23265.3,150,75,1471050
NIFTY-II.NFO,04/04/2025,09:30:21,23264.95,23255,75,23258.9,150,0,1471050
NIFTY-II.NFO,04/04/2025,09:30:23,23264.95,23255,75,23257.2,150,0,1471050
NIFTY-II.NFO,04/04/2025,09:30:25,23264.95,23255,75,23260.05,150,0,1471050
NIFTY-II.NFO,04/04/2025,09:30:26,23264.95,23258,75,23263.45,150,0,1471050
NIFTY-II.NFO,04/04/2025,09:30:28,23264.95,23258,150,23264.9,150,0,1471050
NIFTY-II.NFO,04/04/2025,09:30:30,23264.95,23258.05,150,23260,75,0,1471050
NIFTY-II.NFO,04/04/2025,09:30:31,23260,23260.05,225,23264.95,75,75,1473375
NIFTY-II.NFO,04/04/2025,09:30:35,23264.95,23264.65,375,23272.4,75,75,1473375
NIFTY-II.NFO,04/04/2025,09:30:36,23264.95,23267.1,150,23274.7,75,0,1473375
NIFTY-II.NFO,04/04/2025,09:30:38,23265.95,23266.2,75,23273.95,75,75,1473375
NIFTY-II.NFO,04/04/2025,09:30:40,23265.95,23266.7,375,23274.3,750,0,1473375
NIFTY-II.NFO,04/04/2025,09:30:41,23265.95,23270,225,23273.95,375,0,1473375
NIFTY-II.NFO,04/04/2025,09:30:43,23270,23270,150,23272.9,150,75,1473375
NIFTY-II.NFO,04/04/2025,09:30:45,23270,23270,150,23270.8,150,0,1473375
NIFTY-II.NFO,04/04/2025,09:30:46,23270,23260.8,150,23265.95,75,150,1473375
NIFTY-II.NFO,04/04/2025,09:30:48,23260.75,23259.8,75,23265.95,75,525,1473375
NIFTY-II.NFO,04/04/2025,09:30:50,23260.75,23260.55,150,23265.95,75,0,1473375
NIFTY-II.NFO,04/04/2025,09:30:51,23260.75,23259.9,75,23265.95,75,0,1473375
NIFTY-II.NFO,04/04/2025,09:30:53,23259.15,23259.05,150,23265.95,75,75,1473375
NIFTY-II.NFO,04/04/2025,09:30:55,23259.15,23260.85,150,23265.95,75,0,1473375
NIFTY-II.NFO,04/04/2025,09:30:56,23265.95,23261.3,225,23268.9,150,75,1473375
NIFTY-II.NFO,04/04/2025,09:30:58,23265.95,23260.8,150,23268.95,75,0,1473375
NIFTY-II.NFO,04/04/2025,09:31:00,23265.95,23261.6,150,23269.1,150,0,1473375
NIFTY-II.NFO,04/04/2025,09:31:01,23265.95,23260.75,225,23266.85,150,0,1473375
NIFTY-II.NFO,04/04/2025,09:31:03,23265.95,23260.75,300,23267.2,150,0,1473375
NIFTY-II.NFO,04/04/2025,09:31:05,23265.95,23261.55,150,23269.65,150,0,1473375
NIFTY-II.NFO,04/04/2025,09:31:06,23260.75,23260.75,225,23267.5,150,75,1473375
NIFTY-II.NFO,04/04/2025,09:31:08,23262.1,23261.95,225,23269.4,150,75,1473375
NIFTY-II.NFO,04/04/2025,09:31:10,23262.1,23264.3,150,23271.95,75,0,1473375
NIFTY-II.NFO,04/04/2025,09:31:11,23262.1,23266.4,150,23272.95,75,0,1473375
NIFTY-II.NFO,04/04/2025,09:31:13,23262.1,23265.1,150,23272.9,150,0,1473375
NIFTY-II.NFO,04/04/2025,09:31:15,23262.1,23262.15,75,23270.2,300,0,1473375
NIFTY-II.NFO,04/04/2025,09:31:16,23262.1,23262.65,75,23269.95,225,0,1473375
NIFTY-II.NFO,04/04/2025,09:31:18,23269.95,23263.2,150,23270.05,75,75,1473375
NIFTY-II.NFO,04/04/2025,09:31:20,23269.95,23262.25,75,23270,150,0,1473375
NIFTY-II.NFO,04/04/2025,09:31:22,23269.95,23260.75,225,23268.8,150,0,1473375
NIFTY-II.NFO,04/04/2025,09:31:23,23269.95,23265,75,23268.55,150,0,1473375
NIFTY-II.NFO,04/04/2025,09:31:25,23269.95,23265,75,23267.25,150,0,1473375
NIFTY-II.NFO,04/04/2025,09:31:27,23269.95,23265,75,23265.75,150,0,1473375
NIFTY-II.NFO,04/04/2025,09:31:28,23266.1,23265,75,23266.35,150,75,1473375
NIFTY-II.NFO,04/04/2025,09:31:30,23260.75,23260.75,75,23267.4,375,150,1473375
NIFTY-II.NFO,04/04/2025,09:31:32,23267.9,23260.75,75,23267.9,75,75,1473375
NIFTY-II.NFO,04/04/2025,09:31:33,23267.9,23260.75,150,23267.9,150,0,1473375
NIFTY-II.NFO,04/04/2025,09:31:35,23266.65,23260.75,75,23267.25,150,75,1473375
NIFTY-II.NFO,04/04/2025,09:31:37,23266.65,23260.75,75,23265.45,150,0,1473375
NIFTY-II.NFO,04/04/2025,09:31:38,23266.65,23261,75,23267,900,0,1473375
NIFTY-II.NFO,04/04/2025,09:31:40,23266.65,23261,75,23263.8,150,0,1473375
NIFTY-II.NFO,04/04/2025,09:31:42,23263,23261,75,23263.6,150,75,1473375
NIFTY-II.NFO,04/04/2025,09:31:43,23263,23261,75,23262.45,75,0,1473375
NIFTY-II.NFO,04/04/2025,09:31:45,23261,23260.75,75,23262.1,150,75,1473375
NIFTY-II.NFO,04/04/2025,09:31:46,23261,23260.75,75,23261.1,150,75,1473375
NIFTY-II.NFO,04/04/2025,09:31:48,23260,23260,300,23261,225,150,1473375
NIFTY-II.NFO,04/04/2025,09:31:50,23256.2,23255,150,23257.6,150,525,1473375
NIFTY-II.NFO,04/04/2025,09:31:51,23255,23255,75,23256.15,75,75,1473375
NIFTY-II.NFO,04/04/2025,09:31:53,23255,23250,600,23257.35,150,150,1473375
NIFTY-II.NFO,04/04/2025,09:31:55,23255,23250,525,23255,75,0,1473375
NIFTY-II.NFO,04/04/2025,09:31:56,23250,23250,225,23255,75,300,1473375
NIFTY-II.NFO,04/04/2025,09:31:58,23250,23252.55,150,23255,75,0,1473375
NIFTY-II.NFO,04/04/2025,09:32:00,23250,23250.15,225,23255,75,0,1473375
NIFTY-II.NFO,04/04/2025,09:32:01,23250.45,23250.4,225,23255,75,75,1473375
NIFTY-II.NFO,04/04/2025,09:32:03,23250.45,23250,225,23255,75,0,1473375
NIFTY-II.NFO,04/04/2025,09:32:05,23255,23250,225,23256.7,150,75,1473375
NIFTY-II.NFO,04/04/2025,09:32:06,23255,23250,225,23254.55,75,0,1473375
NIFTY-II.NFO,04/04/2025,09:32:08,23255,23250,225,23250.7,75,0,1473375
NIFTY-II.NFO,04/04/2025,09:32:10,23250,23241.3,225,23249.95,75,225,1473375
NIFTY-II.NFO,04/04/2025,09:32:11,23250,23250.7,300,23258.1,75,0,1473375
NIFTY-II.NFO,04/04/2025,09:32:13,23249.15,23250,75,23256.55,150,75,1473375
NIFTY-II.NFO,04/04/2025,09:32:15,23249.15,23250,75,23252.85,75,0,1473375
NIFTY-II.NFO,04/04/2025,09:32:16,23249.15,23250,75,23253.2,225,0,1473375
NIFTY-II.NFO,04/04/2025,09:32:18,23249.15,23250,75,23254.95,75,0,1473375
NIFTY-II.NFO,04/04/2025,09:32:20,23255.65,23250.05,150,23256,75,75,1473375
NIFTY-II.NFO,04/04/2025,09:32:21,23255.65,23250.05,150,23255.75,75,0,1473375
NIFTY-II.NFO,04/04/2025,09:32:23,23255.65,23250.1,150,23256.35,1050,0,1473375
NIFTY-II.NFO,04/04/2025,09:32:25,23250.1,23250.15,225,23256.4,75,75,1473375
NIFTY-II.NFO,04/04/2025,09:32:26,23257.9,23251.4,225,23258.45,150,75,1473375
NIFTY-II.NFO,04/04/2025,09:32:28,23257.9,23250.75,225,23257.55,75,0,1473375
NIFTY-II.NFO,04/04/2025,09:32:30,23257.9,23255.05,150,23260,75,0,1473375
NIFTY-II.NFO,04/04/2025,09:32:31,23257.9,23256.4,150,23260,75,0,1473375
NIFTY-II.NFO,04/04/2025,09:32:33,23257.9,23255.65,225,23260,75,0,1473375
NIFTY-II.NFO,04/04/2025,09:32:35,23257.9,23256.25,150,23260,75,0,1473375
NIFTY-II.NFO,04/04/2025,09:32:36,23257.9,23257.9,75,23260,75,0,1473375
NIFTY-II.NFO,04/04/2025,09:32:38,23257.9,23251.05,225,23258.95,225,75,1473375
NIFTY-II.NFO,04/04/2025,09:32:40,23251,23250.1,150,23255.3,375,75,1473375
NIFTY-II.NFO,04/04/2025,09:32:41,23251,23250.1,150,23254.8,150,0,1473375
NIFTY-II.NFO,04/04/2025,09:32:43,23251,23250.1,150,23256.2,75,0,1473375
NIFTY-II.NFO,04/04/2025,09:32:45,23251,23252.95,225,23260,75,0,1473375
NIFTY-II.NFO,04/04/2025,09:32:46,23260.65,23252.9,150,23260.35,150,1200,1473375
NIFTY-II.NFO,04/04/2025,09:32:48,23260.65,23253.2,150,23260.75,1050,0,1473375
NIFTY-II.NFO,04/04/2025,09:32:50,23260.65,23255.3,150,23262.75,150,0,1473375
NIFTY-II.NFO,04/04/2025,09:32:51,23260.65,23256.55,300,23264.25,900,0,1473375
NIFTY-II.NFO,04/04/2025,09:32:53,23260.65,23253.8,150,23261.8,150,0,1473375
NIFTY-II.NFO,04/04/2025,09:32:55,23261.75,23252.85,150,23261.05,150,75,1473375
NIFTY-II.NFO,04/04/2025,09:32:56,23261.75,23255.1,150,23260.95,75,0,1473375
NIFTY-II.NFO,04/04/2025,09:32:58,23261.75,23256.25,75,23262.9,150,0,1473375
NIFTY-II.NFO,04/04/2025,09:33:00,23261.75,23261.5,225,23265,375,0,1473375
NIFTY-II.NFO,04/04/2025,09:33:01,23261.75,23260.55,300,23265,375,0,1473375
NIFTY-II.NFO,04/04/2025,09:33:03,23261.75,23262.45,375,23265,375,0,1473375
NIFTY-II.NFO,04/04/2025,09:33:05,23261.75,23263.2,225,23265,375,0,1473375
NIFTY-II.NFO,04/04/2025,09:33:06,23272.95,23266.85,375,23275,225,675,1473375
NIFTY-II.NFO,04/04/2025,09:33:08,23272.95,23270.25,150,23275,225,0,1473375
NIFTY-II.NFO,04/04/2025,09:33:10,23275,23275.1,375,23280,75,300,1473375
NIFTY-II.NFO,04/04/2025,09:33:11,23275,23275.1,375,23278.1,150,0,1473375
NIFTY-II.NFO,04/04/2025,09:33:13,23275,23275.1,375,23279.75,150,0,1473375
NIFTY-II.NFO,04/04/2025,09:33:15,23275,23275.1,375,23279.95,150,0,1473375
NIFTY-II.NFO,04/04/2025,09:33:16,23282.6,23280,375,23282.4,600,1200,1473375
NIFTY-II.NFO,04/04/2025,09:33:18,23280,23282.2,150,23286,75,225,1473375
NIFTY-II.NFO,04/04/2025,09:33:20,23286,23283.8,150,23289.45,75,225,1473375
NIFTY-II.NFO,04/04/2025,09:33:21,23289.45,23282.5,225,23289.8,375,75,1473375
NIFTY-II.NFO,04/04/2025,09:33:23,23289.45,23287.5,150,23288.2,75,0,1473375
NIFTY-II.NFO,04/04/2025,09:33:25,23288.2,23287.4,150,23290,75,150,1473375
NIFTY-II.NFO,04/04/2025,09:33:26,23298.85,23291.35,150,23299,300,225,1473375
NIFTY-II.NFO,04/04/2025,09:33:28,23298.85,23290.25,75,23294.7,375,0,1473375
NIFTY-II.NFO,04/04/2025,09:33:30,23290.25,23290,150,23293.2,75,150,1473975
NIFTY-II.NFO,04/04/2025,09:33:31,23290,23290,75,23294.2,75,75,1473975
NIFTY-II.NFO,04/04/2025,09:33:33,23290,23287.1,150,23294.9,75,75,1473975
NIFTY-II.NFO,04/04/2025,09:33:35,23290,23291.2,150,23295,75,0,1473975
NIFTY-II.NFO,04/04/2025,09:33:36,23295,23292.8,225,23299,300,75,1473975
NIFTY-II.NFO,04/04/2025,09:33:38,23295,23295.35,75,23299,300,0,1473975
NIFTY-II.NFO,04/04/2025,09:33:40,23295,23298.25,150,23299,300,0,1473975
NIFTY-II.NFO,04/04/2025,09:33:41,23301,23302,75,23307,150,525,1473975
NIFTY-II.NFO,04/04/2025,09:33:43,23301,23302,75,23304.55,75,0,1473975
NIFTY-II.NFO,04/04/2025,09:33:45,23303.3,23293.1,150,23301.9,75,150,1473975
NIFTY-II.NFO,04/04/2025,09:33:46,23299,23295.7,150,23302.95,75,150,1473975
NIFTY-II.NFO,04/04/2025,09:33:48,23301,23294.35,150,23300.95,75,150,1473975
NIFTY-II.NFO,04/04/2025,09:33:50,23301,23294.9,150,23301,675,0,1473975
NIFTY-II.NFO,04/04/2025,09:33:51,23301,23296.2,150,23301,525,150,1473975
NIFTY-II.NFO,04/04/2025,09:33:53,23301,23296.9,150,23301,450,75,1473975
NIFTY-II.NFO,04/04/2025,09:33:55,23301,23302,300,23307,150,450,1473975
NIFTY-II.NFO,04/04/2025,09:33:56,23301,23302.95,75,23307,150,0,1473975
NIFTY-II.NFO,04/04/2025,09:33:58,23310,23309.85,150,23313,150,825,1473975
NIFTY-II.NFO,04/04/2025,09:34:00,23313,23307.05,150,23313.9,150,300,1473975
NIFTY-II.NFO,04/04/2025,09:34:01,23313,23307,150,23311.05,150,0,1473975
NIFTY-II.NFO,04/04/2025,09:34:03,23312.75,23307.05,75,23314.95,75,75,1473975
NIFTY-II.NFO,04/04/2025,09:34:05,23312.75,23307,150,23312.3,450,0,1473975
NIFTY-II.NFO,04/04/2025,09:34:06,23312.1,23307,150,23313.9,75,75,1473975
NIFTY-II.NFO,04/04/2025,09:34:08,23312.6,23307,150,23312.45,75,150,1473975
NIFTY-II.NFO,04/04/2025,09:34:10,23313.15,23305.3,150,23314.9,75,300,1473975
NIFTY-II.NFO,04/04/2025,09:34:11,23313.15,23305,300,23310.2,75,0,1473975
NIFTY-II.NFO,04/04/2025,09:34:13,23308,23305,300,23308,375,225,1473975
NIFTY-II.NFO,04/04/2025,09:34:15,23305,23305,225,23308.2,150,225,1473975
NIFTY-II.NFO,04/04/2025,09:34:16,23305,23305,75,23311.45,300,150,1473975
NIFTY-II.NFO,04/04/2025,09:34:18,23305,23307.45,150,23311.2,150,0,1473975
NIFTY-II.NFO,04/04/2025,09:34:20,23305,23307.45,150,23313.1,150,0,1473975
NIFTY-II.NFO,04/04/2025,09:34:21,23307.45,23307.45,75,23313.95,150,75,1473975
NIFTY-II.NFO,04/04/2025,09:34:23,23307.45,23307.45,75,23309.2,150,0,1473975
NIFTY-II.NFO,04/04/2025,09:34:25,23307.45,23305.05,75,23310,75,75,1473975
NIFTY-II.NFO,04/04/2025,09:34:26,23313.2,23307.7,225,23315,375,225,1473975
NIFTY-II.NFO,04/04/2025,09:34:28,23314.9,23306.2,150,23314.35,300,75,1473975
NIFTY-II.NFO,04/04/2025,09:34:30,23311.25,23305,75,23311,600,225,1473975
NIFTY-II.NFO,04/04/2025,09:34:31,23311.25,23305,75,23311.3,300,0,1473975
NIFTY-II.NFO,04/04/2025,09:34:33,23305,23304.8,150,23312.9,375,75,1473975
NIFTY-II.NFO,04/04/2025,09:34:35,23305,23302.15,150,23310.55,300,0,1473975
NIFTY-II.NFO,04/04/2025,09:34:36,23305,23301,75,23305,75,0,1473975
NIFTY-II.NFO,04/04/2025,09:34:38,23305,23302,75,23305,75,0,1473975
NIFTY-II.NFO,04/04/2025,09:34:40,23302.6,23304.2,150,23312.15,75,150,1473975
NIFTY-II.NFO,04/04/2025,09:34:41,23302.6,23303.85,75,23310,75,0,1473975
NIFTY-II.NFO,04/04/2025,09:34:43,23312.9,23303.55,75,23312.45,375,225,1473975
NIFTY-II.NFO,04/04/2025,09:34:45,23313.2,23306.3,75,23313.95,75,225,1473975
NIFTY-II.NFO,04/04/2025,09:34:46,23313.2,23309.05,225,23315,300,0,1473975
NIFTY-II.NFO,04/04/2025,09:34:48,23320,23318.35,75,23321,75,600,1473975
NIFTY-II.NFO,04/04/2025,09:34:50,23318.05,23319.2,75,23321,75,75,1473975
NIFTY-II.NFO,04/04/2025,09:34:51,23318.6,23319,75,23321,75,75,1473975
NIFTY-II.NFO,04/04/2025,09:34:53,23329.3,23320.2,75,23328.8,375,1425,1473975
NIFTY-II.NFO,04/04/2025,09:34:55,23323.75,23315.7,150,23323.95,150,600,1473975
NIFTY-II.NFO,04/04/2025,09:34:56,23323.75,23318.7,225,23326.7,75,0,1473975
NIFTY-II.NFO,04/04/2025,09:34:58,23323.75,23314.5,225,23323.4,75,0,1473975
NIFTY-II.NFO,04/04/2025,09:35:00,23324.8,23320.1,225,23325,75,750,1473975
NIFTY-II.NFO,04/04/2025,09:35:01,23320.1,23313.15,150,23322.6,525,225,1473975
NIFTY-II.NFO,04/04/2025,09:35:03,23320,23308.1,75,23317.2,375,375,1473975
NIFTY-II.NFO,04/04/2025,09:35:05,23311.95,23311.9,150,23320.9,75,150,1473975
NIFTY-II.NFO,04/04/2025,09:35:06,23320.75,23312.3,75,23321.7,300,525,1473975
NIFTY-II.NFO,04/04/2025,09:35:08,23319,23318,75,23323,75,300,1473975
NIFTY-II.NFO,04/04/2025,09:35:10,23323,23318,75,23323.85,375,75,1473975
NIFTY-II.NFO,04/04/2025,09:35:11,23323,23318,75,23325,75,0,1473975
NIFTY-II.NFO,04/04/2025,09:35:13,23323.75,23318,75,23323.7,375,1050,1473975
NIFTY-II.NFO,04/04/2025,09:35:15,23321.55,23312.35,150,23320.45,375,150,1473975
NIFTY-II.NFO,04/04/2025,09:35:16,23311.6,23310.7,75,23319.6,150,75,1473975
NIFTY-II.NFO,04/04/2025,09:35:18,23313.55,23313.55,150,23318.35,75,75,1473975
NIFTY-II.NFO,04/04/2025,09:35:20,23313.55,23313.55,150,23318.65,75,0,1473975
NIFTY-II.NFO,04/04/2025,09:35:21,23313.55,23310,75,23317,75,150,1473975
NIFTY-II.NFO,04/04/2025,09:35:23,23305,23304.75,75,23313.45,75,375,1473975
NIFTY-II.NFO,04/04/2025,09:35:25,23305,23305.65,150,23313.7,75,0,1473975
NIFTY-II.NFO,04/04/2025,09:35:26,23305,23303.75,75,23311.05,75,0,1473975
NIFTY-II.NFO,04/04/2025,09:35:28,23305,23303.8,150,23311.3,75,0,1473975
NIFTY-II.NFO,04/04/2025,09:35:30,23305,23303.75,75,23309.15,150,0,1473975
NIFTY-II.NFO,04/04/2025,09:35:31,23305,23305,150,23309.8,75,0,1473975
NIFTY-II.NFO,04/04/2025,09:35:33,23303.75,23300.05,75,23306.95,75,300,1473975
NIFTY-II.NFO,04/04/2025,09:35:35,23305.4,23300,150,23305.25,150,75,1473975
NIFTY-II.NFO,04/04/2025,09:35:36,23300,23292.5,75,23301.95,150,300,1473975
NIFTY-II.NFO,04/04/2025,09:35:38,23300,23296.25,150,23304.4,375,0,1473975
NIFTY-II.NFO,04/04/2025,09:35:40,23295.65,23298.45,75,23303.75,75,300,1473975
NIFTY-II.NFO,04/04/2025,09:35:41,23295.65,23299.3,675,23303.75,75,0,1473975
NIFTY-II.NFO,04/04/2025,09:35:43,23303.75,23302.75,75,23309.95,150,75,1473975
NIFTY-II.NFO,04/04/2025,09:35:45,23303.75,23301.55,75,23309.65,75,0,1473975
NIFTY-II.NFO,04/04/2025,09:35:46,23302.15,23302.25,75,23309.45,375,150,1473975
NIFTY-II.NFO,04/04/2025,09:35:48,23302.15,23306.7,75,23312.4,150,0,1473975
NIFTY-II.NFO,04/04/2025,09:35:50,23302.15,23309.9,225,23310,75,0,1473975
NIFTY-II.NFO,04/04/2025,09:35:51,23317.95,23310.4,75,23317.9,75,225,1473975
NIFTY-II.NFO,04/04/2025,09:35:53,23318.15,23310.2,225,23317.8,225,150,1473975
NIFTY-II.NFO,04/04/2025,09:35:55,23318.15,23311.5,225,23319.15,150,0,1473975
NIFTY-II.NFO,04/04/2025,09:35:56,23318.15,23309.3,75,23317.65,75,0,1473975
NIFTY-II.NFO,04/04/2025,09:35:58,23318.15,23310.05,75,23317.05,300,0,1473975
NIFTY-II.NFO,04/04/2025,09:36:00,23318.15,23312.1,150,23318.6,75,0,1473975
NIFTY-II.NFO,04/04/2025,09:36:01,23317.7,23309.3,75,23316.75,150,75,1473975
NIFTY-II.NFO,04/04/2025,09:36:03,23317.7,23309.5,75,23317.65,75,0,1473975
NIFTY-II.NFO,04/04/2025,09:36:05,23317.7,23311.2,75,23318.55,75,0,1473975
NIFTY-II.NFO,04/04/2025,09:36:06,23317.7,23314.65,225,23320,450,0,1473975
NIFTY-II.NFO,04/04/2025,09:36:08,23317.7,23316,75,23320,450,0,1473975
NIFTY-II.NFO,04/04/2025,09:36:10,23317.7,23310.35,450,23318.55,225,0,1473975
NIFTY-II.NFO,04/04/2025,09:36:11,23319.65,23313.15,75,23320,450,225,1473975
NIFTY-II.NFO,04/04/2025,09:36:13,23319.65,23309.9,150,23317.75,75,0,1473975
NIFTY-II.NFO,04/04/2025,09:36:15,23319.65,23310,75,23316.75,75,0,1473975
NIFTY-II.NFO,04/04/2025,09:36:16,23316.4,23310,75,23314.65,75,75,1473975
NIFTY-II.NFO,04/04/2025,09:36:18,23317.4,23310.5,75,23317.65,375,150,1473975
NIFTY-II.NFO,04/04/2025,09:36:20,23317.4,23309.25,225,23314.5,450,0,1473975
NIFTY-II.NFO,04/04/2025,09:36:21,23317.4,23309.25,225,23311.25,375,0,1473975
NIFTY-II.NFO,04/04/2025,09:36:23,23309.25,23302.4,150,23310.15,450,300,1473975
NIFTY-II.NFO,04/04/2025,09:36:25,23309.25,23303.1,75,23311.15,75,0,1473975
NIFTY-II.NFO,04/04/2025,09:36:26,23310.3,23302.2,75,23310.35,375,75,1473975
NIFTY-II.NFO,04/04/2025,09:36:28,23310.3,23302.1,150,23309.55,450,0,1473975
NIFTY-II.NFO,04/04/2025,09:36:30,23310.3,23303.05,75,23310.45,450,0,1473975
NIFTY-II.NFO,04/04/2025,09:36:31,23310.3,23306.4,150,23314.65,300,0,1473975
NIFTY-II.NFO,04/04/2025,09:36:33,23310.3,23306.2,75,23313.9,150,0,1473975
NIFTY-II.NFO,04/04/2025,09:36:35,23310.3,23310.55,75,23318.55,150,75,1474350
NIFTY-II.NFO,04/04/2025,09:36:36,23312.35,23311.15,225,23319.1,150,150,1474350
NIFTY-II.NFO,04/04/2025,09:36:38,23312.35,23309.55,75,23318,75,0,1474350
NIFTY-II.NFO,04/04/2025,09:36:40,23312.35,23310.45,150,23317.9,75,0,1474350
NIFTY-II.NFO,04/04/2025,09:36:41,23312.35,23315.3,75,23320,525,0,1474350
NIFTY-II.NFO,04/04/2025,09:36:43,23312.35,23315.85,75,23320,525,0,1474350
NIFTY-II.NFO,04/04/2025,09:36:45,23312.35,23316.15,75,23320,525,0,1474350
NIFTY-II.NFO,04/04/2025,09:36:46,23317.35,23319.35,75,23320,525,75,1474350
NIFTY-II.NFO,04/04/2025,09:36:48,23320,23320.8,75,23325,150,525,1474350
NIFTY-II.NFO,04/04/2025,09:36:50,23325,23325.3,75,23327,75,150,1474350
NIFTY-II.NFO,04/04/2025,09:36:51,23331,23331.75,75,23335,75,375,1474350
NIFTY-II.NFO,04/04/2025,09:36:53,23335,23334.3,75,23340,75,75,1474350
NIFTY-II.NFO,04/04/2025,09:36:55,23335,23329.25,75,23336.65,75,0,1474350
NIFTY-II.NFO,04/04/2025,09:36:56,23335.25,23327.8,75,23335.75,75,75,1474350
NIFTY-II.NFO,04/04/2025,09:36:58,23335.25,23331.8,75,23338.2,375,0,1474350
NIFTY-II.NFO,04/04/2025,09:37:00,23338.9,23326.1,75,23334.45,75,75,1474350
NIFTY-II.NFO,04/04/2025,09:37:01,23338.9,23326.55,75,23334.85,75,0,1474350
NIFTY-II.NFO,04/04/2025,09:37:03,23338.9,23326.1,75,23334.9,150,0,1474350
NIFTY-II.NFO,04/04/2025,09:37:05,23327.15,23327.15,75,23335.4,150,75,1474350
NIFTY-II.NFO,04/04/2025,09:37:06,23334.95,23329.05,75,23337.05,450,300,1474350
NIFTY-II.NFO,04/04/2025,09:37:08,23334.95,23327.6,75,23336.65,150,0,1474350
NIFTY-II.NFO,04/04/2025,09:37:10,23322.75,23323.1,75,23331.7,75,150,1474350
NIFTY-II.NFO,04/04/2025,09:37:11,23322.75,23320.55,75,23329.5,75,0,1474350
NIFTY-II.NFO,04/04/2025,09:37:13,23328.7,23320.2,75,23328.35,75,75,1474350
NIFTY-II.NFO,04/04/2025,09:37:15,23328.7,23320,75,23325.55,150,0,1474350
NIFTY-II.NFO,04/04/2025,09:37:16,23328.7,23320,975,23327.2,300,0,1474350
NIFTY-II.NFO,04/04/2025,09:37:18,23320,23320,900,23326.5,300,75,1474350
NIFTY-II.NFO,04/04/2025,09:37:20,23320,23320,900,23322.3,150,0,1474350
NIFTY-II.NFO,04/04/2025,09:37:21,23320,23315.55,225,23321.6,150,900,1474350
NIFTY-II.NFO,04/04/2025,09:37:23,23320,23316.2,75,23324.8,150,0,1474350
NIFTY-II.NFO,04/04/2025,09:37:25,23320,23317.65,75,23326.65,75,0,1474350
NIFTY-II.NFO,04/04/2025,09:37:26,23320,23316.45,150,23325.4,75,0,1474350
NIFTY-II.NFO,04/04/2025,09:37:28,23316.4,23317.1,150,23324.7,300,225,1474350
NIFTY-II.NFO,04/04/2025,09:37:30,23316.4,23320.65,150,23328.55,75,0,1474350
NIFTY-II.NFO,04/04/2025,09:37:31,23316.4,23322.7,225,23329.9,75,0,1474350
NIFTY-II.NFO,04/04/2025,09:37:33,23316.4,23320.1,150,23328.65,75,0,1474350
NIFTY-II.NFO,04/04/2025,09:37:35,23322.35,23318.7,75,23326.65,75,75,1474350
NIFTY-II.NFO,04/04/2025,09:37:36,23322.35,23316.4,75,23323.45,600,0,1474350
NIFTY-II.NFO,04/04/2025,09:37:38,23324.35,23317.7,75,23324.75,375,300,1474350
NIFTY-II.NFO,04/04/2025,09:37:40,23324.35,23319.1,75,23325.3,375,0,1474350
NIFTY-II.NFO,04/04/2025,09:37:41,23326,23319.4,75,23326.3,375,75,1474350
NIFTY-II.NFO,04/04/2025,09:37:43,23326,23320.55,75,23327.65,375,0,1474350
NIFTY-II.NFO,04/04/2025,09:37:45,23326,23324.7,75,23329.5,450,0,1474350
NIFTY-II.NFO,04/04/2025,09:37:46,23326,23326,225,23329.3,375,0,1474350
NIFTY-II.NFO,04/04/2025,09:37:48,23326,23326,225,23330,75,0,1474350
NIFTY-II.NFO,04/04/2025,09:37:50,23324.7,23323.8,75,23329.95,150,300,1474350
NIFTY-II.NFO,04/04/2025,09:37:51,23324.7,23324.85,75,23330,75,0,1474350
NIFTY-II.NFO,04/04/2025,09:37:53,23324.7,23324.1,75,23330,75,0,1474350
NIFTY-II.NFO,04/04/2025,09:37:55,23324.7,23324.05,75,23330,75,0,1474350
NIFTY-II.NFO,04/04/2025,09:37:56,23329.45,23318.55,75,23326.8,75,75,1474350
NIFTY-II.NFO,04/04/2025,09:37:58,23329.45,23321.2,75,23328.2,375,0,1474350
NIFTY-II.NFO,04/04/2025,09:38:00,23329.45,23324.3,75,23330,75,0,1474350
NIFTY-II.NFO,04/04/2025,09:38:01,23329.85,23319.4,75,23324.05,75,75,1474350
NIFTY-II.NFO,04/04/2025,09:38:03,23329.85,23320,75,23323.7,150,0,1474350
NIFTY-II.NFO,04/04/2025,09:38:05,23329.85,23320,75,23322.15,150,0,1474350
NIFTY-II.NFO,04/04/2025,09:38:06,23320,23315.55,225,23321.9,150,75,1474350
NIFTY-II.NFO,04/04/2025,09:38:08,23320,23315.55,225,23319.4,75,0,1474350
NIFTY-II.NFO,04/04/2025,09:38:10,23320,23315.55,225,23320.05,75,0,1474350
NIFTY-II.NFO,04/04/2025,09:38:11,23320,23315.55,225,23317.25,75,0,1474350
NIFTY-II.NFO,04/04/2025,09:38:13,23315.55,23310,225,23316.75,150,225,1474350
NIFTY-II.NFO,04/04/2025,09:38:15,23315.55,23311,75,23317.85,375,0,1474350
NIFTY-II.NFO,04/04/2025,09:38:16,23317.85,23312.1,450,23319.85,225,300,1474350
NIFTY-II.NFO,04/04/2025,09:38:18,23311.65,23310,225,23317,150,75,1474350
NIFTY-II.NFO,04/04/2025,09:38:20,23311.65,23310,225,23315.25,150,0,1474350
NIFTY-II.NFO,04/04/2025,09:38:21,23311.65,23310.05,150,23317.5,225,0,1474350
NIFTY-II.NFO,04/04/2025,09:38:23,23311.65,23310,225,23316.95,150,0,1474350
NIFTY-II.NFO,04/04/2025,09:38:25,23311.65,23310,225,23314.5,150,0,1474350
NIFTY-II.NFO,04/04/2025,09:38:26,23311.65,23310,225,23311.65,75,0,1474350
NIFTY-II.NFO,04/04/2025,09:38:31,23310,23310,150,23311.65,75,75,1474350
NIFTY-II.NFO,04/04/2025,09:38:33,23310,23310.05,75,23311.65,75,75,1474350
NIFTY-II.NFO,04/04/2025,09:38:35,23310.05,23310,75,23311.65,75,75,1474350
NIFTY-II.NFO,04/04/2025,09:38:36,23310,23309.25,150,23316.75,75,75,1474350
NIFTY-II.NFO,04/04/2025,09:38:38,23310,23312,75,23317,75,0,1474350
NIFTY-II.NFO,04/04/2025,09:38:40,23317,23312.35,75,23317.95,75,150,1474350
NIFTY-II.NFO,04/04/2025,09:38:41,23317,23314.4,225,23321.9,75,0,1474350
NIFTY-II.NFO,04/04/2025,09:38:43,23317,23313.1,75,23320.5,150,0,1474350
NIFTY-II.NFO,04/04/2025,09:38:45,23317,23311.55,75,23320.1,75,0,1474350
NIFTY-II.NFO,04/04/2025,09:38:46,23317,23312.8,75,23317.95,150,0,1474350
NIFTY-II.NFO,04/04/2025,09:38:48,23317.95,23312.95,75,23317.95,75,75,1474350
NIFTY-II.NFO,04/04/2025,09:38:51,23317.95,23314.5,75,23319,75,0,1474350
NIFTY-II.NFO,04/04/2025,09:38:53,23317.95,23310.4,75,23317.8,375,0,1474350
NIFTY-II.NFO,04/04/2025,09:38:55,23317.95,23310.2,75,23317.55,150,0,1474350
NIFTY-II.NFO,04/04/2025,09:38:56,23317.95,23313.95,75,23318.95,75,0,1474350
NIFTY-II.NFO,04/04/2025,09:38:58,23317.95,23310,75,23317.1,75,0,1474350
NIFTY-II.NFO,04/04/2025,09:39:00,23317.95,23310,75,23314.6,150,0,1474350
NIFTY-II.NFO,04/04/2025,09:39:01,23316.7,23309.6,75,23316.75,75,225,1474350
NIFTY-II.NFO,04/04/2025,09:39:03,23316.7,23310.4,75,23315.65,75,0,1474350
NIFTY-II.NFO,04/04/2025,09:39:05,23316.7,23308.45,75,23315.95,150,0,1474350
NIFTY-II.NFO,04/04/2025,09:39:06,23316.7,23306.55,75,23313.75,75,0,1474350
NIFTY-II.NFO,04/04/2025,09:39:08,23316.7,23303.45,75,23310.65,375,0,1474350
NIFTY-II.NFO,04/04/2025,09:39:10,23310.65,23302,150,23306,75,75,1474350
NIFTY-II.NFO,04/04/2025,09:39:11,23310.65,23302,150,23304,150,0,1474350
NIFTY-II.NFO,04/04/2025,09:39:13,23310.65,23302,150,23305.75,75,0,1474350
NIFTY-II.NFO,04/04/2025,09:39:15,23310.65,23302,150,23303.25,150,0,1474350
NIFTY-II.NFO,04/04/2025,09:39:16,23310.65,23302,150,23305.75,150,0,1474350
NIFTY-II.NFO,04/04/2025,09:39:18,23310.65,23302,150,23305.75,75,0,1474350
NIFTY-II.NFO,04/04/2025,09:39:20,23310.65,23302,150,23306.3,75,0,1474350
NIFTY-II.NFO,04/04/2025,09:39:21,23310.65,23302,150,23306.4,150,0,1474350
NIFTY-II.NFO,04/04/2025,09:39:23,23310.65,23302.95,375,23309,75,0,1474350
NIFTY-II.NFO,04/04/2025,09:39:25,23310.65,23303.2,225,23309,75,0,1474350
NIFTY-II.NFO,04/04/2025,09:39:26,23310.65,23303.8,75,23309,75,0,1474350
NIFTY-II.NFO,04/04/2025,09:39:28,23310.65,23302,150,23306.35,150,0,1474350
NIFTY-II.NFO,04/04/2025,09:39:30,23310.65,23302.85,375,23308,75,0,1474350
NIFTY-II.NFO,04/04/2025,09:39:31,23310.65,23304.75,375,23309,75,0,1474350
NIFTY-II.NFO,04/04/2025,09:39:33,23309,23305.45,375,23310.65,150,75,1474725
NIFTY-II.NFO,04/04/2025,09:39:35,23309,23306.8,375,23310.65,150,0,1474725
NIFTY-II.NFO,04/04/2025,09:39:37,23309,23307.5,375,23310.65,150,0,1474725
NIFTY-II.NFO,04/04/2025,09:39:38,23307.6,23306.85,75,23310.65,150,150,1474725
NIFTY-II.NFO,04/04/2025,09:39:40,23307.6,23308.85,75,23310.65,150,0,1474725
NIFTY-II.NFO,04/04/2025,09:39:42,23307.6,23307.55,75,23310.65,150,0,1474725
NIFTY-II.NFO,04/04/2025,09:39:43,23307.6,23308.65,75,23310.65,150,0,1474725
NIFTY-II.NFO,04/04/2025,09:39:45,23308.4,23308.8,375,23310.65,150,75,1474725
NIFTY-II.NFO,04/04/2025,09:39:47,23310.65,23311.8,75,23317,75,150,1474725
NIFTY-II.NFO,04/04/2025,09:39:48,23310.65,23312.25,375,23317,75,0,1474725
NIFTY-II.NFO,04/04/2025,09:39:50,23310.65,23311,75,23316.9,150,0,1474725
NIFTY-II.NFO,04/04/2025,09:39:52,23310.65,23310.35,75,23317,225,0,1474725
NIFTY-II.NFO,04/04/2025,09:39:53,23310.65,23312.85,75,23317,75,0,1474725
NIFTY-II.NFO,04/04/2025,09:39:55,23318.25,23318.25,75,23320,75,225,1474725
NIFTY-II.NFO,04/04/2025,09:39:57,23318.25,23319.2,75,23320,75,0,1474725
NIFTY-II.NFO,04/04/2025,09:39:58,23319.35,23317.1,75,23323.95,75,150,1474725
NIFTY-II.NFO,04/04/2025,09:40:00,23324,23314.35,75,23322.05,75,75,1474725
NIFTY-II.NFO,04/04/2025,09:40:02,23324,23313.95,75,23322.35,75,0,1474725
NIFTY-II.NFO,04/04/2025,09:40:03,23321.65,23314.1,75,23321.1,150,75,1474725
NIFTY-II.NFO,04/04/2025,09:40:05,23321.65,23311.05,75,23316.95,75,0,1474725
NIFTY-II.NFO,04/04/2025,09:40:07,23321.65,23310,75,23316.85,150,0,1474725
NIFTY-II.NFO,04/04/2025,09:40:08,23321.65,23311.45,75,23318.55,75,0,1474725
NIFTY-II.NFO,04/04/2025,09:40:10,23321.65,23310.15,225,23318.05,150,0,1474725
NIFTY-II.NFO,04/04/2025,09:40:12,23310.9,23310,75,23313.5,75,75,1474725
NIFTY-II.NFO,04/04/2025,09:40:15,23310.9,23310,75,23315.05,75,0,1474725
NIFTY-II.NFO,04/04/2025,09:40:17,23310.9,23310,75,23314.5,75,0,1474725
NIFTY-II.NFO,04/04/2025,09:40:18,23310.9,23311,75,23314.35,75,0,1474725
NIFTY-II.NFO,04/04/2025,09:40:20,23310.9,23311,75,23313.3,150,0,1474725
NIFTY-II.NFO,04/04/2025,09:40:22,23310,23305,225,23308,75,150,1474725
NIFTY-II.NFO,04/04/2025,09:40:23,23305,23305,150,23307.05,75,75,1474725
NIFTY-II.NFO,04/04/2025,09:40:25,23305.45,23302,150,23305.5,75,225,1474725
NIFTY-II.NFO,04/04/2025,09:40:27,23305.45,23302.05,150,23307.5,150,0,1474725
NIFTY-II.NFO,04/04/2025,09:40:28,23305.45,23302,150,23305,75,0,1474725
NIFTY-II.NFO,04/04/2025,09:40:30,23305.45,23302.05,150,23305,75,0,1474725
NIFTY-II.NFO,04/04/2025,09:40:32,23305.45,23303.35,150,23305,75,0,1474725
NIFTY-II.NFO,04/04/2025,09:40:33,23305,23304,225,23311.45,525,75,1474725
NIFTY-II.NFO,04/04/2025,09:40:35,23305,23303.85,75,23311.4,75,0,1474725
NIFTY-II.NFO,04/04/2025,09:40:37,23305,23304.65,75,23310.7,75,0,1474725
NIFTY-II.NFO,04/04/2025,09:40:38,23305,23304.65,150,23312.4,75,0,1474725
NIFTY-II.NFO,04/04/2025,09:40:40,23305,23305.2,75,23312.4,300,0,1474725
NIFTY-II.NFO,04/04/2025,09:40:42,23305,23308.55,75,23316.65,75,0,1474725
NIFTY-II.NFO,04/04/2025,09:40:43,23313.65,23313.65,225,23319,75,75,1474725
NIFTY-II.NFO,04/04/2025,09:40:45,23313.65,23313.9,75,23320,375,0,1474725
NIFTY-II.NFO,04/04/2025,09:40:46,23313.65,23313.2,225,23319.95,75,0,1474725
NIFTY-II.NFO,04/04/2025,09:40:48,23313.65,23310.8,75,23318.15,375,0,1474725
NIFTY-II.NFO,04/04/2025,09:40:50,23313.65,23312.05,75,23319.6,75,0,1474725
NIFTY-II.NFO,04/04/2025,09:40:51,23313.65,23307.1,75,23314.2,75,0,1474725
NIFTY-II.NFO,04/04/2025,09:40:53,23306.45,23308.4,75,23315.4,300,75,1474725
NIFTY-II.NFO,04/04/2025,09:40:55,23312.05,23310.45,375,23317.9,225,150,1474725
NIFTY-II.NFO,04/04/2025,09:40:56,23311.6,23312.75,150,23319.9,225,75,1474725
NIFTY-II.NFO,04/04/2025,09:40:58,23311.6,23308.7,150,23316.3,75,0,1474725
NIFTY-II.NFO,04/04/2025,09:41:00,23311.6,23303.1,75,23311.05,75,0,1474725
NIFTY-II.NFO,04/04/2025,09:41:01,23311.6,23304.3,75,23312.95,300,0,1474725
NIFTY-II.NFO,04/04/2025,09:41:03,23311.6,23302.05,150,23309.15,75,0,1474725
NIFTY-II.NFO,04/04/2025,09:41:05,23311.6,23302.35,150,23308.95,75,0,1474725
NIFTY-II.NFO,04/04/2025,09:41:06,23311.6,23302.25,75,23308.95,75,0,1474725
NIFTY-II.NFO,04/04/2025,09:41:08,23302.25,23302,150,23306.65,75,75,1474725
NIFTY-II.NFO,04/04/2025,09:41:10,23302.25,23302,150,23304.15,75,0,1474725
NIFTY-II.NFO,04/04/2025,09:41:11,23302.25,23302,150,23303.9,225,0,1474725
NIFTY-II.NFO,04/04/2025,09:41:13,23304.6,23302,75,23306.25,150,300,1474725
NIFTY-II.NFO,04/04/2025,09:41:15,23304.6,23302.15,75,23309.55,75,0,1474725
NIFTY-II.NFO,04/04/2025,09:41:16,23304.6,23304.15,75,23311.55,75,0,1474725
NIFTY-II.NFO,04/04/2025,09:41:18,23304.35,23305.5,150,23313.1,75,300,1474725
NIFTY-II.NFO,04/04/2025,09:41:20,23304.35,23303.35,300,23311.9,75,0,1474725
NIFTY-II.NFO,04/04/2025,09:41:21,23304.35,23303.5,75,23311.25,150,0,1474725
NIFTY-II.NFO,04/04/2025,09:41:23,23304.35,23304.85,225,23312.6,150,0,1474725
NIFTY-II.NFO,04/04/2025,09:41:25,23304.65,23304.9,150,23312.6,75,75,1474725
NIFTY-II.NFO,04/04/2025,09:41:26,23304.65,23306.25,225,23313.65,150,0,1474725
NIFTY-II.NFO,04/04/2025,09:41:28,23304.65,23305.9,150,23313,75,0,1474725
NIFTY-II.NFO,04/04/2025,09:41:30,23304.65,23306.8,150,23313,75,0,1474725
NIFTY-II.NFO,04/04/2025,09:41:31,23304.65,23307.75,150,23311,75,0,1474725
NIFTY-II.NFO,04/04/2025,09:41:33,23304.65,23304.35,75,23310.95,225,0,1474725
NIFTY-II.NFO,04/04/2025,09:41:35,23304.65,23304.35,75,23311,75,0,1474725
NIFTY-II.NFO,04/04/2025,09:41:37,23304.65,23308.65,150,23311,75,0,1474725
NIFTY-II.NFO,04/04/2025,09:41:38,23304.65,23306.5,75,23311,75,0,1474725
NIFTY-II.NFO,04/04/2025,09:41:40,23311,23306.05,75,23312.6,150,75,1474725
NIFTY-II.NFO,04/04/2025,09:41:42,23311,23304.35,150,23311.7,225,0,1474725
NIFTY-II.NFO,04/04/2025,09:41:43,23311,23306.05,150,23313.2,150,0,1474725
NIFTY-II.NFO,04/04/2025,09:41:45,23306.05,23305.65,225,23313.55,75,75,1474725
NIFTY-II.NFO,04/04/2025,09:41:47,23306.05,23307.35,225,23314.65,150,0,1474725
NIFTY-II.NFO,04/04/2025,09:41:48,23306.05,23305.4,225,23313.6,75,0,1474725
NIFTY-II.NFO,04/04/2025,09:41:50,23306.05,23304.35,75,23310.75,75,0,1474725
NIFTY-II.NFO,04/04/2025,09:41:52,23303.8,23303.4,75,23311.8,150,75,1474725
NIFTY-II.NFO,04/04/2025,09:41:53,23303.8,23302,225,23310.2,225,0,1474725
NIFTY-II.NFO,04/04/2025,09:41:55,23303.8,23302,75,23308.4,225,0,1474725
NIFTY-II.NFO,04/04/2025,09:41:57,23303.8,23302.95,225,23310.9,150,0,1474725
NIFTY-II.NFO,04/04/2025,09:41:58,23303.8,23305.05,150,23312.8,75,0,1474725
NIFTY-II.NFO,04/04/2025,09:42:00,23305,23303.45,150,23311.9,75,75,1474725
NIFTY-II.NFO,04/04/2025,09:42:02,23305,23303.1,150,23311.3,225,0,1474725
NIFTY-II.NFO,04/04/2025,09:42:03,23305,23303.2,225,23310,300,0,1474725
NIFTY-II.NFO,04/04/2025,09:42:05,23305,23304.3,150,23310,300,75,1474725
NIFTY-II.NFO,04/04/2025,09:42:07,23305,23307,150,23310,300,0,1474725
NIFTY-II.NFO,04/04/2025,09:42:08,23305,23306.15,75,23310,300,0,1474725
NIFTY-II.NFO,04/04/2025,09:42:10,23305,23307.4,75,23310,300,0,1474725
NIFTY-II.NFO,04/04/2025,09:42:12,23305,23308.1,75,23310,300,0,1474725
NIFTY-II.NFO,04/04/2025,09:42:13,23305,23308.6,75,23310,300,0,1474725
NIFTY-II.NFO,04/04/2025,09:42:15,23310,23306.8,225,23310,225,75,1474725
NIFTY-II.NFO,04/04/2025,09:42:17,23310,23304.5,225,23310,225,0,1474725
NIFTY-II.NFO,04/04/2025,09:42:18,23310,23303.5,225,23310,225,75,1474725
NIFTY-II.NFO,04/04/2025,09:42:20,23310,23302,75,23307.75,225,0,1474725
NIFTY-II.NFO,04/04/2025,09:42:22,23310,23302,75,23307.2,150,0,1474725
NIFTY-II.NFO,04/04/2025,09:42:23,23305.15,23302,75,23305.95,75,75,1474725
NIFTY-II.NFO,04/04/2025,09:42:25,23297,23290,150,23297.35,75,675,1474725
NIFTY-II.NFO,04/04/2025,09:42:27,23297,23292.15,150,23295.8,75,0,1474725
NIFTY-II.NFO,04/04/2025,09:42:28,23295.8,23295.45,150,23302,75,75,1474725
NIFTY-II.NFO,04/04/2025,09:42:30,23295.8,23295.3,75,23303.35,75,0,1474725
NIFTY-II.NFO,04/04/2025,09:42:32,23305.1,23297.75,225,23305.45,75,75,1474350
NIFTY-II.NFO,04/04/2025,09:42:33,23305.1,23297.3,75,23305,75,0,1474350
NIFTY-II.NFO,04/04/2025,09:42:35,23305.1,23293.2,150,23300.1,75,0,1474350
NIFTY-II.NFO,04/04/2025,09:42:37,23305.1,23290.75,75,23298,75,0,1474350
NIFTY-II.NFO,04/04/2025,09:42:38,23295.25,23290,150,23294.1,75,75,1474350
NIFTY-II.NFO,04/04/2025,09:42:40,23295.25,23290,150,23293.95,75,0,1474350
NIFTY-II.NFO,04/04/2025,09:42:42,23290,23285.9,75,23292.05,225,150,1474350
NIFTY-II.NFO,04/04/2025,09:42:43,23290,23285.9,75,23291.25,75,0,1474350
NIFTY-II.NFO,04/04/2025,09:42:45,23290,23285.9,75,23290,75,0,1474350
NIFTY-II.NFO,04/04/2025,09:42:47,23290,23285.9,75,23292.2,75,0,1474350
NIFTY-II.NFO,04/04/2025,09:42:48,23290,23285.9,75,23293.1,75,0,1474350
NIFTY-II.NFO,04/04/2025,09:42:50,23290,23285.95,150,23293.55,75,0,1474350
NIFTY-II.NFO,04/04/2025,09:42:51,23290,23285.9,75,23290.15,150,0,1474350
NIFTY-II.NFO,04/04/2025,09:42:53,23290,23285.9,75,23290.1,75,0,1474350
NIFTY-II.NFO,04/04/2025,09:42:55,23290,23285.9,75,23291.1,75,0,1474350
NIFTY-II.NFO,04/04/2025,09:42:56,23290,23285.9,75,23289.95,150,0,1474350
NIFTY-II.NFO,04/04/2025,09:42:58,23285.9,23285,75,23290,225,75,1474350
NIFTY-II.NFO,04/04/2025,09:43:00,23285.9,23288.2,75,23290,225,0,1474350
NIFTY-II.NFO,04/04/2025,09:43:01,23290,23290.55,75,23296.5,75,225,1474350
NIFTY-II.NFO,04/04/2025,09:43:03,23290,23288.9,75,23296.25,75,0,1474350
NIFTY-II.NFO,04/04/2025,09:43:05,23290,23285,75,23292.35,75,0,1474350
NIFTY-II.NFO,04/04/2025,09:43:06,23290,23285,75,23289.65,150,0,1474350
NIFTY-II.NFO,04/04/2025,09:43:08,23285,23280.6,75,23288.9,75,75,1474350
NIFTY-II.NFO,04/04/2025,09:43:10,23285,23279.9,75,23285.4,75,0,1474350
NIFTY-II.NFO,04/04/2025,09:43:11,23279.45,23279.6,75,23286.9,150,150,1474350
NIFTY-II.NFO,04/04/2025,09:43:13,23280.85,23280.75,75,23288.7,75,1200,1474350
NIFTY-II.NFO,04/04/2025,09:43:15,23280.85,23279.6,75,23285.4,75,0,1474350
NIFTY-II.NFO,04/04/2025,09:43:16,23280.85,23282.2,375,23289.95,300,0,1474350
NIFTY-II.NFO,04/04/2025,09:43:18,23280.85,23286.2,375,23290,75,0,1474350
NIFTY-II.NFO,04/04/2025,09:43:20,23286.2,23287,150,23290,75,75,1474350
NIFTY-II.NFO,04/04/2025,09:43:21,23286.2,23288.9,150,23290,75,0,1474350
NIFTY-II.NFO,04/04/2025,09:43:23,23287.75,23288.45,150,23290,75,150,1474350
NIFTY-II.NFO,04/04/2025,09:43:25,23289.1,23288,150,23290,75,75,1474350
NIFTY-II.NFO,04/04/2025,09:43:26,23289.1,23287.35,375,23290,75,0,1474350
NIFTY-II.NFO,04/04/2025,09:43:28,23288.65,23288.25,150,23290,75,600,1474350
NIFTY-II.NFO,04/04/2025,09:43:30,23283.7,23285.2,375,23290,75,225,1474350
NIFTY-II.NFO,04/04/2025,09:43:31,23283.7,23281.3,375,23287.8,150,0,1474350
NIFTY-II.NFO,04/04/2025,09:43:33,23283.7,23284.5,375,23290,75,0,1474350
NIFTY-II.NFO,04/04/2025,09:43:35,23283.7,23288.35,225,23290,75,0,1474350
NIFTY-II.NFO,04/04/2025,09:43:37,23283.7,23287.3,375,23290,75,0,1474350
NIFTY-II.NFO,04/04/2025,09:43:38,23283.7,23287.45,375,23290,75,0,1474350
NIFTY-II.NFO,04/04/2025,09:43:40,23283.7,23286.85,75,23290,75,0,1474350
NIFTY-II.NFO,04/04/2025,09:43:42,23283.7,23286.5,375,23290,75,0,1474350
NIFTY-II.NFO,04/04/2025,09:43:43,23290,23289.2,75,23294,75,75,1474350
NIFTY-II.NFO,04/04/2025,09:43:45,23292.35,23290.05,75,23297.95,225,75,1474350
NIFTY-II.NFO,04/04/2025,09:43:47,23292.35,23291.45,375,23298.8,150,0,1474350
NIFTY-II.NFO,04/04/2025,09:43:48,23292.35,23293.45,375,23299,75,0,1474350
NIFTY-II.NFO,04/04/2025,09:43:50,23292.35,23292.85,375,23298.95,75,0,1474350
NIFTY-II.NFO,04/04/2025,09:43:52,23291.55,23291.55,150,23298.1,75,75,1474350
NIFTY-II.NFO,04/04/2025,09:43:53,23291.55,23289.25,150,23296.3,75,0,1474350
NIFTY-II.NFO,04/04/2025,09:43:55,23291.55,23287.6,150,23292.75,75,0,1474350
NIFTY-II.NFO,04/04/2025,09:43:57,23284.75,23285.05,150,23291.65,75,75,1474350
NIFTY-II.NFO,04/04/2025,09:43:58,23284.75,23286.5,150,23294.05,75,0,1474350
NIFTY-II.NFO,04/04/2025,09:44:00,23284.75,23288.8,450,23294.9,150,0,1474350
NIFTY-II.NFO,04/04/2025,09:44:02,23284.75,23286.45,300,23292.3,75,0,1474350
NIFTY-II.NFO,04/04/2025,09:44:03,23284.75,23291.55,75,23296.3,75,0,1474350
NIFTY-II.NFO,04/04/2025,09:44:05,23284.75,23291.55,75,23293.45,75,0,1474350
NIFTY-II.NFO,04/04/2025,09:44:07,23291.55,23284.65,300,23291.6,150,75,1474350
NIFTY-II.NFO,04/04/2025,09:44:08,23289.45,23284.45,300,23286.75,75,75,1474350
NIFTY-II.NFO,04/04/2025,09:44:10,23286.75,23286.35,225,23293,150,75,1474350
NIFTY-II.NFO,04/04/2025,09:44:12,23286.75,23283.7,75,23288.15,150,0,1474350
NIFTY-II.NFO,04/04/2025,09:44:13,23286.75,23283.7,75,23286.9,150,0,1474350
NIFTY-II.NFO,04/04/2025,09:44:15,23282.3,23282.45,150,23288.75,225,675,1474350
NIFTY-II.NFO,04/04/2025,09:44:17,23282.3,23281.55,225,23286.65,150,0,1474350
NIFTY-II.NFO,04/04/2025,09:44:18,23282.3,23281.55,225,23286.5,150,0,1474350
NIFTY-II.NFO,04/04/2025,09:44:20,23282.3,23281.55,225,23284.55,150,0,1474350
NIFTY-II.NFO,04/04/2025,09:44:22,23284.15,23281.55,225,23285.35,150,75,1474350
NIFTY-II.NFO,04/04/2025,09:44:23,23284.15,23281.55,225,23285.75,75,0,1474350
NIFTY-II.NFO,04/04/2025,09:44:25,23284.15,23282.3,75,23286.85,150,0,1474350
NIFTY-II.NFO,04/04/2025,09:44:27,23284.15,23282.3,75,23284.3,150,0,1474350
NIFTY-II.NFO,04/04/2025,09:44:28,23281.55,23277,75,23281.05,150,300,1474350
NIFTY-II.NFO,04/04/2025,09:44:30,23281.55,23277,75,23283.55,75,0,1474350
NIFTY-II.NFO,04/04/2025,09:44:32,23281.55,23277,75,23280.95,225,0,1474350
NIFTY-II.NFO,04/04/2025,09:44:33,23273.15,23272.4,150,23278.9,150,150,1474350
NIFTY-II.NFO,04/04/2025,09:44:35,23273.15,23274,75,23280.75,75,0,1474350
NIFTY-II.NFO,04/04/2025,09:44:37,23273.65,23273.45,150,23277.25,75,150,1474350
NIFTY-II.NFO,04/04/2025,09:44:38,23273.65,23271,75,23277.65,75,0,1474350
NIFTY-II.NFO,04/04/2025,09:44:40,23273.65,23271,75,23273.3,75,75,1474350
NIFTY-II.NFO,04/04/2025,09:44:42,23271,23270,225,23273.1,225,75,1474350
NIFTY-II.NFO,04/04/2025,09:44:43,23271,23270,225,23274.05,75,0,1474350
NIFTY-II.NFO,04/04/2025,09:44:45,23271,23270,225,23272.85,150,0,1474350
NIFTY-II.NFO,04/04/2025,09:44:47,23265.2,23264.45,150,23271,75,900,1474350
NIFTY-II.NFO,04/04/2025,09:44:48,23271.8,23264.6,150,23271.7,300,75,1474350
NIFTY-II.NFO,04/04/2025,09:44:50,23271.8,23262.45,150,23269,75,0,1474350
NIFTY-II.NFO,04/04/2025,09:44:52,23271.8,23260.35,150,23268.1,75,0,1474350
NIFTY-II.NFO,04/04/2025,09:44:53,23258.55,23258.55,75,23262.9,75,225,1474350
NIFTY-II.NFO,04/04/2025,09:44:55,23253.1,23256.95,150,23263.8,225,300,1474350
NIFTY-II.NFO,04/04/2025,09:44:57,23253.1,23254.55,150,23261.4,75,0,1474350
NIFTY-II.NFO,04/04/2025,09:44:58,23261.45,23258.3,525,23261.45,225,75,1474350
NIFTY-II.NFO,04/04/2025,09:45:00,23261.45,23260.5,150,23269.05,75,225,1474350
NIFTY-II.NFO,04/04/2025,09:45:02,23259.05,23257.05,75,23265.65,75,75,1474350
NIFTY-II.NFO,04/04/2025,09:45:03,23259.05,23259.35,300,23267.1,75,0,1474350
NIFTY-II.NFO,04/04/2025,09:45:05,23259.05,23258.6,150,23265.95,75,0,1474350
NIFTY-II.NFO,04/04/2025,09:45:07,23259.05,23260.05,75,23265.35,75,0,1474350
NIFTY-II.NFO,04/04/2025,09:45:08,23259.05,23255.1,150,23262.25,300,0,1474350
NIFTY-II.NFO,04/04/2025,09:45:10,23253.95,23252.3,75,23259.25,150,150,1474350
NIFTY-II.NFO,04/04/2025,09:45:12,23250,23248.85,75,23257,150,825,1474350
NIFTY-II.NFO,04/04/2025,09:45:13,23250.85,23250.3,150,23258.3,75,150,1474350
NIFTY-II.NFO,04/04/2025,09:45:15,23250.85,23249.75,150,23258.1,75,0,1474350
NIFTY-II.NFO,04/04/2025,09:45:17,23257.25,23250.1,75,23258.15,75,75,1474350
NIFTY-II.NFO,04/04/2025,09:45:18,23257.25,23249.9,75,23257.9,75,0,1474350
NIFTY-II.NFO,04/04/2025,09:45:20,23257.25,23249.4,75,23257.5,75,0,1474350
NIFTY-II.NFO,04/04/2025,09:45:22,23257.25,23250.1,75,23257.7,75,0,1474350
NIFTY-II.NFO,04/04/2025,09:45:23,23257.25,23254.1,75,23260.9,75,0,1474350
NIFTY-II.NFO,04/04/2025,09:45:25,23257.25,23253.65,150,23257,1125,0,1474350
NIFTY-II.NFO,04/04/2025,09:45:27,23257.25,23250.05,75,23256.95,75,0,1474350
NIFTY-II.NFO,04/04/2025,09:45:28,23257.25,23250.05,75,23256.85,75,0,1474350
NIFTY-II.NFO,04/04/2025,09:45:30,23257.25,23250,75,23253.35,75,0,1474350
NIFTY-II.NFO,04/04/2025,09:45:32,23257.25,23250,75,23253.95,150,0,1474350
NIFTY-II.NFO,04/04/2025,09:45:33,23257.25,23250,75,23253.9,150,0,1474350
NIFTY-II.NFO,04/04/2025,09:45:35,23257.25,23250,75,23256.9,150,0,1474350
NIFTY-II.NFO,04/04/2025,09:45:37,23257.25,23250.65,150,23255,1125,0,1474350
NIFTY-II.NFO,04/04/2025,09:45:38,23255,23250.05,150,23255,1050,225,1473525
NIFTY-II.NFO,04/04/2025,09:45:40,23255,23250,75,23255,1050,0,1473525
NIFTY-II.NFO,04/04/2025,09:45:42,23255,23250,75,23254.95,300,0,1473525
NIFTY-II.NFO,04/04/2025,09:45:43,23254.85,23247.75,75,23254.8,150,150,1473525
NIFTY-II.NFO,04/04/2025,09:45:45,23254.85,23250,75,23253.3,300,0,1473525
NIFTY-II.NFO,04/04/2025,09:45:47,23254.85,23250,75,23252.6,225,0,1473525
NIFTY-II.NFO,04/04/2025,09:45:48,23249.6,23249.15,75,23254.85,1425,300,1473525
NIFTY-II.NFO,04/04/2025,09:45:50,23250.15,23249.15,75,23254.85,1425,75,1473525
NIFTY-II.NFO,04/04/2025,09:45:52,23254.8,23247.35,75,23254.5,150,225,1473525
NIFTY-II.NFO,04/04/2025,09:45:53,23254.8,23247.75,150,23250,75,0,1473525
NIFTY-II.NFO,04/04/2025,09:45:55,23254.8,23246.4,75,23250,75,0,1473525
NIFTY-II.NFO,04/04/2025,09:45:57,23250.15,23250.35,75,23253,1050,150,1473525
NIFTY-II.NFO,04/04/2025,09:45:58,23249.05,23249.5,75,23253,1050,225,1473525
NIFTY-II.NFO,04/04/2025,09:46:00,23254.85,23252.4,75,23254.85,1350,1125,1473525
NIFTY-II.NFO,04/04/2025,09:46:02,23254.85,23253.05,150,23254.85,525,825,1473525
NIFTY-II.NFO,04/04/2025,09:46:03,23259.05,23258.1,150,23264,75,750,1473525
NIFTY-II.NFO,04/04/2025,09:46:05,23259.05,23260.1,150,23264,75,0,1473525
NIFTY-II.NFO,04/04/2025,09:46:07,23263.9,23257.4,75,23263.9,75,75,1473525
NIFTY-II.NFO,04/04/2025,09:46:08,23263.9,23256.7,75,23263.9,75,0,1473525
NIFTY-II.NFO,04/04/2025,09:46:10,23261.5,23254.8,150,23261,75,75,1473525
NIFTY-II.NFO,04/04/2025,09:46:12,23261.5,23259.05,75,23262.4,75,0,1473525
NIFTY-II.NFO,04/04/2025,09:46:13,23261.65,23259.05,75,23263,75,75,1473525
NIFTY-II.NFO,04/04/2025,09:46:15,23261.65,23259.05,75,23261.2,75,0,1473525
NIFTY-II.NFO,04/04/2025,09:46:17,23261.65,23259.05,75,23262.85,75,0,1473525
NIFTY-II.NFO,04/04/2025,09:46:18,23259.05,23256.3,75,23263.6,75,75,1473525
NIFTY-II.NFO,04/04/2025,09:46:20,23259.05,23260,75,23264,75,0,1473525
NIFTY-II.NFO,04/04/2025,09:46:22,23260,23256.45,75,23257.95,150,150,1473525
NIFTY-II.NFO,04/04/2025,09:46:23,23260,23256.5,75,23259.45,75,0,1473525
NIFTY-II.NFO,04/04/2025,09:46:25,23254.8,23250,1050,23255.1,225,300,1473525
NIFTY-II.NFO,04/04/2025,09:46:27,23254.8,23250.05,75,23254.5,300,0,1473525
NIFTY-II.NFO,04/04/2025,09:46:28,23254.8,23254.2,75,23261.9,150,0,1473525
NIFTY-II.NFO,04/04/2025,09:46:30,23254.8,23255.1,150,23261.9,150,0,1473525
NIFTY-II.NFO,04/04/2025,09:46:32,23254.25,23254.05,75,23261.7,75,375,1473525
NIFTY-II.NFO,04/04/2025,09:46:33,23254.25,23256,75,23262.9,150,0,1473525
NIFTY-II.NFO,04/04/2025,09:46:35,23262.9,23256.05,75,23262.8,75,75,1473525
NIFTY-II.NFO,04/04/2025,09:46:37,23256.1,23256.1,75,23261.6,150,150,1473525
NIFTY-II.NFO,04/04/2025,09:46:38,23256.1,23256.1,75,23259.35,150,0,1473525
NIFTY-II.NFO,04/04/2025,09:46:40,23256.1,23256.05,75,23259.3,150,75,1473525
NIFTY-II.NFO,04/04/2025,09:46:42,23256.2,23256.05,75,23259.9,75,75,1473525
NIFTY-II.NFO,04/04/2025,09:46:43,23258.9,23256.05,75,23259.95,75,375,1473525
NIFTY-II.NFO,04/04/2025,09:46:45,23258.9,23256.05,75,23260.1,75,0,1473525
NIFTY-II.NFO,04/04/2025,09:46:47,23258.9,23256.05,75,23259.45,75,0,1473525
NIFTY-II.NFO,04/04/2025,09:46:48,23259.75,23256.05,75,23260.05,150,75,1473525
NIFTY-II.NFO,04/04/2025,09:46:50,23256.05,23257.1,75,23263.95,150,75,1473525
NIFTY-II.NFO,04/04/2025,09:46:52,23256.05,23255.15,75,23261.2,225,0,1473525
NIFTY-II.NFO,04/04/2025,09:46:53,23256.05,23255.15,75,23260,75,0,1473525
NIFTY-II.NFO,04/04/2025,09:46:55,23255.1,23252,75,23259.95,225,75,1473525
NIFTY-II.NFO,04/04/2025,09:46:57,23255.1,23252.6,75,23259.9,225,0,1473525
NIFTY-II.NFO,04/04/2025,09:46:58,23253.1,23255,75,23259.95,150,75,1473525
NIFTY-II.NFO,04/04/2025,09:47:00,23253.1,23255,75,23259.2,75,0,1473525
NIFTY-II.NFO,04/04/2025,09:47:02,23253.1,23255,75,23256.65,225,0,1473525
NIFTY-II.NFO,04/04/2025,09:47:03,23256.85,23255,75,23256.95,75,75,1473525
NIFTY-II.NFO,04/04/2025,09:47:05,23256.85,23255,75,23259.45,150,0,1473525
NIFTY-II.NFO,04/04/2025,09:47:07,23256.85,23256.1,75,23260,150,0,1473525
NIFTY-II.NFO,04/04/2025,09:47:08,23256.85,23257.15,75,23260,150,0,1473525
NIFTY-II.NFO,04/04/2025,09:47:10,23260,23259.85,75,23264,75,150,1473525
NIFTY-II.NFO,04/04/2025,09:47:12,23260,23259.95,75,23264,75,0,1473525
NIFTY-II.NFO,04/04/2025,09:47:13,23260,23262.05,75,23264,75,0,1473525
NIFTY-II.NFO,04/04/2025,09:47:15,23264,23264.65,75,23270,150,75,1473525
NIFTY-II.NFO,04/04/2025,09:47:17,23264,23264.1,75,23270,150,0,1473525
NIFTY-II.NFO,04/04/2025,09:47:20,23271,23265.35,75,23273.55,150,450,1473525
NIFTY-II.NFO,04/04/2025,09:47:22,23271,23266.15,75,23272.55,150,0,1473525
NIFTY-II.NFO,04/04/2025,09:47:23,23270.95,23269.15,75,23277.6,150,150,1473525
NIFTY-II.NFO,04/04/2025,09:47:25,23270.65,23271.15,75,23277.95,75,300,1473525
NIFTY-II.NFO,04/04/2025,09:47:27,23278.95,23270.6,75,23277.95,75,75,1473525
NIFTY-II.NFO,04/04/2025,09:47:28,23278.95,23271.6,75,23276.35,75,0,1473525
NIFTY-II.NFO,04/04/2025,09:47:30,23271.6,23266.15,75,23272.9,75,75,1473525
NIFTY-II.NFO,04/04/2025,09:47:32,23271.6,23266.15,75,23271.95,75,0,1473525
NIFTY-II.NFO,04/04/2025,09:47:33,23271.6,23266.15,75,23273.4,150,0,1473525
NIFTY-II.NFO,04/04/2025,09:47:35,23271.6,23266.2,75,23272.5,150,0,1473525
NIFTY-II.NFO,04/04/2025,09:47:37,23271.6,23266.2,75,23272.7,75,0,1473525
NIFTY-II.NFO,04/04/2025,09:47:38,23273.9,23267.75,75,23273.95,75,75,1473525
NIFTY-II.NFO,04/04/2025,09:47:40,23273.9,23268.05,75,23273.9,75,0,1473525
NIFTY-II.NFO,04/04/2025,09:47:42,23273.8,23271.6,75,23273.8,75,75,1473525
NIFTY-II.NFO,04/04/2025,09:47:44,23273.8,23271.6,75,23273.95,150,0,1473525
NIFTY-II.NFO,04/04/2025,09:47:45,23273.8,23271.6,75,23273.15,150,0,1473525
NIFTY-II.NFO,04/04/2025,09:47:47,23271.6,23268.05,75,23270.7,75,75,1473525
NIFTY-II.NFO,04/04/2025,09:47:48,23268.05,23265,75,23268.55,225,75,1473525
NIFTY-II.NFO,04/04/2025,09:47:50,23265,23255.7,75,23264.55,375,75,1473525
NIFTY-II.NFO,04/04/2025,09:47:52,23265,23255.1,75,23263.3,225,0,1473525
NIFTY-II.NFO,04/04/2025,09:47:53,23265,23255,75,23261.9,225,0,1473525
NIFTY-II.NFO,04/04/2025,09:47:55,23265,23255,75,23260.35,225,0,1473525
NIFTY-II.NFO,04/04/2025,09:47:57,23265,23255,75,23261.05,225,0,1473525
NIFTY-II.NFO,04/04/2025,09:47:58,23255,23253.75,150,23261.95,150,150,1473525
NIFTY-II.NFO,04/04/2025,09:48:00,23255,23255.4,150,23262,75,0,1473525
NIFTY-II.NFO,04/04/2025,09:48:02,23263,23256.2,150,23264,150,225,1473525
NIFTY-II.NFO,04/04/2025,09:48:03,23263,23254.35,75,23261.9,225,0,1473525
NIFTY-II.NFO,04/04/2025,09:48:05,23263,23255.05,150,23261.95,150,0,1473525
NIFTY-II.NFO,04/04/2025,09:48:07,23263,23256.5,75,23263.95,75,0,1473525
NIFTY-II.NFO,04/04/2025,09:48:08,23263,23258.15,300,23264.8,75,0,1473525
NIFTY-II.NFO,04/04/2025,09:48:10,23260.05,23259.1,150,23266.9,75,75,1473525
NIFTY-II.NFO,04/04/2025,09:48:12,23260.05,23263,75,23263.8,75,0,1473525
NIFTY-II.NFO,04/04/2025,09:48:13,23263,23257.65,150,23263.95,75,75,1473525
NIFTY-II.NFO,04/04/2025,09:48:15,23263,23258.2,75,23265,150,0,1473525
NIFTY-II.NFO,04/04/2025,09:48:17,23263,23257.95,150,23264.95,75,0,1473525
NIFTY-II.NFO,04/04/2025,09:48:18,23263,23261.9,75,23262.95,75,0,1473525
NIFTY-II.NFO,04/04/2025,09:48:20,23261,23257.4,75,23262.95,75,75,1473525
NIFTY-II.NFO,04/04/2025,09:48:22,23262.95,23258.1,150,23264.95,75,75,1473525
NIFTY-II.NFO,04/04/2025,09:48:23,23264.95,23260.05,75,23265,150,75,1473525
NIFTY-II.NFO,04/04/2025,09:48:25,23264.95,23256.15,75,23263.25,75,0,1473525
NIFTY-II.NFO,04/04/2025,09:48:27,23264.95,23257.25,75,23263.8,75,0,1473525
NIFTY-II.NFO,04/04/2025,09:48:28,23264.95,23256.05,75,23263.6,300,0,1473525
NIFTY-II.NFO,04/04/2025,09:48:30,23264.95,23253,150,23261.35,75,0,1473525
NIFTY-II.NFO,04/04/2025,09:48:32,23264.95,23253.9,150,23260.9,75,0,1473525
NIFTY-II.NFO,04/04/2025,09:48:33,23264.95,23255.05,150,23262.75,450,0,1473525
NIFTY-II.NFO,04/04/2025,09:48:35,23264.95,23255.2,300,23262.9,150,0,1473525
NIFTY-II.NFO,04/04/2025,09:48:37,23264.95,23254.65,150,23260.95,75,0,1473525
NIFTY-II.NFO,04/04/2025,09:48:38,23264.95,23254.45,150,23260.9,75,0,1473525
NIFTY-II.NFO,04/04/2025,09:48:40,23264.95,23253,75,23255,75,0,1473525
NIFTY-II.NFO,04/04/2025,09:48:42,23264.95,23252.25,75,23255,75,0,1473525
NIFTY-II.NFO,04/04/2025,09:48:43,23264.95,23252.15,150,23255,75,0,1473525
NIFTY-II.NFO,04/04/2025,09:48:45,23253.2,23253,150,23258.95,75,75,1473075
NIFTY-II.NFO,04/04/2025,09:48:47,23253.2,23252.55,75,23259.9,150,0,1473075
NIFTY-II.NFO,04/04/2025,09:48:48,23253.2,23254.15,150,23259.95,75,0,1473075
NIFTY-II.NFO,04/04/2025,09:48:50,23254.2,23253.9,150,23260.9,150,450,1473075
NIFTY-II.NFO,04/04/2025,09:48:52,23254.2,23252.5,300,23259.9,150,0,1473075
NIFTY-II.NFO,04/04/2025,09:48:53,23254.2,23251,150,23257.7,75,0,1473075
NIFTY-II.NFO,04/04/2025,09:48:55,23254.2,23251,150,23257.3,300,0,1473075
NIFTY-II.NFO,04/04/2025,09:48:57,23254.2,23251,150,23256.6,150,0,1473075
NIFTY-II.NFO,04/04/2025,09:48:58,23254.2,23251,150,23255.5,75,0,1473075
NIFTY-II.NFO,04/04/2025,09:49:00,23254.2,23251,150,23253.35,150,0,1473075
NIFTY-II.NFO,04/04/2025,09:49:02,23254.2,23251,150,23253.45,375,0,1473075
NIFTY-II.NFO,04/04/2025,09:49:03,23254.2,23251,150,23255.7,75,0,1473075
NIFTY-II.NFO,04/04/2025,09:49:05,23254.2,23251,150,23254.95,150,0,1473075
NIFTY-II.NFO,04/04/2025,09:49:07,23254.2,23251,150,23254.35,75,0,1473075
NIFTY-II.NFO,04/04/2025,09:49:08,23254.1,23251,150,23252.65,75,150,1473075
NIFTY-II.NFO,04/04/2025,09:49:10,23251,23250,1425,23253.55,375,150,1473075
NIFTY-II.NFO,04/04/2025,09:49:12,23253,23250,1350,23253,75,75,1473075
NIFTY-II.NFO,04/04/2025,09:49:13,23253,23250,1350,23254.1,75,0,1473075
NIFTY-II.NFO,04/04/2025,09:49:15,23250,23250,1200,23252.8,75,75,1473075
NIFTY-II.NFO,04/04/2025,09:49:17,23250,23250,1200,23253.15,75,0,1473075
NIFTY-II.NFO,04/04/2025,09:49:18,23250,23250,1200,23251.7,375,0,1473075
NIFTY-II.NFO,04/04/2025,09:49:20,23250,23250,975,23251.55,150,300,1473075
NIFTY-II.NFO,04/04/2025,09:49:22,23250,23250,975,23251.4,75,0,1473075
NIFTY-II.NFO,04/04/2025,09:49:23,23250,23250,975,23250.5,300,0,1473075
NIFTY-II.NFO,04/04/2025,09:49:25,23250,23250,900,23252.55,375,75,1473075
NIFTY-II.NFO,04/04/2025,09:49:27,23250.3,23250,900,23250.35,225,300,1473075
NIFTY-II.NFO,04/04/2025,09:49:28,23249,23248,75,23249.85,225,1050,1473075
NIFTY-II.NFO,04/04/2025,09:49:30,23246.65,23246.4,75,23248.8,225,150,1473075
NIFTY-II.NFO,04/04/2025,09:49:32,23246.65,23246.4,75,23249.45,450,0,1473075
NIFTY-II.NFO,04/04/2025,09:49:33,23246.65,23246.4,75,23249.2,375,0,1473075
NIFTY-II.NFO,04/04/2025,09:49:35,23246.65,23246.45,75,23250,75,0,1473075
NIFTY-II.NFO,04/04/2025,09:49:37,23246.65,23246.4,75,23250,150,0,1473075
NIFTY-II.NFO,04/04/2025,09:49:38,23246.65,23246.45,75,23250,75,0,1473075
NIFTY-II.NFO,04/04/2025,09:49:40,23250,23249.35,75,23254.1,75,75,1473075
NIFTY-II.NFO,04/04/2025,09:49:42,23250,23246.45,75,23246.65,75,0,1473075
NIFTY-II.NFO,04/04/2025,09:49:43,23246.65,23248.75,75,23254.1,75,75,1473075
NIFTY-II.NFO,04/04/2025,09:49:45,23250.05,23249.05,75,23254.1,75,150,1473075
NIFTY-II.NFO,04/04/2025,09:49:47,23249.05,23249.5,75,23254.1,75,75,1473075
NIFTY-II.NFO,04/04/2025,09:49:49,23249.05,23248.5,150,23254.1,75,0,1473075
NIFTY-II.NFO,04/04/2025,09:49:50,23249.85,23250.6,75,23254.1,75,75,1473075
NIFTY-II.NFO,04/04/2025,09:49:52,23249.85,23248.85,75,23254.1,75,0,1473075
NIFTY-II.NFO,04/04/2025,09:49:54,23249.85,23246.45,75,23253.4,150,0,1473075
NIFTY-II.NFO,04/04/2025,09:49:55,23249.85,23246.45,75,23253.1,300,0,1473075
NIFTY-II.NFO,04/04/2025,09:49:57,23249.5,23246.4,75,23249.1,225,75,1473075
NIFTY-II.NFO,04/04/2025,09:49:59,23249.5,23246.4,75,23248.9,150,0,1473075
NIFTY-II.NFO,04/04/2025,09:50:00,23249.5,23246.4,75,23248.7,225,0,1473075
NIFTY-II.NFO,04/04/2025,09:50:02,23246.4,23246,150,23247.85,225,75,1473075
NIFTY-II.NFO,04/04/2025,09:50:04,23246.4,23246,150,23248.2,75,0,1473075
NIFTY-II.NFO,04/04/2025,09:50:05,23246,23246,75,23249.05,150,75,1473075
NIFTY-II.NFO,04/04/2025,09:50:07,23246,23245,150,23248.5,75,75,1473075
NIFTY-II.NFO,04/04/2025,09:50:09,23246,23245,150,23249.35,150,0,1473075
NIFTY-II.NFO,04/04/2025,09:50:10,23246,23245.05,75,23249.85,150,0,1473075
NIFTY-II.NFO,04/04/2025,09:50:12,23246,23248.2,75,23248.45,75,0,1473075
NIFTY-II.NFO,04/04/2025,09:50:14,23248.2,23246,225,23247.35,75,75,1473075
NIFTY-II.NFO,04/04/2025,09:50:15,23245,23242,75,23243.05,75,375,1473075
NIFTY-II.NFO,04/04/2025,09:50:17,23240,23240,975,23243.3,75,450,1473075
NIFTY-II.NFO,04/04/2025,09:50:19,23240,23240,975,23243.5,75,0,1473075
NIFTY-II.NFO,04/04/2025,09:50:20,23240,23240,900,23241.75,225,75,1473075
NIFTY-II.NFO,04/04/2025,09:50:22,23235,23231,75,23238.25,75,1050,1473075
NIFTY-II.NFO,04/04/2025,09:50:24,23235,23232.05,75,23239.6,75,0,1473075
NIFTY-II.NFO,04/04/2025,09:50:25,23231.15,23231.05,75,23238.6,150,75,1473075
NIFTY-II.NFO,04/04/2025,09:50:27,23231.15,23231.15,75,23236.2,75,0,1473075
NIFTY-II.NFO,04/04/2025,09:50:29,23231.15,23231.55,75,23239.9,150,0,1473075
NIFTY-II.NFO,04/04/2025,09:50:30,23231.15,23234.15,225,23241.5,75,0,1473075
NIFTY-II.NFO,04/04/2025,09:50:32,23231.15,23233.15,75,23240.9,75,0,1473075
NIFTY-II.NFO,04/04/2025,09:50:34,23232.75,23232.65,75,23240.55,75,225,1473075
NIFTY-II.NFO,04/04/2025,09:50:35,23232.75,23231.2,150,23238.9,150,0,1473075
NIFTY-II.NFO,04/04/2025,09:50:37,23232.75,23231.2,150,23238.4,150,0,1473075
NIFTY-II.NFO,04/04/2025,09:50:39,23232.15,23232.55,225,23239.95,75,150,1473075
NIFTY-II.NFO,04/04/2025,09:50:40,23231.15,23231.05,150,23237.35,75,300,1473075
NIFTY-II.NFO,04/04/2025,09:50:42,23231.15,23234.95,75,23239,225,0,1473075
NIFTY-II.NFO,04/04/2025,09:50:44,23231.15,23234.95,75,23239.9,75,0,1473075
NIFTY-II.NFO,04/04/2025,09:50:45,23231.15,23235,75,23236.7,375,0,1473075
NIFTY-II.NFO,04/04/2025,09:50:47,23235,23234.95,75,23235.15,75,75,1473075
NIFTY-II.NFO,04/04/2025,09:50:49,23234.95,23231.15,150,23235.55,150,75,1473075
NIFTY-II.NFO,04/04/2025,09:50:50,23234.95,23231.15,150,23237.5,75,0,1473075
NIFTY-II.NFO,04/04/2025,09:50:52,23234.95,23231.15,1950,23234.95,225,0,1473075
NIFTY-II.NFO,04/04/2025,09:50:54,23237.2,23231.15,2100,23236.95,225,750,1473075
NIFTY-II.NFO,04/04/2025,09:50:55,23237.2,23231.15,2100,23234.15,75,0,1473075
NIFTY-II.NFO,04/04/2025,09:50:57,23231.15,23231.15,75,23232.25,300,2025,1473075
NIFTY-II.NFO,04/04/2025,09:50:59,23226,23226,825,23229.8,75,900,1473075
NIFTY-II.NFO,04/04/2025,09:51:00,23226,23226,1500,23228.6,525,375,1473075
NIFTY-II.NFO,04/04/2025,09:51:02,23226,23226,1425,23227.8,75,75,1473075
NIFTY-II.NFO,04/04/2025,09:51:04,23226,23226,1350,23229.4,225,75,1473075
NIFTY-II.NFO,04/04/2025,09:51:05,23226,23226,1350,23231.75,75,0,1473075
NIFTY-II.NFO,04/04/2025,09:51:07,23226,23226,1350,23228.95,150,0,1473075
NIFTY-II.NFO,04/04/2025,09:51:09,23226,23226,1125,23228.6,150,225,1473075
NIFTY-II.NFO,04/04/2025,09:51:10,23230.45,23226,1050,23230.45,150,300,1473075
NIFTY-II.NFO,04/04/2025,09:51:12,23229.65,23226,1050,23229.6,150,75,1473075
