Ticker,Date,Time,LTP,BuyPrice,BuyQty,SellPrice,SellQty,LTQ,OpenInterest
NIFTY-I.NFO,24/03/2025,09:15:00,23482.3,23459.3,75,23465.75,300,18525,0
NIFTY-I.NFO,24/03/2025,09:15:00,23482.3,23459.3,75,23465.75,300,0,0
NIFTY-I.NFO,24/03/2025,09:15:00,23482.3,23459.3,75,23465.75,300,0,0
NIFTY-I.NFO,24/03/2025,09:15:00,23443.55,23459.3,75,23465.75,300,0,0
NIFTY-I.NFO,24/03/2025,09:15:01,23479.4,23465.75,450,23480,75,21600,14353050
NIFTY-I.NFO,24/03/2025,09:15:01,23483.1,23465.75,450,23480,75,0,14353050
NIFTY-I.NFO,24/03/2025,09:15:02,23465.25,23453.6,375,23464.7,75,8775,14353050
NIFTY-I.NFO,24/03/2025,09:15:04,23452.8,23451.15,300,23459.85,75,17400,14353050
NIFTY-I.NFO,24/03/2025,09:15:06,23459.95,23460,225,23465.75,300,4425,14353050
NIFTY-I.NFO,24/03/2025,09:15:07,23463.85,23463.85,600,23472.55,75,5400,14353050
NIFTY-I.NFO,24/03/2025,09:15:09,23472.35,23465.8,375,23470,75,3375,14353050
NIFTY-I.NFO,24/03/2025,09:15:10,23463.75,23463.75,750,23472.2,75,4350,14353050
NIFTY-I.NFO,24/03/2025,09:15:12,23460,23460,300,23468.5,225,3675,14353050
NIFTY-I.NFO,24/03/2025,09:15:13,23462.3,23460,75,23462.05,150,3900,14353050
NIFTY-I.NFO,24/03/2025,09:15:15,23468,23459.25,300,23468.1,300,4050,14353050
NIFTY-I.NFO,24/03/2025,09:15:16,23471.55,23464.15,300,23468,525,3075,14353050
NIFTY-I.NFO,24/03/2025,09:15:18,23465.55,23468.1,150,23472.95,300,2850,14353050
NIFTY-I.NFO,24/03/2025,09:15:19,23470,23469.9,75,23474.15,300,4050,14353050
NIFTY-I.NFO,24/03/2025,09:15:21,23470,23468.85,300,23475.45,75,4350,14353050
NIFTY-I.NFO,24/03/2025,09:15:22,23469.9,23470,150,23477.7,600,3675,14353050
NIFTY-I.NFO,24/03/2025,09:15:24,23470.2,23470,75,23473.75,150,1350,14353050
NIFTY-I.NFO,24/03/2025,09:15:25,23476.3,23471.05,75,23476.7,225,1650,14353050
NIFTY-I.NFO,24/03/2025,09:15:27,23474.35,23470.05,750,23474.85,150,1800,14353050
NIFTY-I.NFO,24/03/2025,09:15:28,23475,23471,300,23475,75,2400,14353050
NIFTY-I.NFO,24/03/2025,09:15:30,23470.3,23472.05,450,23474.9,150,1875,14353050
NIFTY-I.NFO,24/03/2025,09:15:31,23475,23470,675,23470.05,75,2775,14353050
NIFTY-I.NFO,24/03/2025,09:15:33,23470,23470.1,150,23475,225,1425,14353050
NIFTY-I.NFO,24/03/2025,09:15:35,23472,23470.1,75,23474.25,75,750,14353050
NIFTY-I.NFO,24/03/2025,09:15:36,23470.9,23470.05,600,23475,75,3750,14353050
NIFTY-I.NFO,24/03/2025,09:15:38,23475,23470,750,23475,150,3525,14353050
NIFTY-I.NFO,24/03/2025,09:15:39,23470,23470,225,23474,75,675,14353050
NIFTY-I.NFO,24/03/2025,09:15:41,23470,23469.75,300,23470,2025,1650,14353050
NIFTY-I.NFO,24/03/2025,09:15:43,23474.95,23472.4,450,23474.95,300,4875,14353050
NIFTY-I.NFO,24/03/2025,09:15:44,23471.9,23472.25,150,23474.8,75,1125,14353050
NIFTY-I.NFO,24/03/2025,09:15:46,23474.15,23473.9,450,23475,75,2700,14364225
NIFTY-I.NFO,24/03/2025,09:15:47,23478,23478.2,75,23479,75,2100,14364225
NIFTY-I.NFO,24/03/2025,09:15:49,23480,23479.9,225,23484,225,2850,14364225
NIFTY-I.NFO,24/03/2025,09:15:51,23484.2,23483.25,75,23484.2,600,975,14364225
NIFTY-I.NFO,24/03/2025,09:15:51,23484.2,23483.25,75,23484.2,600,0,14364225
NIFTY-I.NFO,24/03/2025,09:15:52,23484.3,23484.3,75,23486,75,1650,14364225
NIFTY-I.NFO,24/03/2025,09:15:52,23485,23484.3,75,23486,75,0,14364225
NIFTY-I.NFO,24/03/2025,09:15:54,23484.25,23485,75,23486,75,1200,14364225
NIFTY-I.NFO,24/03/2025,09:15:55,23486.55,23486.7,75,23490,300,2175,14364225
NIFTY-I.NFO,24/03/2025,09:15:55,23490,23486.7,75,23490,300,0,14364225
NIFTY-I.NFO,24/03/2025,09:15:57,23485.5,23484.25,375,23485.5,600,9150,14364225
NIFTY-I.NFO,24/03/2025,09:15:57,23493.7,23484.25,375,23485.5,600,0,14364225
NIFTY-I.NFO,24/03/2025,09:15:59,23485.65,23484.7,300,23485.65,225,1950,14364225
NIFTY-I.NFO,24/03/2025,09:16:00,23486.5,23487.3,75,23493.55,375,5850,14364225
NIFTY-I.NFO,24/03/2025,09:16:02,23494.25,23494.95,75,23495,225,1200,14364225
NIFTY-I.NFO,24/03/2025,09:16:02,23495,23494.95,75,23495,225,0,14364225
NIFTY-I.NFO,24/03/2025,09:16:03,23498,23495,2175,23498,75,1800,14364225
NIFTY-I.NFO,24/03/2025,09:16:03,23498,23495,2175,23498,75,0,14364225
NIFTY-I.NFO,24/03/2025,09:16:05,23499,23497.25,75,23499,150,3075,14364225
NIFTY-I.NFO,24/03/2025,09:16:05,23499,23497.25,75,23499,150,0,14364225
NIFTY-I.NFO,24/03/2025,09:16:07,23506.85,23500.15,600,23506.8,525,7050,14364225
NIFTY-I.NFO,24/03/2025,09:16:07,23506.95,23500.15,600,23506.8,525,0,14364225
NIFTY-I.NFO,24/03/2025,09:16:08,23499.4,23499.35,75,23506.85,675,3975,14364225
NIFTY-I.NFO,24/03/2025,09:16:10,23502.3,23502.7,600,23509.8,525,3075,14364225
NIFTY-I.NFO,24/03/2025,09:16:10,23509.2,23502.7,600,23509.8,525,0,14364225
NIFTY-I.NFO,24/03/2025,09:16:11,23509.35,23501.75,675,23509.4,225,2100,14364225
NIFTY-I.NFO,24/03/2025,09:16:11,23509.8,23501.75,675,23509.4,225,0,14364225
NIFTY-I.NFO,24/03/2025,09:16:13,23503.45,23503.45,600,23509.85,75,2700,14364225
NIFTY-I.NFO,24/03/2025,09:16:15,23502.4,23502.4,600,23509.7,75,3900,14364225
NIFTY-I.NFO,24/03/2025,09:16:15,23509.85,23502.4,600,23509.7,75,0,14364225
NIFTY-I.NFO,24/03/2025,09:16:16,23510,23502.95,600,23510,525,2700,14364225
NIFTY-I.NFO,24/03/2025,09:16:16,23510,23502.95,600,23510,525,0,14364225
NIFTY-I.NFO,24/03/2025,09:16:18,23509,23507.25,225,23509.95,150,1950,14364225
NIFTY-I.NFO,24/03/2025,09:16:19,23505,23505,75,23507.25,75,1425,14364225
NIFTY-I.NFO,24/03/2025,09:16:19,23513.4,23505,75,23507.25,75,0,14364225
NIFTY-I.NFO,24/03/2025,09:16:21,23513.55,23506.75,75,23512.85,75,3825,14364225
NIFTY-I.NFO,24/03/2025,09:16:21,23513.55,23506.75,75,23512.85,75,0,14364225
NIFTY-I.NFO,24/03/2025,09:16:23,23505.5,23506.7,75,23510,150,1125,14364225
NIFTY-I.NFO,24/03/2025,09:16:24,23505,23503.45,150,23509.9,525,4125,14364225
NIFTY-I.NFO,24/03/2025,09:16:26,23506,23507.3,75,23512.7,450,2925,14364225
NIFTY-I.NFO,24/03/2025,09:16:26,23513.95,23507.3,75,23512.7,450,0,14364225
NIFTY-I.NFO,24/03/2025,09:16:28,23507.35,23506.85,375,23510,225,1200,14364225
NIFTY-I.NFO,24/03/2025,09:16:29,23516.1,23515,750,23516.35,150,5400,14364225
NIFTY-I.NFO,24/03/2025,09:16:29,23516.1,23515,750,23516.35,150,0,14364225
NIFTY-I.NFO,24/03/2025,09:16:31,23513,23505.35,825,23513.25,75,2475,14364225
NIFTY-I.NFO,24/03/2025,09:16:31,23516.2,23505.35,825,23513.25,75,0,14364225
NIFTY-I.NFO,24/03/2025,09:16:32,23508.15,23507.3,375,23508.15,300,1875,14364225
NIFTY-I.NFO,24/03/2025,09:16:34,23508.15,23505.4,450,23510,225,975,14364225
NIFTY-I.NFO,24/03/2025,09:16:36,23509.95,23504.3,450,23509.95,375,3225,14364225
NIFTY-I.NFO,24/03/2025,09:16:38,23505,23504.55,75,23505,4200,2700,14364225
NIFTY-I.NFO,24/03/2025,09:16:39,23505,23503,150,23505,1275,3150,14364225
NIFTY-I.NFO,24/03/2025,09:16:41,23505,23502,150,23505,750,1125,14364225
NIFTY-I.NFO,24/03/2025,09:16:42,23505,23502,225,23505,450,975,14364225
NIFTY-I.NFO,24/03/2025,09:16:44,23500,23500,825,23502.6,2400,3600,14364225
NIFTY-I.NFO,24/03/2025,09:16:46,23499.4,23499.4,150,23501.1,975,1050,14364225
NIFTY-I.NFO,24/03/2025,09:16:47,23501.1,23500.05,75,23501.1,150,1950,14364225
NIFTY-I.NFO,24/03/2025,09:16:49,23503,23502.75,75,23504.3,75,3075,14364225
NIFTY-I.NFO,24/03/2025,09:16:51,23503.25,23504.95,75,23510,300,27900,14364225
NIFTY-I.NFO,24/03/2025,09:16:52,23505.9,23506.15,675,23508.35,75,450,14364225
NIFTY-I.NFO,24/03/2025,09:16:54,23506.6,23507.45,375,23508.35,75,450,14364225
NIFTY-I.NFO,24/03/2025,09:16:55,23514,23513.05,75,23515,1575,2175,14364225
NIFTY-I.NFO,24/03/2025,09:16:57,23509.8,23512,1050,23515.85,750,4200,14364225
NIFTY-I.NFO,24/03/2025,09:16:59,23512,23512.55,75,23516.95,225,2250,14364225
NIFTY-I.NFO,24/03/2025,09:16:59,23516.25,23512.55,75,23516.95,225,0,14364225
NIFTY-I.NFO,24/03/2025,09:17:00,23518,23513.65,75,23518,525,1050,14364225
NIFTY-I.NFO,24/03/2025,09:17:00,23518,23513.65,75,23518,525,0,14364225
NIFTY-I.NFO,24/03/2025,09:17:02,23515,23514.05,375,23517,150,2175,14364225
NIFTY-I.NFO,24/03/2025,09:17:03,23513.1,23512.3,75,23513.1,375,1950,14364225
NIFTY-I.NFO,24/03/2025,09:17:05,23511.7,23511.45,375,23515,75,975,14364225
NIFTY-I.NFO,24/03/2025,09:17:07,23513.4,23512.65,300,23518,450,1050,14364225
NIFTY-I.NFO,24/03/2025,09:17:08,23511.95,23512.9,75,23518.1,150,3000,14364225
NIFTY-I.NFO,24/03/2025,09:17:08,23518.3,23512.9,75,23518.1,150,0,14364225
NIFTY-I.NFO,24/03/2025,09:17:10,23513.45,23513.15,375,23515,75,5250,14364225
NIFTY-I.NFO,24/03/2025,09:17:10,23521.5,23513.15,375,23515,75,0,14364225
NIFTY-I.NFO,24/03/2025,09:17:12,23518,23518,1350,23519.6,150,8850,14364225
NIFTY-I.NFO,24/03/2025,09:17:12,23521.8,23518,1350,23519.6,150,0,14364225
NIFTY-I.NFO,24/03/2025,09:17:13,23513.05,23511.8,75,23513.05,375,2775,14364225
NIFTY-I.NFO,24/03/2025,09:17:15,23510.05,23510,300,23517.2,375,1275,14364225
NIFTY-I.NFO,24/03/2025,09:17:16,23508.9,23508.3,450,23513.15,150,5325,14364225
NIFTY-I.NFO,24/03/2025,09:17:18,23513.4,23510,75,23513.45,75,750,14364225
NIFTY-I.NFO,24/03/2025,09:17:20,23510,23505.35,75,23508.3,75,525,14364225
NIFTY-I.NFO,24/03/2025,09:17:21,23508.2,23503.2,1050,23505,150,975,14364225
NIFTY-I.NFO,24/03/2025,09:17:23,23506.4,23506.1,450,23508.3,150,375,14364225
NIFTY-I.NFO,24/03/2025,09:17:25,23508.4,23507.55,75,23508.4,150,1575,14364225
NIFTY-I.NFO,24/03/2025,09:17:26,23508.5,23507.25,600,23510.05,75,1350,14364225
NIFTY-I.NFO,24/03/2025,09:17:28,23509.65,23509.75,375,23515,300,450,14364225
NIFTY-I.NFO,24/03/2025,09:17:29,23509.9,23509.9,375,23515,450,450,14364225
NIFTY-I.NFO,24/03/2025,09:17:31,23510.15,23509.4,75,23515,750,675,14364225
NIFTY-I.NFO,24/03/2025,09:17:33,23509.9,23509.9,375,23510.15,150,375,14364225
NIFTY-I.NFO,24/03/2025,09:17:34,23509.9,23508.9,375,23514,525,300,14364225
NIFTY-I.NFO,24/03/2025,09:17:36,23508.65,23508.15,75,23508.65,75,2775,14364225
NIFTY-I.NFO,24/03/2025,09:17:37,23509.9,23507.15,375,23508,75,375,14364225
NIFTY-I.NFO,24/03/2025,09:17:39,23506.15,23506.15,75,23507.85,525,300,14364225
NIFTY-I.NFO,24/03/2025,09:17:41,23507.85,23505.85,75,23507.85,300,525,14364225
NIFTY-I.NFO,24/03/2025,09:17:42,23509.9,23509.9,1425,23510,2925,1500,14364225
NIFTY-I.NFO,24/03/2025,09:17:44,23509.9,23509.9,300,23510,2775,1125,14364225
NIFTY-I.NFO,24/03/2025,09:17:46,23510,23505.05,75,23510,1200,1950,14364225
NIFTY-I.NFO,24/03/2025,09:17:47,23505,23505,150,23511.1,75,2700,14364225
NIFTY-I.NFO,24/03/2025,09:17:49,23509.25,23503.6,825,23505,75,675,14364225
NIFTY-I.NFO,24/03/2025,09:17:50,23510,23505,75,23509.9,75,1050,14364225
NIFTY-I.NFO,24/03/2025,09:17:52,23505,23505,75,23510,675,825,14364225
NIFTY-I.NFO,24/03/2025,09:17:54,23510,23505.35,75,23510,600,450,14364225
NIFTY-I.NFO,24/03/2025,09:17:55,23507.45,23505,750,23505.85,75,300,14364225
NIFTY-I.NFO,24/03/2025,09:17:57,23503.65,23503.65,675,23505,75,1350,14364225
NIFTY-I.NFO,24/03/2025,09:17:58,23508.3,23505,75,23508.35,75,975,14364225
NIFTY-I.NFO,24/03/2025,09:18:00,23508.6,23504.35,375,23508.65,75,525,14364225
NIFTY-I.NFO,24/03/2025,09:18:02,23504,23504.4,1425,23505,75,600,14364225
NIFTY-I.NFO,24/03/2025,09:18:03,23505,23505,975,23505.75,75,375,14364225
NIFTY-I.NFO,24/03/2025,09:18:05,23505,23501.85,675,23505,225,1575,14364225
NIFTY-I.NFO,24/03/2025,09:18:07,23501.9,23501.9,75,23505,1500,900,14364225
NIFTY-I.NFO,24/03/2025,09:18:08,23505,23502.8,75,23505,1275,450,14364225
NIFTY-I.NFO,24/03/2025,09:18:10,23505.75,23502.3,75,23505,600,1425,14364225
NIFTY-I.NFO,24/03/2025,09:18:11,23501.1,23501.1,375,23505,675,1200,14364225
NIFTY-I.NFO,24/03/2025,09:18:13,23501.8,23501.1,450,23501.85,225,600,14364225
NIFTY-I.NFO,24/03/2025,09:18:15,23501,23500.7,675,23501,75,1725,14364225
NIFTY-I.NFO,24/03/2025,09:18:16,23501,23501,150,23501.85,75,2100,14364225
NIFTY-I.NFO,24/03/2025,09:18:18,23500.7,23500,3600,23500.8,150,750,14364225
NIFTY-I.NFO,24/03/2025,09:18:20,23501,23500.65,75,23503.95,150,1050,14364225
NIFTY-I.NFO,24/03/2025,09:18:21,23504.9,23500.7,375,23504.95,75,1275,14364225
NIFTY-I.NFO,24/03/2025,09:18:23,23500.7,23500.3,375,23502.8,150,1050,14364225
NIFTY-I.NFO,24/03/2025,09:18:25,23501.8,23501,1425,23501.8,75,525,14364225
NIFTY-I.NFO,24/03/2025,09:18:26,23501.05,23502,75,23505,2475,675,14364225
NIFTY-I.NFO,24/03/2025,09:18:28,23501.1,23502,675,23503.45,150,1500,14364225
NIFTY-I.NFO,24/03/2025,09:18:30,23502.95,23502.65,300,23503.45,150,300,14364225
NIFTY-I.NFO,24/03/2025,09:18:31,23502.4,23502.05,675,23503.4,150,600,14364225
NIFTY-I.NFO,24/03/2025,09:18:33,23501.7,23502.4,600,23503.4,225,1050,14364225
NIFTY-I.NFO,24/03/2025,09:18:35,23502.8,23502.15,75,23503,1725,375,14364225
NIFTY-I.NFO,24/03/2025,09:18:36,23503,23503,150,23503.3,75,3000,14364225
NIFTY-I.NFO,24/03/2025,09:18:38,23503.25,23503.2,75,23505,2475,450,14364225
NIFTY-I.NFO,24/03/2025,09:18:40,23505.05,23505.35,75,23506.95,75,5475,14364225
NIFTY-I.NFO,24/03/2025,09:18:41,23506.15,23505.95,75,23507.95,75,1350,14364225
NIFTY-I.NFO,24/03/2025,09:18:43,23506.9,23506.5,225,23508.6,75,2475,14364225
NIFTY-I.NFO,24/03/2025,09:18:45,23507.05,23506.75,600,23509.9,150,900,14364225
NIFTY-I.NFO,24/03/2025,09:18:47,23508.75,23508.6,300,23509.9,75,450,14374950
NIFTY-I.NFO,24/03/2025,09:18:48,23509.9,23509.8,225,23510,1575,300,14374950
NIFTY-I.NFO,24/03/2025,09:18:50,23509.5,23509.15,225,23510.4,75,1950,14374950
NIFTY-I.NFO,24/03/2025,09:18:52,23511,23510.9,150,23511.35,75,2025,14374950
NIFTY-I.NFO,24/03/2025,09:18:53,23511.9,23511.35,75,23511.9,150,300,14374950
NIFTY-I.NFO,24/03/2025,09:18:55,23512,23511.35,600,23512.35,150,300,14374950
NIFTY-I.NFO,24/03/2025,09:18:57,23513.95,23512,1050,23513.95,75,225,14374950
NIFTY-I.NFO,24/03/2025,09:18:58,23512,23512,900,23514,225,450,14374950
NIFTY-I.NFO,24/03/2025,09:19:00,23512,23510,75,23512.7,150,1425,14374950
NIFTY-I.NFO,24/03/2025,09:19:02,23510,23506.8,450,23512,75,1800,14374950
NIFTY-I.NFO,24/03/2025,09:19:03,23511,23510.05,675,23514.25,75,825,14374950
NIFTY-I.NFO,24/03/2025,09:19:05,23510.05,23510.05,600,23512,75,75,14374950
NIFTY-I.NFO,24/03/2025,09:19:07,23510,23506.8,450,23513.2,150,975,14374950
NIFTY-I.NFO,24/03/2025,09:19:08,23506.8,23507.1,675,23510,75,150,14374950
NIFTY-I.NFO,24/03/2025,09:19:10,23508.6,23508.7,225,23511,75,375,14374950
NIFTY-I.NFO,24/03/2025,09:19:11,23508.5,23510,75,23511,75,75,14374950
NIFTY-I.NFO,24/03/2025,09:19:13,23510.35,23510.85,375,23514.6,75,375,14374950
NIFTY-I.NFO,24/03/2025,09:19:15,23514.9,23511,225,23513.95,75,300,14374950
NIFTY-I.NFO,24/03/2025,09:19:16,23511,23511.55,75,23513.9,75,825,14374950
NIFTY-I.NFO,24/03/2025,09:19:18,23513.25,23513.25,150,23513.95,75,525,14374950
NIFTY-I.NFO,24/03/2025,09:19:20,23514.95,23512.2,75,23514.95,225,450,14374950
NIFTY-I.NFO,24/03/2025,09:19:21,23514.95,23511.6,75,23514.9,150,900,14374950
NIFTY-I.NFO,24/03/2025,09:19:23,23515,23514.95,750,23515,225,1200,14374950
NIFTY-I.NFO,24/03/2025,09:19:25,23515.1,23515.05,450,23517.95,150,1125,14374950
NIFTY-I.NFO,24/03/2025,09:19:26,23516.25,23516.75,150,23517.95,150,750,14374950
NIFTY-I.NFO,24/03/2025,09:19:28,23518.2,23518.15,375,23518.45,75,4725,14374950
NIFTY-I.NFO,24/03/2025,09:19:30,23520.05,23520.15,75,23521,75,4050,14374950
NIFTY-I.NFO,24/03/2025,09:19:31,23521.85,23521.75,75,23523,75,1275,14374950
NIFTY-I.NFO,24/03/2025,09:19:31,23522.95,23521.75,75,23523,75,0,14374950
NIFTY-I.NFO,24/03/2025,09:19:33,23520.9,23521.15,75,23522.95,75,600,14374950
NIFTY-I.NFO,24/03/2025,09:19:35,23520.55,23520.65,150,23523.8,75,975,14374950
NIFTY-I.NFO,24/03/2025,09:19:35,23523,23520.65,150,23523.8,75,0,14374950
NIFTY-I.NFO,24/03/2025,09:19:36,23523.8,23520.9,75,23523.8,75,600,14374950
NIFTY-I.NFO,24/03/2025,09:19:36,23523.85,23520.9,75,23523.8,75,0,14374950
NIFTY-I.NFO,24/03/2025,09:19:38,23522.05,23522.05,300,23524.95,75,2325,14374950
NIFTY-I.NFO,24/03/2025,09:19:38,23525,23522.05,300,23524.95,75,0,14374950
NIFTY-I.NFO,24/03/2025,09:19:40,23524.25,23524.05,150,23525,150,1425,14374950
NIFTY-I.NFO,24/03/2025,09:19:41,23522.95,23522.05,150,23525,225,300,14374950
NIFTY-I.NFO,24/03/2025,09:19:43,23523.85,23522.95,75,23524.95,150,300,14374950
NIFTY-I.NFO,24/03/2025,09:19:45,23523.1,23523.05,225,23525,225,1500,14374950
NIFTY-I.NFO,24/03/2025,09:19:46,23523.35,23523.85,75,23524.95,150,75,14374950
NIFTY-I.NFO,24/03/2025,09:19:48,23523.05,23523.4,75,23524.95,150,450,14374950
NIFTY-I.NFO,24/03/2025,09:19:50,23526.05,23525.55,75,23527.5,150,1125,14374950
NIFTY-I.NFO,24/03/2025,09:19:50,23526.05,23525.55,75,23527.5,150,0,14374950
NIFTY-I.NFO,24/03/2025,09:19:51,23527.55,23525.9,225,23527.7,75,300,14374950
NIFTY-I.NFO,24/03/2025,09:19:51,23527.55,23525.9,225,23527.7,75,0,14374950
NIFTY-I.NFO,24/03/2025,09:19:53,23527.95,23525.65,150,23528,450,1500,14374950
NIFTY-I.NFO,24/03/2025,09:19:53,23527.95,23525.65,150,23528,450,0,14374950
NIFTY-I.NFO,24/03/2025,09:19:55,23528,23527.5,75,23528,225,450,14374950
NIFTY-I.NFO,24/03/2025,09:19:55,23528,23527.5,75,23528,225,0,14374950
NIFTY-I.NFO,24/03/2025,09:19:56,23525.95,23525.85,75,23529,150,900,14374950
NIFTY-I.NFO,24/03/2025,09:19:56,23528.05,23525.85,75,23529,150,0,14374950
NIFTY-I.NFO,24/03/2025,09:19:58,23525.35,23525.15,675,23525.35,450,2100,14374950
NIFTY-I.NFO,24/03/2025,09:19:58,23529.8,23525.15,675,23525.35,450,0,14374950
NIFTY-I.NFO,24/03/2025,09:20:00,23524.25,23524,75,23526.1,225,2625,14374950
NIFTY-I.NFO,24/03/2025,09:20:01,23527.5,23522.95,150,23527.55,75,12300,14374950
NIFTY-I.NFO,24/03/2025,09:20:03,23529,23522.25,150,23528.95,225,7425,14374950
NIFTY-I.NFO,24/03/2025,09:20:05,23522.4,23521.35,225,23528.4,225,2925,14374950
NIFTY-I.NFO,24/03/2025,09:20:05,23529.9,23521.35,225,23528.4,225,0,14374950
NIFTY-I.NFO,24/03/2025,09:20:06,23527.45,23521.15,75,23527.45,75,3000,14374950
NIFTY-I.NFO,24/03/2025,09:20:08,23520.25,23519.35,75,23522,150,10725,14374950
NIFTY-I.NFO,24/03/2025,09:20:10,23516.35,23516.4,300,23520,75,2925,14374950
NIFTY-I.NFO,24/03/2025,09:20:11,23518.15,23517.8,75,23523.3,225,525,14374950
NIFTY-I.NFO,24/03/2025,09:20:13,23522.65,23519.55,75,23523.3,150,225,14374950
NIFTY-I.NFO,24/03/2025,09:20:15,23519.4,23519.95,75,23523.2,150,450,14374950
NIFTY-I.NFO,24/03/2025,09:20:16,23523.35,23521.75,300,23523.65,75,675,14374950
NIFTY-I.NFO,24/03/2025,09:20:18,23523.2,23519.3,225,23523.55,75,750,14374950
NIFTY-I.NFO,24/03/2025,09:20:20,23522.95,23519.05,75,23522.95,150,4500,14374950
NIFTY-I.NFO,24/03/2025,09:20:21,23525.4,23520,75,23524.3,450,3450,14374950
NIFTY-I.NFO,24/03/2025,09:20:23,23524.3,23520.15,375,23524.95,150,375,14374950
NIFTY-I.NFO,24/03/2025,09:20:25,23522,23520.15,150,23524.9,150,450,14374950
NIFTY-I.NFO,24/03/2025,09:20:26,23520,23519.15,150,23523.95,150,150,14374950
NIFTY-I.NFO,24/03/2025,09:20:28,23523.95,23519.15,450,23520,150,525,14374950
NIFTY-I.NFO,24/03/2025,09:20:30,23518.65,23518.65,150,23520,150,525,14374950
NIFTY-I.NFO,24/03/2025,09:20:31,23523.85,23519.35,75,23523.95,75,675,14374950
NIFTY-I.NFO,24/03/2025,09:20:33,23522,23519.65,150,23523.95,75,150,14374950
NIFTY-I.NFO,24/03/2025,09:20:34,23520,23520,150,23523.65,75,150,14374950
NIFTY-I.NFO,24/03/2025,09:20:36,23521.55,23518,375,23521.55,675,750,14374950
NIFTY-I.NFO,24/03/2025,09:20:38,23515,23515,225,23518.05,75,975,14374950
NIFTY-I.NFO,24/03/2025,09:20:39,23513.05,23513.05,75,23516.9,450,975,14374950
NIFTY-I.NFO,24/03/2025,09:20:41,23512.95,23512.75,375,23517.95,75,600,14374950
NIFTY-I.NFO,24/03/2025,09:20:43,23517.7,23512.4,600,23518,525,225,14374950
NIFTY-I.NFO,24/03/2025,09:20:44,23515,23515,75,23517.95,300,450,14374950
NIFTY-I.NFO,24/03/2025,09:20:46,23511.2,23511.85,75,23515,525,300,14374950
NIFTY-I.NFO,24/03/2025,09:20:48,23511,23511,600,23514.95,150,375,14374950
NIFTY-I.NFO,24/03/2025,09:20:49,23514.95,23511,600,23514.5,300,150,14374950
NIFTY-I.NFO,24/03/2025,09:20:51,23520,23512.6,225,23518.9,150,5400,14374950
NIFTY-I.NFO,24/03/2025,09:20:53,23517.9,23513.65,150,23518,150,300,14374950
NIFTY-I.NFO,24/03/2025,09:20:55,23513.1,23515.4,150,23517.95,75,750,14374950
NIFTY-I.NFO,24/03/2025,09:20:56,23515.75,23515.7,75,23517.95,150,4125,14374950
NIFTY-I.NFO,24/03/2025,09:20:58,23520,23515.2,75,23521.05,600,300,14374950
NIFTY-I.NFO,24/03/2025,09:20:59,23514.95,23515.95,225,23518.95,75,300,14374950
NIFTY-I.NFO,24/03/2025,09:21:01,23515.65,23514.4,75,23518,375,225,14374950
NIFTY-I.NFO,24/03/2025,09:21:03,23514.9,23514.45,900,23518,300,150,14374950
NIFTY-I.NFO,24/03/2025,09:21:04,23517,23514.45,825,23518,300,150,14374950
NIFTY-I.NFO,24/03/2025,09:21:06,23515.65,23514.45,600,23517.3,600,375,14374950
NIFTY-I.NFO,24/03/2025,09:21:08,23512,23511,675,23514.25,75,1125,14374950
NIFTY-I.NFO,24/03/2025,09:21:09,23514.25,23511,675,23514.3,300,75,14374950
NIFTY-I.NFO,24/03/2025,09:21:11,23511,23512,150,23513.05,225,300,14374950
NIFTY-I.NFO,24/03/2025,09:21:13,23508.05,23508.05,75,23510.5,225,1350,14374950
NIFTY-I.NFO,24/03/2025,09:21:14,23508,23507,150,23511,300,375,14374950
NIFTY-I.NFO,24/03/2025,09:21:16,23505.6,23507.05,150,23508,75,300,14374950
NIFTY-I.NFO,24/03/2025,09:21:18,23507.3,23505,300,23507.4,600,600,14374950
NIFTY-I.NFO,24/03/2025,09:21:19,23507.35,23505,75,23507.35,375,375,14374950
NIFTY-I.NFO,24/03/2025,09:21:21,23505.5,23505.5,150,23505.6,75,675,14374950
NIFTY-I.NFO,24/03/2025,09:21:23,23504.6,23504.6,225,23504.95,75,450,14374950
NIFTY-I.NFO,24/03/2025,09:21:24,23503.3,23503.3,300,23504.95,300,525,14374950
NIFTY-I.NFO,24/03/2025,09:21:26,23504.95,23503.3,300,23504.6,75,150,14374950
NIFTY-I.NFO,24/03/2025,09:21:28,23500,23498.55,75,23500,4350,6600,14374950
NIFTY-I.NFO,24/03/2025,09:21:29,23500,23499.55,150,23500,2175,4950,14374950
NIFTY-I.NFO,24/03/2025,09:21:31,23504.6,23500.6,75,23504.95,150,8550,14374950
NIFTY-I.NFO,24/03/2025,09:21:33,23500.25,23500.25,225,23505.5,600,5250,14374950
NIFTY-I.NFO,24/03/2025,09:21:34,23498.4,23498.05,75,23499.1,300,1725,14374950
NIFTY-I.NFO,24/03/2025,09:21:36,23499.1,23494.75,75,23499.1,225,750,14374950
NIFTY-I.NFO,24/03/2025,09:21:38,23498.4,23492.6,525,23499.1,600,7350,14374950
NIFTY-I.NFO,24/03/2025,09:21:39,23497.95,23494.2,75,23498,150,375,14374950
NIFTY-I.NFO,24/03/2025,09:21:41,23493.95,23494.85,300,23495.7,75,750,14374950
NIFTY-I.NFO,24/03/2025,09:21:43,23494.85,23495,75,23495.7,150,300,14374950
NIFTY-I.NFO,24/03/2025,09:21:44,23497.9,23496,225,23497.95,150,825,14374950
NIFTY-I.NFO,24/03/2025,09:21:46,23496.1,23496.1,75,23497.95,150,225,14374950
NIFTY-I.NFO,24/03/2025,09:21:48,23496.1,23497.05,225,23497.95,225,75,14409450
NIFTY-I.NFO,24/03/2025,09:21:49,23497.95,23498.05,225,23498.4,225,975,14409450
NIFTY-I.NFO,24/03/2025,09:21:51,23495.2,23494.9,75,23498.4,225,1125,14409450
NIFTY-I.NFO,24/03/2025,09:21:53,23498,23495.75,75,23498.05,75,825,14409450
NIFTY-I.NFO,24/03/2025,09:21:54,23499.55,23498.5,75,23499.9,75,5325,14409450
NIFTY-I.NFO,24/03/2025,09:21:56,23497.1,23496.5,525,23499.9,75,1575,14409450
NIFTY-I.NFO,24/03/2025,09:21:58,23497.6,23497.25,75,23499,75,300,14409450
NIFTY-I.NFO,24/03/2025,09:21:59,23500,23498,75,23500,1125,525,14409450
NIFTY-I.NFO,24/03/2025,09:22:01,23500,23498.7,75,23500,975,825,14409450
NIFTY-I.NFO,24/03/2025,09:22:03,23498.8,23498.85,300,23500,975,300,14409450
NIFTY-I.NFO,24/03/2025,09:22:04,23498.9,23496.7,300,23499.55,525,2625,14409450
NIFTY-I.NFO,24/03/2025,09:22:06,23498.8,23497,150,23499.55,450,450,14409450
NIFTY-I.NFO,24/03/2025,09:22:08,23496,23495.75,75,23499.55,450,450,14409450
NIFTY-I.NFO,24/03/2025,09:22:09,23496,23495.7,75,23496,600,450,14409450
NIFTY-I.NFO,24/03/2025,09:22:11,23495.75,23492.4,75,23498.05,375,3000,14409450
NIFTY-I.NFO,24/03/2025,09:22:13,23495.75,23492.95,75,23495.75,225,225,14409450
NIFTY-I.NFO,24/03/2025,09:22:14,23495.75,23493.15,75,23495.75,75,1200,14409450
NIFTY-I.NFO,24/03/2025,09:22:16,23496,23494.4,75,23498.1,75,675,14409450
NIFTY-I.NFO,24/03/2025,09:22:18,23498.1,23495.8,75,23499.55,675,450,14409450
NIFTY-I.NFO,24/03/2025,09:22:19,23499.55,23497.1,75,23499.55,525,300,14409450
NIFTY-I.NFO,24/03/2025,09:22:21,23495.75,23495.2,375,23499,150,450,14409450
NIFTY-I.NFO,24/03/2025,09:22:23,23495.7,23495.7,150,23499,150,75,14409450
NIFTY-I.NFO,24/03/2025,09:22:24,23495.7,23495.7,600,23496.8,75,0,14409450
NIFTY-I.NFO,24/03/2025,09:22:26,23496.8,23495.95,525,23499,150,300,14409450
NIFTY-I.NFO,24/03/2025,09:22:28,23496.8,23497.55,150,23499,300,0,14409450
NIFTY-I.NFO,24/03/2025,09:22:29,23496.65,23497.75,75,23500,1125,2025,14409450
NIFTY-I.NFO,24/03/2025,09:22:31,23500,23496.8,75,23499.95,225,525,14409450
NIFTY-I.NFO,24/03/2025,09:22:33,23496.85,23497.1,225,23499.95,75,450,14409450
NIFTY-I.NFO,24/03/2025,09:22:34,23499.95,23499.5,150,23499.95,75,225,14409450
NIFTY-I.NFO,24/03/2025,09:22:36,23500.25,23500.3,150,23501.95,450,1350,14409450
NIFTY-I.NFO,24/03/2025,09:22:38,23500.25,23500.65,150,23502.95,450,0,14409450
NIFTY-I.NFO,24/03/2025,09:22:39,23500.25,23502.3,150,23504.85,450,0,14409450
NIFTY-I.NFO,24/03/2025,09:22:41,23503.6,23503.55,150,23504.95,450,600,14409450
NIFTY-I.NFO,24/03/2025,09:22:43,23504.4,23503.8,75,23505,375,150,14409450
NIFTY-I.NFO,24/03/2025,09:22:44,23505,23505.2,75,23509,75,375,14409450
NIFTY-I.NFO,24/03/2025,09:22:46,23508.95,23506.05,75,23510,525,150,14409450
NIFTY-I.NFO,24/03/2025,09:22:48,23506,23506.35,300,23509.95,75,75,14409450
NIFTY-I.NFO,24/03/2025,09:22:49,23506.5,23506.5,75,23509.95,75,1050,14409450
NIFTY-I.NFO,24/03/2025,09:22:51,23509.95,23506.2,150,23510,525,150,14409450
NIFTY-I.NFO,24/03/2025,09:22:53,23510,23508.95,225,23510,375,225,14409450
NIFTY-I.NFO,24/03/2025,09:22:54,23510,23509,300,23509.95,75,450,14409450
NIFTY-I.NFO,24/03/2025,09:22:56,23510,23508.15,75,23509.9,75,1425,14409450
NIFTY-I.NFO,24/03/2025,09:22:58,23511,23510.85,75,23511,750,675,14409450
NIFTY-I.NFO,24/03/2025,09:22:59,23511,23512.25,150,23514,75,750,14409450
NIFTY-I.NFO,24/03/2025,09:23:01,23517.95,23512.4,150,23517.9,450,2100,14409450
NIFTY-I.NFO,24/03/2025,09:23:03,23517.35,23512.05,75,23517.1,450,1125,14409450
NIFTY-I.NFO,24/03/2025,09:23:04,23516.55,23510.75,75,23516.55,150,675,14409450
NIFTY-I.NFO,24/03/2025,09:23:06,23516.55,23510.05,525,23516.35,150,0,14409450
NIFTY-I.NFO,24/03/2025,09:23:08,23512.05,23508.2,900,23512.05,75,1350,14409450
NIFTY-I.NFO,24/03/2025,09:23:09,23512.05,23512.05,300,23515.95,225,75,14409450
NIFTY-I.NFO,24/03/2025,09:23:11,23507.55,23507.5,75,23513.85,375,825,14409450
NIFTY-I.NFO,24/03/2025,09:23:13,23511.95,23507.5,150,23511.95,225,1050,14409450
NIFTY-I.NFO,24/03/2025,09:23:15,23513.85,23511.95,225,23514.5,375,2925,14409450
NIFTY-I.NFO,24/03/2025,09:23:16,23513.85,23510.15,150,23513.4,75,0,14409450
NIFTY-I.NFO,24/03/2025,09:23:18,23516.6,23513.45,75,23515,150,450,14409450
NIFTY-I.NFO,24/03/2025,09:23:20,23516.95,23515,150,23516.95,225,525,14409450
NIFTY-I.NFO,24/03/2025,09:23:21,23516.95,23514.85,150,23516,75,675,14409450
NIFTY-I.NFO,24/03/2025,09:23:23,23518,23513.3,150,23519.1,150,450,14409450
NIFTY-I.NFO,24/03/2025,09:23:25,23513.45,23513.4,375,23515,75,1125,14409450
NIFTY-I.NFO,24/03/2025,09:23:26,23515,23515,75,23516,75,375,14409450
NIFTY-I.NFO,24/03/2025,09:23:28,23513.3,23509.7,375,23515.95,150,525,14409450
NIFTY-I.NFO,24/03/2025,09:23:30,23516,23510.85,75,23515.3,75,225,14409450
NIFTY-I.NFO,24/03/2025,09:23:31,23510.6,23510,75,23516,75,375,14409450
NIFTY-I.NFO,24/03/2025,09:23:33,23516.6,23511.55,75,23516.35,150,75,14409450
NIFTY-I.NFO,24/03/2025,09:23:35,23516.35,23514,150,23516.35,75,225,14409450
NIFTY-I.NFO,24/03/2025,09:23:36,23515.15,23510,75,23514.65,75,750,14409450
NIFTY-I.NFO,24/03/2025,09:23:38,23508.2,23507.75,975,23514.15,150,600,14409450
NIFTY-I.NFO,24/03/2025,09:23:40,23512.7,23507,75,23511.8,150,300,14409450
NIFTY-I.NFO,24/03/2025,09:23:41,23509.45,23506.5,75,23509.8,150,225,14409450
NIFTY-I.NFO,24/03/2025,09:23:43,23507.55,23506.5,75,23508.6,150,2625,14409450
NIFTY-I.NFO,24/03/2025,09:23:45,23506.5,23505,150,23507.75,75,75,14409450
NIFTY-I.NFO,24/03/2025,09:23:46,23507.7,23502.15,225,23507.75,225,900,14409450
NIFTY-I.NFO,24/03/2025,09:23:48,23503.45,23504.25,75,23507.75,75,300,14409450
NIFTY-I.NFO,24/03/2025,09:23:50,23507.75,23504,225,23507.7,75,2475,14409450
NIFTY-I.NFO,24/03/2025,09:23:51,23505.3,23506.25,150,23507.7,75,375,14409450
NIFTY-I.NFO,24/03/2025,09:23:53,23507.7,23506.15,75,23510.95,150,375,14409450
NIFTY-I.NFO,24/03/2025,09:23:55,23507.7,23510.1,75,23511,1500,0,14409450
NIFTY-I.NFO,24/03/2025,09:23:56,23510.35,23509.2,75,23511,1500,75,14409450
NIFTY-I.NFO,24/03/2025,09:23:58,23510,23508.85,150,23511,1500,300,14409450
NIFTY-I.NFO,24/03/2025,09:24:00,23509.95,23509.65,75,23510,75,375,14409450
NIFTY-I.NFO,24/03/2025,09:24:01,23508.65,23508.5,150,23511,1350,450,14409450
NIFTY-I.NFO,24/03/2025,09:24:03,23509.2,23509.2,450,23511,1275,150,14409450
NIFTY-I.NFO,24/03/2025,09:24:05,23509.25,23509.25,825,23510,1350,150,14409450
NIFTY-I.NFO,24/03/2025,09:24:06,23510,23509.8,75,23510,225,1125,14409450
NIFTY-I.NFO,24/03/2025,09:24:08,23511,23510.75,375,23511,225,1725,14409450
NIFTY-I.NFO,24/03/2025,09:24:10,23511,23510.25,225,23514,150,1125,14409450
NIFTY-I.NFO,24/03/2025,09:24:11,23514,23510,150,23515.3,600,1050,14409450
NIFTY-I.NFO,24/03/2025,09:24:13,23515,23509.95,75,23515.3,75,150,14409450
NIFTY-I.NFO,24/03/2025,09:24:15,23514.9,23510,75,23515,75,225,14409450
NIFTY-I.NFO,24/03/2025,09:24:16,23510.2,23510,75,23515,75,375,14409450
NIFTY-I.NFO,24/03/2025,09:24:18,23515,23515,300,23515.75,75,150,14409450
NIFTY-I.NFO,24/03/2025,09:24:20,23515,23515,300,23515.75,75,75,14409450
NIFTY-I.NFO,24/03/2025,09:24:21,23515.35,23515.35,150,23516,75,300,14409450
NIFTY-I.NFO,24/03/2025,09:24:23,23516,23515,75,23515.35,75,1050,14409450
NIFTY-I.NFO,24/03/2025,09:24:25,23516,23516,225,23517,75,300,14409450
NIFTY-I.NFO,24/03/2025,09:24:26,23516.8,23515,450,23516.8,75,5925,14409450
NIFTY-I.NFO,24/03/2025,09:24:28,23515,23516.45,75,23516.8,75,150,14409450
NIFTY-I.NFO,24/03/2025,09:24:30,23520.15,23514.7,75,23520.3,75,750,14409450
NIFTY-I.NFO,24/03/2025,09:24:31,23524.95,23520,75,23521.4,1725,9300,14409450
NIFTY-I.NFO,24/03/2025,09:24:33,23521.4,23517.7,75,23519,75,150,14409450
NIFTY-I.NFO,24/03/2025,09:24:35,23517.4,23516.65,225,23519,150,75,14409450
NIFTY-I.NFO,24/03/2025,09:24:36,23516.7,23516.25,225,23516.7,1125,675,14409450
NIFTY-I.NFO,24/03/2025,09:24:38,23516.4,23515.8,150,23516.4,75,675,14409450
NIFTY-I.NFO,24/03/2025,09:24:40,23515.95,23515.25,600,23516.4,75,300,14409450
NIFTY-I.NFO,24/03/2025,09:24:41,23515.25,23515,300,23515.25,975,225,14409450
NIFTY-I.NFO,24/03/2025,09:24:43,23517.4,23516.7,300,23517.05,375,1200,14409450
NIFTY-I.NFO,24/03/2025,09:24:45,23522.1,23521.95,150,23522.2,75,1800,14409450
NIFTY-I.NFO,24/03/2025,09:24:46,23522.25,23522.05,225,23523.65,75,750,14409450
NIFTY-I.NFO,24/03/2025,09:24:48,23522.05,23522.1,150,23522.75,150,75,14428800
NIFTY-I.NFO,24/03/2025,09:24:50,23523.65,23522.1,150,23523.4,75,225,14428800
NIFTY-I.NFO,24/03/2025,09:24:51,23521,23520.15,75,23522.1,75,450,14428800
NIFTY-I.NFO,24/03/2025,09:24:53,23522.75,23520.15,600,23522,150,225,14428800
NIFTY-I.NFO,24/03/2025,09:24:55,23523.35,23521,150,23524.95,150,525,14428800
NIFTY-I.NFO,24/03/2025,09:24:56,23521.1,23519.75,150,23522.5,300,525,14428800
NIFTY-I.NFO,24/03/2025,09:24:58,23522.5,23519.35,225,23520.6,75,75,14428800
NIFTY-I.NFO,24/03/2025,09:25:00,23522.3,23519.85,225,23522.3,825,2700,14428800
NIFTY-I.NFO,24/03/2025,09:25:01,23520.95,23519.85,75,23520.9,225,450,14428800
NIFTY-I.NFO,24/03/2025,09:25:03,23515,23515,225,23516.2,750,2325,14428800
NIFTY-I.NFO,24/03/2025,09:25:05,23513.3,23511.4,225,23513.3,450,1275,14428800
NIFTY-I.NFO,24/03/2025,09:25:06,23511.1,23511.2,75,23513.3,75,900,14428800
NIFTY-I.NFO,24/03/2025,09:25:08,23510.85,23511.2,150,23512,225,600,14428800
NIFTY-I.NFO,24/03/2025,09:25:10,23511.1,23511.2,150,23513.3,75,1800,14428800
NIFTY-I.NFO,24/03/2025,09:25:11,23511.1,23510.3,150,23512.15,450,300,14428800
NIFTY-I.NFO,24/03/2025,09:25:13,23511.1,23510.85,75,23511.4,450,975,14428800
NIFTY-I.NFO,24/03/2025,09:25:15,23511.4,23510.85,75,23511,75,150,14428800
NIFTY-I.NFO,24/03/2025,09:25:16,23510.9,23510.25,225,23510.9,150,900,14428800
NIFTY-I.NFO,24/03/2025,09:25:18,23511.6,23511.8,75,23515,975,975,14428800
NIFTY-I.NFO,24/03/2025,09:25:20,23511.7,23511.65,225,23513.2,450,75,14428800
NIFTY-I.NFO,24/03/2025,09:25:21,23513.2,23513.35,150,23514,225,450,14428800
NIFTY-I.NFO,24/03/2025,09:25:23,23513.45,23512.15,75,23513.45,75,375,14428800
NIFTY-I.NFO,24/03/2025,09:25:25,23515,23515,4050,23518.8,300,825,14428800
NIFTY-I.NFO,24/03/2025,09:25:26,23513,23513,3900,23514.8,150,300,14428800
NIFTY-I.NFO,24/03/2025,09:25:28,23514,23513.85,225,23514,75,300,14428800
NIFTY-I.NFO,24/03/2025,09:25:30,23513.85,23513.45,75,23514,75,300,14428800
NIFTY-I.NFO,24/03/2025,09:25:31,23507.1,23506.15,75,23510,6375,12900,14428800
NIFTY-I.NFO,24/03/2025,09:25:33,23510,23505.75,225,23510,6225,600,14428800
NIFTY-I.NFO,24/03/2025,09:25:35,23505.05,23505,150,23510,6225,675,14428800
NIFTY-I.NFO,24/03/2025,09:25:36,23504.9,23504.1,75,23504.9,5325,900,14428800
NIFTY-I.NFO,24/03/2025,09:25:38,23504.3,23504.25,225,23504.3,150,975,14428800
NIFTY-I.NFO,24/03/2025,09:25:40,23505.7,23505,375,23505.65,150,5775,14428800
NIFTY-I.NFO,24/03/2025,09:25:41,23504.9,23504.75,225,23505.15,75,150,14428800
NIFTY-I.NFO,24/03/2025,09:25:43,23504.35,23504.3,450,23504.5,150,375,14428800
NIFTY-I.NFO,24/03/2025,09:25:45,23503.15,23502.3,75,23502.45,525,450,14428800
NIFTY-I.NFO,24/03/2025,09:25:46,23502.3,23502,225,23502.15,150,300,14428800
NIFTY-I.NFO,24/03/2025,09:25:48,23502,23502,75,23502.1,150,300,14428800
NIFTY-I.NFO,24/03/2025,09:25:50,23508.45,23503.65,150,23508.45,75,4425,14428800
NIFTY-I.NFO,24/03/2025,09:25:51,23502.75,23501.8,525,23503,150,675,14428800
NIFTY-I.NFO,24/03/2025,09:25:53,23503.05,23502.95,75,23503,75,825,14428800
NIFTY-I.NFO,24/03/2025,09:25:55,23504.55,23504.55,375,23508.75,75,600,14428800
NIFTY-I.NFO,24/03/2025,09:25:56,23504.15,23504.4,600,23508.75,75,525,14428800
NIFTY-I.NFO,24/03/2025,09:25:58,23505.45,23505.95,375,23508.75,75,75,14428800
NIFTY-I.NFO,24/03/2025,09:26:00,23505.95,23506.4,300,23510,75,300,14428800
NIFTY-I.NFO,24/03/2025,09:26:01,23503,23501.5,150,23507.2,600,1275,14428800
NIFTY-I.NFO,24/03/2025,09:26:03,23501.55,23501.1,450,23506.2,600,1050,14428800
NIFTY-I.NFO,24/03/2025,09:26:05,23503,23502,150,23506.75,600,75,14428800
NIFTY-I.NFO,24/03/2025,09:26:06,23501.4,23501.1,150,23506.1,600,750,14428800
NIFTY-I.NFO,24/03/2025,09:26:08,23501.1,23501,75,23504.9,375,750,14428800
NIFTY-I.NFO,24/03/2025,09:26:10,23501.05,23501,150,23503,75,150,14428800
NIFTY-I.NFO,24/03/2025,09:26:11,23500.05,23501.4,750,23503,150,300,14428800
NIFTY-I.NFO,24/03/2025,09:26:13,23503,23502.25,225,23507.95,675,450,14428800
NIFTY-I.NFO,24/03/2025,09:26:15,23505,23503.85,375,23505,225,3375,14428800
NIFTY-I.NFO,24/03/2025,09:26:16,23505,23504.05,525,23505,75,300,14428800
NIFTY-I.NFO,24/03/2025,09:26:18,23504.25,23504.6,600,23505,75,150,14428800
NIFTY-I.NFO,24/03/2025,09:26:20,23506.7,23507.05,75,23509.9,525,300,14428800
NIFTY-I.NFO,24/03/2025,09:26:21,23508.9,23509.75,75,23509.9,525,75,14428800
NIFTY-I.NFO,24/03/2025,09:26:23,23514.4,23510.7,150,23514.4,525,1200,14428800
NIFTY-I.NFO,24/03/2025,09:26:25,23513.25,23508.6,150,23513.35,300,375,14428800
NIFTY-I.NFO,24/03/2025,09:26:26,23509,23508.05,75,23513.35,525,300,14428800
NIFTY-I.NFO,24/03/2025,09:26:28,23512.3,23507.45,75,23512.9,300,375,14428800
NIFTY-I.NFO,24/03/2025,09:26:30,23505.5,23506.1,225,23511.65,600,10200,14428800
NIFTY-I.NFO,24/03/2025,09:26:31,23513.25,23508.4,375,23511.65,75,75,14428800
NIFTY-I.NFO,24/03/2025,09:26:33,23513.25,23509.45,525,23511.65,75,0,14428800
NIFTY-I.NFO,24/03/2025,09:26:35,23513.25,23509.35,225,23511.65,75,0,14428800
NIFTY-I.NFO,24/03/2025,09:26:36,23512.75,23509.2,75,23513.75,675,375,14428800
NIFTY-I.NFO,24/03/2025,09:26:38,23506.15,23506.9,75,23512.05,300,375,14428800
NIFTY-I.NFO,24/03/2025,09:26:40,23506.15,23506.9,150,23512.05,300,0,14428800
NIFTY-I.NFO,24/03/2025,09:26:41,23506.15,23506.1,375,23510,150,0,14428800
NIFTY-I.NFO,24/03/2025,09:26:43,23506.15,23505.7,375,23506.3,75,0,14428800
NIFTY-I.NFO,24/03/2025,09:26:45,23505.6,23505.5,75,23510,150,150,14428800
NIFTY-I.NFO,24/03/2025,09:26:46,23505.6,23505.5,75,23509.9,300,0,14428800
NIFTY-I.NFO,24/03/2025,09:26:48,23505,23504,225,23505.5,150,150,14428800
NIFTY-I.NFO,24/03/2025,09:26:50,23504,23503,375,23504.75,225,750,14428800
NIFTY-I.NFO,24/03/2025,09:26:51,23505.5,23503,375,23505.5,75,375,14428800
NIFTY-I.NFO,24/03/2025,09:26:53,23505.5,23503,450,23504,75,0,14428800
NIFTY-I.NFO,24/03/2025,09:26:54,23503,23503,225,23503.95,75,375,14428800
NIFTY-I.NFO,24/03/2025,09:26:56,23503,23502,225,23504.9,150,225,14428800
NIFTY-I.NFO,24/03/2025,09:26:58,23507,23503,225,23504.5,450,1800,14428800
NIFTY-I.NFO,24/03/2025,09:26:59,23504.1,23503,75,23504.15,225,225,14428800
NIFTY-I.NFO,24/03/2025,09:27:01,23501,23501,150,23502.55,225,2025,14428800
NIFTY-I.NFO,24/03/2025,09:27:03,23503.7,23502,75,23504.5,375,1200,14428800
NIFTY-I.NFO,24/03/2025,09:27:04,23501.8,23501.8,75,23505.95,225,600,14428800
NIFTY-I.NFO,24/03/2025,09:27:06,23500.3,23501.3,450,23506,75,675,14428800
NIFTY-I.NFO,24/03/2025,09:27:08,23501.2,23501.2,600,23506,75,300,14428800
NIFTY-I.NFO,24/03/2025,09:27:09,23501.2,23503.4,75,23506,75,0,14428800
NIFTY-I.NFO,24/03/2025,09:27:11,23502.15,23501.95,450,23507.7,225,450,14428800
NIFTY-I.NFO,24/03/2025,09:27:13,23505.45,23500,1650,23505.15,300,150,14428800
NIFTY-I.NFO,24/03/2025,09:27:14,23500,23499.9,75,23501.4,750,2175,14428800
NIFTY-I.NFO,24/03/2025,09:27:16,23498,23500,75,23501.4,750,375,14428800
NIFTY-I.NFO,24/03/2025,09:27:18,23496.95,23501,75,23501.4,750,1275,14428800
NIFTY-I.NFO,24/03/2025,09:27:19,23498.1,23498.1,75,23499,75,300,14428800
NIFTY-I.NFO,24/03/2025,09:27:21,23501,23498.75,375,23501,75,8925,14428800
NIFTY-I.NFO,24/03/2025,09:27:23,23501,23498.75,150,23500,750,75,14428800
NIFTY-I.NFO,24/03/2025,09:27:24,23498.75,23496.95,225,23499.65,600,75,14428800
NIFTY-I.NFO,24/03/2025,09:27:26,23495.55,23495.55,75,23496.95,225,600,14428800
NIFTY-I.NFO,24/03/2025,09:27:28,23498.9,23495.05,375,23500,900,525,14428800
NIFTY-I.NFO,24/03/2025,09:27:29,23495,23495,675,23499.4,300,975,14428800
NIFTY-I.NFO,24/03/2025,09:27:31,23495.1,23495,600,23497.05,300,150,14428800
NIFTY-I.NFO,24/03/2025,09:27:33,23495.05,23495.05,525,23497.05,300,13200,14428800
NIFTY-I.NFO,24/03/2025,09:27:34,23495.05,23495.05,300,23499,150,300,14428800
NIFTY-I.NFO,24/03/2025,09:27:36,23499,23495.05,525,23499,75,225,14428800
NIFTY-I.NFO,24/03/2025,09:27:38,23499,23495.55,75,23500,975,375,14428800
NIFTY-I.NFO,24/03/2025,09:27:39,23495.8,23496.65,75,23500,900,300,14428800
NIFTY-I.NFO,24/03/2025,09:27:41,23502.4,23499,75,23501,75,1800,14428800
NIFTY-I.NFO,24/03/2025,09:27:43,23501,23500.1,75,23501,75,150,14428800
NIFTY-I.NFO,24/03/2025,09:27:44,23501,23500.4,75,23501,75,975,14428800
NIFTY-I.NFO,24/03/2025,09:27:46,23501,23500,75,23502,75,75,14428800
NIFTY-I.NFO,24/03/2025,09:27:48,23499.7,23499.95,150,23501,75,150,14442450
NIFTY-I.NFO,24/03/2025,09:27:49,23501,23499.8,75,23502,75,75,14442450
NIFTY-I.NFO,24/03/2025,09:27:51,23499.8,23498.8,75,23500,1800,75,14442450
NIFTY-I.NFO,24/03/2025,09:27:53,23499.8,23499.85,150,23500,1800,0,14442450
NIFTY-I.NFO,24/03/2025,09:27:54,23503.8,23500.3,150,23504.55,75,2700,14442450
NIFTY-I.NFO,24/03/2025,09:27:56,23499,23499,75,23500,1050,1125,14442450
NIFTY-I.NFO,24/03/2025,09:27:58,23500,23499.4,75,23500,750,300,14442450
NIFTY-I.NFO,24/03/2025,09:27:59,23499.55,23499.2,75,23500,2400,450,14442450
NIFTY-I.NFO,24/03/2025,09:28:01,23500,23499.2,150,23500,2475,75,14442450
NIFTY-I.NFO,24/03/2025,09:28:03,23500,23499.8,150,23500,2475,0,14442450
NIFTY-I.NFO,24/03/2025,09:28:04,23500,23498.3,150,23500,1125,1575,14442450
NIFTY-I.NFO,24/03/2025,09:28:06,23498.35,23498.35,1500,23500,1125,75,14442450
NIFTY-I.NFO,24/03/2025,09:28:08,23500,23498.4,150,23500,1800,375,14442450
NIFTY-I.NFO,24/03/2025,09:28:09,23500,23498.45,1425,23500,1800,0,14442450
NIFTY-I.NFO,24/03/2025,09:28:11,23495,23495,1050,23500,1350,6000,14442450
NIFTY-I.NFO,24/03/2025,09:28:13,23495,23495,825,23495.8,600,2175,14442450
NIFTY-I.NFO,24/03/2025,09:28:14,23498.45,23495.8,150,23498.45,300,2475,14442450
NIFTY-I.NFO,24/03/2025,09:28:16,23498.45,23495.5,450,23498.45,75,600,14442450
NIFTY-I.NFO,24/03/2025,09:28:18,23498.45,23496.1,150,23498.45,300,75,14442450
NIFTY-I.NFO,24/03/2025,09:28:19,23496.05,23495.2,150,23498.45,300,300,14442450
NIFTY-I.NFO,24/03/2025,09:28:21,23495.7,23495.45,150,23497.25,300,225,14442450
NIFTY-I.NFO,24/03/2025,09:28:23,23496.75,23496.8,150,23497.25,225,600,14442450
NIFTY-I.NFO,24/03/2025,09:28:24,23497.25,23497.5,150,23498.45,300,225,14442450
NIFTY-I.NFO,24/03/2025,09:28:26,23500,23499.95,150,23500,450,1425,14442450
NIFTY-I.NFO,24/03/2025,09:28:28,23500,23499.8,150,23500,75,2475,14442450
NIFTY-I.NFO,24/03/2025,09:28:29,23500.85,23500.9,75,23504,75,975,14442450
NIFTY-I.NFO,24/03/2025,09:28:31,23505,23504.85,150,23505,300,525,14442450
NIFTY-I.NFO,24/03/2025,09:28:33,23504.55,23504.4,75,23504.9,150,2700,14442450
NIFTY-I.NFO,24/03/2025,09:28:34,23504.9,23505.85,75,23510.9,150,450,14442450
NIFTY-I.NFO,24/03/2025,09:28:36,23506.9,23506.85,150,23511.8,150,600,14442450
NIFTY-I.NFO,24/03/2025,09:28:38,23506.9,23506.75,75,23511.95,225,0,14442450
NIFTY-I.NFO,24/03/2025,09:28:39,23506.9,23507.2,375,23512.15,225,0,14442450
NIFTY-I.NFO,24/03/2025,09:28:41,23512.15,23511.1,75,23512.15,75,150,14442450
NIFTY-I.NFO,24/03/2025,09:28:43,23512.5,23507.6,150,23513,75,1200,14442450
NIFTY-I.NFO,24/03/2025,09:28:44,23507.45,23507.4,75,23512.75,600,225,14442450
NIFTY-I.NFO,24/03/2025,09:28:46,23512.15,23507.25,150,23512.05,375,75,14442450
NIFTY-I.NFO,24/03/2025,09:28:48,23512.25,23506.7,150,23512.15,150,450,14442450
NIFTY-I.NFO,24/03/2025,09:28:49,23512.25,23508.85,150,23513,75,0,14442450
NIFTY-I.NFO,24/03/2025,09:28:51,23513,23510.5,225,23512,75,225,14442450
NIFTY-I.NFO,24/03/2025,09:28:53,23512,23510.55,150,23513,300,300,14442450
NIFTY-I.NFO,24/03/2025,09:28:54,23512,23510.55,150,23513.75,375,0,14442450
NIFTY-I.NFO,24/03/2025,09:28:56,23509.5,23506.95,150,23511.45,375,300,14442450
NIFTY-I.NFO,24/03/2025,09:28:58,23510,23506.95,225,23510,75,75,14442450
NIFTY-I.NFO,24/03/2025,09:28:59,23510,23506.95,75,23510,75,225,14442450
NIFTY-I.NFO,24/03/2025,09:29:01,23510,23506.95,225,23511.05,375,150,14442450
NIFTY-I.NFO,24/03/2025,09:29:03,23509.5,23505.75,150,23507.45,150,675,14442450
NIFTY-I.NFO,24/03/2025,09:29:04,23507.45,23505.75,75,23508.9,900,225,14442450
NIFTY-I.NFO,24/03/2025,09:29:06,23508.4,23505,75,23508.35,600,225,14442450
NIFTY-I.NFO,24/03/2025,09:29:08,23508.4,23505,150,23507.35,375,0,14442450
NIFTY-I.NFO,24/03/2025,09:29:09,23506.6,23505,150,23507.6,675,75,14442450
NIFTY-I.NFO,24/03/2025,09:29:11,23507.65,23504.3,225,23506.8,300,375,14442450
NIFTY-I.NFO,24/03/2025,09:29:13,23507.35,23505,375,23508.15,600,75,14442450
NIFTY-I.NFO,24/03/2025,09:29:14,23507.35,23505,375,23507.75,300,0,14442450
NIFTY-I.NFO,24/03/2025,09:29:16,23501.75,23502,525,23506,300,900,14442450
NIFTY-I.NFO,24/03/2025,09:29:18,23506,23502.5,150,23507.4,75,300,14442450
NIFTY-I.NFO,24/03/2025,09:29:19,23506.55,23502,525,23505.7,300,75,14442450
NIFTY-I.NFO,24/03/2025,09:29:21,23506.55,23502,525,23504.6,300,0,14442450
NIFTY-I.NFO,24/03/2025,09:29:23,23505.75,23502.8,225,23505.6,300,825,14442450
NIFTY-I.NFO,24/03/2025,09:29:24,23502,23502,525,23504.5,300,150,14442450
NIFTY-I.NFO,24/03/2025,09:29:26,23503.25,23502,450,23504.15,300,75,14442450
NIFTY-I.NFO,24/03/2025,09:29:28,23502,23502,300,23504.2,75,150,14442450
NIFTY-I.NFO,24/03/2025,09:29:29,23502.8,23500.15,150,23503.25,75,600,14442450
NIFTY-I.NFO,24/03/2025,09:29:31,23502.8,23500,1950,23503.25,75,0,14442450
NIFTY-I.NFO,24/03/2025,09:29:33,23503.15,23500,1725,23503.25,75,150,14442450
NIFTY-I.NFO,24/03/2025,09:29:34,23503.25,23500,1650,23502.95,375,150,14442450
NIFTY-I.NFO,24/03/2025,09:29:36,23503.25,23500,1725,23502.6,75,0,14442450
NIFTY-I.NFO,24/03/2025,09:29:38,23500,23500,1350,23503.55,375,525,14442450
NIFTY-I.NFO,24/03/2025,09:29:40,23500,23500,1500,23502.85,375,75,14442450
NIFTY-I.NFO,24/03/2025,09:29:41,23500,23500,1425,23502.1,375,225,14442450
NIFTY-I.NFO,24/03/2025,09:29:43,23500,23500,225,23500.5,375,1425,14442450
NIFTY-I.NFO,24/03/2025,09:29:45,23499.5,23498,75,23499.6,450,1650,14442450
NIFTY-I.NFO,24/03/2025,09:29:46,23495,23495,1425,23499,75,225,14442450
NIFTY-I.NFO,24/03/2025,09:29:48,23499,23495.1,450,23499.55,150,225,14442450
NIFTY-I.NFO,24/03/2025,09:29:50,23499,23496.35,450,23499.55,150,0,14442450
NIFTY-I.NFO,24/03/2025,09:29:51,23498,23497.35,450,23499.55,150,75,14442450
NIFTY-I.NFO,24/03/2025,09:29:53,23500,23496.45,300,23499,75,2475,14442450
NIFTY-I.NFO,24/03/2025,09:29:55,23499,23495.9,150,23499.95,225,225,14442450
NIFTY-I.NFO,24/03/2025,09:29:56,23496,23496.2,75,23499.95,225,225,14442450
NIFTY-I.NFO,24/03/2025,09:29:58,23499.95,23496.05,150,23500,1275,150,14442450
NIFTY-I.NFO,24/03/2025,09:30:00,23500,23496.2,150,23500,1275,150,14442450
NIFTY-I.NFO,24/03/2025,09:30:01,23500,23496.2,225,23499,75,375,14442450
NIFTY-I.NFO,24/03/2025,09:30:03,23493.35,23490,1275,23493.35,150,2550,14442450
NIFTY-I.NFO,24/03/2025,09:30:05,23489.95,23488.55,75,23489.95,750,4575,14442450
NIFTY-I.NFO,24/03/2025,09:30:06,23485.4,23485.15,75,23489.95,675,2100,14442450
NIFTY-I.NFO,24/03/2025,09:30:08,23489.95,23486,75,23489.95,525,450,14442450
NIFTY-I.NFO,24/03/2025,09:30:10,23486.9,23483.55,75,23487.55,375,375,14442450
NIFTY-I.NFO,24/03/2025,09:30:11,23481,23480,1875,23485.8,600,2175,14442450
NIFTY-I.NFO,24/03/2025,09:30:13,23475,23475,1050,23478.15,75,6150,14442450
NIFTY-I.NFO,24/03/2025,09:30:15,23474.7,23473,75,23474.8,600,2025,14442450
NIFTY-I.NFO,24/03/2025,09:30:16,23475,23472.1,150,23478.8,525,750,14442450
NIFTY-I.NFO,24/03/2025,09:30:18,23479.95,23474.55,75,23479.65,525,2475,14442450
NIFTY-I.NFO,24/03/2025,09:30:20,23476,23476,150,23480,75,5925,14442450
NIFTY-I.NFO,24/03/2025,09:30:21,23476.7,23477.5,75,23481.45,75,750,14442450
NIFTY-I.NFO,24/03/2025,09:30:23,23477.5,23475.55,150,23477.95,75,225,14442450
NIFTY-I.NFO,24/03/2025,09:30:25,23479.2,23478,1200,23479.65,525,675,14442450
NIFTY-I.NFO,24/03/2025,09:30:26,23479.65,23478,225,23479.65,450,1125,14442450
NIFTY-I.NFO,24/03/2025,09:30:28,23475.95,23475.95,150,23479.95,75,750,14442450
NIFTY-I.NFO,24/03/2025,09:30:30,23473.8,23472,75,23476,300,2025,14442450
NIFTY-I.NFO,24/03/2025,09:30:31,23475,23475,225,23475.9,600,525,14442450
NIFTY-I.NFO,24/03/2025,09:30:33,23466.3,23466.25,300,23472.9,675,6450,14442450
NIFTY-I.NFO,24/03/2025,09:30:35,23468.55,23469.4,300,23470,450,1200,14442450
NIFTY-I.NFO,24/03/2025,09:30:36,23470.5,23470.55,300,23473.8,225,1275,14442450
NIFTY-I.NFO,24/03/2025,09:30:38,23470,23466.6,300,23468.45,150,1200,14442450
NIFTY-I.NFO,24/03/2025,09:30:40,23467,23466.1,75,23467.05,675,1950,14442450
NIFTY-I.NFO,24/03/2025,09:30:41,23467.05,23466.75,375,23470,75,1575,14442450
NIFTY-I.NFO,24/03/2025,09:30:43,23474.65,23470,3150,23474.95,75,1425,14442450
NIFTY-I.NFO,24/03/2025,09:30:45,23470.85,23471.4,75,23475,225,5100,14442450
NIFTY-I.NFO,24/03/2025,09:30:46,23478.6,23473.1,300,23478.6,750,2625,14442450
NIFTY-I.NFO,24/03/2025,09:30:48,23473.95,23474.3,300,23478.6,150,2025,14452725
NIFTY-I.NFO,24/03/2025,09:30:50,23474.75,23474.8,75,23479,75,1500,14452725
NIFTY-I.NFO,24/03/2025,09:30:51,23475,23473.6,225,23475,75,900,14452725
NIFTY-I.NFO,24/03/2025,09:30:53,23476.95,23472.4,150,23472.65,75,150,14452725
NIFTY-I.NFO,24/03/2025,09:30:55,23478.85,23475.35,75,23478.85,450,1500,14452725
NIFTY-I.NFO,24/03/2025,09:30:56,23480.9,23474.6,300,23480.9,75,6075,14452725
NIFTY-I.NFO,24/03/2025,09:30:58,23474.25,23474.15,75,23480.7,675,10500,14452725
NIFTY-I.NFO,24/03/2025,09:31:00,23472.95,23472.65,225,23472.95,900,375,14452725
NIFTY-I.NFO,24/03/2025,09:31:01,23470,23470.35,75,23471.95,300,1500,14452725
NIFTY-I.NFO,24/03/2025,09:31:03,23467.25,23466.75,75,23467.25,1500,2025,14452725
NIFTY-I.NFO,24/03/2025,09:31:05,23466.55,23466.55,225,23473.25,1200,2175,14452725
NIFTY-I.NFO,24/03/2025,09:31:06,23468.6,23468.4,75,23474.2,225,450,14452725
NIFTY-I.NFO,24/03/2025,09:31:08,23467.9,23467.4,300,23472.75,150,1050,14452725
NIFTY-I.NFO,24/03/2025,09:31:10,23470.35,23470.35,2175,23473.6,375,2100,14452725
NIFTY-I.NFO,24/03/2025,09:31:11,23470.35,23470.35,1875,23472,300,750,14452725
NIFTY-I.NFO,24/03/2025,09:31:13,23472,23470.4,150,23472,150,600,14452725
NIFTY-I.NFO,24/03/2025,09:31:14,23472,23472.8,150,23475,225,1275,14452725
NIFTY-I.NFO,24/03/2025,09:31:16,23474.5,23474.4,75,23480.6,600,1125,14452725
NIFTY-I.NFO,24/03/2025,09:31:18,23480.5,23474.6,75,23481.5,75,2325,14452725
NIFTY-I.NFO,24/03/2025,09:31:19,23475,23475,225,23480.5,150,825,14452725
NIFTY-I.NFO,24/03/2025,09:31:21,23479.6,23475,150,23479.15,450,375,14452725
NIFTY-I.NFO,24/03/2025,09:31:23,23479.75,23476.35,150,23480,225,300,14452725
NIFTY-I.NFO,24/03/2025,09:31:24,23476.8,23476.8,75,23483.2,375,1500,14452725
NIFTY-I.NFO,24/03/2025,09:31:26,23475.9,23475.1,75,23475.9,675,5175,14452725
NIFTY-I.NFO,24/03/2025,09:31:28,23473.75,23473.85,375,23475.9,225,2025,14452725
NIFTY-I.NFO,24/03/2025,09:31:29,23471.25,23471.25,75,23475.9,225,375,14452725
NIFTY-I.NFO,24/03/2025,09:31:31,23470.35,23472,300,23473.95,150,1125,14452725
NIFTY-I.NFO,24/03/2025,09:31:33,23473.7,23472,225,23474.5,375,525,14452725
NIFTY-I.NFO,24/03/2025,09:31:34,23473.35,23471.25,150,23473.9,150,1200,14452725
NIFTY-I.NFO,24/03/2025,09:31:36,23471.9,23467.25,150,23470,150,600,14452725
NIFTY-I.NFO,24/03/2025,09:31:38,23470,23470,150,23472,75,300,14452725
NIFTY-I.NFO,24/03/2025,09:31:39,23470,23470,150,23471.95,600,0,14452725
NIFTY-I.NFO,24/03/2025,09:31:41,23463.8,23465.2,300,23472,75,15525,14452725
NIFTY-I.NFO,24/03/2025,09:31:43,23473.25,23466.9,150,23473.05,150,450,14452725
NIFTY-I.NFO,24/03/2025,09:31:45,23468.15,23467.7,150,23473.1,75,225,14452725
NIFTY-I.NFO,24/03/2025,09:31:46,23468,23469.4,300,23471.25,75,225,14452725
NIFTY-I.NFO,24/03/2025,09:31:48,23471.25,23470.5,300,23473.15,75,150,14452725
NIFTY-I.NFO,24/03/2025,09:31:50,23469.45,23468.4,225,23470,75,2100,14452725
NIFTY-I.NFO,24/03/2025,09:31:51,23477.95,23470.3,675,23474,75,1875,14452725
NIFTY-I.NFO,24/03/2025,09:31:53,23467.75,23468,75,23474.6,450,1050,14452725
NIFTY-I.NFO,24/03/2025,09:31:55,23469.45,23469.35,75,23474.95,300,150,14452725
NIFTY-I.NFO,24/03/2025,09:31:56,23469.15,23468.4,75,23474,75,75,14452725
NIFTY-I.NFO,24/03/2025,09:31:58,23473,23466.35,150,23472.4,450,375,14452725
NIFTY-I.NFO,24/03/2025,09:32:00,23470,23470,225,23473.15,600,75,14452725
NIFTY-I.NFO,24/03/2025,09:32:01,23470,23470,150,23474.9,525,150,14452725
NIFTY-I.NFO,24/03/2025,09:32:03,23474.8,23470.05,150,23473.4,225,75,14452725
NIFTY-I.NFO,24/03/2025,09:32:05,23474.95,23471,150,23474.35,225,75,14452725
NIFTY-I.NFO,24/03/2025,09:32:06,23471,23471,375,23474.45,225,150,14452725
NIFTY-I.NFO,24/03/2025,09:32:08,23474.75,23473.4,150,23475,75,150,14452725
NIFTY-I.NFO,24/03/2025,09:32:10,23471.1,23472.05,75,23474.8,75,2025,14452725
NIFTY-I.NFO,24/03/2025,09:32:11,23472,23472,375,23473,150,375,14452725
NIFTY-I.NFO,24/03/2025,09:32:13,23473,23472,225,23473,750,225,14452725
NIFTY-I.NFO,24/03/2025,09:32:14,23473,23472,300,23473,675,75,14452725
NIFTY-I.NFO,24/03/2025,09:32:16,23473,23472.5,75,23473,375,375,14452725
NIFTY-I.NFO,24/03/2025,09:32:18,23473,23473,375,23474.8,75,450,14452725
NIFTY-I.NFO,24/03/2025,09:32:19,23473,23473.95,300,23474.8,75,0,14452725
NIFTY-I.NFO,24/03/2025,09:32:21,23475,23476.55,75,23480,750,150,14452725
NIFTY-I.NFO,24/03/2025,09:32:23,23480,23477.65,75,23480,525,300,14452725
NIFTY-I.NFO,24/03/2025,09:32:24,23480,23478.4,75,23480,450,75,14452725
NIFTY-I.NFO,24/03/2025,09:32:26,23479.95,23477.05,75,23480,750,150,14452725
NIFTY-I.NFO,24/03/2025,09:32:28,23480,23476.9,150,23480,75,375,14452725
NIFTY-I.NFO,24/03/2025,09:32:29,23481,23477.3,375,23481.65,75,150,14452725
NIFTY-I.NFO,24/03/2025,09:32:31,23481,23480,300,23481.65,75,0,14452725
NIFTY-I.NFO,24/03/2025,09:32:33,23481.65,23483,150,23484.65,825,150,14452725
NIFTY-I.NFO,24/03/2025,09:32:34,23481.65,23480.15,75,23484.95,600,675,14452725
NIFTY-I.NFO,24/03/2025,09:32:36,23480,23476.9,75,23480,675,2250,14452725
NIFTY-I.NFO,24/03/2025,09:32:38,23480,23477.3,450,23480,375,300,14452725
NIFTY-I.NFO,24/03/2025,09:32:39,23477.15,23477.15,75,23480,300,1575,14452725
NIFTY-I.NFO,24/03/2025,09:32:41,23480,23477.6,150,23480,150,150,14452725
NIFTY-I.NFO,24/03/2025,09:32:43,23480,23481,75,23484.95,750,225,14452725
NIFTY-I.NFO,24/03/2025,09:32:44,23484.95,23482.25,75,23484.95,225,225,14452725
NIFTY-I.NFO,24/03/2025,09:32:46,23483.2,23483.45,75,23485.85,150,450,14452725
NIFTY-I.NFO,24/03/2025,09:32:48,23485.95,23485,150,23488,75,150,14452725
NIFTY-I.NFO,24/03/2025,09:32:49,23486,23485,75,23486,1725,600,14452725
NIFTY-I.NFO,24/03/2025,09:32:51,23486,23484.95,300,23486,1650,225,14452725
NIFTY-I.NFO,24/03/2025,09:32:53,23486,23485.4,300,23486,1425,375,14452725
NIFTY-I.NFO,24/03/2025,09:32:54,23486.55,23489.8,300,23490,525,1575,14452725
NIFTY-I.NFO,24/03/2025,09:32:56,23488.6,23489.05,75,23490,75,675,14452725
NIFTY-I.NFO,24/03/2025,09:32:58,23491.95,23489.8,75,23491.95,150,300,14452725
NIFTY-I.NFO,24/03/2025,09:32:59,23490.7,23490.75,150,23492,75,2175,14452725
NIFTY-I.NFO,24/03/2025,09:33:01,23494.95,23492.9,150,23494.95,450,300,14452725
NIFTY-I.NFO,24/03/2025,09:33:03,23494.85,23490,150,23494.45,825,600,14452725
NIFTY-I.NFO,24/03/2025,09:33:04,23489.8,23488,225,23490.9,750,600,14452725
NIFTY-I.NFO,24/03/2025,09:33:06,23488,23486,75,23488.95,675,225,14452725
NIFTY-I.NFO,24/03/2025,09:33:08,23488.9,23486,75,23489.15,525,75,14452725
NIFTY-I.NFO,24/03/2025,09:33:09,23484.95,23481,150,23485.5,375,225,14452725
NIFTY-I.NFO,24/03/2025,09:33:11,23484.55,23482.1,75,23484.55,600,150,14452725
NIFTY-I.NFO,24/03/2025,09:33:13,23480,23480.8,375,23486,300,675,14452725
NIFTY-I.NFO,24/03/2025,09:33:14,23480,23485.15,75,23486,900,150,14452725
NIFTY-I.NFO,24/03/2025,09:33:16,23480,23479.7,150,23485.7,300,375,14452725
NIFTY-I.NFO,24/03/2025,09:33:18,23480.85,23479.35,150,23485.15,300,225,14452725
NIFTY-I.NFO,24/03/2025,09:33:19,23479.35,23480.5,75,23485.95,300,150,14452725
NIFTY-I.NFO,24/03/2025,09:33:21,23486.7,23480.75,75,23486.8,375,375,14452725
NIFTY-I.NFO,24/03/2025,09:33:23,23484.6,23480.55,225,23485.1,675,750,14452725
NIFTY-I.NFO,24/03/2025,09:33:24,23483.65,23480.55,225,23485.85,675,225,14452725
NIFTY-I.NFO,24/03/2025,09:33:26,23485.75,23481.5,300,23484.35,600,375,14452725
NIFTY-I.NFO,24/03/2025,09:33:28,23482.65,23481.5,375,23482.65,300,300,14452725
NIFTY-I.NFO,24/03/2025,09:33:29,23482.65,23481.5,450,23483.3,75,0,14452725
NIFTY-I.NFO,24/03/2025,09:33:31,23482.65,23482.85,225,23484.6,600,0,14452725
NIFTY-I.NFO,24/03/2025,09:33:33,23484.1,23477.8,75,23481.95,675,2250,14452725
NIFTY-I.NFO,24/03/2025,09:33:34,23475.1,23475,525,23481.35,975,375,14452725
NIFTY-I.NFO,24/03/2025,09:33:36,23475.1,23477,75,23477.8,75,0,14452725
NIFTY-I.NFO,24/03/2025,09:33:38,23480,23477.05,150,23480,75,150,14452725
NIFTY-I.NFO,24/03/2025,09:33:39,23480,23477.05,150,23480,75,0,14452725
NIFTY-I.NFO,24/03/2025,09:33:41,23477.05,23477.1,150,23480,75,225,14452725
NIFTY-I.NFO,24/03/2025,09:33:43,23480.55,23477.15,75,23481,600,375,14452725
NIFTY-I.NFO,24/03/2025,09:33:45,23477.2,23477.15,75,23480.1,600,75,14452725
NIFTY-I.NFO,24/03/2025,09:33:46,23480.05,23477.15,75,23479.95,600,300,14452725
NIFTY-I.NFO,24/03/2025,09:33:48,23475,23473.55,75,23478.45,300,825,14452725
NIFTY-I.NFO,24/03/2025,09:33:50,23472.55,23472.5,75,23477.55,300,450,14466150
NIFTY-I.NFO,24/03/2025,09:33:51,23477.45,23472.55,75,23476.15,825,4500,14466150
NIFTY-I.NFO,24/03/2025,09:33:53,23477.45,23472.55,225,23476.95,1125,0,14466150
NIFTY-I.NFO,24/03/2025,09:33:55,23475.85,23472.5,225,23477,825,150,14466150
NIFTY-I.NFO,24/03/2025,09:33:56,23475.85,23472.55,300,23475.9,825,300,14466150
NIFTY-I.NFO,24/03/2025,09:33:58,23475,23475,150,23475.85,75,75,14466150
NIFTY-I.NFO,24/03/2025,09:34:00,23471,23470.1,75,23472.6,225,1125,14466150
NIFTY-I.NFO,24/03/2025,09:34:01,23471,23470.15,225,23471.05,225,0,14466150
NIFTY-I.NFO,24/03/2025,09:34:03,23470,23469.05,150,23471.95,225,1125,14466150
NIFTY-I.NFO,24/03/2025,09:34:05,23469.05,23470,225,23470.1,375,75,14466150
NIFTY-I.NFO,24/03/2025,09:34:06,23470.1,23469,150,23470.1,150,600,14466150
NIFTY-I.NFO,24/03/2025,09:34:08,23470.05,23466,375,23469.05,225,750,14466150
NIFTY-I.NFO,24/03/2025,09:34:10,23466,23465.25,75,23466.9,75,525,14466150
NIFTY-I.NFO,24/03/2025,09:34:11,23465.3,23465.3,450,23470,600,225,14466150
NIFTY-I.NFO,24/03/2025,09:34:13,23464,23463,300,23468.55,225,1050,14466150
NIFTY-I.NFO,24/03/2025,09:34:15,23463.05,23463,225,23465.3,900,75,14466150
NIFTY-I.NFO,24/03/2025,09:34:16,23463,23462.75,150,23465.3,1200,600,14466150
NIFTY-I.NFO,24/03/2025,09:34:18,23465.3,23462.75,150,23463.05,150,75,14466150
NIFTY-I.NFO,24/03/2025,09:34:19,23463,23463.2,375,23465.3,600,450,14466150
NIFTY-I.NFO,24/03/2025,09:34:21,23463.1,23463.2,150,23465.3,525,900,14466150
NIFTY-I.NFO,24/03/2025,09:34:23,23465.3,23463.1,150,23465.3,300,1575,14466150
NIFTY-I.NFO,24/03/2025,09:34:24,23463.45,23463,75,23463.9,225,375,14466150
NIFTY-I.NFO,24/03/2025,09:34:26,23462.1,23461.6,75,23463,900,1875,14466150
NIFTY-I.NFO,24/03/2025,09:34:28,23461,23461.3,150,23462.1,750,825,14466150
NIFTY-I.NFO,24/03/2025,09:34:29,23461,23461,375,23462.1,225,1575,14466150
NIFTY-I.NFO,24/03/2025,09:34:31,23455.2,23455.2,75,23458,75,10275,14466150
NIFTY-I.NFO,24/03/2025,09:34:32,23455.8,23455.75,600,23461.3,750,2850,14466150
NIFTY-I.NFO,24/03/2025,09:34:34,23455.65,23456.15,675,23461.2,150,1125,14466150
NIFTY-I.NFO,24/03/2025,09:34:36,23461.2,23461.2,75,23461.3,225,450,14466150
NIFTY-I.NFO,24/03/2025,09:34:37,23462.3,23462.4,75,23462.75,75,1500,14466150
NIFTY-I.NFO,24/03/2025,09:34:39,23461.7,23461.7,375,23462.9,75,900,14466150
NIFTY-I.NFO,24/03/2025,09:34:41,23466,23461.5,75,23466,300,300,14466150
NIFTY-I.NFO,24/03/2025,09:34:42,23465,23460,150,23463.75,375,525,14466150
NIFTY-I.NFO,24/03/2025,09:34:44,23462.85,23461,75,23462.6,375,1125,14466150
NIFTY-I.NFO,24/03/2025,09:34:46,23461,23455.8,75,23461.4,300,150,14466150
NIFTY-I.NFO,24/03/2025,09:34:47,23457.7,23457.4,600,23462.9,450,375,14466150
NIFTY-I.NFO,24/03/2025,09:34:49,23462,23460.1,75,23462.9,450,600,14466150
NIFTY-I.NFO,24/03/2025,09:34:50,23462.9,23457.35,600,23460,225,450,14466150
NIFTY-I.NFO,24/03/2025,09:34:52,23460,23456.8,300,23460,150,600,14466150
NIFTY-I.NFO,24/03/2025,09:34:54,23458.2,23457.35,225,23460,150,1950,14466150
NIFTY-I.NFO,24/03/2025,09:34:55,23458.55,23458.75,150,23460,75,600,14466150
NIFTY-I.NFO,24/03/2025,09:34:57,23460,23458.55,75,23460,75,10500,14466150
NIFTY-I.NFO,24/03/2025,09:34:59,23460,23457,300,23460,225,300,14466150
NIFTY-I.NFO,24/03/2025,09:35:00,23457,23457,225,23460,225,225,14466150
NIFTY-I.NFO,24/03/2025,09:35:02,23456.5,23456.65,375,23460,225,900,14466150
NIFTY-I.NFO,24/03/2025,09:35:04,23460,23456.55,300,23460,225,2400,14466150
NIFTY-I.NFO,24/03/2025,09:35:05,23462.9,23459.4,225,23462.9,150,375,14466150
NIFTY-I.NFO,24/03/2025,09:35:07,23459.8,23460.55,225,23462.9,150,825,14466150
NIFTY-I.NFO,24/03/2025,09:35:08,23460.4,23461.05,225,23466,225,450,14466150
NIFTY-I.NFO,24/03/2025,09:35:10,23466.2,23462.55,75,23466.65,75,525,14466150
NIFTY-I.NFO,24/03/2025,09:35:12,23470,23464.15,150,23470.25,450,1050,14466150
NIFTY-I.NFO,24/03/2025,09:35:13,23470,23464.15,150,23470.8,225,375,14466150
NIFTY-I.NFO,24/03/2025,09:35:15,23471.85,23465.35,150,23471.85,675,600,14466150
NIFTY-I.NFO,24/03/2025,09:35:17,23463,23463.1,150,23469.4,600,825,14466150
NIFTY-I.NFO,24/03/2025,09:35:18,23469.55,23465.5,75,23471.1,300,225,14466150
NIFTY-I.NFO,24/03/2025,09:35:20,23469.55,23465.5,75,23471.3,375,0,14466150
NIFTY-I.NFO,24/03/2025,09:35:22,23469.55,23463.8,150,23469.95,675,375,14466150
NIFTY-I.NFO,24/03/2025,09:35:23,23468,23465.15,225,23471.65,600,2325,14466150
NIFTY-I.NFO,24/03/2025,09:35:25,23471.8,23469.55,75,23472,1725,300,14466150
NIFTY-I.NFO,24/03/2025,09:35:27,23472,23471.1,75,23472,1200,825,14466150
NIFTY-I.NFO,24/03/2025,09:35:28,23470.85,23469.15,375,23472,900,525,14466150
NIFTY-I.NFO,24/03/2025,09:35:30,23472,23468.5,75,23472,1200,150,14466150
NIFTY-I.NFO,24/03/2025,09:35:32,23470.85,23468.5,150,23471,375,600,14466150
NIFTY-I.NFO,24/03/2025,09:35:33,23470.05,23465,150,23471,375,525,14466150
NIFTY-I.NFO,24/03/2025,09:35:35,23470.45,23465,150,23468.75,675,150,14466150
NIFTY-I.NFO,24/03/2025,09:35:37,23465,23462.4,75,23465,150,150,14466150
NIFTY-I.NFO,24/03/2025,09:35:38,23461.05,23461.6,150,23468.2,450,225,14466150
NIFTY-I.NFO,24/03/2025,09:35:40,23468.2,23461.4,150,23468.05,75,225,14466150
NIFTY-I.NFO,24/03/2025,09:35:42,23468.2,23464.35,150,23468,75,150,14466150
NIFTY-I.NFO,24/03/2025,09:35:43,23468,23461.45,225,23465,150,525,14466150
NIFTY-I.NFO,24/03/2025,09:35:45,23462,23462.8,225,23465,150,600,14466150
NIFTY-I.NFO,24/03/2025,09:35:47,23465,23463.95,150,23465,75,75,14466150
NIFTY-I.NFO,24/03/2025,09:35:48,23465,23464.45,225,23468.2,75,375,14466150
NIFTY-I.NFO,24/03/2025,09:35:50,23468.2,23467.2,225,23470,300,75,14466150
NIFTY-I.NFO,24/03/2025,09:35:52,23470,23466.2,225,23470,225,900,14466150
NIFTY-I.NFO,24/03/2025,09:35:53,23470,23466.2,225,23470,225,0,14466150
NIFTY-I.NFO,24/03/2025,09:35:55,23468.6,23468.65,75,23471,75,2175,14466150
NIFTY-I.NFO,24/03/2025,09:35:57,23469.05,23469.2,300,23472,450,750,14466150
NIFTY-I.NFO,24/03/2025,09:35:59,23472,23470.9,225,23475,450,525,14466150
NIFTY-I.NFO,24/03/2025,09:36:00,23472.15,23472.15,150,23475,450,150,14466150
NIFTY-I.NFO,24/03/2025,09:36:02,23474.8,23471,225,23475,675,75,14466150
NIFTY-I.NFO,24/03/2025,09:36:04,23474.8,23471,225,23473.5,150,0,14466150
NIFTY-I.NFO,24/03/2025,09:36:05,23471,23471,150,23475,375,75,14466150
NIFTY-I.NFO,24/03/2025,09:36:07,23472.65,23471,150,23474.5,675,300,14466150
NIFTY-I.NFO,24/03/2025,09:36:09,23472.65,23472.65,225,23474.95,225,525,14466150
NIFTY-I.NFO,24/03/2025,09:36:10,23471,23466.55,75,23471.45,225,450,14466150
NIFTY-I.NFO,24/03/2025,09:36:12,23469.7,23465.1,150,23470.2,525,825,14466150
NIFTY-I.NFO,24/03/2025,09:36:14,23465.1,23465.15,75,23470.85,525,150,14466150
NIFTY-I.NFO,24/03/2025,09:36:15,23465.1,23465.15,75,23469.4,375,0,14466150
NIFTY-I.NFO,24/03/2025,09:36:17,23465.15,23465,900,23468.75,300,75,14466150
NIFTY-I.NFO,24/03/2025,09:36:19,23465.1,23465,600,23465.1,450,450,14466150
NIFTY-I.NFO,24/03/2025,09:36:20,23465.1,23466.7,150,23471,225,525,14466150
NIFTY-I.NFO,24/03/2025,09:36:22,23466.5,23466.5,75,23471,525,225,14466150
NIFTY-I.NFO,24/03/2025,09:36:24,23470.45,23465,600,23470.7,75,375,14466150
NIFTY-I.NFO,24/03/2025,09:36:25,23465.3,23465,525,23471,225,600,14466150
NIFTY-I.NFO,24/03/2025,09:36:27,23465.3,23465.25,825,23471,225,0,14466150
NIFTY-I.NFO,24/03/2025,09:36:29,23465.3,23465.25,225,23465.3,225,75,14466150
NIFTY-I.NFO,24/03/2025,09:36:32,23465,23465,75,23465.3,150,675,14466150
NIFTY-I.NFO,24/03/2025,09:36:34,23467.25,23464,150,23466.55,375,450,14466150
NIFTY-I.NFO,24/03/2025,09:36:35,23467.3,23464,150,23466.55,225,75,14466150
NIFTY-I.NFO,24/03/2025,09:36:37,23468.95,23465,75,23470,150,450,14466150
NIFTY-I.NFO,24/03/2025,09:36:39,23465.05,23465.05,75,23470,150,75,14466150
NIFTY-I.NFO,24/03/2025,09:36:40,23464,23463.4,75,23466.55,75,375,14466150
NIFTY-I.NFO,24/03/2025,09:36:42,23462.4,23462.45,600,23467.25,75,525,14466150
NIFTY-I.NFO,24/03/2025,09:36:44,23467.25,23462.3,675,23465.05,150,75,14466150
NIFTY-I.NFO,24/03/2025,09:36:45,23467.25,23462.75,225,23465.05,225,0,14466150
NIFTY-I.NFO,24/03/2025,09:36:47,23467.25,23464,75,23469.95,525,600,14466150
NIFTY-I.NFO,24/03/2025,09:36:49,23467.25,23464,75,23469.3,450,0,14466150
NIFTY-I.NFO,24/03/2025,09:36:50,23470,23465.1,75,23470,150,150,14457600
NIFTY-I.NFO,24/03/2025,09:36:52,23475,23471,225,23475,1050,1275,14457600
NIFTY-I.NFO,24/03/2025,09:36:54,23475,23471,300,23472.85,75,0,14457600
NIFTY-I.NFO,24/03/2025,09:36:55,23475,23471.55,300,23474.95,75,675,14457600
NIFTY-I.NFO,24/03/2025,09:36:57,23474.95,23470,75,23475,1350,375,14457600
NIFTY-I.NFO,24/03/2025,09:36:59,23468.4,23468.65,225,23474.8,150,750,14457600
NIFTY-I.NFO,24/03/2025,09:37:00,23474.95,23469.4,75,23474.8,600,975,14457600
NIFTY-I.NFO,24/03/2025,09:37:02,23474.95,23470.2,75,23475,1650,0,14457600
NIFTY-I.NFO,24/03/2025,09:37:04,23470.2,23469.8,150,23475,1200,75,14457600
NIFTY-I.NFO,24/03/2025,09:37:05,23475,23473.25,75,23475,975,225,14457600
NIFTY-I.NFO,24/03/2025,09:37:07,23477.5,23475.5,225,23477.5,150,1725,14457600
NIFTY-I.NFO,24/03/2025,09:37:09,23477.5,23475.5,150,23477.5,600,0,14457600
NIFTY-I.NFO,24/03/2025,09:37:10,23473.75,23470.3,150,23473.25,450,225,14457600
NIFTY-I.NFO,24/03/2025,09:37:12,23473.2,23470.3,75,23473.25,450,225,14457600
NIFTY-I.NFO,24/03/2025,09:37:14,23470.3,23470.2,225,23470.3,600,225,14457600
NIFTY-I.NFO,24/03/2025,09:37:15,23470.2,23470.2,150,23470.3,600,75,14457600
NIFTY-I.NFO,24/03/2025,09:37:17,23470.2,23470.2,75,23470.3,600,150,14457600
NIFTY-I.NFO,24/03/2025,09:37:19,23468.95,23468.95,75,23470,450,300,14457600
NIFTY-I.NFO,24/03/2025,09:37:20,23473.25,23469.75,75,23473.25,375,750,14457600
NIFTY-I.NFO,24/03/2025,09:37:22,23469.4,23469.35,225,23473.25,375,150,14457600
NIFTY-I.NFO,24/03/2025,09:37:24,23469.35,23468.15,375,23469.35,75,525,14457600
NIFTY-I.NFO,24/03/2025,09:37:25,23473.25,23469.85,525,23473.25,300,300,14457600
NIFTY-I.NFO,24/03/2025,09:37:27,23469.35,23468.95,75,23473.25,600,150,14457600
NIFTY-I.NFO,24/03/2025,09:37:29,23469.35,23469.35,225,23471.75,975,150,14457600
NIFTY-I.NFO,24/03/2025,09:37:30,23469.35,23468.75,150,23470.1,300,300,14457600
NIFTY-I.NFO,24/03/2025,09:37:32,23469.35,23468.75,150,23469.35,675,150,14457600
NIFTY-I.NFO,24/03/2025,09:37:34,23467.25,23465.1,75,23468.1,300,375,14457600
NIFTY-I.NFO,24/03/2025,09:37:35,23465.1,23465,75,23469.35,1500,150,14457600
NIFTY-I.NFO,24/03/2025,09:37:37,23468.5,23468,75,23469.35,1200,75,14457600
NIFTY-I.NFO,24/03/2025,09:37:40,23467.9,23466.55,150,23468.85,225,150,14457600
NIFTY-I.NFO,24/03/2025,09:37:42,23469.35,23466.55,150,23468,75,75,14457600
NIFTY-I.NFO,24/03/2025,09:37:44,23466.55,23465.15,150,23469.35,1125,225,14457600
NIFTY-I.NFO,24/03/2025,09:37:45,23466.7,23466.7,75,23469.35,975,225,14457600
NIFTY-I.NFO,24/03/2025,09:37:47,23469.3,23466.3,450,23469.35,675,900,14457600
NIFTY-I.NFO,24/03/2025,09:37:49,23469.35,23465.6,300,23469.35,600,225,14457600
NIFTY-I.NFO,24/03/2025,09:37:50,23465.65,23465.9,600,23469.35,525,150,14457600
NIFTY-I.NFO,24/03/2025,09:37:52,23468.2,23468.2,75,23469.75,75,750,14457600
NIFTY-I.NFO,24/03/2025,09:37:54,23470,23470,1200,23473.25,225,225,14457600
NIFTY-I.NFO,24/03/2025,09:37:55,23472.4,23470.65,450,23473.25,150,225,14457600
NIFTY-I.NFO,24/03/2025,09:37:57,23475,23475,600,23477,75,300,14457600
NIFTY-I.NFO,24/03/2025,09:37:59,23475,23472.4,75,23475.45,1125,825,14457600
NIFTY-I.NFO,24/03/2025,09:38:00,23476,23472.4,300,23475.95,600,150,14457600
NIFTY-I.NFO,24/03/2025,09:38:02,23472.4,23472.4,225,23475.95,675,75,14457600
NIFTY-I.NFO,24/03/2025,09:38:04,23475.75,23473,375,23476,1425,150,14457600
NIFTY-I.NFO,24/03/2025,09:38:05,23476,23476,75,23477,150,1425,14457600
NIFTY-I.NFO,24/03/2025,09:38:07,23476,23475.95,150,23477,450,75,14457600
NIFTY-I.NFO,24/03/2025,09:38:09,23476,23475.95,225,23476,150,0,14457600
NIFTY-I.NFO,24/03/2025,09:38:10,23476,23475.95,225,23477,150,150,14457600
NIFTY-I.NFO,24/03/2025,09:38:12,23477.5,23477,300,23477.5,75,225,14457600
NIFTY-I.NFO,24/03/2025,09:38:14,23475.25,23472.4,225,23475.5,600,450,14457600
NIFTY-I.NFO,24/03/2025,09:38:15,23474.25,23472.4,150,23476.4,675,150,14457600
NIFTY-I.NFO,24/03/2025,09:38:17,23472.4,23471,150,23474.25,675,900,14457600
NIFTY-I.NFO,24/03/2025,09:38:19,23472.4,23471,150,23474.95,675,0,14457600
NIFTY-I.NFO,24/03/2025,09:38:20,23468.75,23468.2,150,23474.8,675,300,14457600
NIFTY-I.NFO,24/03/2025,09:38:22,23468.75,23468.95,300,23474.75,300,0,14457600
NIFTY-I.NFO,24/03/2025,09:38:24,23468.95,23469.75,75,23474.8,75,375,14457600
NIFTY-I.NFO,24/03/2025,09:38:25,23469.75,23468.75,225,23471.25,600,150,14457600
NIFTY-I.NFO,24/03/2025,09:38:27,23469.75,23468.75,225,23472.25,75,0,14457600
NIFTY-I.NFO,24/03/2025,09:38:29,23468.75,23468,150,23473.65,375,825,14457600
NIFTY-I.NFO,24/03/2025,09:38:30,23468.75,23469.75,150,23471.8,675,150,14457600
NIFTY-I.NFO,24/03/2025,09:38:32,23468,23466.35,75,23473,375,825,14457600
NIFTY-I.NFO,24/03/2025,09:38:34,23465.35,23465.1,150,23470.25,150,150,14457600
NIFTY-I.NFO,24/03/2025,09:38:35,23465.35,23465.1,150,23469.5,225,0,14457600
NIFTY-I.NFO,24/03/2025,09:38:37,23465.35,23465.1,150,23469.4,300,0,14457600
NIFTY-I.NFO,24/03/2025,09:38:39,23470.5,23465.1,150,23469.75,525,300,14457600
NIFTY-I.NFO,24/03/2025,09:38:40,23464,23464,75,23467.2,450,2100,14457600
NIFTY-I.NFO,24/03/2025,09:38:42,23465.1,23464.7,150,23467.05,75,300,14457600
NIFTY-I.NFO,24/03/2025,09:38:44,23465.4,23465.35,150,23471.5,75,375,14457600
NIFTY-I.NFO,24/03/2025,09:38:45,23465.8,23465.75,225,23472.2,75,150,14457600
NIFTY-I.NFO,24/03/2025,09:38:47,23467.35,23467,150,23472.25,75,75,14457600
NIFTY-I.NFO,24/03/2025,09:38:49,23466.5,23465.5,600,23472.05,225,75,14457600
NIFTY-I.NFO,24/03/2025,09:38:50,23464.5,23465.75,75,23471.4,600,1275,14457600
NIFTY-I.NFO,24/03/2025,09:38:52,23466.9,23467,300,23472.1,300,75,14457600
NIFTY-I.NFO,24/03/2025,09:38:54,23473.85,23472.05,525,23473.95,75,300,14457600
NIFTY-I.NFO,24/03/2025,09:38:55,23472.05,23467.55,75,23470,300,525,14457600
NIFTY-I.NFO,24/03/2025,09:38:57,23470,23468.8,75,23473.95,225,300,14457600
NIFTY-I.NFO,24/03/2025,09:38:59,23470,23473.65,75,23473.95,525,0,14457600
NIFTY-I.NFO,24/03/2025,09:39:00,23468.85,23467.4,150,23473.2,150,2100,14457600
NIFTY-I.NFO,24/03/2025,09:39:02,23468,23466.75,75,23468,1725,675,14457600
NIFTY-I.NFO,24/03/2025,09:39:04,23468,23466.8,75,23468,1650,75,14457600
NIFTY-I.NFO,24/03/2025,09:39:05,23468,23466.8,75,23467.95,300,1725,14457600
NIFTY-I.NFO,24/03/2025,09:39:07,23466,23465.35,75,23467.9,75,750,14457600
NIFTY-I.NFO,24/03/2025,09:39:09,23467.9,23465.35,150,23468,1275,75,14457600
NIFTY-I.NFO,24/03/2025,09:39:10,23465,23466.9,75,23468,1275,300,14457600
NIFTY-I.NFO,24/03/2025,09:39:12,23467.4,23465,75,23467.8,600,150,14457600
NIFTY-I.NFO,24/03/2025,09:39:14,23465,23461,75,23465.05,600,1125,14457600
NIFTY-I.NFO,24/03/2025,09:39:15,23461,23460.3,75,23463.15,375,1200,14457600
NIFTY-I.NFO,24/03/2025,09:39:17,23460,23461,75,23463.3,75,1950,14457600
NIFTY-I.NFO,24/03/2025,09:39:19,23460.3,23459.45,150,23466.3,75,825,14457600
NIFTY-I.NFO,24/03/2025,09:39:20,23460,23457.5,675,23460.25,300,1350,14457600
NIFTY-I.NFO,24/03/2025,09:39:22,23460.05,23457.5,600,23460.35,375,1800,14457600
NIFTY-I.NFO,24/03/2025,09:39:24,23457.5,23457.5,600,23459.05,75,150,14457600
NIFTY-I.NFO,24/03/2025,09:39:25,23459.35,23457.5,375,23459.45,300,300,14457600
NIFTY-I.NFO,24/03/2025,09:39:27,23455,23455,1500,23457.5,75,2325,14457600
NIFTY-I.NFO,24/03/2025,09:39:29,23457.5,23457,150,23459.45,675,300,14457600
NIFTY-I.NFO,24/03/2025,09:39:30,23459.95,23457,150,23458.45,75,75,14457600
NIFTY-I.NFO,24/03/2025,09:39:32,23455,23455,825,23458.4,75,675,14457600
NIFTY-I.NFO,24/03/2025,09:39:34,23452,23452,900,23453,75,3150,14457600
NIFTY-I.NFO,24/03/2025,09:39:35,23451,23451,1125,23453,150,1050,14457600
NIFTY-I.NFO,24/03/2025,09:39:37,23450.15,23450.15,75,23452.5,75,1425,14457600
NIFTY-I.NFO,24/03/2025,09:39:39,23450,23451,75,23452.5,150,5775,14457600
NIFTY-I.NFO,24/03/2025,09:39:40,23450,23450,600,23452.5,75,450,14457600
NIFTY-I.NFO,24/03/2025,09:39:42,23453,23452.15,75,23458.5,150,675,14457600
NIFTY-I.NFO,24/03/2025,09:39:44,23452.2,23452.45,150,23458.5,75,675,14457600
NIFTY-I.NFO,24/03/2025,09:39:45,23458.95,23452.5,300,23455,300,675,14457600
NIFTY-I.NFO,24/03/2025,09:39:47,23450,23450.1,300,23455,225,750,14457600
NIFTY-I.NFO,24/03/2025,09:39:49,23452.55,23450.85,300,23455,150,150,14457600
NIFTY-I.NFO,24/03/2025,09:39:50,23451.55,23451.5,75,23455,150,300,14454525
NIFTY-I.NFO,24/03/2025,09:39:52,23455,23453,375,23455.35,75,225,14454525
NIFTY-I.NFO,24/03/2025,09:39:54,23455.35,23453,225,23456.95,375,225,14454525
NIFTY-I.NFO,24/03/2025,09:39:55,23455.95,23451.55,75,23454.85,300,375,14454525
NIFTY-I.NFO,24/03/2025,09:39:57,23455.95,23455,150,23455.95,75,0,14454525
NIFTY-I.NFO,24/03/2025,09:39:59,23455,23451.55,75,23452.7,300,300,14454525
NIFTY-I.NFO,24/03/2025,09:40:00,23452.2,23450,225,23452.4,75,4650,14454525
NIFTY-I.NFO,24/03/2025,09:40:02,23450,23450,150,23452.45,1050,225,14454525
NIFTY-I.NFO,24/03/2025,09:40:04,23450,23448.45,150,23450,3825,2700,14454525
NIFTY-I.NFO,24/03/2025,09:40:05,23450.25,23450.75,375,23454.95,75,4350,14454525
NIFTY-I.NFO,24/03/2025,09:40:07,23450,23449.45,75,23454.75,525,150,14454525
NIFTY-I.NFO,24/03/2025,09:40:09,23450.25,23448,450,23453.7,450,450,14454525
NIFTY-I.NFO,24/03/2025,09:40:10,23452.25,23448,600,23453.05,225,225,14454525
NIFTY-I.NFO,24/03/2025,09:40:12,23448,23448.8,375,23450,75,150,14454525
NIFTY-I.NFO,24/03/2025,09:40:14,23447.15,23446.3,75,23450,150,1050,14454525
NIFTY-I.NFO,24/03/2025,09:40:15,23447.05,23448.05,75,23450,150,525,14454525
NIFTY-I.NFO,24/03/2025,09:40:17,23445.8,23445,375,23449.35,450,825,14454525
NIFTY-I.NFO,24/03/2025,09:40:19,23445.6,23444.4,75,23449.3,75,2400,14454525
NIFTY-I.NFO,24/03/2025,09:40:20,23444,23444,150,23445,1500,150,14454525
NIFTY-I.NFO,24/03/2025,09:40:22,23443.55,23442.95,300,23444,75,2100,14454525
NIFTY-I.NFO,24/03/2025,09:40:22,23441.5,23442.95,300,23444,75,0,14454525
NIFTY-I.NFO,24/03/2025,09:40:24,23442.2,23442.65,75,23445,1425,375,14454525
NIFTY-I.NFO,24/03/2025,09:40:25,23445,23442.25,75,23445,1200,300,14454525
NIFTY-I.NFO,24/03/2025,09:40:27,23450.7,23445.7,75,23451.4,525,2100,14454525
NIFTY-I.NFO,24/03/2025,09:40:29,23445,23443.5,150,23449.5,225,1050,14454525
NIFTY-I.NFO,24/03/2025,09:40:30,23443.65,23443,150,23448.85,525,75,14454525
NIFTY-I.NFO,24/03/2025,09:40:32,23444.6,23444.6,375,23445.6,375,900,14454525
NIFTY-I.NFO,24/03/2025,09:40:34,23445.7,23447.25,75,23451.95,75,1125,14454525
NIFTY-I.NFO,24/03/2025,09:40:35,23452.85,23450.85,375,23453,525,75,14454525
NIFTY-I.NFO,24/03/2025,09:40:37,23451.25,23451.3,300,23453,525,300,14454525
NIFTY-I.NFO,24/03/2025,09:40:39,23451.2,23452.05,300,23454.95,75,825,14454525
NIFTY-I.NFO,24/03/2025,09:40:40,23455.95,23453.75,375,23456,75,525,14454525
NIFTY-I.NFO,24/03/2025,09:40:42,23456,23453.15,75,23456.35,75,75,14454525
NIFTY-I.NFO,24/03/2025,09:40:44,23451.7,23450.95,225,23456.55,375,525,14454525
NIFTY-I.NFO,24/03/2025,09:40:45,23456.55,23454.95,75,23456.55,225,150,14454525
NIFTY-I.NFO,24/03/2025,09:40:47,23456.55,23454.95,75,23456.55,150,150,14454525
NIFTY-I.NFO,24/03/2025,09:40:49,23456.55,23455,75,23456.55,150,0,14454525
NIFTY-I.NFO,24/03/2025,09:40:50,23455,23454.95,75,23460,300,300,14454525
NIFTY-I.NFO,24/03/2025,09:40:52,23460,23458.85,225,23460,150,375,14454525
NIFTY-I.NFO,24/03/2025,09:40:54,23456.55,23456.55,900,23460,150,150,14454525
NIFTY-I.NFO,24/03/2025,09:40:55,23461.05,23455.2,150,23462,600,1125,14454525
NIFTY-I.NFO,24/03/2025,09:40:57,23460,23456.55,75,23460.95,975,75,14454525
NIFTY-I.NFO,24/03/2025,09:40:59,23456.55,23455,375,23460.5,1275,150,14454525
NIFTY-I.NFO,24/03/2025,09:41:00,23458.4,23455,225,23457.7,600,1575,14454525
NIFTY-I.NFO,24/03/2025,09:41:02,23459.15,23455,150,23459.75,450,300,14454525
NIFTY-I.NFO,24/03/2025,09:41:04,23455.8,23455.85,150,23460,75,300,14454525
NIFTY-I.NFO,24/03/2025,09:41:05,23459.95,23456.55,225,23459.95,525,300,14454525
NIFTY-I.NFO,24/03/2025,09:41:07,23460,23456.9,75,23460,150,450,14454525
NIFTY-I.NFO,24/03/2025,09:41:09,23461.05,23460,225,23462.95,300,225,14454525
NIFTY-I.NFO,24/03/2025,09:41:10,23460,23462,375,23464,225,300,14454525
NIFTY-I.NFO,24/03/2025,09:41:12,23462,23461.05,75,23466,75,675,14454525
NIFTY-I.NFO,24/03/2025,09:41:14,23466.65,23461.05,75,23466.55,225,525,14454525
NIFTY-I.NFO,24/03/2025,09:41:15,23461.05,23460.2,150,23466.55,675,150,14454525
NIFTY-I.NFO,24/03/2025,09:41:17,23461.6,23461.85,375,23466.95,75,375,14454525
NIFTY-I.NFO,24/03/2025,09:41:19,23466.9,23465,300,23466.95,75,75,14454525
NIFTY-I.NFO,24/03/2025,09:41:20,23467,23465,225,23468.95,75,225,14454525
NIFTY-I.NFO,24/03/2025,09:41:22,23467.4,23463.3,75,23467.7,450,600,14454525
NIFTY-I.NFO,24/03/2025,09:41:24,23467.75,23463.3,75,23466.75,525,300,14454525
NIFTY-I.NFO,24/03/2025,09:41:25,23465.75,23463.3,75,23467.65,900,450,14454525
NIFTY-I.NFO,24/03/2025,09:41:27,23467.85,23463.35,225,23467.85,225,75,14454525
NIFTY-I.NFO,24/03/2025,09:41:29,23466.65,23463.35,225,23467.1,300,150,14454525
NIFTY-I.NFO,24/03/2025,09:41:30,23466,23463.35,225,23465.35,225,225,14454525
NIFTY-I.NFO,24/03/2025,09:41:32,23463,23463,225,23463.95,225,300,14454525
NIFTY-I.NFO,24/03/2025,09:41:34,23463.1,23460,525,23463.35,225,1500,14454525
NIFTY-I.NFO,24/03/2025,09:41:35,23464.3,23460.55,75,23465.3,825,225,14454525
NIFTY-I.NFO,24/03/2025,09:41:37,23465.05,23465.35,300,23466.65,150,150,14454525
NIFTY-I.NFO,24/03/2025,09:41:39,23466.65,23465.65,150,23467,150,375,14454525
NIFTY-I.NFO,24/03/2025,09:41:40,23469,23469.25,75,23470,300,2775,14454525
NIFTY-I.NFO,24/03/2025,09:41:42,23473,23473.75,75,23474.5,75,600,14454525
NIFTY-I.NFO,24/03/2025,09:41:44,23477.5,23477,75,23477.5,75,825,14454525
NIFTY-I.NFO,24/03/2025,09:41:45,23477,23475.7,75,23477.5,75,75,14454525
NIFTY-I.NFO,24/03/2025,09:41:47,23477.65,23475.65,75,23479,750,375,14454525
NIFTY-I.NFO,24/03/2025,09:41:49,23479.8,23475.6,75,23479.75,525,300,14454525
NIFTY-I.NFO,24/03/2025,09:41:50,23480,23475.55,75,23480,75,600,14454525
NIFTY-I.NFO,24/03/2025,09:41:52,23478.7,23475.5,300,23475.6,75,75,14454525
NIFTY-I.NFO,24/03/2025,09:41:54,23475.6,23477,375,23479,150,75,14454525
NIFTY-I.NFO,24/03/2025,09:41:55,23478.65,23476.95,75,23480,150,825,14454525
NIFTY-I.NFO,24/03/2025,09:41:57,23480.05,23478.8,825,23482,75,225,14454525
NIFTY-I.NFO,24/03/2025,09:41:59,23482,23480.2,75,23482,1800,75,14454525
NIFTY-I.NFO,24/03/2025,09:42:00,23482,23481.85,75,23482,825,1275,14454525
NIFTY-I.NFO,24/03/2025,09:42:02,23483.75,23484.6,75,23485,75,975,14454525
NIFTY-I.NFO,24/03/2025,09:42:04,23489,23486,75,23489.1,825,750,14454525
NIFTY-I.NFO,24/03/2025,09:42:06,23488.55,23486,75,23488.8,525,375,14454525
NIFTY-I.NFO,24/03/2025,09:42:07,23485.5,23482,150,23486.25,825,450,14454525
NIFTY-I.NFO,24/03/2025,09:42:09,23486.05,23480,150,23485.75,225,450,14454525
NIFTY-I.NFO,24/03/2025,09:42:11,23486,23481.4,150,23486,825,375,14454525
NIFTY-I.NFO,24/03/2025,09:42:12,23486,23486,75,23487.4,75,1125,14454525
NIFTY-I.NFO,24/03/2025,09:42:14,23486.85,23487.45,225,23488.95,75,2175,14454525
NIFTY-I.NFO,24/03/2025,09:42:16,23486,23481.45,75,23486,2250,300,14454525
NIFTY-I.NFO,24/03/2025,09:42:17,23486,23484.9,300,23486,1650,375,14454525
NIFTY-I.NFO,24/03/2025,09:42:19,23486,23483.8,150,23486,1575,150,14454525
NIFTY-I.NFO,24/03/2025,09:42:21,23486,23485.45,75,23486,1500,75,14454525
NIFTY-I.NFO,24/03/2025,09:42:22,23486,23485.4,75,23486,1275,525,14454525
NIFTY-I.NFO,24/03/2025,09:42:24,23486.05,23485.9,150,23486.05,75,1650,14454525
NIFTY-I.NFO,24/03/2025,09:42:26,23486,23484.4,150,23486.05,75,150,14454525
NIFTY-I.NFO,24/03/2025,09:42:27,23486.5,23486.5,150,23487.45,1725,750,14454525
NIFTY-I.NFO,24/03/2025,09:42:29,23486.05,23486.85,75,23487.45,1725,300,14454525
NIFTY-I.NFO,24/03/2025,09:42:31,23486,23486,225,23487.1,75,1125,14454525
NIFTY-I.NFO,24/03/2025,09:42:32,23486.4,23486.55,300,23487.1,150,375,14454525
NIFTY-I.NFO,24/03/2025,09:42:34,23487.1,23486.8,75,23487.1,75,150,14454525
NIFTY-I.NFO,24/03/2025,09:42:36,23486.85,23486.85,150,23487.1,150,225,14454525
NIFTY-I.NFO,24/03/2025,09:42:37,23487.1,23486,225,23487.45,1650,450,14454525
NIFTY-I.NFO,24/03/2025,09:42:39,23489.35,23489.2,75,23489.35,150,2025,14454525
NIFTY-I.NFO,24/03/2025,09:42:41,23495,23493,75,23495.75,150,14475,14454525
NIFTY-I.NFO,24/03/2025,09:42:42,23496,23492.95,75,23496.95,600,225,14454525
NIFTY-I.NFO,24/03/2025,09:42:44,23496.95,23492.95,75,23496.95,525,75,14454525
NIFTY-I.NFO,24/03/2025,09:42:46,23494.6,23495.85,300,23496.95,225,375,14454525
NIFTY-I.NFO,24/03/2025,09:42:47,23508.8,23506.55,150,23508.85,150,6300,14454525
NIFTY-I.NFO,24/03/2025,09:42:49,23505.5,23502,75,23505.45,450,1875,14454525
NIFTY-I.NFO,24/03/2025,09:42:51,23501.1,23501.1,75,23503.05,75,525,14443125
NIFTY-I.NFO,24/03/2025,09:42:52,23505.1,23500,450,23505.1,75,2025,14443125
NIFTY-I.NFO,24/03/2025,09:42:54,23501.1,23496.65,225,23501.1,600,1125,14443125
NIFTY-I.NFO,24/03/2025,09:42:56,23504.55,23501.1,75,23502.9,675,900,14443125
NIFTY-I.NFO,24/03/2025,09:42:57,23495,23494.6,75,23498.75,150,1350,14443125
NIFTY-I.NFO,24/03/2025,09:42:59,23494.7,23495,75,23498.75,1125,150,14443125
NIFTY-I.NFO,24/03/2025,09:43:01,23498.75,23495.6,225,23498.75,825,300,14443125
NIFTY-I.NFO,24/03/2025,09:43:02,23495,23494.35,975,23495,1500,825,14443125
NIFTY-I.NFO,24/03/2025,09:43:04,23495,23494.9,75,23495,1050,600,14443125
NIFTY-I.NFO,24/03/2025,09:43:06,23495,23493.7,75,23495,750,1350,14443125
NIFTY-I.NFO,24/03/2025,09:43:07,23495,23493.25,75,23495,600,150,14443125
NIFTY-I.NFO,24/03/2025,09:43:09,23494.9,23494.4,225,23494.9,450,150,14443125
NIFTY-I.NFO,24/03/2025,09:43:11,23495,23494.55,75,23498.7,450,1200,14443125
NIFTY-I.NFO,24/03/2025,09:43:12,23493.6,23493,300,23498.85,525,150,14443125
NIFTY-I.NFO,24/03/2025,09:43:14,23498.7,23493.2,300,23499.25,300,300,14443125
NIFTY-I.NFO,24/03/2025,09:43:16,23500,23498.9,75,23500,4050,1800,14443125
NIFTY-I.NFO,24/03/2025,09:43:17,23499,23499.25,75,23500,5850,150,14443125
NIFTY-I.NFO,24/03/2025,09:43:19,23499.25,23495.35,150,23500,7650,75,14443125
NIFTY-I.NFO,24/03/2025,09:43:21,23495.35,23495.35,75,23499.2,750,150,14443125
NIFTY-I.NFO,24/03/2025,09:43:22,23495.35,23495.35,300,23499.25,600,0,14443125
NIFTY-I.NFO,24/03/2025,09:43:24,23500,23499.2,75,23500,8625,1275,14443125
NIFTY-I.NFO,24/03/2025,09:43:26,23499.8,23499.25,225,23500,8025,450,14443125
NIFTY-I.NFO,24/03/2025,09:43:27,23499.2,23495.9,75,23500,8550,300,14443125
NIFTY-I.NFO,24/03/2025,09:43:29,23495.9,23495.35,75,23497.25,675,300,14443125
NIFTY-I.NFO,24/03/2025,09:43:31,23490,23490,150,23493.65,900,675,14443125
NIFTY-I.NFO,24/03/2025,09:43:32,23494.25,23489.7,300,23494.15,75,375,14443125
NIFTY-I.NFO,24/03/2025,09:43:34,23494.25,23489.6,150,23494.25,900,0,14443125
NIFTY-I.NFO,24/03/2025,09:43:36,23492.7,23489.65,375,23494.75,75,225,14443125
NIFTY-I.NFO,24/03/2025,09:43:37,23492.7,23489.6,75,23494.6,75,0,14443125
NIFTY-I.NFO,24/03/2025,09:43:39,23492.7,23489.6,75,23494.5,600,0,14443125
NIFTY-I.NFO,24/03/2025,09:43:41,23495,23492.4,150,23495.35,1050,150,14443125
NIFTY-I.NFO,24/03/2025,09:43:42,23495.35,23496.1,450,23497.8,75,1050,14443125
NIFTY-I.NFO,24/03/2025,09:43:44,23492.4,23490,75,23492.4,1500,750,14443125
NIFTY-I.NFO,24/03/2025,09:43:46,23492.4,23489.25,75,23492.4,1425,225,14443125
NIFTY-I.NFO,24/03/2025,09:43:47,23492.4,23490,150,23492.4,1275,225,14443125
NIFTY-I.NFO,24/03/2025,09:43:49,23492.4,23492.6,375,23495,150,1275,14443125
NIFTY-I.NFO,24/03/2025,09:43:51,23491.55,23491.75,75,23495,150,750,14443125
NIFTY-I.NFO,24/03/2025,09:43:52,23494.8,23490.45,75,23495,450,375,14443125
NIFTY-I.NFO,24/03/2025,09:43:54,23496,23488.1,75,23490,225,1125,14443125
NIFTY-I.NFO,24/03/2025,09:43:56,23488.45,23488.55,525,23490,75,300,14443125
NIFTY-I.NFO,24/03/2025,09:43:57,23488.45,23489,150,23490,225,150,14443125
NIFTY-I.NFO,24/03/2025,09:43:59,23490,23489,150,23490,150,75,14443125
NIFTY-I.NFO,24/03/2025,09:44:01,23489,23489,225,23490,150,75,14443125
NIFTY-I.NFO,24/03/2025,09:44:03,23490,23489.75,225,23490,75,75,14443125
NIFTY-I.NFO,24/03/2025,09:44:04,23493.7,23489.95,75,23490,75,750,14443125
NIFTY-I.NFO,24/03/2025,09:44:06,23491.05,23491.05,525,23495,975,1050,14443125
NIFTY-I.NFO,24/03/2025,09:44:08,23491.55,23491.5,150,23495,975,375,14443125
NIFTY-I.NFO,24/03/2025,09:44:09,23495,23493.6,75,23495,300,825,14443125
NIFTY-I.NFO,24/03/2025,09:44:11,23495,23494.3,150,23495,225,75,14443125
NIFTY-I.NFO,24/03/2025,09:44:13,23495,23494.3,75,23495,450,75,14443125
NIFTY-I.NFO,24/03/2025,09:44:14,23495,23494.3,75,23495,750,150,14443125
NIFTY-I.NFO,24/03/2025,09:44:16,23498.95,23495.9,75,23498.95,450,975,14443125
NIFTY-I.NFO,24/03/2025,09:44:18,23495,23492.05,75,23495,150,225,14443125
NIFTY-I.NFO,24/03/2025,09:44:19,23495,23494.95,75,23498,525,225,14443125
NIFTY-I.NFO,24/03/2025,09:44:21,23491.7,23489.35,225,23495.85,300,225,14443125
NIFTY-I.NFO,24/03/2025,09:44:23,23495,23494.4,150,23496.25,750,150,14443125
NIFTY-I.NFO,24/03/2025,09:44:24,23493.05,23492,225,23494.05,375,300,14443125
NIFTY-I.NFO,24/03/2025,09:44:26,23493.9,23493,75,23493.7,300,225,14443125
NIFTY-I.NFO,24/03/2025,09:44:28,23492,23490,75,23492.4,600,150,14443125
NIFTY-I.NFO,24/03/2025,09:44:29,23492,23490,225,23492.15,75,0,14443125
NIFTY-I.NFO,24/03/2025,09:44:31,23492,23490,225,23491.35,300,0,14443125
NIFTY-I.NFO,24/03/2025,09:44:33,23489.05,23481.9,75,23487.75,450,1050,14443125
NIFTY-I.NFO,24/03/2025,09:44:34,23488.5,23483,150,23489.65,75,975,14443125
NIFTY-I.NFO,24/03/2025,09:44:36,23483.25,23486.6,600,23490.95,225,3300,14443125
NIFTY-I.NFO,24/03/2025,09:44:38,23488.5,23486,150,23489,150,675,14443125
NIFTY-I.NFO,24/03/2025,09:44:39,23488.5,23486,150,23488.5,75,0,14443125
NIFTY-I.NFO,24/03/2025,09:44:41,23482.9,23481.4,225,23487.7,675,675,14443125
NIFTY-I.NFO,24/03/2025,09:44:43,23486,23481.1,600,23485.6,150,300,14443125
NIFTY-I.NFO,24/03/2025,09:44:44,23482.9,23481.9,300,23488.3,150,150,14443125
NIFTY-I.NFO,24/03/2025,09:44:46,23487.7,23481.15,300,23487.75,150,375,14443125
NIFTY-I.NFO,24/03/2025,09:44:48,23482,23481.1,525,23486.95,150,225,14443125
NIFTY-I.NFO,24/03/2025,09:44:49,23481.65,23481.15,300,23487.75,375,150,14443125
NIFTY-I.NFO,24/03/2025,09:44:51,23485,23482,375,23485,975,75,14443125
NIFTY-I.NFO,24/03/2025,09:44:53,23482,23482,525,23485,975,75,14443125
NIFTY-I.NFO,24/03/2025,09:44:54,23481.15,23481.1,525,23485,975,1050,14443125
NIFTY-I.NFO,24/03/2025,09:44:56,23485,23481.4,300,23485,750,225,14443125
NIFTY-I.NFO,24/03/2025,09:44:58,23485,23483.1,375,23485,900,0,14443125
NIFTY-I.NFO,24/03/2025,09:44:59,23485,23484.1,375,23484.95,225,975,14443125
NIFTY-I.NFO,24/03/2025,09:45:01,23486.75,23486.75,150,23489,75,1350,14443125
NIFTY-I.NFO,24/03/2025,09:45:03,23489,23486.75,75,23490,75,150,14443125
NIFTY-I.NFO,24/03/2025,09:45:04,23490,23486.75,225,23491.5,450,75,14443125
NIFTY-I.NFO,24/03/2025,09:45:06,23490,23487.65,150,23490,300,75,14443125
NIFTY-I.NFO,24/03/2025,09:45:08,23490,23488.85,225,23490,75,225,14443125
NIFTY-I.NFO,24/03/2025,09:45:09,23490,23488.85,225,23490,150,0,14443125
NIFTY-I.NFO,24/03/2025,09:45:11,23489.9,23489.9,75,23490,150,150,14443125
NIFTY-I.NFO,24/03/2025,09:45:13,23488.5,23490,450,23492,150,900,14443125
NIFTY-I.NFO,24/03/2025,09:45:14,23490,23489.9,75,23494,75,375,14443125
NIFTY-I.NFO,24/03/2025,09:45:16,23494,23490,75,23494.4,525,225,14443125
NIFTY-I.NFO,24/03/2025,09:45:18,23498,23492.25,300,23498.75,300,2925,14443125
NIFTY-I.NFO,24/03/2025,09:45:19,23490.75,23490.4,75,23496.2,150,600,14443125
NIFTY-I.NFO,24/03/2025,09:45:21,23495.65,23490.9,75,23495.3,300,600,14443125
NIFTY-I.NFO,24/03/2025,09:45:23,23493,23490.9,75,23493.15,225,1200,14443125
NIFTY-I.NFO,24/03/2025,09:45:24,23492.1,23489,75,23493.15,150,375,14443125
NIFTY-I.NFO,24/03/2025,09:45:26,23492.1,23490,75,23493.15,150,0,14443125
NIFTY-I.NFO,24/03/2025,09:45:28,23488.25,23490.6,375,23493.15,75,2025,14443125
NIFTY-I.NFO,24/03/2025,09:45:29,23495.25,23494.2,150,23495.8,300,450,14443125
NIFTY-I.NFO,24/03/2025,09:45:31,23494.2,23494.2,75,23495.6,300,225,14443125
NIFTY-I.NFO,24/03/2025,09:45:33,23493.6,23488.25,75,23493.5,300,375,14443125
NIFTY-I.NFO,24/03/2025,09:45:34,23494.15,23492.85,75,23495.8,150,600,14443125
NIFTY-I.NFO,24/03/2025,09:45:36,23494.2,23492.85,75,23495.8,300,225,14443125
NIFTY-I.NFO,24/03/2025,09:45:38,23495.75,23494.2,75,23497.05,375,150,14443125
NIFTY-I.NFO,24/03/2025,09:45:39,23494.2,23493.05,450,23498.75,75,375,14443125
NIFTY-I.NFO,24/03/2025,09:45:41,23499.85,23495.05,450,23500,8850,675,14443125
NIFTY-I.NFO,24/03/2025,09:45:43,23500,23494.4,450,23500,8775,525,14443125
NIFTY-I.NFO,24/03/2025,09:45:44,23499.8,23495,75,23498.8,300,2325,14443125
NIFTY-I.NFO,24/03/2025,09:45:46,23499.45,23495,75,23498.75,225,300,14443125
NIFTY-I.NFO,24/03/2025,09:45:48,23498.2,23495,75,23499.9,525,2775,14443125
NIFTY-I.NFO,24/03/2025,09:45:49,23498.75,23495,225,23499.5,600,75,14443125
NIFTY-I.NFO,24/03/2025,09:45:51,23498.2,23496.6,75,23497.5,75,375,14447775
NIFTY-I.NFO,24/03/2025,09:45:53,23496.45,23494.2,75,23497.3,450,300,14447775
NIFTY-I.NFO,24/03/2025,09:45:54,23496.65,23494.25,150,23496.7,75,225,14447775
NIFTY-I.NFO,24/03/2025,09:45:56,23494.25,23494.2,75,23496.15,225,525,14447775
NIFTY-I.NFO,24/03/2025,09:45:58,23494.2,23494.2,75,23496.75,75,150,14447775
NIFTY-I.NFO,24/03/2025,09:45:59,23494.2,23494,75,23495,75,0,14447775
NIFTY-I.NFO,24/03/2025,09:46:01,23495,23495.4,150,23496.7,450,75,14447775
NIFTY-I.NFO,24/03/2025,09:46:03,23494,23494,150,23495.4,225,225,14447775
NIFTY-I.NFO,24/03/2025,09:46:04,23492.95,23490.95,75,23492.8,225,675,14447775
NIFTY-I.NFO,24/03/2025,09:46:06,23485.15,23485,150,23488.25,75,600,14447775
NIFTY-I.NFO,24/03/2025,09:46:08,23488,23485,150,23487.75,225,375,14447775
NIFTY-I.NFO,24/03/2025,09:46:09,23489.65,23485,150,23487.75,150,75,14447775
NIFTY-I.NFO,24/03/2025,09:46:11,23489.65,23485,150,23486.1,150,0,14447775
NIFTY-I.NFO,24/03/2025,09:46:13,23485,23482,75,23485.8,150,450,14447775
NIFTY-I.NFO,24/03/2025,09:46:14,23485.4,23481,975,23485.4,150,300,14447775
NIFTY-I.NFO,24/03/2025,09:46:16,23485.4,23481,975,23482.9,75,0,14447775
NIFTY-I.NFO,24/03/2025,09:46:18,23481,23481.1,450,23482.9,150,225,14447775
NIFTY-I.NFO,24/03/2025,09:46:19,23485.45,23483,600,23485.4,75,375,14447775
NIFTY-I.NFO,24/03/2025,09:46:21,23481.85,23481.95,375,23485.4,75,1050,14447775
NIFTY-I.NFO,24/03/2025,09:46:23,23483.6,23484.45,75,23489.5,150,150,14447775
NIFTY-I.NFO,24/03/2025,09:46:24,23483.6,23485,150,23489,75,0,14447775
NIFTY-I.NFO,24/03/2025,09:46:26,23485,23483.05,225,23488.75,150,75,14447775
NIFTY-I.NFO,24/03/2025,09:46:28,23483.6,23483.5,225,23485,900,75,14447775
NIFTY-I.NFO,24/03/2025,09:46:29,23485,23487.65,75,23489,75,900,14447775
NIFTY-I.NFO,24/03/2025,09:46:31,23485,23484.95,75,23489,75,825,14447775
NIFTY-I.NFO,24/03/2025,09:46:33,23485,23484.9,525,23487.65,150,225,14447775
NIFTY-I.NFO,24/03/2025,09:46:34,23487.65,23486.55,975,23489,75,2025,14447775
NIFTY-I.NFO,24/03/2025,09:46:36,23487.65,23486.45,525,23489,75,0,14447775
NIFTY-I.NFO,24/03/2025,09:46:38,23494.2,23488.35,225,23494.55,150,750,14447775
NIFTY-I.NFO,24/03/2025,09:46:39,23489.15,23489.65,225,23494.6,150,450,14447775
NIFTY-I.NFO,24/03/2025,09:46:41,23494.9,23491.2,525,23495,75,300,14447775
NIFTY-I.NFO,24/03/2025,09:46:43,23491.35,23490.55,225,23495.05,825,750,14447775
NIFTY-I.NFO,24/03/2025,09:46:44,23491.35,23490.5,525,23496.25,75,0,14447775
NIFTY-I.NFO,24/03/2025,09:46:46,23495,23495,900,23496.25,75,75,14447775
NIFTY-I.NFO,24/03/2025,09:46:48,23496.25,23495,900,23498,150,75,14447775
NIFTY-I.NFO,24/03/2025,09:46:49,23498,23495,900,23498,75,75,14447775
NIFTY-I.NFO,24/03/2025,09:46:51,23498.2,23495.05,300,23498.2,300,1275,14447775
NIFTY-I.NFO,24/03/2025,09:46:53,23498.25,23493.4,375,23498.25,75,975,14447775
NIFTY-I.NFO,24/03/2025,09:46:54,23498.25,23495,825,23498.9,375,75,14447775
NIFTY-I.NFO,24/03/2025,09:46:56,23497.55,23495,750,23497.8,150,75,14447775
NIFTY-I.NFO,24/03/2025,09:46:58,23495,23495,300,23497.95,375,525,14447775
NIFTY-I.NFO,24/03/2025,09:46:59,23498,23495,375,23498.9,75,75,14447775
NIFTY-I.NFO,24/03/2025,09:47:01,23498.85,23495,375,23498.75,75,375,14447775
NIFTY-I.NFO,24/03/2025,09:47:03,23498.9,23497.55,150,23498.95,75,225,14447775
NIFTY-I.NFO,24/03/2025,09:47:04,23498.95,23495,225,23498.05,525,450,14447775
NIFTY-I.NFO,24/03/2025,09:47:06,23498.95,23495,225,23498.95,375,0,14447775
NIFTY-I.NFO,24/03/2025,09:47:08,23497.85,23495,225,23497.85,225,1650,14447775
NIFTY-I.NFO,24/03/2025,09:47:09,23495,23495,150,23497.35,225,75,14447775
NIFTY-I.NFO,24/03/2025,09:47:11,23498.2,23495,150,23496.6,225,75,14447775
NIFTY-I.NFO,24/03/2025,09:47:13,23490.6,23491.3,75,23495,75,375,14447775
NIFTY-I.NFO,24/03/2025,09:47:14,23491.45,23491.6,150,23495,75,225,14447775
NIFTY-I.NFO,24/03/2025,09:47:16,23496.05,23490.05,300,23496.55,450,750,14447775
NIFTY-I.NFO,24/03/2025,09:47:18,23496.05,23490.05,75,23495,150,0,14447775
NIFTY-I.NFO,24/03/2025,09:47:19,23490,23488.8,225,23495,150,375,14447775
NIFTY-I.NFO,24/03/2025,09:47:21,23490.05,23486.7,375,23493,150,75,14447775
NIFTY-I.NFO,24/03/2025,09:47:23,23490.05,23486.7,75,23492.35,150,0,14447775
NIFTY-I.NFO,24/03/2025,09:47:24,23490.05,23486.05,225,23491.4,75,0,14447775
NIFTY-I.NFO,24/03/2025,09:47:26,23490.05,23490,150,23491.8,225,0,14447775
NIFTY-I.NFO,24/03/2025,09:47:28,23490.05,23490,225,23493.35,75,0,14447775
NIFTY-I.NFO,24/03/2025,09:47:29,23492.5,23490,150,23490.05,75,150,14447775
NIFTY-I.NFO,24/03/2025,09:47:31,23490,23490,75,23492.5,1800,150,14447775
NIFTY-I.NFO,24/03/2025,09:47:33,23492.5,23490,75,23492.5,1725,75,14447775
NIFTY-I.NFO,24/03/2025,09:47:34,23492.5,23486,900,23492,150,600,14447775
NIFTY-I.NFO,24/03/2025,09:47:36,23492.5,23486.6,600,23490,75,0,14447775
NIFTY-I.NFO,24/03/2025,09:47:38,23492.5,23486,900,23490,300,0,14447775
NIFTY-I.NFO,24/03/2025,09:47:39,23490,23486.05,300,23490,300,75,14447775
NIFTY-I.NFO,24/03/2025,09:47:41,23489,23487.75,600,23490,300,150,14447775
NIFTY-I.NFO,24/03/2025,09:47:43,23489.1,23489.1,225,23492.5,1200,675,14447775
NIFTY-I.NFO,24/03/2025,09:47:44,23489.85,23489.75,675,23492.5,1125,150,14447775
NIFTY-I.NFO,24/03/2025,09:47:46,23489.8,23489.95,300,23492.5,1125,1875,14447775
NIFTY-I.NFO,24/03/2025,09:47:48,23490.55,23490.95,300,23492.5,1125,75,14447775
NIFTY-I.NFO,24/03/2025,09:47:49,23492.5,23490.55,75,23492.5,600,675,14447775
NIFTY-I.NFO,24/03/2025,09:47:51,23492.45,23491.5,300,23492.5,675,75,14447775
NIFTY-I.NFO,24/03/2025,09:47:53,23493,23491.35,300,23493,675,750,14447775
NIFTY-I.NFO,24/03/2025,09:47:54,23493,23491.75,375,23493,675,0,14447775
NIFTY-I.NFO,24/03/2025,09:47:56,23493,23492.05,375,23493,675,0,14447775
NIFTY-I.NFO,24/03/2025,09:47:58,23493,23491.8,375,23493,450,1275,14447775
NIFTY-I.NFO,24/03/2025,09:47:59,23493,23491.7,300,23493,375,150,14447775
NIFTY-I.NFO,24/03/2025,09:48:01,23493.85,23493.25,375,23495,150,750,14447775
NIFTY-I.NFO,24/03/2025,09:48:03,23495,23493.35,75,23495,75,75,14447775
NIFTY-I.NFO,24/03/2025,09:48:05,23495.6,23493.35,75,23496,75,525,14447775
NIFTY-I.NFO,24/03/2025,09:48:06,23497.95,23493.35,75,23497.6,300,300,14447775
NIFTY-I.NFO,24/03/2025,09:48:08,23493.35,23493,75,23497.65,150,375,14447775
NIFTY-I.NFO,24/03/2025,09:48:09,23493,23492.5,1050,23497.9,150,150,14447775
NIFTY-I.NFO,24/03/2025,09:48:11,23493,23492.5,1050,23497,150,0,14447775
NIFTY-I.NFO,24/03/2025,09:48:13,23492.5,23492.5,1125,23497,75,600,14447775
NIFTY-I.NFO,24/03/2025,09:48:14,23492.5,23492.5,1050,23497,75,75,14447775
NIFTY-I.NFO,24/03/2025,09:48:16,23492.5,23492.65,600,23497,75,75,14447775
NIFTY-I.NFO,24/03/2025,09:48:18,23492.5,23495.45,300,23497,150,0,14447775
NIFTY-I.NFO,24/03/2025,09:48:19,23499,23497.1,300,23499,225,450,14447775
NIFTY-I.NFO,24/03/2025,09:48:21,23495.75,23496.15,525,23499,225,300,14447775
NIFTY-I.NFO,24/03/2025,09:48:23,23497.1,23497.05,300,23499,75,450,14447775
NIFTY-I.NFO,24/03/2025,09:48:24,23500.85,23500.45,300,23504,300,8550,14447775
NIFTY-I.NFO,24/03/2025,09:48:26,23509,23505.35,75,23509.95,150,3975,14447775
NIFTY-I.NFO,24/03/2025,09:48:28,23509,23506.7,375,23508,75,0,14447775
NIFTY-I.NFO,24/03/2025,09:48:29,23505,23505.3,300,23508,75,225,14447775
NIFTY-I.NFO,24/03/2025,09:48:31,23505,23504.05,75,23508,75,0,14447775
NIFTY-I.NFO,24/03/2025,09:48:33,23508,23504.05,75,23508,75,75,14447775
NIFTY-I.NFO,24/03/2025,09:48:34,23508.65,23503.6,450,23508,75,225,14447775
NIFTY-I.NFO,24/03/2025,09:48:36,23507.5,23503.95,75,23507.5,150,225,14447775
NIFTY-I.NFO,24/03/2025,09:48:38,23504.35,23504.3,450,23507.5,150,225,14447775
NIFTY-I.NFO,24/03/2025,09:48:39,23507.5,23504.8,375,23508.8,75,225,14447775
NIFTY-I.NFO,24/03/2025,09:48:41,23505.2,23504.2,525,23508,150,75,14447775
NIFTY-I.NFO,24/03/2025,09:48:43,23510,23510,2775,23510.7,300,3900,14447775
NIFTY-I.NFO,24/03/2025,09:48:44,23510,23508.05,75,23510.75,750,2775,14447775
NIFTY-I.NFO,24/03/2025,09:48:46,23508.05,23508,450,23511,150,75,14447775
NIFTY-I.NFO,24/03/2025,09:48:48,23511.6,23508,450,23511.9,75,1350,14447775
NIFTY-I.NFO,24/03/2025,09:48:49,23510.75,23508,375,23510.85,300,300,14447775
NIFTY-I.NFO,24/03/2025,09:48:51,23511.55,23509.75,75,23511.1,750,300,14455650
NIFTY-I.NFO,24/03/2025,09:48:53,23508,23508,525,23510.6,300,375,14455650
NIFTY-I.NFO,24/03/2025,09:48:54,23510.5,23508,525,23509.95,75,300,14455650
NIFTY-I.NFO,24/03/2025,09:48:56,23510,23508,525,23511,150,450,14455650
NIFTY-I.NFO,24/03/2025,09:48:58,23511,23511,375,23512.9,75,1125,14455650
NIFTY-I.NFO,24/03/2025,09:48:59,23514,23513.7,75,23514.6,75,225,14455650
NIFTY-I.NFO,24/03/2025,09:49:01,23513.7,23511,300,23515,450,675,14455650
NIFTY-I.NFO,24/03/2025,09:49:02,23515,23511.1,150,23515,150,375,14455650
NIFTY-I.NFO,24/03/2025,09:49:04,23511,23511,600,23515,75,825,14455650
NIFTY-I.NFO,24/03/2025,09:49:06,23515.35,23511,600,23514.65,675,225,14455650
NIFTY-I.NFO,24/03/2025,09:49:07,23515.35,23511,600,23512.15,450,0,14455650
NIFTY-I.NFO,24/03/2025,09:49:09,23512.2,23508,375,23512.2,225,900,14455650
NIFTY-I.NFO,24/03/2025,09:49:11,23511,23508,225,23510.95,300,225,14455650
NIFTY-I.NFO,24/03/2025,09:49:12,23511,23508,150,23511,375,300,14455650
NIFTY-I.NFO,24/03/2025,09:49:14,23508,23507.5,150,23508,150,150,14455650
NIFTY-I.NFO,24/03/2025,09:49:16,23508,23507.5,75,23508,225,150,14455650
NIFTY-I.NFO,24/03/2025,09:49:17,23508,23506.5,1200,23508,150,150,14455650
NIFTY-I.NFO,24/03/2025,09:49:19,23506.5,23506.5,1050,23509.95,1425,375,14455650
NIFTY-I.NFO,24/03/2025,09:49:21,23508.05,23508,150,23509.95,1500,1875,14455650
NIFTY-I.NFO,24/03/2025,09:49:22,23516.4,23509.95,150,23516.1,300,1575,14455650
NIFTY-I.NFO,24/03/2025,09:49:24,23516.45,23509.5,1125,23514.35,375,75,14455650
NIFTY-I.NFO,24/03/2025,09:49:26,23509.5,23509.5,900,23514.4,75,1725,14455650
NIFTY-I.NFO,24/03/2025,09:49:27,23515.85,23510.25,225,23515.85,600,300,14455650
NIFTY-I.NFO,24/03/2025,09:49:29,23511.05,23512.35,300,23515.9,75,450,14455650
NIFTY-I.NFO,24/03/2025,09:49:31,23515,23513.45,75,23515,75,375,14455650
NIFTY-I.NFO,24/03/2025,09:49:32,23515.05,23516.45,75,23516.9,75,150,14455650
NIFTY-I.NFO,24/03/2025,09:49:34,23516.95,23516.7,75,23516.95,225,150,14455650
NIFTY-I.NFO,24/03/2025,09:49:36,23518,23517,75,23518,225,600,14455650
NIFTY-I.NFO,24/03/2025,09:49:37,23518,23516.9,75,23518,150,225,14455650
NIFTY-I.NFO,24/03/2025,09:49:39,23516.95,23515,75,23515.85,75,300,14455650
NIFTY-I.NFO,24/03/2025,09:49:41,23516.95,23515,75,23515.85,75,0,14455650
NIFTY-I.NFO,24/03/2025,09:49:42,23515,23514.35,75,23516.95,225,375,14455650
NIFTY-I.NFO,24/03/2025,09:49:44,23517.9,23515,300,23517.9,225,1950,14455650
NIFTY-I.NFO,24/03/2025,09:49:46,23515,23514.35,75,23515.85,150,1575,14455650
NIFTY-I.NFO,24/03/2025,09:49:47,23511.95,23511.95,750,23514.7,150,225,14455650
NIFTY-I.NFO,24/03/2025,09:49:49,23514.35,23511.95,750,23514.85,225,225,14455650
NIFTY-I.NFO,24/03/2025,09:49:51,23511.95,23511.95,525,23513.15,375,600,14455650
NIFTY-I.NFO,24/03/2025,09:49:52,23511.95,23510.6,75,23512.3,300,675,14455650
NIFTY-I.NFO,24/03/2025,09:49:54,23510.25,23510.25,75,23513.75,300,300,14455650
NIFTY-I.NFO,24/03/2025,09:49:56,23511,23512.3,150,23514,600,225,14455650
NIFTY-I.NFO,24/03/2025,09:49:57,23514,23512,300,23514.95,225,750,14455650
NIFTY-I.NFO,24/03/2025,09:49:59,23514,23512.05,75,23514.95,225,0,14455650
NIFTY-I.NFO,24/03/2025,09:50:01,23512.05,23512.05,75,23514.2,150,450,14455650
NIFTY-I.NFO,24/03/2025,09:50:02,23511,23511,450,23512.25,150,525,14455650
NIFTY-I.NFO,24/03/2025,09:50:04,23511,23511,300,23512.05,75,225,14455650
NIFTY-I.NFO,24/03/2025,09:50:06,23510,23510,300,23512.2,300,600,14455650
NIFTY-I.NFO,24/03/2025,09:50:07,23515,23512.4,75,23515,225,750,14455650
NIFTY-I.NFO,24/03/2025,09:50:09,23511,23510.65,75,23514,75,225,14455650
NIFTY-I.NFO,24/03/2025,09:50:11,23510.65,23510,300,23514,75,75,14455650
NIFTY-I.NFO,24/03/2025,09:50:13,23514,23511,150,23515,225,225,14455650
NIFTY-I.NFO,24/03/2025,09:50:14,23515.2,23511,75,23515.15,225,450,14455650
NIFTY-I.NFO,24/03/2025,09:50:16,23511.3,23511,75,23514.95,75,75,14455650
NIFTY-I.NFO,24/03/2025,09:50:18,23514.3,23510,75,23513.8,225,375,14455650
NIFTY-I.NFO,24/03/2025,09:50:19,23513.9,23511,900,23514.2,225,75,14455650
NIFTY-I.NFO,24/03/2025,09:50:21,23514.55,23511,600,23514.5,225,750,14455650
NIFTY-I.NFO,24/03/2025,09:50:23,23511,23511,1425,23514.8,225,150,14455650
NIFTY-I.NFO,24/03/2025,09:50:24,23515.5,23511.15,225,23515.95,150,5325,14455650
NIFTY-I.NFO,24/03/2025,09:50:26,23515,23514.4,150,23515.95,150,75,14455650
NIFTY-I.NFO,24/03/2025,09:50:28,23513.8,23511,2250,23516.3,1575,675,14455650
NIFTY-I.NFO,24/03/2025,09:50:29,23514.4,23511,2325,23514,525,75,14455650
