Ticker,Date,Time,LTP,BuyPrice,BuyQty,SellPrice,SellQty,LTQ,OpenInterest
BANKNIFTY-II.NFO,10/12/2024,09:15:03,53950,53900,15,53928.2,60,75,376260
BANKNIFTY-II.NFO,10/12/2024,09:15:03,53950.05,53900,15,53928.2,60,0,376260
BANKNIFTY-II.NFO,10/12/2024,09:15:03,53950.05,53900,15,53928.2,60,0,376260
BANKNIFTY-II.NFO,10/12/2024,09:15:03,53950,53900,15,53928.2,60,0,376260
BANKNIFTY-II.NFO,10/12/2024,09:15:04,53928.2,53905.05,15,53940.9,60,15,376260
BANKNIFTY-II.NFO,10/12/2024,09:15:04,53928.2,53905.05,15,53940.9,60,0,376260
BANKNIFTY-II.NFO,10/12/2024,09:15:06,53928.2,53904.8,30,53922.05,60,0,376260
BANKNIFTY-II.NFO,10/12/2024,09:15:08,53900,53870.35,15,53897.35,60,45,376260
BANKNIFTY-II.NFO,10/12/2024,09:15:08,53900,53870.35,15,53897.35,60,0,376260
BANKNIFTY-II.NFO,10/12/2024,09:15:09,53870.3,53860,60,53874.9,60,30,376260
BANKNIFTY-II.NFO,10/12/2024,09:15:09,53870.3,53860,60,53874.9,60,0,376260
BANKNIFTY-II.NFO,10/12/2024,09:15:11,53870.3,53860,60,53879.75,135,0,376260
BANKNIFTY-II.NFO,10/12/2024,09:15:13,53860.05,53864,30,53897.25,60,15,376260
BANKNIFTY-II.NFO,10/12/2024,09:15:13,53860.05,53864,30,53897.25,60,0,376260
BANKNIFTY-II.NFO,10/12/2024,09:15:14,53860.05,53864,30,53891.4,60,0,376260
BANKNIFTY-II.NFO,10/12/2024,09:15:16,53879.6,53860.05,15,53879.8,60,60,376260
BANKNIFTY-II.NFO,10/12/2024,09:15:16,53860,53860.05,15,53879.8,60,0,376260
BANKNIFTY-II.NFO,10/12/2024,09:15:18,53879.6,53860.05,15,53870.3,30,0,376260
BANKNIFTY-II.NFO,10/12/2024,09:15:19,53870.3,53864.6,15,53899,60,30,376260
BANKNIFTY-II.NFO,10/12/2024,09:15:21,53888.55,53883.65,90,53905,60,15,376260
BANKNIFTY-II.NFO,10/12/2024,09:15:23,53888.55,53893.95,150,53905.05,90,0,376260
BANKNIFTY-II.NFO,10/12/2024,09:15:24,53888.55,53896.5,150,53905,15,0,376260
BANKNIFTY-II.NFO,10/12/2024,09:15:26,53896.65,53895,150,53905,15,60,376260
BANKNIFTY-II.NFO,10/12/2024,09:15:28,53905.05,53888.55,15,53905,60,60,376260
BANKNIFTY-II.NFO,10/12/2024,09:15:29,53905.05,53888.55,15,53905,60,0,376260
BANKNIFTY-II.NFO,10/12/2024,09:15:31,53905.05,53888.55,45,53905,60,0,376260
BANKNIFTY-II.NFO,10/12/2024,09:15:33,53905.05,53888.55,60,53905.05,45,0,376260
BANKNIFTY-II.NFO,10/12/2024,09:15:34,53905.05,53893,15,53905.05,45,0,376260
BANKNIFTY-II.NFO,10/12/2024,09:15:36,53905.05,53894.1,15,53905.05,15,30,376260
BANKNIFTY-II.NFO,10/12/2024,09:15:38,53905.05,53894.1,15,53905.05,15,0,376260
BANKNIFTY-II.NFO,10/12/2024,09:15:39,53917.65,53914.05,15,53925.5,75,105,376260
BANKNIFTY-II.NFO,10/12/2024,09:15:41,53917.65,53922.05,15,53934.4,75,0,376260
BANKNIFTY-II.NFO,10/12/2024,09:15:43,53935.65,53930.05,15,53936.25,45,15,376260
BANKNIFTY-II.NFO,10/12/2024,09:15:44,53935.05,53914.8,60,53936.8,45,15,376365
BANKNIFTY-II.NFO,10/12/2024,09:15:46,53935.05,53919.45,90,53939.8,45,0,376365
BANKNIFTY-II.NFO,10/12/2024,09:15:47,53922.25,53922.65,60,53944.9,75,15,376365
BANKNIFTY-II.NFO,10/12/2024,09:15:49,53924.3,53921.55,45,53943.35,60,15,376365
BANKNIFTY-II.NFO,10/12/2024,09:15:51,53924.3,53922.25,45,53944.85,60,0,376365
BANKNIFTY-II.NFO,10/12/2024,09:15:52,53924.3,53919.5,60,53935,15,15,376365
BANKNIFTY-II.NFO,10/12/2024,09:15:54,53924.3,53923.1,45,53935,15,0,376365
BANKNIFTY-II.NFO,10/12/2024,09:15:56,53950,53950,15,53953.9,60,45,376365
BANKNIFTY-II.NFO,10/12/2024,09:15:57,53938.9,53936.1,15,53950,30,30,376365
BANKNIFTY-II.NFO,10/12/2024,09:15:59,53940,53938.6,15,53950,30,15,376365
BANKNIFTY-II.NFO,10/12/2024,09:16:01,53940,53926.35,15,53949,30,0,376365
BANKNIFTY-II.NFO,10/12/2024,09:16:02,53933.1,53930.9,30,53950,30,15,376365
BANKNIFTY-II.NFO,10/12/2024,09:16:04,53950,53940,15,53949.95,60,15,376365
BANKNIFTY-II.NFO,10/12/2024,09:16:05,53950,53936.5,45,53957.35,75,60,376365
BANKNIFTY-II.NFO,10/12/2024,09:16:07,53950,53938.9,105,53949.95,60,0,376365
BANKNIFTY-II.NFO,10/12/2024,09:16:09,53938.9,53919.55,45,53941.9,75,105,376365
BANKNIFTY-II.NFO,10/12/2024,09:16:10,53942.6,53925.25,60,53949.65,15,60,376365
BANKNIFTY-II.NFO,10/12/2024,09:16:12,53925.05,53920.15,60,53928.75,15,15,376365
BANKNIFTY-II.NFO,10/12/2024,09:16:14,53920.15,53924.25,90,53945.1,45,15,376365
BANKNIFTY-II.NFO,10/12/2024,09:16:15,53920.15,53924.75,60,53948.9,45,0,376365
BANKNIFTY-II.NFO,10/12/2024,09:16:17,53920.15,53922.35,60,53947.7,45,0,376365
BANKNIFTY-II.NFO,10/12/2024,09:16:19,53926.45,53926.2,60,53949.85,45,15,376365
BANKNIFTY-II.NFO,10/12/2024,09:16:20,53926.15,53925,90,53944.25,45,15,376365
BANKNIFTY-II.NFO,10/12/2024,09:16:22,53949.5,53929.35,60,53949.95,30,60,376365
BANKNIFTY-II.NFO,10/12/2024,09:16:23,53949.95,53926.6,60,53949,15,45,376365
BANKNIFTY-II.NFO,10/12/2024,09:16:25,53924,53924,60,53948.3,15,30,376365
BANKNIFTY-II.NFO,10/12/2024,09:16:27,53924,53920.5,60,53940.6,15,0,376365
BANKNIFTY-II.NFO,10/12/2024,09:16:28,53916.4,53910.8,60,53932.15,30,15,376365
BANKNIFTY-II.NFO,10/12/2024,09:16:30,53938.55,53916.85,60,53938.8,30,45,376365
BANKNIFTY-II.NFO,10/12/2024,09:16:31,53938.55,53922.6,60,53944.85,30,0,376365
BANKNIFTY-II.NFO,10/12/2024,09:16:33,53938.55,53933.5,60,53949.95,15,0,376365
BANKNIFTY-II.NFO,10/12/2024,09:16:35,53938.55,53927.35,60,53948.6,15,0,376365
BANKNIFTY-II.NFO,10/12/2024,09:16:36,53938.55,53930.5,60,53949.95,15,0,376365
BANKNIFTY-II.NFO,10/12/2024,09:16:38,53938.55,53934.55,60,53949.95,15,0,376365
BANKNIFTY-II.NFO,10/12/2024,09:16:40,53934.55,53934.1,75,53938.55,30,15,376365
BANKNIFTY-II.NFO,10/12/2024,09:16:41,53938.55,53931.1,105,53949.9,30,45,376365
BANKNIFTY-II.NFO,10/12/2024,09:16:43,53950,53938.05,75,53958.55,45,30,376365
BANKNIFTY-II.NFO,10/12/2024,09:16:44,53950,53939.05,30,53955.95,30,0,376365
BANKNIFTY-II.NFO,10/12/2024,09:16:46,53930.55,53930.95,75,53952.5,60,15,376365
BANKNIFTY-II.NFO,10/12/2024,09:16:48,53930.55,53929.1,30,53949.95,45,0,376365
BANKNIFTY-II.NFO,10/12/2024,09:16:49,53930.55,53929.45,75,53949.4,45,0,376365
BANKNIFTY-II.NFO,10/12/2024,09:16:51,53949.95,53929.7,60,53949.95,30,15,376365
BANKNIFTY-II.NFO,10/12/2024,09:16:53,53949.95,53929.75,60,53949.95,30,0,376365
BANKNIFTY-II.NFO,10/12/2024,09:16:54,53949.95,53930.65,75,53949.95,30,0,376365
BANKNIFTY-II.NFO,10/12/2024,09:16:56,53949.95,53929.2,60,53949.8,30,0,376365
BANKNIFTY-II.NFO,10/12/2024,09:16:58,53945.85,53917.35,60,53939.15,30,15,376365
BANKNIFTY-II.NFO,10/12/2024,09:16:59,53945.85,53922.1,60,53942.55,15,0,376365
BANKNIFTY-II.NFO,10/12/2024,09:17:01,53945.85,53914.4,60,53935.55,15,0,376365
BANKNIFTY-II.NFO,10/12/2024,09:17:03,53945.85,53923.65,15,53937.4,30,0,376365
BANKNIFTY-II.NFO,10/12/2024,09:17:04,53936.75,53905.05,15,53921.45,165,30,376365
BANKNIFTY-II.NFO,10/12/2024,09:17:06,53908.65,53905.1,75,53924.9,45,30,376365
BANKNIFTY-II.NFO,10/12/2024,09:17:07,53905.1,53905.1,75,53923.55,60,45,376365
BANKNIFTY-II.NFO,10/12/2024,09:17:09,53905.1,53905.05,15,53922.7,60,0,376365
BANKNIFTY-II.NFO,10/12/2024,09:17:11,53905.1,53905.05,15,53917.2,45,0,376365
BANKNIFTY-II.NFO,10/12/2024,09:17:12,53905.1,53905.05,15,53917.45,60,0,376365
BANKNIFTY-II.NFO,10/12/2024,09:17:14,53914.35,53905.05,15,53912.95,45,15,376365
BANKNIFTY-II.NFO,10/12/2024,09:17:16,53905.05,53905,15,53909.8,30,15,376365
BANKNIFTY-II.NFO,10/12/2024,09:17:17,53900,53892.2,60,53912.65,45,30,376365
BANKNIFTY-II.NFO,10/12/2024,09:17:19,53900,53896.55,60,53914.45,30,0,376365
BANKNIFTY-II.NFO,10/12/2024,09:17:21,53900,53900.8,60,53918.5,45,0,376365
BANKNIFTY-II.NFO,10/12/2024,09:17:22,53918.5,53899.5,60,53917.65,30,30,376365
BANKNIFTY-II.NFO,10/12/2024,09:17:24,53902.05,53902.05,75,53919.95,75,30,376365
BANKNIFTY-II.NFO,10/12/2024,09:17:26,53902.05,53904.95,75,53918.5,180,0,376365
BANKNIFTY-II.NFO,10/12/2024,09:17:27,53902.05,53900.9,75,53918.5,195,0,376365
BANKNIFTY-II.NFO,10/12/2024,09:17:29,53914,53900.5,90,53918.5,195,15,376365
BANKNIFTY-II.NFO,10/12/2024,09:17:31,53914,53901.35,90,53917.95,60,0,376365
BANKNIFTY-II.NFO,10/12/2024,09:17:32,53914,53900.75,60,53917.95,75,0,376365
BANKNIFTY-II.NFO,10/12/2024,09:17:34,53901.65,53896.1,105,53915.05,15,15,376365
BANKNIFTY-II.NFO,10/12/2024,09:17:36,53896.1,53896.1,90,53917.9,60,15,376365
BANKNIFTY-II.NFO,10/12/2024,09:17:37,53896.1,53899.85,45,53917.95,15,0,376365
BANKNIFTY-II.NFO,10/12/2024,09:17:39,53898.2,53898.35,150,53917.9,60,150,376365
BANKNIFTY-II.NFO,10/12/2024,09:17:41,53898.2,53900.75,15,53918,30,0,376365
BANKNIFTY-II.NFO,10/12/2024,09:17:42,53898.2,53906.55,15,53918,15,0,376365
BANKNIFTY-II.NFO,10/12/2024,09:17:44,53908.35,53911.25,150,53918,15,15,376365
BANKNIFTY-II.NFO,10/12/2024,09:17:46,53910.7,53913.15,150,53918,15,15,376365
BANKNIFTY-II.NFO,10/12/2024,09:17:47,53918.5,53913.95,15,53934,60,45,376365
BANKNIFTY-II.NFO,10/12/2024,09:17:49,53918.5,53911.35,15,53932.25,75,0,376365
BANKNIFTY-II.NFO,10/12/2024,09:17:51,53932.25,53910.6,30,53930.75,60,30,376365
BANKNIFTY-II.NFO,10/12/2024,09:17:52,53932.25,53906.65,60,53926,60,0,376365
BANKNIFTY-II.NFO,10/12/2024,09:17:54,53932.25,53904,60,53925.25,60,0,376365
BANKNIFTY-II.NFO,10/12/2024,09:17:56,53904.3,53905.3,45,53926,60,15,376365
BANKNIFTY-II.NFO,10/12/2024,09:17:57,53904.3,53908.65,45,53929.95,60,0,376365
BANKNIFTY-II.NFO,10/12/2024,09:17:59,53909.25,53909.25,180,53929.9,60,60,376365
BANKNIFTY-II.NFO,10/12/2024,09:18:01,53909.25,53911.3,45,53929.95,60,0,376365
BANKNIFTY-II.NFO,10/12/2024,09:18:02,53911.3,53912.2,180,53930,60,15,376365
BANKNIFTY-II.NFO,10/12/2024,09:18:04,53911.3,53916.25,150,53930,60,0,376365
BANKNIFTY-II.NFO,10/12/2024,09:18:06,53917.35,53918.8,15,53930,30,30,376365
BANKNIFTY-II.NFO,10/12/2024,09:18:07,53917.35,53920.5,15,53930,30,0,376365
BANKNIFTY-II.NFO,10/12/2024,09:18:09,53923.35,53923.05,75,53930,30,15,376365
BANKNIFTY-II.NFO,10/12/2024,09:18:11,53923.35,53924,15,53930,30,0,376365
BANKNIFTY-II.NFO,10/12/2024,09:18:12,53923.35,53925.7,75,53930,30,0,376365
BANKNIFTY-II.NFO,10/12/2024,09:18:14,53949.95,53931.65,45,53949.95,60,60,376365
BANKNIFTY-II.NFO,10/12/2024,09:18:16,53949.95,53946,15,53949.95,60,0,376365
BANKNIFTY-II.NFO,10/12/2024,09:18:17,53950,53929.7,15,53948.95,60,30,376365
BANKNIFTY-II.NFO,10/12/2024,09:18:19,53950,53931.65,15,53947.45,30,0,376365
BANKNIFTY-II.NFO,10/12/2024,09:18:21,53950,53928.6,45,53949.15,75,0,376365
BANKNIFTY-II.NFO,10/12/2024,09:18:22,53950,53929,15,53948.55,60,0,376365
BANKNIFTY-II.NFO,10/12/2024,09:18:24,53943.9,53926.9,45,53947.35,60,30,376365
BANKNIFTY-II.NFO,10/12/2024,09:18:26,53943.9,53925.05,45,53945.6,90,0,376365
BANKNIFTY-II.NFO,10/12/2024,09:18:27,53943.9,53927.75,45,53947.95,60,0,376365
BANKNIFTY-II.NFO,10/12/2024,09:18:29,53943.9,53924.85,45,53945.05,75,0,376365
BANKNIFTY-II.NFO,10/12/2024,09:18:31,53943.9,53920.15,75,53940.8,60,0,376365
BANKNIFTY-II.NFO,10/12/2024,09:18:32,53943.9,53919.5,45,53943.65,60,0,376365
BANKNIFTY-II.NFO,10/12/2024,09:18:34,53943.9,53918.45,45,53938.8,90,0,376365
BANKNIFTY-II.NFO,10/12/2024,09:18:36,53943.9,53918.9,75,53939.45,60,0,376365
BANKNIFTY-II.NFO,10/12/2024,09:18:37,53943.9,53918.9,75,53938.95,75,0,376365
BANKNIFTY-II.NFO,10/12/2024,09:18:39,53943.9,53921.15,75,53938.95,60,0,376365
BANKNIFTY-II.NFO,10/12/2024,09:18:41,53943.9,53921.4,45,53938.95,75,0,376365
BANKNIFTY-II.NFO,10/12/2024,09:18:42,53943.9,53921.45,45,53938.95,60,0,376365
BANKNIFTY-II.NFO,10/12/2024,09:18:44,53943.9,53919.8,45,53938.85,75,0,376365
BANKNIFTY-II.NFO,10/12/2024,09:18:46,53943.9,53923.15,195,53935,30,0,376365
BANKNIFTY-II.NFO,10/12/2024,09:18:47,53943.9,53924.6,45,53935,30,0,376365
BANKNIFTY-II.NFO,10/12/2024,09:18:49,53943.9,53926.95,45,53938.75,30,0,376365
BANKNIFTY-II.NFO,10/12/2024,09:18:51,53943.9,53923.25,45,53938.7,90,0,376365
BANKNIFTY-II.NFO,10/12/2024,09:18:52,53943.9,53921.8,45,53938.7,75,0,376365
BANKNIFTY-II.NFO,10/12/2024,09:18:54,53943.9,53915.45,45,53936.85,60,0,376365
BANKNIFTY-II.NFO,10/12/2024,09:18:56,53943.9,53915.8,45,53935.3,60,0,376365
BANKNIFTY-II.NFO,10/12/2024,09:18:57,53943.9,53919.7,75,53941.35,60,0,376365
BANKNIFTY-II.NFO,10/12/2024,09:18:59,53943.9,53914.65,75,53934.95,75,0,376365
BANKNIFTY-II.NFO,10/12/2024,09:19:01,53943.9,53910.45,75,53932.65,75,0,376365
BANKNIFTY-II.NFO,10/12/2024,09:19:02,53943.9,53911,45,53932.15,60,0,376365
BANKNIFTY-II.NFO,10/12/2024,09:19:04,53943.9,53909.2,45,53929.2,60,0,376365
BANKNIFTY-II.NFO,10/12/2024,09:19:06,53943.9,53911.2,75,53929.95,60,0,376365
BANKNIFTY-II.NFO,10/12/2024,09:19:07,53943.9,53920,15,53929.95,75,0,376365
BANKNIFTY-II.NFO,10/12/2024,09:19:11,53943.9,53920,15,53929.75,60,0,376365
BANKNIFTY-II.NFO,10/12/2024,09:19:12,53943.9,53920,15,53931.3,60,0,376365
BANKNIFTY-II.NFO,10/12/2024,09:19:14,53943.9,53920,15,53928.35,60,0,376365
BANKNIFTY-II.NFO,10/12/2024,09:19:16,53920,53908.35,15,53919,15,15,376830
BANKNIFTY-II.NFO,10/12/2024,09:19:17,53920,53908.35,15,53918.95,75,0,376830
BANKNIFTY-II.NFO,10/12/2024,09:19:19,53920,53908.35,15,53918.65,75,0,376830
BANKNIFTY-II.NFO,10/12/2024,09:19:21,53920,53908.35,15,53914.2,30,0,376830
BANKNIFTY-II.NFO,10/12/2024,09:19:22,53912.4,53908.35,15,53913.65,90,15,376830
BANKNIFTY-II.NFO,10/12/2024,09:19:24,53912.4,53908.35,15,53913.35,75,0,376830
BANKNIFTY-II.NFO,10/12/2024,09:19:26,53908.35,53900,75,53908.95,60,15,376830
BANKNIFTY-II.NFO,10/12/2024,09:19:27,53900,53900,45,53914.3,60,30,376830
BANKNIFTY-II.NFO,10/12/2024,09:19:29,53900.05,53900.05,90,53917.7,60,15,376830
BANKNIFTY-II.NFO,10/12/2024,09:19:31,53901.7,53903.6,60,53918.7,30,15,376830
BANKNIFTY-II.NFO,10/12/2024,09:19:32,53901.7,53900.7,30,53918.65,75,0,376830
BANKNIFTY-II.NFO,10/12/2024,09:19:34,53901.7,53900.05,75,53918.65,75,0,376830
BANKNIFTY-II.NFO,10/12/2024,09:19:36,53901.7,53900,75,53900.35,15,0,376830
BANKNIFTY-II.NFO,10/12/2024,09:19:37,53901.7,53900.05,30,53900.35,15,0,376830
BANKNIFTY-II.NFO,10/12/2024,09:19:39,53900.35,53904.3,60,53918.7,30,15,376830
BANKNIFTY-II.NFO,10/12/2024,09:19:41,53900.35,53907.05,225,53918.7,30,0,376830
BANKNIFTY-II.NFO,10/12/2024,09:19:42,53900.35,53908.75,75,53928.65,60,0,376830
BANKNIFTY-II.NFO,10/12/2024,09:19:46,53937.3,53920.4,90,53939.4,60,15,376830
BANKNIFTY-II.NFO,10/12/2024,09:19:47,53937.3,53914.1,60,53933.8,75,0,376830
BANKNIFTY-II.NFO,10/12/2024,09:19:49,53914.6,53910.25,45,53931.9,60,45,376830
BANKNIFTY-II.NFO,10/12/2024,09:19:51,53914.6,53905.25,30,53923.5,60,0,376830
BANKNIFTY-II.NFO,10/12/2024,09:19:52,53905.25,53901.7,15,53920.25,60,15,376830
BANKNIFTY-II.NFO,10/12/2024,09:19:54,53901.75,53901.7,15,53919.8,60,15,376830
BANKNIFTY-II.NFO,10/12/2024,09:19:56,53901.75,53901.7,60,53922.5,60,0,376830
BANKNIFTY-II.NFO,10/12/2024,09:19:57,53901.75,53901.7,60,53918.95,75,0,376830
BANKNIFTY-II.NFO,10/12/2024,09:19:59,53901.75,53901.7,15,53917.75,60,0,376830
BANKNIFTY-II.NFO,10/12/2024,09:20:01,53901.75,53901.7,15,53914,75,0,376830
BANKNIFTY-II.NFO,10/12/2024,09:20:02,53901.75,53901.75,15,53913.8,60,0,376830
BANKNIFTY-II.NFO,10/12/2024,09:20:04,53900,53900,75,53905,30,45,376830
BANKNIFTY-II.NFO,10/12/2024,09:20:06,53900,53888.55,15,53895.15,60,75,376830
BANKNIFTY-II.NFO,10/12/2024,09:20:07,53900,53888.55,15,53899.5,60,0,376830
BANKNIFTY-II.NFO,10/12/2024,09:20:09,53900,53888.55,60,53905,30,0,376830
BANKNIFTY-II.NFO,10/12/2024,09:20:11,53900,53888.55,15,53903.2,60,0,376830
BANKNIFTY-II.NFO,10/12/2024,09:20:12,53900,53888.55,15,53899.55,60,0,376830
BANKNIFTY-II.NFO,10/12/2024,09:20:14,53900,53888.55,15,53899.85,30,0,376830
BANKNIFTY-II.NFO,10/12/2024,09:20:16,53900,53889.2,45,53900,15,0,376830
BANKNIFTY-II.NFO,10/12/2024,09:20:17,53900,53890.5,180,53899,30,0,376830
BANKNIFTY-II.NFO,10/12/2024,09:20:19,53900,53900,30,53912.15,60,45,376830
BANKNIFTY-II.NFO,10/12/2024,09:20:21,53900,53900,30,53914.55,75,0,376830
BANKNIFTY-II.NFO,10/12/2024,09:20:22,53900,53900,30,53912.65,90,0,376830
BANKNIFTY-II.NFO,10/12/2024,09:20:24,53900,53900,30,53902.65,105,0,376830
BANKNIFTY-II.NFO,10/12/2024,09:20:26,53900,53897.45,30,53900,30,30,376830
BANKNIFTY-II.NFO,10/12/2024,09:20:27,53900,53897.45,30,53900,30,0,376830
BANKNIFTY-II.NFO,10/12/2024,09:20:29,53900,53897.45,30,53906.5,90,0,376830
BANKNIFTY-II.NFO,10/12/2024,09:20:31,53900,53900,15,53903.25,75,0,376830
BANKNIFTY-II.NFO,10/12/2024,09:20:32,53897.45,53897.45,15,53901.15,75,45,376830
BANKNIFTY-II.NFO,10/12/2024,09:20:34,53897.45,53888.55,15,53900,15,15,376830
BANKNIFTY-II.NFO,10/12/2024,09:20:36,53888.55,53879.35,60,53898.95,75,15,376830
BANKNIFTY-II.NFO,10/12/2024,09:20:37,53888.55,53884.5,45,53899,30,0,376830
BANKNIFTY-II.NFO,10/12/2024,09:20:39,53888.55,53883.4,15,53898.95,60,0,376830
BANKNIFTY-II.NFO,10/12/2024,09:20:41,53888.55,53883.4,45,53898.8,75,0,376830
BANKNIFTY-II.NFO,10/12/2024,09:20:42,53888.55,53883.4,45,53898.85,30,0,376830
BANKNIFTY-II.NFO,10/12/2024,09:20:44,53888.55,53883.4,45,53898.85,45,0,376830
BANKNIFTY-II.NFO,10/12/2024,09:20:46,53888.55,53879.35,45,53898.05,60,0,376830
BANKNIFTY-II.NFO,10/12/2024,09:20:47,53888.55,53875.8,45,53897.5,60,0,376830
BANKNIFTY-II.NFO,10/12/2024,09:20:49,53888.55,53874.7,30,53893.6,60,0,376830
BANKNIFTY-II.NFO,10/12/2024,09:20:51,53888.55,53875.3,30,53893.2,60,0,376830
BANKNIFTY-II.NFO,10/12/2024,09:20:52,53888.55,53875.3,60,53895.55,60,0,376830
BANKNIFTY-II.NFO,10/12/2024,09:20:54,53888.55,53876.3,45,53898.5,75,0,376830
BANKNIFTY-II.NFO,10/12/2024,09:20:55,53888.55,53880.25,45,53898.95,15,0,376830
BANKNIFTY-II.NFO,10/12/2024,09:20:57,53888.55,53883.15,45,53899,30,0,376830
BANKNIFTY-II.NFO,10/12/2024,09:20:59,53888.55,53884,60,53899,30,0,376830
BANKNIFTY-II.NFO,10/12/2024,09:21:00,53884,53878.65,45,53899.95,75,15,376830
BANKNIFTY-II.NFO,10/12/2024,09:21:02,53884,53882.1,45,53900,15,0,376830
BANKNIFTY-II.NFO,10/12/2024,09:21:04,53884,53882.25,45,53899,15,0,376830
BANKNIFTY-II.NFO,10/12/2024,09:21:05,53884,53888.55,900,53899,15,0,376830
BANKNIFTY-II.NFO,10/12/2024,09:21:07,53884,53888.55,900,53898.95,75,0,376830
BANKNIFTY-II.NFO,10/12/2024,09:21:09,53884,53888.55,900,53898.85,60,0,376830
BANKNIFTY-II.NFO,10/12/2024,09:21:10,53884,53888.55,900,53901.05,75,0,376830
BANKNIFTY-II.NFO,10/12/2024,09:21:12,53884,53888.55,930,53901.1,15,0,376830
BANKNIFTY-II.NFO,10/12/2024,09:21:15,53888.55,53888.55,915,53901.1,15,15,376830
BANKNIFTY-II.NFO,10/12/2024,09:21:17,53888.55,53888.55,915,53900,15,0,376830
BANKNIFTY-II.NFO,10/12/2024,09:21:18,53900,53888.55,930,53901.1,15,15,376830
BANKNIFTY-II.NFO,10/12/2024,09:21:20,53901.1,53894.65,15,53909,30,45,376830
BANKNIFTY-II.NFO,10/12/2024,09:21:22,53901.1,53895.2,15,53914.8,135,0,376830
BANKNIFTY-II.NFO,10/12/2024,09:21:23,53901.1,53896.15,15,53914.8,75,0,376830
BANKNIFTY-II.NFO,10/12/2024,09:21:25,53901.1,53899.45,15,53914.85,30,0,376830
BANKNIFTY-II.NFO,10/12/2024,09:21:27,53901.1,53900.2,15,53923.9,60,0,376830
BANKNIFTY-II.NFO,10/12/2024,09:21:28,53922.9,53901.25,30,53924.45,60,15,376830
BANKNIFTY-II.NFO,10/12/2024,09:21:30,53922.9,53906.65,15,53925,15,0,376830
BANKNIFTY-II.NFO,10/12/2024,09:21:32,53922.9,53907.8,15,53925,15,0,376830
BANKNIFTY-II.NFO,10/12/2024,09:21:33,53922.9,53909.7,15,53924,30,0,376830
BANKNIFTY-II.NFO,10/12/2024,09:21:35,53922.9,53906.65,15,53924,30,0,376830
BANKNIFTY-II.NFO,10/12/2024,09:21:37,53902.9,53903.35,15,53923.95,75,15,376830
BANKNIFTY-II.NFO,10/12/2024,09:21:38,53902.9,53907,15,53923.95,75,0,376830
BANKNIFTY-II.NFO,10/12/2024,09:21:40,53902.9,53905.65,30,53923.95,75,0,376830
BANKNIFTY-II.NFO,10/12/2024,09:21:42,53902.9,53907.35,30,53924,30,0,376830
BANKNIFTY-II.NFO,10/12/2024,09:21:43,53909.6,53910.45,15,53924,30,15,376830
BANKNIFTY-II.NFO,10/12/2024,09:21:45,53911.7,53905.1,90,53923.95,75,15,377010
BANKNIFTY-II.NFO,10/12/2024,09:21:47,53911.7,53910.8,30,53924,30,0,377010
BANKNIFTY-II.NFO,10/12/2024,09:21:48,53911.7,53911.1,15,53925,15,0,377010
BANKNIFTY-II.NFO,10/12/2024,09:21:50,53911.7,53914.25,30,53925,15,0,377010
BANKNIFTY-II.NFO,10/12/2024,09:21:52,53911.7,53918.65,15,53925,15,0,377010
BANKNIFTY-II.NFO,10/12/2024,09:21:53,53915.45,53915.6,75,53925,15,15,377010
BANKNIFTY-II.NFO,10/12/2024,09:21:55,53915.45,53914.8,15,53925,15,0,377010
BANKNIFTY-II.NFO,10/12/2024,09:21:57,53915.45,53913.1,75,53925,15,0,377010
BANKNIFTY-II.NFO,10/12/2024,09:21:58,53915.45,53913.25,150,53925,15,0,377010
BANKNIFTY-II.NFO,10/12/2024,09:22:00,53914.65,53914.35,30,53925,15,15,377010
BANKNIFTY-II.NFO,10/12/2024,09:22:02,53914.65,53914.95,30,53925,15,0,377010
BANKNIFTY-II.NFO,10/12/2024,09:22:03,53914.65,53912.9,15,53925,15,0,377010
BANKNIFTY-II.NFO,10/12/2024,09:22:05,53914.65,53912.75,75,53925,15,0,377010
BANKNIFTY-II.NFO,10/12/2024,09:22:07,53914.65,53911.2,30,53925,15,0,377010
BANKNIFTY-II.NFO,10/12/2024,09:22:08,53914.65,53910.75,15,53925,15,0,377010
BANKNIFTY-II.NFO,10/12/2024,09:22:10,53912.9,53908.5,15,53912.9,30,15,377010
BANKNIFTY-II.NFO,10/12/2024,09:22:12,53912.9,53905.6,15,53912.9,30,0,377010
BANKNIFTY-II.NFO,10/12/2024,09:22:13,53912.9,53905.8,150,53912.9,30,0,377010
BANKNIFTY-II.NFO,10/12/2024,09:22:15,53912.9,53914.65,90,53924.75,60,30,377010
BANKNIFTY-II.NFO,10/12/2024,09:22:17,53912.9,53914.65,90,53924,30,0,377010
BANKNIFTY-II.NFO,10/12/2024,09:22:20,53919.05,53918.55,150,53924,30,30,377010
BANKNIFTY-II.NFO,10/12/2024,09:22:22,53919.05,53919.95,75,53925,30,0,377010
BANKNIFTY-II.NFO,10/12/2024,09:22:23,53925,53921.25,75,53925,15,15,377010
BANKNIFTY-II.NFO,10/12/2024,09:22:25,53925,53919.2,150,53925,15,0,377010
BANKNIFTY-II.NFO,10/12/2024,09:22:27,53925,53921.9,75,53930,300,15,377010
BANKNIFTY-II.NFO,10/12/2024,09:22:28,53930,53925.2,150,53930,285,15,377010
BANKNIFTY-II.NFO,10/12/2024,09:22:30,53930,53924.75,75,53930,285,0,377010
BANKNIFTY-II.NFO,10/12/2024,09:22:32,53930,53925.3,75,53930,255,30,377010
BANKNIFTY-II.NFO,10/12/2024,09:22:33,53930,53926.85,150,53930,255,0,377010
BANKNIFTY-II.NFO,10/12/2024,09:22:35,53930,53929.1,30,53930,225,30,377010
BANKNIFTY-II.NFO,10/12/2024,09:22:37,53935,53933.8,75,53935,30,255,377010
BANKNIFTY-II.NFO,10/12/2024,09:22:38,53940,53938.7,150,53943.9,15,60,377010
BANKNIFTY-II.NFO,10/12/2024,09:22:40,53937.85,53934.4,30,53943.9,15,150,377010
BANKNIFTY-II.NFO,10/12/2024,09:22:42,53937.85,53938.75,150,53943.9,15,0,377010
BANKNIFTY-II.NFO,10/12/2024,09:22:43,53937.85,53940.65,75,53943.9,15,0,377010
BANKNIFTY-II.NFO,10/12/2024,09:22:45,53943.9,53946.75,150,53949,75,15,377010
BANKNIFTY-II.NFO,10/12/2024,09:22:47,53949,53949,15,53950,195,75,377010
BANKNIFTY-II.NFO,10/12/2024,09:22:48,53950,53943.9,60,53950,180,15,377010
BANKNIFTY-II.NFO,10/12/2024,09:22:50,53950,53943.9,60,53950,165,15,377010
BANKNIFTY-II.NFO,10/12/2024,09:22:52,53950,53943.9,60,53949.95,60,0,377010
BANKNIFTY-II.NFO,10/12/2024,09:22:53,53949.95,53943.9,60,53949.95,60,15,377010
BANKNIFTY-II.NFO,10/12/2024,09:22:55,53949.95,53945,15,53949.95,60,45,377010
BANKNIFTY-II.NFO,10/12/2024,09:22:57,53949.95,53943.9,15,53949.95,15,60,377010
BANKNIFTY-II.NFO,10/12/2024,09:22:58,53949.95,53945,15,53949.7,30,0,377010
BANKNIFTY-II.NFO,10/12/2024,09:23:00,53943.9,53937.85,60,53944.8,30,30,377010
BANKNIFTY-II.NFO,10/12/2024,09:23:02,53943.9,53937.85,60,53944.75,30,0,377010
BANKNIFTY-II.NFO,10/12/2024,09:23:03,53937.85,53928.05,15,53940.8,30,60,377010
BANKNIFTY-II.NFO,10/12/2024,09:23:05,53937.85,53932.05,15,53939.95,30,0,377010
BANKNIFTY-II.NFO,10/12/2024,09:23:07,53937.85,53936.05,15,53942.25,15,0,377010
BANKNIFTY-II.NFO,10/12/2024,09:23:08,53925,53924.05,15,53936.85,45,105,377010
BANKNIFTY-II.NFO,10/12/2024,09:23:10,53925,53922.05,15,53935,15,0,377010
BANKNIFTY-II.NFO,10/12/2024,09:23:12,53925,53912.05,30,53932,30,0,377010
BANKNIFTY-II.NFO,10/12/2024,09:23:13,53925,53914.05,30,53931.85,30,0,377010
BANKNIFTY-II.NFO,10/12/2024,09:23:15,53925,53914.05,15,53930.9,30,0,377010
BANKNIFTY-II.NFO,10/12/2024,09:23:17,53925,53910,150,53925.85,30,0,377010
BANKNIFTY-II.NFO,10/12/2024,09:23:18,53925,53910.05,30,53926.6,30,0,377010
BANKNIFTY-II.NFO,10/12/2024,09:23:20,53925,53912.05,15,53926.05,30,0,377010
BANKNIFTY-II.NFO,10/12/2024,09:23:22,53925,53912.05,15,53926,15,0,377010
BANKNIFTY-II.NFO,10/12/2024,09:23:23,53925,53910,150,53925.1,15,0,377010
BANKNIFTY-II.NFO,10/12/2024,09:23:27,53925,53910.1,60,53926.55,30,0,377010
BANKNIFTY-II.NFO,10/12/2024,09:23:30,53925,53914.1,60,53926.6,90,0,377010
BANKNIFTY-II.NFO,10/12/2024,09:23:32,53925,53912.1,75,53924,15,0,377010
BANKNIFTY-II.NFO,10/12/2024,09:23:33,53925,53910.1,60,53924,15,0,377010
BANKNIFTY-II.NFO,10/12/2024,09:23:37,53925,53910.05,60,53923.95,30,0,377010
BANKNIFTY-II.NFO,10/12/2024,09:23:38,53925,53910.05,60,53923.95,15,0,377010
BANKNIFTY-II.NFO,10/12/2024,09:23:40,53925.35,53910.05,75,53926.55,30,75,377010
BANKNIFTY-II.NFO,10/12/2024,09:23:42,53925.35,53918.05,15,53926.4,60,0,377010
BANKNIFTY-II.NFO,10/12/2024,09:23:43,53925.35,53920.05,15,53933.4,30,0,377010
BANKNIFTY-II.NFO,10/12/2024,09:23:45,53925.35,53916.1,60,53932.15,15,0,377010
BANKNIFTY-II.NFO,10/12/2024,09:23:47,53925.35,53920.05,15,53934.85,30,0,377010
BANKNIFTY-II.NFO,10/12/2024,09:23:48,53925.35,53918.1,60,53933.6,15,0,377010
BANKNIFTY-II.NFO,10/12/2024,09:23:50,53925.35,53918.1,60,53934.15,30,0,377010
BANKNIFTY-II.NFO,10/12/2024,09:23:52,53925.35,53922.05,15,53934,30,0,377010
BANKNIFTY-II.NFO,10/12/2024,09:23:53,53925.35,53924.05,15,53931.95,30,0,377010
BANKNIFTY-II.NFO,10/12/2024,09:23:55,53925.35,53922.05,15,53931.2,30,0,377010
BANKNIFTY-II.NFO,10/12/2024,09:23:56,53931.25,53922.05,15,53930,15,30,377010
BANKNIFTY-II.NFO,10/12/2024,09:23:58,53931.25,53922.05,15,53930,15,0,377010
BANKNIFTY-II.NFO,10/12/2024,09:24:00,53922.05,53920.05,60,53922.05,15,15,377010
BANKNIFTY-II.NFO,10/12/2024,09:24:01,53930,53928.1,60,53944.1,15,30,377010
BANKNIFTY-II.NFO,10/12/2024,09:24:03,53944.1,53930.05,15,53943.65,15,15,377010
BANKNIFTY-II.NFO,10/12/2024,09:24:05,53944.1,53934.05,15,53946.15,15,0,377010
BANKNIFTY-II.NFO,10/12/2024,09:24:06,53932.05,53930.05,15,53940.4,75,15,377010
BANKNIFTY-II.NFO,10/12/2024,09:24:08,53930.05,53930.05,15,53936.75,75,15,377010
BANKNIFTY-II.NFO,10/12/2024,09:24:10,53930.05,53926.05,15,53933.2,75,0,377010
BANKNIFTY-II.NFO,10/12/2024,09:24:11,53930.05,53926.05,15,53932.25,75,0,377010
BANKNIFTY-II.NFO,10/12/2024,09:24:13,53930.05,53926.05,15,53931.25,300,0,377010
BANKNIFTY-II.NFO,10/12/2024,09:24:16,53930.05,53924.1,60,53931.25,300,0,377010
BANKNIFTY-II.NFO,10/12/2024,09:24:18,53930.05,53924.1,75,53931.25,300,0,377010
BANKNIFTY-II.NFO,10/12/2024,09:24:19,53930.05,53922.65,60,53931.25,300,0,377010
BANKNIFTY-II.NFO,10/12/2024,09:24:21,53930.05,53923.65,75,53931.25,300,0,377010
BANKNIFTY-II.NFO,10/12/2024,09:24:23,53930.05,53924.65,75,53931.25,300,0,377010
BANKNIFTY-II.NFO,10/12/2024,09:24:24,53930.05,53925.5,75,53931.25,300,0,377010
BANKNIFTY-II.NFO,10/12/2024,09:24:26,53926.05,53926.35,75,53931.25,300,15,377010
BANKNIFTY-II.NFO,10/12/2024,09:24:28,53931.25,53940.05,15,53950,180,300,377010
BANKNIFTY-II.NFO,10/12/2024,09:24:29,53938.05,53938.05,15,53948,15,30,377010
BANKNIFTY-II.NFO,10/12/2024,09:24:31,53938.05,53938.05,15,53947.4,75,0,377010
BANKNIFTY-II.NFO,10/12/2024,09:24:33,53938.05,53934.05,15,53941.45,30,0,377010
BANKNIFTY-II.NFO,10/12/2024,09:24:34,53938.05,53934.05,15,53944.15,15,0,377010
BANKNIFTY-II.NFO,10/12/2024,09:24:36,53938.05,53936.05,15,53945.15,15,0,377010
BANKNIFTY-II.NFO,10/12/2024,09:24:38,53938.05,53934.05,15,53944.5,15,0,377010
BANKNIFTY-II.NFO,10/12/2024,09:24:40,53938.05,53936.05,15,53944.3,75,0,377010
BANKNIFTY-II.NFO,10/12/2024,09:24:41,53938.05,53938.05,15,53949,15,0,377010
BANKNIFTY-II.NFO,10/12/2024,09:24:43,53949.45,53940.05,15,53949.55,75,15,377010
BANKNIFTY-II.NFO,10/12/2024,09:24:45,53950,53936.1,75,53950,180,15,377010
BANKNIFTY-II.NFO,10/12/2024,09:24:46,53950,53936.05,15,53947.15,15,0,377010
BANKNIFTY-II.NFO,10/12/2024,09:24:48,53950,53934.05,15,53947,15,0,377010
BANKNIFTY-II.NFO,10/12/2024,09:24:50,53950,53930.05,15,53943.9,15,0,377010
BANKNIFTY-II.NFO,10/12/2024,09:24:51,53950,53930.05,15,53947,15,0,377010
BANKNIFTY-II.NFO,10/12/2024,09:24:53,53950,53932.05,15,53949.45,15,0,377010
BANKNIFTY-II.NFO,10/12/2024,09:24:55,53950,53932.1,60,53948.7,15,0,377010
BANKNIFTY-II.NFO,10/12/2024,09:24:56,53946.1,53930,15,53943.1,75,30,377175
BANKNIFTY-II.NFO,10/12/2024,09:24:58,53946.1,53930,15,53940.4,75,0,377175
BANKNIFTY-II.NFO,10/12/2024,09:25:00,53946.1,53932.05,15,53946.05,75,0,377175
BANKNIFTY-II.NFO,10/12/2024,09:25:01,53946.1,53930.05,15,53943.9,75,0,377175
BANKNIFTY-II.NFO,10/12/2024,09:25:03,53946.1,53930,30,53941.15,75,0,377175
BANKNIFTY-II.NFO,10/12/2024,09:25:05,53946.1,53930,30,53938.55,75,0,377175
BANKNIFTY-II.NFO,10/12/2024,09:25:06,53921.05,53921.6,15,53936.4,30,75,377175
BANKNIFTY-II.NFO,10/12/2024,09:25:08,53921.05,53921.6,15,53936.6,30,0,377175
BANKNIFTY-II.NFO,10/12/2024,09:25:10,53921.05,53920.05,15,53933.7,30,0,377175
BANKNIFTY-II.NFO,10/12/2024,09:25:11,53921.05,53920.1,75,53935.9,15,0,377175
BANKNIFTY-II.NFO,10/12/2024,09:25:13,53933.9,53920.15,60,53933.95,15,15,377175
BANKNIFTY-II.NFO,10/12/2024,09:25:15,53921.05,53914.85,60,53921.05,885,15,377175
BANKNIFTY-II.NFO,10/12/2024,09:25:16,53921.05,53914.05,60,53921.05,855,30,377175
BANKNIFTY-II.NFO,10/12/2024,09:25:18,53919.95,53918.2,60,53921.05,855,30,377175
BANKNIFTY-II.NFO,10/12/2024,09:25:20,53919.95,53916.05,75,53921.05,855,0,377175
BANKNIFTY-II.NFO,10/12/2024,09:25:21,53919.95,53916.2,75,53921.05,855,150,377175
BANKNIFTY-II.NFO,10/12/2024,09:25:23,53921.05,53916.3,75,53921.05,795,60,377175
BANKNIFTY-II.NFO,10/12/2024,09:25:24,53921.05,53916.8,75,53921.05,795,0,377175
BANKNIFTY-II.NFO,10/12/2024,09:25:26,53921.6,53922.1,60,53937.95,30,930,377175
BANKNIFTY-II.NFO,10/12/2024,09:25:28,53921.6,53922.1,60,53937.95,30,0,377175
BANKNIFTY-II.NFO,10/12/2024,09:25:29,53921.6,53918.1,75,53935.4,15,0,377175
BANKNIFTY-II.NFO,10/12/2024,09:25:31,53921.6,53922.05,15,53937.95,30,0,377175
BANKNIFTY-II.NFO,10/12/2024,09:25:38,53920.05,53920.1,75,53937.8,60,120,377175
BANKNIFTY-II.NFO,10/12/2024,09:25:39,53920.05,53920.1,75,53937.9,60,0,377175
BANKNIFTY-II.NFO,10/12/2024,09:25:41,53941.35,53923.95,225,53939.95,15,30,377175
BANKNIFTY-II.NFO,10/12/2024,09:25:43,53941.35,53922.1,75,53939,45,0,377175
BANKNIFTY-II.NFO,10/12/2024,09:25:44,53941.35,53922.2,75,53937.95,15,0,377175
BANKNIFTY-II.NFO,10/12/2024,09:25:46,53941.35,53925.05,75,53939.95,15,0,377175
BANKNIFTY-II.NFO,10/12/2024,09:25:48,53941.35,53925.7,60,53939.95,15,0,377175
BANKNIFTY-II.NFO,10/12/2024,09:25:49,53941.35,53925.7,60,53939,15,0,377175
BANKNIFTY-II.NFO,10/12/2024,09:25:51,53926,53922.25,45,53938.95,75,90,377175
BANKNIFTY-II.NFO,10/12/2024,09:25:53,53926,53922.1,45,53938.95,75,0,377175
BANKNIFTY-II.NFO,10/12/2024,09:25:54,53926,53922.1,30,53937.9,75,0,377175
BANKNIFTY-II.NFO,10/12/2024,09:25:56,53926,53921.4,45,53937.9,60,0,377175
BANKNIFTY-II.NFO,10/12/2024,09:25:58,53926,53920.8,30,53934.95,60,0,377175
BANKNIFTY-II.NFO,10/12/2024,09:25:59,53926,53922.4,45,53935,15,0,377175
BANKNIFTY-II.NFO,10/12/2024,09:26:01,53926,53927.8,45,53934.9,15,0,377175
BANKNIFTY-II.NFO,10/12/2024,09:26:03,53934.9,53934.85,75,53940,15,15,377175
BANKNIFTY-II.NFO,10/12/2024,09:26:04,53934.9,53933.15,75,53940,15,0,377175
BANKNIFTY-II.NFO,10/12/2024,09:26:06,53934.9,53934.2,75,53940,15,0,377175
BANKNIFTY-II.NFO,10/12/2024,09:26:08,53934.9,53931,75,53940,15,0,377175
BANKNIFTY-II.NFO,10/12/2024,09:26:09,53934.9,53928.1,75,53940,15,0,377175
BANKNIFTY-II.NFO,10/12/2024,09:26:11,53934.9,53924.9,15,53939.7,60,0,377175
BANKNIFTY-II.NFO,10/12/2024,09:26:13,53934.9,53921.9,75,53937.3,60,0,377175
BANKNIFTY-II.NFO,10/12/2024,09:26:14,53934.9,53920,75,53934.05,60,0,377175
BANKNIFTY-II.NFO,10/12/2024,09:26:16,53934.9,53921.25,75,53936.6,75,0,377175
BANKNIFTY-II.NFO,10/12/2024,09:26:18,53934.9,53922.1,30,53938.2,60,0,377175
BANKNIFTY-II.NFO,10/12/2024,09:26:19,53934.9,53920,75,53933.8,60,0,377175
BANKNIFTY-II.NFO,10/12/2024,09:26:21,53934.9,53920,75,53934.45,60,0,377175
BANKNIFTY-II.NFO,10/12/2024,09:26:23,53934.9,53920,75,53932.45,60,0,377175
BANKNIFTY-II.NFO,10/12/2024,09:26:24,53934.9,53920,75,53927.7,75,0,377175
BANKNIFTY-II.NFO,10/12/2024,09:26:26,53934.9,53920,75,53925.5,60,0,377175
BANKNIFTY-II.NFO,10/12/2024,09:26:28,53934.9,53920,75,53923.2,75,0,377175
BANKNIFTY-II.NFO,10/12/2024,09:26:29,53934.9,53920,75,53926.5,60,0,377175
BANKNIFTY-II.NFO,10/12/2024,09:26:31,53934.9,53920,75,53928.1,75,0,377175
BANKNIFTY-II.NFO,10/12/2024,09:26:33,53934.9,53920,75,53927.85,75,0,377175
BANKNIFTY-II.NFO,10/12/2024,09:26:34,53934.9,53920,75,53928.7,75,0,377175
BANKNIFTY-II.NFO,10/12/2024,09:26:36,53920,53922,45,53925.8,60,15,377175
BANKNIFTY-II.NFO,10/12/2024,09:26:37,53920,53922,45,53927.45,60,0,377175
BANKNIFTY-II.NFO,10/12/2024,09:26:39,53920,53922,45,53928.3,60,0,377175
BANKNIFTY-II.NFO,10/12/2024,09:26:41,53920,53922,45,53926.45,60,0,377175
BANKNIFTY-II.NFO,10/12/2024,09:26:42,53920,53922,45,53925.3,60,0,377175
BANKNIFTY-II.NFO,10/12/2024,09:26:44,53920,53922,45,53927.75,60,0,377175
BANKNIFTY-II.NFO,10/12/2024,09:26:46,53920,53922,45,53924.7,60,0,377175
BANKNIFTY-II.NFO,10/12/2024,09:26:47,53920,53922,45,53926.8,75,0,377175
BANKNIFTY-II.NFO,10/12/2024,09:26:49,53920,53922,45,53934.15,60,0,377175
BANKNIFTY-II.NFO,10/12/2024,09:26:51,53920,53922,45,53929.9,75,0,377175
BANKNIFTY-II.NFO,10/12/2024,09:26:53,53920,53922,45,53929.2,75,0,377175
BANKNIFTY-II.NFO,10/12/2024,09:26:54,53920,53922,45,53930,30,0,377175
BANKNIFTY-II.NFO,10/12/2024,09:26:56,53922,53922,30,53929.55,15,15,377175
BANKNIFTY-II.NFO,10/12/2024,09:26:58,53922,53922,30,53930,30,0,377175
BANKNIFTY-II.NFO,10/12/2024,09:27:01,53922,53922,15,53932.85,75,105,377175
BANKNIFTY-II.NFO,10/12/2024,09:27:03,53934.55,53922,15,53933.45,75,150,377175
BANKNIFTY-II.NFO,10/12/2024,09:27:04,53934.55,53922,30,53928.45,75,0,377175
BANKNIFTY-II.NFO,10/12/2024,09:27:06,53934.55,53922,30,53926.25,75,0,377175
BANKNIFTY-II.NFO,10/12/2024,09:27:07,53920,53910,15,53923.9,30,195,377175
BANKNIFTY-II.NFO,10/12/2024,09:27:09,53920,53910,15,53919.9,30,15,377175
BANKNIFTY-II.NFO,10/12/2024,09:27:11,53920,53910,15,53916.95,30,0,377175
BANKNIFTY-II.NFO,10/12/2024,09:27:12,53920,53910,15,53915.35,30,0,377175
BANKNIFTY-II.NFO,10/12/2024,09:27:14,53920,53910,15,53921.65,30,0,377175
BANKNIFTY-II.NFO,10/12/2024,09:27:16,53920,53910,15,53919.8,30,0,377175
BANKNIFTY-II.NFO,10/12/2024,09:27:17,53910,53908,60,53917.1,30,15,377175
BANKNIFTY-II.NFO,10/12/2024,09:27:19,53908,53908,45,53912.75,30,15,377175
BANKNIFTY-II.NFO,10/12/2024,09:27:21,53908,53902,15,53911.95,15,45,377175
BANKNIFTY-II.NFO,10/12/2024,09:27:22,53908,53902,15,53911.25,75,0,377175
BANKNIFTY-II.NFO,10/12/2024,09:27:24,53908,53902,15,53909.95,15,0,377175
BANKNIFTY-II.NFO,10/12/2024,09:27:26,53902,53900,120,53909.95,15,15,377175
BANKNIFTY-II.NFO,10/12/2024,09:27:27,53911.95,53900,120,53911.95,15,15,377175
BANKNIFTY-II.NFO,10/12/2024,09:27:29,53911.95,53900,120,53907.95,15,0,377175
BANKNIFTY-II.NFO,10/12/2024,09:27:31,53911.95,53900,120,53907.85,75,0,377175
BANKNIFTY-II.NFO,10/12/2024,09:27:32,53911.95,53900,120,53907.95,15,0,377175
BANKNIFTY-II.NFO,10/12/2024,09:27:36,53900,53900,90,53907.95,15,30,377175
BANKNIFTY-II.NFO,10/12/2024,09:27:37,53909.95,53900,90,53907.95,15,15,377175
BANKNIFTY-II.NFO,10/12/2024,09:27:39,53900,53900,45,53907.95,15,45,377175
BANKNIFTY-II.NFO,10/12/2024,09:27:41,53900,53900,45,53907.95,15,0,377175
BANKNIFTY-II.NFO,10/12/2024,09:27:42,53900,53900,45,53906.6,75,0,377175
BANKNIFTY-II.NFO,10/12/2024,09:27:44,53901.95,53886.15,60,53899.95,15,105,377175
BANKNIFTY-II.NFO,10/12/2024,09:27:46,53887.7,53889.15,75,53903.95,15,30,377175
BANKNIFTY-II.NFO,10/12/2024,09:27:47,53903.95,53884.1,75,53901.95,15,45,378285
BANKNIFTY-II.NFO,10/12/2024,09:27:49,53903.95,53884.4,60,53899.95,15,0,378285
BANKNIFTY-II.NFO,10/12/2024,09:27:51,53903.95,53886.6,60,53899.95,15,0,378285
BANKNIFTY-II.NFO,10/12/2024,09:27:52,53903.95,53886.1,60,53899.95,15,0,378285
BANKNIFTY-II.NFO,10/12/2024,09:27:54,53903.95,53888.5,75,53901.95,15,0,378285
BANKNIFTY-II.NFO,10/12/2024,09:27:56,53903.95,53885.8,75,53895.95,15,0,378285
BANKNIFTY-II.NFO,10/12/2024,09:27:57,53895.95,53888.7,75,53901.95,15,30,378285
BANKNIFTY-II.NFO,10/12/2024,09:27:59,53895.95,53891.1,60,53899.95,15,0,378285
BANKNIFTY-II.NFO,10/12/2024,09:28:01,53901.95,53901.95,15,53903.95,15,15,378285
BANKNIFTY-II.NFO,10/12/2024,09:28:02,53903.95,53895.45,75,53907.95,15,15,378285
BANKNIFTY-II.NFO,10/12/2024,09:28:04,53903.95,53897.95,75,53911.95,15,0,378285
BANKNIFTY-II.NFO,10/12/2024,09:28:06,53894.4,53893.1,60,53901.95,30,15,378285
BANKNIFTY-II.NFO,10/12/2024,09:28:07,53894.4,53890.05,60,53901.95,30,0,378285
BANKNIFTY-II.NFO,10/12/2024,09:28:09,53894.4,53890.05,45,53897.95,15,0,378285
BANKNIFTY-II.NFO,10/12/2024,09:28:11,53890.05,53890.05,30,53899.95,15,15,378285
BANKNIFTY-II.NFO,10/12/2024,09:28:12,53890.05,53892.35,30,53899.95,15,0,378285
BANKNIFTY-II.NFO,10/12/2024,09:28:14,53890.05,53891.25,30,53900,15,0,378285
BANKNIFTY-II.NFO,10/12/2024,09:28:16,53890.05,53893,30,53900,15,0,378285
BANKNIFTY-II.NFO,10/12/2024,09:28:17,53890.05,53896.5,30,53900,15,0,378285
BANKNIFTY-II.NFO,10/12/2024,09:28:19,53890.05,53898.6,30,53900,15,0,378285
BANKNIFTY-II.NFO,10/12/2024,09:28:21,53900,53895.1,30,53901.95,15,15,378285
BANKNIFTY-II.NFO,10/12/2024,09:28:22,53896.5,53894.05,15,53896.5,105,105,378285
BANKNIFTY-II.NFO,10/12/2024,09:28:24,53896.5,53890.65,75,53896.5,105,0,378285
BANKNIFTY-II.NFO,10/12/2024,09:28:26,53896.5,53890.2,15,53896.5,105,0,378285
BANKNIFTY-II.NFO,10/12/2024,09:28:27,53896.5,53894.35,150,53896.5,60,45,378285
BANKNIFTY-II.NFO,10/12/2024,09:28:29,53896.5,53890.95,150,53896.5,45,30,378285
BANKNIFTY-II.NFO,10/12/2024,09:28:31,53917.9,53914,15,53924.25,30,195,378285
BANKNIFTY-II.NFO,10/12/2024,09:28:32,53920,53910,15,53924.4,30,30,378285
BANKNIFTY-II.NFO,10/12/2024,09:28:34,53920,53910,15,53924.15,30,0,378285
BANKNIFTY-II.NFO,10/12/2024,09:28:36,53920,53912.05,15,53928.8,30,0,378285
BANKNIFTY-II.NFO,10/12/2024,09:28:37,53912.05,53910,15,53927.05,30,15,378285
BANKNIFTY-II.NFO,10/12/2024,09:28:39,53912.05,53913.1,60,53931.4,30,0,378285
BANKNIFTY-II.NFO,10/12/2024,09:28:41,53912.05,53910.85,105,53929.9,30,0,378285
BANKNIFTY-II.NFO,10/12/2024,09:28:42,53913.1,53914.1,60,53934.4,30,15,378285
BANKNIFTY-II.NFO,10/12/2024,09:28:44,53913.1,53916.05,15,53932.25,30,0,378285
BANKNIFTY-II.NFO,10/12/2024,09:28:46,53933.4,53918.05,15,53934.2,30,15,378285
BANKNIFTY-II.NFO,10/12/2024,09:28:47,53933.4,53918.05,15,53925,15,0,378285
BANKNIFTY-II.NFO,10/12/2024,09:28:49,53933.4,53916.1,60,53925,15,0,378285
BANKNIFTY-II.NFO,10/12/2024,09:28:51,53933.4,53916.05,15,53925,15,0,378285
BANKNIFTY-II.NFO,10/12/2024,09:28:52,53933.4,53914.05,15,53925,15,0,378285
BANKNIFTY-II.NFO,10/12/2024,09:28:54,53933.4,53912.05,15,53925,15,0,378285
BANKNIFTY-II.NFO,10/12/2024,09:28:56,53933.4,53912.05,15,53924.95,30,0,378285
BANKNIFTY-II.NFO,10/12/2024,09:28:57,53925,53910.05,15,53925.5,30,15,378285
BANKNIFTY-II.NFO,10/12/2024,09:28:59,53925,53908.1,75,53923.95,15,0,378285
BANKNIFTY-II.NFO,10/12/2024,09:29:01,53920.5,53906.05,15,53921,30,15,378285
BANKNIFTY-II.NFO,10/12/2024,09:29:02,53920.5,53906.05,15,53921.9,30,0,378285
BANKNIFTY-II.NFO,10/12/2024,09:29:04,53920.5,53906.05,15,53921.4,30,0,378285
BANKNIFTY-II.NFO,10/12/2024,09:29:06,53920.5,53900.05,15,53915.95,15,0,378285
BANKNIFTY-II.NFO,10/12/2024,09:29:07,53920.5,53898.05,30,53914.95,30,0,378285
BANKNIFTY-II.NFO,10/12/2024,09:29:09,53920.5,53892.1,75,53909.95,15,0,378285
BANKNIFTY-II.NFO,10/12/2024,09:29:11,53920.5,53894.1,75,53909.95,15,0,378285
BANKNIFTY-II.NFO,10/12/2024,09:29:14,53920.5,53890.1,75,53908.35,30,0,378285
BANKNIFTY-II.NFO,10/12/2024,09:29:16,53920.5,53890.1,60,53908.7,30,0,378285
BANKNIFTY-II.NFO,10/12/2024,09:29:17,53920.5,53892.1,60,53908.65,30,0,378285
BANKNIFTY-II.NFO,10/12/2024,09:29:19,53892.05,53890.05,60,53905.95,15,15,378285
BANKNIFTY-II.NFO,10/12/2024,09:29:22,53890,53881.85,15,53893.15,30,15,378285
BANKNIFTY-II.NFO,10/12/2024,09:29:24,53890,53881.85,15,53896.4,30,0,378285
BANKNIFTY-II.NFO,10/12/2024,09:29:26,53890,53882.05,15,53895.95,150,0,378285
BANKNIFTY-II.NFO,10/12/2024,09:29:27,53890,53881.85,15,53894.15,30,0,378285
BANKNIFTY-II.NFO,10/12/2024,09:29:29,53890,53881.9,75,53899.25,15,0,378285
BANKNIFTY-II.NFO,10/12/2024,09:29:31,53890,53881.9,75,53898.3,150,0,378285
BANKNIFTY-II.NFO,10/12/2024,09:29:32,53890,53881.9,75,53899.5,150,0,378285
BANKNIFTY-II.NFO,10/12/2024,09:29:34,53890,53881.9,60,53898.4,150,0,378285
BANKNIFTY-II.NFO,10/12/2024,09:29:36,53881.9,53881.9,75,53897.95,15,30,378285
BANKNIFTY-II.NFO,10/12/2024,09:29:37,53881.9,53882.1,60,53897.95,15,0,378285
BANKNIFTY-II.NFO,10/12/2024,09:29:41,53899.95,53886.05,60,53901.95,15,15,378285
BANKNIFTY-II.NFO,10/12/2024,09:29:42,53899.95,53886.4,60,53899.95,15,0,378285
BANKNIFTY-II.NFO,10/12/2024,09:29:44,53899.95,53884.6,60,53899.95,15,0,378285
BANKNIFTY-II.NFO,10/12/2024,09:29:46,53899.95,53886.1,75,53901.95,15,0,378285
BANKNIFTY-II.NFO,10/12/2024,09:29:49,53899.95,53884.1,60,53899.9,30,0,378285
BANKNIFTY-II.NFO,10/12/2024,09:29:51,53899.95,53884.1,60,53899.95,30,0,378285
BANKNIFTY-II.NFO,10/12/2024,09:29:52,53899.95,53882.1,75,53897.95,15,0,378285
BANKNIFTY-II.NFO,10/12/2024,09:29:54,53899.95,53885.3,60,53899.95,15,0,378285
BANKNIFTY-II.NFO,10/12/2024,09:29:56,53899.95,53892.4,60,53899.95,15,0,378285
BANKNIFTY-II.NFO,10/12/2024,09:29:57,53899.95,53894.25,75,53899.95,15,0,378285
BANKNIFTY-II.NFO,10/12/2024,09:29:59,53890.1,53890.1,75,53898,15,30,378285
BANKNIFTY-II.NFO,10/12/2024,09:30:01,53890.1,53890.95,75,53898,15,0,378285
BANKNIFTY-II.NFO,10/12/2024,09:30:02,53892.1,53890.1,75,53898,15,15,378285
BANKNIFTY-II.NFO,10/12/2024,09:30:04,53892.1,53891.4,75,53898,15,0,378285
BANKNIFTY-II.NFO,10/12/2024,09:30:06,53892.1,53894.95,75,53898,15,0,378285
BANKNIFTY-II.NFO,10/12/2024,09:30:07,53892.1,53895.65,75,53898,15,0,378285
BANKNIFTY-II.NFO,10/12/2024,09:30:09,53892.1,53895.95,75,53898,15,0,378285
BANKNIFTY-II.NFO,10/12/2024,09:30:11,53921,53906.1,75,53924.55,60,30,378285
BANKNIFTY-II.NFO,10/12/2024,09:30:12,53921,53906.1,60,53921.9,15,0,378285
BANKNIFTY-II.NFO,10/12/2024,09:30:14,53921,53906.1,75,53923.9,75,0,378285
BANKNIFTY-II.NFO,10/12/2024,09:30:16,53921,53906.1,75,53922.55,75,0,378285
BANKNIFTY-II.NFO,10/12/2024,09:30:17,53921,53906.1,75,53923.9,75,0,378285
BANKNIFTY-II.NFO,10/12/2024,09:30:19,53921,53908.1,60,53923.9,75,0,378285
BANKNIFTY-II.NFO,10/12/2024,09:30:21,53921,53912.05,15,53924.95,60,0,378285
BANKNIFTY-II.NFO,10/12/2024,09:30:22,53921,53908.05,15,53922.05,60,0,378285
BANKNIFTY-II.NFO,10/12/2024,09:30:24,53921,53906.05,15,53921.55,60,0,378285
BANKNIFTY-II.NFO,10/12/2024,09:30:26,53921,53906.05,15,53921.25,75,0,378285
BANKNIFTY-II.NFO,10/12/2024,09:30:27,53921,53906.1,60,53921.9,60,0,378285
BANKNIFTY-II.NFO,10/12/2024,09:30:29,53921,53906.1,75,53921.95,15,0,378285
BANKNIFTY-II.NFO,10/12/2024,09:30:31,53921,53908.1,75,53923.95,15,0,378285
BANKNIFTY-II.NFO,10/12/2024,09:30:32,53921,53910.1,75,53925,15,0,378285
BANKNIFTY-II.NFO,10/12/2024,09:30:34,53921,53912.1,75,53925,15,0,378285
BANKNIFTY-II.NFO,10/12/2024,09:30:36,53921,53914.1,75,53925,15,0,378285
BANKNIFTY-II.NFO,10/12/2024,09:30:37,53921,53916.1,60,53925,15,0,378285
BANKNIFTY-II.NFO,10/12/2024,09:30:39,53921,53912.1,75,53925,15,0,378285
BANKNIFTY-II.NFO,10/12/2024,09:30:41,53925,53912.05,15,53927.35,75,15,378285
BANKNIFTY-II.NFO,10/12/2024,09:30:42,53927.35,53916.05,15,53929.9,60,15,378285
BANKNIFTY-II.NFO,10/12/2024,09:30:44,53927.35,53916.05,15,53929.9,60,0,378285
BANKNIFTY-II.NFO,10/12/2024,09:30:46,53927.35,53916.05,15,53931.9,60,0,378285
BANKNIFTY-II.NFO,10/12/2024,09:30:47,53927.35,53916.1,75,53931.9,45,0,378285
BANKNIFTY-II.NFO,10/12/2024,09:30:51,53927.35,53916.1,75,53932.55,45,0,378285
BANKNIFTY-II.NFO,10/12/2024,09:30:52,53916.1,53916.1,75,53932.95,60,15,378120
BANKNIFTY-II.NFO,10/12/2024,09:30:54,53916.1,53918.1,75,53933,15,0,378120
BANKNIFTY-II.NFO,10/12/2024,09:30:57,53916.1,53918.1,75,53933.95,15,0,378120
BANKNIFTY-II.NFO,10/12/2024,09:30:59,53916.1,53919.75,60,53933.95,15,0,378120
BANKNIFTY-II.NFO,10/12/2024,09:31:01,53916.1,53922.1,60,53935,600,0,378120
BANKNIFTY-II.NFO,10/12/2024,09:31:02,53935,53926.6,60,53935,570,30,378120
BANKNIFTY-II.NFO,10/12/2024,09:31:04,53935,53926.6,75,53935,540,30,378120
BANKNIFTY-II.NFO,10/12/2024,09:31:06,53935,53926.05,30,53935,540,0,378120
BANKNIFTY-II.NFO,10/12/2024,09:31:07,53935,53926.1,60,53935,540,0,378120
BANKNIFTY-II.NFO,10/12/2024,09:31:09,53935,53926.05,30,53935,540,0,378120
BANKNIFTY-II.NFO,10/12/2024,09:31:11,53935,53924.05,30,53935,540,0,378120
BANKNIFTY-II.NFO,10/12/2024,09:31:12,53924.4,53924.4,45,53935,540,45,378120
BANKNIFTY-II.NFO,10/12/2024,09:31:14,53924.4,53926.15,45,53935,540,0,378120
BANKNIFTY-II.NFO,10/12/2024,09:31:16,53924.4,53925.45,60,53935,630,0,378120
BANKNIFTY-II.NFO,10/12/2024,09:31:17,53924.4,53927.25,60,53935,630,0,378120
BANKNIFTY-II.NFO,10/12/2024,09:31:19,53924.4,53925.3,60,53935,630,0,378120
BANKNIFTY-II.NFO,10/12/2024,09:31:21,53924.4,53923.05,60,53935,630,0,378120
BANKNIFTY-II.NFO,10/12/2024,09:31:22,53924.4,53924.15,60,53935,630,0,378120
BANKNIFTY-II.NFO,10/12/2024,09:31:24,53924.4,53920.05,60,53934.95,60,0,378120
BANKNIFTY-II.NFO,10/12/2024,09:31:27,53924.4,53920.8,60,53935,630,0,378120
BANKNIFTY-II.NFO,10/12/2024,09:31:29,53924.4,53920.05,60,53934.95,60,0,378120
BANKNIFTY-II.NFO,10/12/2024,09:31:31,53934.95,53920,15,53934.6,75,15,378120
BANKNIFTY-II.NFO,10/12/2024,09:31:32,53934.95,53920.55,75,53935,630,0,378120
BANKNIFTY-II.NFO,10/12/2024,09:31:34,53934.95,53922.6,75,53935,630,0,378120
BANKNIFTY-II.NFO,10/12/2024,09:31:36,53934.95,53924.05,90,53935,630,0,378120
BANKNIFTY-II.NFO,10/12/2024,09:31:37,53924.1,53926.05,30,53935,630,30,378120
BANKNIFTY-II.NFO,10/12/2024,09:31:39,53924.1,53927.2,90,53935,630,0,378120
BANKNIFTY-II.NFO,10/12/2024,09:31:41,53935,53931.85,165,53935,615,45,378120
BANKNIFTY-II.NFO,10/12/2024,09:31:42,53928,53932.1,15,53935,615,255,378120
BANKNIFTY-II.NFO,10/12/2024,09:31:44,53935,53932.85,15,53935,585,30,378120
BANKNIFTY-II.NFO,10/12/2024,09:31:46,53941.35,53934.2,165,53941.35,885,600,378120
BANKNIFTY-II.NFO,10/12/2024,09:31:47,53941.35,53935.1,45,53941.35,885,0,378120
BANKNIFTY-II.NFO,10/12/2024,09:31:49,53941.35,53934.05,30,53941.35,870,15,378120
BANKNIFTY-II.NFO,10/12/2024,09:31:51,53941.35,53933.45,285,53935,30,0,378120
BANKNIFTY-II.NFO,10/12/2024,09:31:52,53935,53934.05,15,53941.35,870,30,378120
BANKNIFTY-II.NFO,10/12/2024,09:31:54,53941.35,53934.5,75,53941.35,855,15,378120
BANKNIFTY-II.NFO,10/12/2024,09:31:56,53941.35,53938.15,135,53941.35,840,15,378120
BANKNIFTY-II.NFO,10/12/2024,09:31:57,53941.35,53937.8,30,53941.35,570,270,378120
BANKNIFTY-II.NFO,10/12/2024,09:31:59,53941.35,53939.2,60,53944,60,15,378120
BANKNIFTY-II.NFO,10/12/2024,09:32:01,53941.35,53940.35,150,53944,60,0,378120
BANKNIFTY-II.NFO,10/12/2024,09:32:02,53941.35,53940.2,60,53944,60,0,378120
BANKNIFTY-II.NFO,10/12/2024,09:32:07,53941.35,53940.2,60,53941.35,30,0,378120
BANKNIFTY-II.NFO,10/12/2024,09:32:09,53941.35,53934.15,75,53941.35,30,0,378120
BANKNIFTY-II.NFO,10/12/2024,09:32:11,53941.35,53934.15,60,53941.35,15,15,378120
BANKNIFTY-II.NFO,10/12/2024,09:32:12,53941.35,53941.1,60,53941.35,15,0,378120
BANKNIFTY-II.NFO,10/12/2024,09:32:15,53941.35,53941,15,53941.35,15,0,378120
BANKNIFTY-II.NFO,10/12/2024,09:32:17,53941.35,53941,15,53944,60,15,378120
BANKNIFTY-II.NFO,10/12/2024,09:32:19,53941.35,53941,15,53944,60,0,378120
BANKNIFTY-II.NFO,10/12/2024,09:32:20,53941,53935.55,60,53944,60,15,378120
BANKNIFTY-II.NFO,10/12/2024,09:32:22,53941,53941.35,15,53943.95,60,0,378120
BANKNIFTY-II.NFO,10/12/2024,09:32:25,53941,53941.35,15,53944,150,0,378120
BANKNIFTY-II.NFO,10/12/2024,09:32:27,53941,53941.35,15,53943.95,60,0,378120
BANKNIFTY-II.NFO,10/12/2024,09:32:29,53941,53942,15,53943.95,60,0,378120
BANKNIFTY-II.NFO,10/12/2024,09:32:30,53942,53941.35,15,53944,150,15,378120
BANKNIFTY-II.NFO,10/12/2024,09:32:32,53942,53941.35,15,53944,150,0,378120
BANKNIFTY-II.NFO,10/12/2024,09:32:35,53942,53941.35,15,53943.95,60,0,378120
BANKNIFTY-II.NFO,10/12/2024,09:32:38,53942,53941.35,15,53944,150,0,378120
BANKNIFTY-II.NFO,10/12/2024,09:32:46,53944,53941.35,15,53944,135,15,378120
BANKNIFTY-II.NFO,10/12/2024,09:32:48,53944,53941.35,15,53943.95,15,0,378120
BANKNIFTY-II.NFO,10/12/2024,09:32:50,53944,53941.35,15,53943.9,60,0,378120
BANKNIFTY-II.NFO,10/12/2024,09:32:51,53944,53941.35,15,53943.95,15,0,378120
BANKNIFTY-II.NFO,10/12/2024,09:32:53,53944,53941.35,15,53950,165,150,378120
BANKNIFTY-II.NFO,10/12/2024,09:32:55,53950,53940.65,15,53950,150,15,378120
BANKNIFTY-II.NFO,10/12/2024,09:32:56,53950,53941.65,90,53949.95,15,0,378120
BANKNIFTY-II.NFO,10/12/2024,09:32:58,53942.8,53945.4,75,53949.95,15,15,378120
BANKNIFTY-II.NFO,10/12/2024,09:33:00,53950,53949.45,225,53955,570,150,378120
BANKNIFTY-II.NFO,10/12/2024,09:33:01,53977.7,53960.05,15,53974.6,60,585,378120
BANKNIFTY-II.NFO,10/12/2024,09:33:01,53977.7,53960.05,15,53974.6,60,0,378120
BANKNIFTY-II.NFO,10/12/2024,09:33:03,53977.7,53954.65,15,53972.4,75,0,378120
BANKNIFTY-II.NFO,10/12/2024,09:33:05,53969.3,53954.05,15,53968.1,75,15,378120
BANKNIFTY-II.NFO,10/12/2024,09:33:06,53969.3,53950.05,15,53967.05,90,0,378120
BANKNIFTY-II.NFO,10/12/2024,09:33:08,53969.3,53952.05,30,53969.65,90,0,378120
BANKNIFTY-II.NFO,10/12/2024,09:33:10,53966.75,53954.05,15,53969.55,75,15,378120
BANKNIFTY-II.NFO,10/12/2024,09:33:11,53965.25,53950,15,53965,60,15,378120
BANKNIFTY-II.NFO,10/12/2024,09:33:13,53965.25,53950.05,15,53964.35,60,0,378120
BANKNIFTY-II.NFO,10/12/2024,09:33:14,53965.25,53954.05,15,53966.7,75,15,378120
BANKNIFTY-II.NFO,10/12/2024,09:33:16,53965.25,53950.05,75,53966.7,75,0,378120
BANKNIFTY-II.NFO,10/12/2024,09:33:18,53965.25,53955.35,60,53966.75,105,0,378120
BANKNIFTY-II.NFO,10/12/2024,09:33:19,53965.25,53955.45,60,53966.75,105,0,378120
BANKNIFTY-II.NFO,10/12/2024,09:33:21,53966.75,53955.1,60,53966.75,90,15,378120
BANKNIFTY-II.NFO,10/12/2024,09:33:24,53966.75,53959.55,60,53966.75,90,0,378120
BANKNIFTY-II.NFO,10/12/2024,09:33:26,53991,53990.95,15,53997.35,75,105,378120
BANKNIFTY-II.NFO,10/12/2024,09:33:26,53991,53990.95,15,53997.35,75,0,378120
BANKNIFTY-II.NFO,10/12/2024,09:33:28,53997.35,53980.05,15,53992.9,45,15,378120
BANKNIFTY-II.NFO,10/12/2024,09:33:28,53997.35,53980.05,15,53992.9,45,0,378120
BANKNIFTY-II.NFO,10/12/2024,09:33:29,53997.35,53980.05,15,53994.85,60,0,378120
BANKNIFTY-II.NFO,10/12/2024,09:33:31,53997.35,53982.05,15,53997.3,45,0,378120
BANKNIFTY-II.NFO,10/12/2024,09:33:33,53997.35,53983.5,75,53999.95,30,0,378120
BANKNIFTY-II.NFO,10/12/2024,09:33:34,53997.35,53978.05,15,53993.4,60,0,378120
BANKNIFTY-II.NFO,10/12/2024,09:33:36,53993.4,53993.4,15,53995.9,60,135,378120
BANKNIFTY-II.NFO,10/12/2024,09:33:38,53996.95,53993.4,15,53996.95,45,15,378120
BANKNIFTY-II.NFO,10/12/2024,09:33:39,53996.95,53993.4,15,53996.95,30,0,378120
BANKNIFTY-II.NFO,10/12/2024,09:33:41,53996.05,53997.7,45,54017.9,60,1140,378120
BANKNIFTY-II.NFO,10/12/2024,09:33:41,54000.1,53997.7,45,54017.9,60,0,378120
BANKNIFTY-II.NFO,10/12/2024,09:33:43,53994.05,53992.05,15,54011.95,105,60,378120
BANKNIFTY-II.NFO,10/12/2024,09:33:45,53994.05,53996.05,30,54013.65,75,0,378120
BANKNIFTY-II.NFO,10/12/2024,09:33:46,53994.05,53998.05,15,54014.6,75,0,378120
BANKNIFTY-II.NFO,10/12/2024,09:33:48,53994.05,53996.05,30,54014.1,60,0,378120
BANKNIFTY-II.NFO,10/12/2024,09:33:50,53994.05,53996.05,15,54011.95,75,0,378120
BANKNIFTY-II.NFO,10/12/2024,09:33:51,53994.05,53996.05,15,54009.6,75,0,378120
BANKNIFTY-II.NFO,10/12/2024,09:33:53,53994.05,53996.05,15,54007.7,105,0,378120
BANKNIFTY-II.NFO,10/12/2024,09:33:55,53994.05,53996.05,15,54011.55,75,0,378120
BANKNIFTY-II.NFO,10/12/2024,09:33:56,53994.05,54002.05,15,54015.55,75,0,378120
BANKNIFTY-II.NFO,10/12/2024,09:33:58,53994.05,54004.05,30,54020,90,0,378120
BANKNIFTY-II.NFO,10/12/2024,09:34:00,54025.45,54010.05,75,54027.9,75,120,379350
BANKNIFTY-II.NFO,10/12/2024,09:34:00,54025.45,54010.05,75,54027.9,75,0,379350
BANKNIFTY-II.NFO,10/12/2024,09:34:01,54010,54004.1,60,54022.35,30,45,379350
BANKNIFTY-II.NFO,10/12/2024,09:34:01,54027.9,54004.1,60,54022.35,30,0,379350
BANKNIFTY-II.NFO,10/12/2024,09:34:03,54004.1,54006.05,15,54020.25,60,15,379350
BANKNIFTY-II.NFO,10/12/2024,09:34:05,54004.1,54000.05,15,54015.15,60,0,379350
BANKNIFTY-II.NFO,10/12/2024,09:34:06,54000,53992.05,15,54007.5,90,165,379350
BANKNIFTY-II.NFO,10/12/2024,09:34:08,53996.05,53996.05,15,54007.45,60,30,379350
BANKNIFTY-II.NFO,10/12/2024,09:34:10,53996.05,53992.05,15,54004.75,60,0,379350
BANKNIFTY-II.NFO,10/12/2024,09:34:11,53986.05,53986.05,15,53999.55,60,45,379350
BANKNIFTY-II.NFO,10/12/2024,09:34:13,53986.05,53986.05,15,53998.65,45,0,379350
BANKNIFTY-II.NFO,10/12/2024,09:34:15,53986.05,53980.05,15,53996.1,90,0,379350
BANKNIFTY-II.NFO,10/12/2024,09:34:16,53995.85,53982.05,15,53992.2,45,45,379350
BANKNIFTY-II.NFO,10/12/2024,09:34:18,53995.85,53980.05,15,53996,75,0,379350
BANKNIFTY-II.NFO,10/12/2024,09:34:20,53995.85,53986.05,15,54002.3,45,0,379350
BANKNIFTY-II.NFO,10/12/2024,09:34:21,53995.85,53988.1,75,54004.45,30,0,379350
BANKNIFTY-II.NFO,10/12/2024,09:34:23,53995.85,53986.05,15,54001.6,45,0,379350
BANKNIFTY-II.NFO,10/12/2024,09:34:24,53995.85,53986.1,75,54003.45,75,0,379350
BANKNIFTY-II.NFO,10/12/2024,09:34:26,53995.85,53982.15,60,53999.45,45,0,379350
BANKNIFTY-II.NFO,10/12/2024,09:34:28,53995.85,53980.05,15,53997.2,45,0,379350
BANKNIFTY-II.NFO,10/12/2024,09:34:29,53995.85,53974.1,75,53991.9,45,0,379350
BANKNIFTY-II.NFO,10/12/2024,09:34:31,53995.85,53976,75,53991.35,30,0,379350
BANKNIFTY-II.NFO,10/12/2024,09:34:33,53995.85,53973.95,60,53988.8,75,0,379350
BANKNIFTY-II.NFO,10/12/2024,09:34:34,53995.85,53982.3,60,53993.95,15,0,379350
BANKNIFTY-II.NFO,10/12/2024,09:34:36,53982.55,53983.8,60,53995.85,15,15,379350
BANKNIFTY-II.NFO,10/12/2024,09:34:38,53982.55,53983.05,60,53995.85,15,0,379350
BANKNIFTY-II.NFO,10/12/2024,09:34:39,53992.95,53978.55,60,53994.4,45,30,379350
BANKNIFTY-II.NFO,10/12/2024,09:34:41,53992.95,53976.85,60,53993.2,45,0,379350
BANKNIFTY-II.NFO,10/12/2024,09:34:43,53977,53982.7,60,53992.95,15,15,379350
BANKNIFTY-II.NFO,10/12/2024,09:34:44,53992.95,53982.1,60,53995,15,15,379350
BANKNIFTY-II.NFO,10/12/2024,09:34:46,53995,53989.35,60,53995.85,15,120,379350
BANKNIFTY-II.NFO,10/12/2024,09:34:48,53989.8,53989.65,30,54004.95,60,30,379350
BANKNIFTY-II.NFO,10/12/2024,09:34:49,53989.8,53992.9,30,54005,15,0,379350
BANKNIFTY-II.NFO,10/12/2024,09:34:51,53985.9,53986.2,15,54002.95,45,45,379350
BANKNIFTY-II.NFO,10/12/2024,09:34:53,53985.9,53986.3,15,54002.4,45,0,379350
BANKNIFTY-II.NFO,10/12/2024,09:34:54,53985.9,53985.4,30,54002.1,45,0,379350
BANKNIFTY-II.NFO,10/12/2024,09:34:56,53985.9,53988.95,15,54005,15,0,379350
BANKNIFTY-II.NFO,10/12/2024,09:34:58,53985.9,53990.35,15,54005,15,0,379350
BANKNIFTY-II.NFO,10/12/2024,09:34:59,53985.9,53987.7,30,54005,15,0,379350
BANKNIFTY-II.NFO,10/12/2024,09:35:01,53985.9,53986.65,15,54000,15,0,379350
BANKNIFTY-II.NFO,10/12/2024,09:35:03,53985.9,53991.1,30,54000,15,0,379350
BANKNIFTY-II.NFO,10/12/2024,09:35:04,54000,53987.45,15,54000,15,15,379350
BANKNIFTY-II.NFO,10/12/2024,09:35:06,54000,53990.85,15,54000,15,0,379350
BANKNIFTY-II.NFO,10/12/2024,09:35:08,54000,53992.05,15,54000,15,0,379350
BANKNIFTY-II.NFO,10/12/2024,09:35:09,54000,53991.35,15,54000,15,0,379350
BANKNIFTY-II.NFO,10/12/2024,09:35:11,54000,53990.75,30,54000,15,0,379350
BANKNIFTY-II.NFO,10/12/2024,09:35:12,54000,53989.8,15,54000,15,0,379350
BANKNIFTY-II.NFO,10/12/2024,09:35:14,54000,53980.4,30,53997.95,75,0,379350
BANKNIFTY-II.NFO,10/12/2024,09:35:16,54000,53978.5,15,53994.7,60,0,379350
BANKNIFTY-II.NFO,10/12/2024,09:35:17,53994.6,53977.8,75,53995.3,30,90,379350
BANKNIFTY-II.NFO,10/12/2024,09:35:19,53994.6,53976.6,30,53993.55,15,0,379350
BANKNIFTY-II.NFO,10/12/2024,09:35:21,53971.05,53966.75,15,53971.05,30,15,379350
BANKNIFTY-II.NFO,10/12/2024,09:35:22,53964.45,53960.35,60,53976.8,30,30,379350
BANKNIFTY-II.NFO,10/12/2024,09:35:24,53963.2,53967.45,60,53987.9,60,15,379350
BANKNIFTY-II.NFO,10/12/2024,09:35:26,53963.2,53968.35,75,53988.8,60,0,379350
BANKNIFTY-II.NFO,10/12/2024,09:35:27,53988.75,53972.75,30,53989.4,45,15,379350
BANKNIFTY-II.NFO,10/12/2024,09:35:29,53973.15,53971,60,53987.2,60,15,379350
BANKNIFTY-II.NFO,10/12/2024,09:35:31,53973.15,53972.7,60,53989.1,60,0,379350
BANKNIFTY-II.NFO,10/12/2024,09:35:32,53973.15,53973.3,75,53989.7,60,0,379350
BANKNIFTY-II.NFO,10/12/2024,09:35:34,53973.15,53975.15,60,53991.2,60,0,379350
BANKNIFTY-II.NFO,10/12/2024,09:35:36,53973.15,53974.2,60,53990.5,45,0,379350
BANKNIFTY-II.NFO,10/12/2024,09:35:37,53973.15,53972.6,60,53988.55,60,0,379350
BANKNIFTY-II.NFO,10/12/2024,09:35:39,53973.15,53973,75,53990.45,60,0,379350
BANKNIFTY-II.NFO,10/12/2024,09:35:41,53973.15,53977.65,60,53995.35,45,0,379350
BANKNIFTY-II.NFO,10/12/2024,09:35:42,53990,53977.7,60,53990,15,30,379350
BANKNIFTY-II.NFO,10/12/2024,09:35:44,53990,53978.85,60,53990,15,0,379350
BANKNIFTY-II.NFO,10/12/2024,09:35:46,53990,53979.65,60,53990,15,0,379350
BANKNIFTY-II.NFO,10/12/2024,09:35:47,53990,53982.35,60,53990,15,0,379350
BANKNIFTY-II.NFO,10/12/2024,09:35:49,53990,53980.2,60,53990,15,0,379350
BANKNIFTY-II.NFO,10/12/2024,09:35:51,53990,53980.6,60,53990,15,0,379350
BANKNIFTY-II.NFO,10/12/2024,09:35:52,53990,53978.25,60,53990,15,0,379350
BANKNIFTY-II.NFO,10/12/2024,09:35:54,53980.6,53980.65,60,53997.45,75,30,379350
BANKNIFTY-II.NFO,10/12/2024,09:35:56,53977.9,53977.2,45,53980.2,30,30,379350
BANKNIFTY-II.NFO,10/12/2024,09:35:58,53980.2,53975.55,45,53980.2,15,15,379350
BANKNIFTY-II.NFO,10/12/2024,09:35:59,53980.2,53976.65,45,53996.75,60,15,379350
BANKNIFTY-II.NFO,10/12/2024,09:36:01,53975.55,53975.55,30,53979.3,30,15,379350
BANKNIFTY-II.NFO,10/12/2024,09:36:03,53975.55,53976.45,30,53979.3,30,0,379350
BANKNIFTY-II.NFO,10/12/2024,09:36:04,53975.55,53975.8,30,53979.3,30,0,379350
BANKNIFTY-II.NFO,10/12/2024,09:36:06,53975.55,53975.25,30,53979.3,30,0,379350
BANKNIFTY-II.NFO,10/12/2024,09:36:07,53976.4,53975.95,75,53980.2,15,30,379350
BANKNIFTY-II.NFO,10/12/2024,09:36:09,53977.85,53979.7,45,53980.2,15,15,379350
BANKNIFTY-II.NFO,10/12/2024,09:36:11,53977.85,53978.4,75,53980.2,15,0,379350
BANKNIFTY-II.NFO,10/12/2024,09:36:12,53980.2,53980.35,45,53996.05,30,15,379350
BANKNIFTY-II.NFO,10/12/2024,09:36:14,53995.75,53982.7,30,53998.5,60,30,379350
BANKNIFTY-II.NFO,10/12/2024,09:36:16,53995.75,53982,45,53998.15,60,0,379350
BANKNIFTY-II.NFO,10/12/2024,09:36:17,53995.75,53982,30,53998.05,60,0,379350
BANKNIFTY-II.NFO,10/12/2024,09:36:19,53995.75,53977.5,45,53993.9,60,0,379350
BANKNIFTY-II.NFO,10/12/2024,09:36:21,53995.75,53975,60,53990.45,60,0,379350
BANKNIFTY-II.NFO,10/12/2024,09:36:22,53995.75,53976.65,45,53993.15,60,0,379350
BANKNIFTY-II.NFO,10/12/2024,09:36:24,53995.75,53975,60,53989.5,60,0,379350
BANKNIFTY-II.NFO,10/12/2024,09:36:26,53995.75,53975,75,53990.9,60,0,379350
BANKNIFTY-II.NFO,10/12/2024,09:36:27,53995.75,53975.05,45,53991.95,60,0,379350
BANKNIFTY-II.NFO,10/12/2024,09:36:29,53995.75,53976.95,45,53991.9,15,0,379350
BANKNIFTY-II.NFO,10/12/2024,09:36:31,53995.75,53982.55,45,53991.85,15,0,379350
BANKNIFTY-II.NFO,10/12/2024,09:36:32,53995.75,53982.45,45,53991.8,15,0,379350
BANKNIFTY-II.NFO,10/12/2024,09:36:34,53995.75,53982.1,30,53991.75,15,0,379350
BANKNIFTY-II.NFO,10/12/2024,09:36:36,53982.45,53980.15,30,53991.7,15,15,379350
BANKNIFTY-II.NFO,10/12/2024,09:36:37,53982,53982.15,15,53991.7,15,15,379350
BANKNIFTY-II.NFO,10/12/2024,09:36:39,53982,53981.95,15,53991.7,15,0,379350
BANKNIFTY-II.NFO,10/12/2024,09:36:41,53982,53980.9,15,53981.95,15,0,379350
BANKNIFTY-II.NFO,10/12/2024,09:36:42,53982,53980.7,15,53981.9,15,0,379350
BANKNIFTY-II.NFO,10/12/2024,09:36:44,53981.95,53984.7,165,53991.55,15,30,379350
BANKNIFTY-II.NFO,10/12/2024,09:36:46,53981.95,53983.2,15,53991.5,15,0,379350
BANKNIFTY-II.NFO,10/12/2024,09:36:47,53986.05,53986.3,120,53991.5,15,30,379350
BANKNIFTY-II.NFO,10/12/2024,09:36:49,53986.05,53987.15,15,53991.45,15,0,379335
BANKNIFTY-II.NFO,10/12/2024,09:36:51,53988.25,53985.25,15,53991.45,15,15,379335
BANKNIFTY-II.NFO,10/12/2024,09:36:52,53988.25,53986.7,105,53991.35,15,0,379335
BANKNIFTY-II.NFO,10/12/2024,09:36:54,53988.25,53986.45,15,53991.25,15,0,379335
BANKNIFTY-II.NFO,10/12/2024,09:36:56,53988.25,53987.2,150,53991.2,15,0,379335
BANKNIFTY-II.NFO,10/12/2024,09:36:57,53988.25,53990.1,15,53991.25,15,0,379335
BANKNIFTY-II.NFO,10/12/2024,09:36:59,53991.3,53988.95,105,53995,15,30,379335
BANKNIFTY-II.NFO,10/12/2024,09:37:01,53991.3,53991.5,120,53995,15,0,379335
BANKNIFTY-II.NFO,10/12/2024,09:37:02,53991.3,53991.65,30,53995,15,0,379335
BANKNIFTY-II.NFO,10/12/2024,09:37:04,53991.3,53989.5,105,53994.95,15,0,379335
BANKNIFTY-II.NFO,10/12/2024,09:37:06,53994.9,53991.3,15,53994.85,15,30,379335
BANKNIFTY-II.NFO,10/12/2024,09:37:07,53994.9,53993.75,105,53994.85,15,0,379335
BANKNIFTY-II.NFO,10/12/2024,09:37:09,53994.1,53990.1,15,54000,45,75,379335
BANKNIFTY-II.NFO,10/12/2024,09:37:11,53994.1,53991.05,45,54000,45,0,379335
BANKNIFTY-II.NFO,10/12/2024,09:37:12,53994.1,53995.8,45,53999.95,15,0,379335
BANKNIFTY-II.NFO,10/12/2024,09:37:14,53991.1,53990,30,54000,45,15,379335
BANKNIFTY-II.NFO,10/12/2024,09:37:16,53991.1,53990.4,30,53991.1,15,0,379335
BANKNIFTY-II.NFO,10/12/2024,09:37:17,53991.1,53991,15,53995,30,15,379335
BANKNIFTY-II.NFO,10/12/2024,09:37:19,54000,53991.75,150,54000,15,60,379335
BANKNIFTY-II.NFO,10/12/2024,09:37:21,54000,53994.45,15,54000,15,0,379335
BANKNIFTY-II.NFO,10/12/2024,09:37:22,54000,53995.75,15,54000,15,0,379335
BANKNIFTY-II.NFO,10/12/2024,09:37:24,54000,53994.1,75,53999.95,15,0,379335
BANKNIFTY-II.NFO,10/12/2024,09:37:25,54000,53995.1,15,54000,15,0,379335
BANKNIFTY-II.NFO,10/12/2024,09:37:27,53995.75,53995.85,60,54000,15,15,379335
BANKNIFTY-II.NFO,10/12/2024,09:37:29,54005,53995.75,45,54009.75,60,75,379335
BANKNIFTY-II.NFO,10/12/2024,09:37:30,54005,53995.75,45,54006.5,60,0,379335
BANKNIFTY-II.NFO,10/12/2024,09:37:32,53995.75,53995.75,30,54003.5,75,15,379335
BANKNIFTY-II.NFO,10/12/2024,09:37:34,53994.1,53994.1,30,54004.95,60,75,379335
BANKNIFTY-II.NFO,10/12/2024,09:37:35,53994.1,53994.1,30,54004.7,75,0,379335
BANKNIFTY-II.NFO,10/12/2024,09:37:37,53994.1,53992,15,54005.3,60,45,379335
BANKNIFTY-II.NFO,10/12/2024,09:37:39,53994.1,53995.1,75,54005.45,75,0,379335
BANKNIFTY-II.NFO,10/12/2024,09:37:40,53994.1,53995.1,75,54006.5,75,0,379335
BANKNIFTY-II.NFO,10/12/2024,09:37:42,53994.1,53995.1,75,54009.15,75,0,379335
BANKNIFTY-II.NFO,10/12/2024,09:37:44,54009,53995.1,75,54008.8,75,15,379335
BANKNIFTY-II.NFO,10/12/2024,09:37:45,54009,53995.1,75,54009.4,75,0,379335
BANKNIFTY-II.NFO,10/12/2024,09:37:47,54009,53995.1,75,54006.8,75,0,379335
BANKNIFTY-II.NFO,10/12/2024,09:37:49,54009,53995.1,75,54007.3,60,0,379335
BANKNIFTY-II.NFO,10/12/2024,09:37:50,54009,53995.1,75,54006.75,75,0,379335
BANKNIFTY-II.NFO,10/12/2024,09:37:52,53988.35,53988.75,30,54004.35,60,1005,379335
BANKNIFTY-II.NFO,10/12/2024,09:37:54,53988.35,53988.3,30,54004.3,60,0,379335
BANKNIFTY-II.NFO,10/12/2024,09:37:55,53988.35,53988.3,30,54003.8,75,0,379335
BANKNIFTY-II.NFO,10/12/2024,09:37:57,53988.3,53988.2,75,54003.9,60,15,379335
BANKNIFTY-II.NFO,10/12/2024,09:37:59,53986.5,53982,15,53992.8,30,15,379335
BANKNIFTY-II.NFO,10/12/2024,09:38:00,53989.6,53974.1,60,53988.3,750,105,379335
BANKNIFTY-II.NFO,10/12/2024,09:38:02,53989.6,53974.2,60,53988.3,750,0,379335
BANKNIFTY-II.NFO,10/12/2024,09:38:04,53988.3,53976.6,60,53988.3,735,15,379335
BANKNIFTY-II.NFO,10/12/2024,09:38:05,53988.3,53976.6,150,53988.3,735,0,379335
BANKNIFTY-II.NFO,10/12/2024,09:38:07,53988.3,53976.5,60,53988.3,720,15,379335
BANKNIFTY-II.NFO,10/12/2024,09:38:09,53988.3,53974.65,60,53988.3,720,0,379335
BANKNIFTY-II.NFO,10/12/2024,09:38:10,53988.3,53975,60,53988.3,720,0,379335
BANKNIFTY-II.NFO,10/12/2024,09:38:12,53988.3,53977.85,60,53988.3,720,0,379335
BANKNIFTY-II.NFO,10/12/2024,09:38:14,53988.3,53978.55,60,53988.3,720,0,379335
BANKNIFTY-II.NFO,10/12/2024,09:38:15,53988.3,53981.95,60,53988.3,720,0,379335
BANKNIFTY-II.NFO,10/12/2024,09:38:17,53988.3,53980.9,60,53988.3,720,0,379335
BANKNIFTY-II.NFO,10/12/2024,09:38:18,53988.3,53976.25,60,53988.3,720,0,379335
BANKNIFTY-II.NFO,10/12/2024,09:38:20,53988.3,53980.1,75,53988.3,720,0,379335
BANKNIFTY-II.NFO,10/12/2024,09:38:22,53980.1,53980.1,60,53987.95,60,15,379335
BANKNIFTY-II.NFO,10/12/2024,09:38:23,53980.1,53980.1,60,53987.6,75,0,379335
BANKNIFTY-II.NFO,10/12/2024,09:38:25,53980.1,53980.1,45,53985.95,75,15,379335
BANKNIFTY-II.NFO,10/12/2024,09:38:27,53980.1,53980.1,30,53985.6,75,15,379335
BANKNIFTY-II.NFO,10/12/2024,09:38:28,53980.1,53963.4,60,53979.9,75,30,379335
BANKNIFTY-II.NFO,10/12/2024,09:38:30,53980.1,53965.95,60,53981.6,75,0,379335
BANKNIFTY-II.NFO,10/12/2024,09:38:32,53992.65,53973.55,30,53992.8,30,1650,379335
BANKNIFTY-II.NFO,10/12/2024,09:38:33,53992.65,53972.7,30,53989.55,30,0,379335
BANKNIFTY-II.NFO,10/12/2024,09:38:35,53992.65,53972.7,30,53991.25,15,0,379335
BANKNIFTY-II.NFO,10/12/2024,09:38:37,53992.65,53972.7,30,53991.95,30,0,379335
BANKNIFTY-II.NFO,10/12/2024,09:38:38,53992.65,53977.05,30,53994.1,75,0,379335
BANKNIFTY-II.NFO,10/12/2024,09:38:40,53992.65,53976.45,30,53995.7,30,0,379335
BANKNIFTY-II.NFO,10/12/2024,09:38:42,53992.65,53976.45,30,53995.1,30,0,379335
BANKNIFTY-II.NFO,10/12/2024,09:38:43,53992.65,53976.45,30,53994.55,30,0,379335
BANKNIFTY-II.NFO,10/12/2024,09:38:45,53992.65,53976.45,30,53995.05,150,0,379335
BANKNIFTY-II.NFO,10/12/2024,09:38:47,53992.65,53980.75,30,53997.35,30,0,379335
BANKNIFTY-II.NFO,10/12/2024,09:38:48,53980.75,53979,30,53995.9,15,15,379335
BANKNIFTY-II.NFO,10/12/2024,09:38:50,53980.75,53977.6,30,53993.7,30,0,379335
BANKNIFTY-II.NFO,10/12/2024,09:38:52,53980.75,53977.6,45,53995.6,30,0,379335
BANKNIFTY-II.NFO,10/12/2024,09:38:53,53980.75,53977.6,30,53994.75,30,0,379335
BANKNIFTY-II.NFO,10/12/2024,09:38:55,53980.75,53977.7,30,53993.65,30,0,379335
BANKNIFTY-II.NFO,10/12/2024,09:38:57,53980.75,53978.2,30,53995.3,30,0,379335
BANKNIFTY-II.NFO,10/12/2024,09:38:58,53980.75,53976.6,30,53993.35,30,0,379335
BANKNIFTY-II.NFO,10/12/2024,09:39:00,53980.75,53978.8,30,53994.45,30,0,379335
BANKNIFTY-II.NFO,10/12/2024,09:39:02,53980.75,53981.85,30,53995,900,0,379335
BANKNIFTY-II.NFO,10/12/2024,09:39:03,53980.75,53982.1,60,53995,900,0,379335
BANKNIFTY-II.NFO,10/12/2024,09:39:05,53980.75,53984.95,75,53995,900,0,379335
BANKNIFTY-II.NFO,10/12/2024,09:39:07,53980.75,53982.35,75,53995,900,0,379335
BANKNIFTY-II.NFO,10/12/2024,09:39:08,53980.75,53982.95,75,53995,900,0,379335
BANKNIFTY-II.NFO,10/12/2024,09:39:10,53980.75,53982.75,60,53995,900,0,379335
BANKNIFTY-II.NFO,10/12/2024,09:39:12,53980.75,53980.5,75,53995,900,0,379335
BANKNIFTY-II.NFO,10/12/2024,09:39:13,53980.75,53979.05,75,53985,45,0,379335
BANKNIFTY-II.NFO,10/12/2024,09:39:15,53980.75,53974.9,75,53985,45,0,379335
BANKNIFTY-II.NFO,10/12/2024,09:39:17,53980.75,53975.2,60,53985,45,0,379335
BANKNIFTY-II.NFO,10/12/2024,09:39:18,53975.45,53976.45,75,53985,45,15,379335
BANKNIFTY-II.NFO,10/12/2024,09:39:20,53975.45,53979.25,60,53985,45,0,379335
BANKNIFTY-II.NFO,10/12/2024,09:39:22,53975.45,53981.2,60,53985,45,0,379335
BANKNIFTY-II.NFO,10/12/2024,09:39:23,53975.45,53981.8,60,53985,45,0,379335
BANKNIFTY-II.NFO,10/12/2024,09:39:25,53975.45,53980.5,60,53985,45,0,379335
BANKNIFTY-II.NFO,10/12/2024,09:39:27,53975.45,53980.55,60,53985,45,0,379335
BANKNIFTY-II.NFO,10/12/2024,09:39:28,53975.45,53980.15,60,53985,45,0,379335
BANKNIFTY-II.NFO,10/12/2024,09:39:30,53985,53985.65,60,53995,900,45,379335
BANKNIFTY-II.NFO,10/12/2024,09:39:32,53985,53981.1,60,53995,900,0,379335
BANKNIFTY-II.NFO,10/12/2024,09:39:33,53981.85,53982.25,75,53995,900,15,379335
BANKNIFTY-II.NFO,10/12/2024,09:39:35,53981.85,53982.75,75,53995,900,0,379335
BANKNIFTY-II.NFO,10/12/2024,09:39:37,53981.85,53983.35,75,53995,900,0,379335
BANKNIFTY-II.NFO,10/12/2024,09:39:38,53981.85,53987.2,75,53995,900,0,379335
BANKNIFTY-II.NFO,10/12/2024,09:39:40,53981.85,53992.3,75,53995,900,0,379335
BANKNIFTY-II.NFO,10/12/2024,09:39:42,53995,53993.8,75,53995,615,285,379335
BANKNIFTY-II.NFO,10/12/2024,09:39:43,53995,53994.4,75,53995,615,0,379335
BANKNIFTY-II.NFO,10/12/2024,09:39:45,53995,53993.8,60,53995,495,120,379335
BANKNIFTY-II.NFO,10/12/2024,09:39:47,53995,53999.55,60,54012,15,495,379335
BANKNIFTY-II.NFO,10/12/2024,09:39:48,53999.55,54000.8,75,54012,15,15,379335
BANKNIFTY-II.NFO,10/12/2024,09:39:50,53999.55,54000.55,75,54012,15,0,379335
BANKNIFTY-II.NFO,10/12/2024,09:39:52,53999.55,54005.45,75,54012,15,0,379335
BANKNIFTY-II.NFO,10/12/2024,09:39:53,53999.55,54004.7,75,54012,15,0,379335
BANKNIFTY-II.NFO,10/12/2024,09:39:55,53999.55,54000.95,75,54012,15,0,379335
BANKNIFTY-II.NFO,10/12/2024,09:39:57,54002,54001.05,30,54012,15,15,377820
BANKNIFTY-II.NFO,10/12/2024,09:39:58,54002,54003.3,60,54012,15,0,377820
BANKNIFTY-II.NFO,10/12/2024,09:40:00,54002,54005.8,60,54012,15,0,377820
BANKNIFTY-II.NFO,10/12/2024,09:40:02,54012,54012.25,60,54020,90,15,377820
BANKNIFTY-II.NFO,10/12/2024,09:40:03,54020,54017.7,15,54020,30,120,377820
BANKNIFTY-II.NFO,10/12/2024,09:40:05,54020,54010.8,15,54020,30,0,377820
BANKNIFTY-II.NFO,10/12/2024,09:40:07,54020,54010.25,15,54020,15,15,377820
BANKNIFTY-II.NFO,10/12/2024,09:40:08,54020,54011.55,60,54020,15,0,377820
BANKNIFTY-II.NFO,10/12/2024,09:40:10,54020,54009.3,15,54020,15,0,377820
BANKNIFTY-II.NFO,10/12/2024,09:40:12,54020,54011.1,15,54020,30,0,377820
BANKNIFTY-II.NFO,10/12/2024,09:40:13,54020,54006.45,30,54021.65,60,30,377820
BANKNIFTY-II.NFO,10/12/2024,09:40:15,54020,54008.05,15,54020.8,60,0,377820
BANKNIFTY-II.NFO,10/12/2024,09:40:17,54020,54008.4,15,54023.8,30,0,377820
BANKNIFTY-II.NFO,10/12/2024,09:40:18,54020,54008.05,15,54020.65,60,0,377820
BANKNIFTY-II.NFO,10/12/2024,09:40:20,54020,54008.05,15,54018.6,60,0,377820
BANKNIFTY-II.NFO,10/12/2024,09:40:22,54020,54002,15,54014.75,60,0,377820
BANKNIFTY-II.NFO,10/12/2024,09:40:23,54002,53999,30,54006.65,45,105,377820
BANKNIFTY-II.NFO,10/12/2024,09:40:25,54002,53999,30,54004.2,60,0,377820
BANKNIFTY-II.NFO,10/12/2024,09:40:27,54002,53999,30,54007.15,45,0,377820
BANKNIFTY-II.NFO,10/12/2024,09:40:28,53999,53999,15,54011.3,45,15,377820
BANKNIFTY-II.NFO,10/12/2024,09:40:30,53999,53999,15,54002,15,0,377820
BANKNIFTY-II.NFO,10/12/2024,09:40:33,53999,53999,15,54001.95,45,0,377820
BANKNIFTY-II.NFO,10/12/2024,09:40:35,53999,53999,15,54002,15,0,377820
BANKNIFTY-II.NFO,10/12/2024,09:40:36,53999,53999,15,54001.95,45,0,377820
BANKNIFTY-II.NFO,10/12/2024,09:40:38,54002,53999,15,54008.1,45,15,377820
BANKNIFTY-II.NFO,10/12/2024,09:40:40,54002,53999,15,54005.3,75,0,377820
BANKNIFTY-II.NFO,10/12/2024,09:40:41,53999,53986.1,30,54001.7,60,15,377820
BANKNIFTY-II.NFO,10/12/2024,09:40:43,53999,53991.05,30,54007.2,60,0,377820
BANKNIFTY-II.NFO,10/12/2024,09:40:45,53999,53994,30,54009.85,45,0,377820
BANKNIFTY-II.NFO,10/12/2024,09:40:46,53999,53992.25,30,54008,60,0,377820
BANKNIFTY-II.NFO,10/12/2024,09:40:48,53999,53995.05,60,54009.95,45,0,377820
BANKNIFTY-II.NFO,10/12/2024,09:40:49,53999,53995.65,60,54009.95,45,0,377820
BANKNIFTY-II.NFO,10/12/2024,09:40:51,54000,53993.8,60,54009.7,60,30,377820
BANKNIFTY-II.NFO,10/12/2024,09:40:53,54000,53993.25,60,54008.8,60,0,377820
BANKNIFTY-II.NFO,10/12/2024,09:40:54,54000,54001,60,54010,15,0,377820
BANKNIFTY-II.NFO,10/12/2024,09:40:56,54000,53997.95,75,54010,15,0,377820
BANKNIFTY-II.NFO,10/12/2024,09:40:58,54000,53994.45,75,54001,15,0,377820
BANKNIFTY-II.NFO,10/12/2024,09:40:59,54000,53992.65,75,54001,15,0,377820
BANKNIFTY-II.NFO,10/12/2024,09:41:01,54000,53993,75,54000,15,0,377820
BANKNIFTY-II.NFO,10/12/2024,09:41:03,54000,53998.6,75,54000,15,0,377820
BANKNIFTY-II.NFO,10/12/2024,09:41:04,54001,53998.05,60,54010,15,30,377820
BANKNIFTY-II.NFO,10/12/2024,09:41:06,54001,53997.2,60,54010,15,0,377820
BANKNIFTY-II.NFO,10/12/2024,09:41:07,54001,53997.1,60,54010,15,0,377820
BANKNIFTY-II.NFO,10/12/2024,09:41:09,54001,54000.5,60,54010,15,0,377820
BANKNIFTY-II.NFO,10/12/2024,09:41:11,54001,54003.95,60,54010,15,0,377820
BANKNIFTY-II.NFO,10/12/2024,09:41:12,54001,54003.75,15,54010,15,0,377820
BANKNIFTY-II.NFO,10/12/2024,09:41:16,54001,54003.8,60,54010,15,0,377820
BANKNIFTY-II.NFO,10/12/2024,09:41:17,54001,54004.55,60,54010,15,0,377820
BANKNIFTY-II.NFO,10/12/2024,09:41:19,54001,54003.8,60,54010,15,0,377820
BANKNIFTY-II.NFO,10/12/2024,09:41:21,54001,54003.75,15,54010,15,0,377820
BANKNIFTY-II.NFO,10/12/2024,09:41:22,54003.75,54000,15,54010,15,15,377820
BANKNIFTY-II.NFO,10/12/2024,09:41:24,54003.75,54000,15,54010,15,0,377820
BANKNIFTY-II.NFO,10/12/2024,09:41:26,54003.75,54000,15,54010,30,0,377820
BANKNIFTY-II.NFO,10/12/2024,09:41:31,54003.75,54000.05,60,54010,30,0,377820
BANKNIFTY-II.NFO,10/12/2024,09:41:34,54003.75,54000,15,54010,30,0,377820
BANKNIFTY-II.NFO,10/12/2024,09:41:36,54010,54000.05,60,54010,15,15,377820
BANKNIFTY-II.NFO,10/12/2024,09:41:37,54010,54000,15,54010,15,0,377820
BANKNIFTY-II.NFO,10/12/2024,09:41:39,54010,54004.7,60,54010,15,0,377820
BANKNIFTY-II.NFO,10/12/2024,09:41:41,54010,54004.55,75,54010,15,0,377820
BANKNIFTY-II.NFO,10/12/2024,09:41:42,54010,54005,60,54010,15,0,377820
BANKNIFTY-II.NFO,10/12/2024,09:41:44,54010,54009.75,60,54010,15,0,377820
BANKNIFTY-II.NFO,10/12/2024,09:41:46,54010,54011.05,75,54020,900,15,377820
BANKNIFTY-II.NFO,10/12/2024,09:41:47,54011.05,54012.4,75,54020,900,15,377820
BANKNIFTY-II.NFO,10/12/2024,09:41:49,54011.05,54016.75,60,54020,900,0,377820
BANKNIFTY-II.NFO,10/12/2024,09:41:51,54020,54019.6,15,54020,165,735,377820
BANKNIFTY-II.NFO,10/12/2024,09:41:52,54030,54029.4,30,54040,90,315,377820
BANKNIFTY-II.NFO,10/12/2024,09:41:52,54030,54029.4,30,54040,90,0,377820
BANKNIFTY-II.NFO,10/12/2024,09:41:54,54030,54022.5,60,54039.35,60,0,377820
BANKNIFTY-II.NFO,10/12/2024,09:41:56,54030,54026.7,60,54039.95,60,0,377820
BANKNIFTY-II.NFO,10/12/2024,09:41:57,54030,54024.55,75,54030,15,0,377820
BANKNIFTY-II.NFO,10/12/2024,09:41:59,54030,54027.4,60,54030,15,0,377820
BANKNIFTY-II.NFO,10/12/2024,09:42:01,54030,54027.6,150,54030,15,0,377820
BANKNIFTY-II.NFO,10/12/2024,09:42:02,54030,54029.8,60,54030,15,0,377820
BANKNIFTY-II.NFO,10/12/2024,09:42:04,54040,54032.2,60,54040,30,75,377820
BANKNIFTY-II.NFO,10/12/2024,09:42:04,54040,54032.2,60,54040,30,0,377820
BANKNIFTY-II.NFO,10/12/2024,09:42:06,54040,54025.6,75,54039.95,60,0,377820
BANKNIFTY-II.NFO,10/12/2024,09:42:07,54040,54024.8,45,54040,30,0,377820
BANKNIFTY-II.NFO,10/12/2024,09:42:09,54040,54028.65,15,54040,30,0,377820
BANKNIFTY-II.NFO,10/12/2024,09:42:11,54040,54034.8,150,54040,45,0,377820
BANKNIFTY-II.NFO,10/12/2024,09:42:12,54040,54027.25,150,54040,45,0,377820
BANKNIFTY-II.NFO,10/12/2024,09:42:14,54040,54025.9,150,54040,45,0,377820
BANKNIFTY-II.NFO,10/12/2024,09:42:16,54040,54020.75,75,54036.75,60,0,377820
BANKNIFTY-II.NFO,10/12/2024,09:42:17,54022.6,54018.8,30,54034.7,60,30,377820
BANKNIFTY-II.NFO,10/12/2024,09:42:19,54022.6,54021.7,60,54038.05,60,0,377820
BANKNIFTY-II.NFO,10/12/2024,09:42:20,54023.5,54024.25,60,54039.05,75,15,377820
BANKNIFTY-II.NFO,10/12/2024,09:42:22,54023.5,54026.45,150,54040,45,0,377820
BANKNIFTY-II.NFO,10/12/2024,09:42:24,54023.5,54025.6,60,54039.85,60,0,377820
BANKNIFTY-II.NFO,10/12/2024,09:42:25,54023.5,54026.6,165,54040,105,0,377820
BANKNIFTY-II.NFO,10/12/2024,09:42:27,54039.95,54026,60,54040,90,90,377820
BANKNIFTY-II.NFO,10/12/2024,09:42:29,54040,54025.85,75,54039.95,45,15,377820
BANKNIFTY-II.NFO,10/12/2024,09:42:30,54040,54026.2,75,54038,15,0,377820
BANKNIFTY-II.NFO,10/12/2024,09:42:32,54040,54025.7,75,54038,15,0,377820
BANKNIFTY-II.NFO,10/12/2024,09:42:34,54040,54039.1,75,54040,15,75,377820
BANKNIFTY-II.NFO,10/12/2024,09:42:35,54046,54041.5,60,54046,15,45,377820
BANKNIFTY-II.NFO,10/12/2024,09:42:35,54046,54041.5,60,54046,15,0,377820
BANKNIFTY-II.NFO,10/12/2024,09:42:37,54046,54035.15,75,54046,15,0,377820
BANKNIFTY-II.NFO,10/12/2024,09:42:39,54046,54040,15,54046,15,0,377820
BANKNIFTY-II.NFO,10/12/2024,09:42:40,54046,54040.75,60,54046,15,0,377820
BANKNIFTY-II.NFO,10/12/2024,09:42:42,54040,54037,60,54046,15,15,377820
BANKNIFTY-II.NFO,10/12/2024,09:42:44,54040,54032.4,60,54046,15,0,377820
BANKNIFTY-II.NFO,10/12/2024,09:42:45,54040,54032.4,60,54045.95,45,0,377820
BANKNIFTY-II.NFO,10/12/2024,09:42:47,54040,54034.45,60,54046,15,0,377820
BANKNIFTY-II.NFO,10/12/2024,09:42:48,54040,54032.4,60,54045.85,45,0,377820
BANKNIFTY-II.NFO,10/12/2024,09:42:50,54040,54032.4,60,54045.95,45,0,377820
BANKNIFTY-II.NFO,10/12/2024,09:42:52,54040,54033.7,75,54046,15,0,377820
BANKNIFTY-II.NFO,10/12/2024,09:42:53,54040,54036.25,75,54046,15,0,377820
BANKNIFTY-II.NFO,10/12/2024,09:42:55,54040,54035.4,60,54046,15,0,377820
BANKNIFTY-II.NFO,10/12/2024,09:42:57,54040,54036.4,60,54046,75,0,377820
BANKNIFTY-II.NFO,10/12/2024,09:42:58,54040,54032.4,60,54045.95,45,0,377820
BANKNIFTY-II.NFO,10/12/2024,09:43:00,54040,54028.9,60,54044.9,45,0,377820
BANKNIFTY-II.NFO,10/12/2024,09:43:01,54040,54025,15,54038.55,60,0,377820
BANKNIFTY-II.NFO,10/12/2024,09:43:03,54040,54025,15,54037.45,45,0,377820
BANKNIFTY-II.NFO,10/12/2024,09:43:05,54040,54025.75,60,54041.25,60,0,377820
BANKNIFTY-II.NFO,10/12/2024,09:43:06,54040,54025.7,60,54041.15,60,0,377820
BANKNIFTY-II.NFO,10/12/2024,09:43:08,54045,54026.6,30,54042.45,45,450,377640
BANKNIFTY-II.NFO,10/12/2024,09:43:09,54043.8,54026.05,30,54042.05,45,15,377640
BANKNIFTY-II.NFO,10/12/2024,09:43:11,54043.8,54026.5,45,54043.3,45,0,377640
BANKNIFTY-II.NFO,10/12/2024,09:43:13,54043.8,54025,15,54040.4,45,0,377640
BANKNIFTY-II.NFO,10/12/2024,09:43:14,54043.8,54025,15,54040.45,45,0,377640
BANKNIFTY-II.NFO,10/12/2024,09:43:16,54041.3,54025.1,30,54041.3,15,120,377640
BANKNIFTY-II.NFO,10/12/2024,09:43:18,54040,54027.1,30,54043.95,30,15,377640
BANKNIFTY-II.NFO,10/12/2024,09:43:19,54040,54030,15,54043.8,15,0,377640
BANKNIFTY-II.NFO,10/12/2024,09:43:21,54030,54025,15,54034.85,30,15,377640
BANKNIFTY-II.NFO,10/12/2024,09:43:23,54025,54012.3,30,54029.4,30,15,377640
BANKNIFTY-II.NFO,10/12/2024,09:43:24,54025,54009.6,75,54026.1,30,0,377640
BANKNIFTY-II.NFO,10/12/2024,09:43:26,54024.5,54014.1,30,54030.45,30,15,377640
BANKNIFTY-II.NFO,10/12/2024,09:43:28,54024.5,54009.05,30,54025.45,30,0,377640
BANKNIFTY-II.NFO,10/12/2024,09:43:29,54024.5,54009.3,60,54026.6,30,0,377640
BANKNIFTY-II.NFO,10/12/2024,09:43:31,54026.5,54015.3,30,54032.95,60,30,377640
BANKNIFTY-II.NFO,10/12/2024,09:43:33,54026.5,54018.15,30,54035,45,0,377640
BANKNIFTY-II.NFO,10/12/2024,09:43:34,54026.5,54018.65,30,54034.7,45,0,377640
BANKNIFTY-II.NFO,10/12/2024,09:43:36,54026.5,54016.15,30,54031.65,30,0,377640
BANKNIFTY-II.NFO,10/12/2024,09:43:38,54026.5,54019.2,60,54034.5,30,0,377640
BANKNIFTY-II.NFO,10/12/2024,09:43:39,54026.5,54025.2,45,54041.9,30,0,377640
BANKNIFTY-II.NFO,10/12/2024,09:43:41,54026.5,54023.55,60,54038.85,45,0,377640
BANKNIFTY-II.NFO,10/12/2024,09:43:43,54026.5,54015.15,75,54026,15,0,377640
BANKNIFTY-II.NFO,10/12/2024,09:43:44,54026.5,54018.45,60,54026,15,0,377640
BANKNIFTY-II.NFO,10/12/2024,09:43:46,54026.5,54019.4,75,54026,15,0,377640
BANKNIFTY-II.NFO,10/12/2024,09:43:48,54026,54024.9,60,54029.9,15,15,377640
BANKNIFTY-II.NFO,10/12/2024,09:43:49,54029.9,54029.8,60,54043.8,15,15,377640
BANKNIFTY-II.NFO,10/12/2024,09:43:51,54029.9,54029.8,60,54043.8,15,0,377640
BANKNIFTY-II.NFO,10/12/2024,09:43:53,54024.9,54021.5,75,54024.9,375,75,377640
BANKNIFTY-II.NFO,10/12/2024,09:43:54,54024.9,54023.15,75,54024.9,375,0,377640
BANKNIFTY-II.NFO,10/12/2024,09:43:56,54024.9,54023.9,60,54024.9,180,195,377640
BANKNIFTY-II.NFO,10/12/2024,09:43:58,54024.9,54027.7,150,54043.75,30,180,377640
BANKNIFTY-II.NFO,10/12/2024,09:43:59,54024.9,54028.15,30,54043.7,45,0,377640
BANKNIFTY-II.NFO,10/12/2024,09:44:01,54024.9,54028.2,45,54043.8,15,0,377640
BANKNIFTY-II.NFO,10/12/2024,09:44:03,54024.9,54025.65,30,54041.9,45,0,377640
BANKNIFTY-II.NFO,10/12/2024,09:44:04,54024.9,54023.8,45,54042.15,75,0,377640
BANKNIFTY-II.NFO,10/12/2024,09:44:06,54025.35,54025.35,15,54041.6,45,15,377640
BANKNIFTY-II.NFO,10/12/2024,09:44:08,54025.35,54024.3,15,54041.65,75,0,377640
BANKNIFTY-II.NFO,10/12/2024,09:44:09,54025.35,54027.65,60,54043.8,30,0,377640
BANKNIFTY-II.NFO,10/12/2024,09:44:11,54025.35,54028.9,30,54043.8,15,0,377640
BANKNIFTY-II.NFO,10/12/2024,09:44:13,54025.35,54030.25,30,54040,30,0,377640
BANKNIFTY-II.NFO,10/12/2024,09:44:14,54025.35,54031.45,30,54040,30,0,377640
BANKNIFTY-II.NFO,10/12/2024,09:44:16,54025.35,54031.25,30,54040,30,0,377640
BANKNIFTY-II.NFO,10/12/2024,09:44:17,54025.35,54030.75,75,54040,30,0,377640
BANKNIFTY-II.NFO,10/12/2024,09:44:19,54025.35,54030.65,150,54040,30,0,377640
BANKNIFTY-II.NFO,10/12/2024,09:44:21,54025.35,54025,30,54039.95,60,0,377640
BANKNIFTY-II.NFO,10/12/2024,09:44:22,54025.35,54025,15,54037.85,30,0,377640
BANKNIFTY-II.NFO,10/12/2024,09:44:24,54025.35,54025,15,54038.5,30,0,377640
BANKNIFTY-II.NFO,10/12/2024,09:44:26,54025.35,54025,15,54036.95,30,0,377640
BANKNIFTY-II.NFO,10/12/2024,09:44:27,54025.35,54026.55,60,54040,30,0,377640
BANKNIFTY-II.NFO,10/12/2024,09:44:29,54025.35,54025,15,54037.3,60,0,377640
BANKNIFTY-II.NFO,10/12/2024,09:44:31,54025.35,54025,15,54035.1,75,0,377640
BANKNIFTY-II.NFO,10/12/2024,09:44:32,54033.35,54025,15,54034.75,75,90,377640
BANKNIFTY-II.NFO,10/12/2024,09:44:34,54033.7,54025,15,54034.1,45,90,377640
BANKNIFTY-II.NFO,10/12/2024,09:44:36,54033.5,54019.55,60,54033.65,60,135,377640
BANKNIFTY-II.NFO,10/12/2024,09:44:37,54033.5,54020.55,30,54036.45,15,0,377640
BANKNIFTY-II.NFO,10/12/2024,09:44:39,54033.5,54022.9,45,54039.1,45,0,377640
BANKNIFTY-II.NFO,10/12/2024,09:44:41,54033.5,54023.75,30,54039.95,45,0,377640
BANKNIFTY-II.NFO,10/12/2024,09:44:42,54033.5,54024.45,30,54040,60,0,377640
BANKNIFTY-II.NFO,10/12/2024,09:44:44,54033.5,54023.1,30,54038.9,45,0,377640
BANKNIFTY-II.NFO,10/12/2024,09:44:46,54033.5,54024.4,30,54040,60,0,377640
BANKNIFTY-II.NFO,10/12/2024,09:44:47,54033.5,54027.1,30,54040,45,0,377640
BANKNIFTY-II.NFO,10/12/2024,09:44:49,54033.5,54030.25,60,54040,45,0,377640
BANKNIFTY-II.NFO,10/12/2024,09:44:51,54040,54031.9,60,54040,30,15,377640
BANKNIFTY-II.NFO,10/12/2024,09:44:52,54040,54031.5,75,54040,30,0,377640
BANKNIFTY-II.NFO,10/12/2024,09:44:54,54040,54030.95,75,54040,30,0,377640
BANKNIFTY-II.NFO,10/12/2024,09:44:56,54040,54030,75,54040,30,0,377640
BANKNIFTY-II.NFO,10/12/2024,09:44:58,54040,54030.05,75,54040,30,0,377640
BANKNIFTY-II.NFO,10/12/2024,09:44:59,54040,54032.2,75,54040,30,0,377640
BANKNIFTY-II.NFO,10/12/2024,09:45:01,54040,54035.2,75,54040,30,0,377640
BANKNIFTY-II.NFO,10/12/2024,09:45:03,54040,54029.75,75,54040,30,0,377640
BANKNIFTY-II.NFO,10/12/2024,09:45:04,54040,54031,75,54040,30,0,377640
BANKNIFTY-II.NFO,10/12/2024,09:45:06,54040,54029.4,75,54040,30,0,377640
BANKNIFTY-II.NFO,10/12/2024,09:45:08,54040,54031.75,60,54040,30,0,377640
BANKNIFTY-II.NFO,10/12/2024,09:45:09,54040,54032.8,75,54040,30,0,377640
BANKNIFTY-II.NFO,10/12/2024,09:45:11,54040,54033.15,75,54040,30,0,377640
BANKNIFTY-II.NFO,10/12/2024,09:45:13,54033.15,54033.15,75,54040,30,30,377640
BANKNIFTY-II.NFO,10/12/2024,09:45:14,54033.15,54036.45,75,54040,30,0,377640
BANKNIFTY-II.NFO,10/12/2024,09:45:16,54040,54041.15,45,54043.8,15,135,377640
BANKNIFTY-II.NFO,10/12/2024,09:45:18,54040,54040.6,45,54043.8,15,0,377640
BANKNIFTY-II.NFO,10/12/2024,09:45:19,54040.85,54038.6,15,54043.8,15,15,377640
BANKNIFTY-II.NFO,10/12/2024,09:45:21,54040.85,54041.75,60,54043.8,15,0,377640
BANKNIFTY-II.NFO,10/12/2024,09:45:23,54040.85,54040,75,54043.8,15,0,377640
BANKNIFTY-II.NFO,10/12/2024,09:45:26,54040,54038.15,60,54040,75,75,377640
BANKNIFTY-II.NFO,10/12/2024,09:45:28,54040,54040,135,54043.8,15,75,377640
BANKNIFTY-II.NFO,10/12/2024,09:45:29,54040,54040.1,60,54043.8,15,0,377640
BANKNIFTY-II.NFO,10/12/2024,09:45:31,54040,54040,135,54043.8,15,0,377640
BANKNIFTY-II.NFO,10/12/2024,09:45:34,54040,54029.15,60,54043.25,75,135,377640
BANKNIFTY-II.NFO,10/12/2024,09:45:36,54040,54028.95,15,54043.75,60,0,377640
BANKNIFTY-II.NFO,10/12/2024,09:45:38,54040,54029.85,45,54043.75,60,0,377640
BANKNIFTY-II.NFO,10/12/2024,09:45:39,54040,54025.35,45,54041.75,75,0,377640
BANKNIFTY-II.NFO,10/12/2024,09:45:41,54040,54028.7,30,54043.75,75,0,377640
BANKNIFTY-II.NFO,10/12/2024,09:45:43,54040,54031.5,30,54043.8,15,0,377640
BANKNIFTY-II.NFO,10/12/2024,09:45:44,54040,54032,30,54043.8,15,0,377640
BANKNIFTY-II.NFO,10/12/2024,09:45:46,54032,54031.35,15,54043.8,15,15,377640
BANKNIFTY-II.NFO,10/12/2024,09:45:48,54032,54034.3,30,54043.8,15,0,377640
BANKNIFTY-II.NFO,10/12/2024,09:45:49,54032,54037.35,120,54040,15,0,377640
BANKNIFTY-II.NFO,10/12/2024,09:45:51,54032,54037.6,15,54040,15,0,377640
BANKNIFTY-II.NFO,10/12/2024,09:45:53,54032,54039.65,135,54040,15,0,377640
BANKNIFTY-II.NFO,10/12/2024,09:45:54,54040,54038.5,75,54045,15,30,377565
BANKNIFTY-II.NFO,10/12/2024,09:45:56,54045,54035.85,15,54046,75,15,377565
BANKNIFTY-II.NFO,10/12/2024,09:45:58,54045,54033.1,15,54046,75,0,377565
BANKNIFTY-II.NFO,10/12/2024,09:45:59,54045,54034.35,60,54046,75,0,377565
BANKNIFTY-II.NFO,10/12/2024,09:46:01,54045,54036.3,105,54046,75,0,377565
BANKNIFTY-II.NFO,10/12/2024,09:46:03,54045,54045,15,54046,75,0,377565
BANKNIFTY-II.NFO,10/12/2024,09:46:04,54035.4,54034.4,60,54045.95,60,30,377565
BANKNIFTY-II.NFO,10/12/2024,09:46:06,54035.4,54033.8,60,54046,15,0,377565
BANKNIFTY-II.NFO,10/12/2024,09:46:08,54035.4,54034.25,60,54045.95,60,0,377565
BANKNIFTY-II.NFO,10/12/2024,09:46:09,54035.4,54033.65,30,54046,15,0,377565
BANKNIFTY-II.NFO,10/12/2024,09:46:11,54035.4,54031.7,30,54045.95,60,0,377565
BANKNIFTY-II.NFO,10/12/2024,09:46:13,54035.4,54031.25,15,54033.8,210,0,377565
BANKNIFTY-II.NFO,10/12/2024,09:46:14,54033.8,54033.85,15,54046,15,210,377565
BANKNIFTY-II.NFO,10/12/2024,09:46:16,54033.8,54028.25,15,54044.05,75,0,377565
BANKNIFTY-II.NFO,10/12/2024,09:46:18,54033.8,54029.5,15,54045.2,75,0,377565
BANKNIFTY-II.NFO,10/12/2024,09:46:19,54033.8,54030.35,30,54045.95,60,0,377565
BANKNIFTY-II.NFO,10/12/2024,09:46:21,54033.8,54028.95,15,54044.55,75,0,377565
BANKNIFTY-II.NFO,10/12/2024,09:46:23,54033.8,54024.7,60,54038.7,75,0,377565
BANKNIFTY-II.NFO,10/12/2024,09:46:24,54024.7,54020.85,15,54037.35,75,15,377565
BANKNIFTY-II.NFO,10/12/2024,09:46:26,54024.7,54024.75,30,54041.2,75,0,377565
BANKNIFTY-II.NFO,10/12/2024,09:46:28,54024.7,54024.7,60,54040.1,60,0,377565
BANKNIFTY-II.NFO,10/12/2024,09:46:29,54035.9,54021.5,30,54038.8,45,105,377565
BANKNIFTY-II.NFO,10/12/2024,09:46:31,54035.9,54020.3,30,54036.55,60,0,377565
BANKNIFTY-II.NFO,10/12/2024,09:46:33,54035.45,54018.95,30,54035.45,15,90,377565
BANKNIFTY-II.NFO,10/12/2024,09:46:34,54035.45,54016.75,45,54035.65,30,0,377565
BANKNIFTY-II.NFO,10/12/2024,09:46:36,54035.45,54020.15,30,54034.65,15,0,377565
BANKNIFTY-II.NFO,10/12/2024,09:46:38,54035.45,54021.7,30,54037.35,15,0,377565
BANKNIFTY-II.NFO,10/12/2024,09:46:39,54021.7,54017.5,30,54033.15,15,15,377565
BANKNIFTY-II.NFO,10/12/2024,09:46:41,54021.7,54016.2,30,54031.5,15,0,377565
BANKNIFTY-II.NFO,10/12/2024,09:46:43,54021.7,54018.7,30,54034.35,15,0,377565
BANKNIFTY-II.NFO,10/12/2024,09:46:44,54021.7,54017.2,30,54033.35,15,0,377565
BANKNIFTY-II.NFO,10/12/2024,09:46:46,54021.7,54014.5,30,54030.75,15,0,377565
BANKNIFTY-II.NFO,10/12/2024,09:46:48,54021.7,54011.5,60,54017.5,15,0,377565
BANKNIFTY-II.NFO,10/12/2024,09:46:49,54021.7,54011.8,30,54017.5,15,0,377565
BANKNIFTY-II.NFO,10/12/2024,09:46:51,54017.5,54016.65,30,54031.15,75,30,377565
BANKNIFTY-II.NFO,10/12/2024,09:46:53,54017.5,54015.25,90,54021.7,15,0,377565
BANKNIFTY-II.NFO,10/12/2024,09:46:54,54017.5,54014.2,60,54021.7,15,0,377565
BANKNIFTY-II.NFO,10/12/2024,09:46:56,54017.5,54017.85,60,54021.7,15,0,377565
BANKNIFTY-II.NFO,10/12/2024,09:46:58,54017.5,54016.25,60,54021.7,15,0,377565
BANKNIFTY-II.NFO,10/12/2024,09:46:59,54017.5,54016.7,60,54021.7,15,0,377565
BANKNIFTY-II.NFO,10/12/2024,09:47:01,54017.5,54013.8,60,54021,15,0,377565
BANKNIFTY-II.NFO,10/12/2024,09:47:03,54017.5,54013.45,60,54021,15,0,377565
BANKNIFTY-II.NFO,10/12/2024,09:47:04,54021,54018.25,60,54032.95,75,30,377565
BANKNIFTY-II.NFO,10/12/2024,09:47:06,54021,54016.45,60,54032.5,60,0,377565
BANKNIFTY-II.NFO,10/12/2024,09:47:08,54021,54013.4,30,54029.1,30,0,377565
BANKNIFTY-II.NFO,10/12/2024,09:47:09,54021,54014.7,30,54030.65,15,0,377565
BANKNIFTY-II.NFO,10/12/2024,09:47:11,54021,54012.95,105,54030.85,75,0,377565
BANKNIFTY-II.NFO,10/12/2024,09:47:13,54021,54010.75,75,54030.45,30,0,377565
BANKNIFTY-II.NFO,10/12/2024,09:47:14,54021,54013.75,30,54029.35,30,0,377565
BANKNIFTY-II.NFO,10/12/2024,09:47:16,54021,54019.25,30,54035.3,15,0,377565
BANKNIFTY-II.NFO,10/12/2024,09:47:18,54021,54019.25,30,54034.9,30,0,377565
BANKNIFTY-II.NFO,10/12/2024,09:47:19,54021,54019.1,30,54035.65,30,0,377565
BANKNIFTY-II.NFO,10/12/2024,09:47:21,54021,54023.3,30,54035.95,60,0,377565
BANKNIFTY-II.NFO,10/12/2024,09:47:23,54021,54022.25,60,54035.95,75,0,377565
BANKNIFTY-II.NFO,10/12/2024,09:47:24,54021,54022.4,60,54035.95,60,0,377565
BANKNIFTY-II.NFO,10/12/2024,09:47:26,54021,54022.65,60,54035.95,60,0,377565
BANKNIFTY-II.NFO,10/12/2024,09:47:28,54021,54025.7,30,54040,30,0,377565
BANKNIFTY-II.NFO,10/12/2024,09:47:29,54021,54027.25,30,54040,15,0,377565
BANKNIFTY-II.NFO,10/12/2024,09:47:31,54021,54027.15,30,54040,15,0,377565
BANKNIFTY-II.NFO,10/12/2024,09:47:33,54021,54026.7,60,54040,15,0,377565
BANKNIFTY-II.NFO,10/12/2024,09:47:34,54021,54030.8,60,54040,15,0,377565
BANKNIFTY-II.NFO,10/12/2024,09:47:36,54021,54030.95,60,54040,15,0,377565
BANKNIFTY-II.NFO,10/12/2024,09:47:38,54021,54026.6,90,54040,15,0,377565
BANKNIFTY-II.NFO,10/12/2024,09:47:39,54021,54027.55,60,54040,15,0,377565
BANKNIFTY-II.NFO,10/12/2024,09:47:41,54021,54023.6,30,54039.7,30,0,377565
BANKNIFTY-II.NFO,10/12/2024,09:47:44,54021,54025.15,30,54040,30,0,377565
BANKNIFTY-II.NFO,10/12/2024,09:47:46,54021,54025.25,30,54040,30,0,377565
BANKNIFTY-II.NFO,10/12/2024,09:47:49,54021,54025.7,30,54040,30,0,377565
BANKNIFTY-II.NFO,10/12/2024,09:47:53,54021,54024.35,30,54039.95,30,0,377565
BANKNIFTY-II.NFO,10/12/2024,09:47:54,54039.95,54021,15,54036.75,30,15,377565
BANKNIFTY-II.NFO,10/12/2024,09:47:56,54039.95,54021,15,54035.05,30,0,377565
BANKNIFTY-II.NFO,10/12/2024,09:47:59,54039.95,54021,15,54034.25,30,0,377565
BANKNIFTY-II.NFO,10/12/2024,09:48:02,54039.95,54021,15,54034.75,30,0,377565
BANKNIFTY-II.NFO,10/12/2024,09:48:04,54021,54015,15,54028.45,30,15,377565
BANKNIFTY-II.NFO,10/12/2024,09:48:06,54021,54015,15,54024.8,30,0,377565
BANKNIFTY-II.NFO,10/12/2024,09:48:07,54015,54002.9,30,54018.05,30,15,377565
BANKNIFTY-II.NFO,10/12/2024,09:48:09,54015,54006.9,30,54023.8,30,0,377565
BANKNIFTY-II.NFO,10/12/2024,09:48:11,54015,54003.15,30,54020.05,30,0,377565
BANKNIFTY-II.NFO,10/12/2024,09:48:12,54021.7,54003.5,30,54020.3,30,15,377565
BANKNIFTY-II.NFO,10/12/2024,09:48:14,54021.7,54000,75,54012.95,30,0,377565
BANKNIFTY-II.NFO,10/12/2024,09:48:16,54021.7,54000.05,30,54017.15,30,0,377565
BANKNIFTY-II.NFO,10/12/2024,09:48:17,54010,54002.6,30,54018,45,15,377565
BANKNIFTY-II.NFO,10/12/2024,09:48:19,54010,54001.6,60,54018.9,75,0,377565
BANKNIFTY-II.NFO,10/12/2024,09:48:20,54010,54004.2,30,54018.9,60,0,377565
BANKNIFTY-II.NFO,10/12/2024,09:48:22,54010,54006.55,60,54021.7,30,0,377565
BANKNIFTY-II.NFO,10/12/2024,09:48:24,54010.65,54010.65,60,54021.7,15,30,377565
BANKNIFTY-II.NFO,10/12/2024,09:48:25,54021.7,54012.95,30,54029.45,60,60,377565
BANKNIFTY-II.NFO,10/12/2024,09:48:27,54021.7,54013.6,30,54029.35,75,0,377565
BANKNIFTY-II.NFO,10/12/2024,09:48:29,54021.7,54013.2,30,54028.75,75,0,377565
BANKNIFTY-II.NFO,10/12/2024,09:48:30,54021.7,54012.45,45,54028.9,75,0,377565
BANKNIFTY-II.NFO,10/12/2024,09:48:32,54021.7,54005.85,45,54023.4,60,0,377565
BANKNIFTY-II.NFO,10/12/2024,09:48:34,54006.7,54006.7,30,54022.45,75,15,377565
BANKNIFTY-II.NFO,10/12/2024,09:48:35,54006.7,54006.4,30,54022.45,75,0,377565
BANKNIFTY-II.NFO,10/12/2024,09:48:37,54006.7,54006.8,30,54023.3,75,0,377565
BANKNIFTY-II.NFO,10/12/2024,09:48:39,54006.7,54012.4,30,54028.65,75,0,377565
BANKNIFTY-II.NFO,10/12/2024,09:48:40,54006.7,54017.7,30,54033.55,60,0,377565
BANKNIFTY-II.NFO,10/12/2024,09:48:42,54006.7,54016.65,30,54032,105,0,377565
BANKNIFTY-II.NFO,10/12/2024,09:48:44,54006.7,54014.65,30,54029.6,75,0,377565
BANKNIFTY-II.NFO,10/12/2024,09:48:45,54006.7,54017.9,30,54030.75,60,0,377565
BANKNIFTY-II.NFO,10/12/2024,09:48:47,54006.7,54016.9,30,54030.75,75,0,377565
BANKNIFTY-II.NFO,10/12/2024,09:48:48,54006.7,54015.15,30,54030.75,75,0,377565
BANKNIFTY-II.NFO,10/12/2024,09:48:50,54006.7,54019.25,30,54030.75,60,0,377565
BANKNIFTY-II.NFO,10/12/2024,09:48:52,54006.7,54018,30,54034.5,75,0,377565
BANKNIFTY-II.NFO,10/12/2024,09:48:53,54018.05,54018.05,15,54033.5,45,15,377250
BANKNIFTY-II.NFO,10/12/2024,09:48:55,54018.05,54015,15,54031.7,15,0,377250
BANKNIFTY-II.NFO,10/12/2024,09:48:57,54018.05,54017.9,30,54037.65,60,0,377250
BANKNIFTY-II.NFO,10/12/2024,09:48:58,54018.05,54018,15,54034.65,60,0,377250
BANKNIFTY-II.NFO,10/12/2024,09:49:00,54018.05,54012.7,30,54031.6,60,0,377250
BANKNIFTY-II.NFO,10/12/2024,09:49:02,54018.05,54013.4,15,54029.55,15,0,377250
BANKNIFTY-II.NFO,10/12/2024,09:49:03,54018.05,54010.3,15,54026.05,75,0,377250
BANKNIFTY-II.NFO,10/12/2024,09:49:05,54018.05,54006.3,15,54022.5,75,0,377250
BANKNIFTY-II.NFO,10/12/2024,09:49:07,54018.05,54011,30,54029.15,75,0,377250
BANKNIFTY-II.NFO,10/12/2024,09:49:08,54018.05,54018.05,15,54028.55,60,0,377250
BANKNIFTY-II.NFO,10/12/2024,09:49:10,54018.05,54010.85,15,54026.45,75,15,377250
BANKNIFTY-II.NFO,10/12/2024,09:49:12,54018.05,54014.25,45,54030.75,75,0,377250
BANKNIFTY-II.NFO,10/12/2024,09:49:13,54018.05,54011.15,15,54027.05,75,0,377250
BANKNIFTY-II.NFO,10/12/2024,09:49:15,54018.05,54009.55,30,54028.45,60,0,377250
BANKNIFTY-II.NFO,10/12/2024,09:49:16,54018.05,54012.75,30,54028.75,60,0,377250
BANKNIFTY-II.NFO,10/12/2024,09:49:18,54018.05,54012.45,15,54028.9,75,0,377250
BANKNIFTY-II.NFO,10/12/2024,09:49:20,54018.05,54010.75,30,54027.65,75,0,377250
BANKNIFTY-II.NFO,10/12/2024,09:49:21,54018.05,54010.6,15,54026.5,75,0,377250
BANKNIFTY-II.NFO,10/12/2024,09:49:23,54018.05,54009.9,15,54025.55,75,0,377250
BANKNIFTY-II.NFO,10/12/2024,09:49:25,54018.05,54006.7,15,54023.15,75,0,377250
BANKNIFTY-II.NFO,10/12/2024,09:49:26,54018.05,54008.95,30,54024.5,75,0,377250
BANKNIFTY-II.NFO,10/12/2024,09:49:28,54018.05,54008.6,30,54024.35,60,0,377250
BANKNIFTY-II.NFO,10/12/2024,09:49:30,54018.05,54010.25,15,54026.5,75,0,377250
BANKNIFTY-II.NFO,10/12/2024,09:49:31,54018.05,54011,30,54026.8,60,0,377250
BANKNIFTY-II.NFO,10/12/2024,09:49:33,54018.05,54009.65,30,54026.3,75,0,377250
BANKNIFTY-II.NFO,10/12/2024,09:49:35,54018.05,54010,15,54025.55,75,0,377250
BANKNIFTY-II.NFO,10/12/2024,09:49:36,54018.05,54007.45,30,54023.35,60,0,377250
BANKNIFTY-II.NFO,10/12/2024,09:49:38,54018.05,54008.65,15,54024.4,75,0,377250
BANKNIFTY-II.NFO,10/12/2024,09:49:40,54018.05,54013.3,15,54028.95,75,0,377250
BANKNIFTY-II.NFO,10/12/2024,09:49:41,54018.05,54014.2,15,54029.8,60,0,377250
BANKNIFTY-II.NFO,10/12/2024,09:49:43,54018.05,54015.05,15,54029.8,60,0,377250
BANKNIFTY-II.NFO,10/12/2024,09:49:44,54018.05,54017,15,54029.8,60,0,377250
BANKNIFTY-II.NFO,10/12/2024,09:49:46,54018.05,54013.6,15,54029.7,30,0,377250
BANKNIFTY-II.NFO,10/12/2024,09:49:48,54018.05,54013.35,15,54029.7,30,0,377250
BANKNIFTY-II.NFO,10/12/2024,09:49:49,54018.05,54013.25,30,54029,15,0,377250
BANKNIFTY-II.NFO,10/12/2024,09:49:51,54018.05,54008.4,30,54026.55,105,0,377250
BANKNIFTY-II.NFO,10/12/2024,09:49:53,54018.05,54010.85,15,54026.95,75,0,377250
BANKNIFTY-II.NFO,10/12/2024,09:49:54,54018.05,54011.4,15,54027.4,60,0,377250
BANKNIFTY-II.NFO,10/12/2024,09:49:56,54018.05,54013.2,15,54027.45,60,0,377250
BANKNIFTY-II.NFO,10/12/2024,09:49:58,54018.05,54012.2,15,54028.6,75,0,377250
BANKNIFTY-II.NFO,10/12/2024,09:49:59,54018.05,54008.3,15,54024.35,60,0,377250
BANKNIFTY-II.NFO,10/12/2024,09:50:01,54018.05,54010.8,15,54027.5,75,0,377250
BANKNIFTY-II.NFO,10/12/2024,09:50:03,54018.05,54011.9,30,54028.6,75,0,377250
BANKNIFTY-II.NFO,10/12/2024,09:50:04,54018.05,54001,30,54015.75,60,0,377250
BANKNIFTY-II.NFO,10/12/2024,09:50:06,54018.05,54001.1,30,54018.15,60,0,377250
BANKNIFTY-II.NFO,10/12/2024,09:50:08,54018.05,54000.05,15,54015.2,75,0,377250
BANKNIFTY-II.NFO,10/12/2024,09:50:09,54018.05,54000.2,30,54016,75,0,377250
BANKNIFTY-II.NFO,10/12/2024,09:50:11,54018.05,54002.5,30,54018.7,60,0,377250
BANKNIFTY-II.NFO,10/12/2024,09:50:12,54018.05,54002.1,15,54017.75,60,0,377250
BANKNIFTY-II.NFO,10/12/2024,09:50:14,54018.05,54002.05,15,54016.45,75,0,377250
BANKNIFTY-II.NFO,10/12/2024,09:50:16,54018.05,54005.65,15,54018.05,15,0,377250
BANKNIFTY-II.NFO,10/12/2024,09:50:17,54018.05,54008.55,15,54018.05,15,0,377250
BANKNIFTY-II.NFO,10/12/2024,09:50:19,54018.05,54011.05,15,54018.05,15,0,377250
BANKNIFTY-II.NFO,10/12/2024,09:50:21,54018.05,54010.55,15,54018.05,15,0,377250
BANKNIFTY-II.NFO,10/12/2024,09:50:22,54018.05,54010,15,54018.05,15,0,377250
BANKNIFTY-II.NFO,10/12/2024,09:50:24,54018,54013.45,15,54018,15,15,377250
BANKNIFTY-II.NFO,10/12/2024,09:50:26,54018,54014.25,15,54018,15,0,377250
BANKNIFTY-II.NFO,10/12/2024,09:50:27,54018.05,54016.8,15,54030,120,30,377250
BANKNIFTY-II.NFO,10/12/2024,09:50:29,54018.05,54018.75,45,54030,105,0,377250
BANKNIFTY-II.NFO,10/12/2024,09:50:30,54018.05,54016.1,15,54030,120,0,377250
BANKNIFTY-II.NFO,10/12/2024,09:50:32,54018.05,54019.25,15,54025,15,0,377250
BANKNIFTY-II.NFO,10/12/2024,09:50:34,54025,54024,15,54030,105,15,377250
BANKNIFTY-II.NFO,10/12/2024,09:50:35,54025,54024.55,15,54030,105,0,377250
BANKNIFTY-II.NFO,10/12/2024,09:50:37,54025,54024.45,45,54030,105,0,377250
BANKNIFTY-II.NFO,10/12/2024,09:50:39,54025,54020.1,15,54030,105,0,377250
BANKNIFTY-II.NFO,10/12/2024,09:50:40,54025,54024.2,45,54030,105,0,377250
BANKNIFTY-II.NFO,10/12/2024,09:50:42,54030,54022.15,30,54030,90,15,377250
BANKNIFTY-II.NFO,10/12/2024,09:50:44,54030,54018.1,15,54030,90,0,377250
BANKNIFTY-II.NFO,10/12/2024,09:50:47,54030,54020.85,15,54030,90,0,377250
BANKNIFTY-II.NFO,10/12/2024,09:50:48,54030,54020.05,15,54030,90,0,377250
BANKNIFTY-II.NFO,10/12/2024,09:50:50,54030,54021.25,45,54030,90,0,377250
BANKNIFTY-II.NFO,10/12/2024,09:50:52,54030,54022,15,54030,90,0,377250
BANKNIFTY-II.NFO,10/12/2024,09:50:53,54030,54024.6,30,54030,90,0,377250
BANKNIFTY-II.NFO,10/12/2024,09:50:55,54030,54027.9,15,54030,90,0,377250
BANKNIFTY-II.NFO,10/12/2024,09:50:57,54031,54031.65,30,54040,15,105,377250
BANKNIFTY-II.NFO,10/12/2024,09:50:58,54031,54029.35,30,54040,15,0,377250
BANKNIFTY-II.NFO,10/12/2024,09:51:00,54031,54028.95,30,54040,15,0,377250
BANKNIFTY-II.NFO,10/12/2024,09:51:01,54031,54031.1,30,54040,15,0,377250
BANKNIFTY-II.NFO,10/12/2024,09:51:03,54031,54028.75,30,54040,15,0,377250
BANKNIFTY-II.NFO,10/12/2024,09:51:05,54031,54029.15,15,54040,15,0,377250
BANKNIFTY-II.NFO,10/12/2024,09:51:06,54031,54028.05,30,54040,15,0,377250
BANKNIFTY-II.NFO,10/12/2024,09:51:08,54031,54031.3,30,54040,15,0,377250
BANKNIFTY-II.NFO,10/12/2024,09:51:10,54031,54035.9,75,54040,15,0,377250
BANKNIFTY-II.NFO,10/12/2024,09:51:11,54031,54033.4,30,54040,15,0,377250
BANKNIFTY-II.NFO,10/12/2024,09:51:13,54031,54032.8,150,54040,15,0,377250
BANKNIFTY-II.NFO,10/12/2024,09:51:14,54031,54037.85,150,54040,15,0,377250
BANKNIFTY-II.NFO,10/12/2024,09:51:16,54031,54036.75,30,54040,15,0,377250
BANKNIFTY-II.NFO,10/12/2024,09:51:18,54043,54042.15,15,54046,30,30,377250
BANKNIFTY-II.NFO,10/12/2024,09:51:19,54043,54039.8,75,54046,30,0,377250
BANKNIFTY-II.NFO,10/12/2024,09:51:21,54043,54041.75,150,54046,30,0,377250
BANKNIFTY-II.NFO,10/12/2024,09:51:23,54046,54046.9,15,54049,15,30,377250
BANKNIFTY-II.NFO,10/12/2024,09:51:24,54042.05,54041.45,150,54050,150,30,377250
BANKNIFTY-II.NFO,10/12/2024,09:51:24,54049,54041.45,150,54050,150,0,377250
BANKNIFTY-II.NFO,10/12/2024,09:51:26,54042.05,54033.05,45,54049.1,75,0,377250
BANKNIFTY-II.NFO,10/12/2024,09:51:28,54049.95,54034.05,15,54049.85,60,15,377250
BANKNIFTY-II.NFO,10/12/2024,09:51:28,54049.95,54034.05,15,54049.85,60,0,377250
BANKNIFTY-II.NFO,10/12/2024,09:51:29,54049.95,54033,30,54048.85,60,0,377250
BANKNIFTY-II.NFO,10/12/2024,09:51:31,54036.85,54037.5,15,54050,150,30,377250
BANKNIFTY-II.NFO,10/12/2024,09:51:33,54036.85,54038.95,30,54050,150,0,377250
BANKNIFTY-II.NFO,10/12/2024,09:51:34,54036.85,54036.75,75,54050,150,0,377250
BANKNIFTY-II.NFO,10/12/2024,09:51:36,54036.85,54036.05,15,54048.8,60,0,377250
BANKNIFTY-II.NFO,10/12/2024,09:51:38,54036.85,54034.05,15,54048.15,75,0,377250
BANKNIFTY-II.NFO,10/12/2024,09:51:39,54036.85,54030.1,30,54046.1,75,0,377250
BANKNIFTY-II.NFO,10/12/2024,09:51:41,54036.85,54032.05,15,54046.55,60,0,377250
BANKNIFTY-II.NFO,10/12/2024,09:51:43,54036.85,54034.05,15,54046.2,75,0,377250
BANKNIFTY-II.NFO,10/12/2024,09:51:44,54036.85,54034.05,15,54045.6,60,0,377250
BANKNIFTY-II.NFO,10/12/2024,09:51:46,54036.85,54034.05,15,54045.8,60,0,377250
BANKNIFTY-II.NFO,10/12/2024,09:51:48,54036.85,54034.05,15,54048.5,75,0,377250
BANKNIFTY-II.NFO,10/12/2024,09:51:49,54036.85,54032.05,15,54044.8,60,0,377250
BANKNIFTY-II.NFO,10/12/2024,09:51:51,54036.85,54034.05,15,54047.75,60,0,377250
BANKNIFTY-II.NFO,10/12/2024,09:51:53,54036.85,54036.85,30,54047.55,75,0,377250
BANKNIFTY-II.NFO,10/12/2024,09:51:54,54036.85,54036.85,30,54045.55,75,0,377250
BANKNIFTY-II.NFO,10/12/2024,09:51:56,54036.85,54036.85,30,54049.35,60,0,377250
BANKNIFTY-II.NFO,10/12/2024,09:51:57,54036.85,54036.85,30,54046.9,60,0,377250
