Ticker,Date,Time,LTP,BuyPrice,BuyQty,SellPrice,SellQty,LTQ,OpenInterest
NIFTY-II.NFO,10/12/2024,09:15:03,24870.15,24878.85,75,24889.9,100,25,1304725
NIFTY-II.NFO,10/12/2024,09:15:03,24870.15,24878.85,75,24889.9,100,0,1304725
NIFTY-II.NFO,10/12/2024,09:15:03,24870.15,24878.85,75,24889.9,100,0,1304725
NIFTY-II.NFO,10/12/2024,09:15:03,24870.15,24878.85,75,24889.9,100,0,1304725
NIFTY-II.NFO,10/12/2024,09:15:05,24878.3,24881,50,24887.65,75,250,1304725
NIFTY-II.NFO,10/12/2024,09:15:05,24878.85,24881,50,24887.65,75,0,1304725
NIFTY-II.NFO,10/12/2024,09:15:06,24880.3,24879.5,50,24889.95,100,400,1304725
NIFTY-II.NFO,10/12/2024,09:15:06,24887.65,24879.5,50,24889.95,100,0,1304725
NIFTY-II.NFO,10/12/2024,09:15:08,24880.3,24876,25,24878.65,100,0,1304725
NIFTY-II.NFO,10/12/2024,09:15:10,24876,24873,25,24878.65,50,75,1304725
NIFTY-II.NFO,10/12/2024,09:15:11,24869.9,24870.6,50,24878.6,100,50,1304725
NIFTY-II.NFO,10/12/2024,09:15:11,24869.9,24870.6,50,24878.6,100,0,1304725
NIFTY-II.NFO,10/12/2024,09:15:13,24865.15,24865.65,50,24877.8,100,650,1304725
NIFTY-II.NFO,10/12/2024,09:15:13,24865.15,24865.65,50,24877.8,100,0,1304725
NIFTY-II.NFO,10/12/2024,09:15:15,24865.15,24865.15,650,24870.15,25,0,1304725
NIFTY-II.NFO,10/12/2024,09:15:16,24870.15,24869.7,50,24878.6,100,50,1304725
NIFTY-II.NFO,10/12/2024,09:15:18,24870.15,24870.8,150,24878.6,100,0,1304725
NIFTY-II.NFO,10/12/2024,09:15:20,24875,24871.65,300,24875,250,25,1304725
NIFTY-II.NFO,10/12/2024,09:15:21,24872.15,24872.25,25,24875,250,300,1304725
NIFTY-II.NFO,10/12/2024,09:15:23,24872.9,24872.55,250,24875,225,50,1304725
NIFTY-II.NFO,10/12/2024,09:15:24,24875,24872.4,25,24875,200,25,1304725
NIFTY-II.NFO,10/12/2024,09:15:26,24875,24872.4,25,24875,175,25,1304725
NIFTY-II.NFO,10/12/2024,09:15:28,24875,24872.45,50,24875,200,0,1304725
NIFTY-II.NFO,10/12/2024,09:15:29,24875,24872.5,25,24875,200,0,1304725
NIFTY-II.NFO,10/12/2024,09:15:31,24875,24872.55,25,24875,225,0,1304725
NIFTY-II.NFO,10/12/2024,09:15:33,24872.55,24872.45,50,24875,225,25,1304725
NIFTY-II.NFO,10/12/2024,09:15:34,24872.5,24872.45,25,24875,200,50,1304725
NIFTY-II.NFO,10/12/2024,09:15:36,24872.5,24872.45,25,24875,200,0,1304725
NIFTY-II.NFO,10/12/2024,09:15:37,24872.5,24872.5,25,24875,200,0,1304725
NIFTY-II.NFO,10/12/2024,09:15:41,24872.5,24872.45,25,24875,200,0,1304725
NIFTY-II.NFO,10/12/2024,09:15:42,24871.55,24871.6,50,24875,200,500,1304750
NIFTY-II.NFO,10/12/2024,09:15:44,24875,24874.45,125,24875,75,125,1304750
NIFTY-II.NFO,10/12/2024,09:15:46,24876.6,24876.2,250,24878.65,50,175,1304750
NIFTY-II.NFO,10/12/2024,09:15:47,24876.85,24876.85,50,24880,50,125,1304750
NIFTY-II.NFO,10/12/2024,09:15:49,24887.2,24880.05,50,24887.25,375,400,1304750
NIFTY-II.NFO,10/12/2024,09:15:50,24887,24875.9,100,24885.9,75,25,1304750
NIFTY-II.NFO,10/12/2024,09:15:52,24887,24874.75,100,24881.5,275,0,1304750
NIFTY-II.NFO,10/12/2024,09:15:54,24881.95,24874.75,100,24884.3,125,50,1304750
NIFTY-II.NFO,10/12/2024,09:15:55,24887.2,24877.85,50,24887.4,125,75,1304750
NIFTY-II.NFO,10/12/2024,09:15:55,24888.45,24877.85,50,24887.4,125,0,1304750
NIFTY-II.NFO,10/12/2024,09:15:57,24887.2,24878,175,24888.65,50,0,1304750
NIFTY-II.NFO,10/12/2024,09:15:59,24878.3,24879.25,175,24889.95,150,25,1304750
NIFTY-II.NFO,10/12/2024,09:16:00,24879.25,24880.1,50,24889.9,150,50,1304750
NIFTY-II.NFO,10/12/2024,09:16:02,24879.25,24879.3,25,24886.65,75,0,1304750
NIFTY-II.NFO,10/12/2024,09:16:03,24888.6,24880.15,150,24889.3,125,25,1304750
NIFTY-II.NFO,10/12/2024,09:16:03,24888.6,24880.15,150,24889.3,125,0,1304750
NIFTY-II.NFO,10/12/2024,09:16:05,24889.45,24881.4,100,24889.45,25,25,1304750
NIFTY-II.NFO,10/12/2024,09:16:05,24889.45,24881.4,100,24889.45,25,0,1304750
NIFTY-II.NFO,10/12/2024,09:16:07,24889.45,24879.9,50,24888.8,100,0,1304750
NIFTY-II.NFO,10/12/2024,09:16:08,24889.45,24879.3,25,24882.4,100,0,1304750
NIFTY-II.NFO,10/12/2024,09:16:10,24879.3,24878,25,24884.15,100,25,1304750
NIFTY-II.NFO,10/12/2024,09:16:12,24878,24875.9,25,24884.1,225,25,1304750
NIFTY-II.NFO,10/12/2024,09:16:13,24881.95,24879.25,25,24884.1,25,25,1304750
NIFTY-II.NFO,10/12/2024,09:16:15,24882.2,24875.9,25,24882.2,75,50,1304750
NIFTY-II.NFO,10/12/2024,09:16:17,24875,24875,50,24882.25,200,75,1304750
NIFTY-II.NFO,10/12/2024,09:16:18,24875,24875.9,100,24883.15,25,0,1304750
NIFTY-II.NFO,10/12/2024,09:16:20,24875,24875.05,100,24880,25,0,1304750
NIFTY-II.NFO,10/12/2024,09:16:21,24875,24876.65,100,24880,25,0,1304750
NIFTY-II.NFO,10/12/2024,09:16:23,24877.25,24875.6,150,24880,25,25,1304750
NIFTY-II.NFO,10/12/2024,09:16:25,24877.25,24875.75,100,24880,25,0,1304750
NIFTY-II.NFO,10/12/2024,09:16:26,24877.25,24876.5,100,24880,25,0,1304750
NIFTY-II.NFO,10/12/2024,09:16:28,24877.25,24875.05,100,24880,25,0,1304750
NIFTY-II.NFO,10/12/2024,09:16:29,24877.25,24875.05,100,24880,50,0,1304750
NIFTY-II.NFO,10/12/2024,09:16:31,24877.25,24876,100,24880,50,0,1304750
NIFTY-II.NFO,10/12/2024,09:16:33,24880,24877.85,100,24880,25,25,1304750
NIFTY-II.NFO,10/12/2024,09:16:34,24880,24876.85,100,24880,25,0,1304750
NIFTY-II.NFO,10/12/2024,09:16:36,24880,24876.9,100,24880,25,0,1304750
NIFTY-II.NFO,10/12/2024,09:16:38,24880,24877.75,100,24880,25,0,1304750
NIFTY-II.NFO,10/12/2024,09:16:39,24880,24876.65,100,24881,500,25,1304750
NIFTY-II.NFO,10/12/2024,09:16:41,24880,24876.55,100,24881,500,0,1304750
NIFTY-II.NFO,10/12/2024,09:16:42,24881,24877.85,100,24881,475,25,1304750
NIFTY-II.NFO,10/12/2024,09:16:44,24880,24876.35,100,24880,25,25,1304750
NIFTY-II.NFO,10/12/2024,09:16:46,24876.6,24875.95,100,24880,25,25,1304750
NIFTY-II.NFO,10/12/2024,09:16:47,24876.6,24875.3,100,24880,25,0,1304750
NIFTY-II.NFO,10/12/2024,09:16:49,24876.6,24875.25,100,24880,25,0,1304750
NIFTY-II.NFO,10/12/2024,09:16:51,24875,24875.05,100,24880,25,25,1304750
NIFTY-II.NFO,10/12/2024,09:16:52,24881,24875,25,24881,450,50,1304750
NIFTY-II.NFO,10/12/2024,09:16:54,24881,24875.05,100,24881,450,0,1304750
NIFTY-II.NFO,10/12/2024,09:16:55,24881,24875,25,24881,550,0,1304750
NIFTY-II.NFO,10/12/2024,09:16:57,24881,24880,25,24880.95,25,25,1304750
NIFTY-II.NFO,10/12/2024,09:16:59,24875,24873.55,100,24880.95,25,50,1304750
NIFTY-II.NFO,10/12/2024,09:17:00,24880.95,24875,25,24878.75,50,25,1304750
NIFTY-II.NFO,10/12/2024,09:17:02,24880.95,24875,25,24878.9,125,0,1304750
NIFTY-II.NFO,10/12/2024,09:17:04,24879.35,24875,75,24880.4,125,50,1304750
NIFTY-II.NFO,10/12/2024,09:17:05,24875,24870.15,75,24877,125,75,1304750
NIFTY-II.NFO,10/12/2024,09:17:07,24875,24870.15,75,24877.4,125,0,1304750
NIFTY-II.NFO,10/12/2024,09:17:08,24875,24870.35,75,24876.6,125,0,1304750
NIFTY-II.NFO,10/12/2024,09:17:10,24870,24870,25,24875.95,125,100,1304750
NIFTY-II.NFO,10/12/2024,09:17:12,24870,24870.2,75,24876.35,125,0,1304750
NIFTY-II.NFO,10/12/2024,09:17:14,24870,24870,25,24875,25,0,1304750
NIFTY-II.NFO,10/12/2024,09:17:20,24870,24870,25,24874.85,75,0,1304750
NIFTY-II.NFO,10/12/2024,09:17:22,24867.75,24867,50,24874.1,75,100,1304750
NIFTY-II.NFO,10/12/2024,09:17:23,24867.75,24865,50,24872.65,75,0,1304750
NIFTY-II.NFO,10/12/2024,09:17:25,24867.75,24865,50,24870,25,0,1304750
NIFTY-II.NFO,10/12/2024,09:17:27,24865,24865.8,100,24870,25,25,1304750
NIFTY-II.NFO,10/12/2024,09:17:27,24865,24865.8,100,24870,25,0,1304750
NIFTY-II.NFO,10/12/2024,09:17:28,24865,24867.3,100,24870,25,0,1304750
NIFTY-II.NFO,10/12/2024,09:17:30,24865,24865.8,100,24870,25,0,1304750
NIFTY-II.NFO,10/12/2024,09:17:31,24865,24866.05,100,24870,25,0,1304750
NIFTY-II.NFO,10/12/2024,09:17:33,24866.05,24866.55,100,24870,25,50,1304750
NIFTY-II.NFO,10/12/2024,09:17:35,24865.3,24865.3,100,24870,25,50,1304750
NIFTY-II.NFO,10/12/2024,09:17:36,24865.3,24866.05,100,24870,25,0,1304750
NIFTY-II.NFO,10/12/2024,09:17:38,24867.05,24866,50,24870,25,25,1304750
NIFTY-II.NFO,10/12/2024,09:17:39,24870.65,24866,50,24872.05,100,100,1304750
NIFTY-II.NFO,10/12/2024,09:17:41,24870.65,24866,50,24870,50,0,1304750
NIFTY-II.NFO,10/12/2024,09:17:44,24870,24867.05,75,24870,25,25,1304750
NIFTY-II.NFO,10/12/2024,09:17:46,24870,24868.05,75,24870,25,0,1304750
NIFTY-II.NFO,10/12/2024,09:17:47,24870,24867.55,75,24870,25,0,1304750
NIFTY-II.NFO,10/12/2024,09:17:49,24867,24867.05,75,24870,25,100,1304750
NIFTY-II.NFO,10/12/2024,09:17:51,24867,24866.05,75,24870,25,0,1304750
NIFTY-II.NFO,10/12/2024,09:17:52,24867,24865.55,75,24870,25,0,1304750
NIFTY-II.NFO,10/12/2024,09:17:55,24870,24870,50,24872.85,25,50,1304750
NIFTY-II.NFO,10/12/2024,09:17:57,24872.85,24866.15,75,24873.9,100,50,1304750
NIFTY-II.NFO,10/12/2024,09:17:59,24872.85,24866.15,75,24873.65,25,0,1304750
NIFTY-II.NFO,10/12/2024,09:18:00,24872.85,24867,125,24873.65,25,0,1304750
NIFTY-II.NFO,10/12/2024,09:18:02,24872.85,24867.55,75,24873.65,25,0,1304750
NIFTY-II.NFO,10/12/2024,09:18:03,24872.85,24867.8,125,24873.65,25,0,1304750
NIFTY-II.NFO,10/12/2024,09:18:05,24872.85,24868.6,125,24873.65,25,0,1304750
NIFTY-II.NFO,10/12/2024,09:18:07,24872.85,24866.75,125,24873.65,25,0,1304750
NIFTY-II.NFO,10/12/2024,09:18:08,24872.85,24867.6,75,24873.65,25,0,1304750
NIFTY-II.NFO,10/12/2024,09:18:10,24872.85,24867.95,125,24873.65,25,0,1304750
NIFTY-II.NFO,10/12/2024,09:18:12,24872.85,24868.6,75,24873.65,25,0,1304750
NIFTY-II.NFO,10/12/2024,09:18:13,24869.1,24869.1,100,24873.65,25,25,1304750
NIFTY-II.NFO,10/12/2024,09:18:15,24869.1,24871.65,50,24875.05,25,0,1304750
NIFTY-II.NFO,10/12/2024,09:18:17,24869.1,24870.7,50,24875.05,25,0,1304750
NIFTY-II.NFO,10/12/2024,09:18:18,24869.3,24868.6,50,24875.05,25,50,1304750
NIFTY-II.NFO,10/12/2024,09:18:20,24869.3,24866.6,50,24874.25,600,0,1304750
NIFTY-II.NFO,10/12/2024,09:18:22,24869.3,24867.3,50,24875.05,25,0,1304750
NIFTY-II.NFO,10/12/2024,09:18:23,24869.3,24869.1,25,24874.1,100,0,1304750
NIFTY-II.NFO,10/12/2024,09:18:25,24869.3,24869.1,25,24875,175,0,1304750
NIFTY-II.NFO,10/12/2024,09:18:27,24875,24869.1,25,24875,100,50,1304750
NIFTY-II.NFO,10/12/2024,09:18:28,24875,24869.1,25,24875,100,0,1304750
NIFTY-II.NFO,10/12/2024,09:18:32,24872.85,24869.1,25,24875,100,25,1304750
NIFTY-II.NFO,10/12/2024,09:18:33,24872.85,24869.1,25,24874.8,100,0,1304750
NIFTY-II.NFO,10/12/2024,09:18:35,24872.85,24869.1,25,24874.4,100,0,1304750
NIFTY-II.NFO,10/12/2024,09:18:37,24872.85,24869.1,25,24874.35,25,0,1304750
NIFTY-II.NFO,10/12/2024,09:18:42,24872.85,24870.15,50,24875,25,0,1304750
NIFTY-II.NFO,10/12/2024,09:18:43,24869.85,24869.85,25,24875,25,25,1305625
NIFTY-II.NFO,10/12/2024,09:18:45,24869.85,24869.5,50,24875,25,0,1305625
NIFTY-II.NFO,10/12/2024,09:18:47,24869.85,24871.4,25,24875,25,0,1305625
NIFTY-II.NFO,10/12/2024,09:18:48,24869.85,24871.3,25,24875,25,0,1305625
NIFTY-II.NFO,10/12/2024,09:18:50,24869.85,24871.8,25,24875,25,0,1305625
NIFTY-II.NFO,10/12/2024,09:18:52,24869.85,24871.25,25,24875,25,0,1305625
NIFTY-II.NFO,10/12/2024,09:18:53,24875,24870.4,50,24875.05,25,25,1305625
NIFTY-II.NFO,10/12/2024,09:18:55,24877.05,24870.05,100,24874.95,25,250,1305625
NIFTY-II.NFO,10/12/2024,09:18:57,24877.05,24870.25,100,24874.95,25,0,1305625
NIFTY-II.NFO,10/12/2024,09:18:58,24877.05,24870.4,50,24874.95,25,0,1305625
NIFTY-II.NFO,10/12/2024,09:19:00,24877.05,24870,100,24874.9,75,0,1305625
NIFTY-II.NFO,10/12/2024,09:19:02,24870,24870,50,24874.9,25,100,1305625
NIFTY-II.NFO,10/12/2024,09:19:03,24870,24870,50,24874.9,25,0,1305625
NIFTY-II.NFO,10/12/2024,09:19:05,24875.95,24870,50,24876.05,75,400,1305625
NIFTY-II.NFO,10/12/2024,09:19:07,24875.95,24870,50,24876.05,75,0,1305625
NIFTY-II.NFO,10/12/2024,09:19:08,24875.95,24870,50,24875.65,250,0,1305625
NIFTY-II.NFO,10/12/2024,09:19:10,24875.95,24872,25,24875,25,0,1305625
NIFTY-II.NFO,10/12/2024,09:19:13,24875.95,24872,25,24875,50,0,1305625
NIFTY-II.NFO,10/12/2024,09:19:15,24875.95,24872,25,24875,150,0,1305625
NIFTY-II.NFO,10/12/2024,09:19:18,24872,24870,75,24873.9,125,50,1305625
NIFTY-II.NFO,10/12/2024,09:19:20,24872,24870,75,24874.6,125,0,1305625
NIFTY-II.NFO,10/12/2024,09:19:22,24872,24870,75,24872.4,125,0,1305625
NIFTY-II.NFO,10/12/2024,09:19:23,24870,24866,25,24871.75,125,75,1305625
NIFTY-II.NFO,10/12/2024,09:19:25,24870,24866,25,24870.7,125,0,1305625
NIFTY-II.NFO,10/12/2024,09:19:27,24865.05,24870,25,24872,25,100,1305625
NIFTY-II.NFO,10/12/2024,09:19:28,24865.05,24870,25,24872,25,0,1305625
NIFTY-II.NFO,10/12/2024,09:19:32,24870,24866.5,150,24870,25,25,1305625
NIFTY-II.NFO,10/12/2024,09:19:33,24870,24865.75,100,24870,25,0,1305625
NIFTY-II.NFO,10/12/2024,09:19:35,24870,24865.25,100,24870,25,0,1305625
NIFTY-II.NFO,10/12/2024,09:19:38,24870,24866.25,100,24870,25,0,1305625
NIFTY-II.NFO,10/12/2024,09:19:40,24870,24867.55,100,24870,25,0,1305625
NIFTY-II.NFO,10/12/2024,09:19:42,24870,24868.9,100,24872,25,25,1305625
NIFTY-II.NFO,10/12/2024,09:19:43,24869.2,24869.2,150,24872,25,25,1305625
NIFTY-II.NFO,10/12/2024,09:19:45,24869.2,24870.45,100,24872,25,25,1305625
NIFTY-II.NFO,10/12/2024,09:19:47,24869.2,24869.6,100,24872,25,0,1305625
NIFTY-II.NFO,10/12/2024,09:19:48,24870,24870.4,150,24875,50,25,1305625
NIFTY-II.NFO,10/12/2024,09:19:50,24870,24871.2,75,24875,50,0,1305625
NIFTY-II.NFO,10/12/2024,09:19:52,24870,24867.35,100,24874.95,25,0,1305625
NIFTY-II.NFO,10/12/2024,09:19:53,24870,24866.25,100,24873.25,25,0,1305625
NIFTY-II.NFO,10/12/2024,09:19:55,24869.1,24870,75,24875,50,150,1305625
NIFTY-II.NFO,10/12/2024,09:19:57,24869.1,24869.75,75,24875,50,0,1305625
NIFTY-II.NFO,10/12/2024,09:19:58,24869.1,24868.4,75,24875,50,0,1305625
NIFTY-II.NFO,10/12/2024,09:20:00,24874.95,24870,25,24874.95,100,25,1305625
NIFTY-II.NFO,10/12/2024,09:20:02,24874.95,24870,25,24874.3,100,0,1305625
NIFTY-II.NFO,10/12/2024,09:20:03,24870,24865,50,24871.15,175,25,1305625
NIFTY-II.NFO,10/12/2024,09:20:05,24865,24865,25,24870.1,175,25,1305625
NIFTY-II.NFO,10/12/2024,09:20:07,24865,24863,25,24868.35,100,25,1305625
NIFTY-II.NFO,10/12/2024,09:20:08,24865,24863,25,24868.35,100,0,1305625
NIFTY-II.NFO,10/12/2024,09:20:10,24860.15,24862.05,175,24868.4,25,250,1305625
NIFTY-II.NFO,10/12/2024,09:20:10,24860.15,24862.05,175,24868.4,25,0,1305625
NIFTY-II.NFO,10/12/2024,09:20:12,24860.9,24861.2,125,24868.4,25,100,1305625
NIFTY-II.NFO,10/12/2024,09:20:13,24860.2,24860.2,50,24869.25,150,50,1305625
NIFTY-II.NFO,10/12/2024,09:20:15,24860.2,24860.2,225,24869.6,150,0,1305625
NIFTY-II.NFO,10/12/2024,09:20:17,24860.2,24861.65,50,24870.05,100,0,1305625
NIFTY-II.NFO,10/12/2024,09:20:18,24860.2,24861.45,250,24871.2,100,0,1305625
NIFTY-II.NFO,10/12/2024,09:20:20,24860.2,24863.55,125,24872.8,100,0,1305625
NIFTY-II.NFO,10/12/2024,09:20:22,24860.2,24861.25,50,24870.95,100,0,1305625
NIFTY-II.NFO,10/12/2024,09:20:23,24860.2,24860.2,125,24867.95,100,0,1305625
NIFTY-II.NFO,10/12/2024,09:20:25,24860.2,24861.25,50,24870.15,100,0,1305625
NIFTY-II.NFO,10/12/2024,09:20:27,24860.2,24861.05,50,24869.95,100,0,1305625
NIFTY-II.NFO,10/12/2024,09:20:28,24862.95,24862.25,125,24865,25,25,1305625
NIFTY-II.NFO,10/12/2024,09:20:30,24862.95,24861.05,125,24865,25,0,1305625
NIFTY-II.NFO,10/12/2024,09:20:32,24861.45,24861.65,100,24865,25,25,1305625
NIFTY-II.NFO,10/12/2024,09:20:33,24861.45,24862.6,125,24865,25,0,1305625
NIFTY-II.NFO,10/12/2024,09:20:35,24865,24864.25,50,24872.45,100,25,1305625
NIFTY-II.NFO,10/12/2024,09:20:37,24865,24866.2,50,24874.75,75,0,1305625
NIFTY-II.NFO,10/12/2024,09:20:38,24865,24865.2,50,24872.75,500,0,1305625
NIFTY-II.NFO,10/12/2024,09:20:40,24866.4,24866.3,175,24874.45,100,50,1305625
NIFTY-II.NFO,10/12/2024,09:20:42,24866.4,24866.85,50,24874.95,100,0,1305625
NIFTY-II.NFO,10/12/2024,09:20:43,24866.4,24864.9,50,24872.7,100,0,1305625
NIFTY-II.NFO,10/12/2024,09:20:45,24866.4,24864.2,50,24873,100,0,1305625
NIFTY-II.NFO,10/12/2024,09:20:47,24866.4,24865.9,50,24874.95,100,0,1305625
NIFTY-II.NFO,10/12/2024,09:20:50,24866.4,24865.95,50,24874.95,100,0,1305625
NIFTY-II.NFO,10/12/2024,09:20:52,24866.6,24868.15,50,24874.8,75,25,1305625
NIFTY-II.NFO,10/12/2024,09:20:53,24866.6,24868.15,50,24874.8,75,0,1305625
NIFTY-II.NFO,10/12/2024,09:20:55,24874.8,24869.65,50,24874.8,50,25,1305625
NIFTY-II.NFO,10/12/2024,09:20:57,24874.8,24870.4,50,24875,75,0,1305625
NIFTY-II.NFO,10/12/2024,09:20:58,24874.8,24869.85,50,24875,325,0,1305625
NIFTY-II.NFO,10/12/2024,09:21:00,24874.8,24869.55,50,24875,325,0,1305625
NIFTY-II.NFO,10/12/2024,09:21:02,24870.35,24869.45,50,24874.8,25,25,1305625
NIFTY-II.NFO,10/12/2024,09:21:03,24870.7,24871,50,24875,325,50,1305625
NIFTY-II.NFO,10/12/2024,09:21:05,24871.4,24870.5,125,24875,325,25,1305625
NIFTY-II.NFO,10/12/2024,09:21:07,24870.35,24870.45,125,24875,325,25,1305625
NIFTY-II.NFO,10/12/2024,09:21:08,24870.35,24870.95,125,24875,325,0,1305625
NIFTY-II.NFO,10/12/2024,09:21:10,24870.35,24871.1,125,24875,325,0,1305625
NIFTY-II.NFO,10/12/2024,09:21:12,24872.1,24871.5,125,24875,325,25,1305625
NIFTY-II.NFO,10/12/2024,09:21:13,24872.1,24871.75,125,24875,325,0,1305625
NIFTY-II.NFO,10/12/2024,09:21:15,24872.1,24872.9,125,24875,325,0,1305625
NIFTY-II.NFO,10/12/2024,09:21:16,24872.1,24873.3,125,24875,325,0,1305625
NIFTY-II.NFO,10/12/2024,09:21:18,24873.6,24873.9,125,24875,325,25,1305625
NIFTY-II.NFO,10/12/2024,09:21:20,24875,24874.95,50,24879.2,75,325,1305625
NIFTY-II.NFO,10/12/2024,09:21:21,24875,24875.95,50,24880,50,0,1305625
NIFTY-II.NFO,10/12/2024,09:21:23,24881,24875.65,50,24881,75,500,1305625
NIFTY-II.NFO,10/12/2024,09:21:25,24881,24875.1,50,24882.6,100,100,1305625
NIFTY-II.NFO,10/12/2024,09:21:26,24881,24877.35,50,24883.35,75,0,1305625
NIFTY-II.NFO,10/12/2024,09:21:28,24881,24878.15,50,24884.95,100,0,1305625
NIFTY-II.NFO,10/12/2024,09:21:30,24881,24879.25,50,24884.95,75,0,1305625
NIFTY-II.NFO,10/12/2024,09:21:31,24879.4,24879.9,100,24885,25,25,1305625
NIFTY-II.NFO,10/12/2024,09:21:33,24879.4,24880.55,50,24885,25,0,1305625
NIFTY-II.NFO,10/12/2024,09:21:35,24879.4,24878.85,50,24884.95,100,0,1305625
NIFTY-II.NFO,10/12/2024,09:21:36,24879.4,24879.4,25,24882,25,0,1305625
NIFTY-II.NFO,10/12/2024,09:21:38,24886.2,24879.55,50,24886.95,100,100,1305625
NIFTY-II.NFO,10/12/2024,09:21:40,24886.2,24879.8,50,24886.95,100,0,1305625
NIFTY-II.NFO,10/12/2024,09:21:41,24886.2,24880.25,50,24886.95,100,0,1305625
NIFTY-II.NFO,10/12/2024,09:21:43,24879.55,24879.45,50,24886.95,100,25,1306250
NIFTY-II.NFO,10/12/2024,09:21:45,24886.2,24879.45,50,24886.7,100,25,1306250
NIFTY-II.NFO,10/12/2024,09:21:47,24886.2,24880.3,50,24885.95,100,0,1306250
NIFTY-II.NFO,10/12/2024,09:21:48,24886.2,24879.45,50,24886.15,100,0,1306250
NIFTY-II.NFO,10/12/2024,09:21:50,24885.95,24879.1,50,24885.95,100,50,1306250
NIFTY-II.NFO,10/12/2024,09:21:52,24885.95,24878.25,50,24885.95,100,0,1306250
NIFTY-II.NFO,10/12/2024,09:21:53,24885.75,24879.95,75,24885.9,75,200,1306250
NIFTY-II.NFO,10/12/2024,09:21:55,24877.7,24875.75,100,24880.3,25,25,1306250
NIFTY-II.NFO,10/12/2024,09:21:57,24877.7,24880,25,24880.3,25,0,1306250
NIFTY-II.NFO,10/12/2024,09:22:03,24880.3,24880,25,24885,25,25,1306250
NIFTY-II.NFO,10/12/2024,09:22:05,24880.3,24880,25,24885,25,0,1306250
NIFTY-II.NFO,10/12/2024,09:22:08,24885,24880,25,24886,25,25,1306250
NIFTY-II.NFO,10/12/2024,09:22:10,24885,24880,25,24886,475,0,1306250
NIFTY-II.NFO,10/12/2024,09:22:11,24880,24879.4,200,24886,25,25,1306250
NIFTY-II.NFO,10/12/2024,09:22:13,24880,24880,25,24886,25,0,1306250
NIFTY-II.NFO,10/12/2024,09:22:15,24888.3,24880,75,24887.4,25,1000,1306250
NIFTY-II.NFO,10/12/2024,09:22:16,24880,24879.9,50,24887.45,25,25,1306250
NIFTY-II.NFO,10/12/2024,09:22:18,24880,24879.75,175,24888.2,50,0,1306250
NIFTY-II.NFO,10/12/2024,09:22:20,24888.2,24881.25,100,24888.2,25,25,1306250
NIFTY-II.NFO,10/12/2024,09:22:21,24881.25,24881.45,175,24888.2,25,50,1306250
NIFTY-II.NFO,10/12/2024,09:22:23,24881.25,24882.55,100,24889,50,0,1306250
NIFTY-II.NFO,10/12/2024,09:22:25,24882.85,24882.15,100,24889,75,25,1306250
NIFTY-II.NFO,10/12/2024,09:22:26,24882.85,24882.1,175,24889,75,0,1306250
NIFTY-II.NFO,10/12/2024,09:22:28,24882.85,24882.8,100,24885,25,0,1306250
NIFTY-II.NFO,10/12/2024,09:22:31,24882.85,24882.25,150,24885,25,0,1306250
NIFTY-II.NFO,10/12/2024,09:22:36,24885,24883.7,175,24890,75,25,1306250
NIFTY-II.NFO,10/12/2024,09:22:38,24885.2,24884,100,24890,75,25,1306250
NIFTY-II.NFO,10/12/2024,09:22:40,24885.2,24884.9,100,24890,75,0,1306250
NIFTY-II.NFO,10/12/2024,09:22:41,24885.2,24884.15,100,24890,100,0,1306250
NIFTY-II.NFO,10/12/2024,09:22:43,24885.2,24883.9,150,24890,100,0,1306250
NIFTY-II.NFO,10/12/2024,09:22:45,24885.6,24885.65,100,24890,100,50,1306250
NIFTY-II.NFO,10/12/2024,09:22:46,24885.6,24884.75,100,24890,100,0,1306250
NIFTY-II.NFO,10/12/2024,09:22:48,24890,24884,100,24890,25,75,1306250
NIFTY-II.NFO,10/12/2024,09:22:48,24890,24884,100,24890,25,0,1306250
NIFTY-II.NFO,10/12/2024,09:22:50,24890,24885.2,25,24890,25,0,1306250
NIFTY-II.NFO,10/12/2024,09:22:51,24890,24885.2,25,24888,25,0,1306250
NIFTY-II.NFO,10/12/2024,09:23:00,24885.2,24881.25,50,24887.75,100,25,1306250
NIFTY-II.NFO,10/12/2024,09:23:01,24885.2,24881.25,50,24887.35,100,0,1306250
NIFTY-II.NFO,10/12/2024,09:23:03,24886.7,24881.25,50,24886.05,25,75,1306250
NIFTY-II.NFO,10/12/2024,09:23:05,24886.9,24881.25,50,24887.35,50,75,1306250
NIFTY-II.NFO,10/12/2024,09:23:06,24886.9,24881.25,50,24887.9,50,0,1306250
NIFTY-II.NFO,10/12/2024,09:23:08,24886.9,24881.25,50,24887.95,50,0,1306250
NIFTY-II.NFO,10/12/2024,09:23:10,24888.45,24881.25,25,24887.85,300,400,1306250
NIFTY-II.NFO,10/12/2024,09:23:11,24881.25,24879.4,200,24885.9,50,25,1306250
NIFTY-II.NFO,10/12/2024,09:23:13,24881.25,24879.4,200,24885.9,50,0,1306250
NIFTY-II.NFO,10/12/2024,09:23:14,24881.25,24879.4,200,24885.55,50,0,1306250
NIFTY-II.NFO,10/12/2024,09:23:16,24881.25,24879.4,200,24884.4,50,0,1306250
NIFTY-II.NFO,10/12/2024,09:23:18,24881.25,24879.4,200,24884.55,50,0,1306250
NIFTY-II.NFO,10/12/2024,09:23:19,24881.25,24879.4,200,24884.65,50,0,1306250
NIFTY-II.NFO,10/12/2024,09:23:21,24881.25,24879.4,200,24884.6,125,0,1306250
NIFTY-II.NFO,10/12/2024,09:23:23,24881.25,24879.4,200,24882.8,125,0,1306250
NIFTY-II.NFO,10/12/2024,09:23:24,24881.25,24879.4,200,24883.15,75,0,1306250
NIFTY-II.NFO,10/12/2024,09:23:26,24881.25,24879.4,200,24883.75,125,0,1306250
NIFTY-II.NFO,10/12/2024,09:23:28,24881.25,24879.4,200,24881,50,0,1306250
NIFTY-II.NFO,10/12/2024,09:23:31,24881.25,24879.45,100,24881,50,0,1306250
NIFTY-II.NFO,10/12/2024,09:23:33,24881.25,24879.4,200,24881,50,0,1306250
NIFTY-II.NFO,10/12/2024,09:23:34,24881.25,24879.45,100,24881,50,0,1306250
NIFTY-II.NFO,10/12/2024,09:23:36,24879.4,24879.4,100,24881,25,125,1306250
NIFTY-II.NFO,10/12/2024,09:23:38,24879.4,24879.4,100,24881,25,0,1306250
NIFTY-II.NFO,10/12/2024,09:23:39,24886.9,24879.45,100,24886.95,25,250,1306250
NIFTY-II.NFO,10/12/2024,09:23:41,24886.9,24879.6,100,24886.95,25,0,1306250
NIFTY-II.NFO,10/12/2024,09:23:43,24886.95,24880.1,100,24887.35,25,25,1306250
NIFTY-II.NFO,10/12/2024,09:23:44,24886.95,24879.6,100,24887.35,25,0,1306250
NIFTY-II.NFO,10/12/2024,09:23:46,24886.95,24881.1,100,24887.35,25,0,1306250
NIFTY-II.NFO,10/12/2024,09:23:48,24886.95,24880.1,100,24886.95,25,0,1306250
NIFTY-II.NFO,10/12/2024,09:23:49,24886.95,24880.1,175,24886.95,25,0,1306250
NIFTY-II.NFO,10/12/2024,09:23:51,24880.1,24880.1,75,24886.95,25,775,1306250
NIFTY-II.NFO,10/12/2024,09:23:53,24880.1,24879.45,75,24885.95,25,0,1306250
NIFTY-II.NFO,10/12/2024,09:23:56,24879.4,24879.4,75,24885.95,25,100,1306250
NIFTY-II.NFO,10/12/2024,09:23:58,24879.4,24880.05,25,24886.95,25,0,1306250
NIFTY-II.NFO,10/12/2024,09:23:59,24879.4,24879.4,75,24886.95,25,0,1306250
NIFTY-II.NFO,10/12/2024,09:24:01,24879.4,24881.25,50,24887.35,25,0,1306250
NIFTY-II.NFO,10/12/2024,09:24:03,24879.4,24882.05,75,24887.35,25,0,1306250
NIFTY-II.NFO,10/12/2024,09:24:04,24879.4,24883.05,50,24887.35,25,0,1306250
NIFTY-II.NFO,10/12/2024,09:24:06,24882.35,24882.65,50,24887.35,25,25,1306250
NIFTY-II.NFO,10/12/2024,09:24:08,24882.35,24883.1,250,24887.35,25,0,1306250
NIFTY-II.NFO,10/12/2024,09:24:09,24882.35,24881.35,300,24886.95,25,0,1306250
NIFTY-II.NFO,10/12/2024,09:24:11,24881.45,24881.2,75,24886.95,25,25,1306250
NIFTY-II.NFO,10/12/2024,09:24:13,24881.45,24880.9,75,24886.95,25,0,1306250
NIFTY-II.NFO,10/12/2024,09:24:15,24881.45,24881.3,250,24886.95,25,0,1306250
NIFTY-II.NFO,10/12/2024,09:24:16,24881.45,24882,250,24886.95,25,0,1306250
NIFTY-II.NFO,10/12/2024,09:24:18,24881.45,24882.7,250,24886.95,25,25,1306250
NIFTY-II.NFO,10/12/2024,09:24:20,24882.7,24882.15,250,24886.95,25,25,1306250
NIFTY-II.NFO,10/12/2024,09:24:21,24882.7,24881.55,275,24886.95,25,0,1306250
NIFTY-II.NFO,10/12/2024,09:24:23,24881.55,24881.35,25,24885.95,25,25,1306250
NIFTY-II.NFO,10/12/2024,09:24:25,24886.95,24880.15,50,24886.95,25,25,1306250
NIFTY-II.NFO,10/12/2024,09:24:26,24886.95,24880.15,50,24886.95,25,0,1306250
NIFTY-II.NFO,10/12/2024,09:24:28,24886.95,24880.75,400,24886.95,25,0,1306250
NIFTY-II.NFO,10/12/2024,09:24:30,24886.95,24879.4,75,24880.15,25,0,1306250
NIFTY-II.NFO,10/12/2024,09:24:31,24880.15,24879.4,75,24884.9,100,25,1306250
NIFTY-II.NFO,10/12/2024,09:24:33,24880.15,24879.4,75,24882.95,25,0,1306250
NIFTY-II.NFO,10/12/2024,09:24:34,24880.15,24879.4,75,24883.9,100,0,1306250
NIFTY-II.NFO,10/12/2024,09:24:36,24880.15,24879.4,75,24882.95,25,0,1306250
NIFTY-II.NFO,10/12/2024,09:24:39,24880.15,24879.4,75,24883.6,75,0,1306250
NIFTY-II.NFO,10/12/2024,09:24:43,24880.15,24879.4,75,24884.65,75,0,1306250
NIFTY-II.NFO,10/12/2024,09:24:44,24879.4,24879.4,50,24884.95,100,25,1306025
NIFTY-II.NFO,10/12/2024,09:24:46,24879.4,24879.4,25,24884.95,100,25,1306025
NIFTY-II.NFO,10/12/2024,09:24:48,24879.4,24879.4,25,24880,125,0,1306025
NIFTY-II.NFO,10/12/2024,09:24:53,24880,24879.4,25,24880,100,25,1306025
NIFTY-II.NFO,10/12/2024,09:24:54,24880,24879.4,25,24880,100,0,1306025
NIFTY-II.NFO,10/12/2024,09:24:58,24880,24879.4,25,24880,75,25,1306025
NIFTY-II.NFO,10/12/2024,09:24:59,24879.4,24875.6,100,24880,75,25,1306025
NIFTY-II.NFO,10/12/2024,09:25:01,24880,24876.3,75,24880,50,25,1306025
NIFTY-II.NFO,10/12/2024,09:25:03,24880,24876.3,75,24880,50,0,1306025
NIFTY-II.NFO,10/12/2024,09:25:04,24880,24875,75,24878.8,50,0,1306025
NIFTY-II.NFO,10/12/2024,09:25:06,24879.4,24875,75,24879.95,25,50,1306025
NIFTY-II.NFO,10/12/2024,09:25:08,24879.4,24875,75,24879.8,50,0,1306025
NIFTY-II.NFO,10/12/2024,09:25:11,24875,24875,50,24880,50,25,1306025
NIFTY-II.NFO,10/12/2024,09:25:13,24875,24879.4,25,24880,50,0,1306025
NIFTY-II.NFO,10/12/2024,09:25:16,24879.7,24875,50,24879.3,100,75,1306025
NIFTY-II.NFO,10/12/2024,09:25:18,24875,24875,25,24879.9,100,25,1306025
NIFTY-II.NFO,10/12/2024,09:25:19,24875,24875,25,24878.9,100,0,1306025
NIFTY-II.NFO,10/12/2024,09:25:21,24875,24875,25,24879.85,100,0,1306025
NIFTY-II.NFO,10/12/2024,09:25:23,24875,24873.4,25,24880,50,25,1306025
NIFTY-II.NFO,10/12/2024,09:25:24,24875,24873.6,275,24880,50,0,1306025
NIFTY-II.NFO,10/12/2024,09:25:26,24875,24875.35,25,24880,50,0,1306025
NIFTY-II.NFO,10/12/2024,09:25:28,24875,24875.4,25,24880,50,0,1306025
NIFTY-II.NFO,10/12/2024,09:25:29,24874.05,24875.3,250,24880,50,25,1306025
NIFTY-II.NFO,10/12/2024,09:25:31,24874.05,24874.1,275,24879.95,25,0,1306025
NIFTY-II.NFO,10/12/2024,09:25:32,24874.05,24874,25,24877.95,25,0,1306025
NIFTY-II.NFO,10/12/2024,09:25:34,24874,24873.3,25,24878.95,25,25,1306025
NIFTY-II.NFO,10/12/2024,09:25:36,24874,24873.1,225,24877.95,25,0,1306025
NIFTY-II.NFO,10/12/2024,09:25:37,24874,24874.15,25,24879.95,25,0,1306025
NIFTY-II.NFO,10/12/2024,09:25:39,24874,24874.35,25,24879.95,25,0,1306025
NIFTY-II.NFO,10/12/2024,09:25:41,24874,24874.25,250,24879.95,25,0,1306025
NIFTY-II.NFO,10/12/2024,09:25:42,24874,24874,25,24879.95,25,0,1306025
NIFTY-II.NFO,10/12/2024,09:25:44,24874,24874,250,24879.95,25,0,1306025
NIFTY-II.NFO,10/12/2024,09:25:46,24880,24875.75,250,24880,50,25,1306025
NIFTY-II.NFO,10/12/2024,09:25:47,24880,24874.4,50,24879.95,25,0,1306025
NIFTY-II.NFO,10/12/2024,09:25:51,24874.1,24874,25,24877.95,25,25,1306025
NIFTY-II.NFO,10/12/2024,09:25:52,24874.1,24874,25,24877.95,25,0,1306025
NIFTY-II.NFO,10/12/2024,09:25:54,24874.1,24874,25,24878.95,25,0,1306025
NIFTY-II.NFO,10/12/2024,09:25:56,24874,24872.95,25,24878.95,25,25,1306025
NIFTY-II.NFO,10/12/2024,09:25:57,24874,24872.65,200,24877.95,25,0,1306025
NIFTY-II.NFO,10/12/2024,09:25:59,24874,24873.65,25,24879.95,25,0,1306025
NIFTY-II.NFO,10/12/2024,09:26:01,24874,24874.25,50,24879.95,25,0,1306025
NIFTY-II.NFO,10/12/2024,09:26:02,24874,24875.5,25,24880,50,0,1306025
NIFTY-II.NFO,10/12/2024,09:26:04,24874,24875.85,25,24880,50,0,1306025
NIFTY-II.NFO,10/12/2024,09:26:06,24874,24876.1,50,24880,50,0,1306025
NIFTY-II.NFO,10/12/2024,09:26:07,24874,24876.1,50,24879.95,25,0,1306025
NIFTY-II.NFO,10/12/2024,09:26:09,24874,24873.45,50,24876.95,25,0,1306025
NIFTY-II.NFO,10/12/2024,09:26:11,24874,24872.1,50,24875.85,25,0,1306025
NIFTY-II.NFO,10/12/2024,09:26:12,24874,24870,50,24873.95,25,0,1306025
NIFTY-II.NFO,10/12/2024,09:26:14,24874,24870,50,24872.9,100,0,1306025
NIFTY-II.NFO,10/12/2024,09:26:16,24874,24870,50,24872.95,25,0,1306025
NIFTY-II.NFO,10/12/2024,09:26:17,24872.95,24870,50,24874.95,25,25,1306025
NIFTY-II.NFO,10/12/2024,09:26:19,24872.95,24870,50,24873.7,100,0,1306025
NIFTY-II.NFO,10/12/2024,09:26:21,24872.95,24870,50,24872.7,100,0,1306025
NIFTY-II.NFO,10/12/2024,09:26:22,24870,24870,25,24871.9,100,25,1306025
NIFTY-II.NFO,10/12/2024,09:26:24,24870,24863.55,75,24868.95,25,25,1306025
NIFTY-II.NFO,10/12/2024,09:26:26,24870,24863.55,75,24867.95,25,0,1306025
NIFTY-II.NFO,10/12/2024,09:26:28,24870,24863.85,75,24867.95,25,0,1306025
NIFTY-II.NFO,10/12/2024,09:26:29,24870,24864.85,75,24867.95,25,0,1306025
NIFTY-II.NFO,10/12/2024,09:26:31,24868.95,24863.95,50,24867.95,25,50,1306025
NIFTY-II.NFO,10/12/2024,09:26:33,24868.95,24864.15,50,24867.95,25,0,1306025
NIFTY-II.NFO,10/12/2024,09:26:36,24868.95,24862.65,75,24866.95,25,0,1306025
NIFTY-II.NFO,10/12/2024,09:26:38,24868.95,24864.4,25,24867.95,25,0,1306025
NIFTY-II.NFO,10/12/2024,09:26:39,24867.85,24863.35,50,24866.95,25,25,1306025
NIFTY-II.NFO,10/12/2024,09:26:41,24872.75,24862.15,125,24866.95,25,1800,1306025
NIFTY-II.NFO,10/12/2024,09:26:43,24867.85,24861.85,100,24867.95,25,750,1306025
NIFTY-II.NFO,10/12/2024,09:26:44,24867.85,24862.15,50,24867.85,25,0,1306025
NIFTY-II.NFO,10/12/2024,09:26:46,24867.85,24861,50,24865.95,25,0,1306025
NIFTY-II.NFO,10/12/2024,09:26:48,24866.95,24862.85,25,24867.85,25,25,1306025
NIFTY-II.NFO,10/12/2024,09:26:49,24866.95,24862.55,100,24867.85,25,0,1306025
NIFTY-II.NFO,10/12/2024,09:26:51,24866.95,24862.5,50,24867.85,25,0,1306025
NIFTY-II.NFO,10/12/2024,09:26:53,24866.95,24862.3,100,24867.85,25,0,1306025
NIFTY-II.NFO,10/12/2024,09:26:54,24866.95,24862.95,100,24867.85,25,0,1306025
NIFTY-II.NFO,10/12/2024,09:26:56,24862.95,24862.35,25,24865.85,25,25,1306025
NIFTY-II.NFO,10/12/2024,09:26:58,24862.95,24863.15,25,24865.85,25,0,1306025
NIFTY-II.NFO,10/12/2024,09:26:59,24865.85,24863.2,100,24870.9,25,25,1306025
NIFTY-II.NFO,10/12/2024,09:27:01,24865.85,24863,50,24869.9,25,0,1306025
NIFTY-II.NFO,10/12/2024,09:27:03,24865.85,24862.2,100,24868.95,25,0,1306025
NIFTY-II.NFO,10/12/2024,09:27:04,24865.85,24860.2,50,24865.95,25,0,1306025
NIFTY-II.NFO,10/12/2024,09:27:06,24865.85,24860.2,50,24865.9,25,0,1306025
NIFTY-II.NFO,10/12/2024,09:27:08,24865.85,24860.2,50,24862,200,0,1306025
NIFTY-II.NFO,10/12/2024,09:27:11,24860,24854.05,100,24859.95,25,150,1306025
NIFTY-II.NFO,10/12/2024,09:27:11,24860,24854.05,100,24859.95,25,0,1306025
NIFTY-II.NFO,10/12/2024,09:27:13,24860,24855.45,100,24860,25,0,1306025
NIFTY-II.NFO,10/12/2024,09:27:14,24860,24856.95,100,24860,225,0,1306025
NIFTY-II.NFO,10/12/2024,09:27:16,24860,24857.95,25,24860,225,0,1306025
NIFTY-II.NFO,10/12/2024,09:27:18,24855.55,24855.2,100,24860,225,25,1306025
NIFTY-II.NFO,10/12/2024,09:27:18,24855.55,24855.2,100,24860,225,0,1306025
NIFTY-II.NFO,10/12/2024,09:27:19,24855.55,24854.8,25,24859.95,25,0,1306025
NIFTY-II.NFO,10/12/2024,09:27:21,24855.55,24856.1,25,24859.95,25,0,1306025
NIFTY-II.NFO,10/12/2024,09:27:23,24855,24854.4,100,24858.95,25,200,1306025
NIFTY-II.NFO,10/12/2024,09:27:23,24855,24854.4,100,24858.95,25,0,1306025
NIFTY-II.NFO,10/12/2024,09:27:24,24855,24854.25,125,24859.95,25,0,1306025
NIFTY-II.NFO,10/12/2024,09:27:26,24855,24855.9,100,24860,25,0,1306025
NIFTY-II.NFO,10/12/2024,09:27:28,24860,24854.5,100,24860.95,25,25,1306025
NIFTY-II.NFO,10/12/2024,09:27:29,24860,24854,25,24859.9,25,0,1306025
NIFTY-II.NFO,10/12/2024,09:27:31,24854,24853,25,24858.95,25,50,1306025
NIFTY-II.NFO,10/12/2024,09:27:31,24854,24853,25,24858.95,25,0,1306025
NIFTY-II.NFO,10/12/2024,09:27:33,24854,24853,25,24858.95,25,0,1306025
NIFTY-II.NFO,10/12/2024,09:27:34,24854,24853.5,100,24858.95,25,0,1306025
NIFTY-II.NFO,10/12/2024,09:27:36,24853.9,24854.8,100,24860.95,25,25,1306025
NIFTY-II.NFO,10/12/2024,09:27:36,24853.9,24854.8,100,24860.95,25,0,1306025
NIFTY-II.NFO,10/12/2024,09:27:38,24854.25,24855,25,24859.95,25,50,1306025
NIFTY-II.NFO,10/12/2024,09:27:39,24854.25,24855,25,24860.9,100,0,1306025
NIFTY-II.NFO,10/12/2024,09:27:41,24860.9,24855,25,24860.9,75,25,1306025
NIFTY-II.NFO,10/12/2024,09:27:43,24860.9,24855,25,24858.9,75,0,1306025
NIFTY-II.NFO,10/12/2024,09:27:46,24860.9,24855,25,24860.85,75,0,1306025
NIFTY-II.NFO,10/12/2024,09:27:48,24860.9,24855,25,24860.15,75,0,1306025
NIFTY-II.NFO,10/12/2024,09:27:49,24860.9,24855,25,24859,75,0,1306025
NIFTY-II.NFO,10/12/2024,09:27:51,24855,24853,25,24859.9,75,25,1307925
NIFTY-II.NFO,10/12/2024,09:27:53,24855,24853,25,24858.95,25,0,1307925
NIFTY-II.NFO,10/12/2024,09:27:54,24855,24853,25,24858.9,25,0,1307925
NIFTY-II.NFO,10/12/2024,09:27:59,24855,24855,25,24859.8,25,25,1307925
NIFTY-II.NFO,10/12/2024,09:28:01,24855,24853,25,24855,25,25,1307925
NIFTY-II.NFO,10/12/2024,09:28:03,24855,24853.05,100,24855,25,0,1307925
NIFTY-II.NFO,10/12/2024,09:28:04,24855,24853.75,100,24858.95,25,25,1307925
NIFTY-II.NFO,10/12/2024,09:28:06,24854.05,24854,25,24858.95,25,25,1307925
NIFTY-II.NFO,10/12/2024,09:28:08,24854.05,24854,25,24859.9,100,0,1307925
NIFTY-II.NFO,10/12/2024,09:28:11,24854.05,24854,25,24859.9,50,0,1307925
NIFTY-II.NFO,10/12/2024,09:28:13,24854,24853.05,100,24858.95,25,25,1307925
NIFTY-II.NFO,10/12/2024,09:28:14,24854,24853,25,24854.05,100,0,1307925
NIFTY-II.NFO,10/12/2024,09:28:18,24854,24853.05,125,24854.05,100,0,1307925
NIFTY-II.NFO,10/12/2024,09:28:19,24854,24853,25,24854.05,100,0,1307925
NIFTY-II.NFO,10/12/2024,09:28:21,24854,24853,25,24854,25,0,1307925
NIFTY-II.NFO,10/12/2024,09:28:23,24854,24853,25,24854.05,100,25,1307925
NIFTY-II.NFO,10/12/2024,09:28:24,24853,24852,25,24854.05,100,25,1307925
NIFTY-II.NFO,10/12/2024,09:28:24,24853,24852,25,24854.05,100,0,1307925
NIFTY-II.NFO,10/12/2024,09:28:26,24853,24852.4,100,24854.05,100,0,1307925
NIFTY-II.NFO,10/12/2024,09:28:28,24854.05,24853.75,50,24860.95,100,200,1307925
NIFTY-II.NFO,10/12/2024,09:28:29,24854.05,24854.95,50,24861,25,0,1307925
NIFTY-II.NFO,10/12/2024,09:28:31,24854.05,24857.2,50,24861,25,0,1307925
NIFTY-II.NFO,10/12/2024,09:28:33,24861,24856.1,50,24864.4,100,25,1307925
NIFTY-II.NFO,10/12/2024,09:28:34,24861,24856.3,50,24864.4,100,0,1307925
NIFTY-II.NFO,10/12/2024,09:28:36,24861,24858.75,125,24867.15,125,0,1307925
NIFTY-II.NFO,10/12/2024,09:28:38,24861,24859.05,125,24867.1,100,0,1307925
NIFTY-II.NFO,10/12/2024,09:28:39,24861,24860.35,50,24865,25,0,1307925
NIFTY-II.NFO,10/12/2024,09:28:41,24861,24859.55,50,24865,25,0,1307925
NIFTY-II.NFO,10/12/2024,09:28:43,24861.7,24861.55,250,24865,25,75,1307925
NIFTY-II.NFO,10/12/2024,09:28:44,24861.7,24860.8,50,24865,25,0,1307925
NIFTY-II.NFO,10/12/2024,09:28:46,24861.7,24861.25,250,24865,25,0,1307925
NIFTY-II.NFO,10/12/2024,09:28:48,24861.7,24862.3,250,24865,25,0,1307925
NIFTY-II.NFO,10/12/2024,09:28:49,24861.7,24862.45,250,24865,25,0,1307925
NIFTY-II.NFO,10/12/2024,09:28:51,24861.7,24861.4,250,24865,25,0,1307925
NIFTY-II.NFO,10/12/2024,09:28:53,24861.7,24860.95,25,24865,25,0,1307925
NIFTY-II.NFO,10/12/2024,09:28:58,24861.7,24860.95,25,24864.95,100,0,1307925
NIFTY-II.NFO,10/12/2024,09:29:01,24860.95,24855.3,250,24860.95,275,25,1307925
NIFTY-II.NFO,10/12/2024,09:29:03,24860.95,24854.25,250,24860.9,100,100,1307925
NIFTY-II.NFO,10/12/2024,09:29:04,24853.65,24854.35,250,24859.95,25,25,1307925
NIFTY-II.NFO,10/12/2024,09:29:06,24858.95,24853.1,250,24858.95,25,25,1307925
NIFTY-II.NFO,10/12/2024,09:29:08,24853.2,24852.9,250,24858.95,25,25,1307925
NIFTY-II.NFO,10/12/2024,09:29:09,24853.2,24852.45,250,24858.95,25,0,1307925
NIFTY-II.NFO,10/12/2024,09:29:11,24853.2,24853.4,75,24858.95,25,0,1307925
NIFTY-II.NFO,10/12/2024,09:29:13,24853.2,24852.1,250,24858.9,100,0,1307925
NIFTY-II.NFO,10/12/2024,09:29:14,24853.2,24852,25,24858.9,100,0,1307925
NIFTY-II.NFO,10/12/2024,09:29:16,24858.9,24852.05,25,24858.9,100,25,1307925
NIFTY-II.NFO,10/12/2024,09:29:18,24858.9,24852,25,24858.9,75,100,1307925
NIFTY-II.NFO,10/12/2024,09:29:19,24858.9,24852.1,75,24858.9,50,25,1307925
NIFTY-II.NFO,10/12/2024,09:29:21,24858.9,24852,25,24858.8,50,0,1307925
NIFTY-II.NFO,10/12/2024,09:29:23,24858.9,24852,25,24856.6,50,0,1307925
NIFTY-II.NFO,10/12/2024,09:29:24,24852,24851.25,175,24858.9,50,25,1307925
NIFTY-II.NFO,10/12/2024,09:29:24,24852,24851.25,175,24858.9,50,0,1307925
NIFTY-II.NFO,10/12/2024,09:29:26,24852,24851.25,175,24856.9,50,0,1307925
NIFTY-II.NFO,10/12/2024,09:29:28,24852,24851.25,175,24855.6,50,0,1307925
NIFTY-II.NFO,10/12/2024,09:29:29,24852,24851.25,175,24856.95,50,0,1307925
NIFTY-II.NFO,10/12/2024,09:29:31,24852,24851.25,175,24856.9,50,0,1307925
NIFTY-II.NFO,10/12/2024,09:29:33,24852,24851.25,175,24857.1,50,0,1307925
NIFTY-II.NFO,10/12/2024,09:29:34,24852,24852,25,24856.9,50,0,1307925
NIFTY-II.NFO,10/12/2024,09:29:36,24852,24852,50,24857.9,50,0,1307925
NIFTY-II.NFO,10/12/2024,09:29:38,24852,24852,75,24857.9,150,0,1307925
NIFTY-II.NFO,10/12/2024,09:29:39,24852,24852,75,24857.9,50,0,1307925
NIFTY-II.NFO,10/12/2024,09:29:41,24852,24852.05,100,24857.95,25,0,1307925
NIFTY-II.NFO,10/12/2024,09:29:43,24852,24852.05,50,24858.05,25,150,1307925
NIFTY-II.NFO,10/12/2024,09:29:44,24852.05,24852,75,24858.15,100,50,1307925
NIFTY-II.NFO,10/12/2024,09:29:46,24852,24851.25,175,24857.9,100,175,1307925
NIFTY-II.NFO,10/12/2024,09:29:48,24852,24851.25,175,24857.9,100,0,1307925
NIFTY-II.NFO,10/12/2024,09:29:49,24852,24851.25,175,24856.85,25,0,1307925
NIFTY-II.NFO,10/12/2024,09:29:51,24852,24851.25,175,24857,25,0,1307925
NIFTY-II.NFO,10/12/2024,09:29:53,24852,24852,50,24857,25,0,1307925
NIFTY-II.NFO,10/12/2024,09:29:54,24852,24852.5,50,24859.9,100,0,1307925
NIFTY-II.NFO,10/12/2024,09:29:56,24852.7,24852.1,50,24859.6,100,100,1307925
NIFTY-II.NFO,10/12/2024,09:29:58,24852.1,24852.45,50,24859.95,125,50,1307925
NIFTY-II.NFO,10/12/2024,09:29:59,24852.1,24852,75,24859.75,200,0,1307925
NIFTY-II.NFO,10/12/2024,09:30:01,24852.1,24852.95,50,24860,325,0,1307925
NIFTY-II.NFO,10/12/2024,09:30:03,24852.1,24852,75,24859.65,200,0,1307925
NIFTY-II.NFO,10/12/2024,09:30:04,24852.1,24852,75,24858.95,25,0,1307925
NIFTY-II.NFO,10/12/2024,09:30:06,24852.1,24854,250,24860,300,0,1307925
NIFTY-II.NFO,10/12/2024,09:30:08,24852.1,24854.05,50,24860,300,0,1307925
NIFTY-II.NFO,10/12/2024,09:30:09,24852.1,24854.3,50,24860,300,0,1307925
NIFTY-II.NFO,10/12/2024,09:30:11,24863.9,24856.35,75,24863.5,25,425,1307925
NIFTY-II.NFO,10/12/2024,09:30:13,24863.9,24857.8,400,24864,25,0,1307925
NIFTY-II.NFO,10/12/2024,09:30:14,24864,24858.45,125,24865,25,25,1307925
NIFTY-II.NFO,10/12/2024,09:30:16,24864,24859.4,50,24865.55,100,0,1307925
NIFTY-II.NFO,10/12/2024,09:30:18,24864,24859.6,75,24865.6,25,0,1307925
NIFTY-II.NFO,10/12/2024,09:30:19,24864,24859.7,50,24865.6,25,0,1307925
NIFTY-II.NFO,10/12/2024,09:30:21,24864,24858.7,75,24865.05,25,0,1307925
NIFTY-II.NFO,10/12/2024,09:30:23,24864,24857.3,125,24863.95,25,0,1307925
NIFTY-II.NFO,10/12/2024,09:30:24,24864,24860,25,24865.5,100,25,1307925
NIFTY-II.NFO,10/12/2024,09:30:26,24864,24860,25,24863.95,50,0,1307925
NIFTY-II.NFO,10/12/2024,09:30:28,24864,24860,25,24865.15,100,0,1307925
NIFTY-II.NFO,10/12/2024,09:30:29,24864,24860,25,24866.35,100,0,1307925
NIFTY-II.NFO,10/12/2024,09:30:31,24864,24860.1,50,24865.9,25,0,1307925
NIFTY-II.NFO,10/12/2024,09:30:33,24864,24860.1,50,24865.8,25,0,1307925
NIFTY-II.NFO,10/12/2024,09:30:34,24864,24860,25,24864,50,0,1307925
NIFTY-II.NFO,10/12/2024,09:30:36,24864,24861.25,75,24864,50,0,1307925
NIFTY-II.NFO,10/12/2024,09:30:38,24864,24860.9,75,24864,50,0,1307925
NIFTY-II.NFO,10/12/2024,09:30:39,24866.9,24860.15,100,24866.9,50,150,1307925
NIFTY-II.NFO,10/12/2024,09:30:41,24866.9,24860.2,75,24866.75,50,0,1307925
NIFTY-II.NFO,10/12/2024,09:30:43,24866.9,24860,25,24865.45,50,0,1307925
NIFTY-II.NFO,10/12/2024,09:30:44,24866.9,24861,25,24865.8,50,0,1307925
NIFTY-II.NFO,10/12/2024,09:30:46,24866.9,24861,25,24866.9,50,0,1307925
NIFTY-II.NFO,10/12/2024,09:30:48,24866.9,24861,25,24866.3,50,25,1307825
NIFTY-II.NFO,10/12/2024,09:30:50,24866.9,24861,25,24866.8,25,0,1307825
NIFTY-II.NFO,10/12/2024,09:30:51,24866.9,24861,25,24867,25,0,1307825
NIFTY-II.NFO,10/12/2024,09:30:53,24866.9,24861.05,100,24867.6,25,0,1307825
NIFTY-II.NFO,10/12/2024,09:30:55,24866.9,24862.4,100,24869.2,25,0,1307825
NIFTY-II.NFO,10/12/2024,09:30:56,24866.9,24862.1,100,24867,50,0,1307825
NIFTY-II.NFO,10/12/2024,09:31:00,24866.9,24863.6,100,24867,50,0,1307825
NIFTY-II.NFO,10/12/2024,09:31:01,24866.9,24864.45,100,24867,50,0,1307825
NIFTY-II.NFO,10/12/2024,09:31:03,24867,24866.55,100,24869,25,50,1307825
NIFTY-II.NFO,10/12/2024,09:31:05,24869,24865.05,100,24870,75,25,1307825
NIFTY-II.NFO,10/12/2024,09:31:06,24872.3,24865.6,100,24872.1,100,100,1307825
NIFTY-II.NFO,10/12/2024,09:31:08,24872.3,24866.2,100,24873.1,25,0,1307825
NIFTY-II.NFO,10/12/2024,09:31:10,24872.3,24866.4,100,24872.4,25,0,1307825
NIFTY-II.NFO,10/12/2024,09:31:11,24866.15,24866.2,150,24873.1,25,25,1307825
NIFTY-II.NFO,10/12/2024,09:31:13,24866.15,24866.75,100,24873.1,25,0,1307825
NIFTY-II.NFO,10/12/2024,09:31:14,24866.15,24866.1,100,24871.8,25,0,1307825
NIFTY-II.NFO,10/12/2024,09:31:16,24871.8,24866.05,25,24871.8,25,25,1307825
NIFTY-II.NFO,10/12/2024,09:31:18,24871.8,24865.1,100,24870.6,25,0,1307825
NIFTY-II.NFO,10/12/2024,09:31:19,24873,24865.05,25,24870.6,25,175,1307825
NIFTY-II.NFO,10/12/2024,09:31:21,24873,24865.05,100,24871.15,25,0,1307825
NIFTY-II.NFO,10/12/2024,09:31:23,24870.6,24865,25,24870.9,25,25,1307825
NIFTY-II.NFO,10/12/2024,09:31:24,24870.6,24865,25,24870.4,25,0,1307825
NIFTY-II.NFO,10/12/2024,09:31:26,24870.3,24865,25,24870,50,25,1307825
NIFTY-II.NFO,10/12/2024,09:31:28,24870.3,24865,25,24869.7,50,0,1307825
NIFTY-II.NFO,10/12/2024,09:31:29,24870.3,24865,50,24869.9,25,0,1307825
NIFTY-II.NFO,10/12/2024,09:31:31,24870.3,24865,50,24868.55,75,0,1307825
NIFTY-II.NFO,10/12/2024,09:31:33,24870.3,24865,50,24870.4,50,0,1307825
NIFTY-II.NFO,10/12/2024,09:31:34,24870.3,24865,50,24868.9,25,0,1307825
NIFTY-II.NFO,10/12/2024,09:31:36,24870.3,24865.05,25,24870.1,50,0,1307825
NIFTY-II.NFO,10/12/2024,09:31:38,24870.3,24866.05,25,24871.8,25,0,1307825
NIFTY-II.NFO,10/12/2024,09:31:39,24870.3,24866.1,100,24871.8,25,0,1307825
NIFTY-II.NFO,10/12/2024,09:31:41,24870.3,24868.05,25,24871.8,25,0,1307825
NIFTY-II.NFO,10/12/2024,09:31:43,24870.3,24868.35,100,24871.8,25,0,1307825
NIFTY-II.NFO,10/12/2024,09:31:44,24870.3,24869.15,100,24871.8,25,0,1307825
NIFTY-II.NFO,10/12/2024,09:31:46,24870.3,24869.5,100,24871.8,25,0,1307825
NIFTY-II.NFO,10/12/2024,09:31:48,24870.3,24870.5,100,24871.8,25,0,1307825
NIFTY-II.NFO,10/12/2024,09:31:49,24872,24871.1,100,24873,25,50,1307825
NIFTY-II.NFO,10/12/2024,09:31:51,24872,24871.9,100,24873,25,0,1307825
NIFTY-II.NFO,10/12/2024,09:31:53,24878.4,24874.05,25,24878.8,25,150,1307825
NIFTY-II.NFO,10/12/2024,09:31:54,24878.4,24874.05,25,24878.75,25,0,1307825
NIFTY-II.NFO,10/12/2024,09:31:56,24878.4,24873.1,100,24878.75,25,0,1307825
NIFTY-II.NFO,10/12/2024,09:31:58,24878.95,24874.05,25,24878.35,25,100,1307825
NIFTY-II.NFO,10/12/2024,09:31:59,24878.95,24873.05,25,24877.65,25,0,1307825
NIFTY-II.NFO,10/12/2024,09:32:01,24878.95,24874.05,25,24878.45,25,0,1307825
NIFTY-II.NFO,10/12/2024,09:32:03,24878.95,24872.05,100,24878.45,25,0,1307825
NIFTY-II.NFO,10/12/2024,09:32:04,24878,24872.05,100,24878.9,100,25,1307825
NIFTY-II.NFO,10/12/2024,09:32:06,24878.9,24875.05,25,24878.9,75,25,1307825
NIFTY-II.NFO,10/12/2024,09:32:08,24878.9,24872.05,25,24877.15,50,0,1307825
NIFTY-II.NFO,10/12/2024,09:32:09,24878.9,24872.05,25,24877.5,25,0,1307825
NIFTY-II.NFO,10/12/2024,09:32:11,24878.9,24872,25,24875.95,50,0,1307825
NIFTY-II.NFO,10/12/2024,09:32:13,24876.55,24872,25,24876.7,50,25,1307825
NIFTY-II.NFO,10/12/2024,09:32:14,24876.55,24872,25,24876.05,50,0,1307825
NIFTY-II.NFO,10/12/2024,09:32:16,24872,24870,100,24874.5,50,25,1307825
NIFTY-II.NFO,10/12/2024,09:32:18,24872,24870,100,24873.95,50,0,1307825
NIFTY-II.NFO,10/12/2024,09:32:19,24875.45,24870,100,24875.25,100,300,1307825
NIFTY-II.NFO,10/12/2024,09:32:21,24875.15,24870,100,24874.3,25,25,1307825
NIFTY-II.NFO,10/12/2024,09:32:23,24875.15,24870,100,24872,50,0,1307825
NIFTY-II.NFO,10/12/2024,09:32:24,24874.95,24870,100,24876.25,125,75,1307825
NIFTY-II.NFO,10/12/2024,09:32:26,24874.95,24870.05,25,24876.95,25,0,1307825
NIFTY-II.NFO,10/12/2024,09:32:28,24874.95,24870,100,24875.95,25,0,1307825
NIFTY-II.NFO,10/12/2024,09:32:29,24876.3,24870,100,24875.35,25,75,1307825
NIFTY-II.NFO,10/12/2024,09:32:31,24876.3,24870,100,24875.85,25,0,1307825
NIFTY-II.NFO,10/12/2024,09:32:33,24876.3,24870.05,150,24876.95,25,0,1307825
NIFTY-II.NFO,10/12/2024,09:32:36,24878.15,24870,100,24876.95,25,150,1307825
NIFTY-II.NFO,10/12/2024,09:32:38,24878.15,24870.05,100,24877.65,25,0,1307825
NIFTY-II.NFO,10/12/2024,09:32:39,24877.95,24870.2,100,24878,25,25,1307825
NIFTY-II.NFO,10/12/2024,09:32:41,24877.95,24870.4,225,24878.55,50,0,1307825
NIFTY-II.NFO,10/12/2024,09:32:43,24870.4,24870.95,100,24878.95,25,125,1307825
NIFTY-II.NFO,10/12/2024,09:32:44,24870.4,24870.95,100,24878.7,25,0,1307825
NIFTY-II.NFO,10/12/2024,09:32:46,24870.4,24870.95,175,24878.7,25,0,1307825
NIFTY-II.NFO,10/12/2024,09:32:48,24870.4,24870.95,100,24877.95,25,0,1307825
NIFTY-II.NFO,10/12/2024,09:32:49,24870.4,24870.2,100,24875,50,0,1307825
NIFTY-II.NFO,10/12/2024,09:32:51,24870.4,24871.75,325,24875,50,0,1307825
NIFTY-II.NFO,10/12/2024,09:32:53,24870.4,24871.25,100,24875,50,0,1307825
NIFTY-II.NFO,10/12/2024,09:32:54,24870.4,24872.05,100,24875,50,0,1307825
NIFTY-II.NFO,10/12/2024,09:32:56,24875,24873.7,100,24880,25,50,1307825
NIFTY-II.NFO,10/12/2024,09:32:58,24874.75,24875.15,50,24880,25,50,1307825
NIFTY-II.NFO,10/12/2024,09:32:59,24880,24876.25,50,24882.95,25,25,1307825
NIFTY-II.NFO,10/12/2024,09:33:01,24880,24877.45,50,24884.85,100,0,1307825
NIFTY-II.NFO,10/12/2024,09:33:03,24882.95,24876.3,50,24883.8,25,25,1307825
NIFTY-II.NFO,10/12/2024,09:33:05,24882.95,24880,25,24883.75,100,0,1307825
NIFTY-II.NFO,10/12/2024,09:33:06,24882,24874.75,175,24883.4,50,175,1307825
NIFTY-II.NFO,10/12/2024,09:33:08,24882,24876.1,100,24883.8,75,0,1307825
NIFTY-II.NFO,10/12/2024,09:33:10,24883.4,24875.1,100,24882.9,25,50,1307825
NIFTY-II.NFO,10/12/2024,09:33:11,24883.4,24873.35,100,24881.55,50,0,1307825
NIFTY-II.NFO,10/12/2024,09:33:13,24881.2,24873.25,100,24880.95,50,75,1307825
NIFTY-II.NFO,10/12/2024,09:33:15,24881.2,24875,100,24880.75,25,0,1307825
NIFTY-II.NFO,10/12/2024,09:33:18,24881.2,24875,100,24881.75,25,0,1307825
NIFTY-II.NFO,10/12/2024,09:33:20,24875.05,24875.05,125,24882.35,25,25,1307825
NIFTY-II.NFO,10/12/2024,09:33:21,24875.05,24875,100,24882.45,25,0,1307825
NIFTY-II.NFO,10/12/2024,09:33:23,24875.05,24875.1,75,24881.45,25,0,1307825
NIFTY-II.NFO,10/12/2024,09:33:25,24875.05,24875.05,100,24881.9,25,0,1307825
NIFTY-II.NFO,10/12/2024,09:33:26,24875.05,24878.05,25,24884.85,25,0,1307825
NIFTY-II.NFO,10/12/2024,09:33:28,24875.05,24877.1,100,24884.45,25,0,1307825
NIFTY-II.NFO,10/12/2024,09:33:30,24875.05,24877.2,100,24884.45,25,0,1307825
NIFTY-II.NFO,10/12/2024,09:33:31,24875.05,24878.7,100,24884.9,25,0,1307825
NIFTY-II.NFO,10/12/2024,09:33:33,24875.05,24879.85,100,24884.9,25,0,1307825
NIFTY-II.NFO,10/12/2024,09:33:35,24875.05,24880.05,100,24884.9,25,0,1307825
NIFTY-II.NFO,10/12/2024,09:33:36,24875.05,24879.95,150,24884.9,25,0,1307825
NIFTY-II.NFO,10/12/2024,09:33:38,24875.05,24880.75,100,24884.9,25,0,1307825
NIFTY-II.NFO,10/12/2024,09:33:40,24875.05,24883.2,100,24884.9,25,0,1307825
NIFTY-II.NFO,10/12/2024,09:33:41,24888,24885.1,175,24889,25,150,1307825
NIFTY-II.NFO,10/12/2024,09:33:43,24888,24885.3,100,24889,25,0,1307825
NIFTY-II.NFO,10/12/2024,09:33:45,24885.3,24885.65,100,24889,25,25,1308125
NIFTY-II.NFO,10/12/2024,09:33:46,24890,24886.75,100,24890,25,75,1308125
NIFTY-II.NFO,10/12/2024,09:33:48,24893.7,24887.4,100,24894.95,50,175,1308125
NIFTY-II.NFO,10/12/2024,09:33:48,24893.7,24887.4,100,24894.95,50,0,1308125
NIFTY-II.NFO,10/12/2024,09:33:50,24892.8,24887.7,100,24892.8,75,150,1308125
NIFTY-II.NFO,10/12/2024,09:33:51,24892.8,24887.2,100,24892.8,75,0,1308125
NIFTY-II.NFO,10/12/2024,09:33:53,24892.8,24887.9,50,24892.8,75,0,1308125
NIFTY-II.NFO,10/12/2024,09:33:55,24892.8,24890,100,24892,25,0,1308125
NIFTY-II.NFO,10/12/2024,09:33:56,24892.8,24890.05,150,24892,25,0,1308125
NIFTY-II.NFO,10/12/2024,09:33:58,24892,24890.35,100,24895,50,25,1308125
NIFTY-II.NFO,10/12/2024,09:34:00,24892,24891.3,100,24895,50,0,1308125
NIFTY-II.NFO,10/12/2024,09:34:01,24895,24892.8,50,24895,25,25,1308125
NIFTY-II.NFO,10/12/2024,09:34:01,24895,24892.8,50,24895,25,0,1308125
NIFTY-II.NFO,10/12/2024,09:34:03,24895,24892.8,50,24893.7,25,0,1308125
NIFTY-II.NFO,10/12/2024,09:34:05,24892.8,24890,100,24893.7,25,50,1308125
NIFTY-II.NFO,10/12/2024,09:34:06,24890,24890,75,24893.55,25,25,1308125
NIFTY-II.NFO,10/12/2024,09:34:08,24890,24890,75,24893.65,50,0,1308125
NIFTY-II.NFO,10/12/2024,09:34:10,24890,24890,50,24892.75,50,25,1308125
NIFTY-II.NFO,10/12/2024,09:34:11,24890,24890,50,24892.2,25,0,1308125
NIFTY-II.NFO,10/12/2024,09:34:13,24890,24890,50,24892.1,50,0,1308125
NIFTY-II.NFO,10/12/2024,09:34:15,24890,24884.45,50,24891.15,75,50,1308125
NIFTY-II.NFO,10/12/2024,09:34:16,24890,24884.05,25,24890,25,0,1308125
NIFTY-II.NFO,10/12/2024,09:34:18,24890,24884.55,100,24890,25,0,1308125
NIFTY-II.NFO,10/12/2024,09:34:20,24890,24884.7,50,24890,25,0,1308125
NIFTY-II.NFO,10/12/2024,09:34:21,24890,24885.9,50,24892.9,50,25,1308125
NIFTY-II.NFO,10/12/2024,09:34:23,24890,24885,25,24891.4,50,0,1308125
NIFTY-II.NFO,10/12/2024,09:34:25,24885,24888,25,24891.8,50,25,1308125
NIFTY-II.NFO,10/12/2024,09:34:26,24885,24888,25,24889.9,50,0,1308125
NIFTY-II.NFO,10/12/2024,09:34:28,24888,24883.65,50,24889.9,50,25,1308125
NIFTY-II.NFO,10/12/2024,09:34:30,24888,24880.65,100,24888.45,50,0,1308125
NIFTY-II.NFO,10/12/2024,09:34:31,24888,24881.85,100,24888.9,50,0,1308125
NIFTY-II.NFO,10/12/2024,09:34:33,24888,24881.95,100,24888.9,50,0,1308125
NIFTY-II.NFO,10/12/2024,09:34:36,24888,24881.85,100,24888.85,50,0,1308125
NIFTY-II.NFO,10/12/2024,09:34:38,24888,24881.3,50,24888.65,50,125,1308125
NIFTY-II.NFO,10/12/2024,09:34:40,24887.85,24880.75,75,24887.5,50,50,1308125
NIFTY-II.NFO,10/12/2024,09:34:41,24887.85,24880.9,75,24887.85,50,0,1308125
NIFTY-II.NFO,10/12/2024,09:34:43,24887.85,24882.35,100,24888.55,25,0,1308125
NIFTY-II.NFO,10/12/2024,09:34:45,24887.85,24882.3,100,24888.45,25,0,1308125
NIFTY-II.NFO,10/12/2024,09:34:46,24887.85,24883.3,100,24888.4,25,0,1308125
NIFTY-II.NFO,10/12/2024,09:34:48,24887.85,24883.75,100,24888.4,25,0,1308125
NIFTY-II.NFO,10/12/2024,09:34:50,24887.85,24883,100,24888.35,25,0,1308125
NIFTY-II.NFO,10/12/2024,09:34:51,24887.85,24882.85,100,24888.35,25,0,1308125
NIFTY-II.NFO,10/12/2024,09:34:53,24888.35,24882.45,100,24888.3,25,25,1308125
NIFTY-II.NFO,10/12/2024,09:34:55,24889.85,24882.75,100,24889.25,25,150,1308125
NIFTY-II.NFO,10/12/2024,09:34:56,24889.85,24883.6,100,24890,25,0,1308125
NIFTY-II.NFO,10/12/2024,09:34:58,24889.85,24882.9,100,24890,25,0,1308125
NIFTY-II.NFO,10/12/2024,09:35:00,24889.85,24883.25,50,24889.95,25,0,1308125
NIFTY-II.NFO,10/12/2024,09:35:01,24889.85,24882.55,100,24889.35,25,0,1308125
NIFTY-II.NFO,10/12/2024,09:35:03,24883.4,24884.2,100,24889,25,100,1308125
NIFTY-II.NFO,10/12/2024,09:35:05,24883.4,24883.8,100,24889,25,0,1308125
NIFTY-II.NFO,10/12/2024,09:35:06,24883.4,24883.3,100,24889,25,0,1308125
NIFTY-II.NFO,10/12/2024,09:35:08,24883.4,24884.4,100,24889,25,0,1308125
NIFTY-II.NFO,10/12/2024,09:35:10,24883.4,24884.7,100,24889,25,0,1308125
NIFTY-II.NFO,10/12/2024,09:35:11,24883.4,24883.9,100,24889,25,0,1308125
NIFTY-II.NFO,10/12/2024,09:35:13,24883.4,24883.15,100,24889,50,0,1308125
NIFTY-II.NFO,10/12/2024,09:35:14,24883.4,24883,25,24888.9,50,0,1308125
NIFTY-II.NFO,10/12/2024,09:35:16,24883.4,24883,25,24888.55,50,0,1308125
NIFTY-II.NFO,10/12/2024,09:35:18,24883.4,24883.05,100,24888.5,25,0,1308125
NIFTY-II.NFO,10/12/2024,09:35:20,24883.4,24883,25,24887.6,100,0,1308125
NIFTY-II.NFO,10/12/2024,09:35:21,24884.55,24880,100,24884.55,75,50,1308125
NIFTY-II.NFO,10/12/2024,09:35:23,24884.55,24880,100,24883.75,75,0,1308125
NIFTY-II.NFO,10/12/2024,09:35:25,24884.55,24880,100,24885.6,75,0,1308125
NIFTY-II.NFO,10/12/2024,09:35:26,24884.55,24880.05,100,24885.55,25,0,1308125
NIFTY-II.NFO,10/12/2024,09:35:28,24880,24878,25,24884.3,75,100,1308125
NIFTY-II.NFO,10/12/2024,09:35:30,24884.55,24880,25,24883.6,50,25,1308125
NIFTY-II.NFO,10/12/2024,09:35:31,24884.55,24880,25,24883.95,50,0,1308125
NIFTY-II.NFO,10/12/2024,09:35:33,24884.55,24880,25,24883.95,75,0,1308125
NIFTY-II.NFO,10/12/2024,09:35:35,24884.55,24880,25,24883.9,25,0,1308125
NIFTY-II.NFO,10/12/2024,09:35:36,24884.55,24880,25,24883.85,50,0,1308125
NIFTY-II.NFO,10/12/2024,09:35:40,24884.55,24880,25,24884,25,0,1308125
NIFTY-II.NFO,10/12/2024,09:35:41,24883.95,24880,25,24884,25,25,1308125
NIFTY-II.NFO,10/12/2024,09:35:43,24883.95,24880,25,24884,25,0,1308125
NIFTY-II.NFO,10/12/2024,09:35:45,24883.95,24880,25,24884.55,25,0,1308125
NIFTY-II.NFO,10/12/2024,09:35:46,24883.95,24880.05,150,24884.55,25,0,1308125
NIFTY-II.NFO,10/12/2024,09:35:48,24883.95,24881.8,100,24884.55,25,0,1308125
NIFTY-II.NFO,10/12/2024,09:35:50,24881.75,24881.15,100,24884.55,25,25,1308125
NIFTY-II.NFO,10/12/2024,09:35:51,24882.7,24881.4,75,24884.55,25,50,1308125
NIFTY-II.NFO,10/12/2024,09:35:53,24882.7,24883,300,24884.55,25,0,1308125
NIFTY-II.NFO,10/12/2024,09:35:55,24883.1,24883.15,50,24888.65,25,25,1308125
NIFTY-II.NFO,10/12/2024,09:35:56,24883.2,24882.6,25,24888.65,25,25,1308125
NIFTY-II.NFO,10/12/2024,09:35:58,24883.2,24883.05,25,24888.65,25,0,1308125
NIFTY-II.NFO,10/12/2024,09:36:00,24883.2,24884.3,25,24889,25,0,1308125
NIFTY-II.NFO,10/12/2024,09:36:01,24883.2,24884.05,25,24888.95,25,0,1308125
NIFTY-II.NFO,10/12/2024,09:36:03,24883.95,24883.6,225,24888.95,25,25,1308125
NIFTY-II.NFO,10/12/2024,09:36:05,24883.95,24883.25,50,24888.95,25,0,1308125
NIFTY-II.NFO,10/12/2024,09:36:06,24883.95,24883.05,25,24889,50,0,1308125
NIFTY-II.NFO,10/12/2024,09:36:08,24883.95,24883.75,275,24885.2,25,0,1308125
NIFTY-II.NFO,10/12/2024,09:36:10,24885.2,24884.25,275,24889,75,25,1308125
NIFTY-II.NFO,10/12/2024,09:36:11,24889,24885.2,50,24889,50,25,1308125
NIFTY-II.NFO,10/12/2024,09:36:13,24884.25,24884.25,75,24889,50,50,1308125
NIFTY-II.NFO,10/12/2024,09:36:15,24884.25,24885,100,24889,50,0,1308125
NIFTY-II.NFO,10/12/2024,09:36:18,24884.25,24885.35,150,24889,50,0,1308125
NIFTY-II.NFO,10/12/2024,09:36:20,24884.25,24885,100,24889,50,0,1308125
NIFTY-II.NFO,10/12/2024,09:36:21,24884.25,24885,100,24889,275,0,1308125
NIFTY-II.NFO,10/12/2024,09:36:23,24885,24885,75,24888.95,100,25,1308125
NIFTY-II.NFO,10/12/2024,09:36:25,24885,24885,75,24888.95,100,0,1308125
NIFTY-II.NFO,10/12/2024,09:36:26,24885,24885,50,24888.95,100,25,1308125
NIFTY-II.NFO,10/12/2024,09:36:28,24885,24885,50,24888.95,100,0,1308125
NIFTY-II.NFO,10/12/2024,09:36:30,24885,24885,25,24889,275,25,1308125
NIFTY-II.NFO,10/12/2024,09:36:31,24885,24885.05,25,24889,50,0,1308125
NIFTY-II.NFO,10/12/2024,09:36:33,24885,24884.6,200,24889,50,50,1308125
NIFTY-II.NFO,10/12/2024,09:36:35,24885,24884.7,50,24889,50,0,1308125
NIFTY-II.NFO,10/12/2024,09:36:36,24892.5,24885.85,50,24891.05,25,500,1308125
NIFTY-II.NFO,10/12/2024,09:36:38,24892.5,24887.1,50,24891.7,25,0,1308125
NIFTY-II.NFO,10/12/2024,09:36:40,24892.5,24886.7,50,24891.7,25,0,1308125
NIFTY-II.NFO,10/12/2024,09:36:41,24892.5,24887.2,50,24892.05,25,0,1308125
NIFTY-II.NFO,10/12/2024,09:36:43,24892.5,24892.35,100,24895,50,0,1308125
NIFTY-II.NFO,10/12/2024,09:36:45,24892.5,24891.05,75,24895,50,0,1308125
NIFTY-II.NFO,10/12/2024,09:36:46,24892.5,24890.5,75,24895,50,0,1308125
NIFTY-II.NFO,10/12/2024,09:36:48,24892.5,24892.75,100,24895,75,0,1308125
NIFTY-II.NFO,10/12/2024,09:36:50,24892.5,24891.75,100,24895,75,0,1308125
NIFTY-II.NFO,10/12/2024,09:36:51,24892.5,24890.15,100,24895,75,0,1308125
NIFTY-II.NFO,10/12/2024,09:36:53,24892.5,24888.7,100,24895,75,0,1308125
NIFTY-II.NFO,10/12/2024,09:36:55,24892.5,24890.8,100,24895,75,0,1308125
NIFTY-II.NFO,10/12/2024,09:36:56,24892.5,24890.95,100,24895,75,0,1308125
NIFTY-II.NFO,10/12/2024,09:36:58,24891.35,24891.35,100,24892.5,2500,250,1308125
NIFTY-II.NFO,10/12/2024,09:37:00,24891.35,24889.05,25,24892.5,2500,0,1308100
NIFTY-II.NFO,10/12/2024,09:37:01,24891.35,24888.9,100,24892.5,2525,0,1308100
NIFTY-II.NFO,10/12/2024,09:37:03,24891.35,24888.2,100,24892.5,2525,0,1308100
NIFTY-II.NFO,10/12/2024,09:37:05,24891.35,24887.45,100,24892.5,2525,0,1308100
NIFTY-II.NFO,10/12/2024,09:37:06,24891.35,24887.05,25,24892.5,2525,0,1308100
NIFTY-II.NFO,10/12/2024,09:37:10,24892.5,24885.05,175,24892.05,100,1125,1308100
NIFTY-II.NFO,10/12/2024,09:37:11,24892.5,24885.85,100,24892.45,100,0,1308100
NIFTY-II.NFO,10/12/2024,09:37:13,24892.5,24887.7,100,24892.5,1400,0,1308100
NIFTY-II.NFO,10/12/2024,09:37:14,24892.5,24888,100,24892.5,1400,0,1308100
NIFTY-II.NFO,10/12/2024,09:37:16,24886.85,24887.2,25,24892.5,1400,700,1308100
NIFTY-II.NFO,10/12/2024,09:37:18,24886.85,24888.05,25,24892.5,1400,0,1308100
NIFTY-II.NFO,10/12/2024,09:37:19,24886.85,24888.05,25,24892.5,1425,0,1308100
NIFTY-II.NFO,10/12/2024,09:37:21,24886.85,24888.05,275,24892.5,1425,0,1308100
NIFTY-II.NFO,10/12/2024,09:37:23,24888.7,24888.85,125,24892.5,1450,25,1308100
NIFTY-II.NFO,10/12/2024,09:37:24,24892.5,24887.3,125,24892.5,1300,150,1308100
NIFTY-II.NFO,10/12/2024,09:37:26,24892.5,24887.75,25,24892.5,1300,0,1308100
NIFTY-II.NFO,10/12/2024,09:37:28,24892.5,24886.6,25,24892.5,1275,25,1308100
NIFTY-II.NFO,10/12/2024,09:37:29,24886.65,24886.1,50,24892.4,25,100,1308100
NIFTY-II.NFO,10/12/2024,09:37:31,24886.65,24885,25,24890.5,100,0,1308100
NIFTY-II.NFO,10/12/2024,09:37:33,24888.85,24885,25,24889.3,100,25,1308100
NIFTY-II.NFO,10/12/2024,09:37:34,24888.85,24885,25,24889.7,100,0,1308100
NIFTY-II.NFO,10/12/2024,09:37:36,24888.85,24885.05,25,24890.7,100,0,1308100
NIFTY-II.NFO,10/12/2024,09:37:38,24890.6,24885.05,25,24891.15,100,25,1308100
NIFTY-II.NFO,10/12/2024,09:37:40,24890.6,24885.05,25,24891.1,100,0,1308100
NIFTY-II.NFO,10/12/2024,09:37:41,24890.6,24890,25,24892.15,100,0,1308100
NIFTY-II.NFO,10/12/2024,09:37:43,24890.6,24890,25,24892.35,100,0,1308100
NIFTY-II.NFO,10/12/2024,09:37:45,24886.05,24885.05,25,24891.1,100,50,1308100
NIFTY-II.NFO,10/12/2024,09:37:46,24886.05,24886.05,25,24891.75,100,0,1308100
NIFTY-II.NFO,10/12/2024,09:37:48,24886.05,24885.05,25,24890.75,100,0,1308100
NIFTY-II.NFO,10/12/2024,09:37:50,24886.05,24885.05,25,24891.55,100,0,1308100
NIFTY-II.NFO,10/12/2024,09:37:51,24886.05,24885.05,25,24891.75,100,0,1308100
NIFTY-II.NFO,10/12/2024,09:37:53,24891.95,24886,100,24891.95,100,25,1308100
NIFTY-II.NFO,10/12/2024,09:37:55,24891.95,24886,100,24891.95,100,0,1308100
NIFTY-II.NFO,10/12/2024,09:37:58,24891.95,24886,100,24890.5,100,0,1308100
NIFTY-II.NFO,10/12/2024,09:38:00,24886,24886,75,24888.6,100,25,1308100
NIFTY-II.NFO,10/12/2024,09:38:01,24888.8,24886,75,24887.7,25,250,1308100
NIFTY-II.NFO,10/12/2024,09:38:03,24888.8,24886,75,24889.2,25,0,1308100
NIFTY-II.NFO,10/12/2024,09:38:05,24889.65,24886,75,24889.3,250,100,1308100
NIFTY-II.NFO,10/12/2024,09:38:06,24889.65,24886,75,24889,25,0,1308100
NIFTY-II.NFO,10/12/2024,09:38:08,24889.65,24886,75,24890,25,0,1308100
NIFTY-II.NFO,10/12/2024,09:38:13,24882.8,24883.55,75,24889.95,100,500,1308100
NIFTY-II.NFO,10/12/2024,09:38:15,24882.8,24884.25,100,24890,25,0,1308100
NIFTY-II.NFO,10/12/2024,09:38:16,24882.8,24884.55,100,24890,25,0,1308100
NIFTY-II.NFO,10/12/2024,09:38:18,24882.8,24882.75,100,24889.9,50,0,1308100
NIFTY-II.NFO,10/12/2024,09:38:20,24882.8,24883.1,100,24889.6,50,0,1308100
NIFTY-II.NFO,10/12/2024,09:38:21,24882.8,24881.05,100,24888.15,50,0,1308100
NIFTY-II.NFO,10/12/2024,09:38:23,24882.8,24881.25,100,24888.45,50,0,1308100
NIFTY-II.NFO,10/12/2024,09:38:24,24882.8,24880.6,100,24888,50,0,1308100
NIFTY-II.NFO,10/12/2024,09:38:26,24882.8,24880.2,75,24885.85,50,0,1308100
NIFTY-II.NFO,10/12/2024,09:38:28,24882.8,24880.2,75,24885.65,50,0,1308100
NIFTY-II.NFO,10/12/2024,09:38:29,24882.8,24880.2,75,24885,50,0,1308100
NIFTY-II.NFO,10/12/2024,09:38:31,24882.8,24881.1,75,24887.1,100,0,1308100
NIFTY-II.NFO,10/12/2024,09:38:33,24882.8,24881.1,75,24886.1,100,0,1308100
NIFTY-II.NFO,10/12/2024,09:38:34,24882.8,24881,100,24887.9,100,0,1308100
NIFTY-II.NFO,10/12/2024,09:38:36,24882.8,24880.05,100,24886.4,50,0,1308100
NIFTY-II.NFO,10/12/2024,09:38:38,24882.8,24880.15,100,24887.3,100,0,1308100
NIFTY-II.NFO,10/12/2024,09:38:39,24882.8,24880.45,100,24887.75,50,0,1308100
NIFTY-II.NFO,10/12/2024,09:38:41,24882.8,24880.25,100,24887.35,50,0,1308100
NIFTY-II.NFO,10/12/2024,09:38:42,24882.8,24882.05,25,24888.25,100,0,1308100
NIFTY-II.NFO,10/12/2024,09:38:44,24882.8,24882.1,100,24888.5,50,0,1308100
NIFTY-II.NFO,10/12/2024,09:38:46,24882.1,24881.2,75,24888.4,50,25,1308100
NIFTY-II.NFO,10/12/2024,09:38:47,24882.1,24884.05,25,24889.8,50,0,1308100
NIFTY-II.NFO,10/12/2024,09:38:49,24882.1,24883.2,75,24888.25,25,0,1308100
NIFTY-II.NFO,10/12/2024,09:38:51,24882.1,24882.3,75,24888.25,25,0,1308100
NIFTY-II.NFO,10/12/2024,09:38:52,24882.1,24884.15,75,24888.25,25,0,1308100
NIFTY-II.NFO,10/12/2024,09:38:55,24882.1,24881.5,75,24885.1,100,0,1308100
NIFTY-II.NFO,10/12/2024,09:38:57,24882.1,24882.45,75,24885.1,100,0,1308100
NIFTY-II.NFO,10/12/2024,09:38:59,24882.1,24882.1,75,24885.1,100,0,1308100
NIFTY-II.NFO,10/12/2024,09:39:00,24882.1,24883.35,75,24885.1,100,0,1308100
NIFTY-II.NFO,10/12/2024,09:39:02,24885.1,24884.3,75,24888.25,25,100,1308100
NIFTY-II.NFO,10/12/2024,09:39:04,24885.1,24883.85,75,24888.25,25,0,1308100
NIFTY-II.NFO,10/12/2024,09:39:05,24885.1,24881.45,75,24888.25,25,0,1308100
NIFTY-II.NFO,10/12/2024,09:39:07,24882.05,24882.05,25,24888.25,25,50,1308100
NIFTY-II.NFO,10/12/2024,09:39:09,24882.05,24882.15,25,24888.25,25,0,1308100
NIFTY-II.NFO,10/12/2024,09:39:10,24882.05,24882.15,25,24888.25,50,0,1308100
NIFTY-II.NFO,10/12/2024,09:39:12,24882.05,24882.1,25,24887.7,100,0,1308100
NIFTY-II.NFO,10/12/2024,09:39:13,24886.5,24882.1,25,24887,100,25,1308100
NIFTY-II.NFO,10/12/2024,09:39:15,24886.5,24882.1,25,24886.9,100,0,1308100
NIFTY-II.NFO,10/12/2024,09:39:17,24886.5,24882.1,25,24886.95,100,0,1308100
NIFTY-II.NFO,10/12/2024,09:39:18,24886.5,24882.1,25,24885,500,0,1308100
NIFTY-II.NFO,10/12/2024,09:39:20,24882.1,24880.05,50,24885,500,25,1308100
NIFTY-II.NFO,10/12/2024,09:39:22,24885,24880.1,50,24884.95,25,25,1308100
NIFTY-II.NFO,10/12/2024,09:39:23,24885,24881.1,50,24884.95,25,0,1308100
NIFTY-II.NFO,10/12/2024,09:39:25,24885,24880.95,50,24884.95,25,0,1308100
NIFTY-II.NFO,10/12/2024,09:39:27,24885,24880.15,50,24884.95,25,0,1308100
NIFTY-II.NFO,10/12/2024,09:39:28,24885,24880.05,50,24884.95,25,0,1308100
NIFTY-II.NFO,10/12/2024,09:39:30,24885,24882.3,50,24884.95,25,0,1308100
NIFTY-II.NFO,10/12/2024,09:39:32,24885,24882.05,50,24884.95,25,0,1308100
NIFTY-II.NFO,10/12/2024,09:39:33,24880.75,24880.1,125,24884.95,50,2250,1308100
NIFTY-II.NFO,10/12/2024,09:39:35,24885,24880,50,24885,325,225,1308100
NIFTY-II.NFO,10/12/2024,09:39:37,24885,24880,50,24885,325,0,1308100
NIFTY-II.NFO,10/12/2024,09:39:39,24885,24882.05,25,24885,325,0,1308100
NIFTY-II.NFO,10/12/2024,09:39:40,24885,24882.85,125,24884.95,25,25,1308100
NIFTY-II.NFO,10/12/2024,09:39:42,24885,24883.8,125,24885,25,325,1308100
NIFTY-II.NFO,10/12/2024,09:39:44,24885,24885.05,125,24888.25,25,100,1303975
NIFTY-II.NFO,10/12/2024,09:39:45,24885,24886.2,100,24888.25,25,0,1303975
NIFTY-II.NFO,10/12/2024,09:39:47,24888.25,24887.65,150,24890,50,25,1303975
NIFTY-II.NFO,10/12/2024,09:39:49,24888.25,24887.85,50,24890,50,0,1303975
NIFTY-II.NFO,10/12/2024,09:39:50,24888.25,24887.35,50,24890,100,0,1303975
NIFTY-II.NFO,10/12/2024,09:39:52,24890,24888.2,50,24890,25,75,1303975
NIFTY-II.NFO,10/12/2024,09:39:54,24890,24887.25,125,24890,25,0,1303975
NIFTY-II.NFO,10/12/2024,09:39:55,24890,24886.1,50,24890,25,0,1303975
NIFTY-II.NFO,10/12/2024,09:39:57,24890,24886,50,24890,25,0,1303975
NIFTY-II.NFO,10/12/2024,09:39:59,24890,24886,125,24890,25,0,1303975
NIFTY-II.NFO,10/12/2024,09:40:00,24890,24886.4,50,24892,125,525,1303975
NIFTY-II.NFO,10/12/2024,09:40:02,24890,24888.3,125,24892,125,0,1303975
NIFTY-II.NFO,10/12/2024,09:40:04,24892,24889.05,125,24892,75,50,1303975
NIFTY-II.NFO,10/12/2024,09:40:05,24892,24888,125,24892,75,0,1303975
NIFTY-II.NFO,10/12/2024,09:40:07,24892,24887.9,50,24892,75,0,1303975
NIFTY-II.NFO,10/12/2024,09:40:09,24892,24887.1,125,24892,75,0,1303975
NIFTY-II.NFO,10/12/2024,09:40:10,24892,24887,125,24892,75,0,1303975
NIFTY-II.NFO,10/12/2024,09:40:12,24892,24886.8,125,24892,75,0,1303975
NIFTY-II.NFO,10/12/2024,09:40:14,24891.95,24886.2,50,24892,75,25,1303975
NIFTY-II.NFO,10/12/2024,09:40:15,24891.95,24886.1,75,24891.75,100,0,1303975
NIFTY-II.NFO,10/12/2024,09:40:17,24891.95,24886.5,50,24891.9,25,0,1303975
NIFTY-II.NFO,10/12/2024,09:40:19,24891.95,24886.55,125,24891.9,25,0,1303975
NIFTY-II.NFO,10/12/2024,09:40:20,24891.95,24887.05,25,24891.9,25,0,1303975
NIFTY-II.NFO,10/12/2024,09:40:22,24891.95,24884.5,50,24891.85,100,0,1303975
NIFTY-II.NFO,10/12/2024,09:40:23,24891.6,24882.95,50,24891.75,100,600,1303975
NIFTY-II.NFO,10/12/2024,09:40:25,24890.8,24883.4,50,24891.9,75,450,1303975
NIFTY-II.NFO,10/12/2024,09:40:27,24891.9,24884.05,25,24892,125,25,1303975
NIFTY-II.NFO,10/12/2024,09:40:28,24892.5,24884.65,50,24891.95,125,175,1303975
NIFTY-II.NFO,10/12/2024,09:40:30,24891.95,24886.05,25,24892,25,150,1303975
NIFTY-II.NFO,10/12/2024,09:40:32,24892,24885.05,25,24892.5,525,100,1303975
NIFTY-II.NFO,10/12/2024,09:40:33,24891.9,24883.1,50,24892.15,125,600,1303975
NIFTY-II.NFO,10/12/2024,09:40:35,24891.95,24883.1,50,24891.95,25,75,1303975
NIFTY-II.NFO,10/12/2024,09:40:37,24892.05,24883.1,50,24891.75,25,75,1303975
NIFTY-II.NFO,10/12/2024,09:40:38,24891.9,24883.05,25,24891.2,25,200,1303975
NIFTY-II.NFO,10/12/2024,09:40:40,24891.9,24881.6,50,24889.55,25,0,1303975
NIFTY-II.NFO,10/12/2024,09:40:41,24891.9,24881.75,50,24890.05,25,0,1303975
NIFTY-II.NFO,10/12/2024,09:40:43,24891.9,24884.05,25,24891.1,25,0,1303975
NIFTY-II.NFO,10/12/2024,09:40:45,24891.9,24884.1,50,24891.9,25,0,1303975
NIFTY-II.NFO,10/12/2024,09:40:46,24881.65,24882.5,50,24890.7,25,150,1303975
NIFTY-II.NFO,10/12/2024,09:40:48,24881.65,24884.05,25,24891.7,25,0,1303975
NIFTY-II.NFO,10/12/2024,09:40:50,24881.65,24884.1,50,24891.9,25,0,1303975
NIFTY-II.NFO,10/12/2024,09:40:51,24881.65,24884.05,25,24890,500,0,1303975
NIFTY-II.NFO,10/12/2024,09:40:53,24881.65,24883.05,25,24890,500,0,1303975
NIFTY-II.NFO,10/12/2024,09:40:54,24881.65,24884.05,25,24890,500,0,1303975
NIFTY-II.NFO,10/12/2024,09:40:58,24881.65,24884.55,100,24890,500,0,1303975
NIFTY-II.NFO,10/12/2024,09:40:59,24881.65,24884.05,25,24890,500,0,1303975
NIFTY-II.NFO,10/12/2024,09:41:01,24884.75,24884.75,100,24890,350,175,1303975
NIFTY-II.NFO,10/12/2024,09:41:03,24884.75,24885.65,50,24890,350,0,1303975
NIFTY-II.NFO,10/12/2024,09:41:04,24884.75,24885.7,50,24890,375,0,1303975
NIFTY-II.NFO,10/12/2024,09:41:06,24884.75,24884.75,25,24890,375,0,1303975
NIFTY-II.NFO,10/12/2024,09:41:08,24884.75,24884.75,25,24889.95,25,0,1303975
NIFTY-II.NFO,10/12/2024,09:41:09,24890,24884.75,25,24890,350,25,1303975
NIFTY-II.NFO,10/12/2024,09:41:11,24890,24884.75,25,24890,350,0,1303975
NIFTY-II.NFO,10/12/2024,09:41:16,24890,24884.75,25,24890,325,25,1303975
NIFTY-II.NFO,10/12/2024,09:41:17,24890,24884.8,100,24890,300,25,1303975
NIFTY-II.NFO,10/12/2024,09:41:19,24890,24884.75,25,24890,300,0,1303975
NIFTY-II.NFO,10/12/2024,09:41:22,24890,24884.75,25,24889.95,25,0,1303975
NIFTY-II.NFO,10/12/2024,09:41:27,24889.95,24884.75,25,24890,800,25,1303975
NIFTY-II.NFO,10/12/2024,09:41:29,24889.95,24884.75,25,24890,800,0,1303975
NIFTY-II.NFO,10/12/2024,09:41:32,24884.75,24883.1,100,24890,825,25,1303975
NIFTY-II.NFO,10/12/2024,09:41:34,24884.75,24883.9,50,24890,825,0,1303975
NIFTY-II.NFO,10/12/2024,09:41:36,24884.75,24883.95,100,24890,825,0,1303975
NIFTY-II.NFO,10/12/2024,09:41:37,24884.75,24884.05,25,24890,825,0,1303975
NIFTY-II.NFO,10/12/2024,09:41:39,24890,24886,100,24890,800,25,1303975
NIFTY-II.NFO,10/12/2024,09:41:41,24890,24887.35,100,24890,775,100,1303975
NIFTY-II.NFO,10/12/2024,09:41:42,24890,24886.9,100,24890,775,0,1303975
NIFTY-II.NFO,10/12/2024,09:41:44,24890,24887.95,125,24890,775,0,1303975
NIFTY-II.NFO,10/12/2024,09:41:46,24890,24887.2,100,24890,700,75,1303975
NIFTY-II.NFO,10/12/2024,09:41:47,24890,24888.95,250,24890,725,0,1303975
NIFTY-II.NFO,10/12/2024,09:41:49,24892,24890.9,100,24892.5,75,800,1303975
NIFTY-II.NFO,10/12/2024,09:41:51,24895,24896.1,100,24899,25,100,1303975
NIFTY-II.NFO,10/12/2024,09:41:52,24899,24897.05,25,24899.95,25,25,1303975
NIFTY-II.NFO,10/12/2024,09:41:52,24899,24897.05,25,24899.95,25,0,1303975
NIFTY-II.NFO,10/12/2024,09:41:54,24896.35,24896.35,50,24899.95,25,25,1303975
NIFTY-II.NFO,10/12/2024,09:41:56,24899.95,24895.95,50,24900,450,25,1303975
NIFTY-II.NFO,10/12/2024,09:41:56,24899.95,24895.95,50,24900,450,0,1303975
NIFTY-II.NFO,10/12/2024,09:41:57,24899.95,24897.6,125,24900,450,0,1303975
NIFTY-II.NFO,10/12/2024,09:41:59,24899.95,24896.8,125,24900,450,0,1303975
NIFTY-II.NFO,10/12/2024,09:42:01,24899.95,24897.35,125,24900,450,0,1303975
NIFTY-II.NFO,10/12/2024,09:42:03,24899.95,24897.4,50,24900,450,0,1303975
NIFTY-II.NFO,10/12/2024,09:42:04,24900,24897.9,125,24900,400,50,1303975
NIFTY-II.NFO,10/12/2024,09:42:04,24900,24897.9,125,24900,400,0,1303975
NIFTY-II.NFO,10/12/2024,09:42:06,24900,24897.4,125,24900,400,0,1303975
NIFTY-II.NFO,10/12/2024,09:42:08,24900,24897.05,125,24900,375,25,1303975
NIFTY-II.NFO,10/12/2024,09:42:09,24900,24896.1,50,24900,375,0,1303975
NIFTY-II.NFO,10/12/2024,09:42:11,24900,24898.35,125,24900,350,25,1303975
NIFTY-II.NFO,10/12/2024,09:42:13,24900,24896.2,50,24900,325,25,1303975
NIFTY-II.NFO,10/12/2024,09:42:14,24900,24895.75,50,24900,275,50,1303975
NIFTY-II.NFO,10/12/2024,09:42:16,24900,24894.25,300,24899.95,75,0,1303975
NIFTY-II.NFO,10/12/2024,09:42:18,24899.95,24894.8,50,24899.95,50,25,1303975
NIFTY-II.NFO,10/12/2024,09:42:19,24900,24896.25,325,24900,200,75,1303975
NIFTY-II.NFO,10/12/2024,09:42:21,24900,24896.75,250,24900,225,0,1303975
NIFTY-II.NFO,10/12/2024,09:42:23,24900,24896.3,50,24900,225,0,1303975
NIFTY-II.NFO,10/12/2024,09:42:24,24900,24896,250,24900,250,0,1303975
NIFTY-II.NFO,10/12/2024,09:42:26,24900,24895.8,50,24900,250,0,1303975
NIFTY-II.NFO,10/12/2024,09:42:28,24900,24896.85,50,24900,250,0,1303975
NIFTY-II.NFO,10/12/2024,09:42:29,24900,24895.85,50,24900,225,25,1303975
NIFTY-II.NFO,10/12/2024,09:42:31,24900,24898.55,50,24900,425,0,1303975
NIFTY-II.NFO,10/12/2024,09:42:33,24900,24899.2,150,24900,425,0,1303975
NIFTY-II.NFO,10/12/2024,09:42:34,24900,24901.05,25,24906.45,75,425,1303975
NIFTY-II.NFO,10/12/2024,09:42:36,24900,24901.1,100,24907,75,0,1303975
NIFTY-II.NFO,10/12/2024,09:42:38,24900,24901.05,25,24907.7,50,0,1303975
NIFTY-II.NFO,10/12/2024,09:42:39,24900,24901.1,50,24908.55,50,0,1303975
NIFTY-II.NFO,10/12/2024,09:42:41,24900,24901.15,50,24908.9,50,0,1303975
NIFTY-II.NFO,10/12/2024,09:42:43,24900,24901.3,50,24908.85,50,0,1303975
NIFTY-II.NFO,10/12/2024,09:42:44,24907.65,24901.1,50,24908.45,25,25,1303400
NIFTY-II.NFO,10/12/2024,09:42:44,24907.65,24901.1,50,24908.45,25,0,1303400
NIFTY-II.NFO,10/12/2024,09:42:46,24901.15,24901.05,25,24907.25,25,25,1303400
NIFTY-II.NFO,10/12/2024,09:42:48,24901.15,24901.1,50,24908.25,25,0,1303400
NIFTY-II.NFO,10/12/2024,09:42:49,24901.15,24901.05,25,24907.95,25,0,1303400
NIFTY-II.NFO,10/12/2024,09:42:53,24901.15,24900.1,50,24907.85,25,0,1303400
NIFTY-II.NFO,10/12/2024,09:42:54,24901.15,24901.1,50,24908.75,25,0,1303400
NIFTY-II.NFO,10/12/2024,09:42:56,24901.15,24901.05,25,24907.35,25,0,1303400
NIFTY-II.NFO,10/12/2024,09:42:58,24901.15,24900.05,25,24906.05,25,0,1303400
NIFTY-II.NFO,10/12/2024,09:42:59,24901.15,24900.05,25,24907.45,25,0,1303400
NIFTY-II.NFO,10/12/2024,09:43:01,24901.15,24901,25,24901.15,25,0,1303400
NIFTY-II.NFO,10/12/2024,09:43:04,24900,24896.8,100,24900,400,100,1303400
NIFTY-II.NFO,10/12/2024,09:43:06,24900,24896.25,100,24900,400,0,1303400
NIFTY-II.NFO,10/12/2024,09:43:08,24900,24894.9,100,24900,400,0,1303400
NIFTY-II.NFO,10/12/2024,09:43:09,24900,24894.95,250,24900,350,50,1303400
NIFTY-II.NFO,10/12/2024,09:43:11,24900,24895.05,25,24900,350,0,1303400
NIFTY-II.NFO,10/12/2024,09:43:12,24900,24895.1,100,24900,350,0,1303400
NIFTY-II.NFO,10/12/2024,09:43:14,24900,24894.1,100,24900,350,0,1303400
NIFTY-II.NFO,10/12/2024,09:43:16,24900,24894.05,25,24900,350,0,1303400
NIFTY-II.NFO,10/12/2024,09:43:18,24900,24895.05,25,24900,275,100,1303400
NIFTY-II.NFO,10/12/2024,09:43:19,24900,24894.3,100,24900,250,25,1303400
NIFTY-II.NFO,10/12/2024,09:43:21,24898.55,24892.1,75,24898.8,50,25,1303400
NIFTY-II.NFO,10/12/2024,09:43:23,24898.55,24890.05,100,24896.9,50,0,1303400
NIFTY-II.NFO,10/12/2024,09:43:24,24898.55,24890.05,100,24896.7,50,0,1303400
NIFTY-II.NFO,10/12/2024,09:43:26,24898.55,24891.1,100,24898.15,50,0,1303400
NIFTY-II.NFO,10/12/2024,09:43:27,24898.55,24890.05,100,24896.85,50,0,1303400
NIFTY-II.NFO,10/12/2024,09:43:29,24898.55,24890.25,100,24897.3,50,0,1303400
NIFTY-II.NFO,10/12/2024,09:43:31,24898.55,24891.1,100,24898.3,50,0,1303400
NIFTY-II.NFO,10/12/2024,09:43:32,24898.55,24892.1,100,24898.55,25,0,1303400
NIFTY-II.NFO,10/12/2024,09:43:34,24891.1,24891.35,25,24897.7,50,1000,1303400
NIFTY-II.NFO,10/12/2024,09:43:36,24897.65,24890.05,50,24897.05,100,50,1303400
NIFTY-II.NFO,10/12/2024,09:43:37,24897.65,24890,25,24897,50,0,1303400
NIFTY-II.NFO,10/12/2024,09:43:39,24897.65,24890.1,50,24897.4,100,0,1303400
NIFTY-II.NFO,10/12/2024,09:43:40,24897.65,24892.1,50,24898.55,25,0,1303400
NIFTY-II.NFO,10/12/2024,09:43:42,24897.65,24890.55,50,24897.65,100,0,1303400
NIFTY-II.NFO,10/12/2024,09:43:44,24897.65,24894.05,25,24898.55,25,0,1303400
NIFTY-II.NFO,10/12/2024,09:43:47,24900,24894.1,50,24900,25,300,1303400
NIFTY-II.NFO,10/12/2024,09:43:49,24900,24896,50,24901.15,25,25,1303400
NIFTY-II.NFO,10/12/2024,09:43:50,24900,24895.95,100,24901.15,25,0,1303400
NIFTY-II.NFO,10/12/2024,09:43:52,24900,24894.7,50,24901.1,100,0,1303400
NIFTY-II.NFO,10/12/2024,09:43:54,24901.1,24894.1,50,24901.1,100,25,1303400
NIFTY-II.NFO,10/12/2024,09:43:55,24895.2,24895.65,50,24901.15,25,25,1303400
NIFTY-II.NFO,10/12/2024,09:43:57,24895.2,24894.8,50,24901.15,25,0,1303400
NIFTY-II.NFO,10/12/2024,09:43:58,24895.2,24895.15,50,24901.15,25,0,1303400
NIFTY-II.NFO,10/12/2024,09:44:00,24895.2,24895.35,50,24901.15,25,0,1303400
NIFTY-II.NFO,10/12/2024,09:44:02,24900,24897.75,250,24900,25,75,1303400
NIFTY-II.NFO,10/12/2024,09:44:03,24900,24898,250,24900,25,0,1303400
NIFTY-II.NFO,10/12/2024,09:44:05,24900,24898.05,25,24901.15,25,100,1303400
NIFTY-II.NFO,10/12/2024,09:44:07,24900,24896.25,250,24900,25,0,1303400
NIFTY-II.NFO,10/12/2024,09:44:08,24900,24896.1,50,24900,25,0,1303400
NIFTY-II.NFO,10/12/2024,09:44:10,24900,24897.3,250,24900,25,0,1303400
NIFTY-II.NFO,10/12/2024,09:44:12,24900,24898.4,250,24900,25,0,1303400
NIFTY-II.NFO,10/12/2024,09:44:13,24899.2,24898.75,225,24901.15,25,50,1303400
NIFTY-II.NFO,10/12/2024,09:44:15,24899.2,24900,225,24900.95,25,0,1303400
NIFTY-II.NFO,10/12/2024,09:44:16,24899.2,24898.8,225,24900.95,25,0,1303400
NIFTY-II.NFO,10/12/2024,09:44:18,24899.2,24899,225,24900.95,25,0,1303400
NIFTY-II.NFO,10/12/2024,09:44:20,24898.85,24899.35,200,24900.95,25,25,1303400
NIFTY-II.NFO,10/12/2024,09:44:21,24898.85,24899.45,200,24900.95,25,0,1303400
NIFTY-II.NFO,10/12/2024,09:44:23,24900,24898.65,75,24900.95,25,25,1303400
NIFTY-II.NFO,10/12/2024,09:44:25,24900,24897.8,75,24900.95,25,0,1303400
NIFTY-II.NFO,10/12/2024,09:44:26,24900,24896.05,25,24900.95,25,0,1303400
NIFTY-II.NFO,10/12/2024,09:44:28,24900,24896.2,75,24900,25,0,1303400
NIFTY-II.NFO,10/12/2024,09:44:30,24900.9,24895.1,100,24900.95,25,225,1303400
NIFTY-II.NFO,10/12/2024,09:44:32,24900.9,24895,25,24901.15,25,0,1303400
NIFTY-II.NFO,10/12/2024,09:44:33,24900.9,24896.05,25,24901.15,25,0,1303400
NIFTY-II.NFO,10/12/2024,09:44:35,24900.9,24895.05,25,24901.1,50,0,1303400
NIFTY-II.NFO,10/12/2024,09:44:37,24900,24895,25,24899.95,50,750,1303400
NIFTY-II.NFO,10/12/2024,09:44:38,24900,24895,25,24900,150,0,1303400
NIFTY-II.NFO,10/12/2024,09:44:42,24900,24895,25,24900,125,25,1303400
NIFTY-II.NFO,10/12/2024,09:44:43,24900,24895,25,24900,175,0,1303400
NIFTY-II.NFO,10/12/2024,09:44:47,24900,24895.1,50,24900,175,0,1303400
NIFTY-II.NFO,10/12/2024,09:44:48,24900,24895.15,100,24900,175,0,1303400
NIFTY-II.NFO,10/12/2024,09:44:52,24900,24895.25,100,24900,175,0,1303400
NIFTY-II.NFO,10/12/2024,09:44:53,24895.25,24895.1,50,24900,175,25,1303400
NIFTY-II.NFO,10/12/2024,09:44:55,24895.25,24895.15,100,24900,175,0,1303400
NIFTY-II.NFO,10/12/2024,09:44:58,24895.25,24895.8,100,24900,175,0,1303400
NIFTY-II.NFO,10/12/2024,09:45:00,24895.25,24896.3,100,24900,175,0,1303400
NIFTY-II.NFO,10/12/2024,09:45:01,24895.25,24897.1,100,24900,175,0,1303400
NIFTY-II.NFO,10/12/2024,09:45:03,24900,24896.25,100,24900,150,50,1303400
NIFTY-II.NFO,10/12/2024,09:45:05,24900,24896.6,225,24900,175,0,1303400
NIFTY-II.NFO,10/12/2024,09:45:06,24900,24896.35,100,24900,175,25,1303400
NIFTY-II.NFO,10/12/2024,09:45:08,24900,24895.9,100,24900,175,0,1303400
NIFTY-II.NFO,10/12/2024,09:45:10,24900,24896.4,100,24900,175,0,1303400
NIFTY-II.NFO,10/12/2024,09:45:11,24896.6,24896.4,100,24900,125,50,1303400
NIFTY-II.NFO,10/12/2024,09:45:13,24896.6,24896,100,24900,125,0,1303400
NIFTY-II.NFO,10/12/2024,09:45:15,24896.6,24898.05,125,24900,125,0,1303400
NIFTY-II.NFO,10/12/2024,09:45:16,24900,24900,100,24901.15,50,125,1303400
NIFTY-II.NFO,10/12/2024,09:45:18,24902,24901.45,100,24902,650,400,1303400
NIFTY-II.NFO,10/12/2024,09:45:20,24900.8,24900.9,100,24904,25,700,1303400
NIFTY-II.NFO,10/12/2024,09:45:21,24900.8,24900.15,50,24904,25,0,1303400
NIFTY-II.NFO,10/12/2024,09:45:23,24900.8,24900.1,100,24904,25,0,1303400
NIFTY-II.NFO,10/12/2024,09:45:24,24900.8,24900.05,75,24904,25,0,1303400
NIFTY-II.NFO,10/12/2024,09:45:26,24904,24900,25,24904.95,100,25,1303400
NIFTY-II.NFO,10/12/2024,09:45:28,24904,24900.05,25,24905,25,0,1303400
NIFTY-II.NFO,10/12/2024,09:45:29,24900.05,24900,25,24905,25,25,1303400
NIFTY-II.NFO,10/12/2024,09:45:31,24905,24900.05,25,24906.8,100,25,1303400
NIFTY-II.NFO,10/12/2024,09:45:33,24905,24900,50,24904,25,0,1303400
NIFTY-II.NFO,10/12/2024,09:45:34,24905,24900,75,24903.6,100,0,1303400
NIFTY-II.NFO,10/12/2024,09:45:36,24905,24900,75,24903.6,150,0,1303400
NIFTY-II.NFO,10/12/2024,09:45:38,24905,24900,100,24903.95,100,0,1303400
NIFTY-II.NFO,10/12/2024,09:45:39,24905,24900,100,24903.2,100,0,1303400
NIFTY-II.NFO,10/12/2024,09:45:41,24905,24900,100,24903.45,100,0,1303400
NIFTY-II.NFO,10/12/2024,09:45:42,24905,24900,100,24903.95,100,0,1303400
NIFTY-II.NFO,10/12/2024,09:45:47,24905,24900,100,24904,25,0,1303400
NIFTY-II.NFO,10/12/2024,09:45:51,24905,24900,200,24904,25,0,1303400
NIFTY-II.NFO,10/12/2024,09:45:52,24905,24900.3,100,24904,25,0,1303400
NIFTY-II.NFO,10/12/2024,09:45:54,24905,24901.55,100,24904,25,0,1303400
NIFTY-II.NFO,10/12/2024,09:45:56,24905,24900.15,50,24904,25,0,1303400
NIFTY-II.NFO,10/12/2024,09:45:57,24905,24900,200,24904,25,0,1303400
NIFTY-II.NFO,10/12/2024,09:45:59,24904.65,24900,200,24905,100,50,1302725
NIFTY-II.NFO,10/12/2024,09:46:01,24905,24901.2,50,24905,75,25,1302725
NIFTY-II.NFO,10/12/2024,09:46:02,24905,24901.6,100,24905,75,0,1302725
NIFTY-II.NFO,10/12/2024,09:46:04,24900.7,24900.65,50,24905,75,25,1302725
NIFTY-II.NFO,10/12/2024,09:46:05,24905,24900.8,75,24905,50,25,1302725
NIFTY-II.NFO,10/12/2024,09:46:07,24905,24905,25,24906.95,25,50,1302725
NIFTY-II.NFO,10/12/2024,09:46:09,24905,24905,175,24906.95,25,0,1302725
NIFTY-II.NFO,10/12/2024,09:46:14,24905,24905,125,24906.95,25,50,1302725
NIFTY-II.NFO,10/12/2024,09:46:15,24905,24905,125,24906.95,25,0,1302725
NIFTY-II.NFO,10/12/2024,09:46:20,24905,24905,125,24906.95,25,25,1302725
NIFTY-II.NFO,10/12/2024,09:46:22,24906.95,24905,125,24906.95,100,25,1302725
NIFTY-II.NFO,10/12/2024,09:46:24,24906.95,24905,125,24906.95,100,0,1302725
NIFTY-II.NFO,10/12/2024,09:46:25,24906.3,24905,125,24906.95,50,75,1302725
NIFTY-II.NFO,10/12/2024,09:46:27,24905,24905,100,24906.95,50,25,1302725
NIFTY-II.NFO,10/12/2024,09:46:29,24905,24905,100,24906.95,50,0,1302725
NIFTY-II.NFO,10/12/2024,09:46:30,24905,24905,100,24907,25,0,1302725
NIFTY-II.NFO,10/12/2024,09:46:32,24905,24905,75,24906.95,50,25,1302725
NIFTY-II.NFO,10/12/2024,09:46:34,24905,24905,75,24906.95,50,0,1302725
NIFTY-II.NFO,10/12/2024,09:46:35,24905,24900.8,50,24905.3,100,175,1302725
NIFTY-II.NFO,10/12/2024,09:46:37,24905,24900.8,50,24906.35,100,0,1302725
NIFTY-II.NFO,10/12/2024,09:46:39,24905,24900.8,50,24906.25,100,0,1302725
NIFTY-II.NFO,10/12/2024,09:46:40,24905,24900.8,50,24904.75,100,0,1302725
NIFTY-II.NFO,10/12/2024,09:46:42,24905,24900.8,50,24905.5,50,0,1302725
NIFTY-II.NFO,10/12/2024,09:46:44,24905,24900.8,50,24905.4,50,0,1302725
NIFTY-II.NFO,10/12/2024,09:46:45,24900.8,24900,175,24900.8,250,50,1302725
NIFTY-II.NFO,10/12/2024,09:46:47,24900.8,24900,250,24900.8,150,100,1302725
NIFTY-II.NFO,10/12/2024,09:46:49,24900.8,24900,250,24900.8,150,0,1302725
NIFTY-II.NFO,10/12/2024,09:46:51,24900,24900,225,24900.8,150,25,1302725
NIFTY-II.NFO,10/12/2024,09:46:52,24900,24900,225,24900.8,150,0,1302725
NIFTY-II.NFO,10/12/2024,09:47:01,24900,24900,200,24900.8,150,25,1302725
NIFTY-II.NFO,10/12/2024,09:47:02,24900,24900,200,24900.8,150,0,1302725
NIFTY-II.NFO,10/12/2024,09:47:04,24900,24900,175,24900.8,150,25,1302725
NIFTY-II.NFO,10/12/2024,09:47:06,24900.8,24895.1,100,24901.75,50,200,1302725
NIFTY-II.NFO,10/12/2024,09:47:07,24901.8,24895,25,24900.5,100,550,1302725
NIFTY-II.NFO,10/12/2024,09:47:09,24901.8,24895,25,24900.4,100,0,1302725
NIFTY-II.NFO,10/12/2024,09:47:12,24900.65,24895,25,24900.65,25,25,1302725
NIFTY-II.NFO,10/12/2024,09:47:14,24901.2,24895,25,24900.65,75,50,1302725
NIFTY-II.NFO,10/12/2024,09:47:15,24900.65,24895,25,24901.25,325,25,1302725
NIFTY-II.NFO,10/12/2024,09:47:17,24900.65,24895.05,100,24901.25,25,0,1302725
NIFTY-II.NFO,10/12/2024,09:47:20,24895.15,24895.85,100,24902,25,25,1302725
NIFTY-II.NFO,10/12/2024,09:47:22,24895.15,24896.2,100,24900,50,0,1302725
NIFTY-II.NFO,10/12/2024,09:47:24,24895.15,24895.75,100,24900,50,0,1302725
NIFTY-II.NFO,10/12/2024,09:47:25,24900,24895.95,100,24900,25,25,1302725
NIFTY-II.NFO,10/12/2024,09:47:27,24900,24895.95,100,24900,25,0,1302725
NIFTY-II.NFO,10/12/2024,09:47:29,24900,24895.85,100,24900,25,0,1302725
NIFTY-II.NFO,10/12/2024,09:47:30,24900,24895.05,150,24900,25,0,1302725
NIFTY-II.NFO,10/12/2024,09:47:32,24900,24895.8,100,24900,50,0,1302725
NIFTY-II.NFO,10/12/2024,09:47:34,24900,24896.1,100,24900,50,0,1302725
NIFTY-II.NFO,10/12/2024,09:47:35,24900,24898.55,100,24900,75,0,1302725
NIFTY-II.NFO,10/12/2024,09:47:37,24900,24897.05,100,24900,75,0,1302725
NIFTY-II.NFO,10/12/2024,09:47:39,24900,24897.75,100,24900,75,0,1302725
NIFTY-II.NFO,10/12/2024,09:47:40,24900,24896.25,100,24900,75,0,1302725
NIFTY-II.NFO,10/12/2024,09:47:42,24900,24895.45,100,24900,75,0,1302725
NIFTY-II.NFO,10/12/2024,09:47:44,24900,24896.55,100,24900,75,0,1302725
NIFTY-II.NFO,10/12/2024,09:47:47,24900,24895.2,100,24900,75,0,1302725
NIFTY-II.NFO,10/12/2024,09:47:49,24900,24896,100,24900,75,0,1302725
NIFTY-II.NFO,10/12/2024,09:47:52,24900,24895.4,100,24900,75,0,1302725
NIFTY-II.NFO,10/12/2024,09:47:54,24900,24895,25,24899.95,25,0,1302725
NIFTY-II.NFO,10/12/2024,09:47:55,24900,24895.05,100,24899.95,25,0,1302725
NIFTY-II.NFO,10/12/2024,09:47:57,24900,24895,25,24899.95,25,0,1302725
NIFTY-II.NFO,10/12/2024,09:47:59,24900,24895,25,24899.95,50,0,1302725
NIFTY-II.NFO,10/12/2024,09:48:00,24900,24895,25,24899.9,25,0,1302725
NIFTY-II.NFO,10/12/2024,09:48:02,24900,24895,25,24899.95,25,0,1302725
NIFTY-II.NFO,10/12/2024,09:48:04,24900,24895,25,24898.6,75,0,1302725
NIFTY-II.NFO,10/12/2024,09:48:05,24900,24895,25,24898.1,75,0,1302725
NIFTY-II.NFO,10/12/2024,09:48:07,24893,24890.25,75,24897,75,50,1302725
NIFTY-II.NFO,10/12/2024,09:48:09,24893,24891.9,75,24897.9,25,0,1302725
NIFTY-II.NFO,10/12/2024,09:48:10,24893,24891.9,75,24897.5,75,0,1302725
NIFTY-II.NFO,10/12/2024,09:48:12,24893,24891.9,75,24898.25,75,0,1302725
NIFTY-II.NFO,10/12/2024,09:48:14,24893,24890.5,75,24893,100,0,1302725
NIFTY-II.NFO,10/12/2024,09:48:15,24893,24890.25,75,24893,50,50,1302725
NIFTY-II.NFO,10/12/2024,09:48:17,24893,24890.05,25,24893,50,0,1302725
NIFTY-II.NFO,10/12/2024,09:48:19,24893,24891.1,100,24898.85,100,50,1302725
NIFTY-II.NFO,10/12/2024,09:48:20,24898.85,24891.65,50,24898.85,75,25,1302725
NIFTY-II.NFO,10/12/2024,09:48:22,24898.85,24891.25,100,24898.6,75,0,1302725
NIFTY-II.NFO,10/12/2024,09:48:24,24891.45,24892.85,100,24899.95,50,25,1302725
NIFTY-II.NFO,10/12/2024,09:48:25,24891.45,24894.1,100,24898.5,25,0,1302725
NIFTY-II.NFO,10/12/2024,09:48:27,24891.45,24893.7,100,24900,300,0,1302725
NIFTY-II.NFO,10/12/2024,09:48:29,24891.45,24894.55,100,24900,300,0,1302725
NIFTY-II.NFO,10/12/2024,09:48:30,24891.45,24894.6,50,24900,300,0,1302725
NIFTY-II.NFO,10/12/2024,09:48:32,24891.45,24893.1,100,24899.95,50,0,1302725
NIFTY-II.NFO,10/12/2024,09:48:34,24891.45,24893.95,100,24898,25,0,1302725
NIFTY-II.NFO,10/12/2024,09:48:35,24898,24894.6,100,24900,300,25,1302725
NIFTY-II.NFO,10/12/2024,09:48:37,24894.8,24895.8,75,24900,300,75,1302725
NIFTY-II.NFO,10/12/2024,09:48:39,24894.8,24897.3,75,24900,300,0,1302725
NIFTY-II.NFO,10/12/2024,09:48:40,24894.8,24898.5,75,24900,300,0,1302725
NIFTY-II.NFO,10/12/2024,09:48:42,24894.8,24897.45,75,24900,300,0,1302725
NIFTY-II.NFO,10/12/2024,09:48:44,24894.8,24896.4,75,24900,300,0,1302725
NIFTY-II.NFO,10/12/2024,09:48:45,24896.95,24898.15,50,24900,175,125,1302650
NIFTY-II.NFO,10/12/2024,09:48:47,24900,24899.25,50,24901,25,175,1302650
NIFTY-II.NFO,10/12/2024,09:48:49,24900,24898.1,50,24901,25,0,1302650
NIFTY-II.NFO,10/12/2024,09:48:50,24900,24898.9,50,24901,25,0,1302650
NIFTY-II.NFO,10/12/2024,09:48:52,24900,24898.05,50,24901,25,0,1302650
NIFTY-II.NFO,10/12/2024,09:48:54,24900,24897.35,50,24901,25,0,1302650
NIFTY-II.NFO,10/12/2024,09:48:55,24900,24897.1,125,24901,25,0,1302650
NIFTY-II.NFO,10/12/2024,09:48:57,24900,24897.3,250,24901,25,0,1302650
NIFTY-II.NFO,10/12/2024,09:48:59,24900,24898.7,50,24903.6,25,0,1302650
NIFTY-II.NFO,10/12/2024,09:49:00,24900,24897.4,50,24903.6,25,0,1302650
NIFTY-II.NFO,10/12/2024,09:49:02,24900,24897.05,25,24903.05,100,0,1302650
NIFTY-II.NFO,10/12/2024,09:49:04,24900,24897.05,25,24903.55,100,0,1302650
NIFTY-II.NFO,10/12/2024,09:49:06,24900,24897.05,25,24903.45,100,0,1302650
NIFTY-II.NFO,10/12/2024,09:49:07,24903.45,24897.05,25,24903.55,100,25,1302650
NIFTY-II.NFO,10/12/2024,09:49:09,24903.45,24898.05,25,24904.1,100,0,1302650
NIFTY-II.NFO,10/12/2024,09:49:11,24903.45,24898.05,25,24903.85,150,0,1302650
NIFTY-II.NFO,10/12/2024,09:49:12,24903.45,24898.05,25,24904.8,100,0,1302650
NIFTY-II.NFO,10/12/2024,09:49:14,24903.45,24898.15,50,24904.95,100,0,1302650
NIFTY-II.NFO,10/12/2024,09:49:15,24903.45,24896.45,50,24903.9,100,0,1302650
NIFTY-II.NFO,10/12/2024,09:49:17,24903.45,24898.05,25,24903.95,100,0,1302650
NIFTY-II.NFO,10/12/2024,09:49:19,24903.45,24900,75,24903.95,100,0,1302650
NIFTY-II.NFO,10/12/2024,09:49:20,24900,24900,50,24903.95,100,25,1302650
NIFTY-II.NFO,10/12/2024,09:49:22,24900,24900,25,24903.95,100,25,1302650
NIFTY-II.NFO,10/12/2024,09:49:24,24900,24900,25,24903.85,100,0,1302650
NIFTY-II.NFO,10/12/2024,09:49:25,24900,24900,25,24903.4,100,0,1302650
NIFTY-II.NFO,10/12/2024,09:49:27,24900,24900,25,24902.95,100,0,1302650
NIFTY-II.NFO,10/12/2024,09:49:29,24900,24895.45,50,24902.5,150,25,1302650
NIFTY-II.NFO,10/12/2024,09:49:30,24900,24893.95,50,24901,100,0,1302650
NIFTY-II.NFO,10/12/2024,09:49:32,24900,24893.6,50,24900.85,100,0,1302650
NIFTY-II.NFO,10/12/2024,09:49:33,24900,24892.95,50,24899.95,150,0,1302650
NIFTY-II.NFO,10/12/2024,09:49:35,24900,24892.25,50,24899.55,100,0,1302650
NIFTY-II.NFO,10/12/2024,09:49:37,24900,24892,50,24898.55,150,0,1302650
NIFTY-II.NFO,10/12/2024,09:49:38,24900,24893.25,50,24900.15,100,0,1302650
NIFTY-II.NFO,10/12/2024,09:49:40,24900,24893.8,25,24901.05,100,0,1302650
NIFTY-II.NFO,10/12/2024,09:49:42,24900,24894,25,24899,25,0,1302650
NIFTY-II.NFO,10/12/2024,09:49:43,24900,24893.55,25,24899,25,0,1302650
NIFTY-II.NFO,10/12/2024,09:49:45,24900,24891.8,25,24898.85,100,0,1302650
NIFTY-II.NFO,10/12/2024,09:49:46,24900,24891.9,25,24898.95,100,0,1302650
NIFTY-II.NFO,10/12/2024,09:49:48,24900,24893.05,25,24899,25,0,1302650
NIFTY-II.NFO,10/12/2024,09:49:51,24899,24893.05,25,24899.85,150,25,1302650
NIFTY-II.NFO,10/12/2024,09:49:53,24899,24893.35,25,24899.95,25,0,1302650
NIFTY-II.NFO,10/12/2024,09:49:54,24899,24894.05,25,24900,25,0,1302650
NIFTY-II.NFO,10/12/2024,09:49:56,24899,24894.4,25,24900,25,0,1302650
NIFTY-II.NFO,10/12/2024,09:49:57,24900,24894.8,25,24901.75,100,25,1302650
NIFTY-II.NFO,10/12/2024,09:49:59,24900,24893.25,25,24900.3,100,0,1302650
NIFTY-II.NFO,10/12/2024,09:50:00,24900,24893,25,24899.95,125,0,1302650
NIFTY-II.NFO,10/12/2024,09:50:02,24900,24892.55,25,24899.65,100,0,1302650
NIFTY-II.NFO,10/12/2024,09:50:04,24900,24890.4,25,24897.85,25,0,1302650
NIFTY-II.NFO,10/12/2024,09:50:05,24900,24890.4,25,24896.95,25,0,1302650
NIFTY-II.NFO,10/12/2024,09:50:07,24890.3,24890.15,50,24896.9,25,25,1302650
NIFTY-II.NFO,10/12/2024,09:50:08,24896.55,24890.15,50,24897.7,150,25,1302650
NIFTY-II.NFO,10/12/2024,09:50:10,24896.55,24890.05,25,24896.6,150,0,1302650
NIFTY-II.NFO,10/12/2024,09:50:12,24896.55,24890.1,50,24896.95,25,0,1302650
NIFTY-II.NFO,10/12/2024,09:50:13,24896.55,24890.05,25,24896.9,100,0,1302650
NIFTY-II.NFO,10/12/2024,09:50:15,24896.55,24890.05,75,24896.9,100,0,1302650
NIFTY-II.NFO,10/12/2024,09:50:16,24891,24891.35,50,24898.45,100,25,1302650
NIFTY-II.NFO,10/12/2024,09:50:18,24891,24891.8,50,24898.95,25,0,1302650
NIFTY-II.NFO,10/12/2024,09:50:20,24891,24892.2,50,24898.95,25,0,1302650
NIFTY-II.NFO,10/12/2024,09:50:21,24891,24893.7,50,24898.95,25,0,1302650
NIFTY-II.NFO,10/12/2024,09:50:23,24893.7,24893.2,50,24898.95,25,50,1302650
NIFTY-II.NFO,10/12/2024,09:50:24,24893.7,24894.35,50,24899,25,0,1302650
NIFTY-II.NFO,10/12/2024,09:50:26,24893.7,24896.5,50,24899,25,0,1302650
NIFTY-II.NFO,10/12/2024,09:50:28,24893.7,24896.05,50,24899,25,0,1302650
NIFTY-II.NFO,10/12/2024,09:50:29,24893.7,24896,25,24899,25,0,1302650
NIFTY-II.NFO,10/12/2024,09:50:31,24893.7,24896.05,25,24899,25,0,1302650
NIFTY-II.NFO,10/12/2024,09:50:32,24893.7,24896.05,50,24899,25,0,1302650
NIFTY-II.NFO,10/12/2024,09:50:34,24894.85,24896.45,50,24899,25,1800,1302650
NIFTY-II.NFO,10/12/2024,09:50:36,24894.85,24896.75,50,24899,25,0,1302650
NIFTY-II.NFO,10/12/2024,09:50:37,24894.85,24896.75,25,24899,25,0,1302650
NIFTY-II.NFO,10/12/2024,09:50:39,24894.85,24896.75,50,24899,25,0,1302650
NIFTY-II.NFO,10/12/2024,09:50:44,24894.85,24896.8,25,24899,25,0,1302650
NIFTY-II.NFO,10/12/2024,09:50:45,24894.85,24896.85,25,24899,25,0,1302650
NIFTY-II.NFO,10/12/2024,09:50:49,24899,24896.85,25,24899,25,25,1302650
NIFTY-II.NFO,10/12/2024,09:50:50,24899,24896.75,50,24899,25,0,1302650
NIFTY-II.NFO,10/12/2024,09:50:53,24899,24897.2,50,24899,25,0,1302650
NIFTY-II.NFO,10/12/2024,09:50:55,24899,24896.9,25,24899,25,0,1302650
NIFTY-II.NFO,10/12/2024,09:50:57,24899,24897.6,50,24902.95,25,25,1302650
NIFTY-II.NFO,10/12/2024,09:50:58,24903.15,24897.75,25,24903.15,100,25,1302650
NIFTY-II.NFO,10/12/2024,09:51:00,24903.15,24898.1,50,24903.45,50,0,1302650
NIFTY-II.NFO,10/12/2024,09:51:01,24903.15,24898.75,50,24904,50,0,1302650
NIFTY-II.NFO,10/12/2024,09:51:03,24903.15,24898.35,100,24903.95,25,0,1302650
NIFTY-II.NFO,10/12/2024,09:51:05,24903.15,24898.3,50,24904,50,0,1302650
NIFTY-II.NFO,10/12/2024,09:51:08,24903.15,24903.2,25,24904,50,0,1302650
NIFTY-II.NFO,10/12/2024,09:51:10,24904,24903.25,25,24905,75,50,1302650
NIFTY-II.NFO,10/12/2024,09:51:11,24904,24903.25,25,24905,75,0,1302650
NIFTY-II.NFO,10/12/2024,09:51:13,24904,24903.3,25,24905,75,0,1302650
NIFTY-II.NFO,10/12/2024,09:51:14,24904,24903.35,50,24905,75,0,1302650
NIFTY-II.NFO,10/12/2024,09:51:16,24904,24903.35,50,24904,25,0,1302650
NIFTY-II.NFO,10/12/2024,09:51:19,24904,24903.35,50,24905,75,25,1302650
NIFTY-II.NFO,10/12/2024,09:51:21,24904,24903.35,50,24905,75,0,1302650
NIFTY-II.NFO,10/12/2024,09:51:23,24903.15,24903.25,25,24905,75,75,1302650
NIFTY-II.NFO,10/12/2024,09:51:24,24903.3,24903.25,25,24905,75,25,1302650
NIFTY-II.NFO,10/12/2024,09:51:26,24905,24903.15,25,24905.15,25,100,1302650
NIFTY-II.NFO,10/12/2024,09:51:28,24905,24903.15,25,24905.15,25,0,1302650
NIFTY-II.NFO,10/12/2024,09:51:30,24905,24903.2,25,24905.15,25,0,1302650
NIFTY-II.NFO,10/12/2024,09:51:31,24905,24905,25,24905.15,25,0,1302650
NIFTY-II.NFO,10/12/2024,09:51:33,24905,24905.05,25,24905.15,25,0,1302650
NIFTY-II.NFO,10/12/2024,09:51:35,24905.05,24905,25,24907.4,100,25,1302650
NIFTY-II.NFO,10/12/2024,09:51:36,24905,24903.3,25,24907.3,100,25,1302650
NIFTY-II.NFO,10/12/2024,09:51:38,24903.3,24903.15,25,24907.3,100,25,1302650
NIFTY-II.NFO,10/12/2024,09:51:40,24903.3,24903.15,25,24906.95,100,0,1302650
NIFTY-II.NFO,10/12/2024,09:51:41,24903.3,24903.15,25,24908.1,100,0,1302650
NIFTY-II.NFO,10/12/2024,09:51:43,24903.15,24898.25,50,24905.35,100,25,1302650
NIFTY-II.NFO,10/12/2024,09:51:45,24903.15,24898.3,50,24903.15,25,0,1302650
NIFTY-II.NFO,10/12/2024,09:51:48,24903.15,24898.3,50,24903,250,0,1302650
NIFTY-II.NFO,10/12/2024,09:51:50,24897.05,24896.8,250,24903,250,100,1300850
NIFTY-II.NFO,10/12/2024,09:51:51,24897.05,24896.8,250,24903,250,0,1300850
NIFTY-II.NFO,10/12/2024,09:51:55,24897.05,24896.05,25,24902,50,0,1300850
NIFTY-II.NFO,10/12/2024,09:51:56,24897.05,24896.05,25,24901.4,100,0,1300850
NIFTY-II.NFO,10/12/2024,09:51:58,24897.05,24897.05,25,24902.95,100,0,1300850
NIFTY-II.NFO,10/12/2024,09:52:00,24897.05,24897.05,50,24902.95,100,0,1300850
NIFTY-II.NFO,10/12/2024,09:52:01,24897.05,24897.1,50,24900,25,0,1300850
NIFTY-II.NFO,10/12/2024,09:52:03,24897.05,24897.05,25,24900,25,0,1300850
NIFTY-II.NFO,10/12/2024,09:52:10,24897.05,24897.05,50,24899.95,25,0,1300850
NIFTY-II.NFO,10/12/2024,09:52:11,24897.05,24897.05,50,24899.9,100,0,1300850
NIFTY-II.NFO,10/12/2024,09:52:13,24897.05,24897.05,50,24899.95,25,0,1300850
NIFTY-II.NFO,10/12/2024,09:52:15,24899.9,24897.05,50,24899.95,25,25,1300850
NIFTY-II.NFO,10/12/2024,09:52:16,24899.9,24897.05,50,24899.95,25,0,1300850
NIFTY-II.NFO,10/12/2024,09:52:20,24899.9,24897.05,100,24899.95,25,0,1300850
NIFTY-II.NFO,10/12/2024,09:52:21,24899.9,24897.05,50,24899.95,25,0,1300850
NIFTY-II.NFO,10/12/2024,09:52:23,24899.9,24899.95,25,24900,25,0,1300850
NIFTY-II.NFO,10/12/2024,09:52:39,24899.9,24899,25,24900,25,50,1300850
NIFTY-II.NFO,10/12/2024,09:52:41,24899.9,24899,25,24900,25,0,1300850
NIFTY-II.NFO,10/12/2024,09:52:43,24899,24897.05,50,24899.95,100,25,1300850
NIFTY-II.NFO,10/12/2024,09:52:44,24899,24897.05,50,24900,50,0,1300850
NIFTY-II.NFO,10/12/2024,09:52:56,24899,24897.05,50,24900,75,0,1300850
NIFTY-II.NFO,10/12/2024,09:53:01,24893.8,24893.1,50,24899.95,50,125,1300850
NIFTY-II.NFO,10/12/2024,09:53:03,24893.8,24894.65,50,24900,75,0,1300850
NIFTY-II.NFO,10/12/2024,09:53:04,24893.8,24894,250,24900,75,0,1300850
NIFTY-II.NFO,10/12/2024,09:53:06,24899.9,24893.8,25,24900,75,25,1300850
NIFTY-II.NFO,10/12/2024,09:53:08,24899.9,24893.8,25,24899.2,50,0,1300850
NIFTY-II.NFO,10/12/2024,09:53:09,24899.9,24893.8,25,24898.75,100,0,1300850
NIFTY-II.NFO,10/12/2024,09:53:12,24893,24892.3,250,24893,50,50,1300850
NIFTY-II.NFO,10/12/2024,09:53:14,24893,24895,25,24899.05,50,50,1300850
NIFTY-II.NFO,10/12/2024,09:53:16,24893,24895,25,24897.45,100,0,1300850
NIFTY-II.NFO,10/12/2024,09:53:17,24895,24891,25,24895.5,100,25,1300850
NIFTY-II.NFO,10/12/2024,09:53:19,24896.15,24891,25,24895.85,100,50,1300850
NIFTY-II.NFO,10/12/2024,09:53:21,24896.15,24891,25,24896.35,350,0,1300850
NIFTY-II.NFO,10/12/2024,09:53:22,24896.15,24891,25,24897,100,0,1300850
NIFTY-II.NFO,10/12/2024,09:53:24,24896.15,24891.1,50,24897.8,100,0,1300850
NIFTY-II.NFO,10/12/2024,09:53:26,24896.15,24891,75,24896.8,100,0,1300850
NIFTY-II.NFO,10/12/2024,09:53:27,24896.15,24891.05,50,24897.2,100,0,1300850
NIFTY-II.NFO,10/12/2024,09:53:29,24896.15,24891,25,24896.45,100,0,1300850
NIFTY-II.NFO,10/12/2024,09:53:31,24896.15,24891.5,125,24898,100,0,1300850
NIFTY-II.NFO,10/12/2024,09:53:32,24896.15,24891,25,24896.8,100,0,1300850
NIFTY-II.NFO,10/12/2024,09:53:34,24896.15,24893,100,24897.35,100,0,1300850
NIFTY-II.NFO,10/12/2024,09:53:36,24896.15,24893,100,24897.85,100,0,1300850
NIFTY-II.NFO,10/12/2024,09:53:37,24896.15,24893,100,24898.65,100,0,1300850
NIFTY-II.NFO,10/12/2024,09:53:39,24896.15,24893,100,24898.6,100,0,1300850
NIFTY-II.NFO,10/12/2024,09:53:41,24896.15,24893.7,50,24899.15,25,0,1300850
NIFTY-II.NFO,10/12/2024,09:53:42,24896.15,24894.45,50,24899.15,25,0,1300850
NIFTY-II.NFO,10/12/2024,09:53:44,24896.15,24894.95,50,24899.15,25,0,1300850
NIFTY-II.NFO,10/12/2024,09:53:46,24896.15,24895.5,50,24899.15,25,0,1300850
NIFTY-II.NFO,10/12/2024,09:53:47,24896.15,24894.95,50,24896.15,25,0,1300850
NIFTY-II.NFO,10/12/2024,09:53:49,24896.15,24895.55,175,24900,100,25,1300850
NIFTY-II.NFO,10/12/2024,09:53:51,24896.15,24896.75,100,24900,100,0,1300850
NIFTY-II.NFO,10/12/2024,09:53:52,24896.15,24896.3,50,24900,100,0,1300850
NIFTY-II.NFO,10/12/2024,09:53:54,24896.15,24895.7,50,24900,100,0,1300850
NIFTY-II.NFO,10/12/2024,09:53:55,24896.15,24896.05,50,24900,100,0,1300850
NIFTY-II.NFO,10/12/2024,09:53:57,24896.15,24896.6,50,24900,100,0,1300850
NIFTY-II.NFO,10/12/2024,09:53:59,24896.15,24896,50,24900,100,0,1300850
NIFTY-II.NFO,10/12/2024,09:54:00,24900,24895.1,50,24900,50,50,1300850
NIFTY-II.NFO,10/12/2024,09:54:02,24900,24896.25,175,24900,50,0,1300850
NIFTY-II.NFO,10/12/2024,09:54:04,24900,24896.95,50,24900,50,0,1300850
NIFTY-II.NFO,10/12/2024,09:54:05,24900,24897.9,100,24900,50,0,1300850
NIFTY-II.NFO,10/12/2024,09:54:07,24900,24899.25,100,24902,200,50,1300850
NIFTY-II.NFO,10/12/2024,09:54:08,24900,24899.65,50,24902,200,0,1300850
NIFTY-II.NFO,10/12/2024,09:54:10,24900,24900.35,50,24902,200,0,1300850
NIFTY-II.NFO,10/12/2024,09:54:12,24902,24901.3,50,24903,250,200,1300850
NIFTY-II.NFO,10/12/2024,09:54:13,24902,24901.25,50,24903,250,0,1300850
NIFTY-II.NFO,10/12/2024,09:54:15,24903,24901.3,50,24903,125,125,1300850
NIFTY-II.NFO,10/12/2024,09:54:17,24903.35,24903,50,24909.7,100,175,1300850
NIFTY-II.NFO,10/12/2024,09:54:18,24903.35,24902,100,24908.6,100,0,1300850
NIFTY-II.NFO,10/12/2024,09:54:20,24903.35,24901.1,50,24903.35,25,0,1300850
NIFTY-II.NFO,10/12/2024,09:54:22,24903.35,24900.65,50,24907.75,100,25,1300850
NIFTY-II.NFO,10/12/2024,09:54:23,24903.35,24901.95,50,24908.2,100,0,1300850
NIFTY-II.NFO,10/12/2024,09:54:25,24903.35,24902.1,50,24908.25,100,0,1300850
NIFTY-II.NFO,10/12/2024,09:54:27,24903.35,24903.05,25,24908.6,100,0,1300850
NIFTY-II.NFO,10/12/2024,09:54:28,24908.75,24902.15,50,24907.95,100,25,1300850
NIFTY-II.NFO,10/12/2024,09:54:28,24908.75,24902.15,50,24907.95,100,0,1300850
NIFTY-II.NFO,10/12/2024,09:54:30,24908.75,24903.2,50,24908,25,0,1300850
NIFTY-II.NFO,10/12/2024,09:54:32,24908.75,24906.4,75,24908,25,0,1300850
NIFTY-II.NFO,10/12/2024,09:54:33,24912,24910.4,75,24915,100,525,1300850
NIFTY-II.NFO,10/12/2024,09:54:33,24912,24910.4,75,24915,100,0,1300850
NIFTY-II.NFO,10/12/2024,09:54:35,24915,24913.3,75,24915,50,50,1300850
NIFTY-II.NFO,10/12/2024,09:54:35,24915,24913.3,75,24915,50,0,1300850
NIFTY-II.NFO,10/12/2024,09:54:36,24915,24911.45,75,24915,50,0,1300850
NIFTY-II.NFO,10/12/2024,09:54:38,24915,24909.55,75,24915,50,0,1300850
NIFTY-II.NFO,10/12/2024,09:54:40,24915,24909.45,75,24915,50,0,1300850
NIFTY-II.NFO,10/12/2024,09:54:41,24910.8,24910.9,50,24915,25,50,1300850
NIFTY-II.NFO,10/12/2024,09:54:43,24909.45,24909,50,24909.45,175,125,1300850
NIFTY-II.NFO,10/12/2024,09:54:45,24909.45,24909.35,100,24915,25,175,1300850
NIFTY-II.NFO,10/12/2024,09:54:46,24909.45,24909.05,50,24914.95,100,0,1300850
NIFTY-II.NFO,10/12/2024,09:54:48,24909.45,24907.25,50,24914.95,100,0,1300850
NIFTY-II.NFO,10/12/2024,09:54:50,24909.45,24908.35,50,24915,25,0,1300850
NIFTY-II.NFO,10/12/2024,09:54:51,24909.45,24909.7,50,24915,25,0,1300850
NIFTY-II.NFO,10/12/2024,09:54:53,24909.45,24909.75,50,24915,25,0,1300850
NIFTY-II.NFO,10/12/2024,09:54:54,24914.95,24908.6,50,24914.95,100,25,1300850
NIFTY-II.NFO,10/12/2024,09:54:56,24914.95,24908.35,50,24914.95,100,0,1300800
NIFTY-II.NFO,10/12/2024,09:54:58,24914.95,24906.6,50,24913.4,100,0,1300800
NIFTY-II.NFO,10/12/2024,09:54:59,24914.95,24907.55,50,24914.05,125,0,1300800
NIFTY-II.NFO,10/12/2024,09:55:01,24914.95,24907.1,50,24914.8,100,0,1300800
