Ticker,Date,Time,LTP,BuyPrice,BuyQty,SellPrice,SellQty,LTQ,OpenInterest
NIFTY-I.NFO,19/11/2024,09:15:00,23600.2,23595.2,575,23602.35,100,6550,0
NIFTY-I.NFO,19/11/2024,09:15:00,23600.2,23595.2,575,23602.35,100,0,0
NIFTY-I.NFO,19/11/2024,09:15:00,23602.45,23595.2,575,23602.35,100,0,0
NIFTY-I.NFO,19/11/2024,09:15:00,23595.2,23595.2,575,23602.35,100,0,0
NIFTY-I.NFO,19/11/2024,09:15:01,23585.1,23580,50,23587.95,100,6400,12129400
NIFTY-I.NFO,19/11/2024,09:15:01,23576,23580,50,23587.95,100,0,12129400
NIFTY-I.NFO,19/11/2024,09:15:02,23578.7,23578.75,100,23583.7,50,8800,12129400
NIFTY-I.NFO,19/11/2024,09:15:02,23603.45,23578.75,100,23583.7,50,0,12129400
NIFTY-I.NFO,19/11/2024,09:15:04,23570.1,23571.4,75,23578.6,100,2675,12129400
NIFTY-I.NFO,19/11/2024,09:15:04,23567.15,23571.4,75,23578.6,100,0,12129400
NIFTY-I.NFO,19/11/2024,09:15:05,23569.85,23569.85,25,23578.55,100,2125,12129400
NIFTY-I.NFO,19/11/2024,09:15:07,23585.8,23585.85,175,23587.95,500,5125,12129400
NIFTY-I.NFO,19/11/2024,09:15:09,23590.55,23590.6,25,23595,100,4425,12129400
NIFTY-I.NFO,19/11/2024,09:15:10,23595.45,23596.2,100,23598.4,250,1725,12129400
NIFTY-I.NFO,19/11/2024,09:15:12,23596.45,23595.85,25,23599.8,250,1875,12129400
NIFTY-I.NFO,19/11/2024,09:15:14,23600,23597.55,50,23600,2175,5375,12129400
NIFTY-I.NFO,19/11/2024,09:15:15,23602.5,23601.85,200,23602.5,4250,2925,12129400
NIFTY-I.NFO,19/11/2024,09:15:17,23603.5,23603.2,150,23603.5,875,14300,12129400
NIFTY-I.NFO,19/11/2024,09:15:17,23603.5,23603.2,150,23603.5,875,0,12129400
NIFTY-I.NFO,19/11/2024,09:15:18,23606,23605.6,225,23606,3000,25525,12129400
NIFTY-I.NFO,19/11/2024,09:15:18,23606,23605.6,225,23606,3000,0,12129400
NIFTY-I.NFO,19/11/2024,09:15:20,23612,23611,250,23612,75,20475,12129400
NIFTY-I.NFO,19/11/2024,09:15:20,23612,23611,250,23612,75,0,12129400
NIFTY-I.NFO,19/11/2024,09:15:22,23614.9,23611.8,150,23614.85,250,2825,12129400
NIFTY-I.NFO,19/11/2024,09:15:22,23614.9,23611.8,150,23614.85,250,0,12129400
NIFTY-I.NFO,19/11/2024,09:15:23,23612.15,23611.9,50,23616.25,250,3225,12129400
NIFTY-I.NFO,19/11/2024,09:15:23,23616.9,23611.9,50,23616.25,250,0,12129400
NIFTY-I.NFO,19/11/2024,09:15:25,23615.15,23615.15,225,23617.75,400,1850,12129400
NIFTY-I.NFO,19/11/2024,09:15:25,23617,23615.15,225,23617.75,400,0,12129400
NIFTY-I.NFO,19/11/2024,09:15:26,23614.25,23614.85,25,23615.8,250,3800,12129400
NIFTY-I.NFO,19/11/2024,09:15:26,23618.8,23614.85,25,23615.8,250,0,12129400
NIFTY-I.NFO,19/11/2024,09:15:28,23616.2,23616.2,575,23616.85,250,2900,12129400
NIFTY-I.NFO,19/11/2024,09:15:30,23614.8,23612.05,125,23614.55,200,3825,12129400
NIFTY-I.NFO,19/11/2024,09:15:31,23611.3,23608.15,125,23611.5,100,1875,12129400
NIFTY-I.NFO,19/11/2024,09:15:33,23607.15,23603.8,50,23607.25,75,4250,12129400
NIFTY-I.NFO,19/11/2024,09:15:35,23602.25,23602.25,400,23605.5,200,1500,12129400
NIFTY-I.NFO,19/11/2024,09:15:36,23603.1,23598.2,25,23602.5,75,1950,12076250
NIFTY-I.NFO,19/11/2024,09:15:38,23599.5,23599.75,50,23603.1,50,2925,12076250
NIFTY-I.NFO,19/11/2024,09:15:39,23602.8,23604,25,23607.5,250,2475,12076250
NIFTY-I.NFO,19/11/2024,09:15:41,23605.8,23605.75,100,23611.3,25,1300,12076250
NIFTY-I.NFO,19/11/2024,09:15:43,23613.6,23612.05,25,23613.6,50,900,12076250
NIFTY-I.NFO,19/11/2024,09:15:44,23611.45,23611.45,200,23614.35,250,1400,12076250
NIFTY-I.NFO,19/11/2024,09:15:46,23616,23616,975,23616.15,50,1700,12076250
NIFTY-I.NFO,19/11/2024,09:15:48,23614.7,23609.35,25,23614.8,50,2150,12076250
NIFTY-I.NFO,19/11/2024,09:15:49,23613.6,23609.8,75,23613.8,250,2625,12076250
NIFTY-I.NFO,19/11/2024,09:15:51,23612.05,23609.35,25,23613.6,25,1000,12076250
NIFTY-I.NFO,19/11/2024,09:15:53,23610,23610,150,23610.3,50,525,12076250
NIFTY-I.NFO,19/11/2024,09:15:54,23607.05,23606.65,50,23610.25,25,2800,12076250
NIFTY-I.NFO,19/11/2024,09:15:56,23610.4,23605.65,125,23610,1675,4525,12076250
NIFTY-I.NFO,19/11/2024,09:15:57,23605.15,23605.15,200,23606.15,175,3075,12076250
NIFTY-I.NFO,19/11/2024,09:15:59,23601.7,23601.8,25,23604.25,25,3425,12076250
NIFTY-I.NFO,19/11/2024,09:16:01,23610.5,23610.5,150,23614.8,150,5900,12076250
NIFTY-I.NFO,19/11/2024,09:16:02,23616.9,23614.8,100,23617,25,2550,12076250
NIFTY-I.NFO,19/11/2024,09:16:04,23617.45,23617.45,75,23618,225,1875,12076250
NIFTY-I.NFO,19/11/2024,09:16:06,23620,23616.4,75,23621.95,75,2950,12076250
NIFTY-I.NFO,19/11/2024,09:16:06,23624,23616.4,75,23621.95,75,0,12076250
NIFTY-I.NFO,19/11/2024,09:16:07,23618,23616.95,25,23618,700,1950,12076250
NIFTY-I.NFO,19/11/2024,09:16:09,23615.75,23615.5,250,23618,525,650,12076250
NIFTY-I.NFO,19/11/2024,09:16:11,23617.45,23616.5,175,23616.95,50,250,12076250
NIFTY-I.NFO,19/11/2024,09:16:13,23618,23616.5,75,23618,100,850,12076250
NIFTY-I.NFO,19/11/2024,09:16:14,23616.45,23616.45,175,23619.95,25,1525,12076250
NIFTY-I.NFO,19/11/2024,09:16:16,23616.5,23616.45,1150,23617.45,25,2550,12076250
NIFTY-I.NFO,19/11/2024,09:16:18,23616.45,23616.45,150,23618.75,100,1550,12076250
NIFTY-I.NFO,19/11/2024,09:16:19,23615.05,23615.05,100,23616.45,275,400,12076250
NIFTY-I.NFO,19/11/2024,09:16:21,23615.05,23611.05,250,23615.2,25,575,12076250
NIFTY-I.NFO,19/11/2024,09:16:23,23615,23611.7,100,23615,125,75,12076250
NIFTY-I.NFO,19/11/2024,09:16:24,23612.65,23612.6,125,23615,125,600,12076250
NIFTY-I.NFO,19/11/2024,09:16:26,23611.9,23612.6,100,23615,75,625,12076250
NIFTY-I.NFO,19/11/2024,09:16:28,23610,23610,925,23614.95,25,1375,12076250
NIFTY-I.NFO,19/11/2024,09:16:29,23614.85,23610,850,23614.85,25,750,12076250
NIFTY-I.NFO,19/11/2024,09:16:31,23611.9,23610.1,200,23611.9,25,850,12076250
NIFTY-I.NFO,19/11/2024,09:16:33,23614.95,23610.65,125,23614.95,250,650,12076250
NIFTY-I.NFO,19/11/2024,09:16:34,23615,23610.5,125,23615,425,600,12076250
NIFTY-I.NFO,19/11/2024,09:16:36,23610.2,23610,150,23611.9,975,775,12076250
NIFTY-I.NFO,19/11/2024,09:16:38,23611.9,23610.05,225,23611.9,750,475,12076250
NIFTY-I.NFO,19/11/2024,09:16:39,23610.15,23609.35,50,23611,1000,2025,12076250
NIFTY-I.NFO,19/11/2024,09:16:41,23609.35,23609.35,175,23610,25,1050,12076250
NIFTY-I.NFO,19/11/2024,09:16:43,23610.25,23610.05,225,23614,125,875,12076250
NIFTY-I.NFO,19/11/2024,09:16:44,23611.8,23611.8,275,23615,750,1075,12076250
NIFTY-I.NFO,19/11/2024,09:16:46,23615,23612.35,125,23615.05,525,1100,12076250
NIFTY-I.NFO,19/11/2024,09:16:48,23619,23616,500,23619,350,2475,12076250
NIFTY-I.NFO,19/11/2024,09:16:49,23616,23616,175,23619,25,1150,12076250
NIFTY-I.NFO,19/11/2024,09:16:51,23617.5,23617.15,75,23619.95,25,425,12076250
NIFTY-I.NFO,19/11/2024,09:16:53,23617.5,23619.2,25,23619.95,25,975,12076250
NIFTY-I.NFO,19/11/2024,09:16:54,23619.2,23617.45,200,23619.2,200,325,12076250
NIFTY-I.NFO,19/11/2024,09:16:56,23619,23619.05,25,23620,825,2175,12076250
NIFTY-I.NFO,19/11/2024,09:16:58,23620,23620,425,23621,125,1675,12076250
NIFTY-I.NFO,19/11/2024,09:16:59,23624,23620.2,250,23624,350,1250,12076250
NIFTY-I.NFO,19/11/2024,09:17:01,23622.5,23622.1,100,23625.15,25,3000,12076250
NIFTY-I.NFO,19/11/2024,09:17:01,23625.05,23622.1,100,23625.15,25,0,12076250
NIFTY-I.NFO,19/11/2024,09:17:03,23623.25,23622.05,100,23628.2,100,1000,12076250
NIFTY-I.NFO,19/11/2024,09:17:03,23628,23622.05,100,23628.2,100,0,12076250
NIFTY-I.NFO,19/11/2024,09:17:04,23629,23625.5,100,23629,4875,975,12076250
NIFTY-I.NFO,19/11/2024,09:17:04,23629,23625.5,100,23629,4875,0,12076250
NIFTY-I.NFO,19/11/2024,09:17:06,23629,23626.7,25,23629,4775,325,12076250
NIFTY-I.NFO,19/11/2024,09:17:08,23629.45,23629.45,50,23630,350,6150,12076250
NIFTY-I.NFO,19/11/2024,09:17:08,23630,23629.45,50,23630,350,0,12076250
NIFTY-I.NFO,19/11/2024,09:17:09,23629.45,23629.45,75,23631,25,1225,12076250
NIFTY-I.NFO,19/11/2024,09:17:09,23631,23629.45,75,23631,25,0,12076250
NIFTY-I.NFO,19/11/2024,09:17:11,23628.95,23626.7,600,23630,25,3250,12076250
NIFTY-I.NFO,19/11/2024,09:17:11,23635,23626.7,600,23630,25,0,12076250
NIFTY-I.NFO,19/11/2024,09:17:13,23627.05,23626.7,325,23629,25,875,12076250
NIFTY-I.NFO,19/11/2024,09:17:14,23629.75,23629,25,23631.15,25,1600,12076250
NIFTY-I.NFO,19/11/2024,09:17:16,23625.2,23625.45,125,23626.7,50,300,12076250
NIFTY-I.NFO,19/11/2024,09:17:18,23627.05,23626.65,100,23629,125,2525,12076250
NIFTY-I.NFO,19/11/2024,09:17:19,23630,23630,19950,23632,50,1275,12076250
NIFTY-I.NFO,19/11/2024,09:17:21,23634.95,23630.25,375,23635,875,700,12076250
NIFTY-I.NFO,19/11/2024,09:17:23,23637.6,23630,19350,23635.9,25,3750,12076250
NIFTY-I.NFO,19/11/2024,09:17:23,23638.3,23630,19350,23635.9,25,0,12076250
NIFTY-I.NFO,19/11/2024,09:17:24,23635,23630.95,475,23635,75,1225,12076250
NIFTY-I.NFO,19/11/2024,09:17:26,23635.8,23630.5,50,23636.9,25,1200,12076250
NIFTY-I.NFO,19/11/2024,09:17:26,23638.8,23630.5,50,23636.9,25,0,12076250
NIFTY-I.NFO,19/11/2024,09:17:28,23633,23631.55,25,23634.1,25,550,12076250
NIFTY-I.NFO,19/11/2024,09:17:29,23636,23634,500,23636.05,25,2875,12076250
NIFTY-I.NFO,19/11/2024,09:17:29,23639.3,23634,500,23636.05,25,0,12076250
NIFTY-I.NFO,19/11/2024,09:17:31,23635,23632.9,100,23638,25,1000,12076250
NIFTY-I.NFO,19/11/2024,09:17:33,23634,23634,625,23636.9,50,625,12076250
NIFTY-I.NFO,19/11/2024,09:17:33,23639.35,23634,625,23636.9,50,0,12076250
NIFTY-I.NFO,19/11/2024,09:17:34,23635.05,23635.05,100,23636,100,350,12076250
NIFTY-I.NFO,19/11/2024,09:17:36,23636.9,23636.05,50,23636.95,25,800,12076250
NIFTY-I.NFO,19/11/2024,09:17:38,23636.05,23636.75,75,23639.9,25,2350,12076250
NIFTY-I.NFO,19/11/2024,09:17:38,23639.8,23636.75,75,23639.9,25,0,12076250
NIFTY-I.NFO,19/11/2024,09:17:39,23642,23639.45,125,23642,100,3925,12076250
NIFTY-I.NFO,19/11/2024,09:17:39,23642,23639.45,125,23642,100,0,12076250
NIFTY-I.NFO,19/11/2024,09:17:41,23639.15,23639.15,75,23642,50,800,12076250
NIFTY-I.NFO,19/11/2024,09:17:41,23642.9,23639.15,75,23642,50,0,12076250
NIFTY-I.NFO,19/11/2024,09:17:43,23640,23640,18250,23643,650,2075,12076250
NIFTY-I.NFO,19/11/2024,09:17:43,23643,23640,18250,23643,650,0,12076250
NIFTY-I.NFO,19/11/2024,09:17:44,23642.9,23640,18100,23643.45,25,1150,12076250
NIFTY-I.NFO,19/11/2024,09:17:46,23642,23640.55,25,23641.95,25,1425,12076250
NIFTY-I.NFO,19/11/2024,09:17:46,23643.95,23640.55,25,23641.95,25,0,12076250
NIFTY-I.NFO,19/11/2024,09:17:47,23640.55,23640.55,50,23643.95,17250,1175,12076250
NIFTY-I.NFO,19/11/2024,09:17:49,23643,23643.05,125,23643.9,25,3625,12076250
NIFTY-I.NFO,19/11/2024,09:17:51,23643.5,23643.5,25,23643.95,16575,550,12076250
NIFTY-I.NFO,19/11/2024,09:17:52,23642,23642,25,23643.05,25,750,12076250
NIFTY-I.NFO,19/11/2024,09:17:54,23643.95,23642.5,150,23643.1,25,1975,12076250
NIFTY-I.NFO,19/11/2024,09:17:56,23644.75,23644.55,125,23644.8,1775,23125,12076250
NIFTY-I.NFO,19/11/2024,09:17:56,23644.8,23644.55,125,23644.8,1775,0,12076250
NIFTY-I.NFO,19/11/2024,09:17:57,23644.8,23644.75,100,23644.8,825,1250,12076250
NIFTY-I.NFO,19/11/2024,09:17:59,23646.55,23646.55,25,23647.95,50,9800,12076250
NIFTY-I.NFO,19/11/2024,09:17:59,23648,23646.55,25,23647.95,50,0,12076250
NIFTY-I.NFO,19/11/2024,09:18:01,23647.55,23647.4,25,23649,550,1100,12076250
NIFTY-I.NFO,19/11/2024,09:18:01,23649,23647.4,25,23649,550,0,12076250
NIFTY-I.NFO,19/11/2024,09:18:02,23649.4,23645.5,250,23646.65,250,925,12076250
NIFTY-I.NFO,19/11/2024,09:18:02,23649.45,23645.5,250,23646.65,250,0,12076250
NIFTY-I.NFO,19/11/2024,09:18:04,23649.9,23646.7,75,23649.9,750,1775,12076250
NIFTY-I.NFO,19/11/2024,09:18:04,23649.9,23646.7,75,23649.9,750,0,12076250
NIFTY-I.NFO,19/11/2024,09:18:06,23646.7,23645,225,23646.7,50,800,12076250
NIFTY-I.NFO,19/11/2024,09:18:07,23647.55,23646.05,25,23648,25,625,12076250
NIFTY-I.NFO,19/11/2024,09:18:09,23646.65,23646.65,250,23649.9,650,825,12076250
NIFTY-I.NFO,19/11/2024,09:18:11,23649,23647.65,125,23649.9,525,1300,12076250
NIFTY-I.NFO,19/11/2024,09:18:12,23652.35,23652.2,250,23654,150,9600,12076250
NIFTY-I.NFO,19/11/2024,09:18:12,23654,23652.2,250,23654,150,0,12076250
NIFTY-I.NFO,19/11/2024,09:18:14,23652.9,23651.6,75,23654,150,750,12076250
NIFTY-I.NFO,19/11/2024,09:18:16,23650.9,23649,500,23650.9,1775,475,12076250
NIFTY-I.NFO,19/11/2024,09:18:17,23654.9,23649.9,375,23654.9,25,4800,12076250
NIFTY-I.NFO,19/11/2024,09:18:17,23655,23649.9,375,23654.9,25,0,12076250
NIFTY-I.NFO,19/11/2024,09:18:19,23649,23649.05,50,23649.75,50,1275,12076250
NIFTY-I.NFO,19/11/2024,09:18:21,23648.25,23646.7,750,23648.25,75,900,12076250
NIFTY-I.NFO,19/11/2024,09:18:23,23646.7,23650,25,23651.95,25,2000,12076250
NIFTY-I.NFO,19/11/2024,09:18:24,23649,23646.7,150,23649,125,425,12076250
NIFTY-I.NFO,19/11/2024,09:18:26,23650,23645.05,375,23649.65,25,6025,12076250
NIFTY-I.NFO,19/11/2024,09:18:28,23646.7,23645,25,23648.7,25,400,12076250
NIFTY-I.NFO,19/11/2024,09:18:29,23645.45,23645.45,100,23646.7,25,6350,12076250
NIFTY-I.NFO,19/11/2024,09:18:31,23649,23644.25,375,23649,200,800,12076250
NIFTY-I.NFO,19/11/2024,09:18:33,23645.15,23645,25,23649,200,875,12076250
NIFTY-I.NFO,19/11/2024,09:18:34,23644.15,23644.2,250,23645.4,25,1700,12076250
NIFTY-I.NFO,19/11/2024,09:18:36,23648,23645,175,23648,50,200,12076250
NIFTY-I.NFO,19/11/2024,09:18:38,23649.45,23644,450,23649.5,50,3100,12027225
NIFTY-I.NFO,19/11/2024,09:18:39,23647.6,23647.65,25,23650,25,2325,12027225
NIFTY-I.NFO,19/11/2024,09:18:41,23648.95,23648.95,100,23649.5,50,3125,12027225
NIFTY-I.NFO,19/11/2024,09:18:43,23648.95,23647.25,125,23648.95,75,925,12027225
NIFTY-I.NFO,19/11/2024,09:18:44,23650,23645.7,200,23650,25,2375,12027225
NIFTY-I.NFO,19/11/2024,09:18:46,23646.15,23648.95,25,23650,125,2500,12027225
NIFTY-I.NFO,19/11/2024,09:18:48,23645.7,23645.25,100,23649.55,500,600,12027225
NIFTY-I.NFO,19/11/2024,09:18:49,23646.3,23646.05,125,23649.55,150,1275,12027225
NIFTY-I.NFO,19/11/2024,09:18:51,23652.05,23646.05,300,23649,100,1350,12027225
NIFTY-I.NFO,19/11/2024,09:18:53,23646.55,23645.1,175,23649,25,1100,12027225
NIFTY-I.NFO,19/11/2024,09:18:54,23650,23644.9,25,23650,300,625,12027225
NIFTY-I.NFO,19/11/2024,09:18:56,23646.2,23646.2,75,23649,25,300,12027225
NIFTY-I.NFO,19/11/2024,09:18:58,23648.15,23646.2,125,23647.75,25,100,12027225
NIFTY-I.NFO,19/11/2024,09:18:59,23643.6,23643.1,75,23646.2,200,2050,12027225
NIFTY-I.NFO,19/11/2024,09:19:01,23641.2,23641.2,825,23642.8,25,725,12027225
NIFTY-I.NFO,19/11/2024,09:19:03,23640,23639,75,23640,225,1850,12027225
NIFTY-I.NFO,19/11/2024,09:19:04,23635.9,23636,75,23639,300,800,12027225
NIFTY-I.NFO,19/11/2024,09:19:06,23637.1,23635.1,250,23637.1,25,625,12027225
NIFTY-I.NFO,19/11/2024,09:19:08,23633.5,23633.5,25,23639,250,1300,12027225
NIFTY-I.NFO,19/11/2024,09:19:09,23633.7,23633.5,175,23638.85,25,1275,12027225
NIFTY-I.NFO,19/11/2024,09:19:11,23633.25,23633.25,125,23638,25,675,12027225
NIFTY-I.NFO,19/11/2024,09:19:12,23633.6,23633.75,225,23635.1,100,1225,12027225
NIFTY-I.NFO,19/11/2024,09:19:14,23633.95,23633.8,325,23635,25,1575,12027225
NIFTY-I.NFO,19/11/2024,09:19:16,23635.05,23635.05,150,23638.95,50,450,12027225
NIFTY-I.NFO,19/11/2024,09:19:17,23634.1,23633.85,150,23638,150,700,12027225
NIFTY-I.NFO,19/11/2024,09:19:19,23633.75,23633.25,150,23639.1,25,1075,12027225
NIFTY-I.NFO,19/11/2024,09:19:21,23635.4,23635.3,25,23639,400,1000,12027225
NIFTY-I.NFO,19/11/2024,09:19:22,23636.15,23636.15,225,23638,25,975,12027225
NIFTY-I.NFO,19/11/2024,09:19:24,23636.2,23636.2,100,23639,250,350,12027225
NIFTY-I.NFO,19/11/2024,09:19:26,23634.05,23633.75,25,23637.95,25,2175,12027225
NIFTY-I.NFO,19/11/2024,09:19:27,23638.95,23633.75,225,23638.2,25,600,12027225
NIFTY-I.NFO,19/11/2024,09:19:29,23633.8,23632.2,50,23633.05,150,225,12027225
NIFTY-I.NFO,19/11/2024,09:19:31,23635.3,23634.9,50,23635.9,50,475,12027225
NIFTY-I.NFO,19/11/2024,09:19:32,23636.2,23636.2,25,23638,25,600,12027225
NIFTY-I.NFO,19/11/2024,09:19:34,23637.2,23637.15,50,23638.35,25,800,12027225
NIFTY-I.NFO,19/11/2024,09:19:36,23639.05,23639,125,23640,725,3125,12027225
NIFTY-I.NFO,19/11/2024,09:19:37,23641,23639.05,75,23641,25,825,12027225
NIFTY-I.NFO,19/11/2024,09:19:39,23644.95,23638.8,100,23644.45,25,1325,12027225
NIFTY-I.NFO,19/11/2024,09:19:41,23640.05,23640.2,125,23641,325,750,12027225
NIFTY-I.NFO,19/11/2024,09:19:42,23640.4,23640.55,125,23644,25,775,12027225
NIFTY-I.NFO,19/11/2024,09:19:44,23648.2,23641.1,50,23647.35,100,850,12027225
NIFTY-I.NFO,19/11/2024,09:19:46,23643.75,23643.75,100,23646.2,25,525,12027225
NIFTY-I.NFO,19/11/2024,09:19:47,23642.45,23642.7,100,23645,25,925,12027225
NIFTY-I.NFO,19/11/2024,09:19:49,23644,23643.7,175,23649.65,25,900,12027225
NIFTY-I.NFO,19/11/2024,09:19:51,23643.75,23643.75,25,23649.65,25,350,12027225
NIFTY-I.NFO,19/11/2024,09:19:52,23644.15,23644.2,50,23644.95,200,175,12027225
NIFTY-I.NFO,19/11/2024,09:19:54,23649.9,23645.2,175,23649.9,150,650,12027225
NIFTY-I.NFO,19/11/2024,09:19:56,23644.9,23644.8,125,23649.9,75,775,12027225
NIFTY-I.NFO,19/11/2024,09:19:57,23644.75,23644.15,75,23648,125,250,12027225
NIFTY-I.NFO,19/11/2024,09:19:59,23647.55,23644.75,25,23648,50,475,12027225
NIFTY-I.NFO,19/11/2024,09:20:01,23633.4,23633.4,200,23633.75,50,35075,12027225
NIFTY-I.NFO,19/11/2024,09:20:02,23633,23631.05,125,23636.7,25,5575,12027225
NIFTY-I.NFO,19/11/2024,09:20:04,23638.8,23632.15,150,23637.8,25,500,12027225
NIFTY-I.NFO,19/11/2024,09:20:06,23639.45,23636,25,23640.95,25,625,12027225
NIFTY-I.NFO,19/11/2024,09:20:07,23644.15,23636.95,100,23643.5,25,750,12027225
NIFTY-I.NFO,19/11/2024,09:20:09,23637.3,23637.35,75,23638.8,350,600,12027225
NIFTY-I.NFO,19/11/2024,09:20:11,23639.3,23640.9,150,23644.15,500,1425,12027225
NIFTY-I.NFO,19/11/2024,09:20:12,23644.15,23640.4,75,23644.6,100,825,12027225
NIFTY-I.NFO,19/11/2024,09:20:14,23641.25,23641.25,150,23644.6,75,525,12027225
NIFTY-I.NFO,19/11/2024,09:20:16,23641.25,23641.25,125,23644.6,25,250,12027225
NIFTY-I.NFO,19/11/2024,09:20:17,23643,23643.05,175,23645,225,650,12027225
NIFTY-I.NFO,19/11/2024,09:20:19,23641.7,23643.1,50,23646,100,450,12027225
NIFTY-I.NFO,19/11/2024,09:20:21,23643.05,23643.05,50,23648,300,425,12027225
NIFTY-I.NFO,19/11/2024,09:20:22,23648,23642.25,50,23647.95,375,875,12027225
NIFTY-I.NFO,19/11/2024,09:20:24,23647.6,23641.25,125,23647.9,25,2450,12027225
NIFTY-I.NFO,19/11/2024,09:20:26,23647,23645,25,23647,75,250,12027225
NIFTY-I.NFO,19/11/2024,09:20:27,23641.8,23642.2,100,23649,100,850,12027225
NIFTY-I.NFO,19/11/2024,09:20:29,23647.95,23642.95,250,23648,25,375,12027225
NIFTY-I.NFO,19/11/2024,09:20:31,23647.6,23643.95,75,23648.4,25,325,12027225
NIFTY-I.NFO,19/11/2024,09:20:32,23647,23647,75,23648,50,350,12027225
NIFTY-I.NFO,19/11/2024,09:20:34,23648.45,23643.15,125,23649.4,100,1425,12027225
NIFTY-I.NFO,19/11/2024,09:20:36,23642.5,23642.45,125,23649.2,25,1125,12027225
NIFTY-I.NFO,19/11/2024,09:20:37,23644.6,23645.15,100,23648.8,25,350,12027225
NIFTY-I.NFO,19/11/2024,09:20:39,23645.05,23645.05,75,23650,1500,750,12027225
NIFTY-I.NFO,19/11/2024,09:20:41,23648,23647.3,150,23649.5,25,300,12027225
NIFTY-I.NFO,19/11/2024,09:20:42,23647.25,23642.95,250,23644.6,150,225,12027225
NIFTY-I.NFO,19/11/2024,09:20:44,23642.95,23643.05,175,23644.6,125,275,12027225
NIFTY-I.NFO,19/11/2024,09:20:46,23643.75,23643.05,200,23648,225,250,12027225
NIFTY-I.NFO,19/11/2024,09:20:47,23643.75,23643,200,23648.95,75,875,12027225
NIFTY-I.NFO,19/11/2024,09:20:49,23643.1,23643.1,150,23649.25,25,2000,12027225
NIFTY-I.NFO,19/11/2024,09:20:51,23643.1,23643.1,150,23648.95,250,125,12027225
NIFTY-I.NFO,19/11/2024,09:20:52,23648,23648,100,23649.2,25,500,12027225
NIFTY-I.NFO,19/11/2024,09:20:54,23643.55,23643.5,150,23648,1000,300,12027225
NIFTY-I.NFO,19/11/2024,09:20:56,23642.85,23642.75,25,23648,850,550,12027225
NIFTY-I.NFO,19/11/2024,09:20:57,23642.65,23643.4,25,23648,675,600,12027225
NIFTY-I.NFO,19/11/2024,09:20:59,23645,23647.95,25,23648,550,400,12027225
NIFTY-I.NFO,19/11/2024,09:21:00,23648.8,23648.75,25,23650.5,25,1800,12027225
NIFTY-I.NFO,19/11/2024,09:21:02,23650.5,23650.5,100,23653.25,25,1200,12027225
NIFTY-I.NFO,19/11/2024,09:21:04,23653.45,23653.45,100,23653.65,50,975,12027225
NIFTY-I.NFO,19/11/2024,09:21:05,23650,23650,75,23655,1150,2625,12027225
NIFTY-I.NFO,19/11/2024,09:21:07,23647.1,23650,75,23651,125,500,12027225
NIFTY-I.NFO,19/11/2024,09:21:09,23650,23647.1,25,23651,25,200,12027225
NIFTY-I.NFO,19/11/2024,09:21:10,23646.4,23646.2,100,23651,50,225,12027225
NIFTY-I.NFO,19/11/2024,09:21:12,23653.25,23653.65,25,23654,575,1675,12027225
NIFTY-I.NFO,19/11/2024,09:21:14,23653.25,23653.25,9050,23654,875,500,12027225
NIFTY-I.NFO,19/11/2024,09:21:15,23653.25,23653.3,25,23654,825,225,12027225
NIFTY-I.NFO,19/11/2024,09:21:17,23654,23653.25,6800,23654,725,2450,12027225
NIFTY-I.NFO,19/11/2024,09:21:19,23654,23653.25,6750,23654,500,400,12027225
NIFTY-I.NFO,19/11/2024,09:21:20,23657.9,23654.8,25,23657.9,225,3325,12027225
NIFTY-I.NFO,19/11/2024,09:21:20,23657.9,23654.8,25,23657.9,225,0,12027225
NIFTY-I.NFO,19/11/2024,09:21:22,23656.55,23656.6,25,23658.9,1250,1675,12027225
NIFTY-I.NFO,19/11/2024,09:21:22,23658.9,23656.6,25,23658.9,1250,0,12027225
NIFTY-I.NFO,19/11/2024,09:21:24,23658.85,23656.65,25,23658.9,1200,275,12027225
NIFTY-I.NFO,19/11/2024,09:21:25,23658.9,23654.2,25,23658.9,725,725,12027225
NIFTY-I.NFO,19/11/2024,09:21:27,23658.85,23655.05,25,23658.85,25,600,12027225
NIFTY-I.NFO,19/11/2024,09:21:29,23658.9,23656.7,25,23658.9,675,225,12027225
NIFTY-I.NFO,19/11/2024,09:21:30,23657.7,23657.6,75,23657.95,50,450,12027225
NIFTY-I.NFO,19/11/2024,09:21:32,23655.7,23655.65,375,23658,25,9000,12027225
NIFTY-I.NFO,19/11/2024,09:21:34,23654.75,23654.6,25,23658.85,50,3100,12027225
NIFTY-I.NFO,19/11/2024,09:21:34,23660,23654.6,25,23658.85,50,0,12027225
NIFTY-I.NFO,19/11/2024,09:21:35,23655.1,23660.2,50,23660.55,25,7625,12027225
NIFTY-I.NFO,19/11/2024,09:21:35,23660.3,23660.2,50,23660.55,25,0,12027225
NIFTY-I.NFO,19/11/2024,09:21:37,23656.6,23656,25,23657.6,25,125,12053775
NIFTY-I.NFO,19/11/2024,09:21:39,23657.6,23657.6,175,23659.8,100,625,12053775
NIFTY-I.NFO,19/11/2024,09:21:40,23657.3,23651,1000,23657.35,25,450,12053775
NIFTY-I.NFO,19/11/2024,09:21:42,23655.95,23651,875,23655.45,25,350,12053775
NIFTY-I.NFO,19/11/2024,09:21:43,23654.5,23651.05,100,23653.55,225,225,12053775
NIFTY-I.NFO,19/11/2024,09:21:45,23650.5,23650.5,25,23651,75,1050,12053775
NIFTY-I.NFO,19/11/2024,09:21:47,23651.85,23650,1275,23651.45,25,450,12053775
NIFTY-I.NFO,19/11/2024,09:21:48,23650.5,23650,1250,23650.5,50,200,12053775
NIFTY-I.NFO,19/11/2024,09:21:50,23650,23650,775,23650.45,275,700,12053775
NIFTY-I.NFO,19/11/2024,09:21:52,23651.9,23650.65,225,23653.9,25,1550,12053775
NIFTY-I.NFO,19/11/2024,09:21:53,23648,23647.55,75,23653.1,25,100,12053775
NIFTY-I.NFO,19/11/2024,09:21:55,23649.05,23648.85,75,23653.65,50,325,12053775
NIFTY-I.NFO,19/11/2024,09:21:57,23650.65,23651.05,475,23653.2,25,25,12053775
NIFTY-I.NFO,19/11/2024,09:21:58,23653.85,23647.65,75,23650,175,2375,12053775
NIFTY-I.NFO,19/11/2024,09:22:00,23650,23648.4,50,23650,50,200,12053775
NIFTY-I.NFO,19/11/2024,09:22:02,23647.65,23645,150,23650.35,25,175,12053775
NIFTY-I.NFO,19/11/2024,09:22:03,23645,23645.25,250,23649.7,125,200,12053775
NIFTY-I.NFO,19/11/2024,09:22:05,23647.05,23647.05,50,23649.65,25,250,12053775
NIFTY-I.NFO,19/11/2024,09:22:06,23649.65,23647.15,50,23649.7,50,100,12053775
NIFTY-I.NFO,19/11/2024,09:22:08,23647.15,23648,150,23650,150,525,12053775
NIFTY-I.NFO,19/11/2024,09:22:10,23647.15,23646.05,25,23649.65,25,125,12053775
NIFTY-I.NFO,19/11/2024,09:22:11,23649.7,23646.95,25,23649.95,25,575,12053775
NIFTY-I.NFO,19/11/2024,09:22:13,23647.4,23645,125,23649.4,25,150,12053775
NIFTY-I.NFO,19/11/2024,09:22:15,23650,23650,500,23650.2,25,975,12053775
NIFTY-I.NFO,19/11/2024,09:22:16,23650,23650,1250,23650.95,25,450,12053775
NIFTY-I.NFO,19/11/2024,09:22:18,23646,23644.5,100,23650.8,125,2200,12053775
NIFTY-I.NFO,19/11/2024,09:22:20,23650,23647.1,25,23651,25,75,12053775
NIFTY-I.NFO,19/11/2024,09:22:21,23648.1,23648.7,25,23651,25,300,12053775
NIFTY-I.NFO,19/11/2024,09:22:23,23651.05,23648.75,125,23652.95,50,200,12053775
NIFTY-I.NFO,19/11/2024,09:22:25,23653.5,23649.35,25,23652.85,25,1875,12053775
NIFTY-I.NFO,19/11/2024,09:22:26,23649.65,23649.35,100,23649.7,50,225,12053775
NIFTY-I.NFO,19/11/2024,09:22:28,23653,23649.35,100,23653,50,225,12053775
NIFTY-I.NFO,19/11/2024,09:22:30,23652.75,23651.15,100,23653.95,25,675,12053775
NIFTY-I.NFO,19/11/2024,09:22:31,23654,23653.1,625,23654.45,25,1100,12053775
NIFTY-I.NFO,19/11/2024,09:22:33,23653.3,23653.3,950,23655,400,275,12053775
NIFTY-I.NFO,19/11/2024,09:22:35,23655,23654.15,25,23655,250,300,12053775
NIFTY-I.NFO,19/11/2024,09:22:36,23655,23654.15,200,23655,125,225,12053775
NIFTY-I.NFO,19/11/2024,09:22:38,23655.5,23654.15,150,23655.5,125,375,12053775
NIFTY-I.NFO,19/11/2024,09:22:40,23655,23654.8,25,23655,175,50,12053775
NIFTY-I.NFO,19/11/2024,09:22:41,23655.45,23655,450,23655.45,25,200,12053775
NIFTY-I.NFO,19/11/2024,09:22:43,23655,23653.3,725,23655,325,1450,12053775
NIFTY-I.NFO,19/11/2024,09:22:45,23655,23653.3,375,23658,100,1600,12053775
NIFTY-I.NFO,19/11/2024,09:22:46,23653.3,23653.3,325,23655.45,25,375,12053775
NIFTY-I.NFO,19/11/2024,09:22:48,23653.3,23653.3,100,23655,2775,275,12053775
NIFTY-I.NFO,19/11/2024,09:22:50,23655,23651.15,100,23655,2850,125,12053775
NIFTY-I.NFO,19/11/2024,09:22:51,23654,23650,250,23654,225,925,12053775
NIFTY-I.NFO,19/11/2024,09:22:53,23653.95,23650,475,23652.7,25,400,12053775
NIFTY-I.NFO,19/11/2024,09:22:55,23650,23646,100,23650,250,1950,12053775
NIFTY-I.NFO,19/11/2024,09:22:56,23646.45,23646,75,23650,1825,425,12053775
NIFTY-I.NFO,19/11/2024,09:22:58,23644.75,23644.95,100,23649.95,1900,425,12053775
NIFTY-I.NFO,19/11/2024,09:23:00,23645,23644.9,825,23649,100,900,12053775
NIFTY-I.NFO,19/11/2024,09:23:01,23643.4,23641.1,100,23645.85,25,625,12053775
NIFTY-I.NFO,19/11/2024,09:23:03,23646.75,23641.1,100,23646.8,25,200,12053775
NIFTY-I.NFO,19/11/2024,09:23:05,23646,23641.1,50,23646,225,2025,12053775
NIFTY-I.NFO,19/11/2024,09:23:06,23645,23640,200,23645,175,700,12053775
NIFTY-I.NFO,19/11/2024,09:23:08,23645,23642.15,250,23645,75,250,12053775
NIFTY-I.NFO,19/11/2024,09:23:10,23643.55,23644,275,23645,75,225,12053775
NIFTY-I.NFO,19/11/2024,09:23:11,23645.1,23644.75,125,23650,350,5075,12053775
NIFTY-I.NFO,19/11/2024,09:23:13,23649.85,23643.95,25,23649.9,375,525,12053775
NIFTY-I.NFO,19/11/2024,09:23:14,23643.65,23643.5,125,23649.35,125,525,12053775
NIFTY-I.NFO,19/11/2024,09:23:16,23646.85,23643.5,125,23649,75,225,12053775
NIFTY-I.NFO,19/11/2024,09:23:18,23644.55,23646,125,23649.9,25,450,12053775
NIFTY-I.NFO,19/11/2024,09:23:19,23650.5,23651,350,23653.95,25,750,12053775
NIFTY-I.NFO,19/11/2024,09:23:21,23654,23652.4,1250,23654,175,4275,12053775
NIFTY-I.NFO,19/11/2024,09:23:23,23655,23653.05,75,23655,1175,850,12053775
NIFTY-I.NFO,19/11/2024,09:23:24,23652.55,23652.45,575,23654.55,25,2450,12053775
NIFTY-I.NFO,19/11/2024,09:23:26,23652.5,23652.5,25,23652.8,3000,700,12053775
NIFTY-I.NFO,19/11/2024,09:23:28,23652.55,23652.65,125,23652.8,2950,150,12053775
NIFTY-I.NFO,19/11/2024,09:23:29,23655,23654.6,425,23655,1050,3175,12053775
NIFTY-I.NFO,19/11/2024,09:23:31,23655.05,23655.05,450,23657.7,25,3250,12053775
NIFTY-I.NFO,19/11/2024,09:23:33,23657.7,23657.1,250,23658,150,450,12053775
NIFTY-I.NFO,19/11/2024,09:23:34,23658.5,23658.75,50,23659,250,7025,12053775
NIFTY-I.NFO,19/11/2024,09:23:36,23661,23661.15,25,23662.5,175,3575,12053775
NIFTY-I.NFO,19/11/2024,09:23:36,23662.5,23661.15,25,23662.5,175,0,12053775
NIFTY-I.NFO,19/11/2024,09:23:38,23662.5,23660.5,150,23662.5,25,350,12053775
NIFTY-I.NFO,19/11/2024,09:23:39,23659,23660.7,150,23662.7,25,800,12053775
NIFTY-I.NFO,19/11/2024,09:23:39,23662.7,23660.7,150,23662.7,25,0,12053775
NIFTY-I.NFO,19/11/2024,09:23:41,23658.45,23658.55,250,23659,225,975,12053775
NIFTY-I.NFO,19/11/2024,09:23:41,23662.9,23658.55,250,23659,225,0,12053775
NIFTY-I.NFO,19/11/2024,09:23:42,23668.6,23664.2,1350,23668.6,2725,7750,12053775
NIFTY-I.NFO,19/11/2024,09:23:42,23668.6,23664.2,1350,23668.6,2725,0,12053775
NIFTY-I.NFO,19/11/2024,09:23:44,23667.75,23662.7,25,23668.7,125,4075,12053775
NIFTY-I.NFO,19/11/2024,09:23:46,23669,23664.05,25,23669,350,625,12053775
NIFTY-I.NFO,19/11/2024,09:23:46,23669,23664.05,25,23669,350,0,12053775
NIFTY-I.NFO,19/11/2024,09:23:47,23669.9,23664.8,75,23669.95,50,600,12053775
NIFTY-I.NFO,19/11/2024,09:23:47,23669.9,23664.8,75,23669.95,50,0,12053775
NIFTY-I.NFO,19/11/2024,09:23:49,23669.95,23665.2,225,23670,1125,975,12053775
NIFTY-I.NFO,19/11/2024,09:23:49,23670,23665.2,225,23670,1125,0,12053775
NIFTY-I.NFO,19/11/2024,09:23:51,23668.7,23664.05,25,23670,925,1300,12053775
NIFTY-I.NFO,19/11/2024,09:23:52,23669,23664.75,25,23669,200,525,12053775
NIFTY-I.NFO,19/11/2024,09:23:54,23664.4,23664.25,50,23669,350,1150,12053775
NIFTY-I.NFO,19/11/2024,09:23:56,23662.7,23665,25,23668.35,100,4175,12053775
NIFTY-I.NFO,19/11/2024,09:23:57,23665,23665,475,23669,325,250,12053775
NIFTY-I.NFO,19/11/2024,09:23:59,23665,23663.8,175,23665,1325,600,12053775
NIFTY-I.NFO,19/11/2024,09:24:01,23669,23665.25,50,23669,400,2825,12053775
NIFTY-I.NFO,19/11/2024,09:24:02,23669,23665.9,175,23669.9,25,775,12053775
NIFTY-I.NFO,19/11/2024,09:24:04,23669,23669,475,23670,975,575,12053775
NIFTY-I.NFO,19/11/2024,09:24:06,23670.4,23670.05,25,23670.5,25,1225,12053775
NIFTY-I.NFO,19/11/2024,09:24:06,23670.4,23670.05,25,23670.5,25,0,12053775
NIFTY-I.NFO,19/11/2024,09:24:07,23670.5,23670.95,450,23675,4825,2550,12053775
NIFTY-I.NFO,19/11/2024,09:24:07,23675,23670.95,450,23675,4825,0,12053775
NIFTY-I.NFO,19/11/2024,09:24:09,23675,23672.85,175,23675,4525,425,12053775
NIFTY-I.NFO,19/11/2024,09:24:11,23679.05,23679,675,23679.9,775,11850,12053775
NIFTY-I.NFO,19/11/2024,09:24:11,23679.9,23679,675,23679.9,775,0,12053775
NIFTY-I.NFO,19/11/2024,09:24:12,23680,23679,325,23680,175,2875,12053775
NIFTY-I.NFO,19/11/2024,09:24:12,23680,23679,325,23680,175,0,12053775
NIFTY-I.NFO,19/11/2024,09:24:14,23683.25,23679,125,23683.25,25,2200,12053775
NIFTY-I.NFO,19/11/2024,09:24:14,23683.25,23679,125,23683.25,25,0,12053775
NIFTY-I.NFO,19/11/2024,09:24:16,23685,23678.75,25,23684.65,50,2450,12053775
NIFTY-I.NFO,19/11/2024,09:24:16,23685,23678.75,25,23684.65,50,0,12053775
NIFTY-I.NFO,19/11/2024,09:24:17,23680.05,23680.05,25,23685.5,25,1900,12053775
NIFTY-I.NFO,19/11/2024,09:24:17,23685.85,23680.05,25,23685.5,25,0,12053775
NIFTY-I.NFO,19/11/2024,09:24:19,23686,23679.95,50,23686,25,1525,12053775
NIFTY-I.NFO,19/11/2024,09:24:19,23686.3,23679.95,50,23686,25,0,12053775
NIFTY-I.NFO,19/11/2024,09:24:21,23686.7,23680.05,50,23686.15,25,1475,12053775
NIFTY-I.NFO,19/11/2024,09:24:21,23686.7,23680.05,50,23686.15,25,0,12053775
NIFTY-I.NFO,19/11/2024,09:24:22,23680,23680,250,23684.75,50,6025,12053775
NIFTY-I.NFO,19/11/2024,09:24:24,23684.9,23680,50,23684.9,1175,1300,12053775
NIFTY-I.NFO,19/11/2024,09:24:26,23680,23680,350,23684.85,50,3150,12053775
NIFTY-I.NFO,19/11/2024,09:24:27,23680.1,23680,1125,23682,25,2525,12053775
NIFTY-I.NFO,19/11/2024,09:24:27,23687.9,23680,1125,23682,25,0,12053775
NIFTY-I.NFO,19/11/2024,09:24:29,23684.75,23681.05,150,23684.75,25,1725,12053775
NIFTY-I.NFO,19/11/2024,09:24:31,23684.9,23680.95,125,23684,25,2225,12053775
NIFTY-I.NFO,19/11/2024,09:24:31,23688,23680.95,125,23684,25,0,12053775
NIFTY-I.NFO,19/11/2024,09:24:32,23684.7,23684.55,100,23688.05,25,4400,12053775
NIFTY-I.NFO,19/11/2024,09:24:34,23685.2,23685.3,125,23688.8,50,1200,12053775
NIFTY-I.NFO,19/11/2024,09:24:34,23688.15,23685.3,125,23688.8,50,0,12053775
NIFTY-I.NFO,19/11/2024,09:24:36,23690,23688.05,25,23690,2425,3800,12053775
NIFTY-I.NFO,19/11/2024,09:24:36,23690,23688.05,25,23690,2425,0,12053775
NIFTY-I.NFO,19/11/2024,09:24:37,23690,23689,50,23690,825,2025,12053775
NIFTY-I.NFO,19/11/2024,09:24:39,23692,23690,275,23692,50,2000,12046700
NIFTY-I.NFO,19/11/2024,09:24:39,23692,23690,275,23692,50,0,12046700
NIFTY-I.NFO,19/11/2024,09:24:41,23690,23687.85,75,23690,75,3525,12046700
NIFTY-I.NFO,19/11/2024,09:24:41,23695,23687.85,75,23690,75,0,12046700
NIFTY-I.NFO,19/11/2024,09:24:42,23689.7,23689.7,350,23694.95,25,625,12046700
NIFTY-I.NFO,19/11/2024,09:24:44,23695.75,23692.9,550,23696,100,3200,12046700
NIFTY-I.NFO,19/11/2024,09:24:44,23695.75,23692.9,550,23696,100,0,12046700
NIFTY-I.NFO,19/11/2024,09:24:46,23698.8,23694.95,25,23698.75,50,4925,12046700
NIFTY-I.NFO,19/11/2024,09:24:46,23698.8,23694.95,25,23698.75,50,0,12046700
NIFTY-I.NFO,19/11/2024,09:24:47,23697.75,23693.15,25,23698,25,1125,12046700
NIFTY-I.NFO,19/11/2024,09:24:49,23696.8,23694.15,25,23698.55,50,675,12046700
NIFTY-I.NFO,19/11/2024,09:24:51,23696.8,23695.45,125,23698.8,2650,5350,12046700
NIFTY-I.NFO,19/11/2024,09:24:52,23698.8,23695,1750,23698.8,2200,1450,12046700
NIFTY-I.NFO,19/11/2024,09:24:54,23694.95,23695,75,23698.8,2050,30250,12046700
NIFTY-I.NFO,19/11/2024,09:24:56,23698.8,23698,500,23698.8,825,3700,12046700
NIFTY-I.NFO,19/11/2024,09:24:57,23700,23699.8,350,23700,11200,8175,12046700
NIFTY-I.NFO,19/11/2024,09:24:57,23700,23699.8,350,23700,11200,0,12046700
NIFTY-I.NFO,19/11/2024,09:24:59,23701.9,23701.9,75,23705,20600,14075,12046700
NIFTY-I.NFO,19/11/2024,09:24:59,23704.8,23701.9,75,23705,20600,0,12046700
NIFTY-I.NFO,19/11/2024,09:25:01,23705,23702.3,250,23705,19925,1975,12046700
NIFTY-I.NFO,19/11/2024,09:25:01,23705,23702.3,250,23705,19925,0,12046700
NIFTY-I.NFO,19/11/2024,09:25:02,23701.15,23701.15,50,23705,10475,975,12046700
NIFTY-I.NFO,19/11/2024,09:25:04,23700.35,23698.8,50,23700.35,25,3050,12046700
NIFTY-I.NFO,19/11/2024,09:25:06,23696.85,23696.85,75,23698.65,25,425,12046700
NIFTY-I.NFO,19/11/2024,09:25:07,23690,23690,1350,23693,50,2375,12046700
NIFTY-I.NFO,19/11/2024,09:25:09,23687.95,23688.75,200,23693.6,25,1925,12046700
NIFTY-I.NFO,19/11/2024,09:25:11,23691.75,23692.25,150,23696.85,25,1400,12046700
NIFTY-I.NFO,19/11/2024,09:25:12,23696.55,23696.75,125,23700,750,1300,12046700
NIFTY-I.NFO,19/11/2024,09:25:14,23696.6,23696.05,125,23699.9,50,2275,12046700
NIFTY-I.NFO,19/11/2024,09:25:16,23700,23695,100,23699.95,25,1600,12046700
NIFTY-I.NFO,19/11/2024,09:25:17,23694.8,23694.8,225,23698.95,100,550,12046700
NIFTY-I.NFO,19/11/2024,09:25:19,23692.9,23691.95,25,23694.8,25,1075,12046700
NIFTY-I.NFO,19/11/2024,09:25:21,23691.75,23694,25,23695,900,400,12046700
NIFTY-I.NFO,19/11/2024,09:25:22,23698.15,23692.4,50,23695,50,1550,12046700
NIFTY-I.NFO,19/11/2024,09:25:24,23697.75,23691.35,175,23697.45,25,1800,12046700
NIFTY-I.NFO,19/11/2024,09:25:26,23690,23690.45,25,23692,25,2425,12046700
NIFTY-I.NFO,19/11/2024,09:25:27,23690,23688.95,100,23690.8,25,1100,12046700
NIFTY-I.NFO,19/11/2024,09:25:29,23688.95,23688.2,250,23689.2,25,650,12046700
NIFTY-I.NFO,19/11/2024,09:25:31,23690,23688.15,50,23690,50,450,12046700
NIFTY-I.NFO,19/11/2024,09:25:32,23688.2,23688.2,225,23690.75,100,700,12046700
NIFTY-I.NFO,19/11/2024,09:25:34,23687.2,23687,50,23690.8,50,1425,12046700
NIFTY-I.NFO,19/11/2024,09:25:36,23689,23689,75,23689.6,25,1500,12046700
NIFTY-I.NFO,19/11/2024,09:25:37,23685.5,23686.7,175,23690,50,850,12046700
NIFTY-I.NFO,19/11/2024,09:25:39,23690,23690,25,23690.35,50,600,12046700
NIFTY-I.NFO,19/11/2024,09:25:41,23686.65,23688,150,23690,50,350,12046700
NIFTY-I.NFO,19/11/2024,09:25:42,23686.7,23686.65,50,23686.7,4475,1000,12046700
NIFTY-I.NFO,19/11/2024,09:25:44,23689,23689,75,23689.4,25,4975,12046700
NIFTY-I.NFO,19/11/2024,09:25:46,23686.8,23686.65,25,23690,2200,875,12046700
NIFTY-I.NFO,19/11/2024,09:25:47,23687.4,23687.4,25,23689.8,50,200,12046700
NIFTY-I.NFO,19/11/2024,09:25:49,23687.4,23687.4,150,23688,1250,300,12046700
NIFTY-I.NFO,19/11/2024,09:25:51,23689.2,23689.25,400,23690,2100,2575,12046700
NIFTY-I.NFO,19/11/2024,09:25:52,23689.8,23690.1,150,23690.75,50,2325,12046700
NIFTY-I.NFO,19/11/2024,09:25:54,23692.1,23692.1,50,23693.3,25,1450,12046700
NIFTY-I.NFO,19/11/2024,09:25:56,23690,23690.75,50,23693.05,50,375,12046700
NIFTY-I.NFO,19/11/2024,09:25:57,23690.3,23689.8,200,23692.1,50,175,12046700
NIFTY-I.NFO,19/11/2024,09:25:59,23689.8,23689.05,25,23690.3,5000,150,12046700
NIFTY-I.NFO,19/11/2024,09:26:01,23689.05,23689,25,23690,50,275,12046700
NIFTY-I.NFO,19/11/2024,09:26:02,23690,23685,275,23689.95,50,725,12046700
NIFTY-I.NFO,19/11/2024,09:26:04,23690,23689.05,25,23690,50,375,12046700
NIFTY-I.NFO,19/11/2024,09:26:06,23688,23685.05,100,23688,350,325,12046700
NIFTY-I.NFO,19/11/2024,09:26:07,23684.7,23684.65,300,23689.05,25,800,12046700
NIFTY-I.NFO,19/11/2024,09:26:09,23685,23685,375,23689,450,225,12046700
NIFTY-I.NFO,19/11/2024,09:26:11,23685,23684.7,50,23685,1200,2050,12046700
NIFTY-I.NFO,19/11/2024,09:26:12,23685.05,23685.1,75,23689,575,1375,12046700
NIFTY-I.NFO,19/11/2024,09:26:14,23685.6,23685.65,400,23688,75,2775,12046700
NIFTY-I.NFO,19/11/2024,09:26:15,23685.8,23685.4,275,23688,25,675,12046700
NIFTY-I.NFO,19/11/2024,09:26:17,23684.55,23684.55,300,23687,25,1625,12046700
NIFTY-I.NFO,19/11/2024,09:26:19,23685.05,23685.05,325,23685.6,50,525,12046700
NIFTY-I.NFO,19/11/2024,09:26:20,23685.15,23685.1,175,23687,25,875,12046700
NIFTY-I.NFO,19/11/2024,09:26:22,23685.1,23685.1,500,23685.4,750,1275,12046700
NIFTY-I.NFO,19/11/2024,09:26:24,23689,23686.05,250,23689,125,2100,12046700
NIFTY-I.NFO,19/11/2024,09:26:25,23689,23688.7,75,23689,25,650,12046700
NIFTY-I.NFO,19/11/2024,09:26:27,23689,23685.1,25,23689,75,1525,12046700
NIFTY-I.NFO,19/11/2024,09:26:29,23689.8,23689,475,23689.8,75,375,12046700
NIFTY-I.NFO,19/11/2024,09:26:30,23689,23689,375,23689.8,75,125,12046700
NIFTY-I.NFO,19/11/2024,09:26:32,23687.85,23685,500,23687.5,50,2100,12046700
NIFTY-I.NFO,19/11/2024,09:26:34,23685,23684.15,25,23685,100,750,12046700
NIFTY-I.NFO,19/11/2024,09:26:35,23684,23681.05,350,23686.4,25,975,12046700
NIFTY-I.NFO,19/11/2024,09:26:37,23680,23680,200,23682.55,125,350,12046700
NIFTY-I.NFO,19/11/2024,09:26:39,23683.2,23676.05,25,23680,25,1250,12046700
NIFTY-I.NFO,19/11/2024,09:26:40,23680,23680,1125,23682.15,25,3275,12046700
NIFTY-I.NFO,19/11/2024,09:26:42,23683.1,23680.55,150,23682.55,25,1375,12046700
NIFTY-I.NFO,19/11/2024,09:26:44,23680.6,23680.6,100,23682.95,25,850,12046700
NIFTY-I.NFO,19/11/2024,09:26:45,23680.6,23680.1,50,23685.15,25,2150,12046700
NIFTY-I.NFO,19/11/2024,09:26:47,23682.55,23679.3,25,23682,250,5550,12046700
NIFTY-I.NFO,19/11/2024,09:26:49,23682,23682,50,23684.95,150,1700,12046700
NIFTY-I.NFO,19/11/2024,09:26:50,23682.55,23682.25,125,23682.55,25,550,12046700
NIFTY-I.NFO,19/11/2024,09:26:52,23678,23677.8,125,23680,50,325,12046700
NIFTY-I.NFO,19/11/2024,09:26:54,23681,23680,150,23681,4175,450,12046700
NIFTY-I.NFO,19/11/2024,09:26:55,23681.3,23681.5,50,23685,3675,4875,12046700
NIFTY-I.NFO,19/11/2024,09:26:57,23684.05,23683.65,50,23685,2200,2650,12046700
NIFTY-I.NFO,19/11/2024,09:26:59,23682.7,23681.5,200,23685,1400,1050,12046700
NIFTY-I.NFO,19/11/2024,09:27:00,23681.55,23681.8,25,23685,850,1150,12046700
NIFTY-I.NFO,19/11/2024,09:27:02,23685,23683.8,75,23685,450,500,12046700
NIFTY-I.NFO,19/11/2024,09:27:03,23683.8,23683.8,75,23688.35,50,1025,12046700
NIFTY-I.NFO,19/11/2024,09:27:05,23688.75,23685,175,23688.35,25,400,12046700
NIFTY-I.NFO,19/11/2024,09:27:07,23685.05,23685.05,250,23688.9,25,400,12046700
NIFTY-I.NFO,19/11/2024,09:27:08,23689,23685.05,25,23689,375,575,12046700
NIFTY-I.NFO,19/11/2024,09:27:10,23685.9,23686,150,23688,25,225,12046700
NIFTY-I.NFO,19/11/2024,09:27:12,23687.4,23687.45,225,23689,275,250,12046700
NIFTY-I.NFO,19/11/2024,09:27:13,23685.3,23685.3,50,23689,300,150,12046700
NIFTY-I.NFO,19/11/2024,09:27:15,23687.4,23686.35,25,23687.4,225,225,12046700
NIFTY-I.NFO,19/11/2024,09:27:17,23689.8,23688.25,75,23689.8,75,550,12046700
NIFTY-I.NFO,19/11/2024,09:27:18,23688.1,23688.1,150,23689,225,800,12046700
NIFTY-I.NFO,19/11/2024,09:27:20,23689,23689,75,23690,1175,900,12046700
NIFTY-I.NFO,19/11/2024,09:27:22,23690,23689.35,275,23690,575,1725,12046700
NIFTY-I.NFO,19/11/2024,09:27:23,23691.05,23691,100,23692.95,50,1350,12046700
NIFTY-I.NFO,19/11/2024,09:27:25,23689.4,23688.7,75,23689.4,250,500,12046700
NIFTY-I.NFO,19/11/2024,09:27:27,23696,23689.55,225,23695.9,25,5175,12046700
NIFTY-I.NFO,19/11/2024,09:27:28,23687.9,23687.45,200,23692.95,125,2425,12046700
NIFTY-I.NFO,19/11/2024,09:27:30,23695.2,23689.7,50,23695.95,250,925,12046700
NIFTY-I.NFO,19/11/2024,09:27:32,23695.35,23689.75,25,23694.4,250,500,12046700
NIFTY-I.NFO,19/11/2024,09:27:33,23695,23690,225,23695,75,425,12046700
NIFTY-I.NFO,19/11/2024,09:27:35,23695,23690.85,225,23695,25,400,12046700
NIFTY-I.NFO,19/11/2024,09:27:37,23698.75,23694.85,125,23698.8,25,1000,12046700
NIFTY-I.NFO,19/11/2024,09:27:38,23693.6,23693.6,75,23697,525,350,12037700
NIFTY-I.NFO,19/11/2024,09:27:40,23697,23695.3,200,23697,100,575,12037700
NIFTY-I.NFO,19/11/2024,09:27:42,23697.35,23696.95,325,23698.8,100,350,12037700
NIFTY-I.NFO,19/11/2024,09:27:43,23695.95,23697.75,250,23699,1200,1375,12037700
NIFTY-I.NFO,19/11/2024,09:27:45,23700,23698.75,200,23700,1650,3000,12037700
NIFTY-I.NFO,19/11/2024,09:27:47,23700.6,23700.6,25,23701,50,3000,12037700
NIFTY-I.NFO,19/11/2024,09:27:48,23702.2,23702.2,450,23705,3425,4500,12037700
NIFTY-I.NFO,19/11/2024,09:27:50,23702.6,23700.95,50,23702.6,175,1400,12037700
NIFTY-I.NFO,19/11/2024,09:27:52,23701,23699.95,550,23701,100,1625,12037700
NIFTY-I.NFO,19/11/2024,09:27:53,23699.95,23701.15,200,23702.7,25,450,12037700
NIFTY-I.NFO,19/11/2024,09:27:55,23701.25,23701.25,250,23703,25,1325,12037700
NIFTY-I.NFO,19/11/2024,09:27:57,23701.25,23703.35,25,23705,2475,925,12037700
NIFTY-I.NFO,19/11/2024,09:27:58,23702,23702,350,23705,2075,2225,12037700
NIFTY-I.NFO,19/11/2024,09:28:00,23702.6,23703.5,25,23705,1600,625,12037700
NIFTY-I.NFO,19/11/2024,09:28:01,23704.2,23704,125,23704.2,25,300,12037700
NIFTY-I.NFO,19/11/2024,09:28:03,23705,23705,50,23706.25,1550,2175,12037700
NIFTY-I.NFO,19/11/2024,09:28:03,23706.25,23705,50,23706.25,1550,0,12037700
NIFTY-I.NFO,19/11/2024,09:28:05,23705,23705,325,23706.2,25,1300,12037700
NIFTY-I.NFO,19/11/2024,09:28:06,23705,23705,675,23706.25,975,925,12037700
NIFTY-I.NFO,19/11/2024,09:28:08,23706.25,23706.2,175,23706.25,175,1225,12037700
NIFTY-I.NFO,19/11/2024,09:28:10,23706.2,23706.2,50,23706.3,450,1825,12037700
NIFTY-I.NFO,19/11/2024,09:28:10,23706.3,23706.2,50,23706.3,450,0,12037700
NIFTY-I.NFO,19/11/2024,09:28:11,23704,23702,625,23705,100,575,12037700
NIFTY-I.NFO,19/11/2024,09:28:13,23702,23702,650,23705.95,25,650,12037700
NIFTY-I.NFO,19/11/2024,09:28:15,23703.95,23701.05,25,23703.95,150,1725,12037700
NIFTY-I.NFO,19/11/2024,09:28:16,23701.95,23700,550,23702,25,1050,12037700
NIFTY-I.NFO,19/11/2024,09:28:18,23704,23702,250,23704,25,850,12037700
NIFTY-I.NFO,19/11/2024,09:28:20,23705,23704,50,23705,50,3050,12037700
NIFTY-I.NFO,19/11/2024,09:28:21,23705.05,23705.05,50,23706.25,525,1025,12037700
NIFTY-I.NFO,19/11/2024,09:28:23,23706.25,23705,500,23706.25,250,450,12037700
NIFTY-I.NFO,19/11/2024,09:28:25,23705,23705.5,25,23706,50,950,12037700
NIFTY-I.NFO,19/11/2024,09:28:26,23705.5,23705,50,23706,25,525,12037700
NIFTY-I.NFO,19/11/2024,09:28:28,23707.4,23707.2,100,23707.4,1625,7075,12037700
NIFTY-I.NFO,19/11/2024,09:28:28,23707.4,23707.2,100,23707.4,1625,0,12037700
NIFTY-I.NFO,19/11/2024,09:28:30,23708,23707.75,875,23708,1475,6675,12037700
NIFTY-I.NFO,19/11/2024,09:28:30,23708,23707.75,875,23708,1475,0,12037700
NIFTY-I.NFO,19/11/2024,09:28:31,23714.9,23714.9,4850,23715,800,35250,12037700
NIFTY-I.NFO,19/11/2024,09:28:31,23715,23714.9,4850,23715,800,0,12037700
NIFTY-I.NFO,19/11/2024,09:28:33,23720,23719.45,9450,23720,2275,10875,12037700
NIFTY-I.NFO,19/11/2024,09:28:33,23720,23719.45,9450,23720,2275,0,12037700
NIFTY-I.NFO,19/11/2024,09:28:35,23721.95,23721.9,3800,23722.95,100,10375,12037700
NIFTY-I.NFO,19/11/2024,09:28:35,23723,23721.9,3800,23722.95,100,0,12037700
NIFTY-I.NFO,19/11/2024,09:28:36,23722.55,23716.75,100,23722.25,75,6100,12037700
NIFTY-I.NFO,19/11/2024,09:28:38,23714,23714,250,23716.75,50,2525,12037700
NIFTY-I.NFO,19/11/2024,09:28:40,23716.75,23711.15,50,23717.15,25,4600,12037700
NIFTY-I.NFO,19/11/2024,09:28:41,23715,23713.2,50,23715,325,1475,12037700
NIFTY-I.NFO,19/11/2024,09:28:43,23720.95,23718.95,150,23720.95,50,875,12037700
NIFTY-I.NFO,19/11/2024,09:28:45,23719.2,23717.15,1525,23719.45,50,1600,12037700
NIFTY-I.NFO,19/11/2024,09:28:46,23717.2,23717.15,1275,23720,150,1075,12037700
NIFTY-I.NFO,19/11/2024,09:28:48,23722.9,23717.35,125,23722.9,75,7075,12037700
NIFTY-I.NFO,19/11/2024,09:28:50,23717.3,23720.1,50,23723.15,200,3275,12037700
NIFTY-I.NFO,19/11/2024,09:28:51,23720.15,23720.05,25,23721,25,725,12037700
NIFTY-I.NFO,19/11/2024,09:28:51,23723.15,23720.05,25,23721,25,0,12037700
NIFTY-I.NFO,19/11/2024,09:28:53,23722,23722,25,23723.55,25,1700,12037700
NIFTY-I.NFO,19/11/2024,09:28:53,23723.55,23722,25,23723.55,25,0,12037700
NIFTY-I.NFO,19/11/2024,09:28:55,23725,23722.05,25,23725,925,8475,12037700
NIFTY-I.NFO,19/11/2024,09:28:55,23725,23722.05,25,23725,925,0,12037700
NIFTY-I.NFO,19/11/2024,09:28:56,23724.95,23722.15,25,23724.5,75,3950,12037700
NIFTY-I.NFO,19/11/2024,09:28:56,23725.95,23722.15,25,23724.5,75,0,12037700
NIFTY-I.NFO,19/11/2024,09:28:58,23722.05,23720.2,25,23722.05,25,2725,12037700
NIFTY-I.NFO,19/11/2024,09:29:00,23723.6,23721.9,25,23723.85,100,6675,12037700
NIFTY-I.NFO,19/11/2024,09:29:01,23720,23717.2,900,23720,100,2550,12037700
NIFTY-I.NFO,19/11/2024,09:29:03,23724.9,23724.9,450,23725,275,12075,12037700
NIFTY-I.NFO,19/11/2024,09:29:05,23724,23720.6,50,23724.85,25,2225,12037700
NIFTY-I.NFO,19/11/2024,09:29:06,23720,23720.05,50,23725.15,25,1700,12037700
NIFTY-I.NFO,19/11/2024,09:29:08,23719.35,23719.75,50,23725.5,100,1125,12037700
NIFTY-I.NFO,19/11/2024,09:29:10,23725,23720.45,25,23724,25,375,12037700
NIFTY-I.NFO,19/11/2024,09:29:11,23722.7,23716.55,100,23722.7,75,950,12037700
NIFTY-I.NFO,19/11/2024,09:29:13,23722.7,23717.1,100,23723.55,125,1275,12037700
NIFTY-I.NFO,19/11/2024,09:29:14,23720,23719,25,23720,450,1075,12037700
NIFTY-I.NFO,19/11/2024,09:29:16,23718.55,23718.55,25,23719,25,475,12037700
NIFTY-I.NFO,19/11/2024,09:29:18,23718.6,23718.9,150,23720,275,900,12037700
NIFTY-I.NFO,19/11/2024,09:29:19,23720,23717.8,100,23722.7,25,1000,12037700
NIFTY-I.NFO,19/11/2024,09:29:21,23720,23720,1875,23724.45,25,1325,12037700
NIFTY-I.NFO,19/11/2024,09:29:23,23724,23720,1425,23724,25,650,12037700
NIFTY-I.NFO,19/11/2024,09:29:24,23720,23720,2575,23724,50,1400,12037700
NIFTY-I.NFO,19/11/2024,09:29:26,23724,23720,1625,23724.95,100,1650,12037700
NIFTY-I.NFO,19/11/2024,09:29:28,23724.15,23720,1400,23724.95,50,500,12037700
NIFTY-I.NFO,19/11/2024,09:29:29,23720.05,23720,425,23724,50,4300,12037700
NIFTY-I.NFO,19/11/2024,09:29:31,23725,23720.6,100,23725,175,4175,12037700
NIFTY-I.NFO,19/11/2024,09:29:33,23723.15,23723.15,425,23726.5,50,6525,12037700
NIFTY-I.NFO,19/11/2024,09:29:33,23726,23723.15,425,23726.5,50,0,12037700
NIFTY-I.NFO,19/11/2024,09:29:34,23727.5,23721,50,23727.25,50,2500,12037700
NIFTY-I.NFO,19/11/2024,09:29:34,23728.15,23721,50,23727.25,50,0,12037700
NIFTY-I.NFO,19/11/2024,09:29:36,23726,23720.5,175,23726.75,50,750,12037700
NIFTY-I.NFO,19/11/2024,09:29:38,23725,23723.15,25,23725,50,150,12037700
NIFTY-I.NFO,19/11/2024,09:29:40,23726.25,23726.25,100,23726.9,125,6100,12037700
NIFTY-I.NFO,19/11/2024,09:29:40,23729.45,23726.25,100,23726.9,125,0,12037700
NIFTY-I.NFO,19/11/2024,09:29:41,23728.25,23728.25,450,23729.65,25,2575,12037700
NIFTY-I.NFO,19/11/2024,09:29:43,23727.95,23722.3,75,23728.75,50,4000,12037700
NIFTY-I.NFO,19/11/2024,09:29:43,23730,23722.3,75,23728.75,50,0,12037700
NIFTY-I.NFO,19/11/2024,09:29:45,23726.75,23721.75,50,23726.9,25,425,12037700
NIFTY-I.NFO,19/11/2024,09:29:46,23727.2,23722,100,23726.35,125,650,12037700
NIFTY-I.NFO,19/11/2024,09:29:48,23722,23721.25,100,23726.35,1200,550,12037700
NIFTY-I.NFO,19/11/2024,09:29:50,23722.05,23722.05,75,23725,2675,525,12037700
NIFTY-I.NFO,19/11/2024,09:29:51,23721.15,23721,25,23725,2350,450,12037700
NIFTY-I.NFO,19/11/2024,09:29:53,23725,23720,2175,23725,2275,675,12037700
NIFTY-I.NFO,19/11/2024,09:29:55,23722.05,23720.2,325,23725,2975,750,12037700
NIFTY-I.NFO,19/11/2024,09:29:56,23720.9,23722.05,50,23725,1600,2850,12037700
NIFTY-I.NFO,19/11/2024,09:29:58,23720.2,23720.2,50,23722.05,25,1125,12037700
NIFTY-I.NFO,19/11/2024,09:30:00,23724.5,23724.4,300,23730,3000,2200,12037700
NIFTY-I.NFO,19/11/2024,09:30:01,23730,23728.8,25,23730,2250,1825,12037700
NIFTY-I.NFO,19/11/2024,09:30:03,23730.5,23724.6,50,23730.5,125,3650,12037700
NIFTY-I.NFO,19/11/2024,09:30:03,23730.5,23724.6,50,23730.5,125,0,12037700
NIFTY-I.NFO,19/11/2024,09:30:05,23731.5,23730,75,23731.9,25,2950,12037700
NIFTY-I.NFO,19/11/2024,09:30:05,23731.5,23730,75,23731.9,25,0,12037700
NIFTY-I.NFO,19/11/2024,09:30:06,23735,23733.75,75,23735,750,10425,12037700
NIFTY-I.NFO,19/11/2024,09:30:06,23735,23733.75,75,23735,750,0,12037700
NIFTY-I.NFO,19/11/2024,09:30:08,23733.75,23733.7,25,23737.15,50,4225,12037700
NIFTY-I.NFO,19/11/2024,09:30:08,23737.5,23733.7,25,23737.15,50,0,12037700
NIFTY-I.NFO,19/11/2024,09:30:10,23732.25,23726.15,100,23733.3,125,3100,12037700
NIFTY-I.NFO,19/11/2024,09:30:10,23738,23726.15,100,23733.3,125,0,12037700
NIFTY-I.NFO,19/11/2024,09:30:11,23729.1,23723.25,100,23730.05,125,1000,12037700
NIFTY-I.NFO,19/11/2024,09:30:13,23723.8,23723.8,550,23727.55,125,3700,12037700
NIFTY-I.NFO,19/11/2024,09:30:14,23726.75,23726.75,350,23727,50,3450,12037700
NIFTY-I.NFO,19/11/2024,09:30:16,23726.95,23723.2,50,23725,25,1100,12037700
NIFTY-I.NFO,19/11/2024,09:30:18,23727.3,23726.6,50,23726.7,150,450,12037700
NIFTY-I.NFO,19/11/2024,09:30:19,23723.3,23723.3,225,23724.95,75,1375,12037700
NIFTY-I.NFO,19/11/2024,09:30:21,23723.3,23723.3,125,23723.75,50,300,12037700
NIFTY-I.NFO,19/11/2024,09:30:23,23722.15,23721.15,25,23722.15,125,1075,12037700
NIFTY-I.NFO,19/11/2024,09:30:24,23724.25,23721.05,25,23723.9,125,1150,12037700
NIFTY-I.NFO,19/11/2024,09:30:26,23721,23721,300,23723.1,250,850,12037700
NIFTY-I.NFO,19/11/2024,09:30:28,23721,23721,200,23722.2,100,9325,12037700
NIFTY-I.NFO,19/11/2024,09:30:29,23719.8,23715,100,23720.05,25,2975,12037700
NIFTY-I.NFO,19/11/2024,09:30:31,23715,23715,25,23718.95,125,350,12037700
NIFTY-I.NFO,19/11/2024,09:30:33,23719.1,23714.4,300,23718.6,50,1425,12037700
NIFTY-I.NFO,19/11/2024,09:30:34,23712.25,23711.2,450,23712,175,1150,12037700
NIFTY-I.NFO,19/11/2024,09:30:36,23707.25,23706.05,150,23706.9,175,9550,12037700
NIFTY-I.NFO,19/11/2024,09:30:38,23700.95,23700.35,50,23704.45,50,1675,12037700
NIFTY-I.NFO,19/11/2024,09:30:39,23705,23702.7,175,23705.2,25,3575,12077550
NIFTY-I.NFO,19/11/2024,09:30:41,23703.85,23703.75,125,23706,75,1375,12077550
NIFTY-I.NFO,19/11/2024,09:30:43,23706.9,23705.05,75,23708,50,2325,12077550
NIFTY-I.NFO,19/11/2024,09:30:44,23705.55,23705.55,25,23711.8,50,1200,12077550
NIFTY-I.NFO,19/11/2024,09:30:46,23706,23705.55,125,23709.75,25,550,12077550
NIFTY-I.NFO,19/11/2024,09:30:48,23702,23702.2,25,23705,1400,1125,12077550
NIFTY-I.NFO,19/11/2024,09:30:49,23701.55,23701.45,50,23707.65,50,1925,12077550
NIFTY-I.NFO,19/11/2024,09:30:51,23705,23701.1,50,23705.8,25,875,12077550
NIFTY-I.NFO,19/11/2024,09:30:53,23705.55,23704.2,150,23706.2,50,450,12077550
NIFTY-I.NFO,19/11/2024,09:30:54,23703,23701.65,375,23705,925,300,12077550
NIFTY-I.NFO,19/11/2024,09:30:56,23701.65,23701.65,175,23703,50,275,12077550
NIFTY-I.NFO,19/11/2024,09:30:58,23702.15,23702.45,250,23705,550,800,12077550
NIFTY-I.NFO,19/11/2024,09:30:59,23705,23702.25,25,23705,875,250,12077550
NIFTY-I.NFO,19/11/2024,09:31:01,23707,23704.75,25,23707.7,100,1525,12077550
NIFTY-I.NFO,19/11/2024,09:31:03,23705.8,23706.3,125,23710,3275,650,12077550
NIFTY-I.NFO,19/11/2024,09:31:04,23704.7,23703.05,25,23708.8,100,500,12077550
NIFTY-I.NFO,19/11/2024,09:31:06,23701.1,23701.55,375,23707.75,25,1350,12077550
NIFTY-I.NFO,19/11/2024,09:31:08,23708.4,23701.5,50,23705,100,925,12077550
NIFTY-I.NFO,19/11/2024,09:31:09,23701.6,23701.45,75,23707.55,25,900,12077550
NIFTY-I.NFO,19/11/2024,09:31:11,23706.1,23700.3,50,23706.2,25,525,12077550
NIFTY-I.NFO,19/11/2024,09:31:13,23701.55,23699.1,25,23704.8,25,800,12077550
NIFTY-I.NFO,19/11/2024,09:31:14,23705,23702.5,150,23704.5,25,3650,12077550
NIFTY-I.NFO,19/11/2024,09:31:16,23696.85,23696.4,25,23699.6,25,1775,12077550
NIFTY-I.NFO,19/11/2024,09:31:18,23695.05,23694.55,50,23700.3,25,1350,12077550
NIFTY-I.NFO,19/11/2024,09:31:19,23693.35,23693.95,25,23698.65,25,1275,12077550
NIFTY-I.NFO,19/11/2024,09:31:21,23698.2,23697.75,25,23700,100,850,12077550
NIFTY-I.NFO,19/11/2024,09:31:23,23699.85,23700.7,125,23702.45,250,1725,12077550
NIFTY-I.NFO,19/11/2024,09:31:24,23700,23700,200,23702.45,150,600,12077550
NIFTY-I.NFO,19/11/2024,09:31:26,23702.5,23700,25,23704.4,100,1625,12077550
NIFTY-I.NFO,19/11/2024,09:31:28,23702.85,23699.85,25,23704.2,100,350,12077550
NIFTY-I.NFO,19/11/2024,09:31:29,23696.7,23695.65,175,23699.85,25,250,12077550
NIFTY-I.NFO,19/11/2024,09:31:31,23697.05,23696.15,50,23700,75,200,12077550
NIFTY-I.NFO,19/11/2024,09:31:33,23702,23701,25,23702,200,600,12077550
NIFTY-I.NFO,19/11/2024,09:31:34,23700,23699.15,50,23702,100,1700,12077550
NIFTY-I.NFO,19/11/2024,09:31:36,23698.05,23700,750,23702,200,75,12077550
NIFTY-I.NFO,19/11/2024,09:31:38,23702,23700.15,250,23701,25,2600,12077550
NIFTY-I.NFO,19/11/2024,09:31:39,23700.55,23700.2,25,23702.5,50,175,12077550
NIFTY-I.NFO,19/11/2024,09:31:41,23702,23698.65,50,23702,25,1900,12077550
NIFTY-I.NFO,19/11/2024,09:31:43,23698.05,23697.9,250,23700,125,1525,12077550
NIFTY-I.NFO,19/11/2024,09:31:44,23697.3,23697.35,25,23698.65,500,200,12077550
NIFTY-I.NFO,19/11/2024,09:31:46,23701,23700.75,250,23702.5,50,1475,12077550
NIFTY-I.NFO,19/11/2024,09:31:48,23700,23700,1150,23702.85,25,850,12077550
NIFTY-I.NFO,19/11/2024,09:31:49,23700,23700,650,23702,50,600,12077550
NIFTY-I.NFO,19/11/2024,09:31:51,23702,23698,100,23702.95,100,1475,12077550
NIFTY-I.NFO,19/11/2024,09:31:53,23699.65,23699.65,75,23704.5,25,525,12077550
NIFTY-I.NFO,19/11/2024,09:31:54,23704.5,23700,25,23704.7,25,1050,12077550
NIFTY-I.NFO,19/11/2024,09:31:56,23705,23701.95,125,23705,1325,425,12077550
NIFTY-I.NFO,19/11/2024,09:31:58,23705,23700.5,50,23705,150,2025,12077550
NIFTY-I.NFO,19/11/2024,09:31:59,23704.85,23700.5,50,23704.7,100,1200,12077550
NIFTY-I.NFO,19/11/2024,09:32:01,23704.1,23700.45,50,23704,25,825,12077550
NIFTY-I.NFO,19/11/2024,09:32:03,23704,23704,25,23704.45,25,125,12077550
NIFTY-I.NFO,19/11/2024,09:32:04,23704.45,23702.5,600,23704.05,25,1900,12077550
NIFTY-I.NFO,19/11/2024,09:32:06,23702.95,23702.5,525,23702.95,100,950,12077550
NIFTY-I.NFO,19/11/2024,09:32:08,23702.95,23702.95,100,23705,450,325,12077550
NIFTY-I.NFO,19/11/2024,09:32:09,23705,23705,175,23705.55,175,2250,12077550
NIFTY-I.NFO,19/11/2024,09:32:11,23705,23705,50,23705.95,175,1200,12077550
NIFTY-I.NFO,19/11/2024,09:32:13,23705.95,23705.95,175,23706.8,250,525,12077550
NIFTY-I.NFO,19/11/2024,09:32:14,23705,23702.95,950,23706.8,50,900,12077550
NIFTY-I.NFO,19/11/2024,09:32:16,23702.95,23702.95,1000,23705.55,25,700,12077550
NIFTY-I.NFO,19/11/2024,09:32:18,23705.2,23702.95,975,23705.3,75,550,12077550
NIFTY-I.NFO,19/11/2024,09:32:19,23705.3,23705.3,75,23705.35,25,625,12077550
NIFTY-I.NFO,19/11/2024,09:32:21,23705.5,23705.5,1000,23705.55,25,1650,12077550
NIFTY-I.NFO,19/11/2024,09:32:23,23705.5,23705.5,1050,23706,25,800,12077550
NIFTY-I.NFO,19/11/2024,09:32:24,23705.5,23706,25,23707,50,375,12077550
NIFTY-I.NFO,19/11/2024,09:32:26,23707,23707,50,23707.35,25,125,12077550
NIFTY-I.NFO,19/11/2024,09:32:28,23706.15,23707.35,25,23709,50,825,12077550
NIFTY-I.NFO,19/11/2024,09:32:29,23709,23709,275,23709.85,25,75,12077550
NIFTY-I.NFO,19/11/2024,09:32:31,23709.85,23709.85,25,23710,1500,500,12077550
NIFTY-I.NFO,19/11/2024,09:32:33,23714.9,23709.85,25,23714.9,225,2100,12077550
NIFTY-I.NFO,19/11/2024,09:32:34,23714.9,23714.9,100,23715,50,1325,12077550
NIFTY-I.NFO,19/11/2024,09:32:36,23715,23715,450,23716.3,275,250,12077550
NIFTY-I.NFO,19/11/2024,09:32:38,23716.3,23716.3,375,23716.35,200,1225,12077550
NIFTY-I.NFO,19/11/2024,09:32:39,23716.35,23714.3,150,23716.3,200,2775,12077550
NIFTY-I.NFO,19/11/2024,09:32:41,23708.95,23708.45,100,23714.2,200,1350,12077550
NIFTY-I.NFO,19/11/2024,09:32:43,23710.35,23710,25,23716,25,1375,12077550
NIFTY-I.NFO,19/11/2024,09:32:44,23710,23709.85,25,23714.65,100,675,12077550
NIFTY-I.NFO,19/11/2024,09:32:46,23714.65,23713,150,23715,25,275,12077550
NIFTY-I.NFO,19/11/2024,09:32:48,23713.35,23713.35,75,23715,775,175,12077550
NIFTY-I.NFO,19/11/2024,09:32:49,23715,23711.55,325,23715,700,125,12077550
NIFTY-I.NFO,19/11/2024,09:32:51,23718,23713.25,25,23718,1725,975,12077550
NIFTY-I.NFO,19/11/2024,09:32:53,23713.35,23711.5,175,23713.25,25,1350,12077550
NIFTY-I.NFO,19/11/2024,09:32:54,23716,23715.8,775,23718,1025,175,12077550
NIFTY-I.NFO,19/11/2024,09:32:56,23718,23715.8,725,23718,725,400,12077550
NIFTY-I.NFO,19/11/2024,09:32:58,23718,23715.8,575,23718,75,825,12077550
NIFTY-I.NFO,19/11/2024,09:32:59,23718,23718,450,23719.95,25,225,12077550
NIFTY-I.NFO,19/11/2024,09:33:01,23718,23718,275,23721,2425,3575,12077550
NIFTY-I.NFO,19/11/2024,09:33:03,23720,23720,425,23721.65,25,3000,12077550
NIFTY-I.NFO,19/11/2024,09:33:04,23720.95,23720,2500,23720.3,75,1775,12077550
NIFTY-I.NFO,19/11/2024,09:33:06,23720.3,23720.15,25,23720.95,175,3650,12077550
NIFTY-I.NFO,19/11/2024,09:33:08,23718,23716.2,600,23719.75,200,3675,12077550
NIFTY-I.NFO,19/11/2024,09:33:09,23716.8,23715,550,23716.8,225,2225,12077550
NIFTY-I.NFO,19/11/2024,09:33:11,23709.95,23709,50,23709.95,125,1875,12077550
NIFTY-I.NFO,19/11/2024,09:33:13,23713.7,23709.95,400,23711.65,100,175,12077550
NIFTY-I.NFO,19/11/2024,09:33:14,23705,23703,25,23707.4,150,1025,12077550
NIFTY-I.NFO,19/11/2024,09:33:16,23708.4,23703,25,23707.9,25,900,12077550
NIFTY-I.NFO,19/11/2024,09:33:18,23708.9,23703.5,50,23709,50,900,12077550
NIFTY-I.NFO,19/11/2024,09:33:19,23708.35,23703.2,175,23708.35,25,500,12077550
NIFTY-I.NFO,19/11/2024,09:33:21,23710,23705.5,75,23711.9,100,425,12077550
NIFTY-I.NFO,19/11/2024,09:33:23,23709.3,23703.05,100,23709,250,275,12077550
NIFTY-I.NFO,19/11/2024,09:33:24,23705,23702.8,25,23705.65,25,525,12077550
NIFTY-I.NFO,19/11/2024,09:33:26,23707.9,23705.45,25,23708,275,1375,12077550
NIFTY-I.NFO,19/11/2024,09:33:28,23700.95,23701.75,50,23707.75,250,1025,12077550
NIFTY-I.NFO,19/11/2024,09:33:29,23705.5,23700.75,50,23707.1,100,400,12077550
NIFTY-I.NFO,19/11/2024,09:33:31,23703.5,23700.1,150,23703.45,75,375,12077550
NIFTY-I.NFO,19/11/2024,09:33:33,23697.05,23697.85,50,23700,50,900,12077550
NIFTY-I.NFO,19/11/2024,09:33:34,23704.65,23703.5,25,23704.65,75,250,12077550
NIFTY-I.NFO,19/11/2024,09:33:36,23704.9,23699.8,100,23705.5,25,500,12077550
NIFTY-I.NFO,19/11/2024,09:33:38,23704.65,23703.7,25,23705.45,25,1100,12077550
NIFTY-I.NFO,19/11/2024,09:33:39,23707.15,23706.85,50,23710,125,350,12077550
NIFTY-I.NFO,19/11/2024,09:33:41,23711,23710.1,50,23715,1025,1225,12087450
NIFTY-I.NFO,19/11/2024,09:33:43,23715,23712.2,175,23715,575,600,12087450
NIFTY-I.NFO,19/11/2024,09:33:44,23714.95,23715,50,23719.95,25,1100,12087450
NIFTY-I.NFO,19/11/2024,09:33:46,23718,23717.4,25,23720,1200,400,12087450
NIFTY-I.NFO,19/11/2024,09:33:48,23721,23719.9,250,23721.65,50,1500,12087450
NIFTY-I.NFO,19/11/2024,09:33:49,23723.9,23723.75,25,23726.75,25,2400,12087450
NIFTY-I.NFO,19/11/2024,09:33:51,23729,23727.05,250,23729,150,375,12087450
NIFTY-I.NFO,19/11/2024,09:33:53,23727.55,23727.95,225,23729,100,625,12087450
NIFTY-I.NFO,19/11/2024,09:33:54,23738.6,23733.15,25,23738.9,50,12100,12087450
NIFTY-I.NFO,19/11/2024,09:33:54,23739.6,23733.15,25,23738.9,50,0,12087450
NIFTY-I.NFO,19/11/2024,09:33:56,23739.9,23737.7,25,23739.9,300,1950,12087450
NIFTY-I.NFO,19/11/2024,09:33:56,23739.9,23737.7,25,23739.9,300,0,12087450
NIFTY-I.NFO,19/11/2024,09:33:58,23736.9,23736.85,125,23740,1625,2225,12087450
NIFTY-I.NFO,19/11/2024,09:33:58,23740,23736.85,125,23740,1625,0,12087450
NIFTY-I.NFO,19/11/2024,09:34:00,23739.4,23733.4,50,23739.4,50,2600,12087450
NIFTY-I.NFO,19/11/2024,09:34:01,23736.25,23732.5,200,23736.25,25,900,12087450
NIFTY-I.NFO,19/11/2024,09:34:03,23737,23732.4,50,23737,75,375,12087450
NIFTY-I.NFO,19/11/2024,09:34:05,23737.35,23735.8,25,23738.05,100,825,12087450
NIFTY-I.NFO,19/11/2024,09:34:06,23737.2,23734.4,50,23737.2,75,500,12087450
NIFTY-I.NFO,19/11/2024,09:34:08,23738.3,23732.25,50,23738.2,100,8525,12087450
NIFTY-I.NFO,19/11/2024,09:34:10,23736,23731.9,25,23737.95,50,250,12087450
NIFTY-I.NFO,19/11/2024,09:34:11,23736.85,23733.35,25,23736.35,50,3200,12087450
NIFTY-I.NFO,19/11/2024,09:34:13,23731.6,23725.35,50,23731.6,25,375,12087450
NIFTY-I.NFO,19/11/2024,09:34:15,23721.6,23721.6,800,23726.7,50,1625,12087450
NIFTY-I.NFO,19/11/2024,09:34:16,23729.1,23724.15,50,23729.15,50,1450,12087450
NIFTY-I.NFO,19/11/2024,09:34:18,23723.55,23723.35,25,23729.05,50,3200,12087450
NIFTY-I.NFO,19/11/2024,09:34:20,23723.2,23723.5,50,23730.3,100,1375,12087450
NIFTY-I.NFO,19/11/2024,09:34:21,23725,23725,325,23730.95,100,150,12087450
NIFTY-I.NFO,19/11/2024,09:34:23,23730,23727.15,50,23733.25,50,175,12087450
NIFTY-I.NFO,19/11/2024,09:34:25,23731,23728.2,50,23733.35,200,550,12087450
NIFTY-I.NFO,19/11/2024,09:34:26,23728.2,23727.35,25,23732.7,50,425,12087450
NIFTY-I.NFO,19/11/2024,09:34:28,23730,23726.7,50,23731.95,25,150,12087450
NIFTY-I.NFO,19/11/2024,09:34:30,23725.6,23725.1,100,23730,225,400,12087450
NIFTY-I.NFO,19/11/2024,09:34:31,23729,23729.1,25,23730,75,775,12087450
NIFTY-I.NFO,19/11/2024,09:34:33,23725.75,23727.85,50,23732.25,300,925,12087450
NIFTY-I.NFO,19/11/2024,09:34:35,23730,23727.3,50,23732.25,250,375,12087450
NIFTY-I.NFO,19/11/2024,09:34:36,23733,23726.65,25,23732.9,100,500,12087450
NIFTY-I.NFO,19/11/2024,09:34:38,23726.65,23725.6,800,23729,25,275,12087450
NIFTY-I.NFO,19/11/2024,09:34:40,23725.6,23725.6,25,23729,75,2925,12087450
NIFTY-I.NFO,19/11/2024,09:34:41,23727.35,23727.35,75,23730.5,75,300,12087450
NIFTY-I.NFO,19/11/2024,09:34:43,23725.8,23726,25,23729,25,100,12087450
NIFTY-I.NFO,19/11/2024,09:34:45,23725.7,23725.7,25,23730,3350,700,12087450
NIFTY-I.NFO,19/11/2024,09:34:46,23728.05,23728.1,700,23730,1500,1900,12087450
NIFTY-I.NFO,19/11/2024,09:34:48,23730,23730,7275,23730.5,75,2100,12087450
NIFTY-I.NFO,19/11/2024,09:34:50,23733,23730,7250,23733,175,125,12087450
NIFTY-I.NFO,19/11/2024,09:34:51,23730,23730,6475,23732,25,825,12087450
NIFTY-I.NFO,19/11/2024,09:34:53,23730,23730,6275,23732.6,25,250,12087450
NIFTY-I.NFO,19/11/2024,09:34:55,23733.3,23730,6000,23733,25,675,12087450
NIFTY-I.NFO,19/11/2024,09:34:56,23730,23730,5575,23730.5,25,450,12087450
NIFTY-I.NFO,19/11/2024,09:34:58,23730,23730,5325,23730.5,25,275,12087450
NIFTY-I.NFO,19/11/2024,09:35:00,23730,23730,5100,23731.3,1750,350,12087450
NIFTY-I.NFO,19/11/2024,09:35:01,23730,23730,5475,23731.3,1475,425,12087450
NIFTY-I.NFO,19/11/2024,09:35:03,23730,23730,4950,23732,600,2225,12087450
NIFTY-I.NFO,19/11/2024,09:35:05,23730.65,23730.75,25,23735,1175,12175,12087450
NIFTY-I.NFO,19/11/2024,09:35:06,23732.5,23732.55,250,23735,1150,250,12087450
NIFTY-I.NFO,19/11/2024,09:35:08,23734.95,23730,4100,23735,150,2100,12087450
NIFTY-I.NFO,19/11/2024,09:35:10,23735.75,23730,4125,23735.65,125,850,12087450
NIFTY-I.NFO,19/11/2024,09:35:11,23733.95,23730,3775,23734.25,25,600,12087450
NIFTY-I.NFO,19/11/2024,09:35:13,23730,23730,3700,23733.5,75,150,12087450
NIFTY-I.NFO,19/11/2024,09:35:14,23730.6,23725.6,25,23730.05,25,3900,12087450
NIFTY-I.NFO,19/11/2024,09:35:16,23723.2,23723.2,50,23728.5,25,1000,12087450
NIFTY-I.NFO,19/11/2024,09:35:18,23725,23725,200,23728.5,100,2000,12087450
NIFTY-I.NFO,19/11/2024,09:35:19,23725,23730,25,23732,250,675,12087450
NIFTY-I.NFO,19/11/2024,09:35:21,23732,23730.05,25,23732,225,275,12087450
NIFTY-I.NFO,19/11/2024,09:35:23,23728.1,23728,25,23730,100,400,12087450
NIFTY-I.NFO,19/11/2024,09:35:24,23732,23727.7,25,23728,25,150,12087450
NIFTY-I.NFO,19/11/2024,09:35:26,23725.4,23729.95,150,23732,25,2075,12087450
NIFTY-I.NFO,19/11/2024,09:35:28,23728,23726.8,25,23730,200,25,12087450
NIFTY-I.NFO,19/11/2024,09:35:29,23729.95,23727.55,25,23729.85,125,100,12087450
NIFTY-I.NFO,19/11/2024,09:35:31,23727.65,23725,700,23729.95,600,175,12087450
NIFTY-I.NFO,19/11/2024,09:35:33,23726.6,23726.5,25,23729.95,450,250,12087450
NIFTY-I.NFO,19/11/2024,09:35:34,23729.95,23727.95,150,23729.95,375,525,12087450
NIFTY-I.NFO,19/11/2024,09:35:36,23728.45,23726.6,25,23729.95,375,75,12087450
NIFTY-I.NFO,19/11/2024,09:35:38,23728,23726.6,25,23729,50,25,12087450
NIFTY-I.NFO,19/11/2024,09:35:39,23726.1,23726,25,23729.95,125,825,12087450
NIFTY-I.NFO,19/11/2024,09:35:41,23727.95,23726.5,25,23729.95,125,375,12087450
NIFTY-I.NFO,19/11/2024,09:35:43,23729.95,23729.95,600,23730,400,1000,12087450
NIFTY-I.NFO,19/11/2024,09:35:44,23729.95,23729.95,250,23730,250,475,12087450
NIFTY-I.NFO,19/11/2024,09:35:46,23724.35,23724.6,200,23728.7,75,550,12087450
NIFTY-I.NFO,19/11/2024,09:35:47,23725,23725.05,50,23726.5,100,275,12087450
NIFTY-I.NFO,19/11/2024,09:35:49,23725,23725,175,23729.95,50,350,12087450
NIFTY-I.NFO,19/11/2024,09:35:51,23728.75,23727.5,250,23729.35,100,225,12087450
NIFTY-I.NFO,19/11/2024,09:35:52,23726.85,23728.05,125,23729.35,100,200,12087450
NIFTY-I.NFO,19/11/2024,09:35:54,23728.75,23728.55,50,23729.95,100,475,12087450
NIFTY-I.NFO,19/11/2024,09:35:56,23728.7,23728.85,25,23730,300,300,12087450
NIFTY-I.NFO,19/11/2024,09:35:57,23729.15,23728.4,225,23730.5,25,650,12087450
NIFTY-I.NFO,19/11/2024,09:35:59,23731.7,23731.5,25,23733.95,25,225,12087450
NIFTY-I.NFO,19/11/2024,09:36:01,23732.6,23732.55,25,23735,375,1475,12087450
NIFTY-I.NFO,19/11/2024,09:36:02,23729.15,23729,25,23734.3,50,250,12087450
NIFTY-I.NFO,19/11/2024,09:36:04,23734.6,23731.7,25,23735,300,100,12087450
NIFTY-I.NFO,19/11/2024,09:36:06,23729.3,23726.7,150,23728.35,100,25525,12087450
NIFTY-I.NFO,19/11/2024,09:36:07,23729.95,23727.7,150,23729.8,100,575,12087450
NIFTY-I.NFO,19/11/2024,09:36:09,23722,23722,25,23727.3,50,525,12087450
NIFTY-I.NFO,19/11/2024,09:36:10,23728.2,23725,25,23728.25,25,275,12087450
NIFTY-I.NFO,19/11/2024,09:36:12,23728.6,23725,25,23728,400,125,12087450
NIFTY-I.NFO,19/11/2024,09:36:14,23725,23726,150,23728,400,50,12087450
NIFTY-I.NFO,19/11/2024,09:36:15,23724.65,23724.25,875,23728,375,475,12087450
NIFTY-I.NFO,19/11/2024,09:36:17,23725,23725.6,200,23726.35,100,4100,12087450
NIFTY-I.NFO,19/11/2024,09:36:19,23725.6,23725.6,25,23727,25,175,12087450
NIFTY-I.NFO,19/11/2024,09:36:20,23726.3,23725.6,100,23727,25,75,12087450
NIFTY-I.NFO,19/11/2024,09:36:22,23725.6,23725,1500,23725.6,25,375,12087450
NIFTY-I.NFO,19/11/2024,09:36:24,23724.2,23723,75,23723.6,25,1625,12087450
NIFTY-I.NFO,19/11/2024,09:36:26,23721.6,23721,300,23724.7,75,925,12087450
NIFTY-I.NFO,19/11/2024,09:36:27,23722,23723.3,50,23725,100,475,12087450
NIFTY-I.NFO,19/11/2024,09:36:29,23723.1,23722.35,25,23725,825,1125,12087450
NIFTY-I.NFO,19/11/2024,09:36:31,23724.7,23724.75,25,23728,50,1300,12087450
NIFTY-I.NFO,19/11/2024,09:36:32,23728.3,23728.35,25,23730,100,650,12087450
NIFTY-I.NFO,19/11/2024,09:36:34,23726.3,23726.5,25,23731,25,225,12087450
NIFTY-I.NFO,19/11/2024,09:36:36,23725,23725.05,50,23730.95,100,325,12087450
NIFTY-I.NFO,19/11/2024,09:36:37,23725,23725,125,23728.65,100,625,12087450
NIFTY-I.NFO,19/11/2024,09:36:39,23723.25,23722.95,50,23729.25,100,525,12087450
NIFTY-I.NFO,19/11/2024,09:36:41,23725,23725,75,23728.85,100,150,12111075
NIFTY-I.NFO,19/11/2024,09:36:42,23725.75,23725.45,50,23730,900,1225,12111075
NIFTY-I.NFO,19/11/2024,09:36:44,23725.75,23728.1,125,23729.95,25,0,12111075
NIFTY-I.NFO,19/11/2024,09:36:46,23728.25,23727.95,250,23729.95,25,75,12111075
NIFTY-I.NFO,19/11/2024,09:36:47,23730,23725.75,75,23730,1150,550,12111075
NIFTY-I.NFO,19/11/2024,09:36:49,23725,23725,325,23729.95,100,200,12111075
NIFTY-I.NFO,19/11/2024,09:36:51,23729.3,23729.3,75,23729.95,25,175,12111075
NIFTY-I.NFO,19/11/2024,09:36:52,23725.75,23725.5,150,23727.5,100,325,12111075
NIFTY-I.NFO,19/11/2024,09:36:54,23727.1,23727.15,125,23729.95,25,775,12111075
NIFTY-I.NFO,19/11/2024,09:36:56,23726.75,23726.8,25,23729.95,25,100,12111075
NIFTY-I.NFO,19/11/2024,09:36:57,23730,23729.65,25,23731,75,1550,12111075
NIFTY-I.NFO,19/11/2024,09:36:59,23726.1,23726.15,25,23729,100,150,12111075
NIFTY-I.NFO,19/11/2024,09:37:01,23728.5,23727.1,100,23728.45,25,1050,12111075
NIFTY-I.NFO,19/11/2024,09:37:02,23727.1,23727.1,75,23728.5,50,300,12111075
NIFTY-I.NFO,19/11/2024,09:37:04,23727.1,23727.1,25,23728.45,25,50,12111075
NIFTY-I.NFO,19/11/2024,09:37:06,23728.5,23727.75,25,23728.5,200,100,12111075
NIFTY-I.NFO,19/11/2024,09:37:07,23728.5,23725.8,25,23728.95,25,225,12111075
NIFTY-I.NFO,19/11/2024,09:37:09,23730,23729.05,375,23730,475,400,12111075
NIFTY-I.NFO,19/11/2024,09:37:11,23731.1,23731.1,100,23732.6,25,925,12111075
NIFTY-I.NFO,19/11/2024,09:37:12,23729,23729,125,23733.95,100,1175,12111075
NIFTY-I.NFO,19/11/2024,09:37:14,23732.1,23732.1,125,23734,350,500,12111075
NIFTY-I.NFO,19/11/2024,09:37:16,23735,23733,25,23734.7,25,750,12111075
NIFTY-I.NFO,19/11/2024,09:37:17,23731.75,23730,125,23731.75,125,425,12111075
NIFTY-I.NFO,19/11/2024,09:37:19,23727.1,23727.1,100,23730.6,125,175,12111075
NIFTY-I.NFO,19/11/2024,09:37:21,23732,23728.95,25,23733.1,125,350,12111075
NIFTY-I.NFO,19/11/2024,09:37:22,23727.05,23728.1,25,23730.9,25,850,12111075
NIFTY-I.NFO,19/11/2024,09:37:24,23728.8,23729,25,23730,125,50,12111075
NIFTY-I.NFO,19/11/2024,09:37:26,23727.4,23726,50,23728.1,25,75,12111075
NIFTY-I.NFO,19/11/2024,09:37:27,23732.1,23732.1,75,23732.7,100,650,12111075
NIFTY-I.NFO,19/11/2024,09:37:29,23730.65,23728.9,500,23730,50,225,12111075
NIFTY-I.NFO,19/11/2024,09:37:31,23729.4,23728.9,425,23732,50,225,12111075
NIFTY-I.NFO,19/11/2024,09:37:32,23727.4,23726.9,25,23732.1,50,1425,12111075
NIFTY-I.NFO,19/11/2024,09:37:34,23728,23726,75,23731.3,100,175,12111075
NIFTY-I.NFO,19/11/2024,09:37:36,23728.9,23728.85,25,23732,25,25,12111075
NIFTY-I.NFO,19/11/2024,09:37:37,23731.65,23731.65,75,23732,25,150,12111075
NIFTY-I.NFO,19/11/2024,09:37:39,23728.9,23727.6,50,23728.9,50,175,12111075
NIFTY-I.NFO,19/11/2024,09:37:41,23732.3,23730.35,25,23732.3,150,175,12111075
NIFTY-I.NFO,19/11/2024,09:37:42,23734.9,23733.95,50,23734.9,25,575,12111075
NIFTY-I.NFO,19/11/2024,09:37:44,23732.9,23733.65,25,23735,1650,225,12111075
NIFTY-I.NFO,19/11/2024,09:37:46,23735,23734.7,25,23736,225,1925,12111075
NIFTY-I.NFO,19/11/2024,09:37:47,23736,23733.2,25,23736,200,175,12111075
NIFTY-I.NFO,19/11/2024,09:37:49,23736,23735.3,25,23736.1,175,325,12111075
NIFTY-I.NFO,19/11/2024,09:37:51,23738.8,23737.65,25,23739,200,475,12111075
NIFTY-I.NFO,19/11/2024,09:37:52,23742.2,23741.8,500,23743.9,750,9725,12111075
NIFTY-I.NFO,19/11/2024,09:37:52,23743.9,23741.8,500,23743.9,750,0,12111075
NIFTY-I.NFO,19/11/2024,09:37:54,23742.6,23742.3,50,23743,100,850,12111075
NIFTY-I.NFO,19/11/2024,09:37:56,23742.95,23742.3,25,23743.9,125,300,12111075
NIFTY-I.NFO,19/11/2024,09:37:57,23746.95,23746.95,125,23749.05,50,6700,12111075
NIFTY-I.NFO,19/11/2024,09:37:57,23749.95,23746.95,125,23749.05,50,0,12111075
NIFTY-I.NFO,19/11/2024,09:37:59,23749.95,23746.95,25,23749.95,150,1650,12111075
NIFTY-I.NFO,19/11/2024,09:38:01,23748.6,23746.95,225,23749.95,25,5375,12111075
NIFTY-I.NFO,19/11/2024,09:38:01,23750,23746.95,225,23749.95,25,0,12111075
NIFTY-I.NFO,19/11/2024,09:38:02,23749.9,23746.45,225,23749.85,50,550,12111075
NIFTY-I.NFO,19/11/2024,09:38:04,23749.75,23745,50,23749.6,50,775,12111075
NIFTY-I.NFO,19/11/2024,09:38:06,23744.25,23744.65,50,23749.9,75,275,12111075
NIFTY-I.NFO,19/11/2024,09:38:07,23744.1,23744.7,25,23749.45,25,125,12111075
NIFTY-I.NFO,19/11/2024,09:38:09,23750,23744.7,100,23750,23500,2700,12111075
NIFTY-I.NFO,19/11/2024,09:38:11,23749.95,23747.35,25,23749.95,50,250,12111075
NIFTY-I.NFO,19/11/2024,09:38:12,23747.35,23747.45,225,23749.7,25,625,12111075
NIFTY-I.NFO,19/11/2024,09:38:14,23745,23745,550,23748,250,1075,12111075
NIFTY-I.NFO,19/11/2024,09:38:16,23745,23745,100,23746,25,2450,12111075
NIFTY-I.NFO,19/11/2024,09:38:17,23740,23738.05,175,23742.95,75,1375,12111075
NIFTY-I.NFO,19/11/2024,09:38:19,23740.05,23738.05,75,23739.4,25,2075,12111075
NIFTY-I.NFO,19/11/2024,09:38:21,23739.35,23738.7,25,23739.95,25,275,12111075
NIFTY-I.NFO,19/11/2024,09:38:22,23733.75,23733.7,50,23739.9,200,825,12111075
NIFTY-I.NFO,19/11/2024,09:38:24,23740.2,23734.5,200,23740.65,125,2775,12111075
NIFTY-I.NFO,19/11/2024,09:38:26,23733.75,23734.5,200,23739.8,25,350,12111075
NIFTY-I.NFO,19/11/2024,09:38:27,23739,23735.05,200,23739,425,100,12111075
NIFTY-I.NFO,19/11/2024,09:38:29,23740,23737.8,150,23740,125,1975,12111075
NIFTY-I.NFO,19/11/2024,09:38:31,23738.35,23737.7,250,23744.55,50,925,12111075
NIFTY-I.NFO,19/11/2024,09:38:32,23745,23744.8,25,23748,250,400,12111075
NIFTY-I.NFO,19/11/2024,09:38:34,23740.5,23740.75,50,23746.4,25,125,12111075
NIFTY-I.NFO,19/11/2024,09:38:36,23748.45,23742.85,50,23748,25,2225,12111075
NIFTY-I.NFO,19/11/2024,09:38:37,23747.9,23742.4,200,23747.9,25,475,12111075
NIFTY-I.NFO,19/11/2024,09:38:39,23747,23743.05,50,23747.7,125,100,12111075
NIFTY-I.NFO,19/11/2024,09:38:41,23742.3,23741.25,200,23747,25,200,12111075
NIFTY-I.NFO,19/11/2024,09:38:42,23740.8,23740.25,150,23742.05,125,175,12111075
NIFTY-I.NFO,19/11/2024,09:38:44,23742.05,23740,25,23742.05,25,250,12111075
NIFTY-I.NFO,19/11/2024,09:38:46,23741,23740,50,23740.85,425,125,12111075
NIFTY-I.NFO,19/11/2024,09:38:47,23740.85,23739,150,23740.85,300,225,12111075
NIFTY-I.NFO,19/11/2024,09:38:49,23740.85,23739,50,23740.85,250,150,12111075
NIFTY-I.NFO,19/11/2024,09:38:51,23742,23740.85,25,23744.9,50,1950,12111075
NIFTY-I.NFO,19/11/2024,09:38:52,23745,23740.85,125,23743.55,25,125,12111075
NIFTY-I.NFO,19/11/2024,09:38:54,23740.8,23740.8,525,23743.55,25,300,12111075
NIFTY-I.NFO,19/11/2024,09:38:56,23741,23741,75,23744.55,25,300,12111075
NIFTY-I.NFO,19/11/2024,09:38:57,23741,23740.35,125,23745,225,1650,12111075
NIFTY-I.NFO,19/11/2024,09:38:59,23741,23740.15,50,23745,200,150,12111075
NIFTY-I.NFO,19/11/2024,09:39:01,23740,23739.5,25,23740,600,400,12111075
NIFTY-I.NFO,19/11/2024,09:39:02,23739.9,23740.55,50,23745,250,925,12111075
NIFTY-I.NFO,19/11/2024,09:39:04,23744,23744,25,23745,175,525,12111075
NIFTY-I.NFO,19/11/2024,09:39:06,23745,23740,75,23745.8,50,425,12111075
NIFTY-I.NFO,19/11/2024,09:39:07,23745,23741,25,23744.95,200,375,12111075
NIFTY-I.NFO,19/11/2024,09:39:09,23737.4,23737.35,25,23740,75,450,12111075
NIFTY-I.NFO,19/11/2024,09:39:11,23743.35,23740,125,23744,25,750,12111075
NIFTY-I.NFO,19/11/2024,09:39:12,23740,23738.6,50,23740,200,350,12111075
NIFTY-I.NFO,19/11/2024,09:39:14,23743.65,23738.6,175,23743.7,25,1550,12111075
NIFTY-I.NFO,19/11/2024,09:39:16,23742.55,23744,175,23744.35,25,150,12111075
NIFTY-I.NFO,19/11/2024,09:39:17,23744.35,23744.35,50,23745,100,125,12111075
NIFTY-I.NFO,19/11/2024,09:39:19,23742,23738.8,50,23744.45,50,425,12111075
NIFTY-I.NFO,19/11/2024,09:39:21,23740,23737.65,75,23743.25,100,150,12111075
NIFTY-I.NFO,19/11/2024,09:39:22,23738.05,23737.4,50,23742.1,25,225,12111075
NIFTY-I.NFO,19/11/2024,09:39:24,23737.7,23735.55,25,23737.7,150,275,12111075
NIFTY-I.NFO,19/11/2024,09:39:26,23736.15,23735.55,25,23737.7,125,275,12111075
NIFTY-I.NFO,19/11/2024,09:39:27,23737.7,23734.05,50,23737.7,100,425,12111075
NIFTY-I.NFO,19/11/2024,09:39:29,23735,23734.1,25,23737.7,150,1425,12111075
NIFTY-I.NFO,19/11/2024,09:39:31,23737.7,23735.9,25,23737.7,75,75,12111075
NIFTY-I.NFO,19/11/2024,09:39:32,23740,23735.75,25,23740,125,225,12111075
NIFTY-I.NFO,19/11/2024,09:39:34,23740,23737.85,150,23739.45,25,1125,12111075
NIFTY-I.NFO,19/11/2024,09:39:36,23733.6,23733.6,25,23739.25,200,175,12111075
NIFTY-I.NFO,19/11/2024,09:39:37,23742,23736.45,100,23742,50,575,12111075
NIFTY-I.NFO,19/11/2024,09:39:39,23741.8,23735,50,23740.45,25,125,12111075
NIFTY-I.NFO,19/11/2024,09:39:41,23736.2,23736.2,25,23740,25,1475,12111075
NIFTY-I.NFO,19/11/2024,09:39:42,23735.4,23736.7,125,23742,325,1425,12101800
NIFTY-I.NFO,19/11/2024,09:39:44,23740,23738.6,250,23741.95,25,250,12101800
NIFTY-I.NFO,19/11/2024,09:39:46,23740.95,23740.95,50,23744,225,725,12101800
NIFTY-I.NFO,19/11/2024,09:39:47,23740,23739.4,50,23741.55,25,1775,12101800
NIFTY-I.NFO,19/11/2024,09:39:49,23741,23739.95,25,23741.55,25,275,12101800
NIFTY-I.NFO,19/11/2024,09:39:51,23740.2,23739.95,150,23741.95,25,125,12101800
NIFTY-I.NFO,19/11/2024,09:39:52,23740.6,23741.15,50,23744,100,325,12101800
NIFTY-I.NFO,19/11/2024,09:39:54,23741.1,23741.1,75,23744,350,925,12101800
NIFTY-I.NFO,19/11/2024,09:39:56,23744,23739.75,50,23741.55,150,675,12101800
NIFTY-I.NFO,19/11/2024,09:39:57,23740.2,23740,25,23741.55,150,25,12101800
NIFTY-I.NFO,19/11/2024,09:39:59,23739.35,23739.55,150,23741.55,75,325,12101800
NIFTY-I.NFO,19/11/2024,09:40:01,23740,23737.6,75,23740,200,150,12101800
NIFTY-I.NFO,19/11/2024,09:40:02,23740,23738.5,200,23740,50,175,12101800
NIFTY-I.NFO,19/11/2024,09:40:04,23740,23740,150,23742,225,75,12101800
NIFTY-I.NFO,19/11/2024,09:40:06,23740,23740,150,23742,125,325,12101800
NIFTY-I.NFO,19/11/2024,09:40:07,23742.55,23741.5,125,23744,25,175,12101800
NIFTY-I.NFO,19/11/2024,09:40:09,23741.55,23741.55,150,23744,25,75,12101800
NIFTY-I.NFO,19/11/2024,09:40:11,23742,23741.55,100,23743.9,25,150,12101800
NIFTY-I.NFO,19/11/2024,09:40:12,23739.95,23739.4,125,23744,50,400,12101800
NIFTY-I.NFO,19/11/2024,09:40:14,23740,23740,125,23742.8,50,200,12101800
NIFTY-I.NFO,19/11/2024,09:40:15,23741.35,23740,100,23744,25,100,12101800
NIFTY-I.NFO,19/11/2024,09:40:17,23740,23740,325,23741.5,25,500,12101800
NIFTY-I.NFO,19/11/2024,09:40:19,23740,23740,175,23743.75,200,300,12101800
NIFTY-I.NFO,19/11/2024,09:40:20,23740.7,23740.05,375,23742.55,25,200,12101800
NIFTY-I.NFO,19/11/2024,09:40:22,23740.7,23740.15,200,23744,200,575,12101800
NIFTY-I.NFO,19/11/2024,09:40:24,23740.75,23741.05,250,23744,200,625,12101800
NIFTY-I.NFO,19/11/2024,09:40:25,23744,23741.2,50,23743,100,350,12101800
NIFTY-I.NFO,19/11/2024,09:40:27,23744.15,23741.25,125,23743,25,325,12101800
NIFTY-I.NFO,19/11/2024,09:40:29,23740,23740,200,23744.65,50,225,12101800
NIFTY-I.NFO,19/11/2024,09:40:30,23744.65,23742.95,25,23744.7,100,175,12101800
NIFTY-I.NFO,19/11/2024,09:40:32,23744.65,23744,100,23745,925,225,12101800
NIFTY-I.NFO,19/11/2024,09:40:34,23745,23740.35,450,23745,325,725,12101800
NIFTY-I.NFO,19/11/2024,09:40:35,23740.55,23741,200,23744,50,200,12101800
NIFTY-I.NFO,19/11/2024,09:40:37,23744.95,23741,225,23744,25,200,12101800
NIFTY-I.NFO,19/11/2024,09:40:39,23745,23744.15,25,23745,375,75,12101800
NIFTY-I.NFO,19/11/2024,09:40:40,23744.2,23744.2,125,23745,400,100,12101800
NIFTY-I.NFO,19/11/2024,09:40:42,23744.45,23742.75,200,23744.95,175,700,12101800
NIFTY-I.NFO,19/11/2024,09:40:44,23740,23740,175,23744.1,150,175,12101800
NIFTY-I.NFO,19/11/2024,09:40:45,23744.7,23742.8,25,23745,350,300,12101800
NIFTY-I.NFO,19/11/2024,09:40:47,23744.25,23742.8,200,23744.05,25,225,12101800
NIFTY-I.NFO,19/11/2024,09:40:49,23740,23740,175,23744,200,350,12101800
NIFTY-I.NFO,19/11/2024,09:40:50,23740,23742,25,23744,250,0,12101800
NIFTY-I.NFO,19/11/2024,09:40:52,23740.35,23740.05,25,23742.8,25,150,12101800
NIFTY-I.NFO,19/11/2024,09:40:54,23740,23740,50,23742,50,175,12101800
NIFTY-I.NFO,19/11/2024,09:40:55,23740.35,23740,250,23742,75,50,12101800
NIFTY-I.NFO,19/11/2024,09:40:57,23742,23740.8,150,23742.8,25,200,12101800
NIFTY-I.NFO,19/11/2024,09:40:59,23738.65,23738.65,25,23742.8,25,100,12101800
NIFTY-I.NFO,19/11/2024,09:41:00,23743,23742,150,23743.8,25,100,12101800
NIFTY-I.NFO,19/11/2024,09:41:02,23743.75,23737.4,25,23743.6,25,175,12101800
NIFTY-I.NFO,19/11/2024,09:41:04,23740,23738.45,200,23744,350,175,12101800
NIFTY-I.NFO,19/11/2024,09:41:05,23743.1,23742,50,23743.25,25,125,12101800
NIFTY-I.NFO,19/11/2024,09:41:07,23743.25,23742,200,23743.25,50,500,12101800
NIFTY-I.NFO,19/11/2024,09:41:09,23737.35,23736,425,23742.1,100,500,12101800
NIFTY-I.NFO,19/11/2024,09:41:10,23736,23736,275,23740,50,300,12101800
NIFTY-I.NFO,19/11/2024,09:41:12,23735,23736,25,23739.55,75,600,12101800
NIFTY-I.NFO,19/11/2024,09:41:14,23737.05,23735,1100,23737.15,250,400,12101800
NIFTY-I.NFO,19/11/2024,09:41:15,23732.6,23732.6,600,23733.25,75,1800,12101800
NIFTY-I.NFO,19/11/2024,09:41:17,23732.6,23732.6,550,23733.1,75,1700,12101800
NIFTY-I.NFO,19/11/2024,09:41:19,23735.55,23733.5,100,23736,150,525,12101800
NIFTY-I.NFO,19/11/2024,09:41:20,23734.6,23732.7,50,23736,100,625,12101800
NIFTY-I.NFO,19/11/2024,09:41:22,23740,23740,25,23741.1,25,500,12101800
NIFTY-I.NFO,19/11/2024,09:41:24,23735,23735,150,23739,25,200,12101800
NIFTY-I.NFO,19/11/2024,09:41:25,23736,23735.9,25,23740,550,775,12101800
NIFTY-I.NFO,19/11/2024,09:41:27,23740,23736.7,200,23740,125,2475,12101800
NIFTY-I.NFO,19/11/2024,09:41:29,23736.7,23736.7,150,23739.95,175,250,12101800
NIFTY-I.NFO,19/11/2024,09:41:30,23736.7,23738.3,25,23739.45,250,0,12101800
NIFTY-I.NFO,19/11/2024,09:41:32,23736.5,23735,50,23736.35,250,250,12101800
NIFTY-I.NFO,19/11/2024,09:41:34,23732.6,23732.6,125,23735.1,25,250,12101800
NIFTY-I.NFO,19/11/2024,09:41:35,23736.7,23736,25,23736.7,850,275,12101800
NIFTY-I.NFO,19/11/2024,09:41:37,23731.7,23731.55,175,23736.65,50,600,12101800
NIFTY-I.NFO,19/11/2024,09:41:39,23730.75,23730.75,50,23736.4,50,1700,12101800
NIFTY-I.NFO,19/11/2024,09:41:40,23735,23735,125,23735.35,125,500,12101800
NIFTY-I.NFO,19/11/2024,09:41:42,23730.05,23730.05,25,23735.3,25,475,12101800
NIFTY-I.NFO,19/11/2024,09:41:44,23734.95,23734.95,250,23736.4,25,450,12101800
NIFTY-I.NFO,19/11/2024,09:41:45,23735.5,23735.5,25,23735.75,75,425,12101800
NIFTY-I.NFO,19/11/2024,09:41:47,23735,23734.95,50,23736,25,250,12101800
NIFTY-I.NFO,19/11/2024,09:41:49,23736.4,23735.75,25,23736.4,125,100,12101800
NIFTY-I.NFO,19/11/2024,09:41:50,23735.85,23735.75,25,23736.25,25,225,12101800
NIFTY-I.NFO,19/11/2024,09:41:52,23735,23734.95,25,23736.4,75,225,12101800
NIFTY-I.NFO,19/11/2024,09:41:54,23732.6,23732.6,150,23735.5,975,475,12101800
NIFTY-I.NFO,19/11/2024,09:41:55,23735,23735,25,23735.5,175,925,12101800
NIFTY-I.NFO,19/11/2024,09:41:57,23735.5,23735,150,23735.5,100,225,12101800
NIFTY-I.NFO,19/11/2024,09:41:59,23735,23735,75,23736.7,800,600,12101800
NIFTY-I.NFO,19/11/2024,09:42:00,23735.85,23735.85,25,23736.65,200,75,12101800
NIFTY-I.NFO,19/11/2024,09:42:02,23735,23732.6,125,23733.7,50,675,12101800
NIFTY-I.NFO,19/11/2024,09:42:04,23734.4,23732.6,125,23734.85,25,750,12101800
NIFTY-I.NFO,19/11/2024,09:42:05,23734.9,23734.85,50,23735,225,300,12101800
NIFTY-I.NFO,19/11/2024,09:42:07,23732.6,23732.6,75,23734,25,800,12101800
NIFTY-I.NFO,19/11/2024,09:42:08,23731.6,23731.6,325,23734.85,25,600,12101800
NIFTY-I.NFO,19/11/2024,09:42:10,23734.85,23734.85,25,23735,75,200,12101800
NIFTY-I.NFO,19/11/2024,09:42:12,23731,23731,600,23733.95,50,575,12101800
NIFTY-I.NFO,19/11/2024,09:42:13,23733.95,23733,150,23735,25,200,12101800
NIFTY-I.NFO,19/11/2024,09:42:15,23733,23731.55,200,23734.85,25,150,12101800
NIFTY-I.NFO,19/11/2024,09:42:17,23731.55,23732.05,175,23734.85,25,650,12101800
NIFTY-I.NFO,19/11/2024,09:42:18,23734.85,23735.25,100,23735.85,25,375,12101800
NIFTY-I.NFO,19/11/2024,09:42:20,23735.4,23735,100,23735.85,25,150,12101800
NIFTY-I.NFO,19/11/2024,09:42:22,23735.85,23735,100,23736.7,625,125,12101800
NIFTY-I.NFO,19/11/2024,09:42:23,23733.25,23733.25,125,23735,850,150,12101800
NIFTY-I.NFO,19/11/2024,09:42:25,23734.1,23732.65,150,23734.85,25,200,12101800
NIFTY-I.NFO,19/11/2024,09:42:27,23732.35,23731,625,23734.3,25,150,12101800
NIFTY-I.NFO,19/11/2024,09:42:28,23731,23731,200,23732,150,475,12101800
NIFTY-I.NFO,19/11/2024,09:42:30,23731,23732.95,25,23735,800,200,12101800
NIFTY-I.NFO,19/11/2024,09:42:32,23734.3,23733,50,23734.55,225,125,12101800
NIFTY-I.NFO,19/11/2024,09:42:33,23735,23733,25,23735,700,250,12101800
NIFTY-I.NFO,19/11/2024,09:42:35,23733.5,23733,125,23735,575,200,12101800
NIFTY-I.NFO,19/11/2024,09:42:37,23735,23732,25,23734.95,200,200,12101800
NIFTY-I.NFO,19/11/2024,09:42:38,23733.75,23731,150,23732,2000,2225,12101800
NIFTY-I.NFO,19/11/2024,09:42:40,23731.3,23731,125,23732,875,1225,12101800
NIFTY-I.NFO,19/11/2024,09:42:42,23731,23731,100,23732,500,400,12106675
NIFTY-I.NFO,19/11/2024,09:42:43,23728.7,23725.6,1200,23728.75,50,2250,12106675
NIFTY-I.NFO,19/11/2024,09:42:45,23725.6,23725.6,825,23727.3,75,1250,12106675
NIFTY-I.NFO,19/11/2024,09:42:47,23725.6,23725.6,675,23728.55,25,475,12106675
NIFTY-I.NFO,19/11/2024,09:42:48,23725.6,23725.6,600,23730,25,175,12106675
NIFTY-I.NFO,19/11/2024,09:42:50,23725,23725,225,23729.8,75,875,12106675
NIFTY-I.NFO,19/11/2024,09:42:52,23725,23725,350,23729.9,25,175,12106675
NIFTY-I.NFO,19/11/2024,09:42:53,23725.6,23725,150,23728.8,25,100,12106675
NIFTY-I.NFO,19/11/2024,09:42:55,23723.75,23723.75,200,23728.95,25,625,12106675
NIFTY-I.NFO,19/11/2024,09:42:57,23725.6,23725.45,50,23729,250,1750,12106675
NIFTY-I.NFO,19/11/2024,09:42:58,23724.3,23724.05,75,23729,275,150,12106675
NIFTY-I.NFO,19/11/2024,09:43:00,23725.5,23725.6,125,23729,25,2775,12106675
NIFTY-I.NFO,19/11/2024,09:43:02,23729.75,23728.5,175,23730,175,500,12106675
NIFTY-I.NFO,19/11/2024,09:43:03,23728,23728.05,50,23731,450,250,12106675
NIFTY-I.NFO,19/11/2024,09:43:05,23735,23729.7,25,23734.9,50,1725,12106675
NIFTY-I.NFO,19/11/2024,09:43:07,23731.05,23731.05,150,23735,950,1525,12106675
NIFTY-I.NFO,19/11/2024,09:43:08,23731.05,23732.05,150,23735,1150,0,12106675
NIFTY-I.NFO,19/11/2024,09:43:10,23733.5,23731,200,23735,1150,175,12106675
NIFTY-I.NFO,19/11/2024,09:43:12,23735,23732,50,23735,1125,75,12106675
NIFTY-I.NFO,19/11/2024,09:43:13,23733,23733.5,25,23735,1150,225,12106675
NIFTY-I.NFO,19/11/2024,09:43:15,23734.5,23734,175,23735,1175,75,12106675
NIFTY-I.NFO,19/11/2024,09:43:17,23735,23734,450,23736,350,2075,12106675
NIFTY-I.NFO,19/11/2024,09:43:18,23735.2,23734.45,125,23738,100,1675,12106675
NIFTY-I.NFO,19/11/2024,09:43:20,23736.65,23734.45,350,23738.8,25,200,12106675
NIFTY-I.NFO,19/11/2024,09:43:22,23734.5,23734.5,350,23738.5,50,175,12106675
NIFTY-I.NFO,19/11/2024,09:43:23,23734.5,23734.5,275,23737.55,25,75,12106675
NIFTY-I.NFO,19/11/2024,09:43:25,23735.95,23734.55,225,23735.95,25,100,12106675
NIFTY-I.NFO,19/11/2024,09:43:27,23734.55,23734.6,100,23737,25,125,12106675
NIFTY-I.NFO,19/11/2024,09:43:28,23733.75,23733.65,75,23737.95,75,1300,12106675
NIFTY-I.NFO,19/11/2024,09:43:30,23732.15,23732.2,25,23738,50,400,12106675
NIFTY-I.NFO,19/11/2024,09:43:32,23732.15,23732.6,25,23738,50,0,12106675
NIFTY-I.NFO,19/11/2024,09:43:33,23734.5,23732.7,25,23738,25,150,12106675
NIFTY-I.NFO,19/11/2024,09:43:35,23735.5,23733.5,200,23739,125,150,12106675
NIFTY-I.NFO,19/11/2024,09:43:37,23734.5,23734.5,175,23737,25,75,12106675
NIFTY-I.NFO,19/11/2024,09:43:38,23736.5,23736.5,25,23739.7,50,700,12106675
NIFTY-I.NFO,19/11/2024,09:43:40,23739.7,23736.85,25,23739.7,25,50,12106675
NIFTY-I.NFO,19/11/2024,09:43:42,23736.85,23736.5,25,23739,25,50,12106675
NIFTY-I.NFO,19/11/2024,09:43:43,23736.5,23735,50,23739.8,200,275,12106675
NIFTY-I.NFO,19/11/2024,09:43:45,23737,23734.75,175,23740,2300,225,12106675
NIFTY-I.NFO,19/11/2024,09:43:47,23735,23737.3,175,23740,2275,275,12106675
NIFTY-I.NFO,19/11/2024,09:43:48,23744,23740.3,75,23743.95,50,3350,12106675
NIFTY-I.NFO,19/11/2024,09:43:50,23743.95,23739.05,50,23744,5175,300,12106675
NIFTY-I.NFO,19/11/2024,09:43:52,23740,23737.4,50,23742.85,200,50,12106675
NIFTY-I.NFO,19/11/2024,09:43:53,23739,23737.45,25,23742.5,200,50,12106675
NIFTY-I.NFO,19/11/2024,09:43:55,23737.45,23737.45,875,23741.7,200,175,12106675
NIFTY-I.NFO,19/11/2024,09:43:57,23737.45,23737.45,725,23739.25,25,150,12106675
NIFTY-I.NFO,19/11/2024,09:43:58,23737.45,23737.45,700,23742.05,125,325,12106675
NIFTY-I.NFO,19/11/2024,09:44:00,23742,23738.7,25,23738.9,50,125,12106675
NIFTY-I.NFO,19/11/2024,09:44:02,23738.7,23738.7,500,23743,100,125,12106675
NIFTY-I.NFO,19/11/2024,09:44:03,23740,23738.7,500,23742,300,175,12106675
NIFTY-I.NFO,19/11/2024,09:44:05,23744,23741.65,75,23744,5400,375,12106675
NIFTY-I.NFO,19/11/2024,09:44:07,23741.65,23741.7,150,23743,100,750,12106675
NIFTY-I.NFO,19/11/2024,09:44:08,23741.65,23741.7,25,23743,50,225,12106675
NIFTY-I.NFO,19/11/2024,09:44:10,23742,23741.7,500,23744,4900,300,12106675
NIFTY-I.NFO,19/11/2024,09:44:11,23744,23741.7,1475,23744,4875,100,12106675
NIFTY-I.NFO,19/11/2024,09:44:13,23741.7,23741.7,1375,23744,4625,375,12106675
NIFTY-I.NFO,19/11/2024,09:44:15,23741.7,23741.7,125,23744,4625,1275,12106675
NIFTY-I.NFO,19/11/2024,09:44:16,23741.7,23741.7,950,23744,4625,50,12106675
NIFTY-I.NFO,19/11/2024,09:44:18,23742,23741.7,950,23744,5050,200,12106675
NIFTY-I.NFO,19/11/2024,09:44:20,23741.7,23743,50,23743.3,25,1000,12106675
NIFTY-I.NFO,19/11/2024,09:44:21,23746.6,23746.6,150,23747,150,7425,12106675
NIFTY-I.NFO,19/11/2024,09:44:23,23747.05,23747.75,75,23748,375,375,12106675
NIFTY-I.NFO,19/11/2024,09:44:25,23750,23749.75,250,23750,15500,5475,12106675
NIFTY-I.NFO,19/11/2024,09:44:26,23756.6,23755.35,25,23758,25,36150,12106675
NIFTY-I.NFO,19/11/2024,09:44:26,23760,23755.35,25,23758,25,0,12106675
NIFTY-I.NFO,19/11/2024,09:44:28,23760,23755,1075,23760.15,50,1925,12106675
NIFTY-I.NFO,19/11/2024,09:44:30,23757.9,23757.9,25,23760.65,225,1550,12106675
NIFTY-I.NFO,19/11/2024,09:44:30,23760.7,23757.9,25,23760.65,225,0,12106675
NIFTY-I.NFO,19/11/2024,09:44:31,23755,23755,500,23759.9,50,550,12106675
NIFTY-I.NFO,19/11/2024,09:44:33,23755,23755,675,23758.65,100,400,12106675
NIFTY-I.NFO,19/11/2024,09:44:35,23757.45,23757.45,50,23757.9,25,1750,12106675
NIFTY-I.NFO,19/11/2024,09:44:36,23756.95,23752,75,23757.3,75,1025,12106675
NIFTY-I.NFO,19/11/2024,09:44:38,23751.35,23755,25,23758.4,275,1425,12106675
NIFTY-I.NFO,19/11/2024,09:44:40,23755,23754.15,50,23757.9,25,250,12106675
NIFTY-I.NFO,19/11/2024,09:44:41,23759.9,23754.8,50,23760,100,1750,12106675
NIFTY-I.NFO,19/11/2024,09:44:43,23754.9,23754.8,250,23759,25,1375,12106675
NIFTY-I.NFO,19/11/2024,09:44:45,23758.95,23757.9,25,23759.9,250,150,12106675
NIFTY-I.NFO,19/11/2024,09:44:46,23759,23757.7,150,23760.05,25,1300,12106675
NIFTY-I.NFO,19/11/2024,09:44:48,23760.1,23760,350,23760.45,50,500,12106675
NIFTY-I.NFO,19/11/2024,09:44:48,23760.9,23760,350,23760.45,50,0,12106675
NIFTY-I.NFO,19/11/2024,09:44:50,23760.5,23760,200,23761,150,275,12106675
NIFTY-I.NFO,19/11/2024,09:44:51,23758.3,23758.65,25,23760,100,1150,12106675
NIFTY-I.NFO,19/11/2024,09:44:51,23761.9,23758.65,25,23760,100,0,12106675
NIFTY-I.NFO,19/11/2024,09:44:53,23760.35,23760.35,75,23764,325,1825,12106675
NIFTY-I.NFO,19/11/2024,09:44:53,23763.85,23760.35,75,23764,325,0,12106675
NIFTY-I.NFO,19/11/2024,09:44:55,23765.45,23763.25,1700,23766,3450,8750,12106675
NIFTY-I.NFO,19/11/2024,09:44:55,23766,23763.25,1700,23766,3450,0,12106675
NIFTY-I.NFO,19/11/2024,09:44:56,23765,23764.05,25,23765.3,125,250,12106675
NIFTY-I.NFO,19/11/2024,09:44:58,23763.25,23763.25,325,23766,3000,3350,12106675
NIFTY-I.NFO,19/11/2024,09:44:59,23766,23764.65,50,23766,2775,350,12106675
NIFTY-I.NFO,19/11/2024,09:45:01,23765.45,23764.7,50,23765.45,25,1875,12106675
NIFTY-I.NFO,19/11/2024,09:45:03,23766,23765.45,50,23766,2075,1450,12106675
NIFTY-I.NFO,19/11/2024,09:45:04,23767,23765.5,75,23767,1225,2775,12106675
NIFTY-I.NFO,19/11/2024,09:45:04,23767,23765.5,75,23767,1225,0,12106675
NIFTY-I.NFO,19/11/2024,09:45:06,23765.5,23759.4,50,23765.45,50,3325,12106675
NIFTY-I.NFO,19/11/2024,09:45:08,23761.05,23761.6,50,23767.6,25,3600,12106675
NIFTY-I.NFO,19/11/2024,09:45:08,23768,23761.6,50,23767.6,25,0,12106675
NIFTY-I.NFO,19/11/2024,09:45:09,23765.15,23760,25,23765.05,100,4325,12106675
NIFTY-I.NFO,19/11/2024,09:45:09,23768.3,23760,25,23765.05,100,0,12106675
NIFTY-I.NFO,19/11/2024,09:45:11,23765.1,23760,100,23764.55,50,4775,12106675
NIFTY-I.NFO,19/11/2024,09:45:13,23760.05,23760.05,350,23763.45,125,1875,12106675
NIFTY-I.NFO,19/11/2024,09:45:14,23762.4,23758,25,23761.4,25,2250,12106675
NIFTY-I.NFO,19/11/2024,09:45:16,23755.8,23755.3,300,23759.9,50,475,12106675
NIFTY-I.NFO,19/11/2024,09:45:18,23754,23753.15,25,23754,1200,3675,12106675
NIFTY-I.NFO,19/11/2024,09:45:19,23762,23760.05,25,23761.95,125,5250,12106675
NIFTY-I.NFO,19/11/2024,09:45:21,23761.2,23761.2,675,23761.65,50,450,12106675
NIFTY-I.NFO,19/11/2024,09:45:23,23762.45,23762.25,200,23768.3,675,4025,12106675
NIFTY-I.NFO,19/11/2024,09:45:25,23768.3,23765.25,50,23768.3,625,1100,12106675
NIFTY-I.NFO,19/11/2024,09:45:26,23762.95,23762.5,125,23765.25,25,1400,12106675
NIFTY-I.NFO,19/11/2024,09:45:28,23764.7,23763.95,200,23770,25,7975,12106675
NIFTY-I.NFO,19/11/2024,09:45:28,23771,23763.95,200,23770,25,0,12106675
NIFTY-I.NFO,19/11/2024,09:45:30,23765,23765.25,25,23768.3,250,150,12106675
NIFTY-I.NFO,19/11/2024,09:45:31,23764.35,23764.75,25,23768.15,25,1125,12106675
NIFTY-I.NFO,19/11/2024,09:45:33,23768.9,23764.35,200,23769,50,6525,12106675
NIFTY-I.NFO,19/11/2024,09:45:35,23768,23764.35,175,23767.35,25,375,12106675
NIFTY-I.NFO,19/11/2024,09:45:36,23767.9,23764.4,25,23767.95,25,1325,12106675
NIFTY-I.NFO,19/11/2024,09:45:38,23762.4,23762.4,150,23768.65,200,900,12106675
NIFTY-I.NFO,19/11/2024,09:45:40,23768,23765.05,25,23768,25,175,12106675
NIFTY-I.NFO,19/11/2024,09:45:41,23766.7,23765,950,23766.45,100,675,12106675
NIFTY-I.NFO,19/11/2024,09:45:43,23767.5,23762,375,23767.4,100,1600,12106650
NIFTY-I.NFO,19/11/2024,09:45:45,23767.3,23762.15,50,23767.4,75,1125,12106650
NIFTY-I.NFO,19/11/2024,09:45:46,23767.35,23762,275,23767.35,25,300,12106650
NIFTY-I.NFO,19/11/2024,09:45:48,23762.25,23762.2,100,23768,75,650,12106650
NIFTY-I.NFO,19/11/2024,09:45:50,23761.45,23761.45,75,23765,25,1500,12106650
NIFTY-I.NFO,19/11/2024,09:45:51,23762,23760,950,23765,50,1925,12106650
NIFTY-I.NFO,19/11/2024,09:45:53,23766.7,23760.45,25,23766.1,150,400,12106650
NIFTY-I.NFO,19/11/2024,09:45:55,23762.25,23760.6,25,23762.25,25,1525,12106650
NIFTY-I.NFO,19/11/2024,09:45:56,23762,23760.75,250,23764.9,50,500,12106650
NIFTY-I.NFO,19/11/2024,09:45:58,23762.5,23763.4,50,23767.75,25,200,12106650
NIFTY-I.NFO,19/11/2024,09:46:00,23763.65,23763.35,400,23765,300,1300,12106650
NIFTY-I.NFO,19/11/2024,09:46:01,23769,23766.35,125,23769,150,900,12106650
NIFTY-I.NFO,19/11/2024,09:46:03,23764.9,23765.15,250,23769,100,1325,12106650
NIFTY-I.NFO,19/11/2024,09:46:05,23765.5,23765.5,100,23769,75,1350,12106650
NIFTY-I.NFO,19/11/2024,09:46:06,23769,23765.2,100,23769,50,150,12106650
NIFTY-I.NFO,19/11/2024,09:46:08,23769,23765.25,50,23769,250,1300,12106650
NIFTY-I.NFO,19/11/2024,09:46:10,23764.9,23764.6,75,23765,500,500,12106650
NIFTY-I.NFO,19/11/2024,09:46:11,23769,23766.75,250,23769,150,550,12106650
NIFTY-I.NFO,19/11/2024,09:46:13,23765.85,23765.8,150,23769,275,1200,12106650
NIFTY-I.NFO,19/11/2024,09:46:15,23766.35,23766.35,75,23769,25,2475,12106650
NIFTY-I.NFO,19/11/2024,09:46:16,23769,23766.4,125,23769,25,1300,12106650
NIFTY-I.NFO,19/11/2024,09:46:18,23766.1,23766.1,100,23769.95,50,4025,12106650
NIFTY-I.NFO,19/11/2024,09:46:20,23770,23766.8,25,23770,650,2350,12106650
NIFTY-I.NFO,19/11/2024,09:46:21,23770,23768.3,75,23770,100,850,12106650
NIFTY-I.NFO,19/11/2024,09:46:23,23767.15,23768.05,200,23769.95,25,2825,12106650
NIFTY-I.NFO,19/11/2024,09:46:25,23767.6,23767.6,125,23770,800,1275,12106650
NIFTY-I.NFO,19/11/2024,09:46:26,23767.5,23767.55,100,23770,700,1900,12106650
NIFTY-I.NFO,19/11/2024,09:46:28,23765,23765,1525,23767.7,475,175,12106650
NIFTY-I.NFO,19/11/2024,09:46:29,23766.7,23765,1525,23766.7,175,100,12106650
NIFTY-I.NFO,19/11/2024,09:46:31,23765,23765,1375,23766.7,400,200,12106650
NIFTY-I.NFO,19/11/2024,09:46:33,23762.25,23763,75,23766.7,300,2600,12106650
NIFTY-I.NFO,19/11/2024,09:46:34,23763.55,23763.75,75,23765,25,125,12106650
NIFTY-I.NFO,19/11/2024,09:46:36,23764.3,23764.4,125,23766.7,250,1250,12106650
NIFTY-I.NFO,19/11/2024,09:46:38,23765.5,23763.15,75,23765.5,950,1350,12106650
NIFTY-I.NFO,19/11/2024,09:46:39,23767,23763.25,50,23766.85,50,1075,12106650
NIFTY-I.NFO,19/11/2024,09:46:41,23761.55,23761.5,50,23765,75,1300,12106650
NIFTY-I.NFO,19/11/2024,09:46:43,23760.75,23760.65,25,23763.3,250,650,12106650
NIFTY-I.NFO,19/11/2024,09:46:44,23760.45,23761,75,23765,25,1550,12106650
NIFTY-I.NFO,19/11/2024,09:46:46,23761.5,23763.3,25,23765,75,800,12106650
NIFTY-I.NFO,19/11/2024,09:46:48,23761.2,23761.05,175,23765,75,1500,12106650
NIFTY-I.NFO,19/11/2024,09:46:49,23760.3,23760.3,25,23765.85,200,625,12106650
NIFTY-I.NFO,19/11/2024,09:46:51,23759.4,23759.1,25,23761.15,350,1525,12106650
NIFTY-I.NFO,19/11/2024,09:46:53,23761.05,23761.05,50,23765,225,950,12106650
NIFTY-I.NFO,19/11/2024,09:46:54,23760.3,23759,175,23760.3,25,350,12106650
NIFTY-I.NFO,19/11/2024,09:46:56,23758.1,23758.45,100,23760.85,350,1150,12106650
NIFTY-I.NFO,19/11/2024,09:46:58,23759.1,23757.1,75,23760.3,25,675,12106650
NIFTY-I.NFO,19/11/2024,09:46:59,23756.55,23756.85,50,23759.1,25,1225,12106650
NIFTY-I.NFO,19/11/2024,09:47:01,23758.6,23754.35,50,23760.25,25,600,12106650
NIFTY-I.NFO,19/11/2024,09:47:03,23752.7,23753.25,25,23759.1,25,1500,12106650
NIFTY-I.NFO,19/11/2024,09:47:04,23753.55,23753.55,50,23759.4,25,950,12106650
NIFTY-I.NFO,19/11/2024,09:47:06,23751.6,23751.9,25,23757.6,25,625,12106650
NIFTY-I.NFO,19/11/2024,09:47:08,23754.8,23754.8,125,23755.75,250,1625,12106650
NIFTY-I.NFO,19/11/2024,09:47:09,23751.6,23750.6,175,23753.55,25,2400,12106650
NIFTY-I.NFO,19/11/2024,09:47:11,23750.6,23750.6,50,23751.6,250,150,12106650
NIFTY-I.NFO,19/11/2024,09:47:13,23751.6,23750.65,25,23753.8,875,825,12106650
NIFTY-I.NFO,19/11/2024,09:47:14,23754.6,23754.6,100,23756,1775,2300,12106650
NIFTY-I.NFO,19/11/2024,09:47:16,23759.85,23754.25,25,23759.9,25,2775,12106650
NIFTY-I.NFO,19/11/2024,09:47:18,23755.45,23756.25,25,23759.9,25,1925,12106650
NIFTY-I.NFO,19/11/2024,09:47:19,23756.55,23755,50,23759.9,25,625,12106650
NIFTY-I.NFO,19/11/2024,09:47:21,23753.55,23755,25,23759.9,25,1575,12106650
NIFTY-I.NFO,19/11/2024,09:47:23,23755.1,23755,25,23759.3,25,125,12106650
NIFTY-I.NFO,19/11/2024,09:47:24,23760.45,23754.5,250,23760.65,25,900,12106650
NIFTY-I.NFO,19/11/2024,09:47:26,23755,23755,200,23757.2,50,2875,12106650
NIFTY-I.NFO,19/11/2024,09:47:28,23755.65,23755.65,150,23756.55,100,75,12106650
NIFTY-I.NFO,19/11/2024,09:47:29,23752.75,23753.8,25,23756.55,100,1075,12106650
NIFTY-I.NFO,19/11/2024,09:47:31,23754.05,23754.05,150,23756.55,75,575,12106650
NIFTY-I.NFO,19/11/2024,09:47:33,23755.1,23755.1,25,23758.95,150,1150,12106650
NIFTY-I.NFO,19/11/2024,09:47:34,23752.55,23753,50,23758.55,25,375,12106650
NIFTY-I.NFO,19/11/2024,09:47:36,23756,23756,50,23758.95,150,1450,12106650
NIFTY-I.NFO,19/11/2024,09:47:37,23756,23755.15,150,23758.95,150,50,12106650
NIFTY-I.NFO,19/11/2024,09:47:39,23754,23754,25,23756.9,25,325,12106650
NIFTY-I.NFO,19/11/2024,09:47:41,23755,23752.85,25,23755,50,1025,12106650
NIFTY-I.NFO,19/11/2024,09:47:43,23752.85,23752.55,175,23752.85,25,25,12106650
NIFTY-I.NFO,19/11/2024,09:47:44,23753.75,23753.95,125,23754,325,75,12106650
NIFTY-I.NFO,19/11/2024,09:47:46,23754,23753.75,25,23754,325,400,12106650
NIFTY-I.NFO,19/11/2024,09:47:48,23754,23753.1,500,23754,275,75,12106650
NIFTY-I.NFO,19/11/2024,09:47:49,23755.1,23754.4,25,23755,250,500,12106650
NIFTY-I.NFO,19/11/2024,09:47:51,23755,23753,675,23755,150,225,12106650
NIFTY-I.NFO,19/11/2024,09:47:53,23754.7,23754.05,100,23755,850,1400,12106650
NIFTY-I.NFO,19/11/2024,09:47:54,23754,23754.15,50,23755,775,575,12106650
NIFTY-I.NFO,19/11/2024,09:47:56,23753.3,23753.6,50,23755,750,1100,12106650
NIFTY-I.NFO,19/11/2024,09:47:58,23753.3,23753.8,50,23755,1050,0,12106650
NIFTY-I.NFO,19/11/2024,09:47:59,23754,23754,75,23755,1050,1075,12106650
NIFTY-I.NFO,19/11/2024,09:48:01,23751,23753.3,50,23755,1075,400,12106650
NIFTY-I.NFO,19/11/2024,09:48:02,23755,23751.45,25,23755,1025,1100,12106650
NIFTY-I.NFO,19/11/2024,09:48:04,23755,23752,25,23755,825,575,12106650
NIFTY-I.NFO,19/11/2024,09:48:06,23755,23753.25,150,23755,750,225,12106650
NIFTY-I.NFO,19/11/2024,09:48:07,23751.2,23751.2,125,23755,700,1275,12106650
NIFTY-I.NFO,19/11/2024,09:48:09,23749,23749,200,23750,500,325,12106650
NIFTY-I.NFO,19/11/2024,09:48:11,23744.9,23745.6,175,23748.2,25,1375,12106650
NIFTY-I.NFO,19/11/2024,09:48:12,23744.9,23745.05,50,23749.8,25,225,12106650
NIFTY-I.NFO,19/11/2024,09:48:14,23744.9,23744.3,50,23749.1,25,1250,12106650
NIFTY-I.NFO,19/11/2024,09:48:16,23740.5,23740.65,50,23745.35,25,1025,12106650
NIFTY-I.NFO,19/11/2024,09:48:17,23745.35,23740.45,75,23745.65,200,375,12106650
NIFTY-I.NFO,19/11/2024,09:48:19,23738.25,23738.2,100,23743.15,25,6275,12106650
NIFTY-I.NFO,19/11/2024,09:48:21,23740.65,23739.55,125,23745.45,200,125,12106650
NIFTY-I.NFO,19/11/2024,09:48:22,23740.45,23740,25,23744.3,150,1125,12106650
NIFTY-I.NFO,19/11/2024,09:48:24,23741.2,23741.45,50,23744.3,650,250,12106650
NIFTY-I.NFO,19/11/2024,09:48:26,23743.8,23742.85,50,23748.35,200,1625,12106650
NIFTY-I.NFO,19/11/2024,09:48:27,23743.8,23743.35,50,23748.85,200,1150,12106650
NIFTY-I.NFO,19/11/2024,09:48:29,23745,23744.3,125,23749.95,200,100,12106650
NIFTY-I.NFO,19/11/2024,09:48:31,23745,23743.9,25,23749.95,200,100,12106650
NIFTY-I.NFO,19/11/2024,09:48:32,23744.3,23744.25,25,23749.85,200,550,12106650
NIFTY-I.NFO,19/11/2024,09:48:34,23744.5,23744.85,25,23749.35,200,200,12106650
NIFTY-I.NFO,19/11/2024,09:48:36,23744.3,23744.45,50,23747.65,150,375,12106650
NIFTY-I.NFO,19/11/2024,09:48:37,23742.6,23742.85,25,23748,25,200,12106650
NIFTY-I.NFO,19/11/2024,09:48:39,23742.55,23741.75,50,23747.75,175,225,12106650
NIFTY-I.NFO,19/11/2024,09:48:41,23747.95,23741.75,125,23747.95,150,100,12106650
NIFTY-I.NFO,19/11/2024,09:48:42,23741.65,23741.65,75,23747,25,100,12129350
NIFTY-I.NFO,19/11/2024,09:48:44,23741.25,23741.45,50,23747.05,50,1925,12129350
