Ticker,Date,Time,LTP,BuyPrice,BuyQty,SellPrice,SellQty,LTQ,OpenInterest
BANKNIFTY-II.NFO,10/06/2024,09:15:02,50200,50218.4,60,50296.95,60,15,218640
BANKNIFTY-II.NFO,10/06/2024,09:15:02,50200,50218.4,60,50296.95,60,0,218640
BANKNIFTY-II.NFO,10/06/2024,09:15:02,50200,50218.4,60,50296.95,60,0,218640
BANKNIFTY-II.NFO,10/06/2024,09:15:02,50200,50218.4,60,50296.95,60,0,218640
BANKNIFTY-II.NFO,10/06/2024,09:15:03,50242.4,50193.4,60,50235.55,45,15,218640
BANKNIFTY-II.NFO,10/06/2024,09:15:03,50242.4,50193.4,60,50235.55,45,0,218640
BANKNIFTY-II.NFO,10/06/2024,09:15:05,50229.95,50222.55,60,50278.1,60,30,218640
BANKNIFTY-II.NFO,10/06/2024,09:15:05,50250,50222.55,60,50278.1,60,0,218640
BANKNIFTY-II.NFO,10/06/2024,09:15:07,50270.8,50200.8,45,50266.15,60,45,218640
BANKNIFTY-II.NFO,10/06/2024,09:15:07,50270.8,50200.8,45,50266.15,60,0,218640
BANKNIFTY-II.NFO,10/06/2024,09:15:07,50199.35,50200.8,45,50266.15,60,0,218640
BANKNIFTY-II.NFO,10/06/2024,09:15:08,50262.55,50200.65,60,50246.55,75,165,218640
BANKNIFTY-II.NFO,10/06/2024,09:15:10,50206.55,50204.1,60,50269.75,60,105,218640
BANKNIFTY-II.NFO,10/06/2024,09:15:11,50270.8,50223.65,60,50278.05,45,75,218640
BANKNIFTY-II.NFO,10/06/2024,09:15:13,50228.35,50234.15,60,50274.25,45,30,218640
BANKNIFTY-II.NFO,10/06/2024,09:15:15,50228.35,50251.55,60,50278.15,15,0,218640
BANKNIFTY-II.NFO,10/06/2024,09:15:16,50278.8,50281.05,45,50331.5,60,90,218550
BANKNIFTY-II.NFO,10/06/2024,09:15:16,50300,50281.05,45,50331.5,60,0,218550
BANKNIFTY-II.NFO,10/06/2024,09:15:18,50289.9,50289.9,60,50348.25,60,105,218550
BANKNIFTY-II.NFO,10/06/2024,09:15:18,50361.75,50289.9,60,50348.25,60,0,218550
BANKNIFTY-II.NFO,10/06/2024,09:15:20,50289.9,50290.2,60,50347.9,60,0,218550
BANKNIFTY-II.NFO,10/06/2024,09:15:21,50300,50298.05,60,50353.4,60,60,218550
BANKNIFTY-II.NFO,10/06/2024,09:15:23,50373.65,50298.4,15,50362.2,60,150,218550
BANKNIFTY-II.NFO,10/06/2024,09:15:23,50373.65,50298.4,15,50362.2,60,0,218550
BANKNIFTY-II.NFO,10/06/2024,09:15:24,50373.7,50327.35,30,50393.9,60,60,218550
BANKNIFTY-II.NFO,10/06/2024,09:15:24,50373.7,50327.35,30,50393.9,60,0,218550
BANKNIFTY-II.NFO,10/06/2024,09:15:26,50393.95,50373.75,60,50393.95,60,30,218550
BANKNIFTY-II.NFO,10/06/2024,09:15:26,50393.95,50373.75,60,50393.95,60,0,218550
BANKNIFTY-II.NFO,10/06/2024,09:15:28,50373.7,50345.15,15,50393.5,60,75,218550
BANKNIFTY-II.NFO,10/06/2024,09:15:29,50338.95,50340.55,120,50375.75,60,90,218550
BANKNIFTY-II.NFO,10/06/2024,09:15:31,50371.9,50331.25,15,50384.55,60,15,218550
BANKNIFTY-II.NFO,10/06/2024,09:15:33,50331,50331,60,50385.25,15,255,218550
BANKNIFTY-II.NFO,10/06/2024,09:15:34,50331,50349.35,60,50382.65,15,0,218550
BANKNIFTY-II.NFO,10/06/2024,09:15:36,50358.95,50358.95,60,50391.5,15,30,218550
BANKNIFTY-II.NFO,10/06/2024,09:15:38,50371.25,50371.2,15,50380,15,105,218550
BANKNIFTY-II.NFO,10/06/2024,09:15:39,50380,50374.8,15,50393.95,60,15,218550
BANKNIFTY-II.NFO,10/06/2024,09:15:41,50369.55,50366.8,30,50393.95,60,90,218550
BANKNIFTY-II.NFO,10/06/2024,09:15:42,50367,50366.75,15,50393,60,15,218550
BANKNIFTY-II.NFO,10/06/2024,09:15:44,50370.8,50356.2,30,50393.95,60,90,218550
BANKNIFTY-II.NFO,10/06/2024,09:15:46,50376.25,50362.8,15,50380.95,60,45,218550
BANKNIFTY-II.NFO,10/06/2024,09:15:47,50361.55,50364.95,15,50380.95,75,165,218550
BANKNIFTY-II.NFO,10/06/2024,09:15:49,50381,50374.35,15,50393.95,75,30,218550
BANKNIFTY-II.NFO,10/06/2024,09:15:51,50396.2,50375.05,60,50400,60,240,218550
BANKNIFTY-II.NFO,10/06/2024,09:15:51,50396.2,50375.05,60,50400,60,0,218550
BANKNIFTY-II.NFO,10/06/2024,09:15:52,50399.95,50375.5,60,50399.95,30,45,218550
BANKNIFTY-II.NFO,10/06/2024,09:15:52,50399.95,50375.5,60,50399.95,30,0,218550
BANKNIFTY-II.NFO,10/06/2024,09:15:54,50375.7,50381.15,15,50399.95,105,45,218550
BANKNIFTY-II.NFO,10/06/2024,09:15:56,50381,50380.95,30,50399.95,75,30,218550
BANKNIFTY-II.NFO,10/06/2024,09:15:57,50381,50381,60,50395.95,60,30,218550
BANKNIFTY-II.NFO,10/06/2024,09:15:59,50381,50380.95,30,50393.25,75,45,218550
BANKNIFTY-II.NFO,10/06/2024,09:16:01,50380.95,50380.55,15,50396,15,30,218550
BANKNIFTY-II.NFO,10/06/2024,09:16:02,50381.7,50381.7,15,50409.25,60,180,218550
BANKNIFTY-II.NFO,10/06/2024,09:16:02,50400,50381.7,15,50409.25,60,0,218550
BANKNIFTY-II.NFO,10/06/2024,09:16:04,50394.6,50394.55,150,50410,15,150,218550
BANKNIFTY-II.NFO,10/06/2024,09:16:04,50410,50394.55,150,50410,15,0,218550
BANKNIFTY-II.NFO,10/06/2024,09:16:05,50398.75,50403.95,60,50432.5,60,75,218550
BANKNIFTY-II.NFO,10/06/2024,09:16:05,50414.2,50403.95,60,50432.5,60,0,218550
BANKNIFTY-II.NFO,10/06/2024,09:16:07,50419.85,50389.5,15,50414.25,60,210,218550
BANKNIFTY-II.NFO,10/06/2024,09:16:07,50419.85,50389.5,15,50414.25,60,0,218550
BANKNIFTY-II.NFO,10/06/2024,09:16:09,50414.2,50398,30,50420.15,60,60,218550
BANKNIFTY-II.NFO,10/06/2024,09:16:09,50420.15,50398,30,50420.15,60,0,218550
BANKNIFTY-II.NFO,10/06/2024,09:16:10,50425,50407.85,150,50430.2,60,180,218550
BANKNIFTY-II.NFO,10/06/2024,09:16:10,50425,50407.85,150,50430.2,60,0,218550
BANKNIFTY-II.NFO,10/06/2024,09:16:12,50419.85,50396.65,30,50425,60,15,218550
BANKNIFTY-II.NFO,10/06/2024,09:16:14,50419.85,50404.2,60,50434.2,30,270,218550
BANKNIFTY-II.NFO,10/06/2024,09:16:14,50430.25,50404.2,60,50434.2,30,0,218550
BANKNIFTY-II.NFO,10/06/2024,09:16:15,50398.95,50396.7,15,50417.1,60,375,218550
BANKNIFTY-II.NFO,10/06/2024,09:16:17,50424.7,50400.05,15,50425,30,45,218550
BANKNIFTY-II.NFO,10/06/2024,09:16:19,50425,50408.45,15,50420,15,15,218550
BANKNIFTY-II.NFO,10/06/2024,09:16:20,50409.75,50408.4,105,50435.35,90,315,218550
BANKNIFTY-II.NFO,10/06/2024,09:16:20,50439.6,50408.4,105,50435.35,90,0,218550
BANKNIFTY-II.NFO,10/06/2024,09:16:22,50410.95,50406.15,15,50427,60,30,218550
BANKNIFTY-II.NFO,10/06/2024,09:16:24,50430,50411.05,60,50440.25,90,45,218550
BANKNIFTY-II.NFO,10/06/2024,09:16:25,50425,50411.4,150,50437.65,60,60,218550
BANKNIFTY-II.NFO,10/06/2024,09:16:27,50411,50410.35,150,50432.45,60,15,218550
BANKNIFTY-II.NFO,10/06/2024,09:16:29,50430,50417.2,90,50438.8,60,60,218550
BANKNIFTY-II.NFO,10/06/2024,09:16:30,50418.05,50418,150,50441.5,60,75,218550
BANKNIFTY-II.NFO,10/06/2024,09:16:32,50413.25,50411.25,150,50437.3,60,135,218550
BANKNIFTY-II.NFO,10/06/2024,09:16:34,50437.15,50419.05,15,50428.3,105,15,218550
BANKNIFTY-II.NFO,10/06/2024,09:16:35,50430,50419,90,50427.7,60,30,218550
BANKNIFTY-II.NFO,10/06/2024,09:16:37,50419,50415,15,50420.9,120,90,218550
BANKNIFTY-II.NFO,10/06/2024,09:16:39,50411.05,50411,15,50419.3,15,30,218550
BANKNIFTY-II.NFO,10/06/2024,09:16:40,50411.05,50411.05,45,50430,15,165,218550
BANKNIFTY-II.NFO,10/06/2024,09:16:42,50415,50413.35,45,50429.45,60,30,218550
BANKNIFTY-II.NFO,10/06/2024,09:16:43,50429.45,50411.05,75,50428.05,45,30,218550
BANKNIFTY-II.NFO,10/06/2024,09:16:45,50429.45,50411.05,60,50422.1,15,0,218550
BANKNIFTY-II.NFO,10/06/2024,09:16:47,50429.45,50411.05,60,50425.45,45,0,218550
BANKNIFTY-II.NFO,10/06/2024,09:16:48,50429.45,50412.15,60,50428,45,0,218550
BANKNIFTY-II.NFO,10/06/2024,09:16:50,50412.8,50412.8,45,50429.4,75,30,218550
BANKNIFTY-II.NFO,10/06/2024,09:16:52,50411,50410,15,50418.9,60,15,218550
BANKNIFTY-II.NFO,10/06/2024,09:16:53,50412.8,50405.05,45,50418.9,60,30,218550
BANKNIFTY-II.NFO,10/06/2024,09:16:55,50405.05,50405.05,30,50418.95,15,15,218550
BANKNIFTY-II.NFO,10/06/2024,09:16:57,50398.45,50392.15,45,50414.4,60,150,218550
BANKNIFTY-II.NFO,10/06/2024,09:16:58,50407.25,50385.2,30,50399.85,60,180,218550
BANKNIFTY-II.NFO,10/06/2024,09:17:00,50385.15,50380,30,50393.4,90,30,218550
BANKNIFTY-II.NFO,10/06/2024,09:17:02,50375,50362.35,30,50384.9,60,75,218550
BANKNIFTY-II.NFO,10/06/2024,09:17:03,50367.7,50360.05,15,50381.05,75,15,218550
BANKNIFTY-II.NFO,10/06/2024,09:17:05,50374.75,50374.8,15,50392.5,60,120,218550
BANKNIFTY-II.NFO,10/06/2024,09:17:07,50398.45,50388.05,90,50405,60,45,218550
BANKNIFTY-II.NFO,10/06/2024,09:17:08,50388.95,50388.85,15,50405,60,30,218550
BANKNIFTY-II.NFO,10/06/2024,09:17:10,50405.05,50390.2,30,50410,15,60,218550
BANKNIFTY-II.NFO,10/06/2024,09:17:12,50410,50399.95,15,50418.05,60,15,218550
BANKNIFTY-II.NFO,10/06/2024,09:17:13,50410,50399.95,15,50416.2,90,0,218550
BANKNIFTY-II.NFO,10/06/2024,09:17:15,50414.05,50390.25,15,50414.05,60,165,218550
BANKNIFTY-II.NFO,10/06/2024,09:17:16,50392.15,50387.15,15,50405.4,60,15,218550
BANKNIFTY-II.NFO,10/06/2024,09:17:18,50385.2,50385.2,60,50400.9,60,15,218550
BANKNIFTY-II.NFO,10/06/2024,09:17:20,50403.75,50385.25,30,50402.2,75,15,218550
BANKNIFTY-II.NFO,10/06/2024,09:17:21,50403.75,50385.2,60,50390.25,30,0,218550
BANKNIFTY-II.NFO,10/06/2024,09:17:23,50385.2,50377.2,15,50389.3,75,45,218550
BANKNIFTY-II.NFO,10/06/2024,09:17:25,50387.9,50377.2,30,50387.95,60,45,218550
BANKNIFTY-II.NFO,10/06/2024,09:17:26,50387.95,50377.2,45,50390.2,75,15,218550
BANKNIFTY-II.NFO,10/06/2024,09:17:28,50377.2,50377.15,15,50390.2,75,15,218550
BANKNIFTY-II.NFO,10/06/2024,09:17:30,50377.2,50377.2,45,50390.2,75,0,218550
BANKNIFTY-II.NFO,10/06/2024,09:17:31,50377.2,50377.15,15,50387.85,60,0,218550
BANKNIFTY-II.NFO,10/06/2024,09:17:33,50387.85,50377.15,15,50387.85,60,15,218550
BANKNIFTY-II.NFO,10/06/2024,09:17:34,50387.85,50377.15,15,50385.15,60,0,218550
BANKNIFTY-II.NFO,10/06/2024,09:17:36,50385.2,50377.2,45,50387.85,15,30,218550
BANKNIFTY-II.NFO,10/06/2024,09:17:38,50387.9,50377.2,15,50387.9,15,60,218550
BANKNIFTY-II.NFO,10/06/2024,09:17:39,50377.2,50379.75,15,50396.85,90,615,218550
BANKNIFTY-II.NFO,10/06/2024,09:17:41,50387,50377.2,30,50391.75,45,105,218550
BANKNIFTY-II.NFO,10/06/2024,09:17:43,50387,50377.25,30,50399.15,90,0,218550
BANKNIFTY-II.NFO,10/06/2024,09:17:44,50387,50384.05,15,50399.95,60,0,218550
BANKNIFTY-II.NFO,10/06/2024,09:17:46,50395.7,50377.25,30,50391.7,105,30,218550
BANKNIFTY-II.NFO,10/06/2024,09:17:48,50387,50377.25,30,50394.35,60,30,218550
BANKNIFTY-II.NFO,10/06/2024,09:17:49,50387,50377.25,15,50387,30,0,218550
BANKNIFTY-II.NFO,10/06/2024,09:17:51,50387,50377.2,15,50386.95,60,15,218550
BANKNIFTY-II.NFO,10/06/2024,09:17:52,50358.8,50357.9,15,50382.15,60,885,218550
BANKNIFTY-II.NFO,10/06/2024,09:17:54,50383.4,50366.6,30,50383.85,15,60,218550
BANKNIFTY-II.NFO,10/06/2024,09:17:56,50387,50387,15,50395.75,15,15,218550
BANKNIFTY-II.NFO,10/06/2024,09:17:57,50395.75,50387,15,50399.55,45,15,218550
BANKNIFTY-II.NFO,10/06/2024,09:17:59,50387,50383.55,15,50396.95,30,15,218550
BANKNIFTY-II.NFO,10/06/2024,09:18:01,50395.9,50383.55,15,50391.85,90,15,218550
BANKNIFTY-II.NFO,10/06/2024,09:18:02,50383.6,50383.6,30,50398.2,30,15,218550
BANKNIFTY-II.NFO,10/06/2024,09:18:04,50383.6,50383.55,15,50393.25,15,0,218550
BANKNIFTY-II.NFO,10/06/2024,09:18:06,50392.35,50382.65,75,50394.9,60,150,218550
BANKNIFTY-II.NFO,10/06/2024,09:18:07,50382.75,50384.6,60,50395,15,45,218550
BANKNIFTY-II.NFO,10/06/2024,09:18:09,50382.75,50385.65,45,50395,15,0,218550
BANKNIFTY-II.NFO,10/06/2024,09:18:11,50395,50388.75,45,50395.75,30,15,218550
BANKNIFTY-II.NFO,10/06/2024,09:18:12,50400,50387.85,60,50402.7,15,180,218550
BANKNIFTY-II.NFO,10/06/2024,09:18:14,50400,50393.8,60,50403,30,15,218550
BANKNIFTY-II.NFO,10/06/2024,09:18:16,50409,50401.35,15,50410,30,90,220080
BANKNIFTY-II.NFO,10/06/2024,09:18:17,50401.95,50401.35,60,50417.95,30,45,220080
BANKNIFTY-II.NFO,10/06/2024,09:18:19,50401.95,50399.55,60,50417.95,45,0,220080
BANKNIFTY-II.NFO,10/06/2024,09:18:20,50397.1,50397.1,60,50410.65,45,30,220080
BANKNIFTY-II.NFO,10/06/2024,09:18:22,50412.95,50398.75,60,50412.95,30,15,220080
BANKNIFTY-II.NFO,10/06/2024,09:18:24,50412.95,50399.45,60,50417.1,30,0,220080
BANKNIFTY-II.NFO,10/06/2024,09:18:25,50410,50404.35,60,50417.95,15,30,220080
BANKNIFTY-II.NFO,10/06/2024,09:18:27,50410,50406.2,60,50412.95,15,0,220080
BANKNIFTY-II.NFO,10/06/2024,09:18:29,50404.1,50403,15,50412.9,60,495,220080
BANKNIFTY-II.NFO,10/06/2024,09:18:30,50412,50411.95,300,50412,30,15,220080
BANKNIFTY-II.NFO,10/06/2024,09:18:32,50412.95,50411.95,285,50412.95,30,60,220080
BANKNIFTY-II.NFO,10/06/2024,09:18:33,50410,50408.1,150,50410,30,330,220080
BANKNIFTY-II.NFO,10/06/2024,09:18:35,50407.2,50409.25,150,50415,75,75,220080
BANKNIFTY-II.NFO,10/06/2024,09:18:37,50415,50409.95,150,50418,15,135,220080
BANKNIFTY-II.NFO,10/06/2024,09:18:38,50415,50403.7,15,50411.95,180,0,220080
BANKNIFTY-II.NFO,10/06/2024,09:18:40,50415,50400,45,50408.75,15,0,220080
BANKNIFTY-II.NFO,10/06/2024,09:18:42,50415,50400,45,50410.6,60,0,220080
BANKNIFTY-II.NFO,10/06/2024,09:18:43,50411.95,50410,30,50414.95,75,180,220080
BANKNIFTY-II.NFO,10/06/2024,09:18:45,50415,50410,30,50418.9,75,15,220080
BANKNIFTY-II.NFO,10/06/2024,09:18:47,50415,50410.65,45,50419.95,105,0,220080
BANKNIFTY-II.NFO,10/06/2024,09:18:48,50415,50410,30,50419.95,60,0,220080
BANKNIFTY-II.NFO,10/06/2024,09:18:50,50420,50410,15,50420.2,60,90,220080
BANKNIFTY-II.NFO,10/06/2024,09:18:52,50420,50411.25,150,50420.65,30,0,220080
BANKNIFTY-II.NFO,10/06/2024,09:18:53,50420,50413.7,15,50420,60,45,220080
BANKNIFTY-II.NFO,10/06/2024,09:18:55,50417.85,50412,60,50420,60,255,220080
BANKNIFTY-II.NFO,10/06/2024,09:18:57,50417.85,50411.95,15,50420,60,0,220080
BANKNIFTY-II.NFO,10/06/2024,09:18:58,50412.3,50410.1,75,50420,60,15,220080
BANKNIFTY-II.NFO,10/06/2024,09:19:00,50412.3,50407.95,60,50419.95,60,0,220080
BANKNIFTY-II.NFO,10/06/2024,09:19:02,50412.3,50404.5,90,50419.95,60,0,220080
BANKNIFTY-II.NFO,10/06/2024,09:19:03,50408.2,50410.25,45,50419.95,60,15,220080
BANKNIFTY-II.NFO,10/06/2024,09:19:05,50412.9,50400.75,75,50412.35,15,30,220080
BANKNIFTY-II.NFO,10/06/2024,09:19:07,50413.95,50400.05,75,50413.95,45,15,220080
BANKNIFTY-II.NFO,10/06/2024,09:19:08,50402.65,50402.7,60,50417.35,45,45,220080
BANKNIFTY-II.NFO,10/06/2024,09:19:10,50402.65,50400.45,45,50412.35,45,0,220080
BANKNIFTY-II.NFO,10/06/2024,09:19:12,50400,50403.25,60,50417.1,90,15,220080
BANKNIFTY-II.NFO,10/06/2024,09:19:13,50417.85,50407.1,90,50420,60,15,220080
BANKNIFTY-II.NFO,10/06/2024,09:19:15,50420,50413.25,90,50425,15,60,220080
BANKNIFTY-II.NFO,10/06/2024,09:19:17,50423.35,50409.85,60,50420.9,15,45,220080
BANKNIFTY-II.NFO,10/06/2024,09:19:18,50423.35,50407.65,60,50421.35,15,0,220080
BANKNIFTY-II.NFO,10/06/2024,09:19:20,50423.35,50416.25,15,50424.95,15,0,220080
BANKNIFTY-II.NFO,10/06/2024,09:19:22,50420,50417,15,50424.95,15,30,220080
BANKNIFTY-II.NFO,10/06/2024,09:19:23,50421.7,50411.6,60,50422.5,30,45,220080
BANKNIFTY-II.NFO,10/06/2024,09:19:25,50420,50417.9,45,50420,120,210,220080
BANKNIFTY-II.NFO,10/06/2024,09:19:27,50423.35,50421.5,15,50423.35,30,165,220080
BANKNIFTY-II.NFO,10/06/2024,09:19:28,50437.95,50430.2,75,50438,15,150,220080
BANKNIFTY-II.NFO,10/06/2024,09:19:30,50435.2,50432.75,135,50438,15,15,220080
BANKNIFTY-II.NFO,10/06/2024,09:19:32,50435.2,50431.3,135,50437.95,30,0,220080
BANKNIFTY-II.NFO,10/06/2024,09:19:34,50438,50433.6,90,50444.95,30,15,220080
BANKNIFTY-II.NFO,10/06/2024,09:19:35,50445,50443.8,15,50448.95,15,45,220080
BANKNIFTY-II.NFO,10/06/2024,09:19:35,50445,50443.8,15,50448.95,15,0,220080
BANKNIFTY-II.NFO,10/06/2024,09:19:37,50448.95,50443.8,15,50450,120,15,220080
BANKNIFTY-II.NFO,10/06/2024,09:19:37,50448.95,50443.8,15,50450,120,0,220080
BANKNIFTY-II.NFO,10/06/2024,09:19:39,50450,50443.8,15,50449.95,30,30,220080
BANKNIFTY-II.NFO,10/06/2024,09:19:39,50450,50443.8,15,50449.95,30,0,220080
BANKNIFTY-II.NFO,10/06/2024,09:19:40,50435.55,50432.3,30,50449.95,45,45,220080
BANKNIFTY-II.NFO,10/06/2024,09:19:42,50435.55,50430.35,15,50449.95,45,0,220080
BANKNIFTY-II.NFO,10/06/2024,09:19:43,50435.55,50430.35,15,50435.55,15,0,220080
BANKNIFTY-II.NFO,10/06/2024,09:19:45,50435,50435.55,15,50449.95,45,60,220080
BANKNIFTY-II.NFO,10/06/2024,09:19:47,50435,50435,15,50449.95,45,45,220080
BANKNIFTY-II.NFO,10/06/2024,09:19:48,50435,50435,15,50440,30,0,220080
BANKNIFTY-II.NFO,10/06/2024,09:19:50,50435,50430.35,15,50439.95,30,30,220080
BANKNIFTY-II.NFO,10/06/2024,09:19:52,50435,50435,15,50440,30,0,220080
BANKNIFTY-II.NFO,10/06/2024,09:19:53,50435,50435,15,50439.95,30,0,220080
BANKNIFTY-II.NFO,10/06/2024,09:19:55,50435,50430.4,60,50440,30,15,220080
BANKNIFTY-II.NFO,10/06/2024,09:19:57,50430.4,50430.4,60,50440,15,15,220080
BANKNIFTY-II.NFO,10/06/2024,09:19:58,50430.4,50430.4,60,50443.65,45,45,220080
BANKNIFTY-II.NFO,10/06/2024,09:20:00,50435.1,50416.85,60,50435.5,30,195,220080
BANKNIFTY-II.NFO,10/06/2024,09:20:02,50419.3,50416.85,105,50432.6,30,15,220080
BANKNIFTY-II.NFO,10/06/2024,09:20:03,50419.3,50421,60,50432.6,30,0,220080
BANKNIFTY-II.NFO,10/06/2024,09:20:05,50434.15,50418.15,60,50432.15,30,15,220080
BANKNIFTY-II.NFO,10/06/2024,09:20:07,50419.7,50421,60,50430,60,15,220080
BANKNIFTY-II.NFO,10/06/2024,09:20:08,50430,50425.45,75,50435,15,60,220080
BANKNIFTY-II.NFO,10/06/2024,09:20:10,50435,50425.05,60,50436.85,30,15,220080
BANKNIFTY-II.NFO,10/06/2024,09:20:12,50438.1,50425.05,75,50438.6,15,135,220080
BANKNIFTY-II.NFO,10/06/2024,09:20:13,50438.1,50425.05,75,50439.55,30,0,220080
BANKNIFTY-II.NFO,10/06/2024,09:20:15,50439.55,50425.05,60,50439.55,30,15,220080
BANKNIFTY-II.NFO,10/06/2024,09:20:17,50425,50422.05,75,50439.55,30,30,220080
BANKNIFTY-II.NFO,10/06/2024,09:20:19,50425,50420,90,50430.8,30,0,220080
BANKNIFTY-II.NFO,10/06/2024,09:20:20,50420,50407.9,60,50426.2,30,90,220080
BANKNIFTY-II.NFO,10/06/2024,09:20:22,50416.3,50405.05,60,50416.3,15,150,220080
BANKNIFTY-II.NFO,10/06/2024,09:20:24,50400.8,50400.8,75,50413.2,15,60,220080
BANKNIFTY-II.NFO,10/06/2024,09:20:25,50400.8,50404.45,105,50414.4,15,0,220080
BANKNIFTY-II.NFO,10/06/2024,09:20:27,50400.8,50407.75,45,50415.45,30,0,220080
BANKNIFTY-II.NFO,10/06/2024,09:20:28,50405.9,50400,105,50414.7,30,60,220080
BANKNIFTY-II.NFO,10/06/2024,09:20:30,50405.9,50406.5,15,50419.85,30,0,220080
BANKNIFTY-II.NFO,10/06/2024,09:20:32,50415.25,50400.1,45,50415.2,60,15,220080
BANKNIFTY-II.NFO,10/06/2024,09:20:34,50400.8,50400,105,50412.45,105,60,220080
BANKNIFTY-II.NFO,10/06/2024,09:20:36,50412.45,50400,90,50411.45,60,30,220080
BANKNIFTY-II.NFO,10/06/2024,09:20:37,50392,50390.25,45,50403,45,120,220080
BANKNIFTY-II.NFO,10/06/2024,09:20:39,50392,50392,45,50401.2,15,0,220080
BANKNIFTY-II.NFO,10/06/2024,09:20:41,50390.85,50390.7,30,50399.55,15,30,220080
BANKNIFTY-II.NFO,10/06/2024,09:20:42,50400,50391.95,45,50408.3,60,30,220080
BANKNIFTY-II.NFO,10/06/2024,09:20:44,50412.45,50402.85,15,50415.95,30,60,220080
BANKNIFTY-II.NFO,10/06/2024,09:20:46,50412.45,50406.05,45,50419.95,75,105,220080
BANKNIFTY-II.NFO,10/06/2024,09:20:47,50412.45,50408.3,30,50420,45,0,220080
BANKNIFTY-II.NFO,10/06/2024,09:20:49,50420,50413.6,30,50425.05,45,45,220080
BANKNIFTY-II.NFO,10/06/2024,09:20:51,50412.45,50407.5,30,50421.8,60,30,220080
BANKNIFTY-II.NFO,10/06/2024,09:20:52,50412.45,50412,45,50425,75,0,220080
BANKNIFTY-II.NFO,10/06/2024,09:20:54,50412.45,50407.65,30,50412.45,30,0,220080
BANKNIFTY-II.NFO,10/06/2024,09:20:56,50412.45,50408.6,30,50425,60,30,220080
BANKNIFTY-II.NFO,10/06/2024,09:20:57,50424.9,50411.15,15,50424.4,75,15,220080
BANKNIFTY-II.NFO,10/06/2024,09:20:59,50424.9,50407.05,15,50420.55,75,0,220080
BANKNIFTY-II.NFO,10/06/2024,09:21:01,50423.45,50405.75,30,50419.45,90,15,220080
BANKNIFTY-II.NFO,10/06/2024,09:21:02,50405.75,50406.65,30,50420.15,60,30,220080
BANKNIFTY-II.NFO,10/06/2024,09:21:04,50405.75,50406.35,45,50421.7,75,0,220080
BANKNIFTY-II.NFO,10/06/2024,09:21:06,50406.35,50405.75,15,50414.9,60,15,220080
BANKNIFTY-II.NFO,10/06/2024,09:21:07,50406.35,50405.75,15,50416.35,60,30,220080
BANKNIFTY-II.NFO,10/06/2024,09:21:09,50405.75,50397.8,45,50410.6,60,15,220080
BANKNIFTY-II.NFO,10/06/2024,09:21:11,50405.75,50388.15,15,50402.85,60,0,220080
BANKNIFTY-II.NFO,10/06/2024,09:21:12,50400.95,50382,30,50395.7,60,15,220080
BANKNIFTY-II.NFO,10/06/2024,09:21:14,50400.95,50380.05,30,50391.95,60,0,220080
BANKNIFTY-II.NFO,10/06/2024,09:21:16,50375.7,50377.95,135,50390.6,30,135,220080
BANKNIFTY-II.NFO,10/06/2024,09:21:17,50366.05,50366.85,30,50382.25,60,285,220545
BANKNIFTY-II.NFO,10/06/2024,09:21:19,50366.05,50366.85,30,50381.4,30,0,220545
BANKNIFTY-II.NFO,10/06/2024,09:21:21,50375.7,50367.05,30,50383.35,60,30,220545
BANKNIFTY-II.NFO,10/06/2024,09:21:22,50367.75,50367.6,45,50379,30,15,220545
BANKNIFTY-II.NFO,10/06/2024,09:21:24,50364.45,50363.1,45,50377.15,105,15,220545
BANKNIFTY-II.NFO,10/06/2024,09:21:26,50366.05,50363.1,45,50366.05,135,60,220545
BANKNIFTY-II.NFO,10/06/2024,09:21:27,50380.25,50368.3,30,50386.6,15,165,220545
BANKNIFTY-II.NFO,10/06/2024,09:21:29,50380.25,50370.25,30,50386.15,75,0,220545
BANKNIFTY-II.NFO,10/06/2024,09:21:31,50380.25,50375.3,30,50393.1,75,0,220545
BANKNIFTY-II.NFO,10/06/2024,09:21:32,50380.25,50372.55,60,50388.65,60,0,220545
BANKNIFTY-II.NFO,10/06/2024,09:21:34,50380.25,50369.2,30,50384.2,60,0,220545
BANKNIFTY-II.NFO,10/06/2024,09:21:35,50372.05,50369.3,15,50375,30,60,220545
BANKNIFTY-II.NFO,10/06/2024,09:21:37,50372.05,50366.05,60,50375,30,0,220545
BANKNIFTY-II.NFO,10/06/2024,09:21:38,50361.1,50350.3,45,50366.1,60,75,220545
BANKNIFTY-II.NFO,10/06/2024,09:21:40,50358.3,50355.85,150,50370.75,30,30,220545
BANKNIFTY-II.NFO,10/06/2024,09:21:42,50374.95,50358.35,45,50375,45,15,220545
BANKNIFTY-II.NFO,10/06/2024,09:21:43,50375,50365.5,30,50380.25,30,30,220545
BANKNIFTY-II.NFO,10/06/2024,09:21:45,50380.25,50373,30,50380.25,15,15,220545
BANKNIFTY-II.NFO,10/06/2024,09:21:47,50379.3,50379.3,15,50396.35,60,45,220545
BANKNIFTY-II.NFO,10/06/2024,09:21:48,50394.85,50377.75,30,50389.95,60,30,220545
BANKNIFTY-II.NFO,10/06/2024,09:21:50,50377.75,50376.15,30,50389.5,75,15,220545
BANKNIFTY-II.NFO,10/06/2024,09:21:52,50391.9,50382.35,45,50396.45,60,30,220545
BANKNIFTY-II.NFO,10/06/2024,09:21:53,50398.1,50385,90,50399.95,75,15,220545
BANKNIFTY-II.NFO,10/06/2024,09:21:55,50376.45,50379.8,30,50391.9,60,30,220545
BANKNIFTY-II.NFO,10/06/2024,09:21:57,50399.95,50388.05,45,50399.95,60,15,220545
BANKNIFTY-II.NFO,10/06/2024,09:21:58,50388.75,50385.35,30,50399.95,60,15,220545
BANKNIFTY-II.NFO,10/06/2024,09:22:00,50391.9,50384.2,30,50399.85,60,15,220545
BANKNIFTY-II.NFO,10/06/2024,09:22:02,50391.9,50390.65,45,50400,105,0,220545
BANKNIFTY-II.NFO,10/06/2024,09:22:03,50399.15,50387.45,45,50399.95,60,15,220545
BANKNIFTY-II.NFO,10/06/2024,09:22:05,50400,50398.85,75,50414.75,90,120,220545
BANKNIFTY-II.NFO,10/06/2024,09:22:07,50399.35,50404.1,30,50414.95,60,15,220545
BANKNIFTY-II.NFO,10/06/2024,09:22:08,50399.35,50402.45,30,50414.95,60,0,220545
BANKNIFTY-II.NFO,10/06/2024,09:22:10,50400.3,50397.65,15,50412.55,60,15,220545
BANKNIFTY-II.NFO,10/06/2024,09:22:12,50400.3,50402.25,15,50414.95,75,0,220545
BANKNIFTY-II.NFO,10/06/2024,09:22:13,50414.95,50400.3,15,50409.5,90,15,220545
BANKNIFTY-II.NFO,10/06/2024,09:22:15,50414.95,50400.3,15,50411.85,60,0,220545
BANKNIFTY-II.NFO,10/06/2024,09:22:17,50414.95,50402.85,60,50414.95,60,15,220545
BANKNIFTY-II.NFO,10/06/2024,09:22:18,50415,50410.35,45,50420,15,15,220545
BANKNIFTY-II.NFO,10/06/2024,09:22:20,50410.35,50404.35,45,50418.55,60,15,220545
BANKNIFTY-II.NFO,10/06/2024,09:22:22,50406.45,50404.3,165,50418.05,60,45,220545
BANKNIFTY-II.NFO,10/06/2024,09:22:23,50404.35,50402.75,60,50414.9,105,300,220545
BANKNIFTY-II.NFO,10/06/2024,09:22:25,50404.35,50402.85,60,50417.55,60,0,220545
BANKNIFTY-II.NFO,10/06/2024,09:22:27,50405.2,50402.2,15,50414.95,75,15,220545
BANKNIFTY-II.NFO,10/06/2024,09:22:28,50400.3,50399.95,15,50406.25,60,15,220545
BANKNIFTY-II.NFO,10/06/2024,09:22:30,50399.95,50395,45,50401.25,75,15,220545
BANKNIFTY-II.NFO,10/06/2024,09:22:32,50399.95,50395,45,50399.9,75,0,220545
BANKNIFTY-II.NFO,10/06/2024,09:22:33,50399.95,50393.95,45,50399.95,15,0,220545
BANKNIFTY-II.NFO,10/06/2024,09:22:35,50399.95,50396.4,45,50405.25,60,15,220545
BANKNIFTY-II.NFO,10/06/2024,09:22:37,50399.95,50392.95,45,50399.15,60,0,220545
BANKNIFTY-II.NFO,10/06/2024,09:22:38,50399.15,50390.55,45,50395.75,60,15,220545
BANKNIFTY-II.NFO,10/06/2024,09:22:40,50390.35,50380.05,15,50390.95,60,60,220545
BANKNIFTY-II.NFO,10/06/2024,09:22:42,50391.95,50381.15,30,50389.55,30,30,220545
BANKNIFTY-II.NFO,10/06/2024,09:22:43,50391.95,50380,15,50387.85,30,0,220545
BANKNIFTY-II.NFO,10/06/2024,09:22:45,50382.55,50376.3,45,50383.25,15,105,220545
BANKNIFTY-II.NFO,10/06/2024,09:22:47,50382.55,50372.05,15,50381.9,75,0,220545
BANKNIFTY-II.NFO,10/06/2024,09:22:48,50382.5,50375,30,50384.1,60,30,220545
BANKNIFTY-II.NFO,10/06/2024,09:22:50,50375.05,50375.05,30,50388.2,90,15,220545
BANKNIFTY-II.NFO,10/06/2024,09:22:52,50375,50375,75,50383.1,105,15,220545
BANKNIFTY-II.NFO,10/06/2024,09:22:53,50387.55,50378.05,30,50392.25,30,150,220545
BANKNIFTY-II.NFO,10/06/2024,09:22:55,50387.55,50378,60,50390.15,30,0,220545
BANKNIFTY-II.NFO,10/06/2024,09:22:57,50378,50384.05,30,50391.95,45,15,220545
BANKNIFTY-II.NFO,10/06/2024,09:22:58,50384.05,50375.85,60,50393.9,45,15,220545
BANKNIFTY-II.NFO,10/06/2024,09:23:00,50384.05,50375.85,60,50394.4,45,0,220545
BANKNIFTY-II.NFO,10/06/2024,09:23:02,50372.05,50362.2,60,50379.9,45,105,220545
BANKNIFTY-II.NFO,10/06/2024,09:23:03,50372.05,50364.2,60,50378.4,45,0,220545
BANKNIFTY-II.NFO,10/06/2024,09:23:05,50372.05,50363,75,50377.45,45,0,220545
BANKNIFTY-II.NFO,10/06/2024,09:23:07,50372.05,50368.95,15,50375.85,45,0,220545
BANKNIFTY-II.NFO,10/06/2024,09:23:08,50358.85,50361.4,15,50374.1,60,15,220545
BANKNIFTY-II.NFO,10/06/2024,09:23:10,50375.85,50369.2,15,50375.85,15,90,220545
BANKNIFTY-II.NFO,10/06/2024,09:23:12,50370.45,50370.65,15,50375.85,15,135,220545
BANKNIFTY-II.NFO,10/06/2024,09:23:13,50368.95,50362.9,30,50379.95,75,90,220545
BANKNIFTY-II.NFO,10/06/2024,09:23:15,50368.95,50371.3,30,50380,45,0,220545
BANKNIFTY-II.NFO,10/06/2024,09:23:17,50368.95,50370.7,15,50379.95,60,0,220545
BANKNIFTY-II.NFO,10/06/2024,09:23:18,50371.3,50365.6,45,50377.7,75,15,220545
BANKNIFTY-II.NFO,10/06/2024,09:23:20,50368.95,50364.45,60,50371.2,30,30,220545
BANKNIFTY-II.NFO,10/06/2024,09:23:22,50371.2,50363.75,30,50378.4,60,15,220545
BANKNIFTY-II.NFO,10/06/2024,09:23:23,50371.3,50369.7,60,50383.55,90,30,220545
BANKNIFTY-II.NFO,10/06/2024,09:23:25,50371.3,50371.3,30,50391.4,60,0,220545
BANKNIFTY-II.NFO,10/06/2024,09:23:27,50371.15,50369.4,120,50383.35,30,135,220545
BANKNIFTY-II.NFO,10/06/2024,09:23:28,50385.35,50373.65,150,50386.35,30,15,220545
BANKNIFTY-II.NFO,10/06/2024,09:23:30,50374.45,50375.75,120,50389.7,30,30,220545
BANKNIFTY-II.NFO,10/06/2024,09:23:32,50374.45,50375.6,240,50389.35,30,0,220545
BANKNIFTY-II.NFO,10/06/2024,09:23:33,50388.55,50374.1,30,50392.5,75,30,220545
BANKNIFTY-II.NFO,10/06/2024,09:23:35,50374.1,50374.15,150,50389.2,30,30,220545
BANKNIFTY-II.NFO,10/06/2024,09:23:36,50378.75,50374.15,75,50387.75,30,60,220545
BANKNIFTY-II.NFO,10/06/2024,09:23:38,50384.65,50370.5,45,50384.65,15,15,220545
BANKNIFTY-II.NFO,10/06/2024,09:23:40,50370.5,50374.75,60,50386.95,45,60,220545
BANKNIFTY-II.NFO,10/06/2024,09:23:41,50370.5,50381.15,30,50395,780,0,220545
BANKNIFTY-II.NFO,10/06/2024,09:23:43,50395,50389.8,60,50395,765,15,220545
BANKNIFTY-II.NFO,10/06/2024,09:23:45,50387.3,50387.25,45,50395,30,750,220545
BANKNIFTY-II.NFO,10/06/2024,09:23:46,50395,50383.1,15,50390.2,60,30,220545
BANKNIFTY-II.NFO,10/06/2024,09:23:48,50395,50383.1,15,50392.4,60,0,220545
BANKNIFTY-II.NFO,10/06/2024,09:23:50,50399.15,50385.55,60,50399.1,60,150,220545
BANKNIFTY-II.NFO,10/06/2024,09:23:51,50399.15,50392.3,75,50399.15,30,0,220545
BANKNIFTY-II.NFO,10/06/2024,09:23:53,50399.15,50392.3,15,50399.15,30,0,220545
BANKNIFTY-II.NFO,10/06/2024,09:23:54,50401,50401.05,60,50410.7,45,210,220545
BANKNIFTY-II.NFO,10/06/2024,09:23:56,50401.9,50399.8,15,50411.3,60,60,220545
BANKNIFTY-II.NFO,10/06/2024,09:23:58,50401.9,50394.2,30,50405.5,75,0,220545
BANKNIFTY-II.NFO,10/06/2024,09:23:59,50401.9,50395.1,45,50404.2,60,0,220545
BANKNIFTY-II.NFO,10/06/2024,09:24:01,50400,50390.4,30,50402.05,30,30,220545
BANKNIFTY-II.NFO,10/06/2024,09:24:03,50397.95,50390.25,15,50399.95,15,15,220545
BANKNIFTY-II.NFO,10/06/2024,09:24:04,50400,50387.2,45,50397.95,90,90,220545
BANKNIFTY-II.NFO,10/06/2024,09:24:06,50400,50390.7,15,50401.9,15,0,220545
BANKNIFTY-II.NFO,10/06/2024,09:24:08,50401.9,50396.55,45,50407.75,60,15,220545
BANKNIFTY-II.NFO,10/06/2024,09:24:09,50401.9,50397.25,15,50409.3,60,0,220545
BANKNIFTY-II.NFO,10/06/2024,09:24:11,50401.9,50391.9,15,50406.5,60,0,220545
BANKNIFTY-II.NFO,10/06/2024,09:24:13,50407.9,50394.3,30,50407.5,60,15,220545
BANKNIFTY-II.NFO,10/06/2024,09:24:14,50407.9,50399.95,45,50411.2,60,0,220545
BANKNIFTY-II.NFO,10/06/2024,09:24:16,50407.9,50399.25,30,50412.6,60,0,220545
BANKNIFTY-II.NFO,10/06/2024,09:24:17,50401.95,50407.9,30,50416.7,60,15,221685
BANKNIFTY-II.NFO,10/06/2024,09:24:19,50415.95,50408.65,15,50417.25,60,15,221685
BANKNIFTY-II.NFO,10/06/2024,09:24:21,50407.9,50402.25,15,50415.9,30,240,221685
BANKNIFTY-II.NFO,10/06/2024,09:24:22,50407.9,50411.1,30,50417.3,15,0,221685
BANKNIFTY-II.NFO,10/06/2024,09:24:24,50411.1,50407.5,90,50415,15,15,221685
BANKNIFTY-II.NFO,10/06/2024,09:24:26,50418.8,50412.2,75,50420,15,45,221685
BANKNIFTY-II.NFO,10/06/2024,09:24:27,50425,50419,90,50425,15,165,221685
BANKNIFTY-II.NFO,10/06/2024,09:24:29,50425,50418.95,15,50425.05,45,15,221685
BANKNIFTY-II.NFO,10/06/2024,09:24:31,50425,50418.8,60,50425,45,0,221685
BANKNIFTY-II.NFO,10/06/2024,09:24:34,50427.75,50424.3,30,50430,60,105,221685
BANKNIFTY-II.NFO,10/06/2024,09:24:36,50430,50427.85,15,50430,45,45,221685
BANKNIFTY-II.NFO,10/06/2024,09:24:38,50431,50427.25,15,50435,15,60,221685
BANKNIFTY-II.NFO,10/06/2024,09:24:39,50435,50433.8,15,50436,15,15,221685
BANKNIFTY-II.NFO,10/06/2024,09:24:41,50449.95,50437.65,30,50450,450,105,221685
BANKNIFTY-II.NFO,10/06/2024,09:24:43,50436.95,50436.95,30,50449.95,30,45,221685
BANKNIFTY-II.NFO,10/06/2024,09:24:44,50436.95,50437.95,30,50449.95,30,0,221685
BANKNIFTY-II.NFO,10/06/2024,09:24:46,50436.95,50437.65,60,50449.95,45,0,221685
BANKNIFTY-II.NFO,10/06/2024,09:24:48,50436.95,50436,60,50448.95,45,30,221685
BANKNIFTY-II.NFO,10/06/2024,09:24:49,50450,50442.05,30,50450,375,75,221685
BANKNIFTY-II.NFO,10/06/2024,09:24:51,50457,50455.5,30,50460,45,435,221685
BANKNIFTY-II.NFO,10/06/2024,09:24:51,50457,50455.5,30,50460,45,0,221685
BANKNIFTY-II.NFO,10/06/2024,09:24:53,50475,50471.75,30,50478,15,105,221685
BANKNIFTY-II.NFO,10/06/2024,09:24:53,50475,50471.75,30,50478,15,0,221685
BANKNIFTY-II.NFO,10/06/2024,09:24:54,50484.3,50475.15,15,50487.95,30,60,221685
BANKNIFTY-II.NFO,10/06/2024,09:24:54,50484.3,50475.15,15,50487.95,30,0,221685
BANKNIFTY-II.NFO,10/06/2024,09:24:56,50484.3,50472.9,30,50487.95,30,0,221685
BANKNIFTY-II.NFO,10/06/2024,09:24:58,50475.2,50472.75,60,50487.95,30,15,221685
BANKNIFTY-II.NFO,10/06/2024,09:24:59,50475.2,50465.7,60,50487.95,45,0,221685
BANKNIFTY-II.NFO,10/06/2024,09:25:01,50481.2,50464.4,105,50481.65,15,225,221685
BANKNIFTY-II.NFO,10/06/2024,09:25:03,50475.2,50475.2,15,50486.5,45,15,221685
BANKNIFTY-II.NFO,10/06/2024,09:25:04,50475.2,50468.95,60,50486.85,45,15,221685
BANKNIFTY-II.NFO,10/06/2024,09:25:06,50475.2,50469.95,60,50480,60,15,221685
BANKNIFTY-II.NFO,10/06/2024,09:25:08,50472.75,50471.8,60,50480,60,15,221685
BANKNIFTY-II.NFO,10/06/2024,09:25:09,50480,50471.95,60,50484.85,30,75,221685
BANKNIFTY-II.NFO,10/06/2024,09:25:11,50480,50474.65,60,50487.45,45,0,221685
BANKNIFTY-II.NFO,10/06/2024,09:25:13,50480,50475.2,15,50487.25,45,45,221685
BANKNIFTY-II.NFO,10/06/2024,09:25:13,50487.2,50475.2,15,50487.25,45,0,221685
BANKNIFTY-II.NFO,10/06/2024,09:25:14,50475.2,50465.55,60,50486.3,30,15,221685
BANKNIFTY-II.NFO,10/06/2024,09:25:16,50475.2,50475.25,60,50486.7,30,0,221685
BANKNIFTY-II.NFO,10/06/2024,09:25:18,50475.2,50475.25,60,50484.85,30,0,221685
BANKNIFTY-II.NFO,10/06/2024,09:25:19,50475.2,50475.2,15,50484.85,45,15,221685
BANKNIFTY-II.NFO,10/06/2024,09:25:21,50489.35,50478.35,75,50490,60,150,221685
BANKNIFTY-II.NFO,10/06/2024,09:25:21,50489.35,50478.35,75,50490,60,0,221685
BANKNIFTY-II.NFO,10/06/2024,09:25:23,50489.35,50481.55,60,50490,60,0,221685
BANKNIFTY-II.NFO,10/06/2024,09:25:24,50489.35,50482.5,60,50489.35,15,0,221685
BANKNIFTY-II.NFO,10/06/2024,09:25:26,50489.35,50483.2,60,50490,60,30,221685
BANKNIFTY-II.NFO,10/06/2024,09:25:28,50490,50484.1,30,50492.65,30,75,221685
BANKNIFTY-II.NFO,10/06/2024,09:25:28,50490,50484.1,30,50492.65,30,0,221685
BANKNIFTY-II.NFO,10/06/2024,09:25:29,50493.65,50485.85,60,50494,45,90,221685
BANKNIFTY-II.NFO,10/06/2024,09:25:29,50493.65,50485.85,60,50494,45,0,221685
BANKNIFTY-II.NFO,10/06/2024,09:25:31,50493.65,50484.95,45,50494,60,0,221685
BANKNIFTY-II.NFO,10/06/2024,09:25:33,50483.95,50475.25,60,50487.85,45,45,221685
BANKNIFTY-II.NFO,10/06/2024,09:25:34,50486.5,50475.55,60,50487.6,45,45,221685
BANKNIFTY-II.NFO,10/06/2024,09:25:36,50478.7,50476.7,45,50488.85,135,105,221685
BANKNIFTY-II.NFO,10/06/2024,09:25:38,50478.7,50475.2,30,50481.05,45,0,221685
BANKNIFTY-II.NFO,10/06/2024,09:25:39,50475.2,50476.75,60,50491.15,45,30,221685
BANKNIFTY-II.NFO,10/06/2024,09:25:41,50475.2,50476.7,60,50478.7,30,0,221685
BANKNIFTY-II.NFO,10/06/2024,09:25:43,50478.7,50476.7,60,50478.7,15,15,221685
BANKNIFTY-II.NFO,10/06/2024,09:25:44,50478.7,50475.25,60,50486.95,135,15,221685
BANKNIFTY-II.NFO,10/06/2024,09:25:46,50475.2,50473.3,45,50479.05,45,15,221685
BANKNIFTY-II.NFO,10/06/2024,09:25:48,50472.3,50472.1,45,50482.85,135,15,221685
BANKNIFTY-II.NFO,10/06/2024,09:25:49,50472.3,50466.4,45,50476.6,135,0,221685
BANKNIFTY-II.NFO,10/06/2024,09:25:51,50472.3,50463.4,45,50471.55,195,60,221685
BANKNIFTY-II.NFO,10/06/2024,09:25:53,50472.3,50460.05,45,50471.9,90,0,221685
BANKNIFTY-II.NFO,10/06/2024,09:25:54,50472.3,50465.15,45,50473.2,45,0,221685
BANKNIFTY-II.NFO,10/06/2024,09:25:56,50472.3,50460.05,75,50473.2,90,15,221685
BANKNIFTY-II.NFO,10/06/2024,09:25:58,50472.3,50463.75,60,50475,90,0,221685
BANKNIFTY-II.NFO,10/06/2024,09:25:59,50472.3,50461.85,75,50473.55,45,0,221685
BANKNIFTY-II.NFO,10/06/2024,09:26:01,50473.55,50460,15,50468.95,75,15,221685
BANKNIFTY-II.NFO,10/06/2024,09:26:03,50462.6,50450,30,50454.2,45,30,221685
BANKNIFTY-II.NFO,10/06/2024,09:26:04,50462.6,50450.05,60,50460,45,0,221685
BANKNIFTY-II.NFO,10/06/2024,09:26:06,50456.6,50450,45,50458.3,30,30,221685
BANKNIFTY-II.NFO,10/06/2024,09:26:08,50463.85,50453.75,75,50467.15,60,270,221685
BANKNIFTY-II.NFO,10/06/2024,09:26:09,50455.55,50450.05,60,50465.2,90,15,221685
BANKNIFTY-II.NFO,10/06/2024,09:26:11,50455.55,50450.45,60,50459.7,15,0,221685
BANKNIFTY-II.NFO,10/06/2024,09:26:13,50462.6,50452.65,45,50462.6,15,30,221685
BANKNIFTY-II.NFO,10/06/2024,09:26:14,50462.6,50451.35,45,50462.6,60,0,221685
BANKNIFTY-II.NFO,10/06/2024,09:26:16,50462.6,50451.35,45,50462.55,90,0,221685
BANKNIFTY-II.NFO,10/06/2024,09:26:18,50462.6,50462.85,45,50475.95,105,75,221685
BANKNIFTY-II.NFO,10/06/2024,09:26:19,50462.6,50454.6,30,50466.75,60,15,221685
BANKNIFTY-II.NFO,10/06/2024,09:26:21,50468.3,50458.9,45,50470.5,15,15,221685
BANKNIFTY-II.NFO,10/06/2024,09:26:23,50458.1,50455.1,30,50462.6,15,15,221685
BANKNIFTY-II.NFO,10/06/2024,09:26:24,50456.15,50456.2,75,50468.45,60,255,221685
BANKNIFTY-II.NFO,10/06/2024,09:26:26,50456.15,50453.45,105,50466.6,90,0,221685
BANKNIFTY-II.NFO,10/06/2024,09:26:28,50466.6,50451.35,60,50463.55,75,15,221685
BANKNIFTY-II.NFO,10/06/2024,09:26:29,50466.6,50451.35,60,50460.6,60,0,221685
BANKNIFTY-II.NFO,10/06/2024,09:26:31,50466.6,50450.2,60,50461.2,45,0,221685
BANKNIFTY-II.NFO,10/06/2024,09:26:33,50460.45,50450.15,60,50459.5,75,300,221685
BANKNIFTY-II.NFO,10/06/2024,09:26:34,50459.5,50451.35,60,50463.3,90,15,221685
BANKNIFTY-II.NFO,10/06/2024,09:26:36,50459.5,50454.1,60,50465.45,60,0,221685
BANKNIFTY-II.NFO,10/06/2024,09:26:38,50459.5,50453.3,75,50462.35,60,0,221685
BANKNIFTY-II.NFO,10/06/2024,09:26:39,50462.6,50463.75,90,50467.6,15,15,221685
BANKNIFTY-II.NFO,10/06/2024,09:26:41,50469.85,50469.85,30,50478,15,45,221685
BANKNIFTY-II.NFO,10/06/2024,09:26:43,50469.85,50471.2,15,50478,15,0,221685
BANKNIFTY-II.NFO,10/06/2024,09:26:44,50469.85,50467.1,60,50475.7,60,0,221685
BANKNIFTY-II.NFO,10/06/2024,09:26:46,50466.1,50469.85,15,50478,15,15,221685
BANKNIFTY-II.NFO,10/06/2024,09:26:48,50466.1,50469.85,45,50478,15,0,221685
BANKNIFTY-II.NFO,10/06/2024,09:26:49,50469.9,50471.75,75,50478,15,30,221685
BANKNIFTY-II.NFO,10/06/2024,09:26:51,50478,50470.5,60,50478.7,30,30,221685
BANKNIFTY-II.NFO,10/06/2024,09:26:53,50469.85,50469.35,60,50478.65,30,30,221685
BANKNIFTY-II.NFO,10/06/2024,09:26:54,50483.1,50473.4,15,50485.3,15,240,221685
BANKNIFTY-II.NFO,10/06/2024,09:26:56,50471.15,50476.4,30,50485.25,60,150,221685
BANKNIFTY-II.NFO,10/06/2024,09:26:58,50471.15,50477,15,50489.95,75,0,221685
BANKNIFTY-II.NFO,10/06/2024,09:26:59,50476.75,50483.05,30,50490,45,30,221685
BANKNIFTY-II.NFO,10/06/2024,09:27:01,50487.35,50487.75,60,50493.65,15,150,221685
BANKNIFTY-II.NFO,10/06/2024,09:27:03,50493.65,50490.1,15,50494,15,30,221685
BANKNIFTY-II.NFO,10/06/2024,09:27:04,50495,50487.85,15,50495.95,60,45,221685
BANKNIFTY-II.NFO,10/06/2024,09:27:04,50495,50487.85,15,50495.95,60,0,221685
BANKNIFTY-II.NFO,10/06/2024,09:27:06,50496,50491.6,30,50498,15,15,221685
BANKNIFTY-II.NFO,10/06/2024,09:27:06,50496,50491.6,30,50498,15,0,221685
BANKNIFTY-II.NFO,10/06/2024,09:27:08,50491.3,50481.15,45,50493.45,75,90,221685
BANKNIFTY-II.NFO,10/06/2024,09:27:08,50496.8,50481.15,45,50493.45,75,0,221685
BANKNIFTY-II.NFO,10/06/2024,09:27:09,50483.7,50481.35,30,50494.05,60,15,221685
BANKNIFTY-II.NFO,10/06/2024,09:27:11,50480.05,50477.6,60,50487.5,60,90,221685
BANKNIFTY-II.NFO,10/06/2024,09:27:13,50492,50480.55,15,50491.2,60,15,221685
BANKNIFTY-II.NFO,10/06/2024,09:27:14,50482.2,50472.6,15,50485.5,60,90,221685
BANKNIFTY-II.NFO,10/06/2024,09:27:16,50490,50480.1,60,50491.5,75,1995,221685
BANKNIFTY-II.NFO,10/06/2024,09:27:18,50481.4,50481.85,30,50492.75,60,150,221955
BANKNIFTY-II.NFO,10/06/2024,09:27:19,50492.95,50481.8,60,50492.35,90,15,221955
BANKNIFTY-II.NFO,10/06/2024,09:27:21,50492.95,50483.7,60,50492.95,60,0,221955
BANKNIFTY-II.NFO,10/06/2024,09:27:23,50483.7,50480.05,15,50484.95,60,45,221955
BANKNIFTY-II.NFO,10/06/2024,09:27:24,50481.8,50481.55,45,50485,15,30,221955
BANKNIFTY-II.NFO,10/06/2024,09:27:26,50480.05,50480.95,45,50485,15,15,221955
BANKNIFTY-II.NFO,10/06/2024,09:27:28,50480.05,50481.55,60,50485,15,0,221955
BANKNIFTY-II.NFO,10/06/2024,09:27:29,50485,50482.8,30,50492.95,60,15,221955
BANKNIFTY-II.NFO,10/06/2024,09:27:31,50493,50486,30,50493,15,90,221955
BANKNIFTY-II.NFO,10/06/2024,09:27:33,50495,50491.6,30,50498,15,30,221955
BANKNIFTY-II.NFO,10/06/2024,09:27:34,50501,50497,30,50505,150,1275,221955
BANKNIFTY-II.NFO,10/06/2024,09:27:34,50501,50497,30,50505,150,0,221955
BANKNIFTY-II.NFO,10/06/2024,09:27:36,50497.35,50497.3,15,50500,15,105,221955
BANKNIFTY-II.NFO,10/06/2024,09:27:38,50505.65,50510.15,45,50516.25,15,450,221955
BANKNIFTY-II.NFO,10/06/2024,09:27:38,50515.5,50510.15,45,50516.25,15,0,221955
BANKNIFTY-II.NFO,10/06/2024,09:27:39,50502.65,50508.05,15,50517.55,90,150,221955
BANKNIFTY-II.NFO,10/06/2024,09:27:41,50513.4,50504.05,15,50513.35,60,270,221955
BANKNIFTY-II.NFO,10/06/2024,09:27:41,50519.05,50504.05,15,50513.35,60,0,221955
BANKNIFTY-II.NFO,10/06/2024,09:27:42,50513.4,50505.95,45,50513.85,60,0,221955
BANKNIFTY-II.NFO,10/06/2024,09:27:44,50502.05,50503.9,45,50512.35,60,15,221955
BANKNIFTY-II.NFO,10/06/2024,09:27:46,50504.55,50502.4,15,50510.05,90,30,221955
BANKNIFTY-II.NFO,10/06/2024,09:27:47,50500.05,50506.05,15,50513.2,60,15,221955
BANKNIFTY-II.NFO,10/06/2024,09:27:49,50492.9,50492.05,15,50508.8,60,450,221955
BANKNIFTY-II.NFO,10/06/2024,09:27:51,50488.1,50488.1,15,50498.7,30,30,221955
BANKNIFTY-II.NFO,10/06/2024,09:27:52,50488.1,50494.3,15,50504.8,15,0,221955
BANKNIFTY-II.NFO,10/06/2024,09:27:54,50499.8,50493.8,45,50499.8,30,15,221955
BANKNIFTY-II.NFO,10/06/2024,09:27:55,50499.8,50493.8,45,50499,45,0,221955
BANKNIFTY-II.NFO,10/06/2024,09:27:57,50500.05,50493.85,15,50503.6,30,30,221955
BANKNIFTY-II.NFO,10/06/2024,09:27:59,50500.05,50494.85,15,50505.45,15,0,221955
BANKNIFTY-II.NFO,10/06/2024,09:28:00,50500.1,50500.05,15,50508,15,45,221955
BANKNIFTY-II.NFO,10/06/2024,09:28:02,50500.1,50494.2,60,50506.95,30,0,221955
BANKNIFTY-II.NFO,10/06/2024,09:28:04,50508.75,50508,150,50510,30,165,221955
BANKNIFTY-II.NFO,10/06/2024,09:28:05,50508.75,50508,150,50510,30,30,221955
BANKNIFTY-II.NFO,10/06/2024,09:28:07,50508,50508,120,50510,15,45,221955
BANKNIFTY-II.NFO,10/06/2024,09:28:09,50511.3,50508.75,45,50514.35,60,120,221955
BANKNIFTY-II.NFO,10/06/2024,09:28:10,50511.3,50508.75,45,50514.55,60,0,221955
BANKNIFTY-II.NFO,10/06/2024,09:28:12,50511.3,50506.1,45,50511.25,90,0,221955
BANKNIFTY-II.NFO,10/06/2024,09:28:13,50504.95,50500.1,45,50510.45,75,45,221955
BANKNIFTY-II.NFO,10/06/2024,09:28:15,50510.35,50500.05,30,50507.65,45,75,221955
BANKNIFTY-II.NFO,10/06/2024,09:28:17,50510.35,50506.1,60,50515,30,0,221955
BANKNIFTY-II.NFO,10/06/2024,09:28:18,50510.35,50504.1,60,50513.7,45,0,221955
BANKNIFTY-II.NFO,10/06/2024,09:28:20,50510.35,50504.6,75,50513.7,30,0,221955
BANKNIFTY-II.NFO,10/06/2024,09:28:22,50510.35,50504.55,45,50513.7,45,0,221955
BANKNIFTY-II.NFO,10/06/2024,09:28:23,50510.35,50504.55,45,50509.2,150,0,221955
BANKNIFTY-II.NFO,10/06/2024,09:28:25,50504.55,50500.05,30,50509.15,45,45,221955
BANKNIFTY-II.NFO,10/06/2024,09:28:27,50504.55,50500.05,30,50507.05,165,0,221955
BANKNIFTY-II.NFO,10/06/2024,09:28:28,50504.55,50504.15,60,50512.85,150,0,221955
BANKNIFTY-II.NFO,10/06/2024,09:28:30,50504.55,50504.2,75,50514.95,30,0,221955
BANKNIFTY-II.NFO,10/06/2024,09:28:32,50504.55,50504.15,60,50512.95,30,0,221955
BANKNIFTY-II.NFO,10/06/2024,09:28:33,50504.15,50506.05,30,50515,105,15,221955
BANKNIFTY-II.NFO,10/06/2024,09:28:35,50504.15,50506.05,15,50514.95,45,0,221955
BANKNIFTY-II.NFO,10/06/2024,09:28:36,50504.15,50505,15,50508.9,150,0,221955
BANKNIFTY-II.NFO,10/06/2024,09:28:38,50508.4,50503.75,45,50507.35,120,45,221955
BANKNIFTY-II.NFO,10/06/2024,09:28:40,50508.4,50504.05,75,50514.8,45,0,221955
BANKNIFTY-II.NFO,10/06/2024,09:28:41,50504,50503.85,45,50512.45,15,45,221955
BANKNIFTY-II.NFO,10/06/2024,09:28:43,50504.1,50504.2,75,50514.95,30,15,221955
BANKNIFTY-II.NFO,10/06/2024,09:28:45,50504.1,50504.1,60,50510,15,0,221955
BANKNIFTY-II.NFO,10/06/2024,09:28:46,50504.1,50504.1,60,50510,15,15,221955
BANKNIFTY-II.NFO,10/06/2024,09:28:48,50504.1,50504.05,30,50510,30,0,221955
BANKNIFTY-II.NFO,10/06/2024,09:28:50,50509.9,50504.05,30,50509.9,60,15,221955
BANKNIFTY-II.NFO,10/06/2024,09:28:51,50509.95,50504.05,30,50509.75,120,15,221955
BANKNIFTY-II.NFO,10/06/2024,09:28:53,50509.95,50504.1,60,50510,30,0,221955
BANKNIFTY-II.NFO,10/06/2024,09:28:55,50513.15,50504.05,30,50512.25,75,90,221955
BANKNIFTY-II.NFO,10/06/2024,09:28:56,50509.55,50509.55,15,50515,105,45,221955
BANKNIFTY-II.NFO,10/06/2024,09:28:58,50508.65,50505.05,30,50514.15,45,15,221955
BANKNIFTY-II.NFO,10/06/2024,09:29:00,50508.65,50506.95,15,50515,105,0,221955
BANKNIFTY-II.NFO,10/06/2024,09:29:02,50508.5,50508.5,15,50514.55,45,15,221955
BANKNIFTY-II.NFO,10/06/2024,09:29:03,50508.5,50508.5,15,50514.3,45,0,221955
BANKNIFTY-II.NFO,10/06/2024,09:29:05,50510,50508.5,15,50512.05,45,15,221955
BANKNIFTY-II.NFO,10/06/2024,09:29:07,50505.15,50500.05,15,50508.6,60,105,221955
BANKNIFTY-II.NFO,10/06/2024,09:29:08,50497.4,50488.05,60,50498.7,45,120,221955
BANKNIFTY-II.NFO,10/06/2024,09:29:10,50497.4,50493.3,45,50501.65,60,0,221955
BANKNIFTY-II.NFO,10/06/2024,09:29:12,50497.4,50497.05,60,50507.8,45,0,221955
BANKNIFTY-II.NFO,10/06/2024,09:29:13,50499.65,50498.1,75,50508.75,75,15,221955
BANKNIFTY-II.NFO,10/06/2024,09:29:15,50499.65,50502.1,75,50513.7,75,0,221955
BANKNIFTY-II.NFO,10/06/2024,09:29:17,50500,50495.25,60,50500,60,30,221955
BANKNIFTY-II.NFO,10/06/2024,09:29:18,50500,50501.05,75,50510,270,60,221955
BANKNIFTY-II.NFO,10/06/2024,09:29:20,50498.1,50498.1,45,50508.2,90,30,221955
BANKNIFTY-II.NFO,10/06/2024,09:29:22,50499,50509.85,45,50510,270,15,221955
BANKNIFTY-II.NFO,10/06/2024,09:29:23,50509.4,50506.65,45,50510,270,15,221955
BANKNIFTY-II.NFO,10/06/2024,09:29:25,50510,50509.6,30,50515,105,270,221955
BANKNIFTY-II.NFO,10/06/2024,09:29:27,50510,50511.2,15,50515,105,0,221955
BANKNIFTY-II.NFO,10/06/2024,09:29:28,50510,50509.35,60,50515,105,0,221955
BANKNIFTY-II.NFO,10/06/2024,09:29:30,50515,50510.25,45,50515,90,15,221955
BANKNIFTY-II.NFO,10/06/2024,09:29:32,50510.25,50510,225,50515,105,15,221955
BANKNIFTY-II.NFO,10/06/2024,09:29:33,50510,50510.05,30,50515,105,30,221955
BANKNIFTY-II.NFO,10/06/2024,09:29:35,50515,50515.85,30,50520,195,105,221955
BANKNIFTY-II.NFO,10/06/2024,09:29:37,50520,50510.5,30,50520,180,90,221955
BANKNIFTY-II.NFO,10/06/2024,09:29:37,50520,50510.5,30,50520,180,0,221955
BANKNIFTY-II.NFO,10/06/2024,09:29:38,50520,50510,195,50514.95,75,0,221955
BANKNIFTY-II.NFO,10/06/2024,09:29:40,50515,50510.05,30,50515,15,15,221955
BANKNIFTY-II.NFO,10/06/2024,09:29:42,50515,50510.05,30,50515.85,15,15,221955
BANKNIFTY-II.NFO,10/06/2024,09:29:43,50515,50510,195,50515.85,15,0,221955
BANKNIFTY-II.NFO,10/06/2024,09:29:45,50510,50510.05,30,50515.85,15,15,221955
BANKNIFTY-II.NFO,10/06/2024,09:29:47,50510.05,50510,180,50515.85,30,30,221955
BANKNIFTY-II.NFO,10/06/2024,09:29:48,50510,50510,165,50520,195,45,221955
BANKNIFTY-II.NFO,10/06/2024,09:29:50,50511.7,50510.1,30,50520,180,30,221955
BANKNIFTY-II.NFO,10/06/2024,09:29:52,50520,50510.05,15,50519.75,30,60,221955
BANKNIFTY-II.NFO,10/06/2024,09:29:53,50510.05,50510,165,50518.3,30,45,221955
BANKNIFTY-II.NFO,10/06/2024,09:29:55,50510.05,50510.05,15,50519.45,30,0,221955
BANKNIFTY-II.NFO,10/06/2024,09:29:57,50510,50510,120,50515.05,30,45,221955
BANKNIFTY-II.NFO,10/06/2024,09:29:58,50510,50510,120,50517.15,15,0,221955
BANKNIFTY-II.NFO,10/06/2024,09:30:00,50510,50510,120,50519.05,45,0,221955
BANKNIFTY-II.NFO,10/06/2024,09:30:02,50520,50510.05,15,50521.75,45,45,221955
BANKNIFTY-II.NFO,10/06/2024,09:30:03,50520,50512.05,15,50521.6,45,0,221955
BANKNIFTY-II.NFO,10/06/2024,09:30:05,50520,50510.3,30,50524.95,45,0,221955
BANKNIFTY-II.NFO,10/06/2024,09:30:07,50522.7,50510.35,75,50523.1,90,60,221955
BANKNIFTY-II.NFO,10/06/2024,09:30:07,50522.7,50510.35,75,50523.1,90,0,221955
BANKNIFTY-II.NFO,10/06/2024,09:30:08,50510.05,50510.05,15,50522.25,45,15,221955
BANKNIFTY-II.NFO,10/06/2024,09:30:10,50510,50510,60,50520.65,30,90,221955
BANKNIFTY-II.NFO,10/06/2024,09:30:12,50510,50513,45,50518.5,30,0,221955
BANKNIFTY-II.NFO,10/06/2024,09:30:13,50500,50492.4,15,50500,30,270,221955
BANKNIFTY-II.NFO,10/06/2024,09:30:15,50495,50494.85,45,50500.3,105,30,221955
BANKNIFTY-II.NFO,10/06/2024,09:30:17,50509.5,50498.1,30,50510,45,120,221955
BANKNIFTY-II.NFO,10/06/2024,09:30:18,50509.5,50496.3,30,50509.95,90,0,221955
BANKNIFTY-II.NFO,10/06/2024,09:30:20,50498.1,50498.1,75,50508.65,30,15,222780
BANKNIFTY-II.NFO,10/06/2024,09:30:22,50498.1,50497.55,165,50508.65,30,15,222780
BANKNIFTY-II.NFO,10/06/2024,09:30:23,50500,50498.2,165,50509.95,30,15,222780
BANKNIFTY-II.NFO,10/06/2024,09:30:25,50500,50492.95,75,50505,75,0,222780
BANKNIFTY-II.NFO,10/06/2024,09:30:27,50496.3,50500,15,50507.6,60,15,222780
BANKNIFTY-II.NFO,10/06/2024,09:30:28,50496.3,50500,30,50509.85,30,0,222780
BANKNIFTY-II.NFO,10/06/2024,09:30:30,50496.3,50509.5,45,50510,60,0,222780
BANKNIFTY-II.NFO,10/06/2024,09:30:32,50507.6,50500,30,50505.65,105,105,222780
BANKNIFTY-II.NFO,10/06/2024,09:30:33,50500,50500,15,50503.85,15,15,222780
BANKNIFTY-II.NFO,10/06/2024,09:30:35,50497.85,50497.7,45,50503.25,60,105,222780
BANKNIFTY-II.NFO,10/06/2024,09:30:37,50500.75,50493.75,45,50500.8,90,30,222780
BANKNIFTY-II.NFO,10/06/2024,09:30:38,50488,50480,15,50487.65,90,120,222780
BANKNIFTY-II.NFO,10/06/2024,09:30:40,50472.3,50470,15,50472,60,45,222780
BANKNIFTY-II.NFO,10/06/2024,09:30:42,50476.15,50470.05,15,50479.7,75,60,222780
BANKNIFTY-II.NFO,10/06/2024,09:30:43,50476.15,50476.05,15,50486.4,105,0,222780
BANKNIFTY-II.NFO,10/06/2024,09:30:45,50485.05,50478.9,30,50487.95,60,30,222780
BANKNIFTY-II.NFO,10/06/2024,09:30:47,50478.2,50476.9,30,50487.5,90,75,222780
BANKNIFTY-II.NFO,10/06/2024,09:30:48,50478.2,50480.1,30,50487.95,60,0,222780
BANKNIFTY-II.NFO,10/06/2024,09:30:50,50478.2,50477.25,15,50487.95,90,0,222780
BANKNIFTY-II.NFO,10/06/2024,09:30:52,50480.15,50481.2,30,50488,15,15,222780
BANKNIFTY-II.NFO,10/06/2024,09:30:53,50486.1,50486.65,15,50497.6,60,30,222780
BANKNIFTY-II.NFO,10/06/2024,09:30:55,50486.1,50491.55,45,50496.6,60,0,222780
BANKNIFTY-II.NFO,10/06/2024,09:30:57,50493.7,50487.5,15,50497.25,90,45,222780
BANKNIFTY-II.NFO,10/06/2024,09:30:58,50486.1,50486.05,30,50496.45,60,45,222780
BANKNIFTY-II.NFO,10/06/2024,09:31:00,50486.3,50489.85,45,50490,150,30,222780
BANKNIFTY-II.NFO,10/06/2024,09:31:02,50491,50486.55,30,50491,30,165,222780
BANKNIFTY-II.NFO,10/06/2024,09:31:03,50490.25,50490.25,45,50493.2,30,15,222780
BANKNIFTY-II.NFO,10/06/2024,09:31:05,50488.45,50487.1,45,50493.45,60,30,222780
BANKNIFTY-II.NFO,10/06/2024,09:31:07,50488.45,50487,45,50490,15,0,222780
BANKNIFTY-II.NFO,10/06/2024,09:31:10,50490,50488.25,30,50495.75,60,15,222780
BANKNIFTY-II.NFO,10/06/2024,09:31:12,50489.35,50489.3,30,50497.85,15,15,222780
BANKNIFTY-II.NFO,10/06/2024,09:31:14,50489.35,50489.65,45,50497.85,15,0,222780
BANKNIFTY-II.NFO,10/06/2024,09:31:15,50497.85,50495.15,30,50500,15,15,222780
BANKNIFTY-II.NFO,10/06/2024,09:31:17,50488.25,50488.25,30,50499.85,75,30,222780
BANKNIFTY-II.NFO,10/06/2024,09:31:19,50488.25,50488.2,45,50494.15,90,0,222780
BANKNIFTY-II.NFO,10/06/2024,09:31:20,50495.15,50494.6,60,50500,75,45,222780
BANKNIFTY-II.NFO,10/06/2024,09:31:22,50510,50508.85,15,50515,15,120,222780
BANKNIFTY-II.NFO,10/06/2024,09:31:24,50510,50506.05,15,50514.95,60,0,222780
BANKNIFTY-II.NFO,10/06/2024,09:31:25,50507.35,50505.85,15,50514.95,60,15,222780
BANKNIFTY-II.NFO,10/06/2024,09:31:27,50506.05,50508.2,30,50514.95,60,30,222780
BANKNIFTY-II.NFO,10/06/2024,09:31:29,50514.95,50503.1,30,50508.6,60,15,222780
BANKNIFTY-II.NFO,10/06/2024,09:31:30,50514.95,50504.65,30,50509.95,60,0,222780
BANKNIFTY-II.NFO,10/06/2024,09:31:32,50504.65,50504.5,30,50509.95,60,15,222780
BANKNIFTY-II.NFO,10/06/2024,09:31:33,50504.65,50504.5,30,50504.8,15,0,222780
BANKNIFTY-II.NFO,10/06/2024,09:31:35,50504.65,50502.9,30,50504.75,60,0,222780
BANKNIFTY-II.NFO,10/06/2024,09:31:37,50504.65,50501.9,30,50504.3,60,0,222780
BANKNIFTY-II.NFO,10/06/2024,09:31:38,50500,50493.95,45,50499.7,30,105,222780
BANKNIFTY-II.NFO,10/06/2024,09:31:40,50500,50492.85,45,50497.8,105,0,222780
BANKNIFTY-II.NFO,10/06/2024,09:31:42,50500,50490,15,50492.5,30,0,222780
BANKNIFTY-II.NFO,10/06/2024,09:31:43,50500,50490,15,50493.5,15,0,222780
BANKNIFTY-II.NFO,10/06/2024,09:31:45,50490,50483.55,45,50491,30,15,222780
BANKNIFTY-II.NFO,10/06/2024,09:31:47,50490,50481,15,50488.2,105,0,222780
BANKNIFTY-II.NFO,10/06/2024,09:31:48,50480,50476.85,45,50480.85,15,45,222780
BANKNIFTY-II.NFO,10/06/2024,09:31:50,50480.85,50476,15,50482,15,60,222780
BANKNIFTY-II.NFO,10/06/2024,09:31:52,50480.85,50479.55,45,50490.2,60,0,222780
BANKNIFTY-II.NFO,10/06/2024,09:31:53,50480.85,50479.25,45,50483.85,60,0,222780
BANKNIFTY-II.NFO,10/06/2024,09:31:55,50476,50467.6,30,50477.75,30,15,222780
BANKNIFTY-II.NFO,10/06/2024,09:31:57,50476,50477.45,45,50480.85,15,0,222780
BANKNIFTY-II.NFO,10/06/2024,09:31:58,50476,50475.05,60,50480.85,15,0,222780
BANKNIFTY-II.NFO,10/06/2024,09:32:00,50475.05,50474.6,60,50480.85,15,15,222780
BANKNIFTY-II.NFO,10/06/2024,09:32:02,50475.05,50467.45,45,50475.05,60,0,222780
BANKNIFTY-II.NFO,10/06/2024,09:32:03,50475.05,50463,15,50471.95,60,0,222780
BANKNIFTY-II.NFO,10/06/2024,09:32:05,50465.4,50461.45,45,50469.9,60,15,222780
BANKNIFTY-II.NFO,10/06/2024,09:32:07,50467.6,50454.4,30,50466,60,15,222780
BANKNIFTY-II.NFO,10/06/2024,09:32:08,50467.6,50460.35,30,50471.3,60,0,222780
BANKNIFTY-II.NFO,10/06/2024,09:32:10,50461.7,50462.1,30,50473.2,45,15,222780
BANKNIFTY-II.NFO,10/06/2024,09:32:12,50461.7,50457.95,45,50469.3,60,0,222780
BANKNIFTY-II.NFO,10/06/2024,09:32:13,50467.6,50458.45,75,50466.75,45,30,222780
BANKNIFTY-II.NFO,10/06/2024,09:32:15,50467.6,50450,75,50459.5,60,0,222780
BANKNIFTY-II.NFO,10/06/2024,09:32:17,50467.6,50450.65,30,50458.45,45,0,222780
BANKNIFTY-II.NFO,10/06/2024,09:32:18,50451.7,50451.7,15,50458.45,45,15,222780
BANKNIFTY-II.NFO,10/06/2024,09:32:20,50451.7,50450,75,50455.2,60,0,222780
BANKNIFTY-II.NFO,10/06/2024,09:32:22,50450,50443.6,30,50450,30,75,222780
BANKNIFTY-II.NFO,10/06/2024,09:32:23,50450,50450,30,50451.7,30,45,222780
BANKNIFTY-II.NFO,10/06/2024,09:32:25,50440.2,50435.05,45,50441.9,45,150,222780
BANKNIFTY-II.NFO,10/06/2024,09:32:27,50437.65,50430.3,15,50435.45,15,165,222780
BANKNIFTY-II.NFO,10/06/2024,09:32:28,50430,50418.8,15,50431.95,60,75,222780
BANKNIFTY-II.NFO,10/06/2024,09:32:30,50423.95,50407.25,60,50419.95,60,105,222780
BANKNIFTY-II.NFO,10/06/2024,09:32:32,50423.95,50414.6,30,50419.95,15,0,222780
BANKNIFTY-II.NFO,10/06/2024,09:32:33,50427.95,50428.2,60,50437.95,15,15,222780
BANKNIFTY-II.NFO,10/06/2024,09:32:35,50427.95,50434.45,60,50439.95,15,0,222780
BANKNIFTY-II.NFO,10/06/2024,09:32:37,50439.95,50440,60,50444.9,15,15,222780
BANKNIFTY-II.NFO,10/06/2024,09:32:38,50449.95,50449.95,15,50450,15,30,222780
BANKNIFTY-II.NFO,10/06/2024,09:32:40,50450,50451.15,105,50463.75,60,90,222780
BANKNIFTY-II.NFO,10/06/2024,09:32:42,50465.9,50435,105,50443.95,15,60,222780
BANKNIFTY-II.NFO,10/06/2024,09:32:43,50451.95,50441.7,75,50449.95,15,120,222780
BANKNIFTY-II.NFO,10/06/2024,09:32:45,50453.95,50451.8,60,50455.95,15,30,222780
BANKNIFTY-II.NFO,10/06/2024,09:32:47,50458.35,50458.35,60,50467.95,15,30,222780
BANKNIFTY-II.NFO,10/06/2024,09:32:48,50469.9,50450.05,60,50461.95,60,45,222780
BANKNIFTY-II.NFO,10/06/2024,09:32:50,50459.95,50451.4,15,50461.95,45,30,222780
BANKNIFTY-II.NFO,10/06/2024,09:32:52,50464.45,50455.8,90,50469,45,15,222780
BANKNIFTY-II.NFO,10/06/2024,09:32:53,50460.35,50456.2,75,50467.9,75,90,222780
BANKNIFTY-II.NFO,10/06/2024,09:32:55,50454.8,50450,15,50458.6,75,60,222780
BANKNIFTY-II.NFO,10/06/2024,09:32:57,50454.8,50452.35,60,50464.9,60,0,222780
BANKNIFTY-II.NFO,10/06/2024,09:32:58,50454.8,50450,15,50457.2,75,0,222780
BANKNIFTY-II.NFO,10/06/2024,09:33:00,50451.95,50440.7,75,50449.95,15,30,222780
BANKNIFTY-II.NFO,10/06/2024,09:33:02,50449.95,50450,285,50457.5,60,15,222780
BANKNIFTY-II.NFO,10/06/2024,09:33:03,50449.95,50450,285,50457.3,60,0,222780
BANKNIFTY-II.NFO,10/06/2024,09:33:05,50447.95,50440.05,45,50449.9,60,315,222780
BANKNIFTY-II.NFO,10/06/2024,09:33:07,50447.95,50440.05,45,50449.65,60,0,222780
BANKNIFTY-II.NFO,10/06/2024,09:33:08,50447.95,50440,15,50447.95,15,0,222780
BANKNIFTY-II.NFO,10/06/2024,09:33:10,50440,50430.15,45,50439.95,15,15,222780
BANKNIFTY-II.NFO,10/06/2024,09:33:12,50440,50431.8,60,50441.95,15,0,222780
BANKNIFTY-II.NFO,10/06/2024,09:33:13,50432.95,50431.75,45,50441.9,15,45,222780
BANKNIFTY-II.NFO,10/06/2024,09:33:15,50431.75,50430.05,45,50437.9,15,15,222780
BANKNIFTY-II.NFO,10/06/2024,09:33:17,50440,50430,15,50439.95,15,30,222780
BANKNIFTY-II.NFO,10/06/2024,09:33:19,50430.05,50430,15,50437.95,30,15,222675
BANKNIFTY-II.NFO,10/06/2024,09:33:20,50430,50422.6,30,50431.85,15,15,222675
BANKNIFTY-II.NFO,10/06/2024,09:33:22,50427,50426.45,45,50431.9,15,45,222675
BANKNIFTY-II.NFO,10/06/2024,09:33:24,50449.95,50441.75,30,50450,15,60,222675
BANKNIFTY-II.NFO,10/06/2024,09:33:25,50447.4,50430.7,15,50437.95,15,30,222675
BANKNIFTY-II.NFO,10/06/2024,09:33:27,50437.95,50431.85,15,50439.95,30,15,222675
BANKNIFTY-II.NFO,10/06/2024,09:33:29,50437.95,50422.25,15,50431.95,15,0,222675
BANKNIFTY-II.NFO,10/06/2024,09:33:30,50437.95,50430,15,50435.9,15,0,222675
BANKNIFTY-II.NFO,10/06/2024,09:33:32,50430,50416.25,60,50423.95,30,15,222675
BANKNIFTY-II.NFO,10/06/2024,09:33:34,50413.9,50406.75,15,50417.95,15,15,222675
BANKNIFTY-II.NFO,10/06/2024,09:33:35,50413.9,50408.15,60,50420.55,75,0,222675
BANKNIFTY-II.NFO,10/06/2024,09:33:37,50413.9,50414.2,15,50427.4,30,0,222675
BANKNIFTY-II.NFO,10/06/2024,09:33:38,50425.05,50417.5,45,50423.95,15,15,222675
BANKNIFTY-II.NFO,10/06/2024,09:33:40,50425.05,50406.05,15,50417.6,60,0,222675
BANKNIFTY-II.NFO,10/06/2024,09:33:42,50409.4,50410.55,150,50415.9,15,15,222675
BANKNIFTY-II.NFO,10/06/2024,09:33:43,50433.15,50416.7,60,50425.9,60,900,222675
BANKNIFTY-II.NFO,10/06/2024,09:33:45,50433.15,50408.05,30,50415.95,15,0,222675
BANKNIFTY-II.NFO,10/06/2024,09:33:47,50433.15,50409.35,45,50421.9,90,0,222675
BANKNIFTY-II.NFO,10/06/2024,09:33:48,50433.15,50409.6,75,50417.95,15,0,222675
BANKNIFTY-II.NFO,10/06/2024,09:33:50,50413.9,50406.05,45,50413.9,45,15,222675
BANKNIFTY-II.NFO,10/06/2024,09:33:52,50413.9,50408.7,15,50419.85,45,0,222675
BANKNIFTY-II.NFO,10/06/2024,09:33:53,50406,50405.1,15,50413.9,30,30,222675
BANKNIFTY-II.NFO,10/06/2024,09:33:55,50400.25,50402.3,105,50409.95,15,30,222675
BANKNIFTY-II.NFO,10/06/2024,09:33:57,50400.25,50400.05,75,50407.95,15,0,222675
BANKNIFTY-II.NFO,10/06/2024,09:33:58,50400.55,50403.15,45,50409.95,15,30,222675
BANKNIFTY-II.NFO,10/06/2024,09:34:00,50400.55,50415.35,90,50423.95,15,0,222675
BANKNIFTY-II.NFO,10/06/2024,09:34:02,50400.55,50402,30,50411.9,60,0,222675
BANKNIFTY-II.NFO,10/06/2024,09:34:03,50400.55,50400,135,50407.9,90,0,222675
BANKNIFTY-II.NFO,10/06/2024,09:34:05,50400,50400,90,50400.25,30,45,222675
BANKNIFTY-II.NFO,10/06/2024,09:34:07,50380,50375,60,50383.9,90,375,222675
BANKNIFTY-II.NFO,10/06/2024,09:34:08,50370,50361.2,15,50369.9,60,150,222675
BANKNIFTY-II.NFO,10/06/2024,09:34:10,50359.95,50356.85,45,50361.95,15,180,222675
BANKNIFTY-II.NFO,10/06/2024,09:34:12,50363.95,50359.4,60,50365.95,15,15,222675
BANKNIFTY-II.NFO,10/06/2024,09:34:13,50363.95,50351.55,45,50359.95,15,0,222675
BANKNIFTY-II.NFO,10/06/2024,09:34:15,50337,50328.35,45,50333.95,15,240,222675
BANKNIFTY-II.NFO,10/06/2024,09:34:17,50337.95,50330.15,45,50339.9,60,75,222675
BANKNIFTY-II.NFO,10/06/2024,09:34:18,50343.95,50337.85,45,50345.95,15,30,222675
BANKNIFTY-II.NFO,10/06/2024,09:34:20,50345.95,50336.05,30,50347.95,15,210,222675
BANKNIFTY-II.NFO,10/06/2024,09:34:22,50335.3,50327.25,15,50337.9,60,30,222675
BANKNIFTY-II.NFO,10/06/2024,09:34:23,50333.55,50331,75,50341.9,60,315,222675
BANKNIFTY-II.NFO,10/06/2024,09:34:25,50333.95,50330,30,50341.9,60,45,222675
BANKNIFTY-II.NFO,10/06/2024,09:34:27,50335.95,50325.15,30,50337.9,60,45,222675
BANKNIFTY-II.NFO,10/06/2024,09:34:28,50328.85,50323.45,15,50337.9,60,15,222675
BANKNIFTY-II.NFO,10/06/2024,09:34:30,50311.2,50300.1,15,50313.9,60,105,222675
BANKNIFTY-II.NFO,10/06/2024,09:34:32,50300,50292.45,15,50301.95,60,315,222675
BANKNIFTY-II.NFO,10/06/2024,09:34:34,50300.6,50301.75,45,50311.95,15,105,222675
BANKNIFTY-II.NFO,10/06/2024,09:34:35,50303.45,50294.9,45,50305.55,30,30,222675
BANKNIFTY-II.NFO,10/06/2024,09:34:37,50297,50294.1,30,50309.9,60,15,222675
BANKNIFTY-II.NFO,10/06/2024,09:34:39,50335,50318.15,30,50337.9,60,15,222675
BANKNIFTY-II.NFO,10/06/2024,09:34:40,50311.25,50304.05,30,50315.9,60,195,222675
BANKNIFTY-II.NFO,10/06/2024,09:34:42,50310.95,50308.55,15,50315.95,15,45,222675
BANKNIFTY-II.NFO,10/06/2024,09:34:44,50309.1,50310.55,30,50322.8,30,75,222675
BANKNIFTY-II.NFO,10/06/2024,09:34:45,50308.95,50303.1,30,50313.7,45,90,222675
BANKNIFTY-II.NFO,10/06/2024,09:34:47,50308.95,50302.2,30,50314.25,30,0,222675
BANKNIFTY-II.NFO,10/06/2024,09:34:49,50308.95,50303.5,15,50308.95,30,150,222675
BANKNIFTY-II.NFO,10/06/2024,09:34:50,50325.15,50313.15,15,50325.15,60,45,222675
BANKNIFTY-II.NFO,10/06/2024,09:34:52,50308.7,50309.5,15,50320.6,45,90,222675
BANKNIFTY-II.NFO,10/06/2024,09:34:54,50308.7,50305.5,15,50312.35,15,0,222675
BANKNIFTY-II.NFO,10/06/2024,09:34:55,50315,50304.6,15,50315.3,45,45,222675
BANKNIFTY-II.NFO,10/06/2024,09:34:57,50315.75,50320.4,15,50331.95,15,45,222675
BANKNIFTY-II.NFO,10/06/2024,09:34:59,50315.75,50317.45,15,50324.7,30,0,222675
BANKNIFTY-II.NFO,10/06/2024,09:35:00,50315.75,50308.75,15,50317.65,30,0,222675
BANKNIFTY-II.NFO,10/06/2024,09:35:02,50314.45,50308.95,75,50316.25,30,75,222675
BANKNIFTY-II.NFO,10/06/2024,09:35:04,50308.95,50302.45,45,50308.95,15,75,222675
BANKNIFTY-II.NFO,10/06/2024,09:35:05,50300,50297,45,50303.5,15,180,222675
BANKNIFTY-II.NFO,10/06/2024,09:35:07,50308.95,50330.4,15,50340.7,60,45,222675
BANKNIFTY-II.NFO,10/06/2024,09:35:09,50340.7,50332.25,15,50339.9,30,30,222675
BANKNIFTY-II.NFO,10/06/2024,09:35:10,50331.95,50331.1,30,50340.4,30,45,222675
BANKNIFTY-II.NFO,10/06/2024,09:35:12,50331.95,50327.9,30,50337.95,15,0,222675
BANKNIFTY-II.NFO,10/06/2024,09:35:14,50331.95,50327.9,30,50338.75,60,0,222675
BANKNIFTY-II.NFO,10/06/2024,09:35:15,50331.95,50339.7,30,50345.95,15,75,222675
BANKNIFTY-II.NFO,10/06/2024,09:35:17,50345.95,50341.85,30,50350,15,15,222675
BANKNIFTY-II.NFO,10/06/2024,09:35:19,50345.95,50341.95,30,50350,15,0,222675
BANKNIFTY-II.NFO,10/06/2024,09:35:20,50357.95,50350.35,30,50363.3,60,45,222675
BANKNIFTY-II.NFO,10/06/2024,09:35:22,50368,50369.5,45,50381.8,60,90,222675
BANKNIFTY-II.NFO,10/06/2024,09:35:24,50368,50362.35,30,50367.35,60,0,222675
BANKNIFTY-II.NFO,10/06/2024,09:35:26,50368,50353.65,45,50365.65,30,0,222675
BANKNIFTY-II.NFO,10/06/2024,09:35:27,50359,50358.85,45,50371.7,30,30,222675
BANKNIFTY-II.NFO,10/06/2024,09:35:29,50359,50359.25,45,50373.95,30,0,222675
BANKNIFTY-II.NFO,10/06/2024,09:35:31,50369.75,50351.75,60,50362.7,45,75,222675
BANKNIFTY-II.NFO,10/06/2024,09:35:32,50369.75,50364,60,50368,15,0,222675
BANKNIFTY-II.NFO,10/06/2024,09:35:34,50369.75,50360.5,60,50368,15,0,222675
BANKNIFTY-II.NFO,10/06/2024,09:35:36,50369.75,50338.1,60,50347.95,15,0,222675
BANKNIFTY-II.NFO,10/06/2024,09:35:37,50352,50341.4,60,50352.35,45,60,222675
BANKNIFTY-II.NFO,10/06/2024,09:35:39,50360,50349.75,75,50361.35,30,30,222675
BANKNIFTY-II.NFO,10/06/2024,09:35:41,50360,50352.8,60,50364.55,45,0,222675
BANKNIFTY-II.NFO,10/06/2024,09:35:42,50360,50346.85,45,50354.2,30,0,222675
BANKNIFTY-II.NFO,10/06/2024,09:35:44,50351.3,50342.45,45,50352.85,30,45,222675
BANKNIFTY-II.NFO,10/06/2024,09:35:46,50351.3,50343,45,50351.85,30,0,222675
BANKNIFTY-II.NFO,10/06/2024,09:35:47,50355,50342.4,45,50353.9,30,900,222675
BANKNIFTY-II.NFO,10/06/2024,09:35:49,50355,50344.9,45,50352.55,30,0,222675
BANKNIFTY-II.NFO,10/06/2024,09:35:51,50345.65,50338.5,45,50350.05,45,45,222675
BANKNIFTY-II.NFO,10/06/2024,09:35:52,50355,50352.15,30,50360,15,60,222675
BANKNIFTY-II.NFO,10/06/2024,09:35:54,50351,50352.6,60,50361.45,30,15,222675
BANKNIFTY-II.NFO,10/06/2024,09:35:56,50363.8,50352.75,45,50363.85,30,15,222675
BANKNIFTY-II.NFO,10/06/2024,09:35:57,50358.05,50350.1,60,50358.05,15,15,222675
BANKNIFTY-II.NFO,10/06/2024,09:35:59,50358.05,50345.6,45,50357.35,30,0,222675
BANKNIFTY-II.NFO,10/06/2024,09:36:01,50337.25,50335.55,30,50337.85,15,30,222675
BANKNIFTY-II.NFO,10/06/2024,09:36:02,50333.05,50332.5,15,50340.85,30,30,222675
BANKNIFTY-II.NFO,10/06/2024,09:36:04,50319.35,50306.45,60,50317,45,270,222675
BANKNIFTY-II.NFO,10/06/2024,09:36:06,50314.35,50305.05,60,50313.85,45,15,222675
BANKNIFTY-II.NFO,10/06/2024,09:36:07,50300,50297.05,15,50303.05,30,375,222675
BANKNIFTY-II.NFO,10/06/2024,09:36:09,50266.75,50262.55,60,50273.9,45,300,222675
BANKNIFTY-II.NFO,10/06/2024,09:36:11,50254.05,50248.5,60,50254.05,15,180,222675
BANKNIFTY-II.NFO,10/06/2024,09:36:12,50268.7,50268.8,60,50281.25,45,135,222675
BANKNIFTY-II.NFO,10/06/2024,09:36:14,50271.65,50271.65,15,50277.85,15,30,222675
BANKNIFTY-II.NFO,10/06/2024,09:36:16,50278.5,50266.65,45,50277.25,150,30,222675
BANKNIFTY-II.NFO,10/06/2024,09:36:17,50260.1,50252.1,60,50262.8,30,195,222675
BANKNIFTY-II.NFO,10/06/2024,09:36:19,50253.1,50236.6,15,50244.3,30,90,222315
BANKNIFTY-II.NFO,10/06/2024,09:36:21,50238.3,50234.2,75,50242.05,30,90,222315
BANKNIFTY-II.NFO,10/06/2024,09:36:22,50251.05,50246.5,15,50250.75,150,60,222315
BANKNIFTY-II.NFO,10/06/2024,09:36:24,50254.8,50244.4,15,50252.4,30,165,222315
BANKNIFTY-II.NFO,10/06/2024,09:36:26,50238.3,50222.25,45,50233.6,30,135,222315
BANKNIFTY-II.NFO,10/06/2024,09:36:27,50226.9,50223.1,60,50234.55,30,75,222315
BANKNIFTY-II.NFO,10/06/2024,09:36:29,50240.9,50229.95,30,50241.4,150,30,222315
BANKNIFTY-II.NFO,10/06/2024,09:36:31,50210,50201.15,60,50217.9,30,285,222315
BANKNIFTY-II.NFO,10/06/2024,09:36:32,50198.65,50194.1,60,50207.65,30,540,222315
BANKNIFTY-II.NFO,10/06/2024,09:36:32,50198.65,50194.1,60,50207.65,30,0,222315
BANKNIFTY-II.NFO,10/06/2024,09:36:34,50198.65,50209.25,60,50220,30,0,222315
BANKNIFTY-II.NFO,10/06/2024,09:36:36,50208.1,50213.3,60,50220.85,30,30,222315
BANKNIFTY-II.NFO,10/06/2024,09:36:37,50220.65,50223.35,60,50230.55,45,45,222315
BANKNIFTY-II.NFO,10/06/2024,09:36:39,50230.55,50222.65,60,50230.65,30,60,222315
BANKNIFTY-II.NFO,10/06/2024,09:36:41,50213,50213,15,50229.95,30,120,222315
BANKNIFTY-II.NFO,10/06/2024,09:36:42,50222.1,50209.4,30,50223.95,60,15,222315
BANKNIFTY-II.NFO,10/06/2024,09:36:44,50222.1,50210.3,30,50222.95,30,75,222315
BANKNIFTY-II.NFO,10/06/2024,09:36:46,50217.75,50206.05,45,50217.85,30,30,222315
BANKNIFTY-II.NFO,10/06/2024,09:36:47,50218.7,50203.85,30,50213.9,60,105,222315
BANKNIFTY-II.NFO,10/06/2024,09:36:49,50200,50192.1,30,50204.55,60,90,222315
BANKNIFTY-II.NFO,10/06/2024,09:36:51,50210,50214.95,30,50226.35,60,75,222315
BANKNIFTY-II.NFO,10/06/2024,09:36:52,50208.1,50204.65,30,50214.55,15,1050,222315
BANKNIFTY-II.NFO,10/06/2024,09:36:54,50200,50194.25,30,50205.95,15,180,222315
BANKNIFTY-II.NFO,10/06/2024,09:36:56,50205.95,50202.5,15,50212.05,15,45,222315
BANKNIFTY-II.NFO,10/06/2024,09:36:57,50212.55,50207.6,15,50212.6,105,15,222315
BANKNIFTY-II.NFO,10/06/2024,09:36:59,50189.9,50180.65,30,50196.65,30,225,222315
BANKNIFTY-II.NFO,10/06/2024,09:36:59,50184.8,50180.65,30,50196.65,30,0,222315
BANKNIFTY-II.NFO,10/06/2024,09:37:01,50179.05,50178.05,15,50191.95,75,540,222315
BANKNIFTY-II.NFO,10/06/2024,09:37:01,50179.05,50178.05,15,50191.95,75,0,222315
BANKNIFTY-II.NFO,10/06/2024,09:37:02,50151.75,50152.7,30,50160.6,15,435,222315
BANKNIFTY-II.NFO,10/06/2024,09:37:02,50151.75,50152.7,30,50160.6,15,0,222315
BANKNIFTY-II.NFO,10/06/2024,09:37:04,50154.4,50144.1,30,50154.3,75,165,222315
BANKNIFTY-II.NFO,10/06/2024,09:37:04,50146.5,50144.1,30,50154.3,75,0,222315
BANKNIFTY-II.NFO,10/06/2024,09:37:06,50139.05,50137.6,45,50148.7,60,180,222315
BANKNIFTY-II.NFO,10/06/2024,09:37:06,50139.05,50137.6,45,50148.7,60,0,222315
BANKNIFTY-II.NFO,10/06/2024,09:37:07,50113.8,50113.35,15,50123.25,60,345,222315
BANKNIFTY-II.NFO,10/06/2024,09:37:07,50112.05,50113.35,15,50123.25,60,0,222315
BANKNIFTY-II.NFO,10/06/2024,09:37:09,50095.5,50101,30,50111,30,315,222315
BANKNIFTY-II.NFO,10/06/2024,09:37:09,50095.5,50101,30,50111,30,0,222315
BANKNIFTY-II.NFO,10/06/2024,09:37:11,50080.85,50075.35,60,50087.25,60,420,222315
BANKNIFTY-II.NFO,10/06/2024,09:37:11,50080.85,50075.35,60,50087.25,60,0,222315
BANKNIFTY-II.NFO,10/06/2024,09:37:12,50070,50060.9,60,50073.05,60,90,222315
BANKNIFTY-II.NFO,10/06/2024,09:37:12,50070,50060.9,60,50073.05,60,0,222315
BANKNIFTY-II.NFO,10/06/2024,09:37:14,50060.95,50055.4,15,50067,30,540,222315
BANKNIFTY-II.NFO,10/06/2024,09:37:14,50047.85,50055.4,15,50067,30,0,222315
BANKNIFTY-II.NFO,10/06/2024,09:37:16,50114.05,50084.05,15,50092.1,45,615,222315
BANKNIFTY-II.NFO,10/06/2024,09:37:17,50070.95,50068.6,60,50075.6,30,210,222315
BANKNIFTY-II.NFO,10/06/2024,09:37:19,50072.4,50066.2,60,50074.6,30,105,222315
BANKNIFTY-II.NFO,10/06/2024,09:37:21,50093.65,50086.75,60,50093.7,30,120,222315
BANKNIFTY-II.NFO,10/06/2024,09:37:22,50086.05,50116.9,15,50122.5,30,315,222315
BANKNIFTY-II.NFO,10/06/2024,09:37:24,50134.05,50138.05,15,50148.6,60,270,222315
BANKNIFTY-II.NFO,10/06/2024,09:37:26,50118.65,50120.1,45,50130.45,60,165,222315
BANKNIFTY-II.NFO,10/06/2024,09:37:27,50132.9,50116.1,90,50135.8,60,45,222315
BANKNIFTY-II.NFO,10/06/2024,09:37:29,50134.05,50136.05,15,50146.1,60,60,222315
BANKNIFTY-II.NFO,10/06/2024,09:37:31,50130.6,50119.3,90,50132,15,105,222315
BANKNIFTY-II.NFO,10/06/2024,09:37:32,50134.05,50136.1,60,50147.4,60,75,222315
BANKNIFTY-II.NFO,10/06/2024,09:37:34,50134.05,50130,60,50142.1,30,0,222315
BANKNIFTY-II.NFO,10/06/2024,09:37:36,50119.3,50120.6,45,50135.7,30,195,222315
BANKNIFTY-II.NFO,10/06/2024,09:37:37,50132.05,50132.05,15,50145.3,30,45,222315
BANKNIFTY-II.NFO,10/06/2024,09:37:39,50160.05,50156.55,30,50167.6,30,120,222315
BANKNIFTY-II.NFO,10/06/2024,09:37:41,50163.1,50150.05,60,50163.1,30,75,222315
BANKNIFTY-II.NFO,10/06/2024,09:37:42,50171.7,50156.75,60,50171.7,30,60,222315
BANKNIFTY-II.NFO,10/06/2024,09:37:44,50191.3,50189,60,50191.3,15,90,222315
BANKNIFTY-II.NFO,10/06/2024,09:37:46,50200,50186.1,90,50199.7,30,30,222315
BANKNIFTY-II.NFO,10/06/2024,09:37:47,50199.35,50187.4,60,50199.95,15,45,222315
BANKNIFTY-II.NFO,10/06/2024,09:37:49,50198,50186.65,60,50199.45,45,30,222315
BANKNIFTY-II.NFO,10/06/2024,09:37:51,50198,50189.85,60,50199.35,15,0,222315
BANKNIFTY-II.NFO,10/06/2024,09:37:52,50182.05,50180.05,15,50190.3,30,75,222315
BANKNIFTY-II.NFO,10/06/2024,09:37:54,50144.85,50137.3,60,50149.35,45,435,222315
BANKNIFTY-II.NFO,10/06/2024,09:37:56,50161.05,50152.3,30,50161.05,15,195,222315
BANKNIFTY-II.NFO,10/06/2024,09:37:57,50179.75,50172.85,30,50185.6,15,30,222315
BANKNIFTY-II.NFO,10/06/2024,09:37:59,50166.05,50165.25,30,50175,15,15,222315
BANKNIFTY-II.NFO,10/06/2024,09:38:01,50166.05,50179.1,45,50189.95,15,0,222315
BANKNIFTY-II.NFO,10/06/2024,09:38:02,50166.05,50183.8,60,50195.9,15,0,222315
BANKNIFTY-II.NFO,10/06/2024,09:38:04,50200,50199.5,30,50210.55,60,240,222315
BANKNIFTY-II.NFO,10/06/2024,09:38:06,50204.4,50189.65,30,50201.65,60,15,222315
BANKNIFTY-II.NFO,10/06/2024,09:38:07,50204.4,50194.05,15,50208.45,75,0,222315
BANKNIFTY-II.NFO,10/06/2024,09:38:09,50204.4,50204.25,60,50219.95,60,0,222315
BANKNIFTY-II.NFO,10/06/2024,09:38:11,50220,50214.1,105,50224.95,60,30,222315
BANKNIFTY-II.NFO,10/06/2024,09:38:12,50209.85,50202.65,30,50213.15,60,30,222315
BANKNIFTY-II.NFO,10/06/2024,09:38:14,50220.45,50209.65,30,50220.5,60,30,222315
BANKNIFTY-II.NFO,10/06/2024,09:38:16,50220.45,50206.6,45,50221.35,90,0,222315
BANKNIFTY-II.NFO,10/06/2024,09:38:17,50225,50210.2,60,50221.95,45,15,222315
BANKNIFTY-II.NFO,10/06/2024,09:38:19,50204.5,50207.7,60,50221.6,30,165,222315
BANKNIFTY-II.NFO,10/06/2024,09:38:21,50209.2,50228.9,60,50244.5,60,30,222315
BANKNIFTY-II.NFO,10/06/2024,09:38:22,50249.65,50234.3,75,50247.8,60,105,222315
BANKNIFTY-II.NFO,10/06/2024,09:38:24,50249.65,50232.05,75,50244.85,60,0,222315
BANKNIFTY-II.NFO,10/06/2024,09:38:26,50234.15,50216.75,90,50234.2,45,75,222315
BANKNIFTY-II.NFO,10/06/2024,09:38:27,50237,50227.85,60,50240.45,30,75,222315
BANKNIFTY-II.NFO,10/06/2024,09:38:29,50244.35,50234.6,60,50245.05,30,30,222315
BANKNIFTY-II.NFO,10/06/2024,09:38:31,50244.35,50241,60,50250,60,0,222315
BANKNIFTY-II.NFO,10/06/2024,09:38:32,50221.25,50210.05,60,50216.75,15,60,222315
BANKNIFTY-II.NFO,10/06/2024,09:38:34,50221.25,50226.1,60,50240.7,45,0,222315
BANKNIFTY-II.NFO,10/06/2024,09:38:36,50221.25,50229.15,60,50240.85,45,0,222315
BANKNIFTY-II.NFO,10/06/2024,09:38:37,50221.25,50224.1,60,50238.25,30,0,222315
BANKNIFTY-II.NFO,10/06/2024,09:38:39,50221.25,50222.65,60,50233.65,30,0,222315
BANKNIFTY-II.NFO,10/06/2024,09:38:41,50210,50208.1,60,50222.2,30,30,222315
BANKNIFTY-II.NFO,10/06/2024,09:38:42,50210,50222.3,75,50239.7,30,0,222315
BANKNIFTY-II.NFO,10/06/2024,09:38:44,50210,50222.7,30,50235.45,30,0,222315
BANKNIFTY-II.NFO,10/06/2024,09:38:46,50217.25,50212.6,30,50224.5,15,15,222315
BANKNIFTY-II.NFO,10/06/2024,09:38:47,50221.25,50213.25,60,50226.15,30,30,222315
BANKNIFTY-II.NFO,10/06/2024,09:38:49,50221.25,50214.05,15,50222.8,30,0,222315
BANKNIFTY-II.NFO,10/06/2024,09:38:51,50200.1,50202.9,45,50212.1,60,150,222315
BANKNIFTY-II.NFO,10/06/2024,09:38:52,50192.55,50195.55,30,50204.95,15,225,222315
BANKNIFTY-II.NFO,10/06/2024,09:38:54,50192.1,50197.3,45,50205.45,30,60,222315
BANKNIFTY-II.NFO,10/06/2024,09:38:56,50192.1,50195.75,45,50205.6,60,0,222315
BANKNIFTY-II.NFO,10/06/2024,09:38:57,50189.65,50186.8,15,50194.3,75,15,222315
BANKNIFTY-II.NFO,10/06/2024,09:38:59,50191,50180.1,60,50191,60,105,222315
BANKNIFTY-II.NFO,10/06/2024,09:39:01,50182.85,50175.1,45,50182.8,60,255,222315
BANKNIFTY-II.NFO,10/06/2024,09:39:02,50182.85,50161.1,30,50167.1,60,0,222315
BANKNIFTY-II.NFO,10/06/2024,09:39:04,50158.6,50156.25,60,50165.15,30,105,222315
BANKNIFTY-II.NFO,10/06/2024,09:39:06,50156.75,50156.55,45,50164.45,30,150,222315
BANKNIFTY-II.NFO,10/06/2024,09:39:07,50156.75,50155.05,30,50168.05,90,0,222315
BANKNIFTY-II.NFO,10/06/2024,09:39:09,50138.8,50132.15,60,50149.35,30,255,222315
BANKNIFTY-II.NFO,10/06/2024,09:39:11,50158.35,50138.8,60,50152.55,30,15,222315
BANKNIFTY-II.NFO,10/06/2024,09:39:12,50158.35,50132.05,30,50144,30,0,222315
BANKNIFTY-II.NFO,10/06/2024,09:39:14,50122.05,50120.05,15,50136.3,45,870,222315
BANKNIFTY-II.NFO,10/06/2024,09:39:16,50123.65,50110,60,50124.8,30,60,222315
BANKNIFTY-II.NFO,10/06/2024,09:39:17,50123.65,50121.85,30,50134.95,30,0,222315
BANKNIFTY-II.NFO,10/06/2024,09:39:19,50134.85,50121.15,45,50134.3,30,15,222570
BANKNIFTY-II.NFO,10/06/2024,09:39:21,50130.9,50126.4,90,50137.9,30,30,222570
BANKNIFTY-II.NFO,10/06/2024,09:39:22,50128,50116.1,90,50130.75,60,210,222570
BANKNIFTY-II.NFO,10/06/2024,09:39:24,50112.3,50112.85,60,50127.2,60,150,222570
BANKNIFTY-II.NFO,10/06/2024,09:39:26,50121.7,50117.4,60,50124.2,30,90,222570
BANKNIFTY-II.NFO,10/06/2024,09:39:27,50128,50127.75,90,50143.4,60,90,222570
BANKNIFTY-II.NFO,10/06/2024,09:39:29,50128,50107.1,45,50118.1,30,0,222570
BANKNIFTY-II.NFO,10/06/2024,09:39:31,50128,50121.75,60,50137.9,60,0,222570
BANKNIFTY-II.NFO,10/06/2024,09:39:32,50116.05,50110,15,50118.85,60,45,222570
BANKNIFTY-II.NFO,10/06/2024,09:39:34,50107,50102.1,105,50115.6,45,270,222570
BANKNIFTY-II.NFO,10/06/2024,09:39:36,50107,50110.1,90,50130.8,45,0,222570
BANKNIFTY-II.NFO,10/06/2024,09:39:37,50110.8,50112.75,45,50124.75,60,120,222570
BANKNIFTY-II.NFO,10/06/2024,09:39:39,50110.8,50115.5,60,50131.9,75,0,222570
BANKNIFTY-II.NFO,10/06/2024,09:39:41,50110.8,50118.1,45,50130.55,75,0,222570
BANKNIFTY-II.NFO,10/06/2024,09:39:42,50127.1,50120,30,50133.05,60,30,222570
BANKNIFTY-II.NFO,10/06/2024,09:39:44,50118.1,50121.9,60,50133,60,60,222570
BANKNIFTY-II.NFO,10/06/2024,09:39:46,50138,50139.15,45,50148.95,60,15,222570
BANKNIFTY-II.NFO,10/06/2024,09:39:48,50138,50131.45,45,50140.1,60,0,222570
BANKNIFTY-II.NFO,10/06/2024,09:39:49,50131.2,50126.8,60,50141.2,60,45,222570
BANKNIFTY-II.NFO,10/06/2024,09:39:51,50131.2,50131.75,60,50144.05,60,0,222570
BANKNIFTY-II.NFO,10/06/2024,09:39:53,50143.65,50132.65,45,50144.4,75,15,222570
BANKNIFTY-II.NFO,10/06/2024,09:39:54,50148.95,50141.95,15,50148.95,15,60,222570
BANKNIFTY-II.NFO,10/06/2024,09:39:56,50148.95,50142.9,60,50149,15,0,222570
BANKNIFTY-II.NFO,10/06/2024,09:39:58,50148.95,50139.2,30,50148.95,15,0,222570
BANKNIFTY-II.NFO,10/06/2024,09:39:59,50148.95,50136.95,105,50148.95,15,0,222570
BANKNIFTY-II.NFO,10/06/2024,09:40:01,50150,50141.1,60,50150,75,60,222570
BANKNIFTY-II.NFO,10/06/2024,09:40:03,50105,50100.25,15,50109.95,135,465,222570
BANKNIFTY-II.NFO,10/06/2024,09:40:04,50111.4,50100.7,15,50111.8,120,15,222570
BANKNIFTY-II.NFO,10/06/2024,09:40:06,50111.4,50102.85,30,50115.3,120,0,222570
BANKNIFTY-II.NFO,10/06/2024,09:40:08,50110.35,50103.8,15,50117.5,135,120,222570
BANKNIFTY-II.NFO,10/06/2024,09:40:09,50116.75,50102.05,105,50112.1,150,90,222570
BANKNIFTY-II.NFO,10/06/2024,09:40:11,50105,50098.05,120,50106.8,30,285,222570
BANKNIFTY-II.NFO,10/06/2024,09:40:13,50122.55,50115.75,135,50130.55,120,120,222570
BANKNIFTY-II.NFO,10/06/2024,09:40:14,50119.75,50120.8,105,50131.25,120,15,222570
BANKNIFTY-II.NFO,10/06/2024,09:40:16,50149.95,50145.15,15,50150,75,15,222570
BANKNIFTY-II.NFO,10/06/2024,09:40:18,50150,50141.65,120,50150,60,60,222570
BANKNIFTY-II.NFO,10/06/2024,09:40:19,50141.1,50136.55,30,50148.25,120,150,222570
BANKNIFTY-II.NFO,10/06/2024,09:40:21,50141.1,50137.8,30,50150,60,0,222570
BANKNIFTY-II.NFO,10/06/2024,09:40:23,50142.15,50145.75,30,50150,60,30,222570
BANKNIFTY-II.NFO,10/06/2024,09:40:24,50156.1,50159.8,30,50173.6,120,90,222570
BANKNIFTY-II.NFO,10/06/2024,09:40:26,50165.75,50155.35,30,50166.25,30,45,222570
BANKNIFTY-II.NFO,10/06/2024,09:40:28,50157.35,50157.35,30,50165,30,15,222570
BANKNIFTY-II.NFO,10/06/2024,09:40:29,50171.7,50155.4,15,50172.6,165,75,222570
BANKNIFTY-II.NFO,10/06/2024,09:40:31,50167.65,50163.25,30,50178.7,120,75,222570
BANKNIFTY-II.NFO,10/06/2024,09:40:33,50167.65,50163.2,30,50177,135,0,222570
BANKNIFTY-II.NFO,10/06/2024,09:40:34,50178.6,50163.6,75,50177.05,120,30,222570
BANKNIFTY-II.NFO,10/06/2024,09:40:36,50178.6,50173.45,30,50185.2,120,0,222570
BANKNIFTY-II.NFO,10/06/2024,09:40:37,50178.6,50174.05,30,50184.85,120,0,222570
BANKNIFTY-II.NFO,10/06/2024,09:40:39,50182.85,50179,45,50191.1,120,15,222570
BANKNIFTY-II.NFO,10/06/2024,09:40:41,50207,50199,90,50214.4,120,330,222570
BANKNIFTY-II.NFO,10/06/2024,09:40:42,50221.5,50199.05,105,50210.15,120,15,222570
BANKNIFTY-II.NFO,10/06/2024,09:40:44,50214.2,50201.7,150,50214,120,75,222570
BANKNIFTY-II.NFO,10/06/2024,09:40:46,50209.1,50212.5,60,50225.1,120,15,222570
BANKNIFTY-II.NFO,10/06/2024,09:40:47,50223.5,50203.25,30,50220.25,120,15,222570
BANKNIFTY-II.NFO,10/06/2024,09:40:49,50223.5,50204.1,45,50218.05,120,0,222570
BANKNIFTY-II.NFO,10/06/2024,09:40:51,50224.65,50211.3,120,50224.65,120,30,222570
BANKNIFTY-II.NFO,10/06/2024,09:40:52,50208.75,50196.25,45,50202.5,30,15,222570
BANKNIFTY-II.NFO,10/06/2024,09:40:54,50197.25,50199.45,105,50211.65,120,60,222570
BANKNIFTY-II.NFO,10/06/2024,09:40:56,50215.5,50218.4,105,50228.8,120,60,222570
BANKNIFTY-II.NFO,10/06/2024,09:40:57,50215.5,50205.05,105,50219.45,120,0,222570
BANKNIFTY-II.NFO,10/06/2024,09:40:59,50215.5,50207.35,45,50221.75,150,0,222570
BANKNIFTY-II.NFO,10/06/2024,09:41:01,50215.5,50210.4,45,50220.3,120,0,222570
BANKNIFTY-II.NFO,10/06/2024,09:41:02,50215.5,50208.65,45,50221.05,120,0,222570
BANKNIFTY-II.NFO,10/06/2024,09:41:04,50199.5,50196.85,45,50206.3,120,195,222570
BANKNIFTY-II.NFO,10/06/2024,09:41:06,50199.5,50205.4,105,50209.95,30,0,222570
BANKNIFTY-II.NFO,10/06/2024,09:41:07,50207.6,50193.9,120,50206.6,105,75,222570
BANKNIFTY-II.NFO,10/06/2024,09:41:09,50207.3,50199.7,120,50207.35,15,15,222570
BANKNIFTY-II.NFO,10/06/2024,09:41:11,50207.35,50208.4,120,50219.15,105,30,222570
BANKNIFTY-II.NFO,10/06/2024,09:41:12,50207.3,50199.25,120,50213.8,105,15,222570
BANKNIFTY-II.NFO,10/06/2024,09:41:14,50214.9,50203.15,120,50215.8,90,15,222570
BANKNIFTY-II.NFO,10/06/2024,09:41:16,50214.9,50201.85,135,50215.1,90,0,222570
BANKNIFTY-II.NFO,10/06/2024,09:41:17,50214.9,50208.75,120,50220.25,90,0,222570
BANKNIFTY-II.NFO,10/06/2024,09:41:19,50205.25,50204.5,135,50217.05,105,45,222570
BANKNIFTY-II.NFO,10/06/2024,09:41:21,50220.1,50201.8,120,50217.3,90,15,222570
BANKNIFTY-II.NFO,10/06/2024,09:41:22,50229.55,50230.75,45,50242.4,90,105,222570
BANKNIFTY-II.NFO,10/06/2024,09:41:24,50255.2,50255.2,30,50260,30,135,222570
BANKNIFTY-II.NFO,10/06/2024,09:41:26,50268.7,50267.55,120,50275,15,105,222570
BANKNIFTY-II.NFO,10/06/2024,09:41:27,50257.55,50255.2,15,50263,90,165,222570
BANKNIFTY-II.NFO,10/06/2024,09:41:29,50262,50258.75,120,50273.3,90,15,222570
BANKNIFTY-II.NFO,10/06/2024,09:41:31,50257.35,50258.05,15,50274.9,120,345,222570
BANKNIFTY-II.NFO,10/06/2024,09:41:32,50272.75,50259.25,75,50269.5,45,120,222570
BANKNIFTY-II.NFO,10/06/2024,09:41:34,50272.75,50249.05,45,50253.75,45,0,222570
BANKNIFTY-II.NFO,10/06/2024,09:41:36,50272.75,50256.45,75,50272.1,30,0,222570
BANKNIFTY-II.NFO,10/06/2024,09:41:37,50272.75,50265.25,180,50275,15,15,222570
BANKNIFTY-II.NFO,10/06/2024,09:41:39,50274.1,50272.45,180,50285.25,45,45,222570
BANKNIFTY-II.NFO,10/06/2024,09:41:41,50289.1,50275.15,105,50289.35,30,30,222570
BANKNIFTY-II.NFO,10/06/2024,09:41:42,50281.4,50272.75,75,50285.15,15,30,222570
BANKNIFTY-II.NFO,10/06/2024,09:41:44,50281.4,50272.75,30,50278.8,15,0,222570
BANKNIFTY-II.NFO,10/06/2024,09:41:46,50285.15,50272.75,30,50279.3,45,105,222570
BANKNIFTY-II.NFO,10/06/2024,09:41:47,50285.15,50272.75,30,50275.45,45,0,222570
BANKNIFTY-II.NFO,10/06/2024,09:41:49,50267.6,50258.45,75,50269.8,45,105,222570
BANKNIFTY-II.NFO,10/06/2024,09:41:51,50272.75,50268.85,60,50280.4,30,15,222570
BANKNIFTY-II.NFO,10/06/2024,09:41:52,50272.75,50280.4,30,50285.2,135,0,222570
BANKNIFTY-II.NFO,10/06/2024,09:41:54,50265.5,50266,45,50278.55,120,150,222570
BANKNIFTY-II.NFO,10/06/2024,09:41:56,50265.5,50274.35,30,50285,15,0,222570
BANKNIFTY-II.NFO,10/06/2024,09:41:57,50265.5,50268.65,30,50277.6,45,0,222570
BANKNIFTY-II.NFO,10/06/2024,09:41:59,50268.65,50262.25,15,50273.75,30,15,222570
BANKNIFTY-II.NFO,10/06/2024,09:42:01,50268.65,50260.55,15,50273.95,15,0,222570
BANKNIFTY-II.NFO,10/06/2024,09:42:03,50267.45,50267,15,50279.5,30,45,222570
BANKNIFTY-II.NFO,10/06/2024,09:42:04,50267.45,50253.7,30,50268.55,15,0,222570
BANKNIFTY-II.NFO,10/06/2024,09:42:06,50266.15,50252.6,30,50264.45,30,45,222570
BANKNIFTY-II.NFO,10/06/2024,09:42:08,50248.3,50237.15,30,50252.5,120,30,222570
BANKNIFTY-II.NFO,10/06/2024,09:42:09,50239.2,50222.05,30,50233.95,30,75,222570
BANKNIFTY-II.NFO,10/06/2024,09:42:11,50239.8,50230.05,45,50246.7,30,105,222570
BANKNIFTY-II.NFO,10/06/2024,09:42:13,50272,50273.6,45,50284.5,60,750,222570
BANKNIFTY-II.NFO,10/06/2024,09:42:14,50272,50270.3,45,50284.95,120,0,222570
BANKNIFTY-II.NFO,10/06/2024,09:42:16,50272,50272.4,45,50281.3,30,0,222570
BANKNIFTY-II.NFO,10/06/2024,09:42:18,50280.1,50273.5,45,50284.95,120,15,222570
BANKNIFTY-II.NFO,10/06/2024,09:42:19,50273.5,50274.1,30,50284.3,120,15,222570
BANKNIFTY-II.NFO,10/06/2024,09:42:21,50273.5,50266.4,150,50276.6,30,0,222570
BANKNIFTY-II.NFO,10/06/2024,09:42:23,50273.5,50265,45,50277.05,120,0,222570
BANKNIFTY-II.NFO,10/06/2024,09:42:24,50273.5,50273.3,45,50282.15,120,0,222570
BANKNIFTY-II.NFO,10/06/2024,09:42:26,50289,50283,15,50294.95,120,30,225075
BANKNIFTY-II.NFO,10/06/2024,09:42:28,50289,50283,30,50293.15,120,0,225075
BANKNIFTY-II.NFO,10/06/2024,09:42:29,50289,50285,15,50291.95,135,0,225075
BANKNIFTY-II.NFO,10/06/2024,09:42:31,50294.95,50285.1,15,50294.95,120,15,225075
BANKNIFTY-II.NFO,10/06/2024,09:42:33,50294.95,50285.25,15,50294.95,120,0,225075
BANKNIFTY-II.NFO,10/06/2024,09:42:34,50301.95,50299.6,30,50315.4,120,615,225075
BANKNIFTY-II.NFO,10/06/2024,09:42:36,50301.5,50298.6,60,50312.5,120,390,225075
BANKNIFTY-II.NFO,10/06/2024,09:42:38,50301.5,50308.35,60,50323.95,135,0,225075
BANKNIFTY-II.NFO,10/06/2024,09:42:39,50319.25,50305.1,180,50316.25,15,15,225075
BANKNIFTY-II.NFO,10/06/2024,09:42:41,50319.25,50312.6,75,50325,15,0,225075
BANKNIFTY-II.NFO,10/06/2024,09:42:43,50319.25,50310,60,50321.65,15,0,225075
BANKNIFTY-II.NFO,10/06/2024,09:42:44,50319.25,50307.25,60,50318.95,15,0,225075
BANKNIFTY-II.NFO,10/06/2024,09:42:46,50309.35,50298.65,45,50308.4,45,180,225075
BANKNIFTY-II.NFO,10/06/2024,09:42:48,50309.35,50305.05,30,50317.05,15,0,225075
BANKNIFTY-II.NFO,10/06/2024,09:42:49,50292.4,50292.4,90,50294.75,135,60,225075
BANKNIFTY-II.NFO,10/06/2024,09:42:51,50292.4,50286.75,45,50298.35,120,0,225075
BANKNIFTY-II.NFO,10/06/2024,09:42:53,50292.4,50296.8,60,50309.25,45,0,225075
BANKNIFTY-II.NFO,10/06/2024,09:42:54,50292.4,50290.45,90,50303.35,45,0,225075
BANKNIFTY-II.NFO,10/06/2024,09:42:56,50293.1,50306.3,60,50318.3,120,15,225075
BANKNIFTY-II.NFO,10/06/2024,09:42:58,50307.2,50301.45,30,50309.65,30,60,225075
BANKNIFTY-II.NFO,10/06/2024,09:42:59,50307.2,50302.4,75,50316,120,0,225075
BANKNIFTY-II.NFO,10/06/2024,09:43:01,50302.4,50305.65,60,50316.2,135,30,225075
BANKNIFTY-II.NFO,10/06/2024,09:43:03,50303.3,50297.4,30,50311.4,135,105,225075
BANKNIFTY-II.NFO,10/06/2024,09:43:04,50314.75,50302,60,50313.65,135,75,225075
BANKNIFTY-II.NFO,10/06/2024,09:43:06,50313.55,50300.6,30,50310.55,135,30,225075
BANKNIFTY-II.NFO,10/06/2024,09:43:08,50313.55,50305.25,30,50317.9,120,0,225075
BANKNIFTY-II.NFO,10/06/2024,09:43:09,50313.55,50302,90,50314.95,30,0,225075
BANKNIFTY-II.NFO,10/06/2024,09:43:11,50299.3,50293.45,105,50301.8,30,75,225075
BANKNIFTY-II.NFO,10/06/2024,09:43:13,50299.3,50283.6,105,50298.8,120,0,225075
BANKNIFTY-II.NFO,10/06/2024,09:43:14,50299.3,50296.9,135,50308.65,120,0,225075
BANKNIFTY-II.NFO,10/06/2024,09:43:16,50298.2,50290.25,90,50302.5,120,75,225075
BANKNIFTY-II.NFO,10/06/2024,09:43:18,50287.65,50290.2,30,50302,120,525,225075
BANKNIFTY-II.NFO,10/06/2024,09:43:19,50287.65,50280.45,120,50292.35,120,0,225075
BANKNIFTY-II.NFO,10/06/2024,09:43:21,50287.65,50280.4,15,50287.6,105,0,225075
BANKNIFTY-II.NFO,10/06/2024,09:43:23,50287.65,50280.4,15,50287.25,105,0,225075
BANKNIFTY-II.NFO,10/06/2024,09:43:24,50269.3,50259.65,120,50271.4,105,570,225075
BANKNIFTY-II.NFO,10/06/2024,09:43:26,50269.3,50263.1,135,50275.7,120,0,225075
BANKNIFTY-II.NFO,10/06/2024,09:43:28,50278.7,50262,120,50276,90,30,225075
BANKNIFTY-II.NFO,10/06/2024,09:43:29,50275.5,50267.8,120,50281.2,105,15,225075
BANKNIFTY-II.NFO,10/06/2024,09:43:31,50275.95,50272.15,135,50284.7,90,45,225075
BANKNIFTY-II.NFO,10/06/2024,09:43:33,50275.95,50271.35,15,50282.5,75,0,225075
BANKNIFTY-II.NFO,10/06/2024,09:43:34,50275.95,50260,30,50265.35,90,0,225075
BANKNIFTY-II.NFO,10/06/2024,09:43:36,50267.4,50260,30,50266.6,60,15,225075
BANKNIFTY-II.NFO,10/06/2024,09:43:38,50270,50260,30,50265.7,75,15,225075
BANKNIFTY-II.NFO,10/06/2024,09:43:39,50253.85,50253.85,15,50263.85,60,45,225075
BANKNIFTY-II.NFO,10/06/2024,09:43:41,50253.85,50251,30,50260.2,60,0,225075
BANKNIFTY-II.NFO,10/06/2024,09:43:43,50250,50250,390,50254.3,45,150,225075
BANKNIFTY-II.NFO,10/06/2024,09:43:44,50243.1,50230.6,120,50242.8,45,465,225075
BANKNIFTY-II.NFO,10/06/2024,09:43:46,50242.3,50232.65,15,50244,30,75,225075
BANKNIFTY-II.NFO,10/06/2024,09:43:48,50237,50237,15,50246.5,30,30,225075
BANKNIFTY-II.NFO,10/06/2024,09:43:49,50249.45,50244.65,15,50256.15,45,60,225075
BANKNIFTY-II.NFO,10/06/2024,09:43:51,50249.45,50255.2,45,50266.65,45,0,225075
BANKNIFTY-II.NFO,10/06/2024,09:43:53,50249.45,50246.7,45,50258.55,45,0,225075
BANKNIFTY-II.NFO,10/06/2024,09:43:54,50249.45,50261.45,45,50273.4,45,0,225075
BANKNIFTY-II.NFO,10/06/2024,09:43:56,50249.45,50260.6,30,50272.05,30,0,225075
BANKNIFTY-II.NFO,10/06/2024,09:43:58,50249.45,50248.35,120,50262.9,30,0,225075
BANKNIFTY-II.NFO,10/06/2024,09:43:59,50249.45,50256.4,120,50268.95,30,0,225075
BANKNIFTY-II.NFO,10/06/2024,09:44:01,50249.45,50253.15,135,50267.45,30,0,225075
BANKNIFTY-II.NFO,10/06/2024,09:44:03,50253.05,50260.15,45,50269.75,15,15,225075
BANKNIFTY-II.NFO,10/06/2024,09:44:04,50253.05,50256.25,135,50267.85,30,0,225075
BANKNIFTY-II.NFO,10/06/2024,09:44:06,50263.75,50258.25,60,50268.45,30,195,225075
BANKNIFTY-II.NFO,10/06/2024,09:44:08,50263.75,50255.55,60,50268.15,45,0,225075
BANKNIFTY-II.NFO,10/06/2024,09:44:09,50272.95,50256.15,75,50265.7,120,45,225075
BANKNIFTY-II.NFO,10/06/2024,09:44:11,50272.95,50256.15,75,50271.1,120,0,225075
BANKNIFTY-II.NFO,10/06/2024,09:44:13,50272.95,50239.6,30,50248.3,120,0,225075
BANKNIFTY-II.NFO,10/06/2024,09:44:14,50235.85,50222,15,50231.15,120,120,225075
BANKNIFTY-II.NFO,10/06/2024,09:44:16,50235.85,50227.35,90,50239.85,120,0,225075
BANKNIFTY-II.NFO,10/06/2024,09:44:18,50235.85,50223.55,90,50233.9,30,0,225075
BANKNIFTY-II.NFO,10/06/2024,09:44:19,50230,50222,15,50229.65,15,15,225075
BANKNIFTY-II.NFO,10/06/2024,09:44:21,50230,50222.05,75,50231.55,120,0,225075
BANKNIFTY-II.NFO,10/06/2024,09:44:23,50222,50212.1,45,50222,135,15,225075
BANKNIFTY-II.NFO,10/06/2024,09:44:24,50222,50213.65,75,50225.75,120,0,225075
BANKNIFTY-II.NFO,10/06/2024,09:44:26,50222,50215.85,75,50230.15,120,0,225075
BANKNIFTY-II.NFO,10/06/2024,09:44:28,50222,50212.1,45,50218.95,120,0,225075
BANKNIFTY-II.NFO,10/06/2024,09:44:29,50218.95,50210.1,30,50219.1,120,75,225075
BANKNIFTY-II.NFO,10/06/2024,09:44:31,50218.95,50220.15,105,50231.2,30,0,225075
BANKNIFTY-II.NFO,10/06/2024,09:44:33,50229.25,50212.7,135,50225.25,135,15,225075
BANKNIFTY-II.NFO,10/06/2024,09:44:34,50229.25,50211.7,120,50223.95,150,0,225075
BANKNIFTY-II.NFO,10/06/2024,09:44:36,50229.25,50222.8,15,50232.95,120,0,225075
BANKNIFTY-II.NFO,10/06/2024,09:44:38,50229.25,50211.9,135,50223.8,135,0,225075
BANKNIFTY-II.NFO,10/06/2024,09:44:39,50229.25,50217.05,120,50229.05,120,0,225075
BANKNIFTY-II.NFO,10/06/2024,09:44:41,50229.25,50223.45,120,50236.35,120,0,225075
BANKNIFTY-II.NFO,10/06/2024,09:44:43,50229.25,50237.5,45,50244.9,120,0,225075
BANKNIFTY-II.NFO,10/06/2024,09:44:44,50229.25,50237.75,45,50246.15,120,0,225075
BANKNIFTY-II.NFO,10/06/2024,09:44:46,50229.25,50230.85,45,50234.45,135,0,225075
BANKNIFTY-II.NFO,10/06/2024,09:44:48,50229.25,50230.85,45,50237.45,135,0,225075
BANKNIFTY-II.NFO,10/06/2024,09:44:49,50229.25,50229.9,45,50240.15,150,0,225075
BANKNIFTY-II.NFO,10/06/2024,09:44:51,50229.25,50228.8,45,50234,135,0,225075
BANKNIFTY-II.NFO,10/06/2024,09:44:53,50228.8,50221.15,120,50234.95,120,45,225075
BANKNIFTY-II.NFO,10/06/2024,09:44:54,50228.8,50219.3,135,50230.7,135,0,225075
BANKNIFTY-II.NFO,10/06/2024,09:44:56,50214.15,50215.2,30,50229.9,45,375,225075
BANKNIFTY-II.NFO,10/06/2024,09:44:58,50207.9,50201,15,50210.4,15,105,225075
BANKNIFTY-II.NFO,10/06/2024,09:44:59,50207.9,50201,15,50210.65,150,0,225075
BANKNIFTY-II.NFO,10/06/2024,09:45:01,50184.3,50188.15,30,50201.6,30,495,225075
BANKNIFTY-II.NFO,10/06/2024,09:45:03,50180.65,50186.6,30,50199.15,30,15,225075
BANKNIFTY-II.NFO,10/06/2024,09:45:04,50180.65,50199.75,30,50211.05,120,0,225075
BANKNIFTY-II.NFO,10/06/2024,09:45:06,50180.65,50204.1,30,50215.45,30,0,225075
BANKNIFTY-II.NFO,10/06/2024,09:45:08,50210.95,50208.75,30,50224,120,30,225075
BANKNIFTY-II.NFO,10/06/2024,09:45:09,50222.35,50198.8,30,50211.05,30,15,225075
BANKNIFTY-II.NFO,10/06/2024,09:45:11,50202.25,50201.15,60,50215.55,45,15,225075
BANKNIFTY-II.NFO,10/06/2024,09:45:13,50202.25,50208.05,30,50224.4,120,0,225075
BANKNIFTY-II.NFO,10/06/2024,09:45:14,50209.85,50202.8,60,50215.6,15,15,225075
BANKNIFTY-II.NFO,10/06/2024,09:45:16,50212,50211.65,15,50213.8,120,105,225075
BANKNIFTY-II.NFO,10/06/2024,09:45:18,50194.15,50194,45,50197.35,30,30,225075
BANKNIFTY-II.NFO,10/06/2024,09:45:19,50194.25,50194.05,30,50210.45,120,90,226020
BANKNIFTY-II.NFO,10/06/2024,09:45:21,50194.25,50194,45,50199.7,120,0,226020
BANKNIFTY-II.NFO,10/06/2024,09:45:23,50194.25,50194.25,15,50197.95,45,0,226020
BANKNIFTY-II.NFO,10/06/2024,09:45:24,50194,50183.1,30,50194.7,135,60,226020
BANKNIFTY-II.NFO,10/06/2024,09:45:26,50193.6,50182,30,50193.8,165,45,226020
BANKNIFTY-II.NFO,10/06/2024,09:45:28,50183.8,50185.2,45,50195.4,150,30,226020
BANKNIFTY-II.NFO,10/06/2024,09:45:29,50198.8,50194.3,30,50206.1,120,30,226020
BANKNIFTY-II.NFO,10/06/2024,09:45:31,50207.6,50196.25,60,50210.1,135,60,226020
BANKNIFTY-II.NFO,10/06/2024,09:45:33,50194.1,50190.85,30,50202.45,120,30,226020
BANKNIFTY-II.NFO,10/06/2024,09:45:34,50194.1,50199.05,30,50210.8,135,0,226020
BANKNIFTY-II.NFO,10/06/2024,09:45:36,50194.1,50191.2,30,50202.9,135,0,226020
BANKNIFTY-II.NFO,10/06/2024,09:45:38,50194.1,50190.1,30,50201.5,150,0,226020
BANKNIFTY-II.NFO,10/06/2024,09:45:39,50194.1,50195.05,30,50206.25,120,0,226020
BANKNIFTY-II.NFO,10/06/2024,09:45:41,50194.1,50195,75,50201.75,120,0,226020
BANKNIFTY-II.NFO,10/06/2024,09:45:43,50195,50192.1,30,50203.4,120,75,226020
BANKNIFTY-II.NFO,10/06/2024,09:45:44,50195,50199.1,30,50212,120,0,226020
BANKNIFTY-II.NFO,10/06/2024,09:45:46,50219.9,50204.95,45,50217.05,135,15,226020
BANKNIFTY-II.NFO,10/06/2024,09:45:48,50219.9,50195.95,45,50205.3,30,0,226020
BANKNIFTY-II.NFO,10/06/2024,09:45:49,50219.9,50197.4,45,50210.6,150,0,226020
BANKNIFTY-II.NFO,10/06/2024,09:45:51,50219.9,50190.05,45,50201.4,120,0,226020
BANKNIFTY-II.NFO,10/06/2024,09:45:53,50197.25,50185.25,60,50197.25,135,15,226020
BANKNIFTY-II.NFO,10/06/2024,09:45:54,50197.25,50191.6,90,50205.1,120,0,226020
BANKNIFTY-II.NFO,10/06/2024,09:45:56,50199.9,50188.15,30,50200.1,120,90,226020
BANKNIFTY-II.NFO,10/06/2024,09:45:58,50199.9,50182.6,30,50194,120,0,226020
BANKNIFTY-II.NFO,10/06/2024,09:45:59,50199.9,50180,15,50188.9,120,0,226020
BANKNIFTY-II.NFO,10/06/2024,09:46:01,50167.4,50160.3,60,50170.75,120,135,226020
BANKNIFTY-II.NFO,10/06/2024,09:46:03,50167.4,50165.2,60,50178.1,120,0,226020
BANKNIFTY-II.NFO,10/06/2024,09:46:04,50167.4,50159.65,75,50172.5,120,45,226020
BANKNIFTY-II.NFO,10/06/2024,09:46:06,50167.4,50157.15,15,50166.5,120,0,226020
BANKNIFTY-II.NFO,10/06/2024,09:46:08,50167.4,50156.25,75,50164.6,30,0,226020
BANKNIFTY-II.NFO,10/06/2024,09:46:09,50167.4,50162.25,60,50170,150,0,226020
BANKNIFTY-II.NFO,10/06/2024,09:46:11,50170,50163,45,50169.65,120,90,226020
BANKNIFTY-II.NFO,10/06/2024,09:46:13,50170,50164.8,15,50170,75,0,226020
BANKNIFTY-II.NFO,10/06/2024,09:46:14,50162.7,50162.45,45,50169.15,120,30,226020
BANKNIFTY-II.NFO,10/06/2024,09:46:16,50169.95,50160.1,15,50169.95,135,15,226020
BANKNIFTY-II.NFO,10/06/2024,09:46:18,50147.4,50144.9,30,50151,120,300,226020
BANKNIFTY-II.NFO,10/06/2024,09:46:19,50144.75,50140,75,50144.6,135,45,226020
BANKNIFTY-II.NFO,10/06/2024,09:46:21,50158.55,50148.4,15,50158.5,120,30,226020
BANKNIFTY-II.NFO,10/06/2024,09:46:23,50150.25,50144.35,45,50148.65,120,30,226020
BANKNIFTY-II.NFO,10/06/2024,09:46:25,50129,50125,15,50131.6,120,195,226020
BANKNIFTY-II.NFO,10/06/2024,09:46:26,50142.1,50132,45,50138.05,60,75,226020
BANKNIFTY-II.NFO,10/06/2024,09:46:28,50142.1,50133.8,15,50143.4,60,0,226020
BANKNIFTY-II.NFO,10/06/2024,09:46:30,50133.55,50132.6,120,50144.8,60,45,226020
BANKNIFTY-II.NFO,10/06/2024,09:46:31,50133.55,50140.9,120,50145.95,15,0,226020
BANKNIFTY-II.NFO,10/06/2024,09:46:33,50136.1,50136,120,50145.8,105,75,226020
BANKNIFTY-II.NFO,10/06/2024,09:46:35,50145.85,50153.85,120,50166.6,120,75,226020
BANKNIFTY-II.NFO,10/06/2024,09:46:36,50145.85,50153.85,120,50165.4,45,0,226020
BANKNIFTY-II.NFO,10/06/2024,09:46:38,50164.4,50142.65,120,50160.65,90,15,226020
BANKNIFTY-II.NFO,10/06/2024,09:46:40,50164.4,50133.45,120,50144.3,90,0,226020
BANKNIFTY-II.NFO,10/06/2024,09:46:41,50140,50138.7,120,50144.25,15,30,226020
BANKNIFTY-II.NFO,10/06/2024,09:46:43,50146.15,50146.3,105,50151.8,15,60,226020
BANKNIFTY-II.NFO,10/06/2024,09:46:45,50151.75,50151.55,15,50151.85,15,30,226020
BANKNIFTY-II.NFO,10/06/2024,09:46:46,50149.65,50146.7,45,50154.1,15,165,226020
BANKNIFTY-II.NFO,10/06/2024,09:46:48,50154.1,50152.15,75,50164.55,120,15,226020
BANKNIFTY-II.NFO,10/06/2024,09:46:50,50154.1,50160.8,30,50169.15,15,0,226020
BANKNIFTY-II.NFO,10/06/2024,09:46:51,50154.1,50158.85,30,50169.1,15,0,226020
BANKNIFTY-II.NFO,10/06/2024,09:46:53,50158.85,50149.45,45,50163.3,120,15,226020
BANKNIFTY-II.NFO,10/06/2024,09:46:55,50158.85,50153.3,60,50166.85,30,0,226020
BANKNIFTY-II.NFO,10/06/2024,09:46:56,50166.85,50153.3,30,50165.15,15,15,226020
BANKNIFTY-II.NFO,10/06/2024,09:46:58,50153.3,50159.4,30,50169.15,15,30,226020
BANKNIFTY-II.NFO,10/06/2024,09:47:00,50169.15,50160.5,60,50170,75,15,226020
BANKNIFTY-II.NFO,10/06/2024,09:47:01,50179.05,50173.1,45,50187.75,120,90,226020
BANKNIFTY-II.NFO,10/06/2024,09:47:03,50179.05,50175.9,15,50187.7,120,0,226020
BANKNIFTY-II.NFO,10/06/2024,09:47:05,50176.75,50175.9,75,50186.95,15,15,226020
BANKNIFTY-II.NFO,10/06/2024,09:47:06,50188.15,50192.25,45,50200,60,30,226020
BANKNIFTY-II.NFO,10/06/2024,09:47:08,50200,50191.95,45,50203.85,30,60,226020
BANKNIFTY-II.NFO,10/06/2024,09:47:10,50203.65,50185.05,75,50199.85,30,30,226020
BANKNIFTY-II.NFO,10/06/2024,09:47:11,50203.65,50190.8,45,50200,15,0,226020
BANKNIFTY-II.NFO,10/06/2024,09:47:13,50200,50195.3,75,50211.45,135,15,226020
BANKNIFTY-II.NFO,10/06/2024,09:47:15,50208.45,50192.55,75,50203.65,60,15,226020
BANKNIFTY-II.NFO,10/06/2024,09:47:16,50205.4,50188.7,105,50201.95,120,240,226020
BANKNIFTY-II.NFO,10/06/2024,09:47:18,50205.4,50184.1,75,50196.6,120,0,226020
BANKNIFTY-II.NFO,10/06/2024,09:47:20,50205.4,50194.2,105,50201,150,0,226020
BANKNIFTY-II.NFO,10/06/2024,09:47:21,50201,50200,30,50207.25,150,150,226020
BANKNIFTY-II.NFO,10/06/2024,09:47:23,50201.95,50190.8,90,50201.95,120,45,226020
BANKNIFTY-II.NFO,10/06/2024,09:47:25,50201.95,50189.85,45,50201.15,120,0,226020
BANKNIFTY-II.NFO,10/06/2024,09:47:26,50201.95,50196.25,90,50209.4,120,0,226020
BANKNIFTY-II.NFO,10/06/2024,09:47:28,50194.9,50190.05,90,50201,120,30,226020
BANKNIFTY-II.NFO,10/06/2024,09:47:30,50190.85,50202.35,45,50209.1,135,300,226020
BANKNIFTY-II.NFO,10/06/2024,09:47:31,50202.35,50197.4,30,50202.3,30,15,226020
BANKNIFTY-II.NFO,10/06/2024,09:47:33,50196.45,50196.4,30,50202.3,15,15,226020
BANKNIFTY-II.NFO,10/06/2024,09:47:35,50202.35,50202.2,45,50213.9,30,30,226020
BANKNIFTY-II.NFO,10/06/2024,09:47:36,50202.35,50196.4,45,50202.6,135,0,226020
BANKNIFTY-II.NFO,10/06/2024,09:47:38,50202.35,50196.4,45,50202,15,0,226020
BANKNIFTY-II.NFO,10/06/2024,09:47:40,50202,50200.25,45,50213.3,135,15,226020
BANKNIFTY-II.NFO,10/06/2024,09:47:41,50200,50194.8,45,50206.5,150,30,226020
BANKNIFTY-II.NFO,10/06/2024,09:47:43,50200,50195.75,60,50207.65,135,0,226020
BANKNIFTY-II.NFO,10/06/2024,09:47:45,50205.25,50195.8,45,50205.1,135,15,226020
BANKNIFTY-II.NFO,10/06/2024,09:47:46,50203.9,50193.6,45,50199.3,120,15,226020
BANKNIFTY-II.NFO,10/06/2024,09:47:48,50181.1,50178.35,30,50181.05,105,225,226020
BANKNIFTY-II.NFO,10/06/2024,09:47:50,50182.45,50178.45,45,50183.75,105,15,226020
BANKNIFTY-II.NFO,10/06/2024,09:47:51,50182.45,50182.15,45,50187.5,105,0,226020
BANKNIFTY-II.NFO,10/06/2024,09:47:53,50182.15,50164.45,45,50176.75,90,45,226020
BANKNIFTY-II.NFO,10/06/2024,09:47:55,50182.15,50180.9,45,50191.15,90,0,226020
BANKNIFTY-II.NFO,10/06/2024,09:47:56,50182.15,50181.8,30,50194.4,90,0,226020
BANKNIFTY-II.NFO,10/06/2024,09:47:58,50182.15,50181.75,45,50189.9,90,0,226020
BANKNIFTY-II.NFO,10/06/2024,09:48:00,50182.15,50182.75,120,50194.95,90,0,226020
BANKNIFTY-II.NFO,10/06/2024,09:48:01,50181.75,50177,45,50185,120,150,226020
BANKNIFTY-II.NFO,10/06/2024,09:48:03,50181.75,50181.6,60,50191.15,150,0,226020
BANKNIFTY-II.NFO,10/06/2024,09:48:05,50181.75,50181.8,30,50191.9,120,0,226020
BANKNIFTY-II.NFO,10/06/2024,09:48:06,50181.75,50181.65,15,50185.55,120,0,226020
BANKNIFTY-II.NFO,10/06/2024,09:48:10,50181.65,50177.05,15,50184.65,120,30,226020
BANKNIFTY-II.NFO,10/06/2024,09:48:11,50178.3,50177.05,15,50181.55,120,30,226020
BANKNIFTY-II.NFO,10/06/2024,09:48:13,50178.3,50179.9,45,50191.55,135,0,226020
BANKNIFTY-II.NFO,10/06/2024,09:48:15,50195.05,50184.9,15,50195.25,150,15,226020
BANKNIFTY-II.NFO,10/06/2024,09:48:16,50195.05,50184.9,15,50192.8,150,0,226020
BANKNIFTY-II.NFO,10/06/2024,09:48:18,50184.9,50184.7,45,50188.4,120,15,226020
BANKNIFTY-II.NFO,10/06/2024,09:48:20,50183.5,50177.2,60,50186.1,30,105,226020
BANKNIFTY-II.NFO,10/06/2024,09:48:21,50183.5,50185.65,60,50198.2,120,0,226020
BANKNIFTY-II.NFO,10/06/2024,09:48:23,50183.5,50192,60,50200,30,0,226020
BANKNIFTY-II.NFO,10/06/2024,09:48:25,50200,50192.15,15,50200,15,15,226740
BANKNIFTY-II.NFO,10/06/2024,09:48:26,50200,50192.8,60,50200,15,0,226740
BANKNIFTY-II.NFO,10/06/2024,09:48:28,50200,50191.8,60,50200,15,0,226740
BANKNIFTY-II.NFO,10/06/2024,09:48:30,50191.85,50191.75,15,50200,30,75,226740
BANKNIFTY-II.NFO,10/06/2024,09:48:31,50191.85,50191.8,15,50198.1,120,0,226740
BANKNIFTY-II.NFO,10/06/2024,09:48:33,50191.7,50172.3,15,50184.6,30,60,226740
BANKNIFTY-II.NFO,10/06/2024,09:48:35,50188.6,50181.8,45,50188.6,120,30,226740
BANKNIFTY-II.NFO,10/06/2024,09:48:36,50188.6,50181.8,45,50189.35,120,0,226740
BANKNIFTY-II.NFO,10/06/2024,09:48:38,50188.6,50181.85,30,50191.7,120,0,226740
BANKNIFTY-II.NFO,10/06/2024,09:48:40,50181.8,50169.55,30,50182.05,120,45,226740
BANKNIFTY-II.NFO,10/06/2024,09:48:41,50172.7,50171.35,30,50185,120,30,226740
BANKNIFTY-II.NFO,10/06/2024,09:48:43,50172.7,50175.65,30,50188,135,0,226740
BANKNIFTY-II.NFO,10/06/2024,09:48:45,50186.1,50174.65,30,50186.25,15,30,226740
BANKNIFTY-II.NFO,10/06/2024,09:48:46,50186.1,50160,45,50170.75,45,0,226740
BANKNIFTY-II.NFO,10/06/2024,09:48:48,50160,50155.5,45,50163.75,120,45,226740
BANKNIFTY-II.NFO,10/06/2024,09:48:50,50160,50155.35,45,50165.3,120,0,226740
BANKNIFTY-II.NFO,10/06/2024,09:48:51,50160,50154.95,45,50160.4,120,0,226740
BANKNIFTY-II.NFO,10/06/2024,09:48:53,50160,50154.25,45,50162.75,120,0,226740
BANKNIFTY-II.NFO,10/06/2024,09:48:55,50162.4,50154,45,50160.8,135,30,226740
BANKNIFTY-II.NFO,10/06/2024,09:48:56,50153.45,50150,600,50153.55,150,45,226740
BANKNIFTY-II.NFO,10/06/2024,09:48:58,50144.45,50140.05,45,50150.7,90,855,226740
BANKNIFTY-II.NFO,10/06/2024,09:49:00,50144.45,50147.35,120,50157.8,90,0,226740
BANKNIFTY-II.NFO,10/06/2024,09:49:01,50144.45,50150,45,50159.8,90,0,226740
BANKNIFTY-II.NFO,10/06/2024,09:49:03,50157.85,50149.75,75,50161.95,15,150,226740
BANKNIFTY-II.NFO,10/06/2024,09:49:05,50148.65,50151.85,45,50163.25,15,90,226740
BANKNIFTY-II.NFO,10/06/2024,09:49:06,50148.65,50161.5,75,50173.25,30,0,226740
BANKNIFTY-II.NFO,10/06/2024,09:49:08,50148.65,50178.4,165,50186,15,0,226740
BANKNIFTY-II.NFO,10/06/2024,09:49:10,50186,50171.5,120,50185.45,45,15,226740
BANKNIFTY-II.NFO,10/06/2024,09:49:11,50185.1,50176.55,45,50187.4,30,15,226740
BANKNIFTY-II.NFO,10/06/2024,09:49:13,50185.1,50177.2,75,50188.6,30,0,226740
BANKNIFTY-II.NFO,10/06/2024,09:49:15,50185.1,50178.55,30,50188.6,30,0,226740
BANKNIFTY-II.NFO,10/06/2024,09:49:16,50188.45,50157.65,120,50173.9,30,30,226740
BANKNIFTY-II.NFO,10/06/2024,09:49:18,50188.45,50168.7,30,50180.8,30,0,226740
BANKNIFTY-II.NFO,10/06/2024,09:49:20,50188.45,50166.85,30,50178.7,30,0,226740
BANKNIFTY-II.NFO,10/06/2024,09:49:21,50166.6,50168.3,45,50179.85,30,15,226740
BANKNIFTY-II.NFO,10/06/2024,09:49:23,50166.6,50166.9,30,50179.9,45,0,226740
