Ticker,Date,Time,LTP,BuyPrice,BuyQty,SellPrice,SellQty,LTQ,OpenInterest
NIFTY-I.NFO,10/06/2024,09:15:00,23301,23329.6,125,23362.45,25,300,0
NIFTY-I.NFO,10/06/2024,09:15:00,23301,23329.6,125,23362.45,25,0,0
NIFTY-I.NFO,10/06/2024,09:15:00,23355.5,23329.6,125,23362.45,25,0,0
NIFTY-I.NFO,10/06/2024,09:15:00,23301,23329.6,125,23362.45,25,0,0
NIFTY-I.NFO,10/06/2024,09:15:01,23343.7,23336.8,100,23343.6,75,6075,13112825
NIFTY-I.NFO,10/06/2024,09:15:01,23360,23336.8,100,23343.6,75,0,13112825
NIFTY-I.NFO,10/06/2024,09:15:03,23349,23344.9,100,23349,75,9450,13112825
NIFTY-I.NFO,10/06/2024,09:15:04,23345,23345,75,23348.5,50,3875,13112825
NIFTY-I.NFO,10/06/2024,09:15:06,23350.05,23344.7,225,23350.4,100,5475,13112825
NIFTY-I.NFO,10/06/2024,09:15:07,23340.8,23340.75,25,23345.95,100,4375,13112825
NIFTY-I.NFO,10/06/2024,09:15:09,23346.95,23346.3,175,23346.95,25,3750,13112825
NIFTY-I.NFO,10/06/2024,09:15:10,23346.95,23344.4,75,23349.95,100,2075,13112825
NIFTY-I.NFO,10/06/2024,09:15:12,23356.65,23350.7,25,23356.7,25,3900,13112825
NIFTY-I.NFO,10/06/2024,09:15:14,23358.6,23353.7,25,23359.2,25,10900,13112825
NIFTY-I.NFO,10/06/2024,09:15:15,23363.6,23363.2,75,23363.55,25,8225,13112825
NIFTY-I.NFO,10/06/2024,09:15:15,23364,23363.2,75,23363.55,25,0,13112825
NIFTY-I.NFO,10/06/2024,09:15:17,23366.95,23361.35,25,23366.75,50,7425,13112825
NIFTY-I.NFO,10/06/2024,09:15:17,23366.95,23361.35,25,23366.75,50,0,13112825
NIFTY-I.NFO,10/06/2024,09:15:18,23368.9,23365.2,200,23368.9,25,3450,13112825
NIFTY-I.NFO,10/06/2024,09:15:18,23369,23365.2,200,23368.9,25,0,13112825
NIFTY-I.NFO,10/06/2024,09:15:20,23375,23371.95,150,23375,175,6500,13106100
NIFTY-I.NFO,10/06/2024,09:15:20,23375,23371.95,150,23375,175,0,13106100
NIFTY-I.NFO,10/06/2024,09:15:22,23368.5,23368.5,25,23374.7,100,2825,13106100
NIFTY-I.NFO,10/06/2024,09:15:22,23379.45,23368.5,25,23374.7,100,0,13106100
NIFTY-I.NFO,10/06/2024,09:15:23,23368.3,23369.05,300,23373.65,25,4300,13106100
NIFTY-I.NFO,10/06/2024,09:15:25,23373.75,23373.7,125,23377.8,175,4475,13106100
NIFTY-I.NFO,10/06/2024,09:15:26,23380.55,23376.35,50,23380.55,175,2300,13106100
NIFTY-I.NFO,10/06/2024,09:15:26,23380.65,23376.35,50,23380.55,175,0,13106100
NIFTY-I.NFO,10/06/2024,09:15:28,23376.2,23375.2,25,23380.6,250,4600,13106100
NIFTY-I.NFO,10/06/2024,09:15:28,23381.3,23375.2,25,23380.6,250,0,13106100
NIFTY-I.NFO,10/06/2024,09:15:30,23375.2,23376.05,100,23380.55,25,8025,13106100
NIFTY-I.NFO,10/06/2024,09:15:30,23383.25,23376.05,100,23380.55,25,0,13106100
NIFTY-I.NFO,10/06/2024,09:15:31,23375.55,23375.75,75,23380,50,2075,13106100
NIFTY-I.NFO,10/06/2024,09:15:33,23380,23375.35,250,23380,175,2275,13106100
NIFTY-I.NFO,10/06/2024,09:15:34,23378,23378,1575,23381.55,100,6000,13106100
NIFTY-I.NFO,10/06/2024,09:15:36,23378.25,23379.5,200,23383.3,25,5175,13106100
NIFTY-I.NFO,10/06/2024,09:15:36,23385,23379.5,200,23383.3,25,0,13106100
NIFTY-I.NFO,10/06/2024,09:15:38,23378.45,23378.65,75,23383.1,150,4875,13106100
NIFTY-I.NFO,10/06/2024,09:15:38,23386.5,23378.65,75,23383.1,150,0,13106100
NIFTY-I.NFO,10/06/2024,09:15:39,23383.1,23383.1,125,23384.8,100,2575,13106100
NIFTY-I.NFO,10/06/2024,09:15:39,23386.95,23383.1,125,23384.8,100,0,13106100
NIFTY-I.NFO,10/06/2024,09:15:41,23390,23388.4,175,23390,500,6650,13106100
NIFTY-I.NFO,10/06/2024,09:15:41,23390,23388.4,175,23390,500,0,13106100
NIFTY-I.NFO,10/06/2024,09:15:42,23388.55,23388.55,50,23392.5,25,3900,13106100
NIFTY-I.NFO,10/06/2024,09:15:42,23393.4,23388.55,50,23392.5,25,0,13106100
NIFTY-I.NFO,10/06/2024,09:15:44,23392.25,23390.3,25,23392.25,25,3825,13106100
NIFTY-I.NFO,10/06/2024,09:15:46,23392.3,23392.3,275,23394.15,25,4600,13106100
NIFTY-I.NFO,10/06/2024,09:15:46,23393.85,23392.3,275,23394.15,25,0,13106100
NIFTY-I.NFO,10/06/2024,09:15:47,23393.35,23389.25,200,23393.2,25,2675,13106100
NIFTY-I.NFO,10/06/2024,09:15:47,23396,23389.25,200,23393.2,25,0,13106100
NIFTY-I.NFO,10/06/2024,09:15:49,23389.85,23388.9,200,23393.4,25,3125,13106100
NIFTY-I.NFO,10/06/2024,09:15:50,23394.35,23389.3,75,23394.35,200,2625,13106100
NIFTY-I.NFO,10/06/2024,09:15:52,23393.4,23388.4,25,23393.4,25,4325,13106100
NIFTY-I.NFO,10/06/2024,09:15:54,23395.65,23392.7,200,23395.65,25,2825,13106100
NIFTY-I.NFO,10/06/2024,09:15:55,23391.55,23391.75,100,23396.45,25,4100,13106100
NIFTY-I.NFO,10/06/2024,09:15:55,23396.75,23391.75,100,23396.45,25,0,13106100
NIFTY-I.NFO,10/06/2024,09:15:57,23393.9,23393.7,50,23393.85,100,4275,13106100
NIFTY-I.NFO,10/06/2024,09:15:58,23396,23393.15,25,23394,25,4550,13106100
NIFTY-I.NFO,10/06/2024,09:15:58,23397.55,23393.15,25,23394,25,0,13106100
NIFTY-I.NFO,10/06/2024,09:16:00,23396.55,23396.55,100,23397.3,150,6450,13106100
NIFTY-I.NFO,10/06/2024,09:16:00,23399,23396.55,100,23397.3,150,0,13106100
NIFTY-I.NFO,10/06/2024,09:16:01,23398.45,23398.45,75,23402.4,50,7150,13106100
NIFTY-I.NFO,10/06/2024,09:16:01,23403.9,23398.45,75,23402.4,50,0,13106100
NIFTY-I.NFO,10/06/2024,09:16:03,23396.9,23397.05,125,23399.95,175,3800,13106100
NIFTY-I.NFO,10/06/2024,09:16:05,23405.95,23403.2,25,23406.3,200,8000,13106100
NIFTY-I.NFO,10/06/2024,09:16:05,23409.45,23403.2,25,23406.3,200,0,13106100
NIFTY-I.NFO,10/06/2024,09:16:06,23404.6,23402.4,25,23406.8,25,4025,13106100
NIFTY-I.NFO,10/06/2024,09:16:08,23400.45,23400.45,25,23404.55,175,4850,13106100
NIFTY-I.NFO,10/06/2024,09:16:09,23404.4,23402.35,50,23404.4,175,4500,13106100
NIFTY-I.NFO,10/06/2024,09:16:11,23404.6,23403.55,100,23406.8,450,4750,13106100
NIFTY-I.NFO,10/06/2024,09:16:12,23401.15,23401.1,50,23405.95,150,4200,13106100
NIFTY-I.NFO,10/06/2024,09:16:14,23401.05,23401.05,175,23404.35,125,2075,13106100
NIFTY-I.NFO,10/06/2024,09:16:16,23400,23396.7,150,23400.05,225,7450,13106100
NIFTY-I.NFO,10/06/2024,09:16:17,23401.05,23400,150,23401.25,75,3025,13106100
NIFTY-I.NFO,10/06/2024,09:16:19,23398.4,23398.4,250,23401.25,400,3475,13106100
NIFTY-I.NFO,10/06/2024,09:16:20,23405.65,23401.3,300,23402.95,25,6450,13106100
NIFTY-I.NFO,10/06/2024,09:16:22,23404.55,23400.6,125,23402.95,25,1500,13106100
NIFTY-I.NFO,10/06/2024,09:16:24,23402.1,23402.1,100,23403.95,25,3450,13106100
NIFTY-I.NFO,10/06/2024,09:16:25,23404.95,23404,125,23404.95,25,3400,13106100
NIFTY-I.NFO,10/06/2024,09:16:27,23404,23403.95,25,23407.95,25,3550,13106100
NIFTY-I.NFO,10/06/2024,09:16:29,23402.3,23405.05,50,23408.9,300,2650,13106100
NIFTY-I.NFO,10/06/2024,09:16:30,23403.4,23403.4,100,23405.05,25,4400,13106100
NIFTY-I.NFO,10/06/2024,09:16:32,23408.45,23405.2,150,23408.85,125,3550,13106100
NIFTY-I.NFO,10/06/2024,09:16:33,23406.55,23406.55,125,23408.8,150,2475,13106100
NIFTY-I.NFO,10/06/2024,09:16:35,23407.95,23405.2,175,23407.95,75,4725,13106100
NIFTY-I.NFO,10/06/2024,09:16:35,23410,23405.2,175,23407.95,75,0,13106100
NIFTY-I.NFO,10/06/2024,09:16:37,23402.4,23402.4,175,23406.6,225,2950,13106100
NIFTY-I.NFO,10/06/2024,09:16:38,23402,23401.25,150,23402.55,250,4525,13106100
NIFTY-I.NFO,10/06/2024,09:16:40,23402.95,23402.9,275,23402.95,25,3650,13106100
NIFTY-I.NFO,10/06/2024,09:16:42,23402.95,23402.95,175,23405,25,2100,13106100
NIFTY-I.NFO,10/06/2024,09:16:43,23400,23400,2600,23402.9,325,2750,13106100
NIFTY-I.NFO,10/06/2024,09:16:45,23401.8,23401.8,1225,23402.95,25,3675,13106100
NIFTY-I.NFO,10/06/2024,09:16:47,23401.05,23401,375,23404.75,125,5400,13106100
NIFTY-I.NFO,10/06/2024,09:16:48,23402.2,23402.15,150,23405,175,5300,13106100
NIFTY-I.NFO,10/06/2024,09:16:50,23406,23404.15,125,23406.75,25,1975,13106100
NIFTY-I.NFO,10/06/2024,09:16:51,23404.8,23403,300,23406.5,50,2225,13106100
NIFTY-I.NFO,10/06/2024,09:16:53,23402.15,23400.05,150,23402.15,75,3425,13106100
NIFTY-I.NFO,10/06/2024,09:16:55,23400.2,23400.25,75,23404.05,100,2500,13106100
NIFTY-I.NFO,10/06/2024,09:16:57,23404.9,23400.95,150,23404.9,150,1200,13106100
NIFTY-I.NFO,10/06/2024,09:16:58,23403.9,23400.1,225,23403.5,25,1600,13106100
NIFTY-I.NFO,10/06/2024,09:17:00,23395,23394.15,100,23395,22275,5200,13106100
NIFTY-I.NFO,10/06/2024,09:17:01,23391.35,23390.95,150,23394.15,100,2800,13106100
NIFTY-I.NFO,10/06/2024,09:17:03,23386.35,23386.4,300,23390.45,25,6725,13106100
NIFTY-I.NFO,10/06/2024,09:17:05,23390.35,23391.85,125,23395,18950,7575,13106100
NIFTY-I.NFO,10/06/2024,09:17:06,23399.85,23398.6,125,23399.95,25,21475,13106100
NIFTY-I.NFO,10/06/2024,09:17:08,23399.75,23395.6,25,23399.75,25,3400,13106100
NIFTY-I.NFO,10/06/2024,09:17:10,23396.6,23393,25,23396.6,125,3100,13106100
NIFTY-I.NFO,10/06/2024,09:17:11,23399.95,23396.45,150,23400,525,1700,13106100
NIFTY-I.NFO,10/06/2024,09:17:13,23392.2,23392.2,150,23395.75,125,3700,13106100
NIFTY-I.NFO,10/06/2024,09:17:15,23393.35,23393.35,175,23397.75,200,7850,13106100
NIFTY-I.NFO,10/06/2024,09:17:16,23397.4,23395.6,50,23398.5,175,3400,13106100
NIFTY-I.NFO,10/06/2024,09:17:18,23395.45,23391.65,350,23395.45,125,2725,13106100
NIFTY-I.NFO,10/06/2024,09:17:19,23389.4,23389.45,75,23393.95,25,3275,13106100
NIFTY-I.NFO,10/06/2024,09:17:21,23390.9,23390,25,23390.9,450,3850,13106100
NIFTY-I.NFO,10/06/2024,09:17:23,23387.6,23387.55,350,23389.45,25,2900,13106100
NIFTY-I.NFO,10/06/2024,09:17:24,23386.05,23386,25,23388.5,250,3800,13106100
NIFTY-I.NFO,10/06/2024,09:17:26,23389.45,23387.25,300,23389.45,625,2125,13106100
NIFTY-I.NFO,10/06/2024,09:17:28,23389.85,23389.85,225,23390.9,100,3050,13106100
NIFTY-I.NFO,10/06/2024,09:17:29,23392.05,23392.05,100,23392.6,125,1325,13106100
NIFTY-I.NFO,10/06/2024,09:17:31,23389.5,23389.4,150,23392.05,25,3975,13106100
NIFTY-I.NFO,10/06/2024,09:17:33,23388,23388.25,300,23389.85,50,4450,13106100
NIFTY-I.NFO,10/06/2024,09:17:34,23392.7,23389.2,125,23392.7,150,1875,13106100
NIFTY-I.NFO,10/06/2024,09:17:36,23392.5,23389.85,175,23392.5,150,4675,13106100
NIFTY-I.NFO,10/06/2024,09:17:37,23388.45,23388.45,400,23391.55,25,2200,13106100
NIFTY-I.NFO,10/06/2024,09:17:39,23389.8,23388.7,25,23389.8,500,2025,13106100
NIFTY-I.NFO,10/06/2024,09:17:41,23384.95,23384.9,250,23387.5,100,4450,13106100
NIFTY-I.NFO,10/06/2024,09:17:42,23390,23385.15,100,23388.9,25,2625,13106100
NIFTY-I.NFO,10/06/2024,09:17:44,23387.15,23387.1,425,23390,25,2550,13106100
NIFTY-I.NFO,10/06/2024,09:17:46,23388,23388,50,23388.8,25,1300,13106100
NIFTY-I.NFO,10/06/2024,09:17:47,23388.8,23385.55,200,23388.8,200,1550,13106100
NIFTY-I.NFO,10/06/2024,09:17:49,23386.45,23385,25,23386.45,2075,1100,13106100
NIFTY-I.NFO,10/06/2024,09:17:50,23385.05,23382.05,150,23385.05,2175,1075,13106100
NIFTY-I.NFO,10/06/2024,09:17:52,23383.2,23380.2,150,23383.25,50,2525,13106100
NIFTY-I.NFO,10/06/2024,09:17:54,23378.65,23378.65,350,23382.7,25,2675,13106100
NIFTY-I.NFO,10/06/2024,09:17:55,23383.3,23381.1,125,23383.3,1850,2050,13106100
NIFTY-I.NFO,10/06/2024,09:17:57,23382.05,23380.45,25,23385,150,5850,13106100
NIFTY-I.NFO,10/06/2024,09:17:59,23383.65,23380.1,100,23383.65,75,3500,13106100
NIFTY-I.NFO,10/06/2024,09:18:00,23379.45,23378.75,25,23381.1,25,2275,13106100
NIFTY-I.NFO,10/06/2024,09:18:02,23381.35,23381.5,150,23384.9,50,2525,13106100
NIFTY-I.NFO,10/06/2024,09:18:04,23378.55,23378.85,250,23382.25,50,3725,13106100
NIFTY-I.NFO,10/06/2024,09:18:05,23380,23377.55,75,23380,100,150,13106100
NIFTY-I.NFO,10/06/2024,09:18:07,23378.35,23378.6,300,23380,150,825,13106100
NIFTY-I.NFO,10/06/2024,09:18:08,23379.3,23379.25,100,23381,50,2325,13106100
NIFTY-I.NFO,10/06/2024,09:18:10,23385.1,23381.4,25,23385.1,450,3200,13106100
NIFTY-I.NFO,10/06/2024,09:18:12,23382.5,23382.5,50,23385,25,1550,13106100
NIFTY-I.NFO,10/06/2024,09:18:13,23385.1,23385.1,75,23387.75,75,2175,13106100
NIFTY-I.NFO,10/06/2024,09:18:15,23389,23386.3,25,23390,450,1900,13106100
NIFTY-I.NFO,10/06/2024,09:18:17,23386.45,23386.45,25,23389.7,300,1600,13106100
NIFTY-I.NFO,10/06/2024,09:18:18,23389.55,23385.6,25,23389.55,100,2150,13106100
NIFTY-I.NFO,10/06/2024,09:18:20,23385.4,23385.4,25,23389.55,50,2975,13093150
NIFTY-I.NFO,10/06/2024,09:18:22,23388,23386.5,25,23389.75,175,1525,13093150
NIFTY-I.NFO,10/06/2024,09:18:23,23391,23391.1,100,23393,25,2425,13093150
NIFTY-I.NFO,10/06/2024,09:18:25,23394.75,23391.85,25,23395,375,2400,13093150
NIFTY-I.NFO,10/06/2024,09:18:26,23395,23393.15,50,23396.45,25,1900,13093150
NIFTY-I.NFO,10/06/2024,09:18:28,23397.8,23394.45,25,23397.8,250,2025,13093150
NIFTY-I.NFO,10/06/2024,09:18:30,23399,23395.55,250,23399,225,1300,13093150
NIFTY-I.NFO,10/06/2024,09:18:31,23394.7,23395.25,125,23398.65,50,1250,13093150
NIFTY-I.NFO,10/06/2024,09:18:33,23395.5,23395.25,100,23398.45,225,950,13093150
NIFTY-I.NFO,10/06/2024,09:18:34,23395.5,23395.35,25,23398.05,100,1850,13093150
NIFTY-I.NFO,10/06/2024,09:18:36,23395.7,23396.3,50,23399,125,1400,13093150
NIFTY-I.NFO,10/06/2024,09:18:38,23398.9,23395.4,25,23398,25,11725,13093150
NIFTY-I.NFO,10/06/2024,09:18:39,23395.3,23392.55,125,23395.45,50,2925,13093150
NIFTY-I.NFO,10/06/2024,09:18:41,23395.05,23395.4,25,23398.25,25,1150,13093150
NIFTY-I.NFO,10/06/2024,09:18:43,23395.7,23395.3,25,23398.1,25,1150,13093150
NIFTY-I.NFO,10/06/2024,09:18:44,23395.3,23394.95,125,23395.3,1025,1000,13093150
NIFTY-I.NFO,10/06/2024,09:18:46,23394.7,23391.95,225,23394.8,25,1250,13093150
NIFTY-I.NFO,10/06/2024,09:18:48,23393.65,23392,25,23393.05,25,875,13093150
NIFTY-I.NFO,10/06/2024,09:18:49,23395.45,23394.4,275,23397.75,25,1675,13093150
NIFTY-I.NFO,10/06/2024,09:18:51,23394.45,23394.3,500,23395.55,25,700,13093150
NIFTY-I.NFO,10/06/2024,09:18:53,23395.55,23394.5,450,23397.95,50,375,13093150
NIFTY-I.NFO,10/06/2024,09:18:54,23395.65,23395.65,200,23398.95,100,2925,13093150
NIFTY-I.NFO,10/06/2024,09:18:56,23396.25,23396.3,775,23398,125,575,13093150
NIFTY-I.NFO,10/06/2024,09:18:58,23397.6,23395.65,25,23397.5,525,1225,13093150
NIFTY-I.NFO,10/06/2024,09:18:59,23397.45,23395.35,125,23397.45,425,575,13093150
NIFTY-I.NFO,10/06/2024,09:19:01,23397.45,23395.9,250,23399.55,25,1925,13093150
NIFTY-I.NFO,10/06/2024,09:19:03,23398.45,23397.15,125,23399.6,25,1400,13093150
NIFTY-I.NFO,10/06/2024,09:19:04,23394.45,23394.45,725,23397.2,75,2225,13093150
NIFTY-I.NFO,10/06/2024,09:19:06,23397.2,23395.25,250,23397.35,150,1200,13093150
NIFTY-I.NFO,10/06/2024,09:19:08,23397.45,23395.7,25,23397.2,1000,525,13093150
NIFTY-I.NFO,10/06/2024,09:19:10,23397.05,23397.05,50,23397.2,275,1275,13093150
NIFTY-I.NFO,10/06/2024,09:19:11,23399.95,23399.95,25,23400,1350,4100,13093150
NIFTY-I.NFO,10/06/2024,09:19:13,23400.6,23400.9,225,23403.95,50,2900,13093150
NIFTY-I.NFO,10/06/2024,09:19:15,23400,23399,125,23400,1050,1350,13093150
NIFTY-I.NFO,10/06/2024,09:19:16,23401.65,23398,325,23401.45,25,2200,13093150
NIFTY-I.NFO,10/06/2024,09:19:18,23399.2,23397,150,23399.05,50,1100,13093150
NIFTY-I.NFO,10/06/2024,09:19:20,23399.05,23396.75,175,23399.05,125,2025,13093150
NIFTY-I.NFO,10/06/2024,09:19:21,23400,23400,375,23402,125,1325,13093150
NIFTY-I.NFO,10/06/2024,09:19:23,23399,23399.05,25,23399.8,125,1700,13093150
NIFTY-I.NFO,10/06/2024,09:19:25,23397.6,23397.9,125,23399.5,125,3700,13093150
NIFTY-I.NFO,10/06/2024,09:19:26,23399.6,23399.6,300,23400,225,1350,13093150
NIFTY-I.NFO,10/06/2024,09:19:28,23399.8,23399,125,23399.8,25,1400,13093150
NIFTY-I.NFO,10/06/2024,09:19:30,23401,23399.8,200,23401,1125,2550,13093150
NIFTY-I.NFO,10/06/2024,09:19:31,23399.65,23399.05,1800,23399.65,25,2625,13093150
NIFTY-I.NFO,10/06/2024,09:19:33,23401.8,23400.05,25,23401.8,75,1275,13093150
NIFTY-I.NFO,10/06/2024,09:19:34,23400.9,23400.95,125,23401.45,150,1025,13093150
NIFTY-I.NFO,10/06/2024,09:19:36,23400.9,23399.8,125,23400.9,75,3150,13093150
NIFTY-I.NFO,10/06/2024,09:19:38,23401,23399.05,1200,23400.65,100,5775,13093150
NIFTY-I.NFO,10/06/2024,09:19:39,23400,23395.55,150,23399.15,25,4950,13093150
NIFTY-I.NFO,10/06/2024,09:19:41,23398.75,23395.55,350,23398.7,25,2800,13093150
NIFTY-I.NFO,10/06/2024,09:19:43,23397.15,23397.15,75,23398.35,50,2850,13093150
NIFTY-I.NFO,10/06/2024,09:19:44,23397.45,23395,275,23397.45,25,1275,13093150
NIFTY-I.NFO,10/06/2024,09:19:46,23394.2,23391.75,225,23394.35,175,1775,13093150
NIFTY-I.NFO,10/06/2024,09:19:48,23396.45,23393.05,425,23396.45,25,3550,13093150
NIFTY-I.NFO,10/06/2024,09:19:49,23397.75,23394.7,550,23397.75,1125,1325,13093150
NIFTY-I.NFO,10/06/2024,09:19:51,23395.05,23392.65,275,23395.05,25,10625,13093150
NIFTY-I.NFO,10/06/2024,09:19:53,23393.9,23389.75,200,23392.65,25,1250,13093150
NIFTY-I.NFO,10/06/2024,09:19:54,23390,23388.6,300,23391.35,225,1000,13093150
NIFTY-I.NFO,10/06/2024,09:19:56,23390,23386.85,300,23390,1850,1000,13093150
NIFTY-I.NFO,10/06/2024,09:19:58,23392.2,23390.55,125,23392.15,125,2775,13093150
NIFTY-I.NFO,10/06/2024,09:19:59,23390,23389.45,275,23390,575,475,13093150
NIFTY-I.NFO,10/06/2024,09:20:01,23383.2,23381.9,150,23386.05,25,13250,13093150
NIFTY-I.NFO,10/06/2024,09:20:03,23383,23379.85,250,23383.15,50,2625,13093150
NIFTY-I.NFO,10/06/2024,09:20:04,23382.6,23382.85,200,23384.3,25,825,13093150
NIFTY-I.NFO,10/06/2024,09:20:06,23382,23380.05,25,23382,900,825,13093150
NIFTY-I.NFO,10/06/2024,09:20:08,23381.9,23380.7,125,23381.9,550,2000,13093150
NIFTY-I.NFO,10/06/2024,09:20:09,23380,23379.75,175,23380.95,850,1800,13093150
NIFTY-I.NFO,10/06/2024,09:20:11,23382.65,23379.25,525,23382.9,325,3075,13093150
NIFTY-I.NFO,10/06/2024,09:20:13,23380.65,23380.6,125,23380.65,225,4400,13093150
NIFTY-I.NFO,10/06/2024,09:20:14,23380,23378.5,200,23380,875,2800,13093150
NIFTY-I.NFO,10/06/2024,09:20:16,23378,23378,75,23380,525,775,13093150
NIFTY-I.NFO,10/06/2024,09:20:18,23376.25,23376.25,375,23379.15,175,3600,13093150
NIFTY-I.NFO,10/06/2024,09:20:19,23375,23373.9,125,23375.95,50,1325,13093150
NIFTY-I.NFO,10/06/2024,09:20:21,23373.1,23373.1,125,23375.75,50,2800,13093150
NIFTY-I.NFO,10/06/2024,09:20:23,23378.35,23375.15,650,23378.35,50,1300,13093150
NIFTY-I.NFO,10/06/2024,09:20:24,23375,23373.1,500,23375,6025,1950,13093150
NIFTY-I.NFO,10/06/2024,09:20:26,23375,23374,225,23375,8450,475,13093150
NIFTY-I.NFO,10/06/2024,09:20:28,23373,23373,400,23375,9650,1250,13093150
NIFTY-I.NFO,10/06/2024,09:20:29,23373,23372.25,350,23375,9075,1100,13093150
NIFTY-I.NFO,10/06/2024,09:20:31,23375,23372.65,525,23375,8225,1650,13093150
NIFTY-I.NFO,10/06/2024,09:20:33,23373.8,23371.1,25,23373.95,25,1175,13093150
NIFTY-I.NFO,10/06/2024,09:20:34,23371.15,23371.15,350,23374.1,25,600,13093150
NIFTY-I.NFO,10/06/2024,09:20:36,23373.2,23370.1,200,23373.2,100,2500,13093150
NIFTY-I.NFO,10/06/2024,09:20:38,23371,23368.15,325,23371.1,25,3025,13093150
NIFTY-I.NFO,10/06/2024,09:20:39,23370.2,23370,25,23371.1,350,1525,13093150
NIFTY-I.NFO,10/06/2024,09:20:41,23369.4,23369.45,400,23373.6,50,1825,13093150
NIFTY-I.NFO,10/06/2024,09:20:43,23373.1,23372.85,250,23375,6425,625,13093150
NIFTY-I.NFO,10/06/2024,09:20:44,23375,23373.6,250,23375,5925,950,13093150
NIFTY-I.NFO,10/06/2024,09:20:46,23375.85,23375.85,150,23377.95,125,8700,13093150
NIFTY-I.NFO,10/06/2024,09:20:48,23382,23381.25,25,23382.75,25,4725,13093150
NIFTY-I.NFO,10/06/2024,09:20:49,23380.6,23380.6,450,23382.4,50,1000,13093150
NIFTY-I.NFO,10/06/2024,09:20:51,23370.1,23375.25,225,23379,225,8375,13093150
NIFTY-I.NFO,10/06/2024,09:20:53,23373.8,23373.95,50,23378.3,50,7725,13093150
NIFTY-I.NFO,10/06/2024,09:20:54,23378.6,23374.4,25,23378.75,25,5000,13093150
NIFTY-I.NFO,10/06/2024,09:20:56,23377.7,23379.95,50,23380,1800,1450,13093150
NIFTY-I.NFO,10/06/2024,09:20:58,23378.65,23376,500,23378.5,150,2650,13093150
NIFTY-I.NFO,10/06/2024,09:20:59,23378.5,23378.5,1100,23380,1150,1175,13093150
NIFTY-I.NFO,10/06/2024,09:21:01,23375.85,23375.95,500,23378.1,50,1250,13093150
NIFTY-I.NFO,10/06/2024,09:21:03,23378.1,23376.3,275,23378.1,25,1025,13093150
NIFTY-I.NFO,10/06/2024,09:21:04,23378.6,23378.4,25,23379.25,50,1025,13093150
NIFTY-I.NFO,10/06/2024,09:21:06,23376.85,23374.1,250,23376.3,50,3425,13093150
NIFTY-I.NFO,10/06/2024,09:21:08,23376.25,23371.95,50,23376.25,25,2925,13093150
NIFTY-I.NFO,10/06/2024,09:21:09,23376.25,23376,25,23376.3,200,625,13093150
NIFTY-I.NFO,10/06/2024,09:21:11,23370,23369,50,23370,1200,1975,13093150
NIFTY-I.NFO,10/06/2024,09:21:13,23370,23367.95,500,23369.95,175,1175,13093150
NIFTY-I.NFO,10/06/2024,09:21:14,23369.6,23366.9,450,23369.45,75,3375,13093150
NIFTY-I.NFO,10/06/2024,09:21:16,23369.7,23365.75,150,23369.3,25,1275,13093150
NIFTY-I.NFO,10/06/2024,09:21:18,23365,23363.7,125,23365,475,1325,13093150
NIFTY-I.NFO,10/06/2024,09:21:20,23365,23364.9,225,23366.2,50,3375,13093150
NIFTY-I.NFO,10/06/2024,09:21:21,23365.7,23365.1,25,23365.75,25,2200,13096775
NIFTY-I.NFO,10/06/2024,09:21:23,23362.1,23362.05,100,23365.3,25,3650,13096775
NIFTY-I.NFO,10/06/2024,09:21:24,23360,23360.75,225,23364.7,25,2625,13096775
NIFTY-I.NFO,10/06/2024,09:21:26,23364.7,23363.75,175,23364.6,50,825,13096775
NIFTY-I.NFO,10/06/2024,09:21:28,23364.6,23362.4,25,23364.6,100,2150,13096775
NIFTY-I.NFO,10/06/2024,09:21:29,23365,23365,375,23366.6,50,1950,13096775
NIFTY-I.NFO,10/06/2024,09:21:31,23367.4,23366.4,25,23367.4,50,875,13096775
NIFTY-I.NFO,10/06/2024,09:21:33,23362.4,23360,450,23362.35,25,3650,13096775
NIFTY-I.NFO,10/06/2024,09:21:34,23362.4,23361.15,450,23362.4,1025,2850,13096775
NIFTY-I.NFO,10/06/2024,09:21:36,23357.4,23355,50,23357.4,25,3725,13096775
NIFTY-I.NFO,10/06/2024,09:21:38,23352,23349.95,50,23351.9,50,5250,13096775
NIFTY-I.NFO,10/06/2024,09:21:39,23351.45,23347.6,400,23351.4,25,3550,13096775
NIFTY-I.NFO,10/06/2024,09:21:41,23350,23349.5,250,23350,775,1450,13096775
NIFTY-I.NFO,10/06/2024,09:21:43,23353,23351,225,23353,1650,3675,13096775
NIFTY-I.NFO,10/06/2024,09:21:44,23351.95,23349.7,25,23352.95,225,8350,13096775
NIFTY-I.NFO,10/06/2024,09:21:46,23354.3,23350,250,23354.15,200,2725,13096775
NIFTY-I.NFO,10/06/2024,09:21:48,23355,23352.35,25,23355,50,3275,13096775
NIFTY-I.NFO,10/06/2024,09:21:49,23351,23351.7,25,23356.4,25,700,13096775
NIFTY-I.NFO,10/06/2024,09:21:51,23353.45,23350.4,175,23354.25,25,2900,13096775
NIFTY-I.NFO,10/06/2024,09:21:53,23352.35,23352.35,125,23355,150,3675,13096775
NIFTY-I.NFO,10/06/2024,09:21:54,23351.7,23351.45,25,23351.7,1650,1050,13096775
NIFTY-I.NFO,10/06/2024,09:21:56,23356.7,23354.1,25,23356.7,1125,7550,13096775
NIFTY-I.NFO,10/06/2024,09:21:58,23359.85,23356.7,25,23359.85,50,6525,13096775
NIFTY-I.NFO,10/06/2024,09:21:59,23356.05,23352.95,75,23356.05,25,2950,13096775
NIFTY-I.NFO,10/06/2024,09:22:01,23356.7,23352.8,25,23356.7,175,3075,13096775
NIFTY-I.NFO,10/06/2024,09:22:03,23356,23352.1,50,23356,175,6800,13096775
NIFTY-I.NFO,10/06/2024,09:22:04,23356.7,23352.85,25,23356.7,1225,3450,13096775
NIFTY-I.NFO,10/06/2024,09:22:06,23355.9,23356,25,23360,2125,3275,13096775
NIFTY-I.NFO,10/06/2024,09:22:08,23360,23358.35,25,23360,1175,6650,13096775
NIFTY-I.NFO,10/06/2024,09:22:09,23361.45,23359.2,250,23361.45,200,2600,13096775
NIFTY-I.NFO,10/06/2024,09:22:11,23362.5,23361.3,50,23363.5,200,3050,13096775
NIFTY-I.NFO,10/06/2024,09:22:13,23360.4,23356.45,25,23360.4,25,4575,13096775
NIFTY-I.NFO,10/06/2024,09:22:14,23360.4,23360,25,23360.4,75,3525,13096775
NIFTY-I.NFO,10/06/2024,09:22:16,23357.65,23358.35,50,23362,25,3175,13096775
NIFTY-I.NFO,10/06/2024,09:22:18,23364.1,23361,225,23364.15,250,900,13096775
NIFTY-I.NFO,10/06/2024,09:22:19,23355.75,23359.2,25,23362.45,50,11025,13096775
NIFTY-I.NFO,10/06/2024,09:22:21,23364,23360.4,25,23364,200,525,13096775
NIFTY-I.NFO,10/06/2024,09:22:23,23360,23359.6,500,23360,450,1575,13096775
NIFTY-I.NFO,10/06/2024,09:22:24,23360.1,23360,50,23361,1600,2600,13096775
NIFTY-I.NFO,10/06/2024,09:22:26,23359.4,23359.4,350,23361,1250,2500,13096775
NIFTY-I.NFO,10/06/2024,09:22:28,23357,23353.7,75,23356.8,100,3125,13096775
NIFTY-I.NFO,10/06/2024,09:22:29,23354.2,23354.35,25,23356.8,225,5325,13096775
NIFTY-I.NFO,10/06/2024,09:22:31,23356.8,23353.8,75,23357.85,25,750,13096775
NIFTY-I.NFO,10/06/2024,09:22:33,23355.05,23355.05,450,23358.35,25,2650,13096775
NIFTY-I.NFO,10/06/2024,09:22:34,23354.35,23353.9,250,23354.35,1700,2675,13096775
NIFTY-I.NFO,10/06/2024,09:22:36,23354.35,23353.9,100,23354.35,1525,375,13096775
NIFTY-I.NFO,10/06/2024,09:22:38,23353.7,23351.35,500,23354.35,1425,2200,13096775
NIFTY-I.NFO,10/06/2024,09:22:39,23353.8,23350.3,400,23354,25,400,13096775
NIFTY-I.NFO,10/06/2024,09:22:41,23354.2,23349.55,150,23354.2,25,2450,13096775
NIFTY-I.NFO,10/06/2024,09:22:43,23352.05,23348.9,100,23351.8,25,775,13096775
NIFTY-I.NFO,10/06/2024,09:22:44,23349.05,23347,50,23349.05,100,2975,13096775
NIFTY-I.NFO,10/06/2024,09:22:46,23348.15,23347.45,225,23348.15,25,4100,13096775
NIFTY-I.NFO,10/06/2024,09:22:48,23346.6,23346.6,225,23348.4,200,1225,13096775
NIFTY-I.NFO,10/06/2024,09:22:49,23348.9,23347.75,250,23348.9,1100,3000,13096775
NIFTY-I.NFO,10/06/2024,09:22:51,23348.85,23348.4,500,23348.85,275,550,13096775
NIFTY-I.NFO,10/06/2024,09:22:53,23348.3,23348.35,25,23349.05,25,3325,13096775
NIFTY-I.NFO,10/06/2024,09:22:54,23349.7,23349.7,50,23350,250,5225,13096775
NIFTY-I.NFO,10/06/2024,09:22:56,23351.25,23347.9,250,23351.35,1625,850,13096775
NIFTY-I.NFO,10/06/2024,09:22:58,23343.95,23343.3,25,23347.35,50,1000,13096775
NIFTY-I.NFO,10/06/2024,09:22:59,23342.4,23342.55,25,23346.55,50,5000,13096775
NIFTY-I.NFO,10/06/2024,09:23:01,23338.9,23338.9,250,23343.1,50,3900,13096775
NIFTY-I.NFO,10/06/2024,09:23:03,23339.45,23336,975,23339.3,25,4025,13096775
NIFTY-I.NFO,10/06/2024,09:23:04,23339.3,23337.1,275,23339.3,350,1075,13096775
NIFTY-I.NFO,10/06/2024,09:23:06,23339.8,23339.9,200,23342.65,25,4350,13096775
NIFTY-I.NFO,10/06/2024,09:23:08,23340.9,23335.4,200,23340.05,50,13475,13096775
NIFTY-I.NFO,10/06/2024,09:23:09,23347,23343.45,300,23346.95,25,1150,13096775
NIFTY-I.NFO,10/06/2024,09:23:11,23343.35,23339.7,250,23343.4,25,2875,13096775
NIFTY-I.NFO,10/06/2024,09:23:13,23335.45,23338.15,200,23342.9,75,5025,13096775
NIFTY-I.NFO,10/06/2024,09:23:14,23337.4,23337.65,25,23342.3,50,1600,13096775
NIFTY-I.NFO,10/06/2024,09:23:16,23339.15,23339.15,175,23343.7,200,4150,13096775
NIFTY-I.NFO,10/06/2024,09:23:18,23341.15,23339.8,750,23343.85,50,1575,13096775
NIFTY-I.NFO,10/06/2024,09:23:19,23340.2,23337.4,25,23340.25,25,3425,13096775
NIFTY-I.NFO,10/06/2024,09:23:21,23341,23337,50,23341.05,25,1075,13096775
NIFTY-I.NFO,10/06/2024,09:23:23,23341.6,23340.35,25,23341.6,150,1875,13096775
NIFTY-I.NFO,10/06/2024,09:23:24,23344.05,23341.6,50,23344.45,50,1325,13096775
NIFTY-I.NFO,10/06/2024,09:23:26,23343.6,23338.45,200,23343.25,25,2900,13096775
NIFTY-I.NFO,10/06/2024,09:23:28,23341.6,23341.6,625,23344.9,50,1425,13096775
NIFTY-I.NFO,10/06/2024,09:23:29,23341.6,23339,25,23341.6,1675,3325,13096775
NIFTY-I.NFO,10/06/2024,09:23:31,23345.05,23341.45,25,23345.6,200,4700,13096775
NIFTY-I.NFO,10/06/2024,09:23:33,23339,23337.6,25,23339,500,6850,13096775
NIFTY-I.NFO,10/06/2024,09:23:35,23339,23338.15,25,23339,800,3200,13096775
NIFTY-I.NFO,10/06/2024,09:23:36,23339,23336.95,250,23339,175,1150,13096775
NIFTY-I.NFO,10/06/2024,09:23:38,23341.5,23339,25,23341.75,200,2050,13096775
NIFTY-I.NFO,10/06/2024,09:23:40,23341.6,23339.05,75,23341.6,100,2925,13096775
NIFTY-I.NFO,10/06/2024,09:23:41,23344.1,23340.05,50,23344.1,100,1050,13096775
NIFTY-I.NFO,10/06/2024,09:23:43,23343.95,23341.6,325,23343.95,100,1175,13096775
NIFTY-I.NFO,10/06/2024,09:23:45,23344.1,23341.6,600,23344.1,50,2725,13096775
NIFTY-I.NFO,10/06/2024,09:23:46,23340.3,23336.4,25,23340.55,50,2650,13096775
NIFTY-I.NFO,10/06/2024,09:23:48,23340.55,23339,800,23340.55,150,975,13096775
NIFTY-I.NFO,10/06/2024,09:23:50,23341.1,23338.2,100,23341.1,125,2150,13096775
NIFTY-I.NFO,10/06/2024,09:23:51,23341.6,23339,50,23341.6,900,1025,13096775
NIFTY-I.NFO,10/06/2024,09:23:53,23340,23339,25,23342.7,50,3450,13096775
NIFTY-I.NFO,10/06/2024,09:23:55,23345.35,23341.25,50,23345.6,50,3300,13096775
NIFTY-I.NFO,10/06/2024,09:23:56,23338.55,23341.6,25,23342.55,50,2550,13096775
NIFTY-I.NFO,10/06/2024,09:23:58,23342.4,23337.95,200,23342.45,25,2800,13096775
NIFTY-I.NFO,10/06/2024,09:24:00,23342,23341.15,25,23342.25,100,1325,13096775
NIFTY-I.NFO,10/06/2024,09:24:01,23342.25,23338.6,225,23342.25,25,3075,13096775
NIFTY-I.NFO,10/06/2024,09:24:03,23339,23339,100,23341.9,225,625,13096775
NIFTY-I.NFO,10/06/2024,09:24:05,23342.1,23337.5,200,23342.1,25,2950,13096775
NIFTY-I.NFO,10/06/2024,09:24:06,23340,23339.45,25,23343.25,50,3100,13096775
NIFTY-I.NFO,10/06/2024,09:24:08,23342.4,23342.4,125,23342.7,125,1325,13096775
NIFTY-I.NFO,10/06/2024,09:24:10,23344.05,23341.45,25,23344.55,200,2850,13096775
NIFTY-I.NFO,10/06/2024,09:24:11,23340,23339.6,125,23344.1,50,825,13096775
NIFTY-I.NFO,10/06/2024,09:24:13,23343.5,23340,50,23343.5,50,2700,13096775
NIFTY-I.NFO,10/06/2024,09:24:15,23341.45,23340,300,23341.45,1325,900,13096775
NIFTY-I.NFO,10/06/2024,09:24:16,23340.2,23340.2,250,23343.8,175,3400,13096775
NIFTY-I.NFO,10/06/2024,09:24:18,23344.25,23344.1,150,23345,175,2925,13096775
NIFTY-I.NFO,10/06/2024,09:24:20,23340.45,23340.75,25,23345,50,4850,13096775
NIFTY-I.NFO,10/06/2024,09:24:21,23346.8,23345,50,23347.15,200,2425,13029775
NIFTY-I.NFO,10/06/2024,09:24:23,23343.95,23343.95,75,23348.3,250,3400,13029775
NIFTY-I.NFO,10/06/2024,09:24:25,23349,23345.6,50,23349,750,1825,13029775
NIFTY-I.NFO,10/06/2024,09:24:26,23349.5,23345.55,25,23349.65,25,4500,13029775
NIFTY-I.NFO,10/06/2024,09:24:28,23350,23346.6,25,23350,1975,3050,13029775
NIFTY-I.NFO,10/06/2024,09:24:30,23350,23346.95,25,23350,25,3900,13029775
NIFTY-I.NFO,10/06/2024,09:24:31,23353,23350,25,23353,975,3800,13029775
NIFTY-I.NFO,10/06/2024,09:24:33,23354.85,23351.8,125,23354.85,1175,3125,13029775
NIFTY-I.NFO,10/06/2024,09:24:35,23357,23353.8,25,23357,825,1925,13029775
NIFTY-I.NFO,10/06/2024,09:24:36,23353.2,23353,25,23357.35,50,3100,13029775
NIFTY-I.NFO,10/06/2024,09:24:38,23352.95,23352.9,250,23357.35,225,4175,13029775
NIFTY-I.NFO,10/06/2024,09:24:40,23360.4,23356.2,150,23360.75,200,4200,13029775
NIFTY-I.NFO,10/06/2024,09:24:41,23359.55,23359.55,25,23360,50,700,13029775
NIFTY-I.NFO,10/06/2024,09:24:43,23357.35,23355.95,75,23357.35,100,2500,13029775
NIFTY-I.NFO,10/06/2024,09:24:45,23361,23357.6,100,23361,325,1200,13029775
NIFTY-I.NFO,10/06/2024,09:24:46,23363.85,23359.5,300,23363.85,300,3075,13029775
NIFTY-I.NFO,10/06/2024,09:24:48,23362.6,23358.05,300,23362.6,125,1375,13029775
NIFTY-I.NFO,10/06/2024,09:24:50,23364.4,23359.95,150,23364.75,150,2725,13029775
NIFTY-I.NFO,10/06/2024,09:24:51,23365.95,23366.05,525,23369,700,4850,13029775
NIFTY-I.NFO,10/06/2024,09:24:53,23371,23368.6,125,23371,800,1600,13029775
NIFTY-I.NFO,10/06/2024,09:24:55,23371,23369,25,23371,400,1575,13029775
NIFTY-I.NFO,10/06/2024,09:24:56,23374,23371.9,125,23375,700,1750,13029775
NIFTY-I.NFO,10/06/2024,09:24:58,23376,23373.55,250,23376.1,50,11825,13029775
NIFTY-I.NFO,10/06/2024,09:25:00,23374.9,23371.25,200,23375.35,25,2225,13029775
NIFTY-I.NFO,10/06/2024,09:25:01,23371.9,23369.3,250,23371.9,1750,1275,13029775
NIFTY-I.NFO,10/06/2024,09:25:03,23364.75,23364.4,25,23367.85,25,3975,13029775
NIFTY-I.NFO,10/06/2024,09:25:05,23369.2,23366.5,250,23369.2,150,950,13029775
NIFTY-I.NFO,10/06/2024,09:25:06,23370,23367,350,23370,4700,1100,13029775
NIFTY-I.NFO,10/06/2024,09:25:08,23369.85,23367.25,150,23369.95,150,4050,13029775
NIFTY-I.NFO,10/06/2024,09:25:10,23370,23369.35,25,23370,4250,2325,13029775
NIFTY-I.NFO,10/06/2024,09:25:11,23366.6,23362.25,25,23366.5,25,3525,13029775
NIFTY-I.NFO,10/06/2024,09:25:13,23362.2,23361.3,25,23362.15,225,3975,13029775
NIFTY-I.NFO,10/06/2024,09:25:15,23364.3,23360.55,150,23364.3,25,3150,13029775
NIFTY-I.NFO,10/06/2024,09:25:16,23366.6,23362.25,50,23365.9,25,4250,13029775
NIFTY-I.NFO,10/06/2024,09:25:18,23365.45,23361.35,25,23365.5,25,1250,13029775
NIFTY-I.NFO,10/06/2024,09:25:20,23362.25,23362.1,75,23365.05,25,2600,13029775
NIFTY-I.NFO,10/06/2024,09:25:21,23365.9,23362.2,50,23366.45,200,2425,13029775
NIFTY-I.NFO,10/06/2024,09:25:23,23364.95,23366.75,25,23367.25,600,950,13029775
NIFTY-I.NFO,10/06/2024,09:25:25,23368.05,23368.05,125,23370.7,25,4025,13029775
NIFTY-I.NFO,10/06/2024,09:25:26,23365.85,23365.85,125,23369.15,50,325,13029775
NIFTY-I.NFO,10/06/2024,09:25:28,23369.95,23366.3,275,23369.95,125,575,13029775
NIFTY-I.NFO,10/06/2024,09:25:30,23366.45,23366.05,150,23369.8,250,50,13029775
NIFTY-I.NFO,10/06/2024,09:25:31,23366,23366,250,23366.1,25,175,13029775
NIFTY-I.NFO,10/06/2024,09:25:33,23365.55,23362.4,350,23365.75,25,725,13029775
NIFTY-I.NFO,10/06/2024,09:25:35,23366,23365.15,300,23367.45,25,2450,13029775
NIFTY-I.NFO,10/06/2024,09:25:36,23366,23366,225,23367.55,250,1175,13029775
NIFTY-I.NFO,10/06/2024,09:25:38,23365.5,23365,1650,23365.5,25,2325,13029775
NIFTY-I.NFO,10/06/2024,09:25:40,23365.1,23365.5,1200,23369.25,300,3200,13029775
NIFTY-I.NFO,10/06/2024,09:25:41,23368.55,23365.55,100,23368.35,50,1975,13029775
NIFTY-I.NFO,10/06/2024,09:25:43,23368.4,23365.5,100,23368.55,225,4650,13029775
NIFTY-I.NFO,10/06/2024,09:25:45,23367.6,23366.3,500,23367.55,50,225,13029775
NIFTY-I.NFO,10/06/2024,09:25:46,23365,23366.25,25,23367.45,50,2000,13029775
NIFTY-I.NFO,10/06/2024,09:25:48,23365,23366.05,250,23369,50,4300,13029775
NIFTY-I.NFO,10/06/2024,09:25:50,23368.55,23368.55,750,23368.9,50,3825,13029775
NIFTY-I.NFO,10/06/2024,09:25:51,23367.45,23367.45,100,23369.4,250,2800,13029775
NIFTY-I.NFO,10/06/2024,09:25:53,23370.65,23370,600,23371.95,750,5275,13029775
NIFTY-I.NFO,10/06/2024,09:25:55,23369.95,23368.85,50,23369.95,675,850,13029775
NIFTY-I.NFO,10/06/2024,09:25:56,23368.55,23366.45,225,23368.55,575,100,13029775
NIFTY-I.NFO,10/06/2024,09:25:58,23368.55,23366.45,225,23368.55,200,675,13029775
NIFTY-I.NFO,10/06/2024,09:26:00,23369.5,23365.9,50,23368.4,25,2350,13029775
NIFTY-I.NFO,10/06/2024,09:26:01,23365.2,23364,500,23366.65,25,2325,13029775
NIFTY-I.NFO,10/06/2024,09:26:03,23364,23364.35,25,23368.1,50,100,13029775
NIFTY-I.NFO,10/06/2024,09:26:05,23367.7,23365.2,25,23367.55,50,2000,13029775
NIFTY-I.NFO,10/06/2024,09:26:06,23365.2,23365.2,75,23367.55,100,775,13029775
NIFTY-I.NFO,10/06/2024,09:26:08,23365.05,23365.1,225,23368.85,125,2650,13029775
NIFTY-I.NFO,10/06/2024,09:26:10,23367.7,23363.85,25,23367.55,50,1150,13029775
NIFTY-I.NFO,10/06/2024,09:26:11,23362.3,23362.2,25,23366.45,25,2700,13029775
NIFTY-I.NFO,10/06/2024,09:26:13,23365,23366.85,500,23368.1,25,50,13029775
NIFTY-I.NFO,10/06/2024,09:26:15,23361.6,23361.75,25,23363.75,25,1900,13029775
NIFTY-I.NFO,10/06/2024,09:26:16,23365.2,23361.45,25,23365,25,2100,13029775
NIFTY-I.NFO,10/06/2024,09:26:18,23365.2,23364.4,25,23368.1,25,150,13029775
NIFTY-I.NFO,10/06/2024,09:26:20,23365,23363.75,475,23365.95,50,400,13029775
NIFTY-I.NFO,10/06/2024,09:26:21,23365.55,23365,1525,23365.55,50,625,13029775
NIFTY-I.NFO,10/06/2024,09:26:23,23361.9,23360.7,100,23364.05,50,1775,13029775
NIFTY-I.NFO,10/06/2024,09:26:25,23363.75,23361.4,75,23364.05,300,1800,13029775
NIFTY-I.NFO,10/06/2024,09:26:26,23365,23365,675,23365.15,350,4850,13029775
NIFTY-I.NFO,10/06/2024,09:26:28,23358.4,23360.7,25,23362.85,25,2775,13029775
NIFTY-I.NFO,10/06/2024,09:26:30,23358.75,23358.7,475,23362.1,25,650,13029775
NIFTY-I.NFO,10/06/2024,09:26:31,23356.1,23356.35,25,23360.3,100,2550,13029775
NIFTY-I.NFO,10/06/2024,09:26:33,23355.5,23355.5,250,23358.55,25,250,13029775
NIFTY-I.NFO,10/06/2024,09:26:35,23360.95,23358.3,100,23361.15,250,425,13029775
NIFTY-I.NFO,10/06/2024,09:26:36,23361.15,23360.05,200,23361.15,150,250,13029775
NIFTY-I.NFO,10/06/2024,09:26:38,23360,23360.05,250,23361.15,150,1975,13029775
NIFTY-I.NFO,10/06/2024,09:26:40,23359.55,23361.15,25,23362,1475,3450,13029775
NIFTY-I.NFO,10/06/2024,09:26:41,23367.55,23364.45,250,23367.75,25,2250,13029775
NIFTY-I.NFO,10/06/2024,09:26:43,23366.45,23365.65,25,23366.45,200,1275,13029775
NIFTY-I.NFO,10/06/2024,09:26:45,23366.4,23363.25,200,23364.65,25,850,13029775
NIFTY-I.NFO,10/06/2024,09:26:46,23366.65,23365.65,25,23366.45,25,2225,13029775
NIFTY-I.NFO,10/06/2024,09:26:48,23366.15,23366.15,150,23366.65,225,250,13029775
NIFTY-I.NFO,10/06/2024,09:26:50,23368.15,23366.6,50,23368.15,225,625,13029775
NIFTY-I.NFO,10/06/2024,09:26:51,23366.2,23366.2,175,23368.15,250,675,13029775
NIFTY-I.NFO,10/06/2024,09:26:53,23369,23366.65,25,23369,75,425,13029775
NIFTY-I.NFO,10/06/2024,09:26:55,23369.45,23367.95,125,23369.1,50,2150,13029775
NIFTY-I.NFO,10/06/2024,09:26:56,23370,23369.45,325,23372,175,1000,13029775
NIFTY-I.NFO,10/06/2024,09:26:58,23372,23370.85,100,23372,425,2850,13029775
NIFTY-I.NFO,10/06/2024,09:27:00,23374.45,23372.45,300,23375.55,125,2025,13029775
NIFTY-I.NFO,10/06/2024,09:27:01,23379.95,23377.8,325,23379.95,350,22700,13029775
NIFTY-I.NFO,10/06/2024,09:27:03,23382.7,23379.65,200,23383.05,50,2700,13029775
NIFTY-I.NFO,10/06/2024,09:27:05,23380.6,23377.6,100,23380.65,50,675,13029775
NIFTY-I.NFO,10/06/2024,09:27:06,23385,23383.5,25,23385,1225,900,13029775
NIFTY-I.NFO,10/06/2024,09:27:08,23385,23381.45,150,23384.7,225,400,13029775
NIFTY-I.NFO,10/06/2024,09:27:10,23382,23381.8,25,23383.85,150,1000,13029775
NIFTY-I.NFO,10/06/2024,09:27:11,23380,23377.55,125,23380,625,2000,13029775
NIFTY-I.NFO,10/06/2024,09:27:13,23381.85,23380.15,100,23383.2,75,1275,13029775
NIFTY-I.NFO,10/06/2024,09:27:15,23379.15,23379,150,23383,50,1100,13029775
NIFTY-I.NFO,10/06/2024,09:27:16,23385,23381.15,100,23385,1125,1375,13029775
NIFTY-I.NFO,10/06/2024,09:27:18,23381.2,23381.2,150,23384.95,250,325,13029775
NIFTY-I.NFO,10/06/2024,09:27:20,23384.95,23382.1,25,23384.95,25,875,13029775
NIFTY-I.NFO,10/06/2024,09:27:21,23382.05,23382.05,125,23385,100,1650,13005450
NIFTY-I.NFO,10/06/2024,09:27:23,23385,23384,25,23386,75,2975,13005450
NIFTY-I.NFO,10/06/2024,09:27:25,23384.05,23383.4,200,23385.55,25,900,13005450
NIFTY-I.NFO,10/06/2024,09:27:26,23385,23385,25,23385.55,50,725,13005450
NIFTY-I.NFO,10/06/2024,09:27:28,23388,23384.95,25,23388,2525,475,13005450
NIFTY-I.NFO,10/06/2024,09:27:30,23389,23386.6,250,23389.9,25,2950,13005450
NIFTY-I.NFO,10/06/2024,09:27:31,23391,23390.1,50,23393,75,2500,13005450
NIFTY-I.NFO,10/06/2024,09:27:33,23397.95,23394.05,200,23397.9,300,3775,13005450
NIFTY-I.NFO,10/06/2024,09:27:35,23398,23394.55,200,23398,225,5775,13005450
NIFTY-I.NFO,10/06/2024,09:27:36,23400,23395.75,200,23399.8,25,2250,13005450
NIFTY-I.NFO,10/06/2024,09:27:38,23398,23395.95,200,23398,400,650,13005450
NIFTY-I.NFO,10/06/2024,09:27:40,23396.1,23396.1,125,23399,900,1075,13005450
NIFTY-I.NFO,10/06/2024,09:27:41,23395.35,23394.7,200,23398.5,25,400,13005450
NIFTY-I.NFO,10/06/2024,09:27:43,23397.35,23393.1,25,23397.2,50,1250,13005450
NIFTY-I.NFO,10/06/2024,09:27:45,23395.45,23394.95,50,23399.1,25,3400,13005450
NIFTY-I.NFO,10/06/2024,09:27:46,23393.05,23392.8,25,23397.9,200,1225,13005450
NIFTY-I.NFO,10/06/2024,09:27:48,23397.9,23394.45,25,23397.9,50,325,13005450
NIFTY-I.NFO,10/06/2024,09:27:50,23392.95,23393.1,250,23397,350,900,13005450
NIFTY-I.NFO,10/06/2024,09:27:51,23398.25,23397,150,23398.25,75,700,13005450
NIFTY-I.NFO,10/06/2024,09:27:53,23397,23397,100,23398,25,625,13005450
NIFTY-I.NFO,10/06/2024,09:27:55,23398,23397,100,23398,1100,4025,13005450
NIFTY-I.NFO,10/06/2024,09:27:56,23394.25,23393.1,25,23397.8,25,700,13005450
NIFTY-I.NFO,10/06/2024,09:27:58,23391.75,23391.95,200,23392.55,25,650,13005450
NIFTY-I.NFO,10/06/2024,09:28:00,23393.65,23393.6,25,23397.4,200,925,13005450
NIFTY-I.NFO,10/06/2024,09:28:01,23397.75,23393.65,25,23397.45,200,550,13005450
NIFTY-I.NFO,10/06/2024,09:28:03,23392.3,23392.2,150,23393.65,3700,2525,13005450
NIFTY-I.NFO,10/06/2024,09:28:05,23397.95,23396.5,125,23398,1025,4875,13005450
NIFTY-I.NFO,10/06/2024,09:28:07,23396.95,23393.65,200,23396.95,50,3400,13005450
NIFTY-I.NFO,10/06/2024,09:28:08,23395,23394,200,23398,300,450,13005450
NIFTY-I.NFO,10/06/2024,09:28:10,23397.6,23393.8,25,23397.75,25,450,13005450
NIFTY-I.NFO,10/06/2024,09:28:12,23393.65,23393.65,50,23396.1,25,625,13005450
NIFTY-I.NFO,10/06/2024,09:28:13,23396.2,23393.1,50,23397.3,50,750,13005450
NIFTY-I.NFO,10/06/2024,09:28:15,23396.7,23393.65,25,23396.7,25,1475,13005450
NIFTY-I.NFO,10/06/2024,09:28:17,23399.7,23396.55,150,23399.85,25,2800,13005450
NIFTY-I.NFO,10/06/2024,09:28:18,23396.9,23396.9,100,23397.75,175,175,13005450
NIFTY-I.NFO,10/06/2024,09:28:20,23397.75,23396.5,250,23397.75,150,400,13005450
NIFTY-I.NFO,10/06/2024,09:28:22,23397.3,23397.3,1075,23397.75,200,275,13005450
NIFTY-I.NFO,10/06/2024,09:28:23,23397.3,23397.3,900,23397.75,75,325,13005450
NIFTY-I.NFO,10/06/2024,09:28:25,23397.3,23397.3,450,23397.75,50,750,13005450
NIFTY-I.NFO,10/06/2024,09:28:27,23398,23397.75,175,23398.65,25,500,13005450
NIFTY-I.NFO,10/06/2024,09:28:28,23397.3,23397.3,125,23400,4750,675,13005450
NIFTY-I.NFO,10/06/2024,09:28:30,23400,23398.5,125,23400,2175,3175,13005450
NIFTY-I.NFO,10/06/2024,09:28:32,23400,23397.3,50,23400,2075,775,13005450
NIFTY-I.NFO,10/06/2024,09:28:33,23397.3,23397.45,50,23400,1825,475,13005450
NIFTY-I.NFO,10/06/2024,09:28:35,23397.6,23397.45,175,23400,1850,150,13005450
NIFTY-I.NFO,10/06/2024,09:28:37,23396.85,23396.85,25,23397.3,300,625,13005450
NIFTY-I.NFO,10/06/2024,09:28:38,23397.3,23395.05,150,23397.3,475,1375,13005450
NIFTY-I.NFO,10/06/2024,09:28:40,23395.5,23395.55,250,23397.3,175,725,13005450
NIFTY-I.NFO,10/06/2024,09:28:41,23394.55,23394.5,75,23397.45,50,550,13005450
NIFTY-I.NFO,10/06/2024,09:28:43,23397.3,23397.3,75,23397.45,350,275,13005450
NIFTY-I.NFO,10/06/2024,09:28:45,23396.1,23396.1,50,23396.85,275,750,13005450
NIFTY-I.NFO,10/06/2024,09:28:46,23395,23395,25,23396.1,25,2175,13005450
NIFTY-I.NFO,10/06/2024,09:28:48,23396.25,23393.7,100,23396.75,50,825,13005450
NIFTY-I.NFO,10/06/2024,09:28:50,23394.05,23394.05,75,23397,25,1850,13005450
NIFTY-I.NFO,10/06/2024,09:28:51,23396.8,23393.65,100,23396.8,25,1225,13005450
NIFTY-I.NFO,10/06/2024,09:28:53,23394.95,23393.7,375,23394.95,1375,525,13005450
NIFTY-I.NFO,10/06/2024,09:28:55,23393.35,23393.35,700,23394.95,1000,575,13005450
NIFTY-I.NFO,10/06/2024,09:28:56,23398,23397,50,23398,2725,2325,13005450
NIFTY-I.NFO,10/06/2024,09:28:58,23395.8,23394,25,23398,2625,2575,13005450
NIFTY-I.NFO,10/06/2024,09:29:00,23398,23395,75,23398,1875,1275,13005450
NIFTY-I.NFO,10/06/2024,09:29:01,23395.65,23394.8,100,23395.8,25,1050,13005450
NIFTY-I.NFO,10/06/2024,09:29:03,23397,23393.8,75,23397,2075,1550,13005450
NIFTY-I.NFO,10/06/2024,09:29:05,23396.4,23392.1,25,23396.05,100,2625,13005450
NIFTY-I.NFO,10/06/2024,09:29:06,23397.65,23393.65,50,23397.65,25,3175,13005450
NIFTY-I.NFO,10/06/2024,09:29:08,23393,23392.45,375,23393,975,1850,13005450
NIFTY-I.NFO,10/06/2024,09:29:10,23393,23392.5,250,23393,475,1175,13005450
NIFTY-I.NFO,10/06/2024,09:29:11,23393,23391.7,150,23392.45,50,1375,13005450
NIFTY-I.NFO,10/06/2024,09:29:13,23395.75,23392.75,150,23395.65,225,5525,13005450
NIFTY-I.NFO,10/06/2024,09:29:15,23394.6,23394.65,300,23397.5,125,3400,13005450
NIFTY-I.NFO,10/06/2024,09:29:16,23392.65,23391.65,50,23395.45,25,1250,13005450
NIFTY-I.NFO,10/06/2024,09:29:18,23394.05,23394.05,275,23397,25,1725,13005450
NIFTY-I.NFO,10/06/2024,09:29:20,23394.65,23394.8,75,23395.75,50,475,13005450
NIFTY-I.NFO,10/06/2024,09:29:21,23395.75,23394.05,25,23396.6,25,1375,13005450
NIFTY-I.NFO,10/06/2024,09:29:23,23394.6,23394.15,275,23395.95,50,850,13005450
NIFTY-I.NFO,10/06/2024,09:29:25,23394,23394.6,50,23396.75,25,950,13005450
NIFTY-I.NFO,10/06/2024,09:29:26,23393.7,23393.7,25,23396.75,325,2300,13005450
NIFTY-I.NFO,10/06/2024,09:29:28,23396.45,23396.3,150,23398,1200,975,13005450
NIFTY-I.NFO,10/06/2024,09:29:30,23397.95,23397.6,125,23397.95,225,1525,13005450
NIFTY-I.NFO,10/06/2024,09:29:31,23397.05,23392.75,25,23396.85,25,3750,13005450
NIFTY-I.NFO,10/06/2024,09:29:33,23393.7,23394.4,150,23398,650,2200,13005450
NIFTY-I.NFO,10/06/2024,09:29:35,23398.6,23395.8,250,23398.65,175,1625,13005450
NIFTY-I.NFO,10/06/2024,09:29:36,23399,23395.35,225,23399,1400,2425,13005450
NIFTY-I.NFO,10/06/2024,09:29:38,23395,23395,525,23398.6,25,325,13005450
NIFTY-I.NFO,10/06/2024,09:29:40,23397.25,23394.45,125,23398.2,25,700,13005450
NIFTY-I.NFO,10/06/2024,09:29:41,23398.05,23394,175,23395.35,100,375,13005450
NIFTY-I.NFO,10/06/2024,09:29:43,23393.5,23392.05,250,23395.35,375,4700,13005450
NIFTY-I.NFO,10/06/2024,09:29:45,23395,23392.55,250,23395.35,250,1300,13005450
NIFTY-I.NFO,10/06/2024,09:29:46,23394.5,23393,125,23395.35,600,225,13005450
NIFTY-I.NFO,10/06/2024,09:29:48,23392.1,23392.9,125,23395.3,175,1650,13005450
NIFTY-I.NFO,10/06/2024,09:29:50,23393.7,23394.2,125,23397.9,275,4600,13005450
NIFTY-I.NFO,10/06/2024,09:29:51,23398.7,23394.75,150,23398.7,25,925,13005450
NIFTY-I.NFO,10/06/2024,09:29:53,23395.3,23395.2,250,23395.45,100,450,13005450
NIFTY-I.NFO,10/06/2024,09:29:55,23397.05,23395.2,150,23397.05,50,825,13005450
NIFTY-I.NFO,10/06/2024,09:29:56,23395,23391.75,300,23394.9,100,400,13005450
NIFTY-I.NFO,10/06/2024,09:29:58,23394.05,23394.5,25,23394.9,200,1200,13005450
NIFTY-I.NFO,10/06/2024,09:30:00,23396.65,23393.25,250,23395.5,25,3050,13005450
NIFTY-I.NFO,10/06/2024,09:30:01,23396.2,23395,525,23396.3,250,500,13005450
NIFTY-I.NFO,10/06/2024,09:30:03,23396.2,23393.7,300,23397,125,1275,13005450
NIFTY-I.NFO,10/06/2024,09:30:05,23396.65,23394.5,25,23397,50,1000,13005450
NIFTY-I.NFO,10/06/2024,09:30:06,23391.9,23391.9,350,23395.3,125,2025,13005450
NIFTY-I.NFO,10/06/2024,09:30:08,23391.7,23391.7,325,23394.9,150,750,13005450
NIFTY-I.NFO,10/06/2024,09:30:10,23390.85,23390,625,23392.55,50,550,13005450
NIFTY-I.NFO,10/06/2024,09:30:11,23388.85,23388.65,200,23391.35,25,1825,13005450
NIFTY-I.NFO,10/06/2024,09:30:13,23386,23385.5,200,23387.4,25,2375,13005450
NIFTY-I.NFO,10/06/2024,09:30:15,23385,23385,225,23387.35,25,625,13005450
NIFTY-I.NFO,10/06/2024,09:30:17,23387.35,23387.05,350,23390,100,1300,13005450
NIFTY-I.NFO,10/06/2024,09:30:18,23388.8,23386,500,23389.1,25,2675,13005450
NIFTY-I.NFO,10/06/2024,09:30:20,23387.35,23387.8,125,23389.6,250,750,13005450
NIFTY-I.NFO,10/06/2024,09:30:22,23388.45,23387.35,25,23388.45,100,825,13033350
NIFTY-I.NFO,10/06/2024,09:30:23,23385.5,23385.3,575,23386.8,25,1500,13033350
NIFTY-I.NFO,10/06/2024,09:30:25,23379.3,23379.3,625,23382.75,50,6075,13033350
NIFTY-I.NFO,10/06/2024,09:30:27,23380.05,23380.8,425,23383.2,250,800,13033350
NIFTY-I.NFO,10/06/2024,09:30:28,23382.15,23382.15,400,23385.15,50,1175,13033350
NIFTY-I.NFO,10/06/2024,09:30:30,23385.5,23383,600,23385.85,25,2050,13033350
NIFTY-I.NFO,10/06/2024,09:30:32,23385.8,23381.7,100,23385.8,25,1450,13033350
NIFTY-I.NFO,10/06/2024,09:30:33,23385.15,23382.35,150,23384.55,25,425,13033350
NIFTY-I.NFO,10/06/2024,09:30:35,23383.2,23383.2,625,23383.95,25,3800,13033350
NIFTY-I.NFO,10/06/2024,09:30:37,23383.95,23381.95,275,23383.95,175,875,13033350
NIFTY-I.NFO,10/06/2024,09:30:38,23381,23377.6,1075,23380.45,25,1625,13033350
NIFTY-I.NFO,10/06/2024,09:30:40,23375.05,23373,200,23375.1,25,3400,13033350
NIFTY-I.NFO,10/06/2024,09:30:42,23376.8,23375.55,300,23378.65,50,1400,13033350
NIFTY-I.NFO,10/06/2024,09:30:43,23378.65,23377.6,125,23378.65,75,1100,13033350
NIFTY-I.NFO,10/06/2024,09:30:45,23377.6,23376.05,250,23377.6,25,900,13033350
NIFTY-I.NFO,10/06/2024,09:30:47,23380.45,23380.6,125,23383.3,25,1125,13033350
NIFTY-I.NFO,10/06/2024,09:30:48,23379.7,23379.2,350,23382.6,250,500,13033350
NIFTY-I.NFO,10/06/2024,09:30:50,23377.95,23378.8,50,23382,25,2825,13033350
NIFTY-I.NFO,10/06/2024,09:30:52,23379.15,23382.65,1825,23383.3,25,350,13033350
NIFTY-I.NFO,10/06/2024,09:30:53,23382.65,23382.65,1525,23384,25,450,13033350
NIFTY-I.NFO,10/06/2024,09:30:55,23381.55,23381.55,1775,23384.5,25,5075,13033350
NIFTY-I.NFO,10/06/2024,09:30:57,23381.55,23383.45,150,23384.45,25,1975,13033350
NIFTY-I.NFO,10/06/2024,09:30:58,23384.5,23384,1800,23385,650,500,13033350
NIFTY-I.NFO,10/06/2024,09:31:00,23385,23385,1100,23385.5,100,1100,13033350
NIFTY-I.NFO,10/06/2024,09:31:02,23385,23385,450,23385.35,25,1025,13033350
NIFTY-I.NFO,10/06/2024,09:31:03,23385.7,23387.75,25,23388.5,25,4550,13033350
NIFTY-I.NFO,10/06/2024,09:31:05,23385,23385,725,23386.65,100,750,13033350
NIFTY-I.NFO,10/06/2024,09:31:07,23384.95,23384,1525,23385.9,125,3025,13033350
NIFTY-I.NFO,10/06/2024,09:31:08,23387.6,23383.7,175,23387.3,25,4400,13033350
NIFTY-I.NFO,10/06/2024,09:31:10,23386.05,23386.05,1425,23387.45,375,1050,13033350
NIFTY-I.NFO,10/06/2024,09:31:12,23388.3,23386.15,250,23388.35,250,1675,13033350
NIFTY-I.NFO,10/06/2024,09:31:13,23385.95,23385.85,300,23388.45,50,450,13033350
NIFTY-I.NFO,10/06/2024,09:31:15,23384.6,23384.6,250,23388.4,25,1550,13033350
NIFTY-I.NFO,10/06/2024,09:31:17,23384.2,23384.2,50,23385.85,25,800,13033350
NIFTY-I.NFO,10/06/2024,09:31:18,23383.1,23383,150,23384.75,125,600,13033350
NIFTY-I.NFO,10/06/2024,09:31:20,23382.1,23382,1500,23384.75,50,1125,13033350
NIFTY-I.NFO,10/06/2024,09:31:22,23387.5,23387.55,25,23390,150,725,13033350
NIFTY-I.NFO,10/06/2024,09:31:23,23388.1,23386.5,225,23389.45,150,1225,13033350
NIFTY-I.NFO,10/06/2024,09:31:25,23389.7,23387.5,250,23390,25,1675,13033350
NIFTY-I.NFO,10/06/2024,09:31:27,23389.65,23387.5,100,23389.45,125,975,13033350
NIFTY-I.NFO,10/06/2024,09:31:28,23385,23384.55,25,23385,100,925,13033350
NIFTY-I.NFO,10/06/2024,09:31:30,23384.95,23383.7,175,23384.95,100,1325,13033350
NIFTY-I.NFO,10/06/2024,09:31:32,23383,23382.9,25,23387,50,725,13033350
NIFTY-I.NFO,10/06/2024,09:31:33,23386.1,23385,75,23386,1325,200,13033350
NIFTY-I.NFO,10/06/2024,09:31:35,23384.95,23383.05,100,23386,1075,375,13033350
NIFTY-I.NFO,10/06/2024,09:31:37,23382.7,23382.7,150,23385.2,150,625,13033350
NIFTY-I.NFO,10/06/2024,09:31:38,23383.35,23382,1025,23384.3,125,1900,13033350
NIFTY-I.NFO,10/06/2024,09:31:40,23382,23382,700,23382.7,100,975,13033350
NIFTY-I.NFO,10/06/2024,09:31:42,23381.2,23380.1,25,23382.35,75,2900,13033350
NIFTY-I.NFO,10/06/2024,09:31:43,23382.7,23380.9,250,23382,25,1425,13033350
NIFTY-I.NFO,10/06/2024,09:31:45,23380.75,23380.65,150,23382.6,150,325,13033350
NIFTY-I.NFO,10/06/2024,09:31:47,23380,23378.75,750,23380,100,750,13033350
NIFTY-I.NFO,10/06/2024,09:31:48,23380,23378.8,700,23380,150,250,13033350
NIFTY-I.NFO,10/06/2024,09:31:50,23379.6,23377.65,100,23379.6,175,2875,13033350
NIFTY-I.NFO,10/06/2024,09:31:52,23379.6,23378.4,400,23379.6,150,425,13033350
NIFTY-I.NFO,10/06/2024,09:31:53,23379.4,23379.5,350,23380.75,150,975,13033350
NIFTY-I.NFO,10/06/2024,09:31:55,23377,23377.05,25,23378.55,150,825,13033350
NIFTY-I.NFO,10/06/2024,09:31:57,23381.5,23378.55,425,23381.7,150,925,13033350
NIFTY-I.NFO,10/06/2024,09:31:58,23380.4,23380.4,350,23381.55,150,475,13033350
NIFTY-I.NFO,10/06/2024,09:32:00,23377.5,23377.4,150,23378.15,1500,1950,13033350
NIFTY-I.NFO,10/06/2024,09:32:02,23378.05,23377.15,150,23378.05,125,700,13033350
NIFTY-I.NFO,10/06/2024,09:32:03,23375.55,23375.55,375,23377.55,25,4975,13033350
NIFTY-I.NFO,10/06/2024,09:32:05,23372.8,23372.2,125,23375.1,175,3300,13033350
NIFTY-I.NFO,10/06/2024,09:32:07,23375,23372.7,250,23375.05,150,1675,13033350
NIFTY-I.NFO,10/06/2024,09:32:08,23371.8,23372.45,450,23375.05,125,1525,13033350
NIFTY-I.NFO,10/06/2024,09:32:10,23374.15,23372.95,175,23374.15,25,625,13033350
NIFTY-I.NFO,10/06/2024,09:32:12,23374.15,23373.4,400,23374.15,175,1200,13033350
NIFTY-I.NFO,10/06/2024,09:32:13,23375,23373.4,300,23374.15,25,400,13033350
NIFTY-I.NFO,10/06/2024,09:32:15,23370.05,23370.05,75,23373.4,25,1575,13033350
NIFTY-I.NFO,10/06/2024,09:32:17,23370.05,23370.05,125,23372.6,25,50,13033350
NIFTY-I.NFO,10/06/2024,09:32:18,23371.05,23371.05,75,23372.45,25,100,13033350
NIFTY-I.NFO,10/06/2024,09:32:20,23370,23370.05,100,23372.05,50,875,13033350
NIFTY-I.NFO,10/06/2024,09:32:22,23370.05,23370.05,225,23370.1,25,1150,13033350
NIFTY-I.NFO,10/06/2024,09:32:23,23370,23369.15,100,23370,100,2225,13033350
NIFTY-I.NFO,10/06/2024,09:32:25,23366.8,23366.8,75,23367.85,50,825,13033350
NIFTY-I.NFO,10/06/2024,09:32:27,23364.9,23364.9,125,23367.35,25,2250,13033350
NIFTY-I.NFO,10/06/2024,09:32:28,23365.5,23363.5,200,23365.45,150,425,13033350
NIFTY-I.NFO,10/06/2024,09:32:30,23363.45,23363.5,100,23365.25,50,375,13033350
NIFTY-I.NFO,10/06/2024,09:32:32,23364.15,23364.15,50,23365,350,1100,13033350
NIFTY-I.NFO,10/06/2024,09:32:33,23366,23365.15,25,23366.8,100,2650,13033350
NIFTY-I.NFO,10/06/2024,09:32:35,23365.85,23365.85,125,23366.8,100,375,13033350
NIFTY-I.NFO,10/06/2024,09:32:37,23370,23368.05,100,23370,200,575,13033350
NIFTY-I.NFO,10/06/2024,09:32:38,23366.85,23367.45,200,23369.95,350,125,13033350
NIFTY-I.NFO,10/06/2024,09:32:40,23368.05,23368.05,200,23370,50,750,13033350
NIFTY-I.NFO,10/06/2024,09:32:42,23368.85,23368.85,75,23371.4,150,725,13033350
NIFTY-I.NFO,10/06/2024,09:32:43,23367.9,23366.85,200,23367.9,25,375,13033350
NIFTY-I.NFO,10/06/2024,09:32:45,23370,23368.5,175,23371.25,150,150,13033350
NIFTY-I.NFO,10/06/2024,09:32:47,23369.15,23369.15,50,23372.3,150,1000,13033350
NIFTY-I.NFO,10/06/2024,09:32:48,23370.2,23370.2,25,23371.9,25,725,13033350
NIFTY-I.NFO,10/06/2024,09:32:50,23371.05,23368.55,200,23371.05,150,2200,13033350
NIFTY-I.NFO,10/06/2024,09:32:52,23371.05,23369.3,125,23371.05,25,350,13033350
NIFTY-I.NFO,10/06/2024,09:32:53,23369.7,23369.65,200,23372.55,150,400,13033350
NIFTY-I.NFO,10/06/2024,09:32:55,23368.5,23368.45,100,23370.55,25,1800,13033350
NIFTY-I.NFO,10/06/2024,09:32:57,23367.9,23367.9,150,23370.55,225,700,13033350
NIFTY-I.NFO,10/06/2024,09:32:58,23369.65,23368.3,50,23369.65,400,600,13033350
NIFTY-I.NFO,10/06/2024,09:33:00,23367,23367,50,23368.1,125,1300,13033350
NIFTY-I.NFO,10/06/2024,09:33:02,23367.9,23365.6,25,23368.1,450,950,13033350
NIFTY-I.NFO,10/06/2024,09:33:03,23369,23367.9,50,23369.05,25,2975,13033350
NIFTY-I.NFO,10/06/2024,09:33:05,23364.9,23363.5,200,23365.05,25,1800,13033350
NIFTY-I.NFO,10/06/2024,09:33:07,23363.45,23363.05,200,23363.6,25,450,13033350
NIFTY-I.NFO,10/06/2024,09:33:08,23363.6,23362.4,100,23363.6,225,425,13033350
NIFTY-I.NFO,10/06/2024,09:33:10,23361.9,23361.95,75,23362.35,100,800,13033350
NIFTY-I.NFO,10/06/2024,09:33:12,23360.2,23360.2,175,23363.5,25,4050,13033350
NIFTY-I.NFO,10/06/2024,09:33:13,23362.4,23362.4,25,23363.5,600,550,13033350
NIFTY-I.NFO,10/06/2024,09:33:15,23360.45,23360.45,175,23363.45,225,1000,13033350
NIFTY-I.NFO,10/06/2024,09:33:17,23362.15,23362.15,25,23363.45,350,1425,13033350
NIFTY-I.NFO,10/06/2024,09:33:18,23360,23361.7,200,23363.55,25,875,13033350
NIFTY-I.NFO,10/06/2024,09:33:20,23364.5,23360.3,150,23363.25,25,2100,13033350
NIFTY-I.NFO,10/06/2024,09:33:22,23362.4,23360.45,225,23362.4,875,1975,13033350
NIFTY-I.NFO,10/06/2024,09:33:23,23364,23362.45,225,23364,900,1650,13050850
NIFTY-I.NFO,10/06/2024,09:33:25,23360.55,23360.55,75,23363.95,150,600,13050850
NIFTY-I.NFO,10/06/2024,09:33:27,23361.7,23361.6,100,23363.95,500,225,13050850
NIFTY-I.NFO,10/06/2024,09:33:28,23361.1,23361.05,25,23361.7,25,400,13050850
NIFTY-I.NFO,10/06/2024,09:33:30,23361.05,23363,75,23363.6,1975,925,13050850
NIFTY-I.NFO,10/06/2024,09:33:32,23360.85,23357.05,500,23360.8,50,1850,13050850
NIFTY-I.NFO,10/06/2024,09:33:33,23358.25,23357.15,150,23357.9,225,900,13050850
NIFTY-I.NFO,10/06/2024,09:33:35,23357.9,23357.05,75,23357.4,50,3200,13050850
NIFTY-I.NFO,10/06/2024,09:33:37,23359.85,23357.4,200,23359.95,650,675,13050850
NIFTY-I.NFO,10/06/2024,09:33:38,23358.15,23357.9,250,23358.15,100,2275,13050850
NIFTY-I.NFO,10/06/2024,09:33:40,23355.35,23354.35,75,23357.85,100,850,13050850
NIFTY-I.NFO,10/06/2024,09:33:42,23357.85,23355.4,100,23357.85,200,2775,13050850
NIFTY-I.NFO,10/06/2024,09:33:43,23357.35,23356.7,150,23357.95,100,350,13050850
NIFTY-I.NFO,10/06/2024,09:33:45,23358.95,23355.15,200,23358.4,25,2725,13050850
NIFTY-I.NFO,10/06/2024,09:33:47,23357.9,23357.9,75,23359.05,25,650,13050850
NIFTY-I.NFO,10/06/2024,09:33:48,23357.9,23355.1,175,23357.35,25,300,13050850
NIFTY-I.NFO,10/06/2024,09:33:50,23357.35,23355.1,200,23357.35,500,1150,13050850
NIFTY-I.NFO,10/06/2024,09:33:52,23357.1,23355.15,50,23356.75,150,2700,13050850
NIFTY-I.NFO,10/06/2024,09:33:53,23356.75,23352.55,200,23356.05,50,800,13050850
NIFTY-I.NFO,10/06/2024,09:33:55,23352.7,23352.7,150,23355,100,325,13050850
NIFTY-I.NFO,10/06/2024,09:33:57,23351.15,23351.15,150,23353.95,25,750,13050850
NIFTY-I.NFO,10/06/2024,09:33:58,23353.95,23351.15,200,23353.95,625,825,13050850
NIFTY-I.NFO,10/06/2024,09:34:00,23352.55,23352.6,225,23353.95,700,500,13050850
NIFTY-I.NFO,10/06/2024,09:34:02,23352.65,23351.05,125,23352.9,275,3350,13050850
NIFTY-I.NFO,10/06/2024,09:34:03,23348.55,23348.55,100,23348.9,250,6000,13050850
NIFTY-I.NFO,10/06/2024,09:34:05,23348.55,23346.05,125,23347.95,25,3600,13050850
NIFTY-I.NFO,10/06/2024,09:34:07,23337.95,23337.6,325,23341.05,25,9350,13050850
NIFTY-I.NFO,10/06/2024,09:34:08,23335.1,23335.1,1100,23335.45,25,1950,13050850
NIFTY-I.NFO,10/06/2024,09:34:10,23340.95,23337,100,23340.8,50,5150,13050850
NIFTY-I.NFO,10/06/2024,09:34:12,23337.3,23337.3,175,23340,200,1450,13050850
NIFTY-I.NFO,10/06/2024,09:34:13,23334.1,23334.3,25,23337.6,275,925,13050850
NIFTY-I.NFO,10/06/2024,09:34:15,23330,23330,250,23331.1,100,1975,13050850
NIFTY-I.NFO,10/06/2024,09:34:17,23329.95,23328.7,100,23329.95,100,2500,13050850
NIFTY-I.NFO,10/06/2024,09:34:18,23327.95,23328,175,23330.1,250,1675,13050850
NIFTY-I.NFO,10/06/2024,09:34:20,23328.35,23330.1,100,23332.1,25,1650,13050850
NIFTY-I.NFO,10/06/2024,09:34:22,23324.05,23324.05,225,23327.05,75,5050,13050850
NIFTY-I.NFO,10/06/2024,09:34:23,23322.45,23322.75,25,23326.6,100,3200,13050850
NIFTY-I.NFO,10/06/2024,09:34:25,23325.55,23322.75,100,23325.6,250,950,13050850
NIFTY-I.NFO,10/06/2024,09:34:27,23324.3,23322.8,50,23324.3,175,2625,13050850
NIFTY-I.NFO,10/06/2024,09:34:28,23322.45,23321.25,100,23324.3,650,500,13050850
NIFTY-I.NFO,10/06/2024,09:34:30,23322.5,23321.05,100,23322.5,100,3275,13050850
NIFTY-I.NFO,10/06/2024,09:34:32,23317,23316,225,23319.85,50,5850,13050850
NIFTY-I.NFO,10/06/2024,09:34:33,23320.15,23320,25,23322.45,50,3025,13050850
NIFTY-I.NFO,10/06/2024,09:34:35,23320,23319.75,100,23322.2,200,875,13050850
NIFTY-I.NFO,10/06/2024,09:34:37,23321.8,23320.65,200,23322.55,25,1225,13050850
NIFTY-I.NFO,10/06/2024,09:34:38,23329.55,23329.5,250,23332.35,50,3600,13050850
NIFTY-I.NFO,10/06/2024,09:34:40,23322.7,23322.7,25,23326.45,25,1275,13050850
NIFTY-I.NFO,10/06/2024,09:34:42,23325,23322.9,50,23326.35,25,675,13050850
NIFTY-I.NFO,10/06/2024,09:34:44,23330.35,23325.5,25,23329.15,50,3125,13050850
NIFTY-I.NFO,10/06/2024,09:34:45,23327.5,23325,100,23325.5,50,575,13050850
NIFTY-I.NFO,10/06/2024,09:34:47,23321.9,23320.15,125,23323.45,150,975,13050850
NIFTY-I.NFO,10/06/2024,09:34:49,23323.45,23321.5,225,23325.5,1225,1450,13050850
NIFTY-I.NFO,10/06/2024,09:34:50,23321.75,23320.8,200,23325.1,250,1300,13050850
NIFTY-I.NFO,10/06/2024,09:34:52,23320.2,23320.05,50,23323.3,150,1875,13050850
NIFTY-I.NFO,10/06/2024,09:34:54,23322.1,23320.1,25,23322.1,225,525,13050850
NIFTY-I.NFO,10/06/2024,09:34:55,23317.05,23317.05,50,23319.15,25,2950,13050850
NIFTY-I.NFO,10/06/2024,09:34:57,23319.15,23317.35,125,23319.15,175,2100,13050850
NIFTY-I.NFO,10/06/2024,09:34:59,23321.9,23317.8,225,23321.65,325,2675,13050850
NIFTY-I.NFO,10/06/2024,09:35:00,23318.25,23316.05,75,23318.25,150,775,13050850
NIFTY-I.NFO,10/06/2024,09:35:02,23318.2,23316.15,50,23318.25,25,1650,13050850
NIFTY-I.NFO,10/06/2024,09:35:04,23317.35,23316.2,500,23317.8,175,375,13050850
NIFTY-I.NFO,10/06/2024,09:35:05,23316.2,23316.3,75,23317.25,25,3425,13050850
NIFTY-I.NFO,10/06/2024,09:35:07,23325.8,23325.7,150,23326.45,25,13950,13050850
NIFTY-I.NFO,10/06/2024,09:35:09,23324.6,23324.6,100,23325.4,25,850,13050850
NIFTY-I.NFO,10/06/2024,09:35:10,23327.5,23324.45,25,23325.7,25,900,13050850
NIFTY-I.NFO,10/06/2024,09:35:12,23323.9,23323.9,25,23325.7,300,525,13050850
NIFTY-I.NFO,10/06/2024,09:35:14,23329.75,23325.75,25,23329.55,25,2425,13050850
NIFTY-I.NFO,10/06/2024,09:35:15,23329.45,23328.55,175,23331.2,50,2650,13050850
NIFTY-I.NFO,10/06/2024,09:35:17,23330.7,23327.4,125,23330.7,250,1475,13050850
NIFTY-I.NFO,10/06/2024,09:35:19,23328.25,23328.35,225,23331.25,50,575,13050850
NIFTY-I.NFO,10/06/2024,09:35:20,23334.4,23330.1,75,23333.4,250,725,13050850
NIFTY-I.NFO,10/06/2024,09:35:22,23336.2,23336.2,75,23339.05,250,2075,13050850
NIFTY-I.NFO,10/06/2024,09:35:24,23337.7,23336.65,25,23337.7,250,775,13050850
NIFTY-I.NFO,10/06/2024,09:35:25,23331.2,23331.25,100,23334.25,175,1625,13050850
NIFTY-I.NFO,10/06/2024,09:35:27,23335.45,23334.15,100,23335.45,150,2050,13050850
NIFTY-I.NFO,10/06/2024,09:35:29,23334.15,23334.2,25,23334.8,25,2775,13050850
NIFTY-I.NFO,10/06/2024,09:35:30,23334.45,23331.65,125,23333.45,200,650,13050850
NIFTY-I.NFO,10/06/2024,09:35:32,23331.9,23329.5,100,23332.4,150,2325,13050850
NIFTY-I.NFO,10/06/2024,09:35:34,23331.5,23330.85,175,23334.4,200,350,13050850
NIFTY-I.NFO,10/06/2024,09:35:35,23324.95,23321.55,25,23326.1,125,4300,13050850
NIFTY-I.NFO,10/06/2024,09:35:37,23327.65,23323.55,25,23327.7,25,400,13050850
NIFTY-I.NFO,10/06/2024,09:35:39,23325.05,23325.15,175,23329.05,50,625,13050850
NIFTY-I.NFO,10/06/2024,09:35:40,23331.4,23329.85,100,23332.7,25,225,13050850
NIFTY-I.NFO,10/06/2024,09:35:42,23331.35,23327.85,200,23332.45,100,2025,13050850
NIFTY-I.NFO,10/06/2024,09:35:44,23329.95,23326.15,200,23329.95,150,175,13050850
NIFTY-I.NFO,10/06/2024,09:35:45,23331.35,23327.9,75,23331.25,25,1525,13050850
NIFTY-I.NFO,10/06/2024,09:35:47,23330,23329,25,23329.3,25,1050,13050850
NIFTY-I.NFO,10/06/2024,09:35:49,23332.75,23330,100,23333.15,125,1075,13050850
NIFTY-I.NFO,10/06/2024,09:35:50,23329,23329,100,23331.95,25,2000,13050850
NIFTY-I.NFO,10/06/2024,09:35:52,23334,23332.8,50,23335,25,450,13050850
NIFTY-I.NFO,10/06/2024,09:35:54,23332.05,23332.05,50,23335,375,1275,13050850
NIFTY-I.NFO,10/06/2024,09:35:55,23332.1,23332.05,100,23335.5,150,2175,13050850
NIFTY-I.NFO,10/06/2024,09:35:57,23335.65,23332.4,100,23335.65,250,2075,13050850
NIFTY-I.NFO,10/06/2024,09:35:59,23332.05,23332.05,75,23332.55,50,1225,13050850
NIFTY-I.NFO,10/06/2024,09:36:00,23328.55,23324.6,25,23328.85,200,3975,13050850
NIFTY-I.NFO,10/06/2024,09:36:02,23324.3,23324.7,100,23327.7,250,775,13050850
NIFTY-I.NFO,10/06/2024,09:36:04,23324.75,23322.65,50,23324.75,50,775,13050850
NIFTY-I.NFO,10/06/2024,09:36:05,23322.7,23318.8,100,23322.65,25,4075,13050850
NIFTY-I.NFO,10/06/2024,09:36:07,23319.9,23317.85,75,23319.9,150,400,13050850
NIFTY-I.NFO,10/06/2024,09:36:09,23312,23312,75,23313,200,3250,13050850
NIFTY-I.NFO,10/06/2024,09:36:10,23303,23303.9,200,23308.25,200,4725,13050850
NIFTY-I.NFO,10/06/2024,09:36:12,23308.3,23308.2,50,23309.85,25,5000,13050850
NIFTY-I.NFO,10/06/2024,09:36:14,23307.1,23307.15,100,23310.9,25,750,13050850
NIFTY-I.NFO,10/06/2024,09:36:15,23304.05,23302.45,50,23306.9,100,325,13050850
NIFTY-I.NFO,10/06/2024,09:36:17,23301.65,23301.65,50,23304.35,50,1300,13050850
NIFTY-I.NFO,10/06/2024,09:36:19,23300.25,23300.25,50,23301.05,50,11075,13050850
NIFTY-I.NFO,10/06/2024,09:36:19,23300.2,23300.25,50,23301.05,50,0,13050850
NIFTY-I.NFO,10/06/2024,09:36:20,23293.25,23292.65,50,23293,200,14050,13050850
NIFTY-I.NFO,10/06/2024,09:36:20,23292,23292.65,50,23293,200,0,13050850
NIFTY-I.NFO,10/06/2024,09:36:22,23300,23296.75,50,23300,150,5375,13050850
NIFTY-I.NFO,10/06/2024,09:36:24,23295.5,23294.3,25,23298.85,50,1325,13038150
NIFTY-I.NFO,10/06/2024,09:36:25,23292.35,23292.05,100,23294.95,50,1725,13038150
NIFTY-I.NFO,10/06/2024,09:36:27,23290.25,23290.25,25,23293.75,25,3350,13038150
NIFTY-I.NFO,10/06/2024,09:36:27,23290.2,23290.25,25,23293.75,25,0,13038150
NIFTY-I.NFO,10/06/2024,09:36:29,23293,23290.2,1150,23293.05,50,2000,13038150
NIFTY-I.NFO,10/06/2024,09:36:30,23288.45,23288.45,25,23289.9,100,4100,13038150
NIFTY-I.NFO,10/06/2024,09:36:30,23288.4,23288.45,25,23289.9,100,0,13038150
NIFTY-I.NFO,10/06/2024,09:36:32,23285.5,23285.5,125,23286.75,25,5825,13038150
NIFTY-I.NFO,10/06/2024,09:36:32,23285,23285.5,125,23286.75,25,0,13038150
NIFTY-I.NFO,10/06/2024,09:36:34,23285,23285.05,100,23286.25,250,5725,13038150
NIFTY-I.NFO,10/06/2024,09:36:35,23285.05,23284,25,23286.75,1375,3350,13038150
NIFTY-I.NFO,10/06/2024,09:36:35,23282.6,23284,25,23286.75,1375,0,13038150
NIFTY-I.NFO,10/06/2024,09:36:37,23286.45,23286.85,75,23288.35,50,3775,13038150
NIFTY-I.NFO,10/06/2024,09:36:39,23289.35,23285.3,25,23289.25,150,7875,13038150
NIFTY-I.NFO,10/06/2024,09:36:40,23286.75,23285,200,23286.75,25,2000,13038150
NIFTY-I.NFO,10/06/2024,09:36:42,23284.6,23284.6,150,23286.75,350,3375,13038150
NIFTY-I.NFO,10/06/2024,09:36:42,23281.1,23284.6,150,23286.75,350,0,13038150
NIFTY-I.NFO,10/06/2024,09:36:44,23285.15,23283.15,25,23287.25,75,2025,13038150
NIFTY-I.NFO,10/06/2024,09:36:45,23282.05,23282.05,50,23285.15,50,1625,13038150
NIFTY-I.NFO,10/06/2024,09:36:47,23285.9,23283.15,100,23285.3,125,2075,13038150
NIFTY-I.NFO,10/06/2024,09:36:49,23283.95,23280.75,125,23284.5,25,5000,13038150
NIFTY-I.NFO,10/06/2024,09:36:49,23280.2,23280.75,125,23284.5,25,0,13038150
NIFTY-I.NFO,10/06/2024,09:36:50,23283.65,23282.05,125,23283.65,1700,975,13038150
NIFTY-I.NFO,10/06/2024,09:36:52,23282.55,23283.15,200,23287.3,50,4200,13038150
NIFTY-I.NFO,10/06/2024,09:36:54,23284.5,23280.65,25,23284.45,1800,4350,13038150
NIFTY-I.NFO,10/06/2024,09:36:55,23285.2,23286,100,23286.6,25,350,13038150
NIFTY-I.NFO,10/06/2024,09:36:57,23284.75,23284.75,25,23288,75,1350,13038150
NIFTY-I.NFO,10/06/2024,09:36:59,23282.55,23282.05,100,23284.65,25,2900,13038150
NIFTY-I.NFO,10/06/2024,09:37:00,23284.65,23281.05,100,23284.6,25,1700,13038150
NIFTY-I.NFO,10/06/2024,09:37:02,23276.2,23275.05,125,23276.2,50,8225,13038150
NIFTY-I.NFO,10/06/2024,09:37:02,23275,23275.05,125,23276.2,50,0,13038150
NIFTY-I.NFO,10/06/2024,09:37:04,23276.1,23272.6,250,23276.15,1175,3725,13038150
NIFTY-I.NFO,10/06/2024,09:37:04,23271.35,23272.6,250,23276.15,1175,0,13038150
NIFTY-I.NFO,10/06/2024,09:37:05,23273,23273,450,23275.45,375,2975,13038150
NIFTY-I.NFO,10/06/2024,09:37:05,23271,23273,450,23275.45,375,0,13038150
NIFTY-I.NFO,10/06/2024,09:37:07,23270,23270,20175,23271.3,50,10300,13038150
NIFTY-I.NFO,10/06/2024,09:37:07,23270,23270,20175,23271.3,50,0,13038150
NIFTY-I.NFO,10/06/2024,09:37:09,23264,23263.5,200,23266.05,75,23925,13038150
NIFTY-I.NFO,10/06/2024,09:37:09,23264,23263.5,200,23266.05,75,0,13038150
NIFTY-I.NFO,10/06/2024,09:37:10,23257.6,23257.55,25,23260.5,25,6750,13038150
NIFTY-I.NFO,10/06/2024,09:37:10,23257.6,23257.55,25,23260.5,25,0,13038150
NIFTY-I.NFO,10/06/2024,09:37:12,23255,23255,450,23255.6,250,5975,13038150
NIFTY-I.NFO,10/06/2024,09:37:12,23255,23255,450,23255.6,250,0,13038150
NIFTY-I.NFO,10/06/2024,09:37:14,23249.2,23248,50,23249.7,100,14150,13038150
NIFTY-I.NFO,10/06/2024,09:37:14,23247.65,23248,50,23249.7,100,0,13038150
NIFTY-I.NFO,10/06/2024,09:37:15,23255.65,23255.7,50,23257.45,50,6475,13038150
NIFTY-I.NFO,10/06/2024,09:37:15,23245.4,23255.7,50,23257.45,50,0,13038150
NIFTY-I.NFO,10/06/2024,09:37:17,23257.3,23252.45,75,23257.2,50,3550,13038150
NIFTY-I.NFO,10/06/2024,09:37:19,23250,23248.05,75,23251.55,50,2800,13038150
NIFTY-I.NFO,10/06/2024,09:37:20,23254.3,23254.35,50,23256.65,50,3150,13038150
NIFTY-I.NFO,10/06/2024,09:37:22,23259.5,23257.6,75,23261.15,25,1200,13038150
NIFTY-I.NFO,10/06/2024,09:37:24,23270.25,23270.2,25,23274.1,25,2850,13038150
NIFTY-I.NFO,10/06/2024,09:37:25,23266.9,23267.5,25,23270.95,125,1575,13038150
NIFTY-I.NFO,10/06/2024,09:37:27,23263.55,23263.6,25,23267.65,25,2975,13038150
NIFTY-I.NFO,10/06/2024,09:37:29,23266.9,23265.75,125,23269.7,225,2350,13038150
NIFTY-I.NFO,10/06/2024,09:37:30,23265.7,23265.75,50,23269.7,100,3350,13038150
NIFTY-I.NFO,10/06/2024,09:37:32,23274.45,23270.7,200,23274.45,25,1800,13038150
NIFTY-I.NFO,10/06/2024,09:37:34,23270.2,23270,200,23273.05,50,1025,13038150
NIFTY-I.NFO,10/06/2024,09:37:35,23268.8,23266.9,25,23268.8,50,1525,13038150
NIFTY-I.NFO,10/06/2024,09:37:37,23269.6,23267.55,300,23269.6,25,1125,13038150
NIFTY-I.NFO,10/06/2024,09:37:39,23275.5,23274.85,50,23279.45,75,4425,13038150
NIFTY-I.NFO,10/06/2024,09:37:40,23275,23275,425,23277.7,225,1300,13038150
NIFTY-I.NFO,10/06/2024,09:37:42,23274.7,23271.85,25,23275.05,100,1600,13038150
NIFTY-I.NFO,10/06/2024,09:37:44,23275.5,23275.55,175,23278.25,25,1175,13038150
NIFTY-I.NFO,10/06/2024,09:37:45,23276.85,23274.9,100,23274.95,75,2950,13038150
NIFTY-I.NFO,10/06/2024,09:37:47,23275.15,23273.45,200,23275.5,25,1675,13038150
NIFTY-I.NFO,10/06/2024,09:37:49,23277.2,23276.6,25,23278.7,200,500,13038150
NIFTY-I.NFO,10/06/2024,09:37:50,23278,23275.75,100,23279.1,50,1525,13038150
NIFTY-I.NFO,10/06/2024,09:37:52,23275.55,23275.6,25,23279.6,150,2575,13038150
NIFTY-I.NFO,10/06/2024,09:37:54,23272.2,23270,100,23272.2,75,3750,13038150
NIFTY-I.NFO,10/06/2024,09:37:55,23269.95,23268.4,25,23269.95,750,1600,13038150
NIFTY-I.NFO,10/06/2024,09:37:57,23274.25,23274.8,225,23275.55,150,1350,13038150
NIFTY-I.NFO,10/06/2024,09:37:59,23272.2,23272.2,275,23273.1,250,1425,13038150
NIFTY-I.NFO,10/06/2024,09:38:00,23274.8,23272.9,275,23274.8,2275,1625,13038150
NIFTY-I.NFO,10/06/2024,09:38:02,23274.8,23273.7,175,23274.8,2175,575,13038150
NIFTY-I.NFO,10/06/2024,09:38:04,23281.05,23281.1,25,23282.75,25,3700,13038150
NIFTY-I.NFO,10/06/2024,09:38:05,23281.15,23281.15,200,23283.05,125,2400,13038150
NIFTY-I.NFO,10/06/2024,09:38:07,23284.75,23280.95,50,23284.55,50,825,13038150
NIFTY-I.NFO,10/06/2024,09:38:09,23282.8,23283.1,25,23285.25,25,3925,13038150
NIFTY-I.NFO,10/06/2024,09:38:10,23292,23289.2,100,23292,50,800,13038150
NIFTY-I.NFO,10/06/2024,09:38:12,23291.7,23288.2,100,23291.9,25,1075,13038150
NIFTY-I.NFO,10/06/2024,09:38:14,23285.8,23286.05,25,23289.2,25,1400,13038150
NIFTY-I.NFO,10/06/2024,09:38:15,23289.8,23286.55,75,23288.2,25,1075,13038150
NIFTY-I.NFO,10/06/2024,09:38:17,23289.75,23286.45,200,23289.75,825,800,13038150
NIFTY-I.NFO,10/06/2024,09:38:19,23288.1,23287.05,100,23289.75,875,1100,13038150
NIFTY-I.NFO,10/06/2024,09:38:20,23291.85,23292,50,23294.45,200,1350,13038150
NIFTY-I.NFO,10/06/2024,09:38:22,23297.9,23296.35,50,23298,25,2075,13038150
NIFTY-I.NFO,10/06/2024,09:38:24,23296.4,23296.45,100,23298.75,50,750,13038150
NIFTY-I.NFO,10/06/2024,09:38:25,23295,23291.85,25,23294.85,50,1775,13038150
NIFTY-I.NFO,10/06/2024,09:38:27,23295,23294.65,25,23295,475,1425,13038150
NIFTY-I.NFO,10/06/2024,09:38:29,23295,23292.25,50,23295,225,1750,13038150
NIFTY-I.NFO,10/06/2024,09:38:30,23295.55,23295.55,75,23298,25,2775,13038150
NIFTY-I.NFO,10/06/2024,09:38:32,23290,23290.05,100,23291.95,50,3300,13038150
NIFTY-I.NFO,10/06/2024,09:38:34,23296,23295,1450,23295.9,50,2525,13038150
NIFTY-I.NFO,10/06/2024,09:38:35,23295,23295,900,23298.15,125,2225,13038150
NIFTY-I.NFO,10/06/2024,09:38:37,23295.3,23295.55,25,23298.3,150,1025,13038150
NIFTY-I.NFO,10/06/2024,09:38:39,23294.75,23294.75,1375,23295,700,1675,13038150
NIFTY-I.NFO,10/06/2024,09:38:40,23294.55,23292,75,23294.6,50,2250,13038150
NIFTY-I.NFO,10/06/2024,09:38:42,23290.35,23291.15,25,23295,950,1175,13038150
NIFTY-I.NFO,10/06/2024,09:38:44,23294.1,23293.55,200,23297.9,25,2700,13038150
NIFTY-I.NFO,10/06/2024,09:38:45,23292.35,23292.05,100,23295,25,600,13038150
NIFTY-I.NFO,10/06/2024,09:38:47,23293.3,23292.85,100,23296.6,150,1850,13038150
NIFTY-I.NFO,10/06/2024,09:38:49,23296.85,23295.05,100,23296.8,25,1000,13038150
NIFTY-I.NFO,10/06/2024,09:38:50,23291.6,23290.05,100,23291.65,50,700,13038150
NIFTY-I.NFO,10/06/2024,09:38:52,23284.8,23284.75,25,23286.85,25,2675,13038150
NIFTY-I.NFO,10/06/2024,09:38:54,23284.5,23284.55,25,23287.95,100,2150,13038150
NIFTY-I.NFO,10/06/2024,09:38:55,23285.6,23284.65,50,23289.25,25,1500,13038150
NIFTY-I.NFO,10/06/2024,09:38:57,23282.85,23284.9,150,23288.45,25,600,13038150
NIFTY-I.NFO,10/06/2024,09:38:59,23285,23282.95,200,23285,275,1100,13038150
NIFTY-I.NFO,10/06/2024,09:39:00,23285,23283,200,23285,325,500,13038150
NIFTY-I.NFO,10/06/2024,09:39:02,23282.75,23281.05,50,23283.45,125,2850,13038150
NIFTY-I.NFO,10/06/2024,09:39:04,23283.6,23281.3,150,23282.45,75,1400,13038150
NIFTY-I.NFO,10/06/2024,09:39:05,23281.2,23281.2,175,23284.95,100,700,13038150
NIFTY-I.NFO,10/06/2024,09:39:07,23282.45,23281.3,75,23282.45,50,100,13038150
NIFTY-I.NFO,10/06/2024,09:39:09,23278,23276.05,75,23278.55,250,2950,13038150
NIFTY-I.NFO,10/06/2024,09:39:10,23276.9,23277.1,50,23280,50,400,13038150
NIFTY-I.NFO,10/06/2024,09:39:12,23277.4,23277.4,75,23280,400,1200,13038150
NIFTY-I.NFO,10/06/2024,09:39:14,23276,23276.05,100,23277.1,25,425,13038150
NIFTY-I.NFO,10/06/2024,09:39:15,23271.1,23271,50,23272.8,100,2200,13038150
NIFTY-I.NFO,10/06/2024,09:39:17,23271.1,23270.35,50,23274.4,25,1300,13038150
NIFTY-I.NFO,10/06/2024,09:39:19,23271.9,23273.3,25,23274.4,225,450,13038150
NIFTY-I.NFO,10/06/2024,09:39:20,23274.45,23274.45,225,23275.8,25,600,13038150
NIFTY-I.NFO,10/06/2024,09:39:22,23274.4,23275.8,250,23276.5,125,500,13038150
NIFTY-I.NFO,10/06/2024,09:39:24,23275.8,23273.6,325,23275.8,50,2800,12991300
NIFTY-I.NFO,10/06/2024,09:39:25,23273.3,23272.05,100,23273.8,75,350,12991300
NIFTY-I.NFO,10/06/2024,09:39:27,23276.5,23272.65,100,23276.25,25,375,12991300
NIFTY-I.NFO,10/06/2024,09:39:29,23273.75,23272,25,23273.05,75,375,12991300
NIFTY-I.NFO,10/06/2024,09:39:30,23275.55,23270.75,100,23274.75,25,1450,12991300
NIFTY-I.NFO,10/06/2024,09:39:32,23273.55,23270.2,200,23273.7,125,600,12991300
NIFTY-I.NFO,10/06/2024,09:39:34,23272.25,23268.1,50,23270,125,2150,12991300
NIFTY-I.NFO,10/06/2024,09:39:35,23269.25,23269.25,250,23272.75,25,1150,12991300
NIFTY-I.NFO,10/06/2024,09:39:37,23271.55,23267.65,175,23271.4,25,450,12991300
NIFTY-I.NFO,10/06/2024,09:39:39,23268.2,23266.7,25,23271.15,25,925,12991300
NIFTY-I.NFO,10/06/2024,09:39:40,23268.25,23268.25,150,23270,25,400,12991300
NIFTY-I.NFO,10/06/2024,09:39:42,23268.6,23268.65,100,23271.4,150,825,12991300
NIFTY-I.NFO,10/06/2024,09:39:44,23268.25,23266.25,25,23269.7,25,1275,12991300
NIFTY-I.NFO,10/06/2024,09:39:45,23270.9,23270.8,25,23273,50,650,12991300
NIFTY-I.NFO,10/06/2024,09:39:47,23271.45,23271.45,75,23273.55,25,925,12991300
NIFTY-I.NFO,10/06/2024,09:39:49,23273.1,23270,75,23273,200,575,12991300
NIFTY-I.NFO,10/06/2024,09:39:50,23271.25,23271.9,25,23273.7,25,275,12991300
NIFTY-I.NFO,10/06/2024,09:39:52,23272,23272.1,100,23275,50,600,12991300
NIFTY-I.NFO,10/06/2024,09:39:54,23274.95,23273.15,25,23274.95,50,725,12991300
NIFTY-I.NFO,10/06/2024,09:39:55,23276.75,23278.7,100,23279.3,25,950,12991300
NIFTY-I.NFO,10/06/2024,09:39:57,23275.75,23276.1,250,23279.3,225,325,12991300
NIFTY-I.NFO,10/06/2024,09:39:59,23272.6,23273.8,50,23278.1,200,2100,12991300
NIFTY-I.NFO,10/06/2024,09:40:00,23279.4,23276.95,100,23279,125,425,12991300
NIFTY-I.NFO,10/06/2024,09:40:02,23273.05,23270.9,125,23273.1,25,3725,12991300
NIFTY-I.NFO,10/06/2024,09:40:04,23270.75,23270.05,150,23272.6,25,1350,12991300
NIFTY-I.NFO,10/06/2024,09:40:05,23273.95,23271,25,23273.95,150,2825,12991300
NIFTY-I.NFO,10/06/2024,09:40:07,23273.8,23273.15,100,23273.8,200,625,12991300
NIFTY-I.NFO,10/06/2024,09:40:09,23274.05,23274.05,25,23276.75,50,575,12991300
NIFTY-I.NFO,10/06/2024,09:40:10,23274,23273.15,100,23274,25,325,12991300
NIFTY-I.NFO,10/06/2024,09:40:12,23278.3,23278.3,175,23280,1150,950,12991300
NIFTY-I.NFO,10/06/2024,09:40:14,23278.15,23277.5,100,23280,1175,150,12991300
NIFTY-I.NFO,10/06/2024,09:40:15,23286.35,23285.9,200,23288.45,25,2475,12991300
NIFTY-I.NFO,10/06/2024,09:40:17,23285.35,23285.05,100,23288.2,300,475,12991300
NIFTY-I.NFO,10/06/2024,09:40:19,23285.5,23285.05,200,23286.8,25,450,12991300
NIFTY-I.NFO,10/06/2024,09:40:20,23286.7,23288.05,75,23290,125,350,12991300
NIFTY-I.NFO,10/06/2024,09:40:22,23286.7,23287.9,200,23289.3,75,1750,12991300
NIFTY-I.NFO,10/06/2024,09:40:24,23294.45,23293.2,150,23295,75,450,12991300
NIFTY-I.NFO,10/06/2024,09:40:25,23296.65,23295.65,25,23296.65,125,850,12991300
NIFTY-I.NFO,10/06/2024,09:40:27,23295.2,23294,50,23295.1,125,1200,12991300
NIFTY-I.NFO,10/06/2024,09:40:29,23294.15,23290.05,25,23293.5,75,650,12991300
NIFTY-I.NFO,10/06/2024,09:40:30,23296.6,23293.15,25,23296.6,350,775,12991300
NIFTY-I.NFO,10/06/2024,09:40:32,23295.6,23293.05,75,23295.6,200,275,12991300
NIFTY-I.NFO,10/06/2024,09:40:34,23295.3,23295.95,25,23296.1,175,400,12991300
NIFTY-I.NFO,10/06/2024,09:40:35,23297.9,23295.6,25,23297.9,25,950,12991300
NIFTY-I.NFO,10/06/2024,09:40:37,23296.05,23295.65,100,23296.05,25,525,12991300
NIFTY-I.NFO,10/06/2024,09:40:39,23295.65,23295.65,75,23299,150,1050,12991300
NIFTY-I.NFO,10/06/2024,09:40:40,23305.95,23303.15,150,23305.45,50,3425,12991300
NIFTY-I.NFO,10/06/2024,09:40:42,23307.6,23304.35,100,23308.45,250,900,12991300
NIFTY-I.NFO,10/06/2024,09:40:44,23306.55,23303.05,75,23304.3,125,725,12991300
NIFTY-I.NFO,10/06/2024,09:40:45,23309,23306.3,100,23309,500,925,12991300
NIFTY-I.NFO,10/06/2024,09:40:47,23312.25,23308.55,100,23310.75,100,700,12991300
NIFTY-I.NFO,10/06/2024,09:40:49,23309,23304.4,100,23308.1,125,900,12991300
NIFTY-I.NFO,10/06/2024,09:40:50,23308.15,23308.15,25,23309,25,200,12991300
NIFTY-I.NFO,10/06/2024,09:40:52,23310,23309.05,100,23310,350,225,12991300
NIFTY-I.NFO,10/06/2024,09:40:54,23303.05,23305.85,125,23306.35,25,1650,12991300
NIFTY-I.NFO,10/06/2024,09:40:55,23312.35,23312.35,75,23314.4,225,3700,12991300
NIFTY-I.NFO,10/06/2024,09:40:57,23311.7,23310.05,100,23311.15,50,425,12991300
NIFTY-I.NFO,10/06/2024,09:40:59,23309.05,23307.7,200,23310,25,2475,12991300
NIFTY-I.NFO,10/06/2024,09:41:00,23314.65,23311,25,23313.25,25,475,12991300
NIFTY-I.NFO,10/06/2024,09:41:02,23311.05,23311.05,75,23311.95,125,1025,12991300
NIFTY-I.NFO,10/06/2024,09:41:04,23311.1,23311.15,100,23313.4,75,1000,12991300
NIFTY-I.NFO,10/06/2024,09:41:05,23308,23308.05,100,23310,25,1200,12991300
NIFTY-I.NFO,10/06/2024,09:41:07,23311.1,23310.05,25,23312.65,125,875,12991300
NIFTY-I.NFO,10/06/2024,09:41:09,23311.6,23311.6,25,23312.6,300,325,12991300
NIFTY-I.NFO,10/06/2024,09:41:10,23315,23313.45,75,23314.8,125,725,12991300
NIFTY-I.NFO,10/06/2024,09:41:12,23314.55,23314.55,75,23315,125,475,12991300
NIFTY-I.NFO,10/06/2024,09:41:14,23313.6,23312.05,50,23314.55,150,1975,12991300
NIFTY-I.NFO,10/06/2024,09:41:15,23311.7,23310.75,100,23312.8,50,1325,12991300
NIFTY-I.NFO,10/06/2024,09:41:17,23312.5,23312.3,200,23315,175,800,12991300
NIFTY-I.NFO,10/06/2024,09:41:19,23313.25,23310.25,75,23314.4,25,2700,12991300
NIFTY-I.NFO,10/06/2024,09:41:20,23313.9,23313.25,1475,23314.55,125,925,12991300
NIFTY-I.NFO,10/06/2024,09:41:22,23314.9,23314.95,150,23316.55,50,425,12991300
NIFTY-I.NFO,10/06/2024,09:41:24,23321.6,23321.25,100,23325,250,4850,12991300
NIFTY-I.NFO,10/06/2024,09:41:25,23330.95,23330.05,100,23330.95,825,1375,12991300
NIFTY-I.NFO,10/06/2024,09:41:27,23329.85,23328.55,100,23331.65,25,1750,12991300
NIFTY-I.NFO,10/06/2024,09:41:29,23329.05,23327.55,75,23330.15,200,1175,12991300
NIFTY-I.NFO,10/06/2024,09:41:30,23331.45,23331.45,75,23333,1475,725,12991300
NIFTY-I.NFO,10/06/2024,09:41:32,23331.55,23331.1,75,23333,425,1350,12991300
NIFTY-I.NFO,10/06/2024,09:41:34,23330.7,23326.7,100,23328.8,25,2650,12991300
NIFTY-I.NFO,10/06/2024,09:41:35,23336.55,23332.3,50,23333.45,25,1325,12991300
NIFTY-I.NFO,10/06/2024,09:41:37,23335.15,23335.1,50,23335.6,25,800,12991300
NIFTY-I.NFO,10/06/2024,09:41:39,23340.9,23341,50,23343,125,5925,12991300
NIFTY-I.NFO,10/06/2024,09:41:40,23341.45,23341.2,200,23344.8,225,1100,12991300
NIFTY-I.NFO,10/06/2024,09:41:42,23343.35,23340.2,25,23343.4,50,1775,12991300
NIFTY-I.NFO,10/06/2024,09:41:44,23341.2,23341.25,100,23343.05,25,1550,12991300
NIFTY-I.NFO,10/06/2024,09:41:45,23336.55,23335.65,100,23338.55,175,2450,12991300
NIFTY-I.NFO,10/06/2024,09:41:47,23338.55,23335.75,50,23338.55,125,1100,12991300
NIFTY-I.NFO,10/06/2024,09:41:49,23334.8,23334.6,50,23338.4,25,1325,12991300
NIFTY-I.NFO,10/06/2024,09:41:50,23335.5,23336.6,25,23338.4,450,625,12991300
NIFTY-I.NFO,10/06/2024,09:41:52,23338.65,23338.7,100,23340,25,1600,12991300
NIFTY-I.NFO,10/06/2024,09:41:54,23334.8,23333.55,25,23334.8,50,1425,12991300
NIFTY-I.NFO,10/06/2024,09:41:55,23338,23337.65,25,23338,25,875,12991300
NIFTY-I.NFO,10/06/2024,09:41:57,23340.8,23338.05,75,23338.55,25,675,12991300
NIFTY-I.NFO,10/06/2024,09:41:59,23334.15,23335.05,50,23338.55,25,650,12991300
NIFTY-I.NFO,10/06/2024,09:42:00,23336.35,23336.35,75,23336.95,100,400,12991300
NIFTY-I.NFO,10/06/2024,09:42:02,23340,23339.05,100,23340,200,450,12991300
NIFTY-I.NFO,10/06/2024,09:42:04,23338.05,23338.05,75,23340,300,700,12991300
NIFTY-I.NFO,10/06/2024,09:42:05,23335.5,23335.45,25,23338.4,250,1500,12991300
NIFTY-I.NFO,10/06/2024,09:42:07,23335.45,23335,300,23336.95,125,750,12991300
NIFTY-I.NFO,10/06/2024,09:42:09,23326.9,23321.7,200,23324.15,25,1300,12991300
NIFTY-I.NFO,10/06/2024,09:42:10,23325.1,23324.4,100,23328,2000,1150,12991300
NIFTY-I.NFO,10/06/2024,09:42:12,23335.4,23335.4,75,23337.55,50,4025,12991300
NIFTY-I.NFO,10/06/2024,09:42:14,23336.5,23333.4,25,23336.5,25,450,12991300
NIFTY-I.NFO,10/06/2024,09:42:15,23333.8,23334.25,25,23337.35,25,525,12991300
NIFTY-I.NFO,10/06/2024,09:42:17,23332.4,23331.35,100,23335.55,50,475,12991300
NIFTY-I.NFO,10/06/2024,09:42:19,23337.35,23332.6,200,23336,25,2350,12991300
NIFTY-I.NFO,10/06/2024,09:42:20,23338.1,23335.6,100,23338.1,25,250,12991300
NIFTY-I.NFO,10/06/2024,09:42:22,23334.95,23331.8,100,23334.95,750,725,12991300
NIFTY-I.NFO,10/06/2024,09:42:24,23334.05,23334.05,100,23334.1,700,150,13000875
NIFTY-I.NFO,10/06/2024,09:42:25,23334.05,23333.75,150,23335,50,950,13000875
NIFTY-I.NFO,10/06/2024,09:42:27,23334.6,23334.6,25,23337,500,300,13000875
NIFTY-I.NFO,10/06/2024,09:42:29,23334.1,23334.15,100,23334.85,25,450,13000875
NIFTY-I.NFO,10/06/2024,09:42:30,23334.95,23334.95,75,23336.85,25,775,13000875
NIFTY-I.NFO,10/06/2024,09:42:32,23336.6,23336.6,100,23337,350,350,13000875
NIFTY-I.NFO,10/06/2024,09:42:34,23340.8,23340.25,75,23342,75,3425,13000875
NIFTY-I.NFO,10/06/2024,09:42:35,23342,23339.15,150,23342,525,600,13000875
NIFTY-I.NFO,10/06/2024,09:42:37,23343.2,23341.55,250,23343.2,25,4100,13000875
NIFTY-I.NFO,10/06/2024,09:42:39,23346,23345.35,75,23346,125,1125,13000875
NIFTY-I.NFO,10/06/2024,09:42:40,23344.55,23344.1,100,23347,100,550,13000875
NIFTY-I.NFO,10/06/2024,09:42:42,23346.05,23346.1,100,23348.9,25,2750,13000875
NIFTY-I.NFO,10/06/2024,09:42:44,23349.2,23346.05,100,23349.2,100,625,13000875
NIFTY-I.NFO,10/06/2024,09:42:45,23345.05,23345.05,50,23347.7,75,475,13000875
NIFTY-I.NFO,10/06/2024,09:42:47,23345.05,23345.05,75,23346.1,25,450,13000875
NIFTY-I.NFO,10/06/2024,09:42:49,23345.05,23345.05,25,23346.1,50,475,13000875
NIFTY-I.NFO,10/06/2024,09:42:50,23341.3,23337.5,25,23341.65,50,5675,13000875
NIFTY-I.NFO,10/06/2024,09:42:52,23342.2,23342.25,25,23345.05,50,400,13000875
NIFTY-I.NFO,10/06/2024,09:42:54,23345.2,23342.2,100,23345.4,150,575,13000875
NIFTY-I.NFO,10/06/2024,09:42:55,23344.25,23344.25,25,23347.45,25,850,13000875
NIFTY-I.NFO,10/06/2024,09:42:57,23345,23344.95,50,23345,50,225,13000875
NIFTY-I.NFO,10/06/2024,09:42:59,23347.45,23344.05,100,23347.45,900,1975,13000875
NIFTY-I.NFO,10/06/2024,09:43:00,23345,23346.05,250,23348,50,1600,13000875
NIFTY-I.NFO,10/06/2024,09:43:02,23348,23345.05,100,23347.9,275,650,13000875
NIFTY-I.NFO,10/06/2024,09:43:04,23348.2,23348.15,75,23349,150,975,13000875
NIFTY-I.NFO,10/06/2024,09:43:05,23347.35,23346.25,50,23348.5,150,1125,13000875
NIFTY-I.NFO,10/06/2024,09:43:07,23346.2,23345,100,23348.55,25,300,13000875
NIFTY-I.NFO,10/06/2024,09:43:09,23346,23346.05,100,23348.25,50,475,13000875
NIFTY-I.NFO,10/06/2024,09:43:10,23345,23345.05,100,23346.15,25,375,13000875
NIFTY-I.NFO,10/06/2024,09:43:12,23347.2,23345.05,25,23347.25,250,650,13000875
NIFTY-I.NFO,10/06/2024,09:43:14,23349,23348.05,75,23349,300,275,13000875
NIFTY-I.NFO,10/06/2024,09:43:15,23348.65,23348.65,50,23349.4,25,425,13000875
NIFTY-I.NFO,10/06/2024,09:43:17,23349.45,23349.4,50,23349.8,375,500,13000875
NIFTY-I.NFO,10/06/2024,09:43:19,23348.25,23348.25,75,23349.75,350,250,13000875
NIFTY-I.NFO,10/06/2024,09:43:20,23349.2,23347.7,25,23349.2,75,350,13000875
NIFTY-I.NFO,10/06/2024,09:43:22,23348.65,23346.55,225,23348.75,25,300,13000875
NIFTY-I.NFO,10/06/2024,09:43:24,23345,23344.15,100,23346,150,2075,13000875
NIFTY-I.NFO,10/06/2024,09:43:25,23347.65,23346.75,75,23348.15,75,575,13000875
NIFTY-I.NFO,10/06/2024,09:43:27,23347.65,23346,75,23346.55,75,175,13000875
NIFTY-I.NFO,10/06/2024,09:43:29,23344,23342.9,50,23344,250,1325,13000875
NIFTY-I.NFO,10/06/2024,09:43:30,23345.1,23345.05,175,23347.8,125,1225,13000875
NIFTY-I.NFO,10/06/2024,09:43:32,23345.1,23345.1,25,23347.5,25,125,13000875
NIFTY-I.NFO,10/06/2024,09:43:34,23346.5,23345.2,50,23346.35,25,375,13000875
NIFTY-I.NFO,10/06/2024,09:43:35,23341.05,23341.05,50,23344.15,25,475,13000875
NIFTY-I.NFO,10/06/2024,09:43:37,23343.95,23343.55,250,23343.95,25,925,13000875
NIFTY-I.NFO,10/06/2024,09:43:39,23342.8,23341.1,50,23343.5,200,375,13000875
NIFTY-I.NFO,10/06/2024,09:43:40,23342.55,23340.05,50,23342.7,500,675,13000875
NIFTY-I.NFO,10/06/2024,09:43:42,23340.75,23340.05,100,23340.8,25,250,13000875
NIFTY-I.NFO,10/06/2024,09:43:44,23336.55,23335.1,100,23337.9,250,1350,13000875
NIFTY-I.NFO,10/06/2024,09:43:45,23335.55,23335.15,75,23339,25,500,13000875
NIFTY-I.NFO,10/06/2024,09:43:47,23339.5,23335.35,25,23339.8,25,750,13000875
NIFTY-I.NFO,10/06/2024,09:43:49,23340,23337.35,25,23340.75,25,225,13000875
NIFTY-I.NFO,10/06/2024,09:43:50,23339.2,23340.4,100,23341.05,275,325,13000875
NIFTY-I.NFO,10/06/2024,09:43:52,23340.05,23339.05,125,23341.95,25,700,13000875
NIFTY-I.NFO,10/06/2024,09:43:54,23343.05,23343.1,50,23344,25,375,13000875
NIFTY-I.NFO,10/06/2024,09:43:55,23342.6,23341.05,275,23344,25,275,13000875
NIFTY-I.NFO,10/06/2024,09:43:57,23341.55,23340.6,125,23343.95,25,1075,13000875
NIFTY-I.NFO,10/06/2024,09:43:59,23341.55,23341.05,100,23344.95,100,925,13000875
NIFTY-I.NFO,10/06/2024,09:44:00,23338.15,23342.1,100,23344,25,2100,13000875
NIFTY-I.NFO,10/06/2024,09:44:02,23337.1,23338.05,25,23342.05,50,1125,13000875
NIFTY-I.NFO,10/06/2024,09:44:04,23338.2,23339.6,25,23341.05,275,200,13000875
NIFTY-I.NFO,10/06/2024,09:44:05,23341.05,23339.85,100,23341.05,225,150,13000875
NIFTY-I.NFO,10/06/2024,09:44:07,23343.8,23339.85,75,23342.85,125,750,13000875
NIFTY-I.NFO,10/06/2024,09:44:09,23343.2,23338.25,100,23342.1,50,300,13000875
NIFTY-I.NFO,10/06/2024,09:44:10,23341.05,23341.05,75,23343,150,50,13000875
NIFTY-I.NFO,10/06/2024,09:44:12,23341.55,23341.55,75,23343,75,250,13000875
NIFTY-I.NFO,10/06/2024,09:44:14,23332,23331.8,25,23334.85,50,1875,13000875
NIFTY-I.NFO,10/06/2024,09:44:15,23332.5,23332.5,100,23336.35,25,550,13000875
NIFTY-I.NFO,10/06/2024,09:44:17,23337.15,23334.75,25,23337.15,50,975,13000875
NIFTY-I.NFO,10/06/2024,09:44:19,23334,23332.6,100,23336.6,125,1625,13000875
NIFTY-I.NFO,10/06/2024,09:44:20,23335.9,23335.9,25,23337.25,25,375,13000875
NIFTY-I.NFO,10/06/2024,09:44:22,23332.85,23332.85,75,23333.15,25,500,13000875
NIFTY-I.NFO,10/06/2024,09:44:24,23333.9,23330.65,100,23334.2,25,650,13000875
NIFTY-I.NFO,10/06/2024,09:44:25,23330.95,23331.35,50,23333.65,75,300,13000875
NIFTY-I.NFO,10/06/2024,09:44:27,23331.6,23330.05,50,23330.35,25,275,13000875
NIFTY-I.NFO,10/06/2024,09:44:29,23331.35,23330.95,25,23332.85,850,350,13000875
NIFTY-I.NFO,10/06/2024,09:44:30,23332.6,23333.8,50,23336.7,25,1800,13000875
NIFTY-I.NFO,10/06/2024,09:44:32,23334.5,23331.3,100,23334.05,25,650,13000875
NIFTY-I.NFO,10/06/2024,09:44:34,23335.2,23331,100,23333.2,25,150,13000875
NIFTY-I.NFO,10/06/2024,09:44:35,23337,23333,50,23337,25,425,13000875
NIFTY-I.NFO,10/06/2024,09:44:37,23333,23330.5,200,23334.2,25,3625,13000875
NIFTY-I.NFO,10/06/2024,09:44:39,23331.65,23330.85,50,23333,25,350,13000875
NIFTY-I.NFO,10/06/2024,09:44:40,23334,23331.15,100,23335,50,575,13000875
NIFTY-I.NFO,10/06/2024,09:44:42,23335,23333.7,50,23337,25,200,13000875
NIFTY-I.NFO,10/06/2024,09:44:44,23334.9,23333,50,23336.85,25,75,13000875
NIFTY-I.NFO,10/06/2024,09:44:45,23335.75,23331.25,50,23333.25,125,200,13000875
NIFTY-I.NFO,10/06/2024,09:44:47,23333.65,23331.15,925,23334,250,550,13000875
NIFTY-I.NFO,10/06/2024,09:44:49,23334,23331.4,25,23334,175,450,13000875
NIFTY-I.NFO,10/06/2024,09:44:50,23331.15,23332.55,50,23333.95,25,100,13000875
NIFTY-I.NFO,10/06/2024,09:44:52,23330.4,23330.4,25,23333.85,200,925,13000875
NIFTY-I.NFO,10/06/2024,09:44:54,23332.1,23332.1,25,23333.95,25,825,13000875
NIFTY-I.NFO,10/06/2024,09:44:55,23333.35,23330,250,23333,50,100,13000875
NIFTY-I.NFO,10/06/2024,09:44:57,23332.25,23330,225,23332.8,50,400,13000875
NIFTY-I.NFO,10/06/2024,09:44:59,23328.85,23328.85,25,23329.75,25,375,13000875
NIFTY-I.NFO,10/06/2024,09:45:00,23326,23325,275,23328,25,800,13000875
NIFTY-I.NFO,10/06/2024,09:45:02,23323.5,23323.25,125,23327.2,25,400,13000875
NIFTY-I.NFO,10/06/2024,09:45:04,23327.7,23323.5,200,23327.35,25,300,13000875
NIFTY-I.NFO,10/06/2024,09:45:05,23324.15,23326.2,25,23328.2,50,175,13000875
NIFTY-I.NFO,10/06/2024,09:45:07,23324.8,23324.8,25,23327.4,50,175,13000875
NIFTY-I.NFO,10/06/2024,09:45:09,23323.8,23323.8,150,23327.85,25,600,13000875
NIFTY-I.NFO,10/06/2024,09:45:10,23327.7,23323.95,25,23327.8,25,250,13000875
NIFTY-I.NFO,10/06/2024,09:45:12,23325,23324.05,50,23327.7,200,175,13000875
NIFTY-I.NFO,10/06/2024,09:45:14,23324.1,23324.1,75,23327,200,400,13000875
NIFTY-I.NFO,10/06/2024,09:45:15,23326,23321.05,150,23324.05,175,400,13000875
NIFTY-I.NFO,10/06/2024,09:45:17,23318,23315.2,100,23316.5,50,1100,13000875
NIFTY-I.NFO,10/06/2024,09:45:19,23319.1,23315.4,325,23319.55,25,875,13000875
NIFTY-I.NFO,10/06/2024,09:45:20,23316.05,23316,150,23319.9,25,675,13000875
NIFTY-I.NFO,10/06/2024,09:45:22,23317,23315,25,23317,25,250,13000875
NIFTY-I.NFO,10/06/2024,09:45:24,23316.2,23313.05,50,23315.05,25,525,13015200
NIFTY-I.NFO,10/06/2024,09:45:25,23310,23310,825,23310.25,25,550,13015200
NIFTY-I.NFO,10/06/2024,09:45:27,23310,23310.2,100,23313,25,550,13015200
NIFTY-I.NFO,10/06/2024,09:45:29,23311.65,23312.6,250,23315,100,625,13015200
NIFTY-I.NFO,10/06/2024,09:45:30,23314,23314,325,23315,100,250,13015200
NIFTY-I.NFO,10/06/2024,09:45:32,23311.7,23311.65,250,23313,2500,600,13015200
NIFTY-I.NFO,10/06/2024,09:45:34,23313,23311.5,200,23313,1900,1025,13015200
NIFTY-I.NFO,10/06/2024,09:45:35,23312.6,23310.55,25,23313.8,250,3725,13015200
NIFTY-I.NFO,10/06/2024,09:45:37,23310,23310,1275,23310.55,1250,1300,13015200
NIFTY-I.NFO,10/06/2024,09:45:39,23310.25,23310,1000,23310.55,950,725,13015200
NIFTY-I.NFO,10/06/2024,09:45:40,23310,23310.45,250,23311.5,50,1175,13015200
NIFTY-I.NFO,10/06/2024,09:45:42,23312.5,23311.95,450,23314.9,25,850,13015200
NIFTY-I.NFO,10/06/2024,09:45:44,23314.4,23311.5,25,23314.2,150,400,13015200
NIFTY-I.NFO,10/06/2024,09:45:45,23315.95,23315.45,300,23318.2,150,2075,13015200
NIFTY-I.NFO,10/06/2024,09:45:47,23313.45,23314.45,50,23315,25,475,13015200
NIFTY-I.NFO,10/06/2024,09:45:49,23312.65,23312.6,125,23316.45,50,375,13015200
NIFTY-I.NFO,10/06/2024,09:45:50,23310.6,23310.55,150,23313.9,25,325,13015200
NIFTY-I.NFO,10/06/2024,09:45:52,23312.45,23310.55,125,23312.25,25,150,13015200
NIFTY-I.NFO,10/06/2024,09:45:54,23310.55,23310.95,100,23313.75,25,125,13015200
NIFTY-I.NFO,10/06/2024,09:45:55,23310.55,23310.45,175,23310.55,300,275,13015200
NIFTY-I.NFO,10/06/2024,09:45:57,23314.05,23310.6,225,23314.25,25,725,13015200
NIFTY-I.NFO,10/06/2024,09:45:59,23309.7,23308,50,23310,25,1750,13015200
NIFTY-I.NFO,10/06/2024,09:46:01,23305.05,23305.05,25,23305.35,75,2350,13015200
NIFTY-I.NFO,10/06/2024,09:46:02,23301.4,23300.9,300,23302.15,200,800,13015200
NIFTY-I.NFO,10/06/2024,09:46:04,23304.1,23300.05,300,23301.35,150,400,13015200
NIFTY-I.NFO,10/06/2024,09:46:06,23300,23295.6,200,23299.1,25,4125,13015200
NIFTY-I.NFO,10/06/2024,09:46:07,23300,23296.4,200,23299.95,125,1050,13015200
NIFTY-I.NFO,10/06/2024,09:46:09,23295.15,23295.15,50,23297.95,200,1000,13015200
NIFTY-I.NFO,10/06/2024,09:46:11,23299.05,23297.2,300,23299.9,25,1675,13015200
NIFTY-I.NFO,10/06/2024,09:46:12,23296.45,23296.85,300,23299.2,50,300,13015200
NIFTY-I.NFO,10/06/2024,09:46:14,23297.35,23297.35,25,23300,450,300,13015200
NIFTY-I.NFO,10/06/2024,09:46:16,23300,23296.65,200,23300,475,1850,13015200
NIFTY-I.NFO,10/06/2024,09:46:17,23299.6,23296.45,225,23300,625,275,13015200
NIFTY-I.NFO,10/06/2024,09:46:19,23295.1,23292.25,250,23295.1,25,4425,13015200
NIFTY-I.NFO,10/06/2024,09:46:21,23295.3,23294.5,50,23295.1,200,700,13015200
NIFTY-I.NFO,10/06/2024,09:46:22,23296.2,23294.6,100,23295.1,25,425,13015200
NIFTY-I.NFO,10/06/2024,09:46:24,23294.65,23292.05,75,23294.15,125,475,13015200
NIFTY-I.NFO,10/06/2024,09:46:26,23292.8,23292.05,100,23294.9,25,575,13015200
NIFTY-I.NFO,10/06/2024,09:46:27,23296,23293.9,50,23297.4,25,475,13015200
NIFTY-I.NFO,10/06/2024,09:46:29,23294.45,23295.35,25,23296.6,300,325,13015200
NIFTY-I.NFO,10/06/2024,09:46:31,23297.9,23297.9,25,23299,225,725,13015200
NIFTY-I.NFO,10/06/2024,09:46:32,23295.95,23295.9,525,23297.85,25,200,13015200
NIFTY-I.NFO,10/06/2024,09:46:34,23295.6,23296.95,225,23297.8,50,900,13015200
NIFTY-I.NFO,10/06/2024,09:46:36,23304.5,23300.9,125,23304.85,25,6750,13015200
NIFTY-I.NFO,10/06/2024,09:46:37,23300.4,23301.4,125,23304.3,75,200,13015200
NIFTY-I.NFO,10/06/2024,09:46:39,23301.4,23297.4,250,23300.75,50,225,13015200
NIFTY-I.NFO,10/06/2024,09:46:41,23297,23297.9,250,23300.75,50,925,13015200
NIFTY-I.NFO,10/06/2024,09:46:42,23301.4,23301.4,150,23304.5,25,325,13015200
NIFTY-I.NFO,10/06/2024,09:46:44,23304.9,23301.9,325,23305,250,325,13015200
NIFTY-I.NFO,10/06/2024,09:46:46,23300.05,23300.15,125,23303.8,150,950,13015200
NIFTY-I.NFO,10/06/2024,09:46:47,23300.35,23302.25,25,23304.45,25,525,13015200
NIFTY-I.NFO,10/06/2024,09:46:49,23308,23307.5,50,23310,200,175,13015200
NIFTY-I.NFO,10/06/2024,09:46:51,23307.85,23306.85,350,23308,25,950,13015200
NIFTY-I.NFO,10/06/2024,09:46:52,23307.35,23302.9,25,23305.75,125,150,13015200
NIFTY-I.NFO,10/06/2024,09:46:54,23306.85,23304.65,50,23307.75,25,1075,13015200
NIFTY-I.NFO,10/06/2024,09:46:56,23303,23303.4,50,23306.15,150,250,13015200
NIFTY-I.NFO,10/06/2024,09:46:57,23303.3,23303.3,25,23305.5,25,75,13015200
NIFTY-I.NFO,10/06/2024,09:46:59,23307.8,23303.1,250,23307.35,300,3175,13015200
NIFTY-I.NFO,10/06/2024,09:47:01,23304.35,23304.4,50,23307.9,25,75,13015200
NIFTY-I.NFO,10/06/2024,09:47:02,23309.5,23307.95,50,23309.5,150,2225,13015200
NIFTY-I.NFO,10/06/2024,09:47:04,23307.85,23309.5,1000,23310.1,150,400,13015200
NIFTY-I.NFO,10/06/2024,09:47:06,23313.75,23311.05,50,23313.75,150,525,13015200
NIFTY-I.NFO,10/06/2024,09:47:07,23320,23317.05,75,23320,325,650,13015200
NIFTY-I.NFO,10/06/2024,09:47:09,23315.1,23311.1,100,23314.95,275,27300,13015200
NIFTY-I.NFO,10/06/2024,09:47:11,23309.5,23310.5,100,23312.85,200,1575,13015200
NIFTY-I.NFO,10/06/2024,09:47:12,23313.85,23312.2,50,23313.85,150,300,13015200
NIFTY-I.NFO,10/06/2024,09:47:14,23313.85,23313.5,25,23313.85,25,125,13015200
NIFTY-I.NFO,10/06/2024,09:47:16,23312.85,23310.4,100,23312,1000,1475,13015200
NIFTY-I.NFO,10/06/2024,09:47:17,23311.95,23310.9,50,23311.95,125,400,13015200
NIFTY-I.NFO,10/06/2024,09:47:19,23311.2,23308.25,100,23311.65,25,675,13015200
NIFTY-I.NFO,10/06/2024,09:47:21,23312,23311.05,75,23312,725,475,13015200
NIFTY-I.NFO,10/06/2024,09:47:22,23311,23310.1,100,23310.9,25,125,13015200
NIFTY-I.NFO,10/06/2024,09:47:24,23307.85,23307.9,100,23308.8,25,1350,13015200
NIFTY-I.NFO,10/06/2024,09:47:26,23311.2,23310.9,50,23311.2,75,375,13015200
NIFTY-I.NFO,10/06/2024,09:47:27,23305.15,23305.05,25,23309,25,1400,13015200
NIFTY-I.NFO,10/06/2024,09:47:29,23309.4,23308.4,50,23310,75,350,13015200
NIFTY-I.NFO,10/06/2024,09:47:31,23309.4,23308.1,50,23309.4,150,1325,13015200
NIFTY-I.NFO,10/06/2024,09:47:32,23308.4,23305.1,100,23308.4,150,400,13015200
NIFTY-I.NFO,10/06/2024,09:47:34,23304.9,23306.55,25,23308.4,475,1100,13015200
NIFTY-I.NFO,10/06/2024,09:47:36,23307.05,23305.9,100,23307.9,150,250,13015200
NIFTY-I.NFO,10/06/2024,09:47:37,23304,23304.05,100,23305.9,25,1300,13015200
NIFTY-I.NFO,10/06/2024,09:47:39,23303.55,23304.1,100,23305.9,325,500,13015200
NIFTY-I.NFO,10/06/2024,09:47:41,23305.9,23304.4,50,23305.9,625,375,13015200
NIFTY-I.NFO,10/06/2024,09:47:42,23302.35,23302.35,75,23304.6,150,1150,13015200
NIFTY-I.NFO,10/06/2024,09:47:44,23302.35,23304.05,75,23304.6,350,0,13015200
NIFTY-I.NFO,10/06/2024,09:47:46,23303.3,23303.35,100,23304.55,325,325,13015200
NIFTY-I.NFO,10/06/2024,09:47:47,23302.35,23303.1,50,23304,150,50,13015200
NIFTY-I.NFO,10/06/2024,09:47:49,23296.3,23296.35,125,23299.35,150,3375,13015200
NIFTY-I.NFO,10/06/2024,09:47:51,23299.35,23298.1,75,23299.35,200,375,13015200
NIFTY-I.NFO,10/06/2024,09:47:52,23297.95,23295.95,100,23297.85,25,300,13015200
NIFTY-I.NFO,10/06/2024,09:47:54,23296.15,23294.05,75,23297.15,225,1275,13015200
NIFTY-I.NFO,10/06/2024,09:47:56,23298.1,23298.1,50,23299.95,350,375,13015200
NIFTY-I.NFO,10/06/2024,09:47:57,23300.85,23296.15,100,23300.35,150,2200,13015200
NIFTY-I.NFO,10/06/2024,09:47:59,23296.8,23297.6,100,23299.55,50,675,13015200
NIFTY-I.NFO,10/06/2024,09:48:01,23297.6,23297.6,25,23299.35,150,300,13015200
NIFTY-I.NFO,10/06/2024,09:48:02,23297.55,23296.05,100,23298.1,250,725,13015200
NIFTY-I.NFO,10/06/2024,09:48:04,23296.1,23296.05,75,23298.1,200,275,13015200
NIFTY-I.NFO,10/06/2024,09:48:06,23297.2,23295.1,650,23297.8,50,1025,13015200
NIFTY-I.NFO,10/06/2024,09:48:07,23297.7,23295.15,100,23296.05,25,25,13015200
NIFTY-I.NFO,10/06/2024,09:48:09,23296.05,23295.1,700,23297.5,125,1200,13015200
NIFTY-I.NFO,10/06/2024,09:48:11,23293.05,23293.05,50,23294.65,175,1175,13015200
NIFTY-I.NFO,10/06/2024,09:48:12,23294.55,23293.05,125,23294.55,25,350,13015200
NIFTY-I.NFO,10/06/2024,09:48:14,23295.85,23295.85,175,23297.7,25,1075,13015200
NIFTY-I.NFO,10/06/2024,09:48:16,23293.8,23293.9,100,23297,300,550,13015200
NIFTY-I.NFO,10/06/2024,09:48:17,23296.85,23295.15,200,23297.05,25,1175,13015200
NIFTY-I.NFO,10/06/2024,09:48:19,23296.9,23293.95,100,23296.8,50,1200,13015200
NIFTY-I.NFO,10/06/2024,09:48:21,23296.05,23295.85,75,23296.05,50,100,13015200
NIFTY-I.NFO,10/06/2024,09:48:22,23297.9,23296.55,100,23298,50,400,13015200
NIFTY-I.NFO,10/06/2024,09:48:24,23298,23296.55,25,23298,50,150,13015200
NIFTY-I.NFO,10/06/2024,09:48:26,23296.95,23296.9,125,23298.45,25,1125,13038350
NIFTY-I.NFO,10/06/2024,09:48:27,23296.9,23296.5,150,23297.85,100,2225,13038350
NIFTY-I.NFO,10/06/2024,09:48:29,23297.25,23297.25,75,23298.5,25,700,13038350
NIFTY-I.NFO,10/06/2024,09:48:31,23296,23295.6,100,23296.55,25,775,13038350
NIFTY-I.NFO,10/06/2024,09:48:32,23297.75,23297.05,100,23297.8,25,500,13038350
NIFTY-I.NFO,10/06/2024,09:48:34,23292.05,23292.05,25,23293.4,325,2700,13038350
NIFTY-I.NFO,10/06/2024,09:48:36,23293.25,23292.3,200,23295.65,25,375,13038350
NIFTY-I.NFO,10/06/2024,09:48:37,23295.45,23293.05,200,23295.55,25,3875,13038350
NIFTY-I.NFO,10/06/2024,09:48:39,23292,23291.05,275,23295,25,875,13038350
NIFTY-I.NFO,10/06/2024,09:48:41,23293.65,23291.4,200,23294.8,25,375,13038350
NIFTY-I.NFO,10/06/2024,09:48:42,23291.05,23291.15,50,23292.85,25,650,13038350
NIFTY-I.NFO,10/06/2024,09:48:44,23295,23293.35,100,23294.95,25,100,13038350
NIFTY-I.NFO,10/06/2024,09:48:46,23291.05,23291,25,23293.65,25,1000,13038350
NIFTY-I.NFO,10/06/2024,09:48:47,23287.85,23286,100,23288.05,125,4000,13038350
NIFTY-I.NFO,10/06/2024,09:48:49,23286.2,23286.2,25,23286.85,25,400,13038350
NIFTY-I.NFO,10/06/2024,09:48:51,23285.05,23285.05,50,23288.1,25,1000,13038350
NIFTY-I.NFO,10/06/2024,09:48:52,23287.3,23285.45,100,23287.35,250,350,13038350
NIFTY-I.NFO,10/06/2024,09:48:54,23287.05,23286.1,100,23287.2,250,600,13038350
NIFTY-I.NFO,10/06/2024,09:48:56,23285,23285.05,100,23285.75,25,1700,13038350
NIFTY-I.NFO,10/06/2024,09:48:57,23284.3,23282.2,100,23283.95,75,1400,13038350
NIFTY-I.NFO,10/06/2024,09:48:59,23283.05,23283.05,25,23283.95,175,725,13038350
NIFTY-I.NFO,10/06/2024,09:49:01,23283.7,23283.7,100,23284.95,25,450,13038350
NIFTY-I.NFO,10/06/2024,09:49:02,23281.2,23281.3,200,23284.25,25,3425,13038350
NIFTY-I.NFO,10/06/2024,09:49:04,23282.45,23282.3,25,23285.15,25,300,13038350
NIFTY-I.NFO,10/06/2024,09:49:06,23287.3,23287.3,400,23290,75,1250,13038350
NIFTY-I.NFO,10/06/2024,09:49:07,23291.05,23290.75,200,23291.05,175,850,13038350
NIFTY-I.NFO,10/06/2024,09:49:09,23299.8,23299.65,200,23301.75,25,4900,13038350
NIFTY-I.NFO,10/06/2024,09:49:11,23296.8,23296.85,50,23299.7,50,975,13038350
NIFTY-I.NFO,10/06/2024,09:49:12,23299.2,23298.8,50,23300.3,100,350,13038350
NIFTY-I.NFO,10/06/2024,09:49:14,23299.8,23299.55,25,23300,50,300,13038350
NIFTY-I.NFO,10/06/2024,09:49:16,23293.35,23293.4,150,23294.6,25,1425,13038350
NIFTY-I.NFO,10/06/2024,09:49:17,23292.1,23292.7,25,23294.5,25,150,13038350
NIFTY-I.NFO,10/06/2024,09:49:19,23294.85,23294.25,100,23297.2,200,175,13038350
NIFTY-I.NFO,10/06/2024,09:49:21,23296.5,23293.1,200,23296.45,25,425,13038350
NIFTY-I.NFO,10/06/2024,09:49:22,23293,23293.05,300,23296.4,100,475,13038350
NIFTY-I.NFO,10/06/2024,09:49:24,23293,23292.75,100,23294.15,50,350,13038350
NIFTY-I.NFO,10/06/2024,09:49:26,23292.1,23288.4,300,23292.15,25,1250,13038350
NIFTY-I.NFO,10/06/2024,09:49:27,23294.3,23291.4,300,23294.55,25,400,13038350
NIFTY-I.NFO,10/06/2024,09:49:29,23296.5,23293.7,25,23296.45,50,200,13038350
NIFTY-I.NFO,10/06/2024,09:49:31,23293.6,23291.1,75,23293.85,75,225,13038350
NIFTY-I.NFO,10/06/2024,09:49:32,23293.7,23291.3,25,23293.45,25,1325,13038350
NIFTY-I.NFO,10/06/2024,09:49:34,23290.45,23290.05,100,23293.3,75,350,13038350
NIFTY-I.NFO,10/06/2024,09:49:36,23291.6,23291.6,175,23293.3,450,50,13038350
NIFTY-I.NFO,10/06/2024,09:49:37,23292.9,23290.05,50,23293.3,450,325,13038350
NIFTY-I.NFO,10/06/2024,09:49:39,23293.3,23292.85,25,23293.25,100,300,13038350
NIFTY-I.NFO,10/06/2024,09:49:41,23294.8,23294.8,125,23296.35,25,725,13038350
NIFTY-I.NFO,10/06/2024,09:49:42,23293.05,23293.05,225,23296.1,50,700,13038350
NIFTY-I.NFO,10/06/2024,09:49:44,23295.55,23294.35,100,23294.95,25,600,13038350
