Ticker,Date,Time,LTP,BuyPrice,BuyQty,SellPrice,SellQty,LTQ,OpenInterest
BANKNIFTY-I.NFO,27/08/2024,09:15:00,51247.7,51201.35,60,51231.05,15,585,2215305
BANKNIFTY-I.NFO,27/08/2024,09:15:00,51247.7,51201.35,60,51231.05,15,0,2215305
BANKNIFTY-I.NFO,27/08/2024,09:15:00,51249,51201.35,60,51231.05,15,0,2215305
BANKNIFTY-I.NFO,27/08/2024,09:15:00,51214.85,51201.35,60,51231.05,15,0,2215305
BANKNIFTY-I.NFO,27/08/2024,09:15:01,51232.75,51219.5,30,51228.9,15,150,2215305
BANKNIFTY-I.NFO,27/08/2024,09:15:02,51196.55,51189.65,15,51196.55,75,945,2215305
BANKNIFTY-I.NFO,27/08/2024,09:15:02,51196.55,51189.65,15,51196.55,75,0,2215305
BANKNIFTY-I.NFO,27/08/2024,09:15:03,51198,51179.35,90,51195.65,15,1725,2215305
BANKNIFTY-I.NFO,27/08/2024,09:15:03,51180.05,51179.35,90,51195.65,15,0,2215305
BANKNIFTY-I.NFO,27/08/2024,09:15:05,51194.15,51188.1,15,51197.45,150,120,2215305
BANKNIFTY-I.NFO,27/08/2024,09:15:05,51179.35,51188.1,15,51197.45,150,0,2215305
BANKNIFTY-I.NFO,27/08/2024,09:15:06,51172.1,51173.4,15,51185.2,60,555,2215305
BANKNIFTY-I.NFO,27/08/2024,09:15:06,51168.9,51173.4,15,51185.2,60,0,2215305
BANKNIFTY-I.NFO,27/08/2024,09:15:08,51172.85,51161.3,15,51167.55,60,90,2215305
BANKNIFTY-I.NFO,27/08/2024,09:15:08,51161.35,51161.3,15,51167.55,60,0,2215305
BANKNIFTY-I.NFO,27/08/2024,09:15:09,51176.8,51165.05,15,51176.05,75,720,2215305
BANKNIFTY-I.NFO,27/08/2024,09:15:11,51161.1,51157,90,51166.2,45,1425,2215305
BANKNIFTY-I.NFO,27/08/2024,09:15:11,51150.9,51157,90,51166.2,45,0,2215305
BANKNIFTY-I.NFO,27/08/2024,09:15:13,51141.05,51141.05,30,51153.45,60,360,2215305
BANKNIFTY-I.NFO,27/08/2024,09:15:13,51141.05,51141.05,30,51153.45,60,0,2215305
BANKNIFTY-I.NFO,27/08/2024,09:15:14,51154.8,51151.45,15,51161.05,60,255,2215305
BANKNIFTY-I.NFO,27/08/2024,09:15:16,51157.1,51159.3,15,51172.65,60,1335,2215305
BANKNIFTY-I.NFO,27/08/2024,09:15:17,51152.6,51152.55,15,51163.3,60,195,2215305
BANKNIFTY-I.NFO,27/08/2024,09:15:19,51145.8,51147.5,30,51159.75,60,105,2215305
BANKNIFTY-I.NFO,27/08/2024,09:15:20,51167.75,51159.8,15,51163.55,60,720,2215305
BANKNIFTY-I.NFO,27/08/2024,09:15:22,51159.75,51154.85,15,51159.9,75,120,2215305
BANKNIFTY-I.NFO,27/08/2024,09:15:24,51159.75,51159.75,60,51162.45,60,585,2215305
BANKNIFTY-I.NFO,27/08/2024,09:15:25,51162.45,51159.75,60,51162.45,60,255,2215305
BANKNIFTY-I.NFO,27/08/2024,09:15:27,51149.25,51141.25,15,51146.5,45,810,2215305
BANKNIFTY-I.NFO,27/08/2024,09:15:28,51154.85,51146.05,15,51154.8,75,330,2215305
BANKNIFTY-I.NFO,27/08/2024,09:15:30,51154.85,51150,300,51152.75,15,105,2215305
BANKNIFTY-I.NFO,27/08/2024,09:15:32,51146.5,51141.05,15,51145.55,150,435,2215305
BANKNIFTY-I.NFO,27/08/2024,09:15:33,51144.55,51136.35,30,51146.65,60,345,2215305
BANKNIFTY-I.NFO,27/08/2024,09:15:33,51131.7,51136.35,30,51146.65,60,0,2215305
BANKNIFTY-I.NFO,27/08/2024,09:15:35,51136.25,51137.75,60,51146.85,30,225,2215305
BANKNIFTY-I.NFO,27/08/2024,09:15:36,51138.7,51131.05,15,51138.85,135,75,2215305
BANKNIFTY-I.NFO,27/08/2024,09:15:38,51134.85,51131,30,51140.45,120,120,2215080
BANKNIFTY-I.NFO,27/08/2024,09:15:38,51131.65,51131,30,51140.45,120,0,2215080
BANKNIFTY-I.NFO,27/08/2024,09:15:39,51136.45,51135.95,30,51145.65,375,285,2215080
BANKNIFTY-I.NFO,27/08/2024,09:15:41,51138.85,51145,75,51146.5,15,1215,2215080
BANKNIFTY-I.NFO,27/08/2024,09:15:43,51148.4,51145,45,51148.4,195,105,2215080
BANKNIFTY-I.NFO,27/08/2024,09:15:44,51148.4,51146.45,15,51150,975,330,2215080
BANKNIFTY-I.NFO,27/08/2024,09:15:46,51145.3,51145,45,51149.95,15,150,2215080
BANKNIFTY-I.NFO,27/08/2024,09:15:47,51147.85,51142.2,75,51147.95,45,2115,2215080
BANKNIFTY-I.NFO,27/08/2024,09:15:49,51140.85,51138,120,51140.15,60,720,2215080
BANKNIFTY-I.NFO,27/08/2024,09:15:51,51132.1,51142.4,15,51145.5,60,1320,2215080
BANKNIFTY-I.NFO,27/08/2024,09:15:52,51148.1,51144.95,15,51145.2,60,750,2215080
BANKNIFTY-I.NFO,27/08/2024,09:15:54,51137.65,51137.65,15,51146.45,150,270,2215080
BANKNIFTY-I.NFO,27/08/2024,09:15:55,51149.95,51140.3,15,51150,75,1110,2215080
BANKNIFTY-I.NFO,27/08/2024,09:15:57,51150,51145.3,15,51150,15,180,2215080
BANKNIFTY-I.NFO,27/08/2024,09:15:59,51143.65,51143.6,15,51149.5,60,90,2215080
BANKNIFTY-I.NFO,27/08/2024,09:16:00,51145.2,51143.15,15,51152.35,90,390,2215080
BANKNIFTY-I.NFO,27/08/2024,09:16:02,51154.85,51149.6,60,51154.85,270,330,2215080
BANKNIFTY-I.NFO,27/08/2024,09:16:03,51158.65,51149.35,15,51158.8,60,1455,2215080
BANKNIFTY-I.NFO,27/08/2024,09:16:05,51165.45,51162.45,15,51165.55,30,300,2215080
BANKNIFTY-I.NFO,27/08/2024,09:16:07,51148.6,51154.85,15,51160.6,75,225,2215080
BANKNIFTY-I.NFO,27/08/2024,09:16:08,51154.9,51150.55,15,51159.4,75,510,2215080
BANKNIFTY-I.NFO,27/08/2024,09:16:10,51155.4,51150.9,15,51155.4,45,1245,2215080
BANKNIFTY-I.NFO,27/08/2024,09:16:11,51154.25,51146.15,15,51154.25,45,855,2215080
BANKNIFTY-I.NFO,27/08/2024,09:16:13,51156.8,51143.45,60,51152.55,15,225,2215080
BANKNIFTY-I.NFO,27/08/2024,09:16:15,51150,51150,75,51152,15,1275,2215080
BANKNIFTY-I.NFO,27/08/2024,09:16:16,51150.45,51142.55,15,51151.15,15,420,2215080
BANKNIFTY-I.NFO,27/08/2024,09:16:18,51143.8,51143.8,60,51152.95,45,180,2215080
BANKNIFTY-I.NFO,27/08/2024,09:16:19,51154.9,51150.05,15,51154.9,60,135,2215080
BANKNIFTY-I.NFO,27/08/2024,09:16:21,51151.2,51150,15,51151.15,300,120,2215080
BANKNIFTY-I.NFO,27/08/2024,09:16:22,51146.65,51144.95,15,51149.75,15,60,2215080
BANKNIFTY-I.NFO,27/08/2024,09:16:24,51150,51147.05,15,51152.35,30,345,2215080
BANKNIFTY-I.NFO,27/08/2024,09:16:26,51155,51155,30,51158.5,60,600,2215080
BANKNIFTY-I.NFO,27/08/2024,09:16:27,51157.4,51152.35,30,51157.5,60,300,2215080
BANKNIFTY-I.NFO,27/08/2024,09:16:29,51159.95,51152.35,15,51159.8,225,195,2215080
BANKNIFTY-I.NFO,27/08/2024,09:16:30,51157.5,51155,15,51157.95,75,45,2215080
BANKNIFTY-I.NFO,27/08/2024,09:16:32,51157.8,51152.45,30,51157.15,225,180,2215080
BANKNIFTY-I.NFO,27/08/2024,09:16:34,51152.35,51151.1,210,51154.95,15,150,2215080
BANKNIFTY-I.NFO,27/08/2024,09:16:35,51154.35,51155.45,30,51155.65,75,75,2215080
BANKNIFTY-I.NFO,27/08/2024,09:16:37,51150,51146.3,15,51150.25,165,510,2215080
BANKNIFTY-I.NFO,27/08/2024,09:16:38,51150.1,51150,15,51150.25,15,570,2215080
BANKNIFTY-I.NFO,27/08/2024,09:16:40,51149.7,51146.2,15,51150.2,30,480,2215080
BANKNIFTY-I.NFO,27/08/2024,09:16:42,51149.9,51146.25,15,51150.75,525,135,2215080
BANKNIFTY-I.NFO,27/08/2024,09:16:43,51146.3,51146.3,30,51150.15,15,30,2215080
BANKNIFTY-I.NFO,27/08/2024,09:16:45,51153.4,51146.5,45,51154.35,15,165,2215080
BANKNIFTY-I.NFO,27/08/2024,09:16:46,51155,51150.2,15,51155,465,45,2215080
BANKNIFTY-I.NFO,27/08/2024,09:16:48,51153.7,51150.2,15,51154.95,15,45,2215080
BANKNIFTY-I.NFO,27/08/2024,09:16:49,51150.15,51149.05,15,51152.15,225,690,2215080
BANKNIFTY-I.NFO,27/08/2024,09:16:51,51148.55,51145.5,375,51148.15,300,375,2215080
BANKNIFTY-I.NFO,27/08/2024,09:16:53,51148.35,51143.35,15,51151.5,15,645,2215080
BANKNIFTY-I.NFO,27/08/2024,09:16:54,51153.7,51150.3,15,51153.7,30,15,2215080
BANKNIFTY-I.NFO,27/08/2024,09:16:56,51155,51151.05,15,51154.6,15,255,2215080
BANKNIFTY-I.NFO,27/08/2024,09:16:57,51153.45,51151.05,15,51152.2,75,60,2215080
BANKNIFTY-I.NFO,27/08/2024,09:16:59,51155,51153.75,15,51155.45,60,120,2215080
BANKNIFTY-I.NFO,27/08/2024,09:17:00,51155,51150.7,15,51155.45,60,75,2215080
BANKNIFTY-I.NFO,27/08/2024,09:17:02,51150,51150.05,30,51154,15,75,2215080
BANKNIFTY-I.NFO,27/08/2024,09:17:04,51153.7,51156.25,15,51159.95,15,165,2215080
BANKNIFTY-I.NFO,27/08/2024,09:17:05,51160.35,51160.95,15,51165,30,405,2215080
BANKNIFTY-I.NFO,27/08/2024,09:17:07,51170,51168.25,15,51170,15,495,2215080
BANKNIFTY-I.NFO,27/08/2024,09:17:08,51170.8,51164.95,15,51171.75,75,75,2215080
BANKNIFTY-I.NFO,27/08/2024,09:17:10,51172.2,51169.75,15,51177.35,60,60,2215080
BANKNIFTY-I.NFO,27/08/2024,09:17:12,51177.3,51175.05,15,51179.05,75,180,2215080
BANKNIFTY-I.NFO,27/08/2024,09:17:13,51179.1,51179.65,15,51188.8,45,270,2215080
BANKNIFTY-I.NFO,27/08/2024,09:17:15,51182.9,51177.3,15,51180.05,15,120,2215080
BANKNIFTY-I.NFO,27/08/2024,09:17:16,51183.9,51177.35,30,51181.7,300,165,2215080
BANKNIFTY-I.NFO,27/08/2024,09:17:18,51184.55,51177.4,15,51183.25,450,75,2215080
BANKNIFTY-I.NFO,27/08/2024,09:17:20,51181.45,51177.3,15,51178.3,225,180,2215080
BANKNIFTY-I.NFO,27/08/2024,09:17:21,51181.8,51177.3,15,51181.5,60,120,2215080
BANKNIFTY-I.NFO,27/08/2024,09:17:23,51175.3,51173.7,375,51181.45,15,255,2215080
BANKNIFTY-I.NFO,27/08/2024,09:17:25,51180.3,51175.6,15,51181.3,75,60,2215080
BANKNIFTY-I.NFO,27/08/2024,09:17:26,51175.6,51174.85,60,51181.2,15,45,2215080
BANKNIFTY-I.NFO,27/08/2024,09:17:28,51179.95,51174.75,15,51179.95,15,135,2215080
BANKNIFTY-I.NFO,27/08/2024,09:17:29,51185.6,51180.05,15,51186,75,270,2215080
BANKNIFTY-I.NFO,27/08/2024,09:17:31,51181.25,51184.25,15,51188,15,45,2215080
BANKNIFTY-I.NFO,27/08/2024,09:17:33,51180,51179,15,51186.5,600,225,2215080
BANKNIFTY-I.NFO,27/08/2024,09:17:34,51185,51183.65,15,51190,45,150,2215080
BANKNIFTY-I.NFO,27/08/2024,09:17:36,51185,51183.55,15,51189.9,30,0,2215080
BANKNIFTY-I.NFO,27/08/2024,09:17:37,51189.7,51184.95,15,51189.85,15,45,2215080
BANKNIFTY-I.NFO,27/08/2024,09:17:39,51195.55,51187.7,15,51195.5,75,180,2215080
BANKNIFTY-I.NFO,27/08/2024,09:17:41,51203.35,51196.8,15,51203.6,30,150,2215080
BANKNIFTY-I.NFO,27/08/2024,09:17:42,51203.55,51196.2,60,51205.95,60,645,2215080
BANKNIFTY-I.NFO,27/08/2024,09:17:44,51202.6,51190.95,15,51199.9,30,165,2215080
BANKNIFTY-I.NFO,27/08/2024,09:17:45,51193.65,51192.15,15,51199.45,45,75,2215080
BANKNIFTY-I.NFO,27/08/2024,09:17:47,51202.4,51200.05,15,51204.15,15,75,2215080
BANKNIFTY-I.NFO,27/08/2024,09:17:48,51202.25,51196.75,15,51202.7,75,975,2215080
BANKNIFTY-I.NFO,27/08/2024,09:17:50,51210,51203.85,15,51212,240,1275,2215080
BANKNIFTY-I.NFO,27/08/2024,09:17:52,51208.2,51209.7,15,51216.85,60,1680,2215080
BANKNIFTY-I.NFO,27/08/2024,09:17:53,51217.75,51211,15,51217.75,75,1320,2215080
BANKNIFTY-I.NFO,27/08/2024,09:17:55,51221.25,51217.35,15,51222.55,15,240,2215080
BANKNIFTY-I.NFO,27/08/2024,09:17:56,51229.85,51222.55,30,51229.05,60,270,2215080
BANKNIFTY-I.NFO,27/08/2024,09:17:58,51223.9,51221.25,45,51224.5,30,180,2215080
BANKNIFTY-I.NFO,27/08/2024,09:18:00,51230.05,51230.05,15,51235.95,15,255,2215080
BANKNIFTY-I.NFO,27/08/2024,09:18:01,51240,51237.8,15,51241,15,300,2215080
BANKNIFTY-I.NFO,27/08/2024,09:18:03,51244,51243,15,51245.1,150,825,2215080
BANKNIFTY-I.NFO,27/08/2024,09:18:04,51243.05,51243,90,51247.1,150,1200,2215080
BANKNIFTY-I.NFO,27/08/2024,09:18:06,51243.4,51245,60,51249.95,60,180,2215080
BANKNIFTY-I.NFO,27/08/2024,09:18:08,51245.7,51243.4,60,51249.15,300,450,2215080
BANKNIFTY-I.NFO,27/08/2024,09:18:08,51253.15,51243.4,60,51249.15,300,0,2215080
BANKNIFTY-I.NFO,27/08/2024,09:18:09,51242.55,51236.55,15,51243.5,195,270,2215080
BANKNIFTY-I.NFO,27/08/2024,09:18:11,51229.4,51229.4,45,51237.45,75,495,2215080
BANKNIFTY-I.NFO,27/08/2024,09:18:12,51240.15,51240.05,15,51243,420,345,2215080
BANKNIFTY-I.NFO,27/08/2024,09:18:14,51242.5,51241.3,15,51243,15,780,2215080
BANKNIFTY-I.NFO,27/08/2024,09:18:15,51245,51243.5,300,51245.45,75,90,2215080
BANKNIFTY-I.NFO,27/08/2024,09:18:17,51243,51243,15,51247.5,60,435,2215080
BANKNIFTY-I.NFO,27/08/2024,09:18:19,51245.7,51240,210,51243.85,60,1080,2215080
BANKNIFTY-I.NFO,27/08/2024,09:18:20,51243,51240.05,15,51243,240,255,2215080
BANKNIFTY-I.NFO,27/08/2024,09:18:22,51243,51240.05,15,51243,165,75,2215080
BANKNIFTY-I.NFO,27/08/2024,09:18:23,51240,51235.3,15,51242.15,135,210,2215080
BANKNIFTY-I.NFO,27/08/2024,09:18:25,51239.1,51236.25,15,51240.05,30,210,2215080
BANKNIFTY-I.NFO,27/08/2024,09:18:26,51243,51239.25,15,51243,60,375,2215080
BANKNIFTY-I.NFO,27/08/2024,09:18:28,51241.4,51238.15,30,51241.4,45,480,2215080
BANKNIFTY-I.NFO,27/08/2024,09:18:30,51241.05,51238.15,15,51239.9,75,165,2215080
BANKNIFTY-I.NFO,27/08/2024,09:18:31,51234.05,51234.05,15,51237.45,15,270,2215080
BANKNIFTY-I.NFO,27/08/2024,09:18:33,51226.65,51226.6,15,51232.8,75,105,2215080
BANKNIFTY-I.NFO,27/08/2024,09:18:34,51232.8,51232.8,135,51237.45,15,210,2215080
BANKNIFTY-I.NFO,27/08/2024,09:18:36,51233.25,51232.9,15,51236.25,15,45,2215080
BANKNIFTY-I.NFO,27/08/2024,09:18:38,51231.65,51225,90,51230.1,60,300,2220510
BANKNIFTY-I.NFO,27/08/2024,09:18:39,51226.9,51225.15,15,51232.7,30,180,2220510
BANKNIFTY-I.NFO,27/08/2024,09:18:41,51225,51222.7,15,51228.85,30,480,2220510
BANKNIFTY-I.NFO,27/08/2024,09:18:42,51225.25,51222.75,15,51225.55,15,15,2220510
BANKNIFTY-I.NFO,27/08/2024,09:18:44,51217.35,51217.3,330,51223.75,30,90,2220510
BANKNIFTY-I.NFO,27/08/2024,09:18:46,51217.9,51217.9,15,51225.15,450,120,2220510
BANKNIFTY-I.NFO,27/08/2024,09:18:47,51225.15,51221,30,51225,30,600,2220510
BANKNIFTY-I.NFO,27/08/2024,09:18:49,51221,51221.05,15,51224.95,30,45,2220510
BANKNIFTY-I.NFO,27/08/2024,09:18:50,51230,51221.1,45,51229.7,30,495,2220510
BANKNIFTY-I.NFO,27/08/2024,09:18:52,51230,51222.95,15,51229.5,150,0,2220510
BANKNIFTY-I.NFO,27/08/2024,09:18:53,51231.2,51225.35,15,51230.65,75,45,2220510
BANKNIFTY-I.NFO,27/08/2024,09:18:55,51225.6,51222.95,15,51226.75,75,120,2220510
BANKNIFTY-I.NFO,27/08/2024,09:18:57,51223,51224.6,30,51229.3,75,30,2220510
BANKNIFTY-I.NFO,27/08/2024,09:18:58,51221.25,51223.2,30,51231.85,30,315,2220510
BANKNIFTY-I.NFO,27/08/2024,09:19:00,51224.9,51223,45,51225.3,15,165,2220510
BANKNIFTY-I.NFO,27/08/2024,09:19:01,51219.85,51217.3,15,51221.85,75,195,2220510
BANKNIFTY-I.NFO,27/08/2024,09:19:03,51215.85,51215.9,15,51222.65,165,45,2220510
BANKNIFTY-I.NFO,27/08/2024,09:19:05,51215.9,51215.85,105,51222.05,300,45,2220510
BANKNIFTY-I.NFO,27/08/2024,09:19:06,51215.85,51215.85,90,51223,180,45,2220510
BANKNIFTY-I.NFO,27/08/2024,09:19:08,51215,51210,105,51215.85,15,90,2220510
BANKNIFTY-I.NFO,27/08/2024,09:19:09,51218.15,51210,105,51215,15,30,2220510
BANKNIFTY-I.NFO,27/08/2024,09:19:11,51208.45,51209.75,15,51218.15,30,435,2220510
BANKNIFTY-I.NFO,27/08/2024,09:19:13,51205.45,51206.35,15,51215.3,30,90,2220510
BANKNIFTY-I.NFO,27/08/2024,09:19:14,51212.2,51210.25,30,51215.3,75,15,2220510
BANKNIFTY-I.NFO,27/08/2024,09:19:16,51210.25,51210.25,15,51214.6,150,30,2220510
BANKNIFTY-I.NFO,27/08/2024,09:19:17,51217.1,51207.65,15,51216.5,300,165,2220510
BANKNIFTY-I.NFO,27/08/2024,09:19:19,51216.1,51210.25,15,51214.6,60,45,2220510
BANKNIFTY-I.NFO,27/08/2024,09:19:21,51215.45,51215.45,15,51223.35,15,75,2220510
BANKNIFTY-I.NFO,27/08/2024,09:19:22,51218.15,51215.3,900,51219.1,30,45,2220510
BANKNIFTY-I.NFO,27/08/2024,09:19:24,51215.3,51215.3,690,51215.35,30,225,2220510
BANKNIFTY-I.NFO,27/08/2024,09:19:25,51215.3,51215.3,60,51215.35,90,720,2220510
BANKNIFTY-I.NFO,27/08/2024,09:19:27,51210,51202.6,30,51210,15,270,2220510
BANKNIFTY-I.NFO,27/08/2024,09:19:29,51211.15,51203.45,15,51211.2,15,255,2220510
BANKNIFTY-I.NFO,27/08/2024,09:19:30,51203.35,51202.4,15,51211.45,60,45,2220510
BANKNIFTY-I.NFO,27/08/2024,09:19:32,51211.15,51203.6,15,51212.15,15,15,2220510
BANKNIFTY-I.NFO,27/08/2024,09:19:33,51212.9,51204.7,15,51213.05,60,75,2220510
BANKNIFTY-I.NFO,27/08/2024,09:19:35,51213.3,51204.7,15,51210,15,15,2220510
BANKNIFTY-I.NFO,27/08/2024,09:19:37,51213,51205.8,15,51214.55,60,45,2220510
BANKNIFTY-I.NFO,27/08/2024,09:19:38,51211.9,51211.9,15,51214.95,60,75,2220510
BANKNIFTY-I.NFO,27/08/2024,09:19:40,51215,51215,30,51215.3,15,60,2220510
BANKNIFTY-I.NFO,27/08/2024,09:19:42,51221.45,51213.1,30,51221.3,75,210,2220510
BANKNIFTY-I.NFO,27/08/2024,09:19:43,51224.15,51216.1,15,51222.9,120,90,2220510
BANKNIFTY-I.NFO,27/08/2024,09:19:45,51224.15,51218.05,15,51222.3,15,0,2220510
BANKNIFTY-I.NFO,27/08/2024,09:19:46,51218.05,51219.35,15,51225,90,60,2220510
BANKNIFTY-I.NFO,27/08/2024,09:19:48,51218.05,51214.6,15,51221,30,0,2220510
BANKNIFTY-I.NFO,27/08/2024,09:19:49,51220,51220,30,51221,30,15,2220510
BANKNIFTY-I.NFO,27/08/2024,09:19:51,51218.75,51211.9,15,51219.1,15,330,2220510
BANKNIFTY-I.NFO,27/08/2024,09:19:52,51219.1,51212.15,15,51220.55,600,15,2220510
BANKNIFTY-I.NFO,27/08/2024,09:19:54,51212.15,51205.7,45,51213.35,600,15,2220510
BANKNIFTY-I.NFO,27/08/2024,09:19:56,51203.65,51202,15,51210.7,60,150,2220510
BANKNIFTY-I.NFO,27/08/2024,09:19:57,51201.85,51201.05,60,51210.45,60,45,2220510
BANKNIFTY-I.NFO,27/08/2024,09:19:59,51201,51200.5,15,51203.65,90,30,2220510
BANKNIFTY-I.NFO,27/08/2024,09:20:01,51203.65,51201.2,45,51208.25,15,150,2220510
BANKNIFTY-I.NFO,27/08/2024,09:20:02,51200.1,51200,270,51200.5,450,135,2220510
BANKNIFTY-I.NFO,27/08/2024,09:20:04,51200,51200,210,51200.5,420,105,2220510
BANKNIFTY-I.NFO,27/08/2024,09:20:06,51200.4,51200.3,15,51200.5,420,60,2220510
BANKNIFTY-I.NFO,27/08/2024,09:20:07,51200,51195.5,15,51200,165,600,2220510
BANKNIFTY-I.NFO,27/08/2024,09:20:09,51200.5,51195.7,15,51200,15,285,2220510
BANKNIFTY-I.NFO,27/08/2024,09:20:10,51200,51195.7,30,51200.1,75,90,2220510
BANKNIFTY-I.NFO,27/08/2024,09:20:12,51200.25,51195.7,30,51200,30,45,2220510
BANKNIFTY-I.NFO,27/08/2024,09:20:14,51195.7,51195.7,15,51197.75,75,30,2220510
BANKNIFTY-I.NFO,27/08/2024,09:20:15,51193.65,51189.7,150,51193.1,30,105,2220510
BANKNIFTY-I.NFO,27/08/2024,09:20:17,51195.45,51189.75,30,51194.25,15,45,2220510
BANKNIFTY-I.NFO,27/08/2024,09:20:18,51195,51189.75,30,51192.9,975,60,2220510
BANKNIFTY-I.NFO,27/08/2024,09:20:20,51189.75,51190,15,51194.45,225,45,2220510
BANKNIFTY-I.NFO,27/08/2024,09:20:22,51189.7,51186,15,51190.55,300,165,2220510
BANKNIFTY-I.NFO,27/08/2024,09:20:23,51181.85,51186,30,51189.75,30,120,2220510
BANKNIFTY-I.NFO,27/08/2024,09:20:25,51181.85,51186,30,51189.7,30,0,2220510
BANKNIFTY-I.NFO,27/08/2024,09:20:27,51186,51186,15,51186.7,30,15,2220510
BANKNIFTY-I.NFO,27/08/2024,09:20:28,51186,51181.65,45,51189.2,300,165,2220510
BANKNIFTY-I.NFO,27/08/2024,09:20:30,51186.5,51180.1,45,51187.45,60,60,2220510
BANKNIFTY-I.NFO,27/08/2024,09:20:32,51180.4,51181.35,15,51189.7,30,90,2220510
BANKNIFTY-I.NFO,27/08/2024,09:20:33,51188.95,51187.25,15,51190.6,15,45,2220510
BANKNIFTY-I.NFO,27/08/2024,09:20:35,51188.05,51190.75,60,51195,30,120,2220510
BANKNIFTY-I.NFO,27/08/2024,09:20:36,51188.05,51192.05,60,51195,30,0,2220510
BANKNIFTY-I.NFO,27/08/2024,09:20:38,51195,51192.25,15,51195.7,15,930,2220510
BANKNIFTY-I.NFO,27/08/2024,09:20:40,51192.55,51193.65,45,51199,15,15,2220510
BANKNIFTY-I.NFO,27/08/2024,09:20:41,51193.65,51192.5,15,51195.7,30,30,2220510
BANKNIFTY-I.NFO,27/08/2024,09:20:43,51195,51193.1,45,51199.65,30,60,2220510
BANKNIFTY-I.NFO,27/08/2024,09:20:44,51193.3,51190.6,30,51195,15,45,2220510
BANKNIFTY-I.NFO,27/08/2024,09:20:46,51190.6,51190.1,45,51195,15,30,2220510
BANKNIFTY-I.NFO,27/08/2024,09:20:47,51195,51195,30,51197.2,75,15,2220510
BANKNIFTY-I.NFO,27/08/2024,09:20:49,51194.35,51189.1,45,51194.05,150,360,2220510
BANKNIFTY-I.NFO,27/08/2024,09:20:51,51193.7,51186.1,45,51193.2,30,75,2220510
BANKNIFTY-I.NFO,27/08/2024,09:20:52,51186.1,51184.1,45,51191.45,30,45,2220510
BANKNIFTY-I.NFO,27/08/2024,09:20:54,51186.1,51184.1,45,51188.8,75,0,2220510
BANKNIFTY-I.NFO,27/08/2024,09:20:56,51187.45,51184.1,15,51187.05,30,300,2220510
BANKNIFTY-I.NFO,27/08/2024,09:20:57,51183.3,51181,15,51184.6,300,390,2220510
BANKNIFTY-I.NFO,27/08/2024,09:20:59,51175.85,51181,15,51185.65,15,465,2220510
BANKNIFTY-I.NFO,27/08/2024,09:21:01,51181,51180,15,51183.4,60,300,2220510
BANKNIFTY-I.NFO,27/08/2024,09:21:02,51178.85,51175,195,51180.45,300,135,2220510
BANKNIFTY-I.NFO,27/08/2024,09:21:04,51181,51175.2,60,51181,360,45,2220510
BANKNIFTY-I.NFO,27/08/2024,09:21:05,51187.5,51175.7,15,51180,450,420,2220510
BANKNIFTY-I.NFO,27/08/2024,09:21:07,51178.2,51177,30,51179,600,510,2220510
BANKNIFTY-I.NFO,27/08/2024,09:21:09,51177,51175,180,51175.95,300,45,2220510
BANKNIFTY-I.NFO,27/08/2024,09:21:10,51174.25,51170,120,51175.3,60,1230,2220510
BANKNIFTY-I.NFO,27/08/2024,09:21:12,51172.95,51172.7,15,51179.2,75,15,2220510
BANKNIFTY-I.NFO,27/08/2024,09:21:14,51165.1,51165.1,30,51168.7,315,840,2220510
BANKNIFTY-I.NFO,27/08/2024,09:21:15,51164.45,51160.85,30,51162.7,75,105,2220510
BANKNIFTY-I.NFO,27/08/2024,09:21:17,51162.8,51160.85,30,51162.75,225,135,2220510
BANKNIFTY-I.NFO,27/08/2024,09:21:18,51164.7,51160.9,45,51166.95,300,30,2220510
BANKNIFTY-I.NFO,27/08/2024,09:21:20,51160.9,51166.65,15,51169,90,15,2220510
BANKNIFTY-I.NFO,27/08/2024,09:21:22,51169,51169,15,51170,15,180,2220510
BANKNIFTY-I.NFO,27/08/2024,09:21:23,51166.2,51162.1,45,51166.9,300,195,2220510
BANKNIFTY-I.NFO,27/08/2024,09:21:25,51165,51164.55,45,51170,15,75,2220510
BANKNIFTY-I.NFO,27/08/2024,09:21:26,51167.45,51162.95,45,51168.4,150,45,2220510
BANKNIFTY-I.NFO,27/08/2024,09:21:28,51164.4,51164.4,45,51170,15,75,2220510
BANKNIFTY-I.NFO,27/08/2024,09:21:30,51160.85,51167.85,30,51169.9,75,150,2220510
BANKNIFTY-I.NFO,27/08/2024,09:21:31,51162.1,51164.4,15,51170.4,150,450,2220510
BANKNIFTY-I.NFO,27/08/2024,09:21:33,51167,51160.9,45,51167,15,60,2220510
BANKNIFTY-I.NFO,27/08/2024,09:21:34,51160.1,51160.05,45,51165.2,75,75,2220510
BANKNIFTY-I.NFO,27/08/2024,09:21:36,51160,51155,60,51158.35,150,90,2220510
BANKNIFTY-I.NFO,27/08/2024,09:21:38,51159.3,51153.55,15,51160.85,15,495,2220510
BANKNIFTY-I.NFO,27/08/2024,09:21:39,51160.85,51160.1,15,51163.65,150,45,2226135
BANKNIFTY-I.NFO,27/08/2024,09:21:41,51163.25,51156.45,45,51162.85,30,285,2226135
BANKNIFTY-I.NFO,27/08/2024,09:21:43,51155.5,51151.3,15,51155.95,75,45,2226135
BANKNIFTY-I.NFO,27/08/2024,09:21:44,51155,51154.3,45,51160,300,360,2226135
BANKNIFTY-I.NFO,27/08/2024,09:21:46,51158.6,51152.3,45,51159.25,30,90,2226135
BANKNIFTY-I.NFO,27/08/2024,09:21:47,51157.2,51152.3,15,51157.95,300,15,2226135
BANKNIFTY-I.NFO,27/08/2024,09:21:49,51154.4,51152.3,15,51158,75,60,2226135
BANKNIFTY-I.NFO,27/08/2024,09:21:51,51157.2,51151.5,45,51157.2,300,105,2226135
BANKNIFTY-I.NFO,27/08/2024,09:21:52,51157.95,51155,15,51159.05,150,60,2226135
BANKNIFTY-I.NFO,27/08/2024,09:21:54,51155,51151.2,30,51152.3,15,30,2226135
BANKNIFTY-I.NFO,27/08/2024,09:21:56,51151.35,51145.3,45,51152.3,600,675,2226135
BANKNIFTY-I.NFO,27/08/2024,09:21:58,51148.3,51145.2,15,51149.65,225,45,2226135
BANKNIFTY-I.NFO,27/08/2024,09:21:59,51135.05,51135,15,51139.7,60,975,2226135
BANKNIFTY-I.NFO,27/08/2024,09:22:01,51141.35,51134.45,15,51141.8,300,1800,2226135
BANKNIFTY-I.NFO,27/08/2024,09:22:01,51127.25,51134.45,15,51141.8,300,0,2226135
BANKNIFTY-I.NFO,27/08/2024,09:22:03,51137.6,51141.05,15,51144.75,150,30,2226135
BANKNIFTY-I.NFO,27/08/2024,09:22:04,51143.05,51132.7,15,51139.4,150,330,2226135
BANKNIFTY-I.NFO,27/08/2024,09:22:06,51146.75,51141.3,15,51145.1,225,930,2226135
BANKNIFTY-I.NFO,27/08/2024,09:22:08,51141.8,51135,15,51139.9,300,255,2226135
BANKNIFTY-I.NFO,27/08/2024,09:22:09,51146.1,51137.75,15,51142.05,75,30,2226135
BANKNIFTY-I.NFO,27/08/2024,09:22:11,51143.7,51135.05,30,51141.65,60,270,2226135
BANKNIFTY-I.NFO,27/08/2024,09:22:13,51142.65,51139.9,15,51145.6,75,255,2226135
BANKNIFTY-I.NFO,27/08/2024,09:22:14,51139.9,51138.95,30,51144.65,15,345,2226135
BANKNIFTY-I.NFO,27/08/2024,09:22:16,51144.65,51140,45,51142.55,150,15,2226135
BANKNIFTY-I.NFO,27/08/2024,09:22:18,51138.15,51143.15,15,51144.75,150,210,2226135
BANKNIFTY-I.NFO,27/08/2024,09:22:19,51144,51139,30,51144,45,495,2226135
BANKNIFTY-I.NFO,27/08/2024,09:22:21,51140.2,51140.25,15,51146,15,90,2226135
BANKNIFTY-I.NFO,27/08/2024,09:22:23,51150,51150.15,15,51156.65,60,105,2226135
BANKNIFTY-I.NFO,27/08/2024,09:22:24,51159.8,51153.45,15,51159.8,195,120,2226135
BANKNIFTY-I.NFO,27/08/2024,09:22:26,51157.25,51150.2,45,51158,60,405,2226135
BANKNIFTY-I.NFO,27/08/2024,09:22:27,51140.5,51140.5,285,51142.9,150,165,2226135
BANKNIFTY-I.NFO,27/08/2024,09:22:29,51140.5,51140.5,255,51143.25,75,90,2226135
BANKNIFTY-I.NFO,27/08/2024,09:22:31,51142.8,51140.5,255,51143,150,15,2226135
BANKNIFTY-I.NFO,27/08/2024,09:22:32,51132.9,51140.2,15,51145.2,450,780,2226135
BANKNIFTY-I.NFO,27/08/2024,09:22:34,51143.35,51143.35,15,51145.7,15,30,2226135
BANKNIFTY-I.NFO,27/08/2024,09:22:36,51149.35,51142.45,15,51148.4,150,45,2226135
BANKNIFTY-I.NFO,27/08/2024,09:22:37,51148.55,51141.2,45,51147.8,75,15,2226135
BANKNIFTY-I.NFO,27/08/2024,09:22:39,51146.9,51140.6,15,51147.45,375,120,2226135
BANKNIFTY-I.NFO,27/08/2024,09:22:41,51148.6,51141.2,15,51145.55,300,30,2226135
BANKNIFTY-I.NFO,27/08/2024,09:22:42,51146.8,51142.05,45,51146.9,900,15,2226135
BANKNIFTY-I.NFO,27/08/2024,09:22:44,51142.05,51143,45,51148.75,60,45,2226135
BANKNIFTY-I.NFO,27/08/2024,09:22:46,51147.05,51142.2,15,51146.5,75,30,2226135
BANKNIFTY-I.NFO,27/08/2024,09:22:47,51145.05,51142.2,15,51143.8,60,60,2226135
BANKNIFTY-I.NFO,27/08/2024,09:22:49,51140.1,51136.25,15,51140.15,675,570,2226135
BANKNIFTY-I.NFO,27/08/2024,09:22:51,51142.55,51136.3,15,51141.75,300,135,2226135
BANKNIFTY-I.NFO,27/08/2024,09:22:52,51139.45,51136.25,15,51139.6,300,60,2226135
BANKNIFTY-I.NFO,27/08/2024,09:22:54,51136.7,51135.25,15,51136.7,75,255,2226135
BANKNIFTY-I.NFO,27/08/2024,09:22:55,51134.55,51132.9,15,51135,15,435,2226135
BANKNIFTY-I.NFO,27/08/2024,09:22:57,51127.65,51127.1,300,51129.7,300,300,2226135
BANKNIFTY-I.NFO,27/08/2024,09:22:59,51131.7,51127.1,105,51132.15,300,555,2226135
BANKNIFTY-I.NFO,27/08/2024,09:22:59,51127.1,51127.1,105,51132.15,300,0,2226135
BANKNIFTY-I.NFO,27/08/2024,09:23:00,51127.1,51127.1,45,51131.1,60,105,2226135
BANKNIFTY-I.NFO,27/08/2024,09:23:02,51127.7,51127.7,15,51134.4,300,315,2226135
BANKNIFTY-I.NFO,27/08/2024,09:23:04,51127.05,51127.15,45,51132.85,15,150,2226135
BANKNIFTY-I.NFO,27/08/2024,09:23:04,51127.05,51127.15,45,51132.85,15,0,2226135
BANKNIFTY-I.NFO,27/08/2024,09:23:05,51128.4,51125.1,30,51128.2,300,2190,2226135
BANKNIFTY-I.NFO,27/08/2024,09:23:05,51125.5,51125.1,30,51128.2,300,0,2226135
BANKNIFTY-I.NFO,27/08/2024,09:23:07,51127,51125,300,51127,45,330,2226135
BANKNIFTY-I.NFO,27/08/2024,09:23:07,51125,51125,300,51127,45,0,2226135
BANKNIFTY-I.NFO,27/08/2024,09:23:09,51137.35,51134.1,15,51140,15,150,2226135
BANKNIFTY-I.NFO,27/08/2024,09:23:10,51129.6,51132.45,45,51142.45,150,690,2226135
BANKNIFTY-I.NFO,27/08/2024,09:23:12,51142.1,51134.1,15,51142.65,600,300,2226135
BANKNIFTY-I.NFO,27/08/2024,09:23:14,51137.4,51132,15,51137.5,300,135,2226135
BANKNIFTY-I.NFO,27/08/2024,09:23:15,51131.15,51128.4,15,51131.1,300,135,2226135
BANKNIFTY-I.NFO,27/08/2024,09:23:17,51131.85,51129.6,15,51130.45,300,75,2226135
BANKNIFTY-I.NFO,27/08/2024,09:23:19,51124,51123.95,15,51125.35,150,555,2226135
BANKNIFTY-I.NFO,27/08/2024,09:23:19,51124,51123.95,15,51125.35,150,0,2226135
BANKNIFTY-I.NFO,27/08/2024,09:23:20,51120,51118.05,15,51122,150,1800,2226135
BANKNIFTY-I.NFO,27/08/2024,09:23:20,51118.05,51118.05,15,51122,150,0,2226135
BANKNIFTY-I.NFO,27/08/2024,09:23:22,51125,51118.05,15,51125,75,210,2226135
BANKNIFTY-I.NFO,27/08/2024,09:23:22,51118,51118.05,15,51125,75,0,2226135
BANKNIFTY-I.NFO,27/08/2024,09:23:24,51126,51118.05,15,51125.75,15,465,2226135
BANKNIFTY-I.NFO,27/08/2024,09:23:24,51115.75,51118.05,15,51125.75,15,0,2226135
BANKNIFTY-I.NFO,27/08/2024,09:23:25,51131.35,51123,30,51130.85,60,420,2226135
BANKNIFTY-I.NFO,27/08/2024,09:23:27,51128.95,51123,60,51131.3,60,135,2226135
BANKNIFTY-I.NFO,27/08/2024,09:23:29,51131.7,51126.2,30,51133.6,300,105,2226135
BANKNIFTY-I.NFO,27/08/2024,09:23:30,51134.15,51126.2,15,51133.05,150,15,2226135
BANKNIFTY-I.NFO,27/08/2024,09:23:32,51131.7,51126.65,30,51135,300,255,2226135
BANKNIFTY-I.NFO,27/08/2024,09:23:34,51132.15,51128.8,60,51132.15,15,60,2226135
BANKNIFTY-I.NFO,27/08/2024,09:23:35,51133.25,51126.95,30,51133.95,600,90,2226135
BANKNIFTY-I.NFO,27/08/2024,09:23:37,51133.25,51127.05,15,51128.4,600,0,2226135
BANKNIFTY-I.NFO,27/08/2024,09:23:39,51133.9,51128.4,15,51129.65,600,345,2226135
BANKNIFTY-I.NFO,27/08/2024,09:23:40,51128,51126,30,51129.2,75,495,2226135
BANKNIFTY-I.NFO,27/08/2024,09:23:42,51128.15,51129.45,150,51129.85,150,375,2226135
BANKNIFTY-I.NFO,27/08/2024,09:23:44,51128,51125.05,15,51128,330,615,2226135
BANKNIFTY-I.NFO,27/08/2024,09:23:45,51132.85,51129.2,15,51133,30,615,2226135
BANKNIFTY-I.NFO,27/08/2024,09:23:47,51130,51133.6,15,51134.9,75,135,2226135
BANKNIFTY-I.NFO,27/08/2024,09:23:49,51129.2,51128,15,51129.55,75,150,2226135
BANKNIFTY-I.NFO,27/08/2024,09:23:50,51123.05,51120.4,15,51123.15,300,1095,2226135
BANKNIFTY-I.NFO,27/08/2024,09:23:52,51119.75,51118,45,51120.95,75,2370,2226135
BANKNIFTY-I.NFO,27/08/2024,09:23:54,51121.1,51118.1,105,51123,150,840,2226135
BANKNIFTY-I.NFO,27/08/2024,09:23:55,51124.35,51120.95,15,51125.35,75,405,2226135
BANKNIFTY-I.NFO,27/08/2024,09:23:57,51117.05,51115,120,51117.2,300,975,2226135
BANKNIFTY-I.NFO,27/08/2024,09:23:59,51119.8,51123,15,51123.85,300,105,2226135
BANKNIFTY-I.NFO,27/08/2024,09:23:59,51115,51123,15,51123.85,300,0,2226135
BANKNIFTY-I.NFO,27/08/2024,09:24:00,51124.1,51118.2,15,51121.8,300,165,2226135
BANKNIFTY-I.NFO,27/08/2024,09:24:02,51112,51111,105,51112.15,300,1290,2226135
BANKNIFTY-I.NFO,27/08/2024,09:24:02,51112,51111,105,51112.15,300,0,2226135
BANKNIFTY-I.NFO,27/08/2024,09:24:03,51111.15,51110.95,75,51111.3,300,1065,2226135
BANKNIFTY-I.NFO,27/08/2024,09:24:03,51110,51110.95,75,51111.3,300,0,2226135
BANKNIFTY-I.NFO,27/08/2024,09:24:05,51105,51104.55,15,51106.4,300,2850,2226135
BANKNIFTY-I.NFO,27/08/2024,09:24:05,51105,51104.55,15,51106.4,300,0,2226135
BANKNIFTY-I.NFO,27/08/2024,09:24:07,51102.2,51102.05,60,51107.2,75,330,2226135
BANKNIFTY-I.NFO,27/08/2024,09:24:07,51102.2,51102.05,60,51107.2,75,0,2226135
BANKNIFTY-I.NFO,27/08/2024,09:24:08,51108.1,51104.8,15,51108.6,150,105,2226135
BANKNIFTY-I.NFO,27/08/2024,09:24:08,51101.35,51104.8,15,51108.6,150,0,2226135
BANKNIFTY-I.NFO,27/08/2024,09:24:10,51106.55,51102.2,75,51104.1,30,345,2226135
BANKNIFTY-I.NFO,27/08/2024,09:24:12,51103.15,51101.1,15,51106,300,150,2226135
BANKNIFTY-I.NFO,27/08/2024,09:24:14,51104.35,51104.3,15,51109.35,150,240,2226135
BANKNIFTY-I.NFO,27/08/2024,09:24:15,51109.55,51104.5,15,51109.5,450,2235,2226135
BANKNIFTY-I.NFO,27/08/2024,09:24:15,51100,51104.5,15,51109.5,450,0,2226135
BANKNIFTY-I.NFO,27/08/2024,09:24:17,51107.3,51106,15,51106.8,75,60,2226135
BANKNIFTY-I.NFO,27/08/2024,09:24:19,51102.2,51102.2,75,51103.9,150,675,2226135
BANKNIFTY-I.NFO,27/08/2024,09:24:20,51101.6,51097.35,45,51101.6,75,2085,2226135
BANKNIFTY-I.NFO,27/08/2024,09:24:20,51094.1,51097.35,45,51101.6,75,0,2226135
BANKNIFTY-I.NFO,27/08/2024,09:24:22,51101.8,51096.25,60,51103.25,225,195,2226135
BANKNIFTY-I.NFO,27/08/2024,09:24:24,51103.75,51100.8,180,51101.45,75,255,2226135
BANKNIFTY-I.NFO,27/08/2024,09:24:25,51105.05,51096.3,45,51104.35,75,465,2226135
BANKNIFTY-I.NFO,27/08/2024,09:24:27,51102.6,51097.35,60,51102.9,150,105,2226135
BANKNIFTY-I.NFO,27/08/2024,09:24:29,51102,51102.05,15,51107.3,15,75,2226135
BANKNIFTY-I.NFO,27/08/2024,09:24:30,51108.95,51105.4,30,51109.8,105,60,2226135
BANKNIFTY-I.NFO,27/08/2024,09:24:32,51103.15,51102.25,60,51105.95,900,135,2226135
BANKNIFTY-I.NFO,27/08/2024,09:24:34,51102.3,51100,180,51100.6,30,330,2226135
BANKNIFTY-I.NFO,27/08/2024,09:24:35,51105.2,51100.6,15,51104.65,150,75,2226135
BANKNIFTY-I.NFO,27/08/2024,09:24:37,51098.4,51098.4,45,51104.2,15,540,2226135
BANKNIFTY-I.NFO,27/08/2024,09:24:39,51105.2,51104.2,15,51105.75,150,225,2246580
BANKNIFTY-I.NFO,27/08/2024,09:24:40,51104.2,51104.2,15,51104.9,300,60,2246580
BANKNIFTY-I.NFO,27/08/2024,09:24:42,51104.2,51100.7,60,51104.2,30,225,2246580
BANKNIFTY-I.NFO,27/08/2024,09:24:44,51105,51105,75,51106.15,15,300,2246580
BANKNIFTY-I.NFO,27/08/2024,09:24:45,51100.3,51104.5,15,51108,75,360,2246580
BANKNIFTY-I.NFO,27/08/2024,09:24:47,51107,51104.5,15,51107,450,90,2246580
BANKNIFTY-I.NFO,27/08/2024,09:24:48,51102.25,51101.25,15,51101.7,75,510,2246580
BANKNIFTY-I.NFO,27/08/2024,09:24:50,51102.25,51100.6,15,51104.05,150,90,2246580
BANKNIFTY-I.NFO,27/08/2024,09:24:52,51100.6,51100.25,15,51100.6,495,660,2246580
BANKNIFTY-I.NFO,27/08/2024,09:24:53,51100.6,51100,195,51100.55,30,540,2246580
BANKNIFTY-I.NFO,27/08/2024,09:24:55,51100.6,51100,255,51100.6,60,555,2246580
BANKNIFTY-I.NFO,27/08/2024,09:24:57,51096.75,51096.75,15,51099.45,300,870,2246580
BANKNIFTY-I.NFO,27/08/2024,09:24:58,51099.25,51095.95,15,51098.7,300,315,2246580
BANKNIFTY-I.NFO,27/08/2024,09:25:00,51097.2,51095.1,30,51097.05,300,1170,2246580
BANKNIFTY-I.NFO,27/08/2024,09:25:02,51087.15,51086.15,15,51086.45,210,885,2246580
BANKNIFTY-I.NFO,27/08/2024,09:25:02,51085.05,51086.15,15,51086.45,210,0,2246580
BANKNIFTY-I.NFO,27/08/2024,09:25:03,51081.6,51080.5,15,51082.05,300,2160,2246580
BANKNIFTY-I.NFO,27/08/2024,09:25:03,51080.1,51080.5,15,51082.05,300,0,2246580
BANKNIFTY-I.NFO,27/08/2024,09:25:05,51076.75,51076.6,15,51081.7,75,2280,2246580
BANKNIFTY-I.NFO,27/08/2024,09:25:05,51071,51076.6,15,51081.7,75,0,2246580
BANKNIFTY-I.NFO,27/08/2024,09:25:07,51081.3,51080,15,51082.45,75,450,2246580
BANKNIFTY-I.NFO,27/08/2024,09:25:08,51084.2,51080,90,51081.8,300,450,2246580
BANKNIFTY-I.NFO,27/08/2024,09:25:08,51070,51080,90,51081.8,300,0,2246580
BANKNIFTY-I.NFO,27/08/2024,09:25:10,51069.15,51068.7,15,51070.65,150,1590,2246580
BANKNIFTY-I.NFO,27/08/2024,09:25:10,51066.15,51068.7,15,51070.65,150,0,2246580
BANKNIFTY-I.NFO,27/08/2024,09:25:12,51067.8,51065.7,15,51066.2,150,840,2246580
BANKNIFTY-I.NFO,27/08/2024,09:25:12,51065,51065.7,15,51066.2,150,0,2246580
BANKNIFTY-I.NFO,27/08/2024,09:25:13,51065.35,51065.45,30,51071.35,60,1980,2246580
BANKNIFTY-I.NFO,27/08/2024,09:25:13,51060,51065.45,30,51071.35,60,0,2246580
BANKNIFTY-I.NFO,27/08/2024,09:25:15,51060,51060,15,51063.7,300,285,2246580
BANKNIFTY-I.NFO,27/08/2024,09:25:17,51060.05,51059.2,15,51063.05,30,915,2246580
BANKNIFTY-I.NFO,27/08/2024,09:25:17,51056.65,51059.2,15,51063.05,30,0,2246580
BANKNIFTY-I.NFO,27/08/2024,09:25:18,51066.9,51065.35,15,51068.55,225,1065,2246580
BANKNIFTY-I.NFO,27/08/2024,09:25:18,51055.55,51065.35,15,51068.55,225,0,2246580
BANKNIFTY-I.NFO,27/08/2024,09:25:20,51071.35,51070.95,15,51071.35,30,945,2246580
BANKNIFTY-I.NFO,27/08/2024,09:25:22,51074,51071.35,15,51074.7,300,825,2246580
BANKNIFTY-I.NFO,27/08/2024,09:25:23,51086.45,51078.15,15,51086.45,150,705,2246580
BANKNIFTY-I.NFO,27/08/2024,09:25:25,51069.15,51063,30,51068.85,150,600,2246580
BANKNIFTY-I.NFO,27/08/2024,09:25:27,51072.25,51070,15,51072.85,150,210,2246580
BANKNIFTY-I.NFO,27/08/2024,09:25:28,51068.95,51062,15,51070,75,435,2246580
BANKNIFTY-I.NFO,27/08/2024,09:25:30,51069.85,51065,135,51069.4,150,585,2246580
BANKNIFTY-I.NFO,27/08/2024,09:25:32,51070.3,51066.55,180,51070.45,150,315,2246580
BANKNIFTY-I.NFO,27/08/2024,09:25:33,51073.9,51070.2,15,51073.6,225,705,2246580
BANKNIFTY-I.NFO,27/08/2024,09:25:35,51075,51070.75,180,51072.75,75,675,2246580
BANKNIFTY-I.NFO,27/08/2024,09:25:37,51075,51066.35,45,51075.85,60,1170,2246580
BANKNIFTY-I.NFO,27/08/2024,09:25:38,51072.15,51065,75,51072.4,450,225,2246580
BANKNIFTY-I.NFO,27/08/2024,09:25:40,51072.45,51070,15,51075,150,300,2246580
BANKNIFTY-I.NFO,27/08/2024,09:25:42,51075.45,51075.45,45,51079.8,150,870,2246580
BANKNIFTY-I.NFO,27/08/2024,09:25:43,51079.75,51076.3,15,51079.75,45,180,2246580
BANKNIFTY-I.NFO,27/08/2024,09:25:45,51084,51079.2,30,51082,60,240,2246580
BANKNIFTY-I.NFO,27/08/2024,09:25:46,51079,51075,555,51078.85,300,60,2246580
BANKNIFTY-I.NFO,27/08/2024,09:25:48,51085.35,51081.15,15,51085.1,150,180,2246580
BANKNIFTY-I.NFO,27/08/2024,09:25:50,51078.85,51080.5,15,51087.25,150,90,2246580
BANKNIFTY-I.NFO,27/08/2024,09:25:51,51088.95,51083.75,15,51088.6,150,90,2246580
BANKNIFTY-I.NFO,27/08/2024,09:25:53,51082,51085.25,15,51089.95,150,240,2246580
BANKNIFTY-I.NFO,27/08/2024,09:25:55,51092.85,51086.4,15,51093,45,90,2246580
BANKNIFTY-I.NFO,27/08/2024,09:25:56,51093.4,51090,525,51094.3,150,975,2246580
BANKNIFTY-I.NFO,27/08/2024,09:25:58,51090.1,51090,210,51091.25,150,465,2246580
BANKNIFTY-I.NFO,27/08/2024,09:26:00,51093.1,51092.9,30,51093.8,15,960,2246580
BANKNIFTY-I.NFO,27/08/2024,09:26:01,51094.1,51095,450,51095.15,15,225,2246580
BANKNIFTY-I.NFO,27/08/2024,09:26:03,51095,51090.9,30,51096.1,150,495,2246580
BANKNIFTY-I.NFO,27/08/2024,09:26:05,51090.9,51090,255,51092,15,495,2246580
BANKNIFTY-I.NFO,27/08/2024,09:26:06,51091.7,51090,240,51092.8,15,90,2246580
BANKNIFTY-I.NFO,27/08/2024,09:26:08,51090,51088,30,51088.15,150,285,2246580
BANKNIFTY-I.NFO,27/08/2024,09:26:10,51082,51082,825,51084.7,75,390,2246580
BANKNIFTY-I.NFO,27/08/2024,09:26:11,51081.9,51081.9,60,51088.55,150,2085,2246580
BANKNIFTY-I.NFO,27/08/2024,09:26:13,51084.05,51084.7,15,51084.75,75,480,2246580
BANKNIFTY-I.NFO,27/08/2024,09:26:15,51088,51082.15,15,51087.65,30,165,2246580
BANKNIFTY-I.NFO,27/08/2024,09:26:16,51090,51088.65,45,51093,15,300,2246580
BANKNIFTY-I.NFO,27/08/2024,09:26:18,51094,51090.85,15,51093.4,300,540,2246580
BANKNIFTY-I.NFO,27/08/2024,09:26:20,51091.8,51087.35,45,51092.3,150,165,2246580
BANKNIFTY-I.NFO,27/08/2024,09:26:21,51091.25,51087,45,51091.6,675,45,2246580
BANKNIFTY-I.NFO,27/08/2024,09:26:23,51087.95,51085.3,15,51089.35,150,210,2246580
BANKNIFTY-I.NFO,27/08/2024,09:26:25,51085.35,51083.8,15,51085.5,150,75,2246580
BANKNIFTY-I.NFO,27/08/2024,09:26:26,51085.35,51081.55,45,51085.75,150,1125,2246580
BANKNIFTY-I.NFO,27/08/2024,09:26:28,51081,51081,15,51082.95,75,150,2246580
BANKNIFTY-I.NFO,27/08/2024,09:26:30,51080.75,51076.75,15,51081.2,60,2175,2246580
BANKNIFTY-I.NFO,27/08/2024,09:26:32,51086.85,51083.15,15,51089.2,300,225,2246580
BANKNIFTY-I.NFO,27/08/2024,09:26:33,51083.55,51083.55,15,51087.1,75,60,2246580
BANKNIFTY-I.NFO,27/08/2024,09:26:35,51081,51078.8,15,51080,45,390,2246580
BANKNIFTY-I.NFO,27/08/2024,09:26:37,51082.8,51081,15,51082.05,60,150,2246580
BANKNIFTY-I.NFO,27/08/2024,09:26:38,51077.95,51076,15,51077.95,300,225,2246580
BANKNIFTY-I.NFO,27/08/2024,09:26:40,51075.35,51072.45,15,51075.4,300,1740,2246580
BANKNIFTY-I.NFO,27/08/2024,09:26:42,51070,51070,30,51073.85,150,195,2246580
BANKNIFTY-I.NFO,27/08/2024,09:26:43,51075,51071.2,60,51076.8,75,210,2246580
BANKNIFTY-I.NFO,27/08/2024,09:26:45,51072.6,51071.2,15,51074.2,450,45,2246580
BANKNIFTY-I.NFO,27/08/2024,09:26:47,51072.45,51069.85,15,51072.45,555,510,2246580
BANKNIFTY-I.NFO,27/08/2024,09:26:48,51072.45,51071.5,15,51072.45,435,165,2246580
BANKNIFTY-I.NFO,27/08/2024,09:26:50,51075.35,51075,30,51075.75,300,570,2246580
BANKNIFTY-I.NFO,27/08/2024,09:26:52,51073.25,51072.45,1380,51075,15,195,2246580
BANKNIFTY-I.NFO,27/08/2024,09:26:53,51076.1,51072.45,1260,51076.65,150,255,2246580
BANKNIFTY-I.NFO,27/08/2024,09:26:55,51076.9,51075,30,51078.35,15,75,2246580
BANKNIFTY-I.NFO,27/08/2024,09:26:57,51076.3,51075,30,51076.3,75,45,2246580
BANKNIFTY-I.NFO,27/08/2024,09:26:58,51069.2,51068.9,15,51069.8,15,2385,2246580
BANKNIFTY-I.NFO,27/08/2024,09:27:00,51068.1,51067.1,15,51070.05,75,465,2246580
BANKNIFTY-I.NFO,27/08/2024,09:27:02,51063.5,51065,15,51068.25,30,750,2246580
BANKNIFTY-I.NFO,27/08/2024,09:27:03,51063.5,51064.95,30,51070,15,45,2246580
BANKNIFTY-I.NFO,27/08/2024,09:27:05,51065,51064,15,51067.8,60,225,2246580
BANKNIFTY-I.NFO,27/08/2024,09:27:07,51067,51061.3,15,51063.5,15,780,2246580
BANKNIFTY-I.NFO,27/08/2024,09:27:08,51070.7,51064.6,15,51070.25,150,210,2246580
BANKNIFTY-I.NFO,27/08/2024,09:27:10,51064.6,51067,15,51070.25,300,15,2246580
BANKNIFTY-I.NFO,27/08/2024,09:27:11,51072.45,51069.6,45,51074,150,30,2246580
BANKNIFTY-I.NFO,27/08/2024,09:27:13,51066,51065,30,51066.5,360,105,2246580
BANKNIFTY-I.NFO,27/08/2024,09:27:15,51059.1,51059.05,60,51059.35,525,1560,2246580
BANKNIFTY-I.NFO,27/08/2024,09:27:16,51059.1,51059.1,30,51059.3,15,405,2246580
BANKNIFTY-I.NFO,27/08/2024,09:27:18,51059.3,51059.3,30,51059.8,150,2220,2246580
BANKNIFTY-I.NFO,27/08/2024,09:27:18,51052.55,51059.3,30,51059.8,150,0,2246580
BANKNIFTY-I.NFO,27/08/2024,09:27:20,51058.2,51055.05,60,51058.25,75,810,2246580
BANKNIFTY-I.NFO,27/08/2024,09:27:21,51058.4,51059.85,30,51064.85,15,10740,2246580
BANKNIFTY-I.NFO,27/08/2024,09:27:23,51060,51060,30,51064.5,300,105,2246580
BANKNIFTY-I.NFO,27/08/2024,09:27:24,51065.05,51059.85,45,51066.55,15,270,2246580
BANKNIFTY-I.NFO,27/08/2024,09:27:26,51064.85,51060,15,51064.85,195,30,2246580
BANKNIFTY-I.NFO,27/08/2024,09:27:28,51058.75,51055,15,51058.35,75,90,2246580
BANKNIFTY-I.NFO,27/08/2024,09:27:29,51059.25,51055.85,30,51059.2,150,585,2246580
BANKNIFTY-I.NFO,27/08/2024,09:27:31,51046.25,51045.55,15,51045.8,150,5010,2246580
BANKNIFTY-I.NFO,27/08/2024,09:27:31,51046.25,51045.55,15,51045.8,150,0,2246580
BANKNIFTY-I.NFO,27/08/2024,09:27:33,51045.75,51045.75,30,51048.95,120,1245,2246580
BANKNIFTY-I.NFO,27/08/2024,09:27:33,51042.75,51045.75,30,51048.95,120,0,2246580
BANKNIFTY-I.NFO,27/08/2024,09:27:34,51047.95,51044.85,15,51045.4,75,990,2246580
BANKNIFTY-I.NFO,27/08/2024,09:27:36,51043.8,51043.8,15,51045.65,150,1530,2246580
BANKNIFTY-I.NFO,27/08/2024,09:27:36,51040,51043.8,15,51045.65,150,0,2246580
BANKNIFTY-I.NFO,27/08/2024,09:27:38,51032.9,51028.95,15,51032.8,75,4065,2246580
BANKNIFTY-I.NFO,27/08/2024,09:27:38,51026.05,51028.95,15,51032.8,75,0,2246580
BANKNIFTY-I.NFO,27/08/2024,09:27:39,51033.05,51033,60,51038.95,300,645,2291880
BANKNIFTY-I.NFO,27/08/2024,09:27:41,51032.95,51027.3,60,51034.35,30,315,2291880
BANKNIFTY-I.NFO,27/08/2024,09:27:43,51028.6,51022.7,60,51028.65,225,2835,2291880
BANKNIFTY-I.NFO,27/08/2024,09:27:43,51020,51022.7,60,51028.65,225,0,2291880
BANKNIFTY-I.NFO,27/08/2024,09:27:44,51032.35,51026.85,60,51032.4,855,330,2291880
BANKNIFTY-I.NFO,27/08/2024,09:27:46,51029.5,51029.45,15,51034.3,60,240,2291880
BANKNIFTY-I.NFO,27/08/2024,09:27:48,51026.5,51025,705,51029.9,300,285,2291880
BANKNIFTY-I.NFO,27/08/2024,09:27:49,51031.85,51025.1,60,51032.6,60,1320,2291880
BANKNIFTY-I.NFO,27/08/2024,09:27:51,51026.55,51020.2,30,51026.65,60,615,2291880
BANKNIFTY-I.NFO,27/08/2024,09:27:53,51031,51030,150,51030.6,30,285,2291880
BANKNIFTY-I.NFO,27/08/2024,09:27:54,51025.05,51020,1005,51025.4,60,405,2291880
BANKNIFTY-I.NFO,27/08/2024,09:27:56,51030.2,51027.55,15,51029.95,30,315,2291880
BANKNIFTY-I.NFO,27/08/2024,09:27:58,51028.45,51025,30,51027.65,225,540,2291880
BANKNIFTY-I.NFO,27/08/2024,09:27:59,51027.6,51021.45,15,51028.5,60,870,2291880
BANKNIFTY-I.NFO,27/08/2024,09:28:01,51021,51020,900,51026,60,375,2291880
BANKNIFTY-I.NFO,27/08/2024,09:28:03,51021,51024.95,30,51029.95,75,1770,2291880
BANKNIFTY-I.NFO,27/08/2024,09:28:04,51029,51033.55,15,51035.95,60,600,2291880
BANKNIFTY-I.NFO,27/08/2024,09:28:06,51033.6,51030,15,51033.35,225,240,2291880
BANKNIFTY-I.NFO,27/08/2024,09:28:08,51029.7,51025,30,51029.4,150,180,2291880
BANKNIFTY-I.NFO,27/08/2024,09:28:09,51025.6,51024.95,15,51026.25,75,165,2291880
BANKNIFTY-I.NFO,27/08/2024,09:28:11,51025,51025,15,51025.1,150,180,2291880
BANKNIFTY-I.NFO,27/08/2024,09:28:13,51027.25,51027.2,30,51032.7,90,255,2291880
BANKNIFTY-I.NFO,27/08/2024,09:28:14,51034.1,51027.55,30,51034.1,60,540,2291880
BANKNIFTY-I.NFO,27/08/2024,09:28:16,51028.3,51028.25,75,51035,150,300,2291880
BANKNIFTY-I.NFO,27/08/2024,09:28:17,51027.1,51028.8,15,51035,135,540,2291880
BANKNIFTY-I.NFO,27/08/2024,09:28:19,51034.25,51028.3,15,51035,30,795,2291880
BANKNIFTY-I.NFO,27/08/2024,09:28:21,51034.55,51028.35,15,51032.7,30,165,2291880
BANKNIFTY-I.NFO,27/08/2024,09:28:22,51030.2,51028.3,15,51030.1,150,120,2291880
BANKNIFTY-I.NFO,27/08/2024,09:28:24,51032.15,51030.45,15,51033.05,75,150,2291880
BANKNIFTY-I.NFO,27/08/2024,09:28:26,51033.85,51030.45,15,51033.15,75,75,2291880
BANKNIFTY-I.NFO,27/08/2024,09:28:27,51030.4,51028.05,15,51030.7,75,105,2291880
BANKNIFTY-I.NFO,27/08/2024,09:28:29,51027,51025,135,51027,75,990,2291880
BANKNIFTY-I.NFO,27/08/2024,09:28:31,51025,51022,15,51025.65,75,870,2291880
BANKNIFTY-I.NFO,27/08/2024,09:28:32,51023,51023,15,51023.9,90,60,2291880
BANKNIFTY-I.NFO,27/08/2024,09:28:34,51025.1,51024,45,51024.5,240,870,2291880
BANKNIFTY-I.NFO,27/08/2024,09:28:36,51024.45,51020,285,51024.2,75,420,2291880
BANKNIFTY-I.NFO,27/08/2024,09:28:37,51023.7,51024.25,15,51025.25,15,180,2291880
BANKNIFTY-I.NFO,27/08/2024,09:28:39,51027.75,51021.65,45,51027.75,450,135,2291880
BANKNIFTY-I.NFO,27/08/2024,09:28:41,51025,51022.3,30,51028.85,300,45,2291880
BANKNIFTY-I.NFO,27/08/2024,09:28:42,51027.1,51022.2,15,51027.1,15,135,2291880
BANKNIFTY-I.NFO,27/08/2024,09:28:44,51026.8,51022.2,30,51025.15,120,45,2291880
BANKNIFTY-I.NFO,27/08/2024,09:28:46,51025.45,51022.3,30,51025.45,105,195,2291880
BANKNIFTY-I.NFO,27/08/2024,09:28:47,51020,51020,210,51022.1,45,1080,2291880
BANKNIFTY-I.NFO,27/08/2024,09:28:49,51020,51020.8,60,51025,225,255,2291880
BANKNIFTY-I.NFO,27/08/2024,09:28:51,51030,51030.05,75,51035,90,690,2291880
BANKNIFTY-I.NFO,27/08/2024,09:28:52,51035,51035,90,51037.55,225,240,2291880
BANKNIFTY-I.NFO,27/08/2024,09:28:54,51030,51030,165,51033.6,345,915,2291880
BANKNIFTY-I.NFO,27/08/2024,09:28:56,51030,51030,75,51033.6,15,120,2291880
BANKNIFTY-I.NFO,27/08/2024,09:28:58,51030.05,51030,60,51030.7,15,45,2291880
BANKNIFTY-I.NFO,27/08/2024,09:28:59,51030,51027,150,51029.05,60,195,2291880
BANKNIFTY-I.NFO,27/08/2024,09:29:01,51017.25,51015.15,15,51017.25,75,1140,2291880
BANKNIFTY-I.NFO,27/08/2024,09:29:01,51016.75,51015.15,15,51017.25,75,0,2291880
BANKNIFTY-I.NFO,27/08/2024,09:29:03,51014.85,51014.85,15,51017.2,15,495,2291880
BANKNIFTY-I.NFO,27/08/2024,09:29:03,51014.35,51014.85,15,51017.2,15,0,2291880
BANKNIFTY-I.NFO,27/08/2024,09:29:04,51018.6,51017.15,75,51018.3,15,270,2291880
BANKNIFTY-I.NFO,27/08/2024,09:29:04,51013.35,51017.15,75,51018.3,15,0,2291880
BANKNIFTY-I.NFO,27/08/2024,09:29:06,51018.45,51012.65,15,51017.45,60,330,2291880
BANKNIFTY-I.NFO,27/08/2024,09:29:07,51018.5,51018,15,51023.15,135,360,2291880
BANKNIFTY-I.NFO,27/08/2024,09:29:07,51012.15,51018,15,51023.15,135,0,2291880
BANKNIFTY-I.NFO,27/08/2024,09:29:09,51019.65,51017.5,45,51020.35,15,150,2291880
BANKNIFTY-I.NFO,27/08/2024,09:29:11,51017.65,51017.55,15,51018.6,45,1515,2291880
BANKNIFTY-I.NFO,27/08/2024,09:29:11,51009.85,51017.55,15,51018.6,45,0,2291880
BANKNIFTY-I.NFO,27/08/2024,09:29:12,51017,51015.35,15,51017.2,60,330,2291880
BANKNIFTY-I.NFO,27/08/2024,09:29:14,51023,51021.9,15,51026,75,555,2291880
BANKNIFTY-I.NFO,27/08/2024,09:29:16,51021.9,51018.7,15,51021.6,60,495,2291880
BANKNIFTY-I.NFO,27/08/2024,09:29:17,51015.1,51017.8,45,51018.95,15,135,2291880
BANKNIFTY-I.NFO,27/08/2024,09:29:19,51015.05,51018.35,30,51026.8,150,540,2291880
BANKNIFTY-I.NFO,27/08/2024,09:29:21,51029.2,51024.1,795,51029.25,300,180,2291880
BANKNIFTY-I.NFO,27/08/2024,09:29:22,51028.85,51024.1,780,51027.85,225,330,2291880
BANKNIFTY-I.NFO,27/08/2024,09:29:24,51024.1,51024.1,570,51027.7,15,300,2291880
BANKNIFTY-I.NFO,27/08/2024,09:29:25,51024.1,51024.1,345,51025.45,300,240,2291880
BANKNIFTY-I.NFO,27/08/2024,09:29:27,51015,51016.1,15,51018.95,15,1320,2291880
BANKNIFTY-I.NFO,27/08/2024,09:29:29,51016.25,51012.5,15,51017.3,105,870,2291880
BANKNIFTY-I.NFO,27/08/2024,09:29:29,51009,51012.5,15,51017.3,105,0,2291880
BANKNIFTY-I.NFO,27/08/2024,09:29:30,51016.95,51013.75,15,51016.8,300,60,2291880
BANKNIFTY-I.NFO,27/08/2024,09:29:32,51017.85,51016.5,15,51018,510,285,2291880
BANKNIFTY-I.NFO,27/08/2024,09:29:34,51018.15,51016.7,15,51021.55,900,315,2291880
BANKNIFTY-I.NFO,27/08/2024,09:29:35,51021.45,51020,15,51020.75,150,810,2291880
BANKNIFTY-I.NFO,27/08/2024,09:29:37,51021.3,51020.1,15,51021.8,600,165,2291880
BANKNIFTY-I.NFO,27/08/2024,09:29:38,51020.35,51016.4,15,51021.6,15,1770,2291880
BANKNIFTY-I.NFO,27/08/2024,09:29:40,51017.45,51015,15,51016.55,15,195,2291880
BANKNIFTY-I.NFO,27/08/2024,09:29:42,51025.8,51021.6,75,51023.45,75,630,2291880
BANKNIFTY-I.NFO,27/08/2024,09:29:43,51020.4,51017.4,15,51019.45,900,435,2291880
BANKNIFTY-I.NFO,27/08/2024,09:29:45,51019.7,51016.5,15,51019,180,555,2291880
BANKNIFTY-I.NFO,27/08/2024,09:29:47,51011,51012.45,15,51018.65,15,135,2291880
BANKNIFTY-I.NFO,27/08/2024,09:29:48,51018.95,51017.45,15,51020,15,315,2291880
BANKNIFTY-I.NFO,27/08/2024,09:29:50,51015,51015,15,51018.95,435,165,2291880
BANKNIFTY-I.NFO,27/08/2024,09:29:52,51016.4,51014.75,15,51016.4,330,555,2291880
BANKNIFTY-I.NFO,27/08/2024,09:29:53,51016.4,51015,45,51016.4,210,225,2291880
BANKNIFTY-I.NFO,27/08/2024,09:29:55,51016.4,51016.3,15,51016.4,165,45,2291880
BANKNIFTY-I.NFO,27/08/2024,09:29:57,51026.65,51024.9,30,51026.65,45,780,2291880
BANKNIFTY-I.NFO,27/08/2024,09:29:58,51018.2,51018.2,30,51024.9,15,210,2291880
BANKNIFTY-I.NFO,27/08/2024,09:30:00,51026.65,51016.4,105,51023.5,60,1515,2291880
BANKNIFTY-I.NFO,27/08/2024,09:30:01,51016.85,51011.6,15,51017.9,60,1260,2291880
BANKNIFTY-I.NFO,27/08/2024,09:30:01,51005.25,51011.6,15,51017.9,60,0,2291880
BANKNIFTY-I.NFO,27/08/2024,09:30:03,51012.95,51015,15,51020.25,60,1755,2291880
BANKNIFTY-I.NFO,27/08/2024,09:30:05,51019.8,51018.2,120,51021.5,60,960,2291880
BANKNIFTY-I.NFO,27/08/2024,09:30:06,51025.45,51024.45,15,51026.5,60,1020,2291880
BANKNIFTY-I.NFO,27/08/2024,09:30:08,51018.85,51017.55,15,51025.35,45,435,2291880
BANKNIFTY-I.NFO,27/08/2024,09:30:10,51026.9,51019.45,15,51026.4,195,225,2291880
BANKNIFTY-I.NFO,27/08/2024,09:30:11,51019.45,51020.5,15,51024.1,15,15,2291880
BANKNIFTY-I.NFO,27/08/2024,09:30:13,51024,51019,15,51024.65,60,630,2291880
BANKNIFTY-I.NFO,27/08/2024,09:30:14,51028,51028,30,51030,1035,270,2291880
BANKNIFTY-I.NFO,27/08/2024,09:30:16,51035,51035.3,15,51043.8,60,1620,2291880
BANKNIFTY-I.NFO,27/08/2024,09:30:18,51037.4,51033.85,15,51042.45,15,990,2291880
BANKNIFTY-I.NFO,27/08/2024,09:30:19,51035.3,51034.6,60,51043.55,30,1005,2291880
BANKNIFTY-I.NFO,27/08/2024,09:30:21,51041.25,51031.65,15,51040.45,15,165,2291880
BANKNIFTY-I.NFO,27/08/2024,09:30:23,51026.45,51025,15,51030.95,30,795,2291880
BANKNIFTY-I.NFO,27/08/2024,09:30:24,51020.2,51018.7,15,51027.1,30,735,2291880
BANKNIFTY-I.NFO,27/08/2024,09:30:26,51019.5,51016.5,15,51019.5,15,600,2291880
BANKNIFTY-I.NFO,27/08/2024,09:30:28,51023.25,51018,15,51023.55,15,765,2291880
BANKNIFTY-I.NFO,27/08/2024,09:30:29,51027.9,51027.9,165,51029.1,75,315,2291880
BANKNIFTY-I.NFO,27/08/2024,09:30:31,51019.5,51022.95,15,51027.6,15,495,2291880
BANKNIFTY-I.NFO,27/08/2024,09:30:32,51021.25,51022.4,15,51026.45,240,630,2291880
BANKNIFTY-I.NFO,27/08/2024,09:30:34,51034,51027.9,15,51036.1,150,255,2291880
BANKNIFTY-I.NFO,27/08/2024,09:30:36,51029.85,51026.75,15,51034.95,15,60,2291880
BANKNIFTY-I.NFO,27/08/2024,09:30:37,51034.45,51030,15,51033.75,225,1140,2291880
BANKNIFTY-I.NFO,27/08/2024,09:30:39,51034.45,51030,15,51033.65,225,0,2291880
BANKNIFTY-I.NFO,27/08/2024,09:30:41,51033.7,51033.6,15,51033.7,30,195,2308710
BANKNIFTY-I.NFO,27/08/2024,09:30:42,51034.95,51034.15,60,51042.45,135,75,2308710
BANKNIFTY-I.NFO,27/08/2024,09:30:44,51037.3,51035.8,15,51041,135,30,2308710
BANKNIFTY-I.NFO,27/08/2024,09:30:46,51040.65,51038.1,60,51041,60,135,2308710
BANKNIFTY-I.NFO,27/08/2024,09:30:47,51041.3,51040,15,51041.25,225,60,2308710
BANKNIFTY-I.NFO,27/08/2024,09:30:49,51043.05,51041,285,51042.6,225,510,2308710
BANKNIFTY-I.NFO,27/08/2024,09:30:51,51043,51041.25,15,51042.45,15,540,2308710
BANKNIFTY-I.NFO,27/08/2024,09:30:52,51038.55,51037.3,15,51039.9,60,225,2308710
BANKNIFTY-I.NFO,27/08/2024,09:30:54,51038.75,51039,15,51039.85,30,75,2308710
BANKNIFTY-I.NFO,27/08/2024,09:30:56,51041.7,51036.1,15,51040.65,210,1875,2308710
BANKNIFTY-I.NFO,27/08/2024,09:30:57,51038.75,51035.45,15,51038.2,75,825,2308710
BANKNIFTY-I.NFO,27/08/2024,09:30:59,51035,51033.9,75,51035,870,60,2308710
BANKNIFTY-I.NFO,27/08/2024,09:31:01,51033.9,51034.65,15,51036.95,15,1140,2308710
BANKNIFTY-I.NFO,27/08/2024,09:31:02,51038.65,51033.7,15,51037,30,1185,2308710
BANKNIFTY-I.NFO,27/08/2024,09:31:04,51028.75,51026.45,15,51030.55,45,1425,2308710
BANKNIFTY-I.NFO,27/08/2024,09:31:06,51028.75,51026.45,15,51028.75,30,1425,2308710
BANKNIFTY-I.NFO,27/08/2024,09:31:07,51026.45,51022.35,15,51026.75,120,750,2308710
BANKNIFTY-I.NFO,27/08/2024,09:31:09,51025.05,51021.55,60,51025.05,45,225,2308710
BANKNIFTY-I.NFO,27/08/2024,09:31:11,51025.4,51026.45,15,51030.5,15,195,2308710
BANKNIFTY-I.NFO,27/08/2024,09:31:12,51027.95,51026,15,51028.65,15,1665,2308710
BANKNIFTY-I.NFO,27/08/2024,09:31:14,51028,51026.45,30,51030.8,225,30,2308710
BANKNIFTY-I.NFO,27/08/2024,09:31:16,51028.65,51025,2160,51028.8,60,225,2308710
BANKNIFTY-I.NFO,27/08/2024,09:31:17,51025,51025,1995,51028.5,60,270,2308710
BANKNIFTY-I.NFO,27/08/2024,09:31:19,51025,51025,1455,51026.75,225,825,2308710
BANKNIFTY-I.NFO,27/08/2024,09:31:21,51028.65,51025,1350,51028,225,180,2308710
BANKNIFTY-I.NFO,27/08/2024,09:31:22,51025.4,51025.05,90,51028.15,150,45,2308710
BANKNIFTY-I.NFO,27/08/2024,09:31:24,51025.1,51021.5,15,51025.15,1305,1695,2308710
BANKNIFTY-I.NFO,27/08/2024,09:31:26,51019.25,51016.6,15,51018.95,75,315,2308710
BANKNIFTY-I.NFO,27/08/2024,09:31:27,51010.85,51003.95,15,51011.4,165,6645,2308710
BANKNIFTY-I.NFO,27/08/2024,09:31:27,50998.9,51003.95,15,51011.4,165,0,2308710
BANKNIFTY-I.NFO,27/08/2024,09:31:29,50999.05,50995,45,51005.9,30,2025,2308710
BANKNIFTY-I.NFO,27/08/2024,09:31:29,50992.2,50995,45,51005.9,30,0,2308710
BANKNIFTY-I.NFO,27/08/2024,09:31:30,50997.55,50998,15,51007.35,90,1110,2308710
BANKNIFTY-I.NFO,27/08/2024,09:31:30,50988.8,50998,15,51007.35,90,0,2308710
BANKNIFTY-I.NFO,27/08/2024,09:31:32,50988.7,50996.65,15,50999.35,15,1815,2308710
BANKNIFTY-I.NFO,27/08/2024,09:31:32,50986.6,50996.65,15,50999.35,15,0,2308710
BANKNIFTY-I.NFO,27/08/2024,09:31:34,50998,50996.6,15,50998,45,360,2308710
BANKNIFTY-I.NFO,27/08/2024,09:31:35,50996.55,50996.55,15,51003.55,60,960,2308710
BANKNIFTY-I.NFO,27/08/2024,09:31:37,50994.35,50996.6,15,51000,210,195,2308710
BANKNIFTY-I.NFO,27/08/2024,09:31:39,50990,50988.6,15,50991.9,30,5670,2308710
BANKNIFTY-I.NFO,27/08/2024,09:31:39,50980.6,50988.6,15,50991.9,30,0,2308710
BANKNIFTY-I.NFO,27/08/2024,09:31:40,50992.35,50991.4,15,50993.85,60,300,2308710
BANKNIFTY-I.NFO,27/08/2024,09:31:42,50989.75,50986.5,15,50992.4,60,570,2308710
BANKNIFTY-I.NFO,27/08/2024,09:31:44,50995.85,50989.8,15,50996.5,60,1035,2308710
BANKNIFTY-I.NFO,27/08/2024,09:31:45,50992.3,50991.3,15,50993.85,45,465,2308710
BANKNIFTY-I.NFO,27/08/2024,09:31:47,50989.75,50991.15,15,50996,105,450,2308710
BANKNIFTY-I.NFO,27/08/2024,09:31:49,50995,50991.55,15,50996,90,150,2308710
BANKNIFTY-I.NFO,27/08/2024,09:31:50,50993.85,50988.6,15,50993.85,300,150,2308710
BANKNIFTY-I.NFO,27/08/2024,09:31:52,50996,50996,15,50998.25,120,1440,2308710
BANKNIFTY-I.NFO,27/08/2024,09:31:53,50996,50992.3,15,50995.95,45,165,2308710
BANKNIFTY-I.NFO,27/08/2024,09:31:55,50989.7,50983,15,50990.7,60,675,2308710
BANKNIFTY-I.NFO,27/08/2024,09:31:55,50979.55,50983,15,50990.7,60,0,2308710
BANKNIFTY-I.NFO,27/08/2024,09:31:57,50995.8,50987.7,15,50995.4,60,120,2308710
BANKNIFTY-I.NFO,27/08/2024,09:31:58,50980.15,50980.15,30,50988.4,45,330,2308710
BANKNIFTY-I.NFO,27/08/2024,09:32:00,50988.8,50986.6,15,50989.6,135,315,2308710
BANKNIFTY-I.NFO,27/08/2024,09:32:02,50983.4,50984.75,15,50991.45,60,585,2308710
BANKNIFTY-I.NFO,27/08/2024,09:32:02,50977.65,50984.75,15,50991.45,60,0,2308710
BANKNIFTY-I.NFO,27/08/2024,09:32:03,50990,50985.15,15,50990,645,375,2308710
BANKNIFTY-I.NFO,27/08/2024,09:32:05,50989.6,50989.15,15,50989.6,30,1125,2308710
BANKNIFTY-I.NFO,27/08/2024,09:32:07,50989.15,50989.15,15,50989.65,15,75,2308710
BANKNIFTY-I.NFO,27/08/2024,09:32:08,50988.2,50989.65,30,50991.35,60,735,2308710
BANKNIFTY-I.NFO,27/08/2024,09:32:10,50988.15,50985.35,15,50987.55,225,690,2308710
BANKNIFTY-I.NFO,27/08/2024,09:32:12,50991.95,50989.15,105,50992.35,135,225,2308710
BANKNIFTY-I.NFO,27/08/2024,09:32:13,50990.2,50989.15,60,50993.55,600,285,2308710
BANKNIFTY-I.NFO,27/08/2024,09:32:15,50992.9,50992.85,15,50997.55,150,345,2308710
BANKNIFTY-I.NFO,27/08/2024,09:32:17,50998,50993.55,30,50997.95,30,255,2308710
BANKNIFTY-I.NFO,27/08/2024,09:32:18,50990.95,50994.5,15,50999.45,45,90,2308710
BANKNIFTY-I.NFO,27/08/2024,09:32:20,51000,50999.4,15,51000,180,630,2308710
BANKNIFTY-I.NFO,27/08/2024,09:32:22,50995.55,50995.95,15,50999.3,15,165,2308710
BANKNIFTY-I.NFO,27/08/2024,09:32:23,50990.3,50994.6,15,50998.9,15,270,2308710
BANKNIFTY-I.NFO,27/08/2024,09:32:25,50997.2,50992.1,15,50994.15,225,945,2308710
BANKNIFTY-I.NFO,27/08/2024,09:32:27,50992.8,50992.35,15,50997.05,60,270,2308710
BANKNIFTY-I.NFO,27/08/2024,09:32:28,50994.8,50996.3,15,50998.85,60,30,2308710
BANKNIFTY-I.NFO,27/08/2024,09:32:30,50993.15,50990.65,15,50993.2,135,195,2308710
BANKNIFTY-I.NFO,27/08/2024,09:32:32,50995.2,50990.3,15,50996.1,180,45,2308710
BANKNIFTY-I.NFO,27/08/2024,09:32:33,50994.8,50993.15,15,50995,15,210,2308710
BANKNIFTY-I.NFO,27/08/2024,09:32:35,50995,50992.5,15,50997.05,150,45,2308710
BANKNIFTY-I.NFO,27/08/2024,09:32:37,50995.2,50993,15,50994.85,225,105,2308710
BANKNIFTY-I.NFO,27/08/2024,09:32:38,50993.85,50990,30,50994.1,15,90,2308710
BANKNIFTY-I.NFO,27/08/2024,09:32:40,50992.1,50992.1,15,50993.2,165,525,2308710
BANKNIFTY-I.NFO,27/08/2024,09:32:42,50991.5,50988,30,50990.95,225,90,2308710
BANKNIFTY-I.NFO,27/08/2024,09:32:43,50989,50988.3,15,50992.9,225,45,2308710
BANKNIFTY-I.NFO,27/08/2024,09:32:45,50993.65,50989.3,15,50994,60,225,2308710
BANKNIFTY-I.NFO,27/08/2024,09:32:47,50989.1,50988.75,15,50989.1,75,375,2308710
BANKNIFTY-I.NFO,27/08/2024,09:32:48,50997.95,50993,15,50997.8,225,510,2308710
BANKNIFTY-I.NFO,27/08/2024,09:32:50,50998.45,50993.85,15,50998.45,45,330,2308710
BANKNIFTY-I.NFO,27/08/2024,09:32:52,50998.45,50997.55,15,51000,1020,90,2308710
BANKNIFTY-I.NFO,27/08/2024,09:32:53,50998.45,50997.8,15,51000,720,330,2308710
BANKNIFTY-I.NFO,27/08/2024,09:32:55,51003.25,51003.25,15,51008.9,15,810,2308710
BANKNIFTY-I.NFO,27/08/2024,09:32:57,51003.3,51003.35,45,51009.9,210,495,2308710
BANKNIFTY-I.NFO,27/08/2024,09:32:58,51004.9,50999.9,15,51004.75,60,210,2308710
BANKNIFTY-I.NFO,27/08/2024,09:33:00,51008.1,51000.85,15,51007.45,180,105,2308710
BANKNIFTY-I.NFO,27/08/2024,09:33:02,51009,51007.45,15,51009,90,30,2308710
BANKNIFTY-I.NFO,27/08/2024,09:33:03,51009,51007.45,15,51010,45,195,2308710
BANKNIFTY-I.NFO,27/08/2024,09:33:05,51014,51013.8,15,51014.3,135,75,2308710
BANKNIFTY-I.NFO,27/08/2024,09:33:07,51016.85,51011.55,15,51018.1,525,75,2308710
BANKNIFTY-I.NFO,27/08/2024,09:33:08,51009.6,51008.1,15,51009.75,150,255,2308710
BANKNIFTY-I.NFO,27/08/2024,09:33:10,51009.6,51008.1,15,51013.75,15,0,2308710
BANKNIFTY-I.NFO,27/08/2024,09:33:12,51012.45,51011.95,15,51015.35,285,45,2308710
BANKNIFTY-I.NFO,27/08/2024,09:33:14,51011.95,51009.75,75,51012.1,180,90,2308710
BANKNIFTY-I.NFO,27/08/2024,09:33:15,51012.45,51009.75,75,51012.7,225,45,2308710
BANKNIFTY-I.NFO,27/08/2024,09:33:17,51011.75,51010.15,15,51011.9,15,150,2308710
BANKNIFTY-I.NFO,27/08/2024,09:33:18,51009.75,51009.75,60,51011.85,135,30,2308710
BANKNIFTY-I.NFO,27/08/2024,09:33:20,51014,51009.75,60,51014,225,150,2308710
BANKNIFTY-I.NFO,27/08/2024,09:33:22,51012.45,51009.75,60,51014.25,315,330,2308710
BANKNIFTY-I.NFO,27/08/2024,09:33:23,51011.6,51009.75,60,51010.9,300,120,2308710
BANKNIFTY-I.NFO,27/08/2024,09:33:25,51012.45,51009.75,75,51012.45,45,30,2308710
BANKNIFTY-I.NFO,27/08/2024,09:33:27,51013,51011.95,15,51012.45,15,105,2308710
BANKNIFTY-I.NFO,27/08/2024,09:33:28,51014.4,51009.95,15,51015,135,90,2308710
BANKNIFTY-I.NFO,27/08/2024,09:33:30,51015,51010.9,15,51012.35,150,15,2308710
BANKNIFTY-I.NFO,27/08/2024,09:33:32,51007.35,51006,15,51007.4,60,555,2308710
BANKNIFTY-I.NFO,27/08/2024,09:33:33,51003.4,51000.65,15,51006.7,15,345,2308710
BANKNIFTY-I.NFO,27/08/2024,09:33:35,51003.8,51000,30,51003.35,15,150,2308710
BANKNIFTY-I.NFO,27/08/2024,09:33:37,51002,51002,15,51002.75,300,315,2308710
BANKNIFTY-I.NFO,27/08/2024,09:33:38,51000.05,50998.05,15,51000.65,15,450,2308710
BANKNIFTY-I.NFO,27/08/2024,09:33:40,51001.05,50997.4,15,51001.85,60,210,2325165
BANKNIFTY-I.NFO,27/08/2024,09:33:42,51002.8,51001.85,60,51002.75,555,330,2325165
BANKNIFTY-I.NFO,27/08/2024,09:33:43,51001.8,50998.05,15,51001.45,30,195,2325165
BANKNIFTY-I.NFO,27/08/2024,09:33:45,51000.95,51000,300,51002.1,30,105,2325165
BANKNIFTY-I.NFO,27/08/2024,09:33:47,50999.3,51000.7,15,51001.8,15,585,2325165
BANKNIFTY-I.NFO,27/08/2024,09:33:48,51009.05,51003.4,15,51010,15,270,2325165
BANKNIFTY-I.NFO,27/08/2024,09:33:50,51018,51014.3,30,51018,15,105,2325165
BANKNIFTY-I.NFO,27/08/2024,09:33:52,51026,51021.7,15,51026.65,180,330,2325165
BANKNIFTY-I.NFO,27/08/2024,09:33:53,51020.05,51021.6,15,51025.35,15,105,2325165
BANKNIFTY-I.NFO,27/08/2024,09:33:55,51024.45,51021.5,15,51025.4,15,30,2325165
BANKNIFTY-I.NFO,27/08/2024,09:33:57,51021.9,51023.85,15,51026.3,15,15,2325165
BANKNIFTY-I.NFO,27/08/2024,09:33:58,51036.75,51032.5,30,51036.75,15,90,2325165
BANKNIFTY-I.NFO,27/08/2024,09:34:00,51038.2,51032.55,15,51037.65,90,600,2325165
BANKNIFTY-I.NFO,27/08/2024,09:34:02,51033.25,51028.95,15,51032.55,15,735,2325165
BANKNIFTY-I.NFO,27/08/2024,09:34:03,51028,51028,405,51031.15,135,240,2325165
BANKNIFTY-I.NFO,27/08/2024,09:34:05,51031.1,51032.6,15,51035.5,15,150,2325165
BANKNIFTY-I.NFO,27/08/2024,09:34:07,51025.95,51024.25,15,51025.95,135,480,2325165
BANKNIFTY-I.NFO,27/08/2024,09:34:08,51019.75,51016.7,15,51019.95,345,780,2325165
BANKNIFTY-I.NFO,27/08/2024,09:34:10,51019.25,51016.65,15,51019.85,150,135,2325165
BANKNIFTY-I.NFO,27/08/2024,09:34:11,51020.95,51017.9,15,51020.1,60,105,2325165
BANKNIFTY-I.NFO,27/08/2024,09:34:13,51019.8,51018.35,15,51019.7,75,210,2325165
BANKNIFTY-I.NFO,27/08/2024,09:34:15,51022.85,51021.2,15,51024.45,195,795,2325165
BANKNIFTY-I.NFO,27/08/2024,09:34:16,51020.25,51018.1,15,51021.8,300,60,2325165
BANKNIFTY-I.NFO,27/08/2024,09:34:18,51021.4,51018.05,15,51020.2,60,45,2325165
BANKNIFTY-I.NFO,27/08/2024,09:34:20,51019.85,51015.85,15,51020.25,15,60,2325165
BANKNIFTY-I.NFO,27/08/2024,09:34:21,51022.7,51020.2,15,51023.95,120,135,2325165
BANKNIFTY-I.NFO,27/08/2024,09:34:23,51024.4,51022.35,15,51024.45,45,45,2325165
BANKNIFTY-I.NFO,27/08/2024,09:34:25,51024.45,51024.35,15,51025,45,210,2325165
BANKNIFTY-I.NFO,27/08/2024,09:34:26,51025.55,51025.1,15,51030,300,75,2325165
BANKNIFTY-I.NFO,27/08/2024,09:34:28,51030,51026.95,15,51030,225,120,2325165
BANKNIFTY-I.NFO,27/08/2024,09:34:30,51029.25,51026.95,30,51030,180,75,2325165
BANKNIFTY-I.NFO,27/08/2024,09:34:31,51026.95,51026.95,15,51029.15,150,105,2325165
BANKNIFTY-I.NFO,27/08/2024,09:34:33,51028.9,51026.95,15,51029,60,75,2325165
BANKNIFTY-I.NFO,27/08/2024,09:34:35,51025.3,51024.4,15,51025.5,300,570,2325165
BANKNIFTY-I.NFO,27/08/2024,09:34:36,51022.4,51021.4,15,51021.8,180,255,2325165
BANKNIFTY-I.NFO,27/08/2024,09:34:38,51021.85,51017.4,15,51021.7,60,360,2325165
BANKNIFTY-I.NFO,27/08/2024,09:34:40,51016.45,51016.45,15,51016.9,180,1245,2325165
BANKNIFTY-I.NFO,27/08/2024,09:34:41,51014.85,51012.7,60,51014.9,150,585,2325165
BANKNIFTY-I.NFO,27/08/2024,09:34:43,51011.9,51010.25,15,51011.8,90,105,2325165
BANKNIFTY-I.NFO,27/08/2024,09:34:44,51009.3,51005.15,45,51008.15,300,435,2325165
BANKNIFTY-I.NFO,27/08/2024,09:34:46,51007.4,51006.5,15,51007.85,90,75,2325165
BANKNIFTY-I.NFO,27/08/2024,09:34:48,51002.8,51001.55,15,51005.4,15,255,2325165
BANKNIFTY-I.NFO,27/08/2024,09:34:49,51001.1,51000,165,51001.45,225,600,2325165
BANKNIFTY-I.NFO,27/08/2024,09:34:51,51000.1,50998.55,15,51000.35,15,615,2325165
BANKNIFTY-I.NFO,27/08/2024,09:34:53,51001.7,50998.3,15,51004.6,300,630,2325165
BANKNIFTY-I.NFO,27/08/2024,09:34:54,50998.55,50998.05,15,51000,30,510,2325165
BANKNIFTY-I.NFO,27/08/2024,09:34:56,51000,51001.6,15,51005.4,150,105,2325165
BANKNIFTY-I.NFO,27/08/2024,09:34:57,50997.55,50997.55,15,51001.3,75,1080,2325165
BANKNIFTY-I.NFO,27/08/2024,09:34:59,50997.2,50994.5,15,50998.4,60,660,2325165
BANKNIFTY-I.NFO,27/08/2024,09:35:01,50996.6,50994.5,15,50998.6,60,405,2325165
BANKNIFTY-I.NFO,27/08/2024,09:35:02,51000,50996.55,15,51000,465,225,2325165
BANKNIFTY-I.NFO,27/08/2024,09:35:04,51001.5,51000,30,51002,15,675,2325165
BANKNIFTY-I.NFO,27/08/2024,09:35:06,50996.75,50996.75,570,50999.8,15,120,2325165
BANKNIFTY-I.NFO,27/08/2024,09:35:07,50996.55,50995,15,50996.75,150,705,2325165
BANKNIFTY-I.NFO,27/08/2024,09:35:09,50995.1,50995,15,50996.8,15,555,2325165
BANKNIFTY-I.NFO,27/08/2024,09:35:11,50991.35,50991.95,15,50995,15,165,2325165
BANKNIFTY-I.NFO,27/08/2024,09:35:12,50991.75,50991.8,30,50999.6,315,165,2325165
BANKNIFTY-I.NFO,27/08/2024,09:35:14,50992.75,50994.3,45,50999.7,60,150,2325165
BANKNIFTY-I.NFO,27/08/2024,09:35:15,51002.75,50998.5,15,51002.95,165,60,2325165
BANKNIFTY-I.NFO,27/08/2024,09:35:17,51003,50997.65,45,51002.45,135,15,2325165
BANKNIFTY-I.NFO,27/08/2024,09:35:19,50997.35,50995.1,45,50997.1,240,135,2325165
BANKNIFTY-I.NFO,27/08/2024,09:35:20,50995.65,50991.85,15,50996.7,150,90,2325165
BANKNIFTY-I.NFO,27/08/2024,09:35:22,50993.3,50991.7,15,50993.2,150,45,2325165
BANKNIFTY-I.NFO,27/08/2024,09:35:24,50990.05,50991.4,15,50993.85,435,120,2325165
BANKNIFTY-I.NFO,27/08/2024,09:35:26,50987.55,50987.55,15,50989.5,180,870,2325165
BANKNIFTY-I.NFO,27/08/2024,09:35:27,50989.75,50987.55,15,50991.35,15,60,2325165
BANKNIFTY-I.NFO,27/08/2024,09:35:29,50989.6,50985,15,50989.3,135,120,2325165
BANKNIFTY-I.NFO,27/08/2024,09:35:30,50987.55,50985,30,50987.2,600,60,2325165
BANKNIFTY-I.NFO,27/08/2024,09:35:32,50990.3,50990.15,15,50991,30,60,2325165
BANKNIFTY-I.NFO,27/08/2024,09:35:34,50990.3,50990.15,15,50991,30,15,2325165
BANKNIFTY-I.NFO,27/08/2024,09:35:35,50987.1,50985.1,15,50988.25,315,645,2325165
BANKNIFTY-I.NFO,27/08/2024,09:35:37,50985.2,50981.4,15,50985.4,150,1140,2325165
BANKNIFTY-I.NFO,27/08/2024,09:35:39,50988.2,50983.35,45,50987.65,600,60,2325165
BANKNIFTY-I.NFO,27/08/2024,09:35:40,50981.3,50980.95,15,50983,30,120,2325165
BANKNIFTY-I.NFO,27/08/2024,09:35:42,50987.75,50984.35,15,50987.75,135,105,2325165
BANKNIFTY-I.NFO,27/08/2024,09:35:44,50986.85,50984.25,15,50986.75,15,30,2325165
BANKNIFTY-I.NFO,27/08/2024,09:35:45,50986.75,50984.85,15,50986.75,75,225,2325165
BANKNIFTY-I.NFO,27/08/2024,09:35:47,50984,50980.05,45,50984.65,180,285,2325165
BANKNIFTY-I.NFO,27/08/2024,09:35:49,50980.7,50980,60,50983.7,15,120,2325165
BANKNIFTY-I.NFO,27/08/2024,09:35:50,50980.35,50978.5,15,50980.6,135,120,2325165
BANKNIFTY-I.NFO,27/08/2024,09:35:52,50978.75,50978.05,15,50979.9,15,75,2325165
BANKNIFTY-I.NFO,27/08/2024,09:35:54,50970.45,50968,15,50970.15,30,27015,2325165
BANKNIFTY-I.NFO,27/08/2024,09:35:54,50950.5,50968,15,50970.15,30,0,2325165
BANKNIFTY-I.NFO,27/08/2024,09:35:55,50966.2,50966.15,15,50969.8,75,720,2325165
BANKNIFTY-I.NFO,27/08/2024,09:35:57,50955.3,50955.6,45,50964.3,30,2085,2325165
BANKNIFTY-I.NFO,27/08/2024,09:35:59,50951.85,50951.1,45,50956.3,105,1950,2325165
BANKNIFTY-I.NFO,27/08/2024,09:35:59,50950.1,50951.1,45,50956.3,105,0,2325165
BANKNIFTY-I.NFO,27/08/2024,09:36:00,50950.1,50950.1,45,50955.4,105,540,2325165
BANKNIFTY-I.NFO,27/08/2024,09:36:02,50940.45,50933.25,45,50941.4,150,4365,2325165
BANKNIFTY-I.NFO,27/08/2024,09:36:02,50931.65,50933.25,45,50941.4,150,0,2325165
BANKNIFTY-I.NFO,27/08/2024,09:36:04,50937.4,50938.65,30,50945,15,255,2325165
BANKNIFTY-I.NFO,27/08/2024,09:36:04,50931.5,50938.65,30,50945,15,0,2325165
BANKNIFTY-I.NFO,27/08/2024,09:36:05,50932.85,50933.25,30,50943.55,15,825,2325165
BANKNIFTY-I.NFO,27/08/2024,09:36:07,50941.4,50941.25,15,50941.4,15,1095,2325165
BANKNIFTY-I.NFO,27/08/2024,09:36:09,50950,50948.3,30,50950,15,1620,2325165
BANKNIFTY-I.NFO,27/08/2024,09:36:10,50950.1,50942.4,15,50950.1,30,900,2325165
BANKNIFTY-I.NFO,27/08/2024,09:36:12,50950.1,50947.85,45,50955.25,30,150,2325165
BANKNIFTY-I.NFO,27/08/2024,09:36:14,50956.45,50950.25,30,50957.8,285,960,2325165
BANKNIFTY-I.NFO,27/08/2024,09:36:15,50957.6,50960,60,50964.55,30,1350,2325165
BANKNIFTY-I.NFO,27/08/2024,09:36:17,50964.6,50964.6,15,50966,135,240,2325165
BANKNIFTY-I.NFO,27/08/2024,09:36:19,50959.05,50958.45,90,50959.05,135,465,2325165
BANKNIFTY-I.NFO,27/08/2024,09:36:20,50959.05,50951.65,45,50958.25,15,225,2325165
BANKNIFTY-I.NFO,27/08/2024,09:36:22,50956.95,50951.8,45,50958.7,15,135,2325165
BANKNIFTY-I.NFO,27/08/2024,09:36:24,50958.55,50950.15,15,50954.95,75,240,2325165
BANKNIFTY-I.NFO,27/08/2024,09:36:25,50950.15,50950.1,15,50954.9,30,120,2325165
BANKNIFTY-I.NFO,27/08/2024,09:36:27,50950.1,50948,810,50950.1,30,930,2325165
BANKNIFTY-I.NFO,27/08/2024,09:36:28,50952.5,50950.15,15,50954.05,60,150,2325165
BANKNIFTY-I.NFO,27/08/2024,09:36:30,50955.5,50950.05,15,50958.05,420,315,2325165
BANKNIFTY-I.NFO,27/08/2024,09:36:32,50957.5,50948,720,50957.15,45,645,2325165
BANKNIFTY-I.NFO,27/08/2024,09:36:33,50957.2,50954.9,240,50957.95,120,690,2325165
BANKNIFTY-I.NFO,27/08/2024,09:36:35,50957.75,50957.75,45,50965,90,1170,2325165
BANKNIFTY-I.NFO,27/08/2024,09:36:37,50965,50959.95,45,50965,45,165,2325165
BANKNIFTY-I.NFO,27/08/2024,09:36:38,50970,50965,15,50970,30,360,2325165
BANKNIFTY-I.NFO,27/08/2024,09:36:40,50973.35,50966.2,15,50973.5,60,345,2325165
BANKNIFTY-I.NFO,27/08/2024,09:36:42,50966,50957.85,15,50966,45,510,2328435
BANKNIFTY-I.NFO,27/08/2024,09:36:43,50958,50957.55,15,50965.45,75,30,2328435
BANKNIFTY-I.NFO,27/08/2024,09:36:45,50954.5,50960,15,50961.55,30,255,2328435
BANKNIFTY-I.NFO,27/08/2024,09:36:47,50961.55,50955.55,15,50965,165,30,2328435
BANKNIFTY-I.NFO,27/08/2024,09:36:48,50965,50957.2,30,50965,165,240,2328435
BANKNIFTY-I.NFO,27/08/2024,09:36:50,50963.45,50957.2,30,50962.05,15,15,2328435
BANKNIFTY-I.NFO,27/08/2024,09:36:51,50954,50951,15,50954.65,15,225,2328435
BANKNIFTY-I.NFO,27/08/2024,09:36:53,50950,50950.05,15,50955.95,15,225,2328435
BANKNIFTY-I.NFO,27/08/2024,09:36:55,50955.1,50955.05,15,50955.95,30,30,2328435
BANKNIFTY-I.NFO,27/08/2024,09:36:56,50955.75,50950.05,45,50957.2,465,225,2328435
BANKNIFTY-I.NFO,27/08/2024,09:36:58,50948.85,50948.75,15,50955,120,330,2328435
BANKNIFTY-I.NFO,27/08/2024,09:37:00,50957.2,50954.65,75,50955.05,30,240,2328435
BANKNIFTY-I.NFO,27/08/2024,09:37:01,50954.65,50954.65,60,50957.2,375,75,2328435
BANKNIFTY-I.NFO,27/08/2024,09:37:03,50955,50955,135,50957.2,375,105,2328435
BANKNIFTY-I.NFO,27/08/2024,09:37:05,50965.25,50955,90,50961.25,15,780,2328435
BANKNIFTY-I.NFO,27/08/2024,09:37:06,50965.95,50957.2,15,50966,90,150,2328435
BANKNIFTY-I.NFO,27/08/2024,09:37:08,50961.95,50955.05,15,50961.15,15,60,2328435
BANKNIFTY-I.NFO,27/08/2024,09:37:10,50950,50956,30,50959,60,120,2328435
BANKNIFTY-I.NFO,27/08/2024,09:37:11,50949.7,50951.75,75,50959,15,840,2328435
BANKNIFTY-I.NFO,27/08/2024,09:37:13,50959,50955.8,15,50959,45,30,2328435
BANKNIFTY-I.NFO,27/08/2024,09:37:15,50961.25,50959,15,50961.8,75,495,2328435
BANKNIFTY-I.NFO,27/08/2024,09:37:16,50953.85,50953.3,45,50960,15,105,2328435
BANKNIFTY-I.NFO,27/08/2024,09:37:18,50960,50953.35,30,50963.6,60,135,2328435
BANKNIFTY-I.NFO,27/08/2024,09:37:20,50959.95,50955.55,15,50959.95,165,90,2328435
BANKNIFTY-I.NFO,27/08/2024,09:37:21,50949.95,50948.6,30,50950,1320,1290,2328435
BANKNIFTY-I.NFO,27/08/2024,09:37:23,50951.65,50952,15,50959.6,15,1515,2328435
BANKNIFTY-I.NFO,27/08/2024,09:37:25,50952,50951.15,45,50958,915,120,2328435
BANKNIFTY-I.NFO,27/08/2024,09:37:26,50959.95,50957.95,15,50959.95,90,1005,2328435
BANKNIFTY-I.NFO,27/08/2024,09:37:28,50956.35,50954.45,75,50960,285,360,2328435
BANKNIFTY-I.NFO,27/08/2024,09:37:29,50956.35,50953.2,45,50960,285,0,2328435
BANKNIFTY-I.NFO,27/08/2024,09:37:31,50960,50951.75,15,50960,255,30,2328435
BANKNIFTY-I.NFO,27/08/2024,09:37:33,50954.55,50952.25,300,50960,180,390,2328435
BANKNIFTY-I.NFO,27/08/2024,09:37:34,50951.65,50951.4,75,50960,180,105,2328435
BANKNIFTY-I.NFO,27/08/2024,09:37:36,50959.95,50951.85,150,50959.95,45,135,2328435
BANKNIFTY-I.NFO,27/08/2024,09:37:38,50959.95,50953.9,15,50959.95,30,360,2328435
BANKNIFTY-I.NFO,27/08/2024,09:37:39,50959.85,50954.7,15,50959.95,30,15,2328435
BANKNIFTY-I.NFO,27/08/2024,09:37:41,50960,50954.15,15,50960,150,45,2328435
BANKNIFTY-I.NFO,27/08/2024,09:37:42,50960.05,50958.7,75,50964,195,255,2328435
BANKNIFTY-I.NFO,27/08/2024,09:37:44,50964,50958.9,75,50964,180,180,2328435
BANKNIFTY-I.NFO,27/08/2024,09:37:46,50961.05,50960.75,45,50964,180,30,2328435
BANKNIFTY-I.NFO,27/08/2024,09:37:48,50966,50960,300,50965.85,60,285,2328435
BANKNIFTY-I.NFO,27/08/2024,09:37:49,50962,50960,270,50964,15,75,2328435
BANKNIFTY-I.NFO,27/08/2024,09:37:51,50951.85,50951,45,50957,15,300,2328435
BANKNIFTY-I.NFO,27/08/2024,09:37:53,50954.7,50954.7,90,50957,45,615,2328435
BANKNIFTY-I.NFO,27/08/2024,09:37:54,50951,50951,30,50959.4,75,795,2328435
BANKNIFTY-I.NFO,27/08/2024,09:37:56,50951,50952,60,50954.9,15,0,2328435
BANKNIFTY-I.NFO,27/08/2024,09:37:58,50954.7,50952,60,50954.25,15,15,2328435
BANKNIFTY-I.NFO,27/08/2024,09:37:59,50951,50950,75,50952,45,450,2328435
BANKNIFTY-I.NFO,27/08/2024,09:38:01,50950.8,50950.8,795,50951.1,15,585,2328435
BANKNIFTY-I.NFO,27/08/2024,09:38:02,50952,50950.8,645,50952,105,240,2328435
BANKNIFTY-I.NFO,27/08/2024,09:38:04,50950.8,50950.8,480,50954.9,15,225,2328435
BANKNIFTY-I.NFO,27/08/2024,09:38:06,50954.9,50950.85,60,50954.9,30,90,2328435
BANKNIFTY-I.NFO,27/08/2024,09:38:07,50954.95,50954.75,15,50956.55,15,75,2328435
BANKNIFTY-I.NFO,27/08/2024,09:38:09,50950.8,50950.8,195,50954.95,30,240,2328435
BANKNIFTY-I.NFO,27/08/2024,09:38:11,50950.8,50952,30,50954.95,30,435,2328435
BANKNIFTY-I.NFO,27/08/2024,09:38:12,50950,50949,15,50952,45,60,2328435
BANKNIFTY-I.NFO,27/08/2024,09:38:14,50954.95,50948.8,45,50956.55,15,120,2328435
BANKNIFTY-I.NFO,27/08/2024,09:38:16,50955.55,50950,30,50955.55,60,60,2328435
BANKNIFTY-I.NFO,27/08/2024,09:38:17,50950,50946.2,15,50950,15,840,2328435
BANKNIFTY-I.NFO,27/08/2024,09:38:19,50953.65,50946,15,50949.05,900,105,2328435
BANKNIFTY-I.NFO,27/08/2024,09:38:21,50948.55,50942.65,15,50948.65,15,705,2328435
BANKNIFTY-I.NFO,27/08/2024,09:38:22,50946,50941.15,15,50946,825,135,2328435
BANKNIFTY-I.NFO,27/08/2024,09:38:24,50945.85,50941.15,15,50945.85,45,45,2328435
BANKNIFTY-I.NFO,27/08/2024,09:38:25,50946,50943.9,15,50946,1035,1005,2328435
BANKNIFTY-I.NFO,27/08/2024,09:38:27,50944.45,50943.05,15,50944.45,600,510,2328435
BANKNIFTY-I.NFO,27/08/2024,09:38:29,50946,50944.5,15,50946,990,1290,2328435
BANKNIFTY-I.NFO,27/08/2024,09:38:30,50946,50944.95,15,50946,975,150,2328435
BANKNIFTY-I.NFO,27/08/2024,09:38:32,50947.05,50947.1,15,50954.65,255,2955,2328435
BANKNIFTY-I.NFO,27/08/2024,09:38:34,50947,50948.3,45,50954.55,45,120,2328435
BANKNIFTY-I.NFO,27/08/2024,09:38:35,50950,50948.05,45,50950,300,900,2328435
BANKNIFTY-I.NFO,27/08/2024,09:38:37,50947.45,50946.65,15,50949.9,45,30,2328435
BANKNIFTY-I.NFO,27/08/2024,09:38:38,50950.85,50951.1,15,50954.65,75,495,2328435
BANKNIFTY-I.NFO,27/08/2024,09:38:40,50957.25,50955.1,15,50962.7,15,240,2328435
BANKNIFTY-I.NFO,27/08/2024,09:38:42,50950,50948.65,165,50950,90,120,2328435
BANKNIFTY-I.NFO,27/08/2024,09:38:43,50958.75,50949.8,15,50959.15,15,210,2328435
BANKNIFTY-I.NFO,27/08/2024,09:38:45,50958.75,50949.4,15,50955.05,30,0,2328435
BANKNIFTY-I.NFO,27/08/2024,09:38:47,50955,50949.65,30,50950.55,30,60,2328435
BANKNIFTY-I.NFO,27/08/2024,09:38:48,50955.1,50949.15,150,50950.55,60,120,2328435
BANKNIFTY-I.NFO,27/08/2024,09:38:50,50955.1,50951.2,15,50955.1,30,450,2328435
BANKNIFTY-I.NFO,27/08/2024,09:38:52,50951.25,50952.45,225,50960,15,120,2328435
BANKNIFTY-I.NFO,27/08/2024,09:38:53,50961.4,50952.4,15,50955,45,105,2328435
BANKNIFTY-I.NFO,27/08/2024,09:38:55,50950.35,50950.35,60,50954.55,60,585,2328435
BANKNIFTY-I.NFO,27/08/2024,09:38:56,50952.65,50950.95,60,50957.55,15,210,2328435
BANKNIFTY-I.NFO,27/08/2024,09:38:58,50954.7,50954.3,30,50961.25,60,450,2328435
BANKNIFTY-I.NFO,27/08/2024,09:39:00,50954.2,50956.75,15,50961.25,60,285,2328435
BANKNIFTY-I.NFO,27/08/2024,09:39:01,50961.25,50955.95,300,50961.25,15,450,2328435
BANKNIFTY-I.NFO,27/08/2024,09:39:03,50965.55,50956.4,45,50964.75,15,300,2328435
BANKNIFTY-I.NFO,27/08/2024,09:39:05,50964.85,50956.5,30,50964.9,150,30,2328435
BANKNIFTY-I.NFO,27/08/2024,09:39:06,50959.25,50961.25,30,50964.85,15,45,2328435
BANKNIFTY-I.NFO,27/08/2024,09:39:08,50969.4,50964.35,15,50969.75,15,300,2328435
BANKNIFTY-I.NFO,27/08/2024,09:39:10,50964.35,50969.85,45,50970.55,60,45,2328435
BANKNIFTY-I.NFO,27/08/2024,09:39:11,50962.05,50962.25,15,50969.8,30,195,2328435
BANKNIFTY-I.NFO,27/08/2024,09:39:13,50961.3,50961.3,90,50962.05,855,240,2328435
BANKNIFTY-I.NFO,27/08/2024,09:39:15,50961.25,50960,525,50961.3,900,255,2328435
BANKNIFTY-I.NFO,27/08/2024,09:39:16,50961.3,50960,225,50961.3,705,510,2328435
BANKNIFTY-I.NFO,27/08/2024,09:39:18,50960,50958.9,165,50961.3,600,375,2328435
BANKNIFTY-I.NFO,27/08/2024,09:39:20,50969,50967.75,195,50973,15,1815,2328435
BANKNIFTY-I.NFO,27/08/2024,09:39:21,50975.5,50973.05,75,50982.95,30,360,2328435
BANKNIFTY-I.NFO,27/08/2024,09:39:23,50977.5,50977.55,45,50985,45,345,2328435
BANKNIFTY-I.NFO,27/08/2024,09:39:25,50983.6,50983.55,165,50988,900,150,2328435
BANKNIFTY-I.NFO,27/08/2024,09:39:26,50988,50986.65,165,50988,480,480,2328435
BANKNIFTY-I.NFO,27/08/2024,09:39:28,50992.9,50990.05,150,50995,30,1035,2328435
BANKNIFTY-I.NFO,27/08/2024,09:39:29,50993.8,50991.9,30,50998.5,15,150,2328435
BANKNIFTY-I.NFO,27/08/2024,09:39:31,50992.9,50993.05,30,50998.5,15,240,2328435
BANKNIFTY-I.NFO,27/08/2024,09:39:33,50997,50988.75,90,50990.25,15,15,2328435
BANKNIFTY-I.NFO,27/08/2024,09:39:34,50988,50988,150,50989.6,15,105,2328435
BANKNIFTY-I.NFO,27/08/2024,09:39:36,50987.7,50985,15,50988.7,45,225,2328435
BANKNIFTY-I.NFO,27/08/2024,09:39:38,50988.6,50982.95,15,50988.65,30,30,2328435
BANKNIFTY-I.NFO,27/08/2024,09:39:39,50988,50982.95,15,50988,885,30,2328435
BANKNIFTY-I.NFO,27/08/2024,09:39:41,50982.9,50982.75,75,50982.95,15,60,2329845
BANKNIFTY-I.NFO,27/08/2024,09:39:43,50982.95,50981.55,15,50982.95,30,90,2329845
BANKNIFTY-I.NFO,27/08/2024,09:39:44,50982.5,50983.5,30,50988,885,225,2329845
BANKNIFTY-I.NFO,27/08/2024,09:39:46,50987.95,50985.05,45,50987.95,15,225,2329845
BANKNIFTY-I.NFO,27/08/2024,09:39:47,50997,50993.1,15,50998,45,135,2329845
BANKNIFTY-I.NFO,27/08/2024,09:39:49,50995.25,50995.65,15,50998,15,510,2329845
BANKNIFTY-I.NFO,27/08/2024,09:39:51,50992.6,50991.85,15,50999.45,15,270,2329845
BANKNIFTY-I.NFO,27/08/2024,09:39:52,50995.4,50992.75,30,50995.4,525,270,2329845
BANKNIFTY-I.NFO,27/08/2024,09:39:54,50995,50994.1,15,50995.05,15,525,2329845
BANKNIFTY-I.NFO,27/08/2024,09:39:56,50994.35,50995.8,15,50999,15,1140,2329845
BANKNIFTY-I.NFO,27/08/2024,09:39:57,50996.4,50995.65,15,50999,15,45,2329845
BANKNIFTY-I.NFO,27/08/2024,09:39:59,51000,50997.7,15,51000,90,135,2329845
BANKNIFTY-I.NFO,27/08/2024,09:40:00,51010,51006.15,150,51010,135,240,2329845
BANKNIFTY-I.NFO,27/08/2024,09:40:02,51003.65,51003.6,15,51011.85,15,375,2329845
BANKNIFTY-I.NFO,27/08/2024,09:40:04,51005.55,51004.7,15,51005,30,360,2329845
BANKNIFTY-I.NFO,27/08/2024,09:40:05,51016.7,51006.05,30,51016.65,15,630,2329845
BANKNIFTY-I.NFO,27/08/2024,09:40:07,51003.4,51002.95,15,51003.4,15,1185,2329845
BANKNIFTY-I.NFO,27/08/2024,09:40:09,51000.8,50999,30,51002.2,30,90,2329845
BANKNIFTY-I.NFO,27/08/2024,09:40:11,51002.2,50999,30,51002.2,15,195,2329845
BANKNIFTY-I.NFO,27/08/2024,09:40:12,50994.2,50992.45,15,51001,15,195,2329845
BANKNIFTY-I.NFO,27/08/2024,09:40:14,50992.4,51000,15,51002.15,15,135,2329845
BANKNIFTY-I.NFO,27/08/2024,09:40:15,51004.95,50994.8,15,51004.4,15,120,2329845
BANKNIFTY-I.NFO,27/08/2024,09:40:17,51000,50993.35,90,51000,15,90,2329845
BANKNIFTY-I.NFO,27/08/2024,09:40:19,51000.05,50998.25,30,51002,225,30,2329845
BANKNIFTY-I.NFO,27/08/2024,09:40:20,51002,50998.8,15,51002,165,90,2329845
BANKNIFTY-I.NFO,27/08/2024,09:40:22,51002,50997.75,15,51002,150,60,2329845
BANKNIFTY-I.NFO,27/08/2024,09:40:24,51000,50995.45,15,51000,150,90,2329845
BANKNIFTY-I.NFO,27/08/2024,09:40:25,50999,50996.2,15,51000,150,60,2329845
BANKNIFTY-I.NFO,27/08/2024,09:40:27,51000,50992.75,60,51001.95,15,300,2329845
BANKNIFTY-I.NFO,27/08/2024,09:40:28,51001.95,50995.1,15,51002,150,15,2329845
BANKNIFTY-I.NFO,27/08/2024,09:40:30,51000,50991,15,50997.75,15,180,2329845
BANKNIFTY-I.NFO,27/08/2024,09:40:32,50996.8,50996.8,75,50997.75,15,180,2329845
BANKNIFTY-I.NFO,27/08/2024,09:40:33,50991.5,50991.4,180,51001,75,240,2329845
BANKNIFTY-I.NFO,27/08/2024,09:40:35,51001,50991.45,15,51000.9,15,270,2329845
BANKNIFTY-I.NFO,27/08/2024,09:40:36,50999,50999,90,51000.9,60,150,2329845
BANKNIFTY-I.NFO,27/08/2024,09:40:38,50993.65,50993.7,15,51000.85,30,270,2329845
BANKNIFTY-I.NFO,27/08/2024,09:40:40,51001.2,50991.85,15,51001.35,15,195,2329845
BANKNIFTY-I.NFO,27/08/2024,09:40:41,51003.25,50993.15,15,51001.8,45,165,2329845
BANKNIFTY-I.NFO,27/08/2024,09:40:43,50999.2,50990.15,15,50998.15,30,15,2329845
BANKNIFTY-I.NFO,27/08/2024,09:40:44,50990,50989.6,15,50992.8,15,60,2329845
BANKNIFTY-I.NFO,27/08/2024,09:40:46,50999,50990.25,45,50995.2,15,330,2329845
BANKNIFTY-I.NFO,27/08/2024,09:40:47,50999,50989.3,45,50995.15,15,0,2329845
BANKNIFTY-I.NFO,27/08/2024,09:40:49,50994.55,50986.6,45,50994.55,15,15,2329845
BANKNIFTY-I.NFO,27/08/2024,09:40:51,50994.55,50988,45,50994.2,45,15,2329845
BANKNIFTY-I.NFO,27/08/2024,09:40:52,50994.55,50990,15,50993.85,15,0,2329845
BANKNIFTY-I.NFO,27/08/2024,09:40:54,50983.45,50980.05,60,50983.45,75,225,2329845
BANKNIFTY-I.NFO,27/08/2024,09:40:56,50977.5,50977.2,15,50984.65,75,675,2329845
BANKNIFTY-I.NFO,27/08/2024,09:40:57,50977,50977,180,50982.1,90,15,2329845
BANKNIFTY-I.NFO,27/08/2024,09:40:59,50982,50977.2,75,50981.95,15,60,2329845
BANKNIFTY-I.NFO,27/08/2024,09:41:00,50977,50975.1,45,50983.95,90,300,2329845
BANKNIFTY-I.NFO,27/08/2024,09:41:02,50974.8,50977.5,30,50983.65,30,90,2329845
BANKNIFTY-I.NFO,27/08/2024,09:41:04,50980,50977.9,15,50984.05,15,45,2329845
BANKNIFTY-I.NFO,27/08/2024,09:41:05,50980,50978.05,15,50987.4,60,315,2329845
BANKNIFTY-I.NFO,27/08/2024,09:41:07,50977.65,50977.55,60,50986.45,15,45,2329845
BANKNIFTY-I.NFO,27/08/2024,09:41:08,50984.5,50977.5,30,50984.9,75,75,2329845
BANKNIFTY-I.NFO,27/08/2024,09:41:10,50983.5,50980,15,50983.55,30,15,2329845
BANKNIFTY-I.NFO,27/08/2024,09:41:12,50983.4,50977.5,15,50983.4,30,30,2329845
BANKNIFTY-I.NFO,27/08/2024,09:41:13,50983.1,50977.5,15,50983.1,15,15,2329845
BANKNIFTY-I.NFO,27/08/2024,09:41:15,50984.45,50980,15,50984.45,15,135,2329845
BANKNIFTY-I.NFO,27/08/2024,09:41:16,50980,50977.6,30,50984.45,30,15,2329845
BANKNIFTY-I.NFO,27/08/2024,09:41:18,50977.8,50977.8,30,50984.45,15,45,2329845
BANKNIFTY-I.NFO,27/08/2024,09:41:20,50977.8,50977.85,60,50984.45,15,0,2329845
BANKNIFTY-I.NFO,27/08/2024,09:41:21,50984.45,50979,60,50984.4,15,30,2329845
BANKNIFTY-I.NFO,27/08/2024,09:41:23,50989.85,50989.35,75,50997.45,75,330,2329845
BANKNIFTY-I.NFO,27/08/2024,09:41:25,51000,50995.7,75,51000,90,45,2329845
BANKNIFTY-I.NFO,27/08/2024,09:41:26,50995,50994.95,60,50999.95,15,45,2329845
BANKNIFTY-I.NFO,27/08/2024,09:41:28,51000,51001.4,60,51004.9,15,180,2329845
BANKNIFTY-I.NFO,27/08/2024,09:41:29,51010,51008.45,15,51011,30,315,2329845
BANKNIFTY-I.NFO,27/08/2024,09:41:31,51010.9,51003.65,15,51010.9,15,120,2329845
BANKNIFTY-I.NFO,27/08/2024,09:41:33,51001.7,51001.6,15,51009.75,15,555,2329845
BANKNIFTY-I.NFO,27/08/2024,09:41:34,50999,50999,45,51007.2,15,165,2329845
BANKNIFTY-I.NFO,27/08/2024,09:41:36,51007.7,51000,60,51005.75,15,135,2329845
BANKNIFTY-I.NFO,27/08/2024,09:41:37,51008.8,51000,60,51007.15,15,30,2329845
BANKNIFTY-I.NFO,27/08/2024,09:41:39,51000.7,51000.45,45,51008.8,15,135,2329845
BANKNIFTY-I.NFO,27/08/2024,09:41:41,51003.25,51003.3,15,51004.95,15,465,2329845
BANKNIFTY-I.NFO,27/08/2024,09:41:42,51006.7,51005.75,15,51008.1,15,375,2329845
BANKNIFTY-I.NFO,27/08/2024,09:41:44,51018.5,51010.7,45,51019.7,45,255,2329845
BANKNIFTY-I.NFO,27/08/2024,09:41:46,51019.1,51015.5,60,51019.15,15,60,2329845
BANKNIFTY-I.NFO,27/08/2024,09:41:47,51020,51018.8,15,51021,30,315,2329845
BANKNIFTY-I.NFO,27/08/2024,09:41:49,51020.95,51022.5,15,51025,60,255,2329845
BANKNIFTY-I.NFO,27/08/2024,09:41:51,51023.45,51018.5,15,51021.15,30,135,2329845
BANKNIFTY-I.NFO,27/08/2024,09:41:52,51012.9,51012.2,15,51020.25,15,90,2329845
BANKNIFTY-I.NFO,27/08/2024,09:41:54,51014.05,51013.3,15,51020,15,30,2329845
BANKNIFTY-I.NFO,27/08/2024,09:41:56,51021.95,51013,60,51022,15,225,2329845
BANKNIFTY-I.NFO,27/08/2024,09:41:57,51013.3,51009.8,15,51013.3,45,135,2329845
BANKNIFTY-I.NFO,27/08/2024,09:41:59,51013.3,51010,15,51016.3,60,60,2329845
BANKNIFTY-I.NFO,27/08/2024,09:42:00,51015.75,51008.15,60,51015.8,15,540,2329845
BANKNIFTY-I.NFO,27/08/2024,09:42:02,51009.2,51009.35,15,51015.8,15,90,2329845
BANKNIFTY-I.NFO,27/08/2024,09:42:04,51011.25,51007.8,15,51012,90,90,2329845
BANKNIFTY-I.NFO,27/08/2024,09:42:05,51012,51006.75,15,51012,75,30,2329845
BANKNIFTY-I.NFO,27/08/2024,09:42:07,51008.45,51006.75,15,51012,45,60,2329845
BANKNIFTY-I.NFO,27/08/2024,09:42:08,51012,51006.85,15,51012,30,15,2329845
BANKNIFTY-I.NFO,27/08/2024,09:42:10,51011.95,51006.8,15,51011.95,15,90,2329845
BANKNIFTY-I.NFO,27/08/2024,09:42:12,51011.9,51010,15,51011.9,45,30,2329845
BANKNIFTY-I.NFO,27/08/2024,09:42:13,51006.25,51006.25,15,51011.95,15,105,2329845
BANKNIFTY-I.NFO,27/08/2024,09:42:15,51006.25,51004.95,60,51010,60,495,2329845
BANKNIFTY-I.NFO,27/08/2024,09:42:16,51010,51004.95,45,51008.45,30,30,2329845
BANKNIFTY-I.NFO,27/08/2024,09:42:18,51000.45,51000.45,60,51008.45,15,90,2329845
BANKNIFTY-I.NFO,27/08/2024,09:42:20,51008.5,51006.25,15,51008.5,15,60,2329845
BANKNIFTY-I.NFO,27/08/2024,09:42:21,51006,51000.55,60,51006.25,30,75,2329845
BANKNIFTY-I.NFO,27/08/2024,09:42:23,51006.3,51006.3,15,51010,15,75,2329845
BANKNIFTY-I.NFO,27/08/2024,09:42:25,51010,51009.75,15,51011,135,15,2329845
BANKNIFTY-I.NFO,27/08/2024,09:42:26,51017.1,51017.1,30,51022.05,15,300,2329845
BANKNIFTY-I.NFO,27/08/2024,09:42:28,51019.35,51018.95,150,51022.05,15,30,2329845
BANKNIFTY-I.NFO,27/08/2024,09:42:30,51018.6,51018.6,15,51024,30,90,2329845
BANKNIFTY-I.NFO,27/08/2024,09:42:31,51018.6,51020,105,51020.5,15,0,2329845
BANKNIFTY-I.NFO,27/08/2024,09:42:33,51021.85,51020,105,51025,60,75,2329845
BANKNIFTY-I.NFO,27/08/2024,09:42:35,51021.55,51021.15,15,51022.05,90,195,2329845
BANKNIFTY-I.NFO,27/08/2024,09:42:36,51020,51020,60,51022.05,75,60,2329845
BANKNIFTY-I.NFO,27/08/2024,09:42:38,51024.95,51020.85,15,51024.95,30,180,2329845
BANKNIFTY-I.NFO,27/08/2024,09:42:40,51020.05,51020,60,51021.85,15,15,2329845
BANKNIFTY-I.NFO,27/08/2024,09:42:41,51021.2,51017.1,105,51021.25,15,255,2326050
BANKNIFTY-I.NFO,27/08/2024,09:42:43,51021.2,51017.1,105,51021.25,30,0,2326050
BANKNIFTY-I.NFO,27/08/2024,09:42:45,51015.4,51010.05,15,51017.1,15,225,2326050
BANKNIFTY-I.NFO,27/08/2024,09:42:46,51016.45,51010,90,51016.5,30,90,2326050
BANKNIFTY-I.NFO,27/08/2024,09:42:48,51009.95,51006.05,30,51012.7,30,135,2326050
BANKNIFTY-I.NFO,27/08/2024,09:42:49,51009.95,51006.05,30,51012.35,15,0,2326050
BANKNIFTY-I.NFO,27/08/2024,09:42:51,51009.5,51006.05,30,51009.2,75,150,2326050
BANKNIFTY-I.NFO,27/08/2024,09:42:53,51009.15,51005.05,45,51010.1,30,2115,2326050
BANKNIFTY-I.NFO,27/08/2024,09:42:54,51009.2,51005,15,51010.1,45,15,2326050
BANKNIFTY-I.NFO,27/08/2024,09:42:56,51010.15,51005,15,51009.35,15,60,2326050
BANKNIFTY-I.NFO,27/08/2024,09:42:57,51001,51000,525,51001,15,150,2326050
BANKNIFTY-I.NFO,27/08/2024,09:42:59,51008.65,51000,510,51006.15,30,60,2326050
BANKNIFTY-I.NFO,27/08/2024,09:43:01,51006.15,51007.7,75,51010.15,150,45,2326050
BANKNIFTY-I.NFO,27/08/2024,09:43:02,51014.95,51014.95,15,51017.1,15,210,2326050
BANKNIFTY-I.NFO,27/08/2024,09:43:04,51015.8,51015.75,15,51020,465,75,2326050
BANKNIFTY-I.NFO,27/08/2024,09:43:05,51020,51015.45,15,51020,420,45,2326050
BANKNIFTY-I.NFO,27/08/2024,09:43:07,51018,51012.6,15,51019.6,60,165,2326050
BANKNIFTY-I.NFO,27/08/2024,09:43:09,51010.65,51012.6,15,51018.75,15,135,2326050
BANKNIFTY-I.NFO,27/08/2024,09:43:10,51018.75,51012.6,15,51018.75,45,510,2326050
BANKNIFTY-I.NFO,27/08/2024,09:43:12,51014,51013.9,30,51018.75,15,90,2326050
BANKNIFTY-I.NFO,27/08/2024,09:43:14,51014,51013.85,15,51018.75,15,165,2326050
BANKNIFTY-I.NFO,27/08/2024,09:43:15,51013.6,51015.75,30,51018.75,30,15,2326050
BANKNIFTY-I.NFO,27/08/2024,09:43:17,51018.75,51015,15,51018.75,15,30,2326050
BANKNIFTY-I.NFO,27/08/2024,09:43:18,51018.8,51014.9,15,51018.8,15,30,2326050
BANKNIFTY-I.NFO,27/08/2024,09:43:20,51018.8,51012.6,15,51018.3,45,0,2326050
BANKNIFTY-I.NFO,27/08/2024,09:43:21,51018.8,51012.6,15,51017.95,45,15,2326050
BANKNIFTY-I.NFO,27/08/2024,09:43:23,51018.8,51011,375,51016.8,60,90,2326050
BANKNIFTY-I.NFO,27/08/2024,09:43:25,51018.8,51012.6,15,51017,45,0,2326050
BANKNIFTY-I.NFO,27/08/2024,09:43:26,51014.6,51007.1,45,51013.3,60,420,2326050
BANKNIFTY-I.NFO,27/08/2024,09:43:28,51015.25,51011,45,51015.3,15,330,2326050
BANKNIFTY-I.NFO,27/08/2024,09:43:30,51016.25,51011,30,51016.25,60,90,2326050
BANKNIFTY-I.NFO,27/08/2024,09:43:31,51012.45,51007,30,51011,300,90,2326050
BANKNIFTY-I.NFO,27/08/2024,09:43:33,51013,51009.1,30,51013,15,330,2326050
BANKNIFTY-I.NFO,27/08/2024,09:43:34,51014.5,51006.15,15,51014.85,15,75,2326050
BANKNIFTY-I.NFO,27/08/2024,09:43:36,51004.95,51004.9,15,51013.45,15,390,2326050
BANKNIFTY-I.NFO,27/08/2024,09:43:38,51004.95,51004.85,90,51012.6,15,0,2326050
BANKNIFTY-I.NFO,27/08/2024,09:43:39,51004.95,51003.25,15,51005.65,15,105,2326050
BANKNIFTY-I.NFO,27/08/2024,09:43:41,51005,51004.85,15,51008,45,75,2326050
BANKNIFTY-I.NFO,27/08/2024,09:43:42,51008,51008.8,15,51012.55,15,45,2326050
BANKNIFTY-I.NFO,27/08/2024,09:43:44,51017.35,51009.5,15,51018.65,60,135,2326050
BANKNIFTY-I.NFO,27/08/2024,09:43:46,51017.35,51010.6,15,51018.4,15,0,2326050
BANKNIFTY-I.NFO,27/08/2024,09:43:47,51010.45,51012.2,30,51018.8,150,45,2326050
BANKNIFTY-I.NFO,27/08/2024,09:43:49,51010.45,51017.85,30,51018.8,150,0,2326050
BANKNIFTY-I.NFO,27/08/2024,09:43:50,51020.75,51020.45,15,51025,120,780,2326050
BANKNIFTY-I.NFO,27/08/2024,09:43:52,51019.95,51018.25,15,51019.95,15,75,2326050
BANKNIFTY-I.NFO,27/08/2024,09:43:54,51017.85,51017.8,15,51019.95,15,60,2326050
BANKNIFTY-I.NFO,27/08/2024,09:43:55,51017.7,51016.1,15,51017.7,15,15,2326050
BANKNIFTY-I.NFO,27/08/2024,09:43:57,51016.1,51015.45,15,51017.7,45,30,2326050
BANKNIFTY-I.NFO,27/08/2024,09:43:58,51017.7,51016.85,15,51017.7,30,15,2326050
BANKNIFTY-I.NFO,27/08/2024,09:44:00,51017.7,51016.1,15,51017.7,45,0,2326050
BANKNIFTY-I.NFO,27/08/2024,09:44:02,51017.65,51012.65,45,51020,15,195,2326050
BANKNIFTY-I.NFO,27/08/2024,09:44:03,51012.65,51015,15,51019.15,45,15,2326050
BANKNIFTY-I.NFO,27/08/2024,09:44:05,51019,51012.15,45,51019.3,15,75,2326050
BANKNIFTY-I.NFO,27/08/2024,09:44:06,51013.05,51013.25,75,51021.95,30,1140,2326050
BANKNIFTY-I.NFO,27/08/2024,09:44:08,51014.9,51015.3,15,51021.95,15,15,2326050
BANKNIFTY-I.NFO,27/08/2024,09:44:10,51022,51017.65,30,51021.35,60,45,2326050
BANKNIFTY-I.NFO,27/08/2024,09:44:11,51017.7,51018.65,15,51022,60,105,2326050
BANKNIFTY-I.NFO,27/08/2024,09:44:13,51018.7,51021.05,15,51022,60,60,2326050
BANKNIFTY-I.NFO,27/08/2024,09:44:14,51030,51029.45,15,51031,15,660,2326050
BANKNIFTY-I.NFO,27/08/2024,09:44:16,51036.6,51032,15,51034.65,45,165,2326050
BANKNIFTY-I.NFO,27/08/2024,09:44:18,51034.9,51030.45,60,51038.95,15,30,2326050
BANKNIFTY-I.NFO,27/08/2024,09:44:19,51040.7,51031.15,15,51033.7,15,2310,2326050
BANKNIFTY-I.NFO,27/08/2024,09:44:21,51032,51027.75,45,51033.75,15,60,2326050
BANKNIFTY-I.NFO,27/08/2024,09:44:23,51027.75,51027.1,45,51036.35,15,180,2326050
BANKNIFTY-I.NFO,27/08/2024,09:44:24,51035.25,51026.2,45,51034.15,30,210,2326050
BANKNIFTY-I.NFO,27/08/2024,09:44:26,51033.55,51025.35,15,51033.55,15,120,2326050
BANKNIFTY-I.NFO,27/08/2024,09:44:27,51026.7,51026.6,45,51033.4,15,435,2326050
BANKNIFTY-I.NFO,27/08/2024,09:44:29,51026.6,51025,45,51033.85,15,60,2326050
BANKNIFTY-I.NFO,27/08/2024,09:44:30,51026.6,51025,45,51029.4,45,30,2326050
BANKNIFTY-I.NFO,27/08/2024,09:44:32,51030.8,51026.35,15,51030.8,45,165,2326050
BANKNIFTY-I.NFO,27/08/2024,09:44:34,51026.55,51020.4,45,51027.9,15,105,2326050
BANKNIFTY-I.NFO,27/08/2024,09:44:35,51015.65,51017,15,51020,45,135,2326050
BANKNIFTY-I.NFO,27/08/2024,09:44:37,51020,51018.75,60,51020,30,105,2326050
BANKNIFTY-I.NFO,27/08/2024,09:44:38,51025.4,51017.75,60,51020,15,60,2326050
BANKNIFTY-I.NFO,27/08/2024,09:44:40,51027.1,51018.45,15,51026.3,30,45,2326050
BANKNIFTY-I.NFO,27/08/2024,09:44:41,51027.1,51020.05,75,51026.3,15,15,2326050
BANKNIFTY-I.NFO,27/08/2024,09:44:43,51026.3,51021.75,60,51026.35,15,120,2326050
BANKNIFTY-I.NFO,27/08/2024,09:44:45,51026.35,51025.8,15,51027.1,30,15,2326050
BANKNIFTY-I.NFO,27/08/2024,09:44:46,51024.2,51025,15,51029.95,45,90,2326050
BANKNIFTY-I.NFO,27/08/2024,09:44:48,51026.6,51021,15,51026.65,15,45,2326050
BANKNIFTY-I.NFO,27/08/2024,09:44:50,51025.75,51021,15,51025.9,15,30,2326050
BANKNIFTY-I.NFO,27/08/2024,09:44:51,51028.2,51021,15,51029.45,30,180,2326050
BANKNIFTY-I.NFO,27/08/2024,09:44:53,51029.35,51020.6,45,51029.4,15,210,2326050
BANKNIFTY-I.NFO,27/08/2024,09:44:55,51025,51021.85,45,51025,75,600,2326050
BANKNIFTY-I.NFO,27/08/2024,09:44:56,51021.95,51021,45,51025,105,45,2326050
BANKNIFTY-I.NFO,27/08/2024,09:44:58,51021.95,51021.8,15,51025,120,0,2326050
BANKNIFTY-I.NFO,27/08/2024,09:44:59,51019.95,51016.05,15,51025,90,420,2326050
BANKNIFTY-I.NFO,27/08/2024,09:45:01,51027.7,51019.15,15,51027.6,30,570,2326050
BANKNIFTY-I.NFO,27/08/2024,09:45:03,51027.9,51017.85,15,51024.45,30,30,2326050
BANKNIFTY-I.NFO,27/08/2024,09:45:04,51021.3,51021.3,15,51028.4,15,225,2326050
BANKNIFTY-I.NFO,27/08/2024,09:45:06,51027.7,51021.95,30,51030.75,15,30,2326050
BANKNIFTY-I.NFO,27/08/2024,09:45:08,51027.7,51021.95,30,51030,15,0,2326050
BANKNIFTY-I.NFO,27/08/2024,09:45:09,51027.7,51021.95,30,51029,15,0,2326050
BANKNIFTY-I.NFO,27/08/2024,09:45:11,51025.7,51021,30,51024.8,15,60,2326050
BANKNIFTY-I.NFO,27/08/2024,09:45:13,51026.5,51017.9,15,51025.15,30,195,2326050
BANKNIFTY-I.NFO,27/08/2024,09:45:14,51024.7,51018.05,15,51024.45,15,75,2326050
BANKNIFTY-I.NFO,27/08/2024,09:45:16,51018.55,51018.05,15,51025.1,15,45,2326050
BANKNIFTY-I.NFO,27/08/2024,09:45:17,51018.55,51018.05,15,51025,75,0,2326050
BANKNIFTY-I.NFO,27/08/2024,09:45:19,51025,51025,90,51027.5,15,120,2326050
BANKNIFTY-I.NFO,27/08/2024,09:45:21,51025,51018.25,15,51026.6,30,420,2326050
BANKNIFTY-I.NFO,27/08/2024,09:45:22,51027.55,51018.05,15,51025.3,15,165,2326050
BANKNIFTY-I.NFO,27/08/2024,09:45:24,51025.3,51018.05,15,51024.55,15,195,2326050
BANKNIFTY-I.NFO,27/08/2024,09:45:25,51025.3,51020,30,51024.55,60,0,2326050
BANKNIFTY-I.NFO,27/08/2024,09:45:27,51008.65,51008.3,15,51008.6,15,270,2326050
BANKNIFTY-I.NFO,27/08/2024,09:45:29,51014.9,51006.45,15,51015.25,60,360,2326050
BANKNIFTY-I.NFO,27/08/2024,09:45:30,51011.4,51004.4,15,51011.05,165,90,2326050
BANKNIFTY-I.NFO,27/08/2024,09:45:32,51001,51000,420,51001,15,420,2326050
BANKNIFTY-I.NFO,27/08/2024,09:45:34,50997.4,50991.55,15,50998.4,15,1650,2326050
BANKNIFTY-I.NFO,27/08/2024,09:45:35,50991.05,50991.4,30,51000,30,210,2326050
BANKNIFTY-I.NFO,27/08/2024,09:45:37,50996.45,50992.95,15,50998.35,15,15,2326050
BANKNIFTY-I.NFO,27/08/2024,09:45:38,50990.65,50995,15,50998.35,45,150,2326050
BANKNIFTY-I.NFO,27/08/2024,09:45:40,51000,50998.85,15,51001,30,345,2326050
BANKNIFTY-I.NFO,27/08/2024,09:45:42,51001,51002.7,15,51008.35,135,45,2326050
BANKNIFTY-I.NFO,27/08/2024,09:45:43,51001,51008.35,15,51014.05,60,0,2326050
BANKNIFTY-I.NFO,27/08/2024,09:45:45,51013,51010.15,15,51014.35,135,90,2328135
BANKNIFTY-I.NFO,27/08/2024,09:45:47,51012.9,51007.4,15,51014.2,30,45,2328135
BANKNIFTY-I.NFO,27/08/2024,09:45:48,51014.4,51007.9,15,51013.8,165,75,2328135
BANKNIFTY-I.NFO,27/08/2024,09:45:50,51014.4,51012.4,15,51015.75,150,0,2328135
BANKNIFTY-I.NFO,27/08/2024,09:45:52,51014.35,51009.4,15,51012.85,135,120,2328135
BANKNIFTY-I.NFO,27/08/2024,09:45:53,51009.95,51005.95,15,51011.05,120,630,2328135
BANKNIFTY-I.NFO,27/08/2024,09:45:55,51012.85,51008.55,15,51010.8,150,720,2328135
BANKNIFTY-I.NFO,27/08/2024,09:45:57,51005.95,51006.1,15,51013.4,15,405,2328135
BANKNIFTY-I.NFO,27/08/2024,09:45:58,51012.8,51006.55,15,51013.45,60,45,2328135
BANKNIFTY-I.NFO,27/08/2024,09:46:00,51015.45,51006.75,15,51015.5,150,60,2328135
BANKNIFTY-I.NFO,27/08/2024,09:46:01,51005.8,51005.8,15,51012.8,75,15,2328135
BANKNIFTY-I.NFO,27/08/2024,09:46:03,51015.8,51012.85,60,51015,15,30,2328135
BANKNIFTY-I.NFO,27/08/2024,09:46:05,51009.85,51007.15,60,51015,15,75,2328135
BANKNIFTY-I.NFO,27/08/2024,09:46:06,51015,51015.8,30,51019,15,210,2328135
BANKNIFTY-I.NFO,27/08/2024,09:46:08,51014.8,51012.2,180,51014.3,150,390,2328135
BANKNIFTY-I.NFO,27/08/2024,09:46:10,51012.2,51005.8,15,51011.8,165,180,2328135
BANKNIFTY-I.NFO,27/08/2024,09:46:11,51008.45,51005.75,180,51009,165,405,2328135
BANKNIFTY-I.NFO,27/08/2024,09:46:13,51010.6,51006.1,15,51010.75,60,1380,2328135
BANKNIFTY-I.NFO,27/08/2024,09:46:14,51009.55,51008.8,180,51010.45,600,30,2328135
BANKNIFTY-I.NFO,27/08/2024,09:46:16,51008.8,51004.1,15,51008.45,300,180,2328135
BANKNIFTY-I.NFO,27/08/2024,09:46:18,51011.15,51005.45,15,51011.15,900,450,2328135
BANKNIFTY-I.NFO,27/08/2024,09:46:19,51005.45,51005.45,15,51008.2,300,15,2328135
BANKNIFTY-I.NFO,27/08/2024,09:46:21,51008.95,51005.45,15,51008.5,360,105,2328135
BANKNIFTY-I.NFO,27/08/2024,09:46:23,51008.95,51005.45,15,51007.15,60,0,2328135
BANKNIFTY-I.NFO,27/08/2024,09:46:24,51005.4,51005.15,15,51006.85,150,240,2328135
BANKNIFTY-I.NFO,27/08/2024,09:46:26,51001,51001.95,15,51005.95,300,450,2328135
BANKNIFTY-I.NFO,27/08/2024,09:46:27,51005.85,51002.2,15,51006.05,45,375,2328135
BANKNIFTY-I.NFO,27/08/2024,09:46:29,51002.3,50998.6,15,51003.95,450,75,2328135
BANKNIFTY-I.NFO,27/08/2024,09:46:31,51000.1,51001.65,15,51005.35,300,75,2328135
BANKNIFTY-I.NFO,27/08/2024,09:46:32,51003.35,51001.7,15,51003.45,150,270,2328135
BANKNIFTY-I.NFO,27/08/2024,09:46:34,51002.3,51002.9,15,51006.95,225,45,2328135
BANKNIFTY-I.NFO,27/08/2024,09:46:36,51006.15,51001.55,15,51003.65,60,75,2328135
BANKNIFTY-I.NFO,27/08/2024,09:46:37,51002.3,51001.25,180,51003.65,75,930,2328135
BANKNIFTY-I.NFO,27/08/2024,09:46:39,51003.65,51003.2,15,51003.65,15,15,2328135
BANKNIFTY-I.NFO,27/08/2024,09:46:41,51003.6,51003.75,15,51004,30,30,2328135
BANKNIFTY-I.NFO,27/08/2024,09:46:42,51003.65,51004.85,15,51006.3,45,270,2328135
BANKNIFTY-I.NFO,27/08/2024,09:46:44,50995,51002.2,15,51003.05,45,2145,2328135
BANKNIFTY-I.NFO,27/08/2024,09:46:45,51002.75,51000.05,255,51003.2,60,180,2328135
BANKNIFTY-I.NFO,27/08/2024,09:46:47,51002.8,51000.05,255,51004.2,60,300,2328135
BANKNIFTY-I.NFO,27/08/2024,09:46:49,51005.2,51003.6,15,51004.9,75,45,2328135
BANKNIFTY-I.NFO,27/08/2024,09:46:50,51003.05,51004.1,15,51005.8,225,15,2328135
BANKNIFTY-I.NFO,27/08/2024,09:46:52,51005,51007.4,15,51010,15,1275,2328135
BANKNIFTY-I.NFO,27/08/2024,09:46:54,51002.85,51009,15,51010,15,345,2328135
BANKNIFTY-I.NFO,27/08/2024,09:46:55,51010,51010.65,15,51015.15,15,30,2328135
BANKNIFTY-I.NFO,27/08/2024,09:46:57,51016.25,51014.9,15,51019,15,45,2328135
BANKNIFTY-I.NFO,27/08/2024,09:46:58,51024.6,51015.8,15,51021.15,150,435,2328135
BANKNIFTY-I.NFO,27/08/2024,09:47:00,51017.85,51017.3,15,51022.8,1500,30,2328135
BANKNIFTY-I.NFO,27/08/2024,09:47:02,51016.65,51016.1,15,51022.15,150,60,2328135
BANKNIFTY-I.NFO,27/08/2024,09:47:03,51011.15,51020,900,51021.3,150,60,2328135
BANKNIFTY-I.NFO,27/08/2024,09:47:05,51020,51015.5,15,51020.3,15,930,2328135
BANKNIFTY-I.NFO,27/08/2024,09:47:07,51015.95,51015.35,15,51020.75,270,45,2328135
BANKNIFTY-I.NFO,27/08/2024,09:47:08,51014.95,51013.95,15,51019.55,45,60,2328135
BANKNIFTY-I.NFO,27/08/2024,09:47:10,51013.35,51011.15,15,51013.75,30,105,2328135
BANKNIFTY-I.NFO,27/08/2024,09:47:11,51013.35,51013.6,15,51019.35,150,0,2328135
BANKNIFTY-I.NFO,27/08/2024,09:47:13,51013.95,51013.2,15,51017,240,75,2328135
BANKNIFTY-I.NFO,27/08/2024,09:47:15,51013.95,51015.8,30,51019.85,135,0,2328135
BANKNIFTY-I.NFO,27/08/2024,09:47:16,51017.75,51015.8,15,51018.1,90,60,2328135
BANKNIFTY-I.NFO,27/08/2024,09:47:18,51019.2,51015.8,15,51017.7,75,15,2328135
BANKNIFTY-I.NFO,27/08/2024,09:47:19,51015,51015,30,51017.7,150,60,2328135
BANKNIFTY-I.NFO,27/08/2024,09:47:21,51015,51011.15,15,51014.75,15,30,2328135
BANKNIFTY-I.NFO,27/08/2024,09:47:23,51008,51008.9,15,51014.6,150,195,2328135
BANKNIFTY-I.NFO,27/08/2024,09:47:24,51014.4,51008,135,51012.7,105,75,2328135
BANKNIFTY-I.NFO,27/08/2024,09:47:26,51010.8,51008,135,51009.5,150,45,2328135
BANKNIFTY-I.NFO,27/08/2024,09:47:27,51008,51008,45,51010.45,300,90,2328135
BANKNIFTY-I.NFO,27/08/2024,09:47:29,51010.45,51008,45,51010.85,525,15,2328135
BANKNIFTY-I.NFO,27/08/2024,09:47:31,51010.8,51009.35,15,51010.8,30,75,2328135
BANKNIFTY-I.NFO,27/08/2024,09:47:32,51010,51010.65,15,51010.8,15,30,2328135
BANKNIFTY-I.NFO,27/08/2024,09:47:34,51016.2,51015.85,30,51016.6,15,180,2328135
BANKNIFTY-I.NFO,27/08/2024,09:47:35,51015.85,51015.85,15,51016.6,15,15,2328135
BANKNIFTY-I.NFO,27/08/2024,09:47:37,51018.95,51013,15,51018.15,30,120,2328135
BANKNIFTY-I.NFO,27/08/2024,09:47:39,51013.4,51010.8,45,51012.9,135,60,2328135
BANKNIFTY-I.NFO,27/08/2024,09:47:40,51009.1,51006,15,51008,30,330,2328135
BANKNIFTY-I.NFO,27/08/2024,09:47:42,51009.1,51006,15,51008,30,105,2328135
BANKNIFTY-I.NFO,27/08/2024,09:47:44,51008,51008,15,51008.25,15,45,2328135
BANKNIFTY-I.NFO,27/08/2024,09:47:45,51008.25,51009.95,15,51012.05,30,30,2328135
BANKNIFTY-I.NFO,27/08/2024,09:47:47,51009.95,51009.95,15,51010.35,30,165,2328135
BANKNIFTY-I.NFO,27/08/2024,09:47:48,51008,51007,15,51010.65,30,30,2328135
BANKNIFTY-I.NFO,27/08/2024,09:47:50,51009.2,51007,15,51009.3,30,15,2328135
BANKNIFTY-I.NFO,27/08/2024,09:47:52,51006.1,51007,15,51009.3,15,30,2328135
BANKNIFTY-I.NFO,27/08/2024,09:47:53,51009.3,51007,15,51010.25,30,30,2328135
BANKNIFTY-I.NFO,27/08/2024,09:47:55,51005,51002.65,15,51004.35,30,150,2328135
BANKNIFTY-I.NFO,27/08/2024,09:47:57,51012.95,51010.5,15,51012.95,15,135,2328135
BANKNIFTY-I.NFO,27/08/2024,09:47:58,51012.9,51012.8,15,51012.85,15,45,2328135
BANKNIFTY-I.NFO,27/08/2024,09:48:00,51009.1,51011.55,15,51017.05,75,120,2328135
