Ticker,Date,Time,LTP,BuyPrice,BuyQty,SellPrice,SellQty,LTQ,OpenInterest
NIFTY-I.NFO,27/08/2024,09:15:00,25043.05,25037.3,100,25044.55,75,525,9749200
NIFTY-I.NFO,27/08/2024,09:15:00,25043.05,25037.3,100,25044.55,75,0,9749200
NIFTY-I.NFO,27/08/2024,09:15:00,25048.85,25037.3,100,25044.55,75,0,9749200
NIFTY-I.NFO,27/08/2024,09:15:00,25039.8,25037.3,100,25044.55,75,0,9749200
NIFTY-I.NFO,27/08/2024,09:15:01,25033.5,25029.3,200,25033.35,50,825,9749200
NIFTY-I.NFO,27/08/2024,09:15:01,25029.15,25029.3,200,25033.35,50,0,9749200
NIFTY-I.NFO,27/08/2024,09:15:02,25028.7,25028.8,275,25031.05,25,650,9749200
NIFTY-I.NFO,27/08/2024,09:15:02,25026.7,25028.8,275,25031.05,25,0,9749200
NIFTY-I.NFO,27/08/2024,09:15:04,25030.15,25027.4,25,25030.15,25,975,9749200
NIFTY-I.NFO,27/08/2024,09:15:04,25025.45,25027.4,25,25030.15,25,0,9749200
NIFTY-I.NFO,27/08/2024,09:15:05,25030,25030,25,25034,125,475,9749200
NIFTY-I.NFO,27/08/2024,09:15:06,25029.55,25025.7,25,25029.95,100,1550,9749200
NIFTY-I.NFO,27/08/2024,09:15:06,25025,25025.7,25,25029.95,100,0,9749200
NIFTY-I.NFO,27/08/2024,09:15:08,25024.2,25024.05,50,25028,100,675,9749200
NIFTY-I.NFO,27/08/2024,09:15:08,25019.15,25024.05,50,25028,100,0,9749200
NIFTY-I.NFO,27/08/2024,09:15:09,25029.05,25022.75,100,25029.05,25,300,9749200
NIFTY-I.NFO,27/08/2024,09:15:11,25030,25030.6,250,25033.5,25,1325,9749200
NIFTY-I.NFO,27/08/2024,09:15:13,25024,25023.75,150,25029.3,100,400,9749200
NIFTY-I.NFO,27/08/2024,09:15:14,25025,25024.85,150,25029.95,100,1350,9749200
NIFTY-I.NFO,27/08/2024,09:15:16,25025.55,25023.6,100,25028.85,25,1350,9749200
NIFTY-I.NFO,27/08/2024,09:15:18,25025.55,25022.1,150,25025.55,1175,1350,9749200
NIFTY-I.NFO,27/08/2024,09:15:19,25025.55,25026.15,100,25030,1125,1225,9749200
NIFTY-I.NFO,27/08/2024,09:15:21,25029,25029,100,25030,800,2000,9749200
NIFTY-I.NFO,27/08/2024,09:15:22,25033,25029.05,175,25033,50,2350,9749200
NIFTY-I.NFO,27/08/2024,09:15:24,25029,25027.25,175,25032.4,100,675,9749200
NIFTY-I.NFO,27/08/2024,09:15:26,25029.7,25025.15,450,25029.7,75,300,9749200
NIFTY-I.NFO,27/08/2024,09:15:27,25027.85,25023,25,25026.4,25,125,9749200
NIFTY-I.NFO,27/08/2024,09:15:29,25027.15,25024.35,100,25028.6,25,2675,9749200
NIFTY-I.NFO,27/08/2024,09:15:31,25028.95,25022.7,25,25028.35,100,50,9749200
NIFTY-I.NFO,27/08/2024,09:15:32,25023.45,25023.55,25,25024.3,1800,400,9749200
NIFTY-I.NFO,27/08/2024,09:15:34,25021.75,25021.45,350,25026.8,100,2000,9749200
NIFTY-I.NFO,27/08/2024,09:15:35,25025.4,25020.65,50,25025,50,175,9749200
NIFTY-I.NFO,27/08/2024,09:15:37,25023.45,25020,700,25023.45,1625,1600,9749200
NIFTY-I.NFO,27/08/2024,09:15:39,25022.2,25022.1,200,25027.05,125,2450,9749200
NIFTY-I.NFO,27/08/2024,09:15:40,25025.4,25022.3,225,25026.05,25,375,9749200
NIFTY-I.NFO,27/08/2024,09:15:42,25022.15,25022.15,200,25027.15,25,250,9742025
NIFTY-I.NFO,27/08/2024,09:15:44,25020.4,25020.7,125,25026,100,625,9742025
NIFTY-I.NFO,27/08/2024,09:15:45,25021.25,25021.2,25,25025,50,2550,9742025
NIFTY-I.NFO,27/08/2024,09:15:47,25024,25020.6,25,25025.65,200,1700,9742025
NIFTY-I.NFO,27/08/2024,09:15:49,25021,25020.45,100,25025.4,150,450,9742025
NIFTY-I.NFO,27/08/2024,09:15:50,25021.05,25020.75,100,25024.9,25,275,9742025
NIFTY-I.NFO,27/08/2024,09:15:52,25024,25021.55,25,25024,75,275,9742025
NIFTY-I.NFO,27/08/2024,09:15:53,25021.75,25021.05,275,25025,200,425,9742025
NIFTY-I.NFO,27/08/2024,09:15:55,25021.55,25020.8,25,25025,275,450,9742025
NIFTY-I.NFO,27/08/2024,09:15:56,25025,25021.55,125,25025,100,675,9742025
NIFTY-I.NFO,27/08/2024,09:15:58,25021.7,25021.7,50,25025,125,625,9742025
NIFTY-I.NFO,27/08/2024,09:16:00,25025.55,25022.45,300,25025.95,100,525,9742025
NIFTY-I.NFO,27/08/2024,09:16:01,25026.1,25025.7,25,25028,375,650,9742025
NIFTY-I.NFO,27/08/2024,09:16:03,25028,25026.45,50,25028,275,600,9742025
NIFTY-I.NFO,27/08/2024,09:16:05,25034.25,25029.25,100,25033.35,100,2075,9742025
NIFTY-I.NFO,27/08/2024,09:16:06,25029.2,25028.45,225,25032.55,125,200,9742025
NIFTY-I.NFO,27/08/2024,09:16:08,25028.05,25028.1,200,25032.55,100,325,9742025
NIFTY-I.NFO,27/08/2024,09:16:09,25027,25026.45,200,25031.45,100,400,9742025
NIFTY-I.NFO,27/08/2024,09:16:11,25026.1,25025.1,250,25026.1,100,275,9742025
NIFTY-I.NFO,27/08/2024,09:16:13,25029.95,25025.1,250,25030.05,25,375,9742025
NIFTY-I.NFO,27/08/2024,09:16:14,25025.1,25025,1900,25029.2,75,300,9742025
NIFTY-I.NFO,27/08/2024,09:16:16,25028.75,25026.1,50,25028.7,100,350,9742025
NIFTY-I.NFO,27/08/2024,09:16:18,25025.05,25025.1,125,25028.45,25,475,9742025
NIFTY-I.NFO,27/08/2024,09:16:19,25028.85,25026.05,100,25029,25,700,9742025
NIFTY-I.NFO,27/08/2024,09:16:21,25028.75,25026.1,175,25028.75,325,725,9742025
NIFTY-I.NFO,27/08/2024,09:16:22,25028.75,25027,25,25028.75,100,475,9742025
NIFTY-I.NFO,27/08/2024,09:16:24,25026.1,25025.45,200,25027.35,100,75,9742025
NIFTY-I.NFO,27/08/2024,09:16:26,25026.25,25026.45,150,25027.35,225,150,9742025
NIFTY-I.NFO,27/08/2024,09:16:27,25026.8,25026.5,200,25031.15,50,375,9742025
NIFTY-I.NFO,27/08/2024,09:16:29,25031.25,25027.75,150,25031.25,75,275,9742025
NIFTY-I.NFO,27/08/2024,09:16:30,25026.85,25027.15,100,25032,225,150,9742025
NIFTY-I.NFO,27/08/2024,09:16:32,25027.75,25027.75,200,25032.6,100,400,9742025
NIFTY-I.NFO,27/08/2024,09:16:34,25032.1,25027.3,125,25031.65,150,175,9742025
NIFTY-I.NFO,27/08/2024,09:16:35,25027.05,25027,425,25031.85,100,300,9742025
NIFTY-I.NFO,27/08/2024,09:16:37,25027.7,25027,125,25027.7,475,475,9742025
NIFTY-I.NFO,27/08/2024,09:16:39,25027.75,25027.05,100,25030,25,625,9742025
NIFTY-I.NFO,27/08/2024,09:16:40,25029.95,25027.1,125,25029.95,50,125,9742025
NIFTY-I.NFO,27/08/2024,09:16:42,25032,25027.5,300,25032.25,25,275,9742025
NIFTY-I.NFO,27/08/2024,09:16:44,25029.95,25027.6,150,25032.6,25,150,9742025
NIFTY-I.NFO,27/08/2024,09:16:45,25028.45,25028.65,150,25032.2,50,125,9742025
NIFTY-I.NFO,27/08/2024,09:16:47,25028.5,25030,25,25032.2,50,350,9742025
NIFTY-I.NFO,27/08/2024,09:16:48,25032,25029,575,25031.95,175,175,9742025
NIFTY-I.NFO,27/08/2024,09:16:50,25032,25029,575,25031.55,100,0,9742025
NIFTY-I.NFO,27/08/2024,09:16:52,25028.45,25027.75,25,25028.45,25,575,9742025
NIFTY-I.NFO,27/08/2024,09:16:53,25030.7,25027.75,125,25029,200,50,9742025
NIFTY-I.NFO,27/08/2024,09:16:55,25027.75,25027.15,175,25031.75,100,250,9742025
NIFTY-I.NFO,27/08/2024,09:16:57,25027.75,25027.2,300,25030,25,50,9742025
NIFTY-I.NFO,27/08/2024,09:16:58,25030.7,25027.2,125,25031.55,125,175,9742025
NIFTY-I.NFO,27/08/2024,09:17:00,25031.6,25030.7,25,25032,25,2075,9742025
NIFTY-I.NFO,27/08/2024,09:17:01,25027.75,25027.7,100,25031.95,100,1150,9742025
NIFTY-I.NFO,27/08/2024,09:17:03,25030,25027.55,200,25032,25,2175,9742025
NIFTY-I.NFO,27/08/2024,09:17:05,25030.45,25030.65,200,25033,200,1225,9742025
NIFTY-I.NFO,27/08/2024,09:17:06,25030.5,25030.9,150,25033,175,3175,9742025
NIFTY-I.NFO,27/08/2024,09:17:08,25032.05,25031.15,25,25036.35,125,350,9742025
NIFTY-I.NFO,27/08/2024,09:17:09,25032.1,25032.1,25,25036.7,100,150,9742025
NIFTY-I.NFO,27/08/2024,09:17:11,25036.7,25031.85,25,25036.75,25,1100,9742025
NIFTY-I.NFO,27/08/2024,09:17:13,25033.85,25033.85,50,25038,125,300,9742025
NIFTY-I.NFO,27/08/2024,09:17:14,25037,25035.55,125,25038,50,675,9742025
NIFTY-I.NFO,27/08/2024,09:17:16,25035.8,25035.75,25,25039,175,225,9742025
NIFTY-I.NFO,27/08/2024,09:17:18,25039,25036,25,25039,225,100,9742025
NIFTY-I.NFO,27/08/2024,09:17:19,25039,25039,50,25041.85,25,2075,9742025
NIFTY-I.NFO,27/08/2024,09:17:21,25037.3,25037,100,25041.45,25,150,9742025
NIFTY-I.NFO,27/08/2024,09:17:22,25041.85,25036.5,100,25041.9,25,175,9742025
NIFTY-I.NFO,27/08/2024,09:17:24,25041.9,25036.9,25,25041.9,75,100,9742025
NIFTY-I.NFO,27/08/2024,09:17:26,25037,25037,475,25039,600,600,9742025
NIFTY-I.NFO,27/08/2024,09:17:28,25037,25037,425,25039,675,75,9742025
NIFTY-I.NFO,27/08/2024,09:17:29,25043.55,25037.65,125,25042.5,100,3050,9742025
NIFTY-I.NFO,27/08/2024,09:17:31,25037.7,25037.65,25,25041.9,25,175,9742025
NIFTY-I.NFO,27/08/2024,09:17:32,25043,25038.05,25,25042.3,100,950,9742025
NIFTY-I.NFO,27/08/2024,09:17:34,25040,25040,100,25041,25,325,9742025
NIFTY-I.NFO,27/08/2024,09:17:36,25040,25037.3,50,25040.9,25,150,9742025
NIFTY-I.NFO,27/08/2024,09:17:37,25037.3,25037.3,25,25040.75,25,2050,9742025
NIFTY-I.NFO,27/08/2024,09:17:39,25041.7,25036.8,100,25041.6,25,575,9742025
NIFTY-I.NFO,27/08/2024,09:17:41,25038.1,25038.15,100,25042.8,50,1000,9742025
NIFTY-I.NFO,27/08/2024,09:17:42,25040,25038.6,100,25040,375,25,9742025
NIFTY-I.NFO,27/08/2024,09:17:44,25040,25038.55,25,25040,450,50,9742025
NIFTY-I.NFO,27/08/2024,09:17:46,25040,25040,1325,25043.45,50,600,9742025
NIFTY-I.NFO,27/08/2024,09:17:47,25044.85,25040.4,50,25045,75,1300,9742025
NIFTY-I.NFO,27/08/2024,09:17:49,25041.3,25041.3,75,25045.6,25,1000,9742025
NIFTY-I.NFO,27/08/2024,09:17:51,25047.75,25043.15,175,25047.75,100,100,9742025
NIFTY-I.NFO,27/08/2024,09:17:52,25047.85,25043.05,25,25047.9,25,1425,9742025
NIFTY-I.NFO,27/08/2024,09:17:54,25041.3,25042.55,25,25046.25,100,775,9742025
NIFTY-I.NFO,27/08/2024,09:17:55,25047.1,25041.6,100,25047.1,25,650,9742025
NIFTY-I.NFO,27/08/2024,09:17:57,25047.65,25045,150,25047.7,50,725,9742025
NIFTY-I.NFO,27/08/2024,09:17:57,25048.9,25045,150,25047.7,50,0,9742025
NIFTY-I.NFO,27/08/2024,09:17:59,25042.1,25042.05,75,25046.35,25,1400,9742025
NIFTY-I.NFO,27/08/2024,09:18:00,25046.35,25042.05,25,25046.85,25,1450,9742025
NIFTY-I.NFO,27/08/2024,09:18:02,25047.1,25043.3,100,25047,25,275,9742025
NIFTY-I.NFO,27/08/2024,09:18:04,25047.05,25044.05,100,25047.35,25,200,9742025
NIFTY-I.NFO,27/08/2024,09:18:05,25048,25044,700,25047.75,50,125,9742025
NIFTY-I.NFO,27/08/2024,09:18:07,25044,25042.1,25,25044.85,200,1400,9742025
NIFTY-I.NFO,27/08/2024,09:18:09,25043.5,25040,2825,25043.4,175,1325,9742025
NIFTY-I.NFO,27/08/2024,09:18:10,25042.25,25040,2775,25041.5,150,100,9742025
NIFTY-I.NFO,27/08/2024,09:18:12,25041.5,25041.5,50,25044.35,50,150,9742025
NIFTY-I.NFO,27/08/2024,09:18:14,25042.25,25041.35,25,25042.25,625,250,9742025
NIFTY-I.NFO,27/08/2024,09:18:15,25041.35,25041.35,50,25042.25,550,150,9742025
NIFTY-I.NFO,27/08/2024,09:18:17,25041.35,25041.35,25,25042.25,575,525,9742025
NIFTY-I.NFO,27/08/2024,09:18:19,25042.25,25041.15,25,25042.25,400,400,9742025
NIFTY-I.NFO,27/08/2024,09:18:20,25043.95,25041.95,50,25046.4,100,700,9742025
NIFTY-I.NFO,27/08/2024,09:18:22,25044.45,25041.35,50,25044.45,125,525,9742025
NIFTY-I.NFO,27/08/2024,09:18:24,25041.95,25041,25,25044.45,100,600,9742025
NIFTY-I.NFO,27/08/2024,09:18:25,25044.45,25041,25,25044.15,100,25,9742025
NIFTY-I.NFO,27/08/2024,09:18:27,25043.95,25042.05,25,25043.95,175,325,9742025
NIFTY-I.NFO,27/08/2024,09:18:28,25042.65,25040.05,100,25043.2,50,200,9742025
NIFTY-I.NFO,27/08/2024,09:18:30,25041,25037.65,25,25041.35,100,3300,9742025
NIFTY-I.NFO,27/08/2024,09:18:32,25040.75,25037,50,25040.05,25,100,9742025
NIFTY-I.NFO,27/08/2024,09:18:33,25039.2,25037,50,25039.75,25,200,9742025
NIFTY-I.NFO,27/08/2024,09:18:35,25042.05,25038.05,300,25042.35,150,200,9742025
NIFTY-I.NFO,27/08/2024,09:18:37,25040.05,25037.4,175,25041.25,25,250,9742025
NIFTY-I.NFO,27/08/2024,09:18:38,25040.05,25037.15,175,25040.05,50,0,9742025
NIFTY-I.NFO,27/08/2024,09:18:40,25041.5,25037.25,75,25040,125,425,9742025
NIFTY-I.NFO,27/08/2024,09:18:42,25037.2,25037.2,50,25040.15,550,50,9735925
NIFTY-I.NFO,27/08/2024,09:18:43,25038.4,25037.25,25,25039.2,25,175,9735925
NIFTY-I.NFO,27/08/2024,09:18:45,25037.25,25037.2,25,25038.75,125,25,9735925
NIFTY-I.NFO,27/08/2024,09:18:47,25040.2,25037.25,125,25040.4,25,600,9735925
NIFTY-I.NFO,27/08/2024,09:18:48,25040.6,25037.35,175,25041,25,175,9735925
NIFTY-I.NFO,27/08/2024,09:18:50,25041.95,25039.35,75,25043,25,175,9735925
NIFTY-I.NFO,27/08/2024,09:18:52,25043,25040.3,25,25043.3,25,50,9735925
NIFTY-I.NFO,27/08/2024,09:18:53,25040.5,25040.6,25,25043.3,25,75,9735925
NIFTY-I.NFO,27/08/2024,09:18:55,25040.05,25040.05,75,25040.6,25,75,9735925
NIFTY-I.NFO,27/08/2024,09:18:57,25040,25038.9,25,25042.85,25,125,9735925
NIFTY-I.NFO,27/08/2024,09:18:58,25040.05,25040.05,50,25043,25,175,9735925
NIFTY-I.NFO,27/08/2024,09:19:00,25043.15,25040.05,50,25042.9,125,100,9735925
NIFTY-I.NFO,27/08/2024,09:19:02,25042.6,25040,25,25041.95,25,75,9735925
NIFTY-I.NFO,27/08/2024,09:19:03,25041.5,25038.75,75,25041.35,125,100,9735925
NIFTY-I.NFO,27/08/2024,09:19:05,25040,25037.5,25,25040.05,50,250,9735925
NIFTY-I.NFO,27/08/2024,09:19:07,25037.55,25037.55,125,25040.05,50,25,9735925
NIFTY-I.NFO,27/08/2024,09:19:08,25037.8,25037.8,100,25042.35,50,375,9735925
NIFTY-I.NFO,27/08/2024,09:19:10,25042.45,25039,25,25040.9,25,125,9735925
NIFTY-I.NFO,27/08/2024,09:19:12,25040.1,25039,25,25040.1,25,25,9735925
NIFTY-I.NFO,27/08/2024,09:19:13,25040,25036.5,800,25040.25,575,1100,9735925
NIFTY-I.NFO,27/08/2024,09:19:15,25039.8,25035.45,175,25039.7,25,1125,9735925
NIFTY-I.NFO,27/08/2024,09:19:17,25039.8,25035.85,175,25039.7,25,0,9735925
NIFTY-I.NFO,27/08/2024,09:19:18,25038,25035.5,75,25038.95,125,25,9735925
NIFTY-I.NFO,27/08/2024,09:19:20,25038.95,25038.15,25,25039,200,125,9735925
NIFTY-I.NFO,27/08/2024,09:19:22,25040,25038.15,100,25040,850,375,9735925
NIFTY-I.NFO,27/08/2024,09:19:23,25038,25035.9,100,25038,25,400,9735925
NIFTY-I.NFO,27/08/2024,09:19:25,25038,25036.25,75,25038.2,25,75,9735925
NIFTY-I.NFO,27/08/2024,09:19:27,25038.5,25036.25,50,25038.15,50,50,9735925
NIFTY-I.NFO,27/08/2024,09:19:28,25038.5,25036.25,50,25038.15,50,0,9735925
NIFTY-I.NFO,27/08/2024,09:19:30,25037.55,25035.5,100,25037.15,25,300,9735925
NIFTY-I.NFO,27/08/2024,09:19:32,25035,25033.35,100,25036.5,425,1800,9735925
NIFTY-I.NFO,27/08/2024,09:19:33,25033.35,25033.45,125,25036.75,125,500,9735925
NIFTY-I.NFO,27/08/2024,09:19:35,25033.45,25033.55,100,25035.8,125,50,9735925
NIFTY-I.NFO,27/08/2024,09:19:37,25033.55,25033.55,150,25035.6,25,75,9735925
NIFTY-I.NFO,27/08/2024,09:19:38,25033.55,25033.6,125,25036.5,25,200,9735925
NIFTY-I.NFO,27/08/2024,09:19:40,25034.5,25034.5,200,25037.8,25,125,9735925
NIFTY-I.NFO,27/08/2024,09:19:42,25035.05,25035.05,50,25038,375,75,9735925
NIFTY-I.NFO,27/08/2024,09:19:43,25039.6,25035.95,100,25039.65,125,575,9735925
NIFTY-I.NFO,27/08/2024,09:19:45,25040,25036.55,75,25040,75,300,9735925
NIFTY-I.NFO,27/08/2024,09:19:47,25040,25036.2,75,25039,25,0,9735925
NIFTY-I.NFO,27/08/2024,09:19:48,25036.2,25035.05,25,25037.85,25,50,9735925
NIFTY-I.NFO,27/08/2024,09:19:50,25037.45,25035.45,25,25037.45,25,100,9735925
NIFTY-I.NFO,27/08/2024,09:19:52,25037.45,25035.7,25,25037,75,0,9735925
NIFTY-I.NFO,27/08/2024,09:19:53,25037.85,25036.6,100,25038,25,75,9735925
NIFTY-I.NFO,27/08/2024,09:19:55,25035,25034.05,100,25035.9,25,450,9735925
NIFTY-I.NFO,27/08/2024,09:19:57,25033.65,25033.65,125,25035.05,50,1300,9735925
NIFTY-I.NFO,27/08/2024,09:19:58,25033.65,25033.3,25,25035.05,25,75,9735925
NIFTY-I.NFO,27/08/2024,09:20:00,25032.05,25031.55,25,25035.7,25,775,9735925
NIFTY-I.NFO,27/08/2024,09:20:02,25030,25029.25,25,25033.8,25,2750,9735925
NIFTY-I.NFO,27/08/2024,09:20:03,25028.55,25028.5,125,25033.25,25,775,9735925
NIFTY-I.NFO,27/08/2024,09:20:05,25028.55,25027.6,100,25032.2,25,200,9735925
NIFTY-I.NFO,27/08/2024,09:20:06,25030.75,25027.15,100,25031.55,125,1300,9735925
NIFTY-I.NFO,27/08/2024,09:20:08,25027.4,25027.05,25,25031.45,25,525,9735925
NIFTY-I.NFO,27/08/2024,09:20:10,25026.35,25025.35,100,25030,25,350,9735925
NIFTY-I.NFO,27/08/2024,09:20:11,25028,25024.5,200,25029.45,25,2425,9735925
NIFTY-I.NFO,27/08/2024,09:20:13,25023.95,25023.6,100,25028.9,25,550,9735925
NIFTY-I.NFO,27/08/2024,09:20:15,25022.95,25022.3,100,25027.1,25,1100,9735925
NIFTY-I.NFO,27/08/2024,09:20:16,25023.25,25023.4,100,25028.45,100,950,9735925
NIFTY-I.NFO,27/08/2024,09:20:18,25028.3,25024.6,100,25028.3,125,625,9735925
NIFTY-I.NFO,27/08/2024,09:20:20,25025,25024.95,100,25029.35,25,1225,9735925
NIFTY-I.NFO,27/08/2024,09:20:21,25029.95,25025.65,25,25030,1550,50,9735925
NIFTY-I.NFO,27/08/2024,09:20:23,25026,25028.5,75,25030,1550,50,9735925
NIFTY-I.NFO,27/08/2024,09:20:25,25033.05,25028.8,100,25033.3,125,1700,9735925
NIFTY-I.NFO,27/08/2024,09:20:26,25028.6,25028.55,25,25030.2,25,25,9735925
NIFTY-I.NFO,27/08/2024,09:20:28,25029.55,25026,100,25029.55,100,125,9735925
NIFTY-I.NFO,27/08/2024,09:20:30,25029.55,25027.1,100,25029.75,125,0,9735925
NIFTY-I.NFO,27/08/2024,09:20:31,25029.55,25027.1,100,25028.6,125,0,9735925
NIFTY-I.NFO,27/08/2024,09:20:33,25028.6,25028.15,200,25030,1900,175,9735925
NIFTY-I.NFO,27/08/2024,09:20:35,25028.15,25028.15,25,25030,1575,350,9735925
NIFTY-I.NFO,27/08/2024,09:20:36,25033.4,25031,25,25033.4,75,1925,9735925
NIFTY-I.NFO,27/08/2024,09:20:38,25033.4,25030.95,25,25034.05,75,0,9735925
NIFTY-I.NFO,27/08/2024,09:20:40,25033.9,25030.8,250,25033.4,50,75,9735925
NIFTY-I.NFO,27/08/2024,09:20:41,25034.1,25031.2,100,25034.7,25,75,9735925
NIFTY-I.NFO,27/08/2024,09:20:43,25034.65,25031.25,25,25035,25,550,9735925
NIFTY-I.NFO,27/08/2024,09:20:45,25031.95,25031.55,100,25034.95,100,150,9735925
NIFTY-I.NFO,27/08/2024,09:20:46,25034.95,25034.15,100,25034.8,150,100,9735925
NIFTY-I.NFO,27/08/2024,09:20:48,25030.95,25030.4,25,25034.85,75,225,9735925
NIFTY-I.NFO,27/08/2024,09:20:49,25030.95,25030.95,25,25034.55,125,25,9735925
NIFTY-I.NFO,27/08/2024,09:20:51,25030.95,25030.25,25,25033.55,50,75,9735925
NIFTY-I.NFO,27/08/2024,09:20:53,25030.95,25031,25,25032.5,125,0,9735925
NIFTY-I.NFO,27/08/2024,09:20:54,25030.95,25030.05,100,25032.5,50,100,9735925
NIFTY-I.NFO,27/08/2024,09:20:56,25032.5,25030.05,100,25030.95,25,50,9735925
NIFTY-I.NFO,27/08/2024,09:20:58,25032.5,25030.05,100,25030.95,50,0,9735925
NIFTY-I.NFO,27/08/2024,09:20:59,25030.95,25030.05,75,25031,50,75,9735925
NIFTY-I.NFO,27/08/2024,09:21:01,25030,25028.05,100,25031.7,25,400,9735925
NIFTY-I.NFO,27/08/2024,09:21:03,25026.8,25026.8,50,25031.45,100,575,9735925
NIFTY-I.NFO,27/08/2024,09:21:04,25030,25027.05,25,25030,975,75,9735925
NIFTY-I.NFO,27/08/2024,09:21:06,25027.05,25027.05,50,25030,950,125,9735925
NIFTY-I.NFO,27/08/2024,09:21:07,25027.05,25027.05,100,25030,950,75,9735925
NIFTY-I.NFO,27/08/2024,09:21:09,25030,25027.05,100,25030,5375,100,9735925
NIFTY-I.NFO,27/08/2024,09:21:11,25029.95,25027.15,100,25029.95,75,200,9735925
NIFTY-I.NFO,27/08/2024,09:21:12,25029.85,25027.15,75,25029.85,100,150,9735925
NIFTY-I.NFO,27/08/2024,09:21:14,25028.55,25028.55,25,25029.8,100,400,9735925
NIFTY-I.NFO,27/08/2024,09:21:16,25029.75,25027.45,100,25029.75,25,225,9735925
NIFTY-I.NFO,27/08/2024,09:21:17,25030,25027.15,100,25029.55,125,150,9735925
NIFTY-I.NFO,27/08/2024,09:21:19,25029,25027.15,100,25029,50,150,9735925
NIFTY-I.NFO,27/08/2024,09:21:21,25029,25027.15,100,25029,175,25,9735925
NIFTY-I.NFO,27/08/2024,09:21:22,25029,25028.05,125,25029,50,300,9735925
NIFTY-I.NFO,27/08/2024,09:21:24,25026.8,25026,125,25027.15,950,325,9735925
NIFTY-I.NFO,27/08/2024,09:21:26,25027.15,25024.05,100,25027.15,400,1275,9735925
NIFTY-I.NFO,27/08/2024,09:21:27,25027.05,25024.15,50,25027.15,350,100,9735925
NIFTY-I.NFO,27/08/2024,09:21:29,25027.15,25025.15,25,25027.15,325,50,9735925
NIFTY-I.NFO,27/08/2024,09:21:31,25029,25029,25,25029.6,125,525,9735925
NIFTY-I.NFO,27/08/2024,09:21:32,25029.75,25029.75,125,25030,4850,1100,9735925
NIFTY-I.NFO,27/08/2024,09:21:34,25029.15,25029.8,75,25030,3175,1700,9735925
NIFTY-I.NFO,27/08/2024,09:21:36,25029.75,25025.4,100,25029.2,225,450,9735925
NIFTY-I.NFO,27/08/2024,09:21:37,25028.4,25025.05,50,25028.35,125,75,9735925
NIFTY-I.NFO,27/08/2024,09:21:39,25028.35,25025.45,50,25029.1,125,50,9735925
NIFTY-I.NFO,27/08/2024,09:21:40,25029.1,25025.25,50,25029.05,100,25,9735925
NIFTY-I.NFO,27/08/2024,09:21:42,25028.1,25025.05,100,25026.75,50,350,9729800
NIFTY-I.NFO,27/08/2024,09:21:44,25025.25,25025.05,75,25026.75,50,50,9729800
NIFTY-I.NFO,27/08/2024,09:21:45,25027.3,25025.05,75,25027.45,125,100,9729800
NIFTY-I.NFO,27/08/2024,09:21:47,25026.95,25025.05,75,25026.95,75,150,9729800
NIFTY-I.NFO,27/08/2024,09:21:49,25025.05,25025.05,50,25026.95,175,25,9729800
NIFTY-I.NFO,27/08/2024,09:21:50,25025.05,25025.05,75,25026.95,75,50,9729800
NIFTY-I.NFO,27/08/2024,09:21:52,25026.55,25025.05,75,25026.25,25,75,9729800
NIFTY-I.NFO,27/08/2024,09:21:54,25025.1,25025.1,50,25026.45,75,225,9729800
NIFTY-I.NFO,27/08/2024,09:21:55,25020.3,25020.05,75,25023.65,150,12650,9729800
NIFTY-I.NFO,27/08/2024,09:21:55,25017.45,25020.05,75,25023.65,150,0,9729800
NIFTY-I.NFO,27/08/2024,09:21:57,25024.3,25022.85,75,25023.75,25,25,9729800
NIFTY-I.NFO,27/08/2024,09:21:59,25021.8,25020.05,100,25021.75,50,125,9729800
NIFTY-I.NFO,27/08/2024,09:22:00,25022.6,25018.25,125,25022.3,50,175,9729800
NIFTY-I.NFO,27/08/2024,09:22:02,25026,25024.7,100,25026.2,25,325,9729800
NIFTY-I.NFO,27/08/2024,09:22:04,25026.4,25025.35,100,25026.45,25,150,9729800
NIFTY-I.NFO,27/08/2024,09:22:05,25022.6,25021.4,200,25025.7,250,425,9729800
NIFTY-I.NFO,27/08/2024,09:22:07,25022.6,25021.05,100,25025.5,25,200,9729800
NIFTY-I.NFO,27/08/2024,09:22:09,25021.15,25021.15,200,25025.55,125,150,9729800
NIFTY-I.NFO,27/08/2024,09:22:10,25021.15,25021.4,100,25025.2,125,0,9729800
NIFTY-I.NFO,27/08/2024,09:22:12,25020.05,25020.05,75,25023.5,125,75,9729800
NIFTY-I.NFO,27/08/2024,09:22:14,25023.95,25021.05,25,25024.25,450,100,9729800
NIFTY-I.NFO,27/08/2024,09:22:15,25023.95,25021.05,25,25023.65,125,0,9729800
NIFTY-I.NFO,27/08/2024,09:22:17,25023.95,25021.05,25,25022.65,125,0,9729800
NIFTY-I.NFO,27/08/2024,09:22:19,25022.4,25021.15,25,25022.6,225,75,9729800
NIFTY-I.NFO,27/08/2024,09:22:20,25021.15,25021.25,150,25023,50,150,9729800
NIFTY-I.NFO,27/08/2024,09:22:22,25021.55,25021.35,300,25024.6,50,575,9729800
NIFTY-I.NFO,27/08/2024,09:22:24,25026.45,25026.45,50,25028,50,425,9729800
NIFTY-I.NFO,27/08/2024,09:22:25,25028,25024,125,25028,25,300,9729800
NIFTY-I.NFO,27/08/2024,09:22:27,25023.6,25023.1,100,25025.6,25,175,9729800
NIFTY-I.NFO,27/08/2024,09:22:29,25024.85,25023.05,100,25024.85,25,425,9729800
NIFTY-I.NFO,27/08/2024,09:22:30,25022,25021.05,100,25022.9,525,625,9729800
NIFTY-I.NFO,27/08/2024,09:22:32,25022.2,25021.05,100,25021.95,125,450,9729800
NIFTY-I.NFO,27/08/2024,09:22:34,25022.1,25022.8,100,25023,125,25,9729800
NIFTY-I.NFO,27/08/2024,09:22:35,25022.9,25022.05,100,25023.05,1025,250,9729800
NIFTY-I.NFO,27/08/2024,09:22:37,25022.05,25022.05,75,25023,25,25,9729800
NIFTY-I.NFO,27/08/2024,09:22:39,25023,25022.05,75,25023.05,25,25,9729800
NIFTY-I.NFO,27/08/2024,09:22:40,25024.65,25022.95,25,25024.95,125,250,9729800
NIFTY-I.NFO,27/08/2024,09:22:42,25023.1,25024,25,25024.5,125,125,9729800
NIFTY-I.NFO,27/08/2024,09:22:44,25024,25024,100,25025,75,25,9729800
NIFTY-I.NFO,27/08/2024,09:22:45,25024.1,25023.1,100,25024.1,25,250,9729800
NIFTY-I.NFO,27/08/2024,09:22:47,25024.1,25023.1,100,25023.65,25,0,9729800
NIFTY-I.NFO,27/08/2024,09:22:49,25021,25021,75,25021.9,100,775,9729800
NIFTY-I.NFO,27/08/2024,09:22:50,25022,25021,75,25022.65,125,275,9729800
NIFTY-I.NFO,27/08/2024,09:22:52,25022,25021,100,25021.05,1500,25,9729800
NIFTY-I.NFO,27/08/2024,09:22:54,25022.55,25021,125,25022.25,75,1825,9729800
NIFTY-I.NFO,27/08/2024,09:22:55,25018.25,25016.55,125,25019.9,125,2500,9729800
NIFTY-I.NFO,27/08/2024,09:22:55,25017.1,25016.55,125,25019.9,125,0,9729800
NIFTY-I.NFO,27/08/2024,09:22:57,25020.45,25016.65,75,25020.4,75,225,9729800
NIFTY-I.NFO,27/08/2024,09:22:57,25016.65,25016.65,75,25020.4,75,0,9729800
NIFTY-I.NFO,27/08/2024,09:22:59,25016.45,25016.45,75,25019.75,100,250,9729800
NIFTY-I.NFO,27/08/2024,09:22:59,25016.45,25016.45,75,25019.75,100,0,9729800
NIFTY-I.NFO,27/08/2024,09:23:00,25018,25016.85,225,25021,4525,500,9729800
NIFTY-I.NFO,27/08/2024,09:23:00,25016.4,25016.85,225,25021,4525,0,9729800
NIFTY-I.NFO,27/08/2024,09:23:02,25016.7,25016,25,25020.05,225,1000,9729800
NIFTY-I.NFO,27/08/2024,09:23:02,25015.2,25016,25,25020.05,225,0,9729800
NIFTY-I.NFO,27/08/2024,09:23:04,25020.15,25020.15,75,25021,25,300,9729800
NIFTY-I.NFO,27/08/2024,09:23:05,25020.1,25016.3,25,25019.95,250,825,9729800
NIFTY-I.NFO,27/08/2024,09:23:07,25016.1,25016.1,100,25019.5,25,575,9729800
NIFTY-I.NFO,27/08/2024,09:23:08,25019.5,25016.95,200,25020.1,200,375,9729800
NIFTY-I.NFO,27/08/2024,09:23:10,25020.1,25016.35,100,25020.1,175,4525,9729800
NIFTY-I.NFO,27/08/2024,09:23:12,25016.45,25019.45,125,25022,75,1975,9729800
NIFTY-I.NFO,27/08/2024,09:23:13,25020.05,25020.15,25,25022.55,50,150,9729800
NIFTY-I.NFO,27/08/2024,09:23:15,25020.15,25020.15,100,25022.4,25,25,9729800
NIFTY-I.NFO,27/08/2024,09:23:17,25020.15,25020.25,100,25020.85,100,50,9729800
NIFTY-I.NFO,27/08/2024,09:23:18,25020,25016.25,100,25020.1,50,1475,9729800
NIFTY-I.NFO,27/08/2024,09:23:20,25018.95,25016.25,100,25019,275,150,9729800
NIFTY-I.NFO,27/08/2024,09:23:22,25016.6,25016.35,100,25016.6,4000,200,9729800
NIFTY-I.NFO,27/08/2024,09:23:23,25017.5,25017.75,25,25021.6,25,4100,9729800
NIFTY-I.NFO,27/08/2024,09:23:25,25017.25,25018.8,100,25021.6,25,450,9729800
NIFTY-I.NFO,27/08/2024,09:23:27,25023.2,25019.95,25,25024.1,25,275,9729800
NIFTY-I.NFO,27/08/2024,09:23:28,25024,25024.9,25,25026.1,25,750,9729800
NIFTY-I.NFO,27/08/2024,09:23:30,25026.1,25026.75,25,25027.65,75,25,9729800
NIFTY-I.NFO,27/08/2024,09:23:32,25028.3,25027.65,100,25028.6,50,75,9729800
NIFTY-I.NFO,27/08/2024,09:23:33,25026.6,25026.6,75,25028.4,250,300,9729800
NIFTY-I.NFO,27/08/2024,09:23:35,25024.1,25024.95,100,25028.2,175,375,9729800
NIFTY-I.NFO,27/08/2024,09:23:37,25029.15,25025.6,100,25029.15,100,275,9729800
NIFTY-I.NFO,27/08/2024,09:23:38,25026,25025.85,125,25029.15,50,325,9729800
NIFTY-I.NFO,27/08/2024,09:23:40,25026,25026.7,150,25029.15,50,0,9729800
NIFTY-I.NFO,27/08/2024,09:23:42,25026.9,25027,100,25029.15,100,75,9729800
NIFTY-I.NFO,27/08/2024,09:23:43,25026.9,25027.3,100,25028.85,25,0,9729800
NIFTY-I.NFO,27/08/2024,09:23:45,25029.05,25027.5,25,25029.15,100,100,9729800
NIFTY-I.NFO,27/08/2024,09:23:47,25023.05,25023.25,75,25027.15,100,375,9729800
NIFTY-I.NFO,27/08/2024,09:23:48,25026.7,25023.65,75,25026.7,175,200,9729800
NIFTY-I.NFO,27/08/2024,09:23:50,25024.55,25023.65,25,25024.55,150,250,9729800
NIFTY-I.NFO,27/08/2024,09:23:52,25023.35,25023.1,25,25023.2,25,425,9729800
NIFTY-I.NFO,27/08/2024,09:23:53,25023.5,25022.15,125,25023.35,25,750,9729800
NIFTY-I.NFO,27/08/2024,09:23:55,25022,25021.05,100,25021.7,25,1000,9729800
NIFTY-I.NFO,27/08/2024,09:23:57,25022.9,25021.05,100,25023,25,175,9729800
NIFTY-I.NFO,27/08/2024,09:23:58,25025,25024.25,100,25025,775,1375,9729800
NIFTY-I.NFO,27/08/2024,09:24:00,25020.15,25021.25,200,25023.15,50,1575,9729800
NIFTY-I.NFO,27/08/2024,09:24:02,25024.55,25022.9,100,25023.5,50,1275,9729800
NIFTY-I.NFO,27/08/2024,09:24:03,25024.2,25024.35,275,25025.35,75,550,9729800
NIFTY-I.NFO,27/08/2024,09:24:05,25027,25026.05,25,25027.05,25,400,9729800
NIFTY-I.NFO,27/08/2024,09:24:07,25026.05,25026.05,25,25027.35,25,175,9729800
NIFTY-I.NFO,27/08/2024,09:24:08,25024.5,25024.5,25,25027.2,25,175,9729800
NIFTY-I.NFO,27/08/2024,09:24:10,25027.8,25027.15,75,25027.95,25,275,9729800
NIFTY-I.NFO,27/08/2024,09:24:12,25027.15,25027.15,25,25028.75,125,50,9729800
NIFTY-I.NFO,27/08/2024,09:24:14,25028.3,25027.25,25,25028.85,25,75,9729800
NIFTY-I.NFO,27/08/2024,09:24:15,25028.85,25027.25,25,25029.1,50,50,9729800
NIFTY-I.NFO,27/08/2024,09:24:17,25029.3,25029.3,225,25029.5,75,175,9729800
NIFTY-I.NFO,27/08/2024,09:24:19,25029.3,25028.05,25,25029.25,50,250,9729800
NIFTY-I.NFO,27/08/2024,09:24:20,25027.2,25027.2,75,25028.95,25,1925,9729800
NIFTY-I.NFO,27/08/2024,09:24:22,25027.2,25027.2,75,25029.5,75,75,9729800
NIFTY-I.NFO,27/08/2024,09:24:24,25025.9,25025.9,100,25029.4,25,675,9729800
NIFTY-I.NFO,27/08/2024,09:24:25,25027.25,25027.25,75,25029.9,425,150,9729800
NIFTY-I.NFO,27/08/2024,09:24:27,25030.2,25030.05,100,25030.2,75,225,9729800
NIFTY-I.NFO,27/08/2024,09:24:29,25029.4,25030.05,125,25031,150,850,9729800
NIFTY-I.NFO,27/08/2024,09:24:30,25030.05,25030.05,100,25032.6,100,325,9729800
NIFTY-I.NFO,27/08/2024,09:24:32,25032.55,25030.05,100,25032.45,475,125,9729800
NIFTY-I.NFO,27/08/2024,09:24:34,25029.8,25029.4,525,25029.85,125,325,9729800
NIFTY-I.NFO,27/08/2024,09:24:35,25030.25,25029.45,100,25030.15,25,100,9729800
NIFTY-I.NFO,27/08/2024,09:24:37,25030,25030.05,50,25030.9,50,100,9729800
NIFTY-I.NFO,27/08/2024,09:24:39,25030.4,25029.45,100,25030.75,125,250,9729800
NIFTY-I.NFO,27/08/2024,09:24:40,25030,25029.45,100,25029.95,25,75,9729800
NIFTY-I.NFO,27/08/2024,09:24:42,25031.45,25030.05,150,25031.55,25,550,9729800
NIFTY-I.NFO,27/08/2024,09:24:44,25032.15,25029.85,75,25032.1,125,1175,9713850
NIFTY-I.NFO,27/08/2024,09:24:45,25031.35,25029.45,100,25031.45,125,1100,9713850
NIFTY-I.NFO,27/08/2024,09:24:47,25031.35,25029.45,100,25031.95,100,0,9713850
NIFTY-I.NFO,27/08/2024,09:24:49,25029.45,25029.45,75,25030.45,25,150,9713850
NIFTY-I.NFO,27/08/2024,09:24:50,25029.45,25029.45,75,25030.45,100,175,9713850
NIFTY-I.NFO,27/08/2024,09:24:52,25029.8,25029.45,100,25029.7,75,175,9713850
NIFTY-I.NFO,27/08/2024,09:24:54,25029.55,25029.4,100,25029.7,100,1050,9713850
NIFTY-I.NFO,27/08/2024,09:24:55,25029.15,25027.3,125,25029.2,75,800,9713850
NIFTY-I.NFO,27/08/2024,09:24:57,25027.2,25026,225,25027.3,25,300,9713850
NIFTY-I.NFO,27/08/2024,09:24:59,25026.1,25025.05,100,25026.15,250,1125,9713850
NIFTY-I.NFO,27/08/2024,09:25:00,25026.3,25025.05,100,25025.75,50,700,9713850
NIFTY-I.NFO,27/08/2024,09:25:02,25023.45,25023.4,100,25023.7,25,1975,9713850
NIFTY-I.NFO,27/08/2024,09:25:04,25022.15,25023.2,75,25023.5,250,1400,9713850
NIFTY-I.NFO,27/08/2024,09:25:05,25023.2,25022.1,100,25023.25,125,500,9713850
NIFTY-I.NFO,27/08/2024,09:25:07,25023.5,25024,75,25024.4,25,250,9713850
NIFTY-I.NFO,27/08/2024,09:25:08,25025.7,25022.55,125,25025.5,25,300,9713850
NIFTY-I.NFO,27/08/2024,09:25:10,25023.75,25022.1,75,25022.15,25,100,9713850
NIFTY-I.NFO,27/08/2024,09:25:12,25022.15,25021.05,100,25022.5,25,1200,9713850
NIFTY-I.NFO,27/08/2024,09:25:13,25024.2,25022.8,75,25024.3,25,600,9713850
NIFTY-I.NFO,27/08/2024,09:25:15,25024.95,25021.05,75,25024.3,300,150,9713850
NIFTY-I.NFO,27/08/2024,09:25:17,25023.75,25021.05,100,25024.2,25,1800,9713850
NIFTY-I.NFO,27/08/2024,09:25:18,25024.85,25022.05,200,25024.85,75,100,9713850
NIFTY-I.NFO,27/08/2024,09:25:20,25022,25021,25,25023.15,25,675,9713850
NIFTY-I.NFO,27/08/2024,09:25:22,25022.05,25021.05,125,25022.05,25,25,9713850
NIFTY-I.NFO,27/08/2024,09:25:23,25023.25,25022.7,50,25024.25,25,150,9713850
NIFTY-I.NFO,27/08/2024,09:25:25,25021.05,25021.05,100,25022,25,125,9713850
NIFTY-I.NFO,27/08/2024,09:25:27,25022.05,25021.05,75,25022,25,175,9713850
NIFTY-I.NFO,27/08/2024,09:25:28,25021.45,25021.05,25,25021.6,75,200,9713850
NIFTY-I.NFO,27/08/2024,09:25:30,25021.6,25021.05,100,25022,575,150,9713850
NIFTY-I.NFO,27/08/2024,09:25:32,25022,25021.05,150,25021.45,25,50,9713850
NIFTY-I.NFO,27/08/2024,09:25:33,25022.05,25021.05,125,25022.05,200,775,9713850
NIFTY-I.NFO,27/08/2024,09:25:35,25020,25020.05,100,25020.8,25,600,9713850
NIFTY-I.NFO,27/08/2024,09:25:37,25021.6,25020.05,100,25021.55,75,225,9713850
NIFTY-I.NFO,27/08/2024,09:25:38,25021.45,25020.05,100,25021.55,75,25,9713850
NIFTY-I.NFO,27/08/2024,09:25:40,25021.55,25020.1,50,25021.55,25,125,9713850
NIFTY-I.NFO,27/08/2024,09:25:42,25025.7,25021.55,75,25025.5,25,800,9713850
NIFTY-I.NFO,27/08/2024,09:25:43,25025.7,25024.3,100,25025,25,50,9713850
NIFTY-I.NFO,27/08/2024,09:25:45,25025,25024.3,100,25025.8,425,50,9713850
NIFTY-I.NFO,27/08/2024,09:25:47,25025.5,25025.35,50,25026.1,50,350,9713850
NIFTY-I.NFO,27/08/2024,09:25:48,25026,25025.45,75,25029,75,7150,9713850
NIFTY-I.NFO,27/08/2024,09:25:50,25025.7,25025.65,25,25029,75,50,9713850
NIFTY-I.NFO,27/08/2024,09:25:52,25025.6,25025.55,75,25028.75,50,25,9713850
NIFTY-I.NFO,27/08/2024,09:25:53,25030,25029.8,25,25030,175,300,9713850
NIFTY-I.NFO,27/08/2024,09:25:55,25031.3,25030.05,100,25031.3,250,275,9713850
NIFTY-I.NFO,27/08/2024,09:25:57,25031.3,25031.1,25,25031.3,225,25,9713850
NIFTY-I.NFO,27/08/2024,09:25:58,25030.55,25030.1,25,25030.6,375,375,9713850
NIFTY-I.NFO,27/08/2024,09:26:00,25026.9,25029.7,25,25030.25,75,525,9713850
NIFTY-I.NFO,27/08/2024,09:26:02,25030.85,25029.6,25,25031.1,125,225,9713850
NIFTY-I.NFO,27/08/2024,09:26:03,25031.05,25027.6,50,25030.75,25,975,9713850
NIFTY-I.NFO,27/08/2024,09:26:05,25029.25,25026.2,100,25029.25,25,625,9713850
NIFTY-I.NFO,27/08/2024,09:26:07,25029.2,25026.2,75,25029.3,100,200,9713850
NIFTY-I.NFO,27/08/2024,09:26:08,25029.2,25026.2,75,25028.5,100,0,9713850
NIFTY-I.NFO,27/08/2024,09:26:10,25028.6,25026.2,75,25028.65,375,125,9713850
NIFTY-I.NFO,27/08/2024,09:26:12,25028.2,25026.2,75,25028.2,25,125,9713850
NIFTY-I.NFO,27/08/2024,09:26:13,25026.15,25026.2,100,25027.2,25,175,9713850
NIFTY-I.NFO,27/08/2024,09:26:15,25028.65,25025.15,25,25029,25,575,9713850
NIFTY-I.NFO,27/08/2024,09:26:17,25028,25026.8,75,25029.7,25,350,9713850
NIFTY-I.NFO,27/08/2024,09:26:18,25028,25026.65,75,25029.7,25,0,9713850
NIFTY-I.NFO,27/08/2024,09:26:20,25026.85,25026.85,75,25030,25,875,9713850
NIFTY-I.NFO,27/08/2024,09:26:22,25026.85,25026.85,125,25030,50,0,9713850
NIFTY-I.NFO,27/08/2024,09:26:23,25029.85,25026.3,75,25030,25,75,9713850
NIFTY-I.NFO,27/08/2024,09:26:25,25029.3,25028,50,25029.3,425,125,9713850
NIFTY-I.NFO,27/08/2024,09:26:27,25029.3,25028,50,25029.1,100,125,9713850
NIFTY-I.NFO,27/08/2024,09:26:29,25028,25026.05,75,25027.2,25,100,9713850
NIFTY-I.NFO,27/08/2024,09:26:30,25026.95,25023.3,25,25027.2,100,2750,9713850
NIFTY-I.NFO,27/08/2024,09:26:32,25027.1,25026.75,25,25027.65,50,425,9713850
NIFTY-I.NFO,27/08/2024,09:26:34,25027.35,25023.35,100,25026.85,100,75,9713850
NIFTY-I.NFO,27/08/2024,09:26:35,25025,25022.05,100,25025,50,750,9713850
NIFTY-I.NFO,27/08/2024,09:26:37,25025,25022.05,100,25025,50,50,9713850
NIFTY-I.NFO,27/08/2024,09:26:39,25025,25021.2,100,25025.2,50,350,9713850
NIFTY-I.NFO,27/08/2024,09:26:40,25024.25,25021.1,75,25024.2,425,300,9713850
NIFTY-I.NFO,27/08/2024,09:26:42,25023.95,25021.1,75,25024.1,75,425,9713850
NIFTY-I.NFO,27/08/2024,09:26:44,25021.1,25021.1,50,25024.4,75,175,9713850
NIFTY-I.NFO,27/08/2024,09:26:45,25024.1,25021.1,50,25024.45,25,25,9713850
NIFTY-I.NFO,27/08/2024,09:26:47,25025.65,25021.15,25,25024.2,250,125,9713850
NIFTY-I.NFO,27/08/2024,09:26:48,25021,25021.05,100,25024,50,150,9713850
NIFTY-I.NFO,27/08/2024,09:26:50,25024.2,25024.1,100,25024.95,50,75,9713850
NIFTY-I.NFO,27/08/2024,09:26:52,25025.05,25024.3,75,25025.4,125,200,9713850
NIFTY-I.NFO,27/08/2024,09:26:53,25025.4,25021.95,25,25025.55,25,25,9713850
NIFTY-I.NFO,27/08/2024,09:26:55,25026.2,25022.6,75,25026.35,50,375,9713850
NIFTY-I.NFO,27/08/2024,09:26:57,25025.3,25021.7,25,25025.3,75,275,9713850
NIFTY-I.NFO,27/08/2024,09:26:58,25022,25021.05,125,25023.8,100,200,9713850
NIFTY-I.NFO,27/08/2024,09:27:00,25022,25021.1,25,25022,25,175,9713850
NIFTY-I.NFO,27/08/2024,09:27:02,25021.05,25021.05,100,25021.5,50,100,9713850
NIFTY-I.NFO,27/08/2024,09:27:03,25021.4,25021.05,75,25023.75,75,100,9713850
NIFTY-I.NFO,27/08/2024,09:27:05,25021.05,25021.05,50,25022.8,50,150,9713850
NIFTY-I.NFO,27/08/2024,09:27:07,25021.7,25021.25,50,25021.95,125,175,9713850
NIFTY-I.NFO,27/08/2024,09:27:08,25023.05,25023.05,250,25023.75,200,100,9713850
NIFTY-I.NFO,27/08/2024,09:27:10,25023.05,25023.05,250,25023.35,75,50,9713850
NIFTY-I.NFO,27/08/2024,09:27:12,25025,25023.05,300,25024,175,125,9713850
NIFTY-I.NFO,27/08/2024,09:27:13,25023.1,25021.25,50,25023.1,500,750,9713850
NIFTY-I.NFO,27/08/2024,09:27:15,25022.85,25021.25,50,25022.2,75,25,9713850
NIFTY-I.NFO,27/08/2024,09:27:17,25022.85,25021.25,50,25023.2,150,0,9713850
NIFTY-I.NFO,27/08/2024,09:27:18,25021.2,25021.05,100,25021.1,100,150,9713850
NIFTY-I.NFO,27/08/2024,09:27:20,25021,25021,50,25021.05,50,275,9713850
NIFTY-I.NFO,27/08/2024,09:27:22,25021.05,25021.05,25,25021.6,75,725,9713850
NIFTY-I.NFO,27/08/2024,09:27:23,25021,25021.8,125,25022.75,75,800,9713850
NIFTY-I.NFO,27/08/2024,09:27:25,25022.1,25022.1,150,25022.15,125,600,9713850
NIFTY-I.NFO,27/08/2024,09:27:27,25019.15,25021.15,100,25021.35,25,1450,9713850
NIFTY-I.NFO,27/08/2024,09:27:28,25020,25019.15,100,25020.15,100,775,9713850
NIFTY-I.NFO,27/08/2024,09:27:30,25016.1,25016.1,75,25017.9,500,750,9713850
NIFTY-I.NFO,27/08/2024,09:27:32,25016.15,25016.2,100,25016.9,50,13875,9713850
NIFTY-I.NFO,27/08/2024,09:27:32,25012.25,25016.2,100,25016.9,50,0,9713850
NIFTY-I.NFO,27/08/2024,09:27:33,25016.35,25013.15,100,25017.05,25,275,9713850
NIFTY-I.NFO,27/08/2024,09:27:35,25018.2,25018.2,325,25019.1,50,500,9713850
NIFTY-I.NFO,27/08/2024,09:27:37,25018.2,25018.2,300,25019,50,25,9713850
NIFTY-I.NFO,27/08/2024,09:27:38,25018.2,25018.25,100,25019,50,6150,9713850
NIFTY-I.NFO,27/08/2024,09:27:40,25020.65,25019,50,25020.25,50,225,9713850
NIFTY-I.NFO,27/08/2024,09:27:42,25019,25015.05,100,25018.2,25,75,9713850
NIFTY-I.NFO,27/08/2024,09:27:43,25017.05,25015.05,100,25017.25,75,100,9687575
NIFTY-I.NFO,27/08/2024,09:27:45,25017.05,25013.75,200,25017.05,100,1325,9687575
NIFTY-I.NFO,27/08/2024,09:27:45,25011,25013.75,200,25017.05,100,0,9687575
NIFTY-I.NFO,27/08/2024,09:27:47,25017.05,25013.15,100,25016.25,100,500,9687575
NIFTY-I.NFO,27/08/2024,09:27:48,25012.95,25016.25,25,25018.55,125,450,9687575
NIFTY-I.NFO,27/08/2024,09:27:50,25015.6,25012.75,200,25015.6,25,400,9687575
NIFTY-I.NFO,27/08/2024,09:27:52,25012,25011.85,25,25015.6,75,950,9687575
NIFTY-I.NFO,27/08/2024,09:27:53,25012.1,25012.4,25,25016.6,50,625,9687575
NIFTY-I.NFO,27/08/2024,09:27:55,25016.1,25016.6,75,25017.05,50,2250,9687575
NIFTY-I.NFO,27/08/2024,09:27:55,25010.75,25016.6,75,25017.05,50,0,9687575
NIFTY-I.NFO,27/08/2024,09:27:57,25013.5,25013.5,100,25017.75,25,750,9687575
NIFTY-I.NFO,27/08/2024,09:27:58,25013.55,25013.55,100,25017,1600,375,9687575
NIFTY-I.NFO,27/08/2024,09:28:00,25016.4,25016.5,25,25020,1125,2625,9687575
NIFTY-I.NFO,27/08/2024,09:28:02,25017.7,25017.75,100,25020,250,1100,9687575
NIFTY-I.NFO,27/08/2024,09:28:03,25020,25019.25,25,25023.35,25,1950,9687575
NIFTY-I.NFO,27/08/2024,09:28:05,25022.2,25019.15,100,25022,25,25,9687575
NIFTY-I.NFO,27/08/2024,09:28:07,25020.75,25016.95,25,25020.75,75,725,9687575
NIFTY-I.NFO,27/08/2024,09:28:08,25017.3,25015.85,25,25020.3,50,50,9687575
NIFTY-I.NFO,27/08/2024,09:28:10,25017.3,25019.8,175,25020,600,725,9687575
NIFTY-I.NFO,27/08/2024,09:28:12,25020.65,25020.65,250,25022.6,75,925,9687575
NIFTY-I.NFO,27/08/2024,09:28:13,25020.65,25020.65,225,25022.1,75,50,9687575
NIFTY-I.NFO,27/08/2024,09:28:15,25023.55,25020.65,275,25023.4,25,75,9687575
NIFTY-I.NFO,27/08/2024,09:28:17,25023.55,25019.35,25,25023.5,425,300,9687575
NIFTY-I.NFO,27/08/2024,09:28:18,25023.55,25019.85,25,25023.45,25,0,9687575
NIFTY-I.NFO,27/08/2024,09:28:20,25021.3,25020.7,150,25024.7,100,475,9687575
NIFTY-I.NFO,27/08/2024,09:28:22,25021.3,25021.3,50,25022.05,75,150,9687575
NIFTY-I.NFO,27/08/2024,09:28:23,25020.05,25020,100,25022.5,50,150,9687575
NIFTY-I.NFO,27/08/2024,09:28:25,25023.25,25021.25,25,25022.5,125,125,9687575
NIFTY-I.NFO,27/08/2024,09:28:27,25022.5,25020,75,25022.25,75,250,9687575
NIFTY-I.NFO,27/08/2024,09:28:28,25016.45,25016.25,50,25019.7,25,1575,9687575
NIFTY-I.NFO,27/08/2024,09:28:30,25020.1,25019.25,25,25020,50,5625,9687575
NIFTY-I.NFO,27/08/2024,09:28:32,25016.4,25019.2,25,25020,350,250,9687575
NIFTY-I.NFO,27/08/2024,09:28:33,25018.8,25015.35,100,25018.8,25,600,9687575
NIFTY-I.NFO,27/08/2024,09:28:35,25018.8,25015.25,75,25018.8,125,150,9687575
NIFTY-I.NFO,27/08/2024,09:28:37,25015.5,25015.8,75,25019.35,175,125,9687575
NIFTY-I.NFO,27/08/2024,09:28:38,25020.25,25020,225,25021.35,100,250,9687575
NIFTY-I.NFO,27/08/2024,09:28:40,25020.25,25021.35,25,25021.95,75,0,9687575
NIFTY-I.NFO,27/08/2024,09:28:42,25021.35,25020,225,25021.75,75,100,9687575
NIFTY-I.NFO,27/08/2024,09:28:43,25021.35,25020.95,25,25021.35,500,25,9687575
NIFTY-I.NFO,27/08/2024,09:28:45,25020,25020.35,50,25021.35,575,125,9687575
NIFTY-I.NFO,27/08/2024,09:28:47,25020,25020.35,50,25020.85,25,25,9687575
NIFTY-I.NFO,27/08/2024,09:28:48,25020.3,25020.3,50,25020.75,100,75,9687575
NIFTY-I.NFO,27/08/2024,09:28:50,25022,25019.25,75,25022,100,675,9687575
NIFTY-I.NFO,27/08/2024,09:28:52,25022,25019.5,150,25022,100,0,9687575
NIFTY-I.NFO,27/08/2024,09:28:53,25021.9,25020.75,75,25021.9,50,75,9687575
NIFTY-I.NFO,27/08/2024,09:28:55,25020.75,25019.55,100,25020.75,25,125,9687575
NIFTY-I.NFO,27/08/2024,09:28:57,25022,25019.55,50,25023,25,150,9687575
NIFTY-I.NFO,27/08/2024,09:28:58,25022.35,25020.75,50,25022.05,175,25,9687575
NIFTY-I.NFO,27/08/2024,09:29:00,25020.75,25017.15,25,25018.9,50,50,9687575
NIFTY-I.NFO,27/08/2024,09:29:02,25017.1,25017,275,25018.4,25,225,9687575
NIFTY-I.NFO,27/08/2024,09:29:03,25016,25016,175,25017,50,450,9687575
NIFTY-I.NFO,27/08/2024,09:29:05,25015.05,25015.3,300,25019.25,25,125,9687575
NIFTY-I.NFO,27/08/2024,09:29:07,25018.45,25015,350,25018.55,100,150,9687575
NIFTY-I.NFO,27/08/2024,09:29:08,25018.35,25015,475,25018.9,25,75,9687575
NIFTY-I.NFO,27/08/2024,09:29:10,25015.3,25015.05,50,25018,150,25,9687575
NIFTY-I.NFO,27/08/2024,09:29:12,25015.25,25015.05,25,25018,150,125,9687575
NIFTY-I.NFO,27/08/2024,09:29:13,25016,25015,25,25018,125,2550,9687575
NIFTY-I.NFO,27/08/2024,09:29:15,25019.3,25018,600,25019.9,250,825,9687575
NIFTY-I.NFO,27/08/2024,09:29:17,25019.9,25018.05,50,25019.3,50,75,9687575
NIFTY-I.NFO,27/08/2024,09:29:18,25019.9,25018.05,50,25019.05,25,0,9687575
NIFTY-I.NFO,27/08/2024,09:29:20,25018.05,25018,500,25019.1,50,75,9687575
NIFTY-I.NFO,27/08/2024,09:29:22,25018,25015.4,175,25018,1300,525,9687575
NIFTY-I.NFO,27/08/2024,09:29:23,25018,25015.45,125,25018,350,1150,9687575
NIFTY-I.NFO,27/08/2024,09:29:25,25017.9,25016.05,100,25018,350,50,9687575
NIFTY-I.NFO,27/08/2024,09:29:27,25017.45,25016,25,25017.45,100,25,9687575
NIFTY-I.NFO,27/08/2024,09:29:28,25015,25016.55,25,25017.05,100,1425,9687575
NIFTY-I.NFO,27/08/2024,09:29:30,25017,25016.5,25,25017.35,25,75,9687575
NIFTY-I.NFO,27/08/2024,09:29:32,25017.05,25015.05,125,25017,25,50,9687575
NIFTY-I.NFO,27/08/2024,09:29:33,25015.55,25016.3,125,25017.3,25,50,9687575
NIFTY-I.NFO,27/08/2024,09:29:35,25016.25,25015.55,100,25018,725,150,9687575
NIFTY-I.NFO,27/08/2024,09:29:37,25018,25017.35,50,25018,650,175,9687575
NIFTY-I.NFO,27/08/2024,09:29:38,25017.95,25017.35,100,25017.6,75,75,9687575
NIFTY-I.NFO,27/08/2024,09:29:40,25015.5,25015.1,1800,25015.75,25,450,9687575
NIFTY-I.NFO,27/08/2024,09:29:42,25017,25015.15,100,25017.3,25,175,9687575
NIFTY-I.NFO,27/08/2024,09:29:43,25016.55,25015.15,100,25016.85,25,125,9687575
NIFTY-I.NFO,27/08/2024,09:29:45,25015.15,25015.1,1800,25016.45,25,50,9687575
NIFTY-I.NFO,27/08/2024,09:29:47,25016.45,25015.1,1800,25016.85,25,200,9687575
NIFTY-I.NFO,27/08/2024,09:29:48,25016.85,25015.15,200,25016.85,75,200,9687575
NIFTY-I.NFO,27/08/2024,09:29:50,25015.15,25015.15,150,25015.65,25,75,9687575
NIFTY-I.NFO,27/08/2024,09:29:52,25015.55,25015.25,75,25015.6,25,125,9687575
NIFTY-I.NFO,27/08/2024,09:29:53,25010.35,25010.7,125,25014.25,100,8475,9687575
NIFTY-I.NFO,27/08/2024,09:29:53,25009.7,25010.7,125,25014.25,100,0,9687575
NIFTY-I.NFO,27/08/2024,09:29:55,25013.05,25012.85,100,25013.75,25,350,9687575
NIFTY-I.NFO,27/08/2024,09:29:57,25012.8,25010.5,125,25013.75,125,150,9687575
NIFTY-I.NFO,27/08/2024,09:29:58,25013.75,25013.1,100,25013.75,100,25,9687575
NIFTY-I.NFO,27/08/2024,09:30:00,25013,25012.9,100,25013.1,50,250,9687575
NIFTY-I.NFO,27/08/2024,09:30:02,25012.85,25012.65,100,25013,375,375,9687575
NIFTY-I.NFO,27/08/2024,09:30:03,25010.8,25011.8,25,25013,375,250,9687575
NIFTY-I.NFO,27/08/2024,09:30:05,25016.8,25014.25,100,25017,25,500,9687575
NIFTY-I.NFO,27/08/2024,09:30:07,25018.8,25016.8,50,25019.9,175,2075,9687575
NIFTY-I.NFO,27/08/2024,09:30:08,25019.9,25017.2,25,25019.9,75,125,9687575
NIFTY-I.NFO,27/08/2024,09:30:10,25017.2,25015.5,100,25017.2,25,475,9687575
NIFTY-I.NFO,27/08/2024,09:30:12,25012.7,25011.35,25,25015,25,450,9687575
NIFTY-I.NFO,27/08/2024,09:30:13,25012.7,25013.25,25,25017.7,50,225,9687575
NIFTY-I.NFO,27/08/2024,09:30:15,25017.7,25015.3,25,25018,25,250,9687575
NIFTY-I.NFO,27/08/2024,09:30:17,25017.7,25015.75,100,25018,25,0,9687575
NIFTY-I.NFO,27/08/2024,09:30:18,25017.7,25015.4,100,25017,25,0,9687575
NIFTY-I.NFO,27/08/2024,09:30:20,25017.7,25015.05,100,25015.4,50,0,9687575
NIFTY-I.NFO,27/08/2024,09:30:22,25015.4,25015.05,25,25015.4,50,25,9687575
NIFTY-I.NFO,27/08/2024,09:30:23,25015.9,25012.75,25,25015.35,50,350,9687575
NIFTY-I.NFO,27/08/2024,09:30:25,25015,25012.7,50,25014.45,25,400,9687575
NIFTY-I.NFO,27/08/2024,09:30:27,25014.45,25012,150,25015.7,175,350,9687575
NIFTY-I.NFO,27/08/2024,09:30:28,25014.85,25012.05,25,25014.95,50,375,9687575
NIFTY-I.NFO,27/08/2024,09:30:30,25014.25,25012.1,125,25014.2,250,25,9687575
NIFTY-I.NFO,27/08/2024,09:30:32,25014.3,25012,100,25013.35,50,1050,9687575
NIFTY-I.NFO,27/08/2024,09:30:33,25014.45,25013.35,50,25015,1825,125,9687575
NIFTY-I.NFO,27/08/2024,09:30:35,25015,25012.05,75,25015,1775,175,9687575
NIFTY-I.NFO,27/08/2024,09:30:37,25014.15,25010.15,100,25014.05,25,425,9687575
NIFTY-I.NFO,27/08/2024,09:30:38,25013.95,25010.15,75,25014,50,75,9687575
NIFTY-I.NFO,27/08/2024,09:30:40,25014,25014,50,25015,1800,75,9687575
NIFTY-I.NFO,27/08/2024,09:30:42,25014,25012.95,375,25014.95,100,25,9687575
NIFTY-I.NFO,27/08/2024,09:30:43,25014.95,25013.75,75,25014,1750,50,9687575
NIFTY-I.NFO,27/08/2024,09:30:45,25013.9,25012,200,25013.9,25,100,9682175
NIFTY-I.NFO,27/08/2024,09:30:46,25013.9,25013.95,25,25014,1775,25,9682175
NIFTY-I.NFO,27/08/2024,09:30:48,25014,25013.95,300,25014,800,1025,9682175
NIFTY-I.NFO,27/08/2024,09:30:50,25014,25013.9,50,25014,875,250,9682175
NIFTY-I.NFO,27/08/2024,09:30:51,25013.9,25012.35,100,25013.9,25,150,9682175
NIFTY-I.NFO,27/08/2024,09:30:53,25013.75,25012.15,100,25014,750,75,9682175
NIFTY-I.NFO,27/08/2024,09:30:55,25014,25013.9,25,25014,725,75,9682175
NIFTY-I.NFO,27/08/2024,09:30:57,25014,25012.15,75,25013.9,75,350,9682175
NIFTY-I.NFO,27/08/2024,09:30:58,25013.45,25012.2,100,25013.2,75,200,9682175
NIFTY-I.NFO,27/08/2024,09:31:00,25011.5,25011.25,300,25013.9,25,250,9682175
NIFTY-I.NFO,27/08/2024,09:31:02,25011.25,25011.2,50,25011.8,50,150,9682175
NIFTY-I.NFO,27/08/2024,09:31:03,25010.15,25010.15,100,25011.35,575,425,9682175
NIFTY-I.NFO,27/08/2024,09:31:05,25009,25008.2,225,25008.85,25,2475,9682175
NIFTY-I.NFO,27/08/2024,09:31:05,25009,25008.2,225,25008.85,25,0,9682175
NIFTY-I.NFO,27/08/2024,09:31:07,25008,25007.4,100,25008.85,25,650,9682175
NIFTY-I.NFO,27/08/2024,09:31:07,25007.35,25007.4,100,25008.85,25,0,9682175
NIFTY-I.NFO,27/08/2024,09:31:08,25007.35,25006.7,25,25007.4,25,200,9682175
NIFTY-I.NFO,27/08/2024,09:31:10,25008.85,25006.45,275,25008.9,250,500,9682175
NIFTY-I.NFO,27/08/2024,09:31:10,25006.35,25006.45,275,25008.9,250,0,9682175
NIFTY-I.NFO,27/08/2024,09:31:12,25009.95,25006.8,100,25010,25,525,9682175
NIFTY-I.NFO,27/08/2024,09:31:13,25009.2,25009.2,75,25009.35,50,375,9682175
NIFTY-I.NFO,27/08/2024,09:31:15,25007.95,25006.55,100,25008.85,50,500,9682175
NIFTY-I.NFO,27/08/2024,09:31:17,25006.55,25006.55,25,25008.5,75,200,9682175
NIFTY-I.NFO,27/08/2024,09:31:18,25006.35,25006.5,25,25007.4,50,475,9682175
NIFTY-I.NFO,27/08/2024,09:31:20,25006.5,25006.5,50,25006.7,25,150,9682175
NIFTY-I.NFO,27/08/2024,09:31:22,25007.45,25006.9,50,25008.65,125,200,9682175
NIFTY-I.NFO,27/08/2024,09:31:23,25006.9,25006.9,25,25006.95,50,200,9682175
NIFTY-I.NFO,27/08/2024,09:31:25,25004,25004,800,25004.65,100,5325,9682175
NIFTY-I.NFO,27/08/2024,09:31:25,25004,25004,800,25004.65,100,0,9682175
NIFTY-I.NFO,27/08/2024,09:31:27,25004.4,25004,775,25004.4,175,125,9682175
NIFTY-I.NFO,27/08/2024,09:31:28,25004,25004,175,25004.05,200,650,9682175
NIFTY-I.NFO,27/08/2024,09:31:30,25003,25003,175,25003.05,25,425,9682175
NIFTY-I.NFO,27/08/2024,09:31:30,25003,25003,175,25003.05,25,0,9682175
NIFTY-I.NFO,27/08/2024,09:31:32,25003.05,25003.05,50,25003.15,25,350,9682175
NIFTY-I.NFO,27/08/2024,09:31:33,25003,25003,125,25003.1,75,150,9682175
NIFTY-I.NFO,27/08/2024,09:31:35,25002.5,25002,1400,25002.5,25,325,9682175
NIFTY-I.NFO,27/08/2024,09:31:35,25002.2,25002,1400,25002.5,25,0,9682175
NIFTY-I.NFO,27/08/2024,09:31:37,25002,25002,750,25002.45,125,700,9682175
NIFTY-I.NFO,27/08/2024,09:31:37,25002,25002,750,25002.45,125,0,9682175
NIFTY-I.NFO,27/08/2024,09:31:38,25002,25002,475,25002.05,100,375,9682175
NIFTY-I.NFO,27/08/2024,09:31:40,25001.25,25001,1025,25001.25,25,1100,9682175
NIFTY-I.NFO,27/08/2024,09:31:40,25001,25001,1025,25001.25,25,0,9682175
NIFTY-I.NFO,27/08/2024,09:31:42,25001.5,25001,1000,25001.2,150,75,9682175
NIFTY-I.NFO,27/08/2024,09:31:43,25001,25001,250,25001.2,150,925,9682175
NIFTY-I.NFO,27/08/2024,09:31:45,25001,25001,100,25001.25,100,375,9682175
NIFTY-I.NFO,27/08/2024,09:31:47,25001.05,25001.05,125,25003.25,25,200,9682175
NIFTY-I.NFO,27/08/2024,09:31:48,25002.65,25001.25,25,25004.05,75,475,9682175
NIFTY-I.NFO,27/08/2024,09:31:50,25000.55,25001.25,25,25003.75,75,600,9682175
NIFTY-I.NFO,27/08/2024,09:31:50,25000.55,25001.25,25,25003.75,75,0,9682175
NIFTY-I.NFO,27/08/2024,09:31:52,25003.75,25001.5,75,25004.05,75,125,9682175
NIFTY-I.NFO,27/08/2024,09:31:53,25000,25000.15,25,25004,25,4025,9682175
NIFTY-I.NFO,27/08/2024,09:31:53,25000,25000.15,25,25004,25,0,9682175
NIFTY-I.NFO,27/08/2024,09:31:55,25000.55,25000.05,150,25003.5,50,6175,9682175
NIFTY-I.NFO,27/08/2024,09:31:57,25002.8,25000,75,25003.75,250,350,9682175
NIFTY-I.NFO,27/08/2024,09:31:58,24998.2,24998.7,25,25001.45,25,1075,9682175
NIFTY-I.NFO,27/08/2024,09:31:58,24998,24998.7,25,25001.45,25,0,9682175
NIFTY-I.NFO,27/08/2024,09:32:00,25000.8,25000.6,25,25000.8,75,425,9682175
NIFTY-I.NFO,27/08/2024,09:32:02,25001.45,25001.45,300,25001.5,275,450,9682175
NIFTY-I.NFO,27/08/2024,09:32:03,25001.5,25003.4,75,25003.75,250,650,9682175
NIFTY-I.NFO,27/08/2024,09:32:05,25001.7,25001.7,25,25003.75,200,225,9682175
NIFTY-I.NFO,27/08/2024,09:32:07,25001.65,25001.6,75,25003.75,100,375,9682175
NIFTY-I.NFO,27/08/2024,09:32:08,25001.45,25001.45,100,25002,25,150,9682175
NIFTY-I.NFO,27/08/2024,09:32:10,25001.45,25001.45,75,25004.7,25,725,9682175
NIFTY-I.NFO,27/08/2024,09:32:12,25001.2,25000.85,25,25004.95,25,975,9682175
NIFTY-I.NFO,27/08/2024,09:32:13,25001.45,25001.45,50,25004.3,25,100,9682175
NIFTY-I.NFO,27/08/2024,09:32:15,25001.4,25000.95,25,25004.75,25,225,9682175
NIFTY-I.NFO,27/08/2024,09:32:17,25005,25004.1,25,25004.5,25,25,9682175
NIFTY-I.NFO,27/08/2024,09:32:18,25001.5,25001.65,25,25005.05,25,200,9682175
NIFTY-I.NFO,27/08/2024,09:32:20,25001.7,25002.6,25,25006,25,150,9682175
NIFTY-I.NFO,27/08/2024,09:32:22,25005.05,25005.05,125,25005.1,50,250,9682175
NIFTY-I.NFO,27/08/2024,09:32:23,25007.15,25005.1,100,25007.95,25,175,9682175
NIFTY-I.NFO,27/08/2024,09:32:25,25005.1,25001.85,25,25005.25,25,225,9682175
NIFTY-I.NFO,27/08/2024,09:32:27,25002.4,25003.65,25,25004,500,50,9682175
NIFTY-I.NFO,27/08/2024,09:32:28,25003.85,25003.05,25,25003.3,25,25,9682175
NIFTY-I.NFO,27/08/2024,09:32:30,25001.8,25001.8,275,25003.1,25,325,9682175
NIFTY-I.NFO,27/08/2024,09:32:32,25002.5,25001.8,300,25003.05,25,75,9682175
NIFTY-I.NFO,27/08/2024,09:32:33,25003.05,25003.6,50,25004,500,50,9682175
NIFTY-I.NFO,27/08/2024,09:32:35,25004,25001.8,300,25004,400,225,9682175
NIFTY-I.NFO,27/08/2024,09:32:37,25001.8,25001.8,250,25002.3,25,125,9682175
NIFTY-I.NFO,27/08/2024,09:32:38,25001.8,25001.8,250,25004,325,125,9682175
NIFTY-I.NFO,27/08/2024,09:32:40,25001.8,25001.8,225,25001.85,50,125,9682175
NIFTY-I.NFO,27/08/2024,09:32:42,25003.55,25001.8,175,25004,300,125,9682175
NIFTY-I.NFO,27/08/2024,09:32:43,25001.8,25001.5,175,25001.8,275,350,9682175
NIFTY-I.NFO,27/08/2024,09:32:45,25001.5,25001.4,25,25001.5,100,300,9682175
NIFTY-I.NFO,27/08/2024,09:32:47,25001.8,25001.2,25,25001.8,125,325,9682175
NIFTY-I.NFO,27/08/2024,09:32:48,25004,25001.05,25,25004,1400,825,9682175
NIFTY-I.NFO,27/08/2024,09:32:50,25003,25001.5,25,25003.9,25,175,9682175
NIFTY-I.NFO,27/08/2024,09:32:52,25004,25002.35,25,25004,1125,250,9682175
NIFTY-I.NFO,27/08/2024,09:32:53,25004,25003.8,50,25004,1000,275,9682175
NIFTY-I.NFO,27/08/2024,09:32:55,25003.25,25005.1,125,25006.75,25,1400,9682175
NIFTY-I.NFO,27/08/2024,09:32:57,25005.15,25005.15,25,25009.2,25,375,9682175
NIFTY-I.NFO,27/08/2024,09:32:58,25007.05,25003.8,200,25007.4,50,200,9682175
NIFTY-I.NFO,27/08/2024,09:33:00,25008.5,25004.3,150,25007.4,25,500,9682175
NIFTY-I.NFO,27/08/2024,09:33:02,25007.4,25004.45,25,25007.4,25,150,9682175
NIFTY-I.NFO,27/08/2024,09:33:03,25007.4,25004.2,25,25008.15,50,450,9682175
NIFTY-I.NFO,27/08/2024,09:33:05,25008.95,25006,50,25008.55,25,50,9682175
NIFTY-I.NFO,27/08/2024,09:33:07,25004.7,25005.15,25,25009,25,175,9682175
NIFTY-I.NFO,27/08/2024,09:33:08,25008.7,25005,100,25007.75,100,75,9682175
NIFTY-I.NFO,27/08/2024,09:33:10,25004,25004,25,25007.15,25,400,9682175
NIFTY-I.NFO,27/08/2024,09:33:12,25007.85,25004.05,25,25007.85,50,125,9682175
NIFTY-I.NFO,27/08/2024,09:33:13,25007.55,25005.55,25,25007,25,75,9682175
NIFTY-I.NFO,27/08/2024,09:33:15,25007.65,25005,50,25007.45,25,950,9682175
NIFTY-I.NFO,27/08/2024,09:33:17,25003.15,25003.1,25,25006.75,25,200,9682175
NIFTY-I.NFO,27/08/2024,09:33:18,25005,25002.75,25,25006.7,25,75,9682175
NIFTY-I.NFO,27/08/2024,09:33:20,25006.6,25003.15,100,25005,100,125,9682175
NIFTY-I.NFO,27/08/2024,09:33:22,25005,25003.15,100,25005,75,75,9682175
NIFTY-I.NFO,27/08/2024,09:33:23,25004.25,25000.25,50,25004.3,75,9800,9682175
NIFTY-I.NFO,27/08/2024,09:33:25,25003.85,25000.7,75,25003.15,25,225,9682175
NIFTY-I.NFO,27/08/2024,09:33:27,25004.2,25003.15,25,25003.7,25,125,9682175
NIFTY-I.NFO,27/08/2024,09:33:28,25003.5,25003.1,25,25003.45,25,25,9682175
NIFTY-I.NFO,27/08/2024,09:33:30,25003.1,25002.8,25,25003.15,25,200,9682175
NIFTY-I.NFO,27/08/2024,09:33:32,25001.55,25001,1775,25001.7,25,450,9682175
NIFTY-I.NFO,27/08/2024,09:33:33,25001,25000.5,75,25000.85,25,3825,9682175
NIFTY-I.NFO,27/08/2024,09:33:35,25000.2,25000.2,1575,25001.05,25,425,9682175
NIFTY-I.NFO,27/08/2024,09:33:37,25001,25001,1350,25001.1,250,550,9682175
NIFTY-I.NFO,27/08/2024,09:33:38,25000.2,25000.2,475,25000.55,250,3150,9682175
NIFTY-I.NFO,27/08/2024,09:33:40,24997,24996.75,125,24998.6,50,8375,9682175
NIFTY-I.NFO,27/08/2024,09:33:40,24996.2,24996.75,125,24998.6,50,0,9682175
NIFTY-I.NFO,27/08/2024,09:33:42,25001,25001,1700,25002.25,25,600,9682175
NIFTY-I.NFO,27/08/2024,09:33:43,25001,25001,1125,25001.2,75,600,9682175
NIFTY-I.NFO,27/08/2024,09:33:45,25000.35,24996.85,75,25000.35,50,1275,9667300
NIFTY-I.NFO,27/08/2024,09:33:47,25000.9,24998.1,100,25000.6,150,1850,9667300
NIFTY-I.NFO,27/08/2024,09:33:48,25001,24999.9,200,25002.15,25,475,9667300
NIFTY-I.NFO,27/08/2024,09:33:50,25002.5,25002.25,125,25002.5,500,650,9667300
NIFTY-I.NFO,27/08/2024,09:33:52,25002.35,25002.35,50,25002.5,450,100,9667300
NIFTY-I.NFO,27/08/2024,09:33:53,25003,25002.1,100,25003,75,750,9667300
NIFTY-I.NFO,27/08/2024,09:33:55,25003,25002.6,25,25003.8,475,125,9667300
NIFTY-I.NFO,27/08/2024,09:33:57,25002.6,25002.6,200,25003.8,400,150,9667300
NIFTY-I.NFO,27/08/2024,09:33:58,25006.7,25005.15,175,25006.7,375,725,9667300
NIFTY-I.NFO,27/08/2024,09:34:00,25006.7,25005.3,125,25007.15,25,500,9667300
NIFTY-I.NFO,27/08/2024,09:34:02,25007.1,25007.1,50,25007.15,125,125,9667300
NIFTY-I.NFO,27/08/2024,09:34:03,25005.15,25005.15,50,25007.75,50,175,9667300
NIFTY-I.NFO,27/08/2024,09:34:05,25006.2,25006.6,50,25008.5,50,225,9667300
NIFTY-I.NFO,27/08/2024,09:34:07,25006.55,25006.55,75,25006.6,100,100,9667300
NIFTY-I.NFO,27/08/2024,09:34:08,25007.55,25004.75,100,25008.25,25,575,9667300
NIFTY-I.NFO,27/08/2024,09:34:10,25004.75,25004,25,25006.85,25,50,9667300
NIFTY-I.NFO,27/08/2024,09:34:12,25004.6,25003.85,50,25006.7,25,100,9667300
NIFTY-I.NFO,27/08/2024,09:34:13,25004.45,25003.85,100,25004.45,775,350,9667300
NIFTY-I.NFO,27/08/2024,09:34:15,25004.45,25004.25,50,25004.45,975,400,9667300
NIFTY-I.NFO,27/08/2024,09:34:17,25004.45,25003.9,50,25004.05,25,0,9667300
NIFTY-I.NFO,27/08/2024,09:34:18,25003.9,25004.1,100,25004.25,50,50,9667300
NIFTY-I.NFO,27/08/2024,09:34:20,25004.45,25004.2,100,25004.45,1925,175,9667300
NIFTY-I.NFO,27/08/2024,09:34:22,25004.45,25004.3,150,25004.45,1750,200,9667300
NIFTY-I.NFO,27/08/2024,09:34:23,25007.6,25007.45,50,25007.9,250,2100,9667300
NIFTY-I.NFO,27/08/2024,09:34:25,25009.5,25009.5,75,25009.55,125,3525,9667300
NIFTY-I.NFO,27/08/2024,09:34:27,25009.5,25009.4,25,25009.5,125,100,9667300
NIFTY-I.NFO,27/08/2024,09:34:28,25010,25009.7,25,25010,175,225,9667300
NIFTY-I.NFO,27/08/2024,09:34:30,25011.65,25008.95,100,25011.75,50,875,9667300
NIFTY-I.NFO,27/08/2024,09:34:32,25011.15,25011.45,25,25011.95,25,100,9667300
NIFTY-I.NFO,27/08/2024,09:34:33,25011.4,25010.05,100,25011.45,25,50,9667300
NIFTY-I.NFO,27/08/2024,09:34:35,25013.8,25011.5,25,25013.7,125,475,9667300
NIFTY-I.NFO,27/08/2024,09:34:37,25011.45,25011.2,25,25011.5,225,100,9667300
NIFTY-I.NFO,27/08/2024,09:34:38,25011.25,25011.2,25,25011.3,25,25,9667300
NIFTY-I.NFO,27/08/2024,09:34:40,25010.75,25010.05,75,25010.45,200,275,9667300
NIFTY-I.NFO,27/08/2024,09:34:42,25009.45,25006.05,100,25008.95,150,750,9667300
NIFTY-I.NFO,27/08/2024,09:34:43,25006.15,25005.15,100,25008.1,75,100,9667300
NIFTY-I.NFO,27/08/2024,09:34:45,25005.05,25005.05,50,25007.1,25,250,9667300
NIFTY-I.NFO,27/08/2024,09:34:47,25006.3,25005.05,25,25006.3,125,100,9667300
NIFTY-I.NFO,27/08/2024,09:34:48,25007.25,25005.05,100,25006.5,25,300,9667300
NIFTY-I.NFO,27/08/2024,09:34:50,25005.1,25005.05,75,25005.75,175,250,9667300
NIFTY-I.NFO,27/08/2024,09:34:52,25005.1,25005.05,100,25005.1,75,175,9667300
NIFTY-I.NFO,27/08/2024,09:34:53,25005.15,25005.1,200,25005.15,25,200,9667300
NIFTY-I.NFO,27/08/2024,09:34:55,25007.4,25006.35,25,25007.7,25,175,9667300
NIFTY-I.NFO,27/08/2024,09:34:57,25007.7,25005.95,125,25007.5,25,300,9667300
NIFTY-I.NFO,27/08/2024,09:34:58,25005.5,25005.2,100,25005.5,50,425,9667300
NIFTY-I.NFO,27/08/2024,09:35:00,25005.35,25005.35,125,25005.4,25,350,9667300
NIFTY-I.NFO,27/08/2024,09:35:02,25004,25004.05,100,25005,425,1500,9667300
NIFTY-I.NFO,27/08/2024,09:35:03,25004.05,25004,75,25004.15,100,225,9667300
NIFTY-I.NFO,27/08/2024,09:35:05,25002.55,25002,50,25002.35,25,500,9667300
NIFTY-I.NFO,27/08/2024,09:35:07,25002.05,25002,25,25002.2,25,225,9667300
NIFTY-I.NFO,27/08/2024,09:35:08,25001.05,25001,75,25001.45,50,425,9667300
NIFTY-I.NFO,27/08/2024,09:35:10,25001.3,25000.55,100,25001.15,75,175,9667300
NIFTY-I.NFO,27/08/2024,09:35:12,25001.05,25001.2,100,25001.9,25,275,9667300
NIFTY-I.NFO,27/08/2024,09:35:13,25001.1,25000.55,100,25001.15,25,450,9667300
NIFTY-I.NFO,27/08/2024,09:35:15,25000.55,25000.55,25,25002,125,250,9667300
NIFTY-I.NFO,27/08/2024,09:35:17,25000.6,25000.55,75,25002,125,275,9667300
NIFTY-I.NFO,27/08/2024,09:35:18,25002,25000.55,100,25002,75,225,9667300
NIFTY-I.NFO,27/08/2024,09:35:20,25002,25000.55,75,25002,25,175,9667300
NIFTY-I.NFO,27/08/2024,09:35:22,25002.45,25002.05,75,25002.6,25,200,9667300
NIFTY-I.NFO,27/08/2024,09:35:24,25004.85,25003.2,100,25005.1,50,200,9667300
NIFTY-I.NFO,27/08/2024,09:35:25,25005.1,25004.4,25,25005.4,250,125,9667300
NIFTY-I.NFO,27/08/2024,09:35:27,25006.95,25005.4,75,25006.8,200,1125,9667300
NIFTY-I.NFO,27/08/2024,09:35:29,25006.75,25005.4,100,25006.75,50,900,9667300
NIFTY-I.NFO,27/08/2024,09:35:30,25006.4,25005.4,150,25006.75,75,25,9667300
NIFTY-I.NFO,27/08/2024,09:35:32,25006.65,25006.55,50,25007.05,50,125,9667300
NIFTY-I.NFO,27/08/2024,09:35:34,25007.1,25007.1,50,25008.1,100,50,9667300
NIFTY-I.NFO,27/08/2024,09:35:35,25006.6,25005.45,100,25006.1,25,725,9667300
NIFTY-I.NFO,27/08/2024,09:35:37,25004.65,25003.75,100,25004.4,100,625,9667300
NIFTY-I.NFO,27/08/2024,09:35:39,25003.5,25002.1,100,25003.45,75,200,9667300
NIFTY-I.NFO,27/08/2024,09:35:40,25003.45,25002.1,100,25003.6,200,75,9667300
NIFTY-I.NFO,27/08/2024,09:35:42,25002.1,25002.1,75,25004.3,25,125,9667300
NIFTY-I.NFO,27/08/2024,09:35:44,25003.15,25002.1,75,25003.15,100,400,9667300
NIFTY-I.NFO,27/08/2024,09:35:45,25002.85,25002.1,50,25003.05,150,75,9667300
NIFTY-I.NFO,27/08/2024,09:35:47,25003.7,25003.05,100,25003.7,75,250,9667300
NIFTY-I.NFO,27/08/2024,09:35:49,25002.1,25002.05,100,25003.55,100,750,9667300
NIFTY-I.NFO,27/08/2024,09:35:50,25003.05,25002.05,100,25003.6,50,50,9667300
NIFTY-I.NFO,27/08/2024,09:35:52,25004,25002.05,150,25003.95,250,1000,9667300
NIFTY-I.NFO,27/08/2024,09:35:54,25002.05,25002.05,75,25003.05,1800,575,9667300
NIFTY-I.NFO,27/08/2024,09:35:55,25003.05,25002.05,75,25003.05,550,1300,9667300
NIFTY-I.NFO,27/08/2024,09:35:57,25002.85,25002.85,75,25002.95,400,225,9667300
NIFTY-I.NFO,27/08/2024,09:35:59,25002.25,25001.05,100,25001.7,25,875,9667300
NIFTY-I.NFO,27/08/2024,09:36:00,24999.5,24998.8,75,24999,25,3650,9667300
NIFTY-I.NFO,27/08/2024,09:36:02,24995.55,24995.2,100,24998.45,125,1475,9667300
NIFTY-I.NFO,27/08/2024,09:36:02,24995.1,24995.2,100,24998.45,125,0,9667300
NIFTY-I.NFO,27/08/2024,09:36:04,24998.95,24998.35,25,24999.15,150,200,9667300
NIFTY-I.NFO,27/08/2024,09:36:05,24995.05,24995.05,75,24996.25,225,50,9667300
NIFTY-I.NFO,27/08/2024,09:36:05,24995.05,24995.05,75,24996.25,225,0,9667300
NIFTY-I.NFO,27/08/2024,09:36:07,24995,24995.05,100,24996.5,25,850,9667300
NIFTY-I.NFO,27/08/2024,09:36:07,24995,24995.05,100,24996.5,25,0,9667300
NIFTY-I.NFO,27/08/2024,09:36:09,24994.75,24994.65,100,24995.05,50,675,9667300
NIFTY-I.NFO,27/08/2024,09:36:09,24994.75,24994.65,100,24995.05,50,0,9667300
NIFTY-I.NFO,27/08/2024,09:36:10,24992.6,24993.1,25,24995.1,50,6050,9667300
NIFTY-I.NFO,27/08/2024,09:36:10,24990.7,24993.1,25,24995.1,50,0,9667300
NIFTY-I.NFO,27/08/2024,09:36:12,24995.05,24994.65,175,24995.05,50,200,9667300
NIFTY-I.NFO,27/08/2024,09:36:14,24995.1,24995.1,75,24996.3,100,1550,9667300
NIFTY-I.NFO,27/08/2024,09:36:14,24990.3,24995.1,75,24996.3,100,0,9667300
NIFTY-I.NFO,27/08/2024,09:36:15,24995.1,24995.3,25,24998.95,50,1725,9667300
NIFTY-I.NFO,27/08/2024,09:36:17,24995.35,24995.45,75,24998.8,75,25,9667300
NIFTY-I.NFO,27/08/2024,09:36:19,24995.25,24995.15,25,24997.5,125,450,9667300
NIFTY-I.NFO,27/08/2024,09:36:20,24992.25,24994.4,100,24995,25,625,9667300
NIFTY-I.NFO,27/08/2024,09:36:22,24995.15,24995.3,100,24997.3,50,125,9667300
NIFTY-I.NFO,27/08/2024,09:36:24,24997.45,24997.45,150,24997.85,125,150,9667300
NIFTY-I.NFO,27/08/2024,09:36:25,24996.95,24995.25,100,24996.85,75,575,9667300
NIFTY-I.NFO,27/08/2024,09:36:27,24992,24992,25,24995.3,75,475,9667300
NIFTY-I.NFO,27/08/2024,09:36:29,24995.3,24993.05,25,24995.3,100,525,9667300
NIFTY-I.NFO,27/08/2024,09:36:30,24994.8,24995.25,25,24995.3,50,250,9667300
NIFTY-I.NFO,27/08/2024,09:36:32,24995.35,24995.35,75,24996.85,225,1275,9667300
NIFTY-I.NFO,27/08/2024,09:36:34,24997.1,24995.35,100,24997.8,125,500,9667300
NIFTY-I.NFO,27/08/2024,09:36:35,24995,24995.2,100,24998.1,25,1100,9667300
NIFTY-I.NFO,27/08/2024,09:36:37,24999.95,24998.1,25,25000,3200,125,9667300
NIFTY-I.NFO,27/08/2024,09:36:39,25000,24997.55,100,25000,3075,550,9667300
NIFTY-I.NFO,27/08/2024,09:36:40,25000,24997.55,50,25000,675,2525,9667300
NIFTY-I.NFO,27/08/2024,09:36:42,24997.5,24997.5,950,24999.8,225,1100,9667300
NIFTY-I.NFO,27/08/2024,09:36:44,24997.85,24997.8,375,24998.25,50,175,9667300
NIFTY-I.NFO,27/08/2024,09:36:45,24993,24993.75,100,24997,1925,1550,9656275
NIFTY-I.NFO,27/08/2024,09:36:47,24995,24993.5,25,24995,1550,350,9656275
NIFTY-I.NFO,27/08/2024,09:36:49,24995,24994.25,100,24995,25,1800,9656275
NIFTY-I.NFO,27/08/2024,09:36:50,24993.5,24993.75,100,24996.55,150,450,9656275
NIFTY-I.NFO,27/08/2024,09:36:52,24993.5,24993.15,150,24994.25,300,25,9656275
NIFTY-I.NFO,27/08/2024,09:36:54,24994.6,24994.6,50,24995.2,325,575,9656275
NIFTY-I.NFO,27/08/2024,09:36:55,24991.4,24991.4,100,24992,1300,700,9656275
NIFTY-I.NFO,27/08/2024,09:36:57,24992.35,24992.35,75,24995.5,25,1450,9656275
NIFTY-I.NFO,27/08/2024,09:36:59,24995.25,24992.45,100,24995.25,75,1450,9656275
NIFTY-I.NFO,27/08/2024,09:37:00,24997.1,24993.3,25,24997.35,25,650,9656275
NIFTY-I.NFO,27/08/2024,09:37:02,24997.2,24993.45,100,24997.2,350,3600,9656275
NIFTY-I.NFO,27/08/2024,09:37:04,24997.2,24996.5,25,24997.4,125,400,9656275
NIFTY-I.NFO,27/08/2024,09:37:05,24990.25,24990.5,50,24995.9,50,6000,9656275
NIFTY-I.NFO,27/08/2024,09:37:05,24990.1,24990.5,50,24995.9,50,0,9656275
NIFTY-I.NFO,27/08/2024,09:37:07,24992.3,24991.65,25,24996.05,50,600,9656275
NIFTY-I.NFO,27/08/2024,09:37:09,24991.25,24991.75,100,24994.9,50,925,9656275
NIFTY-I.NFO,27/08/2024,09:37:10,24995,24991.75,100,24994.95,100,50,9656275
NIFTY-I.NFO,27/08/2024,09:37:12,24994.95,24992.05,100,24995,150,125,9656275
NIFTY-I.NFO,27/08/2024,09:37:14,24994.95,24992.05,100,24992.3,50,0,9656275
NIFTY-I.NFO,27/08/2024,09:37:15,24992.3,24991.5,25,24995,175,450,9656275
NIFTY-I.NFO,27/08/2024,09:37:17,24995,24991.35,25,24995,475,2375,9656275
NIFTY-I.NFO,27/08/2024,09:37:19,24991.55,24992.35,100,24994.55,150,200,9656275
NIFTY-I.NFO,27/08/2024,09:37:20,24993.1,24992.3,25,24993.1,75,125,9656275
NIFTY-I.NFO,27/08/2024,09:37:22,24991.55,24990.15,125,24991.55,725,1375,9656275
NIFTY-I.NFO,27/08/2024,09:37:24,24991.55,24991.25,100,24991.55,25,1025,9656275
NIFTY-I.NFO,27/08/2024,09:37:25,24992,24991.6,100,24992,425,550,9656275
NIFTY-I.NFO,27/08/2024,09:37:27,24997,24994.35,100,24997.5,50,775,9656275
NIFTY-I.NFO,27/08/2024,09:37:29,24994.8,24994.75,50,24997.65,50,625,9656275
NIFTY-I.NFO,27/08/2024,09:37:30,24996.6,24993.95,75,24997.55,50,150,9656275
NIFTY-I.NFO,27/08/2024,09:37:32,24995.75,24993.45,25,24994.75,25,325,9656275
NIFTY-I.NFO,27/08/2024,09:37:34,24994.55,24994.55,75,24994.75,200,100,9656275
NIFTY-I.NFO,27/08/2024,09:37:35,24993.65,24993.65,75,24996.25,25,400,9656275
NIFTY-I.NFO,27/08/2024,09:37:37,24995.7,24993.6,125,24995.65,25,225,9656275
NIFTY-I.NFO,27/08/2024,09:37:39,24993.65,24993.65,75,24996.85,25,850,9656275
NIFTY-I.NFO,27/08/2024,09:37:40,24997,24993.75,75,24995,25,125,9656275
NIFTY-I.NFO,27/08/2024,09:37:42,24995,24993.7,25,24996.65,25,125,9656275
NIFTY-I.NFO,27/08/2024,09:37:44,24994.55,24994.55,25,24997,875,225,9656275
NIFTY-I.NFO,27/08/2024,09:37:45,24994.1,24995.65,100,24997,875,300,9656275
NIFTY-I.NFO,27/08/2024,09:37:47,24999,24996.85,100,24999,925,1775,9656275
NIFTY-I.NFO,27/08/2024,09:37:49,24999,24995.9,150,24999,700,825,9656275
NIFTY-I.NFO,27/08/2024,09:37:50,24998.8,24995.25,100,24997.85,50,300,9656275
NIFTY-I.NFO,27/08/2024,09:37:52,24997.4,24995.9,150,24998.35,200,25,9656275
NIFTY-I.NFO,27/08/2024,09:37:54,24998.2,24995.9,125,24998.35,50,350,9656275
NIFTY-I.NFO,27/08/2024,09:37:55,24995.9,24995.9,100,24998.15,225,250,9656275
NIFTY-I.NFO,27/08/2024,09:37:57,24997.75,24995.9,125,24997.65,175,150,9656275
NIFTY-I.NFO,27/08/2024,09:37:59,24997.15,24995.1,150,24996.45,100,25,9656275
NIFTY-I.NFO,27/08/2024,09:38:00,24996.95,24995.05,175,24996.9,125,200,9656275
NIFTY-I.NFO,27/08/2024,09:38:02,24995.05,24995.1,100,24996.6,75,75,9656275
NIFTY-I.NFO,27/08/2024,09:38:04,24992.35,24994.15,100,24998.1,150,1675,9656275
NIFTY-I.NFO,27/08/2024,09:38:05,24998.1,24995.15,100,24998.1,25,100,9656275
NIFTY-I.NFO,27/08/2024,09:38:07,24998.1,24996,50,24998.9,25,25,9656275
NIFTY-I.NFO,27/08/2024,09:38:09,24998.1,24995.75,100,24999,700,225,9656275
NIFTY-I.NFO,27/08/2024,09:38:10,24999,24995.95,100,24998.75,300,150,9656275
NIFTY-I.NFO,27/08/2024,09:38:12,24998.25,24995.95,100,24998.05,275,150,9656275
NIFTY-I.NFO,27/08/2024,09:38:14,24995.95,24995.95,75,24997.95,25,375,9656275
NIFTY-I.NFO,27/08/2024,09:38:15,24999,24995.95,75,24999,550,50,9656275
NIFTY-I.NFO,27/08/2024,09:38:17,24995.95,24995.95,100,24998.4,150,125,9656275
NIFTY-I.NFO,27/08/2024,09:38:19,24995,24994.25,25,24998.4,250,1200,9656275
NIFTY-I.NFO,27/08/2024,09:38:20,24995.1,24995.1,25,24997.3,250,300,9656275
NIFTY-I.NFO,27/08/2024,09:38:22,24996,24996,150,24997.3,125,100,9656275
NIFTY-I.NFO,27/08/2024,09:38:24,24997.6,24996.05,150,24997.3,225,325,9656275
NIFTY-I.NFO,27/08/2024,09:38:25,24997.3,24997,125,24998.35,175,175,9656275
NIFTY-I.NFO,27/08/2024,09:38:27,24997.2,24996.05,100,24997.3,75,250,9656275
NIFTY-I.NFO,27/08/2024,09:38:29,24998.1,24998.1,175,24998.25,50,475,9656275
NIFTY-I.NFO,27/08/2024,09:38:30,24997.15,24996.05,100,24996.6,25,550,9656275
NIFTY-I.NFO,27/08/2024,09:38:32,24997.8,24997.35,100,24997.55,100,225,9656275
NIFTY-I.NFO,27/08/2024,09:38:34,24997.4,24997.35,100,24998,175,275,9656275
NIFTY-I.NFO,27/08/2024,09:38:35,24998.55,24997.35,100,24998.6,125,275,9656275
NIFTY-I.NFO,27/08/2024,09:38:37,24998.55,24997.35,100,24998.55,75,250,9656275
NIFTY-I.NFO,27/08/2024,09:38:39,24999,24997.35,100,24999,350,300,9656275
NIFTY-I.NFO,27/08/2024,09:38:40,24999,24997.35,100,24999,350,0,9656275
NIFTY-I.NFO,27/08/2024,09:38:42,24999,24998.05,100,24998.95,25,125,9656275
NIFTY-I.NFO,27/08/2024,09:38:44,24998.05,24998.05,100,24998.1,50,500,9656275
NIFTY-I.NFO,27/08/2024,09:38:45,24997.3,24997.35,100,24997.6,125,300,9656275
NIFTY-I.NFO,27/08/2024,09:38:47,24997.2,24997.05,100,24997.25,50,375,9656275
NIFTY-I.NFO,27/08/2024,09:38:48,24995.1,24993.05,100,24995.15,275,800,9656275
NIFTY-I.NFO,27/08/2024,09:38:50,24995.1,24993.05,100,24995.1,150,400,9656275
NIFTY-I.NFO,27/08/2024,09:38:52,24994.75,24993.05,125,24994.5,25,250,9656275
NIFTY-I.NFO,27/08/2024,09:38:53,24994.45,24992.2,125,24994.45,25,900,9656275
NIFTY-I.NFO,27/08/2024,09:38:55,24990,24987.8,100,24989.95,25,8950,9656275
NIFTY-I.NFO,27/08/2024,09:38:55,24987.35,24987.8,100,24989.95,25,0,9656275
NIFTY-I.NFO,27/08/2024,09:38:57,24990,24988.9,100,24990,1650,200,9656275
NIFTY-I.NFO,27/08/2024,09:38:58,24990,24990,100,24991.95,75,1825,9656275
NIFTY-I.NFO,27/08/2024,09:39:00,24990,24990,150,24991.95,75,0,9656275
NIFTY-I.NFO,27/08/2024,09:39:02,24995.05,24990.55,25,24994.85,125,425,9656275
NIFTY-I.NFO,27/08/2024,09:39:03,24991.25,24991.25,125,24995.1,25,625,9656275
NIFTY-I.NFO,27/08/2024,09:39:05,24994.75,24991.35,100,24995.1,25,125,9656275
NIFTY-I.NFO,27/08/2024,09:39:07,24991.45,24991.55,25,24995.3,150,175,9656275
NIFTY-I.NFO,27/08/2024,09:39:08,24990.45,24990.65,25,24992.6,50,575,9656275
NIFTY-I.NFO,27/08/2024,09:39:10,24990.15,24990,250,24992.6,50,175,9656275
NIFTY-I.NFO,27/08/2024,09:39:12,24992.6,24990.6,100,24992.6,50,75,9656275
NIFTY-I.NFO,27/08/2024,09:39:13,24991.6,24991.8,25,24994.6,225,150,9656275
NIFTY-I.NFO,27/08/2024,09:39:15,24990.05,24990.25,100,24994.2,150,200,9656275
NIFTY-I.NFO,27/08/2024,09:39:17,24990.05,24990.05,25,24993.45,125,300,9656275
NIFTY-I.NFO,27/08/2024,09:39:18,24991.8,24990.25,50,24993.6,100,675,9656275
NIFTY-I.NFO,27/08/2024,09:39:20,24991.3,24991.3,50,24993.6,75,650,9656275
NIFTY-I.NFO,27/08/2024,09:39:22,24992.3,24992.45,150,24994.85,175,525,9656275
NIFTY-I.NFO,27/08/2024,09:39:23,24995.35,24993.95,125,24997.55,125,1175,9656275
NIFTY-I.NFO,27/08/2024,09:39:25,24996.55,24994.9,100,24997.6,25,225,9656275
NIFTY-I.NFO,27/08/2024,09:39:27,24999,24998.95,25,24999,50,200,9656275
NIFTY-I.NFO,27/08/2024,09:39:28,24997.55,24994.85,100,24997.8,200,475,9656275
NIFTY-I.NFO,27/08/2024,09:39:30,24997.55,24996.85,100,24997.5,200,0,9656275
NIFTY-I.NFO,27/08/2024,09:39:32,24998.75,24994.6,175,24998.5,200,1400,9656275
NIFTY-I.NFO,27/08/2024,09:39:33,24994.6,24993.05,75,24994.6,150,950,9656275
NIFTY-I.NFO,27/08/2024,09:39:35,24994.8,24994.8,75,24996.4,275,450,9656275
NIFTY-I.NFO,27/08/2024,09:39:37,24991.05,24991.05,75,24994.85,150,300,9656275
NIFTY-I.NFO,27/08/2024,09:39:38,24994.95,24993.55,75,24995.35,175,275,9656275
NIFTY-I.NFO,27/08/2024,09:39:40,24992,24992.05,100,24995.35,125,775,9656275
NIFTY-I.NFO,27/08/2024,09:39:42,24993.55,24992.05,100,24994.7,150,250,9656275
NIFTY-I.NFO,27/08/2024,09:39:43,24994.75,24993.05,50,24994.95,50,475,9656275
NIFTY-I.NFO,27/08/2024,09:39:45,24992.05,24992.05,100,24992.1,25,725,9656275
NIFTY-I.NFO,27/08/2024,09:39:46,24993.05,24992.15,100,24993.05,300,250,9657725
NIFTY-I.NFO,27/08/2024,09:39:48,24992.05,24992.05,125,24993.05,750,750,9657725
NIFTY-I.NFO,27/08/2024,09:39:50,24992.05,24992.05,100,24993.05,750,625,9657725
NIFTY-I.NFO,27/08/2024,09:39:51,24992.05,24992.05,250,24993.05,225,1100,9657725
NIFTY-I.NFO,27/08/2024,09:39:53,24993.05,24992.1,125,24993.05,125,450,9657725
NIFTY-I.NFO,27/08/2024,09:39:55,24992.5,24992.6,50,24994.9,75,725,9657725
NIFTY-I.NFO,27/08/2024,09:39:57,24994.5,24993.05,50,24993.55,150,125,9657725
NIFTY-I.NFO,27/08/2024,09:39:58,24993.25,24992.55,50,24993.25,175,200,9657725
NIFTY-I.NFO,27/08/2024,09:40:00,24993.3,24993.3,50,24995.5,25,1000,9657725
NIFTY-I.NFO,27/08/2024,09:40:02,24993.4,24993.4,50,24995,500,100,9657725
NIFTY-I.NFO,27/08/2024,09:40:03,24992.05,24992,650,24993.3,500,575,9657725
NIFTY-I.NFO,27/08/2024,09:40:05,24993.3,24992.6,100,24993.3,400,300,9657725
NIFTY-I.NFO,27/08/2024,09:40:07,24993.3,24992.6,25,24993.3,275,200,9657725
NIFTY-I.NFO,27/08/2024,09:40:08,24994,24993.3,175,24994.55,200,375,9657725
NIFTY-I.NFO,27/08/2024,09:40:10,24993.3,24993.3,25,24994,250,525,9657725
NIFTY-I.NFO,27/08/2024,09:40:12,24993.6,24991.15,25,24993.7,150,925,9657725
NIFTY-I.NFO,27/08/2024,09:40:13,24992.7,24991.05,25,24992.55,300,400,9657725
NIFTY-I.NFO,27/08/2024,09:40:15,24991,24991.05,100,24992.15,50,150,9657725
NIFTY-I.NFO,27/08/2024,09:40:17,24991.05,24991.1,25,24994.1,150,175,9657725
NIFTY-I.NFO,27/08/2024,09:40:18,24992.95,24991.15,100,24992.95,100,100,9657725
NIFTY-I.NFO,27/08/2024,09:40:20,24992.95,24992.4,50,24992.95,50,1425,9657725
NIFTY-I.NFO,27/08/2024,09:40:22,24991.1,24991.05,125,24991.1,550,175,9657725
NIFTY-I.NFO,27/08/2024,09:40:23,24992.4,24992.35,150,24992.4,575,575,9657725
NIFTY-I.NFO,27/08/2024,09:40:25,24992.4,24992.35,125,24992.4,500,75,9657725
NIFTY-I.NFO,27/08/2024,09:40:27,24992.4,24992.35,125,24992.4,450,50,9657725
NIFTY-I.NFO,27/08/2024,09:40:28,24992.4,24992.3,25,24992.4,300,200,9657725
NIFTY-I.NFO,27/08/2024,09:40:30,24992,24991.05,75,24991.75,125,150,9657725
NIFTY-I.NFO,27/08/2024,09:40:32,24991.35,24991.05,50,24991.45,50,50,9657725
NIFTY-I.NFO,27/08/2024,09:40:33,24991.45,24991,450,24991.95,25,150,9657725
NIFTY-I.NFO,27/08/2024,09:40:35,24991.4,24990.3,100,24991.4,25,900,9657725
NIFTY-I.NFO,27/08/2024,09:40:37,24991,24990.3,100,24991,375,225,9657725
NIFTY-I.NFO,27/08/2024,09:40:38,24991.9,24991.45,75,24991.6,25,650,9657725
NIFTY-I.NFO,27/08/2024,09:40:40,24990.3,24990.3,100,24990.6,25,875,9657725
NIFTY-I.NFO,27/08/2024,09:40:42,24988,24988,75,24989.7,50,2250,9657725
NIFTY-I.NFO,27/08/2024,09:40:42,24986,24988,75,24989.7,50,0,9657725
NIFTY-I.NFO,27/08/2024,09:40:43,24989.7,24986.5,100,24989.55,100,250,9657725
NIFTY-I.NFO,27/08/2024,09:40:45,24985.9,24985.9,75,24987.4,25,900,9657725
NIFTY-I.NFO,27/08/2024,09:40:45,24985.6,24985.9,75,24987.4,25,0,9657725
NIFTY-I.NFO,27/08/2024,09:40:47,24989.55,24987.7,75,24989.55,250,300,9657725
NIFTY-I.NFO,27/08/2024,09:40:48,24987.7,24987.65,75,24988.45,300,50,9657725
NIFTY-I.NFO,27/08/2024,09:40:50,24988,24987.4,25,24987.7,25,425,9657725
NIFTY-I.NFO,27/08/2024,09:40:52,24985.65,24985.65,75,24987.6,25,425,9657725
NIFTY-I.NFO,27/08/2024,09:40:53,24986.55,24985.65,25,24986.9,225,150,9657725
NIFTY-I.NFO,27/08/2024,09:40:55,24985.55,24982.6,100,24985.45,100,7025,9657725
NIFTY-I.NFO,27/08/2024,09:40:55,24980.3,24982.6,100,24985.45,100,0,9657725
NIFTY-I.NFO,27/08/2024,09:40:57,24984.7,24984.45,25,24984.5,125,225,9657725
NIFTY-I.NFO,27/08/2024,09:40:58,24983.95,24983.9,25,24984.4,25,650,9657725
NIFTY-I.NFO,27/08/2024,09:41:00,24984,24983.75,25,24984,725,1075,9657725
NIFTY-I.NFO,27/08/2024,09:41:02,24983.75,24983.15,100,24983.9,25,775,9657725
NIFTY-I.NFO,27/08/2024,09:41:03,24983.15,24980.6,100,24983.15,550,650,9657725
NIFTY-I.NFO,27/08/2024,09:41:03,24980.2,24980.6,100,24983.15,550,0,9657725
NIFTY-I.NFO,27/08/2024,09:41:05,24980.6,24980.35,100,24983.15,350,675,9657725
NIFTY-I.NFO,27/08/2024,09:41:07,24980.65,24980.2,200,24980.65,25,550,9657725
NIFTY-I.NFO,27/08/2024,09:41:07,24980.1,24980.2,200,24980.65,25,0,9657725
NIFTY-I.NFO,27/08/2024,09:41:08,24980.65,24980.65,75,24982.95,25,50,9657725
NIFTY-I.NFO,27/08/2024,09:41:10,24982.65,24980.65,100,24982.95,100,550,9657725
NIFTY-I.NFO,27/08/2024,09:41:12,24980.65,24980.65,100,24981.9,25,200,9657725
NIFTY-I.NFO,27/08/2024,09:41:13,24980.65,24980.65,75,24981.9,200,800,9657725
NIFTY-I.NFO,27/08/2024,09:41:15,24981.05,24981.05,75,24981.9,250,150,9657725
NIFTY-I.NFO,27/08/2024,09:41:17,24981.85,24981.05,75,24981.85,100,125,9657725
NIFTY-I.NFO,27/08/2024,09:41:18,24981.8,24980.55,75,24981.8,50,500,9657725
NIFTY-I.NFO,27/08/2024,09:41:20,24980.55,24980.55,50,24981.8,50,25,9657725
NIFTY-I.NFO,27/08/2024,09:41:21,24980.15,24980.15,125,24982.15,25,225,9657725
NIFTY-I.NFO,27/08/2024,09:41:23,24985.65,24983.05,50,24985.65,1750,1200,9657725
NIFTY-I.NFO,27/08/2024,09:41:25,24983.25,24983.4,25,24985.65,200,2375,9657725
NIFTY-I.NFO,27/08/2024,09:41:26,24983.55,24983.85,100,24985.65,125,300,9657725
NIFTY-I.NFO,27/08/2024,09:41:28,24987.7,24987.7,200,24989.15,325,525,9657725
NIFTY-I.NFO,27/08/2024,09:41:30,24988.2,24986.75,125,24990,100,75,9657725
NIFTY-I.NFO,27/08/2024,09:41:31,24989.75,24986.2,100,24987.25,25,175,9657725
NIFTY-I.NFO,27/08/2024,09:41:33,24985.65,24985.7,150,24986.2,25,550,9657725
NIFTY-I.NFO,27/08/2024,09:41:35,24986.2,24984.1,100,24987.25,300,575,9657725
NIFTY-I.NFO,27/08/2024,09:41:36,24981.95,24983.35,25,24987.25,150,1575,9657725
NIFTY-I.NFO,27/08/2024,09:41:38,24984.75,24984.9,100,24987.25,125,75,9657725
NIFTY-I.NFO,27/08/2024,09:41:40,24989,24985.55,25,24988,25,550,9657725
NIFTY-I.NFO,27/08/2024,09:41:41,24989,24987.3,100,24989.05,75,600,9657725
NIFTY-I.NFO,27/08/2024,09:41:43,24989,24987.55,25,24989.9,100,425,9657725
NIFTY-I.NFO,27/08/2024,09:41:45,24991.05,24989.35,75,24992,25,500,9657725
NIFTY-I.NFO,27/08/2024,09:41:46,24989.85,24989.85,50,24992.05,25,275,9657725
NIFTY-I.NFO,27/08/2024,09:41:48,24994.1,24992.1,50,24994,125,400,9657725
NIFTY-I.NFO,27/08/2024,09:41:50,24990,24989.95,100,24992,25,400,9657725
NIFTY-I.NFO,27/08/2024,09:41:51,24992.85,24990.35,150,24992,150,1950,9657725
NIFTY-I.NFO,27/08/2024,09:41:53,24991.95,24991.6,125,24992,75,225,9657725
NIFTY-I.NFO,27/08/2024,09:41:55,24991.05,24990.05,100,24991.8,100,2650,9657725
NIFTY-I.NFO,27/08/2024,09:41:56,24992.95,24992.95,50,24993.05,175,425,9657725
NIFTY-I.NFO,27/08/2024,09:41:58,24992.55,24992.05,75,24992.45,25,825,9657725
NIFTY-I.NFO,27/08/2024,09:42:00,24992.25,24992.25,50,24992.35,125,950,9657725
NIFTY-I.NFO,27/08/2024,09:42:01,24992.2,24992.05,50,24992.35,125,75,9657725
NIFTY-I.NFO,27/08/2024,09:42:03,24992.35,24990.05,50,24992.2,100,1175,9657725
NIFTY-I.NFO,27/08/2024,09:42:05,24991.1,24991.1,75,24992.2,250,100,9657725
NIFTY-I.NFO,27/08/2024,09:42:06,24992.8,24990.05,100,24992.8,100,600,9657725
NIFTY-I.NFO,27/08/2024,09:42:08,24992.35,24990.05,100,24992.35,125,75,9657725
NIFTY-I.NFO,27/08/2024,09:42:10,24992.75,24992.2,100,24992.7,150,400,9657725
NIFTY-I.NFO,27/08/2024,09:42:11,24993,24992.2,100,24993.35,25,100,9657725
NIFTY-I.NFO,27/08/2024,09:42:13,24993.6,24992.2,75,24993.6,25,200,9657725
NIFTY-I.NFO,27/08/2024,09:42:15,24993.6,24992.9,25,24993.55,75,150,9657725
NIFTY-I.NFO,27/08/2024,09:42:17,24992.5,24992.2,50,24992.45,25,650,9657725
NIFTY-I.NFO,27/08/2024,09:42:18,24992.15,24992.15,75,24992.25,150,75,9657725
NIFTY-I.NFO,27/08/2024,09:42:20,24992.25,24992.15,50,24992.2,225,75,9657725
NIFTY-I.NFO,27/08/2024,09:42:22,24992,24990.05,150,24991.95,125,275,9657725
NIFTY-I.NFO,27/08/2024,09:42:23,24992.5,24991.8,50,24992.9,250,175,9657725
NIFTY-I.NFO,27/08/2024,09:42:25,24993.45,24992.4,75,24993.65,25,100,9657725
NIFTY-I.NFO,27/08/2024,09:42:27,24993.95,24992.45,25,24993.95,50,75,9657725
NIFTY-I.NFO,27/08/2024,09:42:28,24992.55,24992.55,100,24993.55,50,475,9657725
NIFTY-I.NFO,27/08/2024,09:42:30,24995,24994.7,50,24994.95,50,475,9657725
NIFTY-I.NFO,27/08/2024,09:42:32,24994.85,24993.65,100,24994.95,75,100,9657725
NIFTY-I.NFO,27/08/2024,09:42:33,24994.95,24994.05,125,24994.55,25,1200,9657725
NIFTY-I.NFO,27/08/2024,09:42:35,24993.85,24993.05,75,24993.7,50,650,9657725
NIFTY-I.NFO,27/08/2024,09:42:37,24992.55,24992.55,100,24992.8,50,125,9657725
NIFTY-I.NFO,27/08/2024,09:42:38,24993.7,24992.55,100,24993.3,200,525,9657725
NIFTY-I.NFO,27/08/2024,09:42:40,24992.9,24992.55,100,24993.05,125,150,9657725
NIFTY-I.NFO,27/08/2024,09:42:42,24992.55,24992.05,100,24992.45,50,925,9657725
NIFTY-I.NFO,27/08/2024,09:42:43,24992.05,24992.05,75,24992.25,25,50,9657725
NIFTY-I.NFO,27/08/2024,09:42:45,24991.05,24990.05,100,24990.75,25,625,9657725
NIFTY-I.NFO,27/08/2024,09:42:47,24990.4,24990.05,75,24990.4,175,250,9645500
NIFTY-I.NFO,27/08/2024,09:42:48,24988.9,24985.95,100,24988.95,50,600,9645500
NIFTY-I.NFO,27/08/2024,09:42:50,24985.95,24985.55,25,24985.95,150,575,9645500
NIFTY-I.NFO,27/08/2024,09:42:52,24985.55,24985.55,150,24988.5,75,575,9645500
NIFTY-I.NFO,27/08/2024,09:42:53,24988.55,24986,125,24988.35,25,250,9645500
NIFTY-I.NFO,27/08/2024,09:42:55,24987.8,24986,125,24988.5,50,375,9645500
NIFTY-I.NFO,27/08/2024,09:42:57,24987.15,24986.05,75,24987,25,200,9645500
NIFTY-I.NFO,27/08/2024,09:42:58,24986,24983.85,125,24986.8,50,2250,9645500
NIFTY-I.NFO,27/08/2024,09:43:00,24986,24985.15,150,24986.75,25,0,9645500
NIFTY-I.NFO,27/08/2024,09:43:02,24985,24985.15,25,24987.45,25,675,9645500
NIFTY-I.NFO,27/08/2024,09:43:03,24987.45,24987.4,125,24990.1,25,25,9645500
NIFTY-I.NFO,27/08/2024,09:43:05,24993.1,24988.5,25,24993.15,250,750,9645500
NIFTY-I.NFO,27/08/2024,09:43:06,24988.65,24988.65,100,24991.45,125,150,9645500
NIFTY-I.NFO,27/08/2024,09:43:08,24991.4,24987.45,25,24991.35,50,200,9645500
NIFTY-I.NFO,27/08/2024,09:43:10,24992,24988,100,24992.05,250,800,9645500
NIFTY-I.NFO,27/08/2024,09:43:11,24991.05,24988,100,24991.3,125,475,9645500
NIFTY-I.NFO,27/08/2024,09:43:13,24990.1,24987.55,100,24990.15,300,200,9645500
NIFTY-I.NFO,27/08/2024,09:43:15,24990.1,24987.55,100,24989.8,125,0,9645500
NIFTY-I.NFO,27/08/2024,09:43:16,24989.75,24987.5,100,24989.75,25,150,9645500
NIFTY-I.NFO,27/08/2024,09:43:18,24989.75,24987.6,100,24990.15,150,425,9645500
NIFTY-I.NFO,27/08/2024,09:43:20,24989.4,24989,100,24989.4,200,250,9645500
NIFTY-I.NFO,27/08/2024,09:43:21,24989.3,24989,25,24989.25,150,200,9645500
NIFTY-I.NFO,27/08/2024,09:43:23,24989.95,24989.95,100,24990.2,175,175,9645500
NIFTY-I.NFO,27/08/2024,09:43:24,24989.6,24989.6,75,24989.65,50,725,9645500
NIFTY-I.NFO,27/08/2024,09:43:26,24989.85,24989.85,25,24990.1,200,650,9645500
NIFTY-I.NFO,27/08/2024,09:43:28,24989.95,24989,125,24989.25,200,200,9645500
NIFTY-I.NFO,27/08/2024,09:43:29,24989.25,24989,100,24990.7,325,575,9645500
NIFTY-I.NFO,27/08/2024,09:43:31,24990.6,24989.05,175,24990.6,550,450,9645500
NIFTY-I.NFO,27/08/2024,09:43:33,24990.4,24990.35,50,24990.55,150,1125,9645500
NIFTY-I.NFO,27/08/2024,09:43:34,24990.7,24990.65,150,24990.7,25,125,9645500
NIFTY-I.NFO,27/08/2024,09:43:36,24990.65,24990.65,75,24991.6,150,100,9645500
NIFTY-I.NFO,27/08/2024,09:43:38,24990.9,24990.65,75,24991,150,75,9645500
NIFTY-I.NFO,27/08/2024,09:43:39,24990.65,24990.65,50,24991,275,425,9645500
NIFTY-I.NFO,27/08/2024,09:43:41,24991,24990.65,50,24991,25,25,9645500
NIFTY-I.NFO,27/08/2024,09:43:42,24991.9,24990.95,125,24994,100,150,9645500
NIFTY-I.NFO,27/08/2024,09:43:44,24991.1,24991.15,125,24993.85,25,300,9645500
NIFTY-I.NFO,27/08/2024,09:43:46,24991.1,24991.15,125,24993.6,75,0,9645500
NIFTY-I.NFO,27/08/2024,09:43:47,24993.6,24991.15,100,24994.9,325,125,9645500
NIFTY-I.NFO,27/08/2024,09:43:49,24993.55,24992.3,25,24994,75,450,9645500
NIFTY-I.NFO,27/08/2024,09:43:51,24993.95,24992.4,50,24994,100,75,9645500
NIFTY-I.NFO,27/08/2024,09:43:52,24994,24993.6,25,24995,125,150,9645500
NIFTY-I.NFO,27/08/2024,09:43:54,24996.45,24996,25,24996.5,125,525,9645500
NIFTY-I.NFO,27/08/2024,09:43:56,24998,24997.2,100,24997.45,50,75,9645500
NIFTY-I.NFO,27/08/2024,09:43:57,24997.45,24997.15,100,24997.4,50,650,9645500
NIFTY-I.NFO,27/08/2024,09:43:59,24998.9,24998.3,125,24998.95,1000,725,9645500
NIFTY-I.NFO,27/08/2024,09:44:01,24997.6,24997.45,50,24997.7,225,225,9645500
NIFTY-I.NFO,27/08/2024,09:44:02,24997.65,24997.55,25,24997.6,150,25,9645500
NIFTY-I.NFO,27/08/2024,09:44:04,24997.6,24997.6,100,24998,300,650,9645500
NIFTY-I.NFO,27/08/2024,09:44:06,24997.85,24997.5,75,24998,225,200,9645500
NIFTY-I.NFO,27/08/2024,09:44:07,24997.5,24997.45,25,24998.95,1000,350,9645500
NIFTY-I.NFO,27/08/2024,09:44:09,24998.9,24998.05,100,24998.95,1000,500,9645500
NIFTY-I.NFO,27/08/2024,09:44:11,24998.95,24998.05,75,24998.95,850,225,9645500
NIFTY-I.NFO,27/08/2024,09:44:12,24998.95,24998.05,50,24998.95,825,125,9645500
NIFTY-I.NFO,27/08/2024,09:44:14,25000.2,24999.6,100,25000.5,50,2325,9645500
NIFTY-I.NFO,27/08/2024,09:44:16,25000.45,25000.25,50,25000.45,25,350,9645500
NIFTY-I.NFO,27/08/2024,09:44:17,25000.75,25001.35,25,25003.75,50,100,9645500
NIFTY-I.NFO,27/08/2024,09:44:19,25006.7,25004.35,50,25006.15,25,1250,9645500
NIFTY-I.NFO,27/08/2024,09:44:21,25003.85,25003.85,75,25006.1,275,100,9645500
NIFTY-I.NFO,27/08/2024,09:44:22,25006.1,25005.55,25,25006.1,25,200,9645500
NIFTY-I.NFO,27/08/2024,09:44:24,25007.65,25006.15,150,25008.75,125,575,9645500
NIFTY-I.NFO,27/08/2024,09:44:26,25008.7,25005.95,100,25008.75,125,1950,9645500
NIFTY-I.NFO,27/08/2024,09:44:27,25008.35,25005.2,125,25008.4,25,400,9645500
NIFTY-I.NFO,27/08/2024,09:44:29,25008.65,25007.7,150,25008.7,150,2275,9645500
NIFTY-I.NFO,27/08/2024,09:44:31,25007.5,25003.5,100,25007.55,250,650,9645500
NIFTY-I.NFO,27/08/2024,09:44:32,25007.35,25003.3,100,25007.45,150,100,9645500
NIFTY-I.NFO,27/08/2024,09:44:34,25006.8,25005.05,100,25007.2,325,450,9645500
NIFTY-I.NFO,27/08/2024,09:44:36,25002.05,25002.05,50,25005.75,275,900,9645500
NIFTY-I.NFO,27/08/2024,09:44:37,25002.05,25002.05,25,25005.2,125,50,9645500
NIFTY-I.NFO,27/08/2024,09:44:39,25002.05,25002.05,25,25004.95,25,0,9645500
NIFTY-I.NFO,27/08/2024,09:44:41,25004.9,25002.05,25,25004.7,75,100,9645500
NIFTY-I.NFO,27/08/2024,09:44:42,25005.15,25002.05,50,25005.2,450,25,9645500
NIFTY-I.NFO,27/08/2024,09:44:44,25004.9,25002.2,100,25005.15,175,300,9645500
NIFTY-I.NFO,27/08/2024,09:44:46,25002.2,25002.05,50,25005.15,200,200,9645500
NIFTY-I.NFO,27/08/2024,09:44:47,25004.9,25002.05,100,25005.05,150,225,9645500
NIFTY-I.NFO,27/08/2024,09:44:49,25004.3,25002.05,100,25004.35,200,650,9645500
NIFTY-I.NFO,27/08/2024,09:44:51,25004.35,25004.05,100,25004.35,175,25,9645500
NIFTY-I.NFO,27/08/2024,09:44:52,25004.25,25004.25,150,25004.35,25,325,9645500
NIFTY-I.NFO,27/08/2024,09:44:54,25004.95,25004.9,100,25005,25,725,9645500
NIFTY-I.NFO,27/08/2024,09:44:56,25005.65,25005.6,25,25005.95,25,250,9645500
NIFTY-I.NFO,27/08/2024,09:44:57,25004.75,25004.75,225,25005,25,100,9645500
NIFTY-I.NFO,27/08/2024,09:44:59,25004.55,25004.6,100,25005.75,100,950,9645500
NIFTY-I.NFO,27/08/2024,09:45:01,25005.35,25005,50,25005.3,50,525,9645500
NIFTY-I.NFO,27/08/2024,09:45:02,25005.3,25005.25,25,25005.3,25,275,9645500
NIFTY-I.NFO,27/08/2024,09:45:04,25005.3,25005.4,25,25005.9,50,75,9645500
NIFTY-I.NFO,27/08/2024,09:45:06,25007.7,25005.45,75,25008,50,875,9645500
NIFTY-I.NFO,27/08/2024,09:45:07,25007.7,25005.55,100,25006.7,50,25,9645500
NIFTY-I.NFO,27/08/2024,09:45:09,25005.55,25006.05,50,25006.7,75,50,9645500
NIFTY-I.NFO,27/08/2024,09:45:11,25006.75,25006.05,100,25006.7,25,150,9645500
NIFTY-I.NFO,27/08/2024,09:45:12,25006.05,25006.05,50,25007.85,75,200,9645500
NIFTY-I.NFO,27/08/2024,09:45:14,25007.8,25007,25,25007.85,25,400,9645500
NIFTY-I.NFO,27/08/2024,09:45:16,25007.8,25006.75,100,25007.8,75,1325,9645500
NIFTY-I.NFO,27/08/2024,09:45:17,25008.8,25007.05,100,25008.8,25,275,9645500
NIFTY-I.NFO,27/08/2024,09:45:19,25007.4,25007.25,200,25007.4,75,525,9645500
NIFTY-I.NFO,27/08/2024,09:45:21,25008.45,25007.55,200,25008.8,25,175,9645500
NIFTY-I.NFO,27/08/2024,09:45:22,25011.9,25009.05,100,25011.75,25,1025,9645500
NIFTY-I.NFO,27/08/2024,09:45:24,25011.9,25009.05,125,25009.5,75,0,9645500
NIFTY-I.NFO,27/08/2024,09:45:26,25009.05,25008.85,25,25009.05,100,250,9645500
NIFTY-I.NFO,27/08/2024,09:45:27,25008.95,25008.95,150,25009.55,125,925,9645500
NIFTY-I.NFO,27/08/2024,09:45:29,25009.8,25007.15,150,25009.5,50,1150,9645500
NIFTY-I.NFO,27/08/2024,09:45:31,25009.5,25008,250,25010.8,125,175,9645500
NIFTY-I.NFO,27/08/2024,09:45:32,25008,25007,675,25009.6,25,300,9645500
NIFTY-I.NFO,27/08/2024,09:45:34,25008.35,25007,650,25009.05,25,100,9645500
NIFTY-I.NFO,27/08/2024,09:45:36,25009.05,25009.35,25,25009.55,50,25,9645500
NIFTY-I.NFO,27/08/2024,09:45:37,25007.05,25007.05,75,25009.25,50,125,9645500
NIFTY-I.NFO,27/08/2024,09:45:39,25007.05,25007.05,25,25009.25,50,425,9645500
NIFTY-I.NFO,27/08/2024,09:45:41,25007.05,25007.2,200,25009.25,50,50,9645500
NIFTY-I.NFO,27/08/2024,09:45:42,25007.15,25007.1,100,25009,25,25,9645500
NIFTY-I.NFO,27/08/2024,09:45:44,25007.1,25008.4,50,25008.95,75,100,9645500
NIFTY-I.NFO,27/08/2024,09:45:46,25008.95,25007.15,100,25008.95,175,125,9645500
NIFTY-I.NFO,27/08/2024,09:45:47,25008.95,25007.15,100,25008.4,50,0,9645500
NIFTY-I.NFO,27/08/2024,09:45:49,25008.4,25007.15,100,25008.4,75,50,9645550
NIFTY-I.NFO,27/08/2024,09:45:51,25008.5,25007.15,100,25008.4,50,75,9645550
NIFTY-I.NFO,27/08/2024,09:45:52,25008.4,25007.15,125,25008.4,75,25,9645550
NIFTY-I.NFO,27/08/2024,09:45:54,25008.45,25007.15,100,25008.1,50,625,9645550
NIFTY-I.NFO,27/08/2024,09:45:56,25006.9,25005.7,100,25006.9,75,1000,9645550
NIFTY-I.NFO,27/08/2024,09:45:57,25006.9,25005.7,100,25006.9,50,50,9645550
NIFTY-I.NFO,27/08/2024,09:45:59,25005.7,25005.7,100,25006.9,50,425,9645550
NIFTY-I.NFO,27/08/2024,09:46:01,25009.55,25005,200,25006.9,50,1125,9645550
NIFTY-I.NFO,27/08/2024,09:46:02,25008,25004.9,125,25006.85,50,200,9645550
NIFTY-I.NFO,27/08/2024,09:46:04,25005,25005.35,100,25006.85,75,150,9645550
NIFTY-I.NFO,27/08/2024,09:46:06,25009.55,25006.2,125,25009.55,150,1300,9645550
NIFTY-I.NFO,27/08/2024,09:46:07,25006.05,25006,25,25008,25,950,9645550
NIFTY-I.NFO,27/08/2024,09:46:09,25008.1,25006.2,75,25007.95,25,850,9645550
NIFTY-I.NFO,27/08/2024,09:46:11,25006.2,25006.2,100,25007.5,25,200,9645550
NIFTY-I.NFO,27/08/2024,09:46:12,25006.15,25006,125,25006.95,300,125,9645550
NIFTY-I.NFO,27/08/2024,09:46:14,25006.15,25006,125,25006.15,75,0,9645550
NIFTY-I.NFO,27/08/2024,09:46:16,25004.25,25004.05,75,25006.2,450,900,9645550
NIFTY-I.NFO,27/08/2024,09:46:17,25004.25,25005.05,75,25006.15,75,0,9645550
NIFTY-I.NFO,27/08/2024,09:46:19,25005,25004.05,100,25004.25,25,500,9645550
NIFTY-I.NFO,27/08/2024,09:46:21,25004.05,25004.05,50,25004.25,25,125,9645550
NIFTY-I.NFO,27/08/2024,09:46:22,25004.25,25004.05,100,25004.25,50,50,9645550
NIFTY-I.NFO,27/08/2024,09:46:24,25000.05,25000.8,100,25003.6,75,950,9645550
NIFTY-I.NFO,27/08/2024,09:46:26,25001,25001,75,25002.45,50,375,9645550
NIFTY-I.NFO,27/08/2024,09:46:27,24999.75,24999.55,100,25001.3,25,1150,9645550
NIFTY-I.NFO,27/08/2024,09:46:29,24998.4,24997.2,100,24998.9,25,675,9645550
NIFTY-I.NFO,27/08/2024,09:46:31,24998.9,24997.2,100,24998.9,50,25,9645550
NIFTY-I.NFO,27/08/2024,09:46:32,24998.95,24998.95,75,24999.3,25,425,9645550
NIFTY-I.NFO,27/08/2024,09:46:34,24999.3,24998.95,50,24999.75,125,75,9645550
NIFTY-I.NFO,27/08/2024,09:46:36,24998.9,24998.95,100,24999.5,225,225,9645550
NIFTY-I.NFO,27/08/2024,09:46:37,24997.15,24997.15,100,24997.75,100,900,9645550
NIFTY-I.NFO,27/08/2024,09:46:39,24998.1,24997.15,100,24998.2,350,575,9645550
NIFTY-I.NFO,27/08/2024,09:46:41,24998.2,24997.15,100,24998.8,275,375,9645550
NIFTY-I.NFO,27/08/2024,09:46:42,24997.15,24997.15,75,24998.9,50,300,9645550
NIFTY-I.NFO,27/08/2024,09:46:44,24996.75,24996.05,75,24996.8,25,750,9645550
NIFTY-I.NFO,27/08/2024,09:46:46,24992.6,24992.9,75,24995.35,50,1375,9645550
NIFTY-I.NFO,27/08/2024,09:46:47,24994.35,24994.35,25,24995.35,25,100,9645550
NIFTY-I.NFO,27/08/2024,09:46:49,24994.35,24994.35,100,24995.35,25,450,9645550
NIFTY-I.NFO,27/08/2024,09:46:51,24996.15,24995.4,100,24996.15,50,200,9645550
NIFTY-I.NFO,27/08/2024,09:46:52,24993.65,24994.9,25,24997,25,425,9645550
NIFTY-I.NFO,27/08/2024,09:46:54,24995.4,24995.4,125,24998.05,300,200,9645550
NIFTY-I.NFO,27/08/2024,09:46:56,24998.1,24996.2,125,24998.95,25,250,9645550
NIFTY-I.NFO,27/08/2024,09:46:57,24996.2,24998.15,25,25000,25,200,9645550
NIFTY-I.NFO,27/08/2024,09:46:59,24996.2,24998.65,100,25000,25,400,9645550
NIFTY-I.NFO,27/08/2024,09:47:01,24997.55,24997.55,100,24999,200,225,9645550
NIFTY-I.NFO,27/08/2024,09:47:02,25000.9,24998.45,100,25001,75,925,9645550
NIFTY-I.NFO,27/08/2024,09:47:04,25001,24998.45,100,25002,25,150,9645550
NIFTY-I.NFO,27/08/2024,09:47:06,25002.95,24999.4,75,25002.9,200,150,9645550
NIFTY-I.NFO,27/08/2024,09:47:07,25002.8,25001.2,100,25002.65,25,375,9645550
NIFTY-I.NFO,27/08/2024,09:47:09,25002.8,25001.2,100,25002.5,175,400,9645550
NIFTY-I.NFO,27/08/2024,09:47:11,25001.2,25001.2,50,25002.1,250,50,9645550
NIFTY-I.NFO,27/08/2024,09:47:12,25002.95,25001.7,50,25003.55,125,125,9645550
NIFTY-I.NFO,27/08/2024,09:47:14,25002.95,25001.7,50,25003.55,25,50,9645550
NIFTY-I.NFO,27/08/2024,09:47:16,25001.7,25001.7,25,25003.7,50,75,9645550
NIFTY-I.NFO,27/08/2024,09:47:17,25001.7,25002.75,25,25003.2,25,0,9645550
NIFTY-I.NFO,27/08/2024,09:47:19,25003.2,25002.75,25,25003.7,50,425,9645550
NIFTY-I.NFO,27/08/2024,09:47:21,25002.75,25002.75,100,25003.7,50,25,9645550
NIFTY-I.NFO,27/08/2024,09:47:22,25003.7,25003.3,100,25005,100,75,9645550
NIFTY-I.NFO,27/08/2024,09:47:24,25003.3,25003.3,100,25006,200,250,9645550
NIFTY-I.NFO,27/08/2024,09:47:26,25003.3,25003.3,100,25005.5,25,0,9645550
NIFTY-I.NFO,27/08/2024,09:47:27,25003.3,25003.3,100,25005.75,25,0,9645550
NIFTY-I.NFO,27/08/2024,09:47:29,25003.75,25003.75,50,25005.5,50,475,9645550
NIFTY-I.NFO,27/08/2024,09:47:31,25005.45,25003.75,25,25005.5,200,25,9645550
NIFTY-I.NFO,27/08/2024,09:47:32,25003.7,25003.7,125,25004.85,25,75,9645550
NIFTY-I.NFO,27/08/2024,09:47:34,25003.7,25004.25,25,25004.9,50,0,9645550
NIFTY-I.NFO,27/08/2024,09:47:36,25000,24999.35,100,25000,5150,4900,9645550
NIFTY-I.NFO,27/08/2024,09:47:37,25000,24999.35,100,25000,5125,175,9645550
NIFTY-I.NFO,27/08/2024,09:47:39,24998.6,24998.6,50,24999.35,50,175,9645550
NIFTY-I.NFO,27/08/2024,09:47:41,24999.9,24998.05,50,24999.95,50,75,9645550
NIFTY-I.NFO,27/08/2024,09:47:42,25000,24998.05,50,25000,5025,125,9645550
NIFTY-I.NFO,27/08/2024,09:47:44,24998.65,24998.65,25,24999.35,1500,400,9645550
NIFTY-I.NFO,27/08/2024,09:47:46,24998.95,24998.05,25,24999,300,375,9645550
NIFTY-I.NFO,27/08/2024,09:47:47,24997.7,24997,125,24997.55,50,225,9645550
NIFTY-I.NFO,27/08/2024,09:47:49,24997.7,24997,125,24997.55,75,375,9645550
NIFTY-I.NFO,27/08/2024,09:47:51,24997,24996.05,100,24997.55,50,50,9645550
NIFTY-I.NFO,27/08/2024,09:47:52,24997,24996.05,125,24996.95,25,50,9645550
NIFTY-I.NFO,27/08/2024,09:47:54,24996,24995.05,100,24996.75,100,1175,9645550
NIFTY-I.NFO,27/08/2024,09:47:56,24995.05,24995.05,50,24996.2,25,75,9645550
NIFTY-I.NFO,27/08/2024,09:47:57,24997,24995.05,250,24997,1450,125,9645550
NIFTY-I.NFO,27/08/2024,09:47:59,24996.15,24995.75,450,24999.4,50,1625,9645550
NIFTY-I.NFO,27/08/2024,09:48:01,24999.8,24995.75,375,24999.75,50,600,9645550
NIFTY-I.NFO,27/08/2024,09:48:02,24997.15,24997.3,75,25000,5050,300,9645550
NIFTY-I.NFO,27/08/2024,09:48:04,24997.15,24997.3,75,24999.95,50,250,9645550
NIFTY-I.NFO,27/08/2024,09:48:06,24997.15,24997.3,75,25000,5050,0,9645550
NIFTY-I.NFO,27/08/2024,09:48:07,25000,24997.4,75,25000,5025,100,9645550
NIFTY-I.NFO,27/08/2024,09:48:09,24997.4,24997.4,50,25000,5025,375,9645550
NIFTY-I.NFO,27/08/2024,09:48:11,25000,24997.65,50,25000,4975,75,9645550
NIFTY-I.NFO,27/08/2024,09:48:12,25000,24997.65,50,25000,4750,250,9645550
NIFTY-I.NFO,27/08/2024,09:48:14,25000,24997.65,50,24998.6,25,200,9645550
NIFTY-I.NFO,27/08/2024,09:48:16,24997.65,24997.15,25,25000,4600,350,9645550
NIFTY-I.NFO,27/08/2024,09:48:17,25000,24997.8,100,25000,4525,100,9645550
NIFTY-I.NFO,27/08/2024,09:48:19,24997.75,24997.65,25,25000,4400,475,9645550
NIFTY-I.NFO,27/08/2024,09:48:21,24997.75,24997.7,100,24999.9,25,0,9645550
NIFTY-I.NFO,27/08/2024,09:48:22,24997.7,24997.7,100,24999.9,50,75,9645550
NIFTY-I.NFO,27/08/2024,09:48:24,24997.7,24997.7,100,24999.9,50,375,9645550
NIFTY-I.NFO,27/08/2024,09:48:26,25000,24999.65,100,25000,3150,1175,9645550
NIFTY-I.NFO,27/08/2024,09:48:27,25000,24999.95,125,25000,3025,125,9645550
NIFTY-I.NFO,27/08/2024,09:48:29,25000,24999.95,125,25000,2750,650,9645550
NIFTY-I.NFO,27/08/2024,09:48:31,25000,25000.35,125,25004.15,300,2750,9645550
NIFTY-I.NFO,27/08/2024,09:48:32,25000.05,25000.05,75,25002.4,200,300,9645550
NIFTY-I.NFO,27/08/2024,09:48:34,24999.9,24997.8,100,24999.95,125,200,9645550
NIFTY-I.NFO,27/08/2024,09:48:36,24997.8,24997.8,75,24999.85,50,75,9645550
NIFTY-I.NFO,27/08/2024,09:48:37,24997.8,24997.75,25,24999.85,50,75,9645550
NIFTY-I.NFO,27/08/2024,09:48:39,24997.8,24997.8,100,24999.85,50,375,9645550
NIFTY-I.NFO,27/08/2024,09:48:41,24997.8,24997.8,100,24999.85,75,0,9645550
NIFTY-I.NFO,27/08/2024,09:48:44,24997.8,24997.8,25,24999.85,75,225,9645550
NIFTY-I.NFO,27/08/2024,09:48:46,24999.85,24997.8,200,24999.85,25,75,9645550
NIFTY-I.NFO,27/08/2024,09:48:47,24999.85,25000.1,100,25003.1,200,25,9651875
NIFTY-I.NFO,27/08/2024,09:48:49,25003.15,25000,100,25002.9,50,400,9651875
NIFTY-I.NFO,27/08/2024,09:48:51,25003.15,25000.3,100,25002.4,50,50,9651875
NIFTY-I.NFO,27/08/2024,09:48:52,25002.4,25000.3,150,25003.35,200,75,9651875
NIFTY-I.NFO,27/08/2024,09:48:54,25003.4,25001.4,225,25003.7,25,100,9651875
NIFTY-I.NFO,27/08/2024,09:48:56,25004,25004.4,25,25005,125,75,9651875
NIFTY-I.NFO,27/08/2024,09:48:58,25004.95,25004.85,25,25005,125,75,9651875
NIFTY-I.NFO,27/08/2024,09:48:59,25005.75,25002.6,150,25003.3,25,125,9651875
NIFTY-I.NFO,27/08/2024,09:49:01,25003.4,25003.4,75,25005.5,25,250,9651875
NIFTY-I.NFO,27/08/2024,09:49:03,25007.85,25003.85,200,25005.9,25,725,9651875
NIFTY-I.NFO,27/08/2024,09:49:04,25005.9,25004.6,125,25005.85,50,525,9651875
NIFTY-I.NFO,27/08/2024,09:49:06,25003.45,25003.65,275,25005.85,25,275,9651875
NIFTY-I.NFO,27/08/2024,09:49:08,25004,25004.1,125,25005.9,25,200,9651875
NIFTY-I.NFO,27/08/2024,09:49:09,25004,25003.35,25,25005.85,50,350,9651875
NIFTY-I.NFO,27/08/2024,09:49:11,25004,25003.2,25,25005.65,150,0,9651875
NIFTY-I.NFO,27/08/2024,09:49:13,25004,25003.2,25,25005.3,200,150,9651875
NIFTY-I.NFO,27/08/2024,09:49:14,25005.75,25003.15,25,25005.75,125,75,9651875
NIFTY-I.NFO,27/08/2024,09:49:16,25005.75,25003.15,25,25004,250,0,9651875
NIFTY-I.NFO,27/08/2024,09:49:18,25004,25003,50,25004.5,225,475,9651875
NIFTY-I.NFO,27/08/2024,09:49:19,25003,25000.7,100,25003.75,25,75,9651875
NIFTY-I.NFO,27/08/2024,09:49:21,25003,25000.7,100,25003.75,125,50,9651875
NIFTY-I.NFO,27/08/2024,09:49:22,25003.75,25000.7,125,25003.65,200,50,9651875
NIFTY-I.NFO,27/08/2024,09:49:24,25000,24999.2,100,25000,1125,1100,9651875
NIFTY-I.NFO,27/08/2024,09:49:26,25004.5,25000.45,225,25004.7,125,1200,9651875
NIFTY-I.NFO,27/08/2024,09:49:27,25003,25000.6,100,25004.45,150,25,9651875
NIFTY-I.NFO,27/08/2024,09:49:29,25005.3,25000.9,200,25005.3,125,250,9651875
NIFTY-I.NFO,27/08/2024,09:49:31,25005.2,25001.05,100,25004.75,125,75,9651875
NIFTY-I.NFO,27/08/2024,09:49:32,25004.7,25000.35,25,25004.1,125,175,9651875
NIFTY-I.NFO,27/08/2024,09:49:34,25000.35,25000.15,100,25004.1,25,700,9651875
NIFTY-I.NFO,27/08/2024,09:49:36,25000.35,25001.2,150,25005,25,0,9651875
NIFTY-I.NFO,27/08/2024,09:49:37,25005,25002.4,200,25005,25,225,9651875
NIFTY-I.NFO,27/08/2024,09:49:39,25005,25002.5,200,25005.7,25,425,9651875
NIFTY-I.NFO,27/08/2024,09:49:41,25005,25002.5,200,25005.7,25,0,9651875
NIFTY-I.NFO,27/08/2024,09:49:44,25004.7,25000.85,150,25004.85,25,2050,9651875
NIFTY-I.NFO,27/08/2024,09:49:46,25004.85,25000.5,100,25004.7,200,175,9651875
NIFTY-I.NFO,27/08/2024,09:49:47,25003.4,25001.1,200,25003.4,25,25,9651875
NIFTY-I.NFO,27/08/2024,09:49:49,25003.4,25002,100,25003.4,125,400,9651875
NIFTY-I.NFO,27/08/2024,09:49:51,25003.4,25002,200,25003.4,125,25,9651875
NIFTY-I.NFO,27/08/2024,09:49:52,25002,25002,200,25003.4,125,25,9651875
NIFTY-I.NFO,27/08/2024,09:49:54,25003.4,25002.75,200,25005,325,300,9651875
NIFTY-I.NFO,27/08/2024,09:49:56,25004.5,25003,75,25005,400,25,9651875
NIFTY-I.NFO,27/08/2024,09:49:57,25004.5,25003,50,25005,500,0,9651875
NIFTY-I.NFO,27/08/2024,09:49:59,25004.5,25003,75,25004.9,175,125,9651875
NIFTY-I.NFO,27/08/2024,09:50:01,25005,25005,150,25005.7,25,625,9651875
NIFTY-I.NFO,27/08/2024,09:50:02,25005.7,25005,150,25005.75,25,25,9651875
NIFTY-I.NFO,27/08/2024,09:50:04,25005.7,25005.05,25,25005.4,25,450,9651875
NIFTY-I.NFO,27/08/2024,09:50:06,25005,25005,100,25005.75,25,125,9651875
NIFTY-I.NFO,27/08/2024,09:50:07,25005,25005.05,25,25005.75,25,0,9651875
NIFTY-I.NFO,27/08/2024,09:50:09,25005.15,25005.15,125,25007,25,450,9651875
NIFTY-I.NFO,27/08/2024,09:50:11,25005.05,25005,200,25008.45,25,1175,9651875
NIFTY-I.NFO,27/08/2024,09:50:12,25008.45,25005.2,225,25008.65,75,275,9651875
NIFTY-I.NFO,27/08/2024,09:50:14,25008.45,25005.2,250,25007.95,50,0,9651875
NIFTY-I.NFO,27/08/2024,09:50:16,25008.45,25005.5,225,25007.95,50,0,9651875
NIFTY-I.NFO,27/08/2024,09:50:17,25008.45,25005.5,125,25007.9,100,0,9651875
NIFTY-I.NFO,27/08/2024,09:50:19,25008.45,25006.7,50,25007.95,50,425,9651875
NIFTY-I.NFO,27/08/2024,09:50:21,25010,25007.4,300,25010,75,925,9651875
NIFTY-I.NFO,27/08/2024,09:50:22,25008.3,25008.1,125,25011.35,50,400,9651875
NIFTY-I.NFO,27/08/2024,09:50:24,25010.05,25007.95,75,25010.1,50,150,9651875
NIFTY-I.NFO,27/08/2024,09:50:26,25010.1,25007.95,75,25010.35,100,75,9651875
NIFTY-I.NFO,27/08/2024,09:50:27,25010.3,25008.45,100,25010.3,25,100,9651875
NIFTY-I.NFO,27/08/2024,09:50:29,25010.75,25008.45,125,25010.75,25,450,9651875
