Ticker,Date,Time,LTP,BuyPrice,BuyQty,SellPrice,SellQty,LTQ,OpenInterest
BANKNIFTY-III.NFO,03/03/2025,09:15:17,49399.95,49367.1,60,49399.8,30,30,139020
BANKNIFTY-III.NFO,03/03/2025,09:15:17,49399.95,49367.1,60,49399.8,30,0,139020
BANKNIFTY-III.NFO,03/03/2025,09:15:17,49399.95,49367.1,60,49399.8,30,0,139020
BANKNIFTY-III.NFO,03/03/2025,09:15:17,49399.95,49367.1,60,49399.8,30,0,139020
BANKNIFTY-III.NFO,03/03/2025,09:15:19,49399.95,49367.6,60,49396,30,0,139020
BANKNIFTY-III.NFO,03/03/2025,09:15:21,49367.6,49348.4,60,49393.9,60,30,139020
BANKNIFTY-III.NFO,03/03/2025,09:15:21,49367.6,49348.4,60,49393.9,60,0,139020
BANKNIFTY-III.NFO,03/03/2025,09:15:22,49367.6,49343.35,60,49377.3,60,0,139020
BANKNIFTY-III.NFO,03/03/2025,09:15:24,49367.6,49317.8,60,49368.85,60,0,139020
BANKNIFTY-III.NFO,03/03/2025,09:15:26,49367.6,49316,60,49359.25,60,0,139020
BANKNIFTY-III.NFO,03/03/2025,09:15:27,49351.9,49312.1,60,49352.85,60,90,139020
BANKNIFTY-III.NFO,03/03/2025,09:15:27,49351.85,49312.1,60,49352.85,60,0,139020
BANKNIFTY-III.NFO,03/03/2025,09:15:29,49351.9,49295.65,60,49347.8,150,0,139020
BANKNIFTY-III.NFO,03/03/2025,09:15:30,49351.9,49296.55,60,49316,30,0,139020
BANKNIFTY-III.NFO,03/03/2025,09:15:32,49351.9,49297.95,120,49316,30,0,139020
BANKNIFTY-III.NFO,03/03/2025,09:15:34,49351.9,49286.55,60,49300,30,0,139020
BANKNIFTY-III.NFO,03/03/2025,09:15:35,49351.9,49286.85,60,49300,30,0,139020
BANKNIFTY-III.NFO,03/03/2025,09:15:37,49351.9,49287.15,60,49300,30,0,139020
BANKNIFTY-III.NFO,03/03/2025,09:15:39,49351.9,49281.15,60,49300,60,0,139020
BANKNIFTY-III.NFO,03/03/2025,09:15:40,49351.9,49279.4,60,49300,60,0,139020
BANKNIFTY-III.NFO,03/03/2025,09:15:42,49351.9,49269.7,60,49300,60,0,139020
BANKNIFTY-III.NFO,03/03/2025,09:15:44,49351.9,49237.95,60,49278.95,60,0,139020
BANKNIFTY-III.NFO,03/03/2025,09:15:45,49351.9,49211.05,60,49279.8,150,0,139020
BANKNIFTY-III.NFO,03/03/2025,09:15:47,49351.9,49224.5,60,49268.35,30,0,139020
BANKNIFTY-III.NFO,03/03/2025,09:15:49,49351.9,49226.25,60,49264.05,60,0,139020
BANKNIFTY-III.NFO,03/03/2025,09:15:50,49351.9,49219.55,60,49265.15,60,0,139020
BANKNIFTY-III.NFO,03/03/2025,09:15:52,49351.9,49221.85,60,49262.5,60,0,139020
BANKNIFTY-III.NFO,03/03/2025,09:15:54,49351.9,49219.25,60,49257.45,60,0,139020
BANKNIFTY-III.NFO,03/03/2025,09:15:55,49351.9,49211.1,60,49258.15,60,0,139020
BANKNIFTY-III.NFO,03/03/2025,09:15:57,49351.9,49222.95,60,49270.45,30,0,139020
BANKNIFTY-III.NFO,03/03/2025,09:15:59,49351.9,49229.9,60,49275.15,60,0,139020
BANKNIFTY-III.NFO,03/03/2025,09:16:00,49351.9,49238.5,60,49278.5,30,0,139020
BANKNIFTY-III.NFO,03/03/2025,09:16:02,49351.9,49244.15,60,49287.65,30,0,139020
BANKNIFTY-III.NFO,03/03/2025,09:16:04,49351.9,49261.7,60,49300,60,0,139020
BANKNIFTY-III.NFO,03/03/2025,09:16:05,49303.05,49255.25,60,49303.15,30,120,139020
BANKNIFTY-III.NFO,03/03/2025,09:16:05,49300,49255.25,60,49303.15,30,0,139020
BANKNIFTY-III.NFO,03/03/2025,09:16:07,49303.05,49267.95,60,49303.15,30,0,139020
BANKNIFTY-III.NFO,03/03/2025,09:16:09,49303.05,49273.6,60,49307,30,0,139020
BANKNIFTY-III.NFO,03/03/2025,09:16:10,49275.4,49285.3,60,49306.95,30,30,139020
BANKNIFTY-III.NFO,03/03/2025,09:16:10,49275.4,49285.3,60,49306.95,30,0,139020
BANKNIFTY-III.NFO,03/03/2025,09:16:12,49275.4,49286.1,60,49309.7,30,0,139020
BANKNIFTY-III.NFO,03/03/2025,09:16:14,49316.45,49289.2,60,49320.6,30,60,139020
BANKNIFTY-III.NFO,03/03/2025,09:16:15,49316.45,49297.6,60,49321.3,30,0,139020
BANKNIFTY-III.NFO,03/03/2025,09:16:17,49316.45,49292.7,60,49316.4,30,0,139020
BANKNIFTY-III.NFO,03/03/2025,09:16:19,49316.45,49292.7,60,49316.8,30,90,139020
BANKNIFTY-III.NFO,03/03/2025,09:16:20,49316.45,49298.25,60,49321.35,30,0,139020
BANKNIFTY-III.NFO,03/03/2025,09:16:22,49316.45,49300.6,60,49325.15,30,0,139020
BANKNIFTY-III.NFO,03/03/2025,09:16:24,49316.45,49305.75,60,49333.9,30,0,139020
BANKNIFTY-III.NFO,03/03/2025,09:16:25,49316.45,49309.55,60,49334.6,30,0,139020
BANKNIFTY-III.NFO,03/03/2025,09:16:27,49316.45,49309.55,60,49341.95,30,0,139020
BANKNIFTY-III.NFO,03/03/2025,09:16:32,49316.45,49309.55,60,49339.45,60,0,139020
BANKNIFTY-III.NFO,03/03/2025,09:16:34,49316.45,49298.25,60,49328.15,90,0,139020
BANKNIFTY-III.NFO,03/03/2025,09:16:35,49316.45,49298.25,60,49324.7,60,0,139020
BANKNIFTY-III.NFO,03/03/2025,09:16:37,49316.45,49298.25,60,49328.15,30,0,139020
BANKNIFTY-III.NFO,03/03/2025,09:16:39,49328.15,49294.3,30,49324.1,60,30,139020
BANKNIFTY-III.NFO,03/03/2025,09:16:40,49328.15,49286.05,30,49315.3,60,0,139020
BANKNIFTY-III.NFO,03/03/2025,09:16:42,49328.15,49281.1,30,49307.3,30,0,139020
BANKNIFTY-III.NFO,03/03/2025,09:16:44,49280.4,49280.05,30,49307.3,30,90,139020
BANKNIFTY-III.NFO,03/03/2025,09:16:45,49280.4,49272.35,30,49302.7,30,0,139020
BANKNIFTY-III.NFO,03/03/2025,09:16:47,49280.4,49272.4,60,49302.7,30,0,139020
BANKNIFTY-III.NFO,03/03/2025,09:16:52,49280.4,49271.35,60,49302.7,30,0,139020
BANKNIFTY-III.NFO,03/03/2025,09:16:54,49280.4,49271.35,60,49301.05,30,0,139020
BANKNIFTY-III.NFO,03/03/2025,09:16:55,49280.4,49265.4,60,49290.1,30,0,139020
BANKNIFTY-III.NFO,03/03/2025,09:16:57,49280.4,49259.8,60,49280.4,60,0,139020
BANKNIFTY-III.NFO,03/03/2025,09:16:59,49280.4,49259.8,60,49286.65,30,30,139020
BANKNIFTY-III.NFO,03/03/2025,09:17:00,49280.4,49259.8,60,49286.65,30,0,139020
BANKNIFTY-III.NFO,03/03/2025,09:17:09,49280.4,49259.8,60,49290.1,30,0,139020
BANKNIFTY-III.NFO,03/03/2025,09:17:14,49280.4,49280.4,30,49290.8,30,0,139020
BANKNIFTY-III.NFO,03/03/2025,09:17:15,49280.4,49280.45,60,49300.2,30,0,139020
BANKNIFTY-III.NFO,03/03/2025,09:17:17,49280.4,49280.45,90,49300.2,30,0,139020
BANKNIFTY-III.NFO,03/03/2025,09:17:20,49280.4,49280.4,30,49295.5,30,0,139020
BANKNIFTY-III.NFO,03/03/2025,09:17:22,49280.4,49280.4,60,49296.8,30,0,139020
BANKNIFTY-III.NFO,03/03/2025,09:17:25,49280.4,49280.4,30,49291.65,90,0,139020
BANKNIFTY-III.NFO,03/03/2025,09:17:27,49280.4,49280.4,30,49295.15,30,0,139020
BANKNIFTY-III.NFO,03/03/2025,09:17:29,49280.4,49280.4,60,49298.1,30,0,139020
BANKNIFTY-III.NFO,03/03/2025,09:17:30,49280.4,49280.4,30,49293.2,30,0,139020
BANKNIFTY-III.NFO,03/03/2025,09:17:32,49280.4,49280.4,30,49290.5,90,0,139020
BANKNIFTY-III.NFO,03/03/2025,09:17:34,49280.4,49280.4,30,49293.3,30,0,139020
BANKNIFTY-III.NFO,03/03/2025,09:17:35,49280.4,49280.4,30,49296.4,60,0,139020
BANKNIFTY-III.NFO,03/03/2025,09:17:37,49280.4,49280.4,30,49294.65,30,0,139020
BANKNIFTY-III.NFO,03/03/2025,09:17:39,49280.4,49280.45,90,49296.6,30,0,139020
BANKNIFTY-III.NFO,03/03/2025,09:17:40,49280.4,49280.45,60,49299.45,30,0,139020
BANKNIFTY-III.NFO,03/03/2025,09:17:42,49280.4,49280.45,90,49299.45,30,0,139020
BANKNIFTY-III.NFO,03/03/2025,09:17:44,49280.4,49280.4,30,49291.3,30,0,139020
BANKNIFTY-III.NFO,03/03/2025,09:17:45,49280.4,49280.4,30,49286.6,90,0,139020
BANKNIFTY-III.NFO,03/03/2025,09:17:47,49280.4,49280.4,30,49290.55,30,0,139020
BANKNIFTY-III.NFO,03/03/2025,09:17:49,49280.4,49280.4,30,49292.9,30,0,139020
BANKNIFTY-III.NFO,03/03/2025,09:17:50,49280.4,49280.4,30,49288.7,90,0,139020
BANKNIFTY-III.NFO,03/03/2025,09:17:52,49280.4,49264.35,60,49281.9,30,30,139020
BANKNIFTY-III.NFO,03/03/2025,09:17:54,49280.4,49260.5,60,49278.9,30,0,139020
BANKNIFTY-III.NFO,03/03/2025,09:17:55,49280.4,49255.6,60,49274.3,30,0,139020
BANKNIFTY-III.NFO,03/03/2025,09:17:57,49280.4,49253.5,60,49273.3,30,0,139020
BANKNIFTY-III.NFO,03/03/2025,09:18:02,49280.4,49253.5,60,49275.6,30,0,139020
BANKNIFTY-III.NFO,03/03/2025,09:18:04,49280.4,49250.05,60,49267.95,180,0,139020
BANKNIFTY-III.NFO,03/03/2025,09:18:05,49280.4,49250.05,90,49268.1,30,0,139020
BANKNIFTY-III.NFO,03/03/2025,09:18:07,49280.4,49250,60,49261.65,30,0,139020
BANKNIFTY-III.NFO,03/03/2025,09:18:09,49280.4,49250,60,49259.25,150,0,139020
BANKNIFTY-III.NFO,03/03/2025,09:18:10,49280.4,49250,60,49261.4,150,0,139020
BANKNIFTY-III.NFO,03/03/2025,09:18:12,49280.4,49250,60,49256.25,150,0,139020
BANKNIFTY-III.NFO,03/03/2025,09:18:14,49280.4,49250,60,49258,150,0,139020
BANKNIFTY-III.NFO,03/03/2025,09:18:15,49250,49240,30,49249.2,150,30,139020
BANKNIFTY-III.NFO,03/03/2025,09:18:15,49250,49240,30,49249.2,150,0,139020
BANKNIFTY-III.NFO,03/03/2025,09:18:17,49250,49240,30,49248.6,150,0,139350
BANKNIFTY-III.NFO,03/03/2025,09:18:19,49250,49240.05,60,49254.05,150,0,139350
BANKNIFTY-III.NFO,03/03/2025,09:18:20,49250,49240.05,90,49256.3,30,0,139350
BANKNIFTY-III.NFO,03/03/2025,09:18:22,49250,49240,30,49252.05,150,0,139350
BANKNIFTY-III.NFO,03/03/2025,09:18:24,49250,49230.05,90,49252.45,150,0,139350
BANKNIFTY-III.NFO,03/03/2025,09:18:25,49250,49230.05,90,49247.35,30,0,139350
BANKNIFTY-III.NFO,03/03/2025,09:18:27,49250,49230.05,90,49247.05,30,0,139350
BANKNIFTY-III.NFO,03/03/2025,09:18:29,49230.05,49230,30,49243.7,60,60,139350
BANKNIFTY-III.NFO,03/03/2025,09:18:29,49230.05,49230,30,49243.7,60,0,139350
BANKNIFTY-III.NFO,03/03/2025,09:18:30,49230.05,49230.05,60,49245.1,60,0,139350
BANKNIFTY-III.NFO,03/03/2025,09:18:32,49230.05,49230.05,90,49245.5,30,0,139350
BANKNIFTY-III.NFO,03/03/2025,09:18:33,49230.05,49230.05,90,49249.5,30,0,139350
BANKNIFTY-III.NFO,03/03/2025,09:18:35,49230.05,49230.05,90,49251.5,30,0,139350
BANKNIFTY-III.NFO,03/03/2025,09:18:37,49230.05,49230.05,90,49249.6,60,30,139350
BANKNIFTY-III.NFO,03/03/2025,09:18:38,49230.05,49228,60,49248.05,60,0,139350
BANKNIFTY-III.NFO,03/03/2025,09:18:40,49230.05,49221.4,90,49239.15,60,0,139350
BANKNIFTY-III.NFO,03/03/2025,09:18:42,49230.05,49221.4,90,49240.1,60,0,139350
BANKNIFTY-III.NFO,03/03/2025,09:18:43,49230.05,49221.4,90,49239.9,60,0,139350
BANKNIFTY-III.NFO,03/03/2025,09:18:45,49230.05,49221.4,90,49241.3,60,0,139350
BANKNIFTY-III.NFO,03/03/2025,09:18:47,49230.05,49221.4,90,49242.85,60,0,139350
BANKNIFTY-III.NFO,03/03/2025,09:18:48,49230.05,49221.4,90,49242.7,60,0,139350
BANKNIFTY-III.NFO,03/03/2025,09:18:52,49230.05,49221.45,60,49241.95,60,0,139350
BANKNIFTY-III.NFO,03/03/2025,09:18:53,49230.05,49220.05,90,49240.7,30,0,139350
BANKNIFTY-III.NFO,03/03/2025,09:18:55,49230.05,49222.05,60,49244.6,60,0,139350
BANKNIFTY-III.NFO,03/03/2025,09:18:57,49230.05,49222.05,90,49241.45,30,0,139350
BANKNIFTY-III.NFO,03/03/2025,09:18:58,49230.05,49222.05,90,49244.15,60,0,139350
BANKNIFTY-III.NFO,03/03/2025,09:19:00,49230.05,49222.05,90,49243.8,60,0,139350
BANKNIFTY-III.NFO,03/03/2025,09:19:02,49230.05,49242.65,30,49248.85,60,0,139350
BANKNIFTY-III.NFO,03/03/2025,09:19:03,49242.65,49222.1,60,49243.1,60,30,139350
BANKNIFTY-III.NFO,03/03/2025,09:19:05,49242.65,49222.1,60,49243.1,60,0,139350
BANKNIFTY-III.NFO,03/03/2025,09:19:08,49242.65,49222.1,60,49243.15,30,0,139350
BANKNIFTY-III.NFO,03/03/2025,09:19:10,49242.65,49222.1,60,49248.45,60,0,139350
BANKNIFTY-III.NFO,03/03/2025,09:19:13,49220,49219.7,30,49248.45,60,300,139350
BANKNIFTY-III.NFO,03/03/2025,09:19:13,49220,49219.7,30,49248.45,60,0,139350
BANKNIFTY-III.NFO,03/03/2025,09:19:15,49220,49227.1,30,49251.8,30,0,139350
BANKNIFTY-III.NFO,03/03/2025,09:19:17,49220,49228,30,49253.15,30,0,139350
BANKNIFTY-III.NFO,03/03/2025,09:19:18,49220,49229.3,300,49254.45,30,0,139350
BANKNIFTY-III.NFO,03/03/2025,09:19:20,49220,49242.65,90,49260.85,60,0,139350
BANKNIFTY-III.NFO,03/03/2025,09:19:21,49220,49242.65,90,49263.35,60,0,139350
BANKNIFTY-III.NFO,03/03/2025,09:19:25,49220,49242.65,90,49261.9,60,0,139350
BANKNIFTY-III.NFO,03/03/2025,09:19:26,49220,49242.65,90,49263.4,30,0,139350
BANKNIFTY-III.NFO,03/03/2025,09:19:28,49220,49242.65,90,49265.1,60,0,139350
BANKNIFTY-III.NFO,03/03/2025,09:19:33,49265.1,49242.7,30,49265.5,60,30,139350
BANKNIFTY-III.NFO,03/03/2025,09:19:35,49265.1,49242.7,30,49265.5,60,0,139350
BANKNIFTY-III.NFO,03/03/2025,09:19:36,49265.1,49242.7,30,49265.1,60,0,139350
BANKNIFTY-III.NFO,03/03/2025,09:19:38,49263.75,49242.65,60,49256.35,90,30,139350
BANKNIFTY-III.NFO,03/03/2025,09:19:40,49263.75,49242.65,60,49257.35,60,0,139350
BANKNIFTY-III.NFO,03/03/2025,09:19:41,49263.75,49242.65,60,49257.25,60,0,139350
BANKNIFTY-III.NFO,03/03/2025,09:19:43,49263.75,49242.65,60,49255.15,90,0,139350
BANKNIFTY-III.NFO,03/03/2025,09:19:45,49263.75,49242.65,60,49251.9,60,0,139350
BANKNIFTY-III.NFO,03/03/2025,09:19:47,49251.9,49242.65,60,49253.15,30,30,139350
BANKNIFTY-III.NFO,03/03/2025,09:19:48,49251.9,49242.65,60,49246.95,30,0,139350
BANKNIFTY-III.NFO,03/03/2025,09:19:50,49251.9,49242.65,60,49246.05,30,0,139350
BANKNIFTY-III.NFO,03/03/2025,09:19:52,49251.9,49242.65,60,49244.5,30,0,139350
BANKNIFTY-III.NFO,03/03/2025,09:19:53,49251.9,49242.65,60,49244.7,30,0,139350
BANKNIFTY-III.NFO,03/03/2025,09:19:55,49242.65,49220,60,49239.3,30,60,139350
BANKNIFTY-III.NFO,03/03/2025,09:19:56,49242.65,49220.05,90,49237.75,60,0,139350
BANKNIFTY-III.NFO,03/03/2025,09:19:58,49242.65,49220.05,60,49237.35,30,0,139350
BANKNIFTY-III.NFO,03/03/2025,09:20:00,49242.65,49220.05,90,49236.95,30,0,139350
BANKNIFTY-III.NFO,03/03/2025,09:20:01,49242.65,49220,90,49236,30,0,139350
BANKNIFTY-III.NFO,03/03/2025,09:20:03,49242.65,49220,60,49233.25,60,0,139350
BANKNIFTY-III.NFO,03/03/2025,09:20:05,49242.65,49220,60,49231.1,60,0,139350
BANKNIFTY-III.NFO,03/03/2025,09:20:06,49242.65,49220,60,49229.95,30,0,139350
BANKNIFTY-III.NFO,03/03/2025,09:20:08,49242.65,49220,60,49226.35,30,0,139350
BANKNIFTY-III.NFO,03/03/2025,09:20:10,49221.5,49210,60,49224.25,150,180,139350
BANKNIFTY-III.NFO,03/03/2025,09:20:10,49217.45,49210,60,49224.25,150,0,139350
BANKNIFTY-III.NFO,03/03/2025,09:20:11,49221.5,49210,30,49219.6,150,0,139350
BANKNIFTY-III.NFO,03/03/2025,09:20:13,49210,49199.05,60,49216.75,30,30,139350
BANKNIFTY-III.NFO,03/03/2025,09:20:13,49210,49199.05,60,49216.75,30,0,139350
BANKNIFTY-III.NFO,03/03/2025,09:20:15,49210,49188.45,60,49208.15,180,0,139350
BANKNIFTY-III.NFO,03/03/2025,09:20:16,49210,49180.95,90,49198.9,30,0,139350
BANKNIFTY-III.NFO,03/03/2025,09:20:18,49210,49180.95,90,49201.65,30,0,139350
BANKNIFTY-III.NFO,03/03/2025,09:20:20,49210,49180.95,90,49200.65,30,0,139350
BANKNIFTY-III.NFO,03/03/2025,09:20:21,49210,49180.9,30,49194.65,30,0,139350
BANKNIFTY-III.NFO,03/03/2025,09:20:23,49210,49180.9,30,49184.35,150,0,139350
BANKNIFTY-III.NFO,03/03/2025,09:20:25,49180,49167,30,49178.25,150,60,139350
BANKNIFTY-III.NFO,03/03/2025,09:20:25,49180,49167,30,49178.25,150,0,139350
BANKNIFTY-III.NFO,03/03/2025,09:20:26,49167,49148.15,60,49166,150,30,139350
BANKNIFTY-III.NFO,03/03/2025,09:20:26,49167,49148.15,60,49166,150,0,139350
BANKNIFTY-III.NFO,03/03/2025,09:20:28,49167,49149.25,60,49172.65,30,0,139350
BANKNIFTY-III.NFO,03/03/2025,09:20:30,49167,49167,30,49178.85,150,0,139350
BANKNIFTY-III.NFO,03/03/2025,09:20:31,49167,49148.6,60,49183.1,60,30,139350
BANKNIFTY-III.NFO,03/03/2025,09:20:33,49167,49148.6,60,49174.35,150,0,139350
BANKNIFTY-III.NFO,03/03/2025,09:20:34,49167,49136.35,60,49167.65,150,0,139350
BANKNIFTY-III.NFO,03/03/2025,09:20:36,49167,49133.65,60,49165.45,150,0,139350
BANKNIFTY-III.NFO,03/03/2025,09:20:38,49167,49135.55,60,49165,150,0,139350
BANKNIFTY-III.NFO,03/03/2025,09:20:39,49167,49140.3,60,49168.85,150,0,139350
BANKNIFTY-III.NFO,03/03/2025,09:20:41,49167,49140.95,60,49169.6,150,0,139350
BANKNIFTY-III.NFO,03/03/2025,09:20:42,49167,49134.75,60,49164.2,150,0,139350
BANKNIFTY-III.NFO,03/03/2025,09:20:44,49167,49137.4,60,49167.9,150,0,139350
BANKNIFTY-III.NFO,03/03/2025,09:20:46,49167,49135.15,60,49169.15,150,0,139350
BANKNIFTY-III.NFO,03/03/2025,09:20:47,49167,49143.4,60,49171.6,30,0,139350
BANKNIFTY-III.NFO,03/03/2025,09:20:49,49167,49133.6,60,49163.9,150,0,139350
BANKNIFTY-III.NFO,03/03/2025,09:20:51,49167,49134.4,60,49164.85,150,0,139350
BANKNIFTY-III.NFO,03/03/2025,09:20:52,49167,49129.65,60,49152.85,30,0,139350
BANKNIFTY-III.NFO,03/03/2025,09:20:54,49171.8,49128.85,60,49149.05,30,300,139350
BANKNIFTY-III.NFO,03/03/2025,09:20:54,49152.85,49128.85,60,49149.05,30,0,139350
BANKNIFTY-III.NFO,03/03/2025,09:20:56,49171.8,49128.8,90,49149.15,30,0,139350
BANKNIFTY-III.NFO,03/03/2025,09:20:57,49171.8,49129.25,60,49152.25,30,0,139350
BANKNIFTY-III.NFO,03/03/2025,09:20:59,49171.8,49129.25,60,49149,30,0,139350
BANKNIFTY-III.NFO,03/03/2025,09:21:00,49171.8,49129.25,60,49149.7,30,0,139350
BANKNIFTY-III.NFO,03/03/2025,09:21:02,49171.8,49128.8,90,49149.3,30,0,139350
BANKNIFTY-III.NFO,03/03/2025,09:21:04,49171.8,49137.95,60,49162.3,30,0,139350
BANKNIFTY-III.NFO,03/03/2025,09:21:05,49171.8,49130.4,60,49156.9,30,0,139350
BANKNIFTY-III.NFO,03/03/2025,09:21:07,49171.8,49138.65,60,49162.35,30,0,139350
BANKNIFTY-III.NFO,03/03/2025,09:21:09,49171.8,49147.15,60,49173.2,30,0,139350
BANKNIFTY-III.NFO,03/03/2025,09:21:10,49171.8,49147.15,60,49169.7,30,0,139350
BANKNIFTY-III.NFO,03/03/2025,09:21:12,49171.8,49151.9,60,49177.2,30,0,139350
BANKNIFTY-III.NFO,03/03/2025,09:21:14,49171.8,49151.9,60,49171.95,30,0,139350
BANKNIFTY-III.NFO,03/03/2025,09:21:15,49172.7,49138.65,60,49162.8,150,90,139350
BANKNIFTY-III.NFO,03/03/2025,09:21:17,49172.7,49138.65,60,49161.1,150,0,139350
BANKNIFTY-III.NFO,03/03/2025,09:21:19,49172.7,49138.65,60,49159.35,150,0,139350
BANKNIFTY-III.NFO,03/03/2025,09:21:20,49172.7,49138.65,60,49158.35,150,0,139350
BANKNIFTY-III.NFO,03/03/2025,09:21:22,49172.7,49134,60,49151.9,150,0,139350
BANKNIFTY-III.NFO,03/03/2025,09:21:24,49172.7,49134,60,49149.7,150,0,139350
BANKNIFTY-III.NFO,03/03/2025,09:21:25,49172.7,49134,30,49145.2,150,0,139350
BANKNIFTY-III.NFO,03/03/2025,09:21:27,49172.7,49134,60,49140.5,150,0,139350
BANKNIFTY-III.NFO,03/03/2025,09:21:29,49172.7,49134,60,49145.5,150,0,139350
BANKNIFTY-III.NFO,03/03/2025,09:21:30,49172.7,49134,60,49143.5,150,0,139350
BANKNIFTY-III.NFO,03/03/2025,09:21:32,49143.65,49134,60,49146.45,150,60,139320
BANKNIFTY-III.NFO,03/03/2025,09:21:32,49143.65,49134,60,49146.45,150,0,139320
BANKNIFTY-III.NFO,03/03/2025,09:21:34,49143.65,49134,90,49150.65,150,0,139320
BANKNIFTY-III.NFO,03/03/2025,09:21:35,49143.65,49134.05,60,49152.35,150,0,139320
BANKNIFTY-III.NFO,03/03/2025,09:21:37,49143.65,49134,60,49144.65,150,0,139320
BANKNIFTY-III.NFO,03/03/2025,09:21:39,49143.65,49134,90,49147.9,150,0,139320
BANKNIFTY-III.NFO,03/03/2025,09:21:40,49143.65,49134.05,90,49140,30,0,139320
BANKNIFTY-III.NFO,03/03/2025,09:21:44,49140,49134.1,60,49156.4,150,30,139320
BANKNIFTY-III.NFO,03/03/2025,09:21:44,49140,49134.1,60,49156.4,150,0,139320
BANKNIFTY-III.NFO,03/03/2025,09:21:45,49155,49134.05,90,49156.85,150,30,139320
BANKNIFTY-III.NFO,03/03/2025,09:21:47,49155,49134.05,90,49157.25,150,0,139320
BANKNIFTY-III.NFO,03/03/2025,09:21:49,49128.75,49120,30,49128.45,150,90,139320
BANKNIFTY-III.NFO,03/03/2025,09:21:49,49128.75,49120,30,49128.45,150,0,139320
BANKNIFTY-III.NFO,03/03/2025,09:21:50,49128.75,49120,30,49127.7,150,0,139320
BANKNIFTY-III.NFO,03/03/2025,09:21:52,49128.75,49120,30,49126.6,150,0,139320
BANKNIFTY-III.NFO,03/03/2025,09:21:54,49128.75,49120,30,49127.6,150,0,139320
BANKNIFTY-III.NFO,03/03/2025,09:21:55,49128.75,49120,30,49127.75,150,0,139320
BANKNIFTY-III.NFO,03/03/2025,09:21:57,49128.75,49120,60,49129.2,150,0,139320
BANKNIFTY-III.NFO,03/03/2025,09:21:58,49128.75,49120,60,49128.8,150,0,139320
BANKNIFTY-III.NFO,03/03/2025,09:22:00,49128.75,49120,60,49127.8,150,0,139320
BANKNIFTY-III.NFO,03/03/2025,09:22:02,49128.75,49121.7,120,49144,150,0,139320
BANKNIFTY-III.NFO,03/03/2025,09:22:04,49128.75,49121.55,60,49147.4,150,0,139320
BANKNIFTY-III.NFO,03/03/2025,09:22:05,49128.75,49120.05,90,49138,150,0,139320
BANKNIFTY-III.NFO,03/03/2025,09:22:07,49128.75,49121,60,49138.55,150,0,139320
BANKNIFTY-III.NFO,03/03/2025,09:22:09,49128.75,49120.05,90,49136.75,150,0,139320
BANKNIFTY-III.NFO,03/03/2025,09:22:10,49128.75,49120,60,49129.1,150,0,139320
BANKNIFTY-III.NFO,03/03/2025,09:22:12,49128.75,49128.75,60,49131.4,150,0,139320
BANKNIFTY-III.NFO,03/03/2025,09:22:13,49128.75,49120,90,49128,90,60,139320
BANKNIFTY-III.NFO,03/03/2025,09:22:15,49127.9,49120,90,49131.4,60,30,139320
BANKNIFTY-III.NFO,03/03/2025,09:22:15,49127.9,49120,90,49131.4,60,0,139320
BANKNIFTY-III.NFO,03/03/2025,09:22:17,49127.9,49120,90,49123.9,60,0,139320
BANKNIFTY-III.NFO,03/03/2025,09:22:18,49120,49120,30,49123.65,150,60,139320
BANKNIFTY-III.NFO,03/03/2025,09:22:18,49120,49120,30,49123.65,150,0,139320
BANKNIFTY-III.NFO,03/03/2025,09:22:20,49120,49111,30,49120,150,30,139320
BANKNIFTY-III.NFO,03/03/2025,09:22:22,49120,49117.45,60,49139.9,150,0,139320
BANKNIFTY-III.NFO,03/03/2025,09:22:23,49120,49117.2,60,49136.15,150,0,139320
BANKNIFTY-III.NFO,03/03/2025,09:22:25,49120,49112.65,60,49134.8,150,0,139320
BANKNIFTY-III.NFO,03/03/2025,09:22:27,49120,49112.7,60,49141.05,150,0,139320
BANKNIFTY-III.NFO,03/03/2025,09:22:28,49120,49120.05,60,49137.95,150,0,139320
BANKNIFTY-III.NFO,03/03/2025,09:22:30,49120,49120.05,60,49140.2,150,0,139320
BANKNIFTY-III.NFO,03/03/2025,09:22:31,49120,49120.05,60,49141.75,150,0,139320
BANKNIFTY-III.NFO,03/03/2025,09:22:33,49120,49120.05,90,49144.5,60,0,139320
BANKNIFTY-III.NFO,03/03/2025,09:22:35,49120,49120.05,90,49149.25,30,0,139320
BANKNIFTY-III.NFO,03/03/2025,09:22:36,49120,49130.9,60,49163.7,60,0,139320
BANKNIFTY-III.NFO,03/03/2025,09:22:38,49120,49125.1,60,49155.3,150,0,139320
BANKNIFTY-III.NFO,03/03/2025,09:22:40,49120,49125.1,60,49152.45,150,0,139320
BANKNIFTY-III.NFO,03/03/2025,09:22:41,49120,49128.6,60,49157.1,150,0,139320
BANKNIFTY-III.NFO,03/03/2025,09:22:43,49120,49130.6,60,49157.45,150,0,139320
BANKNIFTY-III.NFO,03/03/2025,09:22:45,49120,49126.35,60,49155.85,150,0,139320
BANKNIFTY-III.NFO,03/03/2025,09:22:46,49120,49125.1,60,49152.7,150,0,139320
BANKNIFTY-III.NFO,03/03/2025,09:22:48,49134.3,49138.9,60,49169.75,30,30,139320
BANKNIFTY-III.NFO,03/03/2025,09:22:50,49134.3,49144.4,60,49173.8,30,0,139320
BANKNIFTY-III.NFO,03/03/2025,09:22:51,49134.3,49149.25,60,49179.95,30,0,139320
BANKNIFTY-III.NFO,03/03/2025,09:22:53,49134.3,49152.1,60,49179.95,30,0,139320
BANKNIFTY-III.NFO,03/03/2025,09:22:55,49134.3,49147.05,60,49177.5,30,0,139320
BANKNIFTY-III.NFO,03/03/2025,09:22:56,49134.3,49148.8,60,49179.9,30,0,139320
BANKNIFTY-III.NFO,03/03/2025,09:22:58,49134.3,49146.7,60,49176.3,30,0,139320
BANKNIFTY-III.NFO,03/03/2025,09:23:00,49134.3,49134.05,60,49165.45,30,0,139320
BANKNIFTY-III.NFO,03/03/2025,09:23:01,49134.3,49138.2,60,49170.9,30,0,139320
BANKNIFTY-III.NFO,03/03/2025,09:23:03,49134.3,49133.3,60,49161.3,30,0,139320
BANKNIFTY-III.NFO,03/03/2025,09:23:05,49134.3,49129.5,60,49157.45,30,0,139320
BANKNIFTY-III.NFO,03/03/2025,09:23:06,49134.3,49125.1,60,49152.65,30,0,139320
BANKNIFTY-III.NFO,03/03/2025,09:23:08,49134.3,49120.1,60,49141.65,30,0,139320
BANKNIFTY-III.NFO,03/03/2025,09:23:10,49134.3,49120.05,90,49148.15,30,0,139320
BANKNIFTY-III.NFO,03/03/2025,09:23:11,49120,49120,30,49130.9,30,30,139320
BANKNIFTY-III.NFO,03/03/2025,09:23:13,49120,49120,30,49127.9,30,0,139320
BANKNIFTY-III.NFO,03/03/2025,09:23:15,49120,49120,30,49134.95,30,0,139320
BANKNIFTY-III.NFO,03/03/2025,09:23:16,49120,49120,30,49131.15,30,0,139320
BANKNIFTY-III.NFO,03/03/2025,09:23:18,49120,49120,30,49125.8,30,0,139320
BANKNIFTY-III.NFO,03/03/2025,09:23:20,49120,49120,30,49127.6,30,0,139320
BANKNIFTY-III.NFO,03/03/2025,09:23:21,49120,49120,90,49132.2,30,30,139320
BANKNIFTY-III.NFO,03/03/2025,09:23:23,49120,49120,60,49129.7,30,30,139320
BANKNIFTY-III.NFO,03/03/2025,09:23:25,49120,49111,30,49124,30,60,139320
BANKNIFTY-III.NFO,03/03/2025,09:23:26,49120,49111,30,49122.15,30,0,139320
BANKNIFTY-III.NFO,03/03/2025,09:23:28,49120,49111,30,49118.65,30,0,139320
BANKNIFTY-III.NFO,03/03/2025,09:23:30,49120,49111,30,49116.7,30,0,139320
BANKNIFTY-III.NFO,03/03/2025,09:23:31,49111,49100,150,49113.65,30,30,139320
BANKNIFTY-III.NFO,03/03/2025,09:23:31,49111,49100,150,49113.65,30,0,139320
BANKNIFTY-III.NFO,03/03/2025,09:23:33,49111,49100,150,49109.85,30,0,139320
BANKNIFTY-III.NFO,03/03/2025,09:23:34,49111,49100,150,49105.85,30,0,139320
BANKNIFTY-III.NFO,03/03/2025,09:23:36,49111,49100,150,49103.1,30,0,139320
BANKNIFTY-III.NFO,03/03/2025,09:23:38,49100,49085.5,60,49106.8,150,150,139320
BANKNIFTY-III.NFO,03/03/2025,09:23:38,49100,49085.5,60,49106.8,150,0,139320
BANKNIFTY-III.NFO,03/03/2025,09:23:39,49100,49085.25,90,49104.45,150,0,139320
BANKNIFTY-III.NFO,03/03/2025,09:23:41,49100,49089.55,90,49117.65,150,0,139320
BANKNIFTY-III.NFO,03/03/2025,09:23:43,49100,49100.55,60,49121.85,30,0,139320
BANKNIFTY-III.NFO,03/03/2025,09:23:44,49100,49098.2,60,49123.45,30,0,139320
BANKNIFTY-III.NFO,03/03/2025,09:23:46,49100,49095.9,60,49116.9,150,0,139320
BANKNIFTY-III.NFO,03/03/2025,09:23:48,49100,49091.25,60,49114.2,30,0,139320
BANKNIFTY-III.NFO,03/03/2025,09:23:49,49100,49093.55,90,49112.65,150,0,139320
BANKNIFTY-III.NFO,03/03/2025,09:23:51,49100,49093.65,60,49114.7,30,0,139320
BANKNIFTY-III.NFO,03/03/2025,09:23:53,49100,49089.1,60,49113.95,30,0,139320
BANKNIFTY-III.NFO,03/03/2025,09:23:54,49100,49092.85,60,49113.25,150,0,139320
BANKNIFTY-III.NFO,03/03/2025,09:23:56,49100,49095.3,60,49117.95,30,0,139320
BANKNIFTY-III.NFO,03/03/2025,09:23:58,49100,49088.3,60,49113.95,30,0,139320
BANKNIFTY-III.NFO,03/03/2025,09:23:59,49100,49093.25,150,49117.95,30,0,139320
BANKNIFTY-III.NFO,03/03/2025,09:24:01,49100,49102.95,90,49128.35,150,0,139320
BANKNIFTY-III.NFO,03/03/2025,09:24:03,49100,49104.85,60,49126.2,30,0,139320
BANKNIFTY-III.NFO,03/03/2025,09:24:04,49100,49100.1,60,49124.2,150,0,139320
BANKNIFTY-III.NFO,03/03/2025,09:24:06,49100,49100.7,60,49128.7,150,0,139320
BANKNIFTY-III.NFO,03/03/2025,09:24:08,49100,49104,60,49126.1,150,0,139320
BANKNIFTY-III.NFO,03/03/2025,09:24:09,49100,49100.1,60,49122.5,150,0,139320
BANKNIFTY-III.NFO,03/03/2025,09:24:11,49100,49100,30,49112.3,60,0,139320
BANKNIFTY-III.NFO,03/03/2025,09:24:13,49100,49100,30,49110.3,150,0,139320
BANKNIFTY-III.NFO,03/03/2025,09:24:15,49100,49100,30,49111,150,0,139320
BANKNIFTY-III.NFO,03/03/2025,09:24:16,49100,49100,60,49110.65,150,0,139320
BANKNIFTY-III.NFO,03/03/2025,09:24:18,49100,49100,60,49108.3,60,0,139320
BANKNIFTY-III.NFO,03/03/2025,09:24:20,49100,49100,60,49108.1,150,0,139320
BANKNIFTY-III.NFO,03/03/2025,09:24:21,49100,49100,60,49103.05,150,0,139320
BANKNIFTY-III.NFO,03/03/2025,09:24:23,49100,49100,60,49106.4,150,0,139320
BANKNIFTY-III.NFO,03/03/2025,09:24:25,49100,49100,30,49102.5,150,30,139020
BANKNIFTY-III.NFO,03/03/2025,09:24:26,49100,49090,90,49101.4,150,30,139020
BANKNIFTY-III.NFO,03/03/2025,09:24:28,49100,49090,90,49097.95,150,0,139020
BANKNIFTY-III.NFO,03/03/2025,09:24:30,49100,49090,90,49092.9,150,0,139020
BANKNIFTY-III.NFO,03/03/2025,09:24:31,49100,49090,90,49091.95,150,0,139020
BANKNIFTY-III.NFO,03/03/2025,09:24:33,49090,49070.75,90,49090.35,90,90,139020
BANKNIFTY-III.NFO,03/03/2025,09:24:33,49090,49070.75,90,49090.35,90,0,139020
BANKNIFTY-III.NFO,03/03/2025,09:24:35,49090,49072.45,60,49090.1,90,0,139020
BANKNIFTY-III.NFO,03/03/2025,09:24:36,49090,49072.5,60,49090.95,90,0,139020
BANKNIFTY-III.NFO,03/03/2025,09:24:38,49066.95,49066.95,60,49092.85,30,180,139020
BANKNIFTY-III.NFO,03/03/2025,09:24:38,49066.95,49066.95,60,49092.85,30,0,139020
BANKNIFTY-III.NFO,03/03/2025,09:24:40,49066.95,49066.95,60,49088.7,30,0,139020
BANKNIFTY-III.NFO,03/03/2025,09:24:41,49066.95,49066.95,60,49087.15,30,0,139020
BANKNIFTY-III.NFO,03/03/2025,09:24:43,49066.95,49066.65,60,49089.45,30,0,139020
BANKNIFTY-III.NFO,03/03/2025,09:24:45,49066.95,49071.65,90,49097.65,30,0,139020
BANKNIFTY-III.NFO,03/03/2025,09:24:46,49066.95,49071.65,90,49097.75,30,0,139020
BANKNIFTY-III.NFO,03/03/2025,09:24:48,49066.95,49071.7,60,49099.95,30,0,139020
BANKNIFTY-III.NFO,03/03/2025,09:24:50,49066.95,49082.75,60,49099.95,30,0,139020
BANKNIFTY-III.NFO,03/03/2025,09:24:55,49073.35,49073.35,120,49099.95,120,30,139020
BANKNIFTY-III.NFO,03/03/2025,09:24:56,49097.8,49071.7,120,49097.8,90,30,139020
BANKNIFTY-III.NFO,03/03/2025,09:24:58,49097.8,49071.7,120,49096.65,90,0,139020
BANKNIFTY-III.NFO,03/03/2025,09:25:00,49097.8,49071.95,120,49098.95,90,0,139020
BANKNIFTY-III.NFO,03/03/2025,09:25:03,49097.8,49075.05,120,49099,150,0,139020
BANKNIFTY-III.NFO,03/03/2025,09:25:05,49097.8,49075.05,120,49097.05,90,0,139020
BANKNIFTY-III.NFO,03/03/2025,09:25:06,49097.8,49071.75,120,49094.6,90,0,139020
BANKNIFTY-III.NFO,03/03/2025,09:25:08,49097.8,49069.25,120,49091.35,90,0,139020
BANKNIFTY-III.NFO,03/03/2025,09:25:10,49097.8,49066.8,120,49094.85,90,0,139020
BANKNIFTY-III.NFO,03/03/2025,09:25:11,49097.8,49066.8,120,49096.1,90,0,139020
BANKNIFTY-III.NFO,03/03/2025,09:25:13,49097.8,49066.8,120,49093.9,90,0,139020
BANKNIFTY-III.NFO,03/03/2025,09:25:15,49097.8,49066.8,120,49089.45,90,0,139020
BANKNIFTY-III.NFO,03/03/2025,09:25:16,49097.8,49066.8,120,49088.7,90,0,139020
BANKNIFTY-III.NFO,03/03/2025,09:25:18,49086.8,49066,210,49085.85,60,30,139020
BANKNIFTY-III.NFO,03/03/2025,09:25:20,49086.8,49066,210,49080.05,60,0,139020
BANKNIFTY-III.NFO,03/03/2025,09:25:21,49086.8,49066.05,150,49084.05,60,0,139020
BANKNIFTY-III.NFO,03/03/2025,09:25:23,49086.8,49066,210,49080.05,60,0,139020
BANKNIFTY-III.NFO,03/03/2025,09:25:25,49086.8,49066.05,150,49093.15,60,0,139020
BANKNIFTY-III.NFO,03/03/2025,09:25:26,49086.8,49066.05,150,49092.7,60,0,139020
BANKNIFTY-III.NFO,03/03/2025,09:25:28,49086.8,49066.05,150,49085.65,60,0,139020
BANKNIFTY-III.NFO,03/03/2025,09:25:30,49086.8,49066.05,150,49086.9,60,0,139020
BANKNIFTY-III.NFO,03/03/2025,09:25:31,49086.8,49066.05,150,49089.9,60,0,139020
BANKNIFTY-III.NFO,03/03/2025,09:25:33,49086.8,49066.05,150,49088.35,60,0,139020
BANKNIFTY-III.NFO,03/03/2025,09:25:35,49066,49066,120,49079.45,60,90,139020
BANKNIFTY-III.NFO,03/03/2025,09:25:35,49066,49066,120,49079.45,60,0,139020
BANKNIFTY-III.NFO,03/03/2025,09:25:36,49066,49066,120,49082.5,60,0,139020
BANKNIFTY-III.NFO,03/03/2025,09:25:38,49066,49066,120,49077.8,60,0,139020
BANKNIFTY-III.NFO,03/03/2025,09:25:40,49066,49066.05,150,49083.95,60,0,139020
BANKNIFTY-III.NFO,03/03/2025,09:25:41,49066,49066.05,150,49084.45,60,0,139020
BANKNIFTY-III.NFO,03/03/2025,09:25:43,49066,49066,120,49076.75,60,0,139020
BANKNIFTY-III.NFO,03/03/2025,09:25:45,49066,49080,30,49081.55,60,0,139020
BANKNIFTY-III.NFO,03/03/2025,09:25:46,49080,49066,120,49079.1,60,30,139020
BANKNIFTY-III.NFO,03/03/2025,09:25:48,49080,49066,120,49078.75,60,0,139020
BANKNIFTY-III.NFO,03/03/2025,09:25:50,49080,49066,120,49077,60,0,139020
BANKNIFTY-III.NFO,03/03/2025,09:25:51,49080,49066.05,120,49081.3,60,0,139020
BANKNIFTY-III.NFO,03/03/2025,09:25:53,49080,49066,120,49079.75,60,0,139020
BANKNIFTY-III.NFO,03/03/2025,09:25:55,49080,49066,120,49077.45,60,0,139020
BANKNIFTY-III.NFO,03/03/2025,09:25:56,49080,49066,150,49080.2,60,0,139020
BANKNIFTY-III.NFO,03/03/2025,09:25:58,49080,49066,120,49076.25,60,0,139020
BANKNIFTY-III.NFO,03/03/2025,09:26:00,49080,49066.05,150,49081.5,60,0,139020
BANKNIFTY-III.NFO,03/03/2025,09:26:01,49080,49066.05,150,49086.85,60,0,139020
BANKNIFTY-III.NFO,03/03/2025,09:26:03,49080,49066.05,150,49087.95,60,0,139020
BANKNIFTY-III.NFO,03/03/2025,09:26:05,49080,49067.05,120,49088,150,0,139020
BANKNIFTY-III.NFO,03/03/2025,09:26:06,49080,49079.2,120,49088,150,0,139020
BANKNIFTY-III.NFO,03/03/2025,09:26:08,49080,49080.2,120,49088,150,0,139020
BANKNIFTY-III.NFO,03/03/2025,09:26:10,49080,49077.4,120,49088,150,0,139020
BANKNIFTY-III.NFO,03/03/2025,09:26:11,49080,49072.95,120,49088,150,0,139020
BANKNIFTY-III.NFO,03/03/2025,09:26:16,49080,49070.65,120,49087.95,60,0,139020
BANKNIFTY-III.NFO,03/03/2025,09:26:18,49080,49066.25,120,49086.15,60,0,139020
BANKNIFTY-III.NFO,03/03/2025,09:26:20,49080,49066.2,30,49080.35,60,0,139020
BANKNIFTY-III.NFO,03/03/2025,09:26:21,49080,49066.2,30,49075.4,60,0,139020
BANKNIFTY-III.NFO,03/03/2025,09:26:23,49080,49066.2,30,49073.1,60,0,139020
BANKNIFTY-III.NFO,03/03/2025,09:26:25,49080,49066.2,30,49071.25,60,0,139020
BANKNIFTY-III.NFO,03/03/2025,09:26:27,49080,49066.2,30,49071.8,60,0,139020
BANKNIFTY-III.NFO,03/03/2025,09:26:28,49066,49050.05,150,49069.25,60,120,139020
BANKNIFTY-III.NFO,03/03/2025,09:26:30,49066,49050.05,150,49069.95,60,0,139020
BANKNIFTY-III.NFO,03/03/2025,09:26:32,49066,49050,30,49065.9,60,0,139020
BANKNIFTY-III.NFO,03/03/2025,09:26:33,49066,49050,30,49062.05,60,0,139020
BANKNIFTY-III.NFO,03/03/2025,09:26:35,49050,49031.15,120,49049.2,60,30,139020
BANKNIFTY-III.NFO,03/03/2025,09:26:35,49050,49031.15,120,49049.2,60,0,139020
BANKNIFTY-III.NFO,03/03/2025,09:26:37,49050,49025.55,120,49049.8,60,0,139020
BANKNIFTY-III.NFO,03/03/2025,09:26:38,49050,49022.4,120,49050.6,60,0,139020
BANKNIFTY-III.NFO,03/03/2025,09:26:40,49050,49022.4,120,49050.25,60,0,139020
BANKNIFTY-III.NFO,03/03/2025,09:26:42,49050,49022.4,120,49048.8,60,0,139020
BANKNIFTY-III.NFO,03/03/2025,09:26:43,49050,49022.4,120,49048.15,60,0,139020
BANKNIFTY-III.NFO,03/03/2025,09:26:45,49050,49022.4,120,49045.35,60,0,139020
BANKNIFTY-III.NFO,03/03/2025,09:26:47,49050,49019.65,120,49046.65,60,0,139020
BANKNIFTY-III.NFO,03/03/2025,09:26:48,49050,49019.65,120,49041.1,60,0,139020
BANKNIFTY-III.NFO,03/03/2025,09:26:50,49050,49019.65,120,49046,60,0,139020
BANKNIFTY-III.NFO,03/03/2025,09:26:52,49050,49019.65,120,49040.3,60,0,139020
BANKNIFTY-III.NFO,03/03/2025,09:26:53,49050,49018.65,120,49038.75,60,0,139020
BANKNIFTY-III.NFO,03/03/2025,09:26:55,49050,49015.8,120,49037.05,60,0,139020
BANKNIFTY-III.NFO,03/03/2025,09:26:57,49050,49015.8,120,49040.75,60,0,139020
BANKNIFTY-III.NFO,03/03/2025,09:26:58,49050,49015.8,120,49039.75,60,0,139020
BANKNIFTY-III.NFO,03/03/2025,09:27:00,49050,49015.8,120,49047.4,60,0,139020
BANKNIFTY-III.NFO,03/03/2025,09:27:02,49050,49015.8,120,49047.25,60,0,139020
BANKNIFTY-III.NFO,03/03/2025,09:27:03,49050,49015.8,120,49046.6,60,0,139020
BANKNIFTY-III.NFO,03/03/2025,09:27:05,49050,49015.8,120,49039.15,60,0,139020
BANKNIFTY-III.NFO,03/03/2025,09:27:07,49050,49015.8,120,49040.65,60,0,139020
BANKNIFTY-III.NFO,03/03/2025,09:27:08,49050,49015.1,120,49036.75,60,0,139020
BANKNIFTY-III.NFO,03/03/2025,09:27:10,49050,49011.25,120,49035.05,60,0,139020
BANKNIFTY-III.NFO,03/03/2025,09:27:12,49050,49010.05,120,49031.5,60,0,139020
BANKNIFTY-III.NFO,03/03/2025,09:27:13,49050,49010.05,120,49033.4,60,0,139020
BANKNIFTY-III.NFO,03/03/2025,09:27:15,49050,49010.05,150,49028.9,60,0,139020
BANKNIFTY-III.NFO,03/03/2025,09:27:17,49050,49010.05,150,49028.8,60,0,139020
BANKNIFTY-III.NFO,03/03/2025,09:27:18,49050,49010.05,150,49029.9,60,0,139020
BANKNIFTY-III.NFO,03/03/2025,09:27:20,49050,49010,60,49025.05,90,0,139020
BANKNIFTY-III.NFO,03/03/2025,09:27:22,49050,49010.05,120,49027.05,60,0,139020
BANKNIFTY-III.NFO,03/03/2025,09:27:23,49050,49010,30,49020.15,60,0,139020
BANKNIFTY-III.NFO,03/03/2025,09:27:25,49050,49010.05,120,49027.65,60,0,139020
BANKNIFTY-III.NFO,03/03/2025,09:27:27,49050,49010,60,49026.45,60,0,139020
BANKNIFTY-III.NFO,03/03/2025,09:27:28,49050,49010,30,49020.65,60,0,139020
BANKNIFTY-III.NFO,03/03/2025,09:27:30,49050,49010,30,49023.65,60,0,139020
BANKNIFTY-III.NFO,03/03/2025,09:27:32,49050,49010.05,150,49026.6,60,0,139020
BANKNIFTY-III.NFO,03/03/2025,09:27:33,49050,49010.1,120,49026.6,60,0,139020
BANKNIFTY-III.NFO,03/03/2025,09:27:35,49050,49010.1,120,49032.95,60,0,139020
BANKNIFTY-III.NFO,03/03/2025,09:27:37,49050,49010.1,120,49029.45,60,0,139020
BANKNIFTY-III.NFO,03/03/2025,09:27:38,49050,49010,30,49025.8,60,0,139020
BANKNIFTY-III.NFO,03/03/2025,09:27:40,49050,49010.05,150,49029.3,60,0,139020
BANKNIFTY-III.NFO,03/03/2025,09:27:42,49050,49014.55,120,49034.7,60,0,139020
BANKNIFTY-III.NFO,03/03/2025,09:27:43,49050,49014.55,120,49039.95,60,0,139020
BANKNIFTY-III.NFO,03/03/2025,09:27:45,49050,49020.25,150,49040,30,0,139020
BANKNIFTY-III.NFO,03/03/2025,09:27:47,49050,49026.4,120,49040,30,0,139020
BANKNIFTY-III.NFO,03/03/2025,09:27:48,49050,49022.75,120,49040,30,0,139020
BANKNIFTY-III.NFO,03/03/2025,09:27:50,49050,49019.95,120,49039.95,60,0,139020
BANKNIFTY-III.NFO,03/03/2025,09:27:53,49050,49019.95,120,49040,30,0,139020
BANKNIFTY-III.NFO,03/03/2025,09:27:55,49050,49020.05,120,49040,30,0,139020
BANKNIFTY-III.NFO,03/03/2025,09:27:57,49050,49027.7,120,49040,30,0,139020
BANKNIFTY-III.NFO,03/03/2025,09:27:58,49050,49024.85,120,49040,30,0,139020
BANKNIFTY-III.NFO,03/03/2025,09:28:02,49050,49024.85,120,49046,30,0,139020
BANKNIFTY-III.NFO,03/03/2025,09:28:05,49046,49024.85,120,49047.95,60,30,138690
BANKNIFTY-III.NFO,03/03/2025,09:28:05,49046,49024.85,120,49047.95,60,0,138690
BANKNIFTY-III.NFO,03/03/2025,09:28:07,49046,49032,120,49048,30,0,138690
BANKNIFTY-III.NFO,03/03/2025,09:28:08,49046,49034.1,120,49048,30,0,138690
BANKNIFTY-III.NFO,03/03/2025,09:28:10,49046,49039,120,49048,30,0,138690
BANKNIFTY-III.NFO,03/03/2025,09:28:12,49039,49039,120,49050,150,30,138690
BANKNIFTY-III.NFO,03/03/2025,09:28:12,49039,49039,120,49050,150,0,138690
BANKNIFTY-III.NFO,03/03/2025,09:28:13,49039,49039,120,49050,150,0,138690
BANKNIFTY-III.NFO,03/03/2025,09:28:15,49039,49039.35,120,49050,150,0,138690
BANKNIFTY-III.NFO,03/03/2025,09:28:17,49039,49027.3,120,49049.95,90,0,138690
BANKNIFTY-III.NFO,03/03/2025,09:28:18,49039,49024.85,120,49045.9,90,0,138690
BANKNIFTY-III.NFO,03/03/2025,09:28:20,49039,49024.15,120,49047.8,90,0,138690
BANKNIFTY-III.NFO,03/03/2025,09:28:22,49039,49024.15,120,49049.95,90,0,138690
BANKNIFTY-III.NFO,03/03/2025,09:28:23,49039,49026.2,120,49049.95,90,0,138690
BANKNIFTY-III.NFO,03/03/2025,09:28:25,49039,49030.5,120,49050,150,0,138690
BANKNIFTY-III.NFO,03/03/2025,09:28:27,49039,49036,120,49050,150,0,138690
BANKNIFTY-III.NFO,03/03/2025,09:28:28,49039,49042.9,120,49050,150,0,138690
BANKNIFTY-III.NFO,03/03/2025,09:28:32,49050,49047.2,120,49066.15,120,150,138690
BANKNIFTY-III.NFO,03/03/2025,09:28:33,49050,49056.3,120,49066.2,30,0,138690
BANKNIFTY-III.NFO,03/03/2025,09:28:35,49055.85,49067.9,30,49088.9,120,330,138690
BANKNIFTY-III.NFO,03/03/2025,09:28:37,49055.85,49067.9,30,49094.15,120,0,138690
BANKNIFTY-III.NFO,03/03/2025,09:28:39,49055.85,49069.35,30,49094.15,120,0,138690
BANKNIFTY-III.NFO,03/03/2025,09:28:40,49055.85,49067.9,30,49090.05,120,0,138690
BANKNIFTY-III.NFO,03/03/2025,09:28:42,49055.85,49067.9,30,49094.15,120,0,138690
BANKNIFTY-III.NFO,03/03/2025,09:28:44,49072.15,49072.15,30,49094.15,120,60,138690
BANKNIFTY-III.NFO,03/03/2025,09:28:45,49072.15,49072.15,30,49094.15,120,0,138690
BANKNIFTY-III.NFO,03/03/2025,09:28:47,49072.15,49072.15,30,49096.9,120,0,138690
BANKNIFTY-III.NFO,03/03/2025,09:28:49,49072.15,49085,30,49095.15,120,0,138690
BANKNIFTY-III.NFO,03/03/2025,09:28:52,49072.15,49085,30,49094.55,120,0,138690
BANKNIFTY-III.NFO,03/03/2025,09:28:54,49094.55,49085,30,49094.55,120,30,138690
BANKNIFTY-III.NFO,03/03/2025,09:28:55,49094.55,49085,30,49090.6,120,0,138690
BANKNIFTY-III.NFO,03/03/2025,09:28:57,49094.55,49085,30,49089.1,120,0,138690
BANKNIFTY-III.NFO,03/03/2025,09:28:59,49085,49061.25,30,49082.8,120,30,138690
BANKNIFTY-III.NFO,03/03/2025,09:29:00,49085,49056.4,30,49076.55,120,0,138690
BANKNIFTY-III.NFO,03/03/2025,09:29:02,49085,49052.55,30,49073,120,0,138690
BANKNIFTY-III.NFO,03/03/2025,09:29:04,49069.4,49045.9,90,49065.95,120,60,138690
BANKNIFTY-III.NFO,03/03/2025,09:29:05,49069.4,49042,90,49063.35,120,0,138690
BANKNIFTY-III.NFO,03/03/2025,09:29:07,49069.4,49041.35,90,49060.15,120,0,138690
BANKNIFTY-III.NFO,03/03/2025,09:29:10,49069.4,49039.3,90,49060.15,120,0,138690
BANKNIFTY-III.NFO,03/03/2025,09:29:14,49060.15,49039.3,120,49060.15,120,30,138690
BANKNIFTY-III.NFO,03/03/2025,09:29:15,49060.15,49036.15,120,49059.1,150,0,138690
BANKNIFTY-III.NFO,03/03/2025,09:29:17,49060.15,49034.65,120,49057.95,120,0,138690
BANKNIFTY-III.NFO,03/03/2025,09:29:19,49060.15,49032.55,120,49055.7,120,0,138690
BANKNIFTY-III.NFO,03/03/2025,09:29:20,49060.15,49040,60,49051.7,120,0,138690
BANKNIFTY-III.NFO,03/03/2025,09:29:22,49060.15,49040,60,49044.85,120,0,138690
BANKNIFTY-III.NFO,03/03/2025,09:29:24,49060.15,49040,60,49047.4,150,0,138690
BANKNIFTY-III.NFO,03/03/2025,09:29:25,49060.15,49040,60,49048.05,150,0,138690
BANKNIFTY-III.NFO,03/03/2025,09:29:27,49060.15,49040,60,49042.95,120,0,138690
BANKNIFTY-III.NFO,03/03/2025,09:29:29,49060.15,49040,60,49043.9,120,0,138690
BANKNIFTY-III.NFO,03/03/2025,09:29:30,49060.15,49040,60,49044.85,150,0,138690
BANKNIFTY-III.NFO,03/03/2025,09:29:32,49050,49040,60,49051,120,30,138690
BANKNIFTY-III.NFO,03/03/2025,09:29:34,49050,49040,60,49046.55,120,0,138690
BANKNIFTY-III.NFO,03/03/2025,09:29:35,49050,49040,60,49049,150,0,138690
BANKNIFTY-III.NFO,03/03/2025,09:29:37,49050,49040,60,49048.15,120,0,138690
BANKNIFTY-III.NFO,03/03/2025,09:29:38,49050,49040,60,49050.75,120,0,138690
BANKNIFTY-III.NFO,03/03/2025,09:29:40,49050,49040,60,49048.35,120,0,138690
BANKNIFTY-III.NFO,03/03/2025,09:29:42,49050,49040,60,49040.95,120,0,138690
BANKNIFTY-III.NFO,03/03/2025,09:29:43,49040,49016.25,120,49035.1,120,60,138690
BANKNIFTY-III.NFO,03/03/2025,09:29:45,49040,49014.5,30,49024.1,150,0,138690
BANKNIFTY-III.NFO,03/03/2025,09:29:47,49040,49014.5,30,49023.2,120,0,138690
BANKNIFTY-III.NFO,03/03/2025,09:29:48,49014.5,49010,30,49016.65,120,30,138690
BANKNIFTY-III.NFO,03/03/2025,09:29:48,49014.5,49010,30,49016.65,120,0,138690
BANKNIFTY-III.NFO,03/03/2025,09:29:50,49016.65,49010,30,49020.25,120,30,138690
BANKNIFTY-III.NFO,03/03/2025,09:29:52,49010,49005,30,49009.9,90,30,138690
BANKNIFTY-III.NFO,03/03/2025,09:29:52,49010,49005,30,49009.9,90,0,138690
BANKNIFTY-III.NFO,03/03/2025,09:29:53,49010,49005,30,49011.6,90,0,138690
BANKNIFTY-III.NFO,03/03/2025,09:29:55,49005,49001,30,49007,90,30,138690
BANKNIFTY-III.NFO,03/03/2025,09:29:55,49005,49001,30,49007,90,0,138690
BANKNIFTY-III.NFO,03/03/2025,09:29:57,49005,49001,30,49006.2,90,0,138690
BANKNIFTY-III.NFO,03/03/2025,09:29:58,49005,49001,30,49014.45,120,0,138690
BANKNIFTY-III.NFO,03/03/2025,09:30:00,49005,49001,30,49013.5,150,0,138690
BANKNIFTY-III.NFO,03/03/2025,09:30:02,49005,49001.05,150,49018.65,90,0,138690
BANKNIFTY-III.NFO,03/03/2025,09:30:03,49005,49001.05,150,49024.2,90,0,138690
BANKNIFTY-III.NFO,03/03/2025,09:30:05,49005,49001.05,150,49026.85,90,0,138690
BANKNIFTY-III.NFO,03/03/2025,09:30:08,49005,49001.05,150,49028.25,90,0,138690
BANKNIFTY-III.NFO,03/03/2025,09:30:10,49005,49001.05,150,49021.4,90,0,138690
BANKNIFTY-III.NFO,03/03/2025,09:30:12,49005,49001.05,150,49019.8,120,0,138690
BANKNIFTY-III.NFO,03/03/2025,09:30:13,49000,49000,90,49013.9,90,90,138690
BANKNIFTY-III.NFO,03/03/2025,09:30:13,49000,49000,90,49013.9,90,0,138690
BANKNIFTY-III.NFO,03/03/2025,09:30:15,49000,49000,90,49000.95,90,0,138690
BANKNIFTY-III.NFO,03/03/2025,09:30:17,48995,48980.05,120,48997.4,90,120,138690
BANKNIFTY-III.NFO,03/03/2025,09:30:17,48995,48980.05,120,48997.4,90,0,138690
BANKNIFTY-III.NFO,03/03/2025,09:30:18,48995,48980.05,150,49001.15,30,0,138660
BANKNIFTY-III.NFO,03/03/2025,09:30:22,48995,48984.85,120,49018.15,90,0,138660
BANKNIFTY-III.NFO,03/03/2025,09:30:23,48995,49001.95,120,49028.3,30,0,138660
BANKNIFTY-III.NFO,03/03/2025,09:30:25,48995,49002.15,120,49028.3,30,0,138660
BANKNIFTY-III.NFO,03/03/2025,09:30:27,48995,49004.75,120,49029.25,90,0,138660
BANKNIFTY-III.NFO,03/03/2025,09:30:28,48995,49001.95,120,49024.8,90,0,138660
BANKNIFTY-III.NFO,03/03/2025,09:30:32,48995,49001.95,120,49026.15,90,0,138660
BANKNIFTY-III.NFO,03/03/2025,09:30:35,48995,49001.95,120,49026.85,90,0,138660
BANKNIFTY-III.NFO,03/03/2025,09:30:38,49001.95,49001.95,120,49026.85,120,30,138660
BANKNIFTY-III.NFO,03/03/2025,09:30:40,49001.95,49001.95,120,49029.25,120,0,138660
BANKNIFTY-III.NFO,03/03/2025,09:30:43,49001.95,48992.2,120,49024.5,120,0,138660
BANKNIFTY-III.NFO,03/03/2025,09:30:45,49001.95,48992.05,120,49023.8,120,0,138660
BANKNIFTY-III.NFO,03/03/2025,09:30:47,49001.95,48988,120,49022.35,120,0,138660
BANKNIFTY-III.NFO,03/03/2025,09:30:48,49001.95,48983.25,120,49017.75,120,0,138660
BANKNIFTY-III.NFO,03/03/2025,09:30:50,49001.95,48987.5,120,49022.35,120,0,138660
BANKNIFTY-III.NFO,03/03/2025,09:30:52,49001.95,48997.4,120,49024.5,120,0,138660
BANKNIFTY-III.NFO,03/03/2025,09:30:53,49001.95,49000.75,120,49029.25,120,0,138660
BANKNIFTY-III.NFO,03/03/2025,09:30:55,49001.95,49000.75,120,49028.3,120,0,138660
BANKNIFTY-III.NFO,03/03/2025,09:30:57,49001.95,49000.75,120,49028.25,120,0,138660
BANKNIFTY-III.NFO,03/03/2025,09:30:58,49001.95,49000.75,120,49025.1,120,0,138660
BANKNIFTY-III.NFO,03/03/2025,09:31:00,49001.95,49002.35,120,49029.25,120,0,138660
BANKNIFTY-III.NFO,03/03/2025,09:31:02,49001.95,49009.8,120,49035.1,120,0,138660
BANKNIFTY-III.NFO,03/03/2025,09:31:03,49001.95,49012.75,120,49036.25,120,0,138660
BANKNIFTY-III.NFO,03/03/2025,09:31:05,49001.95,49020.75,120,49043.05,120,0,138660
BANKNIFTY-III.NFO,03/03/2025,09:31:07,49001.95,49029.35,120,49050.3,120,0,138660
BANKNIFTY-III.NFO,03/03/2025,09:31:08,49001.95,49020.75,120,49045.85,120,0,138660
BANKNIFTY-III.NFO,03/03/2025,09:31:13,49001.95,49029.2,120,49053.35,120,0,138660
BANKNIFTY-III.NFO,03/03/2025,09:31:15,49001.95,49033.15,120,49055.9,30,0,138660
BANKNIFTY-III.NFO,03/03/2025,09:31:17,49001.95,49041.4,120,49064.65,30,0,138660
BANKNIFTY-III.NFO,03/03/2025,09:31:18,49001.95,49048.4,120,49069.05,120,0,138660
BANKNIFTY-III.NFO,03/03/2025,09:31:20,49001.95,49046.5,120,49069.05,120,0,138660
BANKNIFTY-III.NFO,03/03/2025,09:31:22,49001.95,49044.9,120,49069.05,120,0,138660
BANKNIFTY-III.NFO,03/03/2025,09:31:25,49001.95,49049,120,49072.65,120,0,138660
BANKNIFTY-III.NFO,03/03/2025,09:31:27,49001.95,49050.7,120,49074.15,120,0,138660
BANKNIFTY-III.NFO,03/03/2025,09:31:30,49001.95,49049,120,49073.8,120,0,138660
BANKNIFTY-III.NFO,03/03/2025,09:31:32,49001.95,49044.9,120,49073.1,120,0,138660
BANKNIFTY-III.NFO,03/03/2025,09:31:33,49001.95,49044.9,120,49070.1,120,0,138660
BANKNIFTY-III.NFO,03/03/2025,09:31:35,49001.95,49044.9,120,49069.3,120,0,138660
BANKNIFTY-III.NFO,03/03/2025,09:31:37,49001.95,49031.7,120,49054.6,150,0,138660
BANKNIFTY-III.NFO,03/03/2025,09:31:38,49001.95,49031.65,30,49054.6,150,0,138660
BANKNIFTY-III.NFO,03/03/2025,09:31:40,49001.95,49031.35,120,49054.6,150,0,138660
BANKNIFTY-III.NFO,03/03/2025,09:31:41,49001.95,49031,120,49054.6,150,0,138660
BANKNIFTY-III.NFO,03/03/2025,09:31:45,49001.95,49028.65,120,49053.75,150,0,138660
BANKNIFTY-III.NFO,03/03/2025,09:31:46,49001.95,49028.65,120,49053.15,120,0,138660
BANKNIFTY-III.NFO,03/03/2025,09:31:51,49001.95,49024.65,120,49047.4,120,0,138660
BANKNIFTY-III.NFO,03/03/2025,09:31:53,49001.95,49022.4,120,49046.5,120,0,138660
BANKNIFTY-III.NFO,03/03/2025,09:31:59,49001.95,49021.6,120,49045.8,120,0,138660
BANKNIFTY-III.NFO,03/03/2025,09:32:01,49001.95,49022,30,49032.05,120,0,138660
BANKNIFTY-III.NFO,03/03/2025,09:32:03,49001.95,49022,30,49033.45,150,0,138660
BANKNIFTY-III.NFO,03/03/2025,09:32:04,49001.95,49022,30,49028.55,120,0,138660
BANKNIFTY-III.NFO,03/03/2025,09:32:06,49001.95,49022,30,49026.25,120,0,138660
BANKNIFTY-III.NFO,03/03/2025,09:32:07,49022,49001.6,120,49024.3,120,30,138660
BANKNIFTY-III.NFO,03/03/2025,09:32:09,49022,49001.6,120,49025.95,120,0,138660
BANKNIFTY-III.NFO,03/03/2025,09:32:11,49022,49001.6,120,49025.1,120,0,138660
BANKNIFTY-III.NFO,03/03/2025,09:32:12,49022,49001.6,120,49023.2,120,0,138660
BANKNIFTY-III.NFO,03/03/2025,09:32:14,49022,49002.2,120,49032.45,120,0,138660
BANKNIFTY-III.NFO,03/03/2025,09:32:16,49022,49006.65,120,49035.15,120,0,138660
BANKNIFTY-III.NFO,03/03/2025,09:32:17,49022,49004.05,120,49035.15,120,0,138660
BANKNIFTY-III.NFO,03/03/2025,09:32:19,49022,49001.6,120,49030.45,120,0,138660
BANKNIFTY-III.NFO,03/03/2025,09:32:21,49022,49001.6,120,49025.9,120,0,138660
BANKNIFTY-III.NFO,03/03/2025,09:32:24,49022,49005.55,120,49035.15,120,0,138660
BANKNIFTY-III.NFO,03/03/2025,09:32:27,49022,49007.6,120,49035.15,120,0,138660
BANKNIFTY-III.NFO,03/03/2025,09:32:29,49022,49006.2,120,49035.15,120,0,138660
BANKNIFTY-III.NFO,03/03/2025,09:32:30,49022,49005.55,120,49035.15,120,0,138660
BANKNIFTY-III.NFO,03/03/2025,09:32:32,49022,49001.6,120,49021.95,150,0,138660
BANKNIFTY-III.NFO,03/03/2025,09:32:33,49022,49001.6,120,49021.95,30,0,138660
BANKNIFTY-III.NFO,03/03/2025,09:32:35,49022,49001.6,120,49022,60,0,138660
BANKNIFTY-III.NFO,03/03/2025,09:32:37,49022,49003.3,120,49022,60,0,138660
BANKNIFTY-III.NFO,03/03/2025,09:32:38,49022,49003.3,120,49021.95,120,0,138660
BANKNIFTY-III.NFO,03/03/2025,09:32:40,49022,49003.3,120,49022,30,0,138660
BANKNIFTY-III.NFO,03/03/2025,09:32:42,49022,49007.75,120,49022,30,0,138660
BANKNIFTY-III.NFO,03/03/2025,09:32:45,49007.75,49009.3,30,49022,30,120,138660
BANKNIFTY-III.NFO,03/03/2025,09:32:47,49022,49016.75,150,49039.5,120,30,138660
BANKNIFTY-III.NFO,03/03/2025,09:32:48,49022,49023.45,30,49047.15,120,0,138660
BANKNIFTY-III.NFO,03/03/2025,09:32:52,49022,49026.15,30,49049.6,120,0,138660
BANKNIFTY-III.NFO,03/03/2025,09:32:53,49022,49032.4,150,49056.25,120,0,138660
BANKNIFTY-III.NFO,03/03/2025,09:32:55,49022,49039.8,30,49061.45,120,0,138660
BANKNIFTY-III.NFO,03/03/2025,09:32:57,49022,49039.8,30,49063.9,120,0,138660
BANKNIFTY-III.NFO,03/03/2025,09:32:58,49022,49043.15,150,49066.35,120,0,138660
BANKNIFTY-III.NFO,03/03/2025,09:33:00,49022,49046.75,30,49074.05,120,0,138660
BANKNIFTY-III.NFO,03/03/2025,09:33:02,49022,49066.35,60,49077.6,120,0,138660
BANKNIFTY-III.NFO,03/03/2025,09:33:03,49022,49066.35,60,49074.75,120,0,138660
BANKNIFTY-III.NFO,03/03/2025,09:33:05,49066.35,49038.55,30,49062.1,120,60,138660
BANKNIFTY-III.NFO,03/03/2025,09:33:07,49066.35,49035.6,30,49057.95,120,0,138660
BANKNIFTY-III.NFO,03/03/2025,09:33:09,49066.35,49020.5,30,49043.95,150,0,138660
BANKNIFTY-III.NFO,03/03/2025,09:33:10,49066.35,49019.25,30,49042.75,120,0,138660
BANKNIFTY-III.NFO,03/03/2025,09:33:12,49042.75,49019.3,60,49042.75,120,60,138660
BANKNIFTY-III.NFO,03/03/2025,09:33:14,49042.75,49018.3,60,49040.8,120,0,138660
BANKNIFTY-III.NFO,03/03/2025,09:33:15,49042.75,49015.3,60,49039.3,120,0,138660
BANKNIFTY-III.NFO,03/03/2025,09:33:17,49042.75,49010.2,60,49035.3,120,0,138660
BANKNIFTY-III.NFO,03/03/2025,09:33:19,49042.75,49009.35,60,49034.05,120,0,138660
BANKNIFTY-III.NFO,03/03/2025,09:33:20,49042.75,49007.75,60,49031.65,120,0,138660
BANKNIFTY-III.NFO,03/03/2025,09:33:24,49042.75,49007.85,60,49031.65,120,0,138660
BANKNIFTY-III.NFO,03/03/2025,09:33:25,49042.75,49008.85,60,49032.25,120,0,138660
BANKNIFTY-III.NFO,03/03/2025,09:33:27,49042.75,49009.7,60,49033.25,120,0,138660
BANKNIFTY-III.NFO,03/03/2025,09:33:30,49042.75,49010.2,60,49036.6,120,0,138660
BANKNIFTY-III.NFO,03/03/2025,09:33:34,49042.75,49009.7,60,49033.95,120,0,138660
BANKNIFTY-III.NFO,03/03/2025,09:33:37,49042.75,49013.6,60,49037.65,120,0,138660
BANKNIFTY-III.NFO,03/03/2025,09:33:39,49042.75,49014.7,60,49037.65,120,0,138660
BANKNIFTY-III.NFO,03/03/2025,09:33:49,49042.75,49021.95,90,49044.55,120,0,138660
BANKNIFTY-III.NFO,03/03/2025,09:33:54,49042.75,49021.95,90,49046,120,0,138660
BANKNIFTY-III.NFO,03/03/2025,09:33:59,49042.75,49023.9,60,49047.85,120,0,138660
BANKNIFTY-III.NFO,03/03/2025,09:34:00,49042.75,49025.55,60,49050.05,120,0,138660
BANKNIFTY-III.NFO,03/03/2025,09:34:04,49042.75,49027.65,60,49051.15,120,0,138660
BANKNIFTY-III.NFO,03/03/2025,09:34:05,49027.65,49027.65,30,49051.15,120,30,138720
BANKNIFTY-III.NFO,03/03/2025,09:34:07,49027.65,49027.65,30,49051.15,120,0,138720
BANKNIFTY-III.NFO,03/03/2025,09:34:14,49027.65,49028.1,30,49052.95,120,0,138720
BANKNIFTY-III.NFO,03/03/2025,09:34:15,49027.65,49029.8,30,49053.35,120,0,138720
BANKNIFTY-III.NFO,03/03/2025,09:34:17,49027.65,49034.2,30,49056.15,120,0,138720
BANKNIFTY-III.NFO,03/03/2025,09:34:19,49027.65,49038.35,30,49059.2,120,0,138720
BANKNIFTY-III.NFO,03/03/2025,09:34:20,49027.65,49043.95,30,49064.45,120,0,138720
BANKNIFTY-III.NFO,03/03/2025,09:34:22,49027.65,49040.1,30,49064.4,120,0,138720
BANKNIFTY-III.NFO,03/03/2025,09:34:27,49027.65,49030.5,30,49055.5,150,0,138720
BANKNIFTY-III.NFO,03/03/2025,09:34:29,49027.65,49028.65,30,49051.6,420,0,138720
BANKNIFTY-III.NFO,03/03/2025,09:34:30,49027.65,49027.1,30,49049.95,120,0,138720
BANKNIFTY-III.NFO,03/03/2025,09:34:32,49027.65,49018.2,30,49042.1,120,0,138720
BANKNIFTY-III.NFO,03/03/2025,09:34:37,49027.65,49018.95,30,49042.1,120,0,138720
BANKNIFTY-III.NFO,03/03/2025,09:34:39,49027.65,49019.75,30,49044.15,120,0,138720
BANKNIFTY-III.NFO,03/03/2025,09:34:40,49027.65,49022.15,30,49046.8,120,0,138720
BANKNIFTY-III.NFO,03/03/2025,09:34:44,49027.65,49023.5,30,49046.8,120,0,138720
BANKNIFTY-III.NFO,03/03/2025,09:34:45,49027.65,49025.6,30,49049.95,120,0,138720
BANKNIFTY-III.NFO,03/03/2025,09:34:47,49027.65,49026.55,30,49050.6,120,0,138720
BANKNIFTY-III.NFO,03/03/2025,09:34:49,49027.65,49019.75,30,49044.7,120,0,138720
BANKNIFTY-III.NFO,03/03/2025,09:34:50,49027.65,49019.75,30,49043.05,120,0,138720
BANKNIFTY-III.NFO,03/03/2025,09:34:52,49019.75,49018.9,30,49040.95,120,30,138720
BANKNIFTY-III.NFO,03/03/2025,09:34:54,49019.75,49018.9,30,49040.95,120,0,138720
BANKNIFTY-III.NFO,03/03/2025,09:34:55,49019.75,49014.65,30,49039,120,0,138720
BANKNIFTY-III.NFO,03/03/2025,09:34:57,49019.75,49010,60,49032.25,270,0,138720
BANKNIFTY-III.NFO,03/03/2025,09:34:59,49019.75,49010,60,49030.85,150,0,138720
BANKNIFTY-III.NFO,03/03/2025,09:35:00,49019.75,49010,60,49030.05,120,0,138720
BANKNIFTY-III.NFO,03/03/2025,09:35:04,49019.75,49010,30,49019.9,120,0,138720
BANKNIFTY-III.NFO,03/03/2025,09:35:05,49019.75,49010,30,49023.25,120,0,138720
BANKNIFTY-III.NFO,03/03/2025,09:35:07,49019.75,49005,300,49022.15,150,0,138720
BANKNIFTY-III.NFO,03/03/2025,09:35:09,49019.75,49005,330,49024.5,120,0,138720
BANKNIFTY-III.NFO,03/03/2025,09:35:10,49019.75,49005,330,49020.65,120,0,138720
BANKNIFTY-III.NFO,03/03/2025,09:35:12,49019.75,49005,330,49021.05,120,0,138720
BANKNIFTY-III.NFO,03/03/2025,09:35:14,49019.75,49005,300,49019.75,150,0,138720
BANKNIFTY-III.NFO,03/03/2025,09:35:15,49019.75,49005,300,49013.1,150,0,138720
BANKNIFTY-III.NFO,03/03/2025,09:35:17,49019.75,49005,300,49011.4,120,0,138720
BANKNIFTY-III.NFO,03/03/2025,09:35:19,49019.75,49005,330,49019.45,120,0,138720
BANKNIFTY-III.NFO,03/03/2025,09:35:20,49019.75,49005,330,49025.85,120,0,138720
BANKNIFTY-III.NFO,03/03/2025,09:35:22,49019.75,49005,330,49029.15,120,0,138720
BANKNIFTY-III.NFO,03/03/2025,09:35:24,49019.75,49005,330,49030.8,120,0,138720
BANKNIFTY-III.NFO,03/03/2025,09:35:29,49019.75,49011.45,30,49034.15,120,0,138720
BANKNIFTY-III.NFO,03/03/2025,09:35:30,49019.75,49011.45,30,49037.3,120,0,138720
BANKNIFTY-III.NFO,03/03/2025,09:35:32,49019.75,49011.45,30,49035.85,120,0,138720
BANKNIFTY-III.NFO,03/03/2025,09:35:34,49019.75,49005,330,49029.85,120,0,138720
BANKNIFTY-III.NFO,03/03/2025,09:35:35,49019.75,49008.3,30,49033.55,30,0,138720
BANKNIFTY-III.NFO,03/03/2025,09:35:37,49019.75,49009.3,30,49033.5,120,0,138720
BANKNIFTY-III.NFO,03/03/2025,09:35:40,49019.75,49010.6,90,49038.7,30,0,138720
BANKNIFTY-III.NFO,03/03/2025,09:35:42,49019.75,49018.35,30,49042.3,120,0,138720
BANKNIFTY-III.NFO,03/03/2025,09:35:47,49019.75,49019.9,30,49042.7,30,0,138720
BANKNIFTY-III.NFO,03/03/2025,09:35:49,49019.75,49019.9,30,49042.65,120,0,138720
BANKNIFTY-III.NFO,03/03/2025,09:35:59,49019.75,49010,90,49039.3,120,0,138720
BANKNIFTY-III.NFO,03/03/2025,09:36:00,49019.75,49010,120,49034.95,120,0,138720
BANKNIFTY-III.NFO,03/03/2025,09:36:02,49019.75,49010,120,49028.5,120,0,138720
BANKNIFTY-III.NFO,03/03/2025,09:36:05,49019.75,49010,120,49030.75,120,0,138720
BANKNIFTY-III.NFO,03/03/2025,09:36:09,49019.75,49010,90,49026.3,120,0,138720
BANKNIFTY-III.NFO,03/03/2025,09:36:10,49019.75,49010,90,49021.15,120,0,138720
BANKNIFTY-III.NFO,03/03/2025,09:36:12,49019.75,49010,90,49015.25,150,0,138720
BANKNIFTY-III.NFO,03/03/2025,09:36:14,49019.75,49010,90,49014.45,150,0,138720
BANKNIFTY-III.NFO,03/03/2025,09:36:15,49019.75,49010,90,49013,300,0,138720
BANKNIFTY-III.NFO,03/03/2025,09:36:17,49010,49005,300,49014.65,150,90,138720
BANKNIFTY-III.NFO,03/03/2025,09:36:19,49015.65,49000,120,49017.15,120,300,138780
BANKNIFTY-III.NFO,03/03/2025,09:36:20,49015.65,49000,120,49011,150,0,138780
BANKNIFTY-III.NFO,03/03/2025,09:36:22,49015.65,49000,120,49015.55,120,0,138780
BANKNIFTY-III.NFO,03/03/2025,09:36:24,49015.65,49000,150,49019.1,120,0,138780
BANKNIFTY-III.NFO,03/03/2025,09:36:25,49015.65,49000,120,49011.2,150,0,138780
BANKNIFTY-III.NFO,03/03/2025,09:36:27,49015.65,49000,120,49010.8,150,0,138780
BANKNIFTY-III.NFO,03/03/2025,09:36:29,49015.65,49000,120,49006.9,150,0,138780
BANKNIFTY-III.NFO,03/03/2025,09:36:30,48990,48965.7,120,48983.85,30,270,138780
BANKNIFTY-III.NFO,03/03/2025,09:36:30,48990,48965.7,120,48983.85,30,0,138780
BANKNIFTY-III.NFO,03/03/2025,09:36:32,48990,48965.7,120,48987.7,30,0,138780
BANKNIFTY-III.NFO,03/03/2025,09:36:34,48984.75,48965.7,120,48987.1,30,30,138780
BANKNIFTY-III.NFO,03/03/2025,09:36:34,48984.75,48965.7,120,48987.1,30,0,138780
BANKNIFTY-III.NFO,03/03/2025,09:36:35,48984.75,48965.65,180,48981.7,30,0,138780
BANKNIFTY-III.NFO,03/03/2025,09:36:37,48984.75,48965.65,180,48984.1,30,0,138780
BANKNIFTY-III.NFO,03/03/2025,09:36:39,48984.75,48965.7,120,48982.3,150,0,138780
BANKNIFTY-III.NFO,03/03/2025,09:36:40,48984.75,48965.65,150,48978.6,150,0,138780
BANKNIFTY-III.NFO,03/03/2025,09:36:42,48984.75,48965.7,150,48987.1,30,0,138780
BANKNIFTY-III.NFO,03/03/2025,09:36:44,48984.75,48987.1,30,48988.55,150,0,138780
BANKNIFTY-III.NFO,03/03/2025,09:36:45,48987.1,48965.7,150,48982.55,30,30,138780
BANKNIFTY-III.NFO,03/03/2025,09:36:47,48987.1,48965.7,150,48986.2,180,0,138780
BANKNIFTY-III.NFO,03/03/2025,09:36:49,48987.1,48965.7,150,48990.05,30,0,138780
BANKNIFTY-III.NFO,03/03/2025,09:36:50,48987.1,48965.7,150,48984.5,30,0,138780
BANKNIFTY-III.NFO,03/03/2025,09:36:52,48987.1,48965.7,150,48989.25,30,0,138780
BANKNIFTY-III.NFO,03/03/2025,09:36:54,48987.1,48964,120,48984.9,150,0,138780
BANKNIFTY-III.NFO,03/03/2025,09:36:55,48987.1,48955.2,120,48974.4,150,0,138780
BANKNIFTY-III.NFO,03/03/2025,09:36:57,48987.1,48953.5,120,48972.9,30,0,138780
BANKNIFTY-III.NFO,03/03/2025,09:36:59,48987.1,48953.5,120,48976.75,30,0,138780
BANKNIFTY-III.NFO,03/03/2025,09:37:00,48987.1,48957.3,120,48985,30,0,138780
BANKNIFTY-III.NFO,03/03/2025,09:37:02,48987.1,48973.4,120,48999.7,30,0,138780
BANKNIFTY-III.NFO,03/03/2025,09:37:04,48987.1,48981.35,120,49006,30,0,138780
BANKNIFTY-III.NFO,03/03/2025,09:37:07,48987.1,48973.4,120,48997.15,180,0,138780
BANKNIFTY-III.NFO,03/03/2025,09:37:09,48987.1,48959.1,120,48992.05,150,0,138780
BANKNIFTY-III.NFO,03/03/2025,09:37:10,48987.1,48957.2,120,48992.65,150,0,138780
BANKNIFTY-III.NFO,03/03/2025,09:37:12,48987.1,48953.5,120,48986.75,150,0,138780
BANKNIFTY-III.NFO,03/03/2025,09:37:14,48987.1,48956.55,120,48989.85,150,0,138780
BANKNIFTY-III.NFO,03/03/2025,09:37:15,48987.1,48953.5,120,48980.6,150,0,138780
BANKNIFTY-III.NFO,03/03/2025,09:37:17,48980,48950.7,120,48971.55,150,30,138780
BANKNIFTY-III.NFO,03/03/2025,09:37:17,48980,48950.7,120,48971.55,150,0,138780
BANKNIFTY-III.NFO,03/03/2025,09:37:19,48980,48950.05,120,48969.45,30,0,138780
BANKNIFTY-III.NFO,03/03/2025,09:37:20,48980,48950,30,48964,30,0,138780
BANKNIFTY-III.NFO,03/03/2025,09:37:22,48980,48950,30,48960.85,120,0,138780
BANKNIFTY-III.NFO,03/03/2025,09:37:24,48980,48950,60,48966.85,120,0,138780
BANKNIFTY-III.NFO,03/03/2025,09:37:26,48980,48950,30,48951.1,120,0,138780
BANKNIFTY-III.NFO,03/03/2025,09:37:27,48950,48930.8,120,48950.4,30,30,138780
BANKNIFTY-III.NFO,03/03/2025,09:37:27,48950,48930.8,120,48950.4,30,0,138780
BANKNIFTY-III.NFO,03/03/2025,09:37:29,48950,48930.8,120,48958.7,120,0,138780
BANKNIFTY-III.NFO,03/03/2025,09:37:31,48950,48923.1,120,48941.8,30,0,138780
BANKNIFTY-III.NFO,03/03/2025,09:37:32,48950,48922.45,120,48942.55,30,0,138780
BANKNIFTY-III.NFO,03/03/2025,09:37:34,48950,48922.5,120,48942.55,30,0,138780
BANKNIFTY-III.NFO,03/03/2025,09:37:36,48950,48922.5,120,48944.15,120,0,138780
BANKNIFTY-III.NFO,03/03/2025,09:37:37,48950,48914.8,120,48937.95,30,0,138780
BANKNIFTY-III.NFO,03/03/2025,09:37:39,48950,48910.85,120,48922.5,60,0,138780
BANKNIFTY-III.NFO,03/03/2025,09:37:41,48950,48908.9,120,48922.5,60,0,138780
BANKNIFTY-III.NFO,03/03/2025,09:37:44,48950,48910.6,120,48922.5,60,0,138780
BANKNIFTY-III.NFO,03/03/2025,09:37:46,48922.5,48910.6,120,48933.15,30,60,138780
BANKNIFTY-III.NFO,03/03/2025,09:37:46,48922.5,48910.6,120,48933.15,30,0,138780
BANKNIFTY-III.NFO,03/03/2025,09:37:47,48922.5,48910.6,120,48940.4,30,0,138780
BANKNIFTY-III.NFO,03/03/2025,09:37:49,48910.7,48917.55,120,48943.7,30,30,138780
BANKNIFTY-III.NFO,03/03/2025,09:37:49,48910.7,48917.55,120,48943.7,30,0,138780
BANKNIFTY-III.NFO,03/03/2025,09:37:51,48910.7,48917.55,120,48945.75,30,0,138780
BANKNIFTY-III.NFO,03/03/2025,09:37:52,48910.7,48917.55,120,48945.05,30,0,138780
BANKNIFTY-III.NFO,03/03/2025,09:37:54,48956.85,48932.55,120,48968.65,150,150,138780
BANKNIFTY-III.NFO,03/03/2025,09:37:56,48956.85,48937.95,120,48977.2,150,0,138780
BANKNIFTY-III.NFO,03/03/2025,09:37:57,48956.85,48939,120,48980.25,150,0,138780
BANKNIFTY-III.NFO,03/03/2025,09:37:59,48956.85,48940.4,120,48980.5,150,0,138780
BANKNIFTY-III.NFO,03/03/2025,09:38:01,48956.85,48950.55,120,48987.8,150,0,138780
BANKNIFTY-III.NFO,03/03/2025,09:38:02,48956.85,48946.1,120,48979.5,90,0,138780
BANKNIFTY-III.NFO,03/03/2025,09:38:04,48956.85,48947.1,180,48987.35,150,0,138780
BANKNIFTY-III.NFO,03/03/2025,09:38:06,48956.85,48946.55,120,48984.7,150,0,138780
BANKNIFTY-III.NFO,03/03/2025,09:38:07,48956.85,48950.75,120,48987.35,150,0,138780
BANKNIFTY-III.NFO,03/03/2025,09:38:09,48995.25,48953.7,120,48995.25,150,30,138780
BANKNIFTY-III.NFO,03/03/2025,09:38:11,48995.25,48949.2,120,48994.5,150,0,138780
BANKNIFTY-III.NFO,03/03/2025,09:38:12,48995.25,48949.55,120,48989.95,150,0,138780
BANKNIFTY-III.NFO,03/03/2025,09:38:14,48995.25,48950.85,120,48987.55,150,0,138780
BANKNIFTY-III.NFO,03/03/2025,09:38:16,48995.25,48946.45,120,48987.4,150,0,138780
BANKNIFTY-III.NFO,03/03/2025,09:38:17,48995.25,48936.45,120,48968.2,90,0,138780
BANKNIFTY-III.NFO,03/03/2025,09:38:19,48995.25,48943.3,120,48981.7,150,0,138780
BANKNIFTY-III.NFO,03/03/2025,09:38:21,48995.25,48946.65,120,48983.15,150,0,138780
BANKNIFTY-III.NFO,03/03/2025,09:38:22,48995.25,48948.5,120,48986.05,150,0,138780
BANKNIFTY-III.NFO,03/03/2025,09:38:24,48988.3,48950.25,120,48987.45,90,60,138780
BANKNIFTY-III.NFO,03/03/2025,09:38:26,48988.3,48952.15,120,48988.9,90,0,138780
BANKNIFTY-III.NFO,03/03/2025,09:38:27,48988.3,48954.45,120,48989.35,30,0,138780
BANKNIFTY-III.NFO,03/03/2025,09:38:29,48988.3,48950.7,120,48989.35,30,0,138780
BANKNIFTY-III.NFO,03/03/2025,09:38:31,48988.3,48952.95,180,48990.8,90,0,138780
BANKNIFTY-III.NFO,03/03/2025,09:38:32,48988.3,48952.2,120,48988.7,90,0,138780
BANKNIFTY-III.NFO,03/03/2025,09:38:34,48988.3,48955.2,120,48986.85,90,0,138780
BANKNIFTY-III.NFO,03/03/2025,09:38:35,48988.3,48956.6,120,48993.35,90,0,138780
BANKNIFTY-III.NFO,03/03/2025,09:38:37,48988.3,48957.05,120,48993.95,90,0,138780
BANKNIFTY-III.NFO,03/03/2025,09:38:39,48988.3,48966.1,120,48999,30,0,138780
BANKNIFTY-III.NFO,03/03/2025,09:38:40,48988.3,48967.8,120,48999,30,0,138780
BANKNIFTY-III.NFO,03/03/2025,09:38:42,48988.3,48961.9,120,48999,30,0,138780
BANKNIFTY-III.NFO,03/03/2025,09:38:44,48988.3,48961,120,48994.55,90,0,138780
BANKNIFTY-III.NFO,03/03/2025,09:38:45,48988.3,48952.15,120,48997.15,90,0,138780
BANKNIFTY-III.NFO,03/03/2025,09:38:47,48988.3,48961.45,120,48998.35,90,0,138780
BANKNIFTY-III.NFO,03/03/2025,09:38:49,48988.3,48988,30,48999,30,0,138780
BANKNIFTY-III.NFO,03/03/2025,09:38:52,48988.3,48988.05,120,48999,30,0,138780
BANKNIFTY-III.NFO,03/03/2025,09:38:54,48988.3,48988,30,48998.75,30,0,138780
BANKNIFTY-III.NFO,03/03/2025,09:38:55,48988.3,48988,30,48988.3,30,0,138780
BANKNIFTY-III.NFO,03/03/2025,09:38:57,48988.3,48988.05,120,48999,30,30,138780
BANKNIFTY-III.NFO,03/03/2025,09:38:59,48988.3,48977.9,120,48999,30,0,138780
BANKNIFTY-III.NFO,03/03/2025,09:39:00,48988.3,48970.9,120,48997.7,150,0,138780
BANKNIFTY-III.NFO,03/03/2025,09:39:02,48988.3,48970.2,120,48999,30,0,138780
BANKNIFTY-III.NFO,03/03/2025,09:39:04,48988.3,48969.5,120,48995.45,150,0,138780
BANKNIFTY-III.NFO,03/03/2025,09:39:05,48988.3,48988.3,30,48996.2,90,0,138780
BANKNIFTY-III.NFO,03/03/2025,09:39:07,48988.3,48988.3,30,48996.95,150,0,138780
BANKNIFTY-III.NFO,03/03/2025,09:39:09,48988.3,48988.3,30,48991.7,90,0,138780
BANKNIFTY-III.NFO,03/03/2025,09:39:10,48988.3,48965.05,120,48987.4,60,30,138780
BANKNIFTY-III.NFO,03/03/2025,09:39:12,48988.3,48962.55,120,48983.95,60,0,138780
BANKNIFTY-III.NFO,03/03/2025,09:39:14,48988.3,48959.1,120,48985.75,150,0,138780
BANKNIFTY-III.NFO,03/03/2025,09:39:15,48988.3,48959.2,120,48980.15,60,0,138780
BANKNIFTY-III.NFO,03/03/2025,09:39:17,48988.3,48959.2,120,48983.95,60,0,138780
BANKNIFTY-III.NFO,03/03/2025,09:39:19,48988.3,48959.2,120,48984.45,60,0,138780
BANKNIFTY-III.NFO,03/03/2025,09:39:20,48988.3,48959.2,120,48983.9,60,0,138780
BANKNIFTY-III.NFO,03/03/2025,09:39:22,48988.3,48959.2,120,48983.2,60,0,138780
BANKNIFTY-III.NFO,03/03/2025,09:39:24,48988.3,48959.2,120,48987.1,60,0,138780
BANKNIFTY-III.NFO,03/03/2025,09:39:26,48988.3,48959.2,120,48983.3,60,0,138780
BANKNIFTY-III.NFO,03/03/2025,09:39:27,48988.3,48959.2,120,48983.45,60,0,138780
BANKNIFTY-III.NFO,03/03/2025,09:39:29,48988.3,48959.2,120,48985.8,60,0,138780
BANKNIFTY-III.NFO,03/03/2025,09:39:31,48988.3,48959.2,120,48989.25,60,0,138780
BANKNIFTY-III.NFO,03/03/2025,09:39:32,48988.3,48959.2,120,48991.3,60,0,138780
BANKNIFTY-III.NFO,03/03/2025,09:39:34,48988.3,48960.9,120,48992.75,60,0,138780
BANKNIFTY-III.NFO,03/03/2025,09:39:35,48988.3,48960.9,120,48994.2,60,0,138780
BANKNIFTY-III.NFO,03/03/2025,09:39:37,48988.3,48963.95,120,48997.25,60,0,138780
BANKNIFTY-III.NFO,03/03/2025,09:39:39,48988.3,48963.7,120,48997.4,60,0,138780
BANKNIFTY-III.NFO,03/03/2025,09:39:40,48988.3,48962.25,120,48994.95,60,0,138780
BANKNIFTY-III.NFO,03/03/2025,09:39:42,48988.3,48964.7,120,48998.95,60,0,138780
BANKNIFTY-III.NFO,03/03/2025,09:39:44,48966.25,48967.95,120,48998.95,30,30,138420
BANKNIFTY-III.NFO,03/03/2025,09:39:45,48966.25,48970.05,120,48998.95,30,0,138420
BANKNIFTY-III.NFO,03/03/2025,09:39:47,48966.25,48974.95,120,48999,30,0,138420
BANKNIFTY-III.NFO,03/03/2025,09:39:49,48966.25,48977.05,150,48999,30,0,138420
BANKNIFTY-III.NFO,03/03/2025,09:39:50,48966.25,48977.05,150,48998.95,30,0,138420
BANKNIFTY-III.NFO,03/03/2025,09:39:52,48966.25,48977.05,150,48999,30,0,138420
BANKNIFTY-III.NFO,03/03/2025,09:39:57,48966.25,48978.2,120,48998.95,30,0,138420
BANKNIFTY-III.NFO,03/03/2025,09:39:59,48966.25,48978.2,120,48999,30,0,138420
BANKNIFTY-III.NFO,03/03/2025,09:40:00,48966.25,48978.2,120,48998.95,30,0,138420
BANKNIFTY-III.NFO,03/03/2025,09:40:02,48966.25,48974.95,120,48998.95,30,0,138420
BANKNIFTY-III.NFO,03/03/2025,09:40:05,48976.5,48976.5,90,48998.95,120,120,138420
BANKNIFTY-III.NFO,03/03/2025,09:40:07,48976.5,48976.5,90,48998.95,120,0,138420
BANKNIFTY-III.NFO,03/03/2025,09:40:10,48976.5,48974.6,90,48995.95,120,0,138420
BANKNIFTY-III.NFO,03/03/2025,09:40:12,48997.2,48960.8,120,48998.9,90,60,138420
BANKNIFTY-III.NFO,03/03/2025,09:40:13,48997.2,48965.75,120,48998.9,90,0,138420
BANKNIFTY-III.NFO,03/03/2025,09:40:15,48997.2,48966.2,120,48998.75,90,0,138420
BANKNIFTY-III.NFO,03/03/2025,09:40:17,48997.2,48961.45,120,48992.6,90,0,138420
BANKNIFTY-III.NFO,03/03/2025,09:40:18,48997.2,48966.45,120,48998.95,90,0,138420
BANKNIFTY-III.NFO,03/03/2025,09:40:20,48997.2,48968.6,120,48998.95,90,0,138420
BANKNIFTY-III.NFO,03/03/2025,09:40:22,48997.2,48966.5,180,48998.95,90,0,138420
BANKNIFTY-III.NFO,03/03/2025,09:40:23,48997.2,48966.5,120,48998.95,90,0,138420
BANKNIFTY-III.NFO,03/03/2025,09:40:25,48997.2,48968.2,120,48998.95,90,0,138420
BANKNIFTY-III.NFO,03/03/2025,09:40:27,48997.2,48965.85,120,48998.85,90,0,138420
BANKNIFTY-III.NFO,03/03/2025,09:40:28,48997.2,48966.8,120,48998.95,90,0,138420
BANKNIFTY-III.NFO,03/03/2025,09:40:30,48970.7,48968.95,120,48998.95,120,30,138420
BANKNIFTY-III.NFO,03/03/2025,09:40:32,48970.7,48968.2,120,48998.95,120,0,138420
BANKNIFTY-III.NFO,03/03/2025,09:40:33,48970.7,48966.7,120,48998.65,120,0,138420
BANKNIFTY-III.NFO,03/03/2025,09:40:35,48970.7,48965.7,120,48998.05,120,0,138420
BANKNIFTY-III.NFO,03/03/2025,09:40:37,48970.7,48965.05,120,48997.7,120,0,138420
BANKNIFTY-III.NFO,03/03/2025,09:40:38,48970.7,48964.25,120,48995.05,120,0,138420
BANKNIFTY-III.NFO,03/03/2025,09:40:40,48970.7,48959.2,120,48993.35,120,0,138420
BANKNIFTY-III.NFO,03/03/2025,09:40:42,48970.7,48961.2,60,48997.55,120,0,138420
BANKNIFTY-III.NFO,03/03/2025,09:40:43,48970.7,48962.75,120,48998.3,120,0,138420
BANKNIFTY-III.NFO,03/03/2025,09:40:45,48970.7,48970.85,120,48998.95,120,0,138420
BANKNIFTY-III.NFO,03/03/2025,09:40:47,48970.7,48961.45,120,48998.9,120,0,138420
BANKNIFTY-III.NFO,03/03/2025,09:40:48,48970.7,48966.8,120,48998.95,120,0,138420
BANKNIFTY-III.NFO,03/03/2025,09:40:50,48970.7,48969.15,120,48998.95,120,0,138420
BANKNIFTY-III.NFO,03/03/2025,09:40:52,48970.7,48972.8,120,48998.95,120,0,138420
BANKNIFTY-III.NFO,03/03/2025,09:40:53,48970.7,48984.65,120,48999,30,0,138420
BANKNIFTY-III.NFO,03/03/2025,09:40:55,48999,48995.25,120,49000,150,30,138420
BANKNIFTY-III.NFO,03/03/2025,09:40:57,49000,49001.05,120,49011,30,150,138420
BANKNIFTY-III.NFO,03/03/2025,09:40:58,49011,49008.65,120,49032.3,120,30,138420
BANKNIFTY-III.NFO,03/03/2025,09:41:00,49011,49013.1,120,49035.1,120,0,138420
BANKNIFTY-III.NFO,03/03/2025,09:41:03,49011,49008.65,120,49032.85,120,0,138420
BANKNIFTY-III.NFO,03/03/2025,09:41:05,49011,49000.4,120,49024.5,120,0,138420
BANKNIFTY-III.NFO,03/03/2025,09:41:07,49011,49001.45,120,49021.45,30,0,138420
BANKNIFTY-III.NFO,03/03/2025,09:41:08,49011,48991.85,120,49014.25,120,0,138420
BANKNIFTY-III.NFO,03/03/2025,09:41:10,49011,48989.1,120,49009.45,120,0,138420
BANKNIFTY-III.NFO,03/03/2025,09:41:17,49011,48989.1,120,49013.3,120,0,138420
BANKNIFTY-III.NFO,03/03/2025,09:41:18,49011,48998.45,120,49018.95,120,0,138420
BANKNIFTY-III.NFO,03/03/2025,09:41:20,49011,49001.75,120,49025.65,120,0,138420
BANKNIFTY-III.NFO,03/03/2025,09:41:22,49011,49007.5,120,49029.6,120,0,138420
BANKNIFTY-III.NFO,03/03/2025,09:41:23,49011,49010.7,120,49032.35,120,0,138420
BANKNIFTY-III.NFO,03/03/2025,09:41:25,49011,49008.45,120,49033.9,120,0,138420
BANKNIFTY-III.NFO,03/03/2025,09:41:27,49033.9,49011.05,120,49032.85,90,30,138420
BANKNIFTY-III.NFO,03/03/2025,09:41:28,49033.9,49008.45,120,49030.5,90,0,138420
BANKNIFTY-III.NFO,03/03/2025,09:41:33,49033.9,49018.35,150,49033,60,0,138420
BANKNIFTY-III.NFO,03/03/2025,09:41:35,49033.9,49006.7,120,49031.65,90,0,138420
BANKNIFTY-III.NFO,03/03/2025,09:41:37,49033.9,49001.75,120,49023.65,90,0,138420
BANKNIFTY-III.NFO,03/03/2025,09:41:38,49033.9,48998.45,120,49019.2,90,0,138420
BANKNIFTY-III.NFO,03/03/2025,09:41:42,49033.9,48997.35,120,49019.1,90,0,138420
BANKNIFTY-III.NFO,03/03/2025,09:41:44,49033.9,49003.1,120,49023.65,90,0,138420
BANKNIFTY-III.NFO,03/03/2025,09:41:45,49033.9,49004.45,120,49025.15,90,0,138420
BANKNIFTY-III.NFO,03/03/2025,09:41:47,49033.9,48998.45,120,49019.95,90,0,138420
BANKNIFTY-III.NFO,03/03/2025,09:41:50,49033.9,48996.05,120,49019.95,90,0,138420
BANKNIFTY-III.NFO,03/03/2025,09:41:52,49033.9,48996.05,120,49019.45,90,0,138420
BANKNIFTY-III.NFO,03/03/2025,09:41:54,49033.9,49000.6,150,49018.25,30,0,138420
BANKNIFTY-III.NFO,03/03/2025,09:41:55,49033.9,49004.95,120,49020,30,0,138420
BANKNIFTY-III.NFO,03/03/2025,09:41:57,49033.9,49002.35,120,49020,60,0,138420
BANKNIFTY-III.NFO,03/03/2025,09:41:59,49033.9,49000.7,30,49019.95,90,0,138420
BANKNIFTY-III.NFO,03/03/2025,09:42:00,49019.95,48996.65,120,49019.95,60,30,138420
BANKNIFTY-III.NFO,03/03/2025,09:42:02,49019.95,48999.4,120,49019.95,60,0,138420
BANKNIFTY-III.NFO,03/03/2025,09:42:09,49019.95,48996.65,120,49019.25,60,0,138420
BANKNIFTY-III.NFO,03/03/2025,09:42:12,49019.95,48989.05,150,49010.3,60,0,138420
BANKNIFTY-III.NFO,03/03/2025,09:42:14,49019.95,48989,60,49006.75,60,0,138420
BANKNIFTY-III.NFO,03/03/2025,09:42:15,49019.95,48989.05,120,49005.85,60,0,138420
BANKNIFTY-III.NFO,03/03/2025,09:42:17,49019.95,48989,30,49004.2,60,0,138420
BANKNIFTY-III.NFO,03/03/2025,09:42:19,49019.95,48989,60,49005.3,60,0,138420
BANKNIFTY-III.NFO,03/03/2025,09:42:20,49019.95,48989,30,49001.2,90,0,138420
BANKNIFTY-III.NFO,03/03/2025,09:42:22,49019.95,48989.05,120,49007.3,60,0,138420
BANKNIFTY-III.NFO,03/03/2025,09:42:24,49019.95,48989,60,49000,30,0,138420
BANKNIFTY-III.NFO,03/03/2025,09:42:25,49000,48989,30,49003.55,90,30,138450
BANKNIFTY-III.NFO,03/03/2025,09:42:27,49000,48989,30,49003.5,60,0,138450
BANKNIFTY-III.NFO,03/03/2025,09:42:29,49000,48989.05,120,49006.5,60,0,138450
BANKNIFTY-III.NFO,03/03/2025,09:42:30,49000,48989.05,120,49008.4,60,0,138450
BANKNIFTY-III.NFO,03/03/2025,09:42:32,49000,48989.05,120,49012.85,60,0,138450
BANKNIFTY-III.NFO,03/03/2025,09:42:34,49000,48989.05,150,49007.4,60,0,138450
BANKNIFTY-III.NFO,03/03/2025,09:42:35,49000,48989.05,150,49011.9,60,0,138450
BANKNIFTY-III.NFO,03/03/2025,09:42:37,49000,48989.05,150,49011.85,60,0,138450
BANKNIFTY-III.NFO,03/03/2025,09:42:42,49000,48989.5,120,49011.85,60,0,138450
BANKNIFTY-III.NFO,03/03/2025,09:42:44,49000,48989.5,120,49013.7,60,0,138450
BANKNIFTY-III.NFO,03/03/2025,09:42:45,49000,48989.05,150,49012.25,60,0,138450
BANKNIFTY-III.NFO,03/03/2025,09:42:47,49000,48989,30,49005.65,60,0,138450
BANKNIFTY-III.NFO,03/03/2025,09:42:49,49000,48989,30,49002.85,90,0,138450
BANKNIFTY-III.NFO,03/03/2025,09:42:50,49000,48989,30,49001.1,90,0,138450
BANKNIFTY-III.NFO,03/03/2025,09:42:52,49000,48989,30,48997.9,60,0,138450
BANKNIFTY-III.NFO,03/03/2025,09:42:54,49000,48989,30,48997.3,60,0,138450
BANKNIFTY-III.NFO,03/03/2025,09:42:55,49000,48989,30,48996.6,60,0,138450
BANKNIFTY-III.NFO,03/03/2025,09:42:57,49000,48989,30,48992.85,60,0,138450
BANKNIFTY-III.NFO,03/03/2025,09:42:59,48989,48960.35,120,48982.25,60,30,138450
BANKNIFTY-III.NFO,03/03/2025,09:43:00,48959.3,48959.3,120,48978,30,30,138450
BANKNIFTY-III.NFO,03/03/2025,09:43:02,48959.3,48959.3,120,48977.95,90,0,138450
BANKNIFTY-III.NFO,03/03/2025,09:43:04,48959.3,48956.2,120,48975.95,90,0,138450
BANKNIFTY-III.NFO,03/03/2025,09:43:05,48959.3,48951.65,120,48971.65,90,0,138450
BANKNIFTY-III.NFO,03/03/2025,09:43:07,48959.3,48951.65,120,48972.35,90,0,138450
BANKNIFTY-III.NFO,03/03/2025,09:43:09,48959.3,48951.65,120,48972.25,90,0,138450
BANKNIFTY-III.NFO,03/03/2025,09:43:14,48959.3,48951.65,120,48971.3,90,0,138450
BANKNIFTY-III.NFO,03/03/2025,09:43:15,48959.3,48955.1,120,48978.65,30,0,138450
BANKNIFTY-III.NFO,03/03/2025,09:43:17,48959.3,48956.6,120,48978.6,90,0,138450
BANKNIFTY-III.NFO,03/03/2025,09:43:19,48959.3,48960,120,48988.95,90,0,138450
BANKNIFTY-III.NFO,03/03/2025,09:43:20,48959.3,48967.05,180,48988.9,90,0,138450
BANKNIFTY-III.NFO,03/03/2025,09:43:22,48959.3,48967.05,120,48988.95,90,0,138450
BANKNIFTY-III.NFO,03/03/2025,09:43:24,48959.3,48969.55,120,48989,60,0,138450
BANKNIFTY-III.NFO,03/03/2025,09:43:25,48959.3,48975.15,120,48989,30,0,138450
BANKNIFTY-III.NFO,03/03/2025,09:43:27,48959.3,48972.6,120,48989,30,0,138450
BANKNIFTY-III.NFO,03/03/2025,09:43:29,48959.3,48967.4,120,48988.2,90,0,138450
BANKNIFTY-III.NFO,03/03/2025,09:43:30,48959.3,48965.2,120,48985.65,90,0,138450
BANKNIFTY-III.NFO,03/03/2025,09:43:37,48959.3,48957.95,150,48982.4,90,0,138450
BANKNIFTY-III.NFO,03/03/2025,09:43:39,48959.3,48959.05,120,48982.4,90,0,138450
BANKNIFTY-III.NFO,03/03/2025,09:43:40,48959.3,48963.15,120,48985,90,0,138450
BANKNIFTY-III.NFO,03/03/2025,09:43:42,48959.3,48963.15,120,48983.4,90,0,138450
BANKNIFTY-III.NFO,03/03/2025,09:43:45,48959.3,48959.05,120,48978.3,90,0,138450
BANKNIFTY-III.NFO,03/03/2025,09:43:49,48959.3,48956.6,120,48977.8,90,0,138450
BANKNIFTY-III.NFO,03/03/2025,09:43:50,48959.3,48951.65,120,48973.1,90,0,138450
BANKNIFTY-III.NFO,03/03/2025,09:43:52,48959.3,48951.65,120,48972.35,90,0,138450
BANKNIFTY-III.NFO,03/03/2025,09:43:55,48959.3,48950.25,120,48970.4,90,0,138450
BANKNIFTY-III.NFO,03/03/2025,09:43:59,48959.3,48953.25,120,48973.1,90,0,138450
BANKNIFTY-III.NFO,03/03/2025,09:44:00,48959.3,48950,30,48968.2,180,0,138450
BANKNIFTY-III.NFO,03/03/2025,09:44:02,48959.3,48950,30,48960.65,120,0,138450
BANKNIFTY-III.NFO,03/03/2025,09:44:04,48959.3,48950,30,48953.9,90,0,138450
BANKNIFTY-III.NFO,03/03/2025,09:44:05,48959.3,48950,30,48955.05,90,0,138450
BANKNIFTY-III.NFO,03/03/2025,09:44:07,48959.3,48950,30,48955.3,120,0,138450
BANKNIFTY-III.NFO,03/03/2025,09:44:09,48959.3,48950,30,48958.15,120,0,138450
BANKNIFTY-III.NFO,03/03/2025,09:44:10,48959.3,48950,30,48957.35,90,0,138450
BANKNIFTY-III.NFO,03/03/2025,09:44:12,48959.3,48950,30,48960.15,90,0,138450
BANKNIFTY-III.NFO,03/03/2025,09:44:14,48959.3,48950,30,48961.8,90,0,138450
BANKNIFTY-III.NFO,03/03/2025,09:44:15,48959.3,48950,30,48954.95,90,0,138450
BANKNIFTY-III.NFO,03/03/2025,09:44:17,48959.3,48950,30,48954.85,90,0,138450
BANKNIFTY-III.NFO,03/03/2025,09:44:19,48950,48935.3,120,48953.9,90,30,138450
BANKNIFTY-III.NFO,03/03/2025,09:44:20,48950,48934.55,120,48953.45,90,0,138450
BANKNIFTY-III.NFO,03/03/2025,09:44:24,48950,48929.05,120,48947.8,90,0,138450
BANKNIFTY-III.NFO,03/03/2025,09:44:25,48950,48925.9,120,48947.1,120,0,138450
BANKNIFTY-III.NFO,03/03/2025,09:44:27,48950,48919.9,120,48939.25,90,0,138450
BANKNIFTY-III.NFO,03/03/2025,09:44:29,48950,48919.9,120,48938.8,90,0,138450
BANKNIFTY-III.NFO,03/03/2025,09:44:30,48950,48919.9,120,48942.5,90,0,138450
BANKNIFTY-III.NFO,03/03/2025,09:44:32,48950,48916.85,120,48939.2,90,0,138450
BANKNIFTY-III.NFO,03/03/2025,09:44:34,48950,48914.75,120,48935.2,30,0,138450
BANKNIFTY-III.NFO,03/03/2025,09:44:35,48950,48915.75,120,48936,90,0,138450
BANKNIFTY-III.NFO,03/03/2025,09:44:37,48950,48912.05,150,48931.55,90,0,138450
BANKNIFTY-III.NFO,03/03/2025,09:44:39,48950,48912.05,150,48935.35,90,0,138450
BANKNIFTY-III.NFO,03/03/2025,09:44:40,48950,48913.8,120,48940.6,90,0,138450
BANKNIFTY-III.NFO,03/03/2025,09:44:44,48950,48912.05,120,48929.45,90,0,138450
BANKNIFTY-III.NFO,03/03/2025,09:44:45,48950,48912,300,48925.45,120,0,138450
BANKNIFTY-III.NFO,03/03/2025,09:44:47,48950,48912.05,150,48928.6,90,0,138450
BANKNIFTY-III.NFO,03/03/2025,09:44:49,48950,48912,300,48923.1,120,0,138450
BANKNIFTY-III.NFO,03/03/2025,09:44:50,48950,48912.05,150,48934.25,90,0,138450
BANKNIFTY-III.NFO,03/03/2025,09:44:52,48950,48912.05,150,48934.45,90,0,138450
BANKNIFTY-III.NFO,03/03/2025,09:44:54,48950,48912.05,150,48932,90,0,138450
BANKNIFTY-III.NFO,03/03/2025,09:44:55,48950,48912,300,48925.3,90,0,138450
BANKNIFTY-III.NFO,03/03/2025,09:44:57,48950,48912.05,120,48926.15,120,0,138450
BANKNIFTY-III.NFO,03/03/2025,09:44:59,48950,48912,300,48920.55,120,0,138450
BANKNIFTY-III.NFO,03/03/2025,09:45:00,48950,48912,300,48919.15,90,0,138450
BANKNIFTY-III.NFO,03/03/2025,09:45:02,48950,48912,300,48922.35,90,0,138450
BANKNIFTY-III.NFO,03/03/2025,09:45:04,48912.05,48912.05,90,48936.6,120,90,138450
BANKNIFTY-III.NFO,03/03/2025,09:45:05,48912.05,48912.05,90,48930.65,120,0,138450
BANKNIFTY-III.NFO,03/03/2025,09:45:07,48912.05,48912,300,48921.15,120,0,138450
BANKNIFTY-III.NFO,03/03/2025,09:45:09,48912.05,48912,300,48918.4,120,0,138450
BANKNIFTY-III.NFO,03/03/2025,09:45:10,48915.9,48912,270,48918.15,120,60,138450
BANKNIFTY-III.NFO,03/03/2025,09:45:12,48900,48900,150,48915.5,120,600,138450
BANKNIFTY-III.NFO,03/03/2025,09:45:12,48900,48900,150,48915.5,120,0,138450
BANKNIFTY-III.NFO,03/03/2025,09:45:14,48900,48875,60,48898.2,120,150,138450
BANKNIFTY-III.NFO,03/03/2025,09:45:15,48875,48875,30,48898.25,30,30,138450
BANKNIFTY-III.NFO,03/03/2025,09:45:15,48875,48875,30,48898.25,30,0,138450
BANKNIFTY-III.NFO,03/03/2025,09:45:17,48875,48875,30,48898.25,30,0,138450
BANKNIFTY-III.NFO,03/03/2025,09:45:19,48875,48879.25,60,48907.5,30,0,138450
BANKNIFTY-III.NFO,03/03/2025,09:45:20,48875,48882.65,30,48907.45,120,0,138450
BANKNIFTY-III.NFO,03/03/2025,09:45:24,48875,48883.05,30,48907.2,120,0,138450
BANKNIFTY-III.NFO,03/03/2025,09:45:25,48875,48877,30,48902.85,120,0,138450
BANKNIFTY-III.NFO,03/03/2025,09:45:27,48875,48876.65,30,48900.25,120,0,138450
BANKNIFTY-III.NFO,03/03/2025,09:45:29,48875,48875,30,48899.5,30,0,138450
BANKNIFTY-III.NFO,03/03/2025,09:45:30,48899.5,48876.75,30,48900.25,120,30,138390
BANKNIFTY-III.NFO,03/03/2025,09:45:32,48899.5,48875,30,48899.1,120,0,138390
BANKNIFTY-III.NFO,03/03/2025,09:45:39,48899.5,48870,60,48894,120,0,138390
BANKNIFTY-III.NFO,03/03/2025,09:45:40,48887.75,48870.05,30,48887.75,120,30,138390
BANKNIFTY-III.NFO,03/03/2025,09:45:42,48880.4,48870,30,48876.65,90,300,138390
BANKNIFTY-III.NFO,03/03/2025,09:45:44,48880.4,48870,30,48874.7,90,0,138390
BANKNIFTY-III.NFO,03/03/2025,09:45:45,48848.65,48848.75,30,48870.4,30,180,138390
BANKNIFTY-III.NFO,03/03/2025,09:45:45,48848.65,48848.75,30,48870.4,30,0,138390
BANKNIFTY-III.NFO,03/03/2025,09:45:47,48869.3,48838,930,48857.55,120,30,138390
BANKNIFTY-III.NFO,03/03/2025,09:45:49,48869.3,48838.05,90,48857.55,120,0,138390
BANKNIFTY-III.NFO,03/03/2025,09:45:50,48869.3,48838.05,90,48856.5,120,0,138390
BANKNIFTY-III.NFO,03/03/2025,09:45:52,48869.3,48838.05,90,48857.55,120,0,138390
BANKNIFTY-III.NFO,03/03/2025,09:45:54,48869.3,48838.05,90,48862.05,120,0,138390
BANKNIFTY-III.NFO,03/03/2025,09:45:55,48869.3,48838.05,90,48859.6,120,0,138390
BANKNIFTY-III.NFO,03/03/2025,09:45:57,48869.3,48838.05,90,48858,120,0,138390
BANKNIFTY-III.NFO,03/03/2025,09:45:59,48869.3,48838.05,90,48858.35,120,0,138390
BANKNIFTY-III.NFO,03/03/2025,09:46:00,48869.3,48838.05,90,48862.05,120,0,138390
BANKNIFTY-III.NFO,03/03/2025,09:46:02,48869.3,48841.15,60,48869.25,120,0,138390
BANKNIFTY-III.NFO,03/03/2025,09:46:04,48869.3,48852.85,60,48876.55,120,30,138390
BANKNIFTY-III.NFO,03/03/2025,09:46:05,48869.3,48853.3,60,48880.7,120,0,138390
BANKNIFTY-III.NFO,03/03/2025,09:46:07,48869.3,48855.95,60,48880.7,120,0,138390
BANKNIFTY-III.NFO,03/03/2025,09:46:09,48869.3,48856.5,60,48883.15,120,0,138390
BANKNIFTY-III.NFO,03/03/2025,09:46:10,48883.15,48856.5,90,48883.2,30,30,138390
BANKNIFTY-III.NFO,03/03/2025,09:46:12,48883.15,48858.35,90,48883.15,120,0,138390
BANKNIFTY-III.NFO,03/03/2025,09:46:20,48883.15,48858.9,90,48883.15,120,0,138390
BANKNIFTY-III.NFO,03/03/2025,09:46:22,48883.15,48862.2,90,48887.75,120,0,138390
BANKNIFTY-III.NFO,03/03/2025,09:46:24,48894,48881.2,120,48903.4,120,30,138390
BANKNIFTY-III.NFO,03/03/2025,09:46:25,48894,48881.2,120,48903.45,30,0,138390
BANKNIFTY-III.NFO,03/03/2025,09:46:27,48883.25,48884.5,90,48910.45,30,30,138390
BANKNIFTY-III.NFO,03/03/2025,09:46:29,48883.25,48887.7,90,48911.95,120,0,138390
BANKNIFTY-III.NFO,03/03/2025,09:46:30,48883.25,48890.45,90,48912,120,0,138390
BANKNIFTY-III.NFO,03/03/2025,09:46:32,48883.25,48887.7,90,48911.95,120,0,138390
BANKNIFTY-III.NFO,03/03/2025,09:46:34,48883.25,48884.5,90,48908.5,120,0,138390
BANKNIFTY-III.NFO,03/03/2025,09:46:37,48883.25,48884.5,90,48906.7,120,0,138390
BANKNIFTY-III.NFO,03/03/2025,09:46:39,48883.25,48881.2,90,48906.7,120,0,138390
BANKNIFTY-III.NFO,03/03/2025,09:46:41,48883.25,48887.5,90,48911.95,120,0,138390
BANKNIFTY-III.NFO,03/03/2025,09:46:44,48883.25,48883.6,30,48908.75,120,0,138390
BANKNIFTY-III.NFO,03/03/2025,09:46:46,48883.25,48881.2,90,48903.55,120,0,138390
BANKNIFTY-III.NFO,03/03/2025,09:46:47,48883.25,48884,90,48906.7,120,0,138390
BANKNIFTY-III.NFO,03/03/2025,09:46:52,48883.25,48883.95,30,48906.7,120,0,138390
BANKNIFTY-III.NFO,03/03/2025,09:46:54,48883.25,48884,90,48905.55,120,0,138390
BANKNIFTY-III.NFO,03/03/2025,09:46:56,48883.25,48883.3,90,48903.9,120,0,138390
BANKNIFTY-III.NFO,03/03/2025,09:46:57,48883.25,48883.35,90,48903.9,120,0,138390
BANKNIFTY-III.NFO,03/03/2025,09:46:59,48883.25,48883.35,90,48906.7,120,0,138390
BANKNIFTY-III.NFO,03/03/2025,09:47:01,48883.25,48883.25,90,48901,120,0,138390
BANKNIFTY-III.NFO,03/03/2025,09:47:02,48883.25,48883.25,90,48897.55,120,0,138390
BANKNIFTY-III.NFO,03/03/2025,09:47:04,48883.25,48883.25,90,48895.3,120,0,138390
BANKNIFTY-III.NFO,03/03/2025,09:47:06,48895.3,48883.3,150,48901,120,30,138390
BANKNIFTY-III.NFO,03/03/2025,09:47:07,48901,48883.25,90,48899.4,90,30,138390
BANKNIFTY-III.NFO,03/03/2025,09:47:09,48899.4,48883.25,90,48893.6,30,60,138390
BANKNIFTY-III.NFO,03/03/2025,09:47:11,48899.4,48883.25,120,48901,30,0,138390
BANKNIFTY-III.NFO,03/03/2025,09:47:12,48883.25,48883.25,60,48896.8,60,30,138390
BANKNIFTY-III.NFO,03/03/2025,09:47:14,48883.25,48883.25,60,48896.05,30,0,138390
BANKNIFTY-III.NFO,03/03/2025,09:47:16,48883.25,48883.25,60,48892.25,60,0,138390
BANKNIFTY-III.NFO,03/03/2025,09:47:17,48883.25,48883.25,60,48893.5,30,0,138390
BANKNIFTY-III.NFO,03/03/2025,09:47:19,48883.25,48883.25,60,48886.05,30,0,138390
BANKNIFTY-III.NFO,03/03/2025,09:47:21,48883.25,48883.25,60,48892.55,30,0,138390
BANKNIFTY-III.NFO,03/03/2025,09:47:22,48883.25,48883.25,60,48895.3,60,0,138390
BANKNIFTY-III.NFO,03/03/2025,09:47:24,48895.2,48883.25,60,48894.1,180,30,138390
BANKNIFTY-III.NFO,03/03/2025,09:47:26,48895.2,48883.25,60,48891.3,180,0,138390
BANKNIFTY-III.NFO,03/03/2025,09:47:27,48895.2,48883.25,60,48894.9,180,0,138390
BANKNIFTY-III.NFO,03/03/2025,09:47:29,48892,48883.25,60,48890.6,90,30,138390
BANKNIFTY-III.NFO,03/03/2025,09:47:31,48892,48883.25,60,48887.65,180,0,138390
BANKNIFTY-III.NFO,03/03/2025,09:47:32,48883.25,48864.5,120,48881.95,180,60,138390
BANKNIFTY-III.NFO,03/03/2025,09:47:34,48883.25,48861.6,120,48881.95,30,0,138390
BANKNIFTY-III.NFO,03/03/2025,09:47:37,48883.25,48859.85,120,48881.95,30,0,138390
BANKNIFTY-III.NFO,03/03/2025,09:47:42,48883.25,48860.35,120,48891.6,30,60,138390
BANKNIFTY-III.NFO,03/03/2025,09:47:44,48891.6,48867.45,120,48892,30,30,138390
BANKNIFTY-III.NFO,03/03/2025,09:47:45,48891.6,48869,120,48893.05,30,0,138390
BANKNIFTY-III.NFO,03/03/2025,09:47:47,48891.6,48872.7,120,48896.75,30,0,138390
BANKNIFTY-III.NFO,03/03/2025,09:47:50,48891.6,48869.5,120,48892.2,60,0,138390
BANKNIFTY-III.NFO,03/03/2025,09:47:52,48891.6,48867.45,120,48888.45,180,0,138390
BANKNIFTY-III.NFO,03/03/2025,09:47:54,48891.6,48860.35,120,48888.45,180,0,138390
BANKNIFTY-III.NFO,03/03/2025,09:47:55,48891.6,48860.35,120,48888.45,30,0,138390
BANKNIFTY-III.NFO,03/03/2025,09:47:57,48891.6,48858.45,120,48884.95,180,0,138390
BANKNIFTY-III.NFO,03/03/2025,09:47:59,48891.6,48857.05,120,48881.05,30,0,138390
BANKNIFTY-III.NFO,03/03/2025,09:48:00,48891.6,48854.6,120,48877.95,30,0,138390
BANKNIFTY-III.NFO,03/03/2025,09:48:02,48877.95,48854.6,120,48879.15,30,30,138390
BANKNIFTY-III.NFO,03/03/2025,09:48:04,48877.95,48856.25,120,48881.85,30,0,138390
BANKNIFTY-III.NFO,03/03/2025,09:48:07,48877.95,48853.2,120,48874.55,180,0,138390
BANKNIFTY-III.NFO,03/03/2025,09:48:09,48877.95,48851.6,120,48873.9,30,0,138390
BANKNIFTY-III.NFO,03/03/2025,09:48:12,48870.95,48850.05,120,48870.95,30,30,138390
BANKNIFTY-III.NFO,03/03/2025,09:48:14,48870.95,48850.05,120,48870.95,30,0,138390
BANKNIFTY-III.NFO,03/03/2025,09:48:16,48870.95,48850.05,150,48870.95,30,0,138390
BANKNIFTY-III.NFO,03/03/2025,09:48:19,48870.95,48850.05,150,48870.35,30,0,138390
BANKNIFTY-III.NFO,03/03/2025,09:48:22,48873.55,48851.95,120,48884.95,30,60,138000
BANKNIFTY-III.NFO,03/03/2025,09:48:24,48873.55,48850.1,120,48884.95,30,0,138000
BANKNIFTY-III.NFO,03/03/2025,09:48:26,48873.55,48852.05,120,48881.85,60,0,138000
BANKNIFTY-III.NFO,03/03/2025,09:48:27,48870,48870,90,48870.9,90,30,138000
BANKNIFTY-III.NFO,03/03/2025,09:48:29,48870,48870,90,48873.95,150,0,138000
BANKNIFTY-III.NFO,03/03/2025,09:48:31,48870,48870,90,48878.9,180,0,138000
BANKNIFTY-III.NFO,03/03/2025,09:48:32,48870,48870,60,48876.2,30,30,138000
BANKNIFTY-III.NFO,03/03/2025,09:48:34,48870,48870,60,48875.6,180,0,138000
BANKNIFTY-III.NFO,03/03/2025,09:48:36,48870,48870,60,48879.5,180,0,138000
BANKNIFTY-III.NFO,03/03/2025,09:48:37,48870,48870,60,48879.9,180,0,138000
BANKNIFTY-III.NFO,03/03/2025,09:48:39,48870,48870,60,48882.8,30,0,138000
BANKNIFTY-III.NFO,03/03/2025,09:48:41,48870,48870,60,48881.35,30,0,138000
BANKNIFTY-III.NFO,03/03/2025,09:48:42,48881.35,48870,60,48883.95,30,30,138000
BANKNIFTY-III.NFO,03/03/2025,09:48:44,48881.35,48870,90,48885.35,30,0,138000
BANKNIFTY-III.NFO,03/03/2025,09:48:46,48881.35,48870,60,48882.6,30,0,138000
BANKNIFTY-III.NFO,03/03/2025,09:48:47,48881.35,48870,60,48882,90,0,138000
BANKNIFTY-III.NFO,03/03/2025,09:48:49,48881.35,48870,60,48870.65,180,0,138000
BANKNIFTY-III.NFO,03/03/2025,09:48:51,48870,48852,300,48858.4,120,60,138000
BANKNIFTY-III.NFO,03/03/2025,09:48:52,48850,48838,900,48848.5,90,450,138000
BANKNIFTY-III.NFO,03/03/2025,09:48:54,48850,48838,900,48840.35,60,0,138000
BANKNIFTY-III.NFO,03/03/2025,09:48:56,48850,48838,900,48838.95,60,0,138000
BANKNIFTY-III.NFO,03/03/2025,09:48:57,48838,48838,690,48842.85,60,210,138000
BANKNIFTY-III.NFO,03/03/2025,09:48:57,48838,48838,690,48842.85,60,0,138000
BANKNIFTY-III.NFO,03/03/2025,09:48:59,48838,48838,360,48840.65,90,330,138000
BANKNIFTY-III.NFO,03/03/2025,09:49:01,48827.85,48810,60,48826.85,60,390,138000
BANKNIFTY-III.NFO,03/03/2025,09:49:01,48827.85,48810,60,48826.85,60,0,138000
BANKNIFTY-III.NFO,03/03/2025,09:49:02,48827.85,48810.05,120,48832.6,30,0,138000
BANKNIFTY-III.NFO,03/03/2025,09:49:07,48827.85,48810.05,120,48827.85,120,0,138000
BANKNIFTY-III.NFO,03/03/2025,09:49:09,48827.85,48810,30,48818.75,120,0,138000
BANKNIFTY-III.NFO,03/03/2025,09:49:11,48810.05,48810,30,48820.7,30,30,138000
BANKNIFTY-III.NFO,03/03/2025,09:49:11,48810.05,48810,30,48820.7,30,0,138000
BANKNIFTY-III.NFO,03/03/2025,09:49:12,48810.05,48810,30,48819.25,30,0,138000
BANKNIFTY-III.NFO,03/03/2025,09:49:14,48810,48800,300,48810,90,30,138000
BANKNIFTY-III.NFO,03/03/2025,09:49:14,48810,48800,300,48810,90,0,138000
BANKNIFTY-III.NFO,03/03/2025,09:49:16,48810,48800,300,48810,90,0,138000
BANKNIFTY-III.NFO,03/03/2025,09:49:17,48810,48800.05,150,48810,90,0,138000
BANKNIFTY-III.NFO,03/03/2025,09:49:21,48800,48800.1,120,48819.25,30,90,138000
BANKNIFTY-III.NFO,03/03/2025,09:49:21,48800,48800.1,120,48819.25,30,0,138000
BANKNIFTY-III.NFO,03/03/2025,09:49:22,48800,48800.05,150,48818.35,30,0,138000
BANKNIFTY-III.NFO,03/03/2025,09:49:24,48800,48800.1,120,48828.9,30,0,138000
BANKNIFTY-III.NFO,03/03/2025,09:49:26,48800,48813.9,120,48836.05,30,0,138000
BANKNIFTY-III.NFO,03/03/2025,09:49:27,48813.9,48808.95,120,48835.95,30,30,138000
BANKNIFTY-III.NFO,03/03/2025,09:49:29,48813.9,48808.95,120,48838,30,0,138000
BANKNIFTY-III.NFO,03/03/2025,09:49:31,48809.35,48813.55,120,48835.75,60,30,138000
BANKNIFTY-III.NFO,03/03/2025,09:49:32,48813.55,48813.55,120,48835.75,90,30,138000
BANKNIFTY-III.NFO,03/03/2025,09:49:34,48813.55,48800.1,120,48813.55,30,0,138000
BANKNIFTY-III.NFO,03/03/2025,09:49:37,48813.55,48813.55,60,48823.35,90,30,138000
BANKNIFTY-III.NFO,03/03/2025,09:49:39,48813.55,48813.55,60,48814.15,120,0,138000
BANKNIFTY-III.NFO,03/03/2025,09:49:41,48813.55,48800.05,120,48814.95,120,60,138000
BANKNIFTY-III.NFO,03/03/2025,09:49:42,48800.05,48800.05,90,48819.4,120,90,138000
BANKNIFTY-III.NFO,03/03/2025,09:49:44,48800.05,48800.05,90,48819.4,120,0,138000
BANKNIFTY-III.NFO,03/03/2025,09:49:46,48800.05,48800.05,90,48822.2,30,0,138000
BANKNIFTY-III.NFO,03/03/2025,09:49:47,48800.05,48800.05,60,48822.15,120,30,138000
BANKNIFTY-III.NFO,03/03/2025,09:49:49,48800.05,48800.05,60,48822.15,120,0,138000
BANKNIFTY-III.NFO,03/03/2025,09:49:51,48800.05,48814,30,48822.85,120,0,138000
BANKNIFTY-III.NFO,03/03/2025,09:49:52,48800.05,48814,30,48824.95,150,0,138000
BANKNIFTY-III.NFO,03/03/2025,09:49:54,48800.05,48814.05,60,48825,30,0,138000
BANKNIFTY-III.NFO,03/03/2025,09:49:57,48825,48815.75,30,48840,60,30,138000
BANKNIFTY-III.NFO,03/03/2025,09:49:59,48825,48822.2,30,48840,90,0,138000
BANKNIFTY-III.NFO,03/03/2025,09:50:01,48825,48822.2,30,48849.95,120,0,138000
BANKNIFTY-III.NFO,03/03/2025,09:50:02,48825,48822.15,30,48835.65,150,0,138000
BANKNIFTY-III.NFO,03/03/2025,09:50:04,48825,48822.15,30,48835.9,150,0,138000
BANKNIFTY-III.NFO,03/03/2025,09:50:06,48825,48822.15,30,48830.4,120,0,138000
BANKNIFTY-III.NFO,03/03/2025,09:50:07,48825,48822.15,30,48829.05,120,0,138000
BANKNIFTY-III.NFO,03/03/2025,09:50:09,48822.15,48814,30,48829.15,150,30,138000
BANKNIFTY-III.NFO,03/03/2025,09:50:11,48822.15,48814,30,48823.45,150,0,138000
BANKNIFTY-III.NFO,03/03/2025,09:50:12,48822.15,48814,30,48819.15,150,0,138000
BANKNIFTY-III.NFO,03/03/2025,09:50:14,48822.15,48814,30,48816.55,120,0,138000
BANKNIFTY-III.NFO,03/03/2025,09:50:16,48822.15,48814,30,48818.5,120,0,138000
BANKNIFTY-III.NFO,03/03/2025,09:50:17,48822.15,48814,30,48821.55,150,0,138000
BANKNIFTY-III.NFO,03/03/2025,09:50:19,48822.15,48814,30,48821.35,120,0,138000
BANKNIFTY-III.NFO,03/03/2025,09:50:21,48822.15,48814,30,48825.5,150,0,138000
BANKNIFTY-III.NFO,03/03/2025,09:50:22,48822.15,48822.15,30,48829,150,30,138000
BANKNIFTY-III.NFO,03/03/2025,09:50:24,48822.15,48822.15,30,48824,60,0,138000
BANKNIFTY-III.NFO,03/03/2025,09:50:26,48822.15,48822.15,30,48823.95,120,0,138000
BANKNIFTY-III.NFO,03/03/2025,09:50:27,48822.15,48822.15,30,48824,60,0,138000
BANKNIFTY-III.NFO,03/03/2025,09:50:31,48831.15,48822.15,30,48832.1,150,30,138000
BANKNIFTY-III.NFO,03/03/2025,09:50:32,48832.65,48822.15,30,48832.65,150,30,138000
BANKNIFTY-III.NFO,03/03/2025,09:50:34,48832.65,48822.15,30,48826.8,120,0,138000
BANKNIFTY-III.NFO,03/03/2025,09:50:36,48822.15,48814,30,48819.65,120,30,138000
BANKNIFTY-III.NFO,03/03/2025,09:50:37,48814,48802,300,48814.05,150,30,138000
BANKNIFTY-III.NFO,03/03/2025,09:50:39,48814,48802,300,48816.15,120,0,138000
BANKNIFTY-III.NFO,03/03/2025,09:50:41,48814,48802.05,90,48817.8,120,0,138000
BANKNIFTY-III.NFO,03/03/2025,09:50:42,48802,48802.05,120,48818.45,120,30,138000
BANKNIFTY-III.NFO,03/03/2025,09:50:44,48802,48802,270,48810.2,120,0,138000
BANKNIFTY-III.NFO,03/03/2025,09:50:46,48802,48802,270,48808.05,120,0,138000
BANKNIFTY-III.NFO,03/03/2025,09:50:47,48802,48802,270,48809.35,120,0,138000
BANKNIFTY-III.NFO,03/03/2025,09:50:49,48802,48802,270,48809.5,120,0,138000
BANKNIFTY-III.NFO,03/03/2025,09:50:51,48802,48802,300,48808.85,90,0,138000
BANKNIFTY-III.NFO,03/03/2025,09:50:52,48802,48802.05,120,48819.75,120,0,138000
BANKNIFTY-III.NFO,03/03/2025,09:50:54,48802,48802.05,120,48823,30,0,138000
BANKNIFTY-III.NFO,03/03/2025,09:50:56,48823.6,48802.1,120,48822.05,120,30,138000
BANKNIFTY-III.NFO,03/03/2025,09:50:57,48802.1,48802.1,60,48824,60,60,138000
BANKNIFTY-III.NFO,03/03/2025,09:50:59,48802.1,48803.75,60,48823.15,120,0,138000
BANKNIFTY-III.NFO,03/03/2025,09:51:01,48802.1,48802,300,48807.3,150,0,138000
BANKNIFTY-III.NFO,03/03/2025,09:51:02,48802.1,48802,300,48808.2,60,0,138000
BANKNIFTY-III.NFO,03/03/2025,09:51:04,48802.1,48802,360,48806.55,90,0,138000
BANKNIFTY-III.NFO,03/03/2025,09:51:06,48808.2,48802.05,90,48808.2,30,30,138000
BANKNIFTY-III.NFO,03/03/2025,09:51:07,48808.2,48808.05,90,48820,30,0,138000
BANKNIFTY-III.NFO,03/03/2025,09:51:11,48808.2,48808.05,90,48824,30,0,138000
BANKNIFTY-III.NFO,03/03/2025,09:51:12,48808.2,48810,60,48840,30,0,138000
BANKNIFTY-III.NFO,03/03/2025,09:51:14,48839.95,48818.9,90,48840,30,30,138000
BANKNIFTY-III.NFO,03/03/2025,09:51:16,48840.7,48819.25,90,48846,120,90,138000
BANKNIFTY-III.NFO,03/03/2025,09:51:17,48840.7,48819.25,90,48841.95,120,0,138000
BANKNIFTY-III.NFO,03/03/2025,09:51:19,48840.7,48809.5,90,48837.9,120,0,138000
BANKNIFTY-III.NFO,03/03/2025,09:51:21,48840.7,48820.05,120,48840.45,120,0,138000
BANKNIFTY-III.NFO,03/03/2025,09:51:22,48840.7,48820.05,120,48839.95,120,0,138000
BANKNIFTY-III.NFO,03/03/2025,09:51:24,48840.7,48820.05,120,48839.1,120,0,138000
BANKNIFTY-III.NFO,03/03/2025,09:51:26,48840.7,48820.05,120,48837,120,0,138000
BANKNIFTY-III.NFO,03/03/2025,09:51:27,48840.7,48820.05,120,48840,60,0,138000
BANKNIFTY-III.NFO,03/03/2025,09:51:31,48840.7,48822.35,90,48840,60,0,138000
BANKNIFTY-III.NFO,03/03/2025,09:51:32,48840.7,48823.55,90,48840,60,0,138000
BANKNIFTY-III.NFO,03/03/2025,09:51:34,48823.55,48826.4,60,48840,60,30,137190
BANKNIFTY-III.NFO,03/03/2025,09:51:36,48840.7,48830.85,60,48850,30,30,137190
BANKNIFTY-III.NFO,03/03/2025,09:51:37,48840.7,48840.75,60,48850,30,0,137190
BANKNIFTY-III.NFO,03/03/2025,09:51:39,48840.7,48836.9,60,48850,30,0,137190
BANKNIFTY-III.NFO,03/03/2025,09:51:41,48840.7,48838.2,60,48850,30,0,137190
BANKNIFTY-III.NFO,03/03/2025,09:51:42,48840.7,48843.35,60,48850,30,0,137190
BANKNIFTY-III.NFO,03/03/2025,09:51:44,48840.7,48838.2,60,48850,30,0,137190
BANKNIFTY-III.NFO,03/03/2025,09:51:47,48840.7,48836.9,60,48850,30,0,137190
BANKNIFTY-III.NFO,03/03/2025,09:51:51,48840.7,48837.8,60,48850,30,0,137190
BANKNIFTY-III.NFO,03/03/2025,09:51:52,48840.7,48840.2,60,48850,30,0,137190
BANKNIFTY-III.NFO,03/03/2025,09:51:54,48840.7,48838.85,60,48850,30,0,137190
BANKNIFTY-III.NFO,03/03/2025,09:51:56,48850,48841.8,60,48875.65,120,60,137190
BANKNIFTY-III.NFO,03/03/2025,09:51:57,48850,48839.65,60,48877.35,120,0,137190
BANKNIFTY-III.NFO,03/03/2025,09:51:59,48850,48838.85,60,48867.9,120,0,137190
BANKNIFTY-III.NFO,03/03/2025,09:52:01,48850,48836.9,60,48864.9,120,0,137190
BANKNIFTY-III.NFO,03/03/2025,09:52:02,48850,48836.9,60,48865.55,120,0,137190
BANKNIFTY-III.NFO,03/03/2025,09:52:04,48850,48836.9,60,48865.05,120,0,137190
BANKNIFTY-III.NFO,03/03/2025,09:52:06,48850,48836.9,60,48861,120,0,137190
BANKNIFTY-III.NFO,03/03/2025,09:52:07,48850,48832.05,60,48856.45,120,0,137190
BANKNIFTY-III.NFO,03/03/2025,09:52:09,48850,48832.05,60,48857,120,0,137190
BANKNIFTY-III.NFO,03/03/2025,09:52:11,48850,48832.05,60,48858.5,120,0,137190
BANKNIFTY-III.NFO,03/03/2025,09:52:12,48850,48832.05,60,48855.8,120,0,137190
BANKNIFTY-III.NFO,03/03/2025,09:52:14,48850,48825.35,30,48845.55,120,0,137190
BANKNIFTY-III.NFO,03/03/2025,09:52:16,48850,48820,30,48830.05,120,0,137190
BANKNIFTY-III.NFO,03/03/2025,09:52:17,48850,48820,30,48831.25,120,0,137190
BANKNIFTY-III.NFO,03/03/2025,09:52:19,48830.8,48820,30,48833.4,120,30,137190
BANKNIFTY-III.NFO,03/03/2025,09:52:21,48828.1,48807.4,120,48832.25,120,30,137190
BANKNIFTY-III.NFO,03/03/2025,09:52:22,48828.1,48807.4,120,48832.15,120,0,137190
BANKNIFTY-III.NFO,03/03/2025,09:52:24,48828.1,48820,30,48830.1,120,0,137190
BANKNIFTY-III.NFO,03/03/2025,09:52:26,48828.1,48820,30,48826.35,120,0,137190
BANKNIFTY-III.NFO,03/03/2025,09:52:27,48828.1,48820,30,48830.75,120,0,137190
BANKNIFTY-III.NFO,03/03/2025,09:52:29,48828.1,48820,30,48822.9,60,0,137190
BANKNIFTY-III.NFO,03/03/2025,09:52:31,48822.9,48820,30,48830.8,30,30,137190
BANKNIFTY-III.NFO,03/03/2025,09:52:34,48822.9,48820.05,150,48830.8,30,0,137190
BANKNIFTY-III.NFO,03/03/2025,09:52:36,48822.9,48821.3,120,48830.8,30,0,137190
BANKNIFTY-III.NFO,03/03/2025,09:52:37,48822.9,48824.7,120,48830.8,30,0,137190
BANKNIFTY-III.NFO,03/03/2025,09:52:39,48830.8,48824.7,120,48837.95,60,30,137190
BANKNIFTY-III.NFO,03/03/2025,09:52:41,48830.8,48824.7,120,48845.85,120,0,137190
BANKNIFTY-III.NFO,03/03/2025,09:52:42,48830.8,48821.05,150,48843.75,120,0,137190
BANKNIFTY-III.NFO,03/03/2025,09:52:44,48830.8,48821.15,120,48839.95,120,0,137190
BANKNIFTY-III.NFO,03/03/2025,09:52:46,48830.8,48821,60,48837.9,120,0,137190
BANKNIFTY-III.NFO,03/03/2025,09:52:47,48830.8,48821,60,48837,120,0,137190
BANKNIFTY-III.NFO,03/03/2025,09:52:49,48830.8,48821,30,48834.2,120,0,137190
BANKNIFTY-III.NFO,03/03/2025,09:52:51,48830.8,48821,30,48833.4,120,0,137190
BANKNIFTY-III.NFO,03/03/2025,09:52:52,48830.8,48821,30,48829.15,120,0,137190
BANKNIFTY-III.NFO,03/03/2025,09:52:54,48830.8,48821,30,48832.5,120,0,137190
BANKNIFTY-III.NFO,03/03/2025,09:52:56,48830.8,48821,30,48826.65,120,0,137190
BANKNIFTY-III.NFO,03/03/2025,09:52:57,48821,48803.45,120,48820.95,120,30,137190
BANKNIFTY-III.NFO,03/03/2025,09:52:59,48821,48802.05,150,48821.75,120,0,137190
BANKNIFTY-III.NFO,03/03/2025,09:53:01,48821,48802.1,120,48822.8,120,0,137190
BANKNIFTY-III.NFO,03/03/2025,09:53:02,48821,48802.2,120,48822.8,120,0,137190
BANKNIFTY-III.NFO,03/03/2025,09:53:04,48821.55,48802.05,150,48821.55,90,30,137190
BANKNIFTY-III.NFO,03/03/2025,09:53:06,48821.55,48802.05,150,48822,90,0,137190
BANKNIFTY-III.NFO,03/03/2025,09:53:07,48803.45,48802,300,48815.95,90,30,137190
BANKNIFTY-III.NFO,03/03/2025,09:53:09,48803.45,48802.05,150,48819.55,90,0,137190
BANKNIFTY-III.NFO,03/03/2025,09:53:11,48803.45,48802.05,150,48826.3,90,0,137190
BANKNIFTY-III.NFO,03/03/2025,09:53:12,48803.45,48802.05,150,48829.15,90,0,137190
BANKNIFTY-III.NFO,03/03/2025,09:53:14,48803.45,48802.05,150,48825.05,90,0,137190
BANKNIFTY-III.NFO,03/03/2025,09:53:16,48803.45,48802.05,150,48819.95,90,0,137190
BANKNIFTY-III.NFO,03/03/2025,09:53:17,48803.45,48802.05,150,48818.2,90,0,137190
BANKNIFTY-III.NFO,03/03/2025,09:53:19,48803.45,48802,270,48809.5,30,0,137190
BANKNIFTY-III.NFO,03/03/2025,09:53:21,48803.45,48802.05,150,48809.5,30,0,137190
BANKNIFTY-III.NFO,03/03/2025,09:53:22,48803.45,48803.3,120,48809.5,30,0,137190
BANKNIFTY-III.NFO,03/03/2025,09:53:24,48803.3,48803.3,120,48832,120,60,137190
BANKNIFTY-III.NFO,03/03/2025,09:53:26,48803.3,48805.7,120,48834.5,120,120,137190
BANKNIFTY-III.NFO,03/03/2025,09:53:27,48803.3,48810.05,120,48830.15,120,0,137190
BANKNIFTY-III.NFO,03/03/2025,09:53:29,48803.3,48810.05,150,48827.15,120,0,137190
BANKNIFTY-III.NFO,03/03/2025,09:53:31,48803.3,48810.05,150,48831.4,120,0,137190
BANKNIFTY-III.NFO,03/03/2025,09:53:34,48803.3,48810.05,120,48812.25,30,0,137190
BANKNIFTY-III.NFO,03/03/2025,09:53:36,48803.3,48810.05,150,48812.25,30,0,137190
BANKNIFTY-III.NFO,03/03/2025,09:53:37,48803.3,48810,270,48812.25,30,0,137190
BANKNIFTY-III.NFO,03/03/2025,09:53:41,48810,48810,240,48812.25,30,30,137190
BANKNIFTY-III.NFO,03/03/2025,09:53:42,48812.25,48810,210,48821.45,150,60,137190
BANKNIFTY-III.NFO,03/03/2025,09:53:44,48812.25,48810,210,48821.3,150,0,137190
BANKNIFTY-III.NFO,03/03/2025,09:53:46,48812.25,48815,210,48818.65,120,0,137190
BANKNIFTY-III.NFO,03/03/2025,09:53:47,48815,48815,180,48816.95,150,30,137190
