Ticker,Date,Time,LTP,BuyPrice,BuyQty,SellPrice,SellQty,LTQ,OpenInterest
NIFTY-I.NFO,05/07/2024,09:15:00,24306.9,24314.7,225,24324.95,100,4875,0
NIFTY-I.NFO,05/07/2024,09:15:00,24306.9,24314.7,225,24324.95,100,0,0
NIFTY-I.NFO,05/07/2024,09:15:00,24345,24314.7,225,24324.95,100,0,0
NIFTY-I.NFO,05/07/2024,09:15:00,24299,24314.7,225,24324.95,100,0,0
NIFTY-I.NFO,05/07/2024,09:15:01,24316.85,24307.05,225,24316.85,75,3325,14542525
NIFTY-I.NFO,05/07/2024,09:15:02,24323.15,24314.55,200,24323.05,50,4975,14542525
NIFTY-I.NFO,05/07/2024,09:15:03,24315.75,24311.75,225,24315.75,75,4050,14542525
NIFTY-I.NFO,05/07/2024,09:15:04,24311.7,24311.3,25,24314.55,175,1850,14542525
NIFTY-I.NFO,05/07/2024,09:15:05,24313.55,24307.75,100,24313.6,25,1400,14542525
NIFTY-I.NFO,05/07/2024,09:15:06,24311.05,24306.25,25,24311.05,100,1500,14542525
NIFTY-I.NFO,05/07/2024,09:15:08,24308.25,24306.15,50,24308.25,125,2300,14542525
NIFTY-I.NFO,05/07/2024,09:15:09,24311,24307.4,125,24311,100,1725,14542525
NIFTY-I.NFO,05/07/2024,09:15:10,24310.4,24307.4,250,24311,375,3725,14541550
NIFTY-I.NFO,05/07/2024,09:15:11,24310,24308.65,250,24310,350,1100,14541550
NIFTY-I.NFO,05/07/2024,09:15:12,24311,24310.95,25,24314.55,50,3275,14541550
NIFTY-I.NFO,05/07/2024,09:15:13,24317.45,24311.95,100,24317.45,75,2875,14541550
NIFTY-I.NFO,05/07/2024,09:15:14,24314.65,24314.65,250,24318.65,25,1200,14541550
NIFTY-I.NFO,05/07/2024,09:15:15,24317.4,24315,225,24317.4,100,650,14541550
NIFTY-I.NFO,05/07/2024,09:15:17,24315.3,24311.9,300,24315.2,50,3350,14541550
NIFTY-I.NFO,05/07/2024,09:15:18,24311,24311,1175,24311.65,25,2325,14541550
NIFTY-I.NFO,05/07/2024,09:15:19,24309.95,24305.3,100,24309.95,150,4600,14541550
NIFTY-I.NFO,05/07/2024,09:15:20,24311.5,24311.1,25,24311.5,50,1375,14541550
NIFTY-I.NFO,05/07/2024,09:15:21,24310.35,24305.95,25,24310.35,250,3350,14541550
NIFTY-I.NFO,05/07/2024,09:15:22,24311.85,24310.9,150,24311.8,500,3475,14541550
NIFTY-I.NFO,05/07/2024,09:15:23,24312.1,24310.85,125,24312.5,25,2075,14541550
NIFTY-I.NFO,05/07/2024,09:15:25,24313.3,24312.85,50,24313.3,375,1850,14541550
NIFTY-I.NFO,05/07/2024,09:15:26,24313.5,24311,75,24313.5,100,3575,14541550
NIFTY-I.NFO,05/07/2024,09:15:27,24314.15,24312.85,100,24314.95,100,6425,14541550
NIFTY-I.NFO,05/07/2024,09:15:28,24314.65,24313.5,50,24314.65,100,400,14541550
NIFTY-I.NFO,05/07/2024,09:15:29,24313.5,24312.85,25,24314.65,50,125,14541550
NIFTY-I.NFO,05/07/2024,09:15:30,24314.75,24313.05,975,24314.7,100,350,14541550
NIFTY-I.NFO,05/07/2024,09:15:31,24313.05,24312.85,25,24315.65,100,1600,14541550
NIFTY-I.NFO,05/07/2024,09:15:33,24314.65,24310.35,250,24314.05,25,1875,14541550
NIFTY-I.NFO,05/07/2024,09:15:34,24311,24310,325,24313.2,50,1125,14541550
NIFTY-I.NFO,05/07/2024,09:15:35,24312,24310.4,200,24312.9,50,725,14541550
NIFTY-I.NFO,05/07/2024,09:15:36,24310.45,24310.45,25,24314.4,250,1225,14541550
NIFTY-I.NFO,05/07/2024,09:15:37,24310.8,24310,200,24313.4,125,650,14541550
NIFTY-I.NFO,05/07/2024,09:15:38,24313.1,24310.1,175,24313.1,50,200,14541550
NIFTY-I.NFO,05/07/2024,09:15:39,24312,24311,25,24311.95,150,1400,14541550
NIFTY-I.NFO,05/07/2024,09:15:41,24313.85,24311.15,50,24314.6,150,400,14541550
NIFTY-I.NFO,05/07/2024,09:15:42,24312.2,24313.1,25,24314.95,25,325,14541550
NIFTY-I.NFO,05/07/2024,09:15:43,24311,24310.95,175,24311,8475,11800,14541550
NIFTY-I.NFO,05/07/2024,09:15:44,24308.25,24308.2,250,24311,5300,5250,14541550
NIFTY-I.NFO,05/07/2024,09:15:45,24310,24307.3,100,24311,4925,575,14541550
NIFTY-I.NFO,05/07/2024,09:15:46,24307.3,24307.3,75,24310.7,75,575,14541550
NIFTY-I.NFO,05/07/2024,09:15:48,24309.15,24305.45,25,24309.15,150,4050,14541550
NIFTY-I.NFO,05/07/2024,09:15:49,24310.2,24305.5,25,24310.2,100,600,14541550
NIFTY-I.NFO,05/07/2024,09:15:50,24309.95,24306.6,25,24310,50,475,14541550
NIFTY-I.NFO,05/07/2024,09:15:51,24310.75,24305.8,25,24310.75,200,2250,14541550
NIFTY-I.NFO,05/07/2024,09:15:52,24310,24309.95,50,24310.75,125,250,14541550
NIFTY-I.NFO,05/07/2024,09:15:53,24310.75,24310.25,25,24310.7,225,675,14541550
NIFTY-I.NFO,05/07/2024,09:15:55,24309.15,24309.05,225,24310.6,125,1225,14541550
NIFTY-I.NFO,05/07/2024,09:15:56,24310.45,24309.05,200,24310.45,50,425,14541550
NIFTY-I.NFO,05/07/2024,09:15:57,24310.85,24309.1,25,24310.8,50,250,14541550
NIFTY-I.NFO,05/07/2024,09:15:58,24310.45,24310.05,350,24310.95,75,400,14541550
NIFTY-I.NFO,05/07/2024,09:15:59,24310.95,24308.3,25,24310.95,100,1750,14541550
NIFTY-I.NFO,05/07/2024,09:16:00,24310,24308.35,25,24309.95,25,275,14541550
NIFTY-I.NFO,05/07/2024,09:16:01,24306,24306,475,24308.9,25,1300,14541550
NIFTY-I.NFO,05/07/2024,09:16:03,24301.55,24301.5,125,24303,350,3300,14541550
NIFTY-I.NFO,05/07/2024,09:16:04,24301,24301,1200,24303,275,800,14541550
NIFTY-I.NFO,05/07/2024,09:16:05,24301.05,24301,1025,24304.65,25,1300,14541550
NIFTY-I.NFO,05/07/2024,09:16:06,24304.2,24301.5,50,24304.2,25,425,14541550
NIFTY-I.NFO,05/07/2024,09:16:07,24301,24301,625,24304.25,50,600,14541550
NIFTY-I.NFO,05/07/2024,09:16:09,24301,24301,575,24304.45,25,675,14541550
NIFTY-I.NFO,05/07/2024,09:16:10,24301,24301,450,24303.45,25,425,14541550
NIFTY-I.NFO,05/07/2024,09:16:11,24301,24301,350,24303.95,100,675,14541550
NIFTY-I.NFO,05/07/2024,09:16:12,24301,24301.05,975,24303.8,350,450,14541550
NIFTY-I.NFO,05/07/2024,09:16:13,24302.9,24300,8950,24302.9,350,3725,14541550
NIFTY-I.NFO,05/07/2024,09:16:15,24301.5,24300,6450,24301.9,125,3200,14541550
NIFTY-I.NFO,05/07/2024,09:16:16,24300,24298.05,100,24300.9,250,8425,14541550
NIFTY-I.NFO,05/07/2024,09:16:16,24298,24298.05,100,24300.9,250,0,14541550
NIFTY-I.NFO,05/07/2024,09:16:18,24299.45,24298,675,24299.45,75,2175,14541550
NIFTY-I.NFO,05/07/2024,09:16:19,24300.85,24298,350,24300.6,75,2325,14541550
NIFTY-I.NFO,05/07/2024,09:16:21,24300,24297.5,125,24301.9,50,2800,14541550
NIFTY-I.NFO,05/07/2024,09:16:21,24297.7,24297.5,125,24301.9,50,0,14541550
NIFTY-I.NFO,05/07/2024,09:16:23,24298.7,24298.2,125,24298.7,75,2225,14541550
NIFTY-I.NFO,05/07/2024,09:16:23,24296,24298.2,125,24298.7,75,0,14541550
NIFTY-I.NFO,05/07/2024,09:16:24,24300,24298.2,25,24300,525,1150,14541550
NIFTY-I.NFO,05/07/2024,09:16:26,24298.2,24298.7,50,24299.75,125,1925,14541550
NIFTY-I.NFO,05/07/2024,09:16:26,24295.75,24298.7,50,24299.75,125,0,14541550
NIFTY-I.NFO,05/07/2024,09:16:28,24297,24296.65,125,24300,1075,775,14541550
NIFTY-I.NFO,05/07/2024,09:16:29,24295.95,24296.55,150,24300,900,1425,14541550
NIFTY-I.NFO,05/07/2024,09:16:31,24296.75,24296.25,125,24298.95,75,1225,14541550
NIFTY-I.NFO,05/07/2024,09:16:31,24295,24296.25,125,24298.95,75,0,14541550
NIFTY-I.NFO,05/07/2024,09:16:33,24299.95,24298.7,25,24300,925,2175,14541550
NIFTY-I.NFO,05/07/2024,09:16:34,24296.25,24295,550,24296.25,650,3425,14541550
NIFTY-I.NFO,05/07/2024,09:16:36,24299.95,24298.7,25,24299.85,50,1825,14541550
NIFTY-I.NFO,05/07/2024,09:16:38,24299.9,24298,75,24299.9,25,2025,14541550
NIFTY-I.NFO,05/07/2024,09:16:39,24299.8,24296.25,1900,24299.8,350,1000,14541550
NIFTY-I.NFO,05/07/2024,09:16:41,24297.65,24297.65,50,24300.95,275,950,14541550
NIFTY-I.NFO,05/07/2024,09:16:43,24302.9,24299.15,25,24302.9,25,1275,14541550
NIFTY-I.NFO,05/07/2024,09:16:44,24304.1,24299.95,100,24304.15,225,900,14541550
NIFTY-I.NFO,05/07/2024,09:16:46,24300,24299.9,1700,24303.25,225,800,14541550
NIFTY-I.NFO,05/07/2024,09:16:48,24300.1,24299.9,1350,24302.55,250,3375,14541550
NIFTY-I.NFO,05/07/2024,09:16:49,24299.9,24299.8,275,24302.05,375,1625,14541550
NIFTY-I.NFO,05/07/2024,09:16:51,24299,24299,450,24299.8,50,1050,14541550
NIFTY-I.NFO,05/07/2024,09:16:53,24300.85,24299.8,100,24300.95,200,575,14541550
NIFTY-I.NFO,05/07/2024,09:16:54,24300.45,24300,450,24300.45,275,2550,14541550
NIFTY-I.NFO,05/07/2024,09:16:56,24300,24300,425,24300.85,450,1100,14541550
NIFTY-I.NFO,05/07/2024,09:16:58,24299.05,24299.05,250,24300,725,1750,14541550
NIFTY-I.NFO,05/07/2024,09:16:59,24300.9,24300,200,24300.9,200,1675,14541550
NIFTY-I.NFO,05/07/2024,09:17:01,24297.55,24296.3,25,24297.4,125,1875,14541550
NIFTY-I.NFO,05/07/2024,09:17:03,24297.1,24297.1,200,24297.45,25,2750,14541550
NIFTY-I.NFO,05/07/2024,09:17:04,24295.2,24295.05,25,24297.35,100,2550,14541550
NIFTY-I.NFO,05/07/2024,09:17:06,24297.65,24297.65,100,24300,25,1050,14541550
NIFTY-I.NFO,05/07/2024,09:17:08,24297.45,24297.45,325,24299.5,225,2225,14541550
NIFTY-I.NFO,05/07/2024,09:17:09,24297.3,24295,1450,24297.3,175,1275,14541550
NIFTY-I.NFO,05/07/2024,09:17:11,24297.05,24295.1,25,24297.05,50,625,14541550
NIFTY-I.NFO,05/07/2024,09:17:12,24295,24295,5250,24297.9,150,725,14541550
NIFTY-I.NFO,05/07/2024,09:17:14,24299.1,24297.9,25,24299.5,300,350,14541550
NIFTY-I.NFO,05/07/2024,09:17:16,24298.15,24297.45,25,24298.15,125,750,14541550
NIFTY-I.NFO,05/07/2024,09:17:17,24298.7,24295.5,25,24298.55,50,875,14541550
NIFTY-I.NFO,05/07/2024,09:17:19,24295.2,24295.1,75,24295.75,100,750,14541550
NIFTY-I.NFO,05/07/2024,09:17:21,24295,24295,3175,24297.65,25,2900,14541550
NIFTY-I.NFO,05/07/2024,09:17:22,24295,24295,3225,24297.95,175,450,14541550
NIFTY-I.NFO,05/07/2024,09:17:24,24295.95,24294,50,24295.95,500,6275,14541550
NIFTY-I.NFO,05/07/2024,09:17:24,24294,24294,50,24295.95,500,0,14541550
NIFTY-I.NFO,05/07/2024,09:17:26,24294,24293.5,50,24295.6,25,450,14541550
NIFTY-I.NFO,05/07/2024,09:17:26,24293.95,24293.5,50,24295.6,25,0,14541550
NIFTY-I.NFO,05/07/2024,09:17:27,24297,24295,50,24297,50,775,14541550
NIFTY-I.NFO,05/07/2024,09:17:29,24293.4,24292.1,50,24293.35,25,1850,14541550
NIFTY-I.NFO,05/07/2024,09:17:29,24292,24292.1,50,24293.35,25,0,14541550
NIFTY-I.NFO,05/07/2024,09:17:31,24295.85,24294,200,24295.75,150,450,14541550
NIFTY-I.NFO,05/07/2024,09:17:32,24294.8,24292,2775,24293.4,25,1300,14541550
NIFTY-I.NFO,05/07/2024,09:17:34,24294.45,24292,1925,24294.4,500,1175,14541550
NIFTY-I.NFO,05/07/2024,09:17:36,24293.4,24292,2125,24293.35,25,450,14541550
NIFTY-I.NFO,05/07/2024,09:17:37,24292,24292,1900,24293.4,1075,600,14541550
NIFTY-I.NFO,05/07/2024,09:17:39,24291.9,24291,650,24291.9,150,2625,14541550
NIFTY-I.NFO,05/07/2024,09:17:39,24291,24291,650,24291.9,150,0,14541550
NIFTY-I.NFO,05/07/2024,09:17:40,24290.7,24290.7,175,24291.6,25,1075,14541550
NIFTY-I.NFO,05/07/2024,09:17:40,24290.7,24290.7,175,24291.6,25,0,14541550
NIFTY-I.NFO,05/07/2024,09:17:42,24286.45,24285.25,25,24286.45,75,8675,14541550
NIFTY-I.NFO,05/07/2024,09:17:42,24285.1,24285.25,25,24286.45,75,0,14541550
NIFTY-I.NFO,05/07/2024,09:17:44,24286.95,24285,4625,24286.8,150,2475,14541550
NIFTY-I.NFO,05/07/2024,09:17:44,24285,24285,4625,24286.8,150,0,14541550
NIFTY-I.NFO,05/07/2024,09:17:45,24287.55,24286.8,25,24288.2,100,1025,14541550
NIFTY-I.NFO,05/07/2024,09:17:47,24287.85,24286.9,50,24289.2,350,425,14541550
NIFTY-I.NFO,05/07/2024,09:17:49,24288.2,24285,4650,24288.15,175,1375,14541550
NIFTY-I.NFO,05/07/2024,09:17:50,24286.4,24286,275,24286.85,125,1025,14541550
NIFTY-I.NFO,05/07/2024,09:17:52,24285,24285,4525,24286.6,75,1275,14541550
NIFTY-I.NFO,05/07/2024,09:17:54,24284.6,24283,175,24284.6,400,6650,14541550
NIFTY-I.NFO,05/07/2024,09:17:54,24283,24283,175,24284.6,400,0,14541550
NIFTY-I.NFO,05/07/2024,09:17:55,24281,24281,950,24282.65,100,2400,14541550
NIFTY-I.NFO,05/07/2024,09:17:55,24281,24281,950,24282.65,100,0,14541550
NIFTY-I.NFO,05/07/2024,09:17:57,24283,24281,725,24282.95,150,1350,14541550
NIFTY-I.NFO,05/07/2024,09:17:59,24281,24281,1700,24282.9,175,1300,14541550
NIFTY-I.NFO,05/07/2024,09:18:00,24281.15,24281,1550,24281.75,75,950,14541550
NIFTY-I.NFO,05/07/2024,09:18:02,24280.95,24280.3,125,24280.9,25,2550,14541550
NIFTY-I.NFO,05/07/2024,09:18:02,24280.3,24280.3,125,24280.9,25,0,14541550
NIFTY-I.NFO,05/07/2024,09:18:04,24278.35,24277.1,275,24278.2,100,10900,14541550
NIFTY-I.NFO,05/07/2024,09:18:04,24277.1,24277.1,275,24278.2,100,0,14541550
NIFTY-I.NFO,05/07/2024,09:18:05,24280.65,24275.45,25,24280.45,25,22325,14541550
NIFTY-I.NFO,05/07/2024,09:18:05,24275,24275.45,25,24280.45,25,0,14541550
NIFTY-I.NFO,05/07/2024,09:18:07,24277,24277,50,24278.15,50,1025,14541550
NIFTY-I.NFO,05/07/2024,09:18:09,24275.35,24275.05,50,24277.4,350,1000,14541550
NIFTY-I.NFO,05/07/2024,09:18:10,24276,24276,50,24277.65,125,1100,14541550
NIFTY-I.NFO,05/07/2024,09:18:12,24275.05,24271.1,50,24275.15,100,18900,14488300
NIFTY-I.NFO,05/07/2024,09:18:12,24268.2,24271.1,50,24275.15,100,0,14488300
NIFTY-I.NFO,05/07/2024,09:18:14,24273.25,24271,25,24273.25,350,1700,14488300
NIFTY-I.NFO,05/07/2024,09:18:15,24271,24270,4475,24273.9,100,1650,14488300
NIFTY-I.NFO,05/07/2024,09:18:17,24271,24271,100,24274.05,25,2450,14488300
NIFTY-I.NFO,05/07/2024,09:18:19,24274,24271.8,25,24274,350,3275,14488300
NIFTY-I.NFO,05/07/2024,09:18:20,24275.35,24276,25,24278.35,25,4075,14488300
NIFTY-I.NFO,05/07/2024,09:18:22,24276.35,24276,100,24276.35,25,1775,14488300
NIFTY-I.NFO,05/07/2024,09:18:24,24274,24273.25,25,24274.95,450,1325,14488300
NIFTY-I.NFO,05/07/2024,09:18:25,24274,24274,200,24274.85,25,2825,14488300
NIFTY-I.NFO,05/07/2024,09:18:27,24271.2,24271.65,25,24274.25,75,2350,14488300
NIFTY-I.NFO,05/07/2024,09:18:29,24275,24274.95,25,24276.25,50,7350,14488300
NIFTY-I.NFO,05/07/2024,09:18:30,24276.2,24275,25,24276.2,50,700,14488300
NIFTY-I.NFO,05/07/2024,09:18:32,24277.05,24276.15,250,24277.05,75,1475,14488300
NIFTY-I.NFO,05/07/2024,09:18:33,24277,24276.2,300,24276.6,100,475,14488300
NIFTY-I.NFO,05/07/2024,09:18:35,24277.5,24277.45,450,24277.55,250,1900,14488300
NIFTY-I.NFO,05/07/2024,09:18:37,24277.5,24277.45,275,24277.5,25,525,14488300
NIFTY-I.NFO,05/07/2024,09:18:38,24278,24277.55,200,24278,1025,1575,14488300
NIFTY-I.NFO,05/07/2024,09:18:40,24278.9,24277.6,50,24278.9,150,1450,14488300
NIFTY-I.NFO,05/07/2024,09:18:42,24278.25,24277.5,275,24279.45,250,800,14488300
NIFTY-I.NFO,05/07/2024,09:18:43,24279.2,24279,375,24279.2,25,350,14488300
NIFTY-I.NFO,05/07/2024,09:18:45,24280.25,24280,4700,24280.25,200,2675,14488300
NIFTY-I.NFO,05/07/2024,09:18:47,24279.4,24278,500,24279.4,175,6075,14488300
NIFTY-I.NFO,05/07/2024,09:18:48,24278.8,24278.8,75,24280,400,875,14488300
NIFTY-I.NFO,05/07/2024,09:18:50,24280.05,24279,50,24280.25,150,1450,14488300
NIFTY-I.NFO,05/07/2024,09:18:52,24280,24280,3050,24280.2,25,800,14488300
NIFTY-I.NFO,05/07/2024,09:18:54,24282,24280.95,50,24282.55,100,825,14488300
NIFTY-I.NFO,05/07/2024,09:18:55,24280.95,24281,25,24282.8,275,3975,14488300
NIFTY-I.NFO,05/07/2024,09:18:57,24280.65,24280.7,25,24281.15,25,1700,14488300
NIFTY-I.NFO,05/07/2024,09:18:59,24282.4,24281.15,300,24282.1,25,1025,14488300
NIFTY-I.NFO,05/07/2024,09:19:00,24281.75,24281,450,24281.15,125,2000,14488300
NIFTY-I.NFO,05/07/2024,09:19:02,24282.95,24282.4,200,24282.95,25,975,14488300
NIFTY-I.NFO,05/07/2024,09:19:04,24280.15,24280,2350,24280.1,25,4450,14488300
NIFTY-I.NFO,05/07/2024,09:19:05,24280.95,24280,2325,24280.3,125,1825,14488300
NIFTY-I.NFO,05/07/2024,09:19:07,24278.9,24277.5,50,24278.9,175,4850,14488300
NIFTY-I.NFO,05/07/2024,09:19:09,24278.05,24277.05,425,24277.95,100,1700,14488300
NIFTY-I.NFO,05/07/2024,09:19:10,24276.4,24276.15,850,24276.45,350,1675,14488300
NIFTY-I.NFO,05/07/2024,09:19:12,24273,24273,350,24273.05,125,5000,14488300
NIFTY-I.NFO,05/07/2024,09:19:14,24269.9,24269.8,225,24270,100,10975,14488300
NIFTY-I.NFO,05/07/2024,09:19:15,24268.2,24265.05,25,24268.2,100,5250,14488300
NIFTY-I.NFO,05/07/2024,09:19:15,24265,24265.05,25,24268.2,100,0,14488300
NIFTY-I.NFO,05/07/2024,09:19:17,24265,24265,11025,24266.75,150,2325,14488300
NIFTY-I.NFO,05/07/2024,09:19:19,24268.2,24266,25,24267.55,50,2325,14488300
NIFTY-I.NFO,05/07/2024,09:19:20,24265,24265,9725,24267.05,250,1250,14488300
NIFTY-I.NFO,05/07/2024,09:19:22,24267.5,24267,600,24267.7,500,1550,14488300
NIFTY-I.NFO,05/07/2024,09:19:24,24266.75,24266.45,25,24266.75,25,2775,14488300
NIFTY-I.NFO,05/07/2024,09:19:25,24266.95,24265,9350,24266.95,525,1250,14488300
NIFTY-I.NFO,05/07/2024,09:19:27,24265,24265,3625,24266.3,450,8025,14488300
NIFTY-I.NFO,05/07/2024,09:19:28,24268,24266,125,24267.4,125,7875,14488300
NIFTY-I.NFO,05/07/2024,09:19:28,24264.4,24266,125,24267.4,125,0,14488300
NIFTY-I.NFO,05/07/2024,09:19:30,24265,24265,300,24267.6,25,3650,14488300
NIFTY-I.NFO,05/07/2024,09:19:32,24266.1,24265,325,24266,25,475,14488300
NIFTY-I.NFO,05/07/2024,09:19:33,24265,24265,400,24266,25,675,14488300
NIFTY-I.NFO,05/07/2024,09:19:35,24267.8,24267.2,25,24267.8,250,325,14488300
NIFTY-I.NFO,05/07/2024,09:19:37,24266.55,24266.6,100,24268.55,225,375,14488300
NIFTY-I.NFO,05/07/2024,09:19:38,24267.2,24266.4,225,24267.15,400,425,14488300
NIFTY-I.NFO,05/07/2024,09:19:40,24267.25,24267.2,25,24267.5,50,2000,14488300
NIFTY-I.NFO,05/07/2024,09:19:42,24266.6,24266.4,50,24266.55,75,2450,14488300
NIFTY-I.NFO,05/07/2024,09:19:43,24267.6,24267,250,24267.7,125,6300,14488300
NIFTY-I.NFO,05/07/2024,09:19:45,24266.3,24265,2475,24266.1,25,5925,14488300
NIFTY-I.NFO,05/07/2024,09:19:47,24265,24265,1850,24266.55,675,4150,14488300
NIFTY-I.NFO,05/07/2024,09:19:48,24266.3,24266.1,350,24266.25,150,2850,14488300
NIFTY-I.NFO,05/07/2024,09:19:50,24266.55,24266.55,25,24267.3,25,2225,14488300
NIFTY-I.NFO,05/07/2024,09:19:51,24266,24266,75,24267,200,3425,14488300
NIFTY-I.NFO,05/07/2024,09:19:53,24267.6,24267.6,25,24268.5,125,10800,14488300
NIFTY-I.NFO,05/07/2024,09:19:55,24268.55,24267.75,25,24268.55,1250,275,14488300
NIFTY-I.NFO,05/07/2024,09:19:56,24269,24267.95,25,24269,25,1475,14488300
NIFTY-I.NFO,05/07/2024,09:19:58,24267.6,24267.1,50,24267.6,50,1000,14488300
NIFTY-I.NFO,05/07/2024,09:19:59,24270.05,24268,25,24270.1,475,725,14488300
NIFTY-I.NFO,05/07/2024,09:20:01,24265.25,24265.2,75,24267.55,175,10700,14488300
NIFTY-I.NFO,05/07/2024,09:20:03,24264.8,24260.9,25,24264.75,75,10575,14488300
NIFTY-I.NFO,05/07/2024,09:20:03,24260.4,24260.9,25,24264.75,75,0,14488300
NIFTY-I.NFO,05/07/2024,09:20:04,24264.85,24260.55,25,24264.85,25,1375,14488300
NIFTY-I.NFO,05/07/2024,09:20:04,24260.35,24260.55,25,24264.85,25,0,14488300
NIFTY-I.NFO,05/07/2024,09:20:06,24263.9,24260.8,75,24263.9,400,2550,14488300
NIFTY-I.NFO,05/07/2024,09:20:06,24260.05,24260.8,75,24263.9,400,0,14488300
NIFTY-I.NFO,05/07/2024,09:20:08,24261.25,24261.8,50,24265,5525,2575,14488300
NIFTY-I.NFO,05/07/2024,09:20:09,24261.5,24261.6,75,24265,4825,850,14488300
NIFTY-I.NFO,05/07/2024,09:20:11,24264.85,24261.2,50,24264.85,175,1750,14488300
NIFTY-I.NFO,05/07/2024,09:20:13,24264.85,24262.5,125,24265,4550,1275,14488300
NIFTY-I.NFO,05/07/2024,09:20:14,24267.85,24263.35,100,24267.75,200,6650,14488300
NIFTY-I.NFO,05/07/2024,09:20:16,24266,24263.6,25,24266,250,1675,14488300
NIFTY-I.NFO,05/07/2024,09:20:17,24266,24263.75,25,24266,25,900,14488300
NIFTY-I.NFO,05/07/2024,09:20:19,24263.5,24263.15,25,24267.8,150,1300,14488300
NIFTY-I.NFO,05/07/2024,09:20:21,24265,24265.3,25,24268.55,400,3525,14488300
NIFTY-I.NFO,05/07/2024,09:20:22,24267.05,24267,50,24270.9,125,1350,14488300
NIFTY-I.NFO,05/07/2024,09:20:24,24268.65,24264.45,25,24268.7,225,3800,14488300
NIFTY-I.NFO,05/07/2024,09:20:26,24269.45,24264.9,25,24269.45,125,3675,14488300
NIFTY-I.NFO,05/07/2024,09:20:27,24266.85,24262.25,25,24266.85,100,5850,14488300
NIFTY-I.NFO,05/07/2024,09:20:29,24263.5,24261.9,50,24266.4,25,1275,14488300
NIFTY-I.NFO,05/07/2024,09:20:31,24265,24263.35,50,24267.6,25,850,14488300
NIFTY-I.NFO,05/07/2024,09:20:32,24267.25,24263.65,25,24267.3,125,575,14488300
NIFTY-I.NFO,05/07/2024,09:20:34,24266,24265,100,24266,25,1675,14488300
NIFTY-I.NFO,05/07/2024,09:20:36,24265,24264.65,25,24265,125,500,14488300
NIFTY-I.NFO,05/07/2024,09:20:37,24267,24264.65,200,24267,825,500,14488300
NIFTY-I.NFO,05/07/2024,09:20:39,24267,24265,150,24267,600,425,14488300
NIFTY-I.NFO,05/07/2024,09:20:40,24265,24265,400,24267.6,50,900,14488300
NIFTY-I.NFO,05/07/2024,09:20:42,24266.8,24265,525,24266.8,175,700,14488300
NIFTY-I.NFO,05/07/2024,09:20:44,24263.5,24262.35,225,24263.5,50,1675,14488300
NIFTY-I.NFO,05/07/2024,09:20:45,24264,24262.3,25,24264,125,2300,14488300
NIFTY-I.NFO,05/07/2024,09:20:47,24266.05,24262.1,50,24265.95,25,675,14488300
NIFTY-I.NFO,05/07/2024,09:20:49,24263,24263.95,250,24265.6,750,925,14488300
NIFTY-I.NFO,05/07/2024,09:20:50,24264,24264,25,24264.25,125,950,14488300
NIFTY-I.NFO,05/07/2024,09:20:52,24262,24262,1525,24263.85,250,1500,14488300
NIFTY-I.NFO,05/07/2024,09:20:53,24262.35,24262,1475,24264.9,100,750,14488300
NIFTY-I.NFO,05/07/2024,09:20:55,24263.4,24261.05,25,24264.6,525,2625,14488300
NIFTY-I.NFO,05/07/2024,09:20:57,24266.3,24265,3050,24266.3,25,950,14488300
NIFTY-I.NFO,05/07/2024,09:20:58,24265,24265,4500,24265.3,125,650,14488300
NIFTY-I.NFO,05/07/2024,09:21:00,24267,24266.3,50,24266.8,500,1550,14488300
NIFTY-I.NFO,05/07/2024,09:21:02,24266.45,24265.35,1425,24266.8,150,2525,14488300
NIFTY-I.NFO,05/07/2024,09:21:03,24265,24265,2000,24266.8,250,3875,14488300
NIFTY-I.NFO,05/07/2024,09:21:05,24264.25,24264.25,25,24264.55,500,2900,14488300
NIFTY-I.NFO,05/07/2024,09:21:06,24264.25,24263.25,25,24264.2,50,1400,14488300
NIFTY-I.NFO,05/07/2024,09:21:08,24263,24263,275,24266.2,350,425,14488300
NIFTY-I.NFO,05/07/2024,09:21:10,24265,24263,350,24266,25,900,14488300
NIFTY-I.NFO,05/07/2024,09:21:11,24264,24263.25,25,24264.9,75,525,14480950
NIFTY-I.NFO,05/07/2024,09:21:13,24263.25,24263.25,250,24263.95,25,200,14480950
NIFTY-I.NFO,05/07/2024,09:21:15,24265,24264,25,24264.95,125,725,14480950
NIFTY-I.NFO,05/07/2024,09:21:16,24261.2,24261,50,24261.2,50,3825,14480950
NIFTY-I.NFO,05/07/2024,09:21:18,24263.05,24261.05,200,24262.65,125,1300,14480950
NIFTY-I.NFO,05/07/2024,09:21:20,24263.5,24261.55,50,24264.95,25,775,14480950
NIFTY-I.NFO,05/07/2024,09:21:21,24262.25,24262,200,24262.25,50,625,14480950
NIFTY-I.NFO,05/07/2024,09:21:23,24263.15,24262,1075,24263.25,800,625,14480950
NIFTY-I.NFO,05/07/2024,09:21:25,24262.2,24262.2,425,24263.2,25,500,14480950
NIFTY-I.NFO,05/07/2024,09:21:26,24262.2,24262.2,375,24263.35,450,850,14480950
NIFTY-I.NFO,05/07/2024,09:21:28,24263,24262.2,625,24263.4,25,875,14480950
NIFTY-I.NFO,05/07/2024,09:21:29,24263,24263,350,24263.9,25,850,14480950
NIFTY-I.NFO,05/07/2024,09:21:31,24263,24263,225,24263.9,25,900,14480950
NIFTY-I.NFO,05/07/2024,09:21:33,24263.9,24263,400,24263.85,275,500,14480950
NIFTY-I.NFO,05/07/2024,09:21:34,24263,24262.25,275,24264.4,350,600,14480950
NIFTY-I.NFO,05/07/2024,09:21:36,24264,24263,100,24264,25,375,14480950
NIFTY-I.NFO,05/07/2024,09:21:38,24263.35,24263,325,24264.8,25,225,14480950
NIFTY-I.NFO,05/07/2024,09:21:39,24263.8,24264,25,24264.1,100,750,14480950
NIFTY-I.NFO,05/07/2024,09:21:41,24264.55,24263.1,275,24265.25,350,1450,14480950
NIFTY-I.NFO,05/07/2024,09:21:43,24264.7,24264.7,275,24265.4,25,550,14480950
NIFTY-I.NFO,05/07/2024,09:21:44,24265.5,24265.5,25,24265.85,125,375,14480950
NIFTY-I.NFO,05/07/2024,09:21:46,24265.8,24265.55,25,24266.3,50,1625,14480950
NIFTY-I.NFO,05/07/2024,09:21:48,24268.25,24266.25,50,24268.75,25,1625,14480950
NIFTY-I.NFO,05/07/2024,09:21:49,24267.05,24267.1,25,24268.85,25,125,14480950
NIFTY-I.NFO,05/07/2024,09:21:51,24266.4,24266.45,125,24268.85,25,275,14480950
NIFTY-I.NFO,05/07/2024,09:21:53,24267,24267,175,24269.35,300,4625,14480950
NIFTY-I.NFO,05/07/2024,09:21:54,24268,24268,1375,24269.35,225,1375,14480950
NIFTY-I.NFO,05/07/2024,09:21:56,24270.85,24268.8,100,24270,25,425,14480950
NIFTY-I.NFO,05/07/2024,09:21:58,24272.45,24269.55,50,24272.45,150,250,14480950
NIFTY-I.NFO,05/07/2024,09:21:59,24271.35,24270,1100,24272.7,175,350,14480950
NIFTY-I.NFO,05/07/2024,09:22:01,24272.7,24272.5,1475,24274,25,625,14480950
NIFTY-I.NFO,05/07/2024,09:22:03,24275.8,24275.05,50,24275.8,25,825,14480950
NIFTY-I.NFO,05/07/2024,09:22:04,24275.85,24275.85,200,24275.9,225,475,14480950
NIFTY-I.NFO,05/07/2024,09:22:06,24275,24274.8,250,24274.95,150,1975,14480950
NIFTY-I.NFO,05/07/2024,09:22:08,24273.95,24273,475,24273.9,25,975,14480950
NIFTY-I.NFO,05/07/2024,09:22:09,24270.85,24270,1050,24272.05,350,5575,14480950
NIFTY-I.NFO,05/07/2024,09:22:11,24269.75,24270,25,24270.6,50,4650,14480950
NIFTY-I.NFO,05/07/2024,09:22:13,24269.65,24266.35,50,24268.85,125,1400,14480950
NIFTY-I.NFO,05/07/2024,09:22:14,24268.65,24265.35,25,24268.05,150,3275,14480950
NIFTY-I.NFO,05/07/2024,09:22:16,24265,24265.05,100,24266.9,50,700,14480950
NIFTY-I.NFO,05/07/2024,09:22:18,24265.8,24265.35,50,24268.7,225,1425,14480950
NIFTY-I.NFO,05/07/2024,09:22:19,24265.35,24265.35,75,24267.55,425,550,14480950
NIFTY-I.NFO,05/07/2024,09:22:21,24265.85,24265.05,75,24265.85,75,550,14480950
NIFTY-I.NFO,05/07/2024,09:22:22,24265.8,24265.35,50,24266.1,100,500,14480950
NIFTY-I.NFO,05/07/2024,09:22:24,24264.65,24264,50,24264.65,150,1450,14480950
NIFTY-I.NFO,05/07/2024,09:22:26,24263.5,24263.35,25,24265.05,350,525,14480950
NIFTY-I.NFO,05/07/2024,09:22:27,24263.1,24263.9,25,24264.25,75,700,14480950
NIFTY-I.NFO,05/07/2024,09:22:29,24264.45,24263,700,24264.45,50,725,14480950
NIFTY-I.NFO,05/07/2024,09:22:31,24263,24262.95,50,24264.1,25,850,14480950
NIFTY-I.NFO,05/07/2024,09:22:32,24264.6,24263,50,24264.45,100,625,14480950
NIFTY-I.NFO,05/07/2024,09:22:34,24263.5,24263,125,24263.95,50,75,14480950
NIFTY-I.NFO,05/07/2024,09:22:36,24262.8,24262.8,25,24264.25,100,700,14480950
NIFTY-I.NFO,05/07/2024,09:22:37,24262.1,24262.1,125,24264,375,1050,14480950
NIFTY-I.NFO,05/07/2024,09:22:39,24264.35,24264.35,175,24265,300,575,14480950
NIFTY-I.NFO,05/07/2024,09:22:41,24264.8,24264.35,125,24264.8,225,650,14480950
NIFTY-I.NFO,05/07/2024,09:22:42,24264.45,24264.45,100,24264.75,25,75,14480950
NIFTY-I.NFO,05/07/2024,09:22:44,24264.45,24264.45,75,24266.8,350,700,14480950
NIFTY-I.NFO,05/07/2024,09:22:45,24267.6,24265.1,25,24267.6,350,225,14480950
NIFTY-I.NFO,05/07/2024,09:22:47,24267.75,24265.1,75,24267.75,150,475,14480950
NIFTY-I.NFO,05/07/2024,09:22:49,24267.8,24267.6,25,24268,25,350,14480950
NIFTY-I.NFO,05/07/2024,09:22:50,24269.35,24268,25,24269.05,25,375,14480950
NIFTY-I.NFO,05/07/2024,09:22:52,24269.85,24269.1,25,24269.9,300,400,14480950
NIFTY-I.NFO,05/07/2024,09:22:54,24267.75,24265.25,25,24267.7,100,375,14480950
NIFTY-I.NFO,05/07/2024,09:22:55,24267.8,24265.3,50,24267.85,200,975,14480950
NIFTY-I.NFO,05/07/2024,09:22:57,24266.45,24266.4,25,24268.95,100,325,14480950
NIFTY-I.NFO,05/07/2024,09:22:58,24268.8,24267.8,25,24268.9,100,550,14480950
NIFTY-I.NFO,05/07/2024,09:23:00,24266,24266,475,24267.95,25,350,14480950
NIFTY-I.NFO,05/07/2024,09:23:02,24268,24268,225,24269.05,75,250,14480950
NIFTY-I.NFO,05/07/2024,09:23:03,24265.7,24265.65,25,24268,25,2425,14480950
NIFTY-I.NFO,05/07/2024,09:23:05,24268,24268.75,125,24270,200,1925,14480950
NIFTY-I.NFO,05/07/2024,09:23:07,24266,24266.15,25,24270,175,650,14480950
NIFTY-I.NFO,05/07/2024,09:23:08,24269.85,24268,325,24269.85,75,1000,14480950
NIFTY-I.NFO,05/07/2024,09:23:10,24268,24268,250,24271.2,500,1150,14480950
NIFTY-I.NFO,05/07/2024,09:23:12,24270.7,24268,225,24269.95,175,175,14480950
NIFTY-I.NFO,05/07/2024,09:23:13,24269.85,24268,25,24269.95,100,325,14480950
NIFTY-I.NFO,05/07/2024,09:23:15,24269.95,24269.85,25,24270,350,125,14480950
NIFTY-I.NFO,05/07/2024,09:23:17,24270,24269.95,25,24270.8,25,375,14480950
NIFTY-I.NFO,05/07/2024,09:23:18,24270,24270,325,24271.05,25,725,14480950
NIFTY-I.NFO,05/07/2024,09:23:20,24266,24266.15,25,24270.1,50,1000,14480950
NIFTY-I.NFO,05/07/2024,09:23:22,24268.8,24266,100,24268.8,25,275,14480950
NIFTY-I.NFO,05/07/2024,09:23:23,24269.6,24266.45,125,24269.8,25,675,14480950
NIFTY-I.NFO,05/07/2024,09:23:25,24269.35,24268.95,25,24269.7,25,200,14480950
NIFTY-I.NFO,05/07/2024,09:23:27,24268.95,24268,50,24268.95,50,400,14480950
NIFTY-I.NFO,05/07/2024,09:23:29,24268,24266.75,125,24268.8,50,125,14480950
NIFTY-I.NFO,05/07/2024,09:23:30,24268.95,24268.8,25,24269.55,25,625,14480950
NIFTY-I.NFO,05/07/2024,09:23:32,24270,24270,1575,24270.7,225,1100,14480950
NIFTY-I.NFO,05/07/2024,09:23:34,24270.25,24270.2,125,24271.55,275,325,14480950
NIFTY-I.NFO,05/07/2024,09:23:35,24273.5,24270.2,25,24272.45,25,1975,14480950
NIFTY-I.NFO,05/07/2024,09:23:37,24269.4,24269.15,125,24272,50,700,14480950
NIFTY-I.NFO,05/07/2024,09:23:39,24272,24270,125,24272.05,25,325,14480950
NIFTY-I.NFO,05/07/2024,09:23:40,24269.1,24270.8,125,24273.45,225,1600,14480950
NIFTY-I.NFO,05/07/2024,09:23:42,24273.7,24272,200,24273.75,25,625,14480950
NIFTY-I.NFO,05/07/2024,09:23:43,24273.45,24273.45,850,24273.5,25,550,14480950
NIFTY-I.NFO,05/07/2024,09:23:45,24275.2,24275.25,125,24275.4,250,925,14480950
NIFTY-I.NFO,05/07/2024,09:23:47,24274.45,24273.7,200,24274.6,50,500,14480950
NIFTY-I.NFO,05/07/2024,09:23:48,24275.7,24275.6,150,24275.7,75,1250,14480950
NIFTY-I.NFO,05/07/2024,09:23:50,24271.55,24270.7,150,24272.85,350,4225,14480950
NIFTY-I.NFO,05/07/2024,09:23:52,24272.05,24270,575,24271.95,150,450,14480950
NIFTY-I.NFO,05/07/2024,09:23:53,24270.4,24269.4,125,24270.4,750,1025,14480950
NIFTY-I.NFO,05/07/2024,09:23:55,24268.4,24265.05,875,24268.3,75,4175,14480950
NIFTY-I.NFO,05/07/2024,09:23:57,24266.8,24265,950,24266.55,100,1525,14480950
NIFTY-I.NFO,05/07/2024,09:23:58,24266.7,24266.7,1500,24267,75,1175,14480950
NIFTY-I.NFO,05/07/2024,09:24:00,24266.7,24266.7,1300,24268.7,100,1825,14480950
NIFTY-I.NFO,05/07/2024,09:24:02,24266.85,24266.7,1175,24268.85,25,450,14480950
NIFTY-I.NFO,05/07/2024,09:24:03,24268.05,24266.7,1000,24268.05,125,625,14480950
NIFTY-I.NFO,05/07/2024,09:24:05,24266.7,24266.7,900,24268,150,2025,14480950
NIFTY-I.NFO,05/07/2024,09:24:07,24268.15,24266.7,450,24268.2,25,1175,14480950
NIFTY-I.NFO,05/07/2024,09:24:08,24266.7,24266.7,375,24268.35,25,300,14480950
NIFTY-I.NFO,05/07/2024,09:24:10,24266.7,24266.75,300,24268.1,25,325,14480950
NIFTY-I.NFO,05/07/2024,09:24:12,24268.85,24266.8,125,24268.85,100,1525,14480950
NIFTY-I.NFO,05/07/2024,09:24:13,24270,24268.15,175,24270.2,25,650,14482900
NIFTY-I.NFO,05/07/2024,09:24:15,24267.1,24267,125,24269.65,25,625,14482900
NIFTY-I.NFO,05/07/2024,09:24:17,24269.75,24266.7,425,24269.4,25,700,14482900
NIFTY-I.NFO,05/07/2024,09:24:18,24268.35,24266.7,425,24269.6,100,2750,14482900
NIFTY-I.NFO,05/07/2024,09:24:20,24267.3,24266.75,200,24269.6,350,200,14482900
NIFTY-I.NFO,05/07/2024,09:24:22,24269.4,24266.7,450,24269.15,200,250,14482900
NIFTY-I.NFO,05/07/2024,09:24:23,24269.9,24267.35,150,24269.95,25,550,14482900
NIFTY-I.NFO,05/07/2024,09:24:25,24271.05,24269.9,125,24270.8,25,725,14482900
NIFTY-I.NFO,05/07/2024,09:24:27,24269.9,24269.6,50,24270.85,25,200,14482900
NIFTY-I.NFO,05/07/2024,09:24:28,24273.45,24272.75,25,24273.85,125,1800,14482900
NIFTY-I.NFO,05/07/2024,09:24:30,24273.5,24271.2,550,24273.45,25,500,14482900
NIFTY-I.NFO,05/07/2024,09:24:32,24272.45,24271.2,450,24272.75,50,125,14482900
NIFTY-I.NFO,05/07/2024,09:24:33,24272.1,24271.2,325,24271.9,25,400,14482900
NIFTY-I.NFO,05/07/2024,09:24:35,24271.9,24271.9,150,24272.3,25,325,14482900
NIFTY-I.NFO,05/07/2024,09:24:37,24270,24270,1350,24272,750,1500,14482900
NIFTY-I.NFO,05/07/2024,09:24:38,24274.2,24273.05,50,24274.2,25,2475,14482900
NIFTY-I.NFO,05/07/2024,09:24:40,24275,24273.75,150,24275,75,650,14482900
NIFTY-I.NFO,05/07/2024,09:24:42,24273.95,24274.2,475,24274.55,25,225,14482900
NIFTY-I.NFO,05/07/2024,09:24:43,24273.6,24273.5,50,24273.6,500,850,14482900
NIFTY-I.NFO,05/07/2024,09:24:45,24273.1,24272,150,24273.45,25,175,14482900
NIFTY-I.NFO,05/07/2024,09:24:47,24273,24271.15,125,24273,25,1475,14482900
NIFTY-I.NFO,05/07/2024,09:24:48,24271.75,24272.4,150,24274,975,1500,14482900
NIFTY-I.NFO,05/07/2024,09:24:50,24273.45,24273,550,24273.45,25,675,14482900
NIFTY-I.NFO,05/07/2024,09:24:52,24273,24272.65,125,24273.45,400,1025,14482900
NIFTY-I.NFO,05/07/2024,09:24:53,24275.15,24275.95,150,24278.95,375,4150,14482900
NIFTY-I.NFO,05/07/2024,09:24:55,24277.35,24276.85,700,24279.55,375,750,14482900
NIFTY-I.NFO,05/07/2024,09:24:57,24279.6,24277.25,125,24279,50,1425,14482900
NIFTY-I.NFO,05/07/2024,09:24:58,24278.15,24277.3,50,24278.15,125,200,14482900
NIFTY-I.NFO,05/07/2024,09:25:00,24278,24278,350,24279.8,50,750,14482900
NIFTY-I.NFO,05/07/2024,09:25:02,24279.7,24278.15,125,24279.7,25,1500,14482900
NIFTY-I.NFO,05/07/2024,09:25:03,24281.9,24280,175,24281.9,25,2075,14482900
NIFTY-I.NFO,05/07/2024,09:25:05,24280.85,24278.75,150,24281.85,25,1100,14482900
NIFTY-I.NFO,05/07/2024,09:25:07,24282,24280,475,24281,300,1775,14482900
NIFTY-I.NFO,05/07/2024,09:25:08,24280,24278,225,24280,1075,1625,14482900
NIFTY-I.NFO,05/07/2024,09:25:10,24277.95,24277.6,150,24277.95,25,2100,14482900
NIFTY-I.NFO,05/07/2024,09:25:12,24279.5,24277.95,1600,24280,400,4325,14482900
NIFTY-I.NFO,05/07/2024,09:25:13,24279.5,24277.95,1450,24279.45,100,1075,14482900
NIFTY-I.NFO,05/07/2024,09:25:15,24280,24280,1475,24280.1,100,1700,14482900
NIFTY-I.NFO,05/07/2024,09:25:17,24280,24278.3,25,24280.15,50,2150,14482900
NIFTY-I.NFO,05/07/2024,09:25:18,24279.6,24279.45,1000,24279.95,100,350,14482900
NIFTY-I.NFO,05/07/2024,09:25:20,24279.6,24279.6,100,24279.8,125,2625,14482900
NIFTY-I.NFO,05/07/2024,09:25:22,24279.45,24279.45,825,24279.95,75,950,14482900
NIFTY-I.NFO,05/07/2024,09:25:23,24278.8,24278.15,25,24279.2,25,1025,14482900
NIFTY-I.NFO,05/07/2024,09:25:25,24279.45,24278.2,125,24279.5,100,1050,14482900
NIFTY-I.NFO,05/07/2024,09:25:26,24279.5,24279.2,1825,24279.5,75,475,14482900
NIFTY-I.NFO,05/07/2024,09:25:28,24278.2,24278,25,24278.2,100,2400,14482900
NIFTY-I.NFO,05/07/2024,09:25:30,24278.05,24277.95,950,24278.5,25,825,14482900
NIFTY-I.NFO,05/07/2024,09:25:31,24278.05,24277.95,225,24278.05,225,1125,14482900
NIFTY-I.NFO,05/07/2024,09:25:33,24278.55,24278.05,175,24278.55,150,1100,14482900
NIFTY-I.NFO,05/07/2024,09:25:35,24279,24278.05,200,24278.55,50,200,14482900
NIFTY-I.NFO,05/07/2024,09:25:36,24276,24276,50,24277.25,25,1900,14482900
NIFTY-I.NFO,05/07/2024,09:25:38,24277.1,24275.15,25,24277.1,125,425,14482900
NIFTY-I.NFO,05/07/2024,09:25:40,24277,24275.1,150,24277,75,75,14482900
NIFTY-I.NFO,05/07/2024,09:25:41,24275.1,24275,1425,24275.1,550,875,14482900
NIFTY-I.NFO,05/07/2024,09:25:43,24275.9,24275,975,24275.9,250,1550,14482900
NIFTY-I.NFO,05/07/2024,09:25:45,24272,24272,50,24272.75,150,2200,14482900
NIFTY-I.NFO,05/07/2024,09:25:46,24273,24271.5,350,24273,575,1075,14482900
NIFTY-I.NFO,05/07/2024,09:25:48,24273,24272.75,50,24273,475,500,14482900
NIFTY-I.NFO,05/07/2024,09:25:50,24275,24273.35,275,24275,525,575,14482900
NIFTY-I.NFO,05/07/2024,09:25:51,24275,24273.7,175,24275,25,25,14482900
NIFTY-I.NFO,05/07/2024,09:25:53,24272.7,24272.7,25,24274.6,175,400,14482900
NIFTY-I.NFO,05/07/2024,09:25:55,24275.1,24274,175,24275.4,25,250,14482900
NIFTY-I.NFO,05/07/2024,09:25:56,24274.6,24274.6,225,24275,125,175,14482900
NIFTY-I.NFO,05/07/2024,09:25:58,24275,24274.6,225,24275,75,75,14482900
NIFTY-I.NFO,05/07/2024,09:25:59,24274,24274,100,24275.8,25,425,14482900
NIFTY-I.NFO,05/07/2024,09:26:01,24277,24275.8,200,24277.7,600,225,14482900
NIFTY-I.NFO,05/07/2024,09:26:03,24277.7,24275.4,200,24277.7,450,275,14482900
NIFTY-I.NFO,05/07/2024,09:26:04,24275.25,24275.65,125,24277.65,25,125,14482900
NIFTY-I.NFO,05/07/2024,09:26:06,24277.35,24275.2,100,24277.35,25,275,14482900
NIFTY-I.NFO,05/07/2024,09:26:08,24278.35,24277.7,150,24277.95,50,550,14482900
NIFTY-I.NFO,05/07/2024,09:26:09,24277.7,24277.65,125,24278.3,25,575,14482900
NIFTY-I.NFO,05/07/2024,09:26:11,24278.55,24277,200,24278.2,25,425,14482900
NIFTY-I.NFO,05/07/2024,09:26:13,24278.7,24278.15,25,24278.75,75,375,14482900
NIFTY-I.NFO,05/07/2024,09:26:14,24277.7,24277.35,125,24278.75,25,125,14482900
NIFTY-I.NFO,05/07/2024,09:26:16,24278.2,24277.7,125,24278.3,25,100,14482900
NIFTY-I.NFO,05/07/2024,09:26:17,24278,24277,375,24278.05,200,1075,14482900
NIFTY-I.NFO,05/07/2024,09:26:19,24278.7,24278,225,24278.75,50,575,14482900
NIFTY-I.NFO,05/07/2024,09:26:21,24279.2,24279.2,250,24279.6,50,575,14482900
NIFTY-I.NFO,05/07/2024,09:26:22,24279.45,24279.6,150,24280,1825,250,14482900
NIFTY-I.NFO,05/07/2024,09:26:24,24279.45,24279.45,100,24279.9,25,1175,14482900
NIFTY-I.NFO,05/07/2024,09:26:26,24280,24279.6,25,24280,825,600,14482900
NIFTY-I.NFO,05/07/2024,09:26:27,24279.6,24278.75,125,24280,125,800,14482900
NIFTY-I.NFO,05/07/2024,09:26:29,24278.75,24278.75,75,24280.1,100,250,14482900
NIFTY-I.NFO,05/07/2024,09:26:31,24281.05,24279.1,25,24281.05,125,2300,14482900
NIFTY-I.NFO,05/07/2024,09:26:32,24281.7,24279.05,250,24281,75,1825,14482900
NIFTY-I.NFO,05/07/2024,09:26:34,24280,24279.6,25,24280,350,1275,14482900
NIFTY-I.NFO,05/07/2024,09:26:36,24282,24280.1,125,24282,75,975,14482900
NIFTY-I.NFO,05/07/2024,09:26:37,24281.95,24280.1,25,24281.9,25,1325,14482900
NIFTY-I.NFO,05/07/2024,09:26:39,24279.4,24279.05,125,24279.45,25,675,14482900
NIFTY-I.NFO,05/07/2024,09:26:41,24279.85,24279.05,100,24279.85,25,250,14482900
NIFTY-I.NFO,05/07/2024,09:26:42,24281.25,24279.85,150,24280.95,25,1350,14482900
NIFTY-I.NFO,05/07/2024,09:26:44,24280.9,24280,50,24280.9,75,250,14482900
NIFTY-I.NFO,05/07/2024,09:26:46,24279.4,24279.4,250,24279.45,275,775,14482900
NIFTY-I.NFO,05/07/2024,09:26:47,24277.35,24276,50,24276.55,250,2525,14482900
NIFTY-I.NFO,05/07/2024,09:26:49,24273.5,24273.5,125,24273.65,100,1250,14482900
NIFTY-I.NFO,05/07/2024,09:26:50,24271.55,24270.45,25,24271.55,325,2075,14482900
NIFTY-I.NFO,05/07/2024,09:26:52,24270,24270,1550,24270.75,100,1000,14482900
NIFTY-I.NFO,05/07/2024,09:26:54,24269.9,24269.55,25,24269.95,25,2175,14482900
NIFTY-I.NFO,05/07/2024,09:26:55,24270,24268.25,100,24270.05,550,1600,14482900
NIFTY-I.NFO,05/07/2024,09:26:57,24268.65,24267.05,75,24268.7,25,400,14482900
NIFTY-I.NFO,05/07/2024,09:26:59,24265,24265,4600,24265.85,100,1325,14482900
NIFTY-I.NFO,05/07/2024,09:27:00,24265.05,24265,2600,24265.8,25,2450,14482900
NIFTY-I.NFO,05/07/2024,09:27:02,24265.85,24265.85,50,24265.95,25,175,14482900
NIFTY-I.NFO,05/07/2024,09:27:04,24265.95,24265,550,24265.95,50,425,14482900
NIFTY-I.NFO,05/07/2024,09:27:05,24266,24265.5,100,24265.95,25,475,14482900
NIFTY-I.NFO,05/07/2024,09:27:07,24268.6,24266.6,150,24268.65,25,925,14482900
NIFTY-I.NFO,05/07/2024,09:27:08,24269.8,24266.65,200,24269.25,25,1850,14482900
NIFTY-I.NFO,05/07/2024,09:27:10,24269.15,24268.7,50,24269.2,25,200,14482900
NIFTY-I.NFO,05/07/2024,09:27:12,24270,24267.6,25,24269.55,25,350,14482900
NIFTY-I.NFO,05/07/2024,09:27:13,24269.5,24269.25,25,24269.45,25,100,14477475
NIFTY-I.NFO,05/07/2024,09:27:15,24269.1,24266.7,225,24269.2,25,400,14477475
NIFTY-I.NFO,05/07/2024,09:27:17,24269.8,24269.8,125,24270,125,2050,14477475
NIFTY-I.NFO,05/07/2024,09:27:18,24270.7,24270.7,200,24273.85,25,2050,14477475
NIFTY-I.NFO,05/07/2024,09:27:20,24273.45,24270.75,150,24273.45,200,250,14477475
NIFTY-I.NFO,05/07/2024,09:27:22,24270.75,24270.75,150,24273.45,25,75,14477475
NIFTY-I.NFO,05/07/2024,09:27:23,24274,24273.85,50,24273.95,25,250,14477475
NIFTY-I.NFO,05/07/2024,09:27:25,24275.75,24275.6,25,24275.7,25,600,14477475
NIFTY-I.NFO,05/07/2024,09:27:27,24277,24275.6,125,24277.55,25,450,14477475
NIFTY-I.NFO,05/07/2024,09:27:28,24274.3,24273.85,1050,24274.2,25,700,14477475
NIFTY-I.NFO,05/07/2024,09:27:30,24274.3,24273.85,375,24274.25,25,875,14477475
NIFTY-I.NFO,05/07/2024,09:27:32,24273.45,24273.45,1150,24273.85,275,625,14477475
NIFTY-I.NFO,05/07/2024,09:27:33,24273.8,24273.45,1150,24273.8,25,75,14477475
NIFTY-I.NFO,05/07/2024,09:27:35,24273.85,24273.45,950,24273.85,250,325,14477475
NIFTY-I.NFO,05/07/2024,09:27:37,24273.85,24273.85,175,24274.3,75,300,14477475
NIFTY-I.NFO,05/07/2024,09:27:38,24274.85,24274.2,25,24275.2,25,750,14477475
NIFTY-I.NFO,05/07/2024,09:27:40,24273.85,24273.85,50,24275.2,25,375,14477475
NIFTY-I.NFO,05/07/2024,09:27:42,24274.3,24275,250,24275.2,25,125,14477475
NIFTY-I.NFO,05/07/2024,09:27:43,24275,24275,250,24275.15,25,825,14477475
NIFTY-I.NFO,05/07/2024,09:27:45,24275,24274.3,100,24274.9,100,2050,14477475
NIFTY-I.NFO,05/07/2024,09:27:47,24273.45,24269.8,25,24273.45,75,2350,14477475
NIFTY-I.NFO,05/07/2024,09:27:48,24266.2,24270,200,24271.75,125,2625,14477475
NIFTY-I.NFO,05/07/2024,09:27:50,24271.3,24267.15,25,24270.65,75,1900,14477475
NIFTY-I.NFO,05/07/2024,09:27:52,24266.95,24267.3,25,24270.9,50,275,14477475
NIFTY-I.NFO,05/07/2024,09:27:54,24271.3,24267.6,25,24272.2,75,575,14477475
NIFTY-I.NFO,05/07/2024,09:27:55,24268.3,24270,50,24272.2,25,100,14477475
NIFTY-I.NFO,05/07/2024,09:27:57,24269.95,24267.4,25,24270,500,150,14477475
NIFTY-I.NFO,05/07/2024,09:27:59,24270,24266.8,100,24271,150,1275,14477475
NIFTY-I.NFO,05/07/2024,09:28:00,24270.4,24267.05,50,24270.75,25,375,14477475
NIFTY-I.NFO,05/07/2024,09:28:02,24270.75,24268,25,24270.8,100,250,14477475
NIFTY-I.NFO,05/07/2024,09:28:04,24268,24266.75,25,24268,275,225,14477475
NIFTY-I.NFO,05/07/2024,09:28:05,24267.85,24266,25,24267.85,50,200,14477475
NIFTY-I.NFO,05/07/2024,09:28:07,24267.75,24265.2,25,24267.75,75,200,14477475
NIFTY-I.NFO,05/07/2024,09:28:09,24267.9,24267,100,24267.7,75,1050,14477475
NIFTY-I.NFO,05/07/2024,09:28:10,24267.5,24267.5,25,24267.65,25,325,14477475
NIFTY-I.NFO,05/07/2024,09:28:12,24267.35,24266,25,24267.25,25,475,14477475
NIFTY-I.NFO,05/07/2024,09:28:14,24265.05,24265,25,24266.5,75,475,14477475
NIFTY-I.NFO,05/07/2024,09:28:15,24266.75,24264.95,50,24266.75,75,475,14477475
NIFTY-I.NFO,05/07/2024,09:28:17,24265,24265,100,24266,400,600,14477475
NIFTY-I.NFO,05/07/2024,09:28:19,24266,24264.45,50,24266,100,775,14477475
NIFTY-I.NFO,05/07/2024,09:28:20,24265.6,24263.7,25,24265.6,75,700,14477475
NIFTY-I.NFO,05/07/2024,09:28:22,24266,24265,75,24266.9,25,225,14477475
NIFTY-I.NFO,05/07/2024,09:28:24,24263,24263,150,24265.25,350,250,14477475
NIFTY-I.NFO,05/07/2024,09:28:25,24265.2,24263,50,24265.95,25,425,14477475
NIFTY-I.NFO,05/07/2024,09:28:27,24266,24267.85,25,24268.5,50,1050,14477475
NIFTY-I.NFO,05/07/2024,09:28:29,24265.5,24265.5,25,24268.45,75,1550,14477475
NIFTY-I.NFO,05/07/2024,09:28:30,24267.95,24266.45,25,24268.65,350,1075,14477475
NIFTY-I.NFO,05/07/2024,09:28:32,24268.6,24267.7,25,24269.95,75,175,14477475
NIFTY-I.NFO,05/07/2024,09:28:34,24266.2,24266.45,25,24269.9,75,425,14477475
NIFTY-I.NFO,05/07/2024,09:28:35,24269.8,24267.8,25,24269.95,25,150,14477475
NIFTY-I.NFO,05/07/2024,09:28:37,24269.95,24269.95,150,24272,125,1100,14477475
NIFTY-I.NFO,05/07/2024,09:28:39,24271.15,24268.6,25,24271.15,100,250,14477475
NIFTY-I.NFO,05/07/2024,09:28:40,24269.75,24267.7,75,24270.55,100,175,14477475
NIFTY-I.NFO,05/07/2024,09:28:42,24270.3,24268.45,50,24270.35,25,100,14477475
NIFTY-I.NFO,05/07/2024,09:28:44,24270.3,24268.45,50,24270.2,75,50,14477475
NIFTY-I.NFO,05/07/2024,09:28:45,24269.85,24266.2,25,24269.1,25,325,14477475
NIFTY-I.NFO,05/07/2024,09:28:47,24269,24266.05,25,24268.95,100,425,14477475
NIFTY-I.NFO,05/07/2024,09:28:49,24267.95,24267.95,650,24268.55,100,800,14477475
NIFTY-I.NFO,05/07/2024,09:28:50,24266.7,24265,1150,24266.75,50,2025,14477475
NIFTY-I.NFO,05/07/2024,09:28:52,24266.7,24266,100,24266.75,25,2700,14477475
NIFTY-I.NFO,05/07/2024,09:28:54,24268,24266.9,25,24268.85,100,775,14477475
NIFTY-I.NFO,05/07/2024,09:28:55,24269.55,24266.75,500,24269.35,100,500,14477475
NIFTY-I.NFO,05/07/2024,09:28:57,24269.35,24266.75,600,24269.95,100,275,14477475
NIFTY-I.NFO,05/07/2024,09:28:59,24268.55,24268,50,24268.55,50,475,14477475
NIFTY-I.NFO,05/07/2024,09:29:00,24268.55,24268,25,24269.95,75,175,14477475
NIFTY-I.NFO,05/07/2024,09:29:02,24268.45,24266.75,475,24269.4,300,225,14477475
NIFTY-I.NFO,05/07/2024,09:29:04,24269.4,24267.15,125,24270,25,450,14477475
NIFTY-I.NFO,05/07/2024,09:29:05,24266.75,24266.75,100,24269.2,100,725,14477475
NIFTY-I.NFO,05/07/2024,09:29:07,24269.05,24267.2,25,24269.15,25,475,14477475
NIFTY-I.NFO,05/07/2024,09:29:08,24266,24266,50,24268.25,50,300,14477475
NIFTY-I.NFO,05/07/2024,09:29:10,24268.25,24266,75,24268.25,25,25,14477475
NIFTY-I.NFO,05/07/2024,09:29:12,24270,24269.55,50,24270.45,25,500,14477475
NIFTY-I.NFO,05/07/2024,09:29:13,24270,24269.7,50,24270.8,50,675,14477475
NIFTY-I.NFO,05/07/2024,09:29:15,24273.4,24269.65,25,24273.4,50,475,14477475
NIFTY-I.NFO,05/07/2024,09:29:17,24270.95,24270.45,50,24271.25,25,875,14477475
NIFTY-I.NFO,05/07/2024,09:29:18,24270.45,24269.95,225,24270.8,25,525,14477475
NIFTY-I.NFO,05/07/2024,09:29:20,24269.95,24269.95,50,24270.8,25,400,14477475
NIFTY-I.NFO,05/07/2024,09:29:22,24269.55,24269.55,50,24269.95,25,5225,14477475
NIFTY-I.NFO,05/07/2024,09:29:23,24268.45,24268.45,75,24268.9,150,750,14477475
NIFTY-I.NFO,05/07/2024,09:29:25,24268,24266,100,24268.6,25,825,14477475
NIFTY-I.NFO,05/07/2024,09:29:27,24269.55,24266.3,25,24269.55,75,500,14477475
NIFTY-I.NFO,05/07/2024,09:29:28,24269.6,24267.95,75,24269.3,25,375,14477475
NIFTY-I.NFO,05/07/2024,09:29:30,24267.95,24267.95,225,24269.5,25,250,14477475
NIFTY-I.NFO,05/07/2024,09:29:32,24269.05,24268,25,24268.55,600,50,14477475
NIFTY-I.NFO,05/07/2024,09:29:33,24268.55,24267.95,225,24268.55,475,200,14477475
NIFTY-I.NFO,05/07/2024,09:29:35,24268.55,24267.95,150,24268.55,425,250,14477475
NIFTY-I.NFO,05/07/2024,09:29:37,24267.95,24267.95,100,24268.05,25,550,14477475
NIFTY-I.NFO,05/07/2024,09:29:38,24267.6,24267,50,24267.6,150,125,14477475
NIFTY-I.NFO,05/07/2024,09:29:40,24267.45,24263.65,125,24268.05,25,4400,14477475
NIFTY-I.NFO,05/07/2024,09:29:42,24267.95,24267.95,25,24268.05,50,500,14477475
NIFTY-I.NFO,05/07/2024,09:29:43,24268.05,24268.05,250,24268.2,25,850,14477475
NIFTY-I.NFO,05/07/2024,09:29:45,24268,24267.6,25,24268,50,350,14477475
NIFTY-I.NFO,05/07/2024,09:29:47,24268.05,24268.05,1175,24268.5,25,75,14477475
NIFTY-I.NFO,05/07/2024,09:29:48,24269.55,24268.05,1175,24269.55,250,425,14477475
NIFTY-I.NFO,05/07/2024,09:29:50,24270,24268.05,1200,24269.55,25,150,14477475
NIFTY-I.NFO,05/07/2024,09:29:52,24266.8,24265.5,25,24266.45,100,1675,14477475
NIFTY-I.NFO,05/07/2024,09:29:53,24265,24264,25,24265.55,25,775,14477475
NIFTY-I.NFO,05/07/2024,09:29:55,24265.15,24265,25,24265.2,75,925,14477475
NIFTY-I.NFO,05/07/2024,09:29:57,24264.45,24263,50,24264.45,100,250,14477475
NIFTY-I.NFO,05/07/2024,09:29:58,24263.2,24263,25,24264.15,100,700,14477475
NIFTY-I.NFO,05/07/2024,09:30:00,24263.15,24262,150,24263.05,50,100,14477475
NIFTY-I.NFO,05/07/2024,09:30:02,24261,24261.5,25,24263.95,50,2500,14477475
NIFTY-I.NFO,05/07/2024,09:30:03,24263.95,24263.95,25,24266.95,50,1750,14477475
NIFTY-I.NFO,05/07/2024,09:30:05,24261.5,24261.1,50,24265.6,50,1200,14477475
NIFTY-I.NFO,05/07/2024,09:30:07,24265.85,24261.35,25,24265.95,25,1375,14477475
NIFTY-I.NFO,05/07/2024,09:30:08,24260.95,24262,275,24265.45,25,400,14477475
NIFTY-I.NFO,05/07/2024,09:30:10,24265.65,24261,100,24264.95,25,1050,14477475
NIFTY-I.NFO,05/07/2024,09:30:12,24265.95,24262.25,175,24266,1500,1450,14477475
NIFTY-I.NFO,05/07/2024,09:30:13,24261.25,24262,200,24265.85,25,900,14477475
NIFTY-I.NFO,05/07/2024,09:30:15,24262.45,24262.55,100,24266,1400,425,14467525
NIFTY-I.NFO,05/07/2024,09:30:17,24262.55,24262.75,25,24266,1200,1200,14467525
NIFTY-I.NFO,05/07/2024,09:30:18,24264.65,24263,25,24264.4,100,275,14467525
NIFTY-I.NFO,05/07/2024,09:30:20,24264.8,24260.95,25,24264.35,75,675,14467525
NIFTY-I.NFO,05/07/2024,09:30:22,24260.05,24260.05,625,24262.05,50,925,14467525
NIFTY-I.NFO,05/07/2024,09:30:23,24255.5,24255,325,24255.6,25,21675,14467525
NIFTY-I.NFO,05/07/2024,09:30:23,24255,24255,325,24255.6,25,0,14467525
NIFTY-I.NFO,05/07/2024,09:30:25,24254.2,24254,400,24254.2,75,1925,14467525
NIFTY-I.NFO,05/07/2024,09:30:25,24254,24254,400,24254.2,75,0,14467525
NIFTY-I.NFO,05/07/2024,09:30:27,24256.5,24256.4,150,24259.9,100,1775,14467525
NIFTY-I.NFO,05/07/2024,09:30:28,24256.95,24255,75,24256.9,25,1525,14467525
NIFTY-I.NFO,05/07/2024,09:30:30,24252,24252,2150,24253.05,100,3775,14467525
NIFTY-I.NFO,05/07/2024,09:30:30,24252,24252,2150,24253.05,100,0,14467525
NIFTY-I.NFO,05/07/2024,09:30:32,24255.2,24252,1425,24255.2,50,3600,14467525
NIFTY-I.NFO,05/07/2024,09:30:33,24258,24257,100,24257.95,50,3300,14467525
NIFTY-I.NFO,05/07/2024,09:30:35,24252,24252,825,24254.05,100,950,14467525
NIFTY-I.NFO,05/07/2024,09:30:37,24254.5,24253,25,24254.55,50,1875,14467525
NIFTY-I.NFO,05/07/2024,09:30:38,24252,24251.95,50,24252.5,200,575,14467525
NIFTY-I.NFO,05/07/2024,09:30:38,24251.95,24251.95,50,24252.5,200,0,14467525
NIFTY-I.NFO,05/07/2024,09:30:40,24251.6,24251.6,450,24253.15,125,1500,14467525
NIFTY-I.NFO,05/07/2024,09:30:40,24251.6,24251.6,450,24253.15,125,0,14467525
NIFTY-I.NFO,05/07/2024,09:30:42,24254.2,24252.8,600,24254.6,100,1475,14467525
NIFTY-I.NFO,05/07/2024,09:30:42,24251.55,24252.8,600,24254.6,100,0,14467525
NIFTY-I.NFO,05/07/2024,09:30:43,24251.75,24251.5,25,24254.1,50,1400,14467525
NIFTY-I.NFO,05/07/2024,09:30:45,24251.35,24251.35,250,24252.65,50,1375,14467525
NIFTY-I.NFO,05/07/2024,09:30:45,24251.35,24251.35,250,24252.65,50,0,14467525
NIFTY-I.NFO,05/07/2024,09:30:47,24250.5,24250.5,375,24250.85,25,6625,14467525
NIFTY-I.NFO,05/07/2024,09:30:47,24250.5,24250.5,375,24250.85,25,0,14467525
NIFTY-I.NFO,05/07/2024,09:30:48,24257,24253.85,50,24257.6,50,3500,14467525
NIFTY-I.NFO,05/07/2024,09:30:50,24257.25,24256.3,100,24259.95,150,1275,14467525
NIFTY-I.NFO,05/07/2024,09:30:52,24261.05,24258.3,100,24260.85,75,1425,14467525
NIFTY-I.NFO,05/07/2024,09:30:53,24259.55,24254.6,75,24258.95,50,1075,14467525
NIFTY-I.NFO,05/07/2024,09:30:55,24254.85,24252.3,225,24254.8,100,750,14467525
NIFTY-I.NFO,05/07/2024,09:30:57,24253.2,24253.15,700,24253.7,100,1175,14467525
NIFTY-I.NFO,05/07/2024,09:30:58,24255.2,24254.9,450,24256.5,100,1100,14467525
NIFTY-I.NFO,05/07/2024,09:31:00,24256.4,24254.4,225,24256.4,100,375,14467525
NIFTY-I.NFO,05/07/2024,09:31:02,24256.4,24256.4,400,24258,100,625,14467525
NIFTY-I.NFO,05/07/2024,09:31:03,24252.8,24252.75,500,24255.35,400,850,14467525
NIFTY-I.NFO,05/07/2024,09:31:05,24255,24255,50,24258.65,125,925,14467525
NIFTY-I.NFO,05/07/2024,09:31:07,24257.95,24254.05,25,24256,25,7650,14467525
NIFTY-I.NFO,05/07/2024,09:31:08,24257.7,24255.65,150,24257.75,75,2250,14467525
NIFTY-I.NFO,05/07/2024,09:31:10,24255.25,24255.2,200,24257.25,100,1325,14467525
NIFTY-I.NFO,05/07/2024,09:31:12,24252.65,24252.6,75,24253.15,100,1800,14467525
NIFTY-I.NFO,05/07/2024,09:31:13,24253.7,24252.85,225,24253.7,75,1050,14467525
NIFTY-I.NFO,05/07/2024,09:31:15,24254.45,24252.8,75,24254.35,200,1150,14467525
NIFTY-I.NFO,05/07/2024,09:31:17,24251.65,24251.65,550,24252.6,50,875,14467525
NIFTY-I.NFO,05/07/2024,09:31:18,24253,24253,1300,24253.55,175,575,14467525
NIFTY-I.NFO,05/07/2024,09:31:20,24251.3,24251.3,150,24252.25,150,2625,14467525
NIFTY-I.NFO,05/07/2024,09:31:22,24251.65,24251.7,125,24252.75,50,850,14467525
NIFTY-I.NFO,05/07/2024,09:31:23,24253.6,24253.15,200,24253.6,25,925,14467525
NIFTY-I.NFO,05/07/2024,09:31:25,24255.6,24255.85,125,24257.55,75,1325,14467525
NIFTY-I.NFO,05/07/2024,09:31:27,24257.7,24257.7,25,24260,350,625,14467525
NIFTY-I.NFO,05/07/2024,09:31:28,24260.7,24258.75,50,24260.65,200,500,14467525
NIFTY-I.NFO,05/07/2024,09:31:30,24260,24258.6,50,24260.45,200,325,14467525
NIFTY-I.NFO,05/07/2024,09:31:32,24258.6,24258.05,25,24259.85,200,350,14467525
NIFTY-I.NFO,05/07/2024,09:31:33,24259.45,24258,225,24259.45,100,725,14467525
NIFTY-I.NFO,05/07/2024,09:31:35,24258,24258,50,24260.45,200,750,14467525
NIFTY-I.NFO,05/07/2024,09:31:37,24260.65,24259.45,50,24261.75,350,700,14467525
NIFTY-I.NFO,05/07/2024,09:31:38,24262.1,24261.6,50,24263.55,350,200,14467525
NIFTY-I.NFO,05/07/2024,09:31:40,24263.2,24260.7,525,24263.2,350,125,14467525
NIFTY-I.NFO,05/07/2024,09:31:42,24262,24260,375,24261.75,225,425,14467525
NIFTY-I.NFO,05/07/2024,09:31:43,24260,24260,125,24262,175,650,14467525
NIFTY-I.NFO,05/07/2024,09:31:45,24260.9,24260,50,24260.9,150,625,14467525
NIFTY-I.NFO,05/07/2024,09:31:47,24260.6,24256.85,100,24258.5,100,2500,14467525
NIFTY-I.NFO,05/07/2024,09:31:48,24258.6,24255.8,25,24258,100,950,14467525
NIFTY-I.NFO,05/07/2024,09:31:50,24255.2,24253,75,24255.05,100,1200,14467525
NIFTY-I.NFO,05/07/2024,09:31:52,24254.25,24253.4,25,24254.2,50,425,14467525
NIFTY-I.NFO,05/07/2024,09:31:53,24255.1,24254.85,150,24255.1,250,250,14467525
NIFTY-I.NFO,05/07/2024,09:31:55,24255.05,24255,525,24255.05,100,250,14467525
NIFTY-I.NFO,05/07/2024,09:31:57,24255,24254.45,25,24254.95,100,1100,14467525
NIFTY-I.NFO,05/07/2024,09:31:58,24253.05,24253.2,100,24254.55,100,325,14467525
NIFTY-I.NFO,05/07/2024,09:32:00,24254.85,24253.4,400,24254.85,25,250,14467525
NIFTY-I.NFO,05/07/2024,09:32:02,24253.4,24253.5,325,24254.95,25,225,14467525
NIFTY-I.NFO,05/07/2024,09:32:03,24254.95,24254.95,225,24256.45,100,1625,14467525
NIFTY-I.NFO,05/07/2024,09:32:05,24255.1,24255,200,24255.1,25,575,14467525
NIFTY-I.NFO,05/07/2024,09:32:07,24259.9,24255.65,50,24259.85,100,2600,14467525
NIFTY-I.NFO,05/07/2024,09:32:08,24255.05,24255,375,24258.8,50,2125,14467525
NIFTY-I.NFO,05/07/2024,09:32:10,24255,24255,300,24258.1,75,525,14467525
NIFTY-I.NFO,05/07/2024,09:32:12,24255,24255,275,24257.9,350,100,14467525
NIFTY-I.NFO,05/07/2024,09:32:13,24255.65,24255.6,375,24257.65,100,350,14467525
NIFTY-I.NFO,05/07/2024,09:32:15,24258,24256.8,75,24257.95,100,400,14467525
NIFTY-I.NFO,05/07/2024,09:32:17,24256.35,24256.9,150,24257.95,100,400,14467525
NIFTY-I.NFO,05/07/2024,09:32:18,24257.95,24258.05,75,24259,25,275,14467525
NIFTY-I.NFO,05/07/2024,09:32:20,24259,24258.75,325,24259.9,25,225,14467525
NIFTY-I.NFO,05/07/2024,09:32:22,24259.6,24257.45,100,24259.6,350,700,14467525
NIFTY-I.NFO,05/07/2024,09:32:23,24258.75,24257.35,75,24259.95,75,200,14467525
NIFTY-I.NFO,05/07/2024,09:32:25,24262.25,24260.95,50,24262.25,25,300,14467525
NIFTY-I.NFO,05/07/2024,09:32:27,24263.95,24261.65,50,24263.95,100,1100,14467525
NIFTY-I.NFO,05/07/2024,09:32:28,24263.95,24262.25,50,24263.65,125,100,14467525
NIFTY-I.NFO,05/07/2024,09:32:30,24263.9,24262.3,25,24263.35,300,525,14467525
NIFTY-I.NFO,05/07/2024,09:32:32,24260,24260,275,24262.6,350,350,14467525
NIFTY-I.NFO,05/07/2024,09:32:33,24261.05,24260.95,125,24263.85,25,350,14467525
NIFTY-I.NFO,05/07/2024,09:32:35,24263.9,24262.3,75,24263.95,25,400,14467525
NIFTY-I.NFO,05/07/2024,09:32:36,24262.3,24263,1000,24263.7,150,125,14467525
NIFTY-I.NFO,05/07/2024,09:32:38,24263.7,24263,925,24263.7,150,325,14467525
NIFTY-I.NFO,05/07/2024,09:32:40,24264.3,24264.05,25,24265,375,2875,14467525
NIFTY-I.NFO,05/07/2024,09:32:41,24266.9,24264.05,25,24266.95,50,450,14467525
NIFTY-I.NFO,05/07/2024,09:32:43,24265,24265,25,24266.3,125,375,14467525
NIFTY-I.NFO,05/07/2024,09:32:45,24263.7,24264.9,25,24267.5,25,125,14467525
NIFTY-I.NFO,05/07/2024,09:32:46,24268.95,24266.35,50,24268.95,75,375,14467525
NIFTY-I.NFO,05/07/2024,09:32:48,24269,24268.5,1325,24269,850,1725,14467525
NIFTY-I.NFO,05/07/2024,09:32:50,24270.45,24269.05,50,24271.2,350,2925,14467525
NIFTY-I.NFO,05/07/2024,09:32:51,24268.5,24268.5,475,24270.4,25,425,14467525
NIFTY-I.NFO,05/07/2024,09:32:53,24271.7,24269,25,24271.9,200,825,14467525
NIFTY-I.NFO,05/07/2024,09:32:55,24270,24268.5,450,24270,200,325,14467525
NIFTY-I.NFO,05/07/2024,09:32:56,24271.95,24270,375,24271.6,25,600,14467525
NIFTY-I.NFO,05/07/2024,09:32:58,24270.45,24270.4,100,24273.05,25,225,14467525
NIFTY-I.NFO,05/07/2024,09:33:00,24272.8,24270.4,25,24272.8,25,300,14467525
NIFTY-I.NFO,05/07/2024,09:33:01,24271.4,24271.2,25,24271.95,125,225,14467525
NIFTY-I.NFO,05/07/2024,09:33:03,24272.55,24270,350,24272.75,25,850,14467525
NIFTY-I.NFO,05/07/2024,09:33:05,24274,24272,200,24274,800,1225,14467525
NIFTY-I.NFO,05/07/2024,09:33:06,24274.85,24274.15,25,24274.85,225,1150,14467525
NIFTY-I.NFO,05/07/2024,09:33:08,24274.1,24274.55,25,24276.85,450,3750,14467525
NIFTY-I.NFO,05/07/2024,09:33:10,24276.3,24275,50,24276.05,225,850,14467525
NIFTY-I.NFO,05/07/2024,09:33:11,24274.55,24272.8,25,24273.85,125,950,14467525
NIFTY-I.NFO,05/07/2024,09:33:13,24275.8,24272.8,300,24274.75,25,925,14467525
NIFTY-I.NFO,05/07/2024,09:33:14,24272.8,24272.8,25,24274.5,125,300,14428575
NIFTY-I.NFO,05/07/2024,09:33:16,24278,24276.05,25,24277.8,25,14325,14428575
NIFTY-I.NFO,05/07/2024,09:33:18,24276.4,24275,75,24276.45,125,100,14428575
NIFTY-I.NFO,05/07/2024,09:33:19,24274.55,24274.55,50,24275,25,300,14428575
NIFTY-I.NFO,05/07/2024,09:33:21,24275.55,24274.6,200,24276.05,200,175,14428575
NIFTY-I.NFO,05/07/2024,09:33:23,24276.05,24275,50,24276.05,225,1175,14428575
NIFTY-I.NFO,05/07/2024,09:33:24,24273.5,24272,150,24273.3,25,725,14428575
NIFTY-I.NFO,05/07/2024,09:33:26,24271,24271,225,24272.05,25,425,14428575
NIFTY-I.NFO,05/07/2024,09:33:27,24271,24271.05,350,24271.9,25,300,14428575
NIFTY-I.NFO,05/07/2024,09:33:29,24272.1,24271.1,350,24271.95,75,175,14428575
NIFTY-I.NFO,05/07/2024,09:33:31,24270.95,24270,1150,24270.75,25,1225,14428575
NIFTY-I.NFO,05/07/2024,09:33:32,24271,24270,1125,24271,50,275,14428575
NIFTY-I.NFO,05/07/2024,09:33:34,24272.55,24271.1,25,24272.95,200,225,14428575
NIFTY-I.NFO,05/07/2024,09:33:35,24272.55,24271.1,25,24272.55,225,450,14428575
NIFTY-I.NFO,05/07/2024,09:33:37,24271.3,24270,1200,24270.6,25,225,14428575
NIFTY-I.NFO,05/07/2024,09:33:39,24271.75,24270.05,75,24271.75,200,175,14428575
NIFTY-I.NFO,05/07/2024,09:33:40,24272.4,24270.6,1000,24272.05,225,350,14428575
NIFTY-I.NFO,05/07/2024,09:33:42,24270.6,24270.6,925,24272.65,25,250,14428575
NIFTY-I.NFO,05/07/2024,09:33:44,24270.6,24270.6,775,24271.45,50,225,14428575
NIFTY-I.NFO,05/07/2024,09:33:45,24270.8,24270.65,350,24270.8,25,1075,14428575
NIFTY-I.NFO,05/07/2024,09:33:47,24271.05,24270,1025,24270.6,25,825,14428575
NIFTY-I.NFO,05/07/2024,09:33:49,24271.95,24270.8,25,24272,25,675,14428575
NIFTY-I.NFO,05/07/2024,09:33:50,24270.8,24270,500,24272.6,25,625,14428575
NIFTY-I.NFO,05/07/2024,09:33:52,24272.3,24270,525,24272.1,25,175,14428575
NIFTY-I.NFO,05/07/2024,09:33:53,24270.7,24270,575,24270.7,150,825,14428575
NIFTY-I.NFO,05/07/2024,09:33:55,24270.6,24270,575,24270.5,50,125,14428575
NIFTY-I.NFO,05/07/2024,09:33:57,24270.6,24270,525,24270.6,25,150,14428575
NIFTY-I.NFO,05/07/2024,09:33:58,24270.65,24270,450,24271.05,100,400,14428575
NIFTY-I.NFO,05/07/2024,09:34:00,24269.95,24268.5,175,24269.65,25,850,14428575
NIFTY-I.NFO,05/07/2024,09:34:02,24266.3,24266.3,50,24267.45,250,525,14428575
NIFTY-I.NFO,05/07/2024,09:34:03,24266.95,24263.75,100,24266.95,475,1100,14428575
NIFTY-I.NFO,05/07/2024,09:34:05,24268.25,24266.8,25,24269,25,350,14428575
NIFTY-I.NFO,05/07/2024,09:34:07,24265.4,24265,25,24268.75,100,175,14428575
NIFTY-I.NFO,05/07/2024,09:34:08,24266.95,24263.65,50,24267.6,100,1725,14428575
NIFTY-I.NFO,05/07/2024,09:34:10,24266,24263,350,24264.5,100,675,14428575
NIFTY-I.NFO,05/07/2024,09:34:11,24268.95,24268.45,100,24269.95,75,975,14428575
NIFTY-I.NFO,05/07/2024,09:34:13,24268.1,24265,50,24268.2,125,750,14428575
NIFTY-I.NFO,05/07/2024,09:34:15,24268.55,24266,300,24268.55,25,200,14428575
NIFTY-I.NFO,05/07/2024,09:34:16,24268.6,24266.95,100,24268.95,100,50,14428575
NIFTY-I.NFO,05/07/2024,09:34:18,24266.95,24267.95,25,24268.95,100,150,14428575
NIFTY-I.NFO,05/07/2024,09:34:20,24266,24265.2,25,24266,375,1175,14428575
NIFTY-I.NFO,05/07/2024,09:34:21,24268.55,24266,25,24269.6,75,500,14428575
NIFTY-I.NFO,05/07/2024,09:34:23,24268.95,24266.35,25,24269.8,25,25,14428575
NIFTY-I.NFO,05/07/2024,09:34:25,24268.55,24268.55,450,24269.95,125,350,14428575
NIFTY-I.NFO,05/07/2024,09:34:26,24269.95,24268.75,50,24269.95,100,150,14428575
NIFTY-I.NFO,05/07/2024,09:34:28,24273,24273,25,24273.4,25,325,14428575
NIFTY-I.NFO,05/07/2024,09:34:30,24273.45,24270.35,50,24273.45,200,575,14428575
NIFTY-I.NFO,05/07/2024,09:34:31,24273.35,24272.4,300,24273.35,150,375,14428575
NIFTY-I.NFO,05/07/2024,09:34:33,24272.4,24270,25,24272.35,125,775,14428575
NIFTY-I.NFO,05/07/2024,09:34:35,24270.05,24270.05,25,24273.75,25,325,14428575
NIFTY-I.NFO,05/07/2024,09:34:36,24270.2,24270.25,25,24272.4,325,50,14428575
NIFTY-I.NFO,05/07/2024,09:34:38,24270.25,24270,75,24272.6,175,525,14428575
NIFTY-I.NFO,05/07/2024,09:34:40,24271.4,24269.6,25,24272.8,50,600,14428575
NIFTY-I.NFO,05/07/2024,09:34:41,24268.55,24268.55,125,24269.6,250,375,14428575
NIFTY-I.NFO,05/07/2024,09:34:43,24268.55,24268.55,50,24271.35,175,475,14428575
NIFTY-I.NFO,05/07/2024,09:34:45,24268.8,24268.85,25,24271.35,175,250,14428575
NIFTY-I.NFO,05/07/2024,09:34:46,24268.55,24270,25,24271.4,50,400,14428575
NIFTY-I.NFO,05/07/2024,09:34:48,24268.85,24268,325,24268.85,1075,75,14428575
NIFTY-I.NFO,05/07/2024,09:34:50,24268,24267.05,50,24268,175,375,14428575
NIFTY-I.NFO,05/07/2024,09:34:51,24268.85,24266.95,525,24268.85,1625,475,14428575
NIFTY-I.NFO,05/07/2024,09:34:53,24266.95,24266.95,525,24267.95,50,700,14428575
NIFTY-I.NFO,05/07/2024,09:34:55,24267.95,24265,1500,24267.95,75,1000,14428575
NIFTY-I.NFO,05/07/2024,09:34:56,24265,24265,1225,24266.4,75,275,14428575
NIFTY-I.NFO,05/07/2024,09:34:58,24266.3,24265,550,24266.3,75,850,14428575
NIFTY-I.NFO,05/07/2024,09:35:00,24263.1,24263.3,50,24265,50,1675,14428575
NIFTY-I.NFO,05/07/2024,09:35:01,24264.45,24263,100,24264.35,75,200,14428575
NIFTY-I.NFO,05/07/2024,09:35:03,24263,24261.5,150,24264.6,50,875,14428575
NIFTY-I.NFO,05/07/2024,09:35:05,24264.55,24261,50,24264.2,100,150,14428575
NIFTY-I.NFO,05/07/2024,09:35:06,24263.8,24261.05,50,24264.5,75,25,14428575
NIFTY-I.NFO,05/07/2024,09:35:08,24264.6,24263,100,24264.3,75,350,14428575
NIFTY-I.NFO,05/07/2024,09:35:10,24265.6,24264.2,25,24265.6,25,1075,14428575
NIFTY-I.NFO,05/07/2024,09:35:11,24264.3,24263,100,24264.95,25,125,14428575
NIFTY-I.NFO,05/07/2024,09:35:13,24265,24265,9975,24265.4,175,900,14428575
NIFTY-I.NFO,05/07/2024,09:35:14,24265,24265,9175,24265.2,75,900,14428575
NIFTY-I.NFO,05/07/2024,09:35:16,24265,24265,8600,24265.55,25,575,14428575
NIFTY-I.NFO,05/07/2024,09:35:18,24265.4,24265,8550,24265.35,75,75,14428575
NIFTY-I.NFO,05/07/2024,09:35:19,24265.2,24265,8350,24265.15,50,350,14428575
NIFTY-I.NFO,05/07/2024,09:35:21,24265,24265,7900,24265.5,100,625,14428575
NIFTY-I.NFO,05/07/2024,09:35:23,24265,24265.2,50,24266.65,75,925,14428575
NIFTY-I.NFO,05/07/2024,09:35:24,24265,24265,6000,24265.05,75,1225,14428575
NIFTY-I.NFO,05/07/2024,09:35:26,24265,24265,5275,24265.05,500,850,14428575
NIFTY-I.NFO,05/07/2024,09:35:28,24265,24265,4800,24265.05,325,850,14428575
NIFTY-I.NFO,05/07/2024,09:35:29,24265,24265,3975,24265.05,325,975,14428575
NIFTY-I.NFO,05/07/2024,09:35:31,24262.2,24260.2,500,24262.65,25,4650,14428575
NIFTY-I.NFO,05/07/2024,09:35:33,24262,24260.2,525,24261.8,175,175,14428575
NIFTY-I.NFO,05/07/2024,09:35:34,24262.7,24260.25,100,24263.55,25,900,14428575
NIFTY-I.NFO,05/07/2024,09:35:36,24262.85,24261,175,24263.85,100,425,14428575
NIFTY-I.NFO,05/07/2024,09:35:38,24263.85,24262.65,50,24263.35,75,25,14428575
NIFTY-I.NFO,05/07/2024,09:35:39,24259.1,24257.6,100,24259.05,100,2025,14428575
NIFTY-I.NFO,05/07/2024,09:35:41,24258.55,24257,50,24258.5,50,600,14428575
NIFTY-I.NFO,05/07/2024,09:35:43,24258.5,24259.05,25,24260.35,75,275,14428575
NIFTY-I.NFO,05/07/2024,09:35:44,24257.8,24257.4,25,24259.3,350,2450,14428575
NIFTY-I.NFO,05/07/2024,09:35:46,24259.3,24257.35,75,24258.5,25,475,14428575
NIFTY-I.NFO,05/07/2024,09:35:48,24259.9,24257,25,24259.8,75,275,14428575
NIFTY-I.NFO,05/07/2024,09:35:49,24257.65,24255.9,25,24257.25,75,650,14428575
NIFTY-I.NFO,05/07/2024,09:35:51,24258.2,24255.3,100,24258.45,100,1175,14428575
NIFTY-I.NFO,05/07/2024,09:35:52,24255,24255,1000,24257.25,75,425,14428575
NIFTY-I.NFO,05/07/2024,09:35:54,24253.9,24253.7,125,24257.45,100,3350,14428575
NIFTY-I.NFO,05/07/2024,09:35:56,24256.75,24256,50,24258.55,50,1125,14428575
NIFTY-I.NFO,05/07/2024,09:35:57,24258.5,24256.3,25,24258.5,50,500,14428575
NIFTY-I.NFO,05/07/2024,09:35:59,24259.8,24257.8,50,24259.85,25,400,14428575
NIFTY-I.NFO,05/07/2024,09:36:01,24258.55,24258.55,175,24259.95,100,375,14428575
NIFTY-I.NFO,05/07/2024,09:36:02,24264.3,24260.6,125,24264.3,50,425,14428575
NIFTY-I.NFO,05/07/2024,09:36:04,24265.15,24261.6,75,24265.15,100,225,14428575
NIFTY-I.NFO,05/07/2024,09:36:06,24264.3,24260,925,24263,25,225,14428575
NIFTY-I.NFO,05/07/2024,09:36:07,24262.9,24260,875,24263.1,25,500,14428575
NIFTY-I.NFO,05/07/2024,09:36:09,24263,24260,950,24263.05,100,2000,14428575
NIFTY-I.NFO,05/07/2024,09:36:11,24262.7,24260,925,24262.7,25,100,14428575
NIFTY-I.NFO,05/07/2024,09:36:12,24262.9,24260,850,24262.7,350,150,14428575
NIFTY-I.NFO,05/07/2024,09:36:14,24259.3,24260,25,24262.15,475,1325,14428575
NIFTY-I.NFO,05/07/2024,09:36:16,24260.7,24258.55,175,24260.7,425,100,14419200
NIFTY-I.NFO,05/07/2024,09:36:17,24259.35,24258.55,150,24258.8,125,100,14419200
NIFTY-I.NFO,05/07/2024,09:36:19,24259.1,24256.8,750,24259,25,525,14419200
NIFTY-I.NFO,05/07/2024,09:36:20,24260,24257.9,25,24260.2,350,275,14419200
NIFTY-I.NFO,05/07/2024,09:36:22,24258.95,24258.15,750,24259,75,425,14419200
NIFTY-I.NFO,05/07/2024,09:36:24,24262.6,24260,1000,24261.95,100,375,14419200
NIFTY-I.NFO,05/07/2024,09:36:25,24259,24257.35,50,24259.35,75,1250,14419200
NIFTY-I.NFO,05/07/2024,09:36:27,24257.7,24256,25,24257.5,100,225,14419200
NIFTY-I.NFO,05/07/2024,09:36:29,24255.35,24255,375,24255.35,25,200,14419200
NIFTY-I.NFO,05/07/2024,09:36:30,24256,24255.95,25,24258.6,350,125,14419200
NIFTY-I.NFO,05/07/2024,09:36:32,24261.9,24260,25,24261.9,125,100,14419200
NIFTY-I.NFO,05/07/2024,09:36:34,24260,24260,25,24261.85,150,1825,14419200
NIFTY-I.NFO,05/07/2024,09:36:35,24260,24259,50,24261.85,350,250,14419200
NIFTY-I.NFO,05/07/2024,09:36:37,24261.65,24260.2,200,24261.75,25,500,14419200
NIFTY-I.NFO,05/07/2024,09:36:39,24260.2,24260.2,175,24261.75,25,50,14419200
NIFTY-I.NFO,05/07/2024,09:36:40,24262,24262,350,24263,25,175,14419200
NIFTY-I.NFO,05/07/2024,09:36:42,24265,24263,75,24265,100,200,14419200
NIFTY-I.NFO,05/07/2024,09:36:44,24265,24263.75,50,24265,1225,175,14419200
NIFTY-I.NFO,05/07/2024,09:36:45,24264,24263,175,24264.35,25,1500,14419200
NIFTY-I.NFO,05/07/2024,09:36:47,24264.6,24263,125,24263.9,25,225,14419200
NIFTY-I.NFO,05/07/2024,09:36:49,24263,24262,350,24262.95,100,475,14419200
NIFTY-I.NFO,05/07/2024,09:36:50,24264.1,24262,350,24264.2,25,275,14419200
NIFTY-I.NFO,05/07/2024,09:36:52,24264.4,24263.6,25,24265,25,25,14419200
NIFTY-I.NFO,05/07/2024,09:36:54,24265,24264.6,25,24266.85,150,300,14419200
NIFTY-I.NFO,05/07/2024,09:36:55,24265.65,24265,75,24266.9,25,350,14419200
NIFTY-I.NFO,05/07/2024,09:36:57,24267.45,24265,250,24267.25,25,550,14419200
NIFTY-I.NFO,05/07/2024,09:36:58,24263.95,24263.65,25,24264.6,25,375,14419200
NIFTY-I.NFO,05/07/2024,09:37:00,24264.95,24263.05,25,24265,375,200,14419200
NIFTY-I.NFO,05/07/2024,09:37:02,24264.95,24263.5,50,24264.95,25,25,14419200
NIFTY-I.NFO,05/07/2024,09:37:03,24263,24262,25,24263,50,150,14419200
NIFTY-I.NFO,05/07/2024,09:37:05,24264.85,24262,25,24264.85,75,750,14419200
NIFTY-I.NFO,05/07/2024,09:37:07,24264.6,24261.2,200,24264.85,25,900,14419200
NIFTY-I.NFO,05/07/2024,09:37:08,24264.6,24263,125,24264.8,100,0,14419200
NIFTY-I.NFO,05/07/2024,09:37:10,24267.6,24263.7,25,24265,50,1525,14419200
NIFTY-I.NFO,05/07/2024,09:37:12,24267.45,24265.25,25,24267.75,25,500,14419200
NIFTY-I.NFO,05/07/2024,09:37:13,24269,24265.8,25,24268.6,25,275,14419200
NIFTY-I.NFO,05/07/2024,09:37:15,24266.6,24264.8,125,24266.6,150,425,14419200
NIFTY-I.NFO,05/07/2024,09:37:16,24268.9,24265.7,25,24268.4,125,275,14419200
NIFTY-I.NFO,05/07/2024,09:37:18,24269.95,24267.75,25,24270,100,275,14419200
NIFTY-I.NFO,05/07/2024,09:37:20,24265,24265,325,24268.25,25,150,14419200
NIFTY-I.NFO,05/07/2024,09:37:21,24269.3,24267,275,24269.05,25,725,14419200
NIFTY-I.NFO,05/07/2024,09:37:23,24269,24268.25,50,24269.05,25,50,14419200
NIFTY-I.NFO,05/07/2024,09:37:25,24267.75,24267,75,24267.75,75,250,14419200
NIFTY-I.NFO,05/07/2024,09:37:26,24268.65,24267,50,24268.15,125,150,14419200
NIFTY-I.NFO,05/07/2024,09:37:28,24266.9,24265.45,25,24266.9,25,225,14419200
NIFTY-I.NFO,05/07/2024,09:37:30,24266.95,24266.95,950,24269.5,50,350,14419200
NIFTY-I.NFO,05/07/2024,09:37:31,24266.95,24268.6,25,24269.45,25,0,14419200
NIFTY-I.NFO,05/07/2024,09:37:33,24270,24270,25,24270.45,50,225,14419200
NIFTY-I.NFO,05/07/2024,09:37:35,24273,24270,50,24272.55,25,225,14419200
NIFTY-I.NFO,05/07/2024,09:37:36,24270,24270,25,24271.6,100,250,14419200
NIFTY-I.NFO,05/07/2024,09:37:38,24271.1,24269.5,50,24270.85,25,200,14419200
NIFTY-I.NFO,05/07/2024,09:37:40,24269.5,24269.5,25,24271.1,325,75,14419200
NIFTY-I.NFO,05/07/2024,09:37:41,24271.1,24270,25,24271.1,250,250,14419200
NIFTY-I.NFO,05/07/2024,09:37:43,24270,24269.5,25,24269.95,475,275,14419200
NIFTY-I.NFO,05/07/2024,09:37:45,24269.5,24268.35,25,24269.45,200,450,14419200
NIFTY-I.NFO,05/07/2024,09:37:46,24269.5,24268.35,25,24270,150,250,14419200
NIFTY-I.NFO,05/07/2024,09:37:48,24270.6,24269.95,25,24270.9,125,150,14419200
NIFTY-I.NFO,05/07/2024,09:37:50,24269.95,24269.95,25,24272.1,150,650,14419200
NIFTY-I.NFO,05/07/2024,09:37:51,24270,24269,50,24271.65,375,75,14419200
NIFTY-I.NFO,05/07/2024,09:37:53,24271,24269.5,50,24271,100,400,14419200
NIFTY-I.NFO,05/07/2024,09:37:55,24270.95,24270,25,24270.6,75,650,14419200
NIFTY-I.NFO,05/07/2024,09:37:56,24271.65,24270.9,25,24270.95,150,750,14419200
NIFTY-I.NFO,05/07/2024,09:37:58,24270.85,24268.35,25,24269.45,200,225,14419200
NIFTY-I.NFO,05/07/2024,09:37:59,24270.05,24268.35,25,24270.05,275,450,14419200
NIFTY-I.NFO,05/07/2024,09:38:01,24269,24268.35,25,24268.9,25,250,14419200
NIFTY-I.NFO,05/07/2024,09:38:03,24268.15,24266.95,750,24268.15,150,1175,14419200
NIFTY-I.NFO,05/07/2024,09:38:04,24267.4,24265.8,75,24267.1,175,875,14419200
NIFTY-I.NFO,05/07/2024,09:38:06,24266.95,24265.05,50,24266.95,75,650,14419200
NIFTY-I.NFO,05/07/2024,09:38:08,24264.7,24264.6,100,24264.75,75,875,14419200
NIFTY-I.NFO,05/07/2024,09:38:09,24264.6,24264,100,24264.5,100,900,14419200
NIFTY-I.NFO,05/07/2024,09:38:11,24263.9,24262,75,24263.9,275,1000,14419200
NIFTY-I.NFO,05/07/2024,09:38:12,24264,24262,75,24264,50,375,14419200
NIFTY-I.NFO,05/07/2024,09:38:14,24264.35,24264,100,24264.35,50,525,14419200
NIFTY-I.NFO,05/07/2024,09:38:16,24264,24262,75,24264,350,550,14419200
NIFTY-I.NFO,05/07/2024,09:38:17,24263.95,24262.2,25,24263.95,50,300,14419200
NIFTY-I.NFO,05/07/2024,09:38:19,24264.1,24262.25,150,24264.15,350,100,14419200
NIFTY-I.NFO,05/07/2024,09:38:21,24264.15,24262.25,125,24264.3,75,250,14419200
NIFTY-I.NFO,05/07/2024,09:38:22,24264.3,24264.15,75,24264.3,25,150,14419200
NIFTY-I.NFO,05/07/2024,09:38:24,24262.25,24262.2,25,24264.1,250,100,14419200
NIFTY-I.NFO,05/07/2024,09:38:25,24262,24262,2500,24262.55,75,700,14419200
NIFTY-I.NFO,05/07/2024,09:38:27,24261.4,24261,125,24261.4,50,2550,14419200
NIFTY-I.NFO,05/07/2024,09:38:29,24261.1,24260.5,25,24261.1,25,75,14419200
NIFTY-I.NFO,05/07/2024,09:38:30,24261,24260.5,25,24261.3,25,25,14419200
NIFTY-I.NFO,05/07/2024,09:38:32,24260.5,24260.15,25,24261.2,50,50,14419200
NIFTY-I.NFO,05/07/2024,09:38:33,24260.5,24260.55,25,24260.95,50,0,14419200
NIFTY-I.NFO,05/07/2024,09:38:35,24260,24260,1125,24260.95,100,175,14419200
NIFTY-I.NFO,05/07/2024,09:38:36,24260,24260,975,24260.1,25,150,14419200
NIFTY-I.NFO,05/07/2024,09:38:38,24260,24260,675,24260.45,25,1025,14419200
NIFTY-I.NFO,05/07/2024,09:38:40,24261.1,24260.95,25,24261.1,25,200,14419200
NIFTY-I.NFO,05/07/2024,09:38:41,24262.2,24260,650,24262.2,350,275,14419200
NIFTY-I.NFO,05/07/2024,09:38:43,24262.05,24260,650,24262,350,200,14419200
NIFTY-I.NFO,05/07/2024,09:38:44,24262.2,24261,75,24262.2,25,350,14419200
NIFTY-I.NFO,05/07/2024,09:38:46,24262.2,24260,375,24262.05,350,125,14419200
NIFTY-I.NFO,05/07/2024,09:38:48,24260,24260,275,24262,350,175,14419200
NIFTY-I.NFO,05/07/2024,09:38:49,24261.75,24260,325,24261.8,350,275,14419200
NIFTY-I.NFO,05/07/2024,09:38:51,24260,24258,25,24260,950,975,14419200
NIFTY-I.NFO,05/07/2024,09:38:52,24259.5,24259.5,100,24261.95,350,1325,14419200
NIFTY-I.NFO,05/07/2024,09:38:54,24261.95,24258.55,100,24261.95,75,325,14419200
NIFTY-I.NFO,05/07/2024,09:38:56,24261.95,24259.5,25,24262,25,425,14419200
NIFTY-I.NFO,05/07/2024,09:38:58,24259.5,24258.35,750,24260.6,350,50,14419200
NIFTY-I.NFO,05/07/2024,09:38:59,24259.5,24258.05,750,24259.5,500,200,14419200
NIFTY-I.NFO,05/07/2024,09:39:01,24262,24261.1,750,24262,25,975,14419200
NIFTY-I.NFO,05/07/2024,09:39:02,24263.7,24262.15,800,24263.7,25,350,14419200
NIFTY-I.NFO,05/07/2024,09:39:04,24267.85,24265.45,150,24267.85,350,550,14419200
NIFTY-I.NFO,05/07/2024,09:39:06,24267.95,24264.9,50,24267.75,350,200,14419200
NIFTY-I.NFO,05/07/2024,09:39:07,24267.75,24265,100,24267.75,350,125,14419200
NIFTY-I.NFO,05/07/2024,09:39:09,24267.25,24263.95,625,24267.25,350,125,14419200
NIFTY-I.NFO,05/07/2024,09:39:11,24269.05,24264.65,25,24268.65,100,925,14419200
NIFTY-I.NFO,05/07/2024,09:39:12,24269.05,24264.75,625,24268.9,25,300,14419200
NIFTY-I.NFO,05/07/2024,09:39:14,24270,24267.9,25,24270,1950,500,14419200
NIFTY-I.NFO,05/07/2024,09:39:16,24268.8,24268.9,25,24271.9,25,2175,14408100
NIFTY-I.NFO,05/07/2024,09:39:17,24268.15,24269.25,125,24270,25,375,14408100
NIFTY-I.NFO,05/07/2024,09:39:19,24271.9,24269.05,25,24272.1,75,125,14408100
NIFTY-I.NFO,05/07/2024,09:39:21,24271.85,24270.05,550,24271.85,450,300,14408100
NIFTY-I.NFO,05/07/2024,09:39:22,24275,24273.5,125,24275,475,875,14408100
NIFTY-I.NFO,05/07/2024,09:39:24,24276.8,24273.45,25,24276.9,25,825,14408100
NIFTY-I.NFO,05/07/2024,09:39:26,24276.85,24275,600,24276.85,125,450,14408100
NIFTY-I.NFO,05/07/2024,09:39:27,24276.8,24276,25,24276.8,125,200,14408100
NIFTY-I.NFO,05/07/2024,09:39:29,24277.95,24275.1,50,24278,25,925,14408100
NIFTY-I.NFO,05/07/2024,09:39:31,24275.1,24275.1,25,24276.65,25,75,14408100
NIFTY-I.NFO,05/07/2024,09:39:32,24275,24275,50,24276.85,75,525,14408100
NIFTY-I.NFO,05/07/2024,09:39:34,24277.1,24275,50,24277.1,100,200,14408100
NIFTY-I.NFO,05/07/2024,09:39:36,24275,24272.25,525,24274.95,475,75,14408100
NIFTY-I.NFO,05/07/2024,09:39:37,24274.9,24272.1,25,24274.9,150,75,14408100
NIFTY-I.NFO,05/07/2024,09:39:39,24274.75,24272.05,525,24274.65,300,175,14408100
NIFTY-I.NFO,05/07/2024,09:39:41,24273.95,24271.1,525,24273.6,250,100,14408100
NIFTY-I.NFO,05/07/2024,09:39:42,24272.8,24272.3,25,24274.5,350,275,14408100
NIFTY-I.NFO,05/07/2024,09:39:44,24274.75,24273.95,25,24274.75,100,125,14408100
NIFTY-I.NFO,05/07/2024,09:39:46,24273.95,24272.05,525,24274.7,350,25,14408100
NIFTY-I.NFO,05/07/2024,09:39:47,24273.95,24273.95,450,24275.65,25,375,14408100
NIFTY-I.NFO,05/07/2024,09:39:49,24273.95,24273.95,325,24275.6,150,1875,14408100
NIFTY-I.NFO,05/07/2024,09:39:50,24273.95,24273.95,275,24275.6,100,100,14408100
NIFTY-I.NFO,05/07/2024,09:39:52,24273.9,24273,50,24273.95,100,475,14408100
NIFTY-I.NFO,05/07/2024,09:39:54,24272.9,24271,75,24272.85,100,1200,14408100
NIFTY-I.NFO,05/07/2024,09:39:55,24272.9,24271,75,24273.7,50,5825,14408100
NIFTY-I.NFO,05/07/2024,09:39:57,24273.6,24273.6,25,24275.55,75,400,14408100
NIFTY-I.NFO,05/07/2024,09:39:59,24271.8,24271.85,25,24275.35,25,225,14408100
NIFTY-I.NFO,05/07/2024,09:40:00,24273.7,24271.05,25,24273.65,425,500,14408100
NIFTY-I.NFO,05/07/2024,09:40:02,24275,24273,50,24275,200,1300,14408100
NIFTY-I.NFO,05/07/2024,09:40:03,24275.6,24272.3,25,24275.6,25,475,14408100
NIFTY-I.NFO,05/07/2024,09:40:05,24276.05,24274,25,24276.05,25,200,14408100
NIFTY-I.NFO,05/07/2024,09:40:07,24276.1,24275.9,1000,24276.2,25,75,14408100
NIFTY-I.NFO,05/07/2024,09:40:08,24275.9,24275.9,950,24277.05,25,125,14408100
NIFTY-I.NFO,05/07/2024,09:40:10,24277.75,24277.1,25,24277.95,125,525,14408100
NIFTY-I.NFO,05/07/2024,09:40:12,24279.75,24277.75,50,24278.95,100,750,14408100
NIFTY-I.NFO,05/07/2024,09:40:13,24279.9,24277.75,50,24279.9,3150,350,14408100
NIFTY-I.NFO,05/07/2024,09:40:15,24279.9,24277.75,25,24279.9,1900,1550,14408100
NIFTY-I.NFO,05/07/2024,09:40:17,24279.9,24277.75,25,24279.85,25,1000,14408100
NIFTY-I.NFO,05/07/2024,09:40:18,24279.9,24278,25,24279.9,450,750,14408100
NIFTY-I.NFO,05/07/2024,09:40:20,24279.95,24278,200,24279.95,25,1125,14408100
NIFTY-I.NFO,05/07/2024,09:40:22,24279.65,24277.1,25,24279.8,50,450,14408100
NIFTY-I.NFO,05/07/2024,09:40:23,24277.95,24277.05,25,24277.9,25,300,14408100
NIFTY-I.NFO,05/07/2024,09:40:25,24277.95,24277.9,150,24278,50,150,14408100
NIFTY-I.NFO,05/07/2024,09:40:27,24279,24277.05,25,24279.3,25,575,14408100
NIFTY-I.NFO,05/07/2024,09:40:28,24277.95,24277.05,25,24279.3,25,25,14408100
NIFTY-I.NFO,05/07/2024,09:40:30,24276.05,24276,75,24278.95,150,250,14408100
NIFTY-I.NFO,05/07/2024,09:40:32,24277.2,24276.05,100,24278.7,150,50,14408100
NIFTY-I.NFO,05/07/2024,09:40:33,24278.1,24278.25,125,24280,1425,2475,14408100
NIFTY-I.NFO,05/07/2024,09:40:35,24280,24277.95,225,24280,775,1250,14408100
NIFTY-I.NFO,05/07/2024,09:40:37,24278.9,24276,75,24279,125,950,14408100
NIFTY-I.NFO,05/07/2024,09:40:38,24275.9,24276.05,25,24278.55,25,150,14408100
NIFTY-I.NFO,05/07/2024,09:40:40,24277.85,24275.9,25,24278,150,1025,14408100
NIFTY-I.NFO,05/07/2024,09:40:42,24277.25,24275,2000,24277.25,200,775,14408100
NIFTY-I.NFO,05/07/2024,09:40:43,24276.75,24275,700,24276.75,225,1925,14408100
NIFTY-I.NFO,05/07/2024,09:40:45,24275.9,24275,700,24276.7,175,50,14408100
NIFTY-I.NFO,05/07/2024,09:40:47,24276.05,24275,600,24276.6,175,450,14408100
NIFTY-I.NFO,05/07/2024,09:40:48,24277.25,24275,950,24277.25,200,375,14408100
NIFTY-I.NFO,05/07/2024,09:40:50,24275,24275,150,24276.1,150,1100,14408100
NIFTY-I.NFO,05/07/2024,09:40:52,24272.15,24272,75,24273.7,325,275,14408100
NIFTY-I.NFO,05/07/2024,09:40:53,24273.6,24272.35,50,24273.6,275,75,14408100
NIFTY-I.NFO,05/07/2024,09:40:55,24272,24271.55,25,24271.8,25,200,14408100
NIFTY-I.NFO,05/07/2024,09:40:57,24273.95,24271.55,25,24273.5,125,525,14408100
NIFTY-I.NFO,05/07/2024,09:40:58,24271.5,24271.1,25,24271.5,575,1050,14408100
NIFTY-I.NFO,05/07/2024,09:41:00,24268.7,24268,100,24269.3,400,225,14408100
NIFTY-I.NFO,05/07/2024,09:41:02,24271.35,24269.6,200,24271.35,50,875,14408100
NIFTY-I.NFO,05/07/2024,09:41:03,24272,24270,50,24272.75,25,225,14408100
NIFTY-I.NFO,05/07/2024,09:41:05,24271.45,24269,25,24271.45,125,350,14408100
NIFTY-I.NFO,05/07/2024,09:41:07,24271.8,24270.6,125,24271.75,150,100,14408100
NIFTY-I.NFO,05/07/2024,09:41:08,24271.75,24271.75,100,24274.6,350,300,14408100
NIFTY-I.NFO,05/07/2024,09:41:10,24274.6,24272.7,150,24274.6,50,100,14408100
NIFTY-I.NFO,05/07/2024,09:41:12,24274.65,24273.45,200,24274.65,25,175,14408100
NIFTY-I.NFO,05/07/2024,09:41:14,24278,24276.1,125,24277.95,200,275,14408100
NIFTY-I.NFO,05/07/2024,09:41:15,24276.1,24276.1,500,24277.95,150,175,14408100
NIFTY-I.NFO,05/07/2024,09:41:17,24276.5,24276.5,25,24276.7,25,375,14408100
NIFTY-I.NFO,05/07/2024,09:41:18,24275,24276.5,50,24276.95,50,250,14408100
NIFTY-I.NFO,05/07/2024,09:41:20,24277,24276.15,500,24278,525,150,14408100
NIFTY-I.NFO,05/07/2024,09:41:22,24282,24281.5,125,24282,550,2575,14408100
NIFTY-I.NFO,05/07/2024,09:41:23,24283.15,24283.15,150,24284,925,1650,14408100
NIFTY-I.NFO,05/07/2024,09:41:25,24284,24283.15,150,24284,500,425,14408100
NIFTY-I.NFO,05/07/2024,09:41:27,24284,24283.15,125,24284,750,275,14408100
NIFTY-I.NFO,05/07/2024,09:41:28,24285,24284,200,24285,450,1725,14408100
NIFTY-I.NFO,05/07/2024,09:41:30,24282.1,24282.05,25,24283.85,75,1075,14408100
NIFTY-I.NFO,05/07/2024,09:41:32,24283.1,24281.5,25,24282.7,400,325,14408100
NIFTY-I.NFO,05/07/2024,09:41:33,24281.35,24281.1,25,24284.15,25,1975,14408100
NIFTY-I.NFO,05/07/2024,09:41:35,24283.95,24283.65,25,24283.95,225,1475,14408100
NIFTY-I.NFO,05/07/2024,09:41:37,24283.75,24281,50,24283.6,25,175,14408100
NIFTY-I.NFO,05/07/2024,09:41:38,24283,24281,50,24282.5,150,100,14408100
NIFTY-I.NFO,05/07/2024,09:41:40,24283.35,24280.6,25,24283.35,50,300,14408100
NIFTY-I.NFO,05/07/2024,09:41:42,24284.15,24283.35,25,24284.2,25,700,14408100
NIFTY-I.NFO,05/07/2024,09:41:43,24282.55,24280.6,25,24283,50,600,14408100
NIFTY-I.NFO,05/07/2024,09:41:45,24282.25,24281,50,24282.25,150,275,14408100
NIFTY-I.NFO,05/07/2024,09:41:47,24284.6,24281,50,24284,75,1275,14408100
NIFTY-I.NFO,05/07/2024,09:41:48,24283,24282,25,24284.35,50,75,14408100
NIFTY-I.NFO,05/07/2024,09:41:50,24283.85,24282,25,24283.85,175,75,14408100
NIFTY-I.NFO,05/07/2024,09:41:52,24281,24281,75,24283.4,375,275,14408100
NIFTY-I.NFO,05/07/2024,09:41:53,24283.15,24281,50,24283,200,150,14408100
NIFTY-I.NFO,05/07/2024,09:41:55,24285.15,24280.8,150,24285.15,75,800,14408100
NIFTY-I.NFO,05/07/2024,09:41:57,24283.15,24280,175,24282.4,200,25,14408100
NIFTY-I.NFO,05/07/2024,09:41:58,24282.4,24280,250,24281.5,175,100,14408100
NIFTY-I.NFO,05/07/2024,09:42:00,24281.65,24282.4,50,24284.45,25,675,14408100
NIFTY-I.NFO,05/07/2024,09:42:02,24286,24285.65,25,24286,25,450,14408100
NIFTY-I.NFO,05/07/2024,09:42:03,24288,24287.9,25,24288,1075,875,14408100
NIFTY-I.NFO,05/07/2024,09:42:05,24287.75,24286.05,25,24287.95,100,225,14408100
NIFTY-I.NFO,05/07/2024,09:42:07,24287.65,24286,75,24287.65,75,450,14408100
NIFTY-I.NFO,05/07/2024,09:42:08,24284.95,24284.15,125,24284.95,325,1550,14408100
NIFTY-I.NFO,05/07/2024,09:42:10,24284.8,24282.4,100,24284.8,50,350,14408100
NIFTY-I.NFO,05/07/2024,09:42:12,24283,24286,50,24286.95,100,875,14408100
NIFTY-I.NFO,05/07/2024,09:42:13,24286,24283.6,225,24287.75,25,900,14408100
NIFTY-I.NFO,05/07/2024,09:42:15,24284.95,24284.95,250,24287.2,100,375,14390650
NIFTY-I.NFO,05/07/2024,09:42:17,24288,24287,25,24288,700,200,14390650
NIFTY-I.NFO,05/07/2024,09:42:18,24288.85,24287.05,200,24289,1825,825,14390650
NIFTY-I.NFO,05/07/2024,09:42:20,24289,24288,75,24289,800,1150,14390650
NIFTY-I.NFO,05/07/2024,09:42:22,24289,24286.2,125,24287,25,900,14390650
NIFTY-I.NFO,05/07/2024,09:42:23,24287.7,24286,50,24287.7,100,325,14390650
NIFTY-I.NFO,05/07/2024,09:42:25,24287.3,24288.05,25,24289,725,500,14390650
NIFTY-I.NFO,05/07/2024,09:42:27,24293.95,24293,50,24293.95,400,5625,14390650
NIFTY-I.NFO,05/07/2024,09:42:28,24289,24289,75,24292.05,200,500,14390650
NIFTY-I.NFO,05/07/2024,09:42:30,24291.5,24289.25,325,24292.5,25,125,14390650
NIFTY-I.NFO,05/07/2024,09:42:32,24292.8,24291,175,24293.95,475,450,14390650
NIFTY-I.NFO,05/07/2024,09:42:33,24291.05,24290.1,275,24291.05,25,175,14390650
NIFTY-I.NFO,05/07/2024,09:42:35,24293,24293,875,24293.3,200,1000,14390650
NIFTY-I.NFO,05/07/2024,09:42:37,24293,24293,750,24293.3,125,200,14390650
NIFTY-I.NFO,05/07/2024,09:42:38,24295,24294.45,25,24295,1075,2150,14390650
NIFTY-I.NFO,05/07/2024,09:42:40,24294.4,24294.2,100,24295,1025,200,14390650
NIFTY-I.NFO,05/07/2024,09:42:42,24295,24293.3,25,24295,575,625,14390650
NIFTY-I.NFO,05/07/2024,09:42:43,24293.25,24291.6,250,24293.25,25,875,14390650
NIFTY-I.NFO,05/07/2024,09:42:45,24295,24293.25,25,24294.95,25,700,14390650
NIFTY-I.NFO,05/07/2024,09:42:47,24294.35,24291,25,24294.15,25,850,14390650
NIFTY-I.NFO,05/07/2024,09:42:48,24290,24290.05,50,24292.8,25,475,14390650
NIFTY-I.NFO,05/07/2024,09:42:50,24291,24290,1000,24291,50,1000,14390650
NIFTY-I.NFO,05/07/2024,09:42:52,24292.95,24290.45,150,24294.3,175,1275,14390650
NIFTY-I.NFO,05/07/2024,09:42:53,24294.05,24290.9,150,24294,25,225,14390650
NIFTY-I.NFO,05/07/2024,09:42:55,24293.5,24292,50,24293.5,25,150,14390650
NIFTY-I.NFO,05/07/2024,09:42:57,24292.95,24290,1200,24293.4,25,200,14390650
NIFTY-I.NFO,05/07/2024,09:42:58,24294.15,24293,600,24294.15,25,800,14390650
NIFTY-I.NFO,05/07/2024,09:43:00,24293.9,24290.3,150,24294.1,75,700,14390650
NIFTY-I.NFO,05/07/2024,09:43:02,24293.25,24293.25,275,24294,25,325,14390650
NIFTY-I.NFO,05/07/2024,09:43:03,24290,24290,1625,24293.25,25,275,14390650
NIFTY-I.NFO,05/07/2024,09:43:05,24290.65,24290.65,75,24293.65,25,50,14390650
NIFTY-I.NFO,05/07/2024,09:43:07,24292.8,24290.65,75,24292.9,25,100,14390650
NIFTY-I.NFO,05/07/2024,09:43:08,24290.65,24290,1850,24292.3,25,300,14390650
NIFTY-I.NFO,05/07/2024,09:43:10,24292.55,24291,50,24292.55,25,175,14390650
NIFTY-I.NFO,05/07/2024,09:43:12,24291,24291,25,24292.55,25,25,14390650
NIFTY-I.NFO,05/07/2024,09:43:13,24292.85,24291,25,24292.85,25,1175,14390650
NIFTY-I.NFO,05/07/2024,09:43:15,24292.55,24292,25,24292.55,25,75,14390650
NIFTY-I.NFO,05/07/2024,09:43:17,24292.55,24292,25,24292.55,75,100,14390650
NIFTY-I.NFO,05/07/2024,09:43:18,24293.2,24292.85,25,24293.2,100,325,14390650
NIFTY-I.NFO,05/07/2024,09:43:20,24292.85,24292.55,25,24293,100,100,14390650
NIFTY-I.NFO,05/07/2024,09:43:22,24293.5,24290.5,250,24293.5,350,625,14390650
NIFTY-I.NFO,05/07/2024,09:43:24,24293.5,24290.55,100,24293.2,350,225,14390650
NIFTY-I.NFO,05/07/2024,09:43:25,24293.2,24290.5,225,24293.2,200,1000,14390650
NIFTY-I.NFO,05/07/2024,09:43:27,24293,24292.85,25,24293.2,50,350,14390650
NIFTY-I.NFO,05/07/2024,09:43:29,24293.2,24291.05,850,24293,25,75,14390650
NIFTY-I.NFO,05/07/2024,09:43:30,24290.55,24290.55,850,24293,200,300,14390650
NIFTY-I.NFO,05/07/2024,09:43:32,24291.05,24290.55,750,24292.75,200,400,14390650
NIFTY-I.NFO,05/07/2024,09:43:34,24290,24290,1800,24291.15,125,550,14390650
NIFTY-I.NFO,05/07/2024,09:43:35,24291.4,24290,1750,24291.4,125,200,14390650
NIFTY-I.NFO,05/07/2024,09:43:37,24290.95,24290,1625,24290.95,250,225,14390650
NIFTY-I.NFO,05/07/2024,09:43:39,24291.25,24290,1625,24292.05,100,625,14390650
NIFTY-I.NFO,05/07/2024,09:43:40,24291.3,24291.25,300,24291.8,225,150,14390650
NIFTY-I.NFO,05/07/2024,09:43:42,24292.6,24291.25,300,24292.55,25,500,14390650
NIFTY-I.NFO,05/07/2024,09:43:44,24291,24290,1725,24291.95,125,500,14390650
NIFTY-I.NFO,05/07/2024,09:43:45,24292,24290,1650,24292,100,350,14390650
NIFTY-I.NFO,05/07/2024,09:43:47,24290,24290,1325,24291.35,25,700,14390650
NIFTY-I.NFO,05/07/2024,09:43:48,24291.55,24290,1175,24291.55,25,450,14390650
NIFTY-I.NFO,05/07/2024,09:43:50,24291,24290.95,750,24292,100,225,14390650
NIFTY-I.NFO,05/07/2024,09:43:52,24293.5,24292.55,850,24293.8,25,1000,14390650
NIFTY-I.NFO,05/07/2024,09:43:53,24293.8,24293.8,25,24294.5,125,525,14390650
NIFTY-I.NFO,05/07/2024,09:43:55,24292.55,24292.55,700,24293.55,25,50,14390650
NIFTY-I.NFO,05/07/2024,09:43:57,24292,24291.55,125,24293.8,250,725,14390650
NIFTY-I.NFO,05/07/2024,09:43:58,24292.55,24292,25,24293,500,100,14390650
NIFTY-I.NFO,05/07/2024,09:44:00,24291.55,24290.65,775,24292.4,200,325,14390650
NIFTY-I.NFO,05/07/2024,09:44:02,24293,24291.9,250,24293,400,500,14390650
NIFTY-I.NFO,05/07/2024,09:44:03,24294.1,24294.4,750,24296,275,1250,14390650
NIFTY-I.NFO,05/07/2024,09:44:05,24292.05,24292.05,750,24294.75,225,700,14390650
NIFTY-I.NFO,05/07/2024,09:44:07,24294,24294,50,24294.8,25,350,14390650
NIFTY-I.NFO,05/07/2024,09:44:08,24296,24295.05,750,24297,375,150,14390650
NIFTY-I.NFO,05/07/2024,09:44:10,24295.7,24294,50,24295.2,225,600,14390650
NIFTY-I.NFO,05/07/2024,09:44:12,24296.45,24294,800,24296.45,100,600,14390650
NIFTY-I.NFO,05/07/2024,09:44:13,24297.55,24295.55,100,24297.55,275,875,14390650
NIFTY-I.NFO,05/07/2024,09:44:15,24297.85,24297,225,24297.85,100,925,14390650
NIFTY-I.NFO,05/07/2024,09:44:17,24295.85,24294.1,25,24296.95,600,525,14390650
NIFTY-I.NFO,05/07/2024,09:44:18,24296,24294,25,24295.55,200,275,14390650
NIFTY-I.NFO,05/07/2024,09:44:20,24292.2,24294.5,25,24294.9,275,225,14390650
NIFTY-I.NFO,05/07/2024,09:44:22,24294.9,24293.4,775,24294.8,175,225,14390650
NIFTY-I.NFO,05/07/2024,09:44:23,24294,24292,50,24293.6,125,250,14390650
NIFTY-I.NFO,05/07/2024,09:44:25,24291.95,24291,150,24291.95,150,275,14390650
NIFTY-I.NFO,05/07/2024,09:44:27,24291.05,24291.05,750,24291.85,75,225,14390650
NIFTY-I.NFO,05/07/2024,09:44:28,24291.7,24291,50,24291.75,175,325,14390650
NIFTY-I.NFO,05/07/2024,09:44:30,24290,24290,1850,24292.5,125,700,14390650
NIFTY-I.NFO,05/07/2024,09:44:32,24290,24290,1825,24291,500,125,14390650
NIFTY-I.NFO,05/07/2024,09:44:33,24290,24290,1725,24292.6,125,500,14390650
NIFTY-I.NFO,05/07/2024,09:44:35,24291,24290,975,24291,1075,875,14390650
NIFTY-I.NFO,05/07/2024,09:44:37,24291,24290.15,150,24291,875,225,14390650
NIFTY-I.NFO,05/07/2024,09:44:38,24291,24291,850,24293.55,100,1175,14390650
NIFTY-I.NFO,05/07/2024,09:44:40,24292.25,24290.2,25,24291.05,225,1250,14390650
NIFTY-I.NFO,05/07/2024,09:44:42,24288.95,24288,450,24289,150,1775,14390650
NIFTY-I.NFO,05/07/2024,09:44:43,24289.15,24288,400,24289.15,500,225,14390650
NIFTY-I.NFO,05/07/2024,09:44:45,24288,24288,250,24289.15,475,175,14390650
NIFTY-I.NFO,05/07/2024,09:44:47,24290.6,24288.05,100,24290.8,75,675,14390650
NIFTY-I.NFO,05/07/2024,09:44:48,24291,24288.1,750,24291,200,225,14390650
NIFTY-I.NFO,05/07/2024,09:44:50,24291,24290.05,750,24291,100,150,14390650
NIFTY-I.NFO,05/07/2024,09:44:52,24293,24292.25,50,24293,125,475,14390650
NIFTY-I.NFO,05/07/2024,09:44:53,24291.7,24290.1,750,24291,25,125,14390650
NIFTY-I.NFO,05/07/2024,09:44:55,24290,24289.2,750,24292.1,125,275,14390650
NIFTY-I.NFO,05/07/2024,09:44:57,24291.45,24289.2,850,24291.7,25,25,14390650
NIFTY-I.NFO,05/07/2024,09:44:58,24289.2,24289.25,750,24291.65,575,225,14390650
NIFTY-I.NFO,05/07/2024,09:45:00,24291.75,24289.35,25,24291.75,50,1100,14390650
NIFTY-I.NFO,05/07/2024,09:45:02,24292,24290.05,250,24292,50,325,14390650
NIFTY-I.NFO,05/07/2024,09:45:03,24291.95,24291.7,125,24291.95,75,325,14390650
NIFTY-I.NFO,05/07/2024,09:45:05,24291.75,24288.65,750,24291.75,25,275,14390650
NIFTY-I.NFO,05/07/2024,09:45:07,24292,24290,25,24292,150,50,14390650
NIFTY-I.NFO,05/07/2024,09:45:08,24291.75,24291.7,175,24292,100,100,14390650
NIFTY-I.NFO,05/07/2024,09:45:10,24288.4,24288.85,125,24291.7,775,500,14390650
NIFTY-I.NFO,05/07/2024,09:45:12,24291.7,24288.65,200,24291.7,650,275,14390650
NIFTY-I.NFO,05/07/2024,09:45:13,24291.5,24288.35,50,24291.6,25,150,14390650
NIFTY-I.NFO,05/07/2024,09:45:15,24288.35,24289,25,24289.95,125,1100,14390650
NIFTY-I.NFO,05/07/2024,09:45:17,24288,24286.35,25,24288.95,125,275,14385525
NIFTY-I.NFO,05/07/2024,09:45:18,24285.05,24286.1,250,24289.95,75,100,14385525
NIFTY-I.NFO,05/07/2024,09:45:20,24289.8,24287,775,24289.8,50,200,14385525
NIFTY-I.NFO,05/07/2024,09:45:22,24289,24288.4,25,24289,75,250,14385525
NIFTY-I.NFO,05/07/2024,09:45:23,24289,24286.25,25,24288.85,100,175,14385525
NIFTY-I.NFO,05/07/2024,09:45:25,24286.1,24285.4,225,24286.1,475,775,14385525
NIFTY-I.NFO,05/07/2024,09:45:27,24286.1,24287.25,825,24288.8,25,500,14385525
NIFTY-I.NFO,05/07/2024,09:45:28,24286.1,24286.95,725,24288.8,25,0,14385525
NIFTY-I.NFO,05/07/2024,09:45:30,24286.15,24286.15,700,24288.95,25,200,14385525
NIFTY-I.NFO,05/07/2024,09:45:32,24289.7,24288.95,175,24289.75,50,425,14385525
NIFTY-I.NFO,05/07/2024,09:45:33,24289.7,24288.95,200,24289.7,75,0,14385525
NIFTY-I.NFO,05/07/2024,09:45:35,24289.7,24289.7,25,24289.75,50,175,14385525
NIFTY-I.NFO,05/07/2024,09:45:37,24290.3,24289.75,125,24290.3,175,250,14385525
NIFTY-I.NFO,05/07/2024,09:45:38,24289.75,24289.75,175,24291.65,25,300,14385525
NIFTY-I.NFO,05/07/2024,09:45:40,24292,24291.05,125,24292,1175,275,14385525
NIFTY-I.NFO,05/07/2024,09:45:42,24291.65,24292.2,25,24293,150,1525,14385525
NIFTY-I.NFO,05/07/2024,09:45:43,24293,24291.95,1500,24293,50,225,14385525
NIFTY-I.NFO,05/07/2024,09:45:45,24291.95,24291.95,1425,24292.35,25,75,14385525
NIFTY-I.NFO,05/07/2024,09:45:47,24291.9,24290.35,125,24291.9,475,1675,14385525
NIFTY-I.NFO,05/07/2024,09:45:48,24291.9,24290.55,125,24291.9,675,25,14385525
NIFTY-I.NFO,05/07/2024,09:45:50,24291.7,24291,50,24291.7,325,150,14385525
NIFTY-I.NFO,05/07/2024,09:45:52,24291.7,24291,25,24291.7,325,50,14385525
NIFTY-I.NFO,05/07/2024,09:45:53,24291,24291,500,24291.7,150,200,14385525
NIFTY-I.NFO,05/07/2024,09:45:55,24291.7,24291,425,24291.7,275,150,14385525
NIFTY-I.NFO,05/07/2024,09:45:57,24291,24291.4,375,24291.5,50,50,14385525
NIFTY-I.NFO,05/07/2024,09:45:58,24293.95,24291.15,50,24294,475,1950,14385525
NIFTY-I.NFO,05/07/2024,09:46:00,24291.15,24291,400,24292,25,50,14385525
NIFTY-I.NFO,05/07/2024,09:46:01,24291.3,24291.9,200,24292.65,25,100,14385525
NIFTY-I.NFO,05/07/2024,09:46:03,24294.35,24292.65,50,24294.35,100,150,14385525
NIFTY-I.NFO,05/07/2024,09:46:05,24292,24292.3,125,24294.25,75,1150,14385525
NIFTY-I.NFO,05/07/2024,09:46:06,24293,24293,275,24294.25,25,1500,14385525
NIFTY-I.NFO,05/07/2024,09:46:08,24294.3,24293.1,50,24294.3,175,50,14385525
NIFTY-I.NFO,05/07/2024,09:46:10,24295,24294.7,200,24295,600,2600,14385525
NIFTY-I.NFO,05/07/2024,09:46:11,24295,24294.75,50,24295,525,125,14385525
NIFTY-I.NFO,05/07/2024,09:46:13,24293.15,24292,125,24295,50,650,14385525
NIFTY-I.NFO,05/07/2024,09:46:15,24295.85,24295,1775,24295.95,25,100,14385525
NIFTY-I.NFO,05/07/2024,09:46:16,24295.45,24295,1600,24295.5,25,525,14385525
NIFTY-I.NFO,05/07/2024,09:46:18,24295.95,24295.1,25,24295.95,25,225,14385525
NIFTY-I.NFO,05/07/2024,09:46:19,24293,24292,100,24294.65,350,2200,14385525
NIFTY-I.NFO,05/07/2024,09:46:21,24291.7,24293,25,24294.95,200,300,14385525
NIFTY-I.NFO,05/07/2024,09:46:23,24294.85,24293,25,24294.8,25,150,14385525
NIFTY-I.NFO,05/07/2024,09:46:24,24293.5,24291.15,150,24293.2,25,250,14385525
NIFTY-I.NFO,05/07/2024,09:46:26,24292.95,24291.2,25,24293,50,425,14385525
NIFTY-I.NFO,05/07/2024,09:46:28,24291.25,24291.2,25,24292.65,25,100,14385525
NIFTY-I.NFO,05/07/2024,09:46:29,24291.15,24291,250,24291.15,25,50,14385525
NIFTY-I.NFO,05/07/2024,09:46:31,24291.2,24290,300,24291.2,775,500,14385525
NIFTY-I.NFO,05/07/2024,09:46:33,24291.2,24290,400,24291.2,750,25,14385525
NIFTY-I.NFO,05/07/2024,09:46:34,24291.15,24290,300,24290.65,125,125,14385525
NIFTY-I.NFO,05/07/2024,09:46:36,24290.65,24290,275,24290.65,75,75,14385525
NIFTY-I.NFO,05/07/2024,09:46:37,24290,24289.75,50,24289.95,75,275,14385525
NIFTY-I.NFO,05/07/2024,09:46:39,24289.7,24289.7,25,24289.95,50,100,14385525
NIFTY-I.NFO,05/07/2024,09:46:41,24289,24288.95,75,24289.95,50,100,14385525
NIFTY-I.NFO,05/07/2024,09:46:42,24288.95,24288,25,24288.95,25,100,14385525
NIFTY-I.NFO,05/07/2024,09:46:44,24288,24286.1,50,24288.9,25,100,14385525
NIFTY-I.NFO,05/07/2024,09:46:46,24286.1,24286,50,24287.95,25,350,14385525
NIFTY-I.NFO,05/07/2024,09:46:47,24287.3,24285,625,24287.35,25,250,14385525
NIFTY-I.NFO,05/07/2024,09:46:49,24285.05,24285.05,100,24288,50,425,14385525
NIFTY-I.NFO,05/07/2024,09:46:50,24288.95,24285.7,150,24289,50,300,14385525
NIFTY-I.NFO,05/07/2024,09:46:52,24285.7,24285.15,50,24289.4,50,225,14385525
NIFTY-I.NFO,05/07/2024,09:46:54,24286.15,24286.1,300,24288,550,300,14385525
NIFTY-I.NFO,05/07/2024,09:46:55,24286.6,24285.9,750,24288,375,350,14385525
NIFTY-I.NFO,05/07/2024,09:46:57,24288,24285.85,750,24287.95,175,150,14385525
NIFTY-I.NFO,05/07/2024,09:46:59,24287.95,24285.1,25,24287.25,25,125,14385525
NIFTY-I.NFO,05/07/2024,09:47:00,24284.15,24284,250,24285,25,1725,14385525
NIFTY-I.NFO,05/07/2024,09:47:02,24285.55,24284,50,24286.4,75,375,14385525
NIFTY-I.NFO,05/07/2024,09:47:04,24285,24284,50,24285,50,25,14385525
NIFTY-I.NFO,05/07/2024,09:47:05,24285,24285,1550,24286,450,300,14385525
NIFTY-I.NFO,05/07/2024,09:47:07,24285,24285,1075,24285.4,25,950,14385525
NIFTY-I.NFO,05/07/2024,09:47:09,24285.55,24285.4,50,24285.85,150,200,14385525
NIFTY-I.NFO,05/07/2024,09:47:10,24285.35,24285,975,24285.65,25,100,14385525
NIFTY-I.NFO,05/07/2024,09:47:12,24284.5,24280.75,125,24284.55,25,1500,14385525
NIFTY-I.NFO,05/07/2024,09:47:14,24284.5,24280.75,25,24283.65,25,0,14385525
NIFTY-I.NFO,05/07/2024,09:47:15,24285.35,24281.5,250,24285.35,25,1375,14385525
NIFTY-I.NFO,05/07/2024,09:47:17,24281.75,24281.9,200,24285,450,75,14385525
NIFTY-I.NFO,05/07/2024,09:47:19,24286,24283.4,250,24286,175,250,14385525
NIFTY-I.NFO,05/07/2024,09:47:20,24283.35,24282.4,225,24284,25,200,14385525
NIFTY-I.NFO,05/07/2024,09:47:22,24282.35,24282.35,950,24284,50,75,14385525
NIFTY-I.NFO,05/07/2024,09:47:24,24282.85,24282.15,350,24284,50,25,14385525
NIFTY-I.NFO,05/07/2024,09:47:25,24284.9,24282,225,24285.4,25,300,14385525
NIFTY-I.NFO,05/07/2024,09:47:27,24282.35,24282,225,24285,350,50,14385525
NIFTY-I.NFO,05/07/2024,09:47:29,24285.35,24285.35,25,24285.4,25,225,14385525
NIFTY-I.NFO,05/07/2024,09:47:30,24284,24284.65,125,24285.3,25,125,14385525
NIFTY-I.NFO,05/07/2024,09:47:32,24284.7,24284.6,125,24286,50,1075,14385525
NIFTY-I.NFO,05/07/2024,09:47:34,24284,24284,75,24284.9,125,75,14385525
NIFTY-I.NFO,05/07/2024,09:47:35,24284.45,24283.95,750,24284.9,50,200,14385525
NIFTY-I.NFO,05/07/2024,09:47:37,24286,24285.1,350,24286.45,25,150,14385525
NIFTY-I.NFO,05/07/2024,09:47:39,24286,24285.5,250,24286.45,25,0,14385525
NIFTY-I.NFO,05/07/2024,09:47:40,24285.4,24285.4,25,24286.45,25,150,14385525
NIFTY-I.NFO,05/07/2024,09:47:42,24285.4,24285.4,25,24286.45,25,0,14385525
NIFTY-I.NFO,05/07/2024,09:47:44,24285.55,24285.55,100,24287.8,350,175,14385525
NIFTY-I.NFO,05/07/2024,09:47:45,24285.55,24286.25,100,24288.65,75,0,14385525
NIFTY-I.NFO,05/07/2024,09:47:47,24285.55,24285.55,350,24288.4,25,500,14385525
NIFTY-I.NFO,05/07/2024,09:47:48,24288.25,24285.55,350,24288.3,50,50,14385525
NIFTY-I.NFO,05/07/2024,09:47:50,24285.7,24285.55,400,24289,225,150,14385525
NIFTY-I.NFO,05/07/2024,09:47:52,24285.55,24285.55,375,24288.45,25,25,14385525
NIFTY-I.NFO,05/07/2024,09:47:53,24288.25,24287.9,50,24288.25,25,25,14385525
NIFTY-I.NFO,05/07/2024,09:47:55,24285.55,24285.55,275,24288.2,25,150,14385525
NIFTY-I.NFO,05/07/2024,09:47:57,24285.55,24285.55,125,24288.45,375,175,14385525
NIFTY-I.NFO,05/07/2024,09:47:58,24288.25,24285.55,200,24288.25,25,75,14385525
NIFTY-I.NFO,05/07/2024,09:48:00,24287.65,24287.65,25,24287.7,175,150,14385525
NIFTY-I.NFO,05/07/2024,09:48:01,24285.6,24285.55,75,24287.6,175,150,14385525
NIFTY-I.NFO,05/07/2024,09:48:03,24284.95,24284.7,25,24285,25,550,14385525
NIFTY-I.NFO,05/07/2024,09:48:05,24287.45,24284,50,24286.6,350,100,14385525
NIFTY-I.NFO,05/07/2024,09:48:06,24286.3,24284,25,24286.8,350,125,14385525
NIFTY-I.NFO,05/07/2024,09:48:08,24285.55,24285.55,400,24287.35,25,200,14385525
NIFTY-I.NFO,05/07/2024,09:48:09,24287.35,24285.55,500,24288,25,25,14385525
NIFTY-I.NFO,05/07/2024,09:48:11,24285.55,24285.55,225,24287.9,25,75,14385525
NIFTY-I.NFO,05/07/2024,09:48:13,24287.7,24285.55,225,24287.7,25,50,14385525
NIFTY-I.NFO,05/07/2024,09:48:14,24285.55,24285.55,125,24287.5,25,100,14385525
NIFTY-I.NFO,05/07/2024,09:48:16,24287.3,24285,75,24285.55,25,1550,14385525
NIFTY-I.NFO,05/07/2024,09:48:17,24284,24282.95,100,24284.5,125,100,14385875
NIFTY-I.NFO,05/07/2024,09:48:19,24284.1,24282,25,24283.9,75,175,14385875
NIFTY-I.NFO,05/07/2024,09:48:21,24284.1,24282,25,24283.8,75,0,14385875
NIFTY-I.NFO,05/07/2024,09:48:22,24281.95,24281.9,25,24283.95,100,125,14385875
NIFTY-I.NFO,05/07/2024,09:48:24,24281.95,24281.9,25,24283.95,100,0,14385875
NIFTY-I.NFO,05/07/2024,09:48:26,24281.95,24281.95,25,24283.4,100,725,14385875
NIFTY-I.NFO,05/07/2024,09:48:27,24281.95,24280,2450,24282.55,25,50,14385875
NIFTY-I.NFO,05/07/2024,09:48:29,24281.85,24280,275,24281.85,75,2200,14385875
NIFTY-I.NFO,05/07/2024,09:48:31,24282.3,24280,75,24282.4,350,325,14385875
NIFTY-I.NFO,05/07/2024,09:48:32,24284.1,24280.8,225,24284.85,25,1675,14385875
NIFTY-I.NFO,05/07/2024,09:48:34,24284,24283,75,24284,175,625,14385875
NIFTY-I.NFO,05/07/2024,09:48:36,24280.55,24280.5,25,24284,175,125,14385875
NIFTY-I.NFO,05/07/2024,09:48:37,24280.55,24280.25,75,24283.55,25,0,14385875
NIFTY-I.NFO,05/07/2024,09:48:39,24278,24280,25,24282,50,775,14385875
NIFTY-I.NFO,05/07/2024,09:48:41,24278,24277.7,50,24279.5,150,75,14385875
NIFTY-I.NFO,05/07/2024,09:48:42,24281.1,24278.15,125,24280.25,25,200,14385875
NIFTY-I.NFO,05/07/2024,09:48:44,24280.25,24277,500,24280.45,25,275,14385875
NIFTY-I.NFO,05/07/2024,09:48:46,24277,24277,525,24280.1,25,125,14385875
NIFTY-I.NFO,05/07/2024,09:48:47,24280.15,24280,25,24280.55,25,50,14385875
NIFTY-I.NFO,05/07/2024,09:48:49,24280,24278.3,225,24280.55,25,75,14385875
NIFTY-I.NFO,05/07/2024,09:48:51,24278.1,24278.05,125,24279.8,1775,200,14385875
NIFTY-I.NFO,05/07/2024,09:48:52,24278.65,24278.65,25,24280,25,2400,14385875
NIFTY-I.NFO,05/07/2024,09:48:54,24281.95,24280.7,250,24281.95,25,225,14385875
NIFTY-I.NFO,05/07/2024,09:48:56,24280.7,24280.7,325,24282,50,325,14385875
NIFTY-I.NFO,05/07/2024,09:48:57,24280.7,24280.7,225,24282,50,0,14385875
NIFTY-I.NFO,05/07/2024,09:48:59,24282,24280.9,125,24283.7,1325,125,14385875
NIFTY-I.NFO,05/07/2024,09:49:01,24281.6,24281.45,50,24283.7,1300,650,14385875
NIFTY-I.NFO,05/07/2024,09:49:02,24280.2,24280.3,25,24283.7,1175,800,14385875
NIFTY-I.NFO,05/07/2024,09:49:04,24280.75,24281.15,25,24283.7,75,1925,14385875
NIFTY-I.NFO,05/07/2024,09:49:06,24284,24282.6,50,24284,125,175,14385875
NIFTY-I.NFO,05/07/2024,09:49:07,24285.2,24284.1,25,24285.2,200,300,14385875
NIFTY-I.NFO,05/07/2024,09:49:09,24285.2,24284,450,24285.2,100,200,14385875
NIFTY-I.NFO,05/07/2024,09:49:11,24283.45,24282.5,700,24285.25,250,225,14385875
NIFTY-I.NFO,05/07/2024,09:49:12,24281.45,24281.5,250,24285.2,100,25,14385875
NIFTY-I.NFO,05/07/2024,09:49:14,24282.15,24282.15,225,24285.2,100,100,14385875
NIFTY-I.NFO,05/07/2024,09:49:15,24285.25,24283.2,225,24285.25,225,25,14385875
NIFTY-I.NFO,05/07/2024,09:49:17,24285.15,24285.15,25,24285.85,100,1250,14385875
NIFTY-I.NFO,05/07/2024,09:49:19,24285.15,24285,50,24285.85,100,25,14385875
NIFTY-I.NFO,05/07/2024,09:49:20,24284.8,24282,200,24284.8,350,150,14385875
NIFTY-I.NFO,05/07/2024,09:49:22,24284.8,24281.7,25,24284.35,75,0,14385875
NIFTY-I.NFO,05/07/2024,09:49:24,24282.45,24282,25,24282.45,50,75,14385875
NIFTY-I.NFO,05/07/2024,09:49:25,24281.85,24281,625,24281.85,25,125,14385875
NIFTY-I.NFO,05/07/2024,09:49:27,24279.7,24278.45,25,24279.55,100,1825,14385875
NIFTY-I.NFO,05/07/2024,09:49:29,24278.45,24278,50,24278.3,50,100,14385875
NIFTY-I.NFO,05/07/2024,09:49:30,24278,24277.9,25,24277.95,25,225,14385875
NIFTY-I.NFO,05/07/2024,09:49:32,24278.05,24278.05,475,24278.95,100,175,14385875
NIFTY-I.NFO,05/07/2024,09:49:34,24278.45,24278.45,675,24278.75,75,50,14385875
NIFTY-I.NFO,05/07/2024,09:49:35,24278.45,24278.45,475,24278.5,25,250,14385875
NIFTY-I.NFO,05/07/2024,09:49:37,24277,24277,300,24277.05,25,1125,14385875
NIFTY-I.NFO,05/07/2024,09:49:39,24276.95,24276.15,25,24277,150,350,14385875
NIFTY-I.NFO,05/07/2024,09:49:40,24275.35,24275.3,125,24276.7,50,800,14385875
NIFTY-I.NFO,05/07/2024,09:49:42,24276.15,24275,975,24276.1,75,200,14385875
