Ticker,Date,Time,LTP,BuyPrice,BuyQty,SellPrice,SellQty,LTQ,OpenInterest
BANKNIFTY-III.NFO,31/01/2025,09:16:26,50146.25,50065,60,50132.9,60,30,0
BANKNIFTY-III.NFO,31/01/2025,09:16:26,50146.25,50065,60,50132.9,60,0,0
BANKNIFTY-III.NFO,31/01/2025,09:16:26,50146.25,50065,60,50132.9,60,0,0
BANKNIFTY-III.NFO,31/01/2025,09:16:26,50146.25,50065,60,50132.9,60,0,0
BANKNIFTY-III.NFO,31/01/2025,09:16:27,50146.25,50054.95,60,50132.9,60,0,0
BANKNIFTY-III.NFO,31/01/2025,09:16:29,50146.25,50065,60,50131.5,60,0,0
BANKNIFTY-III.NFO,31/01/2025,09:16:31,50146.25,50069.6,60,50133.6,60,0,0
BANKNIFTY-III.NFO,31/01/2025,09:16:32,50141.15,50076.2,60,50135.6,30,30,0
BANKNIFTY-III.NFO,31/01/2025,09:16:32,50141.15,50076.2,60,50135.6,30,0,0
BANKNIFTY-III.NFO,31/01/2025,09:16:34,50141.15,50082.95,60,50140.2,30,0,0
BANKNIFTY-III.NFO,31/01/2025,09:16:36,50100,50094.5,60,50176.85,30,30,0
BANKNIFTY-III.NFO,31/01/2025,09:16:36,50100,50094.5,60,50176.85,30,0,0
BANKNIFTY-III.NFO,31/01/2025,09:16:37,50100,50102.6,60,50161.5,30,0,0
BANKNIFTY-III.NFO,31/01/2025,09:16:39,50100,50105.3,60,50165,30,0,0
BANKNIFTY-III.NFO,31/01/2025,09:16:41,50100,50114,60,50189.2,60,0,0
BANKNIFTY-III.NFO,31/01/2025,09:16:42,50100,50106.6,60,50169,30,0,0
BANKNIFTY-III.NFO,31/01/2025,09:16:44,50100,50095.25,60,50155.2,30,30,0
BANKNIFTY-III.NFO,31/01/2025,09:16:46,50100,50113.6,60,50173.2,30,0,0
BANKNIFTY-III.NFO,31/01/2025,09:16:47,50100,50117.2,60,50175.55,30,0,0
BANKNIFTY-III.NFO,31/01/2025,09:16:49,50100,50124.5,60,50181.55,30,0,0
BANKNIFTY-III.NFO,31/01/2025,09:16:51,50100,50121.8,60,50183.75,30,0,0
BANKNIFTY-III.NFO,31/01/2025,09:16:52,50100,50128.1,60,50196.85,30,0,0
BANKNIFTY-III.NFO,31/01/2025,09:16:54,50100,50142.9,60,50194.25,30,0,0
BANKNIFTY-III.NFO,31/01/2025,09:16:56,50100,50141.2,60,50196.3,30,0,0
BANKNIFTY-III.NFO,31/01/2025,09:16:57,50100,50138.85,60,50193.55,30,0,0
BANKNIFTY-III.NFO,31/01/2025,09:16:59,50204.35,50138.95,60,50200.8,150,270,0
BANKNIFTY-III.NFO,31/01/2025,09:16:59,50204.35,50138.95,60,50200.8,150,0,0
BANKNIFTY-III.NFO,31/01/2025,09:17:01,50204.35,50148.85,60,50193.2,150,0,0
BANKNIFTY-III.NFO,31/01/2025,09:17:02,50204.35,50148.05,60,50187.75,150,0,0
BANKNIFTY-III.NFO,31/01/2025,09:17:04,50204.35,50131.8,60,50187.55,150,0,0
BANKNIFTY-III.NFO,31/01/2025,09:17:06,50204.35,50141.1,60,50190.9,150,0,0
BANKNIFTY-III.NFO,31/01/2025,09:17:07,50204.35,50146.4,60,50187.95,150,0,0
BANKNIFTY-III.NFO,31/01/2025,09:17:09,50204.35,50138.9,60,50188.55,150,0,0
BANKNIFTY-III.NFO,31/01/2025,09:17:11,50204.35,50144.6,60,50188,150,0,0
BANKNIFTY-III.NFO,31/01/2025,09:17:12,50204.35,50133.35,60,50180.6,150,0,0
BANKNIFTY-III.NFO,31/01/2025,09:17:14,50204.35,50125.55,60,50175.2,150,0,0
BANKNIFTY-III.NFO,31/01/2025,09:17:16,50204.35,50126.75,60,50170.7,150,0,0
BANKNIFTY-III.NFO,31/01/2025,09:17:17,50204.35,50131.35,60,50174.35,150,0,0
BANKNIFTY-III.NFO,31/01/2025,09:17:19,50204.35,50121.65,60,50169.45,150,0,0
BANKNIFTY-III.NFO,31/01/2025,09:17:21,50204.35,50128.35,60,50171.2,150,0,0
BANKNIFTY-III.NFO,31/01/2025,09:17:22,50204.35,50124.65,60,50165.75,150,0,0
BANKNIFTY-III.NFO,31/01/2025,09:17:24,50204.35,50117.8,60,50158.55,150,0,0
BANKNIFTY-III.NFO,31/01/2025,09:17:25,50204.35,50113.65,60,50155.85,150,0,0
BANKNIFTY-III.NFO,31/01/2025,09:17:27,50154.2,50114.95,60,50153.9,120,30,0
BANKNIFTY-III.NFO,31/01/2025,09:17:29,50154.2,50130.55,60,50160.95,120,0,0
BANKNIFTY-III.NFO,31/01/2025,09:17:30,50154.2,50137.2,60,50172.15,120,0,0
BANKNIFTY-III.NFO,31/01/2025,09:17:32,50154.2,50126.25,60,50169.15,120,0,0
BANKNIFTY-III.NFO,31/01/2025,09:17:34,50154.2,50143.3,60,50173.5,120,0,0
BANKNIFTY-III.NFO,31/01/2025,09:17:35,50154.2,50143.15,60,50173.1,120,0,0
BANKNIFTY-III.NFO,31/01/2025,09:17:37,50154.2,50133.1,60,50162.95,120,0,0
BANKNIFTY-III.NFO,31/01/2025,09:17:38,50154.2,50135.6,60,50166.1,120,0,0
BANKNIFTY-III.NFO,31/01/2025,09:17:40,50154.2,50130.75,60,50165.1,120,0,0
BANKNIFTY-III.NFO,31/01/2025,09:17:42,50154.2,50116.05,60,50161.05,120,0,0
BANKNIFTY-III.NFO,31/01/2025,09:17:43,50154.2,50131.85,90,50150,30,0,0
BANKNIFTY-III.NFO,31/01/2025,09:17:45,50154.2,50137.1,60,50150,30,0,0
BANKNIFTY-III.NFO,31/01/2025,09:17:47,50154.2,50135.15,60,50150,30,0,0
BANKNIFTY-III.NFO,31/01/2025,09:17:48,50154.2,50138.8,60,50150,30,0,0
BANKNIFTY-III.NFO,31/01/2025,09:17:50,50150,50133.6,90,50154.5,30,30,0
BANKNIFTY-III.NFO,31/01/2025,09:17:52,50150,50134.4,60,50156.3,30,0,0
BANKNIFTY-III.NFO,31/01/2025,09:17:53,50150,50138.6,60,50161.25,30,0,0
BANKNIFTY-III.NFO,31/01/2025,09:17:55,50150,50140.9,60,50163.5,30,0,0
BANKNIFTY-III.NFO,31/01/2025,09:17:57,50150,50129.2,60,50150,60,0,0
BANKNIFTY-III.NFO,31/01/2025,09:17:58,50150,50122.9,60,50150,60,0,0
BANKNIFTY-III.NFO,31/01/2025,09:18:00,50150,50126.65,60,50150,210,0,0
BANKNIFTY-III.NFO,31/01/2025,09:18:02,50131.05,50148.2,60,50150,180,30,0
BANKNIFTY-III.NFO,31/01/2025,09:18:03,50131.05,50138.85,90,50150,180,0,0
BANKNIFTY-III.NFO,31/01/2025,09:18:05,50131.05,50145,60,50150,180,0,0
BANKNIFTY-III.NFO,31/01/2025,09:18:07,50131.05,50143.45,60,50150,180,0,0
BANKNIFTY-III.NFO,31/01/2025,09:18:08,50150,50145.15,60,50169.75,30,180,0
BANKNIFTY-III.NFO,31/01/2025,09:18:10,50150,50146.65,60,50173.35,30,0,0
BANKNIFTY-III.NFO,31/01/2025,09:18:12,50150,50151.3,60,50179.2,30,0,0
BANKNIFTY-III.NFO,31/01/2025,09:18:13,50150,50153.7,60,50183.2,30,0,0
BANKNIFTY-III.NFO,31/01/2025,09:18:15,50150,50153.8,60,50183.2,30,0,0
BANKNIFTY-III.NFO,31/01/2025,09:18:17,50167.8,50167.8,60,50198.85,60,30,0
BANKNIFTY-III.NFO,31/01/2025,09:18:18,50167.8,50167.15,30,50198.25,60,30,0
BANKNIFTY-III.NFO,31/01/2025,09:18:20,50167.8,50165.9,30,50194.95,60,0,0
BANKNIFTY-III.NFO,31/01/2025,09:18:21,50167.8,50165.9,30,50192.95,60,0,0
BANKNIFTY-III.NFO,31/01/2025,09:18:23,50193.5,50165.9,30,50193.5,60,30,480
BANKNIFTY-III.NFO,31/01/2025,09:18:25,50193.5,50165.9,30,50193.85,60,0,480
BANKNIFTY-III.NFO,31/01/2025,09:18:27,50193.5,50165.9,30,50190.3,60,0,480
BANKNIFTY-III.NFO,31/01/2025,09:18:30,50193.5,50160.85,60,50189.7,60,0,480
BANKNIFTY-III.NFO,31/01/2025,09:18:32,50193.5,50160.85,60,50189.05,60,0,480
BANKNIFTY-III.NFO,31/01/2025,09:18:33,50193.5,50162.4,60,50189.7,60,0,480
BANKNIFTY-III.NFO,31/01/2025,09:18:35,50189.7,50165.4,30,50189.7,30,30,480
BANKNIFTY-III.NFO,31/01/2025,09:18:37,50189.7,50165.4,30,50189.7,30,0,480
BANKNIFTY-III.NFO,31/01/2025,09:18:40,50189.7,50159.5,60,50188,30,0,480
BANKNIFTY-III.NFO,31/01/2025,09:18:42,50189.7,50152.45,60,50182.95,30,0,480
BANKNIFTY-III.NFO,31/01/2025,09:18:43,50180.55,50157.45,60,50188.05,30,30,480
BANKNIFTY-III.NFO,31/01/2025,09:18:45,50180.55,50157.45,60,50188.05,30,0,480
BANKNIFTY-III.NFO,31/01/2025,09:18:47,50180.55,50159.05,60,50188.05,30,0,480
BANKNIFTY-III.NFO,31/01/2025,09:18:48,50180.55,50162.7,60,50189.75,30,0,480
BANKNIFTY-III.NFO,31/01/2025,09:18:50,50180.55,50160.85,60,50189.75,30,0,480
BANKNIFTY-III.NFO,31/01/2025,09:18:52,50180.55,50158.4,60,50189.75,30,0,480
BANKNIFTY-III.NFO,31/01/2025,09:18:53,50180.55,50160.6,60,50189.75,30,0,480
BANKNIFTY-III.NFO,31/01/2025,09:18:55,50180.55,50160.1,60,50189.75,30,0,480
BANKNIFTY-III.NFO,31/01/2025,09:18:57,50180.55,50159.9,90,50189.75,30,0,480
BANKNIFTY-III.NFO,31/01/2025,09:18:58,50180.55,50158.65,60,50188.55,300,0,480
BANKNIFTY-III.NFO,31/01/2025,09:19:00,50180.55,50160.65,60,50189.75,30,0,480
BANKNIFTY-III.NFO,31/01/2025,09:19:02,50180.55,50164.55,60,50189.75,30,0,480
BANKNIFTY-III.NFO,31/01/2025,09:19:03,50180.55,50166.4,60,50191.2,30,0,480
BANKNIFTY-III.NFO,31/01/2025,09:19:05,50180.55,50176.05,60,50200,300,0,480
BANKNIFTY-III.NFO,31/01/2025,09:19:07,50180.55,50176.05,60,50200,330,0,480
BANKNIFTY-III.NFO,31/01/2025,09:19:08,50180.55,50167.6,60,50195.65,30,0,480
BANKNIFTY-III.NFO,31/01/2025,09:19:10,50180.55,50169.25,60,50195.65,30,0,480
BANKNIFTY-III.NFO,31/01/2025,09:19:12,50180.55,50167.6,60,50194.05,300,0,480
BANKNIFTY-III.NFO,31/01/2025,09:19:13,50180.55,50167.7,60,50195.65,30,0,480
BANKNIFTY-III.NFO,31/01/2025,09:19:15,50180.55,50180.55,330,50195.65,30,0,480
BANKNIFTY-III.NFO,31/01/2025,09:19:17,50180.55,50180.55,300,50195.05,30,0,480
BANKNIFTY-III.NFO,31/01/2025,09:19:20,50180.55,50180.55,330,50198.95,30,0,480
BANKNIFTY-III.NFO,31/01/2025,09:19:25,50180.55,50180.55,300,50193.95,30,0,480
BANKNIFTY-III.NFO,31/01/2025,09:19:29,50180.55,50180.55,300,50192.85,30,0,480
BANKNIFTY-III.NFO,31/01/2025,09:19:30,50180.55,50180.55,300,50192.25,30,0,480
BANKNIFTY-III.NFO,31/01/2025,09:19:32,50180.55,50180.55,330,50198.95,30,0,480
BANKNIFTY-III.NFO,31/01/2025,09:19:34,50180.55,50180.55,300,50197.05,300,0,480
BANKNIFTY-III.NFO,31/01/2025,09:19:35,50180.55,50180.55,300,50197.05,30,0,480
BANKNIFTY-III.NFO,31/01/2025,09:19:37,50180.55,50180.55,300,50197,270,0,480
BANKNIFTY-III.NFO,31/01/2025,09:19:39,50180.55,50180.55,300,50197.05,30,0,480
BANKNIFTY-III.NFO,31/01/2025,09:19:40,50180.55,50180.55,240,50182.35,30,60,480
BANKNIFTY-III.NFO,31/01/2025,09:19:42,50180.55,50180.55,240,50182.35,30,0,480
BANKNIFTY-III.NFO,31/01/2025,09:19:45,50180.55,50180.55,210,50192.9,30,30,480
BANKNIFTY-III.NFO,31/01/2025,09:19:47,50180.55,50180.55,210,50192.9,30,0,480
BANKNIFTY-III.NFO,31/01/2025,09:19:49,50180.55,50180.6,90,50197.05,30,0,480
BANKNIFTY-III.NFO,31/01/2025,09:19:50,50180.55,50180.7,90,50198.95,30,0,480
BANKNIFTY-III.NFO,31/01/2025,09:19:52,50180.55,50180.55,240,50196.6,150,0,480
BANKNIFTY-III.NFO,31/01/2025,09:19:54,50180.55,50180.55,210,50194.85,150,0,480
BANKNIFTY-III.NFO,31/01/2025,09:19:55,50180.55,50180.55,210,50195.65,180,0,480
BANKNIFTY-III.NFO,31/01/2025,09:19:57,50180.55,50180.55,210,50194.55,30,0,480
BANKNIFTY-III.NFO,31/01/2025,09:19:59,50180.55,50180.55,210,50195.45,180,0,480
BANKNIFTY-III.NFO,31/01/2025,09:20:00,50180.55,50180.6,90,50196.8,30,0,480
BANKNIFTY-III.NFO,31/01/2025,09:20:02,50180.55,50189.2,60,50200,300,0,480
BANKNIFTY-III.NFO,31/01/2025,09:20:04,50180.55,50193.6,60,50200,300,0,480
BANKNIFTY-III.NFO,31/01/2025,09:20:05,50180.55,50193.25,60,50200,300,0,480
BANKNIFTY-III.NFO,31/01/2025,09:20:07,50180.55,50193.45,60,50200,300,0,480
BANKNIFTY-III.NFO,31/01/2025,09:20:09,50180.55,50195.7,60,50200,300,0,480
BANKNIFTY-III.NFO,31/01/2025,09:20:10,50180.55,50193.1,150,50200,300,0,480
BANKNIFTY-III.NFO,31/01/2025,09:20:12,50200,50189.65,60,50200,120,180,480
BANKNIFTY-III.NFO,31/01/2025,09:20:14,50200,50186.5,60,50200,120,0,480
BANKNIFTY-III.NFO,31/01/2025,09:20:17,50200,50180.6,90,50200,150,0,480
BANKNIFTY-III.NFO,31/01/2025,09:20:19,50200,50184.6,60,50200,120,0,480
BANKNIFTY-III.NFO,31/01/2025,09:20:20,50200,50180.65,60,50200,150,0,480
BANKNIFTY-III.NFO,31/01/2025,09:20:22,50200,50190.15,90,50200,120,0,480
BANKNIFTY-III.NFO,31/01/2025,09:20:23,50200,50193.7,60,50200,120,0,480
BANKNIFTY-III.NFO,31/01/2025,09:20:25,50200,50195.9,90,50200,120,0,480
BANKNIFTY-III.NFO,31/01/2025,09:20:27,50200,50196.55,60,50204.35,30,120,480
BANKNIFTY-III.NFO,31/01/2025,09:20:28,50200,50196.55,120,50204.35,30,0,480
BANKNIFTY-III.NFO,31/01/2025,09:20:30,50200,50200.2,60,50204.35,30,0,480
BANKNIFTY-III.NFO,31/01/2025,09:20:33,50200,50195,60,50204.35,30,0,480
BANKNIFTY-III.NFO,31/01/2025,09:20:35,50200,50191.9,60,50204.35,30,0,480
BANKNIFTY-III.NFO,31/01/2025,09:20:37,50200,50187.9,60,50204.3,90,0,480
BANKNIFTY-III.NFO,31/01/2025,09:20:38,50200,50180.6,90,50203,60,0,480
BANKNIFTY-III.NFO,31/01/2025,09:20:40,50200,50180.6,90,50199.7,30,0,480
BANKNIFTY-III.NFO,31/01/2025,09:20:42,50200,50180.6,90,50200.5,60,0,480
BANKNIFTY-III.NFO,31/01/2025,09:20:43,50200,50180.55,240,50199.3,60,0,480
BANKNIFTY-III.NFO,31/01/2025,09:20:45,50200,50180.55,210,50191.45,60,0,480
BANKNIFTY-III.NFO,31/01/2025,09:20:48,50200,50180.55,210,50194.95,60,0,480
BANKNIFTY-III.NFO,31/01/2025,09:20:50,50200,50180.6,90,50197.4,90,0,480
BANKNIFTY-III.NFO,31/01/2025,09:20:51,50200,50180.6,90,50200.5,60,0,480
BANKNIFTY-III.NFO,31/01/2025,09:20:53,50200,50180.6,30,50200.5,60,0,480
BANKNIFTY-III.NFO,31/01/2025,09:20:55,50200,50180.55,210,50195.15,60,0,480
BANKNIFTY-III.NFO,31/01/2025,09:20:56,50200,50180.55,210,50195.7,90,0,480
BANKNIFTY-III.NFO,31/01/2025,09:20:58,50200,50180.55,210,50195.7,30,0,480
BANKNIFTY-III.NFO,31/01/2025,09:21:00,50200,50180.55,210,50195.1,60,0,480
BANKNIFTY-III.NFO,31/01/2025,09:21:03,50200,50180.55,210,50194.5,60,0,480
BANKNIFTY-III.NFO,31/01/2025,09:21:05,50200,50180.6,90,50196.7,30,0,480
BANKNIFTY-III.NFO,31/01/2025,09:21:06,50200,50180.6,90,50201.45,30,0,480
BANKNIFTY-III.NFO,31/01/2025,09:21:08,50200,50180.6,90,50201.4,60,0,480
BANKNIFTY-III.NFO,31/01/2025,09:21:11,50200,50180.6,90,50201.45,90,0,480
BANKNIFTY-III.NFO,31/01/2025,09:21:13,50200,50180.6,90,50201.4,60,0,480
BANKNIFTY-III.NFO,31/01/2025,09:21:16,50200,50180.6,90,50198.9,60,0,480
BANKNIFTY-III.NFO,31/01/2025,09:21:18,50200,50180.65,60,50198.8,60,0,480
BANKNIFTY-III.NFO,31/01/2025,09:21:19,50200,50180.55,210,50196.05,60,0,480
BANKNIFTY-III.NFO,31/01/2025,09:21:21,50200,50180.55,210,50195.4,60,0,480
BANKNIFTY-III.NFO,31/01/2025,09:21:24,50200,50180.6,60,50195.4,30,0,480
BANKNIFTY-III.NFO,31/01/2025,09:21:26,50200,50180.6,90,50198.15,60,0,480
BANKNIFTY-III.NFO,31/01/2025,09:21:27,50200,50180.6,90,50198,60,0,480
BANKNIFTY-III.NFO,31/01/2025,09:21:29,50200,50180.6,90,50201.1,60,0,480
BANKNIFTY-III.NFO,31/01/2025,09:21:31,50200,50180.6,90,50201.45,30,0,480
BANKNIFTY-III.NFO,31/01/2025,09:21:32,50200,50180.6,150,50204.35,60,0,480
BANKNIFTY-III.NFO,31/01/2025,09:21:36,50200,50180.9,120,50204.3,90,0,480
BANKNIFTY-III.NFO,31/01/2025,09:21:37,50200,50180.65,60,50200,30,0,480
BANKNIFTY-III.NFO,31/01/2025,09:21:39,50200,50180.65,60,50199.95,90,0,480
BANKNIFTY-III.NFO,31/01/2025,09:21:41,50200,50180.65,60,50199.9,30,0,480
BANKNIFTY-III.NFO,31/01/2025,09:21:44,50199.9,50180.65,60,50200,30,30,720
BANKNIFTY-III.NFO,31/01/2025,09:21:46,50199.9,50180.65,120,50200,30,0,720
BANKNIFTY-III.NFO,31/01/2025,09:21:54,50199.9,50181.4,120,50200,30,0,720
BANKNIFTY-III.NFO,31/01/2025,09:21:56,50199.9,50184,120,50200,30,0,720
BANKNIFTY-III.NFO,31/01/2025,09:21:57,50199.9,50184.25,120,50200,30,0,720
BANKNIFTY-III.NFO,31/01/2025,09:21:59,50199.9,50185.05,120,50200,30,0,720
BANKNIFTY-III.NFO,31/01/2025,09:22:11,50199.9,50185.9,120,50200,30,0,720
BANKNIFTY-III.NFO,31/01/2025,09:22:12,50199.9,50188.15,120,50200,30,0,720
BANKNIFTY-III.NFO,31/01/2025,09:22:14,50200,50188.1,30,50204.3,60,30,720
BANKNIFTY-III.NFO,31/01/2025,09:22:16,50200,50185.85,30,50204.3,90,0,720
BANKNIFTY-III.NFO,31/01/2025,09:22:17,50200,50185.85,30,50204.3,30,0,720
BANKNIFTY-III.NFO,31/01/2025,09:22:19,50200,50185.85,30,50204.3,90,0,720
BANKNIFTY-III.NFO,31/01/2025,09:22:21,50200,50185.85,30,50204.3,30,0,720
BANKNIFTY-III.NFO,31/01/2025,09:22:22,50200,50184,60,50204.3,30,0,720
BANKNIFTY-III.NFO,31/01/2025,09:22:26,50184,50184,60,50204.25,30,30,720
BANKNIFTY-III.NFO,31/01/2025,09:22:27,50184,50184,60,50203.35,90,0,720
BANKNIFTY-III.NFO,31/01/2025,09:22:29,50184,50184,60,50203.35,30,0,720
BANKNIFTY-III.NFO,31/01/2025,09:22:34,50184,50181.4,60,50202.95,60,0,720
BANKNIFTY-III.NFO,31/01/2025,09:22:35,50184,50181.4,60,50202.55,30,0,720
BANKNIFTY-III.NFO,31/01/2025,09:22:37,50184,50181.4,60,50202.9,30,0,720
BANKNIFTY-III.NFO,31/01/2025,09:22:39,50184,50184,60,50204.3,60,0,720
BANKNIFTY-III.NFO,31/01/2025,09:22:40,50184,50183.95,30,50203.55,30,0,720
BANKNIFTY-III.NFO,31/01/2025,09:22:42,50184,50182.8,60,50203.35,30,0,720
BANKNIFTY-III.NFO,31/01/2025,09:22:44,50184,50181.4,60,50203.05,30,0,720
BANKNIFTY-III.NFO,31/01/2025,09:22:45,50184,50181.45,60,50202.55,30,0,720
BANKNIFTY-III.NFO,31/01/2025,09:22:47,50184,50180.65,60,50200.65,30,0,720
BANKNIFTY-III.NFO,31/01/2025,09:22:50,50184,50180.6,90,50200.45,30,0,720
BANKNIFTY-III.NFO,31/01/2025,09:22:52,50184,50185,330,50200.65,30,0,720
BANKNIFTY-III.NFO,31/01/2025,09:22:53,50184,50185,330,50201.75,30,0,720
BANKNIFTY-III.NFO,31/01/2025,09:22:55,50184,50185,300,50198.75,30,0,720
BANKNIFTY-III.NFO,31/01/2025,09:22:57,50184,50185,300,50197.2,90,0,720
BANKNIFTY-III.NFO,31/01/2025,09:22:58,50184,50185,300,50197.9,30,0,720
BANKNIFTY-III.NFO,31/01/2025,09:23:00,50184,50185,300,50197.7,30,0,720
BANKNIFTY-III.NFO,31/01/2025,09:23:02,50184,50185,300,50197.85,30,0,720
BANKNIFTY-III.NFO,31/01/2025,09:23:03,50184,50185,300,50198.35,30,0,720
BANKNIFTY-III.NFO,31/01/2025,09:23:05,50184,50185,300,50195.9,60,0,720
BANKNIFTY-III.NFO,31/01/2025,09:23:07,50184,50185,300,50197.5,60,0,720
BANKNIFTY-III.NFO,31/01/2025,09:23:08,50197.5,50185,300,50198.45,90,30,720
BANKNIFTY-III.NFO,31/01/2025,09:23:10,50197.5,50185,300,50198.45,30,0,720
BANKNIFTY-III.NFO,31/01/2025,09:23:11,50197.5,50185.05,90,50202,60,0,720
BANKNIFTY-III.NFO,31/01/2025,09:23:13,50197.5,50185,300,50201.2,60,0,720
BANKNIFTY-III.NFO,31/01/2025,09:23:15,50197.5,50185,300,50200.55,60,0,720
BANKNIFTY-III.NFO,31/01/2025,09:23:16,50197.5,50185.05,90,50202.9,30,0,720
BANKNIFTY-III.NFO,31/01/2025,09:23:18,50197.5,50185.05,90,50204.35,60,0,720
BANKNIFTY-III.NFO,31/01/2025,09:23:20,50197.5,50185.05,150,50204.35,30,0,720
BANKNIFTY-III.NFO,31/01/2025,09:23:21,50197.5,50189.75,120,50204.35,30,0,720
BANKNIFTY-III.NFO,31/01/2025,09:23:24,50197.5,50189.75,60,50204.35,30,0,720
BANKNIFTY-III.NFO,31/01/2025,09:23:33,50197.5,50200,300,50204.35,30,0,720
BANKNIFTY-III.NFO,31/01/2025,09:23:41,50197.5,50200.05,60,50204.35,30,0,720
BANKNIFTY-III.NFO,31/01/2025,09:23:43,50197.5,50200,300,50204.35,30,0,720
BANKNIFTY-III.NFO,31/01/2025,09:23:48,50197.5,50200,300,50204.3,90,0,720
BANKNIFTY-III.NFO,31/01/2025,09:23:49,50197.5,50185.9,60,50204.3,30,0,720
BANKNIFTY-III.NFO,31/01/2025,09:23:51,50197.5,50185.9,60,50204.25,60,0,720
BANKNIFTY-III.NFO,31/01/2025,09:23:53,50197.5,50185.9,120,50204.35,60,0,720
BANKNIFTY-III.NFO,31/01/2025,09:23:54,50197.5,50185.9,60,50204.3,60,0,720
BANKNIFTY-III.NFO,31/01/2025,09:23:56,50197.5,50185.9,120,50204.35,60,0,720
BANKNIFTY-III.NFO,31/01/2025,09:23:58,50197.5,50187.9,120,50204.35,30,0,720
BANKNIFTY-III.NFO,31/01/2025,09:23:59,50197.5,50188.95,120,50204.35,30,0,720
BANKNIFTY-III.NFO,31/01/2025,09:24:01,50197.5,50188.95,60,50204.3,90,0,720
BANKNIFTY-III.NFO,31/01/2025,09:24:04,50197.5,50185.9,60,50204.3,90,0,720
BANKNIFTY-III.NFO,31/01/2025,09:24:14,50197.5,50185.9,120,50204.3,60,0,720
BANKNIFTY-III.NFO,31/01/2025,09:24:16,50197.5,50185.9,60,50204.3,60,0,720
BANKNIFTY-III.NFO,31/01/2025,09:24:19,50197.5,50183.25,60,50204.3,60,0,720
BANKNIFTY-III.NFO,31/01/2025,09:24:21,50197.5,50180.55,60,50204.3,60,0,720
BANKNIFTY-III.NFO,31/01/2025,09:24:27,50197.5,50180.05,90,50204.3,60,0,720
BANKNIFTY-III.NFO,31/01/2025,09:24:32,50197.5,50180.05,90,50199.3,60,0,720
BANKNIFTY-III.NFO,31/01/2025,09:24:34,50197.5,50180,30,50199.15,60,0,720
BANKNIFTY-III.NFO,31/01/2025,09:24:36,50197.5,50180,30,50197.5,60,0,720
BANKNIFTY-III.NFO,31/01/2025,09:24:39,50197.5,50180,30,50197.5,60,30,810
BANKNIFTY-III.NFO,31/01/2025,09:24:41,50197.5,50180,30,50196.2,60,0,810
BANKNIFTY-III.NFO,31/01/2025,09:24:42,50197.5,50180,30,50194.75,60,0,810
BANKNIFTY-III.NFO,31/01/2025,09:24:44,50197.5,50180,30,50192.45,60,0,810
BANKNIFTY-III.NFO,31/01/2025,09:24:51,50197.5,50180,30,50189.75,60,0,810
BANKNIFTY-III.NFO,31/01/2025,09:24:52,50197.5,50180,30,50189.1,60,0,810
BANKNIFTY-III.NFO,31/01/2025,09:24:54,50189,50180,30,50189.15,30,60,810
BANKNIFTY-III.NFO,31/01/2025,09:24:56,50189,50180,30,50189.1,60,0,810
BANKNIFTY-III.NFO,31/01/2025,09:24:57,50180,50162.45,60,50179.55,90,30,810
BANKNIFTY-III.NFO,31/01/2025,09:24:59,50182.75,50166.25,60,50184.7,30,90,810
BANKNIFTY-III.NFO,31/01/2025,09:25:01,50182.75,50163.45,90,50183.85,60,0,810
BANKNIFTY-III.NFO,31/01/2025,09:25:02,50182.75,50165.15,60,50183.35,30,0,810
BANKNIFTY-III.NFO,31/01/2025,09:25:04,50182.75,50165.3,90,50183.35,30,0,810
BANKNIFTY-III.NFO,31/01/2025,09:25:06,50182.75,50166.3,150,50183.35,30,0,810
BANKNIFTY-III.NFO,31/01/2025,09:25:07,50182.75,50170.9,90,50192.5,30,0,810
BANKNIFTY-III.NFO,31/01/2025,09:25:09,50182.75,50171.8,30,50193.4,60,0,810
BANKNIFTY-III.NFO,31/01/2025,09:25:11,50182.75,50168.1,60,50189.65,60,0,810
BANKNIFTY-III.NFO,31/01/2025,09:25:12,50182.75,50168.3,90,50189.3,60,0,810
BANKNIFTY-III.NFO,31/01/2025,09:25:14,50182.75,50167,60,50187.25,60,0,810
BANKNIFTY-III.NFO,31/01/2025,09:25:16,50182.75,50171.6,120,50189.7,30,0,810
BANKNIFTY-III.NFO,31/01/2025,09:25:17,50182.75,50172.95,120,50193.6,60,0,810
BANKNIFTY-III.NFO,31/01/2025,09:25:19,50182.75,50173.05,60,50193.6,60,0,810
BANKNIFTY-III.NFO,31/01/2025,09:25:21,50182.75,50174.25,90,50193.65,30,0,810
BANKNIFTY-III.NFO,31/01/2025,09:25:22,50182.75,50173.2,90,50193.6,60,0,810
BANKNIFTY-III.NFO,31/01/2025,09:25:24,50182.75,50176.65,60,50196.25,30,0,810
BANKNIFTY-III.NFO,31/01/2025,09:25:25,50182.75,50179.85,60,50199.95,60,0,810
BANKNIFTY-III.NFO,31/01/2025,09:25:27,50182.75,50184.6,60,50204.35,60,0,810
BANKNIFTY-III.NFO,31/01/2025,09:25:29,50182.75,50183.35,60,50201.95,30,0,810
BANKNIFTY-III.NFO,31/01/2025,09:25:32,50182.75,50180.45,60,50201.9,60,0,810
BANKNIFTY-III.NFO,31/01/2025,09:25:34,50182.75,50178.65,60,50199.75,30,0,810
BANKNIFTY-III.NFO,31/01/2025,09:25:35,50182.75,50183.9,60,50202.9,30,0,810
BANKNIFTY-III.NFO,31/01/2025,09:25:37,50182.75,50184.2,60,50204.35,60,0,810
BANKNIFTY-III.NFO,31/01/2025,09:25:39,50182.75,50186.2,60,50204.35,60,0,810
BANKNIFTY-III.NFO,31/01/2025,09:25:40,50182.75,50187.8,60,50204.35,60,0,810
BANKNIFTY-III.NFO,31/01/2025,09:25:42,50182.75,50194.85,60,50204.35,30,0,810
BANKNIFTY-III.NFO,31/01/2025,09:25:44,50182.75,50190.95,60,50204.35,30,0,810
BANKNIFTY-III.NFO,31/01/2025,09:25:45,50182.75,50187.2,60,50204.35,60,0,810
BANKNIFTY-III.NFO,31/01/2025,09:25:47,50182.75,50185.8,60,50204.35,60,0,810
BANKNIFTY-III.NFO,31/01/2025,09:25:50,50182.75,50186.05,60,50204.35,60,0,810
BANKNIFTY-III.NFO,31/01/2025,09:25:52,50182.75,50191.3,90,50204.35,30,0,810
BANKNIFTY-III.NFO,31/01/2025,09:25:54,50182.75,50193.95,120,50204.35,30,0,810
BANKNIFTY-III.NFO,31/01/2025,09:25:56,50182.75,50192.15,90,50204.35,30,0,810
BANKNIFTY-III.NFO,31/01/2025,09:26:01,50182.75,50192.2,60,50204.35,30,0,810
BANKNIFTY-III.NFO,31/01/2025,09:26:02,50182.75,50192.4,60,50204.35,30,0,810
BANKNIFTY-III.NFO,31/01/2025,09:26:04,50182.75,50190.75,60,50204.35,30,0,810
BANKNIFTY-III.NFO,31/01/2025,09:26:07,50204.35,50192.55,60,50211.1,30,30,810
BANKNIFTY-III.NFO,31/01/2025,09:26:09,50204.35,50195.45,60,50214.7,30,0,810
BANKNIFTY-III.NFO,31/01/2025,09:26:11,50204.35,50194.95,30,50214.65,60,0,810
BANKNIFTY-III.NFO,31/01/2025,09:26:12,50204.35,50195.3,60,50214.65,60,0,810
BANKNIFTY-III.NFO,31/01/2025,09:26:14,50204.35,50196.65,60,50216.05,30,0,810
BANKNIFTY-III.NFO,31/01/2025,09:26:15,50204.35,50196.75,90,50216.05,30,0,810
BANKNIFTY-III.NFO,31/01/2025,09:26:17,50204.35,50198.3,60,50216.95,30,0,810
BANKNIFTY-III.NFO,31/01/2025,09:26:20,50204.35,50198.7,60,50217.85,30,0,810
BANKNIFTY-III.NFO,31/01/2025,09:26:22,50204.35,50199.8,60,50218.75,30,0,810
BANKNIFTY-III.NFO,31/01/2025,09:26:24,50204.35,50200.5,60,50219.65,30,0,810
BANKNIFTY-III.NFO,31/01/2025,09:26:26,50204.35,50199.6,60,50219.6,60,0,810
BANKNIFTY-III.NFO,31/01/2025,09:26:27,50204.35,50199.5,60,50219.6,60,0,810
BANKNIFTY-III.NFO,31/01/2025,09:26:29,50204.35,50199.8,60,50219.6,60,0,810
BANKNIFTY-III.NFO,31/01/2025,09:26:31,50204.35,50199.5,60,50219.6,60,0,810
BANKNIFTY-III.NFO,31/01/2025,09:26:32,50204.35,50194.2,60,50215.55,60,0,810
BANKNIFTY-III.NFO,31/01/2025,09:26:34,50204.35,50198.5,90,50216.9,30,0,810
BANKNIFTY-III.NFO,31/01/2025,09:26:36,50204.35,50205.6,60,50224.25,30,0,810
BANKNIFTY-III.NFO,31/01/2025,09:26:37,50204.35,50208.1,60,50227.7,30,0,810
BANKNIFTY-III.NFO,31/01/2025,09:26:39,50204.35,50205.25,30,50225.8,60,0,810
BANKNIFTY-III.NFO,31/01/2025,09:26:41,50204.35,50204.85,60,50224.7,30,0,810
BANKNIFTY-III.NFO,31/01/2025,09:26:42,50204.35,50204.5,60,50224.25,30,0,810
BANKNIFTY-III.NFO,31/01/2025,09:26:44,50204.35,50206.45,60,50227.65,60,0,810
BANKNIFTY-III.NFO,31/01/2025,09:26:46,50204.35,50204.85,60,50225.15,60,0,810
BANKNIFTY-III.NFO,31/01/2025,09:26:47,50204.35,50205.35,120,50225.55,30,0,810
BANKNIFTY-III.NFO,31/01/2025,09:26:50,50204.35,50204.6,60,50223.35,30,0,810
BANKNIFTY-III.NFO,31/01/2025,09:26:52,50204.35,50204.45,60,50223.35,30,0,810
BANKNIFTY-III.NFO,31/01/2025,09:26:55,50204.35,50206.8,60,50225.55,30,0,810
BANKNIFTY-III.NFO,31/01/2025,09:26:57,50204.35,50209.05,60,50227.7,30,0,810
BANKNIFTY-III.NFO,31/01/2025,09:27:00,50204.35,50208.5,90,50227.7,30,0,810
BANKNIFTY-III.NFO,31/01/2025,09:27:02,50204.35,50205.8,60,50227,60,0,810
BANKNIFTY-III.NFO,31/01/2025,09:27:04,50204.35,50204.65,90,50225.45,30,0,810
BANKNIFTY-III.NFO,31/01/2025,09:27:05,50204.35,50204.5,60,50224.7,30,0,810
BANKNIFTY-III.NFO,31/01/2025,09:27:07,50204.35,50206.55,60,50226.3,30,0,810
BANKNIFTY-III.NFO,31/01/2025,09:27:09,50204.35,50206.7,60,50227,60,0,810
BANKNIFTY-III.NFO,31/01/2025,09:27:10,50204.35,50205.05,90,50223.1,180,0,810
BANKNIFTY-III.NFO,31/01/2025,09:27:12,50204.35,50205.05,90,50222.7,150,0,810
BANKNIFTY-III.NFO,31/01/2025,09:27:14,50204.35,50205,30,50220.65,180,0,810
BANKNIFTY-III.NFO,31/01/2025,09:27:17,50204.35,50205.05,90,50221.4,150,0,810
BANKNIFTY-III.NFO,31/01/2025,09:27:19,50204.35,50206.55,60,50226.4,30,0,810
BANKNIFTY-III.NFO,31/01/2025,09:27:20,50204.35,50205.1,60,50225.55,180,0,810
BANKNIFTY-III.NFO,31/01/2025,09:27:22,50204.35,50205.05,90,50221.8,180,0,810
BANKNIFTY-III.NFO,31/01/2025,09:27:24,50204.35,50205,30,50218.85,180,0,810
BANKNIFTY-III.NFO,31/01/2025,09:27:25,50204.35,50205,30,50218.35,180,0,810
BANKNIFTY-III.NFO,31/01/2025,09:27:27,50204.35,50205,30,50217.7,30,0,810
BANKNIFTY-III.NFO,31/01/2025,09:27:29,50205,50204.4,60,50219.55,30,30,930
BANKNIFTY-III.NFO,31/01/2025,09:27:29,50205,50204.4,60,50219.55,30,0,930
BANKNIFTY-III.NFO,31/01/2025,09:27:30,50205,50204.35,30,50219.55,30,0,930
BANKNIFTY-III.NFO,31/01/2025,09:27:32,50205,50205.35,30,50219.55,30,0,930
BANKNIFTY-III.NFO,31/01/2025,09:27:34,50205,50205.35,30,50216.7,90,0,930
BANKNIFTY-III.NFO,31/01/2025,09:27:35,50205,50205.35,30,50211.3,180,0,930
BANKNIFTY-III.NFO,31/01/2025,09:27:37,50205,50205.35,30,50212.6,30,0,930
BANKNIFTY-III.NFO,31/01/2025,09:27:38,50205,50205.35,30,50214,180,0,930
BANKNIFTY-III.NFO,31/01/2025,09:27:40,50205,50205.35,30,50210.7,150,0,930
BANKNIFTY-III.NFO,31/01/2025,09:27:42,50205,50205.35,30,50208.45,150,0,930
BANKNIFTY-III.NFO,31/01/2025,09:27:43,50205,50205.35,30,50208.3,150,0,930
BANKNIFTY-III.NFO,31/01/2025,09:27:47,50205,50205.35,30,50209.2,150,0,930
BANKNIFTY-III.NFO,31/01/2025,09:27:48,50205,50205.35,30,50210.2,150,0,930
BANKNIFTY-III.NFO,31/01/2025,09:27:50,50205,50205.35,30,50209.7,240,0,930
BANKNIFTY-III.NFO,31/01/2025,09:27:51,50205,50205.35,30,50209.3,150,0,930
BANKNIFTY-III.NFO,31/01/2025,09:27:53,50205,50205.35,30,50211,150,0,930
BANKNIFTY-III.NFO,31/01/2025,09:27:55,50205.35,50205,30,50209.2,150,30,930
BANKNIFTY-III.NFO,31/01/2025,09:27:55,50205.35,50205,30,50209.2,150,0,930
BANKNIFTY-III.NFO,31/01/2025,09:27:56,50205.35,50205,30,50206.45,180,0,930
BANKNIFTY-III.NFO,31/01/2025,09:27:58,50205.35,50205,30,50209,180,0,930
BANKNIFTY-III.NFO,31/01/2025,09:28:00,50205.35,50205,30,50208.3,150,0,930
BANKNIFTY-III.NFO,31/01/2025,09:28:01,50205.35,50205,30,50207.3,180,0,930
BANKNIFTY-III.NFO,31/01/2025,09:28:03,50205.35,50205,30,50206.65,150,0,930
BANKNIFTY-III.NFO,31/01/2025,09:28:04,50205.35,50205,30,50206,180,0,930
BANKNIFTY-III.NFO,31/01/2025,09:28:06,50205.35,50205,30,50206.6,150,0,930
BANKNIFTY-III.NFO,31/01/2025,09:28:08,50205.35,50205,30,50206.25,150,0,930
BANKNIFTY-III.NFO,31/01/2025,09:28:09,50205.35,50205,30,50207.2,150,0,930
BANKNIFTY-III.NFO,31/01/2025,09:28:11,50205.35,50205,30,50207.8,150,0,930
BANKNIFTY-III.NFO,31/01/2025,09:28:13,50205.35,50205,30,50213.15,60,0,930
BANKNIFTY-III.NFO,31/01/2025,09:28:14,50205,50200,150,50204.45,90,30,930
BANKNIFTY-III.NFO,31/01/2025,09:28:16,50205,50200,150,50200.85,60,0,930
BANKNIFTY-III.NFO,31/01/2025,09:28:18,50200,50181.3,60,50199.9,60,150,930
BANKNIFTY-III.NFO,31/01/2025,09:28:19,50200,50181.05,90,50198.9,90,0,930
BANKNIFTY-III.NFO,31/01/2025,09:28:21,50200,50181.15,90,50198.8,60,0,930
BANKNIFTY-III.NFO,31/01/2025,09:28:22,50200,50180.25,90,50198.8,60,0,930
BANKNIFTY-III.NFO,31/01/2025,09:28:24,50200,50178.15,90,50196.3,60,0,930
BANKNIFTY-III.NFO,31/01/2025,09:28:25,50200,50181.85,90,50198.9,30,0,930
BANKNIFTY-III.NFO,31/01/2025,09:28:27,50200,50181,150,50198.15,120,0,930
BANKNIFTY-III.NFO,31/01/2025,09:28:29,50200,50183.7,90,50199.9,150,0,930
BANKNIFTY-III.NFO,31/01/2025,09:28:30,50200,50180.3,60,50199.2,60,0,930
BANKNIFTY-III.NFO,31/01/2025,09:28:32,50200,50181.1,90,50198.15,60,0,930
BANKNIFTY-III.NFO,31/01/2025,09:28:33,50200,50182,60,50199.1,150,0,930
BANKNIFTY-III.NFO,31/01/2025,09:28:35,50200,50180.5,90,50197.4,120,0,930
BANKNIFTY-III.NFO,31/01/2025,09:28:36,50200,50175.8,120,50194.35,60,0,930
BANKNIFTY-III.NFO,31/01/2025,09:28:38,50200,50176.45,60,50193.95,90,0,930
BANKNIFTY-III.NFO,31/01/2025,09:28:39,50200,50179.7,90,50196.7,60,0,930
BANKNIFTY-III.NFO,31/01/2025,09:28:41,50200,50178.1,90,50195.85,60,0,930
BANKNIFTY-III.NFO,31/01/2025,09:28:43,50200,50178.7,120,50195.85,60,0,930
BANKNIFTY-III.NFO,31/01/2025,09:28:44,50200,50179.8,60,50196.7,90,0,930
BANKNIFTY-III.NFO,31/01/2025,09:28:46,50200,50179.8,90,50196.15,30,0,930
BANKNIFTY-III.NFO,31/01/2025,09:28:47,50200,50180.9,120,50198.8,120,0,930
BANKNIFTY-III.NFO,31/01/2025,09:28:49,50200,50183.4,60,50201.6,60,0,930
BANKNIFTY-III.NFO,31/01/2025,09:28:51,50200,50181.85,60,50200.7,60,0,930
BANKNIFTY-III.NFO,31/01/2025,09:28:52,50200,50179.2,60,50197.05,60,0,930
BANKNIFTY-III.NFO,31/01/2025,09:28:54,50200,50178.3,90,50195.95,30,0,930
BANKNIFTY-III.NFO,31/01/2025,09:28:55,50200,50177.05,60,50195.6,60,0,930
BANKNIFTY-III.NFO,31/01/2025,09:28:58,50200,50178.3,90,50195.9,60,0,930
BANKNIFTY-III.NFO,31/01/2025,09:29:00,50200,50176.45,60,50195.05,180,0,930
BANKNIFTY-III.NFO,31/01/2025,09:29:02,50200,50175.45,60,50195.05,60,0,930
BANKNIFTY-III.NFO,31/01/2025,09:29:03,50200,50175,60,50194.3,60,0,930
BANKNIFTY-III.NFO,31/01/2025,09:29:05,50200,50173.7,90,50192.9,60,0,930
BANKNIFTY-III.NFO,31/01/2025,09:29:06,50200,50171.85,90,50190.3,60,0,930
BANKNIFTY-III.NFO,31/01/2025,09:29:08,50200,50170.05,60,50189.45,60,0,930
BANKNIFTY-III.NFO,31/01/2025,09:29:09,50200,50170.85,60,50189.15,60,0,930
BANKNIFTY-III.NFO,31/01/2025,09:29:11,50200,50170.05,90,50187.6,60,0,930
BANKNIFTY-III.NFO,31/01/2025,09:29:13,50200,50170,30,50184.8,90,0,930
BANKNIFTY-III.NFO,31/01/2025,09:29:14,50200,50170,30,50182.3,60,0,930
BANKNIFTY-III.NFO,31/01/2025,09:29:16,50200,50170.05,60,50184.95,90,0,930
BANKNIFTY-III.NFO,31/01/2025,09:29:17,50200,50170,30,50183.25,90,0,930
BANKNIFTY-III.NFO,31/01/2025,09:29:19,50200,50170,30,50179.8,30,0,930
BANKNIFTY-III.NFO,31/01/2025,09:29:21,50200,50170,30,50178.2,90,0,930
BANKNIFTY-III.NFO,31/01/2025,09:29:22,50200,50170,30,50178.1,30,0,930
BANKNIFTY-III.NFO,31/01/2025,09:29:24,50200,50170,30,50181.1,150,0,930
BANKNIFTY-III.NFO,31/01/2025,09:29:25,50200,50170,30,50182.7,60,0,930
BANKNIFTY-III.NFO,31/01/2025,09:29:27,50200,50170,30,50182.5,90,0,930
BANKNIFTY-III.NFO,31/01/2025,09:29:29,50200,50170,30,50180.75,90,0,930
BANKNIFTY-III.NFO,31/01/2025,09:29:30,50200,50170,30,50181.35,150,0,930
BANKNIFTY-III.NFO,31/01/2025,09:29:32,50200,50170,60,50184.65,30,0,930
BANKNIFTY-III.NFO,31/01/2025,09:29:34,50200,50173.15,90,50189.85,150,0,930
BANKNIFTY-III.NFO,31/01/2025,09:29:35,50200,50170.1,60,50187.8,60,0,930
BANKNIFTY-III.NFO,31/01/2025,09:29:37,50200,50170.05,90,50186.65,30,0,930
BANKNIFTY-III.NFO,31/01/2025,09:29:39,50200,50170,60,50185.3,30,0,930
BANKNIFTY-III.NFO,31/01/2025,09:29:40,50200,50170.05,60,50186.15,30,0,930
BANKNIFTY-III.NFO,31/01/2025,09:29:42,50200,50171.35,90,50189.3,60,0,930
BANKNIFTY-III.NFO,31/01/2025,09:29:44,50200,50171.35,90,50188.25,30,0,930
BANKNIFTY-III.NFO,31/01/2025,09:29:45,50200,50170.05,90,50186.9,150,0,930
BANKNIFTY-III.NFO,31/01/2025,09:29:47,50200,50170.05,150,50186.45,30,0,930
BANKNIFTY-III.NFO,31/01/2025,09:29:49,50200,50170.25,90,50187.05,30,0,930
BANKNIFTY-III.NFO,31/01/2025,09:29:50,50200,50170.7,90,50189.25,60,0,930
BANKNIFTY-III.NFO,31/01/2025,09:29:52,50200,50175.15,60,50193.05,30,0,930
BANKNIFTY-III.NFO,31/01/2025,09:29:54,50200,50180.55,90,50198.4,60,0,930
BANKNIFTY-III.NFO,31/01/2025,09:29:55,50200,50173,60,50190.25,150,0,930
BANKNIFTY-III.NFO,31/01/2025,09:29:57,50200,50173,60,50190.2,90,0,930
BANKNIFTY-III.NFO,31/01/2025,09:29:59,50200,50171.05,60,50189.1,150,0,930
BANKNIFTY-III.NFO,31/01/2025,09:30:00,50200,50172.45,60,50190.9,60,0,930
BANKNIFTY-III.NFO,31/01/2025,09:30:02,50200,50170,30,50182.95,150,0,930
BANKNIFTY-III.NFO,31/01/2025,09:30:04,50200,50170.25,60,50187.9,150,0,930
BANKNIFTY-III.NFO,31/01/2025,09:30:05,50200,50173.75,60,50190.8,30,0,930
BANKNIFTY-III.NFO,31/01/2025,09:30:07,50174.15,50174.2,60,50192.45,30,30,930
BANKNIFTY-III.NFO,31/01/2025,09:30:09,50174.15,50172.6,60,50189.05,60,0,930
BANKNIFTY-III.NFO,31/01/2025,09:30:10,50174.15,50170.05,90,50187.15,30,0,930
BANKNIFTY-III.NFO,31/01/2025,09:30:12,50174.15,50170.25,60,50188.1,60,0,930
BANKNIFTY-III.NFO,31/01/2025,09:30:14,50174.15,50170.1,60,50187.95,30,0,930
BANKNIFTY-III.NFO,31/01/2025,09:30:15,50174.15,50170,30,50181.65,30,0,930
BANKNIFTY-III.NFO,31/01/2025,09:30:17,50174.15,50170,30,50181.5,30,0,930
BANKNIFTY-III.NFO,31/01/2025,09:30:19,50174.15,50170,30,50181.85,30,0,930
BANKNIFTY-III.NFO,31/01/2025,09:30:20,50174.15,50170,60,50183.65,30,0,930
BANKNIFTY-III.NFO,31/01/2025,09:30:22,50183.65,50170,60,50183.7,90,30,930
BANKNIFTY-III.NFO,31/01/2025,09:30:24,50183.65,50170.05,90,50185.45,90,0,930
BANKNIFTY-III.NFO,31/01/2025,09:30:25,50183.65,50170.05,90,50185.4,30,0,930
BANKNIFTY-III.NFO,31/01/2025,09:30:27,50183.65,50170.05,60,50184.45,90,0,930
BANKNIFTY-III.NFO,31/01/2025,09:30:29,50183.65,50170,30,50182.55,120,0,930
BANKNIFTY-III.NFO,31/01/2025,09:30:31,50183.65,50170,30,50182.5,60,0,930
BANKNIFTY-III.NFO,31/01/2025,09:30:32,50183.65,50170,30,50181.6,120,0,930
BANKNIFTY-III.NFO,31/01/2025,09:30:34,50183.65,50170,30,50176.6,120,0,930
BANKNIFTY-III.NFO,31/01/2025,09:30:36,50183.65,50170,30,50175.2,150,0,930
BANKNIFTY-III.NFO,31/01/2025,09:30:37,50183.65,50170,30,50175.2,120,0,930
BANKNIFTY-III.NFO,31/01/2025,09:30:39,50183.65,50170,30,50173.65,120,0,930
BANKNIFTY-III.NFO,31/01/2025,09:30:41,50183.65,50170,30,50172.55,120,0,930
BANKNIFTY-III.NFO,31/01/2025,09:30:44,50183.65,50170,30,50172.45,120,0,930
BANKNIFTY-III.NFO,31/01/2025,09:30:45,50183.65,50170,30,50171.7,90,0,930
BANKNIFTY-III.NFO,31/01/2025,09:30:47,50183.65,50170,30,50171.35,120,0,930
BANKNIFTY-III.NFO,31/01/2025,09:30:49,50170,50152.95,90,50168.7,30,30,1200
BANKNIFTY-III.NFO,31/01/2025,09:30:50,50170,50151.35,90,50167.6,60,0,1200
BANKNIFTY-III.NFO,31/01/2025,09:30:52,50166.55,50150.7,150,50166.85,150,30,1200
BANKNIFTY-III.NFO,31/01/2025,09:30:54,50166.55,50150.7,60,50166.2,240,0,1200
BANKNIFTY-III.NFO,31/01/2025,09:30:55,50166.55,50150.55,210,50164.55,120,0,1200
BANKNIFTY-III.NFO,31/01/2025,09:30:57,50166.55,50150.55,210,50163.45,150,0,1200
BANKNIFTY-III.NFO,31/01/2025,09:30:59,50166.55,50150.55,210,50157.6,90,0,1200
BANKNIFTY-III.NFO,31/01/2025,09:31:00,50166.55,50150.55,210,50155.55,30,0,1200
BANKNIFTY-III.NFO,31/01/2025,09:31:02,50166.55,50150.55,210,50159.25,120,0,1200
BANKNIFTY-III.NFO,31/01/2025,09:31:04,50166.55,50150.55,210,50156.05,120,0,1200
BANKNIFTY-III.NFO,31/01/2025,09:31:05,50166.55,50150.55,210,50154.5,150,0,1200
BANKNIFTY-III.NFO,31/01/2025,09:31:07,50166.55,50150.55,210,50153.4,120,0,1200
BANKNIFTY-III.NFO,31/01/2025,09:31:09,50166.55,50150.55,210,50153,90,0,1200
BANKNIFTY-III.NFO,31/01/2025,09:31:10,50166.55,50150.55,210,50153.8,120,0,1200
BANKNIFTY-III.NFO,31/01/2025,09:31:12,50166.55,50150.55,210,50150.85,120,0,1200
BANKNIFTY-III.NFO,31/01/2025,09:31:14,50150.55,50150.55,90,50160.25,30,120,1200
BANKNIFTY-III.NFO,31/01/2025,09:31:15,50150.55,50150.55,90,50159.65,30,0,1200
BANKNIFTY-III.NFO,31/01/2025,09:31:17,50150.55,50150.55,90,50162.45,90,0,1200
BANKNIFTY-III.NFO,31/01/2025,09:31:19,50150.55,50150.55,90,50162.05,90,0,1200
BANKNIFTY-III.NFO,31/01/2025,09:31:20,50150.55,50150.55,90,50160.05,120,0,1200
BANKNIFTY-III.NFO,31/01/2025,09:31:22,50150.55,50150.55,90,50160.65,90,0,1200
BANKNIFTY-III.NFO,31/01/2025,09:31:24,50150.55,50150.55,90,50160.55,90,0,1200
BANKNIFTY-III.NFO,31/01/2025,09:31:25,50150.55,50150.55,90,50159.7,90,0,1200
BANKNIFTY-III.NFO,31/01/2025,09:31:29,50150.55,50150.55,90,50159.35,30,0,1200
BANKNIFTY-III.NFO,31/01/2025,09:31:30,50150.55,50150.55,90,50159,120,0,1200
BANKNIFTY-III.NFO,31/01/2025,09:31:32,50150.55,50150.55,90,50159,210,0,1200
BANKNIFTY-III.NFO,31/01/2025,09:31:34,50150.55,50150.55,90,50161.3,120,0,1200
BANKNIFTY-III.NFO,31/01/2025,09:31:35,50150.55,50150.55,90,50160.55,120,0,1200
BANKNIFTY-III.NFO,31/01/2025,09:31:37,50150.55,50150.55,90,50158.4,120,0,1200
BANKNIFTY-III.NFO,31/01/2025,09:31:39,50150.55,50150.55,90,50158.7,120,0,1200
BANKNIFTY-III.NFO,31/01/2025,09:31:40,50150.55,50150.55,90,50156.6,120,0,1200
BANKNIFTY-III.NFO,31/01/2025,09:31:42,50150.55,50150.55,90,50152.35,30,0,1200
BANKNIFTY-III.NFO,31/01/2025,09:31:44,50150.55,50150.55,90,50155.95,120,0,1200
BANKNIFTY-III.NFO,31/01/2025,09:31:45,50150.55,50150,210,50152.35,120,90,1200
BANKNIFTY-III.NFO,31/01/2025,09:31:47,50150.55,50150,210,50151.25,120,0,1200
BANKNIFTY-III.NFO,31/01/2025,09:31:49,50150,50150,180,50150.2,120,30,1200
BANKNIFTY-III.NFO,31/01/2025,09:31:50,50150,50150,180,50153.65,120,0,1200
BANKNIFTY-III.NFO,31/01/2025,09:31:52,50150,50150,180,50152.3,120,0,1200
BANKNIFTY-III.NFO,31/01/2025,09:31:54,50150,50150,180,50152.1,120,0,1200
BANKNIFTY-III.NFO,31/01/2025,09:31:55,50150,50150,180,50150.95,120,0,1200
BANKNIFTY-III.NFO,31/01/2025,09:31:57,50150,50150,180,50153,120,0,1200
BANKNIFTY-III.NFO,31/01/2025,09:31:59,50150,50150,180,50155.55,120,0,1200
BANKNIFTY-III.NFO,31/01/2025,09:32:00,50150,50150,180,50155.4,120,0,1200
BANKNIFTY-III.NFO,31/01/2025,09:32:02,50150,50150,180,50155.75,120,0,1200
BANKNIFTY-III.NFO,31/01/2025,09:32:04,50150,50150,180,50155.1,120,0,1200
BANKNIFTY-III.NFO,31/01/2025,09:32:05,50150,50150.05,60,50161.85,30,0,1200
BANKNIFTY-III.NFO,31/01/2025,09:32:07,50150,50150.05,90,50164.2,90,0,1200
BANKNIFTY-III.NFO,31/01/2025,09:32:09,50150,50150.05,60,50162.55,90,0,1200
BANKNIFTY-III.NFO,31/01/2025,09:32:10,50150,50150,180,50160.3,120,0,1200
BANKNIFTY-III.NFO,31/01/2025,09:32:12,50150,50150,180,50158.6,120,0,1200
BANKNIFTY-III.NFO,31/01/2025,09:32:13,50150,50150,180,50156.6,120,0,1200
BANKNIFTY-III.NFO,31/01/2025,09:32:15,50150,50150,180,50157.35,120,0,1200
BANKNIFTY-III.NFO,31/01/2025,09:32:17,50150,50150.05,60,50162.3,30,0,1200
BANKNIFTY-III.NFO,31/01/2025,09:32:18,50150,50150.05,90,50164.4,60,0,1200
BANKNIFTY-III.NFO,31/01/2025,09:32:20,50150,50150.05,60,50161.45,120,0,1200
BANKNIFTY-III.NFO,31/01/2025,09:32:22,50150,50150.05,60,50161.2,120,0,1200
BANKNIFTY-III.NFO,31/01/2025,09:32:23,50150,50150.05,60,50161.45,120,0,1200
BANKNIFTY-III.NFO,31/01/2025,09:32:26,50162.35,50151.95,60,50166,90,30,1200
BANKNIFTY-III.NFO,31/01/2025,09:32:28,50162.35,50152.7,90,50165.55,90,0,1200
BANKNIFTY-III.NFO,31/01/2025,09:32:29,50162.35,50150.95,60,50164.9,90,0,1200
BANKNIFTY-III.NFO,31/01/2025,09:32:31,50162.35,50150.65,120,50164.35,90,0,1200
BANKNIFTY-III.NFO,31/01/2025,09:32:33,50162.35,50150.15,60,50163.1,90,0,1200
BANKNIFTY-III.NFO,31/01/2025,09:32:34,50162.35,50150.05,150,50162.45,90,0,1200
BANKNIFTY-III.NFO,31/01/2025,09:32:36,50162.35,50150.65,60,50163.8,90,0,1200
BANKNIFTY-III.NFO,31/01/2025,09:32:39,50150.65,50150.65,90,50162.9,90,30,1200
BANKNIFTY-III.NFO,31/01/2025,09:32:41,50150.65,50150.65,90,50162.9,90,0,1200
BANKNIFTY-III.NFO,31/01/2025,09:32:42,50150.65,50150,180,50161.2,30,0,1200
BANKNIFTY-III.NFO,31/01/2025,09:32:44,50150.65,50150.65,30,50157.5,90,0,1200
BANKNIFTY-III.NFO,31/01/2025,09:32:46,50150.65,50150.65,30,50157.3,90,0,1200
BANKNIFTY-III.NFO,31/01/2025,09:32:47,50150.65,50150.65,30,50154.05,90,0,1200
BANKNIFTY-III.NFO,31/01/2025,09:32:49,50150.65,50150.65,30,50157.55,90,0,1200
BANKNIFTY-III.NFO,31/01/2025,09:32:51,50150.65,50150.65,30,50157.9,90,0,1200
BANKNIFTY-III.NFO,31/01/2025,09:32:52,50150.65,50150.65,30,50157.05,90,0,1200
BANKNIFTY-III.NFO,31/01/2025,09:32:54,50150.65,50150,180,50157.15,90,0,1200
BANKNIFTY-III.NFO,31/01/2025,09:32:56,50150.65,50150.05,60,50160.6,90,0,1200
BANKNIFTY-III.NFO,31/01/2025,09:32:57,50150.65,50150,180,50161.25,90,0,1200
BANKNIFTY-III.NFO,31/01/2025,09:32:59,50150.65,50150,180,50160.55,90,0,1200
BANKNIFTY-III.NFO,31/01/2025,09:33:01,50150.65,50150,180,50160.3,90,0,1200
BANKNIFTY-III.NFO,31/01/2025,09:33:02,50150.65,50150.05,60,50161.1,90,0,1200
BANKNIFTY-III.NFO,31/01/2025,09:33:04,50150.65,50151.1,60,50164.55,30,0,1200
BANKNIFTY-III.NFO,31/01/2025,09:33:05,50150.65,50151.3,90,50164.55,30,0,1200
BANKNIFTY-III.NFO,31/01/2025,09:33:07,50150.65,50151.5,90,50164.55,30,0,1200
BANKNIFTY-III.NFO,31/01/2025,09:33:09,50150.65,50150.05,90,50164.55,60,0,1200
BANKNIFTY-III.NFO,31/01/2025,09:33:10,50150.65,50150.25,90,50164.55,30,0,1200
BANKNIFTY-III.NFO,31/01/2025,09:33:12,50150.65,50150.25,90,50164.25,30,0,1200
BANKNIFTY-III.NFO,31/01/2025,09:33:13,50150.65,50151.25,60,50165.55,30,0,1200
BANKNIFTY-III.NFO,31/01/2025,09:33:18,50150.65,50159.35,90,50173.5,30,0,1200
BANKNIFTY-III.NFO,31/01/2025,09:33:20,50150.65,50159.85,150,50173.5,30,0,1200
BANKNIFTY-III.NFO,31/01/2025,09:33:22,50150.65,50160.05,60,50173.5,30,0,1200
BANKNIFTY-III.NFO,31/01/2025,09:33:23,50150.65,50159.6,90,50173.5,30,0,1200
BANKNIFTY-III.NFO,31/01/2025,09:33:27,50150.65,50159.8,120,50173.5,30,0,1200
BANKNIFTY-III.NFO,31/01/2025,09:33:28,50150.65,50160.35,60,50173.5,30,0,1200
BANKNIFTY-III.NFO,31/01/2025,09:33:30,50150.65,50159.9,90,50173.5,30,0,1200
BANKNIFTY-III.NFO,31/01/2025,09:33:32,50150.65,50157.7,60,50173.5,60,0,1200
BANKNIFTY-III.NFO,31/01/2025,09:33:33,50150.65,50156.8,60,50173.15,60,0,1200
BANKNIFTY-III.NFO,31/01/2025,09:33:35,50150.65,50156.55,60,50172.75,60,0,1200
BANKNIFTY-III.NFO,31/01/2025,09:33:37,50150.65,50157.3,60,50172.75,60,0,1200
BANKNIFTY-III.NFO,31/01/2025,09:33:38,50150.65,50156.75,60,50172.65,60,0,1200
BANKNIFTY-III.NFO,31/01/2025,09:33:40,50150.65,50157.35,60,50172.65,30,0,1200
BANKNIFTY-III.NFO,31/01/2025,09:33:41,50150.65,50156.85,60,50172.6,30,0,1200
BANKNIFTY-III.NFO,31/01/2025,09:33:43,50150.65,50155.3,60,50171.7,60,0,1200
BANKNIFTY-III.NFO,31/01/2025,09:33:45,50150.65,50153.7,60,50168.95,30,0,1200
BANKNIFTY-III.NFO,31/01/2025,09:33:46,50150.65,50152.85,90,50167.5,30,0,1200
BANKNIFTY-III.NFO,31/01/2025,09:33:48,50150.65,50153.55,90,50167.9,30,0,1200
BANKNIFTY-III.NFO,31/01/2025,09:33:50,50150.65,50153.95,60,50168.75,30,0,1200
BANKNIFTY-III.NFO,31/01/2025,09:33:51,50150.65,50153.95,90,50168.1,30,0,1200
BANKNIFTY-III.NFO,31/01/2025,09:33:53,50176.1,50160.35,90,50175.45,120,30,1530
BANKNIFTY-III.NFO,31/01/2025,09:33:55,50176.1,50159.95,90,50175.45,120,0,1530
BANKNIFTY-III.NFO,31/01/2025,09:33:56,50176.1,50159.85,90,50174.55,90,0,1530
BANKNIFTY-III.NFO,31/01/2025,09:33:58,50176.1,50160.5,60,50175.7,90,0,1530
BANKNIFTY-III.NFO,31/01/2025,09:33:59,50176.1,50160.6,90,50175.05,90,0,1530
BANKNIFTY-III.NFO,31/01/2025,09:34:01,50176.1,50156.95,60,50174.3,90,0,1530
BANKNIFTY-III.NFO,31/01/2025,09:34:03,50176.1,50157.55,90,50169.7,90,0,1530
BANKNIFTY-III.NFO,31/01/2025,09:34:04,50176.1,50150.55,90,50163.1,90,0,1530
BANKNIFTY-III.NFO,31/01/2025,09:34:06,50176.1,50150.05,90,50162.5,90,0,1530
BANKNIFTY-III.NFO,31/01/2025,09:34:08,50176.1,50150,180,50159.8,90,0,1530
BANKNIFTY-III.NFO,31/01/2025,09:34:09,50176.1,50150,180,50158.5,90,0,1530
BANKNIFTY-III.NFO,31/01/2025,09:34:11,50176.1,50150,180,50159.9,90,0,1530
BANKNIFTY-III.NFO,31/01/2025,09:34:13,50176.1,50150,180,50155.25,90,0,1530
BANKNIFTY-III.NFO,31/01/2025,09:34:14,50176.1,50150,180,50153.8,90,0,1530
BANKNIFTY-III.NFO,31/01/2025,09:34:16,50176.1,50150,180,50160.45,90,0,1530
BANKNIFTY-III.NFO,31/01/2025,09:34:17,50176.1,50150,180,50157.5,90,0,1530
BANKNIFTY-III.NFO,31/01/2025,09:34:19,50176.1,50150,180,50155.95,90,0,1530
BANKNIFTY-III.NFO,31/01/2025,09:34:21,50176.1,50150,180,50154.65,90,0,1530
BANKNIFTY-III.NFO,31/01/2025,09:34:22,50176.1,50150,180,50154.4,90,0,1530
BANKNIFTY-III.NFO,31/01/2025,09:34:24,50176.1,50150,180,50152.8,90,0,1530
BANKNIFTY-III.NFO,31/01/2025,09:34:25,50150,50150,90,50153.25,180,90,1530
BANKNIFTY-III.NFO,31/01/2025,09:34:27,50150,50150,90,50154.45,30,0,1530
BANKNIFTY-III.NFO,31/01/2025,09:34:29,50150,50150,90,50154.35,150,0,1530
BANKNIFTY-III.NFO,31/01/2025,09:34:30,50150,50150,90,50155.55,150,0,1530
BANKNIFTY-III.NFO,31/01/2025,09:34:32,50150,50150,90,50157.1,180,0,1530
BANKNIFTY-III.NFO,31/01/2025,09:34:34,50150,50150,90,50159.4,60,0,1530
BANKNIFTY-III.NFO,31/01/2025,09:34:35,50150,50150,90,50158.8,60,0,1530
BANKNIFTY-III.NFO,31/01/2025,09:34:37,50150,50150,150,50158.8,60,0,1530
BANKNIFTY-III.NFO,31/01/2025,09:34:38,50150,50150,150,50157.9,180,0,1530
BANKNIFTY-III.NFO,31/01/2025,09:34:40,50150,50150,150,50158.6,150,0,1530
BANKNIFTY-III.NFO,31/01/2025,09:34:42,50150,50150,150,50159,210,0,1530
BANKNIFTY-III.NFO,31/01/2025,09:34:43,50150,50150,150,50155,240,0,1530
BANKNIFTY-III.NFO,31/01/2025,09:34:46,50150,50150,150,50154.15,150,0,1530
BANKNIFTY-III.NFO,31/01/2025,09:34:48,50150,50150,150,50155,240,0,1530
BANKNIFTY-III.NFO,31/01/2025,09:34:50,50150,50150,90,50155,240,0,1530
BANKNIFTY-III.NFO,31/01/2025,09:34:51,50150,50150,90,50154.9,180,0,1530
BANKNIFTY-III.NFO,31/01/2025,09:34:53,50150,50150,90,50155,270,0,1530
BANKNIFTY-III.NFO,31/01/2025,09:34:54,50150,50150,90,50154.8,60,0,1530
BANKNIFTY-III.NFO,31/01/2025,09:34:56,50150,50150,90,50151.95,150,0,1530
BANKNIFTY-III.NFO,31/01/2025,09:34:58,50150,50140,450,50144.4,150,90,1530
BANKNIFTY-III.NFO,31/01/2025,09:34:59,50150,50140,450,50142.6,150,0,1530
BANKNIFTY-III.NFO,31/01/2025,09:35:01,50140,50140,210,50140.15,150,240,1530
BANKNIFTY-III.NFO,31/01/2025,09:35:02,50140,50140,210,50145.85,60,0,1530
BANKNIFTY-III.NFO,31/01/2025,09:35:04,50140,50140,150,50144.25,30,60,1530
BANKNIFTY-III.NFO,31/01/2025,09:35:06,50140,50140,150,50143.45,30,0,1530
BANKNIFTY-III.NFO,31/01/2025,09:35:08,50140,50140,150,50146.7,90,0,1530
BANKNIFTY-III.NFO,31/01/2025,09:35:09,50140,50140,150,50146,30,0,1530
BANKNIFTY-III.NFO,31/01/2025,09:35:12,50140,50140,150,50146,60,0,1530
BANKNIFTY-III.NFO,31/01/2025,09:35:14,50140,50140,150,50145.8,150,0,1530
BANKNIFTY-III.NFO,31/01/2025,09:35:16,50140,50140,150,50143.9,150,0,1530
BANKNIFTY-III.NFO,31/01/2025,09:35:17,50140,50140,150,50143.25,150,0,1530
BANKNIFTY-III.NFO,31/01/2025,09:35:19,50140,50140,150,50142,180,0,1530
BANKNIFTY-III.NFO,31/01/2025,09:35:21,50134.05,50118.3,90,50132.95,30,270,1530
BANKNIFTY-III.NFO,31/01/2025,09:35:22,50134.05,50114.85,90,50131.35,60,0,1530
BANKNIFTY-III.NFO,31/01/2025,09:35:24,50134.05,50124.25,60,50136.15,60,0,1530
BANKNIFTY-III.NFO,31/01/2025,09:35:25,50134.05,50120.3,90,50135.75,30,0,1530
BANKNIFTY-III.NFO,31/01/2025,09:35:27,50134.05,50111.05,90,50124.45,30,0,1530
BANKNIFTY-III.NFO,31/01/2025,09:35:29,50134.05,50111,90,50119.5,60,0,1530
BANKNIFTY-III.NFO,31/01/2025,09:35:30,50134.05,50111,90,50116.2,30,0,1530
BANKNIFTY-III.NFO,31/01/2025,09:35:32,50134.05,50111,90,50113.4,30,0,1530
BANKNIFTY-III.NFO,31/01/2025,09:35:34,50134.05,50111,90,50111.7,30,0,1530
BANKNIFTY-III.NFO,31/01/2025,09:35:35,50134.05,50111,90,50113.5,30,0,1530
BANKNIFTY-III.NFO,31/01/2025,09:35:37,50134.05,50111,90,50120.25,60,0,1530
BANKNIFTY-III.NFO,31/01/2025,09:35:39,50134.05,50111,90,50120.3,60,0,1530
BANKNIFTY-III.NFO,31/01/2025,09:35:40,50134.05,50111,90,50118.6,60,0,1530
BANKNIFTY-III.NFO,31/01/2025,09:35:42,50134.05,50111,90,50118.6,30,0,1530
BANKNIFTY-III.NFO,31/01/2025,09:35:44,50134.05,50111.05,90,50122.5,60,0,1530
BANKNIFTY-III.NFO,31/01/2025,09:35:45,50134.05,50111.75,90,50125.1,30,0,1530
BANKNIFTY-III.NFO,31/01/2025,09:35:47,50134.05,50113,60,50126.65,30,0,1530
BANKNIFTY-III.NFO,31/01/2025,09:35:49,50134.05,50114.35,90,50127.5,30,0,1530
BANKNIFTY-III.NFO,31/01/2025,09:35:50,50134.05,50115.25,90,50128.8,30,0,1530
BANKNIFTY-III.NFO,31/01/2025,09:35:52,50134.05,50117.1,90,50130.5,30,0,1530
BANKNIFTY-III.NFO,31/01/2025,09:35:54,50134.05,50113.45,90,50130.2,60,0,1530
BANKNIFTY-III.NFO,31/01/2025,09:35:55,50134.05,50111.55,90,50126.55,60,0,1530
BANKNIFTY-III.NFO,31/01/2025,09:35:57,50134.05,50112.45,60,50125.15,30,0,1530
BANKNIFTY-III.NFO,31/01/2025,09:35:59,50134.05,50111.45,90,50125.15,30,0,1530
BANKNIFTY-III.NFO,31/01/2025,09:36:00,50134.05,50111,90,50120.75,30,0,1530
BANKNIFTY-III.NFO,31/01/2025,09:36:02,50134.05,50114.05,90,50128.7,30,0,1530
BANKNIFTY-III.NFO,31/01/2025,09:36:04,50134.05,50111,120,50125,60,0,1530
BANKNIFTY-III.NFO,31/01/2025,09:36:05,50134.05,50111,90,50118.8,30,0,1530
BANKNIFTY-III.NFO,31/01/2025,09:36:07,50134.05,50111,90,50120.9,30,0,1530
BANKNIFTY-III.NFO,31/01/2025,09:36:09,50134.05,50111,90,50119,150,0,1530
BANKNIFTY-III.NFO,31/01/2025,09:36:10,50134.05,50111,90,50120.6,150,0,1530
BANKNIFTY-III.NFO,31/01/2025,09:36:12,50134.05,50113.25,60,50125,30,0,1530
BANKNIFTY-III.NFO,31/01/2025,09:36:14,50134.05,50114,60,50125,30,0,1530
BANKNIFTY-III.NFO,31/01/2025,09:36:15,50134.05,50113.15,90,50125,30,0,1530
BANKNIFTY-III.NFO,31/01/2025,09:36:17,50134.05,50113.2,90,50125,30,0,1530
BANKNIFTY-III.NFO,31/01/2025,09:36:19,50134.05,50112.55,90,50125,30,0,1530
BANKNIFTY-III.NFO,31/01/2025,09:36:20,50134.05,50113.85,60,50125,30,0,1530
BANKNIFTY-III.NFO,31/01/2025,09:36:22,50134.05,50113.25,90,50125,30,0,1530
BANKNIFTY-III.NFO,31/01/2025,09:36:24,50134.05,50112.05,150,50125,30,0,1530
BANKNIFTY-III.NFO,31/01/2025,09:36:25,50134.05,50113.55,90,50125,30,0,1530
BANKNIFTY-III.NFO,31/01/2025,09:36:27,50134.05,50114.85,60,50125,30,0,1530
BANKNIFTY-III.NFO,31/01/2025,09:36:29,50134.05,50115.85,60,50125,30,0,1530
BANKNIFTY-III.NFO,31/01/2025,09:36:30,50134.05,50116.05,60,50125,30,0,1530
BANKNIFTY-III.NFO,31/01/2025,09:36:32,50134.05,50113.65,60,50125,30,0,1530
BANKNIFTY-III.NFO,31/01/2025,09:36:34,50134.05,50113.45,90,50125,30,0,1530
BANKNIFTY-III.NFO,31/01/2025,09:36:35,50134.05,50113.85,90,50125,30,0,1530
BANKNIFTY-III.NFO,31/01/2025,09:36:37,50134.05,50111,90,50125,60,0,1530
BANKNIFTY-III.NFO,31/01/2025,09:36:39,50134.05,50111,90,50124.1,210,0,1530
BANKNIFTY-III.NFO,31/01/2025,09:36:40,50134.05,50111,90,50120.45,210,0,1530
BANKNIFTY-III.NFO,31/01/2025,09:36:42,50134.05,50111,90,50118.3,180,0,1530
BANKNIFTY-III.NFO,31/01/2025,09:36:44,50134.05,50111,90,50122.35,90,0,1530
BANKNIFTY-III.NFO,31/01/2025,09:36:45,50105,50102,30,50107.85,60,120,1830
BANKNIFTY-III.NFO,31/01/2025,09:36:47,50100,50087.55,60,50099.5,30,60,1830
BANKNIFTY-III.NFO,31/01/2025,09:36:49,50100,50090.7,90,50104.5,60,0,1830
BANKNIFTY-III.NFO,31/01/2025,09:36:50,50100,50092.65,150,50104.5,60,0,1830
BANKNIFTY-III.NFO,31/01/2025,09:36:52,50100,50090.05,90,50104.5,90,0,1830
BANKNIFTY-III.NFO,31/01/2025,09:36:54,50100,50086.55,150,50102.15,210,0,1830
BANKNIFTY-III.NFO,31/01/2025,09:36:55,50100,50084.2,90,50098.35,210,0,1830
BANKNIFTY-III.NFO,31/01/2025,09:36:57,50100,50082.95,60,50096.95,210,0,1830
BANKNIFTY-III.NFO,31/01/2025,09:36:59,50100,50083.35,90,50098.15,210,0,1830
BANKNIFTY-III.NFO,31/01/2025,09:37:00,50100,50084.85,90,50100,60,0,1830
BANKNIFTY-III.NFO,31/01/2025,09:37:02,50100,50086.3,60,50100,60,0,1830
BANKNIFTY-III.NFO,31/01/2025,09:37:04,50100,50089.25,60,50100,30,0,1830
BANKNIFTY-III.NFO,31/01/2025,09:37:05,50100,50087.55,60,50100,30,0,1830
BANKNIFTY-III.NFO,31/01/2025,09:37:07,50100,50086.2,90,50100,30,0,1830
BANKNIFTY-III.NFO,31/01/2025,09:37:09,50100,50086.9,60,50100,60,0,1830
BANKNIFTY-III.NFO,31/01/2025,09:37:10,50100,50085.8,90,50100,90,0,1830
BANKNIFTY-III.NFO,31/01/2025,09:37:12,50100,50086.1,60,50100,90,0,1830
BANKNIFTY-III.NFO,31/01/2025,09:37:14,50100,50084.65,90,50100,90,0,1830
BANKNIFTY-III.NFO,31/01/2025,09:37:15,50099.45,50085,90,50099.45,210,30,1830
BANKNIFTY-III.NFO,31/01/2025,09:37:15,50099.45,50085,90,50099.45,210,0,1830
BANKNIFTY-III.NFO,31/01/2025,09:37:17,50099.45,50076.85,60,50090.8,210,0,1830
BANKNIFTY-III.NFO,31/01/2025,09:37:19,50099.45,50075.6,90,50091.7,180,0,1830
BANKNIFTY-III.NFO,31/01/2025,09:37:20,50099.45,50077.4,90,50092.5,180,0,1830
BANKNIFTY-III.NFO,31/01/2025,09:37:22,50099.45,50081.3,90,50097.65,90,0,1830
BANKNIFTY-III.NFO,31/01/2025,09:37:24,50099.45,50085.05,90,50100,120,0,1830
BANKNIFTY-III.NFO,31/01/2025,09:37:25,50099.45,50087.1,90,50100,90,0,1830
BANKNIFTY-III.NFO,31/01/2025,09:37:27,50099.45,50083.6,30,50100,120,30,1830
BANKNIFTY-III.NFO,31/01/2025,09:37:29,50099.45,50081.1,60,50095.4,210,0,1830
BANKNIFTY-III.NFO,31/01/2025,09:37:30,50099.45,50082.3,60,50098,210,0,1830
BANKNIFTY-III.NFO,31/01/2025,09:37:32,50099.45,50079.5,90,50095.3,210,0,1830
BANKNIFTY-III.NFO,31/01/2025,09:37:34,50099.45,50080.5,90,50097,210,0,1830
BANKNIFTY-III.NFO,31/01/2025,09:37:35,50099.45,50080.35,60,50094.4,210,0,1830
BANKNIFTY-III.NFO,31/01/2025,09:37:37,50099.45,50078.4,90,50091.45,150,0,1830
BANKNIFTY-III.NFO,31/01/2025,09:37:39,50099.45,50076.65,90,50091.05,150,0,1830
BANKNIFTY-III.NFO,31/01/2025,09:37:40,50095,50083.2,60,50096.8,210,30,1830
BANKNIFTY-III.NFO,31/01/2025,09:37:40,50095,50083.2,60,50096.8,210,0,1830
BANKNIFTY-III.NFO,31/01/2025,09:37:42,50095,50081.5,90,50096.5,210,0,1830
BANKNIFTY-III.NFO,31/01/2025,09:37:44,50081.15,50081.1,90,50096.35,210,30,1830
BANKNIFTY-III.NFO,31/01/2025,09:37:44,50081.15,50081.1,90,50096.35,210,0,1830
BANKNIFTY-III.NFO,31/01/2025,09:37:45,50081.15,50081.4,90,50096.4,90,0,1830
BANKNIFTY-III.NFO,31/01/2025,09:37:47,50081.15,50080.5,90,50095.75,210,0,1830
BANKNIFTY-III.NFO,31/01/2025,09:37:49,50081.15,50084.9,90,50100,120,0,1830
BANKNIFTY-III.NFO,31/01/2025,09:37:50,50081.15,50085.05,60,50099.7,210,0,1830
BANKNIFTY-III.NFO,31/01/2025,09:37:52,50081.15,50085.1,90,50099.7,210,0,1830
BANKNIFTY-III.NFO,31/01/2025,09:37:54,50081.15,50083.4,60,50097.25,210,0,1830
BANKNIFTY-III.NFO,31/01/2025,09:37:55,50083.6,50086.9,90,50100,60,30,1830
BANKNIFTY-III.NFO,31/01/2025,09:37:57,50083.6,50088.45,60,50100,60,0,1830
BANKNIFTY-III.NFO,31/01/2025,09:37:59,50083.6,50086.05,60,50100,90,0,1830
BANKNIFTY-III.NFO,31/01/2025,09:38:00,50083.6,50088.2,60,50100,60,0,1830
BANKNIFTY-III.NFO,31/01/2025,09:38:02,50083.6,50089.3,60,50100,60,0,1830
BANKNIFTY-III.NFO,31/01/2025,09:38:04,50100,50092.7,60,50100,30,30,1830
BANKNIFTY-III.NFO,31/01/2025,09:38:05,50100,50096.55,90,50110.7,30,30,1830
BANKNIFTY-III.NFO,31/01/2025,09:38:07,50100,50097.05,90,50111.35,60,0,1830
BANKNIFTY-III.NFO,31/01/2025,09:38:09,50100,50093.2,60,50105.95,60,0,1830
BANKNIFTY-III.NFO,31/01/2025,09:38:10,50100,50091.55,60,50106,60,0,1830
BANKNIFTY-III.NFO,31/01/2025,09:38:12,50100,50087.5,60,50101.8,60,0,1830
BANKNIFTY-III.NFO,31/01/2025,09:38:14,50100,50087.4,60,50102.2,60,0,1830
BANKNIFTY-III.NFO,31/01/2025,09:38:15,50100,50087.2,60,50100.1,180,0,1830
BANKNIFTY-III.NFO,31/01/2025,09:38:17,50100,50087.25,60,50100.75,210,0,1830
BANKNIFTY-III.NFO,31/01/2025,09:38:19,50100,50088.15,60,50102.95,60,0,1830
BANKNIFTY-III.NFO,31/01/2025,09:38:20,50100,50088.65,60,50103.2,60,0,1830
BANKNIFTY-III.NFO,31/01/2025,09:38:22,50100,50089.55,60,50104.45,60,0,1830
BANKNIFTY-III.NFO,31/01/2025,09:38:24,50100,50088.9,120,50101.95,30,0,1830
BANKNIFTY-III.NFO,31/01/2025,09:38:25,50100,50090.75,90,50105.5,60,0,1830
BANKNIFTY-III.NFO,31/01/2025,09:38:27,50100,50091.1,60,50105.3,60,0,1830
BANKNIFTY-III.NFO,31/01/2025,09:38:29,50100,50089.35,120,50103.25,30,0,1830
BANKNIFTY-III.NFO,31/01/2025,09:38:30,50100,50089.3,60,50102.75,60,0,1830
BANKNIFTY-III.NFO,31/01/2025,09:38:32,50100,50090.6,90,50105.6,60,0,1830
BANKNIFTY-III.NFO,31/01/2025,09:38:34,50100,50089.15,60,50103.25,60,0,1830
BANKNIFTY-III.NFO,31/01/2025,09:38:35,50100,50085.35,60,50101.15,60,0,1830
BANKNIFTY-III.NFO,31/01/2025,09:38:37,50100,50086.6,60,50100,30,0,1830
BANKNIFTY-III.NFO,31/01/2025,09:38:39,50100,50088.4,90,50103.15,30,0,1830
BANKNIFTY-III.NFO,31/01/2025,09:38:40,50100,50088.4,60,50101.35,30,0,1830
BANKNIFTY-III.NFO,31/01/2025,09:38:42,50100,50086.8,60,50100.7,60,0,1830
BANKNIFTY-III.NFO,31/01/2025,09:38:44,50100,50085.3,60,50099.4,60,0,1830
BANKNIFTY-III.NFO,31/01/2025,09:38:45,50100,50079.65,90,50093.7,30,0,1830
BANKNIFTY-III.NFO,31/01/2025,09:38:47,50100,50085.95,60,50103.05,60,0,1830
BANKNIFTY-III.NFO,31/01/2025,09:38:49,50100,50088.45,60,50103.7,60,0,1830
BANKNIFTY-III.NFO,31/01/2025,09:38:50,50100,50089.35,90,50104.55,60,0,1830
BANKNIFTY-III.NFO,31/01/2025,09:38:52,50100,50089.5,60,50103.8,60,0,1830
BANKNIFTY-III.NFO,31/01/2025,09:38:54,50100,50088.25,60,50102.15,60,0,1830
BANKNIFTY-III.NFO,31/01/2025,09:38:55,50100,50088.45,90,50103,60,0,1830
BANKNIFTY-III.NFO,31/01/2025,09:38:57,50100,50088.95,90,50103.6,60,0,1830
BANKNIFTY-III.NFO,31/01/2025,09:38:58,50100,50089.95,90,50105.55,60,0,1830
BANKNIFTY-III.NFO,31/01/2025,09:39:00,50100,50090.2,90,50105.2,30,0,1830
BANKNIFTY-III.NFO,31/01/2025,09:39:02,50100,50091.25,90,50105.2,30,0,1830
BANKNIFTY-III.NFO,31/01/2025,09:39:03,50100,50089.45,60,50104.05,60,0,1830
BANKNIFTY-III.NFO,31/01/2025,09:39:05,50100,50082,90,50097.15,60,0,1830
BANKNIFTY-III.NFO,31/01/2025,09:39:07,50100,50084.15,60,50098.7,60,0,1830
BANKNIFTY-III.NFO,31/01/2025,09:39:08,50100,50084.6,90,50099.9,60,0,1830
BANKNIFTY-III.NFO,31/01/2025,09:39:10,50100,50082.2,90,50097.4,60,0,1830
BANKNIFTY-III.NFO,31/01/2025,09:39:12,50100,50084,60,50097.65,60,0,1830
BANKNIFTY-III.NFO,31/01/2025,09:39:13,50100,50083.7,90,50098.5,60,0,1830
BANKNIFTY-III.NFO,31/01/2025,09:39:15,50100,50085.45,90,50101.3,60,0,1830
BANKNIFTY-III.NFO,31/01/2025,09:39:17,50100,50085.75,60,50101.3,60,0,1830
BANKNIFTY-III.NFO,31/01/2025,09:39:18,50100,50086.65,90,50101.65,60,0,1830
BANKNIFTY-III.NFO,31/01/2025,09:39:20,50100,50085.45,90,50100.45,60,0,1830
BANKNIFTY-III.NFO,31/01/2025,09:39:22,50100,50086.05,90,50100.35,30,0,1830
BANKNIFTY-III.NFO,31/01/2025,09:39:23,50100,50089.45,60,50100.2,30,0,1830
BANKNIFTY-III.NFO,31/01/2025,09:39:25,50100,50089.8,60,50100.2,30,0,1830
BANKNIFTY-III.NFO,31/01/2025,09:39:27,50100,50086.45,60,50100.2,30,0,1830
BANKNIFTY-III.NFO,31/01/2025,09:39:29,50100,50089.85,60,50110,30,0,1830
BANKNIFTY-III.NFO,31/01/2025,09:39:30,50100,50093.85,60,50109.2,30,0,1830
BANKNIFTY-III.NFO,31/01/2025,09:39:32,50100,50094.05,90,50109.2,30,0,1830
BANKNIFTY-III.NFO,31/01/2025,09:39:34,50100,50097.15,90,50112.3,60,0,1830
BANKNIFTY-III.NFO,31/01/2025,09:39:35,50100,50097.15,90,50112.9,60,0,1830
BANKNIFTY-III.NFO,31/01/2025,09:39:37,50100,50093.9,90,50108.7,60,0,1830
BANKNIFTY-III.NFO,31/01/2025,09:39:39,50100,50094.45,60,50108.9,60,0,1830
BANKNIFTY-III.NFO,31/01/2025,09:39:40,50100,50092.5,90,50107.2,60,0,1830
BANKNIFTY-III.NFO,31/01/2025,09:39:42,50100,50095.05,90,50110.35,60,0,1830
BANKNIFTY-III.NFO,31/01/2025,09:39:44,50100,50094.65,90,50108.95,60,0,1830
BANKNIFTY-III.NFO,31/01/2025,09:39:45,50100,50094.1,90,50108.7,60,0,1830
BANKNIFTY-III.NFO,31/01/2025,09:39:47,50100,50101,30,50106.2,30,0,1830
BANKNIFTY-III.NFO,31/01/2025,09:39:49,50100,50101,30,50106.6,30,0,1830
BANKNIFTY-III.NFO,31/01/2025,09:39:50,50100,50101,30,50109.75,30,0,1830
BANKNIFTY-III.NFO,31/01/2025,09:39:52,50100,50101,30,50109.25,60,0,1830
BANKNIFTY-III.NFO,31/01/2025,09:39:54,50100,50101,30,50107.05,30,0,1830
BANKNIFTY-III.NFO,31/01/2025,09:39:55,50100,50101,30,50107.25,30,0,1830
BANKNIFTY-III.NFO,31/01/2025,09:39:57,50100,50101,30,50107.55,30,0,1830
BANKNIFTY-III.NFO,31/01/2025,09:39:59,50101,50085.25,60,50101.05,90,30,2130
BANKNIFTY-III.NFO,31/01/2025,09:40:00,50101,50077.35,60,50093.15,210,0,2130
BANKNIFTY-III.NFO,31/01/2025,09:40:02,50101,50081.95,90,50096.8,180,0,2130
BANKNIFTY-III.NFO,31/01/2025,09:40:04,50101,50082.15,90,50096.55,210,0,2130
BANKNIFTY-III.NFO,31/01/2025,09:40:05,50101,50082.25,90,50096.55,180,0,2130
BANKNIFTY-III.NFO,31/01/2025,09:40:07,50101,50080.45,90,50094.5,180,0,2130
BANKNIFTY-III.NFO,31/01/2025,09:40:09,50101,50075.7,90,50088.85,180,0,2130
BANKNIFTY-III.NFO,31/01/2025,09:40:10,50101,50075.7,60,50089.25,180,0,2130
BANKNIFTY-III.NFO,31/01/2025,09:40:12,50101,50075.7,60,50088.6,180,0,2130
BANKNIFTY-III.NFO,31/01/2025,09:40:14,50101,50074.75,60,50087.95,210,0,2130
BANKNIFTY-III.NFO,31/01/2025,09:40:15,50101,50071.7,60,50086.5,90,0,2130
BANKNIFTY-III.NFO,31/01/2025,09:40:17,50101,50068.2,90,50082.6,180,0,2130
BANKNIFTY-III.NFO,31/01/2025,09:40:19,50101,50069.3,90,50083.9,210,0,2130
BANKNIFTY-III.NFO,31/01/2025,09:40:20,50101,50069.35,90,50083.85,180,0,2130
BANKNIFTY-III.NFO,31/01/2025,09:40:22,50101,50075.35,90,50090,210,0,2130
BANKNIFTY-III.NFO,31/01/2025,09:40:24,50101,50074.15,60,50088.4,30,0,2130
BANKNIFTY-III.NFO,31/01/2025,09:40:25,50101,50074,90,50087.25,180,0,2130
BANKNIFTY-III.NFO,31/01/2025,09:40:27,50101,50079.1,90,50094,210,0,2130
BANKNIFTY-III.NFO,31/01/2025,09:40:29,50101,50085.05,90,50099.75,210,0,2130
BANKNIFTY-III.NFO,31/01/2025,09:40:30,50101,50082.95,90,50098.1,210,0,2130
BANKNIFTY-III.NFO,31/01/2025,09:40:32,50101,50086.85,60,50100,150,0,2130
BANKNIFTY-III.NFO,31/01/2025,09:40:34,50101,50082.4,60,50099.4,90,0,2130
BANKNIFTY-III.NFO,31/01/2025,09:40:35,50101,50078,90,50092.05,180,0,2130
BANKNIFTY-III.NFO,31/01/2025,09:40:37,50101,50080.15,30,50095,210,0,2130
BANKNIFTY-III.NFO,31/01/2025,09:40:39,50101,50084.7,60,50099,210,0,2130
BANKNIFTY-III.NFO,31/01/2025,09:40:40,50101,50078.75,90,50095.9,60,0,2130
BANKNIFTY-III.NFO,31/01/2025,09:40:42,50101,50083.9,90,50098.3,210,0,2130
BANKNIFTY-III.NFO,31/01/2025,09:40:44,50101,50085.1,60,50099.35,210,0,2130
BANKNIFTY-III.NFO,31/01/2025,09:40:45,50101,50084.75,90,50099.45,210,0,2130
BANKNIFTY-III.NFO,31/01/2025,09:40:47,50101,50085.8,60,50099.75,210,0,2130
BANKNIFTY-III.NFO,31/01/2025,09:40:49,50101,50085.1,60,50100,180,0,2130
BANKNIFTY-III.NFO,31/01/2025,09:40:50,50101,50085.15,60,50099.9,210,0,2130
BANKNIFTY-III.NFO,31/01/2025,09:40:52,50101,50085.75,60,50099.4,210,0,2130
BANKNIFTY-III.NFO,31/01/2025,09:40:54,50085.75,50085.85,60,50099.95,90,60,2130
BANKNIFTY-III.NFO,31/01/2025,09:40:55,50085.75,50082,60,50096.9,90,0,2130
BANKNIFTY-III.NFO,31/01/2025,09:40:57,50085.75,50085.15,60,50099.5,90,0,2130
BANKNIFTY-III.NFO,31/01/2025,09:40:58,50085.75,50083.15,150,50097.75,90,0,2130
BANKNIFTY-III.NFO,31/01/2025,09:41:00,50085.75,50082.95,60,50098.35,90,0,2130
BANKNIFTY-III.NFO,31/01/2025,09:41:02,50085.75,50083.65,150,50099.95,90,0,2130
BANKNIFTY-III.NFO,31/01/2025,09:41:03,50085.75,50080,30,50094.9,60,0,2130
BANKNIFTY-III.NFO,31/01/2025,09:41:05,50085.75,50080,30,50093,90,0,2130
BANKNIFTY-III.NFO,31/01/2025,09:41:07,50085.75,50085.1,90,50099.95,90,0,2130
BANKNIFTY-III.NFO,31/01/2025,09:41:10,50085.75,50082.15,90,50097.2,90,0,2130
BANKNIFTY-III.NFO,31/01/2025,09:41:12,50085.75,50081.5,90,50096.15,90,0,2130
BANKNIFTY-III.NFO,31/01/2025,09:41:13,50085.75,50082.35,90,50099.95,90,0,2130
BANKNIFTY-III.NFO,31/01/2025,09:41:15,50085.75,50084.4,90,50099.95,90,0,2130
BANKNIFTY-III.NFO,31/01/2025,09:41:17,50085.75,50086.75,90,50100,450,0,2130
BANKNIFTY-III.NFO,31/01/2025,09:41:18,50085.75,50087.45,150,50100,450,0,2130
BANKNIFTY-III.NFO,31/01/2025,09:41:20,50085.75,50083.65,60,50099,60,0,2130
BANKNIFTY-III.NFO,31/01/2025,09:41:22,50085.75,50084.95,90,50099.95,90,0,2130
BANKNIFTY-III.NFO,31/01/2025,09:41:23,50085.75,50084.55,60,50099.95,90,0,2130
BANKNIFTY-III.NFO,31/01/2025,09:41:25,50085.75,50086.35,60,50100,330,0,2130
BANKNIFTY-III.NFO,31/01/2025,09:41:27,50085.75,50088.85,90,50100,300,0,2130
BANKNIFTY-III.NFO,31/01/2025,09:41:28,50085.75,50089.75,90,50100,300,0,2130
BANKNIFTY-III.NFO,31/01/2025,09:41:30,50085.75,50093.4,60,50100,300,0,2130
BANKNIFTY-III.NFO,31/01/2025,09:41:32,50085.75,50087.75,90,50100,300,0,2130
BANKNIFTY-III.NFO,31/01/2025,09:41:33,50085.75,50092.85,90,50100,300,0,2130
BANKNIFTY-III.NFO,31/01/2025,09:41:35,50085.75,50097.7,60,50100,300,0,2130
BANKNIFTY-III.NFO,31/01/2025,09:41:37,50100,50099.95,60,50118.1,120,300,2130
BANKNIFTY-III.NFO,31/01/2025,09:41:38,50100,50103.75,60,50120.9,60,0,2130
BANKNIFTY-III.NFO,31/01/2025,09:41:40,50100,50101.15,90,50118.05,60,0,2130
BANKNIFTY-III.NFO,31/01/2025,09:41:42,50100,50103.85,90,50119.9,60,0,2130
BANKNIFTY-III.NFO,31/01/2025,09:41:43,50100,50102.25,90,50119.9,60,0,2130
BANKNIFTY-III.NFO,31/01/2025,09:41:45,50100,50099.45,60,50116.05,90,0,2130
BANKNIFTY-III.NFO,31/01/2025,09:41:47,50100,50101.65,150,50118.5,60,0,2130
BANKNIFTY-III.NFO,31/01/2025,09:41:48,50100,50100.8,60,50117.4,60,0,2130
BANKNIFTY-III.NFO,31/01/2025,09:41:50,50100,50101,90,50117.05,60,0,2130
BANKNIFTY-III.NFO,31/01/2025,09:41:51,50100,50101.6,150,50118.05,60,0,2130
BANKNIFTY-III.NFO,31/01/2025,09:41:56,50100,50094.55,60,50113.4,60,0,2130
BANKNIFTY-III.NFO,31/01/2025,09:41:58,50100,50097.15,120,50114.4,60,0,2130
BANKNIFTY-III.NFO,31/01/2025,09:42:00,50100,50096.9,90,50113.9,60,0,2130
BANKNIFTY-III.NFO,31/01/2025,09:42:01,50100,50094.55,90,50111.85,60,0,2130
BANKNIFTY-III.NFO,31/01/2025,09:42:03,50100,50096.4,150,50113.55,60,0,2130
BANKNIFTY-III.NFO,31/01/2025,09:42:05,50100,50098.4,90,50115.25,60,0,2130
BANKNIFTY-III.NFO,31/01/2025,09:42:06,50100,50105.1,90,50122.3,60,0,2130
BANKNIFTY-III.NFO,31/01/2025,09:42:08,50100,50104.75,60,50121.75,90,0,2130
BANKNIFTY-III.NFO,31/01/2025,09:42:10,50100,50106.9,60,50124.1,90,0,2130
BANKNIFTY-III.NFO,31/01/2025,09:42:11,50100,50110.8,60,50128.15,60,0,2130
BANKNIFTY-III.NFO,31/01/2025,09:42:13,50135.3,50119.3,150,50135.45,30,60,2130
BANKNIFTY-III.NFO,31/01/2025,09:42:15,50135.3,50117.3,60,50135.85,60,0,2130
BANKNIFTY-III.NFO,31/01/2025,09:42:16,50135.3,50118.15,90,50136.25,60,0,2130
BANKNIFTY-III.NFO,31/01/2025,09:42:18,50135.3,50115.25,90,50121,90,0,2130
BANKNIFTY-III.NFO,31/01/2025,09:42:20,50135.3,50115.9,60,50121,90,0,2130
BANKNIFTY-III.NFO,31/01/2025,09:42:21,50135.3,50118.2,60,50121,90,0,2130
BANKNIFTY-III.NFO,31/01/2025,09:42:23,50135.3,50117.7,60,50121,90,0,2130
BANKNIFTY-III.NFO,31/01/2025,09:42:25,50135.3,50120.05,60,50121,90,0,2130
BANKNIFTY-III.NFO,31/01/2025,09:42:35,50121,50120.05,60,50121,60,30,2130
BANKNIFTY-III.NFO,31/01/2025,09:42:36,50121,50121.65,60,50140.5,60,60,2340
BANKNIFTY-III.NFO,31/01/2025,09:42:38,50121,50121.65,60,50140.5,60,0,2340
BANKNIFTY-III.NFO,31/01/2025,09:42:40,50121,50123.2,60,50142.15,60,0,2340
BANKNIFTY-III.NFO,31/01/2025,09:42:43,50121,50123.9,60,50142.15,90,0,2340
BANKNIFTY-III.NFO,31/01/2025,09:42:46,50142.15,50123.9,120,50142.15,30,30,2340
BANKNIFTY-III.NFO,31/01/2025,09:42:50,50142.15,50123.9,150,50145.65,30,0,2340
BANKNIFTY-III.NFO,31/01/2025,09:42:53,50142.15,50124,120,50145.6,60,0,2340
BANKNIFTY-III.NFO,31/01/2025,09:42:55,50142.15,50126.95,120,50151.3,60,0,2340
BANKNIFTY-III.NFO,31/01/2025,09:42:56,50142.15,50134.4,120,50153.9,90,0,2340
BANKNIFTY-III.NFO,31/01/2025,09:42:59,50142.15,50134.5,120,50150,240,0,2340
BANKNIFTY-III.NFO,31/01/2025,09:43:01,50142.15,50132.4,120,50150,270,0,2340
BANKNIFTY-III.NFO,31/01/2025,09:43:03,50142.15,50135,30,50149.95,60,0,2340
BANKNIFTY-III.NFO,31/01/2025,09:43:04,50142.15,50135.05,60,50150,270,0,2340
BANKNIFTY-III.NFO,31/01/2025,09:43:06,50142.15,50135.05,90,50150,270,0,2340
BANKNIFTY-III.NFO,31/01/2025,09:43:08,50142.15,50135.05,30,50149.95,90,0,2340
BANKNIFTY-III.NFO,31/01/2025,09:43:09,50142.15,50135,30,50149.95,90,0,2340
BANKNIFTY-III.NFO,31/01/2025,09:43:13,50142.15,50135,30,50147.95,60,0,2340
BANKNIFTY-III.NFO,31/01/2025,09:43:14,50142.15,50135,30,50141.3,60,0,2340
BANKNIFTY-III.NFO,31/01/2025,09:43:18,50142.15,50135,30,50142.95,90,0,2340
BANKNIFTY-III.NFO,31/01/2025,09:43:19,50142.15,50135,30,50142.3,60,0,2340
BANKNIFTY-III.NFO,31/01/2025,09:43:24,50142.15,50135,30,50142.1,60,0,2340
BANKNIFTY-III.NFO,31/01/2025,09:43:27,50142.15,50135,30,50145.6,30,0,2340
BANKNIFTY-III.NFO,31/01/2025,09:43:29,50142.15,50135.05,150,50150,420,0,2340
BANKNIFTY-III.NFO,31/01/2025,09:43:31,50142.15,50135.05,150,50150,390,0,2340
BANKNIFTY-III.NFO,31/01/2025,09:43:32,50142.15,50135.35,120,50150,390,0,2340
BANKNIFTY-III.NFO,31/01/2025,09:43:34,50142.15,50136.15,120,50150,390,0,2340
BANKNIFTY-III.NFO,31/01/2025,09:43:36,50142.15,50140.25,120,50150,390,0,2340
BANKNIFTY-III.NFO,31/01/2025,09:43:37,50142.15,50140.95,120,50150,390,0,2340
BANKNIFTY-III.NFO,31/01/2025,09:43:39,50142.15,50144.55,60,50150,390,0,2340
BANKNIFTY-III.NFO,31/01/2025,09:43:41,50142.15,50144.6,90,50150,390,0,2340
BANKNIFTY-III.NFO,31/01/2025,09:43:42,50150,50156.65,60,50176.05,60,390,2340
BANKNIFTY-III.NFO,31/01/2025,09:43:44,50150,50156.65,120,50176.05,90,0,2340
BANKNIFTY-III.NFO,31/01/2025,09:43:46,50179.65,50169.1,60,50186.35,60,60,2340
BANKNIFTY-III.NFO,31/01/2025,09:43:47,50179.65,50170.45,60,50189.05,90,0,2340
BANKNIFTY-III.NFO,31/01/2025,09:43:49,50172.2,50170.85,30,50190.85,90,30,2340
BANKNIFTY-III.NFO,31/01/2025,09:43:51,50172.2,50172.55,60,50190.85,90,0,2340
BANKNIFTY-III.NFO,31/01/2025,09:43:52,50172.2,50173.75,60,50190.85,90,0,2340
BANKNIFTY-III.NFO,31/01/2025,09:43:54,50172.2,50174.35,120,50191.25,90,0,2340
BANKNIFTY-III.NFO,31/01/2025,09:43:56,50172.2,50182.25,150,50195,30,0,2340
BANKNIFTY-III.NFO,31/01/2025,09:43:57,50195,50185.25,60,50203.5,90,30,2340
BANKNIFTY-III.NFO,31/01/2025,09:43:59,50195,50186,30,50202.25,60,0,2340
BANKNIFTY-III.NFO,31/01/2025,09:44:01,50195,50186.15,60,50203.45,90,0,2340
BANKNIFTY-III.NFO,31/01/2025,09:44:02,50195,50186,30,50196.75,60,0,2340
BANKNIFTY-III.NFO,31/01/2025,09:44:04,50195,50186,30,50194.15,30,0,2340
BANKNIFTY-III.NFO,31/01/2025,09:44:06,50195,50186,30,50192.7,210,0,2340
BANKNIFTY-III.NFO,31/01/2025,09:44:07,50195,50186,30,50195.55,30,0,2340
BANKNIFTY-III.NFO,31/01/2025,09:44:11,50195,50186,30,50193.55,60,0,2340
BANKNIFTY-III.NFO,31/01/2025,09:44:13,50195,50186,30,50189.6,240,0,2340
BANKNIFTY-III.NFO,31/01/2025,09:44:14,50186,50169.15,90,50186.5,60,30,2340
BANKNIFTY-III.NFO,31/01/2025,09:44:16,50186,50169.45,90,50187.2,60,0,2340
BANKNIFTY-III.NFO,31/01/2025,09:44:18,50186,50169.45,90,50185.85,30,0,2340
BANKNIFTY-III.NFO,31/01/2025,09:44:19,50186,50170.05,90,50187.45,30,0,2340
BANKNIFTY-III.NFO,31/01/2025,09:44:21,50186,50172.25,60,50190.15,30,0,2340
BANKNIFTY-III.NFO,31/01/2025,09:44:22,50186,50173.35,90,50190.15,30,0,2340
BANKNIFTY-III.NFO,31/01/2025,09:44:24,50191.95,50177.65,90,50194.9,30,60,2340
BANKNIFTY-III.NFO,31/01/2025,09:44:26,50191.95,50178.35,90,50195.55,30,0,2340
BANKNIFTY-III.NFO,31/01/2025,09:44:27,50191.95,50183.2,60,50200,30,0,2340
BANKNIFTY-III.NFO,31/01/2025,09:44:29,50191.95,50183.15,90,50200,60,0,2340
BANKNIFTY-III.NFO,31/01/2025,09:44:31,50191.95,50184.3,90,50200,60,0,2340
BANKNIFTY-III.NFO,31/01/2025,09:44:32,50191.95,50179.25,90,50196.25,30,0,2340
BANKNIFTY-III.NFO,31/01/2025,09:44:34,50191.95,50174.75,90,50192.55,60,0,2340
BANKNIFTY-III.NFO,31/01/2025,09:44:36,50191.95,50176.9,60,50194.2,210,0,2340
BANKNIFTY-III.NFO,31/01/2025,09:44:37,50191.95,50179.1,90,50195.9,150,0,2340
BANKNIFTY-III.NFO,31/01/2025,09:44:39,50191.95,50178.95,90,50195.2,210,0,2340
BANKNIFTY-III.NFO,31/01/2025,09:44:41,50191.95,50179.3,90,50195.2,180,0,2340
BANKNIFTY-III.NFO,31/01/2025,09:44:42,50191.95,50177.75,90,50194.05,210,0,2340
BANKNIFTY-III.NFO,31/01/2025,09:44:44,50191.95,50178.35,60,50195.95,60,0,2340
BANKNIFTY-III.NFO,31/01/2025,09:44:45,50191.95,50175.9,90,50192.3,30,0,2340
BANKNIFTY-III.NFO,31/01/2025,09:44:47,50191.95,50174.3,60,50191.55,180,0,2340
BANKNIFTY-III.NFO,31/01/2025,09:44:49,50191.95,50174.9,60,50192.7,60,0,2340
BANKNIFTY-III.NFO,31/01/2025,09:44:50,50191.95,50177.2,60,50194.25,90,0,2340
BANKNIFTY-III.NFO,31/01/2025,09:44:52,50191.95,50175.75,90,50194.25,90,0,2340
BANKNIFTY-III.NFO,31/01/2025,09:44:54,50191.95,50176.55,90,50193.95,60,0,2340
BANKNIFTY-III.NFO,31/01/2025,09:44:55,50191.95,50172.35,60,50191.05,60,0,2340
BANKNIFTY-III.NFO,31/01/2025,09:44:57,50191.95,50179,30,50191.05,30,0,2340
BANKNIFTY-III.NFO,31/01/2025,09:44:59,50191.95,50179,30,50192.05,90,0,2340
BANKNIFTY-III.NFO,31/01/2025,09:45:00,50191.95,50179.05,90,50194.45,90,0,2340
BANKNIFTY-III.NFO,31/01/2025,09:45:02,50191.95,50179,30,50193.6,90,0,2340
BANKNIFTY-III.NFO,31/01/2025,09:45:04,50179,50160.7,60,50182.5,60,30,2340
BANKNIFTY-III.NFO,31/01/2025,09:45:05,50179,50154.15,60,50174.45,60,0,2340
BANKNIFTY-III.NFO,31/01/2025,09:45:07,50179,50155.55,60,50173.55,60,0,2340
BANKNIFTY-III.NFO,31/01/2025,09:45:09,50179,50165.25,90,50182.55,30,0,2340
BANKNIFTY-III.NFO,31/01/2025,09:45:10,50179,50162.1,60,50181.8,60,0,2340
BANKNIFTY-III.NFO,31/01/2025,09:45:12,50179,50158.5,60,50177.35,60,0,2340
BANKNIFTY-III.NFO,31/01/2025,09:45:14,50179,50156,60,50174.8,60,0,2340
BANKNIFTY-III.NFO,31/01/2025,09:45:15,50179,50155.1,60,50173.55,60,0,2340
BANKNIFTY-III.NFO,31/01/2025,09:45:17,50179,50154.15,60,50172.7,60,0,2340
BANKNIFTY-III.NFO,31/01/2025,09:45:18,50179,50158.5,150,50176.65,30,0,2340
BANKNIFTY-III.NFO,31/01/2025,09:45:20,50179,50158.1,60,50177.45,60,0,2340
BANKNIFTY-III.NFO,31/01/2025,09:45:22,50179,50156.9,60,50175.8,60,0,2340
BANKNIFTY-III.NFO,31/01/2025,09:45:23,50179,50154.05,60,50174.7,60,0,2340
BANKNIFTY-III.NFO,31/01/2025,09:45:25,50179,50148.05,90,50163.6,90,0,2340
BANKNIFTY-III.NFO,31/01/2025,09:45:27,50179,50148.05,90,50164.05,30,0,2340
BANKNIFTY-III.NFO,31/01/2025,09:45:28,50179,50148.25,60,50167.05,60,0,2340
BANKNIFTY-III.NFO,31/01/2025,09:45:30,50179,50148.55,150,50167.9,60,0,2340
BANKNIFTY-III.NFO,31/01/2025,09:45:32,50179,50148.9,60,50167.4,90,0,2340
BANKNIFTY-III.NFO,31/01/2025,09:45:33,50179,50148.6,60,50167.4,90,0,2340
BANKNIFTY-III.NFO,31/01/2025,09:45:35,50179,50148.15,60,50166.55,60,0,2340
BANKNIFTY-III.NFO,31/01/2025,09:45:37,50179,50148.05,90,50165.25,30,0,2340
BANKNIFTY-III.NFO,31/01/2025,09:45:43,50179,50152.85,120,50171.55,30,0,2340
BANKNIFTY-III.NFO,31/01/2025,09:45:45,50179,50152.6,60,50171.5,60,0,2340
BANKNIFTY-III.NFO,31/01/2025,09:45:48,50179,50152.9,60,50172.8,60,0,2340
BANKNIFTY-III.NFO,31/01/2025,09:45:50,50179,50153.35,60,50172.8,90,0,2340
BANKNIFTY-III.NFO,31/01/2025,09:45:51,50179,50153.65,60,50172.8,90,0,2340
BANKNIFTY-III.NFO,31/01/2025,09:45:53,50179,50156.55,60,50174.75,30,0,2340
BANKNIFTY-III.NFO,31/01/2025,09:45:55,50179,50158.6,60,50177.65,30,0,2340
BANKNIFTY-III.NFO,31/01/2025,09:45:56,50179,50160.5,60,50178.7,30,0,2340
BANKNIFTY-III.NFO,31/01/2025,09:45:58,50179,50159.75,60,50179.15,30,0,2340
BANKNIFTY-III.NFO,31/01/2025,09:46:00,50179,50163.25,60,50182.55,30,0,2340
BANKNIFTY-III.NFO,31/01/2025,09:46:01,50179,50164.45,60,50183.3,30,0,2340
BANKNIFTY-III.NFO,31/01/2025,09:46:03,50179,50179,30,50190,60,0,2340
BANKNIFTY-III.NFO,31/01/2025,09:46:05,50179,50179,30,50182.65,180,0,2340
BANKNIFTY-III.NFO,31/01/2025,09:46:06,50179,50179,30,50182.55,30,0,2340
BANKNIFTY-III.NFO,31/01/2025,09:46:08,50179,50179,30,50185.35,210,0,2340
BANKNIFTY-III.NFO,31/01/2025,09:46:10,50179,50179,30,50183.1,30,0,2340
BANKNIFTY-III.NFO,31/01/2025,09:46:11,50179,50179,30,50181.85,210,0,2340
BANKNIFTY-III.NFO,31/01/2025,09:46:13,50179,50179,30,50182.5,30,0,2340
BANKNIFTY-III.NFO,31/01/2025,09:46:15,50179,50179,30,50182.05,60,0,2340
BANKNIFTY-III.NFO,31/01/2025,09:46:16,50179,50179,30,50182.7,210,0,2340
BANKNIFTY-III.NFO,31/01/2025,09:46:18,50179,50179,30,50184.45,210,0,2340
BANKNIFTY-III.NFO,31/01/2025,09:46:20,50179,50160.85,60,50178.7,60,30,2340
BANKNIFTY-III.NFO,31/01/2025,09:46:21,50179,50164.05,90,50181.15,30,0,2610
BANKNIFTY-III.NFO,31/01/2025,09:46:23,50179,50171.25,150,50188.35,30,0,2610
BANKNIFTY-III.NFO,31/01/2025,09:46:25,50179,50172.55,90,50189.5,60,0,2610
BANKNIFTY-III.NFO,31/01/2025,09:46:26,50179,50170,90,50187.45,60,0,2610
BANKNIFTY-III.NFO,31/01/2025,09:46:28,50179,50163.45,60,50181.25,60,0,2610
BANKNIFTY-III.NFO,31/01/2025,09:46:30,50179,50167.7,60,50184.7,90,0,2610
BANKNIFTY-III.NFO,31/01/2025,09:46:31,50179,50167.8,60,50185.7,60,0,2610
BANKNIFTY-III.NFO,31/01/2025,09:46:33,50179,50164.9,90,50182.3,60,0,2610
BANKNIFTY-III.NFO,31/01/2025,09:46:35,50179,50163.25,90,50181.75,60,0,2610
BANKNIFTY-III.NFO,31/01/2025,09:46:36,50179,50162.2,120,50179.95,60,0,2610
BANKNIFTY-III.NFO,31/01/2025,09:46:38,50179,50160.75,60,50179.95,90,0,2610
BANKNIFTY-III.NFO,31/01/2025,09:46:40,50179,50161.35,60,50179.65,60,0,2610
BANKNIFTY-III.NFO,31/01/2025,09:46:43,50179,50158.15,60,50177.95,60,0,2610
BANKNIFTY-III.NFO,31/01/2025,09:46:44,50179,50158.2,60,50176.35,90,0,2610
BANKNIFTY-III.NFO,31/01/2025,09:46:46,50179,50159.4,60,50178.1,90,0,2610
BANKNIFTY-III.NFO,31/01/2025,09:46:48,50179,50159.05,60,50178.1,90,0,2610
BANKNIFTY-III.NFO,31/01/2025,09:46:49,50179,50159.3,60,50178.1,90,0,2610
BANKNIFTY-III.NFO,31/01/2025,09:46:51,50179,50159.4,60,50178.1,90,0,2610
BANKNIFTY-III.NFO,31/01/2025,09:46:52,50179,50159.2,60,50178.1,90,0,2610
BANKNIFTY-III.NFO,31/01/2025,09:46:54,50179,50159.4,60,50178.1,90,0,2610
BANKNIFTY-III.NFO,31/01/2025,09:46:56,50179,50159.05,60,50177.05,60,0,2610
BANKNIFTY-III.NFO,31/01/2025,09:46:57,50179,50157.2,60,50176.75,60,0,2610
BANKNIFTY-III.NFO,31/01/2025,09:46:59,50179,50150.9,60,50170.15,60,0,2610
BANKNIFTY-III.NFO,31/01/2025,09:47:01,50179,50155.9,60,50176.35,60,0,2610
BANKNIFTY-III.NFO,31/01/2025,09:47:02,50179,50155.3,60,50175.1,60,0,2610
BANKNIFTY-III.NFO,31/01/2025,09:47:04,50179,50154,60,50173,60,0,2610
BANKNIFTY-III.NFO,31/01/2025,09:47:05,50179,50160.35,60,50179.95,30,0,2610
BANKNIFTY-III.NFO,31/01/2025,09:47:07,50179,50157.55,60,50176.05,90,0,2610
BANKNIFTY-III.NFO,31/01/2025,09:47:09,50179,50159.65,60,50178.4,30,0,2610
BANKNIFTY-III.NFO,31/01/2025,09:47:10,50179,50156.75,60,50177.1,60,0,2610
BANKNIFTY-III.NFO,31/01/2025,09:47:12,50179,50157.75,60,50177.1,90,0,2610
BANKNIFTY-III.NFO,31/01/2025,09:47:14,50179,50157.65,60,50177.1,90,0,2610
BANKNIFTY-III.NFO,31/01/2025,09:47:15,50179,50158.45,60,50179,60,0,2610
BANKNIFTY-III.NFO,31/01/2025,09:47:17,50179,50161.95,60,50181.4,30,0,2610
BANKNIFTY-III.NFO,31/01/2025,09:47:19,50179,50167.6,60,50188.15,30,0,2610
BANKNIFTY-III.NFO,31/01/2025,09:47:20,50179,50168.5,60,50188.1,60,0,2610
BANKNIFTY-III.NFO,31/01/2025,09:47:22,50179,50169.8,120,50190.05,30,0,2610
BANKNIFTY-III.NFO,31/01/2025,09:47:24,50179,50169.7,60,50189.2,60,0,2610
BANKNIFTY-III.NFO,31/01/2025,09:47:25,50179,50162.1,60,50181.75,60,0,2610
BANKNIFTY-III.NFO,31/01/2025,09:47:27,50179,50165.7,60,50185.6,60,0,2610
BANKNIFTY-III.NFO,31/01/2025,09:47:28,50179,50166.7,60,50185.65,30,0,2610
BANKNIFTY-III.NFO,31/01/2025,09:47:30,50179,50167.05,60,50186.7,180,0,2610
BANKNIFTY-III.NFO,31/01/2025,09:47:32,50179,50167.8,60,50188.15,30,0,2610
BANKNIFTY-III.NFO,31/01/2025,09:47:33,50179,50167.95,60,50187.05,180,0,2610
BANKNIFTY-III.NFO,31/01/2025,09:47:35,50179,50167.5,60,50186.55,30,0,2610
BANKNIFTY-III.NFO,31/01/2025,09:47:37,50179,50166.15,60,50185.4,150,0,2610
BANKNIFTY-III.NFO,31/01/2025,09:47:38,50179,50167.15,60,50186.55,30,0,2610
BANKNIFTY-III.NFO,31/01/2025,09:47:40,50179,50169.25,90,50188.6,30,0,2610
BANKNIFTY-III.NFO,31/01/2025,09:47:42,50179,50169.35,60,50188.6,30,0,2610
BANKNIFTY-III.NFO,31/01/2025,09:47:43,50179,50170.75,60,50190.05,30,0,2610
BANKNIFTY-III.NFO,31/01/2025,09:47:45,50179,50171.05,90,50190.05,30,0,2610
BANKNIFTY-III.NFO,31/01/2025,09:47:47,50179,50172.9,60,50192.35,150,0,2610
BANKNIFTY-III.NFO,31/01/2025,09:47:48,50179,50174.9,60,50194.1,30,0,2610
BANKNIFTY-III.NFO,31/01/2025,09:47:50,50179,50175.85,60,50194.8,30,0,2610
BANKNIFTY-III.NFO,31/01/2025,09:47:52,50179,50176.75,60,50196.4,30,0,2610
BANKNIFTY-III.NFO,31/01/2025,09:47:53,50179,50178.05,60,50197.65,30,0,2610
BANKNIFTY-III.NFO,31/01/2025,09:47:55,50179,50172.9,60,50193.85,60,0,2610
BANKNIFTY-III.NFO,31/01/2025,09:47:57,50179,50173.2,60,50193.2,30,0,2610
BANKNIFTY-III.NFO,31/01/2025,09:47:58,50179,50174.95,60,50195.15,30,0,2610
BANKNIFTY-III.NFO,31/01/2025,09:48:00,50179,50175.15,60,50195.15,30,0,2610
BANKNIFTY-III.NFO,31/01/2025,09:48:02,50179,50176.05,60,50196.75,60,0,2610
BANKNIFTY-III.NFO,31/01/2025,09:48:03,50179,50176.25,60,50196.8,30,0,2610
BANKNIFTY-III.NFO,31/01/2025,09:48:05,50179,50176.05,60,50196.1,30,0,2610
BANKNIFTY-III.NFO,31/01/2025,09:48:07,50179,50176.1,60,50196.05,60,0,2610
BANKNIFTY-III.NFO,31/01/2025,09:48:08,50179,50174.4,60,50194,30,0,2610
BANKNIFTY-III.NFO,31/01/2025,09:48:10,50179,50174.7,60,50196.05,60,0,2610
BANKNIFTY-III.NFO,31/01/2025,09:48:12,50179,50174.7,60,50195.05,60,0,2610
BANKNIFTY-III.NFO,31/01/2025,09:48:13,50179,50172.75,60,50190.9,60,0,2610
BANKNIFTY-III.NFO,31/01/2025,09:48:15,50179,50171.55,60,50190.25,30,0,2610
BANKNIFTY-III.NFO,31/01/2025,09:48:17,50179,50172.6,60,50192.65,30,0,2610
BANKNIFTY-III.NFO,31/01/2025,09:48:18,50179,50174.8,60,50193.3,30,0,2610
BANKNIFTY-III.NFO,31/01/2025,09:48:20,50179,50175.35,60,50193.3,30,0,2610
BANKNIFTY-III.NFO,31/01/2025,09:48:22,50179,50176.25,60,50195.1,30,0,2610
BANKNIFTY-III.NFO,31/01/2025,09:48:23,50179,50176.45,90,50195.1,30,0,2610
BANKNIFTY-III.NFO,31/01/2025,09:48:25,50179,50176.75,60,50195.1,30,0,2610
BANKNIFTY-III.NFO,31/01/2025,09:48:28,50179,50176.95,60,50196.1,30,0,2610
BANKNIFTY-III.NFO,31/01/2025,09:48:30,50179,50177.7,120,50196.8,30,0,2610
BANKNIFTY-III.NFO,31/01/2025,09:48:32,50179,50178.1,60,50196.8,30,0,2610
BANKNIFTY-III.NFO,31/01/2025,09:48:33,50179,50178.1,60,50196.8,60,0,2610
BANKNIFTY-III.NFO,31/01/2025,09:48:35,50179,50178.8,90,50197.95,30,0,2610
BANKNIFTY-III.NFO,31/01/2025,09:48:37,50179,50175.15,60,50194.35,180,0,2610
BANKNIFTY-III.NFO,31/01/2025,09:48:39,50179,50177.3,120,50195,30,0,2610
BANKNIFTY-III.NFO,31/01/2025,09:48:40,50179,50179,60,50197.95,30,0,2610
BANKNIFTY-III.NFO,31/01/2025,09:48:42,50179,50180.2,60,50200,540,0,2610
BANKNIFTY-III.NFO,31/01/2025,09:48:44,50179,50180.2,120,50200,540,0,2610
BANKNIFTY-III.NFO,31/01/2025,09:48:45,50179,50180.8,60,50200,540,0,2610
BANKNIFTY-III.NFO,31/01/2025,09:48:47,50179,50181.1,60,50200,540,0,2610
BANKNIFTY-III.NFO,31/01/2025,09:48:49,50179,50181.7,60,50200,540,0,2610
BANKNIFTY-III.NFO,31/01/2025,09:48:52,50179,50182.5,60,50200,540,0,2610
BANKNIFTY-III.NFO,31/01/2025,09:48:54,50179,50186,120,50200,510,0,2610
BANKNIFTY-III.NFO,31/01/2025,09:48:55,50179,50186.25,60,50200,510,0,2610
BANKNIFTY-III.NFO,31/01/2025,09:48:57,50179,50189.5,90,50200,510,0,2610
BANKNIFTY-III.NFO,31/01/2025,09:48:59,50179,50190.4,90,50200,510,0,2610
BANKNIFTY-III.NFO,31/01/2025,09:49:02,50179,50191.6,60,50200,510,0,2610
BANKNIFTY-III.NFO,31/01/2025,09:49:04,50179,50193.2,120,50200,510,0,2610
BANKNIFTY-III.NFO,31/01/2025,09:49:05,50200,50195.8,150,50227,30,510,2640
BANKNIFTY-III.NFO,31/01/2025,09:49:07,50200,50204.8,120,50227.2,60,0,2640
BANKNIFTY-III.NFO,31/01/2025,09:49:09,50200,50204.8,120,50227.25,30,0,2640
BANKNIFTY-III.NFO,31/01/2025,09:49:10,50200,50204.8,120,50227.2,60,0,2640
BANKNIFTY-III.NFO,31/01/2025,09:49:12,50227.25,50210.5,60,50230.15,30,90,2640
BANKNIFTY-III.NFO,31/01/2025,09:49:12,50227.25,50210.5,60,50230.15,30,0,2640
BANKNIFTY-III.NFO,31/01/2025,09:49:14,50227.25,50210.9,60,50230.15,30,0,2640
BANKNIFTY-III.NFO,31/01/2025,09:49:15,50231.05,50213.15,60,50233.3,30,30,2640
BANKNIFTY-III.NFO,31/01/2025,09:49:15,50231.05,50213.15,60,50233.3,30,0,2640
BANKNIFTY-III.NFO,31/01/2025,09:49:17,50231.05,50211.55,60,50231.1,30,0,2640
BANKNIFTY-III.NFO,31/01/2025,09:49:19,50231.05,50207.9,30,50227.55,30,0,2640
BANKNIFTY-III.NFO,31/01/2025,09:49:20,50231.05,50202.4,60,50223.9,60,0,2640
BANKNIFTY-III.NFO,31/01/2025,09:49:22,50231.05,50205.5,60,50225.75,30,0,2640
BANKNIFTY-III.NFO,31/01/2025,09:49:24,50231.05,50209.15,60,50230.1,30,0,2640
BANKNIFTY-III.NFO,31/01/2025,09:49:25,50209.1,50209.1,30,50228.85,60,60,2640
BANKNIFTY-III.NFO,31/01/2025,09:49:27,50209.1,50200.3,30,50221.3,60,0,2640
BANKNIFTY-III.NFO,31/01/2025,09:49:28,50209.1,50194.5,60,50216.7,60,0,2640
BANKNIFTY-III.NFO,31/01/2025,09:49:30,50209.1,50194.5,120,50215.1,30,0,2640
BANKNIFTY-III.NFO,31/01/2025,09:49:32,50209.1,50194.5,60,50215.1,30,0,2640
BANKNIFTY-III.NFO,31/01/2025,09:49:33,50209.1,50194.5,120,50215.1,30,0,2640
BANKNIFTY-III.NFO,31/01/2025,09:49:35,50215.1,50194.5,120,50216.75,30,30,2640
BANKNIFTY-III.NFO,31/01/2025,09:49:37,50215.1,50194.5,120,50216.75,30,0,2640
BANKNIFTY-III.NFO,31/01/2025,09:49:41,50215.1,50195.05,120,50221.35,30,0,2640
BANKNIFTY-III.NFO,31/01/2025,09:49:45,50215.1,50198,120,50221.35,30,0,2640
BANKNIFTY-III.NFO,31/01/2025,09:49:46,50215.1,50198.7,120,50221.35,30,0,2640
BANKNIFTY-III.NFO,31/01/2025,09:49:48,50215.1,50198.7,60,50221.3,60,0,2640
BANKNIFTY-III.NFO,31/01/2025,09:49:51,50215.1,50198.7,60,50220.3,60,0,2640
BANKNIFTY-III.NFO,31/01/2025,09:49:53,50215.1,50198.7,120,50220.65,30,0,2640
BANKNIFTY-III.NFO,31/01/2025,09:49:56,50198.7,50198.7,30,50220.6,60,150,2640
BANKNIFTY-III.NFO,31/01/2025,09:49:58,50198.7,50198.7,30,50220.6,60,0,2640
BANKNIFTY-III.NFO,31/01/2025,09:50:06,50198.7,50198.7,30,50221.3,60,0,2640
BANKNIFTY-III.NFO,31/01/2025,09:50:08,50198.7,50203.5,30,50224.95,90,0,2640
BANKNIFTY-III.NFO,31/01/2025,09:50:12,50198.7,50203.5,30,50224.75,60,0,2640
BANKNIFTY-III.NFO,31/01/2025,09:50:14,50198.7,50202.2,30,50223.55,90,0,2640
BANKNIFTY-III.NFO,31/01/2025,09:50:16,50198.7,50190.45,30,50214.15,60,0,2640
BANKNIFTY-III.NFO,31/01/2025,09:50:17,50198.7,50190.45,30,50214.35,60,0,2640
BANKNIFTY-III.NFO,31/01/2025,09:50:22,50198.7,50190.45,30,50212.3,60,0,2640
BANKNIFTY-III.NFO,31/01/2025,09:50:24,50198.7,50179.2,30,50190.45,150,0,2640
BANKNIFTY-III.NFO,31/01/2025,09:50:32,50198.7,50171.6,30,50180,150,0,2640
BANKNIFTY-III.NFO,31/01/2025,09:50:35,50198.7,50169.35,30,50180,150,0,2640
BANKNIFTY-III.NFO,31/01/2025,09:50:37,50198.7,50167.1,30,50180,150,0,2640
BANKNIFTY-III.NFO,31/01/2025,09:50:39,50198.7,50172.1,30,50180,150,0,2640
BANKNIFTY-III.NFO,31/01/2025,09:50:40,50198.7,50170.75,30,50180,150,0,2640
BANKNIFTY-III.NFO,31/01/2025,09:50:42,50170,50171.5,60,50190.05,90,150,2640
BANKNIFTY-III.NFO,31/01/2025,09:50:44,50170,50171.5,30,50189.75,60,0,2640
BANKNIFTY-III.NFO,31/01/2025,09:50:45,50170,50167.05,30,50185.65,60,0,2640
BANKNIFTY-III.NFO,31/01/2025,09:50:47,50170,50166.2,30,50184.7,60,0,2640
BANKNIFTY-III.NFO,31/01/2025,09:50:49,50170,50161.6,30,50181.9,60,0,2640
BANKNIFTY-III.NFO,31/01/2025,09:50:51,50170,50159.9,30,50180.95,90,0,2640
BANKNIFTY-III.NFO,31/01/2025,09:50:52,50181,50159.95,60,50180.9,60,120,2640
BANKNIFTY-III.NFO,31/01/2025,09:50:54,50181,50164.15,60,50185.1,120,0,2640
BANKNIFTY-III.NFO,31/01/2025,09:50:56,50181,50164.15,60,50184.75,60,0,2640
BANKNIFTY-III.NFO,31/01/2025,09:50:57,50181,50164.15,60,50184.65,60,0,2640
BANKNIFTY-III.NFO,31/01/2025,09:50:59,50181,50163.75,60,50183.45,60,0,2640
BANKNIFTY-III.NFO,31/01/2025,09:51:01,50181,50160.7,60,50182.55,60,0,2640
BANKNIFTY-III.NFO,31/01/2025,09:51:02,50181,50151.8,90,50164.15,150,0,2640
BANKNIFTY-III.NFO,31/01/2025,09:51:04,50181,50150.65,60,50164.15,150,0,2640
BANKNIFTY-III.NFO,31/01/2025,09:51:07,50150,50149.55,30,50168.6,60,150,2640
BANKNIFTY-III.NFO,31/01/2025,09:51:09,50150,50149.55,30,50168.6,60,0,2640
BANKNIFTY-III.NFO,31/01/2025,09:51:11,50170.85,50149.6,60,50170.85,60,60,2640
BANKNIFTY-III.NFO,31/01/2025,09:51:12,50170.85,50149.6,60,50170.75,60,0,2640
BANKNIFTY-III.NFO,31/01/2025,09:51:14,50170.85,50151.3,60,50172.75,60,0,2640
BANKNIFTY-III.NFO,31/01/2025,09:51:16,50170.85,50151.3,60,50169.95,90,0,2640
BANKNIFTY-III.NFO,31/01/2025,09:51:17,50170.85,50151.3,60,50172.1,60,0,2640
BANKNIFTY-III.NFO,31/01/2025,09:51:19,50170.85,50151.3,60,50171.65,60,0,2640
BANKNIFTY-III.NFO,31/01/2025,09:51:21,50170.85,50151.3,60,50170.7,60,0,2640
BANKNIFTY-III.NFO,31/01/2025,09:51:22,50170.85,50151.3,60,50170.8,90,0,2640
BANKNIFTY-III.NFO,31/01/2025,09:51:24,50170.85,50151.3,60,50170.8,60,0,2640
BANKNIFTY-III.NFO,31/01/2025,09:51:26,50170.85,50151.7,90,50170.85,30,0,2640
BANKNIFTY-III.NFO,31/01/2025,09:51:27,50170.85,50157.85,90,50170.85,30,0,2640
BANKNIFTY-III.NFO,31/01/2025,09:51:31,50170.85,50163.7,90,50170.85,30,0,2640
BANKNIFTY-III.NFO,31/01/2025,09:51:32,50170.85,50165.15,90,50170.85,30,0,2640
BANKNIFTY-III.NFO,31/01/2025,09:51:35,50170.85,50163.95,60,50170.85,30,0,2640
BANKNIFTY-III.NFO,31/01/2025,09:51:37,50170.85,50163.95,60,50180.95,60,30,3420
BANKNIFTY-III.NFO,31/01/2025,09:51:40,50170.85,50163.3,60,50180.65,60,0,3420
BANKNIFTY-III.NFO,31/01/2025,09:51:42,50170.85,50164.75,60,50181,30,0,3420
BANKNIFTY-III.NFO,31/01/2025,09:51:44,50170.85,50162.65,60,50180.45,60,0,3420
BANKNIFTY-III.NFO,31/01/2025,09:51:47,50170.85,50159.4,60,50179.35,60,0,3420
BANKNIFTY-III.NFO,31/01/2025,09:51:50,50170.85,50170.85,30,50180.95,90,0,3420
BANKNIFTY-III.NFO,31/01/2025,09:51:54,50170.85,50170.85,30,50179.85,90,0,3420
BANKNIFTY-III.NFO,31/01/2025,09:51:55,50170.85,50170.85,30,50180.95,90,0,3420
BANKNIFTY-III.NFO,31/01/2025,09:51:57,50170.85,50170.85,30,50177.95,150,0,3420
BANKNIFTY-III.NFO,31/01/2025,09:51:59,50170.85,50170.85,30,50177.55,60,0,3420
BANKNIFTY-III.NFO,31/01/2025,09:52:00,50170.85,50170.85,30,50176.55,90,0,3420
BANKNIFTY-III.NFO,31/01/2025,09:52:02,50170.85,50170.85,30,50177.7,60,0,3420
BANKNIFTY-III.NFO,31/01/2025,09:52:04,50170.85,50170.85,30,50180.95,60,0,3420
BANKNIFTY-III.NFO,31/01/2025,09:52:05,50170.85,50170.85,30,50178.9,60,0,3420
BANKNIFTY-III.NFO,31/01/2025,09:52:07,50170.85,50170.85,30,50179.9,90,0,3420
BANKNIFTY-III.NFO,31/01/2025,09:52:09,50170.85,50170.9,150,50181,30,0,3420
BANKNIFTY-III.NFO,31/01/2025,09:52:10,50170.85,50170.9,90,50181,30,0,3420
BANKNIFTY-III.NFO,31/01/2025,09:52:12,50170.85,50170.9,150,50181,30,0,3420
BANKNIFTY-III.NFO,31/01/2025,09:52:14,50170.85,50170.9,90,50181,30,0,3420
BANKNIFTY-III.NFO,31/01/2025,09:52:15,50170.85,50170.85,30,50180.95,60,0,3420
BANKNIFTY-III.NFO,31/01/2025,09:52:17,50170.85,50170.85,30,50181,30,0,3420
BANKNIFTY-III.NFO,31/01/2025,09:52:19,50170.85,50170.85,30,50180,300,0,3420
BANKNIFTY-III.NFO,31/01/2025,09:52:22,50170.85,50170.9,60,50180,300,0,3420
BANKNIFTY-III.NFO,31/01/2025,09:52:24,50170.85,50170.9,150,50180,300,0,3420
BANKNIFTY-III.NFO,31/01/2025,09:52:27,50170.85,50172.3,60,50180,300,0,3420
BANKNIFTY-III.NFO,31/01/2025,09:52:28,50170.85,50172.75,120,50180,300,0,3420
BANKNIFTY-III.NFO,31/01/2025,09:52:30,50170.85,50176.25,90,50180,300,0,3420
BANKNIFTY-III.NFO,31/01/2025,09:52:32,50170.85,50175.25,90,50180,300,0,3420
BANKNIFTY-III.NFO,31/01/2025,09:52:33,50170.85,50173.65,90,50180,300,0,3420
BANKNIFTY-III.NFO,31/01/2025,09:52:35,50170.85,50174.15,90,50180,300,0,3420
BANKNIFTY-III.NFO,31/01/2025,09:52:37,50170.85,50176.25,90,50180,300,0,3420
BANKNIFTY-III.NFO,31/01/2025,09:52:38,50180,50178.2,90,50180,150,150,3420
BANKNIFTY-III.NFO,31/01/2025,09:52:40,50180,50179.95,60,50180,150,0,3420
BANKNIFTY-III.NFO,31/01/2025,09:52:42,50179.35,50177.15,60,50180,150,30,3420
BANKNIFTY-III.NFO,31/01/2025,09:52:43,50179.35,50175,30,50180,150,0,3420
BANKNIFTY-III.NFO,31/01/2025,09:52:47,50179.35,50175,60,50180,150,0,3420
BANKNIFTY-III.NFO,31/01/2025,09:52:48,50179.35,50175,30,50180,150,0,3420
BANKNIFTY-III.NFO,31/01/2025,09:52:51,50180,50175,30,50179.85,60,30,3420
BANKNIFTY-III.NFO,31/01/2025,09:52:53,50180,50175,30,50180,120,0,3420
BANKNIFTY-III.NFO,31/01/2025,09:52:56,50180,50175,30,50179.95,60,0,3420
BANKNIFTY-III.NFO,31/01/2025,09:52:58,50180,50175,30,50180,120,0,3420
BANKNIFTY-III.NFO,31/01/2025,09:53:00,50180,50175,30,50179.95,60,0,3420
BANKNIFTY-III.NFO,31/01/2025,09:53:06,50180,50175,30,50178.85,60,0,3420
BANKNIFTY-III.NFO,31/01/2025,09:53:08,50180,50175,30,50177.15,60,0,3420
BANKNIFTY-III.NFO,31/01/2025,09:53:10,50180,50175,30,50180,120,0,3420
BANKNIFTY-III.NFO,31/01/2025,09:53:11,50180,50171,30,50180,120,0,3420
BANKNIFTY-III.NFO,31/01/2025,09:53:13,50180,50171,30,50180,30,90,3420
BANKNIFTY-III.NFO,31/01/2025,09:53:14,50180,50171,30,50179.95,60,0,3420
BANKNIFTY-III.NFO,31/01/2025,09:53:16,50180,50171,30,50179.8,60,0,3420
BANKNIFTY-III.NFO,31/01/2025,09:53:18,50180,50171,30,50179.95,60,0,3420
BANKNIFTY-III.NFO,31/01/2025,09:53:22,50180,50171,30,50179.85,90,0,3420
BANKNIFTY-III.NFO,31/01/2025,09:53:24,50180,50171,30,50179.85,60,0,3420
BANKNIFTY-III.NFO,31/01/2025,09:53:25,50180,50171,30,50179.5,60,0,3420
BANKNIFTY-III.NFO,31/01/2025,09:53:27,50180,50171,30,50179.8,90,0,3420
BANKNIFTY-III.NFO,31/01/2025,09:53:29,50180,50171,30,50178.75,60,0,3420
BANKNIFTY-III.NFO,31/01/2025,09:53:30,50180,50171,30,50179.2,60,0,3420
BANKNIFTY-III.NFO,31/01/2025,09:53:32,50180,50171,30,50178.7,90,0,3420
BANKNIFTY-III.NFO,31/01/2025,09:53:34,50180,50171,30,50178.85,90,0,3420
BANKNIFTY-III.NFO,31/01/2025,09:53:35,50180,50171,30,50179.95,60,0,3420
BANKNIFTY-III.NFO,31/01/2025,09:53:39,50180,50171,30,50179.95,90,0,3420
BANKNIFTY-III.NFO,31/01/2025,09:53:40,50180,50171,30,50179.95,150,0,3420
BANKNIFTY-III.NFO,31/01/2025,09:53:42,50180,50171,30,50175.15,60,0,3420
BANKNIFTY-III.NFO,31/01/2025,09:53:44,50180,50171,30,50175.7,60,0,3420
BANKNIFTY-III.NFO,31/01/2025,09:53:45,50180,50171,30,50174.05,60,0,3420
BANKNIFTY-III.NFO,31/01/2025,09:53:47,50171,50151.75,30,50169,60,30,3420
BANKNIFTY-III.NFO,31/01/2025,09:53:49,50171,50148,30,50161.15,60,0,3420
BANKNIFTY-III.NFO,31/01/2025,09:53:50,50171,50148,30,50160.95,120,0,3420
BANKNIFTY-III.NFO,31/01/2025,09:53:52,50171,50148,30,50161.45,90,0,3420
BANKNIFTY-III.NFO,31/01/2025,09:53:54,50171,50148,30,50160.5,90,0,3420
BANKNIFTY-III.NFO,31/01/2025,09:53:55,50148,50139.1,30,50157.15,60,30,3420
BANKNIFTY-III.NFO,31/01/2025,09:53:57,50148,50139.85,30,50157.05,90,0,3420
BANKNIFTY-III.NFO,31/01/2025,09:53:59,50148,50141.1,90,50158.9,60,0,3420
BANKNIFTY-III.NFO,31/01/2025,09:54:00,50148,50139.1,30,50156.2,120,0,3420
BANKNIFTY-III.NFO,31/01/2025,09:54:02,50148,50138.8,30,50155.5,150,0,3420
BANKNIFTY-III.NFO,31/01/2025,09:54:04,50148,50135.05,30,50152.35,60,0,3420
BANKNIFTY-III.NFO,31/01/2025,09:54:05,50148,50135.15,30,50152.15,120,0,3420
BANKNIFTY-III.NFO,31/01/2025,09:54:07,50148,50128.9,30,50145.75,90,0,3420
BANKNIFTY-III.NFO,31/01/2025,09:54:08,50148,50124.25,30,50141.3,90,0,3420
BANKNIFTY-III.NFO,31/01/2025,09:54:10,50148,50130.05,30,50144.55,90,0,3420
BANKNIFTY-III.NFO,31/01/2025,09:54:12,50148,50125.2,60,50141.45,90,0,3420
BANKNIFTY-III.NFO,31/01/2025,09:54:13,50148,50123.75,60,50139.45,90,0,3420
BANKNIFTY-III.NFO,31/01/2025,09:54:15,50148,50122.45,60,50138.35,90,0,3420
BANKNIFTY-III.NFO,31/01/2025,09:54:17,50148,50123.05,30,50138.8,90,0,3420
BANKNIFTY-III.NFO,31/01/2025,09:54:18,50148,50124.15,60,50140.7,90,0,3420
BANKNIFTY-III.NFO,31/01/2025,09:54:20,50148,50125.25,60,50141.35,90,0,3420
BANKNIFTY-III.NFO,31/01/2025,09:54:22,50148,50123.8,60,50139.8,90,0,3420
BANKNIFTY-III.NFO,31/01/2025,09:54:23,50148,50124.6,60,50139.95,90,0,3420
BANKNIFTY-III.NFO,31/01/2025,09:54:25,50148,50124.2,30,50140.65,150,0,3420
BANKNIFTY-III.NFO,31/01/2025,09:54:27,50148,50123.15,60,50138.3,90,0,3420
BANKNIFTY-III.NFO,31/01/2025,09:54:28,50148,50120.9,60,50136.65,90,0,3420
BANKNIFTY-III.NFO,31/01/2025,09:54:30,50148,50120.6,60,50135.8,150,0,3420
BANKNIFTY-III.NFO,31/01/2025,09:54:31,50148,50120.3,30,50135.95,90,0,3420
BANKNIFTY-III.NFO,31/01/2025,09:54:33,50148,50118.1,30,50134.25,90,0,3420
BANKNIFTY-III.NFO,31/01/2025,09:54:35,50148,50115.7,90,50130.85,90,0,3420
BANKNIFTY-III.NFO,31/01/2025,09:54:36,50148,50112.3,60,50127.75,90,0,3420
BANKNIFTY-III.NFO,31/01/2025,09:54:38,50148,50110.25,30,50127.1,150,0,3420
BANKNIFTY-III.NFO,31/01/2025,09:54:40,50148,50107.25,30,50124.25,60,0,3420
BANKNIFTY-III.NFO,31/01/2025,09:54:41,50148,50104.95,90,50124.4,60,0,3420
BANKNIFTY-III.NFO,31/01/2025,09:54:43,50148,50104.15,30,50121.5,90,0,3420
BANKNIFTY-III.NFO,31/01/2025,09:54:44,50148,50105.4,30,50121.65,90,0,3420
BANKNIFTY-III.NFO,31/01/2025,09:54:46,50148,50104.35,30,50121.45,90,0,3420
BANKNIFTY-III.NFO,31/01/2025,09:54:48,50148,50103.3,90,50121.2,60,0,3420
BANKNIFTY-III.NFO,31/01/2025,09:54:49,50148,50105.3,30,50122.95,90,0,3420
BANKNIFTY-III.NFO,31/01/2025,09:54:51,50106.1,50105.25,30,50122.25,90,90,3630
BANKNIFTY-III.NFO,31/01/2025,09:54:53,50106.1,50106.35,180,50123.95,60,0,3630
BANKNIFTY-III.NFO,31/01/2025,09:54:54,50106.1,50107.75,120,50127.55,30,0,3630
BANKNIFTY-III.NFO,31/01/2025,09:54:56,50106.1,50112.2,90,50130.6,90,0,3630
BANKNIFTY-III.NFO,31/01/2025,09:54:57,50106.1,50115.2,210,50133.5,30,0,3630
BANKNIFTY-III.NFO,31/01/2025,09:54:59,50106.1,50118.3,90,50137.05,60,0,3630
BANKNIFTY-III.NFO,31/01/2025,09:55:01,50106.1,50118.8,90,50138.1,60,0,3630
BANKNIFTY-III.NFO,31/01/2025,09:55:02,50106.1,50115.85,30,50134.4,120,0,3630
BANKNIFTY-III.NFO,31/01/2025,09:55:04,50106.1,50116.35,90,50137.8,30,0,3630
BANKNIFTY-III.NFO,31/01/2025,09:55:06,50106.1,50119.35,180,50137.3,60,0,3630
BANKNIFTY-III.NFO,31/01/2025,09:55:07,50106.1,50127.65,240,50146.55,60,0,3630
BANKNIFTY-III.NFO,31/01/2025,09:55:09,50106.1,50127.35,90,50147.15,60,0,3630
BANKNIFTY-III.NFO,31/01/2025,09:55:11,50106.1,50130,150,50147.65,60,0,3630
BANKNIFTY-III.NFO,31/01/2025,09:55:12,50106.1,50133.15,30,50152.2,90,0,3630
BANKNIFTY-III.NFO,31/01/2025,09:55:14,50106.1,50135.85,30,50153.9,90,0,3630
BANKNIFTY-III.NFO,31/01/2025,09:55:15,50106.1,50135.9,30,50154.35,60,0,3630
BANKNIFTY-III.NFO,31/01/2025,09:55:17,50106.1,50129.6,30,50147.2,60,0,3630
BANKNIFTY-III.NFO,31/01/2025,09:55:19,50106.1,50134.2,240,50154.6,60,0,3630
BANKNIFTY-III.NFO,31/01/2025,09:55:20,50106.1,50139.75,240,50158.9,30,0,3630
BANKNIFTY-III.NFO,31/01/2025,09:55:22,50106.1,50143.2,180,50160.35,30,0,3630
BANKNIFTY-III.NFO,31/01/2025,09:55:24,50106.1,50140.5,30,50158.75,60,0,3630
BANKNIFTY-III.NFO,31/01/2025,09:55:25,50106.1,50137.35,180,50155.15,60,0,3630
BANKNIFTY-III.NFO,31/01/2025,09:55:27,50106.1,50137.1,180,50154.2,90,0,3630
BANKNIFTY-III.NFO,31/01/2025,09:55:28,50106.1,50139.75,30,50157.75,60,0,3630
BANKNIFTY-III.NFO,31/01/2025,09:55:30,50106.1,50139.15,30,50157,60,0,3630
BANKNIFTY-III.NFO,31/01/2025,09:55:32,50106.1,50144.35,30,50162.75,60,0,3630
BANKNIFTY-III.NFO,31/01/2025,09:55:33,50106.1,50148.15,180,50166.9,60,0,3630
BANKNIFTY-III.NFO,31/01/2025,09:55:35,50106.1,50152.45,30,50171.2,60,0,3630
BANKNIFTY-III.NFO,31/01/2025,09:55:37,50150.8,50150.75,240,50170.65,30,60,3630
BANKNIFTY-III.NFO,31/01/2025,09:55:38,50150.8,50156.3,30,50174.65,120,0,3630
BANKNIFTY-III.NFO,31/01/2025,09:55:40,50150.8,50153.15,150,50171.9,60,0,3630
BANKNIFTY-III.NFO,31/01/2025,09:55:41,50150.8,50154.4,180,50172.55,90,0,3630
BANKNIFTY-III.NFO,31/01/2025,09:55:43,50150.8,50157.2,180,50176.1,60,0,3630
BANKNIFTY-III.NFO,31/01/2025,09:55:45,50150.8,50159.4,30,50178.35,60,0,3630
BANKNIFTY-III.NFO,31/01/2025,09:55:46,50150.8,50160.8,180,50180.6,60,0,3630
BANKNIFTY-III.NFO,31/01/2025,09:55:48,50150.8,50163.85,180,50180.95,90,0,3630
BANKNIFTY-III.NFO,31/01/2025,09:55:50,50150.8,50165.35,150,50181,60,0,3630
BANKNIFTY-III.NFO,31/01/2025,09:55:51,50150.8,50164.05,180,50181,60,0,3630
BANKNIFTY-III.NFO,31/01/2025,09:55:53,50150.8,50169,150,50181,30,0,3630
BANKNIFTY-III.NFO,31/01/2025,09:55:55,50150.8,50166.15,150,50181,30,0,3630
BANKNIFTY-III.NFO,31/01/2025,09:55:56,50150.8,50164.95,180,50180.95,90,0,3630
BANKNIFTY-III.NFO,31/01/2025,09:55:58,50150.8,50163.85,30,50180.95,90,0,3630
BANKNIFTY-III.NFO,31/01/2025,09:56:00,50150.8,50160.45,150,50179.15,60,0,3630
BANKNIFTY-III.NFO,31/01/2025,09:56:01,50150.8,50159.15,150,50177.05,60,0,3630
BANKNIFTY-III.NFO,31/01/2025,09:56:03,50150.8,50163.25,180,50180.95,90,0,3630
BANKNIFTY-III.NFO,31/01/2025,09:56:04,50150.8,50164.6,30,50180.95,90,0,3630
BANKNIFTY-III.NFO,31/01/2025,09:56:06,50150.8,50163.05,30,50182.15,60,0,3630
BANKNIFTY-III.NFO,31/01/2025,09:56:08,50150.8,50159.7,150,50180,60,0,3630
BANKNIFTY-III.NFO,31/01/2025,09:56:09,50150.8,50160.85,30,50178.7,60,0,3630
BANKNIFTY-III.NFO,31/01/2025,09:56:11,50150.8,50161.5,30,50180.1,60,0,3630
BANKNIFTY-III.NFO,31/01/2025,09:56:12,50150.8,50159.7,30,50178.75,60,0,3630
BANKNIFTY-III.NFO,31/01/2025,09:56:14,50150.8,50158.25,180,50177.75,60,0,3630
BANKNIFTY-III.NFO,31/01/2025,09:56:16,50150.8,50159.25,180,50178.65,60,0,3630
BANKNIFTY-III.NFO,31/01/2025,09:56:17,50150.8,50158.25,30,50177.8,90,0,3630
BANKNIFTY-III.NFO,31/01/2025,09:56:19,50150.8,50159.4,30,50178.3,60,0,3630
BANKNIFTY-III.NFO,31/01/2025,09:56:20,50150.8,50159.4,30,50179.25,60,0,3630
BANKNIFTY-III.NFO,31/01/2025,09:56:22,50150.8,50157.2,30,50174.85,60,0,3630
BANKNIFTY-III.NFO,31/01/2025,09:56:24,50150.8,50156.2,30,50174.65,90,0,3630
BANKNIFTY-III.NFO,31/01/2025,09:56:25,50150.8,50153.15,30,50171.6,60,0,3630
BANKNIFTY-III.NFO,31/01/2025,09:56:27,50150.8,50149.75,30,50167.95,60,0,3630
BANKNIFTY-III.NFO,31/01/2025,09:56:28,50150.8,50149.8,150,50167.9,90,0,3630
BANKNIFTY-III.NFO,31/01/2025,09:56:30,50150.8,50150.5,180,50170,60,0,3630
BANKNIFTY-III.NFO,31/01/2025,09:56:32,50150.8,50149.75,30,50168.15,60,0,3630
BANKNIFTY-III.NFO,31/01/2025,09:56:33,50150.8,50147.4,30,50165.65,60,0,3630
BANKNIFTY-III.NFO,31/01/2025,09:56:35,50150.8,50147.9,180,50168.2,60,0,3630
BANKNIFTY-III.NFO,31/01/2025,09:56:37,50150.8,50149.3,240,50170,60,0,3630
BANKNIFTY-III.NFO,31/01/2025,09:56:38,50150.8,50153,30,50174.15,60,0,3630
BANKNIFTY-III.NFO,31/01/2025,09:56:40,50150.8,50153,30,50174.05,60,0,3630
BANKNIFTY-III.NFO,31/01/2025,09:56:42,50150.8,50153,30,50172.95,60,0,3630
BANKNIFTY-III.NFO,31/01/2025,09:56:43,50150.8,50153,30,50172.8,60,0,3630
