Ticker,Date,Time,LTP,BuyPrice,BuyQty,SellPrice,SellQty,LTQ,OpenInterest
NIFTY-III.NFO,14/08/2024,09:15:01,24425,24445.85,300,24481.4,100,825,349925
NIFTY-III.NFO,14/08/2024,09:15:01,24481.6,24445.85,300,24481.4,100,0,349925
NIFTY-III.NFO,14/08/2024,09:15:01,24481.6,24445.85,300,24481.4,100,0,349925
NIFTY-III.NFO,14/08/2024,09:15:01,24419.15,24445.85,300,24481.4,100,0,349925
NIFTY-III.NFO,14/08/2024,09:15:02,24481.6,24441.05,25,24472.2,100,0,349925
NIFTY-III.NFO,14/08/2024,09:15:04,24481.6,24437.7,25,24463.15,100,0,349925
NIFTY-III.NFO,14/08/2024,09:15:05,24481.6,24442.4,25,24464.7,100,0,349925
NIFTY-III.NFO,14/08/2024,09:15:06,24442.5,24440.9,125,24459.55,100,25,349925
NIFTY-III.NFO,14/08/2024,09:15:07,24459.6,24436.45,100,24458.7,100,125,349925
NIFTY-III.NFO,14/08/2024,09:15:08,24431.95,24432.65,75,24450.55,100,25,349925
NIFTY-III.NFO,14/08/2024,09:15:10,24431.95,24433.65,75,24458.4,100,0,349925
NIFTY-III.NFO,14/08/2024,09:15:11,24431.95,24442.25,75,24458.9,100,0,349925
NIFTY-III.NFO,14/08/2024,09:15:12,24458.6,24443.15,75,24458.6,100,50,349925
NIFTY-III.NFO,14/08/2024,09:15:13,24458.6,24441.15,75,24450,25,0,349925
NIFTY-III.NFO,14/08/2024,09:15:15,24458.6,24443.65,75,24447.55,125,0,349925
NIFTY-III.NFO,14/08/2024,09:15:16,24443.6,24441.9,125,24449.9,125,100,349925
NIFTY-III.NFO,14/08/2024,09:15:17,24443.6,24443.6,150,24446.5,125,0,349925
NIFTY-III.NFO,14/08/2024,09:15:19,24443.6,24443.6,25,24449.95,100,125,349925
NIFTY-III.NFO,14/08/2024,09:15:20,24443.6,24430.5,125,24448.15,100,25,349925
NIFTY-III.NFO,14/08/2024,09:15:21,24443.6,24431.95,25,24446.7,100,0,349925
NIFTY-III.NFO,14/08/2024,09:15:22,24443,24431.95,25,24443.55,100,25,349925
NIFTY-III.NFO,14/08/2024,09:15:24,24443,24433.5,100,24443.55,100,0,349925
NIFTY-III.NFO,14/08/2024,09:15:25,24443,24431.95,25,24442.95,100,0,349925
NIFTY-III.NFO,14/08/2024,09:15:26,24443,24431.95,25,24442.85,100,0,349925
NIFTY-III.NFO,14/08/2024,09:15:28,24431.95,24430.5,125,24442.45,100,25,349925
NIFTY-III.NFO,14/08/2024,09:15:29,24442.05,24430.55,50,24441.65,100,50,349925
NIFTY-III.NFO,14/08/2024,09:15:30,24442.05,24430.55,50,24441.45,600,0,349925
NIFTY-III.NFO,14/08/2024,09:15:31,24442.05,24430.55,50,24440.5,100,0,349925
NIFTY-III.NFO,14/08/2024,09:15:33,24439.7,24430.5,125,24439.65,50,125,349925
NIFTY-III.NFO,14/08/2024,09:15:34,24439.7,24430.5,125,24436.15,50,0,349925
NIFTY-III.NFO,14/08/2024,09:15:35,24439.7,24430.5,125,24439.5,50,0,349925
NIFTY-III.NFO,14/08/2024,09:15:36,24435,24430.5,75,24437.7,50,75,349925
NIFTY-III.NFO,14/08/2024,09:15:38,24435,24430.5,75,24436.95,50,0,349925
NIFTY-III.NFO,14/08/2024,09:15:39,24435,24430.55,100,24437.85,50,0,349925
NIFTY-III.NFO,14/08/2024,09:15:40,24430.5,24430.5,25,24434.95,75,75,349925
NIFTY-III.NFO,14/08/2024,09:15:42,24430.5,24430.55,100,24434.95,75,0,349925
NIFTY-III.NFO,14/08/2024,09:15:43,24427.4,24424.3,175,24434.95,100,50,349925
NIFTY-III.NFO,14/08/2024,09:15:44,24427.4,24423.2,100,24429.95,175,0,349925
NIFTY-III.NFO,14/08/2024,09:15:46,24427.4,24421.2,175,24429.95,175,0,349925
NIFTY-III.NFO,14/08/2024,09:15:47,24427.4,24420.95,100,24429.95,175,0,349925
NIFTY-III.NFO,14/08/2024,09:15:48,24427.4,24424.8,75,24429.95,100,0,349925
NIFTY-III.NFO,14/08/2024,09:15:49,24425,24425.05,75,24429.95,100,25,349925
NIFTY-III.NFO,14/08/2024,09:15:51,24425,24424.3,75,24427,500,0,349925
NIFTY-III.NFO,14/08/2024,09:15:52,24425,24424,25,24426.95,100,0,349925
NIFTY-III.NFO,14/08/2024,09:15:53,24427,24424,25,24427,425,75,350200
NIFTY-III.NFO,14/08/2024,09:15:55,24427,24424.1,100,24427,425,0,350200
NIFTY-III.NFO,14/08/2024,09:15:56,24424.1,24424.4,150,24427,425,25,350200
NIFTY-III.NFO,14/08/2024,09:15:57,24424.1,24424.4,150,24427,425,0,350200
NIFTY-III.NFO,14/08/2024,09:15:58,24427,24424.4,150,24427,400,25,350200
NIFTY-III.NFO,14/08/2024,09:16:00,24427,24425.6,75,24427,325,125,350200
NIFTY-III.NFO,14/08/2024,09:16:01,24427,24424.4,75,24426.95,100,0,350200
NIFTY-III.NFO,14/08/2024,09:16:02,24427,24424.4,75,24427,325,0,350200
NIFTY-III.NFO,14/08/2024,09:16:04,24427,24426.7,75,24427,25,300,350200
NIFTY-III.NFO,14/08/2024,09:16:05,24427,24424.95,75,24427,25,0,350200
NIFTY-III.NFO,14/08/2024,09:16:06,24427,24425.9,75,24427,25,0,350200
NIFTY-III.NFO,14/08/2024,09:16:07,24427,24429.05,100,24430,200,25,350200
NIFTY-III.NFO,14/08/2024,09:16:09,24427,24429.05,75,24430,200,0,350200
NIFTY-III.NFO,14/08/2024,09:16:11,24429.1,24429.55,50,24430,175,50,350200
NIFTY-III.NFO,14/08/2024,09:16:13,24430.65,24431.55,75,24435,25,225,350200
NIFTY-III.NFO,14/08/2024,09:16:14,24430.65,24431.55,75,24435,25,0,350200
NIFTY-III.NFO,14/08/2024,09:16:16,24431.6,24429.5,75,24437,100,250,350200
NIFTY-III.NFO,14/08/2024,09:16:18,24431.6,24428,100,24430.65,25,0,350200
NIFTY-III.NFO,14/08/2024,09:16:19,24430.65,24432.45,200,24441.65,175,50,350200
NIFTY-III.NFO,14/08/2024,09:16:20,24430.65,24432.45,200,24433,75,0,350200
NIFTY-III.NFO,14/08/2024,09:16:22,24433,24433.25,75,24440.9,175,75,350200
NIFTY-III.NFO,14/08/2024,09:16:23,24433.25,24433.25,50,24440.85,175,25,350200
NIFTY-III.NFO,14/08/2024,09:16:24,24433.25,24431.5,75,24438.75,100,0,350200
NIFTY-III.NFO,14/08/2024,09:16:27,24433.25,24431,125,24433,25,0,350200
NIFTY-III.NFO,14/08/2024,09:16:28,24433.25,24431,200,24433,25,0,350200
NIFTY-III.NFO,14/08/2024,09:16:29,24433.25,24432,200,24433,25,0,350200
NIFTY-III.NFO,14/08/2024,09:16:30,24433.25,24432.8,75,24433,25,0,350200
NIFTY-III.NFO,14/08/2024,09:16:32,24433.25,24430,25,24433,25,0,350200
NIFTY-III.NFO,14/08/2024,09:16:33,24433.25,24430.4,200,24433,50,0,350200
NIFTY-III.NFO,14/08/2024,09:16:34,24433.25,24430,100,24433,50,0,350200
NIFTY-III.NFO,14/08/2024,09:16:36,24433.25,24430.35,175,24433,25,0,350200
NIFTY-III.NFO,14/08/2024,09:16:37,24433.25,24432.05,175,24433,25,0,350200
NIFTY-III.NFO,14/08/2024,09:16:38,24433.25,24432.15,100,24433,25,0,350200
NIFTY-III.NFO,14/08/2024,09:16:39,24433,24431.35,175,24439.55,100,25,350200
NIFTY-III.NFO,14/08/2024,09:16:41,24433,24430,25,24438.8,100,0,350200
NIFTY-III.NFO,14/08/2024,09:16:42,24433,24430,25,24437,100,0,350200
NIFTY-III.NFO,14/08/2024,09:16:43,24433,24430,25,24435.8,100,25,350200
NIFTY-III.NFO,14/08/2024,09:16:45,24430,24428.3,200,24435.85,75,25,350200
NIFTY-III.NFO,14/08/2024,09:16:46,24430,24428,25,24435.8,100,0,350200
NIFTY-III.NFO,14/08/2024,09:16:47,24430,24428,25,24433.7,125,0,350200
NIFTY-III.NFO,14/08/2024,09:16:48,24430,24428,25,24432.2,100,0,350200
NIFTY-III.NFO,14/08/2024,09:16:50,24430,24428,25,24432,75,0,350200
NIFTY-III.NFO,14/08/2024,09:16:51,24433,24427.7,75,24433.75,75,25,350200
NIFTY-III.NFO,14/08/2024,09:16:52,24433,24425,100,24433.7,100,0,350200
NIFTY-III.NFO,14/08/2024,09:16:54,24433,24425,25,24430,100,0,350200
NIFTY-III.NFO,14/08/2024,09:16:55,24433,24425,25,24429.95,100,0,350200
NIFTY-III.NFO,14/08/2024,09:16:56,24433,24425,25,24429.7,100,0,350200
NIFTY-III.NFO,14/08/2024,09:16:57,24433,24425,25,24429.05,100,0,350200
NIFTY-III.NFO,14/08/2024,09:16:59,24428.95,24425,25,24428.9,100,25,350200
NIFTY-III.NFO,14/08/2024,09:17:00,24429.95,24425,25,24429.95,175,25,350200
NIFTY-III.NFO,14/08/2024,09:17:01,24429.95,24425,25,24428.1,100,0,350200
NIFTY-III.NFO,14/08/2024,09:17:03,24426.25,24424,100,24426.25,100,50,350200
NIFTY-III.NFO,14/08/2024,09:17:04,24424,24416.75,75,24424.45,100,100,350200
NIFTY-III.NFO,14/08/2024,09:17:05,24424,24417.6,75,24425.5,100,0,350200
NIFTY-III.NFO,14/08/2024,09:17:06,24424,24419.65,75,24426.95,175,0,350200
NIFTY-III.NFO,14/08/2024,09:17:08,24424,24417.75,75,24426.4,100,0,350200
NIFTY-III.NFO,14/08/2024,09:17:09,24424,24421,100,24426.95,100,0,350200
NIFTY-III.NFO,14/08/2024,09:17:11,24424,24421.65,75,24426.95,100,0,350200
NIFTY-III.NFO,14/08/2024,09:17:14,24424,24421.65,75,24426.95,100,25,350200
NIFTY-III.NFO,14/08/2024,09:17:15,24424,24421.75,150,24427,25,0,350200
NIFTY-III.NFO,14/08/2024,09:17:17,24424,24423.85,75,24427,25,0,350200
NIFTY-III.NFO,14/08/2024,09:17:18,24424,24424.25,75,24427,25,0,350200
NIFTY-III.NFO,14/08/2024,09:17:19,24424,24422.7,150,24427,25,0,350200
NIFTY-III.NFO,14/08/2024,09:17:20,24424,24425,25,24426.95,100,0,350200
NIFTY-III.NFO,14/08/2024,09:17:22,24424,24425.05,75,24427,25,0,350200
NIFTY-III.NFO,14/08/2024,09:17:23,24424,24425.45,75,24427,25,0,350200
NIFTY-III.NFO,14/08/2024,09:17:24,24425.45,24425.45,50,24427,25,25,350200
NIFTY-III.NFO,14/08/2024,09:17:26,24425.45,24425.45,50,24427,25,0,350200
NIFTY-III.NFO,14/08/2024,09:17:27,24425.45,24425.05,50,24427,25,0,350200
NIFTY-III.NFO,14/08/2024,09:17:28,24425.45,24426.35,50,24427,25,0,350200
NIFTY-III.NFO,14/08/2024,09:17:29,24426.3,24425.85,75,24427,25,250,350200
NIFTY-III.NFO,14/08/2024,09:17:31,24426.3,24425,25,24427,25,0,350200
NIFTY-III.NFO,14/08/2024,09:17:32,24426.3,24425,25,24426.95,100,0,350200
NIFTY-III.NFO,14/08/2024,09:17:33,24425,24424,25,24427,25,25,350200
NIFTY-III.NFO,14/08/2024,09:17:35,24425,24424,50,24426.95,175,0,350200
NIFTY-III.NFO,14/08/2024,09:17:37,24425,24424,50,24427,25,0,350200
NIFTY-III.NFO,14/08/2024,09:17:38,24425,24424,125,24427,25,0,350200
NIFTY-III.NFO,14/08/2024,09:17:40,24425,24424,50,24427,25,0,350200
NIFTY-III.NFO,14/08/2024,09:17:41,24425,24424,125,24427,25,0,350200
NIFTY-III.NFO,14/08/2024,09:17:42,24425,24426.3,25,24427,25,0,350200
NIFTY-III.NFO,14/08/2024,09:17:44,24425,24425,100,24427,25,50,350200
NIFTY-III.NFO,14/08/2024,09:17:45,24425,24425.25,200,24427,25,0,350200
NIFTY-III.NFO,14/08/2024,09:17:46,24427,24426.2,200,24430,100,75,350200
NIFTY-III.NFO,14/08/2024,09:17:47,24426.2,24426.2,75,24430,100,25,350200
NIFTY-III.NFO,14/08/2024,09:17:49,24426.2,24427.15,200,24430,100,0,350200
NIFTY-III.NFO,14/08/2024,09:17:50,24427.45,24427.6,75,24430,50,75,350200
NIFTY-III.NFO,14/08/2024,09:17:51,24427.45,24426,200,24430,50,0,350200
NIFTY-III.NFO,14/08/2024,09:17:53,24427.45,24425.2,325,24430,50,0,350200
NIFTY-III.NFO,14/08/2024,09:17:54,24427.45,24426.55,50,24430,50,0,350200
NIFTY-III.NFO,14/08/2024,09:17:55,24427.45,24425,100,24429.95,175,0,350200
NIFTY-III.NFO,14/08/2024,09:17:56,24427.45,24425,100,24430,50,0,350200
NIFTY-III.NFO,14/08/2024,09:17:58,24427.45,24426.45,200,24430,50,0,350200
NIFTY-III.NFO,14/08/2024,09:17:59,24427.45,24426.6,125,24430,50,50,350200
NIFTY-III.NFO,14/08/2024,09:18:00,24427.45,24427.8,75,24430,50,0,350200
NIFTY-III.NFO,14/08/2024,09:18:02,24425,24425,75,24429.95,100,25,350200
NIFTY-III.NFO,14/08/2024,09:18:03,24425,24424.75,325,24430,50,0,350200
NIFTY-III.NFO,14/08/2024,09:18:04,24426.45,24428.9,325,24430,50,25,350200
NIFTY-III.NFO,14/08/2024,09:18:05,24426.45,24427.65,125,24430,50,0,350200
NIFTY-III.NFO,14/08/2024,09:18:07,24426.45,24428.5,25,24430,50,0,350200
NIFTY-III.NFO,14/08/2024,09:18:08,24426.45,24429.45,200,24430,50,0,350200
NIFTY-III.NFO,14/08/2024,09:18:09,24430,24431.65,200,24433,75,50,350200
NIFTY-III.NFO,14/08/2024,09:18:11,24430,24430,25,24433,75,0,350200
NIFTY-III.NFO,14/08/2024,09:18:12,24430,24430,25,24430.45,25,0,350200
NIFTY-III.NFO,14/08/2024,09:18:13,24430,24430,25,24430.15,25,0,350200
NIFTY-III.NFO,14/08/2024,09:18:14,24430.15,24430,25,24432.95,100,25,350200
NIFTY-III.NFO,14/08/2024,09:18:16,24430.15,24430,25,24432.95,175,0,350200
NIFTY-III.NFO,14/08/2024,09:18:17,24430,24428.5,25,24432.95,175,25,350200
NIFTY-III.NFO,14/08/2024,09:18:18,24430,24428.5,25,24430,25,0,350200
NIFTY-III.NFO,14/08/2024,09:18:20,24430,24428.5,25,24429.95,100,0,350200
NIFTY-III.NFO,14/08/2024,09:18:21,24428.5,24424,50,24429.95,175,25,350200
NIFTY-III.NFO,14/08/2024,09:18:23,24429.95,24424.05,25,24429.95,175,25,350200
NIFTY-III.NFO,14/08/2024,09:18:24,24429.95,24425.05,100,24430,25,0,350200
NIFTY-III.NFO,14/08/2024,09:18:26,24429.95,24425.05,25,24429.95,175,0,350200
NIFTY-III.NFO,14/08/2024,09:18:28,24429.95,24425,25,24429.95,175,0,350200
NIFTY-III.NFO,14/08/2024,09:18:31,24429.95,24425.05,75,24429.95,125,0,350200
NIFTY-III.NFO,14/08/2024,09:18:33,24429.95,24428,25,24429.95,25,0,350200
NIFTY-III.NFO,14/08/2024,09:18:36,24429.95,24428,25,24429.9,100,0,350200
NIFTY-III.NFO,14/08/2024,09:18:38,24429.95,24428,25,24429.95,25,0,350200
NIFTY-III.NFO,14/08/2024,09:18:39,24429.95,24428,25,24429.95,25,25,350200
NIFTY-III.NFO,14/08/2024,09:18:41,24429.95,24428,25,24429.95,175,25,350200
NIFTY-III.NFO,14/08/2024,09:18:43,24429.95,24428,25,24429.95,175,0,350200
NIFTY-III.NFO,14/08/2024,09:18:46,24429.95,24428,25,24430,25,0,350200
NIFTY-III.NFO,14/08/2024,09:18:51,24429.95,24428,25,24429.9,100,0,350200
NIFTY-III.NFO,14/08/2024,09:18:53,24429.95,24428,25,24429.95,50,0,350200
NIFTY-III.NFO,14/08/2024,09:18:54,24429.95,24428,25,24429.9,175,0,350200
NIFTY-III.NFO,14/08/2024,09:18:58,24429.9,24428,25,24429.9,100,50,350350
NIFTY-III.NFO,14/08/2024,09:18:59,24429.9,24428,25,24429.95,150,0,350350
NIFTY-III.NFO,14/08/2024,09:19:01,24429.9,24428,25,24429.95,75,0,350350
NIFTY-III.NFO,14/08/2024,09:19:04,24429.9,24428.05,150,24429.95,75,0,350350
NIFTY-III.NFO,14/08/2024,09:19:08,24429.9,24428,25,24429.95,75,0,350350
NIFTY-III.NFO,14/08/2024,09:19:11,24429.9,24428.05,75,24429.95,75,0,350350
NIFTY-III.NFO,14/08/2024,09:19:14,24429.9,24428.05,150,24429.95,75,0,350350
NIFTY-III.NFO,14/08/2024,09:19:18,24429.9,24428,25,24429.9,100,0,350350
NIFTY-III.NFO,14/08/2024,09:19:19,24428,24425.05,75,24429.85,175,25,350350
NIFTY-III.NFO,14/08/2024,09:19:21,24429.85,24425.05,100,24428.05,50,25,350350
NIFTY-III.NFO,14/08/2024,09:19:23,24429.85,24425.85,100,24428.05,50,0,350350
NIFTY-III.NFO,14/08/2024,09:19:24,24429.85,24426.4,100,24428.05,50,0,350350
NIFTY-III.NFO,14/08/2024,09:19:26,24427.2,24427.2,50,24428.05,50,50,350350
NIFTY-III.NFO,14/08/2024,09:19:28,24427.2,24426.25,125,24428.05,50,0,350350
NIFTY-III.NFO,14/08/2024,09:19:31,24427.2,24427.25,50,24428.05,50,0,350350
NIFTY-III.NFO,14/08/2024,09:19:34,24428.05,24427.25,50,24428.05,25,25,350350
NIFTY-III.NFO,14/08/2024,09:19:36,24428.05,24427.2,25,24428.05,25,0,350350
NIFTY-III.NFO,14/08/2024,09:19:38,24428.05,24427.25,125,24428.05,25,0,350350
NIFTY-III.NFO,14/08/2024,09:19:39,24428.05,24429,25,24429.95,25,25,350350
NIFTY-III.NFO,14/08/2024,09:19:41,24428.05,24429.05,50,24429.95,25,0,350350
NIFTY-III.NFO,14/08/2024,09:19:42,24428.05,24429,25,24429.95,25,0,350350
NIFTY-III.NFO,14/08/2024,09:19:47,24429,24427.25,50,24429.95,25,50,350350
NIFTY-III.NFO,14/08/2024,09:19:49,24429,24427.25,50,24429.95,25,0,350350
NIFTY-III.NFO,14/08/2024,09:19:51,24429.95,24427.25,125,24430,100,25,350350
NIFTY-III.NFO,14/08/2024,09:19:52,24429.95,24427.2,200,24430,100,0,350350
NIFTY-III.NFO,14/08/2024,09:19:54,24429.95,24427.25,125,24430,100,0,350350
NIFTY-III.NFO,14/08/2024,09:19:56,24430,24428.9,50,24430,50,50,350350
NIFTY-III.NFO,14/08/2024,09:19:57,24430,24428,50,24430,50,0,350350
NIFTY-III.NFO,14/08/2024,09:19:59,24430,24429,25,24430,50,0,350350
NIFTY-III.NFO,14/08/2024,09:20:00,24429,24427.2,175,24430,50,25,350350
NIFTY-III.NFO,14/08/2024,09:20:02,24429,24427.2,100,24430,50,0,350350
NIFTY-III.NFO,14/08/2024,09:20:04,24429,24428,25,24430,50,0,350350
NIFTY-III.NFO,14/08/2024,09:20:05,24427.2,24425,50,24428.4,100,125,350350
NIFTY-III.NFO,14/08/2024,09:20:07,24427.2,24425,50,24426.95,175,0,350350
NIFTY-III.NFO,14/08/2024,09:20:09,24427.2,24425,50,24427,25,0,350350
NIFTY-III.NFO,14/08/2024,09:20:10,24425,24425,25,24426.95,175,25,350350
NIFTY-III.NFO,14/08/2024,09:20:12,24425,24425,25,24426.95,175,0,350350
NIFTY-III.NFO,14/08/2024,09:20:16,24425,24421.5,125,24427,100,25,350350
NIFTY-III.NFO,14/08/2024,09:20:17,24426.8,24422.35,100,24428.75,100,75,350350
NIFTY-III.NFO,14/08/2024,09:20:19,24426.8,24421.3,25,24428.75,100,0,350350
NIFTY-III.NFO,14/08/2024,09:20:21,24426.8,24421.05,100,24428.75,100,0,350350
NIFTY-III.NFO,14/08/2024,09:20:22,24426.8,24421,25,24426.75,100,0,350350
NIFTY-III.NFO,14/08/2024,09:20:24,24426.8,24421,25,24426.7,100,0,350350
NIFTY-III.NFO,14/08/2024,09:20:26,24426.8,24421,25,24425.95,100,0,350350
NIFTY-III.NFO,14/08/2024,09:20:27,24426.8,24421,100,24425.95,100,0,350350
NIFTY-III.NFO,14/08/2024,09:20:29,24420.85,24420.05,100,24425.95,175,50,350350
NIFTY-III.NFO,14/08/2024,09:20:31,24425.95,24420,25,24425.9,100,75,350350
NIFTY-III.NFO,14/08/2024,09:20:32,24420,24419.9,25,24425.4,600,25,350350
NIFTY-III.NFO,14/08/2024,09:20:34,24420,24415.55,100,24422.45,100,0,350350
NIFTY-III.NFO,14/08/2024,09:20:36,24420,24415.55,175,24422.45,100,0,350350
NIFTY-III.NFO,14/08/2024,09:20:37,24420,24415.5,175,24422.45,100,0,350350
NIFTY-III.NFO,14/08/2024,09:20:39,24420,24415.5,100,24419.95,100,0,350350
NIFTY-III.NFO,14/08/2024,09:20:40,24420,24415.55,100,24419.95,175,0,350350
NIFTY-III.NFO,14/08/2024,09:20:42,24419.95,24415.5,100,24419.95,150,25,350350
NIFTY-III.NFO,14/08/2024,09:20:44,24414.9,24413.75,25,24419.95,175,300,350350
NIFTY-III.NFO,14/08/2024,09:20:44,24414.9,24413.75,25,24419.95,175,0,350350
NIFTY-III.NFO,14/08/2024,09:20:45,24413.75,24412.5,125,24419.95,175,25,350350
NIFTY-III.NFO,14/08/2024,09:20:45,24413.75,24412.5,125,24419.95,175,0,350350
NIFTY-III.NFO,14/08/2024,09:20:47,24413.75,24413.7,325,24419.95,175,0,350350
NIFTY-III.NFO,14/08/2024,09:20:49,24414.5,24414.5,75,24420,525,25,350350
NIFTY-III.NFO,14/08/2024,09:20:50,24414.1,24416.2,325,24420,25,500,350350
NIFTY-III.NFO,14/08/2024,09:20:52,24414.1,24415,100,24420,25,0,350350
NIFTY-III.NFO,14/08/2024,09:20:54,24414.1,24416.25,75,24420,25,0,350350
NIFTY-III.NFO,14/08/2024,09:20:55,24414.1,24416.85,625,24420,25,0,350350
NIFTY-III.NFO,14/08/2024,09:20:57,24414.1,24417.65,75,24420,25,0,350350
NIFTY-III.NFO,14/08/2024,09:20:58,24414.1,24415.65,225,24420,25,0,350350
NIFTY-III.NFO,14/08/2024,09:21:00,24416.2,24417.75,250,24420,25,75,350350
NIFTY-III.NFO,14/08/2024,09:21:02,24416.2,24418.5,300,24420,25,0,350350
NIFTY-III.NFO,14/08/2024,09:21:03,24416.2,24417.5,300,24420,25,0,350350
NIFTY-III.NFO,14/08/2024,09:21:05,24416.2,24417.95,300,24420,25,0,350350
NIFTY-III.NFO,14/08/2024,09:21:07,24420,24421.3,300,24424,25,25,350350
NIFTY-III.NFO,14/08/2024,09:21:08,24421.3,24421.3,50,24429.6,100,75,350350
NIFTY-III.NFO,14/08/2024,09:21:10,24421.3,24420.1,75,24428.65,600,0,350350
NIFTY-III.NFO,14/08/2024,09:21:12,24427.7,24419.4,25,24427.7,100,25,350350
NIFTY-III.NFO,14/08/2024,09:21:13,24427.7,24421.05,25,24428.65,100,0,350350
NIFTY-III.NFO,14/08/2024,09:21:15,24427.7,24421.5,25,24429.6,100,0,350350
NIFTY-III.NFO,14/08/2024,09:21:17,24427.7,24421.9,25,24429.6,100,0,350350
NIFTY-III.NFO,14/08/2024,09:21:20,24429.6,24421.9,75,24429.6,100,50,350350
NIFTY-III.NFO,14/08/2024,09:21:21,24429.6,24422.95,75,24427.7,25,0,350350
NIFTY-III.NFO,14/08/2024,09:21:25,24427.65,24422.15,100,24427.7,25,25,350350
NIFTY-III.NFO,14/08/2024,09:21:27,24427.65,24423.9,100,24427.7,25,0,350350
NIFTY-III.NFO,14/08/2024,09:21:28,24427.65,24426.05,100,24427.7,25,0,350350
NIFTY-III.NFO,14/08/2024,09:21:32,24427.65,24423.8,175,24427.7,25,0,350350
NIFTY-III.NFO,14/08/2024,09:21:33,24427.65,24427,25,24427.7,25,0,350350
NIFTY-III.NFO,14/08/2024,09:21:38,24427,24424.65,175,24427.7,25,25,350350
NIFTY-III.NFO,14/08/2024,09:21:40,24427.7,24424.65,175,24429.9,100,25,350350
NIFTY-III.NFO,14/08/2024,09:21:41,24427.7,24424.65,175,24429.9,100,0,350350
NIFTY-III.NFO,14/08/2024,09:21:43,24427.7,24424.65,175,24429.9,175,0,350350
NIFTY-III.NFO,14/08/2024,09:21:45,24427.7,24423.85,100,24429.9,175,0,350350
NIFTY-III.NFO,14/08/2024,09:21:46,24424.9,24425.7,150,24429.95,25,25,350350
NIFTY-III.NFO,14/08/2024,09:21:48,24424.9,24425.7,75,24429.95,25,0,350350
NIFTY-III.NFO,14/08/2024,09:21:51,24424.9,24424.15,150,24429.9,175,0,350350
NIFTY-III.NFO,14/08/2024,09:21:53,24424.9,24423.5,150,24429.9,175,0,350350
NIFTY-III.NFO,14/08/2024,09:21:55,24424.9,24422.45,150,24429.9,175,0,350350
NIFTY-III.NFO,14/08/2024,09:21:58,24424.9,24424.85,75,24429.9,100,0,350350
NIFTY-III.NFO,14/08/2024,09:22:00,24424.9,24424.05,75,24429.9,100,0,350350
NIFTY-III.NFO,14/08/2024,09:22:03,24424.9,24425.6,75,24429.95,25,0,350350
NIFTY-III.NFO,14/08/2024,09:22:05,24424.9,24426.05,75,24429.95,25,0,350350
NIFTY-III.NFO,14/08/2024,09:22:06,24429.9,24428.35,75,24429.95,25,25,350550
NIFTY-III.NFO,14/08/2024,09:22:08,24430,24433.9,325,24436.95,25,100,350550
NIFTY-III.NFO,14/08/2024,09:22:10,24430,24438.9,450,24444,25,0,350550
NIFTY-III.NFO,14/08/2024,09:22:11,24430,24438.9,75,24444,25,0,350550
NIFTY-III.NFO,14/08/2024,09:22:13,24430,24435.85,325,24440,25,0,350550
NIFTY-III.NFO,14/08/2024,09:22:15,24430,24438.3,325,24440,25,0,350550
NIFTY-III.NFO,14/08/2024,09:22:16,24430,24439.1,325,24440,25,0,350550
NIFTY-III.NFO,14/08/2024,09:22:18,24443.1,24444,125,24446.2,25,50,350550
NIFTY-III.NFO,14/08/2024,09:22:20,24443.1,24441.45,75,24446.2,25,0,350550
NIFTY-III.NFO,14/08/2024,09:22:21,24443.1,24442.35,75,24447,25,0,350550
NIFTY-III.NFO,14/08/2024,09:22:23,24443.1,24441,75,24446.95,100,0,350550
NIFTY-III.NFO,14/08/2024,09:22:24,24443.1,24441.15,325,24446.95,100,0,350550
NIFTY-III.NFO,14/08/2024,09:22:26,24443.1,24442.4,250,24443.1,25,0,350550
NIFTY-III.NFO,14/08/2024,09:22:28,24443.1,24441.6,325,24448.95,175,25,350550
NIFTY-III.NFO,14/08/2024,09:22:29,24443.1,24440.5,75,24448.85,125,0,350550
NIFTY-III.NFO,14/08/2024,09:22:31,24443.1,24441.9,325,24448.85,200,0,350550
NIFTY-III.NFO,14/08/2024,09:22:33,24443.1,24441.9,75,24448.85,175,0,350550
NIFTY-III.NFO,14/08/2024,09:22:34,24443.1,24437.6,325,24446.75,175,0,350550
NIFTY-III.NFO,14/08/2024,09:22:36,24443.1,24439.8,325,24446.75,175,0,350550
NIFTY-III.NFO,14/08/2024,09:22:38,24443.1,24442.55,325,24448.95,175,0,350550
NIFTY-III.NFO,14/08/2024,09:22:39,24443.1,24439.8,75,24447.9,100,0,350550
NIFTY-III.NFO,14/08/2024,09:22:41,24443.1,24438.6,325,24446.6,175,0,350550
NIFTY-III.NFO,14/08/2024,09:22:43,24443.1,24438.75,75,24446.95,200,0,350550
NIFTY-III.NFO,14/08/2024,09:22:44,24443.1,24444,25,24446.5,175,0,350550
NIFTY-III.NFO,14/08/2024,09:22:46,24444,24437.85,75,24445.9,175,25,350550
NIFTY-III.NFO,14/08/2024,09:22:48,24444,24437.85,325,24445.1,100,0,350550
NIFTY-III.NFO,14/08/2024,09:22:51,24444,24438.25,325,24445.6,100,0,350550
NIFTY-III.NFO,14/08/2024,09:22:53,24437.5,24437.4,75,24445.4,100,25,350550
NIFTY-III.NFO,14/08/2024,09:22:54,24437.5,24437.6,75,24445,100,0,350550
NIFTY-III.NFO,14/08/2024,09:22:56,24437.5,24437.4,75,24444.45,100,0,350550
NIFTY-III.NFO,14/08/2024,09:22:58,24437.5,24437.7,250,24445,100,0,350550
NIFTY-III.NFO,14/08/2024,09:23:01,24437.5,24436.95,75,24444.4,100,0,350550
NIFTY-III.NFO,14/08/2024,09:23:03,24437.5,24437.5,75,24444.4,100,25,350550
NIFTY-III.NFO,14/08/2024,09:23:06,24437.5,24437.5,75,24444.4,100,0,350550
NIFTY-III.NFO,14/08/2024,09:23:08,24444.4,24436.3,25,24444.15,100,25,350550
NIFTY-III.NFO,14/08/2024,09:23:09,24444.4,24434.45,25,24442.7,100,0,350550
NIFTY-III.NFO,14/08/2024,09:23:11,24442.3,24434.2,50,24442.3,100,25,350550
NIFTY-III.NFO,14/08/2024,09:23:12,24442.3,24437,25,24442.3,100,0,350550
NIFTY-III.NFO,14/08/2024,09:23:14,24442.3,24437,25,24441.4,175,0,350550
NIFTY-III.NFO,14/08/2024,09:23:16,24442.3,24437,25,24441.55,175,0,350550
NIFTY-III.NFO,14/08/2024,09:23:17,24442.3,24437.05,125,24443.25,175,0,350550
NIFTY-III.NFO,14/08/2024,09:23:19,24442.3,24437,25,24441.25,175,0,350550
NIFTY-III.NFO,14/08/2024,09:23:21,24442.3,24437,25,24441.15,600,0,350550
NIFTY-III.NFO,14/08/2024,09:23:23,24440.95,24437,25,24438.25,100,25,350550
NIFTY-III.NFO,14/08/2024,09:23:24,24440.95,24437,25,24439.65,175,0,350550
NIFTY-III.NFO,14/08/2024,09:23:26,24440.95,24437,25,24439.3,100,0,350550
NIFTY-III.NFO,14/08/2024,09:23:28,24439.05,24431.05,175,24439.05,150,50,350550
NIFTY-III.NFO,14/08/2024,09:23:29,24439.05,24430.05,175,24437.75,75,0,350550
NIFTY-III.NFO,14/08/2024,09:23:31,24439.05,24430.05,175,24437.35,75,0,350550
NIFTY-III.NFO,14/08/2024,09:23:34,24430.05,24430.4,100,24437.35,100,25,350550
NIFTY-III.NFO,14/08/2024,09:23:36,24431.85,24431.85,150,24439.05,175,25,350550
NIFTY-III.NFO,14/08/2024,09:23:38,24431.85,24430.4,75,24437.65,100,0,350550
NIFTY-III.NFO,14/08/2024,09:23:39,24437.35,24430.05,150,24437.45,100,125,350550
NIFTY-III.NFO,14/08/2024,09:23:41,24437.35,24430.05,150,24437.45,100,0,350550
NIFTY-III.NFO,14/08/2024,09:23:43,24437.35,24430.15,75,24436.95,100,0,350550
NIFTY-III.NFO,14/08/2024,09:23:44,24437.35,24430.35,75,24436.95,175,0,350550
NIFTY-III.NFO,14/08/2024,09:23:46,24437.35,24430.05,75,24436.45,100,0,350550
NIFTY-III.NFO,14/08/2024,09:23:48,24437.35,24430.05,150,24436.25,100,0,350550
NIFTY-III.NFO,14/08/2024,09:23:49,24437.35,24430.05,75,24436.25,100,0,350550
NIFTY-III.NFO,14/08/2024,09:23:51,24437.35,24430.05,150,24436.9,100,0,350550
NIFTY-III.NFO,14/08/2024,09:23:53,24437.35,24430.05,75,24436.05,100,0,350550
NIFTY-III.NFO,14/08/2024,09:23:54,24430.05,24430.05,125,24435.95,175,25,350550
NIFTY-III.NFO,14/08/2024,09:23:56,24430.05,24430,75,24434.95,175,0,350550
NIFTY-III.NFO,14/08/2024,09:23:59,24430.05,24430,75,24433.35,100,0,350550
NIFTY-III.NFO,14/08/2024,09:24:01,24430.05,24430,75,24433.1,100,0,350550
NIFTY-III.NFO,14/08/2024,09:24:03,24430.05,24430,75,24432.9,100,0,350550
NIFTY-III.NFO,14/08/2024,09:24:04,24430.05,24430,75,24433.45,175,0,350550
NIFTY-III.NFO,14/08/2024,09:24:06,24430.05,24430,75,24433.45,425,0,350550
NIFTY-III.NFO,14/08/2024,09:24:08,24430,24425,25,24429.9,100,75,350550
NIFTY-III.NFO,14/08/2024,09:24:09,24429.55,24425,25,24429.55,100,25,350550
NIFTY-III.NFO,14/08/2024,09:24:11,24429.55,24425.05,150,24430.45,175,0,350550
NIFTY-III.NFO,14/08/2024,09:24:13,24429.55,24425.05,150,24431.8,100,0,350550
NIFTY-III.NFO,14/08/2024,09:24:18,24429.55,24425.05,75,24430.75,100,50,350550
NIFTY-III.NFO,14/08/2024,09:24:19,24429.55,24425.05,75,24430.65,75,0,350550
NIFTY-III.NFO,14/08/2024,09:24:21,24429.55,24425.05,75,24429.55,75,0,350550
NIFTY-III.NFO,14/08/2024,09:24:23,24429.55,24425.05,150,24431.5,175,0,350550
NIFTY-III.NFO,14/08/2024,09:24:26,24429.55,24425.05,150,24430,25,0,350550
NIFTY-III.NFO,14/08/2024,09:24:28,24429.55,24425.05,75,24429.95,100,0,350550
NIFTY-III.NFO,14/08/2024,09:24:29,24429.55,24425,25,24429.95,100,0,350550
NIFTY-III.NFO,14/08/2024,09:24:31,24429.55,24425,25,24428.85,175,0,350550
NIFTY-III.NFO,14/08/2024,09:24:33,24429.55,24425.05,75,24429.95,75,0,350550
NIFTY-III.NFO,14/08/2024,09:24:36,24429.55,24425.05,75,24429.9,100,0,350550
NIFTY-III.NFO,14/08/2024,09:24:38,24429.55,24425,25,24429.65,175,0,350550
NIFTY-III.NFO,14/08/2024,09:24:39,24429.55,24425,25,24429.25,100,0,350550
NIFTY-III.NFO,14/08/2024,09:24:41,24429.55,24425.05,75,24429.95,175,0,350550
NIFTY-III.NFO,14/08/2024,09:24:43,24429.55,24425,25,24429.95,175,0,350550
NIFTY-III.NFO,14/08/2024,09:24:44,24429.55,24425,25,24429.35,100,0,350550
NIFTY-III.NFO,14/08/2024,09:24:48,24429.55,24425.05,150,24429.95,100,0,350550
NIFTY-III.NFO,14/08/2024,09:24:49,24429.55,24425.05,150,24430,25,0,350550
NIFTY-III.NFO,14/08/2024,09:24:51,24429.55,24425,25,24429.95,175,0,350550
NIFTY-III.NFO,14/08/2024,09:24:53,24429.55,24425,25,24429.3,100,0,350550
NIFTY-III.NFO,14/08/2024,09:24:54,24429.55,24425,25,24428.8,100,0,350550
NIFTY-III.NFO,14/08/2024,09:24:56,24429.55,24425,25,24428.7,175,0,350550
NIFTY-III.NFO,14/08/2024,09:24:58,24425,24420.9,75,24428.7,175,25,350525
NIFTY-III.NFO,14/08/2024,09:25:01,24425,24421.55,75,24428.8,100,0,350525
NIFTY-III.NFO,14/08/2024,09:25:08,24425,24420.35,150,24425,200,0,350525
NIFTY-III.NFO,14/08/2024,09:25:09,24425,24420.4,75,24425,200,0,350525
NIFTY-III.NFO,14/08/2024,09:25:11,24425,24421.15,75,24425,175,25,350525
NIFTY-III.NFO,14/08/2024,09:25:13,24425,24421.15,75,24425,175,0,350525
NIFTY-III.NFO,14/08/2024,09:25:14,24425,24422.2,75,24425,200,0,350525
NIFTY-III.NFO,14/08/2024,09:25:16,24425,24423.95,75,24425,200,0,350525
NIFTY-III.NFO,14/08/2024,09:25:18,24425,24423.05,150,24425,200,0,350525
NIFTY-III.NFO,14/08/2024,09:25:21,24425,24423,25,24425,200,0,350525
NIFTY-III.NFO,14/08/2024,09:25:23,24425,24423,25,24425,100,100,350525
NIFTY-III.NFO,14/08/2024,09:25:24,24425,24423,25,24425,100,0,350525
NIFTY-III.NFO,14/08/2024,09:25:26,24425,24421.05,150,24425,75,25,350525
NIFTY-III.NFO,14/08/2024,09:25:28,24425,24421.05,150,24425,75,0,350525
NIFTY-III.NFO,14/08/2024,09:25:29,24425,24421,50,24424.95,175,0,350525
NIFTY-III.NFO,14/08/2024,09:25:31,24421,24420.3,25,24424.95,175,50,350525
NIFTY-III.NFO,14/08/2024,09:25:33,24421,24420.3,25,24424.95,175,0,350525
NIFTY-III.NFO,14/08/2024,09:25:38,24421,24420,25,24424.95,175,0,350525
NIFTY-III.NFO,14/08/2024,09:25:39,24421,24420,25,24421,25,0,350525
NIFTY-III.NFO,14/08/2024,09:25:54,24421,24421.25,75,24425,75,25,350525
NIFTY-III.NFO,14/08/2024,09:25:56,24421,24421.8,75,24425,75,0,350525
NIFTY-III.NFO,14/08/2024,09:25:58,24421,24420.6,75,24424.95,100,0,350525
NIFTY-III.NFO,14/08/2024,09:25:59,24421,24420,25,24424.95,175,0,350525
NIFTY-III.NFO,14/08/2024,09:26:01,24419.85,24419.9,100,24424.95,100,250,350525
NIFTY-III.NFO,14/08/2024,09:26:03,24419.85,24419.9,100,24424.95,100,0,350525
NIFTY-III.NFO,14/08/2024,09:26:11,24417.8,24417.3,100,24424.25,100,300,350525
NIFTY-III.NFO,14/08/2024,09:26:13,24417.8,24417.3,100,24424.25,100,0,350525
NIFTY-III.NFO,14/08/2024,09:26:18,24417.8,24417.3,25,24417.8,25,0,350525
NIFTY-III.NFO,14/08/2024,09:26:24,24417.8,24418.8,25,24423.95,175,25,350525
NIFTY-III.NFO,14/08/2024,09:26:26,24418.8,24415.35,75,24423.75,100,25,350525
NIFTY-III.NFO,14/08/2024,09:26:27,24415.2,24415,25,24423.75,100,300,350525
NIFTY-III.NFO,14/08/2024,09:26:29,24415.2,24415,25,24423.3,100,0,350525
NIFTY-III.NFO,14/08/2024,09:26:31,24415.2,24415,150,24423.3,100,0,350525
NIFTY-III.NFO,14/08/2024,09:26:34,24415.2,24415.25,125,24423.3,100,0,350525
NIFTY-III.NFO,14/08/2024,09:26:36,24415.2,24416.75,125,24423.95,175,0,350525
NIFTY-III.NFO,14/08/2024,09:26:37,24415.2,24417.1,125,24423.95,100,0,350525
NIFTY-III.NFO,14/08/2024,09:26:39,24415.2,24415,25,24423.95,175,0,350525
NIFTY-III.NFO,14/08/2024,09:26:41,24415.2,24415,25,24422.35,100,0,350525
NIFTY-III.NFO,14/08/2024,09:26:42,24415.2,24415,25,24423,100,0,350525
NIFTY-III.NFO,14/08/2024,09:26:44,24415.2,24415,25,24422.8,100,0,350525
NIFTY-III.NFO,14/08/2024,09:26:46,24415.2,24415,25,24421,100,0,350525
NIFTY-III.NFO,14/08/2024,09:26:47,24415,24412.25,125,24420.9,175,25,350525
NIFTY-III.NFO,14/08/2024,09:26:49,24415,24412,25,24420.05,100,0,350525
NIFTY-III.NFO,14/08/2024,09:26:51,24415,24412.7,125,24419.8,100,0,350525
NIFTY-III.NFO,14/08/2024,09:26:52,24415,24412,25,24419.8,100,0,350525
NIFTY-III.NFO,14/08/2024,09:26:54,24415,24412,25,24419.65,100,0,350525
NIFTY-III.NFO,14/08/2024,09:26:56,24415,24412,25,24415.55,100,0,350525
NIFTY-III.NFO,14/08/2024,09:26:59,24415,24412,25,24415,100,0,350525
NIFTY-III.NFO,14/08/2024,09:27:01,24405.75,24405.95,125,24415,100,200,350525
NIFTY-III.NFO,14/08/2024,09:27:01,24405.75,24405.95,125,24415,100,0,350525
NIFTY-III.NFO,14/08/2024,09:27:02,24405.75,24405.7,125,24414.45,100,0,350525
NIFTY-III.NFO,14/08/2024,09:27:04,24406.5,24406.45,125,24414.45,100,25,350525
NIFTY-III.NFO,14/08/2024,09:27:06,24406.5,24407.65,25,24414.45,100,0,350525
NIFTY-III.NFO,14/08/2024,09:27:11,24406.5,24404.75,75,24413.8,100,0,350525
NIFTY-III.NFO,14/08/2024,09:27:12,24406.5,24407.6,25,24413.8,100,0,350525
NIFTY-III.NFO,14/08/2024,09:27:14,24406.5,24407.6,25,24413,100,0,350525
NIFTY-III.NFO,14/08/2024,09:27:16,24407.6,24407.6,25,24412.9,175,25,350525
NIFTY-III.NFO,14/08/2024,09:27:17,24407.6,24407.6,25,24413.8,100,0,350525
NIFTY-III.NFO,14/08/2024,09:27:19,24407.6,24407.6,25,24414.45,100,0,350525
NIFTY-III.NFO,14/08/2024,09:27:23,24407.6,24408,125,24415.55,100,0,350525
NIFTY-III.NFO,14/08/2024,09:27:24,24407.6,24409.05,125,24416.2,100,0,350525
NIFTY-III.NFO,14/08/2024,09:27:26,24407.6,24409.85,125,24416.9,100,0,350525
NIFTY-III.NFO,14/08/2024,09:27:28,24409.9,24410.7,25,24415,50,300,350525
NIFTY-III.NFO,14/08/2024,09:27:29,24409.65,24409.65,100,24415,50,250,350525
NIFTY-III.NFO,14/08/2024,09:27:31,24409.65,24409.75,125,24415,125,0,350525
NIFTY-III.NFO,14/08/2024,09:27:33,24409.65,24410.55,125,24415,50,0,350525
NIFTY-III.NFO,14/08/2024,09:27:34,24409.65,24409.05,125,24415,125,0,350525
NIFTY-III.NFO,14/08/2024,09:27:36,24408.2,24408.2,250,24414.95,100,25,350525
NIFTY-III.NFO,14/08/2024,09:27:38,24408.2,24409.9,125,24415,50,0,350525
NIFTY-III.NFO,14/08/2024,09:27:39,24408.2,24409.6,125,24415,125,0,350525
NIFTY-III.NFO,14/08/2024,09:27:41,24408.2,24409.95,125,24415,50,0,350525
NIFTY-III.NFO,14/08/2024,09:27:43,24408.2,24412.25,125,24415,50,0,350525
NIFTY-III.NFO,14/08/2024,09:27:44,24408.2,24409.4,125,24415,125,0,350525
NIFTY-III.NFO,14/08/2024,09:27:46,24410.25,24410.2,125,24415,50,25,350525
NIFTY-III.NFO,14/08/2024,09:27:48,24410.25,24411.6,125,24415,50,0,350525
NIFTY-III.NFO,14/08/2024,09:27:49,24410.25,24410.75,125,24415,50,0,350525
NIFTY-III.NFO,14/08/2024,09:27:51,24410.25,24412.7,250,24415,50,0,350525
NIFTY-III.NFO,14/08/2024,09:27:52,24410.25,24412.25,125,24415,50,0,350525
NIFTY-III.NFO,14/08/2024,09:27:54,24410.25,24411.5,125,24415,50,0,350525
NIFTY-III.NFO,14/08/2024,09:27:56,24410.25,24410.7,125,24415,50,0,350525
NIFTY-III.NFO,14/08/2024,09:27:57,24410.25,24410.25,25,24414.95,100,0,350525
NIFTY-III.NFO,14/08/2024,09:27:59,24410.25,24410.25,25,24415,50,0,350525
NIFTY-III.NFO,14/08/2024,09:28:01,24410.25,24411.5,125,24418.1,100,0,350525
NIFTY-III.NFO,14/08/2024,09:28:02,24410.25,24411.7,250,24418.65,100,0,350525
NIFTY-III.NFO,14/08/2024,09:28:04,24410.25,24412.45,375,24419.65,100,0,350525
NIFTY-III.NFO,14/08/2024,09:28:06,24410.25,24412.1,250,24419.65,100,0,350525
NIFTY-III.NFO,14/08/2024,09:28:07,24410.25,24412.3,450,24420.45,175,0,350525
NIFTY-III.NFO,14/08/2024,09:28:09,24410.25,24414,25,24420.45,175,0,350525
NIFTY-III.NFO,14/08/2024,09:28:12,24410.25,24414,25,24420.1,100,0,350525
NIFTY-III.NFO,14/08/2024,09:28:17,24414,24410.25,50,24420,175,25,351725
NIFTY-III.NFO,14/08/2024,09:28:19,24414,24410.25,50,24418.95,100,0,351725
NIFTY-III.NFO,14/08/2024,09:28:20,24414,24410.25,50,24418.35,100,0,351725
NIFTY-III.NFO,14/08/2024,09:28:23,24414,24410.9,125,24418.35,100,0,351725
NIFTY-III.NFO,14/08/2024,09:28:25,24414,24410.25,50,24418.35,100,0,351725
NIFTY-III.NFO,14/08/2024,09:28:27,24414,24410.25,50,24418.1,100,0,351725
NIFTY-III.NFO,14/08/2024,09:28:33,24414,24411.05,125,24418.1,100,0,351725
NIFTY-III.NFO,14/08/2024,09:28:35,24414,24410.8,250,24418.1,100,0,351725
NIFTY-III.NFO,14/08/2024,09:28:36,24414,24411.15,125,24418.1,100,0,351725
NIFTY-III.NFO,14/08/2024,09:28:38,24414,24411.5,250,24418.35,100,0,351725
NIFTY-III.NFO,14/08/2024,09:28:41,24414,24412.2,250,24418.95,100,0,351725
NIFTY-III.NFO,14/08/2024,09:28:45,24414,24412.95,125,24418,25,0,351725
NIFTY-III.NFO,14/08/2024,09:28:46,24414,24413.75,375,24418,25,0,351725
NIFTY-III.NFO,14/08/2024,09:28:48,24414,24411.6,125,24417.95,175,0,351725
NIFTY-III.NFO,14/08/2024,09:28:50,24414,24412.6,125,24414,25,0,351725
NIFTY-III.NFO,14/08/2024,09:28:51,24414,24413.75,375,24418,25,25,351725
NIFTY-III.NFO,14/08/2024,09:28:53,24414,24413.9,75,24418,25,0,351725
NIFTY-III.NFO,14/08/2024,09:28:55,24414,24414,250,24418,25,0,351725
NIFTY-III.NFO,14/08/2024,09:28:56,24414,24413.05,125,24418,100,0,351725
NIFTY-III.NFO,14/08/2024,09:28:58,24414,24410.25,25,24417.95,100,0,351725
NIFTY-III.NFO,14/08/2024,09:29:00,24414,24412.5,125,24418,100,0,351725
NIFTY-III.NFO,14/08/2024,09:29:01,24414,24412.15,250,24417.9,100,0,351725
NIFTY-III.NFO,14/08/2024,09:29:03,24414,24411.8,375,24417.95,100,0,351725
NIFTY-III.NFO,14/08/2024,09:29:05,24414,24412,250,24417.95,175,0,351725
NIFTY-III.NFO,14/08/2024,09:29:10,24414,24411.9,125,24413,50,0,351725
NIFTY-III.NFO,14/08/2024,09:29:11,24413,24411.2,75,24413,25,25,351725
NIFTY-III.NFO,14/08/2024,09:29:13,24411.55,24410.5,125,24413,25,25,351725
NIFTY-III.NFO,14/08/2024,09:29:15,24411.55,24411.15,250,24413,25,0,351725
NIFTY-III.NFO,14/08/2024,09:29:16,24411.55,24410.9,125,24413,25,0,351725
NIFTY-III.NFO,14/08/2024,09:29:18,24411.55,24411.55,250,24413,25,0,351725
NIFTY-III.NFO,14/08/2024,09:29:20,24411.55,24411.55,125,24413,25,0,351725
NIFTY-III.NFO,14/08/2024,09:29:21,24411.55,24410.95,250,24413,25,0,351725
NIFTY-III.NFO,14/08/2024,09:29:23,24411.55,24411.85,250,24413,25,0,351725
NIFTY-III.NFO,14/08/2024,09:29:24,24411.55,24412.55,375,24413,25,0,351725
NIFTY-III.NFO,14/08/2024,09:29:26,24411.55,24410.5,250,24413,25,0,351725
NIFTY-III.NFO,14/08/2024,09:29:28,24413,24412.85,125,24417.95,100,25,351725
NIFTY-III.NFO,14/08/2024,09:29:29,24413,24412.85,125,24418,25,0,351725
NIFTY-III.NFO,14/08/2024,09:29:31,24413,24411,25,24417.95,175,0,351725
NIFTY-III.NFO,14/08/2024,09:29:34,24413,24411,25,24417.75,100,0,351725
NIFTY-III.NFO,14/08/2024,09:29:38,24413,24411,25,24417.4,100,0,351725
NIFTY-III.NFO,14/08/2024,09:29:39,24413,24411,25,24412.95,175,0,351725
NIFTY-III.NFO,14/08/2024,09:29:41,24413,24411,25,24413,100,0,351725
NIFTY-III.NFO,14/08/2024,09:29:43,24413,24411,25,24412.95,100,0,351725
NIFTY-III.NFO,14/08/2024,09:29:46,24412.95,24411,25,24412.95,175,25,351725
NIFTY-III.NFO,14/08/2024,09:29:48,24412.95,24411,25,24412.95,175,0,351725
NIFTY-III.NFO,14/08/2024,09:29:49,24412.95,24411,25,24412.95,100,0,351725
NIFTY-III.NFO,14/08/2024,09:29:53,24412.95,24411,25,24412.95,175,0,351725
NIFTY-III.NFO,14/08/2024,09:29:56,24412.95,24411,25,24411.75,100,0,351725
NIFTY-III.NFO,14/08/2024,09:29:58,24410.25,24403.05,25,24411.65,175,75,351725
NIFTY-III.NFO,14/08/2024,09:29:59,24410.25,24403,25,24409.85,100,0,351725
NIFTY-III.NFO,14/08/2024,09:30:01,24410.25,24403,25,24408.3,100,0,351725
NIFTY-III.NFO,14/08/2024,09:30:03,24410.25,24403.65,25,24410.1,100,0,351725
NIFTY-III.NFO,14/08/2024,09:30:04,24410.25,24405.45,25,24412.5,100,0,351725
NIFTY-III.NFO,14/08/2024,09:30:06,24410.25,24406.3,25,24412.95,175,0,351725
NIFTY-III.NFO,14/08/2024,09:30:08,24410.25,24404.9,25,24412.95,175,0,351725
NIFTY-III.NFO,14/08/2024,09:30:09,24410.25,24405.55,25,24412.95,175,0,351725
NIFTY-III.NFO,14/08/2024,09:30:11,24410.25,24404.7,25,24412.95,175,0,351725
NIFTY-III.NFO,14/08/2024,09:30:13,24410.25,24404.05,275,24412.95,175,0,351725
NIFTY-III.NFO,14/08/2024,09:30:14,24410.25,24403.45,275,24411.95,100,0,351725
NIFTY-III.NFO,14/08/2024,09:30:16,24410.25,24403.05,25,24410.15,100,0,351725
NIFTY-III.NFO,14/08/2024,09:30:18,24410.25,24403.05,25,24410.05,175,0,351725
NIFTY-III.NFO,14/08/2024,09:30:19,24410.25,24403,25,24408.8,100,0,351725
NIFTY-III.NFO,14/08/2024,09:30:23,24410.25,24403,25,24408.7,175,0,351725
NIFTY-III.NFO,14/08/2024,09:30:24,24408.55,24403,25,24408.65,75,225,351725
NIFTY-III.NFO,14/08/2024,09:30:26,24408.55,24403,25,24408,75,0,351725
NIFTY-III.NFO,14/08/2024,09:30:28,24403,24402.05,100,24408,75,25,351725
NIFTY-III.NFO,14/08/2024,09:30:28,24403,24402.05,100,24408,75,0,351725
NIFTY-III.NFO,14/08/2024,09:30:29,24403,24402.05,100,24408.65,75,0,351725
NIFTY-III.NFO,14/08/2024,09:30:34,24403,24402,50,24404,25,0,351725
NIFTY-III.NFO,14/08/2024,09:30:36,24403,24402,50,24403.95,150,0,351725
NIFTY-III.NFO,14/08/2024,09:30:38,24403,24402,50,24403.95,75,0,351725
NIFTY-III.NFO,14/08/2024,09:30:39,24402,24401.65,100,24403.95,75,50,351725
NIFTY-III.NFO,14/08/2024,09:30:39,24402,24401.65,100,24403.95,75,0,351725
NIFTY-III.NFO,14/08/2024,09:30:41,24402,24401.65,100,24405.45,150,0,351725
NIFTY-III.NFO,14/08/2024,09:30:43,24402,24401.65,100,24403.95,150,0,351725
NIFTY-III.NFO,14/08/2024,09:30:46,24403.95,24401.65,100,24404.75,75,625,351725
NIFTY-III.NFO,14/08/2024,09:30:48,24403.95,24401.65,100,24404.35,75,0,351725
NIFTY-III.NFO,14/08/2024,09:30:49,24401.65,24401.65,75,24405.35,25,25,351725
NIFTY-III.NFO,14/08/2024,09:30:49,24401.65,24401.65,75,24405.35,25,0,351725
NIFTY-III.NFO,14/08/2024,09:30:51,24403.95,24401.65,75,24405.1,325,250,351725
NIFTY-III.NFO,14/08/2024,09:30:53,24403.95,24401.65,75,24403.95,100,0,351725
NIFTY-III.NFO,14/08/2024,09:30:54,24401.65,24401.65,25,24403.95,600,50,351725
NIFTY-III.NFO,14/08/2024,09:30:56,24401.65,24401.65,25,24403.55,75,0,351725
NIFTY-III.NFO,14/08/2024,09:30:59,24401.65,24400,925,24403.55,75,25,351750
NIFTY-III.NFO,14/08/2024,09:31:01,24401.65,24400,925,24403.95,600,0,351750
NIFTY-III.NFO,14/08/2024,09:31:03,24401.65,24400.05,100,24403.95,525,0,351750
NIFTY-III.NFO,14/08/2024,09:31:04,24401.65,24400.05,175,24403.95,525,0,351750
NIFTY-III.NFO,14/08/2024,09:31:06,24401.65,24400.05,100,24401.65,25,0,351750
NIFTY-III.NFO,14/08/2024,09:31:08,24401.65,24400.05,175,24403.95,525,25,351750
NIFTY-III.NFO,14/08/2024,09:31:09,24401.65,24400.05,175,24403.95,525,0,351750
NIFTY-III.NFO,14/08/2024,09:31:11,24403,24400.05,175,24403.95,525,25,351750
NIFTY-III.NFO,14/08/2024,09:31:13,24400.05,24400.05,175,24403.95,525,25,351750
NIFTY-III.NFO,14/08/2024,09:31:13,24400.05,24400.05,175,24403.95,525,0,351750
NIFTY-III.NFO,14/08/2024,09:31:14,24400.05,24401.7,175,24403.95,525,0,351750
NIFTY-III.NFO,14/08/2024,09:31:18,24400.05,24402,225,24403.95,525,0,351750
NIFTY-III.NFO,14/08/2024,09:31:25,24400.05,24402,225,24403.9,25,0,351750
NIFTY-III.NFO,14/08/2024,09:31:27,24400.05,24402,225,24403.95,525,0,351750
NIFTY-III.NFO,14/08/2024,09:31:28,24400.05,24400,725,24400.05,175,325,351750
NIFTY-III.NFO,14/08/2024,09:31:30,24400.05,24400,725,24400.05,150,25,351750
NIFTY-III.NFO,14/08/2024,09:31:32,24400.05,24400,725,24400.05,150,0,351750
NIFTY-III.NFO,14/08/2024,09:31:40,24400,24400,700,24400.05,150,25,351750
NIFTY-III.NFO,14/08/2024,09:31:40,24400,24400,700,24400.05,150,0,351750
NIFTY-III.NFO,14/08/2024,09:31:41,24400,24400,675,24400.05,125,50,351750
NIFTY-III.NFO,14/08/2024,09:31:44,24400,24400,600,24400.05,175,50,351750
NIFTY-III.NFO,14/08/2024,09:31:46,24400,24400,225,24400.05,175,375,351750
NIFTY-III.NFO,14/08/2024,09:31:48,24400,24400,225,24400.05,175,0,351750
NIFTY-III.NFO,14/08/2024,09:31:53,24400.05,24400,225,24400.05,150,25,351750
NIFTY-III.NFO,14/08/2024,09:31:54,24400.05,24400.05,175,24403,25,150,351750
NIFTY-III.NFO,14/08/2024,09:31:56,24403,24400.05,150,24404,25,50,351750
NIFTY-III.NFO,14/08/2024,09:31:58,24403,24400.05,150,24405.5,25,0,351750
NIFTY-III.NFO,14/08/2024,09:31:59,24403,24400.2,150,24405.5,25,0,351750
NIFTY-III.NFO,14/08/2024,09:32:01,24403,24401.45,200,24408,25,0,351750
NIFTY-III.NFO,14/08/2024,09:32:03,24403,24403.4,75,24408,25,0,351750
NIFTY-III.NFO,14/08/2024,09:32:06,24403,24403.4,325,24408,25,0,351750
NIFTY-III.NFO,14/08/2024,09:32:08,24403,24403.75,75,24408,25,0,351750
NIFTY-III.NFO,14/08/2024,09:32:09,24404,24404.65,50,24408,25,25,351750
NIFTY-III.NFO,14/08/2024,09:32:11,24404,24403.05,125,24408,25,0,351750
NIFTY-III.NFO,14/08/2024,09:32:14,24403.9,24404.05,25,24408,25,25,351750
NIFTY-III.NFO,14/08/2024,09:32:16,24408,24405.4,100,24413.95,175,25,351750
NIFTY-III.NFO,14/08/2024,09:32:17,24408,24405.75,25,24413.9,100,0,351750
NIFTY-III.NFO,14/08/2024,09:32:19,24408,24405.45,25,24413.65,100,0,351750
NIFTY-III.NFO,14/08/2024,09:32:21,24405.45,24410,100,24413.95,175,25,351750
NIFTY-III.NFO,14/08/2024,09:32:23,24405.45,24410,100,24413.95,175,0,351750
NIFTY-III.NFO,14/08/2024,09:32:25,24405.45,24410,100,24412.55,100,0,351750
NIFTY-III.NFO,14/08/2024,09:32:30,24412.55,24410,100,24412.85,175,25,351750
NIFTY-III.NFO,14/08/2024,09:32:32,24412.55,24410,100,24413.45,175,0,351750
NIFTY-III.NFO,14/08/2024,09:32:33,24412.55,24410,100,24413.95,100,25,351750
NIFTY-III.NFO,14/08/2024,09:32:35,24412.55,24410,100,24413.85,175,0,351750
NIFTY-III.NFO,14/08/2024,09:32:37,24413.75,24410,100,24413.75,175,25,351750
NIFTY-III.NFO,14/08/2024,09:32:38,24410,24405.5,125,24413.55,100,100,351750
NIFTY-III.NFO,14/08/2024,09:32:40,24412.65,24405.5,100,24411.95,100,50,351750
NIFTY-III.NFO,14/08/2024,09:32:42,24412.65,24405.45,50,24411.6,100,0,351750
NIFTY-III.NFO,14/08/2024,09:32:43,24412.65,24405.5,175,24411,100,0,351750
NIFTY-III.NFO,14/08/2024,09:32:45,24412.65,24405.5,175,24411.95,175,0,351750
NIFTY-III.NFO,14/08/2024,09:32:47,24412.65,24405.5,100,24410,125,0,351750
NIFTY-III.NFO,14/08/2024,09:32:55,24405.5,24405.85,75,24410,50,25,351750
NIFTY-III.NFO,14/08/2024,09:32:57,24405.5,24405.85,75,24410,50,0,351750
NIFTY-III.NFO,14/08/2024,09:32:58,24405.5,24405.45,25,24410,50,100,351750
NIFTY-III.NFO,14/08/2024,09:33:00,24410,24410,50,24411.95,175,50,351750
NIFTY-III.NFO,14/08/2024,09:33:02,24405.55,24405.5,275,24405.55,25,150,351750
NIFTY-III.NFO,14/08/2024,09:33:03,24405.55,24405.6,75,24411.95,100,25,351750
NIFTY-III.NFO,14/08/2024,09:33:05,24405.55,24405.6,75,24411.95,100,0,351750
NIFTY-III.NFO,14/08/2024,09:33:13,24405.6,24405.6,50,24411.95,100,25,351750
NIFTY-III.NFO,14/08/2024,09:33:15,24405.6,24405.5,50,24411.95,100,0,351750
NIFTY-III.NFO,14/08/2024,09:33:20,24405.6,24405.5,50,24411.5,100,0,351750
NIFTY-III.NFO,14/08/2024,09:33:24,24405.6,24405.5,50,24410.2,100,0,351750
NIFTY-III.NFO,14/08/2024,09:33:25,24405.6,24405.5,50,24408.35,100,0,351750
NIFTY-III.NFO,14/08/2024,09:33:29,24405.45,24403,25,24406.45,100,75,351750
NIFTY-III.NFO,14/08/2024,09:33:30,24405.45,24403,25,24406.05,100,0,351750
NIFTY-III.NFO,14/08/2024,09:33:32,24405.45,24403,100,24408.35,100,0,351750
NIFTY-III.NFO,14/08/2024,09:33:34,24405.45,24403,100,24409.45,175,0,351750
NIFTY-III.NFO,14/08/2024,09:33:35,24405.45,24403,100,24410.4,100,0,351750
NIFTY-III.NFO,14/08/2024,09:33:37,24405.45,24403.5,75,24410.95,100,0,351750
NIFTY-III.NFO,14/08/2024,09:33:39,24405.45,24403,100,24409.6,100,0,351750
NIFTY-III.NFO,14/08/2024,09:33:40,24405.45,24403,100,24410.55,100,0,351750
NIFTY-III.NFO,14/08/2024,09:33:44,24405.45,24403,25,24406.45,175,0,351750
NIFTY-III.NFO,14/08/2024,09:33:47,24405.45,24403,100,24409.3,175,0,351750
NIFTY-III.NFO,14/08/2024,09:33:49,24405.45,24403,100,24410.7,175,0,351750
NIFTY-III.NFO,14/08/2024,09:33:52,24410.75,24403.05,100,24410.3,100,300,351750
NIFTY-III.NFO,14/08/2024,09:33:54,24410.75,24403.05,100,24410.3,100,0,351750
NIFTY-III.NFO,14/08/2024,09:33:55,24403.05,24403.3,200,24410.3,100,200,352400
NIFTY-III.NFO,14/08/2024,09:33:57,24410.3,24403.35,25,24410.3,100,25,352400
NIFTY-III.NFO,14/08/2024,09:33:59,24410.3,24404.4,275,24410.75,25,0,352400
NIFTY-III.NFO,14/08/2024,09:34:00,24410.3,24404.75,25,24410.75,25,0,352400
NIFTY-III.NFO,14/08/2024,09:34:02,24410.3,24405.45,25,24410.75,25,0,352400
NIFTY-III.NFO,14/08/2024,09:34:04,24410.3,24407,25,24410.75,25,0,352400
NIFTY-III.NFO,14/08/2024,09:34:05,24410.3,24407.2,25,24410.75,25,0,352400
NIFTY-III.NFO,14/08/2024,09:34:12,24410.3,24409.75,25,24410.75,25,0,352400
NIFTY-III.NFO,14/08/2024,09:34:14,24410.3,24409.25,100,24410.3,25,0,352400
NIFTY-III.NFO,14/08/2024,09:34:15,24410.3,24408.35,350,24410.3,25,0,352400
NIFTY-III.NFO,14/08/2024,09:34:17,24410.3,24409,25,24410.3,25,0,352400
NIFTY-III.NFO,14/08/2024,09:34:19,24409,24409.65,250,24410.3,25,50,352400
NIFTY-III.NFO,14/08/2024,09:34:20,24410.75,24410.75,275,24412,50,50,352400
NIFTY-III.NFO,14/08/2024,09:34:22,24410.75,24409,100,24412,50,0,352400
NIFTY-III.NFO,14/08/2024,09:34:24,24410.75,24409.55,75,24412,50,0,352400
NIFTY-III.NFO,14/08/2024,09:34:25,24412,24408.8,75,24412,25,25,352400
NIFTY-III.NFO,14/08/2024,09:34:27,24412,24408.15,75,24412,25,0,352400
NIFTY-III.NFO,14/08/2024,09:34:29,24412,24410.05,325,24412,25,0,352400
NIFTY-III.NFO,14/08/2024,09:34:30,24412,24411.85,200,24415,25,25,352400
NIFTY-III.NFO,14/08/2024,09:34:32,24412,24414.15,275,24415,25,0,352400
NIFTY-III.NFO,14/08/2024,09:34:34,24412,24414.1,200,24415,25,0,352400
NIFTY-III.NFO,14/08/2024,09:34:35,24412,24410.75,300,24415,25,0,352400
NIFTY-III.NFO,14/08/2024,09:34:37,24412,24410.75,300,24414.95,175,0,352400
NIFTY-III.NFO,14/08/2024,09:34:42,24412,24410.75,300,24414.95,100,0,352400
NIFTY-III.NFO,14/08/2024,09:34:44,24412,24412,250,24415,25,0,352400
NIFTY-III.NFO,14/08/2024,09:34:45,24416.2,24410.75,375,24417.95,175,50,352400
NIFTY-III.NFO,14/08/2024,09:34:47,24416.2,24411.85,100,24417.15,100,0,352400
NIFTY-III.NFO,14/08/2024,09:34:50,24416.2,24412.15,75,24417.95,175,0,352400
NIFTY-III.NFO,14/08/2024,09:34:54,24417.95,24411.9,125,24417.9,100,50,352400
NIFTY-III.NFO,14/08/2024,09:34:55,24417.9,24411.9,175,24417.95,175,50,352400
NIFTY-III.NFO,14/08/2024,09:34:57,24417.9,24413.05,175,24417.95,100,0,352400
NIFTY-III.NFO,14/08/2024,09:34:59,24412.5,24412.5,125,24417.95,175,50,352400
NIFTY-III.NFO,14/08/2024,09:35:00,24412.5,24412.85,125,24417.95,175,0,352400
NIFTY-III.NFO,14/08/2024,09:35:02,24412.5,24417.9,25,24418,125,0,352400
NIFTY-III.NFO,14/08/2024,09:35:04,24412.5,24417.9,25,24417.95,100,0,352400
NIFTY-III.NFO,14/08/2024,09:35:05,24412.5,24417.9,25,24418,125,0,352400
NIFTY-III.NFO,14/08/2024,09:35:07,24412.5,24417.9,25,24417.95,100,0,352400
NIFTY-III.NFO,14/08/2024,09:35:09,24417.9,24411.9,50,24417.95,175,25,352400
NIFTY-III.NFO,14/08/2024,09:35:10,24417.9,24411.9,125,24417.95,175,0,352400
NIFTY-III.NFO,14/08/2024,09:35:12,24417.9,24411.85,25,24417.95,175,0,352400
NIFTY-III.NFO,14/08/2024,09:35:14,24411.85,24410.35,50,24417.9,100,25,352400
NIFTY-III.NFO,14/08/2024,09:35:15,24411.85,24410.05,125,24417.2,100,0,352400
NIFTY-III.NFO,14/08/2024,09:35:17,24411.85,24410.05,125,24416.95,100,0,352400
NIFTY-III.NFO,14/08/2024,09:35:19,24411.85,24410.05,50,24410.35,25,0,352400
NIFTY-III.NFO,14/08/2024,09:35:20,24415,24410.45,125,24416.95,100,50,352400
NIFTY-III.NFO,14/08/2024,09:35:23,24415,24410.85,25,24411.85,25,0,352400
NIFTY-III.NFO,14/08/2024,09:35:33,24415,24410.9,50,24411.85,25,0,352400
NIFTY-III.NFO,14/08/2024,09:35:35,24415,24410.9,575,24411.85,25,0,352400
NIFTY-III.NFO,14/08/2024,09:35:37,24415,24410.9,125,24411.85,25,0,352400
NIFTY-III.NFO,14/08/2024,09:35:38,24415,24411.3,50,24411.85,25,0,352400
NIFTY-III.NFO,14/08/2024,09:35:40,24415,24410.9,50,24411.85,25,0,352400
NIFTY-III.NFO,14/08/2024,09:35:43,24411.85,24413.3,50,24417.9,25,25,352400
NIFTY-III.NFO,14/08/2024,09:35:45,24411.85,24413.75,50,24417.9,25,0,352400
NIFTY-III.NFO,14/08/2024,09:35:47,24411.85,24415.85,125,24417.9,25,0,352400
NIFTY-III.NFO,14/08/2024,09:35:48,24418,24419,25,24420,100,150,352400
NIFTY-III.NFO,14/08/2024,09:35:50,24418,24418.4,25,24420,100,0,352400
NIFTY-III.NFO,14/08/2024,09:35:52,24418,24417.95,25,24420,100,0,352400
NIFTY-III.NFO,14/08/2024,09:35:53,24418,24417.05,25,24420,100,0,352400
NIFTY-III.NFO,14/08/2024,09:35:57,24418,24417.15,225,24420,100,0,352400
NIFTY-III.NFO,14/08/2024,09:35:58,24418,24416.5,25,24420,50,0,352400
NIFTY-III.NFO,14/08/2024,09:36:00,24418,24415.3,25,24419.95,175,0,352400
NIFTY-III.NFO,14/08/2024,09:36:02,24418,24415.3,100,24420,50,0,352400
NIFTY-III.NFO,14/08/2024,09:36:04,24418,24411.35,25,24411.85,75,0,352400
NIFTY-III.NFO,14/08/2024,09:36:05,24411.85,24411.9,25,24419.95,175,75,352400
NIFTY-III.NFO,14/08/2024,09:36:07,24411.85,24412.7,100,24419.95,175,0,352400
NIFTY-III.NFO,14/08/2024,09:36:09,24411.85,24413.55,25,24419.95,175,0,352400
NIFTY-III.NFO,14/08/2024,09:36:10,24411.85,24411.9,25,24419.65,100,0,352400
NIFTY-III.NFO,14/08/2024,09:36:12,24411.85,24411.9,25,24419.4,100,0,352400
NIFTY-III.NFO,14/08/2024,09:36:14,24411.85,24410.9,100,24418.45,100,0,352400
NIFTY-III.NFO,14/08/2024,09:36:17,24411.85,24412.75,25,24419.4,100,0,352400
NIFTY-III.NFO,14/08/2024,09:36:22,24411.85,24412.25,25,24419.4,100,0,352400
NIFTY-III.NFO,14/08/2024,09:36:24,24411.1,24411.4,200,24418.5,100,25,352400
NIFTY-III.NFO,14/08/2024,09:36:25,24411.1,24410.85,25,24416.7,100,0,352400
NIFTY-III.NFO,14/08/2024,09:36:27,24411.1,24410.85,25,24416.35,100,0,352400
NIFTY-III.NFO,14/08/2024,09:36:29,24411.1,24410.85,225,24417.25,100,0,352400
NIFTY-III.NFO,14/08/2024,09:36:30,24411.1,24410.85,25,24417.15,175,0,352400
NIFTY-III.NFO,14/08/2024,09:36:32,24411.1,24410.85,25,24415.5,100,0,352400
NIFTY-III.NFO,14/08/2024,09:36:40,24411.1,24410.85,25,24413.65,175,0,352400
NIFTY-III.NFO,14/08/2024,09:36:42,24411.1,24410.85,25,24413.65,300,0,352400
NIFTY-III.NFO,14/08/2024,09:36:44,24410.85,24410,150,24411.8,100,25,352400
NIFTY-III.NFO,14/08/2024,09:36:45,24410,24405,25,24409.25,100,150,352400
NIFTY-III.NFO,14/08/2024,09:36:47,24403,24400.1,50,24403.15,175,50,352400
NIFTY-III.NFO,14/08/2024,09:36:49,24403,24400.1,50,24403.6,175,0,352400
NIFTY-III.NFO,14/08/2024,09:36:50,24403,24400.1,50,24403.55,175,0,352400
NIFTY-III.NFO,14/08/2024,09:36:52,24403,24400.1,50,24401.2,175,0,352400
NIFTY-III.NFO,14/08/2024,09:36:54,24400,24394.9,25,24397.75,100,150,352400
NIFTY-III.NFO,14/08/2024,09:36:55,24400,24394.9,25,24399.65,175,0,352400
NIFTY-III.NFO,14/08/2024,09:36:57,24400,24394.9,25,24396.85,175,0,352400
NIFTY-III.NFO,14/08/2024,09:36:59,24394.9,24394,25,24398.55,175,25,352450
NIFTY-III.NFO,14/08/2024,09:36:59,24394.9,24394,25,24398.55,175,0,352450
NIFTY-III.NFO,14/08/2024,09:37:00,24394.9,24394,100,24400.8,100,0,352450
NIFTY-III.NFO,14/08/2024,09:37:02,24394.9,24394,100,24401.65,100,0,352450
NIFTY-III.NFO,14/08/2024,09:37:04,24394.9,24396.75,75,24403,325,0,352450
NIFTY-III.NFO,14/08/2024,09:37:05,24394.9,24400.65,200,24403,250,0,352450
NIFTY-III.NFO,14/08/2024,09:37:07,24394.9,24399.85,200,24403,250,0,352450
NIFTY-III.NFO,14/08/2024,09:37:09,24394.9,24399.75,200,24403,250,0,352450
NIFTY-III.NFO,14/08/2024,09:37:10,24394.9,24399.25,200,24403,250,0,352450
NIFTY-III.NFO,14/08/2024,09:37:12,24394.9,24398.85,200,24403,250,0,352450
NIFTY-III.NFO,14/08/2024,09:37:14,24394.9,24396.6,75,24402.95,100,0,352450
NIFTY-III.NFO,14/08/2024,09:37:15,24394.9,24395.6,75,24402.45,75,0,352450
NIFTY-III.NFO,14/08/2024,09:37:17,24394.9,24396.35,75,24402.95,100,0,352450
NIFTY-III.NFO,14/08/2024,09:37:19,24394.9,24398.45,250,24403,250,0,352450
NIFTY-III.NFO,14/08/2024,09:37:20,24399.55,24399,200,24403,250,50,352450
NIFTY-III.NFO,14/08/2024,09:37:22,24399.55,24397.45,200,24403,250,0,352450
NIFTY-III.NFO,14/08/2024,09:37:22,24399.55,24397.7,75,24403,250,0,352450
NIFTY-III.NFO,14/08/2024,09:37:24,24399.55,24398,200,24403,250,0,352450
NIFTY-III.NFO,14/08/2024,09:37:25,24399.55,24398,75,24403,250,0,352450
NIFTY-III.NFO,14/08/2024,09:37:27,24399.55,24400.65,200,24403,350,0,352450
NIFTY-III.NFO,14/08/2024,09:37:29,24399.55,24399.85,325,24403,350,0,352450
NIFTY-III.NFO,14/08/2024,09:37:30,24399.55,24399.8,125,24400,25,0,352450
NIFTY-III.NFO,14/08/2024,09:37:32,24400,24401.6,125,24403,350,25,352450
NIFTY-III.NFO,14/08/2024,09:37:33,24400,24400.85,125,24403,350,0,352450
NIFTY-III.NFO,14/08/2024,09:37:35,24400,24400,200,24403,350,0,352450
NIFTY-III.NFO,14/08/2024,09:37:37,24403,24401,325,24403,100,250,352450
NIFTY-III.NFO,14/08/2024,09:37:38,24403,24400.65,75,24403,100,0,352450
NIFTY-III.NFO,14/08/2024,09:37:40,24403,24400,125,24403,100,0,352450
NIFTY-III.NFO,14/08/2024,09:37:43,24403,24400.15,75,24403,100,0,352450
NIFTY-III.NFO,14/08/2024,09:37:45,24405.8,24400.4,75,24408.3,100,175,352450
NIFTY-III.NFO,14/08/2024,09:37:47,24400.4,24400.75,75,24408.2,175,25,352450
NIFTY-III.NFO,14/08/2024,09:37:48,24400.4,24400.85,50,24408.2,175,0,352450
NIFTY-III.NFO,14/08/2024,09:37:50,24400.4,24401.3,125,24408.45,100,0,352450
NIFTY-III.NFO,14/08/2024,09:37:52,24400.4,24402.1,50,24408.45,175,0,352450
NIFTY-III.NFO,14/08/2024,09:37:55,24409.9,24403.45,75,24409.9,100,25,352450
NIFTY-III.NFO,14/08/2024,09:37:57,24409.9,24403.1,150,24407.7,100,0,352450
NIFTY-III.NFO,14/08/2024,09:37:58,24409.9,24402.2,75,24407.7,175,0,352450
NIFTY-III.NFO,14/08/2024,09:38:00,24409.9,24400.05,150,24407.6,100,0,352450
NIFTY-III.NFO,14/08/2024,09:38:01,24409.9,24400.05,75,24406.4,100,0,352450
NIFTY-III.NFO,14/08/2024,09:38:03,24409.9,24400,425,24406.4,100,0,352450
NIFTY-III.NFO,14/08/2024,09:38:05,24409.9,24400,350,24403.5,25,0,352450
NIFTY-III.NFO,14/08/2024,09:38:06,24409.9,24400.05,150,24403.5,25,0,352450
NIFTY-III.NFO,14/08/2024,09:38:08,24409.9,24401.1,325,24407.7,175,0,352450
NIFTY-III.NFO,14/08/2024,09:38:10,24409.9,24401.05,75,24407.7,175,0,352450
NIFTY-III.NFO,14/08/2024,09:38:11,24409.9,24400.05,75,24404,25,0,352450
NIFTY-III.NFO,14/08/2024,09:38:13,24409.9,24400.55,150,24404,25,0,352450
NIFTY-III.NFO,14/08/2024,09:38:15,24400.05,24400.05,100,24404,25,50,352450
NIFTY-III.NFO,14/08/2024,09:38:17,24400.05,24400.05,100,24404,25,0,352450
NIFTY-III.NFO,14/08/2024,09:38:18,24400.05,24400.05,100,24405.4,175,0,352450
NIFTY-III.NFO,14/08/2024,09:38:21,24400.05,24400,350,24403.9,175,0,352450
NIFTY-III.NFO,14/08/2024,09:38:23,24400.05,24400.05,25,24403.95,25,0,352450
NIFTY-III.NFO,14/08/2024,09:38:25,24400.05,24400,350,24403.9,175,0,352450
NIFTY-III.NFO,14/08/2024,09:38:26,24400.05,24400,350,24403.35,200,0,352450
NIFTY-III.NFO,14/08/2024,09:38:28,24400,24400,325,24403.35,25,25,352450
NIFTY-III.NFO,14/08/2024,09:38:30,24400,24400,325,24403.2,100,0,352450
NIFTY-III.NFO,14/08/2024,09:38:33,24400,24400,325,24403.55,100,0,352450
NIFTY-III.NFO,14/08/2024,09:38:34,24400,24400,325,24401.95,25,0,352450
NIFTY-III.NFO,14/08/2024,09:38:36,24400,24400,325,24402.95,100,0,352450
NIFTY-III.NFO,14/08/2024,09:38:39,24400,24400,300,24402.9,100,25,352450
NIFTY-III.NFO,14/08/2024,09:38:41,24400,24400,300,24403.9,175,0,352450
NIFTY-III.NFO,14/08/2024,09:38:42,24400,24400.05,25,24403.95,25,0,352450
NIFTY-III.NFO,14/08/2024,09:38:44,24400,24400.05,100,24405,100,0,352450
NIFTY-III.NFO,14/08/2024,09:38:45,24400,24400.05,25,24403.5,25,0,352450
NIFTY-III.NFO,14/08/2024,09:38:47,24400,24400.05,100,24403.5,25,0,352450
NIFTY-III.NFO,14/08/2024,09:38:49,24400,24400.25,100,24403.5,25,0,352450
NIFTY-III.NFO,14/08/2024,09:38:52,24400,24400.25,450,24403.5,25,0,352450
NIFTY-III.NFO,14/08/2024,09:38:53,24400,24400.85,100,24406.9,175,0,352450
NIFTY-III.NFO,14/08/2024,09:38:57,24400,24400.85,100,24407.1,175,0,352450
NIFTY-III.NFO,14/08/2024,09:38:58,24400,24401.35,25,24408.1,100,0,352450
NIFTY-III.NFO,14/08/2024,09:39:00,24400,24401.7,25,24408,100,0,352450
NIFTY-III.NFO,14/08/2024,09:39:02,24400,24402.45,100,24408,175,0,352450
NIFTY-III.NFO,14/08/2024,09:39:03,24400,24400.25,100,24407.75,100,0,352450
NIFTY-III.NFO,14/08/2024,09:39:05,24400,24400.25,100,24407.6,100,0,352450
NIFTY-III.NFO,14/08/2024,09:39:07,24400,24400.2,25,24403.9,100,0,352450
NIFTY-III.NFO,14/08/2024,09:39:08,24400,24400,300,24403.8,175,75,352450
NIFTY-III.NFO,14/08/2024,09:39:10,24400,24400.05,25,24404.5,175,0,352450
NIFTY-III.NFO,14/08/2024,09:39:12,24400,24400.75,275,24407.25,100,0,352450
NIFTY-III.NFO,14/08/2024,09:39:13,24400,24400.75,25,24406.95,100,0,352450
NIFTY-III.NFO,14/08/2024,09:39:15,24400,24401.2,25,24407.4,100,0,352450
NIFTY-III.NFO,14/08/2024,09:39:17,24400,24400.35,100,24406.55,175,0,352450
NIFTY-III.NFO,14/08/2024,09:39:20,24406.2,24400.05,125,24405.7,100,25,352450
NIFTY-III.NFO,14/08/2024,09:39:22,24406.2,24400.15,50,24405,175,0,352450
NIFTY-III.NFO,14/08/2024,09:39:23,24400,24400,250,24404.05,100,50,352450
NIFTY-III.NFO,14/08/2024,09:39:25,24400,24400.05,125,24405.6,175,25,352450
NIFTY-III.NFO,14/08/2024,09:39:27,24400,24400,225,24405.3,125,0,352450
NIFTY-III.NFO,14/08/2024,09:39:28,24400,24400.05,125,24405.9,100,0,352450
NIFTY-III.NFO,14/08/2024,09:39:30,24400.4,24400.4,25,24406.75,100,25,352450
NIFTY-III.NFO,14/08/2024,09:39:32,24400.4,24400.05,100,24405.9,125,0,352450
NIFTY-III.NFO,14/08/2024,09:39:33,24400.4,24400.05,25,24405.3,125,0,352450
NIFTY-III.NFO,14/08/2024,09:39:35,24400.4,24400,225,24404.65,100,0,352450
NIFTY-III.NFO,14/08/2024,09:39:36,24400.4,24400.05,25,24404.65,100,0,352450
NIFTY-III.NFO,14/08/2024,09:39:38,24400.4,24400,225,24404.65,125,0,352450
NIFTY-III.NFO,14/08/2024,09:39:40,24400.4,24400.75,325,24407.35,100,25,352450
NIFTY-III.NFO,14/08/2024,09:39:41,24400.4,24400.75,75,24407.35,100,0,352450
NIFTY-III.NFO,14/08/2024,09:39:43,24400.4,24403.2,175,24408.5,25,0,352450
NIFTY-III.NFO,14/08/2024,09:39:44,24400.4,24403.85,75,24408.5,25,0,352450
NIFTY-III.NFO,14/08/2024,09:39:46,24400.4,24404.15,325,24408.5,25,0,352450
NIFTY-III.NFO,14/08/2024,09:39:48,24400.4,24404.15,75,24408.5,25,0,352450
NIFTY-III.NFO,14/08/2024,09:39:51,24400.4,24403,250,24408.5,25,0,352450
NIFTY-III.NFO,14/08/2024,09:39:53,24400.4,24404.15,325,24408.5,25,0,352450
NIFTY-III.NFO,14/08/2024,09:39:54,24400.4,24404.2,250,24408.5,25,0,352450
NIFTY-III.NFO,14/08/2024,09:39:56,24404.8,24404.7,175,24408.5,25,50,352375
NIFTY-III.NFO,14/08/2024,09:39:58,24404.8,24403.7,75,24408.5,25,0,352375
NIFTY-III.NFO,14/08/2024,09:39:59,24404.8,24404.75,175,24404.8,25,0,352375
NIFTY-III.NFO,14/08/2024,09:40:01,24404.8,24403.85,650,24404.8,25,0,352375
NIFTY-III.NFO,14/08/2024,09:40:03,24404.8,24403.95,250,24408.5,25,25,352375
NIFTY-III.NFO,14/08/2024,09:40:04,24404.8,24404.95,325,24408.5,25,0,352375
NIFTY-III.NFO,14/08/2024,09:40:06,24404.8,24403.45,325,24408.5,25,0,352375
NIFTY-III.NFO,14/08/2024,09:40:08,24410,24404.8,325,24408.5,25,75,352375
NIFTY-III.NFO,14/08/2024,09:40:09,24402.35,24402.85,75,24408.45,175,1000,352375
NIFTY-III.NFO,14/08/2024,09:40:11,24402.35,24403.15,200,24408.5,25,0,352375
NIFTY-III.NFO,14/08/2024,09:40:13,24402.35,24403.3,450,24408.5,25,0,352375
NIFTY-III.NFO,14/08/2024,09:40:14,24402.35,24404.05,75,24408.5,25,0,352375
NIFTY-III.NFO,14/08/2024,09:40:16,24402.35,24405.9,200,24413.35,100,0,352375
NIFTY-III.NFO,14/08/2024,09:40:18,24402.35,24407.15,325,24413.5,175,0,352375
NIFTY-III.NFO,14/08/2024,09:40:19,24413.5,24407.4,50,24413.5,175,50,352375
NIFTY-III.NFO,14/08/2024,09:40:21,24413.5,24406.55,125,24413.4,125,0,352375
NIFTY-III.NFO,14/08/2024,09:40:23,24413.5,24404.25,50,24410.95,100,0,352375
NIFTY-III.NFO,14/08/2024,09:40:24,24413.5,24403.3,50,24409.9,175,0,352375
NIFTY-III.NFO,14/08/2024,09:40:26,24413.5,24402.75,50,24409.6,100,0,352375
NIFTY-III.NFO,14/08/2024,09:40:28,24413.5,24400.75,125,24408.05,175,0,352375
NIFTY-III.NFO,14/08/2024,09:40:29,24413.5,24405,25,24407.2,100,0,352375
NIFTY-III.NFO,14/08/2024,09:40:31,24413.5,24405.05,125,24410.7,175,0,352375
NIFTY-III.NFO,14/08/2024,09:40:33,24413.5,24405.05,125,24411.6,100,0,352375
NIFTY-III.NFO,14/08/2024,09:40:34,24413.5,24405.75,50,24412.65,175,0,352375
NIFTY-III.NFO,14/08/2024,09:40:36,24413.5,24406.35,50,24412.65,175,0,352375
NIFTY-III.NFO,14/08/2024,09:40:38,24413.5,24405,25,24409.75,100,0,352375
NIFTY-III.NFO,14/08/2024,09:40:39,24413.5,24405.1,50,24411.9,100,0,352375
NIFTY-III.NFO,14/08/2024,09:40:43,24413.5,24406.4,100,24411.9,100,0,352375
NIFTY-III.NFO,14/08/2024,09:40:44,24413.5,24406.45,50,24412.25,100,0,352375
NIFTY-III.NFO,14/08/2024,09:40:46,24413.5,24407.55,50,24413.5,175,0,352375
NIFTY-III.NFO,14/08/2024,09:40:48,24413.5,24407.55,50,24413.5,200,0,352375
NIFTY-III.NFO,14/08/2024,09:40:49,24413.5,24406.45,125,24412.95,100,0,352375
NIFTY-III.NFO,14/08/2024,09:40:51,24413.5,24406.6,125,24413.5,125,0,352375
NIFTY-III.NFO,14/08/2024,09:40:53,24413.5,24409.1,50,24413.5,25,0,352375
NIFTY-III.NFO,14/08/2024,09:40:54,24413.5,24410.05,125,24413.5,25,0,352375
NIFTY-III.NFO,14/08/2024,09:40:56,24413.5,24408.85,125,24413.5,25,0,352375
NIFTY-III.NFO,14/08/2024,09:40:58,24413.5,24409.35,50,24413.5,25,0,352375
NIFTY-III.NFO,14/08/2024,09:40:59,24413.5,24407.7,125,24413.5,200,0,352375
NIFTY-III.NFO,14/08/2024,09:41:01,24413.5,24407.7,50,24413.45,175,0,352375
NIFTY-III.NFO,14/08/2024,09:41:03,24413.5,24407.05,125,24413.25,100,0,352375
NIFTY-III.NFO,14/08/2024,09:41:04,24413.25,24408.1,200,24413.3,25,25,352375
NIFTY-III.NFO,14/08/2024,09:41:06,24413.25,24407.9,150,24413.45,100,0,352375
NIFTY-III.NFO,14/08/2024,09:41:08,24413.25,24408.55,150,24413.5,25,0,352375
NIFTY-III.NFO,14/08/2024,09:41:09,24413.25,24409.95,150,24413.5,25,0,352375
NIFTY-III.NFO,14/08/2024,09:41:11,24412.25,24412,250,24413.55,100,100,352375
NIFTY-III.NFO,14/08/2024,09:41:13,24412,24412.05,25,24413.55,100,25,352375
NIFTY-III.NFO,14/08/2024,09:41:14,24412,24410.4,225,24413.55,100,0,352375
NIFTY-III.NFO,14/08/2024,09:41:16,24412,24410.9,25,24413.55,100,0,352375
NIFTY-III.NFO,14/08/2024,09:41:18,24412,24410.15,225,24413.55,100,0,352375
NIFTY-III.NFO,14/08/2024,09:41:21,24412,24410,550,24413.55,100,0,352375
NIFTY-III.NFO,14/08/2024,09:41:23,24412,24410,550,24413.5,175,0,352375
NIFTY-III.NFO,14/08/2024,09:41:25,24413.65,24410.05,175,24415.75,100,300,352375
NIFTY-III.NFO,14/08/2024,09:41:26,24413.65,24412,50,24416.35,100,0,352375
NIFTY-III.NFO,14/08/2024,09:41:30,24413.65,24412,50,24413.55,175,0,352375
NIFTY-III.NFO,14/08/2024,09:41:31,24412,24410,675,24414.65,100,50,352375
NIFTY-III.NFO,14/08/2024,09:41:33,24412,24410.05,175,24416.35,100,0,352375
NIFTY-III.NFO,14/08/2024,09:41:35,24412,24410.65,100,24417.55,100,0,352375
NIFTY-III.NFO,14/08/2024,09:41:36,24410.65,24410.65,75,24417.55,100,75,352375
NIFTY-III.NFO,14/08/2024,09:41:38,24410.65,24410.05,150,24416.85,100,0,352375
NIFTY-III.NFO,14/08/2024,09:41:43,24410.65,24410.15,75,24416.85,100,0,352375
NIFTY-III.NFO,14/08/2024,09:41:45,24410.65,24410,1175,24416.35,100,0,352375
NIFTY-III.NFO,14/08/2024,09:41:46,24410.65,24410.05,75,24415.6,100,0,352375
NIFTY-III.NFO,14/08/2024,09:41:48,24410.05,24410.05,125,24415.6,100,25,352375
NIFTY-III.NFO,14/08/2024,09:41:50,24410.05,24410.25,125,24410.65,25,0,352375
NIFTY-III.NFO,14/08/2024,09:41:51,24410.65,24411.05,125,24416.85,100,25,352375
NIFTY-III.NFO,14/08/2024,09:41:53,24410.65,24411.05,350,24415,25,0,352375
NIFTY-III.NFO,14/08/2024,09:41:55,24410.65,24411.15,125,24415,25,0,352375
NIFTY-III.NFO,14/08/2024,09:41:56,24410.65,24411.05,125,24415,25,0,352375
NIFTY-III.NFO,14/08/2024,09:41:58,24410.65,24411.05,50,24415,25,0,352375
NIFTY-III.NFO,14/08/2024,09:42:00,24410.65,24411.05,50,24415,100,0,352375
NIFTY-III.NFO,14/08/2024,09:42:01,24410.65,24411,50,24414.95,175,0,352375
NIFTY-III.NFO,14/08/2024,09:42:03,24410.65,24411.05,125,24415,25,0,352375
NIFTY-III.NFO,14/08/2024,09:42:10,24410.65,24411.05,50,24415,25,0,352375
NIFTY-III.NFO,14/08/2024,09:42:11,24410.65,24411.85,125,24415,25,0,352375
NIFTY-III.NFO,14/08/2024,09:42:13,24410.65,24411.55,125,24415,25,0,352375
NIFTY-III.NFO,14/08/2024,09:42:15,24410.65,24413.8,250,24415,25,0,352375
NIFTY-III.NFO,14/08/2024,09:42:16,24416.55,24414.25,25,24419,25,50,352375
NIFTY-III.NFO,14/08/2024,09:42:18,24416.55,24412.3,25,24418.95,175,0,352375
NIFTY-III.NFO,14/08/2024,09:42:20,24416.55,24411.35,100,24418.4,100,0,352375
NIFTY-III.NFO,14/08/2024,09:42:21,24416.55,24411.05,100,24417.7,100,0,352375
NIFTY-III.NFO,14/08/2024,09:42:23,24416.55,24411.05,100,24417.6,175,0,352375
NIFTY-III.NFO,14/08/2024,09:42:24,24416.55,24411,50,24414.05,175,0,352375
NIFTY-III.NFO,14/08/2024,09:42:26,24411,24410,1000,24413.15,100,550,352375
NIFTY-III.NFO,14/08/2024,09:42:28,24411,24410.05,100,24415.8,100,0,352375
NIFTY-III.NFO,14/08/2024,09:42:29,24410.05,24410.05,50,24416.5,175,50,352375
NIFTY-III.NFO,14/08/2024,09:42:31,24410,24410,1050,24415.95,100,25,352375
NIFTY-III.NFO,14/08/2024,09:42:33,24410,24410,950,24416.1,100,25,352375
NIFTY-III.NFO,14/08/2024,09:42:34,24410,24410,950,24415.85,350,0,352375
NIFTY-III.NFO,14/08/2024,09:42:36,24410,24410,950,24414.9,100,0,352375
NIFTY-III.NFO,14/08/2024,09:42:39,24410,24410,925,24414.25,100,25,352375
NIFTY-III.NFO,14/08/2024,09:42:41,24410,24410,925,24414.25,100,0,352375
NIFTY-III.NFO,14/08/2024,09:42:44,24410,24410,875,24414.25,100,50,352375
NIFTY-III.NFO,14/08/2024,09:42:46,24410,24410,825,24413.05,175,50,352375
NIFTY-III.NFO,14/08/2024,09:42:48,24410,24410,825,24412.85,100,0,352375
NIFTY-III.NFO,14/08/2024,09:42:49,24410,24411,25,24412.05,100,0,352375
NIFTY-III.NFO,14/08/2024,09:42:51,24411,24410,825,24412,175,25,352375
NIFTY-III.NFO,14/08/2024,09:42:53,24411,24410,825,24412.3,75,0,352375
NIFTY-III.NFO,14/08/2024,09:42:55,24411,24410,825,24413,100,0,352375
NIFTY-III.NFO,14/08/2024,09:42:56,24411,24410,825,24411.85,100,0,352375
NIFTY-III.NFO,14/08/2024,09:42:58,24410,24410,400,24411.25,100,425,351950
NIFTY-III.NFO,14/08/2024,09:43:00,24410,24410,400,24412.35,100,0,351950
NIFTY-III.NFO,14/08/2024,09:43:01,24410,24411,500,24412.6,325,0,351950
NIFTY-III.NFO,14/08/2024,09:43:03,24410,24411,500,24415,100,0,351950
NIFTY-III.NFO,14/08/2024,09:43:05,24410,24411,500,24415,25,0,351950
NIFTY-III.NFO,14/08/2024,09:43:06,24410,24411,500,24415,100,0,351950
NIFTY-III.NFO,14/08/2024,09:43:08,24410,24411,500,24413.1,325,0,351950
NIFTY-III.NFO,14/08/2024,09:43:10,24411,24411,475,24413,100,25,351950
NIFTY-III.NFO,14/08/2024,09:43:11,24411,24411,475,24414.4,100,0,351950
NIFTY-III.NFO,14/08/2024,09:43:13,24411,24411.05,100,24415,100,0,351950
NIFTY-III.NFO,14/08/2024,09:43:18,24411,24411.05,100,24415,25,0,351950
NIFTY-III.NFO,14/08/2024,09:43:20,24411,24411.05,100,24415,100,0,351950
NIFTY-III.NFO,14/08/2024,09:43:21,24411,24411,475,24413.85,100,0,351950
NIFTY-III.NFO,14/08/2024,09:43:23,24411,24411,475,24413.8,125,0,351950
NIFTY-III.NFO,14/08/2024,09:43:24,24411,24411,475,24413.7,100,0,351950
NIFTY-III.NFO,14/08/2024,09:43:26,24411,24411.05,100,24414.4,25,0,351950
NIFTY-III.NFO,14/08/2024,09:43:29,24411,24411,475,24413.95,25,0,351950
NIFTY-III.NFO,14/08/2024,09:43:31,24411,24411,475,24413.45,100,0,351950
NIFTY-III.NFO,14/08/2024,09:43:33,24411,24411.05,100,24413.45,25,0,351950
NIFTY-III.NFO,14/08/2024,09:43:34,24411,24411.05,100,24413.5,25,0,351950
NIFTY-III.NFO,14/08/2024,09:43:43,24411.05,24411.05,100,24413.5,25,25,351950
NIFTY-III.NFO,14/08/2024,09:43:44,24411.05,24411.05,100,24413.5,25,0,351950
NIFTY-III.NFO,14/08/2024,09:43:46,24411.05,24411.05,175,24413.5,25,0,351950
NIFTY-III.NFO,14/08/2024,09:43:49,24411.05,24411.05,100,24413.5,25,0,351950
NIFTY-III.NFO,14/08/2024,09:43:51,24411.05,24411.45,175,24415,25,0,351950
NIFTY-III.NFO,14/08/2024,09:43:52,24411.05,24411.95,100,24415,25,0,351950
NIFTY-III.NFO,14/08/2024,09:43:54,24411.05,24412.05,100,24415,25,0,351950
NIFTY-III.NFO,14/08/2024,09:43:57,24412.05,24412.05,100,24415,25,25,351950
NIFTY-III.NFO,14/08/2024,09:43:59,24412.05,24412.05,100,24415,25,0,351950
NIFTY-III.NFO,14/08/2024,09:44:01,24415,24415,25,24417.8,125,25,351950
NIFTY-III.NFO,14/08/2024,09:44:02,24415,24415,25,24417.8,125,0,351950
NIFTY-III.NFO,14/08/2024,09:44:04,24415,24415,25,24417.8,50,0,351950
NIFTY-III.NFO,14/08/2024,09:44:06,24415,24415,25,24417.95,75,0,351950
NIFTY-III.NFO,14/08/2024,09:44:09,24415,24415,25,24417.75,50,0,351950
NIFTY-III.NFO,14/08/2024,09:44:11,24415,24415,25,24418.25,75,0,351950
NIFTY-III.NFO,14/08/2024,09:44:12,24415,24415,25,24418.95,50,0,351950
NIFTY-III.NFO,14/08/2024,09:44:14,24415,24415,25,24418.7,125,0,351950
NIFTY-III.NFO,14/08/2024,09:44:16,24415,24415,25,24416.55,50,0,351950
NIFTY-III.NFO,14/08/2024,09:44:17,24415,24415,25,24418.95,50,0,351950
NIFTY-III.NFO,14/08/2024,09:44:19,24415,24415,25,24419,25,0,351950
NIFTY-III.NFO,14/08/2024,09:44:21,24415,24415,25,24418.6,50,0,351950
NIFTY-III.NFO,14/08/2024,09:44:22,24415,24415,25,24418.55,50,0,351950
NIFTY-III.NFO,14/08/2024,09:44:24,24415,24415.05,175,24419,25,0,351950
NIFTY-III.NFO,14/08/2024,09:44:26,24415,24416,400,24419,25,0,351950
NIFTY-III.NFO,14/08/2024,09:44:27,24415,24416,400,24418.95,50,0,351950
NIFTY-III.NFO,14/08/2024,09:44:29,24415,24416,400,24418.8,50,0,351950
NIFTY-III.NFO,14/08/2024,09:44:31,24416,24416,550,24418.7,50,25,351950
NIFTY-III.NFO,14/08/2024,09:44:32,24416,24416,550,24417.4,50,0,351950
NIFTY-III.NFO,14/08/2024,09:44:34,24416,24416,425,24416.05,25,125,351950
NIFTY-III.NFO,14/08/2024,09:44:36,24416,24416,425,24417.85,125,25,351950
NIFTY-III.NFO,14/08/2024,09:44:37,24416,24416,425,24417.4,250,0,351950
NIFTY-III.NFO,14/08/2024,09:44:39,24416,24416,425,24419,25,0,351950
NIFTY-III.NFO,14/08/2024,09:44:41,24419.45,24416.05,175,24419.5,25,75,351950
NIFTY-III.NFO,14/08/2024,09:44:42,24419.45,24416.05,100,24419.5,25,0,351950
NIFTY-III.NFO,14/08/2024,09:44:44,24419.45,24416.05,175,24419.5,25,0,351950
NIFTY-III.NFO,14/08/2024,09:44:46,24419.45,24416.05,100,24419.5,25,0,351950
NIFTY-III.NFO,14/08/2024,09:44:49,24419.45,24416.05,175,24419.5,25,0,351950
NIFTY-III.NFO,14/08/2024,09:44:52,24419.5,24420,225,24422,25,25,351950
NIFTY-III.NFO,14/08/2024,09:44:54,24419.5,24420,225,24422.65,250,0,351950
NIFTY-III.NFO,14/08/2024,09:44:55,24419.5,24420,225,24422.75,250,0,351950
NIFTY-III.NFO,14/08/2024,09:44:57,24419.5,24420,225,24422.95,250,0,351950
NIFTY-III.NFO,14/08/2024,09:44:59,24419.5,24420,225,24423.45,250,0,351950
NIFTY-III.NFO,14/08/2024,09:45:00,24419.5,24420.05,175,24424,25,0,351950
NIFTY-III.NFO,14/08/2024,09:45:05,24419.5,24420.1,100,24424,25,0,351950
NIFTY-III.NFO,14/08/2024,09:45:07,24425,24423.45,175,24425,25,25,351950
NIFTY-III.NFO,14/08/2024,09:45:09,24432,24432.8,100,24435,25,375,351950
NIFTY-III.NFO,14/08/2024,09:45:10,24432,24432.15,100,24435,25,0,351950
NIFTY-III.NFO,14/08/2024,09:45:12,24435,24432.05,200,24436.6,25,25,351950
NIFTY-III.NFO,14/08/2024,09:45:14,24435,24433.7,100,24436.6,25,0,351950
NIFTY-III.NFO,14/08/2024,09:45:15,24435,24432.2,175,24439.25,25,0,351950
NIFTY-III.NFO,14/08/2024,09:45:17,24447,24443.75,100,24449,75,125,351950
NIFTY-III.NFO,14/08/2024,09:45:19,24447,24444.1,100,24449,75,0,351950
NIFTY-III.NFO,14/08/2024,09:45:20,24447,24444.2,175,24449,75,0,351950
NIFTY-III.NFO,14/08/2024,09:45:23,24449,24437.3,100,24444.65,25,25,351950
NIFTY-III.NFO,14/08/2024,09:45:25,24449,24437.2,175,24443.6,25,0,351950
NIFTY-III.NFO,14/08/2024,09:45:27,24449,24435.45,100,24443.5,100,0,351950
NIFTY-III.NFO,14/08/2024,09:45:28,24443.5,24436.85,100,24444.7,75,25,351950
NIFTY-III.NFO,14/08/2024,09:45:30,24443.5,24435.3,175,24443.6,75,0,351950
NIFTY-III.NFO,14/08/2024,09:45:32,24443.5,24436.8,100,24444.4,75,0,351950
NIFTY-III.NFO,14/08/2024,09:45:33,24444.4,24435.35,100,24443.65,500,25,351950
NIFTY-III.NFO,14/08/2024,09:45:35,24442.8,24434.9,100,24442.35,75,25,351950
NIFTY-III.NFO,14/08/2024,09:45:37,24442.8,24433.75,100,24441.65,75,0,351950
NIFTY-III.NFO,14/08/2024,09:45:38,24442.8,24433.75,100,24441.15,75,0,351950
NIFTY-III.NFO,14/08/2024,09:45:40,24442.8,24433.45,125,24440.45,75,0,351950
NIFTY-III.NFO,14/08/2024,09:45:42,24442.8,24438.6,100,24441,25,0,351950
NIFTY-III.NFO,14/08/2024,09:45:43,24442.8,24437.95,100,24441,25,0,351950
NIFTY-III.NFO,14/08/2024,09:45:45,24442.8,24439,100,24441,25,0,351950
NIFTY-III.NFO,14/08/2024,09:45:47,24442.8,24437.15,175,24441,25,0,351950
NIFTY-III.NFO,14/08/2024,09:45:48,24442.8,24436.45,175,24441,25,0,351950
NIFTY-III.NFO,14/08/2024,09:45:50,24442.8,24436.5,100,24441,25,0,351950
NIFTY-III.NFO,14/08/2024,09:45:52,24442.8,24436.2,100,24441,25,0,351950
NIFTY-III.NFO,14/08/2024,09:45:55,24442.8,24436.75,100,24444.25,175,0,351950
NIFTY-III.NFO,14/08/2024,09:45:57,24442.8,24437.5,100,24444.15,75,0,351950
NIFTY-III.NFO,14/08/2024,09:45:58,24442.8,24436.75,100,24443.9,250,0,351950
NIFTY-III.NFO,14/08/2024,09:46:00,24443.5,24436.75,100,24443.9,75,25,352350
NIFTY-III.NFO,14/08/2024,09:46:02,24443.5,24437.85,100,24444.4,250,0,352350
NIFTY-III.NFO,14/08/2024,09:46:03,24437.5,24437.5,100,24444.15,25,25,352350
NIFTY-III.NFO,14/08/2024,09:46:05,24437.5,24435.95,100,24443.45,25,0,352350
NIFTY-III.NFO,14/08/2024,09:46:07,24443.45,24437.85,100,24442.8,25,25,352350
NIFTY-III.NFO,14/08/2024,09:46:08,24443.45,24437.15,100,24442.8,100,0,352350
NIFTY-III.NFO,14/08/2024,09:46:10,24443.45,24436.35,100,24442.8,100,0,352350
NIFTY-III.NFO,14/08/2024,09:46:12,24443.45,24435.1,100,24442.7,175,0,352350
NIFTY-III.NFO,14/08/2024,09:46:13,24443.45,24435.3,100,24442.5,75,0,352350
NIFTY-III.NFO,14/08/2024,09:46:17,24443.45,24436.8,100,24442.8,100,0,352350
NIFTY-III.NFO,14/08/2024,09:46:18,24443.1,24436.8,100,24443.55,75,225,352350
NIFTY-III.NFO,14/08/2024,09:46:20,24443.1,24435.3,175,24440,50,0,352350
NIFTY-III.NFO,14/08/2024,09:46:22,24443.1,24433.5,175,24440,125,0,352350
NIFTY-III.NFO,14/08/2024,09:46:24,24443.1,24437.05,100,24440,50,0,352350
NIFTY-III.NFO,14/08/2024,09:46:27,24443.1,24437,100,24440,50,0,352350
NIFTY-III.NFO,14/08/2024,09:46:29,24443.1,24437.05,100,24440,50,0,352350
NIFTY-III.NFO,14/08/2024,09:46:34,24441.5,24437.05,175,24443.1,100,75,352350
NIFTY-III.NFO,14/08/2024,09:46:35,24441.5,24437.7,100,24443,25,0,352350
NIFTY-III.NFO,14/08/2024,09:46:37,24441.5,24437.15,100,24443,100,0,352350
NIFTY-III.NFO,14/08/2024,09:46:39,24441.5,24437.65,175,24443,100,0,352350
NIFTY-III.NFO,14/08/2024,09:46:40,24441.5,24437.05,175,24442.85,75,0,352350
NIFTY-III.NFO,14/08/2024,09:46:44,24441.5,24437.85,175,24443,25,0,352350
NIFTY-III.NFO,14/08/2024,09:46:45,24441.5,24437.85,175,24443,100,0,352350
NIFTY-III.NFO,14/08/2024,09:46:47,24441.5,24437.85,175,24443,25,0,352350
NIFTY-III.NFO,14/08/2024,09:46:48,24441.5,24439.05,175,24443,25,0,352350
NIFTY-III.NFO,14/08/2024,09:46:50,24441.5,24439.7,100,24441.5,425,0,352350
NIFTY-III.NFO,14/08/2024,09:46:52,24441.5,24441.85,100,24443,25,425,352350
NIFTY-III.NFO,14/08/2024,09:46:53,24443.1,24442.15,175,24448.35,125,50,352350
NIFTY-III.NFO,14/08/2024,09:46:55,24443.1,24441.45,100,24448.9,125,0,352350
NIFTY-III.NFO,14/08/2024,09:46:57,24443.1,24442.7,100,24449,150,0,352350
NIFTY-III.NFO,14/08/2024,09:47:00,24443.1,24444.25,100,24449,50,0,352350
NIFTY-III.NFO,14/08/2024,09:47:02,24443.1,24445.4,100,24449,50,0,352350
NIFTY-III.NFO,14/08/2024,09:47:03,24449,24449.05,100,24449.1,100,50,352350
NIFTY-III.NFO,14/08/2024,09:47:05,24450,24449.8,175,24450,350,275,352350
NIFTY-III.NFO,14/08/2024,09:47:07,24450,24450.8,100,24452.5,50,350,352350
NIFTY-III.NFO,14/08/2024,09:47:08,24452.5,24450.8,100,24452.5,25,25,352350
NIFTY-III.NFO,14/08/2024,09:47:10,24452.5,24451.05,100,24452.5,25,0,352350
NIFTY-III.NFO,14/08/2024,09:47:12,24452.5,24451.05,175,24452.5,25,0,352350
NIFTY-III.NFO,14/08/2024,09:47:13,24452.5,24451.75,100,24452.5,25,0,352350
NIFTY-III.NFO,14/08/2024,09:47:15,24452.5,24451.8,175,24452.5,25,0,352350
NIFTY-III.NFO,14/08/2024,09:47:17,24453,24452.4,175,24456,25,50,352350
NIFTY-III.NFO,14/08/2024,09:47:18,24453,24453.25,175,24456,25,0,352350
NIFTY-III.NFO,14/08/2024,09:47:20,24453,24454.25,250,24456,25,0,352350
NIFTY-III.NFO,14/08/2024,09:47:22,24456,24456.25,250,24460,50,25,352350
NIFTY-III.NFO,14/08/2024,09:47:23,24456,24456.1,100,24460,150,0,352350
NIFTY-III.NFO,14/08/2024,09:47:25,24456,24457.7,100,24460,150,0,352350
NIFTY-III.NFO,14/08/2024,09:47:28,24456,24456.55,100,24460,150,0,352350
NIFTY-III.NFO,14/08/2024,09:47:30,24460,24460.15,325,24464.95,25,150,352350
NIFTY-III.NFO,14/08/2024,09:47:31,24460,24459.55,75,24464.95,100,0,352350
NIFTY-III.NFO,14/08/2024,09:47:33,24460,24458.2,325,24464.95,100,0,352350
NIFTY-III.NFO,14/08/2024,09:47:35,24460,24456.95,75,24463.8,125,0,352350
NIFTY-III.NFO,14/08/2024,09:47:36,24460,24456.2,325,24462.7,50,0,352350
NIFTY-III.NFO,14/08/2024,09:47:38,24460,24456.2,325,24462.75,75,0,352350
NIFTY-III.NFO,14/08/2024,09:47:40,24460,24454.95,200,24461.7,125,25,352350
NIFTY-III.NFO,14/08/2024,09:47:41,24460,24454.2,100,24460,325,0,352350
NIFTY-III.NFO,14/08/2024,09:47:43,24460,24454.75,75,24460,350,0,352350
NIFTY-III.NFO,14/08/2024,09:47:45,24460,24453.95,250,24460,350,0,352350
NIFTY-III.NFO,14/08/2024,09:47:46,24460,24454.6,100,24460,375,0,352350
NIFTY-III.NFO,14/08/2024,09:47:48,24460,24453.1,100,24459.55,125,0,352350
NIFTY-III.NFO,14/08/2024,09:47:50,24453.15,24453.1,75,24459.55,125,75,352350
NIFTY-III.NFO,14/08/2024,09:47:51,24453.15,24453.3,175,24459.55,75,0,352350
NIFTY-III.NFO,14/08/2024,09:47:53,24453.15,24452.6,75,24458.8,125,0,352350
NIFTY-III.NFO,14/08/2024,09:47:55,24453.15,24453.75,250,24455,25,0,352350
NIFTY-III.NFO,14/08/2024,09:47:56,24453.15,24454.4,250,24455,25,0,352350
NIFTY-III.NFO,14/08/2024,09:47:58,24453.15,24453.2,25,24455,25,0,352350
NIFTY-III.NFO,14/08/2024,09:48:00,24453.15,24453.25,25,24455,25,0,352350
NIFTY-III.NFO,14/08/2024,09:48:01,24453.15,24452.65,100,24455,25,0,352350
NIFTY-III.NFO,14/08/2024,09:48:03,24452.05,24452.35,100,24458.65,25,25,352350
NIFTY-III.NFO,14/08/2024,09:48:05,24452.05,24452.05,175,24455.95,25,0,352350
NIFTY-III.NFO,14/08/2024,09:48:06,24452.05,24452,25,24455.95,25,0,352350
NIFTY-III.NFO,14/08/2024,09:48:08,24452.05,24452,25,24452.45,25,0,352350
NIFTY-III.NFO,14/08/2024,09:48:13,24450.85,24451.5,325,24452.45,25,300,352350
NIFTY-III.NFO,14/08/2024,09:48:14,24450.85,24449,25,24452.45,25,0,352350
NIFTY-III.NFO,14/08/2024,09:48:18,24450.85,24449.05,75,24452.45,25,0,352350
NIFTY-III.NFO,14/08/2024,09:48:19,24449.3,24450.15,125,24455,50,50,352350
NIFTY-III.NFO,14/08/2024,09:48:21,24449.3,24449.55,50,24450.85,250,0,352350
NIFTY-III.NFO,14/08/2024,09:48:24,24449.3,24449,25,24450.85,250,0,352350
NIFTY-III.NFO,14/08/2024,09:48:26,24449.3,24449.05,50,24450.85,250,0,352350
NIFTY-III.NFO,14/08/2024,09:48:27,24449.3,24449,25,24450.85,250,0,352350
NIFTY-III.NFO,14/08/2024,09:48:32,24449.3,24450.1,50,24452,50,250,352350
NIFTY-III.NFO,14/08/2024,09:48:34,24449.6,24449.6,200,24452,50,25,352350
NIFTY-III.NFO,14/08/2024,09:48:35,24449.6,24450.35,25,24452,50,0,352350
NIFTY-III.NFO,14/08/2024,09:48:37,24449.6,24450.8,25,24452,50,0,352350
NIFTY-III.NFO,14/08/2024,09:48:39,24450.75,24450.5,25,24452,50,25,352350
NIFTY-III.NFO,14/08/2024,09:48:40,24450.75,24450.75,175,24452,50,0,352350
NIFTY-III.NFO,14/08/2024,09:48:42,24450.75,24450.1,25,24452,50,0,352350
NIFTY-III.NFO,14/08/2024,09:48:44,24450.75,24449.75,250,24452,50,0,352350
NIFTY-III.NFO,14/08/2024,09:48:45,24450.75,24449.8,25,24452,50,0,352350
NIFTY-III.NFO,14/08/2024,09:48:47,24450.75,24450.25,175,24452,50,0,352350
NIFTY-III.NFO,14/08/2024,09:48:48,24450.45,24450.4,250,24452,50,25,352350
NIFTY-III.NFO,14/08/2024,09:48:50,24450.45,24450.9,175,24452,50,0,352350
NIFTY-III.NFO,14/08/2024,09:48:51,24450.8,24451.35,225,24452,50,250,352350
NIFTY-III.NFO,14/08/2024,09:48:53,24450.8,24451.35,225,24452,50,0,352350
NIFTY-III.NFO,14/08/2024,09:48:55,24451.35,24450.95,125,24452,50,100,352350
NIFTY-III.NFO,14/08/2024,09:48:56,24451.35,24449.1,125,24452,50,0,352350
NIFTY-III.NFO,14/08/2024,09:48:59,24451.35,24449,25,24452,50,0,352350
NIFTY-III.NFO,14/08/2024,09:49:03,24451.35,24449,25,24451.95,175,0,352350
NIFTY-III.NFO,14/08/2024,09:49:12,24451.95,24449,25,24450.95,100,25,352750
NIFTY-III.NFO,14/08/2024,09:49:14,24451.95,24449,25,24450.95,175,0,352750
NIFTY-III.NFO,14/08/2024,09:49:16,24450.95,24444.1,75,24450.95,175,25,352750
NIFTY-III.NFO,14/08/2024,09:49:17,24450.95,24444.1,75,24450.95,175,0,352750
NIFTY-III.NFO,14/08/2024,09:49:19,24450.95,24441.95,50,24450,100,0,352750
NIFTY-III.NFO,14/08/2024,09:49:21,24450.95,24438.7,50,24447.3,100,0,352750
NIFTY-III.NFO,14/08/2024,09:49:22,24450.95,24439.35,50,24447,100,0,352750
NIFTY-III.NFO,14/08/2024,09:49:24,24450.95,24440.05,50,24447,100,0,352750
NIFTY-III.NFO,14/08/2024,09:49:26,24450.95,24440.6,50,24448.05,100,0,352750
NIFTY-III.NFO,14/08/2024,09:49:27,24450.95,24439.35,50,24447.4,100,0,352750
NIFTY-III.NFO,14/08/2024,09:49:29,24450.95,24439.35,50,24447.4,225,0,352750
NIFTY-III.NFO,14/08/2024,09:49:31,24450.95,24438.55,50,24446.7,100,0,352750
NIFTY-III.NFO,14/08/2024,09:49:32,24450.95,24438.65,125,24446.7,100,0,352750
NIFTY-III.NFO,14/08/2024,09:49:34,24450.95,24438.75,50,24446.7,100,0,352750
NIFTY-III.NFO,14/08/2024,09:49:36,24450.95,24438.7,50,24446.35,100,0,352750
NIFTY-III.NFO,14/08/2024,09:49:38,24446.35,24438.7,75,24446.35,100,25,352750
NIFTY-III.NFO,14/08/2024,09:49:39,24446.35,24438.7,75,24446.35,100,0,352750
NIFTY-III.NFO,14/08/2024,09:49:41,24446.35,24438.9,75,24446.35,100,0,352750
NIFTY-III.NFO,14/08/2024,09:49:43,24446.35,24438.9,75,24445.85,100,0,352750
NIFTY-III.NFO,14/08/2024,09:49:44,24446.35,24438.4,75,24445.7,100,0,352750
NIFTY-III.NFO,14/08/2024,09:49:46,24446.35,24437.75,75,24445,100,0,352750
NIFTY-III.NFO,14/08/2024,09:49:49,24446.35,24439.4,75,24447.4,100,0,352750
NIFTY-III.NFO,14/08/2024,09:49:51,24446.35,24441.35,75,24448.05,100,0,352750
NIFTY-III.NFO,14/08/2024,09:49:54,24446.35,24440.25,75,24447.65,100,0,352750
NIFTY-III.NFO,14/08/2024,09:49:58,24446.35,24439.55,75,24446.85,100,0,352750
NIFTY-III.NFO,14/08/2024,09:49:59,24446.35,24440,75,24446.95,100,0,352750
NIFTY-III.NFO,14/08/2024,09:50:01,24446.35,24441.1,75,24448.05,100,0,352750
NIFTY-III.NFO,14/08/2024,09:50:03,24446.35,24444.1,150,24446.35,25,0,352750
NIFTY-III.NFO,14/08/2024,09:50:04,24446.35,24447.35,75,24451,50,25,352750
NIFTY-III.NFO,14/08/2024,09:50:06,24446.35,24444.85,150,24451,125,0,352750
NIFTY-III.NFO,14/08/2024,09:50:09,24446.35,24446.5,400,24451,50,0,352750
NIFTY-III.NFO,14/08/2024,09:50:11,24446.35,24445.4,150,24451,50,0,352750
NIFTY-III.NFO,14/08/2024,09:50:13,24446.35,24446.65,75,24451,50,0,352750
NIFTY-III.NFO,14/08/2024,09:50:14,24446.35,24445.8,150,24451,125,0,352750
NIFTY-III.NFO,14/08/2024,09:50:16,24446.35,24445.1,75,24450.95,175,0,352750
NIFTY-III.NFO,14/08/2024,09:50:19,24450.95,24445.6,350,24451,50,25,352750
NIFTY-III.NFO,14/08/2024,09:50:21,24450.95,24445.6,100,24450.95,175,0,352750
NIFTY-III.NFO,14/08/2024,09:50:23,24450.95,24445.75,100,24450.95,100,0,352750
NIFTY-III.NFO,14/08/2024,09:50:27,24450.95,24447.1,100,24451,50,0,352750
NIFTY-III.NFO,14/08/2024,09:50:28,24450.95,24446.2,100,24451,50,0,352750
NIFTY-III.NFO,14/08/2024,09:50:30,24450.95,24445.75,100,24451,50,0,352750
NIFTY-III.NFO,14/08/2024,09:50:33,24450.95,24446.45,100,24451,50,0,352750
NIFTY-III.NFO,14/08/2024,09:50:35,24450.95,24446.6,100,24451,50,0,352750
NIFTY-III.NFO,14/08/2024,09:50:37,24450.95,24447.35,100,24451,50,0,352750
NIFTY-III.NFO,14/08/2024,09:50:38,24450.95,24448.3,175,24451,50,0,352750
NIFTY-III.NFO,14/08/2024,09:50:40,24450.95,24448.15,175,24451,50,0,352750
NIFTY-III.NFO,14/08/2024,09:50:42,24450.95,24449.35,175,24451,50,0,352750
NIFTY-III.NFO,14/08/2024,09:50:43,24450.95,24448.8,100,24451,50,0,352750
NIFTY-III.NFO,14/08/2024,09:50:45,24450.95,24449.95,175,24451,50,0,352750
NIFTY-III.NFO,14/08/2024,09:50:47,24450.95,24450.95,25,24451,50,0,352750
NIFTY-III.NFO,14/08/2024,09:50:48,24451,24451,125,24452.05,25,50,352750
NIFTY-III.NFO,14/08/2024,09:50:50,24451,24450.95,25,24452.05,25,0,352750
NIFTY-III.NFO,14/08/2024,09:50:58,24450.95,24447.9,125,24450.95,50,25,352750
NIFTY-III.NFO,14/08/2024,09:51:00,24450.95,24445.7,150,24450.95,50,0,352750
NIFTY-III.NFO,14/08/2024,09:51:02,24450.95,24446.2,50,24450.95,125,0,352750
NIFTY-III.NFO,14/08/2024,09:51:03,24450.95,24444.9,125,24450.9,175,0,352750
NIFTY-III.NFO,14/08/2024,09:51:05,24450.95,24447.25,50,24450.95,50,0,352750
NIFTY-III.NFO,14/08/2024,09:51:08,24450.95,24446.75,50,24450.95,50,0,352750
NIFTY-III.NFO,14/08/2024,09:51:10,24450.95,24447.05,250,24450.95,50,0,352750
NIFTY-III.NFO,14/08/2024,09:51:12,24450.95,24446.3,125,24450.95,50,0,352750
NIFTY-III.NFO,14/08/2024,09:51:13,24450.95,24447.2,250,24450.95,50,0,352750
NIFTY-III.NFO,14/08/2024,09:51:15,24447.2,24447.5,200,24452,175,50,352750
NIFTY-III.NFO,14/08/2024,09:51:17,24447.2,24448.05,125,24452.05,25,0,352750
NIFTY-III.NFO,14/08/2024,09:51:18,24448.15,24448.4,100,24452.05,25,25,352750
NIFTY-III.NFO,14/08/2024,09:51:20,24448.15,24450.25,300,24452.05,25,0,352750
NIFTY-III.NFO,14/08/2024,09:51:22,24448.15,24449.1,100,24452.05,25,0,352750
NIFTY-III.NFO,14/08/2024,09:51:22,24448.15,24450.3,100,24452.05,25,0,352750
NIFTY-III.NFO,14/08/2024,09:51:24,24448.15,24448.65,25,24452.05,25,0,352750
NIFTY-III.NFO,14/08/2024,09:51:26,24453.55,24448.75,100,24455.45,100,50,352750
NIFTY-III.NFO,14/08/2024,09:51:27,24449.05,24449.05,75,24455.45,100,75,352750
NIFTY-III.NFO,14/08/2024,09:51:29,24449.05,24449.15,150,24455.7,100,0,352750
NIFTY-III.NFO,14/08/2024,09:51:31,24449.05,24449.55,75,24455.7,175,0,352750
NIFTY-III.NFO,14/08/2024,09:51:34,24449.05,24450.1,225,24455.7,175,0,352750
NIFTY-III.NFO,14/08/2024,09:51:35,24449.05,24449.1,150,24455.7,175,0,352750
NIFTY-III.NFO,14/08/2024,09:51:37,24449.05,24449.3,150,24455.7,175,0,352750
NIFTY-III.NFO,14/08/2024,09:51:39,24449.05,24448.45,225,24455.7,175,0,352750
NIFTY-III.NFO,14/08/2024,09:51:40,24449.05,24446.8,225,24455.4,175,0,352750
NIFTY-III.NFO,14/08/2024,09:51:42,24449.05,24446.8,75,24455.4,175,0,352750
NIFTY-III.NFO,14/08/2024,09:51:44,24449.05,24446.8,75,24454.75,100,0,352750
NIFTY-III.NFO,14/08/2024,09:51:45,24449.05,24446.15,75,24454.1,100,0,352750
NIFTY-III.NFO,14/08/2024,09:51:47,24449.05,24445.5,150,24453.6,100,0,352750
NIFTY-III.NFO,14/08/2024,09:51:49,24449.05,24445.05,75,24453.5,175,0,352750
NIFTY-III.NFO,14/08/2024,09:51:51,24449.05,24444.8,225,24452.95,100,0,352750
NIFTY-III.NFO,14/08/2024,09:51:52,24449.05,24445.15,150,24452.95,100,0,352750
NIFTY-III.NFO,14/08/2024,09:51:54,24449.05,24443.85,75,24451.95,100,0,352750
NIFTY-III.NFO,14/08/2024,09:51:57,24449.05,24442.8,75,24451.5,100,0,352750
NIFTY-III.NFO,14/08/2024,09:51:59,24449.05,24442.8,75,24451,350,0,352750
NIFTY-III.NFO,14/08/2024,09:52:01,24449.05,24441.2,75,24449.2,100,0,352750
NIFTY-III.NFO,14/08/2024,09:52:02,24440.75,24440.4,100,24442.8,25,50,352775
NIFTY-III.NFO,14/08/2024,09:52:04,24440.75,24439.7,100,24442.8,25,0,352775
NIFTY-III.NFO,14/08/2024,09:52:07,24440.75,24440.7,175,24442.8,25,0,352775
NIFTY-III.NFO,14/08/2024,09:52:09,24440.75,24439.85,175,24442.8,25,0,352775
NIFTY-III.NFO,14/08/2024,09:52:11,24440.75,24440.05,175,24442.8,25,0,352775
NIFTY-III.NFO,14/08/2024,09:52:12,24442.8,24439.5,175,24444.5,25,25,352775
NIFTY-III.NFO,14/08/2024,09:52:14,24442.8,24439.75,175,24444.5,25,0,352775
NIFTY-III.NFO,14/08/2024,09:52:16,24442.8,24439.8,100,24444.5,25,0,352775
NIFTY-III.NFO,14/08/2024,09:52:17,24442.8,24439.9,100,24444.5,100,0,352775
NIFTY-III.NFO,14/08/2024,09:52:19,24442.8,24439.55,175,24444.5,100,0,352775
NIFTY-III.NFO,14/08/2024,09:52:21,24442.8,24437,175,24444.45,100,0,352775
NIFTY-III.NFO,14/08/2024,09:52:23,24442.8,24437,100,24443.65,350,0,352775
NIFTY-III.NFO,14/08/2024,09:52:25,24442.8,24437,100,24442.4,100,0,352775
NIFTY-III.NFO,14/08/2024,09:52:30,24442.8,24437,100,24441.9,100,0,352775
NIFTY-III.NFO,14/08/2024,09:52:31,24442.8,24437,100,24440.5,100,0,352775
NIFTY-III.NFO,14/08/2024,09:52:33,24437,24435,100,24437.35,100,100,352775
NIFTY-III.NFO,14/08/2024,09:52:35,24437,24435,100,24437.35,100,0,352775
NIFTY-III.NFO,14/08/2024,09:52:36,24437,24435,100,24439.2,100,0,352775
NIFTY-III.NFO,14/08/2024,09:52:38,24437,24435,100,24438.75,175,0,352775
NIFTY-III.NFO,14/08/2024,09:52:40,24437,24435,100,24439.2,100,0,352775
NIFTY-III.NFO,14/08/2024,09:52:41,24437,24435,175,24441.75,100,0,352775
NIFTY-III.NFO,14/08/2024,09:52:43,24435,24435,150,24441.65,175,25,352775
NIFTY-III.NFO,14/08/2024,09:52:45,24435,24435,75,24440.5,100,0,352775
NIFTY-III.NFO,14/08/2024,09:52:46,24435,24435,75,24438.9,100,0,352775
NIFTY-III.NFO,14/08/2024,09:52:48,24435,24435,75,24438.7,100,0,352775
NIFTY-III.NFO,14/08/2024,09:52:50,24435,24435,75,24438.5,350,0,352775
NIFTY-III.NFO,14/08/2024,09:52:51,24435,24435,75,24437.25,100,0,352775
NIFTY-III.NFO,14/08/2024,09:52:56,24430.3,24428.75,175,24436.05,100,100,352775
NIFTY-III.NFO,14/08/2024,09:52:58,24430.3,24427.4,75,24435.45,100,0,352775
NIFTY-III.NFO,14/08/2024,09:53:00,24430.3,24427.55,175,24435.45,100,0,352775
NIFTY-III.NFO,14/08/2024,09:53:01,24430.3,24429.55,175,24437.1,100,0,352775
NIFTY-III.NFO,14/08/2024,09:53:03,24430.3,24429,425,24434,25,0,352775
NIFTY-III.NFO,14/08/2024,09:53:05,24430.3,24429.15,175,24434,25,0,352775
NIFTY-III.NFO,14/08/2024,09:53:06,24429.2,24429.85,150,24434,25,25,352775
NIFTY-III.NFO,14/08/2024,09:53:08,24435.05,24429.85,75,24436.95,100,100,352775
NIFTY-III.NFO,14/08/2024,09:53:10,24435.05,24428.2,75,24435.7,100,0,352775
NIFTY-III.NFO,14/08/2024,09:53:11,24435.05,24428.2,75,24435.45,100,0,352775
NIFTY-III.NFO,14/08/2024,09:53:13,24435.05,24428.95,75,24436.65,100,0,352775
NIFTY-III.NFO,14/08/2024,09:53:15,24436.65,24429.75,75,24437.3,100,75,352775
NIFTY-III.NFO,14/08/2024,09:53:16,24429.75,24429.75,50,24437.3,100,25,352775
NIFTY-III.NFO,14/08/2024,09:53:18,24429.75,24428.1,50,24435.65,100,0,352775
NIFTY-III.NFO,14/08/2024,09:53:20,24429.75,24426.25,50,24433.9,100,0,352775
NIFTY-III.NFO,14/08/2024,09:53:21,24429.75,24418.15,50,24427,100,0,352775
NIFTY-III.NFO,14/08/2024,09:53:23,24415.8,24416.2,150,24424,75,25,352775
NIFTY-III.NFO,14/08/2024,09:53:25,24415.8,24419.55,25,24427,100,0,352775
NIFTY-III.NFO,14/08/2024,09:53:26,24415.8,24420.05,25,24427.15,100,0,352775
NIFTY-III.NFO,14/08/2024,09:53:30,24420.05,24420.35,75,24427.4,100,25,352775
NIFTY-III.NFO,14/08/2024,09:53:31,24420.35,24422.1,75,24429.75,100,25,352775
NIFTY-III.NFO,14/08/2024,09:53:33,24420.35,24422.1,75,24429.4,100,0,352775
NIFTY-III.NFO,14/08/2024,09:53:35,24420.35,24418.85,75,24427.8,100,0,352775
NIFTY-III.NFO,14/08/2024,09:53:36,24420.35,24418.85,75,24427.6,100,0,352775
NIFTY-III.NFO,14/08/2024,09:53:38,24420.35,24418.85,75,24427.05,100,0,352775
NIFTY-III.NFO,14/08/2024,09:53:40,24420.35,24414.4,75,24422.4,100,0,352775
NIFTY-III.NFO,14/08/2024,09:53:41,24420.35,24413.5,75,24421.4,100,0,352775
NIFTY-III.NFO,14/08/2024,09:53:43,24420.35,24416.5,150,24424.6,175,0,352775
NIFTY-III.NFO,14/08/2024,09:53:45,24420.35,24416.5,75,24424.5,100,0,352775
NIFTY-III.NFO,14/08/2024,09:53:46,24420.35,24415.45,75,24422.45,100,0,352775
NIFTY-III.NFO,14/08/2024,09:53:51,24420.35,24412,100,24417.6,100,0,352775
NIFTY-III.NFO,14/08/2024,09:53:53,24412,24410,275,24415.4,175,100,352775
NIFTY-III.NFO,14/08/2024,09:53:55,24412,24410,350,24416.85,100,0,352775
NIFTY-III.NFO,14/08/2024,09:53:56,24412,24410,275,24415.75,100,0,352775
NIFTY-III.NFO,14/08/2024,09:53:58,24412,24410,350,24416.6,100,0,352775
NIFTY-III.NFO,14/08/2024,09:54:00,24412,24410,275,24415,100,0,352775
NIFTY-III.NFO,14/08/2024,09:54:01,24412,24410,275,24414.75,100,0,352775
NIFTY-III.NFO,14/08/2024,09:54:05,24412,24410,350,24416.5,100,0,352775
NIFTY-III.NFO,14/08/2024,09:54:06,24416.95,24410.05,50,24417.55,175,50,352775
NIFTY-III.NFO,14/08/2024,09:54:08,24416.95,24410.05,125,24416,100,0,352775
NIFTY-III.NFO,14/08/2024,09:54:10,24416.95,24410.05,125,24417.05,100,0,352775
NIFTY-III.NFO,14/08/2024,09:54:11,24416.95,24410.15,50,24418.6,175,0,352775
NIFTY-III.NFO,14/08/2024,09:54:13,24416.95,24410.95,50,24419.1,100,0,352775
NIFTY-III.NFO,14/08/2024,09:54:16,24416.95,24411.75,50,24419.85,175,0,352775
NIFTY-III.NFO,14/08/2024,09:54:18,24416.95,24410.1,50,24414,25,0,352775
NIFTY-III.NFO,14/08/2024,09:54:20,24416.95,24410.05,125,24414,25,0,352775
NIFTY-III.NFO,14/08/2024,09:54:23,24416.95,24411.4,50,24414,25,0,352775
NIFTY-III.NFO,14/08/2024,09:54:24,24416.95,24410.1,50,24414,25,0,352775
NIFTY-III.NFO,14/08/2024,09:54:26,24416.95,24410.2,125,24414,25,0,352775
NIFTY-III.NFO,14/08/2024,09:54:28,24416.95,24410.05,125,24414,25,0,352775
NIFTY-III.NFO,14/08/2024,09:54:31,24416.95,24411,50,24414,25,0,352775
NIFTY-III.NFO,14/08/2024,09:54:33,24416.95,24411.15,50,24414,25,0,352775
NIFTY-III.NFO,14/08/2024,09:54:34,24410.25,24410.05,25,24414,25,25,352775
NIFTY-III.NFO,14/08/2024,09:54:36,24410.25,24410,300,24413.95,175,0,352775
NIFTY-III.NFO,14/08/2024,09:54:38,24410.25,24410.05,100,24414,25,0,352775
NIFTY-III.NFO,14/08/2024,09:54:41,24410.25,24410,300,24413.95,100,0,352775
NIFTY-III.NFO,14/08/2024,09:54:43,24410.25,24410,300,24413.95,175,0,352775
NIFTY-III.NFO,14/08/2024,09:54:48,24410.25,24410,300,24413.95,300,0,352775
NIFTY-III.NFO,14/08/2024,09:54:49,24410.25,24410,300,24413.95,175,0,352775
NIFTY-III.NFO,14/08/2024,09:54:51,24410,24410,200,24411.35,100,100,352775
NIFTY-III.NFO,14/08/2024,09:54:53,24401.55,24401.6,100,24409.45,75,275,352775
NIFTY-III.NFO,14/08/2024,09:54:54,24401.55,24401.6,100,24408.4,75,0,352775
NIFTY-III.NFO,14/08/2024,09:54:56,24401.55,24401.6,100,24409.05,75,0,352775
NIFTY-III.NFO,14/08/2024,09:54:59,24401.55,24401.6,100,24408.95,150,0,352775
NIFTY-III.NFO,14/08/2024,09:55:01,24401.6,24401.55,175,24408.45,75,50,352675
NIFTY-III.NFO,14/08/2024,09:55:03,24401.6,24401.55,175,24409.4,75,0,352675
NIFTY-III.NFO,14/08/2024,09:55:04,24401.6,24403.5,100,24409.95,75,0,352675
NIFTY-III.NFO,14/08/2024,09:55:06,24401.6,24402.8,100,24409.95,150,0,352675
NIFTY-III.NFO,14/08/2024,09:55:08,24401.6,24401.8,100,24405,25,0,352675
NIFTY-III.NFO,14/08/2024,09:55:09,24401.6,24402.3,175,24405,25,0,352675
NIFTY-III.NFO,14/08/2024,09:55:13,24401.6,24401.55,175,24405,25,0,352675
NIFTY-III.NFO,14/08/2024,09:55:16,24401.6,24401.5,100,24405,25,0,352675
NIFTY-III.NFO,14/08/2024,09:55:18,24401.6,24401.6,100,24405,25,0,352675
NIFTY-III.NFO,14/08/2024,09:55:19,24401.6,24401.55,175,24405,25,0,352675
NIFTY-III.NFO,14/08/2024,09:55:21,24401,24400,700,24404.25,150,250,352675
NIFTY-III.NFO,14/08/2024,09:55:22,24400,24400,750,24404.95,75,25,352675
NIFTY-III.NFO,14/08/2024,09:55:24,24400,24400.05,100,24404.95,150,0,352675
NIFTY-III.NFO,14/08/2024,09:55:25,24400,24400,675,24404.7,150,0,352675
NIFTY-III.NFO,14/08/2024,09:55:27,24400,24400,650,24402.95,75,25,352675
NIFTY-III.NFO,14/08/2024,09:55:29,24400,24400,650,24401.75,325,0,352675
NIFTY-III.NFO,14/08/2024,09:55:30,24400,24400,675,24401.6,75,25,352675
NIFTY-III.NFO,14/08/2024,09:55:32,24400,24400,650,24400.3,150,25,352675
NIFTY-III.NFO,14/08/2024,09:55:34,24400,24400,625,24400.85,75,25,352675
NIFTY-III.NFO,14/08/2024,09:55:35,24400,24400,600,24400.2,150,25,352675
NIFTY-III.NFO,14/08/2024,09:55:37,24400,24394,25,24398.6,75,600,352675
NIFTY-III.NFO,14/08/2024,09:55:39,24398.8,24394,25,24398.8,75,25,352675
NIFTY-III.NFO,14/08/2024,09:55:40,24398.8,24394,100,24399.8,225,0,352675
NIFTY-III.NFO,14/08/2024,09:55:42,24398.8,24394.05,175,24400.25,225,0,352675
NIFTY-III.NFO,14/08/2024,09:55:44,24398.8,24394.05,175,24400.6,75,0,352675
NIFTY-III.NFO,14/08/2024,09:55:45,24398.8,24394.05,175,24403.25,75,0,352675
NIFTY-III.NFO,14/08/2024,09:55:47,24398.8,24395.35,100,24404.25,75,0,352675
NIFTY-III.NFO,14/08/2024,09:55:49,24398.8,24396.1,100,24405.35,75,0,352675
NIFTY-III.NFO,14/08/2024,09:55:50,24398.8,24396.1,100,24404.8,75,0,352675
NIFTY-III.NFO,14/08/2024,09:55:52,24398.8,24397.1,175,24406.5,75,0,352675
NIFTY-III.NFO,14/08/2024,09:55:54,24398.8,24399.3,100,24408,75,0,352675
NIFTY-III.NFO,14/08/2024,09:55:55,24398.8,24399.3,100,24406.75,75,0,352675
NIFTY-III.NFO,14/08/2024,09:55:57,24398.8,24398.9,100,24406.75,75,0,352675
NIFTY-III.NFO,14/08/2024,09:55:59,24398.8,24398.9,100,24406.75,200,0,352675
NIFTY-III.NFO,14/08/2024,09:56:00,24406.4,24398.9,100,24406.4,75,25,352675
NIFTY-III.NFO,14/08/2024,09:56:02,24406.4,24398.85,175,24405.65,75,0,352675
NIFTY-III.NFO,14/08/2024,09:56:04,24405.65,24398.85,175,24406.75,75,25,352675
NIFTY-III.NFO,14/08/2024,09:56:05,24405.65,24399.3,100,24407.45,75,0,352675
NIFTY-III.NFO,14/08/2024,09:56:08,24405.65,24399.3,125,24407.45,75,0,352675
NIFTY-III.NFO,14/08/2024,09:56:10,24405.65,24400.1,100,24410,100,0,352675
NIFTY-III.NFO,14/08/2024,09:56:12,24405.65,24401.5,100,24409.5,300,0,352675
NIFTY-III.NFO,14/08/2024,09:56:13,24405.65,24401.5,100,24408.7,225,0,352675
NIFTY-III.NFO,14/08/2024,09:56:15,24405.65,24398.85,175,24405.8,75,0,352675
NIFTY-III.NFO,14/08/2024,09:56:17,24405.65,24399.05,100,24407.8,75,0,352675
NIFTY-III.NFO,14/08/2024,09:56:19,24405.65,24400.1,100,24408.75,75,0,352675
NIFTY-III.NFO,14/08/2024,09:56:20,24405.65,24400.1,100,24407.85,300,0,352675
NIFTY-III.NFO,14/08/2024,09:56:22,24405.65,24399.4,100,24407.2,300,0,352675
NIFTY-III.NFO,14/08/2024,09:56:26,24405.65,24398.85,100,24404.95,300,0,352675
NIFTY-III.NFO,14/08/2024,09:56:27,24405.65,24398.85,175,24404.95,75,0,352675
NIFTY-III.NFO,14/08/2024,09:56:29,24405.65,24398.85,175,24405.75,75,0,352675
NIFTY-III.NFO,14/08/2024,09:56:32,24405.65,24398.85,175,24406,300,0,352675
NIFTY-III.NFO,14/08/2024,09:56:34,24405.65,24398.85,175,24406.8,325,0,352675
NIFTY-III.NFO,14/08/2024,09:56:36,24405.65,24398.8,750,24404.75,325,0,352675
NIFTY-III.NFO,14/08/2024,09:56:37,24405.65,24398.85,175,24404.5,75,0,352675
NIFTY-III.NFO,14/08/2024,09:56:39,24398.85,24398.8,750,24404.25,25,25,352675
NIFTY-III.NFO,14/08/2024,09:56:41,24398.85,24398.8,750,24404.1,25,0,352675
NIFTY-III.NFO,14/08/2024,09:56:42,24398.85,24398.8,750,24403.3,25,0,352675
NIFTY-III.NFO,14/08/2024,09:56:44,24398.85,24398.8,750,24401.8,25,0,352675
NIFTY-III.NFO,14/08/2024,09:56:46,24398.85,24398.8,750,24402.95,100,0,352675
NIFTY-III.NFO,14/08/2024,09:56:47,24398.85,24398.8,750,24404.15,25,0,352675
NIFTY-III.NFO,14/08/2024,09:56:49,24398.85,24398.85,100,24404.15,25,0,352675
NIFTY-III.NFO,14/08/2024,09:56:51,24398.85,24398.85,175,24404.75,100,0,352675
NIFTY-III.NFO,14/08/2024,09:56:52,24398.85,24398.8,750,24403.7,25,0,352675
NIFTY-III.NFO,14/08/2024,09:56:54,24398.85,24398.8,750,24401.8,25,0,352675
NIFTY-III.NFO,14/08/2024,09:56:56,24398.85,24398.8,750,24401.9,350,0,352675
NIFTY-III.NFO,14/08/2024,09:56:57,24398.85,24398.8,750,24402.05,100,0,352675
NIFTY-III.NFO,14/08/2024,09:56:59,24398.85,24398.8,750,24401.8,250,0,352675
NIFTY-III.NFO,14/08/2024,09:57:01,24398.85,24398.8,750,24403.5,100,0,352675
NIFTY-III.NFO,14/08/2024,09:57:02,24398.85,24398.85,100,24403.65,100,0,352675
NIFTY-III.NFO,14/08/2024,09:57:04,24398.85,24398.8,750,24403.5,100,0,352675
NIFTY-III.NFO,14/08/2024,09:57:05,24398.85,24398.85,100,24403.6,100,0,352675
NIFTY-III.NFO,14/08/2024,09:57:07,24398.85,24398.85,175,24404.35,350,0,352675
NIFTY-III.NFO,14/08/2024,09:57:09,24398.85,24398.85,175,24404.75,25,0,352675
NIFTY-III.NFO,14/08/2024,09:57:12,24398.85,24398.85,175,24404.8,200,0,352675
NIFTY-III.NFO,14/08/2024,09:57:14,24404.8,24398.85,200,24404.8,150,50,352675
NIFTY-III.NFO,14/08/2024,09:57:15,24404.8,24398.85,950,24404.75,100,0,352675
NIFTY-III.NFO,14/08/2024,09:57:17,24404.8,24398.85,775,24402.3,100,0,352675
NIFTY-III.NFO,14/08/2024,09:57:19,24404.8,24398.9,100,24403.25,225,0,352675
NIFTY-III.NFO,14/08/2024,09:57:20,24404.8,24398.9,175,24404.8,125,25,352675
NIFTY-III.NFO,14/08/2024,09:57:23,24404.8,24398.9,175,24404.75,25,0,352675
NIFTY-III.NFO,14/08/2024,09:57:25,24404.8,24403.85,25,24404.75,25,0,352675
NIFTY-III.NFO,14/08/2024,09:57:27,24398.9,24398.9,175,24403.75,50,25,352675
