Ticker,Date,Time,LTP,BuyPrice,BuyQty,SellPrice,SellQty,LTQ,OpenInterest
BANKNIFTY-I.NFO,06/05/2025,09:15:01,55050.6,55039.8,30,55058.4,60,1470,2177730
BANKNIFTY-I.NFO,06/05/2025,09:15:01,55045.4,55039.8,30,55058.4,60,0,2177730
BANKNIFTY-I.NFO,06/05/2025,09:15:01,55050.6,55039.8,30,55058.4,60,0,2177730
BANKNIFTY-I.NFO,06/05/2025,09:15:01,55036.2,55039.8,30,55058.4,60,0,2177730
BANKNIFTY-I.NFO,06/05/2025,09:15:02,55091.4,55080.8,30,55095.6,210,450,2177730
BANKNIFTY-I.NFO,06/05/2025,09:15:02,55091.4,55080.8,30,55095.6,210,0,2177730
BANKNIFTY-I.NFO,06/05/2025,09:15:03,55140,55133.8,150,55161.6,60,870,2177730
BANKNIFTY-I.NFO,06/05/2025,09:15:03,55140,55133.8,150,55161.6,60,0,2177730
BANKNIFTY-I.NFO,06/05/2025,09:15:04,55165,55148.4,90,55174.4,60,900,2177730
BANKNIFTY-I.NFO,06/05/2025,09:15:04,55165,55148.4,90,55174.4,60,0,2177730
BANKNIFTY-I.NFO,06/05/2025,09:15:05,55158,55152.2,30,55162.6,60,1830,2177730
BANKNIFTY-I.NFO,06/05/2025,09:15:05,55182,55152.2,30,55162.6,60,0,2177730
BANKNIFTY-I.NFO,06/05/2025,09:15:07,55134.2,55124.4,60,55138.6,30,780,2177730
BANKNIFTY-I.NFO,06/05/2025,09:15:07,55142.6,55115.2,60,55142.6,60,60,2177730
BANKNIFTY-I.NFO,06/05/2025,09:15:09,55115.2,55115.2,30,55127.4,30,180,2177730
BANKNIFTY-I.NFO,06/05/2025,09:15:10,55120,55100.8,60,55127.4,90,420,2177730
BANKNIFTY-I.NFO,06/05/2025,09:15:10,55120,55100.8,60,55127.4,90,0,2177730
BANKNIFTY-I.NFO,06/05/2025,09:15:11,55107.6,55085,60,55105.4,30,390,2177730
BANKNIFTY-I.NFO,06/05/2025,09:15:12,55104,55084.4,30,55103.4,210,30,2177730
BANKNIFTY-I.NFO,06/05/2025,09:15:13,55097.2,55068.6,60,55095.8,30,510,2177730
BANKNIFTY-I.NFO,06/05/2025,09:15:15,55093,55091.8,30,55092.2,30,240,2177730
BANKNIFTY-I.NFO,06/05/2025,09:15:15,55091.8,55067.8,30,55092.2,150,90,2177730
BANKNIFTY-I.NFO,06/05/2025,09:15:16,55064.8,55064,30,55077.8,30,60,2177730
BANKNIFTY-I.NFO,06/05/2025,09:15:17,55077.4,55059,30,55077.6,150,60,2177730
BANKNIFTY-I.NFO,06/05/2025,09:15:18,55077.4,55059,30,55068.4,30,0,2177730
BANKNIFTY-I.NFO,06/05/2025,09:15:19,55053,55051,60,55068.4,150,210,2177730
BANKNIFTY-I.NFO,06/05/2025,09:15:20,55068.4,55051,60,55068.4,150,180,2177730
BANKNIFTY-I.NFO,06/05/2025,09:15:21,55051,55051,60,55060,120,60,2177730
BANKNIFTY-I.NFO,06/05/2025,09:15:23,55027,55021.2,60,55036.8,30,210,2177730
BANKNIFTY-I.NFO,06/05/2025,09:15:23,55027,55021.2,60,55036.8,30,0,2177730
BANKNIFTY-I.NFO,06/05/2025,09:15:24,55035.2,55021.2,30,55031.6,30,30,2177730
BANKNIFTY-I.NFO,06/05/2025,09:15:25,55001.2,55001,180,55015.4,60,750,2177730
BANKNIFTY-I.NFO,06/05/2025,09:15:25,55001.2,55001,180,55015.4,60,0,2177730
BANKNIFTY-I.NFO,06/05/2025,09:15:26,55000,55000,30,55013,30,420,2177730
BANKNIFTY-I.NFO,06/05/2025,09:15:26,55000,55000,30,55013,30,0,2177730
BANKNIFTY-I.NFO,06/05/2025,09:15:28,55000.6,55000,30,55016.4,120,120,2178120
BANKNIFTY-I.NFO,06/05/2025,09:15:29,55000.6,55006.4,90,55020.4,30,0,2178120
BANKNIFTY-I.NFO,06/05/2025,09:15:30,55007.4,55001.2,60,55015,90,60,2178120
BANKNIFTY-I.NFO,06/05/2025,09:15:31,55004.4,55004.6,180,55015,30,300,2178120
BANKNIFTY-I.NFO,06/05/2025,09:15:33,54990,54972.2,120,54990,120,300,2178120
BANKNIFTY-I.NFO,06/05/2025,09:15:33,54990,54972.2,120,54990,120,0,2178120
BANKNIFTY-I.NFO,06/05/2025,09:15:34,54983.4,54983.4,60,55004.6,30,270,2178120
BANKNIFTY-I.NFO,06/05/2025,09:15:34,54972.2,54983.4,60,55004.6,30,0,2178120
BANKNIFTY-I.NFO,06/05/2025,09:15:35,55014.8,55007.8,90,55020.6,30,120,2178120
BANKNIFTY-I.NFO,06/05/2025,09:15:36,55031.2,55023.4,30,55031.4,90,360,2178120
BANKNIFTY-I.NFO,06/05/2025,09:15:37,55046,55024.4,60,55045.6,60,570,2178120
BANKNIFTY-I.NFO,06/05/2025,09:15:39,55020.6,55011.2,30,55028.4,60,60,2178120
BANKNIFTY-I.NFO,06/05/2025,09:15:40,55040,55020.8,30,55040,120,1680,2178120
BANKNIFTY-I.NFO,06/05/2025,09:15:41,55021.8,55015.4,150,55035.8,60,60,2178120
BANKNIFTY-I.NFO,06/05/2025,09:15:42,55042.2,55025,60,55042.4,60,180,2178120
BANKNIFTY-I.NFO,06/05/2025,09:15:44,55027.4,55037.4,30,55046,30,90,2178120
BANKNIFTY-I.NFO,06/05/2025,09:15:45,55050,55046,150,55051.2,30,300,2178120
BANKNIFTY-I.NFO,06/05/2025,09:15:46,55068.4,55055.8,30,55068.4,60,180,2178120
BANKNIFTY-I.NFO,06/05/2025,09:15:47,55069.8,55054,30,55069.8,90,270,2178120
BANKNIFTY-I.NFO,06/05/2025,09:15:49,55070,55062.2,30,55070,330,60,2178120
BANKNIFTY-I.NFO,06/05/2025,09:15:50,55079.4,55056.2,30,55065,30,360,2178120
BANKNIFTY-I.NFO,06/05/2025,09:15:51,55076,55055.8,60,55074.4,60,150,2178120
BANKNIFTY-I.NFO,06/05/2025,09:15:52,55056.6,55059,60,55078.6,60,60,2178120
BANKNIFTY-I.NFO,06/05/2025,09:15:54,55068.4,55068.4,30,55078.8,30,60,2178120
BANKNIFTY-I.NFO,06/05/2025,09:15:55,55076,55076,330,55078.8,30,60,2178120
BANKNIFTY-I.NFO,06/05/2025,09:15:56,55076,55076,120,55078.8,30,210,2178120
BANKNIFTY-I.NFO,06/05/2025,09:15:57,55076,55076,90,55078.8,30,30,2178120
BANKNIFTY-I.NFO,06/05/2025,09:15:58,55075.8,55063,30,55075.8,60,270,2178120
BANKNIFTY-I.NFO,06/05/2025,09:16:00,55069,55073.4,120,55079,30,90,2178120
BANKNIFTY-I.NFO,06/05/2025,09:16:01,55086.8,55088.4,60,55108.4,60,630,2178120
BANKNIFTY-I.NFO,06/05/2025,09:16:02,55124.4,55115.4,150,55125,30,420,2178120
BANKNIFTY-I.NFO,06/05/2025,09:16:03,55139.4,55139.4,60,55150,90,570,2178120
BANKNIFTY-I.NFO,06/05/2025,09:16:05,55163.2,55150.2,90,55163.8,30,810,2178120
BANKNIFTY-I.NFO,06/05/2025,09:16:06,55161.8,55164.4,90,55174.2,60,390,2178120
BANKNIFTY-I.NFO,06/05/2025,09:16:07,55177.6,55179.2,90,55189.8,30,1500,2178120
BANKNIFTY-I.NFO,06/05/2025,09:16:07,55188.4,55179.2,90,55189.8,30,0,2178120
BANKNIFTY-I.NFO,06/05/2025,09:16:08,55142.2,55141.4,180,55155.2,60,630,2178120
BANKNIFTY-I.NFO,06/05/2025,09:16:08,55190,55141.4,180,55155.2,60,0,2178120
BANKNIFTY-I.NFO,06/05/2025,09:16:10,55190,55171.8,30,55184,30,720,2178120
BANKNIFTY-I.NFO,06/05/2025,09:16:11,55170.2,55154.4,30,55172.4,90,240,2178120
BANKNIFTY-I.NFO,06/05/2025,09:16:11,55197.8,55154.4,30,55172.4,90,0,2178120
BANKNIFTY-I.NFO,06/05/2025,09:16:12,55154.6,55154.8,30,55163.8,30,270,2178120
BANKNIFTY-I.NFO,06/05/2025,09:16:13,55163.8,55163.2,300,55175.8,30,30,2178120
BANKNIFTY-I.NFO,06/05/2025,09:16:15,55164.8,55164.8,30,55184.2,60,690,2178120
BANKNIFTY-I.NFO,06/05/2025,09:16:16,55190,55183.2,30,55190,270,150,2178120
BANKNIFTY-I.NFO,06/05/2025,09:16:17,55185.6,55188.8,30,55197.8,60,960,2178120
BANKNIFTY-I.NFO,06/05/2025,09:16:17,55200,55188.8,30,55197.8,60,0,2178120
BANKNIFTY-I.NFO,06/05/2025,09:16:18,55176.2,55176.8,30,55190,30,150,2178120
BANKNIFTY-I.NFO,06/05/2025,09:16:18,55205.8,55176.8,30,55190,30,0,2178120
BANKNIFTY-I.NFO,06/05/2025,09:16:20,55169.8,55158,30,55176.4,90,630,2178120
BANKNIFTY-I.NFO,06/05/2025,09:16:21,55172,55154.6,120,55173.6,150,540,2178120
BANKNIFTY-I.NFO,06/05/2025,09:16:22,55168.6,55154.8,30,55161.6,150,60,2178120
BANKNIFTY-I.NFO,06/05/2025,09:16:23,55134.4,55133.8,90,55153.6,120,240,2178120
BANKNIFTY-I.NFO,06/05/2025,09:16:25,55148,55133.8,90,55148,90,60,2178120
BANKNIFTY-I.NFO,06/05/2025,09:16:26,55133.8,55123.8,30,55135.2,120,180,2178120
BANKNIFTY-I.NFO,06/05/2025,09:16:27,55134.4,55118.2,120,55140,30,330,2178120
BANKNIFTY-I.NFO,06/05/2025,09:16:28,55165.4,55146,120,55164.2,60,210,2178120
BANKNIFTY-I.NFO,06/05/2025,09:16:30,55162.4,55148.8,30,55159.4,60,150,2178120
BANKNIFTY-I.NFO,06/05/2025,09:16:31,55150.4,55149.8,150,55172.4,120,2430,2178120
BANKNIFTY-I.NFO,06/05/2025,09:16:32,55145.8,55139.6,30,55145.8,30,300,2178120
BANKNIFTY-I.NFO,06/05/2025,09:16:33,55155.2,55139.8,30,55152.8,60,90,2178120
BANKNIFTY-I.NFO,06/05/2025,09:16:35,55148.8,55151.8,120,55171.4,180,60,2178120
BANKNIFTY-I.NFO,06/05/2025,09:16:36,55166.8,55151.8,30,55168.6,60,60,2178120
BANKNIFTY-I.NFO,06/05/2025,09:16:37,55148.2,55151.8,30,55168.6,60,270,2178120
BANKNIFTY-I.NFO,06/05/2025,09:16:38,55151.8,55151.8,60,55167.4,90,30,2178120
BANKNIFTY-I.NFO,06/05/2025,09:16:40,55134.2,55133.8,30,55141.4,60,300,2178120
BANKNIFTY-I.NFO,06/05/2025,09:16:41,55126,55130,300,55140.2,30,420,2178120
BANKNIFTY-I.NFO,06/05/2025,09:16:42,55150.2,55130.2,120,55139.8,90,720,2178120
BANKNIFTY-I.NFO,06/05/2025,09:16:44,55130,55114.2,120,55133.6,120,270,2178120
BANKNIFTY-I.NFO,06/05/2025,09:16:45,55133.8,55125.4,90,55139.8,90,450,2178120
BANKNIFTY-I.NFO,06/05/2025,09:16:46,55139.6,55124.6,120,55139.6,150,60,2178120
BANKNIFTY-I.NFO,06/05/2025,09:16:47,55130,55124.6,30,55139.4,150,90,2178120
BANKNIFTY-I.NFO,06/05/2025,09:16:49,55139.6,55132.2,120,55139.6,90,60,2178120
BANKNIFTY-I.NFO,06/05/2025,09:16:50,55139.8,55135.4,120,55142.2,150,180,2178120
BANKNIFTY-I.NFO,06/05/2025,09:16:51,55134,55135.4,30,55142.2,150,270,2178120
BANKNIFTY-I.NFO,06/05/2025,09:16:52,55120,55120.2,60,55135,30,570,2178120
BANKNIFTY-I.NFO,06/05/2025,09:16:54,55135,55120.4,30,55139.6,180,60,2178120
BANKNIFTY-I.NFO,06/05/2025,09:16:55,55126.6,55112,30,55126.6,150,90,2178120
BANKNIFTY-I.NFO,06/05/2025,09:16:56,55126.6,55112,30,55120,30,0,2178120
BANKNIFTY-I.NFO,06/05/2025,09:16:57,55104.8,55088,30,55104.6,120,480,2178120
BANKNIFTY-I.NFO,06/05/2025,09:16:59,55082.2,55086.4,60,55104.6,150,240,2178120
BANKNIFTY-I.NFO,06/05/2025,09:17:00,55090.2,55090,60,55104.8,60,240,2178120
BANKNIFTY-I.NFO,06/05/2025,09:17:01,55113,55113.6,30,55119.8,300,240,2178120
BANKNIFTY-I.NFO,06/05/2025,09:17:02,55119.8,55116.8,30,55119.8,240,60,2178120
BANKNIFTY-I.NFO,06/05/2025,09:17:04,55122.2,55123.4,30,55135,30,480,2178120
BANKNIFTY-I.NFO,06/05/2025,09:17:05,55123.4,55123.4,90,55135,30,240,2178120
BANKNIFTY-I.NFO,06/05/2025,09:17:06,55105.2,55103.6,60,55125.2,150,120,2178120
BANKNIFTY-I.NFO,06/05/2025,09:17:07,55120,55100.6,60,55120,90,120,2178120
BANKNIFTY-I.NFO,06/05/2025,09:17:09,55091.2,55100.6,60,55113.2,120,300,2178120
BANKNIFTY-I.NFO,06/05/2025,09:17:10,55110.6,55100.6,30,55109.8,150,150,2178120
BANKNIFTY-I.NFO,06/05/2025,09:17:11,55100,55093,30,55109.8,120,150,2178120
BANKNIFTY-I.NFO,06/05/2025,09:17:12,55101,55100,30,55115,120,30,2178120
BANKNIFTY-I.NFO,06/05/2025,09:17:14,55101,55100,60,55111.8,150,0,2178120
BANKNIFTY-I.NFO,06/05/2025,09:17:15,55111,55100,120,55111,120,60,2178120
BANKNIFTY-I.NFO,06/05/2025,09:17:16,55094,55082.2,30,55094,90,240,2178120
BANKNIFTY-I.NFO,06/05/2025,09:17:17,55094.4,55082.4,90,55098.2,120,60,2178120
BANKNIFTY-I.NFO,06/05/2025,09:17:19,55098.2,55082.4,90,55098.2,60,60,2178120
BANKNIFTY-I.NFO,06/05/2025,09:17:20,55103,55085,30,55099.8,150,90,2178120
BANKNIFTY-I.NFO,06/05/2025,09:17:21,55090,55090,30,55099.4,120,60,2178120
BANKNIFTY-I.NFO,06/05/2025,09:17:22,55098.2,55090,180,55104.6,120,30,2178120
BANKNIFTY-I.NFO,06/05/2025,09:17:24,55090,55090.4,30,55107,120,120,2178120
BANKNIFTY-I.NFO,06/05/2025,09:17:25,55090,55090.4,150,55107.8,120,0,2178120
BANKNIFTY-I.NFO,06/05/2025,09:17:26,55108.6,55106.4,120,55108.6,30,120,2178120
BANKNIFTY-I.NFO,06/05/2025,09:17:27,55110.6,55109,120,55113,30,1530,2178120
BANKNIFTY-I.NFO,06/05/2025,09:17:29,55119.8,55116.4,120,55120,60,210,2178120
BANKNIFTY-I.NFO,06/05/2025,09:17:30,55119.8,55119.4,30,55120,60,0,2178120
BANKNIFTY-I.NFO,06/05/2025,09:17:31,55122.2,55120.6,180,55123.4,30,90,2178120
BANKNIFTY-I.NFO,06/05/2025,09:17:32,55125,55121.4,120,55135,30,60,2178120
BANKNIFTY-I.NFO,06/05/2025,09:17:33,55125,55122,90,55135,30,0,2178120
BANKNIFTY-I.NFO,06/05/2025,09:17:35,55122.4,55122.2,60,55135,30,30,2178120
BANKNIFTY-I.NFO,06/05/2025,09:17:36,55122.4,55122.2,240,55135,30,0,2178120
BANKNIFTY-I.NFO,06/05/2025,09:17:37,55122.4,55122.8,30,55125,30,0,2178120
BANKNIFTY-I.NFO,06/05/2025,09:17:38,55125,55123.2,60,55135,30,30,2178120
BANKNIFTY-I.NFO,06/05/2025,09:17:40,55125,55123.2,240,55135,30,0,2178120
BANKNIFTY-I.NFO,06/05/2025,09:17:41,55116.2,55108.6,30,55115.2,150,510,2178120
BANKNIFTY-I.NFO,06/05/2025,09:17:42,55113.4,55100,30,55113.4,120,150,2178120
BANKNIFTY-I.NFO,06/05/2025,09:17:43,55111,55094,30,55111.4,90,60,2178120
BANKNIFTY-I.NFO,06/05/2025,09:17:45,55111,55095.4,120,55114.4,150,0,2178120
BANKNIFTY-I.NFO,06/05/2025,09:17:46,55120,55114,30,55125,60,30,2178120
BANKNIFTY-I.NFO,06/05/2025,09:17:47,55120,55114.2,120,55125,60,0,2178120
BANKNIFTY-I.NFO,06/05/2025,09:17:48,55125,55114.2,90,55125.8,120,60,2178120
BANKNIFTY-I.NFO,06/05/2025,09:17:50,55114.2,55098.2,30,55114.8,180,240,2178120
BANKNIFTY-I.NFO,06/05/2025,09:17:51,55114.2,55096.8,30,55114.8,120,0,2178120
BANKNIFTY-I.NFO,06/05/2025,09:17:52,55094.2,55101.8,90,55117.6,30,120,2178120
BANKNIFTY-I.NFO,06/05/2025,09:17:53,55094.2,55103.8,60,55119.8,120,0,2178120
BANKNIFTY-I.NFO,06/05/2025,09:17:55,55117.8,55100.2,120,55117.6,30,150,2178120
BANKNIFTY-I.NFO,06/05/2025,09:17:56,55100,55107,90,55116.4,30,30,2178120
BANKNIFTY-I.NFO,06/05/2025,09:17:57,55107,55107,30,55114.6,60,120,2178120
BANKNIFTY-I.NFO,06/05/2025,09:17:58,55107,55108.6,30,55110,60,0,2178120
BANKNIFTY-I.NFO,06/05/2025,09:18:00,55107,55101,30,55116.2,150,150,2178120
BANKNIFTY-I.NFO,06/05/2025,09:18:01,55107,55101,60,55116.2,120,0,2178120
BANKNIFTY-I.NFO,06/05/2025,09:18:02,55102.4,55110.4,150,55125,30,60,2178120
BANKNIFTY-I.NFO,06/05/2025,09:18:03,55107,55101.2,120,55118.2,30,30,2178120
BANKNIFTY-I.NFO,06/05/2025,09:18:05,55121.4,55110.4,30,55121,30,60,2178120
BANKNIFTY-I.NFO,06/05/2025,09:18:06,55121.4,55110.4,30,55118,30,0,2178120
BANKNIFTY-I.NFO,06/05/2025,09:18:07,55110.4,55101,30,55109,120,30,2178120
BANKNIFTY-I.NFO,06/05/2025,09:18:08,55106.8,55100,60,55109,150,150,2178120
BANKNIFTY-I.NFO,06/05/2025,09:18:10,55094,55091,30,55100.6,90,90,2178120
BANKNIFTY-I.NFO,06/05/2025,09:18:11,55080.2,55080,30,55090.8,90,540,2178120
BANKNIFTY-I.NFO,06/05/2025,09:18:12,55075,55075.2,120,55096.6,120,240,2178120
BANKNIFTY-I.NFO,06/05/2025,09:18:13,55075,55075.2,60,55085.4,120,0,2178120
BANKNIFTY-I.NFO,06/05/2025,09:18:15,55075.2,55075.2,30,55086.8,150,30,2178120
BANKNIFTY-I.NFO,06/05/2025,09:18:16,55075,55071,90,55075.2,30,570,2178120
BANKNIFTY-I.NFO,06/05/2025,09:18:17,55071,55068,60,55072.8,120,90,2178120
BANKNIFTY-I.NFO,06/05/2025,09:18:18,55060,55060,150,55075.2,30,390,2178120
BANKNIFTY-I.NFO,06/05/2025,09:18:20,55072,55071.8,120,55089.4,120,60,2178120
BANKNIFTY-I.NFO,06/05/2025,09:18:21,55072,55075.2,90,55094.4,150,90,2178120
BANKNIFTY-I.NFO,06/05/2025,09:18:22,55076,55060,150,55075,150,150,2178120
BANKNIFTY-I.NFO,06/05/2025,09:18:23,55060,55059,60,55074.6,120,210,2178120
BANKNIFTY-I.NFO,06/05/2025,09:18:25,55060,55059,60,55060,60,0,2178120
BANKNIFTY-I.NFO,06/05/2025,09:18:26,55072.8,55059.2,30,55067.8,150,420,2178120
BANKNIFTY-I.NFO,06/05/2025,09:18:27,55055.6,55055,150,55064.4,90,150,2177730
BANKNIFTY-I.NFO,06/05/2025,09:18:28,55069.2,55060,30,55072.4,90,240,2177730
BANKNIFTY-I.NFO,06/05/2025,09:18:30,55069.2,55060.6,120,55075.2,30,0,2177730
BANKNIFTY-I.NFO,06/05/2025,09:18:31,55080.4,55062.6,150,55080.6,60,360,2177730
BANKNIFTY-I.NFO,06/05/2025,09:18:32,55080.4,55060,30,55066.6,30,0,2177730
BANKNIFTY-I.NFO,06/05/2025,09:18:33,55080.4,55060,30,55069.6,60,0,2177730
BANKNIFTY-I.NFO,06/05/2025,09:18:35,55080.4,55060,60,55067,30,0,2177730
BANKNIFTY-I.NFO,06/05/2025,09:18:36,55064.4,55060,60,55067.8,30,30,2177730
BANKNIFTY-I.NFO,06/05/2025,09:18:37,55055,55055,60,55061,180,120,2177730
BANKNIFTY-I.NFO,06/05/2025,09:18:38,55043,55043,60,55054,60,570,2177730
BANKNIFTY-I.NFO,06/05/2025,09:18:40,55056.4,55054.4,120,55066.6,30,270,2177730
BANKNIFTY-I.NFO,06/05/2025,09:18:41,55052.8,55047.4,120,55055,30,180,2177730
BANKNIFTY-I.NFO,06/05/2025,09:18:42,55055,55050.6,30,55068.4,180,30,2177730
BANKNIFTY-I.NFO,06/05/2025,09:18:43,55050,55043,30,55050.6,30,60,2177730
BANKNIFTY-I.NFO,06/05/2025,09:18:45,55052,55040,150,55054.4,30,480,2177730
BANKNIFTY-I.NFO,06/05/2025,09:18:46,55040,55039,60,55040.4,90,150,2177730
BANKNIFTY-I.NFO,06/05/2025,09:18:47,55046.8,55031,60,55046.8,60,210,2177730
BANKNIFTY-I.NFO,06/05/2025,09:18:48,55034.8,55034.8,90,55038,30,30,2177730
BANKNIFTY-I.NFO,06/05/2025,09:18:50,55039.8,55034.8,30,55039.4,30,60,2177730
BANKNIFTY-I.NFO,06/05/2025,09:18:51,55031,55031,30,55039.8,30,90,2177730
BANKNIFTY-I.NFO,06/05/2025,09:18:52,55040,55040,240,55040.6,30,90,2177730
BANKNIFTY-I.NFO,06/05/2025,09:18:53,55040,55040,180,55040.6,30,60,2177730
BANKNIFTY-I.NFO,06/05/2025,09:18:55,55031,55030.6,30,55034.6,30,240,2177730
BANKNIFTY-I.NFO,06/05/2025,09:18:56,55025,55022,30,55024.8,90,510,2177730
BANKNIFTY-I.NFO,06/05/2025,09:18:57,55020,55019,30,55023.8,30,60,2177730
BANKNIFTY-I.NFO,06/05/2025,09:18:58,55019,55015,120,55025,30,30,2177730
BANKNIFTY-I.NFO,06/05/2025,09:19:00,55020,55027.6,150,55040,30,480,2177730
BANKNIFTY-I.NFO,06/05/2025,09:19:01,55028,55022.4,30,55038,60,30,2177730
BANKNIFTY-I.NFO,06/05/2025,09:19:02,55017.8,55010,90,55020,30,180,2177730
BANKNIFTY-I.NFO,06/05/2025,09:19:03,55015,55010,30,55018.4,30,90,2177730
BANKNIFTY-I.NFO,06/05/2025,09:19:05,55008,55010.2,60,55019.8,60,300,2177730
BANKNIFTY-I.NFO,06/05/2025,09:19:06,55010.2,55010.2,120,55020,30,90,2177730
BANKNIFTY-I.NFO,06/05/2025,09:19:07,55018.8,55018.4,150,55024.8,30,120,2177730
BANKNIFTY-I.NFO,06/05/2025,09:19:08,55018.4,55018.4,60,55024.8,30,30,2177730
BANKNIFTY-I.NFO,06/05/2025,09:19:10,55024.2,55020,30,55024.4,60,300,2177730
BANKNIFTY-I.NFO,06/05/2025,09:19:11,55020,55010.2,180,55020,180,150,2177730
BANKNIFTY-I.NFO,06/05/2025,09:19:12,55016.2,55019.4,150,55024.8,30,240,2177730
BANKNIFTY-I.NFO,06/05/2025,09:19:13,55040,55023,30,55037.6,90,150,2177730
BANKNIFTY-I.NFO,06/05/2025,09:19:15,55024.8,55010.6,120,55026.2,30,390,2177730
BANKNIFTY-I.NFO,06/05/2025,09:19:16,55010.6,55011,150,55026,30,120,2177730
BANKNIFTY-I.NFO,06/05/2025,09:19:17,55028.6,55010.2,180,55029.2,120,1230,2177730
BANKNIFTY-I.NFO,06/05/2025,09:19:18,55028.6,55010.6,60,55027.2,180,0,2177730
BANKNIFTY-I.NFO,06/05/2025,09:19:20,55010,55010,360,55023,90,120,2177730
BANKNIFTY-I.NFO,06/05/2025,09:19:21,55010,55010.2,30,55020.8,90,0,2177730
BANKNIFTY-I.NFO,06/05/2025,09:19:22,55010.2,55010.2,30,55025,30,30,2177730
BANKNIFTY-I.NFO,06/05/2025,09:19:23,55008,55020,30,55024.6,120,960,2177730
BANKNIFTY-I.NFO,06/05/2025,09:19:25,55011,55010.8,120,55028.6,90,300,2177730
BANKNIFTY-I.NFO,06/05/2025,09:19:26,55011,55015.4,30,55025,30,0,2177730
BANKNIFTY-I.NFO,06/05/2025,09:19:27,55028.6,55017.6,120,55028.6,30,90,2177730
BANKNIFTY-I.NFO,06/05/2025,09:19:28,55027.8,55028.6,30,55039.6,120,60,2177730
BANKNIFTY-I.NFO,06/05/2025,09:19:30,55017.8,55021.8,60,55039.8,30,360,2177730
BANKNIFTY-I.NFO,06/05/2025,09:19:31,55028.6,55028.2,30,55039.8,30,30,2177730
BANKNIFTY-I.NFO,06/05/2025,09:19:32,55039.8,55028.2,90,55046,30,210,2177730
BANKNIFTY-I.NFO,06/05/2025,09:19:33,55028.8,55025.2,90,55039.8,90,240,2177730
BANKNIFTY-I.NFO,06/05/2025,09:19:35,55035.2,55034.4,60,55050,60,150,2177730
BANKNIFTY-I.NFO,06/05/2025,09:19:36,55052.2,55047,60,55069.8,60,120,2177730
BANKNIFTY-I.NFO,06/05/2025,09:19:37,55072.6,55054,120,55073.8,90,690,2177730
BANKNIFTY-I.NFO,06/05/2025,09:19:38,55054.2,55054.2,60,55061.8,30,30,2177730
BANKNIFTY-I.NFO,06/05/2025,09:19:40,55049.2,55030,30,55044,60,330,2177730
BANKNIFTY-I.NFO,06/05/2025,09:19:41,55030,55027.8,30,55035.2,30,60,2177730
BANKNIFTY-I.NFO,06/05/2025,09:19:42,55020,55021,120,55035.2,30,150,2177730
BANKNIFTY-I.NFO,06/05/2025,09:19:43,55030,55021.4,90,55041.8,120,60,2177730
BANKNIFTY-I.NFO,06/05/2025,09:19:45,55052,55034.2,120,55049.6,120,30,2177730
BANKNIFTY-I.NFO,06/05/2025,09:19:46,55059,55052.8,150,55069.8,60,240,2177730
BANKNIFTY-I.NFO,06/05/2025,09:19:47,55059.6,55057.6,60,55076.4,30,450,2177730
BANKNIFTY-I.NFO,06/05/2025,09:19:48,55061.4,55060.8,30,55079,30,60,2177730
BANKNIFTY-I.NFO,06/05/2025,09:19:50,55063.8,55060.8,60,55070,30,240,2177730
BANKNIFTY-I.NFO,06/05/2025,09:19:51,55080,55075,60,55093.2,30,120,2177730
BANKNIFTY-I.NFO,06/05/2025,09:19:52,55070,55075,60,55083.2,150,270,2177730
BANKNIFTY-I.NFO,06/05/2025,09:19:53,55062.4,55080,30,55097.8,30,150,2177730
BANKNIFTY-I.NFO,06/05/2025,09:19:55,55098,55085.4,30,55099,60,480,2177730
BANKNIFTY-I.NFO,06/05/2025,09:19:56,55071.4,55085.4,30,55091,30,150,2177730
BANKNIFTY-I.NFO,06/05/2025,09:19:57,55081.8,55063,30,55083.6,60,60,2177730
BANKNIFTY-I.NFO,06/05/2025,09:19:58,55060.4,55058.4,60,55078,120,90,2177730
BANKNIFTY-I.NFO,06/05/2025,09:20:00,55072.2,55063.6,60,55083,120,120,2177730
BANKNIFTY-I.NFO,06/05/2025,09:20:01,55047.4,55050,60,55069.4,150,150,2177730
BANKNIFTY-I.NFO,06/05/2025,09:20:02,55047.4,55050,30,55068.6,180,0,2177730
BANKNIFTY-I.NFO,06/05/2025,09:20:03,55056.8,55060.4,30,55071.2,30,30,2177730
BANKNIFTY-I.NFO,06/05/2025,09:20:05,55056.8,55061.8,240,55068.4,30,0,2177730
BANKNIFTY-I.NFO,06/05/2025,09:20:06,55071.2,55065,30,55078.8,180,150,2177730
BANKNIFTY-I.NFO,06/05/2025,09:20:07,55071.2,55065,120,55069.8,90,0,2177730
BANKNIFTY-I.NFO,06/05/2025,09:20:08,55060.4,55045,90,55056.8,180,180,2177730
BANKNIFTY-I.NFO,06/05/2025,09:20:10,55060.4,55045,90,55058,120,0,2177730
BANKNIFTY-I.NFO,06/05/2025,09:20:11,55060.4,55045,150,55052.8,180,0,2177730
BANKNIFTY-I.NFO,06/05/2025,09:20:12,55050.8,55045,120,55050.8,150,120,2177730
BANKNIFTY-I.NFO,06/05/2025,09:20:13,55030.2,55033.2,30,55051,150,360,2177730
BANKNIFTY-I.NFO,06/05/2025,09:20:15,55031.8,55031.6,30,55048.4,120,60,2177730
BANKNIFTY-I.NFO,06/05/2025,09:20:16,55031.6,55031.6,30,55039,150,300,2177730
BANKNIFTY-I.NFO,06/05/2025,09:20:17,55036.2,55031.6,30,55035.8,150,270,2177730
BANKNIFTY-I.NFO,06/05/2025,09:20:18,55036.8,55030,30,55039.6,120,60,2177730
BANKNIFTY-I.NFO,06/05/2025,09:20:20,55033.8,55015.2,30,55033.8,120,90,2177730
BANKNIFTY-I.NFO,06/05/2025,09:20:21,55033.8,55011,150,55029.8,210,0,2177730
BANKNIFTY-I.NFO,06/05/2025,09:20:22,55011,55011,60,55027.8,120,90,2177730
BANKNIFTY-I.NFO,06/05/2025,09:20:23,55024.4,55024.4,120,55029.8,30,90,2177730
BANKNIFTY-I.NFO,06/05/2025,09:20:25,55024.6,55024.4,90,55036.8,30,90,2177730
BANKNIFTY-I.NFO,06/05/2025,09:20:26,55021.2,55029.4,120,55033.8,30,120,2177730
BANKNIFTY-I.NFO,06/05/2025,09:20:27,55033.8,55029.8,30,55036.8,30,30,2177730
BANKNIFTY-I.NFO,06/05/2025,09:20:28,55031,55036.8,60,55049.2,120,60,2177730
BANKNIFTY-I.NFO,06/05/2025,09:20:30,55037,55036.8,180,55050,30,60,2177730
BANKNIFTY-I.NFO,06/05/2025,09:20:31,55049.8,55037.2,30,55049.8,60,30,2177730
BANKNIFTY-I.NFO,06/05/2025,09:20:32,55037.4,55037.2,90,55049.8,60,30,2177730
BANKNIFTY-I.NFO,06/05/2025,09:20:33,55037.4,55037.2,90,55049.8,60,60,2177730
BANKNIFTY-I.NFO,06/05/2025,09:20:35,55049.8,55037.2,120,55049.6,30,60,2177730
BANKNIFTY-I.NFO,06/05/2025,09:20:36,55037.2,55042,120,55048,510,60,2177730
BANKNIFTY-I.NFO,06/05/2025,09:20:37,55044.8,55042,60,55048,480,60,2177730
BANKNIFTY-I.NFO,06/05/2025,09:20:38,55035.4,55029.8,60,55035.4,120,240,2177730
BANKNIFTY-I.NFO,06/05/2025,09:20:40,55014,55013.8,30,55030.2,60,210,2177730
BANKNIFTY-I.NFO,06/05/2025,09:20:41,55014,55015,30,55023.2,30,0,2177730
BANKNIFTY-I.NFO,06/05/2025,09:20:42,55023.2,55015.2,210,55032.2,60,30,2177730
BANKNIFTY-I.NFO,06/05/2025,09:20:43,55023.2,55015.4,30,55029.6,60,0,2177730
BANKNIFTY-I.NFO,06/05/2025,09:20:45,55015.4,55015,60,55025.6,120,30,2177730
BANKNIFTY-I.NFO,06/05/2025,09:20:46,55015,55014,30,55022,480,180,2177730
BANKNIFTY-I.NFO,06/05/2025,09:20:47,55015,55014,60,55022,480,0,2177730
BANKNIFTY-I.NFO,06/05/2025,09:20:48,55019.6,55014,60,55018.2,30,30,2177730
BANKNIFTY-I.NFO,06/05/2025,09:20:50,55014.2,55014.2,60,55019.8,30,90,2177730
BANKNIFTY-I.NFO,06/05/2025,09:20:51,55014.2,55014.6,30,55019.6,30,0,2177730
BANKNIFTY-I.NFO,06/05/2025,09:20:52,55014,55011,90,55014,210,330,2177730
BANKNIFTY-I.NFO,06/05/2025,09:20:53,55014,55011.2,30,55014,150,60,2177730
BANKNIFTY-I.NFO,06/05/2025,09:20:55,55014,55011.2,30,55014.2,30,150,2177730
BANKNIFTY-I.NFO,06/05/2025,09:20:56,55011.2,55011.4,30,55014.2,30,30,2177730
BANKNIFTY-I.NFO,06/05/2025,09:20:57,55011,55011,90,55021,30,90,2177730
BANKNIFTY-I.NFO,06/05/2025,09:20:58,55013.8,55011,60,55014.6,60,60,2177730
BANKNIFTY-I.NFO,06/05/2025,09:21:00,55008,55006,90,55013.8,180,1260,2177730
BANKNIFTY-I.NFO,06/05/2025,09:21:01,55013.2,55006,90,55018.2,90,60,2177730
BANKNIFTY-I.NFO,06/05/2025,09:21:02,55006,55006,60,55013.8,120,30,2177730
BANKNIFTY-I.NFO,06/05/2025,09:21:03,55000,54995,60,54996.6,60,1290,2177730
BANKNIFTY-I.NFO,06/05/2025,09:21:05,54988.4,54987,30,54988.8,30,330,2177730
BANKNIFTY-I.NFO,06/05/2025,09:21:06,54988.4,54987.2,60,54988.2,30,0,2177730
BANKNIFTY-I.NFO,06/05/2025,09:21:07,54987.4,54987.2,30,54989.4,30,180,2177730
BANKNIFTY-I.NFO,06/05/2025,09:21:08,54956.6,54955,360,54967.2,120,1470,2177730
BANKNIFTY-I.NFO,06/05/2025,09:21:08,54955,54955,360,54967.2,120,0,2177730
BANKNIFTY-I.NFO,06/05/2025,09:21:10,54952,54952,750,54960.8,60,600,2177730
BANKNIFTY-I.NFO,06/05/2025,09:21:10,54952,54952,750,54960.8,60,0,2177730
BANKNIFTY-I.NFO,06/05/2025,09:21:11,54958.2,54958,120,54975.4,120,240,2177730
BANKNIFTY-I.NFO,06/05/2025,09:21:12,54978.4,54963.4,150,54979.6,60,210,2177730
BANKNIFTY-I.NFO,06/05/2025,09:21:13,54973.4,54973.4,120,54989.6,120,270,2177730
BANKNIFTY-I.NFO,06/05/2025,09:21:15,54989.8,54974.2,60,54989.8,30,360,2177730
BANKNIFTY-I.NFO,06/05/2025,09:21:16,54979.2,54978.6,60,54995.6,150,210,2177730
BANKNIFTY-I.NFO,06/05/2025,09:21:17,54978.6,54978.6,60,54986.8,120,30,2177730
BANKNIFTY-I.NFO,06/05/2025,09:21:18,54978.6,54967.2,60,54987.2,150,540,2177730
BANKNIFTY-I.NFO,06/05/2025,09:21:20,54962.2,54966.8,60,54985.2,30,30,2177730
BANKNIFTY-I.NFO,06/05/2025,09:21:21,54955,54958.4,60,54978.4,120,690,2177730
BANKNIFTY-I.NFO,06/05/2025,09:21:22,54970,54966.8,30,54980,60,330,2177730
BANKNIFTY-I.NFO,06/05/2025,09:21:23,54957.8,54955,60,54972.6,30,330,2177730
BANKNIFTY-I.NFO,06/05/2025,09:21:25,54953.6,54952,810,54955,60,300,2177730
BANKNIFTY-I.NFO,06/05/2025,09:21:26,54964,54955,270,54964.2,60,120,2177730
BANKNIFTY-I.NFO,06/05/2025,09:21:27,54955,54955,270,54964.4,30,60,2177730
BANKNIFTY-I.NFO,06/05/2025,09:21:28,54966.6,54960.4,30,54969.8,60,180,2179890
BANKNIFTY-I.NFO,06/05/2025,09:21:30,54964.2,54963.2,120,54980,60,180,2179890
BANKNIFTY-I.NFO,06/05/2025,09:21:31,54980,54968.8,90,54980,30,60,2179890
BANKNIFTY-I.NFO,06/05/2025,09:21:32,54986.6,54973.6,120,54992,30,360,2179890
BANKNIFTY-I.NFO,06/05/2025,09:21:33,54970.2,54971.2,60,54989.4,30,180,2179890
BANKNIFTY-I.NFO,06/05/2025,09:21:35,54979.2,54985.6,30,54999.8,30,510,2179890
BANKNIFTY-I.NFO,06/05/2025,09:21:36,54982.4,54984.8,30,54999.8,30,360,2179890
BANKNIFTY-I.NFO,06/05/2025,09:21:37,54976.4,54976.2,60,54983.2,270,450,2179890
BANKNIFTY-I.NFO,06/05/2025,09:21:38,54978.4,54977.6,60,54983.2,150,180,2179890
BANKNIFTY-I.NFO,06/05/2025,09:21:40,54983.2,54983.2,150,54990,90,150,2179890
BANKNIFTY-I.NFO,06/05/2025,09:21:41,54983.2,54983.2,210,54990,90,30,2179890
BANKNIFTY-I.NFO,06/05/2025,09:21:42,54983.2,54983.2,180,54990,90,30,2179890
BANKNIFTY-I.NFO,06/05/2025,09:21:43,54990,54990,30,54999.6,60,150,2179890
BANKNIFTY-I.NFO,06/05/2025,09:21:45,54983.2,54978.6,90,54998.8,60,150,2179890
BANKNIFTY-I.NFO,06/05/2025,09:21:46,54990,54988.2,120,54999,30,90,2179890
BANKNIFTY-I.NFO,06/05/2025,09:21:47,54999.8,54992,90,55000,360,90,2179890
BANKNIFTY-I.NFO,06/05/2025,09:21:48,54993.4,54993.2,90,55000,360,570,2179890
BANKNIFTY-I.NFO,06/05/2025,09:21:50,55000,54992.8,120,55000,300,360,2179890
BANKNIFTY-I.NFO,06/05/2025,09:21:51,55009.8,55004.8,120,55014,30,420,2179890
BANKNIFTY-I.NFO,06/05/2025,09:21:52,55014,55010,90,55015,30,60,2179890
BANKNIFTY-I.NFO,06/05/2025,09:21:53,55011.2,55010.2,120,55029.2,120,150,2179890
BANKNIFTY-I.NFO,06/05/2025,09:21:55,55011.2,55010,60,55024.8,30,0,2179890
BANKNIFTY-I.NFO,06/05/2025,09:21:56,55011.2,55014.4,30,55024.8,30,0,2179890
BANKNIFTY-I.NFO,06/05/2025,09:21:57,55011.4,55010,120,55024.6,30,30,2179890
BANKNIFTY-I.NFO,06/05/2025,09:21:58,55005,55005,510,55014.6,150,30,2179890
BANKNIFTY-I.NFO,06/05/2025,09:22:00,55014.6,55005,810,55010.4,90,60,2179890
BANKNIFTY-I.NFO,06/05/2025,09:22:01,55000,54990,150,55001.8,330,3210,2179890
BANKNIFTY-I.NFO,06/05/2025,09:22:02,55007.6,55006,30,55015,30,30,2179890
BANKNIFTY-I.NFO,06/05/2025,09:22:03,55012,55014.6,60,55024.8,30,180,2179890
BANKNIFTY-I.NFO,06/05/2025,09:22:05,55012,55015,60,55024.8,30,0,2179890
BANKNIFTY-I.NFO,06/05/2025,09:22:06,55017.6,55016.2,30,55024.8,30,210,2179890
BANKNIFTY-I.NFO,06/05/2025,09:22:07,55024.8,55019.6,180,55037.6,30,180,2179890
BANKNIFTY-I.NFO,06/05/2025,09:22:08,55019.6,55016.6,210,55035.4,60,30,2179890
BANKNIFTY-I.NFO,06/05/2025,09:22:10,55015,55014.6,30,55019.8,60,90,2179890
BANKNIFTY-I.NFO,06/05/2025,09:22:11,55014.6,55001,330,55017,60,30,2179890
BANKNIFTY-I.NFO,06/05/2025,09:22:12,55014.6,55001.6,180,55021.4,60,180,2179890
BANKNIFTY-I.NFO,06/05/2025,09:22:13,55014.6,55003.8,90,55020,30,0,2179890
BANKNIFTY-I.NFO,06/05/2025,09:22:15,55014.6,55001.6,180,55020,60,30,2179890
BANKNIFTY-I.NFO,06/05/2025,09:22:16,55005.4,55012,30,55028.2,90,180,2179890
BANKNIFTY-I.NFO,06/05/2025,09:22:17,55014.6,55012,30,55015,60,60,2179890
BANKNIFTY-I.NFO,06/05/2025,09:22:18,55012,55001,330,55015,30,90,2179890
BANKNIFTY-I.NFO,06/05/2025,09:22:20,55001,55001,240,55012,30,60,2179890
BANKNIFTY-I.NFO,06/05/2025,09:22:21,55001,55001,240,55006.4,210,0,2179890
BANKNIFTY-I.NFO,06/05/2025,09:22:22,55000,54990,180,54996.6,90,900,2179890
BANKNIFTY-I.NFO,06/05/2025,09:22:23,54990,54990,150,54992.8,60,120,2179890
BANKNIFTY-I.NFO,06/05/2025,09:22:25,54990,54992.2,30,55008.4,30,0,2179890
BANKNIFTY-I.NFO,06/05/2025,09:22:26,55013.6,55002,60,55015,30,120,2179890
BANKNIFTY-I.NFO,06/05/2025,09:22:27,55002,55002,30,55014.4,30,30,2179890
BANKNIFTY-I.NFO,06/05/2025,09:22:28,55002,54990,150,55001.6,60,30,2179890
BANKNIFTY-I.NFO,06/05/2025,09:22:30,55001.6,54990,180,54999,90,30,2179890
BANKNIFTY-I.NFO,06/05/2025,09:22:31,54990,54990,150,54998,30,30,2179890
BANKNIFTY-I.NFO,06/05/2025,09:22:32,54990,54990,210,54995.2,90,0,2179890
BANKNIFTY-I.NFO,06/05/2025,09:22:33,54990,54990,180,54998.6,30,30,2179890
BANKNIFTY-I.NFO,06/05/2025,09:22:35,54990,54990,210,54998.8,30,0,2179890
BANKNIFTY-I.NFO,06/05/2025,09:22:36,54990,54990,150,54999.8,30,60,2179890
BANKNIFTY-I.NFO,06/05/2025,09:22:37,54991,54990,150,54991.4,60,60,2179890
BANKNIFTY-I.NFO,06/05/2025,09:22:38,54991.6,54990,120,54994.8,30,150,2179890
BANKNIFTY-I.NFO,06/05/2025,09:22:40,54985,54983.2,450,54984.4,60,540,2179890
BANKNIFTY-I.NFO,06/05/2025,09:22:41,54985,54983.2,450,54988.4,90,0,2179890
BANKNIFTY-I.NFO,06/05/2025,09:22:42,54988.6,54983.2,420,54988.8,30,60,2179890
BANKNIFTY-I.NFO,06/05/2025,09:22:43,54983.2,54983.2,390,54986.4,30,30,2179890
BANKNIFTY-I.NFO,06/05/2025,09:22:45,54975,54970,270,54977.4,30,480,2179890
BANKNIFTY-I.NFO,06/05/2025,09:22:46,54972.6,54970,240,54975.8,60,60,2179890
BANKNIFTY-I.NFO,06/05/2025,09:22:47,54971.8,54971.8,120,54987.8,30,120,2179890
BANKNIFTY-I.NFO,06/05/2025,09:22:48,54976.4,54975.2,150,54993.8,30,180,2179890
BANKNIFTY-I.NFO,06/05/2025,09:22:50,54975,54975,120,54984.2,90,30,2179890
BANKNIFTY-I.NFO,06/05/2025,09:22:51,54972,54970,210,54980.8,120,330,2179890
BANKNIFTY-I.NFO,06/05/2025,09:22:52,54971,54971,30,54979,30,30,2179890
BANKNIFTY-I.NFO,06/05/2025,09:22:53,54970,54970,150,54974.4,300,90,2179890
BANKNIFTY-I.NFO,06/05/2025,09:22:54,54970,54967,30,54983.4,30,150,2179890
BANKNIFTY-I.NFO,06/05/2025,09:22:56,54970,54972,30,54983.8,30,0,2179890
BANKNIFTY-I.NFO,06/05/2025,09:22:57,54970,54972,60,54981.8,240,0,2179890
BANKNIFTY-I.NFO,06/05/2025,09:22:58,54972,54970,30,54972,240,120,2179890
BANKNIFTY-I.NFO,06/05/2025,09:22:59,54972,54970,90,54971.8,60,30,2179890
BANKNIFTY-I.NFO,06/05/2025,09:23:01,54970,54967,30,54969,90,210,2179890
BANKNIFTY-I.NFO,06/05/2025,09:23:02,54967.2,54960,120,54970,60,60,2179890
BANKNIFTY-I.NFO,06/05/2025,09:23:03,54955.2,54963.2,120,54970,60,180,2179890
BANKNIFTY-I.NFO,06/05/2025,09:23:04,54974.6,54968.6,30,54985.2,90,480,2179890
BANKNIFTY-I.NFO,06/05/2025,09:23:06,54984,54968.6,60,54979.8,120,30,2179890
BANKNIFTY-I.NFO,06/05/2025,09:23:07,54984,54968.6,60,54985,30,0,2179890
BANKNIFTY-I.NFO,06/05/2025,09:23:08,54974.6,54976.8,90,54990,60,60,2179890
BANKNIFTY-I.NFO,06/05/2025,09:23:09,54973.6,54973.6,60,54990,90,120,2179890
BANKNIFTY-I.NFO,06/05/2025,09:23:11,54974.4,54970,30,54974.4,270,60,2179890
BANKNIFTY-I.NFO,06/05/2025,09:23:12,54974.4,54970.2,60,54974.4,240,30,2179890
BANKNIFTY-I.NFO,06/05/2025,09:23:13,54974.4,54970,60,54974.4,180,60,2179890
BANKNIFTY-I.NFO,06/05/2025,09:23:14,54970,54973.6,30,54974.4,180,30,2179890
BANKNIFTY-I.NFO,06/05/2025,09:23:16,54967.6,54972,30,54973.6,30,180,2179890
BANKNIFTY-I.NFO,06/05/2025,09:23:17,54967.2,54967.2,60,54973.6,30,150,2179890
BANKNIFTY-I.NFO,06/05/2025,09:23:18,54974.6,54974.4,30,54974.6,30,60,2179890
BANKNIFTY-I.NFO,06/05/2025,09:23:19,54974.6,54974.4,30,54979.6,30,60,2179890
BANKNIFTY-I.NFO,06/05/2025,09:23:21,54974.4,54960,60,54973.4,150,30,2179890
BANKNIFTY-I.NFO,06/05/2025,09:23:22,54970,54960,90,54970.2,30,300,2179890
BANKNIFTY-I.NFO,06/05/2025,09:23:23,54970,54965,270,54968.6,300,0,2179890
BANKNIFTY-I.NFO,06/05/2025,09:23:24,54967.2,54965,300,54967.2,240,60,2179890
BANKNIFTY-I.NFO,06/05/2025,09:23:26,54965,54965,240,54967.2,60,240,2179890
BANKNIFTY-I.NFO,06/05/2025,09:23:27,54965,54965.2,30,54967.2,60,120,2179890
BANKNIFTY-I.NFO,06/05/2025,09:23:28,54965.2,54965,90,54967,60,150,2179890
BANKNIFTY-I.NFO,06/05/2025,09:23:29,54960,54955.2,30,54966,60,150,2179890
BANKNIFTY-I.NFO,06/05/2025,09:23:31,54960,54955.2,60,54969.8,60,0,2179890
BANKNIFTY-I.NFO,06/05/2025,09:23:32,54955.2,54955.2,30,54964.8,60,30,2179890
BANKNIFTY-I.NFO,06/05/2025,09:23:33,54960,54955.6,60,54974.8,150,180,2179890
BANKNIFTY-I.NFO,06/05/2025,09:23:34,54956.4,54955.6,30,54968.4,180,30,2179890
BANKNIFTY-I.NFO,06/05/2025,09:23:36,54968.6,54961.2,30,54975.4,180,90,2179890
BANKNIFTY-I.NFO,06/05/2025,09:23:37,54968.6,54964,30,54979,30,0,2179890
BANKNIFTY-I.NFO,06/05/2025,09:23:38,54964,54969.2,60,54979,30,60,2179890
BANKNIFTY-I.NFO,06/05/2025,09:23:39,54964,54965.2,60,54979,30,0,2179890
BANKNIFTY-I.NFO,06/05/2025,09:23:41,54978.8,54961,30,54975,150,30,2179890
BANKNIFTY-I.NFO,06/05/2025,09:23:42,54961,54960,30,54976.4,150,90,2179890
BANKNIFTY-I.NFO,06/05/2025,09:23:43,54971.8,54964.2,30,54970.6,150,30,2179890
BANKNIFTY-I.NFO,06/05/2025,09:23:44,54971.8,54964.2,30,54976.6,120,0,2179890
BANKNIFTY-I.NFO,06/05/2025,09:23:46,54964.2,54964,30,54972.2,150,90,2179890
BANKNIFTY-I.NFO,06/05/2025,09:23:47,54964.2,54964,150,54971.6,150,0,2179890
BANKNIFTY-I.NFO,06/05/2025,09:23:48,54965.2,54965.2,90,54980,240,30,2179890
BANKNIFTY-I.NFO,06/05/2025,09:23:49,54971.2,54968,30,54974.8,60,60,2179890
BANKNIFTY-I.NFO,06/05/2025,09:23:51,54974.8,54972.8,120,54980,240,60,2179890
BANKNIFTY-I.NFO,06/05/2025,09:23:52,54972.8,54972.8,90,54980,240,60,2179890
BANKNIFTY-I.NFO,06/05/2025,09:23:53,54972.8,54972.8,90,54980,240,0,2179890
BANKNIFTY-I.NFO,06/05/2025,09:23:54,54978.8,54973,60,54979,90,30,2179890
BANKNIFTY-I.NFO,06/05/2025,09:23:56,54982.6,54980.2,60,54990,60,360,2179890
BANKNIFTY-I.NFO,06/05/2025,09:23:57,54982.6,54980.4,90,54990,60,0,2179890
BANKNIFTY-I.NFO,06/05/2025,09:23:58,54990,54980.4,150,54990,30,30,2179890
BANKNIFTY-I.NFO,06/05/2025,09:23:59,54993,54982.8,120,55000,360,210,2179890
BANKNIFTY-I.NFO,06/05/2025,09:24:01,55000,54994.2,60,55000,210,60,2179890
BANKNIFTY-I.NFO,06/05/2025,09:24:02,55001.6,54999.6,90,55016.4,60,240,2179890
BANKNIFTY-I.NFO,06/05/2025,09:24:03,55014.6,55013.8,90,55020,30,30,2179890
BANKNIFTY-I.NFO,06/05/2025,09:24:04,55019.8,55014.2,90,55019.8,60,30,2179890
BANKNIFTY-I.NFO,06/05/2025,09:24:06,55025,55021.2,30,55029,30,180,2179890
BANKNIFTY-I.NFO,06/05/2025,09:24:07,55021.2,55021.2,150,55029,30,30,2179890
BANKNIFTY-I.NFO,06/05/2025,09:24:08,55025,55021.4,30,55029,120,150,2179890
BANKNIFTY-I.NFO,06/05/2025,09:24:09,55021.4,55021.4,60,55025,60,60,2179890
BANKNIFTY-I.NFO,06/05/2025,09:24:11,55021.8,55021.8,240,55025,30,60,2179890
BANKNIFTY-I.NFO,06/05/2025,09:24:12,55020,55008.2,60,55020,210,780,2179890
BANKNIFTY-I.NFO,06/05/2025,09:24:13,55020,55008.2,60,55014.4,150,0,2179890
BANKNIFTY-I.NFO,06/05/2025,09:24:14,55014.8,54999.8,30,55014.8,90,360,2179890
BANKNIFTY-I.NFO,06/05/2025,09:24:16,55014.8,54999.8,30,55006.6,150,0,2179890
BANKNIFTY-I.NFO,06/05/2025,09:24:17,55014.8,54992.4,30,55006.4,120,0,2179890
BANKNIFTY-I.NFO,06/05/2025,09:24:18,54992.4,54990.8,60,54992.4,30,150,2179890
BANKNIFTY-I.NFO,06/05/2025,09:24:19,54992.4,54987.8,60,55003.8,30,30,2179890
BANKNIFTY-I.NFO,06/05/2025,09:24:21,54992.6,54991.6,30,55006.4,180,30,2179890
BANKNIFTY-I.NFO,06/05/2025,09:24:22,54992.6,54984.2,30,54994,300,0,2179890
BANKNIFTY-I.NFO,06/05/2025,09:24:23,54978,54982.4,90,54993.8,90,90,2179890
BANKNIFTY-I.NFO,06/05/2025,09:24:24,54982.4,54982.4,30,54993.6,30,30,2179890
BANKNIFTY-I.NFO,06/05/2025,09:24:26,54971.8,54971.2,60,54985.6,30,540,2179890
BANKNIFTY-I.NFO,06/05/2025,09:24:27,54971.2,54971.2,30,54971.6,30,30,2179890
BANKNIFTY-I.NFO,06/05/2025,09:24:28,54971.8,54971.2,30,54979.6,150,60,2179890
BANKNIFTY-I.NFO,06/05/2025,09:24:29,54971.8,54971.2,60,54975,300,0,2179890
BANKNIFTY-I.NFO,06/05/2025,09:24:31,54971.2,54970,60,54971.2,30,120,2179620
BANKNIFTY-I.NFO,06/05/2025,09:24:32,54964.4,54961,60,54971.2,780,120,2179620
BANKNIFTY-I.NFO,06/05/2025,09:24:33,54961,54960,30,54969.6,60,60,2179620
BANKNIFTY-I.NFO,06/05/2025,09:24:34,54965,54960.2,90,54971.2,750,120,2179620
BANKNIFTY-I.NFO,06/05/2025,09:24:36,54960.2,54960,30,54960.2,30,480,2179620
BANKNIFTY-I.NFO,06/05/2025,09:24:37,54955,54954.4,30,54970,90,480,2179620
BANKNIFTY-I.NFO,06/05/2025,09:24:38,54970,54961,30,54970,60,30,2179620
BANKNIFTY-I.NFO,06/05/2025,09:24:39,54969.8,54961,60,54969.8,60,30,2179620
BANKNIFTY-I.NFO,06/05/2025,09:24:41,54969.8,54961,60,54969.8,60,0,2179620
BANKNIFTY-I.NFO,06/05/2025,09:24:43,54961,54961,30,54969,60,60,2179620
BANKNIFTY-I.NFO,06/05/2025,09:24:44,54966.4,54960,30,54966.4,30,60,2179620
BANKNIFTY-I.NFO,06/05/2025,09:24:46,54953,54952,750,54961,150,150,2179620
BANKNIFTY-I.NFO,06/05/2025,09:24:47,54952.2,54952.2,30,54960,90,390,2179620
BANKNIFTY-I.NFO,06/05/2025,09:24:48,54952,54952,210,54960,90,270,2179620
BANKNIFTY-I.NFO,06/05/2025,09:24:49,54952,54952,240,54960,150,90,2179620
BANKNIFTY-I.NFO,06/05/2025,09:24:51,54952,54952,240,54959.8,30,0,2179620
BANKNIFTY-I.NFO,06/05/2025,09:24:52,54952.2,54952,90,54959.8,90,150,2179620
BANKNIFTY-I.NFO,06/05/2025,09:24:53,54951,54951,480,54952,120,120,2179620
BANKNIFTY-I.NFO,06/05/2025,09:24:53,54951,54951,480,54952,120,0,2179620
BANKNIFTY-I.NFO,06/05/2025,09:24:54,54952,54951,210,54952,120,300,2179620
BANKNIFTY-I.NFO,06/05/2025,09:24:56,54951.2,54951.2,30,54951.8,60,210,2179620
BANKNIFTY-I.NFO,06/05/2025,09:24:57,54950,54950,1140,54951.2,150,240,2179620
BANKNIFTY-I.NFO,06/05/2025,09:24:57,54950,54950,1140,54951.2,150,0,2179620
BANKNIFTY-I.NFO,06/05/2025,09:24:58,54950,54950.2,30,54950.8,60,120,2179620
BANKNIFTY-I.NFO,06/05/2025,09:24:59,54950,54947.4,450,54950,180,1230,2179620
BANKNIFTY-I.NFO,06/05/2025,09:24:59,54947.4,54947.4,450,54950,180,0,2179620
BANKNIFTY-I.NFO,06/05/2025,09:25:01,54950,54947.4,90,54950,180,420,2179620
BANKNIFTY-I.NFO,06/05/2025,09:25:02,54947.4,54945,510,54946.4,30,90,2179620
BANKNIFTY-I.NFO,06/05/2025,09:25:03,54945.4,54945,420,54945.4,30,120,2179620
BANKNIFTY-I.NFO,06/05/2025,09:25:03,54945,54945,420,54945.4,30,0,2179620
BANKNIFTY-I.NFO,06/05/2025,09:25:04,54945,54945,60,54945.4,30,390,2179620
BANKNIFTY-I.NFO,06/05/2025,09:25:06,54930,54930,420,54933,180,690,2179620
BANKNIFTY-I.NFO,06/05/2025,09:25:06,54930,54930,420,54933,180,0,2179620
BANKNIFTY-I.NFO,06/05/2025,09:25:07,54930,54930,90,54932.8,30,360,2179620
BANKNIFTY-I.NFO,06/05/2025,09:25:08,54933,54930.2,30,54945,60,270,2179620
BANKNIFTY-I.NFO,06/05/2025,09:25:09,54930,54931.4,90,54945,60,420,2179620
BANKNIFTY-I.NFO,06/05/2025,09:25:09,54929,54931.4,90,54945,60,0,2179620
BANKNIFTY-I.NFO,06/05/2025,09:25:11,54930,54933,30,54945,60,0,2179620
BANKNIFTY-I.NFO,06/05/2025,09:25:12,54937.8,54933,90,54949.6,30,180,2179620
BANKNIFTY-I.NFO,06/05/2025,09:25:13,54937.8,54937.8,60,54950,60,150,2179620
BANKNIFTY-I.NFO,06/05/2025,09:25:14,54937.8,54933.6,60,54937.8,120,180,2179620
BANKNIFTY-I.NFO,06/05/2025,09:25:16,54937.8,54932,30,54937.8,90,90,2179620
BANKNIFTY-I.NFO,06/05/2025,09:25:17,54930,54928.6,90,54937.6,60,120,2179620
BANKNIFTY-I.NFO,06/05/2025,09:25:18,54930.6,54930.2,90,54946,30,1110,2179620
BANKNIFTY-I.NFO,06/05/2025,09:25:19,54930,54930,60,54942.2,60,180,2179620
BANKNIFTY-I.NFO,06/05/2025,09:25:21,54930,54930,60,54944.8,30,150,2179620
BANKNIFTY-I.NFO,06/05/2025,09:25:22,54939,54938.4,30,54946,30,90,2179620
BANKNIFTY-I.NFO,06/05/2025,09:25:23,54952.2,54950.4,60,54967,60,510,2179620
BANKNIFTY-I.NFO,06/05/2025,09:25:24,54948,54947.8,30,54963,60,480,2179620
BANKNIFTY-I.NFO,06/05/2025,09:25:26,54955.4,54951,30,54970,30,150,2179620
BANKNIFTY-I.NFO,06/05/2025,09:25:27,54965.6,54944,60,54965.4,150,30,2179620
BANKNIFTY-I.NFO,06/05/2025,09:25:28,54944.2,54941.2,30,54960.2,120,60,2179620
BANKNIFTY-I.NFO,06/05/2025,09:25:29,54933.4,54934.2,30,54941,30,240,2179620
BANKNIFTY-I.NFO,06/05/2025,09:25:31,54932.2,54930,90,54932.2,30,180,2179620
BANKNIFTY-I.NFO,06/05/2025,09:25:32,54941,54947,60,54960,30,120,2179620
BANKNIFTY-I.NFO,06/05/2025,09:25:33,54964.4,54950.2,30,54964.4,30,150,2179620
BANKNIFTY-I.NFO,06/05/2025,09:25:34,54948.8,54947,60,54964.4,60,30,2179620
BANKNIFTY-I.NFO,06/05/2025,09:25:35,54948.8,54951,90,54959.8,60,0,2179620
BANKNIFTY-I.NFO,06/05/2025,09:25:37,54959.8,54959.6,90,54964.4,60,60,2179620
BANKNIFTY-I.NFO,06/05/2025,09:25:38,54962.6,54962,30,54965.6,30,210,2179620
BANKNIFTY-I.NFO,06/05/2025,09:25:39,54962,54960.6,120,54965.6,30,150,2179620
BANKNIFTY-I.NFO,06/05/2025,09:25:40,54962,54960.8,120,54965.6,30,0,2179620
BANKNIFTY-I.NFO,06/05/2025,09:25:42,54965.6,54964.6,450,54971.2,720,30,2179620
BANKNIFTY-I.NFO,06/05/2025,09:25:43,54965,54964.6,60,54965,30,90,2179620
BANKNIFTY-I.NFO,06/05/2025,09:25:44,54965,54964.8,30,54971.2,720,30,2179620
BANKNIFTY-I.NFO,06/05/2025,09:25:45,54965,54965,90,54971.2,720,30,2179620
BANKNIFTY-I.NFO,06/05/2025,09:25:47,54962.2,54962.4,30,54971.2,690,1080,2179620
BANKNIFTY-I.NFO,06/05/2025,09:25:48,54952.6,54951.6,60,54964.6,750,120,2179620
BANKNIFTY-I.NFO,06/05/2025,09:25:49,54950.4,54950,30,54964.4,90,60,2179620
BANKNIFTY-I.NFO,06/05/2025,09:25:51,54936.8,54945,60,54950,60,210,2179620
BANKNIFTY-I.NFO,06/05/2025,09:25:52,54948.8,54945,60,54948.8,90,60,2179620
BANKNIFTY-I.NFO,06/05/2025,09:25:53,54930,54927.2,30,54932.6,180,420,2179620
BANKNIFTY-I.NFO,06/05/2025,09:25:54,54932.6,54930,30,54932.6,240,30,2179620
BANKNIFTY-I.NFO,06/05/2025,09:25:56,54930.2,54929.2,30,54932.6,240,60,2179620
BANKNIFTY-I.NFO,06/05/2025,09:25:57,54942.8,54927.2,30,54942.8,150,390,2179620
BANKNIFTY-I.NFO,06/05/2025,09:25:58,54927.8,54927.6,30,54946.4,240,300,2179620
BANKNIFTY-I.NFO,06/05/2025,09:25:58,54927,54927.6,30,54946.4,240,0,2179620
BANKNIFTY-I.NFO,06/05/2025,09:25:59,54927.8,54927.6,90,54927.8,60,30,2179620
BANKNIFTY-I.NFO,06/05/2025,09:26:01,54927.8,54929,30,54945.4,180,60,2179620
BANKNIFTY-I.NFO,06/05/2025,09:26:02,54927.8,54937.6,30,54950,90,0,2179620
BANKNIFTY-I.NFO,06/05/2025,09:26:03,54949.8,54937.6,90,54950,60,150,2179620
BANKNIFTY-I.NFO,06/05/2025,09:26:04,54940.8,54939.2,60,54950,60,180,2179620
BANKNIFTY-I.NFO,06/05/2025,09:26:06,54933.2,54932,30,54949.6,150,420,2179620
BANKNIFTY-I.NFO,06/05/2025,09:26:07,54940,54930,30,54941.2,180,210,2179620
BANKNIFTY-I.NFO,06/05/2025,09:26:08,54928,54927.8,90,54937.6,30,270,2179620
BANKNIFTY-I.NFO,06/05/2025,09:26:09,54928,54929.2,60,54937.6,30,0,2179620
BANKNIFTY-I.NFO,06/05/2025,09:26:10,54947,54927.8,90,54939.8,150,150,2179620
BANKNIFTY-I.NFO,06/05/2025,09:26:12,54924,54923,30,54924,30,720,2179620
BANKNIFTY-I.NFO,06/05/2025,09:26:12,54924,54923,30,54924,30,0,2179620
BANKNIFTY-I.NFO,06/05/2025,09:26:13,54928,54927,60,54939.8,90,180,2179620
BANKNIFTY-I.NFO,06/05/2025,09:26:14,54932.8,54931,30,54946.8,120,330,2179620
BANKNIFTY-I.NFO,06/05/2025,09:26:15,54932.8,54934.4,60,54950,120,90,2179620
BANKNIFTY-I.NFO,06/05/2025,09:26:17,54950,54934,30,54949.8,120,30,2179620
BANKNIFTY-I.NFO,06/05/2025,09:26:18,54934,54930.6,30,54948,150,30,2179620
BANKNIFTY-I.NFO,06/05/2025,09:26:19,54929.8,54929.8,30,54945.6,150,60,2179620
BANKNIFTY-I.NFO,06/05/2025,09:26:20,54929.8,54943.4,30,54950,120,0,2179620
BANKNIFTY-I.NFO,06/05/2025,09:26:22,54950,54953,30,54959.8,30,150,2179620
BANKNIFTY-I.NFO,06/05/2025,09:26:23,54947.4,54941.8,210,54957.2,120,120,2179620
BANKNIFTY-I.NFO,06/05/2025,09:26:24,54947.4,54940,30,54945,30,0,2179620
BANKNIFTY-I.NFO,06/05/2025,09:26:25,54956,54940,30,54949.8,30,60,2179620
BANKNIFTY-I.NFO,06/05/2025,09:26:27,54940,54934.8,30,54951.2,150,150,2179620
BANKNIFTY-I.NFO,06/05/2025,09:26:28,54940,54937.8,150,54953.4,30,0,2179620
BANKNIFTY-I.NFO,06/05/2025,09:26:29,54940,54938.4,30,54953.2,120,0,2179620
BANKNIFTY-I.NFO,06/05/2025,09:26:30,54952.4,54943.8,30,54949.8,150,30,2179620
BANKNIFTY-I.NFO,06/05/2025,09:26:32,54943.8,54943.8,60,54950,90,30,2179620
BANKNIFTY-I.NFO,06/05/2025,09:26:33,54943.8,54943.8,90,54949.8,150,0,2179620
BANKNIFTY-I.NFO,06/05/2025,09:26:34,54951.2,54943.8,90,54951.4,60,420,2179620
BANKNIFTY-I.NFO,06/05/2025,09:26:35,54941,54930,30,54943.2,150,390,2179620
BANKNIFTY-I.NFO,06/05/2025,09:26:37,54936.2,54935.2,30,54940,30,30,2179620
BANKNIFTY-I.NFO,06/05/2025,09:26:38,54940,54934.6,30,54940,30,60,2179620
BANKNIFTY-I.NFO,06/05/2025,09:26:39,54940,54930,120,54933.8,60,0,2179620
BANKNIFTY-I.NFO,06/05/2025,09:26:40,54930,54930,120,54933.8,60,30,2179620
BANKNIFTY-I.NFO,06/05/2025,09:26:42,54933.8,54933.2,120,54940,60,120,2179620
BANKNIFTY-I.NFO,06/05/2025,09:26:43,54940,54932.8,30,54940,30,60,2179620
BANKNIFTY-I.NFO,06/05/2025,09:26:44,54933,54933.8,30,54940,30,30,2179620
BANKNIFTY-I.NFO,06/05/2025,09:26:45,54933.8,54939.8,30,54940,30,30,2179620
BANKNIFTY-I.NFO,06/05/2025,09:26:47,54937.4,54936.8,300,54940,30,210,2179620
BANKNIFTY-I.NFO,06/05/2025,09:26:48,54940,54940,60,54943.8,120,30,2179620
BANKNIFTY-I.NFO,06/05/2025,09:26:49,54943.8,54940,60,54943.8,90,30,2179620
BANKNIFTY-I.NFO,06/05/2025,09:26:50,54947.6,54947,120,54949.8,30,150,2179620
BANKNIFTY-I.NFO,06/05/2025,09:26:52,54959.8,54954.8,150,54964.6,750,390,2179620
BANKNIFTY-I.NFO,06/05/2025,09:26:53,54962.6,54962.4,30,54965,30,840,2179620
BANKNIFTY-I.NFO,06/05/2025,09:26:54,54962.8,54962.4,60,54965,30,210,2179620
BANKNIFTY-I.NFO,06/05/2025,09:26:55,54966.4,54967,90,54971.2,570,180,2179620
BANKNIFTY-I.NFO,06/05/2025,09:26:57,54971.2,54969.6,120,54971.2,510,60,2179620
BANKNIFTY-I.NFO,06/05/2025,09:26:58,54971.2,54969.6,60,54971.2,510,60,2179620
BANKNIFTY-I.NFO,06/05/2025,09:26:59,54969.6,54969.6,30,54971.2,510,30,2179620
BANKNIFTY-I.NFO,06/05/2025,09:27:00,54971.2,54954.4,120,54967,30,120,2179620
BANKNIFTY-I.NFO,06/05/2025,09:27:02,54971.2,54967.8,30,54971.2,360,180,2179620
BANKNIFTY-I.NFO,06/05/2025,09:27:03,54971.2,54970.6,120,54972,30,420,2179620
BANKNIFTY-I.NFO,06/05/2025,09:27:04,54967,54967,30,54971.2,60,120,2179620
BANKNIFTY-I.NFO,06/05/2025,09:27:05,54963.2,54957.8,30,54971,30,60,2179620
BANKNIFTY-I.NFO,06/05/2025,09:27:07,54963.2,54959.6,60,54967.8,150,0,2179620
BANKNIFTY-I.NFO,06/05/2025,09:27:08,54963.2,54966.4,30,54967.8,150,0,2179620
BANKNIFTY-I.NFO,06/05/2025,09:27:09,54971,54970.8,150,54973.8,30,300,2179620
BANKNIFTY-I.NFO,06/05/2025,09:27:10,54973,54973.2,30,54975,30,90,2179620
BANKNIFTY-I.NFO,06/05/2025,09:27:12,54979,54976.8,300,54979,30,90,2179620
BANKNIFTY-I.NFO,06/05/2025,09:27:13,54980,54981,30,54983,30,210,2179620
BANKNIFTY-I.NFO,06/05/2025,09:27:14,54990,54983,30,54990,150,150,2179620
BANKNIFTY-I.NFO,06/05/2025,09:27:15,54993,54989,30,54993,30,270,2179620
BANKNIFTY-I.NFO,06/05/2025,09:27:17,54998.8,54990,30,54997.2,30,1110,2179620
BANKNIFTY-I.NFO,06/05/2025,09:27:18,54995.4,54990,120,54996.2,30,90,2179620
BANKNIFTY-I.NFO,06/05/2025,09:27:19,54990,54990,60,54994.8,120,120,2179620
BANKNIFTY-I.NFO,06/05/2025,09:27:20,54989.8,54973,30,54989.8,150,90,2179620
BANKNIFTY-I.NFO,06/05/2025,09:27:22,54973,54972.2,60,54973,30,180,2179620
BANKNIFTY-I.NFO,06/05/2025,09:27:23,54975.4,54974.6,90,54990,60,90,2179620
BANKNIFTY-I.NFO,06/05/2025,09:27:24,54975.4,54979.2,90,54990,60,0,2179620
BANKNIFTY-I.NFO,06/05/2025,09:27:25,54989.6,54979.2,60,54986.8,30,150,2179620
BANKNIFTY-I.NFO,06/05/2025,09:27:27,54979.2,54971,60,54985,60,60,2179620
BANKNIFTY-I.NFO,06/05/2025,09:27:28,54976.4,54979.2,120,54989.4,60,240,2179620
BANKNIFTY-I.NFO,06/05/2025,09:27:29,54986.8,54979.2,150,54986.6,120,30,2185710
BANKNIFTY-I.NFO,06/05/2025,09:27:30,54979.2,54979.2,120,54984,60,30,2185710
BANKNIFTY-I.NFO,06/05/2025,09:27:32,54979.2,54966,30,54979.8,150,240,2185710
BANKNIFTY-I.NFO,06/05/2025,09:27:33,54975,54966,60,54968.6,150,30,2185710
BANKNIFTY-I.NFO,06/05/2025,09:27:34,54968.6,54950,30,54964.6,90,120,2185710
BANKNIFTY-I.NFO,06/05/2025,09:27:35,54963,54956.4,30,54968.6,30,90,2185710
BANKNIFTY-I.NFO,06/05/2025,09:27:37,54963,54958,60,54968.6,30,0,2185710
BANKNIFTY-I.NFO,06/05/2025,09:27:38,54958,54958,60,54974.6,30,120,2185710
BANKNIFTY-I.NFO,06/05/2025,09:27:39,54958,54949.6,30,54967.4,60,60,2185710
BANKNIFTY-I.NFO,06/05/2025,09:27:40,54958,54953.6,60,54969.6,30,0,2185710
BANKNIFTY-I.NFO,06/05/2025,09:27:42,54953.6,54953.8,120,54965,30,30,2185710
BANKNIFTY-I.NFO,06/05/2025,09:27:43,54953.8,54954.2,60,54965,30,30,2185710
BANKNIFTY-I.NFO,06/05/2025,09:27:44,54951.2,54950.4,150,54954.2,30,360,2185710
BANKNIFTY-I.NFO,06/05/2025,09:27:45,54954.2,54952.2,180,54971.8,30,60,2185710
BANKNIFTY-I.NFO,06/05/2025,09:27:47,54947.6,54949.6,90,54966.2,30,90,2185710
BANKNIFTY-I.NFO,06/05/2025,09:27:48,54947.6,54954,120,54969.8,30,0,2185710
BANKNIFTY-I.NFO,06/05/2025,09:27:49,54956.8,54959.8,120,54970,60,180,2185710
BANKNIFTY-I.NFO,06/05/2025,09:27:50,54959.2,54958,150,54970,60,60,2185710
BANKNIFTY-I.NFO,06/05/2025,09:27:52,54964.8,54962.6,150,54970,60,60,2185710
BANKNIFTY-I.NFO,06/05/2025,09:27:53,54970,54960.8,30,54974.6,60,30,2185710
BANKNIFTY-I.NFO,06/05/2025,09:27:54,54970,54960.8,30,54968.6,30,30,2185710
BANKNIFTY-I.NFO,06/05/2025,09:27:55,54969.8,54968.6,30,54974.6,60,90,2185710
BANKNIFTY-I.NFO,06/05/2025,09:27:57,54968.6,54957.4,30,54972.2,90,60,2185710
BANKNIFTY-I.NFO,06/05/2025,09:27:58,54962.2,54968.6,60,54974.6,60,90,2185710
BANKNIFTY-I.NFO,06/05/2025,09:27:59,54970,54953.8,30,54970.6,60,120,2185710
BANKNIFTY-I.NFO,06/05/2025,09:28:01,54950,54949.6,30,54960,180,240,2185710
BANKNIFTY-I.NFO,06/05/2025,09:28:02,54950,54950.4,30,54960,150,60,2185710
BANKNIFTY-I.NFO,06/05/2025,09:28:03,54950,54950,60,54954.2,90,0,2185710
BANKNIFTY-I.NFO,06/05/2025,09:28:04,54959.8,54945,60,54959.8,150,90,2185710
BANKNIFTY-I.NFO,06/05/2025,09:28:06,54959.8,54953.8,120,54959.8,90,30,2185710
BANKNIFTY-I.NFO,06/05/2025,09:28:07,54953.8,54953.8,90,54956.4,60,30,2185710
BANKNIFTY-I.NFO,06/05/2025,09:28:08,54953.8,54953.8,90,54959.8,90,0,2185710
BANKNIFTY-I.NFO,06/05/2025,09:28:12,54946,54945.2,30,54959.8,60,540,2185710
BANKNIFTY-I.NFO,06/05/2025,09:28:13,54959.8,54945,30,54959.8,90,120,2185710
BANKNIFTY-I.NFO,06/05/2025,09:28:14,54959.8,54944.2,210,54959.8,60,90,2185710
BANKNIFTY-I.NFO,06/05/2025,09:28:16,54943.8,54943.8,30,54949.6,60,120,2185710
BANKNIFTY-I.NFO,06/05/2025,09:28:17,54943.8,54943.8,30,54950,120,0,2185710
BANKNIFTY-I.NFO,06/05/2025,09:28:18,54948,54935,60,54948.8,60,270,2185710
BANKNIFTY-I.NFO,06/05/2025,09:28:21,54943.8,54935.2,30,54943.8,210,60,2185710
BANKNIFTY-I.NFO,06/05/2025,09:28:22,54943.8,54935.2,30,54943.6,150,0,2185710
BANKNIFTY-I.NFO,06/05/2025,09:28:23,54943.8,54935.2,30,54943.8,30,0,2185710
BANKNIFTY-I.NFO,06/05/2025,09:28:24,54935,54935,30,54942.6,60,300,2185710
BANKNIFTY-I.NFO,06/05/2025,09:28:26,54943.8,54935,90,54946.8,150,330,2185710
BANKNIFTY-I.NFO,06/05/2025,09:28:27,54935,54939.6,60,54943.8,90,30,2185710
BANKNIFTY-I.NFO,06/05/2025,09:28:28,54943.8,54937.6,120,54943.8,60,30,2185710
BANKNIFTY-I.NFO,06/05/2025,09:28:29,54942.6,54937.6,30,54942.8,180,30,2185710
BANKNIFTY-I.NFO,06/05/2025,09:28:31,54942.8,54937.6,30,54942.8,150,30,2185710
BANKNIFTY-I.NFO,06/05/2025,09:28:32,54937.6,54935,60,54942.8,180,30,2185710
BANKNIFTY-I.NFO,06/05/2025,09:28:33,54941.8,54935,30,54936.4,30,150,2185710
BANKNIFTY-I.NFO,06/05/2025,09:28:34,54941.8,54935.2,30,54936,30,0,2185710
BANKNIFTY-I.NFO,06/05/2025,09:28:36,54930,54930,300,54930.6,30,270,2185710
BANKNIFTY-I.NFO,06/05/2025,09:28:37,54936.2,54930,330,54934.8,60,270,2185710
BANKNIFTY-I.NFO,06/05/2025,09:28:38,54926.6,54925,90,54927,30,540,2185710
BANKNIFTY-I.NFO,06/05/2025,09:28:39,54925,54922,150,54926.2,60,180,2185710
BANKNIFTY-I.NFO,06/05/2025,09:28:41,54916,54915,360,54916,90,780,2185710
BANKNIFTY-I.NFO,06/05/2025,09:28:41,54916,54915,360,54916,90,0,2185710
BANKNIFTY-I.NFO,06/05/2025,09:28:42,54901,54901,660,54903,30,1020,2185710
BANKNIFTY-I.NFO,06/05/2025,09:28:42,54901,54901,660,54903,30,0,2185710
BANKNIFTY-I.NFO,06/05/2025,09:28:43,54901,54901,450,54905,510,300,2185710
BANKNIFTY-I.NFO,06/05/2025,09:28:44,54900.4,54900.4,180,54904.8,60,600,2185710
BANKNIFTY-I.NFO,06/05/2025,09:28:44,54900.4,54900.4,180,54904.8,60,0,2185710
BANKNIFTY-I.NFO,06/05/2025,09:28:46,54900.4,54900.4,30,54904.8,60,150,2185710
BANKNIFTY-I.NFO,06/05/2025,09:28:47,54900,54900,2880,54901.2,30,1380,2185710
BANKNIFTY-I.NFO,06/05/2025,09:28:47,54900,54900,2880,54901.2,30,0,2185710
BANKNIFTY-I.NFO,06/05/2025,09:28:48,54900,54900,2640,54904.8,30,300,2185710
BANKNIFTY-I.NFO,06/05/2025,09:28:49,54900,54900,2100,54904.2,60,600,2185710
BANKNIFTY-I.NFO,06/05/2025,09:28:51,54900,54900,1920,54904,210,180,2185710
BANKNIFTY-I.NFO,06/05/2025,09:28:52,54900,54900,1830,54904,180,150,2185710
BANKNIFTY-I.NFO,06/05/2025,09:28:53,54900,54901.2,150,54904,60,90,2185710
BANKNIFTY-I.NFO,06/05/2025,09:28:54,54901.2,54901.2,60,54904.2,30,210,2185710
BANKNIFTY-I.NFO,06/05/2025,09:28:56,54910,54901.8,120,54919,30,990,2185710
BANKNIFTY-I.NFO,06/05/2025,09:28:57,54908.6,54900,1830,54908.6,90,390,2185710
BANKNIFTY-I.NFO,06/05/2025,09:28:58,54900,54893,120,54900.8,90,1830,2185710
BANKNIFTY-I.NFO,06/05/2025,09:28:59,54895,54893,60,54895,60,270,2185710
BANKNIFTY-I.NFO,06/05/2025,09:28:59,54893,54893,60,54895,60,0,2185710
BANKNIFTY-I.NFO,06/05/2025,09:29:01,54895,54890,210,54895,60,120,2185710
BANKNIFTY-I.NFO,06/05/2025,09:29:01,54891,54890,210,54895,60,0,2185710
BANKNIFTY-I.NFO,06/05/2025,09:29:02,54890,54888,120,54890,30,240,2185710
BANKNIFTY-I.NFO,06/05/2025,09:29:02,54890,54888,120,54890,30,0,2185710
BANKNIFTY-I.NFO,06/05/2025,09:29:03,54888,54888,30,54890,60,90,2185710
BANKNIFTY-I.NFO,06/05/2025,09:29:03,54888,54888,30,54890,60,0,2185710
BANKNIFTY-I.NFO,06/05/2025,09:29:04,54882.4,54881.4,30,54888,180,1290,2185710
BANKNIFTY-I.NFO,06/05/2025,09:29:04,54877.2,54881.4,30,54888,180,0,2185710
BANKNIFTY-I.NFO,06/05/2025,09:29:06,54888,54882.4,30,54888,240,210,2185710
BANKNIFTY-I.NFO,06/05/2025,09:29:07,54882.4,54880,30,54887.8,30,90,2185710
BANKNIFTY-I.NFO,06/05/2025,09:29:08,54887.8,54882.4,30,54887.8,30,60,2185710
BANKNIFTY-I.NFO,06/05/2025,09:29:09,54887.8,54884.2,30,54887.8,30,120,2185710
BANKNIFTY-I.NFO,06/05/2025,09:29:11,54880,54880,570,54888,90,210,2185710
BANKNIFTY-I.NFO,06/05/2025,09:29:12,54882.4,54880,540,54888,90,60,2185710
BANKNIFTY-I.NFO,06/05/2025,09:29:13,54880,54880,510,54883,30,120,2185710
BANKNIFTY-I.NFO,06/05/2025,09:29:14,54881.4,54880,270,54882.8,120,300,2185710
BANKNIFTY-I.NFO,06/05/2025,09:29:16,54880,54870,90,54881.2,120,1020,2185710
BANKNIFTY-I.NFO,06/05/2025,09:29:16,54870,54870,90,54881.2,120,0,2185710
BANKNIFTY-I.NFO,06/05/2025,09:29:17,54880,54871,30,54877.2,30,90,2185710
BANKNIFTY-I.NFO,06/05/2025,09:29:18,54871,54866,60,54871,30,480,2185710
BANKNIFTY-I.NFO,06/05/2025,09:29:18,54866,54866,60,54871,30,0,2185710
BANKNIFTY-I.NFO,06/05/2025,09:29:19,54871,54866,60,54871.2,30,30,2185710
BANKNIFTY-I.NFO,06/05/2025,09:29:21,54871.2,54871,210,54881.4,90,90,2185710
BANKNIFTY-I.NFO,06/05/2025,09:29:22,54874,54871,210,54881.4,60,60,2185710
BANKNIFTY-I.NFO,06/05/2025,09:29:23,54871,54872,30,54881.4,30,90,2185710
BANKNIFTY-I.NFO,06/05/2025,09:29:24,54881,54871,90,54881,60,120,2185710
BANKNIFTY-I.NFO,06/05/2025,09:29:26,54881.4,54871.2,60,54882.8,60,60,2185710
BANKNIFTY-I.NFO,06/05/2025,09:29:27,54879.8,54881.2,270,54882.4,30,60,2185710
BANKNIFTY-I.NFO,06/05/2025,09:29:28,54881.2,54881.2,120,54882.4,30,150,2185710
BANKNIFTY-I.NFO,06/05/2025,09:29:29,54882.4,54881.2,30,54882.6,150,120,2185710
BANKNIFTY-I.NFO,06/05/2025,09:29:31,54879.6,54883,30,54887.6,150,420,2185710
BANKNIFTY-I.NFO,06/05/2025,09:29:32,54889,54888.8,30,54892,60,600,2185710
BANKNIFTY-I.NFO,06/05/2025,09:29:33,54894,54893.4,30,54898.8,30,270,2185710
BANKNIFTY-I.NFO,06/05/2025,09:29:34,54894,54895,30,54898.8,30,30,2185710
BANKNIFTY-I.NFO,06/05/2025,09:29:36,54894.2,54886,30,54894.2,30,150,2185710
BANKNIFTY-I.NFO,06/05/2025,09:29:37,54894.2,54886.2,30,54894.2,30,0,2185710
BANKNIFTY-I.NFO,06/05/2025,09:29:38,54894.2,54889,30,54898.8,30,30,2185710
BANKNIFTY-I.NFO,06/05/2025,09:29:39,54898.8,54884.8,60,54894,30,60,2185710
BANKNIFTY-I.NFO,06/05/2025,09:29:41,54895.8,54882.8,630,54894.4,60,120,2185710
BANKNIFTY-I.NFO,06/05/2025,09:29:42,54898.8,54887,30,54899,30,90,2185710
BANKNIFTY-I.NFO,06/05/2025,09:29:43,54898.8,54889,60,54899,30,0,2185710
BANKNIFTY-I.NFO,06/05/2025,09:29:44,54888.2,54890.8,30,54894.8,60,60,2185710
BANKNIFTY-I.NFO,06/05/2025,09:29:46,54899,54897,30,54900,570,120,2185710
BANKNIFTY-I.NFO,06/05/2025,09:29:47,54899.8,54890.8,120,54900,570,30,2185710
BANKNIFTY-I.NFO,06/05/2025,09:29:48,54899.8,54889.2,60,54900,570,0,2185710
BANKNIFTY-I.NFO,06/05/2025,09:29:49,54889,54888,60,54900,570,30,2185710
BANKNIFTY-I.NFO,06/05/2025,09:29:50,54893.6,54892.8,120,54900,390,270,2185710
BANKNIFTY-I.NFO,06/05/2025,09:29:52,54900,54892,60,54900,300,180,2185710
BANKNIFTY-I.NFO,06/05/2025,09:29:53,54900,54889,30,54896.8,150,0,2185710
BANKNIFTY-I.NFO,06/05/2025,09:29:54,54896.8,54889,30,54896.8,60,90,2185710
BANKNIFTY-I.NFO,06/05/2025,09:29:55,54896.8,54889.6,90,54896.8,60,0,2185710
BANKNIFTY-I.NFO,06/05/2025,09:29:57,54886,54885.8,60,54896.8,60,1890,2185710
BANKNIFTY-I.NFO,06/05/2025,09:29:58,54887,54882.8,330,54887.4,30,450,2185710
BANKNIFTY-I.NFO,06/05/2025,09:29:59,54880,54880,30,54886.6,90,660,2185710
BANKNIFTY-I.NFO,06/05/2025,09:30:00,54879.8,54871,60,54882.2,60,420,2185710
BANKNIFTY-I.NFO,06/05/2025,09:30:02,54871,54871,30,54880,60,30,2185710
BANKNIFTY-I.NFO,06/05/2025,09:30:04,54871,54870.6,30,54879.6,60,30,2185710
BANKNIFTY-I.NFO,06/05/2025,09:30:05,54873.6,54871,30,54879.4,30,330,2185710
BANKNIFTY-I.NFO,06/05/2025,09:30:07,54871,54870.2,30,54879.2,30,60,2185710
BANKNIFTY-I.NFO,06/05/2025,09:30:08,54875,54871,60,54879.4,30,150,2185710
BANKNIFTY-I.NFO,06/05/2025,09:30:09,54875,54874.2,90,54879.4,30,60,2185710
BANKNIFTY-I.NFO,06/05/2025,09:30:10,54877,54872,60,54880,60,180,2185710
BANKNIFTY-I.NFO,06/05/2025,09:30:12,54880,54873.6,60,54880,30,150,2185710
BANKNIFTY-I.NFO,06/05/2025,09:30:13,54875,54872.4,30,54880,30,60,2185710
BANKNIFTY-I.NFO,06/05/2025,09:30:14,54876.6,54872.4,30,54875,60,90,2185710
BANKNIFTY-I.NFO,06/05/2025,09:30:16,54872.4,54870,690,54877,120,150,2185710
BANKNIFTY-I.NFO,06/05/2025,09:30:17,54872.4,54870,690,54875,30,0,2185710
BANKNIFTY-I.NFO,06/05/2025,09:30:18,54870,54870,270,54871.4,30,540,2185710
BANKNIFTY-I.NFO,06/05/2025,09:30:19,54870,54867,30,54872.2,30,300,2185710
BANKNIFTY-I.NFO,06/05/2025,09:30:21,54862,54863.4,90,54869,60,270,2185710
BANKNIFTY-I.NFO,06/05/2025,09:30:21,54862,54863.4,90,54869,60,0,2185710
BANKNIFTY-I.NFO,06/05/2025,09:30:22,54880,54877.4,30,54894,150,330,2185710
BANKNIFTY-I.NFO,06/05/2025,09:30:23,54877,54871.8,60,54888.2,120,210,2185710
BANKNIFTY-I.NFO,06/05/2025,09:30:24,54890,54873.4,30,54887.6,60,210,2185710
BANKNIFTY-I.NFO,06/05/2025,09:30:26,54890,54870,600,54880.8,120,0,2185710
BANKNIFTY-I.NFO,06/05/2025,09:30:27,54882,54871.4,30,54882.2,30,120,2185710
BANKNIFTY-I.NFO,06/05/2025,09:30:28,54882.2,54870.2,30,54883.4,60,60,2185710
BANKNIFTY-I.NFO,06/05/2025,09:30:29,54880.2,54870,570,54880.8,30,60,2189250
BANKNIFTY-I.NFO,06/05/2025,09:30:31,54880.4,54871.4,30,54880,120,90,2189250
BANKNIFTY-I.NFO,06/05/2025,09:30:32,54880.4,54871.4,30,54876,60,0,2189250
BANKNIFTY-I.NFO,06/05/2025,09:30:33,54870,54871.4,120,54876.2,630,60,2189250
BANKNIFTY-I.NFO,06/05/2025,09:30:34,54872.2,54871.4,60,54873.6,330,180,2189250
BANKNIFTY-I.NFO,06/05/2025,09:30:36,54871.4,54870,540,54873.2,300,120,2189250
BANKNIFTY-I.NFO,06/05/2025,09:30:37,54870,54870,390,54871.4,630,150,2189250
BANKNIFTY-I.NFO,06/05/2025,09:30:38,54871.4,54870,240,54871.4,630,180,2189250
BANKNIFTY-I.NFO,06/05/2025,09:30:39,54870,54870,270,54871.4,630,30,2189250
BANKNIFTY-I.NFO,06/05/2025,09:30:41,54870,54870,120,54871.4,630,180,2189250
BANKNIFTY-I.NFO,06/05/2025,09:30:42,54871.4,54870,120,54871.4,600,60,2189250
BANKNIFTY-I.NFO,06/05/2025,09:30:43,54871.4,54870,90,54871.4,570,60,2189250
BANKNIFTY-I.NFO,06/05/2025,09:30:44,54870,54870,30,54871.4,540,90,2189250
BANKNIFTY-I.NFO,06/05/2025,09:30:46,54867,54865.6,60,54871.4,510,150,2189250
BANKNIFTY-I.NFO,06/05/2025,09:30:47,54866,54865,30,54871.4,510,30,2189250
BANKNIFTY-I.NFO,06/05/2025,09:30:48,54870,54870,30,54871.4,210,390,2189250
BANKNIFTY-I.NFO,06/05/2025,09:30:49,54871.4,54870,30,54871.4,120,120,2189250
BANKNIFTY-I.NFO,06/05/2025,09:30:51,54890,54870.6,120,54886.8,30,300,2189250
BANKNIFTY-I.NFO,06/05/2025,09:30:52,54888,54877,30,54890,30,90,2189250
BANKNIFTY-I.NFO,06/05/2025,09:30:53,54879.6,54879.6,60,54890,30,210,2189250
BANKNIFTY-I.NFO,06/05/2025,09:30:54,54890,54890,270,54893.4,30,60,2189250
BANKNIFTY-I.NFO,06/05/2025,09:30:56,54890,54890,120,54893.4,30,150,2189250
BANKNIFTY-I.NFO,06/05/2025,09:30:57,54890.2,54890.2,30,54896.8,60,60,2189250
BANKNIFTY-I.NFO,06/05/2025,09:30:58,54890.2,54894.4,30,54896.8,60,0,2189250
BANKNIFTY-I.NFO,06/05/2025,09:30:59,54900,54896.8,30,54900,900,150,2189250
BANKNIFTY-I.NFO,06/05/2025,09:31:01,54900,54896.8,60,54900,900,60,2189250
BANKNIFTY-I.NFO,06/05/2025,09:31:02,54890.8,54890,240,54899.8,30,540,2189250
BANKNIFTY-I.NFO,06/05/2025,09:31:03,54890.2,54890.2,30,54899.8,30,30,2189250
BANKNIFTY-I.NFO,06/05/2025,09:31:04,54900,54890.2,60,54900,600,120,2189250
BANKNIFTY-I.NFO,06/05/2025,09:31:06,54900,54890.8,60,54900,600,60,2189250
BANKNIFTY-I.NFO,06/05/2025,09:31:07,54890,54890.8,30,54899.2,30,180,2189250
BANKNIFTY-I.NFO,06/05/2025,09:31:08,54900,54890.8,30,54900,450,150,2189250
BANKNIFTY-I.NFO,06/05/2025,09:31:09,54900,54890.8,30,54900,360,90,2189250
BANKNIFTY-I.NFO,06/05/2025,09:31:11,54900,54890.8,30,54900,330,60,2189250
BANKNIFTY-I.NFO,06/05/2025,09:31:12,54890,54890.8,30,54900,660,150,2189250
BANKNIFTY-I.NFO,06/05/2025,09:31:13,54899.8,54890,420,54900,330,1050,2189250
BANKNIFTY-I.NFO,06/05/2025,09:31:14,54899.8,54891,30,54898.2,30,0,2189250
BANKNIFTY-I.NFO,06/05/2025,09:31:16,54890,54890,330,54891.8,30,150,2189250
BANKNIFTY-I.NFO,06/05/2025,09:31:17,54898,54890,330,54899,150,90,2189250
BANKNIFTY-I.NFO,06/05/2025,09:31:18,54898.6,54890,360,54896.2,180,60,2189250
BANKNIFTY-I.NFO,06/05/2025,09:31:19,54890,54880,330,54890,90,390,2189250
BANKNIFTY-I.NFO,06/05/2025,09:31:21,54880,54880,300,54890.4,150,30,2189250
BANKNIFTY-I.NFO,06/05/2025,09:31:22,54885.8,54880,300,54889.4,150,30,2189250
BANKNIFTY-I.NFO,06/05/2025,09:31:23,54885.8,54880.2,30,54889.4,180,0,2189250
BANKNIFTY-I.NFO,06/05/2025,09:31:24,54895.2,54890.4,30,54896,30,30,2189250
BANKNIFTY-I.NFO,06/05/2025,09:31:26,54877.2,54880.4,30,54890,2610,1260,2189250
BANKNIFTY-I.NFO,06/05/2025,09:31:27,54878,54878.8,120,54890,2430,480,2189250
BANKNIFTY-I.NFO,06/05/2025,09:31:28,54878,54875,30,54880,30,0,2189250
BANKNIFTY-I.NFO,06/05/2025,09:31:29,54880,54875,90,54886.8,60,30,2189250
BANKNIFTY-I.NFO,06/05/2025,09:31:31,54890,54877,60,54890,2430,30,2189250
BANKNIFTY-I.NFO,06/05/2025,09:31:32,54875,54878,30,54890,2430,180,2189250
BANKNIFTY-I.NFO,06/05/2025,09:31:33,54890,54878,90,54890,2400,30,2189250
BANKNIFTY-I.NFO,06/05/2025,09:31:34,54890,54880,30,54883.4,60,0,2189250
BANKNIFTY-I.NFO,06/05/2025,09:31:36,54879.2,54877,30,54880.6,60,120,2189250
BANKNIFTY-I.NFO,06/05/2025,09:31:37,54879.2,54877.2,30,54886,60,0,2189250
BANKNIFTY-I.NFO,06/05/2025,09:31:38,54879.2,54877.2,30,54883.8,60,0,2189250
BANKNIFTY-I.NFO,06/05/2025,09:31:39,54884.2,54877.2,30,54885.4,60,60,2189250
BANKNIFTY-I.NFO,06/05/2025,09:31:41,54884.2,54877.2,30,54885.4,60,0,2189250
BANKNIFTY-I.NFO,06/05/2025,09:31:42,54884.2,54877.2,30,54884.2,30,0,2189250
BANKNIFTY-I.NFO,06/05/2025,09:31:43,54878,54877.6,60,54884.2,30,30,2189250
BANKNIFTY-I.NFO,06/05/2025,09:31:44,54878,54877.6,30,54880,990,0,2189250
BANKNIFTY-I.NFO,06/05/2025,09:31:46,54875,54875,870,54880,990,120,2189250
BANKNIFTY-I.NFO,06/05/2025,09:31:47,54875,54875,870,54880,990,30,2189250
BANKNIFTY-I.NFO,06/05/2025,09:31:48,54875,54875,810,54880,990,60,2189250
BANKNIFTY-I.NFO,06/05/2025,09:31:49,54878.8,54879.4,30,54884.2,30,1020,2189250
BANKNIFTY-I.NFO,06/05/2025,09:31:51,54881.8,54879.8,30,54890,1470,390,2189250
BANKNIFTY-I.NFO,06/05/2025,09:31:52,54886.6,54886.2,60,54890,1440,60,2189250
BANKNIFTY-I.NFO,06/05/2025,09:31:53,54890.2,54886.2,30,54897.8,60,1530,2189250
BANKNIFTY-I.NFO,06/05/2025,09:31:54,54890.2,54887,60,54900,1950,0,2189250
BANKNIFTY-I.NFO,06/05/2025,09:31:56,54900,54893.8,210,54900,1920,60,2189250
BANKNIFTY-I.NFO,06/05/2025,09:31:57,54900,54893.8,90,54900,1890,30,2189250
BANKNIFTY-I.NFO,06/05/2025,09:31:58,54893.8,54897.6,90,54900,1890,30,2189250
BANKNIFTY-I.NFO,06/05/2025,09:31:59,54908.6,54903.4,60,54910,11280,2010,2189250
BANKNIFTY-I.NFO,06/05/2025,09:32:01,54909.8,54903.4,60,54910,11280,30,2189250
BANKNIFTY-I.NFO,06/05/2025,09:32:02,54903.4,54903.4,30,54910,11280,30,2189250
BANKNIFTY-I.NFO,06/05/2025,09:32:03,54908.2,54903.4,30,54910,11310,60,2189250
BANKNIFTY-I.NFO,06/05/2025,09:32:04,54903.4,54900,900,54901.8,60,60,2189250
BANKNIFTY-I.NFO,06/05/2025,09:32:06,54901.2,54900,750,54901.8,150,300,2189250
BANKNIFTY-I.NFO,06/05/2025,09:32:07,54901.2,54900.2,30,54904.2,120,0,2189250
BANKNIFTY-I.NFO,06/05/2025,09:32:08,54901.2,54900.2,30,54908.8,150,0,2189250
BANKNIFTY-I.NFO,06/05/2025,09:32:09,54908.8,54900.2,30,54908.8,120,30,2189250
BANKNIFTY-I.NFO,06/05/2025,09:32:11,54908.8,54901.8,30,54908.2,150,30,2189250
BANKNIFTY-I.NFO,06/05/2025,09:32:12,54900,54900,600,54902.8,180,240,2189250
BANKNIFTY-I.NFO,06/05/2025,09:32:13,54893.8,54890.2,30,54895.4,180,660,2189250
BANKNIFTY-I.NFO,06/05/2025,09:32:14,54895.4,54890.2,30,54895.4,120,90,2189250
BANKNIFTY-I.NFO,06/05/2025,09:32:16,54890.2,54890.2,30,54893.4,180,540,2189250
BANKNIFTY-I.NFO,06/05/2025,09:32:17,54888,54881,30,54888.8,30,90,2189250
BANKNIFTY-I.NFO,06/05/2025,09:32:18,54889.4,54881,30,54889.2,150,90,2189250
BANKNIFTY-I.NFO,06/05/2025,09:32:19,54892.2,54881,30,54892.6,30,180,2189250
BANKNIFTY-I.NFO,06/05/2025,09:32:21,54881.2,54881.2,30,54893.8,3000,120,2189250
BANKNIFTY-I.NFO,06/05/2025,09:32:22,54892.2,54881,30,54893.8,2940,90,2189250
BANKNIFTY-I.NFO,06/05/2025,09:32:23,54890.2,54881.2,30,54890,30,30,2189250
BANKNIFTY-I.NFO,06/05/2025,09:32:24,54890,54881.2,30,54893.8,2940,60,2189250
BANKNIFTY-I.NFO,06/05/2025,09:32:26,54880.6,54880.2,30,54895.4,180,2940,2189250
BANKNIFTY-I.NFO,06/05/2025,09:32:27,54892.2,54880,420,54890,1650,150,2189250
BANKNIFTY-I.NFO,06/05/2025,09:32:28,54892.2,54880,420,54885.4,60,0,2189250
BANKNIFTY-I.NFO,06/05/2025,09:32:29,54885.2,54880,420,54886.8,150,30,2189250
BANKNIFTY-I.NFO,06/05/2025,09:32:31,54880,54880,390,54889.6,120,60,2189250
BANKNIFTY-I.NFO,06/05/2025,09:32:32,54880,54880,360,54890,1620,30,2189250
BANKNIFTY-I.NFO,06/05/2025,09:32:33,54889.4,54880,360,54889.4,90,30,2189250
BANKNIFTY-I.NFO,06/05/2025,09:32:34,54880,54880,1050,54890,1620,30,2189250
BANKNIFTY-I.NFO,06/05/2025,09:32:36,54880,54880,1080,54888.8,60,0,2189250
BANKNIFTY-I.NFO,06/05/2025,09:32:37,54880,54880,1080,54886,60,0,2189250
BANKNIFTY-I.NFO,06/05/2025,09:32:38,54880,54880,1080,54886,120,0,2189250
BANKNIFTY-I.NFO,06/05/2025,09:32:39,54880,54880.2,30,54885.8,60,0,2189250
BANKNIFTY-I.NFO,06/05/2025,09:32:41,54885.8,54880,1110,54889.4,60,60,2189250
BANKNIFTY-I.NFO,06/05/2025,09:32:42,54885.8,54880,1110,54889.4,60,0,2189250
BANKNIFTY-I.NFO,06/05/2025,09:32:43,54885.8,54881.6,30,54889.4,60,0,2189250
BANKNIFTY-I.NFO,06/05/2025,09:32:44,54890,54888,90,54900,1860,1680,2189250
BANKNIFTY-I.NFO,06/05/2025,09:32:46,54900,54887.8,150,54900,1560,300,2189250
BANKNIFTY-I.NFO,06/05/2025,09:32:47,54900,54899.2,30,54903.4,60,1560,2189250
BANKNIFTY-I.NFO,06/05/2025,09:32:48,54903.4,54895.2,60,54905,30,60,2189250
BANKNIFTY-I.NFO,06/05/2025,09:32:49,54903.4,54889.8,90,54904.8,30,0,2189250
BANKNIFTY-I.NFO,06/05/2025,09:32:51,54903.4,54900,510,54905,30,0,2189250
BANKNIFTY-I.NFO,06/05/2025,09:32:53,54905,54900.2,30,54909,1980,30,2189250
BANKNIFTY-I.NFO,06/05/2025,09:32:54,54908.8,54900.2,30,54909,1980,30,2189250
BANKNIFTY-I.NFO,06/05/2025,09:32:56,54903.4,54900.2,90,54909,1980,30,2189250
BANKNIFTY-I.NFO,06/05/2025,09:32:57,54908.8,54905,270,54909,1980,30,2189250
BANKNIFTY-I.NFO,06/05/2025,09:32:58,54905,54905,270,54909,1950,60,2189250
BANKNIFTY-I.NFO,06/05/2025,09:32:59,54905,54903.4,60,54905,1710,330,2189250
BANKNIFTY-I.NFO,06/05/2025,09:33:01,54905,54903.4,60,54905,1680,60,2189250
BANKNIFTY-I.NFO,06/05/2025,09:33:02,54903.4,54903.4,30,54905,1680,30,2189250
BANKNIFTY-I.NFO,06/05/2025,09:33:03,54905,54900.4,60,54905,1620,90,2189250
BANKNIFTY-I.NFO,06/05/2025,09:33:04,54908,54907,60,54909,1980,1650,2189250
BANKNIFTY-I.NFO,06/05/2025,09:33:06,54909,54907,90,54909,1020,960,2189250
BANKNIFTY-I.NFO,06/05/2025,09:33:07,54909,54905.2,30,54909,990,30,2189250
BANKNIFTY-I.NFO,06/05/2025,09:33:08,54905,54900,1050,54909,990,30,2189250
BANKNIFTY-I.NFO,06/05/2025,09:33:09,54909,54900,1050,54909,960,30,2189250
BANKNIFTY-I.NFO,06/05/2025,09:33:11,54909,54903.8,60,54909,960,0,2189250
BANKNIFTY-I.NFO,06/05/2025,09:33:12,54909,54903.8,60,54909,960,60,2189250
BANKNIFTY-I.NFO,06/05/2025,09:33:13,54909,54903.8,60,54909,930,30,2189250
BANKNIFTY-I.NFO,06/05/2025,09:33:14,54909,54903.8,60,54909,900,30,2189250
BANKNIFTY-I.NFO,06/05/2025,09:33:16,54909,54903.8,60,54909,900,0,2189250
BANKNIFTY-I.NFO,06/05/2025,09:33:17,54909,54903.8,60,54909,810,90,2189250
BANKNIFTY-I.NFO,06/05/2025,09:33:18,54903.8,54903.8,30,54909,810,30,2189250
BANKNIFTY-I.NFO,06/05/2025,09:33:19,54903.8,54903.8,30,54908.8,60,0,2189250
BANKNIFTY-I.NFO,06/05/2025,09:33:21,54903.8,54904,120,54908.8,60,0,2189250
BANKNIFTY-I.NFO,06/05/2025,09:33:22,54908.8,54904.6,30,54909,810,30,2189250
BANKNIFTY-I.NFO,06/05/2025,09:33:23,54908.8,54905,30,54909,810,0,2189250
BANKNIFTY-I.NFO,06/05/2025,09:33:24,54909,54905,30,54909,780,180,2189250
BANKNIFTY-I.NFO,06/05/2025,09:33:26,54908.8,54905,30,54909,780,60,2189250
BANKNIFTY-I.NFO,06/05/2025,09:33:27,54909,54905,30,54909,720,60,2189250
BANKNIFTY-I.NFO,06/05/2025,09:33:28,54909,54905,60,54909,630,90,2189250
BANKNIFTY-I.NFO,06/05/2025,09:33:29,54908,54900,1110,54908.2,30,180,2189250
BANKNIFTY-I.NFO,06/05/2025,09:33:31,54909,54900.2,30,54904.4,30,300,2196630
BANKNIFTY-I.NFO,06/05/2025,09:33:32,54909,54900.4,120,54905,30,0,2196630
BANKNIFTY-I.NFO,06/05/2025,09:33:33,54905,54901.2,60,54908.8,30,30,2196630
BANKNIFTY-I.NFO,06/05/2025,09:33:34,54905.6,54906,60,54908.8,30,30,2196630
BANKNIFTY-I.NFO,06/05/2025,09:33:36,54915,54913.4,30,54915,420,4200,2196630
BANKNIFTY-I.NFO,06/05/2025,09:33:37,54922,54920.2,30,54925.2,30,870,2196630
BANKNIFTY-I.NFO,06/05/2025,09:33:38,54935,54932,60,54940,60,390,2196630
BANKNIFTY-I.NFO,06/05/2025,09:33:39,54931.6,54925.2,30,54931.6,90,120,2196630
BANKNIFTY-I.NFO,06/05/2025,09:33:41,54929.6,54915,30,54928.8,120,90,2196630
BANKNIFTY-I.NFO,06/05/2025,09:33:42,54926,54912.4,30,54926,60,60,2196630
BANKNIFTY-I.NFO,06/05/2025,09:33:43,54913.2,54911.8,30,54926.6,120,60,2196630
BANKNIFTY-I.NFO,06/05/2025,09:33:44,54920.8,54904.4,90,54916.8,150,90,2196630
BANKNIFTY-I.NFO,06/05/2025,09:33:46,54920.8,54904.4,90,54917.6,120,0,2196630
BANKNIFTY-I.NFO,06/05/2025,09:33:47,54904.4,54900,1170,54910,150,90,2196630
BANKNIFTY-I.NFO,06/05/2025,09:33:48,54902.8,54900,1080,54904.2,90,120,2196630
BANKNIFTY-I.NFO,06/05/2025,09:33:49,54907.6,54889.2,30,54899,60,1260,2196630
BANKNIFTY-I.NFO,06/05/2025,09:33:51,54908.2,54892.6,30,54912.4,30,390,2196630
BANKNIFTY-I.NFO,06/05/2025,09:33:52,54908.2,54901.2,30,54919.2,30,0,2196630
BANKNIFTY-I.NFO,06/05/2025,09:33:53,54908.2,54901.2,30,54911.6,60,0,2196630
BANKNIFTY-I.NFO,06/05/2025,09:33:54,54908.2,54910,30,54911.4,30,0,2196630
BANKNIFTY-I.NFO,06/05/2025,09:33:56,54910,54910,90,54921,30,60,2196630
BANKNIFTY-I.NFO,06/05/2025,09:33:57,54926,54910,90,54914.2,60,120,2196630
BANKNIFTY-I.NFO,06/05/2025,09:33:58,54910,54908.2,150,54911.8,60,90,2196630
BANKNIFTY-I.NFO,06/05/2025,09:33:59,54917.6,54908.4,30,54924,120,90,2196630
BANKNIFTY-I.NFO,06/05/2025,09:34:01,54917.6,54913,90,54924,90,0,2196630
BANKNIFTY-I.NFO,06/05/2025,09:34:02,54913,54922.2,60,54924,90,30,2196630
BANKNIFTY-I.NFO,06/05/2025,09:34:03,54924,54921.2,120,54924,60,60,2196630
BANKNIFTY-I.NFO,06/05/2025,09:34:04,54934,54925.2,30,54935,30,150,2196630
BANKNIFTY-I.NFO,06/05/2025,09:34:06,54926,54925.2,60,54935,30,30,2196630
BANKNIFTY-I.NFO,06/05/2025,09:34:07,54935,54934.2,120,54940,360,30,2196630
BANKNIFTY-I.NFO,06/05/2025,09:34:08,54934.2,54934.2,30,54940,300,120,2196630
BANKNIFTY-I.NFO,06/05/2025,09:34:09,54934.2,54934.2,30,54939.8,30,30,2196630
BANKNIFTY-I.NFO,06/05/2025,09:34:11,54940,54930.8,120,54944,30,360,2196630
BANKNIFTY-I.NFO,06/05/2025,09:34:12,54934.2,54935,30,54944,30,180,2196630
BANKNIFTY-I.NFO,06/05/2025,09:34:13,54939.8,54935,30,54939.2,60,30,2196630
BANKNIFTY-I.NFO,06/05/2025,09:34:14,54922.8,54922.6,30,54938.6,30,150,2196630
BANKNIFTY-I.NFO,06/05/2025,09:34:16,54935,54931,30,54943.4,30,30,2196630
BANKNIFTY-I.NFO,06/05/2025,09:34:17,54938,54931,30,54944,30,60,2196630
BANKNIFTY-I.NFO,06/05/2025,09:34:18,54941.4,54931,30,54939.8,30,120,2196630
BANKNIFTY-I.NFO,06/05/2025,09:34:19,54941.2,54931,30,54939.4,30,90,2196630
BANKNIFTY-I.NFO,06/05/2025,09:34:21,54941.2,54931,60,54937.2,60,0,2196630
BANKNIFTY-I.NFO,06/05/2025,09:34:22,54922.8,54922.8,30,54930.4,180,270,2196630
BANKNIFTY-I.NFO,06/05/2025,09:34:23,54928.6,54917.6,30,54931.2,60,60,2196630
BANKNIFTY-I.NFO,06/05/2025,09:34:24,54922.8,54917.6,60,54927,60,180,2196630
BANKNIFTY-I.NFO,06/05/2025,09:34:26,54917.6,54913,30,54920.2,90,150,2196630
BANKNIFTY-I.NFO,06/05/2025,09:34:27,54900,54909.4,150,54924.8,30,330,2196630
BANKNIFTY-I.NFO,06/05/2025,09:34:28,54924.8,54927.4,30,54931,30,30,2196630
BANKNIFTY-I.NFO,06/05/2025,09:34:29,54928.4,54915.8,30,54930.8,30,60,2196630
BANKNIFTY-I.NFO,06/05/2025,09:34:31,54928.4,54922.4,30,54930.8,30,0,2196630
BANKNIFTY-I.NFO,06/05/2025,09:34:32,54930.8,54930.8,30,54936.6,30,30,2196630
BANKNIFTY-I.NFO,06/05/2025,09:34:33,54939.8,54928.6,30,54930.8,30,180,2196630
BANKNIFTY-I.NFO,06/05/2025,09:34:34,54939.8,54928.6,30,54930.6,30,0,2196630
BANKNIFTY-I.NFO,06/05/2025,09:34:36,54931,54928.6,30,54935,30,90,2196630
BANKNIFTY-I.NFO,06/05/2025,09:34:37,54931,54930.6,60,54938.8,60,0,2196630
BANKNIFTY-I.NFO,06/05/2025,09:34:38,54935,54934.8,60,54939.6,30,60,2196630
BANKNIFTY-I.NFO,06/05/2025,09:34:39,54937.8,54934.8,30,54940,60,90,2196630
BANKNIFTY-I.NFO,06/05/2025,09:34:41,54934.8,54932.2,30,54940,60,90,2196630
BANKNIFTY-I.NFO,06/05/2025,09:34:42,54933.6,54938,60,54940,60,30,2196630
BANKNIFTY-I.NFO,06/05/2025,09:34:43,54940,54938,60,54940,30,60,2196630
BANKNIFTY-I.NFO,06/05/2025,09:34:44,54950,54950,240,54951.4,120,930,2196630
BANKNIFTY-I.NFO,06/05/2025,09:34:46,54951.4,54950,270,54951.4,30,90,2196630
BANKNIFTY-I.NFO,06/05/2025,09:34:47,54952,54950,360,54952,60,120,2196630
BANKNIFTY-I.NFO,06/05/2025,09:34:48,54950,54950,300,54951.8,30,150,2196630
BANKNIFTY-I.NFO,06/05/2025,09:34:49,54952,54950,300,54951.2,90,330,2196630
BANKNIFTY-I.NFO,06/05/2025,09:34:51,54950,54940,180,54950,240,420,2196630
BANKNIFTY-I.NFO,06/05/2025,09:34:52,54950,54940,210,54948.8,90,0,2196630
BANKNIFTY-I.NFO,06/05/2025,09:34:53,54950,54940,210,54948.4,60,0,2196630
BANKNIFTY-I.NFO,06/05/2025,09:34:54,54950,54940,210,54950,240,240,2196630
BANKNIFTY-I.NFO,06/05/2025,09:34:56,54952,54950,240,54956.2,60,270,2196630
BANKNIFTY-I.NFO,06/05/2025,09:34:57,54950,54950,210,54958,30,120,2196630
BANKNIFTY-I.NFO,06/05/2025,09:34:58,54952,54952,60,54955.4,300,90,2196630
BANKNIFTY-I.NFO,06/05/2025,09:35:00,54955.4,54952,30,54955.2,30,180,2196630
BANKNIFTY-I.NFO,06/05/2025,09:35:01,54955.4,54952,30,54954.6,30,0,2196630
BANKNIFTY-I.NFO,06/05/2025,09:35:02,54940.2,54952,60,54955.4,150,480,2196630
BANKNIFTY-I.NFO,06/05/2025,09:35:03,54952,54941,150,54952,30,300,2196630
BANKNIFTY-I.NFO,06/05/2025,09:35:05,54952,54940,210,54954.6,30,180,2196630
BANKNIFTY-I.NFO,06/05/2025,09:35:06,54952,54942.6,30,54958.6,90,0,2196630
BANKNIFTY-I.NFO,06/05/2025,09:35:07,54952,54940.6,120,54952,60,0,2196630
BANKNIFTY-I.NFO,06/05/2025,09:35:08,54952,54942,120,54955.4,30,60,2196630
BANKNIFTY-I.NFO,06/05/2025,09:35:10,54955.4,54943,30,54958,30,30,2196630
BANKNIFTY-I.NFO,06/05/2025,09:35:11,54940.2,54940.8,30,54957.2,90,30,2196630
BANKNIFTY-I.NFO,06/05/2025,09:35:12,54940.2,54946,30,54953.8,60,0,2196630
BANKNIFTY-I.NFO,06/05/2025,09:35:13,54940.8,54940,180,54940.8,60,90,2196630
BANKNIFTY-I.NFO,06/05/2025,09:35:15,54940.8,54940.6,30,54956.6,60,60,2196630
BANKNIFTY-I.NFO,06/05/2025,09:35:16,54940.8,54945,300,54952.4,180,0,2196630
BANKNIFTY-I.NFO,06/05/2025,09:35:17,54945,54945,300,54952,30,30,2196630
BANKNIFTY-I.NFO,06/05/2025,09:35:18,54945,54945,330,54958,30,0,2196630
BANKNIFTY-I.NFO,06/05/2025,09:35:20,54945,54945.2,30,54958,30,0,2196630
BANKNIFTY-I.NFO,06/05/2025,09:35:21,54958,54950.8,30,54960,30,30,2196630
BANKNIFTY-I.NFO,06/05/2025,09:35:22,54958,54958.4,120,54960,30,0,2196630
BANKNIFTY-I.NFO,06/05/2025,09:35:23,54960,54958.8,30,54962.6,30,60,2196630
BANKNIFTY-I.NFO,06/05/2025,09:35:25,54958,54954.6,120,54962.6,30,120,2196630
BANKNIFTY-I.NFO,06/05/2025,09:35:26,54958,54955.4,30,54958,30,0,2196630
BANKNIFTY-I.NFO,06/05/2025,09:35:27,54950,54950.2,30,54958,30,60,2196630
BANKNIFTY-I.NFO,06/05/2025,09:35:28,54958,54945,270,54956.6,90,30,2196630
BANKNIFTY-I.NFO,06/05/2025,09:35:30,54955,54945,270,54955.4,30,60,2196630
BANKNIFTY-I.NFO,06/05/2025,09:35:31,54955.2,54945,270,54955.4,30,30,2196630
BANKNIFTY-I.NFO,06/05/2025,09:35:32,54955,54945,270,54954.8,120,300,2196630
BANKNIFTY-I.NFO,06/05/2025,09:35:33,54953.6,54945,270,54955.4,60,30,2196630
BANKNIFTY-I.NFO,06/05/2025,09:35:35,54950,54950,30,54957.2,30,30,2196630
BANKNIFTY-I.NFO,06/05/2025,09:35:36,54945,54945,180,54956.2,180,120,2196630
BANKNIFTY-I.NFO,06/05/2025,09:35:37,54945,54945,210,54955.4,120,0,2196630
BANKNIFTY-I.NFO,06/05/2025,09:35:38,54945,54945.6,30,54947.8,210,30,2196630
BANKNIFTY-I.NFO,06/05/2025,09:35:40,54945,54944,60,54946,30,180,2196630
BANKNIFTY-I.NFO,06/05/2025,09:35:41,54944,54940,180,54943.8,120,60,2196630
BANKNIFTY-I.NFO,06/05/2025,09:35:42,54940,54930,30,54934.4,60,180,2196630
BANKNIFTY-I.NFO,06/05/2025,09:35:43,54930,54920,60,54929.2,30,30,2196630
BANKNIFTY-I.NFO,06/05/2025,09:35:45,54929.2,54930,90,54936.2,30,30,2196630
BANKNIFTY-I.NFO,06/05/2025,09:35:46,54930,54930,60,54932.6,60,30,2196630
BANKNIFTY-I.NFO,06/05/2025,09:35:47,54930,54930,60,54932.6,30,0,2196630
BANKNIFTY-I.NFO,06/05/2025,09:35:50,54930,54930,60,54932.2,150,0,2196630
BANKNIFTY-I.NFO,06/05/2025,09:35:51,54930,54930,120,54932.2,120,0,2196630
BANKNIFTY-I.NFO,06/05/2025,09:35:54,54930,54930,30,54932.2,120,90,2196630
BANKNIFTY-I.NFO,06/05/2025,09:35:56,54930,54929.4,120,54932.2,120,330,2196630
BANKNIFTY-I.NFO,06/05/2025,09:35:57,54930,54929,120,54932.2,30,0,2196630
BANKNIFTY-I.NFO,06/05/2025,09:35:58,54930,54927,150,54932.2,30,0,2196630
BANKNIFTY-I.NFO,06/05/2025,09:35:59,54930,54926.2,180,54932.2,30,0,2196630
BANKNIFTY-I.NFO,06/05/2025,09:36:01,54932,54921,150,54932,120,30,2196630
BANKNIFTY-I.NFO,06/05/2025,09:36:02,54930.8,54925,30,54930.8,90,90,2196630
BANKNIFTY-I.NFO,06/05/2025,09:36:03,54924.4,54920,60,54924.4,90,60,2196630
BANKNIFTY-I.NFO,06/05/2025,09:36:04,54904.6,54901,90,54909.8,90,930,2196630
BANKNIFTY-I.NFO,06/05/2025,09:36:06,54901,54901,60,54909.8,120,30,2196630
BANKNIFTY-I.NFO,06/05/2025,09:36:08,54901,54902.8,60,54909.8,90,60,2196630
BANKNIFTY-I.NFO,06/05/2025,09:36:09,54909.8,54909.8,30,54910,10800,120,2196630
BANKNIFTY-I.NFO,06/05/2025,09:36:11,54910,54909.8,30,54910,9750,1080,2196630
BANKNIFTY-I.NFO,06/05/2025,09:36:12,54909,54905.4,30,54909.8,30,60,2196630
BANKNIFTY-I.NFO,06/05/2025,09:36:13,54907.8,54907.6,30,54910,9750,60,2196630
BANKNIFTY-I.NFO,06/05/2025,09:36:14,54905.4,54901,30,54910,8460,2220,2196630
BANKNIFTY-I.NFO,06/05/2025,09:36:16,54900,54900,960,54910,8160,570,2196630
BANKNIFTY-I.NFO,06/05/2025,09:36:17,54910,54900,780,54910,7140,1260,2196630
BANKNIFTY-I.NFO,06/05/2025,09:36:18,54900,54900,690,54905,540,150,2196630
BANKNIFTY-I.NFO,06/05/2025,09:36:19,54900,54900,510,54905,540,180,2196630
BANKNIFTY-I.NFO,06/05/2025,09:36:21,54900,54900,330,54905,450,420,2196630
BANKNIFTY-I.NFO,06/05/2025,09:36:22,54901.4,54902.8,60,54905,450,150,2196630
BANKNIFTY-I.NFO,06/05/2025,09:36:23,54900.2,54901.4,150,54905,240,810,2196630
BANKNIFTY-I.NFO,06/05/2025,09:36:24,54900.2,54901.4,150,54905,240,0,2196630
BANKNIFTY-I.NFO,06/05/2025,09:36:26,54901.4,54901.4,120,54905,240,60,2196630
BANKNIFTY-I.NFO,06/05/2025,09:36:27,54895.2,54900,150,54904.4,30,300,2196630
BANKNIFTY-I.NFO,06/05/2025,09:36:28,54902.8,54900,30,54905,240,150,2196630
BANKNIFTY-I.NFO,06/05/2025,09:36:29,54901,54901,180,54905,240,240,2196630
BANKNIFTY-I.NFO,06/05/2025,09:36:31,54905,54901.6,150,54905,1290,60,2198640
BANKNIFTY-I.NFO,06/05/2025,09:36:32,54905,54901.6,150,54905,1260,30,2198640
BANKNIFTY-I.NFO,06/05/2025,09:36:33,54901,54901,120,54902.8,30,360,2198640
BANKNIFTY-I.NFO,06/05/2025,09:36:34,54900,54900,60,54901.6,60,690,2198640
BANKNIFTY-I.NFO,06/05/2025,09:36:36,54902.6,54891.6,60,54903.4,30,210,2198640
BANKNIFTY-I.NFO,06/05/2025,09:36:37,54903.4,54893.2,150,54904.8,180,30,2198640
BANKNIFTY-I.NFO,06/05/2025,09:36:38,54901.6,54893.2,180,54904.8,120,300,2198640
BANKNIFTY-I.NFO,06/05/2025,09:36:39,54901.6,54893.2,180,54904.6,120,0,2198640
BANKNIFTY-I.NFO,06/05/2025,09:36:41,54904.6,54893.2,150,54904.8,60,180,2198640
BANKNIFTY-I.NFO,06/05/2025,09:36:42,54893.2,54893.2,60,54904.8,60,90,2198640
BANKNIFTY-I.NFO,06/05/2025,09:36:43,54901.6,54899.4,60,54904.8,60,60,2198640
BANKNIFTY-I.NFO,06/05/2025,09:36:44,54901.6,54899.6,60,54904.8,60,0,2198640
BANKNIFTY-I.NFO,06/05/2025,09:36:46,54905,54899.6,60,54905,1050,180,2198640
BANKNIFTY-I.NFO,06/05/2025,09:36:47,54899.6,54899.6,90,54905,1050,120,2198640
BANKNIFTY-I.NFO,06/05/2025,09:36:48,54895.2,54895.2,90,54905,1050,150,2198640
BANKNIFTY-I.NFO,06/05/2025,09:36:49,54892,54895.2,150,54899.6,30,150,2198640
BANKNIFTY-I.NFO,06/05/2025,09:36:51,54895.8,54890,120,54895.2,30,180,2198640
BANKNIFTY-I.NFO,06/05/2025,09:36:52,54890,54888,30,54895.2,30,180,2198640
BANKNIFTY-I.NFO,06/05/2025,09:36:53,54888,54885.8,30,54895.2,30,60,2198640
BANKNIFTY-I.NFO,06/05/2025,09:36:54,54881.2,54881,60,54890,150,150,2198640
BANKNIFTY-I.NFO,06/05/2025,09:36:56,54880,54880,720,54884.4,180,570,2198640
BANKNIFTY-I.NFO,06/05/2025,09:36:57,54880,54880,210,54885.2,90,3540,2198640
BANKNIFTY-I.NFO,06/05/2025,09:36:58,54879.2,54876,30,54878,60,300,2198640
BANKNIFTY-I.NFO,06/05/2025,09:36:59,54871,54870,1140,54878.8,120,1020,2198640
BANKNIFTY-I.NFO,06/05/2025,09:37:01,54870,54870,660,54876.4,90,510,2198640
BANKNIFTY-I.NFO,06/05/2025,09:37:02,54870,54870,720,54879,90,90,2198640
BANKNIFTY-I.NFO,06/05/2025,09:37:03,54870,54874.6,30,54879,60,0,2198640
BANKNIFTY-I.NFO,06/05/2025,09:37:04,54874.6,54870,720,54875,30,30,2198640
BANKNIFTY-I.NFO,06/05/2025,09:37:06,54870,54870,690,54880,30,180,2198640
BANKNIFTY-I.NFO,06/05/2025,09:37:07,54870,54868,30,54870,1050,750,2198640
BANKNIFTY-I.NFO,06/05/2025,09:37:08,54870,54868,60,54870,930,180,2198640
BANKNIFTY-I.NFO,06/05/2025,09:37:09,54870,54868,30,54870,930,60,2198640
BANKNIFTY-I.NFO,06/05/2025,09:37:11,54870,54868,30,54870,930,0,2198640
BANKNIFTY-I.NFO,06/05/2025,09:37:12,54868,54866,30,54870,930,90,2198640
BANKNIFTY-I.NFO,06/05/2025,09:37:13,54864,54862.2,30,54869,30,120,2198640
BANKNIFTY-I.NFO,06/05/2025,09:37:14,54862.2,54861,30,54869,90,30,2198640
BANKNIFTY-I.NFO,06/05/2025,09:37:16,54868,54851.6,30,54868,90,1140,2198640
BANKNIFTY-I.NFO,06/05/2025,09:37:16,54851.2,54851.6,30,54868,90,0,2198640
BANKNIFTY-I.NFO,06/05/2025,09:37:17,54862.8,54851.4,30,54868.2,90,210,2198640
BANKNIFTY-I.NFO,06/05/2025,09:37:18,54851.8,54851.4,30,54865.8,90,1590,2198640
BANKNIFTY-I.NFO,06/05/2025,09:37:18,54850.8,54851.4,30,54865.8,90,0,2198640
BANKNIFTY-I.NFO,06/05/2025,09:37:19,54861,54851.4,30,54863.6,30,210,2198640
BANKNIFTY-I.NFO,06/05/2025,09:37:21,54860.4,54850.8,30,54861,30,150,2198640
BANKNIFTY-I.NFO,06/05/2025,09:37:22,54850,54848,150,54850.6,90,2790,2198640
BANKNIFTY-I.NFO,06/05/2025,09:37:22,54850,54848,150,54850.6,90,0,2198640
BANKNIFTY-I.NFO,06/05/2025,09:37:23,54850,54841,30,54850,30,330,2198640
BANKNIFTY-I.NFO,06/05/2025,09:37:23,54842.8,54841,30,54850,30,0,2198640
BANKNIFTY-I.NFO,06/05/2025,09:37:24,54841.2,54841,30,54850,30,90,2198640
BANKNIFTY-I.NFO,06/05/2025,09:37:24,54841.2,54841,30,54850,30,0,2198640
BANKNIFTY-I.NFO,06/05/2025,09:37:26,54849.2,54836,30,54850,30,330,2198640
BANKNIFTY-I.NFO,06/05/2025,09:37:26,54835,54836,30,54850,30,0,2198640
BANKNIFTY-I.NFO,06/05/2025,09:37:27,54834.8,54834.8,90,54846.8,90,390,2198640
BANKNIFTY-I.NFO,06/05/2025,09:37:27,54834.8,54834.8,90,54846.8,90,0,2198640
BANKNIFTY-I.NFO,06/05/2025,09:37:28,54849.8,54834.8,60,54847.4,60,390,2198640
BANKNIFTY-I.NFO,06/05/2025,09:37:29,54840,54842.2,30,54849.8,120,60,2198640
BANKNIFTY-I.NFO,06/05/2025,09:37:31,54841.4,54840,60,54850,90,330,2198640
BANKNIFTY-I.NFO,06/05/2025,09:37:32,54847.2,54834.8,60,54847.2,120,180,2198640
BANKNIFTY-I.NFO,06/05/2025,09:37:33,54835,54835,60,54840,510,150,2198640
BANKNIFTY-I.NFO,06/05/2025,09:37:34,54835.2,54835,30,54840,480,210,2198640
BANKNIFTY-I.NFO,06/05/2025,09:37:36,54835,54833,60,54840,120,690,2198640
BANKNIFTY-I.NFO,06/05/2025,09:37:37,54838.8,54835,30,54838.8,60,690,2198640
BANKNIFTY-I.NFO,06/05/2025,09:37:37,54828,54835,30,54838.8,60,0,2198640
BANKNIFTY-I.NFO,06/05/2025,09:37:38,54833,54835,90,54838.6,60,120,2198640
BANKNIFTY-I.NFO,06/05/2025,09:37:38,54825.6,54835,90,54838.6,60,0,2198640
BANKNIFTY-I.NFO,06/05/2025,09:37:39,54826.4,54825.2,150,54840,30,690,2198640
BANKNIFTY-I.NFO,06/05/2025,09:37:41,54835,54825.2,150,54839.6,30,30,2198640
BANKNIFTY-I.NFO,06/05/2025,09:37:42,54825.8,54825,180,54839,30,150,2198640
BANKNIFTY-I.NFO,06/05/2025,09:37:43,54831,54825,60,54831.4,30,300,2198640
BANKNIFTY-I.NFO,06/05/2025,09:37:43,54825,54825,60,54831.4,30,0,2198640
BANKNIFTY-I.NFO,06/05/2025,09:37:44,54825,54825,30,54835,90,90,2198640
BANKNIFTY-I.NFO,06/05/2025,09:37:46,54825,54822,30,54835,60,90,2198640
BANKNIFTY-I.NFO,06/05/2025,09:37:47,54835,54822,30,54830,150,60,2198640
BANKNIFTY-I.NFO,06/05/2025,09:37:48,54824.4,54825,30,54830,120,60,2198640
BANKNIFTY-I.NFO,06/05/2025,09:37:48,54824.4,54825,30,54830,120,0,2198640
BANKNIFTY-I.NFO,06/05/2025,09:37:49,54825,54823.2,30,54829.8,60,90,2198640
BANKNIFTY-I.NFO,06/05/2025,09:37:51,54830,54821.2,120,54835,120,240,2198640
BANKNIFTY-I.NFO,06/05/2025,09:37:51,54821.2,54821.2,120,54835,120,0,2198640
BANKNIFTY-I.NFO,06/05/2025,09:37:52,54830,54821,210,54835,120,0,2198640
BANKNIFTY-I.NFO,06/05/2025,09:37:53,54835,54829.8,30,54835,210,30,2198640
BANKNIFTY-I.NFO,06/05/2025,09:37:56,54829.8,54825.8,30,54835,210,60,2198640
BANKNIFTY-I.NFO,06/05/2025,09:37:57,54825.8,54825,30,54835,240,150,2198640
BANKNIFTY-I.NFO,06/05/2025,09:37:58,54829.4,54829.4,120,54835.2,30,360,2198640
BANKNIFTY-I.NFO,06/05/2025,09:37:59,54835.2,54834.2,90,54839.8,60,90,2198640
BANKNIFTY-I.NFO,06/05/2025,09:38:01,54840,54841.6,30,54845.8,90,1470,2198640
BANKNIFTY-I.NFO,06/05/2025,09:38:02,54840,54838.4,30,54840,30,240,2198640
BANKNIFTY-I.NFO,06/05/2025,09:38:03,54840,54837.2,30,54840,60,210,2198640
BANKNIFTY-I.NFO,06/05/2025,09:38:04,54845.8,54837.4,30,54840,30,150,2198640
BANKNIFTY-I.NFO,06/05/2025,09:38:06,54837.2,54835,90,54840,60,120,2198640
BANKNIFTY-I.NFO,06/05/2025,09:38:07,54831,54829,60,54831,30,150,2198640
BANKNIFTY-I.NFO,06/05/2025,09:38:08,54826.2,54826.8,30,54840,60,390,2198640
BANKNIFTY-I.NFO,06/05/2025,09:38:09,54824.4,54823.2,30,54838.8,30,150,2198640
BANKNIFTY-I.NFO,06/05/2025,09:38:11,54821.8,54830,120,54834.6,30,150,2198640
BANKNIFTY-I.NFO,06/05/2025,09:38:12,54835,54823.8,30,54838.4,90,210,2198640
BANKNIFTY-I.NFO,06/05/2025,09:38:13,54823.4,54822.2,60,54824.8,30,330,2198640
BANKNIFTY-I.NFO,06/05/2025,09:38:14,54830,54824.8,30,54832.4,30,210,2198640
BANKNIFTY-I.NFO,06/05/2025,09:38:14,54821,54824.8,30,54832.4,30,0,2198640
BANKNIFTY-I.NFO,06/05/2025,09:38:16,54820.4,54820.4,90,54836.6,60,210,2198640
BANKNIFTY-I.NFO,06/05/2025,09:38:16,54820,54820.4,90,54836.6,60,0,2198640
BANKNIFTY-I.NFO,06/05/2025,09:38:17,54840,54826.2,30,54840,1860,240,2198640
BANKNIFTY-I.NFO,06/05/2025,09:38:18,54840,54826.4,60,54840,1770,90,2198640
BANKNIFTY-I.NFO,06/05/2025,09:38:19,54829.2,54828.8,30,54840,1770,30,2198640
BANKNIFTY-I.NFO,06/05/2025,09:38:21,54828.2,54827,30,54840,1770,30,2198640
BANKNIFTY-I.NFO,06/05/2025,09:38:22,54840,54828.2,90,54840,1680,90,2198640
BANKNIFTY-I.NFO,06/05/2025,09:38:23,54831.8,54831.2,30,54840,1740,60,2198640
BANKNIFTY-I.NFO,06/05/2025,09:38:24,54840,54830.4,60,54840,1650,120,2198640
BANKNIFTY-I.NFO,06/05/2025,09:38:26,54827.2,54827.6,120,54840,1590,90,2198640
BANKNIFTY-I.NFO,06/05/2025,09:38:27,54833.2,54833.6,150,54840,1530,180,2198640
BANKNIFTY-I.NFO,06/05/2025,09:38:28,54835.6,54828.6,60,54840,1500,240,2198640
BANKNIFTY-I.NFO,06/05/2025,09:38:29,54826.8,54825.8,30,54839,30,240,2198640
BANKNIFTY-I.NFO,06/05/2025,09:38:31,54822.2,54823.6,90,54839,30,150,2198640
BANKNIFTY-I.NFO,06/05/2025,09:38:32,54822.2,54826.8,150,54839,30,0,2198640
BANKNIFTY-I.NFO,06/05/2025,09:38:33,54840,54839,270,54840,1830,390,2198640
BANKNIFTY-I.NFO,06/05/2025,09:38:34,54839,54839,30,54840,1830,30,2198640
BANKNIFTY-I.NFO,06/05/2025,09:38:36,54829.4,54829.2,30,54840,1710,390,2198640
BANKNIFTY-I.NFO,06/05/2025,09:38:37,54829.4,54831,30,54840,2250,0,2198640
BANKNIFTY-I.NFO,06/05/2025,09:38:38,54829.4,54836.4,30,54840,2250,0,2198640
BANKNIFTY-I.NFO,06/05/2025,09:38:39,54840,54839,30,54840,30,2790,2198640
BANKNIFTY-I.NFO,06/05/2025,09:38:41,54839,54833.2,30,54840,60,60,2198640
BANKNIFTY-I.NFO,06/05/2025,09:38:42,54840,54837,30,54840,30,60,2198640
BANKNIFTY-I.NFO,06/05/2025,09:38:43,54840,54839,30,54840,30,660,2198640
BANKNIFTY-I.NFO,06/05/2025,09:38:44,54848.6,54847.6,30,54850,60,750,2198640
BANKNIFTY-I.NFO,06/05/2025,09:38:46,54850.2,54846.6,150,54850.2,90,270,2198640
BANKNIFTY-I.NFO,06/05/2025,09:38:47,54850.2,54841.6,90,54850.2,90,90,2198640
BANKNIFTY-I.NFO,06/05/2025,09:38:48,54850.2,54845.6,30,54850.2,90,30,2198640
BANKNIFTY-I.NFO,06/05/2025,09:38:49,54856.4,54840,420,54851,120,180,2198640
BANKNIFTY-I.NFO,06/05/2025,09:38:51,54850.2,54840,420,54850.8,150,60,2198640
BANKNIFTY-I.NFO,06/05/2025,09:38:52,54850.6,54850.6,300,54853.4,60,30,2198640
BANKNIFTY-I.NFO,06/05/2025,09:38:53,54854,54851,60,54853.2,60,30,2198640
BANKNIFTY-I.NFO,06/05/2025,09:38:54,54853.2,54851,60,54853.2,30,60,2198640
BANKNIFTY-I.NFO,06/05/2025,09:38:56,54856.4,54853.4,60,54866,60,390,2198640
BANKNIFTY-I.NFO,06/05/2025,09:38:57,54856.4,54853.4,60,54863.6,60,0,2198640
BANKNIFTY-I.NFO,06/05/2025,09:38:58,54868.6,54865.2,60,54868.6,60,30,2198640
BANKNIFTY-I.NFO,06/05/2025,09:38:59,54865.4,54856.8,150,54867.4,120,390,2198640
BANKNIFTY-I.NFO,06/05/2025,09:39:01,54864.8,54863.6,60,54864.8,60,30,2198640
BANKNIFTY-I.NFO,06/05/2025,09:39:02,54856.8,54856.8,30,54863.8,60,180,2198640
BANKNIFTY-I.NFO,06/05/2025,09:39:03,54856.8,54856.8,30,54860,390,0,2198640
BANKNIFTY-I.NFO,06/05/2025,09:39:04,54860,54864.8,30,54868.6,60,390,2198640
BANKNIFTY-I.NFO,06/05/2025,09:39:06,54864.2,54855.8,390,54866.2,120,60,2198640
BANKNIFTY-I.NFO,06/05/2025,09:39:07,54867.6,54864.8,60,54868,120,30,2198640
BANKNIFTY-I.NFO,06/05/2025,09:39:08,54864.8,54855.8,390,54866.4,150,60,2198640
BANKNIFTY-I.NFO,06/05/2025,09:39:09,54868,54855.8,390,54866.8,120,60,2198640
BANKNIFTY-I.NFO,06/05/2025,09:39:11,54855.8,54855.8,360,54867.2,120,60,2198640
BANKNIFTY-I.NFO,06/05/2025,09:39:12,54856,54860,60,54864.8,210,90,2198640
BANKNIFTY-I.NFO,06/05/2025,09:39:13,54860,54856,150,54860.8,180,120,2198640
BANKNIFTY-I.NFO,06/05/2025,09:39:14,54860,54856,120,54861.2,30,120,2198640
BANKNIFTY-I.NFO,06/05/2025,09:39:16,54860,54860,60,54865,360,0,2198640
BANKNIFTY-I.NFO,06/05/2025,09:39:17,54860,54856,120,54865,360,60,2198640
BANKNIFTY-I.NFO,06/05/2025,09:39:18,54856,54856,90,54864.8,30,30,2198640
BANKNIFTY-I.NFO,06/05/2025,09:39:19,54864.6,54856,30,54860,30,390,2198640
BANKNIFTY-I.NFO,06/05/2025,09:39:21,54864.4,54856,30,54860,30,60,2198640
BANKNIFTY-I.NFO,06/05/2025,09:39:22,54860,54856,30,54860,60,30,2198640
BANKNIFTY-I.NFO,06/05/2025,09:39:23,54859.8,54856,30,54859.8,150,30,2198640
BANKNIFTY-I.NFO,06/05/2025,09:39:24,54859.8,54856,30,54860,60,0,2198640
BANKNIFTY-I.NFO,06/05/2025,09:39:26,54860,54856,30,54860,30,30,2198640
BANKNIFTY-I.NFO,06/05/2025,09:39:27,54860,54856,30,54860,30,0,2198640
BANKNIFTY-I.NFO,06/05/2025,09:39:29,54868,54860,120,54868,720,180,2198640
BANKNIFTY-I.NFO,06/05/2025,09:39:31,54868,54860,120,54860.6,30,0,2198640
BANKNIFTY-I.NFO,06/05/2025,09:39:32,54860,54856,30,54860,180,150,2194920
BANKNIFTY-I.NFO,06/05/2025,09:39:33,54855.8,54855.8,120,54860,180,60,2194920
BANKNIFTY-I.NFO,06/05/2025,09:39:34,54855.8,54855.8,120,54860,180,0,2194920
BANKNIFTY-I.NFO,06/05/2025,09:39:36,54860,54856.2,30,54860,150,30,2194920
BANKNIFTY-I.NFO,06/05/2025,09:39:37,54860,54860,930,54860.6,30,570,2194920
BANKNIFTY-I.NFO,06/05/2025,09:39:38,54860,54860,870,54860.6,30,60,2194920
BANKNIFTY-I.NFO,06/05/2025,09:39:39,54860,54860,660,54860.4,30,210,2194920
BANKNIFTY-I.NFO,06/05/2025,09:39:41,54860.6,54860.4,120,54868,720,90,2194920
BANKNIFTY-I.NFO,06/05/2025,09:39:42,54860,54860.2,120,54868,720,150,2194920
BANKNIFTY-I.NFO,06/05/2025,09:39:43,54862.2,54862.8,120,54868,720,30,2194920
BANKNIFTY-I.NFO,06/05/2025,09:39:44,54868,54860.2,210,54868,690,30,2194920
BANKNIFTY-I.NFO,06/05/2025,09:39:46,54862.8,54860.8,150,54868,180,930,2194920
BANKNIFTY-I.NFO,06/05/2025,09:39:47,54862.8,54861.6,150,54868,180,0,2194920
BANKNIFTY-I.NFO,06/05/2025,09:39:48,54868,54861.4,90,54868,90,120,2194920
BANKNIFTY-I.NFO,06/05/2025,09:39:49,54868,54865.8,90,54868,30,60,2194920
BANKNIFTY-I.NFO,06/05/2025,09:39:51,54870,54867,60,54870,930,240,2194920
BANKNIFTY-I.NFO,06/05/2025,09:39:52,54870,54865.8,120,54870,930,0,2194920
BANKNIFTY-I.NFO,06/05/2025,09:39:53,54870,54868,30,54870,930,0,2194920
BANKNIFTY-I.NFO,06/05/2025,09:39:54,54868,54855.8,90,54870,960,30,2194920
BANKNIFTY-I.NFO,06/05/2025,09:39:56,54855.8,54855.8,60,54864,60,60,2194920
BANKNIFTY-I.NFO,06/05/2025,09:39:57,54864.8,54860,30,54863.2,180,60,2194920
BANKNIFTY-I.NFO,06/05/2025,09:39:58,54860,54855.8,60,54866.2,150,150,2194920
BANKNIFTY-I.NFO,06/05/2025,09:39:59,54854.4,54854.4,60,54862.8,90,480,2194920
BANKNIFTY-I.NFO,06/05/2025,09:40:01,54850,54842,30,54850,90,870,2194920
BANKNIFTY-I.NFO,06/05/2025,09:40:02,54854.6,54840.2,30,54855.2,90,540,2194920
BANKNIFTY-I.NFO,06/05/2025,09:40:03,54854.6,54840,90,54851.6,150,0,2194920
BANKNIFTY-I.NFO,06/05/2025,09:40:04,54850,54840,90,54850,870,30,2194920
BANKNIFTY-I.NFO,06/05/2025,09:40:06,54840,54840,60,54846.4,30,30,2194920
BANKNIFTY-I.NFO,06/05/2025,09:40:07,54840,54840,60,54846.6,90,0,2194920
BANKNIFTY-I.NFO,06/05/2025,09:40:08,54850,54840,30,54850,1110,90,2194920
BANKNIFTY-I.NFO,06/05/2025,09:40:09,54840,54840,30,54850,1110,30,2194920
BANKNIFTY-I.NFO,06/05/2025,09:40:11,54840,54839,30,54848.4,30,30,2194920
BANKNIFTY-I.NFO,06/05/2025,09:40:12,54840,54839,30,54848.2,30,0,2194920
BANKNIFTY-I.NFO,06/05/2025,09:40:13,54840,54840.2,30,54848.2,30,0,2194920
BANKNIFTY-I.NFO,06/05/2025,09:40:14,54840,54845.2,60,54848.2,30,0,2194920
BANKNIFTY-I.NFO,06/05/2025,09:40:16,54845.2,54847.4,120,54850,1290,30,2194920
BANKNIFTY-I.NFO,06/05/2025,09:40:17,54854.6,54846.4,150,54855.8,30,1350,2194920
BANKNIFTY-I.NFO,06/05/2025,09:40:18,54847.6,54846.4,150,54855.8,30,30,2194920
BANKNIFTY-I.NFO,06/05/2025,09:40:19,54846.8,54848.4,60,54855.8,30,30,2194920
BANKNIFTY-I.NFO,06/05/2025,09:40:20,54855.8,54855.8,30,54859.8,30,60,2194920
BANKNIFTY-I.NFO,06/05/2025,09:40:22,54855.8,54855.8,30,54859.8,30,0,2194920
BANKNIFTY-I.NFO,06/05/2025,09:40:23,54855.8,54856.4,150,54860,450,30,2194920
BANKNIFTY-I.NFO,06/05/2025,09:40:24,54855.8,54856.6,30,54860,450,0,2194920
BANKNIFTY-I.NFO,06/05/2025,09:40:25,54855.8,54854,30,54860,450,0,2194920
BANKNIFTY-I.NFO,06/05/2025,09:40:27,54860,54856,60,54860,420,60,2194920
BANKNIFTY-I.NFO,06/05/2025,09:40:28,54860,54856,30,54860,420,0,2194920
BANKNIFTY-I.NFO,06/05/2025,09:40:29,54860,54854,30,54860,420,0,2194920
BANKNIFTY-I.NFO,06/05/2025,09:40:30,54860,54854,30,54860,450,30,2194920
BANKNIFTY-I.NFO,06/05/2025,09:40:32,54860,54854,30,54855,30,0,2194920
BANKNIFTY-I.NFO,06/05/2025,09:40:33,54854,54850,150,54854.6,30,30,2194920
BANKNIFTY-I.NFO,06/05/2025,09:40:34,54850,54850,90,54854.6,30,60,2194920
BANKNIFTY-I.NFO,06/05/2025,09:40:35,54850,54850,90,54854.4,30,0,2194920
BANKNIFTY-I.NFO,06/05/2025,09:40:37,54850,54850,90,54852.4,60,0,2194920
BANKNIFTY-I.NFO,06/05/2025,09:40:38,54852.2,54852.2,30,54854.6,30,90,2194920
BANKNIFTY-I.NFO,06/05/2025,09:40:39,54850.8,54850,30,54851.2,30,120,2194920
BANKNIFTY-I.NFO,06/05/2025,09:40:40,54854.4,54850,30,54852.8,60,60,2194920
BANKNIFTY-I.NFO,06/05/2025,09:40:42,54840,54840,780,54850,150,90,2194920
BANKNIFTY-I.NFO,06/05/2025,09:40:43,54850,54840,780,54850,60,120,2194920
BANKNIFTY-I.NFO,06/05/2025,09:40:44,54840,54841,30,54849.8,30,30,2194920
BANKNIFTY-I.NFO,06/05/2025,09:40:45,54849.8,54841,30,54849.8,780,60,2194920
BANKNIFTY-I.NFO,06/05/2025,09:40:47,54849.8,54844,60,54849.8,630,150,2194920
BANKNIFTY-I.NFO,06/05/2025,09:40:48,54849.8,54847.4,60,54849.8,600,30,2194920
BANKNIFTY-I.NFO,06/05/2025,09:40:49,54849.8,54849,30,54849.8,510,90,2194920
BANKNIFTY-I.NFO,06/05/2025,09:40:50,54849.8,54848,30,54850,570,0,2194920
BANKNIFTY-I.NFO,06/05/2025,09:40:52,54849.8,54847.4,60,54850,570,0,2194920
BANKNIFTY-I.NFO,06/05/2025,09:40:53,54850,54847.4,120,54850,540,30,2194920
BANKNIFTY-I.NFO,06/05/2025,09:40:54,54848.8,54849.2,30,54850,570,30,2194920
BANKNIFTY-I.NFO,06/05/2025,09:40:55,54854.2,54845,60,54849.8,30,750,2194920
BANKNIFTY-I.NFO,06/05/2025,09:40:57,54849,54844.8,60,54849,960,60,2194920
BANKNIFTY-I.NFO,06/05/2025,09:40:58,54841,54840,300,54848.8,90,30,2194920
BANKNIFTY-I.NFO,06/05/2025,09:40:59,54841,54840,300,54844.4,600,0,2194920
BANKNIFTY-I.NFO,06/05/2025,09:41:00,54844.4,54840,300,54844.4,540,120,2194920
BANKNIFTY-I.NFO,06/05/2025,09:41:02,54840,54839,30,54841.4,60,300,2194920
BANKNIFTY-I.NFO,06/05/2025,09:41:03,54840.4,54830,690,54840.4,480,90,2194920
BANKNIFTY-I.NFO,06/05/2025,09:41:04,54840.2,54830,660,54840.2,420,90,2194920
BANKNIFTY-I.NFO,06/05/2025,09:41:05,54840.2,54830,660,54838.4,120,0,2194920
BANKNIFTY-I.NFO,06/05/2025,09:41:07,54830,54830,630,54837.6,450,30,2194920
BANKNIFTY-I.NFO,06/05/2025,09:41:08,54837.6,54830,630,54837.6,420,60,2194920
BANKNIFTY-I.NFO,06/05/2025,09:41:09,54837.6,54830,570,54837.6,420,90,2194920
BANKNIFTY-I.NFO,06/05/2025,09:41:10,54830,54830,450,54837.6,420,150,2194920
BANKNIFTY-I.NFO,06/05/2025,09:41:12,54837.6,54830,450,54837.6,390,90,2194920
BANKNIFTY-I.NFO,06/05/2025,09:41:13,54837.6,54830,450,54837.6,390,0,2194920
BANKNIFTY-I.NFO,06/05/2025,09:41:14,54837.6,54830,450,54836.4,90,0,2194920
BANKNIFTY-I.NFO,06/05/2025,09:41:15,54830,54827.4,30,54836.4,360,450,2194920
BANKNIFTY-I.NFO,06/05/2025,09:41:16,54830,54826,30,54830,300,60,2194920
BANKNIFTY-I.NFO,06/05/2025,09:41:18,54825,54825,90,54826.4,60,60,2194920
BANKNIFTY-I.NFO,06/05/2025,09:41:19,54819,54816,60,54820.4,330,810,2194920
BANKNIFTY-I.NFO,06/05/2025,09:41:19,54819,54816,60,54820.4,330,0,2194920
BANKNIFTY-I.NFO,06/05/2025,09:41:20,54815,54813.6,30,54815,60,660,2194920
BANKNIFTY-I.NFO,06/05/2025,09:41:20,54810,54813.6,30,54815,60,0,2194920
BANKNIFTY-I.NFO,06/05/2025,09:41:21,54813.8,54813.4,30,54815,270,150,2194920
BANKNIFTY-I.NFO,06/05/2025,09:41:23,54815,54808,120,54815,240,60,2194920
BANKNIFTY-I.NFO,06/05/2025,09:41:24,54807.4,54806,390,54815,240,150,2194920
BANKNIFTY-I.NFO,06/05/2025,09:41:24,54807.4,54806,390,54815,240,0,2194920
BANKNIFTY-I.NFO,06/05/2025,09:41:25,54806.8,54806,420,54814.8,210,120,2194920
BANKNIFTY-I.NFO,06/05/2025,09:41:25,54806.8,54806,420,54814.8,210,0,2194920
BANKNIFTY-I.NFO,06/05/2025,09:41:26,54814.8,54810,30,54814.8,180,30,2194920
BANKNIFTY-I.NFO,06/05/2025,09:41:28,54814.8,54807,90,54814.8,180,270,2194920
BANKNIFTY-I.NFO,06/05/2025,09:41:29,54819,54818,30,54830,30,420,2194920
BANKNIFTY-I.NFO,06/05/2025,09:41:30,54815,54814.4,90,54829.4,30,210,2194920
BANKNIFTY-I.NFO,06/05/2025,09:41:31,54816.2,54815.4,30,54826.8,30,150,2194920
BANKNIFTY-I.NFO,06/05/2025,09:41:33,54829.4,54822.2,30,54829.4,150,90,2194920
BANKNIFTY-I.NFO,06/05/2025,09:41:34,54819.8,54819.2,30,54824,180,60,2194920
