Ticker,Date,Time,LTP,BuyPrice,BuyQty,SellPrice,SellQty,LTQ,OpenInterest
NIFTY-III.NFO,06/05/2025,09:15:02,24816,24802.2,150,24808,75,75,204000
NIFTY-III.NFO,06/05/2025,09:15:02,24816,24802.2,150,24808,75,0,204000
NIFTY-III.NFO,06/05/2025,09:15:02,24816,24802.2,150,24808,75,0,204000
NIFTY-III.NFO,06/05/2025,09:15:02,24816,24802.2,150,24808,75,0,204000
NIFTY-III.NFO,06/05/2025,09:15:04,24808,24802.2,150,24816.6,150,75,204000
NIFTY-III.NFO,06/05/2025,09:15:04,24808,24802.2,150,24816.6,150,0,204000
NIFTY-III.NFO,06/05/2025,09:15:06,24802.2,24802.2,75,24816.8,150,75,204000
NIFTY-III.NFO,06/05/2025,09:15:06,24802.2,24802.2,75,24816.8,150,0,204000
NIFTY-III.NFO,06/05/2025,09:15:07,24802.2,24800.9,750,24810.6,150,0,204000
NIFTY-III.NFO,06/05/2025,09:15:09,24802.6,24796.9,75,24804.3,150,750,204000
NIFTY-III.NFO,06/05/2025,09:15:10,24802.6,24796.9,75,24800.9,150,0,204000
NIFTY-III.NFO,06/05/2025,09:15:12,24802.6,24796.9,75,24798,150,0,204000
NIFTY-III.NFO,06/05/2025,09:15:13,24780.1,24780.1,75,24800.1,150,150,204000
NIFTY-III.NFO,06/05/2025,09:15:13,24780.1,24780.1,75,24800.1,150,0,204000
NIFTY-III.NFO,06/05/2025,09:15:15,24780.1,24780.1,75,24801,150,0,204000
NIFTY-III.NFO,06/05/2025,09:15:17,24778.8,24778.7,300,24795.2,225,300,204000
NIFTY-III.NFO,06/05/2025,09:15:17,24778.8,24778.7,300,24795.2,225,0,204000
NIFTY-III.NFO,06/05/2025,09:15:18,24778.8,24781.6,300,24796.2,150,0,204000
NIFTY-III.NFO,06/05/2025,09:15:20,24778.8,24780.3,300,24793.1,225,0,204000
NIFTY-III.NFO,06/05/2025,09:15:22,24778.8,24774.3,375,24793.9,150,0,204000
NIFTY-III.NFO,06/05/2025,09:15:23,24776.5,24775.1,600,24793.6,150,75,204150
NIFTY-III.NFO,06/05/2025,09:15:23,24776.5,24775.1,600,24793.6,150,0,204150
NIFTY-III.NFO,06/05/2025,09:15:25,24776.5,24774.2,225,24791.4,150,0,204150
NIFTY-III.NFO,06/05/2025,09:15:27,24778.8,24777.6,75,24791.4,150,150,204150
NIFTY-III.NFO,06/05/2025,09:15:28,24778.8,24780.1,75,24793.7,150,0,204150
NIFTY-III.NFO,06/05/2025,09:15:30,24778.8,24780.1,75,24792.3,150,0,204150
NIFTY-III.NFO,06/05/2025,09:15:32,24778.8,24780.3,75,24792.5,150,0,204150
NIFTY-III.NFO,06/05/2025,09:15:33,24778.8,24781.8,75,24793.1,150,0,204150
NIFTY-III.NFO,06/05/2025,09:15:35,24793.1,24783.8,75,24794.4,150,75,204150
NIFTY-III.NFO,06/05/2025,09:15:37,24778.3,24786.1,75,24799.9,225,1800,204150
NIFTY-III.NFO,06/05/2025,09:15:38,24778.3,24782.9,75,24795.2,150,0,204150
NIFTY-III.NFO,06/05/2025,09:15:43,24783.8,24783.2,75,24790,75,75,204150
NIFTY-III.NFO,06/05/2025,09:15:45,24783.8,24785.8,75,24790,75,0,204150
NIFTY-III.NFO,06/05/2025,09:15:50,24783.8,24779.5,75,24789.9,225,0,204150
NIFTY-III.NFO,06/05/2025,09:15:52,24783.8,24779.4,75,24789.9,75,0,204150
NIFTY-III.NFO,06/05/2025,09:15:53,24783.8,24784.3,375,24790,75,0,204150
NIFTY-III.NFO,06/05/2025,09:15:55,24783.8,24783.6,75,24790,75,0,204150
NIFTY-III.NFO,06/05/2025,09:15:57,24785,24782.8,375,24790,75,75,204150
NIFTY-III.NFO,06/05/2025,09:15:58,24785,24780.2,75,24789.8,150,0,204150
NIFTY-III.NFO,06/05/2025,09:16:00,24785,24782.4,75,24790,75,0,204150
NIFTY-III.NFO,06/05/2025,09:16:02,24790,24790.4,75,24798,375,75,204150
NIFTY-III.NFO,06/05/2025,09:16:03,24790,24793.4,75,24800,75,0,204150
NIFTY-III.NFO,06/05/2025,09:16:05,24790,24791.9,75,24800,75,0,204150
NIFTY-III.NFO,06/05/2025,09:16:07,24790,24792.4,375,24800,75,0,204150
NIFTY-III.NFO,06/05/2025,09:16:08,24790,24788.6,75,24799.7,150,0,204150
NIFTY-III.NFO,06/05/2025,09:16:10,24790,24790.8,75,24799.9,150,0,204150
NIFTY-III.NFO,06/05/2025,09:16:12,24799.9,24789.3,75,24799.3,150,75,204150
NIFTY-III.NFO,06/05/2025,09:16:13,24799.9,24790,75,24799.9,150,0,204150
NIFTY-III.NFO,06/05/2025,09:16:15,24799.9,24790.8,75,24799.9,225,0,204150
NIFTY-III.NFO,06/05/2025,09:16:17,24799.9,24794.5,75,24800,75,0,204150
NIFTY-III.NFO,06/05/2025,09:16:20,24799.9,24795.6,150,24800,75,0,204150
NIFTY-III.NFO,06/05/2025,09:16:21,24799.9,24796.7,150,24800,75,0,204150
NIFTY-III.NFO,06/05/2025,09:16:23,24799.9,24794.1,75,24800,75,0,204150
NIFTY-III.NFO,06/05/2025,09:16:25,24799.9,24795.5,150,24800,75,0,204150
NIFTY-III.NFO,06/05/2025,09:16:26,24799.9,24793.1,150,24800,75,0,204150
NIFTY-III.NFO,06/05/2025,09:16:28,24795.8,24796.1,150,24800,75,300,204150
NIFTY-III.NFO,06/05/2025,09:16:30,24795.8,24797,75,24800,75,0,204150
NIFTY-III.NFO,06/05/2025,09:16:31,24800,24795.6,75,24805.5,150,75,204150
NIFTY-III.NFO,06/05/2025,09:16:33,24800,24795.8,75,24805,150,0,204150
NIFTY-III.NFO,06/05/2025,09:16:35,24800,24795.8,75,24799.9,75,0,204150
NIFTY-III.NFO,06/05/2025,09:16:45,24799.9,24797.2,75,24807,150,75,204150
NIFTY-III.NFO,06/05/2025,09:16:46,24799.9,24798.1,150,24806.9,150,0,204150
NIFTY-III.NFO,06/05/2025,09:16:48,24799.9,24797.4,150,24806.4,150,0,204150
NIFTY-III.NFO,06/05/2025,09:16:50,24799.9,24800,150,24807.8,225,0,204150
NIFTY-III.NFO,06/05/2025,09:16:51,24799.9,24800,75,24807.1,150,0,204150
NIFTY-III.NFO,06/05/2025,09:16:53,24799.9,24800,75,24807.8,225,0,204150
NIFTY-III.NFO,06/05/2025,09:16:56,24799.9,24800,75,24806.9,525,0,204150
NIFTY-III.NFO,06/05/2025,09:16:58,24799.9,24800,75,24805.7,375,0,204150
NIFTY-III.NFO,06/05/2025,09:17:00,24799.9,24800,75,24805.1,150,0,204150
NIFTY-III.NFO,06/05/2025,09:17:01,24799.9,24800,150,24807.8,225,0,204150
NIFTY-III.NFO,06/05/2025,09:17:05,24799.9,24800,150,24809.8,150,0,204150
NIFTY-III.NFO,06/05/2025,09:17:06,24799.9,24800,75,24807.2,150,0,204150
NIFTY-III.NFO,06/05/2025,09:17:08,24799.9,24800,150,24807.7,150,0,204150
NIFTY-III.NFO,06/05/2025,09:17:10,24799.9,24800,150,24809.1,150,0,204150
NIFTY-III.NFO,06/05/2025,09:17:11,24799.9,24800.1,75,24809.1,150,0,204150
NIFTY-III.NFO,06/05/2025,09:17:13,24799.9,24800,150,24808.2,150,0,204150
NIFTY-III.NFO,06/05/2025,09:17:15,24800,24796.7,75,24806.8,150,75,204150
NIFTY-III.NFO,06/05/2025,09:17:16,24800,24799.9,75,24804.6,150,0,204150
NIFTY-III.NFO,06/05/2025,09:17:18,24799.9,24795,75,24801,375,75,204150
NIFTY-III.NFO,06/05/2025,09:17:20,24799.9,24795,75,24802.3,150,0,204150
NIFTY-III.NFO,06/05/2025,09:17:21,24799.9,24795,75,24802,150,0,204150
NIFTY-III.NFO,06/05/2025,09:17:23,24799.9,24795,75,24800.8,150,0,204150
NIFTY-III.NFO,06/05/2025,09:17:25,24799.9,24798,75,24800.5,600,0,204150
NIFTY-III.NFO,06/05/2025,09:17:26,24798,24791.9,75,24802.1,225,75,204150
NIFTY-III.NFO,06/05/2025,09:17:28,24798,24791.9,75,24801.1,150,0,204150
NIFTY-III.NFO,06/05/2025,09:17:30,24798,24793,75,24803,150,0,204150
NIFTY-III.NFO,06/05/2025,09:17:31,24798,24794.8,75,24805.2,150,0,204150
NIFTY-III.NFO,06/05/2025,09:17:33,24798,24794.8,75,24804.4,150,0,204150
NIFTY-III.NFO,06/05/2025,09:17:35,24798,24794,75,24803.6,150,0,204150
NIFTY-III.NFO,06/05/2025,09:17:36,24798,24793.3,75,24803.2,150,0,204150
NIFTY-III.NFO,06/05/2025,09:17:38,24798,24794.9,75,24804.6,150,0,204150
NIFTY-III.NFO,06/05/2025,09:17:40,24798,24796,375,24805.2,75,0,204150
NIFTY-III.NFO,06/05/2025,09:17:41,24798,24793.5,75,24803,150,0,204150
NIFTY-III.NFO,06/05/2025,09:17:43,24798,24792.8,75,24802.1,150,0,204150
NIFTY-III.NFO,06/05/2025,09:17:45,24798,24794.3,75,24802.1,450,0,204150
NIFTY-III.NFO,06/05/2025,09:17:46,24798,24792.6,375,24801.7,375,0,204150
NIFTY-III.NFO,06/05/2025,09:17:48,24798,24792.8,75,24801.3,150,0,204150
NIFTY-III.NFO,06/05/2025,09:17:50,24798,24790,225,24798,150,0,204150
NIFTY-III.NFO,06/05/2025,09:17:51,24798,24790,225,24797.9,225,0,204150
NIFTY-III.NFO,06/05/2025,09:17:53,24798,24790,225,24797.1,150,0,204150
NIFTY-III.NFO,06/05/2025,09:17:56,24798,24790,225,24797.9,225,0,204150
NIFTY-III.NFO,06/05/2025,09:17:58,24798,24790.1,75,24797.9,225,0,204150
NIFTY-III.NFO,06/05/2025,09:18:00,24798,24790,225,24797.9,225,0,204150
NIFTY-III.NFO,06/05/2025,09:18:01,24798,24790,225,24797.1,150,0,204150
NIFTY-III.NFO,06/05/2025,09:18:03,24798,24790,225,24796.7,525,0,204150
NIFTY-III.NFO,06/05/2025,09:18:05,24796,24790,225,24796,75,75,204150
NIFTY-III.NFO,06/05/2025,09:18:06,24796,24790,225,24794.8,150,0,204150
NIFTY-III.NFO,06/05/2025,09:18:08,24796,24790,225,24791.4,225,0,204150
NIFTY-III.NFO,06/05/2025,09:18:10,24790,24778.7,75,24790.2,150,225,204150
NIFTY-III.NFO,06/05/2025,09:18:11,24790,24778.4,75,24788.7,150,0,204150
NIFTY-III.NFO,06/05/2025,09:18:13,24790,24778.8,75,24789.2,150,0,204150
NIFTY-III.NFO,06/05/2025,09:18:14,24790,24778.9,75,24788.1,150,0,204150
NIFTY-III.NFO,06/05/2025,09:18:16,24790,24778.4,150,24787.7,150,0,204150
NIFTY-III.NFO,06/05/2025,09:18:18,24790,24778.4,150,24787.3,225,0,204150
NIFTY-III.NFO,06/05/2025,09:18:19,24790,24778.4,150,24788.1,150,0,204150
NIFTY-III.NFO,06/05/2025,09:18:21,24790,24778.5,75,24787.1,150,0,204150
NIFTY-III.NFO,06/05/2025,09:18:23,24790,24778.3,150,24786.9,150,0,204150
NIFTY-III.NFO,06/05/2025,09:18:24,24790,24778.4,75,24786.9,150,0,204150
NIFTY-III.NFO,06/05/2025,09:18:26,24790,24778.3,150,24786,150,0,204150
NIFTY-III.NFO,06/05/2025,09:18:28,24790,24778.3,150,24784.9,225,0,204150
NIFTY-III.NFO,06/05/2025,09:18:31,24790,24778.3,150,24786,150,0,204150
NIFTY-III.NFO,06/05/2025,09:18:33,24790,24778.3,150,24785.1,150,0,204150
NIFTY-III.NFO,06/05/2025,09:18:34,24790,24778.3,150,24784,75,0,204150
NIFTY-III.NFO,06/05/2025,09:18:36,24790,24778.3,150,24784,150,0,204150
NIFTY-III.NFO,06/05/2025,09:18:38,24790,24778.3,150,24783.7,600,0,204150
NIFTY-III.NFO,06/05/2025,09:18:39,24790,24778.3,150,24783.9,75,0,204150
NIFTY-III.NFO,06/05/2025,09:18:41,24790,24778.3,150,24783.6,225,0,204150
NIFTY-III.NFO,06/05/2025,09:18:43,24790,24778.3,150,24784.4,150,0,204150
NIFTY-III.NFO,06/05/2025,09:18:44,24790,24778.3,150,24783.8,225,0,204150
NIFTY-III.NFO,06/05/2025,09:18:46,24790,24778.3,150,24782.4,150,0,204150
NIFTY-III.NFO,06/05/2025,09:18:48,24778.3,24778.3,75,24782.1,150,75,202275
NIFTY-III.NFO,06/05/2025,09:18:49,24778.3,24778.3,75,24782.1,75,0,202275
NIFTY-III.NFO,06/05/2025,09:18:51,24778.3,24778.3,75,24782.4,150,0,202275
NIFTY-III.NFO,06/05/2025,09:18:53,24778.3,24778.3,75,24782.3,225,0,202275
NIFTY-III.NFO,06/05/2025,09:18:54,24778.3,24778.3,75,24781.3,150,0,202275
NIFTY-III.NFO,06/05/2025,09:18:56,24778.3,24770.1,150,24779.7,525,75,202275
NIFTY-III.NFO,06/05/2025,09:18:58,24777.9,24770,75,24777.9,75,75,202275
NIFTY-III.NFO,06/05/2025,09:19:00,24777.9,24770,150,24778.3,150,0,202275
NIFTY-III.NFO,06/05/2025,09:19:01,24777.9,24770,75,24777.9,150,0,202275
NIFTY-III.NFO,06/05/2025,09:19:03,24777.9,24770,75,24777.6,150,0,202275
NIFTY-III.NFO,06/05/2025,09:19:05,24777.9,24770,75,24774.9,225,0,202275
NIFTY-III.NFO,06/05/2025,09:19:06,24777.9,24770,75,24774,225,0,202275
NIFTY-III.NFO,06/05/2025,09:19:08,24777.9,24770,75,24774,75,0,202275
NIFTY-III.NFO,06/05/2025,09:19:10,24777.9,24770,75,24772.6,75,0,202275
NIFTY-III.NFO,06/05/2025,09:19:11,24770,24766.9,225,24775,300,75,202275
NIFTY-III.NFO,06/05/2025,09:19:11,24770,24766.9,225,24775,300,0,202275
NIFTY-III.NFO,06/05/2025,09:19:13,24770,24766.6,225,24772,300,0,202275
NIFTY-III.NFO,06/05/2025,09:19:15,24772,24765.2,75,24772,225,75,202275
NIFTY-III.NFO,06/05/2025,09:19:16,24772,24765,375,24772,300,0,202275
NIFTY-III.NFO,06/05/2025,09:19:19,24772,24765.1,75,24770,75,0,202275
NIFTY-III.NFO,06/05/2025,09:19:21,24772,24765.1,225,24770,300,0,202275
NIFTY-III.NFO,06/05/2025,09:19:23,24772,24765.2,75,24770,300,0,202275
NIFTY-III.NFO,06/05/2025,09:19:24,24772,24765.5,225,24770,300,0,202275
NIFTY-III.NFO,06/05/2025,09:19:26,24765.2,24765.2,75,24772,150,375,202275
NIFTY-III.NFO,06/05/2025,09:19:26,24765.2,24765.2,75,24772,150,0,202275
NIFTY-III.NFO,06/05/2025,09:19:28,24765.2,24766.7,75,24772,150,0,202275
NIFTY-III.NFO,06/05/2025,09:19:29,24765.2,24770,75,24772,150,0,202275
NIFTY-III.NFO,06/05/2025,09:19:33,24766.6,24765.2,75,24772,150,225,202275
NIFTY-III.NFO,06/05/2025,09:19:34,24765.2,24765.7,75,24770,75,75,202275
NIFTY-III.NFO,06/05/2025,09:19:36,24770,24768.2,375,24772,150,150,202275
NIFTY-III.NFO,06/05/2025,09:19:38,24770,24767.3,75,24772,150,0,202275
NIFTY-III.NFO,06/05/2025,09:19:39,24770,24765.2,150,24772,150,0,202275
NIFTY-III.NFO,06/05/2025,09:19:43,24770,24765.3,300,24772,150,0,202275
NIFTY-III.NFO,06/05/2025,09:19:44,24770,24765.9,75,24772,150,0,202275
NIFTY-III.NFO,06/05/2025,09:19:46,24770,24766.9,300,24768,225,0,202275
NIFTY-III.NFO,06/05/2025,09:19:48,24772,24771.2,150,24778.1,375,450,202275
NIFTY-III.NFO,06/05/2025,09:19:49,24772,24771.4,75,24778.1,375,0,202275
NIFTY-III.NFO,06/05/2025,09:19:51,24772,24771.9,75,24778.1,375,0,202275
NIFTY-III.NFO,06/05/2025,09:19:53,24781.1,24774.2,75,24782.7,225,300,202275
NIFTY-III.NFO,06/05/2025,09:19:54,24781.1,24774.5,75,24782.6,150,0,202275
NIFTY-III.NFO,06/05/2025,09:19:56,24781.1,24774.2,150,24782.7,225,0,202275
NIFTY-III.NFO,06/05/2025,09:19:58,24781.1,24780,75,24781.7,225,0,202275
NIFTY-III.NFO,06/05/2025,09:19:59,24780,24769.2,75,24780.2,150,75,202275
NIFTY-III.NFO,06/05/2025,09:20:01,24780,24769.6,150,24778.6,150,0,202275
NIFTY-III.NFO,06/05/2025,09:20:03,24780,24773.3,75,24779.6,375,0,202275
NIFTY-III.NFO,06/05/2025,09:20:04,24780,24771.5,450,24779.4,450,0,202275
NIFTY-III.NFO,06/05/2025,09:20:06,24780,24772.1,75,24779,225,0,202275
NIFTY-III.NFO,06/05/2025,09:20:08,24780,24770,75,24778.7,150,0,202275
NIFTY-III.NFO,06/05/2025,09:20:09,24777.9,24767.5,75,24777.9,75,75,202275
NIFTY-III.NFO,06/05/2025,09:20:11,24777.9,24767.6,75,24777.7,225,0,202275
NIFTY-III.NFO,06/05/2025,09:20:13,24777.9,24768.1,75,24777.4,150,0,202275
NIFTY-III.NFO,06/05/2025,09:20:14,24777.9,24767.3,75,24777.1,150,0,202275
NIFTY-III.NFO,06/05/2025,09:20:16,24777.9,24767.7,75,24775.8,150,0,202275
NIFTY-III.NFO,06/05/2025,09:20:18,24777.9,24766.7,150,24774.8,150,0,202275
NIFTY-III.NFO,06/05/2025,09:20:19,24777.9,24765.1,150,24774.9,150,0,202275
NIFTY-III.NFO,06/05/2025,09:20:21,24777.9,24766.4,75,24774.5,225,0,202275
NIFTY-III.NFO,06/05/2025,09:20:23,24777.9,24765.1,150,24773.7,150,0,202275
NIFTY-III.NFO,06/05/2025,09:20:24,24777.9,24765,300,24773.5,225,0,202275
NIFTY-III.NFO,06/05/2025,09:20:26,24777.9,24765.1,150,24774.5,75,0,202275
NIFTY-III.NFO,06/05/2025,09:20:28,24777.9,24768.6,150,24776.7,150,0,202275
NIFTY-III.NFO,06/05/2025,09:20:29,24777.9,24769.4,150,24777.3,225,0,202275
NIFTY-III.NFO,06/05/2025,09:20:31,24777.9,24769.3,150,24777.3,225,0,202275
NIFTY-III.NFO,06/05/2025,09:20:33,24777.9,24770.9,150,24777.7,150,0,202275
NIFTY-III.NFO,06/05/2025,09:20:34,24777.9,24769.7,75,24777.7,225,0,202275
NIFTY-III.NFO,06/05/2025,09:20:36,24777.9,24771.4,225,24777.8,375,0,202275
NIFTY-III.NFO,06/05/2025,09:20:38,24777.9,24768,150,24776.1,225,0,202275
NIFTY-III.NFO,06/05/2025,09:20:39,24777.9,24765.4,75,24774.2,150,0,202275
NIFTY-III.NFO,06/05/2025,09:20:41,24777.9,24770,75,24772.1,225,0,202275
NIFTY-III.NFO,06/05/2025,09:20:43,24777.9,24770,75,24775,225,0,202275
NIFTY-III.NFO,06/05/2025,09:20:44,24777.9,24770,75,24775.7,225,0,202275
NIFTY-III.NFO,06/05/2025,09:20:46,24777.9,24770,75,24775,150,0,202275
NIFTY-III.NFO,06/05/2025,09:20:48,24777.9,24770,75,24773.9,225,0,202275
NIFTY-III.NFO,06/05/2025,09:20:49,24777.9,24770,75,24772.5,225,0,202275
NIFTY-III.NFO,06/05/2025,09:20:51,24777.9,24770,75,24773,150,0,202275
NIFTY-III.NFO,06/05/2025,09:20:53,24777.9,24770,75,24772.9,150,0,202275
NIFTY-III.NFO,06/05/2025,09:20:54,24777.9,24770,75,24771.2,150,0,202275
NIFTY-III.NFO,06/05/2025,09:20:56,24770,24768,75,24771.2,150,75,202275
NIFTY-III.NFO,06/05/2025,09:20:58,24768,24765,300,24768.6,150,75,202275
NIFTY-III.NFO,06/05/2025,09:20:59,24765,24763,75,24766.6,150,300,202275
NIFTY-III.NFO,06/05/2025,09:20:59,24765,24763,75,24766.6,150,0,202275
NIFTY-III.NFO,06/05/2025,09:21:01,24765,24763,75,24768,225,0,202275
NIFTY-III.NFO,06/05/2025,09:21:03,24765,24763,75,24765.9,150,0,202275
NIFTY-III.NFO,06/05/2025,09:21:04,24763,24758,75,24763.3,150,75,202275
NIFTY-III.NFO,06/05/2025,09:21:04,24763,24758,75,24763.3,150,0,202275
NIFTY-III.NFO,06/05/2025,09:21:06,24763,24758,75,24763.2,225,0,202275
NIFTY-III.NFO,06/05/2025,09:21:08,24763,24758,75,24763.3,150,0,202275
NIFTY-III.NFO,06/05/2025,09:21:09,24763,24758,75,24762.8,75,0,202275
NIFTY-III.NFO,06/05/2025,09:21:11,24763,24758.1,75,24765.5,225,0,202275
NIFTY-III.NFO,06/05/2025,09:21:13,24760,24758.4,150,24766.4,75,225,202275
NIFTY-III.NFO,06/05/2025,09:21:13,24760,24758.4,150,24766.4,75,0,202275
NIFTY-III.NFO,06/05/2025,09:21:14,24760,24759.8,75,24767.8,375,0,202275
NIFTY-III.NFO,06/05/2025,09:21:16,24760,24760.4,75,24769.5,225,0,202275
NIFTY-III.NFO,06/05/2025,09:21:18,24760,24759.8,75,24767.9,150,0,202275
NIFTY-III.NFO,06/05/2025,09:21:19,24760,24760.3,150,24763,75,75,202275
NIFTY-III.NFO,06/05/2025,09:21:21,24763,24760.6,75,24768.9,75,75,202275
NIFTY-III.NFO,06/05/2025,09:21:23,24763,24761.6,75,24769.6,150,0,202275
NIFTY-III.NFO,06/05/2025,09:21:24,24761.6,24759.9,75,24768.2,225,75,202200
NIFTY-III.NFO,06/05/2025,09:21:26,24761.6,24758,75,24764.9,225,0,202200
NIFTY-III.NFO,06/05/2025,09:21:28,24761.6,24758,75,24760,75,0,202200
NIFTY-III.NFO,06/05/2025,09:21:31,24761.6,24758,150,24760,300,0,202200
NIFTY-III.NFO,06/05/2025,09:21:33,24758,24757.6,75,24760,300,75,202200
NIFTY-III.NFO,06/05/2025,09:21:33,24758,24757.6,75,24760,300,0,202200
NIFTY-III.NFO,06/05/2025,09:21:34,24758,24758.6,450,24760,300,0,202200
NIFTY-III.NFO,06/05/2025,09:21:36,24760,24759.8,75,24767.5,375,300,202200
NIFTY-III.NFO,06/05/2025,09:21:38,24760,24759.8,75,24767.2,150,0,202200
NIFTY-III.NFO,06/05/2025,09:21:39,24760,24760,75,24767.1,375,0,202200
NIFTY-III.NFO,06/05/2025,09:21:41,24760,24762,75,24769.7,225,0,202200
NIFTY-III.NFO,06/05/2025,09:21:43,24760,24762.5,450,24770.7,75,0,202200
NIFTY-III.NFO,06/05/2025,09:21:44,24760,24762.4,450,24770.6,225,0,202200
NIFTY-III.NFO,06/05/2025,09:21:46,24760,24764.4,75,24772.1,225,0,202200
NIFTY-III.NFO,06/05/2025,09:21:48,24760,24764.4,75,24772.2,150,0,202200
NIFTY-III.NFO,06/05/2025,09:21:49,24760,24764.6,450,24773.2,150,0,202200
NIFTY-III.NFO,06/05/2025,09:21:51,24760,24767.4,450,24774.9,75,0,202200
NIFTY-III.NFO,06/05/2025,09:21:53,24760,24767.7,75,24774.9,150,0,202200
NIFTY-III.NFO,06/05/2025,09:21:54,24760,24765.7,450,24774.2,225,0,202200
NIFTY-III.NFO,06/05/2025,09:21:56,24760,24765.4,450,24769,75,0,202200
NIFTY-III.NFO,06/05/2025,09:21:58,24763.6,24766.2,375,24769,75,150,202200
NIFTY-III.NFO,06/05/2025,09:21:59,24763.6,24766.6,375,24769,75,0,202200
NIFTY-III.NFO,06/05/2025,09:22:01,24763.6,24765.3,375,24769,75,0,202200
NIFTY-III.NFO,06/05/2025,09:22:03,24769,24770.7,450,24780.2,225,75,202200
NIFTY-III.NFO,06/05/2025,09:22:04,24769,24772.4,75,24780,150,0,202200
NIFTY-III.NFO,06/05/2025,09:22:06,24769,24773.4,450,24780.7,525,0,202200
NIFTY-III.NFO,06/05/2025,09:22:08,24769,24772.7,375,24779.8,225,0,202200
NIFTY-III.NFO,06/05/2025,09:22:09,24769,24770,450,24778.9,150,0,202200
NIFTY-III.NFO,06/05/2025,09:22:11,24769,24768.9,450,24776.3,225,0,202200
NIFTY-III.NFO,06/05/2025,09:22:13,24769,24769.4,450,24777,225,0,202200
NIFTY-III.NFO,06/05/2025,09:22:14,24769,24770.5,75,24779.5,150,0,202200
NIFTY-III.NFO,06/05/2025,09:22:16,24769,24774.2,450,24782,150,0,202200
NIFTY-III.NFO,06/05/2025,09:22:18,24769,24774.8,75,24782,150,0,202200
NIFTY-III.NFO,06/05/2025,09:22:19,24769,24773.8,150,24782.6,225,0,202200
NIFTY-III.NFO,06/05/2025,09:22:21,24769,24771.4,150,24781.6,150,0,202200
NIFTY-III.NFO,06/05/2025,09:22:23,24769,24770.1,150,24778.1,150,0,202200
NIFTY-III.NFO,06/05/2025,09:22:24,24769,24770.3,75,24779.7,150,0,202200
NIFTY-III.NFO,06/05/2025,09:22:26,24769,24774.4,75,24782.6,225,0,202200
NIFTY-III.NFO,06/05/2025,09:22:28,24769,24773.2,75,24781.9,150,0,202200
NIFTY-III.NFO,06/05/2025,09:22:29,24769,24769.2,75,24780.1,225,0,202200
NIFTY-III.NFO,06/05/2025,09:22:31,24769,24769.8,450,24778.4,150,0,202200
NIFTY-III.NFO,06/05/2025,09:22:33,24769,24769.4,375,24777.2,225,0,202200
NIFTY-III.NFO,06/05/2025,09:22:34,24769,24769,75,24775.6,225,0,202200
NIFTY-III.NFO,06/05/2025,09:22:36,24769,24769.8,75,24777.6,150,0,202200
NIFTY-III.NFO,06/05/2025,09:22:38,24769,24769.2,450,24776.9,75,0,202200
NIFTY-III.NFO,06/05/2025,09:22:39,24769,24769.5,75,24777.7,225,0,202200
NIFTY-III.NFO,06/05/2025,09:22:41,24769,24769.2,450,24777.3,225,0,202200
NIFTY-III.NFO,06/05/2025,09:22:43,24769,24769.7,450,24778,225,0,202200
NIFTY-III.NFO,06/05/2025,09:22:44,24769,24769,75,24776.9,150,0,202200
NIFTY-III.NFO,06/05/2025,09:22:46,24769,24765.6,450,24774.1,150,0,202200
NIFTY-III.NFO,06/05/2025,09:22:48,24769,24767,75,24775.2,225,0,202200
NIFTY-III.NFO,06/05/2025,09:22:49,24769,24767.7,450,24775.6,225,0,202200
NIFTY-III.NFO,06/05/2025,09:22:51,24769,24774.2,75,24775.6,150,0,202200
NIFTY-III.NFO,06/05/2025,09:22:53,24774.2,24763.9,450,24773.2,150,75,202200
NIFTY-III.NFO,06/05/2025,09:22:54,24774.2,24772,75,24772.6,150,0,202200
NIFTY-III.NFO,06/05/2025,09:22:56,24772,24764.1,150,24772.9,600,150,202200
NIFTY-III.NFO,06/05/2025,09:22:58,24772,24760.9,75,24771,150,0,202200
NIFTY-III.NFO,06/05/2025,09:22:59,24772,24761.8,150,24770.7,150,0,202200
NIFTY-III.NFO,06/05/2025,09:23:01,24772,24760.1,150,24769.4,150,0,202200
NIFTY-III.NFO,06/05/2025,09:23:03,24772,24762.8,150,24772,150,0,202200
NIFTY-III.NFO,06/05/2025,09:23:04,24772,24766.4,75,24775.2,150,150,202200
NIFTY-III.NFO,06/05/2025,09:23:06,24772,24761.6,75,24770.8,525,0,202200
NIFTY-III.NFO,06/05/2025,09:23:08,24772,24764.8,225,24774.2,150,0,202200
NIFTY-III.NFO,06/05/2025,09:23:09,24772,24765.3,150,24774.5,525,0,202200
NIFTY-III.NFO,06/05/2025,09:23:11,24772,24762.3,150,24771.6,525,0,202200
NIFTY-III.NFO,06/05/2025,09:23:13,24772,24762.3,150,24771.4,150,0,202200
NIFTY-III.NFO,06/05/2025,09:23:14,24772,24761,150,24770.8,150,0,202200
NIFTY-III.NFO,06/05/2025,09:23:16,24772,24761.2,450,24770.8,150,0,202200
NIFTY-III.NFO,06/05/2025,09:23:18,24772,24760,75,24769.8,150,0,202200
NIFTY-III.NFO,06/05/2025,09:23:19,24769.8,24759.4,150,24768.9,150,75,202200
NIFTY-III.NFO,06/05/2025,09:23:21,24769.8,24758.1,150,24767.6,150,0,202200
NIFTY-III.NFO,06/05/2025,09:23:23,24769.8,24758.1,150,24767.3,150,0,202200
NIFTY-III.NFO,06/05/2025,09:23:24,24769.8,24758.3,150,24766.7,225,0,202200
NIFTY-III.NFO,06/05/2025,09:23:26,24769.8,24760.1,150,24770.1,225,0,202200
NIFTY-III.NFO,06/05/2025,09:23:28,24769.8,24759.1,150,24768.4,525,0,202200
NIFTY-III.NFO,06/05/2025,09:23:29,24769.8,24758.2,150,24767.5,150,0,202200
NIFTY-III.NFO,06/05/2025,09:23:31,24769.8,24758.9,225,24766.9,225,0,202200
NIFTY-III.NFO,06/05/2025,09:23:33,24769.8,24759.9,225,24766.8,375,0,202200
NIFTY-III.NFO,06/05/2025,09:23:34,24760.8,24758.7,150,24766.5,225,75,202200
NIFTY-III.NFO,06/05/2025,09:23:36,24760.8,24760,525,24766.6,375,0,202200
NIFTY-III.NFO,06/05/2025,09:23:38,24760.8,24760.5,150,24766.6,375,0,202200
NIFTY-III.NFO,06/05/2025,09:23:39,24766.6,24760.7,150,24769.6,150,150,202200
NIFTY-III.NFO,06/05/2025,09:23:41,24766.6,24761.2,75,24770.8,150,0,202200
NIFTY-III.NFO,06/05/2025,09:23:43,24766.6,24760,75,24766.5,600,0,202200
NIFTY-III.NFO,06/05/2025,09:23:44,24766.6,24760,75,24766.8,225,0,202200
NIFTY-III.NFO,06/05/2025,09:23:46,24766.6,24760,75,24765.5,225,0,202200
NIFTY-III.NFO,06/05/2025,09:23:48,24766.6,24760.9,150,24769.5,225,0,202200
NIFTY-III.NFO,06/05/2025,09:23:49,24770.2,24763.1,225,24771.6,225,75,202200
NIFTY-III.NFO,06/05/2025,09:23:51,24770.2,24762.8,225,24771,225,0,202200
NIFTY-III.NFO,06/05/2025,09:23:53,24770.2,24763.4,225,24771.5,600,0,202200
NIFTY-III.NFO,06/05/2025,09:23:54,24770.2,24763.8,225,24770.2,75,0,202200
NIFTY-III.NFO,06/05/2025,09:23:56,24770.2,24765.4,225,24770.2,75,0,202200
NIFTY-III.NFO,06/05/2025,09:23:58,24770.2,24764.9,150,24770.2,75,0,202200
NIFTY-III.NFO,06/05/2025,09:23:59,24770.2,24766.5,225,24770.2,75,0,202200
NIFTY-III.NFO,06/05/2025,09:24:01,24770.2,24767.3,225,24775.5,600,75,202200
NIFTY-III.NFO,06/05/2025,09:24:03,24770.2,24767.8,150,24776.3,600,0,202200
NIFTY-III.NFO,06/05/2025,09:24:04,24770.2,24771.5,150,24778.8,150,0,202200
NIFTY-III.NFO,06/05/2025,09:24:06,24770.2,24773.9,600,24778.9,375,0,202200
NIFTY-III.NFO,06/05/2025,09:24:08,24770.2,24771.5,150,24778.9,375,0,202200
NIFTY-III.NFO,06/05/2025,09:24:09,24772.1,24772.6,150,24778.9,375,225,202200
NIFTY-III.NFO,06/05/2025,09:24:11,24770,24768.9,75,24770,150,1350,202200
NIFTY-III.NFO,06/05/2025,09:24:13,24770,24769.3,150,24770,150,0,202200
NIFTY-III.NFO,06/05/2025,09:24:14,24770,24767.7,75,24770,150,0,202200
NIFTY-III.NFO,06/05/2025,09:24:16,24770,24765.3,150,24770,150,0,202200
NIFTY-III.NFO,06/05/2025,09:24:18,24770,24766.3,150,24770,75,75,202200
NIFTY-III.NFO,06/05/2025,09:24:19,24770,24766.1,75,24770,75,0,202200
NIFTY-III.NFO,06/05/2025,09:24:21,24770,24769.4,75,24770,75,0,202200
NIFTY-III.NFO,06/05/2025,09:24:22,24770,24769.4,75,24778.8,225,75,202200
NIFTY-III.NFO,06/05/2025,09:24:24,24770,24769.4,75,24778.7,150,0,202200
NIFTY-III.NFO,06/05/2025,09:24:26,24770,24769.4,75,24778.8,225,0,202200
NIFTY-III.NFO,06/05/2025,09:24:27,24770,24766.8,75,24778.5,150,0,202200
NIFTY-III.NFO,06/05/2025,09:24:29,24770,24766.1,75,24777.4,150,0,202200
NIFTY-III.NFO,06/05/2025,09:24:32,24770,24770,75,24776,150,0,202200
NIFTY-III.NFO,06/05/2025,09:24:34,24770,24770,75,24775.8,150,0,202200
NIFTY-III.NFO,06/05/2025,09:24:36,24770,24770,75,24775.6,150,0,202200
NIFTY-III.NFO,06/05/2025,09:24:37,24770,24770,75,24775.4,150,0,202200
NIFTY-III.NFO,06/05/2025,09:24:39,24770,24770,75,24772.8,225,0,202200
NIFTY-III.NFO,06/05/2025,09:24:44,24770,24770,75,24772.1,300,0,202200
NIFTY-III.NFO,06/05/2025,09:24:46,24770,24765,75,24769.4,225,75,202725
NIFTY-III.NFO,06/05/2025,09:24:47,24770,24765,75,24768.7,225,0,202725
NIFTY-III.NFO,06/05/2025,09:24:49,24770,24765,75,24769.5,225,0,202725
NIFTY-III.NFO,06/05/2025,09:24:51,24770,24765,75,24769.3,225,0,202725
NIFTY-III.NFO,06/05/2025,09:24:52,24770,24765,75,24767.9,225,0,202725
NIFTY-III.NFO,06/05/2025,09:24:54,24770,24765,75,24767.4,225,0,202725
NIFTY-III.NFO,06/05/2025,09:24:56,24770,24765,75,24766.7,225,0,202725
NIFTY-III.NFO,06/05/2025,09:24:57,24765,24760,1050,24766.1,150,75,202725
NIFTY-III.NFO,06/05/2025,09:24:59,24765,24760,1050,24765.3,150,0,202725
NIFTY-III.NFO,06/05/2025,09:25:01,24765,24760,1050,24764.3,150,0,202725
NIFTY-III.NFO,06/05/2025,09:25:02,24765,24760,1050,24764.5,75,0,202725
NIFTY-III.NFO,06/05/2025,09:25:04,24765,24760,1050,24764.5,150,0,202725
NIFTY-III.NFO,06/05/2025,09:25:06,24765,24760,1050,24762.9,225,0,202725
NIFTY-III.NFO,06/05/2025,09:25:08,24765,24760,1050,24763.8,75,0,202725
NIFTY-III.NFO,06/05/2025,09:25:09,24765,24760,1050,24762.3,75,0,202725
NIFTY-III.NFO,06/05/2025,09:25:11,24765,24760,1200,24762,75,0,202725
NIFTY-III.NFO,06/05/2025,09:25:13,24760,24760,1125,24762.3,225,75,202725
NIFTY-III.NFO,06/05/2025,09:25:14,24760,24755.6,75,24761.2,525,1125,202725
NIFTY-III.NFO,06/05/2025,09:25:16,24760,24755.6,75,24760.1,150,0,202725
NIFTY-III.NFO,06/05/2025,09:25:18,24760,24755.6,75,24761,150,75,202725
NIFTY-III.NFO,06/05/2025,09:25:19,24755.6,24752,75,24760.6,150,75,202725
NIFTY-III.NFO,06/05/2025,09:25:19,24755.6,24752,75,24760.6,150,0,202725
NIFTY-III.NFO,06/05/2025,09:25:21,24755.6,24752,75,24760.4,150,0,202725
NIFTY-III.NFO,06/05/2025,09:25:23,24755.6,24752,150,24762.2,375,0,202725
NIFTY-III.NFO,06/05/2025,09:25:24,24755.6,24752,150,24761.8,150,0,202725
NIFTY-III.NFO,06/05/2025,09:25:26,24755.6,24755.6,75,24761.7,75,0,202725
NIFTY-III.NFO,06/05/2025,09:25:28,24755.6,24755.6,75,24761.8,150,0,202725
NIFTY-III.NFO,06/05/2025,09:25:29,24755.6,24755.6,75,24761,150,0,202725
NIFTY-III.NFO,06/05/2025,09:25:33,24755.6,24755.6,75,24761.6,150,0,202725
NIFTY-III.NFO,06/05/2025,09:25:36,24755.6,24755.6,75,24762.9,450,0,202725
NIFTY-III.NFO,06/05/2025,09:25:38,24755.6,24755.6,75,24764,150,0,202725
NIFTY-III.NFO,06/05/2025,09:25:39,24755.6,24755.6,75,24763,150,0,202725
NIFTY-III.NFO,06/05/2025,09:25:41,24755.6,24755.6,75,24763.1,75,0,202725
NIFTY-III.NFO,06/05/2025,09:25:43,24755.6,24755.6,150,24764.2,150,0,202725
NIFTY-III.NFO,06/05/2025,09:25:44,24755.6,24755.6,75,24764.2,150,0,202725
NIFTY-III.NFO,06/05/2025,09:25:46,24755.6,24755.6,150,24764,150,0,202725
NIFTY-III.NFO,06/05/2025,09:25:48,24755.6,24755.6,75,24764,525,0,202725
NIFTY-III.NFO,06/05/2025,09:25:49,24755.6,24755.6,75,24763.3,75,0,202725
NIFTY-III.NFO,06/05/2025,09:25:51,24755.6,24755.6,75,24762.5,150,0,202725
NIFTY-III.NFO,06/05/2025,09:25:53,24755.6,24752,75,24760.1,150,75,202725
NIFTY-III.NFO,06/05/2025,09:25:54,24755.6,24752,75,24758.1,150,0,202725
NIFTY-III.NFO,06/05/2025,09:25:56,24755.6,24752,75,24757.6,150,0,202725
NIFTY-III.NFO,06/05/2025,09:25:58,24755.6,24752,75,24757.4,150,0,202725
NIFTY-III.NFO,06/05/2025,09:25:59,24755.6,24752,75,24754.7,75,0,202725
NIFTY-III.NFO,06/05/2025,09:26:01,24755.6,24752,75,24754.8,450,0,202725
NIFTY-III.NFO,06/05/2025,09:26:04,24755.6,24752,75,24754.6,150,0,202725
NIFTY-III.NFO,06/05/2025,09:26:06,24752,24750,300,24753.1,150,75,202725
NIFTY-III.NFO,06/05/2025,09:26:06,24752,24750,300,24753.1,150,0,202725
NIFTY-III.NFO,06/05/2025,09:26:08,24750,24748,75,24752.5,150,300,202725
NIFTY-III.NFO,06/05/2025,09:26:08,24750,24748,75,24752.5,150,0,202725
NIFTY-III.NFO,06/05/2025,09:26:09,24750,24748,75,24754.2,225,0,202725
NIFTY-III.NFO,06/05/2025,09:26:11,24750,24748,75,24754,225,0,202725
NIFTY-III.NFO,06/05/2025,09:26:12,24750,24748,75,24753.1,150,0,202725
NIFTY-III.NFO,06/05/2025,09:26:14,24750,24748,75,24750,75,0,202725
NIFTY-III.NFO,06/05/2025,09:26:16,24750,24750,75,24755,375,75,202725
NIFTY-III.NFO,06/05/2025,09:26:17,24750,24750,75,24755.7,225,0,202725
NIFTY-III.NFO,06/05/2025,09:26:19,24750,24748,150,24755.7,75,75,202725
NIFTY-III.NFO,06/05/2025,09:26:21,24750,24748,150,24758.7,150,0,202725
NIFTY-III.NFO,06/05/2025,09:26:22,24750,24749.8,75,24759.7,225,0,202725
NIFTY-III.NFO,06/05/2025,09:26:27,24750,24748.8,75,24759.6,150,225,202725
NIFTY-III.NFO,06/05/2025,09:26:29,24750,24749.1,450,24760.8,150,0,202725
NIFTY-III.NFO,06/05/2025,09:26:31,24750,24750,225,24761.2,150,0,202725
NIFTY-III.NFO,06/05/2025,09:26:34,24750,24750,225,24760.2,150,0,202725
NIFTY-III.NFO,06/05/2025,09:26:36,24750,24750,150,24758.1,150,0,202725
NIFTY-III.NFO,06/05/2025,09:26:37,24750,24751,150,24760.2,150,0,202725
NIFTY-III.NFO,06/05/2025,09:26:39,24751,24750,225,24759.8,150,75,202725
NIFTY-III.NFO,06/05/2025,09:26:41,24751,24750,225,24758.6,150,0,202725
NIFTY-III.NFO,06/05/2025,09:26:42,24751,24750,150,24758,150,0,202725
NIFTY-III.NFO,06/05/2025,09:26:44,24751,24750,225,24758,150,0,202725
NIFTY-III.NFO,06/05/2025,09:26:46,24751,24750,225,24758.9,150,0,202725
NIFTY-III.NFO,06/05/2025,09:26:47,24751,24750,225,24759.7,225,0,202725
NIFTY-III.NFO,06/05/2025,09:26:51,24751,24750,225,24759.9,375,0,202725
NIFTY-III.NFO,06/05/2025,09:26:52,24751,24751.6,450,24762.8,450,0,202725
NIFTY-III.NFO,06/05/2025,09:26:54,24751,24755.8,75,24765,450,0,202725
NIFTY-III.NFO,06/05/2025,09:26:56,24751,24756.5,150,24767.5,150,0,202725
NIFTY-III.NFO,06/05/2025,09:26:57,24751,24757.9,225,24768.4,150,0,202725
NIFTY-III.NFO,06/05/2025,09:26:59,24751,24757.9,75,24768.4,150,0,202725
NIFTY-III.NFO,06/05/2025,09:27:02,24759.1,24759.6,450,24769.8,450,75,202725
NIFTY-III.NFO,06/05/2025,09:27:04,24759.1,24761.9,225,24769.8,375,0,202725
NIFTY-III.NFO,06/05/2025,09:27:06,24759.1,24760.5,75,24769.7,225,0,202725
NIFTY-III.NFO,06/05/2025,09:27:07,24759.1,24760.5,75,24769.7,75,0,202725
NIFTY-III.NFO,06/05/2025,09:27:09,24759.1,24760.5,75,24769.8,375,0,202725
NIFTY-III.NFO,06/05/2025,09:27:11,24759.1,24763,225,24773.1,150,0,202725
NIFTY-III.NFO,06/05/2025,09:27:12,24759.1,24763,75,24773.1,150,0,202725
NIFTY-III.NFO,06/05/2025,09:27:14,24759.1,24763,75,24774.1,150,0,202725
NIFTY-III.NFO,06/05/2025,09:27:16,24763.8,24764.4,225,24774.7,225,75,202725
NIFTY-III.NFO,06/05/2025,09:27:17,24763.8,24764.4,75,24774.7,225,0,202725
NIFTY-III.NFO,06/05/2025,09:27:19,24763.8,24763.4,75,24774.3,225,0,202725
NIFTY-III.NFO,06/05/2025,09:27:21,24763.8,24760.1,75,24771.9,150,0,202725
NIFTY-III.NFO,06/05/2025,09:27:22,24763.8,24760.1,75,24771.5,150,0,202725
NIFTY-III.NFO,06/05/2025,09:27:26,24763.8,24760.1,75,24771.3,225,0,202725
NIFTY-III.NFO,06/05/2025,09:27:27,24763.8,24759.6,75,24771.1,150,0,202725
NIFTY-III.NFO,06/05/2025,09:27:29,24763.8,24759.1,150,24763.8,375,0,202725
NIFTY-III.NFO,06/05/2025,09:27:31,24763.8,24759.1,225,24763.8,375,0,202725
NIFTY-III.NFO,06/05/2025,09:27:32,24763.8,24759.1,150,24763.7,150,0,202725
NIFTY-III.NFO,06/05/2025,09:27:34,24763.8,24759.1,150,24763.3,150,0,202725
NIFTY-III.NFO,06/05/2025,09:27:36,24763.8,24759.1,150,24763.8,375,0,202725
NIFTY-III.NFO,06/05/2025,09:27:37,24763.8,24759.1,150,24763.7,150,0,202725
NIFTY-III.NFO,06/05/2025,09:27:44,24763.8,24760,150,24763.7,150,0,202725
NIFTY-III.NFO,06/05/2025,09:27:47,24763.8,24760.2,75,24763.8,375,0,202725
NIFTY-III.NFO,06/05/2025,09:27:51,24763.8,24760.2,150,24763.8,375,0,202725
NIFTY-III.NFO,06/05/2025,09:27:54,24763.8,24760.2,75,24763.8,375,0,202725
NIFTY-III.NFO,06/05/2025,09:27:56,24763.8,24760.2,150,24763.8,375,0,202725
NIFTY-III.NFO,06/05/2025,09:28:02,24763.8,24760.2,75,24763.8,375,0,202725
NIFTY-III.NFO,06/05/2025,09:28:09,24763.8,24760.2,150,24763.8,75,300,203700
NIFTY-III.NFO,06/05/2025,09:28:11,24763.8,24760.2,150,24763.8,75,0,203700
NIFTY-III.NFO,06/05/2025,09:28:12,24768.3,24760.3,75,24769.9,225,150,203700
NIFTY-III.NFO,06/05/2025,09:28:14,24768.3,24760.3,75,24769.7,225,0,203700
NIFTY-III.NFO,06/05/2025,09:28:17,24768.3,24760.2,150,24769.7,225,0,203700
NIFTY-III.NFO,06/05/2025,09:28:19,24768.3,24760.2,75,24769.7,600,0,203700
NIFTY-III.NFO,06/05/2025,09:28:21,24768.3,24760.2,75,24769,150,0,203700
NIFTY-III.NFO,06/05/2025,09:28:22,24768.3,24760.2,75,24768.6,150,0,203700
NIFTY-III.NFO,06/05/2025,09:28:24,24768.3,24760.2,75,24768.1,150,0,203700
NIFTY-III.NFO,06/05/2025,09:28:26,24768.3,24760.2,75,24766.9,150,0,203700
NIFTY-III.NFO,06/05/2025,09:28:27,24768.3,24760.3,150,24768.6,150,0,203700
NIFTY-III.NFO,06/05/2025,09:28:29,24768.3,24760.2,75,24767.8,225,0,203700
NIFTY-III.NFO,06/05/2025,09:28:31,24768.3,24760.2,75,24766.5,225,0,203700
NIFTY-III.NFO,06/05/2025,09:28:32,24768.3,24760.2,75,24766.3,225,0,203700
NIFTY-III.NFO,06/05/2025,09:28:34,24768.3,24760.2,75,24765.9,225,0,203700
NIFTY-III.NFO,06/05/2025,09:28:36,24765.7,24760.2,75,24765.5,150,75,203700
NIFTY-III.NFO,06/05/2025,09:28:37,24765.7,24760.2,75,24765.3,150,0,203700
NIFTY-III.NFO,06/05/2025,09:28:41,24765.7,24760.2,75,24765,75,0,203700
NIFTY-III.NFO,06/05/2025,09:28:42,24760.2,24760,150,24762.4,150,75,203700
NIFTY-III.NFO,06/05/2025,09:28:44,24760.2,24760,150,24762.4,150,0,203700
NIFTY-III.NFO,06/05/2025,09:28:45,24760.2,24760,150,24764.5,225,0,203700
NIFTY-III.NFO,06/05/2025,09:28:47,24760.2,24760,150,24763.5,150,0,203700
NIFTY-III.NFO,06/05/2025,09:28:49,24760.2,24760,150,24763.3,150,0,203700
NIFTY-III.NFO,06/05/2025,09:28:50,24760.2,24760,150,24764.3,225,0,203700
NIFTY-III.NFO,06/05/2025,09:28:52,24760.2,24760,150,24763.3,300,0,203700
NIFTY-III.NFO,06/05/2025,09:28:54,24760.2,24760,150,24763.3,150,0,203700
NIFTY-III.NFO,06/05/2025,09:28:55,24760.2,24760,150,24765.5,375,0,203700
NIFTY-III.NFO,06/05/2025,09:28:57,24760.2,24760,150,24765.4,225,0,203700
NIFTY-III.NFO,06/05/2025,09:28:59,24760,24750.1,75,24761,150,150,203700
NIFTY-III.NFO,06/05/2025,09:29:00,24760,24750.1,150,24759.9,150,0,203700
NIFTY-III.NFO,06/05/2025,09:29:02,24760,24750.1,150,24760,75,0,203700
NIFTY-III.NFO,06/05/2025,09:29:04,24760,24750.1,150,24761,150,0,203700
NIFTY-III.NFO,06/05/2025,09:29:10,24760,24750.1,150,24760.6,150,0,203700
NIFTY-III.NFO,06/05/2025,09:29:12,24760,24750.1,75,24759.5,150,0,203700
NIFTY-III.NFO,06/05/2025,09:29:13,24760,24750,375,24756.6,225,0,203700
NIFTY-III.NFO,06/05/2025,09:29:15,24760,24750,375,24757.4,150,0,203700
NIFTY-III.NFO,06/05/2025,09:29:17,24760,24750,375,24755.8,150,0,203700
NIFTY-III.NFO,06/05/2025,09:29:22,24760,24750,375,24755.6,150,0,203700
NIFTY-III.NFO,06/05/2025,09:29:27,24760,24750,375,24756.5,225,0,203700
NIFTY-III.NFO,06/05/2025,09:29:29,24750,24750.1,75,24756.4,375,75,203700
NIFTY-III.NFO,06/05/2025,09:29:30,24750,24750.1,75,24756.4,375,0,203700
NIFTY-III.NFO,06/05/2025,09:29:32,24750,24750.1,150,24758.2,375,0,203700
NIFTY-III.NFO,06/05/2025,09:29:34,24750,24750.1,150,24760.8,150,0,203700
NIFTY-III.NFO,06/05/2025,09:29:35,24750,24750.1,150,24761.3,150,0,203700
NIFTY-III.NFO,06/05/2025,09:29:40,24750,24750.1,150,24759.7,150,0,203700
NIFTY-III.NFO,06/05/2025,09:29:47,24750.1,24750.1,150,24759.7,150,150,203700
NIFTY-III.NFO,06/05/2025,09:29:49,24750.1,24750.1,75,24759.7,150,75,203700
NIFTY-III.NFO,06/05/2025,09:29:50,24750.1,24750.1,75,24759.7,150,0,203700
NIFTY-III.NFO,06/05/2025,09:29:52,24750.1,24759.7,75,24760.3,225,0,203700
NIFTY-III.NFO,06/05/2025,09:29:54,24759.7,24750.1,75,24759.9,225,75,203700
NIFTY-III.NFO,06/05/2025,09:29:55,24759.7,24750,150,24759.7,225,0,203700
NIFTY-III.NFO,06/05/2025,09:29:59,24759.7,24750,150,24759,150,0,203700
NIFTY-III.NFO,06/05/2025,09:30:00,24759.7,24750,225,24759,150,0,203700
NIFTY-III.NFO,06/05/2025,09:30:02,24759.7,24750,150,24757.5,150,0,203700
NIFTY-III.NFO,06/05/2025,09:30:04,24759.7,24750,225,24759,150,0,203700
NIFTY-III.NFO,06/05/2025,09:30:05,24759.7,24750,225,24758.6,150,0,203700
NIFTY-III.NFO,06/05/2025,09:30:09,24759.7,24750,225,24759.7,150,0,203700
NIFTY-III.NFO,06/05/2025,09:30:10,24759.7,24750,225,24759.6,75,0,203700
NIFTY-III.NFO,06/05/2025,09:30:12,24759.7,24750.1,75,24759.7,150,0,203700
NIFTY-III.NFO,06/05/2025,09:30:13,24759.7,24750.2,75,24759.6,75,0,203700
NIFTY-III.NFO,06/05/2025,09:30:15,24759.7,24750.2,150,24758,75,0,203700
NIFTY-III.NFO,06/05/2025,09:30:17,24759.7,24750.2,75,24758,75,0,203700
NIFTY-III.NFO,06/05/2025,09:30:19,24759.7,24750,150,24757.9,225,0,203700
NIFTY-III.NFO,06/05/2025,09:30:20,24759.7,24750,225,24758,75,0,203700
NIFTY-III.NFO,06/05/2025,09:30:24,24759.7,24750,225,24755,75,0,203700
NIFTY-III.NFO,06/05/2025,09:30:25,24759.7,24750,150,24755,75,0,203700
NIFTY-III.NFO,06/05/2025,09:30:27,24759.7,24750,375,24755,75,0,203700
NIFTY-III.NFO,06/05/2025,09:30:29,24759.7,24750,300,24755,75,0,203700
NIFTY-III.NFO,06/05/2025,09:30:30,24759.7,24750,300,24754.9,150,0,203700
NIFTY-III.NFO,06/05/2025,09:30:32,24759.7,24750,300,24753,75,0,203700
NIFTY-III.NFO,06/05/2025,09:30:35,24759.7,24750,300,24752.9,225,0,203700
NIFTY-III.NFO,06/05/2025,09:30:39,24759.7,24750,300,24752.9,600,0,203700
NIFTY-III.NFO,06/05/2025,09:30:40,24750,24748,300,24751.6,225,300,204300
NIFTY-III.NFO,06/05/2025,09:30:42,24750,24748,300,24751.9,150,0,204300
NIFTY-III.NFO,06/05/2025,09:30:44,24751.9,24748,300,24751.9,150,75,204300
NIFTY-III.NFO,06/05/2025,09:30:45,24751.9,24748,300,24751.9,75,0,204300
NIFTY-III.NFO,06/05/2025,09:30:47,24751.9,24748,300,24751.9,150,75,204300
NIFTY-III.NFO,06/05/2025,09:30:49,24751.9,24748,300,24750,75,0,204300
NIFTY-III.NFO,06/05/2025,09:30:50,24750,24748.1,150,24756.8,225,75,204300
NIFTY-III.NFO,06/05/2025,09:30:52,24750,24748.1,150,24756.8,225,0,204300
NIFTY-III.NFO,06/05/2025,09:30:54,24750,24748.1,150,24757.7,150,0,204300
NIFTY-III.NFO,06/05/2025,09:30:57,24750,24748.1,150,24758.7,150,0,204300
NIFTY-III.NFO,06/05/2025,09:30:59,24750,24749.8,75,24758.8,375,75,204300
NIFTY-III.NFO,06/05/2025,09:31:00,24750,24750.3,75,24759.7,150,0,204300
NIFTY-III.NFO,06/05/2025,09:31:02,24750,24750.3,75,24759.7,225,0,204300
NIFTY-III.NFO,06/05/2025,09:31:04,24750,24751.4,75,24759.7,150,0,204300
NIFTY-III.NFO,06/05/2025,09:31:05,24750,24752.3,75,24759.7,150,0,204300
NIFTY-III.NFO,06/05/2025,09:31:07,24750,24752.7,75,24759.7,150,0,204300
NIFTY-III.NFO,06/05/2025,09:31:09,24759.7,24757,75,24766.3,150,150,204300
NIFTY-III.NFO,06/05/2025,09:31:10,24759.7,24757,75,24766,225,0,204300
NIFTY-III.NFO,06/05/2025,09:31:12,24759.7,24757,75,24765.6,225,0,204300
NIFTY-III.NFO,06/05/2025,09:31:14,24765.6,24755.3,75,24765.6,150,75,204300
NIFTY-III.NFO,06/05/2025,09:31:15,24765.6,24754.2,75,24760,75,0,204300
NIFTY-III.NFO,06/05/2025,09:31:17,24765.6,24755.6,75,24760,75,0,204300
NIFTY-III.NFO,06/05/2025,09:31:18,24765.6,24754.2,75,24760,75,0,204300
NIFTY-III.NFO,06/05/2025,09:31:20,24765.6,24754.8,150,24760,75,0,204300
NIFTY-III.NFO,06/05/2025,09:31:23,24754.8,24754.8,75,24760,75,75,204300
NIFTY-III.NFO,06/05/2025,09:31:25,24760,24759.5,75,24769.7,225,75,204300
NIFTY-III.NFO,06/05/2025,09:31:27,24760,24759.5,75,24769.7,225,0,204300
NIFTY-III.NFO,06/05/2025,09:31:28,24760,24757.9,75,24769.7,225,0,204300
NIFTY-III.NFO,06/05/2025,09:31:32,24760,24758.8,75,24769.3,225,0,204300
NIFTY-III.NFO,06/05/2025,09:31:33,24760,24756.8,75,24768,150,0,204300
NIFTY-III.NFO,06/05/2025,09:31:35,24760,24754.2,75,24765.3,150,0,204300
NIFTY-III.NFO,06/05/2025,09:31:37,24760,24753.9,75,24764.6,150,0,204300
NIFTY-III.NFO,06/05/2025,09:31:43,24760,24755.1,75,24764.5,150,0,204300
NIFTY-III.NFO,06/05/2025,09:31:45,24760,24755,150,24764.5,150,0,204300
NIFTY-III.NFO,06/05/2025,09:31:47,24760,24755,75,24764.1,150,0,204300
NIFTY-III.NFO,06/05/2025,09:31:48,24760,24755,75,24763,150,0,204300
NIFTY-III.NFO,06/05/2025,09:31:50,24760,24755,150,24763,150,0,204300
NIFTY-III.NFO,06/05/2025,09:31:52,24760,24755.1,75,24764.1,150,0,204300
NIFTY-III.NFO,06/05/2025,09:31:54,24760,24755,150,24764.1,150,0,204300
NIFTY-III.NFO,06/05/2025,09:31:55,24760,24755.1,75,24765.3,150,0,204300
NIFTY-III.NFO,06/05/2025,09:31:57,24760,24758.1,75,24769.2,150,0,204300
NIFTY-III.NFO,06/05/2025,09:31:59,24760,24758.9,75,24769.7,225,0,204300
NIFTY-III.NFO,06/05/2025,09:32:00,24760,24760,75,24769.7,225,0,204300
NIFTY-III.NFO,06/05/2025,09:32:02,24769.7,24760,75,24769.6,150,150,204300
NIFTY-III.NFO,06/05/2025,09:32:04,24769.7,24765.3,75,24769.6,150,0,204300
NIFTY-III.NFO,06/05/2025,09:32:07,24769.7,24765.3,75,24769.7,75,75,204300
NIFTY-III.NFO,06/05/2025,09:32:09,24769.7,24765.3,75,24769.7,75,0,204300
NIFTY-III.NFO,06/05/2025,09:32:10,24769.7,24765.3,75,24769.6,150,0,204300
NIFTY-III.NFO,06/05/2025,09:32:15,24769.7,24765.3,75,24768.4,75,0,204300
NIFTY-III.NFO,06/05/2025,09:32:17,24769.7,24765.3,75,24768,75,0,204300
NIFTY-III.NFO,06/05/2025,09:32:19,24769.7,24765.3,75,24767.6,75,0,204300
NIFTY-III.NFO,06/05/2025,09:32:22,24769.7,24757.8,150,24767.6,150,0,204300
NIFTY-III.NFO,06/05/2025,09:32:25,24769.7,24757.8,150,24768.6,75,0,204300
NIFTY-III.NFO,06/05/2025,09:32:27,24769.7,24758.2,150,24768.6,75,0,204300
NIFTY-III.NFO,06/05/2025,09:32:32,24769.7,24758.8,150,24769.4,75,0,204300
NIFTY-III.NFO,06/05/2025,09:32:34,24769.7,24760.1,150,24769.7,150,0,204300
NIFTY-III.NFO,06/05/2025,09:32:37,24769.7,24760.1,75,24768.8,150,0,204300
NIFTY-III.NFO,06/05/2025,09:32:40,24769.7,24760.1,225,24769.7,150,0,204300
NIFTY-III.NFO,06/05/2025,09:32:47,24769.7,24764.7,225,24770,75,0,204300
NIFTY-III.NFO,06/05/2025,09:32:49,24769.7,24765.2,225,24770,75,0,204300
NIFTY-III.NFO,06/05/2025,09:32:50,24769.7,24764.3,225,24770,75,0,204300
NIFTY-III.NFO,06/05/2025,09:32:54,24769.7,24765.3,150,24770,75,0,204300
NIFTY-III.NFO,06/05/2025,09:32:55,24769.7,24769.7,75,24770,75,0,204300
NIFTY-III.NFO,06/05/2025,09:33:02,24770,24771,75,24774.9,150,75,204300
NIFTY-III.NFO,06/05/2025,09:33:03,24770,24771,75,24774.9,75,0,204300
NIFTY-III.NFO,06/05/2025,09:33:05,24770,24771,75,24775,150,0,204300
NIFTY-III.NFO,06/05/2025,09:33:08,24774.9,24771,75,24774.9,150,150,204300
NIFTY-III.NFO,06/05/2025,09:33:10,24774.9,24773,75,24774.9,75,0,204300
NIFTY-III.NFO,06/05/2025,09:33:12,24774.9,24773,75,24775,150,0,204300
NIFTY-III.NFO,06/05/2025,09:33:15,24774.9,24773,75,24774.9,75,0,204300
NIFTY-III.NFO,06/05/2025,09:33:18,24774.9,24773,75,24774.9,150,0,204300
NIFTY-III.NFO,06/05/2025,09:33:20,24774.9,24773,75,24775,150,0,204300
NIFTY-III.NFO,06/05/2025,09:33:22,24775,24773,75,24775,75,75,204300
NIFTY-III.NFO,06/05/2025,09:33:23,24775,24773,75,24775,75,0,204300
NIFTY-III.NFO,06/05/2025,09:33:25,24775,24773,75,24774.9,150,0,204300
NIFTY-III.NFO,06/05/2025,09:33:27,24775,24773,75,24773.5,75,0,204300
NIFTY-III.NFO,06/05/2025,09:33:28,24775,24773,75,24774.9,75,0,204300
NIFTY-III.NFO,06/05/2025,09:33:33,24775,24773.1,150,24776,75,75,204975
NIFTY-III.NFO,06/05/2025,09:33:35,24776,24773.1,225,24784.9,150,75,204975
NIFTY-III.NFO,06/05/2025,09:33:37,24776,24776.7,150,24785,1050,0,204975
NIFTY-III.NFO,06/05/2025,09:33:38,24776,24777.4,150,24785,1050,0,204975
NIFTY-III.NFO,06/05/2025,09:33:43,24776,24777.1,150,24785,1050,0,204975
NIFTY-III.NFO,06/05/2025,09:33:45,24777.1,24777.1,75,24785,1050,75,204975
NIFTY-III.NFO,06/05/2025,09:33:47,24777.1,24777.1,75,24785,1050,0,204975
NIFTY-III.NFO,06/05/2025,09:33:50,24777.1,24779.1,150,24785,1050,0,204975
NIFTY-III.NFO,06/05/2025,09:33:52,24777.1,24779.1,225,24785,1050,0,204975
NIFTY-III.NFO,06/05/2025,09:33:53,24777.1,24779,150,24784.9,75,0,204975
NIFTY-III.NFO,06/05/2025,09:33:55,24777.1,24779,150,24785,1050,0,204975
NIFTY-III.NFO,06/05/2025,09:33:57,24777.1,24779,150,24784.9,75,0,204975
NIFTY-III.NFO,06/05/2025,09:33:58,24777.1,24779,75,24784.9,75,0,204975
NIFTY-III.NFO,06/05/2025,09:34:00,24777.1,24780,75,24784.9,75,0,204975
NIFTY-III.NFO,06/05/2025,09:34:02,24777.1,24780.1,150,24785,1125,0,204975
NIFTY-III.NFO,06/05/2025,09:34:07,24785,24783.8,150,24790,75,1125,204975
NIFTY-III.NFO,06/05/2025,09:34:08,24790,24784.9,150,24794.7,150,75,204975
NIFTY-III.NFO,06/05/2025,09:34:10,24783,24783,150,24785,75,75,204975
NIFTY-III.NFO,06/05/2025,09:34:13,24783,24783.5,150,24785,75,0,204975
NIFTY-III.NFO,06/05/2025,09:34:17,24783,24780.7,150,24785,75,0,204975
NIFTY-III.NFO,06/05/2025,09:34:18,24783,24780.3,225,24785,75,0,204975
NIFTY-III.NFO,06/05/2025,09:34:20,24783,24780.2,150,24783,75,0,204975
NIFTY-III.NFO,06/05/2025,09:34:25,24783,24780.2,150,24782.9,150,0,204975
NIFTY-III.NFO,06/05/2025,09:34:27,24783,24780.2,150,24783,75,0,204975
NIFTY-III.NFO,06/05/2025,09:34:28,24783,24780.2,225,24788.1,75,75,204975
NIFTY-III.NFO,06/05/2025,09:34:30,24783,24780.2,150,24788.1,75,0,204975
NIFTY-III.NFO,06/05/2025,09:34:32,24783,24780.2,225,24789.7,75,0,204975
NIFTY-III.NFO,06/05/2025,09:34:33,24783,24780.3,150,24790.1,75,0,204975
NIFTY-III.NFO,06/05/2025,09:34:37,24783,24780.2,225,24790.1,75,0,204975
NIFTY-III.NFO,06/05/2025,09:34:38,24783,24780.2,150,24783,75,0,204975
NIFTY-III.NFO,06/05/2025,09:34:40,24783,24780.3,225,24783,75,0,204975
NIFTY-III.NFO,06/05/2025,09:34:41,24780.6,24780.6,75,24783,75,75,204975
NIFTY-III.NFO,06/05/2025,09:34:43,24780.6,24780.6,75,24783,75,0,204975
NIFTY-III.NFO,06/05/2025,09:34:45,24780.6,24781.9,150,24783,75,0,204975
NIFTY-III.NFO,06/05/2025,09:34:46,24780.6,24782.5,225,24783,75,0,204975
NIFTY-III.NFO,06/05/2025,09:34:48,24780.6,24780.9,150,24783,75,0,204975
NIFTY-III.NFO,06/05/2025,09:34:50,24780.6,24780.3,225,24783,75,0,204975
NIFTY-III.NFO,06/05/2025,09:34:51,24780.6,24780.2,225,24783,75,0,204975
NIFTY-III.NFO,06/05/2025,09:34:53,24780.6,24780.2,150,24783,75,0,204975
NIFTY-III.NFO,06/05/2025,09:34:55,24780.6,24780.2,225,24783,75,0,204975
NIFTY-III.NFO,06/05/2025,09:34:56,24780.6,24780.3,225,24783,75,0,204975
NIFTY-III.NFO,06/05/2025,09:34:58,24780.6,24780.2,150,24783,75,0,204975
NIFTY-III.NFO,06/05/2025,09:35:01,24780.6,24780.3,225,24783,75,0,204975
NIFTY-III.NFO,06/05/2025,09:35:03,24783,24780.3,225,24790.9,150,75,204975
NIFTY-III.NFO,06/05/2025,09:35:04,24783,24780.3,75,24790.1,150,0,204975
NIFTY-III.NFO,06/05/2025,09:35:06,24783,24780.4,150,24790.1,150,0,204975
NIFTY-III.NFO,06/05/2025,09:35:11,24783,24780.2,150,24789.6,150,0,204975
NIFTY-III.NFO,06/05/2025,09:35:13,24783,24780.2,225,24789.6,150,0,204975
NIFTY-III.NFO,06/05/2025,09:35:14,24783,24785,150,24789.6,150,0,204975
NIFTY-III.NFO,06/05/2025,09:35:16,24783,24785,150,24790.5,225,0,204975
NIFTY-III.NFO,06/05/2025,09:35:18,24783,24785,225,24792.7,225,0,204975
NIFTY-III.NFO,06/05/2025,09:35:19,24783,24785,225,24793.7,300,0,204975
NIFTY-III.NFO,06/05/2025,09:35:21,24783,24785.1,150,24795.2,450,0,204975
NIFTY-III.NFO,06/05/2025,09:35:22,24783,24785.7,150,24796.7,150,0,204975
NIFTY-III.NFO,06/05/2025,09:35:24,24783,24785.7,150,24796.5,150,0,204975
NIFTY-III.NFO,06/05/2025,09:35:26,24783,24785.7,150,24790,75,0,204975
NIFTY-III.NFO,06/05/2025,09:35:29,24783,24785.1,150,24790,75,0,204975
NIFTY-III.NFO,06/05/2025,09:35:31,24785.1,24785.1,150,24790,75,75,204975
NIFTY-III.NFO,06/05/2025,09:35:32,24785.1,24785.1,150,24790,75,0,204975
NIFTY-III.NFO,06/05/2025,09:35:37,24785.1,24785.1,225,24790,75,0,204975
NIFTY-III.NFO,06/05/2025,09:35:39,24785.2,24785.1,75,24790,75,75,204975
NIFTY-III.NFO,06/05/2025,09:35:41,24785.2,24785.1,75,24790,75,0,204975
NIFTY-III.NFO,06/05/2025,09:35:42,24785.2,24785.1,75,24789.9,150,0,204975
NIFTY-III.NFO,06/05/2025,09:35:44,24785.2,24785.1,75,24790,75,0,204975
NIFTY-III.NFO,06/05/2025,09:35:46,24785.2,24785.1,75,24789.9,150,0,204975
NIFTY-III.NFO,06/05/2025,09:35:47,24785.2,24785.1,75,24790,75,0,204975
NIFTY-III.NFO,06/05/2025,09:35:49,24785.2,24785.1,75,24789.9,225,0,204975
NIFTY-III.NFO,06/05/2025,09:35:52,24785.2,24785,225,24785.2,75,0,204975
NIFTY-III.NFO,06/05/2025,09:35:54,24785.2,24785.1,150,24785.2,75,0,204975
NIFTY-III.NFO,06/05/2025,09:35:59,24785.2,24785.1,300,24790,75,75,204975
NIFTY-III.NFO,06/05/2025,09:36:01,24785.2,24785.3,150,24790,75,0,204975
NIFTY-III.NFO,06/05/2025,09:36:02,24785.2,24785.2,75,24790,75,0,204975
NIFTY-III.NFO,06/05/2025,09:36:04,24785.2,24785.2,75,24789.9,150,0,204975
NIFTY-III.NFO,06/05/2025,09:36:06,24785.2,24785.2,75,24790,75,0,204975
NIFTY-III.NFO,06/05/2025,09:36:07,24785.2,24785.2,75,24789.9,150,0,204975
NIFTY-III.NFO,06/05/2025,09:36:09,24785.2,24785.2,75,24790,75,0,204975
NIFTY-III.NFO,06/05/2025,09:36:11,24785.2,24785.3,150,24790,75,0,204975
NIFTY-III.NFO,06/05/2025,09:36:13,24785.2,24785.3,225,24790,75,0,204975
NIFTY-III.NFO,06/05/2025,09:36:18,24785.3,24785.3,150,24790,75,75,204975
NIFTY-III.NFO,06/05/2025,09:36:19,24785.3,24785.3,150,24790,75,0,204975
NIFTY-III.NFO,06/05/2025,09:36:21,24785.3,24785.3,225,24790,75,0,204975
NIFTY-III.NFO,06/05/2025,09:36:26,24785.3,24785.3,150,24790,75,0,204975
NIFTY-III.NFO,06/05/2025,09:36:28,24785.5,24785.5,75,24790,75,75,204075
NIFTY-III.NFO,06/05/2025,09:36:29,24785.5,24785.3,75,24790,75,0,204075
NIFTY-III.NFO,06/05/2025,09:36:31,24785.5,24786.3,75,24790,75,0,204075
NIFTY-III.NFO,06/05/2025,09:36:32,24785.5,24785.3,150,24790,75,0,204075
NIFTY-III.NFO,06/05/2025,09:36:34,24785.5,24785.3,75,24790,75,0,204075
NIFTY-III.NFO,06/05/2025,09:36:37,24785.5,24785.3,75,24786.3,75,0,204075
NIFTY-III.NFO,06/05/2025,09:36:42,24785.5,24785.3,150,24786.3,75,0,204075
NIFTY-III.NFO,06/05/2025,09:36:44,24785.3,24785.2,150,24790,75,75,204075
NIFTY-III.NFO,06/05/2025,09:36:46,24785.3,24785.2,150,24790,75,0,204075
NIFTY-III.NFO,06/05/2025,09:36:49,24785.3,24785.2,75,24790,75,0,204075
NIFTY-III.NFO,06/05/2025,09:36:54,24785.3,24785.3,600,24790,75,0,204075
NIFTY-III.NFO,06/05/2025,09:36:56,24785.3,24785.3,600,24789.9,225,0,204075
NIFTY-III.NFO,06/05/2025,09:36:59,24785,24780.2,150,24786.8,150,900,204075
NIFTY-III.NFO,06/05/2025,09:37:01,24785,24780.2,150,24786.5,150,0,204075
NIFTY-III.NFO,06/05/2025,09:37:04,24784,24772.6,150,24783.8,150,150,204075
NIFTY-III.NFO,06/05/2025,09:37:06,24784,24772.6,150,24783.8,150,0,204075
NIFTY-III.NFO,06/05/2025,09:37:09,24784,24772.1,75,24782.8,150,0,204075
NIFTY-III.NFO,06/05/2025,09:37:11,24784,24771.4,150,24782.3,150,0,204075
NIFTY-III.NFO,06/05/2025,09:37:12,24784,24771.4,150,24782.1,150,0,204075
NIFTY-III.NFO,06/05/2025,09:37:16,24784,24770.4,150,24781.5,150,0,204075
NIFTY-III.NFO,06/05/2025,09:37:17,24784,24769.3,150,24780.4,150,0,204075
NIFTY-III.NFO,06/05/2025,09:37:19,24784,24771,150,24781.5,150,0,204075
NIFTY-III.NFO,06/05/2025,09:37:21,24784,24769.7,150,24780.4,150,0,204075
NIFTY-III.NFO,06/05/2025,09:37:22,24784,24767.3,150,24779.1,150,0,204075
NIFTY-III.NFO,06/05/2025,09:37:24,24784,24767.3,150,24778.5,150,0,204075
NIFTY-III.NFO,06/05/2025,09:37:26,24784,24768.4,150,24778.5,150,0,204075
NIFTY-III.NFO,06/05/2025,09:37:29,24784,24770.2,150,24780.4,150,0,204075
NIFTY-III.NFO,06/05/2025,09:37:31,24784,24771.8,225,24781.9,150,0,204075
NIFTY-III.NFO,06/05/2025,09:37:34,24784,24772,150,24782.5,150,0,204075
NIFTY-III.NFO,06/05/2025,09:37:36,24784,24772.5,150,24783.6,150,0,204075
NIFTY-III.NFO,06/05/2025,09:37:37,24784,24772,150,24782.9,150,0,204075
NIFTY-III.NFO,06/05/2025,09:37:39,24784,24771.5,150,24782.3,150,0,204075
NIFTY-III.NFO,06/05/2025,09:37:41,24784,24770.2,150,24781.2,150,0,204075
NIFTY-III.NFO,06/05/2025,09:37:42,24784,24768.7,150,24778.8,150,0,204075
NIFTY-III.NFO,06/05/2025,09:37:44,24784,24767.6,150,24777.9,150,0,204075
NIFTY-III.NFO,06/05/2025,09:37:49,24784,24768.2,150,24778.4,150,0,204075
NIFTY-III.NFO,06/05/2025,09:37:56,24784,24766.3,150,24777.5,600,0,204075
NIFTY-III.NFO,06/05/2025,09:37:57,24784,24766.3,150,24777.3,150,0,204075
NIFTY-III.NFO,06/05/2025,09:38:01,24784,24766.6,150,24777.3,150,0,204075
NIFTY-III.NFO,06/05/2025,09:38:02,24784,24768.6,150,24778.8,150,0,204075
NIFTY-III.NFO,06/05/2025,09:38:04,24784,24770.9,150,24781.2,150,0,204075
NIFTY-III.NFO,06/05/2025,09:38:06,24784,24771.7,150,24781.7,225,0,204075
NIFTY-III.NFO,06/05/2025,09:38:07,24784,24771.7,150,24780,150,0,204075
NIFTY-III.NFO,06/05/2025,09:38:09,24784,24769.8,150,24779.9,150,0,204075
NIFTY-III.NFO,06/05/2025,09:38:11,24784,24771.4,150,24779.9,225,0,204075
NIFTY-III.NFO,06/05/2025,09:38:12,24784,24772.3,150,24780,75,0,204075
NIFTY-III.NFO,06/05/2025,09:38:14,24784,24770.5,150,24779.9,225,0,204075
NIFTY-III.NFO,06/05/2025,09:38:19,24784,24771.8,150,24780,75,0,204075
NIFTY-III.NFO,06/05/2025,09:38:21,24784,24770.5,150,24779.9,225,0,204075
NIFTY-III.NFO,06/05/2025,09:38:23,24784,24771.9,150,24780,75,0,204075
NIFTY-III.NFO,06/05/2025,09:38:24,24784,24771.9,150,24780,150,0,204075
NIFTY-III.NFO,06/05/2025,09:38:26,24784,24771.9,225,24780,150,0,204075
NIFTY-III.NFO,06/05/2025,09:38:28,24784,24773.5,150,24780,75,0,204075
NIFTY-III.NFO,06/05/2025,09:38:29,24784,24773.2,150,24780,75,0,204075
NIFTY-III.NFO,06/05/2025,09:38:31,24784,24775,225,24780,75,0,204075
NIFTY-III.NFO,06/05/2025,09:38:33,24784,24775.3,225,24780,75,0,204075
NIFTY-III.NFO,06/05/2025,09:38:34,24784,24776.1,225,24780,75,0,204075
NIFTY-III.NFO,06/05/2025,09:38:38,24784,24776.1,150,24780,75,0,204075
NIFTY-III.NFO,06/05/2025,09:38:39,24780,24776.1,225,24784,150,75,204075
NIFTY-III.NFO,06/05/2025,09:38:41,24780,24774.9,150,24783.9,225,0,204075
NIFTY-III.NFO,06/05/2025,09:38:43,24780,24774.7,150,24783.9,225,0,204075
NIFTY-III.NFO,06/05/2025,09:38:44,24780,24775.8,150,24783.9,150,0,204075
NIFTY-III.NFO,06/05/2025,09:38:48,24780,24774.7,150,24783.9,225,0,204075
NIFTY-III.NFO,06/05/2025,09:38:49,24780,24773.4,75,24783.9,225,0,204075
NIFTY-III.NFO,06/05/2025,09:38:51,24780,24771.2,150,24781.3,150,0,204075
NIFTY-III.NFO,06/05/2025,09:38:53,24780,24770.9,150,24781.3,150,0,204075
NIFTY-III.NFO,06/05/2025,09:38:54,24780,24772.1,300,24782.2,150,0,204075
NIFTY-III.NFO,06/05/2025,09:38:56,24780,24771.4,225,24776,75,0,204075
NIFTY-III.NFO,06/05/2025,09:38:58,24771.4,24771.4,300,24776,75,75,204075
NIFTY-III.NFO,06/05/2025,09:38:59,24771.4,24770.6,150,24776,75,0,204075
NIFTY-III.NFO,06/05/2025,09:39:01,24771.4,24771.1,75,24776,75,0,204075
NIFTY-III.NFO,06/05/2025,09:39:03,24771.4,24771.6,150,24776,75,0,204075
NIFTY-III.NFO,06/05/2025,09:39:04,24771.4,24773.3,150,24776,75,0,204075
NIFTY-III.NFO,06/05/2025,09:39:06,24771.4,24771.9,150,24776,75,0,204075
NIFTY-III.NFO,06/05/2025,09:39:07,24771.4,24771.3,150,24776,75,0,204075
NIFTY-III.NFO,06/05/2025,09:39:09,24771.4,24769.8,75,24776,75,0,204075
NIFTY-III.NFO,06/05/2025,09:39:11,24770,24769.8,75,24779.5,150,75,204075
NIFTY-III.NFO,06/05/2025,09:39:12,24770,24767.6,75,24778.1,150,0,204075
NIFTY-III.NFO,06/05/2025,09:39:14,24770,24767.3,75,24778.1,150,0,204075
NIFTY-III.NFO,06/05/2025,09:39:16,24770,24767.6,75,24778.1,150,0,204075
NIFTY-III.NFO,06/05/2025,09:39:17,24770,24768.9,75,24778.4,150,0,204075
NIFTY-III.NFO,06/05/2025,09:39:19,24770,24768.2,75,24778.4,150,0,204075
NIFTY-III.NFO,06/05/2025,09:39:21,24770,24767.9,75,24778.4,225,0,204075
NIFTY-III.NFO,06/05/2025,09:39:22,24770,24766.3,75,24777.6,150,0,204075
NIFTY-III.NFO,06/05/2025,09:39:24,24770,24766.1,75,24777.4,150,0,204075
NIFTY-III.NFO,06/05/2025,09:39:25,24770,24766.1,150,24777.4,150,0,204075
NIFTY-III.NFO,06/05/2025,09:39:27,24770,24766.1,75,24777.4,150,0,204075
NIFTY-III.NFO,06/05/2025,09:39:35,24770,24768.8,75,24778.6,150,0,204075
NIFTY-III.NFO,06/05/2025,09:39:40,24770,24770,75,24780.1,150,0,204075
NIFTY-III.NFO,06/05/2025,09:39:42,24770,24769.9,75,24780.1,150,75,204225
NIFTY-III.NFO,06/05/2025,09:39:44,24770,24769.9,75,24780.1,150,0,204225
NIFTY-III.NFO,06/05/2025,09:39:45,24780.1,24770,75,24780.1,75,75,204225
NIFTY-III.NFO,06/05/2025,09:39:47,24780.1,24770,75,24780.1,75,0,204225
NIFTY-III.NFO,06/05/2025,09:39:50,24780.1,24770,150,24780.1,75,0,204225
NIFTY-III.NFO,06/05/2025,09:39:52,24780.1,24770,75,24780.1,75,0,204225
NIFTY-III.NFO,06/05/2025,09:39:54,24780.1,24767.7,75,24778.8,150,0,204225
NIFTY-III.NFO,06/05/2025,09:39:55,24778.6,24766.6,75,24777.8,225,75,204225
NIFTY-III.NFO,06/05/2025,09:39:57,24778.6,24766,75,24775.9,150,0,204225
NIFTY-III.NFO,06/05/2025,09:39:58,24778.6,24766,75,24776.6,150,0,204225
NIFTY-III.NFO,06/05/2025,09:40:03,24778.6,24764.1,75,24774.9,300,0,204225
NIFTY-III.NFO,06/05/2025,09:40:05,24778.6,24762.3,75,24773.5,150,0,204225
NIFTY-III.NFO,06/05/2025,09:40:07,24778.6,24762.1,75,24773.2,150,0,204225
NIFTY-III.NFO,06/05/2025,09:40:08,24778.6,24762.9,75,24773.2,150,0,204225
NIFTY-III.NFO,06/05/2025,09:40:10,24778.6,24762.2,75,24773,150,0,204225
NIFTY-III.NFO,06/05/2025,09:40:12,24761.7,24761.7,75,24771.9,150,75,204225
NIFTY-III.NFO,06/05/2025,09:40:13,24761.7,24761.7,75,24771.9,150,75,204225
NIFTY-III.NFO,06/05/2025,09:40:15,24761.7,24761.6,75,24771.9,150,0,204225
NIFTY-III.NFO,06/05/2025,09:40:17,24761.7,24763.1,75,24773.2,150,0,204225
NIFTY-III.NFO,06/05/2025,09:40:20,24761.7,24765,225,24775.6,150,0,204225
NIFTY-III.NFO,06/05/2025,09:40:22,24761.7,24767.5,450,24777.6,150,0,204225
NIFTY-III.NFO,06/05/2025,09:40:24,24761.7,24767.5,75,24777.6,150,0,204225
NIFTY-III.NFO,06/05/2025,09:40:27,24761.7,24766.1,150,24777.6,150,0,204225
NIFTY-III.NFO,06/05/2025,09:40:29,24761.7,24766.7,75,24777.6,150,0,204225
NIFTY-III.NFO,06/05/2025,09:40:30,24761.7,24765.7,75,24776.1,150,0,204225
NIFTY-III.NFO,06/05/2025,09:40:32,24776.1,24763.2,150,24774.1,150,150,204225
NIFTY-III.NFO,06/05/2025,09:40:34,24776.1,24763.3,150,24773.7,150,0,204225
NIFTY-III.NFO,06/05/2025,09:40:37,24776.1,24763.3,150,24773.4,150,0,204225
NIFTY-III.NFO,06/05/2025,09:40:39,24776.1,24762.4,150,24772.6,150,0,204225
NIFTY-III.NFO,06/05/2025,09:40:42,24776.1,24763.3,150,24773.2,150,0,204225
NIFTY-III.NFO,06/05/2025,09:40:44,24776.1,24763.3,150,24773.7,150,0,204225
NIFTY-III.NFO,06/05/2025,09:40:47,24776.1,24764.6,150,24775,150,0,204225
NIFTY-III.NFO,06/05/2025,09:40:50,24776.1,24764.9,150,24775,150,0,204225
NIFTY-III.NFO,06/05/2025,09:40:52,24776.1,24764.9,525,24775,150,0,204225
NIFTY-III.NFO,06/05/2025,09:40:53,24776.1,24764.9,150,24775,150,0,204225
NIFTY-III.NFO,06/05/2025,09:40:55,24776.1,24765.5,75,24775.5,150,0,204225
NIFTY-III.NFO,06/05/2025,09:40:57,24776.1,24765.2,75,24775.5,150,0,204225
NIFTY-III.NFO,06/05/2025,09:40:58,24776.1,24760.5,150,24771,150,0,204225
NIFTY-III.NFO,06/05/2025,09:41:00,24776.1,24760.1,225,24770.4,150,0,204225
NIFTY-III.NFO,06/05/2025,09:41:02,24776.1,24760.1,75,24770.4,150,0,204225
NIFTY-III.NFO,06/05/2025,09:41:03,24776.1,24760.1,225,24770,150,0,204225
NIFTY-III.NFO,06/05/2025,09:41:07,24776.1,24760.1,75,24769.5,150,0,204225
NIFTY-III.NFO,06/05/2025,09:41:08,24776.1,24760,75,24768.9,150,0,204225
NIFTY-III.NFO,06/05/2025,09:41:10,24776.1,24760,75,24767.8,150,0,204225
NIFTY-III.NFO,06/05/2025,09:41:12,24776.1,24760,75,24767.4,150,0,204225
NIFTY-III.NFO,06/05/2025,09:41:13,24776.1,24760,75,24766.7,150,0,204225
NIFTY-III.NFO,06/05/2025,09:41:15,24776.1,24760,75,24767.4,150,0,204225
NIFTY-III.NFO,06/05/2025,09:41:17,24776.1,24760,75,24764.2,150,0,204225
NIFTY-III.NFO,06/05/2025,09:41:18,24760,24757,150,24763.4,150,75,204225
NIFTY-III.NFO,06/05/2025,09:41:20,24760,24757,150,24763,150,0,204225
NIFTY-III.NFO,06/05/2025,09:41:21,24760,24757,150,24764.6,150,0,204225
NIFTY-III.NFO,06/05/2025,09:41:23,24760,24757,150,24763.7,225,0,204225
NIFTY-III.NFO,06/05/2025,09:41:25,24760,24757,150,24762.2,150,0,204225
NIFTY-III.NFO,06/05/2025,09:41:26,24760,24757,150,24763.4,225,0,204225
NIFTY-III.NFO,06/05/2025,09:41:30,24760,24757,150,24765.1,150,0,204225
NIFTY-III.NFO,06/05/2025,09:41:31,24760,24757,150,24764.4,150,0,204225
NIFTY-III.NFO,06/05/2025,09:41:33,24760,24757.1,225,24765.9,150,0,204225
NIFTY-III.NFO,06/05/2025,09:41:35,24760,24757.1,225,24766.7,150,0,204225
NIFTY-III.NFO,06/05/2025,09:41:36,24760,24757.1,225,24767.2,75,0,204225
NIFTY-III.NFO,06/05/2025,09:41:38,24760,24758.5,150,24769,75,0,204225
NIFTY-III.NFO,06/05/2025,09:41:40,24760,24759.6,150,24770,150,75,204225
NIFTY-III.NFO,06/05/2025,09:41:41,24760,24759.6,150,24770.7,150,0,204225
NIFTY-III.NFO,06/05/2025,09:41:45,24760,24759.6,150,24770,675,0,204225
NIFTY-III.NFO,06/05/2025,09:41:46,24760,24761.7,150,24770,600,0,204225
NIFTY-III.NFO,06/05/2025,09:41:51,24770,24763,150,24770,450,150,204225
NIFTY-III.NFO,06/05/2025,09:41:53,24770,24763,150,24770,450,0,204225
NIFTY-III.NFO,06/05/2025,09:41:58,24770,24761.7,150,24770,450,0,204225
NIFTY-III.NFO,06/05/2025,09:42:00,24770,24762.5,150,24770,450,0,204225
NIFTY-III.NFO,06/05/2025,09:42:01,24770,24762.8,75,24770,450,0,204225
NIFTY-III.NFO,06/05/2025,09:42:03,24770,24761.7,150,24769.9,225,0,204225
NIFTY-III.NFO,06/05/2025,09:42:05,24770,24759.2,150,24769.6,150,0,204225
NIFTY-III.NFO,06/05/2025,09:42:06,24759.2,24759.1,75,24769.6,150,150,204225
NIFTY-III.NFO,06/05/2025,09:42:08,24759.2,24758.8,75,24769.4,150,0,204225
NIFTY-III.NFO,06/05/2025,09:42:15,24759.2,24758.9,75,24769.6,150,0,204225
NIFTY-III.NFO,06/05/2025,09:42:16,24759.2,24760.9,225,24769.9,225,0,204225
NIFTY-III.NFO,06/05/2025,09:42:18,24759.2,24760.9,75,24769.9,225,0,204225
NIFTY-III.NFO,06/05/2025,09:42:21,24759.2,24761.1,75,24769.9,225,0,204225
NIFTY-III.NFO,06/05/2025,09:42:23,24759.2,24761.8,150,24770,450,0,204225
NIFTY-III.NFO,06/05/2025,09:42:25,24759.2,24763.5,225,24770,450,0,204225
NIFTY-III.NFO,06/05/2025,09:42:26,24759.2,24764,75,24770,450,0,204225
NIFTY-III.NFO,06/05/2025,09:42:28,24759.2,24762.5,225,24770,450,0,204225
NIFTY-III.NFO,06/05/2025,09:42:30,24759.2,24763.6,75,24770,450,0,204225
NIFTY-III.NFO,06/05/2025,09:42:31,24759.2,24763.3,75,24770,450,0,204225
NIFTY-III.NFO,06/05/2025,09:42:33,24759.2,24761.3,225,24769.9,225,0,204225
NIFTY-III.NFO,06/05/2025,09:42:35,24759.2,24760.7,75,24769.9,225,0,204225
NIFTY-III.NFO,06/05/2025,09:42:41,24759.2,24762.2,150,24770,450,0,204225
NIFTY-III.NFO,06/05/2025,09:42:43,24759.2,24762.9,225,24770,450,0,204225
NIFTY-III.NFO,06/05/2025,09:42:46,24759.2,24764,225,24770,450,0,204225
NIFTY-III.NFO,06/05/2025,09:42:48,24759.2,24766.3,150,24770,450,0,204225
NIFTY-III.NFO,06/05/2025,09:42:50,24759.2,24765.5,150,24770,450,0,204225
NIFTY-III.NFO,06/05/2025,09:42:51,24759.2,24766.6,150,24770,450,0,204225
NIFTY-III.NFO,06/05/2025,09:42:53,24759.2,24766.3,75,24770,450,0,204225
NIFTY-III.NFO,06/05/2025,09:42:55,24759.2,24767.2,150,24770,450,0,204225
NIFTY-III.NFO,06/05/2025,09:42:56,24759.2,24766.1,150,24770,450,0,204225
NIFTY-III.NFO,06/05/2025,09:42:58,24770,24769,75,24778.5,225,450,204225
NIFTY-III.NFO,06/05/2025,09:43:00,24770,24769,150,24778.5,225,0,204675
NIFTY-III.NFO,06/05/2025,09:43:01,24770,24769.4,75,24778.5,150,0,204675
NIFTY-III.NFO,06/05/2025,09:43:03,24770,24770.5,75,24778.5,225,0,204675
NIFTY-III.NFO,06/05/2025,09:43:05,24770,24769,75,24778.5,225,0,204675
NIFTY-III.NFO,06/05/2025,09:43:06,24770,24769.3,225,24778.5,225,0,204675
NIFTY-III.NFO,06/05/2025,09:43:08,24770,24769.5,75,24778.5,225,0,204675
NIFTY-III.NFO,06/05/2025,09:43:11,24770,24767.8,225,24778.5,225,0,204675
NIFTY-III.NFO,06/05/2025,09:43:13,24770,24766.8,75,24778.3,225,0,204675
NIFTY-III.NFO,06/05/2025,09:43:14,24770,24766.1,75,24776.8,150,0,204675
NIFTY-III.NFO,06/05/2025,09:43:16,24770,24765.2,75,24775.4,150,0,204675
NIFTY-III.NFO,06/05/2025,09:43:19,24770,24768.1,75,24777.7,150,0,204675
NIFTY-III.NFO,06/05/2025,09:43:21,24770,24768.5,75,24778.2,150,0,204675
NIFTY-III.NFO,06/05/2025,09:43:24,24778.2,24768.8,75,24778.4,150,75,204675
NIFTY-III.NFO,06/05/2025,09:43:26,24778.2,24768.8,75,24778.4,150,0,204675
NIFTY-III.NFO,06/05/2025,09:43:27,24778.2,24769.3,75,24778.4,150,0,204675
NIFTY-III.NFO,06/05/2025,09:43:29,24778.2,24769.5,150,24778.6,150,0,204675
NIFTY-III.NFO,06/05/2025,09:43:31,24778.2,24771.4,75,24778.6,75,0,204675
NIFTY-III.NFO,06/05/2025,09:43:32,24778.2,24770.3,150,24778.6,150,0,204675
NIFTY-III.NFO,06/05/2025,09:43:34,24778.2,24771.4,150,24778.6,75,0,204675
NIFTY-III.NFO,06/05/2025,09:43:36,24778.2,24771.5,75,24778.6,75,0,204675
NIFTY-III.NFO,06/05/2025,09:43:37,24778.2,24770.3,150,24778.5,225,0,204675
NIFTY-III.NFO,06/05/2025,09:43:39,24778.5,24769.3,75,24778.5,150,75,204675
NIFTY-III.NFO,06/05/2025,09:43:41,24778.5,24767.5,75,24778.3,225,0,204675
NIFTY-III.NFO,06/05/2025,09:43:42,24778.5,24767.8,75,24778.3,225,0,204675
NIFTY-III.NFO,06/05/2025,09:43:44,24778.5,24770.2,75,24777.8,375,0,204675
NIFTY-III.NFO,06/05/2025,09:43:46,24778.5,24771.3,75,24778.6,75,0,204675
NIFTY-III.NFO,06/05/2025,09:43:47,24778.5,24772.4,225,24778.6,75,0,204675
NIFTY-III.NFO,06/05/2025,09:43:49,24778.5,24774.2,150,24778.6,75,0,204675
NIFTY-III.NFO,06/05/2025,09:43:51,24778.5,24772.1,150,24778.6,75,0,204675
NIFTY-III.NFO,06/05/2025,09:43:52,24778.5,24773.6,150,24778.6,75,0,204675
NIFTY-III.NFO,06/05/2025,09:43:54,24778.5,24773.2,150,24778.6,75,0,204675
NIFTY-III.NFO,06/05/2025,09:43:56,24778.5,24773.2,75,24778.6,75,0,204675
NIFTY-III.NFO,06/05/2025,09:43:57,24778.5,24773.7,150,24778.6,75,0,204675
NIFTY-III.NFO,06/05/2025,09:43:59,24778.5,24775.6,75,24778.6,75,0,204675
NIFTY-III.NFO,06/05/2025,09:44:01,24778.5,24774.2,150,24778.6,75,0,204675
NIFTY-III.NFO,06/05/2025,09:44:02,24778.5,24775.9,225,24778.6,75,0,204675
NIFTY-III.NFO,06/05/2025,09:44:04,24778.5,24776.5,75,24778.6,75,0,204675
NIFTY-III.NFO,06/05/2025,09:44:06,24778.5,24775.3,225,24778.6,75,0,204675
NIFTY-III.NFO,06/05/2025,09:44:07,24778.5,24776,150,24778.6,75,0,204675
NIFTY-III.NFO,06/05/2025,09:44:09,24778.5,24773.4,75,24778.6,75,0,204675
NIFTY-III.NFO,06/05/2025,09:44:12,24778.5,24772.8,75,24778.6,75,0,204675
NIFTY-III.NFO,06/05/2025,09:44:14,24778.5,24773.2,150,24778.6,75,0,204675
NIFTY-III.NFO,06/05/2025,09:44:16,24778.5,24771.9,75,24778.5,150,0,204675
NIFTY-III.NFO,06/05/2025,09:44:19,24778.5,24771.8,150,24778.5,150,0,204675
NIFTY-III.NFO,06/05/2025,09:44:21,24778.5,24769.2,75,24778.5,225,0,204675
NIFTY-III.NFO,06/05/2025,09:44:22,24778.5,24772.3,75,24778.6,75,0,204675
NIFTY-III.NFO,06/05/2025,09:44:24,24778.5,24771.4,150,24778.5,150,0,204675
NIFTY-III.NFO,06/05/2025,09:44:26,24778.5,24772.1,225,24778.6,75,0,204675
NIFTY-III.NFO,06/05/2025,09:44:27,24778.5,24772,150,24778.5,150,0,204675
NIFTY-III.NFO,06/05/2025,09:44:29,24778.5,24771.2,75,24778.5,225,0,204675
NIFTY-III.NFO,06/05/2025,09:44:31,24778.5,24769,75,24778.5,225,0,204675
NIFTY-III.NFO,06/05/2025,09:44:32,24778.5,24766.7,75,24777.5,150,0,204675
NIFTY-III.NFO,06/05/2025,09:44:34,24778.5,24766.2,75,24776.8,150,0,204675
NIFTY-III.NFO,06/05/2025,09:44:37,24778.5,24764.5,75,24776.6,150,0,204675
NIFTY-III.NFO,06/05/2025,09:44:39,24778.5,24764.6,75,24775.9,150,0,204675
NIFTY-III.NFO,06/05/2025,09:44:41,24778.5,24764.3,75,24775.2,150,0,204675
NIFTY-III.NFO,06/05/2025,09:44:42,24778.5,24764.3,75,24774.9,150,0,204675
NIFTY-III.NFO,06/05/2025,09:44:44,24778.5,24764.3,75,24774.9,225,0,204675
NIFTY-III.NFO,06/05/2025,09:44:49,24778.5,24763.5,75,24774.1,150,0,204675
NIFTY-III.NFO,06/05/2025,09:44:54,24778.5,24763.7,150,24774.1,150,0,204675
NIFTY-III.NFO,06/05/2025,09:44:56,24778.5,24764.5,75,24774.9,150,0,204675
NIFTY-III.NFO,06/05/2025,09:44:57,24778.5,24765.6,75,24775.2,150,0,204675
NIFTY-III.NFO,06/05/2025,09:44:59,24778.5,24767.5,75,24777.5,150,0,204675
NIFTY-III.NFO,06/05/2025,09:45:01,24778.5,24768.9,150,24778.2,150,0,204675
NIFTY-III.NFO,06/05/2025,09:45:02,24778.5,24769.1,75,24778.4,150,0,204675
NIFTY-III.NFO,06/05/2025,09:45:04,24778.5,24769,75,24778.4,150,0,204675
NIFTY-III.NFO,06/05/2025,09:45:06,24778.5,24767.7,75,24778.2,150,0,204675
NIFTY-III.NFO,06/05/2025,09:45:07,24778.5,24767,75,24778.2,150,0,204675
NIFTY-III.NFO,06/05/2025,09:45:09,24778.5,24766.2,75,24777.1,150,0,204675
NIFTY-III.NFO,06/05/2025,09:45:11,24778.5,24767.1,75,24777.1,150,0,204675
NIFTY-III.NFO,06/05/2025,09:45:14,24778.5,24768.3,75,24778.2,150,0,204675
NIFTY-III.NFO,06/05/2025,09:45:16,24778.5,24768.9,75,24778.2,150,0,204675
NIFTY-III.NFO,06/05/2025,09:45:17,24778.5,24769.9,75,24778.6,150,0,204675
NIFTY-III.NFO,06/05/2025,09:45:19,24778.5,24769.7,75,24778.4,150,0,204675
NIFTY-III.NFO,06/05/2025,09:45:21,24778.5,24769.7,75,24778.6,150,0,204675
NIFTY-III.NFO,06/05/2025,09:45:22,24778.5,24770,75,24778.5,75,0,204675
NIFTY-III.NFO,06/05/2025,09:45:24,24778.5,24767.9,75,24778.4,150,0,204675
NIFTY-III.NFO,06/05/2025,09:45:26,24778.5,24767.3,75,24777.7,150,0,204675
NIFTY-III.NFO,06/05/2025,09:45:27,24778.5,24766,75,24776.2,150,0,204675
NIFTY-III.NFO,06/05/2025,09:45:29,24778.5,24765.9,75,24776.2,225,0,204675
NIFTY-III.NFO,06/05/2025,09:45:31,24778.5,24765.6,75,24776.2,225,0,204675
NIFTY-III.NFO,06/05/2025,09:45:32,24778.5,24763.7,75,24775.2,150,0,204675
NIFTY-III.NFO,06/05/2025,09:45:34,24778.5,24763,75,24773.3,150,0,204675
NIFTY-III.NFO,06/05/2025,09:45:36,24778.5,24762.7,75,24773.1,150,0,204675
NIFTY-III.NFO,06/05/2025,09:45:37,24778.5,24762,75,24772.4,150,0,204675
NIFTY-III.NFO,06/05/2025,09:45:39,24778.5,24761.5,75,24771.7,150,0,204675
NIFTY-III.NFO,06/05/2025,09:45:41,24778.5,24761,75,24771.5,150,0,204675
NIFTY-III.NFO,06/05/2025,09:45:44,24778.5,24759.4,75,24768.9,150,0,204675
NIFTY-III.NFO,06/05/2025,09:45:46,24778.5,24759.3,75,24768.1,150,0,204675
NIFTY-III.NFO,06/05/2025,09:45:47,24778.5,24759.3,150,24768.9,150,0,204675
NIFTY-III.NFO,06/05/2025,09:45:51,24778.5,24761,75,24770.8,150,0,204675
NIFTY-III.NFO,06/05/2025,09:45:52,24778.5,24761.6,75,24771.5,150,0,204675
NIFTY-III.NFO,06/05/2025,09:45:54,24778.5,24762.4,75,24772,150,0,204675
NIFTY-III.NFO,06/05/2025,09:45:56,24762.4,24762.7,75,24772.4,150,75,204600
NIFTY-III.NFO,06/05/2025,09:45:57,24762.4,24763.5,75,24773.5,150,0,204600
NIFTY-III.NFO,06/05/2025,09:45:59,24762.4,24764.5,75,24774.2,150,0,204600
NIFTY-III.NFO,06/05/2025,09:46:01,24762.4,24765.5,150,24774.8,75,0,204600
NIFTY-III.NFO,06/05/2025,09:46:02,24762.4,24765.8,150,24774.8,150,0,204600
NIFTY-III.NFO,06/05/2025,09:46:04,24762.4,24766,150,24774.9,225,0,204600
NIFTY-III.NFO,06/05/2025,09:46:06,24762.4,24765.1,75,24774.8,150,0,204600
NIFTY-III.NFO,06/05/2025,09:46:07,24762.4,24764.5,75,24774.8,150,0,204600
NIFTY-III.NFO,06/05/2025,09:46:11,24762.4,24765.4,75,24774.9,225,0,204600
NIFTY-III.NFO,06/05/2025,09:46:12,24762.4,24764.9,75,24774.8,150,0,204600
NIFTY-III.NFO,06/05/2025,09:46:14,24762.4,24762.9,75,24772.7,150,0,204600
NIFTY-III.NFO,06/05/2025,09:46:17,24762.4,24762.7,75,24772.7,225,0,204600
NIFTY-III.NFO,06/05/2025,09:46:19,24762.4,24761.8,75,24771.9,150,0,204600
NIFTY-III.NFO,06/05/2025,09:46:26,24762.4,24760.8,75,24771.3,150,0,204600
NIFTY-III.NFO,06/05/2025,09:46:27,24762.4,24760.5,75,24770.6,150,0,204600
NIFTY-III.NFO,06/05/2025,09:46:34,24762.4,24759.4,75,24769.9,150,0,204600
NIFTY-III.NFO,06/05/2025,09:46:36,24762.4,24759.3,150,24769.2,150,0,204600
NIFTY-III.NFO,06/05/2025,09:46:39,24762.4,24759.2,75,24769.2,150,0,204600
NIFTY-III.NFO,06/05/2025,09:46:41,24762.4,24759.3,150,24768.6,75,0,204600
NIFTY-III.NFO,06/05/2025,09:46:42,24762.4,24759.3,300,24768.6,75,0,204600
NIFTY-III.NFO,06/05/2025,09:46:44,24762.4,24760.5,75,24770.6,150,0,204600
NIFTY-III.NFO,06/05/2025,09:46:46,24762.4,24759.4,75,24769.3,150,0,204600
NIFTY-III.NFO,06/05/2025,09:46:47,24762.4,24759.3,150,24768,75,0,204600
NIFTY-III.NFO,06/05/2025,09:46:49,24762.4,24759.3,150,24769.3,150,0,204600
NIFTY-III.NFO,06/05/2025,09:46:58,24762.4,24759.2,75,24768.4,225,0,204600
NIFTY-III.NFO,06/05/2025,09:46:59,24762.4,24759.2,75,24768.1,150,0,204600
NIFTY-III.NFO,06/05/2025,09:47:01,24762.4,24759.2,75,24767.5,150,0,204600
NIFTY-III.NFO,06/05/2025,09:47:03,24762.4,24759.3,150,24767.6,75,0,204600
NIFTY-III.NFO,06/05/2025,09:47:04,24762.4,24759.3,75,24767.5,150,0,204600
NIFTY-III.NFO,06/05/2025,09:47:06,24762.4,24759.3,150,24769.3,150,0,204600
NIFTY-III.NFO,06/05/2025,09:47:08,24762.4,24759.3,150,24769.9,225,0,204600
NIFTY-III.NFO,06/05/2025,09:47:09,24762.4,24759.3,150,24769.7,225,0,204600
NIFTY-III.NFO,06/05/2025,09:47:11,24762.4,24759.7,75,24769.6,150,0,204600
NIFTY-III.NFO,06/05/2025,09:47:16,24762.4,24759.3,150,24769.1,150,0,204600
NIFTY-III.NFO,06/05/2025,09:47:18,24762.4,24759.3,150,24769.2,75,0,204600
NIFTY-III.NFO,06/05/2025,09:47:19,24762.4,24760.9,75,24769.8,450,0,204600
NIFTY-III.NFO,06/05/2025,09:47:24,24762.4,24762,75,24769.8,375,0,204600
NIFTY-III.NFO,06/05/2025,09:47:26,24762.4,24763.5,75,24770,600,0,204600
NIFTY-III.NFO,06/05/2025,09:47:29,24762.4,24762.5,150,24770,600,0,204600
NIFTY-III.NFO,06/05/2025,09:47:31,24762.4,24763.6,75,24770,600,0,204600
NIFTY-III.NFO,06/05/2025,09:47:33,24762.4,24763.7,150,24770,600,0,204600
NIFTY-III.NFO,06/05/2025,09:47:34,24762.4,24764.6,150,24770,600,0,204600
NIFTY-III.NFO,06/05/2025,09:47:38,24762.4,24764.6,225,24770,600,0,204600
NIFTY-III.NFO,06/05/2025,09:47:39,24762.4,24765.6,300,24770,600,0,204600
NIFTY-III.NFO,06/05/2025,09:47:41,24762.4,24765.7,150,24770,600,0,204600
NIFTY-III.NFO,06/05/2025,09:47:43,24770,24767.7,75,24777.7,150,600,204600
NIFTY-III.NFO,06/05/2025,09:47:44,24770,24767.9,75,24778.1,150,0,204600
NIFTY-III.NFO,06/05/2025,09:47:46,24770,24768.6,75,24778.5,225,0,204600
NIFTY-III.NFO,06/05/2025,09:47:48,24770,24769.4,75,24778.5,225,0,204600
NIFTY-III.NFO,06/05/2025,09:47:51,24770,24769.3,75,24778.5,225,0,204600
NIFTY-III.NFO,06/05/2025,09:47:53,24770,24767.9,75,24778.5,225,0,204600
NIFTY-III.NFO,06/05/2025,09:47:59,24770,24767.8,75,24778.5,225,0,204600
NIFTY-III.NFO,06/05/2025,09:48:01,24770,24768.8,225,24778.5,225,0,204600
NIFTY-III.NFO,06/05/2025,09:48:03,24770,24768.9,75,24778.5,225,0,204600
NIFTY-III.NFO,06/05/2025,09:48:04,24770,24768.3,75,24778.2,150,0,204600
NIFTY-III.NFO,06/05/2025,09:48:06,24770,24769.5,75,24778.5,225,0,204600
NIFTY-III.NFO,06/05/2025,09:48:08,24770,24769.8,75,24778.5,225,0,204600
NIFTY-III.NFO,06/05/2025,09:48:09,24770,24769.8,75,24778.5,150,0,204600
NIFTY-III.NFO,06/05/2025,09:48:11,24770,24770.5,75,24778.5,150,0,204600
NIFTY-III.NFO,06/05/2025,09:48:13,24770,24770.5,75,24778.5,225,0,204600
NIFTY-III.NFO,06/05/2025,09:48:14,24770,24769,150,24778.5,225,0,204600
NIFTY-III.NFO,06/05/2025,09:48:16,24770,24769,75,24778.5,225,0,204600
NIFTY-III.NFO,06/05/2025,09:48:18,24770,24769.1,75,24778.5,225,0,204600
NIFTY-III.NFO,06/05/2025,09:48:19,24770,24769,75,24778.5,225,0,204600
NIFTY-III.NFO,06/05/2025,09:48:22,24770,24768.6,75,24778.2,150,0,204600
NIFTY-III.NFO,06/05/2025,09:48:24,24770,24768.8,75,24778.2,150,0,204600
NIFTY-III.NFO,06/05/2025,09:48:26,24770,24770,75,24778.5,225,0,204600
NIFTY-III.NFO,06/05/2025,09:48:27,24770,24770.2,75,24778.5,225,0,204600
NIFTY-III.NFO,06/05/2025,09:48:29,24770,24769,75,24778.3,150,0,204600
NIFTY-III.NFO,06/05/2025,09:48:32,24770,24768.9,75,24778.3,150,0,204600
NIFTY-III.NFO,06/05/2025,09:48:34,24770,24769,75,24778.3,150,0,204600
NIFTY-III.NFO,06/05/2025,09:48:37,24770,24769.5,75,24778.5,225,0,204600
NIFTY-III.NFO,06/05/2025,09:48:39,24770,24770.2,75,24778.6,150,0,204600
NIFTY-III.NFO,06/05/2025,09:48:41,24770,24770.7,75,24778.6,75,0,204600
NIFTY-III.NFO,06/05/2025,09:48:42,24770,24772.3,150,24778.6,75,0,204600
NIFTY-III.NFO,06/05/2025,09:48:44,24772.3,24771.1,300,24778.6,75,75,205125
NIFTY-III.NFO,06/05/2025,09:48:46,24772.3,24771.7,75,24778.6,75,0,205125
NIFTY-III.NFO,06/05/2025,09:48:47,24772.3,24771.5,225,24778.6,75,0,205125
NIFTY-III.NFO,06/05/2025,09:48:49,24772.3,24771.3,75,24778.6,75,0,205125
NIFTY-III.NFO,06/05/2025,09:48:52,24772.3,24770.1,150,24778.6,150,0,205125
NIFTY-III.NFO,06/05/2025,09:48:54,24772.3,24770.7,75,24778.6,150,0,205125
NIFTY-III.NFO,06/05/2025,09:48:55,24772.3,24770.2,75,24778.4,150,0,205125
NIFTY-III.NFO,06/05/2025,09:48:57,24772.3,24768.5,75,24778.4,150,0,205125
NIFTY-III.NFO,06/05/2025,09:48:59,24772.3,24769.7,75,24778.4,150,0,205125
NIFTY-III.NFO,06/05/2025,09:49:00,24772.3,24769.7,75,24778.5,150,0,205125
NIFTY-III.NFO,06/05/2025,09:49:02,24772.3,24766.4,75,24776,150,0,205125
NIFTY-III.NFO,06/05/2025,09:49:04,24772.3,24765.3,75,24775.1,150,0,205125
NIFTY-III.NFO,06/05/2025,09:49:09,24772.3,24764.4,75,24774.4,150,0,205125
NIFTY-III.NFO,06/05/2025,09:49:10,24772.3,24763.8,150,24773.7,150,0,205125
NIFTY-III.NFO,06/05/2025,09:49:12,24772.3,24764,75,24773.7,150,0,205125
NIFTY-III.NFO,06/05/2025,09:49:14,24772.3,24763.8,75,24772.2,150,0,205125
NIFTY-III.NFO,06/05/2025,09:49:15,24772.3,24762.8,75,24772.2,150,0,205125
NIFTY-III.NFO,06/05/2025,09:49:17,24772.3,24762.8,150,24772.2,150,0,205125
NIFTY-III.NFO,06/05/2025,09:49:19,24772.3,24762.8,75,24772.2,150,0,205125
NIFTY-III.NFO,06/05/2025,09:49:20,24772.3,24761.4,75,24771.8,150,0,205125
NIFTY-III.NFO,06/05/2025,09:49:22,24772.3,24760.8,75,24771.1,525,0,205125
NIFTY-III.NFO,06/05/2025,09:49:24,24772.3,24760.1,75,24770.4,150,0,205125
NIFTY-III.NFO,06/05/2025,09:49:25,24772.3,24760.2,75,24770.4,150,0,205125
NIFTY-III.NFO,06/05/2025,09:49:27,24772.3,24760,75,24770.1,150,0,205125
NIFTY-III.NFO,06/05/2025,09:49:30,24772.3,24760,150,24769.6,150,0,205125
NIFTY-III.NFO,06/05/2025,09:49:32,24772.3,24760.2,225,24769.6,150,0,205125
NIFTY-III.NFO,06/05/2025,09:49:34,24761.2,24762.3,75,24771.8,150,75,205125
NIFTY-III.NFO,06/05/2025,09:49:35,24761.2,24762.3,75,24772.2,150,0,205125
NIFTY-III.NFO,06/05/2025,09:49:37,24761.2,24762.6,75,24771.8,225,0,205125
NIFTY-III.NFO,06/05/2025,09:49:40,24762.7,24762.6,150,24771.8,225,75,205125
NIFTY-III.NFO,06/05/2025,09:49:42,24762.7,24763,150,24771.8,225,0,205125
NIFTY-III.NFO,06/05/2025,09:49:43,24762.7,24763.2,150,24771.8,225,0,205125
NIFTY-III.NFO,06/05/2025,09:49:45,24762.7,24763.5,75,24773.2,225,0,205125
NIFTY-III.NFO,06/05/2025,09:49:47,24762.7,24762.5,150,24772.5,150,0,205125
NIFTY-III.NFO,06/05/2025,09:49:48,24762.7,24762.1,75,24771.4,150,0,205125
NIFTY-III.NFO,06/05/2025,09:49:50,24762.7,24762.7,150,24771.6,150,0,205125
NIFTY-III.NFO,06/05/2025,09:49:53,24762.7,24762.7,150,24770.2,150,0,205125
NIFTY-III.NFO,06/05/2025,09:49:55,24762.7,24762.7,150,24770.9,225,0,205125
NIFTY-III.NFO,06/05/2025,09:49:57,24762.7,24762.7,150,24771.5,225,0,205125
NIFTY-III.NFO,06/05/2025,09:49:58,24762.7,24762.7,150,24770.8,225,0,205125
NIFTY-III.NFO,06/05/2025,09:50:00,24762.7,24762.7,150,24771.1,150,0,205125
NIFTY-III.NFO,06/05/2025,09:50:02,24762.7,24762.7,150,24771.6,225,0,205125
NIFTY-III.NFO,06/05/2025,09:50:03,24762.7,24762.7,75,24770.4,150,0,205125
NIFTY-III.NFO,06/05/2025,09:50:05,24762.7,24762.7,75,24769,225,0,205125
NIFTY-III.NFO,06/05/2025,09:50:07,24762.7,24762.7,75,24768.2,150,0,205125
NIFTY-III.NFO,06/05/2025,09:50:08,24762.7,24762.7,75,24768.2,225,0,205125
NIFTY-III.NFO,06/05/2025,09:50:10,24762.7,24762.7,75,24767.9,150,0,205125
NIFTY-III.NFO,06/05/2025,09:50:12,24762.7,24762.7,75,24767.9,225,0,205125
NIFTY-III.NFO,06/05/2025,09:50:17,24762.7,24762.7,75,24768,75,0,205125
NIFTY-III.NFO,06/05/2025,09:50:20,24762.7,24762.7,75,24767.9,225,0,205125
NIFTY-III.NFO,06/05/2025,09:50:21,24762.7,24759.2,75,24765.4,150,75,205125
NIFTY-III.NFO,06/05/2025,09:50:23,24762.7,24759.2,75,24764.8,150,0,205125
NIFTY-III.NFO,06/05/2025,09:50:25,24762.7,24759.2,75,24765.2,225,0,205125
NIFTY-III.NFO,06/05/2025,09:50:28,24762.7,24759.2,75,24766.2,225,0,205125
NIFTY-III.NFO,06/05/2025,09:50:31,24762.7,24759.2,75,24766.2,300,0,205125
NIFTY-III.NFO,06/05/2025,09:50:33,24762.7,24759.2,75,24762.7,75,0,205125
NIFTY-III.NFO,06/05/2025,09:50:35,24762.7,24759.2,75,24762.6,150,0,205125
NIFTY-III.NFO,06/05/2025,09:50:36,24762.7,24759.2,75,24762.7,75,0,205125
NIFTY-III.NFO,06/05/2025,09:50:50,24759.2,24757,225,24762.7,75,75,205125
NIFTY-III.NFO,06/05/2025,09:50:51,24759.2,24757.1,75,24762.7,75,0,205125
NIFTY-III.NFO,06/05/2025,09:50:53,24759.2,24757,150,24762.7,75,0,205125
NIFTY-III.NFO,06/05/2025,09:50:55,24759.2,24757,225,24762.7,75,0,205125
NIFTY-III.NFO,06/05/2025,09:50:58,24759.2,24757,150,24762.7,75,0,205125
NIFTY-III.NFO,06/05/2025,09:51:00,24759.2,24757,225,24762.7,75,0,205125
NIFTY-III.NFO,06/05/2025,09:51:01,24759.2,24757,150,24762.7,75,0,205125
NIFTY-III.NFO,06/05/2025,09:51:07,24759.2,24757,225,24762.7,75,0,205125
NIFTY-III.NFO,06/05/2025,09:51:08,24759.2,24757,150,24762.7,75,0,205125
NIFTY-III.NFO,06/05/2025,09:51:12,24759.2,24757,225,24762.7,75,0,205125
NIFTY-III.NFO,06/05/2025,09:51:17,24759.2,24757.6,150,24762.7,75,0,205125
NIFTY-III.NFO,06/05/2025,09:51:18,24759.2,24757.1,150,24762.7,75,0,205125
NIFTY-III.NFO,06/05/2025,09:51:20,24759.2,24757.7,75,24762.7,75,0,205125
NIFTY-III.NFO,06/05/2025,09:51:21,24759.2,24758,150,24762.7,75,0,205125
NIFTY-III.NFO,06/05/2025,09:51:23,24759.2,24758.3,75,24762.7,75,0,205125
NIFTY-III.NFO,06/05/2025,09:51:25,24759.2,24757.9,75,24762.7,75,0,205125
NIFTY-III.NFO,06/05/2025,09:51:26,24759.2,24758,75,24762.7,75,0,205125
NIFTY-III.NFO,06/05/2025,09:51:28,24762.7,24762.7,75,24765,600,75,205125
NIFTY-III.NFO,06/05/2025,09:51:30,24762.7,24762.7,75,24764.9,150,0,205125
NIFTY-III.NFO,06/05/2025,09:51:31,24762.7,24762.7,75,24765,600,0,205125
NIFTY-III.NFO,06/05/2025,09:51:36,24762.7,24757,150,24763,225,75,205050
NIFTY-III.NFO,06/05/2025,09:51:38,24762.7,24757,150,24763.6,225,0,205050
NIFTY-III.NFO,06/05/2025,09:51:40,24762.7,24759,75,24763.6,225,0,205050
NIFTY-III.NFO,06/05/2025,09:51:41,24762.7,24759,75,24762.9,225,0,205050
NIFTY-III.NFO,06/05/2025,09:51:43,24762.7,24759,75,24763.4,225,0,205050
NIFTY-III.NFO,06/05/2025,09:51:45,24762.7,24759,75,24763.9,225,0,205050
NIFTY-III.NFO,06/05/2025,09:51:46,24762.7,24759,75,24764,150,0,205050
NIFTY-III.NFO,06/05/2025,09:51:48,24762.7,24759,75,24763.7,225,0,205050
NIFTY-III.NFO,06/05/2025,09:51:50,24762.7,24759,75,24763.3,150,0,205050
NIFTY-III.NFO,06/05/2025,09:51:53,24762.7,24759,75,24763.9,225,0,205050
NIFTY-III.NFO,06/05/2025,09:51:55,24762.7,24759,75,24764.4,225,0,205050
NIFTY-III.NFO,06/05/2025,09:51:56,24762.7,24759,75,24764.9,225,0,205050
NIFTY-III.NFO,06/05/2025,09:52:01,24762.7,24759,75,24764.9,150,0,205050
NIFTY-III.NFO,06/05/2025,09:52:03,24762.7,24759,75,24764.9,300,0,205050
NIFTY-III.NFO,06/05/2025,09:52:04,24762.7,24759,75,24764.1,150,0,205050
NIFTY-III.NFO,06/05/2025,09:52:06,24762.7,24759,75,24763.4,150,0,205050
NIFTY-III.NFO,06/05/2025,09:52:08,24762.7,24759,75,24762.3,225,0,205050
NIFTY-III.NFO,06/05/2025,09:52:09,24759,24757,150,24759.1,225,75,205050
NIFTY-III.NFO,06/05/2025,09:52:11,24759,24757,150,24758.8,225,0,205050
NIFTY-III.NFO,06/05/2025,09:52:13,24759,24757,150,24759.4,150,0,205050
NIFTY-III.NFO,06/05/2025,09:52:14,24759,24757,150,24759.5,150,0,205050
NIFTY-III.NFO,06/05/2025,09:52:16,24759,24757,150,24758.2,75,0,205050
NIFTY-III.NFO,06/05/2025,09:52:18,24757,24757,75,24758.3,225,75,205050
NIFTY-III.NFO,06/05/2025,09:52:19,24757,24755,150,24758.5,225,75,205050
NIFTY-III.NFO,06/05/2025,09:52:21,24757.2,24755,75,24757.3,75,150,205050
NIFTY-III.NFO,06/05/2025,09:52:23,24757.2,24755,75,24759.4,150,0,205050
NIFTY-III.NFO,06/05/2025,09:52:24,24757.2,24755,75,24758.5,150,0,205050
NIFTY-III.NFO,06/05/2025,09:52:26,24757.2,24755,75,24758.6,150,0,205050
NIFTY-III.NFO,06/05/2025,09:52:28,24757.2,24755,75,24758,150,0,205050
NIFTY-III.NFO,06/05/2025,09:52:31,24754,24752,75,24753,450,150,205050
NIFTY-III.NFO,06/05/2025,09:52:33,24754,24752,75,24754.4,150,0,205050
NIFTY-III.NFO,06/05/2025,09:52:34,24754,24752,75,24753.3,525,0,205050
NIFTY-III.NFO,06/05/2025,09:52:36,24754,24752,75,24753.3,450,0,205050
NIFTY-III.NFO,06/05/2025,09:52:38,24754,24752,75,24753.3,75,0,205050
NIFTY-III.NFO,06/05/2025,09:52:39,24754,24752,75,24754.3,75,0,205050
NIFTY-III.NFO,06/05/2025,09:52:41,24754,24752,75,24754.6,75,0,205050
NIFTY-III.NFO,06/05/2025,09:52:44,24754,24752,75,24754.6,150,0,205050
NIFTY-III.NFO,06/05/2025,09:52:46,24754,24752,75,24753.5,375,0,205050
NIFTY-III.NFO,06/05/2025,09:52:48,24754,24752,75,24754,75,0,205050
NIFTY-III.NFO,06/05/2025,09:53:08,24754,24752,75,24753.9,75,0,205050
NIFTY-III.NFO,06/05/2025,09:53:09,24752,24750,150,24752.8,225,75,205050
NIFTY-III.NFO,06/05/2025,09:53:11,24752,24750,150,24751.7,150,0,205050
NIFTY-III.NFO,06/05/2025,09:53:14,24752,24750,150,24752.4,75,0,205050
NIFTY-III.NFO,06/05/2025,09:53:16,24752,24750,150,24751.7,150,0,205050
NIFTY-III.NFO,06/05/2025,09:53:18,24750,24750,75,24752.5,150,75,205050
NIFTY-III.NFO,06/05/2025,09:53:19,24750,24750,75,24751,450,0,205050
NIFTY-III.NFO,06/05/2025,09:53:21,24750,24748,75,24749.9,450,75,205050
NIFTY-III.NFO,06/05/2025,09:53:23,24748,24745,75,24747.5,150,75,205050
NIFTY-III.NFO,06/05/2025,09:53:23,24748,24745,75,24747.5,150,0,205050
NIFTY-III.NFO,06/05/2025,09:53:24,24748,24745,75,24746.3,75,0,205050
NIFTY-III.NFO,06/05/2025,09:53:26,24745,24740.1,75,24745,150,75,205050
NIFTY-III.NFO,06/05/2025,09:53:26,24745,24740.1,75,24745,150,0,205050
NIFTY-III.NFO,06/05/2025,09:53:28,24745,24740.1,75,24743.9,150,0,205050
NIFTY-III.NFO,06/05/2025,09:53:29,24745,24740.1,75,24743.6,825,0,205050
NIFTY-III.NFO,06/05/2025,09:53:33,24740,24740,225,24744.8,750,300,205050
NIFTY-III.NFO,06/05/2025,09:53:33,24740,24740,225,24744.8,750,0,205050
NIFTY-III.NFO,06/05/2025,09:53:34,24740,24740,225,24744.7,75,0,205050
NIFTY-III.NFO,06/05/2025,09:53:39,24740,24740,375,24744.5,825,0,205050
NIFTY-III.NFO,06/05/2025,09:53:41,24740,24740,300,24744.5,825,75,205050
NIFTY-III.NFO,06/05/2025,09:53:43,24740,24740,300,24744.5,825,0,205050
NIFTY-III.NFO,06/05/2025,09:53:44,24740,24740,300,24743.8,150,0,205050
NIFTY-III.NFO,06/05/2025,09:53:46,24740,24740,300,24742.2,825,0,205050
NIFTY-III.NFO,06/05/2025,09:53:48,24740,24740,225,24744.6,750,75,205050
NIFTY-III.NFO,06/05/2025,09:53:49,24740,24740,225,24745.7,750,0,205050
NIFTY-III.NFO,06/05/2025,09:53:51,24740,24740.1,75,24746.8,825,0,205050
NIFTY-III.NFO,06/05/2025,09:53:53,24740,24740,225,24746.6,150,0,205050
NIFTY-III.NFO,06/05/2025,09:53:54,24740,24740.1,75,24747.5,75,0,205050
NIFTY-III.NFO,06/05/2025,09:53:58,24740,24740,225,24746.2,825,0,205050
NIFTY-III.NFO,06/05/2025,09:53:59,24740,24740,225,24744.4,150,0,205050
NIFTY-III.NFO,06/05/2025,09:54:01,24740,24740,225,24743.9,750,0,205050
NIFTY-III.NFO,06/05/2025,09:54:03,24740,24740,225,24745.3,825,0,205050
NIFTY-III.NFO,06/05/2025,09:54:04,24740,24740,225,24746.1,825,0,205050
NIFTY-III.NFO,06/05/2025,09:54:08,24740,24740.1,75,24747.3,825,0,205050
NIFTY-III.NFO,06/05/2025,09:54:09,24740,24740,225,24747.2,150,0,205050
NIFTY-III.NFO,06/05/2025,09:54:11,24740,24740.1,75,24746.6,75,0,205050
NIFTY-III.NFO,06/05/2025,09:54:13,24740,24740,225,24745.5,150,0,205050
NIFTY-III.NFO,06/05/2025,09:54:14,24740,24740,225,24744.7,825,0,205050
NIFTY-III.NFO,06/05/2025,09:54:16,24740,24740,225,24745,600,0,205050
NIFTY-III.NFO,06/05/2025,09:54:18,24740,24740,225,24745,675,0,205050
NIFTY-III.NFO,06/05/2025,09:54:21,24745,24740,225,24745,450,150,205050
NIFTY-III.NFO,06/05/2025,09:54:23,24745,24740,225,24745,525,0,205050
NIFTY-III.NFO,06/05/2025,09:54:24,24745,24740,225,24743.1,75,0,205050
NIFTY-III.NFO,06/05/2025,09:54:26,24745,24740,225,24741.4,225,0,205050
NIFTY-III.NFO,06/05/2025,09:54:28,24745,24740,225,24742.1,150,0,205050
NIFTY-III.NFO,06/05/2025,09:54:29,24741.2,24740,225,24741.6,150,75,204675
NIFTY-III.NFO,06/05/2025,09:54:31,24741.2,24740,225,24742.5,750,0,204675
NIFTY-III.NFO,06/05/2025,09:54:33,24741.2,24740,225,24742.6,225,0,204675
NIFTY-III.NFO,06/05/2025,09:54:34,24740,24740,150,24742.5,825,75,204675
NIFTY-III.NFO,06/05/2025,09:54:36,24740,24740,150,24744.1,150,0,204675
NIFTY-III.NFO,06/05/2025,09:54:38,24740,24741.2,75,24743.1,225,0,204675
NIFTY-III.NFO,06/05/2025,09:54:41,24740,24739,75,24742,75,300,204675
NIFTY-III.NFO,06/05/2025,09:54:43,24740,24739,75,24741.4,375,0,204675
NIFTY-III.NFO,06/05/2025,09:54:44,24740,24739,75,24740.3,75,0,204675
NIFTY-III.NFO,06/05/2025,09:54:46,24740,24738,150,24741.6,150,0,204675
NIFTY-III.NFO,06/05/2025,09:54:48,24740,24738,150,24740,150,0,204675
NIFTY-III.NFO,06/05/2025,09:54:49,24738,24736,300,24739.8,150,150,204675
NIFTY-III.NFO,06/05/2025,09:54:49,24738,24736,300,24739.8,150,0,204675
NIFTY-III.NFO,06/05/2025,09:54:51,24738,24736,300,24738.9,75,0,204675
NIFTY-III.NFO,06/05/2025,09:54:53,24738,24736,300,24739.5,75,0,204675
NIFTY-III.NFO,06/05/2025,09:54:56,24738,24736,300,24739.9,450,0,204675
NIFTY-III.NFO,06/05/2025,09:54:58,24738,24736,300,24739.9,375,0,204675
NIFTY-III.NFO,06/05/2025,09:54:59,24738,24736,300,24740,75,0,204675
NIFTY-III.NFO,06/05/2025,09:55:01,24738,24736,300,24740,600,0,204675
NIFTY-III.NFO,06/05/2025,09:55:03,24738,24736,300,24740,525,0,204675
NIFTY-III.NFO,06/05/2025,09:55:04,24738,24736,300,24740,450,0,204675
NIFTY-III.NFO,06/05/2025,09:55:06,24738,24736,300,24740,525,0,204675
NIFTY-III.NFO,06/05/2025,09:55:08,24738,24736,300,24738,75,0,204675
NIFTY-III.NFO,06/05/2025,09:55:19,24736,24736.1,75,24740,525,75,204675
NIFTY-III.NFO,06/05/2025,09:55:19,24736,24736.1,75,24740,525,0,204675
NIFTY-III.NFO,06/05/2025,09:55:21,24736,24736,225,24739.8,150,0,204675
NIFTY-III.NFO,06/05/2025,09:55:25,24736,24736,225,24740,600,0,204675
NIFTY-III.NFO,06/05/2025,09:55:30,24736,24736.1,75,24740,600,0,204675
NIFTY-III.NFO,06/05/2025,09:55:31,24736,24736.6,150,24740,600,0,204675
NIFTY-III.NFO,06/05/2025,09:55:33,24736,24736.1,150,24740,600,0,204675
NIFTY-III.NFO,06/05/2025,09:55:36,24736.5,24736,450,24740,600,225,204675
NIFTY-III.NFO,06/05/2025,09:55:38,24736.5,24736.5,75,24740,600,0,204675
NIFTY-III.NFO,06/05/2025,09:55:43,24736.5,24736.5,150,24740,600,0,204675
NIFTY-III.NFO,06/05/2025,09:55:44,24736.5,24736.5,225,24740,600,0,204675
NIFTY-III.NFO,06/05/2025,09:55:46,24736.5,24736.5,150,24740,600,75,204675
NIFTY-III.NFO,06/05/2025,09:55:48,24736.5,24736.5,150,24740,600,0,204675
NIFTY-III.NFO,06/05/2025,09:55:59,24736.5,24739,75,24740,600,0,204675
NIFTY-III.NFO,06/05/2025,09:56:01,24736.5,24739,75,24739.8,75,0,204675
NIFTY-III.NFO,06/05/2025,09:56:03,24736.5,24739,75,24740,600,0,204675
NIFTY-III.NFO,06/05/2025,09:56:04,24736.5,24739,75,24739.6,150,0,204675
NIFTY-III.NFO,06/05/2025,09:56:06,24736.5,24739,75,24739.9,150,0,204675
NIFTY-III.NFO,06/05/2025,09:56:08,24736.5,24739,75,24740,600,0,204675
NIFTY-III.NFO,06/05/2025,09:56:09,24739,24736.5,75,24738.4,150,75,204675
NIFTY-III.NFO,06/05/2025,09:56:11,24736,24735,150,24736.1,150,375,204675
NIFTY-III.NFO,06/05/2025,09:56:13,24736,24735,150,24735.5,150,0,204675
NIFTY-III.NFO,06/05/2025,09:56:14,24735,24730,150,24736.4,225,150,204675
NIFTY-III.NFO,06/05/2025,09:56:14,24735,24730,150,24736.4,225,0,204675
NIFTY-III.NFO,06/05/2025,09:56:16,24735,24730,225,24737.5,225,0,204675
NIFTY-III.NFO,06/05/2025,09:56:18,24735,24730,225,24738.7,225,0,204675
NIFTY-III.NFO,06/05/2025,09:56:19,24735,24730,225,24739.6,150,0,204675
NIFTY-III.NFO,06/05/2025,09:56:21,24735,24730,225,24738.9,225,0,204675
NIFTY-III.NFO,06/05/2025,09:56:23,24735,24730,225,24736.7,225,0,204675
NIFTY-III.NFO,06/05/2025,09:56:28,24735,24730,300,24736.8,75,0,204675
NIFTY-III.NFO,06/05/2025,09:56:29,24735,24730,225,24736.8,225,0,204675
NIFTY-III.NFO,06/05/2025,09:56:31,24735,24730,225,24736.8,150,0,204675
NIFTY-III.NFO,06/05/2025,09:56:33,24735,24730,300,24736.9,600,0,204675
NIFTY-III.NFO,06/05/2025,09:56:34,24735,24730,300,24738.3,150,0,204675
NIFTY-III.NFO,06/05/2025,09:56:36,24735,24731,75,24739.9,225,0,204675
NIFTY-III.NFO,06/05/2025,09:56:38,24735,24730,300,24738.5,225,0,204675
NIFTY-III.NFO,06/05/2025,09:56:39,24735,24730,375,24738.5,225,0,204675
NIFTY-III.NFO,06/05/2025,09:56:41,24735,24730.1,150,24737.9,225,0,204675
NIFTY-III.NFO,06/05/2025,09:56:43,24735,24730.1,150,24737.9,150,0,204675
NIFTY-III.NFO,06/05/2025,09:56:44,24735,24730.1,150,24737.9,225,0,204675
NIFTY-III.NFO,06/05/2025,09:56:46,24737.9,24730.2,150,24738.9,225,75,204675
NIFTY-III.NFO,06/05/2025,09:56:48,24737.9,24730.2,150,24738,225,0,204675
NIFTY-III.NFO,06/05/2025,09:56:49,24737.9,24730.2,150,24738,675,0,204675
NIFTY-III.NFO,06/05/2025,09:56:51,24737.9,24736,75,24738,450,0,204675
NIFTY-III.NFO,06/05/2025,09:57:03,24736,24732.2,75,24738,450,75,204675
NIFTY-III.NFO,06/05/2025,09:57:04,24736,24732.2,75,24738,450,0,204675
NIFTY-III.NFO,06/05/2025,09:57:06,24736,24735,75,24738,450,0,204675
NIFTY-III.NFO,06/05/2025,09:57:11,24736,24735,75,24737.9,150,0,204675
NIFTY-III.NFO,06/05/2025,09:57:13,24737.9,24735,75,24736.2,150,75,204675
NIFTY-III.NFO,06/05/2025,09:57:14,24737.9,24735,75,24736.2,150,0,204675
NIFTY-III.NFO,06/05/2025,09:57:16,24735,24730.1,75,24734.7,225,75,204675
NIFTY-III.NFO,06/05/2025,09:57:17,24735,24730.1,75,24736.1,825,0,204675
NIFTY-III.NFO,06/05/2025,09:57:19,24735,24730.1,75,24735,750,0,204675
NIFTY-III.NFO,06/05/2025,09:57:22,24735,24730.1,75,24733.2,150,0,204675
NIFTY-III.NFO,06/05/2025,09:57:24,24735,24730.1,75,24734.2,150,0,204675
NIFTY-III.NFO,06/05/2025,09:57:26,24730.1,24730,375,24736,225,75,204675
NIFTY-III.NFO,06/05/2025,09:57:26,24730.1,24730,375,24736,225,0,204675
NIFTY-III.NFO,06/05/2025,09:57:27,24730.1,24730,375,24736,225,0,204675
NIFTY-III.NFO,06/05/2025,09:57:29,24730.1,24730,375,24735.7,150,0,204675
NIFTY-III.NFO,06/05/2025,09:57:31,24730.1,24730,375,24730.1,150,0,204675
NIFTY-III.NFO,06/05/2025,09:57:35,24730.1,24730,375,24735,75,150,205050
NIFTY-III.NFO,06/05/2025,09:57:37,24730.1,24730,375,24735,525,0,205050
NIFTY-III.NFO,06/05/2025,09:57:49,24730.1,24730,375,24734.9,150,0,205050
NIFTY-III.NFO,06/05/2025,09:57:52,24730.1,24730.1,75,24735,525,0,205050
NIFTY-III.NFO,06/05/2025,09:57:59,24730,24730,300,24734.9,75,150,205050
NIFTY-III.NFO,06/05/2025,09:57:59,24730,24730,300,24734.9,75,0,205050
NIFTY-III.NFO,06/05/2025,09:58:01,24730,24730,300,24734.2,75,0,205050
NIFTY-III.NFO,06/05/2025,09:58:02,24730,24730,225,24733.9,75,75,205050
NIFTY-III.NFO,06/05/2025,09:58:04,24730,24730,225,24735,525,0,205050
NIFTY-III.NFO,06/05/2025,09:58:05,24730,24730,225,24734.9,75,0,205050
NIFTY-III.NFO,06/05/2025,09:58:07,24730,24730,225,24735,525,0,205050
NIFTY-III.NFO,06/05/2025,09:58:09,24730,24730,225,24734.9,75,0,205050
NIFTY-III.NFO,06/05/2025,09:58:10,24730,24730,225,24735,450,0,205050
NIFTY-III.NFO,06/05/2025,09:58:14,24730,24728,75,24730,225,225,205050
NIFTY-III.NFO,06/05/2025,09:58:15,24730,24728,75,24730,225,0,205050
NIFTY-III.NFO,06/05/2025,09:58:29,24730,24728.5,75,24730,225,0,205050
NIFTY-III.NFO,06/05/2025,09:58:32,24730,24728,75,24730,150,75,205050
NIFTY-III.NFO,06/05/2025,09:58:34,24730,24728,75,24730,150,0,205050
NIFTY-III.NFO,06/05/2025,09:58:45,24730,24728,75,24730,600,0,205050
NIFTY-III.NFO,06/05/2025,09:59:04,24730,24728,75,24729.9,150,0,205050
NIFTY-III.NFO,06/05/2025,09:59:05,24728,24725,300,24726.3,150,75,205050
NIFTY-III.NFO,06/05/2025,09:59:05,24728,24725,300,24726.3,150,0,205050
NIFTY-III.NFO,06/05/2025,09:59:07,24728,24725,300,24727.4,225,0,205050
NIFTY-III.NFO,06/05/2025,09:59:09,24728,24725,300,24726.4,225,0,205050
NIFTY-III.NFO,06/05/2025,09:59:10,24725,24725,225,24726.4,225,75,205050
NIFTY-III.NFO,06/05/2025,09:59:10,24725,24725,225,24726.4,225,0,205050
NIFTY-III.NFO,06/05/2025,09:59:12,24725,24725,225,24728,150,0,205050
NIFTY-III.NFO,06/05/2025,09:59:14,24725,24725,225,24727,375,0,205050
NIFTY-III.NFO,06/05/2025,09:59:15,24725,24725,225,24725.1,225,0,205050
NIFTY-III.NFO,06/05/2025,09:59:17,24725,24720,75,24725.1,75,225,205050
NIFTY-III.NFO,06/05/2025,09:59:19,24725,24720,75,24725.7,150,0,205050
NIFTY-III.NFO,06/05/2025,09:59:20,24725,24720,75,24726.2,225,0,205050
NIFTY-III.NFO,06/05/2025,09:59:22,24725,24720,75,24725,150,0,205050
NIFTY-III.NFO,06/05/2025,09:59:24,24716.6,24714.6,225,24724.8,150,375,205050
NIFTY-III.NFO,06/05/2025,09:59:24,24716.6,24714.6,225,24724.8,150,0,205050
NIFTY-III.NFO,06/05/2025,09:59:25,24716.6,24714.8,75,24724.3,150,0,205050
NIFTY-III.NFO,06/05/2025,09:59:27,24716.6,24721,75,24723.7,150,0,205050
NIFTY-III.NFO,06/05/2025,09:59:29,24716.6,24721,75,24724.9,75,0,205050
NIFTY-III.NFO,06/05/2025,09:59:30,24716.6,24721,75,24724.8,150,0,205050
NIFTY-III.NFO,06/05/2025,09:59:32,24716,24712.8,150,24716.6,150,525,205050
NIFTY-III.NFO,06/05/2025,09:59:32,24716,24712.8,150,24716.6,150,0,205050
NIFTY-III.NFO,06/05/2025,09:59:34,24716.6,24714.8,75,24724.7,825,150,205050
NIFTY-III.NFO,06/05/2025,09:59:35,24716.6,24714.2,75,24724.1,150,0,205050
NIFTY-III.NFO,06/05/2025,09:59:39,24716.6,24720,150,24724,225,0,205050
NIFTY-III.NFO,06/05/2025,09:59:40,24716.6,24720,150,24723.7,225,0,205050
NIFTY-III.NFO,06/05/2025,09:59:44,24716.6,24720.1,75,24723.7,225,0,205050
NIFTY-III.NFO,06/05/2025,09:59:47,24716.6,24720.1,75,24722.9,150,0,205050
NIFTY-III.NFO,06/05/2025,09:59:49,24716.6,24720.2,150,24723.7,600,0,205050
NIFTY-III.NFO,06/05/2025,09:59:51,24723.7,24720.2,75,24723.7,75,225,205050
NIFTY-III.NFO,06/05/2025,09:59:52,24723.7,24720.3,75,24722.4,450,0,205050
NIFTY-III.NFO,06/05/2025,09:59:56,24720,24714.5,225,24720,75,450,205050
NIFTY-III.NFO,06/05/2025,09:59:57,24720,24715,75,24720,75,0,205050
NIFTY-III.NFO,06/05/2025,09:59:59,24722.8,24712.5,75,24722.7,150,300,205050
NIFTY-III.NFO,06/05/2025,10:00:01,24720.2,24713.6,225,24722.4,75,75,205050
NIFTY-III.NFO,06/05/2025,10:00:02,24720.2,24713.9,75,24722.8,75,0,205050
NIFTY-III.NFO,06/05/2025,10:00:04,24720.2,24712.4,75,24722.2,300,0,205050
NIFTY-III.NFO,06/05/2025,10:00:06,24721.3,24712.2,75,24721.3,450,75,205050
NIFTY-III.NFO,06/05/2025,10:00:07,24721.3,24712.3,75,24721.3,450,0,205050
NIFTY-III.NFO,06/05/2025,10:00:09,24721.3,24712.4,75,24721.2,225,0,205050
NIFTY-III.NFO,06/05/2025,10:00:11,24721.3,24712.3,75,24719,450,0,205050
NIFTY-III.NFO,06/05/2025,10:00:12,24721.3,24720,75,24720.2,375,0,205050
NIFTY-III.NFO,06/05/2025,10:00:14,24721.3,24720.1,75,24721,75,0,205050
NIFTY-III.NFO,06/05/2025,10:00:16,24721.3,24720.1,75,24723.2,375,0,205050
NIFTY-III.NFO,06/05/2025,10:00:19,24725.6,24720.2,75,24725.2,225,150,205050
NIFTY-III.NFO,06/05/2025,10:00:20,24725.6,24720.2,75,24724.6,75,0,205050
NIFTY-III.NFO,06/05/2025,10:00:22,24725.6,24720.3,75,24723,150,0,205050
NIFTY-III.NFO,06/05/2025,10:00:24,24725.6,24720.4,75,24721.1,75,0,205050
NIFTY-III.NFO,06/05/2025,10:00:25,24720.1,24720,75,24720.7,75,300,205050
NIFTY-III.NFO,06/05/2025,10:00:27,24720,24711.3,150,24719.9,150,75,205050
NIFTY-III.NFO,06/05/2025,10:00:29,24720,24711.3,150,24719.6,150,0,205050
NIFTY-III.NFO,06/05/2025,10:00:30,24720,24711.3,150,24719.8,150,0,205050
NIFTY-III.NFO,06/05/2025,10:00:32,24720,24711.9,75,24720.8,150,0,205050
NIFTY-III.NFO,06/05/2025,10:00:34,24720,24712.4,75,24720.8,150,0,205050
NIFTY-III.NFO,06/05/2025,10:00:35,24720,24712.6,75,24721.4,150,0,205050
NIFTY-III.NFO,06/05/2025,10:00:37,24720,24712.6,150,24720.9,150,0,205050
NIFTY-III.NFO,06/05/2025,10:00:40,24720,24711.3,150,24719.6,225,0,205050
NIFTY-III.NFO,06/05/2025,10:00:42,24720,24711.2,75,24718.5,150,0,205050
NIFTY-III.NFO,06/05/2025,10:00:44,24720,24711.1,75,24718.4,225,0,205050
NIFTY-III.NFO,06/05/2025,10:00:45,24711,24711.1,75,24718.4,150,525,205050
NIFTY-III.NFO,06/05/2025,10:00:45,24711,24711.1,75,24718.4,150,0,205050
NIFTY-III.NFO,06/05/2025,10:00:47,24711,24711.1,75,24717.3,150,0,205050
NIFTY-III.NFO,06/05/2025,10:00:48,24711,24711,150,24717.3,150,0,205050
NIFTY-III.NFO,06/05/2025,10:00:50,24711,24711.1,75,24717.6,150,0,205050
NIFTY-III.NFO,06/05/2025,10:00:52,24711,24711.3,150,24718.4,75,0,205050
NIFTY-III.NFO,06/05/2025,10:00:53,24711,24711.3,150,24719.4,225,0,205050
NIFTY-III.NFO,06/05/2025,10:00:55,24711,24711.2,75,24718.4,150,0,205050
NIFTY-III.NFO,06/05/2025,10:00:57,24711,24711.3,75,24718.4,150,0,205050
NIFTY-III.NFO,06/05/2025,10:00:58,24711,24711.3,75,24717.6,150,0,205050
NIFTY-III.NFO,06/05/2025,10:01:00,24717.6,24711.2,75,24717.3,150,75,205050
NIFTY-III.NFO,06/05/2025,10:01:02,24717.6,24711.2,75,24717,150,0,205050
NIFTY-III.NFO,06/05/2025,10:01:03,24717.6,24711.2,75,24714.3,150,0,205050
NIFTY-III.NFO,06/05/2025,10:01:05,24717.6,24711,150,24714.5,150,0,205050
NIFTY-III.NFO,06/05/2025,10:01:07,24717.6,24711,150,24713.1,300,0,205050
NIFTY-III.NFO,06/05/2025,10:01:08,24717.6,24711,150,24712.8,75,0,205050
NIFTY-III.NFO,06/05/2025,10:01:10,24717.6,24711,150,24714.1,150,0,205050
NIFTY-III.NFO,06/05/2025,10:01:11,24714.1,24711,150,24713.8,150,75,205050
NIFTY-III.NFO,06/05/2025,10:01:13,24711,24710,150,24711.5,150,150,205050
NIFTY-III.NFO,06/05/2025,10:01:15,24711,24710,150,24711.5,75,0,205050
NIFTY-III.NFO,06/05/2025,10:01:16,24711,24710,75,24712.3,75,0,205050
NIFTY-III.NFO,06/05/2025,10:01:18,24712.3,24710,75,24713,150,75,205050
NIFTY-III.NFO,06/05/2025,10:01:20,24712.3,24710,75,24711.9,75,0,205050
NIFTY-III.NFO,06/05/2025,10:01:21,24712.3,24710.1,75,24711.9,75,0,205050
NIFTY-III.NFO,06/05/2025,10:01:23,24712.3,24710.1,75,24712.7,75,0,205050
NIFTY-III.NFO,06/05/2025,10:01:25,24712.3,24710.1,75,24713.7,75,0,205050
