Ticker,Date,Time,LTP,BuyPrice,BuyQty,SellPrice,SellQty,LTQ,OpenInterest
NIFTY-II.NFO,06/05/2025,09:15:02,24658.5,24653.4,300,24675.1,300,825,1657725
NIFTY-II.NFO,06/05/2025,09:15:02,24652.5,24653.4,300,24675.1,300,0,1657725
NIFTY-II.NFO,06/05/2025,09:15:02,24658.5,24653.4,300,24675.1,300,0,1657725
NIFTY-II.NFO,06/05/2025,09:15:02,24650.9,24653.4,300,24675.1,300,0,1657725
NIFTY-II.NFO,06/05/2025,09:15:03,24675.1,24668.4,450,24684.9,150,375,1657725
NIFTY-II.NFO,06/05/2025,09:15:03,24675.1,24668.4,450,24684.9,150,0,1657725
NIFTY-II.NFO,06/05/2025,09:15:05,24673,24673,75,24684.9,300,75,1657725
NIFTY-II.NFO,06/05/2025,09:15:06,24681.3,24673,75,24675.1,300,75,1657725
NIFTY-II.NFO,06/05/2025,09:15:06,24681.3,24673,75,24675.1,300,0,1657725
NIFTY-II.NFO,06/05/2025,09:15:08,24673,24660.1,300,24671.5,225,75,1657725
NIFTY-II.NFO,06/05/2025,09:15:10,24673,24660,675,24665.4,300,0,1657725
NIFTY-II.NFO,06/05/2025,09:15:11,24673,24660,675,24662.2,300,0,1657725
NIFTY-II.NFO,06/05/2025,09:15:13,24660,24660,600,24662.8,75,75,1657725
NIFTY-II.NFO,06/05/2025,09:15:14,24648.4,24650,450,24663,225,675,1657725
NIFTY-II.NFO,06/05/2025,09:15:14,24648.4,24650,450,24663,225,0,1657725
NIFTY-II.NFO,06/05/2025,09:15:16,24647.3,24645.2,450,24659.1,300,75,1657725
NIFTY-II.NFO,06/05/2025,09:15:16,24647.3,24645.2,450,24659.1,300,0,1657725
NIFTY-II.NFO,06/05/2025,09:15:18,24645.2,24646.6,450,24660.2,75,75,1657725
NIFTY-II.NFO,06/05/2025,09:15:18,24645.2,24646.6,450,24660.2,75,0,1657725
NIFTY-II.NFO,06/05/2025,09:15:19,24645.2,24645.8,300,24656.6,450,0,1657725
NIFTY-II.NFO,06/05/2025,09:15:21,24645.8,24643.1,225,24655.3,300,75,1657725
NIFTY-II.NFO,06/05/2025,09:15:23,24645.8,24645.1,300,24655,300,0,1657725
NIFTY-II.NFO,06/05/2025,09:15:24,24645.8,24645.1,225,24655.4,300,0,1657725
NIFTY-II.NFO,06/05/2025,09:15:26,24645.8,24648.5,75,24655.3,300,0,1657725
NIFTY-II.NFO,06/05/2025,09:15:28,24645.8,24648.6,150,24656.1,300,0,1657725
NIFTY-II.NFO,06/05/2025,09:15:29,24645.8,24646.3,225,24656.1,300,375,1658400
NIFTY-II.NFO,06/05/2025,09:15:31,24646.7,24646.1,225,24654.8,300,150,1658400
NIFTY-II.NFO,06/05/2025,09:15:33,24645.9,24648.8,150,24655.6,300,75,1658400
NIFTY-II.NFO,06/05/2025,09:15:34,24650,24649.9,150,24655.7,75,150,1658400
NIFTY-II.NFO,06/05/2025,09:15:36,24650,24653.5,300,24655.7,75,150,1658400
NIFTY-II.NFO,06/05/2025,09:15:38,24653.1,24647.1,150,24660.2,300,225,1658400
NIFTY-II.NFO,06/05/2025,09:15:39,24659.8,24652,75,24658,300,75,1658400
NIFTY-II.NFO,06/05/2025,09:15:41,24659.8,24655,75,24660,375,0,1658400
NIFTY-II.NFO,06/05/2025,09:15:43,24659.8,24655,75,24660,300,0,1658400
NIFTY-II.NFO,06/05/2025,09:15:44,24655,24654.9,75,24660.1,75,75,1658400
NIFTY-II.NFO,06/05/2025,09:15:46,24655,24655,225,24660.1,75,0,1658400
NIFTY-II.NFO,06/05/2025,09:15:48,24664,24655,150,24664,225,150,1658400
NIFTY-II.NFO,06/05/2025,09:15:49,24664,24654.9,75,24656.6,300,0,1658400
NIFTY-II.NFO,06/05/2025,09:15:51,24654.9,24648.1,300,24656.5,300,75,1658400
NIFTY-II.NFO,06/05/2025,09:15:53,24654.9,24650,225,24656.7,75,0,1658400
NIFTY-II.NFO,06/05/2025,09:15:54,24656.7,24654.8,225,24663.2,300,75,1658400
NIFTY-II.NFO,06/05/2025,09:15:56,24656.7,24654.3,150,24660,75,0,1658400
NIFTY-II.NFO,06/05/2025,09:15:58,24654.3,24650.7,75,24659.9,525,75,1658400
NIFTY-II.NFO,06/05/2025,09:15:59,24654.3,24654.9,300,24657.7,375,0,1658400
NIFTY-II.NFO,06/05/2025,09:16:01,24659.9,24655,525,24660,225,75,1658400
NIFTY-II.NFO,06/05/2025,09:16:03,24660,24658.3,75,24669.1,375,225,1658400
NIFTY-II.NFO,06/05/2025,09:16:04,24662.7,24658.7,375,24666.3,75,150,1658400
NIFTY-II.NFO,06/05/2025,09:16:06,24662.7,24657.9,300,24664.8,75,0,1658400
NIFTY-II.NFO,06/05/2025,09:16:08,24660.5,24661.2,300,24668.9,375,75,1658400
NIFTY-II.NFO,06/05/2025,09:16:09,24655,24655,75,24666.6,300,1500,1658400
NIFTY-II.NFO,06/05/2025,09:16:11,24655,24654.9,300,24664.1,75,0,1658400
NIFTY-II.NFO,06/05/2025,09:16:14,24655,24655,75,24665.5,225,0,1658400
NIFTY-II.NFO,06/05/2025,09:16:16,24665.2,24660.1,225,24669.5,300,75,1658400
NIFTY-II.NFO,06/05/2025,09:16:18,24665.2,24662.1,225,24670,300,0,1658400
NIFTY-II.NFO,06/05/2025,09:16:19,24665.2,24660.5,225,24670.1,300,0,1658400
NIFTY-II.NFO,06/05/2025,09:16:21,24665.2,24665.3,75,24672.6,300,0,1658400
NIFTY-II.NFO,06/05/2025,09:16:22,24665.2,24665.2,75,24670.9,75,0,1658400
NIFTY-II.NFO,06/05/2025,09:16:24,24665.2,24666.6,75,24670.4,375,0,1658400
NIFTY-II.NFO,06/05/2025,09:16:26,24665.2,24666.6,75,24672.3,300,0,1658400
NIFTY-II.NFO,06/05/2025,09:16:27,24665.2,24666.6,75,24669.4,150,0,1658400
NIFTY-II.NFO,06/05/2025,09:16:29,24665.2,24666.6,75,24671.2,150,0,1658400
NIFTY-II.NFO,06/05/2025,09:16:31,24666.6,24665.6,225,24672.8,150,75,1658400
NIFTY-II.NFO,06/05/2025,09:16:32,24666.6,24665.2,225,24670.3,150,0,1658400
NIFTY-II.NFO,06/05/2025,09:16:34,24665.2,24665.2,150,24666.6,75,75,1658400
NIFTY-II.NFO,06/05/2025,09:16:36,24666,24665.2,300,24666.6,75,75,1658400
NIFTY-II.NFO,06/05/2025,09:16:37,24666.6,24667.1,75,24671.6,150,75,1658400
NIFTY-II.NFO,06/05/2025,09:16:39,24667.1,24666.6,75,24670.2,525,75,1658400
NIFTY-II.NFO,06/05/2025,09:16:41,24667.1,24666.6,75,24670.2,375,0,1658400
NIFTY-II.NFO,06/05/2025,09:16:42,24667.1,24666.6,75,24672.5,450,0,1658400
NIFTY-II.NFO,06/05/2025,09:16:44,24670,24667.7,225,24670,750,75,1658400
NIFTY-II.NFO,06/05/2025,09:16:46,24670,24669,75,24670,750,0,1658400
NIFTY-II.NFO,06/05/2025,09:16:49,24669,24668.2,225,24670,750,75,1658400
NIFTY-II.NFO,06/05/2025,09:16:51,24669,24668.2,225,24670,750,0,1658400
NIFTY-II.NFO,06/05/2025,09:16:53,24670,24668.2,225,24670,675,75,1658400
NIFTY-II.NFO,06/05/2025,09:16:54,24670,24668.2,225,24670,675,0,1658400
NIFTY-II.NFO,06/05/2025,09:16:58,24670,24668.2,225,24669.9,300,0,1658400
NIFTY-II.NFO,06/05/2025,09:17:01,24670,24668.2,225,24670,675,0,1658400
NIFTY-II.NFO,06/05/2025,09:17:03,24670,24669.1,225,24670,600,75,1658400
NIFTY-II.NFO,06/05/2025,09:17:04,24670,24669.1,225,24673,450,600,1658400
NIFTY-II.NFO,06/05/2025,09:17:06,24673,24669.1,225,24673,75,375,1658400
NIFTY-II.NFO,06/05/2025,09:17:08,24673,24669.1,225,24673,75,0,1658400
NIFTY-II.NFO,06/05/2025,09:17:09,24675.4,24669.1,225,24675.4,150,450,1658400
NIFTY-II.NFO,06/05/2025,09:17:11,24675.4,24669.1,225,24674.2,300,0,1658400
NIFTY-II.NFO,06/05/2025,09:17:13,24673.9,24669.1,225,24673.3,300,150,1658400
NIFTY-II.NFO,06/05/2025,09:17:14,24673.9,24669.1,225,24672.2,300,0,1658400
NIFTY-II.NFO,06/05/2025,09:17:16,24669.1,24669.1,75,24670.7,300,225,1658400
NIFTY-II.NFO,06/05/2025,09:17:18,24669,24665,150,24667.4,300,375,1658400
NIFTY-II.NFO,06/05/2025,09:17:19,24669,24665,150,24668.6,300,0,1658400
NIFTY-II.NFO,06/05/2025,09:17:21,24669,24665,150,24667.4,300,0,1658400
NIFTY-II.NFO,06/05/2025,09:17:23,24665,24661,150,24665.9,75,225,1658400
NIFTY-II.NFO,06/05/2025,09:17:24,24665,24661.9,75,24666.4,750,0,1658400
NIFTY-II.NFO,06/05/2025,09:17:26,24665,24661.9,75,24667.3,375,0,1658400
NIFTY-II.NFO,06/05/2025,09:17:28,24661.9,24661.4,75,24666.4,300,75,1658400
NIFTY-II.NFO,06/05/2025,09:17:29,24661.9,24661.5,75,24667.6,150,0,1658400
NIFTY-II.NFO,06/05/2025,09:17:31,24662.6,24662.7,300,24669,75,75,1658400
NIFTY-II.NFO,06/05/2025,09:17:33,24662.6,24662.9,225,24669,75,0,1658400
NIFTY-II.NFO,06/05/2025,09:17:34,24669.1,24661.7,225,24669.1,375,150,1658400
NIFTY-II.NFO,06/05/2025,09:17:36,24669.1,24663.1,75,24669.1,450,0,1658400
NIFTY-II.NFO,06/05/2025,09:17:38,24669.1,24663.2,150,24669.6,300,0,1658400
NIFTY-II.NFO,06/05/2025,09:17:39,24663.8,24663.2,300,24671.8,300,150,1658400
NIFTY-II.NFO,06/05/2025,09:17:41,24663.8,24663.1,75,24668.6,300,0,1658400
NIFTY-II.NFO,06/05/2025,09:17:43,24663.8,24661.1,75,24663.1,75,0,1658400
NIFTY-II.NFO,06/05/2025,09:17:44,24663.8,24661.1,150,24663.1,75,0,1658400
NIFTY-II.NFO,06/05/2025,09:17:46,24661.1,24661.1,150,24663.1,75,75,1658400
NIFTY-II.NFO,06/05/2025,09:17:48,24661.1,24661.1,150,24663.1,75,0,1658400
NIFTY-II.NFO,06/05/2025,09:17:49,24661,24660,75,24662.9,300,150,1658400
NIFTY-II.NFO,06/05/2025,09:17:51,24661,24660,75,24663,300,0,1658400
NIFTY-II.NFO,06/05/2025,09:17:53,24661,24660,75,24661,75,0,1658400
NIFTY-II.NFO,06/05/2025,09:18:01,24660,24656,75,24661,75,75,1658400
NIFTY-II.NFO,06/05/2025,09:18:03,24660,24657.2,75,24660.9,300,0,1658400
NIFTY-II.NFO,06/05/2025,09:18:04,24660,24657.4,75,24660.9,300,0,1658400
NIFTY-II.NFO,06/05/2025,09:18:06,24660,24655,75,24660.5,375,0,1658400
NIFTY-II.NFO,06/05/2025,09:18:08,24655,24654,75,24657.8,300,75,1658400
NIFTY-II.NFO,06/05/2025,09:18:09,24655.9,24650,375,24654.2,300,150,1658400
NIFTY-II.NFO,06/05/2025,09:18:11,24652.5,24650,225,24653.8,525,150,1658400
NIFTY-II.NFO,06/05/2025,09:18:12,24656.1,24650,300,24655.7,375,75,1658400
NIFTY-II.NFO,06/05/2025,09:18:14,24656.1,24650,225,24654.8,525,0,1658400
NIFTY-II.NFO,06/05/2025,09:18:16,24650,24648.5,75,24651.8,300,225,1658400
NIFTY-II.NFO,06/05/2025,09:18:17,24650,24648,75,24651.3,450,0,1658400
NIFTY-II.NFO,06/05/2025,09:18:19,24642.9,24648,75,24653.3,375,750,1658400
NIFTY-II.NFO,06/05/2025,09:18:19,24642.9,24648,75,24653.3,375,0,1658400
NIFTY-II.NFO,06/05/2025,09:18:21,24652.4,24646,75,24653.3,525,75,1658400
NIFTY-II.NFO,06/05/2025,09:18:22,24645.2,24645.6,75,24651.3,375,150,1658400
NIFTY-II.NFO,06/05/2025,09:18:24,24645.2,24645.3,75,24652.5,525,0,1658400
NIFTY-II.NFO,06/05/2025,09:18:26,24645.3,24643.8,75,24651.1,375,75,1661700
NIFTY-II.NFO,06/05/2025,09:18:27,24640.8,24641.5,75,24650,300,300,1661700
NIFTY-II.NFO,06/05/2025,09:18:27,24640.8,24641.5,75,24650,300,0,1661700
NIFTY-II.NFO,06/05/2025,09:18:29,24649,24641,75,24648.4,375,75,1661700
NIFTY-II.NFO,06/05/2025,09:18:31,24641.7,24641.6,75,24650.2,375,75,1661700
NIFTY-II.NFO,06/05/2025,09:18:32,24641.7,24640,75,24648.7,375,0,1661700
NIFTY-II.NFO,06/05/2025,09:18:34,24649.2,24639.8,150,24647.4,375,150,1661700
NIFTY-II.NFO,06/05/2025,09:18:35,24641.7,24642.1,300,24649.8,300,75,1661700
NIFTY-II.NFO,06/05/2025,09:18:37,24641.7,24641.7,75,24646.4,375,0,1661700
NIFTY-II.NFO,06/05/2025,09:18:39,24641.7,24641.7,75,24646.6,300,0,1661700
NIFTY-II.NFO,06/05/2025,09:18:40,24641.7,24641.7,75,24648,375,0,1661700
NIFTY-II.NFO,06/05/2025,09:18:42,24636.5,24639.8,75,24647.4,300,750,1661700
NIFTY-II.NFO,06/05/2025,09:18:42,24636.5,24639.8,75,24647.4,300,0,1661700
NIFTY-II.NFO,06/05/2025,09:18:44,24636.5,24639.2,75,24647.2,300,0,1661700
NIFTY-II.NFO,06/05/2025,09:18:45,24639.5,24638.4,75,24646.5,300,75,1661700
NIFTY-II.NFO,06/05/2025,09:18:47,24639.5,24638.5,75,24645.1,450,0,1661700
NIFTY-II.NFO,06/05/2025,09:18:49,24639.5,24638.6,75,24644.6,375,0,1661700
NIFTY-II.NFO,06/05/2025,09:18:50,24638.5,24638.5,150,24645.7,375,75,1661700
NIFTY-II.NFO,06/05/2025,09:18:52,24638.5,24638.5,75,24645.9,525,0,1661700
NIFTY-II.NFO,06/05/2025,09:18:54,24638.5,24638.2,75,24644.8,75,0,1661700
NIFTY-II.NFO,06/05/2025,09:18:56,24644.5,24637.3,75,24642.9,300,75,1661700
NIFTY-II.NFO,06/05/2025,09:18:57,24644.5,24635.2,75,24642.1,525,0,1661700
NIFTY-II.NFO,06/05/2025,09:18:59,24644.5,24635.2,75,24642.1,375,0,1661700
NIFTY-II.NFO,06/05/2025,09:19:01,24644.5,24637,75,24644.1,525,0,1661700
NIFTY-II.NFO,06/05/2025,09:19:02,24644.5,24636,75,24642.4,375,0,1661700
NIFTY-II.NFO,06/05/2025,09:19:04,24644.5,24635,150,24639.2,525,0,1661700
NIFTY-II.NFO,06/05/2025,09:19:06,24639.2,24635,150,24639.2,300,75,1661700
NIFTY-II.NFO,06/05/2025,09:19:07,24639.2,24635,150,24639.1,450,0,1661700
NIFTY-II.NFO,06/05/2025,09:19:09,24639.1,24635,150,24639.1,375,75,1661700
NIFTY-II.NFO,06/05/2025,09:19:11,24639.1,24635,150,24639.1,375,0,1661700
NIFTY-II.NFO,06/05/2025,09:19:12,24641.2,24635,150,24642,300,75,1661700
NIFTY-II.NFO,06/05/2025,09:19:14,24641.2,24635,150,24641.7,525,0,1661700
NIFTY-II.NFO,06/05/2025,09:19:16,24641.2,24635,150,24638,300,0,1661700
NIFTY-II.NFO,06/05/2025,09:19:17,24633,24633,75,24637.8,525,225,1661700
NIFTY-II.NFO,06/05/2025,09:19:17,24633,24633,75,24637.8,525,0,1661700
NIFTY-II.NFO,06/05/2025,09:19:19,24633,24633,75,24637.9,450,0,1661700
NIFTY-II.NFO,06/05/2025,09:19:21,24633,24633,75,24637.4,450,0,1661700
NIFTY-II.NFO,06/05/2025,09:19:22,24633,24633,75,24638.4,150,0,1661700
NIFTY-II.NFO,06/05/2025,09:19:24,24632.1,24632.1,150,24639.6,375,225,1661700
NIFTY-II.NFO,06/05/2025,09:19:24,24632.1,24632.1,150,24639.6,375,0,1661700
NIFTY-II.NFO,06/05/2025,09:19:26,24632.1,24632.1,75,24639.1,300,0,1661700
NIFTY-II.NFO,06/05/2025,09:19:27,24632.1,24632.1,75,24639.1,150,0,1661700
NIFTY-II.NFO,06/05/2025,09:19:29,24632.9,24632.9,225,24641.9,300,75,1661700
NIFTY-II.NFO,06/05/2025,09:19:31,24632.6,24633.1,225,24642.5,375,225,1661700
NIFTY-II.NFO,06/05/2025,09:19:32,24632.6,24632.6,225,24641.7,300,0,1661700
NIFTY-II.NFO,06/05/2025,09:19:34,24632.6,24632.3,225,24641.5,300,0,1661700
NIFTY-II.NFO,06/05/2025,09:19:36,24632.6,24633.3,225,24642.5,300,0,1661700
NIFTY-II.NFO,06/05/2025,09:19:39,24632.6,24632.1,75,24638.2,150,0,1661700
NIFTY-II.NFO,06/05/2025,09:19:41,24632.6,24632,75,24637.7,225,0,1661700
NIFTY-II.NFO,06/05/2025,09:19:42,24637.7,24633,75,24637.9,150,75,1661700
NIFTY-II.NFO,06/05/2025,09:19:44,24637.7,24633,75,24639.1,150,0,1661700
NIFTY-II.NFO,06/05/2025,09:19:46,24637.7,24633.1,75,24640,75,0,1661700
NIFTY-II.NFO,06/05/2025,09:19:47,24637.7,24636.1,450,24640,75,0,1661700
NIFTY-II.NFO,06/05/2025,09:19:49,24637.7,24636.5,75,24640,75,0,1661700
NIFTY-II.NFO,06/05/2025,09:19:51,24637.7,24636.9,75,24640,75,0,1661700
NIFTY-II.NFO,06/05/2025,09:19:52,24637.7,24636.7,75,24639.9,150,0,1661700
NIFTY-II.NFO,06/05/2025,09:19:54,24640,24639,225,24645,75,225,1661700
NIFTY-II.NFO,06/05/2025,09:19:56,24640,24639.8,225,24645,75,0,1661700
NIFTY-II.NFO,06/05/2025,09:19:57,24640,24638.5,225,24644.9,150,0,1661700
NIFTY-II.NFO,06/05/2025,09:19:59,24640,24635.8,75,24640,75,0,1661700
NIFTY-II.NFO,06/05/2025,09:20:01,24640,24633.7,75,24640.9,150,75,1661700
NIFTY-II.NFO,06/05/2025,09:20:02,24640,24636,75,24640,225,0,1661700
NIFTY-II.NFO,06/05/2025,09:20:04,24640,24637.6,75,24640,150,75,1661700
NIFTY-II.NFO,06/05/2025,09:20:06,24640,24636.2,75,24640,150,0,1661700
NIFTY-II.NFO,06/05/2025,09:20:07,24640,24635.1,75,24640,150,0,1661700
NIFTY-II.NFO,06/05/2025,09:20:09,24640,24635,75,24640,150,0,1661700
NIFTY-II.NFO,06/05/2025,09:20:11,24640,24635.1,75,24640,150,0,1661700
NIFTY-II.NFO,06/05/2025,09:20:12,24640,24635,75,24640,900,0,1661700
NIFTY-II.NFO,06/05/2025,09:20:14,24640,24635,75,24639.3,750,0,1661700
NIFTY-II.NFO,06/05/2025,09:20:16,24640,24635,75,24637.8,750,0,1661700
NIFTY-II.NFO,06/05/2025,09:20:17,24640,24635,75,24636.8,750,0,1661700
NIFTY-II.NFO,06/05/2025,09:20:19,24635,24633.6,75,24637,750,75,1661700
NIFTY-II.NFO,06/05/2025,09:20:20,24635,24633.6,75,24637.3,750,0,1661700
NIFTY-II.NFO,06/05/2025,09:20:22,24635,24633.6,75,24636.3,750,0,1661700
NIFTY-II.NFO,06/05/2025,09:20:24,24635,24633.6,75,24635,75,0,1661700
NIFTY-II.NFO,06/05/2025,09:20:25,24630,24629.3,75,24635,75,600,1661700
NIFTY-II.NFO,06/05/2025,09:20:25,24630,24629.3,75,24635,75,0,1661700
NIFTY-II.NFO,06/05/2025,09:20:27,24635,24632.5,225,24640,300,75,1661700
NIFTY-II.NFO,06/05/2025,09:20:29,24635,24633.6,75,24640,300,0,1661700
NIFTY-II.NFO,06/05/2025,09:20:30,24635,24633.6,75,24640,225,0,1661700
NIFTY-II.NFO,06/05/2025,09:20:32,24635,24634.4,450,24640,225,0,1661700
NIFTY-II.NFO,06/05/2025,09:20:34,24635,24635.2,75,24640,225,0,1661700
NIFTY-II.NFO,06/05/2025,09:20:35,24635.2,24635.8,375,24640,225,75,1661700
NIFTY-II.NFO,06/05/2025,09:20:37,24635.2,24633.8,750,24640,225,0,1661700
NIFTY-II.NFO,06/05/2025,09:20:39,24639.9,24629.1,75,24637.7,375,150,1661700
NIFTY-II.NFO,06/05/2025,09:20:40,24639.9,24629.9,75,24637.7,375,0,1661700
NIFTY-II.NFO,06/05/2025,09:20:42,24639.9,24630.6,75,24638,375,0,1661700
NIFTY-II.NFO,06/05/2025,09:20:44,24639.9,24632.2,75,24639.1,375,0,1661700
NIFTY-II.NFO,06/05/2025,09:20:45,24639.9,24631.3,225,24639.1,375,0,1661700
NIFTY-II.NFO,06/05/2025,09:20:47,24631.1,24631,375,24638.1,300,75,1661700
NIFTY-II.NFO,06/05/2025,09:20:49,24631.1,24629.6,75,24637,450,0,1661700
NIFTY-II.NFO,06/05/2025,09:20:50,24631.1,24629.6,75,24635.3,375,0,1661700
NIFTY-II.NFO,06/05/2025,09:20:52,24629.6,24629.6,375,24637.8,525,75,1661700
NIFTY-II.NFO,06/05/2025,09:20:52,24629.6,24629.6,375,24637.8,525,0,1661700
NIFTY-II.NFO,06/05/2025,09:20:54,24629.6,24629,75,24634.1,300,0,1661700
NIFTY-II.NFO,06/05/2025,09:20:55,24628,24627,375,24635.2,300,300,1661700
NIFTY-II.NFO,06/05/2025,09:20:55,24628,24627,375,24635.2,300,0,1661700
NIFTY-II.NFO,06/05/2025,09:20:57,24628,24626.5,1125,24634.8,300,0,1661700
NIFTY-II.NFO,06/05/2025,09:20:59,24625,24625,225,24631,300,75,1661700
NIFTY-II.NFO,06/05/2025,09:20:59,24625,24625,225,24631,300,0,1661700
NIFTY-II.NFO,06/05/2025,09:21:00,24625,24625,150,24630.5,375,0,1661700
NIFTY-II.NFO,06/05/2025,09:21:04,24627.9,24624.9,75,24627.9,225,375,1661700
NIFTY-II.NFO,06/05/2025,09:21:06,24624.9,24621.5,75,24625,75,75,1661700
NIFTY-II.NFO,06/05/2025,09:21:06,24624.9,24621.5,75,24625,75,0,1661700
NIFTY-II.NFO,06/05/2025,09:21:07,24621.5,24621,75,24625,75,75,1661700
NIFTY-II.NFO,06/05/2025,09:21:07,24621.5,24621,75,24625,75,0,1661700
NIFTY-II.NFO,06/05/2025,09:21:09,24621.5,24621,75,24624.9,150,0,1661700
NIFTY-II.NFO,06/05/2025,09:21:11,24621.5,24621.1,75,24625,75,0,1661700
NIFTY-II.NFO,06/05/2025,09:21:12,24621.5,24623.6,75,24625,75,0,1661700
NIFTY-II.NFO,06/05/2025,09:21:14,24625,24625,75,24628,75,75,1661700
NIFTY-II.NFO,06/05/2025,09:21:16,24628,24625.6,75,24631.1,75,75,1661700
NIFTY-II.NFO,06/05/2025,09:21:17,24625.6,24626.5,75,24631.1,75,75,1661700
NIFTY-II.NFO,06/05/2025,09:21:19,24625.6,24627.5,75,24631.1,75,0,1661700
NIFTY-II.NFO,06/05/2025,09:21:20,24625.6,24627.7,75,24631.1,75,0,1661700
NIFTY-II.NFO,06/05/2025,09:21:22,24626.3,24626.4,375,24634.8,525,75,1661700
NIFTY-II.NFO,06/05/2025,09:21:24,24626.3,24625.6,300,24632.6,375,0,1661700
NIFTY-II.NFO,06/05/2025,09:21:25,24626.3,24621.6,750,24625.2,75,0,1661700
NIFTY-II.NFO,06/05/2025,09:21:27,24626.3,24621.7,300,24625.2,75,0,1661700
NIFTY-II.NFO,06/05/2025,09:21:30,24626.3,24622,300,24625.2,75,0,1661700
NIFTY-II.NFO,06/05/2025,09:21:32,24626.3,24622.8,300,24625.2,75,0,1661700
NIFTY-II.NFO,06/05/2025,09:21:34,24625.2,24623.3,75,24626.3,150,75,1662825
NIFTY-II.NFO,06/05/2025,09:21:35,24625.2,24624.3,750,24626.3,150,0,1662825
NIFTY-II.NFO,06/05/2025,09:21:39,24626.3,24625,75,24626.3,75,75,1662825
NIFTY-II.NFO,06/05/2025,09:21:40,24626.3,24626.5,375,24630,75,75,1662825
NIFTY-II.NFO,06/05/2025,09:21:42,24626.3,24626.6,375,24634.9,375,0,1662825
NIFTY-II.NFO,06/05/2025,09:21:44,24626.3,24627.1,75,24633.9,375,0,1662825
NIFTY-II.NFO,06/05/2025,09:21:45,24626.3,24628.6,375,24636.4,450,0,1662825
NIFTY-II.NFO,06/05/2025,09:21:47,24626.3,24629.1,1050,24636.3,150,0,1662825
NIFTY-II.NFO,06/05/2025,09:21:49,24626.3,24629.2,375,24635.9,150,0,1662825
NIFTY-II.NFO,06/05/2025,09:21:50,24626.3,24630.6,375,24636.7,150,0,1662825
NIFTY-II.NFO,06/05/2025,09:21:52,24639.1,24632.1,150,24639.5,300,75,1662825
NIFTY-II.NFO,06/05/2025,09:21:54,24639.1,24630.2,450,24637.9,375,0,1662825
NIFTY-II.NFO,06/05/2025,09:21:55,24639.1,24631,750,24638.3,300,0,1662825
NIFTY-II.NFO,06/05/2025,09:21:57,24639.1,24633.6,750,24640.5,375,0,1662825
NIFTY-II.NFO,06/05/2025,09:21:59,24639.1,24631.4,1125,24638,150,0,1662825
NIFTY-II.NFO,06/05/2025,09:22:00,24639.1,24631.4,750,24638.3,375,0,1662825
NIFTY-II.NFO,06/05/2025,09:22:02,24637.2,24635.2,375,24641.2,150,375,1662825
NIFTY-II.NFO,06/05/2025,09:22:04,24637.2,24637.9,750,24643.6,150,0,1662825
NIFTY-II.NFO,06/05/2025,09:22:05,24637.2,24639.1,75,24640,300,0,1662825
NIFTY-II.NFO,06/05/2025,09:22:09,24640,24639.1,75,24644,300,300,1662825
NIFTY-II.NFO,06/05/2025,09:22:10,24640,24639.1,75,24641.7,450,0,1662825
NIFTY-II.NFO,06/05/2025,09:22:12,24639.1,24634.2,375,24640,75,75,1662825
NIFTY-II.NFO,06/05/2025,09:22:14,24639.1,24636.4,750,24640,75,0,1662825
NIFTY-II.NFO,06/05/2025,09:22:15,24639.1,24638.1,525,24640,75,0,1662825
NIFTY-II.NFO,06/05/2025,09:22:17,24640,24639.5,375,24645.5,150,75,1662825
NIFTY-II.NFO,06/05/2025,09:22:19,24640,24640.7,750,24646.7,300,0,1662825
NIFTY-II.NFO,06/05/2025,09:22:20,24640,24639.4,150,24644.8,375,0,1662825
NIFTY-II.NFO,06/05/2025,09:22:22,24640,24637,75,24642,300,0,1662825
NIFTY-II.NFO,06/05/2025,09:22:24,24640,24635.7,750,24642.7,375,0,1662825
NIFTY-II.NFO,06/05/2025,09:22:25,24640,24640,75,24646.5,300,0,1662825
NIFTY-II.NFO,06/05/2025,09:22:27,24640,24639.3,750,24645.7,525,75,1662825
NIFTY-II.NFO,06/05/2025,09:22:29,24640,24637.7,750,24644,375,0,1662825
NIFTY-II.NFO,06/05/2025,09:22:30,24637.7,24640,150,24642.6,300,375,1662825
NIFTY-II.NFO,06/05/2025,09:22:32,24640,24635.4,375,24641,375,150,1662825
NIFTY-II.NFO,06/05/2025,09:22:34,24640,24633.8,375,24640.7,375,0,1662825
NIFTY-II.NFO,06/05/2025,09:22:35,24640,24634.1,375,24640,75,0,1662825
NIFTY-II.NFO,06/05/2025,09:22:37,24640,24633.3,75,24640,75,0,1662825
NIFTY-II.NFO,06/05/2025,09:22:40,24640,24633.3,75,24639.9,375,0,1662825
NIFTY-II.NFO,06/05/2025,09:22:42,24640,24633.7,150,24640,75,0,1662825
NIFTY-II.NFO,06/05/2025,09:22:44,24640,24633.3,75,24639.9,300,0,1662825
NIFTY-II.NFO,06/05/2025,09:22:45,24640,24633.3,75,24637.3,375,0,1662825
NIFTY-II.NFO,06/05/2025,09:22:47,24640,24633.3,75,24637.6,150,0,1662825
NIFTY-II.NFO,06/05/2025,09:22:49,24640,24633.3,75,24638.1,150,0,1662825
NIFTY-II.NFO,06/05/2025,09:22:50,24640,24633.3,75,24638.6,150,0,1662825
NIFTY-II.NFO,06/05/2025,09:22:52,24640,24633.3,75,24638.7,525,0,1662825
NIFTY-II.NFO,06/05/2025,09:22:54,24633.3,24632,75,24636.4,375,75,1662825
NIFTY-II.NFO,06/05/2025,09:22:55,24633.3,24632,75,24636,525,0,1662825
NIFTY-II.NFO,06/05/2025,09:22:57,24633.3,24632,75,24634.6,300,0,1662825
NIFTY-II.NFO,06/05/2025,09:22:59,24632,24630,75,24633.7,375,75,1662825
NIFTY-II.NFO,06/05/2025,09:23:00,24632,24630,75,24634,375,0,1662825
NIFTY-II.NFO,06/05/2025,09:23:02,24630,24626.3,75,24634.1,375,75,1662825
NIFTY-II.NFO,06/05/2025,09:23:04,24630,24628.9,525,24637.6,300,0,1662825
NIFTY-II.NFO,06/05/2025,09:23:05,24636,24628.7,375,24635.7,375,75,1662825
NIFTY-II.NFO,06/05/2025,09:23:07,24636,24626.7,150,24635,300,0,1662825
NIFTY-II.NFO,06/05/2025,09:23:09,24626.6,24629.1,300,24635.9,75,900,1662825
NIFTY-II.NFO,06/05/2025,09:23:11,24626.6,24626.3,75,24632.5,450,0,1662825
NIFTY-II.NFO,06/05/2025,09:23:12,24626.6,24626.3,75,24634.5,525,0,1662825
NIFTY-II.NFO,06/05/2025,09:23:14,24626.6,24626.3,75,24632.4,300,0,1662825
NIFTY-II.NFO,06/05/2025,09:23:16,24626.6,24626.3,75,24632.7,375,0,1662825
NIFTY-II.NFO,06/05/2025,09:23:17,24626.6,24626.3,75,24633,450,0,1662825
NIFTY-II.NFO,06/05/2025,09:23:19,24626.6,24626.3,75,24630.9,300,0,1662825
NIFTY-II.NFO,06/05/2025,09:23:20,24626.6,24626.3,75,24628.6,300,0,1662825
NIFTY-II.NFO,06/05/2025,09:23:22,24626.6,24626.3,75,24629.3,300,0,1662825
NIFTY-II.NFO,06/05/2025,09:23:24,24626.6,24626.3,75,24626.6,75,0,1662825
NIFTY-II.NFO,06/05/2025,09:23:25,24626.6,24627,75,24634,375,150,1662825
NIFTY-II.NFO,06/05/2025,09:23:27,24626.6,24626.3,75,24631.2,375,0,1662825
NIFTY-II.NFO,06/05/2025,09:23:29,24626.6,24626.3,75,24629.5,450,0,1662825
NIFTY-II.NFO,06/05/2025,09:23:30,24626.6,24626.3,75,24630.2,600,0,1662825
NIFTY-II.NFO,06/05/2025,09:23:32,24626.3,24625,75,24626.6,225,75,1662825
NIFTY-II.NFO,06/05/2025,09:23:34,24626.3,24625,75,24626.6,225,0,1662825
NIFTY-II.NFO,06/05/2025,09:23:35,24625,24624.4,75,24626.6,150,150,1662825
NIFTY-II.NFO,06/05/2025,09:23:37,24625,24623.8,75,24626.6,150,0,1662825
NIFTY-II.NFO,06/05/2025,09:23:39,24626.6,24624.9,75,24633.4,300,150,1662825
NIFTY-II.NFO,06/05/2025,09:23:40,24626.6,24624.1,75,24631.7,375,0,1662825
NIFTY-II.NFO,06/05/2025,09:23:42,24626.6,24623.3,75,24630.5,525,0,1662825
NIFTY-II.NFO,06/05/2025,09:23:44,24626.6,24621.5,75,24628.8,450,0,1662825
NIFTY-II.NFO,06/05/2025,09:23:45,24626.6,24622.8,75,24628.9,375,0,1662825
NIFTY-II.NFO,06/05/2025,09:23:47,24626.6,24623.2,300,24630.2,375,0,1662825
NIFTY-II.NFO,06/05/2025,09:23:49,24626.6,24626.2,75,24634.9,300,0,1662825
NIFTY-II.NFO,06/05/2025,09:23:50,24626.6,24627.3,75,24635.8,300,0,1662825
NIFTY-II.NFO,06/05/2025,09:23:52,24635.5,24626.3,75,24635,300,75,1662825
NIFTY-II.NFO,06/05/2025,09:23:54,24635.5,24628.1,75,24636.2,300,0,1662825
NIFTY-II.NFO,06/05/2025,09:23:55,24628.1,24629.3,300,24637.5,300,75,1662825
NIFTY-II.NFO,06/05/2025,09:23:57,24628.1,24630.3,300,24638.3,300,0,1662825
NIFTY-II.NFO,06/05/2025,09:23:59,24630.4,24630.4,75,24637.6,525,75,1662825
NIFTY-II.NFO,06/05/2025,09:24:00,24630.4,24630.9,75,24638.8,300,0,1662825
NIFTY-II.NFO,06/05/2025,09:24:02,24630.4,24630.2,300,24638.3,375,0,1662825
NIFTY-II.NFO,06/05/2025,09:24:04,24630.4,24634.8,75,24639,75,0,1662825
NIFTY-II.NFO,06/05/2025,09:24:05,24630.4,24634.8,150,24639,75,0,1662825
NIFTY-II.NFO,06/05/2025,09:24:07,24630.4,24637.4,75,24639,75,0,1662825
NIFTY-II.NFO,06/05/2025,09:24:09,24630.4,24636.3,225,24639,75,0,1662825
NIFTY-II.NFO,06/05/2025,09:24:10,24634.1,24637.5,75,24639,75,150,1662825
NIFTY-II.NFO,06/05/2025,09:24:12,24634.1,24636.5,75,24639,75,0,1662825
NIFTY-II.NFO,06/05/2025,09:24:14,24634.1,24636.1,75,24639,75,0,1662825
NIFTY-II.NFO,06/05/2025,09:24:15,24634.1,24634.1,300,24638.9,150,0,1662825
NIFTY-II.NFO,06/05/2025,09:24:19,24634.1,24635,75,24639,75,0,1662825
NIFTY-II.NFO,06/05/2025,09:24:20,24634.1,24636.5,75,24639,75,0,1662825
NIFTY-II.NFO,06/05/2025,09:24:25,24634.1,24634.2,150,24639,75,0,1662825
NIFTY-II.NFO,06/05/2025,09:24:27,24634.1,24634.1,225,24638.9,150,75,1664175
NIFTY-II.NFO,06/05/2025,09:24:29,24638.3,24634.1,225,24638.3,225,75,1664175
NIFTY-II.NFO,06/05/2025,09:24:30,24638.3,24634.1,225,24638.9,300,0,1664175
NIFTY-II.NFO,06/05/2025,09:24:32,24638.3,24634.1,225,24636.2,150,0,1664175
NIFTY-II.NFO,06/05/2025,09:24:34,24638.3,24634.1,225,24638.5,300,0,1664175
NIFTY-II.NFO,06/05/2025,09:24:35,24638.3,24634.1,225,24635.9,300,0,1664175
NIFTY-II.NFO,06/05/2025,09:24:37,24638.3,24634.1,225,24636.1,300,0,1664175
NIFTY-II.NFO,06/05/2025,09:24:39,24638.3,24634.1,225,24635.9,300,0,1664175
NIFTY-II.NFO,06/05/2025,09:24:42,24634.1,24628.6,75,24635.9,375,225,1664175
NIFTY-II.NFO,06/05/2025,09:24:44,24634.1,24628.6,75,24635.3,300,0,1664175
NIFTY-II.NFO,06/05/2025,09:24:45,24634.1,24626.1,75,24632,450,0,1664175
NIFTY-II.NFO,06/05/2025,09:24:47,24634.1,24625.1,75,24631.4,525,0,1664175
NIFTY-II.NFO,06/05/2025,09:24:49,24625.1,24623.5,75,24632,300,75,1664175
NIFTY-II.NFO,06/05/2025,09:24:50,24625.1,24623.8,75,24632.1,450,0,1664175
NIFTY-II.NFO,06/05/2025,09:24:52,24625.1,24622.5,300,24631.5,450,0,1664175
NIFTY-II.NFO,06/05/2025,09:24:54,24625.1,24621.6,75,24630.3,450,0,1664175
NIFTY-II.NFO,06/05/2025,09:24:55,24625.1,24621.5,75,24630,300,0,1664175
NIFTY-II.NFO,06/05/2025,09:24:57,24625.1,24621.1,75,24629.1,525,0,1664175
NIFTY-II.NFO,06/05/2025,09:24:59,24625.1,24621,75,24625,75,0,1664175
NIFTY-II.NFO,06/05/2025,09:25:05,24624.9,24621,75,24624.9,300,75,1664175
NIFTY-II.NFO,06/05/2025,09:25:07,24620,24619.1,75,24625,75,150,1664175
NIFTY-II.NFO,06/05/2025,09:25:07,24620,24619.1,75,24625,75,0,1664175
NIFTY-II.NFO,06/05/2025,09:25:09,24624.9,24618,225,24624.9,225,150,1664175
NIFTY-II.NFO,06/05/2025,09:25:11,24624.9,24618,225,24624.9,300,150,1664175
NIFTY-II.NFO,06/05/2025,09:25:11,24618.1,24618,225,24624.9,300,0,1664175
NIFTY-II.NFO,06/05/2025,09:25:12,24624.9,24618,225,24624.1,375,0,1664175
NIFTY-II.NFO,06/05/2025,09:25:14,24624.9,24618,150,24622.5,300,0,1664175
NIFTY-II.NFO,06/05/2025,09:25:16,24624.9,24618,150,24622.1,375,0,1664175
NIFTY-II.NFO,06/05/2025,09:25:17,24624.9,24618,150,24622.1,450,0,1664175
NIFTY-II.NFO,06/05/2025,09:25:19,24614.1,24613.5,75,24621.5,300,1725,1664175
NIFTY-II.NFO,06/05/2025,09:25:19,24612.2,24613.5,75,24621.5,300,0,1664175
NIFTY-II.NFO,06/05/2025,09:25:20,24612.7,24612.7,75,24620.6,525,75,1664175
NIFTY-II.NFO,06/05/2025,09:25:22,24612.7,24617,225,24620,75,0,1664175
NIFTY-II.NFO,06/05/2025,09:25:24,24620,24619,225,24622,75,150,1664175
NIFTY-II.NFO,06/05/2025,09:25:25,24619,24616.1,75,24622,75,225,1664175
NIFTY-II.NFO,06/05/2025,09:25:27,24622,24617.2,75,24622.7,300,75,1664175
NIFTY-II.NFO,06/05/2025,09:25:29,24613.5,24614.7,525,24622.7,75,1500,1664175
NIFTY-II.NFO,06/05/2025,09:25:30,24613.5,24613.9,150,24621.9,450,0,1664175
NIFTY-II.NFO,06/05/2025,09:25:32,24613.5,24615.3,150,24622.7,300,0,1664175
NIFTY-II.NFO,06/05/2025,09:25:34,24613.5,24615.2,75,24622.7,375,0,1664175
NIFTY-II.NFO,06/05/2025,09:25:35,24613.5,24616.8,375,24622.8,75,0,1664175
NIFTY-II.NFO,06/05/2025,09:25:37,24617.2,24617.2,300,24625,375,75,1664175
NIFTY-II.NFO,06/05/2025,09:25:39,24617.2,24616.1,150,24625,375,0,1664175
NIFTY-II.NFO,06/05/2025,09:25:40,24614,24614.6,300,24622.8,300,1500,1664175
NIFTY-II.NFO,06/05/2025,09:25:42,24614.4,24619,150,24625.1,75,1500,1664175
NIFTY-II.NFO,06/05/2025,09:25:44,24617,24617.8,150,24625.1,150,75,1664175
NIFTY-II.NFO,06/05/2025,09:25:45,24616.7,24616.7,150,24624.4,225,150,1664175
NIFTY-II.NFO,06/05/2025,09:25:47,24616.7,24617,150,24625,375,0,1664175
NIFTY-II.NFO,06/05/2025,09:25:49,24616.7,24616.8,150,24624.3,225,0,1664175
NIFTY-II.NFO,06/05/2025,09:25:50,24616.7,24614.7,150,24622.4,525,0,1664175
NIFTY-II.NFO,06/05/2025,09:25:52,24616.7,24613.9,75,24620.9,300,0,1664175
NIFTY-II.NFO,06/05/2025,09:25:54,24616.7,24613,150,24618.5,525,0,1664175
NIFTY-II.NFO,06/05/2025,09:25:55,24616.7,24613,150,24615,75,0,1664175
NIFTY-II.NFO,06/05/2025,09:25:57,24609.3,24610.4,75,24615,75,1575,1664175
NIFTY-II.NFO,06/05/2025,09:25:57,24609.3,24610.4,75,24615,75,0,1664175
NIFTY-II.NFO,06/05/2025,09:25:59,24610.7,24609.2,225,24614.9,150,150,1664175
NIFTY-II.NFO,06/05/2025,09:26:00,24609.2,24609.8,225,24615,150,75,1664175
NIFTY-II.NFO,06/05/2025,09:26:00,24609.2,24609.8,225,24615,150,0,1664175
NIFTY-II.NFO,06/05/2025,09:26:02,24609.2,24609.8,225,24615,150,0,1664175
NIFTY-II.NFO,06/05/2025,09:26:04,24606.6,24608.6,150,24615,225,1500,1664175
NIFTY-II.NFO,06/05/2025,09:26:04,24606.6,24608.6,150,24615,225,0,1664175
NIFTY-II.NFO,06/05/2025,09:26:05,24606.6,24605.2,75,24613.7,375,0,1664175
NIFTY-II.NFO,06/05/2025,09:26:07,24610.1,24605.6,75,24611.9,375,150,1664175
NIFTY-II.NFO,06/05/2025,09:26:07,24605.8,24605.6,75,24611.9,375,0,1664175
NIFTY-II.NFO,06/05/2025,09:26:09,24610.1,24608.2,75,24613.9,300,0,1664175
NIFTY-II.NFO,06/05/2025,09:26:10,24610,24607.2,75,24614.8,450,300,1664175
NIFTY-II.NFO,06/05/2025,09:26:12,24604.2,24606.7,75,24610,75,1500,1664175
NIFTY-II.NFO,06/05/2025,09:26:12,24604.2,24606.7,75,24610,75,0,1664175
NIFTY-II.NFO,06/05/2025,09:26:13,24610,24606.6,150,24614.8,300,150,1664175
NIFTY-II.NFO,06/05/2025,09:26:15,24608.1,24608.5,150,24615,150,150,1664175
NIFTY-II.NFO,06/05/2025,09:26:17,24615,24609.6,150,24615,75,75,1664175
NIFTY-II.NFO,06/05/2025,09:26:18,24610,24610.1,150,24616,75,150,1664175
NIFTY-II.NFO,06/05/2025,09:26:20,24610,24610.1,150,24616,75,0,1664175
NIFTY-II.NFO,06/05/2025,09:26:22,24612.7,24614.1,75,24620,75,225,1664175
NIFTY-II.NFO,06/05/2025,09:26:23,24615,24613.8,225,24619.9,300,75,1664175
NIFTY-II.NFO,06/05/2025,09:26:25,24615,24613.8,225,24620,75,0,1664175
NIFTY-II.NFO,06/05/2025,09:26:27,24613.8,24613.8,150,24620,75,75,1664175
NIFTY-II.NFO,06/05/2025,09:26:28,24620,24614.6,225,24623.9,450,150,1664175
NIFTY-II.NFO,06/05/2025,09:26:30,24620,24615.7,225,24622.7,375,0,1664175
NIFTY-II.NFO,06/05/2025,09:26:32,24620,24615.7,225,24622.5,375,0,1664175
NIFTY-II.NFO,06/05/2025,09:26:33,24612.2,24611.4,150,24618.9,375,1125,1664175
NIFTY-II.NFO,06/05/2025,09:26:35,24612.2,24611.4,75,24617.4,450,0,1664175
NIFTY-II.NFO,06/05/2025,09:26:37,24612.2,24613.7,375,24621.2,375,0,1664175
NIFTY-II.NFO,06/05/2025,09:26:38,24612.2,24613.4,75,24620.4,375,0,1664175
NIFTY-II.NFO,06/05/2025,09:26:40,24612.2,24611.1,75,24618.6,525,0,1664175
NIFTY-II.NFO,06/05/2025,09:26:42,24618.4,24611.8,75,24618.8,375,75,1664175
NIFTY-II.NFO,06/05/2025,09:26:43,24618.4,24612.5,75,24618.8,450,0,1664175
NIFTY-II.NFO,06/05/2025,09:26:45,24618.4,24612.5,75,24619.2,300,0,1664175
NIFTY-II.NFO,06/05/2025,09:26:47,24618.4,24614.4,75,24620.7,75,0,1664175
NIFTY-II.NFO,06/05/2025,09:26:48,24618.4,24614.1,75,24620.7,75,0,1664175
NIFTY-II.NFO,06/05/2025,09:26:50,24614.7,24614.5,75,24620,75,1500,1664175
NIFTY-II.NFO,06/05/2025,09:26:52,24620.7,24616.9,75,24622.9,300,150,1664175
NIFTY-II.NFO,06/05/2025,09:26:53,24624,24620.9,150,24625.1,150,150,1664175
NIFTY-II.NFO,06/05/2025,09:26:55,24625.1,24622.7,150,24629.9,300,150,1664175
NIFTY-II.NFO,06/05/2025,09:26:57,24625.1,24623.3,150,24630,150,0,1664175
NIFTY-II.NFO,06/05/2025,09:26:58,24625.1,24625.1,75,24630,150,0,1664175
NIFTY-II.NFO,06/05/2025,09:27:00,24625.1,24625.1,75,24629.9,300,0,1664175
NIFTY-II.NFO,06/05/2025,09:27:02,24625.1,24625.2,75,24630,150,75,1664175
NIFTY-II.NFO,06/05/2025,09:27:03,24625.1,24627.1,450,24630,150,0,1664175
NIFTY-II.NFO,06/05/2025,09:27:07,24625.8,24625.3,225,24630,375,1125,1664175
NIFTY-II.NFO,06/05/2025,09:27:08,24625.8,24626.4,150,24630,375,0,1664175
NIFTY-II.NFO,06/05/2025,09:27:10,24630,24629.9,75,24630,75,300,1664175
NIFTY-II.NFO,06/05/2025,09:27:12,24630,24629.7,225,24635,75,75,1664175
NIFTY-II.NFO,06/05/2025,09:27:13,24630,24629.7,225,24635,75,0,1664175
NIFTY-II.NFO,06/05/2025,09:27:15,24630,24630.4,225,24635,75,0,1664175
NIFTY-II.NFO,06/05/2025,09:27:17,24630,24630.4,225,24634.8,150,0,1664175
NIFTY-II.NFO,06/05/2025,09:27:18,24634.8,24630.4,225,24634.5,300,75,1664175
NIFTY-II.NFO,06/05/2025,09:27:20,24630.4,24630.3,225,24632.7,300,75,1664175
NIFTY-II.NFO,06/05/2025,09:27:22,24630.3,24630,75,24631.4,450,225,1664175
NIFTY-II.NFO,06/05/2025,09:27:23,24631.8,24630,75,24631.8,450,75,1664175
NIFTY-II.NFO,06/05/2025,09:27:25,24631.8,24630,75,24631.6,450,0,1664175
NIFTY-II.NFO,06/05/2025,09:27:27,24621.8,24624.5,150,24631.6,300,1500,1680225
NIFTY-II.NFO,06/05/2025,09:27:28,24621.8,24623.1,75,24630.9,525,0,1680225
NIFTY-II.NFO,06/05/2025,09:27:30,24621.8,24621.9,225,24629.9,450,0,1680225
NIFTY-II.NFO,06/05/2025,09:27:32,24621.8,24621.8,150,24629.7,525,0,1680225
NIFTY-II.NFO,06/05/2025,09:27:33,24621.8,24621.5,75,24621.8,75,375,1680225
NIFTY-II.NFO,06/05/2025,09:27:35,24623.1,24622.4,225,24627.4,450,150,1680225
NIFTY-II.NFO,06/05/2025,09:27:37,24624.6,24623.5,225,24628.7,525,75,1680225
NIFTY-II.NFO,06/05/2025,09:27:38,24624.6,24623.5,225,24627.3,450,0,1680225
NIFTY-II.NFO,06/05/2025,09:27:40,24624.6,24623.5,225,24626.7,300,0,1680225
NIFTY-II.NFO,06/05/2025,09:27:42,24624.6,24623.5,225,24626.3,450,0,1680225
NIFTY-II.NFO,06/05/2025,09:27:43,24624.6,24623.5,225,24626.4,450,0,1680225
NIFTY-II.NFO,06/05/2025,09:27:45,24624.6,24623.5,225,24626.2,300,0,1680225
NIFTY-II.NFO,06/05/2025,09:27:47,24624.6,24623.5,225,24627.9,300,0,1680225
NIFTY-II.NFO,06/05/2025,09:27:48,24624.6,24623.5,225,24629.1,525,0,1680225
NIFTY-II.NFO,06/05/2025,09:27:50,24624.6,24623.5,225,24630.7,300,0,1680225
NIFTY-II.NFO,06/05/2025,09:27:52,24624.6,24625.5,225,24634.1,300,0,1680225
NIFTY-II.NFO,06/05/2025,09:27:53,24624.6,24625.5,225,24634.4,300,0,1680225
NIFTY-II.NFO,06/05/2025,09:27:55,24624.6,24625.5,225,24634.8,375,0,1680225
NIFTY-II.NFO,06/05/2025,09:27:57,24624.6,24626,225,24634.6,300,0,1680225
NIFTY-II.NFO,06/05/2025,09:27:58,24624.6,24626,225,24630.8,450,0,1680225
NIFTY-II.NFO,06/05/2025,09:28:00,24626,24625.6,150,24630,75,75,1680225
NIFTY-II.NFO,06/05/2025,09:28:02,24626,24625.6,150,24630,75,0,1680225
NIFTY-II.NFO,06/05/2025,09:28:03,24626,24625.6,150,24629.2,300,0,1680225
NIFTY-II.NFO,06/05/2025,09:28:05,24626,24625.6,150,24629.9,300,0,1680225
NIFTY-II.NFO,06/05/2025,09:28:08,24626,24625.6,150,24630,75,0,1680225
NIFTY-II.NFO,06/05/2025,09:28:10,24626,24625.7,150,24630,75,0,1680225
NIFTY-II.NFO,06/05/2025,09:28:12,24626,24625.7,150,24630,75,75,1680225
NIFTY-II.NFO,06/05/2025,09:28:13,24626,24625.7,150,24630,75,0,1680225
NIFTY-II.NFO,06/05/2025,09:28:15,24626,24625.6,150,24630,75,0,1680225
NIFTY-II.NFO,06/05/2025,09:28:18,24630.5,24625.6,150,24630.2,450,150,1680225
NIFTY-II.NFO,06/05/2025,09:28:20,24630.5,24625.6,150,24629.8,450,0,1680225
NIFTY-II.NFO,06/05/2025,09:28:22,24630.5,24625.6,150,24629.5,450,0,1680225
NIFTY-II.NFO,06/05/2025,09:28:23,24625.6,24625.1,225,24628.9,525,75,1680225
NIFTY-II.NFO,06/05/2025,09:28:25,24625.6,24625.1,225,24628.1,450,0,1680225
NIFTY-II.NFO,06/05/2025,09:28:27,24628.1,24625.1,300,24632.5,300,75,1680225
NIFTY-II.NFO,06/05/2025,09:28:28,24628.1,24625.1,225,24625.6,75,0,1680225
NIFTY-II.NFO,06/05/2025,09:28:38,24625,24624.6,75,24625.6,75,300,1680225
NIFTY-II.NFO,06/05/2025,09:28:40,24624.6,24620.7,75,24625.5,375,75,1680225
NIFTY-II.NFO,06/05/2025,09:28:42,24618.1,24616.4,150,24624.2,300,75,1680225
NIFTY-II.NFO,06/05/2025,09:28:43,24618.1,24616.3,75,24622.9,525,0,1680225
NIFTY-II.NFO,06/05/2025,09:28:45,24618.1,24617,75,24623.4,150,0,1680225
NIFTY-II.NFO,06/05/2025,09:28:47,24618.1,24616.6,75,24624.3,300,0,1680225
NIFTY-II.NFO,06/05/2025,09:28:48,24618.1,24616.6,75,24624.2,225,0,1680225
NIFTY-II.NFO,06/05/2025,09:28:50,24618.1,24616.9,75,24625.1,300,0,1680225
NIFTY-II.NFO,06/05/2025,09:28:51,24618.1,24617.2,75,24623.6,75,0,1680225
NIFTY-II.NFO,06/05/2025,09:28:53,24618.1,24617.2,75,24625,300,0,1680225
NIFTY-II.NFO,06/05/2025,09:28:55,24618.1,24619.5,75,24625.6,75,0,1680225
NIFTY-II.NFO,06/05/2025,09:28:58,24622.1,24616.2,75,24622.6,525,150,1680225
NIFTY-II.NFO,06/05/2025,09:29:00,24622.1,24616.2,75,24623.1,525,0,1680225
NIFTY-II.NFO,06/05/2025,09:29:01,24622.1,24616.3,75,24622.6,225,0,1680225
NIFTY-II.NFO,06/05/2025,09:29:03,24622.1,24616.3,150,24623.5,525,0,1680225
NIFTY-II.NFO,06/05/2025,09:29:05,24622.1,24616.3,150,24623.8,300,0,1680225
NIFTY-II.NFO,06/05/2025,09:29:06,24622.1,24616.3,75,24623.4,525,0,1680225
NIFTY-II.NFO,06/05/2025,09:29:08,24622.1,24616.3,75,24622.7,525,0,1680225
NIFTY-II.NFO,06/05/2025,09:29:10,24622.1,24616.2,75,24621.9,525,0,1680225
NIFTY-II.NFO,06/05/2025,09:29:11,24616.2,24615,75,24620.7,525,75,1680225
NIFTY-II.NFO,06/05/2025,09:29:13,24616.2,24615,75,24618.4,450,0,1680225
NIFTY-II.NFO,06/05/2025,09:29:15,24617.8,24615,75,24618.5,450,75,1680225
NIFTY-II.NFO,06/05/2025,09:29:16,24617.8,24615,75,24617.5,450,0,1680225
NIFTY-II.NFO,06/05/2025,09:29:18,24617.8,24615,75,24617.1,450,0,1680225
NIFTY-II.NFO,06/05/2025,09:29:20,24615,24610,825,24617,525,75,1680225
NIFTY-II.NFO,06/05/2025,09:29:21,24615,24610,825,24616.8,375,0,1680225
NIFTY-II.NFO,06/05/2025,09:29:23,24615,24610.1,225,24616.8,525,0,1680225
NIFTY-II.NFO,06/05/2025,09:29:25,24615,24610.1,75,24617.7,375,0,1680225
NIFTY-II.NFO,06/05/2025,09:29:26,24615,24611.1,300,24617.8,75,0,1680225
NIFTY-II.NFO,06/05/2025,09:29:28,24615,24610.6,75,24615,75,0,1680225
NIFTY-II.NFO,06/05/2025,09:29:30,24615,24611.1,225,24615,75,0,1680225
NIFTY-II.NFO,06/05/2025,09:29:31,24615,24613.8,150,24617.8,75,150,1680225
NIFTY-II.NFO,06/05/2025,09:29:33,24617.8,24615.8,75,24625,300,75,1680225
NIFTY-II.NFO,06/05/2025,09:29:35,24617.8,24615.7,75,24625,375,0,1680225
NIFTY-II.NFO,06/05/2025,09:29:36,24613.7,24616.3,300,24625.1,300,75,1680225
NIFTY-II.NFO,06/05/2025,09:29:38,24613.7,24615.5,150,24625.1,300,0,1680225
NIFTY-II.NFO,06/05/2025,09:29:40,24613.7,24613.1,75,24617,75,0,1680225
NIFTY-II.NFO,06/05/2025,09:29:41,24617,24613.9,225,24621.5,525,75,1680225
NIFTY-II.NFO,06/05/2025,09:29:43,24617,24613.3,75,24620.1,450,0,1680225
NIFTY-II.NFO,06/05/2025,09:29:45,24613.3,24613.6,75,24621,450,75,1680225
NIFTY-II.NFO,06/05/2025,09:29:46,24620.8,24611.9,75,24619.4,375,75,1680225
NIFTY-II.NFO,06/05/2025,09:29:48,24620.8,24612.6,300,24620.4,375,0,1680225
NIFTY-II.NFO,06/05/2025,09:29:50,24620.8,24613.2,225,24620,75,0,1680225
NIFTY-II.NFO,06/05/2025,09:29:51,24620.8,24615.9,75,24620,75,0,1680225
NIFTY-II.NFO,06/05/2025,09:29:53,24620.8,24614,75,24620,75,0,1680225
NIFTY-II.NFO,06/05/2025,09:29:56,24620.8,24615.1,75,24620,150,0,1680225
NIFTY-II.NFO,06/05/2025,09:29:58,24620,24611.9,75,24619.7,525,75,1680225
NIFTY-II.NFO,06/05/2025,09:30:00,24620,24613.3,225,24620,75,0,1680225
NIFTY-II.NFO,06/05/2025,09:30:01,24620,24611.7,75,24619.2,525,0,1680225
NIFTY-II.NFO,06/05/2025,09:30:03,24619.2,24612.7,300,24619.8,300,300,1680225
NIFTY-II.NFO,06/05/2025,09:30:05,24619.2,24612,75,24619.5,525,0,1680225
NIFTY-II.NFO,06/05/2025,09:30:06,24619.2,24611.8,300,24619.5,525,0,1680225
NIFTY-II.NFO,06/05/2025,09:30:08,24619.2,24614.7,75,24620,75,0,1680225
NIFTY-II.NFO,06/05/2025,09:30:10,24619.2,24615.9,300,24620,75,0,1680225
NIFTY-II.NFO,06/05/2025,09:30:11,24615.9,24616.5,75,24620,75,75,1680225
NIFTY-II.NFO,06/05/2025,09:30:13,24615.9,24615.7,225,24620,75,0,1680225
NIFTY-II.NFO,06/05/2025,09:30:15,24615.9,24617,75,24620,75,0,1680225
NIFTY-II.NFO,06/05/2025,09:30:16,24620,24616.1,375,24622,75,75,1680225
NIFTY-II.NFO,06/05/2025,09:30:18,24620,24612.4,300,24619,75,0,1680225
NIFTY-II.NFO,06/05/2025,09:30:19,24620,24612.5,75,24619,75,0,1680225
NIFTY-II.NFO,06/05/2025,09:30:21,24620,24616.1,75,24619,75,0,1680225
NIFTY-II.NFO,06/05/2025,09:30:23,24616,24615.5,525,24619,75,150,1680225
NIFTY-II.NFO,06/05/2025,09:30:24,24616,24614.5,225,24619,75,0,1680225
NIFTY-II.NFO,06/05/2025,09:30:26,24619,24613.4,75,24620.1,300,75,1680225
NIFTY-II.NFO,06/05/2025,09:30:28,24619,24613.2,75,24620.2,675,0,1680225
NIFTY-II.NFO,06/05/2025,09:30:29,24613.2,24611.5,225,24617.6,300,75,1681800
NIFTY-II.NFO,06/05/2025,09:30:31,24610.4,24610,825,24616.7,375,75,1681800
NIFTY-II.NFO,06/05/2025,09:30:33,24610.4,24610,825,24616.3,375,0,1681800
NIFTY-II.NFO,06/05/2025,09:30:34,24616.3,24610,825,24615.4,525,75,1681800
NIFTY-II.NFO,06/05/2025,09:30:36,24616.3,24610,825,24615.4,525,0,1681800
NIFTY-II.NFO,06/05/2025,09:30:38,24616.3,24610,825,24614.2,525,0,1681800
NIFTY-II.NFO,06/05/2025,09:30:39,24610,24610,750,24612.2,300,75,1681800
NIFTY-II.NFO,06/05/2025,09:30:41,24610,24610,750,24613.2,300,0,1681800
NIFTY-II.NFO,06/05/2025,09:30:43,24610,24610,750,24615.3,375,0,1681800
NIFTY-II.NFO,06/05/2025,09:30:44,24610,24610,750,24614.9,525,0,1681800
NIFTY-II.NFO,06/05/2025,09:30:46,24610,24610,750,24615,300,0,1681800
NIFTY-II.NFO,06/05/2025,09:30:48,24610,24610,750,24615.5,375,0,1681800
NIFTY-II.NFO,06/05/2025,09:30:49,24610,24610.1,75,24614.3,150,0,1681800
NIFTY-II.NFO,06/05/2025,09:30:51,24610,24611.3,75,24618.7,300,0,1681800
NIFTY-II.NFO,06/05/2025,09:30:53,24610.8,24612.3,150,24619,75,900,1681800
NIFTY-II.NFO,06/05/2025,09:30:54,24610.8,24612.1,300,24618.9,300,0,1681800
NIFTY-II.NFO,06/05/2025,09:30:56,24610.8,24612.9,150,24619,75,0,1681800
NIFTY-II.NFO,06/05/2025,09:30:58,24610.8,24616.3,150,24619,75,0,1681800
NIFTY-II.NFO,06/05/2025,09:30:59,24610.8,24617.2,150,24619,75,0,1681800
NIFTY-II.NFO,06/05/2025,09:31:01,24622,24618.6,75,24624.9,300,225,1681800
NIFTY-II.NFO,06/05/2025,09:31:03,24622,24618.1,75,24624.9,300,0,1681800
NIFTY-II.NFO,06/05/2025,09:31:04,24622,24619.9,75,24625,150,0,1681800
NIFTY-II.NFO,06/05/2025,09:31:06,24622,24620.7,75,24625,150,0,1681800
NIFTY-II.NFO,06/05/2025,09:31:08,24625,24625.1,75,24625.6,75,150,1681800
NIFTY-II.NFO,06/05/2025,09:31:09,24625,24624.6,225,24625.6,75,0,1681800
NIFTY-II.NFO,06/05/2025,09:31:11,24625,24624.6,225,24625.2,150,0,1681800
NIFTY-II.NFO,06/05/2025,09:31:13,24625.6,24624.6,225,24627.9,300,225,1681800
NIFTY-II.NFO,06/05/2025,09:31:14,24625,24624.6,225,24627,75,75,1681800
NIFTY-II.NFO,06/05/2025,09:31:16,24625,24624.6,225,24627,75,0,1681800
NIFTY-II.NFO,06/05/2025,09:31:18,24627,24624.6,225,24628,75,75,1681800
NIFTY-II.NFO,06/05/2025,09:31:20,24624.6,24624.6,150,24628,75,75,1681800
NIFTY-II.NFO,06/05/2025,09:31:21,24624.6,24624.1,225,24628,75,0,1681800
NIFTY-II.NFO,06/05/2025,09:31:25,24624.6,24625.1,75,24628,75,0,1681800
NIFTY-II.NFO,06/05/2025,09:31:26,24628,24626.8,75,24630,225,75,1681800
NIFTY-II.NFO,06/05/2025,09:31:28,24626.7,24626.7,150,24630,225,75,1681800
NIFTY-II.NFO,06/05/2025,09:31:30,24626.7,24625.7,150,24630,225,0,1681800
NIFTY-II.NFO,06/05/2025,09:31:31,24626.8,24626.5,150,24630,225,75,1681800
NIFTY-II.NFO,06/05/2025,09:31:33,24626.8,24626.2,225,24630,300,0,1681800
NIFTY-II.NFO,06/05/2025,09:31:35,24626.8,24621.6,150,24627.3,450,0,1681800
NIFTY-II.NFO,06/05/2025,09:31:36,24626.8,24620.3,150,24627,300,0,1681800
NIFTY-II.NFO,06/05/2025,09:31:38,24626.8,24620.3,150,24626.9,375,0,1681800
NIFTY-II.NFO,06/05/2025,09:31:40,24626.8,24621.3,150,24627.7,450,0,1681800
NIFTY-II.NFO,06/05/2025,09:31:41,24626.8,24620.9,150,24627.4,150,0,1681800
NIFTY-II.NFO,06/05/2025,09:31:43,24626.8,24621.1,300,24629.4,375,0,1681800
NIFTY-II.NFO,06/05/2025,09:31:45,24626.8,24626.9,75,24628.9,375,0,1681800
NIFTY-II.NFO,06/05/2025,09:31:46,24626.9,24620.3,150,24626.2,300,75,1681800
NIFTY-II.NFO,06/05/2025,09:31:48,24626.9,24620.3,150,24624.5,450,0,1681800
NIFTY-II.NFO,06/05/2025,09:31:50,24626.9,24620.3,150,24625.9,450,0,1681800
NIFTY-II.NFO,06/05/2025,09:31:51,24626.9,24620.3,150,24627.9,375,0,1681800
NIFTY-II.NFO,06/05/2025,09:31:53,24626.9,24620.5,225,24629.1,300,0,1681800
NIFTY-II.NFO,06/05/2025,09:31:55,24626.9,24622,75,24629.9,375,0,1681800
NIFTY-II.NFO,06/05/2025,09:31:56,24626.9,24625.2,150,24630,300,0,1681800
NIFTY-II.NFO,06/05/2025,09:31:58,24626.9,24626.6,150,24630,300,0,1681800
NIFTY-II.NFO,06/05/2025,09:32:00,24626.9,24627.4,150,24630,300,0,1681800
NIFTY-II.NFO,06/05/2025,09:32:05,24626.9,24626.7,300,24630,300,0,1681800
NIFTY-II.NFO,06/05/2025,09:32:06,24626.9,24626.8,150,24630,300,0,1681800
NIFTY-II.NFO,06/05/2025,09:32:08,24626.9,24627.8,150,24630,300,0,1681800
NIFTY-II.NFO,06/05/2025,09:32:10,24630,24627.7,150,24630,225,75,1681800
NIFTY-II.NFO,06/05/2025,09:32:11,24630,24627.7,150,24630,225,0,1681800
NIFTY-II.NFO,06/05/2025,09:32:13,24630,24623.2,75,24629.9,300,0,1681800
NIFTY-II.NFO,06/05/2025,09:32:15,24630,24622.7,150,24627.8,75,0,1681800
NIFTY-II.NFO,06/05/2025,09:32:16,24630,24622,75,24627.8,75,0,1681800
NIFTY-II.NFO,06/05/2025,09:32:18,24630,24621.8,150,24627.8,75,0,1681800
NIFTY-II.NFO,06/05/2025,09:32:20,24630,24623.2,75,24627.8,75,0,1681800
NIFTY-II.NFO,06/05/2025,09:32:22,24623.4,24623.2,75,24627.8,75,150,1681800
NIFTY-II.NFO,06/05/2025,09:32:23,24623.4,24623.7,225,24627.8,75,0,1681800
NIFTY-II.NFO,06/05/2025,09:32:25,24627.8,24624.7,75,24630,225,75,1681800
NIFTY-II.NFO,06/05/2025,09:32:26,24624.7,24624.6,75,24630,225,75,1681800
NIFTY-II.NFO,06/05/2025,09:32:28,24624.7,24624.1,75,24629.9,300,0,1681800
NIFTY-II.NFO,06/05/2025,09:32:30,24624.7,24622.2,75,24629.5,300,0,1681800
NIFTY-II.NFO,06/05/2025,09:32:31,24624.7,24624.6,150,24630,225,0,1681800
NIFTY-II.NFO,06/05/2025,09:32:33,24624.7,24624.2,75,24630,225,0,1681800
NIFTY-II.NFO,06/05/2025,09:32:35,24624.7,24625.1,225,24630,225,0,1681800
NIFTY-II.NFO,06/05/2025,09:32:36,24624.2,24622.4,75,24629.4,450,75,1681800
NIFTY-II.NFO,06/05/2025,09:32:38,24624.2,24622.3,225,24629.9,375,0,1681800
NIFTY-II.NFO,06/05/2025,09:32:40,24624.2,24622.9,825,24630,225,0,1681800
NIFTY-II.NFO,06/05/2025,09:32:41,24624.2,24624.5,150,24630,225,0,1681800
NIFTY-II.NFO,06/05/2025,09:32:43,24624.2,24624.1,675,24630,225,0,1681800
NIFTY-II.NFO,06/05/2025,09:32:45,24625.7,24625.3,150,24630,225,75,1681800
NIFTY-II.NFO,06/05/2025,09:32:46,24630,24630.3,150,24635,225,225,1681800
NIFTY-II.NFO,06/05/2025,09:32:48,24630,24632.8,75,24635,225,0,1681800
NIFTY-II.NFO,06/05/2025,09:32:50,24635,24632,75,24635,75,150,1681800
NIFTY-II.NFO,06/05/2025,09:32:51,24632.2,24629.8,150,24635,75,75,1681800
NIFTY-II.NFO,06/05/2025,09:32:53,24632.2,24630,450,24635,75,0,1681800
NIFTY-II.NFO,06/05/2025,09:32:55,24635,24630.1,75,24638.8,300,75,1681800
NIFTY-II.NFO,06/05/2025,09:32:56,24635,24630.9,75,24639.6,300,0,1681800
NIFTY-II.NFO,06/05/2025,09:32:58,24635,24630.4,150,24639.4,300,0,1681800
NIFTY-II.NFO,06/05/2025,09:33:00,24635,24630,75,24636.8,450,0,1681800
NIFTY-II.NFO,06/05/2025,09:33:01,24635,24630,75,24637.4,525,0,1681800
NIFTY-II.NFO,06/05/2025,09:33:03,24635,24630.1,150,24639.4,300,0,1681800
NIFTY-II.NFO,06/05/2025,09:33:05,24635,24632.2,75,24639.9,300,0,1681800
NIFTY-II.NFO,06/05/2025,09:33:06,24635,24632,150,24639.9,375,0,1681800
NIFTY-II.NFO,06/05/2025,09:33:08,24635,24630,75,24634.7,450,0,1681800
NIFTY-II.NFO,06/05/2025,09:33:10,24635,24630,75,24637.9,525,0,1681800
NIFTY-II.NFO,06/05/2025,09:33:11,24635,24631.1,150,24639.9,375,0,1681800
NIFTY-II.NFO,06/05/2025,09:33:13,24635,24632,150,24639.8,300,0,1681800
NIFTY-II.NFO,06/05/2025,09:33:15,24635,24631,150,24638.1,525,0,1681800
NIFTY-II.NFO,06/05/2025,09:33:16,24635,24630.7,75,24638,450,0,1681800
NIFTY-II.NFO,06/05/2025,09:33:18,24638,24630.6,150,24639.4,300,300,1681800
NIFTY-II.NFO,06/05/2025,09:33:20,24630.6,24630.5,75,24637.3,450,150,1681800
NIFTY-II.NFO,06/05/2025,09:33:21,24630.6,24638.1,75,24639.9,300,0,1681800
NIFTY-II.NFO,06/05/2025,09:33:25,24638.1,24635,75,24636.4,450,75,1681800
NIFTY-II.NFO,06/05/2025,09:33:26,24638.1,24635,75,24635.8,450,0,1681800
NIFTY-II.NFO,06/05/2025,09:33:28,24638.1,24635,75,24637.4,450,0,1681800
NIFTY-II.NFO,06/05/2025,09:33:30,24637.4,24635,75,24639.9,375,75,1683300
NIFTY-II.NFO,06/05/2025,09:33:31,24637.4,24635,75,24637.2,450,0,1683300
NIFTY-II.NFO,06/05/2025,09:33:33,24637.4,24635.1,225,24640,75,0,1683300
NIFTY-II.NFO,06/05/2025,09:33:34,24640,24637.7,75,24646.2,300,75,1683300
NIFTY-II.NFO,06/05/2025,09:33:36,24640,24643,75,24649,225,0,1683300
NIFTY-II.NFO,06/05/2025,09:33:38,24640,24644,75,24649,225,0,1683300
NIFTY-II.NFO,06/05/2025,09:33:39,24640,24643.6,75,24649,225,0,1683300
NIFTY-II.NFO,06/05/2025,09:33:41,24640,24643.1,75,24649,225,0,1683300
NIFTY-II.NFO,06/05/2025,09:33:43,24649,24643.6,75,24649,75,450,1683300
NIFTY-II.NFO,06/05/2025,09:33:44,24643.5,24641.8,300,24646,150,150,1683300
NIFTY-II.NFO,06/05/2025,09:33:46,24646,24641.9,150,24646,75,75,1683300
NIFTY-II.NFO,06/05/2025,09:33:48,24646,24641.7,300,24646,75,0,1683300
NIFTY-II.NFO,06/05/2025,09:33:49,24640.2,24642.2,300,24646,75,75,1683300
NIFTY-II.NFO,06/05/2025,09:33:51,24646,24645.3,75,24648,225,75,1683300
NIFTY-II.NFO,06/05/2025,09:33:53,24648,24644.9,75,24648,150,75,1683300
NIFTY-II.NFO,06/05/2025,09:33:54,24648,24643.1,75,24648,150,0,1683300
NIFTY-II.NFO,06/05/2025,09:33:56,24648,24646,75,24648,150,0,1683300
NIFTY-II.NFO,06/05/2025,09:33:58,24646,24643.1,75,24647.1,450,75,1683300
NIFTY-II.NFO,06/05/2025,09:33:59,24646,24642.7,75,24647.7,300,0,1683300
NIFTY-II.NFO,06/05/2025,09:34:01,24648,24645.1,75,24648,75,75,1683300
NIFTY-II.NFO,06/05/2025,09:34:03,24650,24650.1,75,24654.9,300,225,1683300
NIFTY-II.NFO,06/05/2025,09:34:05,24650,24648.4,75,24654.5,450,0,1683300
NIFTY-II.NFO,06/05/2025,09:34:06,24650,24649.1,75,24654.9,300,0,1683300
NIFTY-II.NFO,06/05/2025,09:34:08,24652.2,24651.3,75,24655,150,75,1683300
NIFTY-II.NFO,06/05/2025,09:34:10,24650.2,24648.3,75,24655,150,75,1683300
NIFTY-II.NFO,06/05/2025,09:34:11,24650.2,24649.1,300,24655,150,0,1683300
NIFTY-II.NFO,06/05/2025,09:34:13,24650,24651.2,150,24655,150,225,1683300
NIFTY-II.NFO,06/05/2025,09:34:15,24650,24652.3,75,24655,150,0,1683300
NIFTY-II.NFO,06/05/2025,09:34:16,24650,24651.9,75,24655,150,0,1683300
NIFTY-II.NFO,06/05/2025,09:34:18,24650,24650.2,75,24653.2,450,0,1683300
NIFTY-II.NFO,06/05/2025,09:34:19,24650,24646,75,24651.6,300,225,1683300
NIFTY-II.NFO,06/05/2025,09:34:21,24650,24646,75,24650,375,0,1683300
NIFTY-II.NFO,06/05/2025,09:34:23,24650,24646,75,24648.3,450,0,1683300
NIFTY-II.NFO,06/05/2025,09:34:24,24650,24646,75,24648.9,450,0,1683300
NIFTY-II.NFO,06/05/2025,09:34:26,24650,24646,75,24650.1,450,75,1683300
NIFTY-II.NFO,06/05/2025,09:34:28,24646,24644,300,24652.1,300,75,1683300
NIFTY-II.NFO,06/05/2025,09:34:29,24643.5,24643,300,24651,375,150,1683300
NIFTY-II.NFO,06/05/2025,09:34:31,24643.5,24645.1,375,24653.6,300,0,1683300
NIFTY-II.NFO,06/05/2025,09:34:33,24643.5,24645.4,450,24653.2,375,0,1683300
NIFTY-II.NFO,06/05/2025,09:34:34,24643.5,24645.8,75,24653.7,525,0,1683300
NIFTY-II.NFO,06/05/2025,09:34:36,24643.5,24644.4,375,24651.5,450,0,1683300
NIFTY-II.NFO,06/05/2025,09:34:38,24643.5,24643.9,375,24650.8,525,0,1683300
NIFTY-II.NFO,06/05/2025,09:34:39,24643.5,24644,75,24651.4,525,0,1683300
NIFTY-II.NFO,06/05/2025,09:34:41,24643.5,24646.9,300,24653,75,0,1683300
NIFTY-II.NFO,06/05/2025,09:34:43,24643.5,24646.2,225,24653,75,0,1683300
NIFTY-II.NFO,06/05/2025,09:34:44,24643.5,24647,300,24653,75,0,1683300
NIFTY-II.NFO,06/05/2025,09:34:46,24643.5,24648.7,300,24653,75,0,1683300
NIFTY-II.NFO,06/05/2025,09:34:47,24643.5,24649.1,300,24653,75,0,1683300
NIFTY-II.NFO,06/05/2025,09:34:49,24646.2,24646.2,900,24653,75,150,1683300
NIFTY-II.NFO,06/05/2025,09:34:51,24646.2,24644.5,150,24652,375,0,1683300
NIFTY-II.NFO,06/05/2025,09:34:52,24646.2,24643.5,225,24650.1,525,0,1683300
NIFTY-II.NFO,06/05/2025,09:34:54,24646.2,24643.6,75,24651.4,525,0,1683300
NIFTY-II.NFO,06/05/2025,09:34:56,24646.2,24645.1,75,24652.5,525,0,1683300
NIFTY-II.NFO,06/05/2025,09:34:57,24646.2,24646.3,150,24652.9,300,0,1683300
NIFTY-II.NFO,06/05/2025,09:34:59,24646.2,24646.2,75,24652.9,375,0,1683300
NIFTY-II.NFO,06/05/2025,09:35:02,24646.2,24646.2,75,24652.9,300,0,1683300
NIFTY-II.NFO,06/05/2025,09:35:04,24646.2,24646.2,75,24651.3,450,0,1683300
NIFTY-II.NFO,06/05/2025,09:35:05,24646.2,24645.6,525,24652.9,375,75,1683300
NIFTY-II.NFO,06/05/2025,09:35:07,24646.2,24644.2,75,24652.1,525,0,1683300
NIFTY-II.NFO,06/05/2025,09:35:09,24646.2,24645.3,150,24652.9,375,0,1683300
NIFTY-II.NFO,06/05/2025,09:35:10,24646.2,24646,75,24652.9,375,0,1683300
NIFTY-II.NFO,06/05/2025,09:35:12,24646.2,24643.6,75,24650.7,525,0,1683300
NIFTY-II.NFO,06/05/2025,09:35:14,24646.2,24644.2,75,24651.6,450,0,1683300
NIFTY-II.NFO,06/05/2025,09:35:15,24646.2,24646.8,150,24651.7,300,75,1683300
NIFTY-II.NFO,06/05/2025,09:35:17,24646.2,24646.5,75,24652.1,450,0,1683300
NIFTY-II.NFO,06/05/2025,09:35:19,24653,24649.5,75,24654,75,75,1683300
NIFTY-II.NFO,06/05/2025,09:35:20,24653,24650.9,75,24654,75,0,1683300
NIFTY-II.NFO,06/05/2025,09:35:22,24655,24655,75,24661.7,300,225,1683300
NIFTY-II.NFO,06/05/2025,09:35:24,24654.7,24650.3,75,24654,150,75,1683300
NIFTY-II.NFO,06/05/2025,09:35:25,24654.7,24653.7,75,24654,150,0,1683300
NIFTY-II.NFO,06/05/2025,09:35:27,24654,24654.2,75,24660.6,525,150,1683300
NIFTY-II.NFO,06/05/2025,09:35:29,24660.6,24651.3,75,24656.9,300,150,1683300
NIFTY-II.NFO,06/05/2025,09:35:30,24660.6,24652.1,75,24657.8,150,0,1683300
NIFTY-II.NFO,06/05/2025,09:35:32,24660.6,24651.2,225,24657.7,150,0,1683300
NIFTY-II.NFO,06/05/2025,09:35:34,24658.3,24652.3,75,24658.9,300,75,1683300
NIFTY-II.NFO,06/05/2025,09:35:35,24658.3,24653.2,75,24660,300,0,1683300
NIFTY-II.NFO,06/05/2025,09:35:37,24658.3,24654.1,75,24657.5,150,0,1683300
NIFTY-II.NFO,06/05/2025,09:35:39,24658.3,24650.2,75,24655.6,300,0,1683300
NIFTY-II.NFO,06/05/2025,09:35:40,24655.9,24651.1,75,24656.2,300,75,1683300
NIFTY-II.NFO,06/05/2025,09:35:42,24655.9,24651,75,24654.6,300,0,1683300
NIFTY-II.NFO,06/05/2025,09:35:44,24654.6,24650,675,24655.1,300,150,1683300
NIFTY-II.NFO,06/05/2025,09:35:45,24654.6,24650,675,24654.8,450,0,1683300
NIFTY-II.NFO,06/05/2025,09:35:47,24654.6,24654,75,24656.4,300,0,1683300
NIFTY-II.NFO,06/05/2025,09:35:49,24654,24650,750,24654.2,375,75,1683300
NIFTY-II.NFO,06/05/2025,09:35:50,24653.9,24650,750,24654.8,300,75,1683300
NIFTY-II.NFO,06/05/2025,09:35:52,24653.9,24651.2,75,24656.9,300,0,1683300
NIFTY-II.NFO,06/05/2025,09:35:54,24653.9,24650.8,75,24657.2,375,0,1683300
NIFTY-II.NFO,06/05/2025,09:35:55,24653.9,24651.8,75,24658.2,300,0,1683300
NIFTY-II.NFO,06/05/2025,09:35:57,24653.9,24652.9,75,24658.3,75,0,1683300
NIFTY-II.NFO,06/05/2025,09:35:59,24653.9,24654.1,75,24658.3,75,0,1683300
NIFTY-II.NFO,06/05/2025,09:36:00,24653.9,24652.3,75,24657.3,300,0,1683300
NIFTY-II.NFO,06/05/2025,09:36:02,24653.9,24652.4,75,24654.7,75,0,1683300
NIFTY-II.NFO,06/05/2025,09:36:04,24653.9,24650.4,75,24654.7,75,0,1683300
NIFTY-II.NFO,06/05/2025,09:36:05,24654.7,24650,825,24655.9,300,75,1683300
NIFTY-II.NFO,06/05/2025,09:36:07,24654.7,24650,825,24655.5,300,0,1683300
NIFTY-II.NFO,06/05/2025,09:36:09,24654.7,24650,825,24656,75,0,1683300
NIFTY-II.NFO,06/05/2025,09:36:10,24654.7,24650.1,300,24656,75,0,1683300
NIFTY-II.NFO,06/05/2025,09:36:12,24654.7,24651.1,225,24656,75,0,1683300
NIFTY-II.NFO,06/05/2025,09:36:14,24654.7,24651.3,300,24656,75,0,1683300
NIFTY-II.NFO,06/05/2025,09:36:15,24654.7,24650.7,300,24656,75,0,1683300
NIFTY-II.NFO,06/05/2025,09:36:17,24654.7,24651.2,300,24656,75,0,1683300
NIFTY-II.NFO,06/05/2025,09:36:19,24657.6,24651.5,300,24658.3,75,150,1683300
NIFTY-II.NFO,06/05/2025,09:36:20,24657.6,24654,375,24658.3,75,0,1683300
NIFTY-II.NFO,06/05/2025,09:36:25,24657.6,24654.1,300,24658.3,75,0,1683300
NIFTY-II.NFO,06/05/2025,09:36:27,24657.6,24657.6,75,24658.3,75,0,1683300
NIFTY-II.NFO,06/05/2025,09:36:34,24657.6,24657.6,75,24658,75,0,1683300
NIFTY-II.NFO,06/05/2025,09:36:35,24657.6,24654,375,24658.2,375,75,1683150
NIFTY-II.NFO,06/05/2025,09:36:37,24657.6,24657,75,24658.3,75,0,1683150
NIFTY-II.NFO,06/05/2025,09:36:45,24660.2,24657,75,24660.5,300,375,1683150
NIFTY-II.NFO,06/05/2025,09:36:47,24660.2,24657,75,24660.5,300,0,1683150
NIFTY-II.NFO,06/05/2025,09:36:49,24660.2,24657,75,24660.6,150,0,1683150
NIFTY-II.NFO,06/05/2025,09:36:50,24660.2,24657,75,24658.9,300,0,1683150
NIFTY-II.NFO,06/05/2025,09:36:52,24657,24652,75,24658.2,150,75,1683150
NIFTY-II.NFO,06/05/2025,09:36:54,24657,24652.1,300,24659.3,150,0,1683150
NIFTY-II.NFO,06/05/2025,09:36:55,24657,24652,75,24656.8,525,0,1683150
NIFTY-II.NFO,06/05/2025,09:36:57,24657,24652,75,24654.2,150,0,1683150
NIFTY-II.NFO,06/05/2025,09:36:59,24650,24650,300,24650.9,375,300,1683150
NIFTY-II.NFO,06/05/2025,09:37:00,24650,24646.2,75,24649.8,225,300,1683150
NIFTY-II.NFO,06/05/2025,09:37:02,24650,24646.2,75,24650.1,225,0,1683150
NIFTY-II.NFO,06/05/2025,09:37:04,24646.2,24640.1,300,24646.7,300,150,1683150
NIFTY-II.NFO,06/05/2025,09:37:05,24646.2,24640.1,375,24647.5,225,0,1683150
NIFTY-II.NFO,06/05/2025,09:37:07,24646.2,24640.1,375,24647.6,225,0,1683150
NIFTY-II.NFO,06/05/2025,09:37:08,24646.2,24640.1,300,24646.6,150,0,1683150
NIFTY-II.NFO,06/05/2025,09:37:10,24646.2,24640,75,24645.7,150,0,1683150
NIFTY-II.NFO,06/05/2025,09:37:12,24646.2,24640,75,24646.4,225,0,1683150
NIFTY-II.NFO,06/05/2025,09:37:13,24646.2,24640,75,24645.7,300,0,1683150
NIFTY-II.NFO,06/05/2025,09:37:15,24640,24636.8,300,24644.4,525,75,1683150
NIFTY-II.NFO,06/05/2025,09:37:17,24644.2,24636.8,450,24644.2,225,75,1683150
NIFTY-II.NFO,06/05/2025,09:37:18,24644.2,24639.4,300,24646.2,150,0,1683150
NIFTY-II.NFO,06/05/2025,09:37:20,24644.2,24635.9,375,24643.8,225,0,1683150
NIFTY-II.NFO,06/05/2025,09:37:22,24644.2,24636.6,75,24643,150,0,1683150
NIFTY-II.NFO,06/05/2025,09:37:23,24644.2,24634.8,375,24641.9,75,0,1683150
NIFTY-II.NFO,06/05/2025,09:37:25,24644.2,24635.5,300,24643.2,375,0,1683150
NIFTY-II.NFO,06/05/2025,09:37:27,24644.2,24635.9,300,24643.6,75,0,1683150
NIFTY-II.NFO,06/05/2025,09:37:28,24644.2,24638.3,450,24646.2,75,0,1683150
NIFTY-II.NFO,06/05/2025,09:37:30,24644.2,24639.8,375,24646.2,75,0,1683150
NIFTY-II.NFO,06/05/2025,09:37:32,24644.2,24641,300,24646.2,75,0,1683150
NIFTY-II.NFO,06/05/2025,09:37:33,24644.2,24641.6,300,24646.2,75,0,1683150
NIFTY-II.NFO,06/05/2025,09:37:35,24641.6,24642.1,300,24646.2,75,75,1683150
NIFTY-II.NFO,06/05/2025,09:37:37,24641.6,24640.6,150,24646.1,150,0,1683150
NIFTY-II.NFO,06/05/2025,09:37:38,24641.6,24638.6,300,24645.9,525,0,1683150
NIFTY-II.NFO,06/05/2025,09:37:40,24641.6,24638.5,75,24645.2,300,0,1683150
NIFTY-II.NFO,06/05/2025,09:37:42,24641.6,24635.7,300,24642.6,150,0,1683150
NIFTY-II.NFO,06/05/2025,09:37:43,24641.6,24635.6,75,24641.4,150,0,1683150
NIFTY-II.NFO,06/05/2025,09:37:45,24641.6,24635.6,75,24641.6,225,0,1683150
NIFTY-II.NFO,06/05/2025,09:37:47,24634.1,24634.7,375,24642.5,225,75,1683150
NIFTY-II.NFO,06/05/2025,09:37:48,24634.7,24635.9,375,24644.1,300,75,1683150
NIFTY-II.NFO,06/05/2025,09:37:50,24634.7,24635,375,24643,300,0,1683150
NIFTY-II.NFO,06/05/2025,09:37:52,24634.7,24635,525,24640,150,0,1683150
NIFTY-II.NFO,06/05/2025,09:37:53,24634.7,24634.6,375,24640,150,0,1683150
NIFTY-II.NFO,06/05/2025,09:37:55,24634.7,24632.4,375,24639.5,150,0,1683150
NIFTY-II.NFO,06/05/2025,09:37:57,24634.7,24632.7,375,24639.7,225,0,1683150
NIFTY-II.NFO,06/05/2025,09:37:58,24634.7,24632.7,375,24639.9,375,0,1683150
NIFTY-II.NFO,06/05/2025,09:38:00,24634.7,24632.4,300,24639.9,150,0,1683150
NIFTY-II.NFO,06/05/2025,09:38:02,24634.7,24635.8,300,24640,150,0,1683150
NIFTY-II.NFO,06/05/2025,09:38:03,24634.7,24638.2,450,24640,150,0,1683150
NIFTY-II.NFO,06/05/2025,09:38:05,24640,24640.1,300,24642,75,150,1683150
NIFTY-II.NFO,06/05/2025,09:38:07,24640,24640.6,300,24642,75,0,1683150
NIFTY-II.NFO,06/05/2025,09:38:08,24640,24640,75,24642,75,0,1683150
NIFTY-II.NFO,06/05/2025,09:38:15,24640,24640,75,24641.9,150,0,1683150
NIFTY-II.NFO,06/05/2025,09:38:17,24640,24640,75,24642,75,0,1683150
NIFTY-II.NFO,06/05/2025,09:38:19,24640,24640.1,75,24642,75,0,1683150
NIFTY-II.NFO,06/05/2025,09:38:20,24642,24639.6,150,24645.9,225,75,1683150
NIFTY-II.NFO,06/05/2025,09:38:22,24642,24638.8,75,24645,375,0,1683150
NIFTY-II.NFO,06/05/2025,09:38:23,24640.3,24640.3,75,24647.2,225,75,1683150
NIFTY-II.NFO,06/05/2025,09:38:25,24640.3,24638.7,525,24646,225,0,1683150
NIFTY-II.NFO,06/05/2025,09:38:27,24640.3,24641,300,24648.7,225,0,1683150
NIFTY-II.NFO,06/05/2025,09:38:28,24640.3,24640.6,375,24648.1,150,0,1683150
NIFTY-II.NFO,06/05/2025,09:38:30,24640.3,24642.1,375,24649.4,300,0,1683150
NIFTY-II.NFO,06/05/2025,09:38:32,24640.3,24643.2,300,24650.9,300,0,1683150
NIFTY-II.NFO,06/05/2025,09:38:33,24640.3,24643.2,450,24651.9,300,0,1683150
NIFTY-II.NFO,06/05/2025,09:38:35,24640.3,24643.6,300,24652.1,300,0,1683150
NIFTY-II.NFO,06/05/2025,09:38:37,24640.3,24643.2,375,24651.7,525,0,1683150
NIFTY-II.NFO,06/05/2025,09:38:40,24651.7,24644.9,375,24653.2,375,75,1683150
NIFTY-II.NFO,06/05/2025,09:38:42,24651.7,24640.9,300,24648.6,300,0,1683150
NIFTY-II.NFO,06/05/2025,09:38:43,24651.7,24640.5,375,24648.3,225,0,1683150
NIFTY-II.NFO,06/05/2025,09:38:45,24651.7,24643,525,24650.8,225,0,1683150
NIFTY-II.NFO,06/05/2025,09:38:48,24651.7,24640.8,525,24649.2,450,0,1683150
NIFTY-II.NFO,06/05/2025,09:38:50,24651.7,24640.3,75,24645.4,450,0,1683150
NIFTY-II.NFO,06/05/2025,09:38:52,24651.7,24640.3,75,24645.2,300,0,1683150
NIFTY-II.NFO,06/05/2025,09:38:53,24651.7,24640.3,75,24645.3,375,0,1683150
NIFTY-II.NFO,06/05/2025,09:38:55,24651.7,24640.3,75,24646.6,450,0,1683150
NIFTY-II.NFO,06/05/2025,09:38:57,24651.7,24640.3,75,24646.9,300,0,1683150
NIFTY-II.NFO,06/05/2025,09:38:58,24651.7,24640.3,75,24646.7,375,0,1683150
NIFTY-II.NFO,06/05/2025,09:39:00,24651.7,24640.3,75,24646,450,0,1683150
NIFTY-II.NFO,06/05/2025,09:39:02,24651.7,24640.3,75,24646.6,75,0,1683150
NIFTY-II.NFO,06/05/2025,09:39:03,24651.7,24640.4,375,24647.9,375,0,1683150
NIFTY-II.NFO,06/05/2025,09:39:05,24651.7,24640.3,75,24645.9,225,0,1683150
NIFTY-II.NFO,06/05/2025,09:39:07,24651.7,24640.3,75,24646.3,225,0,1683150
NIFTY-II.NFO,06/05/2025,09:39:08,24651.7,24640.3,75,24645.6,450,0,1683150
NIFTY-II.NFO,06/05/2025,09:39:10,24651.7,24640.3,75,24645,225,0,1683150
NIFTY-II.NFO,06/05/2025,09:39:12,24651.7,24640.3,75,24643.7,375,0,1683150
NIFTY-II.NFO,06/05/2025,09:39:13,24640.3,24632.8,1125,24640.6,300,75,1683150
NIFTY-II.NFO,06/05/2025,09:39:15,24640.3,24634.5,300,24642.4,450,0,1683150
NIFTY-II.NFO,06/05/2025,09:39:17,24640.3,24636.4,375,24645,225,0,1683150
NIFTY-II.NFO,06/05/2025,09:39:18,24640.3,24634.5,375,24642.1,450,0,1683150
NIFTY-II.NFO,06/05/2025,09:39:20,24640.3,24633,375,24641,375,0,1683150
NIFTY-II.NFO,06/05/2025,09:39:21,24640.3,24633,375,24640.8,450,0,1683150
NIFTY-II.NFO,06/05/2025,09:39:23,24640.3,24634.5,75,24640,375,0,1683150
NIFTY-II.NFO,06/05/2025,09:39:25,24640.3,24634.5,75,24640.5,450,0,1683150
NIFTY-II.NFO,06/05/2025,09:39:26,24634.5,24632.8,375,24640.4,450,75,1683150
NIFTY-II.NFO,06/05/2025,09:39:28,24634.5,24633.7,300,24642,225,0,1683150
NIFTY-II.NFO,06/05/2025,09:39:30,24634.5,24632.4,300,24640.4,450,0,1683150
NIFTY-II.NFO,06/05/2025,09:39:31,24634.5,24633.6,1050,24642,300,0,1683150
NIFTY-II.NFO,06/05/2025,09:39:33,24634.5,24633.6,300,24642,300,0,1683150
NIFTY-II.NFO,06/05/2025,09:39:35,24634.5,24634.4,450,24643.4,300,0,1683150
NIFTY-II.NFO,06/05/2025,09:39:36,24634.5,24636,375,24644.4,375,0,1683150
NIFTY-II.NFO,06/05/2025,09:39:38,24634.5,24634.7,525,24643,225,0,1683150
NIFTY-II.NFO,06/05/2025,09:39:40,24634.5,24636.3,375,24644.4,225,0,1683150
NIFTY-II.NFO,06/05/2025,09:39:41,24634.5,24636,300,24644.5,225,0,1683150
NIFTY-II.NFO,06/05/2025,09:39:43,24634.5,24635.9,450,24644.4,300,0,1683150
NIFTY-II.NFO,06/05/2025,09:39:45,24634.5,24635.9,525,24643.8,75,0,1683150
NIFTY-II.NFO,06/05/2025,09:39:46,24634.5,24636.6,300,24644.2,450,0,1683150
NIFTY-II.NFO,06/05/2025,09:39:48,24634.5,24636.8,375,24644.4,300,0,1683150
NIFTY-II.NFO,06/05/2025,09:39:49,24634.5,24636.7,525,24644.6,150,0,1683150
NIFTY-II.NFO,06/05/2025,09:39:51,24634.5,24637.8,375,24645.3,300,0,1683150
NIFTY-II.NFO,06/05/2025,09:39:53,24634.5,24636.7,75,24642.6,225,0,1683150
NIFTY-II.NFO,06/05/2025,09:39:54,24634.5,24636.7,75,24641.7,225,0,1683150
NIFTY-II.NFO,06/05/2025,09:39:56,24634.5,24633.4,75,24639,375,0,1683150
NIFTY-II.NFO,06/05/2025,09:39:58,24634.5,24633.5,375,24641.4,450,0,1683150
NIFTY-II.NFO,06/05/2025,09:39:59,24634.5,24632.2,375,24640.2,375,0,1683150
NIFTY-II.NFO,06/05/2025,09:40:01,24634.5,24631.9,300,24639,450,0,1683150
NIFTY-II.NFO,06/05/2025,09:40:03,24634.5,24631.1,375,24638.4,450,0,1683150
NIFTY-II.NFO,06/05/2025,09:40:04,24634.5,24631,75,24637.1,300,0,1683150
NIFTY-II.NFO,06/05/2025,09:40:06,24634.5,24631,75,24636.2,300,0,1683150
NIFTY-II.NFO,06/05/2025,09:40:08,24634.5,24631,75,24636.4,225,0,1683150
NIFTY-II.NFO,06/05/2025,09:40:09,24634.5,24631,75,24636.1,375,0,1683150
NIFTY-II.NFO,06/05/2025,09:40:11,24634.5,24631,75,24635.1,225,0,1683150
NIFTY-II.NFO,06/05/2025,09:40:13,24634.5,24631,75,24636.8,300,0,1683150
NIFTY-II.NFO,06/05/2025,09:40:14,24631,24629,150,24636,300,75,1683525
NIFTY-II.NFO,06/05/2025,09:40:16,24631,24630.4,375,24638.9,225,0,1683525
NIFTY-II.NFO,06/05/2025,09:40:18,24631,24629.8,375,24638.3,225,0,1683525
NIFTY-II.NFO,06/05/2025,09:40:21,24638.3,24634.3,450,24642.6,225,75,1683525
NIFTY-II.NFO,06/05/2025,09:40:23,24638.3,24635.1,825,24644.1,150,0,1683525
NIFTY-II.NFO,06/05/2025,09:40:24,24638.3,24635.1,450,24643.7,225,0,1683525
NIFTY-II.NFO,06/05/2025,09:40:26,24638.3,24633.2,375,24641.4,150,0,1683525
NIFTY-II.NFO,06/05/2025,09:40:28,24638.3,24633.8,450,24643,225,0,1683525
NIFTY-II.NFO,06/05/2025,09:40:29,24638.3,24630.7,375,24639,225,0,1683525
NIFTY-II.NFO,06/05/2025,09:40:31,24638.3,24631.2,375,24639.2,75,0,1683525
NIFTY-II.NFO,06/05/2025,09:40:33,24638.3,24629.7,300,24636.3,225,0,1683525
NIFTY-II.NFO,06/05/2025,09:40:34,24638.3,24629.9,300,24637.9,375,0,1683525
NIFTY-II.NFO,06/05/2025,09:40:36,24638.3,24629.8,375,24637.1,375,0,1683525
NIFTY-II.NFO,06/05/2025,09:40:38,24638.3,24629.2,300,24635.9,300,0,1683525
NIFTY-II.NFO,06/05/2025,09:40:39,24638.3,24629.2,375,24636.2,300,0,1683525
NIFTY-II.NFO,06/05/2025,09:40:41,24638.3,24629.6,375,24638.3,150,0,1683525
NIFTY-II.NFO,06/05/2025,09:40:43,24630.1,24630.1,150,24639.2,225,150,1683525
NIFTY-II.NFO,06/05/2025,09:40:44,24630.1,24629.4,300,24637.5,300,0,1683525
NIFTY-II.NFO,06/05/2025,09:40:46,24630.1,24631.6,300,24640,225,0,1683525
NIFTY-II.NFO,06/05/2025,09:40:49,24630.1,24632,450,24640.9,300,0,1683525
NIFTY-II.NFO,06/05/2025,09:40:51,24630.1,24632,450,24640.9,450,0,1683525
NIFTY-II.NFO,06/05/2025,09:40:53,24630.1,24632,525,24640.3,525,0,1683525
NIFTY-II.NFO,06/05/2025,09:40:54,24630.1,24632.3,300,24640.9,375,0,1683525
NIFTY-II.NFO,06/05/2025,09:40:56,24630.1,24631.8,300,24639.2,225,0,1683525
NIFTY-II.NFO,06/05/2025,09:40:58,24630.1,24625.1,750,24633.2,300,0,1683525
NIFTY-II.NFO,06/05/2025,09:40:59,24630.1,24625.2,300,24633.1,150,0,1683525
NIFTY-II.NFO,06/05/2025,09:41:01,24630.1,24626,300,24634.3,225,0,1683525
NIFTY-II.NFO,06/05/2025,09:41:02,24630.1,24625.1,450,24632.6,225,0,1683525
NIFTY-II.NFO,06/05/2025,09:41:04,24630.1,24625.5,375,24633.4,225,0,1683525
NIFTY-II.NFO,06/05/2025,09:41:06,24630.1,24625.1,375,24632.5,75,0,1683525
NIFTY-II.NFO,06/05/2025,09:41:07,24630.1,24625.5,75,24631.9,450,0,1683525
NIFTY-II.NFO,06/05/2025,09:41:09,24630.1,24625,225,24632.1,450,0,1683525
NIFTY-II.NFO,06/05/2025,09:41:11,24630.1,24625,225,24631.7,450,0,1683525
NIFTY-II.NFO,06/05/2025,09:41:12,24630.1,24625,225,24631.1,450,0,1683525
NIFTY-II.NFO,06/05/2025,09:41:14,24630.1,24625,225,24629.1,375,0,1683525
NIFTY-II.NFO,06/05/2025,09:41:16,24630.1,24625,225,24629.4,450,0,1683525
NIFTY-II.NFO,06/05/2025,09:41:17,24630.1,24625,225,24629.2,450,0,1683525
NIFTY-II.NFO,06/05/2025,09:41:19,24625,24620,450,24626.5,225,225,1683525
NIFTY-II.NFO,06/05/2025,09:41:21,24625,24620.1,375,24627.6,150,0,1683525
NIFTY-II.NFO,06/05/2025,09:41:22,24625,24620,375,24626.7,375,0,1683525
NIFTY-II.NFO,06/05/2025,09:41:24,24625,24620,375,24626.2,375,0,1683525
NIFTY-II.NFO,06/05/2025,09:41:26,24625,24620,375,24626.4,450,0,1683525
NIFTY-II.NFO,06/05/2025,09:41:27,24620,24620,300,24626.6,450,75,1683525
NIFTY-II.NFO,06/05/2025,09:41:29,24620,24621.7,450,24630.5,225,0,1683525
NIFTY-II.NFO,06/05/2025,09:41:31,24620,24620.3,375,24628.4,225,0,1683525
NIFTY-II.NFO,06/05/2025,09:41:32,24620,24621.2,300,24629.7,225,0,1683525
NIFTY-II.NFO,06/05/2025,09:41:34,24620,24623.2,300,24631.9,225,0,1683525
NIFTY-II.NFO,06/05/2025,09:41:36,24620,24624.2,375,24632.3,300,0,1683525
NIFTY-II.NFO,06/05/2025,09:41:37,24620,24625.8,675,24634.5,225,0,1683525
NIFTY-II.NFO,06/05/2025,09:41:39,24634.8,24627.2,300,24634.8,150,75,1683525
NIFTY-II.NFO,06/05/2025,09:41:41,24634.8,24627.2,300,24634.8,150,0,1683525
NIFTY-II.NFO,06/05/2025,09:41:42,24634.8,24627.2,300,24634.9,300,0,1683525
NIFTY-II.NFO,06/05/2025,09:41:44,24634.8,24627.2,300,24634.9,225,0,1683525
NIFTY-II.NFO,06/05/2025,09:41:46,24634.8,24627.6,450,24635,75,0,1683525
NIFTY-II.NFO,06/05/2025,09:41:47,24634.8,24629,375,24635,75,0,1683525
NIFTY-II.NFO,06/05/2025,09:41:49,24634.8,24628.7,375,24635,75,0,1683525
NIFTY-II.NFO,06/05/2025,09:41:51,24634.8,24630.1,375,24635,75,0,1683525
NIFTY-II.NFO,06/05/2025,09:41:52,24634.8,24628.8,300,24635,75,0,1683525
NIFTY-II.NFO,06/05/2025,09:41:54,24628.8,24629,300,24635,75,150,1683525
NIFTY-II.NFO,06/05/2025,09:41:56,24628.8,24629.6,300,24635,75,0,1683525
NIFTY-II.NFO,06/05/2025,09:41:57,24628.8,24628.4,375,24635,75,0,1683525
NIFTY-II.NFO,06/05/2025,09:41:59,24628.8,24629.4,525,24634.5,225,0,1683525
NIFTY-II.NFO,06/05/2025,09:42:01,24628.8,24629.7,525,24634.5,225,0,1683525
NIFTY-II.NFO,06/05/2025,09:42:02,24634.5,24628.9,75,24634.5,150,75,1683525
NIFTY-II.NFO,06/05/2025,09:42:04,24634.5,24626.7,300,24634.3,300,0,1683525
NIFTY-II.NFO,06/05/2025,09:42:06,24634.5,24625.7,375,24633.6,375,0,1683525
NIFTY-II.NFO,06/05/2025,09:42:07,24634.5,24626.1,375,24634.2,75,0,1683525
NIFTY-II.NFO,06/05/2025,09:42:09,24634.5,24625.8,375,24633.5,375,0,1683525
NIFTY-II.NFO,06/05/2025,09:42:11,24634.5,24627.5,75,24634.2,450,0,1683525
NIFTY-II.NFO,06/05/2025,09:42:12,24627.5,24626,375,24633.6,375,75,1683525
NIFTY-II.NFO,06/05/2025,09:42:14,24626,24626,225,24633.6,450,75,1683525
NIFTY-II.NFO,06/05/2025,09:42:16,24626,24628.2,675,24634.5,150,0,1683525
NIFTY-II.NFO,06/05/2025,09:42:17,24626,24628.3,300,24634.5,150,0,1683525
NIFTY-II.NFO,06/05/2025,09:42:19,24626,24628.3,375,24634.5,150,0,1683525
NIFTY-II.NFO,06/05/2025,09:42:21,24626,24628.2,300,24634.5,150,0,1683525
NIFTY-II.NFO,06/05/2025,09:42:22,24626,24628,150,24634.4,375,0,1683525
NIFTY-II.NFO,06/05/2025,09:42:24,24626,24630.4,300,24634.5,150,0,1683525
NIFTY-II.NFO,06/05/2025,09:42:26,24626,24631.8,75,24634.5,150,0,1683525
NIFTY-II.NFO,06/05/2025,09:42:27,24626,24630.6,75,24634.5,150,0,1683525
NIFTY-II.NFO,06/05/2025,09:42:29,24626,24630.8,75,24634.5,150,0,1683525
NIFTY-II.NFO,06/05/2025,09:42:31,24626,24631.2,75,24634.5,150,0,1683525
NIFTY-II.NFO,06/05/2025,09:42:32,24626,24630.3,75,24634.5,150,0,1683525
NIFTY-II.NFO,06/05/2025,09:42:34,24626,24628.1,75,24634.4,375,0,1683525
NIFTY-II.NFO,06/05/2025,09:42:36,24626,24628,75,24634.4,375,0,1683525
NIFTY-II.NFO,06/05/2025,09:42:37,24626,24626.5,375,24634.4,525,0,1683525
NIFTY-II.NFO,06/05/2025,09:42:39,24626,24627.8,75,24634.3,300,0,1683525
NIFTY-II.NFO,06/05/2025,09:42:41,24626,24628.6,450,24634.5,150,0,1683525
NIFTY-II.NFO,06/05/2025,09:42:42,24626,24630.1,75,24634.5,150,0,1683525
NIFTY-II.NFO,06/05/2025,09:42:46,24626,24630.4,300,24634.5,150,0,1683525
NIFTY-II.NFO,06/05/2025,09:42:47,24634.6,24634.4,225,24640.6,300,375,1683750
NIFTY-II.NFO,06/05/2025,09:42:49,24634.6,24633,75,24639.7,375,0,1683750
NIFTY-II.NFO,06/05/2025,09:42:51,24634.6,24635.3,75,24641.9,300,0,1683750
NIFTY-II.NFO,06/05/2025,09:42:52,24634.6,24635.3,75,24641.3,300,0,1683750
NIFTY-II.NFO,06/05/2025,09:42:54,24634.6,24635.2,75,24641.5,375,0,1683750
NIFTY-II.NFO,06/05/2025,09:42:56,24634.6,24634.4,75,24640.9,675,0,1683750
NIFTY-II.NFO,06/05/2025,09:42:57,24634.6,24634.8,150,24641.9,375,0,1683750
NIFTY-II.NFO,06/05/2025,09:42:59,24642.9,24636.5,75,24643.4,375,75,1683750
NIFTY-II.NFO,06/05/2025,09:43:01,24642.9,24637.2,75,24643.7,225,0,1683750
NIFTY-II.NFO,06/05/2025,09:43:02,24643.7,24638.8,75,24644.3,150,75,1683750
NIFTY-II.NFO,06/05/2025,09:43:04,24643.7,24636.8,75,24642.4,450,0,1683750
NIFTY-II.NFO,06/05/2025,09:43:06,24643.7,24637.3,150,24644,225,0,1683750
NIFTY-II.NFO,06/05/2025,09:43:07,24643.7,24638,75,24643.9,150,0,1683750
NIFTY-II.NFO,06/05/2025,09:43:09,24643.7,24638,75,24643.9,225,0,1683750
NIFTY-II.NFO,06/05/2025,09:43:11,24642.3,24638,75,24642.3,150,75,1683750
NIFTY-II.NFO,06/05/2025,09:43:12,24638,24635.3,75,24640.8,225,75,1683750
NIFTY-II.NFO,06/05/2025,09:43:14,24638,24633.9,75,24639.7,150,0,1683750
NIFTY-II.NFO,06/05/2025,09:43:15,24638,24633.1,75,24638.3,150,0,1683750
NIFTY-II.NFO,06/05/2025,09:43:19,24638,24636.7,75,24644.1,225,0,1683750
NIFTY-II.NFO,06/05/2025,09:43:20,24638,24635.5,75,24642.2,300,0,1683750
NIFTY-II.NFO,06/05/2025,09:43:22,24638,24635.8,375,24643,225,0,1683750
NIFTY-II.NFO,06/05/2025,09:43:24,24638,24636.7,300,24643.6,300,0,1683750
NIFTY-II.NFO,06/05/2025,09:43:25,24638,24637.5,300,24644,150,0,1683750
NIFTY-II.NFO,06/05/2025,09:43:27,24638,24638.1,75,24644.4,150,0,1683750
NIFTY-II.NFO,06/05/2025,09:43:29,24638,24637.4,375,24644.4,225,0,1683750
NIFTY-II.NFO,06/05/2025,09:43:30,24638,24638.8,450,24644.9,75,0,1683750
NIFTY-II.NFO,06/05/2025,09:43:32,24638,24637.4,375,24644.9,150,0,1683750
NIFTY-II.NFO,06/05/2025,09:43:34,24638,24638.2,375,24644.9,75,0,1683750
NIFTY-II.NFO,06/05/2025,09:43:35,24638,24638.2,300,24644.9,75,0,1683750
NIFTY-II.NFO,06/05/2025,09:43:37,24638,24637.8,375,24644.9,150,0,1683750
NIFTY-II.NFO,06/05/2025,09:43:39,24638,24636.3,300,24643.7,450,0,1683750
NIFTY-II.NFO,06/05/2025,09:43:40,24638,24633.9,375,24641.6,375,0,1683750
NIFTY-II.NFO,06/05/2025,09:43:42,24638,24634.4,375,24638,75,0,1683750
NIFTY-II.NFO,06/05/2025,09:43:44,24638,24636.5,300,24638,75,0,1683750
NIFTY-II.NFO,06/05/2025,09:43:45,24638,24638.9,300,24644.9,75,75,1683750
NIFTY-II.NFO,06/05/2025,09:43:47,24638,24639.9,375,24644.9,75,0,1683750
NIFTY-II.NFO,06/05/2025,09:43:49,24638,24641.9,75,24644.9,75,0,1683750
NIFTY-II.NFO,06/05/2025,09:43:50,24638,24641.2,75,24644.9,75,0,1683750
NIFTY-II.NFO,06/05/2025,09:43:52,24638,24641.6,75,24644.9,75,0,1683750
NIFTY-II.NFO,06/05/2025,09:43:54,24638,24641.9,75,24644.9,75,0,1683750
NIFTY-II.NFO,06/05/2025,09:43:55,24638,24643,75,24644.9,75,0,1683750
NIFTY-II.NFO,06/05/2025,09:43:59,24638,24643.9,150,24648,75,0,1683750
NIFTY-II.NFO,06/05/2025,09:44:00,24638,24643.1,300,24648,75,0,1683750
NIFTY-II.NFO,06/05/2025,09:44:02,24638,24644.5,75,24648,75,0,1683750
NIFTY-II.NFO,06/05/2025,09:44:04,24638,24645.1,75,24648,75,0,1683750
NIFTY-II.NFO,06/05/2025,09:44:05,24638,24643.5,375,24648,75,0,1683750
NIFTY-II.NFO,06/05/2025,09:44:07,24638,24643.5,75,24648,75,0,1683750
NIFTY-II.NFO,06/05/2025,09:44:09,24638,24643,75,24647.8,225,0,1683750
NIFTY-II.NFO,06/05/2025,09:44:10,24638,24643,75,24648,75,0,1683750
NIFTY-II.NFO,06/05/2025,09:44:12,24638,24643,75,24647.7,150,0,1683750
NIFTY-II.NFO,06/05/2025,09:44:14,24638,24643,75,24647.7,300,0,1683750
NIFTY-II.NFO,06/05/2025,09:44:15,24638,24643,75,24647,450,0,1683750
NIFTY-II.NFO,06/05/2025,09:44:17,24638,24643,75,24647.1,150,0,1683750
NIFTY-II.NFO,06/05/2025,09:44:19,24638,24643,75,24647.9,150,0,1683750
NIFTY-II.NFO,06/05/2025,09:44:20,24638,24643,75,24647.3,150,0,1683750
NIFTY-II.NFO,06/05/2025,09:44:22,24643,24640.8,75,24647.6,450,75,1683750
NIFTY-II.NFO,06/05/2025,09:44:23,24643,24640.6,75,24646.8,300,0,1683750
NIFTY-II.NFO,06/05/2025,09:44:25,24643,24640.7,75,24647.1,300,0,1683750
NIFTY-II.NFO,06/05/2025,09:44:27,24641.3,24640.3,75,24647.2,300,75,1683750
NIFTY-II.NFO,06/05/2025,09:44:28,24641.3,24640.2,75,24646.7,225,0,1683750
NIFTY-II.NFO,06/05/2025,09:44:30,24641.3,24640,150,24646,525,0,1683750
NIFTY-II.NFO,06/05/2025,09:44:32,24640,24633.5,375,24641.1,525,150,1683750
NIFTY-II.NFO,06/05/2025,09:44:33,24640,24633.4,150,24639.9,225,0,1683750
NIFTY-II.NFO,06/05/2025,09:44:35,24640,24633.2,375,24639.9,150,0,1683750
NIFTY-II.NFO,06/05/2025,09:44:37,24640,24633.1,75,24639.9,225,0,1683750
NIFTY-II.NFO,06/05/2025,09:44:38,24640,24630.9,300,24639,375,0,1683750
NIFTY-II.NFO,06/05/2025,09:44:40,24640,24629.6,1050,24637.7,525,0,1683750
NIFTY-II.NFO,06/05/2025,09:44:42,24640,24630.3,300,24638.5,375,0,1683750
NIFTY-II.NFO,06/05/2025,09:44:44,24640,24629.7,375,24638,375,0,1683750
NIFTY-II.NFO,06/05/2025,09:44:45,24640,24629.9,375,24638,450,0,1683750
NIFTY-II.NFO,06/05/2025,09:44:49,24640,24629.7,525,24635,75,0,1683750
NIFTY-II.NFO,06/05/2025,09:44:50,24640,24630.5,450,24635,75,0,1683750
NIFTY-II.NFO,06/05/2025,09:44:52,24640,24630.8,300,24635,75,0,1683750
NIFTY-II.NFO,06/05/2025,09:44:53,24635,24630.7,525,24639.3,150,75,1683750
NIFTY-II.NFO,06/05/2025,09:44:55,24635,24631.7,525,24639.8,150,0,1683750
NIFTY-II.NFO,06/05/2025,09:44:57,24635,24631.5,375,24639.8,150,0,1683750
NIFTY-II.NFO,06/05/2025,09:44:58,24635,24633.6,450,24640,75,0,1683750
NIFTY-II.NFO,06/05/2025,09:45:00,24635,24635.7,300,24640,75,0,1683750
NIFTY-II.NFO,06/05/2025,09:45:02,24635,24636.4,75,24640,75,0,1683750
NIFTY-II.NFO,06/05/2025,09:45:03,24635,24634.7,300,24640,75,0,1683750
NIFTY-II.NFO,06/05/2025,09:45:05,24635,24633.6,375,24639.9,150,0,1683750
NIFTY-II.NFO,06/05/2025,09:45:07,24635,24633.6,300,24639.9,150,0,1683750
NIFTY-II.NFO,06/05/2025,09:45:08,24635,24631.6,375,24639.4,150,0,1683750
NIFTY-II.NFO,06/05/2025,09:45:10,24635,24634,300,24640,75,0,1683750
NIFTY-II.NFO,06/05/2025,09:45:12,24635,24634.6,75,24640,75,0,1683750
NIFTY-II.NFO,06/05/2025,09:45:13,24635,24635,300,24640,75,0,1683750
NIFTY-II.NFO,06/05/2025,09:45:15,24635,24635.7,300,24640,75,0,1683750
NIFTY-II.NFO,06/05/2025,09:45:17,24635,24636.4,300,24640,75,0,1683750
NIFTY-II.NFO,06/05/2025,09:45:18,24635,24636.3,300,24640,75,0,1683750
NIFTY-II.NFO,06/05/2025,09:45:20,24635,24636.8,300,24640,75,0,1683750
NIFTY-II.NFO,06/05/2025,09:45:22,24635,24635.9,300,24640,75,0,1683750
NIFTY-II.NFO,06/05/2025,09:45:23,24635,24633.5,375,24640,75,0,1683750
NIFTY-II.NFO,06/05/2025,09:45:25,24635,24633.4,75,24639.7,300,0,1683750
NIFTY-II.NFO,06/05/2025,09:45:27,24635,24632,75,24639.1,375,0,1683750
NIFTY-II.NFO,06/05/2025,09:45:28,24635,24631.7,375,24639.1,375,0,1683750
NIFTY-II.NFO,06/05/2025,09:45:30,24635,24632.1,75,24638.9,675,0,1683750
NIFTY-II.NFO,06/05/2025,09:45:32,24635,24631.8,375,24639.2,300,0,1683750
NIFTY-II.NFO,06/05/2025,09:45:33,24635.6,24631,75,24636.8,225,75,1684050
NIFTY-II.NFO,06/05/2025,09:45:35,24632,24628.3,450,24636.5,450,75,1684050
NIFTY-II.NFO,06/05/2025,09:45:37,24632,24628.6,75,24635.9,225,0,1684050
NIFTY-II.NFO,06/05/2025,09:45:38,24632,24628.4,225,24635.8,225,0,1684050
NIFTY-II.NFO,06/05/2025,09:45:40,24635.6,24628.4,150,24635.3,225,375,1684050
NIFTY-II.NFO,06/05/2025,09:45:42,24635.6,24628.4,150,24635.1,300,0,1684050
NIFTY-II.NFO,06/05/2025,09:45:43,24628.4,24627.7,75,24634,225,150,1684050
NIFTY-II.NFO,06/05/2025,09:45:45,24628.4,24626.2,75,24632.3,300,0,1684050
NIFTY-II.NFO,06/05/2025,09:45:47,24628.4,24625.1,375,24632.4,450,0,1684050
NIFTY-II.NFO,06/05/2025,09:45:48,24628.4,24625.7,375,24633.1,375,0,1684050
NIFTY-II.NFO,06/05/2025,09:45:50,24628.4,24628.1,525,24636.5,300,0,1684050
NIFTY-II.NFO,06/05/2025,09:45:52,24628.1,24628.1,375,24636.5,300,150,1684050
NIFTY-II.NFO,06/05/2025,09:45:53,24628.1,24629.7,375,24637.5,225,0,1684050
NIFTY-II.NFO,06/05/2025,09:45:55,24629.7,24629.9,150,24637.6,300,150,1684050
NIFTY-II.NFO,06/05/2025,09:45:57,24630,24630,300,24638.2,375,75,1684050
NIFTY-II.NFO,06/05/2025,09:45:58,24630,24631.2,1275,24639.7,375,0,1684050
NIFTY-II.NFO,06/05/2025,09:46:00,24630,24632.8,300,24639.6,225,0,1684050
NIFTY-II.NFO,06/05/2025,09:46:02,24630,24632.8,300,24639.8,300,0,1684050
NIFTY-II.NFO,06/05/2025,09:46:03,24630,24632.7,375,24639.7,150,0,1684050
NIFTY-II.NFO,06/05/2025,09:46:05,24630,24633,300,24639.7,225,0,1684050
NIFTY-II.NFO,06/05/2025,09:46:07,24630,24630.7,1125,24638.4,450,0,1684050
NIFTY-II.NFO,06/05/2025,09:46:08,24630,24630.8,300,24638.6,525,0,1684050
NIFTY-II.NFO,06/05/2025,09:46:10,24630,24631.6,300,24639.5,300,0,1684050
NIFTY-II.NFO,06/05/2025,09:46:12,24630,24631.7,300,24639.2,300,0,1684050
NIFTY-II.NFO,06/05/2025,09:46:13,24630,24629.2,300,24636.5,450,0,1684050
NIFTY-II.NFO,06/05/2025,09:46:15,24630,24629.2,375,24636.6,525,0,1684050
NIFTY-II.NFO,06/05/2025,09:46:17,24630,24629.2,300,24636.2,525,0,1684050
NIFTY-II.NFO,06/05/2025,09:46:18,24630,24627.1,375,24635,525,0,1684050
NIFTY-II.NFO,06/05/2025,09:46:20,24630,24628,1125,24636.2,225,0,1684050
NIFTY-II.NFO,06/05/2025,09:46:22,24630,24628.4,375,24636.3,225,0,1684050
NIFTY-II.NFO,06/05/2025,09:46:23,24630,24629,525,24637.6,225,0,1684050
NIFTY-II.NFO,06/05/2025,09:46:25,24630,24630,75,24636.1,525,75,1684050
NIFTY-II.NFO,06/05/2025,09:46:27,24630,24630,75,24634.5,375,0,1684050
NIFTY-II.NFO,06/05/2025,09:46:28,24630,24630,150,24634.5,150,0,1684050
NIFTY-II.NFO,06/05/2025,09:46:30,24630,24630,150,24635,300,0,1684050
NIFTY-II.NFO,06/05/2025,09:46:32,24630,24630,150,24633.6,225,0,1684050
NIFTY-II.NFO,06/05/2025,09:46:33,24630,24630,150,24633.1,300,0,1684050
NIFTY-II.NFO,06/05/2025,09:46:35,24630,24630,150,24632.5,150,0,1684050
NIFTY-II.NFO,06/05/2025,09:46:37,24630,24630,150,24632.9,300,0,1684050
NIFTY-II.NFO,06/05/2025,09:46:38,24630,24630,150,24632.6,600,0,1684050
NIFTY-II.NFO,06/05/2025,09:46:40,24630,24630,150,24633,75,0,1684050
NIFTY-II.NFO,06/05/2025,09:46:42,24630,24630,150,24632.9,150,0,1684050
NIFTY-II.NFO,06/05/2025,09:46:43,24630,24630,150,24633,75,0,1684050
NIFTY-II.NFO,06/05/2025,09:46:45,24630,24630,150,24632.9,150,0,1684050
NIFTY-II.NFO,06/05/2025,09:46:47,24630,24625.1,375,24630,75,150,1684050
NIFTY-II.NFO,06/05/2025,09:46:48,24630,24625.1,375,24630,75,0,1684050
NIFTY-II.NFO,06/05/2025,09:46:50,24630,24625.2,375,24632,75,75,1684050
NIFTY-II.NFO,06/05/2025,09:46:52,24630,24625.7,300,24632,75,0,1684050
NIFTY-II.NFO,06/05/2025,09:46:53,24625.5,24625.5,225,24630,75,75,1684050
NIFTY-II.NFO,06/05/2025,09:46:55,24630,24630,150,24632,75,75,1684050
NIFTY-II.NFO,06/05/2025,09:46:57,24631.9,24630,150,24631.9,75,75,1684050
NIFTY-II.NFO,06/05/2025,09:46:58,24630,24625.1,75,24631.2,150,150,1684050
NIFTY-II.NFO,06/05/2025,09:47:00,24630,24625.1,75,24631.3,75,0,1684050
NIFTY-II.NFO,06/05/2025,09:47:02,24630,24625.1,75,24631.4,525,0,1684050
NIFTY-II.NFO,06/05/2025,09:47:03,24630,24625.2,375,24631.9,150,0,1684050
NIFTY-II.NFO,06/05/2025,09:47:05,24630,24625.2,375,24632,225,0,1684050
NIFTY-II.NFO,06/05/2025,09:47:07,24630,24625.3,375,24632,75,0,1684050
NIFTY-II.NFO,06/05/2025,09:47:08,24630,24626.4,300,24630,75,0,1684050
NIFTY-II.NFO,06/05/2025,09:47:10,24630,24626.4,375,24630,75,0,1684050
NIFTY-II.NFO,06/05/2025,09:47:12,24630,24625.5,300,24630,75,0,1684050
NIFTY-II.NFO,06/05/2025,09:47:13,24630,24626.3,300,24630,75,0,1684050
NIFTY-II.NFO,06/05/2025,09:47:15,24630,24625.7,450,24630,75,0,1684050
NIFTY-II.NFO,06/05/2025,09:47:17,24630,24625.2,375,24630,75,0,1684050
NIFTY-II.NFO,06/05/2025,09:47:18,24630,24627.6,300,24630,75,0,1684050
NIFTY-II.NFO,06/05/2025,09:47:20,24630,24627.5,300,24630,75,0,1684050
NIFTY-II.NFO,06/05/2025,09:47:22,24630,24628.3,300,24630,75,0,1684050
NIFTY-II.NFO,06/05/2025,09:47:23,24629.8,24629.8,75,24630,150,75,1684050
NIFTY-II.NFO,06/05/2025,09:47:25,24630,24631.1,300,24635,150,150,1684050
NIFTY-II.NFO,06/05/2025,09:47:27,24630,24631.7,75,24635,75,0,1684050
NIFTY-II.NFO,06/05/2025,09:47:28,24635,24630.7,75,24638.3,375,75,1684050
NIFTY-II.NFO,06/05/2025,09:47:30,24635,24631,75,24638.1,375,0,1684050
NIFTY-II.NFO,06/05/2025,09:47:32,24635,24632.6,75,24639.1,375,0,1684050
NIFTY-II.NFO,06/05/2025,09:47:33,24635,24632.3,75,24638,150,0,1684050
NIFTY-II.NFO,06/05/2025,09:47:35,24635,24632.9,75,24639.1,300,0,1684050
NIFTY-II.NFO,06/05/2025,09:47:37,24635,24633.6,75,24639.7,450,0,1684050
NIFTY-II.NFO,06/05/2025,09:47:38,24635,24633.2,75,24639.2,150,0,1684050
NIFTY-II.NFO,06/05/2025,09:47:40,24635,24634,75,24640,75,0,1684050
NIFTY-II.NFO,06/05/2025,09:47:42,24635,24635.2,375,24640,75,0,1684050
NIFTY-II.NFO,06/05/2025,09:47:43,24635,24636.2,75,24640,75,0,1684050
NIFTY-II.NFO,06/05/2025,09:47:45,24635,24636.7,75,24640,75,0,1684050
NIFTY-II.NFO,06/05/2025,09:47:47,24635,24637.4,75,24640,75,0,1684050
NIFTY-II.NFO,06/05/2025,09:47:48,24635,24638.4,75,24640,75,0,1684050
NIFTY-II.NFO,06/05/2025,09:47:50,24635,24637.1,75,24640,75,0,1684050
NIFTY-II.NFO,06/05/2025,09:47:52,24635,24636.2,75,24640,75,0,1684050
NIFTY-II.NFO,06/05/2025,09:47:53,24635,24635.7,75,24640,75,0,1684050
NIFTY-II.NFO,06/05/2025,09:47:55,24635,24636.3,75,24640,75,0,1684050
NIFTY-II.NFO,06/05/2025,09:47:57,24635,24636.2,150,24640,75,0,1684050
NIFTY-II.NFO,06/05/2025,09:47:58,24635,24635.3,75,24640,75,0,1684050
NIFTY-II.NFO,06/05/2025,09:48:00,24635,24636.7,75,24640,75,0,1684050
NIFTY-II.NFO,06/05/2025,09:48:02,24635,24636.8,75,24640,75,0,1684050
NIFTY-II.NFO,06/05/2025,09:48:03,24635,24637.2,75,24640,75,0,1684050
NIFTY-II.NFO,06/05/2025,09:48:05,24635,24637.5,75,24640,75,0,1684050
NIFTY-II.NFO,06/05/2025,09:48:07,24635,24638,75,24640,75,0,1684050
NIFTY-II.NFO,06/05/2025,09:48:08,24640,24638,150,24642.1,75,75,1684050
NIFTY-II.NFO,06/05/2025,09:48:10,24640,24638.4,75,24642.1,75,0,1684050
NIFTY-II.NFO,06/05/2025,09:48:12,24640,24639.4,75,24642.1,75,0,1684050
NIFTY-II.NFO,06/05/2025,09:48:13,24640,24637,75,24640,75,0,1684050
NIFTY-II.NFO,06/05/2025,09:48:17,24640,24636.6,75,24640,75,0,1684050
NIFTY-II.NFO,06/05/2025,09:48:20,24640,24635.6,300,24640,75,0,1684050
NIFTY-II.NFO,06/05/2025,09:48:22,24640,24635.4,300,24640,75,0,1684050
NIFTY-II.NFO,06/05/2025,09:48:23,24640,24636.5,75,24640,75,0,1684050
NIFTY-II.NFO,06/05/2025,09:48:25,24640,24636.9,75,24640,75,0,1684050
NIFTY-II.NFO,06/05/2025,09:48:27,24640,24640.1,75,24642.1,75,75,1684050
NIFTY-II.NFO,06/05/2025,09:48:28,24640,24638.2,75,24642.1,225,0,1684050
NIFTY-II.NFO,06/05/2025,09:48:30,24640,24638.2,75,24642,150,0,1684050
NIFTY-II.NFO,06/05/2025,09:48:32,24640,24638.2,75,24641.9,300,0,1684050
NIFTY-II.NFO,06/05/2025,09:48:33,24640,24638.2,75,24642,300,0,1684050
NIFTY-II.NFO,06/05/2025,09:48:35,24640,24640,150,24642.1,75,0,1684050
NIFTY-II.NFO,06/05/2025,09:48:43,24642.1,24640,150,24646.4,300,75,1684650
NIFTY-II.NFO,06/05/2025,09:48:45,24642.1,24640.7,150,24647,300,0,1684650
NIFTY-II.NFO,06/05/2025,09:48:46,24642.1,24640.8,375,24647.3,75,0,1684650
NIFTY-II.NFO,06/05/2025,09:48:48,24642.1,24640.7,75,24646.1,150,0,1684650
NIFTY-II.NFO,06/05/2025,09:48:50,24642.1,24640.7,75,24646.8,300,0,1684650
NIFTY-II.NFO,06/05/2025,09:48:51,24642.1,24640.7,75,24645.1,300,0,1684650
NIFTY-II.NFO,06/05/2025,09:48:53,24642.1,24640.7,75,24645,300,0,1684650
NIFTY-II.NFO,06/05/2025,09:48:55,24644.9,24640.7,75,24644.9,450,75,1684650
NIFTY-II.NFO,06/05/2025,09:48:56,24644.9,24640.7,75,24644.6,600,0,1684650
NIFTY-II.NFO,06/05/2025,09:48:58,24640.7,24638,75,24643.9,375,75,1684650
NIFTY-II.NFO,06/05/2025,09:49:00,24640.7,24638,75,24643.8,225,0,1684650
NIFTY-II.NFO,06/05/2025,09:49:01,24642.6,24635,75,24641.4,600,150,1684650
NIFTY-II.NFO,06/05/2025,09:49:03,24642.6,24633,75,24638.8,450,0,1684650
NIFTY-II.NFO,06/05/2025,09:49:05,24642.6,24632.1,375,24639,300,0,1684650
NIFTY-II.NFO,06/05/2025,09:49:06,24642.6,24632.6,300,24639.1,450,0,1684650
NIFTY-II.NFO,06/05/2025,09:49:08,24642.6,24632,150,24639.1,675,0,1684650
NIFTY-II.NFO,06/05/2025,09:49:10,24642.6,24631.5,300,24638.3,600,0,1684650
NIFTY-II.NFO,06/05/2025,09:49:11,24642.6,24632.1,375,24638.3,150,0,1684650
NIFTY-II.NFO,06/05/2025,09:49:13,24642.6,24631.4,675,24638,300,0,1684650
NIFTY-II.NFO,06/05/2025,09:49:14,24642.6,24631.3,150,24637.9,450,0,1684650
NIFTY-II.NFO,06/05/2025,09:49:16,24642.6,24631.3,150,24637.7,300,0,1684650
NIFTY-II.NFO,06/05/2025,09:49:18,24631.4,24631.3,150,24638,375,450,1684650
NIFTY-II.NFO,06/05/2025,09:49:19,24631.4,24630,75,24635.9,675,0,1684650
NIFTY-II.NFO,06/05/2025,09:49:21,24631.4,24629,75,24634.1,525,0,1684650
NIFTY-II.NFO,06/05/2025,09:49:23,24631.4,24629,75,24634.4,450,0,1684650
NIFTY-II.NFO,06/05/2025,09:49:26,24631.4,24628,300,24634.9,375,0,1684650
NIFTY-II.NFO,06/05/2025,09:49:28,24631.4,24627.3,300,24633.8,375,0,1684650
NIFTY-II.NFO,06/05/2025,09:49:29,24626.6,24626.8,75,24633.7,375,75,1684650
NIFTY-II.NFO,06/05/2025,09:49:31,24626.6,24628.9,75,24634.1,75,0,1684650
NIFTY-II.NFO,06/05/2025,09:49:33,24626.6,24630.2,150,24637.2,375,0,1684650
NIFTY-II.NFO,06/05/2025,09:49:34,24626.6,24629.7,225,24636.6,300,0,1684650
NIFTY-II.NFO,06/05/2025,09:49:36,24626.6,24629.7,75,24632,75,0,1684650
NIFTY-II.NFO,06/05/2025,09:49:38,24629.1,24629.1,225,24632,75,375,1684650
NIFTY-II.NFO,06/05/2025,09:49:39,24629.1,24629.5,225,24632,75,0,1684650
NIFTY-II.NFO,06/05/2025,09:49:41,24629.1,24629.4,75,24632,75,0,1684650
NIFTY-II.NFO,06/05/2025,09:49:43,24629.1,24629.3,225,24632,75,0,1684650
NIFTY-II.NFO,06/05/2025,09:49:44,24632,24632.1,75,24637.6,375,75,1684650
NIFTY-II.NFO,06/05/2025,09:49:46,24632,24631.1,75,24636.5,675,0,1684650
NIFTY-II.NFO,06/05/2025,09:49:48,24632,24631.1,75,24635.8,300,0,1684650
NIFTY-II.NFO,06/05/2025,09:49:49,24632,24631.1,75,24636.7,300,0,1684650
NIFTY-II.NFO,06/05/2025,09:49:51,24632,24631.1,75,24635.8,300,0,1684650
NIFTY-II.NFO,06/05/2025,09:49:53,24632,24631.1,75,24634.1,300,0,1684650
NIFTY-II.NFO,06/05/2025,09:49:54,24632,24631.1,75,24634.9,300,0,1684650
NIFTY-II.NFO,06/05/2025,09:49:56,24632,24631.1,75,24632,75,0,1684650
NIFTY-II.NFO,06/05/2025,09:49:59,24631.1,24627,75,24632,75,75,1684650
NIFTY-II.NFO,06/05/2025,09:50:01,24631.1,24628.6,225,24632,75,0,1684650
NIFTY-II.NFO,06/05/2025,09:50:03,24631.1,24627.8,75,24632,75,0,1684650
NIFTY-II.NFO,06/05/2025,09:50:04,24631.1,24627,75,24632,75,0,1684650
NIFTY-II.NFO,06/05/2025,09:50:06,24631.1,24627,75,24631.9,300,0,1684650
NIFTY-II.NFO,06/05/2025,09:50:08,24631.1,24627,75,24632,75,0,1684650
NIFTY-II.NFO,06/05/2025,09:50:11,24631.1,24627.4,75,24632,75,0,1684650
NIFTY-II.NFO,06/05/2025,09:50:12,24627.4,24627,75,24633.1,450,75,1684650
NIFTY-II.NFO,06/05/2025,09:50:14,24632.9,24627,75,24632.9,450,75,1684650
NIFTY-II.NFO,06/05/2025,09:50:16,24632.9,24627.1,225,24633.6,300,0,1684650
NIFTY-II.NFO,06/05/2025,09:50:17,24634.8,24627.4,300,24634.8,525,75,1684650
NIFTY-II.NFO,06/05/2025,09:50:19,24634.8,24627.1,150,24634.3,525,0,1684650
NIFTY-II.NFO,06/05/2025,09:50:21,24634.8,24625.1,75,24630.4,600,0,1684650
NIFTY-II.NFO,06/05/2025,09:50:22,24625.1,24623.5,75,24628.6,675,75,1684650
NIFTY-II.NFO,06/05/2025,09:50:24,24625.1,24623.5,75,24629.1,525,0,1684650
NIFTY-II.NFO,06/05/2025,09:50:26,24625.1,24625.1,75,24629.4,300,0,1684650
NIFTY-II.NFO,06/05/2025,09:50:27,24625.1,24625.1,75,24629,450,0,1684650
NIFTY-II.NFO,06/05/2025,09:50:29,24625.1,24625.1,75,24630,450,0,1684650
NIFTY-II.NFO,06/05/2025,09:50:31,24625.1,24625.1,75,24629.9,375,0,1684650
NIFTY-II.NFO,06/05/2025,09:50:32,24625.1,24625.1,75,24630,75,0,1684650
NIFTY-II.NFO,06/05/2025,09:50:34,24625.1,24625.1,75,24628.9,675,0,1684650
NIFTY-II.NFO,06/05/2025,09:50:36,24625.1,24625.1,75,24628,600,0,1684650
NIFTY-II.NFO,06/05/2025,09:50:37,24625.1,24625.1,75,24628.5,375,0,1684650
NIFTY-II.NFO,06/05/2025,09:50:39,24625.1,24625.1,75,24628,75,0,1684650
NIFTY-II.NFO,06/05/2025,09:50:42,24625.1,24625.1,300,24628,75,0,1684650
NIFTY-II.NFO,06/05/2025,09:50:46,24625.1,24625.6,75,24628,150,0,1684650
NIFTY-II.NFO,06/05/2025,09:50:47,24625.1,24625.9,75,24628,150,0,1684650
NIFTY-II.NFO,06/05/2025,09:50:49,24625.1,24625.1,300,24628,150,0,1684650
NIFTY-II.NFO,06/05/2025,09:50:51,24625.1,24625.2,225,24628,150,0,1684650
NIFTY-II.NFO,06/05/2025,09:50:52,24625.1,24626,75,24628,150,0,1684650
NIFTY-II.NFO,06/05/2025,09:50:54,24628,24626,75,24628,75,75,1684650
NIFTY-II.NFO,06/05/2025,09:50:56,24628,24626,75,24628,75,0,1684650
NIFTY-II.NFO,06/05/2025,09:51:06,24628,24626,75,24629.7,75,0,1684650
NIFTY-II.NFO,06/05/2025,09:51:12,24629.7,24628,75,24630,375,75,1684650
NIFTY-II.NFO,06/05/2025,09:51:14,24629.7,24628,75,24630,375,0,1684650
NIFTY-II.NFO,06/05/2025,09:51:17,24629.7,24628,75,24629.7,75,0,1684650
NIFTY-II.NFO,06/05/2025,09:51:23,24629.7,24626,75,24630,375,75,1684650
NIFTY-II.NFO,06/05/2025,09:51:24,24629.7,24626,75,24630,375,0,1684650
NIFTY-II.NFO,06/05/2025,09:51:26,24629.7,24626,75,24629.7,75,0,1684650
NIFTY-II.NFO,06/05/2025,09:51:34,24626,24625.9,150,24629.7,75,75,1685400
NIFTY-II.NFO,06/05/2025,09:51:36,24626,24625.1,75,24628.6,450,0,1685400
NIFTY-II.NFO,06/05/2025,09:51:38,24625.1,24623.5,75,24627.2,450,75,1685400
NIFTY-II.NFO,06/05/2025,09:51:39,24627.2,24623.5,75,24627.2,375,75,1685400
NIFTY-II.NFO,06/05/2025,09:51:41,24627.2,24623.5,75,24627.2,375,0,1685400
NIFTY-II.NFO,06/05/2025,09:51:43,24627.2,24623.5,75,24627.1,300,0,1685400
NIFTY-II.NFO,06/05/2025,09:51:44,24627.2,24623.5,75,24627.9,300,0,1685400
NIFTY-II.NFO,06/05/2025,09:51:46,24623.5,24622,75,24627.4,375,75,1685400
NIFTY-II.NFO,06/05/2025,09:51:48,24623.5,24622,75,24627.7,300,0,1685400
NIFTY-II.NFO,06/05/2025,09:51:49,24623.5,24622,75,24627.5,375,0,1685400
NIFTY-II.NFO,06/05/2025,09:51:51,24623.5,24622,75,24627.1,375,0,1685400
NIFTY-II.NFO,06/05/2025,09:51:53,24623.5,24622,75,24628.3,375,0,1685400
NIFTY-II.NFO,06/05/2025,09:51:54,24623.5,24622.3,75,24628.9,375,0,1685400
NIFTY-II.NFO,06/05/2025,09:51:56,24623.5,24622.3,75,24628.4,300,0,1685400
NIFTY-II.NFO,06/05/2025,09:51:57,24623.5,24622.3,150,24629,375,0,1685400
NIFTY-II.NFO,06/05/2025,09:51:59,24622.3,24623.5,225,24629.9,300,75,1685400
NIFTY-II.NFO,06/05/2025,09:52:01,24623.5,24623.5,75,24629.9,525,150,1685400
NIFTY-II.NFO,06/05/2025,09:52:02,24623.5,24623.5,75,24628.9,675,0,1685400
NIFTY-II.NFO,06/05/2025,09:52:04,24623.5,24623.5,75,24628.5,525,0,1685400
NIFTY-II.NFO,06/05/2025,09:52:06,24623.5,24623.5,75,24627.7,525,0,1685400
NIFTY-II.NFO,06/05/2025,09:52:07,24623.5,24622.7,150,24626.1,450,75,1685400
NIFTY-II.NFO,06/05/2025,09:52:09,24622,24621,75,24625.6,450,150,1685400
NIFTY-II.NFO,06/05/2025,09:52:11,24620,24617,75,24622.9,525,825,1685400
NIFTY-II.NFO,06/05/2025,09:52:12,24620,24617,75,24622.8,300,0,1685400
NIFTY-II.NFO,06/05/2025,09:52:14,24620,24617,75,24622.9,375,0,1685400
NIFTY-II.NFO,06/05/2025,09:52:16,24620,24617,75,24621.8,300,0,1685400
NIFTY-II.NFO,06/05/2025,09:52:17,24620,24617,75,24621.8,375,0,1685400
NIFTY-II.NFO,06/05/2025,09:52:19,24621.9,24617,75,24621.6,300,75,1685400
NIFTY-II.NFO,06/05/2025,09:52:21,24621.9,24617,75,24621.6,675,0,1685400
NIFTY-II.NFO,06/05/2025,09:52:22,24621.9,24617,75,24622.9,300,0,1685400
NIFTY-II.NFO,06/05/2025,09:52:24,24621.9,24617,75,24623.4,525,0,1685400
NIFTY-II.NFO,06/05/2025,09:52:26,24621.9,24617,75,24622.6,525,0,1685400
NIFTY-II.NFO,06/05/2025,09:52:27,24622.6,24617,75,24622,75,75,1685400
NIFTY-II.NFO,06/05/2025,09:52:29,24622.6,24617,75,24622,75,0,1685400
NIFTY-II.NFO,06/05/2025,09:52:31,24617,24615,450,24617,75,75,1685400
NIFTY-II.NFO,06/05/2025,09:52:32,24617,24615,450,24618.5,150,0,1685400
NIFTY-II.NFO,06/05/2025,09:52:34,24617,24615,450,24617.9,225,0,1685400
NIFTY-II.NFO,06/05/2025,09:52:36,24617,24615,450,24617.1,75,0,1685400
NIFTY-II.NFO,06/05/2025,09:52:37,24615,24615,375,24618.1,75,75,1685400
NIFTY-II.NFO,06/05/2025,09:52:39,24615,24615,450,24618.6,225,0,1685400
NIFTY-II.NFO,06/05/2025,09:52:41,24619.4,24615,450,24620.3,75,75,1685400
NIFTY-II.NFO,06/05/2025,09:52:42,24620.3,24615,450,24621.4,525,75,1685400
NIFTY-II.NFO,06/05/2025,09:52:44,24620.3,24615,450,24617,75,0,1685400
NIFTY-II.NFO,06/05/2025,09:52:54,24620.3,24615.1,300,24619,75,0,1685400
NIFTY-II.NFO,06/05/2025,09:52:59,24620.3,24615,375,24619,75,0,1685400
NIFTY-II.NFO,06/05/2025,09:53:01,24619,24615,300,24620,300,150,1685400
NIFTY-II.NFO,06/05/2025,09:53:02,24619,24615,375,24619.9,225,0,1685400
NIFTY-II.NFO,06/05/2025,09:53:04,24619,24615,375,24619.9,300,0,1685400
NIFTY-II.NFO,06/05/2025,09:53:06,24619,24615,375,24619.8,225,0,1685400
NIFTY-II.NFO,06/05/2025,09:53:07,24619,24615,375,24619.1,375,0,1685400
NIFTY-II.NFO,06/05/2025,09:53:09,24615,24614.4,150,24617.7,375,375,1685400
NIFTY-II.NFO,06/05/2025,09:53:11,24614.4,24611,75,24616.4,300,75,1685400
NIFTY-II.NFO,06/05/2025,09:53:12,24615,24611,75,24616.8,525,75,1685400
NIFTY-II.NFO,06/05/2025,09:53:14,24611,24610.1,225,24616.7,225,75,1685400
NIFTY-II.NFO,06/05/2025,09:53:16,24611,24610.1,225,24615,300,0,1685400
NIFTY-II.NFO,06/05/2025,09:53:17,24611,24610.1,300,24615,300,0,1685400
NIFTY-II.NFO,06/05/2025,09:53:19,24611,24611,75,24615,300,0,1685400
NIFTY-II.NFO,06/05/2025,09:53:21,24611,24610,900,24611,225,75,1685400
NIFTY-II.NFO,06/05/2025,09:53:22,24609,24609,150,24611,150,1050,1685400
NIFTY-II.NFO,06/05/2025,09:53:24,24609,24605.4,225,24611,150,150,1685400
NIFTY-II.NFO,06/05/2025,09:53:26,24610,24605,900,24610.9,375,150,1685400
NIFTY-II.NFO,06/05/2025,09:53:27,24610,24605,900,24609.9,300,0,1685400
NIFTY-II.NFO,06/05/2025,09:53:29,24605,24605,750,24609.4,375,150,1685400
NIFTY-II.NFO,06/05/2025,09:53:31,24605,24605,750,24608.7,375,0,1685400
NIFTY-II.NFO,06/05/2025,09:53:32,24605,24605,675,24610.4,375,75,1685400
NIFTY-II.NFO,06/05/2025,09:53:34,24605,24605,750,24609.8,300,0,1685400
NIFTY-II.NFO,06/05/2025,09:53:36,24605,24605,750,24610,525,0,1685400
NIFTY-II.NFO,06/05/2025,09:53:37,24605,24605,675,24610,450,150,1685400
NIFTY-II.NFO,06/05/2025,09:53:39,24605,24605,675,24610,450,0,1685400
NIFTY-II.NFO,06/05/2025,09:53:41,24605,24605,675,24609.9,375,0,1685400
NIFTY-II.NFO,06/05/2025,09:53:42,24605,24605,675,24609.8,300,0,1685400
NIFTY-II.NFO,06/05/2025,09:53:44,24605,24605,675,24609.5,375,150,1685400
NIFTY-II.NFO,06/05/2025,09:53:46,24608.7,24605,675,24608.1,375,75,1685400
NIFTY-II.NFO,06/05/2025,09:53:47,24608.7,24605,675,24609.9,75,0,1685400
NIFTY-II.NFO,06/05/2025,09:53:49,24610,24605.6,75,24610,300,75,1685400
NIFTY-II.NFO,06/05/2025,09:53:51,24610,24605.7,75,24610,300,0,1685400
NIFTY-II.NFO,06/05/2025,09:53:52,24610,24606.6,75,24610,225,75,1685400
NIFTY-II.NFO,06/05/2025,09:53:54,24610,24607.1,75,24610,225,0,1685400
NIFTY-II.NFO,06/05/2025,09:53:56,24610,24607.2,75,24610,225,0,1685400
NIFTY-II.NFO,06/05/2025,09:53:57,24610,24605.2,75,24610,225,0,1685400
NIFTY-II.NFO,06/05/2025,09:53:59,24610,24605.2,75,24609.9,300,0,1685400
NIFTY-II.NFO,06/05/2025,09:54:01,24610,24605,750,24608.8,225,0,1685400
NIFTY-II.NFO,06/05/2025,09:54:02,24610,24605,750,24610,225,0,1685400
NIFTY-II.NFO,06/05/2025,09:54:04,24610,24605.1,300,24610,225,0,1685400
NIFTY-II.NFO,06/05/2025,09:54:06,24610,24605.7,300,24610,150,75,1685400
NIFTY-II.NFO,06/05/2025,09:54:09,24610,24605.9,300,24610,300,0,1685400
NIFTY-II.NFO,06/05/2025,09:54:11,24610,24606.6,75,24610,300,0,1685400
NIFTY-II.NFO,06/05/2025,09:54:16,24610,24605,750,24610,300,0,1685400
NIFTY-II.NFO,06/05/2025,09:54:17,24610,24605,750,24610,375,0,1685400
NIFTY-II.NFO,06/05/2025,09:54:19,24610,24605,750,24610,300,75,1685400
NIFTY-II.NFO,06/05/2025,09:54:21,24610,24605,750,24610,300,0,1685400
NIFTY-II.NFO,06/05/2025,09:54:22,24610,24605,825,24610,300,0,1685400
NIFTY-II.NFO,06/05/2025,09:54:24,24610,24605,750,24609.6,375,75,1685400
NIFTY-II.NFO,06/05/2025,09:54:26,24601,24600,1050,24602.3,75,1725,1685400
NIFTY-II.NFO,06/05/2025,09:54:26,24601,24600,1050,24602.3,75,0,1685400
NIFTY-II.NFO,06/05/2025,09:54:27,24601,24600.6,75,24602.3,75,0,1685400
NIFTY-II.NFO,06/05/2025,09:54:29,24606.5,24600,1050,24606.3,375,150,1686375
NIFTY-II.NFO,06/05/2025,09:54:31,24600,24601.1,75,24605,75,75,1686375
NIFTY-II.NFO,06/05/2025,09:54:31,24600,24601.1,75,24605,75,0,1686375
NIFTY-II.NFO,06/05/2025,09:54:32,24605,24601.7,75,24607,75,75,1686375
NIFTY-II.NFO,06/05/2025,09:54:34,24600,24599.4,150,24606.5,375,1500,1686375
NIFTY-II.NFO,06/05/2025,09:54:36,24600,24601.3,450,24606.6,150,0,1686375
NIFTY-II.NFO,06/05/2025,09:54:37,24600,24600.4,75,24606.5,375,0,1686375
NIFTY-II.NFO,06/05/2025,09:54:39,24600.4,24600.8,75,24606.6,150,75,1686375
NIFTY-II.NFO,06/05/2025,09:54:41,24600.4,24601.1,75,24606.5,300,0,1686375
NIFTY-II.NFO,06/05/2025,09:54:42,24600,24598.8,150,24600,750,750,1686375
NIFTY-II.NFO,06/05/2025,09:54:44,24600.4,24600,75,24606.5,300,825,1686375
NIFTY-II.NFO,06/05/2025,09:54:46,24600.4,24600,75,24606.5,375,0,1686375
NIFTY-II.NFO,06/05/2025,09:54:47,24600,24598.5,75,24600,75,75,1686375
NIFTY-II.NFO,06/05/2025,09:54:49,24600,24598,75,24600,75,0,1686375
