Ticker,Date,Time,LTP,BuyPrice,BuyQty,SellPrice,SellQty,LTQ,OpenInterest
NIFTY-III.NFO,16/04/2025,09:15:00,23552,23514.4,150,23541.6,150,375,970200
NIFTY-III.NFO,16/04/2025,09:15:00,23552,23514.4,150,23541.6,150,0,970200
NIFTY-III.NFO,16/04/2025,09:15:00,23552.1,23514.4,150,23541.6,150,0,970200
NIFTY-III.NFO,16/04/2025,09:15:00,23550,23514.4,150,23541.6,150,0,970200
NIFTY-III.NFO,16/04/2025,09:15:01,23532.9,23504,75,23526.9,150,75,970200
NIFTY-III.NFO,16/04/2025,09:15:01,23532.9,23504,75,23526.9,150,0,970200
NIFTY-III.NFO,16/04/2025,09:15:03,23532.9,23502.3,75,23524.1,150,0,970200
NIFTY-III.NFO,16/04/2025,09:15:05,23532.9,23501.1,75,23524.7,150,0,970200
NIFTY-III.NFO,16/04/2025,09:15:06,23532.9,23501.1,75,23520.1,150,0,970200
NIFTY-III.NFO,16/04/2025,09:15:08,23523.7,23505.9,150,23523.7,75,75,970200
NIFTY-III.NFO,16/04/2025,09:15:08,23523.7,23505.9,150,23523.7,75,0,970200
NIFTY-III.NFO,16/04/2025,09:15:09,23523.7,23506.4,150,23523.7,150,0,970200
NIFTY-III.NFO,16/04/2025,09:15:11,23523.7,23502.8,150,23521.7,150,0,970200
NIFTY-III.NFO,16/04/2025,09:15:13,23523.7,23502.8,150,23518.9,150,0,970200
NIFTY-III.NFO,16/04/2025,09:15:14,23523.7,23502.8,150,23508.4,75,0,970200
NIFTY-III.NFO,16/04/2025,09:15:16,23502.8,23502.8,75,23509.1,75,75,970200
NIFTY-III.NFO,16/04/2025,09:15:16,23502.8,23502.8,75,23509.1,75,0,970200
NIFTY-III.NFO,16/04/2025,09:15:17,23502.8,23502.7,75,23506.5,75,0,970200
NIFTY-III.NFO,16/04/2025,09:15:19,23506.5,23502.7,75,23505.4,75,75,970200
NIFTY-III.NFO,16/04/2025,09:15:20,23502.7,23502,300,23507.6,75,450,970200
NIFTY-III.NFO,16/04/2025,09:15:20,23502.7,23502,300,23507.6,75,0,970200
NIFTY-III.NFO,16/04/2025,09:15:22,23505.9,23502,150,23505.9,75,300,970200
NIFTY-III.NFO,16/04/2025,09:15:22,23502,23502,150,23505.9,75,0,970200
NIFTY-III.NFO,16/04/2025,09:15:24,23505.9,23502,150,23506.4,75,0,970125
NIFTY-III.NFO,16/04/2025,09:15:25,23504.6,23502,225,23504.3,75,75,970125
NIFTY-III.NFO,16/04/2025,09:15:27,23502,23502,75,23503.1,75,225,970125
NIFTY-III.NFO,16/04/2025,09:15:28,23502,23501,75,23502,150,75,970125
NIFTY-III.NFO,16/04/2025,09:15:30,23502,23501,75,23502,150,0,970125
NIFTY-III.NFO,16/04/2025,09:15:32,23493,23501,75,23501.9,150,1125,970125
NIFTY-III.NFO,16/04/2025,09:15:32,23493,23501,75,23501.9,150,0,970125
NIFTY-III.NFO,16/04/2025,09:15:33,23501,23492.6,75,23499.9,150,75,970125
NIFTY-III.NFO,16/04/2025,09:15:35,23495.9,23497.5,75,23500,525,225,970125
NIFTY-III.NFO,16/04/2025,09:15:37,23495.9,23497.6,75,23500,525,0,970125
NIFTY-III.NFO,16/04/2025,09:15:38,23495.9,23495.1,75,23500,1050,0,970125
NIFTY-III.NFO,16/04/2025,09:15:40,23500,23495.9,75,23499.9,150,300,970125
NIFTY-III.NFO,16/04/2025,09:15:42,23500,23495.9,75,23500,900,0,970125
NIFTY-III.NFO,16/04/2025,09:15:43,23499.9,23495.9,75,23499.9,225,300,970125
NIFTY-III.NFO,16/04/2025,09:15:45,23499.9,23495.9,75,23499.9,150,75,970125
NIFTY-III.NFO,16/04/2025,09:15:47,23497.5,23495.9,75,23499.9,150,75,970125
NIFTY-III.NFO,16/04/2025,09:15:48,23495.9,23495.1,75,23499.9,150,75,970125
NIFTY-III.NFO,16/04/2025,09:15:50,23498.3,23495.2,225,23500,975,300,970125
NIFTY-III.NFO,16/04/2025,09:15:51,23499.1,23499.1,75,23499.9,75,75,970125
NIFTY-III.NFO,16/04/2025,09:15:53,23499.1,23495.3,150,23499.9,75,75,970125
NIFTY-III.NFO,16/04/2025,09:15:54,23499.9,23496.5,75,23500,975,75,970125
NIFTY-III.NFO,16/04/2025,09:15:56,23500,23499.2,150,23500,900,75,970125
NIFTY-III.NFO,16/04/2025,09:15:57,23500,23499.1,150,23500,825,75,970125
NIFTY-III.NFO,16/04/2025,09:15:59,23500,23500,75,23507.5,225,825,970125
NIFTY-III.NFO,16/04/2025,09:16:00,23506,23500.1,2550,23505.6,225,675,970125
NIFTY-III.NFO,16/04/2025,09:16:02,23506,23500.1,2625,23503.7,75,0,970125
NIFTY-III.NFO,16/04/2025,09:16:04,23501.7,23501.3,75,23508.6,75,75,970125
NIFTY-III.NFO,16/04/2025,09:16:05,23501.7,23504.7,75,23510,75,0,970125
NIFTY-III.NFO,16/04/2025,09:16:07,23506,23504.7,75,23510,75,150,970125
NIFTY-III.NFO,16/04/2025,09:16:09,23506,23503.1,75,23509.9,75,0,970125
NIFTY-III.NFO,16/04/2025,09:16:10,23506,23501.3,75,23509.9,75,0,970125
NIFTY-III.NFO,16/04/2025,09:16:12,23501.9,23504,75,23507,75,150,970125
NIFTY-III.NFO,16/04/2025,09:16:13,23505.9,23504,75,23506.9,75,75,970125
NIFTY-III.NFO,16/04/2025,09:16:15,23504,23500.3,75,23509,75,75,970125
NIFTY-III.NFO,16/04/2025,09:16:17,23503.8,23500.3,75,23503.5,75,75,970125
NIFTY-III.NFO,16/04/2025,09:16:18,23504.1,23501.4,150,23505,75,225,970125
NIFTY-III.NFO,16/04/2025,09:16:19,23504.1,23501.4,150,23505,75,0,970125
NIFTY-III.NFO,16/04/2025,09:16:21,23508.1,23501.4,150,23509.1,300,150,970125
NIFTY-III.NFO,16/04/2025,09:16:23,23508.1,23501.8,150,23510,75,0,970125
NIFTY-III.NFO,16/04/2025,09:16:24,23508.1,23500.2,75,23507.9,150,0,970125
NIFTY-III.NFO,16/04/2025,09:16:26,23500.3,23500.3,75,23509.8,75,300,970125
NIFTY-III.NFO,16/04/2025,09:16:27,23500.6,23500.2,75,23507.9,75,225,970125
NIFTY-III.NFO,16/04/2025,09:16:29,23508.1,23501,75,23508.9,75,225,970125
NIFTY-III.NFO,16/04/2025,09:16:31,23501.1,23501.4,75,23502.5,75,75,970125
NIFTY-III.NFO,16/04/2025,09:16:32,23501.5,23500.1,2475,23504.9,75,75,970125
NIFTY-III.NFO,16/04/2025,09:16:34,23506.5,23500.1,2475,23506.5,75,450,970125
NIFTY-III.NFO,16/04/2025,09:16:35,23500.1,23500.1,2175,23506.4,75,300,970125
NIFTY-III.NFO,16/04/2025,09:16:37,23500.1,23500.2,75,23508.4,75,150,970125
NIFTY-III.NFO,16/04/2025,09:16:39,23500.1,23500.2,150,23509.1,75,0,970125
NIFTY-III.NFO,16/04/2025,09:16:40,23500.1,23500.2,225,23504.1,75,0,970125
NIFTY-III.NFO,16/04/2025,09:16:42,23500.1,23500.2,225,23501.7,75,0,970125
NIFTY-III.NFO,16/04/2025,09:16:43,23501.7,23500.1,2025,23500.8,75,75,970125
NIFTY-III.NFO,16/04/2025,09:16:45,23502,23501.1,75,23508.2,225,150,970125
NIFTY-III.NFO,16/04/2025,09:16:46,23501.3,23501,375,23507.8,150,75,970125
NIFTY-III.NFO,16/04/2025,09:16:48,23501,23501,300,23503.1,300,75,970125
NIFTY-III.NFO,16/04/2025,09:16:49,23501,23501,150,23503.1,300,150,970125
NIFTY-III.NFO,16/04/2025,09:16:51,23501,23500.1,2025,23501.5,75,150,970125
NIFTY-III.NFO,16/04/2025,09:16:53,23500.1,23500.1,1875,23503.6,150,150,970125
NIFTY-III.NFO,16/04/2025,09:16:54,23500.1,23500.1,1650,23500.7,75,225,970125
NIFTY-III.NFO,16/04/2025,09:16:56,23501,23500.1,1650,23504.8,75,75,970125
NIFTY-III.NFO,16/04/2025,09:16:57,23501.3,23501.3,75,23502.6,225,150,970125
NIFTY-III.NFO,16/04/2025,09:16:59,23501.3,23500.2,75,23508,75,75,970125
NIFTY-III.NFO,16/04/2025,09:17:00,23501.3,23502.1,150,23509.9,150,0,970125
NIFTY-III.NFO,16/04/2025,09:17:02,23501.3,23502.6,150,23510,75,0,970125
NIFTY-III.NFO,16/04/2025,09:17:04,23501.3,23503.9,150,23510,75,0,970125
NIFTY-III.NFO,16/04/2025,09:17:05,23505.9,23505.8,75,23505.9,75,150,970125
NIFTY-III.NFO,16/04/2025,09:17:07,23508.1,23505.2,75,23510,75,75,970125
NIFTY-III.NFO,16/04/2025,09:17:09,23508.1,23508.1,75,23510,75,75,970125
NIFTY-III.NFO,16/04/2025,09:17:10,23500.7,23500.3,75,23510,150,1875,970125
NIFTY-III.NFO,16/04/2025,09:17:12,23500.1,23500.2,75,23510,75,675,970125
NIFTY-III.NFO,16/04/2025,09:17:13,23500.1,23500.2,75,23510,150,0,970125
NIFTY-III.NFO,16/04/2025,09:17:15,23505,23505.9,75,23510,75,75,970125
NIFTY-III.NFO,16/04/2025,09:17:17,23505,23507,75,23510,75,0,970125
NIFTY-III.NFO,16/04/2025,09:17:18,23505,23507.1,75,23509.7,75,0,970125
NIFTY-III.NFO,16/04/2025,09:17:20,23505,23506,75,23510,75,0,970125
NIFTY-III.NFO,16/04/2025,09:17:21,23507.7,23505,75,23506,75,75,970125
NIFTY-III.NFO,16/04/2025,09:17:24,23506,23506,75,23508,75,75,970125
NIFTY-III.NFO,16/04/2025,09:17:26,23506.7,23505,75,23508,75,75,970125
NIFTY-III.NFO,16/04/2025,09:17:27,23505.9,23505.1,75,23508,75,225,970125
NIFTY-III.NFO,16/04/2025,09:17:29,23505.9,23505.1,75,23507.9,75,0,970125
NIFTY-III.NFO,16/04/2025,09:17:31,23505.9,23505,75,23505.9,75,0,970125
NIFTY-III.NFO,16/04/2025,09:17:32,23505.9,23506,75,23507.5,75,75,970125
NIFTY-III.NFO,16/04/2025,09:17:34,23506,23505,150,23508,75,75,970125
NIFTY-III.NFO,16/04/2025,09:17:35,23507.4,23505.1,75,23507.5,150,75,970125
NIFTY-III.NFO,16/04/2025,09:17:37,23507.4,23505.1,75,23508,75,0,970125
NIFTY-III.NFO,16/04/2025,09:17:38,23505.1,23505,150,23508,75,75,970125
NIFTY-III.NFO,16/04/2025,09:17:40,23505.1,23505,150,23508,75,0,970125
NIFTY-III.NFO,16/04/2025,09:17:43,23505.1,23505,150,23507,75,0,970125
NIFTY-III.NFO,16/04/2025,09:17:45,23505.1,23505,150,23505.5,75,0,970125
NIFTY-III.NFO,16/04/2025,09:17:46,23505.1,23505,900,23508,75,0,970125
NIFTY-III.NFO,16/04/2025,09:17:48,23505.1,23505,900,23507.9,75,0,970125
NIFTY-III.NFO,16/04/2025,09:17:49,23505.1,23505,900,23508,75,0,970125
NIFTY-III.NFO,16/04/2025,09:17:51,23505,23505,750,23505.7,150,150,970125
NIFTY-III.NFO,16/04/2025,09:17:53,23505,23505,675,23505.7,150,75,970125
NIFTY-III.NFO,16/04/2025,09:17:54,23505,23501,75,23504.6,150,675,970125
NIFTY-III.NFO,16/04/2025,09:17:56,23504,23501,75,23503.5,225,450,970125
NIFTY-III.NFO,16/04/2025,09:17:58,23506.2,23501,75,23506.2,75,150,970125
NIFTY-III.NFO,16/04/2025,09:17:59,23501.9,23501,75,23506.2,75,75,970125
NIFTY-III.NFO,16/04/2025,09:18:01,23501.9,23501,75,23501.5,150,0,970125
NIFTY-III.NFO,16/04/2025,09:18:04,23500.1,23500,1275,23502.4,75,1125,970125
NIFTY-III.NFO,16/04/2025,09:18:06,23500.1,23500,1275,23500.1,75,0,970125
NIFTY-III.NFO,16/04/2025,09:18:07,23500.1,23501.3,150,23503.6,75,0,970125
NIFTY-III.NFO,16/04/2025,09:18:09,23500.1,23502,75,23503.1,75,0,970125
NIFTY-III.NFO,16/04/2025,09:18:10,23502,23501.3,150,23502.2,75,75,970125
NIFTY-III.NFO,16/04/2025,09:18:12,23500.1,23500,1275,23503.6,75,225,970125
NIFTY-III.NFO,16/04/2025,09:18:14,23500,23500,1200,23500.1,75,75,970125
NIFTY-III.NFO,16/04/2025,09:18:16,23500,23500,1200,23500.1,75,0,970125
NIFTY-III.NFO,16/04/2025,09:18:22,23500,23500,750,23505.9,150,600,970125
NIFTY-III.NFO,16/04/2025,09:18:24,23500,23500,750,23504.6,150,75,966825
NIFTY-III.NFO,16/04/2025,09:18:26,23500,23500,750,23506.9,150,0,966825
NIFTY-III.NFO,16/04/2025,09:18:27,23500,23500,750,23506.8,75,0,966825
NIFTY-III.NFO,16/04/2025,09:18:29,23500,23500,750,23504.4,75,0,966825
NIFTY-III.NFO,16/04/2025,09:18:31,23500,23500,600,23500.9,75,225,966825
NIFTY-III.NFO,16/04/2025,09:18:32,23500,23500,600,23500.3,75,0,966825
NIFTY-III.NFO,16/04/2025,09:18:34,23500,23500,600,23500.9,75,0,966825
NIFTY-III.NFO,16/04/2025,09:18:36,23500,23500,600,23502.4,75,0,966825
NIFTY-III.NFO,16/04/2025,09:18:37,23500,23500,600,23504.3,150,0,966825
NIFTY-III.NFO,16/04/2025,09:18:39,23500,23500,600,23501.8,75,0,966825
NIFTY-III.NFO,16/04/2025,09:18:41,23499,23497,75,23498.4,75,750,966825
NIFTY-III.NFO,16/04/2025,09:18:42,23499,23497.1,75,23503.6,75,0,966825
NIFTY-III.NFO,16/04/2025,09:18:44,23499,23497.1,75,23500.3,75,0,966825
NIFTY-III.NFO,16/04/2025,09:18:46,23499,23497.1,75,23500,150,0,966825
NIFTY-III.NFO,16/04/2025,09:18:47,23499,23497.1,75,23499,75,0,966825
NIFTY-III.NFO,16/04/2025,09:18:49,23499,23497,75,23499,75,0,966825
NIFTY-III.NFO,16/04/2025,09:18:51,23499,23497,75,23498.2,75,0,966825
NIFTY-III.NFO,16/04/2025,09:18:52,23498.1,23497,75,23498.3,75,75,966825
NIFTY-III.NFO,16/04/2025,09:18:54,23498.6,23497,75,23499,225,75,966825
NIFTY-III.NFO,16/04/2025,09:18:56,23498.6,23497,75,23498.2,75,0,966825
NIFTY-III.NFO,16/04/2025,09:18:59,23497,23495.5,75,23499,75,75,966825
NIFTY-III.NFO,16/04/2025,09:19:01,23498.1,23495.5,75,23498.6,75,75,966825
NIFTY-III.NFO,16/04/2025,09:19:02,23498.1,23495.4,75,23498.6,75,0,966825
NIFTY-III.NFO,16/04/2025,09:19:04,23498.1,23495.5,75,23498.6,75,0,966825
NIFTY-III.NFO,16/04/2025,09:19:06,23498.1,23497.8,75,23498.6,75,0,966825
NIFTY-III.NFO,16/04/2025,09:19:07,23499,23496.8,75,23500,150,150,966825
NIFTY-III.NFO,16/04/2025,09:19:09,23499,23498.1,75,23500,150,0,966825
NIFTY-III.NFO,16/04/2025,09:19:13,23499,23497.2,75,23500,225,0,966825
NIFTY-III.NFO,16/04/2025,09:19:16,23499,23498,75,23500,225,0,966825
NIFTY-III.NFO,16/04/2025,09:19:18,23499,23496.8,75,23500,225,0,966825
NIFTY-III.NFO,16/04/2025,09:19:19,23499,23499.4,75,23500,225,0,966825
NIFTY-III.NFO,16/04/2025,09:19:21,23499,23495.6,150,23500,225,0,966825
NIFTY-III.NFO,16/04/2025,09:19:23,23500,23500,150,23502.8,75,225,966825
NIFTY-III.NFO,16/04/2025,09:19:24,23500,23500.1,150,23508.4,75,0,966825
NIFTY-III.NFO,16/04/2025,09:19:28,23500,23500.1,75,23503.5,75,0,966825
NIFTY-III.NFO,16/04/2025,09:19:29,23500,23500,150,23503.5,75,0,966825
NIFTY-III.NFO,16/04/2025,09:19:31,23500,23500,150,23503.2,75,0,966825
NIFTY-III.NFO,16/04/2025,09:19:33,23500,23500.1,75,23503.1,75,0,966825
NIFTY-III.NFO,16/04/2025,09:19:34,23500,23500,375,23503.1,75,0,966825
NIFTY-III.NFO,16/04/2025,09:19:36,23500,23502.5,150,23503,75,0,966825
NIFTY-III.NFO,16/04/2025,09:19:38,23500,23502.5,150,23503.2,75,0,966825
NIFTY-III.NFO,16/04/2025,09:19:39,23500,23500,375,23505.2,75,0,966825
NIFTY-III.NFO,16/04/2025,09:19:41,23500,23500,450,23500.1,75,0,966825
NIFTY-III.NFO,16/04/2025,09:19:43,23500,23500,450,23505.2,150,75,966825
NIFTY-III.NFO,16/04/2025,09:19:44,23500,23500,375,23500.1,75,150,966825
NIFTY-III.NFO,16/04/2025,09:19:46,23500,23500,375,23500.1,75,0,966825
NIFTY-III.NFO,16/04/2025,09:19:48,23500,23500,75,23501.1,75,300,966825
NIFTY-III.NFO,16/04/2025,09:19:49,23500,23499,300,23501.1,75,75,966825
NIFTY-III.NFO,16/04/2025,09:19:51,23499,23496,150,23500.3,75,150,966825
NIFTY-III.NFO,16/04/2025,09:19:53,23499,23496,150,23500.4,75,0,966825
NIFTY-III.NFO,16/04/2025,09:19:54,23499,23496,150,23499.6,75,0,966825
NIFTY-III.NFO,16/04/2025,09:19:56,23499,23499,150,23499.6,75,0,966825
NIFTY-III.NFO,16/04/2025,09:19:58,23499,23495.4,75,23499.6,75,150,966825
NIFTY-III.NFO,16/04/2025,09:19:59,23499,23495.4,75,23500.9,75,0,966825
NIFTY-III.NFO,16/04/2025,09:20:01,23499,23495.4,150,23500.3,75,0,966825
NIFTY-III.NFO,16/04/2025,09:20:03,23499,23495.6,150,23500.3,75,0,966825
NIFTY-III.NFO,16/04/2025,09:20:04,23495.6,23496.9,75,23500.3,75,75,966825
NIFTY-III.NFO,16/04/2025,09:20:06,23500.3,23495.5,150,23501.9,75,75,966825
NIFTY-III.NFO,16/04/2025,09:20:08,23500.3,23495.5,75,23501,75,0,966825
NIFTY-III.NFO,16/04/2025,09:20:09,23500.3,23496,75,23501,75,0,966825
NIFTY-III.NFO,16/04/2025,09:20:11,23500.3,23496.8,150,23500.8,75,0,966825
NIFTY-III.NFO,16/04/2025,09:20:13,23500.3,23496.7,75,23502,150,0,966825
NIFTY-III.NFO,16/04/2025,09:20:14,23500.3,23496.7,75,23501.7,75,0,966825
NIFTY-III.NFO,16/04/2025,09:20:16,23502,23499.3,75,23502.4,75,150,966825
NIFTY-III.NFO,16/04/2025,09:20:18,23504.5,23500.6,75,23504.4,75,150,966825
NIFTY-III.NFO,16/04/2025,09:20:19,23504.4,23498.1,150,23503.5,300,75,966825
NIFTY-III.NFO,16/04/2025,09:20:21,23504.4,23501,150,23504.5,75,0,966825
NIFTY-III.NFO,16/04/2025,09:20:23,23504.4,23501,225,23504.8,75,0,966825
NIFTY-III.NFO,16/04/2025,09:20:24,23504.4,23501,225,23504.6,75,0,966825
NIFTY-III.NFO,16/04/2025,09:20:26,23504.5,23502,150,23510,150,150,966825
NIFTY-III.NFO,16/04/2025,09:20:28,23504.5,23503.4,150,23510,150,0,966825
NIFTY-III.NFO,16/04/2025,09:20:29,23503.4,23504.5,150,23510,150,75,966825
NIFTY-III.NFO,16/04/2025,09:20:31,23504.5,23503.9,150,23508.1,75,75,966825
NIFTY-III.NFO,16/04/2025,09:20:33,23504.5,23504.7,150,23509.5,300,0,966825
NIFTY-III.NFO,16/04/2025,09:20:34,23504.5,23503,75,23508.4,75,0,966825
NIFTY-III.NFO,16/04/2025,09:20:36,23504.5,23503,75,23509.9,150,0,966825
NIFTY-III.NFO,16/04/2025,09:20:38,23506.6,23503,150,23509.9,75,75,966825
NIFTY-III.NFO,16/04/2025,09:20:39,23506.6,23503,75,23507.2,75,0,966825
NIFTY-III.NFO,16/04/2025,09:20:41,23506.9,23506.9,150,23508.3,75,75,966825
NIFTY-III.NFO,16/04/2025,09:20:43,23506.9,23506.9,150,23508.8,75,0,966825
NIFTY-III.NFO,16/04/2025,09:20:44,23506.9,23508.3,75,23509,75,0,966825
NIFTY-III.NFO,16/04/2025,09:20:46,23506.9,23508.3,75,23510,150,0,966825
NIFTY-III.NFO,16/04/2025,09:20:53,23510,23508,75,23510,75,75,966825
NIFTY-III.NFO,16/04/2025,09:20:54,23510,23508,75,23510,75,0,966825
NIFTY-III.NFO,16/04/2025,09:20:58,23510,23508,75,23509.6,75,75,966825
NIFTY-III.NFO,16/04/2025,09:20:59,23510,23508,75,23508.6,150,0,966825
NIFTY-III.NFO,16/04/2025,09:21:01,23510,23508,75,23508.6,75,0,966825
NIFTY-III.NFO,16/04/2025,09:21:03,23510,23508,75,23509.9,75,0,966825
NIFTY-III.NFO,16/04/2025,09:21:04,23510,23508,75,23508.4,75,0,966825
NIFTY-III.NFO,16/04/2025,09:21:08,23508.4,23508,75,23510.4,75,75,966825
NIFTY-III.NFO,16/04/2025,09:21:09,23508.4,23508,75,23514.4,150,0,966825
NIFTY-III.NFO,16/04/2025,09:21:11,23508.4,23508,75,23512.7,75,0,966825
NIFTY-III.NFO,16/04/2025,09:21:13,23508.4,23508,75,23512.7,375,0,966825
NIFTY-III.NFO,16/04/2025,09:21:14,23508.4,23508,150,23513.2,75,0,966825
NIFTY-III.NFO,16/04/2025,09:21:16,23508,23508.2,225,23514.6,75,75,966825
NIFTY-III.NFO,16/04/2025,09:21:18,23508,23509,225,23516.7,150,0,966825
NIFTY-III.NFO,16/04/2025,09:21:19,23508,23509,75,23513.7,300,0,966825
NIFTY-III.NFO,16/04/2025,09:21:21,23508,23509,75,23513.4,75,0,966825
NIFTY-III.NFO,16/04/2025,09:21:24,23508,23509,75,23513.6,75,0,966825
NIFTY-III.NFO,16/04/2025,09:21:26,23508,23509,150,23516.8,75,0,966825
NIFTY-III.NFO,16/04/2025,09:21:28,23508,23509.9,150,23514,75,0,966825
NIFTY-III.NFO,16/04/2025,09:21:29,23508,23511.5,225,23519.9,75,0,966825
NIFTY-III.NFO,16/04/2025,09:21:31,23508,23511.5,225,23514.3,75,0,966825
NIFTY-III.NFO,16/04/2025,09:21:33,23508,23509,150,23518.9,150,0,966825
NIFTY-III.NFO,16/04/2025,09:21:34,23508,23509,75,23511.1,75,0,966825
NIFTY-III.NFO,16/04/2025,09:21:36,23508,23507.9,225,23517.3,75,0,966825
NIFTY-III.NFO,16/04/2025,09:21:38,23509.9,23507.9,75,23513.3,75,75,966750
NIFTY-III.NFO,16/04/2025,09:21:39,23509.9,23507.4,150,23512.6,75,0,966750
NIFTY-III.NFO,16/04/2025,09:21:41,23509.9,23507.1,150,23516.2,75,0,966750
NIFTY-III.NFO,16/04/2025,09:21:43,23509.9,23508.9,150,23511.9,75,0,966750
NIFTY-III.NFO,16/04/2025,09:21:44,23509.9,23507.4,225,23515.9,150,0,966750
NIFTY-III.NFO,16/04/2025,09:21:46,23509.9,23507.4,150,23510.9,75,0,966750
NIFTY-III.NFO,16/04/2025,09:21:48,23509.9,23507.6,300,23511.1,75,0,966750
NIFTY-III.NFO,16/04/2025,09:21:49,23509.9,23509.9,75,23510.7,75,0,966750
NIFTY-III.NFO,16/04/2025,09:21:51,23509.9,23510.8,225,23516.4,75,0,966750
NIFTY-III.NFO,16/04/2025,09:21:53,23513.8,23510.9,225,23514.7,300,75,966750
NIFTY-III.NFO,16/04/2025,09:21:54,23513.8,23509.9,75,23511.8,75,0,966750
NIFTY-III.NFO,16/04/2025,09:21:56,23513.8,23509.9,75,23512.7,300,0,966750
NIFTY-III.NFO,16/04/2025,09:21:58,23513.8,23509.9,75,23511.5,75,0,966750
NIFTY-III.NFO,16/04/2025,09:21:59,23511.5,23510,75,23516,75,75,966750
NIFTY-III.NFO,16/04/2025,09:22:01,23511.5,23510,75,23516,75,0,966750
NIFTY-III.NFO,16/04/2025,09:22:03,23511.5,23510,75,23516.7,150,0,966750
NIFTY-III.NFO,16/04/2025,09:22:04,23511.5,23510,150,23517.6,150,0,966750
NIFTY-III.NFO,16/04/2025,09:22:06,23511.5,23513.9,150,23514.9,75,0,966750
NIFTY-III.NFO,16/04/2025,09:22:08,23511.5,23513.9,150,23515.2,75,0,966750
NIFTY-III.NFO,16/04/2025,09:22:09,23511.5,23513.9,150,23514.2,75,0,966750
NIFTY-III.NFO,16/04/2025,09:22:11,23513.9,23510.1,75,23517.8,75,150,966750
NIFTY-III.NFO,16/04/2025,09:22:13,23513.9,23513.9,75,23516.2,75,0,966750
NIFTY-III.NFO,16/04/2025,09:22:14,23513.9,23513.9,75,23514.6,225,0,966750
NIFTY-III.NFO,16/04/2025,09:22:16,23513.9,23512,75,23514.3,150,0,966750
NIFTY-III.NFO,16/04/2025,09:22:18,23513.9,23512,75,23512.9,150,0,966750
NIFTY-III.NFO,16/04/2025,09:22:21,23513.9,23510,150,23515,75,0,966750
NIFTY-III.NFO,16/04/2025,09:22:24,23513.9,23510.1,75,23515,75,0,966750
NIFTY-III.NFO,16/04/2025,09:22:26,23513.9,23510,375,23515,75,0,966750
NIFTY-III.NFO,16/04/2025,09:22:28,23513.9,23510.1,150,23515,75,0,966750
NIFTY-III.NFO,16/04/2025,09:22:31,23515,23510.1,150,23515.4,75,75,966750
NIFTY-III.NFO,16/04/2025,09:22:33,23515,23513,75,23515.4,75,0,966750
NIFTY-III.NFO,16/04/2025,09:22:34,23515,23513,75,23514.5,75,0,966750
NIFTY-III.NFO,16/04/2025,09:22:36,23515,23511,75,23514.4,75,0,966750
NIFTY-III.NFO,16/04/2025,09:22:39,23515,23511.1,75,23514.4,75,0,966750
NIFTY-III.NFO,16/04/2025,09:22:41,23515,23513.9,75,23514.4,75,0,966750
NIFTY-III.NFO,16/04/2025,09:22:43,23515,23513.9,75,23516.4,75,0,966750
NIFTY-III.NFO,16/04/2025,09:22:46,23515,23513.9,75,23516.1,75,0,966750
NIFTY-III.NFO,16/04/2025,09:22:49,23516.1,23513.9,75,23516.2,75,75,966750
NIFTY-III.NFO,16/04/2025,09:22:51,23516.1,23513.6,150,23518.4,300,0,966750
NIFTY-III.NFO,16/04/2025,09:22:53,23516.1,23518,75,23518.3,75,0,966750
NIFTY-III.NFO,16/04/2025,09:22:54,23518,23512,225,23518,75,75,966750
NIFTY-III.NFO,16/04/2025,09:22:56,23518,23512,75,23517.5,75,0,966750
NIFTY-III.NFO,16/04/2025,09:22:58,23511.4,23510.5,150,23515.1,75,150,966750
NIFTY-III.NFO,16/04/2025,09:22:59,23515.1,23512.1,150,23515.2,300,75,966750
NIFTY-III.NFO,16/04/2025,09:23:01,23515.1,23510.4,150,23515.2,300,0,966750
NIFTY-III.NFO,16/04/2025,09:23:03,23515.1,23510.5,150,23515.2,375,0,966750
NIFTY-III.NFO,16/04/2025,09:23:04,23515.1,23510,225,23514.9,75,0,966750
NIFTY-III.NFO,16/04/2025,09:23:06,23515.1,23511,75,23515,75,0,966750
NIFTY-III.NFO,16/04/2025,09:23:08,23515.1,23511.2,150,23515,75,0,966750
NIFTY-III.NFO,16/04/2025,09:23:11,23512,23511.7,225,23517,75,75,966750
NIFTY-III.NFO,16/04/2025,09:23:13,23512,23511.7,150,23517.5,75,0,966750
NIFTY-III.NFO,16/04/2025,09:23:14,23512,23511,75,23517,75,0,966750
NIFTY-III.NFO,16/04/2025,09:23:18,23512,23511,75,23516.4,75,0,966750
NIFTY-III.NFO,16/04/2025,09:23:19,23512,23511,75,23516.7,75,0,966750
NIFTY-III.NFO,16/04/2025,09:23:21,23512,23511,150,23517.6,75,0,966750
NIFTY-III.NFO,16/04/2025,09:23:23,23517,23512.2,150,23516.7,75,75,966750
NIFTY-III.NFO,16/04/2025,09:23:24,23517,23512.2,150,23518.2,75,0,966750
NIFTY-III.NFO,16/04/2025,09:23:26,23517,23512.2,150,23518.1,150,0,966750
NIFTY-III.NFO,16/04/2025,09:23:28,23517,23513.8,150,23517.1,75,0,966750
NIFTY-III.NFO,16/04/2025,09:23:29,23517,23511.7,150,23518.6,150,0,966750
NIFTY-III.NFO,16/04/2025,09:23:31,23517,23512.8,150,23517.8,75,0,966750
NIFTY-III.NFO,16/04/2025,09:23:33,23517,23514.2,150,23517.8,75,0,966750
NIFTY-III.NFO,16/04/2025,09:23:36,23517,23515.6,150,23517.8,75,0,966750
NIFTY-III.NFO,16/04/2025,09:23:39,23517,23516.7,150,23520.8,75,0,966750
NIFTY-III.NFO,16/04/2025,09:23:41,23517,23517.8,225,23523,150,0,966750
NIFTY-III.NFO,16/04/2025,09:23:43,23517,23519,225,23523,150,0,966750
NIFTY-III.NFO,16/04/2025,09:23:44,23520.4,23518,150,23523,150,75,966750
NIFTY-III.NFO,16/04/2025,09:23:46,23520.4,23518,150,23523,150,0,966750
NIFTY-III.NFO,16/04/2025,09:23:48,23520.4,23517,225,23523,150,0,966750
NIFTY-III.NFO,16/04/2025,09:23:49,23520.4,23517.1,225,23523,150,0,966750
NIFTY-III.NFO,16/04/2025,09:23:51,23520.4,23518,75,23522.9,75,0,966750
NIFTY-III.NFO,16/04/2025,09:23:53,23520.4,23518,75,23523,150,0,966750
NIFTY-III.NFO,16/04/2025,09:23:56,23520.4,23519.1,75,23523,150,0,966750
NIFTY-III.NFO,16/04/2025,09:23:58,23523,23519.1,75,23523,75,75,966750
NIFTY-III.NFO,16/04/2025,09:23:59,23523,23519.1,75,23523,75,0,966750
NIFTY-III.NFO,16/04/2025,09:24:01,23523,23521,75,23523,75,0,966750
NIFTY-III.NFO,16/04/2025,09:24:04,23523,23521,150,23524.5,75,150,966750
NIFTY-III.NFO,16/04/2025,09:24:06,23523,23521,150,23524.5,75,0,966750
NIFTY-III.NFO,16/04/2025,09:24:08,23524.5,23522.1,150,23528.1,150,75,966750
NIFTY-III.NFO,16/04/2025,09:24:09,23524.5,23521,75,23527.6,150,0,966750
NIFTY-III.NFO,16/04/2025,09:24:11,23524.5,23521,75,23523,75,0,966750
NIFTY-III.NFO,16/04/2025,09:24:13,23525,23525,1575,23526.4,75,225,966750
NIFTY-III.NFO,16/04/2025,09:24:14,23525,23524.5,150,23525.1,75,1575,966750
NIFTY-III.NFO,16/04/2025,09:24:16,23524.5,23520,75,23524.9,75,150,966750
NIFTY-III.NFO,16/04/2025,09:24:18,23524.5,23520,75,23525.2,75,0,966750
NIFTY-III.NFO,16/04/2025,09:24:19,23524.5,23520,75,23524.8,75,0,966750
NIFTY-III.NFO,16/04/2025,09:24:21,23524.5,23520,75,23527.4,150,0,966750
NIFTY-III.NFO,16/04/2025,09:24:23,23524.5,23520,150,23527.3,75,0,966750
NIFTY-III.NFO,16/04/2025,09:24:24,23524.5,23521,150,23527.7,75,0,966750
NIFTY-III.NFO,16/04/2025,09:24:26,23524.5,23521.3,150,23527.7,75,0,966750
NIFTY-III.NFO,16/04/2025,09:24:28,23524.5,23521,150,23527.7,75,0,966750
NIFTY-III.NFO,16/04/2025,09:24:29,23524.5,23521,150,23527.7,150,0,966750
NIFTY-III.NFO,16/04/2025,09:24:31,23524.5,23521,75,23527.2,75,0,966750
NIFTY-III.NFO,16/04/2025,09:24:33,23524.5,23521,75,23527.2,150,0,966750
NIFTY-III.NFO,16/04/2025,09:24:34,23524.5,23521,75,23527,150,0,966750
NIFTY-III.NFO,16/04/2025,09:24:36,23524.5,23521,75,23527,75,0,966750
NIFTY-III.NFO,16/04/2025,09:24:39,23524.5,23521,75,23526.2,75,0,966750
NIFTY-III.NFO,16/04/2025,09:24:41,23524.5,23521,75,23526.2,375,0,966750
NIFTY-III.NFO,16/04/2025,09:24:43,23524.5,23521,75,23525.5,150,0,966750
NIFTY-III.NFO,16/04/2025,09:24:44,23524.5,23521,75,23525.6,75,0,966750
NIFTY-III.NFO,16/04/2025,09:24:46,23524.5,23521,75,23525.5,150,0,966750
NIFTY-III.NFO,16/04/2025,09:24:49,23521,23520,75,23525.3,150,150,968175
NIFTY-III.NFO,16/04/2025,09:24:51,23521,23520,75,23525.3,150,0,968175
NIFTY-III.NFO,16/04/2025,09:24:53,23513.6,23514.7,150,23525.3,225,1800,968175
NIFTY-III.NFO,16/04/2025,09:24:54,23513.6,23514.8,75,23525.3,225,0,968175
NIFTY-III.NFO,16/04/2025,09:24:56,23513.6,23516.8,150,23525.3,150,0,968175
NIFTY-III.NFO,16/04/2025,09:24:59,23513.6,23515,75,23525.2,75,0,968175
NIFTY-III.NFO,16/04/2025,09:25:01,23513.6,23515.6,150,23525.3,150,0,968175
NIFTY-III.NFO,16/04/2025,09:25:03,23513.6,23514.9,150,23525.2,75,0,968175
NIFTY-III.NFO,16/04/2025,09:25:04,23513.6,23513.5,75,23524.9,150,0,968175
NIFTY-III.NFO,16/04/2025,09:25:06,23513.6,23513.9,150,23524.3,150,0,968175
NIFTY-III.NFO,16/04/2025,09:25:08,23513.6,23514.6,150,23523.5,75,0,968175
NIFTY-III.NFO,16/04/2025,09:25:09,23513.6,23515.3,150,23523.6,150,0,968175
NIFTY-III.NFO,16/04/2025,09:25:11,23513.6,23515.3,75,23523.6,150,0,968175
NIFTY-III.NFO,16/04/2025,09:25:13,23513.6,23517.8,75,23523.6,75,0,968175
NIFTY-III.NFO,16/04/2025,09:25:16,23513.6,23517.8,75,23525,150,0,968175
NIFTY-III.NFO,16/04/2025,09:25:20,23513.6,23518.9,150,23524.8,150,0,968175
NIFTY-III.NFO,16/04/2025,09:25:23,23513.6,23517.7,75,23524.7,75,0,968175
NIFTY-III.NFO,16/04/2025,09:25:25,23513.6,23517.7,75,23524.5,150,0,968175
NIFTY-III.NFO,16/04/2025,09:25:26,23513.6,23514.4,75,23524.5,150,0,968175
NIFTY-III.NFO,16/04/2025,09:25:28,23513.6,23514.4,75,23524.2,150,0,968175
NIFTY-III.NFO,16/04/2025,09:25:31,23513.6,23514,75,23522.3,225,0,968175
NIFTY-III.NFO,16/04/2025,09:25:35,23514,23513.6,75,23521.2,75,75,968175
NIFTY-III.NFO,16/04/2025,09:25:36,23514,23513.6,75,23521.2,75,0,968175
NIFTY-III.NFO,16/04/2025,09:25:38,23514,23513.6,150,23521.6,150,0,968175
NIFTY-III.NFO,16/04/2025,09:25:40,23514,23521.2,825,23524.1,150,0,968175
NIFTY-III.NFO,16/04/2025,09:25:41,23514,23521.2,825,23524.5,150,0,968175
NIFTY-III.NFO,16/04/2025,09:25:43,23514,23521.2,825,23522.8,75,0,968175
NIFTY-III.NFO,16/04/2025,09:25:45,23521.2,23521.2,750,23522.8,75,75,968175
NIFTY-III.NFO,16/04/2025,09:25:46,23522.8,23523,675,23524.8,75,75,968175
NIFTY-III.NFO,16/04/2025,09:25:48,23524,23515.6,75,23524.9,75,675,968175
NIFTY-III.NFO,16/04/2025,09:25:50,23524,23514.3,75,23524.8,75,0,968175
NIFTY-III.NFO,16/04/2025,09:25:51,23524,23515.6,75,23524.8,75,0,968175
NIFTY-III.NFO,16/04/2025,09:25:55,23524,23516.9,75,23524.8,75,0,968175
NIFTY-III.NFO,16/04/2025,09:25:56,23524,23516.9,75,23524.9,75,0,968175
NIFTY-III.NFO,16/04/2025,09:25:58,23524,23518.5,75,23525,75,0,968175
NIFTY-III.NFO,16/04/2025,09:26:00,23524,23517.3,75,23524.9,75,0,968175
NIFTY-III.NFO,16/04/2025,09:26:01,23524,23517.6,75,23524.9,75,0,968175
NIFTY-III.NFO,16/04/2025,09:26:03,23524,23515.2,75,23524.9,150,0,968175
NIFTY-III.NFO,16/04/2025,09:26:05,23524,23514.2,150,23523.9,75,0,968175
NIFTY-III.NFO,16/04/2025,09:26:06,23524,23514.1,75,23522.6,75,0,968175
NIFTY-III.NFO,16/04/2025,09:26:08,23524,23514,75,23522.4,150,0,968175
NIFTY-III.NFO,16/04/2025,09:26:11,23522.6,23514.1,75,23522.6,75,75,968175
NIFTY-III.NFO,16/04/2025,09:26:13,23522.6,23514.4,75,23523.6,75,0,968175
NIFTY-III.NFO,16/04/2025,09:26:14,23522.6,23514.1,75,23522,75,0,968175
NIFTY-III.NFO,16/04/2025,09:26:16,23522.6,23514.1,75,23521.9,150,0,968175
NIFTY-III.NFO,16/04/2025,09:26:18,23522.6,23514.6,75,23523.6,75,0,968175
NIFTY-III.NFO,16/04/2025,09:26:19,23522.6,23515.1,75,23523.4,150,0,968175
NIFTY-III.NFO,16/04/2025,09:26:21,23522.6,23516.1,75,23524.5,75,0,968175
NIFTY-III.NFO,16/04/2025,09:26:23,23522.6,23517.4,75,23524.9,375,0,968175
NIFTY-III.NFO,16/04/2025,09:26:24,23522.6,23516.2,75,23524.5,75,0,968175
NIFTY-III.NFO,16/04/2025,09:26:26,23522.6,23516.2,75,23522,75,0,968175
NIFTY-III.NFO,16/04/2025,09:26:29,23522,23517.5,75,23524.9,150,75,968175
NIFTY-III.NFO,16/04/2025,09:26:31,23522,23522.6,75,23525,75,0,968175
NIFTY-III.NFO,16/04/2025,09:26:40,23520.1,23519.3,75,23525,75,150,968175
NIFTY-III.NFO,16/04/2025,09:26:41,23520.1,23519.3,75,23525,75,0,968175
NIFTY-III.NFO,16/04/2025,09:26:43,23520.1,23518.3,75,23525,75,0,968175
NIFTY-III.NFO,16/04/2025,09:26:45,23520.1,23518.4,75,23525,75,0,968175
NIFTY-III.NFO,16/04/2025,09:26:46,23520.1,23516.3,75,23524.9,150,0,968175
NIFTY-III.NFO,16/04/2025,09:26:48,23520.1,23516.9,75,23525,75,0,968175
NIFTY-III.NFO,16/04/2025,09:26:50,23520.1,23516.9,75,23524.9,150,0,968175
NIFTY-III.NFO,16/04/2025,09:26:51,23520.1,23518.1,75,23525,75,0,968175
NIFTY-III.NFO,16/04/2025,09:26:53,23520.1,23517,150,23525,75,0,968175
NIFTY-III.NFO,16/04/2025,09:26:55,23520.1,23518.2,75,23525,75,0,968175
NIFTY-III.NFO,16/04/2025,09:27:00,23520.1,23519.3,75,23525,75,0,968175
NIFTY-III.NFO,16/04/2025,09:27:01,23520.1,23519.5,75,23525,150,0,968175
NIFTY-III.NFO,16/04/2025,09:27:03,23520.1,23518.3,75,23525,150,0,968175
NIFTY-III.NFO,16/04/2025,09:27:05,23525,23518.4,75,23525,75,75,968175
NIFTY-III.NFO,16/04/2025,09:27:06,23525,23518.4,75,23525,75,0,968175
NIFTY-III.NFO,16/04/2025,09:27:08,23525,23519.8,75,23525,75,0,968175
NIFTY-III.NFO,16/04/2025,09:27:10,23525,23520.6,75,23525,75,0,968175
NIFTY-III.NFO,16/04/2025,09:27:11,23525,23526.2,150,23530,150,75,968175
NIFTY-III.NFO,16/04/2025,09:27:13,23525,23526.2,150,23530,150,0,968175
NIFTY-III.NFO,16/04/2025,09:27:16,23525,23528.4,150,23530,150,0,968175
NIFTY-III.NFO,16/04/2025,09:27:19,23525,23529,150,23530,150,0,968175
NIFTY-III.NFO,16/04/2025,09:27:23,23525,23528.4,150,23530,150,0,968175
NIFTY-III.NFO,16/04/2025,09:27:28,23525,23529.2,150,23530,150,0,968175
NIFTY-III.NFO,16/04/2025,09:27:33,23530,23530.3,150,23531,225,225,967650
NIFTY-III.NFO,16/04/2025,09:27:34,23530,23530.3,150,23531,225,0,967650
NIFTY-III.NFO,16/04/2025,09:27:36,23530,23530,75,23531,225,75,967650
NIFTY-III.NFO,16/04/2025,09:27:38,23530,23530,75,23530.9,75,0,967650
NIFTY-III.NFO,16/04/2025,09:27:39,23530,23529,75,23531,225,75,967650
NIFTY-III.NFO,16/04/2025,09:27:41,23530,23529.8,75,23531,225,0,967650
NIFTY-III.NFO,16/04/2025,09:27:43,23530,23530.8,150,23530.9,75,0,967650
NIFTY-III.NFO,16/04/2025,09:27:46,23530,23530.8,150,23531,225,0,967650
NIFTY-III.NFO,16/04/2025,09:27:53,23530,23530.8,150,23530.9,75,0,967650
NIFTY-III.NFO,16/04/2025,09:27:54,23530,23530.8,150,23531,225,0,967650
NIFTY-III.NFO,16/04/2025,09:27:56,23531,23530,75,23533,75,225,967650
NIFTY-III.NFO,16/04/2025,09:27:58,23530,23527.4,150,23533,75,225,967650
NIFTY-III.NFO,16/04/2025,09:27:59,23530,23527.5,75,23533,75,0,967650
NIFTY-III.NFO,16/04/2025,09:28:01,23530,23528.8,150,23533,75,0,967650
NIFTY-III.NFO,16/04/2025,09:28:06,23530,23530,75,23533,75,0,967650
NIFTY-III.NFO,16/04/2025,09:28:08,23533,23535.1,150,23541.8,75,75,967650
NIFTY-III.NFO,16/04/2025,09:28:09,23533,23535.6,150,23541.8,75,0,967650
NIFTY-III.NFO,16/04/2025,09:28:11,23533,23535.7,75,23546.3,75,0,967650
NIFTY-III.NFO,16/04/2025,09:28:13,23533,23537.5,150,23544.9,150,0,967650
NIFTY-III.NFO,16/04/2025,09:28:14,23533,23537.5,150,23544,150,0,967650
NIFTY-III.NFO,16/04/2025,09:28:16,23533,23539.5,150,23547,150,0,967650
NIFTY-III.NFO,16/04/2025,09:28:18,23533,23539,150,23547.4,75,0,967650
NIFTY-III.NFO,16/04/2025,09:28:19,23533,23539,150,23546,150,0,967650
NIFTY-III.NFO,16/04/2025,09:28:21,23541,23541,75,23548.7,150,75,967650
NIFTY-III.NFO,16/04/2025,09:28:23,23541,23538.5,150,23541,300,75,967650
NIFTY-III.NFO,16/04/2025,09:28:24,23541,23538.6,75,23547.6,75,300,967650
NIFTY-III.NFO,16/04/2025,09:28:26,23541,23540.8,75,23549.7,150,0,967650
NIFTY-III.NFO,16/04/2025,09:28:28,23545,23542.3,150,23549.8,75,75,967650
NIFTY-III.NFO,16/04/2025,09:28:29,23549.9,23541.4,75,23549.9,75,75,967650
NIFTY-III.NFO,16/04/2025,09:28:31,23549.9,23543.3,150,23549.9,75,0,967650
NIFTY-III.NFO,16/04/2025,09:28:33,23549.9,23545.3,150,23550,225,0,967650
NIFTY-III.NFO,16/04/2025,09:28:34,23550,23548.2,75,23552.3,75,225,967650
NIFTY-III.NFO,16/04/2025,09:28:36,23549.8,23549.5,150,23549.8,1725,75,967650
NIFTY-III.NFO,16/04/2025,09:28:38,23549.8,23549.5,150,23549.8,1725,0,967650
NIFTY-III.NFO,16/04/2025,09:28:44,23549.5,23549.5,150,23549.8,1725,75,967650
NIFTY-III.NFO,16/04/2025,09:28:46,23550,23549.4,75,23552.3,75,1950,967650
NIFTY-III.NFO,16/04/2025,09:28:48,23550,23551.8,75,23552.3,75,0,967650
NIFTY-III.NFO,16/04/2025,09:28:49,23550,23549.2,75,23552.2,75,0,967650
NIFTY-III.NFO,16/04/2025,09:28:51,23552.2,23547.1,75,23552.2,150,75,967650
NIFTY-III.NFO,16/04/2025,09:28:51,23552.2,23547.1,75,23552.2,150,0,967650
NIFTY-III.NFO,16/04/2025,09:28:53,23552.2,23547.1,75,23552.2,150,0,967650
NIFTY-III.NFO,16/04/2025,09:28:54,23552.2,23546.1,75,23552.2,150,0,967650
NIFTY-III.NFO,16/04/2025,09:28:56,23552.2,23546.1,75,23551.5,225,0,967650
NIFTY-III.NFO,16/04/2025,09:28:58,23552.2,23546.1,75,23552.1,225,0,967650
NIFTY-III.NFO,16/04/2025,09:29:01,23552.2,23547,75,23551.9,150,0,967650
NIFTY-III.NFO,16/04/2025,09:29:03,23552.2,23546.1,75,23551.5,225,0,967650
NIFTY-III.NFO,16/04/2025,09:29:06,23552.2,23546.1,75,23549.9,150,0,967650
NIFTY-III.NFO,16/04/2025,09:29:08,23552.2,23546.1,75,23549.9,225,0,967650
NIFTY-III.NFO,16/04/2025,09:29:11,23552.2,23545,75,23549.9,300,0,967650
NIFTY-III.NFO,16/04/2025,09:29:13,23545,23544.1,75,23545,900,75,967650
NIFTY-III.NFO,16/04/2025,09:29:14,23545,23544.1,75,23544.9,150,0,967650
NIFTY-III.NFO,16/04/2025,09:29:16,23545,23544,75,23545,900,0,967650
NIFTY-III.NFO,16/04/2025,09:29:19,23545,23539.9,150,23545,750,150,967650
NIFTY-III.NFO,16/04/2025,09:29:21,23539.8,23540,150,23545,675,825,967650
NIFTY-III.NFO,16/04/2025,09:29:23,23539.8,23539.1,150,23545,675,0,967650
NIFTY-III.NFO,16/04/2025,09:29:24,23539.8,23539.1,150,23545,750,0,967650
NIFTY-III.NFO,16/04/2025,09:29:26,23539.8,23537.9,150,23545,825,0,967650
NIFTY-III.NFO,16/04/2025,09:29:28,23539.8,23539,150,23545,750,0,967650
NIFTY-III.NFO,16/04/2025,09:29:31,23539.8,23538,150,23545,750,0,967650
NIFTY-III.NFO,16/04/2025,09:29:33,23539.8,23538,150,23544.9,225,0,967650
NIFTY-III.NFO,16/04/2025,09:29:34,23540,23538,150,23545,750,75,967650
NIFTY-III.NFO,16/04/2025,09:29:36,23540,23539.1,150,23545,675,0,967650
NIFTY-III.NFO,16/04/2025,09:29:38,23540,23539.2,150,23545,675,0,967650
NIFTY-III.NFO,16/04/2025,09:29:39,23545,23540.3,150,23545,600,75,967650
NIFTY-III.NFO,16/04/2025,09:29:41,23545,23539.2,150,23545,600,0,967650
NIFTY-III.NFO,16/04/2025,09:29:43,23545,23540.3,150,23545,750,0,967650
NIFTY-III.NFO,16/04/2025,09:29:44,23545,23540.2,150,23545,750,0,967650
NIFTY-III.NFO,16/04/2025,09:29:46,23545,23540.3,150,23545,750,0,967650
NIFTY-III.NFO,16/04/2025,09:29:48,23545,23545.2,150,23549.9,150,750,967650
NIFTY-III.NFO,16/04/2025,09:29:49,23545,23545.6,150,23550,150,0,967650
NIFTY-III.NFO,16/04/2025,09:29:51,23545,23546.4,150,23550,150,0,967650
NIFTY-III.NFO,16/04/2025,09:29:54,23545,23546.4,150,23549.9,150,0,967650
NIFTY-III.NFO,16/04/2025,09:29:58,23545,23546.1,150,23549.9,150,0,967650
NIFTY-III.NFO,16/04/2025,09:29:59,23545,23546.1,150,23547.6,150,0,967650
NIFTY-III.NFO,16/04/2025,09:30:01,23546.1,23545,75,23547.6,150,75,967650
NIFTY-III.NFO,16/04/2025,09:30:03,23546.1,23545,75,23547.6,150,0,967650
NIFTY-III.NFO,16/04/2025,09:30:04,23546.1,23545,75,23547.7,75,0,967650
NIFTY-III.NFO,16/04/2025,09:30:06,23546.1,23545.2,75,23547.7,75,0,967650
NIFTY-III.NFO,16/04/2025,09:30:08,23546.1,23546.4,75,23549.9,150,0,967650
NIFTY-III.NFO,16/04/2025,09:30:13,23546.1,23545.5,75,23549.9,150,0,967650
NIFTY-III.NFO,16/04/2025,09:30:15,23546.1,23546.3,75,23549.9,150,0,967650
NIFTY-III.NFO,16/04/2025,09:30:16,23545.6,23545,75,23549.9,150,75,967650
NIFTY-III.NFO,16/04/2025,09:30:20,23545.6,23548,75,23549.9,150,0,967650
NIFTY-III.NFO,16/04/2025,09:30:21,23548,23545,75,23547.5,150,75,967650
NIFTY-III.NFO,16/04/2025,09:30:23,23548,23545,75,23545.6,75,0,967650
NIFTY-III.NFO,16/04/2025,09:30:25,23545.6,23546.5,150,23549.5,300,75,969600
NIFTY-III.NFO,16/04/2025,09:30:26,23545.6,23546.7,150,23548.4,75,0,969600
NIFTY-III.NFO,16/04/2025,09:30:28,23548.4,23548.6,150,23550,150,75,969600
NIFTY-III.NFO,16/04/2025,09:30:30,23548.4,23545.6,75,23549.9,150,0,969600
NIFTY-III.NFO,16/04/2025,09:30:31,23545.6,23545,225,23549.9,150,75,969600
NIFTY-III.NFO,16/04/2025,09:30:33,23545.6,23545,225,23548,75,0,969600
NIFTY-III.NFO,16/04/2025,09:30:38,23545.3,23545.3,75,23548,75,75,969600
NIFTY-III.NFO,16/04/2025,09:30:40,23545.3,23545.3,75,23547.9,150,0,969600
NIFTY-III.NFO,16/04/2025,09:30:41,23545.3,23545,150,23547.2,75,0,969600
NIFTY-III.NFO,16/04/2025,09:30:43,23545.3,23545,150,23546.5,75,0,969600
NIFTY-III.NFO,16/04/2025,09:30:46,23545.3,23545,225,23545.3,75,0,969600
NIFTY-III.NFO,16/04/2025,09:30:48,23545.3,23545,75,23545.3,75,0,969600
NIFTY-III.NFO,16/04/2025,09:30:50,23545.3,23545,75,23545.2,75,0,969600
NIFTY-III.NFO,16/04/2025,09:30:51,23545.3,23545,75,23545.2,225,0,969600
NIFTY-III.NFO,16/04/2025,09:30:53,23545,23544,150,23545.3,75,75,969600
NIFTY-III.NFO,16/04/2025,09:30:55,23545,23544,150,23545.3,375,0,969600
NIFTY-III.NFO,16/04/2025,09:30:56,23545,23544,150,23544.1,75,0,969600
NIFTY-III.NFO,16/04/2025,09:30:58,23544,23540.2,75,23544,150,150,969600
NIFTY-III.NFO,16/04/2025,09:31:00,23544,23540.2,75,23544.1,75,0,969600
NIFTY-III.NFO,16/04/2025,09:31:01,23544,23540.3,150,23545.3,375,0,969600
NIFTY-III.NFO,16/04/2025,09:31:03,23544,23540.2,75,23545.2,225,0,969600
NIFTY-III.NFO,16/04/2025,09:31:06,23544,23540.2,75,23544,75,0,969600
NIFTY-III.NFO,16/04/2025,09:31:08,23544,23544,150,23545.2,75,150,969600
NIFTY-III.NFO,16/04/2025,09:31:10,23544,23544,150,23545.2,75,0,969600
NIFTY-III.NFO,16/04/2025,09:31:11,23544,23544,150,23547.3,225,75,969600
NIFTY-III.NFO,16/04/2025,09:31:13,23544,23544,225,23545.2,300,0,969600
NIFTY-III.NFO,16/04/2025,09:31:15,23544,23540.2,75,23544.4,300,225,969600
NIFTY-III.NFO,16/04/2025,09:31:16,23544,23540.2,75,23542.3,75,0,969600
NIFTY-III.NFO,16/04/2025,09:31:18,23544,23540.2,75,23542,75,0,969600
NIFTY-III.NFO,16/04/2025,09:31:21,23544,23540.2,75,23547.5,150,0,969600
NIFTY-III.NFO,16/04/2025,09:31:23,23544,23540.3,150,23546.7,300,0,969600
NIFTY-III.NFO,16/04/2025,09:31:25,23544,23544,75,23546.6,225,0,969600
NIFTY-III.NFO,16/04/2025,09:31:26,23544,23544,75,23547.1,150,0,969600
NIFTY-III.NFO,16/04/2025,09:31:28,23544,23544,75,23546.7,225,0,969600
NIFTY-III.NFO,16/04/2025,09:31:30,23544,23540.2,75,23545,75,75,969600
NIFTY-III.NFO,16/04/2025,09:31:31,23544,23540.2,75,23544.9,150,0,969600
NIFTY-III.NFO,16/04/2025,09:31:33,23544,23540.3,150,23546.8,300,0,969600
NIFTY-III.NFO,16/04/2025,09:31:35,23540.9,23542.2,75,23545.3,75,75,969600
NIFTY-III.NFO,16/04/2025,09:31:36,23540.9,23541,150,23545.3,75,0,969600
NIFTY-III.NFO,16/04/2025,09:31:40,23540.9,23542.3,75,23549.9,150,0,969600
NIFTY-III.NFO,16/04/2025,09:31:41,23540.9,23542.3,75,23547.8,75,0,969600
NIFTY-III.NFO,16/04/2025,09:31:43,23540.9,23542.3,75,23547.7,75,0,969600
NIFTY-III.NFO,16/04/2025,09:31:44,23540.9,23541.1,150,23547.7,75,0,969600
NIFTY-III.NFO,16/04/2025,09:31:46,23540.9,23540.2,75,23547.6,225,0,969600
NIFTY-III.NFO,16/04/2025,09:31:48,23540.9,23541.3,150,23547.7,75,0,969600
NIFTY-III.NFO,16/04/2025,09:31:49,23540.9,23542.6,150,23547.2,75,0,969600
NIFTY-III.NFO,16/04/2025,09:31:51,23540.9,23543.8,75,23547.2,75,0,969600
NIFTY-III.NFO,16/04/2025,09:31:53,23540.9,23546.9,150,23547.2,75,0,969600
NIFTY-III.NFO,16/04/2025,09:31:56,23547.2,23546.2,75,23548.2,300,75,969600
NIFTY-III.NFO,16/04/2025,09:31:58,23547.2,23544.8,75,23548,75,0,969600
NIFTY-III.NFO,16/04/2025,09:31:59,23547.2,23546.1,75,23547.2,75,0,969600
NIFTY-III.NFO,16/04/2025,09:32:01,23547.2,23547.7,75,23548,75,75,969600
NIFTY-III.NFO,16/04/2025,09:32:11,23548,23548.1,150,23550,150,75,969600
NIFTY-III.NFO,16/04/2025,09:32:13,23548,23549.9,75,23550,150,0,969600
NIFTY-III.NFO,16/04/2025,09:32:14,23548.8,23548.8,75,23550,75,150,969600
NIFTY-III.NFO,16/04/2025,09:32:16,23548.8,23548.1,75,23548.8,75,0,969600
NIFTY-III.NFO,16/04/2025,09:32:18,23548.8,23547.7,75,23548.8,75,0,969600
NIFTY-III.NFO,16/04/2025,09:32:19,23548.8,23547.7,150,23548.8,75,0,969600
NIFTY-III.NFO,16/04/2025,09:32:23,23548.8,23547.7,75,23548.8,75,0,969600
NIFTY-III.NFO,16/04/2025,09:32:26,23548.7,23547.7,75,23548.7,75,75,969600
NIFTY-III.NFO,16/04/2025,09:32:28,23548.7,23547.7,75,23548.7,75,0,969600
NIFTY-III.NFO,16/04/2025,09:32:31,23548.7,23547.7,75,23548.5,150,0,969600
NIFTY-III.NFO,16/04/2025,09:32:33,23548.7,23547.7,75,23548.6,75,0,969600
NIFTY-III.NFO,16/04/2025,09:32:34,23548.7,23547.7,75,23548.8,75,0,969600
NIFTY-III.NFO,16/04/2025,09:32:36,23548.8,23547.7,75,23550,75,75,969600
NIFTY-III.NFO,16/04/2025,09:32:38,23548.8,23548.1,75,23550,75,0,969600
NIFTY-III.NFO,16/04/2025,09:32:39,23548.8,23547.7,75,23550,75,0,969600
NIFTY-III.NFO,16/04/2025,09:32:41,23548.8,23548,75,23550,75,0,969600
NIFTY-III.NFO,16/04/2025,09:32:43,23548.8,23548.5,75,23550,75,0,969600
NIFTY-III.NFO,16/04/2025,09:32:44,23548.5,23547.7,75,23550,75,75,969600
NIFTY-III.NFO,16/04/2025,09:32:46,23548.5,23547.7,75,23550,75,0,969600
NIFTY-III.NFO,16/04/2025,09:32:56,23550.8,23551.8,150,23552,75,150,969600
NIFTY-III.NFO,16/04/2025,09:32:58,23550.8,23548.7,150,23552,75,0,969600
NIFTY-III.NFO,16/04/2025,09:32:59,23552.3,23551.9,150,23555,375,150,969600
NIFTY-III.NFO,16/04/2025,09:32:59,23552.3,23551.9,150,23555,375,0,969600
NIFTY-III.NFO,16/04/2025,09:33:01,23552.3,23550.4,150,23555,375,0,969600
NIFTY-III.NFO,16/04/2025,09:33:03,23552.3,23550.4,150,23554.7,150,0,969600
NIFTY-III.NFO,16/04/2025,09:33:06,23552.3,23550.4,150,23554.8,75,0,969600
NIFTY-III.NFO,16/04/2025,09:33:08,23555,23551.5,150,23555,150,300,969600
NIFTY-III.NFO,16/04/2025,09:33:08,23555,23551.5,150,23555,150,0,969600
NIFTY-III.NFO,16/04/2025,09:33:09,23555,23552.6,150,23555,75,75,969600
NIFTY-III.NFO,16/04/2025,09:33:11,23555,23554,75,23555,75,0,969600
NIFTY-III.NFO,16/04/2025,09:33:13,23554,23550.1,150,23558.1,225,150,969600
NIFTY-III.NFO,16/04/2025,09:33:14,23554,23549,150,23555.1,150,0,969600
NIFTY-III.NFO,16/04/2025,09:33:16,23554,23549.1,150,23555.1,150,0,969600
NIFTY-III.NFO,16/04/2025,09:33:18,23554,23549.1,150,23553.7,150,0,969600
NIFTY-III.NFO,16/04/2025,09:33:19,23554,23549.9,150,23553.2,150,0,969600
NIFTY-III.NFO,16/04/2025,09:33:21,23549.9,23547.7,75,23552.6,225,150,969600
NIFTY-III.NFO,16/04/2025,09:33:23,23549.9,23547.7,75,23552.6,150,0,969600
NIFTY-III.NFO,16/04/2025,09:33:24,23549.9,23550,75,23552.1,150,0,969600
NIFTY-III.NFO,16/04/2025,09:33:26,23552.1,23550,75,23552.1,75,75,970125
NIFTY-III.NFO,16/04/2025,09:33:28,23552.1,23550,75,23552.1,75,0,970125
NIFTY-III.NFO,16/04/2025,09:33:29,23552.1,23550,75,23552.1,150,0,970125
NIFTY-III.NFO,16/04/2025,09:33:33,23552.1,23550,75,23552.1,75,0,970125
NIFTY-III.NFO,16/04/2025,09:33:36,23551.9,23550,75,23551.9,150,150,970125
NIFTY-III.NFO,16/04/2025,09:33:38,23551.9,23550,75,23551.9,150,0,970125
NIFTY-III.NFO,16/04/2025,09:33:39,23551.9,23550,75,23551.9,225,0,970125
NIFTY-III.NFO,16/04/2025,09:33:41,23551.9,23550,75,23551.9,150,0,970125
NIFTY-III.NFO,16/04/2025,09:33:43,23551.9,23550,75,23552,75,0,970125
NIFTY-III.NFO,16/04/2025,09:33:44,23551.9,23550,75,23551.9,225,0,970125
NIFTY-III.NFO,16/04/2025,09:33:48,23551.9,23550,75,23552,75,0,970125
NIFTY-III.NFO,16/04/2025,09:33:54,23552,23550,75,23554.8,75,75,970125
NIFTY-III.NFO,16/04/2025,09:33:56,23552,23550,75,23556.2,75,0,970125
NIFTY-III.NFO,16/04/2025,09:33:58,23552,23550,75,23555.8,75,0,970125
NIFTY-III.NFO,16/04/2025,09:33:59,23552,23550.1,150,23555.8,75,0,970125
NIFTY-III.NFO,16/04/2025,09:34:01,23552,23550,75,23555.8,75,0,970125
NIFTY-III.NFO,16/04/2025,09:34:04,23550,23547.8,150,23555.5,75,75,970125
NIFTY-III.NFO,16/04/2025,09:34:06,23550,23547.8,150,23555.4,150,0,970125
NIFTY-III.NFO,16/04/2025,09:34:09,23550,23549.3,150,23551.9,75,150,970125
NIFTY-III.NFO,16/04/2025,09:34:11,23550,23549.8,150,23551.9,75,0,970125
NIFTY-III.NFO,16/04/2025,09:34:13,23551.9,23551,75,23554.8,75,75,970125
NIFTY-III.NFO,16/04/2025,09:34:14,23551.9,23548.3,75,23554.8,150,0,970125
NIFTY-III.NFO,16/04/2025,09:34:16,23551.9,23547.7,75,23552.4,150,0,970125
NIFTY-III.NFO,16/04/2025,09:34:18,23551.9,23547.7,75,23551.9,75,0,970125
NIFTY-III.NFO,16/04/2025,09:34:19,23551.9,23547.7,75,23553.7,150,0,970125
NIFTY-III.NFO,16/04/2025,09:34:23,23553.7,23547.7,75,23553.7,225,75,970125
NIFTY-III.NFO,16/04/2025,09:34:24,23553.7,23547.7,75,23552.6,225,0,970125
NIFTY-III.NFO,16/04/2025,09:34:26,23552.6,23547.7,75,23552.6,150,75,970125
NIFTY-III.NFO,16/04/2025,09:34:28,23552.6,23547.7,75,23552.3,150,0,970125
NIFTY-III.NFO,16/04/2025,09:34:34,23552.6,23547.7,75,23551.2,150,0,970125
NIFTY-III.NFO,16/04/2025,09:34:36,23551.2,23547.7,75,23552.3,450,75,970125
NIFTY-III.NFO,16/04/2025,09:34:37,23551.2,23547.7,75,23551.7,75,0,970125
NIFTY-III.NFO,16/04/2025,09:34:39,23551.2,23547.7,75,23550,150,0,970125
NIFTY-III.NFO,16/04/2025,09:34:44,23550,23547.7,75,23550,75,150,970125
NIFTY-III.NFO,16/04/2025,09:34:46,23550,23547.7,75,23550,75,0,970125
NIFTY-III.NFO,16/04/2025,09:34:47,23545.1,23545.6,150,23550,75,150,970125
NIFTY-III.NFO,16/04/2025,09:34:49,23545.1,23546.3,150,23550,75,0,970125
NIFTY-III.NFO,16/04/2025,09:34:51,23545.1,23546.4,150,23550,75,0,970125
NIFTY-III.NFO,16/04/2025,09:34:52,23545.1,23546.2,75,23549.9,75,0,970125
NIFTY-III.NFO,16/04/2025,09:34:54,23545.1,23542.6,75,23549.9,150,0,970125
NIFTY-III.NFO,16/04/2025,09:34:56,23545.1,23544.2,150,23550,75,0,970125
NIFTY-III.NFO,16/04/2025,09:34:57,23545.1,23543.7,150,23550,75,0,970125
NIFTY-III.NFO,16/04/2025,09:35:01,23545.1,23542.3,150,23549.9,75,0,970125
NIFTY-III.NFO,16/04/2025,09:35:02,23545.1,23543.1,75,23549.9,75,0,970125
NIFTY-III.NFO,16/04/2025,09:35:04,23545.1,23542.3,150,23550,75,0,970125
NIFTY-III.NFO,16/04/2025,09:35:06,23545.1,23542.3,150,23549.9,75,0,970125
NIFTY-III.NFO,16/04/2025,09:35:08,23545.1,23542.3,225,23549.9,75,0,970125
NIFTY-III.NFO,16/04/2025,09:35:09,23545.1,23543.2,75,23549.9,75,0,970125
NIFTY-III.NFO,16/04/2025,09:35:11,23545.1,23542.4,75,23549.9,150,0,970125
NIFTY-III.NFO,16/04/2025,09:35:12,23545.1,23544,75,23549.9,150,0,970125
NIFTY-III.NFO,16/04/2025,09:35:13,23545.1,23544,75,23545.1,75,0,970125
NIFTY-III.NFO,16/04/2025,09:35:15,23545.1,23543,75,23545.1,75,0,970125
NIFTY-III.NFO,16/04/2025,09:35:18,23545.1,23544.1,75,23549.9,75,75,970125
NIFTY-III.NFO,16/04/2025,09:35:20,23545.1,23543.6,75,23549.9,75,0,970125
NIFTY-III.NFO,16/04/2025,09:35:22,23545.1,23544.2,75,23549.9,75,0,970125
NIFTY-III.NFO,16/04/2025,09:35:23,23544.2,23541.1,150,23549.9,150,75,970125
NIFTY-III.NFO,16/04/2025,09:35:25,23550,23541,75,23548.9,450,300,970125
NIFTY-III.NFO,16/04/2025,09:35:26,23550,23541.1,150,23548.9,450,0,970125
NIFTY-III.NFO,16/04/2025,09:35:28,23550,23541.1,150,23548.9,75,0,970125
NIFTY-III.NFO,16/04/2025,09:35:30,23550,23541.1,150,23549.9,450,0,970125
NIFTY-III.NFO,16/04/2025,09:35:31,23549.9,23541.1,150,23550.9,450,75,970125
NIFTY-III.NFO,16/04/2025,09:35:33,23549.9,23541.1,150,23549.8,75,0,970125
NIFTY-III.NFO,16/04/2025,09:35:34,23549.9,23541.1,150,23549.6,75,0,970125
NIFTY-III.NFO,16/04/2025,09:35:38,23549.9,23541.1,150,23549.2,150,0,970125
NIFTY-III.NFO,16/04/2025,09:35:39,23549.9,23541,75,23549.2,150,0,970125
NIFTY-III.NFO,16/04/2025,09:35:41,23549.9,23541,75,23548.7,450,0,970125
NIFTY-III.NFO,16/04/2025,09:35:42,23549.9,23541.1,150,23548.7,75,0,970125
NIFTY-III.NFO,16/04/2025,09:35:44,23549.9,23541,75,23548.6,375,0,970125
NIFTY-III.NFO,16/04/2025,09:35:46,23549.9,23541,75,23548.7,75,0,970125
NIFTY-III.NFO,16/04/2025,09:35:47,23548.5,23541,75,23548.7,75,75,970125
NIFTY-III.NFO,16/04/2025,09:35:49,23548.5,23541.1,150,23548.7,75,0,970125
NIFTY-III.NFO,16/04/2025,09:35:52,23548.5,23541.3,150,23549.8,150,0,970125
NIFTY-III.NFO,16/04/2025,09:35:54,23548.5,23541.3,150,23550,150,0,970125
NIFTY-III.NFO,16/04/2025,09:35:55,23548.5,23541.4,150,23550,150,0,970125
NIFTY-III.NFO,16/04/2025,09:35:57,23548.5,23541.1,150,23549.3,75,0,970125
NIFTY-III.NFO,16/04/2025,09:35:58,23548.5,23541,75,23548.2,450,0,970125
NIFTY-III.NFO,16/04/2025,09:36:00,23548.5,23541.1,150,23548.7,75,0,970125
NIFTY-III.NFO,16/04/2025,09:36:02,23548.5,23541,75,23548.7,150,0,970125
NIFTY-III.NFO,16/04/2025,09:36:03,23548.5,23541.1,150,23548.7,150,0,970125
NIFTY-III.NFO,16/04/2025,09:36:07,23548.5,23541.1,150,23548.4,150,0,970125
NIFTY-III.NFO,16/04/2025,09:36:08,23548.4,23541,75,23548.7,75,75,970125
NIFTY-III.NFO,16/04/2025,09:36:10,23548.4,23541,75,23548.1,450,0,970125
NIFTY-III.NFO,16/04/2025,09:36:11,23547,23541,75,23546.9,375,150,970125
NIFTY-III.NFO,16/04/2025,09:36:13,23547,23541,75,23546.9,375,0,970125
NIFTY-III.NFO,16/04/2025,09:36:15,23547,23541,75,23545.8,450,0,970125
NIFTY-III.NFO,16/04/2025,09:36:16,23547,23541,75,23544.7,450,0,970125
NIFTY-III.NFO,16/04/2025,09:36:18,23547,23541,75,23543.8,75,0,970125
NIFTY-III.NFO,16/04/2025,09:36:20,23547,23541,75,23543.6,375,0,970125
NIFTY-III.NFO,16/04/2025,09:36:21,23540.9,23537,75,23542.5,450,150,970125
NIFTY-III.NFO,16/04/2025,09:36:23,23540.9,23537,75,23543.5,450,0,970125
NIFTY-III.NFO,16/04/2025,09:36:25,23540.9,23537,75,23543.1,75,0,970125
NIFTY-III.NFO,16/04/2025,09:36:26,23540.9,23537.1,150,23544.1,75,0,970125
NIFTY-III.NFO,16/04/2025,09:36:28,23540.9,23537,75,23544.1,150,0,970125
NIFTY-III.NFO,16/04/2025,09:36:29,23540.9,23537,75,23540,75,0,970125
NIFTY-III.NFO,16/04/2025,09:36:33,23540,23541.2,75,23548.1,375,75,970725
NIFTY-III.NFO,16/04/2025,09:36:34,23540,23541.2,75,23545.6,75,0,970725
NIFTY-III.NFO,16/04/2025,09:36:36,23540,23541.5,75,23545.6,75,0,970725
NIFTY-III.NFO,16/04/2025,09:36:37,23540,23541.7,75,23545.6,75,0,970725
NIFTY-III.NFO,16/04/2025,09:36:39,23540,23539.7,75,23545.6,75,0,970725
NIFTY-III.NFO,16/04/2025,09:36:41,23540,23540.4,75,23545.4,75,0,970725
NIFTY-III.NFO,16/04/2025,09:36:42,23540,23541.8,75,23545.4,75,0,970725
NIFTY-III.NFO,16/04/2025,09:36:44,23540,23543.5,75,23545.4,75,0,970725
NIFTY-III.NFO,16/04/2025,09:36:50,23540,23543,150,23548.4,75,0,970725
NIFTY-III.NFO,16/04/2025,09:36:52,23540,23543,225,23548.4,75,0,970725
NIFTY-III.NFO,16/04/2025,09:36:54,23540,23543,300,23548.4,75,0,970725
NIFTY-III.NFO,16/04/2025,09:36:55,23540,23543,225,23548.5,75,0,970725
NIFTY-III.NFO,16/04/2025,09:36:57,23543,23544.6,150,23548.5,75,75,970725
NIFTY-III.NFO,16/04/2025,09:36:58,23543,23545.5,75,23548.5,75,0,970725
NIFTY-III.NFO,16/04/2025,09:37:00,23548.5,23546.5,75,23550,300,75,970725
NIFTY-III.NFO,16/04/2025,09:37:02,23548.5,23546.6,150,23550,300,0,970725
NIFTY-III.NFO,16/04/2025,09:37:03,23546.6,23548,75,23550,300,75,970725
NIFTY-III.NFO,16/04/2025,09:37:05,23546.6,23548,75,23550,300,0,970725
NIFTY-III.NFO,16/04/2025,09:37:06,23546.6,23548.3,75,23550,225,0,970725
NIFTY-III.NFO,16/04/2025,09:37:08,23546.6,23548.3,75,23550,150,0,970725
NIFTY-III.NFO,16/04/2025,09:37:10,23550,23550,225,23553.5,75,150,970725
NIFTY-III.NFO,16/04/2025,09:37:11,23550,23551.1,150,23553.5,75,0,970725
NIFTY-III.NFO,16/04/2025,09:37:13,23550,23551.4,150,23553.5,75,0,970725
NIFTY-III.NFO,16/04/2025,09:37:16,23550,23549.2,150,23553.5,75,0,970725
NIFTY-III.NFO,16/04/2025,09:37:21,23550,23549,150,23552,75,0,970725
NIFTY-III.NFO,16/04/2025,09:37:23,23550,23547,150,23550.9,75,0,970725
NIFTY-III.NFO,16/04/2025,09:37:24,23550,23543.3,150,23550.9,75,0,970725
NIFTY-III.NFO,16/04/2025,09:37:26,23550,23546,150,23550.9,150,0,970725
NIFTY-III.NFO,16/04/2025,09:37:28,23550,23546,150,23550.7,150,0,970725
NIFTY-III.NFO,16/04/2025,09:37:29,23550,23546,150,23550.9,75,0,970725
NIFTY-III.NFO,16/04/2025,09:37:31,23550,23546,150,23550.4,75,0,970725
NIFTY-III.NFO,16/04/2025,09:37:33,23550,23546,150,23549.9,150,0,970725
NIFTY-III.NFO,16/04/2025,09:37:34,23550,23546.4,150,23549.9,150,0,970725
NIFTY-III.NFO,16/04/2025,09:37:36,23550,23546.4,150,23550,75,0,970725
NIFTY-III.NFO,16/04/2025,09:37:38,23550,23546,150,23550,75,0,970725
NIFTY-III.NFO,16/04/2025,09:37:39,23550,23544.6,150,23549.9,75,0,970725
NIFTY-III.NFO,16/04/2025,09:37:41,23549.9,23544.6,150,23550,75,75,970725
NIFTY-III.NFO,16/04/2025,09:37:43,23549.9,23544.9,150,23550,675,0,970725
NIFTY-III.NFO,16/04/2025,09:37:44,23549.9,23544.7,150,23549.9,75,0,970725
NIFTY-III.NFO,16/04/2025,09:37:46,23549.9,23544.8,150,23550,750,0,970725
NIFTY-III.NFO,16/04/2025,09:37:48,23549.9,23546.6,150,23550,750,0,970725
NIFTY-III.NFO,16/04/2025,09:37:49,23549.9,23546.6,150,23549.9,75,0,970725
NIFTY-III.NFO,16/04/2025,09:37:51,23549.9,23547.6,150,23549.9,75,0,970725
NIFTY-III.NFO,16/04/2025,09:37:54,23549.9,23546.7,150,23549.9,75,0,970725
NIFTY-III.NFO,16/04/2025,09:37:56,23549.9,23549,150,23549.9,75,0,970725
NIFTY-III.NFO,16/04/2025,09:37:58,23550,23546.1,225,23550,675,150,970725
NIFTY-III.NFO,16/04/2025,09:37:59,23550,23551.2,150,23557.1,75,675,970725
NIFTY-III.NFO,16/04/2025,09:38:01,23550,23551.2,150,23554.7,300,0,970725
NIFTY-III.NFO,16/04/2025,09:38:03,23550,23551.4,150,23554.6,75,0,970725
NIFTY-III.NFO,16/04/2025,09:38:06,23550,23551.6,75,23554.6,75,0,970725
NIFTY-III.NFO,16/04/2025,09:38:08,23554.6,23552.3,150,23560.2,75,75,970725
NIFTY-III.NFO,16/04/2025,09:38:09,23554.6,23554,150,23558.6,75,0,970725
NIFTY-III.NFO,16/04/2025,09:38:11,23554.6,23555.6,150,23560.3,75,0,970725
NIFTY-III.NFO,16/04/2025,09:38:13,23554.6,23555.8,150,23560.3,75,0,970725
NIFTY-III.NFO,16/04/2025,09:38:14,23554.6,23555.6,75,23560.3,75,0,970725
NIFTY-III.NFO,16/04/2025,09:38:18,23554.6,23555.6,75,23560.2,75,0,970725
NIFTY-III.NFO,16/04/2025,09:38:21,23560.2,23556,150,23560.3,75,75,970725
NIFTY-III.NFO,16/04/2025,09:38:21,23560.2,23556,150,23560.3,75,0,970725
NIFTY-III.NFO,16/04/2025,09:38:23,23560.2,23555.6,75,23560.3,75,0,970725
NIFTY-III.NFO,16/04/2025,09:38:24,23560.2,23556,150,23560.3,75,0,970725
NIFTY-III.NFO,16/04/2025,09:38:26,23560.2,23555.6,75,23560.3,75,0,970725
NIFTY-III.NFO,16/04/2025,09:38:28,23560.2,23560,75,23560.3,75,0,970725
NIFTY-III.NFO,16/04/2025,09:38:29,23560.2,23560,75,23560.1,75,0,970725
NIFTY-III.NFO,16/04/2025,09:38:32,23560.2,23560,75,23560.2,75,0,970725
NIFTY-III.NFO,16/04/2025,09:38:37,23560.2,23560,75,23560.3,75,75,970725
NIFTY-III.NFO,16/04/2025,09:38:39,23560.2,23560,75,23560.3,75,0,970725
NIFTY-III.NFO,16/04/2025,09:38:42,23560.2,23560.2,150,23560.3,75,0,970725
NIFTY-III.NFO,16/04/2025,09:38:44,23560.3,23562.2,150,23567.8,375,75,970725
NIFTY-III.NFO,16/04/2025,09:38:44,23560.3,23562.2,150,23567.8,375,0,970725
NIFTY-III.NFO,16/04/2025,09:38:46,23560.3,23560.8,150,23566.4,75,0,970725
NIFTY-III.NFO,16/04/2025,09:38:49,23560.3,23561.7,150,23566.4,75,0,970725
NIFTY-III.NFO,16/04/2025,09:38:52,23566.4,23563.7,225,23570.9,150,75,970725
NIFTY-III.NFO,16/04/2025,09:38:52,23566.4,23563.7,225,23570.9,150,0,970725
NIFTY-III.NFO,16/04/2025,09:38:54,23566.4,23564,75,23570.9,75,0,970725
NIFTY-III.NFO,16/04/2025,09:38:56,23566.4,23564.6,150,23570,75,0,970725
NIFTY-III.NFO,16/04/2025,09:39:01,23566.4,23564.7,150,23569.8,375,0,970725
NIFTY-III.NFO,16/04/2025,09:39:02,23566.4,23564.7,150,23568.6,375,0,970725
NIFTY-III.NFO,16/04/2025,09:39:04,23566.4,23565,75,23568.6,375,0,970725
NIFTY-III.NFO,16/04/2025,09:39:06,23566.4,23565,75,23567.5,375,0,970725
NIFTY-III.NFO,16/04/2025,09:39:07,23566.4,23565,75,23568.7,75,0,970725
NIFTY-III.NFO,16/04/2025,09:39:12,23569.4,23565,75,23569.5,300,150,970725
NIFTY-III.NFO,16/04/2025,09:39:12,23569.4,23565,75,23569.5,300,0,970725
NIFTY-III.NFO,16/04/2025,09:39:14,23569.4,23565,75,23569.5,300,0,970725
NIFTY-III.NFO,16/04/2025,09:39:17,23569.4,23565,75,23569.7,75,0,970725
NIFTY-III.NFO,16/04/2025,09:39:19,23569.4,23565,75,23569.4,300,0,970725
NIFTY-III.NFO,16/04/2025,09:39:20,23569.4,23565,75,23569.3,300,0,970725
NIFTY-III.NFO,16/04/2025,09:39:22,23569.4,23565,75,23569.2,300,0,970725
NIFTY-III.NFO,16/04/2025,09:39:23,23569.4,23565,75,23568.1,300,0,970725
NIFTY-III.NFO,16/04/2025,09:39:25,23569.4,23565,75,23569.1,300,0,970725
NIFTY-III.NFO,16/04/2025,09:39:27,23569.4,23565,75,23566.9,300,0,970725
NIFTY-III.NFO,16/04/2025,09:39:28,23565,23561.1,150,23564.9,225,75,970725
NIFTY-III.NFO,16/04/2025,09:39:30,23565,23560,150,23564.9,300,0,971100
NIFTY-III.NFO,16/04/2025,09:39:32,23565,23560,150,23564.8,75,0,971100
NIFTY-III.NFO,16/04/2025,09:39:35,23565,23560,150,23563.8,225,0,971100
NIFTY-III.NFO,16/04/2025,09:39:37,23565,23560,150,23565,225,0,971100
NIFTY-III.NFO,16/04/2025,09:39:38,23565,23560.7,150,23566,225,0,971100
NIFTY-III.NFO,16/04/2025,09:39:40,23566,23560.1,150,23565.6,150,75,971100
NIFTY-III.NFO,16/04/2025,09:39:42,23566,23560.1,150,23565,75,0,971100
NIFTY-III.NFO,16/04/2025,09:39:43,23566,23561,150,23565,150,0,971100
NIFTY-III.NFO,16/04/2025,09:39:51,23566,23561.1,150,23565,150,0,971100
NIFTY-III.NFO,16/04/2025,09:39:53,23566,23563,150,23565,150,0,971100
NIFTY-III.NFO,16/04/2025,09:39:55,23566,23561.1,150,23564.5,150,0,971100
NIFTY-III.NFO,16/04/2025,09:39:56,23561.1,23561.1,75,23565,150,75,971100
NIFTY-III.NFO,16/04/2025,09:39:58,23561.1,23561.1,75,23565,150,0,971100
NIFTY-III.NFO,16/04/2025,09:39:59,23561.1,23561,75,23565,225,0,971100
NIFTY-III.NFO,16/04/2025,09:40:01,23561.1,23561,75,23565,150,0,971100
NIFTY-III.NFO,16/04/2025,09:40:03,23561.1,23561.1,150,23565,150,0,971100
NIFTY-III.NFO,16/04/2025,09:40:04,23561.1,23561.1,75,23562,75,0,971100
NIFTY-III.NFO,16/04/2025,09:40:06,23561.8,23561.8,150,23562,75,75,971100
NIFTY-III.NFO,16/04/2025,09:40:08,23561.8,23561.1,150,23562,75,0,971100
NIFTY-III.NFO,16/04/2025,09:40:13,23562,23561.9,150,23565,75,75,971100
NIFTY-III.NFO,16/04/2025,09:40:15,23562,23561,150,23564.6,150,0,971100
NIFTY-III.NFO,16/04/2025,09:40:16,23562,23561,150,23562,75,0,971100
NIFTY-III.NFO,16/04/2025,09:40:18,23562,23561.2,150,23562,75,0,971100
NIFTY-III.NFO,16/04/2025,09:40:20,23562,23561,150,23562,75,0,971100
NIFTY-III.NFO,16/04/2025,09:40:21,23559.1,23559.1,75,23565,75,75,971100
NIFTY-III.NFO,16/04/2025,09:40:23,23559.1,23559,75,23564.4,150,0,971100
NIFTY-III.NFO,16/04/2025,09:40:24,23559.1,23559,75,23563.3,150,0,971100
NIFTY-III.NFO,16/04/2025,09:40:29,23559.1,23558,150,23562.2,150,0,971100
NIFTY-III.NFO,16/04/2025,09:40:31,23559.1,23558,150,23563.2,150,0,971100
NIFTY-III.NFO,16/04/2025,09:40:33,23559.2,23558,150,23559.1,600,75,971100
NIFTY-III.NFO,16/04/2025,09:40:34,23559.2,23558,150,23559.1,600,0,971100
NIFTY-III.NFO,16/04/2025,09:40:38,23559.2,23558.5,75,23559.1,600,0,971100
NIFTY-III.NFO,16/04/2025,09:40:39,23559.1,23558.8,150,23559.2,75,600,971100
NIFTY-III.NFO,16/04/2025,09:40:41,23559.2,23559.2,150,23564.9,75,75,971100
NIFTY-III.NFO,16/04/2025,09:40:43,23559.2,23560.5,75,23565,75,75,971100
NIFTY-III.NFO,16/04/2025,09:40:44,23560,23559.9,150,23560,225,150,971100
NIFTY-III.NFO,16/04/2025,09:40:46,23560,23559.9,150,23560,150,75,971100
NIFTY-III.NFO,16/04/2025,09:40:47,23560,23561.7,150,23565,75,150,971100
NIFTY-III.NFO,16/04/2025,09:40:49,23564.5,23561.7,150,23565,75,75,971100
NIFTY-III.NFO,16/04/2025,09:40:51,23565,23565,75,23566,75,150,971100
NIFTY-III.NFO,16/04/2025,09:40:52,23565,23565,75,23566,75,0,971100
NIFTY-III.NFO,16/04/2025,09:40:54,23565,23561.7,150,23565.1,75,75,971100
NIFTY-III.NFO,16/04/2025,09:40:56,23565,23561.7,150,23565.1,75,0,971100
NIFTY-III.NFO,16/04/2025,09:40:57,23565,23559,150,23565.1,75,0,971100
NIFTY-III.NFO,16/04/2025,09:40:59,23565,23559,150,23564,75,0,971100
NIFTY-III.NFO,16/04/2025,09:41:02,23565,23558.3,150,23564,75,0,971100
NIFTY-III.NFO,16/04/2025,09:41:04,23565,23558.2,150,23564,150,0,971100
NIFTY-III.NFO,16/04/2025,09:41:06,23565,23558.3,300,23564,75,0,971100
NIFTY-III.NFO,16/04/2025,09:41:09,23565,23559.6,150,23564.9,75,0,971100
NIFTY-III.NFO,16/04/2025,09:41:11,23565,23559.8,150,23565,75,0,971100
NIFTY-III.NFO,16/04/2025,09:41:14,23565,23558.6,150,23563.9,75,0,971100
NIFTY-III.NFO,16/04/2025,09:41:15,23565,23558.6,150,23564.8,75,0,971100
NIFTY-III.NFO,16/04/2025,09:41:17,23565,23558.5,150,23564.5,75,0,971100
NIFTY-III.NFO,16/04/2025,09:41:19,23565,23559.1,150,23564.8,75,0,971100
NIFTY-III.NFO,16/04/2025,09:41:20,23565,23558.5,225,23565,300,0,971100
NIFTY-III.NFO,16/04/2025,09:41:22,23565,23558.1,225,23565,300,0,971100
NIFTY-III.NFO,16/04/2025,09:41:24,23565,23559.3,150,23565,300,0,971100
NIFTY-III.NFO,16/04/2025,09:41:25,23565,23558.1,225,23565,300,0,971100
NIFTY-III.NFO,16/04/2025,09:41:27,23565,23558.1,375,23565,300,0,971100
NIFTY-III.NFO,16/04/2025,09:41:29,23565,23558.1,300,23564.9,150,0,971100
NIFTY-III.NFO,16/04/2025,09:41:30,23565,23558.1,150,23560,225,0,971100
NIFTY-III.NFO,16/04/2025,09:41:32,23560,23558.1,150,23563.6,75,225,971100
NIFTY-III.NFO,16/04/2025,09:41:34,23560,23558.1,150,23563.6,75,0,971100
NIFTY-III.NFO,16/04/2025,09:41:37,23563.6,23558.1,150,23563.7,75,75,971100
NIFTY-III.NFO,16/04/2025,09:41:39,23563.6,23558.1,150,23563.7,75,0,971100
NIFTY-III.NFO,16/04/2025,09:41:42,23563.6,23558.1,225,23563.6,75,0,971100
NIFTY-III.NFO,16/04/2025,09:41:44,23563.6,23559.9,225,23563.6,75,0,971100
NIFTY-III.NFO,16/04/2025,09:41:45,23563.6,23559.9,375,23563.6,75,0,971100
NIFTY-III.NFO,16/04/2025,09:41:47,23563.6,23560.2,225,23563.6,75,0,971100
NIFTY-III.NFO,16/04/2025,09:41:50,23563.6,23558.5,225,23563.6,75,0,971100
NIFTY-III.NFO,16/04/2025,09:41:52,23563.6,23558.2,150,23563.6,75,0,971100
NIFTY-III.NFO,16/04/2025,09:41:57,23563.6,23558,150,23563.5,150,0,971100
NIFTY-III.NFO,16/04/2025,09:41:59,23563.6,23559,150,23562.9,150,0,971100
NIFTY-III.NFO,16/04/2025,09:42:00,23563.6,23559.1,150,23563.6,75,0,971100
NIFTY-III.NFO,16/04/2025,09:42:02,23563.6,23559.2,150,23565,75,0,971100
NIFTY-III.NFO,16/04/2025,09:42:04,23563.6,23560.6,75,23565,75,0,971100
NIFTY-III.NFO,16/04/2025,09:42:10,23563.6,23561,150,23565,75,0,971100
NIFTY-III.NFO,16/04/2025,09:42:15,23563.6,23561.1,150,23565,75,0,971100
NIFTY-III.NFO,16/04/2025,09:42:20,23566,23565.5,150,23570,225,150,971100
NIFTY-III.NFO,16/04/2025,09:42:22,23566,23564.3,225,23570,225,0,971100
NIFTY-III.NFO,16/04/2025,09:42:24,23566,23564.2,150,23570,225,0,971100
NIFTY-III.NFO,16/04/2025,09:42:25,23566,23564.3,375,23570,225,0,971100
NIFTY-III.NFO,16/04/2025,09:42:27,23570,23570,150,23570.9,75,225,971250
NIFTY-III.NFO,16/04/2025,09:42:27,23570,23570,150,23570.9,75,0,971250
NIFTY-III.NFO,16/04/2025,09:42:29,23570,23570,150,23570.8,150,0,971250
NIFTY-III.NFO,16/04/2025,09:42:30,23564.3,23563.8,225,23570.8,150,225,971250
NIFTY-III.NFO,16/04/2025,09:42:32,23564.3,23565.7,75,23569.9,75,75,971250
NIFTY-III.NFO,16/04/2025,09:42:34,23564.3,23562.8,225,23569.9,75,0,971250
NIFTY-III.NFO,16/04/2025,09:42:37,23564.3,23562,150,23569.8,225,0,971250
NIFTY-III.NFO,16/04/2025,09:42:38,23564.3,23562.1,225,23569.8,225,0,971250
NIFTY-III.NFO,16/04/2025,09:42:40,23564.3,23562.3,225,23569.9,75,0,971250
NIFTY-III.NFO,16/04/2025,09:42:42,23564.3,23563.5,225,23569.9,75,0,971250
NIFTY-III.NFO,16/04/2025,09:42:45,23564.3,23563.9,150,23569.9,75,0,971250
NIFTY-III.NFO,16/04/2025,09:42:47,23564.3,23566.5,225,23569.9,75,0,971250
NIFTY-III.NFO,16/04/2025,09:42:48,23564.3,23568.7,150,23569.9,75,0,971250
NIFTY-III.NFO,16/04/2025,09:42:50,23570.9,23569.5,150,23573.2,75,150,971250
NIFTY-III.NFO,16/04/2025,09:42:50,23570.9,23569.5,150,23573.2,75,0,971250
NIFTY-III.NFO,16/04/2025,09:42:52,23570.9,23569.5,225,23573.2,75,0,971250
NIFTY-III.NFO,16/04/2025,09:42:53,23570.9,23570.1,225,23574,300,0,971250
NIFTY-III.NFO,16/04/2025,09:42:55,23570.9,23570.5,150,23574,300,0,971250
NIFTY-III.NFO,16/04/2025,09:42:57,23570.9,23573.6,150,23574,300,0,971250
NIFTY-III.NFO,16/04/2025,09:42:58,23574,23574,150,23575,75,300,971250
NIFTY-III.NFO,16/04/2025,09:42:58,23574,23574,150,23575,75,0,971250
NIFTY-III.NFO,16/04/2025,09:43:00,23575,23575.3,150,23578.5,75,75,971250
NIFTY-III.NFO,16/04/2025,09:43:00,23575,23575.3,150,23578.5,75,0,971250
NIFTY-III.NFO,16/04/2025,09:43:02,23575,23574,75,23578.5,75,0,971250
NIFTY-III.NFO,16/04/2025,09:43:05,23575,23574.1,150,23578.5,75,0,971250
NIFTY-III.NFO,16/04/2025,09:43:07,23575,23575.1,225,23578.5,75,0,971250
NIFTY-III.NFO,16/04/2025,09:43:08,23575,23574.1,150,23575,75,0,971250
NIFTY-III.NFO,16/04/2025,09:43:10,23575,23574.1,150,23578.5,75,75,971250
NIFTY-III.NFO,16/04/2025,09:43:13,23575,23576.3,225,23578.5,75,0,971250
NIFTY-III.NFO,16/04/2025,09:43:15,23575,23578.1,75,23578.5,75,0,971250
NIFTY-III.NFO,16/04/2025,09:43:16,23578.5,23577.1,150,23580,75,75,971250
NIFTY-III.NFO,16/04/2025,09:43:16,23578.5,23577.1,150,23580,75,0,971250
NIFTY-III.NFO,16/04/2025,09:43:18,23578.5,23579.8,75,23580,75,0,971250
NIFTY-III.NFO,16/04/2025,09:43:20,23578.5,23575.3,300,23578.5,75,0,971250
NIFTY-III.NFO,16/04/2025,09:43:21,23578.5,23577.9,75,23580,75,75,971250
NIFTY-III.NFO,16/04/2025,09:43:23,23578.5,23575.1,225,23580,75,0,971250
NIFTY-III.NFO,16/04/2025,09:43:25,23578.5,23576.1,150,23580,75,0,971250
NIFTY-III.NFO,16/04/2025,09:43:26,23578.5,23577.6,150,23580,75,0,971250
NIFTY-III.NFO,16/04/2025,09:43:28,23580,23578.9,75,23586.1,150,75,971250
NIFTY-III.NFO,16/04/2025,09:43:28,23580,23578.9,75,23586.1,150,0,971250
NIFTY-III.NFO,16/04/2025,09:43:30,23580,23577.5,75,23580,150,0,971250
NIFTY-III.NFO,16/04/2025,09:43:35,23577.5,23575.3,150,23580,150,75,971250
NIFTY-III.NFO,16/04/2025,09:43:36,23577.5,23575.4,225,23580,150,0,971250
NIFTY-III.NFO,16/04/2025,09:43:38,23580,23577.7,150,23583.3,75,150,971250
NIFTY-III.NFO,16/04/2025,09:43:40,23580,23576.3,525,23583.3,75,0,971250
NIFTY-III.NFO,16/04/2025,09:43:41,23580,23575.4,225,23582.8,75,0,971250
NIFTY-III.NFO,16/04/2025,09:43:43,23580,23575.1,225,23582.7,225,0,971250
NIFTY-III.NFO,16/04/2025,09:43:45,23580,23575,75,23582.7,225,0,971250
NIFTY-III.NFO,16/04/2025,09:43:48,23580,23575.1,150,23581.4,75,0,971250
NIFTY-III.NFO,16/04/2025,09:43:50,23581.4,23582,150,23584.8,375,75,971250
NIFTY-III.NFO,16/04/2025,09:43:50,23581.4,23582,150,23584.8,375,0,971250
NIFTY-III.NFO,16/04/2025,09:43:51,23581.4,23581.3,150,23585.7,225,0,971250
NIFTY-III.NFO,16/04/2025,09:43:53,23581.4,23582,150,23584.6,225,0,971250
NIFTY-III.NFO,16/04/2025,09:43:56,23581.4,23580,1350,23584.6,225,0,971250
NIFTY-III.NFO,16/04/2025,09:43:58,23581.4,23580,1350,23582.2,150,0,971250
NIFTY-III.NFO,16/04/2025,09:44:00,23581.4,23580,1350,23581.4,75,0,971250
NIFTY-III.NFO,16/04/2025,09:44:01,23581.4,23580,1350,23581.4,150,0,971250
NIFTY-III.NFO,16/04/2025,09:44:06,23581.4,23580,1350,23581.3,150,0,971250
NIFTY-III.NFO,16/04/2025,09:44:08,23581.4,23580,1350,23581.4,150,0,971250
NIFTY-III.NFO,16/04/2025,09:44:10,23581.4,23580,1350,23581.3,150,0,971250
NIFTY-III.NFO,16/04/2025,09:44:11,23581.4,23580,1350,23581.4,150,0,971250
NIFTY-III.NFO,16/04/2025,09:44:13,23580,23580,1275,23581.4,150,75,971250
NIFTY-III.NFO,16/04/2025,09:44:15,23580,23580,1275,23581.4,150,0,971250
NIFTY-III.NFO,16/04/2025,09:44:18,23580,23580,1125,23581.4,150,150,971250
NIFTY-III.NFO,16/04/2025,09:44:20,23580,23580,1125,23581.4,150,0,971250
NIFTY-III.NFO,16/04/2025,09:44:23,23580,23580.1,150,23581.4,150,0,971250
NIFTY-III.NFO,16/04/2025,09:44:26,23580,23580,1125,23581.4,150,0,971250
NIFTY-III.NFO,16/04/2025,09:44:28,23580,23580.1,150,23581.4,150,0,971250
NIFTY-III.NFO,16/04/2025,09:44:30,23580,23580,1125,23581.4,150,0,971250
NIFTY-III.NFO,16/04/2025,09:44:31,23580,23580.1,150,23581.4,150,0,971250
NIFTY-III.NFO,16/04/2025,09:44:39,23580,23580,1125,23581.4,150,0,971250
NIFTY-III.NFO,16/04/2025,09:44:43,23580,23580,1125,23581.4,75,0,971250
NIFTY-III.NFO,16/04/2025,09:44:44,23580,23580.1,150,23581.4,75,0,971250
NIFTY-III.NFO,16/04/2025,09:44:46,23580,23580,1125,23581.4,75,0,971250
NIFTY-III.NFO,16/04/2025,09:44:48,23580,23580,1125,23581,75,0,971250
NIFTY-III.NFO,16/04/2025,09:44:49,23581.4,23581.4,975,23583.2,75,150,971250
NIFTY-III.NFO,16/04/2025,09:44:51,23581.4,23581.4,975,23583.2,75,0,971250
NIFTY-III.NFO,16/04/2025,09:44:53,23581.4,23581.4,975,23585,150,0,971250
NIFTY-III.NFO,16/04/2025,09:44:54,23581.4,23581.4,975,23583.6,75,0,971250
NIFTY-III.NFO,16/04/2025,09:44:56,23581.4,23581.4,975,23585,150,0,971250
NIFTY-III.NFO,16/04/2025,09:44:58,23581.4,23581.5,150,23585,150,0,971250
NIFTY-III.NFO,16/04/2025,09:45:01,23581.5,23581.5,150,23585,150,75,971250
NIFTY-III.NFO,16/04/2025,09:45:01,23581.5,23581.5,150,23585,150,0,971250
NIFTY-III.NFO,16/04/2025,09:45:03,23581.5,23581.4,975,23585,150,0,971250
NIFTY-III.NFO,16/04/2025,09:45:09,23588.6,23580.1,150,23587.5,75,975,971250
NIFTY-III.NFO,16/04/2025,09:45:09,23588.6,23580.1,150,23587.5,75,0,971250
NIFTY-III.NFO,16/04/2025,09:45:11,23588.6,23580,150,23587.4,375,0,971250
NIFTY-III.NFO,16/04/2025,09:45:13,23588.6,23579.1,150,23586.6,75,0,971250
NIFTY-III.NFO,16/04/2025,09:45:14,23588.6,23579,150,23586.3,450,0,971250
NIFTY-III.NFO,16/04/2025,09:45:16,23588.6,23580,150,23586.3,450,0,971250
NIFTY-III.NFO,16/04/2025,09:45:18,23588.6,23580,150,23587.5,225,0,971250
NIFTY-III.NFO,16/04/2025,09:45:23,23588.6,23580.1,225,23587.5,75,0,971250
NIFTY-III.NFO,16/04/2025,09:45:24,23588.6,23580.1,225,23588.1,150,0,971250
NIFTY-III.NFO,16/04/2025,09:45:26,23588.6,23580.3,150,23586.9,75,0,971250
NIFTY-III.NFO,16/04/2025,09:45:28,23588.6,23582.3,225,23586.9,75,0,971250
NIFTY-III.NFO,16/04/2025,09:45:29,23588.6,23582.9,150,23588.6,75,0,971250
NIFTY-III.NFO,16/04/2025,09:45:31,23588.6,23583.6,225,23588.6,75,0,971250
NIFTY-III.NFO,16/04/2025,09:45:34,23588.6,23583.9,225,23588.6,75,0,971250
NIFTY-III.NFO,16/04/2025,09:45:38,23588.6,23588.6,300,23588.8,75,75,972000
NIFTY-III.NFO,16/04/2025,09:45:39,23588.6,23588.6,225,23589,75,75,972000
NIFTY-III.NFO,16/04/2025,09:45:41,23588.6,23588.6,150,23589,75,75,972000
NIFTY-III.NFO,16/04/2025,09:45:43,23588.6,23588.6,150,23589,75,0,972000
NIFTY-III.NFO,16/04/2025,09:45:44,23589,23588.6,75,23590.9,75,150,972000
NIFTY-III.NFO,16/04/2025,09:45:44,23589,23588.6,75,23590.9,75,0,972000
NIFTY-III.NFO,16/04/2025,09:45:46,23589,23588.6,75,23590.3,150,0,972000
NIFTY-III.NFO,16/04/2025,09:45:48,23588.6,23588,150,23588.6,75,75,972000
NIFTY-III.NFO,16/04/2025,09:45:49,23588,23588,75,23588.6,75,75,972000
NIFTY-III.NFO,16/04/2025,09:45:51,23588,23588,75,23588.6,75,0,972000
NIFTY-III.NFO,16/04/2025,09:45:56,23588,23582.7,150,23588.6,75,75,972000
NIFTY-III.NFO,16/04/2025,09:45:58,23588,23584,150,23588.6,75,0,972000
NIFTY-III.NFO,16/04/2025,09:45:59,23588,23584,150,23587.9,225,0,972000
NIFTY-III.NFO,16/04/2025,09:46:01,23588,23584,150,23588,225,0,972000
NIFTY-III.NFO,16/04/2025,09:46:03,23588,23582,150,23588,225,0,972000
NIFTY-III.NFO,16/04/2025,09:46:04,23588,23582.1,150,23588,300,0,972000
NIFTY-III.NFO,16/04/2025,09:46:06,23588,23582.1,150,23588,375,0,972000
NIFTY-III.NFO,16/04/2025,09:46:08,23588,23580.2,150,23588,300,0,972000
NIFTY-III.NFO,16/04/2025,09:46:09,23588,23580,300,23588,300,0,972000
NIFTY-III.NFO,16/04/2025,09:46:11,23588,23580.2,225,23588,300,0,972000
NIFTY-III.NFO,16/04/2025,09:46:12,23588,23580.2,150,23588,300,0,972000
NIFTY-III.NFO,16/04/2025,09:46:14,23588,23583,150,23588,300,0,972000
NIFTY-III.NFO,16/04/2025,09:46:17,23588,23583,150,23588,225,75,972000
NIFTY-III.NFO,16/04/2025,09:46:19,23588,23583.9,150,23588,225,0,972000
NIFTY-III.NFO,16/04/2025,09:46:21,23588,23583,150,23587.1,150,0,972000
NIFTY-III.NFO,16/04/2025,09:46:24,23588.3,23583,150,23588.6,75,300,972000
NIFTY-III.NFO,16/04/2025,09:46:26,23588.3,23584,150,23588,150,0,972000
NIFTY-III.NFO,16/04/2025,09:46:29,23588.3,23583,150,23588,225,0,972000
NIFTY-III.NFO,16/04/2025,09:46:31,23588.3,23580.1,225,23587.8,150,0,972000
NIFTY-III.NFO,16/04/2025,09:46:32,23588.3,23584,150,23586.7,150,0,972000
NIFTY-III.NFO,16/04/2025,09:46:34,23588.3,23580.3,225,23587.2,300,0,972000
NIFTY-III.NFO,16/04/2025,09:46:36,23588.3,23580.8,375,23587.6,300,0,972000
NIFTY-III.NFO,16/04/2025,09:46:39,23588.3,23580.6,150,23587.6,375,0,972000
NIFTY-III.NFO,16/04/2025,09:46:41,23588.3,23579.1,225,23585.5,150,0,972000
NIFTY-III.NFO,16/04/2025,09:46:42,23588.3,23579.1,225,23586.5,150,0,972000
NIFTY-III.NFO,16/04/2025,09:46:44,23587.5,23582,150,23587.9,150,75,972000
NIFTY-III.NFO,16/04/2025,09:46:46,23587.5,23582,150,23587.9,150,0,972000
NIFTY-III.NFO,16/04/2025,09:46:47,23587.5,23587.5,225,23587.9,75,0,972000
NIFTY-III.NFO,16/04/2025,09:46:49,23587.5,23579.3,150,23587.9,150,225,972000
NIFTY-III.NFO,16/04/2025,09:46:51,23587.5,23579.3,300,23587.9,150,0,972000
NIFTY-III.NFO,16/04/2025,09:46:52,23587.5,23579.3,300,23587.2,300,0,972000
NIFTY-III.NFO,16/04/2025,09:46:54,23587.5,23579.6,150,23587.2,300,0,972000
NIFTY-III.NFO,16/04/2025,09:46:56,23587.5,23579.6,150,23587.2,375,0,972000
NIFTY-III.NFO,16/04/2025,09:46:57,23580,23579.3,150,23585.9,300,75,972000
NIFTY-III.NFO,16/04/2025,09:46:59,23580,23579.3,225,23587.9,75,0,972000
NIFTY-III.NFO,16/04/2025,09:47:01,23579.3,23579.3,375,23586.1,300,75,972000
NIFTY-III.NFO,16/04/2025,09:47:02,23579.3,23579.3,375,23587,300,0,972000
NIFTY-III.NFO,16/04/2025,09:47:04,23579.3,23579.3,375,23586.8,75,0,972000
NIFTY-III.NFO,16/04/2025,09:47:06,23579.3,23580.2,150,23587.2,75,0,972000
NIFTY-III.NFO,16/04/2025,09:47:07,23579.3,23580.2,150,23588.3,75,0,972000
NIFTY-III.NFO,16/04/2025,09:47:09,23579.3,23579.6,150,23587.3,150,0,972000
NIFTY-III.NFO,16/04/2025,09:47:11,23579.3,23579.5,150,23587,75,0,972000
NIFTY-III.NFO,16/04/2025,09:47:12,23579.3,23577.9,150,23587,75,0,972000
NIFTY-III.NFO,16/04/2025,09:47:14,23579.3,23577.9,150,23586.9,75,0,972000
NIFTY-III.NFO,16/04/2025,09:47:16,23577.3,23577.3,75,23586.9,75,75,972000
NIFTY-III.NFO,16/04/2025,09:47:17,23577.3,23579.4,150,23586.9,75,0,972000
NIFTY-III.NFO,16/04/2025,09:47:19,23577.3,23579.4,150,23586.9,150,0,972000
NIFTY-III.NFO,16/04/2025,09:47:21,23577.3,23579.4,150,23586.9,75,0,972000
NIFTY-III.NFO,16/04/2025,09:47:22,23577.3,23579.3,75,23586.7,150,0,972000
NIFTY-III.NFO,16/04/2025,09:47:26,23577.3,23579.3,75,23585.6,75,0,972000
NIFTY-III.NFO,16/04/2025,09:47:27,23577.3,23577.1,150,23584.5,75,0,972000
NIFTY-III.NFO,16/04/2025,09:47:31,23584.5,23577.1,150,23584.5,75,75,972000
NIFTY-III.NFO,16/04/2025,09:47:32,23584.5,23577.1,150,23584.5,75,0,972000
NIFTY-III.NFO,16/04/2025,09:47:34,23584.5,23577,75,23583.6,75,0,972000
NIFTY-III.NFO,16/04/2025,09:47:36,23584.5,23577.1,150,23584.5,75,0,972000
NIFTY-III.NFO,16/04/2025,09:47:37,23584,23577,75,23583.4,150,75,972000
NIFTY-III.NFO,16/04/2025,09:47:39,23584,23577,75,23583.4,150,0,972000
NIFTY-III.NFO,16/04/2025,09:47:41,23584,23577,75,23582.3,150,0,972000
NIFTY-III.NFO,16/04/2025,09:47:42,23577,23572.3,150,23582.3,150,75,972000
NIFTY-III.NFO,16/04/2025,09:47:46,23577,23571.6,150,23582.3,300,0,972000
NIFTY-III.NFO,16/04/2025,09:47:47,23577,23571.6,150,23581.1,75,0,972000
NIFTY-III.NFO,16/04/2025,09:47:49,23577,23571.6,150,23580,75,0,972000
NIFTY-III.NFO,16/04/2025,09:47:51,23577,23571.6,225,23581,75,0,972000
NIFTY-III.NFO,16/04/2025,09:47:56,23577,23571.6,150,23579.7,75,0,972000
NIFTY-III.NFO,16/04/2025,09:47:57,23577,23570.4,150,23578.6,75,0,972000
NIFTY-III.NFO,16/04/2025,09:47:59,23577,23570.4,150,23579.7,75,0,972000
NIFTY-III.NFO,16/04/2025,09:48:01,23577,23570.4,225,23579.7,75,0,972000
NIFTY-III.NFO,16/04/2025,09:48:02,23577,23570.4,225,23579.5,75,0,972000
NIFTY-III.NFO,16/04/2025,09:48:04,23577,23570.1,225,23579.5,75,0,972000
NIFTY-III.NFO,16/04/2025,09:48:06,23577,23570.5,150,23580,225,0,972000
NIFTY-III.NFO,16/04/2025,09:48:07,23571.2,23571.3,150,23580,150,75,972000
NIFTY-III.NFO,16/04/2025,09:48:13,23571.2,23570.5,150,23580,225,0,972000
NIFTY-III.NFO,16/04/2025,09:48:14,23571.2,23571.2,150,23580,225,0,972000
NIFTY-III.NFO,16/04/2025,09:48:16,23571.2,23571.2,150,23580,300,0,972000
NIFTY-III.NFO,16/04/2025,09:48:18,23571.2,23570.2,150,23579.9,75,0,972000
NIFTY-III.NFO,16/04/2025,09:48:19,23571.2,23570.1,150,23579.9,150,0,972000
NIFTY-III.NFO,16/04/2025,09:48:21,23571.2,23570.1,150,23578.7,75,0,972000
NIFTY-III.NFO,16/04/2025,09:48:23,23571.2,23570,75,23577.6,75,0,972000
NIFTY-III.NFO,16/04/2025,09:48:24,23571.2,23570,75,23576.5,150,0,972000
NIFTY-III.NFO,16/04/2025,09:48:34,23571.2,23570,75,23574.3,150,0,972000
NIFTY-III.NFO,16/04/2025,09:48:36,23571.2,23570,75,23575.3,75,0,972000
NIFTY-III.NFO,16/04/2025,09:48:37,23571.2,23570,75,23573.1,150,0,972000
NIFTY-III.NFO,16/04/2025,09:48:39,23571.2,23570,75,23574.1,75,0,972000
NIFTY-III.NFO,16/04/2025,09:48:40,23571.2,23570,75,23573,150,0,972000
NIFTY-III.NFO,16/04/2025,09:48:42,23571.2,23570,75,23574.2,150,0,972000
NIFTY-III.NFO,16/04/2025,09:48:44,23571.2,23570,75,23573.9,150,0,972000
NIFTY-III.NFO,16/04/2025,09:48:45,23571.2,23570,75,23572.8,150,0,972000
NIFTY-III.NFO,16/04/2025,09:48:49,23571.2,23570.7,150,23572.7,75,0,972000
NIFTY-III.NFO,16/04/2025,09:48:50,23571.2,23570.7,150,23574.7,150,0,972000
NIFTY-III.NFO,16/04/2025,09:48:52,23571.2,23570.7,150,23572.7,75,0,972000
NIFTY-III.NFO,16/04/2025,09:48:58,23571.2,23570,75,23572.7,75,0,972000
NIFTY-III.NFO,16/04/2025,09:49:00,23572.7,23570,75,23575.9,150,75,972375
NIFTY-III.NFO,16/04/2025,09:49:02,23572.7,23570.1,225,23577.4,75,0,972375
NIFTY-III.NFO,16/04/2025,09:49:03,23572.7,23570.1,150,23577.9,150,0,972375
NIFTY-III.NFO,16/04/2025,09:49:05,23572.7,23570.1,150,23577.2,150,0,972375
NIFTY-III.NFO,16/04/2025,09:49:06,23572.7,23570.1,150,23577.1,150,0,972375
NIFTY-III.NFO,16/04/2025,09:49:08,23572.7,23570,75,23576.1,75,0,972375
NIFTY-III.NFO,16/04/2025,09:49:10,23572.7,23570,75,23576,150,0,972375
NIFTY-III.NFO,16/04/2025,09:49:11,23572.7,23570,75,23575.6,150,0,972375
NIFTY-III.NFO,16/04/2025,09:49:13,23572.7,23570,75,23576,150,0,972375
NIFTY-III.NFO,16/04/2025,09:49:15,23572.7,23571.6,75,23576,75,0,972375
NIFTY-III.NFO,16/04/2025,09:49:17,23572.7,23571.6,75,23574.9,75,0,972375
NIFTY-III.NFO,16/04/2025,09:49:18,23572.7,23571.6,75,23573.8,75,0,972375
NIFTY-III.NFO,16/04/2025,09:49:20,23572.7,23571.6,75,23573.9,75,0,972375
NIFTY-III.NFO,16/04/2025,09:49:22,23572.7,23571.6,75,23574.9,75,0,972375
NIFTY-III.NFO,16/04/2025,09:49:23,23572.7,23571.6,75,23573.8,75,0,972375
NIFTY-III.NFO,16/04/2025,09:49:25,23571.6,23570,75,23572.6,150,75,972375
NIFTY-III.NFO,16/04/2025,09:49:27,23571.6,23570,75,23571.5,75,0,972375
NIFTY-III.NFO,16/04/2025,09:49:28,23571.6,23570,75,23571.5,150,0,972375
NIFTY-III.NFO,16/04/2025,09:49:30,23571.6,23570,75,23571.6,75,0,972375
NIFTY-III.NFO,16/04/2025,09:49:32,23571.6,23570,75,23573.7,75,0,972375
NIFTY-III.NFO,16/04/2025,09:49:33,23571.6,23570,75,23574.7,75,0,972375
NIFTY-III.NFO,16/04/2025,09:49:35,23571.6,23572,75,23573.5,75,0,972375
NIFTY-III.NFO,16/04/2025,09:49:37,23571.6,23572,75,23574.7,75,0,972375
NIFTY-III.NFO,16/04/2025,09:49:38,23573.5,23572,75,23573.6,75,75,972375
NIFTY-III.NFO,16/04/2025,09:49:40,23573.5,23572,75,23573.6,75,0,972375
NIFTY-III.NFO,16/04/2025,09:49:42,23573.5,23572,75,23574.6,75,0,972375
NIFTY-III.NFO,16/04/2025,09:49:45,23573.5,23572.2,75,23574.6,75,0,972375
NIFTY-III.NFO,16/04/2025,09:49:47,23573.5,23572.2,75,23575.7,150,0,972375
NIFTY-III.NFO,16/04/2025,09:49:48,23573.5,23572.2,75,23575.7,75,0,972375
NIFTY-III.NFO,16/04/2025,09:49:50,23573.5,23572.4,75,23575.7,75,0,972375
NIFTY-III.NFO,16/04/2025,09:49:52,23573.5,23572.4,75,23575.9,75,0,972375
NIFTY-III.NFO,16/04/2025,09:49:55,23573.5,23572.3,75,23573,75,0,972375
NIFTY-III.NFO,16/04/2025,09:49:57,23573.5,23572.4,75,23573,75,0,972375
NIFTY-III.NFO,16/04/2025,09:50:00,23573,23572.5,75,23574.3,75,75,972375
NIFTY-III.NFO,16/04/2025,09:50:02,23573,23572.6,75,23574.4,75,0,972375
NIFTY-III.NFO,16/04/2025,09:50:03,23573,23572.7,75,23574.4,75,0,972375
NIFTY-III.NFO,16/04/2025,09:50:05,23574.4,23572.7,75,23575.5,300,75,972375
NIFTY-III.NFO,16/04/2025,09:50:07,23574.4,23572.7,75,23575.4,75,0,972375
NIFTY-III.NFO,16/04/2025,09:50:08,23574.4,23572.8,75,23574.8,75,0,972375
NIFTY-III.NFO,16/04/2025,09:50:10,23574.4,23572.9,75,23574.8,75,75,972375
NIFTY-III.NFO,16/04/2025,09:50:12,23574.4,23572.9,75,23574.9,150,0,972375
NIFTY-III.NFO,16/04/2025,09:50:13,23574.4,23572.9,75,23574.8,75,0,972375
NIFTY-III.NFO,16/04/2025,09:50:15,23574.8,23572.8,75,23574.9,150,75,972375
NIFTY-III.NFO,16/04/2025,09:50:17,23574.8,23572.8,75,23573.8,150,0,972375
NIFTY-III.NFO,16/04/2025,09:50:18,23574.8,23572.8,75,23573.6,150,0,972375
NIFTY-III.NFO,16/04/2025,09:50:20,23572,23570,150,23573.6,225,300,972375
NIFTY-III.NFO,16/04/2025,09:50:22,23572,23570,150,23573.6,150,0,972375
NIFTY-III.NFO,16/04/2025,09:50:23,23572,23570,150,23575.2,75,0,972375
NIFTY-III.NFO,16/04/2025,09:50:27,23572,23570,150,23573.8,150,0,972375
NIFTY-III.NFO,16/04/2025,09:50:28,23572,23570,150,23572.4,300,0,972375
NIFTY-III.NFO,16/04/2025,09:50:30,23572,23570.1,75,23572.3,300,0,972375
NIFTY-III.NFO,16/04/2025,09:50:32,23572,23570.2,75,23575.3,225,0,972375
NIFTY-III.NFO,16/04/2025,09:50:33,23572,23570.3,75,23574.2,300,0,972375
NIFTY-III.NFO,16/04/2025,09:50:35,23572,23570.4,150,23574.2,300,0,972375
NIFTY-III.NFO,16/04/2025,09:50:37,23572,23570.4,225,23577.8,150,0,972375
NIFTY-III.NFO,16/04/2025,09:50:38,23572,23570.4,150,23576.3,300,0,972375
NIFTY-III.NFO,16/04/2025,09:50:40,23572,23570.4,150,23575.5,75,0,972375
NIFTY-III.NFO,16/04/2025,09:50:42,23572,23570.4,150,23575,75,0,972375
NIFTY-III.NFO,16/04/2025,09:50:43,23572,23570.4,150,23574.3,300,0,972375
NIFTY-III.NFO,16/04/2025,09:50:47,23572,23570.6,150,23574.3,300,0,972375
NIFTY-III.NFO,16/04/2025,09:50:48,23572,23570.3,150,23575.6,300,0,972375
NIFTY-III.NFO,16/04/2025,09:50:50,23572,23570.3,150,23578.6,150,0,972375
NIFTY-III.NFO,16/04/2025,09:50:52,23576.4,23570.2,150,23578.4,75,75,972375
NIFTY-III.NFO,16/04/2025,09:50:53,23576.4,23570.4,150,23578.1,225,0,972375
NIFTY-III.NFO,16/04/2025,09:50:55,23570.4,23570.4,150,23576.2,75,75,972375
NIFTY-III.NFO,16/04/2025,09:50:57,23570.4,23570.3,75,23575.4,300,0,972375
NIFTY-III.NFO,16/04/2025,09:50:58,23570.4,23570.5,75,23575.4,300,0,972375
NIFTY-III.NFO,16/04/2025,09:51:00,23570.4,23570.6,150,23575.2,300,0,972375
NIFTY-III.NFO,16/04/2025,09:51:03,23575.2,23570.5,75,23575.2,225,75,972375
NIFTY-III.NFO,16/04/2025,09:51:05,23575.2,23571,75,23575.2,225,0,972375
NIFTY-III.NFO,16/04/2025,09:51:07,23575.2,23571,75,23575.2,150,75,972375
NIFTY-III.NFO,16/04/2025,09:51:08,23575.2,23571,75,23575.2,150,0,972375
NIFTY-III.NFO,16/04/2025,09:51:12,23575.2,23571.1,150,23575.2,150,0,972375
NIFTY-III.NFO,16/04/2025,09:51:13,23575.2,23571,75,23575.2,150,0,972375
NIFTY-III.NFO,16/04/2025,09:51:15,23571,23570.1,150,23575.2,150,75,972375
NIFTY-III.NFO,16/04/2025,09:51:17,23575.2,23570.1,225,23575.2,75,75,972375
NIFTY-III.NFO,16/04/2025,09:51:18,23575.2,23570.1,225,23575.2,75,0,972375
NIFTY-III.NFO,16/04/2025,09:51:20,23575.2,23570.3,150,23575.2,75,0,972375
NIFTY-III.NFO,16/04/2025,09:51:23,23575.2,23570.3,150,23578.5,150,0,972375
NIFTY-III.NFO,16/04/2025,09:51:25,23575.2,23570.5,150,23578.5,75,0,972375
NIFTY-III.NFO,16/04/2025,09:51:27,23575.2,23570.5,225,23577.1,300,0,972375
NIFTY-III.NFO,16/04/2025,09:51:33,23575.2,23570.7,150,23578.6,75,0,972375
NIFTY-III.NFO,16/04/2025,09:51:37,23575.2,23570.7,150,23579.9,300,0,972375
NIFTY-III.NFO,16/04/2025,09:51:40,23575.2,23570.7,150,23579.8,150,0,972375
NIFTY-III.NFO,16/04/2025,09:51:43,23575.2,23570.5,225,23579.1,75,0,972375
NIFTY-III.NFO,16/04/2025,09:51:45,23579.9,23570.5,225,23580,150,75,972375
NIFTY-III.NFO,16/04/2025,09:51:47,23579.9,23571.9,150,23579.7,300,0,972750
NIFTY-III.NFO,16/04/2025,09:51:48,23579.7,23571.9,150,23579.7,225,75,972750
NIFTY-III.NFO,16/04/2025,09:51:50,23579.7,23571.9,150,23579.7,225,0,972750
NIFTY-III.NFO,16/04/2025,09:51:51,23579.7,23571.9,150,23579.7,300,0,972750
NIFTY-III.NFO,16/04/2025,09:51:53,23579.7,23570.9,150,23579.7,75,0,972750
NIFTY-III.NFO,16/04/2025,09:51:55,23579.7,23570.9,150,23580,225,0,972750
NIFTY-III.NFO,16/04/2025,09:51:56,23579.7,23570.9,150,23580,150,0,972750
NIFTY-III.NFO,16/04/2025,09:51:58,23579.7,23570.9,150,23580,225,0,972750
NIFTY-III.NFO,16/04/2025,09:52:00,23580,23570.9,150,23580,150,75,972750
NIFTY-III.NFO,16/04/2025,09:52:01,23580,23570.9,150,23580,150,0,972750
NIFTY-III.NFO,16/04/2025,09:52:05,23580,23570.2,150,23580,150,0,972750
NIFTY-III.NFO,16/04/2025,09:52:06,23580,23570,75,23579.2,450,0,972750
NIFTY-III.NFO,16/04/2025,09:52:08,23580,23570.1,75,23579.2,450,0,972750
NIFTY-III.NFO,16/04/2025,09:52:10,23578.4,23570,150,23578.4,75,75,972750
NIFTY-III.NFO,16/04/2025,09:52:11,23578.4,23570.1,225,23578.8,75,0,972750
NIFTY-III.NFO,16/04/2025,09:52:13,23578.4,23570,150,23578.7,150,0,972750
NIFTY-III.NFO,16/04/2025,09:52:17,23578.4,23570,75,23578.4,150,0,972750
NIFTY-III.NFO,16/04/2025,09:52:18,23578.4,23570,150,23578.4,150,0,972750
NIFTY-III.NFO,16/04/2025,09:52:20,23578.4,23570.1,150,23578.4,75,0,972750
NIFTY-III.NFO,16/04/2025,09:52:22,23570.1,23570.1,75,23578.3,75,75,972750
NIFTY-III.NFO,16/04/2025,09:52:25,23570.1,23570,150,23578.3,300,0,972750
NIFTY-III.NFO,16/04/2025,09:52:27,23570.1,23570.1,225,23578.3,150,0,972750
NIFTY-III.NFO,16/04/2025,09:52:28,23570.1,23570.2,150,23578.3,150,0,972750
NIFTY-III.NFO,16/04/2025,09:52:32,23570.2,23570.2,150,23578.3,75,150,972750
NIFTY-III.NFO,16/04/2025,09:52:33,23570.2,23570.2,150,23578.3,75,0,972750
NIFTY-III.NFO,16/04/2025,09:52:37,23570.2,23570.2,150,23577.9,300,0,972750
NIFTY-III.NFO,16/04/2025,09:52:40,23570.2,23570.2,150,23577.8,225,0,972750
NIFTY-III.NFO,16/04/2025,09:52:42,23570.2,23570.1,225,23578.3,225,0,972750
NIFTY-III.NFO,16/04/2025,09:52:43,23570.2,23570.1,225,23578.3,150,0,972750
NIFTY-III.NFO,16/04/2025,09:52:45,23570.2,23570.1,225,23578.3,225,0,972750
NIFTY-III.NFO,16/04/2025,09:52:47,23570.2,23570.1,225,23578.4,75,0,972750
NIFTY-III.NFO,16/04/2025,09:52:55,23570.2,23570.5,150,23578.4,75,0,972750
NIFTY-III.NFO,16/04/2025,09:52:57,23570.2,23571.6,150,23578.4,75,0,972750
NIFTY-III.NFO,16/04/2025,09:53:00,23570.2,23571.9,150,23578.4,75,0,972750
NIFTY-III.NFO,16/04/2025,09:53:15,23570.2,23570.6,150,23578.3,75,0,972750
NIFTY-III.NFO,16/04/2025,09:53:17,23570.2,23571.7,150,23578.4,75,0,972750
NIFTY-III.NFO,16/04/2025,09:53:20,23570.2,23575.2,75,23578.4,75,0,972750
NIFTY-III.NFO,16/04/2025,09:53:33,23578.4,23578.3,75,23580,75,75,972750
NIFTY-III.NFO,16/04/2025,09:53:35,23575,23573.9,150,23580,75,300,972750
NIFTY-III.NFO,16/04/2025,09:53:37,23575,23572.9,150,23580,75,0,972750
NIFTY-III.NFO,16/04/2025,09:53:38,23575,23572.9,75,23579.9,150,0,972750
NIFTY-III.NFO,16/04/2025,09:53:43,23575,23575,75,23579.9,150,0,972750
NIFTY-III.NFO,16/04/2025,09:53:58,23575,23575,75,23580,75,0,972750
NIFTY-III.NFO,16/04/2025,09:54:00,23575,23575.1,75,23580,75,0,972750
NIFTY-III.NFO,16/04/2025,09:54:02,23575,23575.1,225,23580,75,0,972750
NIFTY-III.NFO,16/04/2025,09:54:03,23575.1,23575.1,150,23580,75,75,972750
NIFTY-III.NFO,16/04/2025,09:54:05,23575.1,23575.1,150,23580,75,0,972750
NIFTY-III.NFO,16/04/2025,09:54:07,23575.1,23575.1,225,23580,75,0,972750
NIFTY-III.NFO,16/04/2025,09:54:08,23575.1,23575.6,225,23580,75,0,972750
NIFTY-III.NFO,16/04/2025,09:54:12,23575.1,23576,225,23580,75,0,972750
NIFTY-III.NFO,16/04/2025,09:54:13,23575.1,23575.1,150,23580,75,300,972750
NIFTY-III.NFO,16/04/2025,09:54:15,23575.1,23575.8,75,23580,75,0,972750
NIFTY-III.NFO,16/04/2025,09:54:17,23583.7,23577.7,75,23586.8,150,300,972750
NIFTY-III.NFO,16/04/2025,09:54:18,23583.7,23575.8,75,23585.3,150,0,972750
NIFTY-III.NFO,16/04/2025,09:54:22,23583.7,23576.3,150,23583.7,75,0,972750
NIFTY-III.NFO,16/04/2025,09:54:27,23583.7,23577.4,150,23583.7,75,0,972750
NIFTY-III.NFO,16/04/2025,09:54:28,23583.7,23577.1,150,23583.7,75,0,972750
NIFTY-III.NFO,16/04/2025,09:54:30,23583.7,23576.6,150,23583.7,75,0,972750
NIFTY-III.NFO,16/04/2025,09:54:33,23583.7,23575.4,150,23583.7,75,0,972750
NIFTY-III.NFO,16/04/2025,09:54:35,23583.7,23575.4,150,23583.7,150,0,972750
NIFTY-III.NFO,16/04/2025,09:54:38,23583.7,23575.4,150,23583.7,75,0,972750
NIFTY-III.NFO,16/04/2025,09:54:40,23583.7,23575.4,150,23583.6,150,0,972750
NIFTY-III.NFO,16/04/2025,09:54:42,23583.7,23574.2,150,23583.6,150,0,972750
NIFTY-III.NFO,16/04/2025,09:54:43,23583.7,23574.2,75,23583.6,150,0,972750
NIFTY-III.NFO,16/04/2025,09:54:48,23583.7,23574.1,150,23583.6,150,0,972750
NIFTY-III.NFO,16/04/2025,09:54:50,23583.6,23574.1,150,23583.6,150,75,972450
NIFTY-III.NFO,16/04/2025,09:54:52,23583.6,23574.1,75,23583.6,150,0,972450
NIFTY-III.NFO,16/04/2025,09:54:53,23583.6,23574,150,23582.8,150,0,972450
NIFTY-III.NFO,16/04/2025,09:54:55,23583.6,23574.1,75,23582.8,150,0,972450
NIFTY-III.NFO,16/04/2025,09:54:57,23583.6,23574.1,150,23582.8,150,0,972450
NIFTY-III.NFO,16/04/2025,09:55:00,23583.6,23574.1,75,23583.2,75,0,972450
NIFTY-III.NFO,16/04/2025,09:55:03,23583.6,23574,75,23583.2,75,0,972450
NIFTY-III.NFO,16/04/2025,09:55:05,23583.6,23574.1,150,23583,150,0,972450
NIFTY-III.NFO,16/04/2025,09:55:07,23583.6,23574.1,75,23583.2,75,0,972450
NIFTY-III.NFO,16/04/2025,09:55:08,23583.6,23574,150,23582.9,75,0,972450
NIFTY-III.NFO,16/04/2025,09:55:10,23574,23573.3,75,23582.9,75,75,972450
NIFTY-III.NFO,16/04/2025,09:55:11,23574,23573.3,75,23582.9,75,0,972450
NIFTY-III.NFO,16/04/2025,09:55:12,23574,23571.7,75,23582.9,150,0,972450
NIFTY-III.NFO,16/04/2025,09:55:19,23574,23571.3,75,23581.5,75,0,972450
NIFTY-III.NFO,16/04/2025,09:55:22,23574,23571.5,150,23581.5,75,0,972450
NIFTY-III.NFO,16/04/2025,09:55:23,23574,23572.4,75,23582.2,75,0,972450
NIFTY-III.NFO,16/04/2025,09:55:27,23574,23570.9,75,23580.4,150,0,972450
NIFTY-III.NFO,16/04/2025,09:55:30,23570.9,23570.9,75,23580.4,150,75,972450
NIFTY-III.NFO,16/04/2025,09:55:32,23570.9,23570.3,150,23580,75,0,972450
NIFTY-III.NFO,16/04/2025,09:55:36,23570.9,23570.3,150,23579.6,75,0,972450
NIFTY-III.NFO,16/04/2025,09:55:41,23570.9,23570.3,75,23579.6,75,75,972450
NIFTY-III.NFO,16/04/2025,09:55:43,23570.9,23570.3,75,23579.6,75,0,972450
NIFTY-III.NFO,16/04/2025,09:55:45,23570.9,23570.2,75,23578.8,75,0,972450
NIFTY-III.NFO,16/04/2025,09:55:46,23570.9,23570.3,75,23578.8,75,0,972450
NIFTY-III.NFO,16/04/2025,09:55:54,23570.9,23570.3,150,23578.8,75,0,972450
NIFTY-III.NFO,16/04/2025,09:55:56,23570.9,23570.3,150,23579.6,150,0,972450
NIFTY-III.NFO,16/04/2025,09:55:58,23570.9,23570.3,150,23580,75,0,972450
NIFTY-III.NFO,16/04/2025,09:55:59,23570.9,23570.5,75,23581.4,75,0,972450
NIFTY-III.NFO,16/04/2025,09:56:01,23570.9,23570.4,75,23581,75,0,972450
NIFTY-III.NFO,16/04/2025,09:56:02,23570.9,23570.4,75,23580.7,75,0,972450
NIFTY-III.NFO,16/04/2025,09:56:04,23570.9,23570.3,150,23579.5,75,0,972450
NIFTY-III.NFO,16/04/2025,09:56:07,23570.9,23570.3,75,23579.5,75,0,972450
NIFTY-III.NFO,16/04/2025,09:56:09,23579.5,23570.3,75,23579.5,150,1800,972450
NIFTY-III.NFO,16/04/2025,09:56:10,23579.5,23570.3,150,23579.5,150,0,972450
NIFTY-III.NFO,16/04/2025,09:56:13,23579.5,23570.3,150,23579.6,75,0,972450
NIFTY-III.NFO,16/04/2025,09:56:15,23570.7,23570.8,75,23579.4,75,75,972450
NIFTY-III.NFO,16/04/2025,09:56:16,23570.7,23570.4,225,23579.6,150,0,972450
NIFTY-III.NFO,16/04/2025,09:56:18,23579.6,23579.6,300,23581,150,300,972450
NIFTY-III.NFO,16/04/2025,09:56:20,23579.6,23579.6,300,23581,75,0,972450
NIFTY-III.NFO,16/04/2025,09:56:21,23579.6,23579.6,300,23581.8,75,0,972450
NIFTY-III.NFO,16/04/2025,09:56:23,23579.6,23581,300,23581.5,75,0,972450
NIFTY-III.NFO,16/04/2025,09:56:25,23581,23581,225,23583,75,75,972450
NIFTY-III.NFO,16/04/2025,09:56:26,23582,23571.6,75,23581.2,75,225,972450
NIFTY-III.NFO,16/04/2025,09:56:28,23582,23570.8,75,23580.3,75,0,972450
NIFTY-III.NFO,16/04/2025,09:56:41,23582,23570.8,75,23580.9,150,0,972450
NIFTY-III.NFO,16/04/2025,09:56:43,23582,23571.1,75,23580.9,150,0,972450
NIFTY-III.NFO,16/04/2025,09:56:45,23582,23570.8,75,23580.1,150,0,972450
NIFTY-III.NFO,16/04/2025,09:56:50,23582,23570.8,450,23581.8,75,0,972450
NIFTY-III.NFO,16/04/2025,09:56:51,23582,23571.1,75,23581.8,75,0,972450
NIFTY-III.NFO,16/04/2025,09:56:55,23582,23572,75,23581.8,75,0,972450
NIFTY-III.NFO,16/04/2025,09:56:56,23582,23572.8,75,23581.9,75,0,972450
NIFTY-III.NFO,16/04/2025,09:56:58,23574.5,23574.6,75,23582,75,75,972450
NIFTY-III.NFO,16/04/2025,09:57:00,23574.5,23574.6,75,23582,75,0,972450
NIFTY-III.NFO,16/04/2025,09:57:03,23574.5,23573.1,75,23582,75,0,972450
NIFTY-III.NFO,16/04/2025,09:57:05,23574.5,23574,150,23582,75,0,972450
NIFTY-III.NFO,16/04/2025,09:57:06,23574.5,23574.6,150,23582,75,0,972450
NIFTY-III.NFO,16/04/2025,09:57:11,23574.5,23573.2,75,23582.4,150,75,972450
NIFTY-III.NFO,16/04/2025,09:57:13,23574.5,23573.2,75,23582.4,75,0,972450
NIFTY-III.NFO,16/04/2025,09:57:15,23574.5,23573.5,225,23582.5,375,0,972450
NIFTY-III.NFO,16/04/2025,09:57:16,23574.5,23574.6,150,23582.5,75,0,972450
NIFTY-III.NFO,16/04/2025,09:57:18,23574.5,23576.4,75,23582.5,75,0,972450
NIFTY-III.NFO,16/04/2025,09:57:20,23574.5,23576.6,150,23582.5,75,0,972450
NIFTY-III.NFO,16/04/2025,09:57:21,23584.3,23579,150,23585,150,150,972450
NIFTY-III.NFO,16/04/2025,09:57:23,23585,23579,150,23585,75,75,972450
NIFTY-III.NFO,16/04/2025,09:57:25,23585,23579.3,150,23585,75,0,972450
NIFTY-III.NFO,16/04/2025,09:57:26,23585,23580.4,75,23587.9,75,75,972450
NIFTY-III.NFO,16/04/2025,09:57:28,23585,23579.7,75,23587.4,75,0,972450
NIFTY-III.NFO,16/04/2025,09:57:30,23585,23578.6,75,23587.4,75,0,972450
NIFTY-III.NFO,16/04/2025,09:57:31,23585,23578.5,75,23587.4,150,0,972450
NIFTY-III.NFO,16/04/2025,09:57:33,23585,23578.6,75,23587.9,150,0,972450
NIFTY-III.NFO,16/04/2025,09:57:35,23585,23578.6,75,23587.2,75,0,972450
NIFTY-III.NFO,16/04/2025,09:57:36,23585,23578.6,75,23587.9,150,0,972450
NIFTY-III.NFO,16/04/2025,09:57:38,23585,23578.6,75,23587.5,450,0,972450
NIFTY-III.NFO,16/04/2025,09:57:40,23587.5,23578.6,75,23587.4,150,75,972450
NIFTY-III.NFO,16/04/2025,09:57:41,23587.5,23578.6,75,23587,75,0,971550
NIFTY-III.NFO,16/04/2025,09:57:43,23587.5,23578.2,75,23587,150,0,971550
NIFTY-III.NFO,16/04/2025,09:57:45,23587.5,23578.8,75,23587.9,75,0,971550
NIFTY-III.NFO,16/04/2025,09:57:46,23587.5,23579.2,75,23588,75,0,971550
NIFTY-III.NFO,16/04/2025,09:57:48,23587.5,23581.9,75,23588,75,0,971550
NIFTY-III.NFO,16/04/2025,09:57:50,23588,23583.6,75,23588.6,75,75,971550
NIFTY-III.NFO,16/04/2025,09:57:51,23588,23582.3,75,23588.6,75,0,971550
NIFTY-III.NFO,16/04/2025,09:57:53,23588,23581.4,150,23588.6,75,0,971550
NIFTY-III.NFO,16/04/2025,09:57:55,23588,23581.8,150,23588.6,75,0,971550
NIFTY-III.NFO,16/04/2025,09:57:56,23588,23583.2,150,23588,75,0,971550
NIFTY-III.NFO,16/04/2025,09:57:58,23588.6,23588.2,75,23589,75,150,971550
NIFTY-III.NFO,16/04/2025,09:58:00,23588.6,23583.4,225,23589,75,0,971550
NIFTY-III.NFO,16/04/2025,09:58:03,23588.6,23584.3,75,23589,75,0,971550
NIFTY-III.NFO,16/04/2025,09:58:05,23588.6,23584.6,75,23589,75,0,971550
NIFTY-III.NFO,16/04/2025,09:58:06,23589,23584.9,75,23590,75,75,971550
NIFTY-III.NFO,16/04/2025,09:58:08,23589,23584.9,75,23590,75,0,971550
NIFTY-III.NFO,16/04/2025,09:58:17,23590,23590,75,23590.9,75,75,971550
NIFTY-III.NFO,16/04/2025,09:58:17,23590,23590,75,23590.9,75,0,971550
NIFTY-III.NFO,16/04/2025,09:58:19,23590.9,23590,75,23594.9,75,75,971550
NIFTY-III.NFO,16/04/2025,09:58:19,23590.9,23590,75,23594.9,75,0,971550
NIFTY-III.NFO,16/04/2025,09:58:21,23590.9,23590,75,23594.9,75,0,971550
NIFTY-III.NFO,16/04/2025,09:58:22,23590.9,23592.5,150,23594.9,75,75,971550
NIFTY-III.NFO,16/04/2025,09:58:24,23594.9,23592.5,150,23594.9,75,75,971550
NIFTY-III.NFO,16/04/2025,09:58:24,23594.9,23592.5,150,23594.9,75,0,971550
NIFTY-III.NFO,16/04/2025,09:58:26,23594.9,23592.5,150,23594.9,75,0,971550
NIFTY-III.NFO,16/04/2025,09:58:31,23594.9,23590.5,150,23594,75,0,971550
NIFTY-III.NFO,16/04/2025,09:58:32,23594.9,23592.5,75,23592.7,75,0,971550
NIFTY-III.NFO,16/04/2025,09:58:34,23590.5,23590.5,75,23592.8,75,150,971550
NIFTY-III.NFO,16/04/2025,09:58:36,23590.5,23590.5,150,23592.8,75,0,971550
NIFTY-III.NFO,16/04/2025,09:58:37,23593.4,23590.5,150,23593.5,75,75,971550
NIFTY-III.NFO,16/04/2025,09:58:39,23593.4,23590.5,150,23593.3,75,0,971550
NIFTY-III.NFO,16/04/2025,09:58:41,23593.4,23591.7,75,23593.9,75,0,971550
NIFTY-III.NFO,16/04/2025,09:58:44,23593.4,23592.9,75,23593,75,0,971550
NIFTY-III.NFO,16/04/2025,09:58:46,23592.9,23590.5,75,23593,75,75,971550
NIFTY-III.NFO,16/04/2025,09:58:47,23592.9,23590.5,75,23591.6,75,0,971550
NIFTY-III.NFO,16/04/2025,09:58:51,23592.5,23590.5,75,23591.9,75,150,971550
NIFTY-III.NFO,16/04/2025,09:58:52,23592.5,23590.5,75,23592.6,150,150,971550
NIFTY-III.NFO,16/04/2025,09:58:54,23592.5,23590.5,75,23592.6,450,0,971550
NIFTY-III.NFO,16/04/2025,09:58:56,23592.5,23590.5,75,23591.6,150,0,971550
NIFTY-III.NFO,16/04/2025,09:58:59,23590,23585.5,150,23589.8,375,150,971550
NIFTY-III.NFO,16/04/2025,09:59:01,23588.3,23579.3,75,23586.2,375,225,971550
NIFTY-III.NFO,16/04/2025,09:59:02,23588.3,23585.5,150,23586,75,0,971550
NIFTY-III.NFO,16/04/2025,09:59:04,23585.5,23579,150,23584,375,150,971550
NIFTY-III.NFO,16/04/2025,09:59:05,23585.5,23579,150,23583.6,75,0,971550
NIFTY-III.NFO,16/04/2025,09:59:07,23585.5,23579,150,23582.8,375,0,971550
NIFTY-III.NFO,16/04/2025,09:59:09,23585.5,23576,150,23581.4,375,0,971550
NIFTY-III.NFO,16/04/2025,09:59:10,23585.5,23576.2,75,23582.9,75,0,971550
NIFTY-III.NFO,16/04/2025,09:59:12,23585.5,23576,150,23580.5,375,0,971550
NIFTY-III.NFO,16/04/2025,09:59:14,23585.5,23572.4,75,23580.3,150,0,971550
NIFTY-III.NFO,16/04/2025,09:59:15,23585.5,23572.4,75,23579.3,375,0,971550
NIFTY-III.NFO,16/04/2025,09:59:17,23585.5,23571,225,23577.8,75,0,971550
NIFTY-III.NFO,16/04/2025,09:59:19,23585.5,23570,75,23575.4,375,0,971550
NIFTY-III.NFO,16/04/2025,09:59:20,23585.5,23570.1,75,23576.3,375,0,971550
NIFTY-III.NFO,16/04/2025,09:59:22,23585.5,23570.1,150,23576.3,375,0,971550
NIFTY-III.NFO,16/04/2025,09:59:25,23585.5,23570.1,150,23577.2,75,0,971550
NIFTY-III.NFO,16/04/2025,09:59:27,23585.5,23570.1,150,23578.3,375,0,971550
NIFTY-III.NFO,16/04/2025,09:59:28,23585.5,23570.1,150,23577.2,375,0,971550
NIFTY-III.NFO,16/04/2025,09:59:30,23585.5,23570.1,150,23578.3,450,0,971550
NIFTY-III.NFO,16/04/2025,09:59:32,23585.5,23572,150,23578.2,375,0,971550
NIFTY-III.NFO,16/04/2025,09:59:33,23585.5,23572,150,23577,75,0,971550
NIFTY-III.NFO,16/04/2025,09:59:35,23585.5,23570,75,23576,375,0,971550
NIFTY-III.NFO,16/04/2025,09:59:37,23585.5,23570.1,150,23576,375,0,971550
NIFTY-III.NFO,16/04/2025,09:59:38,23585.5,23570.1,150,23578.1,150,0,971550
NIFTY-III.NFO,16/04/2025,09:59:40,23585.5,23570.1,150,23577.2,375,0,971550
NIFTY-III.NFO,16/04/2025,09:59:43,23578.1,23570.1,150,23577,375,75,971550
NIFTY-III.NFO,16/04/2025,09:59:45,23578.1,23570.1,150,23577,375,0,971550
NIFTY-III.NFO,16/04/2025,09:59:46,23578.1,23570.1,150,23577.9,375,0,971550
NIFTY-III.NFO,16/04/2025,09:59:50,23578.1,23570.1,150,23577.8,375,0,971550
NIFTY-III.NFO,16/04/2025,09:59:51,23578.1,23570,75,23576.7,375,0,971550
NIFTY-III.NFO,16/04/2025,09:59:53,23578.1,23570.1,75,23576.7,375,0,971550
NIFTY-III.NFO,16/04/2025,09:59:55,23578.1,23570.1,75,23577.8,375,0,971550
NIFTY-III.NFO,16/04/2025,09:59:56,23578.1,23570.1,75,23578.7,75,0,971550
NIFTY-III.NFO,16/04/2025,09:59:58,23578.1,23570.1,75,23578.7,150,0,971550
NIFTY-III.NFO,16/04/2025,10:00:00,23578.1,23570.2,75,23578.6,75,0,971550
NIFTY-III.NFO,16/04/2025,10:00:01,23570.1,23570.3,75,23579.8,150,225,971550
NIFTY-III.NFO,16/04/2025,10:00:03,23570.1,23571,75,23579.9,150,0,971550
NIFTY-III.NFO,16/04/2025,10:00:04,23570.1,23571,225,23579.9,75,0,971550
NIFTY-III.NFO,16/04/2025,10:00:06,23570.1,23571.2,150,23579.9,75,0,971550
NIFTY-III.NFO,16/04/2025,10:00:08,23570.1,23571.5,150,23579.9,75,0,971550
NIFTY-III.NFO,16/04/2025,10:00:11,23570.1,23571.3,75,23580.7,150,0,971550
NIFTY-III.NFO,16/04/2025,10:00:13,23570.1,23571.3,75,23581.6,75,0,971550
NIFTY-III.NFO,16/04/2025,10:00:14,23570.1,23571.3,75,23580.6,150,0,971550
NIFTY-III.NFO,16/04/2025,10:00:16,23570.1,23571.3,75,23580.2,150,0,971550
NIFTY-III.NFO,16/04/2025,10:00:18,23580.3,23571,75,23579.6,150,75,971550
NIFTY-III.NFO,16/04/2025,10:00:19,23580.3,23571,75,23580.5,75,0,971550
NIFTY-III.NFO,16/04/2025,10:00:21,23580.3,23571.2,150,23581.6,75,0,971550
NIFTY-III.NFO,16/04/2025,10:00:23,23580.3,23571.1,150,23579.4,150,0,971550
NIFTY-III.NFO,16/04/2025,10:00:24,23580.3,23571.1,150,23580.6,450,0,971550
NIFTY-III.NFO,16/04/2025,10:00:26,23580.3,23571.1,150,23580.1,150,0,971550
NIFTY-III.NFO,16/04/2025,10:00:28,23581.5,23571.1,150,23581.6,375,75,971550
NIFTY-III.NFO,16/04/2025,10:00:29,23581.5,23571,150,23580.3,75,75,971100
NIFTY-III.NFO,16/04/2025,10:00:31,23581.5,23570.9,150,23579.1,375,0,971100
NIFTY-III.NFO,16/04/2025,10:00:33,23581.5,23570.9,150,23580.2,75,0,971100
NIFTY-III.NFO,16/04/2025,10:00:36,23581.5,23570.9,150,23580.3,150,0,971100
NIFTY-III.NFO,16/04/2025,10:00:38,23581.5,23570.8,225,23578.7,450,0,971100
NIFTY-III.NFO,16/04/2025,10:00:39,23581.5,23570.9,75,23578.7,375,0,971100
NIFTY-III.NFO,16/04/2025,10:00:41,23581.5,23570.8,150,23578.7,450,0,971100
NIFTY-III.NFO,16/04/2025,10:00:43,23581.5,23570.8,225,23578.7,450,0,971100
NIFTY-III.NFO,16/04/2025,10:00:44,23581.5,23570.9,75,23578.7,375,0,971100
