Ticker,Date,Time,LTP,BuyPrice,BuyQty,SellPrice,SellQty,LTQ,OpenInterest
BANKNIFTY-III.NFO,18/02/2025,09:15:16,50064.25,50052.2,30,50066.85,30,30,68160
BANKNIFTY-III.NFO,18/02/2025,09:15:16,50064.25,50052.2,30,50066.85,30,0,68160
BANKNIFTY-III.NFO,18/02/2025,09:15:16,50064.25,50052.2,30,50066.85,30,0,68160
BANKNIFTY-III.NFO,18/02/2025,09:15:16,50064.25,50052.2,30,50066.85,30,0,68160
BANKNIFTY-III.NFO,18/02/2025,09:15:18,50064.25,50033.25,30,50066.85,60,0,68160
BANKNIFTY-III.NFO,18/02/2025,09:15:19,50064.25,50020.05,30,50054.7,60,0,68160
BANKNIFTY-III.NFO,18/02/2025,09:15:21,50064.25,50031.9,30,50063.2,60,0,68160
BANKNIFTY-III.NFO,18/02/2025,09:15:22,50040,50035.8,150,50065.2,60,30,68160
BANKNIFTY-III.NFO,18/02/2025,09:15:22,50040,50035.8,150,50065.2,60,0,68160
BANKNIFTY-III.NFO,18/02/2025,09:15:24,50040,50034.1,150,50054.55,60,0,68160
BANKNIFTY-III.NFO,18/02/2025,09:15:26,50040,50034.1,150,50051,30,0,68160
BANKNIFTY-III.NFO,18/02/2025,09:15:27,50040,50039.95,150,50064.45,60,0,68160
BANKNIFTY-III.NFO,18/02/2025,09:15:29,50045.05,50040.3,120,50061.7,60,30,68160
BANKNIFTY-III.NFO,18/02/2025,09:15:30,50045.05,50037.45,120,50040,30,0,68160
BANKNIFTY-III.NFO,18/02/2025,09:15:32,50045.05,50035.85,150,50040,30,0,68160
BANKNIFTY-III.NFO,18/02/2025,09:15:34,50040,50039.95,150,50050,30,30,68220
BANKNIFTY-III.NFO,18/02/2025,09:15:35,50040,50041.1,150,50050,30,0,68220
BANKNIFTY-III.NFO,18/02/2025,09:15:37,50050,50047.3,150,50062.4,30,30,68220
BANKNIFTY-III.NFO,18/02/2025,09:15:39,50050,50046.5,150,50062.9,30,0,68220
BANKNIFTY-III.NFO,18/02/2025,09:15:40,50050,50050.95,150,50068.9,30,0,68220
BANKNIFTY-III.NFO,18/02/2025,09:15:42,50050,50053.45,150,50066.45,30,0,68220
BANKNIFTY-III.NFO,18/02/2025,09:15:44,50050,50051.3,150,50066.15,30,0,68220
BANKNIFTY-III.NFO,18/02/2025,09:15:45,50050,50057.2,150,50070.3,30,0,68220
BANKNIFTY-III.NFO,18/02/2025,09:15:47,50050,50056.05,150,50070.7,30,0,68220
BANKNIFTY-III.NFO,18/02/2025,09:15:48,50050,50064.95,150,50082.9,60,0,68220
BANKNIFTY-III.NFO,18/02/2025,09:15:50,50050,50059.5,150,50080,30,0,68220
BANKNIFTY-III.NFO,18/02/2025,09:15:52,50050,50065.45,150,50079.7,30,0,68220
BANKNIFTY-III.NFO,18/02/2025,09:15:53,50050,50062.2,150,50070,30,0,68220
BANKNIFTY-III.NFO,18/02/2025,09:15:55,50050,50056.3,150,50070,30,0,68220
BANKNIFTY-III.NFO,18/02/2025,09:15:56,50050,50061.35,120,50070,30,0,68220
BANKNIFTY-III.NFO,18/02/2025,09:15:58,50050,50064.75,150,50070,30,0,68220
BANKNIFTY-III.NFO,18/02/2025,09:16:00,50070,50066.9,30,50082.45,30,30,68220
BANKNIFTY-III.NFO,18/02/2025,09:16:00,50070,50066.9,30,50082.45,30,0,68220
BANKNIFTY-III.NFO,18/02/2025,09:16:01,50083.5,50086.35,150,50102.55,30,30,68220
BANKNIFTY-III.NFO,18/02/2025,09:16:01,50083.5,50086.35,150,50102.55,30,0,68220
BANKNIFTY-III.NFO,18/02/2025,09:16:03,50102.5,50079.2,60,50102.4,90,90,68220
BANKNIFTY-III.NFO,18/02/2025,09:16:03,50102.5,50079.2,60,50102.4,90,0,68220
BANKNIFTY-III.NFO,18/02/2025,09:16:05,50081.9,50074.8,30,50097.95,90,30,68220
BANKNIFTY-III.NFO,18/02/2025,09:16:06,50081.9,50071.35,30,50098.25,60,0,68220
BANKNIFTY-III.NFO,18/02/2025,09:16:08,50074.35,50061.35,30,50082.1,90,30,68220
BANKNIFTY-III.NFO,18/02/2025,09:16:09,50074.35,50057.95,30,50082.75,60,0,68220
BANKNIFTY-III.NFO,18/02/2025,09:16:11,50074.35,50051.2,180,50070.05,60,0,68220
BANKNIFTY-III.NFO,18/02/2025,09:16:13,50074.35,50046.55,30,50067.05,90,0,68220
BANKNIFTY-III.NFO,18/02/2025,09:16:14,50074.35,50045.45,150,50057.9,30,0,68220
BANKNIFTY-III.NFO,18/02/2025,09:16:16,50074.35,50043.5,150,50058.05,60,0,68220
BANKNIFTY-III.NFO,18/02/2025,09:16:18,50074.35,50033.6,150,50049.1,60,0,68220
BANKNIFTY-III.NFO,18/02/2025,09:16:19,50074.35,50030.65,150,50044.7,30,0,68220
BANKNIFTY-III.NFO,18/02/2025,09:16:21,50074.35,50027,30,50047.2,90,0,68220
BANKNIFTY-III.NFO,18/02/2025,09:16:22,50074.35,50014.8,30,50036.5,90,0,68220
BANKNIFTY-III.NFO,18/02/2025,09:16:24,50074.35,50006,150,50024.15,90,0,68220
BANKNIFTY-III.NFO,18/02/2025,09:16:26,50074.35,50006,150,50020.8,90,0,68220
BANKNIFTY-III.NFO,18/02/2025,09:16:27,50074.35,50007,30,50028.95,60,0,68220
BANKNIFTY-III.NFO,18/02/2025,09:16:29,50074.35,50014.05,150,50030.95,60,0,68220
BANKNIFTY-III.NFO,18/02/2025,09:16:31,50074.35,50009.65,150,50035.55,60,0,68220
BANKNIFTY-III.NFO,18/02/2025,09:16:32,50074.35,50008.45,150,50021.25,30,0,68220
BANKNIFTY-III.NFO,18/02/2025,09:16:34,50074.35,50006,150,50017.95,30,0,68220
BANKNIFTY-III.NFO,18/02/2025,09:16:35,50074.35,50006,150,50017,60,0,68220
BANKNIFTY-III.NFO,18/02/2025,09:16:37,50074.35,50006,150,50015.2,30,0,68220
BANKNIFTY-III.NFO,18/02/2025,09:16:39,50074.35,50006,150,50017,30,0,68220
BANKNIFTY-III.NFO,18/02/2025,09:16:40,50074.35,50009.55,150,50022.4,30,0,68220
BANKNIFTY-III.NFO,18/02/2025,09:16:42,50074.35,50006,150,50015.6,30,0,68220
BANKNIFTY-III.NFO,18/02/2025,09:16:44,50074.35,50006,150,50008.55,30,0,68220
BANKNIFTY-III.NFO,18/02/2025,09:16:45,50074.35,50006,150,50013,30,0,68220
BANKNIFTY-III.NFO,18/02/2025,09:16:47,50010,50006,150,50011.55,90,30,68220
BANKNIFTY-III.NFO,18/02/2025,09:16:47,50010,50006,150,50011.55,90,0,68220
BANKNIFTY-III.NFO,18/02/2025,09:16:48,50006,50000,90,50010.05,60,150,68220
BANKNIFTY-III.NFO,18/02/2025,09:16:48,50006,50000,90,50010.05,60,0,68220
BANKNIFTY-III.NFO,18/02/2025,09:16:50,50006,50000,90,50006.2,60,0,68220
BANKNIFTY-III.NFO,18/02/2025,09:16:52,50006,50000,90,50002.85,30,0,68220
BANKNIFTY-III.NFO,18/02/2025,09:16:53,50006,50000,90,50001.4,30,0,68220
BANKNIFTY-III.NFO,18/02/2025,09:16:55,50000,49979.75,180,49999.05,90,90,68220
BANKNIFTY-III.NFO,18/02/2025,09:16:55,50000,49979.75,180,49999.05,90,0,68220
BANKNIFTY-III.NFO,18/02/2025,09:16:57,49980.85,49980,150,49995.45,30,30,68220
BANKNIFTY-III.NFO,18/02/2025,09:16:57,49980.85,49980,150,49995.45,30,0,68220
BANKNIFTY-III.NFO,18/02/2025,09:16:58,49980.85,49982.15,150,50004.15,60,0,68220
BANKNIFTY-III.NFO,18/02/2025,09:17:00,49980.85,49978.7,120,50002.8,60,0,68220
BANKNIFTY-III.NFO,18/02/2025,09:17:01,49980.85,49960.7,120,49989.3,210,0,68220
BANKNIFTY-III.NFO,18/02/2025,09:17:03,49980.85,49960.8,30,49981.95,90,0,68220
BANKNIFTY-III.NFO,18/02/2025,09:17:05,49980.85,49959,150,49979.85,60,0,68220
BANKNIFTY-III.NFO,18/02/2025,09:17:06,49980.85,49968.7,150,49986.65,30,0,68220
BANKNIFTY-III.NFO,18/02/2025,09:17:08,49980.85,49972.65,120,49992.3,60,0,68220
BANKNIFTY-III.NFO,18/02/2025,09:17:10,49980.85,49970.45,30,49993.75,90,0,68220
BANKNIFTY-III.NFO,18/02/2025,09:17:11,49980.85,49977.05,30,49996.85,60,0,68220
BANKNIFTY-III.NFO,18/02/2025,09:17:13,49980.85,49982,30,50002.75,90,0,68220
BANKNIFTY-III.NFO,18/02/2025,09:17:14,49980.85,49975.4,150,49995.15,90,0,68220
BANKNIFTY-III.NFO,18/02/2025,09:17:16,49995.15,49978.55,60,49997.2,90,30,68220
BANKNIFTY-III.NFO,18/02/2025,09:17:18,49995.15,49980,30,49992.3,60,0,68220
BANKNIFTY-III.NFO,18/02/2025,09:17:19,49995.15,49980.05,60,49996.35,30,0,68220
BANKNIFTY-III.NFO,18/02/2025,09:17:21,49995.15,49980.05,180,49999.7,90,0,68220
BANKNIFTY-III.NFO,18/02/2025,09:17:22,49997.75,49981.65,60,49997.45,30,60,68220
BANKNIFTY-III.NFO,18/02/2025,09:17:22,49980.05,49981.65,60,49997.45,30,0,68220
BANKNIFTY-III.NFO,18/02/2025,09:17:24,49997.75,49980,30,49994.85,90,0,68220
BANKNIFTY-III.NFO,18/02/2025,09:17:26,49997.75,49980,30,49990.25,60,0,68220
BANKNIFTY-III.NFO,18/02/2025,09:17:27,49997.75,49980,30,49990.3,60,0,68220
BANKNIFTY-III.NFO,18/02/2025,09:17:29,49997.75,49980,30,49989.2,60,0,68220
BANKNIFTY-III.NFO,18/02/2025,09:17:31,49980,49964.65,60,49985.3,60,30,68220
BANKNIFTY-III.NFO,18/02/2025,09:17:31,49980,49964.65,60,49985.3,60,0,68220
BANKNIFTY-III.NFO,18/02/2025,09:17:32,49980,49964.25,60,49983.8,90,0,68220
BANKNIFTY-III.NFO,18/02/2025,09:17:34,49980,49965.2,60,49984.05,90,0,68220
BANKNIFTY-III.NFO,18/02/2025,09:17:36,49980,49962.55,30,49983.6,60,0,68220
BANKNIFTY-III.NFO,18/02/2025,09:17:37,49980,49960.05,60,49977.35,60,0,68220
BANKNIFTY-III.NFO,18/02/2025,09:17:39,49980,49960.05,60,49977.2,60,0,68220
BANKNIFTY-III.NFO,18/02/2025,09:17:41,49980,49960,30,49974.75,60,0,68220
BANKNIFTY-III.NFO,18/02/2025,09:17:42,49974.75,49960.05,90,49975.05,30,30,68220
BANKNIFTY-III.NFO,18/02/2025,09:17:42,49974.75,49960.05,90,49975.05,30,0,68220
BANKNIFTY-III.NFO,18/02/2025,09:17:44,49960,49956,150,49974.3,60,30,68220
BANKNIFTY-III.NFO,18/02/2025,09:17:44,49960,49956,150,49974.3,60,0,68220
BANKNIFTY-III.NFO,18/02/2025,09:17:46,49960,49956,150,49966.4,60,0,68220
BANKNIFTY-III.NFO,18/02/2025,09:17:47,49960,49956,150,49963.25,90,0,68220
BANKNIFTY-III.NFO,18/02/2025,09:17:49,49960,49956,150,49960.8,90,0,68220
BANKNIFTY-III.NFO,18/02/2025,09:17:51,49956,49956,60,49956.9,60,90,68220
BANKNIFTY-III.NFO,18/02/2025,09:17:51,49956,49956,60,49956.9,60,0,68220
BANKNIFTY-III.NFO,18/02/2025,09:17:52,49956,49956,60,49960.8,90,0,68220
BANKNIFTY-III.NFO,18/02/2025,09:17:54,49956,49956,60,49962.45,30,0,68220
BANKNIFTY-III.NFO,18/02/2025,09:17:56,49956,49956,60,49961.75,30,0,68220
BANKNIFTY-III.NFO,18/02/2025,09:17:57,49956,49956,30,49965.85,90,30,68220
BANKNIFTY-III.NFO,18/02/2025,09:17:59,49956,49956,30,49960.85,90,0,68220
BANKNIFTY-III.NFO,18/02/2025,09:18:01,49956,49956,30,49957.55,90,0,68220
BANKNIFTY-III.NFO,18/02/2025,09:18:02,49956,49956,30,49958.9,60,0,68220
BANKNIFTY-III.NFO,18/02/2025,09:18:04,49956,49956,30,49959.95,90,0,68220
BANKNIFTY-III.NFO,18/02/2025,09:18:06,49956,49937.3,90,49961.15,90,30,68220
BANKNIFTY-III.NFO,18/02/2025,09:18:07,49956,49944.65,90,49960.3,30,0,68220
BANKNIFTY-III.NFO,18/02/2025,09:18:09,49956,49948.1,90,49960.3,30,0,68220
BANKNIFTY-III.NFO,18/02/2025,09:18:11,49956,49950.05,90,49969.5,90,0,68220
BANKNIFTY-III.NFO,18/02/2025,09:18:12,49956,49950.05,60,49969.15,60,0,68220
BANKNIFTY-III.NFO,18/02/2025,09:18:14,49956,49950.05,90,49968.9,60,0,68220
BANKNIFTY-III.NFO,18/02/2025,09:18:16,49956,49957.9,90,49972.75,30,0,68220
BANKNIFTY-III.NFO,18/02/2025,09:18:17,49956,49959.15,60,49979,60,0,68220
BANKNIFTY-III.NFO,18/02/2025,09:18:19,49956,49953.7,60,49974.3,90,0,68220
BANKNIFTY-III.NFO,18/02/2025,09:18:21,49956,49951.15,60,49972.05,60,0,68220
BANKNIFTY-III.NFO,18/02/2025,09:18:22,49956,49950.05,90,49968.75,60,0,68220
BANKNIFTY-III.NFO,18/02/2025,09:18:24,49956,49950,30,49960.7,90,0,68220
BANKNIFTY-III.NFO,18/02/2025,09:18:26,49956,49950,30,49954.8,90,0,68220
BANKNIFTY-III.NFO,18/02/2025,09:18:27,49956,49950,30,49961.1,60,0,68220
BANKNIFTY-III.NFO,18/02/2025,09:18:29,49956,49950,30,49953.7,30,0,68220
BANKNIFTY-III.NFO,18/02/2025,09:18:31,49956,49950,30,49953.65,60,0,68220
BANKNIFTY-III.NFO,18/02/2025,09:18:32,49956,49950,30,49950.9,60,0,68220
BANKNIFTY-III.NFO,18/02/2025,09:18:34,49956,49950,30,49952.25,60,0,68220
BANKNIFTY-III.NFO,18/02/2025,09:18:36,49956,49950,30,49952.4,90,0,68220
BANKNIFTY-III.NFO,18/02/2025,09:18:37,49956,49950,30,49951.55,60,0,68220
BANKNIFTY-III.NFO,18/02/2025,09:18:39,49956,49950,30,49953.65,60,0,68220
BANKNIFTY-III.NFO,18/02/2025,09:18:41,49956,49950,30,49951.65,90,0,68220
BANKNIFTY-III.NFO,18/02/2025,09:18:42,49950,49935.05,60,49949.95,120,30,67980
BANKNIFTY-III.NFO,18/02/2025,09:18:42,49950,49935.05,60,49949.95,120,0,67980
BANKNIFTY-III.NFO,18/02/2025,09:18:44,49950,49935.05,90,49950,30,0,67980
BANKNIFTY-III.NFO,18/02/2025,09:18:47,49950,49935.9,90,49950,30,0,67980
BANKNIFTY-III.NFO,18/02/2025,09:18:49,49950,49942.55,60,49950,30,0,67980
BANKNIFTY-III.NFO,18/02/2025,09:18:51,49961.4,49937.45,180,49958.4,60,300,67980
BANKNIFTY-III.NFO,18/02/2025,09:18:52,49961.4,49937.45,60,49956.9,60,0,67980
BANKNIFTY-III.NFO,18/02/2025,09:18:54,49961.4,49935,90,49950.05,30,0,67980
BANKNIFTY-III.NFO,18/02/2025,09:18:56,49961.4,49935,60,49948.35,60,0,67980
BANKNIFTY-III.NFO,18/02/2025,09:18:57,49961.4,49935,60,49946.5,30,0,67980
BANKNIFTY-III.NFO,18/02/2025,09:18:59,49940,49935,30,49944.25,30,30,67980
BANKNIFTY-III.NFO,18/02/2025,09:18:59,49940,49935,30,49944.25,30,0,67980
BANKNIFTY-III.NFO,18/02/2025,09:19:01,49935,49916.9,60,49937.55,60,30,67980
BANKNIFTY-III.NFO,18/02/2025,09:19:01,49935,49916.9,60,49937.55,60,0,67980
BANKNIFTY-III.NFO,18/02/2025,09:19:02,49935,49916.65,60,49942.95,30,0,67980
BANKNIFTY-III.NFO,18/02/2025,09:19:04,49935,49923.25,60,49945.6,120,0,67980
BANKNIFTY-III.NFO,18/02/2025,09:19:06,49935,49918.9,60,49938.4,30,0,67980
BANKNIFTY-III.NFO,18/02/2025,09:19:07,49935,49918.9,60,49938.9,30,0,67980
BANKNIFTY-III.NFO,18/02/2025,09:19:09,49935,49917.9,60,49938,30,0,67980
BANKNIFTY-III.NFO,18/02/2025,09:19:11,49935,49916.65,60,49938.3,120,0,67980
BANKNIFTY-III.NFO,18/02/2025,09:19:12,49935,49922.85,60,49947.3,30,0,67980
BANKNIFTY-III.NFO,18/02/2025,09:19:14,49935,49925.9,60,49947.6,60,0,67980
BANKNIFTY-III.NFO,18/02/2025,09:19:16,49935,49925.9,60,49945,30,0,67980
BANKNIFTY-III.NFO,18/02/2025,09:19:17,49935,49930.25,60,49950.55,60,0,67980
BANKNIFTY-III.NFO,18/02/2025,09:19:19,49935,49926.65,60,49944.85,180,0,67980
BANKNIFTY-III.NFO,18/02/2025,09:19:21,49935,49922.8,30,49940.85,60,0,67980
BANKNIFTY-III.NFO,18/02/2025,09:19:22,49935,49930,30,49938.2,90,0,67980
BANKNIFTY-III.NFO,18/02/2025,09:19:24,49935,49930.05,90,49945.05,30,0,67980
BANKNIFTY-III.NFO,18/02/2025,09:19:26,49935,49930.05,90,49947.65,150,0,67980
BANKNIFTY-III.NFO,18/02/2025,09:19:27,49935,49930,60,49943.5,90,0,67980
BANKNIFTY-III.NFO,18/02/2025,09:19:29,49935,49930,30,49931.3,60,0,67980
BANKNIFTY-III.NFO,18/02/2025,09:19:31,49930,49913.9,60,49934.9,60,30,67980
BANKNIFTY-III.NFO,18/02/2025,09:19:31,49930,49913.9,60,49934.9,60,0,67980
BANKNIFTY-III.NFO,18/02/2025,09:19:32,49930.95,49909.85,60,49931.6,30,30,67980
BANKNIFTY-III.NFO,18/02/2025,09:19:34,49930.95,49922.8,60,49946.45,60,0,67980
BANKNIFTY-III.NFO,18/02/2025,09:19:36,49925,49925,60,49945.8,60,30,67980
BANKNIFTY-III.NFO,18/02/2025,09:19:36,49925,49925,60,49945.8,60,0,67980
BANKNIFTY-III.NFO,18/02/2025,09:19:37,49925,49922.8,60,49942.95,60,0,67980
BANKNIFTY-III.NFO,18/02/2025,09:19:39,49925,49920.35,60,49941.05,60,0,67980
BANKNIFTY-III.NFO,18/02/2025,09:19:41,49925,49924.45,60,49944.55,30,0,67980
BANKNIFTY-III.NFO,18/02/2025,09:19:42,49925,49921.3,60,49942.2,60,0,67980
BANKNIFTY-III.NFO,18/02/2025,09:19:44,49925,49921.3,60,49940,30,0,67980
BANKNIFTY-III.NFO,18/02/2025,09:19:46,49925,49916.8,60,49935.3,30,0,67980
BANKNIFTY-III.NFO,18/02/2025,09:19:47,49925,49915.5,60,49937.35,60,0,67980
BANKNIFTY-III.NFO,18/02/2025,09:19:49,49925,49915.5,60,49934.75,60,0,67980
BANKNIFTY-III.NFO,18/02/2025,09:19:51,49925,49914.35,60,49932.7,30,0,67980
BANKNIFTY-III.NFO,18/02/2025,09:19:53,49925,49911,60,49930.55,30,0,67980
BANKNIFTY-III.NFO,18/02/2025,09:19:54,49925,49909.85,60,49929.1,60,0,67980
BANKNIFTY-III.NFO,18/02/2025,09:19:56,49925,49905.3,60,49926.9,60,0,67980
BANKNIFTY-III.NFO,18/02/2025,09:19:58,49925,49906,60,49927.65,60,0,67980
BANKNIFTY-III.NFO,18/02/2025,09:19:59,49925,49906.8,60,49927.8,30,0,67980
BANKNIFTY-III.NFO,18/02/2025,09:20:01,49925,49904.6,60,49924.4,60,0,67980
BANKNIFTY-III.NFO,18/02/2025,09:20:03,49925,49903.9,60,49925.2,60,0,67980
BANKNIFTY-III.NFO,18/02/2025,09:20:04,49930.05,49905.9,60,49927.5,60,30,67980
BANKNIFTY-III.NFO,18/02/2025,09:20:06,49924.7,49904.55,60,49923.05,180,60,67980
BANKNIFTY-III.NFO,18/02/2025,09:20:06,49924.7,49904.55,60,49923.05,180,0,67980
BANKNIFTY-III.NFO,18/02/2025,09:20:08,49924.7,49902,150,49910.15,150,0,67980
BANKNIFTY-III.NFO,18/02/2025,09:20:09,49909.95,49902,150,49904.65,150,30,67980
BANKNIFTY-III.NFO,18/02/2025,09:20:09,49909.95,49902,150,49904.65,150,0,67980
BANKNIFTY-III.NFO,18/02/2025,09:20:11,49909.9,49902,150,49904.15,150,30,67980
BANKNIFTY-III.NFO,18/02/2025,09:20:11,49909.9,49902,150,49904.15,150,0,67980
BANKNIFTY-III.NFO,18/02/2025,09:20:13,49902,49902,120,49905.15,90,90,67980
BANKNIFTY-III.NFO,18/02/2025,09:20:13,49902,49902,120,49905.15,90,0,67980
BANKNIFTY-III.NFO,18/02/2025,09:20:14,49907.75,49902,120,49908,150,30,67980
BANKNIFTY-III.NFO,18/02/2025,09:20:16,49907.75,49902,120,49905.9,60,0,67980
BANKNIFTY-III.NFO,18/02/2025,09:20:18,49908.5,49902.05,90,49917.75,30,30,67980
BANKNIFTY-III.NFO,18/02/2025,09:20:19,49908.5,49902,120,49915.05,30,0,67980
BANKNIFTY-III.NFO,18/02/2025,09:20:21,49908.5,49902,120,49912.3,150,0,67980
BANKNIFTY-III.NFO,18/02/2025,09:20:23,49908.5,49902,120,49911.6,30,0,67980
BANKNIFTY-III.NFO,18/02/2025,09:20:24,49908.5,49902.05,90,49912,30,0,67980
BANKNIFTY-III.NFO,18/02/2025,09:20:26,49912,49906.15,60,49927,60,30,67980
BANKNIFTY-III.NFO,18/02/2025,09:20:28,49912,49902,120,49911.45,150,0,67980
BANKNIFTY-III.NFO,18/02/2025,09:20:29,49912,49902,120,49907.85,150,0,67980
BANKNIFTY-III.NFO,18/02/2025,09:20:31,49902,49902,90,49903,150,30,67980
BANKNIFTY-III.NFO,18/02/2025,09:20:32,49902,49876.95,90,49898.55,30,90,67980
BANKNIFTY-III.NFO,18/02/2025,09:20:34,49902,49878.65,60,49907.5,150,0,67980
BANKNIFTY-III.NFO,18/02/2025,09:20:36,49902,49886.5,60,49905.15,180,0,67980
BANKNIFTY-III.NFO,18/02/2025,09:20:37,49902,49882.4,60,49900.95,150,0,67980
BANKNIFTY-III.NFO,18/02/2025,09:20:39,49902,49883.35,60,49903.95,180,0,67980
BANKNIFTY-III.NFO,18/02/2025,09:20:41,49902,49887.05,60,49908,30,0,67980
BANKNIFTY-III.NFO,18/02/2025,09:20:42,49902,49889.25,60,49906.75,150,0,67980
BANKNIFTY-III.NFO,18/02/2025,09:20:44,49902,49895.95,60,49908,30,0,67980
BANKNIFTY-III.NFO,18/02/2025,09:20:46,49902,49900,30,49908,30,0,67980
BANKNIFTY-III.NFO,18/02/2025,09:20:47,49908,49900,60,49913.65,150,30,67980
BANKNIFTY-III.NFO,18/02/2025,09:20:49,49908,49900,30,49909.75,150,0,67980
BANKNIFTY-III.NFO,18/02/2025,09:20:51,49908,49900,30,49909.3,150,0,67980
BANKNIFTY-III.NFO,18/02/2025,09:20:52,49900,49881.35,60,49899.4,120,30,67980
BANKNIFTY-III.NFO,18/02/2025,09:20:52,49900,49881.35,60,49899.4,120,0,67980
BANKNIFTY-III.NFO,18/02/2025,09:20:54,49900,49882.25,60,49902.4,150,0,67980
BANKNIFTY-III.NFO,18/02/2025,09:20:56,49900,49885,60,49905.25,120,0,67980
BANKNIFTY-III.NFO,18/02/2025,09:20:57,49900,49885,60,49904.5,150,0,67980
BANKNIFTY-III.NFO,18/02/2025,09:20:59,49900,49886.1,60,49904.1,120,0,67980
BANKNIFTY-III.NFO,18/02/2025,09:21:01,49900,49875.8,90,49891.85,150,0,67980
BANKNIFTY-III.NFO,18/02/2025,09:21:02,49875.8,49875.8,90,49891.8,30,30,67980
BANKNIFTY-III.NFO,18/02/2025,09:21:02,49875.8,49875.8,90,49891.8,30,0,67980
BANKNIFTY-III.NFO,18/02/2025,09:21:04,49875.8,49875.8,90,49892.85,30,0,67980
BANKNIFTY-III.NFO,18/02/2025,09:21:05,49875.8,49875.75,30,49883.35,30,0,67980
BANKNIFTY-III.NFO,18/02/2025,09:21:07,49875.8,49875.75,30,49880.8,30,0,67980
BANKNIFTY-III.NFO,18/02/2025,09:21:09,49875.75,49853.75,60,49873.65,60,30,67980
BANKNIFTY-III.NFO,18/02/2025,09:21:09,49875.75,49853.75,60,49873.65,60,0,67980
BANKNIFTY-III.NFO,18/02/2025,09:21:10,49875.75,49864.7,60,49893,30,0,67980
BANKNIFTY-III.NFO,18/02/2025,09:21:12,49875.75,49868.15,60,49886.35,30,0,67980
BANKNIFTY-III.NFO,18/02/2025,09:21:14,49875.75,49874.7,60,49894.7,30,0,67980
BANKNIFTY-III.NFO,18/02/2025,09:21:15,49875.75,49880.1,60,49899.95,30,0,67980
BANKNIFTY-III.NFO,18/02/2025,09:21:17,49875.75,49871.8,60,49892,30,0,67980
BANKNIFTY-III.NFO,18/02/2025,09:21:19,49875.75,49871.8,60,49896.65,60,0,67980
BANKNIFTY-III.NFO,18/02/2025,09:21:20,49883.35,49886.05,60,49900,30,30,67980
BANKNIFTY-III.NFO,18/02/2025,09:21:22,49883.35,49880.35,60,49899.95,60,0,67980
BANKNIFTY-III.NFO,18/02/2025,09:21:24,49883.35,49878.1,60,49897.6,90,0,67980
BANKNIFTY-III.NFO,18/02/2025,09:21:25,49883.35,49880.65,60,49901.45,60,0,67980
BANKNIFTY-III.NFO,18/02/2025,09:21:27,49883.35,49880.95,90,49902.45,90,0,67980
BANKNIFTY-III.NFO,18/02/2025,09:21:29,49883.35,49880.65,60,49899.4,90,0,67980
BANKNIFTY-III.NFO,18/02/2025,09:21:30,49883.35,49883.4,60,49903.6,60,0,67980
BANKNIFTY-III.NFO,18/02/2025,09:21:32,49883.35,49888.35,60,49908.4,60,0,67980
BANKNIFTY-III.NFO,18/02/2025,09:21:34,49900,49890.85,60,49913.2,90,30,67800
BANKNIFTY-III.NFO,18/02/2025,09:21:35,49900,49893.9,60,49913.7,390,0,67800
BANKNIFTY-III.NFO,18/02/2025,09:21:37,49900,49890.85,60,49912.3,240,0,67800
BANKNIFTY-III.NFO,18/02/2025,09:21:39,49900,49888.35,60,49908.3,90,0,67800
BANKNIFTY-III.NFO,18/02/2025,09:21:40,49900,49890.5,60,49913.55,90,0,67800
BANKNIFTY-III.NFO,18/02/2025,09:21:42,49900,49890.5,60,49910.15,90,0,67800
BANKNIFTY-III.NFO,18/02/2025,09:21:44,49900,49889.8,60,49913.5,60,0,67800
BANKNIFTY-III.NFO,18/02/2025,09:21:45,49900,49896.5,60,49917.45,90,0,67800
BANKNIFTY-III.NFO,18/02/2025,09:21:47,49900,49897.2,60,49917.4,210,0,67800
BANKNIFTY-III.NFO,18/02/2025,09:21:49,49900,49895.95,60,49916.95,60,0,67800
BANKNIFTY-III.NFO,18/02/2025,09:21:50,49900,49899.3,60,49918,90,0,67800
BANKNIFTY-III.NFO,18/02/2025,09:21:52,49900,49890.05,90,49909.8,60,0,67800
BANKNIFTY-III.NFO,18/02/2025,09:21:54,49900,49890.05,90,49908.2,60,0,67800
BANKNIFTY-III.NFO,18/02/2025,09:21:55,49900,49890.05,30,49905.7,60,0,67800
BANKNIFTY-III.NFO,18/02/2025,09:21:57,49890,49872,150,49885.5,60,30,67800
BANKNIFTY-III.NFO,18/02/2025,09:21:59,49890,49872,150,49885.4,60,0,67800
BANKNIFTY-III.NFO,18/02/2025,09:22:00,49890,49880,30,49887.9,60,0,67800
BANKNIFTY-III.NFO,18/02/2025,09:22:02,49870,49851.55,60,49872.75,90,210,67800
BANKNIFTY-III.NFO,18/02/2025,09:22:02,49870,49851.55,60,49872.75,90,0,67800
BANKNIFTY-III.NFO,18/02/2025,09:22:04,49870.25,49850.05,60,49869.9,30,30,67800
BANKNIFTY-III.NFO,18/02/2025,09:22:05,49850.05,49852.6,60,49871.4,60,30,67800
BANKNIFTY-III.NFO,18/02/2025,09:22:05,49850.05,49852.6,60,49871.4,60,0,67800
BANKNIFTY-III.NFO,18/02/2025,09:22:07,49850.05,49850,60,49865.4,60,0,67800
BANKNIFTY-III.NFO,18/02/2025,09:22:09,49850.05,49850.05,90,49866.45,60,0,67800
BANKNIFTY-III.NFO,18/02/2025,09:22:10,49850.05,49860,900,49865.8,60,0,67800
BANKNIFTY-III.NFO,18/02/2025,09:22:12,49850.05,49860,900,49866.65,60,0,67800
BANKNIFTY-III.NFO,18/02/2025,09:22:14,49850.05,49860.05,90,49875.7,60,0,67800
BANKNIFTY-III.NFO,18/02/2025,09:22:16,49850.05,49860,930,49873.05,60,0,67800
BANKNIFTY-III.NFO,18/02/2025,09:22:17,49850.05,49860,930,49875.05,180,0,67800
BANKNIFTY-III.NFO,18/02/2025,09:22:19,49850.05,49860,900,49869.8,60,0,67800
BANKNIFTY-III.NFO,18/02/2025,09:22:21,49850.05,49860,900,49870.8,60,0,67800
BANKNIFTY-III.NFO,18/02/2025,09:22:22,49850.05,49860,900,49867.1,60,0,67800
BANKNIFTY-III.NFO,18/02/2025,09:22:24,49850.05,49860,900,49869.45,60,0,67800
BANKNIFTY-III.NFO,18/02/2025,09:22:26,49850.05,49860.05,90,49878.4,60,0,67800
BANKNIFTY-III.NFO,18/02/2025,09:22:27,49850.05,49860,900,49873.6,60,0,67800
BANKNIFTY-III.NFO,18/02/2025,09:22:29,49850.05,49860,900,49872.1,60,0,67800
BANKNIFTY-III.NFO,18/02/2025,09:22:31,49850.05,49860.05,90,49876.5,60,0,67800
BANKNIFTY-III.NFO,18/02/2025,09:22:32,49850.05,49860.05,90,49878.1,60,0,67800
BANKNIFTY-III.NFO,18/02/2025,09:22:34,49850.05,49860.05,90,49876.1,60,0,67800
BANKNIFTY-III.NFO,18/02/2025,09:22:36,49850.05,49860,900,49872.4,60,0,67800
BANKNIFTY-III.NFO,18/02/2025,09:22:37,49850.05,49860,900,49871.15,150,0,67800
BANKNIFTY-III.NFO,18/02/2025,09:22:39,49850.05,49860.05,60,49873.75,60,0,67800
BANKNIFTY-III.NFO,18/02/2025,09:22:41,49850.05,49860,900,49870.25,150,0,67800
BANKNIFTY-III.NFO,18/02/2025,09:22:42,49850.05,49860,900,49872.55,150,0,67800
BANKNIFTY-III.NFO,18/02/2025,09:22:44,49850.05,49860.05,60,49875.8,60,0,67800
BANKNIFTY-III.NFO,18/02/2025,09:22:46,49850.05,49864.55,60,49892.15,60,0,67800
BANKNIFTY-III.NFO,18/02/2025,09:22:47,49892.2,49875.7,60,49895,60,30,67800
BANKNIFTY-III.NFO,18/02/2025,09:22:49,49892.2,49871.9,60,49892.9,30,0,67800
BANKNIFTY-III.NFO,18/02/2025,09:22:51,49892.2,49864.95,60,49886,30,0,67800
BANKNIFTY-III.NFO,18/02/2025,09:22:52,49892.2,49867.45,60,49889.3,30,0,67800
BANKNIFTY-III.NFO,18/02/2025,09:22:54,49892.2,49869.55,60,49891.35,30,0,67800
BANKNIFTY-III.NFO,18/02/2025,09:22:56,49892.2,49875.3,90,49896.75,30,0,67800
BANKNIFTY-III.NFO,18/02/2025,09:22:57,49892.2,49886.6,60,49906.65,30,0,67800
BANKNIFTY-III.NFO,18/02/2025,09:22:59,49892.2,49886.6,60,49906.2,60,0,67800
BANKNIFTY-III.NFO,18/02/2025,09:23:01,49892.2,49879.95,60,49901.8,30,0,67800
BANKNIFTY-III.NFO,18/02/2025,09:23:02,49892.2,49887.75,60,49908.95,30,0,67800
BANKNIFTY-III.NFO,18/02/2025,09:23:04,49892.2,49887.95,60,49906.9,60,0,67800
BANKNIFTY-III.NFO,18/02/2025,09:23:05,49892.2,49891.55,60,49910,30,0,67800
BANKNIFTY-III.NFO,18/02/2025,09:23:07,49892.2,49893.5,60,49910,30,0,67800
BANKNIFTY-III.NFO,18/02/2025,09:23:09,49892.2,49893.95,60,49909.95,30,0,67800
BANKNIFTY-III.NFO,18/02/2025,09:23:10,49892.2,49886.75,60,49908.5,60,0,67800
BANKNIFTY-III.NFO,18/02/2025,09:23:12,49892.2,49889,60,49907.95,30,0,67800
BANKNIFTY-III.NFO,18/02/2025,09:23:14,49892.2,49886.75,60,49905.75,30,0,67800
BANKNIFTY-III.NFO,18/02/2025,09:23:15,49892.2,49887.4,60,49906.7,30,0,67800
BANKNIFTY-III.NFO,18/02/2025,09:23:17,49892.2,49892.7,60,49910,30,0,67800
BANKNIFTY-III.NFO,18/02/2025,09:23:19,49892.7,49892.7,60,49909.95,60,30,67800
BANKNIFTY-III.NFO,18/02/2025,09:23:20,49892.7,49885.9,60,49904.9,60,0,67800
BANKNIFTY-III.NFO,18/02/2025,09:23:22,49892.7,49889.9,60,49909.95,60,0,67800
BANKNIFTY-III.NFO,18/02/2025,09:23:24,49892.7,49892.5,60,49909.95,60,0,67800
BANKNIFTY-III.NFO,18/02/2025,09:23:25,49892.7,49896.25,60,49910,30,0,67800
BANKNIFTY-III.NFO,18/02/2025,09:23:27,49892.7,49897,60,49910,30,0,67800
BANKNIFTY-III.NFO,18/02/2025,09:23:29,49892.7,49898.1,60,49910,30,0,67800
BANKNIFTY-III.NFO,18/02/2025,09:23:30,49892.7,49892.75,90,49909.95,60,0,67800
BANKNIFTY-III.NFO,18/02/2025,09:23:32,49892.7,49892.7,30,49908.15,60,0,67800
BANKNIFTY-III.NFO,18/02/2025,09:23:34,49909.95,49893.1,90,49909.95,30,30,67800
BANKNIFTY-III.NFO,18/02/2025,09:23:35,49909.95,49893.6,60,49909.95,30,0,67800
BANKNIFTY-III.NFO,18/02/2025,09:23:37,49909.95,49892.75,90,49909.95,30,0,67800
BANKNIFTY-III.NFO,18/02/2025,09:23:39,49910,49894.5,60,49913.9,30,30,67800
BANKNIFTY-III.NFO,18/02/2025,09:23:40,49910,49897.6,90,49917.3,60,0,67800
BANKNIFTY-III.NFO,18/02/2025,09:23:42,49910,49899.05,60,49919,60,0,67800
BANKNIFTY-III.NFO,18/02/2025,09:23:44,49910,49899.05,60,49919.05,30,0,67800
BANKNIFTY-III.NFO,18/02/2025,09:23:45,49910,49893.7,60,49911.5,30,0,67800
BANKNIFTY-III.NFO,18/02/2025,09:23:47,49910,49892.55,60,49913.7,60,0,67800
BANKNIFTY-III.NFO,18/02/2025,09:23:49,49910,49894,60,49914.65,60,0,67800
BANKNIFTY-III.NFO,18/02/2025,09:23:50,49914.65,49889.95,60,49908.95,150,30,67800
BANKNIFTY-III.NFO,18/02/2025,09:23:52,49914.65,49889.95,60,49908.75,180,0,67800
BANKNIFTY-III.NFO,18/02/2025,09:23:54,49908.7,49909.65,30,49912.5,150,30,67800
BANKNIFTY-III.NFO,18/02/2025,09:23:55,49912.5,49892.15,60,49911.9,150,30,67800
BANKNIFTY-III.NFO,18/02/2025,09:23:57,49912.5,49889.95,60,49908.3,150,0,67800
BANKNIFTY-III.NFO,18/02/2025,09:23:58,49912.5,49886.85,60,49908.15,180,0,67800
BANKNIFTY-III.NFO,18/02/2025,09:24:00,49912.5,49879.5,60,49900.15,180,0,67800
BANKNIFTY-III.NFO,18/02/2025,09:24:02,49912.5,49878.75,60,49898.9,180,0,67800
BANKNIFTY-III.NFO,18/02/2025,09:24:03,49912.5,49863.85,60,49882.6,30,0,67800
BANKNIFTY-III.NFO,18/02/2025,09:24:05,49912.5,49861.45,60,49882.55,330,0,67800
BANKNIFTY-III.NFO,18/02/2025,09:24:07,49912.5,49860.45,60,49880.95,180,0,67800
BANKNIFTY-III.NFO,18/02/2025,09:24:08,49912.5,49862.55,60,49887.3,30,0,67800
BANKNIFTY-III.NFO,18/02/2025,09:24:10,49912.5,49869.9,60,49888.55,150,0,67800
BANKNIFTY-III.NFO,18/02/2025,09:24:12,49912.5,49863.9,90,49885.85,180,0,67800
BANKNIFTY-III.NFO,18/02/2025,09:24:13,49912.5,49866.7,60,49887.4,150,0,67800
BANKNIFTY-III.NFO,18/02/2025,09:24:15,49912.5,49868.35,60,49892.65,30,0,67800
BANKNIFTY-III.NFO,18/02/2025,09:24:17,49912.5,49870.9,60,49890.2,300,0,67800
BANKNIFTY-III.NFO,18/02/2025,09:24:18,49912.5,49866.7,60,49886.45,150,0,67800
BANKNIFTY-III.NFO,18/02/2025,09:24:20,49912.5,49865.9,60,49888.05,180,0,67800
BANKNIFTY-III.NFO,18/02/2025,09:24:22,49912.5,49866.9,60,49885.25,150,0,67800
BANKNIFTY-III.NFO,18/02/2025,09:24:23,49885.3,49867.95,60,49893.95,30,30,67800
BANKNIFTY-III.NFO,18/02/2025,09:24:25,49885.3,49874.3,60,49892.45,150,0,67800
BANKNIFTY-III.NFO,18/02/2025,09:24:26,49885.3,49874.8,60,49895.75,150,0,67800
BANKNIFTY-III.NFO,18/02/2025,09:24:28,49885.3,49875.1,90,49894.2,180,0,67800
BANKNIFTY-III.NFO,18/02/2025,09:24:30,49885.3,49876.9,60,49897.15,150,0,67800
BANKNIFTY-III.NFO,18/02/2025,09:24:32,49885.3,49877.9,60,49898.95,150,0,67800
BANKNIFTY-III.NFO,18/02/2025,09:24:33,49885.3,49879.9,60,49899.75,150,0,67800
BANKNIFTY-III.NFO,18/02/2025,09:24:35,49885.3,49893,60,49914.7,330,0,67800
BANKNIFTY-III.NFO,18/02/2025,09:24:36,49885.3,49894.7,60,49914.6,150,0,67800
BANKNIFTY-III.NFO,18/02/2025,09:24:38,49885.3,49890.4,30,49909.85,180,0,67800
BANKNIFTY-III.NFO,18/02/2025,09:24:40,49900,49881.4,60,49901.65,330,90,67590
BANKNIFTY-III.NFO,18/02/2025,09:24:41,49900,49868.5,60,49888.45,180,0,67590
BANKNIFTY-III.NFO,18/02/2025,09:24:43,49900,49862,90,49880.25,180,0,67590
BANKNIFTY-III.NFO,18/02/2025,09:24:45,49900,49860.05,90,49877.45,120,0,67590
BANKNIFTY-III.NFO,18/02/2025,09:24:46,49900,49860,900,49870.1,150,0,67590
BANKNIFTY-III.NFO,18/02/2025,09:24:48,49900,49860,900,49866.8,150,0,67590
BANKNIFTY-III.NFO,18/02/2025,09:24:50,49900,49860,900,49861.95,150,0,67590
BANKNIFTY-III.NFO,18/02/2025,09:24:51,49900,49860,900,49867.7,150,0,67590
BANKNIFTY-III.NFO,18/02/2025,09:24:53,49860,49860,600,49860.3,150,300,67590
BANKNIFTY-III.NFO,18/02/2025,09:24:55,49860,49850,60,49856.1,150,600,67590
BANKNIFTY-III.NFO,18/02/2025,09:24:56,49850,49826.35,90,49845.4,180,60,67590
BANKNIFTY-III.NFO,18/02/2025,09:24:56,49850,49826.35,90,49845.4,180,0,67590
BANKNIFTY-III.NFO,18/02/2025,09:24:58,49850,49818.6,90,49838.25,30,0,67590
BANKNIFTY-III.NFO,18/02/2025,09:24:59,49850,49810,30,49824.7,150,0,67590
BANKNIFTY-III.NFO,18/02/2025,09:25:01,49850,49810,30,49821.25,300,0,67590
BANKNIFTY-III.NFO,18/02/2025,09:25:03,49850,49810,30,49814.3,150,0,67590
BANKNIFTY-III.NFO,18/02/2025,09:25:04,49850,49810,30,49824.15,150,0,67590
BANKNIFTY-III.NFO,18/02/2025,09:25:06,49850,49810,30,49822.65,150,0,67590
BANKNIFTY-III.NFO,18/02/2025,09:25:08,49850,49810,30,49814.4,150,0,67590
BANKNIFTY-III.NFO,18/02/2025,09:25:09,49850,49810,30,49819.3,150,0,67590
BANKNIFTY-III.NFO,18/02/2025,09:25:11,49850,49810,30,49815.95,300,0,67590
BANKNIFTY-III.NFO,18/02/2025,09:25:13,49850,49810,30,49818.35,300,0,67590
BANKNIFTY-III.NFO,18/02/2025,09:25:14,49850,49810,30,49818.4,150,0,67590
BANKNIFTY-III.NFO,18/02/2025,09:25:16,49850,49810,30,49814.4,120,0,67590
BANKNIFTY-III.NFO,18/02/2025,09:25:18,49850,49810,30,49813.7,150,0,67590
BANKNIFTY-III.NFO,18/02/2025,09:25:19,49813.7,49810,30,49816.9,150,30,67590
BANKNIFTY-III.NFO,18/02/2025,09:25:19,49813.7,49810,30,49816.9,150,0,67590
BANKNIFTY-III.NFO,18/02/2025,09:25:21,49813.7,49810,30,49811.35,150,0,67590
BANKNIFTY-III.NFO,18/02/2025,09:25:23,49801,49800,240,49800.7,150,120,67590
BANKNIFTY-III.NFO,18/02/2025,09:25:23,49801,49800,240,49800.7,150,0,67590
BANKNIFTY-III.NFO,18/02/2025,09:25:24,49799.15,49785.3,30,49795.35,150,300,67590
BANKNIFTY-III.NFO,18/02/2025,09:25:24,49799.15,49785.3,30,49795.35,150,0,67590
BANKNIFTY-III.NFO,18/02/2025,09:25:26,49799.15,49785.3,30,49795.1,240,0,67590
BANKNIFTY-III.NFO,18/02/2025,09:25:28,49799.15,49785.3,30,49793.55,150,0,67590
BANKNIFTY-III.NFO,18/02/2025,09:25:29,49799.15,49785.35,90,49803.85,150,0,67590
BANKNIFTY-III.NFO,18/02/2025,09:25:31,49799.15,49785.35,30,49801.9,150,0,67590
BANKNIFTY-III.NFO,18/02/2025,09:25:33,49799.15,49785.3,30,49795.75,150,0,67590
BANKNIFTY-III.NFO,18/02/2025,09:25:34,49799.15,49799.15,30,49804.85,150,0,67590
BANKNIFTY-III.NFO,18/02/2025,09:25:36,49799.15,49799.15,30,49802.3,150,0,67590
BANKNIFTY-III.NFO,18/02/2025,09:25:38,49799.15,49799.15,30,49810.25,30,0,67590
BANKNIFTY-III.NFO,18/02/2025,09:25:39,49817.05,49799.2,90,49816.5,180,30,67590
BANKNIFTY-III.NFO,18/02/2025,09:25:41,49817.05,49799.2,90,49819.65,180,0,67590
BANKNIFTY-III.NFO,18/02/2025,09:25:43,49817.05,49804.4,60,49821.85,150,0,67590
BANKNIFTY-III.NFO,18/02/2025,09:25:44,49817.05,49799.75,60,49822.4,120,0,67590
BANKNIFTY-III.NFO,18/02/2025,09:25:46,49817.05,49803.6,60,49824.65,120,0,67590
BANKNIFTY-III.NFO,18/02/2025,09:25:48,49817.05,49808.7,60,49829.05,60,0,67590
BANKNIFTY-III.NFO,18/02/2025,09:25:49,49817.05,49809.4,60,49831.85,180,0,67590
BANKNIFTY-III.NFO,18/02/2025,09:25:51,49817.05,49807.65,60,49824,60,0,67590
BANKNIFTY-III.NFO,18/02/2025,09:25:53,49817.05,49808.75,60,49829.35,180,0,67590
BANKNIFTY-III.NFO,18/02/2025,09:25:54,49817.05,49809.85,60,49834.65,30,0,67590
BANKNIFTY-III.NFO,18/02/2025,09:25:56,49817.05,49816.7,60,49840.7,180,0,67590
BANKNIFTY-III.NFO,18/02/2025,09:25:58,49817.05,49820.9,90,49841.3,60,0,67590
BANKNIFTY-III.NFO,18/02/2025,09:25:59,49817.05,49821.5,60,49840.15,300,0,67590
BANKNIFTY-III.NFO,18/02/2025,09:26:01,49817.05,49817.2,60,49837.45,120,0,67590
BANKNIFTY-III.NFO,18/02/2025,09:26:03,49817.05,49815.85,60,49833.15,150,0,67590
BANKNIFTY-III.NFO,18/02/2025,09:26:04,49817.05,49829.05,30,49841.15,210,0,67590
BANKNIFTY-III.NFO,18/02/2025,09:26:06,49817.05,49829.1,90,49848.35,90,0,67590
BANKNIFTY-III.NFO,18/02/2025,09:26:08,49817.05,49831.65,60,49850,30,0,67590
BANKNIFTY-III.NFO,18/02/2025,09:26:09,49817.05,49829.1,30,49844.4,30,0,67590
BANKNIFTY-III.NFO,18/02/2025,09:26:11,49817.05,49830.2,60,49850,90,0,67590
BANKNIFTY-III.NFO,18/02/2025,09:26:13,49817.05,49829.1,90,49847.6,150,0,67590
BANKNIFTY-III.NFO,18/02/2025,09:26:14,49817.05,49831.75,60,49850,30,0,67590
BANKNIFTY-III.NFO,18/02/2025,09:26:16,49817.05,49833.6,60,49850,30,0,67590
BANKNIFTY-III.NFO,18/02/2025,09:26:18,49817.05,49835,180,49844.6,150,0,67590
BANKNIFTY-III.NFO,18/02/2025,09:26:19,49817.05,49835,180,49844.35,150,0,67590
BANKNIFTY-III.NFO,18/02/2025,09:26:21,49817.05,49835,180,49842.6,30,0,67590
BANKNIFTY-III.NFO,18/02/2025,09:26:23,49835,49815.2,60,49833.65,30,210,67590
BANKNIFTY-III.NFO,18/02/2025,09:26:24,49835,49815.6,60,49836.7,150,0,67590
BANKNIFTY-III.NFO,18/02/2025,09:26:26,49835,49835,30,49836.65,60,0,67590
BANKNIFTY-III.NFO,18/02/2025,09:26:28,49835,49835,30,49844.65,60,0,67590
BANKNIFTY-III.NFO,18/02/2025,09:26:29,49835,49835,30,49849.5,150,0,67590
BANKNIFTY-III.NFO,18/02/2025,09:26:31,49835,49835.05,90,49850.95,60,0,67590
BANKNIFTY-III.NFO,18/02/2025,09:26:33,49835,49837.65,60,49858.05,150,0,67590
BANKNIFTY-III.NFO,18/02/2025,09:26:34,49835,49837.65,60,49859.5,180,0,67590
BANKNIFTY-III.NFO,18/02/2025,09:26:36,49835,49844.6,60,49865.9,60,0,67590
BANKNIFTY-III.NFO,18/02/2025,09:26:38,49835,49841.85,60,49861.75,60,0,67590
BANKNIFTY-III.NFO,18/02/2025,09:26:39,49835,49837.2,60,49859.85,90,0,67590
BANKNIFTY-III.NFO,18/02/2025,09:26:41,49835,49835,60,49851.1,30,0,67590
BANKNIFTY-III.NFO,18/02/2025,09:26:43,49835,49835,30,49846.7,150,0,67590
BANKNIFTY-III.NFO,18/02/2025,09:26:44,49835,49835,30,49847.35,90,0,67590
BANKNIFTY-III.NFO,18/02/2025,09:26:46,49835,49835,30,49840.75,150,0,67590
BANKNIFTY-III.NFO,18/02/2025,09:26:48,49835,49817,30,49825.3,150,30,67590
BANKNIFTY-III.NFO,18/02/2025,09:26:50,49835,49817,30,49827,150,0,67590
BANKNIFTY-III.NFO,18/02/2025,09:26:51,49835,49817,30,49821.9,150,0,67590
BANKNIFTY-III.NFO,18/02/2025,09:26:53,49835,49817,30,49823.6,60,0,67590
BANKNIFTY-III.NFO,18/02/2025,09:26:55,49835,49817,30,49823.75,150,0,67590
BANKNIFTY-III.NFO,18/02/2025,09:26:56,49817,49810.05,90,49828.65,120,30,67590
BANKNIFTY-III.NFO,18/02/2025,09:26:58,49817,49810.05,60,49826.25,60,0,67590
BANKNIFTY-III.NFO,18/02/2025,09:27:00,49817,49810,60,49824.1,60,0,67590
BANKNIFTY-III.NFO,18/02/2025,09:27:01,49817,49810,30,49818.6,120,0,67590
BANKNIFTY-III.NFO,18/02/2025,09:27:03,49817,49810,30,49812.5,150,0,67590
BANKNIFTY-III.NFO,18/02/2025,09:27:04,49817,49810,30,49810.25,30,0,67590
BANKNIFTY-III.NFO,18/02/2025,09:27:06,49807.2,49800,30,49810.05,30,60,67590
BANKNIFTY-III.NFO,18/02/2025,09:27:08,49807.2,49800,30,49803.6,90,0,67590
BANKNIFTY-III.NFO,18/02/2025,09:27:09,49807.2,49800,30,49807.95,150,0,67590
BANKNIFTY-III.NFO,18/02/2025,09:27:11,49807.2,49800,30,49811.35,150,0,67590
BANKNIFTY-III.NFO,18/02/2025,09:27:13,49807.2,49800.05,90,49819.4,90,0,67590
BANKNIFTY-III.NFO,18/02/2025,09:27:14,49807.2,49800.05,90,49817.7,150,0,67590
BANKNIFTY-III.NFO,18/02/2025,09:27:16,49807.2,49805.45,60,49823.1,90,0,67590
BANKNIFTY-III.NFO,18/02/2025,09:27:18,49807.2,49800,30,49813.15,90,0,67590
BANKNIFTY-III.NFO,18/02/2025,09:27:19,49807.2,49800,30,49809.9,150,0,67590
BANKNIFTY-III.NFO,18/02/2025,09:27:21,49807.2,49800,30,49810.45,150,0,67590
BANKNIFTY-III.NFO,18/02/2025,09:27:23,49807.2,49800,30,49811.95,150,0,67590
BANKNIFTY-III.NFO,18/02/2025,09:27:24,49807.2,49800,30,49812.7,30,0,67590
BANKNIFTY-III.NFO,18/02/2025,09:27:26,49807.2,49800.05,90,49813.9,90,0,67590
BANKNIFTY-III.NFO,18/02/2025,09:27:28,49807.2,49807.25,90,49823.3,150,0,67590
BANKNIFTY-III.NFO,18/02/2025,09:27:29,49807.2,49807.25,90,49824.1,60,0,67590
BANKNIFTY-III.NFO,18/02/2025,09:27:31,49807.2,49811.5,60,49827.65,90,0,67590
BANKNIFTY-III.NFO,18/02/2025,09:27:33,49807.2,49807.2,30,49823.75,180,0,67590
BANKNIFTY-III.NFO,18/02/2025,09:27:34,49807.2,49807.25,90,49825.4,60,0,67590
BANKNIFTY-III.NFO,18/02/2025,09:27:36,49807.2,49807.2,30,49817.65,150,0,67590
BANKNIFTY-III.NFO,18/02/2025,09:27:38,49807.2,49807.2,30,49815.85,30,0,67590
BANKNIFTY-III.NFO,18/02/2025,09:27:39,49807.2,49807.25,60,49822.05,30,0,67590
BANKNIFTY-III.NFO,18/02/2025,09:27:41,49807.2,49807.2,30,49814.5,60,0,67590
BANKNIFTY-III.NFO,18/02/2025,09:27:43,49807.2,49807.2,30,49819.5,60,0,67590
BANKNIFTY-III.NFO,18/02/2025,09:27:44,49807.25,49807.25,90,49824.4,30,30,66000
BANKNIFTY-III.NFO,18/02/2025,09:27:46,49807.25,49807.3,60,49826.8,30,0,66000
BANKNIFTY-III.NFO,18/02/2025,09:27:48,49807.25,49807.25,90,49822.6,30,0,66000
BANKNIFTY-III.NFO,18/02/2025,09:27:49,49807.25,49807.2,60,49820.85,30,0,66000
BANKNIFTY-III.NFO,18/02/2025,09:27:51,49807.25,49807.2,30,49819.35,30,0,66000
BANKNIFTY-III.NFO,18/02/2025,09:27:53,49807.25,49807.2,30,49817.6,30,0,66000
BANKNIFTY-III.NFO,18/02/2025,09:27:54,49807.25,49807.2,30,49815.7,30,0,66000
BANKNIFTY-III.NFO,18/02/2025,09:27:56,49807.25,49807.2,30,49815.75,30,0,66000
BANKNIFTY-III.NFO,18/02/2025,09:27:58,49800,49799.15,30,49802.3,30,60,66000
BANKNIFTY-III.NFO,18/02/2025,09:27:59,49799.15,49790,30,49797.3,30,30,66000
BANKNIFTY-III.NFO,18/02/2025,09:28:01,49790,49785.3,30,49788.75,90,30,66000
BANKNIFTY-III.NFO,18/02/2025,09:28:01,49790,49785.3,30,49788.75,90,0,66000
BANKNIFTY-III.NFO,18/02/2025,09:28:03,49785.3,49775,30,49783.9,90,30,66000
BANKNIFTY-III.NFO,18/02/2025,09:28:03,49785.3,49775,30,49783.9,90,0,66000
BANKNIFTY-III.NFO,18/02/2025,09:28:04,49785.3,49775,30,49787.35,30,0,66000
BANKNIFTY-III.NFO,18/02/2025,09:28:06,49785.3,49775,30,49787.55,90,0,66000
BANKNIFTY-III.NFO,18/02/2025,09:28:08,49775,49760.05,90,49775.85,90,30,66000
BANKNIFTY-III.NFO,18/02/2025,09:28:08,49775,49760.05,90,49775.85,90,0,66000
BANKNIFTY-III.NFO,18/02/2025,09:28:09,49775.3,49760.05,90,49775.4,150,60,66000
BANKNIFTY-III.NFO,18/02/2025,09:28:11,49775.3,49765.5,60,49790.85,150,0,66000
BANKNIFTY-III.NFO,18/02/2025,09:28:13,49775.3,49765.6,60,49781.95,60,0,66000
BANKNIFTY-III.NFO,18/02/2025,09:28:14,49775.3,49764.4,60,49788.8,30,0,66000
BANKNIFTY-III.NFO,18/02/2025,09:28:16,49775.3,49773.8,90,49792.85,150,0,66000
BANKNIFTY-III.NFO,18/02/2025,09:28:18,49775.3,49778.15,60,49799.45,30,0,66000
BANKNIFTY-III.NFO,18/02/2025,09:28:19,49775.3,49767.85,60,49787.5,60,0,66000
BANKNIFTY-III.NFO,18/02/2025,09:28:21,49775.3,49767.3,60,49784.2,30,0,66000
BANKNIFTY-III.NFO,18/02/2025,09:28:23,49775.3,49768.55,60,49792.35,180,0,66000
BANKNIFTY-III.NFO,18/02/2025,09:28:24,49775.3,49773.1,60,49791.8,60,0,66000
BANKNIFTY-III.NFO,18/02/2025,09:28:26,49775.3,49780,60,49800,30,0,66000
BANKNIFTY-III.NFO,18/02/2025,09:28:28,49775.3,49781.15,60,49800,30,0,66000
BANKNIFTY-III.NFO,18/02/2025,09:28:29,49775.3,49779.55,60,49798.25,150,0,66000
BANKNIFTY-III.NFO,18/02/2025,09:28:31,49775.3,49795,30,49798.45,60,0,66000
BANKNIFTY-III.NFO,18/02/2025,09:28:33,49775.3,49795,30,49796.7,120,0,66000
BANKNIFTY-III.NFO,18/02/2025,09:28:34,49775.3,49795,30,49800,30,0,66000
BANKNIFTY-III.NFO,18/02/2025,09:28:38,49795,49785.95,60,49800,30,30,66000
BANKNIFTY-III.NFO,18/02/2025,09:28:39,49800,49803,60,49825.55,150,30,66000
BANKNIFTY-III.NFO,18/02/2025,09:28:41,49800,49807.25,60,49827.1,60,0,66000
BANKNIFTY-III.NFO,18/02/2025,09:28:43,49800,49804.95,60,49824.4,180,0,66000
BANKNIFTY-III.NFO,18/02/2025,09:28:44,49800,49803,60,49821.7,60,0,66000
BANKNIFTY-III.NFO,18/02/2025,09:28:46,49800,49800.5,60,49820.25,150,0,66000
BANKNIFTY-III.NFO,18/02/2025,09:28:48,49816.2,49797.6,60,49817.1,180,30,66000
BANKNIFTY-III.NFO,18/02/2025,09:28:49,49813.25,49793.3,60,49811.5,330,60,66000
BANKNIFTY-III.NFO,18/02/2025,09:28:51,49813.25,49788.95,60,49812,60,0,66000
BANKNIFTY-III.NFO,18/02/2025,09:28:53,49813.25,49793.7,60,49813.5,30,0,66000
BANKNIFTY-III.NFO,18/02/2025,09:28:54,49813.25,49794.9,60,49814.55,30,0,66000
BANKNIFTY-III.NFO,18/02/2025,09:28:56,49813.25,49801.3,60,49821.35,150,0,66000
BANKNIFTY-III.NFO,18/02/2025,09:28:58,49813.25,49803.2,60,49823.7,30,0,66000
BANKNIFTY-III.NFO,18/02/2025,09:28:59,49801.75,49781,30,49790.3,30,30,66000
BANKNIFTY-III.NFO,18/02/2025,09:29:01,49801.75,49781,60,49796,30,0,66000
BANKNIFTY-III.NFO,18/02/2025,09:29:03,49801.75,49781,30,49789.6,30,0,66000
BANKNIFTY-III.NFO,18/02/2025,09:29:04,49801.75,49781,30,49789.65,150,0,66000
BANKNIFTY-III.NFO,18/02/2025,09:29:06,49801.75,49781,30,49792.3,30,0,66000
BANKNIFTY-III.NFO,18/02/2025,09:29:08,49801.75,49781.05,90,49797,30,0,66000
BANKNIFTY-III.NFO,18/02/2025,09:29:09,49801.75,49781,30,49791.3,30,0,66000
BANKNIFTY-III.NFO,18/02/2025,09:29:11,49801.75,49781,60,49795.05,60,0,66000
BANKNIFTY-III.NFO,18/02/2025,09:29:13,49801.75,49781,30,49790.2,150,0,66000
BANKNIFTY-III.NFO,18/02/2025,09:29:14,49801.75,49781,30,49787.45,150,0,66000
BANKNIFTY-III.NFO,18/02/2025,09:29:16,49801.75,49781,60,49793.7,30,0,66000
BANKNIFTY-III.NFO,18/02/2025,09:29:18,49801.75,49781,30,49784.05,150,0,66000
BANKNIFTY-III.NFO,18/02/2025,09:29:19,49801.75,49781,30,49784.15,150,0,66000
BANKNIFTY-III.NFO,18/02/2025,09:29:21,49801.75,49781,30,49782.4,150,0,66000
BANKNIFTY-III.NFO,18/02/2025,09:29:23,49775.3,49765,30,49770.3,30,270,66000
BANKNIFTY-III.NFO,18/02/2025,09:29:24,49775.3,49765,30,49775.45,150,0,66000
BANKNIFTY-III.NFO,18/02/2025,09:29:26,49775.3,49765,60,49778.2,150,0,66000
BANKNIFTY-III.NFO,18/02/2025,09:29:28,49775.3,49765,60,49778.8,150,0,66000
BANKNIFTY-III.NFO,18/02/2025,09:29:29,49775.3,49767.7,60,49787.45,30,0,66000
BANKNIFTY-III.NFO,18/02/2025,09:29:31,49775.3,49771.9,60,49795.25,150,0,66000
BANKNIFTY-III.NFO,18/02/2025,09:29:33,49775.3,49777,60,49796.2,150,0,66000
BANKNIFTY-III.NFO,18/02/2025,09:29:34,49775.3,49785.65,60,49801,60,0,66000
BANKNIFTY-III.NFO,18/02/2025,09:29:36,49775.3,49789.55,60,49801,60,0,66000
BANKNIFTY-III.NFO,18/02/2025,09:29:38,49775.3,49793.25,60,49801,60,0,66000
BANKNIFTY-III.NFO,18/02/2025,09:29:41,49775.3,49787.1,60,49801,60,0,66000
BANKNIFTY-III.NFO,18/02/2025,09:29:43,49775.3,49776.4,60,49793.55,60,0,66000
BANKNIFTY-III.NFO,18/02/2025,09:29:44,49775.3,49777.75,60,49795.75,60,0,66000
BANKNIFTY-III.NFO,18/02/2025,09:29:46,49775.3,49767.1,60,49784.3,60,0,66000
BANKNIFTY-III.NFO,18/02/2025,09:29:48,49775.3,49766.4,60,49787.75,150,0,66000
BANKNIFTY-III.NFO,18/02/2025,09:29:49,49775.3,49768.15,60,49788.2,150,0,66000
BANKNIFTY-III.NFO,18/02/2025,09:29:51,49775.3,49772.8,60,49790.7,150,0,66000
BANKNIFTY-III.NFO,18/02/2025,09:29:53,49775.3,49768.15,60,49786.1,60,0,66000
BANKNIFTY-III.NFO,18/02/2025,09:29:54,49775.3,49769.9,60,49787.6,150,0,66000
BANKNIFTY-III.NFO,18/02/2025,09:29:56,49775.3,49765.05,90,49787.7,30,0,66000
BANKNIFTY-III.NFO,18/02/2025,09:29:58,49775.3,49765,30,49779,150,0,66000
BANKNIFTY-III.NFO,18/02/2025,09:29:59,49775.3,49765,30,49772.7,60,0,66000
BANKNIFTY-III.NFO,18/02/2025,09:30:01,49765,49760,90,49762.4,60,30,66000
BANKNIFTY-III.NFO,18/02/2025,09:30:01,49765,49760,90,49762.4,60,0,66000
BANKNIFTY-III.NFO,18/02/2025,09:30:03,49765,49760,90,49762.35,180,0,66000
BANKNIFTY-III.NFO,18/02/2025,09:30:04,49754.4,49740.05,90,49757.35,60,180,66000
BANKNIFTY-III.NFO,18/02/2025,09:30:04,49751,49740.05,90,49757.35,60,0,66000
BANKNIFTY-III.NFO,18/02/2025,09:30:06,49754.4,49740,30,49747.2,60,0,66000
BANKNIFTY-III.NFO,18/02/2025,09:30:08,49754.4,49740,30,49744.5,150,0,66000
BANKNIFTY-III.NFO,18/02/2025,09:30:09,49740,49720.9,90,49740.6,30,30,66000
BANKNIFTY-III.NFO,18/02/2025,09:30:09,49740,49720.9,90,49740.6,30,0,66000
BANKNIFTY-III.NFO,18/02/2025,09:30:11,49740,49715.25,60,49733.8,30,0,66000
BANKNIFTY-III.NFO,18/02/2025,09:30:13,49740,49714.4,60,49733.45,30,0,66000
BANKNIFTY-III.NFO,18/02/2025,09:30:14,49740,49709.35,60,49728.25,90,0,66000
BANKNIFTY-III.NFO,18/02/2025,09:30:16,49727.45,49706.9,60,49724.6,150,30,66000
BANKNIFTY-III.NFO,18/02/2025,09:30:16,49727.45,49706.9,60,49724.6,150,0,66000
BANKNIFTY-III.NFO,18/02/2025,09:30:18,49727.45,49706.5,30,49724.2,30,0,66000
BANKNIFTY-III.NFO,18/02/2025,09:30:19,49727.45,49705.3,60,49727.2,180,0,66000
BANKNIFTY-III.NFO,18/02/2025,09:30:21,49727.45,49717.25,60,49737.45,30,0,66000
BANKNIFTY-III.NFO,18/02/2025,09:30:23,49727.45,49715.65,30,49731.4,30,0,66000
BANKNIFTY-III.NFO,18/02/2025,09:30:24,49727.45,49701.25,60,49721.65,180,0,66000
BANKNIFTY-III.NFO,18/02/2025,09:30:26,49727.45,49701,150,49708.3,60,0,66000
BANKNIFTY-III.NFO,18/02/2025,09:30:28,49727.45,49701,150,49714.6,60,0,66000
BANKNIFTY-III.NFO,18/02/2025,09:30:29,49727.45,49701,150,49712.95,30,0,66000
BANKNIFTY-III.NFO,18/02/2025,09:30:31,49727.45,49701,150,49706.4,30,0,66000
BANKNIFTY-III.NFO,18/02/2025,09:30:33,49727.45,49701,150,49707.25,60,0,66000
BANKNIFTY-III.NFO,18/02/2025,09:30:34,49699.4,49676.2,90,49697.5,30,330,66000
BANKNIFTY-III.NFO,18/02/2025,09:30:34,49699.35,49676.2,90,49697.5,30,0,66000
BANKNIFTY-III.NFO,18/02/2025,09:30:36,49699.4,49690,30,49703.05,150,0,66300
BANKNIFTY-III.NFO,18/02/2025,09:30:38,49699.4,49700,30,49702.05,30,0,66300
BANKNIFTY-III.NFO,18/02/2025,09:30:39,49690,49676.15,30,49688.8,30,60,66300
BANKNIFTY-III.NFO,18/02/2025,09:30:39,49690,49676.15,30,49688.8,30,0,66300
BANKNIFTY-III.NFO,18/02/2025,09:30:41,49690,49676.15,30,49690.05,150,0,66300
BANKNIFTY-III.NFO,18/02/2025,09:30:42,49690,49676.2,90,49695.3,150,0,66300
BANKNIFTY-III.NFO,18/02/2025,09:30:44,49692.45,49676.2,90,49690,30,30,66300
BANKNIFTY-III.NFO,18/02/2025,09:30:46,49692.45,49676.2,90,49690,30,0,66300
BANKNIFTY-III.NFO,18/02/2025,09:30:47,49692.45,49681.35,60,49690,30,0,66300
BANKNIFTY-III.NFO,18/02/2025,09:30:49,49692.45,49678.35,60,49690,30,0,66300
BANKNIFTY-III.NFO,18/02/2025,09:30:51,49690,49682.8,60,49700,30,30,66300
BANKNIFTY-III.NFO,18/02/2025,09:30:52,49682.8,49690.2,60,49700,30,30,66300
BANKNIFTY-III.NFO,18/02/2025,09:30:52,49682.8,49690.2,60,49700,30,0,66300
BANKNIFTY-III.NFO,18/02/2025,09:30:54,49700,49691.45,60,49708.85,30,30,66300
BANKNIFTY-III.NFO,18/02/2025,09:30:56,49700,49690,60,49694.2,30,0,66300
BANKNIFTY-III.NFO,18/02/2025,09:30:58,49690,49682.8,300,49691.8,30,60,66300
BANKNIFTY-III.NFO,18/02/2025,09:30:59,49682.8,49676.15,30,49681.05,60,300,66300
BANKNIFTY-III.NFO,18/02/2025,09:31:01,49682.8,49676.15,30,49679.2,30,0,66300
BANKNIFTY-III.NFO,18/02/2025,09:31:03,49664,49650,60,49662.8,180,60,66300
BANKNIFTY-III.NFO,18/02/2025,09:31:03,49664,49650,60,49662.8,180,0,66300
BANKNIFTY-III.NFO,18/02/2025,09:31:04,49664,49650.05,60,49665.85,60,0,66300
BANKNIFTY-III.NFO,18/02/2025,09:31:06,49664,49650,60,49660.95,60,30,66300
BANKNIFTY-III.NFO,18/02/2025,09:31:08,49664,49650.05,90,49667.5,150,0,66300
BANKNIFTY-III.NFO,18/02/2025,09:31:09,49664,49650.05,60,49669.9,120,0,66300
BANKNIFTY-III.NFO,18/02/2025,09:31:11,49673.35,49664.05,90,49683.35,120,30,66300
BANKNIFTY-III.NFO,18/02/2025,09:31:13,49673.35,49664.1,60,49679.35,30,0,66300
BANKNIFTY-III.NFO,18/02/2025,09:31:14,49673.35,49676.1,90,49696.65,180,0,66300
BANKNIFTY-III.NFO,18/02/2025,09:31:16,49673.35,49677.45,60,49698.4,120,0,66300
BANKNIFTY-III.NFO,18/02/2025,09:31:18,49673.35,49682.4,90,49704.2,30,0,66300
BANKNIFTY-III.NFO,18/02/2025,09:31:19,49673.35,49682.4,30,49697.4,120,0,66300
BANKNIFTY-III.NFO,18/02/2025,09:31:21,49673.35,49670.1,60,49688.35,180,0,66300
BANKNIFTY-III.NFO,18/02/2025,09:31:23,49673.35,49670,30,49679.9,150,0,66300
BANKNIFTY-III.NFO,18/02/2025,09:31:24,49685.2,49670.05,60,49689,60,30,66300
BANKNIFTY-III.NFO,18/02/2025,09:31:26,49685.2,49670,60,49682.65,60,0,66300
BANKNIFTY-III.NFO,18/02/2025,09:31:28,49685.2,49670,60,49684.9,60,0,66300
BANKNIFTY-III.NFO,18/02/2025,09:31:29,49685.2,49670,30,49683.85,300,0,66300
BANKNIFTY-III.NFO,18/02/2025,09:31:31,49685.2,49670,30,49679.95,150,0,66300
BANKNIFTY-III.NFO,18/02/2025,09:31:33,49685.2,49670,60,49677.6,150,0,66300
BANKNIFTY-III.NFO,18/02/2025,09:31:34,49685.2,49670,1860,49681.75,120,0,66300
BANKNIFTY-III.NFO,18/02/2025,09:31:36,49685.2,49670,1860,49684.4,150,0,66300
BANKNIFTY-III.NFO,18/02/2025,09:31:38,49685.2,49670,1860,49680.95,120,0,66300
BANKNIFTY-III.NFO,18/02/2025,09:31:39,49670,49663.2,60,49666.35,150,1860,66300
BANKNIFTY-III.NFO,18/02/2025,09:31:41,49670,49663.2,60,49664.05,30,0,66300
BANKNIFTY-III.NFO,18/02/2025,09:31:43,49670,49663.2,60,49675.05,120,0,66300
BANKNIFTY-III.NFO,18/02/2025,09:31:44,49670,49663.25,60,49692.3,30,0,66300
BANKNIFTY-III.NFO,18/02/2025,09:31:46,49670,49666.65,90,49687.15,120,0,66300
BANKNIFTY-III.NFO,18/02/2025,09:31:48,49670,49670.55,60,49692.45,90,0,66300
BANKNIFTY-III.NFO,18/02/2025,09:31:49,49670,49673.6,60,49694,150,0,66300
BANKNIFTY-III.NFO,18/02/2025,09:31:51,49670,49675,60,49693.15,60,0,66300
BANKNIFTY-III.NFO,18/02/2025,09:31:53,49670,49681.45,60,49701.4,120,0,66300
BANKNIFTY-III.NFO,18/02/2025,09:31:54,49670,49683.4,60,49703.2,60,0,66300
BANKNIFTY-III.NFO,18/02/2025,09:31:56,49670,49686.15,60,49704.85,120,0,66300
BANKNIFTY-III.NFO,18/02/2025,09:31:58,49670,49688.7,60,49705.7,120,0,66300
BANKNIFTY-III.NFO,18/02/2025,09:31:59,49670,49677.7,60,49697.9,30,0,66300
BANKNIFTY-III.NFO,18/02/2025,09:32:01,49670,49668.55,60,49689.65,60,0,66300
BANKNIFTY-III.NFO,18/02/2025,09:32:03,49670,49676.9,60,49696.45,30,0,66300
BANKNIFTY-III.NFO,18/02/2025,09:32:04,49670,49683.3,60,49700,120,0,66300
BANKNIFTY-III.NFO,18/02/2025,09:32:06,49670,49687.3,60,49706.5,30,0,66300
BANKNIFTY-III.NFO,18/02/2025,09:32:08,49670,49691.75,60,49713.65,120,0,66300
BANKNIFTY-III.NFO,18/02/2025,09:32:09,49670,49698.15,60,49715.6,30,0,66300
BANKNIFTY-III.NFO,18/02/2025,09:32:11,49718.6,49705.45,60,49722.95,120,30,66300
BANKNIFTY-III.NFO,18/02/2025,09:32:13,49718.6,49708.65,60,49727.45,60,0,66300
BANKNIFTY-III.NFO,18/02/2025,09:32:14,49718.6,49717.15,90,49727.45,60,0,66300
BANKNIFTY-III.NFO,18/02/2025,09:32:16,49718.6,49719.25,90,49727.45,60,0,66300
BANKNIFTY-III.NFO,18/02/2025,09:32:18,49718.6,49714.8,60,49727.45,60,0,66300
BANKNIFTY-III.NFO,18/02/2025,09:32:19,49718.6,49718.6,30,49727.45,60,0,66300
BANKNIFTY-III.NFO,18/02/2025,09:32:23,49718.6,49700.55,60,49720.05,60,60,66300
BANKNIFTY-III.NFO,18/02/2025,09:32:24,49718.6,49709.1,60,49728.9,60,0,66300
BANKNIFTY-III.NFO,18/02/2025,09:32:26,49718.6,49716.9,60,49734.15,150,0,66300
BANKNIFTY-III.NFO,18/02/2025,09:32:28,49718.6,49717.2,60,49733.7,120,0,66300
BANKNIFTY-III.NFO,18/02/2025,09:32:29,49718.6,49715.95,60,49733.85,120,0,66300
BANKNIFTY-III.NFO,18/02/2025,09:32:31,49718.6,49714.35,60,49732.45,180,0,66300
BANKNIFTY-III.NFO,18/02/2025,09:32:33,49718.6,49710.9,30,49729.1,150,0,66300
BANKNIFTY-III.NFO,18/02/2025,09:32:34,49718.6,49712.65,60,49729.5,120,0,66300
BANKNIFTY-III.NFO,18/02/2025,09:32:36,49718.6,49712.6,30,49729.9,30,0,66300
BANKNIFTY-III.NFO,18/02/2025,09:32:38,49718.6,49711.55,60,49730.2,150,0,66300
BANKNIFTY-III.NFO,18/02/2025,09:32:39,49718.6,49712.5,60,49729.7,120,0,66300
BANKNIFTY-III.NFO,18/02/2025,09:32:41,49718.6,49714.65,60,49730.55,120,0,66300
BANKNIFTY-III.NFO,18/02/2025,09:32:43,49718.6,49717.55,60,49735.2,120,0,66300
BANKNIFTY-III.NFO,18/02/2025,09:32:44,49718.6,49719.15,60,49736.4,150,0,66300
BANKNIFTY-III.NFO,18/02/2025,09:32:46,49718.6,49718.6,30,49726.3,30,0,66300
BANKNIFTY-III.NFO,18/02/2025,09:32:48,49718.6,49700.6,60,49721.05,90,30,66300
BANKNIFTY-III.NFO,18/02/2025,09:32:49,49718.6,49700.05,90,49716.25,120,0,66300
BANKNIFTY-III.NFO,18/02/2025,09:32:51,49718.6,49700,90,49714.1,30,0,66300
BANKNIFTY-III.NFO,18/02/2025,09:32:53,49718.6,49700,60,49710.15,120,0,66300
BANKNIFTY-III.NFO,18/02/2025,09:32:54,49718.6,49700,60,49713.5,150,0,66300
BANKNIFTY-III.NFO,18/02/2025,09:32:56,49718.6,49700,60,49713.65,120,0,66300
BANKNIFTY-III.NFO,18/02/2025,09:32:58,49713.95,49701.95,90,49719.4,90,30,66300
BANKNIFTY-III.NFO,18/02/2025,09:32:59,49713.95,49701.3,60,49717.75,60,0,66300
BANKNIFTY-III.NFO,18/02/2025,09:33:01,49717.2,49700.05,90,49715.8,90,30,66300
BANKNIFTY-III.NFO,18/02/2025,09:33:02,49717.2,49700.05,90,49716.8,180,0,66300
BANKNIFTY-III.NFO,18/02/2025,09:33:04,49717.2,49700.05,30,49715,90,0,66300
BANKNIFTY-III.NFO,18/02/2025,09:33:06,49717.2,49700.1,60,49716.95,150,0,66300
BANKNIFTY-III.NFO,18/02/2025,09:33:07,49717.2,49707.2,60,49724.4,150,0,66300
BANKNIFTY-III.NFO,18/02/2025,09:33:09,49717.2,49709.85,60,49726.2,150,0,66300
BANKNIFTY-III.NFO,18/02/2025,09:33:11,49717.2,49708.5,60,49728.55,150,0,66300
BANKNIFTY-III.NFO,18/02/2025,09:33:13,49717.2,49713.05,60,49730.4,90,0,66300
BANKNIFTY-III.NFO,18/02/2025,09:33:14,49717.2,49716.55,210,49733.45,90,0,66300
BANKNIFTY-III.NFO,18/02/2025,09:33:16,49717.2,49719.05,60,49736.3,90,0,66300
BANKNIFTY-III.NFO,18/02/2025,09:33:18,49717.2,49710.9,60,49728.65,60,0,66300
BANKNIFTY-III.NFO,18/02/2025,09:33:19,49717.2,49719.35,90,49739.9,90,0,66300
BANKNIFTY-III.NFO,18/02/2025,09:33:21,49717.2,49717.9,60,49736.1,30,0,66300
BANKNIFTY-III.NFO,18/02/2025,09:33:22,49717.2,49717.6,210,49736.85,60,0,66300
BANKNIFTY-III.NFO,18/02/2025,09:33:24,49717.2,49723.75,60,49740,150,0,66300
BANKNIFTY-III.NFO,18/02/2025,09:33:26,49717.2,49723.25,90,49740,150,0,66300
BANKNIFTY-III.NFO,18/02/2025,09:33:27,49717.2,49717.6,60,49736.3,60,0,66300
BANKNIFTY-III.NFO,18/02/2025,09:33:29,49717.2,49717.35,60,49733.55,90,0,66300
BANKNIFTY-III.NFO,18/02/2025,09:33:31,49717.2,49718.4,90,49734.7,90,0,66300
BANKNIFTY-III.NFO,18/02/2025,09:33:32,49717.2,49720.1,60,49736.95,90,0,66300
BANKNIFTY-III.NFO,18/02/2025,09:33:34,49717.2,49726.45,90,49740,150,0,66300
BANKNIFTY-III.NFO,18/02/2025,09:33:36,49740,49720.5,60,49737.3,90,90,66330
BANKNIFTY-III.NFO,18/02/2025,09:33:37,49740,49722.35,90,49740,60,0,66330
BANKNIFTY-III.NFO,18/02/2025,09:33:39,49740,49714.8,60,49733.8,60,0,66330
BANKNIFTY-III.NFO,18/02/2025,09:33:41,49740,49715.6,60,49732.9,90,0,66330
BANKNIFTY-III.NFO,18/02/2025,09:33:42,49740,49723.25,60,49740,60,0,66330
BANKNIFTY-III.NFO,18/02/2025,09:33:44,49740,49727.45,90,49740,60,0,66330
BANKNIFTY-III.NFO,18/02/2025,09:33:46,49740,49728.3,60,49740,30,30,66330
BANKNIFTY-III.NFO,18/02/2025,09:33:47,49740,49723.65,90,49740,30,0,66330
BANKNIFTY-III.NFO,18/02/2025,09:33:49,49740,49718.15,60,49735.05,90,0,66330
BANKNIFTY-III.NFO,18/02/2025,09:33:51,49740,49721.9,60,49738.05,90,0,66330
BANKNIFTY-III.NFO,18/02/2025,09:33:52,49740,49716.2,60,49737.2,90,0,66330
BANKNIFTY-III.NFO,18/02/2025,09:33:54,49740,49717,60,49735.35,120,0,66330
BANKNIFTY-III.NFO,18/02/2025,09:33:56,49740,49711.55,60,49728.65,90,0,66330
BANKNIFTY-III.NFO,18/02/2025,09:33:57,49740,49711.9,60,49730.85,60,0,66330
BANKNIFTY-III.NFO,18/02/2025,09:33:59,49740,49707.05,60,49725.1,180,0,66330
BANKNIFTY-III.NFO,18/02/2025,09:34:00,49740,49704.55,60,49722.65,90,0,66330
BANKNIFTY-III.NFO,18/02/2025,09:34:02,49740,49700.05,90,49715.05,90,0,66330
BANKNIFTY-III.NFO,18/02/2025,09:34:04,49740,49700.9,60,49717.35,90,0,66330
BANKNIFTY-III.NFO,18/02/2025,09:34:05,49740,49700.1,60,49718.35,30,0,66330
BANKNIFTY-III.NFO,18/02/2025,09:34:07,49740,49701.2,60,49717.65,90,0,66330
BANKNIFTY-III.NFO,18/02/2025,09:34:09,49740,49708.05,60,49725.25,90,0,66330
BANKNIFTY-III.NFO,18/02/2025,09:34:10,49740,49712.65,60,49732.05,150,0,66330
BANKNIFTY-III.NFO,18/02/2025,09:34:12,49740,49716.45,60,49732.95,90,0,66330
BANKNIFTY-III.NFO,18/02/2025,09:34:14,49740,49719.65,90,49736.55,150,0,66330
BANKNIFTY-III.NFO,18/02/2025,09:34:15,49740,49719.1,60,49736.2,150,0,66330
BANKNIFTY-III.NFO,18/02/2025,09:34:17,49740,49721.55,60,49738.35,90,0,66330
BANKNIFTY-III.NFO,18/02/2025,09:34:19,49740,49725.55,90,49740,30,0,66330
BANKNIFTY-III.NFO,18/02/2025,09:34:20,49740,49725.05,90,49740,30,0,66330
BANKNIFTY-III.NFO,18/02/2025,09:34:22,49740,49720.15,90,49737.2,90,0,66330
BANKNIFTY-III.NFO,18/02/2025,09:34:24,49740,49723.15,60,49740,30,0,66330
BANKNIFTY-III.NFO,18/02/2025,09:34:25,49740,49719.1,60,49739.45,180,0,66330
BANKNIFTY-III.NFO,18/02/2025,09:34:27,49740,49714.1,60,49734.15,150,0,66330
BANKNIFTY-III.NFO,18/02/2025,09:34:29,49740,49711.9,90,49730.55,60,0,66330
BANKNIFTY-III.NFO,18/02/2025,09:34:30,49740,49705.5,60,49723.85,180,0,66330
BANKNIFTY-III.NFO,18/02/2025,09:34:32,49740,49705.35,90,49722.75,180,0,66330
BANKNIFTY-III.NFO,18/02/2025,09:34:34,49740,49707.45,90,49727.8,120,0,66330
BANKNIFTY-III.NFO,18/02/2025,09:34:35,49740,49710.1,60,49730.55,180,0,66330
BANKNIFTY-III.NFO,18/02/2025,09:34:37,49740,49712.9,90,49730.6,150,0,66330
BANKNIFTY-III.NFO,18/02/2025,09:34:39,49740,49710.1,90,49728.4,30,0,66330
BANKNIFTY-III.NFO,18/02/2025,09:34:40,49740,49716,60,49733.3,90,0,66330
BANKNIFTY-III.NFO,18/02/2025,09:34:42,49740,49716,90,49732.7,150,0,66330
BANKNIFTY-III.NFO,18/02/2025,09:34:44,49740,49717.85,90,49733.35,150,0,66330
BANKNIFTY-III.NFO,18/02/2025,09:34:45,49733.35,49721.2,60,49738.15,150,60,66330
BANKNIFTY-III.NFO,18/02/2025,09:34:47,49733.35,49721.95,60,49739.35,150,0,66330
BANKNIFTY-III.NFO,18/02/2025,09:34:49,49733.35,49717,90,49734.05,90,0,66330
BANKNIFTY-III.NFO,18/02/2025,09:34:50,49733.35,49717.85,30,49732.1,150,0,66330
BANKNIFTY-III.NFO,18/02/2025,09:34:52,49733.35,49717.85,30,49730.85,150,0,66330
BANKNIFTY-III.NFO,18/02/2025,09:34:54,49733.35,49720.95,90,49736.75,90,0,66330
BANKNIFTY-III.NFO,18/02/2025,09:34:55,49733.35,49722.75,60,49739.65,150,0,66330
BANKNIFTY-III.NFO,18/02/2025,09:34:57,49733.35,49721.55,90,49737.85,90,0,66330
BANKNIFTY-III.NFO,18/02/2025,09:34:59,49733.35,49717.95,60,49736.15,60,0,66330
BANKNIFTY-III.NFO,18/02/2025,09:35:00,49733.35,49717.85,30,49722.1,150,0,66330
BANKNIFTY-III.NFO,18/02/2025,09:35:02,49719,49717.85,30,49718.4,150,30,66330
BANKNIFTY-III.NFO,18/02/2025,09:35:03,49717.85,49701.9,60,49719.25,30,30,66330
BANKNIFTY-III.NFO,18/02/2025,09:35:05,49717.85,49704.2,60,49722.65,30,0,66330
BANKNIFTY-III.NFO,18/02/2025,09:35:07,49717.85,49702,60,49719.45,30,0,66330
BANKNIFTY-III.NFO,18/02/2025,09:35:08,49717.85,49703.9,60,49721.55,30,0,66330
BANKNIFTY-III.NFO,18/02/2025,09:35:10,49717.85,49709.3,60,49729.75,60,0,66330
BANKNIFTY-III.NFO,18/02/2025,09:35:12,49717.85,49711.65,60,49728,30,0,66330
BANKNIFTY-III.NFO,18/02/2025,09:35:13,49717.85,49716.65,60,49733.4,150,0,66330
BANKNIFTY-III.NFO,18/02/2025,09:35:15,49717.85,49717.75,60,49734.25,150,0,66330
BANKNIFTY-III.NFO,18/02/2025,09:35:17,49717.85,49713.2,60,49731.25,150,0,66330
BANKNIFTY-III.NFO,18/02/2025,09:35:19,49717.85,49719.1,60,49735.95,150,0,66330
BANKNIFTY-III.NFO,18/02/2025,09:35:20,49717.85,49713.8,60,49733.75,60,0,66330
BANKNIFTY-III.NFO,18/02/2025,09:35:22,49717.85,49712.7,60,49729.5,150,0,66330
BANKNIFTY-III.NFO,18/02/2025,09:35:24,49717.85,49711.6,60,49728.7,150,0,66330
BANKNIFTY-III.NFO,18/02/2025,09:35:25,49717.85,49713.25,60,49728.5,150,0,66330
BANKNIFTY-III.NFO,18/02/2025,09:35:27,49717.85,49715.25,60,49733.7,30,0,66330
BANKNIFTY-III.NFO,18/02/2025,09:35:29,49717.85,49720.55,90,49738.55,150,0,66330
BANKNIFTY-III.NFO,18/02/2025,09:35:30,49717.85,49722.4,60,49740,30,0,66330
BANKNIFTY-III.NFO,18/02/2025,09:35:32,49717.85,49725.1,90,49740,30,0,66330
BANKNIFTY-III.NFO,18/02/2025,09:35:34,49717.85,49715.45,60,49734,150,0,66330
BANKNIFTY-III.NFO,18/02/2025,09:35:35,49717.85,49716.55,60,49734.85,180,0,66330
BANKNIFTY-III.NFO,18/02/2025,09:35:37,49717.85,49711.35,60,49729.75,60,0,66330
BANKNIFTY-III.NFO,18/02/2025,09:35:39,49717.85,49715.1,60,49735.4,60,0,66330
BANKNIFTY-III.NFO,18/02/2025,09:35:40,49717.85,49717.6,60,49735.6,150,0,66330
BANKNIFTY-III.NFO,18/02/2025,09:35:42,49717.85,49719.4,60,49736.55,150,0,66330
BANKNIFTY-III.NFO,18/02/2025,09:35:44,49717.85,49720.5,90,49737.05,30,0,66330
BANKNIFTY-III.NFO,18/02/2025,09:35:45,49717.85,49722.75,60,49738.15,30,0,66330
BANKNIFTY-III.NFO,18/02/2025,09:35:47,49717.85,49723.45,90,49740,30,0,66330
BANKNIFTY-III.NFO,18/02/2025,09:35:49,49717.85,49719.4,60,49736.15,150,0,66330
BANKNIFTY-III.NFO,18/02/2025,09:35:50,49717.85,49723.2,60,49740,30,0,66330
BANKNIFTY-III.NFO,18/02/2025,09:35:52,49717.85,49724.8,90,49740,30,0,66330
BANKNIFTY-III.NFO,18/02/2025,09:35:54,49717.85,49719,60,49735.8,150,0,66330
BANKNIFTY-III.NFO,18/02/2025,09:35:55,49717.85,49715.95,60,49730,30,0,66330
BANKNIFTY-III.NFO,18/02/2025,09:35:57,49717.85,49713.1,90,49730,60,0,66330
BANKNIFTY-III.NFO,18/02/2025,09:35:59,49717.85,49715.85,90,49730,30,0,66330
BANKNIFTY-III.NFO,18/02/2025,09:36:00,49717.85,49722.65,90,49730,30,0,66330
BANKNIFTY-III.NFO,18/02/2025,09:36:02,49717.85,49714.15,90,49730,30,0,66330
BANKNIFTY-III.NFO,18/02/2025,09:36:04,49717.85,49717.85,90,49725,30,0,66330
BANKNIFTY-III.NFO,18/02/2025,09:36:09,49717.85,49717.9,60,49725,30,0,66330
BANKNIFTY-III.NFO,18/02/2025,09:36:10,49717.85,49721.45,60,49725,30,0,66330
BANKNIFTY-III.NFO,18/02/2025,09:36:12,49725,49724.75,90,49740,30,30,66330
BANKNIFTY-III.NFO,18/02/2025,09:36:14,49725,49717.85,90,49730.7,150,0,66330
BANKNIFTY-III.NFO,18/02/2025,09:36:15,49725,49717.85,90,49727.95,60,0,66330
BANKNIFTY-III.NFO,18/02/2025,09:36:17,49725,49717.85,90,49724.1,150,0,66330
BANKNIFTY-III.NFO,18/02/2025,09:36:19,49720.35,49717.85,90,49718.55,150,30,66330
BANKNIFTY-III.NFO,18/02/2025,09:36:20,49720.35,49717.85,90,49720.2,150,0,66330
BANKNIFTY-III.NFO,18/02/2025,09:36:22,49720.35,49717.85,90,49721.95,150,0,66330
BANKNIFTY-III.NFO,18/02/2025,09:36:24,49717.85,49700.05,60,49714.6,180,90,66330
BANKNIFTY-III.NFO,18/02/2025,09:36:25,49709.8,49700,60,49710,150,30,66330
BANKNIFTY-III.NFO,18/02/2025,09:36:27,49709.8,49700,60,49707.4,150,0,66330
BANKNIFTY-III.NFO,18/02/2025,09:36:29,49709.8,49700,60,49706.75,60,0,66330
BANKNIFTY-III.NFO,18/02/2025,09:36:30,49709.8,49700,60,49711.5,30,0,66330
BANKNIFTY-III.NFO,18/02/2025,09:36:32,49709.8,49700,60,49703.85,60,0,66330
BANKNIFTY-III.NFO,18/02/2025,09:36:34,49700,49681.4,90,49697.75,180,60,66330
BANKNIFTY-III.NFO,18/02/2025,09:36:35,49700,49680.05,90,49694.25,150,0,66330
BANKNIFTY-III.NFO,18/02/2025,09:36:37,49700,49680,60,49692.4,150,0,66330
BANKNIFTY-III.NFO,18/02/2025,09:36:39,49700,49680.05,90,49695.25,150,0,66330
BANKNIFTY-III.NFO,18/02/2025,09:36:40,49700,49680.05,30,49693.95,150,0,66330
BANKNIFTY-III.NFO,18/02/2025,09:36:42,49700,49685.15,60,49703.05,210,0,66330
BANKNIFTY-III.NFO,18/02/2025,09:36:44,49700,49694.25,60,49715.5,60,0,66330
BANKNIFTY-III.NFO,18/02/2025,09:36:45,49700,49698.7,60,49715.55,180,0,66330
BANKNIFTY-III.NFO,18/02/2025,09:36:47,49700,49696.4,60,49713.3,150,0,66330
BANKNIFTY-III.NFO,18/02/2025,09:36:49,49700,49688.55,60,49705.2,150,0,66330
BANKNIFTY-III.NFO,18/02/2025,09:36:50,49700,49689.75,90,49706.7,30,0,66330
BANKNIFTY-III.NFO,18/02/2025,09:36:52,49700,49690.5,90,49707.75,150,0,66330
BANKNIFTY-III.NFO,18/02/2025,09:36:54,49700,49694.3,60,49711.05,150,0,66330
BANKNIFTY-III.NFO,18/02/2025,09:36:55,49700,49698.7,60,49716.3,150,0,66330
BANKNIFTY-III.NFO,18/02/2025,09:36:57,49700,49696.55,60,49715.5,60,0,66330
BANKNIFTY-III.NFO,18/02/2025,09:36:59,49700,49698.25,60,49714.75,150,0,66330
BANKNIFTY-III.NFO,18/02/2025,09:37:00,49700,49695.3,60,49714.45,180,0,66330
BANKNIFTY-III.NFO,18/02/2025,09:37:02,49700,49694.35,60,49712.95,90,0,66330
BANKNIFTY-III.NFO,18/02/2025,09:37:04,49700,49699.35,60,49716.4,30,0,66330
BANKNIFTY-III.NFO,18/02/2025,09:37:05,49700,49704.25,60,49721.65,60,0,66330
BANKNIFTY-III.NFO,18/02/2025,09:37:07,49700,49709.75,60,49730.25,90,0,66330
BANKNIFTY-III.NFO,18/02/2025,09:37:09,49700,49716.1,90,49732.5,150,0,66330
BANKNIFTY-III.NFO,18/02/2025,09:37:10,49700,49723.2,90,49740,30,0,66330
BANKNIFTY-III.NFO,18/02/2025,09:37:12,49700,49726.2,60,49740,30,0,66330
BANKNIFTY-III.NFO,18/02/2025,09:37:14,49700,49729.1,60,49740,30,0,66330
BANKNIFTY-III.NFO,18/02/2025,09:37:15,49700,49730,90,49740,30,0,66330
BANKNIFTY-III.NFO,18/02/2025,09:37:17,49700,49734.45,60,49740,30,0,66330
BANKNIFTY-III.NFO,18/02/2025,09:37:19,49740,49738.05,90,49755.3,150,30,66390
BANKNIFTY-III.NFO,18/02/2025,09:37:20,49740,49738.3,90,49755.7,90,0,66390
BANKNIFTY-III.NFO,18/02/2025,09:37:22,49740,49739.05,60,49756.45,180,0,66390
BANKNIFTY-III.NFO,18/02/2025,09:37:24,49740,49729.9,60,49748.45,60,0,66390
BANKNIFTY-III.NFO,18/02/2025,09:37:25,49740,49730.3,90,49748.05,60,0,66390
BANKNIFTY-III.NFO,18/02/2025,09:37:27,49740,49738.85,240,49755.8,30,0,66390
BANKNIFTY-III.NFO,18/02/2025,09:37:29,49740,49741.9,90,49756.3,150,0,66390
BANKNIFTY-III.NFO,18/02/2025,09:37:30,49740,49742.4,90,49758.65,150,0,66390
BANKNIFTY-III.NFO,18/02/2025,09:37:32,49740,49738,90,49755.95,60,0,66390
BANKNIFTY-III.NFO,18/02/2025,09:37:34,49740,49740.25,90,49757.2,150,0,66390
BANKNIFTY-III.NFO,18/02/2025,09:37:35,49740,49741.35,90,49758.85,150,0,66390
BANKNIFTY-III.NFO,18/02/2025,09:37:37,49740,49741.25,90,49758.3,150,0,66390
BANKNIFTY-III.NFO,18/02/2025,09:37:39,49740,49745.7,60,49765,60,0,66390
BANKNIFTY-III.NFO,18/02/2025,09:37:40,49740,49748.85,90,49765,30,0,66390
BANKNIFTY-III.NFO,18/02/2025,09:37:42,49740,49746.5,60,49765,30,0,66390
BANKNIFTY-III.NFO,18/02/2025,09:37:44,49740,49749.5,60,49765,60,0,66390
BANKNIFTY-III.NFO,18/02/2025,09:37:45,49740,49761.7,60,49765,30,0,66390
BANKNIFTY-III.NFO,18/02/2025,09:37:47,49740,49757.65,60,49765,30,0,66390
BANKNIFTY-III.NFO,18/02/2025,09:37:49,49740,49756.25,60,49765,30,0,66390
BANKNIFTY-III.NFO,18/02/2025,09:37:50,49740,49745.05,90,49762.35,30,0,66390
BANKNIFTY-III.NFO,18/02/2025,09:37:52,49740,49742.5,90,49759.65,60,0,66390
BANKNIFTY-III.NFO,18/02/2025,09:37:54,49740,49748,90,49765,30,0,66390
BANKNIFTY-III.NFO,18/02/2025,09:37:55,49740,49753.1,60,49765,30,0,66390
BANKNIFTY-III.NFO,18/02/2025,09:37:57,49740,49758.95,60,49765,30,0,66390
BANKNIFTY-III.NFO,18/02/2025,09:38:00,49765,49766.7,90,49783.15,150,30,66390
BANKNIFTY-III.NFO,18/02/2025,09:38:02,49765,49767.85,90,49784.75,150,0,66390
BANKNIFTY-III.NFO,18/02/2025,09:38:04,49765,49776.2,90,49794.95,180,0,66390
BANKNIFTY-III.NFO,18/02/2025,09:38:05,49765,49774.75,90,49794.25,30,0,66390
BANKNIFTY-III.NFO,18/02/2025,09:38:07,49765,49779.5,90,49797.4,30,0,66390
BANKNIFTY-III.NFO,18/02/2025,09:38:09,49765,49777.25,90,49793.95,30,0,66390
BANKNIFTY-III.NFO,18/02/2025,09:38:10,49765,49779.05,90,49797.25,60,0,66390
BANKNIFTY-III.NFO,18/02/2025,09:38:12,49765,49776.7,90,49794.9,30,0,66390
BANKNIFTY-III.NFO,18/02/2025,09:38:14,49765,49789.55,90,49801,60,0,66390
BANKNIFTY-III.NFO,18/02/2025,09:38:15,49765,49787.95,90,49801,60,0,66390
BANKNIFTY-III.NFO,18/02/2025,09:38:17,49765,49794.2,60,49801,60,0,66390
BANKNIFTY-III.NFO,18/02/2025,09:38:19,49765,49797.65,60,49801,60,0,66390
BANKNIFTY-III.NFO,18/02/2025,09:38:20,49801,49800.05,60,49817.3,150,60,66390
BANKNIFTY-III.NFO,18/02/2025,09:38:22,49801,49803.35,90,49820.4,60,0,66390
BANKNIFTY-III.NFO,18/02/2025,09:38:24,49801,49806.7,90,49823.45,60,0,66390
BANKNIFTY-III.NFO,18/02/2025,09:38:25,49801,49800.05,90,49820.35,150,0,66390
BANKNIFTY-III.NFO,18/02/2025,09:38:27,49801,49805.95,60,49823.4,180,0,66390
BANKNIFTY-III.NFO,18/02/2025,09:38:29,49801,49800,30,49812.75,30,0,66390
BANKNIFTY-III.NFO,18/02/2025,09:38:30,49802,49808.5,90,49828.8,90,900,66390
BANKNIFTY-III.NFO,18/02/2025,09:38:32,49802,49803,60,49825.45,60,0,66390
BANKNIFTY-III.NFO,18/02/2025,09:38:34,49802,49800,30,49817.5,90,0,66390
BANKNIFTY-III.NFO,18/02/2025,09:38:35,49802,49800,30,49808.9,60,0,66390
BANKNIFTY-III.NFO,18/02/2025,09:38:37,49800,49779.8,90,49799.65,60,30,66390
BANKNIFTY-III.NFO,18/02/2025,09:38:39,49795.25,49768.4,60,49789.3,30,30,66390
BANKNIFTY-III.NFO,18/02/2025,09:38:40,49795.25,49766.1,60,49785.2,30,0,66390
BANKNIFTY-III.NFO,18/02/2025,09:38:42,49795.25,49765.85,90,49783.9,60,0,66390
BANKNIFTY-III.NFO,18/02/2025,09:38:44,49795.25,49768.8,90,49787.3,60,0,66390
BANKNIFTY-III.NFO,18/02/2025,09:38:45,49795.25,49774.2,90,49796.05,30,0,66390
BANKNIFTY-III.NFO,18/02/2025,09:38:47,49795.25,49787.2,90,49805.95,60,0,66390
BANKNIFTY-III.NFO,18/02/2025,09:38:48,49795.25,49793.4,90,49811,60,0,66390
BANKNIFTY-III.NFO,18/02/2025,09:38:50,49795.25,49780.15,90,49796.95,60,0,66390
BANKNIFTY-III.NFO,18/02/2025,09:38:52,49795.25,49773.85,90,49792.4,30,0,66390
BANKNIFTY-III.NFO,18/02/2025,09:38:53,49795.25,49774,60,49790.3,60,0,66390
BANKNIFTY-III.NFO,18/02/2025,09:38:55,49795.25,49768.35,90,49785.3,60,0,66390
BANKNIFTY-III.NFO,18/02/2025,09:38:57,49795.25,49769.1,90,49787.65,60,0,66390
BANKNIFTY-III.NFO,18/02/2025,09:38:58,49795.25,49771.2,90,49795.25,30,0,66390
BANKNIFTY-III.NFO,18/02/2025,09:39:00,49795.25,49790.55,60,49805.8,30,0,66390
BANKNIFTY-III.NFO,18/02/2025,09:39:02,49795.25,49781.75,60,49803.5,30,0,66390
BANKNIFTY-III.NFO,18/02/2025,09:39:03,49795.25,49781.8,90,49798.85,60,0,66390
BANKNIFTY-III.NFO,18/02/2025,09:39:05,49795.25,49789.7,60,49805.75,60,0,66390
BANKNIFTY-III.NFO,18/02/2025,09:39:07,49795.25,49789.4,60,49805.75,60,0,66390
BANKNIFTY-III.NFO,18/02/2025,09:39:08,49795.25,49787.9,60,49803.85,30,0,66390
BANKNIFTY-III.NFO,18/02/2025,09:39:10,49795.25,49777.7,90,49797.15,60,0,66390
BANKNIFTY-III.NFO,18/02/2025,09:39:12,49795.25,49780.35,60,49796.8,60,0,66390
BANKNIFTY-III.NFO,18/02/2025,09:39:14,49795.25,49777.95,90,49794.8,60,0,66390
BANKNIFTY-III.NFO,18/02/2025,09:39:15,49798.85,49788.4,60,49805.5,180,30,66390
BANKNIFTY-III.NFO,18/02/2025,09:39:17,49798.85,49787.65,60,49801,30,0,66390
BANKNIFTY-III.NFO,18/02/2025,09:39:19,49798.85,49791.85,60,49801,30,0,66390
BANKNIFTY-III.NFO,18/02/2025,09:39:20,49798.85,49785.7,90,49801,30,0,66390
BANKNIFTY-III.NFO,18/02/2025,09:39:22,49798.85,49791.8,60,49801,30,0,66390
BANKNIFTY-III.NFO,18/02/2025,09:39:24,49798.85,49796.1,60,49801,30,0,66390
BANKNIFTY-III.NFO,18/02/2025,09:39:25,49798.85,49797.85,60,49801,30,0,66390
BANKNIFTY-III.NFO,18/02/2025,09:39:27,49798.85,49795.05,60,49801,30,0,66390
BANKNIFTY-III.NFO,18/02/2025,09:39:29,49798.85,49797.8,60,49801,30,0,66390
BANKNIFTY-III.NFO,18/02/2025,09:39:30,49798.85,49797.2,60,49801,30,0,66390
BANKNIFTY-III.NFO,18/02/2025,09:39:32,49801,49799.3,60,49805.8,30,30,66390
BANKNIFTY-III.NFO,18/02/2025,09:39:34,49801,49794.1,60,49805.8,30,0,66390
BANKNIFTY-III.NFO,18/02/2025,09:39:35,49801,49798.6,60,49805.8,30,0,66390
BANKNIFTY-III.NFO,18/02/2025,09:39:37,49801,49800.7,60,49805.8,30,0,66390
BANKNIFTY-III.NFO,18/02/2025,09:39:39,49801,49804.3,60,49805.8,30,0,66390
BANKNIFTY-III.NFO,18/02/2025,09:39:40,49805.8,49808.25,60,49820,60,30,66390
BANKNIFTY-III.NFO,18/02/2025,09:39:42,49805.8,49801.3,90,49820,90,0,66390
BANKNIFTY-III.NFO,18/02/2025,09:39:44,49805.8,49798.3,60,49816.75,150,0,66390
BANKNIFTY-III.NFO,18/02/2025,09:39:45,49805.8,49794.35,60,49818.35,180,0,66390
BANKNIFTY-III.NFO,18/02/2025,09:39:47,49805.8,49807,60,49820,60,0,66390
BANKNIFTY-III.NFO,18/02/2025,09:39:49,49805.8,49807.15,60,49820,60,0,66390
BANKNIFTY-III.NFO,18/02/2025,09:39:50,49805.8,49802.35,90,49820,90,0,66390
BANKNIFTY-III.NFO,18/02/2025,09:39:52,49805.8,49797.3,60,49815.25,90,0,66390
BANKNIFTY-III.NFO,18/02/2025,09:39:54,49805.8,49795.45,60,49813.3,30,0,66390
BANKNIFTY-III.NFO,18/02/2025,09:39:55,49805.8,49797.05,90,49816.65,30,0,66390
BANKNIFTY-III.NFO,18/02/2025,09:39:57,49805.8,49805.05,60,49820,90,0,66390
BANKNIFTY-III.NFO,18/02/2025,09:39:59,49805.8,49797.1,60,49814.3,30,0,66390
BANKNIFTY-III.NFO,18/02/2025,09:40:00,49805.8,49793.15,90,49809.85,180,0,66390
BANKNIFTY-III.NFO,18/02/2025,09:40:02,49805.8,49789.4,60,49805.8,180,0,66390
BANKNIFTY-III.NFO,18/02/2025,09:40:04,49805.8,49789.4,90,49805.85,180,0,66390
BANKNIFTY-III.NFO,18/02/2025,09:40:05,49805.8,49787.65,60,49805.45,90,0,66390
BANKNIFTY-III.NFO,18/02/2025,09:40:07,49805.8,49793.3,60,49809.95,180,0,66390
BANKNIFTY-III.NFO,18/02/2025,09:40:09,49805.8,49798.4,90,49814.3,150,0,66390
BANKNIFTY-III.NFO,18/02/2025,09:40:10,49805.8,49798.35,60,49814.4,180,0,66390
BANKNIFTY-III.NFO,18/02/2025,09:40:12,49805.8,49806.4,60,49820,60,0,66390
BANKNIFTY-III.NFO,18/02/2025,09:40:14,49805.8,49811.4,60,49820,60,0,66390
BANKNIFTY-III.NFO,18/02/2025,09:40:15,49805.8,49813,60,49820,60,0,66390
BANKNIFTY-III.NFO,18/02/2025,09:40:17,49805.8,49815,60,49820,60,0,66390
BANKNIFTY-III.NFO,18/02/2025,09:40:19,49820,49820.7,90,49838.3,90,60,66390
BANKNIFTY-III.NFO,18/02/2025,09:40:20,49820,49824.15,60,49842,60,0,66390
BANKNIFTY-III.NFO,18/02/2025,09:40:22,49820,49829.5,90,49847.2,90,0,66390
BANKNIFTY-III.NFO,18/02/2025,09:40:24,49820,49829.55,60,49849.95,90,0,66390
BANKNIFTY-III.NFO,18/02/2025,09:40:25,49820,49838.7,60,49850,120,0,66390
BANKNIFTY-III.NFO,18/02/2025,09:40:27,49820,49831.7,90,49849.95,90,0,66390
BANKNIFTY-III.NFO,18/02/2025,09:40:29,49820,49821.4,90,49842.2,60,0,66390
BANKNIFTY-III.NFO,18/02/2025,09:40:30,49820,49830.5,90,49849,90,0,66390
BANKNIFTY-III.NFO,18/02/2025,09:40:32,49820,49825.8,60,49844.55,90,0,66390
BANKNIFTY-III.NFO,18/02/2025,09:40:34,49820,49834.1,60,49849.95,90,0,66390
BANKNIFTY-III.NFO,18/02/2025,09:40:35,49820,49818.7,90,49839.95,60,0,66390
BANKNIFTY-III.NFO,18/02/2025,09:40:37,49818.7,49821.25,30,49842.1,60,30,66390
BANKNIFTY-III.NFO,18/02/2025,09:40:39,49818.7,49819.7,60,49843.35,60,0,66390
BANKNIFTY-III.NFO,18/02/2025,09:40:40,49818.7,49816.3,30,49836,90,0,66390
BANKNIFTY-III.NFO,18/02/2025,09:40:42,49818.7,49819.55,60,49838.35,90,0,66390
BANKNIFTY-III.NFO,18/02/2025,09:40:44,49818.7,49822.45,60,49844.8,90,0,66390
BANKNIFTY-III.NFO,18/02/2025,09:40:45,49818.7,49817.3,60,49839,60,0,66390
BANKNIFTY-III.NFO,18/02/2025,09:40:47,49818.7,49817.95,30,49836.75,90,0,66390
BANKNIFTY-III.NFO,18/02/2025,09:40:49,49818.7,49820.25,60,49838.05,90,0,66390
BANKNIFTY-III.NFO,18/02/2025,09:40:50,49818.7,49819.3,30,49837.25,60,0,66390
BANKNIFTY-III.NFO,18/02/2025,09:40:52,49818.7,49807.95,60,49826.05,90,0,66390
BANKNIFTY-III.NFO,18/02/2025,09:40:54,49818.7,49811.65,60,49832.05,60,0,66390
BANKNIFTY-III.NFO,18/02/2025,09:40:55,49818.7,49821,30,49837.6,90,0,66390
BANKNIFTY-III.NFO,18/02/2025,09:40:57,49818.7,49823.15,60,49843.75,60,0,66390
BANKNIFTY-III.NFO,18/02/2025,09:40:59,49818.7,49828.45,60,49845.85,90,0,66390
BANKNIFTY-III.NFO,18/02/2025,09:41:00,49830,49820.8,60,49845.2,90,30,66390
BANKNIFTY-III.NFO,18/02/2025,09:41:02,49830,49813.65,60,49832.7,60,0,66390
BANKNIFTY-III.NFO,18/02/2025,09:41:04,49830,49819.3,30,49836.5,90,0,66390
BANKNIFTY-III.NFO,18/02/2025,09:41:05,49830,49813.6,60,49830.1,90,0,66390
BANKNIFTY-III.NFO,18/02/2025,09:41:07,49830,49807.45,60,49823.85,60,0,66390
BANKNIFTY-III.NFO,18/02/2025,09:41:09,49830,49815.15,60,49832.2,90,0,66390
BANKNIFTY-III.NFO,18/02/2025,09:41:10,49830,49812.95,60,49829.75,90,0,66390
BANKNIFTY-III.NFO,18/02/2025,09:41:12,49830,49817.8,60,49835.7,90,0,66390
BANKNIFTY-III.NFO,18/02/2025,09:41:14,49830,49810.4,60,49830.6,90,0,66390
BANKNIFTY-III.NFO,18/02/2025,09:41:15,49830,49812.95,60,49830.9,90,0,66390
BANKNIFTY-III.NFO,18/02/2025,09:41:17,49830,49802.45,30,49821.45,60,0,66390
BANKNIFTY-III.NFO,18/02/2025,09:41:19,49830,49806.4,60,49825.1,90,0,66390
BANKNIFTY-III.NFO,18/02/2025,09:41:20,49830,49810.35,60,49827.75,60,0,66390
BANKNIFTY-III.NFO,18/02/2025,09:41:22,49830,49800.05,60,49819.2,60,0,66390
BANKNIFTY-III.NFO,18/02/2025,09:41:24,49830,49800,30,49807.85,60,0,66390
BANKNIFTY-III.NFO,18/02/2025,09:41:25,49830,49800,30,49800.85,60,0,66390
BANKNIFTY-III.NFO,18/02/2025,09:41:27,49800,49789.55,60,49807.05,90,30,66390
BANKNIFTY-III.NFO,18/02/2025,09:41:29,49800,49790.45,60,49808.55,90,0,66390
BANKNIFTY-III.NFO,18/02/2025,09:41:30,49800,49797.75,60,49815.1,90,0,66390
BANKNIFTY-III.NFO,18/02/2025,09:41:32,49800,49812.85,60,49829.25,60,0,66390
BANKNIFTY-III.NFO,18/02/2025,09:41:34,49800,49813.9,60,49832.95,90,0,66390
BANKNIFTY-III.NFO,18/02/2025,09:41:35,49800,49813.3,60,49829.9,60,0,66390
BANKNIFTY-III.NFO,18/02/2025,09:41:37,49800,49811.35,60,49832.75,90,0,66390
BANKNIFTY-III.NFO,18/02/2025,09:41:39,49800,49819.95,60,49837.85,90,0,66390
BANKNIFTY-III.NFO,18/02/2025,09:41:40,49800,49818.45,60,49838.4,90,0,66390
BANKNIFTY-III.NFO,18/02/2025,09:41:42,49800,49824,30,49843.5,240,0,66390
BANKNIFTY-III.NFO,18/02/2025,09:41:44,49800,49821.45,60,49839.6,60,0,66390
BANKNIFTY-III.NFO,18/02/2025,09:41:45,49800,49824.45,30,49840.45,60,0,66390
BANKNIFTY-III.NFO,18/02/2025,09:41:47,49800,49828.7,60,49845.25,60,0,66390
BANKNIFTY-III.NFO,18/02/2025,09:41:49,49800,49823.25,60,49839.75,60,0,66390
BANKNIFTY-III.NFO,18/02/2025,09:41:50,49800,49825.05,30,49846.35,90,0,66390
BANKNIFTY-III.NFO,18/02/2025,09:41:52,49800,49828.4,60,49845.8,90,0,66390
BANKNIFTY-III.NFO,18/02/2025,09:41:54,49800,49825.95,60,49844.9,90,0,66390
BANKNIFTY-III.NFO,18/02/2025,09:41:55,49800,49821.7,60,49840.35,90,0,66390
BANKNIFTY-III.NFO,18/02/2025,09:41:57,49800,49825.7,30,49845.05,90,0,66390
BANKNIFTY-III.NFO,18/02/2025,09:41:59,49800,49831.45,60,49847.75,90,0,66390
BANKNIFTY-III.NFO,18/02/2025,09:42:00,49800,49836.45,60,49850,120,0,66390
BANKNIFTY-III.NFO,18/02/2025,09:42:02,49800,49839.95,30,49850,120,0,66390
BANKNIFTY-III.NFO,18/02/2025,09:42:04,49800,49838.45,60,49850,120,0,66390
BANKNIFTY-III.NFO,18/02/2025,09:42:05,49800,49847.25,30,49850,120,0,66390
BANKNIFTY-III.NFO,18/02/2025,09:42:07,49850,49846.15,180,49864.95,90,120,66390
BANKNIFTY-III.NFO,18/02/2025,09:42:09,49850,49845.45,150,49862.55,90,0,66390
BANKNIFTY-III.NFO,18/02/2025,09:42:10,49850,49840.6,180,49859.95,60,0,66390
BANKNIFTY-III.NFO,18/02/2025,09:42:12,49842.8,49840.1,30,49857.4,90,60,66390
BANKNIFTY-III.NFO,18/02/2025,09:42:14,49842.8,49841.3,180,49861.65,90,0,66390
BANKNIFTY-III.NFO,18/02/2025,09:42:15,49842.8,49844.95,150,49862.5,90,0,66390
BANKNIFTY-III.NFO,18/02/2025,09:42:17,49842.8,49848.85,150,49864.95,60,0,66390
BANKNIFTY-III.NFO,18/02/2025,09:42:19,49842.8,49853.45,150,49865,30,0,66390
BANKNIFTY-III.NFO,18/02/2025,09:42:20,49842.8,49842.4,180,49862.2,60,0,66390
BANKNIFTY-III.NFO,18/02/2025,09:42:22,49842.8,49840.1,30,49858.5,60,0,66390
BANKNIFTY-III.NFO,18/02/2025,09:42:24,49842.8,49841.5,180,49859.55,90,0,66390
BANKNIFTY-III.NFO,18/02/2025,09:42:25,49842.8,49848.5,150,49864.95,90,0,66390
BANKNIFTY-III.NFO,18/02/2025,09:42:27,49842.8,49852.5,150,49865,30,0,66390
BANKNIFTY-III.NFO,18/02/2025,09:42:28,49842.8,49843.05,150,49858.95,90,0,66390
BANKNIFTY-III.NFO,18/02/2025,09:42:30,49842.8,49840.1,30,49859.6,90,0,66390
BANKNIFTY-III.NFO,18/02/2025,09:42:32,49842.8,49840.1,30,49848.35,60,0,66390
BANKNIFTY-III.NFO,18/02/2025,09:42:33,49842.8,49840.1,30,49855.75,90,0,66390
BANKNIFTY-III.NFO,18/02/2025,09:42:35,49842.8,49840.1,30,49856.4,90,0,66390
BANKNIFTY-III.NFO,18/02/2025,09:42:37,49842.8,49840.1,60,49856.9,90,0,66390
BANKNIFTY-III.NFO,18/02/2025,09:42:38,49842.8,49841.2,180,49857.7,90,0,66390
BANKNIFTY-III.NFO,18/02/2025,09:42:40,49842.8,49840.1,30,49849.8,90,0,66390
BANKNIFTY-III.NFO,18/02/2025,09:42:42,49842.8,49840.1,30,49849.05,60,0,66390
BANKNIFTY-III.NFO,18/02/2025,09:42:43,49842.8,49840.1,30,49846,60,0,66390
BANKNIFTY-III.NFO,18/02/2025,09:42:45,49842.8,49840.1,30,49844.7,60,0,66390
BANKNIFTY-III.NFO,18/02/2025,09:42:47,49840.1,49821.45,30,49840.55,90,30,66300
BANKNIFTY-III.NFO,18/02/2025,09:42:48,49840.1,49822.85,180,49842.25,60,0,66300
BANKNIFTY-III.NFO,18/02/2025,09:42:50,49840.1,49818.7,180,49836.7,90,0,66300
BANKNIFTY-III.NFO,18/02/2025,09:42:52,49840.1,49819.05,180,49836.9,60,0,66300
BANKNIFTY-III.NFO,18/02/2025,09:42:53,49840.1,49819.15,180,49837.6,90,0,66300
BANKNIFTY-III.NFO,18/02/2025,09:42:55,49840.1,49828.95,180,49845.15,60,0,66300
BANKNIFTY-III.NFO,18/02/2025,09:42:57,49840.1,49824.05,180,49843.15,90,0,66300
BANKNIFTY-III.NFO,18/02/2025,09:42:58,49840.1,49819.65,180,49837.3,90,0,66300
BANKNIFTY-III.NFO,18/02/2025,09:43:00,49840.1,49827.45,150,49842.3,60,0,66300
BANKNIFTY-III.NFO,18/02/2025,09:43:02,49840.1,49828.95,150,49844.55,90,0,66300
BANKNIFTY-III.NFO,18/02/2025,09:43:03,49840.1,49832.9,180,49850.15,90,0,66300
BANKNIFTY-III.NFO,18/02/2025,09:43:05,49840.1,49830.1,180,49848.3,90,0,66300
BANKNIFTY-III.NFO,18/02/2025,09:43:07,49840.1,49827.7,180,49849.65,90,0,66300
BANKNIFTY-III.NFO,18/02/2025,09:43:08,49840.1,49833.2,180,49853.5,90,0,66300
BANKNIFTY-III.NFO,18/02/2025,09:43:10,49840.1,49836.6,180,49856.45,60,0,66300
BANKNIFTY-III.NFO,18/02/2025,09:43:12,49840.1,49833.4,180,49853.25,60,0,66300
BANKNIFTY-III.NFO,18/02/2025,09:43:13,49840.1,49834.55,180,49854.1,90,0,66300
BANKNIFTY-III.NFO,18/02/2025,09:43:15,49840.1,49843.35,150,49859.4,90,0,66300
BANKNIFTY-III.NFO,18/02/2025,09:43:17,49840.1,49840.1,30,49859.5,90,0,66300
BANKNIFTY-III.NFO,18/02/2025,09:43:18,49840.1,49836.95,60,49859.95,30,0,66300
BANKNIFTY-III.NFO,18/02/2025,09:43:20,49840.1,49852.2,150,49860,30,0,66300
BANKNIFTY-III.NFO,18/02/2025,09:43:22,49840.1,49849.7,150,49860,30,0,66300
BANKNIFTY-III.NFO,18/02/2025,09:43:24,49840.1,49849.65,150,49860,30,0,66300
BANKNIFTY-III.NFO,18/02/2025,09:43:25,49840.1,49835.65,150,49852,90,0,66300
BANKNIFTY-III.NFO,18/02/2025,09:43:27,49840.1,49836.5,150,49853.35,90,0,66300
BANKNIFTY-III.NFO,18/02/2025,09:43:29,49840.1,49838.3,150,49854.5,90,0,66300
BANKNIFTY-III.NFO,18/02/2025,09:43:30,49840.1,49847.05,150,49860,30,0,66300
BANKNIFTY-III.NFO,18/02/2025,09:43:32,49840.1,49850.1,150,49860,30,0,66300
BANKNIFTY-III.NFO,18/02/2025,09:43:34,49840.1,49841.9,180,49859.95,90,0,66300
BANKNIFTY-III.NFO,18/02/2025,09:43:35,49840.1,49840.1,30,49856.2,90,0,66300
BANKNIFTY-III.NFO,18/02/2025,09:43:37,49840.1,49843.05,150,49858.85,90,0,66300
BANKNIFTY-III.NFO,18/02/2025,09:43:39,49840.1,49847,150,49860,30,0,66300
BANKNIFTY-III.NFO,18/02/2025,09:43:40,49840.1,49849.9,150,49860,30,0,66300
BANKNIFTY-III.NFO,18/02/2025,09:43:42,49840.1,49847.8,150,49860,30,0,66300
BANKNIFTY-III.NFO,18/02/2025,09:43:44,49840.1,49850,150,49860,30,0,66300
BANKNIFTY-III.NFO,18/02/2025,09:43:45,49840.1,49853,150,49860,30,0,66300
BANKNIFTY-III.NFO,18/02/2025,09:43:47,49840.1,49844.75,180,49860,30,0,66300
BANKNIFTY-III.NFO,18/02/2025,09:43:48,49840.1,49851.9,150,49860,30,0,66300
BANKNIFTY-III.NFO,18/02/2025,09:43:50,49840.1,49857.8,180,49860,30,0,66300
BANKNIFTY-III.NFO,18/02/2025,09:43:52,49860,49850.4,150,49865,30,30,66300
BANKNIFTY-III.NFO,18/02/2025,09:43:53,49860,49850.8,150,49864.95,90,0,66300
BANKNIFTY-III.NFO,18/02/2025,09:43:55,49860,49856.35,150,49865,30,0,66300
BANKNIFTY-III.NFO,18/02/2025,09:43:57,49860,49855.9,150,49865,30,0,66300
BANKNIFTY-III.NFO,18/02/2025,09:43:58,49860,49860,30,49864.95,60,0,66300
BANKNIFTY-III.NFO,18/02/2025,09:44:00,49860,49860,30,49863,60,0,66300
BANKNIFTY-III.NFO,18/02/2025,09:44:02,49860,49860,30,49863.55,60,0,66300
BANKNIFTY-III.NFO,18/02/2025,09:44:03,49860,49860,30,49864.95,60,0,66300
BANKNIFTY-III.NFO,18/02/2025,09:44:05,49860,49840.1,30,49858.1,60,30,66300
BANKNIFTY-III.NFO,18/02/2025,09:44:07,49860,49840.1,30,49853.95,60,0,66300
BANKNIFTY-III.NFO,18/02/2025,09:44:08,49860,49840.1,30,49858.15,60,0,66300
BANKNIFTY-III.NFO,18/02/2025,09:44:10,49860,49840.1,30,49850.5,60,0,66300
BANKNIFTY-III.NFO,18/02/2025,09:44:12,49860,49840.1,30,49848.1,60,0,66300
BANKNIFTY-III.NFO,18/02/2025,09:44:13,49860,49840.1,30,49849.1,60,0,66300
BANKNIFTY-III.NFO,18/02/2025,09:44:15,49853.95,49843.45,60,49859.95,90,30,66300
BANKNIFTY-III.NFO,18/02/2025,09:44:17,49853.95,49829.65,30,49848.65,90,0,66300
BANKNIFTY-III.NFO,18/02/2025,09:44:18,49853.95,49829.5,60,49847.25,60,0,66300
BANKNIFTY-III.NFO,18/02/2025,09:44:20,49853.95,49830.55,60,49847.75,90,0,66300
BANKNIFTY-III.NFO,18/02/2025,09:44:22,49853.95,49823.2,60,49842.5,60,0,66300
BANKNIFTY-III.NFO,18/02/2025,09:44:23,49853.95,49818.1,60,49834.2,90,0,66300
BANKNIFTY-III.NFO,18/02/2025,09:44:25,49853.95,49818.15,60,49834.2,60,0,66300
BANKNIFTY-III.NFO,18/02/2025,09:44:27,49853.95,49815.95,30,49831.8,60,0,66300
BANKNIFTY-III.NFO,18/02/2025,09:44:28,49853.95,49823.2,60,49838.5,60,0,66300
BANKNIFTY-III.NFO,18/02/2025,09:44:30,49838.35,49825.05,90,49840.75,60,30,66300
BANKNIFTY-III.NFO,18/02/2025,09:44:32,49838.35,49813.2,90,49833,90,0,66300
BANKNIFTY-III.NFO,18/02/2025,09:44:33,49838.35,49814.7,60,49832.9,90,0,66300
BANKNIFTY-III.NFO,18/02/2025,09:44:35,49838.35,49816.75,90,49835.2,90,0,66300
BANKNIFTY-III.NFO,18/02/2025,09:44:36,49838.35,49814.25,60,49831.5,90,0,66300
BANKNIFTY-III.NFO,18/02/2025,09:44:38,49838.35,49817.75,90,49834.45,60,0,66300
BANKNIFTY-III.NFO,18/02/2025,09:44:40,49838.35,49821.65,90,49839.8,90,0,66300
BANKNIFTY-III.NFO,18/02/2025,09:44:41,49838.35,49826.45,60,49841.9,60,0,66300
BANKNIFTY-III.NFO,18/02/2025,09:44:43,49838.35,49830.65,90,49847.65,90,0,66300
BANKNIFTY-III.NFO,18/02/2025,09:44:45,49838.35,49833.15,90,49849.85,90,0,66300
BANKNIFTY-III.NFO,18/02/2025,09:44:46,49838.35,49830.35,90,49846.35,90,0,66300
BANKNIFTY-III.NFO,18/02/2025,09:44:48,49838.35,49831.05,90,49846.95,60,0,66300
BANKNIFTY-III.NFO,18/02/2025,09:44:50,49838.35,49832.4,90,49848.35,90,0,66300
BANKNIFTY-III.NFO,18/02/2025,09:44:51,49838.35,49833.95,90,49849.95,60,0,66300
BANKNIFTY-III.NFO,18/02/2025,09:44:53,49838.35,49834.9,60,49840,30,0,66300
BANKNIFTY-III.NFO,18/02/2025,09:44:55,49840,49840.4,60,49857.1,90,30,66300
BANKNIFTY-III.NFO,18/02/2025,09:44:56,49840,49841.15,90,49856.75,60,0,66300
BANKNIFTY-III.NFO,18/02/2025,09:44:58,49840,49838.9,90,49858.1,90,0,66300
BANKNIFTY-III.NFO,18/02/2025,09:45:00,49840,49827.25,60,49847.1,90,0,66300
BANKNIFTY-III.NFO,18/02/2025,09:45:01,49840,49823.85,90,49842.05,90,0,66300
BANKNIFTY-III.NFO,18/02/2025,09:45:03,49840,49819.7,90,49835.85,60,0,66300
BANKNIFTY-III.NFO,18/02/2025,09:45:05,49840,49810.3,90,49830.35,60,0,66300
BANKNIFTY-III.NFO,18/02/2025,09:45:06,49840,49806.7,90,49824.2,90,0,66300
BANKNIFTY-III.NFO,18/02/2025,09:45:08,49840,49813.25,60,49833.35,60,0,66300
BANKNIFTY-III.NFO,18/02/2025,09:45:10,49840,49812.6,90,49829.4,90,0,66300
BANKNIFTY-III.NFO,18/02/2025,09:45:11,49840,49813.55,90,49832.85,90,0,66300
BANKNIFTY-III.NFO,18/02/2025,09:45:13,49840,49821.3,90,49841.55,60,0,66300
BANKNIFTY-III.NFO,18/02/2025,09:45:15,49840,49828.5,60,49843.6,60,0,66300
BANKNIFTY-III.NFO,18/02/2025,09:45:16,49840,49830.75,60,49840,30,0,66300
BANKNIFTY-III.NFO,18/02/2025,09:45:18,49840,49823.25,90,49839.95,60,0,66300
BANKNIFTY-III.NFO,18/02/2025,09:45:20,49840,49822.7,60,49838.2,90,0,66300
BANKNIFTY-III.NFO,18/02/2025,09:45:21,49840,49822.35,90,49838.1,60,0,66300
BANKNIFTY-III.NFO,18/02/2025,09:45:23,49840,49820.05,60,49836.65,90,0,66300
BANKNIFTY-III.NFO,18/02/2025,09:45:25,49840,49824.4,60,49839.95,60,0,66300
BANKNIFTY-III.NFO,18/02/2025,09:45:26,49840,49830.4,90,49840,30,0,66300
BANKNIFTY-III.NFO,18/02/2025,09:45:28,49840,49836.15,60,49840,30,0,66300
BANKNIFTY-III.NFO,18/02/2025,09:45:30,49840,49841.8,90,49859.2,90,30,66300
BANKNIFTY-III.NFO,18/02/2025,09:45:31,49840,49838.05,60,49856.3,90,0,66300
BANKNIFTY-III.NFO,18/02/2025,09:45:33,49840,49842,60,49858,90,0,66300
BANKNIFTY-III.NFO,18/02/2025,09:45:35,49840,49840.15,90,49856.9,90,0,66300
BANKNIFTY-III.NFO,18/02/2025,09:45:36,49840,49841.9,60,49857.3,90,0,66300
BANKNIFTY-III.NFO,18/02/2025,09:45:38,49840,49843.75,90,49860.05,60,0,66300
BANKNIFTY-III.NFO,18/02/2025,09:45:40,49840,49839.75,90,49857.35,90,0,66300
BANKNIFTY-III.NFO,18/02/2025,09:45:41,49840,49841.2,60,49859.45,150,0,66300
BANKNIFTY-III.NFO,18/02/2025,09:45:43,49840,49831.25,90,49847.3,60,0,66300
BANKNIFTY-III.NFO,18/02/2025,09:45:45,49840,49832.05,60,49851.6,90,0,66300
BANKNIFTY-III.NFO,18/02/2025,09:45:46,49840,49840.7,60,49856.65,90,0,66300
BANKNIFTY-III.NFO,18/02/2025,09:45:48,49840,49840.55,60,49856.95,90,0,66300
BANKNIFTY-III.NFO,18/02/2025,09:45:50,49840,49839.65,60,49856.05,90,0,66300
BANKNIFTY-III.NFO,18/02/2025,09:45:51,49840,49838.35,60,49854.4,60,0,66300
BANKNIFTY-III.NFO,18/02/2025,09:45:53,49840,49842.9,90,49860.1,90,0,66300
BANKNIFTY-III.NFO,18/02/2025,09:45:55,49840,49846.8,60,49864.05,90,0,66300
BANKNIFTY-III.NFO,18/02/2025,09:45:56,49840,49839.95,60,49863.5,90,0,66300
BANKNIFTY-III.NFO,18/02/2025,09:45:58,49840,49836.4,90,49854.65,90,0,66300
BANKNIFTY-III.NFO,18/02/2025,09:46:00,49840,49846.15,60,49862.2,90,0,66300
BANKNIFTY-III.NFO,18/02/2025,09:46:01,49840,49850.8,60,49865,30,0,66300
BANKNIFTY-III.NFO,18/02/2025,09:46:03,49840,49846.45,60,49864.95,90,0,66300
BANKNIFTY-III.NFO,18/02/2025,09:46:05,49840,49849.65,90,49864.95,60,0,66300
BANKNIFTY-III.NFO,18/02/2025,09:46:06,49840,49849.9,60,49864.95,60,0,66300
BANKNIFTY-III.NFO,18/02/2025,09:46:10,49840,49847.8,60,49863.6,90,0,66300
BANKNIFTY-III.NFO,18/02/2025,09:46:11,49840,49854.55,60,49865,30,0,66300
BANKNIFTY-III.NFO,18/02/2025,09:46:13,49840,49855.9,60,49865,30,0,66300
BANKNIFTY-III.NFO,18/02/2025,09:46:15,49840,49859.95,60,49865,30,0,66300
BANKNIFTY-III.NFO,18/02/2025,09:46:16,49840,49858.65,60,49865,30,0,66300
BANKNIFTY-III.NFO,18/02/2025,09:46:18,49859.6,49863.15,30,49865,30,30,66240
BANKNIFTY-III.NFO,18/02/2025,09:46:20,49859.6,49864.45,30,49865,30,0,66240
BANKNIFTY-III.NFO,18/02/2025,09:46:21,49865,49862.75,30,49877.05,60,30,66240
BANKNIFTY-III.NFO,18/02/2025,09:46:23,49865,49862.25,30,49877.75,90,0,66240
BANKNIFTY-III.NFO,18/02/2025,09:46:25,49865,49867.45,30,49883.1,90,0,66240
BANKNIFTY-III.NFO,18/02/2025,09:46:26,49868.45,49868.4,150,49886.9,60,30,66240
BANKNIFTY-III.NFO,18/02/2025,09:46:28,49868.45,49873.2,150,49889.7,90,0,66240
BANKNIFTY-III.NFO,18/02/2025,09:46:30,49868.45,49865.9,150,49884.6,90,0,66240
BANKNIFTY-III.NFO,18/02/2025,09:46:31,49868.45,49860,30,49877.75,90,0,66240
BANKNIFTY-III.NFO,18/02/2025,09:46:33,49868.45,49862.05,180,49884.55,60,0,66240
BANKNIFTY-III.NFO,18/02/2025,09:46:35,49868.45,49860,30,49882.6,60,0,66240
BANKNIFTY-III.NFO,18/02/2025,09:46:36,49868.45,49860.95,180,49880.5,90,0,66240
BANKNIFTY-III.NFO,18/02/2025,09:46:38,49868.45,49865.7,150,49881.5,90,0,66240
BANKNIFTY-III.NFO,18/02/2025,09:46:40,49876.35,49860.05,30,49875.25,90,30,66240
BANKNIFTY-III.NFO,18/02/2025,09:46:41,49876.35,49863.05,60,49882.15,90,0,66240
BANKNIFTY-III.NFO,18/02/2025,09:46:43,49876.35,49862.95,30,49879.15,90,0,66240
BANKNIFTY-III.NFO,18/02/2025,09:46:45,49876.35,49860.05,30,49874.4,60,0,66240
BANKNIFTY-III.NFO,18/02/2025,09:46:46,49876.35,49860.05,60,49877.9,60,0,66240
BANKNIFTY-III.NFO,18/02/2025,09:46:48,49876.35,49861,30,49877.4,90,0,66240
BANKNIFTY-III.NFO,18/02/2025,09:46:50,49876.35,49862.1,30,49879.8,90,0,66240
BANKNIFTY-III.NFO,18/02/2025,09:46:51,49876.35,49860.05,30,49877.1,60,0,66240
BANKNIFTY-III.NFO,18/02/2025,09:46:53,49876.35,49858.9,30,49877.25,90,0,66240
BANKNIFTY-III.NFO,18/02/2025,09:46:55,49876.35,49861.9,60,49877.95,90,0,66240
BANKNIFTY-III.NFO,18/02/2025,09:46:56,49876.35,49862.05,30,49877.45,90,0,66240
BANKNIFTY-III.NFO,18/02/2025,09:46:58,49876.35,49858.75,30,49876.55,90,0,66240
BANKNIFTY-III.NFO,18/02/2025,09:47:00,49876.35,49851.3,60,49871.1,90,0,66240
BANKNIFTY-III.NFO,18/02/2025,09:47:01,49876.35,49846.6,60,49864.9,90,0,66240
BANKNIFTY-III.NFO,18/02/2025,09:47:03,49876.35,49846.8,60,49863.5,60,0,66240
BANKNIFTY-III.NFO,18/02/2025,09:47:05,49876.35,49848.75,30,49864.65,60,0,66240
BANKNIFTY-III.NFO,18/02/2025,09:47:06,49876.35,49853.3,30,49869.2,90,0,66240
BANKNIFTY-III.NFO,18/02/2025,09:47:08,49850.6,49847.5,150,49865.7,90,30,66240
BANKNIFTY-III.NFO,18/02/2025,09:47:09,49850.6,49840,90,49856.9,90,0,66240
BANKNIFTY-III.NFO,18/02/2025,09:47:11,49850.6,49840,90,49855.4,60,0,66240
BANKNIFTY-III.NFO,18/02/2025,09:47:13,49850.6,49840,60,49854.35,60,0,66240
BANKNIFTY-III.NFO,18/02/2025,09:47:14,49850.6,49840,60,49855.15,90,0,66240
BANKNIFTY-III.NFO,18/02/2025,09:47:16,49850.6,49841.65,180,49857.15,60,0,66240
BANKNIFTY-III.NFO,18/02/2025,09:47:18,49850.6,49845.1,180,49862.65,90,0,66240
BANKNIFTY-III.NFO,18/02/2025,09:47:19,49850.6,49847.15,150,49862.45,90,0,66240
BANKNIFTY-III.NFO,18/02/2025,09:47:21,49850.6,49849.2,180,49867.5,60,0,66240
BANKNIFTY-III.NFO,18/02/2025,09:47:23,49850.6,49846.25,150,49863.05,90,0,66240
BANKNIFTY-III.NFO,18/02/2025,09:47:24,49850,49845.4,180,49865.1,60,30,66240
BANKNIFTY-III.NFO,18/02/2025,09:47:26,49850,49847.3,150,49864.6,90,0,66240
BANKNIFTY-III.NFO,18/02/2025,09:47:28,49850,49845.65,150,49861.85,90,0,66240
BANKNIFTY-III.NFO,18/02/2025,09:47:29,49850,49843.85,150,49859.75,90,0,66240
BANKNIFTY-III.NFO,18/02/2025,09:47:31,49850,49840.95,150,49856.1,90,0,66240
BANKNIFTY-III.NFO,18/02/2025,09:47:33,49850,49841.2,150,49856.1,90,0,66240
BANKNIFTY-III.NFO,18/02/2025,09:47:34,49850,49840,60,49851.15,60,0,66240
BANKNIFTY-III.NFO,18/02/2025,09:47:36,49850,49840,60,49844.45,60,0,66240
BANKNIFTY-III.NFO,18/02/2025,09:47:38,49850,49840,60,49845.6,60,0,66240
BANKNIFTY-III.NFO,18/02/2025,09:47:40,49850,49840,60,49846.05,60,0,66240
BANKNIFTY-III.NFO,18/02/2025,09:47:41,49850,49840,60,49849.5,60,0,66240
BANKNIFTY-III.NFO,18/02/2025,09:47:43,49850,49840,60,49852.2,60,0,66240
BANKNIFTY-III.NFO,18/02/2025,09:47:45,49850,49840,60,49849.8,60,0,66240
BANKNIFTY-III.NFO,18/02/2025,09:47:46,49850,49840,60,49847.35,60,0,66240
BANKNIFTY-III.NFO,18/02/2025,09:47:48,49850,49840,60,49853.7,60,0,66240
BANKNIFTY-III.NFO,18/02/2025,09:47:50,49850,49841.4,30,49857.25,60,0,66240
BANKNIFTY-III.NFO,18/02/2025,09:47:51,49850,49842.65,180,49859.9,90,0,66240
BANKNIFTY-III.NFO,18/02/2025,09:47:53,49850,49841,180,49858.1,60,0,66240
BANKNIFTY-III.NFO,18/02/2025,09:47:55,49850,49842.75,180,49859.2,60,0,66240
BANKNIFTY-III.NFO,18/02/2025,09:47:56,49850,49848,150,49863.6,60,0,66240
BANKNIFTY-III.NFO,18/02/2025,09:47:58,49850,49849.95,150,49865.35,60,0,66240
BANKNIFTY-III.NFO,18/02/2025,09:48:00,49850,49854.7,150,49870.55,90,0,66240
BANKNIFTY-III.NFO,18/02/2025,09:48:01,49850,49857.05,150,49872.5,90,0,66240
BANKNIFTY-III.NFO,18/02/2025,09:48:03,49850,49855.2,30,49875.45,60,0,66240
BANKNIFTY-III.NFO,18/02/2025,09:48:05,49850,49856.2,150,49871.9,90,0,66240
BANKNIFTY-III.NFO,18/02/2025,09:48:06,49850,49856.1,150,49873.55,240,0,66240
BANKNIFTY-III.NFO,18/02/2025,09:48:08,49850,49853.4,180,49871.3,90,0,66240
BANKNIFTY-III.NFO,18/02/2025,09:48:09,49850,49846.8,150,49864,90,0,66240
BANKNIFTY-III.NFO,18/02/2025,09:48:11,49850,49847.5,150,49866.2,90,0,66240
BANKNIFTY-III.NFO,18/02/2025,09:48:13,49850,49857.35,150,49872.65,60,0,66240
BANKNIFTY-III.NFO,18/02/2025,09:48:14,49850,49858,150,49873.75,90,0,66240
BANKNIFTY-III.NFO,18/02/2025,09:48:16,49850,49861.6,180,49881.85,90,0,66240
BANKNIFTY-III.NFO,18/02/2025,09:48:18,49850,49863.15,150,49877.8,60,0,66240
BANKNIFTY-III.NFO,18/02/2025,09:48:19,49850,49857.35,30,49878.6,90,0,66240
BANKNIFTY-III.NFO,18/02/2025,09:48:21,49850,49859.95,150,49875.95,60,0,66240
BANKNIFTY-III.NFO,18/02/2025,09:48:23,49850,49861.65,180,49878.1,60,0,66240
BANKNIFTY-III.NFO,18/02/2025,09:48:24,49850,49858.85,150,49874.85,90,0,66240
BANKNIFTY-III.NFO,18/02/2025,09:48:26,49850,49860.3,150,49877.15,90,0,66240
BANKNIFTY-III.NFO,18/02/2025,09:48:28,49850,49858.85,30,49878.8,90,0,66240
BANKNIFTY-III.NFO,18/02/2025,09:48:29,49850,49857.9,180,49875.55,90,0,66240
BANKNIFTY-III.NFO,18/02/2025,09:48:31,49850,49860.6,180,49879.6,60,0,66240
BANKNIFTY-III.NFO,18/02/2025,09:48:33,49850,49861.9,150,49878.15,90,0,66240
BANKNIFTY-III.NFO,18/02/2025,09:48:34,49850,49859.1,150,49875.2,90,0,66240
BANKNIFTY-III.NFO,18/02/2025,09:48:36,49850,49855.35,150,49871.45,90,0,66240
BANKNIFTY-III.NFO,18/02/2025,09:48:38,49850,49862.45,150,49876.65,60,0,66240
BANKNIFTY-III.NFO,18/02/2025,09:48:39,49850,49863.4,150,49878.45,60,0,66240
BANKNIFTY-III.NFO,18/02/2025,09:48:41,49850,49859.8,150,49875.05,90,0,66240
BANKNIFTY-III.NFO,18/02/2025,09:48:43,49850,49856.15,150,49872.2,90,0,66240
BANKNIFTY-III.NFO,18/02/2025,09:48:44,49850,49859.9,150,49875.6,90,0,66240
BANKNIFTY-III.NFO,18/02/2025,09:48:46,49850,49860.25,180,49875.7,60,0,66240
BANKNIFTY-III.NFO,18/02/2025,09:48:48,49850,49866.1,150,49880.55,60,0,66240
BANKNIFTY-III.NFO,18/02/2025,09:48:49,49850,49863.9,150,49880.05,90,0,66240
BANKNIFTY-III.NFO,18/02/2025,09:48:51,49850,49867.95,30,49886.55,90,0,66240
BANKNIFTY-III.NFO,18/02/2025,09:48:53,49850,49863,180,49882.3,60,0,66240
BANKNIFTY-III.NFO,18/02/2025,09:48:54,49850,49865.8,150,49881.4,90,0,66240
BANKNIFTY-III.NFO,18/02/2025,09:48:56,49850,49859.35,180,49878.75,60,0,66240
BANKNIFTY-III.NFO,18/02/2025,09:48:58,49850,49863.6,150,49880.6,60,0,66240
BANKNIFTY-III.NFO,18/02/2025,09:48:59,49850,49854.85,150,49870.9,90,0,66240
BANKNIFTY-III.NFO,18/02/2025,09:49:01,49850,49847.35,180,49866.2,90,0,66240
BANKNIFTY-III.NFO,18/02/2025,09:49:03,49850,49847.15,180,49864,60,0,66240
BANKNIFTY-III.NFO,18/02/2025,09:49:04,49850,49850.05,180,49871.85,60,0,66240
BANKNIFTY-III.NFO,18/02/2025,09:49:06,49850,49861.2,180,49879.45,60,0,66240
BANKNIFTY-III.NFO,18/02/2025,09:49:08,49850,49861.05,150,49876.7,90,0,66240
BANKNIFTY-III.NFO,18/02/2025,09:49:09,49850,49851.55,150,49874.4,90,0,66240
BANKNIFTY-III.NFO,18/02/2025,09:49:11,49850,49849.2,150,49865.6,90,0,66240
BANKNIFTY-III.NFO,18/02/2025,09:49:13,49850,49852.45,150,49868.2,90,0,66240
BANKNIFTY-III.NFO,18/02/2025,09:49:14,49850,49855.5,150,49873.15,60,0,66240
BANKNIFTY-III.NFO,18/02/2025,09:49:16,49850,49856.45,150,49876.25,90,0,66240
BANKNIFTY-III.NFO,18/02/2025,09:49:18,49850,49855.45,150,49871.1,90,0,66240
BANKNIFTY-III.NFO,18/02/2025,09:49:19,49850,49853.4,150,49869.85,90,0,66240
BANKNIFTY-III.NFO,18/02/2025,09:49:21,49850,49854.15,150,49869.9,60,0,66240
BANKNIFTY-III.NFO,18/02/2025,09:49:23,49850,49853.9,150,49869.2,90,0,66240
BANKNIFTY-III.NFO,18/02/2025,09:49:24,49850,49854.05,150,49869.75,90,0,66240
BANKNIFTY-III.NFO,18/02/2025,09:49:26,49850,49850.25,150,49867.1,90,0,66240
BANKNIFTY-III.NFO,18/02/2025,09:49:28,49850,49848.25,150,49864.7,90,0,66240
BANKNIFTY-III.NFO,18/02/2025,09:49:29,49850,49848.25,150,49863.35,90,0,66240
BANKNIFTY-III.NFO,18/02/2025,09:49:31,49850,49846.75,180,49864.15,90,0,66240
BANKNIFTY-III.NFO,18/02/2025,09:49:33,49850,49847.1,150,49862.45,60,0,66240
BANKNIFTY-III.NFO,18/02/2025,09:49:34,49850,49850.2,150,49867.1,90,0,66240
BANKNIFTY-III.NFO,18/02/2025,09:49:36,49850,49851.2,150,49866.6,60,0,66240
BANKNIFTY-III.NFO,18/02/2025,09:49:38,49850,49845.2,180,49862.95,90,0,66240
BANKNIFTY-III.NFO,18/02/2025,09:49:39,49850,49845.75,150,49861.3,90,0,66240
BANKNIFTY-III.NFO,18/02/2025,09:49:41,49850,49845.7,150,49861.3,90,0,66240
BANKNIFTY-III.NFO,18/02/2025,09:49:43,49850,49849.35,150,49866.55,90,0,66240
BANKNIFTY-III.NFO,18/02/2025,09:49:44,49850,49850.4,150,49865.3,60,0,66240
BANKNIFTY-III.NFO,18/02/2025,09:49:46,49850,49853.05,150,49868.3,60,0,66240
BANKNIFTY-III.NFO,18/02/2025,09:49:48,49850,49855.4,150,49871.95,90,0,66240
BANKNIFTY-III.NFO,18/02/2025,09:49:49,49850,49855.8,150,49872.1,90,0,66240
BANKNIFTY-III.NFO,18/02/2025,09:49:51,49850,49856,150,49865,30,0,66240
BANKNIFTY-III.NFO,18/02/2025,09:49:53,49850,49855.25,150,49865,30,0,66240
BANKNIFTY-III.NFO,18/02/2025,09:49:54,49850,49856.35,150,49865,30,0,66240
BANKNIFTY-III.NFO,18/02/2025,09:49:56,49865,49854.65,60,49876.15,90,30,66210
BANKNIFTY-III.NFO,18/02/2025,09:49:58,49865,49857.5,150,49872.5,90,0,66210
BANKNIFTY-III.NFO,18/02/2025,09:50:00,49865,49862.55,150,49878.25,90,0,66210
BANKNIFTY-III.NFO,18/02/2025,09:50:01,49865,49865.65,150,49882.15,90,0,66210
BANKNIFTY-III.NFO,18/02/2025,09:50:03,49865,49864.25,150,49880.35,90,0,66210
BANKNIFTY-III.NFO,18/02/2025,09:50:04,49865,49857.8,150,49874.2,90,0,66210
BANKNIFTY-III.NFO,18/02/2025,09:50:06,49865,49850.85,180,49868.1,60,0,66210
BANKNIFTY-III.NFO,18/02/2025,09:50:08,49865,49857.5,180,49876.2,90,0,66210
BANKNIFTY-III.NFO,18/02/2025,09:50:09,49865,49862,180,49877.7,60,0,66210
BANKNIFTY-III.NFO,18/02/2025,09:50:11,49865,49863.1,150,49878.65,60,0,66210
BANKNIFTY-III.NFO,18/02/2025,09:50:13,49865,49855.15,180,49874,90,0,66210
BANKNIFTY-III.NFO,18/02/2025,09:50:14,49865,49855.05,150,49871.25,60,0,66210
BANKNIFTY-III.NFO,18/02/2025,09:50:16,49865,49853.3,150,49869.4,90,0,66210
BANKNIFTY-III.NFO,18/02/2025,09:50:18,49865,49854.3,180,49868.5,60,0,66210
BANKNIFTY-III.NFO,18/02/2025,09:50:19,49865,49862.7,180,49880.85,90,0,66210
BANKNIFTY-III.NFO,18/02/2025,09:50:21,49865,49868.55,180,49884.95,60,0,66210
BANKNIFTY-III.NFO,18/02/2025,09:50:23,49865,49876.9,150,49885,30,0,66210
BANKNIFTY-III.NFO,18/02/2025,09:50:24,49865,49882.05,150,49885,30,0,66210
BANKNIFTY-III.NFO,18/02/2025,09:50:26,49865,49882.25,150,49885,30,0,66210
BANKNIFTY-III.NFO,18/02/2025,09:50:28,49885,49891.75,120,49900,210,30,66210
BANKNIFTY-III.NFO,18/02/2025,09:50:29,49885,49887.25,30,49900,210,0,66210
BANKNIFTY-III.NFO,18/02/2025,09:50:31,49885,49897.25,120,49900,210,0,66210
BANKNIFTY-III.NFO,18/02/2025,09:50:33,49900,49908.7,120,49910,30,210,66210
BANKNIFTY-III.NFO,18/02/2025,09:50:34,49900,49900.3,120,49910,30,0,66210
BANKNIFTY-III.NFO,18/02/2025,09:50:36,49900,49892.3,120,49909.95,90,0,66210
