Ticker,Date,Time,LTP,BuyPrice,BuyQty,SellPrice,SellQty,LTQ,OpenInterest
BANKNIFTY-I.NFO,18/02/2025,09:15:00,49460,49398.25,120,49459.95,1410,1290,3073830
BANKNIFTY-I.NFO,18/02/2025,09:15:00,49460,49398.25,120,49459.95,1410,0,3073830
BANKNIFTY-I.NFO,18/02/2025,09:15:00,49460,49398.25,120,49459.95,1410,0,3073830
BANKNIFTY-I.NFO,18/02/2025,09:15:00,49266.25,49398.25,120,49459.95,1410,0,3073830
BANKNIFTY-I.NFO,18/02/2025,09:15:01,49401,49402.55,60,49429.95,60,2070,3073830
BANKNIFTY-I.NFO,18/02/2025,09:15:03,49415.75,49415.75,90,49445.7,60,930,3073830
BANKNIFTY-I.NFO,18/02/2025,09:15:04,49445.35,49421.4,90,49446.6,180,300,3073830
BANKNIFTY-I.NFO,18/02/2025,09:15:06,49441,49411.25,30,49441,60,1140,3073830
BANKNIFTY-I.NFO,18/02/2025,09:15:07,49439.95,49415.95,300,49439.95,120,300,3073830
BANKNIFTY-I.NFO,18/02/2025,09:15:09,49435.45,49410.05,120,49430.95,90,360,3073830
BANKNIFTY-I.NFO,18/02/2025,09:15:11,49429.35,49412.2,150,49433.55,300,810,3073830
BANKNIFTY-I.NFO,18/02/2025,09:15:12,49434.55,49409.95,150,49433.7,210,1140,3073830
BANKNIFTY-I.NFO,18/02/2025,09:15:14,49422.6,49422.6,120,49441,120,210,3073830
BANKNIFTY-I.NFO,18/02/2025,09:15:16,49429.35,49412.6,120,49431.75,30,150,3073830
BANKNIFTY-I.NFO,18/02/2025,09:15:17,49409.15,49409.1,240,49431,150,450,3073830
BANKNIFTY-I.NFO,18/02/2025,09:15:19,49400,49390,30,49407.25,120,1290,3073830
BANKNIFTY-I.NFO,18/02/2025,09:15:20,49411.35,49396.1,150,49412.45,60,1110,3073830
BANKNIFTY-I.NFO,18/02/2025,09:15:22,49425,49403,60,49411.35,30,120,3073830
BANKNIFTY-I.NFO,18/02/2025,09:15:24,49417,49395.75,60,49416.8,150,150,3073830
BANKNIFTY-I.NFO,18/02/2025,09:15:25,49418.35,49399.15,120,49418.35,120,210,3073830
BANKNIFTY-I.NFO,18/02/2025,09:15:27,49418.3,49403.6,330,49418.3,30,210,3073830
BANKNIFTY-I.NFO,18/02/2025,09:15:29,49417.1,49404,60,49415.7,30,210,3073830
BANKNIFTY-I.NFO,18/02/2025,09:15:30,49404.6,49402.7,180,49422.1,120,180,3073830
BANKNIFTY-I.NFO,18/02/2025,09:15:32,49403,49403,30,49415,180,150,3075330
BANKNIFTY-I.NFO,18/02/2025,09:15:33,49403.85,49400.3,30,49415.7,30,60,3075330
BANKNIFTY-I.NFO,18/02/2025,09:15:35,49414.95,49404.95,60,49424,120,600,3075330
BANKNIFTY-I.NFO,18/02/2025,09:15:37,49425.7,49409.35,120,49425.8,30,390,3075330
BANKNIFTY-I.NFO,18/02/2025,09:15:38,49425.7,49415,30,49427,120,0,3075330
BANKNIFTY-I.NFO,18/02/2025,09:15:40,49412.9,49411.6,330,49432.2,120,210,3075330
BANKNIFTY-I.NFO,18/02/2025,09:15:42,49414.8,49413.95,120,49433.3,150,180,3075330
BANKNIFTY-I.NFO,18/02/2025,09:15:43,49433.55,49413.85,150,49433.55,120,180,3075330
BANKNIFTY-I.NFO,18/02/2025,09:15:45,49431.8,49416.85,180,49436,30,90,3075330
BANKNIFTY-I.NFO,18/02/2025,09:15:46,49435,49425.7,30,49436.05,270,30,3075330
BANKNIFTY-I.NFO,18/02/2025,09:15:48,49436.05,49426.2,150,49436.05,90,390,3075330
BANKNIFTY-I.NFO,18/02/2025,09:15:50,49440,49428.25,180,49440,330,240,3075330
BANKNIFTY-I.NFO,18/02/2025,09:15:51,49440,49427.05,180,49440,270,180,3075330
BANKNIFTY-I.NFO,18/02/2025,09:15:53,49438,49422.9,120,49439.95,90,60,3075330
BANKNIFTY-I.NFO,18/02/2025,09:15:55,49423.8,49417.9,120,49438.05,180,30,3075330
BANKNIFTY-I.NFO,18/02/2025,09:15:56,49440,49424.6,120,49439.95,120,90,3075330
BANKNIFTY-I.NFO,18/02/2025,09:15:58,49431.8,49425.45,90,49440,270,120,3075330
BANKNIFTY-I.NFO,18/02/2025,09:15:59,49440.05,49430.55,120,49445.45,30,300,3075330
BANKNIFTY-I.NFO,18/02/2025,09:16:01,49446.05,49449.55,60,49457.45,30,750,3075330
BANKNIFTY-I.NFO,18/02/2025,09:16:03,49446.05,49444.55,180,49457.45,30,0,3075330
BANKNIFTY-I.NFO,18/02/2025,09:16:04,49457.4,49445.7,60,49457.45,30,900,3075330
BANKNIFTY-I.NFO,18/02/2025,09:16:06,49446.05,49440.1,60,49452.8,150,180,3075330
BANKNIFTY-I.NFO,18/02/2025,09:16:07,49447.7,49436.8,30,49447.1,120,330,3075330
BANKNIFTY-I.NFO,18/02/2025,09:16:09,49440.9,49426.05,30,49442.25,30,540,3075330
BANKNIFTY-I.NFO,18/02/2025,09:16:11,49435.85,49410.6,120,49432.65,60,210,3075330
BANKNIFTY-I.NFO,18/02/2025,09:16:12,49432.65,49410,120,49423.55,60,90,3075330
BANKNIFTY-I.NFO,18/02/2025,09:16:14,49423.55,49410,120,49423.55,30,30,3075330
BANKNIFTY-I.NFO,18/02/2025,09:16:16,49410.05,49410,120,49424.25,120,210,3075330
BANKNIFTY-I.NFO,18/02/2025,09:16:17,49416.05,49413,30,49417.95,150,60,3075330
BANKNIFTY-I.NFO,18/02/2025,09:16:19,49410,49402.5,30,49410.7,90,120,3075330
BANKNIFTY-I.NFO,18/02/2025,09:16:21,49402.5,49401,360,49410,150,150,3075330
BANKNIFTY-I.NFO,18/02/2025,09:16:22,49389,49379.35,30,49395.45,30,1020,3075330
BANKNIFTY-I.NFO,18/02/2025,09:16:24,49378,49366,1200,49375,390,120,3075330
BANKNIFTY-I.NFO,18/02/2025,09:16:25,49375,49368.8,120,49386.1,120,1290,3075330
BANKNIFTY-I.NFO,18/02/2025,09:16:27,49386,49369.75,180,49386,60,120,3075330
BANKNIFTY-I.NFO,18/02/2025,09:16:29,49375.25,49375.05,120,49385.95,30,210,3075330
BANKNIFTY-I.NFO,18/02/2025,09:16:30,49386,49381.9,150,49399.9,120,90,3075330
BANKNIFTY-I.NFO,18/02/2025,09:16:32,49375,49375,90,49387.15,120,90,3075330
BANKNIFTY-I.NFO,18/02/2025,09:16:34,49369.5,49375.1,30,49385,120,120,3075330
BANKNIFTY-I.NFO,18/02/2025,09:16:35,49384.95,49375.1,30,49381.5,120,30,3075330
BANKNIFTY-I.NFO,18/02/2025,09:16:37,49375.1,49366,990,49379.75,120,30,3075330
BANKNIFTY-I.NFO,18/02/2025,09:16:38,49375,49366,990,49380.9,30,270,3075330
BANKNIFTY-I.NFO,18/02/2025,09:16:40,49380.9,49368.35,120,49387.55,60,60,3075330
BANKNIFTY-I.NFO,18/02/2025,09:16:42,49366.05,49366.05,120,49383.05,30,90,3075330
BANKNIFTY-I.NFO,18/02/2025,09:16:43,49366,49366,990,49376.9,30,180,3075330
BANKNIFTY-I.NFO,18/02/2025,09:16:45,49373.7,49369,30,49375,90,1440,3075330
BANKNIFTY-I.NFO,18/02/2025,09:16:46,49373.6,49354.3,60,49373.3,120,1410,3075330
BANKNIFTY-I.NFO,18/02/2025,09:16:48,49351.1,49360,30,49373.25,120,60,3075330
BANKNIFTY-I.NFO,18/02/2025,09:16:50,49360,49351.1,30,49367.4,120,90,3075330
BANKNIFTY-I.NFO,18/02/2025,09:16:51,49366.5,49360,30,49367.4,90,360,3075330
BANKNIFTY-I.NFO,18/02/2025,09:16:53,49347.8,49347.8,120,49363.05,120,300,3075330
BANKNIFTY-I.NFO,18/02/2025,09:16:55,49350.05,49350.1,120,49363,60,150,3075330
BANKNIFTY-I.NFO,18/02/2025,09:16:56,49342.5,49342.5,420,49350,180,60,3075330
BANKNIFTY-I.NFO,18/02/2025,09:16:58,49350,49343.2,90,49350,180,210,3075330
BANKNIFTY-I.NFO,18/02/2025,09:16:59,49350.05,49350.1,30,49363.05,150,330,3075330
BANKNIFTY-I.NFO,18/02/2025,09:17:01,49325,49325.35,30,49330,90,1350,3075330
BANKNIFTY-I.NFO,18/02/2025,09:17:03,49333,49323.5,60,49334,30,630,3075330
BANKNIFTY-I.NFO,18/02/2025,09:17:04,49322.85,49319.5,150,49329.95,120,600,3075330
BANKNIFTY-I.NFO,18/02/2025,09:17:06,49333,49330.95,360,49341,30,390,3075330
BANKNIFTY-I.NFO,18/02/2025,09:17:08,49340,49335.35,150,49350,30,120,3075330
BANKNIFTY-I.NFO,18/02/2025,09:17:09,49350,49334.4,300,49350,30,180,3075330
BANKNIFTY-I.NFO,18/02/2025,09:17:11,49338.2,49334.8,480,49350,90,120,3075330
BANKNIFTY-I.NFO,18/02/2025,09:17:12,49359,49337.75,120,49357.95,60,1110,3075330
BANKNIFTY-I.NFO,18/02/2025,09:17:14,49354.6,49350,30,49354.65,60,780,3075330
BANKNIFTY-I.NFO,18/02/2025,09:17:16,49350,49338.6,120,49354.6,30,60,3075330
BANKNIFTY-I.NFO,18/02/2025,09:17:17,49350.95,49333.45,120,49352.15,30,240,3075330
BANKNIFTY-I.NFO,18/02/2025,09:17:19,49332.3,49340.05,120,49350,60,60,3075330
BANKNIFTY-I.NFO,18/02/2025,09:17:21,49341.15,49341.15,90,49357.3,120,150,3075330
BANKNIFTY-I.NFO,18/02/2025,09:17:22,49340.75,49342.45,30,49350.95,30,60,3075330
BANKNIFTY-I.NFO,18/02/2025,09:17:24,49340,49341.15,30,49349.95,120,570,3075330
BANKNIFTY-I.NFO,18/02/2025,09:17:26,49341.15,49332.35,30,49349.5,120,120,3075330
BANKNIFTY-I.NFO,18/02/2025,09:17:27,49341.15,49332.35,30,49348.9,150,0,3075330
BANKNIFTY-I.NFO,18/02/2025,09:17:29,49331,49341,30,49348.4,120,120,3075330
BANKNIFTY-I.NFO,18/02/2025,09:17:30,49340,49330,90,49341.15,150,180,3075330
BANKNIFTY-I.NFO,18/02/2025,09:17:32,49341.15,49325.45,300,49341.15,60,300,3075330
BANKNIFTY-I.NFO,18/02/2025,09:17:34,49324.1,49326,150,49341.15,90,270,3075330
BANKNIFTY-I.NFO,18/02/2025,09:17:35,49341.05,49322.5,30,49340.95,150,750,3075330
BANKNIFTY-I.NFO,18/02/2025,09:17:37,49341.05,49329,30,49336.75,150,0,3075330
BANKNIFTY-I.NFO,18/02/2025,09:17:39,49329,49325,30,49330,30,60,3075330
BANKNIFTY-I.NFO,18/02/2025,09:17:40,49330,49317,30,49330,240,540,3075330
BANKNIFTY-I.NFO,18/02/2025,09:17:42,49325,49319.2,150,49329.95,30,90,3075330
BANKNIFTY-I.NFO,18/02/2025,09:17:44,49325,49316.15,30,49323.05,180,0,3075330
BANKNIFTY-I.NFO,18/02/2025,09:17:45,49311.8,49309,30,49322.95,120,1200,3075330
BANKNIFTY-I.NFO,18/02/2025,09:17:47,49316.85,49315.7,60,49322.7,120,1050,3075330
BANKNIFTY-I.NFO,18/02/2025,09:17:49,49316.85,49312.9,60,49320.2,120,60,3075330
BANKNIFTY-I.NFO,18/02/2025,09:17:50,49308.7,49305,60,49316.45,120,180,3075330
BANKNIFTY-I.NFO,18/02/2025,09:17:52,49303,49303,30,49316.35,120,180,3075330
BANKNIFTY-I.NFO,18/02/2025,09:17:54,49301.9,49304.45,330,49316.3,90,150,3075330
BANKNIFTY-I.NFO,18/02/2025,09:17:55,49316.3,49310.2,90,49316.3,120,270,3075330
BANKNIFTY-I.NFO,18/02/2025,09:17:57,49303.9,49303.95,90,49321.9,150,420,3075330
BANKNIFTY-I.NFO,18/02/2025,09:17:59,49302.1,49301.35,30,49319.95,120,1050,3075330
BANKNIFTY-I.NFO,18/02/2025,09:18:00,49316.3,49301.05,120,49316.6,150,300,3075330
BANKNIFTY-I.NFO,18/02/2025,09:18:02,49319.9,49300.45,120,49316.55,90,240,3075330
BANKNIFTY-I.NFO,18/02/2025,09:18:04,49301.95,49301.9,30,49316.5,120,480,3075330
BANKNIFTY-I.NFO,18/02/2025,09:18:05,49300,49300,420,49315.25,120,540,3075330
BANKNIFTY-I.NFO,18/02/2025,09:18:07,49306.4,49305.75,90,49315.25,120,150,3075330
BANKNIFTY-I.NFO,18/02/2025,09:18:09,49308.35,49307.1,300,49315.25,120,330,3075330
BANKNIFTY-I.NFO,18/02/2025,09:18:10,49319.95,49308.85,120,49327.7,150,330,3075330
BANKNIFTY-I.NFO,18/02/2025,09:18:12,49305.1,49309.2,30,49324.4,120,480,3075330
BANKNIFTY-I.NFO,18/02/2025,09:18:14,49324.3,49309.25,60,49324.3,120,90,3075330
BANKNIFTY-I.NFO,18/02/2025,09:18:15,49315,49317.75,390,49324.3,90,90,3075330
BANKNIFTY-I.NFO,18/02/2025,09:18:17,49332,49318.45,360,49332,90,180,3075330
BANKNIFTY-I.NFO,18/02/2025,09:18:19,49326.65,49324.3,600,49331.95,180,240,3075330
BANKNIFTY-I.NFO,18/02/2025,09:18:20,49324.3,49324.3,390,49329.35,300,210,3075330
BANKNIFTY-I.NFO,18/02/2025,09:18:22,49326.65,49315,30,49328.15,120,750,3075330
BANKNIFTY-I.NFO,18/02/2025,09:18:24,49305.05,49305.05,480,49317.45,210,990,3075330
BANKNIFTY-I.NFO,18/02/2025,09:18:25,49315.95,49301,60,49314.85,90,720,3075330
BANKNIFTY-I.NFO,18/02/2025,09:18:27,49315.65,49301.05,150,49315.7,30,150,3075330
BANKNIFTY-I.NFO,18/02/2025,09:18:29,49301.2,49305,30,49315.7,150,270,3075330
BANKNIFTY-I.NFO,18/02/2025,09:18:30,49305,49301,30,49312.05,120,60,3075330
BANKNIFTY-I.NFO,18/02/2025,09:18:32,49305,49305,30,49309.4,120,0,3075330
BANKNIFTY-I.NFO,18/02/2025,09:18:34,49309.25,49305,30,49309.25,120,60,3084450
BANKNIFTY-I.NFO,18/02/2025,09:18:35,49305,49301,30,49309.15,120,30,3084450
BANKNIFTY-I.NFO,18/02/2025,09:18:37,49301,49301,30,49309.1,120,60,3084450
BANKNIFTY-I.NFO,18/02/2025,09:18:39,49309,49301,30,49309.05,60,90,3084450
BANKNIFTY-I.NFO,18/02/2025,09:18:40,49305,49305,900,49309,30,1020,3084450
BANKNIFTY-I.NFO,18/02/2025,09:18:42,49308.95,49300,330,49307.45,120,1020,3084450
BANKNIFTY-I.NFO,18/02/2025,09:18:44,49300,49300,60,49307.45,60,360,3084450
BANKNIFTY-I.NFO,18/02/2025,09:18:45,49300,49300,30,49305,30,30,3084450
BANKNIFTY-I.NFO,18/02/2025,09:18:47,49301.2,49300,120,49305,150,30,3084450
BANKNIFTY-I.NFO,18/02/2025,09:18:49,49308.9,49305.05,60,49319.95,120,390,3084450
BANKNIFTY-I.NFO,18/02/2025,09:18:50,49315.6,49305,360,49316.7,90,180,3084450
BANKNIFTY-I.NFO,18/02/2025,09:18:52,49312.65,49305.05,30,49313.5,60,90,3084450
BANKNIFTY-I.NFO,18/02/2025,09:18:54,49307.6,49301.05,30,49301.35,30,480,3084450
BANKNIFTY-I.NFO,18/02/2025,09:18:55,49301.35,49301.05,30,49301.35,150,30,3084450
BANKNIFTY-I.NFO,18/02/2025,09:18:57,49301.05,49300,120,49301.3,90,90,3084450
BANKNIFTY-I.NFO,18/02/2025,09:18:59,49301.3,49290,30,49301.35,30,840,3084450
BANKNIFTY-I.NFO,18/02/2025,09:19:00,49290,49290.15,30,49295.7,90,330,3084450
BANKNIFTY-I.NFO,18/02/2025,09:19:02,49275,49279.8,30,49295.9,30,1740,3084450
BANKNIFTY-I.NFO,18/02/2025,09:19:04,49295.9,49279.5,30,49298.6,240,300,3084450
BANKNIFTY-I.NFO,18/02/2025,09:19:05,49280,49276.35,420,49293.85,30,420,3084450
BANKNIFTY-I.NFO,18/02/2025,09:19:07,49293,49293,90,49293.85,30,210,3084450
BANKNIFTY-I.NFO,18/02/2025,09:19:09,49293,49290.1,60,49293.8,120,120,3084450
BANKNIFTY-I.NFO,18/02/2025,09:19:10,49290,49280,60,49293,120,1080,3084450
BANKNIFTY-I.NFO,18/02/2025,09:19:12,49295.55,49281.5,450,49299.95,90,210,3084450
BANKNIFTY-I.NFO,18/02/2025,09:19:14,49299.95,49285.8,150,49300,480,180,3084450
BANKNIFTY-I.NFO,18/02/2025,09:19:15,49300,49295,30,49300,360,180,3084450
BANKNIFTY-I.NFO,18/02/2025,09:19:17,49300,49291.25,120,49306.65,30,810,3084450
BANKNIFTY-I.NFO,18/02/2025,09:19:19,49306.6,49290.1,30,49303.25,120,360,3084450
BANKNIFTY-I.NFO,18/02/2025,09:19:20,49306.6,49290.1,60,49299.45,120,0,3084450
BANKNIFTY-I.NFO,18/02/2025,09:19:22,49282,49276.9,120,49294.1,120,420,3084450
BANKNIFTY-I.NFO,18/02/2025,09:19:24,49294.1,49286.8,90,49300,180,60,3084450
BANKNIFTY-I.NFO,18/02/2025,09:19:25,49300,49303.35,240,49306.6,60,210,3084450
BANKNIFTY-I.NFO,18/02/2025,09:19:27,49303.95,49294.1,600,49304.15,90,450,3084450
BANKNIFTY-I.NFO,18/02/2025,09:19:29,49290,49280.05,30,49289.05,180,690,3084450
BANKNIFTY-I.NFO,18/02/2025,09:19:30,49290.85,49280.05,30,49292.7,30,90,3084450
BANKNIFTY-I.NFO,18/02/2025,09:19:32,49280,49275,30,49288.1,30,480,3084450
BANKNIFTY-I.NFO,18/02/2025,09:19:34,49290,49282.35,150,49300.85,30,90,3084450
BANKNIFTY-I.NFO,18/02/2025,09:19:35,49283.2,49283.9,150,49300.8,30,210,3084450
BANKNIFTY-I.NFO,18/02/2025,09:19:37,49283.2,49283.65,120,49300.1,30,0,3084450
BANKNIFTY-I.NFO,18/02/2025,09:19:39,49300,49280.7,120,49299.55,30,90,3084450
BANKNIFTY-I.NFO,18/02/2025,09:19:40,49300,49285,120,49299.55,90,0,3084450
BANKNIFTY-I.NFO,18/02/2025,09:19:42,49285.3,49283.45,120,49299.55,90,60,3084450
BANKNIFTY-I.NFO,18/02/2025,09:19:44,49283.25,49283.2,30,49295,30,180,3084450
BANKNIFTY-I.NFO,18/02/2025,09:19:45,49293.6,49283.2,30,49293.15,30,60,3084450
BANKNIFTY-I.NFO,18/02/2025,09:19:47,49283.2,49282,30,49284.4,30,30,3084450
BANKNIFTY-I.NFO,18/02/2025,09:19:48,49284.4,49283.25,30,49284.4,180,30,3084450
BANKNIFTY-I.NFO,18/02/2025,09:19:50,49284.35,49283.25,150,49284.35,60,180,3084450
BANKNIFTY-I.NFO,18/02/2025,09:19:52,49284.35,49283.25,120,49284.35,120,90,3084450
BANKNIFTY-I.NFO,18/02/2025,09:19:54,49285,49283.25,60,49286.3,60,360,3084450
BANKNIFTY-I.NFO,18/02/2025,09:19:55,49283.25,49283.25,30,49285.8,60,90,3084450
BANKNIFTY-I.NFO,18/02/2025,09:19:57,49283,49280,30,49282.8,60,270,3084450
BANKNIFTY-I.NFO,18/02/2025,09:19:59,49281,49280,30,49282.8,90,30,3084450
BANKNIFTY-I.NFO,18/02/2025,09:20:00,49280,49275.05,900,49281.7,150,120,3084450
BANKNIFTY-I.NFO,18/02/2025,09:20:02,49275.05,49275,30,49281.7,90,930,3084450
BANKNIFTY-I.NFO,18/02/2025,09:20:04,49270.2,49270.05,30,49280,30,210,3084450
BANKNIFTY-I.NFO,18/02/2025,09:20:05,49280,49270,1200,49279.95,30,60,3084450
BANKNIFTY-I.NFO,18/02/2025,09:20:07,49270,49267,300,49269.65,60,1260,3084450
BANKNIFTY-I.NFO,18/02/2025,09:20:09,49260,49260,120,49263.25,60,3150,3084450
BANKNIFTY-I.NFO,18/02/2025,09:20:09,49260,49260,120,49263.25,60,0,3084450
BANKNIFTY-I.NFO,18/02/2025,09:20:10,49255,49255,30,49261.7,60,450,3084450
BANKNIFTY-I.NFO,18/02/2025,09:20:10,49255,49255,30,49261.7,60,0,3084450
BANKNIFTY-I.NFO,18/02/2025,09:20:12,49255,49253,1020,49259.9,30,210,3084450
BANKNIFTY-I.NFO,18/02/2025,09:20:14,49263.55,49253,840,49263.95,60,330,3084450
BANKNIFTY-I.NFO,18/02/2025,09:20:14,49253,49253,840,49263.95,60,0,3084450
BANKNIFTY-I.NFO,18/02/2025,09:20:15,49252,49252,90,49263.95,30,1200,3084450
BANKNIFTY-I.NFO,18/02/2025,09:20:15,49252,49252,90,49263.95,30,0,3084450
BANKNIFTY-I.NFO,18/02/2025,09:20:17,49263.5,49259.85,30,49263.95,30,150,3084450
BANKNIFTY-I.NFO,18/02/2025,09:20:19,49260,49255.05,120,49263.9,60,330,3084450
BANKNIFTY-I.NFO,18/02/2025,09:20:20,49253.05,49253,30,49263.85,60,240,3084450
BANKNIFTY-I.NFO,18/02/2025,09:20:22,49252.05,49260.25,30,49263.8,90,90,3084450
BANKNIFTY-I.NFO,18/02/2025,09:20:24,49263.8,49258.1,90,49270.9,30,150,3084450
BANKNIFTY-I.NFO,18/02/2025,09:20:25,49262.15,49261.9,90,49269,30,60,3084450
BANKNIFTY-I.NFO,18/02/2025,09:20:27,49269,49267.9,90,49280,90,450,3084450
BANKNIFTY-I.NFO,18/02/2025,09:20:28,49265,49263.95,30,49269.9,240,90,3084450
BANKNIFTY-I.NFO,18/02/2025,09:20:30,49262.05,49253,60,49260.95,240,120,3084450
BANKNIFTY-I.NFO,18/02/2025,09:20:32,49258.2,49251.5,60,49254.7,150,510,3084450
BANKNIFTY-I.NFO,18/02/2025,09:20:32,49251.5,49251.5,60,49254.7,150,0,3084450
BANKNIFTY-I.NFO,18/02/2025,09:20:33,49254.7,49251,120,49254.7,30,210,3084450
BANKNIFTY-I.NFO,18/02/2025,09:20:33,49251,49251,120,49254.7,30,0,3084450
BANKNIFTY-I.NFO,18/02/2025,09:20:35,49265.4,49250.2,270,49265.6,240,270,3084450
BANKNIFTY-I.NFO,18/02/2025,09:20:35,49250.5,49250.2,270,49265.6,240,0,3084450
BANKNIFTY-I.NFO,18/02/2025,09:20:37,49250,49250,600,49259.8,60,1260,3084450
BANKNIFTY-I.NFO,18/02/2025,09:20:37,49250,49250,600,49259.8,60,0,3084450
BANKNIFTY-I.NFO,18/02/2025,09:20:38,49254.7,49250,630,49258,60,120,3084450
BANKNIFTY-I.NFO,18/02/2025,09:20:40,49250,49250,510,49258,30,270,3084450
BANKNIFTY-I.NFO,18/02/2025,09:20:42,49258,49250,540,49254.7,30,30,3084450
BANKNIFTY-I.NFO,18/02/2025,09:20:43,49257.95,49257.95,90,49266.65,30,120,3084450
BANKNIFTY-I.NFO,18/02/2025,09:20:45,49270.75,49254.65,120,49272.95,270,330,3084450
BANKNIFTY-I.NFO,18/02/2025,09:20:47,49271.85,49266.65,900,49271.85,60,90,3084450
BANKNIFTY-I.NFO,18/02/2025,09:20:48,49266.65,49260.35,150,49266.4,60,960,3084450
BANKNIFTY-I.NFO,18/02/2025,09:20:50,49265.35,49265.35,60,49266.4,30,210,3084450
BANKNIFTY-I.NFO,18/02/2025,09:20:52,49258.45,49255,60,49257.3,60,630,3084450
BANKNIFTY-I.NFO,18/02/2025,09:20:53,49259.7,49255,30,49259.2,90,90,3084450
BANKNIFTY-I.NFO,18/02/2025,09:20:55,49264.65,49252,60,49263.3,60,360,3084450
BANKNIFTY-I.NFO,18/02/2025,09:20:57,49258.45,49252,60,49262.15,240,60,3084450
BANKNIFTY-I.NFO,18/02/2025,09:20:58,49251.05,49251,300,49263.9,30,120,3084450
BANKNIFTY-I.NFO,18/02/2025,09:21:00,49244,49240.1,30,49248.85,60,1140,3084450
BANKNIFTY-I.NFO,18/02/2025,09:21:00,49244,49240.1,30,49248.85,60,0,3084450
BANKNIFTY-I.NFO,18/02/2025,09:21:02,49250.2,49240.1,30,49248.3,60,510,3084450
BANKNIFTY-I.NFO,18/02/2025,09:21:03,49250.2,49244,60,49248.3,90,0,3084450
BANKNIFTY-I.NFO,18/02/2025,09:21:05,49222,49222,690,49238.65,90,1410,3084450
BANKNIFTY-I.NFO,18/02/2025,09:21:05,49222,49222,690,49238.65,90,0,3084450
BANKNIFTY-I.NFO,18/02/2025,09:21:07,49222.35,49222.05,30,49237.8,300,300,3084450
BANKNIFTY-I.NFO,18/02/2025,09:21:08,49236.8,49230.4,120,49235.75,120,150,3084450
BANKNIFTY-I.NFO,18/02/2025,09:21:10,49230,49224,330,49237.9,30,1020,3084450
BANKNIFTY-I.NFO,18/02/2025,09:21:12,49237.85,49224.9,60,49237.9,30,450,3084450
BANKNIFTY-I.NFO,18/02/2025,09:21:13,49231.05,49231.25,90,49249.65,60,150,3084450
BANKNIFTY-I.NFO,18/02/2025,09:21:15,49239.05,49239.05,30,49250,30,60,3084450
BANKNIFTY-I.NFO,18/02/2025,09:21:17,49250,49237.9,30,49246.95,30,60,3084450
BANKNIFTY-I.NFO,18/02/2025,09:21:18,49230.6,49230.45,30,49238.1,30,270,3084450
BANKNIFTY-I.NFO,18/02/2025,09:21:20,49260,49260,1320,49262.3,90,3960,3084450
BANKNIFTY-I.NFO,18/02/2025,09:21:22,49260,49260,1230,49261.9,120,90,3084450
BANKNIFTY-I.NFO,18/02/2025,09:21:23,49255,49238,240,49255.45,120,1500,3084450
BANKNIFTY-I.NFO,18/02/2025,09:21:25,49259.7,49250,120,49258.6,90,60,3084450
BANKNIFTY-I.NFO,18/02/2025,09:21:27,49250,49250,60,49258.2,30,60,3084450
BANKNIFTY-I.NFO,18/02/2025,09:21:28,49255.25,49238.2,270,49255.8,30,90,3084450
BANKNIFTY-I.NFO,18/02/2025,09:21:30,49244.1,49241.8,300,49258,30,270,3084450
BANKNIFTY-I.NFO,18/02/2025,09:21:32,49245.7,49252,30,49258,30,60,3084450
BANKNIFTY-I.NFO,18/02/2025,09:21:33,49246.7,49248.4,180,49259.95,30,150,3082680
BANKNIFTY-I.NFO,18/02/2025,09:21:35,49254.5,49254.5,150,49270,60,180,3082680
BANKNIFTY-I.NFO,18/02/2025,09:21:37,49269.7,49251.9,150,49269.7,240,60,3082680
BANKNIFTY-I.NFO,18/02/2025,09:21:38,49259.95,49258,60,49266.75,240,90,3082680
BANKNIFTY-I.NFO,18/02/2025,09:21:40,49259.95,49258,90,49264.5,30,0,3082680
BANKNIFTY-I.NFO,18/02/2025,09:21:42,49260,49258,90,49267.05,240,30,3082680
BANKNIFTY-I.NFO,18/02/2025,09:21:43,49259.95,49259.95,360,49265.25,30,570,3082680
BANKNIFTY-I.NFO,18/02/2025,09:21:45,49265.3,49259.95,390,49269.95,30,90,3082680
BANKNIFTY-I.NFO,18/02/2025,09:21:47,49274.7,49260,120,49274.8,240,150,3082680
BANKNIFTY-I.NFO,18/02/2025,09:21:48,49274.7,49265,300,49270.05,30,30,3082680
BANKNIFTY-I.NFO,18/02/2025,09:21:50,49265.05,49265,300,49273.15,30,60,3082680
BANKNIFTY-I.NFO,18/02/2025,09:21:52,49265.9,49259.95,60,49266.15,240,90,3082680
BANKNIFTY-I.NFO,18/02/2025,09:21:53,49260,49259.95,30,49262.2,210,120,3082680
BANKNIFTY-I.NFO,18/02/2025,09:21:55,49262.6,49259.95,30,49264,150,90,3082680
BANKNIFTY-I.NFO,18/02/2025,09:21:57,49242.7,49230.65,30,49241.7,30,810,3082680
BANKNIFTY-I.NFO,18/02/2025,09:21:58,49231.65,49230,60,49232.65,30,150,3082680
BANKNIFTY-I.NFO,18/02/2025,09:22:00,49230,49230.6,270,49241.05,60,30,3082680
BANKNIFTY-I.NFO,18/02/2025,09:22:02,49220,49220,180,49227.35,30,540,3082680
BANKNIFTY-I.NFO,18/02/2025,09:22:02,49220,49220,180,49227.35,30,0,3082680
BANKNIFTY-I.NFO,18/02/2025,09:22:03,49229.2,49222,30,49229.8,30,210,3082680
BANKNIFTY-I.NFO,18/02/2025,09:22:05,49220,49216,60,49225,30,240,3082680
BANKNIFTY-I.NFO,18/02/2025,09:22:06,49225,49225,600,49228.05,30,300,3082680
BANKNIFTY-I.NFO,18/02/2025,09:22:08,49221,49216,60,49224.6,300,690,3082680
BANKNIFTY-I.NFO,18/02/2025,09:22:10,49221,49216,60,49225.9,30,0,3082680
BANKNIFTY-I.NFO,18/02/2025,09:22:12,49221,49216,60,49228.05,30,0,3082680
BANKNIFTY-I.NFO,18/02/2025,09:22:13,49225,49221,30,49228.6,120,90,3082680
BANKNIFTY-I.NFO,18/02/2025,09:22:13,49216,49221,30,49228.6,120,0,3082680
BANKNIFTY-I.NFO,18/02/2025,09:22:15,49225,49221,30,49229.2,90,0,3082680
BANKNIFTY-I.NFO,18/02/2025,09:22:17,49220,49220,120,49229,30,120,3082680
BANKNIFTY-I.NFO,18/02/2025,09:22:18,49220,49220,90,49230.55,30,180,3082680
BANKNIFTY-I.NFO,18/02/2025,09:22:20,49223.05,49220,30,49223.55,120,120,3082680
BANKNIFTY-I.NFO,18/02/2025,09:22:22,49225,49221.05,30,49227.75,30,90,3082680
BANKNIFTY-I.NFO,18/02/2025,09:22:23,49220,49220,840,49223,30,120,3082680
BANKNIFTY-I.NFO,18/02/2025,09:22:25,49228.85,49220,900,49231.9,120,300,3082680
BANKNIFTY-I.NFO,18/02/2025,09:22:27,49220.05,49220.05,270,49233.05,60,60,3082680
BANKNIFTY-I.NFO,18/02/2025,09:22:28,49220.05,49220,930,49228.35,30,0,3082680
BANKNIFTY-I.NFO,18/02/2025,09:22:30,49220,49220,900,49229.9,30,30,3082680
BANKNIFTY-I.NFO,18/02/2025,09:22:32,49233.05,49220.05,240,49233.05,30,60,3082680
BANKNIFTY-I.NFO,18/02/2025,09:22:33,49222,49222.05,210,49230,60,930,3082680
BANKNIFTY-I.NFO,18/02/2025,09:22:35,49222.05,49220.05,30,49222.05,570,240,3082680
BANKNIFTY-I.NFO,18/02/2025,09:22:37,49229.05,49220,30,49228,120,780,3082680
BANKNIFTY-I.NFO,18/02/2025,09:22:38,49220,49216,30,49228.4,30,30,3082680
BANKNIFTY-I.NFO,18/02/2025,09:22:40,49220,49220,30,49228,30,60,3082680
BANKNIFTY-I.NFO,18/02/2025,09:22:42,49212.3,49212.55,150,49227.95,60,480,3082680
BANKNIFTY-I.NFO,18/02/2025,09:22:42,49212.05,49212.55,150,49227.95,60,0,3082680
BANKNIFTY-I.NFO,18/02/2025,09:22:43,49212.55,49215.75,150,49227.85,120,60,3082680
BANKNIFTY-I.NFO,18/02/2025,09:22:45,49227.85,49216,150,49227.85,120,30,3082680
BANKNIFTY-I.NFO,18/02/2025,09:22:47,49245,49232.4,90,49245,90,630,3082680
BANKNIFTY-I.NFO,18/02/2025,09:22:48,49245,49233.05,30,49245,60,30,3082680
BANKNIFTY-I.NFO,18/02/2025,09:22:50,49245,49233.05,30,49245,30,30,3082680
BANKNIFTY-I.NFO,18/02/2025,09:22:52,49232.65,49227.9,90,49244.65,270,60,3082680
BANKNIFTY-I.NFO,18/02/2025,09:22:53,49228.35,49227.9,30,49244.6,240,60,3082680
BANKNIFTY-I.NFO,18/02/2025,09:22:55,49244.7,49234.6,30,49245,90,30,3082680
BANKNIFTY-I.NFO,18/02/2025,09:22:57,49250,49250,30,49255,30,210,3082680
BANKNIFTY-I.NFO,18/02/2025,09:22:58,49250,49243.45,30,49254.95,120,30,3082680
BANKNIFTY-I.NFO,18/02/2025,09:23:00,49254.95,49239.05,30,49254.5,60,30,3082680
BANKNIFTY-I.NFO,18/02/2025,09:23:02,49250,49246.4,150,49254.95,90,90,3082680
BANKNIFTY-I.NFO,18/02/2025,09:23:03,49250,49247.05,30,49254.95,90,0,3082680
BANKNIFTY-I.NFO,18/02/2025,09:23:05,49260,49260,120,49265,60,150,3082680
BANKNIFTY-I.NFO,18/02/2025,09:23:06,49260,49260,150,49265,60,30,3082680
BANKNIFTY-I.NFO,18/02/2025,09:23:08,49265,49254.3,30,49265,30,180,3082680
BANKNIFTY-I.NFO,18/02/2025,09:23:10,49263.45,49250,90,49262.7,240,150,3082680
BANKNIFTY-I.NFO,18/02/2025,09:23:11,49250.05,49260,30,49262.7,30,60,3082680
BANKNIFTY-I.NFO,18/02/2025,09:23:13,49262.5,49250,90,49262.5,240,60,3082680
BANKNIFTY-I.NFO,18/02/2025,09:23:15,49262.5,49260,30,49264.95,240,90,3082680
BANKNIFTY-I.NFO,18/02/2025,09:23:16,49262.5,49260,30,49265,30,0,3082680
BANKNIFTY-I.NFO,18/02/2025,09:23:20,49260,49250,120,49261.45,240,150,3082680
BANKNIFTY-I.NFO,18/02/2025,09:23:21,49260.85,49250.05,210,49267.5,240,60,3082680
BANKNIFTY-I.NFO,18/02/2025,09:23:23,49268.25,49265,30,49268.7,240,30,3082680
BANKNIFTY-I.NFO,18/02/2025,09:23:25,49265,49252.2,210,49265,870,630,3082680
BANKNIFTY-I.NFO,18/02/2025,09:23:26,49260,49260,30,49265,750,150,3082680
BANKNIFTY-I.NFO,18/02/2025,09:23:28,49265,49260.05,30,49265,660,120,3082680
BANKNIFTY-I.NFO,18/02/2025,09:23:30,49265,49260,30,49264.95,240,30,3082680
BANKNIFTY-I.NFO,18/02/2025,09:23:31,49260,49250,180,49261.85,540,60,3082680
BANKNIFTY-I.NFO,18/02/2025,09:23:33,49263.25,49263.25,30,49265,630,60,3082680
BANKNIFTY-I.NFO,18/02/2025,09:23:35,49265,49263.25,60,49265,600,30,3082680
BANKNIFTY-I.NFO,18/02/2025,09:23:36,49264.9,49263.25,60,49264.95,30,30,3082680
BANKNIFTY-I.NFO,18/02/2025,09:23:38,49264.95,49260,30,49265,630,60,3082680
BANKNIFTY-I.NFO,18/02/2025,09:23:40,49265,49260,150,49265,570,90,3082680
BANKNIFTY-I.NFO,18/02/2025,09:23:41,49265,49263.25,30,49265,510,60,3082680
BANKNIFTY-I.NFO,18/02/2025,09:23:43,49265,49263.25,30,49265,510,0,3082680
BANKNIFTY-I.NFO,18/02/2025,09:23:45,49264.75,49260,90,49265,480,60,3082680
BANKNIFTY-I.NFO,18/02/2025,09:23:46,49264.95,49260,90,49264.95,30,120,3082680
BANKNIFTY-I.NFO,18/02/2025,09:23:48,49264.95,49260,90,49264.95,60,0,3082680
BANKNIFTY-I.NFO,18/02/2025,09:23:50,49264.95,49260,90,49264.9,210,0,3082680
BANKNIFTY-I.NFO,18/02/2025,09:23:51,49264.9,49260,90,49264.85,150,60,3082680
BANKNIFTY-I.NFO,18/02/2025,09:23:53,49264.85,49260,90,49264.8,120,30,3082680
BANKNIFTY-I.NFO,18/02/2025,09:23:55,49264.8,49262.5,30,49264.8,30,30,3082680
BANKNIFTY-I.NFO,18/02/2025,09:23:56,49264.8,49262.5,30,49264.75,120,30,3082680
BANKNIFTY-I.NFO,18/02/2025,09:23:58,49264.65,49260,90,49264.65,30,120,3082680
BANKNIFTY-I.NFO,18/02/2025,09:24:00,49260,49250,390,49257.05,90,120,3082680
BANKNIFTY-I.NFO,18/02/2025,09:24:01,49260,49250,390,49253.35,30,0,3082680
BANKNIFTY-I.NFO,18/02/2025,09:24:03,49242.95,49235,30,49241.4,30,630,3082680
BANKNIFTY-I.NFO,18/02/2025,09:24:05,49230,49227.9,60,49237.95,300,60,3082680
BANKNIFTY-I.NFO,18/02/2025,09:24:06,49236.15,49227.9,30,49236.6,60,60,3082680
BANKNIFTY-I.NFO,18/02/2025,09:24:08,49238.35,49227.85,120,49238.6,30,150,3082680
BANKNIFTY-I.NFO,18/02/2025,09:24:10,49238.35,49230.15,240,49238.55,30,0,3082680
BANKNIFTY-I.NFO,18/02/2025,09:24:11,49243.3,49227.9,240,49242.9,30,120,3082680
BANKNIFTY-I.NFO,18/02/2025,09:24:13,49241.85,49241.85,90,49244.6,270,210,3082680
BANKNIFTY-I.NFO,18/02/2025,09:24:14,49244.05,49228,300,49239.15,30,660,3082680
BANKNIFTY-I.NFO,18/02/2025,09:24:16,49239.15,49239.15,60,49249.9,30,30,3082680
BANKNIFTY-I.NFO,18/02/2025,09:24:18,49247.75,49239.15,60,49243.55,30,60,3082680
BANKNIFTY-I.NFO,18/02/2025,09:24:19,49247.75,49239.15,60,49243,300,0,3082680
BANKNIFTY-I.NFO,18/02/2025,09:24:21,49245.4,49241.85,30,49244.1,30,180,3082680
BANKNIFTY-I.NFO,18/02/2025,09:24:23,49243.65,49241.85,30,49249.3,90,30,3082680
BANKNIFTY-I.NFO,18/02/2025,09:24:24,49239.25,49245.4,30,49250,30,60,3082680
BANKNIFTY-I.NFO,18/02/2025,09:24:26,49239.25,49245.4,30,49250,60,0,3082680
BANKNIFTY-I.NFO,18/02/2025,09:24:33,49250,49245.4,30,49250,30,30,3082680
BANKNIFTY-I.NFO,18/02/2025,09:24:34,49265,49254.55,30,49265,390,60,3086730
BANKNIFTY-I.NFO,18/02/2025,09:24:36,49254.55,49255,240,49265,390,30,3086730
BANKNIFTY-I.NFO,18/02/2025,09:24:38,49265,49256.7,30,49265,270,120,3086730
BANKNIFTY-I.NFO,18/02/2025,09:24:39,49264.5,49251,60,49262.55,60,30,3086730
BANKNIFTY-I.NFO,18/02/2025,09:24:41,49250,49240,30,49247.15,30,150,3086730
BANKNIFTY-I.NFO,18/02/2025,09:24:42,49245.15,49240,30,49242.55,150,150,3086730
BANKNIFTY-I.NFO,18/02/2025,09:24:44,49238.9,49230,30,49236.9,30,60,3086730
BANKNIFTY-I.NFO,18/02/2025,09:24:46,49230.3,49227.85,120,49229.55,300,60,3086730
BANKNIFTY-I.NFO,18/02/2025,09:24:47,49225,49222.5,30,49223.7,30,300,3086730
BANKNIFTY-I.NFO,18/02/2025,09:24:49,49223.7,49222.5,30,49223.7,60,60,3086730
BANKNIFTY-I.NFO,18/02/2025,09:24:51,49223.65,49211.1,240,49223.7,30,570,3086730
BANKNIFTY-I.NFO,18/02/2025,09:24:52,49219.65,49211,30,49219.1,60,30,3086730
BANKNIFTY-I.NFO,18/02/2025,09:24:54,49210,49208.3,60,49212,30,570,3086730
BANKNIFTY-I.NFO,18/02/2025,09:24:54,49210,49208.3,60,49212,30,0,3086730
BANKNIFTY-I.NFO,18/02/2025,09:24:56,49205.1,49205,90,49209.9,300,90,3086730
BANKNIFTY-I.NFO,18/02/2025,09:24:56,49205.1,49205,90,49209.9,300,0,3086730
BANKNIFTY-I.NFO,18/02/2025,09:24:57,49204.75,49202,90,49205.05,30,510,3086730
BANKNIFTY-I.NFO,18/02/2025,09:24:57,49202,49202,90,49205.05,30,0,3086730
BANKNIFTY-I.NFO,18/02/2025,09:24:59,49176,49175,210,49176,450,4080,3086730
BANKNIFTY-I.NFO,18/02/2025,09:24:59,49176,49175,210,49176,450,0,3086730
BANKNIFTY-I.NFO,18/02/2025,09:25:01,49176,49170.05,30,49176,120,2040,3086730
BANKNIFTY-I.NFO,18/02/2025,09:25:01,49170,49170.05,30,49176,120,0,3086730
BANKNIFTY-I.NFO,18/02/2025,09:25:02,49167,49167,240,49172.85,300,1230,3086730
BANKNIFTY-I.NFO,18/02/2025,09:25:02,49167,49167,240,49172.85,300,0,3086730
BANKNIFTY-I.NFO,18/02/2025,09:25:04,49166,49166.05,120,49176,30,540,3086730
BANKNIFTY-I.NFO,18/02/2025,09:25:04,49166,49166.05,120,49176,30,0,3086730
BANKNIFTY-I.NFO,18/02/2025,09:25:06,49176,49168.15,90,49180,30,1140,3086730
BANKNIFTY-I.NFO,18/02/2025,09:25:07,49166,49165,90,49174.65,240,180,3086730
BANKNIFTY-I.NFO,18/02/2025,09:25:09,49160,49160,60,49163.1,30,390,3086730
BANKNIFTY-I.NFO,18/02/2025,09:25:09,49160,49160,60,49163.1,30,0,3086730
BANKNIFTY-I.NFO,18/02/2025,09:25:11,49156.65,49156.55,60,49166.05,60,870,3086730
BANKNIFTY-I.NFO,18/02/2025,09:25:11,49156.65,49156.55,60,49166.05,60,0,3086730
BANKNIFTY-I.NFO,18/02/2025,09:25:12,49156.6,49156.05,30,49172,270,990,3086730
BANKNIFTY-I.NFO,18/02/2025,09:25:12,49156.55,49156.05,30,49172,270,0,3086730
BANKNIFTY-I.NFO,18/02/2025,09:25:14,49170.25,49153.5,150,49171.55,270,240,3086730
BANKNIFTY-I.NFO,18/02/2025,09:25:14,49152.55,49153.5,150,49171.55,270,0,3086730
BANKNIFTY-I.NFO,18/02/2025,09:25:16,49171.55,49156.65,30,49172.35,300,480,3086730
BANKNIFTY-I.NFO,18/02/2025,09:25:16,49152,49156.65,30,49172.35,300,0,3086730
BANKNIFTY-I.NFO,18/02/2025,09:25:17,49172.35,49152.45,60,49171,270,90,3086730
BANKNIFTY-I.NFO,18/02/2025,09:25:19,49170.95,49160,30,49172.4,30,90,3086730
BANKNIFTY-I.NFO,18/02/2025,09:25:21,49168.7,49150.75,60,49170,270,990,3086730
BANKNIFTY-I.NFO,18/02/2025,09:25:21,49150.55,49150.75,60,49170,270,0,3086730
BANKNIFTY-I.NFO,18/02/2025,09:25:22,49150.5,49161,30,49164.8,30,210,3086730
BANKNIFTY-I.NFO,18/02/2025,09:25:22,49150.5,49161,30,49164.8,30,0,3086730
BANKNIFTY-I.NFO,18/02/2025,09:25:24,49156.45,49150.1,30,49154.35,30,90,3086730
BANKNIFTY-I.NFO,18/02/2025,09:25:25,49149.55,49134.35,90,49149.6,30,4410,3086730
BANKNIFTY-I.NFO,18/02/2025,09:25:25,49130.1,49134.35,90,49149.6,30,0,3086730
BANKNIFTY-I.NFO,18/02/2025,09:25:27,49149.55,49135.35,300,49149.6,120,630,3086730
BANKNIFTY-I.NFO,18/02/2025,09:25:29,49139,49139.5,120,49149.35,60,270,3086730
BANKNIFTY-I.NFO,18/02/2025,09:25:30,49137.7,49140.3,150,49159.3,240,420,3086730
BANKNIFTY-I.NFO,18/02/2025,09:25:32,49150,49140,30,49150.9,240,240,3086730
BANKNIFTY-I.NFO,18/02/2025,09:25:34,49150.8,49140.2,60,49150.8,30,210,3086730
BANKNIFTY-I.NFO,18/02/2025,09:25:35,49150.8,49149.6,30,49150.8,60,30,3086730
BANKNIFTY-I.NFO,18/02/2025,09:25:37,49144.8,49144.8,60,49163.1,240,1380,3086730
BANKNIFTY-I.NFO,18/02/2025,09:25:39,49144.8,49150.1,30,49164.65,240,0,3086730
BANKNIFTY-I.NFO,18/02/2025,09:25:40,49164.6,49159.45,60,49175,60,390,3086730
BANKNIFTY-I.NFO,18/02/2025,09:25:42,49164.65,49163.85,150,49175,120,30,3086730
BANKNIFTY-I.NFO,18/02/2025,09:25:44,49175,49164.65,30,49170,30,120,3086730
BANKNIFTY-I.NFO,18/02/2025,09:25:45,49175,49177.05,30,49179.85,240,180,3086730
BANKNIFTY-I.NFO,18/02/2025,09:25:47,49180,49177.05,30,49180,30,90,3086730
BANKNIFTY-I.NFO,18/02/2025,09:25:49,49180,49170.45,120,49180,90,150,3086730
BANKNIFTY-I.NFO,18/02/2025,09:25:50,49180,49168.55,30,49179.95,240,240,3086730
BANKNIFTY-I.NFO,18/02/2025,09:25:52,49180,49175,30,49186.35,240,600,3086730
BANKNIFTY-I.NFO,18/02/2025,09:25:54,49175,49180,30,49183.7,240,30,3086730
BANKNIFTY-I.NFO,18/02/2025,09:25:55,49180,49179.7,30,49183.65,30,30,3086730
BANKNIFTY-I.NFO,18/02/2025,09:25:57,49182.15,49179.25,210,49195,60,60,3086730
BANKNIFTY-I.NFO,18/02/2025,09:25:59,49198.3,49194.95,30,49198.95,240,120,3086730
BANKNIFTY-I.NFO,18/02/2025,09:26:00,49190,49180,150,49194.15,240,120,3086730
BANKNIFTY-I.NFO,18/02/2025,09:26:02,49191.3,49180,150,49191.2,120,330,3086730
BANKNIFTY-I.NFO,18/02/2025,09:26:04,49191.3,49180.4,300,49191.2,120,0,3086730
BANKNIFTY-I.NFO,18/02/2025,09:26:05,49180.05,49185.7,360,49195,390,210,3086730
BANKNIFTY-I.NFO,18/02/2025,09:26:07,49197,49191.75,270,49199,60,450,3086730
BANKNIFTY-I.NFO,18/02/2025,09:26:09,49198.95,49189.55,180,49198.95,30,240,3086730
BANKNIFTY-I.NFO,18/02/2025,09:26:10,49198.95,49189.65,180,49200,30,90,3086730
BANKNIFTY-I.NFO,18/02/2025,09:26:12,49200,49192.05,30,49204.35,270,90,3086730
BANKNIFTY-I.NFO,18/02/2025,09:26:14,49204.35,49198.3,30,49204.65,30,30,3086730
BANKNIFTY-I.NFO,18/02/2025,09:26:15,49204.35,49198.3,30,49204.6,30,0,3086730
BANKNIFTY-I.NFO,18/02/2025,09:26:17,49198.3,49191.3,120,49199.85,240,90,3086730
BANKNIFTY-I.NFO,18/02/2025,09:26:19,49198.3,49191.5,30,49199,30,0,3086730
BANKNIFTY-I.NFO,18/02/2025,09:26:20,49198.95,49191.5,30,49198.95,240,60,3086730
BANKNIFTY-I.NFO,18/02/2025,09:26:22,49197.6,49191.5,30,49194.75,120,180,3086730
BANKNIFTY-I.NFO,18/02/2025,09:26:24,49181,49181,90,49193.7,30,870,3086730
BANKNIFTY-I.NFO,18/02/2025,09:26:25,49193.7,49181,90,49193.7,90,60,3086730
BANKNIFTY-I.NFO,18/02/2025,09:26:27,49193.7,49183.35,240,49193.7,90,0,3086730
BANKNIFTY-I.NFO,18/02/2025,09:26:29,49199,49193.7,30,49200,10770,120,3086730
BANKNIFTY-I.NFO,18/02/2025,09:26:30,49200,49193.7,30,49200,10230,540,3086730
BANKNIFTY-I.NFO,18/02/2025,09:26:32,49200,49193.7,30,49200,10200,30,3086730
BANKNIFTY-I.NFO,18/02/2025,09:26:34,49201.05,49201,30,49208.5,30,10260,3086730
BANKNIFTY-I.NFO,18/02/2025,09:26:35,49210,49203.85,240,49212,30,180,3086730
BANKNIFTY-I.NFO,18/02/2025,09:26:37,49212,49201.25,240,49210,30,30,3086730
BANKNIFTY-I.NFO,18/02/2025,09:26:39,49208.5,49201.2,30,49213.5,30,390,3086730
BANKNIFTY-I.NFO,18/02/2025,09:26:40,49208.5,49201,30,49213.9,150,0,3086730
BANKNIFTY-I.NFO,18/02/2025,09:26:42,49201.2,49193.7,120,49201.95,30,1110,3086730
BANKNIFTY-I.NFO,18/02/2025,09:26:44,49202.25,49201.5,90,49204.6,90,60,3086730
BANKNIFTY-I.NFO,18/02/2025,09:26:45,49199.6,49193.7,120,49202.35,30,120,3086730
BANKNIFTY-I.NFO,18/02/2025,09:26:47,49196.3,49190.4,30,49198.05,60,600,3086730
BANKNIFTY-I.NFO,18/02/2025,09:26:49,49183.05,49180.05,60,49184.25,30,240,3086730
BANKNIFTY-I.NFO,18/02/2025,09:26:51,49181,49171.45,30,49181.4,30,270,3086730
BANKNIFTY-I.NFO,18/02/2025,09:26:52,49179.6,49171.45,30,49180.55,60,90,3086730
BANKNIFTY-I.NFO,18/02/2025,09:26:54,49180.05,49171.45,30,49180.6,30,60,3086730
BANKNIFTY-I.NFO,18/02/2025,09:26:56,49176.05,49165,300,49178.4,30,180,3086730
BANKNIFTY-I.NFO,18/02/2025,09:26:57,49180.05,49170.1,30,49178.4,120,120,3086730
BANKNIFTY-I.NFO,18/02/2025,09:26:59,49170.15,49170.1,60,49178.4,180,90,3086730
BANKNIFTY-I.NFO,18/02/2025,09:27:01,49165.15,49165,330,49178.2,150,120,3086730
BANKNIFTY-I.NFO,18/02/2025,09:27:02,49165,49160,30,49170.8,60,540,3086730
BANKNIFTY-I.NFO,18/02/2025,09:27:04,49170,49160,30,49169.95,30,30,3086730
BANKNIFTY-I.NFO,18/02/2025,09:27:06,49164.75,49151.05,240,49165.9,30,270,3086730
BANKNIFTY-I.NFO,18/02/2025,09:27:07,49162.85,49151,120,49164.05,30,300,3086730
BANKNIFTY-I.NFO,18/02/2025,09:27:09,49160.9,49151,120,49163.3,120,30,3086730
BANKNIFTY-I.NFO,18/02/2025,09:27:11,49163.3,49154.45,300,49163.3,120,60,3086730
BANKNIFTY-I.NFO,18/02/2025,09:27:12,49157.7,49157.7,300,49163.3,60,210,3086730
BANKNIFTY-I.NFO,18/02/2025,09:27:14,49163.3,49160.1,240,49171.5,30,510,3086730
BANKNIFTY-I.NFO,18/02/2025,09:27:16,49180.05,49165.35,600,49180.05,30,180,3086730
BANKNIFTY-I.NFO,18/02/2025,09:27:17,49175.45,49165.35,30,49172.8,60,90,3086730
BANKNIFTY-I.NFO,18/02/2025,09:27:19,49168.9,49165,120,49168.65,210,210,3086730
BANKNIFTY-I.NFO,18/02/2025,09:27:21,49165.95,49160,30,49168.6,330,150,3086730
BANKNIFTY-I.NFO,18/02/2025,09:27:22,49168.25,49160,30,49168.6,30,60,3086730
BANKNIFTY-I.NFO,18/02/2025,09:27:24,49168.25,49160,30,49168.6,30,0,3086730
BANKNIFTY-I.NFO,18/02/2025,09:27:26,49168.55,49160,30,49168.6,60,30,3086730
BANKNIFTY-I.NFO,18/02/2025,09:27:27,49168.6,49163.1,270,49179.95,90,180,3086730
BANKNIFTY-I.NFO,18/02/2025,09:27:29,49163.1,49163.1,270,49180.05,30,150,3086730
BANKNIFTY-I.NFO,18/02/2025,09:27:31,49180.05,49171.75,240,49183.05,60,60,3086730
BANKNIFTY-I.NFO,18/02/2025,09:27:32,49185.4,49166.95,240,49183,210,360,3086730
BANKNIFTY-I.NFO,18/02/2025,09:27:34,49180.65,49173.6,30,49182.95,60,150,3088530
BANKNIFTY-I.NFO,18/02/2025,09:27:36,49175.8,49163.1,30,49175.25,300,180,3088530
BANKNIFTY-I.NFO,18/02/2025,09:27:37,49173.95,49163.1,30,49174.45,480,60,3088530
BANKNIFTY-I.NFO,18/02/2025,09:27:39,49173.95,49163.25,30,49174.4,120,0,3088530
BANKNIFTY-I.NFO,18/02/2025,09:27:41,49174.4,49163.3,240,49174.35,60,60,3088530
BANKNIFTY-I.NFO,18/02/2025,09:27:42,49174.35,49170,30,49174.35,60,90,3088530
BANKNIFTY-I.NFO,18/02/2025,09:27:44,49174.35,49170,30,49174.3,60,30,3088530
BANKNIFTY-I.NFO,18/02/2025,09:27:46,49174.35,49170,30,49174.3,180,0,3088530
BANKNIFTY-I.NFO,18/02/2025,09:27:47,49174.25,49164.35,270,49174.25,30,60,3088530
BANKNIFTY-I.NFO,18/02/2025,09:27:49,49174.25,49163.15,240,49174.25,240,0,3088530
BANKNIFTY-I.NFO,18/02/2025,09:27:51,49174.25,49163.1,30,49174.2,30,210,3088530
BANKNIFTY-I.NFO,18/02/2025,09:27:52,49174.25,49163.1,30,49174.2,90,0,3088530
BANKNIFTY-I.NFO,18/02/2025,09:27:54,49174.25,49163.1,30,49174.2,150,0,3088530
BANKNIFTY-I.NFO,18/02/2025,09:27:57,49157.5,49151,30,49161.8,90,840,3088530
BANKNIFTY-I.NFO,18/02/2025,09:27:59,49157.5,49151,30,49158.05,30,0,3088530
BANKNIFTY-I.NFO,18/02/2025,09:28:01,49146.4,49145.5,30,49148.55,420,450,3088530
BANKNIFTY-I.NFO,18/02/2025,09:28:02,49136.6,49132,30,49136.6,60,750,3088530
BANKNIFTY-I.NFO,18/02/2025,09:28:04,49147.15,49132,30,49146.3,270,780,3088530
BANKNIFTY-I.NFO,18/02/2025,09:28:06,49150.4,49136.6,30,49151.4,120,750,3088530
BANKNIFTY-I.NFO,18/02/2025,09:28:07,49132,49132,30,49138.85,300,60,3088530
BANKNIFTY-I.NFO,18/02/2025,09:28:09,49132,49118.05,240,49137.5,360,1350,3088530
BANKNIFTY-I.NFO,18/02/2025,09:28:09,49114.4,49118.05,240,49137.5,360,0,3088530
BANKNIFTY-I.NFO,18/02/2025,09:28:11,49137.5,49125.1,240,49137.5,30,270,3088530
BANKNIFTY-I.NFO,18/02/2025,09:28:12,49137.5,49129.7,240,49137.5,30,0,3088530
BANKNIFTY-I.NFO,18/02/2025,09:28:14,49129.65,49129.65,60,49137.5,60,30,3088530
BANKNIFTY-I.NFO,18/02/2025,09:28:15,49150.6,49133.4,240,49151.05,30,90,3088530
BANKNIFTY-I.NFO,18/02/2025,09:28:17,49137.5,49134.45,330,49152.55,30,30,3088530
BANKNIFTY-I.NFO,18/02/2025,09:28:19,49137.5,49135,60,49140,60,0,3088530
BANKNIFTY-I.NFO,18/02/2025,09:28:20,49135,49130,510,49135,300,330,3088530
BANKNIFTY-I.NFO,18/02/2025,09:28:22,49142.05,49130.05,270,49143.45,120,810,3088530
BANKNIFTY-I.NFO,18/02/2025,09:28:24,49134.55,49134.4,240,49143.45,30,30,3088530
BANKNIFTY-I.NFO,18/02/2025,09:28:25,49143.45,49138.75,240,49150,30,150,3088530
BANKNIFTY-I.NFO,18/02/2025,09:28:27,49143.45,49142.1,240,49150,30,30,3088530
BANKNIFTY-I.NFO,18/02/2025,09:28:29,49139.7,49139.7,240,49149.95,30,150,3088530
BANKNIFTY-I.NFO,18/02/2025,09:28:30,49150,49139.75,240,49156.9,150,60,3088530
BANKNIFTY-I.NFO,18/02/2025,09:28:32,49156.15,49150.85,90,49155.6,150,60,3088530
BANKNIFTY-I.NFO,18/02/2025,09:28:34,49150.85,49150.8,60,49153.2,30,600,3088530
BANKNIFTY-I.NFO,18/02/2025,09:28:35,49157.5,49150.8,330,49166.05,60,60,3088530
BANKNIFTY-I.NFO,18/02/2025,09:28:37,49137.4,49136.65,240,49156.65,300,10380,3088530
BANKNIFTY-I.NFO,18/02/2025,09:28:39,49174.25,49165.5,270,49184.05,210,210,3088530
BANKNIFTY-I.NFO,18/02/2025,09:28:40,49166.5,49166.95,60,49184.05,30,240,3088530
BANKNIFTY-I.NFO,18/02/2025,09:28:42,49166.5,49162.6,30,49181.45,240,0,3088530
BANKNIFTY-I.NFO,18/02/2025,09:28:44,49160.45,49160.55,330,49179.4,270,240,3088530
BANKNIFTY-I.NFO,18/02/2025,09:28:45,49159.25,49158.15,330,49173.95,30,30,3088530
BANKNIFTY-I.NFO,18/02/2025,09:28:47,49159.25,49160.45,30,49171.4,240,0,3088530
BANKNIFTY-I.NFO,18/02/2025,09:28:49,49171.15,49160.45,30,49170.6,240,30,3088530
BANKNIFTY-I.NFO,18/02/2025,09:28:50,49160,49152,180,49164.1,240,90,3088530
BANKNIFTY-I.NFO,18/02/2025,09:28:52,49165,49152.25,30,49171.05,240,150,3088530
BANKNIFTY-I.NFO,18/02/2025,09:28:54,49165,49152.05,60,49164.1,60,0,3088530
BANKNIFTY-I.NFO,18/02/2025,09:28:55,49164.15,49159.55,300,49171.1,30,150,3088530
BANKNIFTY-I.NFO,18/02/2025,09:28:57,49164.15,49162.2,330,49171.1,60,0,3088530
BANKNIFTY-I.NFO,18/02/2025,09:28:59,49156.4,49138.35,240,49156.3,180,20220,3088530
BANKNIFTY-I.NFO,18/02/2025,09:29:01,49140,49136,240,49140,2370,3000,3088530
BANKNIFTY-I.NFO,18/02/2025,09:29:02,49132.55,49131.05,240,49140,1410,1080,3088530
BANKNIFTY-I.NFO,18/02/2025,09:29:04,49136,49131,30,49136,120,150,3088530
BANKNIFTY-I.NFO,18/02/2025,09:29:06,49136,49131,30,49140,1260,450,3088530
BANKNIFTY-I.NFO,18/02/2025,09:29:07,49137.1,49137.4,150,49140,1020,270,3088530
BANKNIFTY-I.NFO,18/02/2025,09:29:09,49136.5,49132,30,49139.95,60,1200,3088530
BANKNIFTY-I.NFO,18/02/2025,09:29:11,49140,49132,30,49148.7,270,180,3088530
BANKNIFTY-I.NFO,18/02/2025,09:29:12,49140,49132,30,49146.6,270,0,3088530
BANKNIFTY-I.NFO,18/02/2025,09:29:14,49136,49139.95,90,49144.3,330,90,3088530
BANKNIFTY-I.NFO,18/02/2025,09:29:16,49145.35,49139.95,90,49149.95,390,30,3088530
BANKNIFTY-I.NFO,18/02/2025,09:29:17,49143.6,49130,30,49142,420,540,3088530
BANKNIFTY-I.NFO,18/02/2025,09:29:19,49140.5,49130,30,49140.5,150,180,3088530
BANKNIFTY-I.NFO,18/02/2025,09:29:21,49138.7,49129.65,60,49140.4,90,120,3088530
BANKNIFTY-I.NFO,18/02/2025,09:29:22,49129.65,49125.15,60,49132.5,60,120,3088530
BANKNIFTY-I.NFO,18/02/2025,09:29:24,49130,49121,60,49131.35,30,1080,3088530
BANKNIFTY-I.NFO,18/02/2025,09:29:26,49130,49117.8,240,49131.35,300,120,3088530
BANKNIFTY-I.NFO,18/02/2025,09:29:27,49130,49125,60,49131.3,120,0,3088530
BANKNIFTY-I.NFO,18/02/2025,09:29:29,49131.3,49126.3,240,49131.3,120,270,3088530
BANKNIFTY-I.NFO,18/02/2025,09:29:31,49132.15,49131.35,240,49138.3,30,300,3088530
BANKNIFTY-I.NFO,18/02/2025,09:29:32,49134.05,49134.85,90,49149.95,240,540,3088530
BANKNIFTY-I.NFO,18/02/2025,09:29:34,49149.95,49141.9,330,49150,30,60,3088530
BANKNIFTY-I.NFO,18/02/2025,09:29:36,49150,49147.55,30,49164.95,330,60,3088530
BANKNIFTY-I.NFO,18/02/2025,09:29:37,49151.2,49151.55,300,49165,180,30,3088530
BANKNIFTY-I.NFO,18/02/2025,09:29:39,49151.2,49150.65,60,49165,180,0,3088530
BANKNIFTY-I.NFO,18/02/2025,09:29:40,49164.95,49150.05,30,49160.65,240,30,3088530
BANKNIFTY-I.NFO,18/02/2025,09:29:42,49155.75,49150,180,49155.7,180,690,3088530
BANKNIFTY-I.NFO,18/02/2025,09:29:44,49135,49144,30,49152.35,180,240,3088530
BANKNIFTY-I.NFO,18/02/2025,09:29:45,49145.6,49134.05,60,49141.1,60,150,3088530
BANKNIFTY-I.NFO,18/02/2025,09:29:47,49145.6,49134.05,60,49141,60,0,3088530
BANKNIFTY-I.NFO,18/02/2025,09:29:49,49145.6,49134.05,60,49140.9,60,0,3088530
BANKNIFTY-I.NFO,18/02/2025,09:29:50,49140.95,49136,30,49140.9,210,120,3088530
BANKNIFTY-I.NFO,18/02/2025,09:29:52,49136.05,49131.25,30,49140.85,60,90,3088530
BANKNIFTY-I.NFO,18/02/2025,09:29:54,49140.85,49131.25,30,49140.85,180,30,3088530
BANKNIFTY-I.NFO,18/02/2025,09:29:55,49127.3,49125,30,49137.2,60,420,3088530
BANKNIFTY-I.NFO,18/02/2025,09:29:57,49131.25,49125,30,49131.25,90,60,3088530
BANKNIFTY-I.NFO,18/02/2025,09:29:59,49125.05,49121.15,90,49125.05,120,240,3088530
BANKNIFTY-I.NFO,18/02/2025,09:30:00,49110.05,49110,270,49114,90,930,3088530
BANKNIFTY-I.NFO,18/02/2025,09:30:00,49110.05,49110,270,49114,90,0,3088530
BANKNIFTY-I.NFO,18/02/2025,09:30:02,49101,49100.85,30,49110.05,180,1170,3088530
BANKNIFTY-I.NFO,18/02/2025,09:30:02,49101,49100.85,30,49110.05,180,0,3088530
BANKNIFTY-I.NFO,18/02/2025,09:30:04,49095.25,49093.15,330,49099.5,30,4140,3088530
BANKNIFTY-I.NFO,18/02/2025,09:30:04,49091.15,49093.15,330,49099.5,30,0,3088530
BANKNIFTY-I.NFO,18/02/2025,09:30:05,49099.5,49091,30,49099.5,30,420,3088530
BANKNIFTY-I.NFO,18/02/2025,09:30:07,49095.3,49095.3,60,49099.5,60,750,3088530
BANKNIFTY-I.NFO,18/02/2025,09:30:07,49083.2,49095.3,60,49099.5,60,0,3088530
BANKNIFTY-I.NFO,18/02/2025,09:30:09,49082.2,49082,30,49095.3,150,840,3088530
BANKNIFTY-I.NFO,18/02/2025,09:30:09,49082.2,49082,30,49095.3,150,0,3088530
BANKNIFTY-I.NFO,18/02/2025,09:30:10,49075,49075,60,49082.2,150,690,3088530
BANKNIFTY-I.NFO,18/02/2025,09:30:10,49075,49075,60,49082.2,150,0,3088530
BANKNIFTY-I.NFO,18/02/2025,09:30:12,49073.15,49073.3,150,49082.15,30,690,3088530
BANKNIFTY-I.NFO,18/02/2025,09:30:12,49073.15,49073.3,150,49082.15,30,0,3088530
BANKNIFTY-I.NFO,18/02/2025,09:30:14,49082.15,49070,60,49082.2,120,1080,3088530
BANKNIFTY-I.NFO,18/02/2025,09:30:14,49070.1,49070,60,49082.2,120,0,3088530
BANKNIFTY-I.NFO,18/02/2025,09:30:15,49082.2,49072.3,60,49082.15,240,780,3088530
BANKNIFTY-I.NFO,18/02/2025,09:30:15,49067,49072.3,60,49082.15,240,0,3088530
BANKNIFTY-I.NFO,18/02/2025,09:30:17,49082.1,49067,270,49082.05,240,870,3088530
BANKNIFTY-I.NFO,18/02/2025,09:30:19,49064.3,49065.55,30,49073.5,30,480,3088530
BANKNIFTY-I.NFO,18/02/2025,09:30:19,49063,49065.55,30,49073.5,30,0,3088530
BANKNIFTY-I.NFO,18/02/2025,09:30:20,49081,49081.2,60,49082,120,510,3088530
BANKNIFTY-I.NFO,18/02/2025,09:30:20,49062.55,49081.2,60,49082,120,0,3088530
BANKNIFTY-I.NFO,18/02/2025,09:30:22,49081.95,49077.25,60,49094.85,300,660,3088530
BANKNIFTY-I.NFO,18/02/2025,09:30:24,49073.5,49073.5,210,49078.6,240,1290,3088530
BANKNIFTY-I.NFO,18/02/2025,09:30:25,49067.9,49062.15,30,49068.2,150,570,3088530
BANKNIFTY-I.NFO,18/02/2025,09:30:27,49066.6,49056,30,49064.15,60,1950,3088530
BANKNIFTY-I.NFO,18/02/2025,09:30:27,49060,49056,30,49064.15,60,0,3088530
BANKNIFTY-I.NFO,18/02/2025,09:30:29,49051.3,49052.65,120,49069.65,270,1110,3088530
BANKNIFTY-I.NFO,18/02/2025,09:30:29,49050.5,49052.65,120,49069.65,270,0,3088530
BANKNIFTY-I.NFO,18/02/2025,09:30:30,49050,49050,330,49061.2,360,450,3088530
BANKNIFTY-I.NFO,18/02/2025,09:30:30,49050,49050,330,49061.2,360,0,3088530
BANKNIFTY-I.NFO,18/02/2025,09:30:32,49063.7,49050,270,49061.1,240,210,3088530
BANKNIFTY-I.NFO,18/02/2025,09:30:34,49050,49049,120,49051.3,30,480,3088530
BANKNIFTY-I.NFO,18/02/2025,09:30:35,49055,49051.3,30,49058.6,240,3270,3092100
BANKNIFTY-I.NFO,18/02/2025,09:30:35,49030.35,49051.3,30,49058.6,240,0,3092100
BANKNIFTY-I.NFO,18/02/2025,09:30:37,49055,49050,30,49057.6,270,1290,3092100
BANKNIFTY-I.NFO,18/02/2025,09:30:39,49050.85,49032.4,150,49050.85,390,330,3092100
BANKNIFTY-I.NFO,18/02/2025,09:30:40,49043.9,49027.05,240,49043.1,60,660,3092100
BANKNIFTY-I.NFO,18/02/2025,09:30:40,49027.05,49027.05,240,49043.1,60,0,3092100
BANKNIFTY-I.NFO,18/02/2025,09:30:42,49046.65,49029.3,240,49047.5,150,300,3092100
BANKNIFTY-I.NFO,18/02/2025,09:30:44,49035,49035,180,49045,30,60,3092100
BANKNIFTY-I.NFO,18/02/2025,09:30:45,49048.85,49045,300,49049,150,360,3092100
BANKNIFTY-I.NFO,18/02/2025,09:30:47,49050,49047.5,60,49050,150,210,3092100
BANKNIFTY-I.NFO,18/02/2025,09:30:49,49047.5,49047.5,30,49053.85,60,360,3092100
BANKNIFTY-I.NFO,18/02/2025,09:30:50,49055,49050,60,49058.6,30,60,3092100
BANKNIFTY-I.NFO,18/02/2025,09:30:52,49053.85,49050,60,49058.6,30,270,3092100
BANKNIFTY-I.NFO,18/02/2025,09:30:54,49058.6,49055.1,210,49064.95,120,240,3092100
BANKNIFTY-I.NFO,18/02/2025,09:30:55,49054.4,49050,120,49055.05,60,480,3092100
BANKNIFTY-I.NFO,18/02/2025,09:30:57,49040,49040,60,49049,90,720,3092100
BANKNIFTY-I.NFO,18/02/2025,09:30:59,49048.8,49040,60,49045.35,60,60,3092100
BANKNIFTY-I.NFO,18/02/2025,09:31:00,49036.3,49039,120,49040.55,30,1140,3092100
BANKNIFTY-I.NFO,18/02/2025,09:31:00,49023.5,49039,120,49040.55,30,0,3092100
BANKNIFTY-I.NFO,18/02/2025,09:31:02,49029.7,49022,900,49029.75,60,420,3092100
BANKNIFTY-I.NFO,18/02/2025,09:31:02,49022.05,49022,900,49029.75,60,0,3092100
BANKNIFTY-I.NFO,18/02/2025,09:31:04,49005.05,49005,1140,49019,60,6960,3092100
BANKNIFTY-I.NFO,18/02/2025,09:31:04,49005,49005,1140,49019,60,0,3092100
BANKNIFTY-I.NFO,18/02/2025,09:31:05,49005,49005,1110,49012.55,270,1170,3092100
BANKNIFTY-I.NFO,18/02/2025,09:31:07,49010,49005,990,49010,30,330,3092100
BANKNIFTY-I.NFO,18/02/2025,09:31:09,49010,49006.6,240,49018.3,30,660,3092100
BANKNIFTY-I.NFO,18/02/2025,09:31:10,49014.8,49015,90,49032.4,240,390,3092100
BANKNIFTY-I.NFO,18/02/2025,09:31:12,49039.9,49021.15,150,49040.1,240,570,3092100
BANKNIFTY-I.NFO,18/02/2025,09:31:14,49041,49034.95,30,49049,30,360,3092100
BANKNIFTY-I.NFO,18/02/2025,09:31:15,49049.5,49040.4,30,49050,150,30,3092100
BANKNIFTY-I.NFO,18/02/2025,09:31:17,49049,49049,270,49052,30,270,3092100
BANKNIFTY-I.NFO,18/02/2025,09:31:19,49049,49049,270,49052,30,0,3092100
BANKNIFTY-I.NFO,18/02/2025,09:31:20,49044.1,49040.65,60,49043.7,240,390,3092100
BANKNIFTY-I.NFO,18/02/2025,09:31:22,49040.5,49034.95,60,49038.6,240,300,3092100
BANKNIFTY-I.NFO,18/02/2025,09:31:24,49020.05,49020.05,240,49035.05,180,270,3092100
BANKNIFTY-I.NFO,18/02/2025,09:31:25,49022.5,49020.25,360,49039.75,270,1380,3092100
BANKNIFTY-I.NFO,18/02/2025,09:31:27,49025.05,49030,300,49040.5,240,30,3092100
BANKNIFTY-I.NFO,18/02/2025,09:31:29,49039.95,49030,360,49040.05,240,240,3092100
BANKNIFTY-I.NFO,18/02/2025,09:31:30,49036.45,49030,450,49035.2,30,660,3092100
BANKNIFTY-I.NFO,18/02/2025,09:31:32,49034.9,49030,510,49032.8,30,30,3092100
BANKNIFTY-I.NFO,18/02/2025,09:31:34,49034.45,49030,600,49037.6,60,90,3092100
BANKNIFTY-I.NFO,18/02/2025,09:31:35,49032.8,49030,630,49039.65,150,810,3092100
BANKNIFTY-I.NFO,18/02/2025,09:31:37,49039.7,49030,660,49039.5,30,300,3092100
BANKNIFTY-I.NFO,18/02/2025,09:31:39,49021.2,49015,30,49023.1,150,1860,3092100
BANKNIFTY-I.NFO,18/02/2025,09:31:40,49025,49017,30,49027.8,30,360,3092100
BANKNIFTY-I.NFO,18/02/2025,09:31:42,49022.75,49017,30,49026.45,30,120,3092100
BANKNIFTY-I.NFO,18/02/2025,09:31:44,49026.25,49017.05,270,49026.45,30,210,3092100
BANKNIFTY-I.NFO,18/02/2025,09:31:45,49027.45,49027.45,270,49037.7,30,810,3092100
BANKNIFTY-I.NFO,18/02/2025,09:31:47,49040,49031.9,270,49040,120,150,3092100
BANKNIFTY-I.NFO,18/02/2025,09:31:49,49040,49032.75,330,49045,90,120,3092100
BANKNIFTY-I.NFO,18/02/2025,09:31:50,49045,49034,330,49048.95,60,90,3092100
BANKNIFTY-I.NFO,18/02/2025,09:31:52,49034,49039.05,240,49048.95,60,60,3092100
BANKNIFTY-I.NFO,18/02/2025,09:31:54,49040,49042.1,240,49048.95,60,30,3092100
BANKNIFTY-I.NFO,18/02/2025,09:31:55,49043.75,49043.75,300,49061.1,30,1260,3092100
BANKNIFTY-I.NFO,18/02/2025,09:31:57,49063.95,49050,30,49064.3,120,900,3092100
BANKNIFTY-I.NFO,18/02/2025,09:31:59,49050,49042.4,30,49051.6,30,150,3092100
BANKNIFTY-I.NFO,18/02/2025,09:32:00,49040,49031.05,90,49039.2,30,1350,3092100
BANKNIFTY-I.NFO,18/02/2025,09:32:02,49031.1,49031.1,300,49042.55,90,120,3092100
BANKNIFTY-I.NFO,18/02/2025,09:32:04,49045.1,49039.75,330,49049,30,180,3092100
BANKNIFTY-I.NFO,18/02/2025,09:32:05,49039.75,49043.05,240,49049,30,30,3092100
BANKNIFTY-I.NFO,18/02/2025,09:32:07,49048.7,49047.5,150,49063.25,30,390,3092100
BANKNIFTY-I.NFO,18/02/2025,09:32:09,49048.7,49052.45,150,49065.3,30,0,3092100
BANKNIFTY-I.NFO,18/02/2025,09:32:10,49066.65,49057.55,150,49072.9,30,120,3092100
BANKNIFTY-I.NFO,18/02/2025,09:32:12,49066.75,49067.55,90,49084,30,2220,3092100
BANKNIFTY-I.NFO,18/02/2025,09:32:14,49079.05,49079.05,30,49085.95,60,60,3092100
BANKNIFTY-I.NFO,18/02/2025,09:32:15,49085.95,49078,60,49079,30,60,3092100
BANKNIFTY-I.NFO,18/02/2025,09:32:17,49079.9,49078,30,49092.8,270,210,3092100
BANKNIFTY-I.NFO,18/02/2025,09:32:19,49078,49080,390,49090.4,240,90,3092100
BANKNIFTY-I.NFO,18/02/2025,09:32:20,49087.4,49080,360,49087.2,240,90,3092100
BANKNIFTY-I.NFO,18/02/2025,09:32:22,49074,49059.95,150,49078.75,240,1170,3092100
BANKNIFTY-I.NFO,18/02/2025,09:32:24,49059.95,49059.95,60,49075.2,240,450,3092100
BANKNIFTY-I.NFO,18/02/2025,09:32:25,49078.75,49074,600,49080,300,90,3092100
BANKNIFTY-I.NFO,18/02/2025,09:32:27,49080,49074,690,49080,270,90,3092100
BANKNIFTY-I.NFO,18/02/2025,09:32:29,49080,49079.75,30,49080,90,210,3092100
BANKNIFTY-I.NFO,18/02/2025,09:32:30,49078.75,49076,30,49089.95,240,240,3092100
BANKNIFTY-I.NFO,18/02/2025,09:32:32,49080,49080,90,49088.1,240,150,3092100
BANKNIFTY-I.NFO,18/02/2025,09:32:34,49080,49080,60,49084.7,240,30,3092100
BANKNIFTY-I.NFO,18/02/2025,09:32:35,49080,49080,30,49089.6,240,30,3092100
BANKNIFTY-I.NFO,18/02/2025,09:32:37,49074,49074,480,49085.85,240,390,3092100
BANKNIFTY-I.NFO,18/02/2025,09:32:39,49084.15,49074,480,49084.5,60,30,3092100
BANKNIFTY-I.NFO,18/02/2025,09:32:40,49080,49081.05,90,49084.5,60,30,3092100
BANKNIFTY-I.NFO,18/02/2025,09:32:42,49084.5,49081.05,90,49084.5,30,30,3092100
BANKNIFTY-I.NFO,18/02/2025,09:32:44,49084.5,49084.5,210,49090,390,30,3092100
BANKNIFTY-I.NFO,18/02/2025,09:32:45,49082.7,49074,510,49081.85,240,570,3092100
BANKNIFTY-I.NFO,18/02/2025,09:32:47,49073.9,49060.1,240,49075.4,180,630,3092100
BANKNIFTY-I.NFO,18/02/2025,09:32:49,49074.35,49060.15,30,49075.4,90,120,3092100
BANKNIFTY-I.NFO,18/02/2025,09:32:50,49069.4,49053.35,240,49069.4,90,600,3092100
BANKNIFTY-I.NFO,18/02/2025,09:32:52,49064.95,49053.15,30,49066.8,30,210,3092100
BANKNIFTY-I.NFO,18/02/2025,09:32:54,49068.1,49053.2,240,49071.45,60,30,3092100
BANKNIFTY-I.NFO,18/02/2025,09:32:55,49068.75,49053.2,240,49069.6,30,60,3092100
BANKNIFTY-I.NFO,18/02/2025,09:32:57,49068.75,49055.15,240,49071.2,60,0,3092100
BANKNIFTY-I.NFO,18/02/2025,09:32:59,49078.4,49068.75,30,49078.7,330,120,3092100
BANKNIFTY-I.NFO,18/02/2025,09:33:00,49072.05,49055.15,240,49071.8,30,360,3092100
BANKNIFTY-I.NFO,18/02/2025,09:33:02,49055.15,49055.15,240,49068.9,30,570,3092100
BANKNIFTY-I.NFO,18/02/2025,09:33:04,49072.5,49053.2,240,49072.25,210,90,3092100
BANKNIFTY-I.NFO,18/02/2025,09:33:05,49073,49055.05,240,49072.95,180,60,3092100
BANKNIFTY-I.NFO,18/02/2025,09:33:07,49073,49059.2,240,49078.65,180,30,3092100
BANKNIFTY-I.NFO,18/02/2025,09:33:09,49079.95,49063.8,240,49082.05,300,30,3092100
BANKNIFTY-I.NFO,18/02/2025,09:33:10,49085.95,49065.2,240,49081.65,60,120,3092100
BANKNIFTY-I.NFO,18/02/2025,09:33:12,49086.4,49080,30,49088.2,30,300,3092100
BANKNIFTY-I.NFO,18/02/2025,09:33:14,49078.65,49071.9,240,49089.95,90,120,3092100
BANKNIFTY-I.NFO,18/02/2025,09:33:15,49078.65,49077.25,240,49089.95,60,0,3092100
BANKNIFTY-I.NFO,18/02/2025,09:33:17,49088.15,49077.2,30,49086,330,120,3092100
BANKNIFTY-I.NFO,18/02/2025,09:33:19,49087.5,49077.2,30,49089.95,30,120,3092100
BANKNIFTY-I.NFO,18/02/2025,09:33:20,49090,49080,30,49090,300,120,3092100
BANKNIFTY-I.NFO,18/02/2025,09:33:22,49094.15,49080,60,49092.25,300,360,3092100
BANKNIFTY-I.NFO,18/02/2025,09:33:24,49094.15,49089.95,30,49092.25,30,0,3092100
BANKNIFTY-I.NFO,18/02/2025,09:33:25,49089.95,49080.15,240,49096.6,60,210,3092100
BANKNIFTY-I.NFO,18/02/2025,09:33:27,49090,49081,240,49090,270,30,3092100
BANKNIFTY-I.NFO,18/02/2025,09:33:29,49080.95,49080,120,49089.95,30,90,3092100
BANKNIFTY-I.NFO,18/02/2025,09:33:30,49080.95,49082.1,30,49089.95,30,0,3092100
BANKNIFTY-I.NFO,18/02/2025,09:33:32,49090,49082.1,30,49090,120,150,3092100
BANKNIFTY-I.NFO,18/02/2025,09:33:34,49090,49082.15,240,49090,120,0,3092100
BANKNIFTY-I.NFO,18/02/2025,09:33:35,49090,49082.1,30,49090,30,330,3092550
BANKNIFTY-I.NFO,18/02/2025,09:33:37,49090,49090,30,49097,30,30,3092550
BANKNIFTY-I.NFO,18/02/2025,09:33:39,49093.95,49090,60,49093.95,30,120,3092550
BANKNIFTY-I.NFO,18/02/2025,09:33:40,49090,49080.95,120,49088.55,30,60,3092550
BANKNIFTY-I.NFO,18/02/2025,09:33:42,49093.9,49085.1,30,49092.6,30,90,3092550
BANKNIFTY-I.NFO,18/02/2025,09:33:43,49085.1,49083.15,270,49093.95,30,30,3092550
BANKNIFTY-I.NFO,18/02/2025,09:33:45,49100.7,49085.05,270,49102,30,330,3092550
BANKNIFTY-I.NFO,18/02/2025,09:33:47,49085,49081,240,49097.3,30,510,3092550
BANKNIFTY-I.NFO,18/02/2025,09:33:48,49085,49080.95,120,49091.45,450,0,3092550
BANKNIFTY-I.NFO,18/02/2025,09:33:50,49081,49081,240,49096.7,90,90,3092550
BANKNIFTY-I.NFO,18/02/2025,09:33:52,49089.65,49080.95,120,49089.25,30,30,3092550
BANKNIFTY-I.NFO,18/02/2025,09:33:53,49089.65,49080.95,120,49094.25,60,0,3092550
BANKNIFTY-I.NFO,18/02/2025,09:33:55,49089.65,49081,60,49086.7,30,0,3092550
BANKNIFTY-I.NFO,18/02/2025,09:33:57,49086.05,49081,60,49086.55,30,30,3092550
BANKNIFTY-I.NFO,18/02/2025,09:33:58,49081.6,49077.2,30,49081.7,300,780,3092550
BANKNIFTY-I.NFO,18/02/2025,09:34:00,49077.2,49075,60,49080.05,30,120,3092550
BANKNIFTY-I.NFO,18/02/2025,09:34:02,49074.5,49070,30,49073.75,30,90,3092550
BANKNIFTY-I.NFO,18/02/2025,09:34:03,49070,49055.65,240,49070,30,90,3092550
BANKNIFTY-I.NFO,18/02/2025,09:34:05,49075.45,49057,240,49075.7,30,1380,3092550
BANKNIFTY-I.NFO,18/02/2025,09:34:06,49075.45,49057,270,49073.4,30,0,3092550
BANKNIFTY-I.NFO,18/02/2025,09:34:08,49073.4,49060.95,150,49080,240,510,3092550
BANKNIFTY-I.NFO,18/02/2025,09:34:10,49064.05,49064.7,60,49080.9,240,60,3092550
BANKNIFTY-I.NFO,18/02/2025,09:34:11,49062.1,49069.15,60,49080.95,30,2040,3092550
BANKNIFTY-I.NFO,18/02/2025,09:34:13,49094.95,49074.4,270,49094.95,210,690,3092550
BANKNIFTY-I.NFO,18/02/2025,09:34:15,49090.6,49073.95,240,49092.85,270,60,3092550
BANKNIFTY-I.NFO,18/02/2025,09:34:16,49090,49075.1,270,49095,30,1410,3092550
BANKNIFTY-I.NFO,18/02/2025,09:34:18,49090,49085,120,49095,30,0,3092550
BANKNIFTY-I.NFO,18/02/2025,09:34:20,49099,49085.05,240,49099.75,120,900,3092550
BANKNIFTY-I.NFO,18/02/2025,09:34:21,49099,49085,120,49093.8,120,0,3092550
BANKNIFTY-I.NFO,18/02/2025,09:34:23,49099,49085.05,240,49095.2,30,0,3092550
BANKNIFTY-I.NFO,18/02/2025,09:34:25,49085,49085,60,49095.2,30,60,3092550
BANKNIFTY-I.NFO,18/02/2025,09:34:26,49085,49085,30,49090,30,30,3092550
BANKNIFTY-I.NFO,18/02/2025,09:34:28,49087.7,49080.95,30,49087.9,60,150,3092550
BANKNIFTY-I.NFO,18/02/2025,09:34:30,49086,49080.95,30,49082.8,60,60,3092550
BANKNIFTY-I.NFO,18/02/2025,09:34:31,49080.95,49063.4,240,49079.2,90,30,3092550
BANKNIFTY-I.NFO,18/02/2025,09:34:33,49063.4,49063.4,240,49079.2,30,30,3092550
BANKNIFTY-I.NFO,18/02/2025,09:34:35,49084.55,49066.65,240,49084.35,30,540,3092550
BANKNIFTY-I.NFO,18/02/2025,09:34:36,49084.55,49079.2,30,49083.2,30,0,3092550
BANKNIFTY-I.NFO,18/02/2025,09:34:38,49084.55,49079.2,30,49087.4,60,90,3092550
BANKNIFTY-I.NFO,18/02/2025,09:34:40,49084.55,49079.2,30,49087.2,30,0,3092550
BANKNIFTY-I.NFO,18/02/2025,09:34:41,49084.55,49079.2,30,49087.4,60,0,3092550
BANKNIFTY-I.NFO,18/02/2025,09:34:45,49084.55,49079.25,240,49087.4,90,30,3092550
BANKNIFTY-I.NFO,18/02/2025,09:34:46,49084.55,49077,270,49087.4,210,0,3092550
BANKNIFTY-I.NFO,18/02/2025,09:34:48,49085,49076.4,30,49087.4,210,30,3092550
BANKNIFTY-I.NFO,18/02/2025,09:34:50,49085,49070.1,240,49087.15,180,0,3092550
BANKNIFTY-I.NFO,18/02/2025,09:34:51,49087.15,49070.3,270,49087.15,180,30,3092550
BANKNIFTY-I.NFO,18/02/2025,09:34:53,49070.3,49073.15,240,49087.15,150,240,3092550
BANKNIFTY-I.NFO,18/02/2025,09:34:55,49087.15,49077.55,270,49087.15,120,30,3092550
BANKNIFTY-I.NFO,18/02/2025,09:34:56,49087.15,49077.85,270,49087.15,120,0,3092550
BANKNIFTY-I.NFO,18/02/2025,09:34:58,49077.85,49077.85,270,49087.15,120,60,3092550
BANKNIFTY-I.NFO,18/02/2025,09:35:00,49077.85,49070.05,30,49079.5,240,0,3092550
BANKNIFTY-I.NFO,18/02/2025,09:35:01,49070.05,49065.05,30,49075.7,90,210,3092550
BANKNIFTY-I.NFO,18/02/2025,09:35:03,49058,49057.1,270,49065,30,150,3092550
BANKNIFTY-I.NFO,18/02/2025,09:35:05,49065,49057.95,240,49075.6,60,240,3092550
BANKNIFTY-I.NFO,18/02/2025,09:35:06,49060,49060,180,49075.6,240,240,3092550
BANKNIFTY-I.NFO,18/02/2025,09:35:08,49060,49062,60,49075.65,60,210,3092550
BANKNIFTY-I.NFO,18/02/2025,09:35:10,49060.05,49062.05,30,49075.65,90,150,3092550
BANKNIFTY-I.NFO,18/02/2025,09:35:11,49063.55,49067.2,30,49075.65,90,30,3092550
BANKNIFTY-I.NFO,18/02/2025,09:35:13,49075.65,49071.75,30,49079.95,30,90,3092550
BANKNIFTY-I.NFO,18/02/2025,09:35:15,49079.95,49076.8,300,49084.55,30,90,3092550
BANKNIFTY-I.NFO,18/02/2025,09:35:16,49084.95,49067.55,30,49084.95,240,90,3092550
BANKNIFTY-I.NFO,18/02/2025,09:35:18,49068.8,49073.75,30,49089.85,240,30,3092550
BANKNIFTY-I.NFO,18/02/2025,09:35:20,49089.9,49073.9,30,49089.85,240,60,3092550
BANKNIFTY-I.NFO,18/02/2025,09:35:21,49089.9,49070.05,30,49086.4,270,0,3092550
BANKNIFTY-I.NFO,18/02/2025,09:35:23,49070.05,49070,30,49084.9,300,600,3092550
BANKNIFTY-I.NFO,18/02/2025,09:35:25,49070.05,49070,30,49085.75,390,0,3092550
BANKNIFTY-I.NFO,18/02/2025,09:35:26,49070,49068.5,120,49085.55,240,30,3092550
BANKNIFTY-I.NFO,18/02/2025,09:35:28,49085.55,49072.2,300,49085.55,90,30,3092550
BANKNIFTY-I.NFO,18/02/2025,09:35:30,49085.4,49080.15,120,49090,480,180,3092550
BANKNIFTY-I.NFO,18/02/2025,09:35:31,49080.5,49080.4,180,49089.95,30,600,3092550
BANKNIFTY-I.NFO,18/02/2025,09:35:33,49080.5,49073.55,150,49089.8,240,0,3092550
BANKNIFTY-I.NFO,18/02/2025,09:35:35,49070.3,49071.45,90,49089.75,240,90,3092550
BANKNIFTY-I.NFO,18/02/2025,09:35:36,49070,49070,30,49085.3,240,30,3092550
BANKNIFTY-I.NFO,18/02/2025,09:35:38,49070,49070.4,60,49079.95,60,0,3092550
BANKNIFTY-I.NFO,18/02/2025,09:35:40,49080,49072.3,60,49085.25,30,210,3092550
BANKNIFTY-I.NFO,18/02/2025,09:35:41,49092.25,49074.85,150,49092.25,240,120,3092550
BANKNIFTY-I.NFO,18/02/2025,09:35:43,49073.85,49076.6,30,49090,60,180,3092550
BANKNIFTY-I.NFO,18/02/2025,09:35:45,49073.85,49080,30,49090,60,0,3092550
BANKNIFTY-I.NFO,18/02/2025,09:35:46,49090,49080,30,49090,30,60,3092550
BANKNIFTY-I.NFO,18/02/2025,09:35:48,49089.9,49080,30,49089.9,240,60,3092550
BANKNIFTY-I.NFO,18/02/2025,09:35:50,49089.95,49090,60,49092.25,60,30,3092550
BANKNIFTY-I.NFO,18/02/2025,09:35:51,49089.95,49090,60,49092.2,30,0,3092550
BANKNIFTY-I.NFO,18/02/2025,09:35:53,49080,49075.7,30,49092.15,240,90,3092550
BANKNIFTY-I.NFO,18/02/2025,09:35:55,49090,49071.7,270,49090.3,240,330,3092550
BANKNIFTY-I.NFO,18/02/2025,09:35:56,49074,49070.55,30,49088.85,300,270,3092550
BANKNIFTY-I.NFO,18/02/2025,09:35:58,49088.85,49080,300,49085,30,60,3092550
BANKNIFTY-I.NFO,18/02/2025,09:36:00,49088.85,49080,300,49084.95,60,0,3092550
BANKNIFTY-I.NFO,18/02/2025,09:36:03,49080,49080,270,49084.9,90,30,3092550
BANKNIFTY-I.NFO,18/02/2025,09:36:05,49084.85,49080,210,49084.85,270,90,3092550
BANKNIFTY-I.NFO,18/02/2025,09:36:06,49084.85,49080,210,49083.3,30,0,3092550
BANKNIFTY-I.NFO,18/02/2025,09:36:08,49080,49080,60,49083.1,30,180,3092550
BANKNIFTY-I.NFO,18/02/2025,09:36:10,49080,49075.85,180,49086.6,30,240,3092550
BANKNIFTY-I.NFO,18/02/2025,09:36:11,49080.3,49080.15,150,49086.6,30,60,3092550
BANKNIFTY-I.NFO,18/02/2025,09:36:13,49080.3,49073.9,150,49086.6,30,0,3092550
BANKNIFTY-I.NFO,18/02/2025,09:36:15,49080.3,49081,30,49085.15,240,0,3092550
BANKNIFTY-I.NFO,18/02/2025,09:36:16,49071,49070.3,60,49081.2,330,210,3092550
BANKNIFTY-I.NFO,18/02/2025,09:36:18,49068,49065.05,30,49076.45,300,180,3092550
BANKNIFTY-I.NFO,18/02/2025,09:36:20,49060.1,49060.05,90,49074.9,240,90,3092550
BANKNIFTY-I.NFO,18/02/2025,09:36:21,49060.05,49062.25,30,49074.85,30,60,3092550
BANKNIFTY-I.NFO,18/02/2025,09:36:23,49060.75,49060,300,49072.95,300,270,3092550
BANKNIFTY-I.NFO,18/02/2025,09:36:25,49060,49060,150,49065.25,240,180,3092550
BANKNIFTY-I.NFO,18/02/2025,09:36:26,49060,49060,60,49064.2,240,120,3092550
BANKNIFTY-I.NFO,18/02/2025,09:36:28,49060,49060,90,49063.45,240,0,3092550
BANKNIFTY-I.NFO,18/02/2025,09:36:30,49053.15,49052,30,49062.9,240,120,3092550
BANKNIFTY-I.NFO,18/02/2025,09:36:31,49050,49053.15,30,49062.3,270,780,3092550
BANKNIFTY-I.NFO,18/02/2025,09:36:33,49053.15,49050,2190,49054.65,30,30,3092550
BANKNIFTY-I.NFO,18/02/2025,09:36:35,49040.25,49040.25,330,49052.35,390,2340,3092550
BANKNIFTY-I.NFO,18/02/2025,09:36:36,49051.85,49040.25,330,49049.7,240,60,3095520
BANKNIFTY-I.NFO,18/02/2025,09:36:38,49047.7,49040.25,30,49047.75,120,360,3095520
BANKNIFTY-I.NFO,18/02/2025,09:36:40,49040.25,49040,90,49040.25,60,60,3095520
BANKNIFTY-I.NFO,18/02/2025,09:36:41,49040.25,49040.15,150,49047.7,30,210,3095520
BANKNIFTY-I.NFO,18/02/2025,09:36:43,49048.6,49048.5,60,49063.45,30,270,3095520
BANKNIFTY-I.NFO,18/02/2025,09:36:45,49063.45,49054.1,360,49063.5,60,60,3095520
BANKNIFTY-I.NFO,18/02/2025,09:36:46,49063.45,49054.2,60,49063.5,60,60,3095520
BANKNIFTY-I.NFO,18/02/2025,09:36:48,49063.5,49047.75,60,49062.4,240,30,3095520
BANKNIFTY-I.NFO,18/02/2025,09:36:50,49047.8,49047.75,30,49061.45,30,210,3095520
BANKNIFTY-I.NFO,18/02/2025,09:36:51,49060.85,49047.85,30,49061.35,30,30,3095520
BANKNIFTY-I.NFO,18/02/2025,09:36:53,49061.35,49050.25,30,49061.35,30,150,3095520
BANKNIFTY-I.NFO,18/02/2025,09:36:55,49061.35,49054.75,30,49061.4,30,180,3095520
BANKNIFTY-I.NFO,18/02/2025,09:36:56,49061.35,49054.85,30,49073.6,270,0,3095520
BANKNIFTY-I.NFO,18/02/2025,09:36:58,49053.35,49055,30,49072,270,360,3095520
BANKNIFTY-I.NFO,18/02/2025,09:37:00,49053.35,49055,30,49065.7,60,0,3095520
BANKNIFTY-I.NFO,18/02/2025,09:37:01,49051.25,49051.9,270,49065.7,30,60,3095520
BANKNIFTY-I.NFO,18/02/2025,09:37:03,49054,49054.7,300,49065.25,30,90,3095520
BANKNIFTY-I.NFO,18/02/2025,09:37:05,49060.25,49058.85,30,49073.6,30,90,3095520
BANKNIFTY-I.NFO,18/02/2025,09:37:06,49058.95,49059.7,300,49074.95,30,60,3095520
BANKNIFTY-I.NFO,18/02/2025,09:37:08,49080.65,49075,30,49085.25,30,120,3095520
BANKNIFTY-I.NFO,18/02/2025,09:37:10,49080.65,49075.05,30,49087.55,30,0,3095520
BANKNIFTY-I.NFO,18/02/2025,09:37:11,49087.6,49082,60,49095,30,90,3095520
BANKNIFTY-I.NFO,18/02/2025,09:37:13,49095,49082.95,60,49097.85,30,30,3095520
BANKNIFTY-I.NFO,18/02/2025,09:37:15,49084.65,49082.45,60,49097.45,30,120,3095520
BANKNIFTY-I.NFO,18/02/2025,09:37:16,49099,49087.95,60,49098.95,30,60,3095520
BANKNIFTY-I.NFO,18/02/2025,09:37:18,49108.9,49100,60,49108.3,30,540,3095520
BANKNIFTY-I.NFO,18/02/2025,09:37:20,49110,49094,30,49109.2,30,240,3095520
BANKNIFTY-I.NFO,18/02/2025,09:37:22,49109.2,49094.2,30,49108.6,30,30,3095520
BANKNIFTY-I.NFO,18/02/2025,09:37:23,49105.95,49091.4,30,49106.15,330,30,3095520
BANKNIFTY-I.NFO,18/02/2025,09:37:25,49102.75,49085.5,90,49091.4,30,90,3095520
BANKNIFTY-I.NFO,18/02/2025,09:37:27,49101.3,49093.1,30,49109.15,240,150,3095520
BANKNIFTY-I.NFO,18/02/2025,09:37:28,49101.3,49095.9,60,49108.1,30,0,3095520
BANKNIFTY-I.NFO,18/02/2025,09:37:30,49101.3,49097.45,180,49108.1,30,0,3095520
BANKNIFTY-I.NFO,18/02/2025,09:37:32,49108.1,49101.3,60,49107.05,30,30,3095520
BANKNIFTY-I.NFO,18/02/2025,09:37:33,49107.8,49101.3,60,49107.9,30,30,3095520
BANKNIFTY-I.NFO,18/02/2025,09:37:35,49101.3,49101.3,30,49107.9,30,30,3095520
BANKNIFTY-I.NFO,18/02/2025,09:37:37,49101.3,49101.3,30,49107.9,30,0,3095520
BANKNIFTY-I.NFO,18/02/2025,09:37:38,49101.3,49100,30,49107.9,30,30,3095520
BANKNIFTY-I.NFO,18/02/2025,09:37:40,49111,49103.35,60,49111,870,270,3095520
BANKNIFTY-I.NFO,18/02/2025,09:37:42,49115,49105.3,60,49118.8,30,990,3095520
BANKNIFTY-I.NFO,18/02/2025,09:37:43,49122.95,49122.6,30,49124,630,450,3095520
BANKNIFTY-I.NFO,18/02/2025,09:37:45,49124,49115.35,270,49124,480,180,3095520
BANKNIFTY-I.NFO,18/02/2025,09:37:47,49115.55,49119.8,30,49124,420,240,3095520
BANKNIFTY-I.NFO,18/02/2025,09:37:48,49124,49123,30,49124,300,180,3095520
BANKNIFTY-I.NFO,18/02/2025,09:37:50,49123.95,49119.8,30,49123.95,210,180,3095520
BANKNIFTY-I.NFO,18/02/2025,09:37:52,49115.8,49107.9,30,49115.35,90,180,3095520
BANKNIFTY-I.NFO,18/02/2025,09:37:53,49123.45,49106.9,270,49123.95,30,330,3095520
BANKNIFTY-I.NFO,18/02/2025,09:37:55,49123.35,49119,30,49123,30,300,3095520
BANKNIFTY-I.NFO,18/02/2025,09:37:57,49124,49119,60,49124,240,390,3095520
BANKNIFTY-I.NFO,18/02/2025,09:37:58,49124,49119,30,49124,150,90,3095520
BANKNIFTY-I.NFO,18/02/2025,09:38:00,49123.95,49122.15,30,49129,60,420,3095520
BANKNIFTY-I.NFO,18/02/2025,09:38:02,49139.75,49135.85,60,49139.55,90,330,3095520
BANKNIFTY-I.NFO,18/02/2025,09:38:03,49135.85,49132.2,30,49140,180,150,3095520
BANKNIFTY-I.NFO,18/02/2025,09:38:05,49149.95,49145,30,49149.95,30,420,3095520
BANKNIFTY-I.NFO,18/02/2025,09:38:07,49150,49148.8,30,49150,90,420,3095520
BANKNIFTY-I.NFO,18/02/2025,09:38:08,49149,49145,30,49150,90,90,3095520
BANKNIFTY-I.NFO,18/02/2025,09:38:10,49150,49140.05,30,49151.2,30,360,3095520
BANKNIFTY-I.NFO,18/02/2025,09:38:12,49151.2,49140.05,30,49150,30,30,3095520
BANKNIFTY-I.NFO,18/02/2025,09:38:13,49150,49147.4,60,49155,30,90,3095520
BANKNIFTY-I.NFO,18/02/2025,09:38:15,49152.2,49152.15,60,49155,30,60,3095520
BANKNIFTY-I.NFO,18/02/2025,09:38:17,49155,49153.45,30,49160,60,30,3095520
BANKNIFTY-I.NFO,18/02/2025,09:38:18,49154.1,49155.65,30,49168.95,150,300,3095520
BANKNIFTY-I.NFO,18/02/2025,09:38:20,49168.95,49165.1,30,49169,30,30,3095520
BANKNIFTY-I.NFO,18/02/2025,09:38:21,49170,49165.15,60,49170.1,30,90,3095520
BANKNIFTY-I.NFO,18/02/2025,09:38:23,49170.1,49165.2,30,49172,30,210,3095520
BANKNIFTY-I.NFO,18/02/2025,09:38:25,49170,49153.75,30,49175.1,240,2640,3095520
BANKNIFTY-I.NFO,18/02/2025,09:38:26,49179.35,49159.9,180,49179.25,240,240,3095520
BANKNIFTY-I.NFO,18/02/2025,09:38:28,49177.05,49156.05,240,49176.3,300,180,3095520
BANKNIFTY-I.NFO,18/02/2025,09:38:30,49173.45,49165.55,90,49179.9,60,270,3095520
BANKNIFTY-I.NFO,18/02/2025,09:38:31,49166.35,49161.2,30,49170.1,60,90,3095520
BANKNIFTY-I.NFO,18/02/2025,09:38:33,49175,49159,30,49173.55,240,90,3095520
BANKNIFTY-I.NFO,18/02/2025,09:38:35,49169.95,49152,30,49161.05,240,240,3095520
BANKNIFTY-I.NFO,18/02/2025,09:38:36,49152,49150,30,49156.7,30,330,3095520
BANKNIFTY-I.NFO,18/02/2025,09:38:38,49136.2,49131.7,240,49150.8,90,420,3095520
BANKNIFTY-I.NFO,18/02/2025,09:38:40,49136.2,49128.5,30,49143.2,90,0,3095520
BANKNIFTY-I.NFO,18/02/2025,09:38:41,49139.95,49127,30,49140.5,30,60,3095520
BANKNIFTY-I.NFO,18/02/2025,09:38:43,49142.45,49127.05,240,49144.65,30,60,3095520
BANKNIFTY-I.NFO,18/02/2025,09:38:45,49127.05,49127.05,240,49144.95,30,30,3095520
BANKNIFTY-I.NFO,18/02/2025,09:38:46,49150.05,49146.35,270,49164.95,30,120,3095520
BANKNIFTY-I.NFO,18/02/2025,09:38:48,49146.8,49149.8,240,49164.95,60,30,3095520
BANKNIFTY-I.NFO,18/02/2025,09:38:50,49147.4,49140.85,30,49155.8,240,480,3095520
BANKNIFTY-I.NFO,18/02/2025,09:38:51,49155,49140.85,30,49155,180,90,3095520
BANKNIFTY-I.NFO,18/02/2025,09:38:53,49155,49140.85,30,49145,30,0,3095520
BANKNIFTY-I.NFO,18/02/2025,09:38:55,49142.45,49127.05,270,49143.4,180,90,3095520
BANKNIFTY-I.NFO,18/02/2025,09:38:56,49142.45,49127.75,270,49144.95,180,0,3095520
BANKNIFTY-I.NFO,18/02/2025,09:38:58,49146.2,49130.85,240,49146.35,30,300,3095520
BANKNIFTY-I.NFO,18/02/2025,09:39:00,49155,49150.65,30,49156.8,30,90,3095520
BANKNIFTY-I.NFO,18/02/2025,09:39:01,49156.8,49150.65,60,49156.8,60,30,3095520
BANKNIFTY-I.NFO,18/02/2025,09:39:03,49156.65,49141.9,30,49156.45,30,210,3095520
BANKNIFTY-I.NFO,18/02/2025,09:39:05,49141.9,49140.95,240,49156.4,60,30,3095520
BANKNIFTY-I.NFO,18/02/2025,09:39:06,49146.85,49146.85,240,49156.8,30,150,3095520
BANKNIFTY-I.NFO,18/02/2025,09:39:08,49146.85,49146.85,240,49155,30,0,3095520
BANKNIFTY-I.NFO,18/02/2025,09:39:10,49146.85,49146.8,30,49153.9,90,0,3095520
BANKNIFTY-I.NFO,18/02/2025,09:39:11,49146.8,49143.4,120,49146.8,60,60,3095520
BANKNIFTY-I.NFO,18/02/2025,09:39:13,49143.4,49143.4,90,49146.8,60,60,3095520
BANKNIFTY-I.NFO,18/02/2025,09:39:15,49150,49145.05,240,49155,30,90,3095520
BANKNIFTY-I.NFO,18/02/2025,09:39:16,49156.65,49145.15,270,49156.8,30,60,3095520
BANKNIFTY-I.NFO,18/02/2025,09:39:18,49145.15,49148.65,240,49156.8,60,30,3095520
BANKNIFTY-I.NFO,18/02/2025,09:39:20,49156.8,49145,30,49156.8,30,30,3095520
BANKNIFTY-I.NFO,18/02/2025,09:39:21,49156.8,49145.05,240,49155,30,0,3095520
BANKNIFTY-I.NFO,18/02/2025,09:39:23,49151.6,49152.55,240,49159,30,120,3095520
BANKNIFTY-I.NFO,18/02/2025,09:39:25,49152.2,49152.1,270,49159,30,30,3095520
BANKNIFTY-I.NFO,18/02/2025,09:39:26,49159,49150.1,240,49159.85,30,30,3095520
BANKNIFTY-I.NFO,18/02/2025,09:39:28,49159.85,49154.3,60,49165,30,30,3095520
BANKNIFTY-I.NFO,18/02/2025,09:39:30,49159,49154.55,240,49165,30,30,3095520
BANKNIFTY-I.NFO,18/02/2025,09:39:31,49159,49154.75,270,49165,30,0,3095520
BANKNIFTY-I.NFO,18/02/2025,09:39:33,49165,49154.5,30,49169.75,180,30,3095520
BANKNIFTY-I.NFO,18/02/2025,09:39:35,49169.6,49154.55,240,49169.65,120,30,3095520
BANKNIFTY-I.NFO,18/02/2025,09:39:38,49180,49180,900,49180.8,60,8130,3099000
BANKNIFTY-I.NFO,18/02/2025,09:39:40,49183,49170,90,49184,90,2370,3099000
BANKNIFTY-I.NFO,18/02/2025,09:39:41,49170,49170,60,49183,30,30,3099000
BANKNIFTY-I.NFO,18/02/2025,09:39:43,49175.7,49169.95,30,49177.1,30,240,3099000
BANKNIFTY-I.NFO,18/02/2025,09:39:45,49176,49169.95,30,49175,60,30,3099000
BANKNIFTY-I.NFO,18/02/2025,09:39:46,49169.95,49156.25,240,49175,30,60,3099000
BANKNIFTY-I.NFO,18/02/2025,09:39:48,49180.95,49163.9,270,49182.6,30,120,3099000
BANKNIFTY-I.NFO,18/02/2025,09:39:50,49181.65,49164.15,240,49181.7,30,120,3099000
BANKNIFTY-I.NFO,18/02/2025,09:39:51,49155.9,49155.85,30,49172.75,240,630,3099000
BANKNIFTY-I.NFO,18/02/2025,09:39:53,49171.25,49164,30,49170.55,270,30,3099000
BANKNIFTY-I.NFO,18/02/2025,09:39:55,49168.65,49155.95,240,49173.85,300,120,3099000
BANKNIFTY-I.NFO,18/02/2025,09:39:56,49157.35,49157.85,210,49173.05,240,30,3099000
BANKNIFTY-I.NFO,18/02/2025,09:39:58,49172.05,49164,30,49172.7,240,120,3099000
BANKNIFTY-I.NFO,18/02/2025,09:40:00,49155.9,49155.9,60,49167.3,240,120,3099000
BANKNIFTY-I.NFO,18/02/2025,09:40:01,49164.45,49155.95,30,49164.05,90,120,3099000
BANKNIFTY-I.NFO,18/02/2025,09:40:03,49155.95,49155.9,60,49161.5,90,60,3099000
BANKNIFTY-I.NFO,18/02/2025,09:40:05,49155.9,49155.9,30,49161.4,30,30,3099000
BANKNIFTY-I.NFO,18/02/2025,09:40:06,49155.9,49155.9,30,49159.5,30,0,3099000
BANKNIFTY-I.NFO,18/02/2025,09:40:08,49159.5,49154.2,270,49168.65,30,60,3099000
BANKNIFTY-I.NFO,18/02/2025,09:40:10,49152.15,49150.35,180,49165.55,300,390,3099000
BANKNIFTY-I.NFO,18/02/2025,09:40:11,49164.45,49159.45,180,49168.65,30,90,3099000
BANKNIFTY-I.NFO,18/02/2025,09:40:13,49175,49168.7,60,49176,360,420,3099000
BANKNIFTY-I.NFO,18/02/2025,09:40:15,49169,49168.25,30,49176,330,60,3099000
BANKNIFTY-I.NFO,18/02/2025,09:40:16,49172.15,49171,60,49180.95,30,360,3099000
BANKNIFTY-I.NFO,18/02/2025,09:40:18,49176,49172.4,30,49181,60,120,3099000
BANKNIFTY-I.NFO,18/02/2025,09:40:20,49178,49176.85,60,49187.6,30,360,3099000
BANKNIFTY-I.NFO,18/02/2025,09:40:21,49192,49187.6,30,49195,60,1290,3099000
BANKNIFTY-I.NFO,18/02/2025,09:40:23,49197,49196.2,30,49198,60,270,3099000
BANKNIFTY-I.NFO,18/02/2025,09:40:25,49202.05,49202.05,30,49208.9,30,900,3099000
BANKNIFTY-I.NFO,18/02/2025,09:40:26,49202.05,49202,30,49207.8,270,270,3099000
BANKNIFTY-I.NFO,18/02/2025,09:40:28,49196.25,49196.2,300,49199.65,330,660,3099000
BANKNIFTY-I.NFO,18/02/2025,09:40:30,49202.85,49200.6,30,49207,30,1110,3099000
BANKNIFTY-I.NFO,18/02/2025,09:40:31,49206.85,49189.55,270,49205.9,60,300,3099000
BANKNIFTY-I.NFO,18/02/2025,09:40:33,49186.4,49189.45,270,49196.2,90,180,3099000
BANKNIFTY-I.NFO,18/02/2025,09:40:35,49190.4,49185.2,270,49203.05,300,1290,3099000
BANKNIFTY-I.NFO,18/02/2025,09:40:36,49190.15,49181,30,49193.7,240,60,3099000
BANKNIFTY-I.NFO,18/02/2025,09:40:38,49200,49186.5,270,49202.65,300,30,3099000
BANKNIFTY-I.NFO,18/02/2025,09:40:40,49189.55,49181,30,49189.55,270,300,3099000
BANKNIFTY-I.NFO,18/02/2025,09:40:41,49189.55,49182.2,30,49189.55,150,180,3099000
BANKNIFTY-I.NFO,18/02/2025,09:40:43,49189.55,49187.45,30,49200,120,150,3099000
BANKNIFTY-I.NFO,18/02/2025,09:40:45,49189.55,49194,30,49199.75,240,0,3099000
BANKNIFTY-I.NFO,18/02/2025,09:40:46,49182.2,49181.05,30,49195.75,30,2040,3099000
BANKNIFTY-I.NFO,18/02/2025,09:40:48,49194.9,49186.05,30,49194.9,30,60,3099000
BANKNIFTY-I.NFO,18/02/2025,09:40:50,49194.95,49186.05,30,49194.95,60,30,3099000
BANKNIFTY-I.NFO,18/02/2025,09:40:51,49176.7,49175,60,49180.85,30,1590,3099000
BANKNIFTY-I.NFO,18/02/2025,09:40:53,49176.7,49175,60,49180.85,30,0,3099000
BANKNIFTY-I.NFO,18/02/2025,09:40:55,49180.85,49180.85,60,49190.05,30,90,3099000
BANKNIFTY-I.NFO,18/02/2025,09:40:56,49180.9,49181.35,270,49194.9,60,420,3099000
BANKNIFTY-I.NFO,18/02/2025,09:40:58,49180.9,49187.5,300,49194.85,30,0,3099000
BANKNIFTY-I.NFO,18/02/2025,09:41:00,49193,49186.7,240,49194.85,60,390,3099000
BANKNIFTY-I.NFO,18/02/2025,09:41:01,49193,49186.05,30,49188.3,30,0,3099000
BANKNIFTY-I.NFO,18/02/2025,09:41:03,49180.85,49180.85,30,49186.05,60,90,3099000
BANKNIFTY-I.NFO,18/02/2025,09:41:05,49188.7,49180.85,30,49190.4,30,210,3099000
BANKNIFTY-I.NFO,18/02/2025,09:41:06,49183,49175,60,49182.95,90,270,3099000
BANKNIFTY-I.NFO,18/02/2025,09:41:08,49183.9,49176.45,270,49192.1,30,60,3099000
BANKNIFTY-I.NFO,18/02/2025,09:41:10,49183.9,49175.05,30,49189,300,0,3099000
BANKNIFTY-I.NFO,18/02/2025,09:41:11,49183.9,49176.1,270,49190,30,0,3099000
BANKNIFTY-I.NFO,18/02/2025,09:41:13,49183.9,49177.7,270,49190,30,0,3099000
BANKNIFTY-I.NFO,18/02/2025,09:41:15,49183.9,49175,60,49185.15,60,0,3099000
BANKNIFTY-I.NFO,18/02/2025,09:41:16,49185,49175,60,49186.4,30,60,3099000
BANKNIFTY-I.NFO,18/02/2025,09:41:18,49175,49170,150,49177.3,30,90,3099000
BANKNIFTY-I.NFO,18/02/2025,09:41:20,49178.7,49170.85,30,49178.7,30,30,3099000
BANKNIFTY-I.NFO,18/02/2025,09:41:22,49170,49156.15,270,49172.7,60,150,3099000
BANKNIFTY-I.NFO,18/02/2025,09:41:23,49170,49156.1,30,49167.1,600,0,3099000
BANKNIFTY-I.NFO,18/02/2025,09:41:25,49165.15,49155.9,30,49160.8,30,90,3099000
BANKNIFTY-I.NFO,18/02/2025,09:41:27,49155.9,49152,360,49160.05,30,30,3099000
BANKNIFTY-I.NFO,18/02/2025,09:41:28,49155.9,49153.8,30,49166.15,30,0,3099000
BANKNIFTY-I.NFO,18/02/2025,09:41:30,49160.05,49160.1,30,49170.65,60,90,3099000
BANKNIFTY-I.NFO,18/02/2025,09:41:32,49160.05,49166.3,30,49175,30,0,3099000
BANKNIFTY-I.NFO,18/02/2025,09:41:33,49174.9,49171.9,270,49174.9,30,60,3099000
BANKNIFTY-I.NFO,18/02/2025,09:41:35,49173.85,49168.55,240,49185.05,120,240,3099000
BANKNIFTY-I.NFO,18/02/2025,09:41:37,49173.85,49167.6,240,49186.4,60,0,3099000
BANKNIFTY-I.NFO,18/02/2025,09:41:38,49173.85,49173.85,270,49189.95,60,0,3099000
BANKNIFTY-I.NFO,18/02/2025,09:41:40,49189.9,49178.35,270,49190,60,600,3099000
BANKNIFTY-I.NFO,18/02/2025,09:41:42,49190,49182.7,270,49190,60,60,3099000
BANKNIFTY-I.NFO,18/02/2025,09:41:43,49183.35,49182.7,30,49190,60,30,3099000
BANKNIFTY-I.NFO,18/02/2025,09:41:45,49183.35,49186.45,30,49190,60,0,3099000
BANKNIFTY-I.NFO,18/02/2025,09:41:47,49194.85,49188.05,30,49194.9,30,240,3099000
BANKNIFTY-I.NFO,18/02/2025,09:41:48,49194.85,49188.1,30,49194.9,30,60,3099000
BANKNIFTY-I.NFO,18/02/2025,09:41:50,49190,49189.5,30,49194.9,30,30,3099000
BANKNIFTY-I.NFO,18/02/2025,09:41:52,49194.9,49189.5,60,49195,30,30,3099000
BANKNIFTY-I.NFO,18/02/2025,09:41:53,49194,49189.5,60,49199,60,60,3099000
BANKNIFTY-I.NFO,18/02/2025,09:41:55,49190,49189.5,30,49194.9,30,60,3099000
BANKNIFTY-I.NFO,18/02/2025,09:41:57,49194.9,49187.75,30,49199,60,90,3099000
BANKNIFTY-I.NFO,18/02/2025,09:41:58,49194.9,49194.9,30,49199,60,0,3099000
BANKNIFTY-I.NFO,18/02/2025,09:42:00,49194.9,49194.9,30,49198.95,60,0,3099000
BANKNIFTY-I.NFO,18/02/2025,09:42:02,49201,49198.4,30,49203,30,600,3099000
BANKNIFTY-I.NFO,18/02/2025,09:42:03,49209,49199.75,360,49209,30,270,3099000
BANKNIFTY-I.NFO,18/02/2025,09:42:05,49210,49201.85,300,49210,60,210,3099000
BANKNIFTY-I.NFO,18/02/2025,09:42:06,49218.25,49212,30,49219,30,210,3099000
BANKNIFTY-I.NFO,18/02/2025,09:42:08,49202.5,49202.5,270,49217.45,210,90,3099000
BANKNIFTY-I.NFO,18/02/2025,09:42:10,49216.7,49209,30,49214.95,120,150,3099000
BANKNIFTY-I.NFO,18/02/2025,09:42:11,49217.3,49209,30,49215.55,90,120,3099000
BANKNIFTY-I.NFO,18/02/2025,09:42:13,49215.15,49209,30,49218.2,30,60,3099000
BANKNIFTY-I.NFO,18/02/2025,09:42:15,49220,49209,30,49220,150,210,3099000
BANKNIFTY-I.NFO,18/02/2025,09:42:16,49215.15,49204.25,270,49220,180,90,3099000
BANKNIFTY-I.NFO,18/02/2025,09:42:18,49215.15,49210.7,270,49218,30,0,3099000
BANKNIFTY-I.NFO,18/02/2025,09:42:20,49219.95,49207.15,30,49219.9,60,120,3099000
BANKNIFTY-I.NFO,18/02/2025,09:42:21,49218.6,49210,150,49217.8,60,60,3099000
BANKNIFTY-I.NFO,18/02/2025,09:42:23,49217.95,49199.55,30,49215,30,360,3099000
BANKNIFTY-I.NFO,18/02/2025,09:42:25,49210,49202.9,270,49219,30,30,3099000
BANKNIFTY-I.NFO,18/02/2025,09:42:26,49219,49205.7,270,49215,30,120,3099000
BANKNIFTY-I.NFO,18/02/2025,09:42:28,49219.85,49210,60,49219.95,30,90,3099000
BANKNIFTY-I.NFO,18/02/2025,09:42:30,49210,49210,30,49214.95,30,30,3099000
BANKNIFTY-I.NFO,18/02/2025,09:42:31,49209.35,49189.15,270,49206.95,60,990,3099000
BANKNIFTY-I.NFO,18/02/2025,09:42:33,49189.65,49192.05,270,49205.45,60,30,3099000
BANKNIFTY-I.NFO,18/02/2025,09:42:35,49205.45,49196.15,90,49210,30,60,3099000
BANKNIFTY-I.NFO,18/02/2025,09:42:36,49199.2,49200.5,270,49210,30,30,3101640
BANKNIFTY-I.NFO,18/02/2025,09:42:38,49194.1,49200.95,270,49210,30,60,3101640
BANKNIFTY-I.NFO,18/02/2025,09:42:40,49194.1,49190.6,240,49207.65,120,0,3101640
BANKNIFTY-I.NFO,18/02/2025,09:42:41,49200.95,49189.9,270,49207.65,60,90,3101640
BANKNIFTY-I.NFO,18/02/2025,09:42:43,49190.65,49189.95,30,49199,30,30,3101640
BANKNIFTY-I.NFO,18/02/2025,09:42:45,49188.25,49183.65,240,49197.4,30,90,3101640
BANKNIFTY-I.NFO,18/02/2025,09:42:46,49188.25,49179.8,270,49196.4,90,0,3101640
BANKNIFTY-I.NFO,18/02/2025,09:42:48,49188.25,49188.25,60,49195.3,30,0,3101640
BANKNIFTY-I.NFO,18/02/2025,09:42:50,49188.25,49180,30,49190.15,60,60,3101640
BANKNIFTY-I.NFO,18/02/2025,09:42:51,49188.25,49180,30,49194.15,60,0,3101640
BANKNIFTY-I.NFO,18/02/2025,09:42:53,49180.65,49180,30,49194.85,90,30,3101640
BANKNIFTY-I.NFO,18/02/2025,09:42:55,49180,49182.7,240,49195.65,60,960,3101640
BANKNIFTY-I.NFO,18/02/2025,09:42:56,49183.7,49187.1,30,49195,30,30,3101640
BANKNIFTY-I.NFO,18/02/2025,09:42:58,49182.5,49180.35,270,49194.55,30,30,3101640
BANKNIFTY-I.NFO,18/02/2025,09:42:59,49194.2,49181.45,30,49194.4,120,60,3101640
BANKNIFTY-I.NFO,18/02/2025,09:43:01,49189.3,49189.5,30,49194.4,150,60,3101640
BANKNIFTY-I.NFO,18/02/2025,09:43:03,49189.3,49193.15,30,49194.3,90,120,3101640
BANKNIFTY-I.NFO,18/02/2025,09:43:04,49194.2,49189.3,30,49194.25,120,60,3101640
BANKNIFTY-I.NFO,18/02/2025,09:43:06,49194.2,49187.15,30,49194.25,120,0,3101640
BANKNIFTY-I.NFO,18/02/2025,09:43:08,49191.4,49188.55,180,49200,30,660,3101640
BANKNIFTY-I.NFO,18/02/2025,09:43:09,49195,49191.75,90,49200,30,150,3101640
BANKNIFTY-I.NFO,18/02/2025,09:43:11,49205.25,49196.55,30,49208.8,30,90,3101640
BANKNIFTY-I.NFO,18/02/2025,09:43:13,49205.25,49200,30,49209.85,600,0,3101640
BANKNIFTY-I.NFO,18/02/2025,09:43:14,49205.25,49200.4,120,49209.8,30,0,3101640
BANKNIFTY-I.NFO,18/02/2025,09:43:16,49210.9,49205.35,120,49215,120,90,3101640
BANKNIFTY-I.NFO,18/02/2025,09:43:18,49214.95,49196.3,120,49212.4,330,60,3101640
BANKNIFTY-I.NFO,18/02/2025,09:43:19,49214.95,49206.35,30,49213.95,60,0,3101640
BANKNIFTY-I.NFO,18/02/2025,09:43:21,49214.95,49204.85,120,49213.95,60,0,3101640
BANKNIFTY-I.NFO,18/02/2025,09:43:23,49214.95,49206.05,30,49213.95,60,0,3101640
BANKNIFTY-I.NFO,18/02/2025,09:43:25,49213.9,49201,30,49212.9,30,120,3101640
BANKNIFTY-I.NFO,18/02/2025,09:43:26,49206.05,49201,30,49209.65,240,30,3101640
BANKNIFTY-I.NFO,18/02/2025,09:43:28,49209.3,49201,30,49209.6,90,60,3101640
BANKNIFTY-I.NFO,18/02/2025,09:43:30,49209.6,49204.5,30,49213.95,60,120,3101640
BANKNIFTY-I.NFO,18/02/2025,09:43:31,49204.5,49205.65,30,49213.95,60,30,3101640
BANKNIFTY-I.NFO,18/02/2025,09:43:33,49203.4,49204.25,90,49213.9,60,90,3101640
BANKNIFTY-I.NFO,18/02/2025,09:43:35,49213.35,49200.85,30,49213.85,240,60,3101640
BANKNIFTY-I.NFO,18/02/2025,09:43:36,49213.35,49204.25,30,49212.55,270,0,3101640
BANKNIFTY-I.NFO,18/02/2025,09:43:38,49213.35,49204.25,30,49208.45,30,0,3101640
BANKNIFTY-I.NFO,18/02/2025,09:43:40,49210,49205.45,30,49213.9,60,60,3101640
BANKNIFTY-I.NFO,18/02/2025,09:43:41,49213.9,49204.65,30,49213.85,30,30,3101640
BANKNIFTY-I.NFO,18/02/2025,09:43:43,49213,49208.5,30,49213.9,30,210,3101640
BANKNIFTY-I.NFO,18/02/2025,09:43:45,49215.25,49209.2,30,49219,60,240,3101640
BANKNIFTY-I.NFO,18/02/2025,09:43:46,49213.9,49208.45,90,49218.05,30,30,3101640
BANKNIFTY-I.NFO,18/02/2025,09:43:48,49218.95,49209.15,30,49219,60,60,3101640
BANKNIFTY-I.NFO,18/02/2025,09:43:50,49209.45,49210.6,30,49219,60,30,3101640
BANKNIFTY-I.NFO,18/02/2025,09:43:51,49221,49221,30,49224.05,30,1560,3101640
BANKNIFTY-I.NFO,18/02/2025,09:43:53,49213.9,49208.5,30,49222.75,270,60,3101640
BANKNIFTY-I.NFO,18/02/2025,09:43:55,49224.75,49213.65,30,49224.95,30,330,3101640
BANKNIFTY-I.NFO,18/02/2025,09:43:56,49224.05,49221,30,49224.05,30,30,3101640
BANKNIFTY-I.NFO,18/02/2025,09:43:58,49224.9,49213.85,30,49224.95,30,240,3101640
BANKNIFTY-I.NFO,18/02/2025,09:44:00,49215,49215,90,49219.85,270,120,3101640
BANKNIFTY-I.NFO,18/02/2025,09:44:01,49215,49210,60,49215.05,30,120,3101640
BANKNIFTY-I.NFO,18/02/2025,09:44:03,49210,49210,30,49218.05,300,210,3101640
BANKNIFTY-I.NFO,18/02/2025,09:44:05,49218.7,49208.45,30,49217.4,210,90,3101640
BANKNIFTY-I.NFO,18/02/2025,09:44:06,49204,49200.25,30,49215.2,180,90,3101640
BANKNIFTY-I.NFO,18/02/2025,09:44:08,49207.95,49200.05,90,49210.95,120,60,3101640
BANKNIFTY-I.NFO,18/02/2025,09:44:09,49210.95,49200.05,90,49206.6,120,30,3101640
BANKNIFTY-I.NFO,18/02/2025,09:44:11,49200.05,49200.05,30,49203.25,90,90,3101640
BANKNIFTY-I.NFO,18/02/2025,09:44:13,49199.7,49192.7,30,49195.15,30,330,3101640
BANKNIFTY-I.NFO,18/02/2025,09:44:14,49195.15,49199.3,240,49214.95,90,180,3101640
BANKNIFTY-I.NFO,18/02/2025,09:44:16,49200.7,49189.35,240,49207.3,120,60,3101640
BANKNIFTY-I.NFO,18/02/2025,09:44:18,49187.55,49187.55,240,49204.65,150,60,3101640
BANKNIFTY-I.NFO,18/02/2025,09:44:19,49200,49200,30,49200.7,30,60,3101640
BANKNIFTY-I.NFO,18/02/2025,09:44:21,49200,49187.65,30,49197.9,30,30,3101640
BANKNIFTY-I.NFO,18/02/2025,09:44:23,49187.65,49180,90,49194.1,120,30,3101640
BANKNIFTY-I.NFO,18/02/2025,09:44:24,49187.65,49180,90,49188.1,30,0,3101640
BANKNIFTY-I.NFO,18/02/2025,09:44:26,49180,49180,60,49188,120,60,3101640
BANKNIFTY-I.NFO,18/02/2025,09:44:28,49187.3,49180.05,30,49188.15,360,60,3101640
BANKNIFTY-I.NFO,18/02/2025,09:44:29,49183.25,49181.4,270,49188.15,300,90,3101640
BANKNIFTY-I.NFO,18/02/2025,09:44:31,49188.1,49180,30,49188.1,30,180,3101640
BANKNIFTY-I.NFO,18/02/2025,09:44:33,49188.1,49180,30,49187.8,30,0,3101640
BANKNIFTY-I.NFO,18/02/2025,09:44:34,49187.7,49180,30,49187.95,60,60,3101640
BANKNIFTY-I.NFO,18/02/2025,09:44:36,49180,49173.25,30,49180,270,30,3101640
BANKNIFTY-I.NFO,18/02/2025,09:44:38,49179.45,49172.85,270,49180,270,30,3101640
BANKNIFTY-I.NFO,18/02/2025,09:44:39,49179,49176.65,270,49180,30,330,3101640
BANKNIFTY-I.NFO,18/02/2025,09:44:41,49180,49179.25,270,49187.95,60,30,3101640
BANKNIFTY-I.NFO,18/02/2025,09:44:43,49188.1,49188.7,30,49198,30,90,3101640
BANKNIFTY-I.NFO,18/02/2025,09:44:44,49189.35,49188,270,49198,30,30,3101640
BANKNIFTY-I.NFO,18/02/2025,09:44:46,49189.35,49188.35,30,49196,30,0,3101640
BANKNIFTY-I.NFO,18/02/2025,09:44:47,49189.35,49189.35,30,49196,30,0,3101640
BANKNIFTY-I.NFO,18/02/2025,09:44:49,49202,49190.1,270,49196,30,240,3101640
BANKNIFTY-I.NFO,18/02/2025,09:44:51,49189.3,49190.85,270,49196,30,60,3101640
BANKNIFTY-I.NFO,18/02/2025,09:44:52,49189.3,49190.85,270,49196,30,0,3101640
BANKNIFTY-I.NFO,18/02/2025,09:44:54,49190.85,49191.35,300,49196,60,30,3101640
BANKNIFTY-I.NFO,18/02/2025,09:44:56,49196,49197.25,270,49210,30,120,3101640
BANKNIFTY-I.NFO,18/02/2025,09:44:57,49196,49196.95,270,49210,30,0,3101640
BANKNIFTY-I.NFO,18/02/2025,09:44:59,49209.85,49189,300,49207.9,90,90,3101640
BANKNIFTY-I.NFO,18/02/2025,09:45:01,49209.85,49187.95,30,49195.9,90,0,3101640
BANKNIFTY-I.NFO,18/02/2025,09:45:02,49195.7,49187.95,30,49194.85,60,90,3101640
BANKNIFTY-I.NFO,18/02/2025,09:45:04,49195.7,49187.95,30,49192.3,60,0,3101640
BANKNIFTY-I.NFO,18/02/2025,09:45:06,49185,49169.45,30,49180.5,30,90,3101640
BANKNIFTY-I.NFO,18/02/2025,09:45:07,49165.3,49174.45,270,49180.45,30,60,3101640
BANKNIFTY-I.NFO,18/02/2025,09:45:09,49168.45,49173.15,270,49180.45,30,30,3101640
BANKNIFTY-I.NFO,18/02/2025,09:45:11,49169.6,49164.75,270,49179.4,90,60,3101640
BANKNIFTY-I.NFO,18/02/2025,09:45:12,49169.6,49172.7,270,49179.4,30,0,3101640
BANKNIFTY-I.NFO,18/02/2025,09:45:14,49189.95,49179.4,270,49192.35,60,90,3101640
BANKNIFTY-I.NFO,18/02/2025,09:45:16,49179.9,49187.85,30,49192.35,60,30,3101640
BANKNIFTY-I.NFO,18/02/2025,09:45:17,49179.9,49183.95,270,49192.35,60,0,3101640
BANKNIFTY-I.NFO,18/02/2025,09:45:19,49179.9,49180.7,30,49192.3,60,0,3101640
BANKNIFTY-I.NFO,18/02/2025,09:45:21,49180.7,49175.85,270,49191.75,180,30,3101640
BANKNIFTY-I.NFO,18/02/2025,09:45:22,49191.75,49177.25,270,49192.25,150,60,3101640
BANKNIFTY-I.NFO,18/02/2025,09:45:24,49191.75,49174.95,30,49190.7,180,0,3101640
BANKNIFTY-I.NFO,18/02/2025,09:45:26,49191.75,49184.25,30,49192.3,60,0,3101640
BANKNIFTY-I.NFO,18/02/2025,09:45:28,49195,49191.95,270,49206.5,30,210,3101640
BANKNIFTY-I.NFO,18/02/2025,09:45:29,49195,49206.5,540,49208.5,30,0,3101640
BANKNIFTY-I.NFO,18/02/2025,09:45:31,49195,49206.5,540,49208,30,0,3101640
BANKNIFTY-I.NFO,18/02/2025,09:45:33,49206.5,49206.5,420,49208,30,120,3101640
BANKNIFTY-I.NFO,18/02/2025,09:45:34,49206.5,49194.55,240,49207.9,30,0,3101640
BANKNIFTY-I.NFO,18/02/2025,09:45:36,49206.5,49200,30,49207.95,60,0,3101640
BANKNIFTY-I.NFO,18/02/2025,09:45:37,49206.5,49200.05,30,49207.95,90,0,3101640
BANKNIFTY-I.NFO,18/02/2025,09:45:39,49200,49198.3,270,49207.95,90,30,3102960
BANKNIFTY-I.NFO,18/02/2025,09:45:41,49200,49206.5,30,49207.95,90,0,3102960
BANKNIFTY-I.NFO,18/02/2025,09:45:42,49206.5,49192.6,30,49198.3,30,30,3102960
BANKNIFTY-I.NFO,18/02/2025,09:45:44,49187.65,49188.95,270,49198.3,30,90,3102960
BANKNIFTY-I.NFO,18/02/2025,09:45:46,49205.95,49197.2,270,49206,30,60,3102960
BANKNIFTY-I.NFO,18/02/2025,09:45:47,49198.3,49198.2,30,49206,60,30,3102960
BANKNIFTY-I.NFO,18/02/2025,09:45:49,49198.3,49198.85,60,49205.95,120,0,3102960
BANKNIFTY-I.NFO,18/02/2025,09:45:51,49198.3,49198.8,30,49205.95,120,0,3102960
BANKNIFTY-I.NFO,18/02/2025,09:45:52,49205.9,49198.75,30,49205.95,120,30,3102960
BANKNIFTY-I.NFO,18/02/2025,09:45:54,49206,49204.9,30,49207.95,60,210,3102960
BANKNIFTY-I.NFO,18/02/2025,09:45:56,49206,49204.85,30,49207.95,60,0,3102960
BANKNIFTY-I.NFO,18/02/2025,09:45:57,49206,49200,120,49206.1,210,0,3102960
BANKNIFTY-I.NFO,18/02/2025,09:45:59,49207.95,49200.5,270,49207.95,30,60,3102960
BANKNIFTY-I.NFO,18/02/2025,09:46:01,49207.85,49207.85,60,49216,60,360,3102960
BANKNIFTY-I.NFO,18/02/2025,09:46:02,49216,49206,30,49218.95,30,210,3102960
BANKNIFTY-I.NFO,18/02/2025,09:46:04,49206,49202.5,30,49207.8,30,120,3102960
BANKNIFTY-I.NFO,18/02/2025,09:46:06,49205.6,49206.5,180,49218.65,30,120,3102960
BANKNIFTY-I.NFO,18/02/2025,09:46:07,49219.5,49206.65,30,49218.95,30,90,3102960
BANKNIFTY-I.NFO,18/02/2025,09:46:09,49219.5,49204.95,30,49219.35,270,0,3102960
BANKNIFTY-I.NFO,18/02/2025,09:46:11,49208.1,49208.7,60,49219.9,30,90,3102960
BANKNIFTY-I.NFO,18/02/2025,09:46:12,49219.9,49212.65,30,49220,30,30,3102960
BANKNIFTY-I.NFO,18/02/2025,09:46:14,49216.5,49215.5,30,49220,30,60,3102960
BANKNIFTY-I.NFO,18/02/2025,09:46:16,49220,49219.2,90,49224.9,30,90,3102960
BANKNIFTY-I.NFO,18/02/2025,09:46:17,49224.9,49220,600,49224.85,60,60,3102960
BANKNIFTY-I.NFO,18/02/2025,09:46:19,49224.85,49220.8,30,49224.85,30,30,3102960
BANKNIFTY-I.NFO,18/02/2025,09:46:21,49224.85,49220,630,49224.85,60,90,3102960
BANKNIFTY-I.NFO,18/02/2025,09:46:22,49230,49227,30,49231.95,30,570,3102960
BANKNIFTY-I.NFO,18/02/2025,09:46:24,49234.95,49234.15,30,49234.95,30,180,3102960
BANKNIFTY-I.NFO,18/02/2025,09:46:26,49234.15,49234.15,30,49241.45,210,390,3102960
BANKNIFTY-I.NFO,18/02/2025,09:46:27,49242.85,49241.2,120,49242.85,120,180,3102960
BANKNIFTY-I.NFO,18/02/2025,09:46:29,49241.2,49235,240,49239.4,120,210,3102960
BANKNIFTY-I.NFO,18/02/2025,09:46:31,49238.3,49232.6,30,49238.05,90,480,3102960
BANKNIFTY-I.NFO,18/02/2025,09:46:32,49235.3,49235,30,49241.35,60,90,3102960
BANKNIFTY-I.NFO,18/02/2025,09:46:34,49240.2,49235,30,49242.85,30,150,3102960
BANKNIFTY-I.NFO,18/02/2025,09:46:36,49232.7,49226,30,49234.75,30,270,3102960
BANKNIFTY-I.NFO,18/02/2025,09:46:37,49235.3,49225.05,60,49239.4,30,60,3102960
BANKNIFTY-I.NFO,18/02/2025,09:46:39,49235.3,49226.1,30,49239.25,30,0,3102960
BANKNIFTY-I.NFO,18/02/2025,09:46:41,49226,49225.05,30,49226,180,210,3102960
BANKNIFTY-I.NFO,18/02/2025,09:46:42,49233.45,49230,30,49235,30,210,3102960
BANKNIFTY-I.NFO,18/02/2025,09:46:44,49233.45,49230,30,49234.95,30,0,3102960
BANKNIFTY-I.NFO,18/02/2025,09:46:46,49229.95,49225,30,49231.25,300,60,3102960
BANKNIFTY-I.NFO,18/02/2025,09:46:47,49230,49225.05,30,49234.9,30,30,3102960
BANKNIFTY-I.NFO,18/02/2025,09:46:49,49224.9,49224.85,30,49234.85,60,120,3102960
BANKNIFTY-I.NFO,18/02/2025,09:46:51,49220.65,49220.7,30,49230,90,90,3102960
BANKNIFTY-I.NFO,18/02/2025,09:46:52,49220.45,49220.05,30,49230,150,30,3102960
BANKNIFTY-I.NFO,18/02/2025,09:46:54,49230,49220,30,49227.85,60,540,3102960
BANKNIFTY-I.NFO,18/02/2025,09:46:56,49230,49225.05,30,49227.85,30,30,3102960
BANKNIFTY-I.NFO,18/02/2025,09:46:57,49227.85,49225,120,49230,60,30,3102960
BANKNIFTY-I.NFO,18/02/2025,09:46:59,49227.85,49220,30,49229,30,0,3102960
BANKNIFTY-I.NFO,18/02/2025,09:47:01,49224.35,49212.2,30,49223.9,60,150,3102960
BANKNIFTY-I.NFO,18/02/2025,09:47:02,49218.3,49211.1,30,49217.05,90,60,3102960
BANKNIFTY-I.NFO,18/02/2025,09:47:04,49221.35,49211.1,30,49219.6,60,60,3102960
BANKNIFTY-I.NFO,18/02/2025,09:47:06,49225,49213.2,30,49220,30,60,3102960
BANKNIFTY-I.NFO,18/02/2025,09:47:07,49220,49213.25,30,49224.95,60,30,3102960
BANKNIFTY-I.NFO,18/02/2025,09:47:09,49210,49210,60,49213.7,30,120,3102960
BANKNIFTY-I.NFO,18/02/2025,09:47:11,49210,49200.4,30,49214.25,30,90,3102960
BANKNIFTY-I.NFO,18/02/2025,09:47:12,49210,49201.15,30,49210,30,30,3102960
BANKNIFTY-I.NFO,18/02/2025,09:47:14,49213.35,49201.55,30,49213.95,60,60,3102960
BANKNIFTY-I.NFO,18/02/2025,09:47:16,49213.35,49201.7,270,49217.05,30,0,3102960
BANKNIFTY-I.NFO,18/02/2025,09:47:17,49216.6,49204.4,300,49222,30,30,3102960
BANKNIFTY-I.NFO,18/02/2025,09:47:19,49204.4,49205.9,300,49221.95,60,30,3102960
BANKNIFTY-I.NFO,18/02/2025,09:47:21,49221.95,49203.4,240,49217.85,120,30,3102960
BANKNIFTY-I.NFO,18/02/2025,09:47:22,49222,49210.3,30,49223.9,30,30,3102960
BANKNIFTY-I.NFO,18/02/2025,09:47:24,49210.3,49209.85,30,49210,30,30,3102960
BANKNIFTY-I.NFO,18/02/2025,09:47:26,49210.3,49209.8,30,49210,30,0,3102960
BANKNIFTY-I.NFO,18/02/2025,09:47:27,49210,49209.8,30,49219.6,30,30,3102960
BANKNIFTY-I.NFO,18/02/2025,09:47:29,49209.8,49210,300,49210.3,30,30,3102960
BANKNIFTY-I.NFO,18/02/2025,09:47:31,49218.9,49210,270,49215.9,300,120,3102960
BANKNIFTY-I.NFO,18/02/2025,09:47:32,49218.9,49210,300,49216.35,30,0,3102960
BANKNIFTY-I.NFO,18/02/2025,09:47:34,49209.8,49200.05,90,49209.6,60,390,3102960
BANKNIFTY-I.NFO,18/02/2025,09:47:36,49200,49186.5,270,49203,60,330,3102960
BANKNIFTY-I.NFO,18/02/2025,09:47:37,49185.35,49183.45,270,49199.55,30,90,3102960
BANKNIFTY-I.NFO,18/02/2025,09:47:39,49199.55,49188.05,330,49203,120,60,3102960
BANKNIFTY-I.NFO,18/02/2025,09:47:41,49199.55,49191.55,270,49200,30,0,3102960
BANKNIFTY-I.NFO,18/02/2025,09:47:42,49200,49197.15,300,49214.65,90,180,3102960
BANKNIFTY-I.NFO,18/02/2025,09:47:44,49197.15,49193.85,270,49209.2,150,30,3102960
BANKNIFTY-I.NFO,18/02/2025,09:47:46,49197.15,49191.8,270,49207.65,120,0,3102960
BANKNIFTY-I.NFO,18/02/2025,09:47:47,49197.15,49190.3,300,49208.25,150,0,3102960
BANKNIFTY-I.NFO,18/02/2025,09:47:49,49197.15,49197.5,300,49214.95,120,0,3102960
BANKNIFTY-I.NFO,18/02/2025,09:47:51,49214.65,49199.8,270,49214.95,90,30,3102960
BANKNIFTY-I.NFO,18/02/2025,09:47:52,49214.65,49201.45,30,49214.95,90,0,3102960
BANKNIFTY-I.NFO,18/02/2025,09:47:54,49214.65,49201.9,270,49215,30,0,3102960
BANKNIFTY-I.NFO,18/02/2025,09:47:56,49201.9,49205.5,300,49220,30,30,3102960
BANKNIFTY-I.NFO,18/02/2025,09:47:57,49205.5,49205.5,300,49220,30,60,3102960
BANKNIFTY-I.NFO,18/02/2025,09:47:59,49205.5,49213.9,270,49220,30,0,3102960
BANKNIFTY-I.NFO,18/02/2025,09:48:01,49205.5,49214.15,300,49220,60,0,3102960
BANKNIFTY-I.NFO,18/02/2025,09:48:02,49220,49215.5,330,49221.95,60,60,3102960
BANKNIFTY-I.NFO,18/02/2025,09:48:04,49217.4,49213.25,270,49221.95,30,60,3102960
BANKNIFTY-I.NFO,18/02/2025,09:48:06,49213.25,49214.8,270,49221.95,30,30,3102960
BANKNIFTY-I.NFO,18/02/2025,09:48:07,49213.25,49209.8,270,49221.95,30,0,3102960
BANKNIFTY-I.NFO,18/02/2025,09:48:09,49221.95,49205.75,270,49219.6,30,30,3102960
BANKNIFTY-I.NFO,18/02/2025,09:48:11,49221.95,49215,90,49218.25,30,0,3102960
BANKNIFTY-I.NFO,18/02/2025,09:48:12,49215,49213,270,49218.25,30,90,3102960
BANKNIFTY-I.NFO,18/02/2025,09:48:14,49215,49214.15,300,49218.25,30,0,3102960
BANKNIFTY-I.NFO,18/02/2025,09:48:16,49220,49216.35,330,49225,60,180,3102960
BANKNIFTY-I.NFO,18/02/2025,09:48:17,49225,49220.85,30,49225,30,30,3102960
BANKNIFTY-I.NFO,18/02/2025,09:48:19,49225,49221.8,30,49225,30,0,3102960
BANKNIFTY-I.NFO,18/02/2025,09:48:21,49225,49217.1,270,49225,30,0,3102960
BANKNIFTY-I.NFO,18/02/2025,09:48:22,49218.4,49218.65,30,49225,30,30,3102960
BANKNIFTY-I.NFO,18/02/2025,09:48:24,49218.4,49217.4,30,49225,30,0,3102960
BANKNIFTY-I.NFO,18/02/2025,09:48:26,49218.4,49217.9,30,49222,30,0,3102960
BANKNIFTY-I.NFO,18/02/2025,09:48:27,49222,49221.1,30,49225,30,30,3102960
BANKNIFTY-I.NFO,18/02/2025,09:48:29,49225,49214.85,270,49225,30,30,3102960
BANKNIFTY-I.NFO,18/02/2025,09:48:31,49225,49218.15,30,49225,30,0,3102960
BANKNIFTY-I.NFO,18/02/2025,09:48:32,49225,49219.4,30,49225,30,0,3102960
BANKNIFTY-I.NFO,18/02/2025,09:48:34,49225,49219.4,30,49225,60,0,3102960
BANKNIFTY-I.NFO,18/02/2025,09:48:36,49216.95,49213.35,30,49225,90,30,3102960
BANKNIFTY-I.NFO,18/02/2025,09:48:37,49225,49218.2,30,49225,60,30,3104490
BANKNIFTY-I.NFO,18/02/2025,09:48:39,49225,49220,30,49225,60,0,3104490
BANKNIFTY-I.NFO,18/02/2025,09:48:41,49225,49216.8,30,49225,120,30,3104490
BANKNIFTY-I.NFO,18/02/2025,09:48:42,49225,49213.35,30,49224.8,30,0,3104490
BANKNIFTY-I.NFO,18/02/2025,09:48:44,49225,49216.5,30,49224.8,60,0,3104490
BANKNIFTY-I.NFO,18/02/2025,09:48:46,49225,49216.15,60,49224.8,60,0,3104490
BANKNIFTY-I.NFO,18/02/2025,09:48:47,49224.8,49218.6,30,49224.8,30,30,3104490
BANKNIFTY-I.NFO,18/02/2025,09:48:49,49224.8,49220.6,30,49224.8,30,120,3104490
BANKNIFTY-I.NFO,18/02/2025,09:48:51,49224.8,49222.75,360,49227.85,90,30,3104490
BANKNIFTY-I.NFO,18/02/2025,09:48:52,49232.7,49224.8,30,49225,60,210,3104490
BANKNIFTY-I.NFO,18/02/2025,09:48:54,49225,49224.85,30,49228.95,30,60,3104490
BANKNIFTY-I.NFO,18/02/2025,09:48:56,49224.8,49221.25,30,49226.2,30,30,3104490
BANKNIFTY-I.NFO,18/02/2025,09:48:57,49226.2,49217.85,60,49228.95,30,930,3104490
BANKNIFTY-I.NFO,18/02/2025,09:48:59,49228,49210.75,30,49228.25,270,1320,3104490
BANKNIFTY-I.NFO,18/02/2025,09:49:01,49228,49206.95,30,49218.35,30,0,3104490
BANKNIFTY-I.NFO,18/02/2025,09:49:02,49228,49205.55,30,49215,30,0,3104490
BANKNIFTY-I.NFO,18/02/2025,09:49:04,49206.25,49207.55,30,49213.5,30,30,3104490
BANKNIFTY-I.NFO,18/02/2025,09:49:06,49212.05,49214.25,360,49223.9,30,150,3104490
BANKNIFTY-I.NFO,18/02/2025,09:49:07,49228,49215.65,30,49230.3,30,60,3104490
BANKNIFTY-I.NFO,18/02/2025,09:49:09,49228,49216.3,300,49229.95,30,0,3104490
BANKNIFTY-I.NFO,18/02/2025,09:49:11,49206.85,49217,30,49218.65,30,60,3104490
BANKNIFTY-I.NFO,18/02/2025,09:49:12,49219.95,49217,30,49221.75,270,180,3104490
BANKNIFTY-I.NFO,18/02/2025,09:49:14,49221.75,49217,30,49227.75,240,30,3104490
BANKNIFTY-I.NFO,18/02/2025,09:49:16,49229,49223.5,300,49231.5,30,300,3104490
BANKNIFTY-I.NFO,18/02/2025,09:49:17,49229,49223.5,300,49227.85,30,0,3104490
BANKNIFTY-I.NFO,18/02/2025,09:49:19,49225,49223.5,300,49228.35,30,60,3104490
BANKNIFTY-I.NFO,18/02/2025,09:49:21,49223.5,49223.5,240,49226.3,30,60,3104490
BANKNIFTY-I.NFO,18/02/2025,09:49:22,49226.3,49223.5,240,49226.25,30,30,3104490
BANKNIFTY-I.NFO,18/02/2025,09:49:26,49223.5,49217,30,49221.8,30,240,3104490
BANKNIFTY-I.NFO,18/02/2025,09:49:27,49223.5,49217,30,49221.8,30,0,3104490
