Ticker,Date,Time,LTP,BuyPrice,BuyQty,SellPrice,SellQty,LTQ,OpenInterest
NIFTY-II.NFO,23/08/2024,09:15:00,24960.25,24960.25,75,24970,25,25,2185975
NIFTY-II.NFO,23/08/2024,09:15:00,24960.25,24960.25,75,24970,25,0,2185975
NIFTY-II.NFO,23/08/2024,09:15:00,24960.25,24960.25,75,24970,25,0,2185975
NIFTY-II.NFO,23/08/2024,09:15:00,24960.25,24960.25,75,24970,25,0,2185975
NIFTY-II.NFO,23/08/2024,09:15:01,24960.2,24960.2,1100,24967.1,50,2750,2185975
NIFTY-II.NFO,23/08/2024,09:15:01,24963.95,24960.2,1100,24967.1,50,0,2185975
NIFTY-II.NFO,23/08/2024,09:15:01,24960.2,24960.2,1100,24967.1,50,0,2185975
NIFTY-II.NFO,23/08/2024,09:15:02,24964.4,24960.2,1075,24964.5,50,100,2185975
NIFTY-II.NFO,23/08/2024,09:15:02,24967.1,24960.2,1075,24964.5,50,0,2185975
NIFTY-II.NFO,23/08/2024,09:15:03,24960.2,24960.2,1050,24963.65,50,50,2185975
NIFTY-II.NFO,23/08/2024,09:15:04,24960.2,24955.3,250,24957.8,50,1050,2185975
NIFTY-II.NFO,23/08/2024,09:15:06,24963.65,24958,25,24964.6,150,150,2185975
NIFTY-II.NFO,23/08/2024,09:15:06,24957.8,24958,25,24964.6,150,0,2185975
NIFTY-II.NFO,23/08/2024,09:15:07,24960.2,24955.8,100,24964.5,25,325,2185975
NIFTY-II.NFO,23/08/2024,09:15:07,24953.05,24955.8,100,24964.5,25,0,2185975
NIFTY-II.NFO,23/08/2024,09:15:07,24967,24957.7,100,24967,25,200,2185975
NIFTY-II.NFO,23/08/2024,09:15:08,24958.8,24958.8,25,24960,100,225,2185975
NIFTY-II.NFO,23/08/2024,09:15:10,24955.55,24956.45,25,24965.35,100,175,2185975
NIFTY-II.NFO,23/08/2024,09:15:11,24957.4,24956.5,50,24963.6,100,75,2185975
NIFTY-II.NFO,23/08/2024,09:15:12,24963.65,24958.65,75,24966.1,100,275,2185975
NIFTY-II.NFO,23/08/2024,09:15:13,24958,24960,75,24966.1,100,25,2185975
NIFTY-II.NFO,23/08/2024,09:15:14,24957.7,24957.75,125,24963.55,100,275,2185975
NIFTY-II.NFO,23/08/2024,09:15:15,24958.65,24953.85,25,24963.55,150,1400,2185975
NIFTY-II.NFO,23/08/2024,09:15:16,24953,24953,75,24959.85,100,25,2185975
NIFTY-II.NFO,23/08/2024,09:15:16,24953,24953,75,24959.85,100,0,2185975
NIFTY-II.NFO,23/08/2024,09:15:17,24953,24953,75,24956.15,50,0,2185975
NIFTY-II.NFO,23/08/2024,09:15:19,24956.1,24953,75,24959.25,100,50,2185975
NIFTY-II.NFO,23/08/2024,09:15:20,24952,24952.5,25,24958.5,100,100,2185975
NIFTY-II.NFO,23/08/2024,09:15:20,24952,24952.5,25,24958.5,100,0,2185975
NIFTY-II.NFO,23/08/2024,09:15:21,24953.1,24952,25,24956.1,25,25,2185975
NIFTY-II.NFO,23/08/2024,09:15:22,24950.25,24950.35,75,24956.1,25,125,2185975
NIFTY-II.NFO,23/08/2024,09:15:22,24950.25,24950.35,75,24956.1,25,0,2185975
NIFTY-II.NFO,23/08/2024,09:15:23,24950.35,24950.25,1700,24955.75,100,25,2185975
NIFTY-II.NFO,23/08/2024,09:15:24,24953,24950.25,1700,24954.95,25,75,2185975
NIFTY-II.NFO,23/08/2024,09:15:25,24950.35,24950.25,1700,24953.05,25,250,2185975
NIFTY-II.NFO,23/08/2024,09:15:26,24950.25,24950.25,925,24956.05,25,925,2185975
NIFTY-II.NFO,23/08/2024,09:15:27,24956.05,24950.25,925,24956,25,25,2185975
NIFTY-II.NFO,23/08/2024,09:15:28,24950.3,24950.3,25,24957.25,150,375,2185975
NIFTY-II.NFO,23/08/2024,09:15:29,24950.3,24950.25,900,24955.4,100,25,2185975
NIFTY-II.NFO,23/08/2024,09:15:31,24953.85,24950.25,900,24954,75,200,2185975
NIFTY-II.NFO,23/08/2024,09:15:32,24951.65,24948,100,24952.35,250,1325,2185975
NIFTY-II.NFO,23/08/2024,09:15:32,24950,24948,100,24952.35,250,0,2185975
NIFTY-II.NFO,23/08/2024,09:15:33,24952.9,24948,100,24953.95,125,75,2185975
NIFTY-II.NFO,23/08/2024,09:15:34,24950,24948,100,24954.65,125,50,2185975
NIFTY-II.NFO,23/08/2024,09:15:35,24950,24948,200,24953.2,250,0,2185975
NIFTY-II.NFO,23/08/2024,09:15:36,24952.45,24948,125,24954.45,125,200,2185975
NIFTY-II.NFO,23/08/2024,09:15:36,24948,24948,125,24954.45,125,0,2185975
NIFTY-II.NFO,23/08/2024,09:15:37,24948.05,24948.05,100,24955.95,75,325,2185975
NIFTY-II.NFO,23/08/2024,09:15:39,24948.05,24948.05,75,24955.8,100,150,2185975
NIFTY-II.NFO,23/08/2024,09:15:40,24948.05,24948.05,125,24955.75,100,25,2185975
NIFTY-II.NFO,23/08/2024,09:15:41,24954.7,24948.05,150,24954.7,100,25,2188800
NIFTY-II.NFO,23/08/2024,09:15:42,24953,24948,100,24953.05,75,275,2188800
NIFTY-II.NFO,23/08/2024,09:15:43,24951.8,24950,250,24951.8,50,150,2188800
NIFTY-II.NFO,23/08/2024,09:15:44,24954.35,24950,50,24954.45,75,1275,2188800
NIFTY-II.NFO,23/08/2024,09:15:45,24950,24948,75,24952.65,75,325,2188800
NIFTY-II.NFO,23/08/2024,09:15:46,24952.75,24948,75,24952.25,125,500,2188800
NIFTY-II.NFO,23/08/2024,09:15:48,24951.9,24948,50,24951.9,225,175,2188800
NIFTY-II.NFO,23/08/2024,09:15:49,24953.1,24948,25,24952.15,125,475,2188800
NIFTY-II.NFO,23/08/2024,09:15:50,24951.7,24945.85,100,24952.5,75,300,2188800
NIFTY-II.NFO,23/08/2024,09:15:51,24952.45,24948,250,24952.5,125,375,2188800
NIFTY-II.NFO,23/08/2024,09:15:51,24944.95,24948,250,24952.5,125,0,2188800
NIFTY-II.NFO,23/08/2024,09:15:52,24950.7,24950,25,24951.3,125,500,2188800
NIFTY-II.NFO,23/08/2024,09:15:53,24950,24948,225,24950.1,200,200,2188800
NIFTY-II.NFO,23/08/2024,09:15:54,24949.75,24948,175,24950.25,250,575,2188800
NIFTY-II.NFO,23/08/2024,09:15:56,24948,24948,150,24951.35,250,750,2188800
NIFTY-II.NFO,23/08/2024,09:15:57,24948,24948,125,24951.35,250,25,2188800
NIFTY-II.NFO,23/08/2024,09:15:58,24950,24946.75,75,24952.4,25,650,2188800
NIFTY-II.NFO,23/08/2024,09:15:59,24950,24948.5,75,24954.1,100,550,2188800
NIFTY-II.NFO,23/08/2024,09:16:00,24954.15,24949.75,100,24955.35,250,175,2188800
NIFTY-II.NFO,23/08/2024,09:16:01,24950,24948.85,75,24954.35,25,25,2188800
NIFTY-II.NFO,23/08/2024,09:16:02,24950,24948,100,24953.05,25,525,2188800
NIFTY-II.NFO,23/08/2024,09:16:04,24953.65,24949.5,225,24954.8,250,525,2188800
NIFTY-II.NFO,23/08/2024,09:16:05,24956,24950.4,75,24955.9,350,375,2188800
NIFTY-II.NFO,23/08/2024,09:16:06,24956,24948.65,100,24954.4,275,0,2188800
NIFTY-II.NFO,23/08/2024,09:16:07,24948.35,24948.05,175,24954,75,25,2188800
NIFTY-II.NFO,23/08/2024,09:16:08,24950.75,24949.7,75,24954,75,75,2188800
NIFTY-II.NFO,23/08/2024,09:16:09,24948.15,24948.75,100,24954.2,25,375,2188800
NIFTY-II.NFO,23/08/2024,09:16:10,24948.05,24948.05,175,24952.7,50,75,2188800
NIFTY-II.NFO,23/08/2024,09:16:11,24950,24948.15,100,24953,75,50,2188800
NIFTY-II.NFO,23/08/2024,09:16:13,24951,24948,25,24950.5,150,100,2188800
NIFTY-II.NFO,23/08/2024,09:16:14,24950.8,24948.15,25,24950.8,25,50,2188800
NIFTY-II.NFO,23/08/2024,09:16:15,24949.15,24948,25,24949.45,350,125,2188800
NIFTY-II.NFO,23/08/2024,09:16:16,24949.15,24948.05,25,24951.3,350,0,2188800
NIFTY-II.NFO,23/08/2024,09:16:17,24948.05,24948.1,25,24949.65,75,50,2188800
NIFTY-II.NFO,23/08/2024,09:16:18,24948.05,24948.15,25,24950.3,25,500,2188800
NIFTY-II.NFO,23/08/2024,09:16:19,24950.05,24950.8,50,24951.1,25,50,2188800
NIFTY-II.NFO,23/08/2024,09:16:21,24947.3,24945.35,175,24951.2,100,225,2188800
NIFTY-II.NFO,23/08/2024,09:16:22,24948,24945.4,300,24951.3,100,1025,2188800
NIFTY-II.NFO,23/08/2024,09:16:23,24951.35,24948,25,24951.8,75,50,2188800
NIFTY-II.NFO,23/08/2024,09:16:24,24951.35,24948,25,24951.95,25,0,2188800
NIFTY-II.NFO,23/08/2024,09:16:25,24952.8,24948.05,175,24953.45,25,1625,2188800
NIFTY-II.NFO,23/08/2024,09:16:26,24952.8,24948,50,24952.25,25,0,2188800
NIFTY-II.NFO,23/08/2024,09:16:28,24947.25,24945.05,175,24951.55,425,175,2188800
NIFTY-II.NFO,23/08/2024,09:16:29,24945.25,24945,25,24949.6,150,25,2188800
NIFTY-II.NFO,23/08/2024,09:16:30,24945,24944,50,24947.45,25,25,2188800
NIFTY-II.NFO,23/08/2024,09:16:31,24947.3,24944,25,24948.35,200,225,2188800
NIFTY-II.NFO,23/08/2024,09:16:31,24944,24944,25,24948.35,200,0,2188800
NIFTY-II.NFO,23/08/2024,09:16:32,24944,24943,25,24944.55,125,50,2188800
NIFTY-II.NFO,23/08/2024,09:16:33,24943.2,24942,25,24943.3,175,175,2188800
NIFTY-II.NFO,23/08/2024,09:16:33,24943,24942,25,24943.3,175,0,2188800
NIFTY-II.NFO,23/08/2024,09:16:35,24945.2,24941.05,100,24945.45,25,1025,2188800
NIFTY-II.NFO,23/08/2024,09:16:35,24942,24941.05,100,24945.45,25,0,2188800
NIFTY-II.NFO,23/08/2024,09:16:36,24945.2,24941.05,100,24945.35,350,0,2188800
NIFTY-II.NFO,23/08/2024,09:16:37,24945.45,24941,25,24945.35,125,175,2188800
NIFTY-II.NFO,23/08/2024,09:16:38,24945.2,24944,500,24944.9,50,25,2188800
NIFTY-II.NFO,23/08/2024,09:16:39,24945,24944.05,25,24945.2,25,250,2188800
NIFTY-II.NFO,23/08/2024,09:16:40,24945.35,24944,500,24946.1,50,100,2188800
NIFTY-II.NFO,23/08/2024,09:16:41,24945.45,24945.45,1925,24946.85,50,275,2188800
NIFTY-II.NFO,23/08/2024,09:16:43,24945.45,24945.45,1925,24946.85,50,0,2188800
NIFTY-II.NFO,23/08/2024,09:16:44,24945.45,24945.45,1900,24946.15,50,25,2188800
NIFTY-II.NFO,23/08/2024,09:16:45,24945.45,24945.45,1800,24946.4,25,125,2188800
NIFTY-II.NFO,23/08/2024,09:16:46,24945.45,24945.45,1725,24947,25,75,2188800
NIFTY-II.NFO,23/08/2024,09:16:47,24945.45,24945.45,1675,24945.75,25,50,2188800
NIFTY-II.NFO,23/08/2024,09:16:48,24944,24944,300,24946.2,25,1725,2188800
NIFTY-II.NFO,23/08/2024,09:16:49,24947.1,24944,300,24946.8,75,275,2188800
NIFTY-II.NFO,23/08/2024,09:16:51,24945,24945,275,24945.45,25,100,2188800
NIFTY-II.NFO,23/08/2024,09:16:52,24945,24945,250,24948,50,125,2188800
NIFTY-II.NFO,23/08/2024,09:16:53,24945,24945,225,24946.85,250,25,2188800
NIFTY-II.NFO,23/08/2024,09:16:54,24945,24945,200,24947,50,25,2188800
NIFTY-II.NFO,23/08/2024,09:16:55,24945,24945,200,24947,300,0,2188800
NIFTY-II.NFO,23/08/2024,09:16:56,24945.45,24945,75,24946.5,100,150,2188800
NIFTY-II.NFO,23/08/2024,09:16:58,24945.45,24945,75,24946.3,25,0,2188800
NIFTY-II.NFO,23/08/2024,09:16:59,24945,24944,25,24946.35,25,175,2188800
NIFTY-II.NFO,23/08/2024,09:17:00,24945,24944,25,24947,25,0,2188800
NIFTY-II.NFO,23/08/2024,09:17:01,24945,24944,25,24945.75,100,50,2188800
NIFTY-II.NFO,23/08/2024,09:17:02,24940.2,24940.2,1625,24943.8,425,150,2188800
NIFTY-II.NFO,23/08/2024,09:17:02,24940.2,24940.2,1625,24943.8,425,0,2188800
NIFTY-II.NFO,23/08/2024,09:17:04,24940.2,24940.2,1625,24942.1,75,0,2188800
NIFTY-II.NFO,23/08/2024,09:17:05,24943.75,24940.2,1625,24943.85,75,275,2188800
NIFTY-II.NFO,23/08/2024,09:17:06,24943.85,24940.2,1625,24943.4,25,75,2188800
NIFTY-II.NFO,23/08/2024,09:17:07,24943.85,24940.2,1625,24942.15,75,0,2188800
NIFTY-II.NFO,23/08/2024,09:17:08,24940.2,24940.2,1600,24941.85,125,225,2188800
NIFTY-II.NFO,23/08/2024,09:17:09,24940.2,24940.2,1450,24941.4,125,325,2188800
NIFTY-II.NFO,23/08/2024,09:17:11,24940.2,24940.2,1450,24941.25,250,0,2188800
NIFTY-II.NFO,23/08/2024,09:17:12,24940.2,24940.2,1450,24941.1,250,0,2188800
NIFTY-II.NFO,23/08/2024,09:17:13,24941.4,24941.05,25,24942.1,125,550,2188800
NIFTY-II.NFO,23/08/2024,09:17:14,24941.05,24940.2,925,24942.05,200,25,2188800
NIFTY-II.NFO,23/08/2024,09:17:15,24941.8,24940.2,850,24942.9,250,325,2188800
NIFTY-II.NFO,23/08/2024,09:17:16,24941.8,24942.15,25,24942.85,250,0,2188800
NIFTY-II.NFO,23/08/2024,09:17:18,24942.5,24941.05,225,24942.55,125,350,2188800
NIFTY-II.NFO,23/08/2024,09:17:19,24941.05,24941.05,200,24943.05,150,25,2188800
NIFTY-II.NFO,23/08/2024,09:17:20,24941.05,24941.05,175,24941.8,50,25,2188800
NIFTY-II.NFO,23/08/2024,09:17:21,24941.8,24942,800,24943.65,125,50,2188800
NIFTY-II.NFO,23/08/2024,09:17:22,24943,24942,800,24945,150,75,2188800
NIFTY-II.NFO,23/08/2024,09:17:23,24942.05,24942.4,175,24945,125,25,2188800
NIFTY-II.NFO,23/08/2024,09:17:24,24942.05,24942.35,50,24945,125,0,2188800
NIFTY-II.NFO,23/08/2024,09:17:26,24945,24942.4,100,24945.35,25,800,2188800
NIFTY-II.NFO,23/08/2024,09:17:27,24942.4,24942.4,175,24945.35,25,25,2188800
NIFTY-II.NFO,23/08/2024,09:17:28,24945,24945,475,24945.35,25,25,2188800
NIFTY-II.NFO,23/08/2024,09:17:29,24945.35,24945,475,24947,25,25,2188800
NIFTY-II.NFO,23/08/2024,09:17:30,24947,24947,325,24947.7,25,325,2188800
NIFTY-II.NFO,23/08/2024,09:17:31,24945,24945,425,24946.1,25,375,2188800
NIFTY-II.NFO,23/08/2024,09:17:33,24946.75,24945,425,24945.55,25,200,2188800
NIFTY-II.NFO,23/08/2024,09:17:34,24946,24945,375,24946,25,200,2188800
NIFTY-II.NFO,23/08/2024,09:17:35,24945.95,24945,375,24946.35,25,75,2188800
NIFTY-II.NFO,23/08/2024,09:17:36,24945.95,24945,375,24946.35,25,0,2188800
NIFTY-II.NFO,23/08/2024,09:17:37,24946.5,24945,50,24946.95,325,325,2188800
NIFTY-II.NFO,23/08/2024,09:17:38,24945,24945,50,24946.7,25,25,2188800
NIFTY-II.NFO,23/08/2024,09:17:40,24946.65,24945,50,24946.7,50,225,2188800
NIFTY-II.NFO,23/08/2024,09:17:41,24946.65,24945,50,24947,75,0,2188800
NIFTY-II.NFO,23/08/2024,09:17:43,24945,24942.05,25,24945.25,50,50,2188800
NIFTY-II.NFO,23/08/2024,09:17:44,24945.4,24942.1,100,24945.4,350,50,2188800
NIFTY-II.NFO,23/08/2024,09:17:45,24942.05,24941.85,100,24945.4,350,25,2188800
NIFTY-II.NFO,23/08/2024,09:17:47,24945.4,24942.55,225,24946.55,25,275,2188800
NIFTY-II.NFO,23/08/2024,09:17:48,24945.4,24945.4,25,24946.55,25,0,2188800
NIFTY-II.NFO,23/08/2024,09:17:49,24942,24945,25,24946.55,25,1025,2188800
NIFTY-II.NFO,23/08/2024,09:17:50,24947,24945,25,24948,125,100,2188800
NIFTY-II.NFO,23/08/2024,09:17:51,24940.15,24941.95,250,24947.95,50,1000,2188800
NIFTY-II.NFO,23/08/2024,09:17:51,24940.15,24941.95,250,24947.95,50,0,2188800
NIFTY-II.NFO,23/08/2024,09:17:52,24948,24943.3,75,24948,50,125,2188800
NIFTY-II.NFO,23/08/2024,09:17:54,24943,24943.15,75,24948,50,25,2188800
NIFTY-II.NFO,23/08/2024,09:17:55,24942.6,24942.6,50,24948.7,125,75,2188800
NIFTY-II.NFO,23/08/2024,09:17:56,24942.6,24942.1,75,24946,350,0,2188800
NIFTY-II.NFO,23/08/2024,09:17:57,24942.6,24942,50,24945.6,125,0,2188800
NIFTY-II.NFO,23/08/2024,09:17:58,24942.6,24942,50,24943.6,125,0,2188800
NIFTY-II.NFO,23/08/2024,09:18:00,24942,24940.15,25,24942.65,175,50,2188800
NIFTY-II.NFO,23/08/2024,09:18:01,24942.1,24940.15,25,24941,125,25,2188800
NIFTY-II.NFO,23/08/2024,09:18:02,24942.1,24940.15,25,24943.2,250,0,2188800
NIFTY-II.NFO,23/08/2024,09:18:03,24942.1,24940.15,25,24943.2,175,0,2188800
NIFTY-II.NFO,23/08/2024,09:18:05,24943.05,24940,475,24943.25,200,50,2188800
NIFTY-II.NFO,23/08/2024,09:18:06,24943.9,24943.9,475,24945,525,25,2188800
NIFTY-II.NFO,23/08/2024,09:18:08,24943.9,24943.9,350,24945,525,125,2188800
NIFTY-II.NFO,23/08/2024,09:18:10,24943.9,24943.9,325,24944,25,25,2188800
NIFTY-II.NFO,23/08/2024,09:18:11,24945.4,24943.9,125,24946.95,350,775,2188800
NIFTY-II.NFO,23/08/2024,09:18:13,24944,24943.95,25,24946.95,350,300,2188800
NIFTY-II.NFO,23/08/2024,09:18:15,24944,24945.05,25,24947,25,0,2188800
NIFTY-II.NFO,23/08/2024,09:18:16,24948,24945,2025,24948.45,350,75,2188800
NIFTY-II.NFO,23/08/2024,09:18:18,24948.3,24945,2025,24948.15,50,225,2188800
NIFTY-II.NFO,23/08/2024,09:18:20,24946.75,24945,2025,24946.45,25,25,2188800
NIFTY-II.NFO,23/08/2024,09:18:21,24945,24945,1975,24946.8,250,125,2188800
NIFTY-II.NFO,23/08/2024,09:18:23,24945,24945,1950,24946.35,25,25,2188800
NIFTY-II.NFO,23/08/2024,09:18:25,24945,24945,1950,24946.3,25,25,2188800
NIFTY-II.NFO,23/08/2024,09:18:26,24945,24945,1975,24947.2,25,0,2188800
NIFTY-II.NFO,23/08/2024,09:18:28,24945,24945,1950,24947.2,25,25,2188800
NIFTY-II.NFO,23/08/2024,09:18:30,24945,24945,2000,24946.45,25,0,2188800
NIFTY-II.NFO,23/08/2024,09:18:31,24945,24945,1950,24946.25,25,50,2188800
NIFTY-II.NFO,23/08/2024,09:18:33,24946.25,24945,1950,24946.25,25,50,2188800
NIFTY-II.NFO,23/08/2024,09:18:34,24945,24945,1925,24946.15,275,25,2188800
NIFTY-II.NFO,23/08/2024,09:18:36,24947.05,24947,2375,24947.7,25,225,2188800
NIFTY-II.NFO,23/08/2024,09:18:38,24947,24947,2275,24947.35,25,100,2188800
NIFTY-II.NFO,23/08/2024,09:18:39,24947,24947.2,25,24947.7,25,50,2188800
NIFTY-II.NFO,23/08/2024,09:18:41,24949.5,24947.2,25,24949.15,25,2250,2197275
NIFTY-II.NFO,23/08/2024,09:18:43,24945,24945,225,24947.6,425,250,2197275
NIFTY-II.NFO,23/08/2024,09:18:44,24947,24945,225,24947,25,75,2197275
NIFTY-II.NFO,23/08/2024,09:18:46,24947,24945,225,24947.35,100,0,2197275
NIFTY-II.NFO,23/08/2024,09:18:48,24947.6,24945,175,24945.4,25,125,2197275
NIFTY-II.NFO,23/08/2024,09:18:49,24947.6,24945,175,24947.6,350,0,2197275
NIFTY-II.NFO,23/08/2024,09:18:51,24947.45,24945,175,24948.25,350,25,2197275
NIFTY-II.NFO,23/08/2024,09:18:53,24948.85,24947.6,50,24948.85,225,25,2197275
NIFTY-II.NFO,23/08/2024,09:18:54,24948.85,24947.6,50,24949,75,0,2197275
NIFTY-II.NFO,23/08/2024,09:18:56,24949.8,24947.65,100,24949.8,275,100,2197275
NIFTY-II.NFO,23/08/2024,09:18:58,24949.8,24947.65,100,24949.9,250,275,2197275
NIFTY-II.NFO,23/08/2024,09:18:59,24950,24947.65,100,24950.95,350,725,2197275
NIFTY-II.NFO,23/08/2024,09:19:01,24950.95,24947.6,50,24950.65,350,50,2197275
NIFTY-II.NFO,23/08/2024,09:19:03,24949,24947.6,50,24949.2,300,50,2197275
NIFTY-II.NFO,23/08/2024,09:19:04,24947.6,24945,225,24949.05,350,50,2197275
NIFTY-II.NFO,23/08/2024,09:19:06,24947.6,24947,25,24950.1,350,0,2197275
NIFTY-II.NFO,23/08/2024,09:19:08,24947,24945.05,100,24950.1,400,50,2197275
NIFTY-II.NFO,23/08/2024,09:19:09,24948.2,24945,175,24948.2,350,75,2197275
NIFTY-II.NFO,23/08/2024,09:19:11,24948.2,24945,175,24948.2,350,0,2197275
NIFTY-II.NFO,23/08/2024,09:19:13,24945,24945,150,24947.2,25,25,2197275
NIFTY-II.NFO,23/08/2024,09:19:16,24945,24945,100,24947.7,425,75,2197275
NIFTY-II.NFO,23/08/2024,09:19:18,24945,24945,650,24946.95,25,0,2197275
NIFTY-II.NFO,23/08/2024,09:19:19,24945,24945,625,24947.45,325,50,2197275
NIFTY-II.NFO,23/08/2024,09:19:21,24947.4,24945,625,24947.2,75,75,2197275
NIFTY-II.NFO,23/08/2024,09:19:23,24945,24945,600,24947.2,100,50,2197275
NIFTY-II.NFO,23/08/2024,09:19:24,24947,24945,600,24946.85,250,500,2197275
NIFTY-II.NFO,23/08/2024,09:19:26,24945,24945,575,24946.8,25,25,2197275
NIFTY-II.NFO,23/08/2024,09:19:28,24945,24946,50,24947.55,25,300,2197275
NIFTY-II.NFO,23/08/2024,09:19:29,24948.55,24946,50,24948.65,350,50,2197275
NIFTY-II.NFO,23/08/2024,09:19:31,24946,24946,25,24947.6,250,25,2197275
NIFTY-II.NFO,23/08/2024,09:19:33,24945,24945,125,24946.4,300,225,2197275
NIFTY-II.NFO,23/08/2024,09:19:34,24945,24945,50,24946,325,75,2197275
NIFTY-II.NFO,23/08/2024,09:19:36,24945.8,24945,50,24946.15,50,250,2197275
NIFTY-II.NFO,23/08/2024,09:19:38,24946.35,24945,50,24946.3,225,25,2197275
NIFTY-II.NFO,23/08/2024,09:19:39,24946.3,24946.3,75,24947.85,25,50,2197275
NIFTY-II.NFO,23/08/2024,09:19:41,24947.45,24944,25,24947.45,350,250,2197275
NIFTY-II.NFO,23/08/2024,09:19:43,24949.6,24946.3,25,24949.2,350,125,2197275
NIFTY-II.NFO,23/08/2024,09:19:44,24948.5,24947.45,175,24948.65,175,225,2197275
NIFTY-II.NFO,23/08/2024,09:19:46,24945.9,24946.3,100,24947.55,125,300,2197275
NIFTY-II.NFO,23/08/2024,09:19:48,24946.9,24946.3,75,24947.15,25,50,2197275
NIFTY-II.NFO,23/08/2024,09:19:49,24947.3,24946.3,75,24947.4,125,100,2197275
NIFTY-II.NFO,23/08/2024,09:19:51,24947.4,24946.3,50,24947.45,50,325,2197275
NIFTY-II.NFO,23/08/2024,09:19:53,24945.1,24942,25,24945.35,350,100,2197275
NIFTY-II.NFO,23/08/2024,09:19:54,24946.25,24942.05,100,24946.25,350,25,2197275
NIFTY-II.NFO,23/08/2024,09:19:56,24942.05,24942.05,100,24946.25,350,225,2197275
NIFTY-II.NFO,23/08/2024,09:19:58,24942.05,24945.1,25,24946.3,200,0,2197275
NIFTY-II.NFO,23/08/2024,09:20:01,24948,24945.1,25,24948.85,125,250,2197275
NIFTY-II.NFO,23/08/2024,09:20:03,24947.85,24945.1,25,24946.9,25,50,2197275
NIFTY-II.NFO,23/08/2024,09:20:04,24946.9,24945.1,25,24945.95,25,25,2197275
NIFTY-II.NFO,23/08/2024,09:20:06,24945.1,24942,25,24945.7,350,50,2197275
NIFTY-II.NFO,23/08/2024,09:20:07,24945.7,24942,25,24945.7,400,25,2197275
NIFTY-II.NFO,23/08/2024,09:20:09,24946.35,24942,75,24946.5,50,1075,2197275
NIFTY-II.NFO,23/08/2024,09:20:11,24946.35,24942,75,24945.1,100,0,2197275
NIFTY-II.NFO,23/08/2024,09:20:12,24946.35,24942,75,24945.1,175,0,2197275
NIFTY-II.NFO,23/08/2024,09:20:14,24943.75,24942,75,24942.95,75,25,2197275
NIFTY-II.NFO,23/08/2024,09:20:16,24941,24940.8,50,24941.25,200,175,2197275
NIFTY-II.NFO,23/08/2024,09:20:17,24937.6,24936.6,25,24940.35,75,1075,2197275
NIFTY-II.NFO,23/08/2024,09:20:17,24937.6,24936.6,25,24940.35,75,0,2197275
NIFTY-II.NFO,23/08/2024,09:20:19,24938,24935.05,100,24940.7,75,125,2197275
NIFTY-II.NFO,23/08/2024,09:20:19,24936.6,24935.05,100,24940.7,75,0,2197275
NIFTY-II.NFO,23/08/2024,09:20:20,24945.1,24939.8,100,24945.75,125,200,2197275
NIFTY-II.NFO,23/08/2024,09:20:22,24940,24940.8,275,24946.8,100,500,2197275
NIFTY-II.NFO,23/08/2024,09:20:24,24940,24941.5,100,24946.95,100,0,2197275
NIFTY-II.NFO,23/08/2024,09:20:25,24940,24943.05,100,24947,25,0,2197275
NIFTY-II.NFO,23/08/2024,09:20:27,24943.75,24943.95,50,24949.7,100,75,2197275
NIFTY-II.NFO,23/08/2024,09:20:28,24949.7,24945.1,50,24950,150,600,2197275
NIFTY-II.NFO,23/08/2024,09:20:30,24949.7,24944.35,50,24950,150,0,2197275
NIFTY-II.NFO,23/08/2024,09:20:32,24943.9,24943.85,125,24949.85,325,300,2197275
NIFTY-II.NFO,23/08/2024,09:20:33,24943.9,24943.75,25,24948.95,175,0,2197275
NIFTY-II.NFO,23/08/2024,09:20:35,24943.65,24940.5,125,24946.3,100,375,2197275
NIFTY-II.NFO,23/08/2024,09:20:36,24946.65,24941.35,25,24947.3,150,25,2197275
NIFTY-II.NFO,23/08/2024,09:20:38,24940,24940,250,24943.6,100,25,2197275
NIFTY-II.NFO,23/08/2024,09:20:39,24940,24940.45,25,24943.65,25,0,2197275
NIFTY-II.NFO,23/08/2024,09:20:41,24940.65,24940.35,25,24943.65,25,300,2197275
NIFTY-II.NFO,23/08/2024,09:20:43,24940.35,24940.25,50,24943.65,25,25,2197275
NIFTY-II.NFO,23/08/2024,09:20:44,24943.65,24941.85,50,24945.7,25,25,2197275
NIFTY-II.NFO,23/08/2024,09:20:46,24940.55,24941.6,125,24946.65,25,50,2197275
NIFTY-II.NFO,23/08/2024,09:20:47,24940.55,24940.75,50,24946.65,25,0,2197275
NIFTY-II.NFO,23/08/2024,09:20:49,24940.55,24940.75,50,24946.6,100,0,2197275
NIFTY-II.NFO,23/08/2024,09:20:50,24940.55,24942.1,50,24946.65,25,0,2197275
NIFTY-II.NFO,23/08/2024,09:20:52,24943.1,24943.25,50,24946.65,25,100,2197275
NIFTY-II.NFO,23/08/2024,09:20:54,24944.35,24943.9,125,24946.65,25,25,2197275
NIFTY-II.NFO,23/08/2024,09:20:55,24945,24942.45,50,24946.65,25,525,2197275
NIFTY-II.NFO,23/08/2024,09:20:57,24945,24942.8,175,24946.65,25,0,2197275
NIFTY-II.NFO,23/08/2024,09:20:58,24945,24942.2,50,24946.65,25,0,2197275
NIFTY-II.NFO,23/08/2024,09:21:00,24945,24942.9,25,24943.05,100,325,2197275
NIFTY-II.NFO,23/08/2024,09:21:01,24943.1,24942.4,50,24948.95,175,475,2197275
NIFTY-II.NFO,23/08/2024,09:21:03,24943.7,24943.7,100,24948.7,175,25,2197275
NIFTY-II.NFO,23/08/2024,09:21:04,24943.6,24943.7,100,24948.95,175,125,2197275
NIFTY-II.NFO,23/08/2024,09:21:06,24943.75,24943.15,125,24948.25,175,75,2197275
NIFTY-II.NFO,23/08/2024,09:21:08,24943.75,24943.25,275,24947.95,100,0,2197275
NIFTY-II.NFO,23/08/2024,09:21:09,24946.65,24945,500,24948,50,150,2197275
NIFTY-II.NFO,23/08/2024,09:21:11,24950,24947.75,275,24951,25,500,2197275
NIFTY-II.NFO,23/08/2024,09:21:13,24952.95,24947.9,25,24952.95,100,350,2197275
NIFTY-II.NFO,23/08/2024,09:21:14,24953,24950.4,25,24953.9,25,125,2197275
NIFTY-II.NFO,23/08/2024,09:21:16,24953,24950.3,25,24953.9,25,0,2197275
NIFTY-II.NFO,23/08/2024,09:21:18,24950.25,24946.75,50,24953.45,175,50,2197275
NIFTY-II.NFO,23/08/2024,09:21:19,24952,24947.3,50,24952.95,100,25,2197275
NIFTY-II.NFO,23/08/2024,09:21:21,24953,24947.5,25,24953.2,100,125,2197275
NIFTY-II.NFO,23/08/2024,09:21:23,24949.2,24949.05,100,24953.85,125,275,2197275
NIFTY-II.NFO,23/08/2024,09:21:24,24946.35,24950,25,24951.8,100,650,2197275
NIFTY-II.NFO,23/08/2024,09:21:26,24946.35,24945.65,125,24951.15,50,1600,2197275
NIFTY-II.NFO,23/08/2024,09:21:28,24950,24947.45,125,24952.15,250,625,2197275
NIFTY-II.NFO,23/08/2024,09:21:29,24945.4,24945.4,50,24949.75,50,75,2197275
NIFTY-II.NFO,23/08/2024,09:21:31,24945.75,24945.35,325,24950.55,25,225,2197275
NIFTY-II.NFO,23/08/2024,09:21:32,24950.55,24945.6,50,24950.75,50,50,2197275
NIFTY-II.NFO,23/08/2024,09:21:34,24950.55,24945.45,50,24950,25,250,2197275
NIFTY-II.NFO,23/08/2024,09:21:36,24952,24946.9,125,24952.3,325,75,2197275
NIFTY-II.NFO,23/08/2024,09:21:37,24946.35,24946.1,125,24951.95,150,75,2197275
NIFTY-II.NFO,23/08/2024,09:21:39,24952.45,24946.85,50,24952.25,400,600,2197275
NIFTY-II.NFO,23/08/2024,09:21:41,24950,24947,275,24952.05,25,150,2197275
NIFTY-II.NFO,23/08/2024,09:21:42,24952,24945.55,50,24950.3,150,50,2205800
NIFTY-II.NFO,23/08/2024,09:21:44,24950.6,24946.15,50,24950.7,250,650,2205800
NIFTY-II.NFO,23/08/2024,09:21:46,24951.95,24947.2,125,24951.95,25,1750,2205800
NIFTY-II.NFO,23/08/2024,09:21:47,24947.4,24946.8,125,24952.05,50,675,2205800
NIFTY-II.NFO,23/08/2024,09:21:49,24950.6,24945.6,50,24950.85,75,350,2205800
NIFTY-II.NFO,23/08/2024,09:21:50,24951.45,24946.95,125,24952,150,225,2205800
NIFTY-II.NFO,23/08/2024,09:21:52,24951.05,24946.6,50,24950.8,125,50,2205800
NIFTY-II.NFO,23/08/2024,09:21:54,24950.75,24947.4,25,24950.75,25,75,2205800
NIFTY-II.NFO,23/08/2024,09:21:56,24951.75,24946.85,175,24951.75,100,575,2205800
NIFTY-II.NFO,23/08/2024,09:21:57,24947.65,24946.55,25,24951.6,25,400,2205800
NIFTY-II.NFO,23/08/2024,09:21:59,24953.05,24947.75,125,24953.1,25,125,2205800
NIFTY-II.NFO,23/08/2024,09:22:00,24949.75,24949.6,25,24953.9,25,200,2205800
NIFTY-II.NFO,23/08/2024,09:22:02,24951.5,24951.85,75,24955.9,50,600,2205800
NIFTY-II.NFO,23/08/2024,09:22:04,24951.5,24951.85,25,24956.65,50,0,2205800
NIFTY-II.NFO,23/08/2024,09:22:05,24955,24951.9,100,24957.05,50,500,2205800
NIFTY-II.NFO,23/08/2024,09:22:07,24953.3,24952.15,100,24957.55,25,150,2205800
NIFTY-II.NFO,23/08/2024,09:22:09,24959.65,24953.5,225,24959.35,50,325,2205800
NIFTY-II.NFO,23/08/2024,09:22:10,24963,24960.15,25,24963.3,50,400,2205800
NIFTY-II.NFO,23/08/2024,09:22:12,24960.15,24960,350,24962.25,25,50,2205800
NIFTY-II.NFO,23/08/2024,09:22:14,24961.95,24960,350,24962.4,350,75,2205800
NIFTY-II.NFO,23/08/2024,09:22:15,24963.65,24960.05,125,24964.1,25,125,2205800
NIFTY-II.NFO,23/08/2024,09:22:17,24965,24961.6,100,24966,25,375,2205800
NIFTY-II.NFO,23/08/2024,09:22:19,24965,24960.55,100,24965.45,25,0,2205800
NIFTY-II.NFO,23/08/2024,09:22:20,24960.8,24960.8,25,24965,500,100,2205800
NIFTY-II.NFO,23/08/2024,09:22:22,24963.8,24960.8,25,24964.7,50,25,2205800
NIFTY-II.NFO,23/08/2024,09:22:23,24963.8,24960.8,25,24963.9,50,0,2205800
NIFTY-II.NFO,23/08/2024,09:22:25,24963.8,24960.8,25,24962.7,125,0,2205800
NIFTY-II.NFO,23/08/2024,09:22:27,24963.15,24960,700,24961.85,125,100,2205800
NIFTY-II.NFO,23/08/2024,09:22:28,24960,24960.05,50,24963,125,75,2205800
NIFTY-II.NFO,23/08/2024,09:22:30,24965,24960.1,175,24965,625,350,2205800
NIFTY-II.NFO,23/08/2024,09:22:32,24963.05,24963,25,24965,625,25,2205800
NIFTY-II.NFO,23/08/2024,09:22:33,24966,24961.15,225,24967.3,75,700,2205800
NIFTY-II.NFO,23/08/2024,09:22:35,24966.85,24961.1,25,24965,25,25,2205800
NIFTY-II.NFO,23/08/2024,09:22:37,24966.85,24961.15,25,24963.8,125,0,2205800
NIFTY-II.NFO,23/08/2024,09:22:38,24963.8,24961.25,25,24963.8,50,75,2205800
NIFTY-II.NFO,23/08/2024,09:22:40,24963.8,24961.3,100,24965,50,50,2205800
NIFTY-II.NFO,23/08/2024,09:22:41,24967.7,24961.8,225,24968.15,100,125,2205800
NIFTY-II.NFO,23/08/2024,09:22:41,24967.7,24961.8,225,24968.15,100,0,2205800
NIFTY-II.NFO,23/08/2024,09:22:43,24972.35,24970,25,24972.35,25,300,2205800
NIFTY-II.NFO,23/08/2024,09:22:43,24972.35,24970,25,24972.35,25,0,2205800
NIFTY-II.NFO,23/08/2024,09:22:45,24972.95,24965.85,100,24970.9,350,175,2205800
NIFTY-II.NFO,23/08/2024,09:22:45,24972.95,24965.85,100,24970.9,350,0,2205800
NIFTY-II.NFO,23/08/2024,09:22:46,24965,24965,450,24969.2,425,50,2205800
NIFTY-II.NFO,23/08/2024,09:22:48,24965.05,24965.05,100,24969.2,350,25,2205800
NIFTY-II.NFO,23/08/2024,09:22:50,24970.85,24966.35,175,24972.15,125,50,2205800
NIFTY-II.NFO,23/08/2024,09:22:51,24971.1,24966.8,175,24972.65,50,2025,2205800
NIFTY-II.NFO,23/08/2024,09:22:53,24971.1,24965.05,25,24969.1,50,0,2205800
NIFTY-II.NFO,23/08/2024,09:22:54,24971.1,24965.15,25,24969,100,0,2205800
NIFTY-II.NFO,23/08/2024,09:22:56,24969,24965.15,25,24969,75,25,2205800
NIFTY-II.NFO,23/08/2024,09:22:58,24969.25,24965.2,175,24969.2,350,475,2205800
NIFTY-II.NFO,23/08/2024,09:22:59,24968.25,24965.1,25,24968.3,50,175,2205800
NIFTY-II.NFO,23/08/2024,09:23:01,24965.2,24965.15,25,24968.4,100,125,2205800
NIFTY-II.NFO,23/08/2024,09:23:03,24966.05,24965,825,24966.05,25,6575,2205800
NIFTY-II.NFO,23/08/2024,09:23:04,24966.85,24965.1,25,24968.05,100,25,2205800
NIFTY-II.NFO,23/08/2024,09:23:06,24968.2,24965.15,25,24968.75,100,75,2205800
NIFTY-II.NFO,23/08/2024,09:23:08,24968.2,24965.15,25,24966.45,50,0,2205800
NIFTY-II.NFO,23/08/2024,09:23:09,24967.4,24965.05,25,24966.75,50,525,2205800
NIFTY-II.NFO,23/08/2024,09:23:11,24965,24960.3,25,24964,25,875,2205800
NIFTY-II.NFO,23/08/2024,09:23:12,24965,24960.15,100,24963.9,350,0,2205800
NIFTY-II.NFO,23/08/2024,09:23:14,24960.15,24960.1,75,24963.9,350,25,2205800
NIFTY-II.NFO,23/08/2024,09:23:16,24965,24963.2,75,24967.95,25,350,2205800
NIFTY-II.NFO,23/08/2024,09:23:17,24969.25,24966.35,150,24969.9,100,75,2205800
NIFTY-II.NFO,23/08/2024,09:23:19,24969.9,24963.45,125,24969.45,50,75,2205800
NIFTY-II.NFO,23/08/2024,09:23:21,24963.55,24965.35,150,24969.9,50,275,2205800
NIFTY-II.NFO,23/08/2024,09:23:22,24969.9,24964.05,125,24969.75,100,25,2205800
NIFTY-II.NFO,23/08/2024,09:23:24,24969.9,24961.65,200,24965.5,75,0,2205800
NIFTY-II.NFO,23/08/2024,09:23:26,24965.5,24962.75,125,24965.5,50,50,2205800
NIFTY-II.NFO,23/08/2024,09:23:27,24965,24963.8,125,24967.9,25,150,2205800
NIFTY-II.NFO,23/08/2024,09:23:29,24967.9,24965.4,175,24969.9,50,25,2205800
NIFTY-II.NFO,23/08/2024,09:23:30,24971.1,24969.3,125,24972,50,825,2205800
NIFTY-II.NFO,23/08/2024,09:23:32,24973,24969.75,50,24975,150,200,2205800
NIFTY-II.NFO,23/08/2024,09:23:32,24973,24969.75,50,24975,150,0,2205800
NIFTY-II.NFO,23/08/2024,09:23:34,24975.9,24969.65,75,24975.7,100,200,2205800
NIFTY-II.NFO,23/08/2024,09:23:34,24975.9,24969.65,75,24975.7,100,0,2205800
NIFTY-II.NFO,23/08/2024,09:23:35,24975.9,24971.2,150,24975.95,25,0,2205800
NIFTY-II.NFO,23/08/2024,09:23:37,24976.95,24972.7,150,24977,2500,50,2205800
NIFTY-II.NFO,23/08/2024,09:23:37,24976.95,24972.7,150,24977,2500,0,2205800
NIFTY-II.NFO,23/08/2024,09:23:39,24976.95,24971.25,50,24975.95,25,50,2205800
NIFTY-II.NFO,23/08/2024,09:23:40,24974.95,24971.65,75,24975.95,25,25,2205800
NIFTY-II.NFO,23/08/2024,09:23:42,24971.7,24971.1,100,24974.95,25,100,2205800
NIFTY-II.NFO,23/08/2024,09:23:44,24971.7,24971.1,25,24974.45,350,0,2205800
NIFTY-II.NFO,23/08/2024,09:23:45,24969.3,24969.3,25,24971.95,25,125,2205800
NIFTY-II.NFO,23/08/2024,09:23:47,24969.25,24969.4,100,24975.6,125,150,2205800
NIFTY-II.NFO,23/08/2024,09:23:48,24969.25,24970.35,25,24976,25,0,2205800
NIFTY-II.NFO,23/08/2024,09:23:50,24970.4,24970.4,25,24977,2500,100,2205800
NIFTY-II.NFO,23/08/2024,09:23:52,24977,24976,500,24977,525,1975,2205800
NIFTY-II.NFO,23/08/2024,09:23:52,24977,24976,500,24977,525,0,2205800
NIFTY-II.NFO,23/08/2024,09:23:53,24977,24976,475,24977,500,50,2205800
NIFTY-II.NFO,23/08/2024,09:23:55,24976,24976,350,24976.95,25,125,2205800
NIFTY-II.NFO,23/08/2024,09:23:57,24976,24976,275,24978,50,675,2205800
NIFTY-II.NFO,23/08/2024,09:23:58,24978,24976.05,25,24978.35,25,50,2205800
NIFTY-II.NFO,23/08/2024,09:23:58,24978,24976.05,25,24978.35,25,0,2205800
NIFTY-II.NFO,23/08/2024,09:24:00,24978,24976.05,25,24978.35,25,0,2205800
NIFTY-II.NFO,23/08/2024,09:24:03,24976.05,24978.35,1000,24978.75,25,50,2205800
NIFTY-II.NFO,23/08/2024,09:24:03,24978.35,24978.35,1000,24978.75,25,0,2205800
NIFTY-II.NFO,23/08/2024,09:24:05,24978.35,24978.35,875,24978.6,100,125,2205800
NIFTY-II.NFO,23/08/2024,09:24:07,24978.35,24978.35,300,24978.4,25,600,2205800
NIFTY-II.NFO,23/08/2024,09:24:07,24978.4,24978.35,300,24978.4,25,0,2205800
NIFTY-II.NFO,23/08/2024,09:24:08,24978.35,24978.35,275,24978.4,50,25,2205800
NIFTY-II.NFO,23/08/2024,09:24:10,24978.35,24978.35,225,24978.4,75,75,2205800
NIFTY-II.NFO,23/08/2024,09:24:12,24978.35,24978.35,150,24978.4,125,75,2205800
NIFTY-II.NFO,23/08/2024,09:24:13,24979,24978.35,150,24979,125,200,2205800
NIFTY-II.NFO,23/08/2024,09:24:13,24979,24978.35,150,24979,125,0,2205800
NIFTY-II.NFO,23/08/2024,09:24:15,24980,24978.35,100,24980,2425,275,2205800
NIFTY-II.NFO,23/08/2024,09:24:15,24980,24978.35,100,24980,2425,0,2205800
NIFTY-II.NFO,23/08/2024,09:24:17,24978.9,24978.35,100,24981,25,2475,2205800
NIFTY-II.NFO,23/08/2024,09:24:18,24981.35,24978.35,75,24981.35,25,100,2205800
NIFTY-II.NFO,23/08/2024,09:24:18,24981.35,24978.35,75,24981.35,25,0,2205800
NIFTY-II.NFO,23/08/2024,09:24:20,24978.35,24978.35,25,24978.9,25,50,2205800
NIFTY-II.NFO,23/08/2024,09:24:22,24979.85,24978.35,25,24979.9,25,50,2205800
NIFTY-II.NFO,23/08/2024,09:24:23,24978.35,24978.05,25,24978.2,250,50,2205800
NIFTY-II.NFO,23/08/2024,09:24:25,24978,24976,200,24977.85,125,300,2205800
NIFTY-II.NFO,23/08/2024,09:24:27,24976,24976,175,24978,25,25,2205800
NIFTY-II.NFO,23/08/2024,09:24:28,24976,24976,175,24976.85,125,50,2205800
NIFTY-II.NFO,23/08/2024,09:24:30,24976,24976,125,24976.35,25,75,2205800
NIFTY-II.NFO,23/08/2024,09:24:32,24976,24976,125,24976.35,25,0,2205800
NIFTY-II.NFO,23/08/2024,09:24:33,24977.45,24977.45,400,24978,25,100,2205800
NIFTY-II.NFO,23/08/2024,09:24:35,24977.45,24977.45,375,24978,25,25,2205800
NIFTY-II.NFO,23/08/2024,09:24:37,24977.45,24977.45,350,24978,25,25,2205800
NIFTY-II.NFO,23/08/2024,09:24:38,24979,24977.45,75,24979.95,25,350,2205800
NIFTY-II.NFO,23/08/2024,09:24:40,24979,24977.5,25,24979.95,25,0,2205800
NIFTY-II.NFO,23/08/2024,09:24:42,24977.45,24976,125,24979.25,350,100,2205800
NIFTY-II.NFO,23/08/2024,09:24:43,24979.25,24976,125,24978.95,25,25,2216950
NIFTY-II.NFO,23/08/2024,09:24:45,24977,24972.85,175,24977,350,375,2216950
NIFTY-II.NFO,23/08/2024,09:24:47,24972.85,24972.85,150,24977,350,25,2216950
NIFTY-II.NFO,23/08/2024,09:24:48,24972.85,24972.75,150,24977,350,0,2216950
NIFTY-II.NFO,23/08/2024,09:24:50,24972.85,24971.65,200,24976.9,350,0,2216950
NIFTY-II.NFO,23/08/2024,09:24:52,24970.95,24971.1,50,24975.25,350,250,2216950
NIFTY-II.NFO,23/08/2024,09:24:53,24975,24972.85,150,24977.4,350,25,2216950
NIFTY-II.NFO,23/08/2024,09:24:55,24972.9,24972.9,100,24977.4,350,25,2216950
NIFTY-II.NFO,23/08/2024,09:24:57,24972.9,24972.9,100,24977.4,350,25,2216950
NIFTY-II.NFO,23/08/2024,09:24:58,24977.4,24977.4,100,24979,50,425,2216950
NIFTY-II.NFO,23/08/2024,09:25:00,24979,24977.4,100,24979.95,25,125,2216950
NIFTY-II.NFO,23/08/2024,09:25:02,24977.4,24977.4,25,24979.95,25,25,2216950
NIFTY-II.NFO,23/08/2024,09:25:03,24977.4,24975,50,24977.4,25,25,2216950
NIFTY-II.NFO,23/08/2024,09:25:05,24977.4,24975.6,125,24979.95,25,25,2216950
NIFTY-II.NFO,23/08/2024,09:25:07,24980.4,24978.1,50,24981,100,125,2216950
NIFTY-II.NFO,23/08/2024,09:25:08,24981.15,24980.75,100,24983.95,350,175,2216950
NIFTY-II.NFO,23/08/2024,09:25:08,24981.7,24980.75,100,24983.95,350,0,2216950
NIFTY-II.NFO,23/08/2024,09:25:10,24982,24982,100,24984,25,125,2216950
NIFTY-II.NFO,23/08/2024,09:25:10,24983,24982,100,24984,25,0,2216950
NIFTY-II.NFO,23/08/2024,09:25:12,24982,24982,25,24984,25,50,2216950
NIFTY-II.NFO,23/08/2024,09:25:13,24985,24983.8,25,24985,150,75,2216950
NIFTY-II.NFO,23/08/2024,09:25:13,24985,24983.8,25,24985,150,0,2216950
NIFTY-II.NFO,23/08/2024,09:25:15,24988,24983.3,50,24987,350,425,2216950
NIFTY-II.NFO,23/08/2024,09:25:15,24988,24983.3,50,24987,350,0,2216950
NIFTY-II.NFO,23/08/2024,09:25:17,24983.3,24983.55,50,24987.95,350,50,2216950
NIFTY-II.NFO,23/08/2024,09:25:18,24985,24984.05,25,24988,25,50,2216950
NIFTY-II.NFO,23/08/2024,09:25:20,24988,24985,50,24988.85,50,50,2216950
NIFTY-II.NFO,23/08/2024,09:25:22,24988,24985.05,25,24987.1,175,0,2216950
NIFTY-II.NFO,23/08/2024,09:25:23,24985,24983.3,75,24985.9,175,75,2216950
NIFTY-II.NFO,23/08/2024,09:25:25,24987.95,24985,100,24987.95,50,375,2216950
NIFTY-II.NFO,23/08/2024,09:25:27,24987.95,24985,100,24986.55,75,0,2216950
NIFTY-II.NFO,23/08/2024,09:25:28,24987.35,24985,100,24986.2,25,75,2216950
NIFTY-II.NFO,23/08/2024,09:25:30,24983.65,24983.35,100,24987.8,350,450,2216950
NIFTY-II.NFO,23/08/2024,09:25:32,24987.8,24983.3,75,24983.65,25,50,2216950
NIFTY-II.NFO,23/08/2024,09:25:33,24983.65,24983.3,75,24986.15,175,25,2216950
NIFTY-II.NFO,23/08/2024,09:25:35,24983.65,24983.3,75,24986.15,100,50,2216950
NIFTY-II.NFO,23/08/2024,09:25:37,24983.3,24983.35,25,24984.85,100,100,2216950
NIFTY-II.NFO,23/08/2024,09:25:38,24983.35,24982,25,24984.95,175,25,2216950
NIFTY-II.NFO,23/08/2024,09:25:40,24984.45,24982,25,24984.95,75,25,2216950
NIFTY-II.NFO,23/08/2024,09:25:42,24982.1,24982,25,24983.35,25,25,2216950
NIFTY-II.NFO,23/08/2024,09:25:43,24982.1,24982.05,25,24983.35,25,0,2216950
NIFTY-II.NFO,23/08/2024,09:25:45,24982.1,24982.05,25,24982.1,25,0,2216950
NIFTY-II.NFO,23/08/2024,09:25:47,24982.1,24982,25,24983.3,150,50,2216950
NIFTY-II.NFO,23/08/2024,09:25:48,24982,24980,75,24981.6,75,100,2216950
NIFTY-II.NFO,23/08/2024,09:25:50,24975.4,24975.5,25,24980.35,500,225,2216950
NIFTY-II.NFO,23/08/2024,09:25:52,24975.4,24975.2,100,24979.8,350,0,2216950
NIFTY-II.NFO,23/08/2024,09:25:53,24981.65,24977.05,25,24981.6,125,100,2216950
NIFTY-II.NFO,23/08/2024,09:25:55,24981.65,24977.05,25,24981.65,125,0,2216950
NIFTY-II.NFO,23/08/2024,09:25:57,24981.65,24977.1,100,24982.05,350,0,2216950
NIFTY-II.NFO,23/08/2024,09:25:58,24978.1,24978.05,25,24982.05,25,25,2216950
NIFTY-II.NFO,23/08/2024,09:26:00,24978.1,24978.15,25,24981.2,75,0,2216950
NIFTY-II.NFO,23/08/2024,09:26:02,24978.15,24978.1,25,24980,100,75,2216950
NIFTY-II.NFO,23/08/2024,09:26:03,24978.1,24977.3,100,24980,100,25,2216950
NIFTY-II.NFO,23/08/2024,09:26:05,24980,24976.8,100,24980,75,25,2216950
NIFTY-II.NFO,23/08/2024,09:26:06,24980,24975.9,25,24980,75,0,2216950
NIFTY-II.NFO,23/08/2024,09:26:08,24979.4,24973.9,25,24976.7,125,25,2216950
NIFTY-II.NFO,23/08/2024,09:26:10,24979.4,24973.9,25,24978.55,425,0,2216950
NIFTY-II.NFO,23/08/2024,09:26:11,24978.55,24974.1,100,24978.55,350,25,2216950
NIFTY-II.NFO,23/08/2024,09:26:13,24979,24975.05,25,24979,100,25,2216950
NIFTY-II.NFO,23/08/2024,09:26:15,24979,24974.3,25,24978.25,100,0,2216950
NIFTY-II.NFO,23/08/2024,09:26:17,24979,24973.95,25,24975,75,0,2216950
NIFTY-II.NFO,23/08/2024,09:26:18,24979,24973.95,25,24974.1,25,0,2216950
NIFTY-II.NFO,23/08/2024,09:26:20,24973.9,24972.85,25,24974.1,25,50,2216950
NIFTY-II.NFO,23/08/2024,09:26:22,24972.85,24972.15,100,24974.1,25,25,2216950
NIFTY-II.NFO,23/08/2024,09:26:23,24975,24972.15,125,24975,50,50,2216950
NIFTY-II.NFO,23/08/2024,09:26:25,24975,24974.05,125,24978.25,25,50,2216950
NIFTY-II.NFO,23/08/2024,09:26:26,24974.05,24974.85,100,24978.25,25,50,2216950
NIFTY-II.NFO,23/08/2024,09:26:28,24974.8,24974,25,24978.2,125,75,2216950
NIFTY-II.NFO,23/08/2024,09:26:30,24974.15,24974.15,25,24978.25,25,150,2216950
NIFTY-II.NFO,23/08/2024,09:26:31,24973.45,24974.1,25,24978.25,100,125,2216950
NIFTY-II.NFO,23/08/2024,09:26:33,24974,24973.6,25,24974,25,75,2216950
NIFTY-II.NFO,23/08/2024,09:26:35,24974,24972.85,25,24973.95,175,0,2216950
NIFTY-II.NFO,23/08/2024,09:26:36,24974,24972.85,25,24974,25,25,2216950
NIFTY-II.NFO,23/08/2024,09:26:38,24970.1,24970.1,3300,24973.15,175,125,2216950
NIFTY-II.NFO,23/08/2024,09:26:40,24970.1,24970.1,3250,24973.55,100,75,2216950
NIFTY-II.NFO,23/08/2024,09:26:41,24972.8,24970.1,3250,24972.8,175,25,2216950
NIFTY-II.NFO,23/08/2024,09:26:43,24970.1,24970.1,3175,24972.85,25,75,2216950
NIFTY-II.NFO,23/08/2024,09:26:45,24972.85,24970.15,50,24974,275,25,2216950
NIFTY-II.NFO,23/08/2024,09:26:46,24970.1,24970.1,3225,24972,500,25,2216950
NIFTY-II.NFO,23/08/2024,09:26:48,24970.1,24970.1,3200,24972,475,50,2216950
NIFTY-II.NFO,23/08/2024,09:26:50,24970.1,24970.1,3200,24972,475,0,2216950
NIFTY-II.NFO,23/08/2024,09:26:51,24970.1,24970.1,2975,24971.5,50,225,2216950
NIFTY-II.NFO,23/08/2024,09:26:53,24970.1,24970.1,2975,24971.55,325,0,2216950
NIFTY-II.NFO,23/08/2024,09:26:54,24965,24965,900,24969,350,3425,2216950
NIFTY-II.NFO,23/08/2024,09:26:56,24969,24965,900,24969,350,25,2216950
NIFTY-II.NFO,23/08/2024,09:26:58,24969,24965,900,24970.05,425,0,2216950
NIFTY-II.NFO,23/08/2024,09:26:59,24969,24966.7,100,24970.1,50,0,2216950
NIFTY-II.NFO,23/08/2024,09:27:01,24969,24966.65,25,24970.1,50,0,2216950
NIFTY-II.NFO,23/08/2024,09:27:06,24969,24966.65,25,24970.05,25,0,2216950
NIFTY-II.NFO,23/08/2024,09:27:08,24965.5,24965.25,175,24969,25,50,2216950
NIFTY-II.NFO,23/08/2024,09:27:09,24965.25,24965.25,175,24969,1000,50,2216950
NIFTY-II.NFO,23/08/2024,09:27:11,24970,24966.65,175,24970.05,25,1050,2216950
NIFTY-II.NFO,23/08/2024,09:27:13,24970,24967.3,175,24970.05,25,0,2216950
NIFTY-II.NFO,23/08/2024,09:27:14,24967.7,24966.35,150,24970,50,75,2216950
NIFTY-II.NFO,23/08/2024,09:27:16,24970,24965.65,250,24970,25,500,2216950
NIFTY-II.NFO,23/08/2024,09:27:18,24969.85,24965.8,25,24969.8,350,25,2216950
NIFTY-II.NFO,23/08/2024,09:27:19,24969.85,24965.25,250,24969.8,350,0,2216950
NIFTY-II.NFO,23/08/2024,09:27:21,24969.85,24965.2,25,24969.8,350,0,2216950
NIFTY-II.NFO,23/08/2024,09:27:23,24969.8,24965.2,25,24969.8,350,100,2216950
NIFTY-II.NFO,23/08/2024,09:27:24,24969.8,24965.2,25,24969.55,425,0,2216950
NIFTY-II.NFO,23/08/2024,09:27:26,24969.8,24965.5,175,24969.55,350,0,2216950
NIFTY-II.NFO,23/08/2024,09:27:28,24970,24968,250,24970,250,500,2216950
NIFTY-II.NFO,23/08/2024,09:27:29,24971.65,24969.55,25,24972,475,450,2216950
NIFTY-II.NFO,23/08/2024,09:27:31,24970,24968.15,250,24972,475,25,2216950
NIFTY-II.NFO,23/08/2024,09:27:33,24972,24968.8,250,24972,325,150,2216950
NIFTY-II.NFO,23/08/2024,09:27:34,24972,24968.95,250,24972,250,100,2216950
NIFTY-II.NFO,23/08/2024,09:27:36,24972,24970.4,250,24973.95,350,250,2216950
NIFTY-II.NFO,23/08/2024,09:27:38,24968.75,24969.4,125,24973.95,350,1825,2216950
NIFTY-II.NFO,23/08/2024,09:27:39,24966.25,24966.2,75,24972.1,75,1475,2216950
NIFTY-II.NFO,23/08/2024,09:27:41,24967.05,24968.05,25,24973.6,175,175,2216950
NIFTY-II.NFO,23/08/2024,09:27:43,24967.05,24968.5,75,24973.65,350,0,2216950
NIFTY-II.NFO,23/08/2024,09:27:44,24967.05,24968.55,125,24973.2,350,0,2216950
NIFTY-II.NFO,23/08/2024,09:27:46,24977.55,24973,525,24977.55,50,900,2220675
NIFTY-II.NFO,23/08/2024,09:27:48,24972.1,24972.05,150,24977.95,100,50,2220675
NIFTY-II.NFO,23/08/2024,09:27:49,24972.1,24972.55,175,24977.95,100,0,2220675
NIFTY-II.NFO,23/08/2024,09:27:51,24977.85,24972.3,25,24977.85,100,25,2220675
NIFTY-II.NFO,23/08/2024,09:27:53,24977.85,24970.9,25,24976.25,100,0,2220675
NIFTY-II.NFO,23/08/2024,09:27:54,24971.1,24970.2,25,24976.05,100,50,2220675
NIFTY-II.NFO,23/08/2024,09:27:56,24971.1,24970.2,25,24975.75,150,0,2220675
NIFTY-II.NFO,23/08/2024,09:27:58,24971.1,24970.3,25,24974.25,25,0,2220675
NIFTY-II.NFO,23/08/2024,09:27:59,24970.3,24970.35,25,24974.85,100,25,2220675
NIFTY-II.NFO,23/08/2024,09:28:01,24975.35,24970.35,25,24972.95,25,25,2220675
NIFTY-II.NFO,23/08/2024,09:28:03,24970.35,24969.5,25,24975.05,175,25,2220675
NIFTY-II.NFO,23/08/2024,09:28:04,24970.35,24975.4,50,24976.55,100,0,2220675
NIFTY-II.NFO,23/08/2024,09:28:06,24976.1,24975.4,50,24975.85,125,25,2220675
NIFTY-II.NFO,23/08/2024,09:28:07,24975.4,24975.4,25,24975.85,25,25,2220675
NIFTY-II.NFO,23/08/2024,09:28:09,24975.4,24975.45,25,24976.35,100,0,2220675
NIFTY-II.NFO,23/08/2024,09:28:11,24975.4,24975.4,25,24976.85,100,50,2220675
NIFTY-II.NFO,23/08/2024,09:28:12,24975.4,24975.4,25,24976.9,25,0,2220675
NIFTY-II.NFO,23/08/2024,09:28:14,24975.4,24975.4,150,24976.85,100,25,2220675
NIFTY-II.NFO,23/08/2024,09:28:16,24977,24976.55,50,24978,50,100,2220675
NIFTY-II.NFO,23/08/2024,09:28:17,24976.55,24976.6,25,24978.8,100,150,2220675
NIFTY-II.NFO,23/08/2024,09:28:19,24976.55,24976.6,25,24978.65,100,0,2220675
NIFTY-II.NFO,23/08/2024,09:28:21,24977.65,24975.05,25,24975.4,50,50,2220675
NIFTY-II.NFO,23/08/2024,09:28:22,24975,24971.65,75,24975.4,50,75,2220675
NIFTY-II.NFO,23/08/2024,09:28:24,24975.4,24970.55,25,24974.75,50,50,2220675
NIFTY-II.NFO,23/08/2024,09:28:26,24975.4,24970.55,25,24974.5,350,0,2220675
NIFTY-II.NFO,23/08/2024,09:28:27,24975.4,24972,25,24973.7,175,0,2220675
NIFTY-II.NFO,23/08/2024,09:28:29,24973.65,24972,25,24973.65,175,75,2220675
NIFTY-II.NFO,23/08/2024,09:28:31,24973.65,24972,25,24973.15,50,0,2220675
NIFTY-II.NFO,23/08/2024,09:28:33,24973.65,24972,25,24974,250,0,2220675
NIFTY-II.NFO,23/08/2024,09:28:34,24973.65,24972,25,24973.15,100,0,2220675
NIFTY-II.NFO,23/08/2024,09:28:36,24973.65,24972,50,24973.6,50,0,2220675
NIFTY-II.NFO,23/08/2024,09:28:38,24973.65,24972,50,24974,250,0,2220675
NIFTY-II.NFO,23/08/2024,09:28:39,24972,24970.55,50,24974,225,75,2220675
NIFTY-II.NFO,23/08/2024,09:28:41,24972,24970.55,25,24973.95,25,0,2220675
NIFTY-II.NFO,23/08/2024,09:28:43,24975.35,24971.35,100,24975.35,350,275,2220675
NIFTY-II.NFO,23/08/2024,09:28:44,24975.35,24972,100,24975.4,100,0,2220675
NIFTY-II.NFO,23/08/2024,09:28:46,24975.35,24971.25,150,24975.4,450,0,2220675
NIFTY-II.NFO,23/08/2024,09:28:48,24975.35,24975.25,25,24975.4,100,0,2220675
NIFTY-II.NFO,23/08/2024,09:28:51,24974.95,24973.65,100,24977.9,350,600,2220675
NIFTY-II.NFO,23/08/2024,09:28:53,24975.8,24972.3,100,24975.8,350,25,2220675
NIFTY-II.NFO,23/08/2024,09:28:54,24972.8,24972.8,75,24976.9,350,25,2220675
NIFTY-II.NFO,23/08/2024,09:28:56,24976.9,24973.75,75,24977.9,350,25,2220675
NIFTY-II.NFO,23/08/2024,09:28:58,24976.9,24974.8,75,24978.8,350,0,2220675
NIFTY-II.NFO,23/08/2024,09:28:59,24976.9,24975.6,75,24978.85,25,0,2220675
NIFTY-II.NFO,23/08/2024,09:29:01,24980,24977.45,25,24980,575,175,2220675
NIFTY-II.NFO,23/08/2024,09:29:03,24980,24978.9,25,24980,525,50,2220675
NIFTY-II.NFO,23/08/2024,09:29:04,24978.85,24976.65,50,24979,250,50,2220675
NIFTY-II.NFO,23/08/2024,09:29:06,24978.85,24975.3,50,24979,250,0,2220675
NIFTY-II.NFO,23/08/2024,09:29:07,24978.85,24974.85,75,24979,250,0,2220675
NIFTY-II.NFO,23/08/2024,09:29:09,24978.85,24975,50,24978.6,50,0,2220675
NIFTY-II.NFO,23/08/2024,09:29:11,24978.85,24974,50,24977.85,50,0,2220675
NIFTY-II.NFO,23/08/2024,09:29:12,24978.85,24973.8,75,24977.75,50,0,2220675
NIFTY-II.NFO,23/08/2024,09:29:14,24978.85,24974.4,50,24978.05,50,0,2220675
NIFTY-II.NFO,23/08/2024,09:29:16,24978.85,24973.45,50,24977.4,50,0,2220675
NIFTY-II.NFO,23/08/2024,09:29:17,24978.85,24973.45,50,24976,25,0,2220675
NIFTY-II.NFO,23/08/2024,09:29:19,24977.5,24975.25,50,24977.25,25,25,2220675
NIFTY-II.NFO,23/08/2024,09:29:21,24977.5,24975.45,25,24977.25,25,0,2220675
NIFTY-II.NFO,23/08/2024,09:29:22,24977.25,24973.15,50,24976.95,50,25,2220675
NIFTY-II.NFO,23/08/2024,09:29:24,24973.75,24977.5,25,24978.5,100,75,2220675
NIFTY-II.NFO,23/08/2024,09:29:26,24973,24973,25,24973.95,50,100,2220675
NIFTY-II.NFO,23/08/2024,09:29:27,24973,24973,25,24974.3,100,0,2220675
NIFTY-II.NFO,23/08/2024,09:29:29,24973,24973,25,24975.35,100,0,2220675
NIFTY-II.NFO,23/08/2024,09:29:31,24973,24973,25,24974.95,100,0,2220675
NIFTY-II.NFO,23/08/2024,09:29:32,24973,24973,25,24976.35,100,0,2220675
NIFTY-II.NFO,23/08/2024,09:29:34,24975.65,24973,25,24974.8,100,25,2220675
NIFTY-II.NFO,23/08/2024,09:29:36,24970.35,24970,25,24972.9,50,75,2220675
NIFTY-II.NFO,23/08/2024,09:29:37,24971.45,24967.9,50,24971.65,350,225,2220675
NIFTY-II.NFO,23/08/2024,09:29:39,24966,24966,150,24970.15,50,250,2220675
NIFTY-II.NFO,23/08/2024,09:29:41,24970.8,24967.4,50,24970.8,350,75,2220675
NIFTY-II.NFO,23/08/2024,09:29:42,24970.8,24969.15,50,24972.6,350,0,2220675
NIFTY-II.NFO,23/08/2024,09:29:44,24969.2,24969.8,25,24973.75,350,25,2220675
NIFTY-II.NFO,23/08/2024,09:29:46,24969.3,24970.15,25,24973.75,350,75,2220675
NIFTY-II.NFO,23/08/2024,09:29:47,24969.3,24970.1,400,24973,100,0,2220675
NIFTY-II.NFO,23/08/2024,09:29:49,24968.55,24969.2,100,24973,100,300,2220675
NIFTY-II.NFO,23/08/2024,09:29:51,24969.65,24969.2,375,24973,100,50,2220675
NIFTY-II.NFO,23/08/2024,09:29:52,24969.65,24969.45,350,24973,100,0,2220675
NIFTY-II.NFO,23/08/2024,09:29:54,24969.2,24970.45,500,24973,100,25,2220675
NIFTY-II.NFO,23/08/2024,09:29:56,24969.1,24968.9,100,24972.8,50,100,2220675
NIFTY-II.NFO,23/08/2024,09:29:57,24968.4,24968,100,24971.85,50,225,2220675
NIFTY-II.NFO,23/08/2024,09:29:59,24966.35,24966.9,625,24970.75,50,150,2220675
NIFTY-II.NFO,23/08/2024,09:30:01,24966.35,24967.1,75,24970.55,50,0,2220675
NIFTY-II.NFO,23/08/2024,09:30:02,24967.4,24967.45,125,24970.6,350,200,2220675
NIFTY-II.NFO,23/08/2024,09:30:04,24966.8,24966.35,350,24970.35,225,50,2220675
NIFTY-II.NFO,23/08/2024,09:30:06,24969.75,24966.35,175,24970,175,200,2220675
NIFTY-II.NFO,23/08/2024,09:30:07,24965,24965,725,24968.9,25,575,2220675
NIFTY-II.NFO,23/08/2024,09:30:09,24965,24965,700,24967.3,25,25,2220675
NIFTY-II.NFO,23/08/2024,09:30:11,24965,24965,625,24966.35,25,200,2220675
NIFTY-II.NFO,23/08/2024,09:30:12,24965,24965,525,24966.35,25,100,2220675
NIFTY-II.NFO,23/08/2024,09:30:14,24965,24965.05,100,24966.35,25,25,2220675
NIFTY-II.NFO,23/08/2024,09:30:16,24965,24965,450,24968.25,50,125,2220675
NIFTY-II.NFO,23/08/2024,09:30:17,24965,24965,350,24967.8,400,100,2220675
NIFTY-II.NFO,23/08/2024,09:30:19,24965,24965,175,24966.05,150,200,2220675
NIFTY-II.NFO,23/08/2024,09:30:21,24962,24960.8,100,24964.9,350,475,2220675
NIFTY-II.NFO,23/08/2024,09:30:22,24961.9,24961.85,375,24964.9,350,100,2220675
NIFTY-II.NFO,23/08/2024,09:30:24,24963.2,24963.2,175,24965.9,350,175,2220675
NIFTY-II.NFO,23/08/2024,09:30:26,24963.2,24964.4,375,24967.35,350,25,2220675
NIFTY-II.NFO,23/08/2024,09:30:27,24964.25,24963.6,75,24966.8,350,100,2220675
NIFTY-II.NFO,23/08/2024,09:30:29,24965.9,24962.3,375,24965.25,350,250,2220675
NIFTY-II.NFO,23/08/2024,09:30:31,24962,24962,25,24964.9,50,425,2220675
NIFTY-II.NFO,23/08/2024,09:30:32,24962.95,24960,500,24962.9,50,275,2220675
NIFTY-II.NFO,23/08/2024,09:30:34,24962.95,24960,500,24962.9,50,75,2220675
NIFTY-II.NFO,23/08/2024,09:30:36,24960,24960,200,24962.4,50,350,2220675
NIFTY-II.NFO,23/08/2024,09:30:37,24960,24960,125,24961.8,125,75,2220675
NIFTY-II.NFO,23/08/2024,09:30:39,24960.85,24959.65,100,24962.15,350,825,2220675
NIFTY-II.NFO,23/08/2024,09:30:40,24961.35,24961.5,350,24962.95,25,50,2220675
NIFTY-II.NFO,23/08/2024,09:30:42,24962.95,24962.95,800,24965.55,100,225,2220675
NIFTY-II.NFO,23/08/2024,09:30:44,24962.95,24962.95,775,24965.5,175,25,2221325
NIFTY-II.NFO,23/08/2024,09:30:46,24962.95,24962.95,700,24965,25,75,2221325
NIFTY-II.NFO,23/08/2024,09:30:47,24962.95,24962.95,675,24964.95,50,25,2221325
NIFTY-II.NFO,23/08/2024,09:30:49,24965,24965,75,24965.85,150,600,2221325
NIFTY-II.NFO,23/08/2024,09:30:51,24959.9,24959.25,650,24962.95,75,125,2221325
NIFTY-II.NFO,23/08/2024,09:30:52,24959.9,24958.95,100,24961.9,350,0,2221325
NIFTY-II.NFO,23/08/2024,09:30:54,24962.9,24959.75,125,24962.95,50,25,2221325
NIFTY-II.NFO,23/08/2024,09:30:56,24959,24959,500,24961.95,25,75,2221325
NIFTY-II.NFO,23/08/2024,09:30:57,24962.95,24959.6,125,24962.95,25,50,2221325
NIFTY-II.NFO,23/08/2024,09:30:59,24962.95,24961.95,125,24965,50,75,2221325
NIFTY-II.NFO,23/08/2024,09:31:00,24962.95,24959,100,24962.95,75,0,2221325
NIFTY-II.NFO,23/08/2024,09:31:02,24962.75,24960.2,250,24964.85,50,275,2221325
NIFTY-II.NFO,23/08/2024,09:31:04,24963.95,24959.6,125,24963.95,25,100,2221325
NIFTY-II.NFO,23/08/2024,09:31:05,24958.65,24958.15,25,24961.95,25,100,2221325
NIFTY-II.NFO,23/08/2024,09:31:07,24957,24956.75,250,24959.95,25,25,2221325
NIFTY-II.NFO,23/08/2024,09:31:09,24959.75,24960.05,50,24961.75,150,150,2221325
NIFTY-II.NFO,23/08/2024,09:31:10,24960.05,24960.05,25,24961.45,150,100,2221325
NIFTY-II.NFO,23/08/2024,09:31:12,24959.8,24960.75,25,24962.9,500,50,2221325
NIFTY-II.NFO,23/08/2024,09:31:14,24959.9,24959.65,25,24962.55,575,275,2221325
NIFTY-II.NFO,23/08/2024,09:31:15,24957.15,24957.05,25,24960.05,350,325,2221325
NIFTY-II.NFO,23/08/2024,09:31:17,24957.15,24957.75,25,24959.5,175,0,2221325
NIFTY-II.NFO,23/08/2024,09:31:19,24957.05,24957.75,75,24960.25,25,1050,2221325
NIFTY-II.NFO,23/08/2024,09:31:20,24957.4,24957,25,24960.15,350,350,2221325
NIFTY-II.NFO,23/08/2024,09:31:22,24957,24957.35,25,24959.65,350,25,2221325
NIFTY-II.NFO,23/08/2024,09:31:23,24957,24957,25,24959.65,350,0,2221325
NIFTY-II.NFO,23/08/2024,09:31:25,24955.6,24955,50,24958.95,75,200,2221325
NIFTY-II.NFO,23/08/2024,09:31:27,24953.5,24954.15,25,24956.95,25,75,2221325
NIFTY-II.NFO,23/08/2024,09:31:28,24953.5,24955.5,25,24959.95,25,0,2221325
NIFTY-II.NFO,23/08/2024,09:31:30,24958.9,24954.4,50,24958.95,25,250,2221325
NIFTY-II.NFO,23/08/2024,09:31:32,24954.45,24954.4,25,24957.3,350,75,2221325
NIFTY-II.NFO,23/08/2024,09:31:33,24954.45,24955.95,25,24958.85,350,0,2221325
NIFTY-II.NFO,23/08/2024,09:31:35,24954.45,24956.65,300,24959.95,375,0,2221325
NIFTY-II.NFO,23/08/2024,09:31:37,24954.45,24955.4,300,24958.5,350,0,2221325
NIFTY-II.NFO,23/08/2024,09:31:38,24954.45,24956.75,250,24959.9,350,0,2221325
NIFTY-II.NFO,23/08/2024,09:31:40,24954.45,24957,250,24959.15,350,0,2221325
NIFTY-II.NFO,23/08/2024,09:31:42,24954.45,24954.45,25,24957.35,350,0,2221325
NIFTY-II.NFO,23/08/2024,09:31:43,24954.45,24955.25,250,24958.15,350,25,2221325
NIFTY-II.NFO,23/08/2024,09:31:45,24957.3,24957.3,1475,24959.85,225,25,2221325
NIFTY-II.NFO,23/08/2024,09:31:47,24957.3,24957.3,1450,24959.85,225,25,2221325
NIFTY-II.NFO,23/08/2024,09:31:48,24957.3,24957.3,1300,24959.85,225,150,2221325
NIFTY-II.NFO,23/08/2024,09:31:50,24957.3,24957.3,1175,24959.85,150,125,2221325
NIFTY-II.NFO,23/08/2024,09:31:51,24957.3,24957.3,275,24958.95,150,900,2221325
NIFTY-II.NFO,23/08/2024,09:31:53,24953.3,24953.3,50,24956.1,100,325,2221325
NIFTY-II.NFO,23/08/2024,09:31:55,24953.3,24953.3,50,24956.1,100,0,2221325
NIFTY-II.NFO,23/08/2024,09:31:56,24953.3,24953.35,25,24956.2,350,0,2221325
NIFTY-II.NFO,23/08/2024,09:31:58,24956.2,24954.5,100,24958.45,350,75,2221325
NIFTY-II.NFO,23/08/2024,09:32:00,24955,24953.85,300,24958.15,400,100,2221325
NIFTY-II.NFO,23/08/2024,09:32:01,24953.35,24954.3,550,24957.65,350,100,2221325
NIFTY-II.NFO,23/08/2024,09:32:03,24958.95,24956.1,25,24958.95,100,25,2221325
NIFTY-II.NFO,23/08/2024,09:32:05,24954.95,24954.6,125,24958,50,50,2221325
NIFTY-II.NFO,23/08/2024,09:32:06,24954.95,24955.75,300,24958,50,0,2221325
NIFTY-II.NFO,23/08/2024,09:32:08,24954.95,24956.05,125,24958,50,0,2221325
NIFTY-II.NFO,23/08/2024,09:32:10,24957.65,24957.05,75,24960,50,100,2221325
NIFTY-II.NFO,23/08/2024,09:32:11,24957.65,24955.55,100,24960,400,0,2221325
NIFTY-II.NFO,23/08/2024,09:32:13,24957.65,24955,50,24958.75,350,0,2221325
NIFTY-II.NFO,23/08/2024,09:32:16,24957.65,24955.45,300,24958.9,350,0,2221325
NIFTY-II.NFO,23/08/2024,09:32:18,24955,24954.95,25,24958.4,350,125,2221325
NIFTY-II.NFO,23/08/2024,09:32:20,24955,24954.95,500,24958.4,350,1025,2221325
NIFTY-II.NFO,23/08/2024,09:32:21,24955.25,24955.85,250,24958.8,350,50,2221325
NIFTY-II.NFO,23/08/2024,09:32:23,24958.95,24955.8,225,24960,100,275,2221325
NIFTY-II.NFO,23/08/2024,09:32:25,24958.95,24955.65,500,24958.95,25,0,2221325
NIFTY-II.NFO,23/08/2024,09:32:26,24958.95,24956,225,24958.95,25,0,2221325
NIFTY-II.NFO,23/08/2024,09:32:28,24959.25,24958.95,50,24960,100,175,2221325
NIFTY-II.NFO,23/08/2024,09:32:30,24955.55,24955.9,100,24959.95,25,100,2221325
NIFTY-II.NFO,23/08/2024,09:32:31,24956.9,24956.25,250,24959.65,350,350,2221325
NIFTY-II.NFO,23/08/2024,09:32:33,24956.9,24955.65,250,24958.95,25,0,2221325
NIFTY-II.NFO,23/08/2024,09:32:35,24955.6,24955.3,250,24958.95,50,50,2221325
NIFTY-II.NFO,23/08/2024,09:32:36,24955.4,24955.5,50,24958.8,125,25,2221325
NIFTY-II.NFO,23/08/2024,09:32:38,24960,24956.65,125,24960,25,150,2221325
NIFTY-II.NFO,23/08/2024,09:32:40,24956.7,24955.9,300,24959.95,25,75,2221325
NIFTY-II.NFO,23/08/2024,09:32:41,24960,24960,1325,24961.8,100,200,2221325
NIFTY-II.NFO,23/08/2024,09:32:43,24962.75,24960,1200,24962.7,100,150,2221325
NIFTY-II.NFO,23/08/2024,09:32:45,24963,24960,1200,24963,25,25,2221325
NIFTY-II.NFO,23/08/2024,09:32:46,24960,24960,1175,24963.8,100,75,2221325
NIFTY-II.NFO,23/08/2024,09:32:48,24960,24960,500,24963.7,150,675,2221325
NIFTY-II.NFO,23/08/2024,09:32:50,24960,24960,400,24962.7,225,125,2221325
NIFTY-II.NFO,23/08/2024,09:32:51,24960,24960,75,24962.7,225,325,2221325
NIFTY-II.NFO,23/08/2024,09:32:53,24953.85,24953.8,500,24957.95,25,450,2221325
NIFTY-II.NFO,23/08/2024,09:32:55,24953.85,24954.5,550,24959.5,150,0,2221325
NIFTY-II.NFO,23/08/2024,09:32:57,24956.95,24953.6,75,24957.9,175,125,2221325
NIFTY-II.NFO,23/08/2024,09:32:58,24956.95,24957.1,25,24957.85,225,350,2221325
NIFTY-II.NFO,23/08/2024,09:33:00,24954.8,24955.15,25,24957.75,225,150,2221325
NIFTY-II.NFO,23/08/2024,09:33:02,24954.6,24952,125,24956.85,75,175,2221325
NIFTY-II.NFO,23/08/2024,09:33:03,24954.6,24952,125,24954.8,325,0,2221325
NIFTY-II.NFO,23/08/2024,09:33:05,24952,24952,100,24955.9,225,375,2221325
NIFTY-II.NFO,23/08/2024,09:33:07,24952,24952,75,24955.85,150,25,2221325
NIFTY-II.NFO,23/08/2024,09:33:08,24951.5,24951.5,50,24953.9,150,175,2221325
NIFTY-II.NFO,23/08/2024,09:33:10,24951.5,24951.5,25,24954.25,350,25,2221325
NIFTY-II.NFO,23/08/2024,09:33:11,24952.2,24952.25,25,24955,350,25,2221325
NIFTY-II.NFO,23/08/2024,09:33:13,24952.2,24952.25,25,24955,350,0,2221325
NIFTY-II.NFO,23/08/2024,09:33:15,24952.2,24952.25,25,24955.2,350,0,2221325
NIFTY-II.NFO,23/08/2024,09:33:16,24950.35,24952.1,25,24953.95,25,150,2221325
NIFTY-II.NFO,23/08/2024,09:33:18,24954.75,24953.3,25,24955.2,100,75,2221325
NIFTY-II.NFO,23/08/2024,09:33:20,24954.45,24951.9,250,24954.45,325,275,2221325
NIFTY-II.NFO,23/08/2024,09:33:21,24954.4,24950.05,50,24953.9,350,100,2221325
NIFTY-II.NFO,23/08/2024,09:33:23,24954.4,24950.55,250,24953.9,350,0,2221325
NIFTY-II.NFO,23/08/2024,09:33:25,24952.2,24953.8,25,24954.4,25,125,2221325
NIFTY-II.NFO,23/08/2024,09:33:26,24952.2,24953.8,25,24954.4,25,0,2221325
NIFTY-II.NFO,23/08/2024,09:33:28,24950.55,24950.25,250,24954.45,350,600,2221325
NIFTY-II.NFO,23/08/2024,09:33:29,24954.45,24951.05,125,24954.45,325,25,2221325
NIFTY-II.NFO,23/08/2024,09:33:31,24954.45,24952.7,250,24954.45,325,0,2221325
NIFTY-II.NFO,23/08/2024,09:33:33,24954.5,24952,100,24955,25,375,2221325
NIFTY-II.NFO,23/08/2024,09:33:34,24955,24953.1,200,24955.7,350,50,2221325
NIFTY-II.NFO,23/08/2024,09:33:36,24955,24955,100,24957.9,350,0,2221325
NIFTY-II.NFO,23/08/2024,09:33:38,24957.9,24955,75,24957.75,350,50,2221325
NIFTY-II.NFO,23/08/2024,09:33:39,24957.9,24955,75,24957.7,100,0,2221325
NIFTY-II.NFO,23/08/2024,09:33:41,24955,24955,25,24957.75,350,50,2221325
NIFTY-II.NFO,23/08/2024,09:33:43,24952.65,24952.4,225,24955.4,350,75,2223475
NIFTY-II.NFO,23/08/2024,09:33:44,24953.95,24951.05,250,24953.95,350,150,2223475
NIFTY-II.NFO,23/08/2024,09:33:46,24951.6,24951.7,125,24954.9,350,200,2223475
NIFTY-II.NFO,23/08/2024,09:33:47,24951.6,24954.2,25,24956.85,225,0,2223475
NIFTY-II.NFO,23/08/2024,09:33:49,24950.5,24950.05,50,24952.8,350,200,2223475
NIFTY-II.NFO,23/08/2024,09:33:51,24950.5,24951.35,25,24953.9,350,0,2223475
NIFTY-II.NFO,23/08/2024,09:33:54,24955.9,24952.45,250,24955.9,350,75,2223475
NIFTY-II.NFO,23/08/2024,09:33:56,24955.9,24952.6,325,24955.9,350,0,2223475
NIFTY-II.NFO,23/08/2024,09:33:57,24955.9,24953.95,125,24957,350,100,2223475
NIFTY-II.NFO,23/08/2024,09:33:59,24956.9,24955.45,500,24959.4,350,100,2223475
NIFTY-II.NFO,23/08/2024,09:34:01,24954,24955,25,24957.8,350,75,2223475
NIFTY-II.NFO,23/08/2024,09:34:02,24954,24955,25,24957.8,350,0,2223475
NIFTY-II.NFO,23/08/2024,09:34:04,24957.3,24955.1,125,24958.5,350,25,2223475
NIFTY-II.NFO,23/08/2024,09:34:06,24955.75,24955.6,250,24958.5,350,125,2223475
NIFTY-II.NFO,23/08/2024,09:34:07,24956.4,24956.15,125,24959.95,350,100,2223475
NIFTY-II.NFO,23/08/2024,09:34:09,24956.4,24957.05,500,24959.95,350,200,2223475
NIFTY-II.NFO,23/08/2024,09:34:11,24959.95,24959.95,650,24960,75,350,2223475
NIFTY-II.NFO,23/08/2024,09:34:12,24959.95,24959.95,500,24960,75,150,2223475
NIFTY-II.NFO,23/08/2024,09:34:14,24959.95,24959.95,325,24961,350,275,2223475
NIFTY-II.NFO,23/08/2024,09:34:16,24959.95,24959.95,200,24960,25,125,2223475
NIFTY-II.NFO,23/08/2024,09:34:17,24955.45,24955.25,500,24958.7,425,875,2223475
NIFTY-II.NFO,23/08/2024,09:34:19,24955.8,24955.4,25,24958,25,50,2223475
NIFTY-II.NFO,23/08/2024,09:34:21,24955.8,24955.65,25,24958,25,0,2223475
NIFTY-II.NFO,23/08/2024,09:34:22,24955.65,24955.25,500,24958,25,25,2223475
NIFTY-II.NFO,23/08/2024,09:34:24,24953.9,24953.85,625,24957.8,350,50,2223475
NIFTY-II.NFO,23/08/2024,09:34:26,24955.8,24954.5,250,24957.55,350,125,2223475
NIFTY-II.NFO,23/08/2024,09:34:27,24957.4,24954.45,625,24957.5,350,225,2223475
NIFTY-II.NFO,23/08/2024,09:34:29,24955.4,24956.1,475,24959.9,350,25,2223475
NIFTY-II.NFO,23/08/2024,09:34:31,24952.05,24951.65,475,24955.2,350,150,2223475
NIFTY-II.NFO,23/08/2024,09:34:32,24951,24951,75,24954.05,400,50,2223475
NIFTY-II.NFO,23/08/2024,09:34:34,24951,24951,25,24953.8,350,50,2223475
NIFTY-II.NFO,23/08/2024,09:34:36,24951,24950.05,50,24953.8,350,50,2223475
NIFTY-II.NFO,23/08/2024,09:34:37,24950,24950,1975,24952.85,350,150,2223475
NIFTY-II.NFO,23/08/2024,09:34:39,24952.7,24950,1925,24952.7,350,175,2223475
NIFTY-II.NFO,23/08/2024,09:34:41,24950,24950,1900,24952.8,350,25,2223475
NIFTY-II.NFO,23/08/2024,09:34:42,24950,24950,1900,24952.8,350,0,2223475
NIFTY-II.NFO,23/08/2024,09:34:44,24950,24950,1875,24952.8,350,25,2223475
NIFTY-II.NFO,23/08/2024,09:34:46,24950,24950.2,250,24954.75,325,400,2223475
NIFTY-II.NFO,23/08/2024,09:34:47,24950,24950,1850,24954.2,225,0,2223475
NIFTY-II.NFO,23/08/2024,09:34:49,24951.05,24951.55,475,24953.9,375,75,2223475
NIFTY-II.NFO,23/08/2024,09:34:51,24955.65,24951.65,150,24956.55,175,400,2223475
NIFTY-II.NFO,23/08/2024,09:34:52,24953.65,24954.7,25,24959.45,175,125,2223475
NIFTY-II.NFO,23/08/2024,09:34:54,24953.65,24954.1,350,24957,300,0,2223475
NIFTY-II.NFO,23/08/2024,09:34:56,24953.65,24954.2,350,24957,350,0,2223475
NIFTY-II.NFO,23/08/2024,09:34:57,24953.65,24957,300,24959.75,175,0,2223475
NIFTY-II.NFO,23/08/2024,09:34:59,24957,24957,175,24959.55,150,125,2223475
NIFTY-II.NFO,23/08/2024,09:35:01,24957,24957,100,24959.6,25,75,2223475
NIFTY-II.NFO,23/08/2024,09:35:02,24957,24957,100,24959.15,100,0,2223475
NIFTY-II.NFO,23/08/2024,09:35:04,24957.2,24953.85,25,24956.7,350,350,2223475
NIFTY-II.NFO,23/08/2024,09:35:06,24951.8,24951.75,75,24955.55,350,75,2223475
NIFTY-II.NFO,23/08/2024,09:35:07,24956.4,24953.75,25,24956.45,350,100,2223475
NIFTY-II.NFO,23/08/2024,09:35:09,24956.4,24953.75,25,24956.45,350,0,2223475
NIFTY-II.NFO,23/08/2024,09:35:11,24955,24954.3,325,24957,25,125,2223475
NIFTY-II.NFO,23/08/2024,09:35:12,24955,24953.7,250,24956.95,350,0,2223475
NIFTY-II.NFO,23/08/2024,09:35:14,24953.7,24952.5,250,24956.2,350,50,2223475
NIFTY-II.NFO,23/08/2024,09:35:16,24953.7,24952.65,375,24956.2,350,0,2223475
NIFTY-II.NFO,23/08/2024,09:35:17,24953.7,24951.9,325,24955.5,350,0,2223475
NIFTY-II.NFO,23/08/2024,09:35:19,24954.55,24951,100,24954.55,350,75,2223475
NIFTY-II.NFO,23/08/2024,09:35:21,24954.55,24951.15,100,24954.55,350,150,2223475
NIFTY-II.NFO,23/08/2024,09:35:22,24950.15,24950,1950,24953,350,150,2223475
NIFTY-II.NFO,23/08/2024,09:35:24,24950.15,24950,1950,24953,350,0,2223475
NIFTY-II.NFO,23/08/2024,09:35:26,24950,24950,1900,24953,400,50,2223475
NIFTY-II.NFO,23/08/2024,09:35:27,24950,24950,1875,24953,400,25,2223475
NIFTY-II.NFO,23/08/2024,09:35:29,24950,24950,1850,24952.85,350,25,2223475
NIFTY-II.NFO,23/08/2024,09:35:31,24950,24950,1850,24952.85,350,0,2223475
NIFTY-II.NFO,23/08/2024,09:35:32,24950,24950.1,100,24952.85,350,25,2223475
NIFTY-II.NFO,23/08/2024,09:35:34,24953.65,24951.25,375,24953.65,350,25,2223475
NIFTY-II.NFO,23/08/2024,09:35:36,24953.65,24950.8,75,24953.6,350,225,2223475
NIFTY-II.NFO,23/08/2024,09:35:37,24953.65,24950,1925,24953.6,475,0,2223475
NIFTY-II.NFO,23/08/2024,09:35:39,24950,24950,1850,24952.7,50,75,2223475
NIFTY-II.NFO,23/08/2024,09:35:41,24950,24950,1850,24952.75,350,0,2223475
NIFTY-II.NFO,23/08/2024,09:35:42,24950,24950,1950,24952.75,350,0,2223475
NIFTY-II.NFO,23/08/2024,09:35:44,24950,24950,1975,24952.75,350,0,2223475
NIFTY-II.NFO,23/08/2024,09:35:45,24950,24950,1925,24953.25,400,50,2223475
NIFTY-II.NFO,23/08/2024,09:35:47,24950.2,24950.2,75,24953,150,25,2223475
NIFTY-II.NFO,23/08/2024,09:35:49,24953.25,24951.65,75,24953.7,100,175,2223475
NIFTY-II.NFO,23/08/2024,09:35:50,24953.7,24953.35,25,24956.35,350,100,2223475
NIFTY-II.NFO,23/08/2024,09:35:52,24953.7,24953.45,125,24956.35,350,0,2223475
NIFTY-II.NFO,23/08/2024,09:35:53,24953.7,24953.35,75,24956.35,350,0,2223475
NIFTY-II.NFO,23/08/2024,09:35:55,24950.85,24951.05,325,24954.6,350,75,2223475
NIFTY-II.NFO,23/08/2024,09:35:57,24951.65,24951.15,375,24954.6,350,25,2223475
NIFTY-II.NFO,23/08/2024,09:35:58,24951.65,24951.9,250,24954.6,350,0,2223475
NIFTY-II.NFO,23/08/2024,09:36:00,24951.65,24952.45,125,24956.35,350,0,2223475
NIFTY-II.NFO,23/08/2024,09:36:01,24950.75,24950.65,75,24954.25,350,50,2223475
NIFTY-II.NFO,23/08/2024,09:36:03,24950.2,24950.95,75,24954.5,350,25,2223475
NIFTY-II.NFO,23/08/2024,09:36:05,24951.1,24951.15,125,24953.8,350,25,2223475
NIFTY-II.NFO,23/08/2024,09:36:06,24953.2,24953.15,75,24956.35,350,100,2223475
NIFTY-II.NFO,23/08/2024,09:36:08,24956.35,24953,125,24956.35,350,25,2223475
NIFTY-II.NFO,23/08/2024,09:36:09,24956.35,24954.35,75,24956.35,350,100,2223475
NIFTY-II.NFO,23/08/2024,09:36:11,24956.95,24954.35,75,24957,25,100,2223475
NIFTY-II.NFO,23/08/2024,09:36:13,24954.3,24954.05,250,24957,375,800,2223475
NIFTY-II.NFO,23/08/2024,09:36:14,24957,24954.45,250,24957.7,350,25,2223475
NIFTY-II.NFO,23/08/2024,09:36:16,24957,24954.75,75,24957.7,350,0,2223475
NIFTY-II.NFO,23/08/2024,09:36:18,24957,24952.9,25,24956.4,350,0,2223475
NIFTY-II.NFO,23/08/2024,09:36:19,24953.45,24953.45,125,24954.3,100,250,2223475
NIFTY-II.NFO,23/08/2024,09:36:21,24953.45,24953.45,100,24954.3,75,50,2223475
NIFTY-II.NFO,23/08/2024,09:36:22,24953.45,24953.45,25,24954.3,75,75,2223475
NIFTY-II.NFO,23/08/2024,09:36:24,24954.3,24953.45,25,24956.35,350,75,2223475
NIFTY-II.NFO,23/08/2024,09:36:26,24953.2,24953.2,75,24956.35,350,50,2223475
NIFTY-II.NFO,23/08/2024,09:36:27,24953.2,24953.2,25,24954.9,225,50,2223475
NIFTY-II.NFO,23/08/2024,09:36:29,24953.2,24951.05,75,24953.45,25,25,2223475
NIFTY-II.NFO,23/08/2024,09:36:31,24953.45,24951.05,75,24954.05,350,25,2223475
NIFTY-II.NFO,23/08/2024,09:36:32,24951.05,24951.45,25,24954.05,350,25,2223475
NIFTY-II.NFO,23/08/2024,09:36:34,24951.05,24952,375,24954.3,100,0,2223475
NIFTY-II.NFO,23/08/2024,09:36:35,24951.75,24951.45,25,24954.3,100,75,2223475
NIFTY-II.NFO,23/08/2024,09:36:37,24952.4,24951.1,275,24954.25,350,100,2223475
NIFTY-II.NFO,23/08/2024,09:36:39,24952.4,24951.85,275,24954.3,100,0,2223475
NIFTY-II.NFO,23/08/2024,09:36:40,24952.4,24951.65,125,24954.3,100,0,2223475
NIFTY-II.NFO,23/08/2024,09:36:42,24952.4,24951.4,75,24954.3,100,0,2223475
NIFTY-II.NFO,23/08/2024,09:36:43,24952.4,24950.1,75,24953,350,0,2223475
NIFTY-II.NFO,23/08/2024,09:36:45,24952.4,24950.2,125,24953.6,350,0,2223475
NIFTY-II.NFO,23/08/2024,09:36:47,24952.4,24950.2,125,24953.55,50,25,2224000
NIFTY-II.NFO,23/08/2024,09:36:48,24952.4,24950,2175,24953.55,50,0,2224000
NIFTY-II.NFO,23/08/2024,09:36:50,24950,24950,2000,24953.5,50,75,2224000
NIFTY-II.NFO,23/08/2024,09:36:51,24950,24950.7,275,24953.55,50,0,2224000
NIFTY-II.NFO,23/08/2024,09:36:53,24950,24950.7,125,24953.55,50,0,2224000
NIFTY-II.NFO,23/08/2024,09:36:54,24951.3,24951.05,125,24953.95,50,75,2224000
NIFTY-II.NFO,23/08/2024,09:36:56,24950,24950,1950,24952.4,25,225,2224000
NIFTY-II.NFO,23/08/2024,09:36:58,24953.6,24951,150,24953.6,350,125,2224000
NIFTY-II.NFO,23/08/2024,09:36:59,24958.8,24952.6,125,24958.8,75,1125,2224000
NIFTY-II.NFO,23/08/2024,09:37:01,24952.3,24952.3,100,24957,325,50,2224000
NIFTY-II.NFO,23/08/2024,09:37:03,24952.3,24951.8,125,24956.85,100,0,2224000
NIFTY-II.NFO,23/08/2024,09:37:04,24952.3,24951.2,250,24956.8,125,0,2224000
NIFTY-II.NFO,23/08/2024,09:37:06,24952.3,24950.6,200,24954.45,350,0,2224000
NIFTY-II.NFO,23/08/2024,09:37:07,24950.6,24950.3,100,24954.45,350,25,2224000
NIFTY-II.NFO,23/08/2024,09:37:09,24950.6,24951.9,75,24954.45,350,0,2224000
NIFTY-II.NFO,23/08/2024,09:37:11,24950.6,24951.85,250,24955.25,350,0,2224000
NIFTY-II.NFO,23/08/2024,09:37:12,24950.6,24951.9,175,24955.25,350,0,2224000
NIFTY-II.NFO,23/08/2024,09:37:14,24950.6,24952,125,24954.05,175,0,2224000
NIFTY-II.NFO,23/08/2024,09:37:16,24952,24952,100,24954.8,50,1025,2224000
NIFTY-II.NFO,23/08/2024,09:37:17,24952,24952,100,24954.85,375,0,2224000
NIFTY-II.NFO,23/08/2024,09:37:19,24952,24952,100,24954.8,125,0,2224000
NIFTY-II.NFO,23/08/2024,09:37:21,24952,24952,75,24954.8,175,50,2224000
NIFTY-II.NFO,23/08/2024,09:37:22,24952,24952,75,24954.35,150,0,2224000
NIFTY-II.NFO,23/08/2024,09:37:24,24950,24950,1950,24950.6,125,250,2224000
NIFTY-II.NFO,23/08/2024,09:37:26,24945,24945,2000,24947.8,350,2400,2224000
NIFTY-II.NFO,23/08/2024,09:37:27,24945,24945,1975,24947.8,475,50,2224000
NIFTY-II.NFO,23/08/2024,09:37:29,24945,24945,1850,24947.8,350,125,2224000
NIFTY-II.NFO,23/08/2024,09:37:31,24945.4,24945,1025,24945.65,75,850,2224000
NIFTY-II.NFO,23/08/2024,09:37:33,24945,24945,450,24946.65,350,575,2224000
NIFTY-II.NFO,23/08/2024,09:37:34,24945,24945,175,24945.6,75,275,2224000
NIFTY-II.NFO,23/08/2024,09:37:36,24941.9,24941.9,25,24944.7,75,250,2224000
NIFTY-II.NFO,23/08/2024,09:37:38,24942.95,24940.25,100,24944.95,25,550,2224000
NIFTY-II.NFO,23/08/2024,09:37:39,24945,24940.9,325,24945.05,25,50,2224000
NIFTY-II.NFO,23/08/2024,09:37:41,24940,24940,525,24944.95,75,400,2224000
NIFTY-II.NFO,23/08/2024,09:37:43,24944.95,24941.1,100,24945.05,25,25,2224000
NIFTY-II.NFO,23/08/2024,09:37:44,24941.6,24941.6,175,24944.95,25,100,2224000
NIFTY-II.NFO,23/08/2024,09:37:46,24944.95,24941.35,175,24944.95,25,25,2224000
NIFTY-II.NFO,23/08/2024,09:37:48,24941.1,24941.65,25,24945.05,25,25,2224000
NIFTY-II.NFO,23/08/2024,09:37:49,24941.1,24940,625,24943.9,400,0,2224000
NIFTY-II.NFO,23/08/2024,09:37:51,24946.9,24942.05,150,24947.9,150,425,2224000
NIFTY-II.NFO,23/08/2024,09:37:52,24946.9,24941.65,75,24944.4,350,0,2224000
NIFTY-II.NFO,23/08/2024,09:37:54,24941.6,24941.05,75,24944.4,350,25,2224000
NIFTY-II.NFO,23/08/2024,09:37:56,24944.4,24941.05,150,24944.4,350,25,2224000
NIFTY-II.NFO,23/08/2024,09:37:57,24944.4,24942.3,150,24944.4,350,0,2224000
NIFTY-II.NFO,23/08/2024,09:38:01,24944.4,24941.65,25,24944.2,225,75,2224000
NIFTY-II.NFO,23/08/2024,09:38:02,24944.4,24941,25,24943.7,350,0,2224000
NIFTY-II.NFO,23/08/2024,09:38:04,24944.4,24942,50,24943.7,350,0,2224000
NIFTY-II.NFO,23/08/2024,09:38:06,24942,24942,25,24943.7,350,25,2224000
NIFTY-II.NFO,23/08/2024,09:38:07,24943.6,24941,25,24943.6,175,75,2224000
NIFTY-II.NFO,23/08/2024,09:38:09,24941,24940.75,25,24943.3,100,25,2224000
NIFTY-II.NFO,23/08/2024,09:38:11,24941,24940.8,100,24943.35,75,0,2224000
NIFTY-II.NFO,23/08/2024,09:38:12,24941,24940.75,25,24943.35,75,0,2224000
NIFTY-II.NFO,23/08/2024,09:38:14,24942.75,24940.1,25,24942.8,350,75,2224000
NIFTY-II.NFO,23/08/2024,09:38:16,24940.7,24942,50,24943.9,350,75,2224000
NIFTY-II.NFO,23/08/2024,09:38:17,24940.8,24940.75,100,24943.9,350,150,2224000
NIFTY-II.NFO,23/08/2024,09:38:19,24943.9,24940.1,25,24942.8,350,25,2224000
NIFTY-II.NFO,23/08/2024,09:38:21,24943.9,24941,25,24942.8,350,0,2224000
NIFTY-II.NFO,23/08/2024,09:38:22,24943.9,24941,25,24943,375,0,2224000
NIFTY-II.NFO,23/08/2024,09:38:24,24943,24940.15,75,24943,350,150,2224000
NIFTY-II.NFO,23/08/2024,09:38:26,24943,24942.8,25,24943.9,25,0,2224000
NIFTY-II.NFO,23/08/2024,09:38:27,24940,24940,700,24942.6,225,100,2224000
NIFTY-II.NFO,23/08/2024,09:38:29,24940,24940,725,24942.5,150,0,2224000
NIFTY-II.NFO,23/08/2024,09:38:30,24940,24940,675,24942.6,50,125,2224000
NIFTY-II.NFO,23/08/2024,09:38:32,24940,24940,75,24941.7,225,700,2224000
NIFTY-II.NFO,23/08/2024,09:38:34,24939.95,24938.05,25,24939.1,500,150,2224000
NIFTY-II.NFO,23/08/2024,09:38:35,24933.55,24937.6,100,24938.85,450,975,2224000
NIFTY-II.NFO,23/08/2024,09:38:35,24933.55,24937.6,100,24938.85,450,0,2224000
NIFTY-II.NFO,23/08/2024,09:38:37,24935.45,24933.5,25,24936.1,250,125,2224000
NIFTY-II.NFO,23/08/2024,09:38:39,24936.9,24933.3,25,24937.55,100,1050,2224000
NIFTY-II.NFO,23/08/2024,09:38:39,24931,24933.3,25,24937.55,100,0,2224000
NIFTY-II.NFO,23/08/2024,09:38:40,24933.3,24933,100,24937.85,25,75,2224000
NIFTY-II.NFO,23/08/2024,09:38:42,24934.45,24934.5,175,24937.95,325,550,2224000
NIFTY-II.NFO,23/08/2024,09:38:44,24934.45,24935.4,25,24938.45,350,0,2224000
NIFTY-II.NFO,23/08/2024,09:38:45,24935.65,24934.05,150,24939.9,100,325,2224000
NIFTY-II.NFO,23/08/2024,09:38:47,24935.05,24934.4,100,24937.05,350,50,2224000
NIFTY-II.NFO,23/08/2024,09:38:49,24934.35,24934.4,75,24937.05,350,150,2224000
NIFTY-II.NFO,23/08/2024,09:38:50,24931.5,24931.05,25,24934,350,300,2224000
NIFTY-II.NFO,23/08/2024,09:38:52,24931.5,24933,25,24935.6,175,0,2224000
NIFTY-II.NFO,23/08/2024,09:38:54,24929.65,24930.95,25,24933.65,350,2325,2224000
NIFTY-II.NFO,23/08/2024,09:38:54,24929.65,24930.95,25,24933.65,350,0,2224000
NIFTY-II.NFO,23/08/2024,09:38:55,24929.35,24930.55,50,24931.05,100,150,2224000
NIFTY-II.NFO,23/08/2024,09:38:55,24929.35,24930.55,50,24931.05,100,0,2224000
NIFTY-II.NFO,23/08/2024,09:38:57,24931.05,24931.25,75,24933.65,350,100,2224000
NIFTY-II.NFO,23/08/2024,09:38:59,24933.7,24929,525,24933.7,125,150,2224000
NIFTY-II.NFO,23/08/2024,09:39:00,24929,24929,350,24931.7,175,200,2224000
NIFTY-II.NFO,23/08/2024,09:39:00,24929,24929,350,24931.7,175,0,2224000
NIFTY-II.NFO,23/08/2024,09:39:02,24929,24929,275,24930.55,200,75,2224000
NIFTY-II.NFO,23/08/2024,09:39:04,24929,24928,75,24930.45,100,325,2224000
NIFTY-II.NFO,23/08/2024,09:39:05,24922.05,24922.1,25,24924.6,125,1100,2224000
NIFTY-II.NFO,23/08/2024,09:39:05,24920,24922.1,25,24924.6,125,0,2224000
NIFTY-II.NFO,23/08/2024,09:39:07,24924.75,24922.2,75,24924.8,350,525,2224000
NIFTY-II.NFO,23/08/2024,09:39:09,24928.25,24923.5,50,24928.25,25,875,2224000
NIFTY-II.NFO,23/08/2024,09:39:10,24928.25,24923.7,75,24928.25,25,75,2224000
NIFTY-II.NFO,23/08/2024,09:39:12,24924.45,24925.05,50,24929.9,50,125,2224000
NIFTY-II.NFO,23/08/2024,09:39:14,24930.55,24926.8,50,24930.5,325,250,2224000
NIFTY-II.NFO,23/08/2024,09:39:15,24932.95,24928.2,50,24932.7,125,325,2224000
NIFTY-II.NFO,23/08/2024,09:39:17,24927.3,24927.3,50,24931.9,125,25,2224000
NIFTY-II.NFO,23/08/2024,09:39:18,24927.3,24926.9,75,24930.5,50,0,2224000
NIFTY-II.NFO,23/08/2024,09:39:20,24925,24925,50,24928.85,50,25,2224000
NIFTY-II.NFO,23/08/2024,09:39:22,24925,24925.05,75,24928,350,25,2224000
NIFTY-II.NFO,23/08/2024,09:39:23,24924,24924.8,75,24928.5,350,75,2224000
NIFTY-II.NFO,23/08/2024,09:39:25,24927.6,24924,50,24928.9,50,125,2224000
NIFTY-II.NFO,23/08/2024,09:39:27,24927.6,24925,25,24928.45,25,0,2224000
NIFTY-II.NFO,23/08/2024,09:39:28,24927.6,24926.35,100,24928.95,350,0,2224000
NIFTY-II.NFO,23/08/2024,09:39:30,24928.95,24925.05,100,24929,25,125,2224000
NIFTY-II.NFO,23/08/2024,09:39:32,24928.95,24928.95,50,24929,25,50,2224000
NIFTY-II.NFO,23/08/2024,09:39:33,24928.6,24927,25,24928.8,50,125,2224000
NIFTY-II.NFO,23/08/2024,09:39:35,24928.95,24927,25,24928.05,125,25,2224000
NIFTY-II.NFO,23/08/2024,09:39:37,24928.05,24925,25,24928.05,350,75,2224000
NIFTY-II.NFO,23/08/2024,09:39:38,24928.05,24927,25,24927.9,125,25,2224000
NIFTY-II.NFO,23/08/2024,09:39:40,24926.2,24924,25,24926.4,125,375,2224000
NIFTY-II.NFO,23/08/2024,09:39:42,24926.2,24924,25,24926.1,25,0,2224000
NIFTY-II.NFO,23/08/2024,09:39:43,24927,24924.05,75,24927,350,50,2224000
NIFTY-II.NFO,23/08/2024,09:39:45,24924.05,24924.05,75,24927.55,350,25,2226175
NIFTY-II.NFO,23/08/2024,09:39:47,24928.55,24924.75,100,24928.55,350,100,2226175
NIFTY-II.NFO,23/08/2024,09:39:48,24925.35,24926.4,175,24929.45,75,125,2226175
NIFTY-II.NFO,23/08/2024,09:39:50,24928.2,24926.4,100,24927.15,100,100,2226175
NIFTY-II.NFO,23/08/2024,09:39:52,24926,24924.45,25,24926,50,175,2226175
NIFTY-II.NFO,23/08/2024,09:39:53,24926.9,24924.45,25,24927.2,250,100,2226175
NIFTY-II.NFO,23/08/2024,09:39:55,24926.9,24924.45,25,24926.4,25,0,2226175
NIFTY-II.NFO,23/08/2024,09:39:56,24924.45,24924,200,24926.85,125,75,2226175
NIFTY-II.NFO,23/08/2024,09:39:58,24924,24924,175,24927.45,125,25,2226175
NIFTY-II.NFO,23/08/2024,09:40:00,24924.8,24925.85,150,24928.1,25,25,2226175
NIFTY-II.NFO,23/08/2024,09:40:01,24928.85,24925.15,125,24929.5,25,75,2226175
NIFTY-II.NFO,23/08/2024,09:40:03,24925.5,24925.55,75,24929.5,25,25,2226175
NIFTY-II.NFO,23/08/2024,09:40:05,24925.55,24925.15,75,24928.75,100,50,2226175
NIFTY-II.NFO,23/08/2024,09:40:06,24925.95,24925.4,50,24929.35,350,125,2226175
NIFTY-II.NFO,23/08/2024,09:40:08,24927.4,24926.4,175,24929.5,25,50,2226175
NIFTY-II.NFO,23/08/2024,09:40:09,24929.5,24926.95,50,24930.9,25,600,2226175
NIFTY-II.NFO,23/08/2024,09:40:11,24929.5,24927.55,175,24930.9,25,0,2226175
NIFTY-II.NFO,23/08/2024,09:40:13,24929.5,24926.55,100,24930.85,350,0,2226175
NIFTY-II.NFO,23/08/2024,09:40:14,24929.5,24929.5,75,24930.05,50,0,2226175
NIFTY-II.NFO,23/08/2024,09:40:16,24929.5,24925.9,75,24929.5,25,75,2226175
NIFTY-II.NFO,23/08/2024,09:40:18,24929.5,24925.85,25,24928.35,250,0,2226175
NIFTY-II.NFO,23/08/2024,09:40:19,24925.85,24925.1,25,24927.65,250,25,2226175
NIFTY-II.NFO,23/08/2024,09:40:21,24924,24924.6,50,24927.6,350,425,2226175
NIFTY-II.NFO,23/08/2024,09:40:22,24925.85,24925,25,24928.95,350,25,2226175
NIFTY-II.NFO,23/08/2024,09:40:24,24929.5,24926.45,175,24929.5,25,75,2226175
NIFTY-II.NFO,23/08/2024,09:40:26,24928,24928,150,24930.75,25,50,2226175
NIFTY-II.NFO,23/08/2024,09:40:27,24932.05,24928.65,175,24932.05,350,125,2226175
NIFTY-II.NFO,23/08/2024,09:40:29,24931.65,24931.65,100,24935,25,125,2226175
NIFTY-II.NFO,23/08/2024,09:40:30,24930,24929.25,100,24933.8,350,25,2226175
NIFTY-II.NFO,23/08/2024,09:40:32,24930,24928.15,100,24932.65,400,0,2226175
NIFTY-II.NFO,23/08/2024,09:40:34,24931.95,24928.05,75,24931.3,125,100,2226175
NIFTY-II.NFO,23/08/2024,09:40:35,24930.1,24926.05,75,24930.15,375,275,2226175
NIFTY-II.NFO,23/08/2024,09:40:37,24927.05,24926.15,100,24929.65,25,25,2226175
NIFTY-II.NFO,23/08/2024,09:40:38,24930.35,24926.2,50,24930.35,475,25,2226175
NIFTY-II.NFO,23/08/2024,09:40:40,24929.6,24927.2,175,24931.05,350,25,2226175
NIFTY-II.NFO,23/08/2024,09:40:42,24927.35,24928.65,25,24931.95,25,300,2226175
NIFTY-II.NFO,23/08/2024,09:40:43,24932.2,24928.05,100,24932.45,25,125,2226175
NIFTY-II.NFO,23/08/2024,09:40:45,24930.65,24928.7,175,24933.45,350,25,2226175
NIFTY-II.NFO,23/08/2024,09:40:46,24932.55,24928.25,100,24932.55,375,500,2226175
NIFTY-II.NFO,23/08/2024,09:40:48,24930.5,24929.4,100,24932,25,25,2226175
NIFTY-II.NFO,23/08/2024,09:40:49,24930.5,24930.65,175,24934.95,350,0,2226175
NIFTY-II.NFO,23/08/2024,09:40:51,24930.6,24930.15,100,24934.5,350,50,2226175
NIFTY-II.NFO,23/08/2024,09:40:53,24934.5,24928.8,75,24933.2,150,25,2226175
NIFTY-II.NFO,23/08/2024,09:40:54,24928.65,24928.3,50,24932.15,150,25,2226175
NIFTY-II.NFO,23/08/2024,09:40:56,24928.3,24928.05,100,24932.45,25,25,2226175
NIFTY-II.NFO,23/08/2024,09:40:57,24928.3,24928.75,75,24932.45,75,0,2226175
NIFTY-II.NFO,23/08/2024,09:40:59,24930.7,24928.15,50,24931.35,75,25,2226175
NIFTY-II.NFO,23/08/2024,09:41:00,24928.7,24927.25,75,24931.2,350,125,2226175
NIFTY-II.NFO,23/08/2024,09:41:02,24928.3,24929.5,175,24933.4,350,200,2226175
NIFTY-II.NFO,23/08/2024,09:41:04,24928.3,24929.85,100,24934.05,350,0,2226175
NIFTY-II.NFO,23/08/2024,09:41:05,24928.3,24930.25,75,24934.3,100,0,2226175
NIFTY-II.NFO,23/08/2024,09:41:07,24928.3,24928.45,75,24930.7,25,0,2226175
NIFTY-II.NFO,23/08/2024,09:41:09,24930.7,24928.5,225,24933,350,25,2226175
NIFTY-II.NFO,23/08/2024,09:41:10,24930.7,24929.35,100,24933.6,25,0,2226175
NIFTY-II.NFO,23/08/2024,09:41:12,24930.7,24930.1,75,24933.6,25,0,2226175
NIFTY-II.NFO,23/08/2024,09:41:13,24934.95,24931.45,25,24935,50,75,2226175
NIFTY-II.NFO,23/08/2024,09:41:15,24931.45,24930.15,75,24934.1,75,25,2226175
NIFTY-II.NFO,23/08/2024,09:41:17,24932.25,24928.7,75,24932.25,200,125,2226175
NIFTY-II.NFO,23/08/2024,09:41:18,24932.8,24928.7,75,24932.8,400,75,2226175
NIFTY-II.NFO,23/08/2024,09:41:20,24929.5,24928.3,50,24932.45,350,225,2226175
NIFTY-II.NFO,23/08/2024,09:41:22,24928.3,24928,25,24931,100,50,2226175
NIFTY-II.NFO,23/08/2024,09:41:23,24928.55,24926.6,100,24930.9,350,200,2226175
NIFTY-II.NFO,23/08/2024,09:41:25,24928,24927.7,75,24930.2,125,100,2226175
NIFTY-II.NFO,23/08/2024,09:41:27,24927.7,24926.3,100,24930.4,350,175,2226175
NIFTY-II.NFO,23/08/2024,09:41:28,24928.1,24927.1,75,24928.55,25,175,2226175
NIFTY-II.NFO,23/08/2024,09:41:30,24927.1,24926.75,100,24931.7,350,75,2226175
NIFTY-II.NFO,23/08/2024,09:41:32,24928.45,24927.75,25,24930.75,225,5425,2226175
NIFTY-II.NFO,23/08/2024,09:41:33,24927.25,24927.2,25,24929.95,175,375,2226175
NIFTY-II.NFO,23/08/2024,09:41:35,24927.2,24926.65,25,24930.45,225,275,2226175
NIFTY-II.NFO,23/08/2024,09:41:37,24930.5,24926.65,25,24930.2,150,250,2226175
NIFTY-II.NFO,23/08/2024,09:41:38,24926.25,24926.8,25,24929.8,25,400,2226175
NIFTY-II.NFO,23/08/2024,09:41:40,24926,24925.45,50,24929.65,350,200,2226175
NIFTY-II.NFO,23/08/2024,09:41:42,24926,24925,500,24928.85,125,0,2226175
NIFTY-II.NFO,23/08/2024,09:41:43,24926,24925,525,24928.8,125,0,2226175
NIFTY-II.NFO,23/08/2024,09:41:45,24925,24925,500,24929,350,25,2226175
NIFTY-II.NFO,23/08/2024,09:41:47,24924.25,24923.5,50,24927.25,150,1500,2226175
NIFTY-II.NFO,23/08/2024,09:41:48,24925,24925,25,24928.35,50,425,2226175
NIFTY-II.NFO,23/08/2024,09:41:50,24925,24924.1,100,24928,350,25,2226175
NIFTY-II.NFO,23/08/2024,09:41:52,24924.8,24923.95,50,24928.4,425,125,2226175
NIFTY-II.NFO,23/08/2024,09:41:53,24924.8,24923.95,50,24928,350,0,2226175
NIFTY-II.NFO,23/08/2024,09:41:55,24924.2,24923.25,50,24926.45,175,100,2226175
NIFTY-II.NFO,23/08/2024,09:41:57,24924,24923,25,24924.8,75,125,2226175
NIFTY-II.NFO,23/08/2024,09:41:58,24924,24923.15,50,24924.8,75,0,2226175
NIFTY-II.NFO,23/08/2024,09:42:00,24926.75,24923.2,50,24926.75,350,250,2226175
NIFTY-II.NFO,23/08/2024,09:42:02,24926.75,24923.75,50,24927.35,225,0,2226175
NIFTY-II.NFO,23/08/2024,09:42:03,24923,24922,50,24924.95,225,100,2226175
NIFTY-II.NFO,23/08/2024,09:42:05,24922.2,24920.65,25,24922.75,100,125,2226175
NIFTY-II.NFO,23/08/2024,09:42:07,24919.2,24922.45,25,24923.3,150,2125,2226175
NIFTY-II.NFO,23/08/2024,09:42:07,24918.95,24922.45,25,24923.3,150,0,2226175
NIFTY-II.NFO,23/08/2024,09:42:08,24925,24922.75,50,24926.2,350,50,2226175
NIFTY-II.NFO,23/08/2024,09:42:10,24923.15,24923.3,50,24927,125,125,2226175
NIFTY-II.NFO,23/08/2024,09:42:12,24922.45,24924.1,50,24926.9,125,525,2226175
NIFTY-II.NFO,23/08/2024,09:42:13,24922.45,24920.65,50,24924.25,425,50,2226175
NIFTY-II.NFO,23/08/2024,09:42:15,24920.65,24920.8,50,24924.15,100,25,2226175
NIFTY-II.NFO,23/08/2024,09:42:17,24924.2,24920.85,50,24924.2,350,300,2226175
NIFTY-II.NFO,23/08/2024,09:42:18,24919,24918,100,24922,100,225,2226175
NIFTY-II.NFO,23/08/2024,09:42:20,24922.45,24918.45,50,24923.2,400,375,2226175
NIFTY-II.NFO,23/08/2024,09:42:20,24918,24918.45,50,24923.2,400,0,2226175
NIFTY-II.NFO,23/08/2024,09:42:22,24922.45,24918.2,50,24921.85,400,0,2226175
NIFTY-II.NFO,23/08/2024,09:42:23,24922.45,24918.6,50,24922.2,350,0,2226175
NIFTY-II.NFO,23/08/2024,09:42:25,24922.45,24920.15,25,24923.95,350,0,2226175
NIFTY-II.NFO,23/08/2024,09:42:27,24922.9,24920.95,50,24924,25,250,2226175
NIFTY-II.NFO,23/08/2024,09:42:28,24925.2,24921.1,175,24925.75,350,50,2226175
NIFTY-II.NFO,23/08/2024,09:42:30,24925.2,24922.25,50,24926.3,425,0,2226175
NIFTY-II.NFO,23/08/2024,09:42:32,24925.2,24922.4,100,24926.3,350,0,2226175
NIFTY-II.NFO,23/08/2024,09:42:33,24925.2,24923.45,175,24927.95,75,25,2226175
NIFTY-II.NFO,23/08/2024,09:42:35,24923.25,24923.2,150,24928.25,175,450,2226175
NIFTY-II.NFO,23/08/2024,09:42:37,24926.05,24926.2,125,24930,50,25,2226175
NIFTY-II.NFO,23/08/2024,09:42:38,24926.05,24926.6,50,24930,50,0,2226175
NIFTY-II.NFO,23/08/2024,09:42:40,24926.05,24926.05,50,24930,50,0,2226175
NIFTY-II.NFO,23/08/2024,09:42:42,24926.05,24926.05,50,24929.95,100,100,2226175
NIFTY-II.NFO,23/08/2024,09:42:43,24926.05,24926.05,50,24929.95,100,25,2226175
NIFTY-II.NFO,23/08/2024,09:42:45,24929.95,24927.5,25,24929.95,475,75,2230200
NIFTY-II.NFO,23/08/2024,09:42:47,24930,24927.5,25,24929.9,500,100,2230200
NIFTY-II.NFO,23/08/2024,09:42:48,24930,24927.5,25,24929.9,500,0,2230200
NIFTY-II.NFO,23/08/2024,09:42:50,24927.5,24926.05,50,24928.6,400,25,2230200
NIFTY-II.NFO,23/08/2024,09:42:52,24929.85,24926.05,50,24929.85,75,50,2230200
NIFTY-II.NFO,23/08/2024,09:42:53,24929.85,24928.6,100,24931.05,325,0,2230200
NIFTY-II.NFO,23/08/2024,09:42:55,24929.85,24928.6,100,24932.15,125,0,2230200
NIFTY-II.NFO,23/08/2024,09:42:57,24932.2,24928.6,100,24930.95,400,25,2230200
NIFTY-II.NFO,23/08/2024,09:42:58,24932.2,24928.6,100,24929.95,75,0,2230200
NIFTY-II.NFO,23/08/2024,09:43:00,24929.95,24930.35,100,24935.55,525,75,2230200
NIFTY-II.NFO,23/08/2024,09:43:02,24929.95,24931.25,50,24936.1,125,0,2230200
NIFTY-II.NFO,23/08/2024,09:43:03,24929.95,24933.65,100,24938,3000,0,2230200
NIFTY-II.NFO,23/08/2024,09:43:05,24935.1,24935.15,100,24938,3000,50,2230200
NIFTY-II.NFO,23/08/2024,09:43:07,24935.1,24933.35,100,24938,3000,100,2230200
NIFTY-II.NFO,23/08/2024,09:43:08,24938,24933.95,50,24937.95,50,25,2230200
NIFTY-II.NFO,23/08/2024,09:43:10,24938,24934.45,50,24938,2700,275,2230200
NIFTY-II.NFO,23/08/2024,09:43:12,24936.65,24933.1,50,24937.3,50,75,2230200
NIFTY-II.NFO,23/08/2024,09:43:13,24933.1,24930.95,50,24934.6,50,25,2230200
NIFTY-II.NFO,23/08/2024,09:43:15,24934.85,24930.95,50,24934.8,50,75,2230200
NIFTY-II.NFO,23/08/2024,09:43:17,24935.35,24931.4,50,24935.25,50,50,2230200
NIFTY-II.NFO,23/08/2024,09:43:18,24935.75,24931.55,50,24935.85,25,50,2230200
NIFTY-II.NFO,23/08/2024,09:43:20,24933.15,24931.75,50,24935.85,25,100,2230200
NIFTY-II.NFO,23/08/2024,09:43:21,24932,24931,50,24934.85,25,50,2230200
NIFTY-II.NFO,23/08/2024,09:43:23,24932,24931,50,24933.7,375,50,2230200
NIFTY-II.NFO,23/08/2024,09:43:25,24935.5,24931,50,24935.5,100,75,2230200
NIFTY-II.NFO,23/08/2024,09:43:26,24935.5,24932,500,24934.2,475,0,2230200
NIFTY-II.NFO,23/08/2024,09:43:28,24935.5,24932,500,24932.85,375,0,2230200
NIFTY-II.NFO,23/08/2024,09:43:30,24935.5,24932,500,24934,25,0,2230200
NIFTY-II.NFO,23/08/2024,09:43:31,24935.5,24932,525,24934.75,25,0,2230200
NIFTY-II.NFO,23/08/2024,09:43:33,24932,24932,475,24934.75,25,50,2230200
NIFTY-II.NFO,23/08/2024,09:43:35,24932,24932,475,24934.75,375,0,2230200
NIFTY-II.NFO,23/08/2024,09:43:36,24932,24932,275,24934.05,25,200,2230200
NIFTY-II.NFO,23/08/2024,09:43:38,24934.05,24932,275,24934,375,25,2230200
NIFTY-II.NFO,23/08/2024,09:43:40,24932,24932,225,24932.65,375,150,2230200
NIFTY-II.NFO,23/08/2024,09:43:41,24932,24930,75,24932.25,200,225,2230200
NIFTY-II.NFO,23/08/2024,09:43:43,24932.9,24930,75,24933.8,25,25,2230200
NIFTY-II.NFO,23/08/2024,09:43:45,24932.9,24930.05,100,24934.35,350,0,2230200
NIFTY-II.NFO,23/08/2024,09:43:46,24934.5,24930.15,50,24934.55,100,50,2230200
NIFTY-II.NFO,23/08/2024,09:43:48,24934.5,24930.15,50,24934.1,175,0,2230200
NIFTY-II.NFO,23/08/2024,09:43:50,24930.2,24932.4,50,24934.95,75,25,2230200
NIFTY-II.NFO,23/08/2024,09:43:51,24930.2,24933,25,24934.5,50,0,2230200
NIFTY-II.NFO,23/08/2024,09:43:53,24930.2,24930.1,50,24934.15,25,0,2230200
NIFTY-II.NFO,23/08/2024,09:43:55,24930.6,24930,150,24932.5,50,25,2230200
NIFTY-II.NFO,23/08/2024,09:43:56,24930,24930,100,24932.45,100,125,2230200
NIFTY-II.NFO,23/08/2024,09:43:58,24929.85,24928.6,100,24930.5,250,200,2230200
NIFTY-II.NFO,23/08/2024,09:44:00,24928.6,24928.65,100,24932.5,25,50,2230200
NIFTY-II.NFO,23/08/2024,09:44:01,24928.6,24930.05,25,24932.5,25,25,2230200
NIFTY-II.NFO,23/08/2024,09:44:03,24928.6,24928.6,75,24932,100,0,2230200
NIFTY-II.NFO,23/08/2024,09:44:04,24928.6,24929.05,100,24932.5,25,0,2230200
NIFTY-II.NFO,23/08/2024,09:44:06,24928.8,24928.75,25,24932.5,25,50,2230200
NIFTY-II.NFO,23/08/2024,09:44:08,24928.8,24929.25,25,24932.5,25,50,2230200
NIFTY-II.NFO,23/08/2024,09:44:09,24928.8,24930.1,100,24932.5,25,0,2230200
NIFTY-II.NFO,23/08/2024,09:44:11,24928.8,24929.4,100,24932.5,25,0,2230200
NIFTY-II.NFO,23/08/2024,09:44:13,24929.65,24929.5,100,24932.5,25,25,2230200
NIFTY-II.NFO,23/08/2024,09:44:15,24929.65,24930.55,100,24932.5,25,0,2230200
NIFTY-II.NFO,23/08/2024,09:44:16,24934.95,24931.25,100,24934.95,50,50,2230200
NIFTY-II.NFO,23/08/2024,09:44:18,24934.95,24932.3,100,24934.95,50,0,2230200
NIFTY-II.NFO,23/08/2024,09:44:20,24935.5,24934.15,100,24938,2725,175,2230200
NIFTY-II.NFO,23/08/2024,09:44:21,24935.5,24932.85,25,24934.05,25,0,2230200
NIFTY-II.NFO,23/08/2024,09:44:23,24932.85,24930.35,100,24935.35,150,50,2230200
NIFTY-II.NFO,23/08/2024,09:44:25,24930.35,24930.35,100,24935.2,175,25,2230200
NIFTY-II.NFO,23/08/2024,09:44:26,24931.2,24932.35,25,24935.95,100,50,2230200
NIFTY-II.NFO,23/08/2024,09:44:28,24936.25,24932.35,25,24936.25,175,50,2230200
NIFTY-II.NFO,23/08/2024,09:44:30,24936.25,24931.2,100,24936,100,0,2230200
NIFTY-II.NFO,23/08/2024,09:44:31,24936.6,24931.65,50,24936.6,425,225,2230200
NIFTY-II.NFO,23/08/2024,09:44:33,24936.6,24931.45,50,24935.95,75,0,2230200
NIFTY-II.NFO,23/08/2024,09:44:35,24936.6,24931.2,250,24935.45,375,0,2230200
NIFTY-II.NFO,23/08/2024,09:44:36,24936.6,24931.95,100,24936.65,350,0,2230200
NIFTY-II.NFO,23/08/2024,09:44:38,24936.6,24932.35,25,24936.65,350,0,2230200
NIFTY-II.NFO,23/08/2024,09:44:40,24936.6,24931.2,250,24935.05,50,0,2230200
NIFTY-II.NFO,23/08/2024,09:44:41,24935.75,24932,25,24936.45,100,225,2230200
NIFTY-II.NFO,23/08/2024,09:44:43,24935.75,24932,25,24935.15,100,0,2230200
NIFTY-II.NFO,23/08/2024,09:44:45,24932,24931.75,25,24934.5,100,25,2230200
NIFTY-II.NFO,23/08/2024,09:44:46,24931.2,24931.2,200,24933.3,50,75,2230200
NIFTY-II.NFO,23/08/2024,09:44:48,24932,24931.2,150,24933.05,100,75,2230200
NIFTY-II.NFO,23/08/2024,09:44:50,24932,24931.2,100,24931.75,150,75,2230200
NIFTY-II.NFO,23/08/2024,09:44:51,24932.35,24930,25,24932.35,125,175,2230200
NIFTY-II.NFO,23/08/2024,09:44:53,24928.6,24928,50,24932.25,125,100,2230200
NIFTY-II.NFO,23/08/2024,09:44:55,24928.05,24928,150,24932.55,125,50,2230200
NIFTY-II.NFO,23/08/2024,09:44:56,24932.2,24928,50,24932.15,100,25,2230200
NIFTY-II.NFO,23/08/2024,09:44:58,24927.95,24927.9,25,24931.65,150,175,2230200
NIFTY-II.NFO,23/08/2024,09:45:00,24930.45,24928.05,100,24930.45,25,50,2230200
NIFTY-II.NFO,23/08/2024,09:45:01,24930.45,24928.25,100,24933.4,425,25,2230200
NIFTY-II.NFO,23/08/2024,09:45:03,24930.45,24928.15,25,24930.45,350,0,2230200
NIFTY-II.NFO,23/08/2024,09:45:05,24928,24927.2,25,24930.45,425,200,2230200
NIFTY-II.NFO,23/08/2024,09:45:06,24928,24927.2,25,24930.45,425,25,2230200
NIFTY-II.NFO,23/08/2024,09:45:08,24928,24927.2,25,24928,50,50,2230200
NIFTY-II.NFO,23/08/2024,09:45:10,24927.3,24927.25,25,24930.45,275,675,2230200
NIFTY-II.NFO,23/08/2024,09:45:11,24927.3,24927.25,25,24930.45,275,0,2230200
NIFTY-II.NFO,23/08/2024,09:45:13,24931.55,24931.6,50,24936.3,350,475,2230200
NIFTY-II.NFO,23/08/2024,09:45:15,24936.7,24932.95,25,24937.75,150,400,2230200
NIFTY-II.NFO,23/08/2024,09:45:16,24937.95,24933.6,50,24937.95,100,100,2230200
NIFTY-II.NFO,23/08/2024,09:45:18,24934.3,24933.1,75,24938,25,25,2230200
NIFTY-II.NFO,23/08/2024,09:45:20,24932.45,24932.8,25,24936.9,225,100,2230200
NIFTY-II.NFO,23/08/2024,09:45:21,24933.2,24932.8,25,24937.2,225,25,2230200
NIFTY-II.NFO,23/08/2024,09:45:23,24938,24933.2,25,24936.95,150,400,2230200
NIFTY-II.NFO,23/08/2024,09:45:25,24932.1,24931.55,50,24935.55,25,50,2230200
NIFTY-II.NFO,23/08/2024,09:45:26,24932.1,24931.9,100,24936,350,0,2230200
NIFTY-II.NFO,23/08/2024,09:45:28,24932.1,24931.45,25,24935.35,150,0,2230200
NIFTY-II.NFO,23/08/2024,09:45:30,24930,24930,75,24933.65,75,50,2230200
NIFTY-II.NFO,23/08/2024,09:45:31,24933.65,24930,50,24933.6,125,450,2230200
NIFTY-II.NFO,23/08/2024,09:45:33,24933.65,24930,50,24932.25,25,0,2230200
NIFTY-II.NFO,23/08/2024,09:45:35,24930,24930,75,24933.15,25,50,2230200
NIFTY-II.NFO,23/08/2024,09:45:36,24931.45,24930.65,50,24935.5,25,25,2230200
NIFTY-II.NFO,23/08/2024,09:45:38,24931.45,24931.55,100,24935.45,350,0,2230200
NIFTY-II.NFO,23/08/2024,09:45:40,24931.45,24932.45,50,24935.95,25,0,2230200
NIFTY-II.NFO,23/08/2024,09:45:41,24935.95,24933.05,175,24937.1,350,50,2230200
NIFTY-II.NFO,23/08/2024,09:45:43,24935.95,24935.25,50,24938.45,25,0,2230200
NIFTY-II.NFO,23/08/2024,09:45:45,24938.45,24936.4,100,24938.85,50,25,2230200
NIFTY-II.NFO,23/08/2024,09:45:46,24937.25,24937.15,25,24938.8,25,400,2231075
NIFTY-II.NFO,23/08/2024,09:45:48,24936,24935.25,25,24938.8,25,100,2231075
NIFTY-II.NFO,23/08/2024,09:45:50,24933.75,24933.55,75,24937.9,50,125,2231075
NIFTY-II.NFO,23/08/2024,09:45:51,24933.75,24934.6,100,24938.2,50,0,2231075
NIFTY-II.NFO,23/08/2024,09:45:53,24933.75,24933.3,25,24937.7,50,0,2231075
NIFTY-II.NFO,23/08/2024,09:45:55,24933.75,24932.2,25,24936.55,50,0,2231075
NIFTY-II.NFO,23/08/2024,09:45:56,24936.25,24933.25,25,24935.7,25,100,2231075
NIFTY-II.NFO,23/08/2024,09:45:58,24932.5,24933.25,25,24935.65,25,50,2231075
NIFTY-II.NFO,23/08/2024,09:46:00,24932.5,24933.25,25,24934.95,25,0,2231075
NIFTY-II.NFO,23/08/2024,09:46:01,24931.95,24932.35,100,24936.8,350,75,2231075
NIFTY-II.NFO,23/08/2024,09:46:03,24931.95,24932.25,100,24935.6,25,0,2231075
NIFTY-II.NFO,23/08/2024,09:46:05,24931.95,24932.25,100,24935.8,25,0,2231075
NIFTY-II.NFO,23/08/2024,09:46:06,24932.75,24934.55,50,24936.25,25,200,2231075
NIFTY-II.NFO,23/08/2024,09:46:08,24935,24935.6,250,24938,25,125,2231075
NIFTY-II.NFO,23/08/2024,09:46:10,24940.85,24937.25,25,24940.1,25,125,2231075
NIFTY-II.NFO,23/08/2024,09:46:11,24940.85,24935.7,25,24939.5,350,0,2231075
NIFTY-II.NFO,23/08/2024,09:46:13,24939.45,24935.7,25,24939.95,25,25,2231075
NIFTY-II.NFO,23/08/2024,09:46:15,24939.45,24935.7,25,24939.15,25,0,2231075
NIFTY-II.NFO,23/08/2024,09:46:16,24936.95,24936.1,25,24939.15,25,50,2231075
NIFTY-II.NFO,23/08/2024,09:46:18,24939.15,24938.05,50,24940.6,25,25,2231075
NIFTY-II.NFO,23/08/2024,09:46:20,24939.15,24937.4,25,24941.35,25,0,2231075
NIFTY-II.NFO,23/08/2024,09:46:21,24941.8,24938.1,25,24941.8,350,25,2231075
NIFTY-II.NFO,23/08/2024,09:46:23,24941.8,24937.35,50,24941.15,350,0,2231075
NIFTY-II.NFO,23/08/2024,09:46:25,24940,24940,600,24942.95,100,400,2231075
NIFTY-II.NFO,23/08/2024,09:46:26,24940,24940,575,24943.8,100,25,2231075
NIFTY-II.NFO,23/08/2024,09:46:28,24940,24940.05,50,24944.05,100,25,2231075
NIFTY-II.NFO,23/08/2024,09:46:30,24940,24940.05,50,24943.55,25,0,2231075
NIFTY-II.NFO,23/08/2024,09:46:31,24940.05,24940.25,50,24943.55,25,50,2231075
NIFTY-II.NFO,23/08/2024,09:46:33,24940.05,24943.8,25,24945,75,0,2231075
NIFTY-II.NFO,23/08/2024,09:46:35,24945,24940.55,125,24945.85,100,75,2231075
NIFTY-II.NFO,23/08/2024,09:46:36,24945,24941.35,50,24945.85,100,0,2231075
NIFTY-II.NFO,23/08/2024,09:46:38,24945,24942.25,50,24945,50,0,2231075
NIFTY-II.NFO,23/08/2024,09:46:40,24941.7,24941.8,50,24945,50,100,2231075
NIFTY-II.NFO,23/08/2024,09:46:41,24944.95,24940.05,25,24944.4,100,125,2231075
NIFTY-II.NFO,23/08/2024,09:46:43,24940.05,24940,600,24942.45,100,25,2231075
NIFTY-II.NFO,23/08/2024,09:46:45,24940,24940,475,24942.25,25,125,2231075
NIFTY-II.NFO,23/08/2024,09:46:46,24940,24940,175,24944.05,175,325,2231075
NIFTY-II.NFO,23/08/2024,09:46:48,24939.45,24938.85,50,24943.35,350,275,2231075
NIFTY-II.NFO,23/08/2024,09:46:50,24938.85,24938.8,100,24943.05,175,25,2231075
NIFTY-II.NFO,23/08/2024,09:46:51,24943.05,24938.8,100,24943.05,175,50,2231075
NIFTY-II.NFO,23/08/2024,09:46:53,24938.8,24938.8,50,24942.45,175,50,2231075
NIFTY-II.NFO,23/08/2024,09:46:55,24942.7,24938.8,25,24942.6,100,50,2231075
NIFTY-II.NFO,23/08/2024,09:46:56,24938.8,24938.8,25,24941.5,100,25,2231075
NIFTY-II.NFO,23/08/2024,09:46:58,24941.1,24936.9,25,24938.85,25,200,2231075
NIFTY-II.NFO,23/08/2024,09:47:00,24941.6,24937.1,100,24941.65,350,50,2231075
NIFTY-II.NFO,23/08/2024,09:47:01,24945,24941.1,75,24945.8,350,75,2231075
NIFTY-II.NFO,23/08/2024,09:47:03,24945,24940.95,100,24945.25,350,0,2231075
NIFTY-II.NFO,23/08/2024,09:47:05,24945.25,24940.75,100,24945.4,350,50,2231075
NIFTY-II.NFO,23/08/2024,09:47:06,24945.4,24940.6,25,24945.4,425,25,2231075
NIFTY-II.NFO,23/08/2024,09:47:08,24939.35,24939.35,100,24944.15,25,25,2231075
NIFTY-II.NFO,23/08/2024,09:47:10,24939.35,24937.75,100,24942.8,100,0,2231075
NIFTY-II.NFO,23/08/2024,09:47:11,24939.35,24937.75,100,24940.35,50,0,2231075
NIFTY-II.NFO,23/08/2024,09:47:13,24940,24937.75,100,24942.1,50,25,2231075
NIFTY-II.NFO,23/08/2024,09:47:15,24940,24937.05,175,24942.35,50,0,2231075
NIFTY-II.NFO,23/08/2024,09:47:16,24937.55,24938.15,75,24942.25,50,100,2231075
NIFTY-II.NFO,23/08/2024,09:47:18,24942.15,24938.1,25,24942.35,100,25,2231075
NIFTY-II.NFO,23/08/2024,09:47:20,24942.2,24938.95,200,24943.4,350,50,2231075
NIFTY-II.NFO,23/08/2024,09:47:21,24944.95,24940,25,24944.7,150,125,2231075
NIFTY-II.NFO,23/08/2024,09:47:23,24939.1,24939.1,25,24943.5,100,50,2231075
NIFTY-II.NFO,23/08/2024,09:47:25,24939.1,24939.05,25,24943.6,225,0,2231075
NIFTY-II.NFO,23/08/2024,09:47:26,24939.1,24937.45,25,24941.05,175,0,2231075
NIFTY-II.NFO,23/08/2024,09:47:28,24939.1,24937.5,25,24942.2,100,0,2231075
NIFTY-II.NFO,23/08/2024,09:47:30,24941.45,24937.05,25,24941.65,100,50,2231075
NIFTY-II.NFO,23/08/2024,09:47:31,24938,24937.1,150,24941.8,350,50,2231075
NIFTY-II.NFO,23/08/2024,09:47:33,24938,24939.15,75,24944.1,100,0,2231075
NIFTY-II.NFO,23/08/2024,09:47:35,24943.75,24939.15,100,24943.75,100,25,2231075
NIFTY-II.NFO,23/08/2024,09:47:36,24943.75,24939.1,25,24942.75,175,0,2231075
NIFTY-II.NFO,23/08/2024,09:47:38,24943.75,24939.1,25,24943,175,0,2231075
NIFTY-II.NFO,23/08/2024,09:47:40,24938,24937,50,24940,175,50,2231075
NIFTY-II.NFO,23/08/2024,09:47:41,24940.3,24937,50,24940.3,150,25,2231075
NIFTY-II.NFO,23/08/2024,09:47:43,24940.95,24937,50,24940.45,125,25,2231075
NIFTY-II.NFO,23/08/2024,09:47:45,24940.15,24937,50,24940.15,25,50,2231075
NIFTY-II.NFO,23/08/2024,09:47:46,24940.15,24937,50,24939.8,25,0,2231075
NIFTY-II.NFO,23/08/2024,09:47:48,24936,24935,75,24939.5,100,75,2231075
NIFTY-II.NFO,23/08/2024,09:47:50,24936,24935,75,24936.95,50,0,2231075
NIFTY-II.NFO,23/08/2024,09:47:51,24936,24936,25,24938.35,25,0,2231075
NIFTY-II.NFO,23/08/2024,09:47:53,24932.85,24932.8,25,24936.55,50,400,2231075
NIFTY-II.NFO,23/08/2024,09:47:55,24934.8,24931.45,25,24935.75,75,25,2231075
NIFTY-II.NFO,23/08/2024,09:47:56,24936,24932.05,25,24936.1,125,25,2231075
NIFTY-II.NFO,23/08/2024,09:47:58,24936,24931.45,25,24934.85,50,0,2231075
NIFTY-II.NFO,23/08/2024,09:48:00,24936,24931.45,25,24935.25,75,0,2231075
NIFTY-II.NFO,23/08/2024,09:48:01,24936,24932,25,24935.3,50,25,2231075
NIFTY-II.NFO,23/08/2024,09:48:03,24936,24932,25,24935.95,50,0,2231075
NIFTY-II.NFO,23/08/2024,09:48:04,24936,24932,25,24934.95,50,0,2231075
NIFTY-II.NFO,23/08/2024,09:48:06,24931.45,24931,25,24932,975,50,2231075
NIFTY-II.NFO,23/08/2024,09:48:08,24931,24930.15,25,24932,975,25,2231075
NIFTY-II.NFO,23/08/2024,09:48:09,24930,24930,75,24930.5,150,575,2231075
NIFTY-II.NFO,23/08/2024,09:48:11,24929,24928.35,25,24930.65,50,125,2231075
NIFTY-II.NFO,23/08/2024,09:48:13,24928.35,24928,100,24930.7,50,25,2231075
NIFTY-II.NFO,23/08/2024,09:48:14,24928,24928,75,24930.3,150,25,2231075
NIFTY-II.NFO,23/08/2024,09:48:16,24928,24928,75,24929.65,75,0,2231075
NIFTY-II.NFO,23/08/2024,09:48:18,24928,24928,75,24930.8,200,0,2231075
NIFTY-II.NFO,23/08/2024,09:48:19,24927,24927,150,24929.8,150,100,2231075
NIFTY-II.NFO,23/08/2024,09:48:21,24928,24927,150,24930.35,150,25,2231075
NIFTY-II.NFO,23/08/2024,09:48:23,24927,24927,125,24928.25,200,25,2231075
NIFTY-II.NFO,23/08/2024,09:48:24,24927,24927,25,24928.2,75,100,2231075
NIFTY-II.NFO,23/08/2024,09:48:26,24924,24923,25,24925.05,75,375,2231075
NIFTY-II.NFO,23/08/2024,09:48:28,24923,24922.1,50,24925.35,50,50,2231075
NIFTY-II.NFO,23/08/2024,09:48:29,24924,24922.1,25,24925.05,50,75,2231075
NIFTY-II.NFO,23/08/2024,09:48:31,24921,24920.9,50,24923.5,50,125,2231075
NIFTY-II.NFO,23/08/2024,09:48:33,24920,24920,150,24922,50,125,2231075
NIFTY-II.NFO,23/08/2024,09:48:34,24920.1,24920,100,24922.8,25,100,2231075
NIFTY-II.NFO,23/08/2024,09:48:36,24922.55,24918,100,24922.65,225,175,2231075
NIFTY-II.NFO,23/08/2024,09:48:38,24922.55,24919.65,75,24923.35,525,0,2231075
NIFTY-II.NFO,23/08/2024,09:48:40,24919.65,24920,25,24923.7,125,50,2231075
NIFTY-II.NFO,23/08/2024,09:48:41,24919.65,24920,25,24924.1,350,0,2231075
NIFTY-II.NFO,23/08/2024,09:48:43,24919.65,24920.55,100,24922.95,50,0,2231075
NIFTY-II.NFO,23/08/2024,09:48:45,24919.65,24920.35,100,24925.5,425,0,2231075
NIFTY-II.NFO,23/08/2024,09:48:46,24919.65,24920.3,100,24924.85,350,0,2231075
NIFTY-II.NFO,23/08/2024,09:48:48,24926.95,24922.55,225,24926.95,350,50,2230475
NIFTY-II.NFO,23/08/2024,09:48:50,24926.95,24923.65,100,24927,25,0,2230475
NIFTY-II.NFO,23/08/2024,09:48:51,24926.95,24923,100,24927,25,0,2230475
NIFTY-II.NFO,23/08/2024,09:48:53,24926.95,24922.8,100,24926.95,100,0,2230475
NIFTY-II.NFO,23/08/2024,09:48:55,24926.95,24921.5,100,24926.15,350,0,2230475
NIFTY-II.NFO,23/08/2024,09:48:56,24921.5,24921.45,125,24924.75,975,1575,2230475
NIFTY-II.NFO,23/08/2024,09:48:58,24921.5,24921.45,75,24924.75,975,0,2230475
NIFTY-II.NFO,23/08/2024,09:49:00,24924.75,24922.9,375,24924.75,925,50,2230475
NIFTY-II.NFO,23/08/2024,09:49:01,24926.9,24923.8,50,24926.95,100,950,2230475
NIFTY-II.NFO,23/08/2024,09:49:03,24923.85,24923.85,25,24926.95,75,50,2230475
NIFTY-II.NFO,23/08/2024,09:49:04,24924.75,24924.6,50,24926.95,75,25,2230475
NIFTY-II.NFO,23/08/2024,09:49:06,24924.75,24926.15,50,24926.95,75,0,2230475
NIFTY-II.NFO,23/08/2024,09:49:08,24930.5,24927.05,50,24930.8,350,175,2230475
NIFTY-II.NFO,23/08/2024,09:49:09,24930.5,24927.65,50,24931.9,350,0,2230475
NIFTY-II.NFO,23/08/2024,09:49:11,24933.55,24928.4,50,24932.15,350,100,2230475
NIFTY-II.NFO,23/08/2024,09:49:13,24933.55,24927.6,50,24931.55,350,0,2230475
NIFTY-II.NFO,23/08/2024,09:49:14,24927.2,24928.25,50,24931.65,350,25,2230475
