Ticker,Date,Time,LTP,BuyPrice,BuyQty,SellPrice,SellQty,LTQ,OpenInterest
BANKNIFTY-III.NFO,02/04/2025,09:15:02,51676.15,51716.3,60,51755.9,60,90,18870
BANKNIFTY-III.NFO,02/04/2025,09:15:02,51676.1,51716.3,60,51755.9,60,0,18870
BANKNIFTY-III.NFO,02/04/2025,09:15:02,51676.15,51716.3,60,51755.9,60,0,18870
BANKNIFTY-III.NFO,02/04/2025,09:15:02,51676.1,51716.3,60,51755.9,60,0,18870
BANKNIFTY-III.NFO,02/04/2025,09:15:03,51676.1,51728.85,60,51760.9,60,0,18870
BANKNIFTY-III.NFO,02/04/2025,09:15:05,51676.1,51735.1,60,51772.2,60,0,18870
BANKNIFTY-III.NFO,02/04/2025,09:15:07,51676.1,51729.85,60,51777,60,0,18870
BANKNIFTY-III.NFO,02/04/2025,09:15:08,51676.1,51790.05,60,51822.3,60,0,18870
BANKNIFTY-III.NFO,02/04/2025,09:15:10,51676.1,51787.15,60,51825.25,60,0,18870
BANKNIFTY-III.NFO,02/04/2025,09:15:11,51676.1,51789.05,60,51820.75,60,0,18870
BANKNIFTY-III.NFO,02/04/2025,09:15:13,51676.1,51778.4,60,51811.4,60,0,18870
BANKNIFTY-III.NFO,02/04/2025,09:15:15,51676.1,51776.9,60,51808.7,60,0,18870
BANKNIFTY-III.NFO,02/04/2025,09:15:16,51759.15,51770.15,60,51805.2,30,30,18870
BANKNIFTY-III.NFO,02/04/2025,09:15:16,51759.15,51770.15,60,51805.2,30,0,18870
BANKNIFTY-III.NFO,02/04/2025,09:15:18,51759.15,51769.6,120,51799.8,60,0,18870
BANKNIFTY-III.NFO,02/04/2025,09:15:19,51759.15,51749.1,120,51790.2,60,0,18870
BANKNIFTY-III.NFO,02/04/2025,09:15:21,51759.15,51743.85,30,51773.7,30,0,18870
BANKNIFTY-III.NFO,02/04/2025,09:15:23,51773.7,51733.45,30,51767.15,60,30,18870
BANKNIFTY-III.NFO,02/04/2025,09:15:23,51773.7,51733.45,30,51767.15,60,0,18870
BANKNIFTY-III.NFO,02/04/2025,09:15:24,51773.7,51684.85,60,51735.5,60,0,18870
BANKNIFTY-III.NFO,02/04/2025,09:15:26,51773.7,51705.9,60,51748.3,60,0,18870
BANKNIFTY-III.NFO,02/04/2025,09:15:28,51773.7,51706.6,60,51750.15,60,0,18870
BANKNIFTY-III.NFO,02/04/2025,09:15:29,51773.7,51710.5,120,51747.2,60,0,18870
BANKNIFTY-III.NFO,02/04/2025,09:15:31,51773.7,51684.2,30,51708.4,60,0,18870
BANKNIFTY-III.NFO,02/04/2025,09:15:33,51773.7,51693.4,120,51727.5,60,0,18870
BANKNIFTY-III.NFO,02/04/2025,09:15:34,51773.7,51708.25,60,51738.15,60,0,18870
BANKNIFTY-III.NFO,02/04/2025,09:15:36,51773.7,51696.9,60,51743,60,0,18870
BANKNIFTY-III.NFO,02/04/2025,09:15:37,51773.7,51719.25,60,51758.95,60,0,18870
BANKNIFTY-III.NFO,02/04/2025,09:15:39,51773.7,51707.15,60,51739.95,60,0,18870
BANKNIFTY-III.NFO,02/04/2025,09:15:41,51773.7,51684.75,60,51736.65,60,0,18870
BANKNIFTY-III.NFO,02/04/2025,09:15:42,51773.7,51713.95,60,51746.1,60,0,18870
BANKNIFTY-III.NFO,02/04/2025,09:15:44,51773.7,51718.1,60,51751.65,60,0,18870
BANKNIFTY-III.NFO,02/04/2025,09:15:46,51773.7,51727,60,51761.85,60,0,18870
BANKNIFTY-III.NFO,02/04/2025,09:15:47,51760.8,51732.1,60,51765.8,30,30,18870
BANKNIFTY-III.NFO,02/04/2025,09:15:49,51760.8,51739.7,120,51768.7,30,0,18870
BANKNIFTY-III.NFO,02/04/2025,09:15:50,51760.8,51742.65,60,51776.1,60,0,18870
BANKNIFTY-III.NFO,02/04/2025,09:15:52,51760.8,51749.85,60,51775.6,30,0,18870
BANKNIFTY-III.NFO,02/04/2025,09:15:54,51760.8,51766.6,60,51805.6,30,0,18870
BANKNIFTY-III.NFO,02/04/2025,09:15:55,51760.8,51777.95,120,51790,30,0,18870
BANKNIFTY-III.NFO,02/04/2025,09:15:57,51760.8,51773.75,60,51790,30,0,18870
BANKNIFTY-III.NFO,02/04/2025,09:15:59,51760.8,51786.3,90,51790,30,0,18870
BANKNIFTY-III.NFO,02/04/2025,09:16:00,51790,51781.95,60,51814.45,60,30,18870
BANKNIFTY-III.NFO,02/04/2025,09:16:00,51790,51781.95,60,51814.45,60,0,18870
BANKNIFTY-III.NFO,02/04/2025,09:16:02,51773.7,51745,30,51780.45,60,30,18870
BANKNIFTY-III.NFO,02/04/2025,09:16:03,51745,51709.45,60,51756.7,60,30,18870
BANKNIFTY-III.NFO,02/04/2025,09:16:05,51745,51710.65,60,51748.6,60,0,18870
BANKNIFTY-III.NFO,02/04/2025,09:16:07,51745,51717.05,60,51748.2,30,0,18870
BANKNIFTY-III.NFO,02/04/2025,09:16:08,51745,51703.35,60,51736.95,90,0,18870
BANKNIFTY-III.NFO,02/04/2025,09:16:10,51745,51699,30,51725.9,60,0,18870
BANKNIFTY-III.NFO,02/04/2025,09:16:11,51745,51699,30,51713.1,60,0,18870
BANKNIFTY-III.NFO,02/04/2025,09:16:13,51745,51699,30,51711.7,90,0,18870
BANKNIFTY-III.NFO,02/04/2025,09:16:15,51745,51699.05,90,51725,60,0,18870
BANKNIFTY-III.NFO,02/04/2025,09:16:16,51699,51684.2,30,51702.05,150,30,18870
BANKNIFTY-III.NFO,02/04/2025,09:16:18,51684.2,51654.5,60,51687.6,60,30,18870
BANKNIFTY-III.NFO,02/04/2025,09:16:20,51684.2,51659.8,60,51702.8,60,0,18870
BANKNIFTY-III.NFO,02/04/2025,09:16:21,51684.2,51650.15,60,51687.05,60,0,18870
BANKNIFTY-III.NFO,02/04/2025,09:16:23,51684.2,51655.05,30,51684.95,60,0,18870
BANKNIFTY-III.NFO,02/04/2025,09:16:24,51684.2,51646.25,90,51678.6,60,0,18870
BANKNIFTY-III.NFO,02/04/2025,09:16:26,51684.2,51648.6,60,51674.35,60,0,18870
BANKNIFTY-III.NFO,02/04/2025,09:16:28,51684.2,51640.7,60,51673.75,60,0,18870
BANKNIFTY-III.NFO,02/04/2025,09:16:29,51684.2,51651.45,60,51678.1,60,0,18870
BANKNIFTY-III.NFO,02/04/2025,09:16:31,51681.2,51657.6,30,51685.3,60,60,18870
BANKNIFTY-III.NFO,02/04/2025,09:16:33,51681.2,51658.05,60,51683.75,60,0,18870
BANKNIFTY-III.NFO,02/04/2025,09:16:34,51681.2,51660.2,90,51684.35,60,0,18870
BANKNIFTY-III.NFO,02/04/2025,09:16:36,51681.2,51656.7,60,51685,60,0,18870
BANKNIFTY-III.NFO,02/04/2025,09:16:37,51681.2,51661.9,60,51689.25,60,0,18870
BANKNIFTY-III.NFO,02/04/2025,09:16:39,51681.2,51660.75,60,51689.45,60,0,18870
BANKNIFTY-III.NFO,02/04/2025,09:16:41,51681.2,51669.65,60,51694.6,60,0,18870
BANKNIFTY-III.NFO,02/04/2025,09:16:42,51681.2,51681.65,90,51704.3,30,0,18870
BANKNIFTY-III.NFO,02/04/2025,09:16:44,51681.2,51673.3,60,51701.4,60,0,18870
BANKNIFTY-III.NFO,02/04/2025,09:16:45,51681.2,51675.4,90,51700.15,150,0,18870
BANKNIFTY-III.NFO,02/04/2025,09:16:47,51681.2,51679.45,60,51706.9,30,0,18870
BANKNIFTY-III.NFO,02/04/2025,09:16:49,51681.2,51684.1,60,51709.7,60,0,18870
BANKNIFTY-III.NFO,02/04/2025,09:16:50,51681.2,51685.4,60,51713.5,60,0,18870
BANKNIFTY-III.NFO,02/04/2025,09:16:52,51681.2,51687,60,51714.7,60,0,18870
BANKNIFTY-III.NFO,02/04/2025,09:16:53,51681.2,51685.4,60,51712.9,60,0,18870
BANKNIFTY-III.NFO,02/04/2025,09:16:55,51681.2,51680.3,60,51712.6,60,0,18870
BANKNIFTY-III.NFO,02/04/2025,09:16:57,51681.2,51696.5,60,51722.95,60,0,18870
BANKNIFTY-III.NFO,02/04/2025,09:16:58,51681.2,51685.6,120,51723.8,150,0,18870
BANKNIFTY-III.NFO,02/04/2025,09:17:00,51681.2,51709.7,60,51741.85,30,0,18870
BANKNIFTY-III.NFO,02/04/2025,09:17:02,51681.2,51729.25,60,51741.85,30,0,18870
BANKNIFTY-III.NFO,02/04/2025,09:17:03,51681.2,51722.75,60,51741.85,30,0,18870
BANKNIFTY-III.NFO,02/04/2025,09:17:05,51681.2,51730.95,60,51741.85,30,0,18870
BANKNIFTY-III.NFO,02/04/2025,09:17:06,51681.2,51739.45,60,51741.85,30,0,18870
BANKNIFTY-III.NFO,02/04/2025,09:17:08,51741.85,51751.5,60,51784,60,30,18870
BANKNIFTY-III.NFO,02/04/2025,09:17:10,51741.85,51747.7,60,51776.95,60,0,18870
BANKNIFTY-III.NFO,02/04/2025,09:17:11,51741.85,51744.3,60,51771,30,0,18870
BANKNIFTY-III.NFO,02/04/2025,09:17:13,51741.85,51739.45,60,51768.75,60,0,18870
BANKNIFTY-III.NFO,02/04/2025,09:17:14,51741.85,51739.05,60,51767.5,60,0,18870
BANKNIFTY-III.NFO,02/04/2025,09:17:16,51741.85,51740.4,60,51767.8,60,0,18870
BANKNIFTY-III.NFO,02/04/2025,09:17:18,51741.85,51742.1,60,51770.45,60,0,18870
BANKNIFTY-III.NFO,02/04/2025,09:17:19,51741.85,51730.8,60,51764.3,60,0,18870
BANKNIFTY-III.NFO,02/04/2025,09:17:21,51741.85,51729.65,90,51758.15,60,0,18870
BANKNIFTY-III.NFO,02/04/2025,09:17:23,51741.85,51741.55,60,51766.35,90,0,18870
BANKNIFTY-III.NFO,02/04/2025,09:17:24,51741.85,51735.7,60,51765.1,60,0,18870
BANKNIFTY-III.NFO,02/04/2025,09:17:26,51741.85,51743.65,60,51774.65,60,0,18870
BANKNIFTY-III.NFO,02/04/2025,09:17:27,51741.85,51754.35,60,51778.9,90,0,18870
BANKNIFTY-III.NFO,02/04/2025,09:17:29,51741.85,51753.35,60,51776.85,90,0,18870
BANKNIFTY-III.NFO,02/04/2025,09:17:31,51741.85,51757.7,60,51787.65,30,0,18870
BANKNIFTY-III.NFO,02/04/2025,09:17:32,51741.85,51768.5,60,51790,30,0,18870
BANKNIFTY-III.NFO,02/04/2025,09:17:34,51741.85,51769,90,51790,60,0,18870
BANKNIFTY-III.NFO,02/04/2025,09:17:36,51741.85,51766.25,90,51789.65,30,0,18870
BANKNIFTY-III.NFO,02/04/2025,09:17:37,51741.85,51773.25,60,51790,30,0,18870
BANKNIFTY-III.NFO,02/04/2025,09:17:39,51741.85,51780.15,60,51790,30,0,18870
BANKNIFTY-III.NFO,02/04/2025,09:17:41,51741.85,51784.65,90,51790,30,0,18870
BANKNIFTY-III.NFO,02/04/2025,09:17:42,51741.85,51776.85,60,51790,30,0,18870
BANKNIFTY-III.NFO,02/04/2025,09:17:44,51741.85,51787.7,60,51790,30,0,18870
BANKNIFTY-III.NFO,02/04/2025,09:17:46,51790,51786.45,60,51811.25,30,30,18870
BANKNIFTY-III.NFO,02/04/2025,09:17:47,51790,51786.05,60,51813.25,30,0,18870
BANKNIFTY-III.NFO,02/04/2025,09:17:49,51790,51796.55,60,51819.2,180,0,18870
BANKNIFTY-III.NFO,02/04/2025,09:17:50,51790,51797.2,90,51819.2,180,0,18870
BANKNIFTY-III.NFO,02/04/2025,09:17:52,51818.4,51793.35,60,51819.15,30,120,18870
BANKNIFTY-III.NFO,02/04/2025,09:17:52,51818.4,51793.35,60,51819.15,30,0,18870
BANKNIFTY-III.NFO,02/04/2025,09:17:54,51818.4,51787.25,90,51811.9,30,0,18870
BANKNIFTY-III.NFO,02/04/2025,09:17:55,51818.4,51782.3,60,51808.05,150,0,18870
BANKNIFTY-III.NFO,02/04/2025,09:17:57,51818.4,51782.05,60,51810.65,150,0,18870
BANKNIFTY-III.NFO,02/04/2025,09:17:59,51818.4,51789.8,60,51817.6,30,0,18870
BANKNIFTY-III.NFO,02/04/2025,09:18:00,51818.4,51795.7,60,51820.25,150,0,18870
BANKNIFTY-III.NFO,02/04/2025,09:18:02,51806.1,51806.75,90,51830.1,30,60,18870
BANKNIFTY-III.NFO,02/04/2025,09:18:02,51825,51806.75,90,51830.1,30,0,18870
BANKNIFTY-III.NFO,02/04/2025,09:18:03,51806.1,51811.65,60,51837.45,30,0,18870
BANKNIFTY-III.NFO,02/04/2025,09:18:05,51806.1,51820.2,60,51847.65,30,0,18870
BANKNIFTY-III.NFO,02/04/2025,09:18:07,51806.1,51807.1,60,51846.85,30,0,18870
BANKNIFTY-III.NFO,02/04/2025,09:18:08,51806.1,51807.6,60,51837.1,30,0,18870
BANKNIFTY-III.NFO,02/04/2025,09:18:10,51806.1,51808,60,51831.8,30,0,18870
BANKNIFTY-III.NFO,02/04/2025,09:18:11,51806.1,51808.1,60,51830.7,30,0,18870
BANKNIFTY-III.NFO,02/04/2025,09:18:13,51806.1,51808.3,60,51827.9,30,0,18870
BANKNIFTY-III.NFO,02/04/2025,09:18:14,51806.1,51799.4,60,51827.9,30,0,18870
BANKNIFTY-III.NFO,02/04/2025,09:18:16,51806.1,51799.9,60,51820.2,30,0,18870
BANKNIFTY-III.NFO,02/04/2025,09:18:18,51806.1,51800.2,60,51820.2,30,0,18870
BANKNIFTY-III.NFO,02/04/2025,09:18:19,51800.25,51797,60,51822.4,30,30,18870
BANKNIFTY-III.NFO,02/04/2025,09:18:21,51800.25,51782.95,60,51808.7,60,0,18870
BANKNIFTY-III.NFO,02/04/2025,09:18:23,51800.25,51784.05,60,51812.45,30,0,18870
BANKNIFTY-III.NFO,02/04/2025,09:18:24,51800.25,51778.9,60,51808.85,30,0,18870
BANKNIFTY-III.NFO,02/04/2025,09:18:26,51800.25,51776.35,60,51798.5,30,0,18870
BANKNIFTY-III.NFO,02/04/2025,09:18:28,51800.25,51771.75,60,51800.5,30,0,18870
BANKNIFTY-III.NFO,02/04/2025,09:18:29,51800.25,51768.85,60,51797,30,0,18870
BANKNIFTY-III.NFO,02/04/2025,09:18:31,51800.25,51768.5,90,51792.9,30,0,18870
BANKNIFTY-III.NFO,02/04/2025,09:18:33,51800.25,51771.15,60,51799.55,30,0,18870
BANKNIFTY-III.NFO,02/04/2025,09:18:34,51800.25,51772.1,60,51778.9,30,0,18870
BANKNIFTY-III.NFO,02/04/2025,09:18:36,51778.9,51777.05,90,51799.95,60,30,18870
BANKNIFTY-III.NFO,02/04/2025,09:18:38,51778.9,51776.15,90,51799.95,60,0,18870
BANKNIFTY-III.NFO,02/04/2025,09:18:39,51778.9,51781.3,60,51800,60,0,18870
BANKNIFTY-III.NFO,02/04/2025,09:18:41,51778.9,51778.75,60,51799.9,30,0,18870
BANKNIFTY-III.NFO,02/04/2025,09:18:43,51778.9,51773.65,60,51797.4,30,0,18870
BANKNIFTY-III.NFO,02/04/2025,09:18:44,51778.9,51769.4,30,51789,60,0,18870
BANKNIFTY-III.NFO,02/04/2025,09:18:46,51778.9,51769.75,60,51789.45,60,0,18870
BANKNIFTY-III.NFO,02/04/2025,09:18:48,51778.9,51763.85,90,51787.6,30,0,18870
BANKNIFTY-III.NFO,02/04/2025,09:18:49,51778.9,51764.15,60,51783.05,60,0,18870
BANKNIFTY-III.NFO,02/04/2025,09:18:51,51778.9,51761.8,30,51783.15,60,0,18870
BANKNIFTY-III.NFO,02/04/2025,09:18:53,51778.9,51761.95,60,51782.05,60,0,18870
BANKNIFTY-III.NFO,02/04/2025,09:18:54,51778.9,51758.65,60,51784.75,30,0,18870
BANKNIFTY-III.NFO,02/04/2025,09:18:56,51778.9,51763.4,60,51789.3,30,0,18870
BANKNIFTY-III.NFO,02/04/2025,09:18:58,51778.9,51762,60,51786.05,60,0,18870
BANKNIFTY-III.NFO,02/04/2025,09:18:59,51778.9,51758.35,60,51777.25,30,0,18870
BANKNIFTY-III.NFO,02/04/2025,09:19:01,51778.9,51761.05,60,51785.1,30,0,18870
BANKNIFTY-III.NFO,02/04/2025,09:19:03,51778.9,51756.85,60,51782.95,30,0,18870
BANKNIFTY-III.NFO,02/04/2025,09:19:04,51778.9,51752,60,51775.6,60,0,18870
BANKNIFTY-III.NFO,02/04/2025,09:19:06,51778.9,51755.25,60,51782.95,30,0,18870
BANKNIFTY-III.NFO,02/04/2025,09:19:08,51778.9,51763.6,60,51790.9,30,0,18870
BANKNIFTY-III.NFO,02/04/2025,09:19:09,51778.9,51756.35,60,51789.55,30,0,18870
BANKNIFTY-III.NFO,02/04/2025,09:19:11,51778.9,51762.05,60,51790.5,30,0,18870
BANKNIFTY-III.NFO,02/04/2025,09:19:13,51778.9,51767.6,90,51777,90,0,18870
BANKNIFTY-III.NFO,02/04/2025,09:19:15,51778.9,51771.45,90,51777,90,0,18870
BANKNIFTY-III.NFO,02/04/2025,09:19:16,51777,51776.35,90,51799.3,210,90,18960
BANKNIFTY-III.NFO,02/04/2025,09:19:18,51777,51775.9,60,51799.95,60,0,18960
BANKNIFTY-III.NFO,02/04/2025,09:19:21,51777,51787.1,60,51800,90,0,18960
BANKNIFTY-III.NFO,02/04/2025,09:19:23,51793.95,51788.95,60,51800,120,30,18960
BANKNIFTY-III.NFO,02/04/2025,09:19:25,51793.95,51790.05,60,51800,120,0,18960
BANKNIFTY-III.NFO,02/04/2025,09:19:26,51793.95,51782,60,51799.95,60,0,18960
BANKNIFTY-III.NFO,02/04/2025,09:19:28,51793.95,51769.3,60,51795.9,30,0,18960
BANKNIFTY-III.NFO,02/04/2025,09:19:30,51793.95,51777.2,60,51799.95,60,0,18960
BANKNIFTY-III.NFO,02/04/2025,09:19:31,51777.45,51784.35,30,51800,120,150,18960
BANKNIFTY-III.NFO,02/04/2025,09:19:33,51777.45,51790.9,30,51800,120,0,18960
BANKNIFTY-III.NFO,02/04/2025,09:19:35,51777.45,51781.3,30,51800,120,0,18960
BANKNIFTY-III.NFO,02/04/2025,09:19:36,51777.45,51785.45,30,51800,120,0,18960
BANKNIFTY-III.NFO,02/04/2025,09:19:38,51777.45,51793.65,30,51800,120,0,18960
BANKNIFTY-III.NFO,02/04/2025,09:19:40,51777.45,51792.05,30,51800,120,0,18960
BANKNIFTY-III.NFO,02/04/2025,09:19:41,51777.45,51788.35,30,51800,120,0,18960
BANKNIFTY-III.NFO,02/04/2025,09:19:43,51777.45,51785.65,30,51800,120,0,18960
BANKNIFTY-III.NFO,02/04/2025,09:19:45,51777.45,51785.3,30,51800,120,0,18960
BANKNIFTY-III.NFO,02/04/2025,09:19:46,51777.45,51772.7,30,51799.95,60,0,18960
BANKNIFTY-III.NFO,02/04/2025,09:19:48,51777.45,51776.4,30,51799.95,60,0,18960
BANKNIFTY-III.NFO,02/04/2025,09:19:50,51777.45,51780.05,30,51799.95,60,0,18960
BANKNIFTY-III.NFO,02/04/2025,09:19:51,51777.45,51780.45,30,51799.95,60,0,18960
BANKNIFTY-III.NFO,02/04/2025,09:19:53,51777.45,51774.6,60,51796.15,30,0,18960
BANKNIFTY-III.NFO,02/04/2025,09:19:55,51777.45,51773,30,51796.15,30,0,18960
BANKNIFTY-III.NFO,02/04/2025,09:19:56,51777.45,51769.7,30,51793.7,30,0,18960
BANKNIFTY-III.NFO,02/04/2025,09:19:58,51777.5,51775.25,30,51799.25,30,30,18960
BANKNIFTY-III.NFO,02/04/2025,09:20:00,51777.5,51775.05,60,51797.9,30,0,18960
BANKNIFTY-III.NFO,02/04/2025,09:20:01,51777.5,51776.3,30,51799.25,30,0,18960
BANKNIFTY-III.NFO,02/04/2025,09:20:03,51777.5,51767.9,30,51793.85,30,0,18960
BANKNIFTY-III.NFO,02/04/2025,09:20:05,51777.5,51769.1,60,51790.1,30,0,18960
BANKNIFTY-III.NFO,02/04/2025,09:20:06,51777.5,51772.05,30,51798.85,30,0,18960
BANKNIFTY-III.NFO,02/04/2025,09:20:08,51777.5,51783.9,30,51799.95,30,0,18960
BANKNIFTY-III.NFO,02/04/2025,09:20:10,51777.5,51785.95,30,51800,120,0,18960
BANKNIFTY-III.NFO,02/04/2025,09:20:11,51777.5,51785.6,30,51800,120,0,18960
BANKNIFTY-III.NFO,02/04/2025,09:20:13,51777.5,51781.65,30,51799.95,30,0,18960
BANKNIFTY-III.NFO,02/04/2025,09:20:15,51777.5,51781.65,30,51799.95,60,0,18960
BANKNIFTY-III.NFO,02/04/2025,09:20:16,51777.5,51771.45,30,51793.85,30,0,18960
BANKNIFTY-III.NFO,02/04/2025,09:20:18,51777.5,51774.55,30,51798.95,30,0,18960
BANKNIFTY-III.NFO,02/04/2025,09:20:20,51777.5,51781.75,60,51799.95,30,0,18960
BANKNIFTY-III.NFO,02/04/2025,09:20:21,51777.5,51784.1,30,51800,150,0,18960
BANKNIFTY-III.NFO,02/04/2025,09:20:23,51777.5,51773.85,30,51799.95,60,0,18960
BANKNIFTY-III.NFO,02/04/2025,09:20:25,51777.5,51773.7,60,51798.6,30,0,18960
BANKNIFTY-III.NFO,02/04/2025,09:20:26,51777.5,51763.85,30,51790.15,30,0,18960
BANKNIFTY-III.NFO,02/04/2025,09:20:28,51777.5,51756.55,30,51780.95,60,0,18960
BANKNIFTY-III.NFO,02/04/2025,09:20:30,51777.5,51766.45,30,51790.15,30,0,18960
BANKNIFTY-III.NFO,02/04/2025,09:20:31,51777.5,51759.55,30,51790.15,30,0,18960
BANKNIFTY-III.NFO,02/04/2025,09:20:33,51777.5,51759.95,60,51783.35,30,0,18960
BANKNIFTY-III.NFO,02/04/2025,09:20:35,51777.5,51756.5,60,51777.85,30,0,18960
BANKNIFTY-III.NFO,02/04/2025,09:20:36,51757,51757,30,51779.2,30,30,18960
BANKNIFTY-III.NFO,02/04/2025,09:20:38,51757,51765.65,60,51790.15,30,0,18960
BANKNIFTY-III.NFO,02/04/2025,09:20:40,51757,51771.95,30,51794.35,30,0,18960
BANKNIFTY-III.NFO,02/04/2025,09:20:41,51757,51768.2,30,51794.85,30,0,18960
BANKNIFTY-III.NFO,02/04/2025,09:20:43,51757,51768.2,30,51789.95,60,0,18960
BANKNIFTY-III.NFO,02/04/2025,09:20:45,51757,51766.2,30,51789.95,60,0,18960
BANKNIFTY-III.NFO,02/04/2025,09:20:46,51757,51761.3,30,51787.9,30,0,18960
BANKNIFTY-III.NFO,02/04/2025,09:20:48,51757,51757,60,51781,30,0,18960
BANKNIFTY-III.NFO,02/04/2025,09:20:50,51757,51756.95,30,51773.6,30,0,18960
BANKNIFTY-III.NFO,02/04/2025,09:20:51,51757,51758.7,60,51781,30,0,18960
BANKNIFTY-III.NFO,02/04/2025,09:20:53,51757,51758.5,30,51784.2,30,0,18960
BANKNIFTY-III.NFO,02/04/2025,09:20:55,51757,51763,30,51788.55,30,0,18960
BANKNIFTY-III.NFO,02/04/2025,09:20:56,51757,51768.55,30,51789.9,30,0,18960
BANKNIFTY-III.NFO,02/04/2025,09:20:58,51757,51758.95,30,51785.25,30,0,18960
BANKNIFTY-III.NFO,02/04/2025,09:21:00,51757,51753.2,30,51785.25,90,0,18960
BANKNIFTY-III.NFO,02/04/2025,09:21:01,51757,51761.3,60,51785.25,30,30,18960
BANKNIFTY-III.NFO,02/04/2025,09:21:03,51757,51768.85,60,51789.9,30,0,18960
BANKNIFTY-III.NFO,02/04/2025,09:21:05,51757,51770.95,30,51789.95,60,0,18960
BANKNIFTY-III.NFO,02/04/2025,09:21:06,51757,51771.05,30,51789.85,30,0,18960
BANKNIFTY-III.NFO,02/04/2025,09:21:08,51757,51772.3,30,51790,30,0,18960
BANKNIFTY-III.NFO,02/04/2025,09:21:10,51757,51771.9,30,51790,30,0,18960
BANKNIFTY-III.NFO,02/04/2025,09:21:11,51757,51770.3,60,51789.95,60,0,18960
BANKNIFTY-III.NFO,02/04/2025,09:21:13,51757,51771.75,30,51790,30,0,18960
BANKNIFTY-III.NFO,02/04/2025,09:21:15,51757,51770.95,30,51789.95,60,0,18960
BANKNIFTY-III.NFO,02/04/2025,09:21:16,51757,51760.55,30,51786.6,30,0,18960
BANKNIFTY-III.NFO,02/04/2025,09:21:18,51757,51772.55,30,51790,30,0,18960
BANKNIFTY-III.NFO,02/04/2025,09:21:20,51757,51774.75,30,51790,30,0,18960
BANKNIFTY-III.NFO,02/04/2025,09:21:21,51757,51771.75,30,51790,30,0,18960
BANKNIFTY-III.NFO,02/04/2025,09:21:23,51757,51776.75,30,51790,30,0,18960
BANKNIFTY-III.NFO,02/04/2025,09:21:25,51757,51768.05,30,51789.95,30,0,18960
BANKNIFTY-III.NFO,02/04/2025,09:21:26,51757,51758.25,30,51789.95,60,0,18960
BANKNIFTY-III.NFO,02/04/2025,09:21:28,51757,51753.05,30,51782.35,30,0,18960
BANKNIFTY-III.NFO,02/04/2025,09:21:30,51757,51756.7,30,51785.9,30,0,18960
BANKNIFTY-III.NFO,02/04/2025,09:21:31,51757,51763.2,30,51787.65,60,0,18960
BANKNIFTY-III.NFO,02/04/2025,09:21:33,51757,51760.2,30,51787.6,30,0,18960
BANKNIFTY-III.NFO,02/04/2025,09:21:35,51757,51756.7,30,51783.05,30,0,18960
BANKNIFTY-III.NFO,02/04/2025,09:21:36,51757,51752.75,30,51778.65,30,0,18960
BANKNIFTY-III.NFO,02/04/2025,09:21:38,51757,51751.45,30,51772.8,60,0,18960
BANKNIFTY-III.NFO,02/04/2025,09:21:40,51757,51744.2,30,51769.75,30,0,18960
BANKNIFTY-III.NFO,02/04/2025,09:21:41,51757,51737.85,30,51764.35,30,0,18960
BANKNIFTY-III.NFO,02/04/2025,09:21:43,51757,51732.25,30,51754,60,0,18960
BANKNIFTY-III.NFO,02/04/2025,09:21:45,51757,51720.95,30,51744.35,60,0,18960
BANKNIFTY-III.NFO,02/04/2025,09:21:46,51757,51709.15,30,51735.55,30,0,18960
BANKNIFTY-III.NFO,02/04/2025,09:21:48,51757,51709.15,30,51739.15,30,0,18960
BANKNIFTY-III.NFO,02/04/2025,09:21:50,51757,51715.9,30,51744.3,30,0,18960
BANKNIFTY-III.NFO,02/04/2025,09:21:51,51757,51712.1,30,51742,30,0,18960
BANKNIFTY-III.NFO,02/04/2025,09:21:53,51757,51710.05,30,51743.45,30,0,18960
BANKNIFTY-III.NFO,02/04/2025,09:21:55,51757,51713.8,30,51744.3,30,0,18960
BANKNIFTY-III.NFO,02/04/2025,09:21:56,51757,51709.35,30,51740.55,30,0,18960
BANKNIFTY-III.NFO,02/04/2025,09:21:58,51757,51709.75,60,51734.65,60,0,18960
BANKNIFTY-III.NFO,02/04/2025,09:22:00,51757,51710.05,60,51744.3,30,0,18960
BANKNIFTY-III.NFO,02/04/2025,09:22:01,51757,51710.1,30,51742.35,30,0,18960
BANKNIFTY-III.NFO,02/04/2025,09:22:03,51757,51723,30,51751.25,30,0,18960
BANKNIFTY-III.NFO,02/04/2025,09:22:05,51757,51720.75,30,51749.95,30,0,18960
BANKNIFTY-III.NFO,02/04/2025,09:22:07,51757,51729.4,30,51750.45,30,0,18960
BANKNIFTY-III.NFO,02/04/2025,09:22:08,51757,51722.75,30,51750.35,60,0,18960
BANKNIFTY-III.NFO,02/04/2025,09:22:10,51757,51716.35,30,51748.05,30,0,18960
BANKNIFTY-III.NFO,02/04/2025,09:22:12,51757,51710.1,30,51736.1,30,0,18960
BANKNIFTY-III.NFO,02/04/2025,09:22:13,51757,51708.35,30,51735.95,30,0,18960
BANKNIFTY-III.NFO,02/04/2025,09:22:15,51757,51708.8,30,51739.75,30,0,18960
BANKNIFTY-III.NFO,02/04/2025,09:22:16,51757,51708.25,30,51735.25,30,0,18960
BANKNIFTY-III.NFO,02/04/2025,09:22:18,51757,51707.05,60,51729.7,60,0,18960
BANKNIFTY-III.NFO,02/04/2025,09:22:20,51757,51703.05,60,51727.7,90,0,18960
BANKNIFTY-III.NFO,02/04/2025,09:22:21,51757,51703.05,60,51727.7,30,0,18960
BANKNIFTY-III.NFO,02/04/2025,09:22:23,51757,51700,90,51721.5,30,0,18960
BANKNIFTY-III.NFO,02/04/2025,09:22:25,51757,51700,90,51708.65,60,0,18960
BANKNIFTY-III.NFO,02/04/2025,09:22:26,51700,51675.05,60,51695.55,30,90,18900
BANKNIFTY-III.NFO,02/04/2025,09:22:28,51700,51675.1,30,51697.1,30,0,18900
BANKNIFTY-III.NFO,02/04/2025,09:22:30,51700,51675.05,60,51699.75,30,0,18900
BANKNIFTY-III.NFO,02/04/2025,09:22:31,51700,51675.9,30,51699.95,60,0,18900
BANKNIFTY-III.NFO,02/04/2025,09:22:33,51700,51677.55,30,51699.95,30,0,18900
BANKNIFTY-III.NFO,02/04/2025,09:22:35,51700,51686.2,30,51700,30,0,18900
BANKNIFTY-III.NFO,02/04/2025,09:22:36,51700,51685.25,30,51700,30,0,18900
BANKNIFTY-III.NFO,02/04/2025,09:22:38,51700,51690.25,60,51700,30,0,18900
BANKNIFTY-III.NFO,02/04/2025,09:22:40,51700,51676.9,60,51699.95,60,0,18900
BANKNIFTY-III.NFO,02/04/2025,09:22:41,51700,51675.05,30,51695.3,30,0,18900
BANKNIFTY-III.NFO,02/04/2025,09:22:43,51700,51675.05,30,51693.95,60,0,18900
BANKNIFTY-III.NFO,02/04/2025,09:22:45,51700,51679.55,30,51699.95,60,0,18900
BANKNIFTY-III.NFO,02/04/2025,09:22:46,51700,51678.05,60,51699.95,60,0,18900
BANKNIFTY-III.NFO,02/04/2025,09:22:48,51700,51685.9,30,51700,30,0,18900
BANKNIFTY-III.NFO,02/04/2025,09:22:50,51700,51686.35,30,51700,30,0,18900
BANKNIFTY-III.NFO,02/04/2025,09:22:51,51700,51697.65,30,51729.9,30,30,18900
BANKNIFTY-III.NFO,02/04/2025,09:22:53,51700,51694.2,30,51722.5,30,0,18900
BANKNIFTY-III.NFO,02/04/2025,09:22:55,51700,51692.6,30,51725.95,30,0,18900
BANKNIFTY-III.NFO,02/04/2025,09:22:56,51700,51714.15,30,51743.65,30,0,18900
BANKNIFTY-III.NFO,02/04/2025,09:22:58,51700,51719.3,30,51750,30,0,18900
BANKNIFTY-III.NFO,02/04/2025,09:23:00,51707.75,51707.7,60,51736.4,30,30,18900
BANKNIFTY-III.NFO,02/04/2025,09:23:01,51707.75,51700.25,30,51734.15,30,0,18900
BANKNIFTY-III.NFO,02/04/2025,09:23:03,51707.75,51701.8,60,51729.95,30,0,18900
BANKNIFTY-III.NFO,02/04/2025,09:23:05,51707.75,51697,60,51724.65,30,0,18900
BANKNIFTY-III.NFO,02/04/2025,09:23:06,51707.75,51697.35,60,51724.7,30,0,18900
BANKNIFTY-III.NFO,02/04/2025,09:23:08,51707.75,51701.95,60,51734.8,30,0,18900
BANKNIFTY-III.NFO,02/04/2025,09:23:10,51707.75,51707.75,30,51730.3,30,0,18900
BANKNIFTY-III.NFO,02/04/2025,09:23:11,51707.75,51707.75,30,51720.8,60,0,18900
BANKNIFTY-III.NFO,02/04/2025,09:23:13,51707.75,51707.75,30,51717.75,30,0,18900
BANKNIFTY-III.NFO,02/04/2025,09:23:15,51707.75,51707.75,30,51714.8,60,0,18900
BANKNIFTY-III.NFO,02/04/2025,09:23:16,51707.75,51707.75,30,51714.85,60,0,18900
BANKNIFTY-III.NFO,02/04/2025,09:23:18,51707.75,51707.75,30,51715.85,60,0,18900
BANKNIFTY-III.NFO,02/04/2025,09:23:20,51707.75,51707.75,30,51709.15,60,0,18900
BANKNIFTY-III.NFO,02/04/2025,09:23:21,51707.75,51690,30,51706.95,60,30,18900
BANKNIFTY-III.NFO,02/04/2025,09:23:23,51707.75,51690,30,51704.9,60,0,18900
BANKNIFTY-III.NFO,02/04/2025,09:23:25,51707.75,51690,30,51706.3,60,0,18900
BANKNIFTY-III.NFO,02/04/2025,09:23:26,51707.75,51693,30,51717.45,30,0,18900
BANKNIFTY-III.NFO,02/04/2025,09:23:28,51707.75,51701.5,30,51722.05,60,0,18900
BANKNIFTY-III.NFO,02/04/2025,09:23:30,51707.75,51701.8,30,51722.05,30,0,18900
BANKNIFTY-III.NFO,02/04/2025,09:23:31,51707.75,51700.35,60,51707.75,30,0,18900
BANKNIFTY-III.NFO,02/04/2025,09:23:33,51707.75,51705.45,30,51731.55,30,30,18900
BANKNIFTY-III.NFO,02/04/2025,09:23:35,51707.75,51698.75,60,51728.1,30,0,18900
BANKNIFTY-III.NFO,02/04/2025,09:23:36,51707.75,51709.4,60,51735.8,30,0,18900
BANKNIFTY-III.NFO,02/04/2025,09:23:38,51707.75,51708.2,30,51734.35,30,0,18900
BANKNIFTY-III.NFO,02/04/2025,09:23:40,51707.75,51713.8,60,51738.65,30,0,18900
BANKNIFTY-III.NFO,02/04/2025,09:23:41,51707.75,51708.2,30,51738.45,30,0,18900
BANKNIFTY-III.NFO,02/04/2025,09:23:43,51707.75,51707.45,60,51738.35,30,0,18900
BANKNIFTY-III.NFO,02/04/2025,09:23:45,51707.75,51703.15,30,51735.25,30,0,18900
BANKNIFTY-III.NFO,02/04/2025,09:23:46,51707.75,51705.85,60,51737.05,30,0,18900
BANKNIFTY-III.NFO,02/04/2025,09:23:48,51707.75,51716.25,30,51738,60,0,18900
BANKNIFTY-III.NFO,02/04/2025,09:23:50,51707.75,51724.65,30,51750,30,0,18900
BANKNIFTY-III.NFO,02/04/2025,09:23:51,51707.75,51733.6,90,51750.05,150,0,18900
BANKNIFTY-III.NFO,02/04/2025,09:23:53,51707.75,51730.25,30,51758.6,30,0,18900
BANKNIFTY-III.NFO,02/04/2025,09:23:55,51707.75,51734.25,30,51760.3,30,0,18900
BANKNIFTY-III.NFO,02/04/2025,09:23:56,51707.75,51730.25,30,51759.2,60,0,18900
BANKNIFTY-III.NFO,02/04/2025,09:23:58,51707.75,51726.5,30,51756.7,30,0,18900
BANKNIFTY-III.NFO,02/04/2025,09:24:00,51707.75,51720.1,30,51748.7,30,0,18900
BANKNIFTY-III.NFO,02/04/2025,09:24:01,51707.75,51716.6,60,51752,30,0,18900
BANKNIFTY-III.NFO,02/04/2025,09:24:03,51707.75,51715.9,30,51748.8,30,0,18900
BANKNIFTY-III.NFO,02/04/2025,09:24:05,51707.75,51726.25,60,51757.55,30,0,18900
BANKNIFTY-III.NFO,02/04/2025,09:24:06,51707.75,51732.2,60,51760.75,30,0,18900
BANKNIFTY-III.NFO,02/04/2025,09:24:08,51707.75,51726.85,60,51758.9,30,0,18900
BANKNIFTY-III.NFO,02/04/2025,09:24:10,51707.75,51728.35,60,51760.65,30,0,18900
BANKNIFTY-III.NFO,02/04/2025,09:24:11,51707.75,51729.25,30,51757.95,30,0,18900
BANKNIFTY-III.NFO,02/04/2025,09:24:13,51707.75,51729.85,60,51759.6,30,0,18900
BANKNIFTY-III.NFO,02/04/2025,09:24:15,51707.75,51733.7,60,51760.75,30,0,18900
BANKNIFTY-III.NFO,02/04/2025,09:24:16,51707.75,51734.5,60,51764.45,30,0,18900
BANKNIFTY-III.NFO,02/04/2025,09:24:18,51765.25,51734.85,30,51761.55,30,150,18900
BANKNIFTY-III.NFO,02/04/2025,09:24:20,51765.25,51728.2,30,51755.55,60,0,18900
BANKNIFTY-III.NFO,02/04/2025,09:24:21,51765.25,51724,30,51748.65,60,0,18900
BANKNIFTY-III.NFO,02/04/2025,09:24:23,51765.25,51722.85,60,51745.05,60,0,18900
BANKNIFTY-III.NFO,02/04/2025,09:24:25,51765.25,51714.75,30,51739.65,60,0,18900
BANKNIFTY-III.NFO,02/04/2025,09:24:26,51765.25,51714.25,30,51739.55,30,0,18900
BANKNIFTY-III.NFO,02/04/2025,09:24:28,51765.25,51713.65,60,51738.05,30,0,18900
BANKNIFTY-III.NFO,02/04/2025,09:24:30,51765.25,51712.5,30,51737.8,30,0,18900
BANKNIFTY-III.NFO,02/04/2025,09:24:31,51765.25,51714.45,30,51738.45,60,0,18900
BANKNIFTY-III.NFO,02/04/2025,09:24:33,51765.25,51717.5,30,51741.4,60,0,18900
BANKNIFTY-III.NFO,02/04/2025,09:24:35,51765.25,51711.95,30,51734.45,60,0,18900
BANKNIFTY-III.NFO,02/04/2025,09:24:36,51711.95,51715.65,60,51739.95,60,30,18900
BANKNIFTY-III.NFO,02/04/2025,09:24:38,51711.95,51716.5,30,51739.3,60,0,18900
BANKNIFTY-III.NFO,02/04/2025,09:24:40,51711.95,51717,30,51741.35,60,0,18900
BANKNIFTY-III.NFO,02/04/2025,09:24:41,51711.95,51710.8,30,51744.45,30,0,18900
BANKNIFTY-III.NFO,02/04/2025,09:24:43,51711.95,51707.8,30,51730.15,60,0,18900
BANKNIFTY-III.NFO,02/04/2025,09:24:45,51711.95,51706.85,60,51730.4,60,0,18900
BANKNIFTY-III.NFO,02/04/2025,09:24:46,51711.95,51699.8,30,51726.6,60,0,18900
BANKNIFTY-III.NFO,02/04/2025,09:24:48,51711.95,51701.2,30,51731.15,30,0,18900
BANKNIFTY-III.NFO,02/04/2025,09:24:50,51711.95,51704.9,30,51730.25,90,0,18900
BANKNIFTY-III.NFO,02/04/2025,09:24:51,51711.95,51704.4,30,51731.3,30,0,18900
BANKNIFTY-III.NFO,02/04/2025,09:24:53,51711.95,51707.35,30,51730.5,60,0,18900
BANKNIFTY-III.NFO,02/04/2025,09:24:55,51711.95,51714.05,60,51737.45,60,0,18900
BANKNIFTY-III.NFO,02/04/2025,09:24:56,51711.95,51716.2,30,51744.8,30,0,18900
BANKNIFTY-III.NFO,02/04/2025,09:24:58,51711.95,51718.15,30,51741.65,60,0,18900
BANKNIFTY-III.NFO,02/04/2025,09:25:00,51711.95,51720.6,30,51746.5,30,0,18900
BANKNIFTY-III.NFO,02/04/2025,09:25:01,51711.95,51722.35,30,51746.5,60,0,18900
BANKNIFTY-III.NFO,02/04/2025,09:25:03,51711.95,51724.75,30,51748.35,60,0,18900
BANKNIFTY-III.NFO,02/04/2025,09:25:05,51711.95,51723.25,30,51747.6,60,0,18900
BANKNIFTY-III.NFO,02/04/2025,09:25:06,51711.95,51722.45,30,51741.15,60,0,18900
BANKNIFTY-III.NFO,02/04/2025,09:25:08,51711.95,51721.2,60,51745.05,60,0,18900
BANKNIFTY-III.NFO,02/04/2025,09:25:10,51711.95,51721.6,30,51747.7,30,0,18900
BANKNIFTY-III.NFO,02/04/2025,09:25:11,51711.95,51732.05,90,51756.55,60,0,18900
BANKNIFTY-III.NFO,02/04/2025,09:25:13,51711.95,51733.5,30,51756.25,60,0,18900
BANKNIFTY-III.NFO,02/04/2025,09:25:15,51711.95,51735.05,30,51758.45,60,0,18900
BANKNIFTY-III.NFO,02/04/2025,09:25:16,51711.95,51736.15,60,51756.2,60,0,18900
BANKNIFTY-III.NFO,02/04/2025,09:25:18,51711.95,51736.6,30,51754.25,60,0,18900
BANKNIFTY-III.NFO,02/04/2025,09:25:20,51738.7,51738.75,30,51764.7,30,30,18900
BANKNIFTY-III.NFO,02/04/2025,09:25:21,51738.7,51732.7,60,51756.8,30,0,18930
BANKNIFTY-III.NFO,02/04/2025,09:25:23,51738.7,51720.45,30,51746.45,30,0,18930
BANKNIFTY-III.NFO,02/04/2025,09:25:25,51738.7,51727.05,30,51751.35,60,0,18930
BANKNIFTY-III.NFO,02/04/2025,09:25:26,51738.7,51732.5,30,51756.3,60,0,18930
BANKNIFTY-III.NFO,02/04/2025,09:25:28,51738.7,51736.35,30,51758.85,60,0,18930
BANKNIFTY-III.NFO,02/04/2025,09:25:30,51738.7,51733.05,30,51759.85,60,0,18930
BANKNIFTY-III.NFO,02/04/2025,09:25:31,51738.7,51722.9,30,51751.35,60,0,18930
BANKNIFTY-III.NFO,02/04/2025,09:25:33,51738.7,51719.4,30,51744.85,60,0,18930
BANKNIFTY-III.NFO,02/04/2025,09:25:35,51738.7,51720.05,30,51744,60,0,18930
BANKNIFTY-III.NFO,02/04/2025,09:25:36,51738.7,51721.55,60,51745.45,60,0,18930
BANKNIFTY-III.NFO,02/04/2025,09:25:38,51738.7,51721,30,51739.7,60,0,18930
BANKNIFTY-III.NFO,02/04/2025,09:25:40,51738.7,51720.15,60,51743.4,60,0,18930
BANKNIFTY-III.NFO,02/04/2025,09:25:41,51738.7,51720.65,60,51738.65,30,0,18930
BANKNIFTY-III.NFO,02/04/2025,09:25:43,51738.7,51730.65,30,51738.7,30,0,18930
BANKNIFTY-III.NFO,02/04/2025,09:25:45,51738.7,51746.1,60,51768,60,30,18930
BANKNIFTY-III.NFO,02/04/2025,09:25:46,51738.7,51741.5,60,51764.65,60,0,18930
BANKNIFTY-III.NFO,02/04/2025,09:25:48,51738.7,51741.45,60,51765.65,30,0,18930
BANKNIFTY-III.NFO,02/04/2025,09:25:50,51738.7,51739.75,60,51763.4,30,0,18930
BANKNIFTY-III.NFO,02/04/2025,09:25:51,51738.7,51740.7,30,51767.6,30,0,18930
BANKNIFTY-III.NFO,02/04/2025,09:25:53,51738.7,51743.5,30,51767.4,60,0,18930
BANKNIFTY-III.NFO,02/04/2025,09:25:55,51738.7,51745.15,30,51768.5,30,0,18930
BANKNIFTY-III.NFO,02/04/2025,09:25:56,51738.7,51738.25,30,51764.9,30,0,18930
BANKNIFTY-III.NFO,02/04/2025,09:25:58,51738.7,51740.6,60,51765.05,30,0,18930
BANKNIFTY-III.NFO,02/04/2025,09:26:00,51738.7,51750.95,30,51775.25,30,0,18930
BANKNIFTY-III.NFO,02/04/2025,09:26:01,51738.7,51753.45,60,51776.4,30,0,18930
BANKNIFTY-III.NFO,02/04/2025,09:26:03,51738.7,51752.4,60,51776.4,30,0,18930
BANKNIFTY-III.NFO,02/04/2025,09:26:05,51738.7,51760.45,60,51784.1,60,0,18930
BANKNIFTY-III.NFO,02/04/2025,09:26:06,51738.7,51761.65,30,51786.25,30,0,18930
BANKNIFTY-III.NFO,02/04/2025,09:26:08,51738.7,51760.1,30,51786.25,30,0,18930
BANKNIFTY-III.NFO,02/04/2025,09:26:10,51738.7,51744.15,30,51780.85,30,0,18930
BANKNIFTY-III.NFO,02/04/2025,09:26:11,51738.7,51738.45,60,51762.4,30,0,18930
BANKNIFTY-III.NFO,02/04/2025,09:26:13,51738.7,51738.95,60,51761.15,30,0,18930
BANKNIFTY-III.NFO,02/04/2025,09:26:15,51738.7,51735.2,30,51758.6,30,0,18930
BANKNIFTY-III.NFO,02/04/2025,09:26:16,51738.7,51735.2,30,51756.95,30,0,18930
BANKNIFTY-III.NFO,02/04/2025,09:26:18,51738.7,51735.45,60,51759.7,30,0,18930
BANKNIFTY-III.NFO,02/04/2025,09:26:20,51738.7,51733.5,30,51759.7,30,0,18930
BANKNIFTY-III.NFO,02/04/2025,09:26:22,51738.7,51733.9,30,51755.9,30,0,18930
BANKNIFTY-III.NFO,02/04/2025,09:26:23,51738.7,51734.15,30,51751.35,60,0,18930
BANKNIFTY-III.NFO,02/04/2025,09:26:25,51738.7,51741.1,60,51765.9,30,0,18930
BANKNIFTY-III.NFO,02/04/2025,09:26:27,51738.7,51751,30,51774.75,60,0,18930
BANKNIFTY-III.NFO,02/04/2025,09:26:28,51738.7,51752.65,30,51779.45,30,0,18930
BANKNIFTY-III.NFO,02/04/2025,09:26:30,51738.7,51751.45,30,51775.35,60,0,18930
BANKNIFTY-III.NFO,02/04/2025,09:26:32,51738.7,51751.45,30,51776.3,60,0,18930
BANKNIFTY-III.NFO,02/04/2025,09:26:33,51738.7,51749.75,30,51772.85,60,0,18930
BANKNIFTY-III.NFO,02/04/2025,09:26:35,51738.7,51745.9,30,51769.7,30,0,18930
BANKNIFTY-III.NFO,02/04/2025,09:26:37,51738.7,51750,30,51773.5,30,0,18930
BANKNIFTY-III.NFO,02/04/2025,09:26:38,51738.7,51742.2,30,51769,60,0,18930
BANKNIFTY-III.NFO,02/04/2025,09:26:40,51738.7,51743.25,60,51767.7,60,0,18930
BANKNIFTY-III.NFO,02/04/2025,09:26:42,51738.7,51748.85,30,51773.45,30,0,18930
BANKNIFTY-III.NFO,02/04/2025,09:26:43,51738.7,51755.75,60,51779.15,30,0,18930
BANKNIFTY-III.NFO,02/04/2025,09:26:45,51738.7,51752.9,30,51778.55,30,0,18930
BANKNIFTY-III.NFO,02/04/2025,09:26:46,51738.7,51752.55,30,51777.3,60,0,18930
BANKNIFTY-III.NFO,02/04/2025,09:26:48,51757,51758,30,51781.7,60,120,18930
BANKNIFTY-III.NFO,02/04/2025,09:26:50,51757,51757.55,30,51780.85,60,0,18930
BANKNIFTY-III.NFO,02/04/2025,09:26:51,51757,51761.5,30,51784.65,60,0,18930
BANKNIFTY-III.NFO,02/04/2025,09:26:53,51757,51762.75,30,51785.85,60,0,18930
BANKNIFTY-III.NFO,02/04/2025,09:26:55,51757,51758.45,30,51781.75,60,0,18930
BANKNIFTY-III.NFO,02/04/2025,09:26:56,51757,51764.35,30,51788.15,60,0,18930
BANKNIFTY-III.NFO,02/04/2025,09:26:58,51757,51763.65,30,51788.1,30,0,18930
BANKNIFTY-III.NFO,02/04/2025,09:27:00,51757,51774.55,60,51790,30,0,18930
BANKNIFTY-III.NFO,02/04/2025,09:27:01,51757,51781.1,30,51790,30,0,18930
BANKNIFTY-III.NFO,02/04/2025,09:27:03,51757,51779.35,30,51790,30,0,18930
BANKNIFTY-III.NFO,02/04/2025,09:27:05,51790,51790.35,30,51800,180,30,18930
BANKNIFTY-III.NFO,02/04/2025,09:27:06,51790,51790.65,30,51800,180,0,18930
BANKNIFTY-III.NFO,02/04/2025,09:27:08,51790,51782,30,51800,180,0,18930
BANKNIFTY-III.NFO,02/04/2025,09:27:10,51790,51777.1,30,51799.95,60,0,18930
BANKNIFTY-III.NFO,02/04/2025,09:27:11,51790,51780.9,30,51799.95,30,0,18930
BANKNIFTY-III.NFO,02/04/2025,09:27:13,51790,51778.95,60,51799.95,60,0,18930
BANKNIFTY-III.NFO,02/04/2025,09:27:15,51790,51780.2,30,51800,180,0,18930
BANKNIFTY-III.NFO,02/04/2025,09:27:17,51790,51784.85,30,51800,180,0,18930
BANKNIFTY-III.NFO,02/04/2025,09:27:18,51790,51785.75,30,51800,180,0,18930
BANKNIFTY-III.NFO,02/04/2025,09:27:20,51790,51791.75,30,51800,180,0,18930
BANKNIFTY-III.NFO,02/04/2025,09:27:22,51790,51795.55,30,51800,180,0,18930
BANKNIFTY-III.NFO,02/04/2025,09:27:23,51790,51792.2,30,51800,180,0,18930
BANKNIFTY-III.NFO,02/04/2025,09:27:25,51790,51783.9,60,51800,180,0,18930
BANKNIFTY-III.NFO,02/04/2025,09:27:27,51790,51796.1,60,51800,180,0,18930
BANKNIFTY-III.NFO,02/04/2025,09:27:28,51790,51791,30,51800,180,0,18930
BANKNIFTY-III.NFO,02/04/2025,09:27:30,51800,51789.35,30,51800,120,60,18930
BANKNIFTY-III.NFO,02/04/2025,09:27:32,51800,51788.6,60,51800,120,0,18930
BANKNIFTY-III.NFO,02/04/2025,09:27:33,51800,51789.1,30,51800,120,0,18930
BANKNIFTY-III.NFO,02/04/2025,09:27:35,51800,51789.8,30,51800,120,0,18930
BANKNIFTY-III.NFO,02/04/2025,09:27:37,51800,51794.25,30,51800,120,0,18930
BANKNIFTY-III.NFO,02/04/2025,09:27:38,51800,51794.65,30,51824.95,30,120,19050
BANKNIFTY-III.NFO,02/04/2025,09:27:40,51800,51800.95,30,51825,30,0,19050
BANKNIFTY-III.NFO,02/04/2025,09:27:42,51800,51817.3,30,51825,30,0,19050
BANKNIFTY-III.NFO,02/04/2025,09:27:43,51818.8,51817.65,30,51825,30,30,19050
BANKNIFTY-III.NFO,02/04/2025,09:27:45,51848.05,51820.95,30,51847.95,30,150,19050
BANKNIFTY-III.NFO,02/04/2025,09:27:45,51848.2,51820.95,30,51847.95,30,0,19050
BANKNIFTY-III.NFO,02/04/2025,09:27:47,51848.05,51821.35,30,51847.75,30,0,19050
BANKNIFTY-III.NFO,02/04/2025,09:27:48,51848.05,51821.75,30,51849.95,30,0,19050
BANKNIFTY-III.NFO,02/04/2025,09:27:50,51848.05,51826.6,30,51849.95,60,0,19050
BANKNIFTY-III.NFO,02/04/2025,09:27:52,51848.05,51819.55,30,51849.95,60,0,19050
BANKNIFTY-III.NFO,02/04/2025,09:27:53,51848.05,51824.9,30,51849.95,60,0,19050
BANKNIFTY-III.NFO,02/04/2025,09:27:55,51848.05,51816.9,30,51849.95,60,0,19050
BANKNIFTY-III.NFO,02/04/2025,09:27:57,51848.05,51817.4,30,51849.9,30,0,19050
BANKNIFTY-III.NFO,02/04/2025,09:27:58,51848.05,51819.85,30,51848.75,30,0,19050
BANKNIFTY-III.NFO,02/04/2025,09:28:00,51848.05,51820.7,30,51849.9,30,0,19050
BANKNIFTY-III.NFO,02/04/2025,09:28:02,51848.05,51825.6,60,51849.9,30,0,19050
BANKNIFTY-III.NFO,02/04/2025,09:28:03,51848.05,51830.35,30,51849.95,30,0,19050
BANKNIFTY-III.NFO,02/04/2025,09:28:05,51848.05,51833.2,60,51850,60,0,19050
BANKNIFTY-III.NFO,02/04/2025,09:28:07,51848.05,51837.1,30,51850,60,0,19050
BANKNIFTY-III.NFO,02/04/2025,09:28:08,51848.05,51836.95,30,51850,60,0,19050
BANKNIFTY-III.NFO,02/04/2025,09:28:10,51848.05,51839.8,60,51850,60,0,19050
BANKNIFTY-III.NFO,02/04/2025,09:28:12,51848.05,51844.15,90,51850,60,0,19050
BANKNIFTY-III.NFO,02/04/2025,09:28:13,51850,51844.4,30,51850,30,30,19050
BANKNIFTY-III.NFO,02/04/2025,09:28:13,51850,51844.4,30,51850,30,0,19050
BANKNIFTY-III.NFO,02/04/2025,09:28:15,51850,51844.8,30,51850,30,0,19050
BANKNIFTY-III.NFO,02/04/2025,09:28:16,51850,51845.2,30,51856,30,30,19050
BANKNIFTY-III.NFO,02/04/2025,09:28:18,51850,51837.9,30,51855.95,60,0,19050
BANKNIFTY-III.NFO,02/04/2025,09:28:20,51850,51838,30,51855.95,60,0,19050
BANKNIFTY-III.NFO,02/04/2025,09:28:21,51850,51832.05,60,51855.95,60,0,19050
BANKNIFTY-III.NFO,02/04/2025,09:28:23,51850,51828.1,30,51855.95,60,0,19050
BANKNIFTY-III.NFO,02/04/2025,09:28:25,51850,51832.2,30,51856,30,0,19050
BANKNIFTY-III.NFO,02/04/2025,09:28:26,51850,51846.5,30,51856,30,0,19050
BANKNIFTY-III.NFO,02/04/2025,09:28:28,51850,51847.55,30,51856,30,0,19050
BANKNIFTY-III.NFO,02/04/2025,09:28:30,51850,51843.9,60,51856,30,0,19050
BANKNIFTY-III.NFO,02/04/2025,09:28:32,51850,51845.5,60,51856,30,0,19050
BANKNIFTY-III.NFO,02/04/2025,09:28:33,51850,51846,60,51856,30,0,19050
BANKNIFTY-III.NFO,02/04/2025,09:28:35,51850,51847.15,30,51856,30,0,19050
BANKNIFTY-III.NFO,02/04/2025,09:28:37,51850,51847.55,30,51856,30,0,19050
BANKNIFTY-III.NFO,02/04/2025,09:28:38,51850,51847.95,30,51856,30,0,19050
BANKNIFTY-III.NFO,02/04/2025,09:28:40,51856,51850.9,30,51877.7,30,30,19050
BANKNIFTY-III.NFO,02/04/2025,09:28:40,51856,51850.9,30,51877.7,30,0,19050
BANKNIFTY-III.NFO,02/04/2025,09:28:42,51856,51851.4,30,51877.7,30,0,19050
BANKNIFTY-III.NFO,02/04/2025,09:28:43,51856,51851.9,30,51877.7,30,0,19050
BANKNIFTY-III.NFO,02/04/2025,09:28:45,51856,51852.2,30,51877.7,30,0,19050
BANKNIFTY-III.NFO,02/04/2025,09:28:47,51856,51852.6,30,51877.7,30,0,19050
BANKNIFTY-III.NFO,02/04/2025,09:28:48,51856,51854.8,60,51879.55,60,0,19050
BANKNIFTY-III.NFO,02/04/2025,09:28:50,51856,51855.25,30,51879.55,60,0,19050
BANKNIFTY-III.NFO,02/04/2025,09:28:52,51856,51857.35,60,51879.55,30,0,19050
BANKNIFTY-III.NFO,02/04/2025,09:28:53,51856,51863.25,60,51879.6,30,0,19050
BANKNIFTY-III.NFO,02/04/2025,09:28:55,51856,51864.35,60,51879.6,30,0,19050
BANKNIFTY-III.NFO,02/04/2025,09:28:57,51856,51868.85,60,51879.6,30,0,19050
BANKNIFTY-III.NFO,02/04/2025,09:28:58,51856,51860.15,60,51879.55,60,0,19050
BANKNIFTY-III.NFO,02/04/2025,09:29:00,51856,51860.55,60,51879.55,60,0,19050
BANKNIFTY-III.NFO,02/04/2025,09:29:02,51856,51862.7,30,51879.55,60,0,19050
BANKNIFTY-III.NFO,02/04/2025,09:29:03,51856,51854.1,30,51879.55,60,0,19050
BANKNIFTY-III.NFO,02/04/2025,09:29:05,51856,51854.15,30,51876.8,30,0,19050
BANKNIFTY-III.NFO,02/04/2025,09:29:07,51856,51852.15,30,51876.8,30,0,19050
BANKNIFTY-III.NFO,02/04/2025,09:29:08,51856,51852.55,30,51879.55,30,0,19050
BANKNIFTY-III.NFO,02/04/2025,09:29:10,51856,51857.05,30,51879.5,30,0,19050
BANKNIFTY-III.NFO,02/04/2025,09:29:12,51856,51857.45,60,51879.5,30,0,19050
BANKNIFTY-III.NFO,02/04/2025,09:29:13,51856,51857.95,60,51879.5,30,0,19050
BANKNIFTY-III.NFO,02/04/2025,09:29:15,51856,51858.35,30,51879.5,30,0,19050
BANKNIFTY-III.NFO,02/04/2025,09:29:17,51856,51853.15,30,51874.95,60,0,19050
BANKNIFTY-III.NFO,02/04/2025,09:29:18,51856,51856.1,30,51874.95,30,0,19050
BANKNIFTY-III.NFO,02/04/2025,09:29:20,51875,51856.6,30,51879.6,30,30,19050
BANKNIFTY-III.NFO,02/04/2025,09:29:20,51875,51856.6,30,51879.6,30,0,19050
BANKNIFTY-III.NFO,02/04/2025,09:29:22,51875,51857.05,60,51879.55,30,0,19050
BANKNIFTY-III.NFO,02/04/2025,09:29:23,51875,51861.05,60,51879.55,30,0,19050
BANKNIFTY-III.NFO,02/04/2025,09:29:25,51875,51862.4,60,51879.6,30,0,19050
BANKNIFTY-III.NFO,02/04/2025,09:29:27,51875,51865.45,60,51879.6,30,0,19050
BANKNIFTY-III.NFO,02/04/2025,09:29:28,51875,51869.45,30,51879.6,30,0,19050
BANKNIFTY-III.NFO,02/04/2025,09:29:30,51875,51867.3,30,51879.6,30,0,19050
BANKNIFTY-III.NFO,02/04/2025,09:29:32,51875,51867.7,30,51879.6,30,0,19050
BANKNIFTY-III.NFO,02/04/2025,09:29:33,51875,51868.45,60,51879.6,30,0,19050
BANKNIFTY-III.NFO,02/04/2025,09:29:35,51875,51868.95,30,51879.6,30,0,19050
BANKNIFTY-III.NFO,02/04/2025,09:29:37,51875,51869.15,30,51879.6,30,0,19050
BANKNIFTY-III.NFO,02/04/2025,09:29:38,51875,51869.65,60,51879.6,30,0,19050
BANKNIFTY-III.NFO,02/04/2025,09:29:40,51875,51870.05,30,51879.6,30,0,19050
BANKNIFTY-III.NFO,02/04/2025,09:29:42,51875,51864.8,30,51874.95,30,0,19050
BANKNIFTY-III.NFO,02/04/2025,09:29:43,51875,51864.95,60,51875,60,0,19050
BANKNIFTY-III.NFO,02/04/2025,09:29:45,51875,51874.9,30,51875,60,0,19050
BANKNIFTY-III.NFO,02/04/2025,09:29:47,51875,51858.9,30,51874.95,30,0,19050
BANKNIFTY-III.NFO,02/04/2025,09:29:48,51875,51859.3,60,51875,60,0,19050
BANKNIFTY-III.NFO,02/04/2025,09:29:50,51875,51859.8,60,51875,60,0,19050
BANKNIFTY-III.NFO,02/04/2025,09:29:52,51875,51860.2,30,51879.55,60,60,19050
BANKNIFTY-III.NFO,02/04/2025,09:29:53,51875,51860.9,30,51879.6,30,0,19050
BANKNIFTY-III.NFO,02/04/2025,09:29:55,51875,51869.55,60,51879.6,30,0,19050
BANKNIFTY-III.NFO,02/04/2025,09:29:57,51875,51870.65,30,51879.6,30,0,19050
BANKNIFTY-III.NFO,02/04/2025,09:29:58,51875,51871.05,60,51879.6,30,0,19050
BANKNIFTY-III.NFO,02/04/2025,09:30:00,51875,51876.55,60,51879.6,30,0,19050
BANKNIFTY-III.NFO,02/04/2025,09:30:02,51875,51877.15,60,51879.6,30,0,19050
BANKNIFTY-III.NFO,02/04/2025,09:30:03,51877.25,51872.85,60,51888,300,60,19050
BANKNIFTY-III.NFO,02/04/2025,09:30:03,51879.6,51872.85,60,51888,300,0,19050
BANKNIFTY-III.NFO,02/04/2025,09:30:05,51877.25,51867.85,30,51887.95,60,0,19050
BANKNIFTY-III.NFO,02/04/2025,09:30:07,51877.25,51875,30,51887.95,30,0,19050
BANKNIFTY-III.NFO,02/04/2025,09:30:08,51877.25,51875.05,60,51888,300,0,19050
BANKNIFTY-III.NFO,02/04/2025,09:30:10,51877.25,51876.8,30,51888,300,0,19050
BANKNIFTY-III.NFO,02/04/2025,09:30:12,51877.25,51876.1,30,51888,300,0,19050
BANKNIFTY-III.NFO,02/04/2025,09:30:13,51877.25,51875.05,60,51888,300,0,19050
BANKNIFTY-III.NFO,02/04/2025,09:30:15,51877.25,51880.5,30,51888,300,0,19050
BANKNIFTY-III.NFO,02/04/2025,09:30:17,51877.25,51882.6,30,51888,300,0,19050
BANKNIFTY-III.NFO,02/04/2025,09:30:18,51877.25,51885.7,30,51888,300,0,19050
BANKNIFTY-III.NFO,02/04/2025,09:30:20,51877.25,51877.9,30,51888,300,0,19050
BANKNIFTY-III.NFO,02/04/2025,09:30:22,51877.25,51875,30,51887.95,60,0,19050
BANKNIFTY-III.NFO,02/04/2025,09:30:28,51877.25,51875,30,51887.95,30,0,19050
BANKNIFTY-III.NFO,02/04/2025,09:30:32,51877.25,51875.05,30,51888,300,0,19050
BANKNIFTY-III.NFO,02/04/2025,09:30:33,51877.25,51875,30,51887.95,60,0,19050
BANKNIFTY-III.NFO,02/04/2025,09:30:45,51877.25,51875,30,51885.35,30,0,19050
BANKNIFTY-III.NFO,02/04/2025,09:30:47,51877.25,51875,30,51884.4,30,0,19050
BANKNIFTY-III.NFO,02/04/2025,09:30:48,51875,51856,60,51878.65,30,30,18870
BANKNIFTY-III.NFO,02/04/2025,09:30:50,51875,51856,30,51878.65,30,0,18870
BANKNIFTY-III.NFO,02/04/2025,09:30:52,51875,51856.05,30,51878.65,30,0,18870
BANKNIFTY-III.NFO,02/04/2025,09:30:53,51875,51856.05,30,51884.4,30,0,18870
BANKNIFTY-III.NFO,02/04/2025,09:30:55,51875,51863.5,60,51888,330,0,18870
BANKNIFTY-III.NFO,02/04/2025,09:30:57,51875,51868.2,30,51888,330,0,18870
BANKNIFTY-III.NFO,02/04/2025,09:30:58,51875,51869.9,60,51888,300,0,18870
BANKNIFTY-III.NFO,02/04/2025,09:31:00,51875,51874.15,60,51888,300,0,18870
BANKNIFTY-III.NFO,02/04/2025,09:31:02,51875,51877.1,30,51888,300,0,18870
BANKNIFTY-III.NFO,02/04/2025,09:31:03,51875,51878.7,30,51888,300,0,18870
BANKNIFTY-III.NFO,02/04/2025,09:31:05,51875,51874.25,30,51888,300,0,18870
BANKNIFTY-III.NFO,02/04/2025,09:31:07,51875,51874.35,30,51888,300,0,18870
BANKNIFTY-III.NFO,02/04/2025,09:31:08,51875,51879.05,30,51888,300,0,18870
BANKNIFTY-III.NFO,02/04/2025,09:31:10,51882.35,51882.45,30,51888,240,90,18870
BANKNIFTY-III.NFO,02/04/2025,09:31:10,51888,51882.45,30,51888,240,0,18870
BANKNIFTY-III.NFO,02/04/2025,09:31:12,51888,51886.75,30,51900,510,240,18870
BANKNIFTY-III.NFO,02/04/2025,09:31:13,51888,51893.1,30,51900,510,0,18870
BANKNIFTY-III.NFO,02/04/2025,09:31:15,51888,51894.55,60,51900,510,0,18870
BANKNIFTY-III.NFO,02/04/2025,09:31:17,51900,51895.1,60,51900,450,60,18870
BANKNIFTY-III.NFO,02/04/2025,09:31:17,51900,51895.1,60,51900,450,0,18870
BANKNIFTY-III.NFO,02/04/2025,09:31:18,51900,51894.95,60,51900,240,210,18870
BANKNIFTY-III.NFO,02/04/2025,09:31:20,51900,51888.7,60,51900,240,0,18870
BANKNIFTY-III.NFO,02/04/2025,09:31:22,51900,51887.55,30,51900,240,0,18870
BANKNIFTY-III.NFO,02/04/2025,09:31:23,51900,51887.75,60,51900,240,0,18870
BANKNIFTY-III.NFO,02/04/2025,09:31:25,51900,51882.3,30,51900,240,0,18870
BANKNIFTY-III.NFO,02/04/2025,09:31:27,51900,51885.3,60,51900,240,0,18870
BANKNIFTY-III.NFO,02/04/2025,09:31:28,51900,51889.3,30,51900,210,30,18870
BANKNIFTY-III.NFO,02/04/2025,09:31:30,51900,51883.6,30,51900,210,0,18870
BANKNIFTY-III.NFO,02/04/2025,09:31:32,51900,51893.55,60,51900,210,0,18870
BANKNIFTY-III.NFO,02/04/2025,09:31:33,51900,51894.8,60,51900,180,30,18870
BANKNIFTY-III.NFO,02/04/2025,09:31:35,51900,51889.6,30,51900,180,0,18870
BANKNIFTY-III.NFO,02/04/2025,09:31:37,51900,51890.2,60,51900,180,0,18870
BANKNIFTY-III.NFO,02/04/2025,09:31:38,51900,51894.55,30,51900,150,30,18870
BANKNIFTY-III.NFO,02/04/2025,09:31:40,51900,51889.95,60,51900,150,0,18870
BANKNIFTY-III.NFO,02/04/2025,09:31:42,51900,51899.9,30,51900,60,90,18870
BANKNIFTY-III.NFO,02/04/2025,09:31:43,51900,51890.5,60,51900,60,0,18870
BANKNIFTY-III.NFO,02/04/2025,09:31:45,51901,51900.35,30,51901,120,90,18870
BANKNIFTY-III.NFO,02/04/2025,09:31:45,51901,51900.35,30,51901,120,0,18870
BANKNIFTY-III.NFO,02/04/2025,09:31:47,51901,51903.25,30,51905,30,120,18870
BANKNIFTY-III.NFO,02/04/2025,09:31:48,51905,51905.25,30,51928.95,30,30,18870
BANKNIFTY-III.NFO,02/04/2025,09:31:48,51905,51905.25,30,51928.95,30,0,18870
BANKNIFTY-III.NFO,02/04/2025,09:31:50,51905,51909.05,30,51928.95,30,0,18870
BANKNIFTY-III.NFO,02/04/2025,09:31:52,51905,51909.3,30,51928.95,30,0,18870
BANKNIFTY-III.NFO,02/04/2025,09:31:53,51905,51912.1,30,51952.05,30,0,18870
BANKNIFTY-III.NFO,02/04/2025,09:31:55,51905,51913.05,30,51952,30,0,18870
BANKNIFTY-III.NFO,02/04/2025,09:31:57,51905,51913.3,30,51952,60,0,18870
BANKNIFTY-III.NFO,02/04/2025,09:31:58,51905,51911.35,30,51952,60,0,18870
BANKNIFTY-III.NFO,02/04/2025,09:32:00,51905,51913.35,30,51949.95,60,0,18870
BANKNIFTY-III.NFO,02/04/2025,09:32:02,51905,51909,30,51949.95,60,0,18870
BANKNIFTY-III.NFO,02/04/2025,09:32:03,51905,51909,30,51940.65,30,0,18870
BANKNIFTY-III.NFO,02/04/2025,09:32:05,51905,51906.3,30,51941.25,30,0,18870
BANKNIFTY-III.NFO,02/04/2025,09:32:07,51905,51905,30,51938.8,30,0,18870
BANKNIFTY-III.NFO,02/04/2025,09:32:08,51905,51905,30,51933.15,30,0,18870
BANKNIFTY-III.NFO,02/04/2025,09:32:10,51905,51905,30,51933.15,60,0,18870
BANKNIFTY-III.NFO,02/04/2025,09:32:12,51905,51905,30,51932.85,30,0,18870
BANKNIFTY-III.NFO,02/04/2025,09:32:13,51905,51905,30,51932.95,30,0,18870
BANKNIFTY-III.NFO,02/04/2025,09:32:16,51905,51905.05,30,51932.95,30,0,18870
BANKNIFTY-III.NFO,02/04/2025,09:32:18,51905,51908.85,30,51932.95,90,0,18870
BANKNIFTY-III.NFO,02/04/2025,09:32:21,51905,51909.95,30,51932.95,90,0,18870
BANKNIFTY-III.NFO,02/04/2025,09:32:23,51905,51910.95,30,51932.95,90,0,18870
BANKNIFTY-III.NFO,02/04/2025,09:32:25,51905,51905.05,30,51932.95,90,0,18870
BANKNIFTY-III.NFO,02/04/2025,09:32:28,51905,51905,30,51932.95,90,0,18870
BANKNIFTY-III.NFO,02/04/2025,09:32:30,51905.05,51905,30,51932.95,90,30,18870
BANKNIFTY-III.NFO,02/04/2025,09:32:30,51905.05,51905,30,51932.95,90,0,18870
BANKNIFTY-III.NFO,02/04/2025,09:32:31,51905.05,51905,30,51932.95,90,0,18870
BANKNIFTY-III.NFO,02/04/2025,09:32:36,51905.05,51905.05,30,51929.75,60,0,18870
BANKNIFTY-III.NFO,02/04/2025,09:32:40,51905.05,51905.05,60,51929.75,60,0,18870
BANKNIFTY-III.NFO,02/04/2025,09:32:45,51905.05,51905.05,30,51929.75,60,0,18870
BANKNIFTY-III.NFO,02/04/2025,09:32:48,51905.05,51905.05,60,51929.7,60,0,18870
BANKNIFTY-III.NFO,02/04/2025,09:32:52,51905.05,51905.05,30,51929.7,60,0,18870
BANKNIFTY-III.NFO,02/04/2025,09:32:55,51905.05,51910,30,51929.8,60,0,18870
BANKNIFTY-III.NFO,02/04/2025,09:32:57,51905.05,51910,30,51930,30,0,18870
BANKNIFTY-III.NFO,02/04/2025,09:32:58,51905.05,51910,30,51930,60,0,18870
BANKNIFTY-III.NFO,02/04/2025,09:33:02,51905.05,51910,30,51929.95,60,0,18870
BANKNIFTY-III.NFO,02/04/2025,09:33:03,51930,51910.05,60,51929.9,60,150,18870
BANKNIFTY-III.NFO,02/04/2025,09:33:03,51930,51910.05,60,51929.9,60,0,18870
BANKNIFTY-III.NFO,02/04/2025,09:33:05,51930,51925,30,51929.9,60,0,18870
BANKNIFTY-III.NFO,02/04/2025,09:33:07,51930,51925,30,51929.9,30,0,18870
BANKNIFTY-III.NFO,02/04/2025,09:33:08,51930,51925,30,51937.35,60,0,18870
BANKNIFTY-III.NFO,02/04/2025,09:33:10,51930,51925,30,51937.35,90,0,18870
BANKNIFTY-III.NFO,02/04/2025,09:33:12,51930,51925,30,51929.95,30,0,18870
BANKNIFTY-III.NFO,02/04/2025,09:33:13,51929.95,51925,30,51929.95,30,30,18870
BANKNIFTY-III.NFO,02/04/2025,09:33:15,51929.95,51905.95,60,51929.95,60,30,18870
BANKNIFTY-III.NFO,02/04/2025,09:33:17,51929.95,51907.8,90,51929.95,60,0,18870
BANKNIFTY-III.NFO,02/04/2025,09:33:18,51929.95,51908,90,51929.95,60,0,18870
BANKNIFTY-III.NFO,02/04/2025,09:33:20,51929.95,51907,60,51929.9,60,0,18870
BANKNIFTY-III.NFO,02/04/2025,09:33:22,51929.95,51903.6,60,51929.9,90,0,18870
BANKNIFTY-III.NFO,02/04/2025,09:33:23,51929.95,51901.1,60,51929.9,90,0,18870
BANKNIFTY-III.NFO,02/04/2025,09:33:27,51929.95,51919.2,60,51924,30,0,18870
BANKNIFTY-III.NFO,02/04/2025,09:33:28,51924,51926.65,60,51929.95,60,30,18870
BANKNIFTY-III.NFO,02/04/2025,09:33:30,51930.8,51930.65,30,51950,90,540,18870
BANKNIFTY-III.NFO,02/04/2025,09:33:30,51931.15,51930.65,30,51950,90,0,18870
BANKNIFTY-III.NFO,02/04/2025,09:33:32,51930,51929.95,60,51950,90,30,18870
BANKNIFTY-III.NFO,02/04/2025,09:33:33,51930,51933.45,30,51950,60,0,18870
BANKNIFTY-III.NFO,02/04/2025,09:33:35,51930,51934.15,30,51950,60,0,18870
BANKNIFTY-III.NFO,02/04/2025,09:33:37,51930,51936.05,30,51950,60,0,18870
BANKNIFTY-III.NFO,02/04/2025,09:33:38,51930,51939.55,30,51950,60,0,18870
BANKNIFTY-III.NFO,02/04/2025,09:33:40,51938.95,51945.85,30,51950,60,180,19050
BANKNIFTY-III.NFO,02/04/2025,09:33:40,51944.3,51945.85,30,51950,60,0,19050
BANKNIFTY-III.NFO,02/04/2025,09:33:42,51938.95,51939.8,30,51950,60,0,19050
BANKNIFTY-III.NFO,02/04/2025,09:33:43,51938.95,51939.6,30,51950,60,0,19050
BANKNIFTY-III.NFO,02/04/2025,09:33:45,51938.95,51943.5,30,51950,60,0,19050
BANKNIFTY-III.NFO,02/04/2025,09:33:47,51938.95,51944.45,30,51950,60,0,19050
BANKNIFTY-III.NFO,02/04/2025,09:33:48,51938.95,51940.35,30,51950,60,0,19050
BANKNIFTY-III.NFO,02/04/2025,09:33:50,51938.95,51946.2,30,51950,60,0,19050
BANKNIFTY-III.NFO,02/04/2025,09:33:52,51950,51943.3,60,51950,30,60,19050
BANKNIFTY-III.NFO,02/04/2025,09:33:52,51950,51943.3,60,51950,30,0,19050
BANKNIFTY-III.NFO,02/04/2025,09:33:53,51950,51942.45,30,51950,30,0,19050
BANKNIFTY-III.NFO,02/04/2025,09:33:55,51946.7,51948.25,300,51958.5,30,30,19050
BANKNIFTY-III.NFO,02/04/2025,09:33:57,51946.7,51947.7,30,51963,60,0,19050
BANKNIFTY-III.NFO,02/04/2025,09:33:58,51946.7,51942.2,60,51962.9,60,0,19050
BANKNIFTY-III.NFO,02/04/2025,09:34:00,51946.7,51942.35,30,51962.9,120,0,19050
BANKNIFTY-III.NFO,02/04/2025,09:34:02,51946.7,51939,30,51962.9,120,0,19050
BANKNIFTY-III.NFO,02/04/2025,09:34:03,51946.7,51938.95,60,51962.9,120,0,19050
BANKNIFTY-III.NFO,02/04/2025,09:34:05,51946.7,51939,90,51962.9,120,0,19050
BANKNIFTY-III.NFO,02/04/2025,09:34:07,51939,51939.2,60,51962.9,120,30,19050
BANKNIFTY-III.NFO,02/04/2025,09:34:08,51939,51939.05,60,51962.9,120,0,19050
BANKNIFTY-III.NFO,02/04/2025,09:34:10,51939,51945.3,30,51962.9,120,0,19050
BANKNIFTY-III.NFO,02/04/2025,09:34:12,51939,51951.6,30,51963.65,60,0,19050
BANKNIFTY-III.NFO,02/04/2025,09:34:13,51939,51951.65,30,51963.65,60,0,19050
BANKNIFTY-III.NFO,02/04/2025,09:34:15,51939,51946.95,30,51963.55,90,0,19050
BANKNIFTY-III.NFO,02/04/2025,09:34:16,51939,51946.95,30,51963.5,90,0,19050
BANKNIFTY-III.NFO,02/04/2025,09:34:18,51939,51946.95,30,51963.5,120,0,19050
BANKNIFTY-III.NFO,02/04/2025,09:34:23,51939,51940,60,51963.5,120,0,19050
BANKNIFTY-III.NFO,02/04/2025,09:34:25,51939,51940,60,51962.4,60,0,19050
BANKNIFTY-III.NFO,02/04/2025,09:34:26,51939,51940,60,51962.4,90,0,19050
BANKNIFTY-III.NFO,02/04/2025,09:34:28,51939,51940,60,51962.1,90,0,19050
BANKNIFTY-III.NFO,02/04/2025,09:34:33,51939,51940,60,51960.15,60,0,19050
BANKNIFTY-III.NFO,02/04/2025,09:34:35,51939,51940,60,51953.25,60,0,19050
BANKNIFTY-III.NFO,02/04/2025,09:34:36,51940,51940,30,51948.7,90,30,19050
BANKNIFTY-III.NFO,02/04/2025,09:34:38,51940,51931.35,30,51948.7,60,30,19050
BANKNIFTY-III.NFO,02/04/2025,09:34:40,51940,51935.85,30,51952.9,60,0,19050
BANKNIFTY-III.NFO,02/04/2025,09:34:41,51940,51936.8,30,51952.9,60,0,19050
BANKNIFTY-III.NFO,02/04/2025,09:34:43,51940,51935.6,30,51952.85,60,0,19050
BANKNIFTY-III.NFO,02/04/2025,09:34:45,51940,51936.6,30,51952.85,60,0,19050
BANKNIFTY-III.NFO,02/04/2025,09:34:46,51940,51940.05,30,51952.85,30,0,19050
BANKNIFTY-III.NFO,02/04/2025,09:34:48,51940,51935.3,60,51954.55,60,60,19050
BANKNIFTY-III.NFO,02/04/2025,09:34:50,51940,51930.75,90,51954.55,90,0,19050
BANKNIFTY-III.NFO,02/04/2025,09:34:51,51940,51931.95,30,51954.55,90,0,19050
BANKNIFTY-III.NFO,02/04/2025,09:34:53,51940,51932.15,30,51954.55,90,0,19050
BANKNIFTY-III.NFO,02/04/2025,09:34:55,51940,51933.35,30,51954.55,90,0,19050
BANKNIFTY-III.NFO,02/04/2025,09:34:56,51940,51937.55,60,51954.8,60,0,19050
BANKNIFTY-III.NFO,02/04/2025,09:34:58,51940,51935.6,30,51954.7,60,0,19050
BANKNIFTY-III.NFO,02/04/2025,09:35:00,51940,51937.35,60,51954.75,60,0,19050
BANKNIFTY-III.NFO,02/04/2025,09:35:02,51940,51938.7,60,51957.05,60,0,19050
BANKNIFTY-III.NFO,02/04/2025,09:35:03,51940,51936.45,30,51957,90,0,19050
BANKNIFTY-III.NFO,02/04/2025,09:35:05,51940,51926.05,90,51957,90,0,19050
BANKNIFTY-III.NFO,02/04/2025,09:35:07,51940,51931.2,30,51957,90,0,19050
BANKNIFTY-III.NFO,02/04/2025,09:35:08,51940,51931.3,30,51957,90,0,19050
BANKNIFTY-III.NFO,02/04/2025,09:35:10,51940,51931.6,30,51957,90,0,19050
BANKNIFTY-III.NFO,02/04/2025,09:35:12,51940,51939.25,60,51957,60,0,19050
BANKNIFTY-III.NFO,02/04/2025,09:35:13,51940,51934.55,30,51956.95,90,0,19050
BANKNIFTY-III.NFO,02/04/2025,09:35:15,51940,51935.55,30,51956.85,60,0,19050
BANKNIFTY-III.NFO,02/04/2025,09:35:17,51940,51936.85,30,51956.85,90,0,19050
BANKNIFTY-III.NFO,02/04/2025,09:35:19,51940,51938.45,30,51956.85,90,0,19050
BANKNIFTY-III.NFO,02/04/2025,09:35:20,51940,51936.6,30,51958.05,90,0,19050
BANKNIFTY-III.NFO,02/04/2025,09:35:22,51940,51936.6,30,51958,90,0,19050
BANKNIFTY-III.NFO,02/04/2025,09:35:24,51940,51939.9,60,51957.95,30,0,19050
BANKNIFTY-III.NFO,02/04/2025,09:35:25,51940,51938.5,30,51957.9,60,0,19050
BANKNIFTY-III.NFO,02/04/2025,09:35:27,51940,51931.6,30,51957.9,90,0,19050
BANKNIFTY-III.NFO,02/04/2025,09:35:29,51940,51932,60,51957.9,90,0,19050
BANKNIFTY-III.NFO,02/04/2025,09:35:30,51940,51926,90,51957.9,90,0,19050
BANKNIFTY-III.NFO,02/04/2025,09:35:32,51940,51929.05,30,51955.9,60,0,19050
BANKNIFTY-III.NFO,02/04/2025,09:35:34,51940,51929.9,30,51955.9,90,0,19050
BANKNIFTY-III.NFO,02/04/2025,09:35:35,51940,51928.25,30,51955.9,90,0,19050
BANKNIFTY-III.NFO,02/04/2025,09:35:37,51940,51926,90,51955.9,90,0,19050
BANKNIFTY-III.NFO,02/04/2025,09:35:39,51940,51926,90,51953.65,60,0,19050
BANKNIFTY-III.NFO,02/04/2025,09:35:40,51940,51929.05,30,51953.6,90,0,19050
BANKNIFTY-III.NFO,02/04/2025,09:35:42,51940,51927.5,30,51953.6,90,0,19050
BANKNIFTY-III.NFO,02/04/2025,09:35:44,51928.2,51927.55,30,51953.6,90,30,19050
BANKNIFTY-III.NFO,02/04/2025,09:35:45,51928.2,51929.7,60,51953.6,90,0,19050
BANKNIFTY-III.NFO,02/04/2025,09:35:47,51928.2,51929.5,30,51953.6,90,0,19050
BANKNIFTY-III.NFO,02/04/2025,09:35:49,51928.2,51926.65,300,51953.6,90,0,19050
BANKNIFTY-III.NFO,02/04/2025,09:35:50,51928.2,51928.9,30,51953.6,90,0,19050
BANKNIFTY-III.NFO,02/04/2025,09:35:52,51928.2,51929.1,30,51953.6,90,0,19050
BANKNIFTY-III.NFO,02/04/2025,09:35:54,51928.2,51929.3,30,51953.6,90,0,19050
BANKNIFTY-III.NFO,02/04/2025,09:35:55,51928.2,51929.5,30,51953.6,90,0,19050
BANKNIFTY-III.NFO,02/04/2025,09:35:57,51928.2,51929.7,30,51953.6,90,0,19050
BANKNIFTY-III.NFO,02/04/2025,09:35:59,51928.2,51929.85,30,51953.6,90,0,19050
BANKNIFTY-III.NFO,02/04/2025,09:36:00,51928.2,51929.95,30,51953.6,90,0,19050
BANKNIFTY-III.NFO,02/04/2025,09:36:02,51928.2,51930,30,51948.9,60,0,19050
BANKNIFTY-III.NFO,02/04/2025,09:36:04,51928.2,51930,30,51944.7,60,0,19050
BANKNIFTY-III.NFO,02/04/2025,09:36:05,51926,51920,60,51932.5,60,120,19050
BANKNIFTY-III.NFO,02/04/2025,09:36:07,51926,51920,60,51929.35,60,0,19050
BANKNIFTY-III.NFO,02/04/2025,09:36:09,51926,51920,60,51929.35,90,0,19050
BANKNIFTY-III.NFO,02/04/2025,09:36:14,51920,51900,30,51926.55,60,60,19050
BANKNIFTY-III.NFO,02/04/2025,09:36:15,51920,51900,30,51923.75,60,0,19050
BANKNIFTY-III.NFO,02/04/2025,09:36:22,51920,51900,30,51918.35,60,0,19050
BANKNIFTY-III.NFO,02/04/2025,09:36:30,51920,51900,60,51923.75,60,0,19050
BANKNIFTY-III.NFO,02/04/2025,09:36:32,51920,51900,60,51923.7,60,0,19050
BANKNIFTY-III.NFO,02/04/2025,09:36:34,51920,51900,60,51926.55,60,0,19050
BANKNIFTY-III.NFO,02/04/2025,09:36:39,51900,51898.5,90,51929,30,60,19050
BANKNIFTY-III.NFO,02/04/2025,09:36:40,51900,51899.85,30,51929.35,90,0,19050
BANKNIFTY-III.NFO,02/04/2025,09:36:42,51900,51898.05,30,51920,60,0,19050
BANKNIFTY-III.NFO,02/04/2025,09:36:44,51900,51895.85,30,51920,60,0,19050
BANKNIFTY-III.NFO,02/04/2025,09:36:45,51900,51894.35,30,51919.95,60,0,19050
BANKNIFTY-III.NFO,02/04/2025,09:36:47,51900,51890.25,30,51919.95,60,0,19050
BANKNIFTY-III.NFO,02/04/2025,09:36:49,51900,51883.1,60,51905,60,0,19050
BANKNIFTY-III.NFO,02/04/2025,09:36:50,51900,51883.1,30,51905,60,0,19050
BANKNIFTY-III.NFO,02/04/2025,09:36:52,51900,51883.1,60,51905,60,0,19050
BANKNIFTY-III.NFO,02/04/2025,09:36:54,51900,51883.1,30,51904.95,60,0,19050
BANKNIFTY-III.NFO,02/04/2025,09:36:57,51900,51883.1,30,51905,60,0,19050
BANKNIFTY-III.NFO,02/04/2025,09:36:59,51900,51883.1,30,51904.95,60,0,19050
BANKNIFTY-III.NFO,02/04/2025,09:37:04,51900,51880.4,60,51904.95,60,0,19050
BANKNIFTY-III.NFO,02/04/2025,09:37:07,51900,51875.85,30,51904.95,60,0,19050
BANKNIFTY-III.NFO,02/04/2025,09:37:09,51900,51871.65,30,51904.95,60,0,19050
BANKNIFTY-III.NFO,02/04/2025,09:37:10,51900,51870.65,30,51898.7,60,0,19050
BANKNIFTY-III.NFO,02/04/2025,09:37:12,51900,51867.9,30,51899.95,60,0,19050
BANKNIFTY-III.NFO,02/04/2025,09:37:14,51900,51860.9,60,51894.85,60,0,19050
BANKNIFTY-III.NFO,02/04/2025,09:37:15,51900,51867.25,30,51899.95,60,0,19050
BANKNIFTY-III.NFO,02/04/2025,09:37:17,51900,51868.85,60,51899.95,60,0,19050
BANKNIFTY-III.NFO,02/04/2025,09:37:19,51900,51874.7,30,51900,30,0,19050
BANKNIFTY-III.NFO,02/04/2025,09:37:20,51900,51880,30,51900,60,0,19050
BANKNIFTY-III.NFO,02/04/2025,09:37:22,51900,51876.05,30,51900,60,0,19050
BANKNIFTY-III.NFO,02/04/2025,09:37:24,51900,51882.6,300,51900,30,0,19050
BANKNIFTY-III.NFO,02/04/2025,09:37:25,51900,51879.05,60,51900,60,0,19050
BANKNIFTY-III.NFO,02/04/2025,09:37:27,51900,51875.65,30,51900,60,0,19050
BANKNIFTY-III.NFO,02/04/2025,09:37:29,51900,51883.95,60,51900,60,0,19050
BANKNIFTY-III.NFO,02/04/2025,09:37:30,51900,51875.35,60,51899.95,60,0,19050
BANKNIFTY-III.NFO,02/04/2025,09:37:32,51900,51872.25,60,51899.95,60,0,19050
BANKNIFTY-III.NFO,02/04/2025,09:37:34,51900,51868.45,30,51899.95,60,0,19050
BANKNIFTY-III.NFO,02/04/2025,09:37:35,51900,51871.7,60,51899.95,60,0,19050
BANKNIFTY-III.NFO,02/04/2025,09:37:37,51900,51876,30,51899.95,90,0,19050
BANKNIFTY-III.NFO,02/04/2025,09:37:39,51900,51875.7,30,51899.95,90,0,19050
BANKNIFTY-III.NFO,02/04/2025,09:37:40,51900,51876.6,30,51899.95,90,0,19050
BANKNIFTY-III.NFO,02/04/2025,09:37:42,51900,51872.7,30,51899.95,90,0,19050
BANKNIFTY-III.NFO,02/04/2025,09:37:44,51900,51871.8,30,51899.95,90,0,19050
BANKNIFTY-III.NFO,02/04/2025,09:37:45,51900,51870.05,30,51899.95,90,0,19050
BANKNIFTY-III.NFO,02/04/2025,09:37:47,51900,51864.1,30,51897.05,60,0,19050
BANKNIFTY-III.NFO,02/04/2025,09:37:49,51897.05,51860.9,60,51894.1,60,60,18870
BANKNIFTY-III.NFO,02/04/2025,09:37:50,51897.05,51856.15,60,51887.9,60,0,18870
BANKNIFTY-III.NFO,02/04/2025,09:37:52,51897.05,51860.6,60,51898.5,60,0,18870
BANKNIFTY-III.NFO,02/04/2025,09:37:54,51897.05,51873.1,60,51899.95,60,0,18870
BANKNIFTY-III.NFO,02/04/2025,09:37:55,51897.05,51877.3,90,51900,120,0,18870
BANKNIFTY-III.NFO,02/04/2025,09:37:57,51897.05,51876,90,51899.9,60,0,18870
BANKNIFTY-III.NFO,02/04/2025,09:38:00,51897.05,51876,60,51897,90,0,18870
BANKNIFTY-III.NFO,02/04/2025,09:38:04,51897.05,51869.9,60,51897,90,0,18870
BANKNIFTY-III.NFO,02/04/2025,09:38:05,51897.05,51876.95,90,51897.05,60,0,18870
BANKNIFTY-III.NFO,02/04/2025,09:38:07,51897.05,51879.25,60,51897.05,30,0,18870
BANKNIFTY-III.NFO,02/04/2025,09:38:09,51897.05,51882.75,60,51897.05,30,0,18870
BANKNIFTY-III.NFO,02/04/2025,09:38:10,51897.05,51884.35,60,51897.05,30,0,18870
BANKNIFTY-III.NFO,02/04/2025,09:38:12,51897.05,51883.1,60,51897.05,30,0,18870
BANKNIFTY-III.NFO,02/04/2025,09:38:14,51897.05,51883.45,60,51897.05,30,0,18870
BANKNIFTY-III.NFO,02/04/2025,09:38:15,51897.05,51888.85,60,51897.05,30,0,18870
BANKNIFTY-III.NFO,02/04/2025,09:38:17,51897.05,51890.15,60,51897.05,30,0,18870
BANKNIFTY-III.NFO,02/04/2025,09:38:18,51897.05,51889.85,60,51897.05,30,0,18870
BANKNIFTY-III.NFO,02/04/2025,09:38:20,51897.05,51892.05,60,51897.05,30,0,18870
BANKNIFTY-III.NFO,02/04/2025,09:38:22,51897.05,51890.2,60,51897.05,30,0,18870
BANKNIFTY-III.NFO,02/04/2025,09:38:23,51897.05,51886.85,60,51897.05,30,0,18870
BANKNIFTY-III.NFO,02/04/2025,09:38:25,51897.05,51887.8,60,51897.05,30,0,18870
BANKNIFTY-III.NFO,02/04/2025,09:38:27,51897.05,51884,90,51900,90,0,18870
BANKNIFTY-III.NFO,02/04/2025,09:38:28,51897.05,51888.95,60,51900,90,0,18870
BANKNIFTY-III.NFO,02/04/2025,09:38:30,51897.05,51890.75,60,51900,90,0,18870
BANKNIFTY-III.NFO,02/04/2025,09:38:32,51897.05,51883.6,60,51900,90,0,18870
BANKNIFTY-III.NFO,02/04/2025,09:38:33,51897.05,51884.1,60,51900,90,0,18870
BANKNIFTY-III.NFO,02/04/2025,09:38:35,51897.05,51884.35,60,51900,60,0,18870
BANKNIFTY-III.NFO,02/04/2025,09:38:37,51897.05,51882.45,60,51899.95,90,0,18870
BANKNIFTY-III.NFO,02/04/2025,09:38:38,51897.05,51883.15,90,51900,60,0,18870
BANKNIFTY-III.NFO,02/04/2025,09:38:40,51897.05,51884.55,60,51900,60,0,18870
BANKNIFTY-III.NFO,02/04/2025,09:38:42,51900,51890.85,60,51900,30,30,18870
BANKNIFTY-III.NFO,02/04/2025,09:38:43,51900,51884.9,60,51900,30,0,18870
BANKNIFTY-III.NFO,02/04/2025,09:38:45,51900,51882.95,30,51899.95,90,0,18870
BANKNIFTY-III.NFO,02/04/2025,09:38:55,51900,51883,90,51899.95,60,0,18870
BANKNIFTY-III.NFO,02/04/2025,09:38:57,51900,51883.1,90,51899.95,60,0,18870
BANKNIFTY-III.NFO,02/04/2025,09:38:58,51900,51886.15,90,51900,30,0,18870
BANKNIFTY-III.NFO,02/04/2025,09:39:00,51900,51889.7,90,51900,30,0,18870
BANKNIFTY-III.NFO,02/04/2025,09:39:02,51900,51890.1,60,51900,30,0,18870
BANKNIFTY-III.NFO,02/04/2025,09:39:03,51900,51890.8,60,51900,30,0,18870
BANKNIFTY-III.NFO,02/04/2025,09:39:05,51900,51897.6,60,51900,60,0,18870
BANKNIFTY-III.NFO,02/04/2025,09:39:07,51900,51898.1,60,51900,60,0,18870
BANKNIFTY-III.NFO,02/04/2025,09:39:08,51900,51900.5,60,51923.95,60,60,18870
BANKNIFTY-III.NFO,02/04/2025,09:39:10,51900,51902.9,60,51928.95,60,0,18870
BANKNIFTY-III.NFO,02/04/2025,09:39:12,51900,51902.95,30,51928.95,60,0,18870
BANKNIFTY-III.NFO,02/04/2025,09:39:13,51900,51903.1,60,51928.95,60,0,18870
BANKNIFTY-III.NFO,02/04/2025,09:39:15,51900,51902.9,60,51928.95,60,0,18870
BANKNIFTY-III.NFO,02/04/2025,09:39:16,51900,51900.8,60,51928.95,60,0,18870
BANKNIFTY-III.NFO,02/04/2025,09:39:18,51900,51903.15,60,51928.95,60,0,18870
BANKNIFTY-III.NFO,02/04/2025,09:39:20,51900,51905.4,60,51928.9,60,0,18870
BANKNIFTY-III.NFO,02/04/2025,09:39:22,51900,51906.25,60,51928.9,60,0,18870
BANKNIFTY-III.NFO,02/04/2025,09:39:23,51900,51915.05,90,51930,180,0,18870
BANKNIFTY-III.NFO,02/04/2025,09:39:25,51900,51920.45,60,51930,180,0,18870
BANKNIFTY-III.NFO,02/04/2025,09:39:27,51900,51920.35,60,51930,180,0,18870
BANKNIFTY-III.NFO,02/04/2025,09:39:28,51900,51925.9,60,51930,180,0,18870
BANKNIFTY-III.NFO,02/04/2025,09:39:30,51900,51926.45,30,51930,180,0,18870
BANKNIFTY-III.NFO,02/04/2025,09:39:33,51900,51921.15,60,51930,180,0,18870
BANKNIFTY-III.NFO,02/04/2025,09:39:35,51900,51913.4,60,51929.9,60,0,18870
BANKNIFTY-III.NFO,02/04/2025,09:39:37,51900,51909,60,51929.85,90,0,18870
BANKNIFTY-III.NFO,02/04/2025,09:39:38,51900,51908.6,60,51929.85,90,0,18870
BANKNIFTY-III.NFO,02/04/2025,09:39:40,51900,51908.3,90,51929.85,90,0,18870
BANKNIFTY-III.NFO,02/04/2025,09:39:42,51900,51903.3,60,51929.85,90,0,18870
BANKNIFTY-III.NFO,02/04/2025,09:39:43,51900,51906.15,30,51920.95,90,0,18870
BANKNIFTY-III.NFO,02/04/2025,09:39:45,51900,51907.6,60,51921,30,0,18870
BANKNIFTY-III.NFO,02/04/2025,09:39:47,51900,51909.8,60,51921,30,0,18870
BANKNIFTY-III.NFO,02/04/2025,09:39:48,51900,51913.4,60,51921,30,0,18870
BANKNIFTY-III.NFO,02/04/2025,09:39:50,51900,51919.1,60,51921,30,0,18870
BANKNIFTY-III.NFO,02/04/2025,09:39:52,51921,51918.7,60,51930,180,30,18870
BANKNIFTY-III.NFO,02/04/2025,09:39:53,51921,51917.85,60,51930,180,0,18870
BANKNIFTY-III.NFO,02/04/2025,09:39:55,51921,51914.65,30,51929.9,90,0,18870
BANKNIFTY-III.NFO,02/04/2025,09:39:57,51921,51914.65,30,51929.9,120,0,18870
BANKNIFTY-III.NFO,02/04/2025,09:39:58,51921,51914.8,60,51929.9,30,0,18870
BANKNIFTY-III.NFO,02/04/2025,09:40:00,51921,51914.9,60,51930,180,0,18870
BANKNIFTY-III.NFO,02/04/2025,09:40:02,51921,51914.95,30,51929.9,90,0,18870
BANKNIFTY-III.NFO,02/04/2025,09:40:03,51921,51900.8,60,51929.9,120,0,18870
BANKNIFTY-III.NFO,02/04/2025,09:40:05,51921,51900,30,51929.9,120,0,18870
BANKNIFTY-III.NFO,02/04/2025,09:40:07,51921,51900,30,51928.95,60,0,18870
BANKNIFTY-III.NFO,02/04/2025,09:40:08,51921,51900.05,60,51928.95,60,0,18870
BANKNIFTY-III.NFO,02/04/2025,09:40:10,51921,51908.6,90,51928.95,90,0,18870
BANKNIFTY-III.NFO,02/04/2025,09:40:12,51921,51904.95,60,51928.95,90,0,18870
BANKNIFTY-III.NFO,02/04/2025,09:40:15,51921,51921,30,51928.95,90,0,18870
BANKNIFTY-III.NFO,02/04/2025,09:40:17,51921,51911.95,60,51921,120,30,18870
BANKNIFTY-III.NFO,02/04/2025,09:40:18,51921,51904.3,60,51920.95,90,0,18870
BANKNIFTY-III.NFO,02/04/2025,09:40:20,51921,51907.2,60,51921,120,0,18870
BANKNIFTY-III.NFO,02/04/2025,09:40:22,51921,51908.5,60,51921,120,0,18870
BANKNIFTY-III.NFO,02/04/2025,09:40:23,51921,51908.15,60,51921,120,0,18870
BANKNIFTY-III.NFO,02/04/2025,09:40:25,51921,51908.1,60,51921,120,0,18870
BANKNIFTY-III.NFO,02/04/2025,09:40:27,51921,51909.15,60,51921,120,0,18870
BANKNIFTY-III.NFO,02/04/2025,09:40:28,51921,51906.55,60,51921,120,0,18870
BANKNIFTY-III.NFO,02/04/2025,09:40:30,51921,51912.55,60,51921,120,0,18870
BANKNIFTY-III.NFO,02/04/2025,09:40:32,51921,51916.15,60,51921,120,0,18870
BANKNIFTY-III.NFO,02/04/2025,09:40:33,51921,51916.4,60,51921,120,0,18870
BANKNIFTY-III.NFO,02/04/2025,09:40:35,51921,51917.15,60,51921,120,0,18870
BANKNIFTY-III.NFO,02/04/2025,09:40:37,51921,51917.2,60,51921,90,30,18870
BANKNIFTY-III.NFO,02/04/2025,09:40:38,51921,51915.65,30,51921,90,0,18870
BANKNIFTY-III.NFO,02/04/2025,09:40:40,51921,51915.9,60,51921,90,0,18870
BANKNIFTY-III.NFO,02/04/2025,09:40:42,51921,51915.95,30,51921,90,0,18870
BANKNIFTY-III.NFO,02/04/2025,09:40:43,51921,51916.05,30,51921,90,0,18870
BANKNIFTY-III.NFO,02/04/2025,09:40:47,51921,51917,300,51921,90,0,18870
BANKNIFTY-III.NFO,02/04/2025,09:40:48,51921,51919.85,60,51921,90,0,18870
BANKNIFTY-III.NFO,02/04/2025,09:40:50,51921,51921.7,60,51936,30,90,18870
BANKNIFTY-III.NFO,02/04/2025,09:40:52,51921,51922,60,51937.5,60,0,18870
BANKNIFTY-III.NFO,02/04/2025,09:40:53,51921,51923.8,60,51938.75,30,0,18870
BANKNIFTY-III.NFO,02/04/2025,09:40:55,51921,51922.7,60,51938.7,30,0,18870
BANKNIFTY-III.NFO,02/04/2025,09:40:57,51921,51921.3,60,51938.65,90,0,18870
BANKNIFTY-III.NFO,02/04/2025,09:40:58,51921,51925.25,90,51938.65,30,0,18870
BANKNIFTY-III.NFO,02/04/2025,09:41:00,51921,51933,60,51940,90,0,18870
BANKNIFTY-III.NFO,02/04/2025,09:41:02,51921,51936.35,60,51940,90,0,18870
BANKNIFTY-III.NFO,02/04/2025,09:41:03,51941.25,51937.95,30,51950,30,120,18870
BANKNIFTY-III.NFO,02/04/2025,09:41:05,51941.25,51937.95,30,51949.95,60,0,18870
BANKNIFTY-III.NFO,02/04/2025,09:41:10,51941.25,51937.95,30,51950,30,0,18870
BANKNIFTY-III.NFO,02/04/2025,09:41:12,51941.25,51937.95,30,51949.95,60,0,18870
BANKNIFTY-III.NFO,02/04/2025,09:41:16,51941.25,51930.75,30,51949.95,90,0,18870
BANKNIFTY-III.NFO,02/04/2025,09:41:21,51941.25,51926.6,30,51949.95,90,0,18870
BANKNIFTY-III.NFO,02/04/2025,09:41:23,51941.25,51918.6,30,51947.65,60,0,18870
BANKNIFTY-III.NFO,02/04/2025,09:41:25,51941.25,51921.45,30,51949.95,90,0,18870
BANKNIFTY-III.NFO,02/04/2025,09:41:27,51941.25,51923.1,30,51949.95,90,0,18870
BANKNIFTY-III.NFO,02/04/2025,09:41:28,51941.25,51926.8,30,51949.95,90,0,18870
BANKNIFTY-III.NFO,02/04/2025,09:41:30,51941.25,51929.1,30,51949.95,90,0,18870
BANKNIFTY-III.NFO,02/04/2025,09:41:32,51941.25,51930.75,60,51949.95,90,0,18870
BANKNIFTY-III.NFO,02/04/2025,09:41:33,51941.25,51930.95,60,51949.95,90,0,18870
BANKNIFTY-III.NFO,02/04/2025,09:41:35,51941.25,51931.2,60,51949.95,90,0,18870
BANKNIFTY-III.NFO,02/04/2025,09:41:37,51941.25,51932.7,30,51949.95,60,0,18870
BANKNIFTY-III.NFO,02/04/2025,09:41:38,51941.25,51933.7,30,51950,30,0,18870
BANKNIFTY-III.NFO,02/04/2025,09:41:40,51941.25,51935,30,51950,30,0,18870
BANKNIFTY-III.NFO,02/04/2025,09:41:42,51941.25,51930.25,60,51949.95,90,0,18870
BANKNIFTY-III.NFO,02/04/2025,09:41:43,51941.25,51930.3,30,51949.95,90,0,18870
BANKNIFTY-III.NFO,02/04/2025,09:41:45,51941.25,51930.55,60,51949.95,90,0,18870
BANKNIFTY-III.NFO,02/04/2025,09:41:47,51941.25,51930.5,30,51949.95,90,0,18870
BANKNIFTY-III.NFO,02/04/2025,09:41:48,51941.25,51930.75,60,51949.95,90,0,18870
BANKNIFTY-III.NFO,02/04/2025,09:41:50,51941.25,51930.95,60,51949.95,90,0,18870
BANKNIFTY-III.NFO,02/04/2025,09:41:52,51941.25,51931.15,60,51949.95,90,0,18870
BANKNIFTY-III.NFO,02/04/2025,09:41:53,51941.25,51930.85,30,51949.95,60,0,18870
BANKNIFTY-III.NFO,02/04/2025,09:41:55,51941.25,51930.95,60,51949.95,90,0,18870
BANKNIFTY-III.NFO,02/04/2025,09:41:57,51941.25,51935.5,30,51950,30,0,18870
BANKNIFTY-III.NFO,02/04/2025,09:41:58,51941.25,51938.5,30,51950,30,0,18870
BANKNIFTY-III.NFO,02/04/2025,09:42:00,51941.25,51939.1,30,51950,30,0,18870
BANKNIFTY-III.NFO,02/04/2025,09:42:02,51941.25,51937.4,30,51950,30,0,18870
BANKNIFTY-III.NFO,02/04/2025,09:42:03,51941.25,51931.8,60,51949.95,90,0,18870
BANKNIFTY-III.NFO,02/04/2025,09:42:05,51941.25,51932,30,51949.95,90,0,18870
BANKNIFTY-III.NFO,02/04/2025,09:42:07,51941.25,51932.2,30,51950,30,0,18870
BANKNIFTY-III.NFO,02/04/2025,09:42:08,51941.25,51932.4,30,51950,60,0,18870
BANKNIFTY-III.NFO,02/04/2025,09:42:10,51941.25,51932.5,30,51948,30,0,18870
BANKNIFTY-III.NFO,02/04/2025,09:42:12,51941.25,51930.3,30,51947.9,60,0,18870
BANKNIFTY-III.NFO,02/04/2025,09:42:13,51941.25,51930.35,30,51947.95,60,0,18870
BANKNIFTY-III.NFO,02/04/2025,09:42:16,51941.25,51930.6,30,51947.95,90,0,18870
BANKNIFTY-III.NFO,02/04/2025,09:42:18,51941.25,51930.65,30,51947.95,90,0,18870
BANKNIFTY-III.NFO,02/04/2025,09:42:20,51941.25,51931.7,60,51948,30,0,18870
BANKNIFTY-III.NFO,02/04/2025,09:42:21,51941.25,51933.45,30,51948,30,0,18870
BANKNIFTY-III.NFO,02/04/2025,09:42:23,51941.25,51933.6,30,51947.95,90,0,18870
BANKNIFTY-III.NFO,02/04/2025,09:42:25,51941.25,51930.2,30,51941.25,30,0,18870
BANKNIFTY-III.NFO,02/04/2025,09:42:26,51941.25,51930.65,30,51941.25,30,0,18870
BANKNIFTY-III.NFO,02/04/2025,09:42:28,51941.25,51930.85,30,51941.25,30,0,18870
BANKNIFTY-III.NFO,02/04/2025,09:42:30,51941.25,51933.7,30,51941.25,30,0,18870
BANKNIFTY-III.NFO,02/04/2025,09:42:31,51941.25,51931.2,30,51941.25,30,0,18870
BANKNIFTY-III.NFO,02/04/2025,09:42:33,51941.25,51931.35,30,51941.25,30,0,18870
BANKNIFTY-III.NFO,02/04/2025,09:42:35,51941.25,51931.55,30,51941.25,30,0,18870
BANKNIFTY-III.NFO,02/04/2025,09:42:36,51941.25,51932.3,30,51941.25,30,0,18870
BANKNIFTY-III.NFO,02/04/2025,09:42:41,51941.25,51929.1,30,51941.25,30,0,18870
BANKNIFTY-III.NFO,02/04/2025,09:42:43,51932.7,51932.65,240,51948,30,30,18870
BANKNIFTY-III.NFO,02/04/2025,09:42:45,51932.7,51931.7,240,51947.95,30,0,18750
BANKNIFTY-III.NFO,02/04/2025,09:42:46,51932.7,51933.45,240,51948,30,0,18750
BANKNIFTY-III.NFO,02/04/2025,09:42:48,51932.7,51932.45,240,51948,30,0,18750
BANKNIFTY-III.NFO,02/04/2025,09:42:50,51932.7,51931.05,30,51947.95,90,0,18750
BANKNIFTY-III.NFO,02/04/2025,09:42:51,51932.7,51932.85,240,51948,30,0,18750
BANKNIFTY-III.NFO,02/04/2025,09:42:53,51932.7,51935.95,240,51948,30,0,18750
BANKNIFTY-III.NFO,02/04/2025,09:42:55,51932.7,51936.05,240,51948,30,0,18750
BANKNIFTY-III.NFO,02/04/2025,09:42:56,51932.7,51938,240,51948,30,0,18750
BANKNIFTY-III.NFO,02/04/2025,09:42:58,51932.7,51939.1,30,51948,30,0,18750
BANKNIFTY-III.NFO,02/04/2025,09:43:00,51932.7,51939.1,30,51947.95,60,0,18750
BANKNIFTY-III.NFO,02/04/2025,09:43:01,51932.7,51939.1,30,51948,30,0,18750
BANKNIFTY-III.NFO,02/04/2025,09:43:05,51932.7,51939.1,30,51947.95,60,0,18750
BANKNIFTY-III.NFO,02/04/2025,09:43:06,51932.7,51939.1,30,51948,30,0,18750
BANKNIFTY-III.NFO,02/04/2025,09:43:08,51932.7,51939.1,30,51947.95,60,0,18750
BANKNIFTY-III.NFO,02/04/2025,09:43:10,51932.7,51931.4,90,51947.95,90,0,18750
BANKNIFTY-III.NFO,02/04/2025,09:43:11,51932.7,51931.4,30,51947.95,90,0,18750
BANKNIFTY-III.NFO,02/04/2025,09:43:23,51932.7,51921,30,51937.9,60,0,18750
BANKNIFTY-III.NFO,02/04/2025,09:43:24,51932.7,51912,30,51937.9,60,0,18750
BANKNIFTY-III.NFO,02/04/2025,09:43:26,51932.7,51904.85,30,51927.7,60,0,18750
BANKNIFTY-III.NFO,02/04/2025,09:43:28,51932.7,51901.3,30,51927.7,60,0,18750
BANKNIFTY-III.NFO,02/04/2025,09:43:29,51932.7,51901.85,30,51927.7,60,0,18750
BANKNIFTY-III.NFO,02/04/2025,09:43:31,51932.7,51906.7,30,51930.65,60,0,18750
BANKNIFTY-III.NFO,02/04/2025,09:43:33,51932.7,51903.15,30,51930.65,60,0,18750
BANKNIFTY-III.NFO,02/04/2025,09:43:35,51932.7,51900.05,30,51926.9,60,0,18750
BANKNIFTY-III.NFO,02/04/2025,09:43:36,51932.7,51900,30,51917.05,60,0,18750
BANKNIFTY-III.NFO,02/04/2025,09:43:41,51932.7,51900,30,51916.3,60,0,18750
BANKNIFTY-III.NFO,02/04/2025,09:43:43,51932.7,51900,30,51916.3,120,0,18750
BANKNIFTY-III.NFO,02/04/2025,09:43:45,51932.7,51900,30,51909.45,90,0,18750
BANKNIFTY-III.NFO,02/04/2025,09:43:48,51932.7,51900,30,51913.3,60,0,18750
BANKNIFTY-III.NFO,02/04/2025,09:43:50,51932.7,51900,30,51916.3,60,0,18750
BANKNIFTY-III.NFO,02/04/2025,09:43:51,51932.7,51900,30,51914.85,90,0,18750
BANKNIFTY-III.NFO,02/04/2025,09:43:53,51900,51883.3,30,51903.95,90,30,18750
BANKNIFTY-III.NFO,02/04/2025,09:43:55,51900,51883.3,60,51903.9,60,0,18750
BANKNIFTY-III.NFO,02/04/2025,09:43:56,51900,51883.3,30,51903.9,60,0,18750
BANKNIFTY-III.NFO,02/04/2025,09:43:58,51900,51881.85,60,51906.45,60,0,18750
BANKNIFTY-III.NFO,02/04/2025,09:44:00,51900,51881.85,30,51905.05,90,0,18750
BANKNIFTY-III.NFO,02/04/2025,09:44:01,51877.6,51877.6,30,51905,60,30,18750
BANKNIFTY-III.NFO,02/04/2025,09:44:03,51877.6,51879.85,30,51900,30,0,18750
BANKNIFTY-III.NFO,02/04/2025,09:44:05,51877.6,51882.15,30,51900,30,0,18750
BANKNIFTY-III.NFO,02/04/2025,09:44:06,51877.6,51880.3,240,51900,60,0,18750
BANKNIFTY-III.NFO,02/04/2025,09:44:08,51877.6,51880.95,270,51900,60,0,18750
BANKNIFTY-III.NFO,02/04/2025,09:44:10,51877.6,51879.8,30,51899.95,60,0,18750
BANKNIFTY-III.NFO,02/04/2025,09:44:11,51877.6,51879.8,30,51898.45,60,0,18750
BANKNIFTY-III.NFO,02/04/2025,09:44:13,51877.6,51867.55,30,51895.65,60,0,18750
BANKNIFTY-III.NFO,02/04/2025,09:44:15,51877.6,51867.55,60,51890.6,60,0,18750
BANKNIFTY-III.NFO,02/04/2025,09:44:17,51877.6,51867.55,30,51890.25,60,0,18750
BANKNIFTY-III.NFO,02/04/2025,09:44:18,51877.6,51859.1,30,51885.4,60,0,18750
BANKNIFTY-III.NFO,02/04/2025,09:44:20,51877.6,51859.25,30,51883.35,120,0,18750
BANKNIFTY-III.NFO,02/04/2025,09:44:22,51877.6,51862.65,30,51890.25,60,0,18750
BANKNIFTY-III.NFO,02/04/2025,09:44:25,51877.6,51866.9,30,51890.6,60,0,18750
BANKNIFTY-III.NFO,02/04/2025,09:44:27,51877.6,51862.65,60,51885.75,60,0,18750
BANKNIFTY-III.NFO,02/04/2025,09:44:30,51877.6,51857.4,30,51877.6,60,0,18750
BANKNIFTY-III.NFO,02/04/2025,09:44:32,51882.2,51857.45,30,51882.2,30,30,18750
BANKNIFTY-III.NFO,02/04/2025,09:44:33,51882.2,51857.65,30,51885.75,60,0,18750
BANKNIFTY-III.NFO,02/04/2025,09:44:35,51882.2,51866.05,30,51897.7,60,0,18750
BANKNIFTY-III.NFO,02/04/2025,09:44:37,51882.2,51874.5,60,51898.45,60,0,18750
BANKNIFTY-III.NFO,02/04/2025,09:44:38,51882.2,51860.3,30,51890.5,60,0,18750
BANKNIFTY-III.NFO,02/04/2025,09:44:40,51882.2,51861.8,30,51894,60,0,18750
BANKNIFTY-III.NFO,02/04/2025,09:44:42,51882.2,51861.85,30,51894.6,60,0,18750
BANKNIFTY-III.NFO,02/04/2025,09:44:43,51882.2,51864.05,60,51896.5,60,0,18750
BANKNIFTY-III.NFO,02/04/2025,09:44:45,51882.2,51859.55,30,51891.05,60,0,18750
BANKNIFTY-III.NFO,02/04/2025,09:44:47,51882.2,51863.9,30,51894.75,60,0,18750
BANKNIFTY-III.NFO,02/04/2025,09:44:48,51882.2,51865.05,30,51898.45,60,0,18750
BANKNIFTY-III.NFO,02/04/2025,09:44:50,51882.2,51865.25,30,51891.1,60,0,18750
BANKNIFTY-III.NFO,02/04/2025,09:44:52,51882.2,51865.35,30,51898.45,60,0,18750
BANKNIFTY-III.NFO,02/04/2025,09:44:53,51882.2,51859.1,30,51882.15,90,0,18750
BANKNIFTY-III.NFO,02/04/2025,09:44:55,51882.2,51859.5,30,51882.15,90,0,18750
BANKNIFTY-III.NFO,02/04/2025,09:44:57,51882.2,51856.05,30,51881.3,60,0,18750
BANKNIFTY-III.NFO,02/04/2025,09:44:58,51882.2,51856,30,51872.05,90,0,18750
BANKNIFTY-III.NFO,02/04/2025,09:45:00,51882.2,51856.05,60,51876.45,90,0,18750
BANKNIFTY-III.NFO,02/04/2025,09:45:02,51882.2,51856.05,60,51880,60,0,18750
BANKNIFTY-III.NFO,02/04/2025,09:45:03,51882.2,51856.05,30,51874.4,90,0,18750
BANKNIFTY-III.NFO,02/04/2025,09:45:05,51882.2,51856,30,51874.4,90,0,18750
BANKNIFTY-III.NFO,02/04/2025,09:45:07,51882.2,51856,30,51871.7,90,0,18750
BANKNIFTY-III.NFO,02/04/2025,09:45:08,51882.2,51856,30,51866.75,90,0,18750
BANKNIFTY-III.NFO,02/04/2025,09:45:10,51882.2,51856,30,51867.3,90,0,18750
BANKNIFTY-III.NFO,02/04/2025,09:45:12,51882.2,51856,30,51865.7,90,0,18750
BANKNIFTY-III.NFO,02/04/2025,09:45:13,51882.2,51856,30,51865.4,90,0,18750
BANKNIFTY-III.NFO,02/04/2025,09:45:15,51882.2,51856,30,51869.25,60,0,18750
BANKNIFTY-III.NFO,02/04/2025,09:45:17,51882.2,51856,30,51868.1,90,0,18750
BANKNIFTY-III.NFO,02/04/2025,09:45:18,51856,51837.25,60,51856,30,30,18750
BANKNIFTY-III.NFO,02/04/2025,09:45:20,51856,51835.35,60,51855.95,90,0,18750
BANKNIFTY-III.NFO,02/04/2025,09:45:22,51856,51835.55,60,51855.95,90,0,18750
BANKNIFTY-III.NFO,02/04/2025,09:45:25,51856,51830.45,30,51855.95,90,0,18750
BANKNIFTY-III.NFO,02/04/2025,09:45:27,51856,51830.5,30,51848.45,90,0,18750
BANKNIFTY-III.NFO,02/04/2025,09:45:28,51856,51817.7,30,51844.3,60,0,18750
BANKNIFTY-III.NFO,02/04/2025,09:45:30,51856,51810.1,30,51838.2,60,0,18750
BANKNIFTY-III.NFO,02/04/2025,09:45:32,51856,51810.1,30,51831.05,90,0,18750
BANKNIFTY-III.NFO,02/04/2025,09:45:33,51856,51795.15,30,51825.55,90,0,18750
BANKNIFTY-III.NFO,02/04/2025,09:45:35,51856,51790.95,30,51822.3,60,0,18750
BANKNIFTY-III.NFO,02/04/2025,09:45:37,51856,51793.65,30,51824,60,0,18750
BANKNIFTY-III.NFO,02/04/2025,09:45:38,51856,51796,30,51825.5,60,0,18750
BANKNIFTY-III.NFO,02/04/2025,09:45:40,51856,51794.55,30,51825.5,60,0,18750
BANKNIFTY-III.NFO,02/04/2025,09:45:42,51856,51797,30,51825.5,60,0,18750
BANKNIFTY-III.NFO,02/04/2025,09:45:44,51856,51797.25,30,51828.4,60,0,18750
BANKNIFTY-III.NFO,02/04/2025,09:45:45,51856,51799.3,30,51828.3,60,0,18750
BANKNIFTY-III.NFO,02/04/2025,09:45:47,51856,51791.2,30,51818.85,60,0,18750
BANKNIFTY-III.NFO,02/04/2025,09:45:49,51856,51789.6,30,51818.6,60,0,18750
BANKNIFTY-III.NFO,02/04/2025,09:45:50,51856,51764.15,30,51805.4,90,0,18750
BANKNIFTY-III.NFO,02/04/2025,09:45:52,51856,51763.6,30,51787.35,30,0,18750
BANKNIFTY-III.NFO,02/04/2025,09:45:54,51856,51763.7,30,51795.6,60,0,18750
BANKNIFTY-III.NFO,02/04/2025,09:45:55,51856,51764.1,30,51795.6,60,0,18750
BANKNIFTY-III.NFO,02/04/2025,09:45:57,51856,51764.7,30,51795.75,60,0,18750
BANKNIFTY-III.NFO,02/04/2025,09:45:59,51856,51772.15,30,51802.75,60,0,18750
BANKNIFTY-III.NFO,02/04/2025,09:46:00,51856,51768.2,30,51802.6,60,0,18750
BANKNIFTY-III.NFO,02/04/2025,09:46:02,51856,51768.95,30,51801.7,60,0,18750
BANKNIFTY-III.NFO,02/04/2025,09:46:04,51856,51773,30,51803.8,60,0,18750
BANKNIFTY-III.NFO,02/04/2025,09:46:05,51856,51783.85,30,51827.85,60,0,18750
BANKNIFTY-III.NFO,02/04/2025,09:46:07,51856,51782.25,30,51817.6,60,0,18750
BANKNIFTY-III.NFO,02/04/2025,09:46:09,51783,51782.95,30,51831,60,30,18750
BANKNIFTY-III.NFO,02/04/2025,09:46:10,51783,51784.45,240,51813.1,60,0,18750
BANKNIFTY-III.NFO,02/04/2025,09:46:12,51783,51775.65,30,51816.35,60,0,18750
BANKNIFTY-III.NFO,02/04/2025,09:46:14,51783,51766.55,30,51802.5,60,0,18750
BANKNIFTY-III.NFO,02/04/2025,09:46:15,51783,51789,30,51799.5,60,0,18750
BANKNIFTY-III.NFO,02/04/2025,09:46:17,51783,51789,30,51798.2,90,0,18750
BANKNIFTY-III.NFO,02/04/2025,09:46:18,51783,51789,30,51799.75,90,0,18750
BANKNIFTY-III.NFO,02/04/2025,09:46:20,51783,51789,30,51792.4,90,0,18750
BANKNIFTY-III.NFO,02/04/2025,09:46:22,51789,51767.55,60,51792.3,60,30,18750
BANKNIFTY-III.NFO,02/04/2025,09:46:23,51789,51767.85,30,51804.55,60,0,18750
BANKNIFTY-III.NFO,02/04/2025,09:46:27,51789,51776.3,240,51804.6,30,0,18750
BANKNIFTY-III.NFO,02/04/2025,09:46:28,51789,51783.9,30,51818.15,60,0,18750
BANKNIFTY-III.NFO,02/04/2025,09:46:30,51789,51785.4,240,51818.5,60,0,18750
BANKNIFTY-III.NFO,02/04/2025,09:46:32,51789,51785.2,30,51817.95,60,0,18750
BANKNIFTY-III.NFO,02/04/2025,09:46:33,51789,51785.35,240,51821.35,60,0,18750
BANKNIFTY-III.NFO,02/04/2025,09:46:35,51789,51785.2,30,51814,60,0,18750
BANKNIFTY-III.NFO,02/04/2025,09:46:37,51789,51785.2,30,51813.35,60,0,18750
BANKNIFTY-III.NFO,02/04/2025,09:46:38,51789,51772.35,30,51799.65,60,0,18750
BANKNIFTY-III.NFO,02/04/2025,09:46:40,51789,51772.35,30,51794.6,90,0,18750
BANKNIFTY-III.NFO,02/04/2025,09:46:42,51789,51772.35,60,51794.6,30,0,18750
BANKNIFTY-III.NFO,02/04/2025,09:46:45,51789,51772.35,60,51801.45,60,0,18750
BANKNIFTY-III.NFO,02/04/2025,09:46:47,51789,51767.55,30,51793.95,60,0,18750
BANKNIFTY-III.NFO,02/04/2025,09:46:48,51789,51767.55,30,51802.55,60,0,18750
BANKNIFTY-III.NFO,02/04/2025,09:46:50,51789,51767.55,60,51806.6,60,0,18750
BANKNIFTY-III.NFO,02/04/2025,09:46:52,51789,51786.5,240,51823.05,60,0,18750
BANKNIFTY-III.NFO,02/04/2025,09:46:53,51789,51780.55,30,51820.75,60,0,18750
BANKNIFTY-III.NFO,02/04/2025,09:46:55,51789,51780.1,30,51831,60,0,18750
BANKNIFTY-III.NFO,02/04/2025,09:46:57,51789,51779.05,30,51813.6,60,0,18750
BANKNIFTY-III.NFO,02/04/2025,09:46:58,51789,51783.9,30,51816.05,60,0,18750
BANKNIFTY-III.NFO,02/04/2025,09:47:00,51789,51789.05,240,51822.8,60,0,18750
BANKNIFTY-III.NFO,02/04/2025,09:47:02,51789,51803.65,30,51831,60,0,18750
BANKNIFTY-III.NFO,02/04/2025,09:47:03,51789,51804.45,30,51835.95,60,0,18750
BANKNIFTY-III.NFO,02/04/2025,09:47:05,51797.55,51795.15,30,51842.15,60,30,18750
BANKNIFTY-III.NFO,02/04/2025,09:47:07,51797.55,51798.2,210,51835.85,60,0,18750
BANKNIFTY-III.NFO,02/04/2025,09:47:08,51797.55,51790.8,210,51829.6,60,0,18750
BANKNIFTY-III.NFO,02/04/2025,09:47:10,51797.55,51793.35,210,51823.65,60,0,18750
BANKNIFTY-III.NFO,02/04/2025,09:47:12,51797.55,51792.2,210,51825.55,60,0,18750
BANKNIFTY-III.NFO,02/04/2025,09:47:13,51797.55,51793.5,30,51826.6,60,0,18750
BANKNIFTY-III.NFO,02/04/2025,09:47:15,51797.55,51787,210,51818.65,60,0,18750
BANKNIFTY-III.NFO,02/04/2025,09:47:17,51797.55,51787.05,30,51816.55,60,0,18750
BANKNIFTY-III.NFO,02/04/2025,09:47:19,51797.55,51787.05,30,51823.55,60,0,18750
BANKNIFTY-III.NFO,02/04/2025,09:47:20,51797.55,51797.75,210,51832.05,60,0,18750
BANKNIFTY-III.NFO,02/04/2025,09:47:22,51797.55,51799.05,210,51831.2,60,0,18750
BANKNIFTY-III.NFO,02/04/2025,09:47:24,51797.55,51791.85,30,51828.65,60,0,18750
BANKNIFTY-III.NFO,02/04/2025,09:47:25,51797.55,51790.55,30,51821.95,60,0,18750
BANKNIFTY-III.NFO,02/04/2025,09:47:27,51797.55,51780.05,30,51823,60,0,18750
BANKNIFTY-III.NFO,02/04/2025,09:47:29,51797.55,51786.05,210,51814.45,60,0,18750
BANKNIFTY-III.NFO,02/04/2025,09:47:30,51797.55,51786.2,30,51821,60,0,18750
BANKNIFTY-III.NFO,02/04/2025,09:47:32,51797.55,51788.85,30,51824.1,60,0,18750
BANKNIFTY-III.NFO,02/04/2025,09:47:34,51797.55,51789.6,30,51822.25,60,0,18750
BANKNIFTY-III.NFO,02/04/2025,09:47:35,51797.55,51789.85,30,51818.3,60,0,18750
BANKNIFTY-III.NFO,02/04/2025,09:47:37,51797.55,51797.55,30,51811.75,60,0,18750
BANKNIFTY-III.NFO,02/04/2025,09:47:39,51797.55,51797.55,30,51806.95,60,0,18750
BANKNIFTY-III.NFO,02/04/2025,09:47:40,51797.55,51797.55,30,51812.95,60,0,18750
BANKNIFTY-III.NFO,02/04/2025,09:47:42,51797.55,51797.55,30,51813.25,90,0,18750
BANKNIFTY-III.NFO,02/04/2025,09:47:44,51797.55,51797.55,30,51815.4,90,0,18750
BANKNIFTY-III.NFO,02/04/2025,09:47:45,51797.55,51797.55,30,51811.45,60,0,18750
BANKNIFTY-III.NFO,02/04/2025,09:47:47,51797.55,51797.55,30,51809.9,90,0,18750
BANKNIFTY-III.NFO,02/04/2025,09:47:49,51797.55,51797.55,30,51804.7,90,0,18750
BANKNIFTY-III.NFO,02/04/2025,09:47:50,51797.55,51780,30,51802.6,90,30,18750
BANKNIFTY-III.NFO,02/04/2025,09:47:52,51797.55,51780,60,51802.6,30,0,18750
BANKNIFTY-III.NFO,02/04/2025,09:47:54,51797.55,51780,60,51805.2,60,0,18750
BANKNIFTY-III.NFO,02/04/2025,09:47:55,51797.55,51780.05,90,51803.6,90,0,18750
BANKNIFTY-III.NFO,02/04/2025,09:47:57,51797.55,51780.1,30,51810.65,30,0,18750
BANKNIFTY-III.NFO,02/04/2025,09:47:59,51797.55,51781.75,210,51813.2,60,0,18750
BANKNIFTY-III.NFO,02/04/2025,09:48:00,51797.55,51780,90,51802.85,30,0,18750
BANKNIFTY-III.NFO,02/04/2025,09:48:02,51797.55,51780,90,51802.8,90,0,18750
BANKNIFTY-III.NFO,02/04/2025,09:48:04,51797.55,51780,60,51797.1,90,0,18750
BANKNIFTY-III.NFO,02/04/2025,09:48:05,51797.55,51780,60,51797,90,0,18750
BANKNIFTY-III.NFO,02/04/2025,09:48:07,51797.55,51780,60,51792.65,90,0,18750
BANKNIFTY-III.NFO,02/04/2025,09:48:09,51797.55,51780,60,51793.45,90,0,18750
BANKNIFTY-III.NFO,02/04/2025,09:48:10,51797.55,51780,60,51792.6,90,0,18750
BANKNIFTY-III.NFO,02/04/2025,09:48:12,51797.55,51780,60,51789.7,90,0,18750
BANKNIFTY-III.NFO,02/04/2025,09:48:14,51797.55,51780,60,51790.1,90,0,18750
BANKNIFTY-III.NFO,02/04/2025,09:48:15,51797.55,51780,60,51783.3,60,0,18750
BANKNIFTY-III.NFO,02/04/2025,09:48:17,51780,51756.75,30,51782.6,60,60,18750
BANKNIFTY-III.NFO,02/04/2025,09:48:18,51780,51752.8,30,51780.45,90,0,18750
BANKNIFTY-III.NFO,02/04/2025,09:48:20,51780,51748.8,30,51775.05,60,0,18750
BANKNIFTY-III.NFO,02/04/2025,09:48:22,51780,51748.8,30,51776.8,60,0,18750
BANKNIFTY-III.NFO,02/04/2025,09:48:23,51780,51748.8,30,51773.75,90,0,18750
BANKNIFTY-III.NFO,02/04/2025,09:48:25,51780,51747.35,60,51771.4,90,0,18750
BANKNIFTY-III.NFO,02/04/2025,09:48:27,51780,51742.05,30,51766.85,60,0,18750
BANKNIFTY-III.NFO,02/04/2025,09:48:28,51780,51742.6,60,51766.65,90,0,18750
BANKNIFTY-III.NFO,02/04/2025,09:48:30,51780,51741.25,30,51765.25,90,0,18750
BANKNIFTY-III.NFO,02/04/2025,09:48:32,51741.25,51722.7,30,51751.25,60,30,18750
BANKNIFTY-III.NFO,02/04/2025,09:48:33,51741.25,51724.75,210,51756.9,60,0,18750
BANKNIFTY-III.NFO,02/04/2025,09:48:35,51741.25,51730.8,30,51765.2,60,0,18750
BANKNIFTY-III.NFO,02/04/2025,09:48:37,51741.25,51741.95,210,51771.35,60,0,18750
BANKNIFTY-III.NFO,02/04/2025,09:48:38,51741.25,51736.95,210,51771.35,60,0,18750
BANKNIFTY-III.NFO,02/04/2025,09:48:40,51741.25,51737.35,30,51770.3,60,0,18750
BANKNIFTY-III.NFO,02/04/2025,09:48:42,51741.25,51743.55,30,51776.25,60,0,18750
BANKNIFTY-III.NFO,02/04/2025,09:48:43,51741.25,51750.75,210,51780.4,60,0,18750
BANKNIFTY-III.NFO,02/04/2025,09:48:45,51741.25,51750.2,210,51780.4,60,0,18750
BANKNIFTY-III.NFO,02/04/2025,09:48:47,51741.25,51746.7,210,51781.05,60,0,18750
BANKNIFTY-III.NFO,02/04/2025,09:48:48,51741.25,51750.65,210,51780.7,60,0,18750
BANKNIFTY-III.NFO,02/04/2025,09:48:50,51741.25,51751.5,210,51781.1,60,0,18750
BANKNIFTY-III.NFO,02/04/2025,09:48:52,51741.25,51762.15,30,51785.45,60,0,18750
BANKNIFTY-III.NFO,02/04/2025,09:48:53,51741.25,51762.15,30,51788.2,60,0,18750
BANKNIFTY-III.NFO,02/04/2025,09:48:55,51741.25,51762.15,30,51791.35,60,0,18750
BANKNIFTY-III.NFO,02/04/2025,09:48:57,51741.25,51762.15,30,51794.05,60,0,18750
BANKNIFTY-III.NFO,02/04/2025,09:48:58,51741.25,51768.05,210,51796.35,60,0,18750
BANKNIFTY-III.NFO,02/04/2025,09:49:00,51741.25,51765.85,210,51796.35,60,0,18750
BANKNIFTY-III.NFO,02/04/2025,09:49:02,51741.25,51765.95,30,51796.35,60,0,18750
BANKNIFTY-III.NFO,02/04/2025,09:49:03,51741.25,51762.15,30,51791.65,60,0,18750
BANKNIFTY-III.NFO,02/04/2025,09:49:05,51741.25,51762.2,30,51795.3,60,0,18750
BANKNIFTY-III.NFO,02/04/2025,09:49:07,51741.25,51762.15,30,51789.55,60,0,18750
BANKNIFTY-III.NFO,02/04/2025,09:49:08,51761.7,51754.7,30,51780.85,90,30,18750
BANKNIFTY-III.NFO,02/04/2025,09:49:10,51754.85,51754.8,30,51779.6,60,30,18750
BANKNIFTY-III.NFO,02/04/2025,09:49:12,51754.85,51754.8,60,51775.8,90,0,18750
BANKNIFTY-III.NFO,02/04/2025,09:49:13,51754.85,51754.8,30,51774.7,90,0,18750
BANKNIFTY-III.NFO,02/04/2025,09:49:15,51754.85,51754.8,30,51772.95,90,0,18750
BANKNIFTY-III.NFO,02/04/2025,09:49:17,51754.85,51747.15,30,51772.2,90,0,18750
BANKNIFTY-III.NFO,02/04/2025,09:49:18,51754.85,51747.45,30,51775.45,60,0,18750
BANKNIFTY-III.NFO,02/04/2025,09:49:20,51754.85,51743.1,30,51768.35,60,0,18750
BANKNIFTY-III.NFO,02/04/2025,09:49:22,51754.85,51741.6,30,51768.95,60,0,18750
BANKNIFTY-III.NFO,02/04/2025,09:49:23,51754.85,51744.05,240,51772.5,60,0,18750
BANKNIFTY-III.NFO,02/04/2025,09:49:25,51754.85,51746.7,210,51775.45,60,0,18750
BANKNIFTY-III.NFO,02/04/2025,09:49:27,51754.85,51750.85,210,51779.6,60,0,18750
BANKNIFTY-III.NFO,02/04/2025,09:49:28,51751.05,51747.5,180,51779.6,60,30,18750
BANKNIFTY-III.NFO,02/04/2025,09:49:30,51751.05,51744.65,30,51776.1,60,0,18750
BANKNIFTY-III.NFO,02/04/2025,09:49:32,51751.05,51745.05,180,51773.75,60,0,18750
BANKNIFTY-III.NFO,02/04/2025,09:49:33,51751.05,51744.8,30,51777.9,60,0,18750
BANKNIFTY-III.NFO,02/04/2025,09:49:35,51751.05,51747.5,180,51777.85,60,0,18750
BANKNIFTY-III.NFO,02/04/2025,09:49:37,51751.05,51746.2,180,51777.35,60,0,18750
BANKNIFTY-III.NFO,02/04/2025,09:49:38,51751.05,51744.05,30,51776.9,60,0,18750
BANKNIFTY-III.NFO,02/04/2025,09:49:40,51751.05,51744.05,30,51772.4,60,0,18750
BANKNIFTY-III.NFO,02/04/2025,09:49:42,51751.05,51744.1,30,51772.2,60,0,18750
BANKNIFTY-III.NFO,02/04/2025,09:49:43,51751.05,51744.1,30,51776.45,60,0,18750
BANKNIFTY-III.NFO,02/04/2025,09:49:45,51751.05,51745.7,30,51779.3,60,0,18750
BANKNIFTY-III.NFO,02/04/2025,09:49:47,51751.05,51751.95,180,51780.8,60,0,18750
BANKNIFTY-III.NFO,02/04/2025,09:49:48,51751.05,51752.9,30,51780.8,60,0,18750
BANKNIFTY-III.NFO,02/04/2025,09:49:50,51751.05,51744.05,30,51770.35,60,0,18750
BANKNIFTY-III.NFO,02/04/2025,09:49:52,51751.05,51744.05,30,51780.8,60,0,18750
BANKNIFTY-III.NFO,02/04/2025,09:49:53,51751.05,51744.45,180,51778.1,60,0,18750
BANKNIFTY-III.NFO,02/04/2025,09:49:55,51751.05,51744.05,30,51773.85,60,0,18750
BANKNIFTY-III.NFO,02/04/2025,09:49:57,51751.05,51744.05,30,51767.3,90,0,18750
BANKNIFTY-III.NFO,02/04/2025,09:49:59,51751.05,51744.05,30,51770.2,60,0,18750
BANKNIFTY-III.NFO,02/04/2025,09:50:00,51751.05,51742.85,30,51762.35,90,0,18750
BANKNIFTY-III.NFO,02/04/2025,09:50:02,51751.05,51741.9,60,51766.75,90,0,18750
BANKNIFTY-III.NFO,02/04/2025,09:50:04,51751.05,51741.9,60,51763.75,90,0,18750
BANKNIFTY-III.NFO,02/04/2025,09:50:05,51751.05,51741.9,30,51763.75,90,0,18750
BANKNIFTY-III.NFO,02/04/2025,09:50:07,51751.05,51741.9,30,51761.4,90,0,18750
BANKNIFTY-III.NFO,02/04/2025,09:50:10,51751.05,51741.9,30,51759.8,90,0,18750
BANKNIFTY-III.NFO,02/04/2025,09:50:12,51751.05,51741.9,60,51762.75,90,0,18750
BANKNIFTY-III.NFO,02/04/2025,09:50:14,51751.05,51741.9,30,51761.25,90,0,18750
BANKNIFTY-III.NFO,02/04/2025,09:50:15,51751.05,51741.9,60,51768.8,60,0,18750
BANKNIFTY-III.NFO,02/04/2025,09:50:17,51751.05,51741.9,60,51765.5,90,0,18750
BANKNIFTY-III.NFO,02/04/2025,09:50:19,51751.05,51741.9,60,51767.15,60,0,18750
BANKNIFTY-III.NFO,02/04/2025,09:50:20,51751.05,51741.9,60,51765.9,90,0,18750
BANKNIFTY-III.NFO,02/04/2025,09:50:22,51751.05,51742.6,30,51777.75,60,0,18750
BANKNIFTY-III.NFO,02/04/2025,09:50:24,51751.05,51747.2,180,51776.65,60,0,18750
BANKNIFTY-III.NFO,02/04/2025,09:50:25,51751.05,51746.3,180,51775.75,60,0,18750
BANKNIFTY-III.NFO,02/04/2025,09:50:27,51751.05,51753.3,180,51780.2,60,0,18750
BANKNIFTY-III.NFO,02/04/2025,09:50:29,51751.05,51748.55,180,51776.1,60,0,18750
BANKNIFTY-III.NFO,02/04/2025,09:50:30,51751.05,51751.1,180,51778.95,60,0,18750
BANKNIFTY-III.NFO,02/04/2025,09:50:32,51751.05,51750.25,30,51775.05,90,0,18750
BANKNIFTY-III.NFO,02/04/2025,09:50:34,51751.05,51751.65,30,51780.7,60,0,18750
BANKNIFTY-III.NFO,02/04/2025,09:50:35,51751.05,51752.75,180,51780.8,60,0,18750
BANKNIFTY-III.NFO,02/04/2025,09:50:37,51751.05,51751.2,180,51777.25,60,0,18750
BANKNIFTY-III.NFO,02/04/2025,09:50:39,51751.05,51745.9,60,51769.35,90,0,18750
BANKNIFTY-III.NFO,02/04/2025,09:50:40,51751.05,51745.9,60,51779.85,60,0,18750
BANKNIFTY-III.NFO,02/04/2025,09:50:42,51751.05,51757.7,180,51783.55,60,0,18750
BANKNIFTY-III.NFO,02/04/2025,09:50:44,51751.05,51758.85,30,51784.45,60,0,18750
BANKNIFTY-III.NFO,02/04/2025,09:50:45,51751.05,51752.25,180,51782.2,60,0,18750
BANKNIFTY-III.NFO,02/04/2025,09:50:47,51751.05,51752,30,51779.9,60,0,18750
BANKNIFTY-III.NFO,02/04/2025,09:50:49,51751.05,51752,30,51781.9,60,0,18750
BANKNIFTY-III.NFO,02/04/2025,09:50:50,51751.05,51752.05,30,51777.75,60,0,18750
BANKNIFTY-III.NFO,02/04/2025,09:50:52,51751.05,51752,30,51766.2,60,0,18750
BANKNIFTY-III.NFO,02/04/2025,09:50:54,51751.05,51752,30,51772.95,90,0,18750
BANKNIFTY-III.NFO,02/04/2025,09:50:55,51751.05,51752,60,51774.8,90,0,18750
BANKNIFTY-III.NFO,02/04/2025,09:50:57,51751.05,51752,30,51769.2,90,0,18750
BANKNIFTY-III.NFO,02/04/2025,09:50:59,51751.05,51752,30,51772.1,60,0,18750
BANKNIFTY-III.NFO,02/04/2025,09:51:00,51751.05,51752,30,51764.85,90,0,18750
BANKNIFTY-III.NFO,02/04/2025,09:51:02,51751.05,51752,30,51770.1,90,0,18750
BANKNIFTY-III.NFO,02/04/2025,09:51:04,51751.05,51752,60,51772.95,90,0,18750
BANKNIFTY-III.NFO,02/04/2025,09:51:05,51751.05,51752,60,51774.95,90,0,18750
BANKNIFTY-III.NFO,02/04/2025,09:51:07,51751.05,51752,60,51774.9,60,0,18750
BANKNIFTY-III.NFO,02/04/2025,09:51:09,51751.05,51752,60,51777.9,60,0,18750
BANKNIFTY-III.NFO,02/04/2025,09:51:14,51777.95,51752.05,60,51777.8,60,90,18750
BANKNIFTY-III.NFO,02/04/2025,09:51:15,51777.95,51752.05,60,51780.45,60,0,18750
BANKNIFTY-III.NFO,02/04/2025,09:51:17,51777.95,51752.05,60,51779.05,60,0,18750
BANKNIFTY-III.NFO,02/04/2025,09:51:19,51777.95,51752.05,90,51773.3,90,0,18750
BANKNIFTY-III.NFO,02/04/2025,09:51:20,51777.95,51752,30,51763.3,60,0,18750
BANKNIFTY-III.NFO,02/04/2025,09:51:24,51777.95,51752,30,51771.6,90,0,18750
BANKNIFTY-III.NFO,02/04/2025,09:51:25,51777.95,51752,30,51765.9,60,0,18750
BANKNIFTY-III.NFO,02/04/2025,09:51:27,51777.95,51752,30,51764.1,60,0,18750
BANKNIFTY-III.NFO,02/04/2025,09:51:29,51777.95,51752,30,51770.65,60,0,18750
BANKNIFTY-III.NFO,02/04/2025,09:51:30,51777.95,51752,30,51769.1,90,0,18750
BANKNIFTY-III.NFO,02/04/2025,09:51:32,51777.95,51752,30,51769.35,90,0,18750
BANKNIFTY-III.NFO,02/04/2025,09:51:34,51777.95,51752,30,51768.7,90,0,18750
BANKNIFTY-III.NFO,02/04/2025,09:51:35,51777.95,51752.05,90,51774.8,60,0,18750
BANKNIFTY-III.NFO,02/04/2025,09:51:37,51777.95,51752.05,90,51773.4,90,0,18750
BANKNIFTY-III.NFO,02/04/2025,09:51:39,51777.95,51752.05,90,51771.85,90,0,18750
BANKNIFTY-III.NFO,02/04/2025,09:51:40,51777.95,51752.05,90,51776.95,60,0,18750
BANKNIFTY-III.NFO,02/04/2025,09:51:42,51777.95,51752.05,90,51774.15,90,0,18750
BANKNIFTY-III.NFO,02/04/2025,09:51:44,51777.95,51752.05,60,51771.3,90,0,18750
BANKNIFTY-III.NFO,02/04/2025,09:51:45,51777.95,51752,30,51766.05,60,0,18750
BANKNIFTY-III.NFO,02/04/2025,09:51:47,51777.95,51752,30,51764.5,60,0,18750
BANKNIFTY-III.NFO,02/04/2025,09:51:49,51777.95,51752,30,51764.5,90,0,18750
BANKNIFTY-III.NFO,02/04/2025,09:51:50,51750,51729.25,90,51752.35,60,90,18720
BANKNIFTY-III.NFO,02/04/2025,09:51:52,51750,51721.9,60,51752.35,60,0,18720
BANKNIFTY-III.NFO,02/04/2025,09:51:54,51750,51715.05,60,51740.8,60,0,18720
BANKNIFTY-III.NFO,02/04/2025,09:51:59,51750,51717.6,60,51752.35,60,0,18720
BANKNIFTY-III.NFO,02/04/2025,09:52:00,51750,51723.5,60,51758.3,60,0,18720
BANKNIFTY-III.NFO,02/04/2025,09:52:02,51750,51733.4,60,51764.45,60,0,18720
BANKNIFTY-III.NFO,02/04/2025,09:52:04,51750,51733.4,60,51761.95,60,0,18720
BANKNIFTY-III.NFO,02/04/2025,09:52:06,51750,51733.4,60,51764.45,60,0,18720
BANKNIFTY-III.NFO,02/04/2025,09:52:07,51750,51733.4,60,51758.5,60,0,18720
BANKNIFTY-III.NFO,02/04/2025,09:52:09,51750,51723.25,60,51756.45,90,0,18720
BANKNIFTY-III.NFO,02/04/2025,09:52:11,51750,51727,60,51764.45,60,0,18720
BANKNIFTY-III.NFO,02/04/2025,09:52:12,51750,51726.75,60,51763.55,60,0,18720
BANKNIFTY-III.NFO,02/04/2025,09:52:14,51750,51730.5,60,51763,60,0,18720
BANKNIFTY-III.NFO,02/04/2025,09:52:15,51750,51722.7,60,51760.35,60,0,18720
BANKNIFTY-III.NFO,02/04/2025,09:52:17,51750,51723.7,60,51759.55,60,0,18720
BANKNIFTY-III.NFO,02/04/2025,09:52:19,51750,51726.25,60,51762.6,60,0,18720
BANKNIFTY-III.NFO,02/04/2025,09:52:20,51750,51715.4,60,51762.45,60,0,18720
BANKNIFTY-III.NFO,02/04/2025,09:52:22,51750,51716,60,51749.95,60,0,18720
BANKNIFTY-III.NFO,02/04/2025,09:52:24,51750,51718.85,60,51749.95,60,0,18720
BANKNIFTY-III.NFO,02/04/2025,09:52:25,51750,51719.75,60,51749.95,60,0,18720
BANKNIFTY-III.NFO,02/04/2025,09:52:27,51750,51723.25,60,51749.95,60,0,18720
BANKNIFTY-III.NFO,02/04/2025,09:52:29,51750,51724.05,60,51749.95,60,0,18720
BANKNIFTY-III.NFO,02/04/2025,09:52:30,51750,51720.7,60,51749.95,60,0,18720
BANKNIFTY-III.NFO,02/04/2025,09:52:32,51750,51720.65,60,51750,30,0,18720
BANKNIFTY-III.NFO,02/04/2025,09:52:34,51750,51726.2,60,51751.95,60,0,18720
BANKNIFTY-III.NFO,02/04/2025,09:52:35,51750,51726.1,60,51751.95,60,0,18720
BANKNIFTY-III.NFO,02/04/2025,09:52:40,51750,51723.7,60,51750.2,60,0,18720
BANKNIFTY-III.NFO,02/04/2025,09:52:42,51750,51720.75,60,51746.55,60,0,18720
BANKNIFTY-III.NFO,02/04/2025,09:52:44,51750,51715.45,60,51748.6,60,0,18720
BANKNIFTY-III.NFO,02/04/2025,09:52:45,51750,51715.65,60,51749.95,60,0,18720
BANKNIFTY-III.NFO,02/04/2025,09:52:47,51750,51715.85,60,51747.75,60,0,18720
BANKNIFTY-III.NFO,02/04/2025,09:52:49,51750,51715.95,60,51747.8,60,0,18720
BANKNIFTY-III.NFO,02/04/2025,09:52:50,51750,51716.15,60,51751.95,60,0,18720
BANKNIFTY-III.NFO,02/04/2025,09:52:52,51750,51716.35,60,51751.85,60,0,18720
BANKNIFTY-III.NFO,02/04/2025,09:52:54,51750,51716.55,60,51750.7,60,30,18720
BANKNIFTY-III.NFO,02/04/2025,09:52:55,51750,51716.75,60,51744.9,60,0,18720
BANKNIFTY-III.NFO,02/04/2025,09:52:57,51750,51716.95,60,51746.6,60,0,18720
BANKNIFTY-III.NFO,02/04/2025,09:52:59,51750,51717.05,60,51751.95,60,0,18720
BANKNIFTY-III.NFO,02/04/2025,09:53:00,51750,51726.25,60,51760.75,60,0,18720
BANKNIFTY-III.NFO,02/04/2025,09:53:02,51750,51720.45,60,51760.4,60,0,18720
BANKNIFTY-III.NFO,02/04/2025,09:53:04,51750,51721.05,60,51756.9,60,0,18720
BANKNIFTY-III.NFO,02/04/2025,09:53:05,51750,51723.35,240,51758.45,60,0,18720
BANKNIFTY-III.NFO,02/04/2025,09:53:07,51750,51726.45,60,51760.3,60,0,18720
BANKNIFTY-III.NFO,02/04/2025,09:53:09,51750,51730.35,60,51763.2,60,0,18720
BANKNIFTY-III.NFO,02/04/2025,09:53:10,51750,51729.5,60,51762.25,60,0,18720
BANKNIFTY-III.NFO,02/04/2025,09:53:12,51750,51724.1,60,51759.9,60,0,18720
BANKNIFTY-III.NFO,02/04/2025,09:53:14,51750,51724.3,60,51757.1,60,0,18720
