Ticker,Date,Time,LTP,BuyPrice,BuyQty,SellPrice,SellQty,LTQ,OpenInterest
NIFTY-III.NFO,10/03/2025,09:15:03,22886,22840,150,22862.65,75,1125,612375
NIFTY-III.NFO,10/03/2025,09:15:03,22858.85,22840,150,22862.65,75,0,612375
NIFTY-III.NFO,10/03/2025,09:15:03,22886,22840,150,22862.65,75,0,612375
NIFTY-III.NFO,10/03/2025,09:15:03,22858.85,22840,150,22862.65,75,0,612375
NIFTY-III.NFO,10/03/2025,09:15:04,22862.25,22841.2,150,22861.8,75,150,612375
NIFTY-III.NFO,10/03/2025,09:15:06,22862.25,22839.85,150,22857.95,375,0,612375
NIFTY-III.NFO,10/03/2025,09:15:07,22862.25,22840.35,150,22865.45,375,0,612375
NIFTY-III.NFO,10/03/2025,09:15:09,22862.25,22839.7,150,22857.85,375,0,612375
NIFTY-III.NFO,10/03/2025,09:15:10,22862.25,22846.4,75,22860,375,0,612375
NIFTY-III.NFO,10/03/2025,09:15:12,22864.65,22844.6,150,22860.35,375,75,612375
NIFTY-III.NFO,10/03/2025,09:15:14,22864.65,22847.2,150,22864.65,450,0,612375
NIFTY-III.NFO,10/03/2025,09:15:15,22864.65,22847.85,150,22862.75,375,0,612375
NIFTY-III.NFO,10/03/2025,09:15:17,22864.65,22847.05,150,22862.8,375,0,612375
NIFTY-III.NFO,10/03/2025,09:15:18,22864.65,22850.1,150,22862.85,375,0,612375
NIFTY-III.NFO,10/03/2025,09:15:20,22864.65,22852.4,150,22867.7,375,0,612375
NIFTY-III.NFO,10/03/2025,09:15:21,22864.65,22856.15,150,22871.1,375,0,612375
NIFTY-III.NFO,10/03/2025,09:15:23,22864.65,22859.35,150,22871.1,375,0,612375
NIFTY-III.NFO,10/03/2025,09:15:24,22864.65,22861.1,150,22875.55,75,0,612375
NIFTY-III.NFO,10/03/2025,09:15:25,22864.65,22863.2,150,22879.65,750,0,612375
NIFTY-III.NFO,10/03/2025,09:15:27,22864.65,22862.15,150,22877.25,375,0,612375
NIFTY-III.NFO,10/03/2025,09:15:29,22877.9,22863.05,150,22878.7,375,75,612375
NIFTY-III.NFO,10/03/2025,09:15:30,22877.9,22864.35,150,22881.15,375,0,612375
NIFTY-III.NFO,10/03/2025,09:15:32,22877.9,22867.9,150,22881.1,75,0,612375
NIFTY-III.NFO,10/03/2025,09:15:33,22877.9,22871.5,150,22882.35,75,0,612375
NIFTY-III.NFO,10/03/2025,09:15:35,22877.9,22871.5,150,22881.15,75,0,612375
NIFTY-III.NFO,10/03/2025,09:15:36,22877.9,22873.5,150,22884.1,75,0,612375
NIFTY-III.NFO,10/03/2025,09:15:38,22877.9,22876.6,150,22887.1,75,0,612375
NIFTY-III.NFO,10/03/2025,09:15:39,22877.9,22877.2,150,22887.35,75,0,612375
NIFTY-III.NFO,10/03/2025,09:15:41,22877.9,22885.85,75,22888.35,75,0,612375
NIFTY-III.NFO,10/03/2025,09:15:42,22887.95,22885.85,75,22887.7,375,150,612375
NIFTY-III.NFO,10/03/2025,09:15:42,22888.35,22885.85,75,22887.7,375,0,612375
NIFTY-III.NFO,10/03/2025,09:15:44,22887.95,22885.85,75,22886.6,375,0,612375
NIFTY-III.NFO,10/03/2025,09:15:45,22886.6,22885.85,75,22886.1,525,300,612375
NIFTY-III.NFO,10/03/2025,09:15:47,22886.1,22885.85,75,22886.05,75,225,612375
NIFTY-III.NFO,10/03/2025,09:15:48,22885.95,22880.1,150,22885.85,150,75,612375
NIFTY-III.NFO,10/03/2025,09:15:50,22885.95,22880.15,75,22884.2,75,0,612375
NIFTY-III.NFO,10/03/2025,09:15:53,22885.95,22880.15,75,22883.25,75,0,612375
NIFTY-III.NFO,10/03/2025,09:15:55,22885.95,22880.15,75,22882.3,300,0,612375
NIFTY-III.NFO,10/03/2025,09:15:56,22885.95,22880.15,75,22880.4,300,0,612375
NIFTY-III.NFO,10/03/2025,09:15:58,22880.4,22880.15,75,22880.4,300,75,612375
NIFTY-III.NFO,10/03/2025,09:15:59,22880.1,22879.85,75,22880.4,225,225,612375
NIFTY-III.NFO,10/03/2025,09:16:01,22880.1,22877.9,75,22879.85,150,0,612375
NIFTY-III.NFO,10/03/2025,09:16:02,22877.9,22877.35,75,22879.85,150,75,612375
NIFTY-III.NFO,10/03/2025,09:16:04,22877.35,22877.1,75,22879.85,150,75,612375
NIFTY-III.NFO,10/03/2025,09:16:05,22877.35,22877.1,75,22879.85,150,0,612375
NIFTY-III.NFO,10/03/2025,09:16:07,22877.35,22876.55,75,22879,300,0,612375
NIFTY-III.NFO,10/03/2025,09:16:10,22876.55,22874.55,75,22877,150,75,612375
NIFTY-III.NFO,10/03/2025,09:16:13,22876.55,22874.6,150,22877,150,0,612375
NIFTY-III.NFO,10/03/2025,09:16:16,22874.6,22874.6,150,22877,150,75,612375
NIFTY-III.NFO,10/03/2025,09:16:17,22874.6,22875.4,75,22877,150,0,612375
NIFTY-III.NFO,10/03/2025,09:16:19,22874.6,22876.6,150,22877,150,0,612375
NIFTY-III.NFO,10/03/2025,09:16:21,22877,22876.6,150,22880.4,75,225,612375
NIFTY-III.NFO,10/03/2025,09:16:22,22877,22876.6,150,22880.4,75,0,612375
NIFTY-III.NFO,10/03/2025,09:16:31,22877,22876.6,150,22880,75,0,612375
NIFTY-III.NFO,10/03/2025,09:16:33,22877,22878.35,75,22880,75,0,612375
NIFTY-III.NFO,10/03/2025,09:16:34,22880,22878.4,225,22883,75,75,612375
NIFTY-III.NFO,10/03/2025,09:16:36,22880,22878.4,225,22885,75,0,612375
NIFTY-III.NFO,10/03/2025,09:16:37,22880,22878.45,225,22885,75,0,612375
NIFTY-III.NFO,10/03/2025,09:16:39,22880,22877.15,150,22884.95,150,0,612375
NIFTY-III.NFO,10/03/2025,09:16:41,22880,22878.55,75,22882.3,450,0,612375
NIFTY-III.NFO,10/03/2025,09:16:42,22879,22878.55,75,22882.3,375,75,612150
NIFTY-III.NFO,10/03/2025,09:16:44,22879,22878.55,75,22881.8,75,0,612150
NIFTY-III.NFO,10/03/2025,09:16:45,22879,22878.55,75,22881.8,150,0,612150
NIFTY-III.NFO,10/03/2025,09:16:47,22879,22878.55,75,22881.1,450,0,612150
NIFTY-III.NFO,10/03/2025,09:16:48,22879,22878.55,75,22879,75,0,612150
NIFTY-III.NFO,10/03/2025,09:16:50,22879,22878.6,150,22879,75,0,612150
NIFTY-III.NFO,10/03/2025,09:16:56,22879,22879.35,75,22885,75,75,612150
NIFTY-III.NFO,10/03/2025,09:16:58,22879,22880.3,150,22885,75,0,612150
NIFTY-III.NFO,10/03/2025,09:16:59,22879,22880.4,150,22885,75,0,612150
NIFTY-III.NFO,10/03/2025,09:17:01,22879,22880.35,150,22885.2,225,0,612150
NIFTY-III.NFO,10/03/2025,09:17:02,22879,22879.4,150,22885.15,225,0,612150
NIFTY-III.NFO,10/03/2025,09:17:04,22879,22880,450,22885.15,225,0,612150
NIFTY-III.NFO,10/03/2025,09:17:07,22879,22880,450,22884.5,150,0,612150
NIFTY-III.NFO,10/03/2025,09:17:09,22879,22880,450,22882.5,150,0,612150
NIFTY-III.NFO,10/03/2025,09:17:10,22880,22880,150,22880.45,150,300,612150
NIFTY-III.NFO,10/03/2025,09:17:11,22878.55,22876.3,75,22876.6,300,375,612150
NIFTY-III.NFO,10/03/2025,09:17:13,22875.95,22875.1,75,22876.3,150,225,612150
NIFTY-III.NFO,10/03/2025,09:17:14,22874,22873.45,75,22875.4,75,75,612150
NIFTY-III.NFO,10/03/2025,09:17:16,22874,22872.25,75,22873.5,75,0,612150
NIFTY-III.NFO,10/03/2025,09:17:17,22874,22869.95,75,22871.8,75,0,612150
NIFTY-III.NFO,10/03/2025,09:17:19,22869.3,22869.05,75,22869.75,75,150,612150
NIFTY-III.NFO,10/03/2025,09:17:20,22867.45,22867.05,75,22867.5,450,375,612150
NIFTY-III.NFO,10/03/2025,09:17:22,22866.8,22866.45,75,22866.5,225,225,612150
NIFTY-III.NFO,10/03/2025,09:17:23,22865.5,22864.35,75,22865.1,675,300,612150
NIFTY-III.NFO,10/03/2025,09:17:25,22865.5,22864.1,75,22864.3,375,0,612150
NIFTY-III.NFO,10/03/2025,09:17:26,22863.6,22863.35,75,22863.6,75,150,612150
NIFTY-III.NFO,10/03/2025,09:17:28,22863.6,22862.1,75,22863,450,0,612150
NIFTY-III.NFO,10/03/2025,09:17:29,22861.4,22850.05,150,22859.25,450,75,612150
NIFTY-III.NFO,10/03/2025,09:17:31,22861.4,22850,75,22856.35,525,0,612150
NIFTY-III.NFO,10/03/2025,09:17:33,22861.4,22850,225,22853.15,450,0,612150
NIFTY-III.NFO,10/03/2025,09:17:34,22861.4,22850,225,22853.6,75,0,612150
NIFTY-III.NFO,10/03/2025,09:17:35,22850,22850,150,22853.85,450,75,612150
NIFTY-III.NFO,10/03/2025,09:17:35,22850,22850,150,22853.85,450,0,612150
NIFTY-III.NFO,10/03/2025,09:17:37,22850,22850,150,22854.75,75,0,612150
NIFTY-III.NFO,10/03/2025,09:17:39,22850,22850,150,22855.9,450,0,612150
NIFTY-III.NFO,10/03/2025,09:17:41,22850,22843.45,150,22854.1,75,150,612150
NIFTY-III.NFO,10/03/2025,09:17:42,22850,22842.9,150,22852.85,450,0,612150
NIFTY-III.NFO,10/03/2025,09:17:44,22850,22841.9,150,22852.1,450,0,612150
NIFTY-III.NFO,10/03/2025,09:17:45,22850,22841.3,150,22851.1,450,0,612150
NIFTY-III.NFO,10/03/2025,09:17:47,22850,22841,150,22851,375,0,612150
NIFTY-III.NFO,10/03/2025,09:17:48,22850,22840.65,150,22851.05,375,0,612150
NIFTY-III.NFO,10/03/2025,09:17:49,22850,22840.05,150,22849.45,75,0,612150
NIFTY-III.NFO,10/03/2025,09:17:51,22850,22840.05,150,22848.1,450,0,612150
NIFTY-III.NFO,10/03/2025,09:17:54,22848.1,22840,75,22846.55,450,75,612150
NIFTY-III.NFO,10/03/2025,09:17:54,22848.1,22840,75,22846.55,450,0,612150
NIFTY-III.NFO,10/03/2025,09:17:56,22848.1,22840,75,22845.7,450,0,612150
NIFTY-III.NFO,10/03/2025,09:17:57,22848.1,22840,75,22843.75,450,0,612150
NIFTY-III.NFO,10/03/2025,09:17:58,22848.1,22840,75,22844.25,450,0,612150
NIFTY-III.NFO,10/03/2025,09:18:00,22848.1,22840,75,22845.35,75,0,612150
NIFTY-III.NFO,10/03/2025,09:18:01,22848.1,22840.05,150,22848.65,450,0,612150
NIFTY-III.NFO,10/03/2025,09:18:03,22848.1,22840.65,150,22851.35,75,0,612150
NIFTY-III.NFO,10/03/2025,09:18:04,22848.1,22841.4,150,22850.9,75,0,612150
NIFTY-III.NFO,10/03/2025,09:18:06,22848.1,22842.15,150,22852.2,150,0,612150
NIFTY-III.NFO,10/03/2025,09:18:07,22848.1,22843.65,150,22853.45,75,0,612150
NIFTY-III.NFO,10/03/2025,09:18:09,22848.1,22846.3,150,22856.85,450,0,612150
NIFTY-III.NFO,10/03/2025,09:18:10,22848.1,22849.4,150,22860.3,75,0,612150
NIFTY-III.NFO,10/03/2025,09:18:12,22850,22852.3,150,22861.5,75,75,612150
NIFTY-III.NFO,10/03/2025,09:18:13,22850,22853.45,375,22862.1,75,0,612150
NIFTY-III.NFO,10/03/2025,09:18:15,22850,22855.65,150,22865.5,75,0,612150
NIFTY-III.NFO,10/03/2025,09:18:16,22857.9,22858.2,150,22867.1,75,75,612150
NIFTY-III.NFO,10/03/2025,09:18:18,22857.9,22856.25,150,22867.45,75,0,612150
NIFTY-III.NFO,10/03/2025,09:18:19,22857.9,22851.65,150,22863.65,75,0,612150
NIFTY-III.NFO,10/03/2025,09:18:21,22857.9,22849.85,150,22858.9,75,0,612150
NIFTY-III.NFO,10/03/2025,09:18:22,22857.9,22853.15,150,22861,75,0,612150
NIFTY-III.NFO,10/03/2025,09:18:24,22857.9,22855.55,150,22863.85,75,0,612150
NIFTY-III.NFO,10/03/2025,09:18:25,22857.9,22857.2,150,22864.85,150,0,612150
NIFTY-III.NFO,10/03/2025,09:18:27,22857.9,22856.4,150,22864.85,75,0,612150
NIFTY-III.NFO,10/03/2025,09:18:30,22857.9,22856.65,150,22864.75,75,0,612150
NIFTY-III.NFO,10/03/2025,09:18:31,22857.9,22857.8,150,22865.15,75,0,612150
NIFTY-III.NFO,10/03/2025,09:18:33,22857.9,22858.25,150,22866.5,150,0,612150
NIFTY-III.NFO,10/03/2025,09:18:35,22858.25,22858.25,150,22866.7,150,75,612150
NIFTY-III.NFO,10/03/2025,09:18:36,22858.25,22859.4,150,22867.15,75,0,612150
NIFTY-III.NFO,10/03/2025,09:18:38,22858.25,22860.35,150,22867.95,150,0,612150
NIFTY-III.NFO,10/03/2025,09:18:40,22868.15,22863.05,150,22870,150,75,612150
NIFTY-III.NFO,10/03/2025,09:18:41,22868.15,22864.15,150,22870,150,0,612150
NIFTY-III.NFO,10/03/2025,09:18:43,22868.15,22864.1,150,22870,150,0,612150
NIFTY-III.NFO,10/03/2025,09:18:45,22868.15,22862.25,150,22869.95,225,0,612150
NIFTY-III.NFO,10/03/2025,09:18:46,22868.15,22859.95,150,22868.6,150,0,612150
NIFTY-III.NFO,10/03/2025,09:18:48,22868.15,22856.8,150,22867,150,0,612150
NIFTY-III.NFO,10/03/2025,09:18:50,22868.15,22857.85,150,22865.55,225,0,612150
NIFTY-III.NFO,10/03/2025,09:18:51,22868.15,22858.9,150,22866.45,75,0,612150
NIFTY-III.NFO,10/03/2025,09:18:53,22868.15,22861.05,150,22868.55,75,0,612150
NIFTY-III.NFO,10/03/2025,09:18:55,22868.15,22860.05,150,22869.95,225,0,612150
NIFTY-III.NFO,10/03/2025,09:18:56,22868.15,22860.05,150,22868.85,150,0,612150
NIFTY-III.NFO,10/03/2025,09:18:58,22868.15,22861.15,150,22868.7,75,0,612150
NIFTY-III.NFO,10/03/2025,09:18:59,22868.15,22861.15,150,22868.3,150,0,612150
NIFTY-III.NFO,10/03/2025,09:19:01,22868.15,22858.05,150,22868.15,150,0,612150
NIFTY-III.NFO,10/03/2025,09:19:03,22868.15,22862.15,150,22869.6,75,0,612150
NIFTY-III.NFO,10/03/2025,09:19:04,22868.15,22863.7,150,22870,150,0,612150
NIFTY-III.NFO,10/03/2025,09:19:06,22868.15,22865.25,150,22870,150,0,612150
NIFTY-III.NFO,10/03/2025,09:19:08,22868.15,22868.2,150,22870,150,0,612150
NIFTY-III.NFO,10/03/2025,09:19:09,22870,22869.55,150,22870,75,75,612150
NIFTY-III.NFO,10/03/2025,09:19:11,22870,22869.55,150,22870,75,0,612150
NIFTY-III.NFO,10/03/2025,09:19:13,22870,22872.7,150,22876,75,75,612150
NIFTY-III.NFO,10/03/2025,09:19:14,22870,22874.9,150,22876,75,0,612150
NIFTY-III.NFO,10/03/2025,09:19:16,22885.95,22876.65,150,22886.1,75,150,612150
NIFTY-III.NFO,10/03/2025,09:19:18,22885.95,22875.6,375,22883.95,75,0,612150
NIFTY-III.NFO,10/03/2025,09:19:20,22885.95,22872,150,22883.95,75,0,612150
NIFTY-III.NFO,10/03/2025,09:19:21,22885.95,22871.8,150,22880.6,75,0,612150
NIFTY-III.NFO,10/03/2025,09:19:23,22885.95,22873.6,150,22881.9,75,0,612150
NIFTY-III.NFO,10/03/2025,09:19:24,22885.95,22876.3,150,22885.5,75,0,612150
NIFTY-III.NFO,10/03/2025,09:19:26,22885.95,22876.4,150,22885.5,75,0,612150
NIFTY-III.NFO,10/03/2025,09:19:28,22885.95,22876.35,75,22884.15,75,0,612150
NIFTY-III.NFO,10/03/2025,09:19:29,22885.95,22876.35,75,22879.75,75,0,612150
NIFTY-III.NFO,10/03/2025,09:19:31,22885.95,22876.35,75,22877.95,75,0,612150
NIFTY-III.NFO,10/03/2025,09:19:33,22885.95,22876.35,75,22880.05,75,0,612150
NIFTY-III.NFO,10/03/2025,09:19:34,22885.95,22876.35,75,22881.3,75,0,612150
NIFTY-III.NFO,10/03/2025,09:19:36,22876.35,22871.35,150,22880.75,75,75,612150
NIFTY-III.NFO,10/03/2025,09:19:38,22880.75,22871.25,150,22879.95,75,75,612450
NIFTY-III.NFO,10/03/2025,09:19:39,22880.75,22872.35,150,22880.8,75,0,612450
NIFTY-III.NFO,10/03/2025,09:19:41,22880.75,22871.3,150,22880.8,75,0,612450
NIFTY-III.NFO,10/03/2025,09:19:43,22880.75,22870.3,150,22880.2,75,0,612450
NIFTY-III.NFO,10/03/2025,09:19:44,22880.75,22870.65,150,22880.2,75,0,612450
NIFTY-III.NFO,10/03/2025,09:19:46,22880.75,22872.6,150,22881.35,75,0,612450
NIFTY-III.NFO,10/03/2025,09:19:48,22880.75,22880.2,75,22884.3,75,0,612450
NIFTY-III.NFO,10/03/2025,09:19:49,22880.75,22880.2,75,22886.45,75,0,612450
NIFTY-III.NFO,10/03/2025,09:19:51,22880.75,22880.2,75,22888.25,75,0,612450
NIFTY-III.NFO,10/03/2025,09:19:52,22880.75,22880.2,75,22888.05,150,0,612450
NIFTY-III.NFO,10/03/2025,09:19:54,22880.75,22880.2,75,22883.7,225,0,612450
NIFTY-III.NFO,10/03/2025,09:19:56,22880.75,22880.2,75,22885.3,75,0,612450
NIFTY-III.NFO,10/03/2025,09:19:57,22880.75,22880.2,75,22884.35,225,0,612450
NIFTY-III.NFO,10/03/2025,09:19:59,22880.75,22880.2,75,22886.1,225,0,612450
NIFTY-III.NFO,10/03/2025,09:20:01,22880.75,22880.2,75,22886.65,225,0,612450
NIFTY-III.NFO,10/03/2025,09:20:02,22880.2,22872.35,150,22884.25,225,75,612450
NIFTY-III.NFO,10/03/2025,09:20:04,22880.2,22868.15,75,22876.25,225,0,612450
NIFTY-III.NFO,10/03/2025,09:20:06,22880.2,22868.15,75,22875,225,0,612450
NIFTY-III.NFO,10/03/2025,09:20:07,22880.2,22868.2,150,22875.35,225,0,612450
NIFTY-III.NFO,10/03/2025,09:20:09,22880.2,22868.15,75,22874.2,225,0,612450
NIFTY-III.NFO,10/03/2025,09:20:12,22880.2,22868.15,75,22873,225,0,612450
NIFTY-III.NFO,10/03/2025,09:20:14,22880.2,22868.15,75,22873.4,225,0,612450
NIFTY-III.NFO,10/03/2025,09:20:16,22880.2,22868.15,75,22872.35,450,0,612450
NIFTY-III.NFO,10/03/2025,09:20:17,22868.15,22860.95,150,22868.95,75,75,612450
NIFTY-III.NFO,10/03/2025,09:20:19,22868.15,22861.95,150,22870.6,225,0,612450
NIFTY-III.NFO,10/03/2025,09:20:21,22868.15,22860,150,22870.45,225,0,612450
NIFTY-III.NFO,10/03/2025,09:20:22,22868.15,22859.15,150,22867.8,225,0,612450
NIFTY-III.NFO,10/03/2025,09:20:24,22868.15,22857.85,150,22866.1,75,0,612450
NIFTY-III.NFO,10/03/2025,09:20:26,22868.15,22859.95,150,22868.55,75,0,612450
NIFTY-III.NFO,10/03/2025,09:20:27,22868.15,22859.95,150,22869.15,225,0,612450
NIFTY-III.NFO,10/03/2025,09:20:29,22868.15,22859.95,150,22869.35,225,0,612450
NIFTY-III.NFO,10/03/2025,09:20:31,22868.15,22862.4,150,22870.3,225,0,612450
NIFTY-III.NFO,10/03/2025,09:20:32,22868.15,22862.35,150,22871.85,75,0,612450
NIFTY-III.NFO,10/03/2025,09:20:34,22868.15,22863.8,150,22872,75,0,612450
NIFTY-III.NFO,10/03/2025,09:20:36,22868.15,22864.1,150,22872,75,0,612450
NIFTY-III.NFO,10/03/2025,09:20:37,22868.15,22864.1,525,22872,150,0,612450
NIFTY-III.NFO,10/03/2025,09:20:39,22868.15,22862.45,150,22871.3,225,0,612450
NIFTY-III.NFO,10/03/2025,09:20:41,22868.15,22861.2,150,22869.7,75,0,612450
NIFTY-III.NFO,10/03/2025,09:20:42,22868.15,22863.25,150,22871.25,75,0,612450
NIFTY-III.NFO,10/03/2025,09:20:44,22868.15,22863.25,150,22872,150,0,612450
NIFTY-III.NFO,10/03/2025,09:20:46,22868.15,22864.8,150,22872,75,0,612450
NIFTY-III.NFO,10/03/2025,09:20:47,22868.15,22864.2,150,22872,150,0,612450
NIFTY-III.NFO,10/03/2025,09:20:49,22868.15,22864.2,525,22872,75,0,612450
NIFTY-III.NFO,10/03/2025,09:20:51,22868.15,22868.8,375,22872,75,0,612450
NIFTY-III.NFO,10/03/2025,09:20:52,22872,22869.1,150,22873.4,75,75,612450
NIFTY-III.NFO,10/03/2025,09:20:54,22872,22869.85,525,22873.4,75,0,612450
NIFTY-III.NFO,10/03/2025,09:20:56,22872,22871.55,150,22873.4,75,0,612450
NIFTY-III.NFO,10/03/2025,09:20:57,22872,22868.6,150,22873.4,75,0,612450
NIFTY-III.NFO,10/03/2025,09:20:59,22872,22868.8,150,22873.4,75,0,612450
NIFTY-III.NFO,10/03/2025,09:21:01,22872,22873.15,150,22873.4,75,0,612450
NIFTY-III.NFO,10/03/2025,09:21:02,22873.4,22880,450,22883.8,225,75,612450
NIFTY-III.NFO,10/03/2025,09:21:04,22873.4,22880.05,150,22883.15,225,0,612450
NIFTY-III.NFO,10/03/2025,09:21:06,22873.4,22880.05,150,22884.2,150,0,612450
NIFTY-III.NFO,10/03/2025,09:21:07,22873.4,22880,450,22885,150,0,612450
NIFTY-III.NFO,10/03/2025,09:21:09,22873.4,22880.05,150,22885,150,0,612450
NIFTY-III.NFO,10/03/2025,09:21:11,22885,22886.05,150,22890,75,150,612450
NIFTY-III.NFO,10/03/2025,09:21:12,22885,22887.35,150,22890,75,0,612450
NIFTY-III.NFO,10/03/2025,09:21:14,22885,22884.75,150,22890,75,0,612450
NIFTY-III.NFO,10/03/2025,09:21:16,22890,22883.95,150,22894,75,75,612450
NIFTY-III.NFO,10/03/2025,09:21:16,22890,22883.95,150,22894,75,0,612450
NIFTY-III.NFO,10/03/2025,09:21:17,22890,22885.15,150,22895,225,0,612450
NIFTY-III.NFO,10/03/2025,09:21:19,22890,22885.1,150,22896.15,75,0,612450
NIFTY-III.NFO,10/03/2025,09:21:21,22890,22881.6,225,22893.8,375,0,612450
NIFTY-III.NFO,10/03/2025,09:21:22,22890,22880.05,150,22887.45,225,0,612450
NIFTY-III.NFO,10/03/2025,09:21:24,22890,22880.05,150,22888.15,225,0,612450
NIFTY-III.NFO,10/03/2025,09:21:26,22890,22881.9,150,22891.05,225,0,612450
NIFTY-III.NFO,10/03/2025,09:21:27,22890,22882.9,150,22892.25,225,0,612450
NIFTY-III.NFO,10/03/2025,09:21:29,22890,22880.05,150,22889.1,225,0,612450
NIFTY-III.NFO,10/03/2025,09:21:31,22890,22880.05,150,22888.4,75,0,612450
NIFTY-III.NFO,10/03/2025,09:21:32,22890,22881.75,150,22890.8,75,0,612450
NIFTY-III.NFO,10/03/2025,09:21:34,22890,22885,150,22891.1,225,0,612450
NIFTY-III.NFO,10/03/2025,09:21:36,22890,22885,150,22890.45,225,0,612450
NIFTY-III.NFO,10/03/2025,09:21:37,22890,22885,150,22890.95,150,0,612450
NIFTY-III.NFO,10/03/2025,09:21:39,22890,22885,150,22891.4,225,0,612450
NIFTY-III.NFO,10/03/2025,09:21:41,22890,22885,150,22891.05,225,0,612450
NIFTY-III.NFO,10/03/2025,09:21:42,22890,22885.05,150,22891.65,225,0,612450
NIFTY-III.NFO,10/03/2025,09:21:44,22890,22885.05,150,22892.25,225,0,612450
NIFTY-III.NFO,10/03/2025,09:21:46,22890,22885.45,150,22890,150,0,612450
NIFTY-III.NFO,10/03/2025,09:21:47,22890,22885.05,150,22890,150,0,612450
NIFTY-III.NFO,10/03/2025,09:21:49,22890,22885,150,22890,225,0,612450
NIFTY-III.NFO,10/03/2025,09:21:52,22890,22885,150,22890,150,0,612450
NIFTY-III.NFO,10/03/2025,09:21:54,22890,22882.25,150,22890,225,0,612450
NIFTY-III.NFO,10/03/2025,09:21:56,22890,22881.45,150,22889.8,150,0,612450
NIFTY-III.NFO,10/03/2025,09:21:57,22890,22879.55,150,22889.15,225,0,612450
NIFTY-III.NFO,10/03/2025,09:21:59,22890,22880.95,150,22890,225,0,612450
NIFTY-III.NFO,10/03/2025,09:22:00,22890,22879.05,150,22887.85,225,0,612450
NIFTY-III.NFO,10/03/2025,09:22:02,22890,22877.7,150,22887.85,225,0,612450
NIFTY-III.NFO,10/03/2025,09:22:04,22887.45,22878.35,150,22885.95,225,300,612450
NIFTY-III.NFO,10/03/2025,09:22:05,22887.45,22877.3,150,22885.85,150,0,612450
NIFTY-III.NFO,10/03/2025,09:22:07,22887.45,22878.55,150,22886.35,225,0,612450
NIFTY-III.NFO,10/03/2025,09:22:09,22886.35,22880.4,150,22887.8,225,150,612450
NIFTY-III.NFO,10/03/2025,09:22:10,22886.35,22882.5,150,22890,225,0,612450
NIFTY-III.NFO,10/03/2025,09:22:14,22886.35,22877.85,75,22889.35,375,0,612450
NIFTY-III.NFO,10/03/2025,09:22:15,22886.35,22876.45,150,22885.45,75,0,612450
NIFTY-III.NFO,10/03/2025,09:22:17,22886.35,22877.25,150,22885.45,75,0,612450
NIFTY-III.NFO,10/03/2025,09:22:19,22886.35,22879.45,150,22887.35,75,0,612450
NIFTY-III.NFO,10/03/2025,09:22:20,22886.35,22880.85,150,22888.95,150,0,612450
NIFTY-III.NFO,10/03/2025,09:22:22,22886.35,22886.35,75,22889.25,225,0,612450
NIFTY-III.NFO,10/03/2025,09:22:24,22886.35,22886.35,75,22888.6,225,0,612450
NIFTY-III.NFO,10/03/2025,09:22:27,22886.35,22879.3,150,22887.95,225,75,612450
NIFTY-III.NFO,10/03/2025,09:22:29,22886.35,22876.75,150,22887.3,225,0,612450
NIFTY-III.NFO,10/03/2025,09:22:30,22886.35,22876.35,150,22884.75,75,0,612450
NIFTY-III.NFO,10/03/2025,09:22:32,22886.35,22878.8,150,22887.3,75,0,612450
NIFTY-III.NFO,10/03/2025,09:22:34,22886.35,22879.5,150,22887.3,75,0,612450
NIFTY-III.NFO,10/03/2025,09:22:35,22886.35,22878.9,150,22887.95,225,0,612450
NIFTY-III.NFO,10/03/2025,09:22:37,22886.35,22879.7,150,22887.95,225,0,612450
NIFTY-III.NFO,10/03/2025,09:22:39,22886.35,22879.7,150,22888,225,0,612450
NIFTY-III.NFO,10/03/2025,09:22:40,22886.35,22876.75,150,22887.75,450,0,612450
NIFTY-III.NFO,10/03/2025,09:22:42,22886.35,22874.75,150,22883.95,225,0,612450
NIFTY-III.NFO,10/03/2025,09:22:44,22886.35,22876,150,22883.95,75,0,612450
NIFTY-III.NFO,10/03/2025,09:22:45,22886.35,22877.65,150,22885.65,225,0,612450
NIFTY-III.NFO,10/03/2025,09:22:47,22886.35,22876.35,150,22886.2,225,0,612450
NIFTY-III.NFO,10/03/2025,09:22:48,22886.35,22877.8,150,22886.2,75,0,612450
NIFTY-III.NFO,10/03/2025,09:22:50,22886.35,22880.3,150,22888,75,0,612450
NIFTY-III.NFO,10/03/2025,09:22:52,22886.35,22881.5,75,22889.65,225,0,612450
NIFTY-III.NFO,10/03/2025,09:22:53,22886.35,22880.5,150,22889,225,0,612450
NIFTY-III.NFO,10/03/2025,09:22:55,22880.05,22878.65,150,22887.9,75,75,612675
NIFTY-III.NFO,10/03/2025,09:22:57,22880.05,22877.05,150,22885.9,150,0,612675
NIFTY-III.NFO,10/03/2025,09:22:58,22880.05,22877.7,150,22885.85,75,0,612675
NIFTY-III.NFO,10/03/2025,09:23:00,22880.05,22883.2,150,22889.9,75,0,612675
NIFTY-III.NFO,10/03/2025,09:23:01,22880.05,22885.1,150,22890,75,0,612675
NIFTY-III.NFO,10/03/2025,09:23:03,22880.05,22883.7,150,22889.9,150,0,612675
NIFTY-III.NFO,10/03/2025,09:23:05,22880.05,22882.35,150,22889.75,75,0,612675
NIFTY-III.NFO,10/03/2025,09:23:06,22880.05,22883.1,150,22885,75,0,612675
NIFTY-III.NFO,10/03/2025,09:23:08,22880.05,22884.7,150,22885,75,0,612675
NIFTY-III.NFO,10/03/2025,09:23:10,22885,22881.4,150,22889.95,75,75,612675
NIFTY-III.NFO,10/03/2025,09:23:11,22885,22878.1,150,22888.65,75,0,612675
NIFTY-III.NFO,10/03/2025,09:23:13,22885,22878.3,150,22887.15,75,0,612675
NIFTY-III.NFO,10/03/2025,09:23:15,22885,22879.75,150,22888.65,75,0,612675
NIFTY-III.NFO,10/03/2025,09:23:18,22885,22878.15,150,22888.65,75,0,612675
NIFTY-III.NFO,10/03/2025,09:23:19,22885,22877.15,150,22887.05,75,0,612675
NIFTY-III.NFO,10/03/2025,09:23:23,22885,22876.45,150,22886.45,75,0,612675
NIFTY-III.NFO,10/03/2025,09:23:24,22885,22875.9,150,22885.15,75,0,612675
NIFTY-III.NFO,10/03/2025,09:23:26,22885,22875.5,150,22884.5,75,0,612675
NIFTY-III.NFO,10/03/2025,09:23:28,22885,22878.2,150,22885,150,0,612675
NIFTY-III.NFO,10/03/2025,09:23:29,22885,22879.85,150,22885,75,0,612675
NIFTY-III.NFO,10/03/2025,09:23:31,22885,22879.25,150,22885,75,0,612675
NIFTY-III.NFO,10/03/2025,09:23:32,22885,22879.35,150,22885,75,0,612675
NIFTY-III.NFO,10/03/2025,09:23:37,22885,22879.25,150,22885,75,0,612675
NIFTY-III.NFO,10/03/2025,09:23:39,22881.6,22881.05,150,22885,75,75,612675
NIFTY-III.NFO,10/03/2025,09:23:41,22881.6,22883.9,150,22885,75,0,612675
NIFTY-III.NFO,10/03/2025,09:23:43,22881.6,22880,150,22885,75,0,612675
NIFTY-III.NFO,10/03/2025,09:23:44,22881.6,22880.05,150,22884.95,225,0,612675
NIFTY-III.NFO,10/03/2025,09:23:48,22881.6,22880.05,150,22884.95,75,0,612675
NIFTY-III.NFO,10/03/2025,09:23:49,22881.6,22879.3,150,22885,75,0,612675
NIFTY-III.NFO,10/03/2025,09:23:51,22881.6,22878.65,150,22885,150,0,612675
NIFTY-III.NFO,10/03/2025,09:23:52,22881.6,22879.7,150,22885,75,0,612675
NIFTY-III.NFO,10/03/2025,09:23:54,22885,22880.25,150,22887.95,225,75,612675
NIFTY-III.NFO,10/03/2025,09:23:56,22885,22880.35,150,22887.95,225,0,612675
NIFTY-III.NFO,10/03/2025,09:23:57,22885,22880.3,150,22887.95,225,0,612675
NIFTY-III.NFO,10/03/2025,09:23:59,22885,22880.3,150,22887.3,150,0,612675
NIFTY-III.NFO,10/03/2025,09:24:01,22885,22879.95,150,22887.9,150,0,612675
NIFTY-III.NFO,10/03/2025,09:24:02,22885,22876.5,150,22887.4,150,0,612675
NIFTY-III.NFO,10/03/2025,09:24:04,22885,22877.9,150,22886.75,150,0,612675
NIFTY-III.NFO,10/03/2025,09:24:07,22885,22878.55,150,22887.4,150,0,612675
NIFTY-III.NFO,10/03/2025,09:24:09,22885,22878.2,150,22887.95,225,0,612675
NIFTY-III.NFO,10/03/2025,09:24:11,22885,22876.2,150,22886.2,150,0,612675
NIFTY-III.NFO,10/03/2025,09:24:12,22885,22876.15,150,22886.2,150,0,612675
NIFTY-III.NFO,10/03/2025,09:24:14,22885,22876.6,75,22885.65,150,0,612675
NIFTY-III.NFO,10/03/2025,09:24:15,22885,22880,225,22886.15,150,0,612675
NIFTY-III.NFO,10/03/2025,09:24:17,22885,22880.05,150,22887.75,150,0,612675
NIFTY-III.NFO,10/03/2025,09:24:19,22885,22880.35,150,22888,150,0,612675
NIFTY-III.NFO,10/03/2025,09:24:20,22885,22882.8,150,22888,75,0,612675
NIFTY-III.NFO,10/03/2025,09:24:22,22885,22884.45,150,22888,75,0,612675
NIFTY-III.NFO,10/03/2025,09:24:24,22885,22884.8,150,22888,75,0,612675
NIFTY-III.NFO,10/03/2025,09:24:25,22885,22884.05,150,22888,75,0,612675
NIFTY-III.NFO,10/03/2025,09:24:27,22885,22887.15,75,22888,75,0,612675
NIFTY-III.NFO,10/03/2025,09:24:29,22885,22884.5,150,22888,75,0,612675
NIFTY-III.NFO,10/03/2025,09:24:30,22885,22882.45,150,22888,75,0,612675
NIFTY-III.NFO,10/03/2025,09:24:32,22885,22884.75,150,22888,75,0,612675
NIFTY-III.NFO,10/03/2025,09:24:34,22885,22885.15,150,22888,75,0,612675
NIFTY-III.NFO,10/03/2025,09:24:35,22885,22884.3,75,22888,75,0,612675
NIFTY-III.NFO,10/03/2025,09:24:37,22885,22882,150,22888,75,0,612675
NIFTY-III.NFO,10/03/2025,09:24:39,22885,22883.15,150,22888,75,0,612675
NIFTY-III.NFO,10/03/2025,09:24:40,22884.15,22883.55,75,22888,75,75,612675
NIFTY-III.NFO,10/03/2025,09:24:42,22884.15,22884.75,75,22888,75,0,612675
NIFTY-III.NFO,10/03/2025,09:24:44,22884.15,22883.65,375,22888,75,0,612675
NIFTY-III.NFO,10/03/2025,09:24:45,22884.15,22883.6,75,22888,75,0,612675
NIFTY-III.NFO,10/03/2025,09:24:47,22884.15,22885.65,75,22886.7,75,0,612675
NIFTY-III.NFO,10/03/2025,09:24:49,22884.15,22885.6,375,22886.7,75,0,612675
NIFTY-III.NFO,10/03/2025,09:24:50,22884.15,22884.6,375,22886.7,75,0,612675
NIFTY-III.NFO,10/03/2025,09:24:52,22884.15,22885.6,375,22886.7,75,0,612675
NIFTY-III.NFO,10/03/2025,09:24:54,22886.7,22886.7,375,22888,75,75,612675
NIFTY-III.NFO,10/03/2025,09:24:55,22888,22889.9,75,22890,75,75,612675
NIFTY-III.NFO,10/03/2025,09:24:57,22890,22888.85,375,22897.4,150,75,612675
NIFTY-III.NFO,10/03/2025,09:24:59,22890,22887.15,450,22896.6,150,0,612675
NIFTY-III.NFO,10/03/2025,09:25:00,22890,22889.3,75,22896.55,150,0,612675
NIFTY-III.NFO,10/03/2025,09:25:02,22890,22888.3,75,22896.45,150,0,612675
NIFTY-III.NFO,10/03/2025,09:25:04,22897.15,22891,150,22897.55,150,150,612675
NIFTY-III.NFO,10/03/2025,09:25:04,22897.15,22891,150,22897.55,150,0,612675
NIFTY-III.NFO,10/03/2025,09:25:05,22897.15,22891.6,150,22899.15,150,0,612675
NIFTY-III.NFO,10/03/2025,09:25:07,22897.15,22891.35,150,22899.1,150,0,612675
NIFTY-III.NFO,10/03/2025,09:25:09,22897.15,22889.4,375,22899.1,150,0,612675
NIFTY-III.NFO,10/03/2025,09:25:10,22897.15,22888.6,150,22898.15,150,0,612675
NIFTY-III.NFO,10/03/2025,09:25:12,22897.15,22889.25,150,22898.15,150,0,612675
NIFTY-III.NFO,10/03/2025,09:25:14,22897.15,22888.1,150,22898.15,150,0,612675
NIFTY-III.NFO,10/03/2025,09:25:15,22897.15,22885.95,150,22896.6,375,0,612675
NIFTY-III.NFO,10/03/2025,09:25:17,22897.15,22885,150,22895.5,150,0,612675
NIFTY-III.NFO,10/03/2025,09:25:19,22897.15,22885.35,150,22894.85,150,0,612675
NIFTY-III.NFO,10/03/2025,09:25:20,22897.15,22884.8,150,22894.85,150,0,612675
NIFTY-III.NFO,10/03/2025,09:25:22,22897.15,22884.2,150,22893.85,150,0,612675
NIFTY-III.NFO,10/03/2025,09:25:24,22897.15,22884.2,150,22893.2,150,0,612675
NIFTY-III.NFO,10/03/2025,09:25:25,22897.15,22884.15,75,22893.2,150,0,612675
NIFTY-III.NFO,10/03/2025,09:25:29,22897.15,22884,225,22892.2,150,0,612675
NIFTY-III.NFO,10/03/2025,09:25:30,22897.15,22884.05,150,22892.2,150,0,612675
NIFTY-III.NFO,10/03/2025,09:25:32,22897.15,22884.25,150,22892.85,75,0,612675
NIFTY-III.NFO,10/03/2025,09:25:33,22897.15,22887.1,150,22895.3,150,0,612675
NIFTY-III.NFO,10/03/2025,09:25:35,22897.15,22885.15,225,22895.7,150,0,612675
NIFTY-III.NFO,10/03/2025,09:25:37,22897.15,22888.3,150,22895.7,150,0,612675
NIFTY-III.NFO,10/03/2025,09:25:38,22897.15,22890.3,150,22897.85,75,0,612675
NIFTY-III.NFO,10/03/2025,09:25:40,22897.15,22888.45,150,22897.8,150,0,612675
NIFTY-III.NFO,10/03/2025,09:25:42,22897.15,22890.5,150,22898.15,150,0,612675
NIFTY-III.NFO,10/03/2025,09:25:43,22897.15,22890.45,150,22898.15,150,0,612675
NIFTY-III.NFO,10/03/2025,09:25:45,22897.15,22890.45,150,22897.15,150,0,612675
NIFTY-III.NFO,10/03/2025,09:25:47,22897.15,22890.45,150,22895.8,150,0,612675
NIFTY-III.NFO,10/03/2025,09:25:48,22897.15,22887.15,150,22896.5,150,0,612675
NIFTY-III.NFO,10/03/2025,09:25:50,22897.15,22887.7,150,22896.5,150,0,612675
NIFTY-III.NFO,10/03/2025,09:25:52,22897.15,22885.1,150,22896.5,150,0,612675
NIFTY-III.NFO,10/03/2025,09:25:53,22897.15,22886.15,150,22895.1,150,0,612675
NIFTY-III.NFO,10/03/2025,09:25:57,22897.15,22886.15,150,22895.75,150,0,612675
NIFTY-III.NFO,10/03/2025,09:25:59,22897.15,22886.4,150,22894.95,150,0,612675
NIFTY-III.NFO,10/03/2025,09:26:00,22897.15,22884.15,150,22894.55,150,0,612675
NIFTY-III.NFO,10/03/2025,09:26:02,22897.15,22884,225,22892.2,150,0,612675
NIFTY-III.NFO,10/03/2025,09:26:04,22897.15,22884,225,22891.55,150,0,612675
NIFTY-III.NFO,10/03/2025,09:26:05,22897.15,22884,225,22891,150,0,612675
NIFTY-III.NFO,10/03/2025,09:26:07,22897.15,22884,225,22888.65,150,0,612675
NIFTY-III.NFO,10/03/2025,09:26:09,22897.15,22884,225,22886.3,150,0,612675
NIFTY-III.NFO,10/03/2025,09:26:10,22884,22881,150,22884.45,150,225,613050
NIFTY-III.NFO,10/03/2025,09:26:12,22884,22881,150,22882.4,150,0,613050
NIFTY-III.NFO,10/03/2025,09:26:14,22884,22881,150,22882.65,150,0,613050
NIFTY-III.NFO,10/03/2025,09:26:15,22883.65,22881,150,22884.2,75,75,613050
NIFTY-III.NFO,10/03/2025,09:26:17,22883.65,22881,150,22883.8,75,0,613050
NIFTY-III.NFO,10/03/2025,09:26:19,22883.65,22881,150,22883.35,75,0,613050
NIFTY-III.NFO,10/03/2025,09:26:20,22883.65,22883.65,75,22885.85,75,0,613050
NIFTY-III.NFO,10/03/2025,09:26:22,22883.65,22883.65,75,22887.4,75,0,613050
NIFTY-III.NFO,10/03/2025,09:26:24,22883.65,22883.65,75,22887.35,150,0,613050
NIFTY-III.NFO,10/03/2025,09:26:25,22883.65,22883.65,75,22886.05,75,0,613050
NIFTY-III.NFO,10/03/2025,09:26:27,22886.05,22885,75,22887.3,375,75,613050
NIFTY-III.NFO,10/03/2025,09:26:29,22886.05,22885.05,150,22891,75,0,613050
NIFTY-III.NFO,10/03/2025,09:26:30,22886.05,22885,75,22892.25,75,0,613050
NIFTY-III.NFO,10/03/2025,09:26:32,22886.05,22885,75,22890.35,225,0,613050
NIFTY-III.NFO,10/03/2025,09:26:34,22886.05,22885,75,22889.6,450,0,613050
NIFTY-III.NFO,10/03/2025,09:26:35,22886.05,22885,75,22890.2,225,0,613050
NIFTY-III.NFO,10/03/2025,09:26:37,22886.05,22885,75,22888.75,150,0,613050
NIFTY-III.NFO,10/03/2025,09:26:39,22886.05,22885,75,22890.15,75,0,613050
NIFTY-III.NFO,10/03/2025,09:26:40,22886.05,22885,75,22891.1,150,0,613050
NIFTY-III.NFO,10/03/2025,09:26:42,22886.05,22885.05,150,22892.45,75,0,613050
NIFTY-III.NFO,10/03/2025,09:26:44,22886.05,22884.15,150,22892,75,0,613050
NIFTY-III.NFO,10/03/2025,09:26:45,22886.05,22883.65,75,22890.15,150,0,613050
NIFTY-III.NFO,10/03/2025,09:26:47,22886.05,22883.65,75,22888.25,225,0,613050
NIFTY-III.NFO,10/03/2025,09:26:49,22886.05,22883.65,75,22889.3,225,0,613050
NIFTY-III.NFO,10/03/2025,09:26:50,22886.05,22883.7,150,22891.7,75,0,613050
NIFTY-III.NFO,10/03/2025,09:26:52,22886.05,22890,75,22892.35,150,0,613050
NIFTY-III.NFO,10/03/2025,09:26:54,22886.05,22890,75,22890.7,75,0,613050
NIFTY-III.NFO,10/03/2025,09:26:55,22890,22882.45,150,22890,150,75,613050
NIFTY-III.NFO,10/03/2025,09:26:57,22890,22884.7,150,22890,75,0,613050
NIFTY-III.NFO,10/03/2025,09:26:59,22890,22885.45,225,22890,75,0,613050
NIFTY-III.NFO,10/03/2025,09:27:00,22890,22885.6,150,22898.9,75,75,613050
NIFTY-III.NFO,10/03/2025,09:27:02,22890,22892.6,150,22900,150,0,613050
NIFTY-III.NFO,10/03/2025,09:27:04,22890,22891.8,150,22899.25,75,0,613050
NIFTY-III.NFO,10/03/2025,09:27:05,22890,22892.8,225,22900,225,0,613050
NIFTY-III.NFO,10/03/2025,09:27:07,22890,22892.1,75,22900,225,0,613050
NIFTY-III.NFO,10/03/2025,09:27:09,22890,22891.5,75,22899.25,75,0,613050
NIFTY-III.NFO,10/03/2025,09:27:10,22890,22888.3,225,22896.35,75,0,613050
NIFTY-III.NFO,10/03/2025,09:27:12,22890,22885.55,225,22893.65,75,0,613050
NIFTY-III.NFO,10/03/2025,09:27:14,22890,22886.8,150,22894.85,75,0,613050
NIFTY-III.NFO,10/03/2025,09:27:15,22890,22885.35,150,22893.7,75,0,613050
NIFTY-III.NFO,10/03/2025,09:27:17,22890,22886.45,150,22894.6,75,0,613050
NIFTY-III.NFO,10/03/2025,09:27:19,22890,22885.35,225,22893.4,75,0,613050
NIFTY-III.NFO,10/03/2025,09:27:20,22890,22884.75,150,22893.15,150,0,613050
NIFTY-III.NFO,10/03/2025,09:27:22,22890,22884.15,75,22892.9,75,0,613050
NIFTY-III.NFO,10/03/2025,09:27:24,22890,22882.9,225,22891.8,75,0,613050
NIFTY-III.NFO,10/03/2025,09:27:25,22890,22883.3,150,22891.8,75,0,613050
NIFTY-III.NFO,10/03/2025,09:27:27,22890,22882.9,150,22891.8,75,0,613050
NIFTY-III.NFO,10/03/2025,09:27:28,22890,22881.95,150,22890.6,75,0,613050
NIFTY-III.NFO,10/03/2025,09:27:30,22890,22881.05,300,22890.25,75,0,613050
NIFTY-III.NFO,10/03/2025,09:27:32,22890,22881.05,225,22890.25,75,0,613050
NIFTY-III.NFO,10/03/2025,09:27:33,22890,22882.3,225,22890.25,75,0,613050
NIFTY-III.NFO,10/03/2025,09:27:35,22890,22882.65,75,22890.25,75,0,613050
NIFTY-III.NFO,10/03/2025,09:27:37,22890,22881.55,75,22890.25,75,0,613050
NIFTY-III.NFO,10/03/2025,09:27:38,22890,22881.75,225,22890.25,75,0,613050
NIFTY-III.NFO,10/03/2025,09:27:40,22890,22881.05,225,22890,150,0,613050
NIFTY-III.NFO,10/03/2025,09:27:43,22890,22881.5,150,22890,150,0,613050
NIFTY-III.NFO,10/03/2025,09:27:47,22890,22881.05,225,22889.5,75,0,613050
NIFTY-III.NFO,10/03/2025,09:27:50,22890,22881,150,22888.35,150,0,613050
NIFTY-III.NFO,10/03/2025,09:27:51,22890,22881,150,22887.2,450,0,613050
NIFTY-III.NFO,10/03/2025,09:27:53,22890,22881,150,22885.5,75,0,613050
NIFTY-III.NFO,10/03/2025,09:27:56,22890,22881,150,22886.85,75,0,613050
NIFTY-III.NFO,10/03/2025,09:27:58,22890,22881,150,22886.1,75,0,613050
NIFTY-III.NFO,10/03/2025,09:28:01,22890,22881,150,22885.3,75,0,613050
NIFTY-III.NFO,10/03/2025,09:28:03,22890,22881,150,22883.05,450,0,613050
NIFTY-III.NFO,10/03/2025,09:28:05,22881,22878,75,22881.5,150,150,613050
NIFTY-III.NFO,10/03/2025,09:28:07,22881,22878,75,22882.25,450,0,613050
NIFTY-III.NFO,10/03/2025,09:28:08,22878,22875.05,225,22883.55,75,75,613050
NIFTY-III.NFO,10/03/2025,09:28:10,22878,22876.85,150,22885.85,75,0,613050
NIFTY-III.NFO,10/03/2025,09:28:12,22878,22878.45,150,22887.6,75,0,613050
NIFTY-III.NFO,10/03/2025,09:28:13,22878,22881.85,150,22890,75,0,613050
NIFTY-III.NFO,10/03/2025,09:28:15,22878,22881.2,225,22888,150,0,613050
NIFTY-III.NFO,10/03/2025,09:28:17,22878,22881.65,150,22888,75,0,613050
NIFTY-III.NFO,10/03/2025,09:28:18,22878,22884.55,225,22888,75,0,613050
NIFTY-III.NFO,10/03/2025,09:28:20,22878,22883.05,150,22888,75,0,613050
NIFTY-III.NFO,10/03/2025,09:28:22,22878,22880.65,225,22888,150,0,613050
NIFTY-III.NFO,10/03/2025,09:28:23,22878,22882.6,150,22888,75,0,613050
NIFTY-III.NFO,10/03/2025,09:28:25,22878,22884.1,150,22888,75,0,613050
NIFTY-III.NFO,10/03/2025,09:28:27,22878,22881.45,150,22888,150,0,613050
NIFTY-III.NFO,10/03/2025,09:28:28,22878,22880.65,150,22889.65,75,0,613050
NIFTY-III.NFO,10/03/2025,09:28:30,22878,22881.7,225,22889.65,75,0,613050
NIFTY-III.NFO,10/03/2025,09:28:33,22878,22882.45,75,22890.45,75,0,613050
NIFTY-III.NFO,10/03/2025,09:28:35,22878,22880.4,75,22889.85,750,0,613050
NIFTY-III.NFO,10/03/2025,09:28:37,22878,22881.2,225,22889.25,75,0,613050
NIFTY-III.NFO,10/03/2025,09:28:38,22878,22879.1,150,22887.45,75,0,613050
NIFTY-III.NFO,10/03/2025,09:28:40,22878,22880.45,225,22888.1,75,0,613050
NIFTY-III.NFO,10/03/2025,09:28:42,22878,22880.45,150,22888.4,75,0,613050
NIFTY-III.NFO,10/03/2025,09:28:45,22878,22880.15,75,22887.85,75,0,613050
NIFTY-III.NFO,10/03/2025,09:28:47,22878,22878.4,150,22887.85,150,0,613050
NIFTY-III.NFO,10/03/2025,09:28:48,22878,22879.15,150,22887.55,75,0,613050
NIFTY-III.NFO,10/03/2025,09:28:50,22878,22880.15,75,22888.4,75,0,613050
NIFTY-III.NFO,10/03/2025,09:28:52,22880,22880,225,22887.75,75,75,612825
NIFTY-III.NFO,10/03/2025,09:28:53,22880,22881.7,150,22889.75,75,0,612825
NIFTY-III.NFO,10/03/2025,09:28:55,22880,22883.6,225,22890.95,150,0,612825
NIFTY-III.NFO,10/03/2025,09:28:57,22880,22883.65,150,22890.95,75,0,612825
NIFTY-III.NFO,10/03/2025,09:28:58,22880,22883.8,225,22890.95,150,0,612825
NIFTY-III.NFO,10/03/2025,09:29:00,22880,22883.95,225,22891,150,0,612825
NIFTY-III.NFO,10/03/2025,09:29:02,22880,22884.85,225,22891,75,0,612825
NIFTY-III.NFO,10/03/2025,09:29:03,22880,22885.9,150,22891,75,0,612825
NIFTY-III.NFO,10/03/2025,09:29:07,22880,22887.45,225,22891,75,0,612825
NIFTY-III.NFO,10/03/2025,09:29:08,22880,22883.8,150,22890.95,75,0,612825
NIFTY-III.NFO,10/03/2025,09:29:12,22880,22883.3,225,22890.95,75,0,612825
NIFTY-III.NFO,10/03/2025,09:29:13,22880,22881.2,75,22889.8,75,0,612825
NIFTY-III.NFO,10/03/2025,09:29:15,22880,22882.75,225,22890.6,75,0,612825
NIFTY-III.NFO,10/03/2025,09:29:17,22880,22883.55,225,22892.3,75,0,612825
NIFTY-III.NFO,10/03/2025,09:29:18,22880,22883.85,150,22892.3,75,0,612825
NIFTY-III.NFO,10/03/2025,09:29:20,22880,22880.95,150,22889.2,75,0,612825
NIFTY-III.NFO,10/03/2025,09:29:22,22880,22881,525,22889.2,75,0,612825
NIFTY-III.NFO,10/03/2025,09:29:23,22880,22882.1,150,22889.2,150,0,612825
NIFTY-III.NFO,10/03/2025,09:29:25,22880,22880.05,150,22887.95,75,0,612825
NIFTY-III.NFO,10/03/2025,09:29:27,22880,22880.05,150,22887,75,0,612825
NIFTY-III.NFO,10/03/2025,09:29:28,22880,22880.05,150,22887.95,75,0,612825
NIFTY-III.NFO,10/03/2025,09:29:30,22880,22880.05,150,22886.9,75,0,612825
NIFTY-III.NFO,10/03/2025,09:29:33,22880,22881,150,22888.9,75,0,612825
NIFTY-III.NFO,10/03/2025,09:29:35,22880,22880.05,150,22887.75,75,0,612825
NIFTY-III.NFO,10/03/2025,09:29:37,22880,22885,75,22887.75,75,0,612825
NIFTY-III.NFO,10/03/2025,09:29:38,22880,22885,75,22887.5,150,0,612825
NIFTY-III.NFO,10/03/2025,09:29:40,22880,22885,75,22888,75,0,612825
NIFTY-III.NFO,10/03/2025,09:29:48,22880,22885,75,22887.75,150,0,612825
NIFTY-III.NFO,10/03/2025,09:29:50,22880,22885,75,22886.35,75,0,612825
NIFTY-III.NFO,10/03/2025,09:29:51,22885,22880,75,22883.7,150,75,612825
NIFTY-III.NFO,10/03/2025,09:29:53,22885,22880,75,22884.15,75,0,612825
NIFTY-III.NFO,10/03/2025,09:29:55,22885,22880.05,150,22886.35,75,0,612825
NIFTY-III.NFO,10/03/2025,09:29:56,22885,22880.05,150,22887.7,75,0,612825
NIFTY-III.NFO,10/03/2025,09:29:58,22885,22880,75,22886.2,75,0,612825
NIFTY-III.NFO,10/03/2025,09:30:00,22885,22880.05,150,22886.2,75,0,612825
NIFTY-III.NFO,10/03/2025,09:30:01,22885,22880.05,150,22887.65,150,0,612825
NIFTY-III.NFO,10/03/2025,09:30:03,22885,22886.05,75,22887.95,75,0,612825
NIFTY-III.NFO,10/03/2025,09:30:05,22885,22886.05,75,22888,75,0,612825
NIFTY-III.NFO,10/03/2025,09:30:11,22885,22886.1,150,22888,75,0,612825
NIFTY-III.NFO,10/03/2025,09:30:13,22885,22886.1,225,22888,75,0,612825
NIFTY-III.NFO,10/03/2025,09:30:15,22885,22886.45,150,22893.95,150,0,612825
NIFTY-III.NFO,10/03/2025,09:30:16,22885,22886.05,75,22891.9,75,0,612825
NIFTY-III.NFO,10/03/2025,09:30:18,22885,22886.05,75,22890.95,150,0,612825
NIFTY-III.NFO,10/03/2025,09:30:20,22885,22886.05,75,22890.6,75,0,612825
NIFTY-III.NFO,10/03/2025,09:30:22,22885,22886.05,75,22889.05,150,0,612825
NIFTY-III.NFO,10/03/2025,09:30:23,22885,22886.05,75,22889.15,150,0,612825
NIFTY-III.NFO,10/03/2025,09:30:25,22885,22886.05,75,22890.35,150,0,612825
NIFTY-III.NFO,10/03/2025,09:30:27,22886.05,22884.2,375,22892.3,75,75,612825
NIFTY-III.NFO,10/03/2025,09:30:28,22886.05,22884.35,75,22891.85,150,0,612825
NIFTY-III.NFO,10/03/2025,09:30:30,22886.05,22884.3,225,22892.05,75,0,612825
NIFTY-III.NFO,10/03/2025,09:30:32,22886.05,22885.35,225,22892.9,75,0,612825
NIFTY-III.NFO,10/03/2025,09:30:33,22886.05,22884.8,225,22891.9,150,0,612825
NIFTY-III.NFO,10/03/2025,09:30:35,22886.05,22884,150,22891.1,75,0,612825
NIFTY-III.NFO,10/03/2025,09:30:37,22886.05,22884.3,225,22891.85,75,0,612825
NIFTY-III.NFO,10/03/2025,09:30:38,22886.05,22884.3,225,22892.4,75,0,612825
NIFTY-III.NFO,10/03/2025,09:30:40,22886.05,22884.3,225,22892,75,0,612825
NIFTY-III.NFO,10/03/2025,09:30:42,22886.05,22886.45,225,22892.45,75,0,612825
NIFTY-III.NFO,10/03/2025,09:30:45,22886.05,22885.4,150,22892.4,150,0,612825
NIFTY-III.NFO,10/03/2025,09:30:47,22886.05,22885.35,150,22892.1,75,0,612825
NIFTY-III.NFO,10/03/2025,09:30:48,22886.05,22886.45,150,22892.45,75,0,612825
NIFTY-III.NFO,10/03/2025,09:30:50,22886.05,22884.3,225,22891.2,75,0,612825
NIFTY-III.NFO,10/03/2025,09:30:52,22886.05,22883.2,150,22890.55,150,0,612825
NIFTY-III.NFO,10/03/2025,09:30:53,22886.05,22882.85,225,22890.45,75,0,612825
NIFTY-III.NFO,10/03/2025,09:30:55,22886.05,22882.85,150,22889.5,75,0,612825
NIFTY-III.NFO,10/03/2025,09:30:57,22886.05,22881.75,150,22888.75,75,0,612825
NIFTY-III.NFO,10/03/2025,09:30:58,22886.05,22881.8,150,22889.5,75,0,612825
NIFTY-III.NFO,10/03/2025,09:31:00,22886.05,22881.9,150,22888.5,150,0,612825
NIFTY-III.NFO,10/03/2025,09:31:02,22886.05,22881.8,225,22889.15,150,0,612825
NIFTY-III.NFO,10/03/2025,09:31:03,22886.05,22882.55,150,22889.95,150,0,612825
NIFTY-III.NFO,10/03/2025,09:31:05,22886.05,22882.7,225,22889.9,150,0,612825
NIFTY-III.NFO,10/03/2025,09:31:07,22886.05,22883.8,225,22889.95,75,0,612825
NIFTY-III.NFO,10/03/2025,09:31:08,22886.05,22884.85,150,22892.1,75,0,612825
NIFTY-III.NFO,10/03/2025,09:31:10,22886.05,22882.7,150,22888.85,75,0,612825
NIFTY-III.NFO,10/03/2025,09:31:12,22886.05,22881.65,150,22888.2,75,0,612825
NIFTY-III.NFO,10/03/2025,09:31:13,22886.05,22881.65,150,22888.8,75,0,612825
NIFTY-III.NFO,10/03/2025,09:31:15,22886.05,22881.6,75,22887.75,150,0,612825
NIFTY-III.NFO,10/03/2025,09:31:17,22886.05,22881.65,225,22889.45,75,0,612825
NIFTY-III.NFO,10/03/2025,09:31:18,22886.05,22883.2,150,22891.1,75,0,612825
NIFTY-III.NFO,10/03/2025,09:31:20,22886.05,22886.45,150,22894,150,0,612825
NIFTY-III.NFO,10/03/2025,09:31:22,22886.05,22886.9,225,22893,75,0,612825
NIFTY-III.NFO,10/03/2025,09:31:23,22886.05,22887.95,225,22893,75,0,612825
NIFTY-III.NFO,10/03/2025,09:31:25,22886.05,22888,225,22893,75,0,612825
NIFTY-III.NFO,10/03/2025,09:31:27,22886.05,22890.05,150,22893,75,0,612825
NIFTY-III.NFO,10/03/2025,09:31:28,22893,22892.05,225,22893.95,75,75,612825
NIFTY-III.NFO,10/03/2025,09:31:30,22893,22891,150,22893.95,75,0,612825
NIFTY-III.NFO,10/03/2025,09:31:32,22893,22892.1,150,22893.95,75,0,612825
NIFTY-III.NFO,10/03/2025,09:31:33,22893,22893.2,150,22893.95,75,0,612825
NIFTY-III.NFO,10/03/2025,09:31:35,22893,22892.1,375,22893.95,75,0,612825
NIFTY-III.NFO,10/03/2025,09:31:37,22893,22893.15,150,22893.95,75,0,612825
NIFTY-III.NFO,10/03/2025,09:31:38,22894,22894.25,150,22896,75,75,612825
NIFTY-III.NFO,10/03/2025,09:31:40,22894,22894.25,150,22896,75,0,612825
NIFTY-III.NFO,10/03/2025,09:31:43,22894,22891.55,150,22896,75,0,612825
NIFTY-III.NFO,10/03/2025,09:31:45,22894,22890.65,225,22896,75,0,612825
NIFTY-III.NFO,10/03/2025,09:31:47,22890.65,22891.55,150,22896,75,75,612975
NIFTY-III.NFO,10/03/2025,09:31:48,22890.65,22891.55,150,22896,75,0,612975
NIFTY-III.NFO,10/03/2025,09:31:50,22890.65,22890.55,225,22896,75,0,612975
NIFTY-III.NFO,10/03/2025,09:31:52,22890.65,22892.65,150,22896,75,0,612975
NIFTY-III.NFO,10/03/2025,09:31:55,22890.65,22891.6,150,22896,75,0,612975
NIFTY-III.NFO,10/03/2025,09:32:00,22890.65,22889.45,225,22896,150,0,612975
NIFTY-III.NFO,10/03/2025,09:32:02,22890.65,22892.55,225,22896,75,0,612975
NIFTY-III.NFO,10/03/2025,09:32:03,22890.65,22893.6,150,22896,75,0,612975
NIFTY-III.NFO,10/03/2025,09:32:05,22890.65,22890.45,150,22896,75,0,612975
NIFTY-III.NFO,10/03/2025,09:32:07,22890.65,22891.55,225,22896,75,0,612975
NIFTY-III.NFO,10/03/2025,09:32:08,22890.65,22891.6,225,22896,75,0,612975
NIFTY-III.NFO,10/03/2025,09:32:10,22890.65,22890.85,225,22896,75,0,612975
NIFTY-III.NFO,10/03/2025,09:32:12,22890.65,22889.9,375,22895.95,225,0,612975
NIFTY-III.NFO,10/03/2025,09:32:13,22890.65,22889,225,22895.95,225,0,612975
NIFTY-III.NFO,10/03/2025,09:32:15,22890.65,22889.9,150,22896,75,0,612975
NIFTY-III.NFO,10/03/2025,09:32:17,22890.65,22890.7,150,22896,75,0,612975
NIFTY-III.NFO,10/03/2025,09:32:18,22890.65,22890.65,75,22895.95,225,0,612975
NIFTY-III.NFO,10/03/2025,09:32:20,22890.65,22890.65,75,22895.4,150,0,612975
NIFTY-III.NFO,10/03/2025,09:32:22,22890.65,22890.65,75,22895.95,75,0,612975
NIFTY-III.NFO,10/03/2025,09:32:23,22890.65,22891.95,150,22896,75,0,612975
NIFTY-III.NFO,10/03/2025,09:32:25,22890.65,22890.65,75,22896,75,0,612975
NIFTY-III.NFO,10/03/2025,09:32:27,22890.65,22890.7,150,22896,75,0,612975
NIFTY-III.NFO,10/03/2025,09:32:28,22890.65,22890.65,75,22895.9,75,0,612975
NIFTY-III.NFO,10/03/2025,09:32:30,22890.65,22890.65,75,22894.9,75,0,612975
NIFTY-III.NFO,10/03/2025,09:32:32,22890.65,22890.65,75,22894.75,225,0,612975
NIFTY-III.NFO,10/03/2025,09:32:33,22890.65,22890.65,75,22895.85,150,0,612975
NIFTY-III.NFO,10/03/2025,09:32:35,22890.65,22890.65,75,22895.95,225,0,612975
NIFTY-III.NFO,10/03/2025,09:32:42,22890.65,22890.65,75,22896,75,0,612975
NIFTY-III.NFO,10/03/2025,09:32:43,22890.65,22890.7,150,22896,75,0,612975
NIFTY-III.NFO,10/03/2025,09:32:45,22890.65,22890.65,75,22895.95,225,0,612975
NIFTY-III.NFO,10/03/2025,09:32:46,22890.65,22890.65,75,22893.95,225,0,612975
NIFTY-III.NFO,10/03/2025,09:32:48,22890.65,22890.65,75,22894.65,150,0,612975
NIFTY-III.NFO,10/03/2025,09:32:50,22890.65,22890.65,75,22895.9,150,0,612975
NIFTY-III.NFO,10/03/2025,09:32:51,22890.65,22890.7,150,22896,75,0,612975
NIFTY-III.NFO,10/03/2025,09:32:55,22890.7,22890.65,75,22896,150,75,612975
NIFTY-III.NFO,10/03/2025,09:32:56,22890.7,22890.7,75,22896,75,0,612975
NIFTY-III.NFO,10/03/2025,09:33:01,22890.7,22891.95,75,22896,75,0,612975
NIFTY-III.NFO,10/03/2025,09:33:03,22890.7,22892.95,75,22896,75,0,612975
NIFTY-III.NFO,10/03/2025,09:33:05,22890.7,22891.45,75,22896,75,0,612975
NIFTY-III.NFO,10/03/2025,09:33:06,22890.7,22891.4,150,22896,75,0,612975
NIFTY-III.NFO,10/03/2025,09:33:08,22890.7,22890.7,150,22896,75,0,612975
NIFTY-III.NFO,10/03/2025,09:33:10,22890.7,22890.7,75,22896,75,0,612975
NIFTY-III.NFO,10/03/2025,09:33:11,22890.7,22890.7,150,22896,75,0,612975
NIFTY-III.NFO,10/03/2025,09:33:13,22890.7,22890.9,75,22896,75,0,612975
NIFTY-III.NFO,10/03/2025,09:33:15,22896,22890.9,75,22899.1,150,75,612975
NIFTY-III.NFO,10/03/2025,09:33:16,22896,22890.75,75,22898.05,150,0,612975
NIFTY-III.NFO,10/03/2025,09:33:18,22896,22890.7,75,22897.4,150,0,612975
NIFTY-III.NFO,10/03/2025,09:33:20,22896,22890.65,75,22896.15,75,0,612975
NIFTY-III.NFO,10/03/2025,09:33:21,22896,22890.65,75,22894.85,225,0,612975
NIFTY-III.NFO,10/03/2025,09:33:23,22896,22890.65,75,22895.75,225,0,612975
NIFTY-III.NFO,10/03/2025,09:33:25,22896,22890.65,75,22895.65,225,0,612975
NIFTY-III.NFO,10/03/2025,09:33:26,22896,22890.65,75,22895.95,225,0,612975
NIFTY-III.NFO,10/03/2025,09:33:28,22896,22890.7,75,22896.7,150,0,612975
NIFTY-III.NFO,10/03/2025,09:33:29,22896,22890.65,75,22895.8,150,0,612975
NIFTY-III.NFO,10/03/2025,09:33:31,22896,22890.65,75,22896.45,150,0,612975
NIFTY-III.NFO,10/03/2025,09:33:33,22896,22890.65,75,22895.9,75,0,612975
NIFTY-III.NFO,10/03/2025,09:33:34,22896,22890.65,75,22895.4,75,0,612975
NIFTY-III.NFO,10/03/2025,09:33:36,22896,22890.65,75,22895.95,225,0,612975
NIFTY-III.NFO,10/03/2025,09:33:38,22896,22890.65,75,22895.95,150,0,612975
NIFTY-III.NFO,10/03/2025,09:33:39,22896,22890.65,75,22895.95,225,0,612975
NIFTY-III.NFO,10/03/2025,09:33:41,22896,22890.65,75,22895.55,225,0,612975
NIFTY-III.NFO,10/03/2025,09:33:43,22896,22890.7,150,22896,75,0,612975
NIFTY-III.NFO,10/03/2025,09:33:44,22896,22891,150,22896,75,0,612975
NIFTY-III.NFO,10/03/2025,09:33:46,22896,22890.7,150,22896,75,0,612975
NIFTY-III.NFO,10/03/2025,09:33:48,22896,22891,150,22896,75,0,612975
NIFTY-III.NFO,10/03/2025,09:33:49,22896,22890.7,150,22896,75,0,612975
NIFTY-III.NFO,10/03/2025,09:33:51,22896,22890.7,75,22896,75,0,612975
NIFTY-III.NFO,10/03/2025,09:33:53,22896,22890.7,150,22896,75,0,612975
NIFTY-III.NFO,10/03/2025,09:33:56,22896,22890.7,75,22896,75,0,612975
NIFTY-III.NFO,10/03/2025,09:33:57,22896,22890.7,150,22896,75,0,612975
NIFTY-III.NFO,10/03/2025,09:34:01,22896,22890.7,75,22896,75,0,612975
NIFTY-III.NFO,10/03/2025,09:34:02,22896,22890.7,150,22896,75,0,612975
NIFTY-III.NFO,10/03/2025,09:34:04,22896,22891.05,75,22896,75,0,612975
NIFTY-III.NFO,10/03/2025,09:34:06,22896,22890.7,150,22896,75,0,612975
NIFTY-III.NFO,10/03/2025,09:34:07,22896,22890.7,75,22896,75,0,612975
NIFTY-III.NFO,10/03/2025,09:34:09,22896,22890.65,75,22895.95,225,0,612975
NIFTY-III.NFO,10/03/2025,09:34:11,22896,22890.65,75,22894.7,150,0,612975
NIFTY-III.NFO,10/03/2025,09:34:16,22896,22890.65,75,22894.9,225,0,612975
NIFTY-III.NFO,10/03/2025,09:34:17,22896,22890.65,75,22896,75,0,612975
NIFTY-III.NFO,10/03/2025,09:34:19,22896,22890.65,75,22895.95,150,0,612975
NIFTY-III.NFO,10/03/2025,09:34:21,22896,22890.65,75,22893.55,225,0,612975
NIFTY-III.NFO,10/03/2025,09:34:22,22896,22890.65,75,22893.45,225,0,612975
NIFTY-III.NFO,10/03/2025,09:34:24,22896,22890.65,75,22895.05,150,0,612975
NIFTY-III.NFO,10/03/2025,09:34:26,22896,22890.65,75,22895.15,225,0,612975
NIFTY-III.NFO,10/03/2025,09:34:27,22896,22890.65,75,22895.95,225,0,612975
NIFTY-III.NFO,10/03/2025,09:34:29,22892,22890.65,75,22896,75,75,612975
NIFTY-III.NFO,10/03/2025,09:34:31,22892,22890.7,75,22896,75,0,612975
NIFTY-III.NFO,10/03/2025,09:34:32,22892,22890.65,75,22895.05,75,0,612975
NIFTY-III.NFO,10/03/2025,09:34:34,22892,22890.65,75,22894.7,225,0,612975
NIFTY-III.NFO,10/03/2025,09:34:36,22892,22890.65,75,22894.9,150,0,612975
NIFTY-III.NFO,10/03/2025,09:34:37,22892,22890.65,75,22895.4,150,0,612975
NIFTY-III.NFO,10/03/2025,09:34:41,22892,22890.65,75,22895.45,375,0,612975
NIFTY-III.NFO,10/03/2025,09:34:42,22892,22890.7,150,22896,75,0,612975
NIFTY-III.NFO,10/03/2025,09:34:46,22892,22894.7,150,22896,75,0,612975
NIFTY-III.NFO,10/03/2025,09:34:49,22892,22894.75,75,22896,75,0,612975
NIFTY-III.NFO,10/03/2025,09:34:51,22896,22895.65,150,22899,75,75,613050
NIFTY-III.NFO,10/03/2025,09:34:52,22896,22896.65,75,22899,75,0,613050
NIFTY-III.NFO,10/03/2025,09:34:54,22896,22896.6,75,22899,75,0,613050
NIFTY-III.NFO,10/03/2025,09:34:56,22896,22894.75,75,22899,75,0,613050
NIFTY-III.NFO,10/03/2025,09:34:57,22896,22895.4,75,22899,75,0,613050
NIFTY-III.NFO,10/03/2025,09:35:00,22896,22895.4,150,22899,75,0,613050
NIFTY-III.NFO,10/03/2025,09:35:02,22896,22896.5,75,22899,75,0,613050
NIFTY-III.NFO,10/03/2025,09:35:04,22896,22897.55,75,22899,75,0,613050
NIFTY-III.NFO,10/03/2025,09:35:07,22896,22896.5,75,22899,75,0,613050
NIFTY-III.NFO,10/03/2025,09:35:09,22902,22902.4,75,22910,600,375,613050
NIFTY-III.NFO,10/03/2025,09:35:09,22902,22902.4,75,22910,600,0,613050
NIFTY-III.NFO,10/03/2025,09:35:10,22902,22907.8,75,22910,600,0,613050
NIFTY-III.NFO,10/03/2025,09:35:13,22902,22907.9,225,22910,600,0,613050
NIFTY-III.NFO,10/03/2025,09:35:15,22902,22905.9,75,22910,600,0,613050
NIFTY-III.NFO,10/03/2025,09:35:17,22902,22905.85,75,22910,600,0,613050
NIFTY-III.NFO,10/03/2025,09:35:18,22902,22905.9,75,22909.95,150,0,613050
NIFTY-III.NFO,10/03/2025,09:35:20,22902,22905.9,75,22909.95,225,0,613050
NIFTY-III.NFO,10/03/2025,09:35:23,22902,22905.95,75,22910,600,0,613050
NIFTY-III.NFO,10/03/2025,09:35:25,22902,22906,75,22909.95,225,0,613050
NIFTY-III.NFO,10/03/2025,09:35:26,22902,22906.05,75,22910,600,0,613050
NIFTY-III.NFO,10/03/2025,09:35:28,22902,22906.9,225,22910,600,0,613050
NIFTY-III.NFO,10/03/2025,09:35:30,22902,22906.1,75,22909.95,150,0,613050
NIFTY-III.NFO,10/03/2025,09:35:31,22902,22906.15,75,22909.95,225,0,613050
NIFTY-III.NFO,10/03/2025,09:35:33,22902,22906.2,75,22909.95,150,0,613050
NIFTY-III.NFO,10/03/2025,09:35:35,22902,22906.2,75,22910,600,0,613050
NIFTY-III.NFO,10/03/2025,09:35:36,22902,22906.25,75,22910,600,0,613050
NIFTY-III.NFO,10/03/2025,09:35:38,22902,22907.9,225,22910,600,0,613050
NIFTY-III.NFO,10/03/2025,09:35:40,22902,22906.9,75,22910,600,0,613050
NIFTY-III.NFO,10/03/2025,09:35:41,22902,22907.95,75,22910,600,0,613050
NIFTY-III.NFO,10/03/2025,09:35:43,22910,22908,75,22910,525,75,613050
NIFTY-III.NFO,10/03/2025,09:35:43,22910,22908,75,22910,525,0,613050
NIFTY-III.NFO,10/03/2025,09:35:45,22910,22908,75,22910,525,0,613050
NIFTY-III.NFO,10/03/2025,09:35:46,22908.9,22909.45,150,22910,525,75,613050
NIFTY-III.NFO,10/03/2025,09:35:48,22910,22908.5,75,22910,375,150,613050
NIFTY-III.NFO,10/03/2025,09:35:50,22910,22908,75,22910,300,75,613050
NIFTY-III.NFO,10/03/2025,09:35:51,22910,22908.05,75,22910,225,75,613050
NIFTY-III.NFO,10/03/2025,09:35:53,22910,22908.05,75,22910,225,0,613050
NIFTY-III.NFO,10/03/2025,09:35:55,22910,22908.1,150,22910,225,0,613050
NIFTY-III.NFO,10/03/2025,09:35:56,22908.5,22908.15,75,22910,675,75,613050
NIFTY-III.NFO,10/03/2025,09:35:58,22910,22908.15,75,22910,600,75,613050
NIFTY-III.NFO,10/03/2025,09:36:00,22910,22908.15,75,22910,600,0,613050
NIFTY-III.NFO,10/03/2025,09:36:05,22910,22903.8,75,22909.95,150,0,613050
NIFTY-III.NFO,10/03/2025,09:36:06,22910,22903.15,75,22909.95,225,0,613050
NIFTY-III.NFO,10/03/2025,09:36:08,22910,22902.15,150,22909.95,225,0,613050
NIFTY-III.NFO,10/03/2025,09:36:10,22909.95,22902.6,225,22909.95,150,225,613050
NIFTY-III.NFO,10/03/2025,09:36:11,22903.9,22903.9,150,22910,600,75,613050
NIFTY-III.NFO,10/03/2025,09:36:15,22903.9,22903.15,150,22909.95,150,0,613050
NIFTY-III.NFO,10/03/2025,09:36:16,22903.9,22903.95,75,22910,675,0,613050
NIFTY-III.NFO,10/03/2025,09:36:18,22903.9,22903.65,150,22910,675,0,613050
NIFTY-III.NFO,10/03/2025,09:36:20,22903.9,22903.85,150,22910,675,0,613050
NIFTY-III.NFO,10/03/2025,09:36:21,22903.9,22903.75,150,22909.95,225,0,613050
NIFTY-III.NFO,10/03/2025,09:36:23,22903.9,22903.75,225,22910,675,0,613050
NIFTY-III.NFO,10/03/2025,09:36:26,22903.9,22903.8,150,22910,675,0,613050
NIFTY-III.NFO,10/03/2025,09:36:28,22910,22905.6,150,22910,600,75,613050
NIFTY-III.NFO,10/03/2025,09:36:30,22910,22905.55,75,22910,600,0,613050
NIFTY-III.NFO,10/03/2025,09:36:33,22910,22905.6,225,22910,600,0,613050
NIFTY-III.NFO,10/03/2025,09:36:35,22910,22906.9,225,22910,600,0,613050
NIFTY-III.NFO,10/03/2025,09:36:36,22910,22907.8,150,22910,600,0,613050
NIFTY-III.NFO,10/03/2025,09:36:38,22907,22907,75,22910,600,225,613050
NIFTY-III.NFO,10/03/2025,09:36:40,22910,22905.95,150,22910,525,75,613050
NIFTY-III.NFO,10/03/2025,09:36:41,22910,22906.55,75,22910,525,0,613050
NIFTY-III.NFO,10/03/2025,09:36:43,22910,22907.75,150,22910,375,150,613050
NIFTY-III.NFO,10/03/2025,09:36:45,22916.5,22911.3,75,22918.65,150,525,613050
NIFTY-III.NFO,10/03/2025,09:36:45,22916.5,22911.3,75,22918.65,150,0,613050
NIFTY-III.NFO,10/03/2025,09:36:46,22911.3,22911.45,75,22919.45,150,75,613050
NIFTY-III.NFO,10/03/2025,09:36:48,22911.3,22911.75,75,22919.4,150,0,613050
NIFTY-III.NFO,10/03/2025,09:36:50,22911.3,22911.25,75,22919.3,150,0,613050
NIFTY-III.NFO,10/03/2025,09:36:51,22911.3,22911.25,150,22919.4,150,0,613050
NIFTY-III.NFO,10/03/2025,09:36:55,22911.3,22911.25,75,22919.4,150,0,613050
NIFTY-III.NFO,10/03/2025,09:36:56,22911.3,22915,375,22919.25,150,0,613050
NIFTY-III.NFO,10/03/2025,09:36:58,22911.3,22915,375,22920.85,150,0,613050
NIFTY-III.NFO,10/03/2025,09:37:00,22911.3,22915.05,75,22920.85,150,0,613050
NIFTY-III.NFO,10/03/2025,09:37:01,22911.3,22915.05,75,22919.95,150,0,613050
NIFTY-III.NFO,10/03/2025,09:37:03,22919.95,22915.1,75,22919.95,150,75,613050
NIFTY-III.NFO,10/03/2025,09:37:03,22919.95,22915.1,75,22919.95,150,0,613050
NIFTY-III.NFO,10/03/2025,09:37:05,22919.95,22915.15,75,22919.6,150,0,613050
NIFTY-III.NFO,10/03/2025,09:37:06,22919.95,22915.15,75,22920.85,150,0,613050
NIFTY-III.NFO,10/03/2025,09:37:08,22919.95,22915,525,22920.05,150,0,613050
NIFTY-III.NFO,10/03/2025,09:37:11,22919.95,22915,525,22919.95,150,0,613050
NIFTY-III.NFO,10/03/2025,09:37:13,22921.75,22915,150,22919.95,75,375,613050
NIFTY-III.NFO,10/03/2025,09:37:13,22921.75,22915,150,22919.95,75,0,613050
NIFTY-III.NFO,10/03/2025,09:37:15,22921.75,22915,150,22919.7,75,0,613050
NIFTY-III.NFO,10/03/2025,09:37:18,22919.2,22915,75,22919.25,450,75,613050
NIFTY-III.NFO,10/03/2025,09:37:20,22919.2,22915,75,22919.2,375,0,613050
NIFTY-III.NFO,10/03/2025,09:37:21,22917.85,22915,75,22918.4,375,75,613050
NIFTY-III.NFO,10/03/2025,09:37:23,22917.85,22915,75,22917.95,450,0,613050
NIFTY-III.NFO,10/03/2025,09:37:25,22917.85,22915,75,22918.6,450,0,613050
NIFTY-III.NFO,10/03/2025,09:37:26,22917.85,22915,75,22918.6,375,0,613050
NIFTY-III.NFO,10/03/2025,09:37:30,22917.85,22915.05,75,22918.6,375,0,613050
NIFTY-III.NFO,10/03/2025,09:37:31,22917.85,22915.05,75,22918.6,450,0,613050
NIFTY-III.NFO,10/03/2025,09:37:33,22917.85,22915.05,75,22918.55,300,0,613050
NIFTY-III.NFO,10/03/2025,09:37:34,22917.85,22915.05,75,22917.8,450,0,613050
NIFTY-III.NFO,10/03/2025,09:37:36,22917.85,22915.05,75,22917.8,375,0,613050
NIFTY-III.NFO,10/03/2025,09:37:38,22917.85,22915.05,75,22918.55,675,0,613050
NIFTY-III.NFO,10/03/2025,09:37:39,22917.85,22915.05,75,22920.6,750,0,613050
NIFTY-III.NFO,10/03/2025,09:37:41,22917.85,22915,75,22920.15,450,0,613050
NIFTY-III.NFO,10/03/2025,09:37:43,22917.85,22915,75,22919.5,75,0,613050
NIFTY-III.NFO,10/03/2025,09:37:44,22917.85,22915,75,22918.75,300,0,613050
NIFTY-III.NFO,10/03/2025,09:37:46,22917.85,22915,75,22921.3,375,0,613050
NIFTY-III.NFO,10/03/2025,09:37:48,22917.85,22917.85,300,22921.55,300,0,613050
NIFTY-III.NFO,10/03/2025,09:37:49,22917.85,22917.9,225,22919.8,300,0,613050
NIFTY-III.NFO,10/03/2025,09:37:51,22917.85,22917.95,75,22918.9,300,0,613050
NIFTY-III.NFO,10/03/2025,09:37:54,22917.85,22917.95,75,22919.2,300,0,613050
NIFTY-III.NFO,10/03/2025,09:37:56,22917.85,22917.95,75,22920.95,300,0,613050
NIFTY-III.NFO,10/03/2025,09:37:59,22920.95,22917.9,225,22920.55,150,225,613725
NIFTY-III.NFO,10/03/2025,09:38:01,22920.95,22917.95,75,22919.6,375,0,613725
NIFTY-III.NFO,10/03/2025,09:38:03,22920.95,22917.95,75,22918.9,75,0,613725
NIFTY-III.NFO,10/03/2025,09:38:04,22917.85,22917.85,225,22918.55,300,225,613725
NIFTY-III.NFO,10/03/2025,09:38:06,22917.85,22917.85,225,22919.7,75,0,613725
NIFTY-III.NFO,10/03/2025,09:38:09,22917.85,22917.85,225,22918.95,75,0,613725
NIFTY-III.NFO,10/03/2025,09:38:11,22917.85,22917.85,150,22919.9,300,75,613725
NIFTY-III.NFO,10/03/2025,09:38:12,22917.85,22917.85,150,22919.9,300,0,613725
NIFTY-III.NFO,10/03/2025,09:38:14,22917.85,22917.85,150,22920.95,75,0,613725
NIFTY-III.NFO,10/03/2025,09:38:16,22917.85,22917.85,150,22921.75,375,0,613725
NIFTY-III.NFO,10/03/2025,09:38:17,22917.85,22917.9,225,22921.75,300,0,613725
NIFTY-III.NFO,10/03/2025,09:38:21,22917.85,22917.9,150,22921.75,300,0,613725
NIFTY-III.NFO,10/03/2025,09:38:24,22917.85,22917.9,225,22921.75,300,0,613725
NIFTY-III.NFO,10/03/2025,09:38:25,22917.85,22918,150,22921.75,300,0,613725
NIFTY-III.NFO,10/03/2025,09:38:30,22917.85,22918,225,22921.75,300,0,613725
NIFTY-III.NFO,10/03/2025,09:38:34,22917.85,22918.1,225,22921.75,300,0,613725
NIFTY-III.NFO,10/03/2025,09:38:35,22917.85,22920.1,225,22921.75,300,0,613725
NIFTY-III.NFO,10/03/2025,09:38:37,22917.85,22920.1,150,22921.75,300,0,613725
NIFTY-III.NFO,10/03/2025,09:38:39,22917.85,22918.1,150,22921,75,0,613725
NIFTY-III.NFO,10/03/2025,09:38:40,22917.85,22918.1,600,22921,75,0,613725
NIFTY-III.NFO,10/03/2025,09:38:42,22917.85,22918.95,150,22921,75,0,613725
NIFTY-III.NFO,10/03/2025,09:38:43,22917.85,22918.95,150,22921,150,0,613725
NIFTY-III.NFO,10/03/2025,09:38:45,22917.85,22919.45,150,22921,150,0,613725
NIFTY-III.NFO,10/03/2025,09:38:47,22917.85,22919.05,150,22921,150,0,613725
NIFTY-III.NFO,10/03/2025,09:38:48,22917.85,22919,75,22921,150,0,613725
NIFTY-III.NFO,10/03/2025,09:38:52,22919,22917.9,150,22921,75,75,613725
NIFTY-III.NFO,10/03/2025,09:38:55,22919,22917.85,450,22921,75,0,613725
NIFTY-III.NFO,10/03/2025,09:38:57,22919,22917.85,375,22921,75,0,613725
NIFTY-III.NFO,10/03/2025,09:38:58,22921.75,22917.85,375,22921.75,225,150,613725
NIFTY-III.NFO,10/03/2025,09:39:00,22921.75,22917.85,375,22921.75,225,0,613725
NIFTY-III.NFO,10/03/2025,09:39:01,22917.85,22917.85,300,22921.75,225,75,613725
NIFTY-III.NFO,10/03/2025,09:39:03,22917.85,22917.85,300,22921.75,225,0,613725
NIFTY-III.NFO,10/03/2025,09:39:05,22917.85,22917.85,300,22921.75,300,0,613725
NIFTY-III.NFO,10/03/2025,09:39:06,22917.85,22917.85,300,22921.7,75,0,613725
NIFTY-III.NFO,10/03/2025,09:39:10,22921.75,22917.85,300,22921.75,150,150,613725
NIFTY-III.NFO,10/03/2025,09:39:11,22921.75,22917.85,300,22921.7,300,0,613725
NIFTY-III.NFO,10/03/2025,09:39:13,22921.75,22917.85,300,22921,150,0,613725
NIFTY-III.NFO,10/03/2025,09:39:15,22917.85,22917.85,225,22921.75,150,75,613725
NIFTY-III.NFO,10/03/2025,09:39:16,22917.85,22917.85,225,22921.75,150,0,613725
NIFTY-III.NFO,10/03/2025,09:39:18,22917.85,22917.85,225,22920.6,150,0,613725
NIFTY-III.NFO,10/03/2025,09:39:20,22917.85,22917.85,150,22920.6,150,75,613725
NIFTY-III.NFO,10/03/2025,09:39:21,22917.85,22917.85,150,22920.8,75,0,613725
NIFTY-III.NFO,10/03/2025,09:39:23,22917.85,22917.85,75,22921.75,75,150,613725
NIFTY-III.NFO,10/03/2025,09:39:25,22917.85,22915.7,75,22921.75,75,75,613725
NIFTY-III.NFO,10/03/2025,09:39:26,22917.85,22915.05,150,22921.75,150,0,613725
NIFTY-III.NFO,10/03/2025,09:39:29,22917.85,22915.15,150,22921,75,0,613725
NIFTY-III.NFO,10/03/2025,09:39:31,22917.85,22915.05,225,22921,75,0,613725
NIFTY-III.NFO,10/03/2025,09:39:33,22917.85,22917.05,225,22921,75,0,613725
NIFTY-III.NFO,10/03/2025,09:39:36,22917.85,22917.5,150,22921,75,0,613725
NIFTY-III.NFO,10/03/2025,09:39:38,22917.85,22918.05,150,22920,75,0,613725
NIFTY-III.NFO,10/03/2025,09:39:41,22917.85,22918,75,22920,75,0,613725
NIFTY-III.NFO,10/03/2025,09:39:43,22920,22918.05,150,22921,75,75,613725
NIFTY-III.NFO,10/03/2025,09:39:46,22918.05,22918.25,150,22921,75,75,613725
NIFTY-III.NFO,10/03/2025,09:39:48,22918.05,22918.05,225,22921,75,0,613725
NIFTY-III.NFO,10/03/2025,09:39:49,22918.05,22918.05,150,22921,75,0,613725
NIFTY-III.NFO,10/03/2025,09:39:53,22918.05,22918.05,225,22921,75,0,613725
NIFTY-III.NFO,10/03/2025,09:39:54,22918.05,22918.05,150,22921,75,0,613725
NIFTY-III.NFO,10/03/2025,09:39:58,22918.05,22918,75,22921,75,0,613725
NIFTY-III.NFO,10/03/2025,09:40:01,22918.05,22918.05,225,22921,75,0,613725
NIFTY-III.NFO,10/03/2025,09:40:03,22918.05,22918.4,225,22921,75,0,613725
NIFTY-III.NFO,10/03/2025,09:40:06,22918.05,22919.2,150,22921,75,0,613725
NIFTY-III.NFO,10/03/2025,09:40:08,22921,22920,375,22921.75,75,75,613725
NIFTY-III.NFO,10/03/2025,09:40:09,22921,22920.05,150,22921.75,75,0,613725
NIFTY-III.NFO,10/03/2025,09:40:11,22921.75,22920.85,225,22925,225,75,613725
NIFTY-III.NFO,10/03/2025,09:40:13,22921.75,22919.55,75,22925,225,0,613725
NIFTY-III.NFO,10/03/2025,09:40:14,22921.75,22919.7,225,22925,225,0,613725
NIFTY-III.NFO,10/03/2025,09:40:16,22921.75,22919.8,75,22923.85,75,0,613725
NIFTY-III.NFO,10/03/2025,09:40:18,22921.75,22919.7,75,22923.85,75,0,613725
NIFTY-III.NFO,10/03/2025,09:40:21,22921.75,22919.7,75,22923.8,75,0,613725
NIFTY-III.NFO,10/03/2025,09:40:23,22921.75,22919.7,75,22923.8,150,0,613725
NIFTY-III.NFO,10/03/2025,09:40:24,22921.75,22919.7,75,22923.8,75,0,613725
NIFTY-III.NFO,10/03/2025,09:40:28,22921.75,22919.7,75,22923.8,150,0,613725
NIFTY-III.NFO,10/03/2025,09:40:29,22921.75,22919.7,75,22921,75,0,613725
NIFTY-III.NFO,10/03/2025,09:40:36,22921,22919.7,75,22921.95,150,75,613725
NIFTY-III.NFO,10/03/2025,09:40:38,22921,22919.7,75,22921.95,75,0,613725
NIFTY-III.NFO,10/03/2025,09:40:41,22921,22919.7,75,22922,75,0,613725
NIFTY-III.NFO,10/03/2025,09:40:46,22921,22921.75,75,22922,75,0,613725
NIFTY-III.NFO,10/03/2025,09:40:49,22922,22921.75,75,22923.8,150,75,613725
NIFTY-III.NFO,10/03/2025,09:40:49,22922,22921.75,75,22923.8,150,0,613725
NIFTY-III.NFO,10/03/2025,09:40:51,22922,22921.75,75,22923.45,150,0,613725
NIFTY-III.NFO,10/03/2025,09:40:53,22923.85,22917.6,75,22921.7,225,1125,613725
NIFTY-III.NFO,10/03/2025,09:40:53,22923.85,22917.6,75,22921.7,225,0,613725
NIFTY-III.NFO,10/03/2025,09:40:54,22923.85,22917.6,75,22921.75,75,0,613725
NIFTY-III.NFO,10/03/2025,09:40:56,22923.85,22917.6,75,22922.8,300,0,613725
NIFTY-III.NFO,10/03/2025,09:40:58,22923.85,22917.6,75,22921.7,225,0,613725
NIFTY-III.NFO,10/03/2025,09:40:59,22923.85,22917.6,75,22918.5,225,0,613725
NIFTY-III.NFO,10/03/2025,09:41:01,22917.6,22915,75,22916.7,150,75,613725
NIFTY-III.NFO,10/03/2025,09:41:03,22917.6,22915,75,22919.05,150,0,613725
NIFTY-III.NFO,10/03/2025,09:41:04,22917.6,22915,75,22918.85,150,0,613725
NIFTY-III.NFO,10/03/2025,09:41:06,22917.6,22915,75,22921.15,150,0,613725
NIFTY-III.NFO,10/03/2025,09:41:08,22917.6,22915.05,225,22921.9,150,0,613725
NIFTY-III.NFO,10/03/2025,09:41:09,22917.6,22915.05,225,22923,150,0,613725
NIFTY-III.NFO,10/03/2025,09:41:11,22917.6,22915.05,225,22922.15,225,0,613725
NIFTY-III.NFO,10/03/2025,09:41:13,22917.6,22915.05,225,22922.15,150,0,613725
NIFTY-III.NFO,10/03/2025,09:41:17,22917.6,22915.05,225,22922.75,150,0,613725
NIFTY-III.NFO,10/03/2025,09:41:19,22917.6,22915.45,150,22923,75,0,613725
NIFTY-III.NFO,10/03/2025,09:41:21,22917.6,22916.55,150,22923,75,0,613725
NIFTY-III.NFO,10/03/2025,09:41:24,22917.6,22916.55,150,22923,150,0,613725
NIFTY-III.NFO,10/03/2025,09:41:26,22916.55,22916.6,150,22923,75,150,613725
NIFTY-III.NFO,10/03/2025,09:41:27,22916.55,22916.8,150,22923,150,0,613725
NIFTY-III.NFO,10/03/2025,09:41:29,22916.55,22917.35,225,22923,75,0,613725
NIFTY-III.NFO,10/03/2025,09:41:31,22916.55,22921,75,22922.65,150,0,613725
NIFTY-III.NFO,10/03/2025,09:41:32,22916.55,22921,75,22923,75,0,613725
NIFTY-III.NFO,10/03/2025,09:41:34,22923,22922,75,22923.2,75,75,613725
NIFTY-III.NFO,10/03/2025,09:41:36,22923,22922,75,22923.2,75,0,613725
NIFTY-III.NFO,10/03/2025,09:41:39,22923,22922,75,22923,75,0,613725
NIFTY-III.NFO,10/03/2025,09:41:44,22922,22921,75,22923,75,75,613725
NIFTY-III.NFO,10/03/2025,09:41:46,22922,22921,75,22923,75,0,613725
NIFTY-III.NFO,10/03/2025,09:41:54,22921,22920,75,22923,75,75,613725
NIFTY-III.NFO,10/03/2025,09:41:56,22921,22920,75,22923,75,0,613725
NIFTY-III.NFO,10/03/2025,09:41:57,22921,22921.05,150,22923,75,0,613725
NIFTY-III.NFO,10/03/2025,09:41:59,22923.05,22923.2,75,22924.75,75,150,613725
NIFTY-III.NFO,10/03/2025,09:42:01,22925.4,22926.6,75,22935,225,525,613725
NIFTY-III.NFO,10/03/2025,09:42:01,22925.4,22926.6,75,22935,225,0,613725
NIFTY-III.NFO,10/03/2025,09:42:02,22925.4,22930.65,75,22935,225,0,613725
NIFTY-III.NFO,10/03/2025,09:42:04,22925.4,22930.1,75,22935,225,0,613725
NIFTY-III.NFO,10/03/2025,09:42:06,22925.4,22928.9,75,22935,225,0,613725
NIFTY-III.NFO,10/03/2025,09:42:07,22929.25,22931.2,150,22935,225,75,613725
NIFTY-III.NFO,10/03/2025,09:42:07,22929.25,22931.2,150,22935,225,0,613725
NIFTY-III.NFO,10/03/2025,09:42:09,22929.25,22934.1,150,22935,225,0,613725
NIFTY-III.NFO,10/03/2025,09:42:10,22929.25,22934.35,375,22935,225,0,613725
NIFTY-III.NFO,10/03/2025,09:42:12,22935,22934.2,375,22937.85,75,225,613725
NIFTY-III.NFO,10/03/2025,09:42:12,22935,22934.2,375,22937.85,75,0,613725
NIFTY-III.NFO,10/03/2025,09:42:14,22935,22934.2,300,22937.85,75,0,613725
NIFTY-III.NFO,10/03/2025,09:42:15,22935,22933.4,375,22937.85,75,0,613725
NIFTY-III.NFO,10/03/2025,09:42:17,22935,22936.9,300,22937.85,75,0,613725
NIFTY-III.NFO,10/03/2025,09:42:19,22937.85,22938.2,75,22940,75,75,613725
NIFTY-III.NFO,10/03/2025,09:42:19,22937.85,22938.2,75,22940,75,0,613725
NIFTY-III.NFO,10/03/2025,09:42:20,22937.85,22935,75,22940,75,0,613725
NIFTY-III.NFO,10/03/2025,09:42:22,22937.85,22935,150,22940,75,0,613725
NIFTY-III.NFO,10/03/2025,09:42:24,22937.85,22935,75,22940,75,0,613725
NIFTY-III.NFO,10/03/2025,09:42:25,22937.85,22935,150,22940,75,0,613725
NIFTY-III.NFO,10/03/2025,09:42:27,22937.85,22938.85,225,22940,75,0,613725
NIFTY-III.NFO,10/03/2025,09:42:29,22939.65,22939.35,150,22940,75,75,613725
NIFTY-III.NFO,10/03/2025,09:42:29,22939.65,22939.35,150,22940,75,0,613725
NIFTY-III.NFO,10/03/2025,09:42:30,22940,22937.6,225,22944.95,225,75,613725
NIFTY-III.NFO,10/03/2025,09:42:30,22940,22937.6,225,22944.95,225,0,613725
NIFTY-III.NFO,10/03/2025,09:42:32,22940,22937.6,225,22944.95,75,0,613725
NIFTY-III.NFO,10/03/2025,09:42:33,22940,22938.65,150,22945,150,0,613725
NIFTY-III.NFO,10/03/2025,09:42:35,22940,22937.05,225,22944.95,225,0,613725
NIFTY-III.NFO,10/03/2025,09:42:37,22940,22937.85,225,22944.7,75,0,613725
NIFTY-III.NFO,10/03/2025,09:42:38,22940,22937.85,150,22944.65,150,0,613725
NIFTY-III.NFO,10/03/2025,09:42:42,22940,22937.1,150,22944.65,150,0,613725
NIFTY-III.NFO,10/03/2025,09:42:43,22940,22935.55,225,22944.4,150,0,613725
NIFTY-III.NFO,10/03/2025,09:42:45,22940,22937.2,150,22943.7,150,0,613725
NIFTY-III.NFO,10/03/2025,09:42:47,22940,22936.55,225,22944.95,225,0,613725
NIFTY-III.NFO,10/03/2025,09:42:48,22940,22936,225,22944.25,150,0,613725
NIFTY-III.NFO,10/03/2025,09:42:50,22940,22935.75,75,22943.95,150,0,613725
NIFTY-III.NFO,10/03/2025,09:42:52,22940,22935.35,225,22943.95,150,0,613725
NIFTY-III.NFO,10/03/2025,09:42:53,22937.55,22937.9,150,22944,75,75,613725
NIFTY-III.NFO,10/03/2025,09:42:55,22937.55,22938.05,75,22944,75,0,613725
NIFTY-III.NFO,10/03/2025,09:42:57,22938.05,22936.75,225,22943.95,75,75,613725
NIFTY-III.NFO,10/03/2025,09:42:58,22938.05,22937.6,150,22944,150,0,613725
NIFTY-III.NFO,10/03/2025,09:43:00,22938.05,22938.55,225,22944,150,0,613725
NIFTY-III.NFO,10/03/2025,09:43:02,22938.05,22940.1,450,22944,150,0,613725
NIFTY-III.NFO,10/03/2025,09:43:03,22941.7,22940.1,75,22944,150,75,613725
NIFTY-III.NFO,10/03/2025,09:43:03,22941.7,22940.1,75,22944,150,0,613725
NIFTY-III.NFO,10/03/2025,09:43:05,22941.7,22939,75,22944,150,0,613725
NIFTY-III.NFO,10/03/2025,09:43:08,22944,22939.95,150,22944,75,75,613725
NIFTY-III.NFO,10/03/2025,09:43:08,22944,22939.95,150,22944,75,0,613725
NIFTY-III.NFO,10/03/2025,09:43:10,22944,22939.25,75,22944,75,0,613725
NIFTY-III.NFO,10/03/2025,09:43:13,22944,22940,150,22944,75,0,613725
NIFTY-III.NFO,10/03/2025,09:43:16,22945,22940,150,22947.3,225,150,613725
NIFTY-III.NFO,10/03/2025,09:43:16,22945,22940,150,22947.3,225,0,613725
NIFTY-III.NFO,10/03/2025,09:43:18,22945,22940,75,22947.3,225,0,613725
NIFTY-III.NFO,10/03/2025,09:43:19,22945,22940,150,22947.3,225,0,613725
NIFTY-III.NFO,10/03/2025,09:43:21,22945,22940,150,22947,75,0,613725
NIFTY-III.NFO,10/03/2025,09:43:23,22945,22940.3,375,22948,75,0,613725
NIFTY-III.NFO,10/03/2025,09:43:24,22945,22943.05,225,22948,75,0,613725
NIFTY-III.NFO,10/03/2025,09:43:26,22945,22941.15,75,22947.95,225,0,613725
NIFTY-III.NFO,10/03/2025,09:43:27,22945,22941.55,225,22945,75,0,613725
NIFTY-III.NFO,10/03/2025,09:43:29,22945,22940.85,225,22945,75,0,613725
NIFTY-III.NFO,10/03/2025,09:43:30,22945,22941.6,375,22945,75,0,613725
NIFTY-III.NFO,10/03/2025,09:43:32,22945,22942.85,150,22945,75,0,613725
NIFTY-III.NFO,10/03/2025,09:43:34,22945,22941.2,150,22945,75,0,613725
NIFTY-III.NFO,10/03/2025,09:43:35,22945,22940.05,150,22945,75,0,613725
NIFTY-III.NFO,10/03/2025,09:43:37,22945,22940.8,225,22945,75,0,613725
NIFTY-III.NFO,10/03/2025,09:43:39,22945,22941.8,225,22945,75,0,613725
NIFTY-III.NFO,10/03/2025,09:43:42,22945,22943.9,225,22945,75,0,613725
NIFTY-III.NFO,10/03/2025,09:43:46,22945,22943.2,300,22948,75,75,614475
NIFTY-III.NFO,10/03/2025,09:43:47,22945,22942.85,225,22948,75,0,614475
NIFTY-III.NFO,10/03/2025,09:43:49,22945,22944.3,375,22948,75,0,614475
NIFTY-III.NFO,10/03/2025,09:43:50,22947.25,22947.5,375,22948,75,75,614475
NIFTY-III.NFO,10/03/2025,09:43:50,22947.25,22947.5,375,22948,75,0,614475
NIFTY-III.NFO,10/03/2025,09:43:52,22947.25,22946.65,150,22948,75,0,614475
NIFTY-III.NFO,10/03/2025,09:43:54,22947.25,22947.95,225,22948,75,0,614475
NIFTY-III.NFO,10/03/2025,09:43:55,22949,22948.75,150,22950,1125,375,614475
NIFTY-III.NFO,10/03/2025,09:43:55,22949,22948.75,150,22950,1125,0,614475
NIFTY-III.NFO,10/03/2025,09:43:57,22950,22949.95,75,22950,825,300,614475
NIFTY-III.NFO,10/03/2025,09:43:57,22950,22949.95,75,22950,825,0,614475
NIFTY-III.NFO,10/03/2025,09:43:59,22950,22948.1,75,22950,825,0,614475
NIFTY-III.NFO,10/03/2025,09:44:00,22950,22946.7,150,22950,825,0,614475
NIFTY-III.NFO,10/03/2025,09:44:02,22950,22948.45,75,22950,825,0,614475
NIFTY-III.NFO,10/03/2025,09:44:03,22950,22947.9,75,22950,825,0,614475
NIFTY-III.NFO,10/03/2025,09:44:05,22950,22947.15,375,22950,750,150,614475
NIFTY-III.NFO,10/03/2025,09:44:07,22950,22947.15,375,22950,750,0,614475
NIFTY-III.NFO,10/03/2025,09:44:08,22950,22945.5,150,22950,750,0,614475
NIFTY-III.NFO,10/03/2025,09:44:10,22950,22945.45,375,22950,750,0,614475
NIFTY-III.NFO,10/03/2025,09:44:11,22950,22945.5,150,22950,750,0,614475
NIFTY-III.NFO,10/03/2025,09:44:13,22950,22946.7,375,22950,750,0,614475
NIFTY-III.NFO,10/03/2025,09:44:15,22950,22947.4,375,22950,750,0,614475
NIFTY-III.NFO,10/03/2025,09:44:16,22950,22946.65,1125,22950,750,0,614475
NIFTY-III.NFO,10/03/2025,09:44:19,22950,22946.5,375,22950,750,0,614475
NIFTY-III.NFO,10/03/2025,09:44:21,22950,22946.5,375,22947,75,0,614475
NIFTY-III.NFO,10/03/2025,09:44:24,22947,22946.35,150,22950,750,75,614475
NIFTY-III.NFO,10/03/2025,09:44:26,22950,22946.65,750,22950,675,150,614475
NIFTY-III.NFO,10/03/2025,09:44:28,22950,22945.4,450,22950,675,0,614475
NIFTY-III.NFO,10/03/2025,09:44:29,22950,22945.4,375,22950,675,0,614475
NIFTY-III.NFO,10/03/2025,09:44:31,22950,22947.2,375,22950,675,0,614475
NIFTY-III.NFO,10/03/2025,09:44:32,22950,22946.3,375,22950,600,75,614475
NIFTY-III.NFO,10/03/2025,09:44:34,22950,22944.9,825,22949.95,150,0,614475
NIFTY-III.NFO,10/03/2025,09:44:36,22950,22944,375,22949.95,225,0,614475
NIFTY-III.NFO,10/03/2025,09:44:37,22950,22942.1,825,22949.95,225,0,614475
NIFTY-III.NFO,10/03/2025,09:44:39,22950,22942.2,75,22949.95,225,0,614475
NIFTY-III.NFO,10/03/2025,09:44:41,22950,22942.15,375,22949.95,225,0,614475
NIFTY-III.NFO,10/03/2025,09:44:42,22950,22943.7,375,22949.95,150,0,614475
NIFTY-III.NFO,10/03/2025,09:44:44,22950,22945.25,825,22950,600,0,614475
NIFTY-III.NFO,10/03/2025,09:44:46,22950,22947.5,150,22950,600,0,614475
NIFTY-III.NFO,10/03/2025,09:44:47,22950,22947.65,375,22950,600,0,614475
NIFTY-III.NFO,10/03/2025,09:44:49,22950,22948.4,450,22950,375,225,614475
NIFTY-III.NFO,10/03/2025,09:44:51,22950,22948.4,375,22950,375,0,614475
NIFTY-III.NFO,10/03/2025,09:44:52,22950,22947.25,375,22950,375,0,614475
NIFTY-III.NFO,10/03/2025,09:44:54,22950,22947.75,450,22950,375,0,614475
NIFTY-III.NFO,10/03/2025,09:44:56,22950,22949.35,375,22950,375,0,614475
NIFTY-III.NFO,10/03/2025,09:44:59,22950,22949.75,375,22950,75,300,614475
NIFTY-III.NFO,10/03/2025,09:45:01,22950,22953.3,375,22954.1,75,75,614475
NIFTY-III.NFO,10/03/2025,09:45:02,22956.1,22954.9,75,22956.35,75,825,614475
NIFTY-III.NFO,10/03/2025,09:45:02,22956.1,22954.9,75,22956.35,75,0,614475
NIFTY-III.NFO,10/03/2025,09:45:04,22956.1,22953.4,450,22956.35,75,0,614475
NIFTY-III.NFO,10/03/2025,09:45:06,22956.1,22954.25,375,22956.35,75,0,614475
NIFTY-III.NFO,10/03/2025,09:45:07,22956.6,22956.7,75,22956.85,75,225,614475
NIFTY-III.NFO,10/03/2025,09:45:07,22956.6,22956.7,75,22956.85,75,0,614475
NIFTY-III.NFO,10/03/2025,09:45:09,22956.6,22955.1,450,22957.1,75,0,614475
NIFTY-III.NFO,10/03/2025,09:45:11,22956.6,22956.1,75,22957.1,75,0,614475
NIFTY-III.NFO,10/03/2025,09:45:12,22956.1,22953.6,375,22957.1,75,75,614475
NIFTY-III.NFO,10/03/2025,09:45:14,22956.1,22952.3,375,22957.05,150,0,614475
NIFTY-III.NFO,10/03/2025,09:45:17,22956.1,22953.75,375,22957.1,75,0,614475
NIFTY-III.NFO,10/03/2025,09:45:19,22956.1,22955.65,375,22957.1,75,0,614475
NIFTY-III.NFO,10/03/2025,09:45:21,22956.1,22956.2,375,22957.1,75,0,614475
NIFTY-III.NFO,10/03/2025,09:45:22,22956.1,22955.2,75,22957.1,75,0,614475
NIFTY-III.NFO,10/03/2025,09:45:24,22956.1,22953.45,75,22956,75,0,614475
NIFTY-III.NFO,10/03/2025,09:45:26,22956.1,22952.7,375,22956,75,0,614475
NIFTY-III.NFO,10/03/2025,09:45:27,22956.1,22952.9,375,22956,75,0,614475
NIFTY-III.NFO,10/03/2025,09:45:29,22956.1,22952.45,75,22956,75,0,614475
NIFTY-III.NFO,10/03/2025,09:45:31,22956.1,22950.6,375,22955.95,150,0,614475
NIFTY-III.NFO,10/03/2025,09:45:32,22956.1,22951.25,375,22955.95,150,0,614475
NIFTY-III.NFO,10/03/2025,09:45:36,22956.1,22951.3,375,22955.95,150,0,614475
NIFTY-III.NFO,10/03/2025,09:45:37,22956.1,22950.85,375,22955.95,150,0,614475
NIFTY-III.NFO,10/03/2025,09:45:41,22956.1,22950,75,22955.95,150,0,614475
NIFTY-III.NFO,10/03/2025,09:45:42,22950,22949.25,375,22955.95,150,75,614475
NIFTY-III.NFO,10/03/2025,09:45:44,22950,22949.7,75,22955.95,150,0,614475
NIFTY-III.NFO,10/03/2025,09:45:46,22950.65,22949.85,150,22955.95,150,75,614475
NIFTY-III.NFO,10/03/2025,09:45:47,22950.65,22950.75,375,22954,75,0,614475
NIFTY-III.NFO,10/03/2025,09:45:49,22950.65,22948.55,150,22954,75,0,614475
NIFTY-III.NFO,10/03/2025,09:45:53,22950.65,22948,375,22953.95,150,0,614475
NIFTY-III.NFO,10/03/2025,09:45:54,22946.45,22946.35,375,22953.95,150,75,614475
NIFTY-III.NFO,10/03/2025,09:45:56,22946.45,22945.4,375,22953.4,75,0,614475
NIFTY-III.NFO,10/03/2025,09:45:58,22946.45,22944.75,375,22952.65,150,0,614475
NIFTY-III.NFO,10/03/2025,09:45:59,22946.45,22944.15,450,22952.65,150,0,614475
NIFTY-III.NFO,10/03/2025,09:46:01,22946.45,22942.35,150,22950.45,150,0,614475
NIFTY-III.NFO,10/03/2025,09:46:03,22946.45,22942.35,75,22949.6,150,0,614475
NIFTY-III.NFO,10/03/2025,09:46:04,22946.45,22942.35,150,22950.2,150,0,614475
NIFTY-III.NFO,10/03/2025,09:46:06,22946.45,22942.35,150,22950.35,150,0,614475
NIFTY-III.NFO,10/03/2025,09:46:08,22946.45,22942.45,150,22950.45,150,0,614475
NIFTY-III.NFO,10/03/2025,09:46:09,22946.45,22944.05,450,22951.5,150,0,614475
NIFTY-III.NFO,10/03/2025,09:46:11,22946.45,22942.6,75,22950.7,150,0,614475
NIFTY-III.NFO,10/03/2025,09:46:13,22946.45,22942.25,450,22950.7,150,0,614475
NIFTY-III.NFO,10/03/2025,09:46:16,22946.45,22942.9,450,22950.7,150,0,614475
NIFTY-III.NFO,10/03/2025,09:46:18,22946.45,22942.35,75,22949.6,150,0,614475
NIFTY-III.NFO,10/03/2025,09:46:19,22946.45,22942.35,75,22947.65,150,0,614475
NIFTY-III.NFO,10/03/2025,09:46:21,22946.45,22942.35,75,22945.1,150,0,614475
NIFTY-III.NFO,10/03/2025,09:46:23,22943.75,22942.35,75,22943.75,75,75,614475
NIFTY-III.NFO,10/03/2025,09:46:24,22943.75,22942.35,75,22944.85,150,0,614475
NIFTY-III.NFO,10/03/2025,09:46:28,22942.35,22940.05,150,22947.3,150,75,614475
NIFTY-III.NFO,10/03/2025,09:46:29,22942.35,22940.05,150,22947.3,150,0,614475
NIFTY-III.NFO,10/03/2025,09:46:31,22942.35,22940.05,150,22948.45,150,0,614475
NIFTY-III.NFO,10/03/2025,09:46:33,22942.35,22940.05,150,22947.65,150,0,614475
NIFTY-III.NFO,10/03/2025,09:46:34,22942.35,22940.05,75,22942,75,0,614475
NIFTY-III.NFO,10/03/2025,09:46:38,22942.35,22940,75,22940.05,75,0,614475
NIFTY-III.NFO,10/03/2025,09:46:41,22940,22938.85,375,22940.05,75,75,614475
NIFTY-III.NFO,10/03/2025,09:46:43,22940,22938.85,150,22942,75,0,614475
NIFTY-III.NFO,10/03/2025,09:46:44,22940,22939.05,75,22942,75,0,614475
NIFTY-III.NFO,10/03/2025,09:46:48,22940,22939.25,75,22942,75,0,614475
NIFTY-III.NFO,10/03/2025,09:46:49,22940,22939.9,150,22942,75,0,614475
NIFTY-III.NFO,10/03/2025,09:46:51,22940,22940.15,75,22942,75,0,614475
NIFTY-III.NFO,10/03/2025,09:46:53,22940,22940.55,150,22942,75,0,614475
NIFTY-III.NFO,10/03/2025,09:46:54,22940,22941.2,150,22942,75,0,614475
NIFTY-III.NFO,10/03/2025,09:46:56,22942,22941.2,150,22948.65,75,75,616050
NIFTY-III.NFO,10/03/2025,09:46:58,22942,22943.5,75,22948.65,75,0,616050
NIFTY-III.NFO,10/03/2025,09:46:59,22942,22944.95,150,22948.65,75,0,616050
NIFTY-III.NFO,10/03/2025,09:47:01,22942,22944.15,75,22948.65,75,0,616050
NIFTY-III.NFO,10/03/2025,09:47:03,22942,22945.35,150,22948.65,75,0,616050
NIFTY-III.NFO,10/03/2025,09:47:04,22942,22947.85,150,22948.65,75,0,616050
NIFTY-III.NFO,10/03/2025,09:47:06,22947.85,22946.5,375,22950,75,150,616050
NIFTY-III.NFO,10/03/2025,09:47:08,22947.85,22946.1,375,22950,75,0,616050
NIFTY-III.NFO,10/03/2025,09:47:11,22947.85,22947.95,375,22950,75,0,616050
NIFTY-III.NFO,10/03/2025,09:47:13,22950,22952,450,22956.1,600,225,616050
NIFTY-III.NFO,10/03/2025,09:47:14,22950,22954.55,375,22956.1,600,0,616050
NIFTY-III.NFO,10/03/2025,09:47:19,22950,22951.1,375,22956.1,600,0,616050
NIFTY-III.NFO,10/03/2025,09:47:21,22950,22949.6,600,22956.1,600,0,616050
NIFTY-III.NFO,10/03/2025,09:47:22,22950,22949.6,150,22956.05,150,0,616050
NIFTY-III.NFO,10/03/2025,09:47:24,22956.05,22950.45,75,22956.1,600,75,616050
NIFTY-III.NFO,10/03/2025,09:47:26,22956.05,22952.2,375,22956.1,600,0,616050
NIFTY-III.NFO,10/03/2025,09:47:29,22956.05,22951.25,150,22956.1,600,0,616050
NIFTY-III.NFO,10/03/2025,09:47:31,22956.05,22950.95,75,22956.05,225,0,616050
NIFTY-III.NFO,10/03/2025,09:47:32,22950.5,22951.35,375,22956.1,600,300,616050
NIFTY-III.NFO,10/03/2025,09:47:34,22950.5,22951.4,75,22956.1,600,0,616050
NIFTY-III.NFO,10/03/2025,09:47:36,22950.5,22951.35,375,22956.1,600,0,616050
NIFTY-III.NFO,10/03/2025,09:47:37,22950.5,22950,225,22956.05,225,0,616050
NIFTY-III.NFO,10/03/2025,09:47:39,22950.5,22950,225,22954.85,75,0,616050
NIFTY-III.NFO,10/03/2025,09:47:40,22947.85,22941.55,75,22947.7,150,300,616050
NIFTY-III.NFO,10/03/2025,09:47:42,22947.85,22941.95,75,22949,150,0,616050
NIFTY-III.NFO,10/03/2025,09:47:44,22947.85,22943.2,375,22949.35,75,0,616050
NIFTY-III.NFO,10/03/2025,09:47:45,22947.85,22942,75,22948.65,225,0,616050
NIFTY-III.NFO,10/03/2025,09:47:47,22947.85,22942.75,375,22948.35,150,0,616050
NIFTY-III.NFO,10/03/2025,09:47:49,22947.85,22939.5,375,22946.45,150,0,616050
NIFTY-III.NFO,10/03/2025,09:47:50,22947.85,22939.55,75,22947.1,225,0,616050
NIFTY-III.NFO,10/03/2025,09:47:52,22947.85,22940.9,375,22947.3,225,0,616050
NIFTY-III.NFO,10/03/2025,09:47:54,22947.85,22941.8,150,22948.7,225,0,616050
NIFTY-III.NFO,10/03/2025,09:47:55,22947.85,22942.95,75,22949.75,75,0,616050
NIFTY-III.NFO,10/03/2025,09:47:57,22947.85,22941.4,450,22948.75,150,0,616050
NIFTY-III.NFO,10/03/2025,09:47:59,22947.85,22940.45,375,22947.35,225,0,616050
NIFTY-III.NFO,10/03/2025,09:48:00,22947.85,22939.9,75,22946.45,225,0,616050
NIFTY-III.NFO,10/03/2025,09:48:02,22947.85,22940.55,375,22946.35,150,0,616050
NIFTY-III.NFO,10/03/2025,09:48:04,22947.85,22940.75,75,22947.25,75,0,616050
NIFTY-III.NFO,10/03/2025,09:48:05,22946.55,22940.55,375,22946.55,150,225,616050
NIFTY-III.NFO,10/03/2025,09:48:07,22946.55,22940.9,225,22947.55,150,0,616050
NIFTY-III.NFO,10/03/2025,09:48:09,22946.55,22941.9,150,22949.45,150,0,616050
NIFTY-III.NFO,10/03/2025,09:48:12,22946.55,22943.4,375,22949.95,150,0,616050
NIFTY-III.NFO,10/03/2025,09:48:14,22946.55,22947.85,225,22950,75,0,616050
NIFTY-III.NFO,10/03/2025,09:48:17,22946.55,22947.85,225,22949.8,75,0,616050
NIFTY-III.NFO,10/03/2025,09:48:18,22946.55,22947.85,225,22949,75,0,616050
NIFTY-III.NFO,10/03/2025,09:48:20,22946.55,22947.85,225,22948,75,0,616050
NIFTY-III.NFO,10/03/2025,09:48:22,22946.55,22947.85,225,22949.95,75,0,616050
NIFTY-III.NFO,10/03/2025,09:48:23,22946.55,22947.85,225,22949.3,75,0,616050
NIFTY-III.NFO,10/03/2025,09:48:25,22946.55,22947.85,225,22949.25,150,0,616050
NIFTY-III.NFO,10/03/2025,09:48:27,22946.55,22947.85,225,22949.95,75,0,616050
NIFTY-III.NFO,10/03/2025,09:48:28,22949.95,22947.85,225,22950,75,75,616050
NIFTY-III.NFO,10/03/2025,09:48:30,22949.95,22947.85,225,22949.45,75,0,616050
NIFTY-III.NFO,10/03/2025,09:48:31,22949.95,22947.85,225,22948.8,75,0,616050
NIFTY-III.NFO,10/03/2025,09:48:33,22947.85,22947.85,150,22948.15,150,75,616050
NIFTY-III.NFO,10/03/2025,09:48:35,22947.85,22947.85,150,22948.6,150,0,616050
NIFTY-III.NFO,10/03/2025,09:48:36,22948.6,22947.85,75,22948.65,375,150,616050
NIFTY-III.NFO,10/03/2025,09:48:38,22947.85,22943.45,225,22950,150,75,616050
NIFTY-III.NFO,10/03/2025,09:48:40,22950,22943.2,75,22948.9,75,75,616050
NIFTY-III.NFO,10/03/2025,09:48:41,22950,22942.75,150,22948.9,75,0,616050
NIFTY-III.NFO,10/03/2025,09:48:43,22950,22942.95,75,22948.9,75,0,616050
NIFTY-III.NFO,10/03/2025,09:48:45,22950,22942.8,225,22948.9,75,0,616050
NIFTY-III.NFO,10/03/2025,09:48:46,22950,22943.3,150,22948.9,75,0,616050
NIFTY-III.NFO,10/03/2025,09:48:48,22950,22942.95,150,22948.9,75,0,616050
NIFTY-III.NFO,10/03/2025,09:48:50,22950,22944.05,150,22948.9,75,0,616050
NIFTY-III.NFO,10/03/2025,09:48:51,22950,22944.3,150,22948.9,75,0,616050
NIFTY-III.NFO,10/03/2025,09:48:53,22950,22942.75,225,22948.9,75,0,616050
NIFTY-III.NFO,10/03/2025,09:48:55,22950,22943.55,225,22948.9,75,0,616050
NIFTY-III.NFO,10/03/2025,09:48:56,22950,22944.25,75,22948.9,75,0,616050
NIFTY-III.NFO,10/03/2025,09:48:58,22950,22944.3,150,22948.9,75,0,616050
NIFTY-III.NFO,10/03/2025,09:49:03,22950,22944,150,22948.9,75,0,616050
NIFTY-III.NFO,10/03/2025,09:49:05,22950,22944.2,75,22948.9,75,0,616050
NIFTY-III.NFO,10/03/2025,09:49:06,22950,22943.65,225,22948.9,75,0,616050
NIFTY-III.NFO,10/03/2025,09:49:08,22950,22943.4,150,22948.9,75,0,616050
NIFTY-III.NFO,10/03/2025,09:49:10,22950,22943.35,75,22948.9,75,0,616050
NIFTY-III.NFO,10/03/2025,09:49:11,22950,22944.05,225,22948.9,75,0,616050
NIFTY-III.NFO,10/03/2025,09:49:16,22950,22944.3,150,22948.9,75,0,616050
NIFTY-III.NFO,10/03/2025,09:49:18,22950,22943,150,22948.9,75,0,616050
NIFTY-III.NFO,10/03/2025,09:49:20,22950,22942.4,75,22948.9,150,0,616050
NIFTY-III.NFO,10/03/2025,09:49:21,22950,22942.8,75,22948.9,75,0,616050
NIFTY-III.NFO,10/03/2025,09:49:23,22950,22943.2,225,22948.9,75,0,616050
NIFTY-III.NFO,10/03/2025,09:49:25,22950,22943.8,600,22948.9,75,0,616050
NIFTY-III.NFO,10/03/2025,09:49:26,22950,22944.5,225,22948.9,75,0,616050
NIFTY-III.NFO,10/03/2025,09:49:28,22950,22944.5,150,22948.9,75,0,616050
NIFTY-III.NFO,10/03/2025,09:49:29,22950,22944.2,150,22948.9,75,0,616050
NIFTY-III.NFO,10/03/2025,09:49:31,22950,22944,150,22948.9,75,0,616050
NIFTY-III.NFO,10/03/2025,09:49:32,22950,22944.2,225,22948.9,75,0,616050
NIFTY-III.NFO,10/03/2025,09:49:34,22950,22944.8,150,22948.9,75,0,616050
NIFTY-III.NFO,10/03/2025,09:49:36,22950,22944.65,225,22948.9,75,0,616050
NIFTY-III.NFO,10/03/2025,09:49:37,22950,22945.1,150,22948.9,75,0,616050
NIFTY-III.NFO,10/03/2025,09:49:39,22950,22946.7,225,22948.9,75,0,616050
NIFTY-III.NFO,10/03/2025,09:49:41,22949.25,22949.05,150,22950,225,150,616050
NIFTY-III.NFO,10/03/2025,09:49:42,22950,22950.05,150,22956.1,600,225,616200
NIFTY-III.NFO,10/03/2025,09:49:44,22950,22950.05,150,22956.1,600,0,616200
NIFTY-III.NFO,10/03/2025,09:49:46,22950,22950.25,225,22956.1,600,0,616200
NIFTY-III.NFO,10/03/2025,09:49:47,22950,22949.6,150,22956.1,600,0,616200
NIFTY-III.NFO,10/03/2025,09:49:49,22950,22947.35,150,22956.1,675,0,616200
NIFTY-III.NFO,10/03/2025,09:49:51,22950,22946.35,75,22954.4,450,0,616200
NIFTY-III.NFO,10/03/2025,09:49:52,22954.4,22947.25,150,22954.95,75,75,616200
NIFTY-III.NFO,10/03/2025,09:49:54,22954.4,22946.95,150,22954.95,75,0,616200
NIFTY-III.NFO,10/03/2025,09:49:56,22954.4,22946.3,150,22954.95,75,0,616200
NIFTY-III.NFO,10/03/2025,09:49:57,22954.4,22946.35,75,22954.95,75,0,616200
NIFTY-III.NFO,10/03/2025,09:49:59,22954.4,22944.9,75,22953.85,150,0,616200
NIFTY-III.NFO,10/03/2025,09:50:01,22954.4,22944.1,75,22952.3,375,0,616200
NIFTY-III.NFO,10/03/2025,09:50:02,22954.4,22943.4,75,22951.7,75,0,616200
NIFTY-III.NFO,10/03/2025,09:50:04,22954.4,22942.75,150,22953.1,75,0,616200
NIFTY-III.NFO,10/03/2025,09:50:06,22954.4,22943.9,150,22953.1,75,0,616200
NIFTY-III.NFO,10/03/2025,09:50:07,22954.4,22943.45,150,22951.8,75,0,616200
NIFTY-III.NFO,10/03/2025,09:50:09,22954.4,22942.75,150,22951.15,75,0,616200
NIFTY-III.NFO,10/03/2025,09:50:11,22954.4,22941.7,150,22950.5,75,0,616200
NIFTY-III.NFO,10/03/2025,09:50:12,22954.4,22940.7,150,22949.2,75,0,616200
NIFTY-III.NFO,10/03/2025,09:50:14,22954.4,22940.7,150,22949.75,75,0,616200
NIFTY-III.NFO,10/03/2025,09:50:16,22954.4,22940.7,150,22949.85,375,0,616200
NIFTY-III.NFO,10/03/2025,09:50:17,22954.4,22940,75,22948.3,75,0,616200
NIFTY-III.NFO,10/03/2025,09:50:19,22954.4,22940,75,22947.3,75,0,616200
NIFTY-III.NFO,10/03/2025,09:50:21,22945.75,22940,150,22947.85,375,75,616200
NIFTY-III.NFO,10/03/2025,09:50:22,22945.75,22940.75,150,22950,375,0,616200
NIFTY-III.NFO,10/03/2025,09:50:24,22945.75,22940.05,150,22947.9,375,0,616200
NIFTY-III.NFO,10/03/2025,09:50:26,22945.75,22940,150,22947.9,375,0,616200
NIFTY-III.NFO,10/03/2025,09:50:27,22948.85,22945.75,375,22949,375,75,616200
NIFTY-III.NFO,10/03/2025,09:50:29,22948.85,22945.75,375,22947.7,375,0,616200
NIFTY-III.NFO,10/03/2025,09:50:33,22947.7,22945.75,300,22947,375,150,616200
NIFTY-III.NFO,10/03/2025,09:50:34,22945.75,22945.75,225,22948.1,375,75,616200
NIFTY-III.NFO,10/03/2025,09:50:36,22948.1,22945.75,225,22948.75,375,75,616200
NIFTY-III.NFO,10/03/2025,09:50:38,22948.1,22945.75,225,22948.75,375,0,616200
NIFTY-III.NFO,10/03/2025,09:50:39,22947.7,22945.75,150,22948.1,375,150,616200
NIFTY-III.NFO,10/03/2025,09:50:41,22947.7,22945.75,150,22948.1,375,0,616200
NIFTY-III.NFO,10/03/2025,09:50:43,22945.75,22945.75,75,22948.1,375,75,616200
NIFTY-III.NFO,10/03/2025,09:50:44,22948.1,22945.75,75,22947.15,300,75,616200
NIFTY-III.NFO,10/03/2025,09:50:46,22945.75,22940,75,22945.05,300,75,616200
NIFTY-III.NFO,10/03/2025,09:50:48,22945.75,22940,75,22942.5,300,0,616200
NIFTY-III.NFO,10/03/2025,09:50:51,22940,22942.5,75,22944.6,300,75,616200
NIFTY-III.NFO,10/03/2025,09:50:53,22940,22942.5,75,22944.6,300,0,616200
NIFTY-III.NFO,10/03/2025,09:50:57,22940,22942.5,75,22945.75,75,0,616200
NIFTY-III.NFO,10/03/2025,09:50:59,22942.5,22940.95,75,22945.75,75,75,616200
NIFTY-III.NFO,10/03/2025,09:51:01,22942.5,22940.05,150,22945.75,75,0,616200
NIFTY-III.NFO,10/03/2025,09:51:02,22942.5,22939.65,75,22945.75,75,0,616200
NIFTY-III.NFO,10/03/2025,09:51:04,22942.5,22939.8,150,22945.75,75,0,616200
NIFTY-III.NFO,10/03/2025,09:51:06,22942.5,22938.5,225,22945.5,300,0,616200
NIFTY-III.NFO,10/03/2025,09:51:07,22942.5,22938.85,75,22945.5,300,0,616200
NIFTY-III.NFO,10/03/2025,09:51:09,22942.5,22936.85,150,22943.5,300,0,616200
NIFTY-III.NFO,10/03/2025,09:51:11,22942.5,22937.05,150,22944.55,300,0,616200
NIFTY-III.NFO,10/03/2025,09:51:12,22942.5,22936.8,75,22943.5,300,0,616200
NIFTY-III.NFO,10/03/2025,09:51:14,22942.5,22937.2,150,22942,75,0,616200
NIFTY-III.NFO,10/03/2025,09:51:16,22942.5,22936.85,75,22942,75,0,616200
NIFTY-III.NFO,10/03/2025,09:51:17,22942.5,22937.35,150,22942,75,0,616200
NIFTY-III.NFO,10/03/2025,09:51:19,22942.5,22937.65,150,22942,75,0,616200
NIFTY-III.NFO,10/03/2025,09:51:21,22942.5,22938.3,150,22942,75,0,616200
NIFTY-III.NFO,10/03/2025,09:51:22,22942.5,22938.95,150,22942,75,0,616200
NIFTY-III.NFO,10/03/2025,09:51:24,22942.5,22939.25,150,22942,75,0,616200
NIFTY-III.NFO,10/03/2025,09:51:25,22942.5,22939.7,150,22942,75,0,616200
NIFTY-III.NFO,10/03/2025,09:51:27,22939.7,22939.95,150,22942,75,75,616200
NIFTY-III.NFO,10/03/2025,09:51:29,22942,22941.15,225,22945.75,75,75,616200
NIFTY-III.NFO,10/03/2025,09:51:30,22942,22941.8,150,22945.75,75,0,616200
NIFTY-III.NFO,10/03/2025,09:51:32,22942,22942.25,150,22945.75,75,0,616200
NIFTY-III.NFO,10/03/2025,09:51:34,22942.9,22942.9,75,22945.75,75,75,616200
NIFTY-III.NFO,10/03/2025,09:51:35,22945.75,22943.25,150,22953.25,150,75,616200
NIFTY-III.NFO,10/03/2025,09:51:37,22945.75,22943.9,150,22953.25,150,0,616200
NIFTY-III.NFO,10/03/2025,09:51:38,22945.75,22944.85,150,22954.35,225,0,616200
NIFTY-III.NFO,10/03/2025,09:51:42,22945.75,22944.2,150,22953.1,150,0,616200
NIFTY-III.NFO,10/03/2025,09:51:43,22945.75,22942.25,150,22950.85,150,0,616200
NIFTY-III.NFO,10/03/2025,09:51:45,22945.75,22942.25,150,22951.7,150,0,616200
NIFTY-III.NFO,10/03/2025,09:51:47,22945.75,22943.05,150,22953.35,150,0,616200
NIFTY-III.NFO,10/03/2025,09:51:48,22945.75,22944.65,150,22953.2,150,0,616200
NIFTY-III.NFO,10/03/2025,09:51:50,22945.75,22944.1,75,22952.6,150,0,616200
NIFTY-III.NFO,10/03/2025,09:51:52,22945.75,22943.9,150,22952.6,150,0,616200
NIFTY-III.NFO,10/03/2025,09:51:53,22945.75,22942.65,150,22951.2,150,0,616200
NIFTY-III.NFO,10/03/2025,09:51:55,22945.75,22942.25,150,22951.15,150,0,616200
NIFTY-III.NFO,10/03/2025,09:51:57,22945.75,22941.8,150,22950.5,150,0,616200
NIFTY-III.NFO,10/03/2025,09:51:58,22945.75,22940.95,150,22949.55,150,0,616200
NIFTY-III.NFO,10/03/2025,09:52:00,22945.75,22940.25,150,22948.45,450,0,616200
NIFTY-III.NFO,10/03/2025,09:52:02,22945.75,22940.05,225,22948.7,150,0,616200
NIFTY-III.NFO,10/03/2025,09:52:03,22945.75,22940.05,225,22949.25,150,0,616200
NIFTY-III.NFO,10/03/2025,09:52:07,22945.75,22940,75,22948.1,225,0,616200
NIFTY-III.NFO,10/03/2025,09:52:08,22945.75,22940,75,22947.4,150,0,616200
NIFTY-III.NFO,10/03/2025,09:52:10,22945.75,22940,75,22947.1,450,0,616200
NIFTY-III.NFO,10/03/2025,09:52:11,22945.75,22940,75,22946.75,300,0,616200
NIFTY-III.NFO,10/03/2025,09:52:15,22938.7,22938.7,75,22947.05,150,150,616200
NIFTY-III.NFO,10/03/2025,09:52:16,22938.7,22937.7,75,22947.05,150,0,616200
NIFTY-III.NFO,10/03/2025,09:52:18,22938.7,22937.7,75,22946.95,150,0,616200
NIFTY-III.NFO,10/03/2025,09:52:20,22938.7,22937.7,75,22947.95,150,0,616200
NIFTY-III.NFO,10/03/2025,09:52:21,22938.7,22938.75,75,22949.15,150,0,616200
NIFTY-III.NFO,10/03/2025,09:52:23,22938.7,22939.15,75,22949.5,150,0,616200
NIFTY-III.NFO,10/03/2025,09:52:25,22938.7,22939.15,75,22948.5,150,0,616200
NIFTY-III.NFO,10/03/2025,09:52:26,22938.7,22939.15,75,22947.75,150,0,616200
NIFTY-III.NFO,10/03/2025,09:52:28,22938.7,22939.35,75,22947.35,150,0,616200
NIFTY-III.NFO,10/03/2025,09:52:30,22938.7,22939.05,75,22949.9,150,0,616200
NIFTY-III.NFO,10/03/2025,09:52:32,22938.7,22939.55,75,22949.8,150,0,616200
NIFTY-III.NFO,10/03/2025,09:52:33,22938.7,22939.4,600,22950.15,150,0,616200
NIFTY-III.NFO,10/03/2025,09:52:35,22940.45,22940.4,75,22951.1,150,75,616200
NIFTY-III.NFO,10/03/2025,09:52:37,22940.45,22941.1,450,22951.1,150,0,616200
NIFTY-III.NFO,10/03/2025,09:52:38,22940.45,22941.1,75,22950.85,300,0,616200
NIFTY-III.NFO,10/03/2025,09:52:40,22940.45,22939.6,75,22948.9,150,0,616200
NIFTY-III.NFO,10/03/2025,09:52:42,22940.45,22938.55,75,22947.25,150,0,616200
NIFTY-III.NFO,10/03/2025,09:52:43,22940.45,22938.3,75,22947.3,150,0,616200
NIFTY-III.NFO,10/03/2025,09:52:45,22940.45,22938.6,450,22949,150,0,616200
NIFTY-III.NFO,10/03/2025,09:52:47,22940.45,22940.45,150,22949.9,150,0,616200
NIFTY-III.NFO,10/03/2025,09:52:50,22940.45,22940.45,150,22949.1,150,0,616200
NIFTY-III.NFO,10/03/2025,09:52:51,22940.45,22940.45,150,22948.5,150,0,616200
NIFTY-III.NFO,10/03/2025,09:52:53,22940.45,22940.45,150,22948.05,150,0,616200
NIFTY-III.NFO,10/03/2025,09:52:55,22940.45,22940.45,150,22949.45,150,0,616200
NIFTY-III.NFO,10/03/2025,09:52:56,22940.45,22940.5,75,22949,150,0,616200
NIFTY-III.NFO,10/03/2025,09:52:58,22940.45,22940.5,150,22948.35,150,0,616200
NIFTY-III.NFO,10/03/2025,09:53:00,22940.45,22940.5,150,22949.15,150,0,616200
NIFTY-III.NFO,10/03/2025,09:53:01,22940.45,22940.5,150,22949.95,150,0,616200
NIFTY-III.NFO,10/03/2025,09:53:03,22940.45,22940.75,450,22949.95,150,0,616200
NIFTY-III.NFO,10/03/2025,09:53:05,22940.45,22940.75,75,22949.95,150,0,616200
NIFTY-III.NFO,10/03/2025,09:53:06,22940.45,22941.35,375,22949.95,150,0,616200
NIFTY-III.NFO,10/03/2025,09:53:11,22940.45,22941.35,375,22950,150,0,616200
NIFTY-III.NFO,10/03/2025,09:53:13,22940.45,22941.4,225,22949.95,150,0,616200
NIFTY-III.NFO,10/03/2025,09:53:14,22940.45,22942.75,450,22950,150,0,616200
NIFTY-III.NFO,10/03/2025,09:53:16,22940.45,22945.05,450,22950,150,0,616200
NIFTY-III.NFO,10/03/2025,09:53:18,22940.45,22945.55,75,22950,150,0,616200
NIFTY-III.NFO,10/03/2025,09:53:19,22940.45,22944.4,75,22950,150,0,616200
NIFTY-III.NFO,10/03/2025,09:53:22,22940.45,22942.25,450,22950,225,0,616200
NIFTY-III.NFO,10/03/2025,09:53:24,22940.45,22945.3,450,22950,225,0,616200
NIFTY-III.NFO,10/03/2025,09:53:29,22940.45,22945.7,450,22950,225,0,616200
NIFTY-III.NFO,10/03/2025,09:53:31,22940.45,22944.55,75,22950,225,0,616200
NIFTY-III.NFO,10/03/2025,09:53:33,22940.45,22944.65,525,22950,225,0,616200
NIFTY-III.NFO,10/03/2025,09:53:34,22940.45,22946.2,450,22950,225,0,616200
NIFTY-III.NFO,10/03/2025,09:53:36,22950,22948.5,375,22950,75,150,616350
NIFTY-III.NFO,10/03/2025,09:53:38,22950,22950.65,450,22956.1,600,150,616350
NIFTY-III.NFO,10/03/2025,09:53:39,22950,22950.1,600,22956.1,600,0,616350
NIFTY-III.NFO,10/03/2025,09:53:41,22950,22951,525,22956.1,600,0,616350
NIFTY-III.NFO,10/03/2025,09:53:43,22950,22952.6,825,22956.1,600,0,616350
NIFTY-III.NFO,10/03/2025,09:53:44,22950,22952.1,975,22956.1,600,0,616350
NIFTY-III.NFO,10/03/2025,09:53:46,22950,22950,150,22956.1,675,0,616350
NIFTY-III.NFO,10/03/2025,09:53:48,22950,22950.4,600,22956.1,600,0,616350
NIFTY-III.NFO,10/03/2025,09:53:49,22950,22952.4,450,22956.1,600,0,616350
NIFTY-III.NFO,10/03/2025,09:53:51,22952.4,22952.45,450,22956.1,600,75,616350
NIFTY-III.NFO,10/03/2025,09:53:52,22952.4,22952.45,375,22956.1,600,0,616350
NIFTY-III.NFO,10/03/2025,09:53:57,22952.4,22953.15,450,22956.1,600,0,616350
NIFTY-III.NFO,10/03/2025,09:53:59,22953.3,22953.95,450,22956.1,600,75,616350
NIFTY-III.NFO,10/03/2025,09:54:01,22957.85,22957.85,75,22959,75,675,616350
NIFTY-III.NFO,10/03/2025,09:54:01,22957.85,22957.85,75,22959,75,0,616350
NIFTY-III.NFO,10/03/2025,09:54:02,22965,22966.55,375,22967,75,300,616350
NIFTY-III.NFO,10/03/2025,09:54:02,22965,22966.55,375,22967,75,0,616350
NIFTY-III.NFO,10/03/2025,09:54:04,22965,22963.7,375,22967,75,0,616350
NIFTY-III.NFO,10/03/2025,09:54:06,22967,22962.3,150,22969.95,150,75,616350
NIFTY-III.NFO,10/03/2025,09:54:06,22967,22962.3,150,22969.95,150,0,616350
NIFTY-III.NFO,10/03/2025,09:54:07,22967,22962.6,450,22969.95,75,0,616350
NIFTY-III.NFO,10/03/2025,09:54:09,22967,22962.6,375,22969.95,225,0,616350
NIFTY-III.NFO,10/03/2025,09:54:11,22967,22960.7,150,22969.95,225,0,616350
NIFTY-III.NFO,10/03/2025,09:54:12,22967,22961.95,300,22969.95,225,0,616350
NIFTY-III.NFO,10/03/2025,09:54:14,22967,22960.2,600,22969.6,150,0,616350
NIFTY-III.NFO,10/03/2025,09:54:16,22967,22960.9,300,22969.6,150,0,616350
NIFTY-III.NFO,10/03/2025,09:54:19,22969.4,22959.85,75,22968.35,150,75,616350
NIFTY-III.NFO,10/03/2025,09:54:19,22969.4,22959.85,75,22968.35,150,0,616350
NIFTY-III.NFO,10/03/2025,09:54:21,22969.4,22959.5,75,22968.35,150,0,616350
NIFTY-III.NFO,10/03/2025,09:54:22,22969.4,22960.2,300,22967.95,225,0,616350
NIFTY-III.NFO,10/03/2025,09:54:24,22969.4,22959.75,75,22967.95,225,0,616350
NIFTY-III.NFO,10/03/2025,09:54:26,22969.4,22962.8,150,22968,75,0,616350
NIFTY-III.NFO,10/03/2025,09:54:27,22969.4,22962.3,75,22968,75,0,616350
NIFTY-III.NFO,10/03/2025,09:54:29,22969.4,22962.45,75,22968,75,0,616350
NIFTY-III.NFO,10/03/2025,09:54:30,22969.4,22963.95,75,22968,75,0,616350
NIFTY-III.NFO,10/03/2025,09:54:32,22969.4,22964.3,150,22968,75,0,616350
NIFTY-III.NFO,10/03/2025,09:54:34,22969.4,22962.95,75,22968,75,0,616350
NIFTY-III.NFO,10/03/2025,09:54:37,22969.4,22963.6,150,22968,75,0,616350
NIFTY-III.NFO,10/03/2025,09:54:39,22969.4,22963.65,75,22968,75,0,616350
NIFTY-III.NFO,10/03/2025,09:54:41,22969.4,22963.1,150,22968,75,0,616350
NIFTY-III.NFO,10/03/2025,09:54:42,22969.4,22963.75,75,22968,75,0,616350
NIFTY-III.NFO,10/03/2025,09:54:44,22969.4,22963.95,150,22968,75,0,616350
NIFTY-III.NFO,10/03/2025,09:54:46,22969.4,22964.4,150,22968,75,0,616350
NIFTY-III.NFO,10/03/2025,09:54:47,22969.4,22962.25,75,22968,75,0,616350
NIFTY-III.NFO,10/03/2025,09:54:49,22968,22961.05,75,22969.35,225,75,616350
NIFTY-III.NFO,10/03/2025,09:54:51,22968,22961.1,75,22969.35,225,0,616350
NIFTY-III.NFO,10/03/2025,09:54:54,22968,22962.3,75,22969.35,225,0,616350
NIFTY-III.NFO,10/03/2025,09:54:56,22968,22961.75,75,22969.35,225,0,616350
NIFTY-III.NFO,10/03/2025,09:54:57,22961.6,22960.9,150,22969.35,525,75,616350
NIFTY-III.NFO,10/03/2025,09:54:59,22961.6,22959.65,75,22967.15,150,0,616350
NIFTY-III.NFO,10/03/2025,09:55:01,22961.6,22959.95,75,22968,75,0,616350
NIFTY-III.NFO,10/03/2025,09:55:02,22961.6,22960.5,75,22968.95,150,0,616350
NIFTY-III.NFO,10/03/2025,09:55:04,22960.5,22959.85,450,22968.7,150,75,616350
NIFTY-III.NFO,10/03/2025,09:55:06,22960.5,22958.8,225,22968.7,150,0,616350
NIFTY-III.NFO,10/03/2025,09:55:07,22960.5,22958.8,225,22967.65,150,0,616350
NIFTY-III.NFO,10/03/2025,09:55:09,22968.05,22959.85,150,22968.25,150,75,616350
NIFTY-III.NFO,10/03/2025,09:55:11,22968.05,22961.1,450,22969,150,0,616350
NIFTY-III.NFO,10/03/2025,09:55:12,22968.05,22961.1,75,22969.1,225,0,616350
NIFTY-III.NFO,10/03/2025,09:55:14,22968.05,22959.65,225,22967.95,150,0,616350
NIFTY-III.NFO,10/03/2025,09:55:17,22968.05,22960.5,225,22965,150,0,616350
NIFTY-III.NFO,10/03/2025,09:55:19,22965,22960.5,75,22968,150,150,616350
NIFTY-III.NFO,10/03/2025,09:55:21,22965,22960.85,525,22968,75,0,616350
NIFTY-III.NFO,10/03/2025,09:55:22,22965,22962.15,525,22968,75,0,616350
NIFTY-III.NFO,10/03/2025,09:55:24,22965,22962.1,450,22968,75,0,616350
NIFTY-III.NFO,10/03/2025,09:55:26,22965,22959.95,75,22967.95,225,0,616350
NIFTY-III.NFO,10/03/2025,09:55:27,22965,22960.1,525,22967.95,150,0,616350
NIFTY-III.NFO,10/03/2025,09:55:29,22965,22960.6,225,22968,150,0,616350
