Ticker,Date,Time,LTP,BuyPrice,BuyQty,SellPrice,SellQty,LTQ,OpenInterest
NIFTY-I.NFO,10/03/2025,09:15:00,22599.9,22599.4,75,22600,2775,4125,18054525
NIFTY-I.NFO,10/03/2025,09:15:00,22599.9,22599.4,75,22600,2775,0,18054525
NIFTY-I.NFO,10/03/2025,09:15:00,22600,22599.4,75,22600,2775,0,18054525
NIFTY-I.NFO,10/03/2025,09:15:00,22599.4,22599.4,75,22600,2775,0,18054525
NIFTY-I.NFO,10/03/2025,09:15:01,22605.25,22601,75,22605.25,750,5025,18054525
NIFTY-I.NFO,10/03/2025,09:15:01,22605.9,22601,75,22605.25,750,0,18054525
NIFTY-I.NFO,10/03/2025,09:15:01,22591.25,22601,75,22605.25,750,0,18054525
NIFTY-I.NFO,10/03/2025,09:15:02,22599.4,22596,150,22599.4,1725,6075,18054525
NIFTY-I.NFO,10/03/2025,09:15:02,22608.15,22596,150,22599.4,1725,0,18054525
NIFTY-I.NFO,10/03/2025,09:15:04,22599.5,22595.55,75,22601,150,2625,18054525
NIFTY-I.NFO,10/03/2025,09:15:05,22595.55,22599.35,75,22600.95,600,1350,18054525
NIFTY-I.NFO,10/03/2025,09:15:07,22595.55,22595,300,22600.95,375,4125,18054525
NIFTY-I.NFO,10/03/2025,09:15:08,22592.05,22592.05,300,22598.15,225,3225,18054525
NIFTY-I.NFO,10/03/2025,09:15:10,22600,22600,75,22603.8,150,3375,18054525
NIFTY-I.NFO,10/03/2025,09:15:12,22595.7,22595.7,225,22599.4,4200,6825,18054525
NIFTY-I.NFO,10/03/2025,09:15:13,22597.9,22597.6,75,22597.9,1650,9450,18054525
NIFTY-I.NFO,10/03/2025,09:15:15,22597.9,22596.3,300,22597.9,525,5250,18054525
NIFTY-I.NFO,10/03/2025,09:15:16,22599.4,22599,75,22599.4,75,1725,18054525
NIFTY-I.NFO,10/03/2025,09:15:18,22601.55,22601.55,75,22604.9,300,675,18054525
NIFTY-I.NFO,10/03/2025,09:15:19,22606.5,22604.9,75,22607.25,75,1050,18054525
NIFTY-I.NFO,10/03/2025,09:15:21,22604.95,22604.95,375,22611.2,225,1500,18054525
NIFTY-I.NFO,10/03/2025,09:15:21,22610.85,22604.95,375,22611.2,225,0,18054525
NIFTY-I.NFO,10/03/2025,09:15:22,22610.4,22607.4,375,22610.4,300,900,18054525
NIFTY-I.NFO,10/03/2025,09:15:22,22611.25,22607.4,375,22610.4,300,0,18054525
NIFTY-I.NFO,10/03/2025,09:15:23,22610.95,22610.35,225,22612.8,75,1050,18054525
NIFTY-I.NFO,10/03/2025,09:15:23,22612.8,22610.35,225,22612.8,75,0,18054525
NIFTY-I.NFO,10/03/2025,09:15:25,22617.8,22615,900,22617.8,75,3450,18054525
NIFTY-I.NFO,10/03/2025,09:15:25,22621.05,22615,900,22617.8,75,0,18054525
NIFTY-I.NFO,10/03/2025,09:15:27,22617.7,22615.05,150,22616.45,75,3075,18054525
NIFTY-I.NFO,10/03/2025,09:15:28,22617.75,22612.7,375,22618,75,2175,18054525
NIFTY-I.NFO,10/03/2025,09:15:29,22621.2,22613.85,75,22621.2,75,1575,18054525
NIFTY-I.NFO,10/03/2025,09:15:29,22621.5,22613.85,75,22621.2,75,0,18054525
NIFTY-I.NFO,10/03/2025,09:15:31,22624.35,22617.85,375,22624.3,75,1575,18054525
NIFTY-I.NFO,10/03/2025,09:15:31,22624.4,22617.85,375,22624.3,75,0,18054525
NIFTY-I.NFO,10/03/2025,09:15:33,22626.9,22620.55,375,22625.5,75,2325,18054525
NIFTY-I.NFO,10/03/2025,09:15:33,22626.9,22620.55,375,22625.5,75,0,18054525
NIFTY-I.NFO,10/03/2025,09:15:34,22624.25,22624.25,150,22627.7,150,750,18054525
NIFTY-I.NFO,10/03/2025,09:15:34,22627,22624.25,150,22627.7,150,0,18054525
NIFTY-I.NFO,10/03/2025,09:15:36,22621.5,22622.25,300,22626,150,750,18054525
NIFTY-I.NFO,10/03/2025,09:15:37,22630,22626,150,22632.6,300,3975,18054525
NIFTY-I.NFO,10/03/2025,09:15:37,22630,22626,150,22632.6,300,0,18054525
NIFTY-I.NFO,10/03/2025,09:15:39,22626.6,22626.6,375,22633.45,300,1500,18054525
NIFTY-I.NFO,10/03/2025,09:15:39,22632.5,22626.6,375,22633.45,300,0,18054525
NIFTY-I.NFO,10/03/2025,09:15:40,22625.95,22625.05,300,22632.7,75,3900,18054525
NIFTY-I.NFO,10/03/2025,09:15:40,22634.4,22625.05,300,22632.7,75,0,18054525
NIFTY-I.NFO,10/03/2025,09:15:42,22629.5,22624.1,225,22629.25,75,3300,18054525
NIFTY-I.NFO,10/03/2025,09:15:43,22622.7,22622.75,300,22626.55,150,3150,18054525
NIFTY-I.NFO,10/03/2025,09:15:45,22624.1,22624.95,225,22628.2,1800,1050,18054525
NIFTY-I.NFO,10/03/2025,09:15:46,22621.9,22621.85,150,22622,225,3450,18054525
NIFTY-I.NFO,10/03/2025,09:15:48,22624.1,22621,75,22624.1,150,3225,18054525
NIFTY-I.NFO,10/03/2025,09:15:49,22620,22620.45,75,22625.95,75,2250,18054525
NIFTY-I.NFO,10/03/2025,09:15:51,22619.4,22619.25,75,22621.85,300,3075,18054525
NIFTY-I.NFO,10/03/2025,09:15:53,22627.9,22619.6,300,22625.6,225,3000,18054525
NIFTY-I.NFO,10/03/2025,09:15:54,22619.05,22619.05,150,22619.1,75,1425,18054525
NIFTY-I.NFO,10/03/2025,09:15:56,22620,22620,75,22623.2,375,375,18054525
NIFTY-I.NFO,10/03/2025,09:15:57,22622,22620,75,22622,1275,1425,18054525
NIFTY-I.NFO,10/03/2025,09:15:59,22622,22619.05,225,22622,675,1050,18054525
NIFTY-I.NFO,10/03/2025,09:16:00,22622,22618.6,75,22622,375,1050,18054525
NIFTY-I.NFO,10/03/2025,09:16:02,22622.55,22618.6,75,22622.45,300,2100,18054525
NIFTY-I.NFO,10/03/2025,09:16:03,22619.05,22616.9,75,22618.6,75,450,18054525
NIFTY-I.NFO,10/03/2025,09:16:05,22619.05,22616.9,75,22618.6,300,150,18054525
NIFTY-I.NFO,10/03/2025,09:16:06,22615.3,22615.3,375,22618.6,300,525,18054525
NIFTY-I.NFO,10/03/2025,09:16:08,22615.25,22615.25,150,22618.6,150,300,18054525
NIFTY-I.NFO,10/03/2025,09:16:10,22615.25,22615.25,150,22618.6,300,0,18054525
NIFTY-I.NFO,10/03/2025,09:16:11,22615.5,22616.6,225,22618.6,75,525,18054525
NIFTY-I.NFO,10/03/2025,09:16:12,22620,22618.55,150,22621.8,375,750,18054525
NIFTY-I.NFO,10/03/2025,09:16:14,22621.8,22621.2,300,22621.8,75,675,18054525
NIFTY-I.NFO,10/03/2025,09:16:15,22622.65,22622.05,75,22622.65,75,750,18054525
NIFTY-I.NFO,10/03/2025,09:16:17,22624.4,22623.9,75,22624.45,75,1800,18054525
NIFTY-I.NFO,10/03/2025,09:16:18,22623.25,22623.25,75,22625,750,1425,18054525
NIFTY-I.NFO,10/03/2025,09:16:20,22624.45,22623.2,75,22623.5,450,1425,18054525
NIFTY-I.NFO,10/03/2025,09:16:22,22625,22623.2,75,22625,375,75,18054525
NIFTY-I.NFO,10/03/2025,09:16:23,22625,22623.2,75,22625,150,225,18054525
NIFTY-I.NFO,10/03/2025,09:16:25,22626,22625,225,22626,300,825,18054525
NIFTY-I.NFO,10/03/2025,09:16:26,22623.2,22622.7,75,22623.2,225,525,18054525
NIFTY-I.NFO,10/03/2025,09:16:28,22622.65,22622.65,75,22626.7,150,1050,18054525
NIFTY-I.NFO,10/03/2025,09:16:29,22625.35,22622.05,75,22626.65,225,375,18054525
NIFTY-I.NFO,10/03/2025,09:16:31,22626.55,22622.5,150,22626.55,75,150,18054525
NIFTY-I.NFO,10/03/2025,09:16:32,22626,22626,75,22626.65,225,375,18054525
NIFTY-I.NFO,10/03/2025,09:16:34,22625,22624.9,150,22626.6,150,450,18054525
NIFTY-I.NFO,10/03/2025,09:16:35,22625,22624.2,675,22625,225,2550,18054525
NIFTY-I.NFO,10/03/2025,09:16:37,22627.85,22624.8,150,22627.9,75,600,18041850
NIFTY-I.NFO,10/03/2025,09:16:38,22627.85,22624,150,22627.85,150,150,18041850
NIFTY-I.NFO,10/03/2025,09:16:40,22627.85,22623.25,75,22627.85,150,600,18041850
NIFTY-I.NFO,10/03/2025,09:16:42,22626.35,22623.55,375,22627.85,300,150,18041850
NIFTY-I.NFO,10/03/2025,09:16:43,22626.65,22623,225,22626.5,150,525,18041850
NIFTY-I.NFO,10/03/2025,09:16:45,22626.5,22623,150,22626.45,300,300,18041850
NIFTY-I.NFO,10/03/2025,09:16:46,22625.45,22622,150,22625.45,75,675,18041850
NIFTY-I.NFO,10/03/2025,09:16:48,22622,22622,75,22623.25,75,75,18041850
NIFTY-I.NFO,10/03/2025,09:16:49,22625.25,22622.6,300,22623.25,150,750,18041850
NIFTY-I.NFO,10/03/2025,09:16:51,22624.05,22624,150,22626.15,525,1125,18041850
NIFTY-I.NFO,10/03/2025,09:16:53,22622.9,22625.1,75,22626.1,225,1275,18041850
NIFTY-I.NFO,10/03/2025,09:16:54,22626,22624.4,300,22626,150,600,18041850
NIFTY-I.NFO,10/03/2025,09:16:56,22626,22625.65,300,22626,675,1050,18041850
NIFTY-I.NFO,10/03/2025,09:16:57,22626.65,22626.3,75,22626.65,450,1725,18041850
NIFTY-I.NFO,10/03/2025,09:16:59,22627.65,22626.95,75,22627.85,600,1725,18041850
NIFTY-I.NFO,10/03/2025,09:17:00,22627.1,22627.05,75,22629.8,75,1200,18041850
NIFTY-I.NFO,10/03/2025,09:17:02,22627,22627.05,75,22630,150,300,18041850
NIFTY-I.NFO,10/03/2025,09:17:03,22629.05,22626.6,75,22627.1,75,2700,18041850
NIFTY-I.NFO,10/03/2025,09:17:05,22626.6,22626.6,75,22629.4,150,300,18041850
NIFTY-I.NFO,10/03/2025,09:17:07,22628.9,22626,75,22628.9,75,375,18041850
NIFTY-I.NFO,10/03/2025,09:17:08,22625,22625.05,75,22627.5,225,525,18041850
NIFTY-I.NFO,10/03/2025,09:17:09,22620.85,22620.85,75,22624.8,150,1725,18041850
NIFTY-I.NFO,10/03/2025,09:17:11,22622.05,22620.9,75,22623.05,300,75,18041850
NIFTY-I.NFO,10/03/2025,09:17:12,22621.15,22616.65,75,22620.9,75,2850,18041850
NIFTY-I.NFO,10/03/2025,09:17:14,22620.15,22616,75,22619.05,225,300,18041850
NIFTY-I.NFO,10/03/2025,09:17:15,22615,22614,75,22617.05,75,1725,18041850
NIFTY-I.NFO,10/03/2025,09:17:17,22614,22611.8,75,22615.45,300,450,18041850
NIFTY-I.NFO,10/03/2025,09:17:18,22612.4,22611.05,75,22612.35,150,300,18041850
NIFTY-I.NFO,10/03/2025,09:17:20,22609.85,22609,150,22609.4,75,1875,18041850
NIFTY-I.NFO,10/03/2025,09:17:21,22605.7,22603.2,450,22606.1,75,3300,18041850
NIFTY-I.NFO,10/03/2025,09:17:23,22603.25,22603.2,75,22606.05,75,1200,18041850
NIFTY-I.NFO,10/03/2025,09:17:24,22602,22602,75,22606,525,750,18041850
NIFTY-I.NFO,10/03/2025,09:17:26,22601,22601,750,22605.8,375,2400,18041850
NIFTY-I.NFO,10/03/2025,09:17:27,22603.2,22601,75,22603.2,1725,1800,18041850
NIFTY-I.NFO,10/03/2025,09:17:29,22602.8,22600,1875,22601.85,300,5250,18041850
NIFTY-I.NFO,10/03/2025,09:17:31,22598,22597.9,225,22599.1,225,2625,18041850
NIFTY-I.NFO,10/03/2025,09:17:32,22598.1,22597,75,22597.7,225,2175,18041850
NIFTY-I.NFO,10/03/2025,09:17:34,22595.75,22595,75,22597.05,375,1350,18041850
NIFTY-I.NFO,10/03/2025,09:17:35,22597.05,22592.05,75,22596.95,75,300,18041850
NIFTY-I.NFO,10/03/2025,09:17:36,22595,22593.2,150,22595,1500,225,18041850
NIFTY-I.NFO,10/03/2025,09:17:38,22595,22592.25,225,22594.95,225,1500,18041850
NIFTY-I.NFO,10/03/2025,09:17:39,22594.95,22592.85,75,22594.95,750,375,18041850
NIFTY-I.NFO,10/03/2025,09:17:40,22591.2,22591.2,150,22594.95,375,2925,18041850
NIFTY-I.NFO,10/03/2025,09:17:40,22591,22591.2,150,22594.95,375,0,18041850
NIFTY-I.NFO,10/03/2025,09:17:42,22591,22591,150,22597,600,3450,18041850
NIFTY-I.NFO,10/03/2025,09:17:43,22590,22590.05,75,22594.9,75,3075,18041850
NIFTY-I.NFO,10/03/2025,09:17:43,22590,22590.05,75,22594.9,75,0,18041850
NIFTY-I.NFO,10/03/2025,09:17:45,22594.2,22592,75,22593.4,375,3450,18041850
NIFTY-I.NFO,10/03/2025,09:17:45,22587.6,22592,75,22593.4,375,0,18041850
NIFTY-I.NFO,10/03/2025,09:17:46,22592.95,22592,75,22592.95,75,900,18041850
NIFTY-I.NFO,10/03/2025,09:17:47,22589.65,22588.7,375,22592.95,1050,1725,18041850
NIFTY-I.NFO,10/03/2025,09:17:49,22592.95,22590.5,75,22592.9,300,3675,18041850
NIFTY-I.NFO,10/03/2025,09:17:49,22585.5,22590.5,75,22592.9,300,0,18041850
NIFTY-I.NFO,10/03/2025,09:17:50,22585.5,22585.6,75,22589.7,675,600,18041850
NIFTY-I.NFO,10/03/2025,09:17:52,22589.65,22585.1,75,22589.65,375,1125,18041850
NIFTY-I.NFO,10/03/2025,09:17:54,22589,22586,75,22589.45,300,750,18041850
NIFTY-I.NFO,10/03/2025,09:17:54,22585.1,22586,75,22589.45,300,0,18041850
NIFTY-I.NFO,10/03/2025,09:17:55,22585.05,22585,300,22588,525,375,18041850
NIFTY-I.NFO,10/03/2025,09:17:55,22585.05,22585,300,22588,525,0,18041850
NIFTY-I.NFO,10/03/2025,09:17:56,22585.1,22585,150,22585.1,375,450,18041850
NIFTY-I.NFO,10/03/2025,09:17:56,22585,22585,150,22585.1,375,0,18041850
NIFTY-I.NFO,10/03/2025,09:17:58,22585.1,22585,75,22585.05,75,225,18041850
NIFTY-I.NFO,10/03/2025,09:17:59,22585,22583,1725,22585.05,300,600,18041850
NIFTY-I.NFO,10/03/2025,09:17:59,22583,22583,1725,22585.05,300,0,18041850
NIFTY-I.NFO,10/03/2025,09:18:01,22585.05,22584.6,75,22588.45,150,3675,18041850
NIFTY-I.NFO,10/03/2025,09:18:01,22582.1,22584.6,75,22588.45,150,0,18041850
NIFTY-I.NFO,10/03/2025,09:18:02,22590,22588.15,75,22592.2,75,900,18041850
NIFTY-I.NFO,10/03/2025,09:18:04,22588.4,22588.65,150,22592.2,150,675,18041850
NIFTY-I.NFO,10/03/2025,09:18:05,22590,22587.95,150,22592.2,75,450,18041850
NIFTY-I.NFO,10/03/2025,09:18:07,22592.9,22588.85,75,22592.95,150,450,18041850
NIFTY-I.NFO,10/03/2025,09:18:08,22592.95,22591.9,150,22595,75,3225,18041850
NIFTY-I.NFO,10/03/2025,09:18:10,22599.6,22595.1,150,22600,375,2025,18041850
NIFTY-I.NFO,10/03/2025,09:18:11,22602,22598.35,75,22604.7,300,750,18041850
NIFTY-I.NFO,10/03/2025,09:18:13,22604,22600.5,75,22606.65,300,900,18041850
NIFTY-I.NFO,10/03/2025,09:18:14,22608.95,22602.7,375,22609,150,2775,18041850
NIFTY-I.NFO,10/03/2025,09:18:16,22610,22604.15,600,22611.2,225,1125,18041850
NIFTY-I.NFO,10/03/2025,09:18:17,22612.55,22604.25,300,22612.5,75,975,18041850
NIFTY-I.NFO,10/03/2025,09:18:19,22606.4,22604,75,22606.3,75,750,18041850
NIFTY-I.NFO,10/03/2025,09:18:20,22602,22601,75,22604.15,75,300,18041850
NIFTY-I.NFO,10/03/2025,09:18:22,22606.35,22600.05,300,22606.5,75,1275,18041850
NIFTY-I.NFO,10/03/2025,09:18:23,22606.5,22601.9,375,22608.75,225,1500,18041850
NIFTY-I.NFO,10/03/2025,09:18:25,22609,22604.05,300,22608.9,225,975,18041850
NIFTY-I.NFO,10/03/2025,09:18:26,22606.35,22606.2,375,22609.95,375,375,18041850
NIFTY-I.NFO,10/03/2025,09:18:28,22609.3,22603.45,375,22609.3,225,300,18041850
NIFTY-I.NFO,10/03/2025,09:18:29,22604,22606,75,22608,300,1500,18041850
NIFTY-I.NFO,10/03/2025,09:18:31,22608,22602.85,450,22607.95,150,1125,18041850
NIFTY-I.NFO,10/03/2025,09:18:32,22610,22607.95,75,22610,300,1350,18041850
NIFTY-I.NFO,10/03/2025,09:18:34,22610,22608,75,22612.3,750,1350,18041850
NIFTY-I.NFO,10/03/2025,09:18:36,22612.25,22606.05,450,22612.4,150,1275,18041850
NIFTY-I.NFO,10/03/2025,09:18:37,22606.8,22607.95,75,22613.55,450,1725,18041850
NIFTY-I.NFO,10/03/2025,09:18:39,22615.5,22611.35,375,22615.9,150,2100,18041850
NIFTY-I.NFO,10/03/2025,09:18:41,22617.7,22610.05,450,22617.85,150,825,18041850
NIFTY-I.NFO,10/03/2025,09:18:42,22611,22610.05,375,22616.6,675,10500,18041850
NIFTY-I.NFO,10/03/2025,09:18:44,22617.15,22613.9,75,22617.05,525,2100,18041850
NIFTY-I.NFO,10/03/2025,09:18:46,22615.8,22607.85,75,22615.15,300,7350,18041850
NIFTY-I.NFO,10/03/2025,09:18:47,22611.5,22607.05,75,22611.3,450,150,18041850
NIFTY-I.NFO,10/03/2025,09:18:49,22609.75,22607.6,75,22609.9,225,300,18041850
NIFTY-I.NFO,10/03/2025,09:18:51,22609.9,22607.6,75,22609.9,150,300,18041850
NIFTY-I.NFO,10/03/2025,09:18:52,22609.9,22609.95,75,22612.85,1500,450,18041850
NIFTY-I.NFO,10/03/2025,09:18:54,22611.55,22610.05,75,22612.8,150,3600,18041850
NIFTY-I.NFO,10/03/2025,09:18:56,22608,22607.6,75,22612.8,450,1275,18041850
NIFTY-I.NFO,10/03/2025,09:18:57,22607.6,22607.8,300,22612.75,150,375,18041850
NIFTY-I.NFO,10/03/2025,09:18:59,22607.6,22607.6,75,22612.7,375,0,18041850
NIFTY-I.NFO,10/03/2025,09:19:00,22609.9,22607.6,150,22609.9,1650,150,18041850
NIFTY-I.NFO,10/03/2025,09:19:02,22609.85,22608.8,75,22609.9,1500,525,18041850
NIFTY-I.NFO,10/03/2025,09:19:04,22608.3,22608.3,75,22612,150,4500,18041850
NIFTY-I.NFO,10/03/2025,09:19:05,22615,22611.75,75,22615,1200,450,18041850
NIFTY-I.NFO,10/03/2025,09:19:07,22615,22612.35,75,22615,1125,300,18041850
NIFTY-I.NFO,10/03/2025,09:19:09,22617,22614.4,75,22618.15,150,3525,18041850
NIFTY-I.NFO,10/03/2025,09:19:10,22615.35,22615.65,75,22618.1,150,300,18041850
NIFTY-I.NFO,10/03/2025,09:19:12,22619,22617.65,75,22619,450,2850,18041850
NIFTY-I.NFO,10/03/2025,09:19:14,22622,22621.3,75,22622.5,225,1050,18041850
NIFTY-I.NFO,10/03/2025,09:19:16,22625,22622.25,750,22625,150,1650,18041850
NIFTY-I.NFO,10/03/2025,09:19:17,22625.8,22625.3,225,22625.9,75,1125,18041850
NIFTY-I.NFO,10/03/2025,09:19:19,22626,22623.05,75,22626.4,900,1050,18041850
NIFTY-I.NFO,10/03/2025,09:19:21,22621,22620.15,75,22623.8,600,750,18041850
NIFTY-I.NFO,10/03/2025,09:19:22,22623.8,22621.9,75,22623.8,375,825,18041850
NIFTY-I.NFO,10/03/2025,09:19:24,22626,22624.55,75,22626.45,75,1050,18041850
NIFTY-I.NFO,10/03/2025,09:19:26,22626.65,22626.05,75,22626.45,450,600,18041850
NIFTY-I.NFO,10/03/2025,09:19:27,22623.8,22623.85,75,22626.95,375,1425,18041850
NIFTY-I.NFO,10/03/2025,09:19:29,22622.05,22622,75,22624.55,75,900,18041850
NIFTY-I.NFO,10/03/2025,09:19:30,22620.15,22620.15,75,22621.7,675,975,18041850
NIFTY-I.NFO,10/03/2025,09:19:32,22617.65,22618,300,22621.6,75,1800,18041850
NIFTY-I.NFO,10/03/2025,09:19:34,22624.55,22620.25,75,22624.55,75,225,18041850
NIFTY-I.NFO,10/03/2025,09:19:35,22620.8,22620.8,75,22624.5,900,675,18041850
NIFTY-I.NFO,10/03/2025,09:19:37,22624.4,22620.05,75,22624.2,450,1275,18041850
NIFTY-I.NFO,10/03/2025,09:19:39,22624.2,22620.05,75,22624.15,75,225,18060000
NIFTY-I.NFO,10/03/2025,09:19:40,22620.05,22620,900,22625.15,75,1425,18060000
NIFTY-I.NFO,10/03/2025,09:19:42,22625.1,22617.05,375,22624.1,750,975,18060000
NIFTY-I.NFO,10/03/2025,09:19:44,22618.1,22616.75,300,22624.7,375,3150,18060000
NIFTY-I.NFO,10/03/2025,09:19:45,22624.35,22620,75,22624.7,150,1050,18060000
NIFTY-I.NFO,10/03/2025,09:19:47,22625.15,22620.25,300,22625,75,975,18060000
NIFTY-I.NFO,10/03/2025,09:19:49,22627.3,22622.7,150,22627.4,225,975,18060000
NIFTY-I.NFO,10/03/2025,09:19:50,22629.1,22628.65,75,22629.2,75,1500,18060000
NIFTY-I.NFO,10/03/2025,09:19:52,22628,22624.85,75,22629.8,225,1350,18060000
NIFTY-I.NFO,10/03/2025,09:19:53,22629.9,22621.2,300,22629.1,450,300,18060000
NIFTY-I.NFO,10/03/2025,09:19:55,22628.2,22620.55,375,22628.2,675,2550,18060000
NIFTY-I.NFO,10/03/2025,09:19:57,22628.2,22625,75,22628.2,300,525,18060000
NIFTY-I.NFO,10/03/2025,09:19:58,22628.65,22623.65,375,22629.4,75,1350,18060000
NIFTY-I.NFO,10/03/2025,09:20:00,22629.9,22629.1,75,22629.9,1800,750,18060000
NIFTY-I.NFO,10/03/2025,09:20:02,22622,22620.15,75,22628.1,375,13050,18060000
NIFTY-I.NFO,10/03/2025,09:20:03,22618.5,22613.3,75,22620.2,375,10275,18060000
NIFTY-I.NFO,10/03/2025,09:20:05,22619.9,22612,75,22619.9,450,525,18060000
NIFTY-I.NFO,10/03/2025,09:20:07,22619.05,22612.25,75,22618.95,300,600,18060000
NIFTY-I.NFO,10/03/2025,09:20:08,22612.25,22611.3,225,22618.9,375,1200,18060000
NIFTY-I.NFO,10/03/2025,09:20:10,22609.85,22609,75,22618.2,300,750,18060000
NIFTY-I.NFO,10/03/2025,09:20:12,22617.6,22609.9,300,22617.35,225,1200,18060000
NIFTY-I.NFO,10/03/2025,09:20:13,22616.95,22610.3,375,22616.95,75,225,18060000
NIFTY-I.NFO,10/03/2025,09:20:15,22609.85,22608.9,300,22616.95,450,825,18060000
NIFTY-I.NFO,10/03/2025,09:20:17,22613.75,22606.55,225,22614.35,300,4050,18060000
NIFTY-I.NFO,10/03/2025,09:20:18,22612.4,22608,300,22614.2,300,825,18060000
NIFTY-I.NFO,10/03/2025,09:20:20,22614.2,22608.05,300,22614.2,375,75,18060000
NIFTY-I.NFO,10/03/2025,09:20:22,22604.55,22605,75,22612.9,450,2175,18060000
NIFTY-I.NFO,10/03/2025,09:20:23,22604,22604,75,22610.95,375,900,18060000
NIFTY-I.NFO,10/03/2025,09:20:25,22610.95,22604.85,150,22612.85,300,375,18060000
NIFTY-I.NFO,10/03/2025,09:20:27,22612.75,22606.4,75,22612.8,75,300,18060000
NIFTY-I.NFO,10/03/2025,09:20:28,22613,22606.8,150,22612.2,75,750,18060000
NIFTY-I.NFO,10/03/2025,09:20:30,22611,22607.1,150,22613.9,75,450,18060000
NIFTY-I.NFO,10/03/2025,09:20:31,22610,22608,75,22613.9,150,2775,18060000
NIFTY-I.NFO,10/03/2025,09:20:33,22617.5,22609.35,150,22617.4,375,825,18060000
NIFTY-I.NFO,10/03/2025,09:20:35,22609,22609,225,22617.35,675,750,18060000
NIFTY-I.NFO,10/03/2025,09:20:36,22618.8,22610.6,300,22618.85,150,2700,18060000
NIFTY-I.NFO,10/03/2025,09:20:38,22611,22610,75,22615.25,150,1050,18060000
NIFTY-I.NFO,10/03/2025,09:20:40,22610.1,22606.75,300,22615,450,900,18060000
NIFTY-I.NFO,10/03/2025,09:20:41,22608.05,22608.05,300,22614.7,450,225,18060000
NIFTY-I.NFO,10/03/2025,09:20:43,22611.6,22609.15,300,22614.7,1125,1650,18060000
NIFTY-I.NFO,10/03/2025,09:20:45,22614.7,22610.05,300,22614.7,1500,1350,18060000
NIFTY-I.NFO,10/03/2025,09:20:46,22614.7,22610.05,525,22617,375,2700,18060000
NIFTY-I.NFO,10/03/2025,09:20:48,22617,22612.1,150,22617,75,225,18060000
NIFTY-I.NFO,10/03/2025,09:20:50,22617,22612.6,150,22618.8,375,675,18060000
NIFTY-I.NFO,10/03/2025,09:20:51,22618.8,22616.85,150,22618.8,150,2625,18060000
NIFTY-I.NFO,10/03/2025,09:20:53,22623.15,22617,375,22624.15,450,5250,18060000
NIFTY-I.NFO,10/03/2025,09:20:55,22624.5,22620.35,375,22624.6,75,975,18060000
NIFTY-I.NFO,10/03/2025,09:20:56,22624.55,22618.85,375,22623.2,750,2775,18060000
NIFTY-I.NFO,10/03/2025,09:20:58,22622.7,22618.8,75,22622.7,525,450,18060000
NIFTY-I.NFO,10/03/2025,09:21:00,22622.7,22619.2,375,22622.7,75,600,18060000
NIFTY-I.NFO,10/03/2025,09:21:01,22625,22621.15,450,22625,150,375,18060000
NIFTY-I.NFO,10/03/2025,09:21:03,22622.75,22622.7,75,22625,600,225,18060000
NIFTY-I.NFO,10/03/2025,09:21:05,22625.1,22621.15,375,22625.2,75,450,18060000
NIFTY-I.NFO,10/03/2025,09:21:06,22624.95,22623,450,22625.2,75,450,18060000
NIFTY-I.NFO,10/03/2025,09:21:08,22627.55,22626.95,150,22627.75,75,1725,18060000
NIFTY-I.NFO,10/03/2025,09:21:10,22632.3,22632.05,75,22632.7,75,10125,18060000
NIFTY-I.NFO,10/03/2025,09:21:11,22637.85,22635.75,75,22637.9,750,4950,18060000
NIFTY-I.NFO,10/03/2025,09:21:11,22637.85,22635.75,75,22637.9,750,0,18060000
NIFTY-I.NFO,10/03/2025,09:21:13,22634.05,22634.05,75,22637.65,300,2175,18060000
NIFTY-I.NFO,10/03/2025,09:21:13,22638.5,22634.05,75,22637.65,300,0,18060000
NIFTY-I.NFO,10/03/2025,09:21:15,22636.2,22632.2,150,22636.2,225,3000,18060000
NIFTY-I.NFO,10/03/2025,09:21:15,22639.7,22632.2,150,22636.2,225,0,18060000
NIFTY-I.NFO,10/03/2025,09:21:16,22639.8,22634.55,375,22639.8,75,2850,18060000
NIFTY-I.NFO,10/03/2025,09:21:16,22639.8,22634.55,375,22639.8,75,0,18060000
NIFTY-I.NFO,10/03/2025,09:21:18,22639.8,22636.45,450,22639.8,75,1575,18060000
NIFTY-I.NFO,10/03/2025,09:21:18,22640,22636.45,450,22639.8,75,0,18060000
NIFTY-I.NFO,10/03/2025,09:21:20,22637.7,22630.8,375,22636.2,450,1650,18060000
NIFTY-I.NFO,10/03/2025,09:21:21,22631.7,22630,75,22631.7,75,1650,18060000
NIFTY-I.NFO,10/03/2025,09:21:23,22628.55,22625.6,375,22632.65,225,2925,18060000
NIFTY-I.NFO,10/03/2025,09:21:25,22633,22634.95,75,22635.55,150,1950,18060000
NIFTY-I.NFO,10/03/2025,09:21:26,22636.95,22634.5,450,22636.95,75,1725,18060000
NIFTY-I.NFO,10/03/2025,09:21:28,22633,22633.05,675,22633.55,150,2850,18060000
NIFTY-I.NFO,10/03/2025,09:21:30,22633.25,22633.3,525,22634,75,2325,18060000
NIFTY-I.NFO,10/03/2025,09:21:32,22634,22626.95,225,22634,375,1350,18060000
NIFTY-I.NFO,10/03/2025,09:21:33,22637.15,22633.75,75,22636.45,150,2550,18060000
NIFTY-I.NFO,10/03/2025,09:21:35,22634.35,22634.4,300,22635,150,450,18060000
NIFTY-I.NFO,10/03/2025,09:21:37,22634.9,22634.95,150,22635.25,150,1125,18060000
NIFTY-I.NFO,10/03/2025,09:21:38,22635.7,22634,75,22635.7,150,1275,18060000
NIFTY-I.NFO,10/03/2025,09:21:40,22635,22635.05,75,22635.55,75,375,18060000
NIFTY-I.NFO,10/03/2025,09:21:42,22636.75,22634,225,22636.75,450,300,18060000
NIFTY-I.NFO,10/03/2025,09:21:43,22636.75,22634,225,22635,75,525,18060000
NIFTY-I.NFO,10/03/2025,09:21:45,22639.7,22637.95,75,22639.9,75,1275,18060000
NIFTY-I.NFO,10/03/2025,09:21:47,22639.3,22639.35,225,22639.4,150,3300,18060000
NIFTY-I.NFO,10/03/2025,09:21:47,22640.05,22639.35,225,22639.4,150,0,18060000
NIFTY-I.NFO,10/03/2025,09:21:48,22637.3,22633.1,75,22637.35,825,2025,18060000
NIFTY-I.NFO,10/03/2025,09:21:50,22633.5,22633,375,22633.5,225,375,18060000
NIFTY-I.NFO,10/03/2025,09:21:52,22633.5,22630.1,600,22632.95,150,1125,18060000
NIFTY-I.NFO,10/03/2025,09:21:53,22636,22630.1,150,22636.05,1050,1125,18060000
NIFTY-I.NFO,10/03/2025,09:21:55,22631.05,22633.95,75,22636,75,150,18060000
NIFTY-I.NFO,10/03/2025,09:21:57,22633.9,22632.95,75,22634.75,450,225,18060000
NIFTY-I.NFO,10/03/2025,09:21:58,22632.9,22631.05,375,22632.95,75,225,18060000
NIFTY-I.NFO,10/03/2025,09:22:00,22635.75,22631.05,150,22633.25,375,375,18060000
NIFTY-I.NFO,10/03/2025,09:22:01,22632.75,22631.05,150,22632.75,75,300,18060000
NIFTY-I.NFO,10/03/2025,09:22:03,22629.75,22630,75,22630.55,75,2025,18060000
NIFTY-I.NFO,10/03/2025,09:22:05,22630,22626.05,225,22629.5,300,375,18060000
NIFTY-I.NFO,10/03/2025,09:22:06,22629.5,22626,375,22629.5,150,300,18060000
NIFTY-I.NFO,10/03/2025,09:22:08,22632.4,22629.5,75,22632.65,225,300,18060000
NIFTY-I.NFO,10/03/2025,09:22:10,22632.4,22629.5,75,22632.65,75,0,18060000
NIFTY-I.NFO,10/03/2025,09:22:11,22632.65,22629.65,600,22633,150,75,18060000
NIFTY-I.NFO,10/03/2025,09:22:13,22631.7,22629.5,75,22632.95,300,300,18060000
NIFTY-I.NFO,10/03/2025,09:22:15,22629.5,22629,150,22629.5,75,375,18060000
NIFTY-I.NFO,10/03/2025,09:22:16,22626.2,22625.55,75,22628.5,450,225,18060000
NIFTY-I.NFO,10/03/2025,09:22:18,22630,22628.5,375,22632,75,600,18060000
NIFTY-I.NFO,10/03/2025,09:22:20,22632.4,22628.55,600,22632.4,150,225,18060000
NIFTY-I.NFO,10/03/2025,09:22:21,22632.4,22628.7,600,22633,150,150,18060000
NIFTY-I.NFO,10/03/2025,09:22:23,22634.1,22628.55,375,22633.7,300,3675,18060000
NIFTY-I.NFO,10/03/2025,09:22:25,22627.9,22628.5,75,22633.2,75,75,18060000
NIFTY-I.NFO,10/03/2025,09:22:26,22633.2,22628.5,75,22633.15,300,150,18060000
NIFTY-I.NFO,10/03/2025,09:22:28,22627,22626.05,375,22631.65,450,150,18060000
NIFTY-I.NFO,10/03/2025,09:22:30,22627,22627,75,22629.8,300,0,18060000
NIFTY-I.NFO,10/03/2025,09:22:31,22629.8,22627,75,22629.8,675,150,18060000
NIFTY-I.NFO,10/03/2025,09:22:33,22629.8,22627,75,22629.8,675,0,18060000
NIFTY-I.NFO,10/03/2025,09:22:35,22626.05,22626.05,225,22629.75,375,150,18060000
NIFTY-I.NFO,10/03/2025,09:22:36,22629.75,22626.05,75,22629.75,525,225,18060000
NIFTY-I.NFO,10/03/2025,09:22:38,22629.75,22629,75,22629.7,675,150,18090975
NIFTY-I.NFO,10/03/2025,09:22:39,22629.7,22629,75,22629.55,675,75,18090975
NIFTY-I.NFO,10/03/2025,09:22:41,22625.9,22625.8,75,22626.05,675,600,18090975
NIFTY-I.NFO,10/03/2025,09:22:43,22625.9,22625.7,75,22625.9,525,225,18090975
NIFTY-I.NFO,10/03/2025,09:22:44,22625.8,22625.7,75,22625.75,75,150,18090975
NIFTY-I.NFO,10/03/2025,09:22:46,22625.75,22624.6,75,22625.75,150,4275,18090975
NIFTY-I.NFO,10/03/2025,09:22:48,22627.95,22627.9,150,22629,75,525,18090975
NIFTY-I.NFO,10/03/2025,09:22:49,22629,22627.9,150,22629,300,75,18090975
NIFTY-I.NFO,10/03/2025,09:22:51,22629,22627,75,22629,225,1425,18090975
NIFTY-I.NFO,10/03/2025,09:22:53,22630,22626.85,525,22632,75,450,18090975
NIFTY-I.NFO,10/03/2025,09:22:54,22630,22626.85,525,22632,375,0,18090975
NIFTY-I.NFO,10/03/2025,09:22:56,22629,22629,75,22630.3,300,75,18090975
NIFTY-I.NFO,10/03/2025,09:22:57,22629,22625.95,75,22630.1,300,150,18090975
NIFTY-I.NFO,10/03/2025,09:22:59,22629,22627.6,75,22629.95,75,0,18090975
NIFTY-I.NFO,10/03/2025,09:23:01,22633,22630.65,525,22633,75,825,18090975
NIFTY-I.NFO,10/03/2025,09:23:02,22630.85,22630.85,150,22636,150,1125,18090975
NIFTY-I.NFO,10/03/2025,09:23:04,22635.25,22630.05,75,22634.85,75,375,18090975
NIFTY-I.NFO,10/03/2025,09:23:06,22627.15,22627.75,375,22634,300,3600,18090975
NIFTY-I.NFO,10/03/2025,09:23:07,22630.85,22629.75,225,22633.95,225,75,18090975
NIFTY-I.NFO,10/03/2025,09:23:09,22630.65,22629.9,150,22633.95,300,75,18090975
NIFTY-I.NFO,10/03/2025,09:23:11,22633.9,22627.4,675,22632.75,300,150,18090975
NIFTY-I.NFO,10/03/2025,09:23:12,22633.9,22626,75,22630,1500,0,18090975
NIFTY-I.NFO,10/03/2025,09:23:14,22629.95,22626.05,75,22630,1500,375,18090975
NIFTY-I.NFO,10/03/2025,09:23:15,22629.95,22626.8,375,22629.95,75,0,18090975
NIFTY-I.NFO,10/03/2025,09:23:17,22629.9,22627.1,75,22629.95,75,1650,18090975
NIFTY-I.NFO,10/03/2025,09:23:19,22629.95,22626,75,22630,1500,75,18090975
NIFTY-I.NFO,10/03/2025,09:23:20,22630,22625,450,22631.75,300,2475,18090975
NIFTY-I.NFO,10/03/2025,09:23:22,22630,22625,450,22626.85,75,0,18090975
NIFTY-I.NFO,10/03/2025,09:23:24,22626.85,22625,75,22629.85,300,150,18090975
NIFTY-I.NFO,10/03/2025,09:23:25,22628.35,22624.9,75,22628.35,300,300,18090975
NIFTY-I.NFO,10/03/2025,09:23:27,22630,22624.95,75,22630,150,225,18090975
NIFTY-I.NFO,10/03/2025,09:23:28,22627.35,22627.35,375,22630,75,375,18090975
NIFTY-I.NFO,10/03/2025,09:23:30,22630,22627.6,225,22629.95,300,675,18090975
NIFTY-I.NFO,10/03/2025,09:23:32,22629,22626.3,375,22629.95,300,300,18090975
NIFTY-I.NFO,10/03/2025,09:23:33,22629.95,22625.95,75,22629,150,225,18090975
NIFTY-I.NFO,10/03/2025,09:23:35,22627,22625.95,75,22629,375,150,18090975
NIFTY-I.NFO,10/03/2025,09:23:37,22628.8,22625.95,375,22628.85,75,75,18090975
NIFTY-I.NFO,10/03/2025,09:23:38,22634.45,22628.65,525,22633,75,1575,18090975
NIFTY-I.NFO,10/03/2025,09:23:40,22635,22630.65,450,22634.85,75,600,18090975
NIFTY-I.NFO,10/03/2025,09:23:42,22631.05,22631.05,75,22634.95,300,450,18090975
NIFTY-I.NFO,10/03/2025,09:23:44,22628.8,22630.85,75,22633.6,300,75,18090975
NIFTY-I.NFO,10/03/2025,09:23:45,22631.35,22630,75,22632.05,300,225,18090975
NIFTY-I.NFO,10/03/2025,09:23:47,22630,22629.95,75,22631.95,300,75,18090975
NIFTY-I.NFO,10/03/2025,09:23:48,22631.95,22627.9,450,22632,75,450,18090975
NIFTY-I.NFO,10/03/2025,09:23:50,22626.05,22627.3,375,22632.35,300,600,18090975
NIFTY-I.NFO,10/03/2025,09:23:52,22633,22630,975,22634.1,300,225,18090975
NIFTY-I.NFO,10/03/2025,09:23:53,22630,22630.05,150,22634.1,150,150,18090975
NIFTY-I.NFO,10/03/2025,09:23:55,22630,22630.05,225,22634.05,300,0,18090975
NIFTY-I.NFO,10/03/2025,09:23:57,22630.1,22630,1125,22633.2,1050,225,18090975
NIFTY-I.NFO,10/03/2025,09:23:58,22630,22630,1050,22632.05,600,75,18090975
NIFTY-I.NFO,10/03/2025,09:24:00,22633.2,22630,1275,22633.1,75,450,18090975
NIFTY-I.NFO,10/03/2025,09:24:02,22633.1,22630.05,450,22633.1,150,900,18090975
NIFTY-I.NFO,10/03/2025,09:24:03,22631.1,22629,75,22631.85,375,1575,18090975
NIFTY-I.NFO,10/03/2025,09:24:05,22632.15,22627.75,375,22632,75,900,18090975
NIFTY-I.NFO,10/03/2025,09:24:07,22630,22628.4,375,22632,225,600,18090975
NIFTY-I.NFO,10/03/2025,09:24:08,22632,22628.6,525,22632,75,300,18090975
NIFTY-I.NFO,10/03/2025,09:24:10,22627.45,22627.95,375,22632.15,300,225,18090975
NIFTY-I.NFO,10/03/2025,09:24:11,22629.5,22626.2,375,22631,75,750,18090975
NIFTY-I.NFO,10/03/2025,09:24:13,22630.65,22625.95,75,22630.65,225,75,18090975
NIFTY-I.NFO,10/03/2025,09:24:15,22625.85,22625.75,75,22630,225,150,18090975
NIFTY-I.NFO,10/03/2025,09:24:16,22633,22628.6,150,22634,75,750,18090975
NIFTY-I.NFO,10/03/2025,09:24:18,22634,22629.8,375,22634,150,225,18090975
NIFTY-I.NFO,10/03/2025,09:24:20,22634,22630.5,375,22634,225,150,18090975
NIFTY-I.NFO,10/03/2025,09:24:21,22636.2,22632.05,150,22636.4,75,2925,18090975
NIFTY-I.NFO,10/03/2025,09:24:23,22634,22632.95,750,22637.4,150,225,18090975
NIFTY-I.NFO,10/03/2025,09:24:25,22634,22632.8,150,22637.4,150,0,18090975
NIFTY-I.NFO,10/03/2025,09:24:26,22637.4,22636.05,750,22638,150,300,18090975
NIFTY-I.NFO,10/03/2025,09:24:28,22639.15,22636.05,375,22639.15,150,750,18090975
NIFTY-I.NFO,10/03/2025,09:24:30,22636.05,22633.5,225,22636.05,375,1200,18090975
NIFTY-I.NFO,10/03/2025,09:24:31,22633.8,22632.4,300,22636.05,450,450,18090975
NIFTY-I.NFO,10/03/2025,09:24:33,22633.8,22633.05,300,22636.05,450,0,18090975
NIFTY-I.NFO,10/03/2025,09:24:35,22638,22633.2,600,22638,75,1200,18090975
NIFTY-I.NFO,10/03/2025,09:24:36,22630.25,22630.1,300,22635.85,75,225,18090975
NIFTY-I.NFO,10/03/2025,09:24:38,22630.45,22631.95,375,22636.95,150,300,18090975
NIFTY-I.NFO,10/03/2025,09:24:40,22638,22633.95,675,22638.25,75,300,18090975
NIFTY-I.NFO,10/03/2025,09:24:41,22633.95,22633.95,375,22638.35,150,150,18090975
NIFTY-I.NFO,10/03/2025,09:24:43,22633.4,22633.4,675,22637.95,75,75,18090975
NIFTY-I.NFO,10/03/2025,09:24:45,22632,22632.25,150,22637.45,225,2550,18090975
NIFTY-I.NFO,10/03/2025,09:24:46,22637.45,22633.95,75,22637.45,75,150,18090975
NIFTY-I.NFO,10/03/2025,09:24:48,22634.6,22634.15,600,22637.9,75,150,18090975
NIFTY-I.NFO,10/03/2025,09:24:50,22637,22633.95,75,22637,75,150,18090975
NIFTY-I.NFO,10/03/2025,09:24:51,22637.9,22633.95,75,22637,375,300,18090975
NIFTY-I.NFO,10/03/2025,09:24:53,22637,22633.95,75,22637,975,75,18090975
NIFTY-I.NFO,10/03/2025,09:24:55,22639.4,22636.45,375,22639.95,75,975,18090975
NIFTY-I.NFO,10/03/2025,09:24:56,22639.95,22636.55,375,22639.9,75,1650,18090975
NIFTY-I.NFO,10/03/2025,09:24:56,22641,22636.55,375,22639.9,75,0,18090975
NIFTY-I.NFO,10/03/2025,09:24:58,22637,22636.35,375,22639.9,225,75,18090975
NIFTY-I.NFO,10/03/2025,09:25:00,22637,22637,75,22639.9,225,0,18090975
NIFTY-I.NFO,10/03/2025,09:25:01,22639.9,22637.05,300,22639.4,150,450,18090975
NIFTY-I.NFO,10/03/2025,09:25:03,22641,22640,450,22641,825,375,18090975
NIFTY-I.NFO,10/03/2025,09:25:05,22644,22644,150,22645,450,1575,18090975
NIFTY-I.NFO,10/03/2025,09:25:05,22645,22644,150,22645,450,0,18090975
NIFTY-I.NFO,10/03/2025,09:25:06,22640,22638.75,150,22640,150,2025,18090975
NIFTY-I.NFO,10/03/2025,09:25:08,22639.1,22639.1,150,22643,450,300,18090975
NIFTY-I.NFO,10/03/2025,09:25:10,22643.4,22640.05,150,22642.85,375,150,18090975
NIFTY-I.NFO,10/03/2025,09:25:11,22642.5,22640.05,150,22642.5,450,225,18090975
NIFTY-I.NFO,10/03/2025,09:25:13,22641.15,22641.25,150,22642.7,150,300,18090975
NIFTY-I.NFO,10/03/2025,09:25:15,22640.8,22640.05,75,22640.75,525,600,18090975
NIFTY-I.NFO,10/03/2025,09:25:16,22639,22635.05,75,22639.05,450,600,18090975
NIFTY-I.NFO,10/03/2025,09:25:18,22639.05,22633.7,75,22639.05,75,600,18090975
NIFTY-I.NFO,10/03/2025,09:25:20,22638.05,22638.05,75,22639.05,150,825,18090975
NIFTY-I.NFO,10/03/2025,09:25:21,22637.55,22633.25,75,22637.55,75,225,18090975
NIFTY-I.NFO,10/03/2025,09:25:23,22637.55,22635.05,75,22637.55,450,75,18090975
NIFTY-I.NFO,10/03/2025,09:25:25,22635.05,22635.05,75,22637.5,225,150,18090975
NIFTY-I.NFO,10/03/2025,09:25:26,22635.05,22635.05,75,22637.5,150,150,18090975
NIFTY-I.NFO,10/03/2025,09:25:28,22637.5,22635.05,150,22637.5,75,150,18090975
NIFTY-I.NFO,10/03/2025,09:25:30,22632,22631.1,75,22635.05,75,1050,18090975
NIFTY-I.NFO,10/03/2025,09:25:31,22631.3,22631.75,150,22635.05,1050,300,18090975
NIFTY-I.NFO,10/03/2025,09:25:33,22635.6,22635.8,150,22639,75,2625,18090975
NIFTY-I.NFO,10/03/2025,09:25:35,22634.75,22635,75,22640.4,525,675,18090975
NIFTY-I.NFO,10/03/2025,09:25:36,22639.85,22635.8,75,22640,75,375,18090975
NIFTY-I.NFO,10/03/2025,09:25:38,22636.9,22637.15,300,22640.75,150,225,18102825
NIFTY-I.NFO,10/03/2025,09:25:40,22638.6,22637.7,300,22641.25,150,375,18102825
NIFTY-I.NFO,10/03/2025,09:25:41,22640,22637.85,300,22640,525,75,18102825
NIFTY-I.NFO,10/03/2025,09:25:43,22640,22636.95,375,22640,450,375,18102825
NIFTY-I.NFO,10/03/2025,09:25:45,22636.1,22634.85,75,22640.25,150,1650,18102825
NIFTY-I.NFO,10/03/2025,09:25:46,22634.6,22632.5,300,22639.15,225,150,18102825
NIFTY-I.NFO,10/03/2025,09:25:48,22639.15,22635.3,150,22639.15,150,75,18102825
NIFTY-I.NFO,10/03/2025,09:25:50,22639.15,22635.2,450,22639.15,75,150,18102825
NIFTY-I.NFO,10/03/2025,09:25:51,22635.05,22634.2,75,22636.95,75,375,18102825
NIFTY-I.NFO,10/03/2025,09:25:53,22634.6,22632.65,75,22636.95,225,225,18102825
NIFTY-I.NFO,10/03/2025,09:25:55,22638.95,22633.25,825,22639,75,1800,18102825
NIFTY-I.NFO,10/03/2025,09:25:56,22635.3,22633.15,225,22638.95,75,75,18102825
NIFTY-I.NFO,10/03/2025,09:25:58,22632.7,22633.25,375,22638.95,75,225,18102825
NIFTY-I.NFO,10/03/2025,09:26:00,22638.95,22632.15,450,22638.2,150,75,18102825
NIFTY-I.NFO,10/03/2025,09:26:01,22634,22633.05,75,22636.55,300,225,18102825
NIFTY-I.NFO,10/03/2025,09:26:03,22633,22632,150,22635.95,75,150,18102825
NIFTY-I.NFO,10/03/2025,09:26:05,22635.05,22632,150,22635.75,300,75,18102825
NIFTY-I.NFO,10/03/2025,09:26:06,22633,22628.05,375,22633.6,300,1125,18102825
NIFTY-I.NFO,10/03/2025,09:26:08,22633,22628,75,22631.1,300,0,18102825
NIFTY-I.NFO,10/03/2025,09:26:10,22628,22627.2,75,22629.1,300,75,18102825
NIFTY-I.NFO,10/03/2025,09:26:11,22627.1,22625.1,75,22626.65,300,150,18102825
NIFTY-I.NFO,10/03/2025,09:26:13,22626.65,22625,225,22626.65,75,300,18102825
NIFTY-I.NFO,10/03/2025,09:26:15,22624.3,22624.95,750,22626.65,75,1575,18102825
NIFTY-I.NFO,10/03/2025,09:26:16,22629.7,22623.1,375,22628.45,150,225,18102825
NIFTY-I.NFO,10/03/2025,09:26:18,22623.1,22623.55,750,22628,150,300,18102825
NIFTY-I.NFO,10/03/2025,09:26:20,22625,22624.3,900,22628,150,150,18102825
NIFTY-I.NFO,10/03/2025,09:26:21,22628,22625.45,150,22628,75,75,18102825
NIFTY-I.NFO,10/03/2025,09:26:23,22625.55,22625.05,450,22628,150,75,18102825
NIFTY-I.NFO,10/03/2025,09:26:25,22624.5,22623.35,975,22628,225,75,18102825
NIFTY-I.NFO,10/03/2025,09:26:26,22628,22624.35,150,22628,150,150,18102825
NIFTY-I.NFO,10/03/2025,09:26:28,22630,22630.2,75,22634,75,525,18102825
NIFTY-I.NFO,10/03/2025,09:26:30,22634,22630.35,1050,22635,150,225,18102825
NIFTY-I.NFO,10/03/2025,09:26:31,22630.35,22630.15,150,22632,75,75,18102825
NIFTY-I.NFO,10/03/2025,09:26:33,22633,22630,300,22634.1,150,300,18102825
NIFTY-I.NFO,10/03/2025,09:26:35,22630,22630,225,22633.4,300,75,18102825
NIFTY-I.NFO,10/03/2025,09:26:36,22634.7,22630,225,22633.9,300,150,18102825
NIFTY-I.NFO,10/03/2025,09:26:38,22630,22630,150,22633,150,150,18102825
NIFTY-I.NFO,10/03/2025,09:26:40,22628.05,22628.05,75,22633,150,225,18102825
NIFTY-I.NFO,10/03/2025,09:26:41,22633,22631,900,22634.05,75,225,18102825
NIFTY-I.NFO,10/03/2025,09:26:43,22630.9,22630.75,150,22635,225,375,18102825
NIFTY-I.NFO,10/03/2025,09:26:45,22630.05,22630,75,22634.3,150,375,18102825
NIFTY-I.NFO,10/03/2025,09:26:46,22632.8,22628,150,22632.5,150,300,18102825
NIFTY-I.NFO,10/03/2025,09:26:48,22632.8,22628,150,22633.25,75,0,18102825
NIFTY-I.NFO,10/03/2025,09:26:50,22634.35,22629.5,450,22634.8,75,150,18102825
NIFTY-I.NFO,10/03/2025,09:26:51,22630.85,22630.55,150,22634.8,300,75,18102825
NIFTY-I.NFO,10/03/2025,09:26:53,22632.8,22630.35,675,22634.35,75,75,18102825
NIFTY-I.NFO,10/03/2025,09:26:55,22634.35,22629.35,300,22634.35,300,150,18102825
NIFTY-I.NFO,10/03/2025,09:26:56,22634.35,22632.8,75,22634.35,300,0,18102825
NIFTY-I.NFO,10/03/2025,09:26:58,22634.8,22632.8,75,22634.35,150,375,18102825
NIFTY-I.NFO,10/03/2025,09:27:00,22636.7,22635.35,150,22639,300,1200,18102825
NIFTY-I.NFO,10/03/2025,09:27:01,22645,22640.8,375,22645,300,2175,18102825
NIFTY-I.NFO,10/03/2025,09:27:03,22644.15,22640,225,22643.8,300,975,18102825
NIFTY-I.NFO,10/03/2025,09:27:05,22640.05,22639.15,525,22645,150,75,18102825
NIFTY-I.NFO,10/03/2025,09:27:06,22644.7,22640.05,75,22644.15,150,75,18102825
NIFTY-I.NFO,10/03/2025,09:27:08,22641.2,22640,75,22641.2,75,75,18102825
NIFTY-I.NFO,10/03/2025,09:27:10,22641.15,22640,75,22641.15,225,150,18102825
NIFTY-I.NFO,10/03/2025,09:27:11,22638.65,22635,450,22638.25,300,450,18102825
NIFTY-I.NFO,10/03/2025,09:27:13,22638.15,22635.05,375,22638.15,75,75,18102825
NIFTY-I.NFO,10/03/2025,09:27:15,22638.15,22635.05,75,22638.15,375,0,18102825
NIFTY-I.NFO,10/03/2025,09:27:16,22638.05,22635.05,75,22637.9,300,75,18102825
NIFTY-I.NFO,10/03/2025,09:27:18,22638,22635.05,75,22639.05,300,75,18102825
NIFTY-I.NFO,10/03/2025,09:27:20,22638,22635.05,75,22639,300,0,18102825
NIFTY-I.NFO,10/03/2025,09:27:21,22635,22635,375,22635.05,225,150,18102825
NIFTY-I.NFO,10/03/2025,09:27:23,22635,22630.2,225,22634.5,150,450,18102825
NIFTY-I.NFO,10/03/2025,09:27:25,22630.55,22630,225,22633.9,150,75,18102825
NIFTY-I.NFO,10/03/2025,09:27:26,22633.9,22630,225,22633.9,375,75,18102825
NIFTY-I.NFO,10/03/2025,09:27:28,22633.9,22630,225,22632.9,75,0,18102825
NIFTY-I.NFO,10/03/2025,09:27:29,22630,22630,150,22631.9,75,150,18102825
NIFTY-I.NFO,10/03/2025,09:27:31,22631.9,22630,150,22631.9,300,75,18102825
NIFTY-I.NFO,10/03/2025,09:27:33,22631.9,22630,150,22631.9,675,0,18102825
NIFTY-I.NFO,10/03/2025,09:27:34,22631.85,22629.05,300,22631.8,150,525,18102825
NIFTY-I.NFO,10/03/2025,09:27:36,22628.05,22628,375,22631.8,375,525,18102825
NIFTY-I.NFO,10/03/2025,09:27:38,22631.8,22630.05,75,22631.8,300,75,18102825
NIFTY-I.NFO,10/03/2025,09:27:39,22630,22627.45,600,22631.75,75,150,18102825
NIFTY-I.NFO,10/03/2025,09:27:41,22627.45,22627.45,975,22631,75,75,18102825
NIFTY-I.NFO,10/03/2025,09:27:43,22627.45,22627.5,75,22631,300,0,18102825
NIFTY-I.NFO,10/03/2025,09:27:44,22631,22627.75,450,22630,75,75,18102825
NIFTY-I.NFO,10/03/2025,09:27:46,22628.05,22627.5,150,22630,300,225,18102825
NIFTY-I.NFO,10/03/2025,09:27:48,22630,22627.5,750,22630,150,225,18102825
NIFTY-I.NFO,10/03/2025,09:27:49,22630,22629.05,75,22630,375,1500,18102825
NIFTY-I.NFO,10/03/2025,09:27:51,22625.55,22625.1,225,22629.8,150,1200,18102825
NIFTY-I.NFO,10/03/2025,09:27:53,22625.55,22625,600,22628.15,300,0,18102825
NIFTY-I.NFO,10/03/2025,09:27:54,22625,22625,525,22628.1,150,75,18102825
NIFTY-I.NFO,10/03/2025,09:27:56,22625,22625,375,22626,75,225,18102825
NIFTY-I.NFO,10/03/2025,09:27:58,22625,22625.05,75,22626,675,0,18102825
NIFTY-I.NFO,10/03/2025,09:27:59,22625.95,22625.1,75,22625.95,75,150,18102825
NIFTY-I.NFO,10/03/2025,09:28:01,22625.95,22625,375,22625.85,75,225,18102825
NIFTY-I.NFO,10/03/2025,09:28:03,22624,22623.45,75,22626.95,150,1800,18102825
NIFTY-I.NFO,10/03/2025,09:28:04,22623.45,22623,150,22623.6,75,75,18102825
NIFTY-I.NFO,10/03/2025,09:28:06,22623.6,22621,225,22623.6,225,225,18102825
NIFTY-I.NFO,10/03/2025,09:28:08,22623.05,22621.5,825,22626.95,75,375,18102825
NIFTY-I.NFO,10/03/2025,09:28:09,22626.95,22623.35,300,22627,150,150,18102825
NIFTY-I.NFO,10/03/2025,09:28:11,22627,22625.45,300,22631.6,150,975,18102825
NIFTY-I.NFO,10/03/2025,09:28:13,22627,22628.2,150,22631.6,75,0,18102825
NIFTY-I.NFO,10/03/2025,09:28:14,22628.35,22628.9,225,22631.6,75,1425,18102825
NIFTY-I.NFO,10/03/2025,09:28:16,22629,22629.55,150,22634.95,150,300,18102825
NIFTY-I.NFO,10/03/2025,09:28:18,22630.2,22631.7,150,22637,375,675,18102825
NIFTY-I.NFO,10/03/2025,09:28:19,22637,22631.55,75,22636.95,225,300,18102825
NIFTY-I.NFO,10/03/2025,09:28:21,22631.5,22626.75,75,22633.05,225,150,18102825
NIFTY-I.NFO,10/03/2025,09:28:23,22630.05,22629.3,375,22633.05,225,225,18102825
NIFTY-I.NFO,10/03/2025,09:28:24,22633.05,22630.3,300,22636.55,150,450,18102825
NIFTY-I.NFO,10/03/2025,09:28:26,22636.8,22629.55,300,22634.65,75,225,18102825
NIFTY-I.NFO,10/03/2025,09:28:28,22626.6,22626.6,450,22629.3,75,375,18102825
NIFTY-I.NFO,10/03/2025,09:28:29,22629.3,22626.35,225,22630,150,975,18102825
NIFTY-I.NFO,10/03/2025,09:28:31,22630,22629.35,375,22634.45,150,150,18102825
NIFTY-I.NFO,10/03/2025,09:28:33,22634.5,22628.25,225,22634.5,75,225,18102825
NIFTY-I.NFO,10/03/2025,09:28:34,22634.5,22630,450,22634.1,300,0,18102825
NIFTY-I.NFO,10/03/2025,09:28:36,22632.5,22629.3,75,22632.75,375,75,18102825
NIFTY-I.NFO,10/03/2025,09:28:38,22629.3,22629.25,75,22629.95,75,225,18102825
NIFTY-I.NFO,10/03/2025,09:28:39,22629.95,22629.25,75,22629.95,75,300,18103350
NIFTY-I.NFO,10/03/2025,09:28:41,22632.85,22629.25,75,22632.8,225,300,18103350
NIFTY-I.NFO,10/03/2025,09:28:43,22633.1,22629.25,75,22632.3,150,75,18103350
NIFTY-I.NFO,10/03/2025,09:28:44,22633.1,22629.25,75,22632,300,0,18103350
NIFTY-I.NFO,10/03/2025,09:28:46,22632.25,22629.25,75,22631.15,375,600,18103350
NIFTY-I.NFO,10/03/2025,09:28:48,22630.8,22629.25,75,22630.8,300,150,18103350
NIFTY-I.NFO,10/03/2025,09:28:49,22633,22629,75,22632.85,375,600,18103350
NIFTY-I.NFO,10/03/2025,09:28:51,22633,22629,75,22631.75,75,0,18103350
NIFTY-I.NFO,10/03/2025,09:28:53,22631.75,22629,375,22633.1,75,150,18103350
NIFTY-I.NFO,10/03/2025,09:28:54,22636,22630.75,75,22636.65,150,375,18103350
NIFTY-I.NFO,10/03/2025,09:28:56,22636.65,22631.25,300,22636.7,75,75,18103350
NIFTY-I.NFO,10/03/2025,09:28:58,22636.7,22631.15,150,22636.7,600,300,18103350
NIFTY-I.NFO,10/03/2025,09:28:59,22636.7,22633.25,375,22636.9,75,225,18103350
NIFTY-I.NFO,10/03/2025,09:29:01,22637,22633.2,450,22637.45,375,300,18103350
NIFTY-I.NFO,10/03/2025,09:29:03,22637,22634.8,225,22639,150,75,18103350
NIFTY-I.NFO,10/03/2025,09:29:04,22636.95,22633.1,75,22638.55,150,600,18103350
NIFTY-I.NFO,10/03/2025,09:29:06,22639.35,22635.75,525,22638.9,75,525,18103350
NIFTY-I.NFO,10/03/2025,09:29:08,22639.8,22634.9,300,22637.95,75,300,18103350
NIFTY-I.NFO,10/03/2025,09:29:09,22638.25,22634.95,300,22637.75,375,75,18103350
NIFTY-I.NFO,10/03/2025,09:29:11,22634.95,22634.95,150,22636.35,375,375,18103350
NIFTY-I.NFO,10/03/2025,09:29:13,22634,22630,75,22632.8,450,375,18103350
NIFTY-I.NFO,10/03/2025,09:29:14,22630.8,22628.15,600,22630.8,225,2100,18103350
NIFTY-I.NFO,10/03/2025,09:29:16,22629.95,22629.5,75,22635.45,150,1575,18103350
NIFTY-I.NFO,10/03/2025,09:29:18,22635.4,22630.35,150,22635.4,75,300,18103350
NIFTY-I.NFO,10/03/2025,09:29:19,22633.9,22627.1,150,22634,300,225,18103350
NIFTY-I.NFO,10/03/2025,09:29:21,22628.3,22628.1,75,22634,375,150,18103350
NIFTY-I.NFO,10/03/2025,09:29:23,22626.6,22627.4,150,22633.9,150,150,18103350
NIFTY-I.NFO,10/03/2025,09:29:24,22629,22625.75,225,22632.05,450,150,18103350
NIFTY-I.NFO,10/03/2025,09:29:26,22631.75,22630,300,22632.05,525,75,18103350
NIFTY-I.NFO,10/03/2025,09:29:28,22632.05,22626.7,525,22633.15,300,1650,18103350
NIFTY-I.NFO,10/03/2025,09:29:29,22632.05,22626.8,375,22631.1,300,0,18103350
NIFTY-I.NFO,10/03/2025,09:29:31,22631.7,22626.8,375,22631.5,150,225,18103350
NIFTY-I.NFO,10/03/2025,09:29:33,22631.75,22629.2,675,22634,75,300,18103350
NIFTY-I.NFO,10/03/2025,09:29:34,22634.4,22627.55,75,22630,75,900,18103350
NIFTY-I.NFO,10/03/2025,09:29:36,22630,22627.55,75,22631.7,75,150,18103350
NIFTY-I.NFO,10/03/2025,09:29:38,22625.75,22625.4,75,22630,150,300,18103350
NIFTY-I.NFO,10/03/2025,09:29:39,22626.3,22626.7,600,22630,75,225,18103350
NIFTY-I.NFO,10/03/2025,09:29:41,22630,22630,150,22631.7,75,150,18103350
NIFTY-I.NFO,10/03/2025,09:29:43,22631.95,22630,75,22632,225,225,18103350
NIFTY-I.NFO,10/03/2025,09:29:44,22634.4,22631.4,375,22635,150,375,18103350
NIFTY-I.NFO,10/03/2025,09:29:46,22630,22630.3,375,22634.4,75,450,18103350
NIFTY-I.NFO,10/03/2025,09:29:48,22630,22629.95,75,22630,75,1125,18103350
NIFTY-I.NFO,10/03/2025,09:29:49,22629.95,22629.9,75,22630,75,75,18103350
NIFTY-I.NFO,10/03/2025,09:29:51,22630,22626.25,225,22629.25,75,375,18103350
NIFTY-I.NFO,10/03/2025,09:29:53,22626.3,22626,75,22626.3,75,75,18103350
NIFTY-I.NFO,10/03/2025,09:29:54,22628,22626.05,75,22628,75,300,18103350
NIFTY-I.NFO,10/03/2025,09:29:56,22630,22626.65,675,22630.3,225,300,18103350
NIFTY-I.NFO,10/03/2025,09:29:58,22630,22626.9,675,22630.3,225,0,18103350
NIFTY-I.NFO,10/03/2025,09:29:59,22629.55,22626.35,150,22629.65,150,300,18103350
NIFTY-I.NFO,10/03/2025,09:30:01,22626.35,22627.05,300,22630.3,150,75,18103350
NIFTY-I.NFO,10/03/2025,09:30:03,22630.3,22630,75,22633.1,75,225,18103350
NIFTY-I.NFO,10/03/2025,09:30:04,22628.6,22628.6,675,22633.1,75,225,18103350
NIFTY-I.NFO,10/03/2025,09:30:06,22628.35,22628.4,450,22633,75,150,18103350
NIFTY-I.NFO,10/03/2025,09:30:08,22635.65,22633.15,75,22635.75,75,1950,18103350
NIFTY-I.NFO,10/03/2025,09:30:09,22633.15,22633.1,1275,22635.05,300,75,18103350
NIFTY-I.NFO,10/03/2025,09:30:11,22634.85,22633.1,1275,22634.9,300,75,18103350
NIFTY-I.NFO,10/03/2025,09:30:13,22636.35,22633.5,150,22636.35,75,450,18103350
NIFTY-I.NFO,10/03/2025,09:30:14,22636.9,22634.95,150,22637,75,600,18103350
NIFTY-I.NFO,10/03/2025,09:30:16,22637.8,22637.05,225,22637.6,75,750,18103350
NIFTY-I.NFO,10/03/2025,09:30:18,22636.25,22634.85,75,22636.55,450,675,18103350
NIFTY-I.NFO,10/03/2025,09:30:19,22634.85,22633.5,75,22635.1,75,75,18103350
NIFTY-I.NFO,10/03/2025,09:30:21,22634.85,22633.55,75,22634.45,75,0,18103350
NIFTY-I.NFO,10/03/2025,09:30:23,22633.1,22628.5,900,22633.25,75,975,18103350
NIFTY-I.NFO,10/03/2025,09:30:24,22633,22629.35,600,22633,75,225,18103350
NIFTY-I.NFO,10/03/2025,09:30:26,22634.85,22630.8,375,22635,150,150,18103350
NIFTY-I.NFO,10/03/2025,09:30:28,22636.9,22632.4,675,22636.95,75,525,18103350
NIFTY-I.NFO,10/03/2025,09:30:29,22636.9,22631.4,675,22636,75,0,18103350
NIFTY-I.NFO,10/03/2025,09:30:31,22636.85,22632.85,675,22637,75,300,18103350
NIFTY-I.NFO,10/03/2025,09:30:33,22637.7,22635,75,22636.55,375,150,18103350
NIFTY-I.NFO,10/03/2025,09:30:34,22636.1,22632.4,150,22635.8,75,525,18103350
NIFTY-I.NFO,10/03/2025,09:30:36,22636.95,22635,75,22636.95,150,150,18103350
NIFTY-I.NFO,10/03/2025,09:30:38,22636.95,22633.25,375,22636.95,75,225,18103350
NIFTY-I.NFO,10/03/2025,09:30:39,22636.95,22633.2,375,22636.95,225,75,18103350
NIFTY-I.NFO,10/03/2025,09:30:41,22637.9,22636.1,75,22638,150,300,18103350
NIFTY-I.NFO,10/03/2025,09:30:43,22640.65,22636.15,225,22639.9,75,825,18103350
NIFTY-I.NFO,10/03/2025,09:30:44,22640.65,22636.15,225,22638.45,75,0,18103350
NIFTY-I.NFO,10/03/2025,09:30:46,22637.85,22636.1,75,22637.55,75,525,18103350
NIFTY-I.NFO,10/03/2025,09:30:48,22638.4,22636.1,75,22639.8,525,150,18103350
NIFTY-I.NFO,10/03/2025,09:30:49,22636.9,22636.9,75,22637.15,150,225,18103350
NIFTY-I.NFO,10/03/2025,09:30:51,22636.1,22633.55,75,22636.25,225,150,18103350
NIFTY-I.NFO,10/03/2025,09:30:53,22635.25,22633.55,75,22636.25,300,75,18103350
NIFTY-I.NFO,10/03/2025,09:30:54,22635,22633.55,75,22635.25,150,150,18103350
NIFTY-I.NFO,10/03/2025,09:30:56,22635,22633.55,75,22634.25,75,0,18103350
NIFTY-I.NFO,10/03/2025,09:30:58,22633.85,22632.4,150,22634.65,75,225,18103350
NIFTY-I.NFO,10/03/2025,09:30:59,22634.95,22632.4,150,22635.55,600,1125,18103350
NIFTY-I.NFO,10/03/2025,09:31:01,22634.05,22632.4,225,22634.8,75,150,18103350
NIFTY-I.NFO,10/03/2025,09:31:03,22634.95,22632.4,225,22633.9,75,300,18103350
NIFTY-I.NFO,10/03/2025,09:31:04,22634.95,22632.4,225,22635.2,75,0,18103350
NIFTY-I.NFO,10/03/2025,09:31:06,22631,22630.65,600,22635.2,450,375,18103350
NIFTY-I.NFO,10/03/2025,09:31:08,22635.2,22631.9,300,22635.2,375,75,18103350
NIFTY-I.NFO,10/03/2025,09:31:09,22630.85,22630.45,300,22635.2,375,150,18103350
NIFTY-I.NFO,10/03/2025,09:31:11,22630.85,22631,75,22634.2,75,0,18103350
NIFTY-I.NFO,10/03/2025,09:31:13,22630,22628.55,300,22634.1,75,300,18103350
NIFTY-I.NFO,10/03/2025,09:31:14,22630,22627.3,300,22630.4,150,0,18103350
NIFTY-I.NFO,10/03/2025,09:31:16,22627.3,22627.3,600,22630.4,150,150,18103350
NIFTY-I.NFO,10/03/2025,09:31:18,22631,22629.8,225,22634.95,450,675,18103350
NIFTY-I.NFO,10/03/2025,09:31:19,22634.7,22634,300,22634.95,450,75,18103350
NIFTY-I.NFO,10/03/2025,09:31:21,22636,22634.55,150,22640,225,1800,18103350
NIFTY-I.NFO,10/03/2025,09:31:23,22636,22635.3,675,22640,150,0,18103350
NIFTY-I.NFO,10/03/2025,09:31:24,22636,22634.75,75,22640,150,0,18103350
NIFTY-I.NFO,10/03/2025,09:31:26,22636.6,22637.15,225,22640,150,150,18103350
NIFTY-I.NFO,10/03/2025,09:31:28,22640,22639.3,150,22642,75,525,18103350
NIFTY-I.NFO,10/03/2025,09:31:29,22639.5,22641.55,75,22642,75,75,18103350
NIFTY-I.NFO,10/03/2025,09:31:31,22642,22637.6,450,22643,150,150,18103350
NIFTY-I.NFO,10/03/2025,09:31:33,22644.3,22640.3,750,22644.7,75,375,18103350
NIFTY-I.NFO,10/03/2025,09:31:34,22644.7,22642,75,22644.9,75,150,18103350
NIFTY-I.NFO,10/03/2025,09:31:36,22644.7,22642,75,22644.7,150,0,18103350
NIFTY-I.NFO,10/03/2025,09:31:39,22641.1,22641.6,300,22644.3,75,150,18105225
NIFTY-I.NFO,10/03/2025,09:31:41,22644.3,22640.9,375,22644.3,75,75,18105225
NIFTY-I.NFO,10/03/2025,09:31:43,22644.3,22640.75,75,22641.6,75,0,18105225
NIFTY-I.NFO,10/03/2025,09:31:44,22637.1,22637.3,750,22641.6,300,150,18105225
NIFTY-I.NFO,10/03/2025,09:31:46,22638,22638.3,75,22641.6,300,75,18105225
NIFTY-I.NFO,10/03/2025,09:31:48,22638.3,22638.1,375,22641.6,225,150,18105225
NIFTY-I.NFO,10/03/2025,09:31:49,22641.6,22636.35,1050,22641.6,75,225,18105225
NIFTY-I.NFO,10/03/2025,09:31:51,22642,22639.8,375,22644,225,375,18105225
NIFTY-I.NFO,10/03/2025,09:31:53,22642,22639.15,375,22644,225,0,18105225
NIFTY-I.NFO,10/03/2025,09:31:54,22644,22642,75,22644,150,150,18105225
NIFTY-I.NFO,10/03/2025,09:31:56,22644,22639.15,375,22643.95,75,375,18105225
NIFTY-I.NFO,10/03/2025,09:31:58,22643.95,22639.15,375,22643.95,225,75,18105225
NIFTY-I.NFO,10/03/2025,09:31:59,22643.95,22637.55,375,22642.25,300,375,18105225
NIFTY-I.NFO,10/03/2025,09:32:01,22642.25,22638.75,825,22642.25,150,75,18105225
NIFTY-I.NFO,10/03/2025,09:32:03,22644.7,22642.25,75,22644.9,225,525,18105225
NIFTY-I.NFO,10/03/2025,09:32:04,22641,22640,75,22643.45,300,375,18105225
NIFTY-I.NFO,10/03/2025,09:32:06,22640,22640,75,22643.45,75,75,18105225
NIFTY-I.NFO,10/03/2025,09:32:08,22640,22641,975,22643.45,75,0,18105225
NIFTY-I.NFO,10/03/2025,09:32:09,22643.45,22641,900,22643.9,300,300,18105225
NIFTY-I.NFO,10/03/2025,09:32:11,22641,22641,825,22643.85,300,75,18105225
NIFTY-I.NFO,10/03/2025,09:32:13,22643.1,22641,675,22642.8,225,525,18105225
NIFTY-I.NFO,10/03/2025,09:32:14,22641,22641,600,22642.75,225,75,18105225
NIFTY-I.NFO,10/03/2025,09:32:16,22641,22640,75,22641,75,675,18105225
NIFTY-I.NFO,10/03/2025,09:32:18,22640,22639,75,22641,225,75,18105225
NIFTY-I.NFO,10/03/2025,09:32:19,22640,22639,75,22640.95,225,0,18105225
NIFTY-I.NFO,10/03/2025,09:32:21,22640,22639,75,22640.95,150,0,18105225
NIFTY-I.NFO,10/03/2025,09:32:23,22640,22638.95,300,22640.95,150,75,18105225
NIFTY-I.NFO,10/03/2025,09:32:24,22640.95,22638.75,75,22640.95,75,75,18105225
NIFTY-I.NFO,10/03/2025,09:32:26,22640.95,22637.1,75,22640.95,75,0,18105225
NIFTY-I.NFO,10/03/2025,09:32:28,22639,22637.1,75,22640.95,75,75,18105225
NIFTY-I.NFO,10/03/2025,09:32:29,22639,22637.1,75,22640.7,225,0,18105225
NIFTY-I.NFO,10/03/2025,09:32:31,22640.55,22637.1,75,22640,1125,75,18105225
NIFTY-I.NFO,10/03/2025,09:32:33,22640,22637.1,75,22639.95,225,300,18105225
NIFTY-I.NFO,10/03/2025,09:32:34,22639,22638,75,22640,900,75,18105225
NIFTY-I.NFO,10/03/2025,09:32:36,22637.1,22635,300,22637.1,150,150,18105225
NIFTY-I.NFO,10/03/2025,09:32:37,22637.1,22635.55,375,22638,75,150,18105225
NIFTY-I.NFO,10/03/2025,09:32:39,22637.1,22635,600,22638,75,0,18105225
NIFTY-I.NFO,10/03/2025,09:32:41,22640,22635.55,75,22640.4,75,1050,18105225
NIFTY-I.NFO,10/03/2025,09:32:42,22640,22635.7,675,22640,75,75,18105225
NIFTY-I.NFO,10/03/2025,09:32:44,22640,22639,75,22640,75,75,18105225
NIFTY-I.NFO,10/03/2025,09:32:46,22639.95,22635,300,22638.55,150,150,18105225
NIFTY-I.NFO,10/03/2025,09:32:47,22637.65,22632.45,375,22637.7,150,525,18105225
NIFTY-I.NFO,10/03/2025,09:32:49,22633.35,22634.15,600,22639.9,75,75,18105225
NIFTY-I.NFO,10/03/2025,09:32:51,22633.35,22635.5,300,22639,150,0,18105225
NIFTY-I.NFO,10/03/2025,09:32:52,22639,22637.6,300,22639,75,225,18105225
NIFTY-I.NFO,10/03/2025,09:32:54,22637.35,22635.45,300,22639,75,75,18105225
NIFTY-I.NFO,10/03/2025,09:32:56,22639.8,22635.2,300,22639.9,75,225,18105225
NIFTY-I.NFO,10/03/2025,09:32:57,22639.95,22637,375,22640,975,450,18105225
NIFTY-I.NFO,10/03/2025,09:32:59,22640,22636.65,300,22640,900,225,18105225
NIFTY-I.NFO,10/03/2025,09:33:01,22640,22638.7,975,22641,225,975,18105225
NIFTY-I.NFO,10/03/2025,09:33:02,22642,22639.75,300,22643,75,375,18105225
NIFTY-I.NFO,10/03/2025,09:33:04,22643.95,22639,450,22643.95,600,450,18105225
NIFTY-I.NFO,10/03/2025,09:33:06,22643.55,22638.3,675,22643,75,225,18105225
NIFTY-I.NFO,10/03/2025,09:33:07,22643,22637.95,375,22642.95,300,75,18105225
NIFTY-I.NFO,10/03/2025,09:33:09,22642.95,22637.95,375,22642.95,450,150,18105225
NIFTY-I.NFO,10/03/2025,09:33:11,22642,22636.7,375,22642.4,375,75,18105225
NIFTY-I.NFO,10/03/2025,09:33:12,22642,22637.95,300,22642.4,300,0,18105225
NIFTY-I.NFO,10/03/2025,09:33:14,22642,22638.5,75,22642.4,300,0,18105225
NIFTY-I.NFO,10/03/2025,09:33:16,22642,22638.5,75,22642.35,300,0,18105225
NIFTY-I.NFO,10/03/2025,09:33:19,22638.6,22636.2,375,22641.1,150,75,18105225
NIFTY-I.NFO,10/03/2025,09:33:20,22639,22635,150,22639.75,150,225,18105225
NIFTY-I.NFO,10/03/2025,09:33:22,22639.6,22635,150,22639.75,300,75,18105225
NIFTY-I.NFO,10/03/2025,09:33:24,22635,22635,75,22639.75,300,150,18105225
NIFTY-I.NFO,10/03/2025,09:33:27,22639.55,22635.3,300,22639.75,150,150,18105225
NIFTY-I.NFO,10/03/2025,09:33:29,22639.75,22635.5,75,22639.7,300,225,18105225
NIFTY-I.NFO,10/03/2025,09:33:30,22639.75,22635.1,300,22639,225,0,18105225
NIFTY-I.NFO,10/03/2025,09:33:32,22639,22635,150,22639,450,75,18105225
NIFTY-I.NFO,10/03/2025,09:33:34,22638.85,22633.35,375,22638.85,525,675,18105225
NIFTY-I.NFO,10/03/2025,09:33:35,22638.85,22635,450,22638.85,225,75,18105225
NIFTY-I.NFO,10/03/2025,09:33:37,22638.85,22636.3,300,22638.85,300,75,18105225
NIFTY-I.NFO,10/03/2025,09:33:39,22639,22635,450,22638.85,300,375,18105225
NIFTY-I.NFO,10/03/2025,09:33:40,22638.85,22638.85,75,22639.75,150,525,18105225
NIFTY-I.NFO,10/03/2025,09:33:42,22638.85,22635.5,300,22638.85,75,75,18105225
NIFTY-I.NFO,10/03/2025,09:33:44,22638.85,22637.25,300,22638.85,225,75,18105225
NIFTY-I.NFO,10/03/2025,09:33:45,22638.85,22637.35,600,22639.75,150,225,18105225
NIFTY-I.NFO,10/03/2025,09:33:47,22639.75,22638.05,300,22640,525,150,18105225
NIFTY-I.NFO,10/03/2025,09:33:49,22638.05,22638.85,75,22640,525,75,18105225
NIFTY-I.NFO,10/03/2025,09:33:50,22638.85,22638,75,22639.95,75,75,18105225
NIFTY-I.NFO,10/03/2025,09:33:52,22638,22636.85,300,22639.95,75,75,18105225
NIFTY-I.NFO,10/03/2025,09:33:54,22639.95,22637.75,75,22640,525,75,18105225
NIFTY-I.NFO,10/03/2025,09:33:55,22640,22637.35,300,22640,375,225,18105225
NIFTY-I.NFO,10/03/2025,09:33:57,22640,22637.1,300,22642,300,450,18105225
NIFTY-I.NFO,10/03/2025,09:33:59,22642,22637.45,375,22642,225,75,18105225
NIFTY-I.NFO,10/03/2025,09:34:00,22642,22637.55,450,22642,375,0,18105225
NIFTY-I.NFO,10/03/2025,09:34:02,22637.55,22636.9,600,22640,150,75,18105225
NIFTY-I.NFO,10/03/2025,09:34:04,22640,22637.7,525,22640,150,225,18105225
NIFTY-I.NFO,10/03/2025,09:34:05,22640,22636.9,225,22640,150,0,18105225
NIFTY-I.NFO,10/03/2025,09:34:07,22642,22638.4,375,22642,150,225,18105225
NIFTY-I.NFO,10/03/2025,09:34:09,22640,22637.05,375,22640.9,300,75,18105225
NIFTY-I.NFO,10/03/2025,09:34:10,22639.95,22636.05,1500,22640.1,300,225,18105225
NIFTY-I.NFO,10/03/2025,09:34:12,22639.95,22636.05,1500,22639.7,300,0,18105225
NIFTY-I.NFO,10/03/2025,09:34:14,22639.95,22636.05,1500,22638,75,0,18105225
NIFTY-I.NFO,10/03/2025,09:34:15,22638,22636.05,1350,22638,75,300,18105225
NIFTY-I.NFO,10/03/2025,09:34:17,22638,22638,75,22640,75,75,18105225
NIFTY-I.NFO,10/03/2025,09:34:19,22640,22639.95,75,22641.5,375,75,18105225
NIFTY-I.NFO,10/03/2025,09:34:20,22639.95,22638,75,22639.7,300,75,18105225
NIFTY-I.NFO,10/03/2025,09:34:22,22637.25,22636.05,1200,22637.45,375,225,18105225
NIFTY-I.NFO,10/03/2025,09:34:24,22637.25,22636.05,1200,22637.45,375,0,18105225
NIFTY-I.NFO,10/03/2025,09:34:25,22636.05,22636.05,1050,22637.45,375,150,18105225
NIFTY-I.NFO,10/03/2025,09:34:27,22637.45,22636.05,1275,22639.95,75,450,18105225
NIFTY-I.NFO,10/03/2025,09:34:29,22639.95,22637.55,150,22640,150,225,18105225
NIFTY-I.NFO,10/03/2025,09:34:30,22636.6,22637.45,375,22640,150,75,18105225
NIFTY-I.NFO,10/03/2025,09:34:32,22636.05,22636.05,750,22640,150,150,18105225
NIFTY-I.NFO,10/03/2025,09:34:33,22639.95,22636.05,750,22639.9,300,75,18105225
NIFTY-I.NFO,10/03/2025,09:34:35,22640,22636.05,1050,22639.9,75,375,18105225
NIFTY-I.NFO,10/03/2025,09:34:37,22639.9,22635.05,525,22640.8,75,1200,18105225
NIFTY-I.NFO,10/03/2025,09:34:38,22636.05,22635.75,675,22641.55,300,225,18105225
NIFTY-I.NFO,10/03/2025,09:34:40,22635.5,22635.3,75,22640,150,150,18105225
NIFTY-I.NFO,10/03/2025,09:34:42,22635.5,22636.3,75,22640,225,0,18108450
NIFTY-I.NFO,10/03/2025,09:34:43,22636.6,22636.2,450,22640,225,375,18108450
NIFTY-I.NFO,10/03/2025,09:34:45,22636.6,22637,450,22640,225,0,18108450
NIFTY-I.NFO,10/03/2025,09:34:47,22638.1,22637.55,450,22640,225,225,18108450
NIFTY-I.NFO,10/03/2025,09:34:48,22640,22639.3,150,22642,450,225,18108450
NIFTY-I.NFO,10/03/2025,09:34:50,22648,22647.5,5475,22648,675,4200,18108450
NIFTY-I.NFO,10/03/2025,09:34:50,22648,22647.5,5475,22648,675,0,18108450
NIFTY-I.NFO,10/03/2025,09:34:52,22648,22647.5,5250,22648,600,300,18108450
NIFTY-I.NFO,10/03/2025,09:34:53,22648,22647.5,5250,22648,600,75,18108450
NIFTY-I.NFO,10/03/2025,09:34:55,22645.25,22641.2,300,22646.95,375,6300,18108450
NIFTY-I.NFO,10/03/2025,09:34:57,22645.25,22642.95,300,22646.95,450,0,18108450
NIFTY-I.NFO,10/03/2025,09:34:58,22645.25,22642.95,375,22646.95,450,0,18108450
NIFTY-I.NFO,10/03/2025,09:35:00,22645.25,22642.9,300,22646.95,450,0,18108450
NIFTY-I.NFO,10/03/2025,09:35:01,22646.95,22643.65,300,22646.95,300,150,18108450
NIFTY-I.NFO,10/03/2025,09:35:03,22646.95,22644.45,300,22646.95,225,75,18108450
NIFTY-I.NFO,10/03/2025,09:35:05,22644.45,22644.6,150,22646.95,375,75,18108450
NIFTY-I.NFO,10/03/2025,09:35:06,22644.45,22644.4,225,22646.95,375,0,18108450
NIFTY-I.NFO,10/03/2025,09:35:08,22653.9,22653,75,22653.9,600,8400,18108450
NIFTY-I.NFO,10/03/2025,09:35:08,22653.9,22653,75,22653.9,600,0,18108450
NIFTY-I.NFO,10/03/2025,09:35:09,22655,22655,75,22655.9,75,1425,18108450
NIFTY-I.NFO,10/03/2025,09:35:09,22655,22655,75,22655.9,75,0,18108450
NIFTY-I.NFO,10/03/2025,09:35:11,22659,22658.05,300,22659,150,1050,18108450
NIFTY-I.NFO,10/03/2025,09:35:11,22659,22658.05,300,22659,150,0,18108450
NIFTY-I.NFO,10/03/2025,09:35:13,22662,22658.05,150,22662,225,3675,18108450
NIFTY-I.NFO,10/03/2025,09:35:13,22662,22658.05,150,22662,225,0,18108450
NIFTY-I.NFO,10/03/2025,09:35:14,22659.7,22658.05,75,22659.85,300,600,18108450
NIFTY-I.NFO,10/03/2025,09:35:16,22660.05,22658.05,75,22659.2,75,375,18108450
NIFTY-I.NFO,10/03/2025,09:35:18,22659.15,22654.15,375,22660.3,225,975,18108450
NIFTY-I.NFO,10/03/2025,09:35:19,22657.9,22652.85,225,22657.45,225,675,18108450
NIFTY-I.NFO,10/03/2025,09:35:21,22650,22650.15,450,22657.2,75,825,18108450
NIFTY-I.NFO,10/03/2025,09:35:22,22657.6,22655,75,22657.45,75,150,18108450
NIFTY-I.NFO,10/03/2025,09:35:24,22657.45,22652,525,22658.05,150,150,18108450
NIFTY-I.NFO,10/03/2025,09:35:26,22658.75,22652.1,300,22658,75,1650,18108450
NIFTY-I.NFO,10/03/2025,09:35:27,22659.15,22657.6,75,22659.15,150,150,18108450
NIFTY-I.NFO,10/03/2025,09:35:29,22659.1,22652.15,75,22658,75,300,18108450
NIFTY-I.NFO,10/03/2025,09:35:31,22657.45,22652.6,375,22658.35,225,225,18108450
NIFTY-I.NFO,10/03/2025,09:35:32,22658.45,22652.9,150,22658.7,225,375,18108450
NIFTY-I.NFO,10/03/2025,09:35:34,22652.95,22653.5,525,22659.15,225,225,18108450
NIFTY-I.NFO,10/03/2025,09:35:36,22654.1,22653.2,375,22659.7,150,450,18108450
NIFTY-I.NFO,10/03/2025,09:35:37,22660,22658.75,150,22660,1125,450,18108450
NIFTY-I.NFO,10/03/2025,09:35:39,22660,22658.75,75,22660,825,375,18108450
NIFTY-I.NFO,10/03/2025,09:35:41,22660,22658.75,75,22660,975,0,18108450
NIFTY-I.NFO,10/03/2025,09:35:42,22659.15,22658,75,22659.5,75,375,18108450
NIFTY-I.NFO,10/03/2025,09:35:44,22657.45,22655,75,22659.5,75,150,18108450
NIFTY-I.NFO,10/03/2025,09:35:46,22659.5,22656.75,150,22660,1275,225,18108450
NIFTY-I.NFO,10/03/2025,09:35:47,22656.05,22656.8,150,22660,1275,300,18108450
NIFTY-I.NFO,10/03/2025,09:35:49,22657.45,22657.45,75,22660,1125,300,18108450
NIFTY-I.NFO,10/03/2025,09:35:51,22655,22656.05,75,22659.15,750,300,18108450
NIFTY-I.NFO,10/03/2025,09:35:52,22659.15,22656.05,75,22660,1125,900,18108450
NIFTY-I.NFO,10/03/2025,09:35:54,22658,22656.95,150,22663.15,150,2325,18108450
NIFTY-I.NFO,10/03/2025,09:35:56,22659.15,22658.1,450,22664,75,1050,18108450
NIFTY-I.NFO,10/03/2025,09:35:56,22662.95,22658.1,450,22664,75,0,18108450
NIFTY-I.NFO,10/03/2025,09:35:57,22662.55,22659,75,22662.55,75,675,18108450
NIFTY-I.NFO,10/03/2025,09:35:59,22658.15,22656.5,75,22660.1,375,675,18108450
NIFTY-I.NFO,10/03/2025,09:36:01,22659.05,22656.5,75,22659.1,75,300,18108450
NIFTY-I.NFO,10/03/2025,09:36:02,22660.2,22656.5,75,22660.25,300,600,18108450
NIFTY-I.NFO,10/03/2025,09:36:04,22660,22655,525,22660.3,375,525,18108450
NIFTY-I.NFO,10/03/2025,09:36:06,22659.9,22655,450,22659.25,150,450,18108450
NIFTY-I.NFO,10/03/2025,09:36:07,22658.25,22655,300,22658.25,75,750,18108450
NIFTY-I.NFO,10/03/2025,09:36:09,22655,22655,225,22658.5,150,225,18108450
NIFTY-I.NFO,10/03/2025,09:36:11,22658.25,22655.05,450,22660,75,150,18108450
NIFTY-I.NFO,10/03/2025,09:36:12,22660.85,22656.05,450,22661.3,75,300,18108450
NIFTY-I.NFO,10/03/2025,09:36:14,22658,22655.15,300,22660.75,150,675,18108450
NIFTY-I.NFO,10/03/2025,09:36:16,22655,22655,150,22659.9,75,75,18108450
NIFTY-I.NFO,10/03/2025,09:36:17,22655.05,22654.5,150,22659.9,2550,750,18108450
NIFTY-I.NFO,10/03/2025,09:36:19,22655.05,22655,75,22659.85,150,0,18108450
NIFTY-I.NFO,10/03/2025,09:36:21,22655.05,22655.5,75,22659.85,375,0,18108450
NIFTY-I.NFO,10/03/2025,09:36:22,22659.25,22655.55,75,22659.9,2550,150,18108450
NIFTY-I.NFO,10/03/2025,09:36:24,22655.55,22655.5,75,22659.9,2550,75,18108450
NIFTY-I.NFO,10/03/2025,09:36:26,22658,22656,450,22660.95,150,3975,18108450
NIFTY-I.NFO,10/03/2025,09:36:27,22658,22655.9,300,22659.8,75,225,18108450
NIFTY-I.NFO,10/03/2025,09:36:29,22655.95,22655.7,300,22659.65,75,375,18108450
NIFTY-I.NFO,10/03/2025,09:36:30,22659.8,22655.5,75,22659.9,75,300,18108450
NIFTY-I.NFO,10/03/2025,09:36:32,22655.5,22655.1,300,22660,225,300,18108450
NIFTY-I.NFO,10/03/2025,09:36:34,22657.4,22657.5,300,22662,150,375,18108450
NIFTY-I.NFO,10/03/2025,09:36:35,22662,22657.95,675,22662,75,225,18108450
NIFTY-I.NFO,10/03/2025,09:36:37,22658.2,22657.9,375,22662.9,300,450,18108450
NIFTY-I.NFO,10/03/2025,09:36:39,22660,22658,225,22662.9,300,150,18108450
NIFTY-I.NFO,10/03/2025,09:36:40,22657.7,22658,225,22662.9,150,525,18108450
NIFTY-I.NFO,10/03/2025,09:36:42,22659.7,22659.75,600,22662.9,150,300,18108450
NIFTY-I.NFO,10/03/2025,09:36:44,22663.9,22662.85,375,22668.15,150,8250,18108450
NIFTY-I.NFO,10/03/2025,09:36:44,22669.45,22662.85,375,22668.15,150,0,18108450
NIFTY-I.NFO,10/03/2025,09:36:45,22668.45,22663.75,675,22669,75,300,18108450
NIFTY-I.NFO,10/03/2025,09:36:47,22669.95,22663.35,300,22669.4,150,675,18108450
NIFTY-I.NFO,10/03/2025,09:36:47,22669.95,22663.35,300,22669.4,150,0,18108450
NIFTY-I.NFO,10/03/2025,09:36:49,22659.15,22660.5,300,22666.55,300,2775,18108450
NIFTY-I.NFO,10/03/2025,09:36:50,22660.45,22660.85,750,22665.85,75,450,18108450
NIFTY-I.NFO,10/03/2025,09:36:52,22667.25,22662,450,22667.5,75,975,18108450
NIFTY-I.NFO,10/03/2025,09:36:54,22663.05,22663.1,450,22669,225,525,18108450
NIFTY-I.NFO,10/03/2025,09:36:55,22663.1,22661.65,375,22666.35,75,375,18108450
NIFTY-I.NFO,10/03/2025,09:36:57,22669,22663.25,150,22669.3,525,225,18108450
NIFTY-I.NFO,10/03/2025,09:36:59,22663.05,22663,75,22668.1,450,525,18108450
NIFTY-I.NFO,10/03/2025,09:37:00,22667.6,22663,75,22666.55,450,75,18108450
NIFTY-I.NFO,10/03/2025,09:37:02,22663.8,22663,75,22667.9,150,75,18108450
NIFTY-I.NFO,10/03/2025,09:37:04,22665,22663.1,150,22665,2700,900,18108450
NIFTY-I.NFO,10/03/2025,09:37:06,22665,22662.5,75,22665,2400,600,18108450
NIFTY-I.NFO,10/03/2025,09:37:07,22665,22663,75,22665,2475,75,18108450
NIFTY-I.NFO,10/03/2025,09:37:11,22660.5,22660.45,300,22665,2400,750,18108450
NIFTY-I.NFO,10/03/2025,09:37:12,22667.7,22665,75,22668.4,75,3225,18108450
NIFTY-I.NFO,10/03/2025,09:37:14,22660.55,22661.35,150,22666.95,150,525,18108450
NIFTY-I.NFO,10/03/2025,09:37:16,22660.7,22660.45,375,22665,75,225,18108450
NIFTY-I.NFO,10/03/2025,09:37:17,22660.5,22660.75,375,22665,375,75,18108450
NIFTY-I.NFO,10/03/2025,09:37:19,22660.75,22660.5,300,22665,300,150,18108450
NIFTY-I.NFO,10/03/2025,09:37:21,22660.7,22660.5,225,22664.95,75,150,18108450
NIFTY-I.NFO,10/03/2025,09:37:22,22665,22660.5,225,22665,300,150,18108450
NIFTY-I.NFO,10/03/2025,09:37:24,22665,22660.5,525,22664.9,75,0,18108450
NIFTY-I.NFO,10/03/2025,09:37:25,22664,22660.7,75,22664.9,75,75,18108450
NIFTY-I.NFO,10/03/2025,09:37:27,22660.75,22660.75,525,22664.9,75,300,18108450
NIFTY-I.NFO,10/03/2025,09:37:29,22664.9,22660.75,225,22665,525,300,18108450
NIFTY-I.NFO,10/03/2025,09:37:30,22660.75,22660.75,150,22665,600,150,18108450
NIFTY-I.NFO,10/03/2025,09:37:32,22660.75,22660.75,150,22664.2,75,0,18108450
NIFTY-I.NFO,10/03/2025,09:37:34,22660.75,22660.75,75,22665,600,375,18108450
NIFTY-I.NFO,10/03/2025,09:37:35,22660.7,22660.45,300,22665,600,300,18108450
NIFTY-I.NFO,10/03/2025,09:37:37,22665,22660.75,150,22665,750,375,18108450
NIFTY-I.NFO,10/03/2025,09:37:39,22665,22664.2,375,22665,750,0,18108450
NIFTY-I.NFO,10/03/2025,09:37:40,22664.2,22664.2,375,22665,900,75,18108450
NIFTY-I.NFO,10/03/2025,09:37:42,22664.2,22664.2,450,22665,750,375,18081975
NIFTY-I.NFO,10/03/2025,09:37:44,22665,22664.2,450,22665,1125,75,18081975
NIFTY-I.NFO,10/03/2025,09:37:45,22665,22664.2,150,22665,1050,525,18081975
NIFTY-I.NFO,10/03/2025,09:37:47,22665,22664.2,75,22665,675,450,18081975
NIFTY-I.NFO,10/03/2025,09:37:48,22665,22664.2,150,22665,675,75,18081975
NIFTY-I.NFO,10/03/2025,09:37:50,22664.2,22663.55,75,22664.2,150,150,18081975
NIFTY-I.NFO,10/03/2025,09:37:52,22664.2,22663.55,75,22664.2,150,0,18081975
NIFTY-I.NFO,10/03/2025,09:37:55,22664.2,22663.6,150,22664.2,225,225,18081975
NIFTY-I.NFO,10/03/2025,09:37:57,22664.2,22661.25,450,22664.9,75,600,18081975
NIFTY-I.NFO,10/03/2025,09:37:58,22664.9,22663.55,75,22664.2,75,150,18081975
NIFTY-I.NFO,10/03/2025,09:38:00,22664.2,22663.6,225,22664.2,75,75,18081975
NIFTY-I.NFO,10/03/2025,09:38:02,22663.65,22663.6,150,22663.65,1500,375,18081975
NIFTY-I.NFO,10/03/2025,09:38:03,22663.65,22663.6,150,22663.65,3300,0,18081975
NIFTY-I.NFO,10/03/2025,09:38:05,22660.5,22660.45,75,22663.6,1650,750,18081975
NIFTY-I.NFO,10/03/2025,09:38:07,22660,22660,3600,22663.6,1650,825,18081975
NIFTY-I.NFO,10/03/2025,09:38:08,22660,22660,3525,22665,750,6525,18081975
NIFTY-I.NFO,10/03/2025,09:38:10,22660,22660,3300,22665,750,0,18081975
NIFTY-I.NFO,10/03/2025,09:38:12,22666,22661.25,150,22664,1800,975,18081975
NIFTY-I.NFO,10/03/2025,09:38:13,22660,22660.05,150,22664,1800,75,18081975
NIFTY-I.NFO,10/03/2025,09:38:15,22664,22661.85,225,22664,1725,225,18081975
NIFTY-I.NFO,10/03/2025,09:38:16,22661.8,22662,150,22664,1725,75,18081975
NIFTY-I.NFO,10/03/2025,09:38:18,22671.35,22667.8,300,22671.4,75,8400,18081975
NIFTY-I.NFO,10/03/2025,09:38:18,22671.4,22667.8,300,22671.4,75,0,18081975
NIFTY-I.NFO,10/03/2025,09:38:20,22671.35,22666.5,75,22671.4,75,300,18081975
NIFTY-I.NFO,10/03/2025,09:38:21,22671.35,22665.05,375,22667.8,150,300,18081975
NIFTY-I.NFO,10/03/2025,09:38:23,22672,22667.35,300,22672,75,300,18081975
NIFTY-I.NFO,10/03/2025,09:38:23,22672,22667.35,300,22672,75,0,18081975
NIFTY-I.NFO,10/03/2025,09:38:25,22667.1,22667,75,22672,300,375,18081975
NIFTY-I.NFO,10/03/2025,09:38:26,22669,22669,375,22672,225,225,18081975
NIFTY-I.NFO,10/03/2025,09:38:28,22671.4,22669,375,22672,150,1350,18081975
NIFTY-I.NFO,10/03/2025,09:38:30,22669,22666.4,75,22669,225,2250,18081975
NIFTY-I.NFO,10/03/2025,09:38:31,22667.35,22667.35,75,22672,225,300,18081975
NIFTY-I.NFO,10/03/2025,09:38:33,22666.45,22666.8,150,22670,150,525,18081975
NIFTY-I.NFO,10/03/2025,09:38:35,22670,22669.6,225,22672,375,150,18081975
NIFTY-I.NFO,10/03/2025,09:38:36,22670.25,22670.25,150,22674,225,600,18081975
NIFTY-I.NFO,10/03/2025,09:38:36,22672.5,22670.25,150,22674,225,0,18081975
NIFTY-I.NFO,10/03/2025,09:38:38,22669.7,22668,375,22673,300,225,18081975
NIFTY-I.NFO,10/03/2025,09:38:38,22674,22668,375,22673,300,0,18081975
NIFTY-I.NFO,10/03/2025,09:38:40,22673,22667.7,75,22673,225,150,18081975
NIFTY-I.NFO,10/03/2025,09:38:41,22667.7,22667.9,225,22672,375,825,18081975
NIFTY-I.NFO,10/03/2025,09:38:43,22673,22672,375,22673.1,75,525,18081975
NIFTY-I.NFO,10/03/2025,09:38:44,22668.6,22668.6,375,22674,75,600,18081975
NIFTY-I.NFO,10/03/2025,09:38:46,22670,22670,975,22673,300,375,18081975
NIFTY-I.NFO,10/03/2025,09:38:46,22674.85,22670,975,22673,300,0,18081975
NIFTY-I.NFO,10/03/2025,09:38:48,22673,22670,900,22673,225,225,18081975
NIFTY-I.NFO,10/03/2025,09:38:49,22672.75,22670,825,22672.7,150,525,18081975
NIFTY-I.NFO,10/03/2025,09:38:51,22672.75,22670,1050,22672.45,600,0,18081975
NIFTY-I.NFO,10/03/2025,09:38:53,22670,22670,900,22672.5,75,150,18081975
NIFTY-I.NFO,10/03/2025,09:38:54,22673,22671,450,22673,75,300,18081975
NIFTY-I.NFO,10/03/2025,09:38:56,22672.75,22671,450,22672.75,525,375,18081975
NIFTY-I.NFO,10/03/2025,09:38:57,22671,22670,900,22671.95,525,450,18081975
NIFTY-I.NFO,10/03/2025,09:38:59,22671.05,22667.7,75,22671.05,375,1125,18081975
NIFTY-I.NFO,10/03/2025,09:39:01,22666.2,22665.9,150,22671.8,675,150,18081975
NIFTY-I.NFO,10/03/2025,09:39:02,22666.2,22665.4,600,22667.7,75,0,18081975
NIFTY-I.NFO,10/03/2025,09:39:04,22670.95,22665.15,375,22670.8,150,1125,18081975
NIFTY-I.NFO,10/03/2025,09:39:06,22663.05,22663,75,22667.7,375,825,18081975
NIFTY-I.NFO,10/03/2025,09:39:07,22667.6,22663,75,22667.6,75,75,18081975
NIFTY-I.NFO,10/03/2025,09:39:09,22668.95,22663,375,22668.85,450,450,18081975
NIFTY-I.NFO,10/03/2025,09:39:11,22663,22663,225,22668.7,150,525,18081975
NIFTY-I.NFO,10/03/2025,09:39:12,22663,22663,225,22665.9,225,0,18081975
NIFTY-I.NFO,10/03/2025,09:39:14,22663.05,22663.1,300,22665.9,150,150,18081975
NIFTY-I.NFO,10/03/2025,09:39:16,22663.1,22663.1,225,22665.9,150,75,18081975
NIFTY-I.NFO,10/03/2025,09:39:17,22663.1,22663,75,22665.9,150,225,18081975
NIFTY-I.NFO,10/03/2025,09:39:19,22663,22661.15,600,22665.9,150,75,18081975
NIFTY-I.NFO,10/03/2025,09:39:21,22663,22661,600,22663,75,75,18081975
NIFTY-I.NFO,10/03/2025,09:39:22,22664,22662.35,600,22665.9,150,300,18081975
NIFTY-I.NFO,10/03/2025,09:39:24,22665,22663.95,600,22665.9,150,150,18081975
NIFTY-I.NFO,10/03/2025,09:39:25,22665.9,22665.9,975,22668.9,1050,225,18081975
NIFTY-I.NFO,10/03/2025,09:39:27,22665.9,22665.9,600,22669,75,1125,18081975
NIFTY-I.NFO,10/03/2025,09:39:29,22665.9,22665.15,600,22669,75,75,18081975
NIFTY-I.NFO,10/03/2025,09:39:30,22669.95,22664.15,375,22669.8,150,675,18081975
NIFTY-I.NFO,10/03/2025,09:39:32,22670,22669.9,300,22670,75,375,18081975
NIFTY-I.NFO,10/03/2025,09:39:34,22672,22669.9,75,22672,600,450,18081975
NIFTY-I.NFO,10/03/2025,09:39:35,22671,22670,75,22670.95,75,150,18081975
NIFTY-I.NFO,10/03/2025,09:39:37,22669,22666.8,600,22669,225,1350,18081975
NIFTY-I.NFO,10/03/2025,09:39:39,22665.05,22664.6,450,22669,75,825,18081975
NIFTY-I.NFO,10/03/2025,09:39:40,22668,22665.05,375,22668,600,150,18081975
NIFTY-I.NFO,10/03/2025,09:39:42,22668,22665.95,150,22668,375,450,18081975
NIFTY-I.NFO,10/03/2025,09:39:44,22670,22670,525,22672,300,1050,18081975
NIFTY-I.NFO,10/03/2025,09:39:45,22673,22670,225,22673,450,750,18081975
NIFTY-I.NFO,10/03/2025,09:39:47,22673,22670,225,22673,375,150,18081975
NIFTY-I.NFO,10/03/2025,09:39:49,22670,22671,525,22672.95,825,150,18081975
NIFTY-I.NFO,10/03/2025,09:39:50,22673.7,22671,525,22673,75,675,18081975
NIFTY-I.NFO,10/03/2025,09:39:52,22671,22670,75,22672.95,600,750,18081975
NIFTY-I.NFO,10/03/2025,09:39:54,22673,22670,75,22673.95,600,75,18081975
NIFTY-I.NFO,10/03/2025,09:39:55,22672.9,22670,75,22673.1,75,75,18081975
NIFTY-I.NFO,10/03/2025,09:39:57,22672.75,22667.35,375,22672.75,600,525,18081975
NIFTY-I.NFO,10/03/2025,09:39:59,22667.4,22666.85,375,22672,75,150,18081975
NIFTY-I.NFO,10/03/2025,09:40:00,22667.75,22665.85,675,22670,150,150,18081975
NIFTY-I.NFO,10/03/2025,09:40:02,22670,22668.6,75,22672,75,150,18081975
NIFTY-I.NFO,10/03/2025,09:40:04,22670,22668.7,300,22672.85,75,1425,18081975
NIFTY-I.NFO,10/03/2025,09:40:05,22670,22668.55,225,22672.85,75,150,18081975
NIFTY-I.NFO,10/03/2025,09:40:07,22672.85,22669.3,225,22673,675,75,18081975
NIFTY-I.NFO,10/03/2025,09:40:09,22673,22669.6,75,22673,525,300,18081975
NIFTY-I.NFO,10/03/2025,09:40:10,22674,22673,75,22674,600,975,18081975
NIFTY-I.NFO,10/03/2025,09:40:12,22669.55,22669.5,375,22674,450,300,18081975
NIFTY-I.NFO,10/03/2025,09:40:14,22669.5,22672.85,75,22674,450,150,18081975
NIFTY-I.NFO,10/03/2025,09:40:15,22672.9,22672.9,525,22675,1200,900,18081975
NIFTY-I.NFO,10/03/2025,09:40:17,22672.9,22672.9,300,22674.95,600,375,18081975
NIFTY-I.NFO,10/03/2025,09:40:19,22672.85,22669.5,75,22672.85,75,525,18081975
NIFTY-I.NFO,10/03/2025,09:40:20,22672.85,22670,150,22672.85,75,0,18081975
NIFTY-I.NFO,10/03/2025,09:40:22,22669.5,22667,300,22672,75,300,18081975
NIFTY-I.NFO,10/03/2025,09:40:24,22670,22667,225,22671.75,525,975,18081975
NIFTY-I.NFO,10/03/2025,09:40:25,22667,22666.3,75,22671.95,525,675,18081975
NIFTY-I.NFO,10/03/2025,09:40:27,22670,22666.9,300,22671,75,75,18081975
NIFTY-I.NFO,10/03/2025,09:40:29,22671,22666.35,750,22671.8,75,600,18081975
NIFTY-I.NFO,10/03/2025,09:40:30,22667,22666.4,225,22670.75,150,225,18081975
NIFTY-I.NFO,10/03/2025,09:40:32,22666.35,22666.4,375,22672.55,225,975,18081975
NIFTY-I.NFO,10/03/2025,09:40:34,22667,22667,75,22671.65,150,150,18081975
NIFTY-I.NFO,10/03/2025,09:40:35,22667,22666,75,22670,75,75,18081975
NIFTY-I.NFO,10/03/2025,09:40:37,22665.1,22665.1,75,22666,300,225,18081975
NIFTY-I.NFO,10/03/2025,09:40:39,22665.1,22665,1200,22670,75,525,18081975
NIFTY-I.NFO,10/03/2025,09:40:40,22665,22665,1125,22669.9,75,150,18090075
NIFTY-I.NFO,10/03/2025,09:40:42,22665.1,22665.1,975,22670,75,450,18090075
NIFTY-I.NFO,10/03/2025,09:40:44,22670,22666.3,600,22671.9,75,600,18090075
NIFTY-I.NFO,10/03/2025,09:40:45,22666.15,22666.15,600,22671.85,300,75,18090075
NIFTY-I.NFO,10/03/2025,09:40:47,22671.9,22667,300,22672.85,675,1125,18090075
NIFTY-I.NFO,10/03/2025,09:40:49,22670.65,22666,150,22670.65,75,225,18090075
NIFTY-I.NFO,10/03/2025,09:40:50,22666,22665.1,525,22669.95,600,675,18090075
NIFTY-I.NFO,10/03/2025,09:40:52,22666,22665.1,300,22668.95,600,0,18090075
NIFTY-I.NFO,10/03/2025,09:40:54,22666,22665.1,675,22669,75,0,18090075
NIFTY-I.NFO,10/03/2025,09:40:55,22666,22665.15,75,22669,75,75,18090075
NIFTY-I.NFO,10/03/2025,09:40:57,22665.15,22665.15,375,22669,75,75,18090075
NIFTY-I.NFO,10/03/2025,09:40:59,22665.2,22665.15,75,22666,75,75,18090075
NIFTY-I.NFO,10/03/2025,09:41:00,22660.6,22660.3,75,22663.6,150,2775,18090075
NIFTY-I.NFO,10/03/2025,09:41:02,22665.35,22664.5,525,22666.15,450,300,18090075
NIFTY-I.NFO,10/03/2025,09:41:04,22666.1,22665,75,22666.3,150,525,18090075
NIFTY-I.NFO,10/03/2025,09:41:05,22666.7,22665,75,22667.9,300,75,18090075
NIFTY-I.NFO,10/03/2025,09:41:07,22667,22666.1,75,22669,75,225,18090075
NIFTY-I.NFO,10/03/2025,09:41:09,22671.2,22666.8,150,22671.2,150,1950,18090075
NIFTY-I.NFO,10/03/2025,09:41:10,22669.45,22665.35,75,22666,75,75,18090075
NIFTY-I.NFO,10/03/2025,09:41:12,22665.4,22665.4,675,22670,225,375,18090075
NIFTY-I.NFO,10/03/2025,09:41:14,22670,22665.45,375,22670,150,75,18090075
NIFTY-I.NFO,10/03/2025,09:41:15,22670,22665.4,525,22670.6,150,375,18090075
NIFTY-I.NFO,10/03/2025,09:41:17,22670.65,22665.55,525,22670.65,150,300,18090075
NIFTY-I.NFO,10/03/2025,09:41:18,22670.65,22666.15,525,22670,150,0,18090075
NIFTY-I.NFO,10/03/2025,09:41:20,22667.2,22667.25,225,22670,150,75,18090075
NIFTY-I.NFO,10/03/2025,09:41:22,22671.85,22666.5,75,22671.85,75,900,18090075
NIFTY-I.NFO,10/03/2025,09:41:23,22671.1,22666.5,75,22671.1,75,225,18090075
NIFTY-I.NFO,10/03/2025,09:41:25,22665.55,22666.1,225,22670.8,75,525,18090075
NIFTY-I.NFO,10/03/2025,09:41:27,22667.3,22667.25,525,22672.9,75,1575,18090075
NIFTY-I.NFO,10/03/2025,09:41:28,22666.05,22666.5,525,22671.1,75,150,18090075
NIFTY-I.NFO,10/03/2025,09:41:30,22667.2,22666,150,22670,75,975,18090075
NIFTY-I.NFO,10/03/2025,09:41:32,22670,22666,150,22670.8,300,75,18090075
NIFTY-I.NFO,10/03/2025,09:41:33,22671.65,22666,150,22670,150,300,18090075
NIFTY-I.NFO,10/03/2025,09:41:35,22670,22666.3,375,22671,75,375,18090075
NIFTY-I.NFO,10/03/2025,09:41:37,22666.55,22667.05,450,22671.85,150,825,18090075
NIFTY-I.NFO,10/03/2025,09:41:38,22672.85,22668,450,22673.05,150,525,18090075
NIFTY-I.NFO,10/03/2025,09:41:40,22671,22668,75,22671,75,75,18090075
NIFTY-I.NFO,10/03/2025,09:41:42,22666.75,22667.75,375,22672.85,150,600,18090075
NIFTY-I.NFO,10/03/2025,09:41:43,22671,22668.8,375,22673.2,900,225,18090075
NIFTY-I.NFO,10/03/2025,09:41:45,22671.65,22666.65,375,22671.7,150,300,18090075
NIFTY-I.NFO,10/03/2025,09:41:47,22667.15,22667.1,375,22671.65,75,75,18090075
NIFTY-I.NFO,10/03/2025,09:41:48,22671.55,22667.1,375,22671.65,75,150,18090075
NIFTY-I.NFO,10/03/2025,09:41:50,22671.9,22667.55,150,22672,75,150,18090075
NIFTY-I.NFO,10/03/2025,09:41:52,22673.6,22666.1,150,22672,150,2025,18090075
NIFTY-I.NFO,10/03/2025,09:41:53,22671.35,22666.05,375,22671.2,900,900,18090075
NIFTY-I.NFO,10/03/2025,09:41:55,22672.35,22667.15,225,22672.35,150,1350,18090075
NIFTY-I.NFO,10/03/2025,09:41:57,22673,22668.8,375,22674,75,525,18090075
NIFTY-I.NFO,10/03/2025,09:41:58,22676,22676,225,22676.35,75,3375,18090075
NIFTY-I.NFO,10/03/2025,09:41:58,22676.35,22676,225,22676.35,75,0,18090075
NIFTY-I.NFO,10/03/2025,09:42:00,22679,22676.6,975,22679.8,225,2250,18090075
NIFTY-I.NFO,10/03/2025,09:42:00,22679,22676.6,975,22679.8,225,0,18090075
NIFTY-I.NFO,10/03/2025,09:42:01,22682,22680.55,675,22684,300,5775,18090075
NIFTY-I.NFO,10/03/2025,09:42:01,22683.8,22680.55,675,22684,300,0,18090075
NIFTY-I.NFO,10/03/2025,09:42:03,22680.65,22681,300,22682.8,150,825,18090075
NIFTY-I.NFO,10/03/2025,09:42:03,22684.65,22681,300,22682.8,150,0,18090075
NIFTY-I.NFO,10/03/2025,09:42:05,22681,22681,150,22684.55,675,450,18090075
NIFTY-I.NFO,10/03/2025,09:42:06,22684.75,22681.05,600,22685,1050,150,18090075
NIFTY-I.NFO,10/03/2025,09:42:06,22684.75,22681.05,600,22685,1050,0,18090075
NIFTY-I.NFO,10/03/2025,09:42:08,22688,22687,1875,22688,150,2625,18090075
NIFTY-I.NFO,10/03/2025,09:42:08,22688,22687,1875,22688,150,0,18090075
NIFTY-I.NFO,10/03/2025,09:42:10,22688.6,22687,1650,22688.8,150,825,18090075
NIFTY-I.NFO,10/03/2025,09:42:10,22688.6,22687,1650,22688.8,150,0,18090075
NIFTY-I.NFO,10/03/2025,09:42:11,22689,22687,1650,22689,825,450,18090075
NIFTY-I.NFO,10/03/2025,09:42:11,22689,22687,1650,22689,825,0,18090075
NIFTY-I.NFO,10/03/2025,09:42:13,22689,22687,450,22689,1125,1650,18090075
NIFTY-I.NFO,10/03/2025,09:42:15,22688,22688,150,22689,600,375,18090075
NIFTY-I.NFO,10/03/2025,09:42:16,22689,22687,450,22689,225,525,18090075
NIFTY-I.NFO,10/03/2025,09:42:18,22689,22687.9,600,22689,150,300,18090075
NIFTY-I.NFO,10/03/2025,09:42:19,22691.1,22687,1125,22692.05,225,3900,18090075
NIFTY-I.NFO,10/03/2025,09:42:19,22693,22687,1125,22692.05,225,0,18090075
NIFTY-I.NFO,10/03/2025,09:42:21,22689.8,22687,750,22691.4,150,1650,18090075
NIFTY-I.NFO,10/03/2025,09:42:23,22687,22687,600,22691.9,225,675,18090075
NIFTY-I.NFO,10/03/2025,09:42:24,22690,22690,1200,22691.1,825,1500,18090075
NIFTY-I.NFO,10/03/2025,09:42:26,22690,22690,1200,22693.95,525,1350,18090075
NIFTY-I.NFO,10/03/2025,09:42:26,22693.95,22690,1200,22693.95,525,0,18090075
NIFTY-I.NFO,10/03/2025,09:42:28,22694,22693.95,525,22694,825,825,18090075
NIFTY-I.NFO,10/03/2025,09:42:28,22694,22693.95,525,22694,825,0,18090075
NIFTY-I.NFO,10/03/2025,09:42:29,22693.95,22693.95,150,22694.5,975,1350,18090075
NIFTY-I.NFO,10/03/2025,09:42:29,22694.5,22693.95,150,22694.5,975,0,18090075
NIFTY-I.NFO,10/03/2025,09:42:31,22690,22690,1575,22694.5,1200,225,18090075
NIFTY-I.NFO,10/03/2025,09:42:33,22690,22690,1200,22694.5,975,450,18090075
NIFTY-I.NFO,10/03/2025,09:42:34,22693.85,22690,1425,22694,150,1125,18090075
NIFTY-I.NFO,10/03/2025,09:42:36,22690,22690,1050,22693,75,225,18090075
NIFTY-I.NFO,10/03/2025,09:42:38,22690,22690,900,22693.95,150,600,18090075
NIFTY-I.NFO,10/03/2025,09:42:39,22693.95,22690,675,22694,300,900,18090075
NIFTY-I.NFO,10/03/2025,09:42:41,22690,22690,450,22693,75,825,18090075
NIFTY-I.NFO,10/03/2025,09:42:43,22693,22690,450,22693,150,450,18090075
NIFTY-I.NFO,10/03/2025,09:42:44,22693,22690,300,22693.95,225,300,18090075
NIFTY-I.NFO,10/03/2025,09:42:46,22693,22690.05,75,22694.35,300,675,18090075
NIFTY-I.NFO,10/03/2025,09:42:48,22694.3,22690.05,75,22692.95,75,75,18090075
NIFTY-I.NFO,10/03/2025,09:42:49,22687,22687,300,22692.6,300,750,18090075
NIFTY-I.NFO,10/03/2025,09:42:51,22690.05,22690,225,22692.95,375,2100,18090075
NIFTY-I.NFO,10/03/2025,09:42:53,22690.05,22690,225,22692.95,75,0,18090075
NIFTY-I.NFO,10/03/2025,09:42:54,22692.95,22688.9,150,22693,75,450,18090075
NIFTY-I.NFO,10/03/2025,09:42:56,22690,22688.85,150,22692.5,75,225,18090075
NIFTY-I.NFO,10/03/2025,09:42:58,22692.95,22692.95,450,22693.9,75,525,18090075
NIFTY-I.NFO,10/03/2025,09:42:59,22693.9,22692.9,75,22692.95,150,675,18090075
NIFTY-I.NFO,10/03/2025,09:43:01,22693.8,22692.9,75,22694,1125,450,18090075
NIFTY-I.NFO,10/03/2025,09:43:03,22694.3,22692.55,675,22694.3,150,1425,18090075
NIFTY-I.NFO,10/03/2025,09:43:04,22694.5,22692.55,75,22693.8,75,2325,18090075
NIFTY-I.NFO,10/03/2025,09:43:06,22692.9,22691.1,75,22692.9,2025,150,18090075
NIFTY-I.NFO,10/03/2025,09:43:08,22692.9,22690.4,75,22692.9,1350,750,18090075
NIFTY-I.NFO,10/03/2025,09:43:09,22691.1,22690.15,300,22692,75,2100,18090075
NIFTY-I.NFO,10/03/2025,09:43:11,22692.9,22690,300,22692.9,1125,750,18090075
NIFTY-I.NFO,10/03/2025,09:43:13,22690.2,22690,300,22690.8,2100,300,18090075
NIFTY-I.NFO,10/03/2025,09:43:14,22690.8,22690.25,75,22690.8,1425,825,18090075
NIFTY-I.NFO,10/03/2025,09:43:16,22690.8,22690,75,22692,75,1650,18090075
NIFTY-I.NFO,10/03/2025,09:43:17,22690.4,22690,450,22692,75,150,18090075
NIFTY-I.NFO,10/03/2025,09:43:19,22690,22689.1,300,22690,1650,825,18090075
NIFTY-I.NFO,10/03/2025,09:43:20,22689,22688.75,450,22690,4125,675,18090075
NIFTY-I.NFO,10/03/2025,09:43:22,22690,22688.85,75,22690,3975,375,18090075
NIFTY-I.NFO,10/03/2025,09:43:23,22693.25,22693.3,300,22695,2700,6750,18090075
NIFTY-I.NFO,10/03/2025,09:43:23,22694.6,22693.3,300,22695,2700,0,18090075
NIFTY-I.NFO,10/03/2025,09:43:25,22693.25,22692.9,750,22694.5,75,0,18090075
NIFTY-I.NFO,10/03/2025,09:43:28,22693.25,22692.9,750,22694,300,75,18090075
NIFTY-I.NFO,10/03/2025,09:43:30,22694,22692.9,525,22694,225,300,18090075
NIFTY-I.NFO,10/03/2025,09:43:31,22692.9,22692.9,375,22694,300,225,18090075
NIFTY-I.NFO,10/03/2025,09:43:33,22692.1,22691.85,75,22694,450,525,18090075
NIFTY-I.NFO,10/03/2025,09:43:35,22694,22690,225,22692.9,75,525,18090075
NIFTY-I.NFO,10/03/2025,09:43:36,22693.9,22690.25,75,22694,225,375,18090075
NIFTY-I.NFO,10/03/2025,09:43:38,22694,22690.85,75,22693.95,75,300,18090075
NIFTY-I.NFO,10/03/2025,09:43:40,22691.85,22691.2,75,22693,75,75,18090075
NIFTY-I.NFO,10/03/2025,09:43:41,22693.25,22693.3,75,22694,375,225,18084000
NIFTY-I.NFO,10/03/2025,09:43:43,22695,22694,75,22695,2100,1350,18084000
NIFTY-I.NFO,10/03/2025,09:43:43,22695,22694,75,22695,2100,0,18084000
NIFTY-I.NFO,10/03/2025,09:43:45,22695,22693.2,450,22695,1800,525,18084000
NIFTY-I.NFO,10/03/2025,09:43:47,22695,22693,150,22695,1575,750,18084000
NIFTY-I.NFO,10/03/2025,09:43:48,22695,22692.75,75,22695,1350,525,18084000
NIFTY-I.NFO,10/03/2025,09:43:50,22698,22696.7,300,22698,1050,5175,18084000
NIFTY-I.NFO,10/03/2025,09:43:50,22698,22696.7,300,22698,1050,0,18084000
NIFTY-I.NFO,10/03/2025,09:43:51,22697.7,22698.05,300,22698.35,75,1125,18084000
NIFTY-I.NFO,10/03/2025,09:43:53,22698.8,22698.05,300,22698.8,300,300,18084000
NIFTY-I.NFO,10/03/2025,09:43:53,22698.8,22698.05,300,22698.8,300,0,18084000
NIFTY-I.NFO,10/03/2025,09:43:55,22698.8,22697.8,300,22698.8,75,300,18084000
NIFTY-I.NFO,10/03/2025,09:43:56,22699.9,22699.7,450,22699.9,225,3900,18084000
NIFTY-I.NFO,10/03/2025,09:43:56,22699.9,22699.7,450,22699.9,225,0,18084000
NIFTY-I.NFO,10/03/2025,09:43:58,22699.95,22698.5,75,22699.95,150,750,18084000
NIFTY-I.NFO,10/03/2025,09:43:58,22699.95,22698.5,75,22699.95,150,0,18084000
NIFTY-I.NFO,10/03/2025,09:44:00,22699.95,22698,75,22700,10500,525,18084000
NIFTY-I.NFO,10/03/2025,09:44:01,22700,22699.95,75,22700,7350,3375,18084000
NIFTY-I.NFO,10/03/2025,09:44:01,22700,22699.95,75,22700,7350,0,18084000
NIFTY-I.NFO,10/03/2025,09:44:03,22698.35,22698.35,75,22700,6000,1875,18084000
NIFTY-I.NFO,10/03/2025,09:44:04,22700,22696.7,75,22700,4875,1125,18084000
NIFTY-I.NFO,10/03/2025,09:44:06,22700,22699.95,75,22700,3750,1125,18084000
NIFTY-I.NFO,10/03/2025,09:44:08,22699.75,22696.75,75,22700,3300,825,18084000
NIFTY-I.NFO,10/03/2025,09:44:09,22695.35,22695.35,150,22699.95,600,900,18084000
NIFTY-I.NFO,10/03/2025,09:44:11,22699.95,22699,75,22699.95,225,525,18084000
NIFTY-I.NFO,10/03/2025,09:44:12,22700,22699,75,22699.8,75,300,18084000
NIFTY-I.NFO,10/03/2025,09:44:14,22699,22697.05,75,22699,75,450,18084000
NIFTY-I.NFO,10/03/2025,09:44:15,22697,22699,75,22699.95,75,1050,18084000
NIFTY-I.NFO,10/03/2025,09:44:17,22699.95,22696.8,150,22700,2850,150,18084000
NIFTY-I.NFO,10/03/2025,09:44:19,22700,22699,975,22700,2700,375,18084000
NIFTY-I.NFO,10/03/2025,09:44:20,22700,22699,600,22700,2625,750,18084000
NIFTY-I.NFO,10/03/2025,09:44:22,22700,22699,300,22700,1725,900,18084000
NIFTY-I.NFO,10/03/2025,09:44:24,22699,22696.85,150,22699,450,600,18084000
NIFTY-I.NFO,10/03/2025,09:44:25,22700,22696.9,75,22700,2400,600,18084000
NIFTY-I.NFO,10/03/2025,09:44:27,22699.95,22699.25,75,22699.95,150,1200,18084000
NIFTY-I.NFO,10/03/2025,09:44:29,22700,22695.2,450,22700,900,1125,18084000
NIFTY-I.NFO,10/03/2025,09:44:30,22699.25,22699.25,150,22700,975,150,18084000
NIFTY-I.NFO,10/03/2025,09:44:32,22697.7,22697.7,300,22699,150,600,18084000
NIFTY-I.NFO,10/03/2025,09:44:34,22699,22695.2,150,22700,750,375,18084000
NIFTY-I.NFO,10/03/2025,09:44:35,22695.2,22695.2,225,22700,375,675,18084000
NIFTY-I.NFO,10/03/2025,09:44:37,22699.2,22695,375,22698.7,150,150,18084000
NIFTY-I.NFO,10/03/2025,09:44:39,22697.8,22695,750,22698.95,150,150,18084000
NIFTY-I.NFO,10/03/2025,09:44:40,22699,22695,1425,22699.05,75,675,18084000
NIFTY-I.NFO,10/03/2025,09:44:42,22695.2,22695.05,675,22695.75,75,2100,18084000
NIFTY-I.NFO,10/03/2025,09:44:44,22700.9,22700,225,22701,375,1125,18084000
NIFTY-I.NFO,10/03/2025,09:44:44,22700.9,22700,225,22701,375,0,18084000
NIFTY-I.NFO,10/03/2025,09:44:45,22702,22700,150,22702,375,900,18084000
NIFTY-I.NFO,10/03/2025,09:44:45,22702,22700,150,22702,375,0,18084000
NIFTY-I.NFO,10/03/2025,09:44:47,22701,22698.15,450,22702,225,750,18084000
NIFTY-I.NFO,10/03/2025,09:44:49,22700,22700,150,22702,225,525,18084000
NIFTY-I.NFO,10/03/2025,09:44:50,22703,22703,75,22703.9,75,300,18084000
NIFTY-I.NFO,10/03/2025,09:44:50,22703,22703,75,22703.9,75,0,18084000
NIFTY-I.NFO,10/03/2025,09:44:52,22700,22698.8,75,22703.85,150,1050,18084000
NIFTY-I.NFO,10/03/2025,09:44:54,22705.3,22699.15,300,22704.9,75,1650,18084000
NIFTY-I.NFO,10/03/2025,09:44:54,22705.3,22699.15,300,22704.9,75,0,18084000
NIFTY-I.NFO,10/03/2025,09:44:55,22703,22703,300,22707,225,1875,18084000
NIFTY-I.NFO,10/03/2025,09:44:55,22706.85,22703,300,22707,225,0,18084000
NIFTY-I.NFO,10/03/2025,09:44:57,22703,22703,225,22707.15,75,450,18084000
NIFTY-I.NFO,10/03/2025,09:44:57,22707.05,22703,225,22707.15,75,0,18084000
NIFTY-I.NFO,10/03/2025,09:44:58,22707.45,22707,225,22707.45,75,1875,18084000
NIFTY-I.NFO,10/03/2025,09:44:58,22707.45,22707,225,22707.45,75,0,18084000
NIFTY-I.NFO,10/03/2025,09:45:00,22708,22707.45,1500,22708,225,3075,18084000
NIFTY-I.NFO,10/03/2025,09:45:00,22708,22707.45,1500,22708,225,0,18084000
NIFTY-I.NFO,10/03/2025,09:45:02,22708.4,22708.4,75,22710,900,3525,18084000
NIFTY-I.NFO,10/03/2025,09:45:02,22710,22708.4,75,22710,900,0,18084000
NIFTY-I.NFO,10/03/2025,09:45:03,22711,22710,1275,22711,675,1425,18084000
NIFTY-I.NFO,10/03/2025,09:45:03,22711,22710,1275,22711,675,0,18084000
NIFTY-I.NFO,10/03/2025,09:45:05,22711,22710,825,22711.25,300,1125,18084000
NIFTY-I.NFO,10/03/2025,09:45:07,22710,22710,450,22711.1,375,750,18084000
NIFTY-I.NFO,10/03/2025,09:45:07,22711.45,22710,450,22711.1,375,0,18084000
NIFTY-I.NFO,10/03/2025,09:45:08,22710,22710,225,22711.1,300,375,18084000
NIFTY-I.NFO,10/03/2025,09:45:10,22709.95,22708,1350,22711.1,150,825,18084000
NIFTY-I.NFO,10/03/2025,09:45:12,22710.45,22708,1350,22710.85,75,525,18084000
NIFTY-I.NFO,10/03/2025,09:45:13,22709.35,22708,1125,22709.35,150,450,18084000
NIFTY-I.NFO,10/03/2025,09:45:15,22708.95,22708,975,22708.95,150,300,18084000
NIFTY-I.NFO,10/03/2025,09:45:17,22709.75,22708,900,22708.95,150,1425,18084000
NIFTY-I.NFO,10/03/2025,09:45:18,22708.95,22708,750,22709.95,75,525,18084000
NIFTY-I.NFO,10/03/2025,09:45:20,22710,22709.95,75,22710,375,2400,18084000
NIFTY-I.NFO,10/03/2025,09:45:22,22711,22710,5025,22711.1,150,1350,18084000
NIFTY-I.NFO,10/03/2025,09:45:23,22710,22710,4425,22710.35,75,825,18084000
NIFTY-I.NFO,10/03/2025,09:45:25,22710,22708.95,75,22709.7,675,5025,18084000
NIFTY-I.NFO,10/03/2025,09:45:27,22710.35,22710,375,22710.35,375,1950,18084000
NIFTY-I.NFO,10/03/2025,09:45:28,22710.65,22710,375,22710.5,225,825,18084000
NIFTY-I.NFO,10/03/2025,09:45:30,22707.75,22707.75,1275,22708.25,75,525,18084000
NIFTY-I.NFO,10/03/2025,09:45:32,22708.05,22708.3,375,22709,225,1575,18084000
NIFTY-I.NFO,10/03/2025,09:45:33,22709,22707.45,1275,22709,150,525,18084000
NIFTY-I.NFO,10/03/2025,09:45:35,22709.75,22709.75,900,22710,1050,5850,18084000
NIFTY-I.NFO,10/03/2025,09:45:37,22708.05,22707.45,1275,22709,150,1725,18084000
NIFTY-I.NFO,10/03/2025,09:45:38,22709,22707.45,975,22709.1,150,1200,18084000
NIFTY-I.NFO,10/03/2025,09:45:40,22707.45,22707.45,150,22708.45,225,1200,18084000
NIFTY-I.NFO,10/03/2025,09:45:42,22707.25,22707,75,22707.3,225,2100,18084000
NIFTY-I.NFO,10/03/2025,09:45:43,22702.25,22702.4,600,22708,450,1575,18084000
NIFTY-I.NFO,10/03/2025,09:45:45,22706.25,22706.25,150,22708,375,375,18084000
NIFTY-I.NFO,10/03/2025,09:45:47,22708,22703,900,22708,225,300,18084000
NIFTY-I.NFO,10/03/2025,09:45:48,22705.5,22703.4,300,22708.2,75,450,18084000
NIFTY-I.NFO,10/03/2025,09:45:50,22703,22703,150,22707.25,75,675,18084000
NIFTY-I.NFO,10/03/2025,09:45:52,22706.25,22703,150,22705.5,150,450,18084000
NIFTY-I.NFO,10/03/2025,09:45:54,22705.55,22702.05,75,22705.15,150,1200,18084000
NIFTY-I.NFO,10/03/2025,09:45:55,22703,22700,1350,22703,225,1125,18084000
NIFTY-I.NFO,10/03/2025,09:45:57,22703.5,22700,375,22703.3,75,675,18084000
NIFTY-I.NFO,10/03/2025,09:45:59,22702.25,22698,75,22702.15,150,1350,18084000
NIFTY-I.NFO,10/03/2025,09:46:00,22698,22696.6,150,22698,75,375,18084000
NIFTY-I.NFO,10/03/2025,09:46:02,22700,22696.6,75,22699.95,225,675,18084000
NIFTY-I.NFO,10/03/2025,09:46:04,22695,22695,300,22699.4,150,750,18084000
NIFTY-I.NFO,10/03/2025,09:46:05,22694,22692.7,150,22695,450,1350,18084000
NIFTY-I.NFO,10/03/2025,09:46:07,22695.05,22695.05,225,22696.6,75,600,18084000
NIFTY-I.NFO,10/03/2025,09:46:09,22696.6,22696.6,75,22698.5,75,300,18084000
NIFTY-I.NFO,10/03/2025,09:46:10,22695.8,22695.8,150,22699.35,75,375,18084000
NIFTY-I.NFO,10/03/2025,09:46:12,22698,22695.8,75,22699.35,75,300,18084000
NIFTY-I.NFO,10/03/2025,09:46:14,22695.8,22695.8,150,22699.35,75,75,18084000
NIFTY-I.NFO,10/03/2025,09:46:15,22696,22695,150,22699,75,375,18084000
NIFTY-I.NFO,10/03/2025,09:46:17,22695,22695,75,22699,150,525,18084000
NIFTY-I.NFO,10/03/2025,09:46:18,22697.6,22695,150,22697.15,75,150,18084000
NIFTY-I.NFO,10/03/2025,09:46:20,22695.7,22692,75,22694.95,150,450,18084000
NIFTY-I.NFO,10/03/2025,09:46:22,22694.5,22691,75,22692,75,450,18084000
NIFTY-I.NFO,10/03/2025,09:46:23,22693.95,22690,450,22694.8,75,300,18084000
NIFTY-I.NFO,10/03/2025,09:46:25,22687.7,22687.75,150,22691.2,75,1275,18084000
NIFTY-I.NFO,10/03/2025,09:46:27,22695.05,22695.05,150,22695.2,75,975,18084000
NIFTY-I.NFO,10/03/2025,09:46:28,22695.25,22694.5,225,22696.6,75,450,18084000
NIFTY-I.NFO,10/03/2025,09:46:32,22695,22695,150,22697,525,750,18084000
NIFTY-I.NFO,10/03/2025,09:46:33,22690.35,22690.35,225,22695,75,900,18084000
NIFTY-I.NFO,10/03/2025,09:46:35,22695.3,22691.3,375,22697,525,300,18084000
NIFTY-I.NFO,10/03/2025,09:46:37,22696,22694,150,22697,675,75,18084000
NIFTY-I.NFO,10/03/2025,09:46:38,22694,22694,75,22694.95,600,75,18084000
NIFTY-I.NFO,10/03/2025,09:46:40,22691.5,22690.5,450,22695.3,75,1500,18084000
NIFTY-I.NFO,10/03/2025,09:46:42,22690.85,22690.55,675,22694,75,450,18089025
NIFTY-I.NFO,10/03/2025,09:46:43,22690.55,22690.55,600,22694,150,75,18089025
NIFTY-I.NFO,10/03/2025,09:46:45,22694,22694,75,22695.3,75,300,18089025
NIFTY-I.NFO,10/03/2025,09:46:47,22694,22694,75,22695,75,0,18089025
NIFTY-I.NFO,10/03/2025,09:46:48,22694,22690.55,600,22695,75,150,18089025
NIFTY-I.NFO,10/03/2025,09:46:50,22691,22691,75,22695,150,675,18089025
NIFTY-I.NFO,10/03/2025,09:46:52,22694,22691.25,75,22694,300,150,18089025
NIFTY-I.NFO,10/03/2025,09:46:53,22692,22691.7,375,22694,300,375,18089025
NIFTY-I.NFO,10/03/2025,09:46:55,22692.25,22692.2,225,22694,225,300,18089025
NIFTY-I.NFO,10/03/2025,09:46:57,22693.2,22693.2,225,22695,225,375,18089025
NIFTY-I.NFO,10/03/2025,09:46:58,22694.3,22694.35,900,22696,75,675,18089025
NIFTY-I.NFO,10/03/2025,09:47:00,22697,22695.25,375,22697,450,525,18089025
NIFTY-I.NFO,10/03/2025,09:47:02,22694,22695.25,150,22697,75,1425,18089025
NIFTY-I.NFO,10/03/2025,09:47:03,22698.1,22697.25,225,22699,525,300,18089025
NIFTY-I.NFO,10/03/2025,09:47:05,22698.7,22698.7,525,22700,750,900,18089025
NIFTY-I.NFO,10/03/2025,09:47:07,22700,22698.75,150,22700,750,225,18089025
NIFTY-I.NFO,10/03/2025,09:47:08,22698.75,22698.8,75,22700,600,375,18089025
NIFTY-I.NFO,10/03/2025,09:47:10,22700,22697.2,450,22700,900,300,18089025
NIFTY-I.NFO,10/03/2025,09:47:12,22698.7,22698,75,22700,900,525,18089025
NIFTY-I.NFO,10/03/2025,09:47:13,22705,22703.35,450,22706,75,1425,18089025
NIFTY-I.NFO,10/03/2025,09:47:15,22704.4,22704.25,300,22706.05,750,675,18089025
NIFTY-I.NFO,10/03/2025,09:47:17,22706.05,22704.25,150,22706.05,525,300,18089025
NIFTY-I.NFO,10/03/2025,09:47:18,22706.05,22704.35,75,22706.05,375,300,18089025
NIFTY-I.NFO,10/03/2025,09:47:20,22705,22705,450,22706.05,375,75,18089025
NIFTY-I.NFO,10/03/2025,09:47:22,22705,22705,300,22706.05,375,225,18089025
NIFTY-I.NFO,10/03/2025,09:47:23,22706,22705,300,22706,75,75,18089025
NIFTY-I.NFO,10/03/2025,09:47:25,22705,22706.05,150,22707,75,525,18089025
NIFTY-I.NFO,10/03/2025,09:47:27,22705,22706.05,150,22707,75,0,18089025
NIFTY-I.NFO,10/03/2025,09:47:28,22707,22706.35,225,22707.95,600,450,18089025
NIFTY-I.NFO,10/03/2025,09:47:30,22706.35,22706.35,150,22707.95,600,75,18089025
NIFTY-I.NFO,10/03/2025,09:47:31,22706.1,22706.05,375,22707,75,975,18089025
NIFTY-I.NFO,10/03/2025,09:47:33,22707.95,22706.1,75,22708,225,525,18089025
NIFTY-I.NFO,10/03/2025,09:47:35,22706.1,22706.1,75,22707,75,75,18089025
NIFTY-I.NFO,10/03/2025,09:47:36,22706.1,22706.05,300,22707,75,150,18089025
NIFTY-I.NFO,10/03/2025,09:47:38,22705,22705,825,22706.5,75,900,18089025
NIFTY-I.NFO,10/03/2025,09:47:40,22698,22699,75,22700.2,150,2400,18089025
NIFTY-I.NFO,10/03/2025,09:47:41,22695,22694.05,375,22699.7,300,300,18089025
NIFTY-I.NFO,10/03/2025,09:47:43,22698,22695.1,675,22700.3,75,75,18089025
NIFTY-I.NFO,10/03/2025,09:47:45,22700.3,22695,225,22699.6,225,75,18089025
NIFTY-I.NFO,10/03/2025,09:47:46,22700.55,22695.3,675,22700.55,225,900,18089025
NIFTY-I.NFO,10/03/2025,09:47:48,22700.3,22695,225,22698.55,150,150,18089025
NIFTY-I.NFO,10/03/2025,09:47:50,22697.65,22696,75,22697.9,150,900,18089025
NIFTY-I.NFO,10/03/2025,09:47:51,22695,22695,225,22696,75,900,18089025
NIFTY-I.NFO,10/03/2025,09:47:53,22694,22694.45,150,22696,75,600,18089025
NIFTY-I.NFO,10/03/2025,09:47:55,22694.8,22696,750,22698.55,300,150,18089025
NIFTY-I.NFO,10/03/2025,09:47:56,22696,22696,525,22698.55,225,300,18089025
NIFTY-I.NFO,10/03/2025,09:47:58,22696,22696,525,22698.5,75,0,18089025
NIFTY-I.NFO,10/03/2025,09:48:00,22696,22696,450,22697.3,75,225,18089025
NIFTY-I.NFO,10/03/2025,09:48:01,22694,22693.2,75,22694,9375,750,18089025
NIFTY-I.NFO,10/03/2025,09:48:03,22693.2,22693,825,22694,9300,225,18089025
NIFTY-I.NFO,10/03/2025,09:48:04,22694,22693,825,22694,9225,75,18089025
NIFTY-I.NFO,10/03/2025,09:48:06,22692,22691.1,75,22692,750,1050,18089025
NIFTY-I.NFO,10/03/2025,09:48:08,22692,22691.75,600,22694,7425,750,18089025
NIFTY-I.NFO,10/03/2025,09:48:09,22694,22692.15,600,22694,7275,150,18089025
NIFTY-I.NFO,10/03/2025,09:48:11,22691.65,22691.7,525,22694,5475,2025,18089025
NIFTY-I.NFO,10/03/2025,09:48:13,22693.6,22693.9,375,22695,525,5700,18089025
NIFTY-I.NFO,10/03/2025,09:48:14,22693.05,22692.95,450,22695,450,600,18089025
NIFTY-I.NFO,10/03/2025,09:48:16,22694,22693.2,750,22695,300,525,18089025
NIFTY-I.NFO,10/03/2025,09:48:18,22695,22692.35,150,22695,225,75,18089025
NIFTY-I.NFO,10/03/2025,09:48:19,22694,22692.1,75,22695,300,150,18089025
NIFTY-I.NFO,10/03/2025,09:48:21,22692.55,22692.55,375,22695,150,300,18089025
NIFTY-I.NFO,10/03/2025,09:48:23,22692.75,22691.8,75,22693.95,75,1050,18089025
NIFTY-I.NFO,10/03/2025,09:48:24,22696.55,22691.65,675,22696.55,75,825,18089025
NIFTY-I.NFO,10/03/2025,09:48:26,22696.55,22691.6,675,22697.15,150,0,18089025
NIFTY-I.NFO,10/03/2025,09:48:28,22692.75,22692.75,375,22698.6,150,300,18089025
NIFTY-I.NFO,10/03/2025,09:48:29,22692.75,22692.75,675,22697.5,150,0,18089025
NIFTY-I.NFO,10/03/2025,09:48:31,22697.25,22691.6,750,22697.2,150,225,18089025
NIFTY-I.NFO,10/03/2025,09:48:32,22691.6,22691.6,375,22697.05,75,75,18089025
NIFTY-I.NFO,10/03/2025,09:48:34,22691.55,22691,825,22696.4,150,75,18089025
NIFTY-I.NFO,10/03/2025,09:48:36,22691.55,22691,825,22696.4,150,0,18089025
NIFTY-I.NFO,10/03/2025,09:48:37,22691.6,22692,75,22696,75,75,18089025
NIFTY-I.NFO,10/03/2025,09:48:39,22696,22692.05,375,22696,75,150,18089025
NIFTY-I.NFO,10/03/2025,09:48:41,22692.5,22692,75,22695.95,75,225,18089025
NIFTY-I.NFO,10/03/2025,09:48:42,22692,22691.05,675,22695.95,75,75,18089025
NIFTY-I.NFO,10/03/2025,09:48:44,22691.6,22692,75,22696,75,525,18089025
NIFTY-I.NFO,10/03/2025,09:48:46,22691.6,22692,75,22696,75,0,18089025
NIFTY-I.NFO,10/03/2025,09:48:47,22691.6,22692,150,22696,150,0,18089025
NIFTY-I.NFO,10/03/2025,09:48:49,22692,22692.05,75,22695.95,75,75,18089025
NIFTY-I.NFO,10/03/2025,09:48:51,22692.25,22692.75,75,22695,150,75,18089025
NIFTY-I.NFO,10/03/2025,09:48:52,22692.25,22692.5,75,22694.95,75,0,18089025
NIFTY-I.NFO,10/03/2025,09:48:54,22692.75,22692.75,600,22695,150,300,18089025
NIFTY-I.NFO,10/03/2025,09:48:56,22692.75,22692.75,825,22694.95,75,0,18089025
NIFTY-I.NFO,10/03/2025,09:48:57,22694.95,22692.8,75,22695,150,375,18089025
NIFTY-I.NFO,10/03/2025,09:48:59,22696,22693.15,150,22696,150,225,18089025
NIFTY-I.NFO,10/03/2025,09:49:01,22696,22694.15,75,22696,75,75,18089025
NIFTY-I.NFO,10/03/2025,09:49:02,22696,22694.45,75,22696,75,0,18089025
NIFTY-I.NFO,10/03/2025,09:49:04,22694.45,22694.45,150,22696,75,150,18089025
NIFTY-I.NFO,10/03/2025,09:49:06,22696,22694.45,300,22696.4,150,150,18089025
NIFTY-I.NFO,10/03/2025,09:49:07,22696.4,22694.45,300,22696.4,75,75,18089025
NIFTY-I.NFO,10/03/2025,09:49:09,22696.4,22694.45,450,22698.2,75,75,18089025
NIFTY-I.NFO,10/03/2025,09:49:11,22696.4,22695,525,22698.2,75,0,18089025
NIFTY-I.NFO,10/03/2025,09:49:12,22693.55,22695.2,150,22698.15,75,1800,18089025
NIFTY-I.NFO,10/03/2025,09:49:14,22695.2,22695.2,600,22699,375,150,18089025
NIFTY-I.NFO,10/03/2025,09:49:16,22695.2,22695.2,600,22699,375,0,18089025
