Ticker,Date,Time,LTP,BuyPrice,BuyQty,SellPrice,SellQty,LTQ,OpenInterest
NIFTY-III.NFO,04/07/2024,09:16:15,24601,24630.05,50,24637.8,100,7650,135750
NIFTY-III.NFO,04/07/2024,09:16:15,24630.05,24630.05,50,24637.8,100,0,135750
NIFTY-III.NFO,04/07/2024,09:16:15,24640.5,24630.05,50,24637.8,100,0,135750
NIFTY-III.NFO,04/07/2024,09:16:15,24601,24630.05,50,24637.8,100,0,135750
NIFTY-III.NFO,04/07/2024,09:17:21,24640.9,24635,100,24640,25,2050,137000
NIFTY-III.NFO,04/07/2024,09:17:21,24640.9,24635,100,24640,25,0,137000
NIFTY-III.NFO,04/07/2024,09:18:23,24635,24633,25,24635,100,1350,137000
NIFTY-III.NFO,04/07/2024,09:18:23,24642.5,24633,25,24635,100,0,137000
NIFTY-III.NFO,04/07/2024,09:18:27,24635,24633,25,24637.85,75,25,137000
NIFTY-III.NFO,04/07/2024,09:18:29,24635,24632.05,175,24637.85,75,0,137000
NIFTY-III.NFO,04/07/2024,09:18:31,24635,24632.05,75,24637.85,75,0,137000
NIFTY-III.NFO,04/07/2024,09:18:32,24635,24632,150,24637.85,75,0,137000
NIFTY-III.NFO,04/07/2024,09:18:34,24632,24632,125,24637.85,75,25,137000
NIFTY-III.NFO,04/07/2024,09:18:36,24632.05,24632.05,100,24635,25,25,137000
NIFTY-III.NFO,04/07/2024,09:18:37,24632.05,24632,50,24635,25,0,137000
NIFTY-III.NFO,04/07/2024,09:18:39,24632.05,24630.1,175,24635,25,0,137000
NIFTY-III.NFO,04/07/2024,09:18:44,24630.35,24630.4,100,24634,50,250,137000
NIFTY-III.NFO,04/07/2024,09:18:46,24630.35,24630.1,100,24634,50,0,137000
NIFTY-III.NFO,04/07/2024,09:18:47,24630,24630,75,24630.1,25,75,137000
NIFTY-III.NFO,04/07/2024,09:18:49,24630.1,24630,75,24631.7,100,25,137000
NIFTY-III.NFO,04/07/2024,09:18:51,24630,24630,50,24633.95,75,25,137000
NIFTY-III.NFO,04/07/2024,09:18:52,24630,24630,50,24630.1,75,0,137000
NIFTY-III.NFO,04/07/2024,09:18:54,24626.55,24626.3,125,24630.1,150,75,137000
NIFTY-III.NFO,04/07/2024,09:18:56,24630.1,24628,25,24630.1,50,25,137000
NIFTY-III.NFO,04/07/2024,09:18:57,24630.1,24628,25,24630.1,25,25,137000
NIFTY-III.NFO,04/07/2024,09:18:59,24630.1,24628,25,24631.95,175,25,137000
NIFTY-III.NFO,04/07/2024,09:19:01,24630.1,24628,25,24631.75,100,0,137000
NIFTY-III.NFO,04/07/2024,09:19:02,24630.1,24628,25,24631.65,100,0,137000
NIFTY-III.NFO,04/07/2024,09:19:04,24626.15,24623.6,125,24631.9,100,125,137000
NIFTY-III.NFO,04/07/2024,09:19:06,24626.15,24623.7,75,24631.75,100,0,137000
NIFTY-III.NFO,04/07/2024,09:19:07,24630.1,24623.95,200,24631.8,175,25,137000
NIFTY-III.NFO,04/07/2024,09:19:09,24630.1,24624.85,125,24631.9,100,0,137000
NIFTY-III.NFO,04/07/2024,09:19:11,24630.1,24623.95,75,24629.95,175,0,137000
NIFTY-III.NFO,04/07/2024,09:19:12,24630.1,24623.7,75,24629.9,100,0,137000
NIFTY-III.NFO,04/07/2024,09:19:14,24629.9,24625.05,100,24630,25,25,137000
NIFTY-III.NFO,04/07/2024,09:19:16,24629.9,24625.05,25,24629.95,175,0,137000
NIFTY-III.NFO,04/07/2024,09:19:17,24629.9,24629.9,25,24629.95,100,0,137000
NIFTY-III.NFO,04/07/2024,09:19:19,24629.9,24625.05,100,24630,150,25,137000
NIFTY-III.NFO,04/07/2024,09:19:21,24629.95,24625.05,125,24629.95,100,25,137000
NIFTY-III.NFO,04/07/2024,09:19:22,24629.95,24625.05,50,24629.95,175,0,137000
NIFTY-III.NFO,04/07/2024,09:19:24,24629.95,24625,50,24629.95,175,0,137000
NIFTY-III.NFO,04/07/2024,09:19:28,24629.95,24625.05,125,24629.95,100,0,137000
NIFTY-III.NFO,04/07/2024,09:19:29,24625.05,24625.05,100,24630,150,25,137000
NIFTY-III.NFO,04/07/2024,09:19:31,24625.55,24625.55,75,24630,50,125,137000
NIFTY-III.NFO,04/07/2024,09:19:33,24625,24625,175,24629.95,175,75,138375
NIFTY-III.NFO,04/07/2024,09:19:34,24625,24625,150,24629.95,100,25,138375
NIFTY-III.NFO,04/07/2024,09:19:36,24624.7,24623.4,325,24629.95,200,100,138375
NIFTY-III.NFO,04/07/2024,09:19:37,24624.7,24623.8,25,24625,25,0,138375
NIFTY-III.NFO,04/07/2024,09:19:42,24624.7,24623.6,25,24625,25,0,138375
NIFTY-III.NFO,04/07/2024,09:19:44,24624.7,24623.6,25,24624,25,0,138375
NIFTY-III.NFO,04/07/2024,09:19:48,24624.7,24623,25,24624,25,0,138375
NIFTY-III.NFO,04/07/2024,09:19:51,24624,24623,25,24624.45,50,25,138375
NIFTY-III.NFO,04/07/2024,09:19:53,24623,24620.05,25,24624.4,175,50,138375
NIFTY-III.NFO,04/07/2024,09:19:54,24623,24620,75,24624.4,175,0,138375
NIFTY-III.NFO,04/07/2024,09:19:56,24618.2,24618.5,75,24624.4,175,500,138375
NIFTY-III.NFO,04/07/2024,09:19:57,24618.2,24618.05,200,24624.4,175,0,138375
NIFTY-III.NFO,04/07/2024,09:19:59,24618.2,24618.6,75,24624.4,175,0,138375
NIFTY-III.NFO,04/07/2024,09:20:01,24618.6,24618.8,75,24624.45,125,25,138375
NIFTY-III.NFO,04/07/2024,09:20:02,24618.6,24619.4,200,24624.45,50,0,138375
NIFTY-III.NFO,04/07/2024,09:20:04,24618.6,24620.8,200,24624.45,50,0,138375
NIFTY-III.NFO,04/07/2024,09:20:07,24620.8,24621.55,100,24624.45,50,50,138375
NIFTY-III.NFO,04/07/2024,09:20:09,24625,24623.8,75,24626.15,300,75,138375
NIFTY-III.NFO,04/07/2024,09:20:11,24623.35,24623.85,75,24629.9,175,325,138375
NIFTY-III.NFO,04/07/2024,09:20:12,24623.35,24618.85,250,24629.05,100,0,138375
NIFTY-III.NFO,04/07/2024,09:20:14,24623.35,24618.6,25,24625.95,100,0,138375
NIFTY-III.NFO,04/07/2024,09:20:16,24623.35,24618.65,25,24625.4,175,75,138375
NIFTY-III.NFO,04/07/2024,09:20:17,24623.35,24618.7,125,24625.4,175,0,138375
NIFTY-III.NFO,04/07/2024,09:20:19,24623.35,24618.65,50,24623.3,100,0,138375
NIFTY-III.NFO,04/07/2024,09:20:21,24623.35,24618.2,25,24622.95,100,0,138375
NIFTY-III.NFO,04/07/2024,09:20:24,24622.95,24618.2,25,24622.95,100,25,138375
NIFTY-III.NFO,04/07/2024,09:20:27,24622.95,24618.2,50,24622.95,175,0,138375
NIFTY-III.NFO,04/07/2024,09:20:28,24622.95,24618.25,150,24622.95,100,0,138375
NIFTY-III.NFO,04/07/2024,09:20:30,24622.95,24618.2,50,24622.95,175,0,138375
NIFTY-III.NFO,04/07/2024,09:20:36,24622.95,24618.25,150,24623,25,0,138375
NIFTY-III.NFO,04/07/2024,09:20:38,24622.9,24618.25,175,24622.9,100,50,138375
NIFTY-III.NFO,04/07/2024,09:20:39,24622.9,24618.2,25,24622.9,150,25,138375
NIFTY-III.NFO,04/07/2024,09:20:41,24622.9,24618.25,175,24622.95,50,0,138375
NIFTY-III.NFO,04/07/2024,09:20:44,24622.9,24618.25,175,24620,25,0,138375
NIFTY-III.NFO,04/07/2024,09:20:47,24620,24618.25,175,24622.9,25,25,138375
NIFTY-III.NFO,04/07/2024,09:20:49,24620,24618.5,100,24622.9,25,0,138375
NIFTY-III.NFO,04/07/2024,09:20:51,24620,24618.25,175,24622.9,25,0,138375
NIFTY-III.NFO,04/07/2024,09:20:52,24620,24618.25,100,24622.95,125,25,138375
NIFTY-III.NFO,04/07/2024,09:20:54,24620,24622.9,25,24622.95,50,0,138375
NIFTY-III.NFO,04/07/2024,09:20:59,24620,24622.9,25,24622.95,25,0,138375
NIFTY-III.NFO,04/07/2024,09:21:00,24622.9,24620.05,100,24622.95,25,25,138375
NIFTY-III.NFO,04/07/2024,09:21:02,24622.9,24620.05,175,24622.95,25,0,138375
NIFTY-III.NFO,04/07/2024,09:21:04,24622.9,24620.65,100,24622.95,25,0,138375
NIFTY-III.NFO,04/07/2024,09:21:05,24622.95,24623,100,24623.35,50,25,138375
NIFTY-III.NFO,04/07/2024,09:21:07,24623,24620.15,175,24623.35,50,25,138375
NIFTY-III.NFO,04/07/2024,09:21:09,24623,24620.05,175,24623.35,50,0,138375
NIFTY-III.NFO,04/07/2024,09:21:10,24623.35,24620.4,100,24623.35,25,50,138375
NIFTY-III.NFO,04/07/2024,09:21:12,24623.35,24621.7,100,24623.35,25,0,138375
NIFTY-III.NFO,04/07/2024,09:21:13,24623.35,24622.15,100,24623.35,25,0,138375
NIFTY-III.NFO,04/07/2024,09:21:15,24623.35,24620.7,100,24623.35,25,0,138375
NIFTY-III.NFO,04/07/2024,09:21:18,24623.35,24621.45,175,24625,75,25,138375
NIFTY-III.NFO,04/07/2024,09:21:20,24623.35,24621.45,175,24623,25,0,138375
NIFTY-III.NFO,04/07/2024,09:21:22,24623.35,24620.05,100,24623,25,0,138375
NIFTY-III.NFO,04/07/2024,09:21:26,24623.35,24620.35,100,24623,25,0,138375
NIFTY-III.NFO,04/07/2024,09:21:28,24623.35,24620,75,24623,25,0,138375
NIFTY-III.NFO,04/07/2024,09:21:29,24622.95,24622,25,24622.95,50,50,138375
NIFTY-III.NFO,04/07/2024,09:21:31,24622.95,24622,25,24623,25,0,138375
NIFTY-III.NFO,04/07/2024,09:21:36,24622.95,24622,25,24622.95,25,0,138375
NIFTY-III.NFO,04/07/2024,09:21:41,24622.95,24622,25,24623,25,25,138375
NIFTY-III.NFO,04/07/2024,09:21:43,24622,24620,75,24623.35,100,25,138375
NIFTY-III.NFO,04/07/2024,09:21:44,24622,24620,75,24623.35,100,0,138375
NIFTY-III.NFO,04/07/2024,09:21:46,24622,24620,75,24623.3,50,0,138375
NIFTY-III.NFO,04/07/2024,09:21:47,24620,24620,50,24623.3,50,25,138375
NIFTY-III.NFO,04/07/2024,09:21:49,24620,24620,50,24623.3,50,0,138375
NIFTY-III.NFO,04/07/2024,09:21:56,24620,24620,25,24623.2,125,25,138375
NIFTY-III.NFO,04/07/2024,09:21:57,24620,24619,25,24620,250,25,138375
NIFTY-III.NFO,04/07/2024,09:21:59,24620,24619,25,24619.95,50,0,138375
NIFTY-III.NFO,04/07/2024,09:22:01,24620,24619,25,24620,275,0,138375
NIFTY-III.NFO,04/07/2024,09:22:03,24620,24619,25,24619.95,50,0,138375
NIFTY-III.NFO,04/07/2024,09:22:06,24619,24612.55,175,24619.95,125,25,138375
NIFTY-III.NFO,04/07/2024,09:22:08,24619,24615.6,25,24619.95,125,0,138375
NIFTY-III.NFO,04/07/2024,09:22:09,24619.95,24615.6,25,24619.95,100,25,138375
NIFTY-III.NFO,04/07/2024,09:22:11,24619.95,24615.6,25,24619.8,100,0,138375
NIFTY-III.NFO,04/07/2024,09:22:13,24619.95,24615.6,25,24619.75,25,0,138375
NIFTY-III.NFO,04/07/2024,09:22:14,24619.95,24614.25,200,24619.95,100,0,138375
NIFTY-III.NFO,04/07/2024,09:22:16,24619.95,24614.85,125,24619.95,25,0,138375
NIFTY-III.NFO,04/07/2024,09:22:18,24619.95,24615.15,75,24619.95,25,0,138375
NIFTY-III.NFO,04/07/2024,09:22:21,24619.95,24613.95,200,24619.95,100,0,138375
NIFTY-III.NFO,04/07/2024,09:22:22,24619.95,24613.15,75,24619.95,100,0,138375
NIFTY-III.NFO,04/07/2024,09:22:24,24619.95,24612.3,25,24617.7,100,0,138375
NIFTY-III.NFO,04/07/2024,09:22:26,24619.95,24612.8,75,24617.7,25,0,138375
NIFTY-III.NFO,04/07/2024,09:22:28,24619.95,24613.65,100,24617.75,25,0,138375
NIFTY-III.NFO,04/07/2024,09:22:29,24619.95,24613.05,100,24617.7,25,0,138375
NIFTY-III.NFO,04/07/2024,09:22:31,24619.95,24613.4,125,24617.7,25,0,138375
NIFTY-III.NFO,04/07/2024,09:22:33,24619.95,24613.8,300,24617.75,25,0,138375
NIFTY-III.NFO,04/07/2024,09:22:34,24619.95,24615.25,75,24617.75,25,0,138375
NIFTY-III.NFO,04/07/2024,09:22:36,24619.95,24614.8,100,24617.75,25,0,138375
NIFTY-III.NFO,04/07/2024,09:22:37,24619.95,24614.8,25,24617.75,25,0,138375
NIFTY-III.NFO,04/07/2024,09:22:39,24617.75,24614.8,100,24619.9,25,25,139400
NIFTY-III.NFO,04/07/2024,09:22:40,24617.75,24614.8,100,24619.9,25,0,139400
NIFTY-III.NFO,04/07/2024,09:22:42,24617.75,24614.7,100,24619.9,25,0,139400
NIFTY-III.NFO,04/07/2024,09:22:44,24617.75,24615.35,100,24619.9,25,0,139400
NIFTY-III.NFO,04/07/2024,09:22:47,24617.75,24617.75,275,24619.95,25,0,139400
NIFTY-III.NFO,04/07/2024,09:22:48,24614.1,24615.15,25,24619.95,25,3600,139400
NIFTY-III.NFO,04/07/2024,09:22:50,24619.95,24617.75,25,24620,250,25,139400
NIFTY-III.NFO,04/07/2024,09:22:52,24619.95,24618.7,125,24620,250,0,139400
NIFTY-III.NFO,04/07/2024,09:22:53,24620,24618.7,125,24620,225,25,139400
NIFTY-III.NFO,04/07/2024,09:22:55,24619.35,24618.45,75,24620,225,50,139400
NIFTY-III.NFO,04/07/2024,09:22:56,24619.35,24617.75,25,24620,225,0,139400
NIFTY-III.NFO,04/07/2024,09:22:58,24619.35,24618.4,75,24619.35,50,0,139400
NIFTY-III.NFO,04/07/2024,09:23:00,24618.4,24617.75,25,24619.35,50,25,139400
NIFTY-III.NFO,04/07/2024,09:23:01,24617.8,24617.75,25,24619.35,50,25,139400
NIFTY-III.NFO,04/07/2024,09:23:03,24617.8,24617.75,25,24619.35,50,0,139400
NIFTY-III.NFO,04/07/2024,09:23:04,24617.8,24618.25,50,24619.35,50,0,139400
NIFTY-III.NFO,04/07/2024,09:23:06,24617.8,24617.75,25,24619.35,50,0,139400
NIFTY-III.NFO,04/07/2024,09:23:07,24620,24617.75,25,24620,225,75,139400
NIFTY-III.NFO,04/07/2024,09:23:09,24617.75,24617.7,25,24620,225,25,139400
NIFTY-III.NFO,04/07/2024,09:23:11,24617.75,24618.7,25,24620,225,0,139400
NIFTY-III.NFO,04/07/2024,09:23:12,24617.75,24619.05,50,24620,225,0,139400
NIFTY-III.NFO,04/07/2024,09:23:14,24620,24621.1,500,24623.35,100,225,139400
NIFTY-III.NFO,04/07/2024,09:23:15,24623.35,24624.2,250,24624.95,500,100,139400
NIFTY-III.NFO,04/07/2024,09:23:17,24623.35,24624,50,24624.95,500,0,139400
NIFTY-III.NFO,04/07/2024,09:23:19,24624.95,24622.6,125,24624.95,275,225,139400
NIFTY-III.NFO,04/07/2024,09:23:20,24624.95,24624.65,250,24624.95,275,0,139400
NIFTY-III.NFO,04/07/2024,09:23:22,24624.95,24623.5,125,24624.95,225,50,139400
NIFTY-III.NFO,04/07/2024,09:23:24,24624.95,24624.55,25,24624.95,225,0,139400
NIFTY-III.NFO,04/07/2024,09:23:25,24624.95,24624.2,25,24624.95,200,25,139400
NIFTY-III.NFO,04/07/2024,09:23:27,24624.95,24624.2,25,24624.95,175,25,139400
NIFTY-III.NFO,04/07/2024,09:23:32,24624.95,24624.2,25,24624.95,175,25,139400
NIFTY-III.NFO,04/07/2024,09:23:33,24624.95,24624.3,50,24624.95,175,0,139400
NIFTY-III.NFO,04/07/2024,09:23:35,24624.95,24624.75,125,24624.95,175,0,139400
NIFTY-III.NFO,04/07/2024,09:23:36,24624.95,24624.75,125,24624.95,125,75,139400
NIFTY-III.NFO,04/07/2024,09:23:38,24633.15,24624.2,25,24633.1,100,175,139400
NIFTY-III.NFO,04/07/2024,09:23:40,24633.15,24624.95,25,24631.9,175,0,139400
NIFTY-III.NFO,04/07/2024,09:23:41,24633.15,24626.5,25,24634.4,100,0,139400
NIFTY-III.NFO,04/07/2024,09:23:43,24633.15,24627.55,25,24634.25,175,0,139400
NIFTY-III.NFO,04/07/2024,09:23:45,24633.15,24627.15,25,24633.75,100,0,139400
NIFTY-III.NFO,04/07/2024,09:23:46,24633.15,24628.2,125,24634.35,175,0,139400
NIFTY-III.NFO,04/07/2024,09:23:48,24633.15,24628.2,125,24633.1,100,0,139400
NIFTY-III.NFO,04/07/2024,09:23:50,24633.1,24629.75,125,24633.15,25,50,139400
NIFTY-III.NFO,04/07/2024,09:23:51,24633.1,24631,75,24633.15,25,0,139400
NIFTY-III.NFO,04/07/2024,09:23:53,24633.1,24628.95,75,24633.15,25,0,139400
NIFTY-III.NFO,04/07/2024,09:23:55,24633.1,24629.9,250,24633.15,25,0,139400
NIFTY-III.NFO,04/07/2024,09:23:56,24633.1,24630.05,250,24633.15,25,0,139400
NIFTY-III.NFO,04/07/2024,09:23:58,24633.1,24630.4,25,24633.15,25,0,139400
NIFTY-III.NFO,04/07/2024,09:24:00,24633.1,24630.8,75,24633.15,25,0,139400
NIFTY-III.NFO,04/07/2024,09:24:01,24630,24630,75,24634.95,100,25,139400
NIFTY-III.NFO,04/07/2024,09:24:03,24630,24629.4,25,24634.95,175,0,139400
NIFTY-III.NFO,04/07/2024,09:24:04,24630,24629.4,25,24633.2,100,0,139400
NIFTY-III.NFO,04/07/2024,09:24:06,24630,24630,75,24634.95,175,50,139400
NIFTY-III.NFO,04/07/2024,09:24:08,24630,24630.45,75,24632,25,0,139400
NIFTY-III.NFO,04/07/2024,09:24:09,24631,24631.1,50,24635,25,50,139400
NIFTY-III.NFO,04/07/2024,09:24:11,24631,24630.15,50,24634.95,175,0,139400
NIFTY-III.NFO,04/07/2024,09:24:13,24631,24630,75,24634.95,175,0,139400
NIFTY-III.NFO,04/07/2024,09:24:14,24630,24630,50,24634.95,175,25,139400
NIFTY-III.NFO,04/07/2024,09:24:16,24630,24630,100,24634.95,175,0,139400
NIFTY-III.NFO,04/07/2024,09:24:19,24634.95,24630,100,24634.1,100,50,139400
NIFTY-III.NFO,04/07/2024,09:24:21,24630,24630,50,24631.45,100,50,139400
NIFTY-III.NFO,04/07/2024,09:24:23,24630,24630,50,24632.55,100,0,139400
NIFTY-III.NFO,04/07/2024,09:24:25,24630,24626.7,225,24630,150,50,139400
NIFTY-III.NFO,04/07/2024,09:24:26,24630,24627.8,100,24630,150,0,139400
NIFTY-III.NFO,04/07/2024,09:24:28,24630,24626.65,25,24630,225,0,139400
NIFTY-III.NFO,04/07/2024,09:24:30,24624.95,24624.95,50,24627.8,25,50,139400
NIFTY-III.NFO,04/07/2024,09:24:32,24624.95,24624.3,50,24627.8,25,0,139400
NIFTY-III.NFO,04/07/2024,09:24:33,24624.95,24625.45,50,24627.8,25,0,139400
NIFTY-III.NFO,04/07/2024,09:24:35,24627.8,24628.5,50,24630,175,25,139400
NIFTY-III.NFO,04/07/2024,09:24:37,24627.8,24625.85,50,24630,175,0,139400
NIFTY-III.NFO,04/07/2024,09:24:38,24627.8,24625.85,50,24628.5,25,0,139400
NIFTY-III.NFO,04/07/2024,09:24:42,24628.95,24625.35,125,24629.95,100,100,139400
NIFTY-III.NFO,04/07/2024,09:24:43,24628.95,24625.35,125,24629.95,100,0,139400
NIFTY-III.NFO,04/07/2024,09:24:45,24628.95,24625.4,25,24628,25,0,139400
NIFTY-III.NFO,04/07/2024,09:24:47,24628.95,24627.8,50,24628,200,0,139400
NIFTY-III.NFO,04/07/2024,09:24:50,24627.8,24627.8,25,24628,200,25,139400
NIFTY-III.NFO,04/07/2024,09:24:52,24625.4,24625,25,24628,200,50,139400
NIFTY-III.NFO,04/07/2024,09:24:53,24625.4,24625,25,24627.95,175,0,139400
NIFTY-III.NFO,04/07/2024,09:24:55,24625,24622.5,25,24627.9,100,25,139400
NIFTY-III.NFO,04/07/2024,09:24:57,24625,24622.5,25,24627.95,175,0,139400
NIFTY-III.NFO,04/07/2024,09:24:58,24627.95,24622.75,25,24627.95,175,25,139400
NIFTY-III.NFO,04/07/2024,09:25:00,24626,24622.75,25,24627,150,25,139400
NIFTY-III.NFO,04/07/2024,09:25:02,24623.6,24623.1,25,24627,150,25,139400
NIFTY-III.NFO,04/07/2024,09:25:03,24624,24624.8,125,24627,150,175,139400
NIFTY-III.NFO,04/07/2024,09:25:05,24627,24623.15,250,24627,125,25,139400
NIFTY-III.NFO,04/07/2024,09:25:07,24627,24622.5,25,24626.95,175,0,139400
NIFTY-III.NFO,04/07/2024,09:25:08,24627,24623.7,125,24627,125,0,139400
NIFTY-III.NFO,04/07/2024,09:25:12,24627,24622.95,375,24627,125,0,139400
NIFTY-III.NFO,04/07/2024,09:25:13,24627,24624.1,125,24627,125,0,139400
NIFTY-III.NFO,04/07/2024,09:25:15,24627,24625.35,125,24627,125,0,139400
NIFTY-III.NFO,04/07/2024,09:25:17,24627,24624.7,125,24627,125,0,139400
NIFTY-III.NFO,04/07/2024,09:25:18,24628,24627,175,24630,50,150,139400
NIFTY-III.NFO,04/07/2024,09:25:20,24628,24627,175,24629.95,100,0,139400
NIFTY-III.NFO,04/07/2024,09:25:22,24628,24627,175,24630,50,0,139400
NIFTY-III.NFO,04/07/2024,09:25:23,24628,24627,175,24629.95,100,0,139400
NIFTY-III.NFO,04/07/2024,09:25:27,24628,24627,175,24630,50,0,139400
NIFTY-III.NFO,04/07/2024,09:25:28,24628,24627,175,24629.95,100,0,139400
NIFTY-III.NFO,04/07/2024,09:25:30,24627,24627,150,24629.95,175,25,139400
NIFTY-III.NFO,04/07/2024,09:25:31,24627,24627,150,24629.95,175,0,139400
NIFTY-III.NFO,04/07/2024,09:25:33,24627,24627,150,24629.95,100,0,139400
NIFTY-III.NFO,04/07/2024,09:25:35,24627,24627,150,24630,50,0,139400
NIFTY-III.NFO,04/07/2024,09:25:36,24627,24627,150,24629.95,100,0,139400
NIFTY-III.NFO,04/07/2024,09:25:38,24627,24627,150,24629.95,175,0,139400
NIFTY-III.NFO,04/07/2024,09:25:39,24627,24627,150,24630,50,0,139400
NIFTY-III.NFO,04/07/2024,09:25:41,24627,24627,150,24629.95,100,0,139400
NIFTY-III.NFO,04/07/2024,09:25:43,24627,24627,150,24629.95,175,0,139400
NIFTY-III.NFO,04/07/2024,09:25:44,24630,24627,150,24630,25,25,140275
NIFTY-III.NFO,04/07/2024,09:25:46,24630,24627,150,24630,25,0,140275
NIFTY-III.NFO,04/07/2024,09:25:54,24630,24627,125,24632.95,175,50,140275
NIFTY-III.NFO,04/07/2024,09:25:56,24630,24627.5,250,24632.95,100,0,140275
NIFTY-III.NFO,04/07/2024,09:25:57,24630,24627,125,24632.7,100,0,140275
NIFTY-III.NFO,04/07/2024,09:25:59,24630,24630,25,24632.35,175,0,140275
NIFTY-III.NFO,04/07/2024,09:26:01,24630,24630,25,24632.15,175,0,140275
NIFTY-III.NFO,04/07/2024,09:26:02,24630,24630,25,24632.25,175,0,140275
NIFTY-III.NFO,04/07/2024,09:26:04,24630,24630,25,24632.45,175,0,140275
NIFTY-III.NFO,04/07/2024,09:26:06,24630,24630,25,24632.95,175,0,140275
NIFTY-III.NFO,04/07/2024,09:26:07,24630,24630,25,24632.4,100,0,140275
NIFTY-III.NFO,04/07/2024,09:26:09,24630,24630,50,24632.95,175,0,140275
NIFTY-III.NFO,04/07/2024,09:26:11,24629,24628.05,100,24634.95,175,225,140275
NIFTY-III.NFO,04/07/2024,09:26:12,24627.45,24628.15,50,24634.95,175,50,140275
NIFTY-III.NFO,04/07/2024,09:26:14,24627.45,24628.2,50,24634.95,175,0,140275
NIFTY-III.NFO,04/07/2024,09:26:16,24627.45,24628.45,50,24634.95,175,0,140275
NIFTY-III.NFO,04/07/2024,09:26:17,24627.45,24628.65,50,24632.8,250,0,140275
NIFTY-III.NFO,04/07/2024,09:26:19,24627.45,24627.4,50,24632.75,100,0,140275
NIFTY-III.NFO,04/07/2024,09:26:21,24628.15,24627.55,250,24629.9,25,100,140275
NIFTY-III.NFO,04/07/2024,09:26:22,24628.15,24628.95,250,24629.9,25,0,140275
NIFTY-III.NFO,04/07/2024,09:26:26,24629.9,24629.15,250,24632.8,250,25,140275
NIFTY-III.NFO,04/07/2024,09:26:27,24629.15,24629.2,75,24632.8,250,25,140275
NIFTY-III.NFO,04/07/2024,09:26:29,24629.15,24627.15,500,24632.8,250,0,140275
NIFTY-III.NFO,04/07/2024,09:26:31,24629.15,24630,50,24632.8,250,0,140275
NIFTY-III.NFO,04/07/2024,09:26:39,24629.15,24630.1,250,24632.8,250,0,140275
NIFTY-III.NFO,04/07/2024,09:26:41,24632.8,24630,100,24632.8,225,25,140275
NIFTY-III.NFO,04/07/2024,09:26:43,24632.8,24630,100,24632.8,225,0,140275
NIFTY-III.NFO,04/07/2024,09:26:44,24632.8,24630,100,24632.8,200,25,140275
NIFTY-III.NFO,04/07/2024,09:26:46,24632.8,24630,100,24632.8,200,0,140275
NIFTY-III.NFO,04/07/2024,09:26:48,24632.75,24630,100,24632.8,200,100,140275
NIFTY-III.NFO,04/07/2024,09:26:49,24632.75,24630,100,24632.75,175,0,140275
NIFTY-III.NFO,04/07/2024,09:26:51,24630,24630,75,24632.75,175,25,140275
NIFTY-III.NFO,04/07/2024,09:26:53,24630,24630,75,24632.75,175,0,140275
NIFTY-III.NFO,04/07/2024,09:26:54,24630,24630,75,24632.55,100,0,140275
NIFTY-III.NFO,04/07/2024,09:26:58,24630,24630,75,24632.75,25,0,140275
NIFTY-III.NFO,04/07/2024,09:26:59,24630,24630,75,24632.75,200,0,140275
NIFTY-III.NFO,04/07/2024,09:27:01,24632.75,24630,100,24632.8,200,25,140275
NIFTY-III.NFO,04/07/2024,09:27:03,24632.75,24630,100,24632.8,200,0,140275
NIFTY-III.NFO,04/07/2024,09:27:04,24632.75,24630,100,24632,25,0,140275
NIFTY-III.NFO,04/07/2024,09:27:06,24630,24629.15,25,24631.95,175,100,140275
NIFTY-III.NFO,04/07/2024,09:27:08,24630,24629.15,25,24631.95,100,0,140275
NIFTY-III.NFO,04/07/2024,09:27:09,24630,24629.15,25,24632,100,0,140275
NIFTY-III.NFO,04/07/2024,09:27:11,24632.75,24632.75,1525,24632.8,200,1475,140275
NIFTY-III.NFO,04/07/2024,09:27:13,24632.75,24632.75,1275,24632.8,200,250,140275
NIFTY-III.NFO,04/07/2024,09:27:14,24632.75,24632.75,1250,24632.8,275,25,140275
NIFTY-III.NFO,04/07/2024,09:27:16,24632.8,24632.75,1250,24632.8,250,25,140275
NIFTY-III.NFO,04/07/2024,09:27:18,24632.8,24632.75,1250,24632.8,250,0,140275
NIFTY-III.NFO,04/07/2024,09:27:19,24632.8,24632.75,1250,24632.8,200,50,140275
NIFTY-III.NFO,04/07/2024,09:27:21,24632.8,24632.75,1250,24632.8,200,0,140275
NIFTY-III.NFO,04/07/2024,09:27:23,24632.75,24632.75,1025,24632.8,200,225,140275
NIFTY-III.NFO,04/07/2024,09:27:24,24632.75,24632.75,250,24632.8,225,775,140275
NIFTY-III.NFO,04/07/2024,09:27:26,24632.75,24632.75,100,24632.8,225,150,140275
NIFTY-III.NFO,04/07/2024,09:27:28,24632.75,24629.15,25,24632.8,225,100,140275
NIFTY-III.NFO,04/07/2024,09:27:29,24632.8,24629.15,25,24632.8,200,25,140275
NIFTY-III.NFO,04/07/2024,09:27:31,24632.8,24629.15,25,24632.8,200,0,140275
NIFTY-III.NFO,04/07/2024,09:27:34,24632.8,24629.15,25,24632.8,100,25,140275
NIFTY-III.NFO,04/07/2024,09:27:36,24632.8,24629.15,25,24632.8,100,75,140275
NIFTY-III.NFO,04/07/2024,09:27:38,24632.8,24627,200,24632.8,75,50,140275
NIFTY-III.NFO,04/07/2024,09:27:39,24632.8,24632.8,25,24633.55,200,75,140275
NIFTY-III.NFO,04/07/2024,09:27:41,24632.8,24627,125,24631.45,200,25,140275
NIFTY-III.NFO,04/07/2024,09:27:43,24631.45,24627,200,24632.8,100,25,140275
NIFTY-III.NFO,04/07/2024,09:27:44,24631.45,24627.05,100,24632.8,100,0,140275
NIFTY-III.NFO,04/07/2024,09:27:48,24631.45,24627.05,175,24632.8,100,0,140275
NIFTY-III.NFO,04/07/2024,09:27:53,24632.8,24627.05,175,24632.8,75,25,140275
NIFTY-III.NFO,04/07/2024,09:27:54,24632.8,24627.05,175,24632.8,75,0,140275
NIFTY-III.NFO,04/07/2024,09:27:56,24632.8,24627.05,175,24633,100,25,140275
NIFTY-III.NFO,04/07/2024,09:27:58,24632.8,24627.05,175,24633,100,0,140275
NIFTY-III.NFO,04/07/2024,09:28:01,24633,24633,125,24634.7,50,100,140275
NIFTY-III.NFO,04/07/2024,09:28:03,24633,24633,75,24635,75,50,140275
NIFTY-III.NFO,04/07/2024,09:28:04,24633,24633,75,24635,75,0,140275
NIFTY-III.NFO,04/07/2024,09:28:06,24633,24633,50,24635,150,25,140275
NIFTY-III.NFO,04/07/2024,09:28:08,24633,24633,50,24635,75,0,140275
NIFTY-III.NFO,04/07/2024,09:28:11,24633,24633,50,24634.9,125,0,140275
NIFTY-III.NFO,04/07/2024,09:28:13,24633,24633,50,24634.7,25,0,140275
NIFTY-III.NFO,04/07/2024,09:28:14,24633,24633,100,24635,75,0,140275
NIFTY-III.NFO,04/07/2024,09:28:16,24636.35,24633.05,175,24637.7,75,150,140275
NIFTY-III.NFO,04/07/2024,09:28:18,24636.35,24633,150,24637.7,200,0,140275
NIFTY-III.NFO,04/07/2024,09:28:21,24633.05,24633.05,175,24637.7,200,25,140275
NIFTY-III.NFO,04/07/2024,09:28:23,24633.05,24633,75,24636.55,125,0,140275
NIFTY-III.NFO,04/07/2024,09:28:24,24633.05,24633,75,24636.4,50,0,140275
NIFTY-III.NFO,04/07/2024,09:28:26,24633.05,24633,75,24636.25,25,0,140275
NIFTY-III.NFO,04/07/2024,09:28:28,24633,24633.05,100,24637.1,50,25,140275
NIFTY-III.NFO,04/07/2024,09:28:29,24636.4,24636.4,100,24637.95,25,25,140275
NIFTY-III.NFO,04/07/2024,09:28:31,24636.4,24636.4,75,24638,100,25,140275
NIFTY-III.NFO,04/07/2024,09:28:33,24636.4,24636.4,75,24637.75,125,0,140275
NIFTY-III.NFO,04/07/2024,09:28:34,24636.4,24636.4,75,24637.95,25,0,140275
NIFTY-III.NFO,04/07/2024,09:28:36,24636.4,24636.4,50,24638,100,25,141675
NIFTY-III.NFO,04/07/2024,09:28:38,24636.4,24636.4,50,24638,100,0,141675
NIFTY-III.NFO,04/07/2024,09:28:39,24636.4,24636.4,50,24637.8,25,0,141675
NIFTY-III.NFO,04/07/2024,09:28:41,24636.4,24636.4,50,24637.95,25,0,141675
NIFTY-III.NFO,04/07/2024,09:28:43,24636.4,24636.4,50,24638,25,0,141675
NIFTY-III.NFO,04/07/2024,09:28:44,24637.1,24637.1,25,24637.7,125,75,141675
NIFTY-III.NFO,04/07/2024,09:28:46,24638,24635,100,24638.1,125,50,141675
NIFTY-III.NFO,04/07/2024,09:28:48,24637.2,24635,100,24637.15,125,25,141675
NIFTY-III.NFO,04/07/2024,09:28:50,24637.2,24635,100,24638.4,125,0,141675
NIFTY-III.NFO,04/07/2024,09:28:51,24637.2,24635,100,24639.2,25,0,141675
NIFTY-III.NFO,04/07/2024,09:28:53,24637.65,24637.65,25,24637.85,125,25,141675
NIFTY-III.NFO,04/07/2024,09:28:55,24637.65,24637.65,25,24637.85,125,25,141675
NIFTY-III.NFO,04/07/2024,09:28:56,24637.65,24637.65,25,24637.85,125,0,141675
NIFTY-III.NFO,04/07/2024,09:29:00,24637,24635,100,24637.05,125,75,141675
NIFTY-III.NFO,04/07/2024,09:29:01,24637.05,24637.05,25,24637.1,25,25,141675
NIFTY-III.NFO,04/07/2024,09:29:03,24637.05,24635,100,24636.9,125,25,141675
NIFTY-III.NFO,04/07/2024,09:29:05,24637.05,24635,100,24637.6,125,0,141675
NIFTY-III.NFO,04/07/2024,09:29:06,24635,24635,75,24637.5,125,75,141675
NIFTY-III.NFO,04/07/2024,09:29:08,24635,24635,75,24637.95,25,0,141675
NIFTY-III.NFO,04/07/2024,09:29:09,24635,24635,75,24638.1,125,0,141675
NIFTY-III.NFO,04/07/2024,09:29:11,24635,24635,75,24637.9,125,0,141675
NIFTY-III.NFO,04/07/2024,09:29:14,24635,24635,50,24637.9,125,25,141675
NIFTY-III.NFO,04/07/2024,09:29:16,24635,24635,50,24637.8,125,0,141675
NIFTY-III.NFO,04/07/2024,09:29:18,24635,24635,25,24637.4,125,25,141675
NIFTY-III.NFO,04/07/2024,09:29:19,24635,24631.95,175,24638.05,75,25,141675
NIFTY-III.NFO,04/07/2024,09:29:21,24635,24630.05,100,24636.2,100,0,141675
NIFTY-III.NFO,04/07/2024,09:29:23,24635,24630.05,175,24635.9,75,0,141675
NIFTY-III.NFO,04/07/2024,09:29:24,24636.2,24630.15,100,24636.4,275,100,141675
NIFTY-III.NFO,04/07/2024,09:29:26,24636.2,24630.05,175,24635,25,0,141675
NIFTY-III.NFO,04/07/2024,09:29:28,24635,24630.6,100,24636.3,75,25,141675
NIFTY-III.NFO,04/07/2024,09:29:30,24635,24631.1,100,24637.55,25,0,141675
NIFTY-III.NFO,04/07/2024,09:29:31,24635,24631.25,100,24637.95,100,0,141675
NIFTY-III.NFO,04/07/2024,09:29:33,24635,24632.1,175,24637.85,100,0,141675
NIFTY-III.NFO,04/07/2024,09:29:35,24637.85,24631.5,175,24636,25,50,141675
NIFTY-III.NFO,04/07/2024,09:29:36,24632.15,24632.8,175,24636,25,25,141675
NIFTY-III.NFO,04/07/2024,09:29:38,24632.15,24634.35,100,24636,25,0,141675
NIFTY-III.NFO,04/07/2024,09:29:40,24635.05,24635.1,175,24636,25,25,141675
NIFTY-III.NFO,04/07/2024,09:29:41,24638,24636.65,100,24638,75,50,141675
NIFTY-III.NFO,04/07/2024,09:29:43,24638,24635.15,100,24638,75,0,141675
NIFTY-III.NFO,04/07/2024,09:29:48,24638,24636.35,100,24640,350,75,141675
NIFTY-III.NFO,04/07/2024,09:29:50,24645.55,24638.45,175,24647.5,325,550,141675
NIFTY-III.NFO,04/07/2024,09:29:50,24645.55,24638.45,175,24647.5,325,0,141675
NIFTY-III.NFO,04/07/2024,09:29:51,24640.35,24640.35,50,24646.05,325,25,141675
NIFTY-III.NFO,04/07/2024,09:29:53,24640.35,24640,100,24644.8,125,0,141675
NIFTY-III.NFO,04/07/2024,09:29:55,24640,24639.1,100,24644.65,125,25,141675
NIFTY-III.NFO,04/07/2024,09:29:56,24640,24638.5,100,24644.65,200,0,141675
NIFTY-III.NFO,04/07/2024,09:29:58,24640,24638.75,100,24646.1,325,0,141675
NIFTY-III.NFO,04/07/2024,09:30:00,24640,24638.75,100,24639.8,25,0,141675
NIFTY-III.NFO,04/07/2024,09:30:01,24640,24640,100,24645.25,325,50,141675
NIFTY-III.NFO,04/07/2024,09:30:03,24640,24638.35,100,24644.95,200,25,141675
NIFTY-III.NFO,04/07/2024,09:30:05,24640,24638.35,100,24644.95,200,0,141675
NIFTY-III.NFO,04/07/2024,09:30:06,24640,24638.85,100,24645.35,200,0,141675
NIFTY-III.NFO,04/07/2024,09:30:08,24640,24638.85,100,24644.35,200,0,141675
NIFTY-III.NFO,04/07/2024,09:30:10,24645,24639.75,100,24645.35,125,25,141675
NIFTY-III.NFO,04/07/2024,09:30:11,24645.35,24645.35,25,24645.6,125,25,141675
NIFTY-III.NFO,04/07/2024,09:30:13,24645.35,24645.35,25,24646.2,125,0,141675
NIFTY-III.NFO,04/07/2024,09:30:16,24645.35,24639,100,24644.95,75,25,141675
NIFTY-III.NFO,04/07/2024,09:30:18,24645.35,24639,100,24644.95,75,0,141675
NIFTY-III.NFO,04/07/2024,09:30:20,24644.95,24639,100,24645.6,200,50,141675
NIFTY-III.NFO,04/07/2024,09:30:21,24644.95,24639,100,24645.6,200,0,141675
NIFTY-III.NFO,04/07/2024,09:30:23,24644.95,24638.2,100,24644.65,200,0,141675
NIFTY-III.NFO,04/07/2024,09:30:25,24644.95,24638.05,175,24644.6,50,0,141675
NIFTY-III.NFO,04/07/2024,09:30:28,24644.6,24638.05,175,24645.3,200,25,141675
NIFTY-III.NFO,04/07/2024,09:30:29,24645.3,24638.05,175,24644.9,75,50,141675
NIFTY-III.NFO,04/07/2024,09:30:31,24645.3,24638.05,175,24644.75,100,0,141675
NIFTY-III.NFO,04/07/2024,09:30:33,24645.3,24638.05,175,24645.3,200,0,141675
NIFTY-III.NFO,04/07/2024,09:30:34,24645.3,24638.05,175,24645.3,75,0,141675
NIFTY-III.NFO,04/07/2024,09:30:36,24645.15,24638.05,175,24645.3,75,50,141675
NIFTY-III.NFO,04/07/2024,09:30:38,24640,24640.05,100,24645.85,175,25,141675
NIFTY-III.NFO,04/07/2024,09:30:39,24640,24640.05,175,24645.85,175,0,141675
NIFTY-III.NFO,04/07/2024,09:30:41,24640,24640.05,175,24645.75,100,0,141675
NIFTY-III.NFO,04/07/2024,09:30:43,24640,24640.05,100,24645.55,100,0,141675
NIFTY-III.NFO,04/07/2024,09:30:44,24639.3,24640,25,24644.95,25,50,141675
NIFTY-III.NFO,04/07/2024,09:30:46,24639.3,24639.05,100,24644.5,100,100,141675
NIFTY-III.NFO,04/07/2024,09:30:48,24639.8,24639.85,25,24644.4,75,100,141675
NIFTY-III.NFO,04/07/2024,09:30:49,24644.2,24640,50,24644.2,175,50,141675
NIFTY-III.NFO,04/07/2024,09:30:51,24638,24638,25,24643.9,175,100,141675
NIFTY-III.NFO,04/07/2024,09:30:53,24638.05,24639.05,50,24644.3,50,25,141675
NIFTY-III.NFO,04/07/2024,09:30:54,24638.05,24639.05,125,24645.6,125,0,141675
NIFTY-III.NFO,04/07/2024,09:30:56,24638.05,24639.05,125,24645.95,75,0,141675
NIFTY-III.NFO,04/07/2024,09:30:58,24639.05,24640,25,24646,150,25,141675
NIFTY-III.NFO,04/07/2024,09:30:59,24639.05,24640.8,25,24646,150,0,141675
NIFTY-III.NFO,04/07/2024,09:31:01,24646,24641.8,75,24646,75,100,141675
NIFTY-III.NFO,04/07/2024,09:31:01,24646,24641.8,75,24646,75,0,141675
NIFTY-III.NFO,04/07/2024,09:31:03,24648.2,24641.85,75,24648.35,100,200,141675
NIFTY-III.NFO,04/07/2024,09:31:03,24648.2,24641.85,75,24648.35,100,0,141675
NIFTY-III.NFO,04/07/2024,09:31:04,24648.2,24641.85,75,24648.35,100,0,141675
NIFTY-III.NFO,04/07/2024,09:31:06,24648.2,24641.85,75,24648.35,175,0,141675
NIFTY-III.NFO,04/07/2024,09:31:08,24648.2,24641.85,75,24648.25,175,0,141675
NIFTY-III.NFO,04/07/2024,09:31:09,24641.6,24641.55,50,24648.2,100,200,141675
NIFTY-III.NFO,04/07/2024,09:31:11,24648.2,24641.55,25,24648.2,100,25,141675
NIFTY-III.NFO,04/07/2024,09:31:13,24641.5,24641.4,50,24648.25,175,100,141675
NIFTY-III.NFO,04/07/2024,09:31:14,24641.5,24642.65,125,24648.95,100,0,141675
NIFTY-III.NFO,04/07/2024,09:31:16,24648.95,24642.7,25,24648.95,100,25,141675
NIFTY-III.NFO,04/07/2024,09:31:16,24648.95,24642.7,25,24648.95,100,0,141675
NIFTY-III.NFO,04/07/2024,09:31:18,24648.95,24643.4,25,24648.95,100,0,141675
NIFTY-III.NFO,04/07/2024,09:31:19,24648.95,24642.7,50,24648.95,175,25,141675
NIFTY-III.NFO,04/07/2024,09:31:21,24648.95,24643.15,75,24648.95,175,0,141675
NIFTY-III.NFO,04/07/2024,09:31:23,24648.95,24643.2,75,24648.95,100,25,141675
NIFTY-III.NFO,04/07/2024,09:31:24,24647,24647,25,24648.95,100,25,141675
NIFTY-III.NFO,04/07/2024,09:31:26,24645.15,24644.95,125,24647,175,50,141675
NIFTY-III.NFO,04/07/2024,09:31:27,24645.15,24645.35,125,24647,175,0,141675
NIFTY-III.NFO,04/07/2024,09:31:29,24647,24645.2,50,24647,75,100,141675
NIFTY-III.NFO,04/07/2024,09:31:31,24647,24645.15,25,24647,75,0,141675
NIFTY-III.NFO,04/07/2024,09:31:32,24647,24645.15,25,24647,50,25,141675
NIFTY-III.NFO,04/07/2024,09:31:34,24645.15,24644.25,50,24647,25,50,141675
NIFTY-III.NFO,04/07/2024,09:31:36,24645.15,24643.65,125,24647,25,0,141675
NIFTY-III.NFO,04/07/2024,09:31:37,24645.15,24643.25,50,24647,25,0,141675
NIFTY-III.NFO,04/07/2024,09:31:39,24645.15,24644.1,50,24647,25,0,141675
NIFTY-III.NFO,04/07/2024,09:31:41,24645.15,24644.1,125,24647,25,0,141675
NIFTY-III.NFO,04/07/2024,09:31:42,24647,24644.1,125,24648.95,25,25,142075
NIFTY-III.NFO,04/07/2024,09:31:44,24647,24644.9,75,24648.95,25,0,142075
NIFTY-III.NFO,04/07/2024,09:31:46,24644.4,24644.4,50,24648.95,25,75,142075
NIFTY-III.NFO,04/07/2024,09:31:47,24648.9,24647,25,24648.9,100,25,142075
NIFTY-III.NFO,04/07/2024,09:31:49,24648.9,24647,25,24648.9,100,25,142075
NIFTY-III.NFO,04/07/2024,09:31:51,24648.9,24647,25,24648.9,100,0,142075
NIFTY-III.NFO,04/07/2024,09:31:54,24648.9,24647,25,24648.9,175,0,142075
NIFTY-III.NFO,04/07/2024,09:31:56,24648.25,24647,25,24648.6,100,25,142075
NIFTY-III.NFO,04/07/2024,09:31:57,24647,24642.75,75,24648.9,175,25,142075
NIFTY-III.NFO,04/07/2024,09:31:59,24647,24645,100,24648.9,200,0,142075
NIFTY-III.NFO,04/07/2024,09:32:01,24647,24645,100,24648.85,100,0,142075
NIFTY-III.NFO,04/07/2024,09:32:02,24647,24645,100,24648.7,100,0,142075
NIFTY-III.NFO,04/07/2024,09:32:04,24647,24645,100,24647.85,100,0,142075
NIFTY-III.NFO,04/07/2024,09:32:06,24647,24645,100,24646.95,75,0,142075
NIFTY-III.NFO,04/07/2024,09:32:09,24647,24645,100,24646.95,175,0,142075
NIFTY-III.NFO,04/07/2024,09:32:12,24646.85,24646,25,24646.7,275,25,142075
NIFTY-III.NFO,04/07/2024,09:32:14,24646,24645,100,24646.75,25,25,142075
NIFTY-III.NFO,04/07/2024,09:32:16,24646,24645,100,24646.9,25,0,142075
NIFTY-III.NFO,04/07/2024,09:32:17,24645,24641.7,100,24645,650,100,142075
NIFTY-III.NFO,04/07/2024,09:32:19,24641.7,24641.5,50,24641.7,600,150,142075
NIFTY-III.NFO,04/07/2024,09:32:21,24641.5,24641.65,50,24641.7,600,25,142075
NIFTY-III.NFO,04/07/2024,09:32:22,24641.5,24641.65,50,24641.7,600,0,142075
NIFTY-III.NFO,04/07/2024,09:32:26,24641.65,24641.15,50,24641.65,600,200,142075
NIFTY-III.NFO,04/07/2024,09:32:28,24641.65,24641.15,50,24641.65,425,175,142075
NIFTY-III.NFO,04/07/2024,09:32:30,24641,24641,100,24641.65,250,200,142075
NIFTY-III.NFO,04/07/2024,09:32:32,24641,24641,100,24641.65,250,0,142075
NIFTY-III.NFO,04/07/2024,09:32:33,24641.7,24641.55,75,24641.7,300,500,142075
NIFTY-III.NFO,04/07/2024,09:32:35,24641.7,24641.6,300,24641.7,225,825,142075
NIFTY-III.NFO,04/07/2024,09:32:37,24641.55,24641.55,50,24645,650,275,142075
NIFTY-III.NFO,04/07/2024,09:32:38,24641.55,24642.05,75,24645,650,0,142075
NIFTY-III.NFO,04/07/2024,09:32:40,24645,24642.15,50,24645,525,125,142075
NIFTY-III.NFO,04/07/2024,09:32:42,24645,24642.8,125,24645,400,125,142075
NIFTY-III.NFO,04/07/2024,09:32:43,24642.8,24642.8,75,24645,400,25,142075
NIFTY-III.NFO,04/07/2024,09:32:45,24642.8,24642.8,25,24645,400,50,142075
NIFTY-III.NFO,04/07/2024,09:32:46,24642.8,24642.8,50,24645,400,0,142075
NIFTY-III.NFO,04/07/2024,09:32:48,24642.8,24641.55,50,24645,400,0,142075
NIFTY-III.NFO,04/07/2024,09:32:50,24642.8,24641.7,325,24645,400,0,142075
NIFTY-III.NFO,04/07/2024,09:32:51,24642.8,24643.35,325,24645,400,0,142075
NIFTY-III.NFO,04/07/2024,09:32:53,24642.8,24643.35,75,24645,400,0,142075
NIFTY-III.NFO,04/07/2024,09:32:55,24645,24643.1,200,24645,350,50,142075
NIFTY-III.NFO,04/07/2024,09:32:56,24645,24643.1,75,24645,350,0,142075
NIFTY-III.NFO,04/07/2024,09:32:58,24645,24642.15,325,24645,350,0,142075
NIFTY-III.NFO,04/07/2024,09:33:00,24642.65,24642.65,200,24645,350,50,142075
NIFTY-III.NFO,04/07/2024,09:33:01,24645,24641.9,250,24645,125,225,142075
NIFTY-III.NFO,04/07/2024,09:33:03,24645,24641.15,200,24645,125,0,142075
NIFTY-III.NFO,04/07/2024,09:33:05,24645,24641.15,200,24645,150,25,142075
NIFTY-III.NFO,04/07/2024,09:33:06,24641,24642,25,24645,175,25,142075
NIFTY-III.NFO,04/07/2024,09:33:08,24641,24642,25,24645,175,0,142075
NIFTY-III.NFO,04/07/2024,09:33:11,24645,24641.05,125,24645,150,50,142075
NIFTY-III.NFO,04/07/2024,09:33:13,24645,24641.4,250,24645,150,0,142075
NIFTY-III.NFO,04/07/2024,09:33:15,24645,24641.9,25,24644,25,0,142075
NIFTY-III.NFO,04/07/2024,09:33:16,24641.9,24641.4,375,24644,25,25,142075
NIFTY-III.NFO,04/07/2024,09:33:18,24641.9,24642.45,250,24644,25,0,142075
NIFTY-III.NFO,04/07/2024,09:33:20,24641.9,24642.1,250,24644,25,0,142075
NIFTY-III.NFO,04/07/2024,09:33:21,24642.1,24642.4,375,24644,25,250,142075
NIFTY-III.NFO,04/07/2024,09:33:23,24642.1,24642.4,375,24644,25,0,142075
NIFTY-III.NFO,04/07/2024,09:33:26,24645,24642.75,200,24647.95,100,175,142075
NIFTY-III.NFO,04/07/2024,09:33:28,24645,24642.75,75,24647.95,100,0,142075
NIFTY-III.NFO,04/07/2024,09:33:31,24646.95,24642.75,75,24646.95,100,25,142075
NIFTY-III.NFO,04/07/2024,09:33:33,24648,24647,25,24648,100,225,142075
NIFTY-III.NFO,04/07/2024,09:33:35,24648.6,24648,25,24649,150,275,142075
NIFTY-III.NFO,04/07/2024,09:33:36,24648.6,24648.6,25,24649,150,0,142075
NIFTY-III.NFO,04/07/2024,09:33:40,24649,24646.05,100,24649,75,100,142075
NIFTY-III.NFO,04/07/2024,09:33:40,24649,24646.05,100,24649,75,0,142075
NIFTY-III.NFO,04/07/2024,09:33:41,24649,24649,100,24649.9,50,75,142075
NIFTY-III.NFO,04/07/2024,09:33:43,24649.9,24646.05,100,24649.95,50,75,142075
NIFTY-III.NFO,04/07/2024,09:33:43,24649.9,24646.05,100,24649.95,50,0,142075
NIFTY-III.NFO,04/07/2024,09:33:45,24649.95,24646.05,100,24650,1050,350,142075
NIFTY-III.NFO,04/07/2024,09:33:45,24649.95,24646.05,100,24650,1050,0,142075
NIFTY-III.NFO,04/07/2024,09:33:46,24649.95,24646.05,100,24649.95,50,200,142075
NIFTY-III.NFO,04/07/2024,09:33:46,24650,24646.05,100,24649.95,50,0,142075
NIFTY-III.NFO,04/07/2024,09:33:48,24646.1,24646.1,100,24650,850,150,142075
NIFTY-III.NFO,04/07/2024,09:33:50,24650,24646.1,350,24650,725,125,142075
NIFTY-III.NFO,04/07/2024,09:33:51,24650,24646.45,100,24650,625,100,142075
NIFTY-III.NFO,04/07/2024,09:33:53,24650,24646.45,100,24650,550,75,142075
NIFTY-III.NFO,04/07/2024,09:33:55,24650,24646.2,175,24650,400,150,142075
NIFTY-III.NFO,04/07/2024,09:33:56,24650,24646.7,100,24650,350,50,142075
NIFTY-III.NFO,04/07/2024,09:33:58,24650,24647.35,100,24650,325,75,142075
NIFTY-III.NFO,04/07/2024,09:33:59,24650,24647.65,75,24650,325,0,142075
NIFTY-III.NFO,04/07/2024,09:34:01,24650,24649,125,24650,325,0,142075
NIFTY-III.NFO,04/07/2024,09:34:03,24650,24649,200,24650,275,50,142075
NIFTY-III.NFO,04/07/2024,09:34:04,24650,24649,200,24650,275,0,142075
NIFTY-III.NFO,04/07/2024,09:34:08,24650,24649,125,24650,275,0,142075
NIFTY-III.NFO,04/07/2024,09:34:09,24649,24649,75,24650,275,50,142075
NIFTY-III.NFO,04/07/2024,09:34:11,24649,24649.9,25,24650,275,0,142075
NIFTY-III.NFO,04/07/2024,09:34:13,24650,24649.9,25,24650,250,25,142075
NIFTY-III.NFO,04/07/2024,09:34:14,24649.9,24649,175,24650,275,25,142075
NIFTY-III.NFO,04/07/2024,09:34:16,24649.9,24649,175,24650,275,0,142075
NIFTY-III.NFO,04/07/2024,09:34:18,24649.9,24649,175,24650,300,0,142075
NIFTY-III.NFO,04/07/2024,09:34:19,24649,24649,150,24650,300,25,142075
NIFTY-III.NFO,04/07/2024,09:34:21,24649,24649,150,24650,300,0,142075
NIFTY-III.NFO,04/07/2024,09:34:22,24650,24649,75,24650,225,75,142075
NIFTY-III.NFO,04/07/2024,09:34:24,24650,24649,50,24650,200,25,142075
NIFTY-III.NFO,04/07/2024,09:34:26,24650,24649,50,24649.95,25,0,142075
NIFTY-III.NFO,04/07/2024,09:34:28,24649,24645.9,25,24649,25,75,142075
NIFTY-III.NFO,04/07/2024,09:34:29,24649,24645.9,25,24649,25,0,142075
NIFTY-III.NFO,04/07/2024,09:34:36,24644.6,24644.6,100,24649,100,50,146175
NIFTY-III.NFO,04/07/2024,09:34:38,24644.6,24644.05,100,24648.9,25,0,146175
NIFTY-III.NFO,04/07/2024,09:34:39,24648.9,24648,25,24649,125,25,146175
NIFTY-III.NFO,04/07/2024,09:34:41,24648.9,24648,25,24649,50,0,146175
NIFTY-III.NFO,04/07/2024,09:34:46,24649,24649,50,24650,200,50,146175
NIFTY-III.NFO,04/07/2024,09:34:47,24649,24649,50,24650,200,0,146175
NIFTY-III.NFO,04/07/2024,09:34:49,24649,24649,75,24650,200,0,146175
NIFTY-III.NFO,04/07/2024,09:34:51,24649,24649,50,24650,200,25,146175
NIFTY-III.NFO,04/07/2024,09:34:52,24649,24649,25,24650,200,25,146175
NIFTY-III.NFO,04/07/2024,09:34:54,24650,24648.9,25,24650,175,25,146175
NIFTY-III.NFO,04/07/2024,09:34:56,24650,24648.9,25,24649,25,0,146175
NIFTY-III.NFO,04/07/2024,09:34:57,24649,24648.9,25,24650,125,25,146175
NIFTY-III.NFO,04/07/2024,09:34:59,24649,24648.9,25,24650,125,0,146175
NIFTY-III.NFO,04/07/2024,09:35:02,24646.2,24645.05,175,24650,150,100,146175
NIFTY-III.NFO,04/07/2024,09:35:04,24646.2,24649,25,24650,150,0,146175
NIFTY-III.NFO,04/07/2024,09:35:06,24649,24645.05,100,24650,225,25,146175
NIFTY-III.NFO,04/07/2024,09:35:07,24649,24645.05,100,24650,225,0,146175
NIFTY-III.NFO,04/07/2024,09:35:09,24649,24645.05,100,24649,25,0,146175
NIFTY-III.NFO,04/07/2024,09:35:11,24649,24645.05,100,24650,350,25,146175
NIFTY-III.NFO,04/07/2024,09:35:12,24649,24645.05,175,24650,350,0,146175
NIFTY-III.NFO,04/07/2024,09:35:14,24649,24645.05,100,24650,350,0,146175
NIFTY-III.NFO,04/07/2024,09:35:16,24649,24645.05,175,24650,350,0,146175
NIFTY-III.NFO,04/07/2024,09:35:17,24650,24645.05,425,24650,250,25,146175
NIFTY-III.NFO,04/07/2024,09:35:19,24650,24649,25,24650,225,25,146175
NIFTY-III.NFO,04/07/2024,09:35:21,24650,24649,25,24650,225,0,146175
NIFTY-III.NFO,04/07/2024,09:35:24,24650,24649,25,24650,200,25,146175
NIFTY-III.NFO,04/07/2024,09:35:26,24650,24649,100,24650,225,0,146175
NIFTY-III.NFO,04/07/2024,09:35:28,24649.5,24649.05,75,24650,2000,50,146175
NIFTY-III.NFO,04/07/2024,09:35:30,24649.5,24649,925,24650,2000,0,146175
NIFTY-III.NFO,04/07/2024,09:35:31,24649.5,24649,925,24649.95,50,0,146175
NIFTY-III.NFO,04/07/2024,09:35:33,24649.5,24649,925,24649.95,125,0,146175
NIFTY-III.NFO,04/07/2024,09:35:35,24649.5,24649,925,24649.95,50,0,146175
NIFTY-III.NFO,04/07/2024,09:35:40,24649.5,24649,925,24649.95,125,0,146175
NIFTY-III.NFO,04/07/2024,09:35:41,24649,24649,900,24649.95,100,50,146175
NIFTY-III.NFO,04/07/2024,09:35:43,24649,24649,900,24649.95,100,0,146175
NIFTY-III.NFO,04/07/2024,09:35:45,24649,24649,200,24649.95,100,700,146175
NIFTY-III.NFO,04/07/2024,09:35:46,24649.95,24649,200,24649.95,75,25,146175
NIFTY-III.NFO,04/07/2024,09:35:48,24649,24649,175,24649.95,75,25,146175
NIFTY-III.NFO,04/07/2024,09:35:50,24649,24649,150,24649.9,25,50,146175
NIFTY-III.NFO,04/07/2024,09:35:51,24649,24649,150,24649.95,50,25,146175
NIFTY-III.NFO,04/07/2024,09:35:53,24649,24649,125,24650,1975,25,146175
NIFTY-III.NFO,04/07/2024,09:35:55,24649,24649,125,24650,1975,0,146175
NIFTY-III.NFO,04/07/2024,09:35:58,24649,24649,125,24650,2075,0,146175
NIFTY-III.NFO,04/07/2024,09:36:00,24649,24649,125,24649.95,125,0,146175
NIFTY-III.NFO,04/07/2024,09:36:01,24649,24649.1,25,24649.95,100,25,146175
NIFTY-III.NFO,04/07/2024,09:36:03,24649,24649,125,24649.95,25,0,146175
NIFTY-III.NFO,04/07/2024,09:36:05,24649.95,24649,125,24650,2000,25,146175
NIFTY-III.NFO,04/07/2024,09:36:06,24649.95,24649.95,25,24650,2000,0,146175
NIFTY-III.NFO,04/07/2024,09:36:08,24650,24649,100,24650,1950,100,146175
NIFTY-III.NFO,04/07/2024,09:36:09,24650,24649,75,24650,1925,50,146175
NIFTY-III.NFO,04/07/2024,09:36:11,24650,24649,75,24650,1875,50,146175
NIFTY-III.NFO,04/07/2024,09:36:13,24650,24649,75,24650,1875,0,146175
NIFTY-III.NFO,04/07/2024,09:36:14,24650,24649,75,24650,1850,50,146175
NIFTY-III.NFO,04/07/2024,09:36:16,24650,24649,50,24650,1775,100,146175
NIFTY-III.NFO,04/07/2024,09:36:18,24650,24649,50,24650,1650,125,146175
NIFTY-III.NFO,04/07/2024,09:36:19,24650,24649,25,24650,1600,75,146175
NIFTY-III.NFO,04/07/2024,09:36:21,24650,24649,25,24650,1600,0,146175
NIFTY-III.NFO,04/07/2024,09:36:23,24650,24649,25,24650,1600,25,146175
NIFTY-III.NFO,04/07/2024,09:36:24,24650,24649,25,24650,1600,0,146175
NIFTY-III.NFO,04/07/2024,09:36:26,24650,24649,25,24650,1625,0,146175
NIFTY-III.NFO,04/07/2024,09:36:29,24650,24649,25,24650,1650,50,146175
NIFTY-III.NFO,04/07/2024,09:36:31,24649,24648.9,25,24650,1650,25,146175
NIFTY-III.NFO,04/07/2024,09:36:32,24645,24644.6,600,24649.65,200,50,146175
NIFTY-III.NFO,04/07/2024,09:36:34,24645,24644.6,600,24649.6,75,0,146175
NIFTY-III.NFO,04/07/2024,09:36:36,24645,24644.6,600,24649.55,25,0,146175
NIFTY-III.NFO,04/07/2024,09:36:39,24645,24645,50,24649.6,50,25,146175
NIFTY-III.NFO,04/07/2024,09:36:41,24645,24645,50,24649.6,50,0,146175
NIFTY-III.NFO,04/07/2024,09:36:44,24645,24645.05,175,24649.6,50,0,146175
NIFTY-III.NFO,04/07/2024,09:36:46,24645,24645,25,24649.6,125,25,146175
NIFTY-III.NFO,04/07/2024,09:36:47,24645.05,24645,25,24649.6,125,25,146175
NIFTY-III.NFO,04/07/2024,09:36:49,24645.05,24645,25,24649.6,125,0,146175
NIFTY-III.NFO,04/07/2024,09:36:52,24649.6,24645.05,175,24649.6,25,25,146175
NIFTY-III.NFO,04/07/2024,09:36:54,24649.6,24645.05,100,24649.6,25,0,146175
NIFTY-III.NFO,04/07/2024,09:36:57,24649.6,24645,150,24649.6,25,0,146175
NIFTY-III.NFO,04/07/2024,09:36:59,24649.6,24645,225,24649.6,25,0,146175
NIFTY-III.NFO,04/07/2024,09:37:01,24649.6,24645,175,24649.6,100,0,146175
NIFTY-III.NFO,04/07/2024,09:37:02,24649.6,24645.05,100,24649.6,100,0,146175
NIFTY-III.NFO,04/07/2024,09:37:04,24645.05,24645.05,175,24649.6,25,25,146175
NIFTY-III.NFO,04/07/2024,09:37:06,24645.05,24645.05,100,24649.6,25,0,146175
NIFTY-III.NFO,04/07/2024,09:37:07,24645.05,24645,175,24649.55,100,0,146175
NIFTY-III.NFO,04/07/2024,09:37:09,24645.05,24645.05,100,24649.6,100,0,146175
NIFTY-III.NFO,04/07/2024,09:37:11,24645.05,24645.05,100,24649.55,25,0,146175
NIFTY-III.NFO,04/07/2024,09:37:12,24645.05,24645.05,175,24649.6,25,0,146175
NIFTY-III.NFO,04/07/2024,09:37:14,24645.05,24645,175,24647,200,0,146175
NIFTY-III.NFO,04/07/2024,09:37:16,24645.05,24645.05,25,24646.4,100,0,146175
NIFTY-III.NFO,04/07/2024,09:37:17,24645.05,24645.05,25,24646.95,100,0,146175
NIFTY-III.NFO,04/07/2024,09:37:19,24646.95,24645.05,25,24647,200,25,146175
NIFTY-III.NFO,04/07/2024,09:37:21,24645.1,24645.1,100,24647,200,25,146175
NIFTY-III.NFO,04/07/2024,09:37:22,24645.1,24645.1,175,24647,200,0,146175
NIFTY-III.NFO,04/07/2024,09:37:24,24645.1,24645.1,100,24647,200,0,146175
NIFTY-III.NFO,04/07/2024,09:37:26,24645.05,24645.05,100,24647,200,25,146175
NIFTY-III.NFO,04/07/2024,09:37:27,24645.05,24645.05,100,24647,200,0,146175
NIFTY-III.NFO,04/07/2024,09:37:29,24645.05,24645.05,100,24645.1,75,25,146175
NIFTY-III.NFO,04/07/2024,09:37:30,24645.05,24645.05,100,24645.1,75,0,146175
NIFTY-III.NFO,04/07/2024,09:37:32,24645,24645.05,50,24645.1,75,200,146175
NIFTY-III.NFO,04/07/2024,09:37:34,24645.05,24645.05,25,24645.1,75,25,146175
NIFTY-III.NFO,04/07/2024,09:37:35,24645.05,24645.05,25,24645.1,75,0,146175
NIFTY-III.NFO,04/07/2024,09:37:39,24645.05,24645.05,125,24645.1,50,50,146950
NIFTY-III.NFO,04/07/2024,09:37:40,24645.05,24645.05,125,24645.1,50,0,146950
NIFTY-III.NFO,04/07/2024,09:37:43,24645.1,24645.05,125,24645.1,25,25,146950
NIFTY-III.NFO,04/07/2024,09:37:45,24645.1,24645.05,125,24645.1,25,0,146950
NIFTY-III.NFO,04/07/2024,09:37:47,24645.1,24645.05,200,24649.9,175,0,146950
NIFTY-III.NFO,04/07/2024,09:37:48,24645.1,24645.05,200,24649.9,100,0,146950
NIFTY-III.NFO,04/07/2024,09:37:50,24645.05,24645.05,100,24645.1,25,25,146950
NIFTY-III.NFO,04/07/2024,09:37:52,24649.9,24645.1,175,24649.9,175,125,146950
NIFTY-III.NFO,04/07/2024,09:37:54,24649.9,24645.1,100,24649.9,175,0,146950
NIFTY-III.NFO,04/07/2024,09:37:55,24645.1,24645.1,75,24649.9,175,25,146950
NIFTY-III.NFO,04/07/2024,09:37:57,24645.1,24645.1,150,24649.9,100,0,146950
NIFTY-III.NFO,04/07/2024,09:37:59,24645.1,24645.05,100,24649.9,175,0,146950
NIFTY-III.NFO,04/07/2024,09:38:00,24649.85,24645.05,100,24649.85,75,50,146950
NIFTY-III.NFO,04/07/2024,09:38:02,24649.85,24645.1,175,24649.9,75,0,146950
NIFTY-III.NFO,04/07/2024,09:38:04,24649.85,24645.1,175,24649.95,50,0,146950
NIFTY-III.NFO,04/07/2024,09:38:05,24649.85,24645.1,175,24649.9,75,0,146950
NIFTY-III.NFO,04/07/2024,09:38:07,24645.1,24645.1,175,24649.9,75,50,146950
NIFTY-III.NFO,04/07/2024,09:38:09,24645.1,24645.1,175,24649.9,75,0,146950
NIFTY-III.NFO,04/07/2024,09:38:10,24645.1,24645.1,75,24649.9,75,0,146950
NIFTY-III.NFO,04/07/2024,09:38:12,24645.1,24645.05,175,24649.9,150,0,146950
NIFTY-III.NFO,04/07/2024,09:38:14,24649.9,24645.05,175,24649.8,50,25,146950
NIFTY-III.NFO,04/07/2024,09:38:15,24649.9,24645.1,175,24649.85,25,0,146950
NIFTY-III.NFO,04/07/2024,09:38:17,24649.9,24645.1,175,24649.8,50,0,146950
NIFTY-III.NFO,04/07/2024,09:38:20,24649.9,24645.05,175,24649.8,50,0,146950
NIFTY-III.NFO,04/07/2024,09:38:22,24649.9,24647.65,25,24649.8,50,0,146950
NIFTY-III.NFO,04/07/2024,09:38:24,24647.65,24647.65,25,24649.85,25,25,146950
NIFTY-III.NFO,04/07/2024,09:38:25,24647.65,24647.65,25,24649.8,50,0,146950
NIFTY-III.NFO,04/07/2024,09:38:30,24647.65,24647.8,25,24649.8,50,25,146950
NIFTY-III.NFO,04/07/2024,09:38:32,24647.65,24647.8,25,24649.8,50,0,146950
NIFTY-III.NFO,04/07/2024,09:38:35,24649.8,24649.8,125,24649.85,25,50,146950
NIFTY-III.NFO,04/07/2024,09:38:37,24649.8,24649.8,125,24649.85,25,0,146950
NIFTY-III.NFO,04/07/2024,09:38:39,24649.85,24649.8,125,24649.9,25,25,146950
NIFTY-III.NFO,04/07/2024,09:38:40,24649.8,24649.8,100,24649.9,25,25,146950
NIFTY-III.NFO,04/07/2024,09:38:42,24646.8,24647.85,25,24649.9,25,175,146950
NIFTY-III.NFO,04/07/2024,09:38:44,24646.8,24647.85,25,24649.9,25,0,146950
NIFTY-III.NFO,04/07/2024,09:38:47,24646.8,24647.85,25,24649,100,0,146950
NIFTY-III.NFO,04/07/2024,09:38:49,24647.85,24647.85,25,24649,100,25,146950
NIFTY-III.NFO,04/07/2024,09:38:50,24647.85,24647.85,25,24649,100,25,146950
NIFTY-III.NFO,04/07/2024,09:38:52,24647.85,24647.85,25,24649,100,0,146950
NIFTY-III.NFO,04/07/2024,09:38:54,24647.85,24647.85,25,24649,100,25,146950
NIFTY-III.NFO,04/07/2024,09:38:55,24647.85,24645.05,100,24649,100,0,146950
NIFTY-III.NFO,04/07/2024,09:38:57,24649,24645,25,24649.8,100,100,146950
NIFTY-III.NFO,04/07/2024,09:38:59,24649.8,24645,25,24649.8,75,25,146950
NIFTY-III.NFO,04/07/2024,09:39:00,24649.8,24645,25,24649.8,75,0,146950
NIFTY-III.NFO,04/07/2024,09:39:02,24649.8,24645,25,24649.8,50,25,146950
NIFTY-III.NFO,04/07/2024,09:39:04,24649.8,24645,100,24649.95,125,0,146950
NIFTY-III.NFO,04/07/2024,09:39:05,24649.8,24645,25,24649.95,125,0,146950
NIFTY-III.NFO,04/07/2024,09:39:09,24645,24644.6,600,24649.75,25,25,146950
NIFTY-III.NFO,04/07/2024,09:39:10,24645,24644.6,600,24649.8,100,0,146950
NIFTY-III.NFO,04/07/2024,09:39:12,24649.8,24644.6,600,24649.8,75,25,146950
NIFTY-III.NFO,04/07/2024,09:39:14,24649.8,24644.6,600,24648.95,200,0,146950
NIFTY-III.NFO,04/07/2024,09:39:15,24648.95,24644.6,600,24648.95,50,25,146950
NIFTY-III.NFO,04/07/2024,09:39:17,24648.95,24644.6,600,24648.95,50,0,146950
NIFTY-III.NFO,04/07/2024,09:39:19,24648.95,24644.6,600,24648.8,200,0,146950
NIFTY-III.NFO,04/07/2024,09:39:20,24648.95,24644.6,600,24648,200,0,146950
NIFTY-III.NFO,04/07/2024,09:39:22,24644.6,24644.6,575,24648,200,25,146950
NIFTY-III.NFO,04/07/2024,09:39:24,24644.6,24644.6,550,24648,200,25,146950
NIFTY-III.NFO,04/07/2024,09:39:25,24644.6,24644.6,550,24647.3,200,0,146950
NIFTY-III.NFO,04/07/2024,09:39:27,24644.6,24640,150,24645,225,550,146950
NIFTY-III.NFO,04/07/2024,09:39:29,24640,24640,25,24641.2,75,125,146950
NIFTY-III.NFO,04/07/2024,09:39:30,24640,24640,25,24641.65,200,0,146950
NIFTY-III.NFO,04/07/2024,09:39:32,24640.3,24640,25,24641.65,200,25,146950
NIFTY-III.NFO,04/07/2024,09:39:34,24639,24638,50,24638.4,150,50,146950
NIFTY-III.NFO,04/07/2024,09:39:35,24639.2,24636,25,24639.2,50,75,146950
NIFTY-III.NFO,04/07/2024,09:39:37,24639.2,24639,25,24640.3,125,0,146950
NIFTY-III.NFO,04/07/2024,09:39:39,24639.2,24639,25,24639.95,100,0,146950
NIFTY-III.NFO,04/07/2024,09:39:40,24639.2,24639,25,24640,25,0,146950
NIFTY-III.NFO,04/07/2024,09:39:42,24639.2,24639,25,24639.85,75,0,146950
NIFTY-III.NFO,04/07/2024,09:39:44,24639,24638,25,24639.7,75,25,146950
NIFTY-III.NFO,04/07/2024,09:39:45,24638,24636,25,24639.7,75,25,146950
NIFTY-III.NFO,04/07/2024,09:39:47,24638,24636.05,100,24640,100,0,146950
NIFTY-III.NFO,04/07/2024,09:39:49,24636.05,24636.05,100,24641.4,25,50,146950
NIFTY-III.NFO,04/07/2024,09:39:50,24636.05,24636.05,100,24641.4,25,0,146950
NIFTY-III.NFO,04/07/2024,09:39:54,24636.05,24636.05,175,24641.65,75,0,146950
NIFTY-III.NFO,04/07/2024,09:39:55,24636.05,24636.05,175,24641.7,25,0,146950
NIFTY-III.NFO,04/07/2024,09:39:57,24636.05,24636.05,175,24642.75,25,0,146950
NIFTY-III.NFO,04/07/2024,09:39:59,24636.05,24636.05,175,24642.95,25,0,146950
NIFTY-III.NFO,04/07/2024,09:40:00,24636.05,24636.05,175,24642.7,75,0,146950
NIFTY-III.NFO,04/07/2024,09:40:02,24636.05,24640,25,24643.15,200,0,146950
NIFTY-III.NFO,04/07/2024,09:40:04,24636.05,24640,25,24643.7,100,0,146950
NIFTY-III.NFO,04/07/2024,09:40:05,24636.05,24640,25,24641.1,100,0,146950
NIFTY-III.NFO,04/07/2024,09:40:07,24636.05,24640,25,24640.9,100,0,146950
NIFTY-III.NFO,04/07/2024,09:40:09,24636.05,24636,50,24640.65,125,50,146950
NIFTY-III.NFO,04/07/2024,09:40:10,24636.05,24636.05,50,24640.6,50,0,146950
NIFTY-III.NFO,04/07/2024,09:40:12,24636.05,24636.1,100,24640.9,125,0,146950
NIFTY-III.NFO,04/07/2024,09:40:15,24636.1,24636.1,175,24641.5,100,50,146950
NIFTY-III.NFO,04/07/2024,09:40:17,24636.1,24636.1,100,24640.8,175,0,146950
NIFTY-III.NFO,04/07/2024,09:40:19,24636.05,24636.05,25,24640.75,100,25,146950
NIFTY-III.NFO,04/07/2024,09:40:20,24636.05,24636.05,25,24639.1,175,0,146950
NIFTY-III.NFO,04/07/2024,09:40:22,24636.05,24636.05,25,24638.3,125,0,146950
NIFTY-III.NFO,04/07/2024,09:40:24,24636,24633,375,24635.6,175,75,146950
NIFTY-III.NFO,04/07/2024,09:40:25,24636,24633,375,24635.35,125,0,146950
NIFTY-III.NFO,04/07/2024,09:40:27,24633,24629.05,175,24634.3,175,375,146950
NIFTY-III.NFO,04/07/2024,09:40:28,24633,24629.1,100,24635.35,100,0,146950
NIFTY-III.NFO,04/07/2024,09:40:30,24633,24629.05,175,24634.35,175,0,146950
NIFTY-III.NFO,04/07/2024,09:40:31,24633,24629.05,175,24634.45,175,0,146950
NIFTY-III.NFO,04/07/2024,09:40:33,24634.4,24629.05,175,24634.45,75,25,146950
NIFTY-III.NFO,04/07/2024,09:40:35,24634.4,24629.05,175,24634.85,150,0,146950
NIFTY-III.NFO,04/07/2024,09:40:36,24629.05,24629.1,25,24635.1,175,100,146950
NIFTY-III.NFO,04/07/2024,09:40:38,24629.05,24629.05,100,24634.85,175,0,146950
NIFTY-III.NFO,04/07/2024,09:40:40,24629.05,24629,100,24635.45,125,150,146950
NIFTY-III.NFO,04/07/2024,09:40:41,24629.05,24629,100,24638.25,100,0,147200
NIFTY-III.NFO,04/07/2024,09:40:43,24629.05,24631.2,75,24639.7,100,0,147200
NIFTY-III.NFO,04/07/2024,09:40:45,24631.2,24631.3,150,24638.85,175,25,147200
NIFTY-III.NFO,04/07/2024,09:40:46,24631.2,24631.3,150,24638.7,100,0,147200
NIFTY-III.NFO,04/07/2024,09:40:48,24631.2,24631.3,150,24638.55,100,0,147200
NIFTY-III.NFO,04/07/2024,09:40:50,24631.2,24631.9,75,24639.1,100,0,147200
NIFTY-III.NFO,04/07/2024,09:40:51,24631.2,24633.7,75,24641.15,175,0,147200
NIFTY-III.NFO,04/07/2024,09:40:53,24631.2,24635.95,150,24641.25,100,0,147200
NIFTY-III.NFO,04/07/2024,09:40:55,24635.8,24633.8,150,24640.65,175,25,147200
NIFTY-III.NFO,04/07/2024,09:40:56,24635.8,24633.8,150,24639.3,175,0,147200
NIFTY-III.NFO,04/07/2024,09:40:58,24635.8,24634,150,24640.1,100,0,147200
NIFTY-III.NFO,04/07/2024,09:41:00,24635.8,24640,25,24641.15,100,0,147200
NIFTY-III.NFO,04/07/2024,09:41:03,24635.8,24640,25,24641.9,100,0,147200
NIFTY-III.NFO,04/07/2024,09:41:05,24640,24634.05,150,24640.25,175,25,147200
NIFTY-III.NFO,04/07/2024,09:41:06,24640,24634.05,150,24640.7,175,0,147200
NIFTY-III.NFO,04/07/2024,09:41:08,24640.7,24635.1,150,24640.9,175,100,147200
NIFTY-III.NFO,04/07/2024,09:41:10,24640.7,24634.15,100,24640.45,175,0,147200
NIFTY-III.NFO,04/07/2024,09:41:11,24640.7,24633.2,100,24640.3,175,0,147200
NIFTY-III.NFO,04/07/2024,09:41:13,24640.7,24632.15,100,24638.5,175,0,147200
NIFTY-III.NFO,04/07/2024,09:41:15,24640.7,24632.15,100,24638.5,100,0,147200
NIFTY-III.NFO,04/07/2024,09:41:16,24632.15,24633.65,150,24635,25,25,147200
NIFTY-III.NFO,04/07/2024,09:41:18,24635,24635,25,24639.95,175,25,147200
NIFTY-III.NFO,04/07/2024,09:41:20,24635,24635,100,24639.95,300,0,147200
NIFTY-III.NFO,04/07/2024,09:41:21,24635,24635.05,150,24639.95,100,0,147200
NIFTY-III.NFO,04/07/2024,09:41:23,24635,24635,25,24639.8,175,0,147200
NIFTY-III.NFO,04/07/2024,09:41:25,24635,24635.05,150,24640,175,0,147200
NIFTY-III.NFO,04/07/2024,09:41:26,24635,24635.4,150,24640,175,0,147200
NIFTY-III.NFO,04/07/2024,09:41:28,24635,24635.05,150,24639.9,25,0,147200
NIFTY-III.NFO,04/07/2024,09:41:30,24635,24635.1,150,24638,25,0,147200
NIFTY-III.NFO,04/07/2024,09:41:32,24638,24635.05,150,24639.9,25,25,147200
NIFTY-III.NFO,04/07/2024,09:41:33,24638,24638,25,24639.9,25,0,147200
NIFTY-III.NFO,04/07/2024,09:41:35,24638,24638.05,150,24639.9,25,0,147200
NIFTY-III.NFO,04/07/2024,09:41:38,24638,24638.05,75,24639.9,25,0,147200
NIFTY-III.NFO,04/07/2024,09:41:40,24638,24638.05,150,24639.9,25,0,147200
NIFTY-III.NFO,04/07/2024,09:41:45,24638.05,24638.05,150,24639.9,25,25,147200
NIFTY-III.NFO,04/07/2024,09:41:47,24638.05,24638.1,50,24639.9,25,0,147200
NIFTY-III.NFO,04/07/2024,09:41:48,24638.05,24638.05,25,24639.9,25,0,147200
NIFTY-III.NFO,04/07/2024,09:41:50,24638.05,24638.05,25,24638.1,25,0,147200
NIFTY-III.NFO,04/07/2024,09:41:52,24638.1,24638.1,25,24639.9,25,25,147200
NIFTY-III.NFO,04/07/2024,09:41:53,24638.1,24638.15,25,24639.9,25,0,147200
NIFTY-III.NFO,04/07/2024,09:41:55,24640,24638,25,24640,100,100,147200
NIFTY-III.NFO,04/07/2024,09:41:57,24640,24638,25,24640,100,0,147200
NIFTY-III.NFO,04/07/2024,09:41:58,24640,24638,100,24642.95,175,100,147200
NIFTY-III.NFO,04/07/2024,09:42:00,24640,24638,100,24644.4,175,0,147200
NIFTY-III.NFO,04/07/2024,09:42:02,24640,24640,125,24644.4,100,0,147200
NIFTY-III.NFO,04/07/2024,09:42:03,24640,24640,50,24643.65,100,0,147200
NIFTY-III.NFO,04/07/2024,09:42:05,24640,24640,50,24644.25,175,0,147200
NIFTY-III.NFO,04/07/2024,09:42:07,24640,24640,50,24644.25,100,0,147200
NIFTY-III.NFO,04/07/2024,09:42:08,24640,24640,50,24644.4,175,0,147200
NIFTY-III.NFO,04/07/2024,09:42:10,24640,24640,50,24644.3,100,0,147200
NIFTY-III.NFO,04/07/2024,09:42:12,24640,24640.05,100,24644.45,50,0,147200
NIFTY-III.NFO,04/07/2024,09:42:13,24640,24640,50,24644.4,175,0,147200
NIFTY-III.NFO,04/07/2024,09:42:17,24640,24640,50,24644.4,300,0,147200
NIFTY-III.NFO,04/07/2024,09:42:18,24640,24640,50,24644.4,100,0,147200
NIFTY-III.NFO,04/07/2024,09:42:20,24640,24640,50,24644.4,175,0,147200
NIFTY-III.NFO,04/07/2024,09:42:29,24640,24640,50,24644.15,175,0,147200
NIFTY-III.NFO,04/07/2024,09:42:31,24640,24640,75,24644.15,175,0,147200
NIFTY-III.NFO,04/07/2024,09:42:32,24640,24640,75,24644.4,175,0,147200
NIFTY-III.NFO,04/07/2024,09:42:34,24640,24640.05,100,24644.45,50,0,147200
NIFTY-III.NFO,04/07/2024,09:42:36,24640,24640.5,25,24644.35,50,0,147200
NIFTY-III.NFO,04/07/2024,09:42:37,24640,24640.5,25,24644.3,175,0,147200
NIFTY-III.NFO,04/07/2024,09:42:39,24640,24640.5,25,24644.3,100,0,147200
NIFTY-III.NFO,04/07/2024,09:42:42,24640,24640.55,100,24644.35,50,0,147200
NIFTY-III.NFO,04/07/2024,09:42:44,24640,24640.5,25,24644.3,100,0,147200
NIFTY-III.NFO,04/07/2024,09:42:46,24640,24640.5,25,24644.3,125,0,147200
NIFTY-III.NFO,04/07/2024,09:42:47,24640,24640.5,25,24644.35,50,0,147200
NIFTY-III.NFO,04/07/2024,09:42:49,24640,24640.55,75,24644.35,50,0,147200
NIFTY-III.NFO,04/07/2024,09:42:50,24640,24640.5,25,24644.3,100,0,147200
NIFTY-III.NFO,04/07/2024,09:42:52,24640,24640.5,25,24644.35,50,0,147200
NIFTY-III.NFO,04/07/2024,09:42:54,24640,24640.55,25,24643.95,100,0,147200
NIFTY-III.NFO,04/07/2024,09:42:55,24640,24640.55,25,24643.3,100,0,147200
NIFTY-III.NFO,04/07/2024,09:42:57,24640,24640.55,25,24644.05,100,0,147200
NIFTY-III.NFO,04/07/2024,09:42:59,24640,24640.55,25,24644.05,125,0,147200
NIFTY-III.NFO,04/07/2024,09:43:00,24640,24640.55,25,24644.05,100,0,147200
NIFTY-III.NFO,04/07/2024,09:43:02,24640,24640.6,100,24644.8,125,0,147200
NIFTY-III.NFO,04/07/2024,09:43:03,24640,24640.55,25,24644,100,0,147200
NIFTY-III.NFO,04/07/2024,09:43:07,24640,24640.55,25,24643.25,100,0,147200
NIFTY-III.NFO,04/07/2024,09:43:08,24640,24640.55,25,24644.8,100,0,147200
NIFTY-III.NFO,04/07/2024,09:43:10,24640,24640.55,25,24644.4,125,0,147200
NIFTY-III.NFO,04/07/2024,09:43:12,24640,24640.55,25,24644.35,100,0,147200
NIFTY-III.NFO,04/07/2024,09:43:15,24640,24640.6,25,24644.85,50,0,147200
NIFTY-III.NFO,04/07/2024,09:43:16,24640,24640.6,100,24644.85,50,0,147200
NIFTY-III.NFO,04/07/2024,09:43:18,24644.85,24643.8,100,24645,25,50,147200
NIFTY-III.NFO,04/07/2024,09:43:20,24644.85,24644.85,25,24645,25,0,147200
NIFTY-III.NFO,04/07/2024,09:43:21,24643.85,24643.55,50,24645,25,50,147200
NIFTY-III.NFO,04/07/2024,09:43:23,24643.85,24643.4,75,24645,25,0,147200
NIFTY-III.NFO,04/07/2024,09:43:25,24645,24643.95,75,24648.65,100,25,147200
NIFTY-III.NFO,04/07/2024,09:43:26,24645,24643.35,125,24648.65,100,0,147200
NIFTY-III.NFO,04/07/2024,09:43:28,24645,24644,75,24648.65,100,0,147200
NIFTY-III.NFO,04/07/2024,09:43:29,24645,24644.05,50,24648.95,100,0,147200
NIFTY-III.NFO,04/07/2024,09:43:31,24645,24645.4,75,24649,50,0,147200
NIFTY-III.NFO,04/07/2024,09:43:33,24645,24647.25,50,24649,50,0,147200
NIFTY-III.NFO,04/07/2024,09:43:34,24647.35,24646.8,25,24649,50,25,147200
NIFTY-III.NFO,04/07/2024,09:43:36,24647.35,24647.5,25,24649,50,0,147200
NIFTY-III.NFO,04/07/2024,09:43:38,24649,24646.65,150,24649.7,25,50,147450
NIFTY-III.NFO,04/07/2024,09:43:39,24649,24646.65,75,24649.7,25,0,147450
NIFTY-III.NFO,04/07/2024,09:43:41,24649.95,24649.95,25,24650,2350,75,147450
NIFTY-III.NFO,04/07/2024,09:43:43,24649.95,24649.95,25,24650,2350,0,147450
NIFTY-III.NFO,04/07/2024,09:43:46,24650,24646.65,75,24650,2275,75,147450
NIFTY-III.NFO,04/07/2024,09:43:48,24650,24646.1,75,24650,2200,75,147450
NIFTY-III.NFO,04/07/2024,09:43:49,24650,24646.3,150,24650,2150,50,147450
NIFTY-III.NFO,04/07/2024,09:43:51,24650,24645.3,75,24650,2100,50,147450
NIFTY-III.NFO,04/07/2024,09:43:53,24650,24645.3,75,24650,2075,25,147450
NIFTY-III.NFO,04/07/2024,09:43:54,24650,24645.3,75,24650,2025,50,147450
NIFTY-III.NFO,04/07/2024,09:43:56,24650,24645.3,75,24650,2025,0,147450
NIFTY-III.NFO,04/07/2024,09:43:58,24650,24645.3,75,24650,1925,100,147450
NIFTY-III.NFO,04/07/2024,09:43:59,24650,24649.5,125,24650,1825,100,147450
NIFTY-III.NFO,04/07/2024,09:44:01,24649.5,24649.5,50,24650,1525,325,147450
NIFTY-III.NFO,04/07/2024,09:44:02,24650,24649.7,150,24650,1150,400,147450
NIFTY-III.NFO,04/07/2024,09:44:04,24655,24652.55,75,24658,125,1500,147450
NIFTY-III.NFO,04/07/2024,09:44:04,24655,24652.55,75,24658,125,0,147450
NIFTY-III.NFO,04/07/2024,09:44:06,24657.95,24651.65,25,24658,50,25,147450
NIFTY-III.NFO,04/07/2024,09:44:06,24657.95,24651.65,25,24658,50,0,147450
NIFTY-III.NFO,04/07/2024,09:44:07,24657.95,24653,25,24658,50,0,147450
NIFTY-III.NFO,04/07/2024,09:44:09,24657.95,24653,25,24657.95,200,0,147450
NIFTY-III.NFO,04/07/2024,09:44:11,24654.8,24655.55,200,24657.95,200,25,147450
NIFTY-III.NFO,04/07/2024,09:44:12,24654.8,24654.8,75,24657.95,200,0,147450
NIFTY-III.NFO,04/07/2024,09:44:14,24654.8,24656.4,75,24657.95,200,0,147450
NIFTY-III.NFO,04/07/2024,09:44:15,24658,24658,75,24659.9,25,250,147450
NIFTY-III.NFO,04/07/2024,09:44:15,24658,24658,75,24659.9,25,0,147450
NIFTY-III.NFO,04/07/2024,09:44:17,24658,24656.75,75,24659.9,25,0,147450
NIFTY-III.NFO,04/07/2024,09:44:19,24658,24657.4,75,24659.9,25,0,147450
NIFTY-III.NFO,04/07/2024,09:44:20,24658,24655.95,75,24659.9,25,0,147450
NIFTY-III.NFO,04/07/2024,09:44:22,24658,24656.65,325,24659.9,25,0,147450
NIFTY-III.NFO,04/07/2024,09:44:24,24658,24655.9,325,24659.9,25,0,147450
NIFTY-III.NFO,04/07/2024,09:44:25,24658,24658,1800,24659.9,25,0,147450
NIFTY-III.NFO,04/07/2024,09:44:27,24658,24658,1875,24659.9,25,0,147450
NIFTY-III.NFO,04/07/2024,09:44:29,24658,24658.75,325,24659.9,25,0,147450
NIFTY-III.NFO,04/07/2024,09:44:30,24658,24658,1825,24659.9,25,0,147450
NIFTY-III.NFO,04/07/2024,09:44:32,24660,24659.9,250,24660,375,250,147450
NIFTY-III.NFO,04/07/2024,09:44:32,24660,24659.9,250,24660,375,0,147450
NIFTY-III.NFO,04/07/2024,09:44:34,24660,24659.35,250,24660,375,0,147450
NIFTY-III.NFO,04/07/2024,09:44:36,24660,24659.3,200,24660,50,325,147450
NIFTY-III.NFO,04/07/2024,09:44:37,24660,24658.95,125,24660,150,0,147450
NIFTY-III.NFO,04/07/2024,09:44:39,24660,24660,1650,24662,25,150,147450
NIFTY-III.NFO,04/07/2024,09:44:42,24660,24660.1,200,24662,25,0,147450
NIFTY-III.NFO,04/07/2024,09:44:44,24662,24660,1750,24664.95,100,25,147450
NIFTY-III.NFO,04/07/2024,09:44:44,24662,24660,1750,24664.95,100,0,147450
NIFTY-III.NFO,04/07/2024,09:44:46,24662,24660.45,75,24664.95,100,0,147450
NIFTY-III.NFO,04/07/2024,09:44:47,24662,24660,1775,24664.95,100,0,147450
NIFTY-III.NFO,04/07/2024,09:44:49,24665,24665,1500,24666.3,100,150,147450
NIFTY-III.NFO,04/07/2024,09:44:49,24665,24665,1500,24666.3,100,0,147450
NIFTY-III.NFO,04/07/2024,09:44:51,24665,24665,1500,24666,25,0,147450
NIFTY-III.NFO,04/07/2024,09:44:57,24665,24665,1475,24666,25,25,147450
NIFTY-III.NFO,04/07/2024,09:44:59,24669.3,24664.15,100,24670,75,1475,147450
NIFTY-III.NFO,04/07/2024,09:44:59,24669.3,24664.15,100,24670,75,0,147450
NIFTY-III.NFO,04/07/2024,09:45:01,24670,24665.8,100,24670,50,25,147450
NIFTY-III.NFO,04/07/2024,09:45:01,24670,24665.8,100,24670,50,0,147450
NIFTY-III.NFO,04/07/2024,09:45:02,24666,24666.3,100,24670,50,25,147450
NIFTY-III.NFO,04/07/2024,09:45:04,24666,24665.35,100,24670,50,0,147450
NIFTY-III.NFO,04/07/2024,09:45:06,24666,24665,25,24670,125,0,147450
NIFTY-III.NFO,04/07/2024,09:45:07,24666,24666,200,24670,50,0,147450
NIFTY-III.NFO,04/07/2024,09:45:09,24666,24666,200,24669.9,100,0,147450
NIFTY-III.NFO,04/07/2024,09:45:11,24666,24666,200,24669.15,75,0,147450
NIFTY-III.NFO,04/07/2024,09:45:12,24666,24667,25,24669,175,25,147450
NIFTY-III.NFO,04/07/2024,09:45:14,24666,24667,25,24668.35,175,0,147450
NIFTY-III.NFO,04/07/2024,09:45:16,24670,24667,25,24669.5,75,100,147450
NIFTY-III.NFO,04/07/2024,09:45:17,24670,24667,25,24670.6,100,0,147450
NIFTY-III.NFO,04/07/2024,09:45:19,24670,24667,25,24669.05,175,0,147450
NIFTY-III.NFO,04/07/2024,09:45:21,24669.9,24667,25,24669.6,175,200,147450
NIFTY-III.NFO,04/07/2024,09:45:22,24667,24666,75,24669.6,75,25,147450
NIFTY-III.NFO,04/07/2024,09:45:24,24667,24666,75,24669.9,225,0,147450
NIFTY-III.NFO,04/07/2024,09:45:26,24667,24666.05,100,24669.9,150,0,147450
NIFTY-III.NFO,04/07/2024,09:45:27,24667,24666,75,24669.9,150,0,147450
NIFTY-III.NFO,04/07/2024,09:45:29,24669.9,24666.05,100,24669.9,125,25,147450
NIFTY-III.NFO,04/07/2024,09:45:31,24666,24666.05,100,24669.9,125,125,147450
NIFTY-III.NFO,04/07/2024,09:45:32,24666,24666.05,100,24669.9,125,0,147450
NIFTY-III.NFO,04/07/2024,09:45:34,24666,24666,50,24669.9,125,0,147450
NIFTY-III.NFO,04/07/2024,09:45:36,24666,24666.05,100,24669.9,125,0,147450
NIFTY-III.NFO,04/07/2024,09:45:39,24666,24666.5,100,24669.9,125,0,147450
NIFTY-III.NFO,04/07/2024,09:45:41,24666.5,24666.5,75,24669.9,125,25,147450
NIFTY-III.NFO,04/07/2024,09:45:42,24666.5,24666.25,150,24669.9,125,0,147450
NIFTY-III.NFO,04/07/2024,09:45:46,24666.5,24666.5,150,24669.9,125,0,147450
NIFTY-III.NFO,04/07/2024,09:45:47,24666.5,24666.45,200,24669.9,125,75,147450
NIFTY-III.NFO,04/07/2024,09:45:49,24666.5,24667.75,200,24669.9,125,0,147450
NIFTY-III.NFO,04/07/2024,09:45:51,24670,24668.95,75,24670,50,175,147450
NIFTY-III.NFO,04/07/2024,09:45:52,24670.6,24670.2,575,24672,25,100,147450
NIFTY-III.NFO,04/07/2024,09:45:52,24670.6,24670.2,575,24672,25,0,147450
NIFTY-III.NFO,04/07/2024,09:45:54,24670.6,24671.45,75,24672,25,0,147450
NIFTY-III.NFO,04/07/2024,09:45:56,24670.6,24670.6,25,24672,25,0,147450
NIFTY-III.NFO,04/07/2024,09:45:57,24670.3,24669.75,125,24672,25,100,147450
NIFTY-III.NFO,04/07/2024,09:45:59,24670.3,24669.75,125,24672,25,0,147450
NIFTY-III.NFO,04/07/2024,09:46:01,24670.3,24668.5,125,24672,25,0,147450
NIFTY-III.NFO,04/07/2024,09:46:02,24670.3,24666.9,125,24671.95,175,0,147450
NIFTY-III.NFO,04/07/2024,09:46:04,24671.95,24670,50,24672,25,25,147450
NIFTY-III.NFO,04/07/2024,09:46:04,24671.95,24670,50,24672,25,0,147450
NIFTY-III.NFO,04/07/2024,09:46:06,24671.95,24670,50,24671.95,100,0,147450
NIFTY-III.NFO,04/07/2024,09:46:07,24670,24665.85,325,24671.95,200,50,147450
NIFTY-III.NFO,04/07/2024,09:46:09,24670,24666.05,200,24671.95,200,0,147450
NIFTY-III.NFO,04/07/2024,09:46:11,24670,24666.05,125,24671.7,100,0,147450
NIFTY-III.NFO,04/07/2024,09:46:12,24664.55,24665.45,25,24666.9,50,50,147450
NIFTY-III.NFO,04/07/2024,09:46:14,24666.9,24663.25,75,24666.9,100,25,147450
NIFTY-III.NFO,04/07/2024,09:46:16,24666.9,24665.6,25,24666.9,25,0,147450
NIFTY-III.NFO,04/07/2024,09:46:19,24664.55,24665.6,25,24666.9,25,50,147450
NIFTY-III.NFO,04/07/2024,09:46:21,24666.9,24665.6,25,24669.05,175,25,147450
NIFTY-III.NFO,04/07/2024,09:46:22,24666.9,24665.6,25,24667.45,75,0,147450
NIFTY-III.NFO,04/07/2024,09:46:24,24667.6,24665.4,25,24669.45,175,200,147450
NIFTY-III.NFO,04/07/2024,09:46:26,24667.6,24665.4,25,24669.45,175,0,147450
NIFTY-III.NFO,04/07/2024,09:46:27,24667.6,24664.55,25,24669.95,175,0,147450
NIFTY-III.NFO,04/07/2024,09:46:29,24667.6,24663.6,100,24669.95,175,0,147450
NIFTY-III.NFO,04/07/2024,09:46:30,24667.6,24662.9,175,24669.35,100,0,147450
NIFTY-III.NFO,04/07/2024,09:46:32,24667.6,24663.6,25,24667.55,175,0,147450
NIFTY-III.NFO,04/07/2024,09:46:34,24663.6,24662.6,175,24667.6,100,25,147450
NIFTY-III.NFO,04/07/2024,09:46:35,24663.6,24662.05,100,24667.55,100,0,147450
NIFTY-III.NFO,04/07/2024,09:46:37,24663.6,24662.85,100,24662.9,275,0,147450
NIFTY-III.NFO,04/07/2024,09:46:42,24662.9,24663.2,175,24667.6,25,275,150625
NIFTY-III.NFO,04/07/2024,09:46:44,24662.9,24663.05,175,24667.6,25,0,150625
NIFTY-III.NFO,04/07/2024,09:46:45,24662.9,24662.65,175,24667.6,100,0,150625
NIFTY-III.NFO,04/07/2024,09:46:47,24662.9,24662.6,225,24663.05,25,0,150625
NIFTY-III.NFO,04/07/2024,09:46:49,24663.05,24663.4,300,24667.6,25,25,150625
NIFTY-III.NFO,04/07/2024,09:46:50,24663.4,24663.95,75,24669.4,100,25,150625
NIFTY-III.NFO,04/07/2024,09:46:52,24663.4,24663.45,75,24665,25,0,150625
NIFTY-III.NFO,04/07/2024,09:46:54,24669.4,24663.5,100,24669.4,175,125,150625
NIFTY-III.NFO,04/07/2024,09:46:55,24663.5,24663.6,150,24669.4,175,25,150625
NIFTY-III.NFO,04/07/2024,09:46:57,24663.5,24663.5,150,24669.4,175,0,150625
NIFTY-III.NFO,04/07/2024,09:46:59,24664,24663.6,75,24664,75,25,150625
NIFTY-III.NFO,04/07/2024,09:47:00,24664,24663.45,25,24664,75,0,150625
NIFTY-III.NFO,04/07/2024,09:47:02,24664,24663.85,150,24669.4,175,75,150625
NIFTY-III.NFO,04/07/2024,09:47:04,24664,24663.45,25,24668.5,100,0,150625
NIFTY-III.NFO,04/07/2024,09:47:05,24664,24663.45,25,24666.45,100,0,150625
NIFTY-III.NFO,04/07/2024,09:47:07,24664,24663.45,25,24663.5,25,0,150625
NIFTY-III.NFO,04/07/2024,09:47:10,24663.5,24663.45,25,24667,100,25,150625
NIFTY-III.NFO,04/07/2024,09:47:12,24663.5,24663.45,25,24666.35,100,0,150625
NIFTY-III.NFO,04/07/2024,09:47:14,24660.3,24660,100,24665.65,100,125,150625
NIFTY-III.NFO,04/07/2024,09:47:15,24660.3,24660,100,24664.3,100,0,150625
NIFTY-III.NFO,04/07/2024,09:47:17,24664.3,24660,100,24664.3,75,25,150625
NIFTY-III.NFO,04/07/2024,09:47:19,24660,24660,75,24660.3,150,25,150625
NIFTY-III.NFO,04/07/2024,09:47:20,24660,24660,75,24660.3,150,0,150625
NIFTY-III.NFO,04/07/2024,09:47:23,24660,24660,50,24660.3,150,25,150625
NIFTY-III.NFO,04/07/2024,09:47:25,24662.95,24660,50,24663.95,100,200,150625
NIFTY-III.NFO,04/07/2024,09:47:27,24662.95,24660,50,24663.95,100,0,150625
NIFTY-III.NFO,04/07/2024,09:47:29,24660,24660,25,24663.95,100,25,150625
NIFTY-III.NFO,04/07/2024,09:47:30,24660,24660,25,24663.95,100,0,150625
NIFTY-III.NFO,04/07/2024,09:47:32,24660,24660,25,24662.95,25,0,150625
NIFTY-III.NFO,04/07/2024,09:47:34,24660,24660,200,24663,25,0,150625
NIFTY-III.NFO,04/07/2024,09:47:35,24660,24660,75,24663,25,125,150625
NIFTY-III.NFO,04/07/2024,09:47:37,24663,24660,75,24663.95,25,25,150625
NIFTY-III.NFO,04/07/2024,09:47:39,24660,24660.05,175,24664,25,25,150625
NIFTY-III.NFO,04/07/2024,09:47:40,24660,24660,125,24664,25,0,150625
NIFTY-III.NFO,04/07/2024,09:47:42,24660,24660.05,175,24664,25,0,150625
NIFTY-III.NFO,04/07/2024,09:47:44,24664,24661.4,175,24665,25,25,150625
NIFTY-III.NFO,04/07/2024,09:47:45,24664,24660.1,175,24665,25,0,150625
NIFTY-III.NFO,04/07/2024,09:47:47,24660.1,24660.4,300,24665,25,25,150625
NIFTY-III.NFO,04/07/2024,09:47:49,24660.1,24660.45,175,24665,25,0,150625
NIFTY-III.NFO,04/07/2024,09:47:50,24660.1,24661.05,175,24665,25,0,150625
NIFTY-III.NFO,04/07/2024,09:47:52,24660.1,24660.05,100,24664.95,125,0,150625
NIFTY-III.NFO,04/07/2024,09:47:54,24660.1,24660.25,175,24665,25,0,150625
NIFTY-III.NFO,04/07/2024,09:47:55,24660.1,24660.05,175,24664.95,125,0,150625
NIFTY-III.NFO,04/07/2024,09:47:57,24660.1,24660.05,175,24665,25,0,150625
NIFTY-III.NFO,04/07/2024,09:47:59,24660.1,24660.3,175,24663,25,0,150625
NIFTY-III.NFO,04/07/2024,09:48:00,24660.1,24660.4,175,24663,25,0,150625
NIFTY-III.NFO,04/07/2024,09:48:02,24660.1,24660.75,175,24663,25,0,150625
NIFTY-III.NFO,04/07/2024,09:48:04,24663,24662.45,100,24665,25,25,150625
NIFTY-III.NFO,04/07/2024,09:48:05,24663,24662.75,175,24665,25,0,150625
NIFTY-III.NFO,04/07/2024,09:48:07,24663,24662.6,175,24665,25,0,150625
NIFTY-III.NFO,04/07/2024,09:48:09,24661.55,24661.7,175,24665,25,25,150625
NIFTY-III.NFO,04/07/2024,09:48:10,24661.55,24662.7,100,24665,50,0,150625
NIFTY-III.NFO,04/07/2024,09:48:12,24661.55,24662.55,100,24665,50,0,150625
NIFTY-III.NFO,04/07/2024,09:48:14,24661.55,24662.8,100,24665,50,0,150625
NIFTY-III.NFO,04/07/2024,09:48:15,24661.55,24663.75,175,24665,75,0,150625
NIFTY-III.NFO,04/07/2024,09:48:17,24665,24663.65,175,24665,50,25,150625
NIFTY-III.NFO,04/07/2024,09:48:19,24665,24664.6,100,24668.45,50,50,150625
NIFTY-III.NFO,04/07/2024,09:48:20,24665,24663.85,175,24668.45,50,0,150625
NIFTY-III.NFO,04/07/2024,09:48:22,24665,24664.45,175,24668.45,50,0,150625
NIFTY-III.NFO,04/07/2024,09:48:24,24665,24664.35,175,24668.45,50,0,150625
NIFTY-III.NFO,04/07/2024,09:48:27,24665,24664.05,175,24668.45,50,0,150625
NIFTY-III.NFO,04/07/2024,09:48:28,24665,24664.05,100,24668.45,50,0,150625
NIFTY-III.NFO,04/07/2024,09:48:30,24665,24663.85,100,24668.45,125,0,150625
NIFTY-III.NFO,04/07/2024,09:48:31,24665,24663.75,175,24668.45,50,0,150625
NIFTY-III.NFO,04/07/2024,09:48:33,24665,24664.2,175,24668.45,50,0,150625
NIFTY-III.NFO,04/07/2024,09:48:35,24665,24664.2,100,24665,25,0,150625
NIFTY-III.NFO,04/07/2024,09:48:36,24665,24664.1,100,24665,25,0,150625
NIFTY-III.NFO,04/07/2024,09:48:38,24664.1,24662.5,100,24665,25,25,150625
NIFTY-III.NFO,04/07/2024,09:48:40,24664.1,24662.45,100,24665,25,0,150625
NIFTY-III.NFO,04/07/2024,09:48:41,24664.1,24662.05,100,24665,25,0,150625
NIFTY-III.NFO,04/07/2024,09:48:43,24664.1,24662.9,100,24665,25,0,150625
NIFTY-III.NFO,04/07/2024,09:48:46,24664.1,24662.85,250,24665,25,0,150625
NIFTY-III.NFO,04/07/2024,09:48:48,24664.1,24662.3,100,24665,25,0,150625
NIFTY-III.NFO,04/07/2024,09:48:50,24664.1,24663.25,100,24665,25,0,150625
NIFTY-III.NFO,04/07/2024,09:48:51,24664.1,24664.5,350,24665,25,0,150625
NIFTY-III.NFO,04/07/2024,09:48:53,24665.3,24665.3,125,24668.45,50,100,150625
NIFTY-III.NFO,04/07/2024,09:48:54,24665.3,24664.55,50,24668.45,50,0,150625
NIFTY-III.NFO,04/07/2024,09:48:56,24665.3,24663.85,50,24668.4,175,0,150625
NIFTY-III.NFO,04/07/2024,09:48:58,24665.3,24664.25,50,24668.45,50,0,150625
NIFTY-III.NFO,04/07/2024,09:49:01,24668.45,24662.85,125,24669.65,100,50,150625
NIFTY-III.NFO,04/07/2024,09:49:03,24668.45,24662.85,125,24669.55,175,0,150625
NIFTY-III.NFO,04/07/2024,09:49:04,24668.45,24663,250,24669.55,175,0,150625
NIFTY-III.NFO,04/07/2024,09:49:08,24668.45,24668.45,25,24669.35,175,0,150625
NIFTY-III.NFO,04/07/2024,09:49:11,24668.45,24663.95,125,24669.7,100,25,150625
NIFTY-III.NFO,04/07/2024,09:49:12,24668.45,24663.75,125,24669.3,100,0,150625
NIFTY-III.NFO,04/07/2024,09:49:14,24668.45,24663.4,125,24669.3,100,0,150625
NIFTY-III.NFO,04/07/2024,09:49:16,24668.45,24663.1,125,24669.3,100,0,150625
NIFTY-III.NFO,04/07/2024,09:49:17,24668.45,24663.75,125,24669.3,100,0,150625
NIFTY-III.NFO,04/07/2024,09:49:19,24668.45,24664.1,125,24668.45,25,0,150625
NIFTY-III.NFO,04/07/2024,09:49:20,24668.45,24666.35,325,24668.45,25,0,150625
NIFTY-III.NFO,04/07/2024,09:49:22,24668.45,24665.9,125,24668.45,25,0,150625
NIFTY-III.NFO,04/07/2024,09:49:24,24668.45,24667.7,75,24669.35,25,25,150625
NIFTY-III.NFO,04/07/2024,09:49:25,24668.45,24667.65,200,24669.35,25,0,150625
NIFTY-III.NFO,04/07/2024,09:49:27,24668.45,24666.45,200,24669.35,25,0,150625
NIFTY-III.NFO,04/07/2024,09:49:29,24668.45,24665.25,125,24669.35,25,0,150625
NIFTY-III.NFO,04/07/2024,09:49:30,24668.45,24664.9,50,24669.3,100,0,150625
NIFTY-III.NFO,04/07/2024,09:49:32,24668.45,24664.9,125,24668,25,0,150625
NIFTY-III.NFO,04/07/2024,09:49:34,24668.45,24664.9,50,24668,25,0,150625
NIFTY-III.NFO,04/07/2024,09:49:35,24668.45,24664.7,50,24668,25,0,150625
NIFTY-III.NFO,04/07/2024,09:49:37,24668.3,24664.65,375,24668.45,100,100,150625
NIFTY-III.NFO,04/07/2024,09:49:39,24664.75,24663.45,50,24664.9,25,50,151225
NIFTY-III.NFO,04/07/2024,09:49:40,24664.75,24663.65,50,24664.9,25,0,151225
NIFTY-III.NFO,04/07/2024,09:49:44,24664.75,24663.4,50,24664.75,300,0,151225
NIFTY-III.NFO,04/07/2024,09:49:45,24664.75,24664.1,375,24664.75,300,0,151225
NIFTY-III.NFO,04/07/2024,09:49:47,24664.75,24664.2,50,24664.75,50,250,151225
NIFTY-III.NFO,04/07/2024,09:49:49,24664.75,24663.4,50,24664.75,50,0,151225
NIFTY-III.NFO,04/07/2024,09:49:52,24664.75,24664,25,24664.75,50,0,151225
NIFTY-III.NFO,04/07/2024,09:49:59,24664,24661.85,100,24664.75,100,25,151225
NIFTY-III.NFO,04/07/2024,09:50:00,24664,24662.65,125,24664.75,100,0,151225
NIFTY-III.NFO,04/07/2024,09:50:02,24664,24663.45,125,24664.75,100,0,151225
NIFTY-III.NFO,04/07/2024,09:50:04,24664.75,24663.5,125,24664.75,75,75,151225
NIFTY-III.NFO,04/07/2024,09:50:05,24664.75,24663.1,250,24664.75,75,0,151225
NIFTY-III.NFO,04/07/2024,09:50:07,24662.65,24662.5,250,24664,25,25,151225
NIFTY-III.NFO,04/07/2024,09:50:09,24662.65,24662.1,125,24664,25,0,151225
NIFTY-III.NFO,04/07/2024,09:50:10,24662.65,24662.1,125,24664,75,0,151225
NIFTY-III.NFO,04/07/2024,09:50:15,24662.65,24662.7,250,24664,75,0,151225
NIFTY-III.NFO,04/07/2024,09:50:17,24662.65,24662.4,125,24664,75,0,151225
NIFTY-III.NFO,04/07/2024,09:50:19,24662.65,24662.15,425,24664,75,0,151225
NIFTY-III.NFO,04/07/2024,09:50:20,24664,24663.85,250,24664,25,50,151225
NIFTY-III.NFO,04/07/2024,09:50:22,24664,24663,250,24664,25,0,151225
NIFTY-III.NFO,04/07/2024,09:50:25,24664,24663.05,50,24664,25,0,151225
NIFTY-III.NFO,04/07/2024,09:50:27,24664,24662.65,125,24664.75,25,25,151225
NIFTY-III.NFO,04/07/2024,09:50:28,24664,24664.1,50,24664.75,25,25,151225
NIFTY-III.NFO,04/07/2024,09:50:30,24664,24664.1,50,24664.75,25,0,151225
NIFTY-III.NFO,04/07/2024,09:50:31,24662.25,24662,50,24664.75,25,100,151225
NIFTY-III.NFO,04/07/2024,09:50:33,24662.25,24662.15,125,24664.75,25,0,151225
NIFTY-III.NFO,04/07/2024,09:50:35,24662.25,24663.3,425,24664.75,25,0,151225
NIFTY-III.NFO,04/07/2024,09:50:36,24662.25,24662.6,250,24664.75,25,0,151225
NIFTY-III.NFO,04/07/2024,09:50:38,24662.25,24662.75,125,24664.75,25,0,151225
NIFTY-III.NFO,04/07/2024,09:50:40,24662.25,24662.65,50,24664.75,25,0,151225
NIFTY-III.NFO,04/07/2024,09:50:41,24662.25,24662.55,50,24664.75,25,0,151225
NIFTY-III.NFO,04/07/2024,09:50:43,24664.75,24662.7,125,24668.4,175,25,151225
NIFTY-III.NFO,04/07/2024,09:50:44,24668.4,24662.9,175,24668.4,125,100,151225
NIFTY-III.NFO,04/07/2024,09:50:46,24662.9,24662.9,50,24668.4,125,25,151225
NIFTY-III.NFO,04/07/2024,09:50:48,24662.9,24662.75,100,24668.4,125,0,151225
NIFTY-III.NFO,04/07/2024,09:50:49,24662.9,24662.4,175,24668.4,125,0,151225
NIFTY-III.NFO,04/07/2024,09:50:51,24662.9,24663.65,75,24668.4,50,0,151225
NIFTY-III.NFO,04/07/2024,09:50:54,24662.9,24664.2,100,24668.45,50,0,151225
NIFTY-III.NFO,04/07/2024,09:50:56,24662.9,24664.05,100,24668.45,50,0,151225
NIFTY-III.NFO,04/07/2024,09:50:58,24662.9,24663.85,300,24665,350,0,151225
NIFTY-III.NFO,04/07/2024,09:50:59,24662.9,24663.7,125,24665,350,0,151225
NIFTY-III.NFO,04/07/2024,09:51:03,24662.9,24663.1,100,24665,350,0,151225
NIFTY-III.NFO,04/07/2024,09:51:04,24662.9,24663.2,250,24665,350,0,151225
NIFTY-III.NFO,04/07/2024,09:51:06,24662.9,24662.5,125,24665,350,0,151225
NIFTY-III.NFO,04/07/2024,09:51:08,24665,24663.05,100,24665,325,25,151225
NIFTY-III.NFO,04/07/2024,09:51:09,24665,24662.6,125,24663.1,25,0,151225
NIFTY-III.NFO,04/07/2024,09:51:11,24665,24662.4,125,24663.1,25,0,151225
NIFTY-III.NFO,04/07/2024,09:51:13,24665,24662.25,25,24663.1,25,0,151225
NIFTY-III.NFO,04/07/2024,09:51:16,24662.25,24661.55,100,24665,350,25,151225
NIFTY-III.NFO,04/07/2024,09:51:18,24662.25,24661.55,100,24665,350,0,151225
NIFTY-III.NFO,04/07/2024,09:51:20,24662.25,24663.6,125,24665,350,0,151225
NIFTY-III.NFO,04/07/2024,09:51:21,24662.25,24663.15,100,24665,350,0,151225
NIFTY-III.NFO,04/07/2024,09:51:23,24665,24666.15,175,24668.45,50,350,151225
NIFTY-III.NFO,04/07/2024,09:51:25,24665,24667.8,250,24668.45,50,0,151225
NIFTY-III.NFO,04/07/2024,09:51:26,24667.45,24667.85,175,24668.45,50,300,151225
NIFTY-III.NFO,04/07/2024,09:51:28,24667.45,24667.7,325,24668.45,50,0,151225
NIFTY-III.NFO,04/07/2024,09:51:30,24668.45,24666.6,175,24669,25,50,151225
NIFTY-III.NFO,04/07/2024,09:51:33,24669,24666.6,300,24669.35,25,25,151225
NIFTY-III.NFO,04/07/2024,09:51:35,24669,24667.2,200,24669,25,0,151225
NIFTY-III.NFO,04/07/2024,09:51:36,24669,24667.15,250,24669,25,0,151225
NIFTY-III.NFO,04/07/2024,09:51:38,24669,24667,25,24669,25,0,151225
NIFTY-III.NFO,04/07/2024,09:51:41,24669,24667,25,24669,50,0,151225
NIFTY-III.NFO,04/07/2024,09:51:48,24669,24669,50,24669.35,25,50,151225
NIFTY-III.NFO,04/07/2024,09:51:50,24669,24669,50,24669.35,25,0,151225
NIFTY-III.NFO,04/07/2024,09:52:01,24669,24669,25,24669.35,25,25,151225
NIFTY-III.NFO,04/07/2024,09:52:03,24669,24669,25,24669.35,25,0,151225
NIFTY-III.NFO,04/07/2024,09:52:05,24669.35,24669,25,24670,275,25,151225
NIFTY-III.NFO,04/07/2024,09:52:06,24669.35,24669,25,24670,275,0,151225
NIFTY-III.NFO,04/07/2024,09:52:08,24669.35,24669,25,24669.5,25,0,151225
NIFTY-III.NFO,04/07/2024,09:52:11,24669,24665.85,100,24669.5,25,25,151225
NIFTY-III.NFO,04/07/2024,09:52:13,24669,24665.85,100,24669.5,25,0,151225
NIFTY-III.NFO,04/07/2024,09:52:15,24669,24665.8,350,24669.5,25,0,151225
NIFTY-III.NFO,04/07/2024,09:52:16,24669,24666.1,100,24669.5,25,0,151225
NIFTY-III.NFO,04/07/2024,09:52:18,24669,24668,125,24669,50,0,151225
NIFTY-III.NFO,04/07/2024,09:52:20,24669,24667.65,125,24669,50,0,151225
NIFTY-III.NFO,04/07/2024,09:52:21,24669,24667.35,125,24669,50,0,151225
NIFTY-III.NFO,04/07/2024,09:52:23,24669,24667.8,225,24669,50,0,151225
NIFTY-III.NFO,04/07/2024,09:52:26,24669,24668,125,24669,50,0,151225
NIFTY-III.NFO,04/07/2024,09:52:30,24669,24667.85,225,24669,50,0,151225
NIFTY-III.NFO,04/07/2024,09:52:33,24669,24667.8,125,24669,50,0,151225
NIFTY-III.NFO,04/07/2024,09:52:35,24669,24668.5,250,24669,50,0,151225
NIFTY-III.NFO,04/07/2024,09:52:36,24669,24667.9,125,24669,50,0,151225
NIFTY-III.NFO,04/07/2024,09:52:38,24669,24665.15,100,24669,50,0,151225
NIFTY-III.NFO,04/07/2024,09:52:40,24669,24666.95,100,24669,50,0,151225
NIFTY-III.NFO,04/07/2024,09:52:41,24669,24666.9,100,24669,50,0,151225
NIFTY-III.NFO,04/07/2024,09:52:46,24669,24669,50,24669.5,25,50,151650
NIFTY-III.NFO,04/07/2024,09:52:48,24669,24669,50,24669.5,25,0,151650
NIFTY-III.NFO,04/07/2024,09:53:00,24669,24669,75,24669.5,25,0,151650
NIFTY-III.NFO,04/07/2024,09:53:03,24669,24669,25,24669.5,25,50,151650
NIFTY-III.NFO,04/07/2024,09:53:05,24669,24669,25,24669.5,25,0,151650
NIFTY-III.NFO,04/07/2024,09:53:10,24669,24669,25,24669.45,50,0,151650
NIFTY-III.NFO,04/07/2024,09:53:13,24669,24669,50,24669.45,50,0,151650
NIFTY-III.NFO,04/07/2024,09:53:16,24669,24669,50,24669.5,25,0,151650
NIFTY-III.NFO,04/07/2024,09:53:18,24669,24669,50,24669.45,50,0,151650
NIFTY-III.NFO,04/07/2024,09:53:23,24669,24669,25,24669.5,25,25,151650
NIFTY-III.NFO,04/07/2024,09:53:25,24669,24664.7,100,24669.45,75,25,151650
NIFTY-III.NFO,04/07/2024,09:53:26,24669,24665.75,125,24669,25,0,151650
NIFTY-III.NFO,04/07/2024,09:53:28,24669,24666.2,250,24669,25,0,151650
NIFTY-III.NFO,04/07/2024,09:53:29,24669,24665.65,350,24669,25,0,151650
NIFTY-III.NFO,04/07/2024,09:53:31,24669,24665.45,125,24669,50,0,151650
NIFTY-III.NFO,04/07/2024,09:53:33,24669,24664.6,100,24668.95,75,0,151650
NIFTY-III.NFO,04/07/2024,09:53:34,24664.95,24665.35,125,24669,50,50,151650
NIFTY-III.NFO,04/07/2024,09:53:36,24664.95,24665.35,125,24669,50,0,151650
NIFTY-III.NFO,04/07/2024,09:53:38,24664.95,24665.4,100,24669,50,0,151650
NIFTY-III.NFO,04/07/2024,09:53:39,24664.95,24665.35,125,24669,50,0,151650
NIFTY-III.NFO,04/07/2024,09:53:41,24669.7,24665.35,125,24668,25,100,151650
NIFTY-III.NFO,04/07/2024,09:53:43,24669.7,24665.35,125,24668,25,0,151650
NIFTY-III.NFO,04/07/2024,09:53:48,24669.7,24664.6,100,24668,25,0,151650
NIFTY-III.NFO,04/07/2024,09:53:49,24668,24664.95,125,24669.95,100,25,151650
NIFTY-III.NFO,04/07/2024,09:53:51,24668,24665,300,24669.95,25,0,151650
NIFTY-III.NFO,04/07/2024,09:53:53,24668,24665,175,24669.95,100,0,151650
NIFTY-III.NFO,04/07/2024,09:53:56,24668,24665.75,125,24669.95,25,0,151650
NIFTY-III.NFO,04/07/2024,09:53:58,24668,24665.1,175,24669.95,25,0,151650
NIFTY-III.NFO,04/07/2024,09:53:59,24668,24665.05,125,24669.95,100,0,151650
NIFTY-III.NFO,04/07/2024,09:54:01,24668,24665.1,100,24669.95,100,0,151650
NIFTY-III.NFO,04/07/2024,09:54:03,24668,24665.05,125,24668,50,0,151650
NIFTY-III.NFO,04/07/2024,09:54:06,24668,24665.1,100,24668,50,0,151650
NIFTY-III.NFO,04/07/2024,09:54:09,24668,24667.3,100,24668,50,0,151650
NIFTY-III.NFO,04/07/2024,09:54:11,24668,24668.15,75,24669.95,25,50,151650
NIFTY-III.NFO,04/07/2024,09:54:13,24668,24668.1,125,24669.95,25,0,151650
NIFTY-III.NFO,04/07/2024,09:54:14,24668,24667.4,225,24669.95,25,0,151650
NIFTY-III.NFO,04/07/2024,09:54:16,24668,24665.7,200,24669.95,25,0,151650
NIFTY-III.NFO,04/07/2024,09:54:18,24669.95,24665.75,100,24670,450,25,151650
NIFTY-III.NFO,04/07/2024,09:54:19,24670,24665.7,125,24670,200,250,151650
NIFTY-III.NFO,04/07/2024,09:54:21,24670,24664.9,125,24670,200,0,151650
NIFTY-III.NFO,04/07/2024,09:54:23,24670,24662.25,100,24665.55,75,0,151650
NIFTY-III.NFO,04/07/2024,09:54:26,24670,24662.3,100,24667.55,75,0,151650
NIFTY-III.NFO,04/07/2024,09:54:28,24670,24663.65,100,24670,475,0,151650
NIFTY-III.NFO,04/07/2024,09:54:29,24670,24663.65,75,24669.85,100,0,151650
NIFTY-III.NFO,04/07/2024,09:54:31,24670,24662.6,100,24668.55,100,0,151650
NIFTY-III.NFO,04/07/2024,09:54:33,24670,24662.6,400,24668.5,25,0,151650
NIFTY-III.NFO,04/07/2024,09:54:34,24670,24662.3,100,24668.4,100,0,151650
NIFTY-III.NFO,04/07/2024,09:54:36,24670,24662.3,175,24668.2,75,0,151650
NIFTY-III.NFO,04/07/2024,09:54:38,24670,24662.25,100,24667.55,100,0,151650
NIFTY-III.NFO,04/07/2024,09:54:39,24670,24662.25,100,24667.35,75,0,151650
NIFTY-III.NFO,04/07/2024,09:54:41,24670,24662.25,100,24666.7,175,0,151650
NIFTY-III.NFO,04/07/2024,09:54:43,24666.7,24662.25,100,24666.05,175,50,151650
NIFTY-III.NFO,04/07/2024,09:54:44,24662.25,24660,150,24663.15,25,100,151650
NIFTY-III.NFO,04/07/2024,09:54:46,24660,24658,50,24661.95,75,150,151650
NIFTY-III.NFO,04/07/2024,09:54:48,24660,24658,50,24661.15,25,0,151650
NIFTY-III.NFO,04/07/2024,09:54:49,24660,24658,50,24661.8,100,0,151650
NIFTY-III.NFO,04/07/2024,09:54:51,24660,24658,50,24660,275,0,151650
NIFTY-III.NFO,04/07/2024,09:54:53,24660,24658,50,24660,250,25,151650
NIFTY-III.NFO,04/07/2024,09:54:54,24660,24658,50,24660,250,0,151650
NIFTY-III.NFO,04/07/2024,09:54:56,24660,24658,50,24660,275,0,151650
NIFTY-III.NFO,04/07/2024,09:54:59,24657.85,24658.15,175,24660,50,250,151650
NIFTY-III.NFO,04/07/2024,09:55:01,24657.85,24657.75,175,24660,50,0,151650
NIFTY-III.NFO,04/07/2024,09:55:03,24657.85,24657.95,100,24660,75,0,151650
NIFTY-III.NFO,04/07/2024,09:55:04,24657.85,24658,100,24660,75,0,151650
NIFTY-III.NFO,04/07/2024,09:55:08,24657.85,24658,100,24660,100,0,151650
NIFTY-III.NFO,04/07/2024,09:55:09,24657.85,24658.85,175,24660,100,0,151650
NIFTY-III.NFO,04/07/2024,09:55:11,24657.85,24658.85,100,24660,200,0,151650
NIFTY-III.NFO,04/07/2024,09:55:13,24658.8,24659.2,125,24660,200,200,151650
NIFTY-III.NFO,04/07/2024,09:55:14,24658.45,24658.4,125,24660,200,25,151650
NIFTY-III.NFO,04/07/2024,09:55:16,24660,24659.9,125,24660,75,125,151650
NIFTY-III.NFO,04/07/2024,09:55:18,24660.7,24660.15,125,24664.95,175,100,151650
NIFTY-III.NFO,04/07/2024,09:55:19,24660.15,24660.35,300,24665,50,25,151650
NIFTY-III.NFO,04/07/2024,09:55:21,24660.15,24659.7,75,24664.95,175,0,151650
NIFTY-III.NFO,04/07/2024,09:55:23,24660.15,24658.45,75,24664.95,175,0,151650
NIFTY-III.NFO,04/07/2024,09:55:24,24660.15,24660.15,100,24664.9,25,0,151650
NIFTY-III.NFO,04/07/2024,09:55:26,24660.15,24660.15,100,24665,50,0,151650
NIFTY-III.NFO,04/07/2024,09:55:28,24660.15,24660,100,24664.95,100,25,151650
NIFTY-III.NFO,04/07/2024,09:55:30,24660.15,24660,25,24660.15,100,0,151650
NIFTY-III.NFO,04/07/2024,09:55:31,24660.15,24660.45,75,24665,50,100,151650
NIFTY-III.NFO,04/07/2024,09:55:33,24665,24660.9,75,24665,25,25,151650
NIFTY-III.NFO,04/07/2024,09:55:35,24665,24661.3,75,24665,25,0,151650
NIFTY-III.NFO,04/07/2024,09:55:36,24665,24660.8,200,24665,25,0,151650
NIFTY-III.NFO,04/07/2024,09:55:38,24665,24660.9,250,24665,50,0,151650
NIFTY-III.NFO,04/07/2024,09:55:40,24665,24661.3,200,24665,50,0,151650
NIFTY-III.NFO,04/07/2024,09:55:41,24665,24660.9,425,24665,50,0,151650
NIFTY-III.NFO,04/07/2024,09:55:43,24665,24660.45,200,24665,50,0,151650
NIFTY-III.NFO,04/07/2024,09:55:45,24665,24660.45,125,24665,50,0,151650
NIFTY-III.NFO,04/07/2024,09:55:46,24665,24660.3,100,24664.95,175,0,151650
NIFTY-III.NFO,04/07/2024,09:55:48,24664.95,24660,25,24664.95,175,25,152700
NIFTY-III.NFO,04/07/2024,09:55:50,24660,24660,100,24664.95,100,25,152700
NIFTY-III.NFO,04/07/2024,09:55:51,24660,24660.85,100,24665,25,0,152700
NIFTY-III.NFO,04/07/2024,09:55:53,24660,24660.25,100,24665,25,0,152700
NIFTY-III.NFO,04/07/2024,09:55:55,24660,24660.25,25,24664.95,175,0,152700
NIFTY-III.NFO,04/07/2024,09:55:57,24660,24660.25,25,24664.95,75,0,152700
NIFTY-III.NFO,04/07/2024,09:56:02,24660,24660,25,24664.9,100,0,152700
NIFTY-III.NFO,04/07/2024,09:56:03,24664.9,24660.1,125,24665,100,25,152700
NIFTY-III.NFO,04/07/2024,09:56:05,24660.1,24659.4,100,24664.95,175,25,152700
NIFTY-III.NFO,04/07/2024,09:56:07,24660.1,24659.4,100,24664.95,175,0,152700
NIFTY-III.NFO,04/07/2024,09:56:08,24660.1,24659.7,100,24665,25,0,152700
NIFTY-III.NFO,04/07/2024,09:56:10,24660.1,24660.5,100,24665,25,0,152700
NIFTY-III.NFO,04/07/2024,09:56:12,24660.1,24660.25,100,24664.95,100,0,152700
NIFTY-III.NFO,04/07/2024,09:56:13,24660.1,24659.3,100,24664.95,175,0,152700
NIFTY-III.NFO,04/07/2024,09:56:15,24660.1,24658.3,100,24664.95,175,0,152700
NIFTY-III.NFO,04/07/2024,09:56:17,24660.1,24658.95,25,24664.95,175,0,152700
NIFTY-III.NFO,04/07/2024,09:56:18,24658.95,24659.4,75,24664.95,175,25,152700
NIFTY-III.NFO,04/07/2024,09:56:20,24658.95,24660.1,100,24664.95,100,0,152700
NIFTY-III.NFO,04/07/2024,09:56:23,24658.95,24660.1,25,24664.85,175,0,152700
NIFTY-III.NFO,04/07/2024,09:56:25,24658.95,24660.1,25,24664.95,175,0,152700
NIFTY-III.NFO,04/07/2024,09:56:29,24658.95,24660.1,25,24664.65,175,0,152700
NIFTY-III.NFO,04/07/2024,09:56:31,24658.95,24660.25,50,24664.45,100,0,152700
NIFTY-III.NFO,04/07/2024,09:56:32,24658.95,24660.25,50,24664.1,175,0,152700
NIFTY-III.NFO,04/07/2024,09:56:34,24658.95,24660.25,50,24664,100,0,152700
NIFTY-III.NFO,04/07/2024,09:56:36,24658.95,24660.25,50,24664.85,175,0,152700
NIFTY-III.NFO,04/07/2024,09:56:37,24658.95,24660.25,125,24665,25,0,152700
NIFTY-III.NFO,04/07/2024,09:56:41,24658.95,24660.85,75,24665,25,0,152700
NIFTY-III.NFO,04/07/2024,09:56:42,24658.95,24660.9,250,24665,25,0,152700
NIFTY-III.NFO,04/07/2024,09:56:44,24658.95,24660.25,125,24665,25,0,152700
NIFTY-III.NFO,04/07/2024,09:56:46,24658.95,24660.25,50,24664.85,175,0,152700
NIFTY-III.NFO,04/07/2024,09:56:47,24658.95,24660.25,125,24664.95,100,0,152700
NIFTY-III.NFO,04/07/2024,09:56:49,24658.95,24660.95,200,24665,25,0,152700
NIFTY-III.NFO,04/07/2024,09:56:52,24658.95,24660.35,75,24665,25,0,152700
NIFTY-III.NFO,04/07/2024,09:56:54,24658.95,24660.3,125,24662,25,0,152700
NIFTY-III.NFO,04/07/2024,09:56:55,24658.95,24660.25,50,24662,25,0,152700
NIFTY-III.NFO,04/07/2024,09:57:02,24662.05,24662.05,50,24665,25,50,152700
NIFTY-III.NFO,04/07/2024,09:57:04,24662.4,24662.6,75,24665,25,25,152700
NIFTY-III.NFO,04/07/2024,09:57:05,24662.4,24663.35,75,24665,25,0,152700
NIFTY-III.NFO,04/07/2024,09:57:07,24662.4,24661.7,200,24665,25,0,152700
NIFTY-III.NFO,04/07/2024,09:57:10,24665,24662.4,200,24668.55,100,25,152700
NIFTY-III.NFO,04/07/2024,09:57:12,24665,24664,75,24669.95,100,0,152700
NIFTY-III.NFO,04/07/2024,09:57:13,24665,24665.75,200,24670,300,0,152700
NIFTY-III.NFO,04/07/2024,09:57:15,24665,24662.6,75,24669.2,100,0,152700
NIFTY-III.NFO,04/07/2024,09:57:17,24665,24663.1,200,24665,100,0,152700
NIFTY-III.NFO,04/07/2024,09:57:20,24665,24663.65,350,24665,100,0,152700
NIFTY-III.NFO,04/07/2024,09:57:21,24665,24664.5,200,24665,75,50,152700
NIFTY-III.NFO,04/07/2024,09:57:23,24665,24665.05,75,24669.95,100,75,152700
NIFTY-III.NFO,04/07/2024,09:57:25,24665,24665.05,75,24669.95,100,0,152700
NIFTY-III.NFO,04/07/2024,09:57:29,24665,24665,150,24669.95,175,0,152700
NIFTY-III.NFO,04/07/2024,09:57:31,24665,24665,150,24669.95,100,0,152700
NIFTY-III.NFO,04/07/2024,09:57:36,24669.95,24665.05,75,24669.95,175,25,152700
NIFTY-III.NFO,04/07/2024,09:57:38,24669.95,24665,75,24666,75,0,152700
NIFTY-III.NFO,04/07/2024,09:57:41,24669.95,24665.05,25,24666,75,0,152700
NIFTY-III.NFO,04/07/2024,09:57:43,24669.95,24665,75,24666,75,0,152700
NIFTY-III.NFO,04/07/2024,09:57:44,24669.95,24665.05,25,24666,75,0,152700
NIFTY-III.NFO,04/07/2024,09:57:46,24669.95,24665,75,24666,75,0,152700
NIFTY-III.NFO,04/07/2024,09:57:48,24669.95,24665.05,25,24666,75,0,152700
NIFTY-III.NFO,04/07/2024,09:57:49,24669.95,24665,75,24666,75,0,152700
NIFTY-III.NFO,04/07/2024,09:57:51,24665.05,24665,50,24666,25,75,152700
NIFTY-III.NFO,04/07/2024,09:57:53,24665.05,24665,50,24666,25,0,152700
NIFTY-III.NFO,04/07/2024,09:57:58,24665,24665,25,24666,25,25,152700
NIFTY-III.NFO,04/07/2024,09:57:59,24665,24665,25,24666,25,0,152700
NIFTY-III.NFO,04/07/2024,09:58:03,24665,24663.35,25,24666,25,25,152700
NIFTY-III.NFO,04/07/2024,09:58:04,24666,24664.75,25,24670,300,25,152700
NIFTY-III.NFO,04/07/2024,09:58:06,24666,24664.75,25,24669.95,100,0,152700
NIFTY-III.NFO,04/07/2024,09:58:08,24666,24663.75,25,24665,50,0,152700
NIFTY-III.NFO,04/07/2024,09:58:10,24666,24663.3,75,24665,50,0,152700
NIFTY-III.NFO,04/07/2024,09:58:11,24666,24663.5,25,24665,50,0,152700
NIFTY-III.NFO,04/07/2024,09:58:13,24665,24664.25,25,24665,25,25,152700
NIFTY-III.NFO,04/07/2024,09:58:15,24665,24664.25,25,24665,25,0,152700
NIFTY-III.NFO,04/07/2024,09:58:16,24665,24664.5,100,24669.95,175,25,152700
NIFTY-III.NFO,04/07/2024,09:58:18,24665,24664.5,100,24669.95,175,0,152700
NIFTY-III.NFO,04/07/2024,09:58:20,24664.5,24664.5,200,24669.95,100,25,152700
NIFTY-III.NFO,04/07/2024,09:58:21,24664.5,24664.5,200,24666,25,0,152700
NIFTY-III.NFO,04/07/2024,09:58:23,24664.5,24664.5,250,24666,25,0,152700
NIFTY-III.NFO,04/07/2024,09:58:25,24666,24664.5,75,24669.95,175,25,152700
NIFTY-III.NFO,04/07/2024,09:58:26,24666,24664.5,75,24669.95,175,0,152700
NIFTY-III.NFO,04/07/2024,09:58:31,24666,24664.55,125,24669.95,100,0,152700
NIFTY-III.NFO,04/07/2024,09:58:32,24664.55,24664.5,200,24669.95,175,25,152700
NIFTY-III.NFO,04/07/2024,09:58:34,24664.55,24664.85,200,24669.95,100,0,152700
NIFTY-III.NFO,04/07/2024,09:58:36,24664.55,24666,50,24669.95,175,0,152700
NIFTY-III.NFO,04/07/2024,09:58:39,24664.55,24666,50,24669.95,100,0,152700
NIFTY-III.NFO,04/07/2024,09:58:42,24664.55,24666,125,24670,300,0,152700
NIFTY-III.NFO,04/07/2024,09:58:46,24670,24668.25,300,24670,300,50,152950
NIFTY-III.NFO,04/07/2024,09:58:47,24670,24667.05,75,24670,300,0,152950
NIFTY-III.NFO,04/07/2024,09:58:49,24670,24666,125,24670,200,100,152950
NIFTY-III.NFO,04/07/2024,09:58:51,24670,24666,125,24670,200,0,152950
NIFTY-III.NFO,04/07/2024,09:58:54,24670,24666.65,125,24670,150,50,152950
NIFTY-III.NFO,04/07/2024,09:58:56,24666.65,24666.65,100,24670,150,25,152950
NIFTY-III.NFO,04/07/2024,09:59:01,24666.65,24665,25,24669.95,175,0,152950
NIFTY-III.NFO,04/07/2024,09:59:02,24666.65,24666.45,125,24670,175,0,152950
NIFTY-III.NFO,04/07/2024,09:59:04,24666.65,24668,100,24670,175,0,152950
NIFTY-III.NFO,04/07/2024,09:59:06,24666.65,24668,25,24670,175,0,152950
NIFTY-III.NFO,04/07/2024,09:59:11,24670,24666.85,150,24670,150,25,152950
NIFTY-III.NFO,04/07/2024,09:59:12,24666.85,24668.2,75,24670,150,25,152950
NIFTY-III.NFO,04/07/2024,09:59:14,24669.9,24669.5,125,24672,25,225,152950
NIFTY-III.NFO,04/07/2024,09:59:16,24669.9,24669.1,200,24672,25,0,152950
NIFTY-III.NFO,04/07/2024,09:59:17,24669.9,24670,125,24672,25,0,152950
NIFTY-III.NFO,04/07/2024,09:59:19,24669.9,24669.25,200,24672,25,0,152950
NIFTY-III.NFO,04/07/2024,09:59:21,24669.9,24669.6,175,24672,25,0,152950
NIFTY-III.NFO,04/07/2024,09:59:22,24670,24669.6,225,24672,25,25,152950
NIFTY-III.NFO,04/07/2024,09:59:24,24669.25,24668.35,200,24672,25,225,152950
NIFTY-III.NFO,04/07/2024,09:59:26,24667.95,24667.8,175,24672,25,25,152950
NIFTY-III.NFO,04/07/2024,09:59:27,24667.95,24669.15,125,24672,25,0,152950
NIFTY-III.NFO,04/07/2024,09:59:29,24667.95,24670.55,200,24672,25,0,152950
NIFTY-III.NFO,04/07/2024,09:59:31,24667.95,24670.95,125,24672,25,0,152950
NIFTY-III.NFO,04/07/2024,09:59:32,24674,24670.9,100,24675,475,100,152950
NIFTY-III.NFO,04/07/2024,09:59:32,24674,24670.9,100,24675,475,0,152950
NIFTY-III.NFO,04/07/2024,09:59:34,24674,24671.35,200,24675,475,0,152950
NIFTY-III.NFO,04/07/2024,09:59:36,24674,24674,25,24675,475,0,152950
NIFTY-III.NFO,04/07/2024,09:59:42,24675,24674,25,24675,400,75,152950
NIFTY-III.NFO,04/07/2024,09:59:42,24675,24674,25,24675,400,0,152950
NIFTY-III.NFO,04/07/2024,09:59:44,24675,24674,25,24675,400,0,152950
NIFTY-III.NFO,04/07/2024,09:59:49,24675,24674,25,24675,375,25,152950
NIFTY-III.NFO,04/07/2024,09:59:51,24675,24674,25,24675,375,0,152950
NIFTY-III.NFO,04/07/2024,09:59:52,24675,24674,25,24675,400,0,152950
NIFTY-III.NFO,04/07/2024,09:59:54,24675,24673.15,125,24675,425,25,152950
NIFTY-III.NFO,04/07/2024,09:59:56,24675,24672.9,75,24675,425,0,152950
NIFTY-III.NFO,04/07/2024,09:59:57,24675,24672.9,200,24675,425,0,152950
NIFTY-III.NFO,04/07/2024,09:59:59,24675,24673.75,125,24675,425,0,152950
NIFTY-III.NFO,04/07/2024,10:00:01,24675,24673.35,300,24675,425,0,152950
NIFTY-III.NFO,04/07/2024,10:00:02,24675,24673.8,200,24675,425,0,152950
NIFTY-III.NFO,04/07/2024,10:00:04,24675,24674.1,225,24675,425,0,152950
NIFTY-III.NFO,04/07/2024,10:00:06,24673.35,24673.2,125,24675,350,100,152950
NIFTY-III.NFO,04/07/2024,10:00:07,24673.35,24673.45,250,24675,350,0,152950
NIFTY-III.NFO,04/07/2024,10:00:09,24674.95,24674.25,200,24675,350,25,152950
NIFTY-III.NFO,04/07/2024,10:00:11,24674.95,24674.8,125,24675,350,0,152950
NIFTY-III.NFO,04/07/2024,10:00:12,24675,24674.8,125,24676,50,350,152950
NIFTY-III.NFO,04/07/2024,10:00:14,24675,24674.8,125,24676,50,0,152950
NIFTY-III.NFO,04/07/2024,10:00:21,24676,24675,25,24676,25,25,152950
NIFTY-III.NFO,04/07/2024,10:00:21,24676,24675,25,24676,25,0,152950
NIFTY-III.NFO,04/07/2024,10:00:23,24676,24675,25,24676,25,0,152950
NIFTY-III.NFO,04/07/2024,10:00:24,24676,24675,125,24677,25,25,152950
NIFTY-III.NFO,04/07/2024,10:00:26,24676,24675,125,24677,25,0,152950
NIFTY-III.NFO,04/07/2024,10:00:28,24675.25,24675.05,250,24677,25,25,152950
NIFTY-III.NFO,04/07/2024,10:00:29,24679.75,24676,150,24679.75,100,50,152950
NIFTY-III.NFO,04/07/2024,10:00:29,24679.75,24676,150,24679.75,100,0,152950
NIFTY-III.NFO,04/07/2024,10:00:31,24679.75,24676,150,24679.75,200,75,152950
NIFTY-III.NFO,04/07/2024,10:00:33,24679.75,24679,25,24679.75,200,0,152950
NIFTY-III.NFO,04/07/2024,10:00:43,24679,24676,75,24679.75,250,50,152950
NIFTY-III.NFO,04/07/2024,10:00:44,24679,24676,75,24679.05,250,0,152950
NIFTY-III.NFO,04/07/2024,10:00:46,24679,24676,75,24679.75,200,0,152950
NIFTY-III.NFO,04/07/2024,10:00:48,24679,24676,150,24679.75,25,0,152950
NIFTY-III.NFO,04/07/2024,10:00:49,24679,24676,75,24679.7,175,0,152950
NIFTY-III.NFO,04/07/2024,10:00:51,24679,24679,100,24679.7,175,0,152950
NIFTY-III.NFO,04/07/2024,10:00:53,24679.7,24679,75,24679.7,150,50,152950
NIFTY-III.NFO,04/07/2024,10:00:54,24679,24679,50,24679.7,150,25,152950
NIFTY-III.NFO,04/07/2024,10:00:56,24679,24679,50,24679.7,150,0,152950
NIFTY-III.NFO,04/07/2024,10:00:58,24679,24679,25,24679.7,150,25,152950
NIFTY-III.NFO,04/07/2024,10:00:59,24679,24679,25,24679.7,150,0,152950
NIFTY-III.NFO,04/07/2024,10:01:01,24679,24679,25,24679.6,150,0,152950
NIFTY-III.NFO,04/07/2024,10:01:03,24679.8,24679,25,24679.75,25,225,152950
NIFTY-III.NFO,04/07/2024,10:01:03,24679.8,24679,25,24679.75,25,0,152950
NIFTY-III.NFO,04/07/2024,10:01:04,24679.75,24676,75,24679.95,100,50,152950
NIFTY-III.NFO,04/07/2024,10:01:06,24679.75,24676,75,24679.55,175,0,152950
