Ticker,Date,Time,LTP,BuyPrice,BuyQty,SellPrice,SellQty,LTQ,OpenInterest
BANKNIFTY-I.NFO,18/07/2024,09:15:00,52431.95,52401.65,15,52431.35,60,135,0
BANKNIFTY-I.NFO,18/07/2024,09:15:00,52431.95,52401.65,15,52431.35,60,0,0
BANKNIFTY-I.NFO,18/07/2024,09:15:00,52431.95,52401.65,15,52431.35,60,0,0
BANKNIFTY-I.NFO,18/07/2024,09:15:00,52401.65,52401.65,15,52431.35,60,0,0
BANKNIFTY-I.NFO,18/07/2024,09:15:00,52431.3,52424.45,60,52431.3,15,120,2084670
BANKNIFTY-I.NFO,18/07/2024,09:15:01,52400,52400,30,52424.4,75,1455,2084670
BANKNIFTY-I.NFO,18/07/2024,09:15:01,52440,52400,30,52424.4,75,0,2084670
BANKNIFTY-I.NFO,18/07/2024,09:15:01,52400,52400,30,52424.4,75,0,2084670
BANKNIFTY-I.NFO,18/07/2024,09:15:02,52428.6,52407.5,60,52428.35,75,675,2084670
BANKNIFTY-I.NFO,18/07/2024,09:15:02,52398.65,52407.5,60,52428.35,75,0,2084670
BANKNIFTY-I.NFO,18/07/2024,09:15:03,52388,52342.1,15,52387.65,75,2910,2084670
BANKNIFTY-I.NFO,18/07/2024,09:15:03,52334.05,52342.1,15,52387.65,75,0,2084670
BANKNIFTY-I.NFO,18/07/2024,09:15:04,52320,52310,45,52316.2,150,1605,2084670
BANKNIFTY-I.NFO,18/07/2024,09:15:04,52311,52310,45,52316.2,150,0,2084670
BANKNIFTY-I.NFO,18/07/2024,09:15:05,52326,52326.15,105,52357.85,15,1275,2084670
BANKNIFTY-I.NFO,18/07/2024,09:15:05,52310,52326.15,105,52357.85,15,0,2084670
BANKNIFTY-I.NFO,18/07/2024,09:15:06,52332.9,52332.9,60,52343.8,30,795,2084670
BANKNIFTY-I.NFO,18/07/2024,09:15:07,52363.7,52350.55,60,52362.95,60,690,2084670
BANKNIFTY-I.NFO,18/07/2024,09:15:08,52357.15,52345.6,60,52362,60,540,2084670
BANKNIFTY-I.NFO,18/07/2024,09:15:10,52364.85,52354.15,90,52364.95,45,1050,2084670
BANKNIFTY-I.NFO,18/07/2024,09:15:10,52350,52350,225,52362.55,60,240,2084670
BANKNIFTY-I.NFO,18/07/2024,09:15:11,52367.2,52357,30,52365.6,150,540,2084670
BANKNIFTY-I.NFO,18/07/2024,09:15:12,52359.55,52350.05,30,52359.55,60,825,2084670
BANKNIFTY-I.NFO,18/07/2024,09:15:13,52360.45,52350.05,60,52360.3,15,630,2084670
BANKNIFTY-I.NFO,18/07/2024,09:15:14,52357.8,52350,300,52359.7,75,255,2084670
BANKNIFTY-I.NFO,18/07/2024,09:15:15,52353.05,52350,225,52356.55,15,2715,2084670
BANKNIFTY-I.NFO,18/07/2024,09:15:17,52352.25,52341.35,15,52352.3,135,1005,2084670
BANKNIFTY-I.NFO,18/07/2024,09:15:18,52345.7,52344.4,120,52346.5,15,165,2084670
BANKNIFTY-I.NFO,18/07/2024,09:15:19,52338.35,52334.1,15,52340.7,75,855,2084670
BANKNIFTY-I.NFO,18/07/2024,09:15:20,52356.55,52356.55,45,52363.25,60,1380,2084670
BANKNIFTY-I.NFO,18/07/2024,09:15:21,52363.4,52359.95,135,52363.4,60,825,2084670
BANKNIFTY-I.NFO,18/07/2024,09:15:21,52364.95,52359.95,60,52365,15,150,2084670
BANKNIFTY-I.NFO,18/07/2024,09:15:22,52370.4,52364.95,195,52370.75,15,570,2084670
BANKNIFTY-I.NFO,18/07/2024,09:15:23,52381.6,52369.5,15,52381.5,300,435,2084670
BANKNIFTY-I.NFO,18/07/2024,09:15:24,52373.95,52373.95,60,52385.75,30,720,2084670
BANKNIFTY-I.NFO,18/07/2024,09:15:25,52390,52385.75,15,52390,45,315,2084670
BANKNIFTY-I.NFO,18/07/2024,09:15:26,52386.9,52381.5,15,52386.55,150,90,2084670
BANKNIFTY-I.NFO,18/07/2024,09:15:27,52387.2,52381.5,15,52387.25,105,390,2084670
BANKNIFTY-I.NFO,18/07/2024,09:15:28,52385.35,52374.8,60,52389.05,60,135,2084670
BANKNIFTY-I.NFO,18/07/2024,09:15:29,52387.2,52387.2,45,52390.3,60,465,2084670
BANKNIFTY-I.NFO,18/07/2024,09:15:30,52392.2,52386.35,135,52392.05,15,150,2084670
BANKNIFTY-I.NFO,18/07/2024,09:15:31,52390.15,52386.35,15,52390.15,45,255,2084670
BANKNIFTY-I.NFO,18/07/2024,09:15:32,52394.85,52386.15,15,52394.85,45,135,2084670
BANKNIFTY-I.NFO,18/07/2024,09:15:33,52380,52378,15,52380,4800,4350,2084670
BANKNIFTY-I.NFO,18/07/2024,09:15:34,52370.4,52370,15,52377.95,45,225,2084670
BANKNIFTY-I.NFO,18/07/2024,09:15:35,52371.2,52360.9,60,52371.2,45,690,2084670
BANKNIFTY-I.NFO,18/07/2024,09:15:36,52360,52359.65,30,52366.3,45,240,2084670
BANKNIFTY-I.NFO,18/07/2024,09:15:37,52355.8,52355,15,52358.3,30,180,2086725
BANKNIFTY-I.NFO,18/07/2024,09:15:38,52350,52342.35,15,52350.45,15,1125,2086725
BANKNIFTY-I.NFO,18/07/2024,09:15:39,52349.4,52340.1,60,52349.05,30,465,2086725
BANKNIFTY-I.NFO,18/07/2024,09:15:40,52340,52338,15,52344.1,15,255,2086725
BANKNIFTY-I.NFO,18/07/2024,09:15:42,52341.6,52338.05,150,52341.65,135,240,2086725
BANKNIFTY-I.NFO,18/07/2024,09:15:43,52338.05,52338.05,30,52342.55,30,465,2086725
BANKNIFTY-I.NFO,18/07/2024,09:15:44,52338,52337.7,15,52345.2,60,135,2086725
BANKNIFTY-I.NFO,18/07/2024,09:15:45,52337.05,52331.5,120,52333.95,75,660,2086725
BANKNIFTY-I.NFO,18/07/2024,09:15:46,52334.75,52331.5,60,52335.45,75,615,2086725
BANKNIFTY-I.NFO,18/07/2024,09:15:47,52326,52326,30,52326.65,75,1200,2086725
BANKNIFTY-I.NFO,18/07/2024,09:15:48,52321.5,52321.5,15,52326.55,30,645,2086725
BANKNIFTY-I.NFO,18/07/2024,09:15:49,52320.55,52315,135,52321.4,45,1560,2086725
BANKNIFTY-I.NFO,18/07/2024,09:15:50,52311.05,52311.05,30,52316,180,285,2086725
BANKNIFTY-I.NFO,18/07/2024,09:15:51,52310.5,52301.05,15,52311.1,75,1230,2086725
BANKNIFTY-I.NFO,18/07/2024,09:15:51,52300.55,52301.05,15,52311.1,75,0,2086725
BANKNIFTY-I.NFO,18/07/2024,09:15:52,52305.3,52302.25,15,52302.7,30,690,2086725
BANKNIFTY-I.NFO,18/07/2024,09:15:52,52300,52302.25,15,52302.7,30,0,2086725
BANKNIFTY-I.NFO,18/07/2024,09:15:53,52300,52300,510,52301.4,120,690,2086725
BANKNIFTY-I.NFO,18/07/2024,09:15:54,52302.55,52305.1,30,52312.9,90,780,2086725
BANKNIFTY-I.NFO,18/07/2024,09:15:55,52313,52310.7,30,52319.9,105,1320,2086725
BANKNIFTY-I.NFO,18/07/2024,09:15:56,52307.05,52310.5,15,52319.9,15,480,2086725
BANKNIFTY-I.NFO,18/07/2024,09:15:57,52325.9,52319.9,30,52326.8,60,420,2086725
BANKNIFTY-I.NFO,18/07/2024,09:15:58,52315.7,52314.75,15,52322.05,15,210,2086725
BANKNIFTY-I.NFO,18/07/2024,09:15:59,52313.55,52313.6,15,52323.05,15,390,2086725
BANKNIFTY-I.NFO,18/07/2024,09:16:00,52306.5,52306.5,90,52308.75,60,870,2086725
BANKNIFTY-I.NFO,18/07/2024,09:16:01,52304.75,52302.55,15,52309.5,30,435,2086725
BANKNIFTY-I.NFO,18/07/2024,09:16:02,52308,52300,600,52302.85,75,1515,2086725
BANKNIFTY-I.NFO,18/07/2024,09:16:03,52312,52306.5,15,52311.2,30,300,2086725
BANKNIFTY-I.NFO,18/07/2024,09:16:04,52303.2,52302.15,75,52302.95,15,975,2086725
BANKNIFTY-I.NFO,18/07/2024,09:16:05,52285,52284.2,90,52294.95,75,2970,2086725
BANKNIFTY-I.NFO,18/07/2024,09:16:05,52285,52284.2,90,52294.95,75,0,2086725
BANKNIFTY-I.NFO,18/07/2024,09:16:06,52294.95,52294.95,240,52295.85,30,675,2086725
BANKNIFTY-I.NFO,18/07/2024,09:16:06,52282.15,52294.95,240,52295.85,30,0,2086725
BANKNIFTY-I.NFO,18/07/2024,09:16:07,52307.4,52303.25,45,52307.4,15,1260,2086725
BANKNIFTY-I.NFO,18/07/2024,09:16:09,52306.4,52306.4,45,52318.55,60,525,2086725
BANKNIFTY-I.NFO,18/07/2024,09:16:10,52311.6,52307.75,90,52311.9,150,375,2086725
BANKNIFTY-I.NFO,18/07/2024,09:16:11,52323,52311.55,30,52323,60,210,2086725
BANKNIFTY-I.NFO,18/07/2024,09:16:12,52318.05,52315.4,30,52327.05,30,1575,2086725
BANKNIFTY-I.NFO,18/07/2024,09:16:13,52322.1,52321.7,15,52331.7,60,345,2086725
BANKNIFTY-I.NFO,18/07/2024,09:16:14,52329.6,52324.1,510,52328.45,60,555,2086725
BANKNIFTY-I.NFO,18/07/2024,09:16:15,52324.1,52324.15,15,52329.85,15,510,2086725
BANKNIFTY-I.NFO,18/07/2024,09:16:16,52338.05,52333.9,45,52340,165,105,2086725
BANKNIFTY-I.NFO,18/07/2024,09:16:17,52342.2,52341.8,60,52344.7,45,180,2086725
BANKNIFTY-I.NFO,18/07/2024,09:16:18,52360,52352.2,120,52360,150,3420,2086725
BANKNIFTY-I.NFO,18/07/2024,09:16:19,52347.35,52348.7,15,52354.25,75,600,2086725
BANKNIFTY-I.NFO,18/07/2024,09:16:20,52360,52360,375,52364.95,30,735,2086725
BANKNIFTY-I.NFO,18/07/2024,09:16:21,52370,52363.6,60,52364.9,15,1530,2086725
BANKNIFTY-I.NFO,18/07/2024,09:16:22,52361.55,52353.7,15,52363.85,75,270,2086725
BANKNIFTY-I.NFO,18/07/2024,09:16:23,52358.1,52350.05,30,52360,45,180,2086725
BANKNIFTY-I.NFO,18/07/2024,09:16:24,52364,52360,555,52364,30,390,2086725
BANKNIFTY-I.NFO,18/07/2024,09:16:25,52360,52356.8,15,52363.45,30,855,2086725
BANKNIFTY-I.NFO,18/07/2024,09:16:26,52357.85,52350.75,15,52356.6,150,150,2086725
BANKNIFTY-I.NFO,18/07/2024,09:16:27,52361.45,52349.75,90,52361.95,30,840,2086725
BANKNIFTY-I.NFO,18/07/2024,09:16:28,52371.45,52364.9,15,52368.2,30,915,2086725
BANKNIFTY-I.NFO,18/07/2024,09:16:30,52360.75,52347.25,60,52357.35,75,585,2086725
BANKNIFTY-I.NFO,18/07/2024,09:16:31,52350,52345.15,15,52350,45,270,2086725
BANKNIFTY-I.NFO,18/07/2024,09:16:32,52351.25,52350,15,52351.25,720,270,2086725
BANKNIFTY-I.NFO,18/07/2024,09:16:33,52350,52350.6,120,52351.25,675,60,2086725
BANKNIFTY-I.NFO,18/07/2024,09:16:34,52345.65,52334.75,60,52346.6,60,375,2086725
BANKNIFTY-I.NFO,18/07/2024,09:16:35,52361.45,52360,75,52365,15,750,2086725
BANKNIFTY-I.NFO,18/07/2024,09:16:36,52363.65,52355.6,60,52365.1,30,360,2086725
BANKNIFTY-I.NFO,18/07/2024,09:16:37,52360.35,52360.35,15,52370,90,120,2086725
BANKNIFTY-I.NFO,18/07/2024,09:16:38,52377,52369.65,15,52379,15,825,2086725
BANKNIFTY-I.NFO,18/07/2024,09:16:39,52376.2,52371.45,150,52378.85,60,30,2086725
BANKNIFTY-I.NFO,18/07/2024,09:16:40,52377.75,52371.45,105,52377.8,15,105,2086725
BANKNIFTY-I.NFO,18/07/2024,09:16:41,52362.7,52362.7,30,52374.15,60,285,2086725
BANKNIFTY-I.NFO,18/07/2024,09:16:42,52364.85,52366.35,150,52374.85,60,90,2086725
BANKNIFTY-I.NFO,18/07/2024,09:16:43,52370,52366.4,15,52370,885,300,2086725
BANKNIFTY-I.NFO,18/07/2024,09:16:44,52366.4,52365,15,52370,630,285,2086725
BANKNIFTY-I.NFO,18/07/2024,09:16:45,52365.1,52365.1,120,52369.35,75,855,2086725
BANKNIFTY-I.NFO,18/07/2024,09:16:46,52357.85,52358.25,45,52370,105,765,2086725
BANKNIFTY-I.NFO,18/07/2024,09:16:47,52370,52359.75,45,52370.95,60,195,2086725
BANKNIFTY-I.NFO,18/07/2024,09:16:48,52367.5,52367.5,60,52370,15,105,2086725
BANKNIFTY-I.NFO,18/07/2024,09:16:49,52371,52370,15,52371,765,375,2086725
BANKNIFTY-I.NFO,18/07/2024,09:16:50,52368.05,52368.9,30,52375,30,1140,2086725
BANKNIFTY-I.NFO,18/07/2024,09:16:51,52380,52375.55,15,52380,2865,2190,2086725
BANKNIFTY-I.NFO,18/07/2024,09:16:53,52360.7,52361.85,30,52374.55,60,735,2086725
BANKNIFTY-I.NFO,18/07/2024,09:16:54,52365,52362.1,30,52365,120,210,2086725
BANKNIFTY-I.NFO,18/07/2024,09:16:55,52360.05,52361.25,15,52364.9,300,75,2086725
BANKNIFTY-I.NFO,18/07/2024,09:16:56,52354.05,52354,15,52363.5,60,375,2086725
BANKNIFTY-I.NFO,18/07/2024,09:16:57,52356.55,52360.45,150,52364.9,285,45,2086725
BANKNIFTY-I.NFO,18/07/2024,09:16:58,52364.9,52360.45,150,52364.9,270,15,2086725
BANKNIFTY-I.NFO,18/07/2024,09:16:59,52364.9,52356.25,30,52364.9,180,285,2086725
BANKNIFTY-I.NFO,18/07/2024,09:17:00,52368.5,52362.15,120,52366,15,375,2086725
BANKNIFTY-I.NFO,18/07/2024,09:17:01,52362.15,52354,30,52363.1,60,135,2086725
BANKNIFTY-I.NFO,18/07/2024,09:17:02,52354.1,52354,15,52361.4,60,330,2086725
BANKNIFTY-I.NFO,18/07/2024,09:17:03,52368.75,52359.6,45,52368.75,45,60,2086725
BANKNIFTY-I.NFO,18/07/2024,09:17:04,52363.8,52361,120,52368.75,15,105,2086725
BANKNIFTY-I.NFO,18/07/2024,09:17:05,52366.6,52366.6,60,52369.6,60,210,2086725
BANKNIFTY-I.NFO,18/07/2024,09:17:06,52369.8,52366.6,30,52369.85,30,360,2086725
BANKNIFTY-I.NFO,18/07/2024,09:17:07,52366.05,52360,75,52366,60,195,2086725
BANKNIFTY-I.NFO,18/07/2024,09:17:08,52364.1,52352.9,30,52364.2,15,360,2086725
BANKNIFTY-I.NFO,18/07/2024,09:17:09,52358.4,52350,225,52356.8,15,600,2086725
BANKNIFTY-I.NFO,18/07/2024,09:17:10,52359.85,52352.6,15,52362.25,30,75,2086725
BANKNIFTY-I.NFO,18/07/2024,09:17:12,52360,52355.95,120,52359,60,15,2086725
BANKNIFTY-I.NFO,18/07/2024,09:17:13,52358.7,52352.6,15,52358.65,75,195,2086725
BANKNIFTY-I.NFO,18/07/2024,09:17:14,52355.8,52350,270,52355.85,75,90,2086725
BANKNIFTY-I.NFO,18/07/2024,09:17:15,52343.2,52336.9,15,52343.65,75,555,2086725
BANKNIFTY-I.NFO,18/07/2024,09:17:16,52341.5,52336.95,30,52343.95,60,210,2086725
BANKNIFTY-I.NFO,18/07/2024,09:17:17,52345.95,52336.55,45,52346,60,255,2086725
BANKNIFTY-I.NFO,18/07/2024,09:17:18,52339.85,52339.25,30,52349.2,15,120,2086725
BANKNIFTY-I.NFO,18/07/2024,09:17:19,52349.1,52344.85,75,52355.9,60,180,2086725
BANKNIFTY-I.NFO,18/07/2024,09:17:20,52343.05,52340.75,30,52349.65,75,75,2086725
BANKNIFTY-I.NFO,18/07/2024,09:17:21,52352.4,52348.15,135,52352,150,150,2086725
BANKNIFTY-I.NFO,18/07/2024,09:17:22,52350.25,52348.15,15,52350.25,45,195,2086725
BANKNIFTY-I.NFO,18/07/2024,09:17:23,52341.7,52348.25,45,52351.15,75,690,2086725
BANKNIFTY-I.NFO,18/07/2024,09:17:24,52352.8,52349.8,45,52352.8,45,390,2086725
BANKNIFTY-I.NFO,18/07/2024,09:17:25,52356.55,52351.35,45,52359.9,60,135,2086725
BANKNIFTY-I.NFO,18/07/2024,09:17:26,52355.8,52356.7,15,52362.25,300,240,2086725
BANKNIFTY-I.NFO,18/07/2024,09:17:27,52366,52357.9,30,52364.9,60,750,2086725
BANKNIFTY-I.NFO,18/07/2024,09:17:28,52366,52357.9,60,52365.95,60,660,2086725
BANKNIFTY-I.NFO,18/07/2024,09:17:29,52360,52357.95,15,52359.95,285,150,2086725
BANKNIFTY-I.NFO,18/07/2024,09:17:30,52359.9,52350.15,15,52352.55,75,600,2086725
BANKNIFTY-I.NFO,18/07/2024,09:17:32,52349.85,52350.4,15,52359.95,60,1935,2086725
BANKNIFTY-I.NFO,18/07/2024,09:17:33,52356.35,52355.65,15,52356.35,720,855,2086725
BANKNIFTY-I.NFO,18/07/2024,09:17:34,52354.1,52354,15,52356.35,285,600,2086725
BANKNIFTY-I.NFO,18/07/2024,09:17:35,52354.55,52354.55,15,52356.35,240,75,2086725
BANKNIFTY-I.NFO,18/07/2024,09:17:36,52366,52355.45,105,52356.35,750,435,2086725
BANKNIFTY-I.NFO,18/07/2024,09:17:37,52356.35,52356.3,30,52356.35,360,1140,2086725
BANKNIFTY-I.NFO,18/07/2024,09:17:38,52366,52364.3,90,52366,435,915,2086725
BANKNIFTY-I.NFO,18/07/2024,09:17:39,52372.5,52373.4,30,52374,30,1830,2086725
BANKNIFTY-I.NFO,18/07/2024,09:17:40,52376.9,52376.2,60,52380,120,75,2086725
BANKNIFTY-I.NFO,18/07/2024,09:17:41,52383.5,52373.3,30,52383.4,45,315,2086725
BANKNIFTY-I.NFO,18/07/2024,09:17:42,52380.85,52380.85,90,52385.9,15,30,2086725
BANKNIFTY-I.NFO,18/07/2024,09:17:43,52385.95,52380.85,90,52385.95,45,45,2086725
BANKNIFTY-I.NFO,18/07/2024,09:17:44,52388.55,52381.4,30,52388.6,15,90,2086725
BANKNIFTY-I.NFO,18/07/2024,09:17:45,52381.4,52380.05,60,52384,45,1275,2086725
BANKNIFTY-I.NFO,18/07/2024,09:17:46,52380,52376.05,60,52384.95,15,75,2086725
BANKNIFTY-I.NFO,18/07/2024,09:17:47,52376.05,52376,15,52384.25,75,510,2086725
BANKNIFTY-I.NFO,18/07/2024,09:17:48,52378.15,52368.3,60,52378.25,15,255,2086725
BANKNIFTY-I.NFO,18/07/2024,09:17:49,52381.55,52368.1,60,52378.2,15,60,2086725
BANKNIFTY-I.NFO,18/07/2024,09:17:50,52378.15,52367.85,135,52375.3,15,45,2086725
BANKNIFTY-I.NFO,18/07/2024,09:17:51,52378.5,52366.5,60,52377.6,60,615,2086725
BANKNIFTY-I.NFO,18/07/2024,09:17:53,52376.9,52368.6,60,52379.45,15,30,2086725
BANKNIFTY-I.NFO,18/07/2024,09:17:54,52381,52370.6,75,52381,15,105,2086725
BANKNIFTY-I.NFO,18/07/2024,09:17:55,52371.95,52371.95,75,52381.45,15,105,2086725
BANKNIFTY-I.NFO,18/07/2024,09:17:56,52384.7,52374.55,75,52384.6,30,255,2086725
BANKNIFTY-I.NFO,18/07/2024,09:17:57,52380,52376.85,75,52380,825,270,2086725
BANKNIFTY-I.NFO,18/07/2024,09:17:58,52379.95,52371.6,105,52380,825,150,2086725
BANKNIFTY-I.NFO,18/07/2024,09:17:59,52380,52376.55,75,52380,795,30,2086725
BANKNIFTY-I.NFO,18/07/2024,09:18:00,52385,52380.6,60,52385,45,825,2086725
BANKNIFTY-I.NFO,18/07/2024,09:18:01,52385.65,52383.4,30,52389,300,135,2086725
BANKNIFTY-I.NFO,18/07/2024,09:18:02,52386.7,52379.5,105,52388.75,60,45,2086725
BANKNIFTY-I.NFO,18/07/2024,09:18:03,52382.45,52382.45,90,52388.95,15,210,2086725
BANKNIFTY-I.NFO,18/07/2024,09:18:04,52387.55,52382.45,45,52387.55,15,60,2086725
BANKNIFTY-I.NFO,18/07/2024,09:18:05,52370,52369.7,30,52379.8,60,255,2086725
BANKNIFTY-I.NFO,18/07/2024,09:18:06,52372.75,52366.45,30,52372.1,15,240,2086725
BANKNIFTY-I.NFO,18/07/2024,09:18:07,52374.15,52365.5,90,52376.6,75,195,2086725
BANKNIFTY-I.NFO,18/07/2024,09:18:09,52370.1,52371.05,15,52379.8,60,255,2086725
BANKNIFTY-I.NFO,18/07/2024,09:18:10,52374.9,52367.05,15,52374.8,60,105,2086725
BANKNIFTY-I.NFO,18/07/2024,09:18:11,52366.1,52364.65,30,52373.55,75,30,2086725
BANKNIFTY-I.NFO,18/07/2024,09:18:12,52369.1,52369.05,15,52379,30,390,2086725
BANKNIFTY-I.NFO,18/07/2024,09:18:13,52373.6,52366.1,30,52377.25,15,165,2086725
BANKNIFTY-I.NFO,18/07/2024,09:18:14,52374,52366.1,30,52374,15,60,2086725
BANKNIFTY-I.NFO,18/07/2024,09:18:15,52366.1,52370.05,135,52373.95,15,15,2086725
BANKNIFTY-I.NFO,18/07/2024,09:18:16,52375,52366.1,30,52375.45,30,225,2086725
BANKNIFTY-I.NFO,18/07/2024,09:18:17,52369.1,52368.2,30,52380.25,15,915,2086725
BANKNIFTY-I.NFO,18/07/2024,09:18:18,52380,52374.25,15,52380,15,75,2086725
BANKNIFTY-I.NFO,18/07/2024,09:18:20,52380.85,52375.1,15,52381.55,15,30,2086725
BANKNIFTY-I.NFO,18/07/2024,09:18:21,52382,52380.85,15,52385,15,165,2086725
BANKNIFTY-I.NFO,18/07/2024,09:18:23,52380.8,52380.8,45,52388.95,15,270,2086725
BANKNIFTY-I.NFO,18/07/2024,09:18:25,52386.2,52387.1,60,52390,15,105,2086725
BANKNIFTY-I.NFO,18/07/2024,09:18:26,52395,52388.6,60,52395,30,165,2086725
BANKNIFTY-I.NFO,18/07/2024,09:18:28,52392.55,52391.2,30,52400,360,330,2086725
BANKNIFTY-I.NFO,18/07/2024,09:18:30,52398.05,52400,15,52406,15,510,2086725
BANKNIFTY-I.NFO,18/07/2024,09:18:31,52402.85,52397.9,120,52402.85,15,60,2086725
BANKNIFTY-I.NFO,18/07/2024,09:18:33,52400,52394.35,75,52400,15,180,2086725
BANKNIFTY-I.NFO,18/07/2024,09:18:35,52397.7,52395.5,405,52399.1,15,165,2086725
BANKNIFTY-I.NFO,18/07/2024,09:18:36,52400,52397.85,45,52400.05,75,120,2086725
BANKNIFTY-I.NFO,18/07/2024,09:18:38,52400.05,52397.8,75,52407.05,75,570,2086725
BANKNIFTY-I.NFO,18/07/2024,09:18:40,52410,52402.9,15,52409.45,60,240,2102220
BANKNIFTY-I.NFO,18/07/2024,09:18:41,52406.05,52406.3,60,52414.6,60,375,2102220
BANKNIFTY-I.NFO,18/07/2024,09:18:43,52416.9,52417.8,90,52420,930,330,2102220
BANKNIFTY-I.NFO,18/07/2024,09:18:45,52422.1,52420.05,15,52430.8,15,2190,2102220
BANKNIFTY-I.NFO,18/07/2024,09:18:46,52426.7,52414.15,15,52424.15,15,675,2102220
BANKNIFTY-I.NFO,18/07/2024,09:18:48,52433.1,52422.6,30,52433.2,15,360,2102220
BANKNIFTY-I.NFO,18/07/2024,09:18:50,52435,52427,75,52435,30,285,2102220
BANKNIFTY-I.NFO,18/07/2024,09:18:51,52439.9,52432.4,60,52439.95,60,255,2102220
BANKNIFTY-I.NFO,18/07/2024,09:18:53,52432.4,52427,15,52435.8,15,270,2102220
BANKNIFTY-I.NFO,18/07/2024,09:18:55,52431.2,52422.1,15,52430.95,15,360,2102220
BANKNIFTY-I.NFO,18/07/2024,09:18:56,52433.1,52422.85,15,52432.9,60,210,2102220
BANKNIFTY-I.NFO,18/07/2024,09:18:58,52423.9,52423.15,45,52433.15,15,345,2102220
BANKNIFTY-I.NFO,18/07/2024,09:19:00,52421.25,52412.45,15,52421.6,15,270,2102220
BANKNIFTY-I.NFO,18/07/2024,09:19:01,52418.55,52410.95,30,52421.45,15,330,2102220
BANKNIFTY-I.NFO,18/07/2024,09:19:03,52408.2,52408.15,30,52420.2,45,255,2102220
BANKNIFTY-I.NFO,18/07/2024,09:19:04,52412.9,52411,30,52421.7,15,600,2102220
BANKNIFTY-I.NFO,18/07/2024,09:19:06,52400,52396.5,30,52408.95,15,450,2102220
BANKNIFTY-I.NFO,18/07/2024,09:19:08,52410.75,52399.3,30,52414.7,15,240,2102220
BANKNIFTY-I.NFO,18/07/2024,09:19:09,52401.2,52399.4,15,52410.15,15,270,2102220
BANKNIFTY-I.NFO,18/07/2024,09:19:11,52400.75,52390.15,15,52400.9,15,225,2102220
BANKNIFTY-I.NFO,18/07/2024,09:19:13,52397.75,52402,90,52409.85,60,210,2102220
BANKNIFTY-I.NFO,18/07/2024,09:19:14,52416.5,52403.45,15,52414.5,15,135,2102220
BANKNIFTY-I.NFO,18/07/2024,09:19:16,52414.35,52404.65,15,52415.95,15,270,2102220
BANKNIFTY-I.NFO,18/07/2024,09:19:18,52407.4,52413.25,15,52420,15,240,2102220
BANKNIFTY-I.NFO,18/07/2024,09:19:19,52420,52417.8,30,52422.85,30,75,2102220
BANKNIFTY-I.NFO,18/07/2024,09:19:21,52425,52423.2,30,52425,225,885,2102220
BANKNIFTY-I.NFO,18/07/2024,09:19:22,52430,52427.05,15,52432,30,300,2102220
BANKNIFTY-I.NFO,18/07/2024,09:19:24,52432.2,52433.45,30,52440,1005,795,2102220
BANKNIFTY-I.NFO,18/07/2024,09:19:26,52433.45,52429.55,15,52434.1,15,420,2102220
BANKNIFTY-I.NFO,18/07/2024,09:19:27,52438.8,52436.3,30,52440,1005,75,2102220
BANKNIFTY-I.NFO,18/07/2024,09:19:29,52445,52439,180,52446.15,15,1245,2102220
BANKNIFTY-I.NFO,18/07/2024,09:19:29,52445,52439,180,52446.15,15,0,2102220
BANKNIFTY-I.NFO,18/07/2024,09:19:31,52448.65,52441.1,45,52452.45,30,570,2102220
BANKNIFTY-I.NFO,18/07/2024,09:19:31,52455,52441.1,45,52452.45,30,0,2102220
BANKNIFTY-I.NFO,18/07/2024,09:19:32,52441.3,52443.6,15,52451.95,15,195,2102220
BANKNIFTY-I.NFO,18/07/2024,09:19:34,52446.75,52446.8,45,52454.8,15,210,2102220
BANKNIFTY-I.NFO,18/07/2024,09:19:36,52454.8,52451,30,52455,15,1305,2102220
BANKNIFTY-I.NFO,18/07/2024,09:19:37,52456,52451,60,52459,30,210,2102220
BANKNIFTY-I.NFO,18/07/2024,09:19:37,52456,52451,60,52459,30,0,2102220
BANKNIFTY-I.NFO,18/07/2024,09:19:39,52450,52446.75,15,52453.25,15,405,2102220
BANKNIFTY-I.NFO,18/07/2024,09:19:39,52457.7,52446.75,15,52453.25,15,0,2102220
BANKNIFTY-I.NFO,18/07/2024,09:19:41,52452.65,52452.65,30,52455,105,150,2102220
BANKNIFTY-I.NFO,18/07/2024,09:19:42,52450.05,52450.05,15,52458.4,15,885,2102220
BANKNIFTY-I.NFO,18/07/2024,09:19:42,52460,52450.05,15,52458.4,15,0,2102220
BANKNIFTY-I.NFO,18/07/2024,09:19:44,52451,52451,360,52452,15,540,2102220
BANKNIFTY-I.NFO,18/07/2024,09:19:46,52460,52456.3,15,52460,435,180,2102220
BANKNIFTY-I.NFO,18/07/2024,09:19:47,52460,52451.05,15,52460,330,300,2102220
BANKNIFTY-I.NFO,18/07/2024,09:19:49,52452.2,52446.75,15,52453.4,15,885,2102220
BANKNIFTY-I.NFO,18/07/2024,09:19:51,52446.6,52435.7,60,52446.6,15,570,2102220
BANKNIFTY-I.NFO,18/07/2024,09:19:52,52429.35,52427.6,60,52440.2,15,420,2102220
BANKNIFTY-I.NFO,18/07/2024,09:19:54,52426,52426,30,52435.25,30,465,2102220
BANKNIFTY-I.NFO,18/07/2024,09:19:56,52413.5,52411.55,105,52425.9,90,345,2102220
BANKNIFTY-I.NFO,18/07/2024,09:19:57,52432.5,52421.9,60,52432.55,30,180,2102220
BANKNIFTY-I.NFO,18/07/2024,09:19:59,52443.15,52429.35,60,52441.7,30,615,2102220
BANKNIFTY-I.NFO,18/07/2024,09:20:01,52440,52429.45,30,52441.05,75,120,2102220
BANKNIFTY-I.NFO,18/07/2024,09:20:02,52416.35,52416.4,15,52428.3,90,900,2102220
BANKNIFTY-I.NFO,18/07/2024,09:20:04,52419.9,52418.35,30,52429.35,15,315,2102220
BANKNIFTY-I.NFO,18/07/2024,09:20:06,52430,52429.25,15,52433.9,15,390,2102220
BANKNIFTY-I.NFO,18/07/2024,09:20:08,52435,52431.55,60,52434.7,30,15,2102220
BANKNIFTY-I.NFO,18/07/2024,09:20:09,52443.9,52438.45,15,52449.65,15,510,2102220
BANKNIFTY-I.NFO,18/07/2024,09:20:11,52440.5,52438.4,15,52447.6,30,510,2102220
BANKNIFTY-I.NFO,18/07/2024,09:20:13,52442.95,52438.4,15,52442.8,15,75,2102220
BANKNIFTY-I.NFO,18/07/2024,09:20:14,52435,52435,15,52439.2,75,720,2102220
BANKNIFTY-I.NFO,18/07/2024,09:20:16,52442.1,52435.2,15,52443.65,60,165,2102220
BANKNIFTY-I.NFO,18/07/2024,09:20:18,52426.05,52435.2,60,52440.3,60,330,2102220
BANKNIFTY-I.NFO,18/07/2024,09:20:19,52438.05,52438.05,45,52440,30,75,2102220
BANKNIFTY-I.NFO,18/07/2024,09:20:21,52438.05,52438.05,90,52445.1,15,195,2102220
BANKNIFTY-I.NFO,18/07/2024,09:20:23,52431.9,52432,15,52441.9,75,660,2102220
BANKNIFTY-I.NFO,18/07/2024,09:20:24,52434.7,52436.1,15,52440,45,225,2102220
BANKNIFTY-I.NFO,18/07/2024,09:20:26,52441.9,52438.45,60,52443,15,135,2102220
BANKNIFTY-I.NFO,18/07/2024,09:20:28,52442.2,52441.95,15,52449,240,135,2102220
BANKNIFTY-I.NFO,18/07/2024,09:20:29,52444,52445.05,135,52449,90,300,2102220
BANKNIFTY-I.NFO,18/07/2024,09:20:31,52445.05,52447.9,60,52449,60,360,2102220
BANKNIFTY-I.NFO,18/07/2024,09:20:33,52447.9,52447.9,30,52449,45,135,2102220
BANKNIFTY-I.NFO,18/07/2024,09:20:34,52450.05,52450,1440,52451,15,930,2102220
BANKNIFTY-I.NFO,18/07/2024,09:20:36,52455,52450,1365,52454.95,60,225,2102220
BANKNIFTY-I.NFO,18/07/2024,09:20:38,52452.5,52452.5,60,52455,45,30,2102220
BANKNIFTY-I.NFO,18/07/2024,09:20:39,52442.3,52442.4,30,52447.6,75,1455,2102220
BANKNIFTY-I.NFO,18/07/2024,09:20:41,52435.7,52431.1,15,52435.75,15,270,2102220
BANKNIFTY-I.NFO,18/07/2024,09:20:43,52431,52432,15,52439.35,30,105,2102220
BANKNIFTY-I.NFO,18/07/2024,09:20:44,52440.6,52432.05,15,52438.5,30,180,2102220
BANKNIFTY-I.NFO,18/07/2024,09:20:46,52442.05,52436.25,15,52443.25,30,90,2102220
BANKNIFTY-I.NFO,18/07/2024,09:20:48,52435.7,52432.1,15,52441.85,30,135,2102220
BANKNIFTY-I.NFO,18/07/2024,09:20:49,52443.85,52437,30,52443.8,45,285,2102220
BANKNIFTY-I.NFO,18/07/2024,09:20:51,52438.6,52432.1,15,52438.55,45,120,2102220
BANKNIFTY-I.NFO,18/07/2024,09:20:53,52438.4,52435.35,15,52440,15,15,2102220
BANKNIFTY-I.NFO,18/07/2024,09:20:54,52438.05,52432.15,75,52438.6,15,360,2102220
BANKNIFTY-I.NFO,18/07/2024,09:20:56,52435.05,52435.05,30,52439,30,45,2102220
BANKNIFTY-I.NFO,18/07/2024,09:20:58,52439.85,52437,75,52444.1,15,30,2102220
BANKNIFTY-I.NFO,18/07/2024,09:20:59,52445,52440,150,52443,30,15,2102220
BANKNIFTY-I.NFO,18/07/2024,09:21:01,52434.3,52428,15,52434.2,15,495,2102220
BANKNIFTY-I.NFO,18/07/2024,09:21:03,52428.05,52423,15,52430.9,15,135,2102220
BANKNIFTY-I.NFO,18/07/2024,09:21:04,52433.5,52423.55,30,52433.75,15,240,2102220
BANKNIFTY-I.NFO,18/07/2024,09:21:06,52423.1,52415,90,52423.3,30,240,2102220
BANKNIFTY-I.NFO,18/07/2024,09:21:08,52423.75,52417,30,52428.6,15,180,2102220
BANKNIFTY-I.NFO,18/07/2024,09:21:09,52417.2,52418.8,45,52422.8,15,390,2102220
BANKNIFTY-I.NFO,18/07/2024,09:21:11,52420.35,52420.35,45,52422.8,15,15,2102220
BANKNIFTY-I.NFO,18/07/2024,09:21:13,52427.95,52425.65,15,52430,30,150,2102220
BANKNIFTY-I.NFO,18/07/2024,09:21:14,52427.85,52423.75,75,52430,15,60,2102220
BANKNIFTY-I.NFO,18/07/2024,09:21:16,52438.05,52431,135,52439.95,15,150,2102220
BANKNIFTY-I.NFO,18/07/2024,09:21:18,52435.45,52430.95,45,52438.35,120,90,2102220
BANKNIFTY-I.NFO,18/07/2024,09:21:19,52435.35,52435.35,45,52439.45,15,45,2102220
BANKNIFTY-I.NFO,18/07/2024,09:21:21,52435.35,52433.45,120,52438.6,15,180,2102220
BANKNIFTY-I.NFO,18/07/2024,09:21:23,52430,52437,15,52438.6,15,705,2102220
BANKNIFTY-I.NFO,18/07/2024,09:21:24,52438.6,52438.65,15,52440,150,60,2102220
BANKNIFTY-I.NFO,18/07/2024,09:21:26,52445,52440.1,15,52445,240,240,2102220
BANKNIFTY-I.NFO,18/07/2024,09:21:28,52445,52441.3,60,52445,165,180,2102220
BANKNIFTY-I.NFO,18/07/2024,09:21:29,52445,52441.35,60,52445,150,45,2102220
BANKNIFTY-I.NFO,18/07/2024,09:21:31,52470,52465,30,52471.35,30,1770,2102220
BANKNIFTY-I.NFO,18/07/2024,09:21:31,52470,52465,30,52471.35,30,0,2102220
BANKNIFTY-I.NFO,18/07/2024,09:21:33,52468.15,52465,30,52470.3,30,375,2102220
BANKNIFTY-I.NFO,18/07/2024,09:21:34,52461.55,52458.35,15,52462.4,45,195,2102220
BANKNIFTY-I.NFO,18/07/2024,09:21:36,52450,52458.35,15,52461.65,15,420,2102220
BANKNIFTY-I.NFO,18/07/2024,09:21:38,52465,52463.05,45,52465,180,60,2102220
BANKNIFTY-I.NFO,18/07/2024,09:21:39,52465,52463.05,15,52464.95,120,315,2109885
BANKNIFTY-I.NFO,18/07/2024,09:21:41,52465.7,52456.65,15,52463.95,15,360,2109885
BANKNIFTY-I.NFO,18/07/2024,09:21:43,52461.55,52459.15,135,52463.1,120,105,2109885
BANKNIFTY-I.NFO,18/07/2024,09:21:44,52447.3,52449.6,30,52459.15,150,255,2109885
BANKNIFTY-I.NFO,18/07/2024,09:21:46,52459.15,52456,60,52459.15,60,105,2109885
BANKNIFTY-I.NFO,18/07/2024,09:21:48,52456,52456,45,52459.15,45,75,2109885
BANKNIFTY-I.NFO,18/07/2024,09:21:49,52452.6,52457.55,90,52459.15,45,90,2109885
BANKNIFTY-I.NFO,18/07/2024,09:21:51,52457.55,52452.6,15,52460.85,120,915,2109885
BANKNIFTY-I.NFO,18/07/2024,09:21:53,52452.5,52450,15,52457.3,30,150,2109885
BANKNIFTY-I.NFO,18/07/2024,09:21:54,52461.55,52455,30,52462.95,15,75,2109885
BANKNIFTY-I.NFO,18/07/2024,09:21:56,52458.6,52460.3,30,52465,180,75,2109885
BANKNIFTY-I.NFO,18/07/2024,09:21:58,52475,52476.95,15,52479.8,15,2400,2109885
BANKNIFTY-I.NFO,18/07/2024,09:21:58,52475,52476.95,15,52479.8,15,0,2109885
BANKNIFTY-I.NFO,18/07/2024,09:21:59,52476.8,52466.65,30,52476.8,120,1380,2109885
BANKNIFTY-I.NFO,18/07/2024,09:21:59,52480,52466.65,30,52476.8,120,0,2109885
BANKNIFTY-I.NFO,18/07/2024,09:22:01,52478,52478,885,52480,1680,75,2109885
BANKNIFTY-I.NFO,18/07/2024,09:22:03,52480,52479.15,30,52480,1530,420,2109885
BANKNIFTY-I.NFO,18/07/2024,09:22:04,52479.55,52479.55,60,52484,15,1680,2109885
BANKNIFTY-I.NFO,18/07/2024,09:22:06,52485,52485,540,52489.95,30,120,2109885
BANKNIFTY-I.NFO,18/07/2024,09:22:06,52489.35,52485,540,52489.95,30,0,2109885
BANKNIFTY-I.NFO,18/07/2024,09:22:08,52481.8,52480,30,52483.7,15,780,2109885
BANKNIFTY-I.NFO,18/07/2024,09:22:08,52489.85,52480,30,52483.7,15,0,2109885
BANKNIFTY-I.NFO,18/07/2024,09:22:09,52483.75,52480,15,52484.85,75,90,2109885
BANKNIFTY-I.NFO,18/07/2024,09:22:11,52470.7,52460.15,45,52469.45,60,1800,2109885
BANKNIFTY-I.NFO,18/07/2024,09:22:13,52473.45,52469.3,60,52473.8,30,210,2109885
BANKNIFTY-I.NFO,18/07/2024,09:22:14,52474.5,52469.75,15,52475.1,15,135,2109885
BANKNIFTY-I.NFO,18/07/2024,09:22:16,52480,52475.35,75,52480,795,180,2109885
BANKNIFTY-I.NFO,18/07/2024,09:22:18,52471.55,52471.55,840,52477.9,30,165,2109885
BANKNIFTY-I.NFO,18/07/2024,09:22:19,52475,52471.6,45,52476.4,15,300,2109885
BANKNIFTY-I.NFO,18/07/2024,09:22:21,52471.65,52471.55,825,52478.8,15,210,2109885
BANKNIFTY-I.NFO,18/07/2024,09:22:23,52480,52478.45,15,52480,195,660,2109885
BANKNIFTY-I.NFO,18/07/2024,09:22:24,52478.8,52475.35,645,52481.8,45,1080,2109885
BANKNIFTY-I.NFO,18/07/2024,09:22:26,52480,52480,105,52483.2,60,270,2109885
BANKNIFTY-I.NFO,18/07/2024,09:22:28,52475.35,52478.2,75,52481.05,15,270,2109885
BANKNIFTY-I.NFO,18/07/2024,09:22:29,52475.35,52475.35,510,52480,30,270,2109885
BANKNIFTY-I.NFO,18/07/2024,09:22:31,52480,52478,45,52480,15,1770,2109885
BANKNIFTY-I.NFO,18/07/2024,09:22:33,52478.05,52478,30,52484.5,30,135,2109885
BANKNIFTY-I.NFO,18/07/2024,09:22:34,52481.25,52481.25,45,52486.9,15,1170,2109885
BANKNIFTY-I.NFO,18/07/2024,09:22:36,52480,52481.25,30,52484.2,30,120,2109885
BANKNIFTY-I.NFO,18/07/2024,09:22:37,52470,52469.75,15,52472.2,15,1815,2109885
BANKNIFTY-I.NFO,18/07/2024,09:22:39,52469.35,52465.5,15,52476.45,15,360,2109885
BANKNIFTY-I.NFO,18/07/2024,09:22:41,52468.2,52470,15,52470.25,300,180,2109885
BANKNIFTY-I.NFO,18/07/2024,09:22:42,52465.6,52464.85,30,52470.25,240,240,2109885
BANKNIFTY-I.NFO,18/07/2024,09:22:44,52470.25,52467.55,60,52470.25,150,90,2109885
BANKNIFTY-I.NFO,18/07/2024,09:22:46,52467.45,52465.1,30,52467.85,30,405,2109885
BANKNIFTY-I.NFO,18/07/2024,09:22:47,52465.1,52465.1,15,52465.6,30,75,2109885
BANKNIFTY-I.NFO,18/07/2024,09:22:49,52465.6,52463.95,30,52473.9,120,300,2109885
BANKNIFTY-I.NFO,18/07/2024,09:22:50,52464,52463.95,120,52473.35,15,555,2109885
BANKNIFTY-I.NFO,18/07/2024,09:22:52,52468.7,52468.7,60,52475.6,15,375,2109885
BANKNIFTY-I.NFO,18/07/2024,09:22:54,52476.35,52468.7,15,52476.5,15,75,2109885
BANKNIFTY-I.NFO,18/07/2024,09:22:55,52472.5,52468.7,15,52473.45,15,120,2109885
BANKNIFTY-I.NFO,18/07/2024,09:22:57,52461.1,52465.4,15,52468.7,15,135,2109885
BANKNIFTY-I.NFO,18/07/2024,09:22:59,52467.05,52459.15,30,52467.35,30,390,2109885
BANKNIFTY-I.NFO,18/07/2024,09:23:00,52452.35,52453,15,52454.5,15,90,2109885
BANKNIFTY-I.NFO,18/07/2024,09:23:02,52461.1,52454.75,60,52463.05,30,90,2109885
BANKNIFTY-I.NFO,18/07/2024,09:23:04,52452.3,52454.55,15,52463.1,15,135,2109885
BANKNIFTY-I.NFO,18/07/2024,09:23:05,52463.2,52454.55,15,52461.1,15,30,2109885
BANKNIFTY-I.NFO,18/07/2024,09:23:07,52461.6,52461.6,60,52465,60,105,2109885
BANKNIFTY-I.NFO,18/07/2024,09:23:08,52454.55,52454.55,15,52459.7,15,90,2109885
BANKNIFTY-I.NFO,18/07/2024,09:23:10,52457.05,52457.05,60,52459.7,15,90,2109885
BANKNIFTY-I.NFO,18/07/2024,09:23:12,52450.6,52450.05,390,52456.85,90,375,2109885
BANKNIFTY-I.NFO,18/07/2024,09:23:13,52445,52440.8,15,52450.1,15,900,2109885
BANKNIFTY-I.NFO,18/07/2024,09:23:15,52432.2,52440.85,15,52443.05,30,210,2109885
BANKNIFTY-I.NFO,18/07/2024,09:23:17,52426,52430.25,15,52439.7,120,810,2109885
BANKNIFTY-I.NFO,18/07/2024,09:23:18,52440.05,52430.95,15,52440.05,60,135,2109885
BANKNIFTY-I.NFO,18/07/2024,09:23:20,52440.65,52435.1,15,52440.8,15,90,2109885
BANKNIFTY-I.NFO,18/07/2024,09:23:22,52441.65,52445.95,60,52452.05,15,75,2109885
BANKNIFTY-I.NFO,18/07/2024,09:23:23,52450,52447.95,135,52454.55,105,240,2109885
BANKNIFTY-I.NFO,18/07/2024,09:23:25,52456.55,52454.6,120,52459.7,15,255,2109885
BANKNIFTY-I.NFO,18/07/2024,09:23:27,52463.15,52454.6,15,52462.3,30,90,2109885
BANKNIFTY-I.NFO,18/07/2024,09:23:28,52458.5,52458.5,15,52463.2,15,15,2109885
BANKNIFTY-I.NFO,18/07/2024,09:23:30,52463,52458.55,15,52463.2,15,60,2109885
BANKNIFTY-I.NFO,18/07/2024,09:23:32,52460.8,52454.7,15,52461.55,30,120,2109885
BANKNIFTY-I.NFO,18/07/2024,09:23:33,52446.7,52449.5,15,52454.1,60,75,2109885
BANKNIFTY-I.NFO,18/07/2024,09:23:35,52451.7,52443.55,15,52451.8,60,90,2109885
BANKNIFTY-I.NFO,18/07/2024,09:23:37,52447.9,52447.9,60,52452.2,15,195,2109885
BANKNIFTY-I.NFO,18/07/2024,09:23:38,52451.45,52443.75,105,52451.35,30,210,2109885
BANKNIFTY-I.NFO,18/07/2024,09:23:40,52440.85,52440.8,15,52445.4,15,255,2109885
BANKNIFTY-I.NFO,18/07/2024,09:23:42,52441.35,52433.1,15,52443.05,15,360,2109885
BANKNIFTY-I.NFO,18/07/2024,09:23:43,52448,52442.4,15,52448,90,30,2109885
BANKNIFTY-I.NFO,18/07/2024,09:23:45,52453.25,52445.75,15,52453.85,30,225,2109885
BANKNIFTY-I.NFO,18/07/2024,09:23:47,52446.2,52446.2,45,52455,30,120,2109885
BANKNIFTY-I.NFO,18/07/2024,09:23:48,52443.05,52441.55,15,52450,15,90,2109885
BANKNIFTY-I.NFO,18/07/2024,09:23:50,52450,52445.05,75,52451.35,45,75,2109885
BANKNIFTY-I.NFO,18/07/2024,09:23:52,52449.2,52444.65,60,52449.1,90,300,2109885
BANKNIFTY-I.NFO,18/07/2024,09:23:53,52440.25,52440.85,45,52450.4,75,90,2109885
BANKNIFTY-I.NFO,18/07/2024,09:23:55,52440.15,52440.25,15,52447.95,60,135,2109885
BANKNIFTY-I.NFO,18/07/2024,09:23:57,52433.45,52440.05,30,52443.3,60,360,2109885
BANKNIFTY-I.NFO,18/07/2024,09:23:58,52430,52425,135,52432.6,90,450,2109885
BANKNIFTY-I.NFO,18/07/2024,09:24:00,52438.65,52429.7,15,52439.35,15,60,2109885
BANKNIFTY-I.NFO,18/07/2024,09:24:02,52429.7,52425.1,45,52434.85,75,210,2109885
BANKNIFTY-I.NFO,18/07/2024,09:24:03,52420,52424.05,105,52433.95,120,660,2109885
BANKNIFTY-I.NFO,18/07/2024,09:24:05,52439.1,52430.5,105,52437.9,15,585,2109885
BANKNIFTY-I.NFO,18/07/2024,09:24:07,52434.8,52430.5,45,52435.4,45,165,2109885
BANKNIFTY-I.NFO,18/07/2024,09:24:08,52430.4,52422.2,15,52431.6,105,1125,2109885
BANKNIFTY-I.NFO,18/07/2024,09:24:10,52436.4,52436.2,75,52442.15,15,765,2109885
BANKNIFTY-I.NFO,18/07/2024,09:24:12,52443.55,52434.85,375,52441.5,15,135,2109885
BANKNIFTY-I.NFO,18/07/2024,09:24:13,52436.7,52434.85,30,52438.5,15,435,2109885
BANKNIFTY-I.NFO,18/07/2024,09:24:15,52423.2,52412.15,30,52421.9,120,225,2109885
BANKNIFTY-I.NFO,18/07/2024,09:24:17,52416.4,52411.35,15,52419,75,1050,2109885
BANKNIFTY-I.NFO,18/07/2024,09:24:18,52419,52416.3,15,52425.2,30,30,2109885
BANKNIFTY-I.NFO,18/07/2024,09:24:20,52429.55,52420.85,15,52429.6,30,15,2109885
BANKNIFTY-I.NFO,18/07/2024,09:24:22,52423.2,52427.05,60,52432,45,630,2109885
BANKNIFTY-I.NFO,18/07/2024,09:24:23,52413.3,52413.6,15,52423.75,30,285,2109885
BANKNIFTY-I.NFO,18/07/2024,09:24:25,52405.4,52405.5,15,52413.6,15,330,2109885
BANKNIFTY-I.NFO,18/07/2024,09:24:27,52405.85,52405.85,45,52414.3,30,135,2109885
BANKNIFTY-I.NFO,18/07/2024,09:24:28,52402,52401,60,52405.45,120,420,2109885
BANKNIFTY-I.NFO,18/07/2024,09:24:30,52402,52404.4,15,52411.55,120,0,2109885
BANKNIFTY-I.NFO,18/07/2024,09:24:32,52405.9,52405.9,45,52412.5,30,135,2109885
BANKNIFTY-I.NFO,18/07/2024,09:24:33,52412.8,52405.9,60,52413.4,120,45,2109885
BANKNIFTY-I.NFO,18/07/2024,09:24:35,52405.9,52400.15,15,52404.4,120,240,2109885
BANKNIFTY-I.NFO,18/07/2024,09:24:37,52399.7,52395,30,52398.55,30,555,2109885
BANKNIFTY-I.NFO,18/07/2024,09:24:39,52396.95,52387.3,30,52397.85,15,300,2109885
BANKNIFTY-I.NFO,18/07/2024,09:24:40,52396.95,52395.4,15,52405,15,120,2118915
BANKNIFTY-I.NFO,18/07/2024,09:24:42,52395.25,52395.25,15,52402.7,30,75,2118915
BANKNIFTY-I.NFO,18/07/2024,09:24:44,52404.35,52398.95,60,52404.15,30,105,2118915
BANKNIFTY-I.NFO,18/07/2024,09:24:45,52404.15,52395.7,15,52405,30,135,2118915
BANKNIFTY-I.NFO,18/07/2024,09:24:47,52398.2,52398.1,30,52408,15,795,2118915
BANKNIFTY-I.NFO,18/07/2024,09:24:49,52406.65,52408.55,30,52412,60,120,2118915
BANKNIFTY-I.NFO,18/07/2024,09:24:50,52408.55,52408.55,15,52412,30,75,2118915
BANKNIFTY-I.NFO,18/07/2024,09:24:52,52408.1,52408.1,60,52412,30,180,2118915
BANKNIFTY-I.NFO,18/07/2024,09:24:54,52408.1,52408.1,15,52410.2,30,135,2118915
BANKNIFTY-I.NFO,18/07/2024,09:24:55,52406.6,52404.55,60,52406.8,30,30,2118915
BANKNIFTY-I.NFO,18/07/2024,09:24:57,52401.7,52401.65,30,52412.45,15,90,2118915
BANKNIFTY-I.NFO,18/07/2024,09:24:59,52405.05,52400,900,52405.85,15,45,2118915
BANKNIFTY-I.NFO,18/07/2024,09:25:00,52385,52385.2,30,52389.7,15,990,2118915
BANKNIFTY-I.NFO,18/07/2024,09:25:02,52381.75,52381.25,15,52392.3,45,300,2118915
BANKNIFTY-I.NFO,18/07/2024,09:25:04,52381.75,52381.75,15,52391.5,15,435,2118915
BANKNIFTY-I.NFO,18/07/2024,09:25:05,52379.75,52381.2,30,52393.75,15,330,2118915
BANKNIFTY-I.NFO,18/07/2024,09:25:07,52385,52381.2,15,52385,45,345,2118915
BANKNIFTY-I.NFO,18/07/2024,09:25:09,52380.15,52381.65,45,52392.05,15,210,2118915
BANKNIFTY-I.NFO,18/07/2024,09:25:10,52392.4,52392.1,15,52401.15,30,390,2118915
BANKNIFTY-I.NFO,18/07/2024,09:25:12,52387.45,52387.45,30,52398.3,45,165,2118915
BANKNIFTY-I.NFO,18/07/2024,09:25:14,52385,52387.65,105,52396.5,30,585,2118915
BANKNIFTY-I.NFO,18/07/2024,09:25:15,52401.45,52391.75,75,52401.4,15,255,2118915
BANKNIFTY-I.NFO,18/07/2024,09:25:17,52391.25,52389.2,30,52399.1,15,135,2118915
BANKNIFTY-I.NFO,18/07/2024,09:25:19,52399.2,52386.5,15,52396.9,30,45,2118915
BANKNIFTY-I.NFO,18/07/2024,09:25:20,52397.5,52388.1,60,52397.8,30,45,2118915
BANKNIFTY-I.NFO,18/07/2024,09:25:22,52401.4,52389.5,30,52401.8,60,180,2118915
BANKNIFTY-I.NFO,18/07/2024,09:25:24,52393.6,52392.45,15,52396.9,390,405,2118915
BANKNIFTY-I.NFO,18/07/2024,09:25:25,52389.5,52386.5,15,52392.45,60,30,2118915
BANKNIFTY-I.NFO,18/07/2024,09:25:27,52386.95,52382,15,52386.85,45,30,2118915
BANKNIFTY-I.NFO,18/07/2024,09:25:29,52380,52380,240,52386.4,45,60,2118915
BANKNIFTY-I.NFO,18/07/2024,09:25:30,52386.5,52386.95,15,52389.2,15,90,2118915
BANKNIFTY-I.NFO,18/07/2024,09:25:32,52382.75,52381.8,15,52386.7,15,75,2118915
BANKNIFTY-I.NFO,18/07/2024,09:25:34,52386.85,52386.7,30,52389.15,15,465,2118915
BANKNIFTY-I.NFO,18/07/2024,09:25:35,52382.05,52386.85,15,52389.1,15,45,2118915
BANKNIFTY-I.NFO,18/07/2024,09:25:37,52386.7,52381.95,15,52389.1,15,135,2118915
BANKNIFTY-I.NFO,18/07/2024,09:25:38,52390.85,52389.1,30,52392.45,60,150,2118915
BANKNIFTY-I.NFO,18/07/2024,09:25:40,52390.1,52389.1,30,52396.85,135,105,2118915
BANKNIFTY-I.NFO,18/07/2024,09:25:42,52390.1,52389.1,45,52396.85,105,0,2118915
BANKNIFTY-I.NFO,18/07/2024,09:25:43,52392.6,52392.45,30,52400,30,570,2118915
BANKNIFTY-I.NFO,18/07/2024,09:25:45,52394.55,52394.5,15,52404.95,30,135,2118915
BANKNIFTY-I.NFO,18/07/2024,09:25:47,52393.85,52398.15,60,52404.95,15,45,2118915
BANKNIFTY-I.NFO,18/07/2024,09:25:48,52405,52397,150,52405.45,45,30,2118915
BANKNIFTY-I.NFO,18/07/2024,09:25:50,52407,52401.55,45,52408.1,30,30,2118915
BANKNIFTY-I.NFO,18/07/2024,09:25:52,52409,52403.25,15,52413.95,30,120,2118915
BANKNIFTY-I.NFO,18/07/2024,09:25:53,52412.55,52407.15,15,52415.55,30,210,2118915
BANKNIFTY-I.NFO,18/07/2024,09:25:55,52409.6,52403.25,15,52409.95,120,30,2118915
BANKNIFTY-I.NFO,18/07/2024,09:25:57,52411.3,52403.25,15,52411.3,120,45,2118915
BANKNIFTY-I.NFO,18/07/2024,09:25:58,52407,52403.25,30,52408.4,60,45,2118915
BANKNIFTY-I.NFO,18/07/2024,09:26:00,52392.35,52390,15,52394.55,105,915,2118915
BANKNIFTY-I.NFO,18/07/2024,09:26:02,52397.95,52390.05,15,52398.7,75,15,2118915
BANKNIFTY-I.NFO,18/07/2024,09:26:03,52399.95,52392.2,15,52399.95,60,30,2118915
BANKNIFTY-I.NFO,18/07/2024,09:26:05,52385,52388.25,45,52398,120,510,2118915
BANKNIFTY-I.NFO,18/07/2024,09:26:07,52399.5,52393.1,15,52399.5,45,150,2118915
BANKNIFTY-I.NFO,18/07/2024,09:26:08,52393.1,52393.1,15,52399.5,30,30,2118915
BANKNIFTY-I.NFO,18/07/2024,09:26:10,52401.05,52393.1,30,52399.5,45,120,2118915
BANKNIFTY-I.NFO,18/07/2024,09:26:12,52386.85,52393.1,30,52400.2,30,90,2118915
BANKNIFTY-I.NFO,18/07/2024,09:26:13,52390.65,52397.95,15,52399.35,45,285,2118915
BANKNIFTY-I.NFO,18/07/2024,09:26:15,52387.6,52386.85,15,52396.05,30,75,2118915
BANKNIFTY-I.NFO,18/07/2024,09:26:17,52388.45,52389.1,45,52398.55,15,30,2118915
BANKNIFTY-I.NFO,18/07/2024,09:26:18,52402.6,52388.4,120,52402.4,45,15,2118915
BANKNIFTY-I.NFO,18/07/2024,09:26:20,52402.7,52400.45,150,52409.2,30,15,2118915
BANKNIFTY-I.NFO,18/07/2024,09:26:22,52407.55,52400.45,150,52405.55,45,105,2118915
BANKNIFTY-I.NFO,18/07/2024,09:26:23,52407.55,52400.45,150,52404.3,45,0,2118915
BANKNIFTY-I.NFO,18/07/2024,09:26:25,52400.45,52390.25,30,52400.6,30,150,2118915
BANKNIFTY-I.NFO,18/07/2024,09:26:27,52400.7,52390,165,52400.15,30,15,2118915
BANKNIFTY-I.NFO,18/07/2024,09:26:28,52402.25,52390.3,45,52401.9,30,120,2118915
BANKNIFTY-I.NFO,18/07/2024,09:26:30,52402.25,52394.5,45,52404.75,30,0,2118915
BANKNIFTY-I.NFO,18/07/2024,09:26:32,52402.25,52397.05,30,52407.65,45,0,2118915
BANKNIFTY-I.NFO,18/07/2024,09:26:33,52405.5,52400.65,30,52410.45,60,45,2118915
BANKNIFTY-I.NFO,18/07/2024,09:26:35,52406,52400,150,52408.75,30,30,2118915
BANKNIFTY-I.NFO,18/07/2024,09:26:37,52400.75,52400.1,45,52407.55,45,60,2118915
BANKNIFTY-I.NFO,18/07/2024,09:26:38,52407.55,52400,150,52407.55,30,30,2118915
BANKNIFTY-I.NFO,18/07/2024,09:26:40,52400,52400.05,30,52407.55,30,15,2118915
BANKNIFTY-I.NFO,18/07/2024,09:26:42,52407.55,52400.1,60,52408.75,15,90,2118915
BANKNIFTY-I.NFO,18/07/2024,09:26:43,52408.75,52403.85,30,52410.4,15,15,2118915
BANKNIFTY-I.NFO,18/07/2024,09:26:45,52408.75,52404.35,30,52408.75,15,15,2118915
BANKNIFTY-I.NFO,18/07/2024,09:26:47,52404.3,52410,15,52413.45,15,240,2118915
BANKNIFTY-I.NFO,18/07/2024,09:26:48,52400,52400,150,52406.7,30,105,2118915
BANKNIFTY-I.NFO,18/07/2024,09:26:50,52400,52396,30,52400,240,330,2118915
BANKNIFTY-I.NFO,18/07/2024,09:26:52,52405.45,52396,15,52400,60,915,2118915
BANKNIFTY-I.NFO,18/07/2024,09:26:53,52400,52396,15,52400,60,240,2118915
BANKNIFTY-I.NFO,18/07/2024,09:26:55,52400,52396,30,52400,45,15,2118915
BANKNIFTY-I.NFO,18/07/2024,09:26:57,52395.8,52390,15,52396.55,15,45,2118915
BANKNIFTY-I.NFO,18/07/2024,09:26:58,52399.4,52390,15,52399.1,30,120,2118915
BANKNIFTY-I.NFO,18/07/2024,09:27:00,52389.2,52388,60,52388.7,45,105,2118915
BANKNIFTY-I.NFO,18/07/2024,09:27:01,52400,52391,135,52400,75,150,2118915
BANKNIFTY-I.NFO,18/07/2024,09:27:03,52389.5,52386.05,120,52395.2,45,45,2118915
BANKNIFTY-I.NFO,18/07/2024,09:27:05,52390.6,52386.75,120,52397.05,45,30,2118915
BANKNIFTY-I.NFO,18/07/2024,09:27:06,52395.9,52389.3,120,52399.95,30,15,2118915
BANKNIFTY-I.NFO,18/07/2024,09:27:08,52395.9,52388.5,120,52397.05,45,0,2118915
BANKNIFTY-I.NFO,18/07/2024,09:27:10,52396,52390.6,15,52397.05,45,15,2118915
BANKNIFTY-I.NFO,18/07/2024,09:27:11,52393.2,52390.9,30,52399.9,15,1290,2118915
BANKNIFTY-I.NFO,18/07/2024,09:27:13,52399.9,52392.2,60,52399.95,15,15,2118915
BANKNIFTY-I.NFO,18/07/2024,09:27:15,52389.35,52389.2,45,52394.65,15,30,2118915
BANKNIFTY-I.NFO,18/07/2024,09:27:16,52399.8,52390.75,30,52399.85,30,75,2118915
BANKNIFTY-I.NFO,18/07/2024,09:27:18,52399.8,52393.15,90,52399.85,30,0,2118915
BANKNIFTY-I.NFO,18/07/2024,09:27:19,52393.45,52395,60,52399.7,15,15,2118915
BANKNIFTY-I.NFO,18/07/2024,09:27:21,52395,52395,30,52399,15,45,2118915
BANKNIFTY-I.NFO,18/07/2024,09:27:23,52399.7,52397,15,52399.85,30,90,2118915
BANKNIFTY-I.NFO,18/07/2024,09:27:24,52399.7,52397,15,52399.85,30,0,2118915
BANKNIFTY-I.NFO,18/07/2024,09:27:26,52400.4,52399.3,15,52409.8,45,270,2118915
BANKNIFTY-I.NFO,18/07/2024,09:27:28,52404.55,52399.5,45,52410,15,15,2118915
BANKNIFTY-I.NFO,18/07/2024,09:27:29,52399.55,52399.5,60,52408.15,30,60,2118915
BANKNIFTY-I.NFO,18/07/2024,09:27:31,52407.95,52399.5,75,52405.85,45,195,2118915
BANKNIFTY-I.NFO,18/07/2024,09:27:33,52399.5,52399.5,30,52403.6,45,45,2118915
BANKNIFTY-I.NFO,18/07/2024,09:27:34,52400.5,52393,15,52399.1,45,495,2118915
BANKNIFTY-I.NFO,18/07/2024,09:27:36,52393,52390,150,52395.95,60,15,2118915
BANKNIFTY-I.NFO,18/07/2024,09:27:38,52397.25,52391.75,120,52400,15,105,2118915
BANKNIFTY-I.NFO,18/07/2024,09:27:39,52397.25,52393,30,52400,15,0,2118915
BANKNIFTY-I.NFO,18/07/2024,09:27:41,52397.25,52393,75,52399.15,15,0,2118915
BANKNIFTY-I.NFO,18/07/2024,09:27:43,52397.25,52393,75,52397.85,30,0,2118915
BANKNIFTY-I.NFO,18/07/2024,09:27:44,52393,52397.25,15,52400,30,45,2118255
BANKNIFTY-I.NFO,18/07/2024,09:27:46,52395.6,52393,15,52394.5,75,60,2118255
BANKNIFTY-I.NFO,18/07/2024,09:27:48,52397,52393,15,52400,135,270,2118255
BANKNIFTY-I.NFO,18/07/2024,09:27:49,52400.1,52393,45,52393.65,15,90,2118255
BANKNIFTY-I.NFO,18/07/2024,09:27:51,52393,52393,30,52400.65,15,45,2118255
BANKNIFTY-I.NFO,18/07/2024,09:27:53,52390.45,52390,330,52398.8,30,360,2118255
BANKNIFTY-I.NFO,18/07/2024,09:27:54,52397.45,52390,315,52397.4,30,60,2118255
BANKNIFTY-I.NFO,18/07/2024,09:27:56,52395,52392.7,15,52401.95,15,15,2118255
BANKNIFTY-I.NFO,18/07/2024,09:27:58,52387.5,52387.85,90,52398.15,15,1065,2118255
BANKNIFTY-I.NFO,18/07/2024,09:27:59,52397.75,52387.9,105,52398.95,45,30,2118255
BANKNIFTY-I.NFO,18/07/2024,09:28:01,52399.9,52388.55,90,52399.2,135,30,2118255
BANKNIFTY-I.NFO,18/07/2024,09:28:03,52382.05,52380,210,52388.3,90,315,2118255
BANKNIFTY-I.NFO,18/07/2024,09:28:04,52377.95,52380.3,120,52390.4,15,2115,2118255
BANKNIFTY-I.NFO,18/07/2024,09:28:06,52384.45,52380,15,52386.6,45,150,2118255
BANKNIFTY-I.NFO,18/07/2024,09:28:08,52377,52377,15,52386.25,15,120,2118255
BANKNIFTY-I.NFO,18/07/2024,09:28:09,52377.1,52380.05,15,52385.5,60,165,2118255
BANKNIFTY-I.NFO,18/07/2024,09:28:11,52375,52375,75,52384.4,30,660,2118255
BANKNIFTY-I.NFO,18/07/2024,09:28:13,52380.3,52378.3,30,52389.15,15,90,2118255
BANKNIFTY-I.NFO,18/07/2024,09:28:14,52386.05,52381,150,52387.3,45,15,2118255
BANKNIFTY-I.NFO,18/07/2024,09:28:16,52381,52381,120,52389,30,75,2118255
BANKNIFTY-I.NFO,18/07/2024,09:28:18,52393.4,52392.05,30,52395,15,75,2118255
BANKNIFTY-I.NFO,18/07/2024,09:28:19,52382.45,52381,105,52387.75,30,60,2118255
BANKNIFTY-I.NFO,18/07/2024,09:28:21,52381,52381,90,52387.6,75,90,2118255
BANKNIFTY-I.NFO,18/07/2024,09:28:23,52381,52375.85,30,52381,105,120,2118255
BANKNIFTY-I.NFO,18/07/2024,09:28:24,52381,52378.4,45,52381,105,0,2118255
BANKNIFTY-I.NFO,18/07/2024,09:28:26,52373.35,52373,15,52381.8,30,1155,2118255
BANKNIFTY-I.NFO,18/07/2024,09:28:28,52373.55,52374.6,15,52385.05,15,45,2118255
BANKNIFTY-I.NFO,18/07/2024,09:28:29,52381,52380,60,52383.75,120,120,2118255
BANKNIFTY-I.NFO,18/07/2024,09:28:31,52374.65,52374.65,45,52381.1,90,210,2118255
BANKNIFTY-I.NFO,18/07/2024,09:28:33,52371,52370.3,60,52379.55,15,420,2118255
BANKNIFTY-I.NFO,18/07/2024,09:28:34,52366.3,52366.25,30,52376.45,15,450,2118255
BANKNIFTY-I.NFO,18/07/2024,09:28:36,52370,52375,15,52377.05,15,150,2118255
BANKNIFTY-I.NFO,18/07/2024,09:28:38,52377.35,52374.65,15,52378.45,120,45,2118255
BANKNIFTY-I.NFO,18/07/2024,09:28:39,52377.75,52369.15,15,52377.95,90,180,2118255
BANKNIFTY-I.NFO,18/07/2024,09:28:41,52377.95,52370.5,15,52377.95,30,30,2118255
BANKNIFTY-I.NFO,18/07/2024,09:28:43,52374.2,52374.55,15,52379.55,390,105,2118255
BANKNIFTY-I.NFO,18/07/2024,09:28:44,52375,52375.75,45,52377,165,45,2118255
BANKNIFTY-I.NFO,18/07/2024,09:28:46,52374.55,52373.4,105,52376.95,30,60,2118255
BANKNIFTY-I.NFO,18/07/2024,09:28:48,52374.2,52374.2,15,52375,15,105,2118255
BANKNIFTY-I.NFO,18/07/2024,09:28:49,52373.4,52370,15,52373.4,300,60,2118255
BANKNIFTY-I.NFO,18/07/2024,09:28:51,52364.8,52366.05,60,52372.05,195,615,2118255
BANKNIFTY-I.NFO,18/07/2024,09:28:53,52369.5,52369.5,30,52374.2,75,225,2118255
BANKNIFTY-I.NFO,18/07/2024,09:28:54,52374.2,52372.05,15,52374.2,60,15,2118255
BANKNIFTY-I.NFO,18/07/2024,09:28:56,52370.5,52371.95,15,52379.55,120,1230,2118255
BANKNIFTY-I.NFO,18/07/2024,09:28:58,52376.2,52376.2,285,52380,465,30,2118255
BANKNIFTY-I.NFO,18/07/2024,09:28:59,52380,52377.8,15,52385,15,495,2118255
BANKNIFTY-I.NFO,18/07/2024,09:29:01,52391.75,52392.15,45,52398.95,30,225,2118255
BANKNIFTY-I.NFO,18/07/2024,09:29:03,52392.45,52392.15,15,52398,195,165,2118255
BANKNIFTY-I.NFO,18/07/2024,09:29:04,52393.15,52393.1,135,52398,150,165,2118255
BANKNIFTY-I.NFO,18/07/2024,09:29:06,52397.95,52397,60,52403.95,30,555,2118255
BANKNIFTY-I.NFO,18/07/2024,09:29:08,52400.8,52401.5,15,52407,15,1080,2118255
BANKNIFTY-I.NFO,18/07/2024,09:29:09,52398,52398,90,52405.9,30,210,2118255
BANKNIFTY-I.NFO,18/07/2024,09:29:11,52407.45,52403.25,15,52409.3,30,1245,2118255
BANKNIFTY-I.NFO,18/07/2024,09:29:13,52406.25,52403.25,30,52406.55,300,45,2118255
BANKNIFTY-I.NFO,18/07/2024,09:29:14,52401.7,52401.5,405,52401.8,15,45,2118255
BANKNIFTY-I.NFO,18/07/2024,09:29:16,52406.75,52401.5,405,52404,45,135,2118255
BANKNIFTY-I.NFO,18/07/2024,09:29:18,52415,52406.55,135,52415,60,285,2118255
BANKNIFTY-I.NFO,18/07/2024,09:29:19,52416,52413,120,52421,15,75,2118255
BANKNIFTY-I.NFO,18/07/2024,09:29:21,52411.95,52416.65,30,52419.6,15,135,2118255
BANKNIFTY-I.NFO,18/07/2024,09:29:23,52409.65,52405.85,135,52415.95,75,105,2118255
BANKNIFTY-I.NFO,18/07/2024,09:29:24,52414.6,52408.3,135,52417.4,15,45,2118255
BANKNIFTY-I.NFO,18/07/2024,09:29:26,52417.1,52406.05,120,52415.9,45,30,2118255
BANKNIFTY-I.NFO,18/07/2024,09:29:28,52408.1,52406,405,52408.1,210,150,2118255
BANKNIFTY-I.NFO,18/07/2024,09:29:29,52408.1,52406,405,52408.1,210,0,2118255
BANKNIFTY-I.NFO,18/07/2024,09:29:31,52407.1,52407.05,30,52409.65,15,225,2118255
BANKNIFTY-I.NFO,18/07/2024,09:29:33,52415.85,52410.7,45,52415.9,45,105,2118255
BANKNIFTY-I.NFO,18/07/2024,09:29:34,52418.65,52410.75,120,52419.8,45,30,2118255
BANKNIFTY-I.NFO,18/07/2024,09:29:36,52415.3,52410.8,30,52417.5,45,75,2118255
BANKNIFTY-I.NFO,18/07/2024,09:29:38,52419.2,52413.25,120,52420,30,30,2118255
BANKNIFTY-I.NFO,18/07/2024,09:29:39,52419.8,52419.8,75,52421.4,30,165,2118255
BANKNIFTY-I.NFO,18/07/2024,09:29:41,52420.6,52419.85,30,52421.4,30,75,2118255
BANKNIFTY-I.NFO,18/07/2024,09:29:43,52407.9,52407.45,120,52417.4,15,255,2118255
BANKNIFTY-I.NFO,18/07/2024,09:29:44,52408.75,52408,90,52417.15,15,240,2118255
BANKNIFTY-I.NFO,18/07/2024,09:29:46,52410.35,52408.05,15,52410.35,195,135,2118255
BANKNIFTY-I.NFO,18/07/2024,09:29:48,52408.05,52408.15,30,52410.35,195,15,2118255
BANKNIFTY-I.NFO,18/07/2024,09:29:49,52410.35,52408.15,30,52410.35,180,15,2118255
BANKNIFTY-I.NFO,18/07/2024,09:29:51,52401,52400.55,45,52405.85,15,495,2118255
BANKNIFTY-I.NFO,18/07/2024,09:29:53,52400.55,52400.35,405,52405.85,15,30,2118255
BANKNIFTY-I.NFO,18/07/2024,09:29:54,52400.15,52400,180,52404.4,15,900,2118255
BANKNIFTY-I.NFO,18/07/2024,09:29:56,52400,52393.6,15,52398.4,120,180,2118255
BANKNIFTY-I.NFO,18/07/2024,09:29:58,52391.75,52390.35,75,52398.9,15,915,2118255
BANKNIFTY-I.NFO,18/07/2024,09:29:59,52394.5,52393.6,180,52394.5,255,315,2118255
BANKNIFTY-I.NFO,18/07/2024,09:30:01,52399.75,52393.65,30,52400,2700,315,2118255
BANKNIFTY-I.NFO,18/07/2024,09:30:03,52400,52395.95,30,52399.95,30,675,2118255
BANKNIFTY-I.NFO,18/07/2024,09:30:04,52401,52404.2,15,52405.5,300,2730,2118255
BANKNIFTY-I.NFO,18/07/2024,09:30:06,52404.2,52404.3,15,52405.8,30,90,2118255
BANKNIFTY-I.NFO,18/07/2024,09:30:08,52416.1,52410,15,52417.3,15,1065,2118255
BANKNIFTY-I.NFO,18/07/2024,09:30:09,52410.5,52411.3,15,52419.2,15,60,2118255
BANKNIFTY-I.NFO,18/07/2024,09:30:11,52414.55,52414.9,30,52419.35,30,105,2118255
BANKNIFTY-I.NFO,18/07/2024,09:30:13,52419.95,52411.25,15,52416.6,165,285,2118255
BANKNIFTY-I.NFO,18/07/2024,09:30:14,52405.2,52406.25,15,52412.55,45,45,2118255
BANKNIFTY-I.NFO,18/07/2024,09:30:16,52408.65,52407.45,30,52414.5,900,45,2118255
BANKNIFTY-I.NFO,18/07/2024,09:30:18,52408.65,52409.45,30,52414.15,120,0,2118255
BANKNIFTY-I.NFO,18/07/2024,09:30:19,52409.95,52402.25,45,52410,15,2145,2118255
BANKNIFTY-I.NFO,18/07/2024,09:30:21,52406.05,52402.55,15,52409.95,120,30,2118255
BANKNIFTY-I.NFO,18/07/2024,09:30:23,52402.55,52402.5,15,52405.6,300,255,2118255
BANKNIFTY-I.NFO,18/07/2024,09:30:24,52402.55,52403.65,30,52405.6,900,0,2118255
BANKNIFTY-I.NFO,18/07/2024,09:30:26,52404.65,52403.65,60,52405.05,300,45,2118255
BANKNIFTY-I.NFO,18/07/2024,09:30:28,52404.65,52405.6,15,52408.05,300,0,2118255
BANKNIFTY-I.NFO,18/07/2024,09:30:29,52408.05,52405.65,15,52408.05,210,105,2118255
BANKNIFTY-I.NFO,18/07/2024,09:30:31,52408.05,52406.9,15,52408.05,210,0,2118255
BANKNIFTY-I.NFO,18/07/2024,09:30:33,52408.05,52407.45,30,52408.05,1065,45,2118255
BANKNIFTY-I.NFO,18/07/2024,09:30:34,52407.45,52407.45,120,52408.05,900,165,2118255
BANKNIFTY-I.NFO,18/07/2024,09:30:36,52407.45,52408.55,30,52409.3,300,0,2118255
BANKNIFTY-I.NFO,18/07/2024,09:30:38,52409.65,52408.55,120,52409.65,870,30,2118255
BANKNIFTY-I.NFO,18/07/2024,09:30:39,52408.55,52409.2,30,52409.85,870,15,2118255
BANKNIFTY-I.NFO,18/07/2024,09:30:41,52410,52409.2,120,52409.65,15,45,2118375
BANKNIFTY-I.NFO,18/07/2024,09:30:43,52409.3,52409.2,15,52409.3,240,270,2118375
BANKNIFTY-I.NFO,18/07/2024,09:30:44,52409.3,52402.55,15,52407.7,30,210,2118375
BANKNIFTY-I.NFO,18/07/2024,09:30:46,52400,52394.95,15,52400,90,60,2118375
BANKNIFTY-I.NFO,18/07/2024,09:30:48,52390,52382.75,30,52388.15,30,375,2118375
BANKNIFTY-I.NFO,18/07/2024,09:30:49,52395,52386.85,120,52397.25,15,735,2118375
BANKNIFTY-I.NFO,18/07/2024,09:30:51,52395,52394.15,30,52397.8,60,0,2118375
BANKNIFTY-I.NFO,18/07/2024,09:30:53,52396.9,52394.15,15,52396.9,285,2745,2118375
BANKNIFTY-I.NFO,18/07/2024,09:30:54,52396.9,52395.5,15,52396.9,225,75,2118375
BANKNIFTY-I.NFO,18/07/2024,09:30:56,52396.9,52395.5,90,52396.9,75,150,2118375
BANKNIFTY-I.NFO,18/07/2024,09:30:58,52395.5,52395.5,75,52403.85,30,75,2118375
BANKNIFTY-I.NFO,18/07/2024,09:30:59,52395.55,52387.5,15,52390,15,330,2118375
BANKNIFTY-I.NFO,18/07/2024,09:31:01,52386.9,52384.45,15,52393.9,105,45,2118375
BANKNIFTY-I.NFO,18/07/2024,09:31:03,52386.9,52383.2,30,52391.9,105,0,2118375
BANKNIFTY-I.NFO,18/07/2024,09:31:04,52389.2,52388.65,15,52396.9,15,45,2118375
BANKNIFTY-I.NFO,18/07/2024,09:31:06,52395.3,52388.65,45,52395.95,90,60,2118375
BANKNIFTY-I.NFO,18/07/2024,09:31:07,52395.3,52389.4,15,52396.9,30,0,2118375
BANKNIFTY-I.NFO,18/07/2024,09:31:09,52388.65,52386.9,15,52392.65,45,120,2118375
BANKNIFTY-I.NFO,18/07/2024,09:31:11,52388.2,52381,15,52388.1,60,150,2118375
BANKNIFTY-I.NFO,18/07/2024,09:31:12,52384.55,52384.55,15,52388.1,30,15,2118375
BANKNIFTY-I.NFO,18/07/2024,09:31:14,52384.55,52384.55,15,52388.1,30,0,2118375
BANKNIFTY-I.NFO,18/07/2024,09:31:16,52388.25,52386.3,30,52388.25,15,45,2118375
BANKNIFTY-I.NFO,18/07/2024,09:31:17,52388.65,52384,15,52388.2,15,30,2118375
BANKNIFTY-I.NFO,18/07/2024,09:31:19,52384.55,52388,15,52388.65,630,15,2118375
BANKNIFTY-I.NFO,18/07/2024,09:31:21,52386.3,52384,15,52387.4,15,75,2118375
BANKNIFTY-I.NFO,18/07/2024,09:31:22,52385,52385,210,52388,150,30,2118375
BANKNIFTY-I.NFO,18/07/2024,09:31:24,52385,52385.05,15,52388,150,195,2118375
BANKNIFTY-I.NFO,18/07/2024,09:31:26,52385,52385,30,52386.3,15,75,2118375
BANKNIFTY-I.NFO,18/07/2024,09:31:27,52380,52383.15,30,52386.3,15,225,2118375
BANKNIFTY-I.NFO,18/07/2024,09:31:29,52383.15,52380,7215,52383.3,30,45,2118375
BANKNIFTY-I.NFO,18/07/2024,09:31:31,52380,52380,7140,52383.15,450,135,2118375
BANKNIFTY-I.NFO,18/07/2024,09:31:32,52380,52380,6690,52383.1,15,480,2118375
BANKNIFTY-I.NFO,18/07/2024,09:31:34,52373.4,52373.45,15,52380.65,30,7500,2118375
BANKNIFTY-I.NFO,18/07/2024,09:31:36,52377.2,52378.55,30,52380,30,75,2118375
BANKNIFTY-I.NFO,18/07/2024,09:31:37,52378.55,52376.2,15,52378.55,15,1290,2118375
BANKNIFTY-I.NFO,18/07/2024,09:31:39,52377,52376.2,45,52378.55,15,30,2118375
BANKNIFTY-I.NFO,18/07/2024,09:31:41,52376.2,52376.25,30,52378.55,15,30,2118375
BANKNIFTY-I.NFO,18/07/2024,09:31:42,52375.6,52375,15,52376.2,270,90,2118375
BANKNIFTY-I.NFO,18/07/2024,09:31:44,52373.05,52375,15,52376.2,120,195,2118375
BANKNIFTY-I.NFO,18/07/2024,09:31:45,52380,52378.2,45,52380,15,195,2118375
BANKNIFTY-I.NFO,18/07/2024,09:31:47,52378.75,52380.05,120,52389.4,120,345,2118375
BANKNIFTY-I.NFO,18/07/2024,09:31:49,52378.75,52385,45,52389.95,30,0,2118375
BANKNIFTY-I.NFO,18/07/2024,09:31:50,52385.5,52385.5,30,52389.95,15,75,2118375
BANKNIFTY-I.NFO,18/07/2024,09:31:52,52390,52391.6,15,52396.9,15,1050,2118375
BANKNIFTY-I.NFO,18/07/2024,09:31:54,52392.2,52387.9,15,52392.55,15,270,2118375
BANKNIFTY-I.NFO,18/07/2024,09:31:55,52395.3,52388.35,30,52398.25,120,30,2118375
BANKNIFTY-I.NFO,18/07/2024,09:31:57,52400,52394.9,15,52401.25,120,45,2118375
BANKNIFTY-I.NFO,18/07/2024,09:31:59,52401.25,52397.35,15,52401.9,30,45,2118375
BANKNIFTY-I.NFO,18/07/2024,09:32:00,52399.6,52399.6,15,52401.9,30,105,2118375
BANKNIFTY-I.NFO,18/07/2024,09:32:02,52399.6,52399.6,60,52400.65,45,15,2118375
BANKNIFTY-I.NFO,18/07/2024,09:32:04,52400.35,52401.25,15,52401.9,30,15,2118375
BANKNIFTY-I.NFO,18/07/2024,09:32:05,52401.25,52401.25,30,52403.15,45,90,2118375
BANKNIFTY-I.NFO,18/07/2024,09:32:07,52402.15,52402.15,45,52409.5,45,15,2118375
BANKNIFTY-I.NFO,18/07/2024,09:32:09,52408.5,52405.15,30,52409.4,15,30,2118375
BANKNIFTY-I.NFO,18/07/2024,09:32:10,52408.5,52405.15,90,52409.6,30,0,2118375
BANKNIFTY-I.NFO,18/07/2024,09:32:12,52405.15,52407.35,30,52408.5,15,45,2118375
BANKNIFTY-I.NFO,18/07/2024,09:32:14,52409.6,52407.4,30,52409.65,15,45,2118375
BANKNIFTY-I.NFO,18/07/2024,09:32:15,52408.5,52408.5,30,52409.65,15,15,2118375
BANKNIFTY-I.NFO,18/07/2024,09:32:17,52415,52408.55,30,52415,45,30,2118375
BANKNIFTY-I.NFO,18/07/2024,09:32:18,52411.75,52408.55,90,52416.95,15,105,2118375
BANKNIFTY-I.NFO,18/07/2024,09:32:20,52419,52408.8,15,52416.95,30,45,2118375
BANKNIFTY-I.NFO,18/07/2024,09:32:22,52412.9,52411.45,30,52420,45,120,2118375
BANKNIFTY-I.NFO,18/07/2024,09:32:23,52413.6,52413.95,30,52420,45,15,2118375
BANKNIFTY-I.NFO,18/07/2024,09:32:25,52421.05,52420,15,52423.35,30,60,2118375
BANKNIFTY-I.NFO,18/07/2024,09:32:27,52420,52418.85,30,52419.6,300,360,2118375
BANKNIFTY-I.NFO,18/07/2024,09:32:28,52418.1,52416.95,15,52418.15,270,45,2118375
BANKNIFTY-I.NFO,18/07/2024,09:32:30,52418.15,52417.55,30,52418.15,255,15,2118375
BANKNIFTY-I.NFO,18/07/2024,09:32:32,52433.4,52424.7,15,52433.4,105,1275,2118375
BANKNIFTY-I.NFO,18/07/2024,09:32:33,52429.7,52424.7,75,52430.1,30,240,2118375
BANKNIFTY-I.NFO,18/07/2024,09:32:35,52424.7,52416.95,15,52425.5,30,90,2118375
BANKNIFTY-I.NFO,18/07/2024,09:32:37,52423.95,52414.85,15,52424.35,15,90,2118375
BANKNIFTY-I.NFO,18/07/2024,09:32:38,52414.9,52414.85,15,52414.9,135,30,2118375
BANKNIFTY-I.NFO,18/07/2024,09:32:40,52414.85,52414.85,15,52414.9,30,120,2118375
BANKNIFTY-I.NFO,18/07/2024,09:32:42,52420,52417.45,45,52420,45,45,2118375
BANKNIFTY-I.NFO,18/07/2024,09:32:43,52420.75,52419,45,52420.75,255,90,2118375
BANKNIFTY-I.NFO,18/07/2024,09:32:45,52420.75,52420.3,30,52420.75,195,60,2118375
BANKNIFTY-I.NFO,18/07/2024,09:32:47,52420.3,52420,15,52420.7,15,75,2118375
BANKNIFTY-I.NFO,18/07/2024,09:32:48,52414.9,52409.15,15,52414.9,180,165,2118375
BANKNIFTY-I.NFO,18/07/2024,09:32:50,52417.9,52409.2,15,52418.25,15,270,2118375
BANKNIFTY-I.NFO,18/07/2024,09:32:52,52420.1,52412.2,30,52419.6,30,15,2118375
BANKNIFTY-I.NFO,18/07/2024,09:32:53,52423.1,52414.15,15,52420.1,60,45,2118375
BANKNIFTY-I.NFO,18/07/2024,09:32:55,52418.8,52418.8,30,52420.05,30,15,2118375
BANKNIFTY-I.NFO,18/07/2024,09:32:57,52425.4,52420.4,45,52423.1,15,735,2118375
BANKNIFTY-I.NFO,18/07/2024,09:32:58,52420.45,52420.45,45,52423.7,300,30,2118375
BANKNIFTY-I.NFO,18/07/2024,09:33:00,52422.4,52420.45,15,52421.75,300,210,2118375
BANKNIFTY-I.NFO,18/07/2024,09:33:02,52416.7,52415,15,52416.7,30,45,2118375
BANKNIFTY-I.NFO,18/07/2024,09:33:03,52415,52415.85,30,52422.5,15,15,2118375
BANKNIFTY-I.NFO,18/07/2024,09:33:05,52418.5,52413,15,52418.5,270,30,2118375
BANKNIFTY-I.NFO,18/07/2024,09:33:07,52418.5,52415.75,30,52418.5,270,0,2118375
BANKNIFTY-I.NFO,18/07/2024,09:33:08,52418.5,52415.75,30,52418.5,240,60,2118375
BANKNIFTY-I.NFO,18/07/2024,09:33:10,52417.1,52415.75,30,52417.1,210,30,2118375
BANKNIFTY-I.NFO,18/07/2024,09:33:12,52417.1,52416.4,30,52417.1,210,0,2118375
BANKNIFTY-I.NFO,18/07/2024,09:33:13,52417.1,52413,15,52417.1,180,120,2118375
BANKNIFTY-I.NFO,18/07/2024,09:33:15,52408.95,52417,15,52420.7,120,180,2118375
BANKNIFTY-I.NFO,18/07/2024,09:33:17,52418.5,52409.6,15,52417.55,45,90,2118375
BANKNIFTY-I.NFO,18/07/2024,09:33:18,52411.25,52402.95,15,52411.7,15,810,2118375
BANKNIFTY-I.NFO,18/07/2024,09:33:20,52404.25,52404.25,30,52412.4,150,240,2118375
BANKNIFTY-I.NFO,18/07/2024,09:33:22,52410.05,52408.3,30,52410.05,285,15,2118375
BANKNIFTY-I.NFO,18/07/2024,09:33:23,52412.4,52408.3,105,52412.4,135,315,2118375
BANKNIFTY-I.NFO,18/07/2024,09:33:25,52412.4,52410.35,30,52412.4,135,0,2118375
BANKNIFTY-I.NFO,18/07/2024,09:33:27,52407.7,52402.15,15,52407.55,15,135,2118375
BANKNIFTY-I.NFO,18/07/2024,09:33:29,52411,52402.15,15,52410.25,15,30,2118375
BANKNIFTY-I.NFO,18/07/2024,09:33:30,52411,52406.2,30,52407.15,75,0,2118375
BANKNIFTY-I.NFO,18/07/2024,09:33:32,52405,52402.15,15,52405.75,300,75,2118375
BANKNIFTY-I.NFO,18/07/2024,09:33:34,52402.15,52400.35,15,52402.85,75,75,2118375
BANKNIFTY-I.NFO,18/07/2024,09:33:35,52402.15,52400.35,15,52403.05,270,15,2118375
BANKNIFTY-I.NFO,18/07/2024,09:33:37,52403,52401.65,45,52402.15,30,15,2118375
BANKNIFTY-I.NFO,18/07/2024,09:33:39,52400.35,52400,285,52401.65,225,60,2118375
BANKNIFTY-I.NFO,18/07/2024,09:33:40,52402.15,52402.7,105,52406.2,30,270,2128215
BANKNIFTY-I.NFO,18/07/2024,09:33:42,52404.65,52405.45,30,52406.2,15,30,2128215
BANKNIFTY-I.NFO,18/07/2024,09:33:44,52405.85,52405.45,30,52405.85,240,90,2128215
BANKNIFTY-I.NFO,18/07/2024,09:33:45,52405.85,52405.65,45,52405.85,210,30,2128215
BANKNIFTY-I.NFO,18/07/2024,09:33:47,52405.65,52405.65,45,52405.85,180,60,2128215
BANKNIFTY-I.NFO,18/07/2024,09:33:49,52405.85,52407.45,15,52411.4,300,180,2128215
BANKNIFTY-I.NFO,18/07/2024,09:33:50,52412.4,52407.75,15,52412.4,75,45,2128215
BANKNIFTY-I.NFO,18/07/2024,09:33:52,52412.4,52417.65,30,52418.35,120,75,2128215
BANKNIFTY-I.NFO,18/07/2024,09:33:54,52418,52417.65,45,52418.4,105,75,2128215
BANKNIFTY-I.NFO,18/07/2024,09:33:55,52414.4,52408.65,15,52413.8,240,135,2128215
BANKNIFTY-I.NFO,18/07/2024,09:33:57,52413.8,52411.95,30,52413.8,225,15,2128215
BANKNIFTY-I.NFO,18/07/2024,09:33:59,52413.8,52409.3,30,52413.8,195,45,2128215
BANKNIFTY-I.NFO,18/07/2024,09:34:00,52412.5,52412.05,135,52417.65,15,195,2128215
BANKNIFTY-I.NFO,18/07/2024,09:34:02,52417.65,52412.75,30,52420,30,15,2128215
BANKNIFTY-I.NFO,18/07/2024,09:34:04,52420,52416.15,45,52420,15,15,2128215
BANKNIFTY-I.NFO,18/07/2024,09:34:05,52421.65,52416.05,30,52425,15,225,2128215
BANKNIFTY-I.NFO,18/07/2024,09:34:07,52421.55,52410,15,52418.6,15,90,2128215
BANKNIFTY-I.NFO,18/07/2024,09:34:09,52420,52421.35,30,52422.5,75,90,2128215
BANKNIFTY-I.NFO,18/07/2024,09:34:10,52421.35,52420,375,52423.95,30,30,2128215
BANKNIFTY-I.NFO,18/07/2024,09:34:12,52420,52420,195,52423,15,225,2128215
BANKNIFTY-I.NFO,18/07/2024,09:34:14,52420,52420.15,30,52423,15,0,2128215
BANKNIFTY-I.NFO,18/07/2024,09:34:15,52423,52423,15,52428,15,195,2128215
BANKNIFTY-I.NFO,18/07/2024,09:34:17,52429,52423.4,45,52429,60,60,2128215
BANKNIFTY-I.NFO,18/07/2024,09:34:19,52430.7,52429.55,45,52433,30,165,2128215
BANKNIFTY-I.NFO,18/07/2024,09:34:20,52433,52428.8,15,52434.95,15,30,2128215
BANKNIFTY-I.NFO,18/07/2024,09:34:22,52425.05,52423,435,52425.05,270,150,2128215
BANKNIFTY-I.NFO,18/07/2024,09:34:24,52433.95,52428.4,45,52432.1,300,480,2128215
BANKNIFTY-I.NFO,18/07/2024,09:34:25,52435,52432.25,30,52435,75,15,2128215
BANKNIFTY-I.NFO,18/07/2024,09:34:27,52437.35,52430.85,30,52433.8,45,240,2128215
BANKNIFTY-I.NFO,18/07/2024,09:34:29,52437.35,52435,450,52439.9,15,0,2128215
BANKNIFTY-I.NFO,18/07/2024,09:34:30,52437.45,52437.45,15,52440.15,285,75,2128215
BANKNIFTY-I.NFO,18/07/2024,09:34:32,52439.95,52435,870,52440,60,15,2128215
BANKNIFTY-I.NFO,18/07/2024,09:34:34,52437.5,52437.5,30,52440,60,15,2128215
BANKNIFTY-I.NFO,18/07/2024,09:34:35,52437.5,52435,855,52437.5,225,75,2128215
BANKNIFTY-I.NFO,18/07/2024,09:34:37,52437.5,52435,870,52437.5,120,150,2128215
BANKNIFTY-I.NFO,18/07/2024,09:34:39,52437.5,52436.25,30,52437.5,120,0,2128215
BANKNIFTY-I.NFO,18/07/2024,09:34:40,52437.25,52435,795,52437.25,285,120,2128215
BANKNIFTY-I.NFO,18/07/2024,09:34:42,52437.25,52436.1,30,52437.25,120,165,2128215
BANKNIFTY-I.NFO,18/07/2024,09:34:44,52440,52435,810,52440,60,180,2128215
BANKNIFTY-I.NFO,18/07/2024,09:34:45,52439.95,52437.5,30,52440,60,60,2128215
BANKNIFTY-I.NFO,18/07/2024,09:34:47,52434.35,52430,600,52435.65,75,840,2128215
BANKNIFTY-I.NFO,18/07/2024,09:34:49,52433,52430.05,15,52437.45,45,495,2128215
BANKNIFTY-I.NFO,18/07/2024,09:34:50,52430.5,52430.95,30,52439.45,15,105,2128215
BANKNIFTY-I.NFO,18/07/2024,09:34:52,52433,52435.2,45,52439.95,30,30,2128215
BANKNIFTY-I.NFO,18/07/2024,09:34:54,52435.2,52437.6,30,52440,30,75,2128215
BANKNIFTY-I.NFO,18/07/2024,09:34:55,52433.15,52433.05,120,52440,15,75,2128215
BANKNIFTY-I.NFO,18/07/2024,09:34:57,52441,52437.65,30,52441.25,45,45,2128215
BANKNIFTY-I.NFO,18/07/2024,09:34:59,52437.65,52437.65,45,52442,45,15,2128215
BANKNIFTY-I.NFO,18/07/2024,09:35:00,52450,52450.25,120,52452,30,1425,2128215
BANKNIFTY-I.NFO,18/07/2024,09:35:02,52456.9,52456.1,15,52460.9,30,1935,2128215
BANKNIFTY-I.NFO,18/07/2024,09:35:04,52458.2,52452.35,15,52458.1,45,210,2128215
BANKNIFTY-I.NFO,18/07/2024,09:35:05,52445,52444.5,45,52453.35,15,1080,2128215
BANKNIFTY-I.NFO,18/07/2024,09:35:07,52446.6,52440,30,52444.75,30,75,2128215
BANKNIFTY-I.NFO,18/07/2024,09:35:09,52450,52441.95,30,52450.25,30,195,2128215
BANKNIFTY-I.NFO,18/07/2024,09:35:10,52442,52441.95,30,52446.6,15,45,2128215
BANKNIFTY-I.NFO,18/07/2024,09:35:12,52446.55,52444.25,45,52446.45,120,30,2128215
BANKNIFTY-I.NFO,18/07/2024,09:35:14,52442,52442,15,52448.05,120,105,2128215
BANKNIFTY-I.NFO,18/07/2024,09:35:15,52444.05,52440,120,52445.35,135,75,2128215
BANKNIFTY-I.NFO,18/07/2024,09:35:17,52442,52440.05,30,52442,60,165,2128215
BANKNIFTY-I.NFO,18/07/2024,09:35:19,52440.05,52441,30,52442,60,15,2128215
BANKNIFTY-I.NFO,18/07/2024,09:35:20,52446.35,52441,15,52445.25,60,165,2128215
BANKNIFTY-I.NFO,18/07/2024,09:35:22,52440.05,52440,120,52442.75,45,60,2128215
BANKNIFTY-I.NFO,18/07/2024,09:35:23,52440,52439.35,15,52440,225,705,2128215
BANKNIFTY-I.NFO,18/07/2024,09:35:25,52449.35,52439.65,30,52449.3,15,375,2128215
BANKNIFTY-I.NFO,18/07/2024,09:35:27,52447.25,52442.55,45,52446.7,30,30,2128215
BANKNIFTY-I.NFO,18/07/2024,09:35:28,52442.55,52440,90,52444.8,75,60,2128215
BANKNIFTY-I.NFO,18/07/2024,09:35:30,52435,52435,900,52440.4,45,180,2128215
BANKNIFTY-I.NFO,18/07/2024,09:35:32,52434.8,52426.1,15,52435.35,45,1110,2128215
BANKNIFTY-I.NFO,18/07/2024,09:35:33,52426.2,52426.1,15,52433,30,45,2128215
BANKNIFTY-I.NFO,18/07/2024,09:35:35,52434.3,52427,195,52435.75,15,30,2128215
BANKNIFTY-I.NFO,18/07/2024,09:35:37,52430.35,52427.2,30,52434.75,120,30,2128215
BANKNIFTY-I.NFO,18/07/2024,09:35:38,52430.15,52430,15,52430.15,45,30,2128215
BANKNIFTY-I.NFO,18/07/2024,09:35:40,52430.15,52430.05,15,52437.8,45,135,2128215
BANKNIFTY-I.NFO,18/07/2024,09:35:42,52440,52440,45,52441.7,120,105,2128215
BANKNIFTY-I.NFO,18/07/2024,09:35:43,52439.5,52434.6,30,52439.25,15,195,2128215
BANKNIFTY-I.NFO,18/07/2024,09:35:45,52441.2,52436.6,30,52441.9,120,45,2128215
BANKNIFTY-I.NFO,18/07/2024,09:35:47,52440.3,52430.85,15,52439.8,120,120,2128215
BANKNIFTY-I.NFO,18/07/2024,09:35:48,52440.3,52436.4,30,52440.3,120,0,2128215
BANKNIFTY-I.NFO,18/07/2024,09:35:50,52435.5,52430,165,52434.25,120,75,2128215
BANKNIFTY-I.NFO,18/07/2024,09:35:52,52432.05,52430,180,52434,90,75,2128215
BANKNIFTY-I.NFO,18/07/2024,09:35:53,52435.5,52430.05,15,52439.05,30,225,2128215
BANKNIFTY-I.NFO,18/07/2024,09:35:55,52437.85,52432.75,30,52439.1,75,60,2128215
BANKNIFTY-I.NFO,18/07/2024,09:35:57,52432.75,52432.75,15,52438.35,150,45,2128215
BANKNIFTY-I.NFO,18/07/2024,09:35:58,52430,52430,45,52435.9,15,210,2128215
BANKNIFTY-I.NFO,18/07/2024,09:36:00,52430,52425,15,52429.6,45,120,2128215
BANKNIFTY-I.NFO,18/07/2024,09:36:02,52429.6,52427.3,120,52434.9,15,15,2128215
BANKNIFTY-I.NFO,18/07/2024,09:36:03,52420.55,52422.1,15,52430.9,120,690,2128215
BANKNIFTY-I.NFO,18/07/2024,09:36:05,52429.4,52421,15,52430.6,120,30,2128215
BANKNIFTY-I.NFO,18/07/2024,09:36:07,52423.65,52426.4,90,52429.6,15,120,2128215
BANKNIFTY-I.NFO,18/07/2024,09:36:08,52423.65,52426.5,15,52429.6,15,0,2128215
BANKNIFTY-I.NFO,18/07/2024,09:36:10,52429.6,52426.5,15,52429.6,75,90,2128215
BANKNIFTY-I.NFO,18/07/2024,09:36:11,52429.6,52428.05,15,52429.6,30,60,2128215
BANKNIFTY-I.NFO,18/07/2024,09:36:13,52433.15,52428.05,75,52432.4,45,75,2128215
BANKNIFTY-I.NFO,18/07/2024,09:36:15,52429.6,52431.8,30,52434,15,345,2128215
BANKNIFTY-I.NFO,18/07/2024,09:36:16,52429.6,52429.6,225,52434,15,75,2128215
BANKNIFTY-I.NFO,18/07/2024,09:36:18,52425.65,52422.15,15,52429.85,45,300,2128215
BANKNIFTY-I.NFO,18/07/2024,09:36:20,52421.95,52421.25,180,52429.65,30,90,2128215
BANKNIFTY-I.NFO,18/07/2024,09:36:21,52429.6,52425.15,30,52429.3,150,30,2128215
BANKNIFTY-I.NFO,18/07/2024,09:36:23,52429,52425.15,30,52429,15,30,2128215
BANKNIFTY-I.NFO,18/07/2024,09:36:25,52434,52431.65,15,52440,780,150,2128215
BANKNIFTY-I.NFO,18/07/2024,09:36:26,52441.2,52439.3,30,52445,60,1350,2128215
BANKNIFTY-I.NFO,18/07/2024,09:36:28,52440.1,52440.85,30,52444.95,30,15,2128215
BANKNIFTY-I.NFO,18/07/2024,09:36:30,52440.85,52445.85,30,52448.9,30,765,2128215
BANKNIFTY-I.NFO,18/07/2024,09:36:31,52443.8,52440,45,52443.8,30,105,2128215
BANKNIFTY-I.NFO,18/07/2024,09:36:33,52441.85,52441.85,15,52442.7,15,60,2128215
BANKNIFTY-I.NFO,18/07/2024,09:36:35,52440,52430,45,52439.45,15,75,2128215
BANKNIFTY-I.NFO,18/07/2024,09:36:36,52439.4,52434.7,30,52440.2,150,15,2128215
BANKNIFTY-I.NFO,18/07/2024,09:36:38,52439.45,52430.5,45,52439.45,90,180,2128215
BANKNIFTY-I.NFO,18/07/2024,09:36:40,52432,52431.75,45,52442,90,45,2128215
BANKNIFTY-I.NFO,18/07/2024,09:36:41,52432,52435.7,30,52439.4,30,0,2128215
BANKNIFTY-I.NFO,18/07/2024,09:36:43,52439.4,52437.55,30,52445.85,15,60,2134155
BANKNIFTY-I.NFO,18/07/2024,09:36:45,52445,52446.5,45,52448,30,60,2134155
BANKNIFTY-I.NFO,18/07/2024,09:36:46,52439.95,52438.8,15,52448,30,150,2134155
BANKNIFTY-I.NFO,18/07/2024,09:36:48,52448,52443.35,30,52448,15,225,2134155
BANKNIFTY-I.NFO,18/07/2024,09:36:50,52448,52443.35,45,52448.9,30,15,2134155
BANKNIFTY-I.NFO,18/07/2024,09:36:51,52445,52445,30,52448.95,30,135,2134155
BANKNIFTY-I.NFO,18/07/2024,09:36:53,52456.05,52451.95,15,52460,60,285,2134155
BANKNIFTY-I.NFO,18/07/2024,09:36:55,52465,52455.4,15,52462.75,150,480,2134155
BANKNIFTY-I.NFO,18/07/2024,09:36:56,52455.4,52456.85,15,52462,240,75,2134155
BANKNIFTY-I.NFO,18/07/2024,09:36:58,52464.65,52460.95,150,52469,30,1515,2134155
BANKNIFTY-I.NFO,18/07/2024,09:37:00,52475,52476.3,15,52479,105,705,2134155
BANKNIFTY-I.NFO,18/07/2024,09:37:01,52487.3,52487.2,15,52496.85,30,9015,2134155
BANKNIFTY-I.NFO,18/07/2024,09:37:01,52510.4,52487.2,15,52496.85,30,0,2134155
BANKNIFTY-I.NFO,18/07/2024,09:37:03,52489.15,52487.2,120,52491.2,30,300,2134155
BANKNIFTY-I.NFO,18/07/2024,09:37:05,52483.75,52480,75,52484.1,15,195,2134155
BANKNIFTY-I.NFO,18/07/2024,09:37:06,52477.8,52475.9,60,52480,240,165,2134155
BANKNIFTY-I.NFO,18/07/2024,09:37:08,52480,52475.9,15,52480,15,375,2134155
BANKNIFTY-I.NFO,18/07/2024,09:37:10,52475.9,52470,90,52476.1,45,120,2134155
BANKNIFTY-I.NFO,18/07/2024,09:37:11,52472,52470.5,30,52479.95,15,105,2134155
BANKNIFTY-I.NFO,18/07/2024,09:37:13,52475.9,52473.25,15,52483.85,15,210,2134155
BANKNIFTY-I.NFO,18/07/2024,09:37:15,52487.95,52483.9,30,52488,75,75,2134155
BANKNIFTY-I.NFO,18/07/2024,09:37:16,52487,52478,75,52486.7,30,75,2134155
BANKNIFTY-I.NFO,18/07/2024,09:37:18,52484.45,52477.95,45,52485.05,120,120,2134155
BANKNIFTY-I.NFO,18/07/2024,09:37:19,52485.55,52476.65,30,52485.6,75,90,2134155
BANKNIFTY-I.NFO,18/07/2024,09:37:21,52464.7,52465.45,45,52472.5,30,135,2134155
BANKNIFTY-I.NFO,18/07/2024,09:37:23,52476.15,52468.9,30,52479.4,45,420,2134155
BANKNIFTY-I.NFO,18/07/2024,09:37:24,52476.15,52474.1,30,52479.4,150,0,2134155
BANKNIFTY-I.NFO,18/07/2024,09:37:26,52470,52468.75,30,52474.1,45,150,2134155
BANKNIFTY-I.NFO,18/07/2024,09:37:28,52477.2,52472,30,52478,15,105,2134155
BANKNIFTY-I.NFO,18/07/2024,09:37:29,52480.65,52475,45,52481.05,15,30,2134155
BANKNIFTY-I.NFO,18/07/2024,09:37:31,52475,52475,15,52480.9,30,45,2134155
BANKNIFTY-I.NFO,18/07/2024,09:37:33,52469.3,52469.25,15,52479.4,15,180,2134155
BANKNIFTY-I.NFO,18/07/2024,09:37:34,52473.55,52469.1,30,52473.55,150,75,2134155
BANKNIFTY-I.NFO,18/07/2024,09:37:36,52478.3,52471.45,15,52480,15,180,2134155
BANKNIFTY-I.NFO,18/07/2024,09:37:38,52481.85,52474.55,15,52483.3,45,135,2134155
BANKNIFTY-I.NFO,18/07/2024,09:37:39,52483.05,52474.55,15,52483.05,15,195,2134155
BANKNIFTY-I.NFO,18/07/2024,09:37:41,52478.3,52474.55,30,52478.2,450,15,2134155
BANKNIFTY-I.NFO,18/07/2024,09:37:43,52476.35,52474.55,30,52476.35,165,45,2134155
BANKNIFTY-I.NFO,18/07/2024,09:37:44,52478.35,52478.75,120,52484.25,30,360,2134155
BANKNIFTY-I.NFO,18/07/2024,09:37:46,52481.8,52478.95,15,52480,15,90,2134155
BANKNIFTY-I.NFO,18/07/2024,09:37:48,52479.35,52477.5,45,52480,15,135,2134155
BANKNIFTY-I.NFO,18/07/2024,09:37:50,52481.3,52477.5,60,52480,75,90,2134155
BANKNIFTY-I.NFO,18/07/2024,09:37:51,52472.4,52471,60,52474.6,30,315,2134155
BANKNIFTY-I.NFO,18/07/2024,09:37:53,52464.35,52464.2,15,52473,30,240,2134155
BANKNIFTY-I.NFO,18/07/2024,09:37:55,52468.45,52463.25,120,52468.45,15,135,2134155
BANKNIFTY-I.NFO,18/07/2024,09:37:56,52468.45,52465.2,150,52468.45,30,30,2134155
BANKNIFTY-I.NFO,18/07/2024,09:37:58,52466.8,52465.6,30,52468.45,15,45,2134155
BANKNIFTY-I.NFO,18/07/2024,09:38:00,52458.5,52459.95,30,52467.6,15,225,2134155
BANKNIFTY-I.NFO,18/07/2024,09:38:01,52459.95,52453.6,60,52455.1,15,105,2134155
BANKNIFTY-I.NFO,18/07/2024,09:38:03,52459.35,52459.35,15,52465.25,15,180,2134155
BANKNIFTY-I.NFO,18/07/2024,09:38:05,52462.3,52462.3,15,52472.8,15,75,2134155
BANKNIFTY-I.NFO,18/07/2024,09:38:06,52472.05,52468.75,30,52475,15,60,2134155
BANKNIFTY-I.NFO,18/07/2024,09:38:08,52469.35,52467.4,45,52474.95,30,45,2134155
BANKNIFTY-I.NFO,18/07/2024,09:38:10,52469.3,52467.4,15,52469.3,270,90,2134155
BANKNIFTY-I.NFO,18/07/2024,09:38:11,52464.3,52455.85,30,52464.4,15,45,2134155
BANKNIFTY-I.NFO,18/07/2024,09:38:13,52464.3,52459.7,30,52468,120,0,2134155
BANKNIFTY-I.NFO,18/07/2024,09:38:15,52460,52459.7,15,52460,240,75,2134155
BANKNIFTY-I.NFO,18/07/2024,09:38:16,52460,52455,15,52460,120,135,2134155
BANKNIFTY-I.NFO,18/07/2024,09:38:18,52447.4,52450.1,15,52458.85,150,405,2134155
BANKNIFTY-I.NFO,18/07/2024,09:38:19,52452.85,52453.8,30,52463.1,105,285,2134155
BANKNIFTY-I.NFO,18/07/2024,09:38:21,52463.8,52459.15,15,52464.65,105,60,2134155
BANKNIFTY-I.NFO,18/07/2024,09:38:23,52459.1,52450.25,15,52459.25,120,90,2134155
BANKNIFTY-I.NFO,18/07/2024,09:38:24,52454.6,52450.25,15,52457.45,105,45,2134155
BANKNIFTY-I.NFO,18/07/2024,09:38:26,52450.45,52450.25,75,52457.85,105,15,2134155
BANKNIFTY-I.NFO,18/07/2024,09:38:28,52450.5,52450.5,90,52457.55,120,135,2134155
BANKNIFTY-I.NFO,18/07/2024,09:38:29,52460,52451.35,60,52460,225,315,2134155
BANKNIFTY-I.NFO,18/07/2024,09:38:31,52457.9,52455.6,30,52457.9,255,45,2134155
BANKNIFTY-I.NFO,18/07/2024,09:38:33,52455.6,52455.6,60,52457.9,210,75,2134155
BANKNIFTY-I.NFO,18/07/2024,09:38:34,52449.55,52455.6,30,52457.9,210,795,2134155
BANKNIFTY-I.NFO,18/07/2024,09:38:36,52449.85,52456.75,30,52457.9,15,975,2134155
BANKNIFTY-I.NFO,18/07/2024,09:38:37,52449.85,52456.75,45,52457.9,15,0,2134155
BANKNIFTY-I.NFO,18/07/2024,09:38:39,52460,52460.25,30,52463.8,15,1005,2134155
BANKNIFTY-I.NFO,18/07/2024,09:38:41,52471.95,52463.4,15,52471.85,105,60,2134155
BANKNIFTY-I.NFO,18/07/2024,09:38:42,52465.9,52465.9,15,52470.45,120,870,2134155
BANKNIFTY-I.NFO,18/07/2024,09:38:44,52465.65,52460.95,30,52465.65,240,105,2134155
BANKNIFTY-I.NFO,18/07/2024,09:38:46,52465.65,52463.3,45,52465.65,240,0,2134155
BANKNIFTY-I.NFO,18/07/2024,09:38:47,52465.65,52463.3,15,52465.65,195,45,2134155
BANKNIFTY-I.NFO,18/07/2024,09:38:49,52464.45,52463.3,15,52464.45,135,60,2134155
BANKNIFTY-I.NFO,18/07/2024,09:38:50,52465.3,52463.3,30,52465.3,285,165,2134155
BANKNIFTY-I.NFO,18/07/2024,09:38:52,52465.3,52464.3,15,52465.3,225,60,2134155
BANKNIFTY-I.NFO,18/07/2024,09:38:54,52465.3,52464.8,30,52465.3,150,75,2134155
BANKNIFTY-I.NFO,18/07/2024,09:38:55,52464.85,52464.85,15,52467.75,300,150,2134155
BANKNIFTY-I.NFO,18/07/2024,09:38:57,52468.3,52464.95,30,52468.3,240,840,2134155
BANKNIFTY-I.NFO,18/07/2024,09:38:59,52461.25,52461.45,60,52468.3,195,240,2134155
BANKNIFTY-I.NFO,18/07/2024,09:39:00,52466.65,52467.2,45,52469.75,15,210,2134155
BANKNIFTY-I.NFO,18/07/2024,09:39:02,52472.35,52471.9,15,52472.35,225,165,2134155
BANKNIFTY-I.NFO,18/07/2024,09:39:04,52472.1,52472.1,15,52472.35,225,15,2134155
BANKNIFTY-I.NFO,18/07/2024,09:39:05,52474.95,52472.55,15,52475,15,255,2134155
BANKNIFTY-I.NFO,18/07/2024,09:39:07,52473.5,52468.3,15,52473.4,105,285,2134155
BANKNIFTY-I.NFO,18/07/2024,09:39:08,52468.35,52468.35,75,52471.95,300,405,2134155
BANKNIFTY-I.NFO,18/07/2024,09:39:10,52475.05,52473.6,15,52475.05,150,210,2134155
BANKNIFTY-I.NFO,18/07/2024,09:39:12,52475.05,52474.3,30,52475.05,135,15,2134155
BANKNIFTY-I.NFO,18/07/2024,09:39:13,52470,52468.4,45,52470.6,30,255,2134155
BANKNIFTY-I.NFO,18/07/2024,09:39:15,52470,52469.5,60,52470.6,30,0,2134155
BANKNIFTY-I.NFO,18/07/2024,09:39:17,52473.1,52469.55,15,52473.1,210,525,2134155
BANKNIFTY-I.NFO,18/07/2024,09:39:18,52473,52469.5,15,52473.1,210,90,2134155
BANKNIFTY-I.NFO,18/07/2024,09:39:20,52470,52471.3,15,52473.1,210,15,2134155
BANKNIFTY-I.NFO,18/07/2024,09:39:22,52471.3,52469.85,45,52471.3,180,30,2134155
BANKNIFTY-I.NFO,18/07/2024,09:39:23,52478,52472,15,52476.3,15,210,2134155
BANKNIFTY-I.NFO,18/07/2024,09:39:25,52479.95,52474.15,30,52480,120,45,2134155
BANKNIFTY-I.NFO,18/07/2024,09:39:27,52466,52469.05,45,52475.7,15,675,2134155
BANKNIFTY-I.NFO,18/07/2024,09:39:28,52469.05,52469.1,15,52469.7,270,105,2134155
BANKNIFTY-I.NFO,18/07/2024,09:39:30,52469.4,52460.05,15,52469.35,120,555,2134155
BANKNIFTY-I.NFO,18/07/2024,09:39:32,52469.55,52460.35,15,52469.55,120,60,2134155
BANKNIFTY-I.NFO,18/07/2024,09:39:33,52461,52465.25,45,52468.5,15,270,2134155
BANKNIFTY-I.NFO,18/07/2024,09:39:35,52462.2,52460,4080,52461.85,15,195,2134155
BANKNIFTY-I.NFO,18/07/2024,09:39:37,52458,52455.1,15,52460.2,90,4170,2134155
BANKNIFTY-I.NFO,18/07/2024,09:39:38,52456.45,52447.1,30,52456.9,15,105,2134155
BANKNIFTY-I.NFO,18/07/2024,09:39:40,52453.45,52453.1,15,52460.05,30,15,2134155
BANKNIFTY-I.NFO,18/07/2024,09:39:42,52457.6,52456.7,45,52457.6,120,45,2142045
BANKNIFTY-I.NFO,18/07/2024,09:39:43,52447.75,52447.85,15,52456.45,15,120,2142045
BANKNIFTY-I.NFO,18/07/2024,09:39:45,52454.35,52449.7,30,52453.85,30,15,2142045
BANKNIFTY-I.NFO,18/07/2024,09:39:47,52457.6,52450.6,15,52460.05,15,285,2142045
BANKNIFTY-I.NFO,18/07/2024,09:39:48,52452.25,52456.2,45,52462.2,15,120,2142045
BANKNIFTY-I.NFO,18/07/2024,09:39:50,52463.1,52456.3,15,52462.6,105,75,2142045
BANKNIFTY-I.NFO,18/07/2024,09:39:52,52463.1,52459.7,30,52465.15,120,0,2142045
BANKNIFTY-I.NFO,18/07/2024,09:39:53,52452.05,52454.05,15,52463.1,60,135,2142045
BANKNIFTY-I.NFO,18/07/2024,09:39:55,52462.55,52459.55,30,52463.1,60,30,2142045
BANKNIFTY-I.NFO,18/07/2024,09:39:57,52459.55,52458.6,30,52463.1,30,75,2142045
BANKNIFTY-I.NFO,18/07/2024,09:39:59,52459.6,52455.9,15,52464.3,15,135,2142045
BANKNIFTY-I.NFO,18/07/2024,09:40:00,52456,52458.65,15,52461.85,120,30,2142045
BANKNIFTY-I.NFO,18/07/2024,09:40:02,52454.15,52455.1,15,52463.85,150,45,2142045
BANKNIFTY-I.NFO,18/07/2024,09:40:03,52459.9,52461.35,30,52468.45,150,75,2142045
BANKNIFTY-I.NFO,18/07/2024,09:40:05,52470,52470.25,30,52473,15,300,2142045
BANKNIFTY-I.NFO,18/07/2024,09:40:07,52475,52476.5,15,52478,45,120,2142045
BANKNIFTY-I.NFO,18/07/2024,09:40:08,52475.45,52467.35,30,52473.1,45,60,2142045
BANKNIFTY-I.NFO,18/07/2024,09:40:10,52467.9,52468.8,15,52472.8,45,30,2142045
BANKNIFTY-I.NFO,18/07/2024,09:40:12,52470.15,52470.8,30,52475.35,120,45,2142045
BANKNIFTY-I.NFO,18/07/2024,09:40:13,52469.1,52465.7,15,52471.15,120,930,2142045
BANKNIFTY-I.NFO,18/07/2024,09:40:15,52461.7,52461.8,15,52464.1,120,120,2142045
BANKNIFTY-I.NFO,18/07/2024,09:40:17,52459.3,52452.6,15,52457.75,120,60,2142045
BANKNIFTY-I.NFO,18/07/2024,09:40:18,52459.3,52452.6,15,52457.85,150,0,2142045
BANKNIFTY-I.NFO,18/07/2024,09:40:20,52452.6,52452.6,30,52457.8,120,15,2142045
BANKNIFTY-I.NFO,18/07/2024,09:40:22,52452.6,52452.65,30,52461.55,120,0,2142045
BANKNIFTY-I.NFO,18/07/2024,09:40:23,52459.85,52452.6,30,52460.5,120,75,2142045
BANKNIFTY-I.NFO,18/07/2024,09:40:25,52452.6,52455,45,52458.85,150,15,2142045
BANKNIFTY-I.NFO,18/07/2024,09:40:27,52455.95,52456,15,52460.65,135,30,2142045
BANKNIFTY-I.NFO,18/07/2024,09:40:28,52456,52456.25,15,52458.4,135,15,2142045
BANKNIFTY-I.NFO,18/07/2024,09:40:30,52452.6,52453.85,15,52458.35,150,150,2142045
BANKNIFTY-I.NFO,18/07/2024,09:40:32,52454.05,52454.2,15,52459.65,150,45,2142045
BANKNIFTY-I.NFO,18/07/2024,09:40:33,52461.05,52461.25,30,52463.5,150,315,2142045
BANKNIFTY-I.NFO,18/07/2024,09:40:35,52461.25,52461.55,30,52463.65,150,15,2142045
BANKNIFTY-I.NFO,18/07/2024,09:40:37,52460,52453.55,15,52459.8,15,195,2142045
BANKNIFTY-I.NFO,18/07/2024,09:40:38,52454.8,52455.65,15,52459.6,120,45,2142045
BANKNIFTY-I.NFO,18/07/2024,09:40:40,52455.2,52452.25,15,52454.4,120,30,2142045
BANKNIFTY-I.NFO,18/07/2024,09:40:42,52452,52452.4,30,52453.9,150,135,2142045
BANKNIFTY-I.NFO,18/07/2024,09:40:43,52446.8,52444.45,15,52447.2,60,330,2142045
BANKNIFTY-I.NFO,18/07/2024,09:40:45,52445.7,52446.85,15,52451.65,45,45,2142045
BANKNIFTY-I.NFO,18/07/2024,09:40:46,52445.7,52446.85,15,52451.65,45,0,2142045
BANKNIFTY-I.NFO,18/07/2024,09:40:48,52444,52444.8,15,52449.6,45,45,2142045
BANKNIFTY-I.NFO,18/07/2024,09:40:50,52444.8,52445.4,15,52452.25,15,15,2142045
BANKNIFTY-I.NFO,18/07/2024,09:40:51,52445.45,52446.55,15,52452.6,15,15,2142045
BANKNIFTY-I.NFO,18/07/2024,09:40:53,52455.65,52450,15,52458.5,15,120,2142045
BANKNIFTY-I.NFO,18/07/2024,09:40:54,52448.25,52451.4,15,52460,15,120,2142045
BANKNIFTY-I.NFO,18/07/2024,09:40:56,52447.15,52451.4,45,52456.05,15,15,2142045
BANKNIFTY-I.NFO,18/07/2024,09:40:58,52449.55,52447.1,30,52453.7,15,60,2142045
BANKNIFTY-I.NFO,18/07/2024,09:40:59,52447.1,52447.1,15,52451.7,30,15,2142045
BANKNIFTY-I.NFO,18/07/2024,09:41:01,52442,52442.55,15,52451.05,30,90,2142045
BANKNIFTY-I.NFO,18/07/2024,09:41:03,52442.6,52448.9,15,52457.1,30,15,2142045
BANKNIFTY-I.NFO,18/07/2024,09:41:04,52449.55,52446.1,15,52454.55,120,60,2142045
BANKNIFTY-I.NFO,18/07/2024,09:41:06,52455.3,52447.8,15,52455.15,15,15,2142045
BANKNIFTY-I.NFO,18/07/2024,09:41:08,52448.7,52449.6,15,52457.55,15,15,2142045
BANKNIFTY-I.NFO,18/07/2024,09:41:09,52446.1,52444.45,15,52451.5,15,30,2142045
BANKNIFTY-I.NFO,18/07/2024,09:41:11,52444.2,52442,30,52443.9,150,165,2142045
BANKNIFTY-I.NFO,18/07/2024,09:41:13,52443.35,52432,15,52438.25,150,225,2142045
BANKNIFTY-I.NFO,18/07/2024,09:41:14,52433.05,52432.2,15,52436,150,210,2142045
BANKNIFTY-I.NFO,18/07/2024,09:41:16,52432,52432.25,15,52434.6,150,15,2142045
BANKNIFTY-I.NFO,18/07/2024,09:41:17,52432.2,52433.1,30,52440,30,165,2142045
BANKNIFTY-I.NFO,18/07/2024,09:41:19,52431.75,52430.55,15,52433.05,15,75,2142045
BANKNIFTY-I.NFO,18/07/2024,09:41:21,52444.45,52440.75,15,52448.95,30,780,2142045
BANKNIFTY-I.NFO,18/07/2024,09:41:22,52478,52469.35,15,52478.8,120,795,2142045
BANKNIFTY-I.NFO,18/07/2024,09:41:24,52467.25,52465.9,15,52472.9,120,15,2142045
BANKNIFTY-I.NFO,18/07/2024,09:41:26,52467.25,52465.9,30,52470.6,150,0,2142045
BANKNIFTY-I.NFO,18/07/2024,09:41:27,52466.75,52467.5,15,52476.25,120,330,2142045
BANKNIFTY-I.NFO,18/07/2024,09:41:29,52466.75,52467.5,45,52471.3,150,0,2142045
BANKNIFTY-I.NFO,18/07/2024,09:41:31,52467.5,52467.5,15,52471.35,150,615,2142045
BANKNIFTY-I.NFO,18/07/2024,09:41:32,52473.65,52473.65,15,52479,15,780,2142045
BANKNIFTY-I.NFO,18/07/2024,09:41:34,52473.65,52473.65,60,52479,15,0,2142045
BANKNIFTY-I.NFO,18/07/2024,09:41:36,52474.8,52473.65,30,52475.75,150,225,2142045
BANKNIFTY-I.NFO,18/07/2024,09:41:37,52464.85,52464.6,15,52464.85,255,135,2142045
BANKNIFTY-I.NFO,18/07/2024,09:41:39,52467.8,52466.2,120,52473.65,15,1350,2142045
BANKNIFTY-I.NFO,18/07/2024,09:41:41,52467.8,52465.4,30,52468.55,300,0,2142045
BANKNIFTY-I.NFO,18/07/2024,09:41:42,52466.2,52465.4,30,52468.7,285,90,2142045
BANKNIFTY-I.NFO,18/07/2024,09:41:44,52468.7,52469.2,15,52473.65,15,285,2142045
BANKNIFTY-I.NFO,18/07/2024,09:41:46,52467.35,52466.8,120,52475,30,285,2142045
BANKNIFTY-I.NFO,18/07/2024,09:41:47,52467.95,52468.05,15,52475,30,165,2142045
BANKNIFTY-I.NFO,18/07/2024,09:41:49,52476.35,52469.7,30,52478.9,105,60,2142045
BANKNIFTY-I.NFO,18/07/2024,09:41:51,52510.6,52500.35,15,52511.6,30,12510,2142045
BANKNIFTY-I.NFO,18/07/2024,09:41:51,52522.9,52500.35,15,52511.6,30,0,2142045
BANKNIFTY-I.NFO,18/07/2024,09:41:52,52514.75,52519.8,15,52527.25,15,2595,2142045
BANKNIFTY-I.NFO,18/07/2024,09:41:52,52531,52519.8,15,52527.25,15,0,2142045
BANKNIFTY-I.NFO,18/07/2024,09:41:54,52512.75,52503.4,105,52512.25,15,390,2142045
BANKNIFTY-I.NFO,18/07/2024,09:41:54,52531.85,52503.4,105,52512.25,15,0,2142045
BANKNIFTY-I.NFO,18/07/2024,09:41:56,52516.95,52502.95,15,52513.95,15,840,2142045
BANKNIFTY-I.NFO,18/07/2024,09:41:57,52511.35,52507.7,135,52519.5,45,210,2142045
BANKNIFTY-I.NFO,18/07/2024,09:41:59,52517.3,52516.05,30,52523.6,45,360,2142045
BANKNIFTY-I.NFO,18/07/2024,09:42:01,52520,52520.5,120,52531,15,330,2142045
BANKNIFTY-I.NFO,18/07/2024,09:42:02,52544.45,52542.1,15,52545,150,1515,2142045
BANKNIFTY-I.NFO,18/07/2024,09:42:02,52544.45,52542.1,15,52545,150,0,2142045
BANKNIFTY-I.NFO,18/07/2024,09:42:04,52544.9,52533.05,15,52542.4,15,1125,2142045
BANKNIFTY-I.NFO,18/07/2024,09:42:04,52546.05,52533.05,15,52542.4,15,0,2142045
BANKNIFTY-I.NFO,18/07/2024,09:42:06,52539.6,52540,510,52545.05,15,135,2142045
BANKNIFTY-I.NFO,18/07/2024,09:42:06,52548,52540,510,52545.05,15,0,2142045
BANKNIFTY-I.NFO,18/07/2024,09:42:08,52522,52522,450,52529.6,60,1005,2142045
BANKNIFTY-I.NFO,18/07/2024,09:42:09,52539.8,52522,450,52532.5,15,120,2142045
BANKNIFTY-I.NFO,18/07/2024,09:42:11,52520,52518,540,52520,105,2055,2142045
BANKNIFTY-I.NFO,18/07/2024,09:42:13,52523.8,52508.65,15,52519.35,45,1425,2142045
BANKNIFTY-I.NFO,18/07/2024,09:42:14,52516.4,52508.65,15,52516.4,30,210,2142045
BANKNIFTY-I.NFO,18/07/2024,09:42:16,52506.55,52502.3,30,52511.55,15,360,2142045
BANKNIFTY-I.NFO,18/07/2024,09:42:18,52503.45,52500,30,52506.1,15,195,2142045
BANKNIFTY-I.NFO,18/07/2024,09:42:19,52506.1,52503.45,15,52507.85,15,75,2142045
BANKNIFTY-I.NFO,18/07/2024,09:42:21,52494.1,52494.1,30,52500.15,15,240,2142045
BANKNIFTY-I.NFO,18/07/2024,09:42:23,52494.1,52494.5,15,52500,15,180,2142045
BANKNIFTY-I.NFO,18/07/2024,09:42:24,52497.85,52489.1,30,52497.5,30,210,2142045
BANKNIFTY-I.NFO,18/07/2024,09:42:26,52493.85,52489.1,30,52498.75,45,255,2142045
BANKNIFTY-I.NFO,18/07/2024,09:42:28,52496.45,52489.8,30,52500,60,30,2142045
BANKNIFTY-I.NFO,18/07/2024,09:42:29,52491.5,52489.8,15,52495.85,150,15,2142045
BANKNIFTY-I.NFO,18/07/2024,09:42:31,52490,52484.9,45,52493,15,105,2142045
BANKNIFTY-I.NFO,18/07/2024,09:42:33,52499.4,52489.1,45,52498.25,30,120,2142045
BANKNIFTY-I.NFO,18/07/2024,09:42:34,52489.1,52489.1,60,52495.4,30,60,2142045
BANKNIFTY-I.NFO,18/07/2024,09:42:36,52489.1,52489.1,45,52492.65,150,75,2142045
BANKNIFTY-I.NFO,18/07/2024,09:42:38,52475,52475,75,52481.4,15,285,2142045
BANKNIFTY-I.NFO,18/07/2024,09:42:39,52480,52477.95,15,52486.95,15,30,2142045
BANKNIFTY-I.NFO,18/07/2024,09:42:41,52482.5,52475,60,52481.7,75,90,2142045
BANKNIFTY-I.NFO,18/07/2024,09:42:43,52474.75,52470,30,52478.8,60,90,2153745
BANKNIFTY-I.NFO,18/07/2024,09:42:44,52469.9,52474.75,15,52483.6,60,120,2153745
BANKNIFTY-I.NFO,18/07/2024,09:42:46,52482,52474.8,45,52482,15,825,2153745
BANKNIFTY-I.NFO,18/07/2024,09:42:48,52472,52471.05,30,52479.7,180,285,2153745
BANKNIFTY-I.NFO,18/07/2024,09:42:49,52475.5,52467.65,15,52476.75,120,45,2153745
BANKNIFTY-I.NFO,18/07/2024,09:42:51,52463,52456.95,45,52459.6,15,15,2153745
BANKNIFTY-I.NFO,18/07/2024,09:42:53,52463.95,52457.7,15,52466.85,120,315,2153745
BANKNIFTY-I.NFO,18/07/2024,09:42:54,52469.95,52462.8,15,52469.95,75,315,2153745
BANKNIFTY-I.NFO,18/07/2024,09:42:56,52464.7,52460.85,15,52469.5,120,120,2153745
BANKNIFTY-I.NFO,18/07/2024,09:42:58,52464.7,52459.6,195,52466.65,15,0,2153745
BANKNIFTY-I.NFO,18/07/2024,09:42:59,52464.85,52461.7,60,52469.45,15,45,2153745
BANKNIFTY-I.NFO,18/07/2024,09:43:01,52475.5,52476.8,30,52481.4,15,30,2153745
BANKNIFTY-I.NFO,18/07/2024,09:43:03,52467.6,52466.9,15,52476.5,15,120,2153745
BANKNIFTY-I.NFO,18/07/2024,09:43:04,52473.6,52475.15,120,52482,15,720,2153745
BANKNIFTY-I.NFO,18/07/2024,09:43:06,52478.6,52469.7,120,52480.2,15,30,2153745
BANKNIFTY-I.NFO,18/07/2024,09:43:08,52475.2,52476.45,15,52480,90,300,2153745
BANKNIFTY-I.NFO,18/07/2024,09:43:09,52482,52481,15,52489.1,15,120,2153745
BANKNIFTY-I.NFO,18/07/2024,09:43:11,52479.45,52476.8,15,52479.3,300,15,2153745
BANKNIFTY-I.NFO,18/07/2024,09:43:13,52478.2,52468.8,15,52479.5,30,270,2153745
BANKNIFTY-I.NFO,18/07/2024,09:43:14,52466.55,52468.25,30,52477.7,15,165,2153745
BANKNIFTY-I.NFO,18/07/2024,09:43:16,52465.7,52465.9,30,52475.95,15,135,2153745
BANKNIFTY-I.NFO,18/07/2024,09:43:18,52465.7,52473.3,30,52480,15,0,2153745
BANKNIFTY-I.NFO,18/07/2024,09:43:19,52479.4,52475.6,15,52479.15,15,180,2153745
BANKNIFTY-I.NFO,18/07/2024,09:43:21,52475.6,52465.7,15,52474.6,15,15,2153745
BANKNIFTY-I.NFO,18/07/2024,09:43:23,52475.6,52466.8,45,52477.2,15,0,2153745
BANKNIFTY-I.NFO,18/07/2024,09:43:24,52475.6,52466.8,15,52473.95,30,0,2153745
BANKNIFTY-I.NFO,18/07/2024,09:43:26,52469.05,52462.75,45,52473.85,15,90,2153745
BANKNIFTY-I.NFO,18/07/2024,09:43:28,52475,52474.35,60,52480,30,150,2153745
BANKNIFTY-I.NFO,18/07/2024,09:43:29,52475,52474.35,30,52480,30,75,2153745
BANKNIFTY-I.NFO,18/07/2024,09:43:31,52480,52474.35,60,52480,15,15,2153745
BANKNIFTY-I.NFO,18/07/2024,09:43:33,52483,52478.85,15,52488.7,15,240,2153745
BANKNIFTY-I.NFO,18/07/2024,09:43:34,52477.85,52479.1,45,52483,15,300,2153745
BANKNIFTY-I.NFO,18/07/2024,09:43:36,52476.45,52479.15,15,52489.05,15,225,2153745
BANKNIFTY-I.NFO,18/07/2024,09:43:38,52476.45,52483.2,45,52489.1,15,0,2153745
BANKNIFTY-I.NFO,18/07/2024,09:43:39,52492.1,52486.2,30,52495.3,45,150,2153745
BANKNIFTY-I.NFO,18/07/2024,09:43:41,52490.55,52477.85,15,52487,45,15,2153745
BANKNIFTY-I.NFO,18/07/2024,09:43:43,52485,52477.85,15,52485,45,180,2153745
BANKNIFTY-I.NFO,18/07/2024,09:43:44,52480.65,52480.95,30,52485,45,15,2153745
BANKNIFTY-I.NFO,18/07/2024,09:43:46,52493.1,52481.1,30,52491.3,120,75,2153745
BANKNIFTY-I.NFO,18/07/2024,09:43:48,52494.4,52484.15,90,52494.4,120,105,2153745
BANKNIFTY-I.NFO,18/07/2024,09:43:49,52494.4,52484.5,90,52495.3,15,0,2153745
BANKNIFTY-I.NFO,18/07/2024,09:43:51,52494.4,52489.9,15,52496.15,120,0,2153745
BANKNIFTY-I.NFO,18/07/2024,09:43:53,52496.35,52491.3,15,52496.35,105,75,2153745
BANKNIFTY-I.NFO,18/07/2024,09:43:54,52496.35,52491.3,30,52498.4,105,0,2153745
BANKNIFTY-I.NFO,18/07/2024,09:43:56,52494.2,52486.65,30,52496.45,45,315,2153745
BANKNIFTY-I.NFO,18/07/2024,09:43:58,52488.65,52486.65,15,52496.6,30,60,2153745
BANKNIFTY-I.NFO,18/07/2024,09:43:59,52486.05,52486.65,60,52494.9,45,30,2153745
BANKNIFTY-I.NFO,18/07/2024,09:44:01,52486.65,52486.65,45,52490.5,30,15,2153745
BANKNIFTY-I.NFO,18/07/2024,09:44:03,52488.95,52484.4,60,52494.15,15,120,2153745
BANKNIFTY-I.NFO,18/07/2024,09:44:04,52486.05,52484.85,15,52486.05,105,135,2153745
BANKNIFTY-I.NFO,18/07/2024,09:44:06,52493.55,52484.85,30,52493.6,15,735,2153745
BANKNIFTY-I.NFO,18/07/2024,09:44:08,52495.2,52485.05,30,52494.75,15,15,2153745
BANKNIFTY-I.NFO,18/07/2024,09:44:09,52485.1,52485.05,75,52494.55,60,75,2153745
BANKNIFTY-I.NFO,18/07/2024,09:44:11,52493.35,52485.5,45,52494.8,300,90,2153745
BANKNIFTY-I.NFO,18/07/2024,09:44:13,52494.8,52485.05,15,52493.5,15,75,2153745
BANKNIFTY-I.NFO,18/07/2024,09:44:14,52486,52487,60,52494.8,210,60,2153745
BANKNIFTY-I.NFO,18/07/2024,09:44:16,52494.8,52487.15,30,52494.8,195,15,2153745
BANKNIFTY-I.NFO,18/07/2024,09:44:18,52493.95,52485,60,52487,15,150,2153745
BANKNIFTY-I.NFO,18/07/2024,09:44:19,52494.8,52488.9,135,52494.8,105,60,2153745
BANKNIFTY-I.NFO,18/07/2024,09:44:21,52494.8,52487.7,15,52494.8,120,0,2153745
BANKNIFTY-I.NFO,18/07/2024,09:44:23,52494.8,52487.7,60,52494.8,105,75,2153745
BANKNIFTY-I.NFO,18/07/2024,09:44:24,52487.7,52485.9,30,52494.8,105,60,2153745
BANKNIFTY-I.NFO,18/07/2024,09:44:26,52494.8,52485.05,45,52488.55,15,15,2153745
BANKNIFTY-I.NFO,18/07/2024,09:44:28,52486.6,52486.6,120,52494.8,90,60,2153745
BANKNIFTY-I.NFO,18/07/2024,09:44:29,52513.05,52503.65,15,52512.2,15,2145,2153745
BANKNIFTY-I.NFO,18/07/2024,09:44:31,52505.9,52503.9,30,52513.2,15,90,2153745
BANKNIFTY-I.NFO,18/07/2024,09:44:33,52512.15,52504.9,15,52510.9,15,75,2153745
BANKNIFTY-I.NFO,18/07/2024,09:44:34,52511.2,52506,15,52511.6,45,15,2153745
BANKNIFTY-I.NFO,18/07/2024,09:44:36,52512.3,52509.1,15,52516.55,150,60,2153745
BANKNIFTY-I.NFO,18/07/2024,09:44:38,52512.15,52511.1,45,52514.15,15,60,2153745
BANKNIFTY-I.NFO,18/07/2024,09:44:39,52514.3,52512.1,30,52514.3,255,60,2153745
BANKNIFTY-I.NFO,18/07/2024,09:44:41,52502.1,52501.1,30,52511.15,30,135,2153745
BANKNIFTY-I.NFO,18/07/2024,09:44:43,52509.95,52503.35,45,52513.25,15,15,2153745
BANKNIFTY-I.NFO,18/07/2024,09:44:44,52499,52495.05,105,52498.5,900,570,2153745
BANKNIFTY-I.NFO,18/07/2024,09:44:46,52513.7,52502.95,150,52513.7,120,960,2153745
BANKNIFTY-I.NFO,18/07/2024,09:44:48,52514.8,52515.05,60,52520,30,105,2153745
BANKNIFTY-I.NFO,18/07/2024,09:44:49,52512,52505.85,90,52512,30,90,2153745
BANKNIFTY-I.NFO,18/07/2024,09:44:51,52512,52508.05,90,52513.7,15,30,2153745
BANKNIFTY-I.NFO,18/07/2024,09:44:53,52524,52522.05,60,52524,90,405,2153745
BANKNIFTY-I.NFO,18/07/2024,09:44:54,52522,52514.1,15,52523.85,15,105,2153745
BANKNIFTY-I.NFO,18/07/2024,09:44:56,52522.55,52515.05,15,52522.15,45,45,2153745
BANKNIFTY-I.NFO,18/07/2024,09:44:58,52514.15,52515.15,15,52524,90,150,2153745
BANKNIFTY-I.NFO,18/07/2024,09:44:59,52513.65,52514.6,15,52524,15,225,2153745
BANKNIFTY-I.NFO,18/07/2024,09:45:01,52522.55,52522.2,15,52524.9,150,240,2153745
BANKNIFTY-I.NFO,18/07/2024,09:45:02,52526.8,52522.15,240,52527.1,45,405,2153745
BANKNIFTY-I.NFO,18/07/2024,09:45:04,52527.5,52520,30,52527.5,75,315,2153745
BANKNIFTY-I.NFO,18/07/2024,09:45:06,52517.95,52510.9,30,52519.75,15,465,2153745
BANKNIFTY-I.NFO,18/07/2024,09:45:07,52523.85,52512.15,45,52522.3,15,90,2153745
BANKNIFTY-I.NFO,18/07/2024,09:45:09,52523,52515.4,15,52523.8,45,600,2153745
BANKNIFTY-I.NFO,18/07/2024,09:45:11,52523.85,52523.5,15,52529.6,15,855,2153745
BANKNIFTY-I.NFO,18/07/2024,09:45:12,52523.85,52523.55,30,52528.65,30,0,2153745
BANKNIFTY-I.NFO,18/07/2024,09:45:14,52529.6,52525,15,52530,375,45,2153745
BANKNIFTY-I.NFO,18/07/2024,09:45:16,52526,52526.4,15,52530,240,180,2153745
BANKNIFTY-I.NFO,18/07/2024,09:45:17,52523.55,52524.75,15,52528.3,150,210,2153745
BANKNIFTY-I.NFO,18/07/2024,09:45:19,52525,52524.75,30,52525,885,15,2153745
BANKNIFTY-I.NFO,18/07/2024,09:45:21,52530.35,52528,15,52530,30,1230,2153745
BANKNIFTY-I.NFO,18/07/2024,09:45:22,52536.55,52537.45,15,52544,30,705,2153745
BANKNIFTY-I.NFO,18/07/2024,09:45:24,52544.9,52539.85,15,52546.75,60,495,2153745
BANKNIFTY-I.NFO,18/07/2024,09:45:26,52541.35,52541.35,135,52548,15,360,2153745
BANKNIFTY-I.NFO,18/07/2024,09:45:27,52550,52550,15,52550.9,135,6960,2153745
BANKNIFTY-I.NFO,18/07/2024,09:45:27,52558.3,52550,15,52550.9,135,0,2153745
BANKNIFTY-I.NFO,18/07/2024,09:45:29,52558.55,52561.3,135,52565,330,2085,2153745
BANKNIFTY-I.NFO,18/07/2024,09:45:29,52565,52561.3,135,52565,330,0,2153745
BANKNIFTY-I.NFO,18/07/2024,09:45:31,52580,52577.1,15,52580,1440,3525,2153745
BANKNIFTY-I.NFO,18/07/2024,09:45:31,52580,52577.1,15,52580,1440,0,2153745
BANKNIFTY-I.NFO,18/07/2024,09:45:32,52572.15,52565,105,52571.8,90,810,2153745
BANKNIFTY-I.NFO,18/07/2024,09:45:34,52565.95,52552.65,30,52562.9,15,435,2153745
BANKNIFTY-I.NFO,18/07/2024,09:45:36,52575.6,52566.7,15,52575.8,15,10545,2153745
BANKNIFTY-I.NFO,18/07/2024,09:45:37,52572.05,52566.7,30,52571.55,45,675,2153745
BANKNIFTY-I.NFO,18/07/2024,09:45:39,52561.5,52560.3,15,52569.4,225,240,2153745
BANKNIFTY-I.NFO,18/07/2024,09:45:41,52575.55,52566.7,15,52575,60,510,2153745
BANKNIFTY-I.NFO,18/07/2024,09:45:42,52574.5,52565.9,30,52574.5,75,870,2153745
BANKNIFTY-I.NFO,18/07/2024,09:45:44,52565.9,52565.9,15,52572,15,345,2162175
BANKNIFTY-I.NFO,18/07/2024,09:45:46,52562.55,52560.3,15,52566.65,15,135,2162175
BANKNIFTY-I.NFO,18/07/2024,09:45:47,52563.1,52558.05,45,52565.9,60,330,2162175
BANKNIFTY-I.NFO,18/07/2024,09:45:49,52561.8,52558.6,30,52565.9,135,60,2162175
BANKNIFTY-I.NFO,18/07/2024,09:45:51,52563.1,52555.15,120,52564.3,15,150,2162175
BANKNIFTY-I.NFO,18/07/2024,09:45:52,52565,52554.85,30,52558,90,210,2162175
BANKNIFTY-I.NFO,18/07/2024,09:45:54,52560,52552.65,15,52560.35,15,405,2162175
BANKNIFTY-I.NFO,18/07/2024,09:45:56,52555.1,52555.1,15,52563.75,15,165,2162175
BANKNIFTY-I.NFO,18/07/2024,09:45:57,52552.1,52552.1,60,52561.6,15,60,2162175
BANKNIFTY-I.NFO,18/07/2024,09:45:59,52554.05,52552.1,30,52560.25,15,45,2162175
BANKNIFTY-I.NFO,18/07/2024,09:46:00,52556.9,52551.7,45,52560.6,15,195,2162175
BANKNIFTY-I.NFO,18/07/2024,09:46:02,52555,52552,390,52555,570,270,2162175
BANKNIFTY-I.NFO,18/07/2024,09:46:04,52554.35,52552.05,30,52555,570,195,2162175
BANKNIFTY-I.NFO,18/07/2024,09:46:05,52550,52546.65,60,52549,15,630,2162175
BANKNIFTY-I.NFO,18/07/2024,09:46:07,52550,52550,15,52552.05,195,0,2162175
BANKNIFTY-I.NFO,18/07/2024,09:46:09,52550,52546.8,45,52552.05,135,90,2162175
BANKNIFTY-I.NFO,18/07/2024,09:46:10,52550,52550,30,52552.05,135,0,2162175
BANKNIFTY-I.NFO,18/07/2024,09:46:12,52552,52550,180,52552.05,135,15,2162175
BANKNIFTY-I.NFO,18/07/2024,09:46:14,52552.05,52550.2,30,52552.05,105,30,2162175
BANKNIFTY-I.NFO,18/07/2024,09:46:15,52555.35,52553.65,30,52560,525,750,2162175
BANKNIFTY-I.NFO,18/07/2024,09:46:17,52569.65,52560.75,105,52570,45,855,2162175
BANKNIFTY-I.NFO,18/07/2024,09:46:18,52567.75,52565.05,30,52567.75,15,195,2162175
BANKNIFTY-I.NFO,18/07/2024,09:46:20,52561.2,52552,120,52561.6,15,540,2162175
BANKNIFTY-I.NFO,18/07/2024,09:46:22,52550.75,52554.85,45,52562.05,30,315,2162175
BANKNIFTY-I.NFO,18/07/2024,09:46:23,52548.4,52539.7,45,52549,15,1245,2162175
BANKNIFTY-I.NFO,18/07/2024,09:46:25,52546.1,52549.2,45,52558.1,15,135,2162175
BANKNIFTY-I.NFO,18/07/2024,09:46:27,52556,52549.65,60,52559.3,75,30,2162175
BANKNIFTY-I.NFO,18/07/2024,09:46:28,52554.85,52549.2,15,52554.85,15,165,2162175
BANKNIFTY-I.NFO,18/07/2024,09:46:30,52563.2,52563.75,15,52571.85,15,630,2162175
BANKNIFTY-I.NFO,18/07/2024,09:46:32,52562.85,52554.9,135,52563.75,30,30,2162175
BANKNIFTY-I.NFO,18/07/2024,09:46:33,52563.2,52557.05,120,52565.95,45,75,2162175
BANKNIFTY-I.NFO,18/07/2024,09:46:35,52552.75,52551.95,90,52560.7,15,210,2162175
BANKNIFTY-I.NFO,18/07/2024,09:46:37,52560.45,52550,75,52557.65,30,225,2162175
BANKNIFTY-I.NFO,18/07/2024,09:46:38,52552.3,52549,15,52552.3,285,90,2162175
BANKNIFTY-I.NFO,18/07/2024,09:46:40,52552,52550.05,120,52558,15,300,2162175
BANKNIFTY-I.NFO,18/07/2024,09:46:42,52557.15,52551.35,150,52557.15,285,45,2162175
BANKNIFTY-I.NFO,18/07/2024,09:46:44,52552.4,52553.2,120,52557.15,285,30,2162175
BANKNIFTY-I.NFO,18/07/2024,09:46:45,52557.15,52553.2,105,52557.15,255,30,2162175
BANKNIFTY-I.NFO,18/07/2024,09:46:47,52553.8,52553.3,120,52560,75,270,2162175
BANKNIFTY-I.NFO,18/07/2024,09:46:49,52557.35,52557.75,135,52568.35,15,195,2162175
BANKNIFTY-I.NFO,18/07/2024,09:46:50,52560.55,52560.65,120,52568.95,30,30,2162175
BANKNIFTY-I.NFO,18/07/2024,09:46:52,52569,52566.45,120,52570,60,15,2162175
BANKNIFTY-I.NFO,18/07/2024,09:46:54,52566.45,52566.45,15,52570,60,105,2162175
BANKNIFTY-I.NFO,18/07/2024,09:46:55,52569,52568.25,15,52570,60,45,2162175
BANKNIFTY-I.NFO,18/07/2024,09:46:57,52570.05,52569.9,15,52572,30,240,2162175
BANKNIFTY-I.NFO,18/07/2024,09:46:59,52584.5,52587.8,15,52590,735,3870,2162175
BANKNIFTY-I.NFO,18/07/2024,09:46:59,52590,52587.8,15,52590,735,0,2162175
BANKNIFTY-I.NFO,18/07/2024,09:47:00,52584,52576.55,120,52586.2,15,1125,2162175
BANKNIFTY-I.NFO,18/07/2024,09:47:00,52593.1,52576.55,120,52586.2,15,0,2162175
BANKNIFTY-I.NFO,18/07/2024,09:47:02,52583.9,52573.5,120,52583.05,15,570,2162175
BANKNIFTY-I.NFO,18/07/2024,09:47:04,52591.1,52582.45,15,52591.6,30,90,2162175
BANKNIFTY-I.NFO,18/07/2024,09:47:05,52579,52575.55,30,52579,15,390,2162175
BANKNIFTY-I.NFO,18/07/2024,09:47:07,52575,52575,330,52579,15,105,2162175
BANKNIFTY-I.NFO,18/07/2024,09:47:09,52591.15,52578.5,15,52588.2,30,1020,2162175
BANKNIFTY-I.NFO,18/07/2024,09:47:09,52595.4,52578.5,15,52588.2,30,0,2162175
BANKNIFTY-I.NFO,18/07/2024,09:47:10,52585.6,52585,495,52588.55,30,285,2162175
BANKNIFTY-I.NFO,18/07/2024,09:47:12,52575,52575,315,52583.25,30,555,2162175
BANKNIFTY-I.NFO,18/07/2024,09:47:14,52583.25,52577,30,52587.05,15,105,2162175
BANKNIFTY-I.NFO,18/07/2024,09:47:15,52576.2,52575.9,30,52585.4,120,510,2162175
BANKNIFTY-I.NFO,18/07/2024,09:47:17,52576.45,52577.4,15,52585,15,195,2162175
BANKNIFTY-I.NFO,18/07/2024,09:47:19,52575.6,52575.15,30,52577.2,180,675,2162175
BANKNIFTY-I.NFO,18/07/2024,09:47:20,52584.05,52575.6,30,52580.6,120,315,2162175
BANKNIFTY-I.NFO,18/07/2024,09:47:22,52582,52581.15,270,52583,15,45,2162175
BANKNIFTY-I.NFO,18/07/2024,09:47:24,52588.8,52581.2,15,52589,60,90,2162175
BANKNIFTY-I.NFO,18/07/2024,09:47:25,52581.15,52583.25,15,52589,90,120,2162175
BANKNIFTY-I.NFO,18/07/2024,09:47:27,52590,52590,90,52595.25,120,150,2162175
