Ticker,Date,Time,LTP,BuyPrice,BuyQty,SellPrice,SellQty,LTQ,OpenInterest
BANKNIFTY-II.NFO,14/02/2025,09:15:00,49750.05,49967.85,60,50036.7,120,180,718140
BANKNIFTY-II.NFO,14/02/2025,09:15:00,49750.05,49967.85,60,50036.7,120,0,718140
BANKNIFTY-II.NFO,14/02/2025,09:15:00,49967.85,49967.85,60,50036.7,120,0,718140
BANKNIFTY-II.NFO,14/02/2025,09:15:00,49750.05,49967.85,60,50036.7,120,0,718140
BANKNIFTY-II.NFO,14/02/2025,09:15:01,50030.75,49967,120,50018.85,60,600,718140
BANKNIFTY-II.NFO,14/02/2025,09:15:01,50030.75,49967,120,50018.85,60,0,718140
BANKNIFTY-II.NFO,14/02/2025,09:15:03,50030.75,50000.8,120,50036.3,60,0,718140
BANKNIFTY-II.NFO,14/02/2025,09:15:04,50005.75,49991.7,60,50031.35,120,240,718140
BANKNIFTY-II.NFO,14/02/2025,09:15:06,50019.95,49976.95,30,50019.95,120,30,718140
BANKNIFTY-II.NFO,14/02/2025,09:15:08,49960.95,49961.85,240,49994.7,120,90,718140
BANKNIFTY-II.NFO,14/02/2025,09:15:09,49960.95,49949,30,49981.95,120,0,718140
BANKNIFTY-II.NFO,14/02/2025,09:15:11,49978,49961.55,240,49982,60,30,718140
BANKNIFTY-II.NFO,14/02/2025,09:15:12,49995.05,49954.2,30,49980.8,120,60,718140
BANKNIFTY-II.NFO,14/02/2025,09:15:14,49980.8,49957.95,90,49978.75,30,60,718140
BANKNIFTY-II.NFO,14/02/2025,09:15:15,49964.65,49980.6,210,49999.65,30,150,718140
BANKNIFTY-II.NFO,14/02/2025,09:15:17,49964.65,49965.4,150,49994.4,120,0,718140
BANKNIFTY-II.NFO,14/02/2025,09:15:18,49964.65,49959.95,30,49978.6,30,0,718140
BANKNIFTY-II.NFO,14/02/2025,09:15:20,49991.5,49969.5,60,49991.55,120,60,718140
BANKNIFTY-II.NFO,14/02/2025,09:15:21,49991.5,49975.05,60,49986.75,30,0,718140
BANKNIFTY-II.NFO,14/02/2025,09:15:23,49991.5,49975.85,60,49986.85,30,0,718140
BANKNIFTY-II.NFO,14/02/2025,09:15:25,49991.5,49977.85,60,49993.05,30,0,718140
BANKNIFTY-II.NFO,14/02/2025,09:15:26,49991.5,49991.65,60,50000,30,0,718140
BANKNIFTY-II.NFO,14/02/2025,09:15:28,49992.25,49995.2,30,50000,30,30,718140
BANKNIFTY-II.NFO,14/02/2025,09:15:29,50001,50002.7,30,50011,60,90,718140
BANKNIFTY-II.NFO,14/02/2025,09:15:31,50011,50002.65,150,50010.95,30,60,718140
BANKNIFTY-II.NFO,14/02/2025,09:15:32,50011,50003.55,60,50019.2,120,120,718200
BANKNIFTY-II.NFO,14/02/2025,09:15:34,50011,49997.4,30,50019.9,150,0,718200
BANKNIFTY-II.NFO,14/02/2025,09:15:35,50019.95,50001.95,240,50018.75,30,30,718200
BANKNIFTY-II.NFO,14/02/2025,09:15:37,50019.95,50005.85,150,50019.15,30,0,718200
BANKNIFTY-II.NFO,14/02/2025,09:15:39,50018.75,50005.45,30,50022.75,30,240,718200
BANKNIFTY-II.NFO,14/02/2025,09:15:40,50005.45,50008.9,30,50023.3,30,60,718200
BANKNIFTY-II.NFO,14/02/2025,09:15:42,50023.15,50012.65,30,50028.5,120,30,718200
BANKNIFTY-II.NFO,14/02/2025,09:15:43,50031.4,50029.9,150,50043.7,30,210,718200
BANKNIFTY-II.NFO,14/02/2025,09:15:43,50031.4,50029.9,150,50043.7,30,0,718200
BANKNIFTY-II.NFO,14/02/2025,09:15:45,50031.4,50028.4,90,50046.1,150,0,718200
BANKNIFTY-II.NFO,14/02/2025,09:15:46,50031.4,50027,30,50039.1,30,0,718200
BANKNIFTY-II.NFO,14/02/2025,09:15:48,50037.65,50027,30,50034.65,30,30,718200
BANKNIFTY-II.NFO,14/02/2025,09:15:48,50037.65,50027,30,50034.65,30,0,718200
BANKNIFTY-II.NFO,14/02/2025,09:15:49,50031.4,50044.9,150,50049.8,180,120,718200
BANKNIFTY-II.NFO,14/02/2025,09:15:49,50049.8,50044.9,150,50049.8,180,0,718200
BANKNIFTY-II.NFO,14/02/2025,09:15:51,50049.8,50041.05,150,50055.5,30,180,718200
BANKNIFTY-II.NFO,14/02/2025,09:15:53,50032.6,50033.4,150,50041,60,30,718200
BANKNIFTY-II.NFO,14/02/2025,09:15:54,50032.6,50033.65,180,50041,60,0,718200
BANKNIFTY-II.NFO,14/02/2025,09:15:56,50048.95,50031.45,30,50048.95,120,90,718200
BANKNIFTY-II.NFO,14/02/2025,09:15:57,50048.95,50031.4,30,50047.3,120,0,718200
BANKNIFTY-II.NFO,14/02/2025,09:15:59,50031.4,50027.65,30,50046.2,120,30,718200
BANKNIFTY-II.NFO,14/02/2025,09:16:00,50031.4,50027,30,50041.35,120,0,718200
BANKNIFTY-II.NFO,14/02/2025,09:16:02,50038.65,50027.05,30,50046.7,120,60,718200
BANKNIFTY-II.NFO,14/02/2025,09:16:03,50040.55,50027,30,50038,120,60,718200
BANKNIFTY-II.NFO,14/02/2025,09:16:05,50040.55,50027,30,50039.8,120,0,718200
BANKNIFTY-II.NFO,14/02/2025,09:16:06,50027,50019.95,30,50030.9,120,30,718200
BANKNIFTY-II.NFO,14/02/2025,09:16:08,50027,50019.95,30,50027.2,120,0,718200
BANKNIFTY-II.NFO,14/02/2025,09:16:10,50019.95,50003.4,90,50027.1,120,30,718200
BANKNIFTY-II.NFO,14/02/2025,09:16:11,50001.95,50002.3,30,50022.4,120,540,718200
BANKNIFTY-II.NFO,14/02/2025,09:16:13,50001.95,50008.3,30,50025.05,60,0,718200
BANKNIFTY-II.NFO,14/02/2025,09:16:14,50027.7,50009.5,150,50027.95,120,90,718200
BANKNIFTY-II.NFO,14/02/2025,09:16:16,50028.75,50016.9,30,50031.6,60,90,718200
BANKNIFTY-II.NFO,14/02/2025,09:16:17,50028.75,50017.6,30,50031.55,60,0,718200
BANKNIFTY-II.NFO,14/02/2025,09:16:19,50028.75,50027.95,30,50036.6,120,0,718200
BANKNIFTY-II.NFO,14/02/2025,09:16:20,50028.75,50028.75,30,50037.8,150,0,718200
BANKNIFTY-II.NFO,14/02/2025,09:16:22,50028.75,50028.75,30,50031,30,0,718200
BANKNIFTY-II.NFO,14/02/2025,09:16:24,50031,50028,30,50038.65,30,60,718200
BANKNIFTY-II.NFO,14/02/2025,09:16:25,50027.95,50017.15,30,50038.6,120,30,718200
BANKNIFTY-II.NFO,14/02/2025,09:16:27,50027.95,50020.8,30,50031,60,0,718200
BANKNIFTY-II.NFO,14/02/2025,09:16:28,50027.95,50023.65,30,50031,60,0,718200
BANKNIFTY-II.NFO,14/02/2025,09:16:30,50016.3,50014.6,30,50030,30,360,718200
BANKNIFTY-II.NFO,14/02/2025,09:16:31,50028.75,50014.3,150,50027.95,30,60,718200
BANKNIFTY-II.NFO,14/02/2025,09:16:33,50028.75,50020.2,30,50027.95,30,0,718200
BANKNIFTY-II.NFO,14/02/2025,09:16:34,50028.75,50020.5,30,50027.95,30,0,718200
BANKNIFTY-II.NFO,14/02/2025,09:16:36,50028.75,50022.55,30,50027.95,60,0,718200
BANKNIFTY-II.NFO,14/02/2025,09:16:38,50028.75,50021.45,30,50027.95,60,0,718200
BANKNIFTY-II.NFO,14/02/2025,09:16:39,50024.7,50023.95,150,50028.75,60,90,718200
BANKNIFTY-II.NFO,14/02/2025,09:16:41,50020,50018.15,150,50028.75,30,60,718200
BANKNIFTY-II.NFO,14/02/2025,09:16:42,50020,50024.7,270,50028.75,30,0,718200
BANKNIFTY-II.NFO,14/02/2025,09:16:44,50031,50030.7,150,50038.65,30,90,718200
BANKNIFTY-II.NFO,14/02/2025,09:16:45,50031,50034.35,150,50038.65,30,0,718200
BANKNIFTY-II.NFO,14/02/2025,09:16:47,50038.9,50034.35,30,50040,60,60,718200
BANKNIFTY-II.NFO,14/02/2025,09:16:48,50029.45,50028.75,90,50040,60,60,718200
BANKNIFTY-II.NFO,14/02/2025,09:16:50,50029.45,50028.75,60,50040,60,0,718200
BANKNIFTY-II.NFO,14/02/2025,09:16:51,50031,50029.1,150,50031,30,30,718200
BANKNIFTY-II.NFO,14/02/2025,09:16:53,50029.6,50028.75,90,50040,60,60,718200
BANKNIFTY-II.NFO,14/02/2025,09:16:55,50029.6,50028.75,60,50039.95,120,0,718200
BANKNIFTY-II.NFO,14/02/2025,09:16:56,50029.6,50028.75,60,50029.6,30,0,718200
BANKNIFTY-II.NFO,14/02/2025,09:16:58,50028.75,50028.75,30,50029.6,30,30,718200
BANKNIFTY-II.NFO,14/02/2025,09:16:59,50029.6,50028.75,30,50037.95,150,30,718200
BANKNIFTY-II.NFO,14/02/2025,09:17:01,50028.75,50019.6,180,50037.15,120,30,718200
BANKNIFTY-II.NFO,14/02/2025,09:17:02,50037.95,50020.5,90,50037.95,150,60,718200
BANKNIFTY-II.NFO,14/02/2025,09:17:04,50037.95,50028.75,150,50037.95,120,0,718200
BANKNIFTY-II.NFO,14/02/2025,09:17:07,50037.95,50028.75,150,50037.95,150,0,718200
BANKNIFTY-II.NFO,14/02/2025,09:17:09,50037.95,50028.75,150,50038,30,0,718200
BANKNIFTY-II.NFO,14/02/2025,09:17:10,50028.75,50028.75,120,50038,30,30,718200
BANKNIFTY-II.NFO,14/02/2025,09:17:12,50028.75,50028.75,120,50038,30,0,718200
BANKNIFTY-II.NFO,14/02/2025,09:17:13,50038,50028.75,120,50039.95,120,30,718200
BANKNIFTY-II.NFO,14/02/2025,09:17:15,50038,50028.75,120,50036.9,120,0,718200
BANKNIFTY-II.NFO,14/02/2025,09:17:17,50031.4,50010.55,30,50031.4,120,330,718200
BANKNIFTY-II.NFO,14/02/2025,09:17:18,50031.4,50015.3,30,50035.35,120,0,718200
BANKNIFTY-II.NFO,14/02/2025,09:17:20,50035.35,50015.75,60,50035.35,120,30,718200
BANKNIFTY-II.NFO,14/02/2025,09:17:21,50035.35,50016.6,60,50037.1,120,0,718200
BANKNIFTY-II.NFO,14/02/2025,09:17:23,50035.35,50013.95,60,50035,120,0,718200
BANKNIFTY-II.NFO,14/02/2025,09:17:24,50035.35,50017.8,60,50036.6,120,0,718200
BANKNIFTY-II.NFO,14/02/2025,09:17:26,50035.35,50018.5,60,50036.2,120,0,718200
BANKNIFTY-II.NFO,14/02/2025,09:17:27,50017.9,50016.8,30,50034.85,120,30,718200
BANKNIFTY-II.NFO,14/02/2025,09:17:29,50017.9,50019.15,30,50034.95,120,0,718200
BANKNIFTY-II.NFO,14/02/2025,09:17:31,50017.9,50015.2,30,50034.2,120,0,718200
BANKNIFTY-II.NFO,14/02/2025,09:17:32,50017.9,50012.65,30,50030.8,120,0,718200
BANKNIFTY-II.NFO,14/02/2025,09:17:34,50017.9,50011.2,60,50028.9,150,0,718200
BANKNIFTY-II.NFO,14/02/2025,09:17:35,50017.9,50009.55,180,50028.8,120,60,718200
BANKNIFTY-II.NFO,14/02/2025,09:17:37,50025.3,50007.5,90,50025.3,150,60,718200
BANKNIFTY-II.NFO,14/02/2025,09:17:38,50007.45,50003.55,180,50020.15,150,120,718200
BANKNIFTY-II.NFO,14/02/2025,09:17:40,50007.45,50003.25,30,50010.55,30,0,718200
BANKNIFTY-II.NFO,14/02/2025,09:17:41,50007.45,50006.6,150,50010.55,30,0,718200
BANKNIFTY-II.NFO,14/02/2025,09:17:43,50007.4,50009.2,150,50010.55,30,60,718200
BANKNIFTY-II.NFO,14/02/2025,09:17:44,50007.4,50007.25,150,50010.55,30,0,718200
BANKNIFTY-II.NFO,14/02/2025,09:17:46,50007.4,50006.5,150,50010.55,30,0,718200
BANKNIFTY-II.NFO,14/02/2025,09:17:47,50007.4,50007.45,150,50010.55,30,0,718200
BANKNIFTY-II.NFO,14/02/2025,09:17:49,50010.55,50012.4,180,50030,150,30,718200
BANKNIFTY-II.NFO,14/02/2025,09:17:51,50010.55,50010.6,180,50029.55,120,0,718200
BANKNIFTY-II.NFO,14/02/2025,09:17:52,50010.55,50011.55,180,50029.45,210,0,718200
BANKNIFTY-II.NFO,14/02/2025,09:17:54,50010.55,50006.4,210,50025.95,150,0,718200
BANKNIFTY-II.NFO,14/02/2025,09:17:55,50010.55,50007.4,180,50025.45,150,0,718200
BANKNIFTY-II.NFO,14/02/2025,09:17:57,50010.55,50008.85,30,50027.75,150,0,718200
BANKNIFTY-II.NFO,14/02/2025,09:17:58,50010.55,50011.35,30,50027.75,150,0,718200
BANKNIFTY-II.NFO,14/02/2025,09:18:00,50010.55,50016.15,30,50031.55,150,0,718200
BANKNIFTY-II.NFO,14/02/2025,09:18:01,50010.55,50018.85,30,50034.95,150,0,718200
BANKNIFTY-II.NFO,14/02/2025,09:18:03,50010.55,50017.65,30,50033.45,210,0,718200
BANKNIFTY-II.NFO,14/02/2025,09:18:04,50010.55,50020.15,30,50034.95,150,0,718200
BANKNIFTY-II.NFO,14/02/2025,09:18:06,50010.55,50010,30,50027.95,120,0,718200
BANKNIFTY-II.NFO,14/02/2025,09:18:07,50010.8,50015.7,30,50032.85,150,30,718200
BANKNIFTY-II.NFO,14/02/2025,09:18:09,50010.8,50017.65,30,50032.85,150,0,718200
BANKNIFTY-II.NFO,14/02/2025,09:18:10,50015.25,50013.65,30,50029.7,120,150,718200
BANKNIFTY-II.NFO,14/02/2025,09:18:12,50029.7,50012.95,60,50029.7,150,60,718200
BANKNIFTY-II.NFO,14/02/2025,09:18:14,50029.7,50012.85,60,50028.1,150,0,718200
BANKNIFTY-II.NFO,14/02/2025,09:18:15,50029.7,50016.65,60,50032.95,150,0,718200
BANKNIFTY-II.NFO,14/02/2025,09:18:17,50029.7,50009.85,60,50026.25,150,0,718200
BANKNIFTY-II.NFO,14/02/2025,09:18:18,50029.7,50008.5,60,50024.65,150,0,718200
BANKNIFTY-II.NFO,14/02/2025,09:18:20,50029.7,50002.85,60,50010,30,0,718200
BANKNIFTY-II.NFO,14/02/2025,09:18:22,50029.7,50000,30,50009.95,150,0,718200
BANKNIFTY-II.NFO,14/02/2025,09:18:25,50000,49992.15,60,50007.9,150,30,718200
BANKNIFTY-II.NFO,14/02/2025,09:18:27,50000,49991.2,60,50008.5,120,0,718200
BANKNIFTY-II.NFO,14/02/2025,09:18:28,49993.4,49993.35,30,50009.35,120,60,718200
BANKNIFTY-II.NFO,14/02/2025,09:18:30,49993.4,49992.35,30,50010.7,120,0,718200
BANKNIFTY-II.NFO,14/02/2025,09:18:31,49993.4,49990.75,30,50008.8,210,0,718200
BANKNIFTY-II.NFO,14/02/2025,09:18:33,49993.4,49991.9,30,50008.7,120,0,718200
BANKNIFTY-II.NFO,14/02/2025,09:18:35,49993.4,49988.4,30,50006.7,120,0,718200
BANKNIFTY-II.NFO,14/02/2025,09:18:36,49993.4,49987.4,30,50004.4,150,0,718200
BANKNIFTY-II.NFO,14/02/2025,09:18:38,49987.4,49991.1,30,50008.5,120,60,718500
BANKNIFTY-II.NFO,14/02/2025,09:18:40,49987.4,49989.3,30,50006.35,120,0,718500
BANKNIFTY-II.NFO,14/02/2025,09:18:41,49987.4,49992.9,30,50010.7,120,0,718500
BANKNIFTY-II.NFO,14/02/2025,09:18:43,49987.4,49990.45,30,50009.5,120,0,718500
BANKNIFTY-II.NFO,14/02/2025,09:18:45,49987.4,49989.05,30,50006.45,120,0,718500
BANKNIFTY-II.NFO,14/02/2025,09:18:46,49989.05,49991.55,30,50008.25,120,30,718500
BANKNIFTY-II.NFO,14/02/2025,09:18:48,49989.05,49996.5,30,50015.45,150,0,718500
BANKNIFTY-II.NFO,14/02/2025,09:18:49,49994.75,49990.55,30,50011.2,120,30,718500
BANKNIFTY-II.NFO,14/02/2025,09:18:51,49994.75,49991.35,30,50009.2,120,0,718500
BANKNIFTY-II.NFO,14/02/2025,09:18:53,49994.75,49995.35,30,50013.45,120,0,718500
BANKNIFTY-II.NFO,14/02/2025,09:18:54,49994.75,49993.6,30,50011.65,120,0,718500
BANKNIFTY-II.NFO,14/02/2025,09:18:56,49994.75,49990.4,30,50007.15,120,0,718500
BANKNIFTY-II.NFO,14/02/2025,09:18:58,49994.75,49995.85,30,50012.2,120,0,718500
BANKNIFTY-II.NFO,14/02/2025,09:18:59,49994.75,49996.85,30,50014.3,120,0,718500
BANKNIFTY-II.NFO,14/02/2025,09:19:01,49994.75,50000.1,30,50018.25,120,0,718500
BANKNIFTY-II.NFO,14/02/2025,09:19:03,49994.75,49993.35,30,50012.4,150,0,718500
BANKNIFTY-II.NFO,14/02/2025,09:19:04,49994.75,49991.9,30,49997.65,150,0,718500
BANKNIFTY-II.NFO,14/02/2025,09:19:06,49994.75,49989.2,30,49997.65,150,30,718500
BANKNIFTY-II.NFO,14/02/2025,09:19:07,49994.75,49989.05,30,49997.65,150,0,718500
BANKNIFTY-II.NFO,14/02/2025,09:19:09,49990,49989,30,49990,90,60,718500
BANKNIFTY-II.NFO,14/02/2025,09:19:11,49990,49989.1,30,49990,60,30,718500
BANKNIFTY-II.NFO,14/02/2025,09:19:12,49990,49988.75,30,49990,60,0,718500
BANKNIFTY-II.NFO,14/02/2025,09:19:14,49990,49988,30,49990,60,0,718500
BANKNIFTY-II.NFO,14/02/2025,09:19:16,49990,49985.5,30,49990,60,0,718500
BANKNIFTY-II.NFO,14/02/2025,09:19:17,49990,49984.15,30,49990,60,0,718500
BANKNIFTY-II.NFO,14/02/2025,09:19:19,49990,49981.65,30,49990,60,0,718500
BANKNIFTY-II.NFO,14/02/2025,09:19:20,49990,49975.45,30,49985,60,0,718500
BANKNIFTY-II.NFO,14/02/2025,09:19:22,49990,49973.6,30,49985,60,0,718500
BANKNIFTY-II.NFO,14/02/2025,09:19:24,49985,49975.1,30,49993.15,120,60,718500
BANKNIFTY-II.NFO,14/02/2025,09:19:25,49985,49976.45,30,49992,120,0,718500
BANKNIFTY-II.NFO,14/02/2025,09:19:27,49985,49985.7,30,50002.35,120,0,718500
BANKNIFTY-II.NFO,14/02/2025,09:19:29,49985,49982.4,30,49999.35,120,0,718500
BANKNIFTY-II.NFO,14/02/2025,09:19:30,49985,49987.35,30,49990,30,0,718500
BANKNIFTY-II.NFO,14/02/2025,09:19:32,49985,49985.1,30,49990,30,30,718500
BANKNIFTY-II.NFO,14/02/2025,09:19:34,49989.5,49989,30,49990,30,30,718500
BANKNIFTY-II.NFO,14/02/2025,09:19:35,49990,49990.8,150,50009.95,120,30,718500
BANKNIFTY-II.NFO,14/02/2025,09:19:37,49990,49988.9,150,50000,30,0,718500
BANKNIFTY-II.NFO,14/02/2025,09:19:39,49990,49990.65,60,50000,30,0,718500
BANKNIFTY-II.NFO,14/02/2025,09:19:40,49990,49987.15,30,50000,30,0,718500
BANKNIFTY-II.NFO,14/02/2025,09:19:42,49990,49980.65,300,49999.95,150,0,718500
BANKNIFTY-II.NFO,14/02/2025,09:19:44,49990,49990.05,30,50000,30,0,718500
BANKNIFTY-II.NFO,14/02/2025,09:19:45,49990,49994.05,150,50000,30,0,718500
BANKNIFTY-II.NFO,14/02/2025,09:19:47,49990,49993.85,30,50000,30,0,718500
BANKNIFTY-II.NFO,14/02/2025,09:19:49,49990,49991.25,30,50000,30,0,718500
BANKNIFTY-II.NFO,14/02/2025,09:19:50,49990,49982.8,30,49999.95,150,0,718500
BANKNIFTY-II.NFO,14/02/2025,09:19:52,49990,49984.8,30,49988.45,30,0,718500
BANKNIFTY-II.NFO,14/02/2025,09:19:54,49988.45,49987.9,120,50000,30,30,718500
BANKNIFTY-II.NFO,14/02/2025,09:19:55,49988.45,49985.5,150,50000,30,0,718500
BANKNIFTY-II.NFO,14/02/2025,09:19:57,49988.45,49982.55,150,49999.95,210,0,718500
BANKNIFTY-II.NFO,14/02/2025,09:19:59,49988.45,49980.65,30,49999.3,120,0,718500
BANKNIFTY-II.NFO,14/02/2025,09:20:00,49988.45,49978.5,150,49996.65,150,0,718500
BANKNIFTY-II.NFO,14/02/2025,09:20:02,49988.45,49984.4,120,49999.95,150,0,718500
BANKNIFTY-II.NFO,14/02/2025,09:20:04,49988.45,49991.7,120,50000,30,0,718500
BANKNIFTY-II.NFO,14/02/2025,09:20:05,49992.9,49992.2,150,50009.9,120,60,718500
BANKNIFTY-II.NFO,14/02/2025,09:20:07,49992.9,49989.05,150,50009.95,150,0,718500
BANKNIFTY-II.NFO,14/02/2025,09:20:09,49992.9,49994.6,30,50009.95,150,0,718500
BANKNIFTY-II.NFO,14/02/2025,09:20:10,49992.9,49989.15,30,50008.8,120,0,718500
BANKNIFTY-II.NFO,14/02/2025,09:20:12,50007.4,49990.25,30,50007.4,150,30,718500
BANKNIFTY-II.NFO,14/02/2025,09:20:14,50007.4,49985.05,30,50004.9,180,0,718500
BANKNIFTY-II.NFO,14/02/2025,09:20:15,50007.4,49979.95,30,49999.4,150,0,718500
BANKNIFTY-II.NFO,14/02/2025,09:20:17,50007.4,49972.85,30,49990.3,120,0,718500
BANKNIFTY-II.NFO,14/02/2025,09:20:20,50007.4,49978.6,30,49996.9,120,0,718500
BANKNIFTY-II.NFO,14/02/2025,09:20:22,50007.4,49990,30,50004.9,120,0,718500
BANKNIFTY-II.NFO,14/02/2025,09:20:23,50007.4,49990,30,50001.55,150,0,718500
BANKNIFTY-II.NFO,14/02/2025,09:20:25,50007.4,49990,30,50002.65,120,0,718500
BANKNIFTY-II.NFO,14/02/2025,09:20:27,50000,49990,30,50002.45,150,30,718500
BANKNIFTY-II.NFO,14/02/2025,09:20:28,50000,49990,30,49998.5,150,0,718500
BANKNIFTY-II.NFO,14/02/2025,09:20:30,49990,49971.75,30,49990.15,120,30,718500
BANKNIFTY-II.NFO,14/02/2025,09:20:32,49990,49958.5,30,49980.35,120,0,718500
BANKNIFTY-II.NFO,14/02/2025,09:20:33,49990,49957.65,30,49977,120,0,718500
BANKNIFTY-II.NFO,14/02/2025,09:20:35,49990,49970.65,30,49989,120,0,718500
BANKNIFTY-II.NFO,14/02/2025,09:20:37,49990,49963.45,30,49986.25,150,0,718500
BANKNIFTY-II.NFO,14/02/2025,09:20:38,49990,49959.65,60,49977.9,150,0,718500
BANKNIFTY-II.NFO,14/02/2025,09:20:40,49990,49955.45,30,49974,120,0,718500
BANKNIFTY-II.NFO,14/02/2025,09:20:42,49990,49950.95,30,49973.85,210,0,718500
BANKNIFTY-II.NFO,14/02/2025,09:20:43,49990,49948.1,30,49969.45,150,0,718500
BANKNIFTY-II.NFO,14/02/2025,09:20:45,49990,49946.85,30,49966.6,150,0,718500
BANKNIFTY-II.NFO,14/02/2025,09:20:47,49990,49940.65,30,49961.85,150,0,718500
BANKNIFTY-II.NFO,14/02/2025,09:20:48,49990,49940.05,30,49959.15,120,0,718500
BANKNIFTY-II.NFO,14/02/2025,09:20:50,49990,49940.4,30,49959.7,120,0,718500
BANKNIFTY-II.NFO,14/02/2025,09:20:52,49990,49942.9,30,49960.7,120,0,718500
BANKNIFTY-II.NFO,14/02/2025,09:20:53,49990,49942.95,30,49961.05,120,0,718500
BANKNIFTY-II.NFO,14/02/2025,09:20:55,49990,49940.15,30,49958.95,120,0,718500
BANKNIFTY-II.NFO,14/02/2025,09:20:57,49940.9,49941.45,150,49959.1,120,60,718500
BANKNIFTY-II.NFO,14/02/2025,09:20:58,49940.9,49950,30,49960.9,150,0,718500
BANKNIFTY-II.NFO,14/02/2025,09:21:00,49959.1,49950,30,49961.45,150,30,718500
BANKNIFTY-II.NFO,14/02/2025,09:21:02,49959.1,49950,30,49967.25,120,0,718500
BANKNIFTY-II.NFO,14/02/2025,09:21:03,49959.1,49950,60,49965.25,150,0,718500
BANKNIFTY-II.NFO,14/02/2025,09:21:05,49959.1,49950,60,49968.85,120,0,718500
BANKNIFTY-II.NFO,14/02/2025,09:21:07,49959.1,49963.2,150,49980.55,120,0,718500
BANKNIFTY-II.NFO,14/02/2025,09:21:08,49959.1,49961.4,300,49982.65,120,0,718500
BANKNIFTY-II.NFO,14/02/2025,09:21:10,49959.1,49954.35,150,49972.65,150,0,718500
BANKNIFTY-II.NFO,14/02/2025,09:21:12,49959.1,49958.9,150,49978.3,150,0,718500
BANKNIFTY-II.NFO,14/02/2025,09:21:13,49959.1,49958.6,30,49978.5,120,0,718500
BANKNIFTY-II.NFO,14/02/2025,09:21:15,49959.1,49964.85,150,49983.45,120,0,718500
BANKNIFTY-II.NFO,14/02/2025,09:21:17,49959.1,49967.6,150,49988.05,120,0,718500
BANKNIFTY-II.NFO,14/02/2025,09:21:18,49959.1,49961.4,300,49981.8,150,0,718500
BANKNIFTY-II.NFO,14/02/2025,09:21:20,49959.1,49963.65,150,49983.15,150,0,718500
BANKNIFTY-II.NFO,14/02/2025,09:21:22,49959.1,49967.8,150,49986.9,150,0,718500
BANKNIFTY-II.NFO,14/02/2025,09:21:23,49959.1,49961.85,270,49984.5,120,0,718500
BANKNIFTY-II.NFO,14/02/2025,09:21:25,49959.1,49967.45,150,49986.55,120,0,718500
BANKNIFTY-II.NFO,14/02/2025,09:21:27,49959.1,49966.2,150,49983.8,150,0,718500
BANKNIFTY-II.NFO,14/02/2025,09:21:28,49959.1,49960.25,150,49978.8,150,0,718500
BANKNIFTY-II.NFO,14/02/2025,09:21:30,49959.1,49964.05,150,49982.45,120,0,718500
BANKNIFTY-II.NFO,14/02/2025,09:21:32,49981.05,49964.95,30,49983.05,120,30,718500
BANKNIFTY-II.NFO,14/02/2025,09:21:33,49981.05,49967.6,30,49985.95,150,0,718500
BANKNIFTY-II.NFO,14/02/2025,09:21:35,49981.05,49964.95,30,49984.8,120,0,718500
BANKNIFTY-II.NFO,14/02/2025,09:21:37,49981.05,49961.75,30,49980.75,120,0,718500
BANKNIFTY-II.NFO,14/02/2025,09:21:39,49981.05,49964.3,30,49984.05,120,0,718500
BANKNIFTY-II.NFO,14/02/2025,09:21:40,49981.05,49965.25,30,49983.75,150,0,718500
BANKNIFTY-II.NFO,14/02/2025,09:21:42,49981.05,49963.55,30,49981.55,120,0,718500
BANKNIFTY-II.NFO,14/02/2025,09:21:44,49981.05,49968,30,49985.95,150,0,718500
BANKNIFTY-II.NFO,14/02/2025,09:21:45,49981.05,49964.5,30,49984.6,150,0,718500
BANKNIFTY-II.NFO,14/02/2025,09:21:47,49981.05,49967.1,30,49983.95,150,0,718500
BANKNIFTY-II.NFO,14/02/2025,09:21:49,49981.05,49967.6,30,49983.95,150,0,718500
BANKNIFTY-II.NFO,14/02/2025,09:21:50,49982.45,49960.4,120,49978.95,150,90,718830
BANKNIFTY-II.NFO,14/02/2025,09:21:52,49982.45,49957.35,120,49981.4,120,0,718830
BANKNIFTY-II.NFO,14/02/2025,09:21:54,49982.45,49959.95,120,49980.3,120,0,718830
BANKNIFTY-II.NFO,14/02/2025,09:21:55,49976,49958.9,120,49979.8,120,30,718830
BANKNIFTY-II.NFO,14/02/2025,09:21:57,49976,49957.95,120,49977.55,120,0,718830
BANKNIFTY-II.NFO,14/02/2025,09:21:59,49959.55,49955.3,120,49976.3,150,30,718830
BANKNIFTY-II.NFO,14/02/2025,09:22:00,49959.55,49957.2,150,49975.55,150,0,718830
BANKNIFTY-II.NFO,14/02/2025,09:22:02,49959.55,49970.65,120,49984,60,0,718830
BANKNIFTY-II.NFO,14/02/2025,09:22:04,49959.55,49966.8,120,49983.95,150,0,718830
BANKNIFTY-II.NFO,14/02/2025,09:22:05,49959.55,49960.6,120,49979.95,120,0,718830
BANKNIFTY-II.NFO,14/02/2025,09:22:07,49959.55,49959.6,120,49978.25,120,0,718830
BANKNIFTY-II.NFO,14/02/2025,09:22:09,49959.55,49956.05,120,49973.65,150,0,718830
BANKNIFTY-II.NFO,14/02/2025,09:22:10,49972.3,49953.5,120,49971.6,120,30,718830
BANKNIFTY-II.NFO,14/02/2025,09:22:12,49972.3,49950,60,49962.75,120,0,718830
BANKNIFTY-II.NFO,14/02/2025,09:22:14,49950,49940,30,49951.75,120,60,718830
BANKNIFTY-II.NFO,14/02/2025,09:22:15,49950,49940,30,49951.35,90,0,718830
BANKNIFTY-II.NFO,14/02/2025,09:22:17,49940,49928.05,120,49945.05,90,30,718830
BANKNIFTY-II.NFO,14/02/2025,09:22:19,49944.4,49928,30,49936.05,60,30,718830
BANKNIFTY-II.NFO,14/02/2025,09:22:20,49937.6,49928,30,49938.45,30,30,718830
BANKNIFTY-II.NFO,14/02/2025,09:22:22,49928,49910.25,120,49936.6,30,30,718830
BANKNIFTY-II.NFO,14/02/2025,09:22:24,49928,49903.35,120,49926.15,60,0,718830
BANKNIFTY-II.NFO,14/02/2025,09:22:25,49928,49909.75,120,49928.85,60,0,718830
BANKNIFTY-II.NFO,14/02/2025,09:22:27,49928,49928,30,49934,60,0,718830
BANKNIFTY-II.NFO,14/02/2025,09:22:29,49928,49914.8,120,49936.85,30,30,718830
BANKNIFTY-II.NFO,14/02/2025,09:22:30,49928,49909.6,120,49928.7,60,0,718830
BANKNIFTY-II.NFO,14/02/2025,09:22:32,49928,49906.4,120,49927.25,60,0,718830
BANKNIFTY-II.NFO,14/02/2025,09:22:34,49928,49911.65,120,49932.05,60,0,718830
BANKNIFTY-II.NFO,14/02/2025,09:22:35,49928,49912.95,120,49933.2,60,0,718830
BANKNIFTY-II.NFO,14/02/2025,09:22:37,49928,49928,30,49932.85,30,0,718830
BANKNIFTY-II.NFO,14/02/2025,09:22:38,49928,49913.25,120,49931.9,60,30,718830
BANKNIFTY-II.NFO,14/02/2025,09:22:40,49931.9,49910.7,120,49928,60,30,718830
BANKNIFTY-II.NFO,14/02/2025,09:22:42,49931.9,49913.4,120,49928,30,0,718830
BANKNIFTY-II.NFO,14/02/2025,09:22:43,49931.9,49917.8,120,49928,30,0,718830
BANKNIFTY-II.NFO,14/02/2025,09:22:45,49931.9,49919.65,120,49928,30,0,718830
BANKNIFTY-II.NFO,14/02/2025,09:22:47,49931.9,49914.1,120,49928,30,0,718830
BANKNIFTY-II.NFO,14/02/2025,09:22:48,49914.2,49913.35,120,49928,30,30,718830
BANKNIFTY-II.NFO,14/02/2025,09:22:50,49914.2,49912.8,120,49927.95,30,0,718830
BANKNIFTY-II.NFO,14/02/2025,09:22:52,49914.2,49915.4,120,49928,90,0,718830
BANKNIFTY-II.NFO,14/02/2025,09:22:53,49914.2,49913.25,120,49928,90,0,718830
BANKNIFTY-II.NFO,14/02/2025,09:22:55,49914.2,49917.4,120,49920,150,0,718830
BANKNIFTY-II.NFO,14/02/2025,09:22:57,49920,49919.25,120,49928,90,150,718830
BANKNIFTY-II.NFO,14/02/2025,09:22:58,49920,49917.55,120,49928,90,0,718830
BANKNIFTY-II.NFO,14/02/2025,09:23:00,49920,49917.05,120,49928,90,0,718830
BANKNIFTY-II.NFO,14/02/2025,09:23:02,49920,49919.25,120,49928,90,0,718830
BANKNIFTY-II.NFO,14/02/2025,09:23:05,49928,49925.9,120,49929.2,30,90,718830
BANKNIFTY-II.NFO,14/02/2025,09:23:07,49929.2,49928.05,120,49930.4,30,30,718830
BANKNIFTY-II.NFO,14/02/2025,09:23:08,49929.2,49921.65,120,49930.4,30,0,718830
BANKNIFTY-II.NFO,14/02/2025,09:23:10,49925.1,49927.9,150,49930.4,30,30,718830
BANKNIFTY-II.NFO,14/02/2025,09:23:12,49931.9,49930,120,49932.8,30,90,718830
BANKNIFTY-II.NFO,14/02/2025,09:23:13,49947.9,49921.8,120,49937.9,60,120,718830
BANKNIFTY-II.NFO,14/02/2025,09:23:15,49947.9,49920.55,60,49935.9,60,0,718830
BANKNIFTY-II.NFO,14/02/2025,09:23:17,49947.9,49924.2,120,49937.95,30,0,718830
BANKNIFTY-II.NFO,14/02/2025,09:23:18,49947.9,49922.05,30,49935.9,60,0,718830
BANKNIFTY-II.NFO,14/02/2025,09:23:20,49947.9,49924.75,120,49937.95,30,0,718830
BANKNIFTY-II.NFO,14/02/2025,09:23:22,49947.9,49933.3,120,49949.9,60,0,718830
BANKNIFTY-II.NFO,14/02/2025,09:23:23,49947.9,49949.3,120,49966.2,60,0,718830
BANKNIFTY-II.NFO,14/02/2025,09:23:25,49947.9,49948.2,120,49963.9,60,0,718830
BANKNIFTY-II.NFO,14/02/2025,09:23:28,49947.9,49963.9,30,49971,30,0,718830
BANKNIFTY-II.NFO,14/02/2025,09:23:30,49963.95,49943.7,30,49955.95,30,60,718830
BANKNIFTY-II.NFO,14/02/2025,09:23:32,49963.95,49951.15,120,49967.9,60,0,718830
BANKNIFTY-II.NFO,14/02/2025,09:23:33,49963.95,49952.15,120,49967.9,60,0,718830
BANKNIFTY-II.NFO,14/02/2025,09:23:35,49963.95,49958,30,49969.95,30,0,718830
BANKNIFTY-II.NFO,14/02/2025,09:23:37,49963.95,49960.75,30,49973.9,30,0,718830
BANKNIFTY-II.NFO,14/02/2025,09:23:38,49963.95,49966.4,30,49977.95,30,0,718830
BANKNIFTY-II.NFO,14/02/2025,09:23:40,49963.95,49965.05,90,49977.9,30,0,718830
BANKNIFTY-II.NFO,14/02/2025,09:23:42,49963.95,49966.7,120,49979,30,0,718830
BANKNIFTY-II.NFO,14/02/2025,09:23:44,49963.95,49965.05,30,49975.95,30,0,718830
BANKNIFTY-II.NFO,14/02/2025,09:23:45,49963.95,49966.65,30,49975.95,30,0,718830
BANKNIFTY-II.NFO,14/02/2025,09:23:47,49963.95,49962.95,120,49973.95,30,0,718830
BANKNIFTY-II.NFO,14/02/2025,09:23:49,49963.95,49962.6,120,49973.95,30,0,718830
BANKNIFTY-II.NFO,14/02/2025,09:23:50,49963.95,49962.45,30,49973.9,30,0,718830
BANKNIFTY-II.NFO,14/02/2025,09:23:52,49963.95,49965.65,30,49978.95,30,0,718830
BANKNIFTY-II.NFO,14/02/2025,09:23:54,49963.95,49968.05,30,49978.95,30,0,718830
BANKNIFTY-II.NFO,14/02/2025,09:23:55,49963.95,49970.05,30,49979,30,0,718830
BANKNIFTY-II.NFO,14/02/2025,09:23:59,49963.95,49964.05,30,49978.95,30,0,718830
BANKNIFTY-II.NFO,14/02/2025,09:24:00,49963.95,49960.05,30,49975.1,30,0,718830
BANKNIFTY-II.NFO,14/02/2025,09:24:02,49963.95,49968.05,30,49978.95,30,0,718830
BANKNIFTY-II.NFO,14/02/2025,09:24:04,49963.95,49967.9,30,49979,30,0,718830
BANKNIFTY-II.NFO,14/02/2025,09:24:05,49963.95,49967.75,120,49979,30,0,718830
BANKNIFTY-II.NFO,14/02/2025,09:24:07,49979,49982.05,30,49990,210,30,718830
BANKNIFTY-II.NFO,14/02/2025,09:24:09,49979,49974.15,30,49989.95,60,0,718830
BANKNIFTY-II.NFO,14/02/2025,09:24:10,49979,49978.05,30,49989.95,30,0,718830
BANKNIFTY-II.NFO,14/02/2025,09:24:12,49979,49979,30,49984.8,60,0,718830
BANKNIFTY-II.NFO,14/02/2025,09:24:14,49979,49979,30,49988.65,60,0,718830
BANKNIFTY-II.NFO,14/02/2025,09:24:15,49979,49979,30,49988.85,30,0,718830
BANKNIFTY-II.NFO,14/02/2025,09:24:17,49979,49979,30,49986,30,0,718830
BANKNIFTY-II.NFO,14/02/2025,09:24:19,49979,49966.05,30,49982,30,30,718830
BANKNIFTY-II.NFO,14/02/2025,09:24:20,49979,49963.95,30,49974.55,90,0,718830
BANKNIFTY-II.NFO,14/02/2025,09:24:22,49979,49963.95,30,49970.85,30,0,718830
BANKNIFTY-II.NFO,14/02/2025,09:24:24,49979,49963.95,30,49975.95,30,0,718830
BANKNIFTY-II.NFO,14/02/2025,09:24:25,49979,49964.05,30,49979.9,60,0,718830
BANKNIFTY-II.NFO,14/02/2025,09:24:27,49979,49972.05,30,49985.75,30,0,718830
BANKNIFTY-II.NFO,14/02/2025,09:24:29,49979,49965.45,120,49985.5,60,0,718830
BANKNIFTY-II.NFO,14/02/2025,09:24:30,49979,49966.1,120,49983.7,60,0,718830
BANKNIFTY-II.NFO,14/02/2025,09:24:32,49979,49972.05,30,49985.65,60,0,718830
BANKNIFTY-II.NFO,14/02/2025,09:24:34,49979,49970.05,30,49983.45,30,0,718830
BANKNIFTY-II.NFO,14/02/2025,09:24:35,49979,49963.95,30,49977.9,30,0,718830
BANKNIFTY-II.NFO,14/02/2025,09:24:37,49979,49968.1,120,49984.1,30,0,718830
BANKNIFTY-II.NFO,14/02/2025,09:24:39,49979,49978.05,30,49988.15,30,0,718830
BANKNIFTY-II.NFO,14/02/2025,09:24:40,49979,49974.05,30,49985,30,0,718830
BANKNIFTY-II.NFO,14/02/2025,09:24:42,49986.1,49968.1,120,49985.45,60,30,719250
BANKNIFTY-II.NFO,14/02/2025,09:24:44,49986.1,49980,30,49986,30,0,719250
BANKNIFTY-II.NFO,14/02/2025,09:24:45,49986.1,49982.05,30,49990,180,0,719250
BANKNIFTY-II.NFO,14/02/2025,09:24:47,49986.1,49980.05,120,49990,180,0,719250
BANKNIFTY-II.NFO,14/02/2025,09:24:49,49986.1,49982.7,120,49990,180,0,719250
BANKNIFTY-II.NFO,14/02/2025,09:24:50,49986.1,49983.25,120,49990,180,0,719250
BANKNIFTY-II.NFO,14/02/2025,09:24:52,49990,49982.05,120,49990,150,60,719250
BANKNIFTY-II.NFO,14/02/2025,09:24:54,49990,49984.65,120,49990,150,0,719250
BANKNIFTY-II.NFO,14/02/2025,09:24:55,49990,49991.35,120,49995,30,150,719250
BANKNIFTY-II.NFO,14/02/2025,09:24:57,50000,49993.05,120,50000,90,60,719250
BANKNIFTY-II.NFO,14/02/2025,09:24:59,49996.25,49995.3,120,50000,90,30,719250
BANKNIFTY-II.NFO,14/02/2025,09:25:00,49996.25,49996.45,120,50000,90,0,719250
BANKNIFTY-II.NFO,14/02/2025,09:25:02,50000,50000.1,120,50010,60,90,719250
BANKNIFTY-II.NFO,14/02/2025,09:25:04,50000,49998.7,150,50010,60,0,719250
BANKNIFTY-II.NFO,14/02/2025,09:25:05,50000,50002.1,120,50010,60,0,719250
BANKNIFTY-II.NFO,14/02/2025,09:25:07,50010,50010.1,150,50018,30,60,719250
BANKNIFTY-II.NFO,14/02/2025,09:25:09,50010,50004.5,150,50018,30,0,719250
BANKNIFTY-II.NFO,14/02/2025,09:25:10,50010,50000.05,30,50013.9,30,0,719250
BANKNIFTY-II.NFO,14/02/2025,09:25:12,50011.6,50000.05,30,50012.25,30,30,719250
BANKNIFTY-II.NFO,14/02/2025,09:25:14,50011.6,50004.05,30,50016.35,30,0,719250
BANKNIFTY-II.NFO,14/02/2025,09:25:15,50011.6,49992.1,150,50007.75,30,0,719250
BANKNIFTY-II.NFO,14/02/2025,09:25:17,50011.6,49990.1,150,50004.05,30,0,719250
BANKNIFTY-II.NFO,14/02/2025,09:25:19,50011.6,49990,90,50004,60,0,719250
BANKNIFTY-II.NFO,14/02/2025,09:25:20,50011.6,49990,90,50000.7,30,0,719250
BANKNIFTY-II.NFO,14/02/2025,09:25:22,50004.05,49990.05,60,50004.8,30,30,719250
BANKNIFTY-II.NFO,14/02/2025,09:25:24,50004.05,49992.1,150,50007.95,30,0,719250
BANKNIFTY-II.NFO,14/02/2025,09:25:25,50003.95,49990,60,50002.7,30,30,719250
BANKNIFTY-II.NFO,14/02/2025,09:25:27,50003.95,49990,60,49998.75,30,0,719250
BANKNIFTY-II.NFO,14/02/2025,09:25:28,50003.95,49990,60,50003.95,30,0,719250
BANKNIFTY-II.NFO,14/02/2025,09:25:30,50003.95,49990,60,50005.95,30,30,719250
BANKNIFTY-II.NFO,14/02/2025,09:25:32,49990.05,49990,60,50003.9,30,30,719250
BANKNIFTY-II.NFO,14/02/2025,09:25:33,49990.05,49990,60,49999.95,30,0,719250
BANKNIFTY-II.NFO,14/02/2025,09:25:37,49999.85,49990,60,49999.85,60,30,719250
BANKNIFTY-II.NFO,14/02/2025,09:25:38,49999.85,49990,60,49996.25,30,0,719250
BANKNIFTY-II.NFO,14/02/2025,09:25:40,49990,49980.05,30,49994,60,60,719250
BANKNIFTY-II.NFO,14/02/2025,09:25:42,49991.65,49986.05,30,49995.45,30,30,719250
BANKNIFTY-II.NFO,14/02/2025,09:25:43,49991.65,49982.05,30,49998.55,60,0,719250
BANKNIFTY-II.NFO,14/02/2025,09:25:45,49991.65,49980.1,150,49997.1,60,0,719250
BANKNIFTY-II.NFO,14/02/2025,09:25:47,49991.65,49974.1,150,49993.1,30,0,719250
BANKNIFTY-II.NFO,14/02/2025,09:25:49,49991.65,49970.55,150,49989.3,60,0,719250
BANKNIFTY-II.NFO,14/02/2025,09:25:50,49991.65,49966.35,150,49984.75,30,0,719250
BANKNIFTY-II.NFO,14/02/2025,09:25:52,49991.65,49964.1,120,49985.15,30,0,719250
BANKNIFTY-II.NFO,14/02/2025,09:25:54,49991.65,49962.1,120,49980.25,90,0,719250
BANKNIFTY-II.NFO,14/02/2025,09:25:55,49960.05,49962.7,120,49979.95,60,30,719250
BANKNIFTY-II.NFO,14/02/2025,09:25:57,49962.1,49963.2,120,49981.7,90,30,719250
BANKNIFTY-II.NFO,14/02/2025,09:25:59,49981.7,49965.4,150,49981.95,60,30,719250
BANKNIFTY-II.NFO,14/02/2025,09:26:00,49981.7,49968.1,120,49983.95,60,0,719250
BANKNIFTY-II.NFO,14/02/2025,09:26:02,49981.7,49974.1,150,49991.9,60,0,719250
BANKNIFTY-II.NFO,14/02/2025,09:26:04,49981.7,49984.1,120,49999.95,60,0,719250
BANKNIFTY-II.NFO,14/02/2025,09:26:05,49981.7,49985.3,120,50000,300,0,719250
BANKNIFTY-II.NFO,14/02/2025,09:26:07,49981.7,49984.5,120,50000,330,0,719250
BANKNIFTY-II.NFO,14/02/2025,09:26:09,49981.7,49982.1,150,49999.95,60,0,719250
BANKNIFTY-II.NFO,14/02/2025,09:26:10,49981.7,49976.1,150,49994.95,90,0,719250
BANKNIFTY-II.NFO,14/02/2025,09:26:12,49981.7,49976.45,390,49996.1,30,0,719250
BANKNIFTY-II.NFO,14/02/2025,09:26:14,49981.7,49973.25,150,49992.3,30,0,719250
BANKNIFTY-II.NFO,14/02/2025,09:26:15,49981.7,49977.65,150,49995.45,30,0,719250
BANKNIFTY-II.NFO,14/02/2025,09:26:17,49981.7,49978.2,150,49997.75,60,0,719250
BANKNIFTY-II.NFO,14/02/2025,09:26:19,49981.7,49979.85,150,49997.75,30,0,719250
BANKNIFTY-II.NFO,14/02/2025,09:26:20,49981.7,49982.9,150,49999.95,60,0,719250
BANKNIFTY-II.NFO,14/02/2025,09:26:22,49981.7,49982.15,150,49999.75,60,0,719250
BANKNIFTY-II.NFO,14/02/2025,09:26:24,49981.7,49977.3,120,49997.7,30,0,719250
BANKNIFTY-II.NFO,14/02/2025,09:26:25,49981.7,49976.55,150,49995.6,30,0,719250
BANKNIFTY-II.NFO,14/02/2025,09:26:27,49981.7,49978.7,150,49997.8,30,0,719250
BANKNIFTY-II.NFO,14/02/2025,09:26:29,49981.7,49980.25,150,49999.95,60,0,719250
BANKNIFTY-II.NFO,14/02/2025,09:26:30,49981.7,49978.1,120,49997.2,60,0,719250
BANKNIFTY-II.NFO,14/02/2025,09:26:32,49981.7,49976.1,150,49993.75,30,0,719250
BANKNIFTY-II.NFO,14/02/2025,09:26:34,49981.7,49976.8,120,49997.05,30,0,719250
BANKNIFTY-II.NFO,14/02/2025,09:26:35,49981.7,49976.3,120,49981.7,30,0,719250
BANKNIFTY-II.NFO,14/02/2025,09:26:37,49981.7,49968.5,150,49981.7,30,0,719250
BANKNIFTY-II.NFO,14/02/2025,09:26:39,49981.7,49967.25,150,49981.7,30,0,719250
BANKNIFTY-II.NFO,14/02/2025,09:26:40,49981.7,49966.55,150,49981.7,30,0,719250
BANKNIFTY-II.NFO,14/02/2025,09:26:42,49981.7,49967.85,120,49981.7,30,0,719250
BANKNIFTY-II.NFO,14/02/2025,09:26:44,49981.7,49966.05,120,49981.7,30,0,719250
BANKNIFTY-II.NFO,14/02/2025,09:26:45,49981.7,49967,150,49981.7,30,0,719250
BANKNIFTY-II.NFO,14/02/2025,09:26:47,49981.7,49966.05,120,49981.7,30,0,719250
BANKNIFTY-II.NFO,14/02/2025,09:26:49,49981.7,49965.35,120,49981.65,30,0,719250
BANKNIFTY-II.NFO,14/02/2025,09:26:50,49981.7,49960.1,120,49979.65,30,0,719250
BANKNIFTY-II.NFO,14/02/2025,09:26:52,49981.7,49960.05,120,49977.5,90,0,719250
BANKNIFTY-II.NFO,14/02/2025,09:26:54,49981.7,49960.05,120,49977.2,30,0,719250
BANKNIFTY-II.NFO,14/02/2025,09:26:55,49981.7,49960,30,49976,60,0,719250
BANKNIFTY-II.NFO,14/02/2025,09:26:57,49981.7,49960,30,49974.65,60,0,719250
BANKNIFTY-II.NFO,14/02/2025,09:26:59,49981.7,49960,30,49970.1,60,0,719250
BANKNIFTY-II.NFO,14/02/2025,09:27:00,49970.05,49960,30,49970.05,60,60,719250
BANKNIFTY-II.NFO,14/02/2025,09:27:02,49970.05,49960,30,49969.2,60,60,719250
BANKNIFTY-II.NFO,14/02/2025,09:27:04,49950.25,49948.1,120,49965,60,180,719250
BANKNIFTY-II.NFO,14/02/2025,09:27:05,49950.25,49940.35,120,49959.4,30,0,719250
BANKNIFTY-II.NFO,14/02/2025,09:27:07,49962.4,49944.1,120,49962.85,60,30,719250
BANKNIFTY-II.NFO,14/02/2025,09:27:09,49962.4,49946.85,120,49963.6,60,0,719250
BANKNIFTY-II.NFO,14/02/2025,09:27:10,49962.4,49948.1,120,49967.85,30,0,719250
BANKNIFTY-II.NFO,14/02/2025,09:27:12,49962.4,49948.1,120,49967.15,90,0,719250
BANKNIFTY-II.NFO,14/02/2025,09:27:14,49962.4,49952.05,120,49972.25,90,0,719250
BANKNIFTY-II.NFO,14/02/2025,09:27:15,49962.4,49951.35,120,49974.6,60,0,719250
BANKNIFTY-II.NFO,14/02/2025,09:27:17,49962.4,49951.55,120,49972.15,30,0,719250
BANKNIFTY-II.NFO,14/02/2025,09:27:19,49962.4,49957.25,120,49978.3,90,0,719250
BANKNIFTY-II.NFO,14/02/2025,09:27:20,49962.4,49956.75,120,49962.4,30,0,719250
BANKNIFTY-II.NFO,14/02/2025,09:27:22,49962.4,49956.1,120,49962.4,30,0,719250
BANKNIFTY-II.NFO,14/02/2025,09:27:24,49962.4,49959.7,120,49962.4,30,0,719250
BANKNIFTY-II.NFO,14/02/2025,09:27:25,49962.4,49960.15,60,49976.4,90,30,719250
BANKNIFTY-II.NFO,14/02/2025,09:27:27,49962.4,49959.7,120,49976.4,90,0,719250
BANKNIFTY-II.NFO,14/02/2025,09:27:29,49962.4,49962.4,30,49978,90,0,719250
BANKNIFTY-II.NFO,14/02/2025,09:27:30,49962.4,49962.4,30,49973.05,90,0,719250
BANKNIFTY-II.NFO,14/02/2025,09:27:32,49962.4,49962.4,30,49972.25,90,0,719250
BANKNIFTY-II.NFO,14/02/2025,09:27:34,49962.4,49948.7,120,49964.55,90,30,719250
BANKNIFTY-II.NFO,14/02/2025,09:27:35,49962.4,49943.15,120,49959.65,90,0,719250
BANKNIFTY-II.NFO,14/02/2025,09:27:37,49959.65,49943.85,120,49959.6,60,30,719460
BANKNIFTY-II.NFO,14/02/2025,09:27:39,49959.65,49940.65,120,49956.1,90,0,719460
BANKNIFTY-II.NFO,14/02/2025,09:27:40,49959.65,49939.7,120,49956.6,90,0,719460
BANKNIFTY-II.NFO,14/02/2025,09:27:42,49959.65,49938.65,120,49956.2,90,0,719460
BANKNIFTY-II.NFO,14/02/2025,09:27:44,49959.65,49939.7,120,49955.1,60,0,719460
BANKNIFTY-II.NFO,14/02/2025,09:27:45,49959.65,49936.35,120,49954.4,30,0,719460
BANKNIFTY-II.NFO,14/02/2025,09:27:47,49959.65,49938.85,120,49955.55,90,0,719460
BANKNIFTY-II.NFO,14/02/2025,09:27:49,49959.65,49934.6,120,49950.95,60,0,719460
BANKNIFTY-II.NFO,14/02/2025,09:27:50,49959.65,49934.95,120,49951.8,60,0,719460
BANKNIFTY-II.NFO,14/02/2025,09:27:52,49951.7,49943.15,60,49958.9,120,30,719460
BANKNIFTY-II.NFO,14/02/2025,09:27:54,49951.7,49944.35,120,49961.25,90,0,719460
BANKNIFTY-II.NFO,14/02/2025,09:27:55,49951.7,49939.8,60,49956.75,90,0,719460
BANKNIFTY-II.NFO,14/02/2025,09:27:57,49938.1,49938.1,120,49952.25,120,180,719460
BANKNIFTY-II.NFO,14/02/2025,09:27:59,49938.1,49932.5,120,49947.85,120,0,719460
BANKNIFTY-II.NFO,14/02/2025,09:28:00,49938.1,49933.2,120,49947.5,60,0,719460
BANKNIFTY-II.NFO,14/02/2025,09:28:02,49938.1,49933.65,120,49949.05,60,0,719460
BANKNIFTY-II.NFO,14/02/2025,09:28:04,49938.1,49933.3,120,49948.3,60,0,719460
BANKNIFTY-II.NFO,14/02/2025,09:28:05,49938.1,49943.55,120,49962.45,120,0,719460
BANKNIFTY-II.NFO,14/02/2025,09:28:07,49938.1,49949.15,120,49967.95,150,0,719460
BANKNIFTY-II.NFO,14/02/2025,09:28:09,49938.1,49947.05,120,49962.45,120,0,719460
BANKNIFTY-II.NFO,14/02/2025,09:28:10,49938.1,49953.65,120,49971.45,150,0,719460
BANKNIFTY-II.NFO,14/02/2025,09:28:12,49952,49952,120,49967.9,120,60,719460
BANKNIFTY-II.NFO,14/02/2025,09:28:14,49952,49951.15,120,49966.3,120,0,719460
BANKNIFTY-II.NFO,14/02/2025,09:28:15,49952,49951.8,120,49966.6,120,0,719460
BANKNIFTY-II.NFO,14/02/2025,09:28:17,49952,49951.6,120,49967.3,150,0,719460
BANKNIFTY-II.NFO,14/02/2025,09:28:19,49952,49943.95,120,49958.65,60,0,719460
BANKNIFTY-II.NFO,14/02/2025,09:28:20,49952,49946.05,30,49957.9,120,0,719460
BANKNIFTY-II.NFO,14/02/2025,09:28:22,49952,49939.25,120,49953.75,120,0,719460
BANKNIFTY-II.NFO,14/02/2025,09:28:24,49952,49942.1,120,49957.7,120,0,719460
BANKNIFTY-II.NFO,14/02/2025,09:28:25,49952,49935.3,120,49951.65,120,0,719460
BANKNIFTY-II.NFO,14/02/2025,09:28:27,49952,49933.35,120,49947.8,60,0,719460
BANKNIFTY-II.NFO,14/02/2025,09:28:29,49952,49936.1,120,49949.65,60,0,719460
BANKNIFTY-II.NFO,14/02/2025,09:28:30,49952,49934.05,30,49944.35,60,0,719460
BANKNIFTY-II.NFO,14/02/2025,09:28:32,49952,49934.05,30,49949.3,150,0,719460
BANKNIFTY-II.NFO,14/02/2025,09:28:34,49952,49934.05,30,49943.7,60,0,719460
BANKNIFTY-II.NFO,14/02/2025,09:28:35,49952,49931,60,49942.15,120,0,719460
BANKNIFTY-II.NFO,14/02/2025,09:28:37,49952,49931,60,49939.6,120,0,719460
BANKNIFTY-II.NFO,14/02/2025,09:28:39,49952,49931,60,49942.55,120,0,719460
BANKNIFTY-II.NFO,14/02/2025,09:28:40,49952,49932.05,30,49941.55,120,0,719460
BANKNIFTY-II.NFO,14/02/2025,09:28:42,49932.05,49931,60,49940.05,120,30,719460
BANKNIFTY-II.NFO,14/02/2025,09:28:44,49930,49925.8,30,49933.9,120,90,719460
BANKNIFTY-II.NFO,14/02/2025,09:28:45,49930,49925.8,30,49931.75,120,0,719460
BANKNIFTY-II.NFO,14/02/2025,09:28:47,49930,49925.8,30,49931.8,120,0,719460
BANKNIFTY-II.NFO,14/02/2025,09:28:49,49930,49925.8,30,49934.35,120,0,719460
BANKNIFTY-II.NFO,14/02/2025,09:28:50,49930,49925.8,30,49931.55,120,0,719460
BANKNIFTY-II.NFO,14/02/2025,09:28:52,49930,49925.8,30,49934.05,120,0,719460
BANKNIFTY-II.NFO,14/02/2025,09:28:54,49930,49925.8,30,49931.9,120,0,719460
BANKNIFTY-II.NFO,14/02/2025,09:28:55,49925.8,49905,30,49915.3,120,30,719460
BANKNIFTY-II.NFO,14/02/2025,09:28:57,49925.8,49905,30,49912.35,120,0,719460
BANKNIFTY-II.NFO,14/02/2025,09:28:59,49911.8,49905,30,49915.7,90,30,719460
BANKNIFTY-II.NFO,14/02/2025,09:29:00,49911.8,49905,30,49911.4,90,0,719460
BANKNIFTY-II.NFO,14/02/2025,09:29:02,49903.95,49900,60,49906.8,120,60,719460
BANKNIFTY-II.NFO,14/02/2025,09:29:04,49903.95,49900,60,49904.5,90,0,719460
BANKNIFTY-II.NFO,14/02/2025,09:29:05,49894.05,49888.05,30,49897.05,90,90,719460
BANKNIFTY-II.NFO,14/02/2025,09:29:07,49894.05,49894.05,30,49912.1,90,0,719460
BANKNIFTY-II.NFO,14/02/2025,09:29:09,49894.05,49898.05,30,49908.9,90,0,719460
BANKNIFTY-II.NFO,14/02/2025,09:29:10,49894.05,49900.05,30,49909.5,90,0,719460
BANKNIFTY-II.NFO,14/02/2025,09:29:12,49896.05,49896.05,30,49906.6,90,30,719460
BANKNIFTY-II.NFO,14/02/2025,09:29:13,49896.05,49894.2,60,49909.8,60,360,719460
BANKNIFTY-II.NFO,14/02/2025,09:29:15,49896.05,49900.05,30,49911.1,60,30,719460
BANKNIFTY-II.NFO,14/02/2025,09:29:17,49900.05,49900.05,30,49909.1,150,30,719460
BANKNIFTY-II.NFO,14/02/2025,09:29:18,49900.05,49898.05,30,49908.85,150,0,719460
BANKNIFTY-II.NFO,14/02/2025,09:29:20,49900.05,49888.2,120,49900.05,30,0,719460
BANKNIFTY-II.NFO,14/02/2025,09:29:22,49900.05,49892.05,30,49900.05,60,0,719460
BANKNIFTY-II.NFO,14/02/2025,09:29:23,49900.05,49892.1,120,49900.05,60,0,719460
BANKNIFTY-II.NFO,14/02/2025,09:29:25,49900.05,49894.1,120,49900.05,60,0,719460
BANKNIFTY-II.NFO,14/02/2025,09:29:27,49894.1,49892.1,120,49900.05,60,30,719460
BANKNIFTY-II.NFO,14/02/2025,09:29:28,49894.1,49892.55,120,49900.05,60,0,719460
BANKNIFTY-II.NFO,14/02/2025,09:29:30,49894.1,49884.8,120,49899.8,30,0,719460
BANKNIFTY-II.NFO,14/02/2025,09:29:32,49894.1,49890,30,49900,60,0,719460
BANKNIFTY-II.NFO,14/02/2025,09:29:33,49894.1,49890,30,49898.3,60,0,719460
BANKNIFTY-II.NFO,14/02/2025,09:29:35,49894.1,49890,30,49899.7,60,0,719460
BANKNIFTY-II.NFO,14/02/2025,09:29:37,49894.1,49890,30,49897.2,60,0,719460
BANKNIFTY-II.NFO,14/02/2025,09:29:38,49894.1,49890,30,49897.1,30,0,719460
BANKNIFTY-II.NFO,14/02/2025,09:29:40,49890,49881,60,49886.4,30,30,719460
BANKNIFTY-II.NFO,14/02/2025,09:29:42,49890,49882.05,30,49892.15,30,0,719460
BANKNIFTY-II.NFO,14/02/2025,09:29:43,49890,49884.05,30,49894.7,30,0,719460
BANKNIFTY-II.NFO,14/02/2025,09:29:45,49890,49881,60,49891.6,30,0,719460
BANKNIFTY-II.NFO,14/02/2025,09:29:46,49881,49884.05,30,49893.75,30,30,719460
BANKNIFTY-II.NFO,14/02/2025,09:29:48,49881,49881,30,49894.35,30,0,719460
BANKNIFTY-II.NFO,14/02/2025,09:29:50,49881,49881,30,49886.8,30,0,719460
BANKNIFTY-II.NFO,14/02/2025,09:29:51,49881,49873,30,49881.7,30,30,719460
BANKNIFTY-II.NFO,14/02/2025,09:29:53,49881,49873,30,49878.55,30,0,719460
BANKNIFTY-II.NFO,14/02/2025,09:29:55,49873,49866.05,30,49873.3,30,30,719460
BANKNIFTY-II.NFO,14/02/2025,09:29:56,49866.05,49868.05,30,49877.75,30,30,719460
BANKNIFTY-II.NFO,14/02/2025,09:29:58,49866.05,49872.15,60,49884.4,30,0,719460
BANKNIFTY-II.NFO,14/02/2025,09:30:00,49866.05,49878.15,60,49890.65,30,0,719460
BANKNIFTY-II.NFO,14/02/2025,09:30:01,49866.05,49884.1,60,49895.95,30,0,719460
BANKNIFTY-II.NFO,14/02/2025,09:30:03,49866.05,49884.15,60,49897,30,0,719460
BANKNIFTY-II.NFO,14/02/2025,09:30:05,49882.1,49884.05,30,49895.2,30,60,719460
BANKNIFTY-II.NFO,14/02/2025,09:30:06,49882.1,49886.1,120,49899.95,30,0,719460
BANKNIFTY-II.NFO,14/02/2025,09:30:08,49899.9,49888.05,30,49899.4,60,60,719460
BANKNIFTY-II.NFO,14/02/2025,09:30:10,49899.9,49891.05,120,49900,30,0,719460
BANKNIFTY-II.NFO,14/02/2025,09:30:11,49899.9,49888.05,30,49899.95,60,0,719460
BANKNIFTY-II.NFO,14/02/2025,09:30:13,49899.9,49894.3,120,49900,30,0,719460
BANKNIFTY-II.NFO,14/02/2025,09:30:15,49899.9,49889.65,120,49899,30,0,719460
BANKNIFTY-II.NFO,14/02/2025,09:30:17,49899.9,49890.5,120,49899,30,0,719460
BANKNIFTY-II.NFO,14/02/2025,09:30:18,49910,49906.05,30,49914.95,30,90,719460
BANKNIFTY-II.NFO,14/02/2025,09:30:20,49910,49900.1,120,49914.95,30,0,719460
BANKNIFTY-II.NFO,14/02/2025,09:30:22,49910,49904.2,120,49914.95,30,0,719460
BANKNIFTY-II.NFO,14/02/2025,09:30:23,49901.5,49900,30,49911.5,120,150,719460
BANKNIFTY-II.NFO,14/02/2025,09:30:25,49901.5,49900,30,49911.95,30,0,719460
BANKNIFTY-II.NFO,14/02/2025,09:30:27,49900,49887.4,60,49901.8,150,30,719460
BANKNIFTY-II.NFO,14/02/2025,09:30:28,49900,49886.2,60,49902.55,150,0,719460
BANKNIFTY-II.NFO,14/02/2025,09:30:30,49900,49881.2,60,49896.2,90,0,719460
BANKNIFTY-II.NFO,14/02/2025,09:30:32,49900,49890.05,30,49903.9,120,0,719460
BANKNIFTY-II.NFO,14/02/2025,09:30:33,49900,49894.1,60,49907.1,120,0,719460
BANKNIFTY-II.NFO,14/02/2025,09:30:35,49900,49893.1,60,49907.65,60,0,719460
BANKNIFTY-II.NFO,14/02/2025,09:30:37,49900,49902.1,60,49910,30,0,719460
BANKNIFTY-II.NFO,14/02/2025,09:30:38,49900,49899.25,60,49910,30,0,719460
BANKNIFTY-II.NFO,14/02/2025,09:30:40,49900,49899.45,60,49910,30,0,719460
BANKNIFTY-II.NFO,14/02/2025,09:30:42,49900,49900.45,60,49910,30,0,719460
BANKNIFTY-II.NFO,14/02/2025,09:30:43,49900,49899.5,60,49910,30,0,719460
BANKNIFTY-II.NFO,14/02/2025,09:30:45,49900,49893.55,60,49909.25,150,30,719640
BANKNIFTY-II.NFO,14/02/2025,09:30:47,49910,49901.1,90,49914.95,30,30,719640
BANKNIFTY-II.NFO,14/02/2025,09:30:48,49910,49894.05,90,49914.8,120,0,719640
BANKNIFTY-II.NFO,14/02/2025,09:30:50,49910,49898.1,60,49912.15,120,0,719640
BANKNIFTY-II.NFO,14/02/2025,09:30:52,49910,49902.05,30,49914.9,120,0,719640
BANKNIFTY-II.NFO,14/02/2025,09:30:53,49910,49902,60,49914.95,30,0,719640
BANKNIFTY-II.NFO,14/02/2025,09:30:55,49910,49899.65,60,49914.9,120,0,719640
BANKNIFTY-II.NFO,14/02/2025,09:30:57,49914.95,49902.05,30,49916.45,150,30,719640
BANKNIFTY-II.NFO,14/02/2025,09:30:58,49914.95,49899.5,60,49914.6,120,0,719640
BANKNIFTY-II.NFO,14/02/2025,09:31:00,49914.95,49906.05,30,49916.95,120,0,719640
BANKNIFTY-II.NFO,14/02/2025,09:31:02,49914.95,49902.2,60,49917.5,120,0,719640
BANKNIFTY-II.NFO,14/02/2025,09:31:03,49914.95,49897.65,60,49911.75,120,0,719640
BANKNIFTY-II.NFO,14/02/2025,09:31:05,49914.95,49902.1,60,49915.3,120,0,719640
BANKNIFTY-II.NFO,14/02/2025,09:31:07,49914.95,49886.2,60,49900.85,120,0,719640
BANKNIFTY-II.NFO,14/02/2025,09:31:08,49914.95,49884.05,30,49897.5,120,0,719640
BANKNIFTY-II.NFO,14/02/2025,09:31:10,49914.95,49872,60,49884.45,150,0,719640
BANKNIFTY-II.NFO,14/02/2025,09:31:12,49914.95,49872,60,49881.35,120,0,719640
BANKNIFTY-II.NFO,14/02/2025,09:31:13,49872,49866.05,30,49875,120,60,719640
BANKNIFTY-II.NFO,14/02/2025,09:31:15,49872,49860,60,49865,60,0,719640
BANKNIFTY-II.NFO,14/02/2025,09:31:16,49860,49852.05,30,49865.9,120,60,719640
BANKNIFTY-II.NFO,14/02/2025,09:31:18,49860,49854.05,30,49866.85,120,0,719640
BANKNIFTY-II.NFO,14/02/2025,09:31:20,49850.05,49852.5,60,49860,30,90,719640
BANKNIFTY-II.NFO,14/02/2025,09:31:21,49860.1,49864.05,30,49878.2,120,90,719640
BANKNIFTY-II.NFO,14/02/2025,09:31:23,49875.65,49858.05,30,49873.1,120,150,719640
BANKNIFTY-II.NFO,14/02/2025,09:31:25,49875.65,49850.55,30,49871.9,120,0,719640
BANKNIFTY-II.NFO,14/02/2025,09:31:26,49875.65,49856.05,30,49867.7,120,0,719640
BANKNIFTY-II.NFO,14/02/2025,09:31:28,49875.65,49856.1,30,49869.15,120,0,719640
BANKNIFTY-II.NFO,14/02/2025,09:31:30,49875.65,49858.1,30,49871.25,60,0,719640
BANKNIFTY-II.NFO,14/02/2025,09:31:31,49875.65,49857.65,30,49872.4,60,0,719640
BANKNIFTY-II.NFO,14/02/2025,09:31:33,49875.65,49858.2,30,49875.6,120,0,719640
BANKNIFTY-II.NFO,14/02/2025,09:31:35,49875.65,49862.45,30,49875.65,60,0,719640
BANKNIFTY-II.NFO,14/02/2025,09:31:36,49864.4,49865.4,30,49875.65,60,30,719640
BANKNIFTY-II.NFO,14/02/2025,09:31:38,49864.4,49862.05,30,49875.4,60,0,719640
BANKNIFTY-II.NFO,14/02/2025,09:31:40,49864.4,49862.05,30,49875,30,0,719640
BANKNIFTY-II.NFO,14/02/2025,09:31:41,49864.4,49855.35,30,49870.85,120,0,719640
BANKNIFTY-II.NFO,14/02/2025,09:31:43,49864.4,49857.7,30,49872.4,60,0,719640
BANKNIFTY-II.NFO,14/02/2025,09:31:45,49864.4,49858.05,30,49869.8,60,0,719640
BANKNIFTY-II.NFO,14/02/2025,09:31:46,49864.4,49852.45,30,49866.7,60,0,719640
BANKNIFTY-II.NFO,14/02/2025,09:31:48,49864.4,49856.05,30,49869.8,60,0,719640
BANKNIFTY-II.NFO,14/02/2025,09:31:50,49869.8,49856.05,30,49869.6,60,150,719640
BANKNIFTY-II.NFO,14/02/2025,09:31:51,49869.8,49860.05,30,49874.05,60,0,719640
BANKNIFTY-II.NFO,14/02/2025,09:31:53,49869.8,49856.05,30,49869.95,60,0,719640
BANKNIFTY-II.NFO,14/02/2025,09:31:55,49869.8,49858.05,30,49871.85,60,0,719640
BANKNIFTY-II.NFO,14/02/2025,09:31:56,49869.8,49858.05,30,49872.65,120,0,719640
BANKNIFTY-II.NFO,14/02/2025,09:31:58,49869.8,49858.05,30,49871.05,60,0,719640
BANKNIFTY-II.NFO,14/02/2025,09:32:00,49869.8,49850.05,30,49864.4,60,0,719640
BANKNIFTY-II.NFO,14/02/2025,09:32:01,49869.8,49850,30,49863.55,60,0,719640
BANKNIFTY-II.NFO,14/02/2025,09:32:03,49869.8,49850.05,30,49861.5,120,0,719640
BANKNIFTY-II.NFO,14/02/2025,09:32:05,49869.8,49852.05,30,49863.75,120,0,719640
BANKNIFTY-II.NFO,14/02/2025,09:32:06,49869.8,49850,30,49857.4,120,0,719640
BANKNIFTY-II.NFO,14/02/2025,09:32:08,49869.8,49850,30,49859.2,120,0,719640
BANKNIFTY-II.NFO,14/02/2025,09:32:10,49869.8,49850,30,49862,120,0,719640
BANKNIFTY-II.NFO,14/02/2025,09:32:11,49862.7,49850,30,49861.15,120,30,719640
BANKNIFTY-II.NFO,14/02/2025,09:32:13,49862.7,49850,30,49861.3,120,0,719640
BANKNIFTY-II.NFO,14/02/2025,09:32:15,49862.7,49850,30,49862.65,120,0,719640
BANKNIFTY-II.NFO,14/02/2025,09:32:16,49862.7,49850,30,49856.65,120,0,719640
BANKNIFTY-II.NFO,14/02/2025,09:32:18,49862.7,49850,30,49857.7,120,0,719640
BANKNIFTY-II.NFO,14/02/2025,09:32:20,49850,49842.1,30,49855,60,30,719640
BANKNIFTY-II.NFO,14/02/2025,09:32:21,49850,49836.1,30,49849.4,60,0,719640
BANKNIFTY-II.NFO,14/02/2025,09:32:23,49850,49840.05,30,49851.15,60,0,719640
BANKNIFTY-II.NFO,14/02/2025,09:32:25,49850,49836.1,30,49850.25,60,0,719640
BANKNIFTY-II.NFO,14/02/2025,09:32:26,49850,49840.2,30,49855.7,120,0,719640
BANKNIFTY-II.NFO,14/02/2025,09:32:28,49850,49842.75,60,49856.65,60,0,719640
BANKNIFTY-II.NFO,14/02/2025,09:32:30,49850,49848.95,90,49863.65,60,0,719640
BANKNIFTY-II.NFO,14/02/2025,09:32:32,49847.65,49843.5,30,49860,120,30,719640
BANKNIFTY-II.NFO,14/02/2025,09:32:33,49847.65,49831.05,30,49845.6,120,0,719640
BANKNIFTY-II.NFO,14/02/2025,09:32:35,49847.65,49831.05,30,49843.95,30,0,719640
BANKNIFTY-II.NFO,14/02/2025,09:32:37,49847.65,49831.1,90,49846.25,60,0,719640
BANKNIFTY-II.NFO,14/02/2025,09:32:38,49847.65,49835.5,60,49847.65,30,0,719640
BANKNIFTY-II.NFO,14/02/2025,09:32:40,49847.65,49835.35,30,49847.65,30,0,719640
BANKNIFTY-II.NFO,14/02/2025,09:32:42,49850,49852.5,30,49859.4,30,60,719640
BANKNIFTY-II.NFO,14/02/2025,09:32:43,49859.4,49856.1,30,49869.7,60,60,719640
BANKNIFTY-II.NFO,14/02/2025,09:32:45,49859.4,49855.75,30,49867.95,30,0,719640
BANKNIFTY-II.NFO,14/02/2025,09:32:47,49875,49874.55,60,49875,60,150,719640
BANKNIFTY-II.NFO,14/02/2025,09:32:48,49875,49873.75,30,49875,30,30,719640
BANKNIFTY-II.NFO,14/02/2025,09:32:50,49873.1,49872.95,30,49875,30,30,719640
BANKNIFTY-II.NFO,14/02/2025,09:32:52,49873.1,49873.25,30,49875,30,0,719640
BANKNIFTY-II.NFO,14/02/2025,09:32:53,49875,49865.6,30,49875.65,60,30,719640
BANKNIFTY-II.NFO,14/02/2025,09:32:55,49875,49862.55,30,49873.95,30,0,719640
BANKNIFTY-II.NFO,14/02/2025,09:32:57,49875,49867.95,30,49875.65,60,0,719640
BANKNIFTY-II.NFO,14/02/2025,09:32:58,49875,49872.3,30,49875.65,60,0,719640
BANKNIFTY-II.NFO,14/02/2025,09:33:00,49875.65,49876.2,60,49889.95,30,60,719640
BANKNIFTY-II.NFO,14/02/2025,09:33:02,49875.65,49872.85,30,49887.2,120,0,719640
BANKNIFTY-II.NFO,14/02/2025,09:33:03,49875.65,49873.9,30,49885.95,30,0,719640
BANKNIFTY-II.NFO,14/02/2025,09:33:05,49875.65,49874.25,150,49885.95,30,0,719640
BANKNIFTY-II.NFO,14/02/2025,09:33:07,49875.65,49869.9,30,49884.1,150,0,719640
BANKNIFTY-II.NFO,14/02/2025,09:33:08,49875.65,49870,30,49877.45,150,0,719640
BANKNIFTY-II.NFO,14/02/2025,09:33:10,49875.65,49870,30,49876.25,150,0,719640
BANKNIFTY-II.NFO,14/02/2025,09:33:12,49875.65,49870,30,49877.85,150,0,719640
BANKNIFTY-II.NFO,14/02/2025,09:33:13,49875.65,49870,30,49881.65,120,0,719640
BANKNIFTY-II.NFO,14/02/2025,09:33:15,49875.65,49870,30,49881.95,30,0,719640
BANKNIFTY-II.NFO,14/02/2025,09:33:17,49875.65,49872.25,30,49887.7,150,0,719640
BANKNIFTY-II.NFO,14/02/2025,09:33:18,49875.65,49870.15,30,49883.85,120,0,719640
BANKNIFTY-II.NFO,14/02/2025,09:33:20,49885.75,49871.2,30,49886.8,120,30,719640
BANKNIFTY-II.NFO,14/02/2025,09:33:22,49885.75,49872.65,30,49887.9,150,0,719640
BANKNIFTY-II.NFO,14/02/2025,09:33:23,49885.75,49872.55,30,49885.9,120,0,719640
BANKNIFTY-II.NFO,14/02/2025,09:33:25,49885.75,49874,30,49889.15,150,0,719640
BANKNIFTY-II.NFO,14/02/2025,09:33:27,49885.75,49876.05,30,49889.9,120,0,719640
BANKNIFTY-II.NFO,14/02/2025,09:33:28,49885.75,49875.6,30,49889.9,120,0,719640
BANKNIFTY-II.NFO,14/02/2025,09:33:30,49885.75,49876.75,30,49889.95,30,0,719640
BANKNIFTY-II.NFO,14/02/2025,09:33:32,49885.75,49872.2,30,49887.1,120,0,719640
BANKNIFTY-II.NFO,14/02/2025,09:33:33,49885.75,49872.3,30,49886.95,150,0,719640
BANKNIFTY-II.NFO,14/02/2025,09:33:35,49885.75,49871.1,60,49885.05,120,0,719640
BANKNIFTY-II.NFO,14/02/2025,09:33:37,49885.75,49870,30,49881.95,120,0,719640
BANKNIFTY-II.NFO,14/02/2025,09:33:38,49885.75,49870,30,49881.55,120,0,719640
BANKNIFTY-II.NFO,14/02/2025,09:33:40,49885.75,49870.05,30,49883.3,120,0,719640
BANKNIFTY-II.NFO,14/02/2025,09:33:42,49885.75,49883.4,30,49888.15,150,0,719640
BANKNIFTY-II.NFO,14/02/2025,09:33:43,49883.4,49870.05,30,49882.45,60,30,720120
BANKNIFTY-II.NFO,14/02/2025,09:33:45,49883.4,49870,30,49874.1,120,0,720120
BANKNIFTY-II.NFO,14/02/2025,09:33:47,49870,49860,30,49868.35,120,30,720120
BANKNIFTY-II.NFO,14/02/2025,09:33:48,49870,49860,30,49867.7,120,0,720120
BANKNIFTY-II.NFO,14/02/2025,09:33:50,49860,49841.75,30,49859.5,150,30,720120
BANKNIFTY-II.NFO,14/02/2025,09:33:52,49860,49847.15,30,49861.9,120,0,720120
BANKNIFTY-II.NFO,14/02/2025,09:33:53,49860,49851.2,60,49862.9,60,0,720120
BANKNIFTY-II.NFO,14/02/2025,09:33:55,49860,49852.45,30,49866.7,60,0,720120
BANKNIFTY-II.NFO,14/02/2025,09:33:57,49860,49852.4,60,49864.9,60,0,720120
BANKNIFTY-II.NFO,14/02/2025,09:33:58,49860,49849.15,30,49865.9,120,0,720120
BANKNIFTY-II.NFO,14/02/2025,09:34:00,49860,49840,30,49855.2,120,0,720120
BANKNIFTY-II.NFO,14/02/2025,09:34:02,49860,49841.25,30,49853.95,30,0,720120
BANKNIFTY-II.NFO,14/02/2025,09:34:03,49860,49844.4,60,49857,60,0,720120
BANKNIFTY-II.NFO,14/02/2025,09:34:05,49860,49844.4,30,49858.1,60,0,720120
BANKNIFTY-II.NFO,14/02/2025,09:34:07,49860,49842,60,49855.05,120,0,720120
BANKNIFTY-II.NFO,14/02/2025,09:34:08,49860,49840,30,49850.3,60,0,720120
BANKNIFTY-II.NFO,14/02/2025,09:34:10,49860,49842.55,30,49854.85,60,0,720120
BANKNIFTY-II.NFO,14/02/2025,09:34:12,49860,49840,30,49850.8,60,0,720120
BANKNIFTY-II.NFO,14/02/2025,09:34:13,49860,49840.05,30,49851.95,30,0,720120
BANKNIFTY-II.NFO,14/02/2025,09:34:15,49860,49840,30,49852.7,120,0,720120
BANKNIFTY-II.NFO,14/02/2025,09:34:16,49860,49840,30,49850.2,120,0,720120
BANKNIFTY-II.NFO,14/02/2025,09:34:18,49849.55,49840,30,49848.65,150,30,720120
BANKNIFTY-II.NFO,14/02/2025,09:34:20,49849.55,49840,30,49849.9,120,0,720120
BANKNIFTY-II.NFO,14/02/2025,09:34:21,49849.55,49840,30,49848.65,120,0,720120
BANKNIFTY-II.NFO,14/02/2025,09:34:23,49849.55,49840,30,49849.95,30,0,720120
BANKNIFTY-II.NFO,14/02/2025,09:34:25,49849.55,49840,30,49846.6,120,0,720120
BANKNIFTY-II.NFO,14/02/2025,09:34:26,49849.55,49840,30,49852.35,120,0,720120
BANKNIFTY-II.NFO,14/02/2025,09:34:28,49849.55,49846.2,30,49851.45,270,0,720120
BANKNIFTY-II.NFO,14/02/2025,09:34:30,49846.2,49840,30,49848.3,120,30,720120
BANKNIFTY-II.NFO,14/02/2025,09:34:31,49846.2,49840,30,49850.7,120,0,720120
BANKNIFTY-II.NFO,14/02/2025,09:34:33,49846.2,49840,30,49850.85,120,0,720120
BANKNIFTY-II.NFO,14/02/2025,09:34:35,49846.2,49840,30,49849.55,30,0,720120
BANKNIFTY-II.NFO,14/02/2025,09:34:38,49846.2,49843.2,120,49849.55,30,0,720120
BANKNIFTY-II.NFO,14/02/2025,09:34:40,49846.2,49844.15,60,49849.55,30,0,720120
BANKNIFTY-II.NFO,14/02/2025,09:34:41,49843.9,49844.1,90,49849.55,30,30,720120
BANKNIFTY-II.NFO,14/02/2025,09:34:43,49851.05,49847.85,60,49852.55,30,60,720120
BANKNIFTY-II.NFO,14/02/2025,09:34:45,49851.05,49850.5,300,49852.55,30,0,720120
BANKNIFTY-II.NFO,14/02/2025,09:34:47,49852.55,49851,60,49854.05,30,30,720120
BANKNIFTY-II.NFO,14/02/2025,09:34:48,49852.55,49849.55,30,49854.05,30,0,720120
BANKNIFTY-II.NFO,14/02/2025,09:34:50,49854.05,49849.55,30,49855.55,30,30,720120
BANKNIFTY-II.NFO,14/02/2025,09:34:52,49854.05,49849.7,60,49855.55,30,0,720120
BANKNIFTY-II.NFO,14/02/2025,09:34:53,49854.05,49849.55,30,49855.55,30,0,720120
BANKNIFTY-II.NFO,14/02/2025,09:34:55,49849.55,49845.75,60,49855.55,30,30,720120
BANKNIFTY-II.NFO,14/02/2025,09:34:57,49849.55,49840.05,60,49855,150,0,720120
BANKNIFTY-II.NFO,14/02/2025,09:34:58,49849.55,49840,30,49853,120,0,720120
BANKNIFTY-II.NFO,14/02/2025,09:35:00,49854.1,49840.5,210,49851.8,120,60,720120
BANKNIFTY-II.NFO,14/02/2025,09:35:02,49854.1,49840.5,210,49854.9,120,0,720120
BANKNIFTY-II.NFO,14/02/2025,09:35:03,49840.5,49840.5,180,49850.7,120,30,720120
BANKNIFTY-II.NFO,14/02/2025,09:35:05,49840.5,49840.5,180,49854.95,120,0,720120
BANKNIFTY-II.NFO,14/02/2025,09:35:07,49854.4,49840.5,180,49853.65,60,60,720120
BANKNIFTY-II.NFO,14/02/2025,09:35:08,49854.4,49840.5,180,49855.35,90,0,720120
BANKNIFTY-II.NFO,14/02/2025,09:35:10,49854.4,49844.45,60,49860.2,90,0,720120
BANKNIFTY-II.NFO,14/02/2025,09:35:12,49854.4,49842.05,120,49856.9,60,0,720120
BANKNIFTY-II.NFO,14/02/2025,09:35:13,49846.1,49848.7,120,49863.1,90,30,720120
BANKNIFTY-II.NFO,14/02/2025,09:35:15,49846.1,49847.9,120,49862.3,90,0,720120
BANKNIFTY-II.NFO,14/02/2025,09:35:16,49846.1,49847.15,120,49861.95,90,0,720120
BANKNIFTY-II.NFO,14/02/2025,09:35:18,49846.1,49846.95,120,49865.1,120,0,720120
BANKNIFTY-II.NFO,14/02/2025,09:35:20,49846.1,49840,30,49853.65,90,0,720120
BANKNIFTY-II.NFO,14/02/2025,09:35:21,49846.1,49843.5,120,49858.95,90,0,720120
BANKNIFTY-II.NFO,14/02/2025,09:35:23,49846.1,49840.6,120,49855.7,90,0,720120
BANKNIFTY-II.NFO,14/02/2025,09:35:25,49846.1,49840.5,210,49854.5,90,0,720120
BANKNIFTY-II.NFO,14/02/2025,09:35:26,49846.1,49842.05,30,49854.8,90,0,720120
BANKNIFTY-II.NFO,14/02/2025,09:35:28,49853.85,49842.05,30,49854.05,60,30,720120
BANKNIFTY-II.NFO,14/02/2025,09:35:30,49842.05,49845.5,210,49853.95,60,30,720120
BANKNIFTY-II.NFO,14/02/2025,09:35:31,49842.05,49845.5,210,49853.3,60,0,720120
BANKNIFTY-II.NFO,14/02/2025,09:35:33,49842.05,49845.5,210,49856.4,60,0,720120
BANKNIFTY-II.NFO,14/02/2025,09:35:35,49842.05,49845.5,210,49856.6,60,0,720120
BANKNIFTY-II.NFO,14/02/2025,09:35:36,49842.05,49845.5,210,49857.75,60,0,720120
BANKNIFTY-II.NFO,14/02/2025,09:35:38,49842.05,49846.25,120,49860.45,60,0,720120
BANKNIFTY-II.NFO,14/02/2025,09:35:40,49862.7,49847.4,120,49862.3,60,30,720120
BANKNIFTY-II.NFO,14/02/2025,09:35:41,49862.7,49845.1,120,49859.25,30,0,720120
BANKNIFTY-II.NFO,14/02/2025,09:35:43,49862.7,49842,30,49845.6,30,0,720120
BANKNIFTY-II.NFO,14/02/2025,09:35:45,49862.7,49842,30,49844.45,30,0,720120
BANKNIFTY-II.NFO,14/02/2025,09:35:46,49842.3,49832.05,30,49845,150,210,720120
BANKNIFTY-II.NFO,14/02/2025,09:35:48,49842.3,49831,60,49842.85,150,0,720120
BANKNIFTY-II.NFO,14/02/2025,09:35:50,49842.3,49835.5,210,49843.85,60,0,720120
BANKNIFTY-II.NFO,14/02/2025,09:35:51,49831,49820,30,49833.35,90,270,720120
BANKNIFTY-II.NFO,14/02/2025,09:35:53,49822.05,49820.1,120,49834.85,210,30,720120
BANKNIFTY-II.NFO,14/02/2025,09:35:55,49822.05,49820.05,30,49832.5,60,0,720120
BANKNIFTY-II.NFO,14/02/2025,09:35:56,49822.05,49822.05,30,49833.35,150,0,720120
BANKNIFTY-II.NFO,14/02/2025,09:35:58,49822.05,49820,30,49830.05,60,0,720120
BANKNIFTY-II.NFO,14/02/2025,09:36:00,49822.05,49820,30,49833.4,60,0,720120
BANKNIFTY-II.NFO,14/02/2025,09:36:01,49822.05,49820.55,120,49835.55,60,0,720120
BANKNIFTY-II.NFO,14/02/2025,09:36:03,49822.05,49820.05,60,49836.05,60,0,720120
BANKNIFTY-II.NFO,14/02/2025,09:36:05,49822.05,49820.5,60,49833.3,60,0,720120
BANKNIFTY-II.NFO,14/02/2025,09:36:06,49822.05,49821.6,120,49833.85,60,0,720120
BANKNIFTY-II.NFO,14/02/2025,09:36:08,49822.05,49823.1,120,49833.5,30,0,720120
BANKNIFTY-II.NFO,14/02/2025,09:36:10,49822.05,49825.3,120,49833.45,30,0,720120
BANKNIFTY-II.NFO,14/02/2025,09:36:11,49833.45,49826.15,120,49833.5,30,30,720120
BANKNIFTY-II.NFO,14/02/2025,09:36:13,49833.45,49825.55,120,49833.5,30,0,720120
BANKNIFTY-II.NFO,14/02/2025,09:36:15,49833.45,49825.5,60,49833.4,30,0,720120
BANKNIFTY-II.NFO,14/02/2025,09:36:16,49833.45,49822.1,120,49833.4,30,0,720120
BANKNIFTY-II.NFO,14/02/2025,09:36:18,49833.4,49823.05,120,49833.55,60,30,720120
BANKNIFTY-II.NFO,14/02/2025,09:36:20,49833.4,49823.25,30,49833.5,30,0,720120
BANKNIFTY-II.NFO,14/02/2025,09:36:21,49833.4,49822.05,30,49832.6,60,0,720120
BANKNIFTY-II.NFO,14/02/2025,09:36:23,49833.4,49822.05,30,49831.2,60,0,720120
BANKNIFTY-II.NFO,14/02/2025,09:36:25,49833.4,49822.05,60,49832.5,30,0,720120
BANKNIFTY-II.NFO,14/02/2025,09:36:26,49833.4,49822.05,60,49832.5,90,0,720120
BANKNIFTY-II.NFO,14/02/2025,09:36:28,49822.05,49820.55,120,49832.5,60,60,720120
BANKNIFTY-II.NFO,14/02/2025,09:36:30,49822.05,49827.85,120,49832.5,60,0,720120
BANKNIFTY-II.NFO,14/02/2025,09:36:31,49837,49833.9,120,49838.8,30,150,720120
BANKNIFTY-II.NFO,14/02/2025,09:36:33,49832.05,49833.2,120,49838.8,30,30,720120
BANKNIFTY-II.NFO,14/02/2025,09:36:35,49840.6,49839.7,120,49850,30,60,720120
BANKNIFTY-II.NFO,14/02/2025,09:36:36,49842.6,49842.6,120,49849.95,30,30,720120
BANKNIFTY-II.NFO,14/02/2025,09:36:38,49842.6,49840.85,120,49849.95,30,0,720090
BANKNIFTY-II.NFO,14/02/2025,09:36:40,49832.1,49837.1,120,49849.95,30,60,720090
BANKNIFTY-II.NFO,14/02/2025,09:36:41,49836.1,49836.05,30,49849.55,150,60,720090
BANKNIFTY-II.NFO,14/02/2025,09:36:43,49834.05,49832.05,30,49847.65,210,120,720090
BANKNIFTY-II.NFO,14/02/2025,09:36:45,49830.85,49828.55,30,49842.05,60,30,720090
BANKNIFTY-II.NFO,14/02/2025,09:36:46,49830.85,49831.05,30,49834.05,30,0,720090
BANKNIFTY-II.NFO,14/02/2025,09:36:48,49834.05,49830,30,49832.1,30,30,720090
BANKNIFTY-II.NFO,14/02/2025,09:36:50,49830,49837.35,30,49844.25,30,30,720090
BANKNIFTY-II.NFO,14/02/2025,09:36:51,49837.35,49838.65,90,49844.25,30,30,720090
BANKNIFTY-II.NFO,14/02/2025,09:36:53,49837.35,49839.5,60,49844.25,30,0,720090
BANKNIFTY-II.NFO,14/02/2025,09:36:55,49844.3,49843.65,30,49849.95,30,90,720090
BANKNIFTY-II.NFO,14/02/2025,09:36:57,49844.3,49846.1,60,49850,30,0,720090
BANKNIFTY-II.NFO,14/02/2025,09:36:58,49844.1,49838.05,30,49850,30,30,720090
BANKNIFTY-II.NFO,14/02/2025,09:37:00,49844.1,49837.65,60,49850,30,0,720090
BANKNIFTY-II.NFO,14/02/2025,09:37:02,49844.1,49841.15,60,49849.95,30,0,720090
BANKNIFTY-II.NFO,14/02/2025,09:37:03,49844.1,49845.15,60,49849.95,30,0,720090
BANKNIFTY-II.NFO,14/02/2025,09:37:05,49845,49844.4,60,49849.95,30,120,720090
BANKNIFTY-II.NFO,14/02/2025,09:37:07,49845,49846.3,30,49849.95,30,0,720090
BANKNIFTY-II.NFO,14/02/2025,09:37:08,49845,49847.85,60,49849.9,30,0,720090
BANKNIFTY-II.NFO,14/02/2025,09:37:10,49860,49852.15,30,49860,60,120,720090
BANKNIFTY-II.NFO,14/02/2025,09:37:12,49852.15,49855.4,60,49860,60,60,720090
BANKNIFTY-II.NFO,14/02/2025,09:37:13,49853.1,49853.6,60,49860,60,90,720090
BANKNIFTY-II.NFO,14/02/2025,09:37:15,49849.05,49849.2,30,49860,30,90,720090
BANKNIFTY-II.NFO,14/02/2025,09:37:17,49853.25,49855.2,30,49868.95,120,90,720090
BANKNIFTY-II.NFO,14/02/2025,09:37:18,49854.55,49854.4,30,49869.15,120,180,720090
BANKNIFTY-II.NFO,14/02/2025,09:37:20,49855.85,49855.9,60,49871.05,150,90,720090
BANKNIFTY-II.NFO,14/02/2025,09:37:22,49859.2,49857.1,60,49874.05,120,30,720090
BANKNIFTY-II.NFO,14/02/2025,09:37:23,49859.2,49860.3,60,49873.95,120,0,720090
BANKNIFTY-II.NFO,14/02/2025,09:37:25,49859.2,49861.6,60,49876.55,120,0,720090
BANKNIFTY-II.NFO,14/02/2025,09:37:27,49865.85,49864.5,30,49879.9,120,60,720090
BANKNIFTY-II.NFO,14/02/2025,09:37:28,49865.85,49861.2,30,49865.1,30,0,720090
BANKNIFTY-II.NFO,14/02/2025,09:37:30,49862.15,49858.15,60,49872.1,150,60,720090
BANKNIFTY-II.NFO,14/02/2025,09:37:32,49862.15,49863.35,60,49877.85,150,0,720090
BANKNIFTY-II.NFO,14/02/2025,09:37:33,49862.15,49864.15,60,49879.15,150,0,720090
BANKNIFTY-II.NFO,14/02/2025,09:37:35,49862.15,49862.3,30,49874.4,120,0,720090
BANKNIFTY-II.NFO,14/02/2025,09:37:36,49862.15,49862.35,30,49875.05,120,0,720090
BANKNIFTY-II.NFO,14/02/2025,09:37:38,49862.15,49864.05,30,49876,120,0,720090
BANKNIFTY-II.NFO,14/02/2025,09:37:40,49862.3,49863.25,30,49876.95,120,60,720090
BANKNIFTY-II.NFO,14/02/2025,09:37:41,49862.3,49870.6,30,49883.4,120,0,720090
BANKNIFTY-II.NFO,14/02/2025,09:37:43,49862.3,49874.45,60,49875.15,30,0,720090
BANKNIFTY-II.NFO,14/02/2025,09:37:45,49874.45,49875.7,60,49889,60,30,720090
BANKNIFTY-II.NFO,14/02/2025,09:37:46,49874.45,49881.75,60,49898.8,120,0,720090
BANKNIFTY-II.NFO,14/02/2025,09:37:48,49883.85,49884.55,30,49900.05,120,90,720090
BANKNIFTY-II.NFO,14/02/2025,09:37:50,49906.05,49904.25,30,49919.6,150,90,720090
BANKNIFTY-II.NFO,14/02/2025,09:37:51,49904.25,49903.55,30,49921.05,120,30,720090
BANKNIFTY-II.NFO,14/02/2025,09:37:53,49914.05,49902.9,30,49909.1,120,60,720090
BANKNIFTY-II.NFO,14/02/2025,09:37:55,49902.9,49888.05,30,49902.05,120,60,720090
BANKNIFTY-II.NFO,14/02/2025,09:37:56,49902.9,49876.1,60,49893.8,150,0,720090
BANKNIFTY-II.NFO,14/02/2025,09:37:58,49902.9,49874.05,30,49887.3,150,0,720090
BANKNIFTY-II.NFO,14/02/2025,09:38:00,49902.9,49876.05,30,49885.95,120,0,720090
BANKNIFTY-II.NFO,14/02/2025,09:38:01,49902.9,49872.1,30,49883.6,120,0,720090
BANKNIFTY-II.NFO,14/02/2025,09:38:03,49891.45,49878.05,30,49890.75,60,30,720090
BANKNIFTY-II.NFO,14/02/2025,09:38:05,49891.45,49878.1,30,49890.8,120,0,720090
BANKNIFTY-II.NFO,14/02/2025,09:38:06,49890.6,49878.1,30,49887.6,120,30,720090
BANKNIFTY-II.NFO,14/02/2025,09:38:08,49890.6,49881.25,120,49891.45,30,0,720090
BANKNIFTY-II.NFO,14/02/2025,09:38:11,49890.6,49884.2,120,49891.45,30,0,720090
BANKNIFTY-II.NFO,14/02/2025,09:38:13,49890.6,49882.2,60,49891.45,30,0,720090
BANKNIFTY-II.NFO,14/02/2025,09:38:16,49890.6,49887.15,120,49900,30,0,720090
BANKNIFTY-II.NFO,14/02/2025,09:38:18,49897.55,49886.25,30,49897.4,120,30,720090
BANKNIFTY-II.NFO,14/02/2025,09:38:20,49897.55,49886.25,30,49894.45,120,0,720090
BANKNIFTY-II.NFO,14/02/2025,09:38:21,49886.3,49882.2,30,49887.7,90,30,720090
BANKNIFTY-II.NFO,14/02/2025,09:38:23,49880,49870.7,30,49886.15,90,60,720090
BANKNIFTY-II.NFO,14/02/2025,09:38:25,49880,49872.55,120,49887.55,90,0,720090
BANKNIFTY-II.NFO,14/02/2025,09:38:26,49880,49871.9,30,49884.75,90,0,720090
BANKNIFTY-II.NFO,14/02/2025,09:38:28,49880,49867.35,120,49882.35,120,0,720090
BANKNIFTY-II.NFO,14/02/2025,09:38:30,49880,49868.4,120,49883.5,90,0,720090
BANKNIFTY-II.NFO,14/02/2025,09:38:31,49880,49863.55,120,49878.5,90,0,720090
BANKNIFTY-II.NFO,14/02/2025,09:38:33,49880,49864.15,60,49878.85,90,0,720090
BANKNIFTY-II.NFO,14/02/2025,09:38:35,49880,49868.5,30,49884.25,180,0,720090
BANKNIFTY-II.NFO,14/02/2025,09:38:36,49882.85,49870.6,30,49884.95,90,30,720090
BANKNIFTY-II.NFO,14/02/2025,09:38:38,49882.85,49880,120,49894.1,60,0,720090
BANKNIFTY-II.NFO,14/02/2025,09:38:40,49882.85,49881.85,120,49895,60,0,720090
BANKNIFTY-II.NFO,14/02/2025,09:38:41,49882.85,49881.7,30,49891.35,60,0,720090
BANKNIFTY-II.NFO,14/02/2025,09:38:43,49882.85,49882.1,30,49894.8,60,0,720090
BANKNIFTY-II.NFO,14/02/2025,09:38:45,49882.85,49882.05,30,49893.4,60,0,720090
BANKNIFTY-II.NFO,14/02/2025,09:38:46,49882.85,49882.05,30,49891.9,60,0,720090
BANKNIFTY-II.NFO,14/02/2025,09:38:48,49882.85,49882.8,30,49899.45,90,0,720090
BANKNIFTY-II.NFO,14/02/2025,09:38:50,49882.85,49887.75,120,49900,30,0,720090
BANKNIFTY-II.NFO,14/02/2025,09:38:51,49900,49893.25,120,49908.05,90,30,720090
BANKNIFTY-II.NFO,14/02/2025,09:38:53,49900,49892.45,120,49907.25,90,0,720090
BANKNIFTY-II.NFO,14/02/2025,09:38:55,49900,49889.3,120,49904.05,90,0,720090
BANKNIFTY-II.NFO,14/02/2025,09:38:56,49900,49889.25,120,49905.5,90,0,720090
BANKNIFTY-II.NFO,14/02/2025,09:38:58,49900,49890.55,30,49904.35,60,0,720090
BANKNIFTY-II.NFO,14/02/2025,09:39:00,49900,49890.55,30,49903.5,60,0,720090
BANKNIFTY-II.NFO,14/02/2025,09:39:01,49904.35,49890.7,120,49903.35,60,30,720090
BANKNIFTY-II.NFO,14/02/2025,09:39:03,49914.2,49899.8,120,49914.7,60,30,720090
BANKNIFTY-II.NFO,14/02/2025,09:39:05,49914.2,49898.15,120,49913,60,0,720090
BANKNIFTY-II.NFO,14/02/2025,09:39:06,49914.2,49898.8,120,49912.6,30,0,720090
BANKNIFTY-II.NFO,14/02/2025,09:39:08,49914.2,49901.4,120,49914.9,30,0,720090
BANKNIFTY-II.NFO,14/02/2025,09:39:10,49914.2,49902.55,120,49917,60,0,720090
BANKNIFTY-II.NFO,14/02/2025,09:39:11,49914.2,49898.15,120,49916.35,60,0,720090
BANKNIFTY-II.NFO,14/02/2025,09:39:13,49914.2,49899.15,60,49912.25,30,0,720090
BANKNIFTY-II.NFO,14/02/2025,09:39:15,49910.85,49900.1,30,49912,60,90,720090
BANKNIFTY-II.NFO,14/02/2025,09:39:16,49910.85,49901.5,120,49917.45,90,0,720090
BANKNIFTY-II.NFO,14/02/2025,09:39:18,49911.3,49900.1,30,49912.1,90,60,720090
BANKNIFTY-II.NFO,14/02/2025,09:39:20,49907.3,49900.1,30,49911.2,60,30,720090
BANKNIFTY-II.NFO,14/02/2025,09:39:21,49907.3,49901.05,60,49913.8,60,0,720090
BANKNIFTY-II.NFO,14/02/2025,09:39:23,49907.3,49900.3,60,49916.25,60,0,720090
BANKNIFTY-II.NFO,14/02/2025,09:39:25,49915.1,49902.8,60,49914.9,30,30,720090
BANKNIFTY-II.NFO,14/02/2025,09:39:26,49914.9,49908.6,60,49921.2,30,30,720090
BANKNIFTY-II.NFO,14/02/2025,09:39:28,49920.2,49906.4,30,49913.7,30,120,720090
BANKNIFTY-II.NFO,14/02/2025,09:39:30,49913.75,49906.65,60,49921.65,30,30,720090
BANKNIFTY-II.NFO,14/02/2025,09:39:31,49913.75,49916.2,60,49931.75,180,0,720090
BANKNIFTY-II.NFO,14/02/2025,09:39:33,49913.75,49921.55,60,49936.8,60,0,720090
BANKNIFTY-II.NFO,14/02/2025,09:39:35,49913.75,49923.85,60,49939.15,30,0,720090
BANKNIFTY-II.NFO,14/02/2025,09:39:36,49913.75,49917.65,60,49932.75,30,0,720090
BANKNIFTY-II.NFO,14/02/2025,09:39:38,49932.5,49918.25,60,49933.15,30,60,721290
BANKNIFTY-II.NFO,14/02/2025,09:39:40,49932.5,49910.45,120,49929.45,60,0,721290
BANKNIFTY-II.NFO,14/02/2025,09:39:41,49932.5,49907.65,60,49922.45,60,0,721290
BANKNIFTY-II.NFO,14/02/2025,09:39:43,49932.5,49909.85,60,49926.45,90,0,721290
BANKNIFTY-II.NFO,14/02/2025,09:39:45,49932.5,49906.1,30,49918.85,60,0,721290
BANKNIFTY-II.NFO,14/02/2025,09:39:46,49906.3,49910.7,120,49926.85,180,90,721290
BANKNIFTY-II.NFO,14/02/2025,09:39:48,49906.3,49911.5,30,49927.05,90,0,721290
BANKNIFTY-II.NFO,14/02/2025,09:39:50,49906.3,49911.9,30,49925,60,0,721290
BANKNIFTY-II.NFO,14/02/2025,09:39:51,49906.3,49913.15,30,49925.8,90,0,721290
BANKNIFTY-II.NFO,14/02/2025,09:39:53,49906.3,49913.3,30,49925.8,90,0,721290
BANKNIFTY-II.NFO,14/02/2025,09:39:55,49913.3,49912.6,30,49923.15,120,30,721290
BANKNIFTY-II.NFO,14/02/2025,09:39:56,49913.3,49912.65,30,49924.1,60,0,721290
BANKNIFTY-II.NFO,14/02/2025,09:39:58,49913.3,49912.7,90,49921.25,30,0,721290
BANKNIFTY-II.NFO,14/02/2025,09:40:00,49912.7,49912.75,30,49918.15,150,30,721290
BANKNIFTY-II.NFO,14/02/2025,09:40:01,49912.7,49912.9,120,49920.1,150,0,721290
BANKNIFTY-II.NFO,14/02/2025,09:40:03,49926.4,49912.95,90,49923.6,150,30,721290
BANKNIFTY-II.NFO,14/02/2025,09:40:05,49926.4,49912.95,90,49919.85,150,0,721290
BANKNIFTY-II.NFO,14/02/2025,09:40:06,49926.4,49913,30,49920.6,60,0,721290
BANKNIFTY-II.NFO,14/02/2025,09:40:08,49926.4,49914.65,30,49923.75,150,0,721290
BANKNIFTY-II.NFO,14/02/2025,09:40:10,49926.4,49914.65,30,49925.7,210,0,721290
BANKNIFTY-II.NFO,14/02/2025,09:40:11,49926.4,49916.65,120,49930.35,150,0,721290
BANKNIFTY-II.NFO,14/02/2025,09:40:13,49926.4,49916,120,49928.8,150,0,721290
BANKNIFTY-II.NFO,14/02/2025,09:40:15,49928.8,49917.4,120,49931.8,150,30,721290
BANKNIFTY-II.NFO,14/02/2025,09:40:16,49932.6,49920.55,120,49926,300,30,721290
BANKNIFTY-II.NFO,14/02/2025,09:40:18,49926,49920.55,120,49926,270,30,721290
BANKNIFTY-II.NFO,14/02/2025,09:40:20,49926,49920.55,30,49926,240,30,721290
BANKNIFTY-II.NFO,14/02/2025,09:40:21,49926,49921.4,30,49926,240,0,721290
BANKNIFTY-II.NFO,14/02/2025,09:40:23,49920.55,49920.5,60,49921.75,30,60,721290
BANKNIFTY-II.NFO,14/02/2025,09:40:25,49920.5,49915.7,60,49921.45,180,90,721290
BANKNIFTY-II.NFO,14/02/2025,09:40:26,49920.5,49915.7,60,49920.45,150,0,721290
BANKNIFTY-II.NFO,14/02/2025,09:40:28,49920.5,49908.2,30,49919.9,30,0,721290
BANKNIFTY-II.NFO,14/02/2025,09:40:30,49904.3,49906.85,30,49919.45,150,90,721290
BANKNIFTY-II.NFO,14/02/2025,09:40:31,49904.3,49905.8,30,49916,150,0,721290
BANKNIFTY-II.NFO,14/02/2025,09:40:33,49904.3,49906.85,30,49919.55,60,0,721290
BANKNIFTY-II.NFO,14/02/2025,09:40:35,49904.3,49913.75,30,49925.85,60,0,721290
BANKNIFTY-II.NFO,14/02/2025,09:40:36,49916.4,49911.65,30,49922.25,30,60,721290
BANKNIFTY-II.NFO,14/02/2025,09:40:38,49916.4,49911.2,30,49923.5,30,0,721290
BANKNIFTY-II.NFO,14/02/2025,09:40:40,49916.4,49916.3,30,49924.55,150,0,721290
BANKNIFTY-II.NFO,14/02/2025,09:40:41,49916.4,49913.65,120,49926,240,0,721290
BANKNIFTY-II.NFO,14/02/2025,09:40:43,49916.4,49923.25,30,49926,240,0,721290
BANKNIFTY-II.NFO,14/02/2025,09:40:46,49923.3,49923.35,120,49926,240,30,721290
BANKNIFTY-II.NFO,14/02/2025,09:40:48,49926,49923.3,210,49926,180,60,721290
BANKNIFTY-II.NFO,14/02/2025,09:40:50,49926,49924.05,120,49939.45,180,180,721290
BANKNIFTY-II.NFO,14/02/2025,09:40:51,49926,49919.1,60,49933.7,60,0,721290
BANKNIFTY-II.NFO,14/02/2025,09:40:53,49926,49920.4,120,49936.8,60,0,721290
BANKNIFTY-II.NFO,14/02/2025,09:40:55,49926,49922.3,60,49936,150,0,721290
BANKNIFTY-II.NFO,14/02/2025,09:40:58,49926.9,49927.65,120,49943.75,30,60,721290
BANKNIFTY-II.NFO,14/02/2025,09:41:00,49926.9,49929.05,120,49944.25,60,0,721290
BANKNIFTY-II.NFO,14/02/2025,09:41:01,49926.9,49936.35,120,49949.1,60,0,721290
BANKNIFTY-II.NFO,14/02/2025,09:41:03,49950,49940.15,120,49951,60,30,721290
BANKNIFTY-II.NFO,14/02/2025,09:41:05,49950,49933.15,120,49948.5,90,0,721290
BANKNIFTY-II.NFO,14/02/2025,09:41:06,49950,49928.45,120,49944.8,90,0,721290
BANKNIFTY-II.NFO,14/02/2025,09:41:08,49950,49922.35,120,49939.8,90,0,721290
BANKNIFTY-II.NFO,14/02/2025,09:41:10,49950,49921.35,120,49939.95,90,0,721290
BANKNIFTY-II.NFO,14/02/2025,09:41:11,49936.25,49924.35,120,49939.9,90,30,721290
BANKNIFTY-II.NFO,14/02/2025,09:41:13,49936.25,49927.65,30,49940.85,60,0,721290
BANKNIFTY-II.NFO,14/02/2025,09:41:15,49925.35,49926.55,30,49937.45,150,60,721290
BANKNIFTY-II.NFO,14/02/2025,09:41:16,49925.35,49922.5,30,49934.65,60,0,721290
BANKNIFTY-II.NFO,14/02/2025,09:41:18,49932.95,49924.05,30,49936.45,30,30,721290
BANKNIFTY-II.NFO,14/02/2025,09:41:20,49938.1,49932.7,30,49943.4,30,60,721290
BANKNIFTY-II.NFO,14/02/2025,09:41:21,49938.1,49936.25,30,49945.75,30,0,721290
BANKNIFTY-II.NFO,14/02/2025,09:41:23,49938.1,49938.35,30,49948.6,30,0,721290
BANKNIFTY-II.NFO,14/02/2025,09:41:25,49938.1,49944.4,30,49951,60,0,721290
BANKNIFTY-II.NFO,14/02/2025,09:41:26,49951,49942.05,30,49951.45,150,60,721290
BANKNIFTY-II.NFO,14/02/2025,09:41:28,49951,49941.25,30,49950.8,150,0,721290
BANKNIFTY-II.NFO,14/02/2025,09:41:30,49951,49935.95,30,49946.25,150,0,721290
BANKNIFTY-II.NFO,14/02/2025,09:41:31,49951,49936.2,60,49946.35,150,0,721290
BANKNIFTY-II.NFO,14/02/2025,09:41:33,49951,49929.9,30,49937.55,150,0,721290
BANKNIFTY-II.NFO,14/02/2025,09:41:35,49937.55,49927,30,49935.7,120,30,721290
BANKNIFTY-II.NFO,14/02/2025,09:41:36,49937.55,49922.55,60,49932.65,30,0,721290
BANKNIFTY-II.NFO,14/02/2025,09:41:38,49937.55,49921.25,30,49930.1,120,0,721290
BANKNIFTY-II.NFO,14/02/2025,09:41:40,49937.55,49923.1,30,49935.15,120,0,721290
BANKNIFTY-II.NFO,14/02/2025,09:41:41,49936.4,49926.25,30,49937.4,150,30,721290
BANKNIFTY-II.NFO,14/02/2025,09:41:43,49936.4,49924.45,30,49936.15,30,0,721290
BANKNIFTY-II.NFO,14/02/2025,09:41:45,49936.4,49921.25,30,49933.05,30,0,721290
BANKNIFTY-II.NFO,14/02/2025,09:41:46,49936.4,49922.95,30,49935.05,30,0,721290
BANKNIFTY-II.NFO,14/02/2025,09:41:48,49936.4,49922.65,30,49933.85,30,0,721290
BANKNIFTY-II.NFO,14/02/2025,09:41:50,49920.7,49913.6,30,49925,30,90,721290
BANKNIFTY-II.NFO,14/02/2025,09:41:51,49920.7,49910.65,60,49920.95,120,0,721290
BANKNIFTY-II.NFO,14/02/2025,09:41:53,49920.7,49904.65,30,49917.1,120,0,721290
BANKNIFTY-II.NFO,14/02/2025,09:41:55,49920.7,49900.75,120,49912.9,30,0,721290
BANKNIFTY-II.NFO,14/02/2025,09:41:56,49920.7,49900,90,49907.5,30,0,721290
BANKNIFTY-II.NFO,14/02/2025,09:41:58,49920.7,49900,90,49900.85,30,0,721290
BANKNIFTY-II.NFO,14/02/2025,09:42:00,49886.95,49884.25,30,49894.5,120,270,721290
BANKNIFTY-II.NFO,14/02/2025,09:42:01,49886.95,49881.85,30,49891.55,30,0,721290
BANKNIFTY-II.NFO,14/02/2025,09:42:03,49886.95,49880,30,49885.35,30,90,721290
BANKNIFTY-II.NFO,14/02/2025,09:42:05,49886.95,49880,30,49883.6,120,0,721290
BANKNIFTY-II.NFO,14/02/2025,09:42:06,49886.95,49880,30,49884,150,0,721290
BANKNIFTY-II.NFO,14/02/2025,09:42:08,49886.95,49880,30,49885.5,120,0,721290
BANKNIFTY-II.NFO,14/02/2025,09:42:10,49880,49870,30,49880.75,120,30,721290
BANKNIFTY-II.NFO,14/02/2025,09:42:11,49880,49870,30,49871.5,30,0,721290
BANKNIFTY-II.NFO,14/02/2025,09:42:13,49870,49860.15,30,49869.9,120,30,721290
BANKNIFTY-II.NFO,14/02/2025,09:42:15,49870,49863.45,30,49872.35,30,0,721290
BANKNIFTY-II.NFO,14/02/2025,09:42:16,49870,49868.7,30,49880.1,30,0,721290
BANKNIFTY-II.NFO,14/02/2025,09:42:18,49882.2,49878.3,30,49889.35,60,30,721290
BANKNIFTY-II.NFO,14/02/2025,09:42:20,49882.2,49887.95,120,49904.2,90,0,721290
BANKNIFTY-II.NFO,14/02/2025,09:42:21,49882.2,49888.95,60,49897.45,120,0,721290
BANKNIFTY-II.NFO,14/02/2025,09:42:23,49889.2,49876.8,60,49889.05,120,30,721290
BANKNIFTY-II.NFO,14/02/2025,09:42:25,49889.2,49880.25,60,49890.4,120,0,721290
BANKNIFTY-II.NFO,14/02/2025,09:42:26,49889.2,49881.1,60,49888.8,60,0,721290
BANKNIFTY-II.NFO,14/02/2025,09:42:28,49889.2,49883.05,120,49888.8,60,0,721290
BANKNIFTY-II.NFO,14/02/2025,09:42:30,49896.15,49883.05,120,49895.7,90,90,721290
BANKNIFTY-II.NFO,14/02/2025,09:42:31,49896.15,49883.25,120,49896.9,240,0,721290
BANKNIFTY-II.NFO,14/02/2025,09:42:33,49896.15,49894.35,120,49909.8,90,0,721290
BANKNIFTY-II.NFO,14/02/2025,09:42:35,49896.15,49894.9,120,49907.35,90,0,721290
BANKNIFTY-II.NFO,14/02/2025,09:42:36,49896.15,49897.65,120,49909.3,90,0,721290
BANKNIFTY-II.NFO,14/02/2025,09:42:38,49896.15,49899.15,30,49908.8,60,0,721290
BANKNIFTY-II.NFO,14/02/2025,09:42:40,49896.15,49897.6,120,49909.85,30,0,721290
BANKNIFTY-II.NFO,14/02/2025,09:42:41,49909.85,49898.25,90,49909.65,90,30,721500
BANKNIFTY-II.NFO,14/02/2025,09:42:43,49909.85,49899.1,60,49908.45,90,0,721500
BANKNIFTY-II.NFO,14/02/2025,09:42:45,49916.15,49905,30,49915.35,120,30,721500
BANKNIFTY-II.NFO,14/02/2025,09:42:46,49916.15,49909.6,60,49918.05,60,0,721500
BANKNIFTY-II.NFO,14/02/2025,09:42:48,49916.15,49914.95,60,49923.75,60,0,721500
BANKNIFTY-II.NFO,14/02/2025,09:42:50,49916.15,49910.7,60,49919.65,180,0,721500
BANKNIFTY-II.NFO,14/02/2025,09:42:51,49916.15,49908,60,49917.3,30,0,721500
BANKNIFTY-II.NFO,14/02/2025,09:42:53,49916.15,49909.6,60,49918.45,60,0,721500
BANKNIFTY-II.NFO,14/02/2025,09:42:55,49916.15,49913.15,60,49921.4,60,0,721500
BANKNIFTY-II.NFO,14/02/2025,09:42:56,49916.15,49921.85,30,49931.6,300,0,721500
BANKNIFTY-II.NFO,14/02/2025,09:42:58,49916.15,49915.6,30,49923,60,0,721500
BANKNIFTY-II.NFO,14/02/2025,09:43:00,49916.15,49916.8,60,49923.45,60,0,721500
BANKNIFTY-II.NFO,14/02/2025,09:43:01,49916.15,49917.15,30,49922.35,60,0,721500
BANKNIFTY-II.NFO,14/02/2025,09:43:03,49916.15,49907.35,30,49917.1,60,0,721500
BANKNIFTY-II.NFO,14/02/2025,09:43:05,49916.15,49898.1,60,49910.75,60,0,721500
BANKNIFTY-II.NFO,14/02/2025,09:43:06,49916.15,49898.9,30,49909,60,0,721500
BANKNIFTY-II.NFO,14/02/2025,09:43:08,49906.4,49896.25,30,49905.7,30,60,721500
BANKNIFTY-II.NFO,14/02/2025,09:43:10,49906.4,49896.25,30,49904.55,30,0,721500
BANKNIFTY-II.NFO,14/02/2025,09:43:11,49906.4,49900,60,49908.3,60,0,721500
BANKNIFTY-II.NFO,14/02/2025,09:43:13,49906.7,49898.55,30,49905.75,60,30,721500
BANKNIFTY-II.NFO,14/02/2025,09:43:15,49907,49899.9,60,49907.85,30,30,721500
BANKNIFTY-II.NFO,14/02/2025,09:43:16,49907,49901.85,30,49913.1,120,0,721500
BANKNIFTY-II.NFO,14/02/2025,09:43:18,49907,49903.25,30,49913.25,30,0,721500
BANKNIFTY-II.NFO,14/02/2025,09:43:20,49907,49905.75,60,49912.95,30,0,721500
BANKNIFTY-II.NFO,14/02/2025,09:43:21,49907,49906.55,60,49914.75,30,0,721500
BANKNIFTY-II.NFO,14/02/2025,09:43:23,49907,49907.45,60,49913.3,30,0,721500
BANKNIFTY-II.NFO,14/02/2025,09:43:25,49914.4,49908.65,60,49916,30,30,721500
BANKNIFTY-II.NFO,14/02/2025,09:43:26,49914.4,49908.4,30,49917.35,30,0,721500
BANKNIFTY-II.NFO,14/02/2025,09:43:28,49914.4,49909.05,60,49916.9,30,0,721500
BANKNIFTY-II.NFO,14/02/2025,09:43:30,49914.4,49907.5,30,49915.5,150,0,721500
BANKNIFTY-II.NFO,14/02/2025,09:43:31,49914.4,49907,60,49910,120,0,721500
BANKNIFTY-II.NFO,14/02/2025,09:43:33,49914.4,49907,60,49911.85,30,0,721500
BANKNIFTY-II.NFO,14/02/2025,09:43:35,49914.4,49907,60,49909.65,30,0,721500
BANKNIFTY-II.NFO,14/02/2025,09:43:36,49914.4,49907,60,49910.35,30,0,721500
BANKNIFTY-II.NFO,14/02/2025,09:43:38,49907,49907,30,49909.05,120,30,721500
BANKNIFTY-II.NFO,14/02/2025,09:43:40,49907,49907,30,49909.2,150,0,721500
BANKNIFTY-II.NFO,14/02/2025,09:43:41,49907,49907,30,49908.5,30,0,721500
BANKNIFTY-II.NFO,14/02/2025,09:43:43,49907,49899,30,49908.5,30,30,721500
BANKNIFTY-II.NFO,14/02/2025,09:43:45,49907,49899.9,60,49907.55,270,0,721500
BANKNIFTY-II.NFO,14/02/2025,09:43:46,49908.5,49903.3,30,49915.65,270,30,721500
BANKNIFTY-II.NFO,14/02/2025,09:43:48,49908.5,49905.65,60,49912.2,150,0,721500
BANKNIFTY-II.NFO,14/02/2025,09:43:50,49908.5,49906.35,60,49913.8,270,0,721500
BANKNIFTY-II.NFO,14/02/2025,09:43:51,49908.5,49907.3,60,49916.75,120,0,721500
BANKNIFTY-II.NFO,14/02/2025,09:43:53,49906.65,49906.55,60,49915.05,150,30,721500
BANKNIFTY-II.NFO,14/02/2025,09:43:55,49906.65,49904.15,30,49911.95,150,0,721500
BANKNIFTY-II.NFO,14/02/2025,09:43:56,49906.65,49903.5,30,49914.55,270,0,721500
BANKNIFTY-II.NFO,14/02/2025,09:43:58,49906.65,49903.5,30,49909.3,270,0,721500
BANKNIFTY-II.NFO,14/02/2025,09:44:00,49906.65,49903.5,30,49909.75,150,0,721500
BANKNIFTY-II.NFO,14/02/2025,09:44:01,49906.65,49902.1,30,49908.25,150,0,721500
BANKNIFTY-II.NFO,14/02/2025,09:44:03,49902.1,49897.9,60,49904.15,150,30,721500
BANKNIFTY-II.NFO,14/02/2025,09:44:05,49902.1,49895.6,60,49903.55,120,0,721500
BANKNIFTY-II.NFO,14/02/2025,09:44:06,49902.1,49895.55,60,49902.1,30,0,721500
BANKNIFTY-II.NFO,14/02/2025,09:44:08,49902.1,49888.65,60,49899.3,150,0,721500
BANKNIFTY-II.NFO,14/02/2025,09:44:10,49886,49885.85,60,49892.55,270,30,721500
BANKNIFTY-II.NFO,14/02/2025,09:44:11,49886,49884.45,60,49892.65,270,0,721500
BANKNIFTY-II.NFO,14/02/2025,09:44:13,49886,49883.55,30,49890.45,150,0,721500
BANKNIFTY-II.NFO,14/02/2025,09:44:15,49886,49876.85,30,49883.6,150,0,721500
BANKNIFTY-II.NFO,14/02/2025,09:44:16,49886,49878,30,49883.6,120,0,721500
BANKNIFTY-II.NFO,14/02/2025,09:44:18,49886,49878.5,30,49888.4,150,0,721500
BANKNIFTY-II.NFO,14/02/2025,09:44:20,49886,49878,30,49885.7,210,0,721500
BANKNIFTY-II.NFO,14/02/2025,09:44:21,49886,49878,30,49879.8,270,0,721500
BANKNIFTY-II.NFO,14/02/2025,09:44:23,49878,49868.15,30,49875.35,270,30,721500
BANKNIFTY-II.NFO,14/02/2025,09:44:25,49878,49865.05,60,49871.85,150,0,721500
BANKNIFTY-II.NFO,14/02/2025,09:44:26,49878,49866.25,60,49872.7,150,0,721500
BANKNIFTY-II.NFO,14/02/2025,09:44:28,49878,49870.3,30,49881.95,240,0,721500
BANKNIFTY-II.NFO,14/02/2025,09:44:30,49878,49871.25,30,49885.15,90,0,721500
BANKNIFTY-II.NFO,14/02/2025,09:44:31,49878,49869.85,120,49882.7,150,0,721500
BANKNIFTY-II.NFO,14/02/2025,09:44:33,49878,49869.2,60,49879.3,150,0,721500
BANKNIFTY-II.NFO,14/02/2025,09:44:35,49878,49876.25,60,49883.05,150,0,721500
BANKNIFTY-II.NFO,14/02/2025,09:44:36,49878,49874.35,30,49882.25,150,0,721500
BANKNIFTY-II.NFO,14/02/2025,09:44:38,49878,49875.4,120,49890.6,150,0,721500
BANKNIFTY-II.NFO,14/02/2025,09:44:40,49878,49876.65,30,49883.15,150,0,721500
BANKNIFTY-II.NFO,14/02/2025,09:44:41,49878,49870.15,30,49877.8,120,0,721500
BANKNIFTY-II.NFO,14/02/2025,09:44:43,49878,49871.8,30,49879.9,120,0,721500
BANKNIFTY-II.NFO,14/02/2025,09:44:45,49878,49876.6,30,49885.9,270,0,721500
BANKNIFTY-II.NFO,14/02/2025,09:44:46,49878,49876.5,30,49885.1,120,0,721500
BANKNIFTY-II.NFO,14/02/2025,09:44:48,49878,49877.35,30,49886.7,270,0,721500
BANKNIFTY-II.NFO,14/02/2025,09:44:50,49878,49876.3,30,49885,120,0,721500
BANKNIFTY-II.NFO,14/02/2025,09:44:51,49878,49881.8,30,49893.25,150,0,721500
BANKNIFTY-II.NFO,14/02/2025,09:44:53,49878,49881.9,30,49891.5,150,0,721500
BANKNIFTY-II.NFO,14/02/2025,09:44:55,49878,49881.4,30,49890.9,270,0,721500
BANKNIFTY-II.NFO,14/02/2025,09:44:56,49878,49872.55,30,49881.55,270,0,721500
BANKNIFTY-II.NFO,14/02/2025,09:44:58,49878,49871,30,49879.65,60,0,721500
BANKNIFTY-II.NFO,14/02/2025,09:45:00,49878,49871,30,49872.4,300,0,721500
BANKNIFTY-II.NFO,14/02/2025,09:45:01,49878,49871,30,49872.8,150,0,721500
BANKNIFTY-II.NFO,14/02/2025,09:45:03,49871,49866.6,30,49870.6,120,30,721500
BANKNIFTY-II.NFO,14/02/2025,09:45:05,49869.55,49867.7,30,49871.25,150,30,721500
BANKNIFTY-II.NFO,14/02/2025,09:45:06,49869.55,49865.45,30,49870.25,150,0,721500
BANKNIFTY-II.NFO,14/02/2025,09:45:08,49863.6,49859.25,30,49869.65,60,60,721500
BANKNIFTY-II.NFO,14/02/2025,09:45:10,49863.6,49865,30,49867.05,150,0,721500
BANKNIFTY-II.NFO,14/02/2025,09:45:11,49863.6,49868.4,30,49870.05,150,0,721500
BANKNIFTY-II.NFO,14/02/2025,09:45:13,49866.4,49860.4,30,49866.2,150,60,721500
BANKNIFTY-II.NFO,14/02/2025,09:45:15,49864.5,49862.5,30,49865.65,120,510,721500
BANKNIFTY-II.NFO,14/02/2025,09:45:16,49864.5,49858.2,30,49863.7,150,0,721500
BANKNIFTY-II.NFO,14/02/2025,09:45:18,49858.95,49855,60,49859.8,120,30,721500
BANKNIFTY-II.NFO,14/02/2025,09:45:20,49862,49860.7,30,49867.1,150,120,721500
BANKNIFTY-II.NFO,14/02/2025,09:45:21,49862,49857.5,30,49861.25,240,0,721500
BANKNIFTY-II.NFO,14/02/2025,09:45:23,49855,49850.2,30,49853.45,150,60,721500
BANKNIFTY-II.NFO,14/02/2025,09:45:25,49850,49845.8,30,49853.3,90,90,721500
BANKNIFTY-II.NFO,14/02/2025,09:45:26,49850,49843.6,30,49848.35,90,0,721500
BANKNIFTY-II.NFO,14/02/2025,09:45:28,49844.6,49842.4,60,49849.8,90,30,721500
BANKNIFTY-II.NFO,14/02/2025,09:45:30,49847.7,49841.5,30,49846.95,150,30,721500
BANKNIFTY-II.NFO,14/02/2025,09:45:31,49847.7,49841.1,30,49845.75,150,0,721500
BANKNIFTY-II.NFO,14/02/2025,09:45:33,49847.7,49845.4,30,49851.8,150,0,721500
BANKNIFTY-II.NFO,14/02/2025,09:45:35,49847.7,49849.8,30,49855.85,150,0,721500
BANKNIFTY-II.NFO,14/02/2025,09:45:36,49847.7,49846.8,30,49852.85,90,0,721500
BANKNIFTY-II.NFO,14/02/2025,09:45:38,49847.7,49856.7,30,49865.2,150,0,721500
BANKNIFTY-II.NFO,14/02/2025,09:45:40,49855.7,49856.9,30,49861.65,90,30,721620
BANKNIFTY-II.NFO,14/02/2025,09:45:42,49865.05,49859.2,30,49868.6,150,300,721620
BANKNIFTY-II.NFO,14/02/2025,09:45:43,49865.05,49861.9,30,49868.5,150,0,721620
BANKNIFTY-II.NFO,14/02/2025,09:45:45,49865.05,49863.8,30,49869.2,150,0,721620
BANKNIFTY-II.NFO,14/02/2025,09:45:47,49865.05,49860.05,120,49872.1,150,0,721620
BANKNIFTY-II.NFO,14/02/2025,09:45:48,49865.05,49869.45,120,49883.55,150,0,721620
BANKNIFTY-II.NFO,14/02/2025,09:45:50,49874.85,49878.1,30,49887.55,150,30,721620
BANKNIFTY-II.NFO,14/02/2025,09:45:52,49874.85,49887.1,30,49890,30,0,721620
BANKNIFTY-II.NFO,14/02/2025,09:45:53,49890,49888.15,120,49898.35,150,30,721620
BANKNIFTY-II.NFO,14/02/2025,09:45:55,49890,49889.9,120,49907.7,60,0,721620
BANKNIFTY-II.NFO,14/02/2025,09:45:57,49890,49888.95,120,49901.8,60,0,721620
BANKNIFTY-II.NFO,14/02/2025,09:45:58,49890,49890.75,120,49903.85,150,0,721620
BANKNIFTY-II.NFO,14/02/2025,09:46:00,49890,49904.3,30,49909.15,30,0,721620
BANKNIFTY-II.NFO,14/02/2025,09:46:02,49891,49890.35,120,49905.05,60,120,721620
BANKNIFTY-II.NFO,14/02/2025,09:46:03,49891,49891.45,120,49908.15,150,0,721620
BANKNIFTY-II.NFO,14/02/2025,09:46:05,49891,49882.1,120,49900.75,150,0,721620
BANKNIFTY-II.NFO,14/02/2025,09:46:07,49891,49880.35,150,49893.25,150,0,721620
BANKNIFTY-II.NFO,14/02/2025,09:46:08,49891,49891,30,49900.3,150,0,721620
BANKNIFTY-II.NFO,14/02/2025,09:46:10,49891,49891.6,120,49907.1,150,0,721620
BANKNIFTY-II.NFO,14/02/2025,09:46:12,49891,49893.6,150,49907,150,0,721620
BANKNIFTY-II.NFO,14/02/2025,09:46:13,49891,49891.05,120,49906.85,180,0,721620
BANKNIFTY-II.NFO,14/02/2025,09:46:15,49891,49891,30,49901.5,120,0,721620
BANKNIFTY-II.NFO,14/02/2025,09:46:17,49891,49891,30,49902.5,120,0,721620
BANKNIFTY-II.NFO,14/02/2025,09:46:18,49891,49891,30,49898.8,150,0,721620
BANKNIFTY-II.NFO,14/02/2025,09:46:20,49891,49880.25,120,49894,120,30,721620
BANKNIFTY-II.NFO,14/02/2025,09:46:22,49891,49874.7,60,49888.6,120,0,721620
BANKNIFTY-II.NFO,14/02/2025,09:46:23,49891,49871.85,60,49888.25,120,0,721620
BANKNIFTY-II.NFO,14/02/2025,09:46:25,49891,49870.4,120,49884.95,120,0,721620
BANKNIFTY-II.NFO,14/02/2025,09:46:27,49891,49871.15,60,49883.35,120,0,721620
BANKNIFTY-II.NFO,14/02/2025,09:46:28,49891,49866.7,60,49879.95,120,0,721620
BANKNIFTY-II.NFO,14/02/2025,09:46:30,49891,49864.45,60,49878,120,0,721620
BANKNIFTY-II.NFO,14/02/2025,09:46:32,49891,49861.6,60,49876.4,150,0,721620
BANKNIFTY-II.NFO,14/02/2025,09:46:33,49891,49861.3,120,49873.75,150,0,721620
BANKNIFTY-II.NFO,14/02/2025,09:46:35,49863.6,49857.1,120,49873,120,30,721620
BANKNIFTY-II.NFO,14/02/2025,09:46:37,49863.6,49864.25,120,49878.5,120,0,721620
BANKNIFTY-II.NFO,14/02/2025,09:46:38,49863.6,49868.85,120,49883.65,150,0,721620
BANKNIFTY-II.NFO,14/02/2025,09:46:40,49863.6,49869.95,120,49888.7,120,0,721620
BANKNIFTY-II.NFO,14/02/2025,09:46:42,49863.6,49873.7,120,49889.5,150,0,721620
BANKNIFTY-II.NFO,14/02/2025,09:46:43,49863.6,49879.4,120,49891,30,0,721620
BANKNIFTY-II.NFO,14/02/2025,09:46:45,49863.6,49877.2,120,49891,30,0,721620
BANKNIFTY-II.NFO,14/02/2025,09:46:47,49863.6,49875.55,120,49890.4,150,0,721620
BANKNIFTY-II.NFO,14/02/2025,09:46:48,49863.6,49873.4,120,49887.55,120,0,721620
BANKNIFTY-II.NFO,14/02/2025,09:46:50,49863.6,49871.3,30,49883.15,120,0,721620
BANKNIFTY-II.NFO,14/02/2025,09:46:52,49863.6,49870.3,150,49885.75,120,0,721620
BANKNIFTY-II.NFO,14/02/2025,09:46:53,49863.6,49867.95,60,49881.85,120,0,721620
BANKNIFTY-II.NFO,14/02/2025,09:46:55,49863.6,49867,30,49880.25,120,0,721620
BANKNIFTY-II.NFO,14/02/2025,09:46:57,49863.6,49864.45,120,49878.55,120,0,721620
BANKNIFTY-II.NFO,14/02/2025,09:46:58,49863.6,49863.6,120,49876.55,150,0,721620
BANKNIFTY-II.NFO,14/02/2025,09:47:00,49863.6,49868.2,30,49881.95,120,0,721620
BANKNIFTY-II.NFO,14/02/2025,09:47:02,49863.6,49867.2,30,49877.3,120,0,721620
BANKNIFTY-II.NFO,14/02/2025,09:47:03,49863.6,49860.1,30,49872.55,120,0,721620
BANKNIFTY-II.NFO,14/02/2025,09:47:05,49863.6,49860,30,49873.1,120,0,721620
BANKNIFTY-II.NFO,14/02/2025,09:47:07,49863.6,49862.15,120,49876.5,120,0,721620
BANKNIFTY-II.NFO,14/02/2025,09:47:08,49863.6,49864.4,30,49878.3,120,0,721620
BANKNIFTY-II.NFO,14/02/2025,09:47:10,49863.6,49865.3,30,49878.2,120,0,721620
BANKNIFTY-II.NFO,14/02/2025,09:47:12,49863.6,49862.6,30,49874.85,120,0,721620
BANKNIFTY-II.NFO,14/02/2025,09:47:13,49863.6,49863.6,30,49874.65,120,0,721620
BANKNIFTY-II.NFO,14/02/2025,09:47:15,49863.6,49866.6,30,49879.6,120,0,721620
BANKNIFTY-II.NFO,14/02/2025,09:47:16,49863.6,49864.95,120,49879.25,120,0,721620
BANKNIFTY-II.NFO,14/02/2025,09:47:18,49863.6,49864.4,30,49878.25,120,0,721620
BANKNIFTY-II.NFO,14/02/2025,09:47:20,49863.6,49863.65,120,49877.85,120,0,721620
BANKNIFTY-II.NFO,14/02/2025,09:47:21,49863.6,49863.6,30,49875.5,120,0,721620
BANKNIFTY-II.NFO,14/02/2025,09:47:23,49863.6,49863.6,30,49874,120,0,721620
BANKNIFTY-II.NFO,14/02/2025,09:47:25,49863.6,49863.6,30,49876.05,120,0,721620
BANKNIFTY-II.NFO,14/02/2025,09:47:26,49863.6,49863.9,120,49878.65,150,0,721620
BANKNIFTY-II.NFO,14/02/2025,09:47:28,49863.6,49871,120,49885.55,30,0,721620
BANKNIFTY-II.NFO,14/02/2025,09:47:29,49863.6,49872.05,120,49887.45,150,0,721620
BANKNIFTY-II.NFO,14/02/2025,09:47:31,49863.6,49872.7,120,49887.4,150,0,721620
BANKNIFTY-II.NFO,14/02/2025,09:47:33,49863.6,49872.9,120,49887.7,120,0,721620
BANKNIFTY-II.NFO,14/02/2025,09:47:34,49863.6,49873.4,120,49887.9,120,0,721620
BANKNIFTY-II.NFO,14/02/2025,09:47:36,49863.6,49864.1,150,49880.35,120,0,721620
BANKNIFTY-II.NFO,14/02/2025,09:47:38,49863.6,49866.5,120,49880.75,120,0,721620
BANKNIFTY-II.NFO,14/02/2025,09:47:39,49863.6,49870.55,120,49885.75,120,0,721620
BANKNIFTY-II.NFO,14/02/2025,09:47:41,49863.6,49872.2,150,49887.35,120,0,721620
BANKNIFTY-II.NFO,14/02/2025,09:47:42,49863.6,49875.2,120,49890.05,120,0,721620
BANKNIFTY-II.NFO,14/02/2025,09:47:44,49863.6,49874.8,120,49889.55,150,0,721620
BANKNIFTY-II.NFO,14/02/2025,09:47:46,49863.6,49875.4,120,49890.2,120,0,721620
BANKNIFTY-II.NFO,14/02/2025,09:47:47,49863.6,49875.45,150,49890.95,120,0,721620
BANKNIFTY-II.NFO,14/02/2025,09:47:49,49863.6,49875,150,49889.45,120,0,721620
BANKNIFTY-II.NFO,14/02/2025,09:47:51,49863.6,49878.8,150,49891,30,0,721620
BANKNIFTY-II.NFO,14/02/2025,09:47:52,49863.6,49875.5,120,49890.4,120,0,721620
BANKNIFTY-II.NFO,14/02/2025,09:47:54,49863.6,49876.55,150,49890.95,120,0,721620
BANKNIFTY-II.NFO,14/02/2025,09:47:56,49863.6,49876.4,30,49889.5,120,0,721620
BANKNIFTY-II.NFO,14/02/2025,09:47:57,49863.6,49874.5,150,49889.45,120,0,721620
BANKNIFTY-II.NFO,14/02/2025,09:47:59,49863.6,49873.6,30,49885.35,120,0,721620
BANKNIFTY-II.NFO,14/02/2025,09:48:01,49863.6,49867.9,150,49882.9,120,0,721620
BANKNIFTY-II.NFO,14/02/2025,09:48:02,49863.6,49868.75,150,49882.9,120,0,721620
BANKNIFTY-II.NFO,14/02/2025,09:48:04,49863.6,49871.95,120,49887.45,120,0,721620
BANKNIFTY-II.NFO,14/02/2025,09:48:05,49863.6,49876,120,49891.35,150,0,721620
BANKNIFTY-II.NFO,14/02/2025,09:48:07,49863.6,49879.5,120,49894.2,150,0,721620
BANKNIFTY-II.NFO,14/02/2025,09:48:09,49863.6,49877.4,150,49892.15,120,0,721620
BANKNIFTY-II.NFO,14/02/2025,09:48:10,49863.6,49878,120,49892.75,120,0,721620
BANKNIFTY-II.NFO,14/02/2025,09:48:12,49863.6,49880.55,150,49895.35,120,0,721620
BANKNIFTY-II.NFO,14/02/2025,09:48:14,49863.6,49878.45,150,49893.1,120,0,721620
BANKNIFTY-II.NFO,14/02/2025,09:48:15,49863.6,49876.6,150,49895.8,120,0,721620
BANKNIFTY-II.NFO,14/02/2025,09:48:17,49863.6,49875.35,150,49890.25,120,0,721620
BANKNIFTY-II.NFO,14/02/2025,09:48:18,49863.6,49870.3,60,49884.8,120,0,721620
BANKNIFTY-II.NFO,14/02/2025,09:48:20,49863.6,49866.35,150,49881.8,120,0,721620
BANKNIFTY-II.NFO,14/02/2025,09:48:22,49863.6,49864.2,30,49876.85,120,0,721620
BANKNIFTY-II.NFO,14/02/2025,09:48:23,49863.6,49864.2,30,49875.15,120,0,721620
BANKNIFTY-II.NFO,14/02/2025,09:48:25,49863.6,49864.25,150,49878.1,120,0,721620
BANKNIFTY-II.NFO,14/02/2025,09:48:27,49863.6,49864.2,30,49875.65,120,0,721620
BANKNIFTY-II.NFO,14/02/2025,09:48:28,49863.6,49864.2,30,49874.7,120,0,721620
BANKNIFTY-II.NFO,14/02/2025,09:48:30,49863.6,49864.2,30,49872.05,120,0,721620
BANKNIFTY-II.NFO,14/02/2025,09:48:31,49863.6,49864.2,30,49873.85,120,0,721620
BANKNIFTY-II.NFO,14/02/2025,09:48:33,49864.2,49863.6,30,49870.9,120,30,721620
BANKNIFTY-II.NFO,14/02/2025,09:48:35,49864.2,49863.6,30,49871.45,120,0,721620
BANKNIFTY-II.NFO,14/02/2025,09:48:36,49863.6,49860,90,49864.3,120,30,721620
BANKNIFTY-II.NFO,14/02/2025,09:48:38,49863.6,49860,90,49865.7,120,0,721620
BANKNIFTY-II.NFO,14/02/2025,09:48:40,49863.6,49860,90,49868.05,120,0,721620
BANKNIFTY-II.NFO,14/02/2025,09:48:41,49863.6,49860,90,49871,150,0,721620
BANKNIFTY-II.NFO,14/02/2025,09:48:43,49863.6,49860,90,49870.7,120,0,721620
BANKNIFTY-II.NFO,14/02/2025,09:48:44,49863.6,49860,90,49872.5,120,0,721620
BANKNIFTY-II.NFO,14/02/2025,09:48:46,49863.6,49860,90,49870.85,120,0,721620
BANKNIFTY-II.NFO,14/02/2025,09:48:48,49863.6,49860,90,49866.05,120,0,721620
BANKNIFTY-II.NFO,14/02/2025,09:48:49,49863.6,49860,90,49867.55,120,0,721620
BANKNIFTY-II.NFO,14/02/2025,09:48:51,49863.6,49860,60,49868.35,120,0,721620
BANKNIFTY-II.NFO,14/02/2025,09:48:53,49863.6,49860,60,49865.5,120,0,721620
BANKNIFTY-II.NFO,14/02/2025,09:48:54,49860,49850,30,49862.2,120,60,721620
BANKNIFTY-II.NFO,14/02/2025,09:48:56,49858.8,49850,30,49858.8,90,30,721620
BANKNIFTY-II.NFO,14/02/2025,09:48:57,49858.8,49850,30,49860.8,90,0,721620
BANKNIFTY-II.NFO,14/02/2025,09:48:59,49858.8,49850,30,49855.95,90,0,721620
BANKNIFTY-II.NFO,14/02/2025,09:49:01,49858.8,49850,30,49859.35,60,0,721620
BANKNIFTY-II.NFO,14/02/2025,09:49:02,49858.8,49850,30,49861.65,90,0,721620
BANKNIFTY-II.NFO,14/02/2025,09:49:04,49858.8,49850,30,49859.2,90,0,721620
BANKNIFTY-II.NFO,14/02/2025,09:49:06,49858.8,49850.05,120,49864.35,120,0,721620
BANKNIFTY-II.NFO,14/02/2025,09:49:07,49858.8,49853.2,120,49867.9,60,0,721620
BANKNIFTY-II.NFO,14/02/2025,09:49:09,49858.8,49853.6,120,49868,90,0,721620
BANKNIFTY-II.NFO,14/02/2025,09:49:10,49858.8,49857.25,120,49872.6,120,0,721620
BANKNIFTY-II.NFO,14/02/2025,09:49:12,49858.8,49856.9,120,49870.95,30,0,721620
BANKNIFTY-II.NFO,14/02/2025,09:49:14,49858.8,49857.35,120,49872.15,120,0,721620
BANKNIFTY-II.NFO,14/02/2025,09:49:15,49858.8,49864.4,120,49879.35,120,0,721620
BANKNIFTY-II.NFO,14/02/2025,09:49:17,49858.8,49865.5,120,49880.6,120,0,721620
BANKNIFTY-II.NFO,14/02/2025,09:49:19,49858.8,49866.8,120,49881.3,120,0,721620
BANKNIFTY-II.NFO,14/02/2025,09:49:20,49858.8,49867.15,150,49882.35,60,0,721620
BANKNIFTY-II.NFO,14/02/2025,09:49:22,49858.8,49868.7,120,49887.2,90,0,721620
BANKNIFTY-II.NFO,14/02/2025,09:49:24,49858.8,49866.4,120,49880.9,90,0,721620
BANKNIFTY-II.NFO,14/02/2025,09:49:25,49858.8,49866.05,30,49878.45,90,0,721620
BANKNIFTY-II.NFO,14/02/2025,09:49:27,49858.8,49868.95,120,49883.25,120,0,721620
BANKNIFTY-II.NFO,14/02/2025,09:49:29,49858.8,49861.4,30,49875.45,90,0,721620
BANKNIFTY-II.NFO,14/02/2025,09:49:30,49858.8,49854.95,60,49867.85,90,0,721620
BANKNIFTY-II.NFO,14/02/2025,09:49:32,49858.8,49860.5,150,49875.35,90,0,721620
BANKNIFTY-II.NFO,14/02/2025,09:49:34,49858.8,49858.7,60,49873.8,90,0,721620
BANKNIFTY-II.NFO,14/02/2025,09:49:35,49858.8,49857.55,150,49872.85,90,0,721620
BANKNIFTY-II.NFO,14/02/2025,09:49:37,49858.8,49862.45,120,49877.1,240,0,721620
BANKNIFTY-II.NFO,14/02/2025,09:49:39,49858.8,49862.95,60,49877.9,90,0,721620
BANKNIFTY-II.NFO,14/02/2025,09:49:40,49858.8,49863.4,60,49878.4,90,0,721620
BANKNIFTY-II.NFO,14/02/2025,09:49:42,49858.8,49865.35,120,49879.7,90,0,721620
BANKNIFTY-II.NFO,14/02/2025,09:49:44,49858.8,49864.85,120,49879.1,90,0,721620
BANKNIFTY-II.NFO,14/02/2025,09:49:45,49864.15,49863.2,150,49878.1,120,30,721620
BANKNIFTY-II.NFO,14/02/2025,09:49:47,49864.15,49866.65,120,49881.85,120,0,721620
BANKNIFTY-II.NFO,14/02/2025,09:49:49,49864.15,49867.1,150,49882.05,120,0,721620
BANKNIFTY-II.NFO,14/02/2025,09:49:50,49864.15,49872.3,120,49887.75,120,0,721620
BANKNIFTY-II.NFO,14/02/2025,09:49:52,49864.15,49876.05,30,49888.35,120,0,721620
BANKNIFTY-II.NFO,14/02/2025,09:49:54,49864.15,49876.05,30,49887.65,120,0,721620
BANKNIFTY-II.NFO,14/02/2025,09:49:55,49864.15,49876.1,120,49890.85,120,0,721620
BANKNIFTY-II.NFO,14/02/2025,09:49:57,49864.15,49878.05,30,49891.95,120,0,721620
BANKNIFTY-II.NFO,14/02/2025,09:49:59,49864.15,49882.1,120,49896.45,120,0,721620
BANKNIFTY-II.NFO,14/02/2025,09:50:00,49864.15,49882.05,30,49893.9,120,0,721620
BANKNIFTY-II.NFO,14/02/2025,09:50:02,49864.15,49886.3,120,49899.95,60,0,721620
BANKNIFTY-II.NFO,14/02/2025,09:50:04,49864.15,49886.45,120,49899.95,60,0,721620
BANKNIFTY-II.NFO,14/02/2025,09:50:05,49864.15,49888.1,120,49899.95,60,0,721620
BANKNIFTY-II.NFO,14/02/2025,09:50:07,49864.15,49889.05,120,49899.95,60,0,721620
BANKNIFTY-II.NFO,14/02/2025,09:50:09,49864.15,49882.05,120,49899.4,120,0,721620
BANKNIFTY-II.NFO,14/02/2025,09:50:10,49864.15,49879.85,150,49898.6,150,0,721620
BANKNIFTY-II.NFO,14/02/2025,09:50:12,49864.15,49875.15,120,49890.25,120,0,721620
BANKNIFTY-II.NFO,14/02/2025,09:50:14,49864.15,49870.1,120,49884.8,120,0,721620
BANKNIFTY-II.NFO,14/02/2025,09:50:15,49864.15,49869.35,120,49886,150,0,721620
BANKNIFTY-II.NFO,14/02/2025,09:50:17,49864.15,49867.5,30,49882.7,120,0,721620
BANKNIFTY-II.NFO,14/02/2025,09:50:19,49861.8,49866.4,30,49876.25,120,330,721620
BANKNIFTY-II.NFO,14/02/2025,09:50:20,49861.8,49871.6,30,49883.5,120,0,721620
BANKNIFTY-II.NFO,14/02/2025,09:50:22,49861.8,49867.4,30,49875.9,120,0,721620
BANKNIFTY-II.NFO,14/02/2025,09:50:24,49861.8,49867.8,30,49877.1,120,0,721620
BANKNIFTY-II.NFO,14/02/2025,09:50:25,49861.8,49871.1,30,49880.4,120,0,721620
BANKNIFTY-II.NFO,14/02/2025,09:50:27,49861.8,49870.4,30,49881.55,120,0,721620
BANKNIFTY-II.NFO,14/02/2025,09:50:29,49861.8,49878.2,30,49889.3,120,0,721620
BANKNIFTY-II.NFO,14/02/2025,09:50:30,49861.8,49877.6,30,49888.2,120,0,721620
BANKNIFTY-II.NFO,14/02/2025,09:50:32,49861.8,49876.05,30,49887.4,120,0,721620
BANKNIFTY-II.NFO,14/02/2025,09:50:34,49861.8,49877.6,30,49887.3,120,0,721620
BANKNIFTY-II.NFO,14/02/2025,09:50:35,49882.7,49882.8,30,49893.45,120,30,721620
BANKNIFTY-II.NFO,14/02/2025,09:50:37,49882.7,49886.7,30,49898.85,120,0,721620
BANKNIFTY-II.NFO,14/02/2025,09:50:38,49882.7,49891.6,30,49899.95,60,0,721620
BANKNIFTY-II.NFO,14/02/2025,09:50:40,49893.9,49893.3,30,49899.95,60,120,721620
