Ticker,Date,Time,LTP,BuyPrice,BuyQty,SellPrice,SellQty,LTQ,OpenInterest
NIFTY-I.NFO,14/02/2025,09:15:00,23169,23175.1,150,23179.3,375,2925,0
NIFTY-I.NFO,14/02/2025,09:15:00,23169,23175.1,150,23179.3,375,0,0
NIFTY-I.NFO,14/02/2025,09:15:00,23187.9,23175.1,150,23179.3,375,0,0
NIFTY-I.NFO,14/02/2025,09:15:00,23161.1,23175.1,150,23179.3,375,0,0
NIFTY-I.NFO,14/02/2025,09:15:01,23174.95,23170.8,450,23175,600,5925,17272950
NIFTY-I.NFO,14/02/2025,09:15:03,23164.65,23161.1,675,23163.7,150,7500,17272950
NIFTY-I.NFO,14/02/2025,09:15:03,23156.6,23161.1,675,23163.7,150,0,17272950
NIFTY-I.NFO,14/02/2025,09:15:04,23166.35,23161.6,150,23166.35,600,5250,17272950
NIFTY-I.NFO,14/02/2025,09:15:04,23156,23161.6,150,23166.35,600,0,17272950
NIFTY-I.NFO,14/02/2025,09:15:06,23161,23160,75,23164.55,825,8850,17272950
NIFTY-I.NFO,14/02/2025,09:15:07,23162.5,23163.25,75,23167.2,375,2250,17272950
NIFTY-I.NFO,14/02/2025,09:15:09,23177.75,23171.35,375,23177.7,75,4725,17272950
NIFTY-I.NFO,14/02/2025,09:15:11,23175.8,23175.75,150,23181.45,300,3075,17272950
NIFTY-I.NFO,14/02/2025,09:15:12,23170.45,23170.45,225,23174.55,75,5850,17272950
NIFTY-I.NFO,14/02/2025,09:15:14,23177,23172.5,525,23177.05,375,2700,17272950
NIFTY-I.NFO,14/02/2025,09:15:15,23175.85,23175.85,75,23177.75,225,1950,17272950
NIFTY-I.NFO,14/02/2025,09:15:17,23176.95,23169.2,675,23175,75,4350,17272950
NIFTY-I.NFO,14/02/2025,09:15:19,23174.6,23175,75,23178.5,75,4350,17272950
NIFTY-I.NFO,14/02/2025,09:15:20,23174.7,23174.7,525,23180.3,75,6225,17272950
NIFTY-I.NFO,14/02/2025,09:15:22,23182.05,23180,3825,23182.5,75,2775,17272950
NIFTY-I.NFO,14/02/2025,09:15:24,23182,23182,525,23183.45,150,2550,17272950
NIFTY-I.NFO,14/02/2025,09:15:25,23186,23182.5,1050,23186,1275,7050,17272950
NIFTY-I.NFO,14/02/2025,09:15:27,23188,23182.6,150,23188.8,300,4275,17272950
NIFTY-I.NFO,14/02/2025,09:15:27,23188,23182.6,150,23188.8,300,0,17272950
NIFTY-I.NFO,14/02/2025,09:15:29,23189.95,23186.7,300,23190,2400,1875,17272950
NIFTY-I.NFO,14/02/2025,09:15:29,23189.95,23186.7,300,23190,2400,0,17272950
NIFTY-I.NFO,14/02/2025,09:15:31,23186.9,23186.95,300,23190,1725,2550,17281650
NIFTY-I.NFO,14/02/2025,09:15:31,23190,23186.95,300,23190,1725,0,17281650
NIFTY-I.NFO,14/02/2025,09:15:32,23189,23188.9,300,23191.8,75,4425,17281650
NIFTY-I.NFO,14/02/2025,09:15:32,23194,23188.9,300,23191.8,75,0,17281650
NIFTY-I.NFO,14/02/2025,09:15:34,23190,23190,975,23193.9,300,2025,17281650
NIFTY-I.NFO,14/02/2025,09:15:36,23190,23186.25,75,23190,225,3975,17281650
NIFTY-I.NFO,14/02/2025,09:15:37,23189.1,23189.1,75,23189.75,75,1950,17281650
NIFTY-I.NFO,14/02/2025,09:15:39,23185,23185,225,23189.95,225,3375,17281650
NIFTY-I.NFO,14/02/2025,09:15:41,23190,23187.85,150,23189,75,2925,17281650
NIFTY-I.NFO,14/02/2025,09:15:42,23190,23188.45,150,23190,750,675,17281650
NIFTY-I.NFO,14/02/2025,09:15:44,23189.5,23189.05,225,23190,75,1200,17281650
NIFTY-I.NFO,14/02/2025,09:15:46,23194,23189,300,23192,75,2625,17281650
NIFTY-I.NFO,14/02/2025,09:15:47,23193.95,23189,225,23193.95,225,2025,17281650
NIFTY-I.NFO,14/02/2025,09:15:49,23189.6,23187.65,225,23190,75,4275,17281650
NIFTY-I.NFO,14/02/2025,09:15:50,23192.6,23192.6,75,23193.95,300,1350,17281650
NIFTY-I.NFO,14/02/2025,09:15:52,23190.05,23190.05,75,23193.95,150,2325,17281650
NIFTY-I.NFO,14/02/2025,09:15:54,23192.8,23190.1,75,23192.8,150,675,17281650
NIFTY-I.NFO,14/02/2025,09:15:55,23194.55,23194,1275,23194.55,150,2400,17281650
NIFTY-I.NFO,14/02/2025,09:15:55,23194.55,23194,1275,23194.55,150,0,17281650
NIFTY-I.NFO,14/02/2025,09:15:57,23194.55,23194.55,1500,23194.9,300,1350,17281650
NIFTY-I.NFO,14/02/2025,09:15:57,23194.9,23194.55,1500,23194.9,300,0,17281650
NIFTY-I.NFO,14/02/2025,09:15:59,23194.9,23194.9,1050,23195,2325,3150,17281650
NIFTY-I.NFO,14/02/2025,09:15:59,23195,23194.9,1050,23195,2325,0,17281650
NIFTY-I.NFO,14/02/2025,09:16:00,23194.95,23194.95,225,23195.5,75,2775,17281650
NIFTY-I.NFO,14/02/2025,09:16:00,23195.25,23194.95,225,23195.5,75,0,17281650
NIFTY-I.NFO,14/02/2025,09:16:02,23195.7,23195.7,1575,23197,225,2400,17281650
NIFTY-I.NFO,14/02/2025,09:16:02,23196.95,23195.7,1575,23197,225,0,17281650
NIFTY-I.NFO,14/02/2025,09:16:04,23195.7,23195.7,1125,23197.85,75,5100,17281650
NIFTY-I.NFO,14/02/2025,09:16:04,23197,23195.7,1125,23197.85,75,0,17281650
NIFTY-I.NFO,14/02/2025,09:16:05,23197,23197,825,23197.05,75,3450,17281650
NIFTY-I.NFO,14/02/2025,09:16:05,23198,23197,825,23197.05,75,0,17281650
NIFTY-I.NFO,14/02/2025,09:16:07,23197.6,23196.8,375,23197.7,300,2925,17281650
NIFTY-I.NFO,14/02/2025,09:16:09,23195.7,23195.7,900,23197.45,75,1275,17281650
NIFTY-I.NFO,14/02/2025,09:16:10,23194.9,23194.9,1875,23196.25,75,7350,17281650
NIFTY-I.NFO,14/02/2025,09:16:12,23195,23194.9,1500,23196.5,375,2025,17281650
NIFTY-I.NFO,14/02/2025,09:16:14,23196.35,23194.9,1125,23196.45,75,2100,17281650
NIFTY-I.NFO,14/02/2025,09:16:15,23196.45,23196.45,975,23197.35,225,975,17281650
NIFTY-I.NFO,14/02/2025,09:16:17,23196.55,23195.7,75,23196.55,75,1425,17281650
NIFTY-I.NFO,14/02/2025,09:16:18,23197,23196.85,225,23197.4,150,2325,17281650
NIFTY-I.NFO,14/02/2025,09:16:20,23198.8,23197,225,23198.8,825,4500,17281650
NIFTY-I.NFO,14/02/2025,09:16:20,23198.8,23197,225,23198.8,825,0,17281650
NIFTY-I.NFO,14/02/2025,09:16:22,23197.9,23197.85,525,23199,2925,2250,17281650
NIFTY-I.NFO,14/02/2025,09:16:22,23199,23197.85,525,23199,2925,0,17281650
NIFTY-I.NFO,14/02/2025,09:16:23,23196,23196.1,525,23196.9,75,2475,17281650
NIFTY-I.NFO,14/02/2025,09:16:25,23197.95,23197,750,23198,375,900,17281650
NIFTY-I.NFO,14/02/2025,09:16:27,23196.5,23195,75,23197.85,150,1350,17281650
NIFTY-I.NFO,14/02/2025,09:16:28,23197.15,23196.45,150,23197.6,75,450,17281650
NIFTY-I.NFO,14/02/2025,09:16:30,23196.45,23196.45,75,23197.9,75,525,17281650
NIFTY-I.NFO,14/02/2025,09:16:32,23197.9,23197.9,1650,23198,75,1125,17281650
NIFTY-I.NFO,14/02/2025,09:16:33,23197.95,23197.9,1650,23198.85,975,375,17281650
NIFTY-I.NFO,14/02/2025,09:16:35,23197.9,23197.9,525,23198,150,1350,17281650
NIFTY-I.NFO,14/02/2025,09:16:37,23197.9,23197.95,75,23198.85,900,600,17281650
NIFTY-I.NFO,14/02/2025,09:16:38,23198,23197.9,525,23198.85,825,750,17281650
NIFTY-I.NFO,14/02/2025,09:16:40,23197.9,23197.9,150,23199,2475,2700,17281650
NIFTY-I.NFO,14/02/2025,09:16:42,23198.45,23198.45,375,23199,2325,300,17281650
NIFTY-I.NFO,14/02/2025,09:16:43,23197.95,23197.2,600,23199.95,225,4800,17281650
NIFTY-I.NFO,14/02/2025,09:16:43,23200,23197.2,600,23199.95,225,0,17281650
NIFTY-I.NFO,14/02/2025,09:16:45,23200,23199.95,1650,23200,4200,5850,17281650
NIFTY-I.NFO,14/02/2025,09:16:47,23201.1,23201.2,375,23203,2025,8775,17281650
NIFTY-I.NFO,14/02/2025,09:16:47,23202.25,23201.2,375,23203,2025,0,17281650
NIFTY-I.NFO,14/02/2025,09:16:48,23204,23201.95,525,23204.25,1800,6975,17281650
NIFTY-I.NFO,14/02/2025,09:16:48,23204,23201.95,525,23204.25,1800,0,17281650
NIFTY-I.NFO,14/02/2025,09:16:50,23205,23204.3,450,23205,40275,7200,17281650
NIFTY-I.NFO,14/02/2025,09:16:50,23205,23204.3,450,23205,40275,0,17281650
NIFTY-I.NFO,14/02/2025,09:16:52,23204.65,23204.65,300,23205,36450,4950,17281650
NIFTY-I.NFO,14/02/2025,09:16:53,23204.1,23204.1,150,23204.65,75,6300,17281650
NIFTY-I.NFO,14/02/2025,09:16:55,23205,23204.65,1500,23205,29925,3225,17281650
NIFTY-I.NFO,14/02/2025,09:16:56,23204.15,23200.05,150,23204.6,300,16950,17281650
NIFTY-I.NFO,14/02/2025,09:16:58,23205,23204.6,3450,23205,14775,3825,17281650
NIFTY-I.NFO,14/02/2025,09:17:00,23204.8,23204.6,3075,23204.95,75,2925,17281650
NIFTY-I.NFO,14/02/2025,09:17:01,23205,23204.95,450,23205,13275,600,17281650
NIFTY-I.NFO,14/02/2025,09:17:03,23204.95,23204.95,150,23205,4125,9825,17281650
NIFTY-I.NFO,14/02/2025,09:17:05,23205.5,23205,75,23205.5,1725,6225,17281650
NIFTY-I.NFO,14/02/2025,09:17:05,23205.5,23205,75,23205.5,1725,0,17281650
NIFTY-I.NFO,14/02/2025,09:17:06,23204.45,23204.45,1050,23204.5,75,1500,17281650
NIFTY-I.NFO,14/02/2025,09:17:08,23204.45,23204.1,375,23205.2,150,3300,17281650
NIFTY-I.NFO,14/02/2025,09:17:10,23203,23200.5,75,23203.55,75,1350,17281650
NIFTY-I.NFO,14/02/2025,09:17:11,23200.05,23200,75,23204.45,150,750,17281650
NIFTY-I.NFO,14/02/2025,09:17:13,23204.6,23200,375,23204.05,75,2325,17281650
NIFTY-I.NFO,14/02/2025,09:17:15,23200.5,23200.5,600,23203.75,150,375,17281650
NIFTY-I.NFO,14/02/2025,09:17:16,23199.95,23199,525,23200.05,600,1125,17281650
NIFTY-I.NFO,14/02/2025,09:17:18,23200.05,23200,75,23201.65,150,1200,17281650
NIFTY-I.NFO,14/02/2025,09:17:20,23199,23199,300,23200,75,300,17281650
NIFTY-I.NFO,14/02/2025,09:17:21,23199.4,23198.3,75,23199.95,525,1950,17281650
NIFTY-I.NFO,14/02/2025,09:17:23,23199.55,23195,675,23199.55,75,2025,17281650
NIFTY-I.NFO,14/02/2025,09:17:25,23199,23195.25,75,23199.6,75,375,17281650
NIFTY-I.NFO,14/02/2025,09:17:26,23199.15,23195.25,225,23199.05,75,825,17281650
NIFTY-I.NFO,14/02/2025,09:17:28,23195.3,23195,375,23198.3,75,600,17281650
NIFTY-I.NFO,14/02/2025,09:17:30,23195.05,23195.05,150,23198.55,300,1425,17281650
NIFTY-I.NFO,14/02/2025,09:17:31,23199,23195.05,225,23199,1350,2250,17281650
NIFTY-I.NFO,14/02/2025,09:17:33,23193.95,23193.95,525,23197.35,300,1050,17281650
NIFTY-I.NFO,14/02/2025,09:17:35,23195.85,23193.95,375,23196.4,150,225,17281650
NIFTY-I.NFO,14/02/2025,09:17:36,23190,23188.2,150,23190,2775,2850,17281650
NIFTY-I.NFO,14/02/2025,09:17:38,23190,23186.15,75,23190,825,3675,17281650
NIFTY-I.NFO,14/02/2025,09:17:40,23187,23186.9,75,23190,600,375,17281650
NIFTY-I.NFO,14/02/2025,09:17:41,23190,23190,150,23192.95,375,1650,17281650
NIFTY-I.NFO,14/02/2025,09:17:43,23193,23189.3,75,23193,1425,675,17281650
NIFTY-I.NFO,14/02/2025,09:17:45,23193,23190.5,75,23193,1275,600,17281650
NIFTY-I.NFO,14/02/2025,09:17:46,23193,23193,300,23194,75,1950,17281650
NIFTY-I.NFO,14/02/2025,09:17:48,23193.15,23190.1,75,23193.15,5025,525,17281650
NIFTY-I.NFO,14/02/2025,09:17:49,23193,23191.1,75,23193.15,4950,1425,17281650
NIFTY-I.NFO,14/02/2025,09:17:51,23193,23191.05,75,23193,75,450,17281650
NIFTY-I.NFO,14/02/2025,09:17:53,23192,23189.6,75,23193,225,375,17281650
NIFTY-I.NFO,14/02/2025,09:17:55,23192,23189.6,75,23193,75,225,17281650
NIFTY-I.NFO,14/02/2025,09:17:56,23190.1,23190.8,75,23191.05,75,450,17281650
NIFTY-I.NFO,14/02/2025,09:17:58,23190.05,23190.05,75,23192,1800,450,17281650
NIFTY-I.NFO,14/02/2025,09:18:00,23190.55,23190.55,75,23192,1650,600,17281650
NIFTY-I.NFO,14/02/2025,09:18:01,23193,23192.1,600,23193,675,2250,17281650
NIFTY-I.NFO,14/02/2025,09:18:03,23193,23190.2,300,23190.55,75,675,17281650
NIFTY-I.NFO,14/02/2025,09:18:05,23193,23192.25,75,23193,225,375,17281650
NIFTY-I.NFO,14/02/2025,09:18:06,23192.25,23192.2,150,23193,75,375,17281650
NIFTY-I.NFO,14/02/2025,09:18:08,23192,23192,75,23193,150,300,17281650
NIFTY-I.NFO,14/02/2025,09:18:10,23192.3,23192.3,225,23193,225,150,17281650
NIFTY-I.NFO,14/02/2025,09:18:11,23190.05,23190.15,75,23192,525,525,17281650
NIFTY-I.NFO,14/02/2025,09:18:13,23192,23190.55,75,23192,300,375,17281650
NIFTY-I.NFO,14/02/2025,09:18:15,23192.3,23191.2,75,23192.3,2400,1500,17281650
NIFTY-I.NFO,14/02/2025,09:18:16,23192.3,23192.05,75,23192.3,1425,975,17281650
NIFTY-I.NFO,14/02/2025,09:18:18,23193,23192.75,525,23192.8,300,1950,17281650
NIFTY-I.NFO,14/02/2025,09:18:19,23192.75,23192.75,225,23192.8,150,450,17281650
NIFTY-I.NFO,14/02/2025,09:18:21,23192.7,23191,150,23192.95,600,825,17281650
NIFTY-I.NFO,14/02/2025,09:18:23,23191,23190.6,75,23192.2,300,225,17281650
NIFTY-I.NFO,14/02/2025,09:18:24,23193.15,23190,600,23193.15,4275,2025,17281650
NIFTY-I.NFO,14/02/2025,09:18:26,23192.75,23190,525,23192.05,75,150,17281650
NIFTY-I.NFO,14/02/2025,09:18:28,23190,23189.3,75,23192.05,75,675,17281650
NIFTY-I.NFO,14/02/2025,09:18:29,23187.05,23186.25,375,23192,225,2325,17281650
NIFTY-I.NFO,14/02/2025,09:18:31,23190.25,23186.05,375,23190.3,75,2025,17273100
NIFTY-I.NFO,14/02/2025,09:18:33,23185.6,23185.65,675,23187.9,75,750,17273100
NIFTY-I.NFO,14/02/2025,09:18:34,23185.6,23185.65,900,23186.85,75,0,17273100
NIFTY-I.NFO,14/02/2025,09:18:36,23185.65,23185.65,600,23185.85,75,300,17273100
NIFTY-I.NFO,14/02/2025,09:18:38,23183.5,23182.5,975,23185.65,1875,1875,17273100
NIFTY-I.NFO,14/02/2025,09:18:39,23183.05,23182.5,1275,23185,75,150,17273100
NIFTY-I.NFO,14/02/2025,09:18:41,23182.55,23182.55,75,23185,75,450,17273100
NIFTY-I.NFO,14/02/2025,09:18:43,23185,23182.5,600,23184,1800,300,17273100
NIFTY-I.NFO,14/02/2025,09:18:44,23182.5,23182,75,23183.5,150,600,17273100
NIFTY-I.NFO,14/02/2025,09:18:46,23181,23181,150,23182.5,1800,225,17273100
NIFTY-I.NFO,14/02/2025,09:18:48,23180.1,23180.1,375,23182.5,1800,1875,17273100
NIFTY-I.NFO,14/02/2025,09:18:49,23181,23181,150,23182,75,525,17273100
NIFTY-I.NFO,14/02/2025,09:18:51,23181,23176.1,1050,23180.1,150,2550,17273100
NIFTY-I.NFO,14/02/2025,09:18:53,23180.1,23178.1,375,23180,75,450,17273100
NIFTY-I.NFO,14/02/2025,09:18:54,23178.05,23178.05,675,23180.75,75,450,17273100
NIFTY-I.NFO,14/02/2025,09:18:56,23178.05,23178.05,675,23179.75,75,0,17273100
NIFTY-I.NFO,14/02/2025,09:18:58,23174.55,23174.5,525,23177.1,300,3000,17273100
NIFTY-I.NFO,14/02/2025,09:18:59,23178.05,23178,525,23178.1,75,1275,17273100
NIFTY-I.NFO,14/02/2025,09:19:01,23178,23178,525,23181,300,1875,17273100
NIFTY-I.NFO,14/02/2025,09:19:03,23178,23178,150,23179.95,300,75,17273100
NIFTY-I.NFO,14/02/2025,09:19:04,23180.95,23177.1,75,23180.4,375,1575,17273100
NIFTY-I.NFO,14/02/2025,09:19:06,23177,23177.2,75,23178,225,150,17273100
NIFTY-I.NFO,14/02/2025,09:19:08,23177,23177.2,75,23178,225,0,17273100
NIFTY-I.NFO,14/02/2025,09:19:09,23178.05,23175.05,75,23178.05,675,1200,17273100
NIFTY-I.NFO,14/02/2025,09:19:11,23174.55,23174.55,75,23177.2,75,225,17273100
NIFTY-I.NFO,14/02/2025,09:19:13,23174.05,23174.5,75,23177.2,75,300,17273100
NIFTY-I.NFO,14/02/2025,09:19:14,23177.6,23174,75,23178,75,1050,17273100
NIFTY-I.NFO,14/02/2025,09:19:16,23178.05,23175,225,23178.05,600,450,17273100
NIFTY-I.NFO,14/02/2025,09:19:17,23174.95,23174.9,75,23177.6,1800,375,17273100
NIFTY-I.NFO,14/02/2025,09:19:19,23174.9,23174,450,23175,75,675,17273100
NIFTY-I.NFO,14/02/2025,09:19:21,23173.9,23172.8,150,23174.9,225,375,17273100
NIFTY-I.NFO,14/02/2025,09:19:22,23174,23171.1,750,23174,75,975,17273100
NIFTY-I.NFO,14/02/2025,09:19:24,23177.6,23172.85,375,23174,900,975,17273100
NIFTY-I.NFO,14/02/2025,09:19:26,23172.4,23172.4,825,23174,525,675,17273100
NIFTY-I.NFO,14/02/2025,09:19:27,23177.2,23174.1,300,23177.6,1650,900,17273100
NIFTY-I.NFO,14/02/2025,09:19:29,23178.05,23174.05,225,23178.05,450,2550,17273100
NIFTY-I.NFO,14/02/2025,09:19:31,23174,23174,225,23175,75,600,17273100
NIFTY-I.NFO,14/02/2025,09:19:32,23174,23172.5,600,23175,75,225,17273100
NIFTY-I.NFO,14/02/2025,09:19:34,23173.6,23174.1,600,23178.05,75,525,17273100
NIFTY-I.NFO,14/02/2025,09:19:36,23175.1,23175.15,225,23178.05,75,225,17273100
NIFTY-I.NFO,14/02/2025,09:19:37,23176.35,23176.4,225,23178.05,75,375,17273100
NIFTY-I.NFO,14/02/2025,09:19:39,23176.85,23176.65,450,23178.8,600,675,17273100
NIFTY-I.NFO,14/02/2025,09:19:41,23176.65,23175.15,600,23177,75,450,17273100
NIFTY-I.NFO,14/02/2025,09:19:42,23178.65,23175.3,150,23178.7,375,450,17273100
NIFTY-I.NFO,14/02/2025,09:19:44,23176,23176.95,375,23178.8,600,150,17273100
NIFTY-I.NFO,14/02/2025,09:19:46,23178.7,23177.3,225,23178.8,525,525,17273100
NIFTY-I.NFO,14/02/2025,09:19:47,23177.3,23177.3,300,23178.8,1125,375,17273100
NIFTY-I.NFO,14/02/2025,09:19:49,23178.8,23177.3,225,23178.8,1050,1350,17273100
NIFTY-I.NFO,14/02/2025,09:19:51,23177.3,23177.3,75,23178.75,300,750,17273100
NIFTY-I.NFO,14/02/2025,09:19:52,23175,23175,1050,23177.3,1800,525,17273100
NIFTY-I.NFO,14/02/2025,09:19:54,23175,23175,600,23177.25,300,300,17273100
NIFTY-I.NFO,14/02/2025,09:19:56,23177.25,23175,600,23177.3,1725,75,17273100
NIFTY-I.NFO,14/02/2025,09:19:57,23175,23174,75,23176.55,525,600,17273100
NIFTY-I.NFO,14/02/2025,09:19:59,23175.3,23172,75,23175.3,225,225,17273100
NIFTY-I.NFO,14/02/2025,09:20:01,23169.35,23170.05,75,23175.3,225,39075,17273100
NIFTY-I.NFO,14/02/2025,09:20:02,23177.25,23172.7,525,23175,75,525,17273100
NIFTY-I.NFO,14/02/2025,09:20:04,23178,23177.4,525,23178.8,450,2250,17273100
NIFTY-I.NFO,14/02/2025,09:20:06,23181.05,23181.05,75,23181.55,75,2100,17273100
NIFTY-I.NFO,14/02/2025,09:20:07,23177.5,23177.5,150,23179.7,300,825,17273100
NIFTY-I.NFO,14/02/2025,09:20:09,23177.55,23177.55,75,23180.95,300,225,17273100
NIFTY-I.NFO,14/02/2025,09:20:11,23177.5,23174,225,23179.75,225,1950,17273100
NIFTY-I.NFO,14/02/2025,09:20:13,23177.5,23174,525,23179.95,150,150,17273100
NIFTY-I.NFO,14/02/2025,09:20:14,23177,23174,225,23177.55,150,75,17273100
NIFTY-I.NFO,14/02/2025,09:20:16,23173.85,23170,300,23175,150,300,17273100
NIFTY-I.NFO,14/02/2025,09:20:18,23174.35,23172.45,75,23176.05,75,225,17273100
NIFTY-I.NFO,14/02/2025,09:20:19,23172,23172,675,23175.7,300,375,17273100
NIFTY-I.NFO,14/02/2025,09:20:21,23172,23172,1125,23177.15,225,225,17273100
NIFTY-I.NFO,14/02/2025,09:20:23,23177.45,23174.55,75,23177.5,1800,375,17273100
NIFTY-I.NFO,14/02/2025,09:20:24,23174.35,23172,675,23174.35,1650,225,17273100
NIFTY-I.NFO,14/02/2025,09:20:26,23173.15,23172.2,450,23174.35,1575,150,17273100
NIFTY-I.NFO,14/02/2025,09:20:28,23174.35,23172.5,75,23174.35,1425,150,17273100
NIFTY-I.NFO,14/02/2025,09:20:29,23174.35,23174.05,75,23174.35,1050,375,17273100
NIFTY-I.NFO,14/02/2025,09:20:31,23170,23167.15,150,23172.8,300,1800,17273100
NIFTY-I.NFO,14/02/2025,09:20:33,23164,23162.15,150,23168.5,300,450,17273100
NIFTY-I.NFO,14/02/2025,09:20:34,23162,23167.2,225,23170.6,75,225,17273100
NIFTY-I.NFO,14/02/2025,09:20:36,23164.35,23164.2,75,23169.9,75,375,17273100
NIFTY-I.NFO,14/02/2025,09:20:38,23168.5,23163.3,975,23169.95,75,375,17273100
NIFTY-I.NFO,14/02/2025,09:20:39,23164.3,23164.3,450,23168.95,450,525,17273100
NIFTY-I.NFO,14/02/2025,09:20:41,23164.3,23165,75,23169,75,450,17273100
NIFTY-I.NFO,14/02/2025,09:20:43,23164.55,23164.55,75,23169.85,75,1125,17273100
NIFTY-I.NFO,14/02/2025,09:20:44,23164.6,23164.6,75,23168.5,75,1050,17273100
NIFTY-I.NFO,14/02/2025,09:20:46,23168.85,23162,525,23168.25,375,3675,17273100
NIFTY-I.NFO,14/02/2025,09:20:48,23164.55,23164.1,750,23169,75,450,17273100
NIFTY-I.NFO,14/02/2025,09:20:49,23165,23165.1,375,23168.95,75,2175,17273100
NIFTY-I.NFO,14/02/2025,09:20:51,23165.15,23165.15,525,23168.75,375,75,17273100
NIFTY-I.NFO,14/02/2025,09:20:53,23162.2,23162.2,300,23168.35,75,1200,17273100
NIFTY-I.NFO,14/02/2025,09:20:54,23162.8,23162.8,75,23168.85,375,525,17273100
NIFTY-I.NFO,14/02/2025,09:20:56,23165.15,23165.65,150,23167.95,75,1875,17273100
NIFTY-I.NFO,14/02/2025,09:20:58,23167.95,23166,825,23168.85,375,150,17273100
NIFTY-I.NFO,14/02/2025,09:20:59,23166,23166,600,23168.85,375,225,17273100
NIFTY-I.NFO,14/02/2025,09:21:01,23168.1,23168.1,75,23169.9,675,1725,17273100
NIFTY-I.NFO,14/02/2025,09:21:03,23170,23170.05,150,23172,75,1275,17273100
NIFTY-I.NFO,14/02/2025,09:21:04,23172.3,23172.3,150,23172.8,75,1050,17273100
NIFTY-I.NFO,14/02/2025,09:21:06,23173.15,23172.3,75,23175,75,2475,17273100
NIFTY-I.NFO,14/02/2025,09:21:08,23177.6,23172.8,450,23179.75,75,600,17273100
NIFTY-I.NFO,14/02/2025,09:21:09,23178.6,23172.85,75,23178.6,375,450,17273100
NIFTY-I.NFO,14/02/2025,09:21:11,23175.25,23172.85,300,23175.65,300,300,17273100
NIFTY-I.NFO,14/02/2025,09:21:13,23176.85,23175,75,23176.8,150,900,17273100
NIFTY-I.NFO,14/02/2025,09:21:14,23170,23170.1,450,23176.25,525,300,17273100
NIFTY-I.NFO,14/02/2025,09:21:16,23175,23170.8,375,23177.15,150,225,17273100
NIFTY-I.NFO,14/02/2025,09:21:17,23172.85,23174,225,23180,750,1800,17273100
NIFTY-I.NFO,14/02/2025,09:21:19,23178.45,23175,75,23177.15,300,375,17273100
NIFTY-I.NFO,14/02/2025,09:21:21,23174,23172.25,75,23175,75,225,17273100
NIFTY-I.NFO,14/02/2025,09:21:22,23175,23172.25,375,23175,75,75,17273100
NIFTY-I.NFO,14/02/2025,09:21:24,23172.8,23172.8,75,23174.05,75,75,17273100
NIFTY-I.NFO,14/02/2025,09:21:26,23175,23172.8,375,23175,75,225,17273100
NIFTY-I.NFO,14/02/2025,09:21:27,23175.4,23172.9,75,23177.15,300,150,17273100
NIFTY-I.NFO,14/02/2025,09:21:29,23172.9,23172.9,150,23178.15,300,75,17273100
NIFTY-I.NFO,14/02/2025,09:21:31,23172.9,23172.9,225,23176.2,75,0,17273100
NIFTY-I.NFO,14/02/2025,09:21:32,23176.2,23176.05,75,23176.35,75,75,17284200
NIFTY-I.NFO,14/02/2025,09:21:34,23175,23172,75,23175,150,525,17284200
NIFTY-I.NFO,14/02/2025,09:21:36,23175,23172,150,23175.75,300,150,17284200
NIFTY-I.NFO,14/02/2025,09:21:37,23172,23172.1,75,23174.95,75,150,17284200
NIFTY-I.NFO,14/02/2025,09:21:39,23171.55,23172.05,150,23174.95,75,75,17284200
NIFTY-I.NFO,14/02/2025,09:21:41,23173.05,23172.8,675,23174.95,75,525,17284200
NIFTY-I.NFO,14/02/2025,09:21:42,23173.05,23172.8,675,23174.9,75,0,17284200
NIFTY-I.NFO,14/02/2025,09:21:44,23173.15,23173.15,600,23174.95,75,450,17284200
NIFTY-I.NFO,14/02/2025,09:21:46,23173.15,23173.2,75,23175,75,300,17284200
NIFTY-I.NFO,14/02/2025,09:21:47,23174.95,23173.15,375,23176,225,300,17284200
NIFTY-I.NFO,14/02/2025,09:21:49,23177,23176.05,150,23178.45,75,375,17284200
NIFTY-I.NFO,14/02/2025,09:21:51,23177,23173.8,375,23178.4,75,0,17284200
NIFTY-I.NFO,14/02/2025,09:21:52,23175,23175,1200,23177.95,375,225,17284200
NIFTY-I.NFO,14/02/2025,09:21:54,23178.85,23175,300,23178.45,375,1050,17284200
NIFTY-I.NFO,14/02/2025,09:21:56,23175,23175,225,23178.95,75,75,17284200
NIFTY-I.NFO,14/02/2025,09:21:57,23178.95,23175,300,23179,75,225,17284200
NIFTY-I.NFO,14/02/2025,09:21:59,23178.95,23175,300,23178.95,75,0,17284200
NIFTY-I.NFO,14/02/2025,09:22:01,23177,23175,300,23178,75,75,17284200
NIFTY-I.NFO,14/02/2025,09:22:02,23178,23175.05,75,23178.95,75,1275,17284200
NIFTY-I.NFO,14/02/2025,09:22:04,23178.95,23178,75,23179,75,150,17284200
NIFTY-I.NFO,14/02/2025,09:22:06,23179.4,23179,75,23179.4,225,750,17284200
NIFTY-I.NFO,14/02/2025,09:22:07,23175,23175,1575,23178.7,375,225,17284200
NIFTY-I.NFO,14/02/2025,09:22:09,23175,23174,75,23174.85,300,1650,17284200
NIFTY-I.NFO,14/02/2025,09:22:11,23171,23171,975,23171.8,300,600,17284200
NIFTY-I.NFO,14/02/2025,09:22:12,23168,23166,300,23168.9,300,10200,17284200
NIFTY-I.NFO,14/02/2025,09:22:14,23166,23165.65,75,23167.4,75,300,17284200
NIFTY-I.NFO,14/02/2025,09:22:16,23165.1,23165.1,1800,23166.45,300,375,17284200
NIFTY-I.NFO,14/02/2025,09:22:17,23165,23164.35,75,23164.8,300,1875,17284200
NIFTY-I.NFO,14/02/2025,09:22:19,23164,23162.5,150,23163.45,225,150,17284200
NIFTY-I.NFO,14/02/2025,09:22:21,23162,23161.75,75,23162.55,75,2025,17284200
NIFTY-I.NFO,14/02/2025,09:22:22,23157,23156,225,23157,1425,1800,17284200
NIFTY-I.NFO,14/02/2025,09:22:24,23153.9,23154.05,300,23157,1125,1200,17284200
NIFTY-I.NFO,14/02/2025,09:22:24,23153.65,23154.05,300,23157,1125,0,17284200
NIFTY-I.NFO,14/02/2025,09:22:26,23157,23155.3,525,23161.3,150,2175,17284200
NIFTY-I.NFO,14/02/2025,09:22:28,23156.3,23156.15,1425,23161.7,300,1950,17284200
NIFTY-I.NFO,14/02/2025,09:22:29,23157,23153.6,75,23155.2,300,300,17284200
NIFTY-I.NFO,14/02/2025,09:22:31,23154,23152,3300,23155,150,1350,17284200
NIFTY-I.NFO,14/02/2025,09:22:31,23152,23152,3300,23155,150,0,17284200
NIFTY-I.NFO,14/02/2025,09:22:33,23155,23152.05,75,23155,75,375,17284200
NIFTY-I.NFO,14/02/2025,09:22:34,23152.05,23152.25,150,23156.15,1500,300,17284200
NIFTY-I.NFO,14/02/2025,09:22:36,23152,23152,2700,23155.7,375,525,17284200
NIFTY-I.NFO,14/02/2025,09:22:38,23155.15,23152.05,75,23155.7,75,300,17284200
NIFTY-I.NFO,14/02/2025,09:22:39,23152,23152,1950,23156.15,1500,750,17284200
NIFTY-I.NFO,14/02/2025,09:22:41,23156.15,23152.1,75,23156.15,1425,150,17284200
NIFTY-I.NFO,14/02/2025,09:22:43,23152,23151,225,23152.95,75,2250,17284200
NIFTY-I.NFO,14/02/2025,09:22:44,23150,23152,75,23154.2,750,1500,17284200
NIFTY-I.NFO,14/02/2025,09:22:44,23150,23152,75,23154.2,750,0,17284200
NIFTY-I.NFO,14/02/2025,09:22:46,23154.65,23153.65,75,23154.7,450,450,17284200
NIFTY-I.NFO,14/02/2025,09:22:48,23152,23150.05,75,23153,75,1200,17284200
NIFTY-I.NFO,14/02/2025,09:22:49,23152.1,23150,2700,23151.8,450,1350,17284200
NIFTY-I.NFO,14/02/2025,09:22:51,23151.05,23146.45,75,23151.05,300,3000,17284200
NIFTY-I.NFO,14/02/2025,09:22:52,23146.05,23146.05,225,23152.95,450,1425,17284200
NIFTY-I.NFO,14/02/2025,09:22:52,23146,23146.05,225,23152.95,450,0,17284200
NIFTY-I.NFO,14/02/2025,09:22:54,23149.95,23146,1050,23149.95,450,825,17284200
NIFTY-I.NFO,14/02/2025,09:22:56,23146.2,23146.2,525,23149.95,75,450,17284200
NIFTY-I.NFO,14/02/2025,09:22:57,23149.95,23146.15,600,23150,1050,825,17284200
NIFTY-I.NFO,14/02/2025,09:22:59,23149,23146.1,150,23150,675,600,17284200
NIFTY-I.NFO,14/02/2025,09:23:01,23150,23146,75,23150,300,2550,17284200
NIFTY-I.NFO,14/02/2025,09:23:01,23145,23146,75,23150,300,0,17284200
NIFTY-I.NFO,14/02/2025,09:23:02,23150,23150,150,23152.05,150,900,17284200
NIFTY-I.NFO,14/02/2025,09:23:04,23155,23150.05,75,23155.9,300,675,17284200
NIFTY-I.NFO,14/02/2025,09:23:06,23152.05,23152.5,450,23156,75,1200,17284200
NIFTY-I.NFO,14/02/2025,09:23:07,23156,23153.65,450,23156.15,1350,375,17284200
NIFTY-I.NFO,14/02/2025,09:23:09,23156.1,23152.5,75,23156.1,300,825,17284200
NIFTY-I.NFO,14/02/2025,09:23:11,23155,23153.25,450,23156.15,750,600,17284200
NIFTY-I.NFO,14/02/2025,09:23:12,23156.25,23156.25,450,23159.9,225,1800,17284200
NIFTY-I.NFO,14/02/2025,09:23:14,23156,23156,300,23158.35,225,1725,17284200
NIFTY-I.NFO,14/02/2025,09:23:16,23158.35,23155,375,23157.55,150,300,17284200
NIFTY-I.NFO,14/02/2025,09:23:17,23158.3,23156,75,23158.05,150,750,17284200
NIFTY-I.NFO,14/02/2025,09:23:19,23156,23152.65,975,23156.25,225,1125,17284200
NIFTY-I.NFO,14/02/2025,09:23:21,23160,23160.45,150,23163.55,300,1800,17284200
NIFTY-I.NFO,14/02/2025,09:23:22,23160.6,23160.6,1350,23163.6,75,225,17284200
NIFTY-I.NFO,14/02/2025,09:23:24,23165.35,23165.35,75,23168.9,225,150,17284200
NIFTY-I.NFO,14/02/2025,09:23:26,23165.5,23165.5,225,23168.9,150,300,17284200
NIFTY-I.NFO,14/02/2025,09:23:27,23168.9,23165.5,225,23168.9,75,75,17284200
NIFTY-I.NFO,14/02/2025,09:23:29,23170,23168.15,225,23171,75,375,17284200
NIFTY-I.NFO,14/02/2025,09:23:31,23173,23168.95,75,23172.95,375,825,17284200
NIFTY-I.NFO,14/02/2025,09:23:32,23168.95,23168.9,75,23173.7,375,375,17284200
NIFTY-I.NFO,14/02/2025,09:23:34,23167.95,23167.4,150,23173.2,375,825,17284200
NIFTY-I.NFO,14/02/2025,09:23:36,23170,23169.95,150,23174.2,75,375,17284200
NIFTY-I.NFO,14/02/2025,09:23:37,23177.4,23171.8,375,23177.4,300,1800,17284200
NIFTY-I.NFO,14/02/2025,09:23:39,23174.15,23174.15,150,23177.05,375,300,17284200
NIFTY-I.NFO,14/02/2025,09:23:41,23174.95,23170,75,23174.95,225,300,17284200
NIFTY-I.NFO,14/02/2025,09:23:42,23174.15,23170,75,23174.1,300,1050,17284200
NIFTY-I.NFO,14/02/2025,09:23:44,23174.1,23168.2,75,23173.3,375,150,17284200
NIFTY-I.NFO,14/02/2025,09:23:46,23169.4,23165.5,225,23169.25,150,1200,17284200
NIFTY-I.NFO,14/02/2025,09:23:47,23168,23168,75,23173.6,375,675,17284200
NIFTY-I.NFO,14/02/2025,09:23:49,23175,23170,75,23174,300,3450,17284200
NIFTY-I.NFO,14/02/2025,09:23:51,23174.6,23170,75,23174.9,300,825,17284200
NIFTY-I.NFO,14/02/2025,09:23:52,23171.8,23173,150,23176.95,75,450,17284200
NIFTY-I.NFO,14/02/2025,09:23:54,23178.45,23172.7,375,23178.95,300,675,17284200
NIFTY-I.NFO,14/02/2025,09:23:56,23180,23176.3,300,23180,2625,1125,17284200
NIFTY-I.NFO,14/02/2025,09:23:57,23180,23176,75,23180,2550,450,17284200
NIFTY-I.NFO,14/02/2025,09:23:59,23175.8,23174.4,300,23179.95,300,225,17284200
NIFTY-I.NFO,14/02/2025,09:24:01,23175,23174,150,23179.85,300,825,17284200
NIFTY-I.NFO,14/02/2025,09:24:02,23180,23176,450,23180,2250,300,17284200
NIFTY-I.NFO,14/02/2025,09:24:04,23180,23174.45,75,23178.75,300,825,17284200
NIFTY-I.NFO,14/02/2025,09:24:06,23178.3,23173,450,23177.9,225,375,17284200
NIFTY-I.NFO,14/02/2025,09:24:07,23178.3,23173,450,23178.8,900,0,17284200
NIFTY-I.NFO,14/02/2025,09:24:09,23176.25,23173,75,23176.25,600,675,17284200
NIFTY-I.NFO,14/02/2025,09:24:11,23176.25,23173,75,23174.85,375,0,17284200
NIFTY-I.NFO,14/02/2025,09:24:12,23170,23168,75,23171.85,375,600,17284200
NIFTY-I.NFO,14/02/2025,09:24:14,23165.5,23164.15,150,23170.05,375,825,17284200
NIFTY-I.NFO,14/02/2025,09:24:16,23165.5,23166,225,23169.35,375,0,17284200
NIFTY-I.NFO,14/02/2025,09:24:17,23166,23166,150,23170.05,450,75,17284200
NIFTY-I.NFO,14/02/2025,09:24:19,23166,23166,150,23168.45,225,0,17284200
NIFTY-I.NFO,14/02/2025,09:24:21,23165.5,23160.3,375,23167.65,525,675,17284200
NIFTY-I.NFO,14/02/2025,09:24:22,23165.5,23160.15,600,23165.5,150,0,17284200
NIFTY-I.NFO,14/02/2025,09:24:24,23166.1,23162.7,75,23165.95,300,225,17284200
NIFTY-I.NFO,14/02/2025,09:24:26,23165.95,23165,75,23165.95,75,300,17284200
NIFTY-I.NFO,14/02/2025,09:24:27,23169.95,23165.95,75,23169.95,150,375,17284200
NIFTY-I.NFO,14/02/2025,09:24:29,23167.1,23161.35,600,23165.9,300,750,17284200
NIFTY-I.NFO,14/02/2025,09:24:31,23164.95,23161.3,75,23164.95,300,300,17300625
NIFTY-I.NFO,14/02/2025,09:24:32,23165,23165.45,75,23165.9,225,300,17300625
NIFTY-I.NFO,14/02/2025,09:24:34,23165.45,23165.05,375,23165.45,225,375,17300625
NIFTY-I.NFO,14/02/2025,09:24:36,23160.75,23160.8,300,23165.35,300,1125,17300625
NIFTY-I.NFO,14/02/2025,09:24:38,23165.5,23163.5,75,23165.5,525,750,17300625
NIFTY-I.NFO,14/02/2025,09:24:39,23167.1,23166.15,150,23169.4,225,3525,17300625
NIFTY-I.NFO,14/02/2025,09:24:41,23169.45,23165.8,450,23169.85,300,750,17300625
NIFTY-I.NFO,14/02/2025,09:24:43,23166.45,23166.45,150,23169.85,300,750,17300625
NIFTY-I.NFO,14/02/2025,09:24:44,23166.4,23166.5,75,23169.95,75,450,17300625
NIFTY-I.NFO,14/02/2025,09:24:46,23170.05,23170.05,450,23172.4,150,900,17300625
NIFTY-I.NFO,14/02/2025,09:24:48,23169.95,23169.95,225,23173.4,300,1275,17300625
NIFTY-I.NFO,14/02/2025,09:24:49,23169.95,23169.2,675,23174.95,300,600,17300625
NIFTY-I.NFO,14/02/2025,09:24:51,23170.05,23170.05,825,23174.95,225,225,17300625
NIFTY-I.NFO,14/02/2025,09:24:53,23174.95,23172,225,23174.95,75,600,17300625
NIFTY-I.NFO,14/02/2025,09:24:54,23172,23172,150,23174.95,300,1575,17300625
NIFTY-I.NFO,14/02/2025,09:24:56,23175,23173.5,525,23177,75,675,17300625
NIFTY-I.NFO,14/02/2025,09:24:58,23173.65,23172.4,150,23176.3,150,975,17300625
NIFTY-I.NFO,14/02/2025,09:24:59,23172.4,23172.05,825,23175,75,375,17300625
NIFTY-I.NFO,14/02/2025,09:25:01,23176.95,23172.05,525,23177.5,300,375,17300625
NIFTY-I.NFO,14/02/2025,09:25:03,23175,23172.05,150,23176.35,225,825,17300625
NIFTY-I.NFO,14/02/2025,09:25:04,23174.7,23172.05,150,23175.6,300,300,17300625
NIFTY-I.NFO,14/02/2025,09:25:06,23174.15,23173.35,75,23174.15,225,225,17300625
NIFTY-I.NFO,14/02/2025,09:25:08,23174.25,23174.2,150,23176.95,75,1350,17300625
NIFTY-I.NFO,14/02/2025,09:25:09,23177.65,23174.25,150,23174.7,75,525,17300625
NIFTY-I.NFO,14/02/2025,09:25:11,23173.4,23169.8,75,23173.35,225,975,17300625
NIFTY-I.NFO,14/02/2025,09:25:13,23169.8,23167.35,450,23173.65,300,150,17300625
NIFTY-I.NFO,14/02/2025,09:25:14,23170,23169.45,600,23174.7,75,225,17300625
NIFTY-I.NFO,14/02/2025,09:25:16,23174.7,23168,75,23172.65,225,75,17300625
NIFTY-I.NFO,14/02/2025,09:25:17,23170.65,23168,75,23170.65,225,150,17300625
NIFTY-I.NFO,14/02/2025,09:25:19,23168.8,23165.5,75,23168.05,225,225,17300625
NIFTY-I.NFO,14/02/2025,09:25:21,23165,23162.45,75,23165.9,300,450,17300625
NIFTY-I.NFO,14/02/2025,09:25:22,23160.65,23160.5,150,23166.05,225,300,17300625
NIFTY-I.NFO,14/02/2025,09:25:24,23165.25,23160,225,23164.8,225,225,17300625
NIFTY-I.NFO,14/02/2025,09:25:26,23165.25,23160,450,23163.95,600,0,17300625
NIFTY-I.NFO,14/02/2025,09:25:27,23160,23160,375,23160.5,375,150,17300625
NIFTY-I.NFO,14/02/2025,09:25:29,23165,23160.65,75,23165,75,975,17300625
NIFTY-I.NFO,14/02/2025,09:25:31,23165,23161,750,23165,225,150,17300625
NIFTY-I.NFO,14/02/2025,09:25:32,23161,23161,750,23163.9,225,75,17300625
NIFTY-I.NFO,14/02/2025,09:25:34,23160.65,23160,75,23162.45,225,975,17300625
NIFTY-I.NFO,14/02/2025,09:25:36,23162.95,23160,75,23162.35,75,375,17300625
NIFTY-I.NFO,14/02/2025,09:25:37,23156,23155.1,75,23156.9,75,525,17300625
NIFTY-I.NFO,14/02/2025,09:25:39,23160.4,23155,75,23161.25,225,450,17300625
NIFTY-I.NFO,14/02/2025,09:25:41,23160.25,23155,75,23159.95,225,600,17300625
NIFTY-I.NFO,14/02/2025,09:25:42,23155.15,23159.95,525,23160.9,75,150,17300625
NIFTY-I.NFO,14/02/2025,09:25:44,23162.5,23159.95,375,23160.8,75,675,17300625
NIFTY-I.NFO,14/02/2025,09:25:46,23160.85,23159.95,300,23161.5,225,300,17300625
NIFTY-I.NFO,14/02/2025,09:25:47,23159.5,23156,75,23159.6,225,750,17300625
NIFTY-I.NFO,14/02/2025,09:25:49,23152,23151.15,75,23156,75,1725,17300625
NIFTY-I.NFO,14/02/2025,09:25:51,23157,23151.15,150,23157.05,75,450,17300625
NIFTY-I.NFO,14/02/2025,09:25:52,23157,23151.15,75,23155,150,0,17300625
NIFTY-I.NFO,14/02/2025,09:25:54,23151,23151,75,23154.75,225,300,17300625
NIFTY-I.NFO,14/02/2025,09:25:56,23151,23151,75,23154.3,600,0,17300625
NIFTY-I.NFO,14/02/2025,09:25:57,23150.35,23148,75,23150.45,225,1275,17300625
NIFTY-I.NFO,14/02/2025,09:25:59,23147.25,23146.6,75,23149.25,75,450,17300625
NIFTY-I.NFO,14/02/2025,09:26:01,23145,23145.65,450,23150.65,75,2700,17300625
NIFTY-I.NFO,14/02/2025,09:26:02,23145.7,23147.25,300,23151,75,375,17300625
NIFTY-I.NFO,14/02/2025,09:26:04,23152,23150.85,300,23156.95,75,1125,17300625
NIFTY-I.NFO,14/02/2025,09:26:06,23151.8,23151.5,150,23157.25,75,975,17300625
NIFTY-I.NFO,14/02/2025,09:26:07,23151.15,23150,75,23151.5,75,975,17300625
NIFTY-I.NFO,14/02/2025,09:26:09,23151.5,23151.5,75,23152,75,1125,17300625
NIFTY-I.NFO,14/02/2025,09:26:11,23150.45,23145.05,150,23150.5,75,2625,17300625
NIFTY-I.NFO,14/02/2025,09:26:12,23150.8,23145.25,150,23151.15,750,825,17300625
NIFTY-I.NFO,14/02/2025,09:26:14,23147.75,23145,2925,23148,75,75,17300625
NIFTY-I.NFO,14/02/2025,09:26:16,23148.75,23145,2625,23148.5,75,150,17300625
NIFTY-I.NFO,14/02/2025,09:26:17,23147.05,23145,2475,23147.7,75,450,17300625
NIFTY-I.NFO,14/02/2025,09:26:19,23145,23145,525,23148.6,300,2925,17300625
NIFTY-I.NFO,14/02/2025,09:26:21,23148.65,23145,450,23148.65,75,375,17300625
NIFTY-I.NFO,14/02/2025,09:26:22,23145,23145.4,150,23150,150,375,17300625
NIFTY-I.NFO,14/02/2025,09:26:24,23145,23145,75,23148.6,300,1350,17300625
NIFTY-I.NFO,14/02/2025,09:26:26,23146,23142.4,150,23148.45,300,450,17300625
NIFTY-I.NFO,14/02/2025,09:26:27,23144,23145,75,23149.95,300,150,17300625
NIFTY-I.NFO,14/02/2025,09:26:27,23144,23145,75,23149.95,300,0,17300625
NIFTY-I.NFO,14/02/2025,09:26:29,23149.95,23145.2,975,23150,150,750,17300625
NIFTY-I.NFO,14/02/2025,09:26:31,23145.05,23144.05,75,23149.1,150,300,17300625
NIFTY-I.NFO,14/02/2025,09:26:32,23146,23146,600,23150.25,150,375,17300625
NIFTY-I.NFO,14/02/2025,09:26:34,23146.9,23146.9,75,23151.8,225,3225,17300625
NIFTY-I.NFO,14/02/2025,09:26:36,23151.8,23147.4,150,23151.85,75,675,17300625
NIFTY-I.NFO,14/02/2025,09:26:38,23145.4,23145.4,75,23150.65,300,2250,17300625
NIFTY-I.NFO,14/02/2025,09:26:39,23146,23150.8,75,23152.65,300,675,17300625
NIFTY-I.NFO,14/02/2025,09:26:41,23152.95,23148,1500,23152.95,75,300,17300625
NIFTY-I.NFO,14/02/2025,09:26:43,23148,23148,1050,23151.8,75,600,17300625
NIFTY-I.NFO,14/02/2025,09:26:44,23148.05,23148,1050,23152.95,300,375,17300625
NIFTY-I.NFO,14/02/2025,09:26:46,23148,23148,825,23152.95,150,675,17300625
NIFTY-I.NFO,14/02/2025,09:26:48,23151.3,23148.05,75,23152.85,75,150,17300625
NIFTY-I.NFO,14/02/2025,09:26:49,23144.8,23144.75,150,23144.8,150,32850,17300625
NIFTY-I.NFO,14/02/2025,09:26:51,23144,23142.3,150,23144.75,150,11100,17300625
NIFTY-I.NFO,14/02/2025,09:26:53,23144.8,23142.3,150,23144.8,825,375,17300625
NIFTY-I.NFO,14/02/2025,09:26:54,23144,23142.5,75,23144.8,825,150,17300625
NIFTY-I.NFO,14/02/2025,09:26:56,23141.35,23141.3,150,23143.95,150,1050,17300625
NIFTY-I.NFO,14/02/2025,09:26:56,23141.35,23141.3,150,23143.95,150,0,17300625
NIFTY-I.NFO,14/02/2025,09:26:58,23144.55,23141,75,23144.65,150,300,17300625
NIFTY-I.NFO,14/02/2025,09:26:59,23140.45,23140.4,75,23144.6,150,975,17300625
NIFTY-I.NFO,14/02/2025,09:26:59,23140.45,23140.4,75,23144.6,150,0,17300625
NIFTY-I.NFO,14/02/2025,09:27:01,23144.75,23142,75,23144.8,150,75,17300625
NIFTY-I.NFO,14/02/2025,09:27:03,23142,23142,75,23144.8,150,150,17300625
NIFTY-I.NFO,14/02/2025,09:27:04,23140,23140,1050,23141,150,1125,17300625
NIFTY-I.NFO,14/02/2025,09:27:04,23140,23140,1050,23141,150,0,17300625
NIFTY-I.NFO,14/02/2025,09:27:06,23141,23139.95,75,23140,75,1275,17300625
NIFTY-I.NFO,14/02/2025,09:27:08,23140.1,23140,75,23141,1500,150,17300625
NIFTY-I.NFO,14/02/2025,09:27:09,23141,23138.3,150,23141,1350,525,17300625
NIFTY-I.NFO,14/02/2025,09:27:09,23138.3,23138.3,150,23141,1350,0,17300625
NIFTY-I.NFO,14/02/2025,09:27:11,23141,23138.3,150,23139.95,75,0,17300625
NIFTY-I.NFO,14/02/2025,09:27:13,23140,23140,1350,23140.95,75,150,17300625
NIFTY-I.NFO,14/02/2025,09:27:14,23140,23140,1125,23140.95,75,225,17300625
NIFTY-I.NFO,14/02/2025,09:27:16,23140.9,23140,1125,23140.95,300,225,17300625
NIFTY-I.NFO,14/02/2025,09:27:18,23140,23140,975,23140.95,300,150,17300625
NIFTY-I.NFO,14/02/2025,09:27:19,23141,23140.15,450,23141,1200,825,17300625
NIFTY-I.NFO,14/02/2025,09:27:21,23141,23140.9,150,23141,750,3525,17300625
NIFTY-I.NFO,14/02/2025,09:27:23,23140.9,23140,825,23141,375,2250,17300625
NIFTY-I.NFO,14/02/2025,09:27:24,23139.85,23138,1950,23140,825,18600,17300625
NIFTY-I.NFO,14/02/2025,09:27:26,23138,23138.25,600,23140,225,1275,17300625
NIFTY-I.NFO,14/02/2025,09:27:26,23138,23138.25,600,23140,225,0,17300625
NIFTY-I.NFO,14/02/2025,09:27:28,23139.15,23139.2,300,23140,825,1350,17300625
NIFTY-I.NFO,14/02/2025,09:27:29,23139.85,23139.2,75,23140,600,2100,17300625
NIFTY-I.NFO,14/02/2025,09:27:31,23139.2,23138,1350,23139.95,75,1050,17300625
NIFTY-I.NFO,14/02/2025,09:27:33,23139.25,23138.6,300,23140,3300,675,17343375
NIFTY-I.NFO,14/02/2025,09:27:34,23139.75,23138,1350,23139.75,375,975,17343375
NIFTY-I.NFO,14/02/2025,09:27:36,23138.3,23136.1,1425,23138.85,150,1800,17343375
NIFTY-I.NFO,14/02/2025,09:27:36,23136.1,23136.1,1425,23138.85,150,0,17343375
NIFTY-I.NFO,14/02/2025,09:27:38,23138,23136.1,1275,23138.15,300,600,17343375
NIFTY-I.NFO,14/02/2025,09:27:39,23138,23136.1,1275,23138.1,300,0,17343375
NIFTY-I.NFO,14/02/2025,09:27:41,23136.1,23136.1,1200,23138,300,75,17343375
NIFTY-I.NFO,14/02/2025,09:27:43,23136.1,23136.1,825,23137,375,375,17343375
NIFTY-I.NFO,14/02/2025,09:27:44,23135,23135,600,23135.9,300,1575,17343375
NIFTY-I.NFO,14/02/2025,09:27:44,23135,23135,600,23135.9,300,0,17343375
NIFTY-I.NFO,14/02/2025,09:27:46,23132,23132,1575,23132.95,150,1200,17343375
NIFTY-I.NFO,14/02/2025,09:27:46,23132,23132,1575,23132.95,150,0,17343375
NIFTY-I.NFO,14/02/2025,09:27:48,23132.95,23132,1200,23133,75,450,17343375
NIFTY-I.NFO,14/02/2025,09:27:49,23132.95,23131.8,75,23134.95,300,4200,17343375
NIFTY-I.NFO,14/02/2025,09:27:49,23129.8,23131.8,75,23134.95,300,0,17343375
NIFTY-I.NFO,14/02/2025,09:27:51,23134.95,23131.8,150,23134.95,225,150,17343375
NIFTY-I.NFO,14/02/2025,09:27:53,23131.8,23132.95,75,23136,1725,150,17343375
NIFTY-I.NFO,14/02/2025,09:27:54,23131.25,23132.35,75,23135.95,300,750,17343375
NIFTY-I.NFO,14/02/2025,09:27:56,23132,23130.15,375,23132,75,2250,17343375
NIFTY-I.NFO,14/02/2025,09:27:58,23132,23129,75,23132.75,150,450,17343375
NIFTY-I.NFO,14/02/2025,09:27:59,23130.1,23129,75,23132.9,75,150,17343375
NIFTY-I.NFO,14/02/2025,09:28:01,23129,23129,75,23130.85,300,525,17343375
NIFTY-I.NFO,14/02/2025,09:28:01,23128,23129,75,23130.85,300,0,17343375
NIFTY-I.NFO,14/02/2025,09:28:03,23128,23128,300,23131.95,300,375,17343375
NIFTY-I.NFO,14/02/2025,09:28:04,23129.5,23130.6,375,23131.95,300,225,17343375
NIFTY-I.NFO,14/02/2025,09:28:06,23132.95,23132.6,375,23134.9,75,900,17343375
NIFTY-I.NFO,14/02/2025,09:28:08,23136.1,23135,375,23136,1125,7950,17343375
NIFTY-I.NFO,14/02/2025,09:28:09,23135,23135,225,23135.95,225,225,17343375
NIFTY-I.NFO,14/02/2025,09:28:11,23135.3,23135.55,375,23136,975,8025,17343375
NIFTY-I.NFO,14/02/2025,09:28:13,23135.3,23132.65,75,23137.55,150,28275,17343375
NIFTY-I.NFO,14/02/2025,09:28:14,23137.4,23132.8,75,23135,75,75,17343375
NIFTY-I.NFO,14/02/2025,09:28:16,23137.45,23132.35,75,23137.45,225,750,17343375
NIFTY-I.NFO,14/02/2025,09:28:18,23137.2,23129.25,375,23134.1,150,225,17343375
NIFTY-I.NFO,14/02/2025,09:28:19,23132,23132,75,23136,150,225,17343375
NIFTY-I.NFO,14/02/2025,09:28:21,23134.5,23132.25,75,23134.5,150,300,17343375
NIFTY-I.NFO,14/02/2025,09:28:23,23132.25,23134.1,150,23134.8,225,75,17343375
NIFTY-I.NFO,14/02/2025,09:28:24,23134.1,23134.1,75,23136.2,300,300,17343375
NIFTY-I.NFO,14/02/2025,09:28:26,23131.1,23130,75,23132.2,600,450,17343375
NIFTY-I.NFO,14/02/2025,09:28:28,23130,23129,150,23132.25,1350,750,17343375
NIFTY-I.NFO,14/02/2025,09:28:29,23129,23130,1500,23132.5,300,1950,17343375
NIFTY-I.NFO,14/02/2025,09:28:31,23130,23130,825,23130.8,300,2250,17343375
NIFTY-I.NFO,14/02/2025,09:28:33,23130,23130,1425,23131.1,300,1350,17343375
NIFTY-I.NFO,14/02/2025,09:28:34,23130,23130,375,23130.8,300,1125,17343375
NIFTY-I.NFO,14/02/2025,09:28:36,23128,23128,525,23129.55,225,975,17343375
NIFTY-I.NFO,14/02/2025,09:28:38,23125.55,23125,1950,23127.7,375,1425,17343375
NIFTY-I.NFO,14/02/2025,09:28:38,23125,23125,1950,23127.7,375,0,17343375
NIFTY-I.NFO,14/02/2025,09:28:39,23125,23125,1875,23127.75,375,75,17343375
NIFTY-I.NFO,14/02/2025,09:28:41,23125.1,23124.2,75,23127.75,750,2250,17343375
NIFTY-I.NFO,14/02/2025,09:28:41,23124.4,23124.2,75,23127.75,750,0,17343375
NIFTY-I.NFO,14/02/2025,09:28:43,23125,23125,75,23127.6,600,150,17343375
NIFTY-I.NFO,14/02/2025,09:28:44,23125,23125,75,23127.6,300,0,17343375
NIFTY-I.NFO,14/02/2025,09:28:46,23127.6,23125,225,23127.6,225,75,17343375
NIFTY-I.NFO,14/02/2025,09:28:48,23127.6,23125,825,23127.6,225,0,17343375
NIFTY-I.NFO,14/02/2025,09:28:49,23125.5,23125.45,300,23127.6,675,450,17343375
NIFTY-I.NFO,14/02/2025,09:28:51,23125,23125,1125,23127.55,375,825,17343375
NIFTY-I.NFO,14/02/2025,09:28:53,23125,23125.5,75,23128.9,150,2250,17343375
NIFTY-I.NFO,14/02/2025,09:28:54,23124.9,23124.9,150,23125,375,1425,17343375
NIFTY-I.NFO,14/02/2025,09:28:56,23123,23123,525,23124.55,150,1500,17343375
NIFTY-I.NFO,14/02/2025,09:28:56,23123,23123,525,23124.55,150,0,17343375
NIFTY-I.NFO,14/02/2025,09:28:58,23123.9,23123,375,23123.7,150,525,17343375
NIFTY-I.NFO,14/02/2025,09:28:59,23122.3,23122.3,1350,23123.35,75,675,17343375
NIFTY-I.NFO,14/02/2025,09:28:59,23122.3,23122.3,1350,23123.35,75,0,17343375
NIFTY-I.NFO,14/02/2025,09:29:01,23121,23120.1,75,23121.6,375,3300,17343375
NIFTY-I.NFO,14/02/2025,09:29:01,23121,23120.1,75,23121.6,375,0,17343375
NIFTY-I.NFO,14/02/2025,09:29:03,23120,23120,450,23120.95,150,1350,17343375
NIFTY-I.NFO,14/02/2025,09:29:03,23120,23120,450,23120.95,150,0,17343375
NIFTY-I.NFO,14/02/2025,09:29:04,23119,23118.8,900,23122.2,300,3450,17343375
NIFTY-I.NFO,14/02/2025,09:29:04,23119,23118.8,900,23122.2,300,0,17343375
NIFTY-I.NFO,14/02/2025,09:29:06,23122.1,23118.8,600,23122.1,225,450,17343375
NIFTY-I.NFO,14/02/2025,09:29:06,23118.8,23118.8,600,23122.1,225,0,17343375
NIFTY-I.NFO,14/02/2025,09:29:08,23123,23123,2475,23124.95,300,3825,17343375
NIFTY-I.NFO,14/02/2025,09:29:09,23124.15,23123,1950,23124.15,225,600,17343375
NIFTY-I.NFO,14/02/2025,09:29:11,23123,23123,150,23124.05,450,2850,17343375
NIFTY-I.NFO,14/02/2025,09:29:13,23120,23119.15,675,23120,300,600,17343375
NIFTY-I.NFO,14/02/2025,09:29:14,23119.15,23119.15,375,23120,675,1650,17343375
NIFTY-I.NFO,14/02/2025,09:29:16,23120,23119.2,150,23120,675,7050,17343375
NIFTY-I.NFO,14/02/2025,09:29:18,23120,23119.05,75,23119.95,300,1500,17343375
NIFTY-I.NFO,14/02/2025,09:29:19,23120,23119.05,75,23120,750,975,17343375
NIFTY-I.NFO,14/02/2025,09:29:21,23119.95,23119,75,23119.95,225,450,17343375
NIFTY-I.NFO,14/02/2025,09:29:23,23120,23118.8,300,23120,600,300,17343375
NIFTY-I.NFO,14/02/2025,09:29:24,23120.1,23119.1,675,23120,675,4725,17343375
NIFTY-I.NFO,14/02/2025,09:29:26,23118.85,23119.05,375,23120,825,5550,17343375
NIFTY-I.NFO,14/02/2025,09:29:26,23118.6,23119.05,375,23120,825,0,17343375
NIFTY-I.NFO,14/02/2025,09:29:28,23120,23119.65,75,23120,525,375,17343375
NIFTY-I.NFO,14/02/2025,09:29:29,23118.95,23118.95,300,23120,375,975,17343375
NIFTY-I.NFO,14/02/2025,09:29:31,23119.95,23117.45,150,23119.95,225,1500,17343375
NIFTY-I.NFO,14/02/2025,09:29:31,23117.05,23117.45,150,23119.95,225,0,17343375
NIFTY-I.NFO,14/02/2025,09:29:33,23119.85,23117,225,23119.95,150,825,17343375
NIFTY-I.NFO,14/02/2025,09:29:34,23119.95,23118.95,75,23119.95,300,2175,17343375
NIFTY-I.NFO,14/02/2025,09:29:34,23117,23118.95,75,23119.95,300,0,17343375
NIFTY-I.NFO,14/02/2025,09:29:36,23119.95,23117.45,150,23119.55,300,3375,17343375
NIFTY-I.NFO,14/02/2025,09:29:38,23119.55,23117,75,23119.35,300,3075,17343375
NIFTY-I.NFO,14/02/2025,09:29:39,23116.9,23115,150,23116.4,150,2550,17343375
NIFTY-I.NFO,14/02/2025,09:29:39,23115,23115,150,23116.4,150,0,17343375
NIFTY-I.NFO,14/02/2025,09:29:41,23117,23115,75,23117.55,300,1800,17343375
NIFTY-I.NFO,14/02/2025,09:29:43,23115,23114.1,75,23118.35,600,450,17343375
NIFTY-I.NFO,14/02/2025,09:29:44,23113.7,23114,225,23118.8,75,750,17343375
NIFTY-I.NFO,14/02/2025,09:29:44,23113.7,23114,225,23118.8,75,0,17343375
NIFTY-I.NFO,14/02/2025,09:29:46,23115,23114.85,150,23117.4,75,150,17343375
NIFTY-I.NFO,14/02/2025,09:29:48,23119.95,23113.85,150,23119.85,150,600,17343375
NIFTY-I.NFO,14/02/2025,09:29:49,23115,23113.45,150,23115.75,300,450,17343375
NIFTY-I.NFO,14/02/2025,09:29:51,23114.05,23113.45,150,23115.7,75,375,17343375
NIFTY-I.NFO,14/02/2025,09:29:51,23113.45,23113.45,150,23115.7,75,0,17343375
NIFTY-I.NFO,14/02/2025,09:29:53,23113.45,23113,75,23114.55,600,375,17343375
NIFTY-I.NFO,14/02/2025,09:29:54,23113.45,23113.45,150,23114.55,375,300,17343375
NIFTY-I.NFO,14/02/2025,09:29:54,23113,23113.45,150,23114.55,375,0,17343375
NIFTY-I.NFO,14/02/2025,09:29:56,23113,23111.55,150,23113,225,3600,17343375
NIFTY-I.NFO,14/02/2025,09:29:56,23111.75,23111.55,150,23113,225,0,17343375
NIFTY-I.NFO,14/02/2025,09:29:58,23113,23111.75,225,23113,150,75,17343375
NIFTY-I.NFO,14/02/2025,09:29:59,23115,23112.4,75,23116.95,300,450,17343375
NIFTY-I.NFO,14/02/2025,09:30:01,23114.55,23114.55,75,23116.95,300,900,17343375
NIFTY-I.NFO,14/02/2025,09:30:03,23115,23115.85,75,23117,75,1125,17343375
NIFTY-I.NFO,14/02/2025,09:30:04,23119.75,23115,375,23119.7,300,825,17343375
NIFTY-I.NFO,14/02/2025,09:30:06,23114.85,23114.95,225,23119.6,150,1500,17343375
NIFTY-I.NFO,14/02/2025,09:30:08,23120,23119.7,450,23120,825,975,17343375
NIFTY-I.NFO,14/02/2025,09:30:09,23120,23119.7,75,23120,600,9300,17343375
NIFTY-I.NFO,14/02/2025,09:30:11,23120.4,23120.05,150,23120.4,1125,4875,17343375
NIFTY-I.NFO,14/02/2025,09:30:13,23122,23122,525,23124.95,75,6600,17343375
NIFTY-I.NFO,14/02/2025,09:30:14,23125.3,23121.4,300,23125.7,300,3075,17343375
NIFTY-I.NFO,14/02/2025,09:30:16,23125.7,23121,150,23126.2,300,1050,17343375
NIFTY-I.NFO,14/02/2025,09:30:18,23124.95,23126.2,750,23128.95,300,450,17343375
NIFTY-I.NFO,14/02/2025,09:30:19,23126.1,23128,75,23131.25,300,5025,17343375
NIFTY-I.NFO,14/02/2025,09:30:21,23127.95,23124.55,75,23127.95,750,750,17343375
NIFTY-I.NFO,14/02/2025,09:30:23,23129.5,23125,150,23127.7,525,975,17343375
NIFTY-I.NFO,14/02/2025,09:30:24,23121.4,23121.7,75,23127.8,300,900,17343375
NIFTY-I.NFO,14/02/2025,09:30:26,23122,23121.95,75,23122,675,2550,17343375
NIFTY-I.NFO,14/02/2025,09:30:28,23120.65,23120.4,75,23121.95,75,3000,17343375
NIFTY-I.NFO,14/02/2025,09:30:29,23120.25,23120.2,450,23121.4,375,750,17343375
NIFTY-I.NFO,14/02/2025,09:30:31,23120,23120,1275,23121.35,150,75,17343375
NIFTY-I.NFO,14/02/2025,09:30:33,23120.3,23120.1,600,23121.4,150,675,17420250
NIFTY-I.NFO,14/02/2025,09:30:34,23122,23122,1500,23123.45,300,825,17420250
NIFTY-I.NFO,14/02/2025,09:30:36,23123.5,23123.2,225,23123.5,3600,6000,17420250
NIFTY-I.NFO,14/02/2025,09:30:38,23123.1,23123.15,150,23123.5,3750,11775,17420250
NIFTY-I.NFO,14/02/2025,09:30:39,23122,23121.95,150,23122,75,825,17420250
NIFTY-I.NFO,14/02/2025,09:30:41,23123.15,23122.65,375,23123.15,150,1350,17420250
NIFTY-I.NFO,14/02/2025,09:30:43,23123.4,23123,150,23123.5,2850,1875,17420250
NIFTY-I.NFO,14/02/2025,09:30:44,23123.2,23123.15,75,23123.2,525,3900,17420250
NIFTY-I.NFO,14/02/2025,09:30:46,23121.95,23121.95,225,23123.2,375,600,17420250
NIFTY-I.NFO,14/02/2025,09:30:48,23121.4,23121.35,150,23121.4,2625,9075,17420250
NIFTY-I.NFO,14/02/2025,09:30:49,23120.9,23121.05,375,23121.35,600,2025,17420250
NIFTY-I.NFO,14/02/2025,09:30:51,23121.4,23121.25,75,23121.4,750,2700,17420250
NIFTY-I.NFO,14/02/2025,09:30:53,23121.4,23121.35,300,23121.4,2625,2625,17420250
NIFTY-I.NFO,14/02/2025,09:30:54,23120,23120,975,23121.4,2625,8625,17420250
NIFTY-I.NFO,14/02/2025,09:30:56,23121.05,23121.1,300,23121.4,1575,1500,17420250
NIFTY-I.NFO,14/02/2025,09:30:58,23120.55,23120.6,375,23121.4,3750,2325,17420250
NIFTY-I.NFO,14/02/2025,09:30:59,23121.4,23121.35,375,23121.4,2850,16725,17420250
NIFTY-I.NFO,14/02/2025,09:31:01,23120,23120,450,23121,75,1275,17420250
NIFTY-I.NFO,14/02/2025,09:31:03,23120,23119.15,75,23121.35,2850,750,17420250
NIFTY-I.NFO,14/02/2025,09:31:04,23120,23118,75,23120.85,300,225,17420250
NIFTY-I.NFO,14/02/2025,09:31:06,23111.9,23111.55,150,23115.75,300,2700,17420250
NIFTY-I.NFO,14/02/2025,09:31:08,23110,23111.55,75,23115.45,375,2925,17420250
NIFTY-I.NFO,14/02/2025,09:31:08,23110,23111.55,75,23115.45,375,0,17420250
NIFTY-I.NFO,14/02/2025,09:31:09,23111.55,23108.5,150,23110.4,2325,150,17420250
NIFTY-I.NFO,14/02/2025,09:31:11,23105.1,23105.1,75,23107,75,3600,17420250
NIFTY-I.NFO,14/02/2025,09:31:11,23105.1,23105.1,75,23107,75,0,17420250
NIFTY-I.NFO,14/02/2025,09:31:13,23106.95,23104.3,225,23108.45,300,1275,17420250
NIFTY-I.NFO,14/02/2025,09:31:13,23105,23104.3,225,23108.45,300,0,17420250
NIFTY-I.NFO,14/02/2025,09:31:14,23104.1,23104,525,23104.1,1950,1500,17420250
NIFTY-I.NFO,14/02/2025,09:31:14,23104,23104,525,23104.1,1950,0,17420250
NIFTY-I.NFO,14/02/2025,09:31:16,23104.05,23104.05,75,23104.1,900,1650,17420250
NIFTY-I.NFO,14/02/2025,09:31:18,23106,23105.75,75,23108.45,300,1800,17420250
NIFTY-I.NFO,14/02/2025,09:31:19,23108.5,23106.1,450,23109,1275,1050,17420250
NIFTY-I.NFO,14/02/2025,09:31:21,23109.15,23109.1,225,23113.95,525,1650,17420250
NIFTY-I.NFO,14/02/2025,09:31:23,23115.05,23110.45,75,23115.1,150,2775,17420250
NIFTY-I.NFO,14/02/2025,09:31:24,23109,23108.5,75,23110.05,150,3525,17420250
NIFTY-I.NFO,14/02/2025,09:31:26,23106,23106.4,225,23108.5,300,300,17420250
NIFTY-I.NFO,14/02/2025,09:31:28,23108.5,23106.05,75,23109.95,75,450,17420250
NIFTY-I.NFO,14/02/2025,09:31:29,23109.05,23108.75,900,23110.05,75,1425,17420250
NIFTY-I.NFO,14/02/2025,09:31:31,23110,23108.7,375,23110.1,75,375,17420250
NIFTY-I.NFO,14/02/2025,09:31:33,23111,23109.95,75,23114.1,225,300,17420250
NIFTY-I.NFO,14/02/2025,09:31:34,23110.25,23111.15,75,23114,225,75,17420250
NIFTY-I.NFO,14/02/2025,09:31:36,23113.95,23110.1,975,23113.95,150,225,17420250
NIFTY-I.NFO,14/02/2025,09:31:38,23114,23111.75,675,23115,450,225,17420250
NIFTY-I.NFO,14/02/2025,09:31:39,23111.7,23110.65,300,23114.9,300,2325,17420250
NIFTY-I.NFO,14/02/2025,09:31:41,23110,23110.25,150,23113.1,300,1275,17420250
NIFTY-I.NFO,14/02/2025,09:31:43,23113.2,23110,1125,23112.95,375,825,17420250
NIFTY-I.NFO,14/02/2025,09:31:44,23111.85,23110,1050,23113.45,375,225,17420250
NIFTY-I.NFO,14/02/2025,09:31:46,23110,23110,600,23111.35,300,450,17420250
NIFTY-I.NFO,14/02/2025,09:31:48,23108.5,23110,75,23111.35,300,1125,17420250
NIFTY-I.NFO,14/02/2025,09:31:49,23107.85,23107.55,150,23111.35,75,1125,17420250
NIFTY-I.NFO,14/02/2025,09:31:51,23110,23110,300,23111.35,300,300,17420250
NIFTY-I.NFO,14/02/2025,09:31:54,23109.2,23109.3,75,23109.95,150,825,17420250
NIFTY-I.NFO,14/02/2025,09:31:56,23109,23109.15,375,23109.9,75,75,17420250
NIFTY-I.NFO,14/02/2025,09:31:58,23112,23110,75,23113.75,300,2625,17420250
NIFTY-I.NFO,14/02/2025,09:31:59,23107.8,23107.65,75,23113.3,300,225,17420250
NIFTY-I.NFO,14/02/2025,09:32:01,23108.45,23106,300,23108.45,150,300,17420250
NIFTY-I.NFO,14/02/2025,09:32:03,23108,23106,225,23108.45,300,300,17420250
NIFTY-I.NFO,14/02/2025,09:32:04,23106.45,23105.95,150,23108.5,75,450,17420250
NIFTY-I.NFO,14/02/2025,09:32:06,23105.1,23105,450,23109.35,300,300,17420250
NIFTY-I.NFO,14/02/2025,09:32:08,23108.3,23105,150,23108.45,450,450,17420250
NIFTY-I.NFO,14/02/2025,09:32:09,23107.55,23105,450,23107.2,525,300,17420250
NIFTY-I.NFO,14/02/2025,09:32:11,23109.1,23106,75,23109.95,300,2625,17420250
NIFTY-I.NFO,14/02/2025,09:32:13,23109.1,23106.45,225,23109.7,300,0,17420250
NIFTY-I.NFO,14/02/2025,09:32:14,23108.95,23105,150,23108.95,150,975,17420250
NIFTY-I.NFO,14/02/2025,09:32:16,23105,23104,300,23106.6,225,900,17420250
NIFTY-I.NFO,14/02/2025,09:32:18,23104,23103,150,23108,150,1650,17420250
NIFTY-I.NFO,14/02/2025,09:32:19,23102.75,23102.55,225,23105,150,2550,17420250
NIFTY-I.NFO,14/02/2025,09:32:19,23102.75,23102.55,225,23105,150,0,17420250
NIFTY-I.NFO,14/02/2025,09:32:21,23102.35,23102.3,1500,23105,975,375,17420250
NIFTY-I.NFO,14/02/2025,09:32:21,23102.35,23102.3,1500,23105,975,0,17420250
NIFTY-I.NFO,14/02/2025,09:32:23,23104.3,23102.3,1500,23104.3,150,150,17420250
NIFTY-I.NFO,14/02/2025,09:32:24,23104.3,23102.3,1350,23104.3,75,225,17420250
NIFTY-I.NFO,14/02/2025,09:32:24,23102.3,23102.3,1350,23104.3,75,0,17420250
NIFTY-I.NFO,14/02/2025,09:32:26,23104,23102.55,150,23104.3,75,225,17420250
NIFTY-I.NFO,14/02/2025,09:32:28,23102.3,23102.3,975,23104.3,300,450,17420250
NIFTY-I.NFO,14/02/2025,09:32:29,23102.3,23102.35,75,23102.55,75,1125,17420250
NIFTY-I.NFO,14/02/2025,09:32:31,23102,23101.75,825,23104.3,1950,1125,17420250
NIFTY-I.NFO,14/02/2025,09:32:31,23101.7,23101.75,825,23104.3,1950,0,17420250
NIFTY-I.NFO,14/02/2025,09:32:33,23101,23100.5,75,23102.2,225,1275,17420250
NIFTY-I.NFO,14/02/2025,09:32:33,23101,23100.5,75,23102.2,225,0,17420250
NIFTY-I.NFO,14/02/2025,09:32:34,23095.25,23096.6,150,23098.95,225,9600,17420250
NIFTY-I.NFO,14/02/2025,09:32:34,23095.25,23096.6,150,23098.95,225,0,17420250
NIFTY-I.NFO,14/02/2025,09:32:36,23099.45,23099.3,75,23099.45,75,975,17420250
NIFTY-I.NFO,14/02/2025,09:32:38,23100,23099.95,75,23100.05,75,975,17420250
NIFTY-I.NFO,14/02/2025,09:32:39,23099.75,23099.7,1050,23100.1,225,1200,17420250
NIFTY-I.NFO,14/02/2025,09:32:41,23105,23104.35,300,23108,150,5250,17420250
NIFTY-I.NFO,14/02/2025,09:32:43,23109.8,23109.6,450,23112,75,975,17420250
NIFTY-I.NFO,14/02/2025,09:32:44,23108.6,23109.15,375,23112.95,75,525,17420250
NIFTY-I.NFO,14/02/2025,09:32:46,23115,23112.85,375,23115,525,375,17420250
NIFTY-I.NFO,14/02/2025,09:32:48,23115.95,23116.05,75,23119,75,900,17420250
NIFTY-I.NFO,14/02/2025,09:32:49,23117.5,23114,75,23119.4,300,1500,17420250
NIFTY-I.NFO,14/02/2025,09:32:51,23119.8,23115,150,23119.95,450,1800,17420250
NIFTY-I.NFO,14/02/2025,09:32:53,23119.4,23115.95,375,23121.35,300,825,17420250
NIFTY-I.NFO,14/02/2025,09:32:54,23121,23115,150,23118.6,525,375,17420250
NIFTY-I.NFO,14/02/2025,09:32:56,23118.45,23117.4,150,23120.75,450,375,17420250
NIFTY-I.NFO,14/02/2025,09:32:57,23120.9,23117.35,150,23120.85,225,525,17420250
NIFTY-I.NFO,14/02/2025,09:32:59,23120.85,23120.1,450,23121.4,2625,375,17420250
NIFTY-I.NFO,14/02/2025,09:33:01,23121.4,23120.1,375,23121.4,2475,225,17420250
NIFTY-I.NFO,14/02/2025,09:33:03,23120.1,23120.1,150,23121.35,225,300,17420250
NIFTY-I.NFO,14/02/2025,09:33:04,23120.8,23117.35,150,23120.8,225,1425,17420250
NIFTY-I.NFO,14/02/2025,09:33:06,23119.3,23115.95,75,23119.1,675,600,17420250
NIFTY-I.NFO,14/02/2025,09:33:08,23119,23115.35,75,23118.05,375,1200,17420250
NIFTY-I.NFO,14/02/2025,09:33:09,23115.3,23115,75,23118.95,300,4500,17420250
NIFTY-I.NFO,14/02/2025,09:33:11,23116.6,23113.65,750,23116.6,300,450,17420250
NIFTY-I.NFO,14/02/2025,09:33:13,23113.95,23114.1,525,23116.6,225,225,17420250
NIFTY-I.NFO,14/02/2025,09:33:14,23116,23116.15,375,23118.95,300,525,17420250
NIFTY-I.NFO,14/02/2025,09:33:16,23119.95,23117.4,450,23120,375,600,17420250
NIFTY-I.NFO,14/02/2025,09:33:18,23120,23118.75,150,23120.1,75,375,17420250
NIFTY-I.NFO,14/02/2025,09:33:19,23121,23120,75,23121,300,225,17420250
NIFTY-I.NFO,14/02/2025,09:33:21,23120.3,23120,675,23121.15,150,375,17420250
NIFTY-I.NFO,14/02/2025,09:33:23,23121.4,23121.25,150,23121.4,450,5625,17420250
NIFTY-I.NFO,14/02/2025,09:33:24,23121.25,23121.2,225,23121.4,450,450,17420250
NIFTY-I.NFO,14/02/2025,09:33:26,23121.4,23121.15,375,23121.4,2175,5775,17420250
NIFTY-I.NFO,14/02/2025,09:33:28,23121.4,23121.15,300,23121.4,2175,75,17420250
NIFTY-I.NFO,14/02/2025,09:33:29,23121,23121,300,23121.4,1875,675,17420250
NIFTY-I.NFO,14/02/2025,09:33:31,23121.4,23121,300,23121.4,1575,300,17420250
NIFTY-I.NFO,14/02/2025,09:33:33,23121.4,23121,375,23121.4,675,900,17496825
NIFTY-I.NFO,14/02/2025,09:33:34,23121.4,23121,300,23121.4,375,375,17496825
NIFTY-I.NFO,14/02/2025,09:33:36,23121.4,23121.05,75,23121.4,3750,375,17496825
NIFTY-I.NFO,14/02/2025,09:33:38,23121.4,23121.05,75,23121.4,3150,600,17496825
NIFTY-I.NFO,14/02/2025,09:33:39,23121.4,23121.1,75,23121.4,2700,450,17496825
NIFTY-I.NFO,14/02/2025,09:33:41,23121.4,23121.1,825,23121.4,1650,1050,17496825
NIFTY-I.NFO,14/02/2025,09:33:43,23121.1,23121,150,23121.15,75,7350,17496825
NIFTY-I.NFO,14/02/2025,09:33:44,23121.4,23121,150,23121.4,1125,1125,17496825
NIFTY-I.NFO,14/02/2025,09:33:46,23115.35,23115,225,23118.7,375,750,17496825
NIFTY-I.NFO,14/02/2025,09:33:48,23117.6,23115,225,23117.35,375,75,17496825
NIFTY-I.NFO,14/02/2025,09:33:49,23113,23110.05,75,23113,525,300,17496825
NIFTY-I.NFO,14/02/2025,09:33:51,23109.7,23109.7,75,23112.8,375,525,17496825
NIFTY-I.NFO,14/02/2025,09:33:53,23111.2,23109.7,75,23112.95,225,75,17496825
NIFTY-I.NFO,14/02/2025,09:33:54,23111.2,23110,150,23112.95,150,75,17496825
NIFTY-I.NFO,14/02/2025,09:33:56,23113,23112.45,150,23113,450,75,17496825
NIFTY-I.NFO,14/02/2025,09:33:58,23112.45,23112.5,150,23113,375,300,17496825
NIFTY-I.NFO,14/02/2025,09:33:59,23112.5,23112.5,225,23112.65,75,75,17496825
NIFTY-I.NFO,14/02/2025,09:34:01,23111.7,23110,75,23112.5,300,2100,17496825
NIFTY-I.NFO,14/02/2025,09:34:03,23109.15,23108.8,75,23112,675,900,17496825
NIFTY-I.NFO,14/02/2025,09:34:04,23109.55,23109.7,75,23112,675,675,17496825
NIFTY-I.NFO,14/02/2025,09:34:06,23108.05,23108.35,525,23111.7,75,150,17496825
NIFTY-I.NFO,14/02/2025,09:34:08,23111.65,23107.5,150,23111.65,150,375,17496825
NIFTY-I.NFO,14/02/2025,09:34:09,23111.4,23108.75,75,23111.4,375,225,17496825
NIFTY-I.NFO,14/02/2025,09:34:11,23110.6,23106.5,75,23110.5,450,300,17496825
NIFTY-I.NFO,14/02/2025,09:34:13,23109.15,23106.5,75,23109.05,375,75,17496825
NIFTY-I.NFO,14/02/2025,09:34:14,23110.8,23109.05,75,23110.7,375,225,17496825
NIFTY-I.NFO,14/02/2025,09:34:16,23109.5,23108.3,150,23110.9,450,525,17496825
NIFTY-I.NFO,14/02/2025,09:34:18,23108.3,23107.15,75,23108.45,375,225,17496825
NIFTY-I.NFO,14/02/2025,09:34:19,23108.3,23107.15,75,23108.1,75,0,17496825
NIFTY-I.NFO,14/02/2025,09:34:21,23108.45,23107.15,75,23108.65,300,150,17496825
NIFTY-I.NFO,14/02/2025,09:34:23,23107.35,23105.15,75,23106.45,225,225,17496825
NIFTY-I.NFO,14/02/2025,09:34:24,23105,23105,225,23107.8,300,225,17496825
NIFTY-I.NFO,14/02/2025,09:34:26,23105,23105,225,23107.35,150,0,17496825
NIFTY-I.NFO,14/02/2025,09:34:28,23107.35,23103.8,150,23108.45,75,750,17496825
NIFTY-I.NFO,14/02/2025,09:34:29,23107.25,23103.65,75,23107.3,150,75,17496825
NIFTY-I.NFO,14/02/2025,09:34:31,23105,23104,150,23105,75,150,17496825
NIFTY-I.NFO,14/02/2025,09:34:33,23107.25,23104,75,23107.3,75,225,17496825
NIFTY-I.NFO,14/02/2025,09:34:34,23105,23104,75,23108.4,300,2775,17496825
NIFTY-I.NFO,14/02/2025,09:34:36,23105,23104.1,450,23108.8,225,150,17496825
NIFTY-I.NFO,14/02/2025,09:34:38,23105,23107.35,75,23110.55,375,0,17496825
NIFTY-I.NFO,14/02/2025,09:34:39,23109.95,23107.95,75,23110,225,150,17496825
NIFTY-I.NFO,14/02/2025,09:34:41,23110,23107.35,300,23110,150,225,17496825
NIFTY-I.NFO,14/02/2025,09:34:43,23108.3,23108.45,300,23109.95,75,150,17496825
NIFTY-I.NFO,14/02/2025,09:34:44,23109.95,23109.5,525,23109.95,825,450,17496825
NIFTY-I.NFO,14/02/2025,09:34:46,23115.95,23112.25,300,23115.1,300,3075,17496825
NIFTY-I.NFO,14/02/2025,09:34:48,23113.3,23110,300,23113,150,450,17496825
NIFTY-I.NFO,14/02/2025,09:34:49,23110.3,23111.55,300,23113,150,75,17496825
NIFTY-I.NFO,14/02/2025,09:34:51,23119.15,23115.1,300,23116.6,75,1125,17496825
NIFTY-I.NFO,14/02/2025,09:34:53,23115.1,23113.3,225,23116.5,300,1275,17496825
NIFTY-I.NFO,14/02/2025,09:34:54,23115.1,23113.3,225,23114,525,0,17496825
NIFTY-I.NFO,14/02/2025,09:34:56,23113.3,23110.3,75,23113.35,525,975,17496825
NIFTY-I.NFO,14/02/2025,09:34:58,23108.3,23108,75,23110.2,225,300,17496825
NIFTY-I.NFO,14/02/2025,09:34:59,23108.3,23108,75,23111.4,225,0,17496825
NIFTY-I.NFO,14/02/2025,09:35:01,23108.3,23108,75,23109.1,225,0,17496825
NIFTY-I.NFO,14/02/2025,09:35:03,23107.5,23107.5,150,23108.3,75,150,17496825
NIFTY-I.NFO,14/02/2025,09:35:04,23109.9,23107.5,150,23109.8,525,300,17496825
NIFTY-I.NFO,14/02/2025,09:35:06,23109,23107.5,150,23110.25,525,150,17496825
NIFTY-I.NFO,14/02/2025,09:35:08,23107.9,23104,150,23107.85,300,975,17496825
NIFTY-I.NFO,14/02/2025,09:35:09,23103.1,23103.35,150,23107.85,225,1350,17496825
NIFTY-I.NFO,14/02/2025,09:35:11,23108,23104.25,75,23107.95,300,2100,17496825
NIFTY-I.NFO,14/02/2025,09:35:13,23106.05,23106,300,23107.85,675,150,17496825
NIFTY-I.NFO,14/02/2025,09:35:14,23105.15,23105.1,150,23107.85,675,1350,17496825
NIFTY-I.NFO,14/02/2025,09:35:16,23107.85,23106.85,75,23107.85,75,1350,17496825
NIFTY-I.NFO,14/02/2025,09:35:17,23107.85,23106.75,75,23108,675,3375,17496825
NIFTY-I.NFO,14/02/2025,09:35:19,23107.85,23104,75,23107,600,0,17496825
NIFTY-I.NFO,14/02/2025,09:35:21,23107,23106.05,75,23106.85,525,225,17496825
NIFTY-I.NFO,14/02/2025,09:35:23,23106.05,23104,150,23106.1,225,75,17496825
NIFTY-I.NFO,14/02/2025,09:35:24,23105.3,23104,150,23106.05,375,150,17496825
NIFTY-I.NFO,14/02/2025,09:35:26,23105.3,23104,150,23106.55,225,0,17496825
NIFTY-I.NFO,14/02/2025,09:35:28,23104,23103,75,23105.8,375,150,17496825
NIFTY-I.NFO,14/02/2025,09:35:29,23103,23102.35,75,23105.25,375,75,17496825
NIFTY-I.NFO,14/02/2025,09:35:31,23101.15,23101,300,23105.05,225,525,17496825
NIFTY-I.NFO,14/02/2025,09:35:33,23101,23101,300,23105.1,150,600,17496825
NIFTY-I.NFO,14/02/2025,09:35:34,23105.05,23101.9,300,23105.3,75,375,17496825
NIFTY-I.NFO,14/02/2025,09:35:36,23102.05,23102.75,225,23105.3,75,375,17496825
NIFTY-I.NFO,14/02/2025,09:35:38,23103.2,23104.15,225,23105.95,75,150,17496825
NIFTY-I.NFO,14/02/2025,09:35:39,23108.85,23103.1,225,23108.85,225,375,17496825
NIFTY-I.NFO,14/02/2025,09:35:41,23108.85,23104,75,23108.75,525,0,17496825
NIFTY-I.NFO,14/02/2025,09:35:43,23101.3,23101,150,23105.25,225,900,17496825
NIFTY-I.NFO,14/02/2025,09:35:44,23101.3,23102,150,23104.25,225,0,17496825
NIFTY-I.NFO,14/02/2025,09:35:46,23104.2,23102,1650,23104.2,75,375,17496825
NIFTY-I.NFO,14/02/2025,09:35:48,23106.3,23102,1650,23105.7,600,450,17496825
NIFTY-I.NFO,14/02/2025,09:35:49,23102,23102,1500,23104.15,300,150,17496825
NIFTY-I.NFO,14/02/2025,09:35:51,23098.9,23097.9,375,23100.15,300,6375,17496825
NIFTY-I.NFO,14/02/2025,09:35:53,23099.65,23097.9,225,23099.65,225,300,17496825
NIFTY-I.NFO,14/02/2025,09:35:54,23098.7,23097.9,150,23098.7,75,150,17496825
NIFTY-I.NFO,14/02/2025,09:35:56,23098,23097,75,23099.25,375,975,17496825
NIFTY-I.NFO,14/02/2025,09:35:58,23095.1,23095,2550,23095.85,300,1125,17496825
NIFTY-I.NFO,14/02/2025,09:35:58,23095.1,23095,2550,23095.85,300,0,17496825
NIFTY-I.NFO,14/02/2025,09:35:59,23094.9,23094.45,300,23099.35,75,3300,17496825
NIFTY-I.NFO,14/02/2025,09:35:59,23094,23094.45,300,23099.35,75,0,17496825
NIFTY-I.NFO,14/02/2025,09:36:01,23094.15,23094.15,300,23094.9,75,300,17496825
NIFTY-I.NFO,14/02/2025,09:36:03,23093.1,23093.15,300,23094,1350,675,17496825
NIFTY-I.NFO,14/02/2025,09:36:03,23093.1,23093.15,300,23094,1350,0,17496825
NIFTY-I.NFO,14/02/2025,09:36:04,23093.85,23093.6,75,23094.9,300,1650,17496825
NIFTY-I.NFO,14/02/2025,09:36:06,23094.35,23094.85,75,23094.9,150,300,17496825
NIFTY-I.NFO,14/02/2025,09:36:08,23095.1,23096.35,300,23097,75,825,17496825
NIFTY-I.NFO,14/02/2025,09:36:09,23099.95,23096.9,75,23099.95,75,450,17496825
NIFTY-I.NFO,14/02/2025,09:36:11,23099.95,23098.3,75,23099.95,75,0,17496825
NIFTY-I.NFO,14/02/2025,09:36:13,23100,23097.75,150,23099.95,300,2100,17496825
NIFTY-I.NFO,14/02/2025,09:36:14,23099.95,23097.15,150,23099.95,225,75,17496825
NIFTY-I.NFO,14/02/2025,09:36:16,23099.95,23097.05,75,23099.95,150,150,17496825
NIFTY-I.NFO,14/02/2025,09:36:18,23097.1,23097.1,75,23099.85,75,300,17496825
NIFTY-I.NFO,14/02/2025,09:36:19,23097.05,23096.85,300,23097.05,825,1125,17496825
NIFTY-I.NFO,14/02/2025,09:36:21,23096.9,23095.1,75,23097,300,300,17496825
NIFTY-I.NFO,14/02/2025,09:36:23,23095,23095,225,23097,75,375,17496825
NIFTY-I.NFO,14/02/2025,09:36:24,23095,23094.55,450,23096.9,75,225,17496825
NIFTY-I.NFO,14/02/2025,09:36:26,23094.6,23094.65,150,23096.9,225,975,17496825
NIFTY-I.NFO,14/02/2025,09:36:28,23096.85,23095.15,150,23096.85,225,300,17496825
NIFTY-I.NFO,14/02/2025,09:36:29,23098.2,23097.75,1050,23098.95,300,3750,17496825
NIFTY-I.NFO,14/02/2025,09:36:31,23103.05,23100.35,375,23103.05,150,5475,17496825
NIFTY-I.NFO,14/02/2025,09:36:33,23104.25,23102.7,75,23107.95,825,900,17496825
NIFTY-I.NFO,14/02/2025,09:36:34,23107.55,23103.55,75,23107.55,225,75,17538900
NIFTY-I.NFO,14/02/2025,09:36:36,23106,23106,525,23107.9,225,300,17538900
NIFTY-I.NFO,14/02/2025,09:36:38,23106,23106,375,23107.9,225,75,17538900
NIFTY-I.NFO,14/02/2025,09:36:39,23101,23100.8,75,23101,75,2100,17538900
NIFTY-I.NFO,14/02/2025,09:36:41,23107.85,23103.25,225,23107.85,75,525,17538900
NIFTY-I.NFO,14/02/2025,09:36:43,23106.95,23103.3,225,23107.65,600,1875,17538900
NIFTY-I.NFO,14/02/2025,09:36:44,23106,23106,75,23106.8,600,375,17538900
NIFTY-I.NFO,14/02/2025,09:36:46,23104.45,23099.3,300,23104.45,300,1800,17538900
NIFTY-I.NFO,14/02/2025,09:36:48,23104.45,23100.7,75,23105.95,375,0,17538900
NIFTY-I.NFO,14/02/2025,09:36:49,23106,23103.25,300,23107.9,75,375,17538900
NIFTY-I.NFO,14/02/2025,09:36:51,23103.9,23103.85,150,23107.85,300,1575,17538900
NIFTY-I.NFO,14/02/2025,09:36:53,23107,23104.1,75,23107.6,675,225,17538900
NIFTY-I.NFO,14/02/2025,09:36:54,23104.75,23105.55,75,23107.6,375,75,17538900
NIFTY-I.NFO,14/02/2025,09:36:56,23108,23108.25,75,23109.95,300,150,17538900
NIFTY-I.NFO,14/02/2025,09:36:58,23110,23107.95,150,23110,525,2250,17538900
NIFTY-I.NFO,14/02/2025,09:36:59,23108.55,23107.95,75,23109.95,300,150,17538900
NIFTY-I.NFO,14/02/2025,09:37:01,23110,23107.95,75,23109.95,300,150,17538900
NIFTY-I.NFO,14/02/2025,09:37:03,23110,23108.7,75,23110,300,750,17538900
NIFTY-I.NFO,14/02/2025,09:37:04,23109.05,23109.1,375,23110,375,300,17538900
NIFTY-I.NFO,14/02/2025,09:37:06,23110,23110.1,75,23112.75,300,375,17538900
NIFTY-I.NFO,14/02/2025,09:37:08,23110.15,23111.05,75,23112,75,225,17538900
NIFTY-I.NFO,14/02/2025,09:37:09,23113.5,23112.85,75,23114,150,300,17538900
NIFTY-I.NFO,14/02/2025,09:37:11,23115,23113.9,75,23115,1125,375,17538900
NIFTY-I.NFO,14/02/2025,09:37:13,23115,23114.6,75,23115,675,600,17538900
NIFTY-I.NFO,14/02/2025,09:37:14,23115,23114.4,75,23115,675,450,17538900
NIFTY-I.NFO,14/02/2025,09:37:16,23115,23114.55,75,23115,150,225,17538900
NIFTY-I.NFO,14/02/2025,09:37:18,23121.4,23118.2,75,23121.35,75,1575,17538900
NIFTY-I.NFO,14/02/2025,09:37:19,23121.35,23117.85,150,23121.35,300,750,17538900
NIFTY-I.NFO,14/02/2025,09:37:21,23121.4,23120,375,23121.4,750,300,17538900
NIFTY-I.NFO,14/02/2025,09:37:23,23120.6,23121.1,75,23121.4,450,525,17538900
NIFTY-I.NFO,14/02/2025,09:37:24,23121.4,23120.45,75,23121.4,225,300,17538900
NIFTY-I.NFO,14/02/2025,09:37:26,23121.4,23121.2,225,23121.4,75,8100,17538900
NIFTY-I.NFO,14/02/2025,09:37:28,23124.85,23121.4,225,23124.3,75,8325,17538900
NIFTY-I.NFO,14/02/2025,09:37:29,23124.95,23122.8,75,23125,1275,525,17538900
NIFTY-I.NFO,14/02/2025,09:37:31,23125,23122.9,75,23125,900,900,17538900
NIFTY-I.NFO,14/02/2025,09:37:33,23125,23124.3,150,23125,75,1575,17538900
NIFTY-I.NFO,14/02/2025,09:37:34,23123.6,23121.4,300,23123.6,300,300,17538900
NIFTY-I.NFO,14/02/2025,09:37:36,23124.8,23122.4,150,23124.8,300,900,17538900
NIFTY-I.NFO,14/02/2025,09:37:38,23119.3,23118.85,75,23123.7,300,2625,17538900
NIFTY-I.NFO,14/02/2025,09:37:39,23123.2,23119.25,225,23122.4,75,825,17538900
NIFTY-I.NFO,14/02/2025,09:37:41,23122.4,23122.55,75,23125,75,75,17538900
NIFTY-I.NFO,14/02/2025,09:37:43,23127.85,23126.65,600,23128,750,450,17538900
NIFTY-I.NFO,14/02/2025,09:37:44,23128,23125,600,23128,600,375,17538900
NIFTY-I.NFO,14/02/2025,09:37:46,23128,23126.55,375,23128,75,2175,17538900
NIFTY-I.NFO,14/02/2025,09:37:48,23129.45,23129.45,225,23135,75,1875,17538900
NIFTY-I.NFO,14/02/2025,09:37:49,23138.15,23136.3,375,23140,825,1050,17538900
NIFTY-I.NFO,14/02/2025,09:37:51,23143.85,23139.3,225,23145.05,75,2700,17538900
NIFTY-I.NFO,14/02/2025,09:37:53,23139.35,23135,150,23138.9,300,900,17538900
NIFTY-I.NFO,14/02/2025,09:37:54,23132.85,23132.75,450,23138.3,300,3675,17538900
NIFTY-I.NFO,14/02/2025,09:37:56,23133.7,23130,75,23132.6,150,2700,17538900
NIFTY-I.NFO,14/02/2025,09:37:58,23135.9,23132,75,23135.6,375,900,17538900
NIFTY-I.NFO,14/02/2025,09:37:59,23137.8,23133.7,75,23138.85,225,675,17538900
NIFTY-I.NFO,14/02/2025,09:38:01,23134.1,23130,150,23134.1,525,375,17538900
NIFTY-I.NFO,14/02/2025,09:38:03,23135,23134.5,450,23138,75,675,17538900
NIFTY-I.NFO,14/02/2025,09:38:04,23138,23136.5,75,23139.35,300,900,17538900
NIFTY-I.NFO,14/02/2025,09:38:06,23134.1,23134.05,375,23136.7,225,1875,17538900
NIFTY-I.NFO,14/02/2025,09:38:08,23138,23134.15,150,23139.9,225,150,17538900
NIFTY-I.NFO,14/02/2025,09:38:09,23135,23134.2,450,23138,75,1275,17538900
NIFTY-I.NFO,14/02/2025,09:38:11,23139.55,23135,375,23136.5,75,75,17538900
NIFTY-I.NFO,14/02/2025,09:38:13,23136.5,23135,75,23138.3,525,300,17538900
NIFTY-I.NFO,14/02/2025,09:38:14,23136.15,23134.35,150,23134.95,225,1125,17538900
NIFTY-I.NFO,14/02/2025,09:38:16,23139.95,23135.9,150,23138.95,225,1725,17538900
NIFTY-I.NFO,14/02/2025,09:38:18,23136,23131,75,23135.95,750,525,17538900
NIFTY-I.NFO,14/02/2025,09:38:19,23135.6,23131,75,23135.55,525,450,17538900
NIFTY-I.NFO,14/02/2025,09:38:21,23135.55,23131,75,23134.7,750,225,17538900
NIFTY-I.NFO,14/02/2025,09:38:23,23128,23127.3,150,23131,225,1050,17538900
NIFTY-I.NFO,14/02/2025,09:38:24,23131,23127.3,150,23130.95,300,75,17538900
NIFTY-I.NFO,14/02/2025,09:38:26,23130.95,23127.3,150,23131.2,750,75,17538900
NIFTY-I.NFO,14/02/2025,09:38:28,23130.1,23127.3,150,23130.95,225,150,17538900
NIFTY-I.NFO,14/02/2025,09:38:29,23126.45,23127.45,75,23130.95,75,1200,17538900
NIFTY-I.NFO,14/02/2025,09:38:31,23126.9,23126,75,23129.05,525,750,17538900
NIFTY-I.NFO,14/02/2025,09:38:33,23126,23125,225,23126,825,375,17538900
NIFTY-I.NFO,14/02/2025,09:38:34,23130,23126.4,150,23130,675,900,17538900
NIFTY-I.NFO,14/02/2025,09:38:36,23126.6,23126.45,150,23130,750,75,17538900
NIFTY-I.NFO,14/02/2025,09:38:38,23131,23131.1,450,23134.95,75,975,17538900
NIFTY-I.NFO,14/02/2025,09:38:39,23131.7,23132.4,300,23135,150,225,17538900
NIFTY-I.NFO,14/02/2025,09:38:41,23132.15,23131.05,300,23135,150,150,17538900
NIFTY-I.NFO,14/02/2025,09:38:43,23134.95,23132.15,600,23135,150,225,17538900
NIFTY-I.NFO,14/02/2025,09:38:44,23136,23132.65,75,23136.55,225,975,17538900
NIFTY-I.NFO,14/02/2025,09:38:46,23136.2,23132.15,75,23136.35,75,150,17538900
NIFTY-I.NFO,14/02/2025,09:38:48,23136.2,23132.15,75,23135.9,75,0,17538900
NIFTY-I.NFO,14/02/2025,09:38:49,23135,23134.15,150,23136,75,375,17538900
NIFTY-I.NFO,14/02/2025,09:38:51,23136,23135.9,75,23136.55,225,150,17538900
NIFTY-I.NFO,14/02/2025,09:38:53,23138,23136,150,23138,75,450,17538900
NIFTY-I.NFO,14/02/2025,09:38:54,23139.95,23136.55,75,23140,675,225,17538900
NIFTY-I.NFO,14/02/2025,09:38:56,23142.95,23139,75,23142.05,225,1125,17538900
NIFTY-I.NFO,14/02/2025,09:38:58,23143.35,23140,300,23143.35,225,2250,17538900
NIFTY-I.NFO,14/02/2025,09:38:59,23137.5,23138.35,150,23143.4,525,1875,17538900
NIFTY-I.NFO,14/02/2025,09:39:01,23144.55,23138.4,150,23144.2,225,225,17538900
NIFTY-I.NFO,14/02/2025,09:39:03,23144.35,23140,450,23144.6,75,150,17538900
NIFTY-I.NFO,14/02/2025,09:39:04,23144.6,23140.2,225,23144,75,75,17538900
NIFTY-I.NFO,14/02/2025,09:39:06,23139.15,23139.05,75,23144.1,450,3000,17538900
NIFTY-I.NFO,14/02/2025,09:39:08,23141.35,23141.75,75,23143.4,75,600,17538900
NIFTY-I.NFO,14/02/2025,09:39:09,23145,23141.2,150,23145,1575,1125,17538900
NIFTY-I.NFO,14/02/2025,09:39:11,23145,23141.4,150,23145,1275,375,17538900
NIFTY-I.NFO,14/02/2025,09:39:13,23144.95,23141.4,150,23145,1275,1050,17538900
NIFTY-I.NFO,14/02/2025,09:39:14,23145,23141.4,150,23144,75,375,17538900
NIFTY-I.NFO,14/02/2025,09:39:16,23143.95,23141.4,150,23143.45,300,75,17538900
NIFTY-I.NFO,14/02/2025,09:39:18,23139.15,23136.55,75,23139.15,375,1050,17538900
NIFTY-I.NFO,14/02/2025,09:39:19,23140.4,23136.55,75,23140.4,225,375,17538900
NIFTY-I.NFO,14/02/2025,09:39:21,23142.55,23139.35,150,23142.7,300,225,17538900
NIFTY-I.NFO,14/02/2025,09:39:23,23142.95,23141.4,75,23142.95,225,450,17538900
NIFTY-I.NFO,14/02/2025,09:39:24,23139.95,23139.1,375,23142,75,1425,17538900
NIFTY-I.NFO,14/02/2025,09:39:26,23143,23143,75,23143.9,75,450,17538900
NIFTY-I.NFO,14/02/2025,09:39:28,23143.9,23142.5,300,23143.4,225,300,17538900
NIFTY-I.NFO,14/02/2025,09:39:29,23142.5,23139.15,75,23144.25,225,975,17538900
NIFTY-I.NFO,14/02/2025,09:39:31,23145,23143.7,75,23145,225,1425,17538900
NIFTY-I.NFO,14/02/2025,09:39:33,23144.05,23145.05,375,23147,75,825,17538900
NIFTY-I.NFO,14/02/2025,09:39:34,23146,23145,75,23148,375,150,17545950
NIFTY-I.NFO,14/02/2025,09:39:36,23148.1,23148.05,225,23149.5,375,1425,17545950
NIFTY-I.NFO,14/02/2025,09:39:38,23148.9,23147,150,23148.9,75,975,17545950
NIFTY-I.NFO,14/02/2025,09:39:39,23148.95,23146,150,23148.95,225,450,17545950
NIFTY-I.NFO,14/02/2025,09:39:41,23148.15,23142,75,23146.7,225,3075,17545950
NIFTY-I.NFO,14/02/2025,09:39:43,23146.7,23142,75,23145.7,225,75,17545950
NIFTY-I.NFO,14/02/2025,09:39:44,23142,23141.1,75,23145.7,225,375,17545950
NIFTY-I.NFO,14/02/2025,09:39:46,23139,23138.9,450,23143.95,225,900,17545950
NIFTY-I.NFO,14/02/2025,09:39:48,23143.95,23141.4,75,23143.85,300,225,17545950
NIFTY-I.NFO,14/02/2025,09:39:49,23142,23137.9,225,23142,225,300,17545950
NIFTY-I.NFO,14/02/2025,09:39:51,23142,23137.9,225,23143.2,300,0,17545950
NIFTY-I.NFO,14/02/2025,09:39:53,23141.3,23140,75,23141.25,225,675,17545950
NIFTY-I.NFO,14/02/2025,09:39:54,23137.9,23136.55,75,23140,225,300,17545950
NIFTY-I.NFO,14/02/2025,09:39:56,23137.35,23136.55,75,23140.95,225,150,17545950
NIFTY-I.NFO,14/02/2025,09:39:58,23137.9,23137.45,150,23141.95,225,75,17545950
NIFTY-I.NFO,14/02/2025,09:39:59,23137.45,23137,75,23139.7,225,150,17545950
NIFTY-I.NFO,14/02/2025,09:40:01,23137.9,23137,75,23141.15,150,300,17545950
NIFTY-I.NFO,14/02/2025,09:40:03,23137,23136.55,75,23140.45,150,225,17545950
NIFTY-I.NFO,14/02/2025,09:40:04,23135,23135,150,23137.2,225,375,17545950
NIFTY-I.NFO,14/02/2025,09:40:06,23134,23132.4,750,23135,75,600,17545950
NIFTY-I.NFO,14/02/2025,09:40:08,23137.85,23134.35,450,23137.85,150,375,17545950
NIFTY-I.NFO,14/02/2025,09:40:09,23137.85,23133.7,450,23137.8,75,0,17545950
NIFTY-I.NFO,14/02/2025,09:40:11,23137.85,23135.25,600,23137.85,75,225,17545950
NIFTY-I.NFO,14/02/2025,09:40:13,23140,23132.8,900,23135,150,375,17545950
NIFTY-I.NFO,14/02/2025,09:40:14,23140,23134.8,900,23140,75,375,17545950
NIFTY-I.NFO,14/02/2025,09:40:16,23134.8,23135.35,825,23140.6,75,750,17545950
NIFTY-I.NFO,14/02/2025,09:40:18,23140.6,23135.15,450,23140.85,225,75,17545950
NIFTY-I.NFO,14/02/2025,09:40:19,23135.45,23136,150,23141.9,225,300,17545950
NIFTY-I.NFO,14/02/2025,09:40:21,23135.1,23135,75,23139.4,150,150,17545950
NIFTY-I.NFO,14/02/2025,09:40:23,23132.15,23131.7,75,23133.2,225,675,17545950
NIFTY-I.NFO,14/02/2025,09:40:24,23131.9,23130,1200,23132,225,2025,17545950
NIFTY-I.NFO,14/02/2025,09:40:26,23130.95,23125,75,23130.9,225,4725,17545950
NIFTY-I.NFO,14/02/2025,09:40:28,23130,23129.45,75,23130,600,1425,17545950
NIFTY-I.NFO,14/02/2025,09:40:29,23130,23129.45,75,23130,375,300,17545950
NIFTY-I.NFO,14/02/2025,09:40:31,23125.4,23125,225,23129,1500,375,17545950
NIFTY-I.NFO,14/02/2025,09:40:33,23129,23125.45,150,23129,900,600,17545950
NIFTY-I.NFO,14/02/2025,09:40:34,23129.8,23130.25,150,23137.15,225,1800,17545950
NIFTY-I.NFO,14/02/2025,09:40:36,23129.8,23128.3,150,23134.85,225,75,17545950
NIFTY-I.NFO,14/02/2025,09:40:38,23129,23127.65,375,23134.65,150,225,17545950
NIFTY-I.NFO,14/02/2025,09:40:39,23129,23130.3,300,23135,150,0,17545950
NIFTY-I.NFO,14/02/2025,09:40:41,23129.4,23130,675,23135,150,75,17545950
NIFTY-I.NFO,14/02/2025,09:40:43,23135,23131.4,750,23135,75,75,17545950
NIFTY-I.NFO,14/02/2025,09:40:44,23138,23132.35,150,23137.05,225,150,17545950
NIFTY-I.NFO,14/02/2025,09:40:46,23138,23134.35,150,23139.5,75,0,17545950
NIFTY-I.NFO,14/02/2025,09:40:48,23135,23134.4,450,23139.9,75,75,17545950
NIFTY-I.NFO,14/02/2025,09:40:49,23139.1,23132.25,525,23138.95,150,150,17545950
NIFTY-I.NFO,14/02/2025,09:40:51,23136.6,23130.55,450,23136.7,225,150,17545950
NIFTY-I.NFO,14/02/2025,09:40:53,23136.4,23132.65,750,23134.4,75,75,17545950
NIFTY-I.NFO,14/02/2025,09:40:54,23138,23132.65,150,23138.95,225,150,17545950
NIFTY-I.NFO,14/02/2025,09:40:56,23134.35,23134.4,75,23139.95,300,75,17545950
NIFTY-I.NFO,14/02/2025,09:40:58,23134.35,23134.95,750,23139.65,75,0,17545950
NIFTY-I.NFO,14/02/2025,09:40:59,23139.65,23135.4,150,23140,2250,75,17545950
NIFTY-I.NFO,14/02/2025,09:41:01,23137.1,23137.3,375,23140,2325,150,17545950
NIFTY-I.NFO,14/02/2025,09:41:03,23140,23138.1,75,23140,1275,1050,17545950
NIFTY-I.NFO,14/02/2025,09:41:04,23140,23137.6,75,23140.9,300,1275,17545950
NIFTY-I.NFO,14/02/2025,09:41:06,23140,23137.6,75,23140.35,300,0,17545950
NIFTY-I.NFO,14/02/2025,09:41:08,23133.8,23128.55,525,23135.1,300,300,17545950
NIFTY-I.NFO,14/02/2025,09:41:09,23133.8,23133.4,150,23137.8,300,0,17545950
NIFTY-I.NFO,14/02/2025,09:41:11,23133.8,23133.4,225,23137.2,300,0,17545950
NIFTY-I.NFO,14/02/2025,09:41:13,23133.8,23136.9,75,23139,75,0,17545950
NIFTY-I.NFO,14/02/2025,09:41:14,23141.95,23139,450,23141.05,600,225,17545950
NIFTY-I.NFO,14/02/2025,09:41:16,23140,23140,225,23140.45,300,300,17545950
NIFTY-I.NFO,14/02/2025,09:41:18,23140.45,23140,225,23140.5,300,1875,17545950
NIFTY-I.NFO,14/02/2025,09:41:19,23140.65,23136.9,150,23141.85,150,4125,17545950
NIFTY-I.NFO,14/02/2025,09:41:21,23145.05,23142,150,23144.05,375,4200,17545950
NIFTY-I.NFO,14/02/2025,09:41:23,23140,23140,150,23143.45,375,675,17545950
NIFTY-I.NFO,14/02/2025,09:41:24,23144.95,23140.65,150,23144.95,300,1800,17545950
NIFTY-I.NFO,14/02/2025,09:41:26,23140.65,23140.65,150,23144.55,300,225,17545950
NIFTY-I.NFO,14/02/2025,09:41:28,23143.3,23140.65,150,23143.1,375,75,17545950
NIFTY-I.NFO,14/02/2025,09:41:29,23143.3,23140.65,150,23142.7,300,0,17545950
NIFTY-I.NFO,14/02/2025,09:41:31,23140.65,23140,150,23140.55,300,225,17545950
NIFTY-I.NFO,14/02/2025,09:41:33,23138.35,23135,75,23138.95,300,300,17545950
NIFTY-I.NFO,14/02/2025,09:41:34,23138.35,23135,75,23138.1,300,0,17545950
NIFTY-I.NFO,14/02/2025,09:41:36,23132,23130,450,23134.35,150,375,17545950
NIFTY-I.NFO,14/02/2025,09:41:38,23134.25,23130,375,23134.1,375,75,17545950
NIFTY-I.NFO,14/02/2025,09:41:39,23134.25,23130,375,23132.85,300,0,17545950
NIFTY-I.NFO,14/02/2025,09:41:41,23134.25,23130.4,150,23136,300,0,17545950
NIFTY-I.NFO,14/02/2025,09:41:43,23134.25,23130,375,23134.4,300,150,17545950
NIFTY-I.NFO,14/02/2025,09:41:44,23130,23130,150,23134.55,375,225,17545950
NIFTY-I.NFO,14/02/2025,09:41:46,23133.25,23131.65,75,23132.6,300,75,17545950
NIFTY-I.NFO,14/02/2025,09:41:48,23133.25,23131.65,75,23135.05,300,0,17545950
NIFTY-I.NFO,14/02/2025,09:41:49,23133.25,23131.65,75,23134,150,0,17545950
NIFTY-I.NFO,14/02/2025,09:41:51,23130,23126.95,75,23130.95,225,375,17545950
NIFTY-I.NFO,14/02/2025,09:41:53,23130,23126.95,75,23128.7,225,225,17545950
NIFTY-I.NFO,14/02/2025,09:41:54,23126,23126,525,23127.15,225,150,17545950
NIFTY-I.NFO,14/02/2025,09:41:56,23128.7,23126,525,23127.1,225,150,17545950
NIFTY-I.NFO,14/02/2025,09:41:58,23126.85,23126,450,23126.65,75,150,17545950
NIFTY-I.NFO,14/02/2025,09:41:59,23123.35,23118.7,300,23124.9,525,3525,17545950
NIFTY-I.NFO,14/02/2025,09:42:01,23118.4,23118,900,23123.65,300,225,17545950
NIFTY-I.NFO,14/02/2025,09:42:03,23122.7,23118,675,23121.2,225,450,17545950
NIFTY-I.NFO,14/02/2025,09:42:04,23118,23118,450,23121.55,225,450,17545950
NIFTY-I.NFO,14/02/2025,09:42:06,23116.5,23117.45,150,23121.75,225,1350,17545950
NIFTY-I.NFO,14/02/2025,09:42:08,23116.1,23116.1,1125,23119.4,300,225,17545950
NIFTY-I.NFO,14/02/2025,09:42:09,23116.1,23116.1,975,23117.8,300,225,17545950
NIFTY-I.NFO,14/02/2025,09:42:11,23115,23112.45,150,23113,75,1350,17545950
NIFTY-I.NFO,14/02/2025,09:42:13,23111.9,23111.45,75,23113.25,300,525,17545950
NIFTY-I.NFO,14/02/2025,09:42:14,23111.1,23111.1,375,23112.45,75,150,17545950
NIFTY-I.NFO,14/02/2025,09:42:16,23112,23112.05,1050,23115,75,300,17545950
NIFTY-I.NFO,14/02/2025,09:42:18,23113.9,23114.8,300,23121.55,75,825,17545950
NIFTY-I.NFO,14/02/2025,09:42:19,23124.45,23118.6,150,23124.95,75,4275,17545950
NIFTY-I.NFO,14/02/2025,09:42:21,23122.4,23120.3,600,23126.8,450,12900,17545950
NIFTY-I.NFO,14/02/2025,09:42:23,23114.2,23115.6,1200,23119.8,75,75,17545950
NIFTY-I.NFO,14/02/2025,09:42:24,23119.8,23120.5,600,23126.2,300,975,17545950
NIFTY-I.NFO,14/02/2025,09:42:26,23122.4,23120.65,600,23126.75,225,225,17545950
NIFTY-I.NFO,14/02/2025,09:42:28,23122.4,23119.55,600,23125,1500,0,17545950
NIFTY-I.NFO,14/02/2025,09:42:29,23122.4,23119.95,600,23125,1500,0,17545950
NIFTY-I.NFO,14/02/2025,09:42:31,23125,23120.75,600,23125,1425,150,17545950
NIFTY-I.NFO,14/02/2025,09:42:33,23125,23122.2,600,23125,900,525,17545950
NIFTY-I.NFO,14/02/2025,09:42:34,23132.55,23126.4,150,23132,150,1200,17545950
NIFTY-I.NFO,14/02/2025,09:42:36,23132.55,23128,600,23134.35,75,0,17524800
NIFTY-I.NFO,14/02/2025,09:42:38,23132.55,23127.45,600,23134.25,75,0,17524800
NIFTY-I.NFO,14/02/2025,09:42:39,23126.65,23125.05,600,23132.6,150,75,17524800
NIFTY-I.NFO,14/02/2025,09:42:41,23132.2,23126.3,600,23132,300,75,17524800
NIFTY-I.NFO,14/02/2025,09:42:43,23132.2,23126.2,600,23131.95,75,0,17524800
NIFTY-I.NFO,14/02/2025,09:42:44,23132.2,23128.8,900,23132,300,0,17524800
NIFTY-I.NFO,14/02/2025,09:42:46,23132.2,23131.65,75,23132,300,0,17524800
NIFTY-I.NFO,14/02/2025,09:42:48,23132,23131.65,75,23132,225,75,17524800
NIFTY-I.NFO,14/02/2025,09:42:49,23132,23131.65,75,23132,225,0,17524800
NIFTY-I.NFO,14/02/2025,09:42:51,23131.65,23125.6,600,23131.95,150,225,17524800
NIFTY-I.NFO,14/02/2025,09:42:53,23130.95,23127.4,150,23131.95,75,150,17524800
NIFTY-I.NFO,14/02/2025,09:42:54,23130.95,23127.7,600,23131.65,75,0,17524800
NIFTY-I.NFO,14/02/2025,09:42:56,23132.2,23131.3,1050,23135,375,225,17524800
NIFTY-I.NFO,14/02/2025,09:42:58,23131.65,23128.1,150,23130,1500,75,17524800
NIFTY-I.NFO,14/02/2025,09:42:59,23130,23129.75,150,23130,825,675,17524800
NIFTY-I.NFO,14/02/2025,09:43:01,23130.25,23130.2,225,23136.05,75,1725,17524800
NIFTY-I.NFO,14/02/2025,09:43:03,23132.7,23130.2,75,23132.4,300,75,17524800
NIFTY-I.NFO,14/02/2025,09:43:04,23127.7,23125,225,23127.65,375,525,17524800
NIFTY-I.NFO,14/02/2025,09:43:06,23125,23125,75,23129.1,300,150,17524800
NIFTY-I.NFO,14/02/2025,09:43:08,23128.75,23125,150,23127.95,375,75,17524800
NIFTY-I.NFO,14/02/2025,09:43:09,23128.45,23125,150,23127.75,300,75,17524800
NIFTY-I.NFO,14/02/2025,09:43:11,23126,23122,525,23128.15,150,225,17524800
NIFTY-I.NFO,14/02/2025,09:43:13,23124.35,23123.3,375,23124.05,150,825,17524800
NIFTY-I.NFO,14/02/2025,09:43:14,23128,23124.45,75,23128,1425,225,17524800
NIFTY-I.NFO,14/02/2025,09:43:16,23128,23126.2,150,23128,1350,75,17524800
NIFTY-I.NFO,14/02/2025,09:43:17,23129.75,23126.85,1050,23132.6,150,1425,17524800
NIFTY-I.NFO,14/02/2025,09:43:19,23125.05,23125.05,900,23126.35,150,300,17524800
NIFTY-I.NFO,14/02/2025,09:43:21,23128,23125.45,600,23128,75,225,17524800
NIFTY-I.NFO,14/02/2025,09:43:22,23128,23125.65,75,23128,150,0,17524800
NIFTY-I.NFO,14/02/2025,09:43:24,23128,23128,300,23131.5,150,150,17524800
NIFTY-I.NFO,14/02/2025,09:43:26,23126.55,23126.65,375,23132,1050,1650,17524800
NIFTY-I.NFO,14/02/2025,09:43:27,23126.55,23125.55,675,23126.9,150,0,17524800
NIFTY-I.NFO,14/02/2025,09:43:29,23126.9,23126.55,150,23131.4,600,150,17524800
NIFTY-I.NFO,14/02/2025,09:43:31,23126.9,23126.55,150,23131.15,150,0,17524800
NIFTY-I.NFO,14/02/2025,09:43:32,23131.4,23126.55,150,23131.1,450,750,17524800
NIFTY-I.NFO,14/02/2025,09:43:34,23131.4,23126.55,150,23131.2,450,0,17524800
NIFTY-I.NFO,14/02/2025,09:43:36,23125,23125,675,23129.8,300,375,17524800
NIFTY-I.NFO,14/02/2025,09:43:37,23125,23125,675,23129.35,750,0,17524800
NIFTY-I.NFO,14/02/2025,09:43:39,23125,23125,600,23129.95,450,75,17524800
NIFTY-I.NFO,14/02/2025,09:43:41,23125,23125,675,23129.5,150,0,17524800
NIFTY-I.NFO,14/02/2025,09:43:42,23125,23125,600,23128,750,150,17524800
NIFTY-I.NFO,14/02/2025,09:43:44,23125,23125,675,23128,750,0,17524800
NIFTY-I.NFO,14/02/2025,09:43:46,23127.7,23125,675,23126.8,300,75,17524800
NIFTY-I.NFO,14/02/2025,09:43:47,23125,23125,600,23128,750,75,17524800
NIFTY-I.NFO,14/02/2025,09:43:49,23126,23125,525,23126,375,450,17524800
NIFTY-I.NFO,14/02/2025,09:43:51,23125,23124.1,600,23125,900,525,17524800
NIFTY-I.NFO,14/02/2025,09:43:53,23130,23125.4,1200,23131,75,4350,17524800
NIFTY-I.NFO,14/02/2025,09:43:54,23129.9,23128.6,75,23130.45,450,150,17524800
NIFTY-I.NFO,14/02/2025,09:43:56,23129.9,23124.35,1200,23130.6,300,150,17524800
NIFTY-I.NFO,14/02/2025,09:43:58,23124.4,23125,75,23129.6,450,75,17524800
NIFTY-I.NFO,14/02/2025,09:43:59,23129.65,23125,75,23130.9,675,150,17524800
NIFTY-I.NFO,14/02/2025,09:44:01,23129.65,23125,75,23130.35,375,0,17524800
NIFTY-I.NFO,14/02/2025,09:44:03,23129.65,23125,75,23127.05,375,0,17524800
NIFTY-I.NFO,14/02/2025,09:44:04,23128.8,23125,75,23127,300,2325,17524800
NIFTY-I.NFO,14/02/2025,09:44:06,23127.85,23125,75,23127.15,300,75,17524800
NIFTY-I.NFO,14/02/2025,09:44:08,23124,23122,150,23125.2,300,150,17524800
NIFTY-I.NFO,14/02/2025,09:44:09,23124,23122,150,23125.05,375,0,17524800
NIFTY-I.NFO,14/02/2025,09:44:11,23122,23120,675,23123.8,300,300,17524800
NIFTY-I.NFO,14/02/2025,09:44:13,23124.3,23120,750,23123.65,300,75,17524800
NIFTY-I.NFO,14/02/2025,09:44:14,23120,23120,750,23122.55,300,75,17524800
NIFTY-I.NFO,14/02/2025,09:44:16,23120,23120,750,23123.3,750,0,17524800
NIFTY-I.NFO,14/02/2025,09:44:18,23120,23117.45,75,23120,375,750,17524800
NIFTY-I.NFO,14/02/2025,09:44:19,23117.45,23117.45,75,23120,375,75,17524800
NIFTY-I.NFO,14/02/2025,09:44:21,23115.45,23115,150,23119.95,75,225,17524800
NIFTY-I.NFO,14/02/2025,09:44:23,23119.1,23117.45,150,23119.1,225,75,17524800
NIFTY-I.NFO,14/02/2025,09:44:24,23118.3,23115,75,23118.3,75,750,17524800
NIFTY-I.NFO,14/02/2025,09:44:26,23115,23113,75,23117.15,150,75,17524800
NIFTY-I.NFO,14/02/2025,09:44:28,23115,23113,75,23117.15,150,0,17524800
NIFTY-I.NFO,14/02/2025,09:44:29,23113,23112.45,75,23118.7,375,825,17524800
NIFTY-I.NFO,14/02/2025,09:44:31,23114.2,23115,75,23120,75,75,17524800
NIFTY-I.NFO,14/02/2025,09:44:33,23120,23115,75,23119.65,225,75,17524800
NIFTY-I.NFO,14/02/2025,09:44:34,23120,23115.9,600,23122.15,375,0,17524800
NIFTY-I.NFO,14/02/2025,09:44:36,23120,23115,225,23120.45,225,0,17524800
NIFTY-I.NFO,14/02/2025,09:44:38,23120.65,23115.1,150,23121.05,375,600,17524800
NIFTY-I.NFO,14/02/2025,09:44:39,23120.8,23115.05,600,23120.6,750,225,17524800
NIFTY-I.NFO,14/02/2025,09:44:41,23115.1,23115,300,23119.15,150,75,17524800
NIFTY-I.NFO,14/02/2025,09:44:43,23121.5,23115.05,600,23121.5,150,75,17524800
NIFTY-I.NFO,14/02/2025,09:44:44,23121.5,23116.55,600,23122.45,375,0,17524800
NIFTY-I.NFO,14/02/2025,09:44:46,23121.5,23116.35,600,23122.3,375,0,17524800
NIFTY-I.NFO,14/02/2025,09:44:48,23121.5,23121.35,75,23122,75,75,17524800
NIFTY-I.NFO,14/02/2025,09:44:49,23121.5,23121.35,75,23122,75,0,17524800
NIFTY-I.NFO,14/02/2025,09:44:53,23122,23122,75,23124.95,300,150,17524800
NIFTY-I.NFO,14/02/2025,09:44:54,23122,23122.3,150,23125,1500,75,17524800
NIFTY-I.NFO,14/02/2025,09:44:56,23115.2,23115.85,150,23121.85,225,300,17524800
NIFTY-I.NFO,14/02/2025,09:44:58,23115.2,23115.2,150,23121.1,450,0,17524800
NIFTY-I.NFO,14/02/2025,09:44:59,23120.95,23115,375,23119.25,300,300,17524800
NIFTY-I.NFO,14/02/2025,09:45:01,23119.1,23115,375,23119,300,450,17524800
NIFTY-I.NFO,14/02/2025,09:45:03,23115.05,23115,375,23119.8,300,150,17524800
NIFTY-I.NFO,14/02/2025,09:45:04,23120.75,23115,225,23119.6,300,225,17524800
NIFTY-I.NFO,14/02/2025,09:45:06,23119.95,23116,75,23119.95,300,1500,17524800
NIFTY-I.NFO,14/02/2025,09:45:08,23119.95,23116.05,75,23117.3,375,0,17524800
NIFTY-I.NFO,14/02/2025,09:45:09,23115,23114.2,75,23117.3,75,525,17524800
NIFTY-I.NFO,14/02/2025,09:45:11,23114.2,23113.65,150,23116.75,75,75,17524800
NIFTY-I.NFO,14/02/2025,09:45:13,23116,23113.65,150,23115.45,300,150,17524800
NIFTY-I.NFO,14/02/2025,09:45:14,23113,23111,300,23113.4,150,300,17524800
NIFTY-I.NFO,14/02/2025,09:45:16,23111,23111,225,23116.1,225,375,17524800
NIFTY-I.NFO,14/02/2025,09:45:18,23112.9,23111,150,23112.4,150,375,17524800
NIFTY-I.NFO,14/02/2025,09:45:19,23110,23106.7,150,23112.3,225,3225,17524800
NIFTY-I.NFO,14/02/2025,09:45:21,23110,23105.65,525,23111.55,225,0,17524800
NIFTY-I.NFO,14/02/2025,09:45:23,23105.6,23105,75,23105.95,75,225,17524800
NIFTY-I.NFO,14/02/2025,09:45:24,23100,23100,375,23103.15,225,3450,17524800
NIFTY-I.NFO,14/02/2025,09:45:26,23104.9,23101,75,23103.55,450,2025,17524800
NIFTY-I.NFO,14/02/2025,09:45:28,23099.45,23098,75,23102.5,75,1725,17524800
NIFTY-I.NFO,14/02/2025,09:45:29,23096.55,23097.55,600,23103.65,225,825,17524800
NIFTY-I.NFO,14/02/2025,09:45:31,23102.5,23102.5,75,23104.75,600,300,17524800
NIFTY-I.NFO,14/02/2025,09:45:33,23100.15,23100.85,525,23107.05,225,150,17524800
NIFTY-I.NFO,14/02/2025,09:45:34,23102.55,23102.65,600,23108.65,225,825,17524800
NIFTY-I.NFO,14/02/2025,09:45:36,23102.85,23104.05,900,23110.2,75,300,17531325
NIFTY-I.NFO,14/02/2025,09:45:38,23105.9,23107.2,900,23112.45,225,1875,17531325
NIFTY-I.NFO,14/02/2025,09:45:39,23113.2,23105.95,600,23111.9,225,150,17531325
NIFTY-I.NFO,14/02/2025,09:45:41,23107,23106.75,450,23112,225,150,17531325
NIFTY-I.NFO,14/02/2025,09:45:43,23112.35,23106.8,150,23112.85,300,1275,17531325
NIFTY-I.NFO,14/02/2025,09:45:44,23107.25,23107.3,150,23112,75,300,17531325
NIFTY-I.NFO,14/02/2025,09:45:46,23107,23107.5,600,23110,75,150,17531325
NIFTY-I.NFO,14/02/2025,09:45:48,23116,23112.7,600,23118.9,150,900,17531325
NIFTY-I.NFO,14/02/2025,09:45:49,23121.05,23115,600,23121.45,150,900,17531325
NIFTY-I.NFO,14/02/2025,09:45:51,23117.25,23118.6,75,23122,75,150,17531325
NIFTY-I.NFO,14/02/2025,09:45:53,23122,23120.2,75,23123.95,75,750,17531325
NIFTY-I.NFO,14/02/2025,09:45:54,23119.75,23120.35,75,23123.95,75,225,17531325
NIFTY-I.NFO,14/02/2025,09:45:56,23123.95,23118.55,75,23124,150,225,17531325
NIFTY-I.NFO,14/02/2025,09:45:58,23124.65,23119.75,75,23125,3150,75,17531325
NIFTY-I.NFO,14/02/2025,09:45:59,23125,23121.05,75,23125,1425,1800,17531325
NIFTY-I.NFO,14/02/2025,09:46:01,23121.95,23121.95,450,23125,75,2100,17531325
NIFTY-I.NFO,14/02/2025,09:46:03,23124.9,23120.05,75,23124.9,150,900,17531325
NIFTY-I.NFO,14/02/2025,09:46:04,23125,23121.15,675,23125,450,1050,17531325
NIFTY-I.NFO,14/02/2025,09:46:06,23125,23122,75,23125,375,750,17531325
NIFTY-I.NFO,14/02/2025,09:46:08,23125,23120.75,450,23125,225,300,17531325
NIFTY-I.NFO,14/02/2025,09:46:09,23120.75,23122,675,23125,225,450,17531325
NIFTY-I.NFO,14/02/2025,09:46:11,23125,23123.9,75,23125,900,1650,17531325
NIFTY-I.NFO,14/02/2025,09:46:13,23125,23125,75,23129.75,150,1125,17531325
NIFTY-I.NFO,14/02/2025,09:46:14,23125,23125,675,23129.2,600,300,17531325
NIFTY-I.NFO,14/02/2025,09:46:16,23125,23121.2,75,23123.7,75,675,17531325
NIFTY-I.NFO,14/02/2025,09:46:18,23125.65,23121.05,75,23125.65,600,525,17531325
NIFTY-I.NFO,14/02/2025,09:46:19,23115.55,23115.65,450,23122.45,750,2100,17531325
NIFTY-I.NFO,14/02/2025,09:46:21,23115.25,23115.25,975,23120.25,450,975,17531325
NIFTY-I.NFO,14/02/2025,09:46:23,23115.25,23115.25,900,23118.8,75,75,17531325
NIFTY-I.NFO,14/02/2025,09:46:24,23115.25,23115.25,750,23117.85,450,0,17531325
NIFTY-I.NFO,14/02/2025,09:46:26,23115.25,23115.25,750,23118.65,525,0,17531325
NIFTY-I.NFO,14/02/2025,09:46:28,23115.25,23115.25,750,23116.65,750,150,17531325
NIFTY-I.NFO,14/02/2025,09:46:29,23115,23112.6,75,23114.5,375,975,17531325
NIFTY-I.NFO,14/02/2025,09:46:31,23115.9,23112.6,75,23114.9,225,75,17531325
NIFTY-I.NFO,14/02/2025,09:46:33,23112.4,23110,75,23112.75,300,1125,17531325
NIFTY-I.NFO,14/02/2025,09:46:34,23111.7,23110,75,23111.4,75,450,17531325
NIFTY-I.NFO,14/02/2025,09:46:36,23114.85,23110,75,23115.6,375,375,17531325
NIFTY-I.NFO,14/02/2025,09:46:38,23110.5,23111,600,23117.9,75,75,17531325
NIFTY-I.NFO,14/02/2025,09:46:39,23110.5,23112.75,600,23119.15,225,0,17531325
NIFTY-I.NFO,14/02/2025,09:46:41,23119.85,23112.55,150,23119,375,1050,17531325
NIFTY-I.NFO,14/02/2025,09:46:43,23119.85,23113.85,75,23119.9,375,0,17531325
NIFTY-I.NFO,14/02/2025,09:46:44,23114.95,23114.4,600,23119.95,300,450,17531325
NIFTY-I.NFO,14/02/2025,09:46:46,23117.25,23115.6,75,23119.95,225,225,17531325
NIFTY-I.NFO,14/02/2025,09:46:48,23117.25,23115.15,75,23119.95,225,0,17531325
NIFTY-I.NFO,14/02/2025,09:46:49,23113.35,23111.5,75,23117.2,150,1500,17531325
NIFTY-I.NFO,14/02/2025,09:46:51,23117.05,23111.3,75,23117.6,600,75,17531325
NIFTY-I.NFO,14/02/2025,09:46:53,23118.05,23113.1,600,23119,75,75,17531325
NIFTY-I.NFO,14/02/2025,09:46:54,23118.05,23113.1,75,23117.95,225,0,17531325
NIFTY-I.NFO,14/02/2025,09:46:56,23118.05,23111.7,75,23116.35,150,0,17531325
NIFTY-I.NFO,14/02/2025,09:46:58,23115.5,23111,450,23116.75,75,75,17531325
NIFTY-I.NFO,14/02/2025,09:46:59,23114.95,23111.2,75,23117,450,225,17531325
NIFTY-I.NFO,14/02/2025,09:47:01,23117.2,23112,75,23115.9,375,150,17531325
NIFTY-I.NFO,14/02/2025,09:47:03,23117.2,23112,75,23114.55,300,0,17531325
NIFTY-I.NFO,14/02/2025,09:47:04,23114.45,23112,75,23113.95,75,75,17531325
NIFTY-I.NFO,14/02/2025,09:47:06,23115.5,23115.5,375,23116.15,75,375,17531325
NIFTY-I.NFO,14/02/2025,09:47:08,23115.5,23115.5,75,23115.95,375,300,17531325
NIFTY-I.NFO,14/02/2025,09:47:09,23115.5,23115.5,75,23117.25,450,0,17531325
NIFTY-I.NFO,14/02/2025,09:47:11,23115.5,23112,75,23114.45,75,75,17531325
NIFTY-I.NFO,14/02/2025,09:47:13,23115.5,23112,150,23113.95,75,0,17531325
NIFTY-I.NFO,14/02/2025,09:47:14,23113.95,23112,150,23114,150,75,17531325
NIFTY-I.NFO,14/02/2025,09:47:16,23113.95,23112,150,23113.8,75,0,17531325
NIFTY-I.NFO,14/02/2025,09:47:18,23114.2,23112,75,23114.2,150,450,17531325
NIFTY-I.NFO,14/02/2025,09:47:19,23111.2,23111,450,23114.45,75,225,17531325
NIFTY-I.NFO,14/02/2025,09:47:21,23111.2,23111,450,23114.45,150,0,17531325
NIFTY-I.NFO,14/02/2025,09:47:23,23112.65,23111,450,23112.75,75,300,17531325
NIFTY-I.NFO,14/02/2025,09:47:24,23112.95,23111,375,23112.75,450,225,17531325
NIFTY-I.NFO,14/02/2025,09:47:26,23111,23111,75,23115.1,300,675,17531325
NIFTY-I.NFO,14/02/2025,09:47:28,23117.85,23112.45,900,23118,225,150,17531325
NIFTY-I.NFO,14/02/2025,09:47:29,23114,23112.55,600,23117.95,150,75,17531325
NIFTY-I.NFO,14/02/2025,09:47:31,23114,23111.2,375,23116.25,75,0,17531325
NIFTY-I.NFO,14/02/2025,09:47:33,23114,23112,75,23115.8,75,0,17531325
NIFTY-I.NFO,14/02/2025,09:47:34,23116,23114,75,23116,975,75,17531325
NIFTY-I.NFO,14/02/2025,09:47:36,23116,23114,75,23115.3,375,0,17531325
NIFTY-I.NFO,14/02/2025,09:47:38,23116,23114,75,23115.65,75,0,17531325
NIFTY-I.NFO,14/02/2025,09:47:39,23113.05,23113.05,600,23115.65,75,150,17531325
NIFTY-I.NFO,14/02/2025,09:47:41,23113.05,23114.05,825,23115.65,75,0,17531325
NIFTY-I.NFO,14/02/2025,09:47:43,23113.05,23113.95,600,23115.6,75,0,17531325
NIFTY-I.NFO,14/02/2025,09:47:44,23113.05,23113,150,23114.8,75,75,17531325
NIFTY-I.NFO,14/02/2025,09:47:46,23117,23114.2,900,23118,75,1725,17531325
NIFTY-I.NFO,14/02/2025,09:47:48,23114.05,23114.65,900,23118,75,150,17531325
NIFTY-I.NFO,14/02/2025,09:47:49,23115.35,23115.05,525,23119,75,150,17531325
NIFTY-I.NFO,14/02/2025,09:47:51,23119,23115.35,825,23120,300,75,17531325
NIFTY-I.NFO,14/02/2025,09:47:53,23119,23115.45,525,23120,300,0,17531325
NIFTY-I.NFO,14/02/2025,09:47:54,23115.15,23115.15,450,23120,225,225,17531325
NIFTY-I.NFO,14/02/2025,09:47:56,23115.15,23115.1,225,23118.6,150,0,17531325
NIFTY-I.NFO,14/02/2025,09:47:58,23119.3,23115.1,225,23119.15,300,75,17531325
NIFTY-I.NFO,14/02/2025,09:47:59,23115.1,23115.1,150,23117.7,75,75,17531325
NIFTY-I.NFO,14/02/2025,09:48:01,23117.9,23115.1,150,23116.05,75,75,17531325
NIFTY-I.NFO,14/02/2025,09:48:03,23117.9,23115,525,23116.55,75,0,17531325
NIFTY-I.NFO,14/02/2025,09:48:04,23115.1,23115,600,23115.1,1425,150,17531325
NIFTY-I.NFO,14/02/2025,09:48:06,23120,23115.7,750,23120,150,1500,17531325
NIFTY-I.NFO,14/02/2025,09:48:08,23120.75,23116.4,75,23121.85,75,375,17531325
NIFTY-I.NFO,14/02/2025,09:48:09,23120.75,23115.85,300,23121.95,600,0,17531325
NIFTY-I.NFO,14/02/2025,09:48:11,23121.3,23115.2,300,23120,75,75,17531325
NIFTY-I.NFO,14/02/2025,09:48:13,23115.95,23115,600,23121,600,525,17531325
NIFTY-I.NFO,14/02/2025,09:48:14,23115,23115,450,23118.6,600,225,17531325
NIFTY-I.NFO,14/02/2025,09:48:16,23119.1,23117.45,75,23119.9,225,1275,17531325
NIFTY-I.NFO,14/02/2025,09:48:18,23119.1,23116.75,75,23117.1,600,0,17531325
NIFTY-I.NFO,14/02/2025,09:48:19,23115,23115,525,23116.3,225,150,17531325
NIFTY-I.NFO,14/02/2025,09:48:21,23115,23112,75,23115.6,75,525,17531325
NIFTY-I.NFO,14/02/2025,09:48:23,23115,23112,75,23115.5,75,0,17531325
NIFTY-I.NFO,14/02/2025,09:48:24,23115,23112,75,23113.65,75,0,17531325
NIFTY-I.NFO,14/02/2025,09:48:26,23115,23112,75,23115.7,75,0,17531325
NIFTY-I.NFO,14/02/2025,09:48:28,23111.2,23111.2,300,23115.25,75,300,17531325
NIFTY-I.NFO,14/02/2025,09:48:29,23114.35,23111.2,225,23112,75,150,17531325
NIFTY-I.NFO,14/02/2025,09:48:31,23112,23111.2,225,23115.05,1050,75,17531325
NIFTY-I.NFO,14/02/2025,09:48:33,23112.4,23111.2,225,23112.65,675,75,17531325
NIFTY-I.NFO,14/02/2025,09:48:34,23112.4,23111.2,225,23113,75,0,17531325
NIFTY-I.NFO,14/02/2025,09:48:36,23112.65,23111.2,225,23112.3,450,150,17544075
NIFTY-I.NFO,14/02/2025,09:48:38,23110.5,23110,225,23110.75,75,300,17544075
NIFTY-I.NFO,14/02/2025,09:48:39,23110,23110,225,23112.4,75,225,17544075
NIFTY-I.NFO,14/02/2025,09:48:41,23110,23110,150,23111,75,75,17544075
NIFTY-I.NFO,14/02/2025,09:48:43,23110,23108,375,23110,75,150,17544075
NIFTY-I.NFO,14/02/2025,09:48:44,23110,23110,75,23111,75,75,17544075
NIFTY-I.NFO,14/02/2025,09:48:46,23110,23110,75,23112.4,300,0,17544075
NIFTY-I.NFO,14/02/2025,09:48:48,23110,23108,375,23110.8,750,75,17544075
NIFTY-I.NFO,14/02/2025,09:48:49,23110,23108,375,23110,75,0,17544075
NIFTY-I.NFO,14/02/2025,09:48:51,23108,23108,300,23110,75,75,17544075
NIFTY-I.NFO,14/02/2025,09:48:53,23106,23105.85,75,23109.3,750,450,17544075
NIFTY-I.NFO,14/02/2025,09:48:54,23106,23105.05,75,23109.75,450,0,17544075
NIFTY-I.NFO,14/02/2025,09:48:56,23106,23105.05,75,23105.85,75,0,17544075
NIFTY-I.NFO,14/02/2025,09:48:58,23105,23105,150,23105.4,75,225,17544075
NIFTY-I.NFO,14/02/2025,09:48:59,23106.8,23105,75,23106.75,300,825,17544075
NIFTY-I.NFO,14/02/2025,09:49:01,23104.95,23104.4,600,23106.95,300,375,17544075
NIFTY-I.NFO,14/02/2025,09:49:03,23104.65,23104.85,825,23106.95,300,75,17544075
NIFTY-I.NFO,14/02/2025,09:49:04,23108.95,23106.35,600,23109,150,300,17544075
NIFTY-I.NFO,14/02/2025,09:49:06,23106.75,23106.75,675,23109.95,75,375,17544075
NIFTY-I.NFO,14/02/2025,09:49:08,23107.45,23105.6,600,23110,75,150,17544075
NIFTY-I.NFO,14/02/2025,09:49:09,23107.45,23106.85,600,23112.9,150,225,17544075
NIFTY-I.NFO,14/02/2025,09:49:11,23108.2,23110,150,23111.55,75,825,17544075
NIFTY-I.NFO,14/02/2025,09:49:13,23110,23107.85,600,23113.9,300,2025,17544075
NIFTY-I.NFO,14/02/2025,09:49:14,23110,23109,750,23114.5,300,0,17544075
NIFTY-I.NFO,14/02/2025,09:49:16,23111.25,23111.25,750,23114.9,225,225,17544075
NIFTY-I.NFO,14/02/2025,09:49:18,23111.65,23112.55,900,23114.9,225,75,17544075
NIFTY-I.NFO,14/02/2025,09:49:19,23114.9,23113.05,75,23115,75,75,17544075
NIFTY-I.NFO,14/02/2025,09:49:21,23113.05,23113.15,600,23115,75,75,17544075
NIFTY-I.NFO,14/02/2025,09:49:23,23118.3,23114,75,23118.1,750,450,17544075
NIFTY-I.NFO,14/02/2025,09:49:24,23114,23113.15,600,23118.6,300,75,17544075
NIFTY-I.NFO,14/02/2025,09:49:26,23115,23115,600,23118.9,300,75,17544075
NIFTY-I.NFO,14/02/2025,09:49:28,23115,23115,1275,23118.9,150,375,17544075
NIFTY-I.NFO,14/02/2025,09:49:29,23115,23115,1200,23116.1,450,225,17544075
NIFTY-I.NFO,14/02/2025,09:49:31,23115.5,23115,1125,23118.6,300,150,17544075
NIFTY-I.NFO,14/02/2025,09:49:33,23115.05,23115.05,600,23120,225,1200,17544075
NIFTY-I.NFO,14/02/2025,09:49:34,23115,23115,375,23119.4,300,375,17544075
NIFTY-I.NFO,14/02/2025,09:49:36,23115,23115,375,23117,75,0,17544075
NIFTY-I.NFO,14/02/2025,09:49:38,23117,23116.15,600,23120,75,75,17544075
NIFTY-I.NFO,14/02/2025,09:49:39,23120.4,23115,375,23120.8,600,600,17544075
NIFTY-I.NFO,14/02/2025,09:49:41,23120.4,23116.4,900,23120.8,75,0,17544075
NIFTY-I.NFO,14/02/2025,09:49:43,23117.05,23116.95,300,23122.5,900,375,17544075
NIFTY-I.NFO,14/02/2025,09:49:44,23117.05,23115.3,900,23120.95,750,0,17544075
