Ticker,Date,Time,LTP,BuyPrice,BuyQty,SellPrice,SellQty,LTQ,OpenInterest
BANKNIFTY-III.NFO,07/10/2024,09:15:12,52647.45,52716.7,60,52750,75,195,82800
BANKNIFTY-III.NFO,07/10/2024,09:15:12,52699.55,52716.7,60,52750,75,0,82800
BANKNIFTY-III.NFO,07/10/2024,09:15:12,52699.55,52716.7,60,52750,75,0,82800
BANKNIFTY-III.NFO,07/10/2024,09:15:12,52647.45,52716.7,60,52750,75,0,82800
BANKNIFTY-III.NFO,07/10/2024,09:15:25,52728.75,52728.75,45,52749.95,30,210,82800
BANKNIFTY-III.NFO,07/10/2024,09:15:25,52749.95,52728.75,45,52749.95,30,0,82800
BANKNIFTY-III.NFO,07/10/2024,09:15:38,52750,52744.5,15,52750,60,105,82800
BANKNIFTY-III.NFO,07/10/2024,09:15:38,52750,52744.5,15,52750,60,0,82800
BANKNIFTY-III.NFO,07/10/2024,09:15:51,52749.95,52734.65,75,52749.95,45,120,82800
BANKNIFTY-III.NFO,07/10/2024,09:16:03,52734.7,52730.15,30,52749.95,15,75,82800
BANKNIFTY-III.NFO,07/10/2024,09:16:16,52749,52730.15,15,52750,30,720,82800
BANKNIFTY-III.NFO,07/10/2024,09:16:16,52750.05,52730.15,15,52750,30,0,82800
BANKNIFTY-III.NFO,07/10/2024,09:16:28,52750.05,52724.45,30,52750,30,165,82800
BANKNIFTY-III.NFO,07/10/2024,09:16:40,52750,52735.6,45,52750,15,45,82800
BANKNIFTY-III.NFO,07/10/2024,09:16:53,52750,52742.5,45,52760,15,210,82800
BANKNIFTY-III.NFO,07/10/2024,09:16:53,52760,52742.5,45,52760,15,0,82800
BANKNIFTY-III.NFO,07/10/2024,09:17:05,52744.95,52723.55,15,52743.55,30,705,82800
BANKNIFTY-III.NFO,07/10/2024,09:17:16,52751.2,52731.55,30,52750.95,30,15,82800
BANKNIFTY-III.NFO,07/10/2024,09:17:27,52742.6,52719.6,30,52738.95,30,30,82800
BANKNIFTY-III.NFO,07/10/2024,09:17:38,52740,52720.25,30,52739.6,30,15,82800
BANKNIFTY-III.NFO,07/10/2024,09:17:50,52712.2,52712.15,15,52729.1,30,60,82800
BANKNIFTY-III.NFO,07/10/2024,09:18:03,52715,52714.05,45,52736.75,45,195,82800
BANKNIFTY-III.NFO,07/10/2024,09:18:07,52715,52716.45,75,52739.95,45,0,82800
BANKNIFTY-III.NFO,07/10/2024,09:18:08,52715,52716,30,52736.5,30,0,82800
BANKNIFTY-III.NFO,07/10/2024,09:18:10,52716,52702.75,30,52727.95,45,15,82800
BANKNIFTY-III.NFO,07/10/2024,09:18:12,52716,52701.4,30,52725.55,45,0,82800
BANKNIFTY-III.NFO,07/10/2024,09:18:13,52702.2,52702.3,15,52724.95,45,15,82230
BANKNIFTY-III.NFO,07/10/2024,09:18:15,52702.2,52704.5,15,52724.95,30,0,82230
BANKNIFTY-III.NFO,07/10/2024,09:18:17,52702.2,52709.75,30,52725,90,0,82230
BANKNIFTY-III.NFO,07/10/2024,09:18:19,52702.2,52710.9,15,52725,90,0,82230
BANKNIFTY-III.NFO,07/10/2024,09:18:20,52702.2,52711.15,15,52725,90,0,82230
BANKNIFTY-III.NFO,07/10/2024,09:18:22,52702.2,52711.45,15,52725,90,0,82230
BANKNIFTY-III.NFO,07/10/2024,09:18:24,52711.3,52711.2,30,52725,90,210,82230
BANKNIFTY-III.NFO,07/10/2024,09:18:25,52711.8,52711.9,45,52725,75,30,82230
BANKNIFTY-III.NFO,07/10/2024,09:18:27,52725,52712.4,15,52725,60,15,82230
BANKNIFTY-III.NFO,07/10/2024,09:18:29,52725,52713.35,30,52725,45,15,82230
BANKNIFTY-III.NFO,07/10/2024,09:18:30,52710.8,52710.95,15,52732.75,30,45,82230
BANKNIFTY-III.NFO,07/10/2024,09:18:32,52710.8,52711.25,15,52733.55,30,0,82230
BANKNIFTY-III.NFO,07/10/2024,09:18:34,52710.8,52711.4,15,52731.95,45,0,82230
BANKNIFTY-III.NFO,07/10/2024,09:18:35,52731.95,52711.9,30,52731.9,30,30,82230
BANKNIFTY-III.NFO,07/10/2024,09:18:37,52731.95,52708,30,52726.95,30,0,82230
BANKNIFTY-III.NFO,07/10/2024,09:18:39,52731.95,52702.25,60,52719.95,15,0,82230
BANKNIFTY-III.NFO,07/10/2024,09:18:40,52731.95,52701.85,45,52719.95,45,0,82230
BANKNIFTY-III.NFO,07/10/2024,09:18:42,52731.95,52701.85,45,52720,30,0,82230
BANKNIFTY-III.NFO,07/10/2024,09:18:44,52731.95,52705.15,45,52720,15,0,82230
BANKNIFTY-III.NFO,07/10/2024,09:18:45,52720,52707.2,45,52726.95,45,15,82230
BANKNIFTY-III.NFO,07/10/2024,09:18:47,52720,52707.4,30,52726.95,45,0,82230
BANKNIFTY-III.NFO,07/10/2024,09:18:49,52720,52706.45,45,52726.1,45,0,82230
BANKNIFTY-III.NFO,07/10/2024,09:18:50,52720,52707.05,45,52720,15,0,82230
BANKNIFTY-III.NFO,07/10/2024,09:18:52,52720,52702.75,45,52719.95,45,0,82230
BANKNIFTY-III.NFO,07/10/2024,09:18:54,52720,52702.05,60,52719.95,30,0,82230
BANKNIFTY-III.NFO,07/10/2024,09:18:55,52720,52702.45,30,52719.95,45,0,82230
BANKNIFTY-III.NFO,07/10/2024,09:18:57,52720,52702.75,45,52719.95,45,0,82230
BANKNIFTY-III.NFO,07/10/2024,09:18:59,52720,52701.8,15,52717.65,30,0,82230
BANKNIFTY-III.NFO,07/10/2024,09:19:00,52720,52701.6,15,52715.05,45,0,82230
BANKNIFTY-III.NFO,07/10/2024,09:19:02,52720,52701.6,15,52713.6,45,0,82230
BANKNIFTY-III.NFO,07/10/2024,09:19:03,52700,52696.05,15,52709.4,30,30,82230
BANKNIFTY-III.NFO,07/10/2024,09:19:05,52700,52681,15,52698.9,45,0,82230
BANKNIFTY-III.NFO,07/10/2024,09:19:07,52700,52674.1,15,52692.9,30,0,82230
BANKNIFTY-III.NFO,07/10/2024,09:19:08,52700,52675,15,52693.9,30,0,82230
BANKNIFTY-III.NFO,07/10/2024,09:19:10,52700,52675.25,45,52693.9,45,0,82230
BANKNIFTY-III.NFO,07/10/2024,09:19:11,52700,52675.3,15,52691,45,0,82230
BANKNIFTY-III.NFO,07/10/2024,09:19:13,52671.95,52671.95,15,52688.6,30,15,82230
BANKNIFTY-III.NFO,07/10/2024,09:19:15,52671.95,52656.05,30,52676.35,30,0,82230
BANKNIFTY-III.NFO,07/10/2024,09:19:16,52671.95,52656.2,30,52674.55,60,0,82230
BANKNIFTY-III.NFO,07/10/2024,09:19:18,52671.95,52656.8,15,52677.45,30,0,82230
BANKNIFTY-III.NFO,07/10/2024,09:19:20,52650,52650.75,30,52673.95,30,15,82230
BANKNIFTY-III.NFO,07/10/2024,09:19:21,52650,52650.8,30,52673.35,45,0,82230
BANKNIFTY-III.NFO,07/10/2024,09:19:23,52650,52651.7,30,52674.85,30,0,82230
BANKNIFTY-III.NFO,07/10/2024,09:19:25,52650,52651.95,15,52675.8,30,0,82230
BANKNIFTY-III.NFO,07/10/2024,09:19:26,52650,52649.5,30,52670.15,30,0,82230
BANKNIFTY-III.NFO,07/10/2024,09:19:28,52650,52635.45,30,52656.2,30,0,82230
BANKNIFTY-III.NFO,07/10/2024,09:19:30,52635.45,52631.7,30,52652.25,45,15,82230
BANKNIFTY-III.NFO,07/10/2024,09:19:30,52635.45,52631.7,30,52652.25,45,0,82230
BANKNIFTY-III.NFO,07/10/2024,09:19:31,52635.45,52636.5,30,52661.85,30,0,82230
BANKNIFTY-III.NFO,07/10/2024,09:19:33,52635.45,52631.75,45,52654.45,30,0,82230
BANKNIFTY-III.NFO,07/10/2024,09:19:35,52635.45,52624.95,30,52647.85,45,0,82230
BANKNIFTY-III.NFO,07/10/2024,09:19:36,52635.45,52617.55,15,52634.95,45,0,82230
BANKNIFTY-III.NFO,07/10/2024,09:19:38,52635.45,52606.15,30,52628.65,45,0,82230
BANKNIFTY-III.NFO,07/10/2024,09:19:41,52635.45,52620.55,45,52635,30,0,82230
BANKNIFTY-III.NFO,07/10/2024,09:19:43,52635.45,52618.95,30,52635,30,0,82230
BANKNIFTY-III.NFO,07/10/2024,09:19:45,52619.05,52615.85,45,52635,30,30,82230
BANKNIFTY-III.NFO,07/10/2024,09:19:45,52619.05,52615.85,45,52635,30,0,82230
BANKNIFTY-III.NFO,07/10/2024,09:19:46,52635,52621.35,45,52635,15,15,82230
BANKNIFTY-III.NFO,07/10/2024,09:19:48,52635,52623.9,15,52646.95,45,15,82230
BANKNIFTY-III.NFO,07/10/2024,09:19:50,52635,52626.2,45,52646.5,30,0,82230
BANKNIFTY-III.NFO,07/10/2024,09:19:51,52650,52628.05,45,52656.15,30,15,82230
BANKNIFTY-III.NFO,07/10/2024,09:19:53,52650,52631.3,15,52657.1,30,0,82230
BANKNIFTY-III.NFO,07/10/2024,09:19:55,52650,52629.1,15,52649.75,45,0,82230
BANKNIFTY-III.NFO,07/10/2024,09:19:56,52650,52630.2,30,52659.75,30,0,82230
BANKNIFTY-III.NFO,07/10/2024,09:19:58,52650,52634.75,30,52662.4,30,0,82230
BANKNIFTY-III.NFO,07/10/2024,09:20:00,52650,52637.95,30,52676.55,30,0,82230
BANKNIFTY-III.NFO,07/10/2024,09:20:01,52650,52647.4,15,52675.65,30,0,82230
BANKNIFTY-III.NFO,07/10/2024,09:20:03,52650,52635.95,30,52670.4,30,0,82230
BANKNIFTY-III.NFO,07/10/2024,09:20:05,52650,52639.3,30,52664.35,30,0,82230
BANKNIFTY-III.NFO,07/10/2024,09:20:06,52650,52630.8,15,52650.55,30,0,82230
BANKNIFTY-III.NFO,07/10/2024,09:20:08,52676.55,52630.5,30,52680.45,30,1500,82230
BANKNIFTY-III.NFO,07/10/2024,09:20:09,52676.55,52633.3,30,52699.55,30,0,82230
BANKNIFTY-III.NFO,07/10/2024,09:20:11,52676.55,52634.7,30,52698.95,30,0,82230
BANKNIFTY-III.NFO,07/10/2024,09:20:13,52676.55,52629.1,30,52698.45,30,0,82230
BANKNIFTY-III.NFO,07/10/2024,09:20:14,52676.55,52633,30,52697.95,30,0,82230
BANKNIFTY-III.NFO,07/10/2024,09:20:16,52676.55,52629.05,30,52682.05,30,0,82230
BANKNIFTY-III.NFO,07/10/2024,09:20:18,52676.55,52631,30,52681.55,30,0,82230
BANKNIFTY-III.NFO,07/10/2024,09:20:19,52676.55,52629.7,30,52680.95,30,0,82230
BANKNIFTY-III.NFO,07/10/2024,09:20:21,52676.55,52633.6,30,52680.45,30,0,82230
BANKNIFTY-III.NFO,07/10/2024,09:20:23,52676.55,52631.45,30,52679.85,30,0,82230
BANKNIFTY-III.NFO,07/10/2024,09:20:24,52676.55,52631.45,30,52679.35,30,0,82230
BANKNIFTY-III.NFO,07/10/2024,09:20:26,52631.45,52631.25,30,52678.75,60,30,82230
BANKNIFTY-III.NFO,07/10/2024,09:20:28,52631.45,52633.7,30,52678.35,30,0,82230
BANKNIFTY-III.NFO,07/10/2024,09:20:29,52631.45,52632.7,30,52677.85,30,0,82230
BANKNIFTY-III.NFO,07/10/2024,09:20:31,52631.45,52629.2,30,52650,15,0,82230
BANKNIFTY-III.NFO,07/10/2024,09:20:33,52650,52635.6,30,52677.3,30,15,82230
BANKNIFTY-III.NFO,07/10/2024,09:20:35,52650,52640.65,30,52650,15,0,82230
BANKNIFTY-III.NFO,07/10/2024,09:20:36,52650,52647.75,30,52689.15,30,15,82230
BANKNIFTY-III.NFO,07/10/2024,09:20:38,52650,52651.85,30,52688.75,30,0,82230
BANKNIFTY-III.NFO,07/10/2024,09:20:40,52654.95,52655.45,15,52688.35,30,15,82230
BANKNIFTY-III.NFO,07/10/2024,09:20:41,52654.95,52652.15,15,52687.85,30,0,82230
BANKNIFTY-III.NFO,07/10/2024,09:20:43,52654.95,52649.25,15,52687.45,60,0,82230
BANKNIFTY-III.NFO,07/10/2024,09:20:45,52654.95,52652.85,15,52687.05,60,0,82230
BANKNIFTY-III.NFO,07/10/2024,09:20:46,52654.95,52650.35,15,52686.55,30,0,82230
BANKNIFTY-III.NFO,07/10/2024,09:20:48,52654.95,52641.75,15,52686.05,60,0,82230
BANKNIFTY-III.NFO,07/10/2024,09:20:50,52654.95,52643.45,15,52685.55,60,0,82230
BANKNIFTY-III.NFO,07/10/2024,09:20:51,52654.95,52654,15,52684.95,60,0,82230
BANKNIFTY-III.NFO,07/10/2024,09:20:53,52654.95,52654,15,52684.25,60,0,82230
BANKNIFTY-III.NFO,07/10/2024,09:20:55,52654.95,52654,15,52682.15,60,15,82230
BANKNIFTY-III.NFO,07/10/2024,09:20:56,52654.95,52654.05,30,52681.65,30,15,82230
BANKNIFTY-III.NFO,07/10/2024,09:20:58,52654.95,52654.05,15,52680.95,60,0,82230
BANKNIFTY-III.NFO,07/10/2024,09:21:00,52654.95,52654,15,52680.45,60,0,82230
BANKNIFTY-III.NFO,07/10/2024,09:21:01,52654.95,52654,15,52679.95,60,0,82230
BANKNIFTY-III.NFO,07/10/2024,09:21:03,52654.95,52654,15,52679.45,60,0,82230
BANKNIFTY-III.NFO,07/10/2024,09:21:05,52654.95,52655.05,15,52679.05,30,0,82230
BANKNIFTY-III.NFO,07/10/2024,09:21:06,52654.95,52655,30,52678.55,60,0,82230
BANKNIFTY-III.NFO,07/10/2024,09:21:08,52655,52654.7,15,52678.05,60,30,82230
BANKNIFTY-III.NFO,07/10/2024,09:21:10,52655,52654.7,15,52680.35,60,0,82230
BANKNIFTY-III.NFO,07/10/2024,09:21:12,52655,52654.7,15,52679.95,30,0,82230
BANKNIFTY-III.NFO,07/10/2024,09:21:13,52655,52654.75,15,52679.65,30,0,82230
BANKNIFTY-III.NFO,07/10/2024,09:21:15,52655,52659.65,15,52679.7,15,0,82230
BANKNIFTY-III.NFO,07/10/2024,09:21:17,52655,52660.85,15,52695.1,60,0,82230
BANKNIFTY-III.NFO,07/10/2024,09:21:18,52655,52660.85,15,52694.4,60,0,82230
BANKNIFTY-III.NFO,07/10/2024,09:21:20,52655,52665.65,15,52693.9,30,0,82230
BANKNIFTY-III.NFO,07/10/2024,09:21:22,52655,52669.75,15,52699.75,30,0,82230
BANKNIFTY-III.NFO,07/10/2024,09:21:23,52655,52669.05,15,52699.75,30,0,82230
BANKNIFTY-III.NFO,07/10/2024,09:21:25,52673.3,52669.1,30,52700,15,30,83505
BANKNIFTY-III.NFO,07/10/2024,09:21:27,52700,52670.6,30,52719.95,30,15,83505
BANKNIFTY-III.NFO,07/10/2024,09:21:28,52700,52670.7,30,52719.95,60,0,83505
BANKNIFTY-III.NFO,07/10/2024,09:21:30,52700,52670.7,30,52719.55,60,0,83505
BANKNIFTY-III.NFO,07/10/2024,09:21:31,52700,52670.7,30,52719.15,60,0,83505
BANKNIFTY-III.NFO,07/10/2024,09:21:33,52700,52669.4,30,52719.95,60,0,83505
BANKNIFTY-III.NFO,07/10/2024,09:21:35,52700,52700,30,52719.95,30,0,83505
BANKNIFTY-III.NFO,07/10/2024,09:21:36,52689.25,52672.2,30,52719.95,60,45,83505
BANKNIFTY-III.NFO,07/10/2024,09:21:38,52700,52671.5,30,52719.95,30,30,83505
BANKNIFTY-III.NFO,07/10/2024,09:21:40,52700,52676,30,52720,15,0,83505
BANKNIFTY-III.NFO,07/10/2024,09:21:41,52700,52679.8,30,52700,15,0,83505
BANKNIFTY-III.NFO,07/10/2024,09:21:43,52700,52682.6,30,52720,15,15,83505
BANKNIFTY-III.NFO,07/10/2024,09:21:45,52700,52686.8,30,52720,15,0,83505
BANKNIFTY-III.NFO,07/10/2024,09:21:46,52720,52694.75,30,52739.95,30,15,83505
BANKNIFTY-III.NFO,07/10/2024,09:21:48,52739.95,52695.5,15,52739.9,60,15,83505
BANKNIFTY-III.NFO,07/10/2024,09:21:49,52739.95,52699.3,15,52739.9,60,0,83505
BANKNIFTY-III.NFO,07/10/2024,09:21:51,52739.95,52697.35,15,52739.95,30,0,83505
BANKNIFTY-III.NFO,07/10/2024,09:21:53,52739.95,52704.55,15,52739.95,60,0,83505
BANKNIFTY-III.NFO,07/10/2024,09:21:54,52739.95,52710.9,15,52740,15,0,83505
BANKNIFTY-III.NFO,07/10/2024,09:21:56,52739.95,52709.05,15,52740,15,0,83505
BANKNIFTY-III.NFO,07/10/2024,09:21:58,52739.95,52707.35,30,52739.9,60,15,83505
BANKNIFTY-III.NFO,07/10/2024,09:21:59,52739.95,52700.8,30,52739.9,60,0,83505
BANKNIFTY-III.NFO,07/10/2024,09:22:01,52739.95,52705.05,30,52739.95,30,0,83505
BANKNIFTY-III.NFO,07/10/2024,09:22:03,52739.95,52705,30,52740,15,30,83505
BANKNIFTY-III.NFO,07/10/2024,09:22:04,52739.95,52706.3,30,52740,15,0,83505
BANKNIFTY-III.NFO,07/10/2024,09:22:06,52739.95,52713.05,30,52740,15,0,83505
BANKNIFTY-III.NFO,07/10/2024,09:22:08,52739.95,52715.05,30,52740,15,0,83505
BANKNIFTY-III.NFO,07/10/2024,09:22:09,52739.95,52717.15,30,52740,15,0,83505
BANKNIFTY-III.NFO,07/10/2024,09:22:11,52739.95,52721.35,45,52740,15,0,83505
BANKNIFTY-III.NFO,07/10/2024,09:22:13,52739.95,52721.35,30,52740,15,0,83505
BANKNIFTY-III.NFO,07/10/2024,09:22:14,52739.95,52712.4,30,52731.65,30,0,83505
BANKNIFTY-III.NFO,07/10/2024,09:22:16,52709.15,52706.5,30,52731.6,30,30,83505
BANKNIFTY-III.NFO,07/10/2024,09:22:18,52709.15,52699.15,30,52731.6,60,0,83505
BANKNIFTY-III.NFO,07/10/2024,09:22:19,52709.15,52699.65,30,52731.6,60,0,83505
BANKNIFTY-III.NFO,07/10/2024,09:22:21,52709.15,52691.45,30,52731.6,60,0,83505
BANKNIFTY-III.NFO,07/10/2024,09:22:23,52709.15,52690.3,30,52731.55,60,0,83505
BANKNIFTY-III.NFO,07/10/2024,09:22:24,52709.15,52691.4,30,52731.55,60,0,83505
BANKNIFTY-III.NFO,07/10/2024,09:22:26,52709.15,52690,30,52731.55,60,0,83505
BANKNIFTY-III.NFO,07/10/2024,09:22:28,52709.15,52690,30,52731.35,60,0,83505
BANKNIFTY-III.NFO,07/10/2024,09:22:33,52709.15,52690,30,52730.85,60,0,83505
BANKNIFTY-III.NFO,07/10/2024,09:22:34,52709.15,52690,30,52730.15,60,0,83505
BANKNIFTY-III.NFO,07/10/2024,09:22:36,52709.15,52690,30,52729.65,60,0,83505
BANKNIFTY-III.NFO,07/10/2024,09:22:38,52709.15,52689.95,15,52729.05,60,0,83505
BANKNIFTY-III.NFO,07/10/2024,09:22:40,52709.15,52709.15,15,52724.6,30,0,83505
BANKNIFTY-III.NFO,07/10/2024,09:22:41,52709.15,52709.15,15,52719.1,30,0,83505
BANKNIFTY-III.NFO,07/10/2024,09:22:43,52709.15,52698.4,15,52721.9,30,15,83505
BANKNIFTY-III.NFO,07/10/2024,09:22:45,52721.9,52709.15,30,52729.35,45,15,83505
BANKNIFTY-III.NFO,07/10/2024,09:22:46,52721.9,52709.15,15,52724.45,15,0,83505
BANKNIFTY-III.NFO,07/10/2024,09:22:48,52721.9,52709.15,30,52729.15,15,0,83505
BANKNIFTY-III.NFO,07/10/2024,09:22:50,52721.9,52709.15,30,52731.6,15,0,83505
BANKNIFTY-III.NFO,07/10/2024,09:22:51,52721.9,52709.15,30,52731.2,15,0,83505
BANKNIFTY-III.NFO,07/10/2024,09:22:53,52721.9,52709.15,30,52729.6,15,0,83505
BANKNIFTY-III.NFO,07/10/2024,09:22:55,52721.9,52709.15,15,52727.2,15,0,83505
BANKNIFTY-III.NFO,07/10/2024,09:22:56,52721.9,52709.15,15,52710.95,15,0,83505
BANKNIFTY-III.NFO,07/10/2024,09:22:58,52721.9,52692.75,30,52710.95,15,0,83505
BANKNIFTY-III.NFO,07/10/2024,09:23:03,52721.9,52688.3,30,52710.95,45,0,83505
BANKNIFTY-III.NFO,07/10/2024,09:23:05,52721.9,52687.25,15,52710.65,45,0,83505
BANKNIFTY-III.NFO,07/10/2024,09:23:06,52721.9,52687.3,30,52710.05,45,0,83505
BANKNIFTY-III.NFO,07/10/2024,09:23:08,52721.9,52681.4,30,52708.65,45,0,83505
BANKNIFTY-III.NFO,07/10/2024,09:23:10,52721.9,52681.4,30,52707.75,45,0,83505
BANKNIFTY-III.NFO,07/10/2024,09:23:11,52721.9,52692,15,52707.05,45,0,83505
BANKNIFTY-III.NFO,07/10/2024,09:23:13,52721.9,52692,15,52706.1,15,0,83505
BANKNIFTY-III.NFO,07/10/2024,09:23:15,52721.9,52692,15,52704.1,15,0,83505
BANKNIFTY-III.NFO,07/10/2024,09:23:16,52701.9,52674.25,30,52701.7,45,30,83505
BANKNIFTY-III.NFO,07/10/2024,09:23:18,52701.9,52670.15,30,52700.95,45,0,83505
BANKNIFTY-III.NFO,07/10/2024,09:23:20,52701.9,52670.15,30,52700.65,45,0,83505
BANKNIFTY-III.NFO,07/10/2024,09:23:21,52670.15,52670.15,30,52700.15,45,15,83505
BANKNIFTY-III.NFO,07/10/2024,09:23:23,52668.5,52656.3,15,52699.7,60,105,83505
BANKNIFTY-III.NFO,07/10/2024,09:23:25,52668.5,52653.25,15,52699.2,30,0,83505
BANKNIFTY-III.NFO,07/10/2024,09:23:26,52668.5,52651.95,15,52683.8,15,0,83505
BANKNIFTY-III.NFO,07/10/2024,09:23:28,52668.5,52649.8,15,52685.9,30,0,83505
BANKNIFTY-III.NFO,07/10/2024,09:23:30,52650.45,52650.6,15,52683.5,45,15,83505
BANKNIFTY-III.NFO,07/10/2024,09:23:31,52683.5,52646.4,15,52688.9,60,15,83505
BANKNIFTY-III.NFO,07/10/2024,09:23:33,52683.5,52647.3,15,52680.1,60,0,83505
BANKNIFTY-III.NFO,07/10/2024,09:23:35,52683.5,52638.7,15,52675.3,60,0,83505
BANKNIFTY-III.NFO,07/10/2024,09:23:36,52683.5,52636.95,15,52671,60,0,83505
BANKNIFTY-III.NFO,07/10/2024,09:23:38,52683.5,52637,30,52675.25,30,0,83505
BANKNIFTY-III.NFO,07/10/2024,09:23:40,52683.5,52651,30,52670.35,15,0,83505
BANKNIFTY-III.NFO,07/10/2024,09:23:41,52683.5,52651.05,30,52676.15,30,0,83505
BANKNIFTY-III.NFO,07/10/2024,09:23:43,52683.5,52651.05,30,52683.5,30,0,83505
BANKNIFTY-III.NFO,07/10/2024,09:23:45,52681.8,52651.05,30,52680.4,15,15,83505
BANKNIFTY-III.NFO,07/10/2024,09:23:46,52681.8,52651.05,30,52685.4,15,0,83505
BANKNIFTY-III.NFO,07/10/2024,09:23:48,52681.8,52656.25,30,52701.75,30,0,83505
BANKNIFTY-III.NFO,07/10/2024,09:23:50,52681.8,52666.8,15,52692.2,15,0,83505
BANKNIFTY-III.NFO,07/10/2024,09:23:51,52681.8,52667.5,15,52690.6,15,0,83505
BANKNIFTY-III.NFO,07/10/2024,09:23:53,52681.8,52667.75,30,52698.5,15,0,83505
BANKNIFTY-III.NFO,07/10/2024,09:23:55,52681.8,52673.3,15,52698.95,15,0,83505
BANKNIFTY-III.NFO,07/10/2024,09:23:56,52681.8,52674.55,15,52705.1,30,0,83505
BANKNIFTY-III.NFO,07/10/2024,09:23:58,52681.8,52677.55,15,52709.35,30,0,83505
BANKNIFTY-III.NFO,07/10/2024,09:24:00,52681.8,52677.75,15,52709.35,30,0,83505
BANKNIFTY-III.NFO,07/10/2024,09:24:01,52681.8,52679.85,15,52709.95,30,0,83505
BANKNIFTY-III.NFO,07/10/2024,09:24:03,52681.8,52689.3,15,52710,45,0,83505
BANKNIFTY-III.NFO,07/10/2024,09:24:05,52681.8,52689.3,15,52709.95,30,0,83505
BANKNIFTY-III.NFO,07/10/2024,09:24:09,52689.3,52687.85,15,52709.55,30,15,83505
BANKNIFTY-III.NFO,07/10/2024,09:24:10,52710,52687.85,15,52709.95,30,15,83505
BANKNIFTY-III.NFO,07/10/2024,09:24:12,52710,52687.85,15,52709.95,30,0,83505
BANKNIFTY-III.NFO,07/10/2024,09:24:17,52710,52684.95,15,52706.35,30,0,83505
BANKNIFTY-III.NFO,07/10/2024,09:24:18,52710,52683.7,15,52704.25,30,0,83505
BANKNIFTY-III.NFO,07/10/2024,09:24:20,52710,52681.8,45,52699.85,30,0,83505
BANKNIFTY-III.NFO,07/10/2024,09:24:22,52710,52681.8,45,52702.4,30,0,83505
BANKNIFTY-III.NFO,07/10/2024,09:24:25,52710,52682.75,30,52709.95,30,0,83505
BANKNIFTY-III.NFO,07/10/2024,09:24:27,52709.95,52688.2,15,52709.95,30,15,83655
BANKNIFTY-III.NFO,07/10/2024,09:24:28,52709.95,52688.2,30,52709.95,30,15,83655
BANKNIFTY-III.NFO,07/10/2024,09:24:30,52709.95,52688.2,30,52709.95,30,0,83655
BANKNIFTY-III.NFO,07/10/2024,09:24:35,52709.95,52688.15,15,52707.45,30,0,83655
BANKNIFTY-III.NFO,07/10/2024,09:24:37,52709.95,52681.85,30,52701.5,30,0,83655
BANKNIFTY-III.NFO,07/10/2024,09:24:38,52709.95,52681.85,30,52701.85,30,0,83655
BANKNIFTY-III.NFO,07/10/2024,09:24:40,52709.95,52681.85,30,52700,30,0,83655
BANKNIFTY-III.NFO,07/10/2024,09:24:42,52709.95,52681.8,15,52693.95,30,0,83655
BANKNIFTY-III.NFO,07/10/2024,09:24:43,52709.95,52681.8,15,52693.3,30,0,83655
BANKNIFTY-III.NFO,07/10/2024,09:24:45,52709.95,52681.8,15,52694.55,30,0,83655
BANKNIFTY-III.NFO,07/10/2024,09:24:47,52709.95,52681.8,30,52697.45,30,0,83655
BANKNIFTY-III.NFO,07/10/2024,09:24:48,52709.95,52681.85,30,52701.1,30,0,83655
BANKNIFTY-III.NFO,07/10/2024,09:24:50,52709.95,52681.85,30,52700.8,30,0,83655
BANKNIFTY-III.NFO,07/10/2024,09:24:52,52696.85,52681.8,15,52695.55,15,15,83655
BANKNIFTY-III.NFO,07/10/2024,09:24:53,52696.85,52681.85,30,52697.15,15,0,83655
BANKNIFTY-III.NFO,07/10/2024,09:24:55,52696.85,52681.8,15,52691.85,15,0,83655
BANKNIFTY-III.NFO,07/10/2024,09:24:57,52696.85,52681.85,45,52699.95,15,0,83655
BANKNIFTY-III.NFO,07/10/2024,09:24:58,52699.95,52681.9,30,52698.35,15,15,83655
BANKNIFTY-III.NFO,07/10/2024,09:25:00,52699.95,52686.7,30,52700,15,0,83655
BANKNIFTY-III.NFO,07/10/2024,09:25:02,52699.95,52690.8,30,52700,15,0,83655
BANKNIFTY-III.NFO,07/10/2024,09:25:03,52699.95,52689.4,30,52700,15,0,83655
BANKNIFTY-III.NFO,07/10/2024,09:25:05,52699.95,52693.5,45,52700,15,0,83655
BANKNIFTY-III.NFO,07/10/2024,09:25:07,52700,52697.55,30,52710,30,15,83655
BANKNIFTY-III.NFO,07/10/2024,09:25:09,52700,52701.45,30,52710,30,0,83655
BANKNIFTY-III.NFO,07/10/2024,09:25:12,52700,52699.05,45,52710,30,0,83655
BANKNIFTY-III.NFO,07/10/2024,09:25:14,52700,52701.15,45,52710,30,0,83655
BANKNIFTY-III.NFO,07/10/2024,09:25:15,52700,52701.5,30,52710,30,0,83655
BANKNIFTY-III.NFO,07/10/2024,09:25:17,52700,52699.05,45,52710,30,0,83655
BANKNIFTY-III.NFO,07/10/2024,09:25:22,52700.6,52700.6,30,52710,15,30,83655
BANKNIFTY-III.NFO,07/10/2024,09:25:24,52700.6,52699,15,52710,15,0,83655
BANKNIFTY-III.NFO,07/10/2024,09:25:25,52700.6,52699,15,52708.85,15,0,83655
BANKNIFTY-III.NFO,07/10/2024,09:25:27,52700.6,52699,15,52702.6,15,0,83655
BANKNIFTY-III.NFO,07/10/2024,09:25:29,52699,52687,15,52709.9,45,15,83655
BANKNIFTY-III.NFO,07/10/2024,09:25:30,52699,52687,15,52709.9,45,0,83655
BANKNIFTY-III.NFO,07/10/2024,09:25:34,52699,52688.5,15,52709.9,45,0,83655
BANKNIFTY-III.NFO,07/10/2024,09:25:35,52699,52692.1,15,52709.95,15,0,83655
BANKNIFTY-III.NFO,07/10/2024,09:25:37,52699,52692.1,15,52709.95,45,0,83655
BANKNIFTY-III.NFO,07/10/2024,09:25:39,52699,52683.3,15,52706.35,45,0,83655
BANKNIFTY-III.NFO,07/10/2024,09:25:40,52699,52681,30,52703.85,45,0,83655
BANKNIFTY-III.NFO,07/10/2024,09:25:42,52699,52681,30,52698.45,45,0,83655
BANKNIFTY-III.NFO,07/10/2024,09:25:44,52699,52681,15,52696.35,45,0,83655
BANKNIFTY-III.NFO,07/10/2024,09:25:45,52699,52681,15,52693.45,15,0,83655
BANKNIFTY-III.NFO,07/10/2024,09:25:47,52681,52664.2,15,52688.5,45,15,83655
BANKNIFTY-III.NFO,07/10/2024,09:25:49,52681,52661,30,52673.95,15,0,83655
BANKNIFTY-III.NFO,07/10/2024,09:25:50,52681,52661.1,30,52682.7,15,0,83655
BANKNIFTY-III.NFO,07/10/2024,09:25:52,52681,52661,30,52679.4,45,0,83655
BANKNIFTY-III.NFO,07/10/2024,09:25:54,52681,52661,30,52677.8,45,0,83655
BANKNIFTY-III.NFO,07/10/2024,09:25:55,52681,52661,15,52671.85,15,0,83655
BANKNIFTY-III.NFO,07/10/2024,09:25:57,52681,52661,15,52675.6,15,0,83655
BANKNIFTY-III.NFO,07/10/2024,09:25:59,52681,52661,15,52672.1,15,0,83655
BANKNIFTY-III.NFO,07/10/2024,09:26:02,52681,52661,15,52670.25,15,0,83655
BANKNIFTY-III.NFO,07/10/2024,09:26:04,52681,52664.05,45,52678.55,15,0,83655
BANKNIFTY-III.NFO,07/10/2024,09:26:05,52681,52664,15,52676.45,15,0,83655
BANKNIFTY-III.NFO,07/10/2024,09:26:07,52681,52664,15,52673.75,15,0,83655
BANKNIFTY-III.NFO,07/10/2024,09:26:07,52681,52664,15,52673.7,15,0,83655
BANKNIFTY-III.NFO,07/10/2024,09:26:11,52681,52664,15,52672.75,15,0,83655
BANKNIFTY-III.NFO,07/10/2024,09:26:12,52664,52652.35,75,52670.1,15,15,83655
BANKNIFTY-III.NFO,07/10/2024,09:26:14,52664,52657,30,52681.45,15,0,83655
BANKNIFTY-III.NFO,07/10/2024,09:26:17,52664,52662.9,30,52679.8,15,0,83655
BANKNIFTY-III.NFO,07/10/2024,09:26:19,52664,52670.5,30,52694.35,15,0,83655
BANKNIFTY-III.NFO,07/10/2024,09:26:21,52664,52673.6,30,52693.75,45,0,83655
BANKNIFTY-III.NFO,07/10/2024,09:26:22,52693.65,52673.85,15,52695.9,45,15,83655
BANKNIFTY-III.NFO,07/10/2024,09:26:24,52693.65,52671.3,30,52688.95,60,0,83655
BANKNIFTY-III.NFO,07/10/2024,09:26:26,52694.35,52677.95,15,52693.3,30,90,83655
BANKNIFTY-III.NFO,07/10/2024,09:26:27,52694.35,52681.5,75,52698.05,30,0,83655
BANKNIFTY-III.NFO,07/10/2024,09:26:29,52694.75,52674.8,45,52690.8,30,60,83655
BANKNIFTY-III.NFO,07/10/2024,09:26:31,52694.75,52672.2,45,52686.75,30,0,83655
BANKNIFTY-III.NFO,07/10/2024,09:26:32,52694.75,52668.8,30,52679.95,30,0,83655
BANKNIFTY-III.NFO,07/10/2024,09:26:34,52694.75,52665.2,30,52676.35,30,0,83655
BANKNIFTY-III.NFO,07/10/2024,09:26:36,52694.75,52661.45,30,52674.8,30,0,83655
BANKNIFTY-III.NFO,07/10/2024,09:26:37,52694.75,52666.45,30,52678.15,30,0,83655
BANKNIFTY-III.NFO,07/10/2024,09:26:39,52694.75,52657.9,45,52675.65,30,0,83655
BANKNIFTY-III.NFO,07/10/2024,09:26:41,52694.75,52663.7,30,52674.05,30,0,83655
BANKNIFTY-III.NFO,07/10/2024,09:26:42,52659.45,52657.35,30,52671.6,30,30,83655
BANKNIFTY-III.NFO,07/10/2024,09:26:44,52659.45,52647.65,30,52656.9,30,0,83655
BANKNIFTY-III.NFO,07/10/2024,09:26:46,52659.45,52649.75,45,52663.6,30,0,83655
BANKNIFTY-III.NFO,07/10/2024,09:26:47,52659.45,52645.25,45,52659.75,30,0,83655
BANKNIFTY-III.NFO,07/10/2024,09:26:49,52659.75,52640.45,30,52651.4,15,15,83655
BANKNIFTY-III.NFO,07/10/2024,09:26:51,52659.75,52635,30,52642.15,15,0,83655
BANKNIFTY-III.NFO,07/10/2024,09:26:52,52659.75,52637.95,45,52648.75,15,0,83655
BANKNIFTY-III.NFO,07/10/2024,09:26:54,52659.75,52644.85,30,52652.45,75,0,83655
BANKNIFTY-III.NFO,07/10/2024,09:26:56,52659.75,52640.15,30,52652.45,75,0,83655
BANKNIFTY-III.NFO,07/10/2024,09:26:57,52659.75,52645.75,45,52652.45,75,0,83655
BANKNIFTY-III.NFO,07/10/2024,09:26:59,52659.75,52647.7,30,52652.45,75,0,83655
BANKNIFTY-III.NFO,07/10/2024,09:27:01,52652.45,52658.3,45,52674.65,15,75,83655
BANKNIFTY-III.NFO,07/10/2024,09:27:02,52652.45,52658.6,30,52673.55,15,0,83655
BANKNIFTY-III.NFO,07/10/2024,09:27:04,52652.75,52652.75,15,52672.35,30,15,83655
BANKNIFTY-III.NFO,07/10/2024,09:27:06,52652.75,52660.25,30,52671.9,15,0,83655
BANKNIFTY-III.NFO,07/10/2024,09:27:07,52652.75,52659.7,75,52671.65,15,0,83655
BANKNIFTY-III.NFO,07/10/2024,09:27:09,52652.75,52660.35,30,52671.6,15,0,83655
BANKNIFTY-III.NFO,07/10/2024,09:27:10,52652.75,52660.6,15,52671.6,15,0,83655
BANKNIFTY-III.NFO,07/10/2024,09:27:12,52652.75,52655.75,30,52671.55,15,0,83655
BANKNIFTY-III.NFO,07/10/2024,09:27:14,52652.75,52656.45,45,52671.25,15,0,83655
BANKNIFTY-III.NFO,07/10/2024,09:27:15,52652.75,52662.05,30,52670.7,15,0,83655
BANKNIFTY-III.NFO,07/10/2024,09:27:17,52652.75,52658.6,45,52670.7,15,0,83655
BANKNIFTY-III.NFO,07/10/2024,09:27:19,52652.75,52653.15,30,52670.35,15,0,83655
BANKNIFTY-III.NFO,07/10/2024,09:27:20,52652.75,52651.15,30,52666.15,15,0,83655
BANKNIFTY-III.NFO,07/10/2024,09:27:22,52652.75,52649.55,45,52666.15,15,0,83655
BANKNIFTY-III.NFO,07/10/2024,09:27:24,52652.75,52656.4,30,52666,15,0,83655
BANKNIFTY-III.NFO,07/10/2024,09:27:25,52652.75,52653.85,45,52666,15,0,83655
BANKNIFTY-III.NFO,07/10/2024,09:27:27,52661.55,52659.4,30,52669.9,15,15,83655
BANKNIFTY-III.NFO,07/10/2024,09:27:29,52661.55,52665.4,75,52679.5,15,0,83820
BANKNIFTY-III.NFO,07/10/2024,09:27:30,52661.55,52672.2,30,52687,15,0,83820
BANKNIFTY-III.NFO,07/10/2024,09:27:32,52674.6,52677.5,45,52686.5,15,15,83820
BANKNIFTY-III.NFO,07/10/2024,09:27:34,52674.6,52676.75,60,52691.65,15,0,83820
BANKNIFTY-III.NFO,07/10/2024,09:27:35,52674.6,52671.5,45,52689.1,30,0,83820
BANKNIFTY-III.NFO,07/10/2024,09:27:37,52674.6,52675.65,45,52688.85,15,0,83820
BANKNIFTY-III.NFO,07/10/2024,09:27:39,52674.6,52671.05,30,52687.8,30,0,83820
BANKNIFTY-III.NFO,07/10/2024,09:27:40,52674.6,52668,30,52684.4,30,0,83820
BANKNIFTY-III.NFO,07/10/2024,09:27:42,52674.6,52668.2,45,52683.25,30,0,83820
BANKNIFTY-III.NFO,07/10/2024,09:27:44,52662.05,52659.7,75,52675.55,30,15,83820
BANKNIFTY-III.NFO,07/10/2024,09:27:45,52662.05,52652.4,45,52667.7,30,0,83820
BANKNIFTY-III.NFO,07/10/2024,09:27:47,52655.15,52653.35,30,52667.65,45,15,83820
BANKNIFTY-III.NFO,07/10/2024,09:27:49,52655.15,52657.8,15,52662.05,15,0,83820
BANKNIFTY-III.NFO,07/10/2024,09:27:50,52662.05,52660.1,15,52688.5,30,15,83820
BANKNIFTY-III.NFO,07/10/2024,09:27:52,52662.05,52668.6,15,52685.7,30,0,83820
BANKNIFTY-III.NFO,07/10/2024,09:27:54,52662.05,52672.7,15,52686.15,15,0,83820
BANKNIFTY-III.NFO,07/10/2024,09:27:55,52662.05,52671.35,30,52688.4,45,0,83820
BANKNIFTY-III.NFO,07/10/2024,09:27:57,52671.85,52668.35,45,52686.15,30,15,83820
BANKNIFTY-III.NFO,07/10/2024,09:27:59,52671.85,52665.2,45,52684.2,30,0,83820
BANKNIFTY-III.NFO,07/10/2024,09:28:00,52671.85,52665.2,45,52683.95,15,0,83820
BANKNIFTY-III.NFO,07/10/2024,09:28:02,52671.85,52665.2,45,52687.3,30,0,83820
BANKNIFTY-III.NFO,07/10/2024,09:28:04,52671.85,52665.2,45,52687.1,30,0,83820
BANKNIFTY-III.NFO,07/10/2024,09:28:05,52671.85,52665.2,45,52684.05,30,0,83820
BANKNIFTY-III.NFO,07/10/2024,09:28:07,52671.85,52665.2,45,52681.2,15,0,83820
BANKNIFTY-III.NFO,07/10/2024,09:28:09,52680.15,52666.25,30,52680.5,30,15,83820
BANKNIFTY-III.NFO,07/10/2024,09:28:10,52664.75,52662.1,45,52679.35,30,15,83820
BANKNIFTY-III.NFO,07/10/2024,09:28:12,52664.75,52662.1,45,52679.2,15,0,83820
BANKNIFTY-III.NFO,07/10/2024,09:28:14,52664.75,52662.1,45,52679.05,15,0,83820
BANKNIFTY-III.NFO,07/10/2024,09:28:15,52664.75,52662.1,45,52678.05,30,0,83820
BANKNIFTY-III.NFO,07/10/2024,09:28:17,52664.75,52662.1,45,52678,15,0,83820
BANKNIFTY-III.NFO,07/10/2024,09:28:20,52664.75,52662.1,45,52687.35,30,0,83820
BANKNIFTY-III.NFO,07/10/2024,09:28:22,52664.75,52667,30,52687.95,75,0,83820
BANKNIFTY-III.NFO,07/10/2024,09:28:25,52687.9,52670.95,15,52687.9,30,15,83820
BANKNIFTY-III.NFO,07/10/2024,09:28:27,52687.9,52667.35,45,52683.1,30,0,83820
BANKNIFTY-III.NFO,07/10/2024,09:28:29,52687.9,52667.35,60,52682.9,30,0,83820
BANKNIFTY-III.NFO,07/10/2024,09:28:30,52687.9,52670.65,15,52685.7,15,0,83820
BANKNIFTY-III.NFO,07/10/2024,09:28:32,52687.9,52671.15,15,52685.7,15,0,83820
BANKNIFTY-III.NFO,07/10/2024,09:28:34,52687.9,52676.6,15,52685.7,15,0,83820
BANKNIFTY-III.NFO,07/10/2024,09:28:35,52687.9,52674.75,15,52685.7,15,0,83820
BANKNIFTY-III.NFO,07/10/2024,09:28:37,52687.9,52671.1,30,52685.7,15,0,83820
BANKNIFTY-III.NFO,07/10/2024,09:28:39,52687.9,52676.7,60,52685.7,15,0,83820
BANKNIFTY-III.NFO,07/10/2024,09:28:40,52687.9,52676.1,15,52694.4,30,0,83820
BANKNIFTY-III.NFO,07/10/2024,09:28:42,52687.9,52681.7,15,52700,30,15,83820
BANKNIFTY-III.NFO,07/10/2024,09:28:44,52687.9,52683.25,15,52700,30,0,83820
BANKNIFTY-III.NFO,07/10/2024,09:28:45,52700,52688.15,30,52700,15,15,83820
BANKNIFTY-III.NFO,07/10/2024,09:28:47,52700,52689.7,60,52700,15,0,83820
BANKNIFTY-III.NFO,07/10/2024,09:28:49,52700,52690.65,15,52700,15,0,83820
BANKNIFTY-III.NFO,07/10/2024,09:28:54,52700,52691.75,15,52700,15,0,83820
BANKNIFTY-III.NFO,07/10/2024,09:28:55,52700,52693,30,52700,60,0,83820
BANKNIFTY-III.NFO,07/10/2024,09:28:57,52700,52694.3,30,52710,15,75,83820
BANKNIFTY-III.NFO,07/10/2024,09:28:59,52702.1,52702.1,15,52710,15,15,83820
BANKNIFTY-III.NFO,07/10/2024,09:29:00,52702.1,52694.3,30,52710,15,15,83820
BANKNIFTY-III.NFO,07/10/2024,09:29:02,52702.1,52694.3,30,52710,15,0,83820
BANKNIFTY-III.NFO,07/10/2024,09:29:05,52702.1,52690.35,45,52707.65,30,0,83820
BANKNIFTY-III.NFO,07/10/2024,09:29:07,52702.1,52687.2,45,52708.7,30,0,83820
BANKNIFTY-III.NFO,07/10/2024,09:29:09,52702.1,52687.2,45,52707.45,60,0,83820
BANKNIFTY-III.NFO,07/10/2024,09:29:11,52687.2,52687.2,45,52707.9,30,15,83820
BANKNIFTY-III.NFO,07/10/2024,09:29:12,52687.2,52684,30,52705.7,30,0,83820
BANKNIFTY-III.NFO,07/10/2024,09:29:14,52687.2,52684,45,52705.5,60,0,83820
BANKNIFTY-III.NFO,07/10/2024,09:29:16,52687.2,52684,45,52707.5,30,0,83820
BANKNIFTY-III.NFO,07/10/2024,09:29:17,52687.2,52682.5,15,52703.2,30,0,83820
BANKNIFTY-III.NFO,07/10/2024,09:29:19,52687.2,52682.5,15,52703.3,30,0,83820
BANKNIFTY-III.NFO,07/10/2024,09:29:21,52687.2,52682.55,30,52705.8,30,0,83820
BANKNIFTY-III.NFO,07/10/2024,09:29:22,52687.2,52682.55,30,52705.55,30,0,83820
BANKNIFTY-III.NFO,07/10/2024,09:29:24,52687.2,52682.55,30,52706.65,30,0,83820
BANKNIFTY-III.NFO,07/10/2024,09:29:26,52687.2,52682.55,30,52708.65,60,0,83820
BANKNIFTY-III.NFO,07/10/2024,09:29:27,52687.2,52682.55,30,52707.7,30,0,83820
BANKNIFTY-III.NFO,07/10/2024,09:29:29,52687.2,52691,30,52706.2,30,0,83820
BANKNIFTY-III.NFO,07/10/2024,09:29:31,52687.2,52691,45,52707,30,0,83820
BANKNIFTY-III.NFO,07/10/2024,09:29:32,52691,52682.55,45,52705.4,30,30,83820
BANKNIFTY-III.NFO,07/10/2024,09:29:34,52691,52682.2,15,52701.6,30,0,83820
BANKNIFTY-III.NFO,07/10/2024,09:29:36,52691,52678.7,45,52700,30,0,83820
BANKNIFTY-III.NFO,07/10/2024,09:29:37,52691,52676.3,45,52695.5,30,0,83820
BANKNIFTY-III.NFO,07/10/2024,09:29:39,52691,52676.3,45,52696.1,30,0,83820
BANKNIFTY-III.NFO,07/10/2024,09:29:41,52698.5,52674.7,15,52690.95,30,15,83820
BANKNIFTY-III.NFO,07/10/2024,09:29:42,52674.7,52674.65,45,52690.75,30,15,83820
BANKNIFTY-III.NFO,07/10/2024,09:29:44,52674.7,52671.1,45,52692.2,30,0,83820
BANKNIFTY-III.NFO,07/10/2024,09:29:46,52674.7,52665.55,45,52687.3,30,0,83820
BANKNIFTY-III.NFO,07/10/2024,09:29:47,52674.7,52665.55,45,52691.05,30,0,83820
BANKNIFTY-III.NFO,07/10/2024,09:29:49,52674.7,52665.55,45,52690.55,30,0,83820
BANKNIFTY-III.NFO,07/10/2024,09:29:51,52674.7,52665.55,45,52694.85,30,0,83820
BANKNIFTY-III.NFO,07/10/2024,09:29:52,52674.7,52665.55,45,52697.55,30,0,83820
BANKNIFTY-III.NFO,07/10/2024,09:29:54,52674.7,52665.55,45,52698.95,30,0,83820
BANKNIFTY-III.NFO,07/10/2024,09:29:56,52674.7,52665.55,45,52690,15,0,83820
BANKNIFTY-III.NFO,07/10/2024,09:29:59,52674.7,52665.55,45,52689.95,30,0,83820
BANKNIFTY-III.NFO,07/10/2024,09:30:02,52689.95,52668.15,15,52689.95,30,15,83820
BANKNIFTY-III.NFO,07/10/2024,09:30:04,52689.95,52672.15,45,52689.95,30,0,83820
BANKNIFTY-III.NFO,07/10/2024,09:30:06,52676.7,52676.7,30,52690,15,30,83820
BANKNIFTY-III.NFO,07/10/2024,09:30:07,52676.7,52675.1,30,52690,15,0,83820
BANKNIFTY-III.NFO,07/10/2024,09:30:13,52676.7,52675.1,45,52690,15,0,83820
BANKNIFTY-III.NFO,07/10/2024,09:30:27,52676.7,52675.15,30,52690,15,0,83820
BANKNIFTY-III.NFO,07/10/2024,09:30:30,52676.7,52675.15,45,52690,15,0,83820
BANKNIFTY-III.NFO,07/10/2024,09:30:35,52676.7,52675.15,30,52690,15,0,83820
BANKNIFTY-III.NFO,07/10/2024,09:30:37,52676.7,52668.4,45,52689.95,30,0,83820
BANKNIFTY-III.NFO,07/10/2024,09:30:38,52676.7,52662.1,30,52689.15,30,0,83820
BANKNIFTY-III.NFO,07/10/2024,09:30:40,52676.7,52662.1,45,52684.95,30,0,83820
BANKNIFTY-III.NFO,07/10/2024,09:30:42,52676.7,52662.1,45,52683,30,0,83820
BANKNIFTY-III.NFO,07/10/2024,09:30:43,52676.7,52660.05,45,52680.45,30,0,83820
BANKNIFTY-III.NFO,07/10/2024,09:30:45,52676.7,52660.05,45,52685.9,30,0,83820
BANKNIFTY-III.NFO,07/10/2024,09:30:47,52676.7,52660.05,45,52685,30,0,83820
BANKNIFTY-III.NFO,07/10/2024,09:30:48,52676.7,52660.05,45,52681.55,30,0,83820
BANKNIFTY-III.NFO,07/10/2024,09:30:50,52676.7,52660.05,45,52679.6,30,0,83820
BANKNIFTY-III.NFO,07/10/2024,09:30:52,52676.7,52660.05,45,52686.7,30,0,83820
BANKNIFTY-III.NFO,07/10/2024,09:30:55,52676.7,52660.05,45,52687.95,30,0,83820
BANKNIFTY-III.NFO,07/10/2024,09:30:57,52676.7,52660.05,30,52685.15,30,0,83820
BANKNIFTY-III.NFO,07/10/2024,09:30:58,52676.7,52660.05,45,52684.05,30,0,83820
BANKNIFTY-III.NFO,07/10/2024,09:31:00,52676.7,52660.05,30,52688.85,30,0,83820
BANKNIFTY-III.NFO,07/10/2024,09:31:02,52676.7,52660.05,45,52683.3,30,0,83820
BANKNIFTY-III.NFO,07/10/2024,09:31:03,52676.7,52660,30,52678.35,30,0,83820
BANKNIFTY-III.NFO,07/10/2024,09:31:05,52676.7,52660.05,30,52675,15,0,83820
BANKNIFTY-III.NFO,07/10/2024,09:31:07,52676.7,52660,15,52674.95,30,0,83820
BANKNIFTY-III.NFO,07/10/2024,09:31:11,52676.7,52660,15,52675,15,0,83820
BANKNIFTY-III.NFO,07/10/2024,09:31:12,52676.7,52660,15,52674.95,30,0,83820
BANKNIFTY-III.NFO,07/10/2024,09:31:14,52676.7,52660,15,52673.35,30,0,83820
BANKNIFTY-III.NFO,07/10/2024,09:31:16,52676.7,52660,15,52672.65,30,0,83820
BANKNIFTY-III.NFO,07/10/2024,09:31:17,52676.7,52660,15,52668.85,30,0,83820
BANKNIFTY-III.NFO,07/10/2024,09:31:19,52676.7,52660,15,52669.3,30,0,83820
BANKNIFTY-III.NFO,07/10/2024,09:31:21,52676.7,52660.05,45,52675,15,0,83820
BANKNIFTY-III.NFO,07/10/2024,09:31:22,52676.7,52660,15,52675,15,0,83820
BANKNIFTY-III.NFO,07/10/2024,09:31:24,52676.7,52660.05,30,52675,15,0,83820
BANKNIFTY-III.NFO,07/10/2024,09:31:26,52676.7,52660.05,45,52675,15,0,83820
BANKNIFTY-III.NFO,07/10/2024,09:31:38,52676.7,52660,15,52675,15,0,83820
BANKNIFTY-III.NFO,07/10/2024,09:31:39,52676.7,52660,15,52672.3,30,0,83820
BANKNIFTY-III.NFO,07/10/2024,09:31:41,52676.7,52660,15,52672.95,30,0,83820
BANKNIFTY-III.NFO,07/10/2024,09:31:43,52676.7,52660,15,52673.2,30,0,83820
BANKNIFTY-III.NFO,07/10/2024,09:31:44,52676.7,52660,15,52669.25,30,0,83820
BANKNIFTY-III.NFO,07/10/2024,09:31:46,52676.7,52660,15,52668.05,30,0,83820
BANKNIFTY-III.NFO,07/10/2024,09:31:48,52660,52641,30,52658.15,30,15,83925
BANKNIFTY-III.NFO,07/10/2024,09:31:49,52660,52641,15,52654.25,30,0,83925
BANKNIFTY-III.NFO,07/10/2024,09:31:51,52660,52641.05,45,52655.95,15,0,83925
BANKNIFTY-III.NFO,07/10/2024,09:31:53,52660,52641.05,45,52660.4,30,0,83925
BANKNIFTY-III.NFO,07/10/2024,09:31:54,52660,52641.05,45,52660.95,15,0,83925
BANKNIFTY-III.NFO,07/10/2024,09:31:59,52660,52641.2,30,52669.75,30,0,83925
BANKNIFTY-III.NFO,07/10/2024,09:32:01,52660,52654.1,30,52675,15,0,83925
BANKNIFTY-III.NFO,07/10/2024,09:32:04,52660,52654.1,30,52674.95,30,0,83925
BANKNIFTY-III.NFO,07/10/2024,09:32:07,52660,52654.1,30,52675,15,0,83925
BANKNIFTY-III.NFO,07/10/2024,09:32:09,52660,52660.1,30,52675,15,0,83925
BANKNIFTY-III.NFO,07/10/2024,09:32:12,52660,52655,45,52674.95,30,0,83925
BANKNIFTY-III.NFO,07/10/2024,09:32:14,52660,52651.7,30,52674.95,30,0,83925
BANKNIFTY-III.NFO,07/10/2024,09:32:15,52660,52653.3,30,52674.95,30,0,83925
BANKNIFTY-III.NFO,07/10/2024,09:32:17,52660,52644.55,30,52669.9,30,0,83925
BANKNIFTY-III.NFO,07/10/2024,09:32:19,52660,52644.55,45,52670,30,0,83925
BANKNIFTY-III.NFO,07/10/2024,09:32:20,52660,52644.55,45,52668.55,30,0,83925
BANKNIFTY-III.NFO,07/10/2024,09:32:22,52660,52644.55,45,52669.7,30,0,83925
BANKNIFTY-III.NFO,07/10/2024,09:32:24,52660,52644.55,45,52668.1,30,0,83925
BANKNIFTY-III.NFO,07/10/2024,09:32:25,52660,52644.55,45,52668.6,30,0,83925
BANKNIFTY-III.NFO,07/10/2024,09:32:27,52660,52644.55,45,52664.75,30,0,83925
BANKNIFTY-III.NFO,07/10/2024,09:32:29,52660,52644,30,52662.65,30,0,83925
BANKNIFTY-III.NFO,07/10/2024,09:32:30,52660,52644,15,52660.2,30,0,83925
BANKNIFTY-III.NFO,07/10/2024,09:32:32,52660,52644.05,45,52660.65,15,0,83925
BANKNIFTY-III.NFO,07/10/2024,09:32:34,52660,52644.05,45,52671.7,30,0,83925
BANKNIFTY-III.NFO,07/10/2024,09:32:35,52660,52644.05,45,52667.9,30,0,83925
BANKNIFTY-III.NFO,07/10/2024,09:32:37,52660,52644.05,45,52667.2,30,0,83925
BANKNIFTY-III.NFO,07/10/2024,09:32:39,52660,52644.05,45,52665.7,15,0,83925
BANKNIFTY-III.NFO,07/10/2024,09:32:40,52660,52644.65,30,52667.45,30,0,83925
BANKNIFTY-III.NFO,07/10/2024,09:32:42,52660,52644.65,30,52667.15,30,0,83925
BANKNIFTY-III.NFO,07/10/2024,09:32:44,52660,52644.65,30,52666.95,30,0,83925
BANKNIFTY-III.NFO,07/10/2024,09:32:45,52660,52644.65,30,52671.55,30,0,83925
BANKNIFTY-III.NFO,07/10/2024,09:32:47,52660,52644.65,45,52664.75,30,0,83925
BANKNIFTY-III.NFO,07/10/2024,09:32:49,52660,52644.65,45,52666.8,30,0,83925
BANKNIFTY-III.NFO,07/10/2024,09:32:50,52660,52644.65,45,52659.95,30,0,83925
BANKNIFTY-III.NFO,07/10/2024,09:32:52,52660,52644,15,52659.85,30,0,83925
BANKNIFTY-III.NFO,07/10/2024,09:32:54,52660,52644,15,52659.95,30,0,83925
BANKNIFTY-III.NFO,07/10/2024,09:32:55,52660,52644,15,52653.8,30,0,83925
BANKNIFTY-III.NFO,07/10/2024,09:32:57,52660,52644,15,52649.25,30,0,83925
BANKNIFTY-III.NFO,07/10/2024,09:32:59,52601.9,52600,30,52612.05,30,90,83925
BANKNIFTY-III.NFO,07/10/2024,09:32:59,52601.9,52600,30,52612.05,30,0,83925
BANKNIFTY-III.NFO,07/10/2024,09:33:00,52601.9,52600.05,45,52628.15,30,0,83925
BANKNIFTY-III.NFO,07/10/2024,09:33:02,52601.9,52600.05,45,52630.15,30,0,83925
BANKNIFTY-III.NFO,07/10/2024,09:33:04,52601.9,52600.05,45,52629.35,30,0,83925
BANKNIFTY-III.NFO,07/10/2024,09:33:05,52601.9,52602.9,30,52639.65,30,0,83925
BANKNIFTY-III.NFO,07/10/2024,09:33:08,52601.9,52600.05,30,52607.3,30,0,83925
BANKNIFTY-III.NFO,07/10/2024,09:33:10,52601.9,52600.05,30,52621.75,15,0,83925
BANKNIFTY-III.NFO,07/10/2024,09:33:12,52601.9,52600.05,30,52625.55,30,0,83925
BANKNIFTY-III.NFO,07/10/2024,09:33:13,52601.9,52600.05,30,52626.15,30,0,83925
BANKNIFTY-III.NFO,07/10/2024,09:33:15,52601.9,52600.05,15,52621.65,30,0,83925
BANKNIFTY-III.NFO,07/10/2024,09:33:17,52601.9,52600,45,52614.7,30,0,83925
BANKNIFTY-III.NFO,07/10/2024,09:33:18,52601.9,52600.05,30,52618.3,15,0,83925
BANKNIFTY-III.NFO,07/10/2024,09:33:20,52601.9,52600.05,30,52630.7,30,0,83925
BANKNIFTY-III.NFO,07/10/2024,09:33:22,52601.9,52600.05,30,52630.55,30,0,83925
BANKNIFTY-III.NFO,07/10/2024,09:33:23,52601.9,52600.05,30,52629.45,30,0,83925
BANKNIFTY-III.NFO,07/10/2024,09:33:25,52601.9,52600.05,30,52628.55,30,15,84015
BANKNIFTY-III.NFO,07/10/2024,09:33:27,52601.9,52600.5,30,52632.3,30,0,84015
BANKNIFTY-III.NFO,07/10/2024,09:33:28,52601.9,52600.5,30,52628.5,15,0,84015
BANKNIFTY-III.NFO,07/10/2024,09:33:30,52601.9,52600.5,45,52619.4,15,0,84015
BANKNIFTY-III.NFO,07/10/2024,09:33:32,52601.9,52600.5,45,52620.65,15,0,84015
BANKNIFTY-III.NFO,07/10/2024,09:33:33,52601.9,52600.7,30,52632.25,15,0,84015
BANKNIFTY-III.NFO,07/10/2024,09:33:35,52601.9,52601.4,30,52634,30,0,84015
BANKNIFTY-III.NFO,07/10/2024,09:33:37,52635.45,52604.75,15,52634.15,30,15,84015
BANKNIFTY-III.NFO,07/10/2024,09:33:38,52635.45,52608.05,15,52637.35,30,0,84015
BANKNIFTY-III.NFO,07/10/2024,09:33:40,52635.45,52611.05,30,52630.95,30,0,84015
BANKNIFTY-III.NFO,07/10/2024,09:33:42,52635.45,52605.25,45,52623.55,30,0,84015
BANKNIFTY-III.NFO,07/10/2024,09:33:43,52635.45,52604.35,60,52625.55,15,0,84015
BANKNIFTY-III.NFO,07/10/2024,09:33:45,52635.45,52611.8,45,52631.05,30,0,84015
BANKNIFTY-III.NFO,07/10/2024,09:33:47,52635.45,52612.7,30,52632.1,30,0,84015
BANKNIFTY-III.NFO,07/10/2024,09:33:49,52635.45,52612.7,30,52628.7,15,0,84015
BANKNIFTY-III.NFO,07/10/2024,09:33:50,52635.45,52606.5,15,52629.5,30,0,84015
BANKNIFTY-III.NFO,07/10/2024,09:33:52,52635.45,52605.7,15,52621.5,30,0,84015
BANKNIFTY-III.NFO,07/10/2024,09:33:54,52635.45,52606.1,30,52622.5,15,0,84015
BANKNIFTY-III.NFO,07/10/2024,09:33:55,52635.45,52602.7,15,52620.25,15,0,84015
BANKNIFTY-III.NFO,07/10/2024,09:33:57,52635.45,52603.55,60,52622.5,15,0,84015
BANKNIFTY-III.NFO,07/10/2024,09:33:59,52635.45,52604.7,30,52620.4,15,0,84015
BANKNIFTY-III.NFO,07/10/2024,09:34:00,52635.45,52605.95,15,52623.15,15,0,84015
BANKNIFTY-III.NFO,07/10/2024,09:34:02,52635.45,52600.1,15,52618.35,30,0,84015
BANKNIFTY-III.NFO,07/10/2024,09:34:04,52635.45,52600,45,52614.95,30,0,84015
BANKNIFTY-III.NFO,07/10/2024,09:34:05,52635.45,52601.6,15,52619.1,30,0,84015
BANKNIFTY-III.NFO,07/10/2024,09:34:07,52635.45,52600,30,52610.95,15,0,84015
BANKNIFTY-III.NFO,07/10/2024,09:34:09,52635.45,52605.05,30,52623.75,30,0,84015
BANKNIFTY-III.NFO,07/10/2024,09:34:10,52635.45,52607.15,60,52625,15,0,84015
BANKNIFTY-III.NFO,07/10/2024,09:34:12,52635.45,52612.65,30,52625,15,0,84015
BANKNIFTY-III.NFO,07/10/2024,09:34:15,52635.45,52612.2,30,52625,15,0,84015
BANKNIFTY-III.NFO,07/10/2024,09:34:17,52635.45,52614.7,45,52625,15,0,84015
BANKNIFTY-III.NFO,07/10/2024,09:34:19,52625,52623.2,15,52648.85,30,15,84015
BANKNIFTY-III.NFO,07/10/2024,09:34:20,52625,52626,15,52649,15,0,84015
BANKNIFTY-III.NFO,07/10/2024,09:34:22,52625,52627.35,30,52648.2,30,0,84015
BANKNIFTY-III.NFO,07/10/2024,09:34:24,52625,52631.25,30,52645.1,15,0,84015
BANKNIFTY-III.NFO,07/10/2024,09:34:25,52625,52631.25,15,52647.9,30,0,84015
BANKNIFTY-III.NFO,07/10/2024,09:34:27,52625,52627.9,15,52643.75,15,0,84015
BANKNIFTY-III.NFO,07/10/2024,09:34:29,52625,52630,15,52647.85,45,0,84015
BANKNIFTY-III.NFO,07/10/2024,09:34:30,52625,52637.05,15,52650,15,0,84015
BANKNIFTY-III.NFO,07/10/2024,09:34:32,52625,52645.1,15,52650,15,0,84015
BANKNIFTY-III.NFO,07/10/2024,09:34:34,52625,52640.65,15,52650,15,0,84015
BANKNIFTY-III.NFO,07/10/2024,09:34:35,52625,52635.1,15,52650,15,0,84015
BANKNIFTY-III.NFO,07/10/2024,09:34:37,52625,52640.4,45,52650,15,0,84015
BANKNIFTY-III.NFO,07/10/2024,09:34:39,52644.7,52639.15,30,52650,15,15,84015
BANKNIFTY-III.NFO,07/10/2024,09:34:40,52639.15,52639.15,30,52650,15,30,84015
BANKNIFTY-III.NFO,07/10/2024,09:34:42,52639.15,52632.55,30,52650,15,0,84015
BANKNIFTY-III.NFO,07/10/2024,09:34:47,52639.15,52632.7,30,52650,15,0,84015
BANKNIFTY-III.NFO,07/10/2024,09:34:49,52639.15,52632.7,30,52660,30,0,84015
BANKNIFTY-III.NFO,07/10/2024,09:34:50,52639.15,52639.45,30,52660,30,0,84015
BANKNIFTY-III.NFO,07/10/2024,09:34:54,52639.15,52640.8,30,52660,30,0,84015
BANKNIFTY-III.NFO,07/10/2024,09:34:55,52639.15,52641.45,30,52660,30,0,84015
BANKNIFTY-III.NFO,07/10/2024,09:34:57,52639.15,52632.7,30,52659.95,30,0,84015
BANKNIFTY-III.NFO,07/10/2024,09:34:59,52639.15,52634.85,30,52659.95,30,0,84015
BANKNIFTY-III.NFO,07/10/2024,09:35:00,52639.15,52639.2,30,52660,30,0,84015
BANKNIFTY-III.NFO,07/10/2024,09:35:02,52639.15,52639.4,30,52660,30,0,84015
BANKNIFTY-III.NFO,07/10/2024,09:35:08,52639.15,52644.65,45,52660,45,0,84015
BANKNIFTY-III.NFO,07/10/2024,09:35:10,52639.15,52644.7,30,52660,45,0,84015
BANKNIFTY-III.NFO,07/10/2024,09:35:13,52639.15,52647,30,52660,45,0,84015
BANKNIFTY-III.NFO,07/10/2024,09:35:17,52639.15,52644.7,30,52660,45,0,84015
BANKNIFTY-III.NFO,07/10/2024,09:35:18,52639.15,52651.35,45,52660,45,0,84015
BANKNIFTY-III.NFO,07/10/2024,09:35:20,52660,52661.9,30,52688.35,30,45,84015
BANKNIFTY-III.NFO,07/10/2024,09:35:22,52660,52655.45,30,52684.25,30,0,84015
BANKNIFTY-III.NFO,07/10/2024,09:35:23,52660,52660.05,30,52688.45,30,0,84015
BANKNIFTY-III.NFO,07/10/2024,09:35:25,52660,52660.05,45,52684.95,30,0,84015
BANKNIFTY-III.NFO,07/10/2024,09:35:27,52660,52660.05,45,52680.4,30,0,84015
BANKNIFTY-III.NFO,07/10/2024,09:35:28,52660,52660,165,52676.2,30,0,84015
BANKNIFTY-III.NFO,07/10/2024,09:35:30,52660,52660.05,45,52678.35,30,0,84015
BANKNIFTY-III.NFO,07/10/2024,09:35:32,52660,52660,150,52673.35,30,0,84015
BANKNIFTY-III.NFO,07/10/2024,09:35:33,52660,52660.05,45,52676.85,30,0,84015
BANKNIFTY-III.NFO,07/10/2024,09:35:35,52660,52660,165,52679.45,30,0,84015
BANKNIFTY-III.NFO,07/10/2024,09:35:37,52660,52660,165,52676.7,30,0,84015
BANKNIFTY-III.NFO,07/10/2024,09:35:38,52660,52660.05,30,52679,30,0,84015
BANKNIFTY-III.NFO,07/10/2024,09:35:40,52660,52660,165,52677,30,0,84015
BANKNIFTY-III.NFO,07/10/2024,09:35:42,52660,52660,150,52672.7,30,0,84015
BANKNIFTY-III.NFO,07/10/2024,09:35:43,52660,52660,135,52660.65,30,15,84015
BANKNIFTY-III.NFO,07/10/2024,09:35:45,52660,52660,90,52667.25,30,45,84015
BANKNIFTY-III.NFO,07/10/2024,09:35:47,52660,52643.2,15,52661.6,30,90,84015
BANKNIFTY-III.NFO,07/10/2024,09:35:48,52660,52639.2,30,52670.7,30,0,84015
BANKNIFTY-III.NFO,07/10/2024,09:35:50,52660,52639.2,30,52670.6,30,0,84015
BANKNIFTY-III.NFO,07/10/2024,09:35:52,52660,52639.2,30,52666.8,30,0,84015
BANKNIFTY-III.NFO,07/10/2024,09:35:54,52660,52639.2,30,52662.7,30,0,84015
BANKNIFTY-III.NFO,07/10/2024,09:35:55,52660,52639.2,30,52663.3,30,0,84015
BANKNIFTY-III.NFO,07/10/2024,09:35:57,52660,52639.2,30,52665.2,30,0,84015
BANKNIFTY-III.NFO,07/10/2024,09:35:59,52660,52639.2,30,52665.3,30,0,84015
BANKNIFTY-III.NFO,07/10/2024,09:36:00,52660,52639.2,30,52666.35,30,0,84015
BANKNIFTY-III.NFO,07/10/2024,09:36:02,52660,52639.15,30,52661.55,30,0,84015
BANKNIFTY-III.NFO,07/10/2024,09:36:04,52660,52639.15,30,52655.75,30,0,84015
BANKNIFTY-III.NFO,07/10/2024,09:36:05,52660,52639.15,15,52654.6,30,0,84015
BANKNIFTY-III.NFO,07/10/2024,09:36:07,52654.6,52639.15,15,52654.45,30,15,84015
BANKNIFTY-III.NFO,07/10/2024,09:36:08,52654.6,52639.15,30,52652.9,30,0,84015
BANKNIFTY-III.NFO,07/10/2024,09:36:10,52654.6,52639.2,15,52658.85,30,0,84015
BANKNIFTY-III.NFO,07/10/2024,09:36:12,52654.6,52639.15,30,52653,30,0,84015
BANKNIFTY-III.NFO,07/10/2024,09:36:13,52654.6,52639.2,30,52657.65,30,0,84015
BANKNIFTY-III.NFO,07/10/2024,09:36:15,52654.6,52639.2,30,52653.55,30,0,84015
BANKNIFTY-III.NFO,07/10/2024,09:36:17,52654.6,52639.15,15,52646.8,30,0,84015
BANKNIFTY-III.NFO,07/10/2024,09:36:18,52654.6,52639.15,15,52645.15,30,0,84015
BANKNIFTY-III.NFO,07/10/2024,09:36:20,52654.6,52639.15,15,52644.45,30,0,84015
BANKNIFTY-III.NFO,07/10/2024,09:36:22,52654.6,52639.15,15,52645.85,30,0,84015
BANKNIFTY-III.NFO,07/10/2024,09:36:23,52654.6,52639.15,15,52642.65,30,0,84015
BANKNIFTY-III.NFO,07/10/2024,09:36:25,52639.15,52612.65,30,52632.4,30,15,84030
BANKNIFTY-III.NFO,07/10/2024,09:36:27,52639.15,52606.85,15,52628.3,30,0,84030
BANKNIFTY-III.NFO,07/10/2024,09:36:28,52639.15,52607.85,15,52630.95,30,0,84030
BANKNIFTY-III.NFO,07/10/2024,09:36:30,52639.15,52614,30,52634.6,30,0,84030
BANKNIFTY-III.NFO,07/10/2024,09:36:32,52639.15,52616.3,15,52636.25,30,0,84030
BANKNIFTY-III.NFO,07/10/2024,09:36:33,52639.15,52613.9,15,52634.3,30,0,84030
BANKNIFTY-III.NFO,07/10/2024,09:36:35,52639.15,52611.15,15,52630.8,30,0,84030
BANKNIFTY-III.NFO,07/10/2024,09:36:37,52639.15,52615.9,45,52636.85,30,0,84030
BANKNIFTY-III.NFO,07/10/2024,09:36:38,52639.15,52619,15,52639.1,30,0,84030
BANKNIFTY-III.NFO,07/10/2024,09:36:40,52622.2,52622.15,15,52643.1,30,15,84030
BANKNIFTY-III.NFO,07/10/2024,09:36:42,52622.2,52621.25,15,52640.6,30,0,84030
BANKNIFTY-III.NFO,07/10/2024,09:36:43,52622.2,52615,45,52634,30,0,84030
BANKNIFTY-III.NFO,07/10/2024,09:36:45,52622.2,52612.7,30,52638.9,30,0,84030
BANKNIFTY-III.NFO,07/10/2024,09:36:47,52622.2,52612.7,30,52634.85,30,0,84030
BANKNIFTY-III.NFO,07/10/2024,09:36:48,52622.2,52607.1,15,52632.95,30,0,84030
BANKNIFTY-III.NFO,07/10/2024,09:36:50,52622.2,52606.4,30,52629.35,30,0,84030
BANKNIFTY-III.NFO,07/10/2024,09:36:52,52622.2,52606.4,30,52628.4,30,0,84030
BANKNIFTY-III.NFO,07/10/2024,09:36:53,52622.2,52606.4,30,52629.45,30,0,84030
BANKNIFTY-III.NFO,07/10/2024,09:36:55,52622.2,52606.4,30,52630.35,30,0,84030
BANKNIFTY-III.NFO,07/10/2024,09:36:57,52622.2,52606.4,30,52632.75,30,0,84030
BANKNIFTY-III.NFO,07/10/2024,09:36:58,52622.2,52606.4,30,52634.5,30,0,84030
BANKNIFTY-III.NFO,07/10/2024,09:37:00,52622.2,52606.4,30,52643.4,30,0,84030
BANKNIFTY-III.NFO,07/10/2024,09:37:02,52622.2,52611.25,30,52649.65,30,0,84030
BANKNIFTY-III.NFO,07/10/2024,09:37:03,52622.2,52609.05,30,52642.4,30,0,84030
BANKNIFTY-III.NFO,07/10/2024,09:37:05,52622.2,52609.05,30,52638.5,30,0,84030
BANKNIFTY-III.NFO,07/10/2024,09:37:07,52622.2,52609.05,30,52641.1,30,0,84030
BANKNIFTY-III.NFO,07/10/2024,09:37:08,52622.2,52609.05,30,52639.5,30,0,84030
BANKNIFTY-III.NFO,07/10/2024,09:37:10,52622.2,52609.05,30,52644.65,30,0,84030
BANKNIFTY-III.NFO,07/10/2024,09:37:11,52622.2,52616,30,52648.95,30,0,84030
BANKNIFTY-III.NFO,07/10/2024,09:37:13,52622.2,52621.1,30,52661,30,0,84030
BANKNIFTY-III.NFO,07/10/2024,09:37:15,52622.2,52622.3,30,52662.6,30,0,84030
BANKNIFTY-III.NFO,07/10/2024,09:37:16,52622.2,52622.3,30,52665.35,30,0,84030
BANKNIFTY-III.NFO,07/10/2024,09:37:18,52622.2,52622.45,30,52661.1,30,0,84030
BANKNIFTY-III.NFO,07/10/2024,09:37:20,52622.2,52631.4,30,52667.05,30,0,84030
BANKNIFTY-III.NFO,07/10/2024,09:37:21,52622.2,52626.15,30,52663.45,30,0,84030
BANKNIFTY-III.NFO,07/10/2024,09:37:23,52622.2,52623.55,30,52656.45,30,0,84030
BANKNIFTY-III.NFO,07/10/2024,09:37:25,52622.2,52613.55,30,52649.25,30,0,84030
BANKNIFTY-III.NFO,07/10/2024,09:37:26,52622.2,52613.65,30,52647.05,30,0,84030
BANKNIFTY-III.NFO,07/10/2024,09:37:28,52622.2,52613.65,30,52646.65,30,0,84030
BANKNIFTY-III.NFO,07/10/2024,09:37:30,52622.2,52609.55,30,52645.6,30,0,84030
BANKNIFTY-III.NFO,07/10/2024,09:37:31,52622.2,52609.55,30,52641.8,30,0,84030
BANKNIFTY-III.NFO,07/10/2024,09:37:33,52622.2,52609.55,30,52641.15,30,0,84030
BANKNIFTY-III.NFO,07/10/2024,09:37:35,52622.2,52606.25,30,52648.95,30,0,84030
BANKNIFTY-III.NFO,07/10/2024,09:37:36,52622.2,52606.25,30,52640.6,30,0,84030
BANKNIFTY-III.NFO,07/10/2024,09:37:38,52622.2,52606.25,30,52635.3,30,0,84030
BANKNIFTY-III.NFO,07/10/2024,09:37:40,52622.2,52606.25,30,52641.7,30,0,84030
BANKNIFTY-III.NFO,07/10/2024,09:37:41,52622.2,52606.25,30,52637.75,30,0,84030
BANKNIFTY-III.NFO,07/10/2024,09:37:43,52622.2,52606.25,30,52636,30,0,84030
BANKNIFTY-III.NFO,07/10/2024,09:37:45,52622.2,52606.25,30,52634.7,30,0,84030
BANKNIFTY-III.NFO,07/10/2024,09:37:46,52622.2,52606.25,30,52638.9,30,0,84030
BANKNIFTY-III.NFO,07/10/2024,09:37:48,52622.2,52606.25,30,52640.1,30,0,84030
BANKNIFTY-III.NFO,07/10/2024,09:37:50,52606.25,52606.25,30,52630,15,15,84030
BANKNIFTY-III.NFO,07/10/2024,09:37:51,52606.25,52622.2,15,52630,15,0,84030
BANKNIFTY-III.NFO,07/10/2024,09:37:53,52606.25,52622.2,15,52629.95,30,0,84030
BANKNIFTY-III.NFO,07/10/2024,09:37:55,52606.25,52622.2,30,52630,15,0,84030
BANKNIFTY-III.NFO,07/10/2024,09:37:56,52606.25,52622.2,15,52630,15,0,84030
BANKNIFTY-III.NFO,07/10/2024,09:38:00,52606.25,52622.2,30,52630,15,0,84030
BANKNIFTY-III.NFO,07/10/2024,09:38:02,52606.25,52622.2,15,52630,15,0,84030
BANKNIFTY-III.NFO,07/10/2024,09:38:03,52606.25,52618,15,52630,15,0,84030
BANKNIFTY-III.NFO,07/10/2024,09:38:05,52606.25,52611.1,15,52629.95,30,0,84030
BANKNIFTY-III.NFO,07/10/2024,09:38:07,52606.25,52607.5,15,52629.95,30,0,84030
BANKNIFTY-III.NFO,07/10/2024,09:38:09,52606.25,52607.55,30,52630,15,0,84030
BANKNIFTY-III.NFO,07/10/2024,09:38:14,52606.25,52607.55,30,52629.95,30,0,84030
BANKNIFTY-III.NFO,07/10/2024,09:38:15,52606.25,52607.5,15,52629.95,30,0,84030
BANKNIFTY-III.NFO,07/10/2024,09:38:20,52606.25,52607.55,30,52630,15,0,84030
BANKNIFTY-III.NFO,07/10/2024,09:38:22,52606.25,52607.55,30,52629.95,30,0,84030
BANKNIFTY-III.NFO,07/10/2024,09:38:24,52606.25,52607.55,30,52630,15,0,84030
BANKNIFTY-III.NFO,07/10/2024,09:38:25,52629.95,52607.55,15,52629.95,30,15,84030
BANKNIFTY-III.NFO,07/10/2024,09:38:27,52629.95,52607.55,15,52629.95,30,0,84030
BANKNIFTY-III.NFO,07/10/2024,09:38:30,52629.95,52606.65,15,52629.95,30,0,84030
BANKNIFTY-III.NFO,07/10/2024,09:38:33,52629.95,52606.3,30,52627.25,30,0,84030
BANKNIFTY-III.NFO,07/10/2024,09:38:35,52629.95,52606.3,15,52623.55,30,0,84030
BANKNIFTY-III.NFO,07/10/2024,09:38:37,52629.95,52606.25,45,52621.8,30,0,84030
BANKNIFTY-III.NFO,07/10/2024,09:38:38,52629.95,52606.25,45,52611.5,30,0,84030
BANKNIFTY-III.NFO,07/10/2024,09:38:40,52629.95,52606.25,45,52610.85,30,0,84030
BANKNIFTY-III.NFO,07/10/2024,09:38:42,52629.95,52606.25,45,52618.9,30,0,84030
BANKNIFTY-III.NFO,07/10/2024,09:38:43,52629.95,52606.25,45,52613.6,30,0,84030
BANKNIFTY-III.NFO,07/10/2024,09:38:45,52629.95,52606.25,45,52610.4,30,0,84030
BANKNIFTY-III.NFO,07/10/2024,09:38:47,52629.95,52606.25,30,52614.5,30,0,84030
BANKNIFTY-III.NFO,07/10/2024,09:38:48,52629.95,52606.3,30,52623.6,30,0,84030
BANKNIFTY-III.NFO,07/10/2024,09:38:50,52629.95,52606.25,15,52619.6,30,0,84030
BANKNIFTY-III.NFO,07/10/2024,09:38:52,52629.95,52606.25,15,52614.8,30,0,84030
BANKNIFTY-III.NFO,07/10/2024,09:38:53,52629.95,52606.25,15,52608.3,30,0,84030
BANKNIFTY-III.NFO,07/10/2024,09:38:55,52606.25,52600,45,52607,30,15,84030
BANKNIFTY-III.NFO,07/10/2024,09:38:57,52600.05,52600,15,52600.05,30,45,84030
BANKNIFTY-III.NFO,07/10/2024,09:38:57,52600,52600,15,52600.05,30,0,84030
BANKNIFTY-III.NFO,07/10/2024,09:38:58,52600,52585,30,52612.4,30,15,84030
BANKNIFTY-III.NFO,07/10/2024,09:39:00,52600,52588.8,30,52614.7,30,0,84030
BANKNIFTY-III.NFO,07/10/2024,09:39:02,52600,52592.95,30,52617.8,30,0,84030
BANKNIFTY-III.NFO,07/10/2024,09:39:03,52600,52592.95,30,52622.1,30,0,84030
BANKNIFTY-III.NFO,07/10/2024,09:39:05,52600,52596.45,30,52619.3,30,0,84030
BANKNIFTY-III.NFO,07/10/2024,09:39:07,52600,52602.15,30,52624.85,30,0,84030
BANKNIFTY-III.NFO,07/10/2024,09:39:08,52601.95,52601.9,15,52624.25,30,30,84030
BANKNIFTY-III.NFO,07/10/2024,09:39:10,52601.95,52600.1,15,52620,30,0,84030
BANKNIFTY-III.NFO,07/10/2024,09:39:11,52601.95,52594.2,15,52619.25,30,0,84030
BANKNIFTY-III.NFO,07/10/2024,09:39:13,52601.95,52594.25,30,52619.95,30,0,84030
BANKNIFTY-III.NFO,07/10/2024,09:39:15,52601.95,52594.25,30,52620,15,0,84030
BANKNIFTY-III.NFO,07/10/2024,09:39:16,52601.95,52595.5,30,52620,15,0,84030
BANKNIFTY-III.NFO,07/10/2024,09:39:18,52601.95,52595.65,30,52618.85,30,0,84030
BANKNIFTY-III.NFO,07/10/2024,09:39:20,52601.95,52595.65,30,52618.15,30,0,84030
BANKNIFTY-III.NFO,07/10/2024,09:39:21,52601.95,52594.2,15,52615.25,30,0,84030
BANKNIFTY-III.NFO,07/10/2024,09:39:23,52601.95,52594.2,15,52601,45,0,84030
BANKNIFTY-III.NFO,07/10/2024,09:39:26,52601,52594.25,30,52620,15,45,84030
BANKNIFTY-III.NFO,07/10/2024,09:39:28,52601,52594.25,30,52619.95,30,0,84075
BANKNIFTY-III.NFO,07/10/2024,09:39:30,52601,52602.05,30,52620,15,0,84075
BANKNIFTY-III.NFO,07/10/2024,09:39:35,52601,52610.25,30,52620,15,0,84075
BANKNIFTY-III.NFO,07/10/2024,09:39:40,52601,52610.2,15,52620,15,0,84075
BANKNIFTY-III.NFO,07/10/2024,09:39:43,52601,52610.25,30,52620,15,0,84075
BANKNIFTY-III.NFO,07/10/2024,09:39:46,52601,52610.2,15,52620,15,0,84075
BANKNIFTY-III.NFO,07/10/2024,09:39:48,52602,52602,75,52620,15,90,84075
BANKNIFTY-III.NFO,07/10/2024,09:39:50,52602,52602,75,52620,15,0,84075
BANKNIFTY-III.NFO,07/10/2024,09:39:53,52602,52609.25,45,52620,15,0,84075
BANKNIFTY-III.NFO,07/10/2024,09:39:55,52602,52611.85,75,52620,15,0,84075
BANKNIFTY-III.NFO,07/10/2024,09:39:56,52620,52616.45,30,52645.35,30,15,84075
BANKNIFTY-III.NFO,07/10/2024,09:39:58,52620,52618.55,15,52638.45,30,0,84075
BANKNIFTY-III.NFO,07/10/2024,09:40:00,52620,52618.55,15,52645.45,30,0,84075
BANKNIFTY-III.NFO,07/10/2024,09:40:01,52620,52618.55,15,52645.15,30,0,84075
BANKNIFTY-III.NFO,07/10/2024,09:40:03,52620,52613.9,15,52635.75,30,0,84075
BANKNIFTY-III.NFO,07/10/2024,09:40:04,52620,52610.35,15,52634.6,30,0,84075
BANKNIFTY-III.NFO,07/10/2024,09:40:06,52620,52606.15,15,52629.55,30,0,84075
BANKNIFTY-III.NFO,07/10/2024,09:40:08,52620,52602,30,52618.2,30,0,84075
BANKNIFTY-III.NFO,07/10/2024,09:40:10,52620,52602,45,52618.35,30,0,84075
BANKNIFTY-III.NFO,07/10/2024,09:40:12,52614.55,52602,30,52614.55,30,15,84075
BANKNIFTY-III.NFO,07/10/2024,09:40:13,52614.55,52602,30,52612.25,30,0,84075
BANKNIFTY-III.NFO,07/10/2024,09:40:15,52614.55,52602,30,52607.5,30,0,84075
BANKNIFTY-III.NFO,07/10/2024,09:40:17,52614.55,52602,30,52610.4,30,0,84075
BANKNIFTY-III.NFO,07/10/2024,09:40:18,52614.55,52602,45,52616.4,30,0,84075
BANKNIFTY-III.NFO,07/10/2024,09:40:20,52614.55,52602,30,52609.9,30,0,84075
BANKNIFTY-III.NFO,07/10/2024,09:40:22,52614.55,52602,30,52609.4,30,0,84075
BANKNIFTY-III.NFO,07/10/2024,09:40:23,52602,52601,15,52609.95,15,30,84075
BANKNIFTY-III.NFO,07/10/2024,09:40:25,52602,52601.05,45,52614.55,15,0,84075
BANKNIFTY-III.NFO,07/10/2024,09:40:32,52602,52601.2,45,52614.55,15,0,84075
BANKNIFTY-III.NFO,07/10/2024,09:40:33,52614.55,52608.55,15,52633.4,30,15,84075
BANKNIFTY-III.NFO,07/10/2024,09:40:35,52614.55,52608.55,45,52643.55,30,0,84075
BANKNIFTY-III.NFO,07/10/2024,09:40:37,52614.55,52608.6,45,52638.85,30,0,84075
BANKNIFTY-III.NFO,07/10/2024,09:40:38,52614.55,52613.4,45,52639.5,30,0,84075
BANKNIFTY-III.NFO,07/10/2024,09:40:40,52614.55,52617,60,52641.8,30,0,84075
BANKNIFTY-III.NFO,07/10/2024,09:40:42,52614.55,52620.2,15,52641.8,30,0,84075
BANKNIFTY-III.NFO,07/10/2024,09:40:43,52614.55,52624.35,45,52650,30,0,84075
BANKNIFTY-III.NFO,07/10/2024,09:40:45,52614.55,52630.7,15,52649.95,30,0,84075
BANKNIFTY-III.NFO,07/10/2024,09:40:47,52614.55,52627.6,15,52646.45,30,0,84075
BANKNIFTY-III.NFO,07/10/2024,09:40:48,52614.55,52627.6,15,52648.85,30,0,84075
BANKNIFTY-III.NFO,07/10/2024,09:40:50,52614.55,52627.6,15,52649.35,30,0,84075
BANKNIFTY-III.NFO,07/10/2024,09:40:52,52614.55,52624.35,15,52642.7,30,0,84075
BANKNIFTY-III.NFO,07/10/2024,09:40:53,52624.35,52624.3,15,52642.6,30,15,84075
BANKNIFTY-III.NFO,07/10/2024,09:40:55,52624.35,52617.75,15,52638.8,30,0,84075
BANKNIFTY-III.NFO,07/10/2024,09:40:57,52617.35,52617.25,60,52649.45,30,30,84075
BANKNIFTY-III.NFO,07/10/2024,09:40:58,52617.35,52619.3,30,52648.85,30,0,84075
BANKNIFTY-III.NFO,07/10/2024,09:41:00,52617.35,52617,15,52644.55,30,0,84075
BANKNIFTY-III.NFO,07/10/2024,09:41:02,52617.35,52617,45,52642.3,30,0,84075
BANKNIFTY-III.NFO,07/10/2024,09:41:03,52617.35,52623.55,30,52649.85,30,0,84075
BANKNIFTY-III.NFO,07/10/2024,09:41:05,52617.35,52626.65,15,52648.75,30,0,84075
BANKNIFTY-III.NFO,07/10/2024,09:41:07,52617.35,52627.4,30,52649.95,30,0,84075
BANKNIFTY-III.NFO,07/10/2024,09:41:08,52627.35,52626.65,15,52648.95,30,15,84075
BANKNIFTY-III.NFO,07/10/2024,09:41:10,52627.35,52626.65,15,52647.85,30,0,84075
BANKNIFTY-III.NFO,07/10/2024,09:41:11,52627.35,52626.65,15,52647.25,30,0,84075
BANKNIFTY-III.NFO,07/10/2024,09:41:13,52627.35,52618.6,15,52643.95,30,0,84075
BANKNIFTY-III.NFO,07/10/2024,09:41:15,52627.35,52621.05,15,52643.05,30,0,84075
BANKNIFTY-III.NFO,07/10/2024,09:41:16,52627.35,52621.05,15,52649.75,30,0,84075
BANKNIFTY-III.NFO,07/10/2024,09:41:18,52627.35,52625.65,15,52649.35,30,0,84075
BANKNIFTY-III.NFO,07/10/2024,09:41:20,52627.35,52625.65,15,52646.05,30,0,84075
BANKNIFTY-III.NFO,07/10/2024,09:41:21,52627.35,52625.65,15,52645.45,30,0,84075
BANKNIFTY-III.NFO,07/10/2024,09:41:23,52627.35,52627.25,15,52649.95,30,0,84075
BANKNIFTY-III.NFO,07/10/2024,09:41:25,52627.35,52630.65,15,52650,30,0,84075
BANKNIFTY-III.NFO,07/10/2024,09:41:26,52627.35,52630.65,15,52649.95,30,0,84075
BANKNIFTY-III.NFO,07/10/2024,09:41:28,52627.35,52631.5,15,52649.95,30,0,84075
BANKNIFTY-III.NFO,07/10/2024,09:41:30,52627.35,52626.55,45,52649.95,30,0,84075
BANKNIFTY-III.NFO,07/10/2024,09:41:31,52627.35,52628.6,45,52650,30,0,84075
BANKNIFTY-III.NFO,07/10/2024,09:41:33,52627.35,52630.9,15,52650,30,0,84075
BANKNIFTY-III.NFO,07/10/2024,09:41:35,52627.35,52635.15,75,52650,30,0,84075
BANKNIFTY-III.NFO,07/10/2024,09:41:36,52650,52639.1,75,52650,15,15,84075
BANKNIFTY-III.NFO,07/10/2024,09:41:38,52650,52640.05,45,52650,15,0,84075
BANKNIFTY-III.NFO,07/10/2024,09:41:40,52650,52643.75,30,52675,30,15,84075
BANKNIFTY-III.NFO,07/10/2024,09:41:41,52650,52643.8,30,52670.2,30,0,84075
BANKNIFTY-III.NFO,07/10/2024,09:41:43,52650,52640.8,45,52674.4,30,0,84075
BANKNIFTY-III.NFO,07/10/2024,09:41:45,52650,52640.8,15,52669.6,30,0,84075
BANKNIFTY-III.NFO,07/10/2024,09:41:46,52650,52640.8,15,52666.7,30,0,84075
BANKNIFTY-III.NFO,07/10/2024,09:41:48,52650,52640.8,15,52667,30,0,84075
BANKNIFTY-III.NFO,07/10/2024,09:41:50,52650,52640.05,15,52659.8,30,0,84075
BANKNIFTY-III.NFO,07/10/2024,09:41:51,52650,52635.15,15,52650,30,0,84075
BANKNIFTY-III.NFO,07/10/2024,09:41:53,52650,52630.05,15,52649.55,30,0,84075
BANKNIFTY-III.NFO,07/10/2024,09:41:55,52650,52630.05,15,52648.65,30,0,84075
BANKNIFTY-III.NFO,07/10/2024,09:41:56,52650,52626.55,15,52648.05,30,0,84075
BANKNIFTY-III.NFO,07/10/2024,09:41:58,52650,52622.65,15,52642.25,30,0,84075
BANKNIFTY-III.NFO,07/10/2024,09:42:00,52650,52620.55,15,52643.45,30,0,84075
BANKNIFTY-III.NFO,07/10/2024,09:42:01,52650,52620.55,45,52649.95,30,0,84075
BANKNIFTY-III.NFO,07/10/2024,09:42:03,52650,52620.55,15,52649.55,30,0,84075
BANKNIFTY-III.NFO,07/10/2024,09:42:05,52650,52620,180,52639.75,30,0,84075
BANKNIFTY-III.NFO,07/10/2024,09:42:06,52650,52620,180,52644.75,30,0,84075
BANKNIFTY-III.NFO,07/10/2024,09:42:08,52650,52620,180,52637.95,30,0,84075
BANKNIFTY-III.NFO,07/10/2024,09:42:09,52650,52620,165,52636.35,30,0,84075
BANKNIFTY-III.NFO,07/10/2024,09:42:11,52650,52620,165,52637.05,30,0,84075
BANKNIFTY-III.NFO,07/10/2024,09:42:13,52650,52620,165,52629.55,30,0,84075
BANKNIFTY-III.NFO,07/10/2024,09:42:14,52650,52625,15,52630.5,30,0,84075
BANKNIFTY-III.NFO,07/10/2024,09:42:16,52625,52620,150,52624.6,30,30,84090
BANKNIFTY-III.NFO,07/10/2024,09:42:18,52625,52620,150,52626.85,30,0,84090
BANKNIFTY-III.NFO,07/10/2024,09:42:19,52620,52620,135,52623.75,30,15,84090
BANKNIFTY-III.NFO,07/10/2024,09:42:21,52602.45,52600,45,52621.75,30,150,84090
BANKNIFTY-III.NFO,07/10/2024,09:42:23,52602.45,52600,45,52620,30,0,84090
BANKNIFTY-III.NFO,07/10/2024,09:42:24,52602.45,52600,75,52620,30,0,84090
BANKNIFTY-III.NFO,07/10/2024,09:42:29,52602.45,52600,45,52618.8,30,0,84090
BANKNIFTY-III.NFO,07/10/2024,09:42:31,52602.45,52600,45,52618,30,0,84090
BANKNIFTY-III.NFO,07/10/2024,09:42:32,52600,52600,15,52624.05,30,30,84090
BANKNIFTY-III.NFO,07/10/2024,09:42:34,52600,52600,45,52621.35,30,0,84090
BANKNIFTY-III.NFO,07/10/2024,09:42:36,52600,52600,45,52625.6,30,0,84090
BANKNIFTY-III.NFO,07/10/2024,09:42:38,52600,52600,15,52627.9,30,0,84090
BANKNIFTY-III.NFO,07/10/2024,09:42:39,52600,52600,15,52625.85,30,0,84090
BANKNIFTY-III.NFO,07/10/2024,09:42:41,52600,52600,15,52619.2,30,0,84090
BANKNIFTY-III.NFO,07/10/2024,09:42:43,52619.2,52599.8,45,52624.1,30,15,84090
BANKNIFTY-III.NFO,07/10/2024,09:42:44,52619.2,52599.8,45,52626.25,30,0,84090
BANKNIFTY-III.NFO,07/10/2024,09:42:46,52621.75,52599.8,30,52624.55,30,15,84090
BANKNIFTY-III.NFO,07/10/2024,09:42:48,52621.75,52599.8,60,52624.05,30,0,84090
BANKNIFTY-III.NFO,07/10/2024,09:42:49,52621.75,52602.3,60,52626.8,30,0,84090
BANKNIFTY-III.NFO,07/10/2024,09:42:51,52621.75,52602.3,30,52627.95,30,0,84090
BANKNIFTY-III.NFO,07/10/2024,09:42:53,52621.75,52602.3,30,52624.25,30,0,84090
BANKNIFTY-III.NFO,07/10/2024,09:42:54,52621.75,52600.5,30,52619.3,30,0,84090
BANKNIFTY-III.NFO,07/10/2024,09:42:56,52621.75,52600.5,30,52620.6,30,0,84090
BANKNIFTY-III.NFO,07/10/2024,09:42:58,52621.75,52600.5,30,52620.9,30,0,84090
BANKNIFTY-III.NFO,07/10/2024,09:42:59,52621.75,52600.5,30,52627.6,30,0,84090
BANKNIFTY-III.NFO,07/10/2024,09:43:01,52621.75,52600.5,30,52622.75,30,0,84090
BANKNIFTY-III.NFO,07/10/2024,09:43:02,52621.75,52598.95,30,52618.55,30,0,84090
BANKNIFTY-III.NFO,07/10/2024,09:43:04,52621.75,52590.05,30,52606.25,30,0,84090
BANKNIFTY-III.NFO,07/10/2024,09:43:06,52621.75,52590.1,30,52620,30,0,84090
BANKNIFTY-III.NFO,07/10/2024,09:43:07,52621.75,52590.1,30,52619.3,30,0,84090
BANKNIFTY-III.NFO,07/10/2024,09:43:09,52621.75,52590.05,30,52615.95,30,0,84090
BANKNIFTY-III.NFO,07/10/2024,09:43:11,52621.75,52591.9,60,52618.15,30,0,84090
BANKNIFTY-III.NFO,07/10/2024,09:43:12,52621.75,52590.05,30,52616.05,30,0,84090
BANKNIFTY-III.NFO,07/10/2024,09:43:14,52621.75,52592.1,30,52615.85,30,0,84090
BANKNIFTY-III.NFO,07/10/2024,09:43:16,52621.75,52592.1,30,52610.3,30,0,84090
BANKNIFTY-III.NFO,07/10/2024,09:43:17,52621.75,52592.1,30,52616.8,30,0,84090
BANKNIFTY-III.NFO,07/10/2024,09:43:19,52621.75,52592.1,30,52617.05,30,0,84090
BANKNIFTY-III.NFO,07/10/2024,09:43:21,52621.75,52592.1,60,52617.95,30,0,84090
BANKNIFTY-III.NFO,07/10/2024,09:43:22,52621.75,52594.45,60,52618.75,30,0,84090
BANKNIFTY-III.NFO,07/10/2024,09:43:24,52621.75,52600.2,30,52620.55,30,0,84090
BANKNIFTY-III.NFO,07/10/2024,09:43:26,52621.75,52603.15,60,52625,15,0,84090
BANKNIFTY-III.NFO,07/10/2024,09:43:27,52621.75,52606.3,30,52624.95,30,0,84090
BANKNIFTY-III.NFO,07/10/2024,09:43:29,52621.75,52603.15,30,52623.6,30,0,84090
BANKNIFTY-III.NFO,07/10/2024,09:43:31,52621.75,52603.15,30,52624.05,30,0,84090
BANKNIFTY-III.NFO,07/10/2024,09:43:32,52621.75,52600.2,30,52623.95,30,0,84090
BANKNIFTY-III.NFO,07/10/2024,09:43:34,52621.75,52600.2,30,52621.85,30,0,84090
BANKNIFTY-III.NFO,07/10/2024,09:43:36,52621.75,52600.2,30,52620.6,30,0,84090
BANKNIFTY-III.NFO,07/10/2024,09:43:37,52621.75,52600.2,30,52618.45,30,0,84090
BANKNIFTY-III.NFO,07/10/2024,09:43:39,52621.75,52600.2,60,52625,15,0,84090
BANKNIFTY-III.NFO,07/10/2024,09:43:41,52621.75,52608.15,30,52625,15,0,84090
BANKNIFTY-III.NFO,07/10/2024,09:43:42,52621.75,52611.2,30,52625,15,0,84090
BANKNIFTY-III.NFO,07/10/2024,09:43:44,52621.75,52615.1,30,52625,15,0,84090
BANKNIFTY-III.NFO,07/10/2024,09:43:47,52621.75,52611.7,30,52625,15,0,84090
BANKNIFTY-III.NFO,07/10/2024,09:43:49,52621.75,52613.4,60,52625,15,0,84090
BANKNIFTY-III.NFO,07/10/2024,09:43:51,52625,52623.4,60,52643.55,30,15,84090
BANKNIFTY-III.NFO,07/10/2024,09:43:52,52625,52624.2,30,52641.15,30,0,84090
BANKNIFTY-III.NFO,07/10/2024,09:43:54,52625,52623.45,30,52644.65,30,0,84090
BANKNIFTY-III.NFO,07/10/2024,09:43:56,52625,52613.4,30,52642.4,30,0,84090
BANKNIFTY-III.NFO,07/10/2024,09:43:57,52625,52613.4,30,52637.65,30,0,84090
BANKNIFTY-III.NFO,07/10/2024,09:43:59,52625,52613.4,30,52631.9,30,0,84090
BANKNIFTY-III.NFO,07/10/2024,09:44:01,52625,52608.15,30,52626.75,30,0,84090
BANKNIFTY-III.NFO,07/10/2024,09:44:02,52625,52604.9,30,52625.6,30,0,84090
BANKNIFTY-III.NFO,07/10/2024,09:44:04,52625,52601.7,30,52628.5,30,0,84090
BANKNIFTY-III.NFO,07/10/2024,09:44:06,52625,52601.7,30,52620.8,30,0,84090
BANKNIFTY-III.NFO,07/10/2024,09:44:07,52625,52599.3,30,52624.2,30,0,84090
BANKNIFTY-III.NFO,07/10/2024,09:44:09,52625,52599.9,60,52623.1,60,0,84090
BANKNIFTY-III.NFO,07/10/2024,09:44:11,52625,52599.9,60,52625.9,30,0,84090
BANKNIFTY-III.NFO,07/10/2024,09:44:12,52625,52601.3,45,52625.2,30,0,84090
BANKNIFTY-III.NFO,07/10/2024,09:44:14,52625,52608.1,30,52627.5,30,0,84090
BANKNIFTY-III.NFO,07/10/2024,09:44:16,52625,52608.05,45,52623.9,30,0,84090
BANKNIFTY-III.NFO,07/10/2024,09:44:17,52625,52608.05,45,52623.65,15,0,84090
BANKNIFTY-III.NFO,07/10/2024,09:44:19,52625,52608.05,45,52633.9,30,0,84090
BANKNIFTY-III.NFO,07/10/2024,09:44:21,52625,52610,30,52632.15,30,0,84090
BANKNIFTY-III.NFO,07/10/2024,09:44:22,52625,52610,30,52634.1,30,0,84090
BANKNIFTY-III.NFO,07/10/2024,09:44:24,52625,52610,30,52629.25,15,0,84090
BANKNIFTY-III.NFO,07/10/2024,09:44:26,52625,52610,60,52634.4,30,0,84090
BANKNIFTY-III.NFO,07/10/2024,09:44:27,52625,52614.85,30,52634.3,30,0,84090
BANKNIFTY-III.NFO,07/10/2024,09:44:29,52625,52625,15,52630.4,15,0,84090
BANKNIFTY-III.NFO,07/10/2024,09:44:31,52625,52625,15,52632.8,30,0,84090
BANKNIFTY-III.NFO,07/10/2024,09:44:32,52625,52625,15,52632.3,30,0,84090
BANKNIFTY-III.NFO,07/10/2024,09:44:34,52625,52625,15,52632.05,30,0,84090
BANKNIFTY-III.NFO,07/10/2024,09:44:36,52625,52625,15,52629.65,30,0,84090
BANKNIFTY-III.NFO,07/10/2024,09:44:37,52625,52625,15,52629.55,30,0,84090
BANKNIFTY-III.NFO,07/10/2024,09:44:39,52625,52625,15,52631,30,0,84090
BANKNIFTY-III.NFO,07/10/2024,09:44:41,52625,52625,15,52628.65,15,0,84090
BANKNIFTY-III.NFO,07/10/2024,09:44:42,52625,52625,15,52631.05,30,0,84090
BANKNIFTY-III.NFO,07/10/2024,09:44:44,52625,52616.05,30,52634.35,75,15,84090
BANKNIFTY-III.NFO,07/10/2024,09:44:46,52625,52616.05,30,52632.65,30,0,84090
BANKNIFTY-III.NFO,07/10/2024,09:44:47,52625,52616.05,30,52634.35,75,0,84090
BANKNIFTY-III.NFO,07/10/2024,09:44:49,52625,52616.05,60,52644.55,30,0,84090
BANKNIFTY-III.NFO,07/10/2024,09:44:51,52625,52625.05,30,52643.8,30,0,84090
BANKNIFTY-III.NFO,07/10/2024,09:44:52,52625,52625.05,45,52642.35,30,0,84090
BANKNIFTY-III.NFO,07/10/2024,09:44:54,52625,52625.05,45,52639.45,30,0,84090
BANKNIFTY-III.NFO,07/10/2024,09:44:56,52625,52625.05,45,52643.65,30,0,84090
BANKNIFTY-III.NFO,07/10/2024,09:44:57,52625,52625.05,45,52640.6,30,0,84090
BANKNIFTY-III.NFO,07/10/2024,09:44:59,52625,52625,45,52640,30,0,84090
BANKNIFTY-III.NFO,07/10/2024,09:45:01,52625,52625,30,52636.55,30,0,84090
BANKNIFTY-III.NFO,07/10/2024,09:45:02,52625,52625,30,52639.6,30,0,84090
BANKNIFTY-III.NFO,07/10/2024,09:45:04,52625,52625,30,52634.1,30,0,84090
BANKNIFTY-III.NFO,07/10/2024,09:45:06,52625,52608.05,45,52626.05,30,30,84090
BANKNIFTY-III.NFO,07/10/2024,09:45:08,52625,52608.05,45,52623.05,30,0,84090
BANKNIFTY-III.NFO,07/10/2024,09:45:10,52625,52608.05,45,52625.65,15,0,84090
BANKNIFTY-III.NFO,07/10/2024,09:45:12,52625,52608.05,45,52626.3,30,0,84090
BANKNIFTY-III.NFO,07/10/2024,09:45:13,52625,52608.05,45,52625.7,30,0,84090
BANKNIFTY-III.NFO,07/10/2024,09:45:15,52625,52608.05,45,52624.5,30,0,84090
BANKNIFTY-III.NFO,07/10/2024,09:45:17,52625,52608.05,45,52627.45,30,0,84090
BANKNIFTY-III.NFO,07/10/2024,09:45:18,52625,52608.05,45,52622.8,30,0,84090
BANKNIFTY-III.NFO,07/10/2024,09:45:20,52625,52608.05,45,52623.65,30,0,84090
BANKNIFTY-III.NFO,07/10/2024,09:45:22,52625,52608.05,30,52621,30,0,84090
BANKNIFTY-III.NFO,07/10/2024,09:45:23,52625,52608,150,52613.75,30,0,84090
BANKNIFTY-III.NFO,07/10/2024,09:45:25,52625,52608,150,52616.95,30,0,84090
BANKNIFTY-III.NFO,07/10/2024,09:45:27,52625,52608,150,52617.3,15,0,84090
BANKNIFTY-III.NFO,07/10/2024,09:45:28,52625,52608.05,45,52622.5,30,0,84090
BANKNIFTY-III.NFO,07/10/2024,09:45:30,52625,52608,150,52619.45,30,0,84090
BANKNIFTY-III.NFO,07/10/2024,09:45:32,52625,52608,150,52618.1,30,0,84090
BANKNIFTY-III.NFO,07/10/2024,09:45:33,52625,52608,150,52617.85,30,0,84090
BANKNIFTY-III.NFO,07/10/2024,09:45:35,52625,52608,150,52616.35,45,0,84090
BANKNIFTY-III.NFO,07/10/2024,09:45:37,52625,52608,150,52616.9,30,0,84090
BANKNIFTY-III.NFO,07/10/2024,09:45:38,52625,52608,150,52616.8,30,0,84090
BANKNIFTY-III.NFO,07/10/2024,09:45:40,52625,52608.05,45,52622.4,15,0,84090
BANKNIFTY-III.NFO,07/10/2024,09:45:42,52625,52608.05,30,52620.7,30,0,84090
BANKNIFTY-III.NFO,07/10/2024,09:45:43,52625,52608.05,45,52622.4,30,0,84090
BANKNIFTY-III.NFO,07/10/2024,09:45:45,52608.05,52608.05,30,52622.45,75,15,84090
BANKNIFTY-III.NFO,07/10/2024,09:45:47,52608.05,52608.05,60,52626.6,30,0,84300
BANKNIFTY-III.NFO,07/10/2024,09:45:48,52625,52625,60,52628.45,30,45,84300
BANKNIFTY-III.NFO,07/10/2024,09:45:50,52625,52625,60,52628.35,15,0,84300
BANKNIFTY-III.NFO,07/10/2024,09:45:52,52625,52625,15,52628.2,15,45,84300
BANKNIFTY-III.NFO,07/10/2024,09:45:53,52625,52625,15,52628.3,75,0,84300
BANKNIFTY-III.NFO,07/10/2024,09:46:00,52625,52625,15,52635.6,30,0,84300
BANKNIFTY-III.NFO,07/10/2024,09:46:02,52625,52625,15,52630.4,30,0,84300
BANKNIFTY-III.NFO,07/10/2024,09:46:03,52625,52625,15,52626.85,30,0,84300
BANKNIFTY-III.NFO,07/10/2024,09:46:05,52625,52608.05,45,52624.25,30,15,84300
BANKNIFTY-III.NFO,07/10/2024,09:46:07,52625,52608,150,52618.25,30,0,84300
BANKNIFTY-III.NFO,07/10/2024,09:46:08,52625,52608,150,52618.85,30,0,84300
BANKNIFTY-III.NFO,07/10/2024,09:46:10,52625,52608,150,52615.95,15,0,84300
BANKNIFTY-III.NFO,07/10/2024,09:46:11,52625,52608,150,52618.3,15,0,84300
BANKNIFTY-III.NFO,07/10/2024,09:46:13,52617.9,52608,150,52617.85,45,15,84300
BANKNIFTY-III.NFO,07/10/2024,09:46:15,52617.9,52608.05,30,52617.8,75,0,84300
BANKNIFTY-III.NFO,07/10/2024,09:46:16,52617.9,52608,150,52617.75,15,0,84300
BANKNIFTY-III.NFO,07/10/2024,09:46:18,52617.9,52608.05,75,52627.55,30,0,84300
BANKNIFTY-III.NFO,07/10/2024,09:46:20,52608.05,52608.05,60,52628.5,15,15,84300
BANKNIFTY-III.NFO,07/10/2024,09:46:21,52608.05,52608.05,60,52628.15,30,0,84300
BANKNIFTY-III.NFO,07/10/2024,09:46:23,52608.05,52608.05,60,52630.35,75,0,84300
BANKNIFTY-III.NFO,07/10/2024,09:46:28,52608.05,52608.05,60,52629,30,0,84300
BANKNIFTY-III.NFO,07/10/2024,09:46:30,52608.05,52608.05,60,52628.6,30,0,84300
BANKNIFTY-III.NFO,07/10/2024,09:46:31,52608.05,52608.05,60,52630.3,30,0,84300
BANKNIFTY-III.NFO,07/10/2024,09:46:33,52608.05,52609.9,45,52630.35,75,0,84300
BANKNIFTY-III.NFO,07/10/2024,09:46:35,52642.15,52612.2,30,52642.2,30,15,84300
BANKNIFTY-III.NFO,07/10/2024,09:46:36,52642.15,52613.9,60,52642.35,30,0,84300
BANKNIFTY-III.NFO,07/10/2024,09:46:38,52642.15,52613.9,75,52638.05,30,0,84300
BANKNIFTY-III.NFO,07/10/2024,09:46:40,52642.15,52613.9,75,52632,30,0,84300
BANKNIFTY-III.NFO,07/10/2024,09:46:41,52642.15,52613.9,75,52631,30,0,84300
BANKNIFTY-III.NFO,07/10/2024,09:46:43,52642.15,52613.9,75,52637.85,30,0,84300
BANKNIFTY-III.NFO,07/10/2024,09:46:45,52637.85,52613.9,75,52634.95,15,15,84300
BANKNIFTY-III.NFO,07/10/2024,09:46:46,52620,52613.9,45,52620,15,15,84300
BANKNIFTY-III.NFO,07/10/2024,09:46:48,52620,52608.05,75,52628.1,15,15,84300
BANKNIFTY-III.NFO,07/10/2024,09:46:50,52620,52608.05,45,52624.1,45,0,84300
BANKNIFTY-III.NFO,07/10/2024,09:46:51,52620,52608,150,52623.2,15,0,84300
BANKNIFTY-III.NFO,07/10/2024,09:46:53,52618.9,52608,150,52623.4,30,15,84300
BANKNIFTY-III.NFO,07/10/2024,09:46:55,52618.9,52608,150,52618.75,30,0,84300
BANKNIFTY-III.NFO,07/10/2024,09:46:56,52618.9,52608,150,52619.85,30,0,84300
BANKNIFTY-III.NFO,07/10/2024,09:46:58,52616.55,52608,150,52619.7,15,15,84300
BANKNIFTY-III.NFO,07/10/2024,09:47:00,52616.55,52608,150,52619.25,30,0,84300
BANKNIFTY-III.NFO,07/10/2024,09:47:02,52616.55,52608,150,52616.5,15,0,84300
BANKNIFTY-III.NFO,07/10/2024,09:47:03,52616.55,52608,150,52619,30,15,84300
BANKNIFTY-III.NFO,07/10/2024,09:47:05,52608,52608,75,52618.9,30,75,84300
BANKNIFTY-III.NFO,07/10/2024,09:47:07,52608,52608,75,52617.05,15,0,84300
BANKNIFTY-III.NFO,07/10/2024,09:47:08,52616.2,52608,75,52617.9,30,15,84300
BANKNIFTY-III.NFO,07/10/2024,09:47:10,52616.2,52608,75,52617.75,15,0,84300
BANKNIFTY-III.NFO,07/10/2024,09:47:13,52617.75,52608,75,52618.95,75,15,84300
BANKNIFTY-III.NFO,07/10/2024,09:47:15,52617.75,52608,75,52618.95,75,0,84300
BANKNIFTY-III.NFO,07/10/2024,09:47:17,52618.9,52608,75,52618.95,75,15,84300
BANKNIFTY-III.NFO,07/10/2024,09:47:18,52618.9,52608,75,52618.8,30,0,84300
BANKNIFTY-III.NFO,07/10/2024,09:47:20,52618.9,52608,75,52618.95,75,0,84300
BANKNIFTY-III.NFO,07/10/2024,09:47:22,52618.95,52608,75,52621.5,15,15,84300
BANKNIFTY-III.NFO,07/10/2024,09:47:23,52618.95,52608,75,52619.9,30,0,84300
BANKNIFTY-III.NFO,07/10/2024,09:47:25,52618.95,52608,75,52618.15,30,0,84300
BANKNIFTY-III.NFO,07/10/2024,09:47:27,52619.8,52608,75,52619.65,30,15,84300
BANKNIFTY-III.NFO,07/10/2024,09:47:28,52619.8,52608,75,52614.2,30,0,84300
BANKNIFTY-III.NFO,07/10/2024,09:47:30,52619.8,52608,75,52617.95,30,0,84300
BANKNIFTY-III.NFO,07/10/2024,09:47:32,52619.6,52608,75,52620.55,30,15,84300
BANKNIFTY-III.NFO,07/10/2024,09:47:33,52608,52601.7,30,52620.25,30,75,84300
BANKNIFTY-III.NFO,07/10/2024,09:47:35,52615.95,52600.05,30,52615.95,15,15,84300
BANKNIFTY-III.NFO,07/10/2024,09:47:37,52615.95,52600.05,30,52609.85,15,0,84300
BANKNIFTY-III.NFO,07/10/2024,09:47:38,52615.95,52600,75,52609.85,15,0,84300
BANKNIFTY-III.NFO,07/10/2024,09:47:40,52600,52600,30,52610.15,60,60,84300
BANKNIFTY-III.NFO,07/10/2024,09:47:42,52600,52574.9,30,52591.75,15,30,84300
BANKNIFTY-III.NFO,07/10/2024,09:47:43,52600,52568.1,75,52583.7,15,0,84300
BANKNIFTY-III.NFO,07/10/2024,09:47:45,52583.7,52564.55,30,52583.45,30,15,84300
BANKNIFTY-III.NFO,07/10/2024,09:47:45,52583.7,52564.55,30,52583.45,30,0,84300
BANKNIFTY-III.NFO,07/10/2024,09:47:47,52583.7,52566.25,45,52582.8,30,0,84300
BANKNIFTY-III.NFO,07/10/2024,09:47:48,52583.7,52564.95,30,52580,30,0,84300
BANKNIFTY-III.NFO,07/10/2024,09:47:50,52583.7,52569.2,15,52582.8,30,15,84300
BANKNIFTY-III.NFO,07/10/2024,09:47:52,52583.7,52567.15,75,52582.8,15,0,84300
BANKNIFTY-III.NFO,07/10/2024,09:47:53,52583.7,52573.05,30,52582.8,15,0,84300
BANKNIFTY-III.NFO,07/10/2024,09:47:55,52582.8,52566.8,75,52582.3,15,15,84300
BANKNIFTY-III.NFO,07/10/2024,09:47:55,52582.8,52566.8,75,52582.3,15,0,84300
BANKNIFTY-III.NFO,07/10/2024,09:47:57,52582.8,52565.1,45,52580.15,15,0,84300
BANKNIFTY-III.NFO,07/10/2024,09:47:58,52580.55,52568.7,45,52580.55,15,15,84300
BANKNIFTY-III.NFO,07/10/2024,09:47:58,52580.55,52568.7,45,52580.55,15,0,84300
BANKNIFTY-III.NFO,07/10/2024,09:48:00,52580.55,52571.3,15,52582.8,15,0,84300
BANKNIFTY-III.NFO,07/10/2024,09:48:02,52580.55,52568.95,30,52582.8,15,0,84300
BANKNIFTY-III.NFO,07/10/2024,09:48:03,52582.8,52573.8,45,52591.45,30,15,84300
BANKNIFTY-III.NFO,07/10/2024,09:48:05,52582.8,52579.65,45,52594.75,30,0,84300
BANKNIFTY-III.NFO,07/10/2024,09:48:07,52582.8,52579.35,60,52592.7,15,0,84300
BANKNIFTY-III.NFO,07/10/2024,09:48:09,52592.5,52590,15,52595.75,90,15,84300
BANKNIFTY-III.NFO,07/10/2024,09:48:10,52592.5,52590,15,52595.75,90,0,84300
BANKNIFTY-III.NFO,07/10/2024,09:48:12,52590,52574.4,60,52589.55,15,15,84300
BANKNIFTY-III.NFO,07/10/2024,09:48:14,52588.6,52566.1,15,52587.35,30,15,84300
BANKNIFTY-III.NFO,07/10/2024,09:48:15,52588.6,52565.65,30,52584.7,30,0,84300
BANKNIFTY-III.NFO,07/10/2024,09:48:17,52584.1,52567.45,30,52583.95,15,15,84750
BANKNIFTY-III.NFO,07/10/2024,09:48:19,52584.1,52559.3,45,52576.6,30,0,84750
BANKNIFTY-III.NFO,07/10/2024,09:48:20,52584.1,52560.3,30,52577.95,15,0,84750
BANKNIFTY-III.NFO,07/10/2024,09:48:22,52574.85,52564.7,45,52576.2,15,15,84750
BANKNIFTY-III.NFO,07/10/2024,09:48:22,52574.85,52564.7,45,52576.2,15,0,84750
BANKNIFTY-III.NFO,07/10/2024,09:48:24,52574.85,52573.45,30,52589.2,15,0,84750
BANKNIFTY-III.NFO,07/10/2024,09:48:25,52574.85,52578.4,30,52595.25,15,0,84750
BANKNIFTY-III.NFO,07/10/2024,09:48:27,52586.1,52568.25,45,52585.95,15,15,84750
BANKNIFTY-III.NFO,07/10/2024,09:48:29,52586.1,52562.5,30,52581.15,30,0,84750
BANKNIFTY-III.NFO,07/10/2024,09:48:30,52586.1,52558.7,30,52577.25,30,0,84750
BANKNIFTY-III.NFO,07/10/2024,09:48:32,52586.1,52561.35,60,52574.85,15,0,84750
BANKNIFTY-III.NFO,07/10/2024,09:48:34,52586.1,52559.35,30,52574.45,15,0,84750
BANKNIFTY-III.NFO,07/10/2024,09:48:35,52586.1,52561.2,75,52574.45,15,0,84750
BANKNIFTY-III.NFO,07/10/2024,09:48:37,52586.1,52558,30,52575,150,0,84750
BANKNIFTY-III.NFO,07/10/2024,09:48:39,52574.95,52561.7,15,52574.9,15,15,84750
BANKNIFTY-III.NFO,07/10/2024,09:48:40,52574.95,52556.4,30,52574.4,15,0,84750
BANKNIFTY-III.NFO,07/10/2024,09:48:42,52560,52558.75,30,52574.6,15,15,84750
BANKNIFTY-III.NFO,07/10/2024,09:48:42,52560,52558.75,30,52574.6,15,0,84750
BANKNIFTY-III.NFO,07/10/2024,09:48:44,52560,52565.75,60,52573.65,15,0,84750
BANKNIFTY-III.NFO,07/10/2024,09:48:45,52560,52561.45,30,52580.3,30,0,84750
BANKNIFTY-III.NFO,07/10/2024,09:48:47,52560,52560.05,30,52578.35,30,0,84750
BANKNIFTY-III.NFO,07/10/2024,09:48:49,52560,52559.95,30,52577.35,15,0,84750
BANKNIFTY-III.NFO,07/10/2024,09:48:50,52560,52553.65,30,52573,30,0,84750
BANKNIFTY-III.NFO,07/10/2024,09:48:52,52560,52557.35,30,52572.25,15,0,84750
BANKNIFTY-III.NFO,07/10/2024,09:48:54,52560,52559.65,30,52572.25,15,0,84750
BANKNIFTY-III.NFO,07/10/2024,09:48:55,52560,52560.65,30,52572.25,15,0,84750
BANKNIFTY-III.NFO,07/10/2024,09:48:57,52560,52564.05,30,52579.1,15,0,84750
BANKNIFTY-III.NFO,07/10/2024,09:48:59,52560,52564.95,45,52578.45,15,0,84750
BANKNIFTY-III.NFO,07/10/2024,09:49:00,52560,52571.15,45,52586.1,15,0,84750
BANKNIFTY-III.NFO,07/10/2024,09:49:02,52560,52579.55,30,52586.1,15,0,84750
BANKNIFTY-III.NFO,07/10/2024,09:49:04,52560,52575.25,45,52586.1,15,0,84750
BANKNIFTY-III.NFO,07/10/2024,09:49:05,52560,52571.3,45,52586.1,15,0,84750
BANKNIFTY-III.NFO,07/10/2024,09:49:07,52560,52571.35,60,52586.1,15,0,84750
BANKNIFTY-III.NFO,07/10/2024,09:49:09,52570,52566.7,45,52583.7,30,30,84750
BANKNIFTY-III.NFO,07/10/2024,09:49:10,52570,52566.65,15,52581.9,30,0,84750
BANKNIFTY-III.NFO,07/10/2024,09:49:12,52570,52566.65,15,52577.75,15,0,84750
BANKNIFTY-III.NFO,07/10/2024,09:49:14,52577.7,52567.15,30,52577.45,15,30,84750
BANKNIFTY-III.NFO,07/10/2024,09:49:15,52575.8,52575.8,15,52593.05,30,15,84750
BANKNIFTY-III.NFO,07/10/2024,09:49:17,52575.8,52573.5,15,52592.05,30,15,84750
BANKNIFTY-III.NFO,07/10/2024,09:49:19,52575.8,52573.6,30,52589.35,30,0,84750
BANKNIFTY-III.NFO,07/10/2024,09:49:20,52575.8,52568.8,30,52584.35,30,0,84750
BANKNIFTY-III.NFO,07/10/2024,09:49:22,52575.8,52568.8,15,52581.95,30,0,84750
BANKNIFTY-III.NFO,07/10/2024,09:49:24,52575.8,52570.65,30,52585.55,30,0,84750
BANKNIFTY-III.NFO,07/10/2024,09:49:25,52575.8,52568.85,30,52583.95,30,0,84750
BANKNIFTY-III.NFO,07/10/2024,09:49:27,52575.8,52568.85,30,52583.3,15,0,84750
BANKNIFTY-III.NFO,07/10/2024,09:49:29,52575.8,52570.75,15,52580,105,0,84750
BANKNIFTY-III.NFO,07/10/2024,09:49:30,52575.8,52568.85,30,52580,105,0,84750
BANKNIFTY-III.NFO,07/10/2024,09:49:32,52575.8,52568.8,30,52580,105,0,84750
BANKNIFTY-III.NFO,07/10/2024,09:49:34,52575.8,52568.85,30,52580,105,0,84750
BANKNIFTY-III.NFO,07/10/2024,09:49:35,52575.8,52568.9,15,52580,105,0,84750
BANKNIFTY-III.NFO,07/10/2024,09:49:37,52575.8,52564.65,30,52580,105,0,84750
BANKNIFTY-III.NFO,07/10/2024,09:49:39,52575.8,52562.2,45,52579.95,30,0,84750
BANKNIFTY-III.NFO,07/10/2024,09:49:40,52578.75,52561.65,45,52578.75,30,15,84750
BANKNIFTY-III.NFO,07/10/2024,09:49:42,52578.75,52575.8,15,52580,105,0,84750
BANKNIFTY-III.NFO,07/10/2024,09:49:44,52575.8,52564.75,30,52579.95,15,15,84750
BANKNIFTY-III.NFO,07/10/2024,09:49:45,52575.8,52571.95,45,52580,105,0,84750
BANKNIFTY-III.NFO,07/10/2024,09:49:47,52575.8,52568.65,45,52580,105,0,84750
BANKNIFTY-III.NFO,07/10/2024,09:49:49,52564.65,52555.9,30,52564.65,120,30,84750
BANKNIFTY-III.NFO,07/10/2024,09:49:50,52564.65,52556.95,45,52564.65,120,0,84750
BANKNIFTY-III.NFO,07/10/2024,09:49:52,52564.65,52557.55,45,52564.65,105,15,84750
BANKNIFTY-III.NFO,07/10/2024,09:49:54,52564.65,52557.65,60,52564.65,105,0,84750
BANKNIFTY-III.NFO,07/10/2024,09:49:55,52564.65,52559.45,60,52564.65,90,15,84750
BANKNIFTY-III.NFO,07/10/2024,09:49:57,52564.65,52561.75,45,52579.25,45,90,84750
BANKNIFTY-III.NFO,07/10/2024,09:49:59,52561.75,52559.2,15,52577.95,30,15,84750
BANKNIFTY-III.NFO,07/10/2024,09:50:00,52561.75,52553.15,30,52573.55,45,0,84750
BANKNIFTY-III.NFO,07/10/2024,09:50:02,52572.4,52551.05,30,52566.2,30,15,84750
BANKNIFTY-III.NFO,07/10/2024,09:50:04,52572.4,52551,15,52561.75,15,0,84750
BANKNIFTY-III.NFO,07/10/2024,09:50:05,52572.4,52551.05,30,52561.75,15,0,84750
BANKNIFTY-III.NFO,07/10/2024,09:50:08,52572.4,52551,15,52552.65,30,0,84750
BANKNIFTY-III.NFO,07/10/2024,09:50:10,52550,52533.7,30,52546.7,15,30,84750
BANKNIFTY-III.NFO,07/10/2024,09:50:10,52550,52533.7,30,52546.7,15,0,84750
BANKNIFTY-III.NFO,07/10/2024,09:50:12,52550,52545.35,45,52561.7,15,0,84750
BANKNIFTY-III.NFO,07/10/2024,09:50:13,52550,52546.8,75,52561.75,15,0,84750
BANKNIFTY-III.NFO,07/10/2024,09:50:15,52544.8,52548.2,15,52560.75,15,15,84750
BANKNIFTY-III.NFO,07/10/2024,09:50:15,52544.8,52548.2,15,52560.75,15,0,84750
BANKNIFTY-III.NFO,07/10/2024,09:50:17,52544.8,52550,30,52561.75,15,0,84750
BANKNIFTY-III.NFO,07/10/2024,09:50:18,52544.8,52551.35,15,52561.75,15,0,84750
BANKNIFTY-III.NFO,07/10/2024,09:50:20,52561.75,52560.5,30,52578.45,45,15,84750
BANKNIFTY-III.NFO,07/10/2024,09:50:22,52561.75,52561.95,15,52576.2,15,0,84750
BANKNIFTY-III.NFO,07/10/2024,09:50:23,52561.75,52569.75,15,52580,105,0,84750
BANKNIFTY-III.NFO,07/10/2024,09:50:25,52561.75,52569.8,15,52580,105,0,84750
BANKNIFTY-III.NFO,07/10/2024,09:50:27,52561.75,52571.85,45,52580,105,0,84750
BANKNIFTY-III.NFO,07/10/2024,09:50:28,52561.75,52571.9,15,52579.95,30,0,84750
BANKNIFTY-III.NFO,07/10/2024,09:50:30,52561.75,52571.95,15,52579.1,30,0,84750
BANKNIFTY-III.NFO,07/10/2024,09:50:32,52571.9,52553.45,15,52574.75,30,30,84750
BANKNIFTY-III.NFO,07/10/2024,09:50:33,52571.9,52562.45,15,52577.85,30,0,84750
BANKNIFTY-III.NFO,07/10/2024,09:50:35,52577.85,52562.9,30,52576.85,30,15,84750
BANKNIFTY-III.NFO,07/10/2024,09:50:37,52577.85,52551.3,30,52571.05,30,0,84750
BANKNIFTY-III.NFO,07/10/2024,09:50:38,52577.85,52557.3,45,52574,30,0,84750
BANKNIFTY-III.NFO,07/10/2024,09:50:40,52577.85,52557.75,30,52573.6,30,0,84750
BANKNIFTY-III.NFO,07/10/2024,09:50:42,52577.85,52554.3,45,52569,30,0,84750
BANKNIFTY-III.NFO,07/10/2024,09:50:43,52577.85,52556.4,45,52578.55,30,0,84750
BANKNIFTY-III.NFO,07/10/2024,09:50:45,52577.85,52565.8,30,52579.75,30,0,84750
BANKNIFTY-III.NFO,07/10/2024,09:50:47,52577.85,52567.45,30,52580,105,0,84750
BANKNIFTY-III.NFO,07/10/2024,09:50:48,52577.85,52569,300,52579.95,30,0,84750
BANKNIFTY-III.NFO,07/10/2024,09:50:50,52569,52569,270,52576.9,30,30,84750
BANKNIFTY-III.NFO,07/10/2024,09:50:52,52569,52569,195,52573,60,75,84750
BANKNIFTY-III.NFO,07/10/2024,09:50:53,52569,52569,180,52575.75,30,15,84750
BANKNIFTY-III.NFO,07/10/2024,09:50:55,52569,52569,180,52573.9,30,0,84750
BANKNIFTY-III.NFO,07/10/2024,09:50:57,52569,52569,135,52572.3,30,45,84750
BANKNIFTY-III.NFO,07/10/2024,09:50:58,52569,52569,75,52575.2,15,60,84750
BANKNIFTY-III.NFO,07/10/2024,09:51:00,52569,52569,60,52573.95,30,15,84750
BANKNIFTY-III.NFO,07/10/2024,09:51:02,52565.75,52562.35,45,52579.35,90,75,84750
BANKNIFTY-III.NFO,07/10/2024,09:51:03,52565.75,52561.95,45,52578.65,45,0,84750
BANKNIFTY-III.NFO,07/10/2024,09:51:05,52565.75,52565,30,52578.6,75,0,84750
BANKNIFTY-III.NFO,07/10/2024,09:51:07,52565.75,52570.35,45,52580,105,0,84750
BANKNIFTY-III.NFO,07/10/2024,09:51:08,52565.75,52570.45,45,52580,105,0,84750
BANKNIFTY-III.NFO,07/10/2024,09:51:10,52580,52562.4,45,52579.75,45,15,84750
BANKNIFTY-III.NFO,07/10/2024,09:51:12,52580,52565.4,45,52579.85,30,0,84750
BANKNIFTY-III.NFO,07/10/2024,09:51:13,52580,52561.25,30,52578.75,30,0,84750
BANKNIFTY-III.NFO,07/10/2024,09:51:15,52580,52561.5,30,52576.6,45,0,84750
BANKNIFTY-III.NFO,07/10/2024,09:51:17,52580,52565.15,30,52578.7,75,0,84750
BANKNIFTY-III.NFO,07/10/2024,09:51:18,52580,52563.95,30,52578.65,30,0,84750
BANKNIFTY-III.NFO,07/10/2024,09:51:20,52580,52560.95,45,52576.25,15,0,84750
BANKNIFTY-III.NFO,07/10/2024,09:51:22,52580,52571.5,30,52580,90,0,84750
BANKNIFTY-III.NFO,07/10/2024,09:51:23,52580,52573.65,45,52578,15,0,84750
BANKNIFTY-III.NFO,07/10/2024,09:51:25,52580,52577.65,45,52594.2,30,105,85065
BANKNIFTY-III.NFO,07/10/2024,09:51:27,52580,52581.8,45,52593.75,15,0,85065
BANKNIFTY-III.NFO,07/10/2024,09:51:28,52580,52577.4,45,52592.8,45,0,85065
BANKNIFTY-III.NFO,07/10/2024,09:51:30,52580,52579.6,45,52592.3,30,0,85065
BANKNIFTY-III.NFO,07/10/2024,09:51:32,52580,52579.8,45,52591.85,15,0,85065
BANKNIFTY-III.NFO,07/10/2024,09:51:33,52580,52579,45,52591.65,15,0,85065
BANKNIFTY-III.NFO,07/10/2024,09:51:35,52580,52578.25,45,52591.6,30,0,85065
BANKNIFTY-III.NFO,07/10/2024,09:51:37,52580,52576.3,30,52591.55,75,0,85065
BANKNIFTY-III.NFO,07/10/2024,09:51:38,52580,52587.65,30,52595,30,0,85065
BANKNIFTY-III.NFO,07/10/2024,09:51:40,52595,52595.6,45,52599,15,30,85065
BANKNIFTY-III.NFO,07/10/2024,09:51:42,52595,52591.95,30,52599,15,0,85065
BANKNIFTY-III.NFO,07/10/2024,09:51:43,52592.35,52590.7,15,52600,30,15,85065
BANKNIFTY-III.NFO,07/10/2024,09:51:45,52592.35,52596.1,15,52600,30,0,85065
BANKNIFTY-III.NFO,07/10/2024,09:51:47,52592.35,52599,75,52600,30,0,85065
BANKNIFTY-III.NFO,07/10/2024,09:51:52,52599,52586.25,15,52599.95,30,75,85065
BANKNIFTY-III.NFO,07/10/2024,09:51:53,52599,52586.3,15,52599.95,30,0,85065
BANKNIFTY-III.NFO,07/10/2024,09:51:57,52599,52588.25,15,52600,45,0,85065
BANKNIFTY-III.NFO,07/10/2024,09:51:58,52599,52591.35,15,52600,45,0,85065
BANKNIFTY-III.NFO,07/10/2024,09:52:00,52599,52588,15,52600,45,0,85065
BANKNIFTY-III.NFO,07/10/2024,09:52:02,52599,52587,45,52599.95,30,0,85065
BANKNIFTY-III.NFO,07/10/2024,09:52:03,52599,52588,30,52600,45,0,85065
BANKNIFTY-III.NFO,07/10/2024,09:52:05,52599,52597.15,15,52600,45,0,85065
BANKNIFTY-III.NFO,07/10/2024,09:52:07,52600,52605.35,45,52618.3,30,45,85065
BANKNIFTY-III.NFO,07/10/2024,09:52:08,52600,52605.65,45,52618.1,30,0,85065
BANKNIFTY-III.NFO,07/10/2024,09:52:10,52600,52608.05,45,52620,15,0,85065
BANKNIFTY-III.NFO,07/10/2024,09:52:12,52600,52610.65,45,52620,15,0,85065
BANKNIFTY-III.NFO,07/10/2024,09:52:13,52600,52606,45,52619.45,60,0,85065
BANKNIFTY-III.NFO,07/10/2024,09:52:15,52600,52609.2,45,52619.95,30,0,85065
BANKNIFTY-III.NFO,07/10/2024,09:52:17,52600,52604.45,45,52617.35,45,0,85065
BANKNIFTY-III.NFO,07/10/2024,09:52:18,52615,52599,60,52615.5,45,30,85065
BANKNIFTY-III.NFO,07/10/2024,09:52:20,52615,52599,75,52613.6,30,0,85065
BANKNIFTY-III.NFO,07/10/2024,09:52:22,52615,52600.75,30,52616.7,45,0,85065
BANKNIFTY-III.NFO,07/10/2024,09:52:23,52615,52600.2,15,52614.35,30,0,85065
BANKNIFTY-III.NFO,07/10/2024,09:52:25,52615,52599.2,45,52617.25,45,0,85065
BANKNIFTY-III.NFO,07/10/2024,09:52:27,52615,52599.1,15,52617.6,30,0,85065
BANKNIFTY-III.NFO,07/10/2024,09:52:28,52615,52599,15,52614.4,30,0,85065
BANKNIFTY-III.NFO,07/10/2024,09:52:30,52615,52599,15,52608.9,30,0,85065
BANKNIFTY-III.NFO,07/10/2024,09:52:32,52615,52599,15,52607.55,45,0,85065
BANKNIFTY-III.NFO,07/10/2024,09:52:33,52612.2,52599,15,52612.2,30,15,85065
BANKNIFTY-III.NFO,07/10/2024,09:52:35,52612.2,52596.6,45,52613.2,30,0,85065
BANKNIFTY-III.NFO,07/10/2024,09:52:37,52612.2,52592.05,45,52606.9,30,0,85065
BANKNIFTY-III.NFO,07/10/2024,09:52:38,52612.2,52592.05,45,52606.8,45,0,85065
BANKNIFTY-III.NFO,07/10/2024,09:52:40,52612.2,52583.95,45,52598.05,45,0,85065
BANKNIFTY-III.NFO,07/10/2024,09:52:42,52612.2,52578.95,45,52596.25,45,0,85065
BANKNIFTY-III.NFO,07/10/2024,09:52:43,52612.2,52586.15,60,52600.65,30,0,85065
BANKNIFTY-III.NFO,07/10/2024,09:52:45,52612.2,52582.2,60,52598.85,30,0,85065
BANKNIFTY-III.NFO,07/10/2024,09:52:47,52612.2,52583.7,45,52595.75,30,0,85065
BANKNIFTY-III.NFO,07/10/2024,09:52:48,52612.2,52583.85,60,52600.05,30,0,85065
BANKNIFTY-III.NFO,07/10/2024,09:52:50,52612.2,52584.3,45,52599.5,30,0,85065
BANKNIFTY-III.NFO,07/10/2024,09:52:52,52612.2,52576.65,45,52592.45,60,0,85065
BANKNIFTY-III.NFO,07/10/2024,09:52:53,52612.2,52576.65,45,52591.2,30,0,85065
BANKNIFTY-III.NFO,07/10/2024,09:52:55,52612.2,52579.65,45,52594,30,0,85065
BANKNIFTY-III.NFO,07/10/2024,09:52:57,52612.2,52574.55,60,52587.95,30,0,85065
BANKNIFTY-III.NFO,07/10/2024,09:52:58,52612.2,52581.75,45,52595.05,30,0,85065
BANKNIFTY-III.NFO,07/10/2024,09:53:00,52612.2,52584.5,75,52603.25,30,0,85065
BANKNIFTY-III.NFO,07/10/2024,09:53:02,52612.2,52589,45,52605.75,30,0,85065
BANKNIFTY-III.NFO,07/10/2024,09:53:03,52612.2,52589.7,30,52602.9,30,0,85065
BANKNIFTY-III.NFO,07/10/2024,09:53:05,52612.2,52594.3,30,52600,15,0,85065
BANKNIFTY-III.NFO,07/10/2024,09:53:07,52612.2,52590.8,30,52600,15,0,85065
BANKNIFTY-III.NFO,07/10/2024,09:53:08,52612.2,52588,45,52600,15,0,85065
BANKNIFTY-III.NFO,07/10/2024,09:53:10,52612.2,52590.8,30,52600,15,0,85065
BANKNIFTY-III.NFO,07/10/2024,09:53:12,52612.2,52586.45,45,52600,15,0,85065
BANKNIFTY-III.NFO,07/10/2024,09:53:13,52612.2,52586.4,75,52600,15,0,85065
BANKNIFTY-III.NFO,07/10/2024,09:53:15,52600,52603.9,45,52620,15,15,85065
BANKNIFTY-III.NFO,07/10/2024,09:53:17,52620,52623.3,45,52625,15,15,85065
BANKNIFTY-III.NFO,07/10/2024,09:53:18,52620,52615.75,30,52625,15,0,85065
BANKNIFTY-III.NFO,07/10/2024,09:53:20,52620,52617.6,30,52625,15,0,85065
BANKNIFTY-III.NFO,07/10/2024,09:53:22,52620,52619.7,45,52625,15,0,85065
BANKNIFTY-III.NFO,07/10/2024,09:53:23,52620,52610.75,45,52624.25,60,0,85065
BANKNIFTY-III.NFO,07/10/2024,09:53:25,52620,52610.95,30,52624.95,30,0,85065
BANKNIFTY-III.NFO,07/10/2024,09:53:27,52620,52609.6,60,52624.05,30,0,85065
BANKNIFTY-III.NFO,07/10/2024,09:53:28,52620,52608.15,60,52624.65,45,0,85065
BANKNIFTY-III.NFO,07/10/2024,09:53:30,52620,52613.25,45,52624.95,30,0,85065
BANKNIFTY-III.NFO,07/10/2024,09:53:32,52620,52616.05,45,52625,15,0,85065
BANKNIFTY-III.NFO,07/10/2024,09:53:33,52620,52620.4,30,52625,15,0,85065
BANKNIFTY-III.NFO,07/10/2024,09:53:35,52625,52625.8,45,52642.6,30,15,85065
BANKNIFTY-III.NFO,07/10/2024,09:53:37,52625,52627.05,45,52642,30,0,85065
BANKNIFTY-III.NFO,07/10/2024,09:53:38,52625,52626.75,45,52641.4,30,0,85065
BANKNIFTY-III.NFO,07/10/2024,09:53:40,52625,52623.8,45,52639.3,45,0,85065
BANKNIFTY-III.NFO,07/10/2024,09:53:42,52625,52619.65,45,52635.5,45,0,85065
BANKNIFTY-III.NFO,07/10/2024,09:53:43,52625,52619.8,45,52634.3,30,0,85065
BANKNIFTY-III.NFO,07/10/2024,09:53:45,52625,52616.15,45,52628.85,45,0,85065
BANKNIFTY-III.NFO,07/10/2024,09:53:47,52625,52613.6,45,52627.45,30,0,85065
BANKNIFTY-III.NFO,07/10/2024,09:53:48,52625,52603.3,30,52625.05,45,0,85065
BANKNIFTY-III.NFO,07/10/2024,09:53:50,52625,52603.5,15,52619.8,30,0,85065
BANKNIFTY-III.NFO,07/10/2024,09:53:52,52625,52597.35,15,52617.7,30,0,85065
BANKNIFTY-III.NFO,07/10/2024,09:53:53,52625,52598.4,45,52616.4,30,0,85065
BANKNIFTY-III.NFO,07/10/2024,09:53:55,52625,52600.75,45,52616.3,30,0,85065
BANKNIFTY-III.NFO,07/10/2024,09:53:57,52625,52598.35,45,52613.15,30,0,85065
BANKNIFTY-III.NFO,07/10/2024,09:53:58,52625,52596.2,45,52610.25,30,0,85065
BANKNIFTY-III.NFO,07/10/2024,09:54:00,52625,52599.15,45,52616.1,30,0,85065
BANKNIFTY-III.NFO,07/10/2024,09:54:02,52625,52598.5,45,52614.6,45,0,85065
BANKNIFTY-III.NFO,07/10/2024,09:54:03,52625,52602.75,30,52618.65,30,0,85065
BANKNIFTY-III.NFO,07/10/2024,09:54:05,52625,52603.6,30,52621.15,45,0,85065
BANKNIFTY-III.NFO,07/10/2024,09:54:07,52625,52607.95,45,52620.75,30,0,85065
BANKNIFTY-III.NFO,07/10/2024,09:54:08,52625,52607.75,45,52620.15,30,0,85065
BANKNIFTY-III.NFO,07/10/2024,09:54:10,52625,52607.1,15,52622,30,0,85065
BANKNIFTY-III.NFO,07/10/2024,09:54:12,52625,52608.1,45,52622.1,45,0,85065
BANKNIFTY-III.NFO,07/10/2024,09:54:13,52625,52605.05,45,52620.15,45,0,85065
BANKNIFTY-III.NFO,07/10/2024,09:54:15,52625,52603.85,45,52615.95,30,0,85065
BANKNIFTY-III.NFO,07/10/2024,09:54:17,52614.5,52604.4,45,52618.5,30,15,85110
BANKNIFTY-III.NFO,07/10/2024,09:54:18,52614.5,52607.25,45,52620.15,30,0,85110
BANKNIFTY-III.NFO,07/10/2024,09:54:20,52614.5,52610.1,45,52623.35,30,0,85110
BANKNIFTY-III.NFO,07/10/2024,09:54:22,52614.5,52601.1,45,52620.15,45,0,85110
BANKNIFTY-III.NFO,07/10/2024,09:54:23,52614.5,52600.2,45,52617.7,30,0,85110
BANKNIFTY-III.NFO,07/10/2024,09:54:25,52614.5,52607.5,75,52625.1,45,0,85110
BANKNIFTY-III.NFO,07/10/2024,09:54:27,52614.5,52604.5,45,52622.9,45,0,85110
BANKNIFTY-III.NFO,07/10/2024,09:54:28,52614.5,52608.4,45,52624.4,30,0,85110
BANKNIFTY-III.NFO,07/10/2024,09:54:30,52614.5,52607.7,45,52624.35,45,0,85110
BANKNIFTY-III.NFO,07/10/2024,09:54:32,52614.5,52609.85,30,52628.4,30,0,85110
BANKNIFTY-III.NFO,07/10/2024,09:54:33,52614.5,52614.35,45,52627.45,30,0,85110
BANKNIFTY-III.NFO,07/10/2024,09:54:35,52614.5,52615.5,45,52629.2,75,0,85110
BANKNIFTY-III.NFO,07/10/2024,09:54:37,52614.5,52614.45,30,52630.2,15,0,85110
BANKNIFTY-III.NFO,07/10/2024,09:54:38,52614.5,52616.4,30,52632.35,30,0,85110
BANKNIFTY-III.NFO,07/10/2024,09:54:40,52614.5,52617,45,52632.7,45,0,85110
BANKNIFTY-III.NFO,07/10/2024,09:54:42,52614.5,52604.75,30,52624.95,30,0,85110
BANKNIFTY-III.NFO,07/10/2024,09:54:43,52614.5,52604.6,30,52623.05,75,0,85110
BANKNIFTY-III.NFO,07/10/2024,09:54:45,52614.5,52606.55,45,52625,15,0,85110
BANKNIFTY-III.NFO,07/10/2024,09:54:47,52614.5,52609.95,45,52625,15,0,85110
BANKNIFTY-III.NFO,07/10/2024,09:54:48,52614.5,52611.2,45,52625,15,0,85110
BANKNIFTY-III.NFO,07/10/2024,09:54:50,52614.5,52611.2,30,52625,15,0,85110
BANKNIFTY-III.NFO,07/10/2024,09:54:52,52614.5,52610.7,45,52624.4,30,0,85110
BANKNIFTY-III.NFO,07/10/2024,09:54:53,52614.5,52616.15,30,52625,15,0,85110
BANKNIFTY-III.NFO,07/10/2024,09:54:55,52614.5,52609.9,30,52625,15,0,85110
BANKNIFTY-III.NFO,07/10/2024,09:54:57,52614.5,52613.25,30,52625,15,0,85110
BANKNIFTY-III.NFO,07/10/2024,09:54:58,52614.5,52622.5,30,52625,15,0,85110
BANKNIFTY-III.NFO,07/10/2024,09:55:00,52625,52636.75,45,52650.2,30,15,85110
BANKNIFTY-III.NFO,07/10/2024,09:55:02,52625,52637.9,45,52654.05,45,0,85110
BANKNIFTY-III.NFO,07/10/2024,09:55:03,52625,52637.2,30,52655.15,30,0,85110
BANKNIFTY-III.NFO,07/10/2024,09:55:05,52645.5,52645.6,45,52658.1,30,15,85110
BANKNIFTY-III.NFO,07/10/2024,09:55:07,52645.5,52637.7,45,52656.15,30,0,85110
BANKNIFTY-III.NFO,07/10/2024,09:55:08,52645.5,52632.45,60,52649.55,45,0,85110
BANKNIFTY-III.NFO,07/10/2024,09:55:10,52645.5,52622.9,30,52642.75,45,0,85110
BANKNIFTY-III.NFO,07/10/2024,09:55:12,52645.5,52621,45,52637.5,45,0,85110
BANKNIFTY-III.NFO,07/10/2024,09:55:13,52645.5,52624.75,60,52642.55,45,0,85110
BANKNIFTY-III.NFO,07/10/2024,09:55:15,52645.5,52626.25,45,52640.8,60,0,85110
BANKNIFTY-III.NFO,07/10/2024,09:55:17,52645.5,52621.35,60,52637.3,30,0,85110
BANKNIFTY-III.NFO,07/10/2024,09:55:18,52645.5,52626.3,45,52641.6,45,0,85110
BANKNIFTY-III.NFO,07/10/2024,09:55:20,52645.5,52628.85,45,52641.95,30,0,85110
BANKNIFTY-III.NFO,07/10/2024,09:55:22,52645.5,52624.15,45,52643.3,30,0,85110
BANKNIFTY-III.NFO,07/10/2024,09:55:23,52645.5,52624.9,45,52638.2,30,0,85110
BANKNIFTY-III.NFO,07/10/2024,09:55:25,52645.5,52625.8,45,52640.8,30,0,85110
BANKNIFTY-III.NFO,07/10/2024,09:55:27,52645.5,52621.5,60,52639,45,0,85110
BANKNIFTY-III.NFO,07/10/2024,09:55:28,52645.5,52621.95,60,52639.2,45,0,85110
BANKNIFTY-III.NFO,07/10/2024,09:55:30,52645.5,52620,30,52638.3,45,0,85110
BANKNIFTY-III.NFO,07/10/2024,09:55:32,52645.5,52620,30,52634,30,0,85110
BANKNIFTY-III.NFO,07/10/2024,09:55:33,52645.5,52620,30,52629,30,0,85110
BANKNIFTY-III.NFO,07/10/2024,09:55:35,52633.7,52621.3,45,52634.95,30,60,85110
BANKNIFTY-III.NFO,07/10/2024,09:55:37,52633.7,52633,45,52643.35,75,0,85110
BANKNIFTY-III.NFO,07/10/2024,09:55:38,52633.7,52630.55,60,52643.35,75,0,85110
BANKNIFTY-III.NFO,07/10/2024,09:55:40,52633.7,52628.55,45,52643.3,45,0,85110
BANKNIFTY-III.NFO,07/10/2024,09:55:42,52633.7,52622.25,60,52641.75,30,0,85110
BANKNIFTY-III.NFO,07/10/2024,09:55:43,52633.7,52620,30,52635.1,45,0,85110
BANKNIFTY-III.NFO,07/10/2024,09:55:47,52633.7,52620,30,52629.7,30,0,85110
BANKNIFTY-III.NFO,07/10/2024,09:55:49,52620,52620.1,60,52633,30,15,85110
BANKNIFTY-III.NFO,07/10/2024,09:55:50,52620,52620,15,52629.35,30,0,85110
BANKNIFTY-III.NFO,07/10/2024,09:55:52,52620,52620,15,52633.05,30,0,85110
BANKNIFTY-III.NFO,07/10/2024,09:55:55,52620,52620,15,52632.75,30,0,85110
BANKNIFTY-III.NFO,07/10/2024,09:55:57,52620,52620.05,45,52633.1,60,0,85110
BANKNIFTY-III.NFO,07/10/2024,09:55:59,52620,52620,255,52632.85,30,0,85110
BANKNIFTY-III.NFO,07/10/2024,09:56:00,52620,52620,255,52628.75,30,0,85110
BANKNIFTY-III.NFO,07/10/2024,09:56:02,52620,52620,255,52624.55,15,0,85110
BANKNIFTY-III.NFO,07/10/2024,09:56:04,52620,52620,255,52624.25,30,0,85110
BANKNIFTY-III.NFO,07/10/2024,09:56:05,52620,52620,255,52623.65,15,0,85110
BANKNIFTY-III.NFO,07/10/2024,09:56:07,52620,52620,255,52623.45,15,0,85110
BANKNIFTY-III.NFO,07/10/2024,09:56:09,52621,52620,255,52626.45,150,15,85110
BANKNIFTY-III.NFO,07/10/2024,09:56:10,52621,52620,255,52628.7,60,0,85110
BANKNIFTY-III.NFO,07/10/2024,09:56:12,52621,52620,255,52625.95,150,0,85110
BANKNIFTY-III.NFO,07/10/2024,09:56:14,52621,52620,255,52627.35,30,0,85110
BANKNIFTY-III.NFO,07/10/2024,09:56:15,52621,52620,255,52628.6,60,0,85110
BANKNIFTY-III.NFO,07/10/2024,09:56:17,52621,52620,255,52625.35,150,0,85110
