Ticker,Date,Time,LTP,BuyPrice,BuyQty,SellPrice,SellQty,LTQ,OpenInterest
NIFTY-III.NFO,11/06/2024,09:16:06,23500.95,23494,75,23500,50,1350,353200
NIFTY-III.NFO,11/06/2024,09:16:06,23494,23494,75,23500,50,0,353200
NIFTY-III.NFO,11/06/2024,09:16:06,23507.95,23494,75,23500,50,0,353200
NIFTY-III.NFO,11/06/2024,09:16:06,23480.05,23494,75,23500,50,0,353200
NIFTY-III.NFO,11/06/2024,09:17:16,23502.45,23500,125,23510.9,100,575,353200
NIFTY-III.NFO,11/06/2024,09:17:16,23514.1,23500,125,23510.9,100,0,353200
NIFTY-III.NFO,11/06/2024,09:18:16,23500.05,23497,100,23506.55,75,375,353200
NIFTY-III.NFO,11/06/2024,09:18:17,23500.05,23497,100,23506.55,75,0,353200
NIFTY-III.NFO,11/06/2024,09:18:19,23500.05,23497.6,150,23509.4,100,0,353200
NIFTY-III.NFO,11/06/2024,09:18:21,23500.05,23497.55,75,23509.3,100,0,353200
NIFTY-III.NFO,11/06/2024,09:18:22,23500.05,23497,100,23506.45,100,0,353200
NIFTY-III.NFO,11/06/2024,09:18:26,23500.05,23497,25,23506.35,100,0,353200
NIFTY-III.NFO,11/06/2024,09:18:27,23500.05,23497,25,23503.6,100,0,353200
NIFTY-III.NFO,11/06/2024,09:18:29,23500.05,23497,25,23502.95,100,25,353725
NIFTY-III.NFO,11/06/2024,09:18:31,23500.05,23497,25,23502.95,100,0,353725
NIFTY-III.NFO,11/06/2024,09:18:33,23500.05,23497,25,23500,100,0,353725
NIFTY-III.NFO,11/06/2024,09:18:36,23500.05,23497,25,23500,125,0,353725
NIFTY-III.NFO,11/06/2024,09:18:39,23500.05,23497,25,23499.95,100,0,353725
NIFTY-III.NFO,11/06/2024,09:18:41,23500.05,23497,25,23500,100,0,353725
NIFTY-III.NFO,11/06/2024,09:18:43,23500,23497,25,23499.95,100,75,353725
NIFTY-III.NFO,11/06/2024,09:18:44,23500,23497,25,23499.95,100,0,353725
NIFTY-III.NFO,11/06/2024,09:18:46,23494.95,23494.95,25,23499.4,100,275,353725
NIFTY-III.NFO,11/06/2024,09:18:48,23494.95,23494.25,100,23500,175,25,353725
NIFTY-III.NFO,11/06/2024,09:18:49,23494.25,23492.45,75,23500,175,25,353725
NIFTY-III.NFO,11/06/2024,09:18:51,23494.25,23494.95,25,23500,175,0,353725
NIFTY-III.NFO,11/06/2024,09:18:53,23494.25,23494.95,25,23498.85,100,0,353725
NIFTY-III.NFO,11/06/2024,09:18:56,23494.25,23494.95,25,23499.95,100,0,353725
NIFTY-III.NFO,11/06/2024,09:18:59,23494.25,23494.95,25,23499.85,100,0,353725
NIFTY-III.NFO,11/06/2024,09:19:01,23494.25,23494.95,25,23498.95,100,0,353725
NIFTY-III.NFO,11/06/2024,09:19:03,23494.95,23490.65,25,23495.6,100,25,353725
NIFTY-III.NFO,11/06/2024,09:19:04,23494.95,23490.65,25,23494.7,100,0,353725
NIFTY-III.NFO,11/06/2024,09:19:06,23490.65,23490.05,25,23494.75,75,100,353725
NIFTY-III.NFO,11/06/2024,09:19:08,23490.65,23490.05,25,23496.25,100,0,353725
NIFTY-III.NFO,11/06/2024,09:19:09,23490.65,23490.05,25,23494.7,175,0,353725
NIFTY-III.NFO,11/06/2024,09:19:11,23494.7,23490.65,25,23494.65,100,100,353725
NIFTY-III.NFO,11/06/2024,09:19:13,23490.65,23490.1,100,23494.7,100,25,353725
NIFTY-III.NFO,11/06/2024,09:19:14,23490.65,23490.1,100,23494.7,100,0,353725
NIFTY-III.NFO,11/06/2024,09:19:27,23490,23490.35,75,23499.65,100,225,353725
NIFTY-III.NFO,11/06/2024,09:20:33,23509.05,23509.05,100,23519.45,25,1225,353725
NIFTY-III.NFO,11/06/2024,09:20:33,23521.2,23509.05,100,23519.45,25,0,353725
NIFTY-III.NFO,11/06/2024,09:21:35,23518.1,23511.75,25,23518.05,100,500,353775
NIFTY-III.NFO,11/06/2024,09:21:35,23523.95,23511.75,25,23518.05,100,0,353775
NIFTY-III.NFO,11/06/2024,09:22:38,23523.05,23523.05,175,23524,25,1300,353775
NIFTY-III.NFO,11/06/2024,09:23:16,23524,23520.05,200,23526.05,100,325,353775
NIFTY-III.NFO,11/06/2024,09:23:16,23530,23520.05,200,23526.05,100,0,353775
NIFTY-III.NFO,11/06/2024,09:23:18,23524,23520.05,25,23526.05,100,0,353775
NIFTY-III.NFO,11/06/2024,09:23:19,23524,23520.1,100,23526.05,100,0,353775
NIFTY-III.NFO,11/06/2024,09:23:23,23524,23520,75,23526.05,100,0,353775
NIFTY-III.NFO,11/06/2024,09:23:24,23524,23520.05,200,23526.05,100,0,353775
NIFTY-III.NFO,11/06/2024,09:23:26,23524,23520.05,25,23523.95,175,0,353775
NIFTY-III.NFO,11/06/2024,09:23:28,23524,23520.05,25,23523.95,100,0,353775
NIFTY-III.NFO,11/06/2024,09:23:29,23524,23520.1,100,23524,125,0,353775
NIFTY-III.NFO,11/06/2024,09:23:31,23524,23520.05,25,23523.95,100,0,353775
NIFTY-III.NFO,11/06/2024,09:23:32,23524,23520.05,25,23524,125,0,353775
NIFTY-III.NFO,11/06/2024,09:23:34,23524,23520.1,100,23524,75,0,353775
NIFTY-III.NFO,11/06/2024,09:23:36,23524,23520.1,100,23524,400,0,353775
NIFTY-III.NFO,11/06/2024,09:23:37,23524,23520,50,23523.95,100,0,353775
NIFTY-III.NFO,11/06/2024,09:23:41,23524,23520.05,100,23524,375,0,353775
NIFTY-III.NFO,11/06/2024,09:23:42,23524,23520.05,100,23524,450,0,353775
NIFTY-III.NFO,11/06/2024,09:23:47,23524,23520.15,75,23524,325,75,353775
NIFTY-III.NFO,11/06/2024,09:23:49,23524,23520.05,150,23524,300,25,353775
NIFTY-III.NFO,11/06/2024,09:23:51,23524,23520.15,75,23524,250,50,353775
NIFTY-III.NFO,11/06/2024,09:23:52,23524,23520,25,23523.95,75,75,353775
NIFTY-III.NFO,11/06/2024,09:23:54,23524,23520.05,150,23524,150,50,353775
NIFTY-III.NFO,11/06/2024,09:23:55,23524,23520.05,75,23524,125,25,353775
NIFTY-III.NFO,11/06/2024,09:23:57,23524,23520,25,23524,175,50,353775
NIFTY-III.NFO,11/06/2024,09:23:59,23524,23520.05,75,23524,50,50,353775
NIFTY-III.NFO,11/06/2024,09:24:00,23525,23520.15,75,23525,25,75,353775
NIFTY-III.NFO,11/06/2024,09:24:02,23525,23521.1,75,23529.95,100,25,353775
NIFTY-III.NFO,11/06/2024,09:24:04,23525,23521.1,75,23529.95,175,0,353775
NIFTY-III.NFO,11/06/2024,09:24:05,23525,23524,25,23529.95,175,0,353775
NIFTY-III.NFO,11/06/2024,09:24:07,23524,23524.05,75,23529.95,100,25,353775
NIFTY-III.NFO,11/06/2024,09:24:09,23524,23524.05,75,23530,75,0,353775
NIFTY-III.NFO,11/06/2024,09:24:12,23524,23524.05,75,23529.95,100,0,353775
NIFTY-III.NFO,11/06/2024,09:24:14,23524,23524.05,75,23530,75,0,353775
NIFTY-III.NFO,11/06/2024,09:24:16,23524.05,23524.25,50,23530,75,25,353775
NIFTY-III.NFO,11/06/2024,09:24:17,23524.05,23524.05,50,23529.95,175,0,353775
NIFTY-III.NFO,11/06/2024,09:24:19,23524.05,23524.05,50,23530,75,0,353775
NIFTY-III.NFO,11/06/2024,09:24:22,23524.05,23524.05,50,23529.95,100,0,353775
NIFTY-III.NFO,11/06/2024,09:24:24,23529.95,23524.05,75,23529.95,175,25,353775
NIFTY-III.NFO,11/06/2024,09:24:25,23524.05,23524,100,23529.95,175,25,353775
NIFTY-III.NFO,11/06/2024,09:24:27,23524.05,23524.05,125,23529.95,175,0,353775
NIFTY-III.NFO,11/06/2024,09:24:29,23524.05,23524.05,125,23529.95,100,0,353775
NIFTY-III.NFO,11/06/2024,09:24:30,23529.95,23524.05,75,23529.95,175,25,353775
NIFTY-III.NFO,11/06/2024,09:24:32,23529.95,23524,100,23529.95,175,0,353775
NIFTY-III.NFO,11/06/2024,09:24:34,23529.95,23524,25,23529.95,175,0,353775
NIFTY-III.NFO,11/06/2024,09:24:35,23529.95,23524,25,23528.85,100,0,353775
NIFTY-III.NFO,11/06/2024,09:24:39,23529.95,23524,100,23529.95,100,0,353775
NIFTY-III.NFO,11/06/2024,09:24:40,23529.95,23524.05,75,23529.95,225,0,353775
NIFTY-III.NFO,11/06/2024,09:24:42,23529.95,23524.05,75,23529.95,150,0,353775
NIFTY-III.NFO,11/06/2024,09:24:43,23529.95,23524,25,23529.95,225,0,353775
NIFTY-III.NFO,11/06/2024,09:24:45,23529.95,23524.05,75,23529.95,50,0,353775
NIFTY-III.NFO,11/06/2024,09:24:47,23529.95,23524.05,75,23529.9,100,0,353775
NIFTY-III.NFO,11/06/2024,09:24:48,23529.95,23524.05,75,23529.95,50,0,353775
NIFTY-III.NFO,11/06/2024,09:24:50,23529.95,23524.05,150,23529.9,175,0,353775
NIFTY-III.NFO,11/06/2024,09:24:52,23529.95,23524.05,150,23529.95,50,0,353775
NIFTY-III.NFO,11/06/2024,09:24:55,23529.95,23524.05,150,23529.9,100,0,353775
NIFTY-III.NFO,11/06/2024,09:24:56,23529.95,23524.05,150,23529.95,50,0,353775
NIFTY-III.NFO,11/06/2024,09:25:00,23529.95,23524.05,150,23529.95,25,25,355375
NIFTY-III.NFO,11/06/2024,09:25:01,23529.95,23524.5,75,23529.95,25,0,355375
NIFTY-III.NFO,11/06/2024,09:25:03,23529.95,23525.15,75,23529.95,25,0,355375
NIFTY-III.NFO,11/06/2024,09:25:05,23529.95,23526.1,75,23529.95,25,0,355375
NIFTY-III.NFO,11/06/2024,09:25:06,23529.95,23527,75,23529.95,25,0,355375
NIFTY-III.NFO,11/06/2024,09:25:09,23529.95,23527.7,75,23529.95,25,0,355375
NIFTY-III.NFO,11/06/2024,09:25:11,23530,23527.7,75,23534,75,175,355375
NIFTY-III.NFO,11/06/2024,09:25:13,23534,23531.85,75,23535,75,75,355375
NIFTY-III.NFO,11/06/2024,09:25:13,23534,23531.85,75,23535,75,0,355375
NIFTY-III.NFO,11/06/2024,09:25:48,23535.5,23535.4,100,23535.5,125,1125,355375
NIFTY-III.NFO,11/06/2024,09:25:48,23536.65,23535.4,100,23535.5,125,0,355375
NIFTY-III.NFO,11/06/2024,09:26:52,23540,23537.05,50,23540,250,375,355375
NIFTY-III.NFO,11/06/2024,09:26:52,23545,23537.05,50,23540,250,0,355375
NIFTY-III.NFO,11/06/2024,09:27:54,23535,23530.05,100,23536.95,175,450,356650
NIFTY-III.NFO,11/06/2024,09:28:58,23536,23536,125,23539.9,100,150,356650
NIFTY-III.NFO,11/06/2024,09:30:03,23532.15,23530.1,25,23534.95,175,650,356650
NIFTY-III.NFO,11/06/2024,09:30:16,23530.5,23530.05,25,23534.95,175,50,356650
NIFTY-III.NFO,11/06/2024,09:30:17,23530.5,23530,150,23534.95,175,0,356650
NIFTY-III.NFO,11/06/2024,09:30:22,23530.5,23530,125,23534.95,175,0,356650
NIFTY-III.NFO,11/06/2024,09:30:26,23530.5,23530.5,25,23534.95,175,0,356650
NIFTY-III.NFO,11/06/2024,09:30:31,23530.5,23530.55,75,23534.95,100,0,356650
NIFTY-III.NFO,11/06/2024,09:30:32,23530.5,23530.55,150,23534.95,100,0,356650
NIFTY-III.NFO,11/06/2024,09:30:34,23530.5,23530.55,150,23535,50,0,356650
NIFTY-III.NFO,11/06/2024,09:30:37,23530.5,23531.75,150,23535,50,0,356650
NIFTY-III.NFO,11/06/2024,09:30:39,23530.5,23531.05,150,23535,50,0,356650
NIFTY-III.NFO,11/06/2024,09:30:41,23530.5,23532.15,75,23535,50,0,356650
NIFTY-III.NFO,11/06/2024,09:30:42,23530.5,23532.05,75,23535,50,0,356650
NIFTY-III.NFO,11/06/2024,09:30:44,23530.5,23533.1,75,23535,50,0,356650
NIFTY-III.NFO,11/06/2024,09:30:46,23535,23534.2,75,23535,25,25,356650
NIFTY-III.NFO,11/06/2024,09:30:47,23535,23535.45,25,23539.1,175,25,357125
NIFTY-III.NFO,11/06/2024,09:30:49,23535,23533.25,150,23539.1,175,0,357125
NIFTY-III.NFO,11/06/2024,09:30:51,23535,23534.4,75,23539.15,25,0,357125
NIFTY-III.NFO,11/06/2024,09:30:52,23535,23535.4,75,23539.15,25,0,357125
NIFTY-III.NFO,11/06/2024,09:30:54,23535,23536.35,75,23539.15,25,0,357125
NIFTY-III.NFO,11/06/2024,09:30:56,23535,23536.55,75,23538,50,0,357125
NIFTY-III.NFO,11/06/2024,09:30:59,23538,23537.5,75,23539.15,25,50,357125
NIFTY-III.NFO,11/06/2024,09:31:01,23538,23535.7,150,23539.15,25,0,357125
NIFTY-III.NFO,11/06/2024,09:31:02,23538,23535.85,25,23539.1,175,0,357125
NIFTY-III.NFO,11/06/2024,09:31:04,23538,23535.8,25,23539.1,175,0,357125
NIFTY-III.NFO,11/06/2024,09:31:07,23538,23532.1,75,23539.1,175,0,357125
NIFTY-III.NFO,11/06/2024,09:31:09,23538,23531.85,25,23539.1,175,0,357125
NIFTY-III.NFO,11/06/2024,09:31:11,23538,23530.5,25,23539.1,175,0,357125
NIFTY-III.NFO,11/06/2024,09:31:12,23538,23530,300,23539,100,0,357125
NIFTY-III.NFO,11/06/2024,09:31:14,23538,23530,300,23538.45,100,0,357125
NIFTY-III.NFO,11/06/2024,09:31:16,23538,23530,175,23536.6,100,125,357125
NIFTY-III.NFO,11/06/2024,09:31:17,23538,23530,175,23535.75,100,0,357125
NIFTY-III.NFO,11/06/2024,09:31:22,23538,23530.05,75,23538.45,100,0,357125
NIFTY-III.NFO,11/06/2024,09:31:24,23538,23530,250,23534.95,100,0,357125
NIFTY-III.NFO,11/06/2024,09:31:31,23530.05,23530,175,23534.95,175,25,357125
NIFTY-III.NFO,11/06/2024,09:31:32,23530.05,23530,175,23534.95,175,0,357125
NIFTY-III.NFO,11/06/2024,09:31:34,23534.95,23530,175,23534.95,175,25,357125
NIFTY-III.NFO,11/06/2024,09:31:35,23534.95,23530.05,150,23535,25,0,357125
NIFTY-III.NFO,11/06/2024,09:31:37,23534.95,23531.2,75,23535,25,0,357125
NIFTY-III.NFO,11/06/2024,09:31:39,23534.95,23530.4,75,23534.95,25,0,357125
NIFTY-III.NFO,11/06/2024,09:31:40,23530.4,23532.3,50,23534.95,25,25,357125
NIFTY-III.NFO,11/06/2024,09:31:42,23530.4,23531.2,25,23534.9,100,0,357125
NIFTY-III.NFO,11/06/2024,09:31:44,23530.4,23531.15,25,23534.9,100,0,357125
NIFTY-III.NFO,11/06/2024,09:31:45,23530.4,23530.05,50,23534.9,175,0,357125
NIFTY-III.NFO,11/06/2024,09:31:47,23530.4,23530.05,125,23534.95,25,0,357125
NIFTY-III.NFO,11/06/2024,09:31:49,23530.4,23530,175,23534.9,175,0,357125
NIFTY-III.NFO,11/06/2024,09:31:50,23530.4,23530.05,50,23534.9,175,0,357125
NIFTY-III.NFO,11/06/2024,09:31:52,23530.4,23530.05,50,23534.9,75,0,357125
NIFTY-III.NFO,11/06/2024,09:31:54,23530.4,23530.05,50,23534.85,100,0,357125
NIFTY-III.NFO,11/06/2024,09:31:55,23530,23527.25,50,23530,25,50,357125
NIFTY-III.NFO,11/06/2024,09:31:57,23530,23527.25,125,23530,25,0,357125
NIFTY-III.NFO,11/06/2024,09:31:59,23530,23527.25,50,23530,25,0,357125
NIFTY-III.NFO,11/06/2024,09:32:00,23530,23527.25,125,23534.85,100,25,357125
NIFTY-III.NFO,11/06/2024,09:32:02,23530,23527.65,50,23534.85,100,0,357125
NIFTY-III.NFO,11/06/2024,09:32:03,23530,23526.4,125,23534.95,175,0,357125
NIFTY-III.NFO,11/06/2024,09:32:05,23530,23525.05,125,23534.95,175,0,357125
NIFTY-III.NFO,11/06/2024,09:32:07,23520,23520,150,23524.75,100,75,357125
NIFTY-III.NFO,11/06/2024,09:32:08,23520,23520,150,23525.55,100,0,357125
NIFTY-III.NFO,11/06/2024,09:32:10,23520,23520.05,25,23526.85,100,0,357125
NIFTY-III.NFO,11/06/2024,09:32:12,23520,23520.05,25,23530.4,100,0,357125
NIFTY-III.NFO,11/06/2024,09:32:13,23525.15,23525.2,75,23534.9,100,50,357125
NIFTY-III.NFO,11/06/2024,09:32:15,23525.15,23523.65,150,23534.9,100,0,357125
NIFTY-III.NFO,11/06/2024,09:32:17,23525.15,23522.5,75,23533.4,100,0,357125
NIFTY-III.NFO,11/06/2024,09:32:18,23525.15,23522.5,75,23532.7,100,0,357125
NIFTY-III.NFO,11/06/2024,09:32:20,23525.15,23520,25,23529.85,100,0,357125
NIFTY-III.NFO,11/06/2024,09:32:22,23525.15,23520,100,23528.65,100,0,357125
NIFTY-III.NFO,11/06/2024,09:32:25,23528.65,23518.15,25,23526.9,100,25,357125
NIFTY-III.NFO,11/06/2024,09:32:27,23528.65,23518.15,25,23526.9,100,0,357125
NIFTY-III.NFO,11/06/2024,09:32:28,23528.65,23518.15,100,23526.9,100,0,357125
NIFTY-III.NFO,11/06/2024,09:32:30,23528.65,23518.15,100,23525,100,0,357125
NIFTY-III.NFO,11/06/2024,09:32:32,23528.65,23518.55,25,23525,25,0,357125
NIFTY-III.NFO,11/06/2024,09:32:33,23528.65,23518.55,25,23525,100,0,357125
NIFTY-III.NFO,11/06/2024,09:32:35,23528.65,23518.15,25,23524.95,100,0,357125
NIFTY-III.NFO,11/06/2024,09:32:37,23528.65,23518.15,100,23524.95,100,0,357125
NIFTY-III.NFO,11/06/2024,09:32:38,23528.65,23518.15,100,23525,100,0,357125
NIFTY-III.NFO,11/06/2024,09:32:42,23518.45,23518.55,75,23524.95,100,25,357125
NIFTY-III.NFO,11/06/2024,09:32:43,23518.45,23518.9,150,23525,100,0,357125
NIFTY-III.NFO,11/06/2024,09:32:45,23518.45,23519.6,150,23525,100,0,357125
NIFTY-III.NFO,11/06/2024,09:32:47,23518.45,23518.1,25,23524.95,100,0,357125
NIFTY-III.NFO,11/06/2024,09:32:48,23525,23520.1,150,23527.25,75,25,357125
NIFTY-III.NFO,11/06/2024,09:32:50,23525,23518.95,150,23527.2,100,0,357125
NIFTY-III.NFO,11/06/2024,09:32:52,23518.95,23518.55,50,23527.2,100,25,357125
NIFTY-III.NFO,11/06/2024,09:32:53,23518.95,23522.45,125,23528.65,50,0,357125
NIFTY-III.NFO,11/06/2024,09:32:55,23518.95,23521.2,75,23528.6,100,0,357125
NIFTY-III.NFO,11/06/2024,09:32:57,23518.95,23519.85,75,23528.6,100,0,357125
NIFTY-III.NFO,11/06/2024,09:32:58,23519.25,23519.25,50,23528.6,100,100,357125
NIFTY-III.NFO,11/06/2024,09:33:00,23519.25,23519.55,125,23528.6,100,0,357125
NIFTY-III.NFO,11/06/2024,09:33:02,23519.25,23518.1,100,23528.6,100,0,357125
NIFTY-III.NFO,11/06/2024,09:33:03,23519.25,23518.2,50,23527.5,100,0,357125
NIFTY-III.NFO,11/06/2024,09:33:05,23519.25,23518.1,100,23527.5,100,0,357125
NIFTY-III.NFO,11/06/2024,09:33:08,23519.25,23518.1,25,23527.2,100,0,357125
NIFTY-III.NFO,11/06/2024,09:33:10,23519.25,23518.1,100,23527.1,100,0,357125
NIFTY-III.NFO,11/06/2024,09:33:12,23519.25,23518.1,100,23526.3,100,0,357125
NIFTY-III.NFO,11/06/2024,09:33:19,23518.1,23518.1,75,23526.3,100,25,357125
NIFTY-III.NFO,11/06/2024,09:34:21,23510,23505.4,100,23513.15,25,325,357400
NIFTY-III.NFO,11/06/2024,09:35:24,23500.95,23500.95,175,23502.8,300,950,357400
NIFTY-III.NFO,11/06/2024,09:36:27,23490.8,23492.05,100,23500,850,700,357400
NIFTY-III.NFO,11/06/2024,09:37:30,23492.25,23491,75,23501.25,100,425,356800
NIFTY-III.NFO,11/06/2024,09:38:33,23470,23470.05,100,23474,25,1100,356800
NIFTY-III.NFO,11/06/2024,09:38:33,23470,23470.05,100,23474,25,0,356800
NIFTY-III.NFO,11/06/2024,09:39:15,23489.95,23481.1,50,23489.95,175,425,356800
NIFTY-III.NFO,11/06/2024,09:39:16,23489.85,23481.1,75,23489.65,175,25,356800
NIFTY-III.NFO,11/06/2024,09:39:18,23489.85,23481.1,75,23489.95,175,0,356800
NIFTY-III.NFO,11/06/2024,09:39:20,23489.85,23489.85,25,23489.95,175,0,356800
NIFTY-III.NFO,11/06/2024,09:39:21,23489.85,23489.85,25,23489.95,100,0,356800
NIFTY-III.NFO,11/06/2024,09:39:23,23489.85,23485.05,75,23489.95,100,50,356800
NIFTY-III.NFO,11/06/2024,09:39:25,23489.85,23481.1,100,23489.95,175,0,356800
NIFTY-III.NFO,11/06/2024,09:39:31,23489.85,23479.55,100,23489.15,100,0,356800
NIFTY-III.NFO,11/06/2024,09:39:33,23479.55,23479.55,75,23489.15,100,25,356800
NIFTY-III.NFO,11/06/2024,09:39:35,23479.55,23479.55,75,23489.15,100,0,356800
NIFTY-III.NFO,11/06/2024,09:39:36,23479.55,23476.6,75,23485.35,100,0,356800
NIFTY-III.NFO,11/06/2024,09:39:43,23479.55,23480,25,23485.25,100,0,356800
NIFTY-III.NFO,11/06/2024,09:39:45,23480,23475,100,23481.7,100,25,356725
NIFTY-III.NFO,11/06/2024,09:39:46,23479.55,23475,100,23479.4,100,50,356725
NIFTY-III.NFO,11/06/2024,09:39:48,23479.55,23475,100,23479.4,100,0,356725
NIFTY-III.NFO,11/06/2024,09:39:50,23475,23475,75,23479.4,100,25,356725
NIFTY-III.NFO,11/06/2024,09:39:51,23475,23475.05,75,23480.65,175,0,356725
NIFTY-III.NFO,11/06/2024,09:39:53,23475,23475.05,75,23484.25,100,0,356725
NIFTY-III.NFO,11/06/2024,09:39:55,23475,23475.05,150,23482.75,100,0,356725
NIFTY-III.NFO,11/06/2024,09:39:56,23475,23475.05,150,23484.4,100,0,356725
NIFTY-III.NFO,11/06/2024,09:39:58,23475,23475.05,150,23483.45,100,0,356725
NIFTY-III.NFO,11/06/2024,09:40:00,23475,23475,100,23481.05,100,0,356725
NIFTY-III.NFO,11/06/2024,09:40:01,23475,23475,100,23479.85,100,0,356725
NIFTY-III.NFO,11/06/2024,09:40:03,23475,23475,100,23479.85,175,0,356725
NIFTY-III.NFO,11/06/2024,09:40:05,23472.05,23470.05,125,23477.8,100,175,356725
NIFTY-III.NFO,11/06/2024,09:40:06,23472.05,23470.05,125,23477.8,100,0,356725
NIFTY-III.NFO,11/06/2024,09:40:10,23472.05,23470.05,125,23479.8,100,0,356725
NIFTY-III.NFO,11/06/2024,09:40:11,23472.05,23470.05,125,23478.4,100,0,356725
NIFTY-III.NFO,11/06/2024,09:40:13,23472.05,23470.05,125,23472.05,25,0,356725
NIFTY-III.NFO,11/06/2024,09:40:34,23472.05,23470.75,50,23482.2,100,0,356725
NIFTY-III.NFO,11/06/2024,09:41:36,23485,23487.35,100,23490,125,150,356725
NIFTY-III.NFO,11/06/2024,09:42:15,23491.45,23493.15,100,23500.95,175,225,356725
NIFTY-III.NFO,11/06/2024,09:42:16,23491.45,23494.7,125,23500.95,100,0,356725
NIFTY-III.NFO,11/06/2024,09:42:18,23495.95,23494.7,75,23500.95,175,50,356725
NIFTY-III.NFO,11/06/2024,09:42:20,23495.95,23492.2,100,23500.95,175,0,356725
NIFTY-III.NFO,11/06/2024,09:42:21,23495.95,23492,125,23500.95,175,0,356725
NIFTY-III.NFO,11/06/2024,09:42:24,23495.95,23495.55,25,23500.95,100,0,356725
NIFTY-III.NFO,11/06/2024,09:42:26,23495.95,23494.45,100,23501,100,0,356725
NIFTY-III.NFO,11/06/2024,09:42:28,23495.95,23494.35,75,23501,100,0,356725
NIFTY-III.NFO,11/06/2024,09:42:29,23495.95,23493.8,50,23500.95,100,0,356725
NIFTY-III.NFO,11/06/2024,09:42:31,23495.95,23496,125,23501,25,0,356725
NIFTY-III.NFO,11/06/2024,09:42:33,23495.95,23496.05,100,23501,25,0,356725
NIFTY-III.NFO,11/06/2024,09:42:34,23495.95,23495.45,100,23501,100,0,356725
NIFTY-III.NFO,11/06/2024,09:42:36,23495.95,23493.65,50,23500.95,100,0,356725
NIFTY-III.NFO,11/06/2024,09:42:38,23495.95,23494.05,100,23500.95,100,0,356725
NIFTY-III.NFO,11/06/2024,09:42:39,23495.95,23494.05,25,23500.95,100,0,356725
NIFTY-III.NFO,11/06/2024,09:42:41,23495.95,23495,125,23500.95,100,0,356725
NIFTY-III.NFO,11/06/2024,09:42:43,23495.95,23495,125,23498.5,100,0,356725
NIFTY-III.NFO,11/06/2024,09:42:44,23495.95,23495,125,23499.95,175,0,356725
NIFTY-III.NFO,11/06/2024,09:42:48,23495.95,23495,200,23500,25,0,356725
NIFTY-III.NFO,11/06/2024,09:42:49,23495.95,23495,125,23499.95,175,0,356725
NIFTY-III.NFO,11/06/2024,09:42:51,23495.95,23495.05,25,23495.95,25,0,356725
NIFTY-III.NFO,11/06/2024,09:42:53,23495.95,23495,125,23495.95,25,0,356725
NIFTY-III.NFO,11/06/2024,09:42:54,23495.95,23495,125,23495.95,100,0,356725
NIFTY-III.NFO,11/06/2024,09:42:59,23495.95,23495,125,23495.95,25,0,356725
NIFTY-III.NFO,11/06/2024,09:43:03,23495.95,23495,125,23495.9,175,0,356725
NIFTY-III.NFO,11/06/2024,09:43:06,23495,23495,100,23495.95,100,125,356750
NIFTY-III.NFO,11/06/2024,09:43:08,23495,23495,100,23495.95,100,0,356750
NIFTY-III.NFO,11/06/2024,09:43:09,23495,23495,100,23495.9,175,0,356750
NIFTY-III.NFO,11/06/2024,09:43:11,23495,23495,75,23495.95,100,25,356750
NIFTY-III.NFO,11/06/2024,09:43:13,23495.95,23495,75,23497.4,100,25,356750
NIFTY-III.NFO,11/06/2024,09:43:14,23495.95,23495,75,23499.5,100,0,356750
NIFTY-III.NFO,11/06/2024,09:43:15,23495.95,23495,150,23499.95,100,0,356750
NIFTY-III.NFO,11/06/2024,09:43:23,23495.95,23495,150,23495.95,25,0,356750
NIFTY-III.NFO,11/06/2024,09:43:25,23495.95,23495,275,23495.95,25,0,356750
NIFTY-III.NFO,11/06/2024,09:43:28,23500,23498.55,75,23501,25,50,356750
NIFTY-III.NFO,11/06/2024,09:43:30,23501,23501.5,100,23509.95,175,25,356750
NIFTY-III.NFO,11/06/2024,09:43:31,23501,23501.5,100,23509.95,175,0,356750
NIFTY-III.NFO,11/06/2024,09:43:33,23501.5,23500.2,100,23509.95,175,50,356750
NIFTY-III.NFO,11/06/2024,09:43:35,23501.5,23500,100,23508.55,100,0,356750
NIFTY-III.NFO,11/06/2024,09:43:36,23501.5,23499,100,23507.55,100,0,356750
NIFTY-III.NFO,11/06/2024,09:43:38,23501.5,23500.2,100,23508.55,100,0,356750
NIFTY-III.NFO,11/06/2024,09:43:40,23501.5,23500.95,75,23509.9,100,0,356750
NIFTY-III.NFO,11/06/2024,09:43:41,23501.5,23501.35,75,23509.95,175,0,356750
NIFTY-III.NFO,11/06/2024,09:43:45,23501.5,23502.6,75,23509.95,175,0,356750
NIFTY-III.NFO,11/06/2024,09:43:48,23501.5,23504.2,125,23510,75,0,356750
NIFTY-III.NFO,11/06/2024,09:43:50,23501.5,23502.6,75,23509.95,100,0,356750
NIFTY-III.NFO,11/06/2024,09:43:53,23501.5,23501.45,25,23509.95,100,0,356750
NIFTY-III.NFO,11/06/2024,09:43:55,23501.5,23501.75,75,23509.95,100,0,356750
NIFTY-III.NFO,11/06/2024,09:43:56,23501.5,23502.3,125,23509.95,100,0,356750
NIFTY-III.NFO,11/06/2024,09:43:58,23501.5,23503.25,75,23509.95,100,0,356750
NIFTY-III.NFO,11/06/2024,09:43:59,23501.5,23504.65,25,23510,75,0,356750
NIFTY-III.NFO,11/06/2024,09:44:01,23501.5,23505.4,50,23510,75,0,356750
NIFTY-III.NFO,11/06/2024,09:44:03,23510,23505.25,50,23510,50,50,356750
NIFTY-III.NFO,11/06/2024,09:44:04,23510,23504.85,25,23510,125,0,356750
NIFTY-III.NFO,11/06/2024,09:44:06,23510,23500.75,50,23509.95,100,0,356750
NIFTY-III.NFO,11/06/2024,09:44:08,23510,23500,25,23508.8,100,0,356750
NIFTY-III.NFO,11/06/2024,09:44:09,23510,23500,100,23507.95,100,0,356750
NIFTY-III.NFO,11/06/2024,09:44:13,23510,23500,225,23507.95,100,0,356750
NIFTY-III.NFO,11/06/2024,09:44:47,23510.9,23510.05,175,23513.5,25,500,356750
NIFTY-III.NFO,11/06/2024,09:45:16,23513.5,23511.05,175,23519.95,175,25,356750
NIFTY-III.NFO,11/06/2024,09:45:17,23513.5,23511.05,175,23519.95,175,0,356750
NIFTY-III.NFO,11/06/2024,09:45:26,23513.5,23515.55,100,23520,375,0,356750
NIFTY-III.NFO,11/06/2024,09:45:27,23515.55,23515.55,75,23520,375,25,356750
NIFTY-III.NFO,11/06/2024,09:45:29,23520,23519.45,75,23520,175,200,356750
NIFTY-III.NFO,11/06/2024,09:45:31,23520,23519.95,75,23520,125,50,356750
NIFTY-III.NFO,11/06/2024,09:45:32,23520,23524.45,150,23524.95,25,125,356750
NIFTY-III.NFO,11/06/2024,09:45:34,23520,23524.45,150,23524.95,25,0,356750
NIFTY-III.NFO,11/06/2024,09:45:36,23520,23524.4,25,23524.95,25,0,356750
NIFTY-III.NFO,11/06/2024,09:45:37,23520,23524.45,75,23524.95,25,0,356750
NIFTY-III.NFO,11/06/2024,09:45:39,23520,23518.05,75,23524.9,100,0,356750
NIFTY-III.NFO,11/06/2024,09:45:40,23520,23518.05,75,23524.95,25,0,356750
NIFTY-III.NFO,11/06/2024,09:45:42,23520,23521.05,150,23524.95,25,0,356750
NIFTY-III.NFO,11/06/2024,09:45:47,23520,23520.05,150,23524.95,25,0,356750
NIFTY-III.NFO,11/06/2024,09:45:49,23520,23520.5,150,23524.95,25,0,356750
NIFTY-III.NFO,11/06/2024,09:45:50,23520,23520.9,75,23524.95,25,0,356750
NIFTY-III.NFO,11/06/2024,09:45:52,23521.85,23520.05,25,23524.95,100,50,357000
NIFTY-III.NFO,11/06/2024,09:45:54,23521.85,23520.05,50,23524.95,100,0,357000
NIFTY-III.NFO,11/06/2024,09:45:55,23521.85,23520.05,50,23524.9,100,0,357000
NIFTY-III.NFO,11/06/2024,09:45:57,23521.85,23520,125,23524.9,100,0,357000
NIFTY-III.NFO,11/06/2024,09:46:00,23521.85,23520,125,23524.9,175,0,357000
NIFTY-III.NFO,11/06/2024,09:46:02,23521.85,23520.05,100,23524.95,25,0,357000
NIFTY-III.NFO,11/06/2024,09:46:04,23521.85,23522.05,25,23524.95,25,0,357000
NIFTY-III.NFO,11/06/2024,09:46:05,23521.85,23522.05,75,23524.95,25,0,357000
NIFTY-III.NFO,11/06/2024,09:46:07,23521.85,23522,125,23524.9,175,0,357000
NIFTY-III.NFO,11/06/2024,09:46:09,23521.85,23522,125,23524.95,25,0,357000
NIFTY-III.NFO,11/06/2024,09:46:10,23521.85,23522,125,23524.95,100,0,357000
NIFTY-III.NFO,11/06/2024,09:46:14,23521.85,23522.05,25,23524.95,25,0,357000
NIFTY-III.NFO,11/06/2024,09:46:16,23521.85,23522.05,100,23524.95,25,0,357000
NIFTY-III.NFO,11/06/2024,09:46:17,23522,23522,100,23525,75,125,357000
NIFTY-III.NFO,11/06/2024,09:46:19,23522,23522,175,23525,75,0,357000
NIFTY-III.NFO,11/06/2024,09:46:22,23522,23520,25,23521.85,25,100,357000
NIFTY-III.NFO,11/06/2024,09:46:24,23522,23520.55,100,23521.85,25,0,357000
NIFTY-III.NFO,11/06/2024,09:46:25,23521.85,23520.05,25,23524.95,100,25,357000
NIFTY-III.NFO,11/06/2024,09:46:27,23521.85,23520,25,23524.95,100,0,357000
NIFTY-III.NFO,11/06/2024,09:46:29,23521.85,23515.2,75,23524.95,100,0,357000
NIFTY-III.NFO,11/06/2024,09:46:32,23521.85,23515.85,100,23524.95,100,0,357000
NIFTY-III.NFO,11/06/2024,09:46:34,23521.85,23517.25,100,23524.95,100,0,357000
NIFTY-III.NFO,11/06/2024,09:46:35,23521.85,23517.25,75,23524.95,100,0,357000
NIFTY-III.NFO,11/06/2024,09:46:37,23521.85,23514.6,100,23524.95,100,0,357000
NIFTY-III.NFO,11/06/2024,09:46:39,23521.85,23514.65,100,23524.95,100,0,357000
NIFTY-III.NFO,11/06/2024,09:46:40,23521.85,23513.45,75,23524.95,100,0,357000
NIFTY-III.NFO,11/06/2024,09:46:44,23521.85,23513.65,25,23524.95,100,0,357000
NIFTY-III.NFO,11/06/2024,09:46:45,23524.95,23513.5,50,23524.95,100,50,357000
NIFTY-III.NFO,11/06/2024,09:46:47,23524.95,23513.5,50,23524.95,100,0,357000
NIFTY-III.NFO,11/06/2024,09:46:49,23524.95,23514.15,50,23524.95,100,0,357000
NIFTY-III.NFO,11/06/2024,09:46:50,23524.95,23514.45,50,23524.95,175,0,357000
NIFTY-III.NFO,11/06/2024,09:46:52,23524.95,23517.7,50,23524.95,125,0,357000
NIFTY-III.NFO,11/06/2024,09:46:54,23524.95,23517.15,75,23524.95,200,0,357000
NIFTY-III.NFO,11/06/2024,09:46:55,23524.95,23519.65,50,23524.95,125,0,357000
NIFTY-III.NFO,11/06/2024,09:46:57,23524.95,23519.8,50,23524.9,100,0,357000
NIFTY-III.NFO,11/06/2024,09:46:59,23524.95,23519.45,50,23524.9,100,0,357000
NIFTY-III.NFO,11/06/2024,09:47:00,23524.95,23520.35,50,23524.95,25,0,357000
NIFTY-III.NFO,11/06/2024,09:47:02,23524.95,23522.5,25,23524.95,25,0,357000
NIFTY-III.NFO,11/06/2024,09:47:04,23522.35,23522.4,50,23525,75,50,357000
NIFTY-III.NFO,11/06/2024,09:47:05,23522.4,23522.4,25,23529.95,175,125,357000
NIFTY-III.NFO,11/06/2024,09:47:07,23522.4,23522.4,25,23529.95,100,0,357000
NIFTY-III.NFO,11/06/2024,09:47:09,23522.4,23522.35,50,23529.95,175,0,357000
NIFTY-III.NFO,11/06/2024,09:47:10,23522.35,23521.95,100,23522.35,275,75,357000
NIFTY-III.NFO,11/06/2024,09:47:12,23522.35,23521.05,25,23522.35,275,0,357000
NIFTY-III.NFO,11/06/2024,09:47:14,23522.35,23521.05,100,23522.35,275,0,357000
NIFTY-III.NFO,11/06/2024,09:48:08,23516.2,23514.05,175,23524.25,75,275,357000
NIFTY-III.NFO,11/06/2024,09:49:11,23522.35,23521,75,23522.35,200,250,357375
NIFTY-III.NFO,11/06/2024,09:49:15,23522.35,23521.7,75,23522.35,200,0,357375
NIFTY-III.NFO,11/06/2024,09:49:16,23522.35,23520.2,100,23522.35,200,0,357375
NIFTY-III.NFO,11/06/2024,09:49:18,23522.35,23522,100,23522.35,200,0,357375
NIFTY-III.NFO,11/06/2024,09:49:20,23522.35,23522,100,23522.35,100,100,357375
NIFTY-III.NFO,11/06/2024,09:49:21,23522.35,23526.25,100,23530,125,100,357375
NIFTY-III.NFO,11/06/2024,09:49:23,23522.35,23524.25,100,23529.95,150,0,357375
NIFTY-III.NFO,11/06/2024,09:49:25,23522.35,23524.25,75,23529.95,75,0,357375
NIFTY-III.NFO,11/06/2024,09:49:26,23522.35,23520.5,75,23529.95,150,0,357375
NIFTY-III.NFO,11/06/2024,09:49:30,23522.35,23520.55,100,23529.95,150,0,357375
NIFTY-III.NFO,11/06/2024,09:49:33,23522.35,23522.1,25,23529.95,150,0,357375
NIFTY-III.NFO,11/06/2024,09:49:35,23522.35,23522.65,25,23529.95,150,0,357375
NIFTY-III.NFO,11/06/2024,09:49:36,23522.35,23522,100,23529.95,150,0,357375
NIFTY-III.NFO,11/06/2024,09:49:42,23522.35,23522,25,23528.75,75,0,357375
NIFTY-III.NFO,11/06/2024,09:49:43,23522.35,23522,25,23526.75,75,0,357375
NIFTY-III.NFO,11/06/2024,09:49:45,23522.35,23522,25,23526.1,75,0,357375
NIFTY-III.NFO,11/06/2024,09:49:47,23522.35,23522,25,23525.2,75,0,357375
NIFTY-III.NFO,11/06/2024,09:49:53,23522.35,23517.2,75,23525.2,75,0,357375
NIFTY-III.NFO,11/06/2024,09:49:55,23522.35,23515.15,100,23525.2,75,0,357375
NIFTY-III.NFO,11/06/2024,09:49:57,23522.35,23515.05,100,23524.85,75,0,357375
NIFTY-III.NFO,11/06/2024,09:49:58,23522.35,23516.15,100,23524.85,75,0,357375
NIFTY-III.NFO,11/06/2024,09:50:00,23522.35,23516.15,125,23525.15,75,0,357375
NIFTY-III.NFO,11/06/2024,09:50:02,23522.35,23517.2,100,23526.1,75,0,357375
NIFTY-III.NFO,11/06/2024,09:50:03,23522.35,23519.1,100,23528.75,75,0,357375
NIFTY-III.NFO,11/06/2024,09:50:05,23528.75,23517.2,100,23528.75,50,25,357375
NIFTY-III.NFO,11/06/2024,09:50:07,23528.75,23517.2,100,23527.35,50,0,357375
NIFTY-III.NFO,11/06/2024,09:50:08,23528.75,23516.15,100,23527.35,50,0,357375
NIFTY-III.NFO,11/06/2024,09:50:12,23528.75,23516.15,125,23527.35,50,0,357375
NIFTY-III.NFO,11/06/2024,09:51:15,23531,23531.75,100,23535,25,325,357375
NIFTY-III.NFO,11/06/2024,09:51:16,23531,23532.3,25,23535,25,0,357375
NIFTY-III.NFO,11/06/2024,09:51:18,23531,23532.4,25,23535,25,0,357375
NIFTY-III.NFO,11/06/2024,09:51:19,23531,23533,100,23535,25,0,357375
NIFTY-III.NFO,11/06/2024,09:51:21,23531,23534,25,23535,25,0,357375
NIFTY-III.NFO,11/06/2024,09:51:23,23531,23534.3,25,23535,25,0,357375
NIFTY-III.NFO,11/06/2024,09:51:24,23531,23532.4,100,23537,50,0,357375
NIFTY-III.NFO,11/06/2024,09:51:26,23531,23532.65,25,23537,50,0,357375
NIFTY-III.NFO,11/06/2024,09:51:28,23534.9,23534.85,25,23537,50,25,357375
NIFTY-III.NFO,11/06/2024,09:51:29,23534.9,23534.9,25,23537,50,0,357375
NIFTY-III.NFO,11/06/2024,09:51:31,23538,23529.8,25,23539.1,175,500,357375
NIFTY-III.NFO,11/06/2024,09:51:33,23538,23531.1,100,23539.1,175,0,357375
NIFTY-III.NFO,11/06/2024,09:51:34,23538,23531.45,25,23539.1,175,0,357375
NIFTY-III.NFO,11/06/2024,09:51:36,23538,23529.6,75,23539.1,175,0,357375
NIFTY-III.NFO,11/06/2024,09:51:38,23538,23530,100,23539.1,175,0,357375
NIFTY-III.NFO,11/06/2024,09:51:39,23538,23530.05,25,23539.1,175,0,357375
NIFTY-III.NFO,11/06/2024,09:51:41,23530,23530.15,25,23539.1,175,50,358225
NIFTY-III.NFO,11/06/2024,09:51:43,23530,23530,25,23537.95,100,0,358225
NIFTY-III.NFO,11/06/2024,09:51:44,23530,23530,100,23537.95,100,0,358225
NIFTY-III.NFO,11/06/2024,09:51:48,23530,23530,25,23537.95,100,0,358225
NIFTY-III.NFO,11/06/2024,09:51:51,23530,23531,25,23537.95,100,0,358225
NIFTY-III.NFO,11/06/2024,09:51:53,23530,23531,100,23537.95,100,0,358225
NIFTY-III.NFO,11/06/2024,09:51:55,23530,23531,25,23537.95,100,0,358225
NIFTY-III.NFO,11/06/2024,09:52:00,23531,23529.2,75,23537.95,100,75,358225
NIFTY-III.NFO,11/06/2024,09:52:01,23531,23528.75,100,23537.95,100,0,358225
NIFTY-III.NFO,11/06/2024,09:52:03,23531,23528.75,25,23537.95,100,0,358225
NIFTY-III.NFO,11/06/2024,09:52:06,23531,23528.75,25,23537.25,100,0,358225
NIFTY-III.NFO,11/06/2024,09:52:08,23528.75,23525.1,75,23537.25,100,25,358225
NIFTY-III.NFO,11/06/2024,09:52:10,23528.75,23525.15,25,23537.25,100,0,358225
NIFTY-III.NFO,11/06/2024,09:52:11,23528.75,23525.25,25,23537.25,100,0,358225
NIFTY-III.NFO,11/06/2024,09:52:13,23528.75,23528.75,100,23537.25,100,0,358225
NIFTY-III.NFO,11/06/2024,09:52:19,23528.75,23528.75,100,23537.95,100,0,358225
NIFTY-III.NFO,11/06/2024,09:53:25,23531.55,23534.7,100,23538,25,25,358225
NIFTY-III.NFO,11/06/2024,09:54:16,23528.75,23523.25,50,23529.95,175,400,358225
NIFTY-III.NFO,11/06/2024,09:54:17,23528.75,23523.2,125,23529.95,175,0,358225
NIFTY-III.NFO,11/06/2024,09:54:19,23528.75,23523.35,50,23529.95,175,0,358225
NIFTY-III.NFO,11/06/2024,09:54:21,23528.75,23523.75,125,23529.95,175,0,358225
NIFTY-III.NFO,11/06/2024,09:54:24,23528.75,23523.7,25,23529.95,175,0,358225
NIFTY-III.NFO,11/06/2024,09:54:27,23528.75,23523.75,50,23529.95,175,0,358225
NIFTY-III.NFO,11/06/2024,09:54:29,23528.75,23523.7,25,23529.95,175,0,358225
NIFTY-III.NFO,11/06/2024,09:54:31,23528.75,23523.75,125,23529.95,175,0,358225
NIFTY-III.NFO,11/06/2024,09:54:32,23528.75,23523.7,25,23529.95,175,0,358225
NIFTY-III.NFO,11/06/2024,09:54:34,23528.75,23522.9,25,23529.95,175,0,358225
NIFTY-III.NFO,11/06/2024,09:54:36,23528.75,23520,125,23528.2,100,0,358225
NIFTY-III.NFO,11/06/2024,09:54:37,23528.75,23520.05,50,23528.2,100,0,358225
NIFTY-III.NFO,11/06/2024,09:54:41,23528.75,23520.05,50,23529.9,100,0,358225
NIFTY-III.NFO,11/06/2024,09:54:44,23528.75,23522.9,100,23529.9,100,0,358225
NIFTY-III.NFO,11/06/2024,09:54:46,23528.75,23522.95,50,23529.9,100,0,358225
NIFTY-III.NFO,11/06/2024,09:54:47,23528.75,23520.9,50,23529.9,100,0,358225
NIFTY-III.NFO,11/06/2024,09:54:51,23528.75,23521.05,50,23529.9,100,0,358225
NIFTY-III.NFO,11/06/2024,09:54:54,23521.05,23523.95,25,23530,25,25,358500
NIFTY-III.NFO,11/06/2024,09:54:56,23521.05,23523.95,100,23530,100,0,358500
NIFTY-III.NFO,11/06/2024,09:54:57,23521.05,23523.95,125,23530,100,0,358500
NIFTY-III.NFO,11/06/2024,09:54:59,23521.05,23523.95,100,23530,25,0,358500
NIFTY-III.NFO,11/06/2024,09:55:01,23521.05,23524.7,25,23528.75,250,0,358500
NIFTY-III.NFO,11/06/2024,09:55:02,23521.05,23523.25,25,23528.65,100,0,358500
NIFTY-III.NFO,11/06/2024,09:55:04,23528.65,23523.25,75,23528.75,325,50,358500
NIFTY-III.NFO,11/06/2024,09:55:06,23528.65,23521.35,150,23528.7,100,0,358500
NIFTY-III.NFO,11/06/2024,09:55:09,23528.65,23521.35,150,23528.7,175,0,358500
NIFTY-III.NFO,11/06/2024,09:55:12,23528.65,23520.9,75,23528.7,175,0,358500
NIFTY-III.NFO,11/06/2024,09:55:14,23528.65,23520,50,23526.7,100,0,358500
NIFTY-III.NFO,11/06/2024,09:55:32,23528.65,23521.75,75,23528.6,100,0,358500
NIFTY-III.NFO,11/06/2024,09:56:34,23528.65,23525.8,100,23528.65,450,575,358500
NIFTY-III.NFO,11/06/2024,09:57:15,23523.05,23520.05,50,23524.95,175,75,358500
NIFTY-III.NFO,11/06/2024,09:57:17,23523.05,23520.05,50,23524.95,175,0,358500
NIFTY-III.NFO,11/06/2024,09:57:20,23523.05,23520.85,125,23525,25,0,358500
NIFTY-III.NFO,11/06/2024,09:57:22,23523.05,23520.2,25,23524.95,175,0,358500
NIFTY-III.NFO,11/06/2024,09:57:24,23523.05,23520.05,50,23524.95,175,0,358500
NIFTY-III.NFO,11/06/2024,09:57:30,23520,23514.05,50,23524.95,175,75,358500
NIFTY-III.NFO,11/06/2024,09:57:32,23520,23514,100,23523.3,350,0,358500
NIFTY-III.NFO,11/06/2024,09:57:34,23520,23514,175,23520.7,100,0,358500
NIFTY-III.NFO,11/06/2024,09:57:35,23520,23514.05,125,23520.7,100,0,358500
NIFTY-III.NFO,11/06/2024,09:57:37,23520,23514,100,23520.7,100,0,358500
NIFTY-III.NFO,11/06/2024,09:57:39,23520,23514,175,23520.7,100,0,358500
NIFTY-III.NFO,11/06/2024,09:57:40,23520,23514.05,50,23520.7,100,0,358500
NIFTY-III.NFO,11/06/2024,09:57:42,23520,23514.05,125,23520.7,100,0,358500
NIFTY-III.NFO,11/06/2024,09:57:44,23520,23514,100,23520.7,100,0,358500
NIFTY-III.NFO,11/06/2024,09:57:47,23514,23514.1,50,23520.7,100,25,359025
NIFTY-III.NFO,11/06/2024,09:57:49,23514,23514.1,50,23520.7,100,0,359025
NIFTY-III.NFO,11/06/2024,09:57:50,23514,23514.1,50,23523.5,100,0,359025
NIFTY-III.NFO,11/06/2024,09:57:52,23514,23514.05,125,23521.65,100,0,359025
NIFTY-III.NFO,11/06/2024,09:58:02,23525.8,23514.05,175,23521.6,50,1000,359025
NIFTY-III.NFO,11/06/2024,09:58:04,23525.8,23514.05,175,23521.6,50,0,359025
NIFTY-III.NFO,11/06/2024,09:58:09,23525.8,23514.05,175,23523.75,125,0,359025
NIFTY-III.NFO,11/06/2024,09:58:10,23525.8,23516.75,100,23525.75,50,0,359025
NIFTY-III.NFO,11/06/2024,09:58:37,23516.75,23519.1,100,23524.95,75,25,359025
NIFTY-III.NFO,11/06/2024,09:59:16,23528.65,23525.65,75,23528.65,75,475,359025
NIFTY-III.NFO,11/06/2024,09:59:17,23528.65,23524.6,25,23528.6,175,0,359025
NIFTY-III.NFO,11/06/2024,09:59:19,23528.65,23522,350,23528.6,175,0,359025
NIFTY-III.NFO,11/06/2024,09:59:21,23528.65,23522,100,23528.6,175,0,359025
NIFTY-III.NFO,11/06/2024,09:59:22,23528.65,23521.3,175,23528.6,175,0,359025
NIFTY-III.NFO,11/06/2024,09:59:24,23528.65,23522.9,175,23528.6,175,0,359025
NIFTY-III.NFO,11/06/2024,09:59:26,23528.65,23523.9,100,23528.65,75,0,359025
NIFTY-III.NFO,11/06/2024,09:59:27,23528.65,23525.6,325,23528.65,75,0,359025
NIFTY-III.NFO,11/06/2024,09:59:29,23528.65,23524.95,100,23528.65,75,0,359025
NIFTY-III.NFO,11/06/2024,09:59:32,23528.65,23524.4,75,23528.6,100,0,359025
NIFTY-III.NFO,11/06/2024,09:59:36,23528.65,23524.1,175,23528.6,100,0,359025
NIFTY-III.NFO,11/06/2024,09:59:37,23528.65,23524.05,175,23528.6,100,0,359025
NIFTY-III.NFO,11/06/2024,09:59:39,23528.6,23524.05,175,23528.6,75,25,359025
NIFTY-III.NFO,11/06/2024,09:59:41,23528.6,23524.05,75,23528.6,75,0,359025
NIFTY-III.NFO,11/06/2024,09:59:44,23528.6,23523,100,23528.6,75,0,359025
NIFTY-III.NFO,11/06/2024,09:59:46,23528.6,23523.1,100,23528.6,75,0,359025
NIFTY-III.NFO,11/06/2024,09:59:47,23528.6,23521.95,175,23528.6,150,0,359025
NIFTY-III.NFO,11/06/2024,09:59:49,23528.6,23520.8,100,23528.6,150,0,359025
NIFTY-III.NFO,11/06/2024,09:59:52,23528.6,23520.1,100,23528.6,150,0,359025
NIFTY-III.NFO,11/06/2024,09:59:54,23528.6,23520.5,100,23528.6,150,0,359025
NIFTY-III.NFO,11/06/2024,09:59:56,23528.6,23522.05,175,23528.6,150,0,359025
NIFTY-III.NFO,11/06/2024,09:59:57,23528.6,23522.05,100,23528.6,150,0,359025
NIFTY-III.NFO,11/06/2024,09:59:59,23528.6,23521.3,100,23528.6,150,0,359025
NIFTY-III.NFO,11/06/2024,10:00:01,23528.6,23523.65,100,23528.65,75,0,359025
NIFTY-III.NFO,11/06/2024,10:00:02,23528.6,23522.95,100,23528.6,150,0,359025
NIFTY-III.NFO,11/06/2024,10:00:04,23528.6,23522.95,175,23528.6,150,0,359025
NIFTY-III.NFO,11/06/2024,10:00:05,23528.6,23522.95,175,23528.65,75,0,359025
NIFTY-III.NFO,11/06/2024,10:00:07,23528.6,23522.1,175,23528.6,150,0,359025
NIFTY-III.NFO,11/06/2024,10:00:10,23528.6,23523.85,175,23528.65,75,0,359025
NIFTY-III.NFO,11/06/2024,10:00:12,23528.6,23519.6,175,23528.6,150,0,359025
NIFTY-III.NFO,11/06/2024,10:00:14,23528.6,23519.7,100,23528.6,150,0,359025
NIFTY-III.NFO,11/06/2024,10:00:17,23528.6,23520.7,100,23528.6,150,0,359025
NIFTY-III.NFO,11/06/2024,10:00:18,23528.6,23519.7,100,23528.6,150,0,359025
NIFTY-III.NFO,11/06/2024,10:00:23,23528.6,23521.7,100,23528.6,75,0,359025
NIFTY-III.NFO,11/06/2024,10:00:25,23528.6,23522.55,100,23528.6,75,0,359025
NIFTY-III.NFO,11/06/2024,10:00:27,23528.6,23522.55,100,23528.6,150,0,359025
NIFTY-III.NFO,11/06/2024,10:00:28,23528.6,23521.7,100,23528.6,150,0,359025
NIFTY-III.NFO,11/06/2024,10:00:32,23528.6,23519.65,75,23528.6,150,0,359025
NIFTY-III.NFO,11/06/2024,10:00:33,23528.6,23519.7,100,23528.6,150,0,359025
NIFTY-III.NFO,11/06/2024,10:00:35,23528.6,23518.7,100,23528.6,150,0,359025
NIFTY-III.NFO,11/06/2024,10:00:37,23528.6,23518.15,100,23528.6,150,0,359025
NIFTY-III.NFO,11/06/2024,10:00:38,23528.6,23518.15,100,23528.55,75,0,359025
NIFTY-III.NFO,11/06/2024,10:00:42,23528.6,23518.95,100,23528.55,75,0,359025
NIFTY-III.NFO,11/06/2024,10:00:43,23528.6,23521.35,100,23528.6,150,0,359025
NIFTY-III.NFO,11/06/2024,10:00:47,23528.6,23521.65,100,23528.6,75,0,359025
NIFTY-III.NFO,11/06/2024,10:00:48,23528.6,23521.65,100,23528.6,150,0,359025
NIFTY-III.NFO,11/06/2024,10:00:53,23528.6,23524.45,175,23528.6,75,0,359025
NIFTY-III.NFO,11/06/2024,10:00:55,23528.6,23522.2,200,23528.65,75,0,359025
NIFTY-III.NFO,11/06/2024,10:00:57,23528.65,23524.3,100,23528.65,25,50,359550
NIFTY-III.NFO,11/06/2024,10:00:59,23528.65,23526.05,100,23528,25,0,359550
NIFTY-III.NFO,11/06/2024,10:01:00,23528.65,23526.25,100,23528,25,0,359550
NIFTY-III.NFO,11/06/2024,10:01:02,23528,23527.05,175,23528.65,25,25,359550
NIFTY-III.NFO,11/06/2024,10:01:04,23528,23527.85,350,23528.65,25,0,359550
NIFTY-III.NFO,11/06/2024,10:01:05,23528.8,23527.85,100,23528.8,25,50,359550
NIFTY-III.NFO,11/06/2024,10:01:07,23528.8,23528.25,175,23528.6,25,0,359550
NIFTY-III.NFO,11/06/2024,10:01:09,23530,23530.6,100,23532,25,125,359550
NIFTY-III.NFO,11/06/2024,10:01:10,23532,23532.85,175,23535,25,25,359550
NIFTY-III.NFO,11/06/2024,10:01:12,23532,23532.05,100,23535,25,0,359550
NIFTY-III.NFO,11/06/2024,10:01:14,23532,23532.45,100,23535,25,0,359550
NIFTY-III.NFO,11/06/2024,10:01:16,23532,23533.5,100,23535,25,0,359550
NIFTY-III.NFO,11/06/2024,10:01:17,23535,23533.5,200,23540,600,25,359550
NIFTY-III.NFO,11/06/2024,10:01:19,23535,23533.5,100,23539.95,75,0,359550
NIFTY-III.NFO,11/06/2024,10:01:21,23537.25,23537.25,100,23540,600,25,359550
NIFTY-III.NFO,11/06/2024,10:01:22,23537.25,23539.25,25,23540,600,0,359550
NIFTY-III.NFO,11/06/2024,10:01:24,23537.25,23533.95,175,23539.95,175,0,359550
NIFTY-III.NFO,11/06/2024,10:01:27,23537.25,23537.55,100,23540,600,25,359550
NIFTY-III.NFO,11/06/2024,10:01:29,23537.25,23535.05,175,23539.95,100,0,359550
NIFTY-III.NFO,11/06/2024,10:01:31,23537.25,23537.85,100,23540,600,0,359550
NIFTY-III.NFO,11/06/2024,10:01:32,23537.25,23536.15,100,23540,625,0,359550
NIFTY-III.NFO,11/06/2024,10:01:34,23537.25,23537.5,25,23540,625,0,359550
NIFTY-III.NFO,11/06/2024,10:01:36,23537.95,23537.95,175,23540,625,25,359550
NIFTY-III.NFO,11/06/2024,10:01:37,23537.95,23537.75,100,23540,625,0,359550
NIFTY-III.NFO,11/06/2024,10:01:39,23537.95,23535.6,100,23539.95,100,0,359550
NIFTY-III.NFO,11/06/2024,10:01:40,23537.95,23536.1,100,23539.95,100,0,359550
NIFTY-III.NFO,11/06/2024,10:01:42,23537.95,23532.45,100,23539.95,175,0,359550
NIFTY-III.NFO,11/06/2024,10:01:44,23537.95,23534.15,100,23539.95,175,0,359550
NIFTY-III.NFO,11/06/2024,10:01:45,23537.95,23535.15,100,23539.95,100,0,359550
NIFTY-III.NFO,11/06/2024,10:01:47,23537.95,23534.05,75,23539.95,175,0,359550
NIFTY-III.NFO,11/06/2024,10:01:49,23533.65,23534.4,25,23539.95,175,25,359550
NIFTY-III.NFO,11/06/2024,10:01:50,23533.65,23533.4,100,23539.95,175,0,359550
NIFTY-III.NFO,11/06/2024,10:01:52,23533.65,23535.25,100,23539.95,100,0,359550
NIFTY-III.NFO,11/06/2024,10:01:54,23534.3,23533.4,100,23539.95,175,150,359550
NIFTY-III.NFO,11/06/2024,10:01:55,23534.3,23533.3,100,23539.95,175,0,359550
NIFTY-III.NFO,11/06/2024,10:01:57,23534.3,23534.4,25,23539.95,175,0,359550
NIFTY-III.NFO,11/06/2024,10:01:59,23534.3,23534.1,75,23539.95,175,0,359550
NIFTY-III.NFO,11/06/2024,10:02:00,23534.3,23534.3,25,23539.95,100,0,359550
NIFTY-III.NFO,11/06/2024,10:02:02,23534.3,23534.6,25,23539.95,100,0,359550
NIFTY-III.NFO,11/06/2024,10:02:04,23534.3,23534.3,25,23539.95,175,0,359550
NIFTY-III.NFO,11/06/2024,10:02:05,23534.3,23532.95,100,23539.95,175,0,359550
NIFTY-III.NFO,11/06/2024,10:02:07,23534.3,23534.3,100,23538.95,100,0,359550
NIFTY-III.NFO,11/06/2024,10:02:09,23534.3,23534.35,25,23538.95,100,0,359550
NIFTY-III.NFO,11/06/2024,10:02:10,23534.3,23534.6,25,23538.95,100,0,359550
NIFTY-III.NFO,11/06/2024,10:02:12,23534.3,23534.55,25,23539,25,0,359550
NIFTY-III.NFO,11/06/2024,10:02:14,23534.3,23536.05,100,23539,25,0,359550
NIFTY-III.NFO,11/06/2024,10:02:15,23534.3,23535.4,25,23538.95,100,0,359550
NIFTY-III.NFO,11/06/2024,10:02:16,23534.3,23534.8,100,23539,25,0,359550
NIFTY-III.NFO,11/06/2024,10:02:18,23532.55,23532.8,100,23538.95,175,500,359550
NIFTY-III.NFO,11/06/2024,10:02:20,23532.55,23533.25,100,23538.95,175,0,359550
NIFTY-III.NFO,11/06/2024,10:02:21,23532.55,23533.25,25,23538.95,175,0,359550
NIFTY-III.NFO,11/06/2024,10:02:23,23532.55,23534.65,25,23539,25,0,359550
NIFTY-III.NFO,11/06/2024,10:02:25,23532.55,23534.3,25,23538.95,100,0,359550
NIFTY-III.NFO,11/06/2024,10:02:26,23532.55,23534.65,25,23538.95,175,0,359550
NIFTY-III.NFO,11/06/2024,10:02:28,23532.55,23533.25,25,23538.95,175,0,359550
NIFTY-III.NFO,11/06/2024,10:02:30,23532.55,23532.55,25,23538.95,175,0,359550
NIFTY-III.NFO,11/06/2024,10:02:33,23532.55,23532.55,100,23538.95,175,0,359550
NIFTY-III.NFO,11/06/2024,10:02:35,23532.55,23532.55,25,23535,25,0,359550
NIFTY-III.NFO,11/06/2024,10:02:36,23532.55,23532.55,25,23533,200,0,359550
NIFTY-III.NFO,11/06/2024,10:02:40,23532.55,23532.3,25,23533,200,0,359550
NIFTY-III.NFO,11/06/2024,10:02:41,23532.55,23532.2,25,23533,200,0,359550
NIFTY-III.NFO,11/06/2024,10:02:43,23533,23532.2,75,23533,125,75,359550
NIFTY-III.NFO,11/06/2024,10:02:45,23533,23532.2,75,23533,50,75,359550
NIFTY-III.NFO,11/06/2024,10:02:46,23533,23532.2,75,23535,25,50,359550
NIFTY-III.NFO,11/06/2024,10:02:48,23533,23532.55,75,23535,25,0,359550
NIFTY-III.NFO,11/06/2024,10:02:50,23535,23536.45,200,23539,25,25,359550
NIFTY-III.NFO,11/06/2024,10:02:51,23540,23539.05,75,23540,625,50,359550
NIFTY-III.NFO,11/06/2024,10:02:53,23540,23539.05,75,23540,600,25,359550
NIFTY-III.NFO,11/06/2024,10:02:55,23540,23539.05,75,23540,125,475,359550
NIFTY-III.NFO,11/06/2024,10:02:56,23540,23539.05,75,23540,125,0,359550
NIFTY-III.NFO,11/06/2024,10:02:58,23540,23537.65,250,23540,125,0,359550
NIFTY-III.NFO,11/06/2024,10:03:00,23537.65,23537.5,75,23540,125,25,359550
NIFTY-III.NFO,11/06/2024,10:03:01,23540,23538.1,75,23540,100,25,359550
NIFTY-III.NFO,11/06/2024,10:03:03,23540,23538.1,75,23540,100,0,359550
NIFTY-III.NFO,11/06/2024,10:03:05,23540,23538.1,75,23540,75,25,359550
NIFTY-III.NFO,11/06/2024,10:03:06,23540,23538.65,75,23540,75,0,359550
NIFTY-III.NFO,11/06/2024,10:03:08,23540,23537.5,75,23540,25,50,359550
NIFTY-III.NFO,11/06/2024,10:03:10,23540,23538.1,75,23540,25,0,359550
NIFTY-III.NFO,11/06/2024,10:03:11,23540,23537.05,75,23540,25,0,359550
NIFTY-III.NFO,11/06/2024,10:03:15,23540,23537,100,23540,25,0,359550
NIFTY-III.NFO,11/06/2024,10:03:16,23540,23538.3,75,23540,25,0,359550
NIFTY-III.NFO,11/06/2024,10:03:18,23540,23537,100,23540,50,0,359550
NIFTY-III.NFO,11/06/2024,10:03:30,23540,23537.5,25,23540,50,0,359550
NIFTY-III.NFO,11/06/2024,10:03:31,23540.3,23537.4,75,23543.95,175,75,359550
NIFTY-III.NFO,11/06/2024,10:03:33,23540.3,23540,100,23543.95,100,0,359550
NIFTY-III.NFO,11/06/2024,10:03:36,23540.3,23540,25,23543.95,100,0,359550
NIFTY-III.NFO,11/06/2024,10:03:38,23540.3,23540.5,25,23543.95,100,0,359550
NIFTY-III.NFO,11/06/2024,10:03:40,23540.3,23540.35,25,23543.95,175,0,359550
NIFTY-III.NFO,11/06/2024,10:03:41,23540.05,23540.3,25,23543.95,175,25,360525
NIFTY-III.NFO,11/06/2024,10:03:43,23540.05,23540.3,25,23543.95,100,0,360525
NIFTY-III.NFO,11/06/2024,10:03:45,23540.05,23541.45,25,23543.95,100,0,360525
NIFTY-III.NFO,11/06/2024,10:03:46,23540.05,23543.9,100,23544,50,0,360525
NIFTY-III.NFO,11/06/2024,10:03:48,23540.05,23543.05,100,23544,50,0,360525
NIFTY-III.NFO,11/06/2024,10:03:50,23540.05,23542.85,100,23544,50,0,360525
NIFTY-III.NFO,11/06/2024,10:03:51,23544,23543.85,100,23545,225,50,360525
NIFTY-III.NFO,11/06/2024,10:03:53,23549,23547.15,100,23549,75,250,360525
NIFTY-III.NFO,11/06/2024,10:03:53,23549,23547.15,100,23549,75,0,360525
NIFTY-III.NFO,11/06/2024,10:03:55,23550,23549.8,100,23550,250,175,360525
NIFTY-III.NFO,11/06/2024,10:03:55,23550,23549.8,100,23550,250,0,360525
NIFTY-III.NFO,11/06/2024,10:03:56,23550.3,23553.25,25,23555,25,275,360525
NIFTY-III.NFO,11/06/2024,10:03:56,23550.3,23553.25,25,23555,25,0,360525
NIFTY-III.NFO,11/06/2024,10:03:58,23550.3,23554,25,23555,25,0,360525
NIFTY-III.NFO,11/06/2024,10:04:00,23550.3,23552.5,100,23555,25,0,360525
NIFTY-III.NFO,11/06/2024,10:04:01,23550.3,23551.5,25,23554.95,100,0,360525
NIFTY-III.NFO,11/06/2024,10:04:03,23550.3,23552.55,25,23554.95,100,0,360525
NIFTY-III.NFO,11/06/2024,10:04:05,23555,23551.25,100,23557.95,175,50,360525
NIFTY-III.NFO,11/06/2024,10:04:05,23555,23551.25,100,23557.95,175,0,360525
NIFTY-III.NFO,11/06/2024,10:04:06,23555,23552.1,25,23557.95,175,0,360525
NIFTY-III.NFO,11/06/2024,10:04:08,23557.95,23552.95,100,23557.95,175,225,360525
NIFTY-III.NFO,11/06/2024,10:04:08,23557.95,23552.95,100,23557.95,175,0,360525
NIFTY-III.NFO,11/06/2024,10:04:10,23557.95,23552.95,75,23557.95,100,0,360525
NIFTY-III.NFO,11/06/2024,10:04:11,23557.95,23555,25,23557.9,100,25,360525
NIFTY-III.NFO,11/06/2024,10:04:13,23555,23550.65,50,23557.9,100,25,360525
NIFTY-III.NFO,11/06/2024,10:04:16,23555,23548.8,25,23557.9,100,0,360525
NIFTY-III.NFO,11/06/2024,10:04:18,23555,23548.7,50,23557.9,100,0,360525
NIFTY-III.NFO,11/06/2024,10:04:19,23555,23548.05,50,23556.95,100,0,360525
NIFTY-III.NFO,11/06/2024,10:04:21,23555,23547.75,50,23556.95,100,0,360525
NIFTY-III.NFO,11/06/2024,10:04:24,23555,23547.75,50,23554.95,100,0,360525
NIFTY-III.NFO,11/06/2024,10:04:26,23555,23547.6,125,23550,300,0,360525
NIFTY-III.NFO,11/06/2024,10:04:28,23555,23547.85,125,23550,300,0,360525
NIFTY-III.NFO,11/06/2024,10:04:29,23555,23548.4,125,23550,300,0,360525
NIFTY-III.NFO,11/06/2024,10:04:31,23550,23548.4,50,23550,275,25,360525
NIFTY-III.NFO,11/06/2024,10:04:33,23550,23547.5,50,23550,275,0,360525
NIFTY-III.NFO,11/06/2024,10:04:34,23550,23548.05,50,23550,275,0,360525
NIFTY-III.NFO,11/06/2024,10:04:36,23550,23547.7,25,23550,275,0,360525
NIFTY-III.NFO,11/06/2024,10:04:38,23550,23547.75,25,23549.9,100,25,360525
NIFTY-III.NFO,11/06/2024,10:04:39,23550,23547.05,25,23549.9,100,0,360525
NIFTY-III.NFO,11/06/2024,10:04:41,23550,23547.2,25,23550,350,0,360525
NIFTY-III.NFO,11/06/2024,10:04:43,23550,23547.35,25,23550,350,0,360525
NIFTY-III.NFO,11/06/2024,10:04:44,23550,23547.35,25,23549.95,100,0,360525
NIFTY-III.NFO,11/06/2024,10:04:46,23550,23547.35,25,23550,350,0,360525
NIFTY-III.NFO,11/06/2024,10:04:48,23550,23547.35,25,23550,250,25,360525
NIFTY-III.NFO,11/06/2024,10:04:49,23550,23548.4,25,23550,250,0,360525
NIFTY-III.NFO,11/06/2024,10:04:51,23545.45,23547.7,25,23550,25,275,360525
NIFTY-III.NFO,11/06/2024,10:04:53,23545.45,23547.85,25,23550,300,0,360525
NIFTY-III.NFO,11/06/2024,10:04:54,23545.95,23545.05,125,23545.45,125,75,360525
NIFTY-III.NFO,11/06/2024,10:04:56,23545.45,23548.55,25,23550,225,125,360525
NIFTY-III.NFO,11/06/2024,10:04:58,23545.45,23549.8,25,23550,225,0,360525
NIFTY-III.NFO,11/06/2024,10:04:59,23550,23547.95,25,23550,200,25,360525
NIFTY-III.NFO,11/06/2024,10:05:01,23550,23547.6,25,23550,250,50,360525
NIFTY-III.NFO,11/06/2024,10:05:03,23550,23548.4,25,23550,225,25,360525
NIFTY-III.NFO,11/06/2024,10:05:04,23550,23547.6,25,23550,250,0,360525
NIFTY-III.NFO,11/06/2024,10:05:06,23550,23548.55,25,23550,250,0,360525
NIFTY-III.NFO,11/06/2024,10:05:08,23550,23548.1,250,23550,225,25,360525
NIFTY-III.NFO,11/06/2024,10:05:09,23550,23545.5,250,23550,225,0,360525
NIFTY-III.NFO,11/06/2024,10:05:11,23550,23542.5,250,23550,300,0,360525
NIFTY-III.NFO,11/06/2024,10:05:13,23550,23544.45,250,23550,300,0,360525
NIFTY-III.NFO,11/06/2024,10:05:14,23550,23543.85,250,23550,300,0,360525
NIFTY-III.NFO,11/06/2024,10:05:16,23550,23549.55,25,23550,300,0,360525
NIFTY-III.NFO,11/06/2024,10:05:18,23549.55,23541.8,325,23549.95,100,25,360525
NIFTY-III.NFO,11/06/2024,10:05:19,23549.55,23541.8,75,23549.95,100,0,360525
NIFTY-III.NFO,11/06/2024,10:05:21,23549.55,23541.8,325,23549.95,100,0,360525
NIFTY-III.NFO,11/06/2024,10:05:23,23549.55,23544.8,325,23550,225,0,360525
NIFTY-III.NFO,11/06/2024,10:05:25,23549.55,23543.7,325,23550,300,0,360525
NIFTY-III.NFO,11/06/2024,10:05:26,23550,23549.55,25,23550,175,50,360525
NIFTY-III.NFO,11/06/2024,10:05:28,23550,23549.55,25,23550,150,25,360525
NIFTY-III.NFO,11/06/2024,10:05:30,23550,23549.55,25,23550,225,0,360525
NIFTY-III.NFO,11/06/2024,10:05:31,23550,23549.55,25,23550,150,0,360525
NIFTY-III.NFO,11/06/2024,10:05:35,23550,23549.55,25,23550,125,25,360525
NIFTY-III.NFO,11/06/2024,10:05:36,23550,23549.55,25,23554.95,175,125,360525
NIFTY-III.NFO,11/06/2024,10:05:38,23554.95,23549.55,100,23554.95,175,100,360525
NIFTY-III.NFO,11/06/2024,10:05:40,23554.95,23549.6,100,23554.95,100,0,360525
NIFTY-III.NFO,11/06/2024,10:05:45,23554.95,23549.55,25,23554.95,175,0,360525
NIFTY-III.NFO,11/06/2024,10:05:46,23554.95,23546.55,425,23554.95,175,0,360525
NIFTY-III.NFO,11/06/2024,10:05:48,23554.95,23546.6,100,23554.95,175,0,360525
NIFTY-III.NFO,11/06/2024,10:05:51,23554.95,23546.8,100,23554.95,200,0,360525
NIFTY-III.NFO,11/06/2024,10:05:53,23554.95,23545.4,100,23554.95,200,0,360525
NIFTY-III.NFO,11/06/2024,10:05:58,23554.95,23543.5,100,23554.95,200,0,360525
NIFTY-III.NFO,11/06/2024,10:06:03,23554.95,23543.5,100,23554.95,225,0,360525
NIFTY-III.NFO,11/06/2024,10:06:08,23554.95,23544.1,100,23554.95,225,0,360525
NIFTY-III.NFO,11/06/2024,10:06:09,23554.95,23544.1,100,23554.95,250,0,360525
NIFTY-III.NFO,11/06/2024,10:06:13,23554.95,23544.1,100,23554.95,275,0,360525
NIFTY-III.NFO,11/06/2024,10:06:56,23554.95,23543.9,100,23553.95,100,0,360525
NIFTY-III.NFO,11/06/2024,10:08:01,23556.95,23550.9,200,23556.95,200,950,361350
NIFTY-III.NFO,11/06/2024,10:09:06,23559.25,23558.1,200,23561.15,100,675,361350
NIFTY-III.NFO,11/06/2024,10:09:06,23560.3,23558.1,200,23561.15,100,0,361350
NIFTY-III.NFO,11/06/2024,10:09:16,23566.1,23566.1,50,23569.9,125,225,361350
NIFTY-III.NFO,11/06/2024,10:09:16,23569.45,23566.1,50,23569.9,125,0,361350
NIFTY-III.NFO,11/06/2024,10:09:18,23566.1,23566.1,50,23569.9,200,0,361350
NIFTY-III.NFO,11/06/2024,10:09:21,23569.9,23566.1,50,23569.9,175,25,361350
NIFTY-III.NFO,11/06/2024,10:09:21,23569.9,23566.1,50,23569.9,175,0,361350
NIFTY-III.NFO,11/06/2024,10:09:23,23566.1,23566.1,25,23569.9,175,25,361350
NIFTY-III.NFO,11/06/2024,10:09:24,23566.1,23566.1,25,23569.9,175,0,361350
NIFTY-III.NFO,11/06/2024,10:09:32,23566.1,23566.1,25,23569.9,100,0,361350
NIFTY-III.NFO,11/06/2024,10:09:34,23566.1,23566.1,25,23569.9,175,0,361350
NIFTY-III.NFO,11/06/2024,10:09:37,23566.1,23566.1,25,23568.95,100,0,361350
NIFTY-III.NFO,11/06/2024,10:09:42,23566,23560,125,23568.95,100,75,361950
NIFTY-III.NFO,11/06/2024,10:09:44,23566,23560.05,200,23566.05,100,0,361950
NIFTY-III.NFO,11/06/2024,10:09:46,23566,23560,50,23566.05,175,0,361950
NIFTY-III.NFO,11/06/2024,10:09:52,23566,23560.05,200,23565.95,100,0,361950
NIFTY-III.NFO,11/06/2024,10:09:56,23566,23560.05,275,23565.95,100,0,361950
NIFTY-III.NFO,11/06/2024,10:09:57,23566,23560.05,275,23565.95,175,0,361950
NIFTY-III.NFO,11/06/2024,10:09:59,23566,23560.05,200,23565.95,175,0,361950
NIFTY-III.NFO,11/06/2024,10:10:00,23566,23560.05,275,23566,50,0,361950
NIFTY-III.NFO,11/06/2024,10:10:02,23560.1,23560.1,175,23565.95,275,125,361950
NIFTY-III.NFO,11/06/2024,10:10:04,23560.1,23560.05,175,23565.95,275,0,361950
NIFTY-III.NFO,11/06/2024,10:10:07,23565.95,23560.1,200,23565.95,275,75,361950
NIFTY-III.NFO,11/06/2024,10:10:09,23560.05,23560,100,23565.95,275,200,361950
NIFTY-III.NFO,11/06/2024,10:10:10,23560.05,23560,100,23565.95,275,0,361950
NIFTY-III.NFO,11/06/2024,10:11:15,23574.95,23570,25,23574.9,125,1675,361950
NIFTY-III.NFO,11/06/2024,10:11:15,23575,23570,25,23574.9,125,0,361950
NIFTY-III.NFO,11/06/2024,10:11:17,23574.95,23570,25,23574.9,125,0,361950
NIFTY-III.NFO,11/06/2024,10:11:18,23574.95,23570,100,23574.9,125,0,361950
NIFTY-III.NFO,11/06/2024,10:11:22,23574.95,23570,25,23574.75,200,0,361950
NIFTY-III.NFO,11/06/2024,10:11:25,23570,23569.75,200,23574.8,25,25,361950
NIFTY-III.NFO,11/06/2024,10:11:27,23570,23568.3,200,23573.95,125,0,361950
NIFTY-III.NFO,11/06/2024,10:11:28,23570,23570,25,23573.95,125,0,361950
NIFTY-III.NFO,11/06/2024,10:11:32,23570,23568.25,200,23573.95,200,25,361950
NIFTY-III.NFO,11/06/2024,10:11:33,23570,23568.25,200,23573.95,200,0,361950
NIFTY-III.NFO,11/06/2024,10:11:35,23570,23570.5,275,23573,50,50,361950
NIFTY-III.NFO,11/06/2024,10:11:37,23570,23570.05,200,23573,50,0,361950
NIFTY-III.NFO,11/06/2024,10:11:38,23570,23570.1,200,23573,50,0,361950
NIFTY-III.NFO,11/06/2024,10:11:40,23570.1,23570.4,200,23573,50,100,361950
NIFTY-III.NFO,11/06/2024,10:11:42,23570.1,23571.4,225,23573,50,0,361950
NIFTY-III.NFO,11/06/2024,10:11:43,23572.05,23571.3,125,23574,25,75,361950
NIFTY-III.NFO,11/06/2024,10:11:45,23572.05,23570.75,225,23574,25,0,361950
NIFTY-III.NFO,11/06/2024,10:11:47,23572.05,23570.05,150,23574,100,0,361950
NIFTY-III.NFO,11/06/2024,10:11:48,23572.05,23573,50,23574.8,100,200,361950
NIFTY-III.NFO,11/06/2024,10:11:50,23572.05,23573,50,23574.8,100,0,361950
NIFTY-III.NFO,11/06/2024,10:11:52,23572.05,23573,50,23574.8,25,0,361950
NIFTY-III.NFO,11/06/2024,10:11:53,23572.05,23573,50,23574.75,200,0,361950
NIFTY-III.NFO,11/06/2024,10:11:55,23572.05,23573,50,23574.8,100,0,361950
NIFTY-III.NFO,11/06/2024,10:11:57,23575,23571.95,25,23577.85,200,200,361950
NIFTY-III.NFO,11/06/2024,10:11:58,23575,23570.95,150,23577.85,200,0,361950
NIFTY-III.NFO,11/06/2024,10:12:00,23572.05,23571.25,150,23577.95,275,50,361950
NIFTY-III.NFO,11/06/2024,10:12:02,23572.05,23573,75,23577.95,200,0,361950
NIFTY-III.NFO,11/06/2024,10:12:03,23572.05,23571.3,150,23577.95,275,0,361950
NIFTY-III.NFO,11/06/2024,10:12:05,23572.05,23570.05,225,23575.75,275,0,361950
NIFTY-III.NFO,11/06/2024,10:12:07,23570.05,23570.05,125,23575.75,275,25,361950
NIFTY-III.NFO,11/06/2024,10:12:09,23570.05,23570.05,125,23575.75,275,0,361950
NIFTY-III.NFO,11/06/2024,10:12:12,23570.05,23570,75,23575.75,275,0,361950
NIFTY-III.NFO,11/06/2024,10:12:14,23570.05,23570.05,125,23575.75,275,0,361950
NIFTY-III.NFO,11/06/2024,10:12:16,23570.05,23570.05,125,23574.9,200,0,361950
NIFTY-III.NFO,11/06/2024,10:12:21,23570.05,23570.05,125,23574.95,275,0,361950
NIFTY-III.NFO,11/06/2024,10:12:22,23570.05,23572.9,50,23574.8,25,0,361950
NIFTY-III.NFO,11/06/2024,10:12:24,23570.05,23572.75,50,23574.8,25,0,361950
NIFTY-III.NFO,11/06/2024,10:12:26,23575,23574.45,250,23577,25,75,361950
NIFTY-III.NFO,11/06/2024,10:12:27,23577,23576,75,23578,25,25,361950
NIFTY-III.NFO,11/06/2024,10:12:27,23577,23576,75,23578,25,0,361950
NIFTY-III.NFO,11/06/2024,10:12:29,23577,23575.1,75,23578,25,0,361950
NIFTY-III.NFO,11/06/2024,10:12:31,23578,23575.1,75,23579.95,200,25,361950
NIFTY-III.NFO,11/06/2024,10:12:31,23578,23575.1,75,23579.95,200,0,361950
NIFTY-III.NFO,11/06/2024,10:12:32,23580,23575.95,100,23583.25,275,125,361950
NIFTY-III.NFO,11/06/2024,10:12:32,23580,23575.95,100,23583.25,275,0,361950
NIFTY-III.NFO,11/06/2024,10:12:34,23580,23575.95,100,23583.25,200,0,361950
NIFTY-III.NFO,11/06/2024,10:12:36,23580,23575.9,75,23583.25,275,0,361950
NIFTY-III.NFO,11/06/2024,10:12:37,23580,23575.95,100,23583.25,275,0,361950
NIFTY-III.NFO,11/06/2024,10:12:39,23574.15,23571.85,25,23583.25,275,450,361950
NIFTY-III.NFO,11/06/2024,10:12:41,23574.15,23571.95,25,23580,100,0,362525
NIFTY-III.NFO,11/06/2024,10:12:42,23574.15,23572,150,23580,25,0,362525
NIFTY-III.NFO,11/06/2024,10:12:44,23574.15,23572.5,25,23579.95,200,0,362525
NIFTY-III.NFO,11/06/2024,10:12:46,23574.15,23572.5,25,23580,100,0,362525
NIFTY-III.NFO,11/06/2024,10:12:47,23580,23576.4,25,23583.25,275,25,362525
NIFTY-III.NFO,11/06/2024,10:12:49,23580,23573.85,125,23583.25,275,0,362525
NIFTY-III.NFO,11/06/2024,10:12:51,23577,23573.85,125,23583.25,200,25,362525
NIFTY-III.NFO,11/06/2024,10:12:52,23573.5,23574.05,125,23583.25,275,50,362525
NIFTY-III.NFO,11/06/2024,10:12:54,23573.5,23571.25,25,23583.25,275,0,362525
NIFTY-III.NFO,11/06/2024,10:12:56,23573.5,23571.5,125,23583.25,275,0,362525
NIFTY-III.NFO,11/06/2024,10:12:57,23573.5,23571.55,25,23583.25,275,0,362525
NIFTY-III.NFO,11/06/2024,10:13:01,23573.5,23576.65,25,23580,25,0,362525
NIFTY-III.NFO,11/06/2024,10:13:02,23573.5,23577.65,25,23580,25,0,362525
NIFTY-III.NFO,11/06/2024,10:13:04,23573.5,23578.55,25,23580,25,0,362525
NIFTY-III.NFO,11/06/2024,10:13:06,23573.5,23577.7,25,23580,25,0,362525
NIFTY-III.NFO,11/06/2024,10:13:07,23573.5,23576.95,25,23580,25,0,362525
NIFTY-III.NFO,11/06/2024,10:13:09,23573.5,23576.9,25,23580,25,0,362525
NIFTY-III.NFO,11/06/2024,10:13:11,23580,23579.5,25,23583.25,200,25,362525
NIFTY-III.NFO,11/06/2024,10:13:12,23580,23574.15,225,23582.95,275,0,362525
NIFTY-III.NFO,11/06/2024,10:13:14,23578,23578,50,23582.95,275,25,362525
NIFTY-III.NFO,11/06/2024,10:13:15,23578,23578,50,23582.95,275,0,362525
NIFTY-III.NFO,11/06/2024,10:13:17,23578,23578,25,23582.95,275,25,362525
NIFTY-III.NFO,11/06/2024,10:13:18,23579,23578,25,23579.85,200,25,362525
NIFTY-III.NFO,11/06/2024,10:13:20,23578,23570.1,25,23579.85,200,25,362525
NIFTY-III.NFO,11/06/2024,10:13:22,23578,23571.25,25,23579.85,200,0,362525
NIFTY-III.NFO,11/06/2024,10:13:23,23579.85,23571.7,25,23579.85,200,25,362525
NIFTY-III.NFO,11/06/2024,10:13:25,23579.85,23576.95,25,23582.9,200,0,362525
NIFTY-III.NFO,11/06/2024,10:13:27,23579.85,23573.35,25,23582.9,200,0,362525
NIFTY-III.NFO,11/06/2024,10:13:28,23573.35,23572.65,25,23582.9,200,125,362525
NIFTY-III.NFO,11/06/2024,10:13:30,23573.35,23572.65,25,23582.9,200,0,362525
NIFTY-III.NFO,11/06/2024,10:13:32,23573.35,23573.9,250,23582.9,200,0,362525
NIFTY-III.NFO,11/06/2024,10:13:35,23573.35,23574.2,250,23582.9,200,0,362525
NIFTY-III.NFO,11/06/2024,10:13:37,23582.95,23582,50,23583,25,250,362525
NIFTY-III.NFO,11/06/2024,10:13:37,23582.95,23582,50,23583,25,0,362525
NIFTY-III.NFO,11/06/2024,10:13:38,23582.95,23582,50,23582.95,200,0,362525
NIFTY-III.NFO,11/06/2024,10:13:40,23584,23582,50,23584,150,500,362525
NIFTY-III.NFO,11/06/2024,10:13:40,23584,23582,50,23584,150,0,362525
NIFTY-III.NFO,11/06/2024,10:13:42,23582,23582,25,23584,150,25,362525
NIFTY-III.NFO,11/06/2024,10:13:43,23582,23582.95,150,23584,225,0,362525
NIFTY-III.NFO,11/06/2024,10:13:45,23582.95,23582,25,23584,250,150,362525
NIFTY-III.NFO,11/06/2024,10:13:47,23582.95,23582,25,23584,250,0,362525
NIFTY-III.NFO,11/06/2024,10:13:48,23582,23574.25,200,23582,100,25,362525
NIFTY-III.NFO,11/06/2024,10:13:50,23582,23573.35,200,23582,100,0,362525
NIFTY-III.NFO,11/06/2024,10:13:52,23573.1,23573.15,200,23581.95,200,300,362525
NIFTY-III.NFO,11/06/2024,10:13:53,23573.1,23572.15,275,23581.95,200,0,362525
NIFTY-III.NFO,11/06/2024,10:13:55,23573.1,23573.9,200,23581.95,200,0,362525
NIFTY-III.NFO,11/06/2024,10:13:57,23573.1,23573.5,275,23581.95,200,0,362525
NIFTY-III.NFO,11/06/2024,10:13:58,23573.1,23572.05,200,23581.95,200,0,362525
NIFTY-III.NFO,11/06/2024,10:14:00,23573.1,23573.6,200,23581.95,200,0,362525
NIFTY-III.NFO,11/06/2024,10:14:02,23573.1,23572.05,200,23581.95,200,0,362525
NIFTY-III.NFO,11/06/2024,10:14:05,23573.1,23572.05,200,23575,125,0,362525
NIFTY-III.NFO,11/06/2024,10:14:07,23573.1,23572.05,200,23575,50,0,362525
NIFTY-III.NFO,11/06/2024,10:14:08,23575,23572.05,200,23575,25,25,362525
NIFTY-III.NFO,11/06/2024,10:14:10,23575,23572,25,23575,100,0,362525
NIFTY-III.NFO,11/06/2024,10:14:11,23575,23572,25,23574.95,200,0,362525
NIFTY-III.NFO,11/06/2024,10:14:13,23575,23572,25,23575,100,0,362525
NIFTY-III.NFO,11/06/2024,10:14:29,23575,23572.05,200,23575,75,150,362525
NIFTY-III.NFO,11/06/2024,10:15:16,23572,23566,100,23571.95,225,325,362525
NIFTY-III.NFO,11/06/2024,10:15:18,23572,23566,100,23571.95,225,0,362525
NIFTY-III.NFO,11/06/2024,10:15:26,23572,23566.05,275,23571.95,150,0,362525
NIFTY-III.NFO,11/06/2024,10:15:28,23571.95,23566.05,275,23572,200,100,362525
NIFTY-III.NFO,11/06/2024,10:15:29,23571.95,23568,100,23571.95,50,0,362525
NIFTY-III.NFO,11/06/2024,10:15:31,23571.95,23566.65,200,23572,200,0,362525
NIFTY-III.NFO,11/06/2024,10:15:33,23571.95,23566.05,275,23571.95,75,0,362525
NIFTY-III.NFO,11/06/2024,10:15:34,23566.95,23566.95,200,23571.95,150,25,362525
NIFTY-III.NFO,11/06/2024,10:15:36,23566.95,23567.1,300,23572,200,0,362525
NIFTY-III.NFO,11/06/2024,10:15:38,23567.2,23568.1,200,23572,175,25,362525
NIFTY-III.NFO,11/06/2024,10:15:39,23567.2,23567.8,225,23572,425,0,362525
NIFTY-III.NFO,11/06/2024,10:15:41,23567.2,23567.55,275,23572,425,0,362525
NIFTY-III.NFO,11/06/2024,10:15:43,23567.2,23567.8,225,23572,425,0,362525
NIFTY-III.NFO,11/06/2024,10:15:44,23572,23569.65,200,23572,300,125,363475
NIFTY-III.NFO,11/06/2024,10:15:46,23572,23569.55,275,23572,300,0,363475
NIFTY-III.NFO,11/06/2024,10:15:48,23579.95,23572.05,200,23579.95,150,350,363475
NIFTY-III.NFO,11/06/2024,10:15:49,23579.95,23569.9,200,23579.95,150,0,363475
NIFTY-III.NFO,11/06/2024,10:15:54,23579.95,23569.85,200,23575,100,0,363475
NIFTY-III.NFO,11/06/2024,10:15:56,23579.95,23570.55,275,23575,25,0,363475
NIFTY-III.NFO,11/06/2024,10:15:58,23579.95,23571.3,275,23575,25,0,363475
NIFTY-III.NFO,11/06/2024,10:15:59,23579.95,23570.15,275,23575,25,0,363475
NIFTY-III.NFO,11/06/2024,10:16:01,23579.95,23571.7,200,23575,25,0,363475
NIFTY-III.NFO,11/06/2024,10:16:03,23579.95,23569.5,200,23576.75,75,0,363475
NIFTY-III.NFO,11/06/2024,10:16:06,23571.3,23571.35,200,23578.55,100,25,363475
NIFTY-III.NFO,11/06/2024,10:16:08,23571.3,23571.35,200,23577.95,175,0,363475
NIFTY-III.NFO,11/06/2024,10:16:09,23571.25,23571.25,25,23577.95,175,25,363475
NIFTY-III.NFO,11/06/2024,10:16:11,23571.25,23571.3,200,23577.95,175,0,363475
NIFTY-III.NFO,11/06/2024,10:16:13,23571.25,23567.75,200,23577.95,175,0,363475
NIFTY-III.NFO,11/06/2024,10:16:14,23571.25,23566.45,200,23577.95,175,0,363475
NIFTY-III.NFO,11/06/2024,10:16:16,23571.25,23566.05,275,23577.95,300,0,363475
NIFTY-III.NFO,11/06/2024,10:16:18,23571.25,23566.05,275,23577.15,100,0,363475
NIFTY-III.NFO,11/06/2024,10:16:19,23571.25,23566.05,200,23571.2,100,0,363475
NIFTY-III.NFO,11/06/2024,10:16:21,23571.25,23566.3,200,23571.25,100,0,363475
NIFTY-III.NFO,11/06/2024,10:16:23,23571.25,23566.05,200,23571.25,100,0,363475
NIFTY-III.NFO,11/06/2024,10:16:24,23566,23566.05,125,23571.25,100,250,363475
NIFTY-III.NFO,11/06/2024,10:16:26,23571.25,23566.85,175,23574.95,275,25,363475
NIFTY-III.NFO,11/06/2024,10:16:28,23571.25,23566.05,100,23570,25,0,363475
NIFTY-III.NFO,11/06/2024,10:16:29,23571.25,23566.05,100,23570,100,0,363475
NIFTY-III.NFO,11/06/2024,10:16:31,23570,23570,25,23571.75,200,25,363475
NIFTY-III.NFO,11/06/2024,10:16:33,23570,23570,25,23571.95,200,0,363475
NIFTY-III.NFO,11/06/2024,10:16:36,23570,23566,75,23571.95,200,25,363475
NIFTY-III.NFO,11/06/2024,10:16:38,23570,23566.05,100,23570,100,0,363475
NIFTY-III.NFO,11/06/2024,10:16:41,23570,23566.15,100,23570,25,0,363475
NIFTY-III.NFO,11/06/2024,10:16:43,23570,23566.15,100,23570,125,0,363475
NIFTY-III.NFO,11/06/2024,10:16:44,23570,23566,75,23569.95,200,0,363475
NIFTY-III.NFO,11/06/2024,10:16:49,23569.95,23566,75,23569.95,200,50,363475
NIFTY-III.NFO,11/06/2024,10:16:51,23569.95,23566,75,23569.95,200,0,363475
NIFTY-III.NFO,11/06/2024,10:16:53,23569.95,23566.05,150,23570,150,0,363475
NIFTY-III.NFO,11/06/2024,10:16:54,23569.95,23566,75,23569.95,200,0,363475
NIFTY-III.NFO,11/06/2024,10:16:56,23570.85,23566.05,250,23571.75,200,100,363475
NIFTY-III.NFO,11/06/2024,10:16:58,23570.85,23566,75,23571.95,275,0,363475
NIFTY-III.NFO,11/06/2024,10:16:59,23570.85,23566.1,175,23571.95,275,0,363475
NIFTY-III.NFO,11/06/2024,10:17:03,23570.85,23566.7,175,23572,25,0,363475
NIFTY-III.NFO,11/06/2024,10:17:04,23570.85,23566.1,175,23571,200,0,363475
NIFTY-III.NFO,11/06/2024,10:17:06,23570.85,23566.05,175,23571,275,0,363475
NIFTY-III.NFO,11/06/2024,10:17:08,23570.85,23566.05,175,23570.9,200,0,363475
NIFTY-III.NFO,11/06/2024,10:17:09,23570.85,23566.3,300,23571,200,0,363475
NIFTY-III.NFO,11/06/2024,10:17:11,23570.85,23566.95,250,23571,200,0,363475
NIFTY-III.NFO,11/06/2024,10:17:13,23570.85,23566.3,250,23570.95,200,0,363475
NIFTY-III.NFO,11/06/2024,10:17:14,23570.85,23566.05,250,23570.95,200,0,363475
NIFTY-III.NFO,11/06/2024,10:17:18,23570.85,23566.15,175,23571,200,0,363475
NIFTY-III.NFO,11/06/2024,10:17:19,23571,23570.45,250,23571,150,50,363475
NIFTY-III.NFO,11/06/2024,10:17:21,23570.45,23569.15,225,23571,150,25,363475
NIFTY-III.NFO,11/06/2024,10:17:23,23571,23570.15,150,23571,100,50,363475
NIFTY-III.NFO,11/06/2024,10:17:24,23571,23570.45,150,23571,75,25,363475
NIFTY-III.NFO,11/06/2024,10:17:26,23571,23570.7,175,23571,75,0,363475
NIFTY-III.NFO,11/06/2024,10:17:28,23577,23572.35,175,23577.95,200,125,363475
NIFTY-III.NFO,11/06/2024,10:17:29,23577,23572.35,150,23577.95,275,0,363475
NIFTY-III.NFO,11/06/2024,10:17:31,23577,23571.7,150,23577.95,275,0,363475
NIFTY-III.NFO,11/06/2024,10:17:34,23577,23571.8,150,23577.95,275,0,363475
NIFTY-III.NFO,11/06/2024,10:17:36,23577,23571.9,150,23577.95,275,0,363475
NIFTY-III.NFO,11/06/2024,10:17:39,23577,23571.75,25,23577.95,275,0,363475
NIFTY-III.NFO,11/06/2024,10:17:41,23577,23571.8,150,23577.95,275,0,363475
NIFTY-III.NFO,11/06/2024,10:17:43,23577,23571.8,225,23577.95,275,0,363475
NIFTY-III.NFO,11/06/2024,10:17:44,23577,23572,50,23577.95,275,0,363475
NIFTY-III.NFO,11/06/2024,10:17:46,23577,23572.05,25,23577.95,275,0,363475
NIFTY-III.NFO,11/06/2024,10:17:48,23577,23572.15,25,23577.95,275,0,363475
NIFTY-III.NFO,11/06/2024,10:17:49,23577,23572.2,150,23577.95,275,0,363475
NIFTY-III.NFO,11/06/2024,10:17:51,23577,23572.15,25,23577.95,275,0,363475
NIFTY-III.NFO,11/06/2024,10:17:53,23577,23572.25,25,23576.95,200,0,363475
NIFTY-III.NFO,11/06/2024,10:17:54,23576.95,23572.35,25,23576.95,200,25,363475
NIFTY-III.NFO,11/06/2024,10:17:56,23576.95,23572.35,25,23576.95,150,75,363475
NIFTY-III.NFO,11/06/2024,10:17:58,23573,23573,25,23576.95,150,25,363475
NIFTY-III.NFO,11/06/2024,10:17:59,23573,23573.05,50,23576.95,150,0,363475
NIFTY-III.NFO,11/06/2024,10:18:01,23573,23573.1,25,23576.95,225,0,363475
NIFTY-III.NFO,11/06/2024,10:18:03,23576.95,23573.1,25,23576.95,200,25,363475
NIFTY-III.NFO,11/06/2024,10:18:04,23576.95,23573.1,25,23576.95,200,0,363475
NIFTY-III.NFO,11/06/2024,10:18:06,23576.95,23574,25,23576.95,200,0,363475
NIFTY-III.NFO,11/06/2024,10:18:08,23573.1,23573.1,25,23576.95,175,75,363475
NIFTY-III.NFO,11/06/2024,10:18:09,23573.1,23573.15,25,23576.95,175,0,363475
NIFTY-III.NFO,11/06/2024,10:18:11,23576.85,23573.15,25,23576.9,75,25,363475
NIFTY-III.NFO,11/06/2024,10:18:13,23576.85,23573.15,25,23576.9,75,0,363475
NIFTY-III.NFO,11/06/2024,10:18:14,23576.85,23573.2,25,23576.9,75,0,363475
NIFTY-III.NFO,11/06/2024,10:18:18,23576.85,23573.25,25,23576.9,75,0,363475
NIFTY-III.NFO,11/06/2024,10:18:19,23576.85,23573.3,25,23576.9,75,0,363475
NIFTY-III.NFO,11/06/2024,10:18:21,23576.85,23573.3,25,23576.95,150,0,363475
NIFTY-III.NFO,11/06/2024,10:18:24,23576.95,23573.3,25,23576.95,125,25,363475
NIFTY-III.NFO,11/06/2024,10:18:26,23577,23573.35,275,23577,25,25,363475
NIFTY-III.NFO,11/06/2024,10:18:27,23577,23573.35,275,23577,25,0,363475
NIFTY-III.NFO,11/06/2024,10:18:29,23577,23573.35,275,23578,50,25,363475
NIFTY-III.NFO,11/06/2024,10:18:31,23577,23573.9,250,23578,50,0,363475
NIFTY-III.NFO,11/06/2024,10:18:32,23577,23573.7,200,23578,50,0,363475
NIFTY-III.NFO,11/06/2024,10:18:34,23578,23573.7,200,23578,25,25,363475
NIFTY-III.NFO,11/06/2024,10:18:36,23578,23574.35,200,23578,25,0,363475
NIFTY-III.NFO,11/06/2024,10:18:39,23578,23574.35,200,23579.9,25,25,363475
NIFTY-III.NFO,11/06/2024,10:18:40,23578,23574.95,200,23579.9,25,0,363475
NIFTY-III.NFO,11/06/2024,10:18:44,23579.9,23574.95,200,23579.95,25,25,363650
NIFTY-III.NFO,11/06/2024,10:18:45,23579.9,23574.95,200,23579.95,25,0,363650
NIFTY-III.NFO,11/06/2024,10:18:47,23579.9,23575.25,250,23579.95,25,0,363650
NIFTY-III.NFO,11/06/2024,10:18:49,23579.9,23576.15,250,23579.95,25,0,363650
NIFTY-III.NFO,11/06/2024,10:18:50,23579.9,23576.45,250,23579.95,25,0,363650
NIFTY-III.NFO,11/06/2024,10:18:52,23579.9,23577.65,275,23579.95,25,0,363650
NIFTY-III.NFO,11/06/2024,10:18:54,23580,23579.9,200,23580,25,100,363650
NIFTY-III.NFO,11/06/2024,10:18:55,23580,23579.9,200,23584,175,25,363650
NIFTY-III.NFO,11/06/2024,10:18:57,23580,23579.9,200,23584,175,0,363650
NIFTY-III.NFO,11/06/2024,10:18:59,23580,23580,200,23584,175,0,363650
NIFTY-III.NFO,11/06/2024,10:19:00,23580,23580.5,200,23584,175,0,363650
NIFTY-III.NFO,11/06/2024,10:19:04,23580,23578,275,23583.95,125,0,363650
NIFTY-III.NFO,11/06/2024,10:19:05,23580,23578.05,275,23583.95,50,0,363650
NIFTY-III.NFO,11/06/2024,10:19:07,23580,23578.75,200,23584,175,0,363650
NIFTY-III.NFO,11/06/2024,10:19:08,23580,23579.4,200,23580,25,0,363650
NIFTY-III.NFO,11/06/2024,10:19:10,23584,23580.4,275,23584,150,50,363650
NIFTY-III.NFO,11/06/2024,10:19:12,23584,23580.45,200,23584,150,0,363650
NIFTY-III.NFO,11/06/2024,10:19:13,23584,23580,100,23583.95,50,0,363650
NIFTY-III.NFO,11/06/2024,10:19:15,23584,23580,100,23583.95,125,0,363650
NIFTY-III.NFO,11/06/2024,10:19:25,23584,23580.45,75,23583.95,50,0,363650
NIFTY-III.NFO,11/06/2024,10:19:27,23584,23580,100,23583.95,125,0,363650
NIFTY-III.NFO,11/06/2024,10:19:30,23584,23580,150,23583.95,125,0,363650
NIFTY-III.NFO,11/06/2024,10:19:33,23584,23580,100,23583.95,125,0,363650
NIFTY-III.NFO,11/06/2024,10:19:37,23584,23580,100,23582.95,50,0,363650
NIFTY-III.NFO,11/06/2024,10:19:42,23580,23573,275,23582.95,50,100,363650
NIFTY-III.NFO,11/06/2024,10:19:43,23580,23573,275,23582.95,50,0,363650
NIFTY-III.NFO,11/06/2024,10:19:47,23580,23573.05,225,23582.95,50,0,363650
NIFTY-III.NFO,11/06/2024,10:19:48,23580,23573.3,275,23582.95,50,0,363650
NIFTY-III.NFO,11/06/2024,10:19:50,23580,23572.7,275,23582.95,50,0,363650
NIFTY-III.NFO,11/06/2024,10:19:52,23580,23573.3,225,23582.95,50,0,363650
NIFTY-III.NFO,11/06/2024,10:19:53,23573.7,23573.45,200,23579.9,75,25,363650
NIFTY-III.NFO,11/06/2024,10:19:55,23573.7,23573.45,275,23579.9,75,0,363650
NIFTY-III.NFO,11/06/2024,10:19:56,23573.7,23572.85,25,23579.95,150,0,363650
NIFTY-III.NFO,11/06/2024,10:19:58,23573.7,23571.4,200,23579.95,150,0,363650
NIFTY-III.NFO,11/06/2024,10:20:00,23573.7,23570.55,200,23579.95,150,0,363650
NIFTY-III.NFO,11/06/2024,10:20:03,23573.7,23571,200,23579.4,75,0,363650
NIFTY-III.NFO,11/06/2024,10:20:06,23573.7,23570.55,200,23579.4,75,0,363650
NIFTY-III.NFO,11/06/2024,10:20:08,23579.4,23570.7,225,23579.4,50,25,363650
NIFTY-III.NFO,11/06/2024,10:20:10,23579.4,23571.6,200,23579.4,50,0,363650
NIFTY-III.NFO,11/06/2024,10:20:13,23579.4,23571.9,200,23579.4,50,0,363650
NIFTY-III.NFO,11/06/2024,10:20:18,23579.4,23570.9,200,23579.4,50,0,363650
NIFTY-III.NFO,11/06/2024,10:20:22,23579.4,23570.75,200,23579.4,50,0,363650
NIFTY-III.NFO,11/06/2024,10:20:25,23579.4,23570.75,225,23579.4,50,0,363650
NIFTY-III.NFO,11/06/2024,10:20:27,23579.4,23570.75,200,23579.4,50,0,363650
NIFTY-III.NFO,11/06/2024,10:20:28,23579.4,23570.55,200,23578.65,50,0,363650
NIFTY-III.NFO,11/06/2024,10:20:30,23579.4,23570.5,25,23578.65,175,0,363650
NIFTY-III.NFO,11/06/2024,10:20:32,23579.4,23570.5,25,23577.05,50,0,363650
NIFTY-III.NFO,11/06/2024,10:20:33,23579.4,23570.55,200,23576.25,50,0,363650
NIFTY-III.NFO,11/06/2024,10:20:35,23579.4,23570.55,200,23576.3,75,0,363650
NIFTY-III.NFO,11/06/2024,10:20:37,23579.4,23571.55,50,23577.05,50,0,363650
NIFTY-III.NFO,11/06/2024,10:20:38,23579.4,23570.55,275,23577.05,50,0,363650
NIFTY-III.NFO,11/06/2024,10:20:40,23570.55,23570.6,200,23577.05,75,25,363650
NIFTY-III.NFO,11/06/2024,10:20:41,23570.55,23570.5,25,23575.95,75,0,363650
NIFTY-III.NFO,11/06/2024,10:20:45,23570.55,23570.5,25,23575.95,125,50,363650
NIFTY-III.NFO,11/06/2024,10:20:46,23570.5,23568.95,200,23575.8,125,25,363650
NIFTY-III.NFO,11/06/2024,10:20:48,23570.5,23570.55,25,23575.95,250,0,363650
NIFTY-III.NFO,11/06/2024,10:20:51,23570.5,23570.55,25,23575.1,125,0,363650
NIFTY-III.NFO,11/06/2024,10:20:53,23570.5,23570.55,25,23574.45,125,0,363650
NIFTY-III.NFO,11/06/2024,10:20:56,23570.5,23570.55,25,23573.75,125,0,363650
NIFTY-III.NFO,11/06/2024,10:21:17,23570.55,23565.05,200,23573.75,125,25,363650
NIFTY-III.NFO,11/06/2024,10:21:19,23573.75,23565.05,300,23572.45,75,50,363650
NIFTY-III.NFO,11/06/2024,10:21:20,23573.75,23570.5,100,23572.35,75,0,363650
NIFTY-III.NFO,11/06/2024,10:21:23,23570.5,23567,200,23574.45,75,100,363650
NIFTY-III.NFO,11/06/2024,10:21:25,23570.5,23567,200,23574.45,75,0,363650
NIFTY-III.NFO,11/06/2024,10:21:27,23570.5,23565.15,200,23574.45,75,0,363650
NIFTY-III.NFO,11/06/2024,10:21:28,23570.5,23565.1,200,23572.85,75,0,363650
NIFTY-III.NFO,11/06/2024,10:21:30,23570.5,23565.1,275,23572.85,75,0,363650
NIFTY-III.NFO,11/06/2024,10:21:32,23570.5,23570.55,50,23572.85,75,0,363650
NIFTY-III.NFO,11/06/2024,10:21:33,23570.5,23570.55,50,23574.45,75,0,363650
NIFTY-III.NFO,11/06/2024,10:21:35,23570.5,23570.55,50,23574.8,75,0,363650
NIFTY-III.NFO,11/06/2024,10:21:37,23570.5,23570.6,200,23574.85,75,0,363650
NIFTY-III.NFO,11/06/2024,10:21:40,23570.5,23570.6,200,23574.8,75,0,363650
NIFTY-III.NFO,11/06/2024,10:21:42,23570.5,23570.55,50,23574.55,150,0,363650
NIFTY-III.NFO,11/06/2024,10:21:47,23570.5,23570.55,50,23574.25,150,0,363650
NIFTY-III.NFO,11/06/2024,10:21:52,23570.55,23570.55,25,23574.25,150,25,363550
NIFTY-III.NFO,11/06/2024,10:21:53,23570.6,23570.6,200,23574.7,125,25,363550
NIFTY-III.NFO,11/06/2024,10:21:55,23570.6,23570.6,200,23574.7,125,25,363550
NIFTY-III.NFO,11/06/2024,10:21:57,23570.6,23570.6,200,23574.7,125,0,363550
NIFTY-III.NFO,11/06/2024,10:21:58,23570.6,23570.6,200,23572.5,50,0,363550
NIFTY-III.NFO,11/06/2024,10:22:02,23572.5,23570.6,275,23575,575,50,363550
NIFTY-III.NFO,11/06/2024,10:22:03,23572.5,23570.6,275,23575,575,0,363550
NIFTY-III.NFO,11/06/2024,10:22:07,23572.5,23570.6,275,23572.6,25,0,363550
NIFTY-III.NFO,11/06/2024,10:22:10,23572.6,23570.6,275,23575,575,25,363550
NIFTY-III.NFO,11/06/2024,10:22:12,23572.6,23570.7,200,23575,575,0,363550
NIFTY-III.NFO,11/06/2024,10:22:13,23572.6,23571.05,250,23575,575,0,363550
NIFTY-III.NFO,11/06/2024,10:22:17,23572.6,23570.8,275,23575,575,0,363550
NIFTY-III.NFO,11/06/2024,10:22:18,23572.6,23571,200,23575,575,0,363550
NIFTY-III.NFO,11/06/2024,10:22:20,23572.6,23570.55,25,23574.95,200,0,363550
NIFTY-III.NFO,11/06/2024,10:22:34,23572.6,23572.6,25,23574.95,200,0,363550
NIFTY-III.NFO,11/06/2024,10:22:41,23572.6,23572.6,25,23574.95,125,0,363550
NIFTY-III.NFO,11/06/2024,10:22:44,23572.6,23572.6,25,23574.95,200,0,363550
NIFTY-III.NFO,11/06/2024,10:22:45,23572.6,23572.6,25,23574.95,125,0,363550
NIFTY-III.NFO,11/06/2024,10:22:47,23572.6,23572.6,25,23574.95,200,0,363550
NIFTY-III.NFO,11/06/2024,10:22:55,23572.6,23572.6,25,23574.95,125,0,363550
NIFTY-III.NFO,11/06/2024,10:22:57,23572.6,23570.6,25,23574.95,200,25,363550
NIFTY-III.NFO,11/06/2024,10:22:58,23574.95,23570.6,25,23574.95,50,150,363550
NIFTY-III.NFO,11/06/2024,10:23:00,23574.95,23570.6,25,23574.95,50,0,363550
NIFTY-III.NFO,11/06/2024,10:23:09,23574.95,23570.65,275,23575,575,0,363550
NIFTY-III.NFO,11/06/2024,10:23:14,23570.65,23570.7,200,23575,575,25,363550
NIFTY-III.NFO,11/06/2024,10:23:31,23574.95,23570.85,200,23575,575,25,363550
NIFTY-III.NFO,11/06/2024,10:24:16,23574.95,23571.45,275,23575,575,0,363550
NIFTY-III.NFO,11/06/2024,10:24:19,23574.95,23571.5,200,23575,575,0,363550
NIFTY-III.NFO,11/06/2024,10:24:24,23574.95,23571.2,125,23575,575,0,363550
NIFTY-III.NFO,11/06/2024,10:24:26,23571.25,23571.3,200,23575,575,25,363550
NIFTY-III.NFO,11/06/2024,10:24:27,23571.25,23571.25,100,23575,575,0,363550
NIFTY-III.NFO,11/06/2024,10:24:31,23571.25,23571.2,25,23575,575,0,363550
NIFTY-III.NFO,11/06/2024,10:24:32,23571.25,23571.2,25,23575,650,0,363550
NIFTY-III.NFO,11/06/2024,10:24:34,23571.25,23571.15,25,23575,650,0,363550
NIFTY-III.NFO,11/06/2024,10:24:36,23571.25,23570.8,25,23575,650,0,363550
NIFTY-III.NFO,11/06/2024,10:24:39,23571.25,23571.2,50,23575,575,0,363550
NIFTY-III.NFO,11/06/2024,10:24:41,23575,23571.45,125,23575,550,25,363550
NIFTY-III.NFO,11/06/2024,10:24:42,23575,23571.45,125,23575,550,0,363550
NIFTY-III.NFO,11/06/2024,10:24:44,23575,23572.45,75,23575,550,0,363550
NIFTY-III.NFO,11/06/2024,10:24:46,23575,23573.15,75,23575,550,0,363550
NIFTY-III.NFO,11/06/2024,10:24:47,23575,23574.1,75,23575,550,0,363550
NIFTY-III.NFO,11/06/2024,10:24:50,23575,23574.7,75,23575,550,0,363550
NIFTY-III.NFO,11/06/2024,10:24:52,23574.65,23574.65,50,23575,500,75,363575
NIFTY-III.NFO,11/06/2024,10:24:54,23574.65,23574.65,50,23575,500,0,363575
NIFTY-III.NFO,11/06/2024,10:24:55,23575,23573.85,75,23575,475,25,363575
NIFTY-III.NFO,11/06/2024,10:24:57,23575,23573.75,150,23575,475,0,363575
NIFTY-III.NFO,11/06/2024,10:24:59,23575,23574,150,23575,475,0,363575
NIFTY-III.NFO,11/06/2024,10:25:00,23575,23574.05,75,23575,475,0,363575
NIFTY-III.NFO,11/06/2024,10:25:02,23574.05,23574.5,50,23575,450,50,363575
NIFTY-III.NFO,11/06/2024,10:25:04,23575,23574.55,25,23575,75,375,363575
NIFTY-III.NFO,11/06/2024,10:25:05,23575,23574.4,25,23575,100,0,363575
NIFTY-III.NFO,11/06/2024,10:25:07,23575,23574.4,25,23575,75,25,363575
NIFTY-III.NFO,11/06/2024,10:25:08,23575,23574.1,75,23575,150,25,363575
NIFTY-III.NFO,11/06/2024,10:25:10,23575,23572.5,75,23575,150,0,363575
NIFTY-III.NFO,11/06/2024,10:25:12,23575,23572.9,75,23575,150,0,363575
NIFTY-III.NFO,11/06/2024,10:25:16,23575,23573.6,75,23575,100,50,363575
NIFTY-III.NFO,11/06/2024,10:25:18,23575,23573.6,75,23575,75,25,363575
NIFTY-III.NFO,11/06/2024,10:25:19,23575,23573.6,75,23575,75,0,363575
NIFTY-III.NFO,11/06/2024,10:25:21,23575,23573,75,23575,75,0,363575
NIFTY-III.NFO,11/06/2024,10:25:23,23575,23573.2,25,23580,750,75,363575
NIFTY-III.NFO,11/06/2024,10:25:24,23575,23573.65,75,23580,750,0,363575
NIFTY-III.NFO,11/06/2024,10:25:26,23575,23573.6,100,23580,750,0,363575
NIFTY-III.NFO,11/06/2024,10:25:28,23575,23573.95,25,23580,750,0,363575
NIFTY-III.NFO,11/06/2024,10:25:29,23575,23574.05,25,23580,750,0,363575
NIFTY-III.NFO,11/06/2024,10:25:31,23575,23575.7,50,23580,675,0,363575
NIFTY-III.NFO,11/06/2024,10:25:33,23575,23577,75,23580,675,0,363575
NIFTY-III.NFO,11/06/2024,10:25:36,23575,23575.85,75,23580,675,0,363575
NIFTY-III.NFO,11/06/2024,10:25:38,23575,23575,100,23580,675,0,363575
NIFTY-III.NFO,11/06/2024,10:25:39,23575,23575,100,23580,750,0,363575
NIFTY-III.NFO,11/06/2024,10:25:41,23575,23575,25,23580,750,0,363575
NIFTY-III.NFO,11/06/2024,10:25:44,23575,23575,75,23580,750,0,363575
NIFTY-III.NFO,11/06/2024,10:25:46,23575,23575,150,23580,750,0,363575
NIFTY-III.NFO,11/06/2024,10:25:48,23580,23575,75,23580,725,25,363575
NIFTY-III.NFO,11/06/2024,10:25:49,23580,23575,25,23580,725,0,363575
NIFTY-III.NFO,11/06/2024,10:25:54,23580,23575,25,23580,850,0,363575
NIFTY-III.NFO,11/06/2024,10:25:56,23579.35,23574,25,23579.35,75,25,363575
NIFTY-III.NFO,11/06/2024,10:25:58,23579.35,23574,25,23579.35,75,0,363575
NIFTY-III.NFO,11/06/2024,10:26:03,23579.35,23574.05,200,23580,725,0,363575
NIFTY-III.NFO,11/06/2024,10:26:04,23579.35,23574.4,200,23580,650,0,363575
NIFTY-III.NFO,11/06/2024,10:26:06,23579.35,23573.9,200,23580,725,0,363575
NIFTY-III.NFO,11/06/2024,10:26:08,23579.35,23575.55,275,23580,650,0,363575
NIFTY-III.NFO,11/06/2024,10:26:13,23579.35,23574.25,275,23579,25,0,363575
NIFTY-III.NFO,11/06/2024,10:26:14,23579.35,23574.2,25,23579,100,0,363575
NIFTY-III.NFO,11/06/2024,10:26:16,23579.35,23574.25,275,23579,25,0,363575
NIFTY-III.NFO,11/06/2024,10:26:21,23579.35,23574.45,250,23579,25,0,363575
NIFTY-III.NFO,11/06/2024,10:26:23,23579.35,23574.3,200,23579,25,0,363575
NIFTY-III.NFO,11/06/2024,10:26:25,23579.35,23574.25,200,23579,100,0,363575
NIFTY-III.NFO,11/06/2024,10:26:31,23579.35,23574.25,275,23576,50,0,363575
NIFTY-III.NFO,11/06/2024,10:26:33,23579.35,23574.2,25,23576,50,0,363575
NIFTY-III.NFO,11/06/2024,10:26:39,23576,23574.2,25,23576,25,25,363575
NIFTY-III.NFO,11/06/2024,10:26:41,23577.2,23573.15,275,23579,100,50,363575
NIFTY-III.NFO,11/06/2024,10:26:43,23577.2,23573.9,250,23579,25,0,363575
NIFTY-III.NFO,11/06/2024,10:26:44,23577.2,23574.1,200,23579,25,0,363575
NIFTY-III.NFO,11/06/2024,10:26:48,23577.2,23573.45,200,23579,100,0,363575
NIFTY-III.NFO,11/06/2024,10:26:49,23577.2,23573.75,325,23579,25,0,363575
NIFTY-III.NFO,11/06/2024,10:26:51,23577.2,23574.1,250,23579,25,0,363575
NIFTY-III.NFO,11/06/2024,10:26:53,23577.2,23574.1,200,23579,25,0,363575
NIFTY-III.NFO,11/06/2024,10:26:54,23577.2,23574.05,275,23579,25,0,363575
NIFTY-III.NFO,11/06/2024,10:26:56,23577.2,23573.1,25,23579,100,0,363575
NIFTY-III.NFO,11/06/2024,10:26:59,23577.2,23573.1,25,23575,25,0,363575
NIFTY-III.NFO,11/06/2024,10:27:01,23577.4,23576.2,75,23579,100,50,363575
NIFTY-III.NFO,11/06/2024,10:27:03,23579,23576.2,75,23579,75,25,363575
NIFTY-III.NFO,11/06/2024,10:27:04,23579.15,23576.2,50,23579.15,100,25,363575
NIFTY-III.NFO,11/06/2024,10:27:06,23579.15,23576.2,25,23579.15,100,0,363575
NIFTY-III.NFO,11/06/2024,10:27:08,23579.15,23576.2,25,23579.15,25,0,363575
NIFTY-III.NFO,11/06/2024,10:27:11,23579.15,23576.2,25,23579.15,100,0,363575
NIFTY-III.NFO,11/06/2024,10:27:16,23579.15,23576.25,225,23579.15,25,0,363575
NIFTY-III.NFO,11/06/2024,10:27:17,23579.15,23576.25,200,23580,675,25,363575
NIFTY-III.NFO,11/06/2024,10:27:19,23579.15,23576.25,200,23580,675,0,363575
NIFTY-III.NFO,11/06/2024,10:27:22,23579.15,23576.5,275,23580,675,0,363575
NIFTY-III.NFO,11/06/2024,10:27:24,23579.15,23576.5,75,23580,675,0,363575
NIFTY-III.NFO,11/06/2024,10:27:27,23579.15,23575,75,23580,675,0,363575
NIFTY-III.NFO,11/06/2024,10:27:29,23579.15,23575.05,200,23580,675,0,363575
NIFTY-III.NFO,11/06/2024,10:27:31,23579.15,23575,75,23580,675,0,363575
NIFTY-III.NFO,11/06/2024,10:27:32,23579.15,23575.05,200,23580,675,0,363575
NIFTY-III.NFO,11/06/2024,10:27:34,23579.15,23574.45,200,23580,675,0,363575
NIFTY-III.NFO,11/06/2024,10:27:39,23579.15,23574.15,200,23580,750,0,363575
NIFTY-III.NFO,11/06/2024,10:27:42,23579.15,23574.4,275,23580,675,0,363575
NIFTY-III.NFO,11/06/2024,10:27:44,23580,23575,275,23580,650,25,363800
NIFTY-III.NFO,11/06/2024,10:27:46,23580,23575,275,23579.95,25,0,363800
NIFTY-III.NFO,11/06/2024,10:27:47,23580,23576.05,200,23579.95,25,0,363800
NIFTY-III.NFO,11/06/2024,10:27:49,23580,23576.35,200,23579.95,25,0,363800
NIFTY-III.NFO,11/06/2024,10:27:54,23580,23576.3,75,23579.95,25,0,363800
NIFTY-III.NFO,11/06/2024,10:27:57,23580,23576.35,200,23579.95,25,0,363800
NIFTY-III.NFO,11/06/2024,10:28:01,23580,23577.75,225,23579.95,25,0,363800
NIFTY-III.NFO,11/06/2024,10:28:02,23580,23577.75,225,23580,550,125,363800
NIFTY-III.NFO,11/06/2024,10:28:04,23580,23577.8,100,23580,525,25,363800
NIFTY-III.NFO,11/06/2024,10:28:06,23580,23577.8,75,23580,500,50,363800
NIFTY-III.NFO,11/06/2024,10:28:07,23580,23577.8,75,23580,500,0,363800
NIFTY-III.NFO,11/06/2024,10:28:14,23580,23578,100,23580,500,0,363800
NIFTY-III.NFO,11/06/2024,10:28:16,23580,23579.6,75,23580,500,0,363800
NIFTY-III.NFO,11/06/2024,10:28:19,23580,23578,25,23580,500,0,363800
NIFTY-III.NFO,11/06/2024,10:28:22,23580,23578.9,75,23580,500,0,363800
NIFTY-III.NFO,11/06/2024,10:28:24,23580,23578.9,75,23580,475,25,363800
NIFTY-III.NFO,11/06/2024,10:28:26,23580,23578.9,75,23580,475,0,363800
NIFTY-III.NFO,11/06/2024,10:28:27,23580,23575.95,325,23580,475,0,363800
NIFTY-III.NFO,11/06/2024,10:28:29,23580,23576.05,75,23580,475,0,363800
NIFTY-III.NFO,11/06/2024,10:28:31,23580,23575.45,50,23580,550,0,363800
NIFTY-III.NFO,11/06/2024,10:28:32,23580,23574.95,50,23580,550,0,363800
NIFTY-III.NFO,11/06/2024,10:28:34,23580,23576.3,275,23580,475,0,363800
NIFTY-III.NFO,11/06/2024,10:28:36,23580,23576.5,125,23580,475,0,363800
NIFTY-III.NFO,11/06/2024,10:28:37,23580,23575.1,100,23580,550,0,363800
NIFTY-III.NFO,11/06/2024,10:28:39,23580,23575.25,50,23580,550,0,363800
NIFTY-III.NFO,11/06/2024,10:28:42,23580,23575.8,50,23580,550,0,363800
NIFTY-III.NFO,11/06/2024,10:28:44,23580,23575.4,50,23580,550,0,363800
NIFTY-III.NFO,11/06/2024,10:28:46,23580,23575.35,50,23580,550,0,363800
NIFTY-III.NFO,11/06/2024,10:28:47,23580,23575.55,50,23580,475,0,363800
NIFTY-III.NFO,11/06/2024,10:28:49,23580,23574.95,50,23580,550,0,363800
NIFTY-III.NFO,11/06/2024,10:28:51,23580,23575.4,50,23580,550,0,363800
NIFTY-III.NFO,11/06/2024,10:28:52,23580,23575.5,125,23580,475,0,363800
NIFTY-III.NFO,11/06/2024,10:28:54,23580,23575.05,50,23580,550,0,363800
NIFTY-III.NFO,11/06/2024,10:28:56,23580,23575,50,23579.8,25,0,363800
NIFTY-III.NFO,11/06/2024,10:28:57,23580,23575.95,275,23579.8,25,0,363800
NIFTY-III.NFO,11/06/2024,10:28:59,23580,23575.75,125,23579.8,25,0,363800
NIFTY-III.NFO,11/06/2024,10:29:01,23580,23575.75,50,23579.8,25,0,363800
NIFTY-III.NFO,11/06/2024,10:29:02,23580,23573.95,275,23579.8,100,0,363800
NIFTY-III.NFO,11/06/2024,10:29:06,23580,23573.25,275,23579.8,100,0,363800
NIFTY-III.NFO,11/06/2024,10:29:07,23580,23574,25,23579.8,100,0,363800
NIFTY-III.NFO,11/06/2024,10:29:11,23580,23571.8,75,23579.8,100,0,363800
NIFTY-III.NFO,11/06/2024,10:29:12,23580,23571.75,25,23579.8,100,0,363800
NIFTY-III.NFO,11/06/2024,10:29:15,23580,23571.8,25,23579.8,100,0,363800
NIFTY-III.NFO,11/06/2024,10:29:18,23580,23571.8,100,23579.8,100,0,363800
NIFTY-III.NFO,11/06/2024,10:29:20,23580,23571.85,25,23579.8,100,0,363800
NIFTY-III.NFO,11/06/2024,10:29:23,23580,23571.95,25,23579.8,100,0,363800
NIFTY-III.NFO,11/06/2024,10:29:25,23580,23570.55,100,23579.8,100,0,363800
NIFTY-III.NFO,11/06/2024,10:29:26,23580,23570.55,25,23577.6,75,0,363800
NIFTY-III.NFO,11/06/2024,10:29:28,23580,23570.55,25,23577.45,250,0,363800
NIFTY-III.NFO,11/06/2024,10:29:30,23580,23570.55,25,23577.6,75,0,363800
NIFTY-III.NFO,11/06/2024,10:29:33,23580,23570.55,25,23577.5,250,0,363800
NIFTY-III.NFO,11/06/2024,10:29:35,23580,23570.55,100,23577.6,75,0,363800
NIFTY-III.NFO,11/06/2024,10:29:36,23580,23570.55,25,23576.1,325,0,363800
NIFTY-III.NFO,11/06/2024,10:29:38,23563.35,23565,200,23572.75,25,250,363800
NIFTY-III.NFO,11/06/2024,10:29:40,23563.35,23565,200,23572.75,25,0,363800
NIFTY-III.NFO,11/06/2024,10:29:41,23563.35,23564.3,200,23572.75,25,0,363800
NIFTY-III.NFO,11/06/2024,10:29:43,23563.35,23562.95,200,23572.75,25,0,363800
NIFTY-III.NFO,11/06/2024,10:29:45,23563.35,23561.85,200,23569.95,25,0,363800
NIFTY-III.NFO,11/06/2024,10:29:48,23563.35,23563.25,275,23569.95,25,0,363800
NIFTY-III.NFO,11/06/2024,10:29:50,23563.35,23561.85,200,23569.95,25,0,363800
NIFTY-III.NFO,11/06/2024,10:29:51,23563.35,23557.1,200,23568.85,100,0,363800
NIFTY-III.NFO,11/06/2024,10:29:53,23563.35,23556.05,200,23561.85,25,0,363800
NIFTY-III.NFO,11/06/2024,10:29:55,23563.35,23556.05,225,23561.85,25,0,363800
NIFTY-III.NFO,11/06/2024,10:29:57,23563.35,23557.5,200,23561.85,25,0,363800
NIFTY-III.NFO,11/06/2024,10:29:58,23560,23558.4,225,23561.85,25,25,363800
NIFTY-III.NFO,11/06/2024,10:30:00,23560,23558.4,225,23561.85,25,0,363800
NIFTY-III.NFO,11/06/2024,10:30:03,23558.4,23558.45,225,23561.85,25,25,363800
NIFTY-III.NFO,11/06/2024,10:30:05,23561.85,23553.5,200,23564.5,50,25,363800
NIFTY-III.NFO,11/06/2024,10:30:07,23561.85,23551.2,300,23560.9,50,0,363800
NIFTY-III.NFO,11/06/2024,10:30:08,23561.85,23553.9,225,23563.6,50,0,363800
NIFTY-III.NFO,11/06/2024,10:30:10,23561.85,23555.75,200,23564.15,50,0,363800
NIFTY-III.NFO,11/06/2024,10:30:12,23561.85,23556.05,200,23565.1,50,0,363800
NIFTY-III.NFO,11/06/2024,10:30:13,23561.85,23560.55,225,23568.85,75,0,363800
NIFTY-III.NFO,11/06/2024,10:30:16,23561.85,23560.55,200,23568.8,50,0,363800
NIFTY-III.NFO,11/06/2024,10:30:19,23561.85,23560.55,200,23569.1,50,0,363800
NIFTY-III.NFO,11/06/2024,10:30:21,23561.85,23560.55,200,23569.95,50,0,363800
NIFTY-III.NFO,11/06/2024,10:30:22,23561.85,23560.95,225,23569.95,50,0,363800
NIFTY-III.NFO,11/06/2024,10:30:24,23561.85,23561.95,200,23569.95,50,0,363800
NIFTY-III.NFO,11/06/2024,10:30:27,23561.85,23562.4,200,23570,100,0,363800
NIFTY-III.NFO,11/06/2024,10:30:29,23561.85,23564.65,200,23570,25,0,363800
NIFTY-III.NFO,11/06/2024,10:30:36,23561.85,23564.65,200,23570,50,0,363800
NIFTY-III.NFO,11/06/2024,10:30:39,23561.85,23564.1,200,23569.95,125,0,363800
NIFTY-III.NFO,11/06/2024,10:30:41,23561.85,23564.8,200,23570,50,0,363800
NIFTY-III.NFO,11/06/2024,10:30:42,23561.85,23566.15,200,23570,50,0,363800
NIFTY-III.NFO,11/06/2024,10:30:46,23561.85,23566.8,200,23570,50,0,363800
NIFTY-III.NFO,11/06/2024,10:30:47,23561.85,23568.2,200,23570,50,0,363800
NIFTY-III.NFO,11/06/2024,10:30:49,23561.85,23568.05,200,23570,50,0,363800
NIFTY-III.NFO,11/06/2024,10:30:51,23561.85,23568,100,23570,50,0,363800
NIFTY-III.NFO,11/06/2024,10:30:52,23561.85,23568.05,200,23570,50,0,363800
NIFTY-III.NFO,11/06/2024,10:30:54,23561.85,23568.75,200,23570,50,0,363800
NIFTY-III.NFO,11/06/2024,10:30:56,23561.85,23568.05,275,23570,50,0,363800
NIFTY-III.NFO,11/06/2024,10:30:59,23561.85,23568.2,275,23570,50,0,363800
NIFTY-III.NFO,11/06/2024,10:31:01,23561.85,23568.65,200,23570,50,0,363800
NIFTY-III.NFO,11/06/2024,10:31:02,23570,23571.05,200,23579.75,50,50,364000
NIFTY-III.NFO,11/06/2024,10:31:04,23570,23571.65,200,23579.75,125,0,364000
NIFTY-III.NFO,11/06/2024,10:31:06,23570,23571.6,75,23579.75,125,0,364000
NIFTY-III.NFO,11/06/2024,10:31:09,23570,23568.35,75,23578.15,50,0,364000
NIFTY-III.NFO,11/06/2024,10:31:11,23570,23568.4,200,23578.15,50,0,364000
NIFTY-III.NFO,11/06/2024,10:31:16,23570,23569.8,200,23578.15,50,0,364000
NIFTY-III.NFO,11/06/2024,10:31:17,23570,23570.2,200,23579,50,0,364000
NIFTY-III.NFO,11/06/2024,10:31:19,23570,23570.85,75,23579,50,0,364000
NIFTY-III.NFO,11/06/2024,10:31:22,23570,23570.9,200,23579,50,0,364000
NIFTY-III.NFO,11/06/2024,10:31:24,23570,23571.15,275,23579,50,0,364000
NIFTY-III.NFO,11/06/2024,10:31:25,23570,23571.2,200,23579,50,0,364000
NIFTY-III.NFO,11/06/2024,10:31:27,23570,23571.75,300,23579.7,50,0,364000
NIFTY-III.NFO,11/06/2024,10:31:29,23570,23571.8,200,23579.7,50,0,364000
NIFTY-III.NFO,11/06/2024,10:31:30,23570,23571.75,75,23579.7,50,0,364000
NIFTY-III.NFO,11/06/2024,10:31:32,23570,23571.8,200,23579.7,50,0,364000
NIFTY-III.NFO,11/06/2024,10:31:35,23570,23571.45,75,23579.7,50,0,364000
NIFTY-III.NFO,11/06/2024,10:31:37,23570,23571.45,225,23579.7,50,0,364000
NIFTY-III.NFO,11/06/2024,10:31:39,23570,23571.9,200,23579.7,50,0,364000
NIFTY-III.NFO,11/06/2024,10:31:47,23570,23572.05,225,23579.75,125,0,364000
NIFTY-III.NFO,11/06/2024,10:31:48,23570,23572.65,200,23579.75,125,0,364000
NIFTY-III.NFO,11/06/2024,10:31:58,23570,23572.9,300,23579.75,50,0,364000
NIFTY-III.NFO,11/06/2024,10:32:00,23570,23573.75,200,23579.75,50,0,364000
NIFTY-III.NFO,11/06/2024,10:32:03,23570,23574.35,200,23579.75,50,0,364000
NIFTY-III.NFO,11/06/2024,10:32:07,23579.75,23575.55,250,23579.8,25,25,364000
NIFTY-III.NFO,11/06/2024,10:32:09,23579.75,23576.65,200,23579.8,25,0,364000
NIFTY-III.NFO,11/06/2024,10:32:10,23579.75,23576.45,200,23579.8,25,0,364000
NIFTY-III.NFO,11/06/2024,10:32:12,23580,23579.95,25,23580,100,425,364000
NIFTY-III.NFO,11/06/2024,10:32:13,23581,23580.1,100,23583.95,200,125,364000
NIFTY-III.NFO,11/06/2024,10:32:15,23581,23580.1,100,23584,175,0,364000
NIFTY-III.NFO,11/06/2024,10:32:17,23581,23580.1,25,23583.95,200,0,364000
NIFTY-III.NFO,11/06/2024,10:32:18,23578.85,23578.55,75,23584,175,50,364000
NIFTY-III.NFO,11/06/2024,10:32:20,23578.85,23578.55,75,23583.95,275,0,364000
NIFTY-III.NFO,11/06/2024,10:32:22,23578.85,23578.55,75,23583.95,200,0,364000
NIFTY-III.NFO,11/06/2024,10:32:23,23578.85,23577.45,150,23580,25,0,364000
NIFTY-III.NFO,11/06/2024,10:32:25,23578.85,23577.5,100,23580,25,0,364000
NIFTY-III.NFO,11/06/2024,10:32:27,23578.85,23577.55,100,23580,25,0,364000
NIFTY-III.NFO,11/06/2024,10:32:28,23580,23577.55,100,23580,25,25,364000
NIFTY-III.NFO,11/06/2024,10:32:30,23580,23581,75,23582.65,200,25,364000
NIFTY-III.NFO,11/06/2024,10:32:32,23582.65,23581,50,23583.85,200,25,364000
NIFTY-III.NFO,11/06/2024,10:32:33,23582.65,23581,50,23583.95,200,0,364000
NIFTY-III.NFO,11/06/2024,10:32:35,23582.65,23581,50,23584,150,0,364000
NIFTY-III.NFO,11/06/2024,10:32:37,23582.65,23581,50,23583.95,275,0,364000
NIFTY-III.NFO,11/06/2024,10:32:40,23582.65,23581,50,23583.95,200,0,364000
NIFTY-III.NFO,11/06/2024,10:32:42,23582.65,23581,50,23583.95,275,0,364000
NIFTY-III.NFO,11/06/2024,10:32:48,23582.65,23583,25,23583.95,275,0,364000
NIFTY-III.NFO,11/06/2024,10:32:50,23582.65,23583,25,23583.95,200,0,364000
NIFTY-III.NFO,11/06/2024,10:32:55,23582.65,23583,25,23584,150,0,364000
NIFTY-III.NFO,11/06/2024,10:32:57,23583,23581,100,23584,150,25,364000
NIFTY-III.NFO,11/06/2024,10:32:58,23583,23581,100,23583.95,275,0,364000
NIFTY-III.NFO,11/06/2024,10:33:01,23583,23581,100,23583.95,200,0,364000
NIFTY-III.NFO,11/06/2024,10:33:03,23583,23581,100,23584,150,0,364000
NIFTY-III.NFO,11/06/2024,10:33:05,23583,23581,100,23583.95,200,0,364000
NIFTY-III.NFO,11/06/2024,10:33:06,23583,23581,100,23584,150,0,364000
NIFTY-III.NFO,11/06/2024,10:33:10,23583,23581,175,23584,150,0,364000
NIFTY-III.NFO,11/06/2024,10:33:11,23583,23581,100,23583.95,200,0,364000
NIFTY-III.NFO,11/06/2024,10:33:13,23583,23581,175,23584,150,0,364000
NIFTY-III.NFO,11/06/2024,10:33:16,23583,23581,100,23584,150,0,364000
NIFTY-III.NFO,11/06/2024,10:33:21,23583,23581.05,100,23584,150,0,364000
NIFTY-III.NFO,11/06/2024,10:33:23,23583,23581,175,23584,150,0,364000
NIFTY-III.NFO,11/06/2024,10:33:26,23583,23581.05,25,23584,150,0,364000
NIFTY-III.NFO,11/06/2024,10:33:28,23583,23581.05,100,23584,150,0,364000
NIFTY-III.NFO,11/06/2024,10:33:34,23583,23581.05,25,23584,150,0,364000
NIFTY-III.NFO,11/06/2024,10:33:38,23583,23581.05,100,23584,150,0,364000
NIFTY-III.NFO,11/06/2024,10:33:39,23583,23581.05,75,23584,150,0,364000
NIFTY-III.NFO,11/06/2024,10:33:41,23583,23581,175,23584,150,0,364000
NIFTY-III.NFO,11/06/2024,10:33:43,23583,23581.05,100,23584,150,0,364000
NIFTY-III.NFO,11/06/2024,10:33:44,23583,23581,175,23584,150,0,364000
NIFTY-III.NFO,11/06/2024,10:33:46,23583,23581,100,23584,150,0,364000
NIFTY-III.NFO,11/06/2024,10:33:49,23583,23581.05,100,23584,150,0,364000
NIFTY-III.NFO,11/06/2024,10:33:51,23583,23581.1,25,23584,150,0,364000
NIFTY-III.NFO,11/06/2024,10:33:53,23581.05,23581,100,23584,150,50,364425
NIFTY-III.NFO,11/06/2024,10:33:54,23581.05,23581,100,23583.95,200,0,364425
NIFTY-III.NFO,11/06/2024,10:33:56,23581.05,23581,100,23584,150,0,364425
NIFTY-III.NFO,11/06/2024,10:33:59,23581.05,23581,175,23584,150,0,364425
NIFTY-III.NFO,11/06/2024,10:34:01,23581.05,23581,100,23584,150,0,364425
NIFTY-III.NFO,11/06/2024,10:34:03,23581.05,23581,175,23584,150,0,364425
NIFTY-III.NFO,11/06/2024,10:34:04,23581.05,23581,100,23584,150,0,364425
NIFTY-III.NFO,11/06/2024,10:34:06,23581.05,23581,100,23583,25,0,364425
NIFTY-III.NFO,11/06/2024,10:34:08,23581.05,23581,100,23583,100,0,364425
NIFTY-III.NFO,11/06/2024,10:34:11,23581.05,23581,100,23583,25,0,364425
NIFTY-III.NFO,11/06/2024,10:34:13,23584,23581,125,23584,75,100,364425
NIFTY-III.NFO,11/06/2024,10:34:14,23584,23581,125,23583.95,275,0,364425
NIFTY-III.NFO,11/06/2024,10:34:17,23584,23581,125,23583.95,75,0,364425
NIFTY-III.NFO,11/06/2024,10:34:19,23584,23581,200,23584,50,25,364425
NIFTY-III.NFO,11/06/2024,10:34:21,23584,23581,200,23584,50,0,364425
NIFTY-III.NFO,11/06/2024,10:34:27,23584,23581,200,23584,75,0,364425
NIFTY-III.NFO,11/06/2024,10:34:32,23584,23582.95,75,23584,25,50,364425
NIFTY-III.NFO,11/06/2024,10:34:34,23584,23583.05,150,23584,25,0,364425
NIFTY-III.NFO,11/06/2024,10:34:36,23584,23583.05,75,23584,25,0,364425
NIFTY-III.NFO,11/06/2024,10:34:39,23584,23581.75,75,23584,25,0,364425
NIFTY-III.NFO,11/06/2024,10:34:42,23584,23581.75,150,23584,25,0,364425
NIFTY-III.NFO,11/06/2024,10:34:44,23584,23581.75,75,23584,25,0,364425
NIFTY-III.NFO,11/06/2024,10:34:46,23584,23584,25,23585,75,25,364425
NIFTY-III.NFO,11/06/2024,10:34:47,23584,23584,25,23585,75,0,364425
NIFTY-III.NFO,11/06/2024,10:34:49,23584,23584,100,23585,75,0,364425
NIFTY-III.NFO,11/06/2024,10:34:54,23584,23584,25,23585,75,0,364425
NIFTY-III.NFO,11/06/2024,10:34:57,23584,23581.85,125,23585,75,25,364425
NIFTY-III.NFO,11/06/2024,10:34:59,23584,23581.85,125,23585,75,0,364425
NIFTY-III.NFO,11/06/2024,10:35:01,23584,23584.1,25,23585,75,0,364425
NIFTY-III.NFO,11/06/2024,10:35:02,23584,23584.1,25,23585,100,0,364425
NIFTY-III.NFO,11/06/2024,10:35:04,23584,23584.1,25,23584.95,275,0,364425
NIFTY-III.NFO,11/06/2024,10:35:06,23584,23584.1,25,23585,100,0,364425
NIFTY-III.NFO,11/06/2024,10:35:12,23584,23584.1,100,23585,100,0,364425
NIFTY-III.NFO,11/06/2024,10:35:15,23584,23584.1,25,23585,100,0,364425
NIFTY-III.NFO,11/06/2024,10:35:22,23584.1,23584.1,125,23585,100,50,364425
NIFTY-III.NFO,11/06/2024,10:35:22,23584.1,23584.1,125,23585,100,0,364425
NIFTY-III.NFO,11/06/2024,10:35:24,23584.1,23584.1,50,23585,100,0,364425
NIFTY-III.NFO,11/06/2024,10:35:25,23584.1,23583,125,23585,100,0,364425
NIFTY-III.NFO,11/06/2024,10:35:27,23584.1,23582.2,150,23585,100,0,364425
NIFTY-III.NFO,11/06/2024,10:35:29,23584.1,23582.3,150,23585,100,0,364425
NIFTY-III.NFO,11/06/2024,10:35:30,23584.1,23584,75,23585,100,0,364425
NIFTY-III.NFO,11/06/2024,10:35:32,23584.1,23582.5,200,23585,100,0,364425
NIFTY-III.NFO,11/06/2024,10:35:34,23582.5,23582.45,125,23585,100,25,364425
NIFTY-III.NFO,11/06/2024,10:35:35,23582.5,23582.5,75,23585,100,0,364425
NIFTY-III.NFO,11/06/2024,10:35:37,23582.5,23582.45,75,23585,100,0,364425
NIFTY-III.NFO,11/06/2024,10:35:39,23582.5,23582.65,75,23585,100,0,364425
NIFTY-III.NFO,11/06/2024,10:35:40,23582.5,23583.05,150,23585,100,0,364425
NIFTY-III.NFO,11/06/2024,10:35:42,23582.5,23583.2,150,23585,100,0,364425
NIFTY-III.NFO,11/06/2024,10:35:44,23582.5,23583.25,150,23585,100,0,364425
NIFTY-III.NFO,11/06/2024,10:35:45,23582.5,23583.3,75,23585,100,0,364425
NIFTY-III.NFO,11/06/2024,10:35:47,23583.3,23583.3,50,23585,100,25,364425
NIFTY-III.NFO,11/06/2024,10:35:49,23583.3,23583.35,50,23585,100,0,364425
NIFTY-III.NFO,11/06/2024,10:35:50,23583.3,23583.45,50,23584.1,50,0,364425
NIFTY-III.NFO,11/06/2024,10:35:52,23583.3,23583.55,75,23584.1,50,0,364425
NIFTY-III.NFO,11/06/2024,10:35:54,23583.3,23584,50,23584.1,50,0,364425
NIFTY-III.NFO,11/06/2024,10:35:55,23584.1,23584,50,23584.1,25,25,364425
NIFTY-III.NFO,11/06/2024,10:35:57,23584.1,23584,50,23585,100,25,364425
NIFTY-III.NFO,11/06/2024,10:35:59,23585,23583,25,23585,50,75,364425
