Ticker,Date,Time,LTP,BuyPrice,BuyQty,SellPrice,SellQty,LTQ,OpenInterest
BANKNIFTY-III.NFO,26/12/2024,09:15:28,52657.2,52713.45,60,52772.75,60,180,0
BANKNIFTY-III.NFO,26/12/2024,09:15:28,52683.85,52713.45,60,52772.75,60,0,0
BANKNIFTY-III.NFO,26/12/2024,09:15:28,52683.85,52713.45,60,52772.75,60,0,0
BANKNIFTY-III.NFO,26/12/2024,09:15:28,52657.2,52713.45,60,52772.75,60,0,0
BANKNIFTY-III.NFO,26/12/2024,09:15:35,52723.5,52748.25,60,52876.55,30,30,0
BANKNIFTY-III.NFO,26/12/2024,09:15:35,52723.5,52748.25,60,52876.55,30,0,0
BANKNIFTY-III.NFO,26/12/2024,09:15:41,52723.5,52782.9,60,52884.75,30,0,0
BANKNIFTY-III.NFO,26/12/2024,09:15:46,52723.5,52795.6,60,52872.45,30,0,0
BANKNIFTY-III.NFO,26/12/2024,09:15:51,52723.5,52674.2,60,52842.5,30,0,0
BANKNIFTY-III.NFO,26/12/2024,09:15:56,52723.5,52686.8,60,52824.2,30,0,0
BANKNIFTY-III.NFO,26/12/2024,09:16:02,52723.5,52720.05,60,52795.4,30,0,0
BANKNIFTY-III.NFO,26/12/2024,09:16:07,52723.5,52725,60,52794.9,30,0,0
BANKNIFTY-III.NFO,26/12/2024,09:16:13,52723.5,52744.2,60,52838.85,30,0,0
BANKNIFTY-III.NFO,26/12/2024,09:16:17,52723.5,52759.3,60,52841.95,30,0,0
BANKNIFTY-III.NFO,26/12/2024,09:16:22,52762.6,52781.2,30,52841.95,30,30,180
BANKNIFTY-III.NFO,26/12/2024,09:16:22,52762.6,52781.2,30,52841.95,30,0,180
BANKNIFTY-III.NFO,26/12/2024,09:16:27,52762.6,52800.05,30,52841.95,30,0,180
BANKNIFTY-III.NFO,26/12/2024,09:16:32,52800.05,52800,120,52840.85,30,30,180
BANKNIFTY-III.NFO,26/12/2024,09:16:32,52800.05,52800,120,52840.85,30,0,180
BANKNIFTY-III.NFO,26/12/2024,09:16:36,52800,52800,90,52840.85,30,30,180
BANKNIFTY-III.NFO,26/12/2024,09:16:41,52800,52800,90,52839.45,30,0,180
BANKNIFTY-III.NFO,26/12/2024,09:16:46,52800,52770.05,60,52838.8,30,0,180
BANKNIFTY-III.NFO,26/12/2024,09:16:51,52800,52800,30,52839.45,30,0,180
BANKNIFTY-III.NFO,26/12/2024,09:16:57,52800,52750.05,60,52800,90,30,180
BANKNIFTY-III.NFO,26/12/2024,09:17:02,52800,52750.05,60,52799.95,30,0,180
BANKNIFTY-III.NFO,26/12/2024,09:17:07,52800,52750.05,60,52800,90,0,180
BANKNIFTY-III.NFO,26/12/2024,09:17:17,52750.05,52750.05,60,52800,90,30,180
BANKNIFTY-III.NFO,26/12/2024,09:17:22,52750.05,52750.05,60,52800,90,0,180
BANKNIFTY-III.NFO,26/12/2024,09:17:27,52800,52750.05,60,52800,60,30,180
BANKNIFTY-III.NFO,26/12/2024,09:17:32,52800,52750.05,60,52800,60,0,180
BANKNIFTY-III.NFO,26/12/2024,09:17:37,52800,52761.25,60,52800,60,0,180
BANKNIFTY-III.NFO,26/12/2024,09:17:43,52800,52751.7,60,52800,60,0,180
BANKNIFTY-III.NFO,26/12/2024,09:17:48,52800,52765.65,60,52800,60,0,180
BANKNIFTY-III.NFO,26/12/2024,09:17:53,52800,52800,30,52839.95,30,60,180
BANKNIFTY-III.NFO,26/12/2024,09:17:59,52800,52778,90,52800,30,30,180
BANKNIFTY-III.NFO,26/12/2024,09:18:04,52800,52786.55,60,52840,30,30,180
BANKNIFTY-III.NFO,26/12/2024,09:18:09,52800,52789.25,60,52839.95,30,0,180
BANKNIFTY-III.NFO,26/12/2024,09:18:14,52800,52800,30,52839.95,30,0,180
BANKNIFTY-III.NFO,26/12/2024,09:18:19,52800,52800.05,60,52839.95,30,0,180
BANKNIFTY-III.NFO,26/12/2024,09:18:24,52800,52800,30,52838.95,30,0,180
BANKNIFTY-III.NFO,26/12/2024,09:18:34,52800,52779.1,60,52838.95,30,0,180
BANKNIFTY-III.NFO,26/12/2024,09:18:44,52800,52779.1,60,52819.95,30,0,180
BANKNIFTY-III.NFO,26/12/2024,09:18:49,52800,52737.2,60,52815.15,30,0,180
BANKNIFTY-III.NFO,26/12/2024,09:18:54,52800,52726.3,60,52814.05,30,0,180
BANKNIFTY-III.NFO,26/12/2024,09:19:00,52800,52722.35,60,52779.1,30,0,180
BANKNIFTY-III.NFO,26/12/2024,09:19:05,52800,52744.8,150,52779.1,30,0,180
BANKNIFTY-III.NFO,26/12/2024,09:19:10,52800,52738.4,150,52779.1,30,0,180
BANKNIFTY-III.NFO,26/12/2024,09:19:15,52800,52738.55,60,52779.1,30,0,180
BANKNIFTY-III.NFO,26/12/2024,09:19:21,52800,52737.2,60,52779.1,30,0,180
BANKNIFTY-III.NFO,26/12/2024,09:19:26,52800,52732.25,60,52779.1,30,0,180
BANKNIFTY-III.NFO,26/12/2024,09:19:31,52800,52739.65,150,52779.1,30,0,180
BANKNIFTY-III.NFO,26/12/2024,09:19:37,52784.45,52731.25,30,52784.45,30,30,390
BANKNIFTY-III.NFO,26/12/2024,09:19:43,52784.45,52732.65,30,52788.95,30,0,390
BANKNIFTY-III.NFO,26/12/2024,09:19:50,52784.45,52740.05,30,52788.95,30,0,390
BANKNIFTY-III.NFO,26/12/2024,09:19:57,52788.95,52736.85,30,52789,30,30,390
BANKNIFTY-III.NFO,26/12/2024,09:20:04,52788.95,52754.5,30,52789,30,0,390
BANKNIFTY-III.NFO,26/12/2024,09:20:10,52788.95,52765.7,60,52788.95,150,0,390
BANKNIFTY-III.NFO,26/12/2024,09:20:24,52788.95,52741.85,30,52788.95,150,0,390
BANKNIFTY-III.NFO,26/12/2024,09:20:30,52788.95,52747.2,180,52788.95,150,0,390
BANKNIFTY-III.NFO,26/12/2024,09:20:32,52788.95,52748.15,30,52788.95,150,0,390
BANKNIFTY-III.NFO,26/12/2024,09:20:33,52788.95,52747,30,52788.95,150,0,390
BANKNIFTY-III.NFO,26/12/2024,09:20:35,52788.95,52746.55,30,52788.95,150,0,390
BANKNIFTY-III.NFO,26/12/2024,09:20:37,52788.95,52740.15,30,52788.95,150,0,390
BANKNIFTY-III.NFO,26/12/2024,09:20:38,52788.95,52741.95,30,52788.95,150,0,390
BANKNIFTY-III.NFO,26/12/2024,09:20:40,52788.95,52747.05,30,52788.95,150,0,390
BANKNIFTY-III.NFO,26/12/2024,09:20:42,52788.95,52753.85,30,52788.95,150,0,390
BANKNIFTY-III.NFO,26/12/2024,09:20:43,52788.95,52746.2,90,52788.95,150,0,390
BANKNIFTY-III.NFO,26/12/2024,09:20:45,52788.95,52743.9,30,52788.95,150,0,390
BANKNIFTY-III.NFO,26/12/2024,09:20:47,52788.95,52750.8,30,52788.95,150,0,390
BANKNIFTY-III.NFO,26/12/2024,09:20:48,52788.95,52758.85,30,52788.95,150,0,390
BANKNIFTY-III.NFO,26/12/2024,09:20:50,52788.95,52752.75,30,52788.95,150,0,390
BANKNIFTY-III.NFO,26/12/2024,09:20:52,52788.95,52751.25,30,52788.95,150,0,390
BANKNIFTY-III.NFO,26/12/2024,09:20:53,52788.95,52749.5,30,52788.95,150,0,390
BANKNIFTY-III.NFO,26/12/2024,09:20:55,52788.95,52747.55,30,52788.95,150,0,390
BANKNIFTY-III.NFO,26/12/2024,09:20:57,52788.95,52747.65,30,52788.95,150,0,390
BANKNIFTY-III.NFO,26/12/2024,09:20:58,52788.95,52742.1,30,52788.95,150,0,390
BANKNIFTY-III.NFO,26/12/2024,09:21:00,52788.95,52745,30,52788.95,150,0,390
BANKNIFTY-III.NFO,26/12/2024,09:21:02,52750,52747.6,30,52788.95,150,30,390
BANKNIFTY-III.NFO,26/12/2024,09:21:03,52750,52750.4,30,52788.95,150,0,390
BANKNIFTY-III.NFO,26/12/2024,09:21:05,52750,52755.25,30,52788.95,150,0,390
BANKNIFTY-III.NFO,26/12/2024,09:21:07,52750,52745.6,30,52788.95,150,0,390
BANKNIFTY-III.NFO,26/12/2024,09:21:08,52750,52743.7,30,52788.95,150,0,390
BANKNIFTY-III.NFO,26/12/2024,09:21:10,52750,52743.25,30,52788.95,150,0,390
BANKNIFTY-III.NFO,26/12/2024,09:21:12,52750,52743.1,30,52788.95,150,0,390
BANKNIFTY-III.NFO,26/12/2024,09:21:13,52750,52742.85,30,52788.95,150,0,390
BANKNIFTY-III.NFO,26/12/2024,09:21:15,52750,52744.25,30,52788.95,150,0,390
BANKNIFTY-III.NFO,26/12/2024,09:21:17,52788.95,52746.3,30,52788.95,120,30,390
BANKNIFTY-III.NFO,26/12/2024,09:21:18,52788.95,52755.8,30,52788.95,120,0,390
BANKNIFTY-III.NFO,26/12/2024,09:21:20,52788.95,52755.4,30,52788.95,90,30,390
BANKNIFTY-III.NFO,26/12/2024,09:21:22,52788.95,52758.9,30,52788.95,90,0,390
BANKNIFTY-III.NFO,26/12/2024,09:21:23,52788.95,52760.95,30,52788.95,90,0,390
BANKNIFTY-III.NFO,26/12/2024,09:21:25,52788.95,52765.85,60,52788.95,90,0,390
BANKNIFTY-III.NFO,26/12/2024,09:21:33,52788.95,52764.05,30,52788,300,0,390
BANKNIFTY-III.NFO,26/12/2024,09:21:35,52788.95,52763.9,30,52788,300,0,390
BANKNIFTY-III.NFO,26/12/2024,09:21:46,52788.95,52772.1,60,52788,300,0,390
BANKNIFTY-III.NFO,26/12/2024,09:21:48,52788.95,52773.25,60,52788,300,0,390
BANKNIFTY-III.NFO,26/12/2024,09:21:50,52788.95,52769.3,60,52788,300,0,390
BANKNIFTY-III.NFO,26/12/2024,09:21:51,52788.95,52772.85,60,52788,300,0,390
BANKNIFTY-III.NFO,26/12/2024,09:21:53,52788,52775.8,30,52788,270,30,510
BANKNIFTY-III.NFO,26/12/2024,09:21:55,52788,52778.75,60,52788,270,0,510
BANKNIFTY-III.NFO,26/12/2024,09:21:58,52788,52770.95,30,52788,270,0,510
BANKNIFTY-III.NFO,26/12/2024,09:22:00,52788,52763.65,30,52788,270,0,510
BANKNIFTY-III.NFO,26/12/2024,09:22:01,52788,52757.15,30,52788,270,0,510
BANKNIFTY-III.NFO,26/12/2024,09:22:03,52788,52757.7,30,52788,270,0,510
BANKNIFTY-III.NFO,26/12/2024,09:22:05,52788,52762.6,30,52788,270,0,510
BANKNIFTY-III.NFO,26/12/2024,09:22:06,52788,52767.65,60,52788,270,0,510
BANKNIFTY-III.NFO,26/12/2024,09:22:08,52788,52770.05,30,52788,270,0,510
BANKNIFTY-III.NFO,26/12/2024,09:22:10,52788,52779.85,30,52788,270,0,510
BANKNIFTY-III.NFO,26/12/2024,09:22:11,52788,52783.2,30,52788,270,0,510
BANKNIFTY-III.NFO,26/12/2024,09:22:13,52788,52782.5,30,52788,270,0,510
BANKNIFTY-III.NFO,26/12/2024,09:22:14,52788,52781,30,52788,270,0,510
BANKNIFTY-III.NFO,26/12/2024,09:22:16,52788,52781.2,30,52788,270,0,510
BANKNIFTY-III.NFO,26/12/2024,09:22:18,52788,52769.95,30,52788,270,0,510
BANKNIFTY-III.NFO,26/12/2024,09:22:19,52788,52761.9,30,52788,270,0,510
BANKNIFTY-III.NFO,26/12/2024,09:22:21,52788,52766.8,30,52788,270,0,510
BANKNIFTY-III.NFO,26/12/2024,09:22:23,52788,52764.8,30,52780,30,0,510
BANKNIFTY-III.NFO,26/12/2024,09:22:25,52788,52757.15,30,52780,30,0,510
BANKNIFTY-III.NFO,26/12/2024,09:22:26,52788,52751.3,90,52780,30,0,510
BANKNIFTY-III.NFO,26/12/2024,09:22:28,52788,52760.4,30,52780,30,0,510
BANKNIFTY-III.NFO,26/12/2024,09:22:30,52788,52757.45,30,52780,30,0,510
BANKNIFTY-III.NFO,26/12/2024,09:22:31,52788,52761.25,30,52780,30,0,510
BANKNIFTY-III.NFO,26/12/2024,09:22:33,52788,52759.1,30,52780,30,0,510
BANKNIFTY-III.NFO,26/12/2024,09:22:35,52788,52758.35,30,52780,30,0,510
BANKNIFTY-III.NFO,26/12/2024,09:22:36,52788,52758.65,30,52780,30,0,510
BANKNIFTY-III.NFO,26/12/2024,09:22:38,52788,52754.2,30,52780,30,0,510
BANKNIFTY-III.NFO,26/12/2024,09:22:40,52788,52757.9,30,52780,30,0,510
BANKNIFTY-III.NFO,26/12/2024,09:22:41,52788,52752.45,30,52780,30,0,510
BANKNIFTY-III.NFO,26/12/2024,09:22:43,52788,52750.55,30,52780,30,0,510
BANKNIFTY-III.NFO,26/12/2024,09:22:46,52788,52738.55,30,52779.95,60,0,510
BANKNIFTY-III.NFO,26/12/2024,09:22:48,52788,52738.65,30,52779.95,60,0,510
BANKNIFTY-III.NFO,26/12/2024,09:22:50,52788,52741.3,30,52779.95,60,0,510
BANKNIFTY-III.NFO,26/12/2024,09:22:51,52788,52739.7,30,52779.95,60,0,510
BANKNIFTY-III.NFO,26/12/2024,09:22:53,52788,52738.55,30,52779.95,60,0,510
BANKNIFTY-III.NFO,26/12/2024,09:22:55,52788,52738.5,30,52779.95,60,0,510
BANKNIFTY-III.NFO,26/12/2024,09:22:56,52788,52727.5,30,52779.95,60,0,510
BANKNIFTY-III.NFO,26/12/2024,09:22:58,52788,52721.6,30,52779.95,60,0,510
BANKNIFTY-III.NFO,26/12/2024,09:23:00,52788,52729.9,30,52779.95,60,0,510
BANKNIFTY-III.NFO,26/12/2024,09:23:01,52788,52720.45,30,52750,30,0,510
BANKNIFTY-III.NFO,26/12/2024,09:23:03,52788,52726.85,60,52750,30,0,510
BANKNIFTY-III.NFO,26/12/2024,09:23:05,52788,52726.45,30,52750,30,0,510
BANKNIFTY-III.NFO,26/12/2024,09:23:06,52788,52731.9,30,52750,30,0,510
BANKNIFTY-III.NFO,26/12/2024,09:23:08,52788,52726.7,30,52750,30,0,510
BANKNIFTY-III.NFO,26/12/2024,09:23:10,52788,52729.85,90,52750,30,0,510
BANKNIFTY-III.NFO,26/12/2024,09:23:11,52788,52735.8,30,52750,30,0,510
BANKNIFTY-III.NFO,26/12/2024,09:23:13,52788,52738.15,30,52750,30,0,510
BANKNIFTY-III.NFO,26/12/2024,09:23:15,52788,52735.6,30,52750,30,0,510
BANKNIFTY-III.NFO,26/12/2024,09:23:16,52788,52732.15,30,52750,30,0,510
BANKNIFTY-III.NFO,26/12/2024,09:23:18,52788,52735.05,30,52750,30,0,510
BANKNIFTY-III.NFO,26/12/2024,09:23:20,52788,52732.25,30,52750,30,0,510
BANKNIFTY-III.NFO,26/12/2024,09:23:23,52788,52728.3,30,52750,30,0,510
BANKNIFTY-III.NFO,26/12/2024,09:23:25,52788,52729.65,30,52750,30,0,510
BANKNIFTY-III.NFO,26/12/2024,09:23:26,52788,52728.2,30,52750,30,0,510
BANKNIFTY-III.NFO,26/12/2024,09:23:28,52788,52728.3,30,52750,30,0,510
BANKNIFTY-III.NFO,26/12/2024,09:23:30,52788,52730.45,90,52750,30,0,510
BANKNIFTY-III.NFO,26/12/2024,09:23:31,52788,52729.15,30,52750,30,0,510
BANKNIFTY-III.NFO,26/12/2024,09:23:33,52750,52751.4,120,52781.35,60,30,510
BANKNIFTY-III.NFO,26/12/2024,09:23:35,52750,52751.4,120,52781.35,60,0,510
BANKNIFTY-III.NFO,26/12/2024,09:23:45,52750,52754.05,120,52781.35,60,0,510
BANKNIFTY-III.NFO,26/12/2024,09:23:46,52747.75,52747.75,30,52750,90,30,510
BANKNIFTY-III.NFO,26/12/2024,09:23:48,52747.1,52713.55,30,52749.95,60,150,510
BANKNIFTY-III.NFO,26/12/2024,09:23:50,52747.1,52713.55,30,52749.95,60,0,510
BANKNIFTY-III.NFO,26/12/2024,09:23:58,52747.1,52713.6,30,52749.95,60,0,510
BANKNIFTY-III.NFO,26/12/2024,09:23:59,52747.1,52713.6,90,52749.95,60,0,510
BANKNIFTY-III.NFO,26/12/2024,09:24:01,52747.1,52715.6,30,52749.95,60,0,510
BANKNIFTY-III.NFO,26/12/2024,09:24:03,52747.1,52713.6,30,52749.95,60,0,510
BANKNIFTY-III.NFO,26/12/2024,09:24:08,52747.1,52713.7,30,52749.95,60,0,510
BANKNIFTY-III.NFO,26/12/2024,09:24:09,52747.1,52713.6,90,52749.95,60,0,510
BANKNIFTY-III.NFO,26/12/2024,09:24:11,52747.1,52713.6,30,52749.95,60,0,510
BANKNIFTY-III.NFO,26/12/2024,09:24:13,52747.1,52714,30,52749.95,60,0,510
BANKNIFTY-III.NFO,26/12/2024,09:24:14,52747.1,52713.6,30,52749.95,60,0,510
BANKNIFTY-III.NFO,26/12/2024,09:24:18,52747.1,52714.25,30,52749.95,60,0,510
BANKNIFTY-III.NFO,26/12/2024,09:24:23,52747.1,52714.25,30,52750,90,0,510
BANKNIFTY-III.NFO,26/12/2024,09:24:26,52747.1,52714.25,30,52749.95,60,0,510
BANKNIFTY-III.NFO,26/12/2024,09:24:28,52747.1,52714.2,30,52749.95,60,0,510
BANKNIFTY-III.NFO,26/12/2024,09:24:33,52747.1,52714.25,30,52749.95,60,0,510
BANKNIFTY-III.NFO,26/12/2024,09:24:35,52747.1,52714.2,30,52749.95,60,0,510
BANKNIFTY-III.NFO,26/12/2024,09:24:36,52747.1,52714.2,30,52746.95,60,0,510
BANKNIFTY-III.NFO,26/12/2024,09:24:40,52747.1,52714.25,30,52746.95,60,0,510
BANKNIFTY-III.NFO,26/12/2024,09:24:43,52747,52714.2,30,52764.65,60,150,570
BANKNIFTY-III.NFO,26/12/2024,09:24:45,52747,52714.25,30,52764.65,60,0,570
BANKNIFTY-III.NFO,26/12/2024,09:24:48,52747,52714.7,30,52764.65,60,0,570
BANKNIFTY-III.NFO,26/12/2024,09:24:50,52747,52714.65,30,52764.65,60,0,570
BANKNIFTY-III.NFO,26/12/2024,09:24:56,52764.65,52714.65,30,52764.65,60,30,570
BANKNIFTY-III.NFO,26/12/2024,09:24:58,52764.65,52714.65,30,52764.65,60,0,570
BANKNIFTY-III.NFO,26/12/2024,09:25:03,52764.65,52700.05,30,52764.7,90,30,570
BANKNIFTY-III.NFO,26/12/2024,09:25:05,52764.65,52701.9,90,52764.7,90,0,570
BANKNIFTY-III.NFO,26/12/2024,09:25:06,52764.65,52700.05,120,52714.65,30,0,570
BANKNIFTY-III.NFO,26/12/2024,09:25:08,52764.65,52701.35,60,52714.65,30,0,570
BANKNIFTY-III.NFO,26/12/2024,09:25:13,52764.65,52701.35,120,52714.65,30,0,570
BANKNIFTY-III.NFO,26/12/2024,09:25:15,52701.35,52705.9,30,52764.65,90,30,570
BANKNIFTY-III.NFO,26/12/2024,09:25:16,52701.35,52701.95,30,52764.65,90,0,570
BANKNIFTY-III.NFO,26/12/2024,09:25:18,52701.35,52706,30,52764.65,90,0,570
BANKNIFTY-III.NFO,26/12/2024,09:25:21,52701.35,52711,30,52764.65,90,0,570
BANKNIFTY-III.NFO,26/12/2024,09:25:23,52701.35,52714.5,30,52764.65,90,0,570
BANKNIFTY-III.NFO,26/12/2024,09:25:25,52714.45,52702.05,60,52760.15,30,90,570
BANKNIFTY-III.NFO,26/12/2024,09:25:26,52714.45,52702.05,60,52760.15,30,0,570
BANKNIFTY-III.NFO,26/12/2024,09:25:28,52714.45,52704.7,60,52760.15,30,0,570
BANKNIFTY-III.NFO,26/12/2024,09:25:31,52714.45,52704.7,60,52759.95,30,0,570
BANKNIFTY-III.NFO,26/12/2024,09:25:33,52714.45,52704.7,60,52760.15,30,0,570
BANKNIFTY-III.NFO,26/12/2024,09:25:35,52714.45,52704.7,60,52761.65,30,0,570
BANKNIFTY-III.NFO,26/12/2024,09:25:36,52714.45,52720,30,52761.65,30,0,570
BANKNIFTY-III.NFO,26/12/2024,09:25:38,52714.45,52720,30,52763.55,30,0,570
BANKNIFTY-III.NFO,26/12/2024,09:25:40,52714.45,52720,30,52760.75,90,0,570
BANKNIFTY-III.NFO,26/12/2024,09:25:46,52714.45,52720,30,52761.55,30,0,570
BANKNIFTY-III.NFO,26/12/2024,09:25:48,52714.45,52720,30,52759.85,90,0,570
BANKNIFTY-III.NFO,26/12/2024,09:25:50,52714.45,52720,30,52757.55,30,0,570
BANKNIFTY-III.NFO,26/12/2024,09:25:51,52714.45,52705,30,52761.25,30,0,570
BANKNIFTY-III.NFO,26/12/2024,09:25:53,52714.45,52705,30,52763.85,30,0,570
BANKNIFTY-III.NFO,26/12/2024,09:25:55,52714.45,52705,30,52764.55,30,0,570
BANKNIFTY-III.NFO,26/12/2024,09:25:56,52714.45,52705,30,52759.65,30,0,570
BANKNIFTY-III.NFO,26/12/2024,09:25:58,52714.45,52705.05,60,52760.95,30,0,570
BANKNIFTY-III.NFO,26/12/2024,09:26:00,52714.45,52705.05,60,52760.05,30,0,570
BANKNIFTY-III.NFO,26/12/2024,09:26:03,52714.45,52705.05,60,52759.95,30,0,570
BANKNIFTY-III.NFO,26/12/2024,09:26:05,52714.45,52705.05,60,52759.95,90,0,570
BANKNIFTY-III.NFO,26/12/2024,09:26:06,52714.45,52705.05,60,52759.95,30,0,570
BANKNIFTY-III.NFO,26/12/2024,09:26:11,52714.45,52705.05,60,52760,30,0,570
BANKNIFTY-III.NFO,26/12/2024,09:26:13,52714.45,52705.05,60,52761.25,30,0,570
BANKNIFTY-III.NFO,26/12/2024,09:26:16,52714.45,52705.05,60,52762.35,30,0,570
BANKNIFTY-III.NFO,26/12/2024,09:26:18,52714.45,52705.05,60,52759.95,90,0,570
BANKNIFTY-III.NFO,26/12/2024,09:26:20,52714.45,52705.05,60,52762,30,0,570
BANKNIFTY-III.NFO,26/12/2024,09:26:34,52714.45,52705,30,52764.15,30,0,570
BANKNIFTY-III.NFO,26/12/2024,09:26:36,52714.45,52705,30,52759.75,30,0,570
BANKNIFTY-III.NFO,26/12/2024,09:26:38,52714.45,52705,30,52761.55,30,0,570
BANKNIFTY-III.NFO,26/12/2024,09:26:39,52714.45,52705,30,52764.35,30,0,570
BANKNIFTY-III.NFO,26/12/2024,09:26:41,52714.45,52705,30,52764.65,30,0,570
BANKNIFTY-III.NFO,26/12/2024,09:26:43,52714.45,52705,30,52764.05,30,0,570
BANKNIFTY-III.NFO,26/12/2024,09:26:44,52714.45,52705,30,52759.35,30,0,570
BANKNIFTY-III.NFO,26/12/2024,09:26:46,52714.45,52700.95,30,52764.65,30,0,570
BANKNIFTY-III.NFO,26/12/2024,09:26:48,52714.45,52700.95,30,52760.35,30,0,570
BANKNIFTY-III.NFO,26/12/2024,09:26:49,52714.45,52701,60,52760.35,30,0,570
BANKNIFTY-III.NFO,26/12/2024,09:26:58,52714.45,52701,60,52760.1,30,0,570
BANKNIFTY-III.NFO,26/12/2024,09:26:59,52714.45,52701,60,52758.2,30,0,570
BANKNIFTY-III.NFO,26/12/2024,09:27:01,52714.45,52700,30,52714.45,30,0,570
BANKNIFTY-III.NFO,26/12/2024,09:27:21,52714.45,52700,60,52714.45,30,0,570
BANKNIFTY-III.NFO,26/12/2024,09:27:24,52714.45,52700.05,60,52714.45,30,0,570
BANKNIFTY-III.NFO,26/12/2024,09:27:26,52714.45,52701.25,60,52714.45,30,0,570
BANKNIFTY-III.NFO,26/12/2024,09:27:28,52714.45,52701.25,90,52750,60,30,570
BANKNIFTY-III.NFO,26/12/2024,09:27:30,52714.45,52704.5,60,52749.95,30,0,570
BANKNIFTY-III.NFO,26/12/2024,09:27:31,52714.45,52705.1,60,52750,60,0,570
BANKNIFTY-III.NFO,26/12/2024,09:27:33,52705.1,52705.1,30,52749.95,30,30,570
BANKNIFTY-III.NFO,26/12/2024,09:27:35,52705.1,52706.5,60,52750,60,0,570
BANKNIFTY-III.NFO,26/12/2024,09:27:36,52705.1,52707.25,60,52750,60,0,570
BANKNIFTY-III.NFO,26/12/2024,09:27:38,52705.1,52712.7,60,52750,60,0,570
BANKNIFTY-III.NFO,26/12/2024,09:27:40,52720,52705.4,60,52749.95,30,30,570
BANKNIFTY-III.NFO,26/12/2024,09:27:41,52720,52706.2,60,52749.95,30,0,570
BANKNIFTY-III.NFO,26/12/2024,09:27:43,52720,52703.75,60,52749.95,30,0,570
BANKNIFTY-III.NFO,26/12/2024,09:27:46,52720,52707.2,60,52749.95,30,0,570
BANKNIFTY-III.NFO,26/12/2024,09:27:48,52720,52709.4,60,52749.95,30,0,570
BANKNIFTY-III.NFO,26/12/2024,09:27:50,52720,52710.6,60,52749.95,30,0,570
BANKNIFTY-III.NFO,26/12/2024,09:27:51,52720,52711.6,60,52749.95,30,0,570
BANKNIFTY-III.NFO,26/12/2024,09:27:55,52720,52714.9,60,52749.95,30,0,570
BANKNIFTY-III.NFO,26/12/2024,09:27:56,52749.95,52719.85,90,52749.95,30,30,840
BANKNIFTY-III.NFO,26/12/2024,09:27:58,52749.95,52715.15,30,52749.95,30,0,840
BANKNIFTY-III.NFO,26/12/2024,09:28:00,52749.95,52717.9,30,52765.5,30,0,840
BANKNIFTY-III.NFO,26/12/2024,09:28:01,52749.95,52718.35,30,52779.6,30,0,840
BANKNIFTY-III.NFO,26/12/2024,09:28:03,52749.95,52724.2,30,52777.2,90,0,840
BANKNIFTY-III.NFO,26/12/2024,09:28:05,52749.95,52726.45,30,52777.2,90,0,840
BANKNIFTY-III.NFO,26/12/2024,09:28:06,52749.95,52722.2,30,52777.2,90,0,840
BANKNIFTY-III.NFO,26/12/2024,09:28:08,52749.95,52730.65,30,52777.2,90,0,840
BANKNIFTY-III.NFO,26/12/2024,09:28:10,52749.95,52730.75,30,52777.2,90,0,840
BANKNIFTY-III.NFO,26/12/2024,09:28:16,52749.95,52721.7,90,52776.7,30,0,840
BANKNIFTY-III.NFO,26/12/2024,09:28:18,52749.95,52723.7,30,52774.75,30,0,840
BANKNIFTY-III.NFO,26/12/2024,09:28:20,52749.95,52719.4,30,52774.75,30,0,840
BANKNIFTY-III.NFO,26/12/2024,09:28:21,52749.95,52722.85,90,52774.75,30,0,840
BANKNIFTY-III.NFO,26/12/2024,09:28:23,52749.95,52722.85,90,52776.3,30,0,840
BANKNIFTY-III.NFO,26/12/2024,09:28:25,52749.95,52722.85,90,52781.1,30,0,840
BANKNIFTY-III.NFO,26/12/2024,09:28:26,52749.95,52718.9,30,52781.3,30,0,840
BANKNIFTY-III.NFO,26/12/2024,09:28:28,52749.95,52719.75,30,52780.5,30,0,840
BANKNIFTY-III.NFO,26/12/2024,09:28:29,52749.95,52719.75,30,52775.9,30,0,840
BANKNIFTY-III.NFO,26/12/2024,09:28:31,52749.95,52720.25,30,52774.4,30,0,840
BANKNIFTY-III.NFO,26/12/2024,09:28:33,52749.95,52720.25,30,52775,30,0,840
BANKNIFTY-III.NFO,26/12/2024,09:28:34,52749.95,52720.25,30,52779.1,30,0,840
BANKNIFTY-III.NFO,26/12/2024,09:28:36,52749.95,52720.25,30,52776.7,30,0,840
BANKNIFTY-III.NFO,26/12/2024,09:28:38,52781.35,52722.65,30,52786,90,150,840
BANKNIFTY-III.NFO,26/12/2024,09:28:39,52781.35,52718.9,30,52786,150,0,840
BANKNIFTY-III.NFO,26/12/2024,09:28:41,52781.35,52726.9,30,52786,150,0,840
BANKNIFTY-III.NFO,26/12/2024,09:28:43,52781.35,52722.25,30,52786,150,0,840
BANKNIFTY-III.NFO,26/12/2024,09:28:44,52781.35,52720.1,30,52786,150,0,840
BANKNIFTY-III.NFO,26/12/2024,09:28:46,52781.35,52722.5,30,52786,150,0,840
BANKNIFTY-III.NFO,26/12/2024,09:28:48,52781.35,52722.7,30,52786,150,0,840
BANKNIFTY-III.NFO,26/12/2024,09:28:49,52781.35,52722.9,30,52786,150,0,840
BANKNIFTY-III.NFO,26/12/2024,09:28:51,52781.35,52723.3,30,52786,150,0,840
BANKNIFTY-III.NFO,26/12/2024,09:28:56,52781.35,52723.6,30,52786,150,0,840
BANKNIFTY-III.NFO,26/12/2024,09:29:01,52781.35,52718.9,30,52786,150,0,840
BANKNIFTY-III.NFO,26/12/2024,09:29:02,52781.35,52719.3,90,52786,150,0,840
BANKNIFTY-III.NFO,26/12/2024,09:29:06,52781.35,52718.9,30,52786,150,0,840
BANKNIFTY-III.NFO,26/12/2024,09:29:07,52781.35,52710.8,90,52786,150,0,840
BANKNIFTY-III.NFO,26/12/2024,09:29:11,52781.35,52704.25,30,52786,150,0,840
BANKNIFTY-III.NFO,26/12/2024,09:29:12,52781.35,52703.4,30,52786,150,0,840
BANKNIFTY-III.NFO,26/12/2024,09:29:14,52781.35,52705.6,30,52786,150,0,840
BANKNIFTY-III.NFO,26/12/2024,09:29:16,52781.35,52705.8,30,52750,30,0,840
BANKNIFTY-III.NFO,26/12/2024,09:29:17,52781.35,52701.3,30,52750,30,0,840
BANKNIFTY-III.NFO,26/12/2024,09:29:21,52781.35,52701.3,30,52750,60,0,840
BANKNIFTY-III.NFO,26/12/2024,09:29:23,52781.35,52700.05,30,52750,60,0,840
BANKNIFTY-III.NFO,26/12/2024,09:29:31,52781.35,52700.15,30,52750,60,0,840
BANKNIFTY-III.NFO,26/12/2024,09:29:37,52750,52700.4,30,52750,30,30,840
BANKNIFTY-III.NFO,26/12/2024,09:29:39,52750,52700.4,30,52750,30,0,840
BANKNIFTY-III.NFO,26/12/2024,09:29:41,52750,52701.2,30,52750,30,0,840
BANKNIFTY-III.NFO,26/12/2024,09:29:44,52750,52703.3,90,52750,30,0,840
BANKNIFTY-III.NFO,26/12/2024,09:29:46,52750,52703.5,30,52750,30,0,840
BANKNIFTY-III.NFO,26/12/2024,09:29:47,52750,52704.25,30,52750,30,0,840
BANKNIFTY-III.NFO,26/12/2024,09:29:49,52750,52707.45,30,52750,30,0,840
BANKNIFTY-III.NFO,26/12/2024,09:29:51,52750,52700.15,30,52773.95,60,30,840
BANKNIFTY-III.NFO,26/12/2024,09:29:52,52750,52705.05,30,52786,150,0,840
BANKNIFTY-III.NFO,26/12/2024,09:29:54,52750,52700.05,30,52786,150,0,840
BANKNIFTY-III.NFO,26/12/2024,09:29:57,52750,52705.15,30,52786,150,0,840
BANKNIFTY-III.NFO,26/12/2024,09:29:59,52750,52700.05,30,52786,150,0,840
BANKNIFTY-III.NFO,26/12/2024,09:30:02,52750,52705.05,30,52786,150,0,840
BANKNIFTY-III.NFO,26/12/2024,09:30:04,52750,52712.65,30,52786,150,0,840
BANKNIFTY-III.NFO,26/12/2024,09:30:06,52750,52713.45,30,52786,150,0,840
BANKNIFTY-III.NFO,26/12/2024,09:30:07,52750,52710.45,30,52786,150,0,840
BANKNIFTY-III.NFO,26/12/2024,09:30:09,52750,52707.95,30,52786,150,0,840
BANKNIFTY-III.NFO,26/12/2024,09:30:11,52750,52716.15,30,52786,150,0,840
BANKNIFTY-III.NFO,26/12/2024,09:30:12,52750,52709.25,30,52786,150,0,840
BANKNIFTY-III.NFO,26/12/2024,09:30:14,52750,52712.15,30,52786,150,0,840
BANKNIFTY-III.NFO,26/12/2024,09:30:16,52750,52707.65,30,52786,150,0,840
BANKNIFTY-III.NFO,26/12/2024,09:30:19,52750,52715.45,30,52786,150,0,840
BANKNIFTY-III.NFO,26/12/2024,09:30:21,52750,52715.45,30,52750,30,0,840
BANKNIFTY-III.NFO,26/12/2024,09:30:27,52750,52709.3,30,52750,30,0,840
BANKNIFTY-III.NFO,26/12/2024,09:30:29,52750,52709.5,30,52750,30,0,840
BANKNIFTY-III.NFO,26/12/2024,09:30:34,52750,52709.6,30,52750,30,0,840
BANKNIFTY-III.NFO,26/12/2024,09:30:39,52750,52707.65,30,52750,30,0,840
BANKNIFTY-III.NFO,26/12/2024,09:30:44,52750,52700.05,30,52730,30,0,840
BANKNIFTY-III.NFO,26/12/2024,09:30:46,52750,52700.55,30,52730,30,0,840
BANKNIFTY-III.NFO,26/12/2024,09:30:47,52750,52703.6,30,52730,30,0,840
BANKNIFTY-III.NFO,26/12/2024,09:30:49,52750,52703.9,90,52730,30,0,840
BANKNIFTY-III.NFO,26/12/2024,09:30:51,52750,52700.65,30,52730,30,0,840
BANKNIFTY-III.NFO,26/12/2024,09:30:52,52750,52703.65,30,52730,30,0,840
BANKNIFTY-III.NFO,26/12/2024,09:30:54,52750,52704.6,30,52730,30,0,840
BANKNIFTY-III.NFO,26/12/2024,09:30:56,52750,52700.15,30,52730,30,0,840
BANKNIFTY-III.NFO,26/12/2024,09:30:57,52750,52708.15,30,52730,30,0,840
BANKNIFTY-III.NFO,26/12/2024,09:30:59,52750,52701.45,30,52730,30,0,840
BANKNIFTY-III.NFO,26/12/2024,09:31:01,52750,52703.25,30,52730,30,0,840
BANKNIFTY-III.NFO,26/12/2024,09:31:02,52750,52705.2,60,52730,30,0,840
BANKNIFTY-III.NFO,26/12/2024,09:31:04,52750,52708.15,30,52730,30,0,840
BANKNIFTY-III.NFO,26/12/2024,09:31:06,52730,52731.45,30,52786,150,30,1050
BANKNIFTY-III.NFO,26/12/2024,09:31:07,52730,52736.35,30,52786,150,0,1050
BANKNIFTY-III.NFO,26/12/2024,09:31:10,52730,52732.75,30,52786,150,0,1050
BANKNIFTY-III.NFO,26/12/2024,09:31:14,52730,52730.05,30,52786,150,0,1050
BANKNIFTY-III.NFO,26/12/2024,09:32:07,52730,52730.25,30,52786,150,0,1050
BANKNIFTY-III.NFO,26/12/2024,09:32:11,52730,52730.55,30,52786,150,0,1050
BANKNIFTY-III.NFO,26/12/2024,09:32:12,52730,52730.95,30,52786,150,0,1050
BANKNIFTY-III.NFO,26/12/2024,09:32:14,52730,52732.15,30,52786,90,0,1050
BANKNIFTY-III.NFO,26/12/2024,09:32:17,52730,52735.25,30,52786,90,0,1050
BANKNIFTY-III.NFO,26/12/2024,09:32:19,52730,52732.75,30,52786,90,0,1050
BANKNIFTY-III.NFO,26/12/2024,09:32:21,52730,52737.1,30,52786,90,0,1050
BANKNIFTY-III.NFO,26/12/2024,09:32:26,52730,52737.3,30,52786,90,0,1050
BANKNIFTY-III.NFO,26/12/2024,09:32:27,52730,52734.15,30,52786,90,0,1050
BANKNIFTY-III.NFO,26/12/2024,09:32:29,52730,52737.35,30,52786,90,0,1050
BANKNIFTY-III.NFO,26/12/2024,09:32:31,52730,52733.25,30,52786,90,0,1050
BANKNIFTY-III.NFO,26/12/2024,09:32:32,52730,52738.05,30,52786,90,0,1050
BANKNIFTY-III.NFO,26/12/2024,09:32:34,52730,52739.05,30,52786,90,0,1050
BANKNIFTY-III.NFO,26/12/2024,09:32:36,52730,52739.35,30,52786,90,0,1050
BANKNIFTY-III.NFO,26/12/2024,09:32:37,52730,52732.85,30,52786,90,0,1050
BANKNIFTY-III.NFO,26/12/2024,09:32:41,52730,52730.05,30,52786,90,0,1050
BANKNIFTY-III.NFO,26/12/2024,09:32:49,52730,52730.35,30,52786,90,0,1050
BANKNIFTY-III.NFO,26/12/2024,09:32:52,52730,52730.4,30,52786,90,0,1050
BANKNIFTY-III.NFO,26/12/2024,09:32:56,52730,52730.7,30,52786,90,0,1050
BANKNIFTY-III.NFO,26/12/2024,09:33:01,52730,52730.9,30,52786,90,0,1050
BANKNIFTY-III.NFO,26/12/2024,09:33:09,52730,52730.05,30,52786,90,0,1050
BANKNIFTY-III.NFO,26/12/2024,09:33:12,52730,52730.05,30,52786,150,0,1050
BANKNIFTY-III.NFO,26/12/2024,09:33:57,52730,52743.25,30,52786,150,0,1050
BANKNIFTY-III.NFO,26/12/2024,09:34:10,52730,52743.2,120,52786,150,0,1050
BANKNIFTY-III.NFO,26/12/2024,09:34:12,52743.25,52743.2,120,52785.95,90,60,1080
BANKNIFTY-III.NFO,26/12/2024,09:34:14,52752.8,52730,120,52785.95,90,240,1080
BANKNIFTY-III.NFO,26/12/2024,09:34:15,52752.8,52730,120,52785.95,90,0,1080
BANKNIFTY-III.NFO,26/12/2024,09:34:27,52752.8,52743,30,52785.95,90,0,1080
BANKNIFTY-III.NFO,26/12/2024,09:34:46,52752.8,52752,30,52785.95,90,0,1080
BANKNIFTY-III.NFO,26/12/2024,09:34:47,52752,52730,120,52785.95,90,30,1080
BANKNIFTY-III.NFO,26/12/2024,09:34:49,52752,52730,120,52785.95,90,0,1080
BANKNIFTY-III.NFO,26/12/2024,09:34:51,52752,52730,120,52752.8,30,0,1080
BANKNIFTY-III.NFO,26/12/2024,09:34:54,52752,52730,120,52752.75,30,0,1080
BANKNIFTY-III.NFO,26/12/2024,09:35:02,52752,52730,120,52749.95,30,0,1080
BANKNIFTY-III.NFO,26/12/2024,09:35:16,52752,52730,120,52744.95,30,0,1080
BANKNIFTY-III.NFO,26/12/2024,09:35:22,52730,52723.1,30,52744.95,120,120,1080
BANKNIFTY-III.NFO,26/12/2024,09:35:24,52730,52723.1,30,52744.95,120,0,1080
BANKNIFTY-III.NFO,26/12/2024,09:35:26,52723.1,52700,30,52734.9,90,30,1080
BANKNIFTY-III.NFO,26/12/2024,09:35:27,52723.1,52700,30,52734.9,90,0,1080
BANKNIFTY-III.NFO,26/12/2024,09:35:29,52700,52690,30,52734.9,90,30,1080
BANKNIFTY-III.NFO,26/12/2024,09:35:31,52700,52690,30,52734.9,90,0,1080
BANKNIFTY-III.NFO,26/12/2024,09:35:39,52700,52690,30,52700,600,0,1080
BANKNIFTY-III.NFO,26/12/2024,09:35:46,52700,52690,30,52720.35,30,0,1080
BANKNIFTY-III.NFO,26/12/2024,09:35:47,52700,52690.05,60,52734.85,30,0,1080
BANKNIFTY-III.NFO,26/12/2024,09:35:51,52700,52690.05,60,52734.85,90,0,1080
BANKNIFTY-III.NFO,26/12/2024,09:35:56,52700,52690.05,60,52744.9,90,0,1080
BANKNIFTY-III.NFO,26/12/2024,09:36:08,52700,52690,30,52714.45,30,0,1080
BANKNIFTY-III.NFO,26/12/2024,09:36:13,52700,52690,60,52714.45,30,0,1080
BANKNIFTY-III.NFO,26/12/2024,09:36:18,52700,52690,30,52714.4,30,0,1080
BANKNIFTY-III.NFO,26/12/2024,09:36:21,52700,52690,30,52714.45,30,0,1080
BANKNIFTY-III.NFO,26/12/2024,09:36:28,52700,52690,30,52714.4,30,0,1080
BANKNIFTY-III.NFO,26/12/2024,09:36:29,52700,52690,30,52714.4,60,0,1080
BANKNIFTY-III.NFO,26/12/2024,09:36:34,52700,52680,30,52714.4,30,0,1080
BANKNIFTY-III.NFO,26/12/2024,09:36:46,52700,52680,480,52714.4,30,0,1080
BANKNIFTY-III.NFO,26/12/2024,09:36:52,52700,52680.05,60,52714.4,30,0,1080
BANKNIFTY-III.NFO,26/12/2024,09:37:06,52700,52680,480,52714.4,30,0,1080
BANKNIFTY-III.NFO,26/12/2024,09:37:09,52700,52680.05,60,52714.4,30,0,1080
BANKNIFTY-III.NFO,26/12/2024,09:37:19,52700,52680.05,60,52714.45,30,0,1080
BANKNIFTY-III.NFO,26/12/2024,09:37:25,52700,52680.05,60,52714.4,30,0,1080
BANKNIFTY-III.NFO,26/12/2024,09:37:32,52700,52680,480,52714.4,30,0,1080
BANKNIFTY-III.NFO,26/12/2024,09:37:35,52700,52680.05,60,52714.4,30,0,1080
BANKNIFTY-III.NFO,26/12/2024,09:37:54,52700,52680,480,52699,300,0,1080
BANKNIFTY-III.NFO,26/12/2024,09:38:00,52698,52698.25,120,52699,300,90,1560
BANKNIFTY-III.NFO,26/12/2024,09:38:02,52699,52684.2,30,52699,30,330,1560
BANKNIFTY-III.NFO,26/12/2024,09:38:04,52699,52684.2,30,52699,30,0,1560
BANKNIFTY-III.NFO,26/12/2024,09:38:21,52699,52687.2,90,52699,30,0,1560
BANKNIFTY-III.NFO,26/12/2024,09:38:24,52699,52684.4,30,52699,30,0,1560
BANKNIFTY-III.NFO,26/12/2024,09:38:30,52699,52680.05,30,52699,30,0,1560
BANKNIFTY-III.NFO,26/12/2024,09:38:34,52699,52682.9,30,52699,30,0,1560
BANKNIFTY-III.NFO,26/12/2024,09:38:35,52699,52682.25,30,52699,30,0,1560
BANKNIFTY-III.NFO,26/12/2024,09:38:37,52699,52681.25,30,52699,30,0,1560
BANKNIFTY-III.NFO,26/12/2024,09:38:39,52699,52685.55,30,52699,30,0,1560
BANKNIFTY-III.NFO,26/12/2024,09:38:40,52699,52688.6,30,52699,30,0,1560
BANKNIFTY-III.NFO,26/12/2024,09:38:44,52699,52683.55,30,52699,30,0,1560
BANKNIFTY-III.NFO,26/12/2024,09:38:45,52699,52684.25,30,52714.45,30,30,1560
BANKNIFTY-III.NFO,26/12/2024,09:38:47,52699,52680.05,30,52714.45,30,0,1560
BANKNIFTY-III.NFO,26/12/2024,09:38:49,52699,52682.55,30,52714.45,30,0,1560
BANKNIFTY-III.NFO,26/12/2024,09:38:50,52699,52683.95,30,52714.45,30,0,1560
BANKNIFTY-III.NFO,26/12/2024,09:38:52,52699,52681.55,30,52714.45,30,0,1560
BANKNIFTY-III.NFO,26/12/2024,09:38:54,52699,52684.95,30,52714.45,30,0,1560
BANKNIFTY-III.NFO,26/12/2024,09:38:55,52699,52680.95,30,52714.45,30,0,1560
BANKNIFTY-III.NFO,26/12/2024,09:38:57,52699,52680.85,30,52714.45,30,0,1560
BANKNIFTY-III.NFO,26/12/2024,09:38:58,52699,52680.05,30,52714.45,30,0,1560
BANKNIFTY-III.NFO,26/12/2024,09:39:00,52699,52687.55,30,52714.45,30,0,1560
BANKNIFTY-III.NFO,26/12/2024,09:39:02,52699,52689,90,52714.45,30,0,1560
BANKNIFTY-III.NFO,26/12/2024,09:39:03,52699,52689.4,30,52714.45,30,0,1560
BANKNIFTY-III.NFO,26/12/2024,09:39:05,52699,52696.45,30,52714.45,30,0,1560
BANKNIFTY-III.NFO,26/12/2024,09:39:07,52699,52702.05,30,52714.45,30,0,1560
BANKNIFTY-III.NFO,26/12/2024,09:39:10,52699,52703.7,30,52714.45,30,0,1560
BANKNIFTY-III.NFO,26/12/2024,09:39:12,52699,52702.85,30,52714.45,30,0,1560
BANKNIFTY-III.NFO,26/12/2024,09:39:13,52699,52704.75,60,52714.45,30,0,1560
BANKNIFTY-III.NFO,26/12/2024,09:39:15,52714.45,52706.75,30,52752.8,30,30,1560
BANKNIFTY-III.NFO,26/12/2024,09:39:17,52714.45,52707.05,30,52752.8,30,0,1560
BANKNIFTY-III.NFO,26/12/2024,09:39:18,52714.45,52711.25,30,52752.8,30,0,1560
BANKNIFTY-III.NFO,26/12/2024,09:39:20,52714.45,52711.45,30,52752.75,60,0,1560
BANKNIFTY-III.NFO,26/12/2024,09:39:22,52714.45,52712.35,30,52752.75,60,0,1560
BANKNIFTY-III.NFO,26/12/2024,09:39:23,52714.45,52708.95,30,52752.75,60,0,1560
BANKNIFTY-III.NFO,26/12/2024,09:39:25,52714.45,52706.75,30,52752.75,60,0,1560
BANKNIFTY-III.NFO,26/12/2024,09:39:33,52714.45,52711,60,52752.75,60,0,1560
BANKNIFTY-III.NFO,26/12/2024,09:39:35,52714.45,52709.6,60,52752.75,60,0,1560
BANKNIFTY-III.NFO,26/12/2024,09:39:36,52714.45,52709.7,60,52752.75,60,0,1560
BANKNIFTY-III.NFO,26/12/2024,09:39:38,52714.45,52709.8,60,52752.75,60,0,1560
BANKNIFTY-III.NFO,26/12/2024,09:39:40,52714.45,52709.85,30,52752.75,60,0,1560
BANKNIFTY-III.NFO,26/12/2024,09:39:41,52714.45,52709.95,60,52752.75,60,0,1560
BANKNIFTY-III.NFO,26/12/2024,09:39:43,52714.45,52710,30,52752.75,60,0,1560
BANKNIFTY-III.NFO,26/12/2024,09:39:45,52714.45,52706.75,30,52752.75,60,0,1560
BANKNIFTY-III.NFO,26/12/2024,09:39:48,52714.45,52704.75,30,52751.7,60,0,1560
BANKNIFTY-III.NFO,26/12/2024,09:39:50,52714.45,52701.7,30,52749.4,60,0,1560
BANKNIFTY-III.NFO,26/12/2024,09:39:51,52714.45,52698.4,30,52746.2,60,0,1560
BANKNIFTY-III.NFO,26/12/2024,09:39:53,52714.45,52698.4,30,52751.3,60,0,1560
BANKNIFTY-III.NFO,26/12/2024,09:39:55,52714.45,52689.25,30,52731.95,60,0,1560
BANKNIFTY-III.NFO,26/12/2024,09:40:00,52714.45,52687.25,30,52731.95,60,0,1560
BANKNIFTY-III.NFO,26/12/2024,09:40:01,52714.45,52682.45,30,52731.95,60,0,1560
BANKNIFTY-III.NFO,26/12/2024,09:40:03,52714.45,52683.45,30,52731.95,60,0,1560
BANKNIFTY-III.NFO,26/12/2024,09:40:06,52714.45,52680.5,30,52731.8,60,0,1560
BANKNIFTY-III.NFO,26/12/2024,09:40:08,52714.45,52682.85,30,52731.8,60,0,1560
BANKNIFTY-III.NFO,26/12/2024,09:40:10,52714.45,52684.55,30,52732,30,0,1560
BANKNIFTY-III.NFO,26/12/2024,09:40:11,52714.45,52687.55,30,52732,30,0,1560
BANKNIFTY-III.NFO,26/12/2024,09:40:13,52714.45,52687.9,30,52732,30,0,1560
BANKNIFTY-III.NFO,26/12/2024,09:40:15,52689.8,52689.3,30,52731.95,30,30,1890
BANKNIFTY-III.NFO,26/12/2024,09:40:16,52689.8,52689.3,30,52731.95,30,0,1890
BANKNIFTY-III.NFO,26/12/2024,09:40:21,52689.8,52689.35,60,52731.95,30,0,1890
BANKNIFTY-III.NFO,26/12/2024,09:40:23,52689.8,52689.7,30,52731.95,30,0,1890
BANKNIFTY-III.NFO,26/12/2024,09:40:27,52689.8,52691.8,30,52730,30,0,1890
BANKNIFTY-III.NFO,26/12/2024,09:40:28,52689.8,52690.6,30,52730,30,0,1890
BANKNIFTY-III.NFO,26/12/2024,09:40:30,52689.8,52690.7,30,52730,30,0,1890
BANKNIFTY-III.NFO,26/12/2024,09:40:32,52730,52690.05,30,52731.95,30,30,1890
BANKNIFTY-III.NFO,26/12/2024,09:40:33,52730,52691,30,52731.95,30,0,1890
BANKNIFTY-III.NFO,26/12/2024,09:40:38,52730,52688.3,30,52731.95,30,0,1890
BANKNIFTY-III.NFO,26/12/2024,09:40:45,52730,52690.35,30,52731.95,30,0,1890
BANKNIFTY-III.NFO,26/12/2024,09:40:50,52730,52688.3,30,52731.95,30,0,1890
BANKNIFTY-III.NFO,26/12/2024,09:40:52,52730,52683.1,90,52731.95,30,0,1890
BANKNIFTY-III.NFO,26/12/2024,09:40:53,52730,52684.35,30,52731.95,30,0,1890
BANKNIFTY-III.NFO,26/12/2024,09:40:55,52730,52683.25,30,52731.95,30,0,1890
BANKNIFTY-III.NFO,26/12/2024,09:41:00,52730,52681,30,52731.95,30,0,1890
BANKNIFTY-III.NFO,26/12/2024,09:41:01,52730,52682.6,30,52731.95,30,0,1890
BANKNIFTY-III.NFO,26/12/2024,09:41:03,52730,52683.1,90,52731.95,30,0,1890
BANKNIFTY-III.NFO,26/12/2024,09:41:05,52730,52682,30,52731.95,30,0,1890
BANKNIFTY-III.NFO,26/12/2024,09:41:06,52730,52685.5,30,52731.95,30,0,1890
BANKNIFTY-III.NFO,26/12/2024,09:41:08,52730,52686.55,30,52731.95,30,0,1890
BANKNIFTY-III.NFO,26/12/2024,09:41:25,52730,52685.5,30,52731.95,30,0,1890
BANKNIFTY-III.NFO,26/12/2024,09:41:26,52730,52679.7,30,52731.95,30,0,1890
BANKNIFTY-III.NFO,26/12/2024,09:41:31,52730,52681.65,30,52729.95,30,0,1890
BANKNIFTY-III.NFO,26/12/2024,09:41:33,52730,52669.25,30,52724.2,30,0,1890
BANKNIFTY-III.NFO,26/12/2024,09:41:35,52730,52650.8,30,52717.35,30,0,1890
BANKNIFTY-III.NFO,26/12/2024,09:41:36,52730,52661.05,30,52713.55,30,0,1890
BANKNIFTY-III.NFO,26/12/2024,09:41:38,52730,52661.05,30,52712.95,30,0,1890
BANKNIFTY-III.NFO,26/12/2024,09:41:40,52730,52661.05,30,52711.05,30,0,1890
BANKNIFTY-III.NFO,26/12/2024,09:41:41,52730,52661.05,30,52710.55,30,0,1890
BANKNIFTY-III.NFO,26/12/2024,09:41:43,52730,52661.05,30,52709.45,30,0,1890
BANKNIFTY-III.NFO,26/12/2024,09:41:44,52730,52661.05,30,52706.1,30,0,1890
BANKNIFTY-III.NFO,26/12/2024,09:41:46,52730,52661.05,30,52706.35,30,0,1890
BANKNIFTY-III.NFO,26/12/2024,09:41:48,52730,52661.05,30,52709.15,30,0,1890
BANKNIFTY-III.NFO,26/12/2024,09:41:49,52730,52661.05,30,52699.95,30,0,1890
BANKNIFTY-III.NFO,26/12/2024,09:41:54,52730,52659.45,30,52699.95,30,0,1890
BANKNIFTY-III.NFO,26/12/2024,09:42:13,52730,52659.45,30,52706.8,30,0,1890
BANKNIFTY-III.NFO,26/12/2024,09:42:14,52730,52659.45,30,52703.85,90,0,1890
BANKNIFTY-III.NFO,26/12/2024,09:42:19,52730,52659.45,30,52709.15,30,0,1890
BANKNIFTY-III.NFO,26/12/2024,09:42:24,52730,52653.15,30,52709.15,30,0,1890
BANKNIFTY-III.NFO,26/12/2024,09:42:26,52730,52633.5,30,52708.2,30,0,1890
BANKNIFTY-III.NFO,26/12/2024,09:42:27,52730,52636,30,52705.6,30,0,1890
BANKNIFTY-III.NFO,26/12/2024,09:42:29,52730,52659,30,52707.05,30,0,1890
BANKNIFTY-III.NFO,26/12/2024,09:42:34,52730,52659,30,52706.7,30,0,1890
BANKNIFTY-III.NFO,26/12/2024,09:42:36,52730,52659,30,52707.05,30,0,1890
BANKNIFTY-III.NFO,26/12/2024,09:42:41,52730,52659.2,30,52707.05,30,0,1890
BANKNIFTY-III.NFO,26/12/2024,09:42:48,52730,52659.2,30,52706.35,30,0,1890
BANKNIFTY-III.NFO,26/12/2024,09:42:49,52730,52659,30,52699.85,30,0,1890
BANKNIFTY-III.NFO,26/12/2024,09:42:51,52730,52659,30,52698.6,30,0,1890
BANKNIFTY-III.NFO,26/12/2024,09:42:53,52730,52659,30,52694.45,30,0,1890
BANKNIFTY-III.NFO,26/12/2024,09:42:54,52730,52659,30,52693.7,30,0,1890
BANKNIFTY-III.NFO,26/12/2024,09:42:56,52730,52659,30,52695.6,30,0,1890
BANKNIFTY-III.NFO,26/12/2024,09:42:58,52730,52659,30,52697.05,30,0,1890
BANKNIFTY-III.NFO,26/12/2024,09:42:59,52730,52634.5,30,52693.35,90,0,1890
BANKNIFTY-III.NFO,26/12/2024,09:43:01,52730,52659.55,30,52696.95,30,0,1890
BANKNIFTY-III.NFO,26/12/2024,09:43:03,52730,52659.55,30,52705.6,30,0,1890
BANKNIFTY-III.NFO,26/12/2024,09:43:04,52730,52659.55,30,52703.1,30,0,1890
BANKNIFTY-III.NFO,26/12/2024,09:43:06,52730,52659.55,30,52703.35,30,0,1890
BANKNIFTY-III.NFO,26/12/2024,09:43:08,52730,52659.55,30,52699.95,30,0,1890
BANKNIFTY-III.NFO,26/12/2024,09:43:09,52730,52659.55,30,52703.15,30,0,1890
BANKNIFTY-III.NFO,26/12/2024,09:43:13,52730,52659.55,30,52698.9,30,0,1890
BANKNIFTY-III.NFO,26/12/2024,09:43:14,52730,52659.55,30,52701.4,30,0,1890
BANKNIFTY-III.NFO,26/12/2024,09:43:16,52730,52659.55,30,52706.7,30,0,1890
BANKNIFTY-III.NFO,26/12/2024,09:43:24,52730,52659.55,30,52706.1,30,0,1890
BANKNIFTY-III.NFO,26/12/2024,09:43:26,52730,52659.55,30,52705.95,30,0,1890
BANKNIFTY-III.NFO,26/12/2024,09:43:28,52730,52659.55,30,52701.45,30,0,1890
BANKNIFTY-III.NFO,26/12/2024,09:43:31,52730,52660.45,30,52703.5,30,0,1890
BANKNIFTY-III.NFO,26/12/2024,09:43:33,52730,52660.45,30,52706.7,30,0,1890
BANKNIFTY-III.NFO,26/12/2024,09:43:35,52730,52665.05,30,52723.5,30,0,1890
BANKNIFTY-III.NFO,26/12/2024,09:43:36,52730,52665.05,30,52720,90,0,1890
BANKNIFTY-III.NFO,26/12/2024,09:43:38,52730,52660.45,30,52715.1,30,0,1890
BANKNIFTY-III.NFO,26/12/2024,09:43:43,52730,52660.45,30,52714,30,0,1890
BANKNIFTY-III.NFO,26/12/2024,09:43:45,52730,52660.45,30,52712.6,30,0,1890
BANKNIFTY-III.NFO,26/12/2024,09:43:46,52730,52660.45,30,52713.5,30,0,1890
BANKNIFTY-III.NFO,26/12/2024,09:43:48,52730,52660.45,30,52711.85,30,0,1890
BANKNIFTY-III.NFO,26/12/2024,09:43:53,52730,52660.45,30,52708.85,30,0,1890
BANKNIFTY-III.NFO,26/12/2024,09:43:55,52730,52660.45,30,52705.4,30,0,1890
BANKNIFTY-III.NFO,26/12/2024,09:43:56,52730,52660.45,30,52706.2,30,0,1890
BANKNIFTY-III.NFO,26/12/2024,09:43:58,52730,52660.45,30,52706.8,30,0,1890
BANKNIFTY-III.NFO,26/12/2024,09:44:00,52730,52660.45,30,52706.25,30,0,1890
BANKNIFTY-III.NFO,26/12/2024,09:44:01,52730,52661.15,30,52702.75,30,0,1890
BANKNIFTY-III.NFO,26/12/2024,09:44:03,52730,52661.15,30,52712.25,30,0,1890
BANKNIFTY-III.NFO,26/12/2024,09:44:05,52730,52661.15,30,52713.9,30,0,1890
BANKNIFTY-III.NFO,26/12/2024,09:44:06,52730,52661.15,30,52712.75,30,0,1890
BANKNIFTY-III.NFO,26/12/2024,09:44:08,52730,52661.15,30,52706.45,30,0,1890
BANKNIFTY-III.NFO,26/12/2024,09:44:10,52730,52661.15,30,52706.4,30,0,1890
BANKNIFTY-III.NFO,26/12/2024,09:44:11,52730,52661.15,30,52708.95,30,0,1890
BANKNIFTY-III.NFO,26/12/2024,09:44:13,52730,52661.15,30,52707.15,30,0,1890
BANKNIFTY-III.NFO,26/12/2024,09:44:15,52730,52661.15,30,52706.35,30,0,1890
BANKNIFTY-III.NFO,26/12/2024,09:44:16,52730,52661.15,30,52706.85,30,0,1890
BANKNIFTY-III.NFO,26/12/2024,09:44:23,52704.15,52661.15,30,52704.2,60,30,1890
BANKNIFTY-III.NFO,26/12/2024,09:44:25,52704.15,52661.15,30,52705.2,60,0,1890
BANKNIFTY-III.NFO,26/12/2024,09:44:26,52704.15,52661.15,30,52700,300,0,1890
BANKNIFTY-III.NFO,26/12/2024,09:44:31,52704.15,52662.8,30,52700,300,0,1890
BANKNIFTY-III.NFO,26/12/2024,09:45:01,52704.15,52654.9,30,52700,300,0,1890
BANKNIFTY-III.NFO,26/12/2024,09:45:03,52704.15,52648.15,30,52700,300,0,1890
BANKNIFTY-III.NFO,26/12/2024,09:45:05,52704.15,52666.2,30,52700,300,0,1890
BANKNIFTY-III.NFO,26/12/2024,09:45:25,52704.15,52666.15,120,52700,300,0,1890
BANKNIFTY-III.NFO,26/12/2024,09:45:26,52666.15,52667.35,120,52700,300,30,1890
BANKNIFTY-III.NFO,26/12/2024,09:45:28,52666.15,52652.55,30,52700,300,0,1890
BANKNIFTY-III.NFO,26/12/2024,09:45:30,52666.15,52652.65,30,52700,300,0,1890
BANKNIFTY-III.NFO,26/12/2024,09:45:31,52666.15,52653.25,30,52700,300,0,1890
BANKNIFTY-III.NFO,26/12/2024,09:45:38,52666.15,52650.55,30,52700,300,0,1890
BANKNIFTY-III.NFO,26/12/2024,09:45:40,52666.15,52650.55,30,52697.55,60,0,1890
BANKNIFTY-III.NFO,26/12/2024,09:45:41,52666.15,52650.55,30,52697.85,60,0,1890
BANKNIFTY-III.NFO,26/12/2024,09:45:43,52666.15,52644.4,30,52697.85,60,0,1890
BANKNIFTY-III.NFO,26/12/2024,09:45:48,52666.15,52630.6,30,52697.85,60,0,1890
BANKNIFTY-III.NFO,26/12/2024,09:45:49,52666.15,52625.5,30,52697.85,60,0,1890
BANKNIFTY-III.NFO,26/12/2024,09:45:53,52666.15,52630.5,30,52697.85,60,0,1890
BANKNIFTY-III.NFO,26/12/2024,09:45:54,52666.15,52627.2,30,52697.85,60,0,1890
BANKNIFTY-III.NFO,26/12/2024,09:45:56,52666.15,52625.5,30,52697.85,60,0,1890
BANKNIFTY-III.NFO,26/12/2024,09:45:58,52666.15,52630.5,30,52697.85,60,0,1890
BANKNIFTY-III.NFO,26/12/2024,09:45:59,52666.15,52625.5,30,52697.85,60,0,1890
BANKNIFTY-III.NFO,26/12/2024,09:46:03,52666.15,52625.6,30,52695.3,60,0,1890
BANKNIFTY-III.NFO,26/12/2024,09:46:04,52666.15,52625.6,30,52695.25,60,0,1890
BANKNIFTY-III.NFO,26/12/2024,09:46:06,52666.15,52630.4,30,52695.25,60,0,1890
BANKNIFTY-III.NFO,26/12/2024,09:46:09,52666.15,52633.4,30,52695.25,60,0,1890
BANKNIFTY-III.NFO,26/12/2024,09:46:11,52666.15,52630.9,30,52695.25,60,0,1890
BANKNIFTY-III.NFO,26/12/2024,09:46:13,52666.15,52625.5,30,52689.95,60,0,1890
BANKNIFTY-III.NFO,26/12/2024,09:46:14,52666.15,52630.5,30,52689.95,60,0,1890
BANKNIFTY-III.NFO,26/12/2024,09:46:18,52666.15,52630.9,30,52689.95,60,0,1890
BANKNIFTY-III.NFO,26/12/2024,09:46:19,52666.15,52634.3,30,52689.95,60,0,1890
BANKNIFTY-III.NFO,26/12/2024,09:46:21,52666.15,52634.3,30,52689.9,60,0,1890
BANKNIFTY-III.NFO,26/12/2024,09:46:23,52666.15,52630.5,30,52689.95,60,0,1890
BANKNIFTY-III.NFO,26/12/2024,09:46:24,52666.15,52626.8,30,52689.95,60,0,1890
BANKNIFTY-III.NFO,26/12/2024,09:46:26,52666.15,52627.5,30,52689.4,60,0,1890
BANKNIFTY-III.NFO,26/12/2024,09:46:28,52666.15,52634.5,30,52697.85,60,0,1890
BANKNIFTY-III.NFO,26/12/2024,09:46:29,52666.15,52626.4,30,52697.85,60,0,1890
BANKNIFTY-III.NFO,26/12/2024,09:46:30,52666.15,52631,30,52697.85,60,0,1890
BANKNIFTY-III.NFO,26/12/2024,09:46:32,52666.15,52625.4,30,52697.85,60,0,1890
BANKNIFTY-III.NFO,26/12/2024,09:46:34,52666.15,52633.4,30,52697.85,60,0,1890
BANKNIFTY-III.NFO,26/12/2024,09:46:35,52666.15,52636.3,30,52697.85,60,0,1890
BANKNIFTY-III.NFO,26/12/2024,09:46:37,52666.15,52641.4,30,52697.85,60,0,1890
BANKNIFTY-III.NFO,26/12/2024,09:46:39,52666.15,52636.55,30,52691.9,60,0,1890
BANKNIFTY-III.NFO,26/12/2024,09:46:40,52666.15,52637.45,30,52697.15,60,0,1890
BANKNIFTY-III.NFO,26/12/2024,09:46:42,52666.15,52638.25,30,52697.85,60,0,1890
BANKNIFTY-III.NFO,26/12/2024,09:46:44,52666.15,52638.35,30,52694,60,0,1890
BANKNIFTY-III.NFO,26/12/2024,09:46:45,52666.15,52638.35,30,52691,60,0,1890
BANKNIFTY-III.NFO,26/12/2024,09:46:47,52666.15,52630.45,30,52689.4,60,0,1890
BANKNIFTY-III.NFO,26/12/2024,09:46:49,52666.15,52628.35,30,52690.65,60,0,1890
BANKNIFTY-III.NFO,26/12/2024,09:46:51,52666.15,52633.05,30,52691.7,60,0,1890
BANKNIFTY-III.NFO,26/12/2024,09:46:52,52666.15,52635.95,30,52693.8,60,0,1890
BANKNIFTY-III.NFO,26/12/2024,09:46:54,52666.15,52640.05,30,52695.85,60,0,1890
BANKNIFTY-III.NFO,26/12/2024,09:46:56,52666.15,52640.05,30,52692.45,60,0,1890
BANKNIFTY-III.NFO,26/12/2024,09:46:57,52666.15,52640.05,30,52695.95,60,0,1890
BANKNIFTY-III.NFO,26/12/2024,09:46:59,52666.15,52640.05,30,52696.2,60,0,1890
BANKNIFTY-III.NFO,26/12/2024,09:47:01,52666.15,52640.05,30,52696.5,60,0,1890
BANKNIFTY-III.NFO,26/12/2024,09:47:02,52666.15,52641.3,90,52694.95,60,0,1890
BANKNIFTY-III.NFO,26/12/2024,09:47:06,52666.15,52641.3,90,52689.95,60,0,1890
BANKNIFTY-III.NFO,26/12/2024,09:47:09,52666.15,52627.95,30,52698.9,60,0,1890
BANKNIFTY-III.NFO,26/12/2024,09:47:11,52666.15,52627.95,30,52698.95,60,0,1890
BANKNIFTY-III.NFO,26/12/2024,09:47:12,52666.15,52633.05,30,52694.95,60,0,1890
BANKNIFTY-III.NFO,26/12/2024,09:47:17,52666.15,52639.75,30,52698.9,60,0,1890
BANKNIFTY-III.NFO,26/12/2024,09:47:19,52666.15,52639.75,30,52693.65,60,0,1890
BANKNIFTY-III.NFO,26/12/2024,09:47:21,52666.15,52639.75,30,52694.15,60,0,1890
BANKNIFTY-III.NFO,26/12/2024,09:47:22,52666.15,52639.75,30,52693.55,60,0,1890
BANKNIFTY-III.NFO,26/12/2024,09:47:24,52666.15,52634.8,30,52691.45,60,0,1890
BANKNIFTY-III.NFO,26/12/2024,09:47:26,52666.15,52634.8,90,52691.35,60,0,1890
BANKNIFTY-III.NFO,26/12/2024,09:47:27,52666.15,52636.35,90,52694.95,60,0,1890
BANKNIFTY-III.NFO,26/12/2024,09:47:29,52666.15,52640.5,30,52698.95,60,0,1890
BANKNIFTY-III.NFO,26/12/2024,09:47:31,52666.15,52641.25,30,52698.95,60,0,1890
BANKNIFTY-III.NFO,26/12/2024,09:47:37,52666.15,52644.1,90,52698.95,60,0,1890
BANKNIFTY-III.NFO,26/12/2024,09:47:39,52666.15,52647.65,90,52698.95,60,0,1890
BANKNIFTY-III.NFO,26/12/2024,09:47:46,52666.15,52647.8,30,52698.95,60,0,1890
BANKNIFTY-III.NFO,26/12/2024,09:47:47,52666.15,52648.6,30,52698.95,60,0,1890
BANKNIFTY-III.NFO,26/12/2024,09:47:49,52666.15,52643.35,30,52716.55,60,0,1890
BANKNIFTY-III.NFO,26/12/2024,09:47:51,52666.15,52643.95,30,52714.05,60,0,1890
BANKNIFTY-III.NFO,26/12/2024,09:47:52,52666.15,52641.35,30,52713.95,60,0,1890
BANKNIFTY-III.NFO,26/12/2024,09:47:54,52666.15,52646.45,30,52710.15,60,0,1890
BANKNIFTY-III.NFO,26/12/2024,09:47:56,52666.15,52646.55,30,52710.2,60,0,1890
BANKNIFTY-III.NFO,26/12/2024,09:47:57,52666.15,52646.55,30,52705.25,60,0,1890
BANKNIFTY-III.NFO,26/12/2024,09:48:01,52666.15,52646.95,90,52708.05,60,0,1890
BANKNIFTY-III.NFO,26/12/2024,09:48:02,52666.15,52666.2,30,52709.95,60,0,1890
BANKNIFTY-III.NFO,26/12/2024,09:48:11,52666.15,52666.2,30,52709,60,0,1890
BANKNIFTY-III.NFO,26/12/2024,09:48:12,52666.15,52666.15,30,52705.8,60,0,1890
BANKNIFTY-III.NFO,26/12/2024,09:48:14,52666.15,52666.2,30,52706.15,60,0,1890
BANKNIFTY-III.NFO,26/12/2024,09:48:16,52666.15,52666.2,30,52707.5,60,0,1890
BANKNIFTY-III.NFO,26/12/2024,09:48:17,52666.15,52666.2,30,52707.15,60,0,1890
BANKNIFTY-III.NFO,26/12/2024,09:48:19,52666.15,52666.2,30,52710.95,60,0,1890
BANKNIFTY-III.NFO,26/12/2024,09:48:21,52666.15,52666.2,30,52706.5,60,0,1890
BANKNIFTY-III.NFO,26/12/2024,09:48:22,52666.15,52666.2,30,52711.35,60,0,1890
BANKNIFTY-III.NFO,26/12/2024,09:48:24,52666.15,52666.2,30,52708.3,60,0,1890
BANKNIFTY-III.NFO,26/12/2024,09:48:26,52666.15,52666.2,30,52707.95,60,0,1890
BANKNIFTY-III.NFO,26/12/2024,09:48:27,52666.15,52666.2,30,52699.95,60,0,1890
BANKNIFTY-III.NFO,26/12/2024,09:48:34,52666.15,52650.05,30,52699.95,60,0,1890
BANKNIFTY-III.NFO,26/12/2024,09:48:36,52666.15,52650.65,30,52699.95,60,0,1890
BANKNIFTY-III.NFO,26/12/2024,09:48:37,52666.15,52650.75,30,52699.95,60,0,1890
BANKNIFTY-III.NFO,26/12/2024,09:48:41,52666.15,52666.05,30,52699.95,60,0,1890
BANKNIFTY-III.NFO,26/12/2024,09:48:49,52666.15,52666,30,52696.95,60,0,1890
BANKNIFTY-III.NFO,26/12/2024,09:48:51,52666.15,52666,30,52691.65,60,0,1890
BANKNIFTY-III.NFO,26/12/2024,09:48:52,52666.15,52666,30,52688.95,60,0,1890
BANKNIFTY-III.NFO,26/12/2024,09:48:54,52666.15,52666,30,52686.65,60,0,1890
BANKNIFTY-III.NFO,26/12/2024,09:48:57,52666.15,52666,30,52686.45,60,0,1890
BANKNIFTY-III.NFO,26/12/2024,09:48:59,52666.15,52666,30,52686.55,60,0,1890
BANKNIFTY-III.NFO,26/12/2024,09:49:01,52666.15,52666,30,52681.35,60,0,1890
BANKNIFTY-III.NFO,26/12/2024,09:49:08,52666.15,52666,30,52679.95,60,0,1890
BANKNIFTY-III.NFO,26/12/2024,09:49:09,52666,52650,30,52668.95,60,30,1920
BANKNIFTY-III.NFO,26/12/2024,09:49:11,52666,52650,30,52668.1,60,0,1920
BANKNIFTY-III.NFO,26/12/2024,09:49:13,52650,52604.7,30,52664.7,60,30,1920
BANKNIFTY-III.NFO,26/12/2024,09:49:13,52650,52604.7,30,52664.7,60,0,1920
BANKNIFTY-III.NFO,26/12/2024,09:49:14,52650,52601.75,30,52660.45,60,0,1920
BANKNIFTY-III.NFO,26/12/2024,09:49:16,52650,52606.65,30,52655.9,60,0,1920
BANKNIFTY-III.NFO,26/12/2024,09:49:18,52650,52620.8,30,52650,30,0,1920
BANKNIFTY-III.NFO,26/12/2024,09:49:31,52650,52620.8,30,52630,30,0,1920
BANKNIFTY-III.NFO,26/12/2024,09:49:48,52650,52622,30,52630,30,0,1920
BANKNIFTY-III.NFO,26/12/2024,09:49:49,52622,52630.8,30,52668,30,30,1920
BANKNIFTY-III.NFO,26/12/2024,09:49:49,52622,52630.8,30,52668,30,0,1920
BANKNIFTY-III.NFO,26/12/2024,09:49:51,52622,52627.8,30,52669.55,30,0,1920
BANKNIFTY-III.NFO,26/12/2024,09:49:53,52622,52627.3,30,52669.55,30,0,1920
BANKNIFTY-III.NFO,26/12/2024,09:49:54,52622,52622.3,30,52669.55,30,0,1920
BANKNIFTY-III.NFO,26/12/2024,09:49:56,52622,52630.9,30,52669.55,30,0,1920
BANKNIFTY-III.NFO,26/12/2024,09:49:58,52622,52622.5,30,52671.65,30,0,1920
BANKNIFTY-III.NFO,26/12/2024,09:49:59,52622,52627.5,30,52671.65,30,0,1920
BANKNIFTY-III.NFO,26/12/2024,09:50:01,52622,52628.35,30,52671.65,30,0,1920
BANKNIFTY-III.NFO,26/12/2024,09:50:03,52622,52628.3,30,52671.65,30,0,1920
BANKNIFTY-III.NFO,26/12/2024,09:50:04,52622,52627.2,30,52671.65,30,0,1920
BANKNIFTY-III.NFO,26/12/2024,09:50:06,52622,52625.1,30,52669.95,30,0,1920
BANKNIFTY-III.NFO,26/12/2024,09:50:08,52622,52629.6,30,52669.95,30,0,1920
BANKNIFTY-III.NFO,26/12/2024,09:50:09,52622,52624.8,30,52669.75,30,0,1920
BANKNIFTY-III.NFO,26/12/2024,09:50:11,52622,52624.9,30,52669.5,90,0,1920
BANKNIFTY-III.NFO,26/12/2024,09:50:13,52622,52624.9,30,52668.5,30,0,1920
BANKNIFTY-III.NFO,26/12/2024,09:50:14,52622,52625,30,52668.5,30,0,1920
BANKNIFTY-III.NFO,26/12/2024,09:50:18,52622,52625.1,90,52668.5,30,0,1920
BANKNIFTY-III.NFO,26/12/2024,09:50:19,52622,52627.3,90,52669.95,30,0,1920
BANKNIFTY-III.NFO,26/12/2024,09:50:21,52622,52629.2,30,52669.95,30,0,1920
BANKNIFTY-III.NFO,26/12/2024,09:50:23,52622,52628,90,52669.95,30,0,1920
BANKNIFTY-III.NFO,26/12/2024,09:50:24,52622,52628.6,30,52669.95,30,0,1920
BANKNIFTY-III.NFO,26/12/2024,09:50:29,52622,52623.75,90,52669.95,30,0,1920
BANKNIFTY-III.NFO,26/12/2024,09:50:31,52622,52624.2,30,52669.95,30,0,1920
BANKNIFTY-III.NFO,26/12/2024,09:50:34,52622.95,52623.95,120,52669.45,30,150,1920
BANKNIFTY-III.NFO,26/12/2024,09:50:36,52622.95,52624,60,52669.45,30,0,1920
BANKNIFTY-III.NFO,26/12/2024,09:50:47,52622.95,52623.95,120,52669.35,30,0,1920
BANKNIFTY-III.NFO,26/12/2024,09:50:54,52622.95,52623.95,120,52669.15,90,0,1920
BANKNIFTY-III.NFO,26/12/2024,09:51:01,52622.95,52623.95,120,52664.85,30,0,1920
BANKNIFTY-III.NFO,26/12/2024,09:51:02,52622.95,52623.95,120,52664.65,30,0,1920
BANKNIFTY-III.NFO,26/12/2024,09:51:04,52622.95,52635.25,120,52664.35,30,0,1920
BANKNIFTY-III.NFO,26/12/2024,09:51:06,52622.95,52635.25,120,52660.15,60,0,1920
BANKNIFTY-III.NFO,26/12/2024,09:51:07,52622.95,52635.25,120,52669.95,30,0,1920
BANKNIFTY-III.NFO,26/12/2024,09:51:09,52622.95,52624.15,30,52669.95,30,0,1920
BANKNIFTY-III.NFO,26/12/2024,09:51:11,52622.95,52626.5,120,52668.8,30,0,1920
BANKNIFTY-III.NFO,26/12/2024,09:51:21,52622.95,52626.5,120,52669.95,30,0,1920
BANKNIFTY-III.NFO,26/12/2024,09:51:38,52622.95,52626.55,60,52669.95,30,0,1920
BANKNIFTY-III.NFO,26/12/2024,09:51:46,52622.95,52620.55,30,52669.95,30,0,1920
BANKNIFTY-III.NFO,26/12/2024,09:51:48,52622.95,52634.4,120,52669.95,30,0,1920
BANKNIFTY-III.NFO,26/12/2024,09:52:07,52622.95,52634.4,120,52668.9,30,0,1920
BANKNIFTY-III.NFO,26/12/2024,09:52:12,52622.95,52620.55,30,52666.9,30,0,1920
BANKNIFTY-III.NFO,26/12/2024,09:52:14,52622.95,52619.95,30,52667.15,90,0,1920
BANKNIFTY-III.NFO,26/12/2024,09:52:15,52622.95,52619.95,30,52666.15,30,0,1920
BANKNIFTY-III.NFO,26/12/2024,09:52:17,52622.95,52613.5,60,52666.15,30,0,1920
BANKNIFTY-III.NFO,26/12/2024,09:52:19,52622.95,52613.5,60,52665.9,90,0,1920
BANKNIFTY-III.NFO,26/12/2024,09:52:20,52622.95,52613.5,60,52664.95,30,0,1920
BANKNIFTY-III.NFO,26/12/2024,09:52:22,52622.95,52613.5,60,52665.15,30,0,1920
BANKNIFTY-III.NFO,26/12/2024,09:52:30,52622.95,52613.5,60,52669.95,30,0,1920
BANKNIFTY-III.NFO,26/12/2024,09:52:32,52622.95,52613.5,60,52668.9,30,0,1920
BANKNIFTY-III.NFO,26/12/2024,09:52:35,52622.95,52613.5,60,52667.1,30,0,1920
BANKNIFTY-III.NFO,26/12/2024,09:52:37,52622.95,52613.5,60,52667.35,30,0,1920
BANKNIFTY-III.NFO,26/12/2024,09:52:38,52622.95,52613.5,60,52668.9,30,0,1920
BANKNIFTY-III.NFO,26/12/2024,09:52:40,52622.95,52613.5,60,52666.3,30,0,1920
BANKNIFTY-III.NFO,26/12/2024,09:52:42,52622.95,52613.5,60,52668.9,30,0,1920
BANKNIFTY-III.NFO,26/12/2024,09:52:45,52622.95,52613.5,60,52669.95,30,0,1920
BANKNIFTY-III.NFO,26/12/2024,09:52:47,52622.95,52618.5,60,52669.95,30,0,1920
BANKNIFTY-III.NFO,26/12/2024,09:52:55,52622.95,52613.5,60,52669.95,30,0,1920
BANKNIFTY-III.NFO,26/12/2024,09:53:33,52669.95,52618.65,30,52669.95,30,30,2040
BANKNIFTY-III.NFO,26/12/2024,09:53:35,52669.95,52618.65,30,52670,120,0,2040
BANKNIFTY-III.NFO,26/12/2024,09:53:37,52669.95,52615.35,30,52669.95,30,0,2040
BANKNIFTY-III.NFO,26/12/2024,09:53:38,52669.95,52620.35,30,52669.95,30,0,2040
BANKNIFTY-III.NFO,26/12/2024,09:53:40,52669.95,52619.35,30,52669.95,30,0,2040
BANKNIFTY-III.NFO,26/12/2024,09:53:42,52669.95,52620.45,90,52669.95,30,0,2040
BANKNIFTY-III.NFO,26/12/2024,09:53:43,52669.95,52621.1,30,52669.95,30,0,2040
BANKNIFTY-III.NFO,26/12/2024,09:53:45,52669.95,52622.05,30,52669.95,30,0,2040
BANKNIFTY-III.NFO,26/12/2024,09:53:47,52669.95,52622.85,30,52669.95,30,0,2040
BANKNIFTY-III.NFO,26/12/2024,09:53:53,52669.95,52618.25,30,52669.95,30,0,2040
BANKNIFTY-III.NFO,26/12/2024,09:54:25,52669.95,52622.85,30,52669.95,30,0,2040
BANKNIFTY-III.NFO,26/12/2024,09:54:38,52669.95,52616.55,30,52669.95,30,0,2040
BANKNIFTY-III.NFO,26/12/2024,09:54:39,52669.95,52616.65,30,52669.95,30,0,2040
BANKNIFTY-III.NFO,26/12/2024,09:54:54,52669.95,52617.6,30,52669.95,30,0,2040
BANKNIFTY-III.NFO,26/12/2024,09:55:14,52669.95,52617.95,30,52669.95,30,0,2040
BANKNIFTY-III.NFO,26/12/2024,09:55:16,52669.95,52618.55,30,52669.95,30,0,2040
BANKNIFTY-III.NFO,26/12/2024,09:55:18,52669.95,52618.65,30,52669.95,30,0,2040
BANKNIFTY-III.NFO,26/12/2024,09:55:29,52669.95,52618.8,30,52669.95,30,0,2040
BANKNIFTY-III.NFO,26/12/2024,09:55:31,52669.95,52618.9,30,52669.95,30,0,2040
BANKNIFTY-III.NFO,26/12/2024,09:55:33,52669.95,52619.45,30,52669.95,30,0,2040
BANKNIFTY-III.NFO,26/12/2024,09:55:40,52669.95,52627.85,30,52669.95,30,0,2040
BANKNIFTY-III.NFO,26/12/2024,09:55:54,52669.95,52627.95,30,52669.95,30,0,2040
BANKNIFTY-III.NFO,26/12/2024,09:55:56,52669.95,52630.05,30,52669.95,30,0,2040
BANKNIFTY-III.NFO,26/12/2024,09:56:21,52669.95,52630.15,30,52669.95,30,0,2040
BANKNIFTY-III.NFO,26/12/2024,09:56:22,52669.95,52630.05,30,52669.95,30,0,2040
BANKNIFTY-III.NFO,26/12/2024,09:56:31,52669.95,52630.55,30,52669.95,30,0,2040
BANKNIFTY-III.NFO,26/12/2024,09:56:32,52669.95,52630.05,30,52669.95,30,0,2040
BANKNIFTY-III.NFO,26/12/2024,09:56:37,52669.95,52634.05,30,52669.95,30,0,2040
BANKNIFTY-III.NFO,26/12/2024,09:56:39,52669.95,52632.7,30,52669.95,30,0,2040
BANKNIFTY-III.NFO,26/12/2024,09:56:41,52669.95,52632.7,30,52664.4,30,0,2040
BANKNIFTY-III.NFO,26/12/2024,09:56:42,52669.95,52632.7,30,52665.1,30,0,2040
BANKNIFTY-III.NFO,26/12/2024,09:56:44,52669.95,52630.45,30,52665.1,30,0,2040
BANKNIFTY-III.NFO,26/12/2024,09:56:45,52669.95,52630,60,52665.8,30,0,2040
BANKNIFTY-III.NFO,26/12/2024,09:56:47,52669.95,52638.05,30,52665.05,30,0,2040
BANKNIFTY-III.NFO,26/12/2024,09:56:49,52669.95,52638.05,30,52666.6,30,0,2040
BANKNIFTY-III.NFO,26/12/2024,09:56:50,52669.95,52636.35,150,52660,60,0,2040
BANKNIFTY-III.NFO,26/12/2024,09:56:52,52669.95,52636.35,150,52659.95,60,0,2040
BANKNIFTY-III.NFO,26/12/2024,09:56:54,52669.95,52636.35,150,52660.15,30,0,2040
BANKNIFTY-III.NFO,26/12/2024,09:56:55,52669.95,52637.55,30,52654.3,30,0,2040
BANKNIFTY-III.NFO,26/12/2024,09:56:59,52669.95,52638.05,30,52648.75,30,0,2040
BANKNIFTY-III.NFO,26/12/2024,09:57:00,52669.95,52630,60,52647.3,30,0,2040
BANKNIFTY-III.NFO,26/12/2024,09:57:02,52639.95,52630,60,52647.8,30,30,2010
BANKNIFTY-III.NFO,26/12/2024,09:57:03,52634.45,52630,60,52655.4,30,60,2010
BANKNIFTY-III.NFO,26/12/2024,09:57:05,52634.45,52630.35,30,52668.3,30,0,2010
BANKNIFTY-III.NFO,26/12/2024,09:57:07,52634.45,52630.35,30,52665.25,30,0,2010
BANKNIFTY-III.NFO,26/12/2024,09:57:08,52634.45,52630.35,30,52666.9,30,0,2010
BANKNIFTY-III.NFO,26/12/2024,09:57:10,52634.45,52631.4,30,52668.25,30,0,2010
BANKNIFTY-III.NFO,26/12/2024,09:57:12,52634.45,52635.75,30,52667.85,30,0,2010
BANKNIFTY-III.NFO,26/12/2024,09:57:13,52634.45,52635.75,30,52664.85,30,0,2010
BANKNIFTY-III.NFO,26/12/2024,09:57:15,52634.45,52635.75,30,52663.75,30,0,2010
BANKNIFTY-III.NFO,26/12/2024,09:57:17,52634.45,52631,30,52658.15,30,0,2010
BANKNIFTY-III.NFO,26/12/2024,09:57:18,52634.45,52631,30,52656.3,30,0,2010
BANKNIFTY-III.NFO,26/12/2024,09:57:20,52634.45,52631,30,52657.6,30,0,2010
BANKNIFTY-III.NFO,26/12/2024,09:57:22,52634.45,52631,30,52655.2,30,0,2010
BANKNIFTY-III.NFO,26/12/2024,09:57:23,52634.45,52636.25,120,52652.65,30,0,2010
BANKNIFTY-III.NFO,26/12/2024,09:57:25,52636.25,52631,30,52653,30,30,2010
BANKNIFTY-III.NFO,26/12/2024,09:57:26,52636.25,52631.1,30,52651.25,30,0,2010
BANKNIFTY-III.NFO,26/12/2024,09:57:28,52636.25,52630,60,52648.4,30,0,2010
BANKNIFTY-III.NFO,26/12/2024,09:57:30,52630.05,52630,60,52650.4,30,30,2010
BANKNIFTY-III.NFO,26/12/2024,09:57:31,52630.05,52630,60,52655.9,30,0,2010
BANKNIFTY-III.NFO,26/12/2024,09:57:33,52630.05,52630,60,52652.6,30,0,2010
BANKNIFTY-III.NFO,26/12/2024,09:57:34,52630.05,52630,60,52657.95,30,0,2010
BANKNIFTY-III.NFO,26/12/2024,09:57:36,52630.05,52630,60,52661.25,30,0,2010
BANKNIFTY-III.NFO,26/12/2024,09:57:38,52630.05,52630,60,52656.6,30,0,2010
BANKNIFTY-III.NFO,26/12/2024,09:57:39,52630.05,52630,60,52655.35,30,0,2010
BANKNIFTY-III.NFO,26/12/2024,09:57:41,52630.05,52630,60,52654,30,0,2010
BANKNIFTY-III.NFO,26/12/2024,09:57:43,52630.05,52619.35,60,52652.85,30,0,2010
BANKNIFTY-III.NFO,26/12/2024,09:57:44,52630.05,52619.35,60,52657.15,30,0,2010
BANKNIFTY-III.NFO,26/12/2024,09:57:46,52630.05,52619.35,60,52655.2,30,0,2010
BANKNIFTY-III.NFO,26/12/2024,09:57:48,52630.05,52619.35,60,52654.15,30,0,2010
BANKNIFTY-III.NFO,26/12/2024,09:57:49,52630.05,52619.35,60,52652.35,30,0,2010
BANKNIFTY-III.NFO,26/12/2024,09:57:51,52630.05,52615.05,60,52652.85,30,0,2010
BANKNIFTY-III.NFO,26/12/2024,09:57:53,52630.05,52615.05,60,52650.25,30,0,2010
BANKNIFTY-III.NFO,26/12/2024,09:57:54,52630.05,52610.05,60,52647.8,30,0,2010
BANKNIFTY-III.NFO,26/12/2024,09:57:56,52630.05,52607.35,60,52648.35,30,0,2010
BANKNIFTY-III.NFO,26/12/2024,09:57:57,52630.05,52607.35,60,52649.85,30,0,2010
BANKNIFTY-III.NFO,26/12/2024,09:57:59,52630.05,52607.35,60,52648.75,30,0,2010
BANKNIFTY-III.NFO,26/12/2024,09:58:01,52630.05,52607.35,60,52652.3,30,0,2010
BANKNIFTY-III.NFO,26/12/2024,09:58:02,52630.05,52607.35,60,52655.05,30,0,2010
BANKNIFTY-III.NFO,26/12/2024,09:58:04,52630.05,52607.35,60,52651.2,30,0,2010
BANKNIFTY-III.NFO,26/12/2024,09:58:05,52630.05,52607.35,60,52653.9,30,0,2010
BANKNIFTY-III.NFO,26/12/2024,09:58:07,52630.05,52607.35,60,52651.5,30,0,2010
BANKNIFTY-III.NFO,26/12/2024,09:58:09,52630.05,52607.35,60,52649.7,30,0,2010
BANKNIFTY-III.NFO,26/12/2024,09:58:10,52630.05,52607.35,60,52648.65,30,0,2010
BANKNIFTY-III.NFO,26/12/2024,09:58:13,52630.05,52607.35,60,52645.85,30,0,2010
BANKNIFTY-III.NFO,26/12/2024,09:58:15,52630.05,52607.35,60,52644.55,30,0,2010
BANKNIFTY-III.NFO,26/12/2024,09:58:17,52630.05,52607.3,120,52644.5,30,0,2010
BANKNIFTY-III.NFO,26/12/2024,09:58:18,52630.05,52607.3,120,52644.2,30,0,2010
BANKNIFTY-III.NFO,26/12/2024,09:58:20,52630.05,52607.3,120,52643.25,30,0,2010
BANKNIFTY-III.NFO,26/12/2024,09:58:21,52630.05,52607.3,120,52647.25,30,0,2010
BANKNIFTY-III.NFO,26/12/2024,09:58:23,52630.05,52607.3,120,52644.9,30,0,2010
BANKNIFTY-III.NFO,26/12/2024,09:58:25,52630.05,52602.05,30,52644.5,30,0,2010
BANKNIFTY-III.NFO,26/12/2024,09:58:29,52630.05,52602.1,60,52644.5,30,0,2010
BANKNIFTY-III.NFO,26/12/2024,09:58:31,52630.05,52602.3,60,52644.5,30,0,2010
BANKNIFTY-III.NFO,26/12/2024,09:58:34,52630.05,52607.65,120,52644.9,30,0,2010
BANKNIFTY-III.NFO,26/12/2024,09:58:38,52657.2,52611.15,90,52657.85,30,180,2160
BANKNIFTY-III.NFO,26/12/2024,09:58:39,52657.2,52611.15,90,52657.85,30,0,2160
BANKNIFTY-III.NFO,26/12/2024,09:58:43,52657.2,52611.35,30,52657.85,30,0,2160
BANKNIFTY-III.NFO,26/12/2024,09:58:46,52657.2,52607.7,30,52654.1,30,0,2160
BANKNIFTY-III.NFO,26/12/2024,09:58:48,52657.2,52607.7,30,52653.9,30,0,2160
BANKNIFTY-III.NFO,26/12/2024,09:58:59,52657.2,52607.8,90,52657.85,30,0,2160
BANKNIFTY-III.NFO,26/12/2024,09:59:01,52657.2,52609.8,30,52657.85,30,0,2160
BANKNIFTY-III.NFO,26/12/2024,09:59:27,52658.8,52609.85,30,52659.1,30,180,2160
BANKNIFTY-III.NFO,26/12/2024,09:59:28,52658.8,52613.7,30,52666.3,30,0,2160
BANKNIFTY-III.NFO,26/12/2024,09:59:30,52658.8,52612.85,30,52668.4,30,0,2160
BANKNIFTY-III.NFO,26/12/2024,09:59:32,52658.8,52616.25,30,52669.3,30,0,2160
BANKNIFTY-III.NFO,26/12/2024,09:59:33,52658.8,52611.55,30,52669.3,30,0,2160
BANKNIFTY-III.NFO,26/12/2024,09:59:35,52658.8,52615.85,30,52669.3,30,0,2160
BANKNIFTY-III.NFO,26/12/2024,09:59:40,52658.8,52615.95,30,52669.3,30,0,2160
BANKNIFTY-III.NFO,26/12/2024,09:59:45,52658.8,52614.45,30,52669.9,30,0,2160
BANKNIFTY-III.NFO,26/12/2024,09:59:47,52658.8,52615.45,90,52669.9,30,0,2160
BANKNIFTY-III.NFO,26/12/2024,09:59:48,52658.8,52615.55,30,52669.9,30,0,2160
BANKNIFTY-III.NFO,26/12/2024,09:59:50,52658.8,52617.55,30,52670,120,0,2160
BANKNIFTY-III.NFO,26/12/2024,10:00:02,52658.8,52618.9,30,52670,120,0,2160
BANKNIFTY-III.NFO,26/12/2024,10:00:03,52658.8,52619.1,30,52670,120,0,2160
BANKNIFTY-III.NFO,26/12/2024,10:00:08,52658.8,52609.45,30,52670,120,0,2160
BANKNIFTY-III.NFO,26/12/2024,10:00:10,52658.8,52614.3,30,52670,120,0,2160
BANKNIFTY-III.NFO,26/12/2024,10:00:12,52658.8,52613.9,30,52667,60,0,2160
BANKNIFTY-III.NFO,26/12/2024,10:00:13,52658.8,52614.35,30,52665.8,60,0,2160
BANKNIFTY-III.NFO,26/12/2024,10:00:15,52658.8,52614.35,30,52669.55,120,0,2160
BANKNIFTY-III.NFO,26/12/2024,10:00:17,52658.8,52614.45,30,52661.3,60,0,2160
BANKNIFTY-III.NFO,26/12/2024,10:00:18,52658.8,52614.65,30,52662.45,60,0,2160
BANKNIFTY-III.NFO,26/12/2024,10:00:20,52658.8,52614.65,30,52661.2,120,0,2160
BANKNIFTY-III.NFO,26/12/2024,10:00:22,52658.8,52614.3,30,52659.15,60,0,2160
BANKNIFTY-III.NFO,26/12/2024,10:00:23,52658.8,52614.65,30,52658.45,60,0,2160
BANKNIFTY-III.NFO,26/12/2024,10:00:25,52658.8,52614.35,30,52658.45,60,0,2160
BANKNIFTY-III.NFO,26/12/2024,10:00:26,52658.8,52614.05,30,52658.45,60,0,2160
BANKNIFTY-III.NFO,26/12/2024,10:00:28,52658.8,52614.05,30,52661.35,60,0,2160
BANKNIFTY-III.NFO,26/12/2024,10:00:29,52658.8,52635.65,30,52660.6,60,0,2160
BANKNIFTY-III.NFO,26/12/2024,10:00:31,52658.8,52635.45,30,52657.5,60,0,2160
BANKNIFTY-III.NFO,26/12/2024,10:00:33,52635.45,52614.7,30,52656.85,60,30,2160
BANKNIFTY-III.NFO,26/12/2024,10:00:34,52635.45,52614,30,52656.3,60,0,2160
BANKNIFTY-III.NFO,26/12/2024,10:00:36,52635.45,52614,30,52651.35,60,0,2160
BANKNIFTY-III.NFO,26/12/2024,10:00:39,52635.45,52613.95,30,52648.8,60,0,2160
BANKNIFTY-III.NFO,26/12/2024,10:00:41,52635.45,52605.15,30,52645.4,60,0,2160
BANKNIFTY-III.NFO,26/12/2024,10:00:42,52635.45,52605.15,30,52643.45,60,0,2160
BANKNIFTY-III.NFO,26/12/2024,10:00:44,52635.45,52605.15,30,52646.55,60,0,2160
BANKNIFTY-III.NFO,26/12/2024,10:00:46,52635.45,52605.15,30,52645.35,60,0,2160
BANKNIFTY-III.NFO,26/12/2024,10:00:47,52635.45,52605.15,30,52649.9,60,0,2160
BANKNIFTY-III.NFO,26/12/2024,10:00:49,52635.45,52605.15,30,52645.7,30,0,2160
BANKNIFTY-III.NFO,26/12/2024,10:00:51,52635.45,52605.15,30,52647.25,60,0,2160
BANKNIFTY-III.NFO,26/12/2024,10:00:52,52635.45,52605.15,30,52646.55,30,0,2160
BANKNIFTY-III.NFO,26/12/2024,10:00:54,52635.45,52605.15,30,52650.85,120,0,2160
BANKNIFTY-III.NFO,26/12/2024,10:00:56,52635.45,52605.15,30,52649.7,60,0,2160
BANKNIFTY-III.NFO,26/12/2024,10:00:57,52635.45,52605.15,30,52650.85,120,0,2160
BANKNIFTY-III.NFO,26/12/2024,10:01:01,52635.45,52605.15,30,52649.75,60,0,2160
BANKNIFTY-III.NFO,26/12/2024,10:01:04,52635.45,52605.15,30,52645.65,60,0,2160
BANKNIFTY-III.NFO,26/12/2024,10:01:05,52635.45,52605.15,30,52646.95,60,0,2160
BANKNIFTY-III.NFO,26/12/2024,10:01:07,52635.45,52605.15,30,52648.75,60,0,2160
BANKNIFTY-III.NFO,26/12/2024,10:01:09,52647.6,52605.15,30,52647.65,60,60,2520
BANKNIFTY-III.NFO,26/12/2024,10:01:10,52647.6,52605.5,30,52646.35,60,0,2520
BANKNIFTY-III.NFO,26/12/2024,10:01:12,52647.6,52605.15,30,52646.35,60,0,2520
BANKNIFTY-III.NFO,26/12/2024,10:01:14,52647.6,52605.15,30,52643.4,60,0,2520
BANKNIFTY-III.NFO,26/12/2024,10:01:15,52647.6,52605.15,30,52644.25,60,0,2520
BANKNIFTY-III.NFO,26/12/2024,10:01:17,52647.6,52605.15,30,52645.8,60,0,2520
BANKNIFTY-III.NFO,26/12/2024,10:01:18,52647.6,52605.15,30,52645.7,60,0,2520
BANKNIFTY-III.NFO,26/12/2024,10:01:22,52647.6,52605.15,30,52646.9,60,0,2520
BANKNIFTY-III.NFO,26/12/2024,10:01:25,52647.6,52605.15,30,52645.15,60,0,2520
BANKNIFTY-III.NFO,26/12/2024,10:01:27,52647.6,52605.15,30,52641.65,60,0,2520
BANKNIFTY-III.NFO,26/12/2024,10:01:28,52647.6,52605.15,30,52646.6,30,0,2520
BANKNIFTY-III.NFO,26/12/2024,10:01:30,52647.6,52605.15,30,52647.3,30,0,2520
BANKNIFTY-III.NFO,26/12/2024,10:01:32,52647.6,52605.15,30,52646.7,30,0,2520
BANKNIFTY-III.NFO,26/12/2024,10:01:33,52647.6,52605.15,30,52644.75,30,0,2520
BANKNIFTY-III.NFO,26/12/2024,10:01:35,52647.6,52605.1,30,52633.65,30,0,2520
BANKNIFTY-III.NFO,26/12/2024,10:01:37,52600.2,52600.2,30,52622.2,210,60,2520
BANKNIFTY-III.NFO,26/12/2024,10:01:37,52600.2,52600.2,30,52622.2,210,0,2520
BANKNIFTY-III.NFO,26/12/2024,10:01:38,52600,52554.2,30,52601.3,30,60,2520
BANKNIFTY-III.NFO,26/12/2024,10:01:38,52600,52554.2,30,52601.3,30,0,2520
BANKNIFTY-III.NFO,26/12/2024,10:01:40,52600,52579.3,30,52606.85,150,0,2520
BANKNIFTY-III.NFO,26/12/2024,10:01:41,52593.5,52567.05,30,52606.85,120,30,2520
BANKNIFTY-III.NFO,26/12/2024,10:01:41,52593.5,52567.05,30,52606.85,120,0,2520
BANKNIFTY-III.NFO,26/12/2024,10:01:43,52588.8,52552.7,30,52606.85,120,60,2520
BANKNIFTY-III.NFO,26/12/2024,10:01:43,52588.8,52552.7,30,52606.85,120,0,2520
BANKNIFTY-III.NFO,26/12/2024,10:01:45,52588.8,52560.4,30,52606.85,120,0,2520
BANKNIFTY-III.NFO,26/12/2024,10:01:48,52589.65,52556.65,30,52598.65,30,30,2520
BANKNIFTY-III.NFO,26/12/2024,10:01:50,52589.65,52570.45,30,52598.65,30,0,2520
BANKNIFTY-III.NFO,26/12/2024,10:01:51,52589.65,52550.45,30,52598.65,30,0,2520
BANKNIFTY-III.NFO,26/12/2024,10:01:53,52589.65,52573.3,30,52606.85,120,0,2520
BANKNIFTY-III.NFO,26/12/2024,10:01:55,52589.65,52569.25,30,52604.6,30,0,2520
BANKNIFTY-III.NFO,26/12/2024,10:01:56,52589.65,52552.85,30,52606.85,120,0,2520
BANKNIFTY-III.NFO,26/12/2024,10:01:58,52589.65,52554.5,30,52606.55,30,0,2520
BANKNIFTY-III.NFO,26/12/2024,10:02:00,52589.65,52552.25,30,52606.85,120,0,2520
BANKNIFTY-III.NFO,26/12/2024,10:02:01,52589.65,52550.75,30,52604.85,30,0,2520
BANKNIFTY-III.NFO,26/12/2024,10:02:03,52589.65,52552.85,90,52606.85,180,0,2520
BANKNIFTY-III.NFO,26/12/2024,10:02:04,52589.65,52565.95,30,52605.95,60,0,2520
BANKNIFTY-III.NFO,26/12/2024,10:02:06,52589.65,52565.8,30,52606.8,120,0,2520
BANKNIFTY-III.NFO,26/12/2024,10:02:08,52589.65,52568.3,30,52575,30,0,2520
BANKNIFTY-III.NFO,26/12/2024,10:02:09,52575,52565.6,30,52606.85,120,30,2520
BANKNIFTY-III.NFO,26/12/2024,10:02:09,52575,52565.6,30,52606.85,120,0,2520
BANKNIFTY-III.NFO,26/12/2024,10:02:11,52575,52572.95,30,52606.85,120,0,2520
BANKNIFTY-III.NFO,26/12/2024,10:02:13,52575,52569.4,30,52606.85,120,0,2520
BANKNIFTY-III.NFO,26/12/2024,10:02:14,52575,52568.65,30,52606.85,120,0,2520
BANKNIFTY-III.NFO,26/12/2024,10:02:18,52575,52567.25,30,52606.85,120,0,2520
BANKNIFTY-III.NFO,26/12/2024,10:02:19,52575,52567.35,30,52606.85,120,0,2520
BANKNIFTY-III.NFO,26/12/2024,10:02:21,52575,52563.55,30,52606.85,120,0,2520
BANKNIFTY-III.NFO,26/12/2024,10:02:22,52575,52563.55,30,52604.55,60,0,2520
BANKNIFTY-III.NFO,26/12/2024,10:02:24,52575,52562.35,30,52605.05,60,0,2520
BANKNIFTY-III.NFO,26/12/2024,10:02:26,52575,52564.7,30,52606.85,120,0,2520
BANKNIFTY-III.NFO,26/12/2024,10:02:28,52575,52565.5,90,52606.85,120,0,2520
BANKNIFTY-III.NFO,26/12/2024,10:02:36,52575,52562.35,30,52606.85,120,0,2520
BANKNIFTY-III.NFO,26/12/2024,10:02:46,52575,52562.6,30,52606.85,120,0,2520
BANKNIFTY-III.NFO,26/12/2024,10:02:47,52575,52564.95,30,52606.85,120,0,2520
BANKNIFTY-III.NFO,26/12/2024,10:02:49,52575,52566.05,30,52606.85,120,0,2520
BANKNIFTY-III.NFO,26/12/2024,10:02:51,52575,52562.95,30,52606.85,120,0,2520
BANKNIFTY-III.NFO,26/12/2024,10:02:52,52575,52564.75,30,52629.95,120,0,2520
BANKNIFTY-III.NFO,26/12/2024,10:02:54,52575,52571.95,30,52628.25,60,0,2520
BANKNIFTY-III.NFO,26/12/2024,10:02:56,52575,52573.15,30,52600,30,0,2520
BANKNIFTY-III.NFO,26/12/2024,10:02:57,52573.15,52567.25,30,52600,30,30,2520
BANKNIFTY-III.NFO,26/12/2024,10:02:57,52573.15,52567.25,30,52600,30,0,2520
BANKNIFTY-III.NFO,26/12/2024,10:02:59,52573.15,52575.6,60,52600,30,0,2520
BANKNIFTY-III.NFO,26/12/2024,10:03:02,52573.15,52565.3,30,52600,30,0,2520
BANKNIFTY-III.NFO,26/12/2024,10:03:04,52573.15,52564.25,30,52600,30,0,2520
BANKNIFTY-III.NFO,26/12/2024,10:03:06,52573.15,52567.65,30,52599.95,30,0,2520
BANKNIFTY-III.NFO,26/12/2024,10:03:14,52599.95,52567.65,30,52600,30,30,2520
BANKNIFTY-III.NFO,26/12/2024,10:03:15,52599.95,52564,60,52600,30,0,2520
BANKNIFTY-III.NFO,26/12/2024,10:03:17,52599.95,52564.75,90,52600,30,0,2520
BANKNIFTY-III.NFO,26/12/2024,10:03:19,52599.95,52565.95,90,52600,30,0,2520
BANKNIFTY-III.NFO,26/12/2024,10:03:22,52599.95,52566.85,30,52600,30,0,2520
BANKNIFTY-III.NFO,26/12/2024,10:03:24,52599.95,52567.05,90,52600,30,0,2520
BANKNIFTY-III.NFO,26/12/2024,10:03:25,52599.95,52565.65,30,52600,30,0,2520
BANKNIFTY-III.NFO,26/12/2024,10:03:27,52599.95,52564.05,30,52600,30,0,2520
BANKNIFTY-III.NFO,26/12/2024,10:03:29,52599.95,52563.7,30,52600,30,0,2520
BANKNIFTY-III.NFO,26/12/2024,10:03:30,52599.95,52571.7,30,52600,30,0,2520
BANKNIFTY-III.NFO,26/12/2024,10:03:32,52599.95,52579.1,30,52600,30,0,2520
BANKNIFTY-III.NFO,26/12/2024,10:03:33,52599.95,52583.75,30,52600,30,0,2520
BANKNIFTY-III.NFO,26/12/2024,10:03:37,52599.95,52586.15,30,52600,30,0,2520
BANKNIFTY-III.NFO,26/12/2024,10:03:38,52599.95,52582.2,30,52600,30,0,2520
BANKNIFTY-III.NFO,26/12/2024,10:03:40,52599.95,52583.45,60,52600,30,0,2520
BANKNIFTY-III.NFO,26/12/2024,10:03:42,52599.95,52585,60,52600,30,0,2520
BANKNIFTY-III.NFO,26/12/2024,10:03:43,52599.95,52585,30,52600,30,0,2520
BANKNIFTY-III.NFO,26/12/2024,10:03:50,52599.95,52581.05,30,52600,30,0,2520
BANKNIFTY-III.NFO,26/12/2024,10:03:52,52599.95,52582.2,30,52600,30,0,2520
BANKNIFTY-III.NFO,26/12/2024,10:03:53,52599.95,52583,30,52600,30,0,2520
BANKNIFTY-III.NFO,26/12/2024,10:03:58,52599.95,52584.35,30,52600,30,0,2520
BANKNIFTY-III.NFO,26/12/2024,10:04:00,52599.95,52584.65,30,52600,30,0,2520
BANKNIFTY-III.NFO,26/12/2024,10:04:02,52599.95,52587.65,90,52600,30,0,2520
BANKNIFTY-III.NFO,26/12/2024,10:04:03,52599.95,52588.75,30,52600,30,0,2520
BANKNIFTY-III.NFO,26/12/2024,10:04:05,52599.95,52588.95,30,52600,30,0,2520
BANKNIFTY-III.NFO,26/12/2024,10:04:07,52599.95,52589.3,30,52600,30,0,2520
BANKNIFTY-III.NFO,26/12/2024,10:04:08,52599.95,52589.35,30,52600,30,0,2520
BANKNIFTY-III.NFO,26/12/2024,10:04:10,52599.95,52590.4,90,52600,30,0,2520
BANKNIFTY-III.NFO,26/12/2024,10:04:13,52599.95,52589.05,30,52600,30,0,2520
BANKNIFTY-III.NFO,26/12/2024,10:04:15,52599.95,52586,30,52600,30,0,2520
BANKNIFTY-III.NFO,26/12/2024,10:04:16,52599.95,52586.2,90,52600,30,0,2520
BANKNIFTY-III.NFO,26/12/2024,10:04:18,52599.95,52585.8,30,52600,30,0,2520
BANKNIFTY-III.NFO,26/12/2024,10:04:20,52599.95,52585.9,30,52600,30,0,2520
BANKNIFTY-III.NFO,26/12/2024,10:04:21,52599.95,52586.15,90,52600,30,0,2520
BANKNIFTY-III.NFO,26/12/2024,10:04:23,52599.95,52586.4,30,52600,30,0,2520
BANKNIFTY-III.NFO,26/12/2024,10:04:25,52599.95,52586.45,30,52600,30,0,2520
BANKNIFTY-III.NFO,26/12/2024,10:04:26,52599.95,52583.95,30,52600,30,30,2760
BANKNIFTY-III.NFO,26/12/2024,10:04:28,52599.95,52586.45,30,52600,30,0,2760
BANKNIFTY-III.NFO,26/12/2024,10:04:30,52599.95,52586.5,30,52600,30,0,2760
BANKNIFTY-III.NFO,26/12/2024,10:04:33,52599.95,52586.8,30,52600,30,0,2760
BANKNIFTY-III.NFO,26/12/2024,10:04:38,52599.95,52587.1,30,52590,30,0,2760
BANKNIFTY-III.NFO,26/12/2024,10:04:40,52599.95,52587.4,30,52590,30,0,2760
BANKNIFTY-III.NFO,26/12/2024,10:04:42,52590,52586.05,30,52600,30,30,2760
BANKNIFTY-III.NFO,26/12/2024,10:04:43,52590,52582.25,60,52600,30,0,2760
BANKNIFTY-III.NFO,26/12/2024,10:04:45,52590,52583.95,60,52600,30,0,2760
BANKNIFTY-III.NFO,26/12/2024,10:04:47,52590,52573.65,30,52600,30,0,2760
BANKNIFTY-III.NFO,26/12/2024,10:04:48,52590,52578.3,60,52600,30,0,2760
BANKNIFTY-III.NFO,26/12/2024,10:04:50,52590,52581.65,30,52600,30,0,2760
BANKNIFTY-III.NFO,26/12/2024,10:04:51,52590,52584.4,30,52600,30,0,2760
BANKNIFTY-III.NFO,26/12/2024,10:04:53,52590,52579.65,30,52600,30,0,2760
BANKNIFTY-III.NFO,26/12/2024,10:04:55,52590,52576.15,60,52600,30,0,2760
BANKNIFTY-III.NFO,26/12/2024,10:04:56,52590,52577.15,60,52600,30,0,2760
BANKNIFTY-III.NFO,26/12/2024,10:05:01,52590,52574.05,30,52600,30,0,2760
BANKNIFTY-III.NFO,26/12/2024,10:05:03,52590,52571.9,30,52600,30,0,2760
BANKNIFTY-III.NFO,26/12/2024,10:05:05,52590,52572.8,30,52600,30,0,2760
BANKNIFTY-III.NFO,26/12/2024,10:05:06,52590,52573.4,30,52600,30,0,2760
BANKNIFTY-III.NFO,26/12/2024,10:05:08,52590,52574.05,30,52600,30,0,2760
BANKNIFTY-III.NFO,26/12/2024,10:05:10,52590,52574.15,90,52600,30,0,2760
BANKNIFTY-III.NFO,26/12/2024,10:05:11,52590,52570.55,90,52600,90,0,2760
BANKNIFTY-III.NFO,26/12/2024,10:05:13,52590,52568.45,30,52600,90,0,2760
BANKNIFTY-III.NFO,26/12/2024,10:05:15,52590,52571.1,30,52590,30,0,2760
BANKNIFTY-III.NFO,26/12/2024,10:05:18,52590,52569.15,30,52590,30,0,2760
BANKNIFTY-III.NFO,26/12/2024,10:05:19,52590,52566.3,30,52590,30,0,2760
BANKNIFTY-III.NFO,26/12/2024,10:05:21,52590,52571.05,30,52590,30,0,2760
BANKNIFTY-III.NFO,26/12/2024,10:05:28,52590,52571,270,52590,30,0,2760
BANKNIFTY-III.NFO,26/12/2024,10:05:38,52590,52571.05,30,52590,30,0,2760
BANKNIFTY-III.NFO,26/12/2024,10:05:43,52590,52570.4,30,52590,30,0,2760
BANKNIFTY-III.NFO,26/12/2024,10:05:44,52590,52571.5,30,52590,30,0,2760
BANKNIFTY-III.NFO,26/12/2024,10:05:51,52590,52575.2,30,52590,30,0,2760
BANKNIFTY-III.NFO,26/12/2024,10:05:54,52590,52580.35,30,52590,30,0,2760
BANKNIFTY-III.NFO,26/12/2024,10:05:56,52590,52578,30,52590,30,0,2760
BANKNIFTY-III.NFO,26/12/2024,10:05:57,52590,52579.05,90,52590,30,0,2760
BANKNIFTY-III.NFO,26/12/2024,10:05:59,52590,52581.05,30,52590,30,0,2760
BANKNIFTY-III.NFO,26/12/2024,10:06:01,52590,52573.65,30,52590,30,0,2760
BANKNIFTY-III.NFO,26/12/2024,10:06:02,52590,52570.45,30,52590,30,0,2760
BANKNIFTY-III.NFO,26/12/2024,10:06:04,52590,52570.4,90,52590,30,0,2760
BANKNIFTY-III.NFO,26/12/2024,10:06:06,52590,52571.55,30,52590,30,0,2760
BANKNIFTY-III.NFO,26/12/2024,10:06:07,52590,52574.85,30,52590,30,0,2760
BANKNIFTY-III.NFO,26/12/2024,10:06:09,52590,52581.05,30,52600,60,30,2760
BANKNIFTY-III.NFO,26/12/2024,10:06:11,52590,52574.7,30,52600,60,0,2760
BANKNIFTY-III.NFO,26/12/2024,10:06:12,52590,52571.75,30,52600,120,0,2760
BANKNIFTY-III.NFO,26/12/2024,10:06:16,52590,52571.85,30,52600,120,0,2760
BANKNIFTY-III.NFO,26/12/2024,10:06:17,52590,52571.8,60,52600,90,0,2760
BANKNIFTY-III.NFO,26/12/2024,10:06:19,52590,52570.1,60,52600,90,0,2760
BANKNIFTY-III.NFO,26/12/2024,10:06:21,52590,52571.45,30,52600,90,0,2760
BANKNIFTY-III.NFO,26/12/2024,10:06:22,52590,52570,30,52600,90,0,2760
BANKNIFTY-III.NFO,26/12/2024,10:06:24,52590,52570,30,52599.85,180,0,2760
BANKNIFTY-III.NFO,26/12/2024,10:06:32,52590,52570,30,52599.8,120,0,2760
BANKNIFTY-III.NFO,26/12/2024,10:06:34,52590,52570,30,52598.75,120,0,2760
BANKNIFTY-III.NFO,26/12/2024,10:06:36,52590,52570,30,52599.85,180,0,2760
BANKNIFTY-III.NFO,26/12/2024,10:06:37,52590,52570,30,52598.65,120,0,2760
BANKNIFTY-III.NFO,26/12/2024,10:06:39,52590,52570,30,52595.35,120,0,2760
BANKNIFTY-III.NFO,26/12/2024,10:06:41,52590,52570,30,52595.5,120,0,2760
BANKNIFTY-III.NFO,26/12/2024,10:06:42,52570,52560.15,30,52591.6,120,30,2760
BANKNIFTY-III.NFO,26/12/2024,10:06:42,52570,52560.15,30,52591.6,120,0,2760
BANKNIFTY-III.NFO,26/12/2024,10:06:44,52570,52560.05,30,52591.1,120,0,2760
BANKNIFTY-III.NFO,26/12/2024,10:06:46,52570,52550,30,52580.8,180,0,2760
BANKNIFTY-III.NFO,26/12/2024,10:06:47,52570,52550,30,52575.85,120,0,2760
BANKNIFTY-III.NFO,26/12/2024,10:06:49,52570,52550,30,52576.25,120,0,2760
BANKNIFTY-III.NFO,26/12/2024,10:06:51,52570,52550,30,52572.55,150,0,2760
BANKNIFTY-III.NFO,26/12/2024,10:06:52,52570,52550,30,52571.85,30,0,2760
BANKNIFTY-III.NFO,26/12/2024,10:06:54,52570,52550,30,52570.4,30,0,2760
BANKNIFTY-III.NFO,26/12/2024,10:06:59,52570,52550,30,52564.8,60,0,2760
BANKNIFTY-III.NFO,26/12/2024,10:07:01,52570,52550,30,52558.35,60,0,2760
BANKNIFTY-III.NFO,26/12/2024,10:07:02,52550,52521.05,30,52552.95,120,30,2880
BANKNIFTY-III.NFO,26/12/2024,10:07:02,52550,52521.05,30,52552.95,120,0,2880
BANKNIFTY-III.NFO,26/12/2024,10:07:04,52550,52504.7,30,52547.85,120,0,2880
BANKNIFTY-III.NFO,26/12/2024,10:07:06,52550,52503.4,90,52543.85,180,0,2880
BANKNIFTY-III.NFO,26/12/2024,10:07:07,52550,52506.1,30,52543.85,180,0,2880
BANKNIFTY-III.NFO,26/12/2024,10:07:09,52550,52503.05,30,52531.7,120,0,2880
BANKNIFTY-III.NFO,26/12/2024,10:07:11,52550,52503.35,30,52543.85,180,0,2880
BANKNIFTY-III.NFO,26/12/2024,10:07:12,52550,52503.05,30,52540.65,120,0,2880
BANKNIFTY-III.NFO,26/12/2024,10:07:14,52550,52503.05,30,52532.95,120,0,2880
BANKNIFTY-III.NFO,26/12/2024,10:07:16,52550,52503.05,30,52531.35,120,0,2880
BANKNIFTY-III.NFO,26/12/2024,10:07:17,52550,52503.05,30,52531.45,120,0,2880
BANKNIFTY-III.NFO,26/12/2024,10:07:19,52550,52503,30,52530.3,120,0,2880
BANKNIFTY-III.NFO,26/12/2024,10:07:21,52550,52503,30,52525.05,120,0,2880
BANKNIFTY-III.NFO,26/12/2024,10:07:22,52550,52493.45,30,52525.05,120,0,2880
BANKNIFTY-III.NFO,26/12/2024,10:07:24,52550,52493.85,30,52525.05,120,0,2880
BANKNIFTY-III.NFO,26/12/2024,10:07:26,52525,52499.3,30,52525.05,120,300,2880
BANKNIFTY-III.NFO,26/12/2024,10:07:26,52525,52499.3,30,52525.05,120,0,2880
BANKNIFTY-III.NFO,26/12/2024,10:07:27,52525,52504.1,30,52537.35,60,0,2880
BANKNIFTY-III.NFO,26/12/2024,10:07:29,52525,52502.55,90,52533.75,60,0,2880
BANKNIFTY-III.NFO,26/12/2024,10:07:31,52525,52496.2,30,52529.05,60,0,2880
BANKNIFTY-III.NFO,26/12/2024,10:07:33,52525,52493.95,30,52527.95,60,0,2880
BANKNIFTY-III.NFO,26/12/2024,10:07:34,52525,52501.85,30,52533.5,180,0,2880
BANKNIFTY-III.NFO,26/12/2024,10:07:36,52505,52501.55,30,52537.1,120,30,2880
BANKNIFTY-III.NFO,26/12/2024,10:07:36,52505,52501.55,30,52537.1,120,0,2880
BANKNIFTY-III.NFO,26/12/2024,10:07:38,52505,52497.35,30,52537.1,120,0,2880
BANKNIFTY-III.NFO,26/12/2024,10:07:39,52505,52501.45,30,52537.1,120,0,2880
BANKNIFTY-III.NFO,26/12/2024,10:07:41,52505,52504.95,30,52537.1,120,0,2880
BANKNIFTY-III.NFO,26/12/2024,10:07:43,52505,52500.45,30,52536.3,60,0,2880
BANKNIFTY-III.NFO,26/12/2024,10:07:44,52505,52499.55,30,52533.35,60,0,2880
BANKNIFTY-III.NFO,26/12/2024,10:07:46,52505,52495.65,30,52537.1,120,30,2880
BANKNIFTY-III.NFO,26/12/2024,10:07:48,52505,52495.45,30,52537.1,120,0,2880
BANKNIFTY-III.NFO,26/12/2024,10:07:49,52505,52500.45,30,52537.1,120,0,2880
BANKNIFTY-III.NFO,26/12/2024,10:07:51,52505,52497.45,30,52537.1,120,0,2880
BANKNIFTY-III.NFO,26/12/2024,10:07:53,52505,52495.35,30,52537.1,120,0,2880
BANKNIFTY-III.NFO,26/12/2024,10:07:58,52505,52500.15,90,52537.1,120,0,2880
BANKNIFTY-III.NFO,26/12/2024,10:07:59,52505,52496.25,30,52537.1,120,0,2880
BANKNIFTY-III.NFO,26/12/2024,10:08:01,52505,52500.45,30,52537.1,120,0,2880
BANKNIFTY-III.NFO,26/12/2024,10:08:03,52505,52495.45,30,52537.1,120,0,2880
BANKNIFTY-III.NFO,26/12/2024,10:08:04,52505,52500.6,30,52537.1,120,0,2880
BANKNIFTY-III.NFO,26/12/2024,10:08:06,52505,52509.4,30,52559,60,0,2880
BANKNIFTY-III.NFO,26/12/2024,10:08:08,52505,52512.95,30,52559.5,30,0,2880
BANKNIFTY-III.NFO,26/12/2024,10:08:09,52559.9,52515.3,30,52567.4,30,90,2880
BANKNIFTY-III.NFO,26/12/2024,10:08:11,52559.9,52515.2,30,52567.4,90,0,2880
BANKNIFTY-III.NFO,26/12/2024,10:08:13,52559.9,52515.2,30,52563.1,120,0,2880
BANKNIFTY-III.NFO,26/12/2024,10:08:14,52559.9,52508.8,30,52553.7,120,0,2880
BANKNIFTY-III.NFO,26/12/2024,10:08:16,52559.9,52508.9,30,52553.7,120,0,2880
BANKNIFTY-III.NFO,26/12/2024,10:08:18,52559.9,52508.9,30,52552.7,60,0,2880
BANKNIFTY-III.NFO,26/12/2024,10:08:19,52559.9,52504.9,30,52550,180,0,2880
BANKNIFTY-III.NFO,26/12/2024,10:08:21,52559.9,52499.65,90,52548.05,120,0,2880
BANKNIFTY-III.NFO,26/12/2024,10:08:22,52559.9,52499.75,30,52537.6,120,0,2880
BANKNIFTY-III.NFO,26/12/2024,10:08:26,52559.9,52498.95,30,52537.6,120,0,2880
BANKNIFTY-III.NFO,26/12/2024,10:08:27,52559.9,52495.85,30,52537.6,120,0,2880
BANKNIFTY-III.NFO,26/12/2024,10:08:30,52559.9,52491.75,30,52537.6,120,0,2880
BANKNIFTY-III.NFO,26/12/2024,10:08:32,52559.9,52495.7,30,52537.6,120,0,2880
BANKNIFTY-III.NFO,26/12/2024,10:08:39,52559.9,52496.7,90,52537.6,120,0,2880
BANKNIFTY-III.NFO,26/12/2024,10:08:42,52559.9,52498.05,30,52537.6,120,0,2880
BANKNIFTY-III.NFO,26/12/2024,10:08:43,52559.9,52495.35,30,52537.6,120,0,2880
BANKNIFTY-III.NFO,26/12/2024,10:08:48,52559.9,52495.45,30,52537.6,120,0,2880
BANKNIFTY-III.NFO,26/12/2024,10:08:50,52559.9,52495.65,30,52538.95,180,0,2880
BANKNIFTY-III.NFO,26/12/2024,10:08:52,52559.9,52497,30,52538.95,180,0,2880
BANKNIFTY-III.NFO,26/12/2024,10:08:53,52559.9,52499.6,30,52538.95,180,0,2880
BANKNIFTY-III.NFO,26/12/2024,10:08:55,52559.9,52495.35,30,52537.7,60,0,2880
BANKNIFTY-III.NFO,26/12/2024,10:08:57,52559.9,52495.45,30,52538.95,180,0,2880
BANKNIFTY-III.NFO,26/12/2024,10:08:58,52559.9,52495.55,30,52530.3,60,0,2880
BANKNIFTY-III.NFO,26/12/2024,10:09:00,52559.9,52490.75,30,52530.3,60,0,2880
BANKNIFTY-III.NFO,26/12/2024,10:09:03,52559.9,52486,30,52529.15,60,0,2880
BANKNIFTY-III.NFO,26/12/2024,10:09:05,52486.2,52486.2,60,52528.15,60,30,2880
BANKNIFTY-III.NFO,26/12/2024,10:09:05,52486.2,52486.2,60,52528.15,60,0,2880
BANKNIFTY-III.NFO,26/12/2024,10:09:07,52486.2,52477.15,60,52527.5,120,0,2880
BANKNIFTY-III.NFO,26/12/2024,10:09:08,52486.2,52481.05,120,52527.5,120,0,2880
BANKNIFTY-III.NFO,26/12/2024,10:09:10,52486.2,52481.35,60,52527.9,60,0,2880
BANKNIFTY-III.NFO,26/12/2024,10:09:12,52486.2,52481.45,60,52527.9,60,0,2880
BANKNIFTY-III.NFO,26/12/2024,10:09:13,52486.2,52481.6,60,52527.9,60,0,2880
BANKNIFTY-III.NFO,26/12/2024,10:09:15,52486.2,52477.05,120,52527.9,60,0,2880
BANKNIFTY-III.NFO,26/12/2024,10:09:16,52486.2,52477.8,60,52529.75,60,0,2880
BANKNIFTY-III.NFO,26/12/2024,10:09:18,52486.2,52480.65,60,52524.8,60,0,2880
BANKNIFTY-III.NFO,26/12/2024,10:09:20,52486.2,52482.65,60,52524.8,60,0,2880
BANKNIFTY-III.NFO,26/12/2024,10:09:23,52486.2,52490.2,60,52544.9,60,0,2880
BANKNIFTY-III.NFO,26/12/2024,10:09:25,52486.2,52490.7,60,52544.15,60,0,2880
BANKNIFTY-III.NFO,26/12/2024,10:09:26,52486.2,52492,60,52545.55,60,0,2880
BANKNIFTY-III.NFO,26/12/2024,10:09:28,52486.2,52487.15,60,52543.45,120,0,2880
BANKNIFTY-III.NFO,26/12/2024,10:09:30,52486.2,52492.3,60,52543.4,60,0,2880
BANKNIFTY-III.NFO,26/12/2024,10:09:32,52486.2,52500.05,60,52550.35,60,0,2880
BANKNIFTY-III.NFO,26/12/2024,10:09:33,52486.2,52500.05,60,52551.1,60,0,2880
BANKNIFTY-III.NFO,26/12/2024,10:09:35,52486.2,52500.05,60,52549.1,60,0,2880
BANKNIFTY-III.NFO,26/12/2024,10:09:37,52486.2,52500.05,60,52549.6,60,0,2880
BANKNIFTY-III.NFO,26/12/2024,10:09:38,52486.2,52501.75,60,52552.45,60,0,2880
BANKNIFTY-III.NFO,26/12/2024,10:09:40,52486.2,52500.05,60,52548,60,0,2880
BANKNIFTY-III.NFO,26/12/2024,10:09:42,52486.2,52500.05,60,52548.45,60,0,2880
BANKNIFTY-III.NFO,26/12/2024,10:09:43,52486.2,52500.05,60,52550.75,60,0,2880
BANKNIFTY-III.NFO,26/12/2024,10:09:45,52486.2,52500.05,60,52547.85,60,0,2880
BANKNIFTY-III.NFO,26/12/2024,10:09:47,52486.2,52500.05,60,52539.5,60,0,2880
BANKNIFTY-III.NFO,26/12/2024,10:09:48,52486.2,52500.05,60,52538.8,60,0,2880
BANKNIFTY-III.NFO,26/12/2024,10:09:50,52486.2,52500.05,60,52539.2,60,0,2880
BANKNIFTY-III.NFO,26/12/2024,10:09:52,52537.8,52500.05,60,52541,30,90,3300
BANKNIFTY-III.NFO,26/12/2024,10:09:53,52537.8,52500.05,60,52539.6,30,0,3300
BANKNIFTY-III.NFO,26/12/2024,10:09:55,52537.8,52500.05,60,52536.65,30,0,3300
BANKNIFTY-III.NFO,26/12/2024,10:09:57,52537.8,52500.05,60,52540.95,30,0,3300
BANKNIFTY-III.NFO,26/12/2024,10:09:58,52537.8,52500.05,60,52537.85,30,0,3300
BANKNIFTY-III.NFO,26/12/2024,10:10:01,52537.8,52500,30,52529.7,30,0,3300
BANKNIFTY-III.NFO,26/12/2024,10:10:03,52537.8,52500,30,52529.5,30,0,3300
BANKNIFTY-III.NFO,26/12/2024,10:10:05,52537.8,52500,30,52533,30,0,3300
BANKNIFTY-III.NFO,26/12/2024,10:10:06,52537.8,52500.05,60,52537.8,30,0,3300
BANKNIFTY-III.NFO,26/12/2024,10:10:08,52500.05,52500.05,60,52536.1,30,30,3300
BANKNIFTY-III.NFO,26/12/2024,10:10:10,52500.05,52500,30,52529.8,30,0,3300
BANKNIFTY-III.NFO,26/12/2024,10:10:11,52486.8,52486.85,60,52519.8,30,60,3300
BANKNIFTY-III.NFO,26/12/2024,10:10:13,52486.8,52486.85,60,52519.65,30,0,3300
BANKNIFTY-III.NFO,26/12/2024,10:10:15,52486.85,52486.85,60,52517.35,60,30,3300
BANKNIFTY-III.NFO,26/12/2024,10:10:16,52486.85,52486.8,90,52513.1,60,0,3300
BANKNIFTY-III.NFO,26/12/2024,10:10:18,52486.85,52486.85,60,52513.1,60,0,3300
BANKNIFTY-III.NFO,26/12/2024,10:10:21,52486.85,52486.85,60,52521.3,60,0,3300
BANKNIFTY-III.NFO,26/12/2024,10:10:23,52486.85,52487.95,60,52529.35,60,0,3300
BANKNIFTY-III.NFO,26/12/2024,10:10:25,52486.85,52486.85,60,52524.1,60,0,3300
BANKNIFTY-III.NFO,26/12/2024,10:10:26,52486.85,52486.85,60,52515.7,60,0,3300
BANKNIFTY-III.NFO,26/12/2024,10:10:28,52486.85,52486.85,60,52519.8,60,0,3300
BANKNIFTY-III.NFO,26/12/2024,10:10:30,52486.85,52486.85,60,52523.35,60,0,3300
BANKNIFTY-III.NFO,26/12/2024,10:10:31,52486.85,52486.85,90,52513.7,60,0,3300
BANKNIFTY-III.NFO,26/12/2024,10:10:33,52486.85,52486.9,60,52517.2,60,0,3300
BANKNIFTY-III.NFO,26/12/2024,10:10:35,52486.9,52486.9,30,52518.3,60,30,3300
BANKNIFTY-III.NFO,26/12/2024,10:10:36,52486.9,52486.9,30,52520.4,60,0,3300
BANKNIFTY-III.NFO,26/12/2024,10:10:38,52486.9,52486.9,30,52517.25,60,0,3300
BANKNIFTY-III.NFO,26/12/2024,10:10:40,52486.9,52486.9,30,52516.7,60,0,3300
BANKNIFTY-III.NFO,26/12/2024,10:10:41,52486.9,52486.9,30,52512.9,60,0,3300
BANKNIFTY-III.NFO,26/12/2024,10:10:43,52486.9,52486.9,30,52513.4,60,0,3300
BANKNIFTY-III.NFO,26/12/2024,10:10:45,52486.9,52486.9,30,52517.55,60,0,3300
BANKNIFTY-III.NFO,26/12/2024,10:10:46,52486.9,52486.9,30,52509.75,60,0,3300
BANKNIFTY-III.NFO,26/12/2024,10:10:48,52486.9,52486.85,60,52505.25,60,0,3300
BANKNIFTY-III.NFO,26/12/2024,10:10:50,52486.9,52486.85,30,52503.1,60,0,3300
BANKNIFTY-III.NFO,26/12/2024,10:10:51,52486.9,52486.85,30,52501.85,60,0,3300
BANKNIFTY-III.NFO,26/12/2024,10:10:53,52482.1,52475.1,30,52487.85,60,150,3300
BANKNIFTY-III.NFO,26/12/2024,10:10:53,52482.1,52475.1,30,52487.85,60,0,3300
BANKNIFTY-III.NFO,26/12/2024,10:10:55,52482.1,52475.15,30,52500.45,60,0,3300
BANKNIFTY-III.NFO,26/12/2024,10:10:56,52475.15,52475.1,30,52500.8,60,30,3300
BANKNIFTY-III.NFO,26/12/2024,10:10:56,52475.15,52475.1,30,52500.8,60,0,3300
BANKNIFTY-III.NFO,26/12/2024,10:10:58,52475.15,52475.1,30,52500.8,60,0,3300
BANKNIFTY-III.NFO,26/12/2024,10:11:00,52475.15,52475.7,30,52512.7,60,0,3300
BANKNIFTY-III.NFO,26/12/2024,10:11:01,52475.15,52475.2,60,52512.3,60,0,3300
BANKNIFTY-III.NFO,26/12/2024,10:11:03,52475.15,52475.2,60,52518.4,60,0,3300
BANKNIFTY-III.NFO,26/12/2024,10:11:06,52475.15,52475.2,60,52513.65,60,0,3300
BANKNIFTY-III.NFO,26/12/2024,10:11:08,52475.15,52467.35,60,52517.65,60,0,3300
BANKNIFTY-III.NFO,26/12/2024,10:11:10,52475.15,52475.45,60,52519.3,60,0,3300
BANKNIFTY-III.NFO,26/12/2024,10:11:11,52475.15,52475.45,60,52511.1,60,0,3300
BANKNIFTY-III.NFO,26/12/2024,10:11:13,52475.45,52467.35,60,52510.55,60,30,3300
BANKNIFTY-III.NFO,26/12/2024,10:11:15,52475.45,52475.15,30,52507.6,60,0,3300
BANKNIFTY-III.NFO,26/12/2024,10:11:16,52475.45,52475.15,30,52512.5,60,0,3300
BANKNIFTY-III.NFO,26/12/2024,10:11:18,52475.45,52475.15,30,52507.65,60,0,3300
BANKNIFTY-III.NFO,26/12/2024,10:11:20,52475.45,52475.1,30,52510.15,60,0,3300
BANKNIFTY-III.NFO,26/12/2024,10:11:21,52475.45,52475.1,30,52507.4,60,0,3300
BANKNIFTY-III.NFO,26/12/2024,10:11:23,52475.45,52475.15,30,52506.3,60,0,3300
BANKNIFTY-III.NFO,26/12/2024,10:11:25,52475.45,52475.15,30,52505.95,60,0,3300
BANKNIFTY-III.NFO,26/12/2024,10:11:26,52475.45,52467.35,60,52507.05,60,0,3300
BANKNIFTY-III.NFO,26/12/2024,10:11:28,52475.45,52475.45,30,52510.55,60,0,3300
BANKNIFTY-III.NFO,26/12/2024,10:11:30,52475.45,52475.4,30,52509,60,0,3300
BANKNIFTY-III.NFO,26/12/2024,10:11:31,52475.45,52475.3,60,52513.85,60,0,3300
BANKNIFTY-III.NFO,26/12/2024,10:11:33,52475.45,52475.2,60,52518.8,60,0,3300
BANKNIFTY-III.NFO,26/12/2024,10:11:36,52475.45,52475.8,60,52513.75,60,0,3300
BANKNIFTY-III.NFO,26/12/2024,10:11:38,52475.45,52475.25,30,52513.75,60,0,3300
BANKNIFTY-III.NFO,26/12/2024,10:11:39,52475.45,52475.15,60,52513.1,60,60,3300
BANKNIFTY-III.NFO,26/12/2024,10:11:41,52475.45,52475.1,30,52507.05,60,0,3300
BANKNIFTY-III.NFO,26/12/2024,10:11:43,52475.45,52475.1,30,52509.8,60,0,3300
BANKNIFTY-III.NFO,26/12/2024,10:11:44,52475.45,52475.1,30,52507.95,60,0,3300
BANKNIFTY-III.NFO,26/12/2024,10:11:46,52475.45,52475.1,30,52502.45,60,0,3300
BANKNIFTY-III.NFO,26/12/2024,10:11:48,52475.45,52475.75,60,52513.7,60,0,3300
BANKNIFTY-III.NFO,26/12/2024,10:11:49,52475.45,52475.65,60,52512.65,60,0,3300
BANKNIFTY-III.NFO,26/12/2024,10:11:51,52475.45,52475.95,60,52514.8,60,0,3300
BANKNIFTY-III.NFO,26/12/2024,10:11:53,52475.45,52475.65,60,52516.2,60,0,3300
BANKNIFTY-III.NFO,26/12/2024,10:11:54,52475.45,52475.65,60,52510.9,60,0,3300
BANKNIFTY-III.NFO,26/12/2024,10:11:56,52475.45,52475.65,60,52515.8,60,0,3300
BANKNIFTY-III.NFO,26/12/2024,10:12:01,52475.45,52476.05,60,52524.85,60,0,3300
BANKNIFTY-III.NFO,26/12/2024,10:12:02,52475.45,52476.35,60,52516.35,60,0,3300
BANKNIFTY-III.NFO,26/12/2024,10:12:04,52475.45,52476.35,60,52516,60,0,3300
BANKNIFTY-III.NFO,26/12/2024,10:12:06,52475.45,52476.35,60,52517.55,60,0,3300
BANKNIFTY-III.NFO,26/12/2024,10:12:07,52475.45,52476.35,60,52515.1,60,0,3300
BANKNIFTY-III.NFO,26/12/2024,10:12:09,52475.45,52475.45,180,52509.3,60,0,3300
BANKNIFTY-III.NFO,26/12/2024,10:12:11,52475.45,52475.45,180,52511.35,60,0,3300
BANKNIFTY-III.NFO,26/12/2024,10:12:12,52475.45,52475.45,180,52509.3,60,0,3300
BANKNIFTY-III.NFO,26/12/2024,10:12:14,52475.45,52475.45,210,52509.15,60,0,3300
BANKNIFTY-III.NFO,26/12/2024,10:12:16,52475.45,52475.45,210,52510.75,60,0,3300
BANKNIFTY-III.NFO,26/12/2024,10:12:17,52475.45,52475.45,180,52508.15,60,0,3300
BANKNIFTY-III.NFO,26/12/2024,10:12:19,52475.45,52475.45,180,52505.55,60,0,3300
BANKNIFTY-III.NFO,26/12/2024,10:12:21,52475.45,52475.45,180,52505,60,0,3300
BANKNIFTY-III.NFO,26/12/2024,10:12:22,52475.45,52475.45,180,52506.3,60,0,3300
BANKNIFTY-III.NFO,26/12/2024,10:12:24,52475.45,52475.45,60,52492.4,60,120,3300
BANKNIFTY-III.NFO,26/12/2024,10:12:25,52475.45,52475.45,60,52492.8,60,0,3300
BANKNIFTY-III.NFO,26/12/2024,10:12:29,52475.45,52475.45,60,52492.7,60,0,3300
BANKNIFTY-III.NFO,26/12/2024,10:12:30,52475.45,52475.45,30,52488.45,60,30,3300
BANKNIFTY-III.NFO,26/12/2024,10:12:32,52475.15,52448.65,60,52485.3,60,90,3300
BANKNIFTY-III.NFO,26/12/2024,10:12:34,52475.15,52448.65,60,52487.5,60,0,3300
BANKNIFTY-III.NFO,26/12/2024,10:12:35,52475.15,52442.75,60,52481.85,60,0,3300
BANKNIFTY-III.NFO,26/12/2024,10:12:37,52475.15,52442.7,120,52478.05,60,0,3300
BANKNIFTY-III.NFO,26/12/2024,10:12:39,52475.15,52442.7,120,52475.3,120,0,3300
BANKNIFTY-III.NFO,26/12/2024,10:12:40,52475.15,52442.7,120,52469.95,60,0,3300
BANKNIFTY-III.NFO,26/12/2024,10:12:45,52475.15,52442.7,120,52470,30,0,3300
BANKNIFTY-III.NFO,26/12/2024,10:12:47,52475.15,52442.75,60,52470,30,0,3300
BANKNIFTY-III.NFO,26/12/2024,10:12:54,52442.7,52442.8,120,52488.1,120,30,3510
BANKNIFTY-III.NFO,26/12/2024,10:12:54,52442.7,52442.8,120,52488.1,120,0,3510
BANKNIFTY-III.NFO,26/12/2024,10:12:55,52442.7,52442.8,120,52481.7,120,0,3510
BANKNIFTY-III.NFO,26/12/2024,10:12:57,52442.7,52442.85,60,52488.05,120,0,3510
BANKNIFTY-III.NFO,26/12/2024,10:13:00,52442.7,52442.8,120,52484.95,120,0,3510
BANKNIFTY-III.NFO,26/12/2024,10:13:02,52484.95,52442.85,30,52482.65,120,30,3510
BANKNIFTY-III.NFO,26/12/2024,10:13:04,52484.95,52442.85,30,52488.7,120,0,3510
BANKNIFTY-III.NFO,26/12/2024,10:13:05,52484.95,52443.3,90,52488.7,120,0,3510
BANKNIFTY-III.NFO,26/12/2024,10:13:07,52484.95,52442.85,30,52486.4,120,0,3510
BANKNIFTY-III.NFO,26/12/2024,10:13:09,52484.95,52442.85,30,52484.45,120,0,3510
BANKNIFTY-III.NFO,26/12/2024,10:13:19,52484.95,52442.85,30,52488.7,60,0,3510
BANKNIFTY-III.NFO,26/12/2024,10:13:20,52484.95,52445.15,30,52488.7,60,0,3510
BANKNIFTY-III.NFO,26/12/2024,10:13:24,52484.95,52441.75,30,52491.8,120,0,3510
BANKNIFTY-III.NFO,26/12/2024,10:13:25,52484.95,52439.5,30,52491.2,120,0,3510
BANKNIFTY-III.NFO,26/12/2024,10:13:27,52484.95,52448.9,30,52491,120,0,3510
BANKNIFTY-III.NFO,26/12/2024,10:13:29,52484.95,52448.9,30,52490.65,120,0,3510
BANKNIFTY-III.NFO,26/12/2024,10:13:30,52484.95,52448.9,30,52490.35,120,0,3510
BANKNIFTY-III.NFO,26/12/2024,10:13:32,52484.95,52439.8,30,52490.35,120,0,3510
BANKNIFTY-III.NFO,26/12/2024,10:13:34,52484.95,52441.25,90,52490.35,120,0,3510
BANKNIFTY-III.NFO,26/12/2024,10:13:35,52484.95,52442.5,30,52490.35,120,0,3510
BANKNIFTY-III.NFO,26/12/2024,10:13:37,52484.95,52439.4,30,52487.2,60,0,3510
BANKNIFTY-III.NFO,26/12/2024,10:13:39,52484.95,52439.4,30,52489.2,120,0,3510
BANKNIFTY-III.NFO,26/12/2024,10:13:40,52484.95,52439.5,30,52488.95,120,0,3510
BANKNIFTY-III.NFO,26/12/2024,10:13:42,52484.95,52439.5,30,52488.5,120,0,3510
BANKNIFTY-III.NFO,26/12/2024,10:13:47,52484.95,52438.9,30,52485.9,60,0,3510
BANKNIFTY-III.NFO,26/12/2024,10:13:49,52484.95,52438.9,30,52484.15,60,0,3510
BANKNIFTY-III.NFO,26/12/2024,10:13:50,52484.95,52438.9,30,52477,60,0,3510
BANKNIFTY-III.NFO,26/12/2024,10:13:52,52484.95,52438.65,30,52471.45,60,0,3510
BANKNIFTY-III.NFO,26/12/2024,10:13:54,52484.95,52434.6,30,52470.9,120,0,3510
BANKNIFTY-III.NFO,26/12/2024,10:13:55,52484.95,52411.5,30,52464,120,0,3510
BANKNIFTY-III.NFO,26/12/2024,10:14:02,52484.95,52411.4,30,52463.05,120,0,3510
BANKNIFTY-III.NFO,26/12/2024,10:14:04,52484.95,52411.5,90,52463.05,120,0,3510
BANKNIFTY-III.NFO,26/12/2024,10:14:07,52484.95,52412.1,30,52463.05,120,0,3510
BANKNIFTY-III.NFO,26/12/2024,10:14:10,52484.95,52405.8,30,52460.15,120,0,3510
BANKNIFTY-III.NFO,26/12/2024,10:14:12,52484.95,52395.8,30,52458.65,120,0,3510
BANKNIFTY-III.NFO,26/12/2024,10:14:14,52484.95,52395.55,30,52458.65,120,0,3510
BANKNIFTY-III.NFO,26/12/2024,10:14:15,52484.95,52396.75,30,52458.65,120,0,3510
BANKNIFTY-III.NFO,26/12/2024,10:14:17,52484.95,52396.95,30,52458.65,120,0,3510
BANKNIFTY-III.NFO,26/12/2024,10:14:19,52484.95,52405.85,30,52464,60,0,3510
BANKNIFTY-III.NFO,26/12/2024,10:14:20,52484.95,52409.35,30,52464,60,0,3510
BANKNIFTY-III.NFO,26/12/2024,10:14:22,52484.95,52405.2,30,52462.6,120,0,3510
BANKNIFTY-III.NFO,26/12/2024,10:14:24,52484.95,52406.75,30,52462.6,120,0,3510
BANKNIFTY-III.NFO,26/12/2024,10:14:29,52484.95,52403.95,30,52462.6,120,0,3510
BANKNIFTY-III.NFO,26/12/2024,10:14:30,52484.95,52403.85,30,52462.6,120,0,3510
BANKNIFTY-III.NFO,26/12/2024,10:14:32,52484.95,52405.55,30,52462.6,120,0,3510
BANKNIFTY-III.NFO,26/12/2024,10:14:34,52484.95,52405.8,30,52462.6,120,0,3510
BANKNIFTY-III.NFO,26/12/2024,10:14:35,52484.95,52405.9,30,52462.6,120,0,3510
BANKNIFTY-III.NFO,26/12/2024,10:14:37,52484.95,52402.15,30,52456.5,60,0,3510
BANKNIFTY-III.NFO,26/12/2024,10:14:39,52484.95,52402.15,30,52455.75,60,0,3510
BANKNIFTY-III.NFO,26/12/2024,10:14:40,52484.95,52402.15,30,52456.5,60,0,3510
BANKNIFTY-III.NFO,26/12/2024,10:14:42,52484.95,52404.35,30,52462.75,60,0,3510
BANKNIFTY-III.NFO,26/12/2024,10:14:44,52484.95,52413.25,30,52473.45,60,0,3510
BANKNIFTY-III.NFO,26/12/2024,10:14:45,52484.95,52414.75,90,52473.45,60,0,3510
BANKNIFTY-III.NFO,26/12/2024,10:14:47,52484.95,52414.95,30,52473.45,120,0,3510
BANKNIFTY-III.NFO,26/12/2024,10:14:50,52484.95,52414.95,30,52472.95,120,0,3510
BANKNIFTY-III.NFO,26/12/2024,10:14:52,52484.95,52414.95,30,52472.8,120,0,3510
BANKNIFTY-III.NFO,26/12/2024,10:14:54,52484.95,52416.25,30,52472.6,120,0,3510
BANKNIFTY-III.NFO,26/12/2024,10:14:55,52472.6,52411.65,60,52479.3,30,60,3510
BANKNIFTY-III.NFO,26/12/2024,10:14:57,52472.6,52414.65,60,52475.15,90,0,3510
BANKNIFTY-III.NFO,26/12/2024,10:14:59,52472.6,52414.75,60,52473.95,90,0,3510
BANKNIFTY-III.NFO,26/12/2024,10:15:02,52472.6,52414.75,60,52473.45,90,0,3510
BANKNIFTY-III.NFO,26/12/2024,10:15:04,52472.6,52406.25,60,52459.85,30,0,3510
BANKNIFTY-III.NFO,26/12/2024,10:15:05,52472.6,52406.25,60,52461.3,30,0,3510
BANKNIFTY-III.NFO,26/12/2024,10:15:07,52472.6,52402.35,60,52459.9,30,0,3510
BANKNIFTY-III.NFO,26/12/2024,10:15:09,52472.6,52403.25,60,52461.25,30,0,3510
BANKNIFTY-III.NFO,26/12/2024,10:15:10,52472.6,52405.85,60,52469.45,30,0,3510
BANKNIFTY-III.NFO,26/12/2024,10:15:12,52472.6,52408.95,120,52469.45,90,0,3510
BANKNIFTY-III.NFO,26/12/2024,10:15:13,52472.6,52407.65,120,52469.45,90,0,3510
BANKNIFTY-III.NFO,26/12/2024,10:15:15,52472.6,52415.65,120,52472.55,30,0,3510
BANKNIFTY-III.NFO,26/12/2024,10:15:18,52472.6,52419.75,60,52472.55,30,0,3510
BANKNIFTY-III.NFO,26/12/2024,10:15:20,52472.6,52416.4,60,52472.55,30,0,3510
BANKNIFTY-III.NFO,26/12/2024,10:15:22,52472.6,52430.05,120,52472.55,30,0,3510
BANKNIFTY-III.NFO,26/12/2024,10:15:23,52472.6,52432.4,60,52472.6,60,0,3510
BANKNIFTY-III.NFO,26/12/2024,10:15:25,52472.6,52436.15,60,52472.6,60,0,3510
BANKNIFTY-III.NFO,26/12/2024,10:15:27,52472.6,52436.9,60,52472.6,60,0,3510
BANKNIFTY-III.NFO,26/12/2024,10:15:28,52472.6,52435.2,60,52472.55,30,0,3510
BANKNIFTY-III.NFO,26/12/2024,10:15:30,52472.6,52428.45,60,52472.55,30,0,3510
BANKNIFTY-III.NFO,26/12/2024,10:15:32,52472.6,52433.95,60,52472.55,30,0,3510
BANKNIFTY-III.NFO,26/12/2024,10:15:33,52472.6,52434.9,60,52472.55,30,0,3510
BANKNIFTY-III.NFO,26/12/2024,10:15:35,52472.6,52424.4,60,52472.55,30,0,3510
BANKNIFTY-III.NFO,26/12/2024,10:15:36,52472.6,52420.55,60,52440,60,0,3510
BANKNIFTY-III.NFO,26/12/2024,10:15:40,52472.6,52420.95,60,52440,60,0,3510
BANKNIFTY-III.NFO,26/12/2024,10:15:41,52472.6,52422.3,60,52440,60,0,3510
BANKNIFTY-III.NFO,26/12/2024,10:15:43,52472.6,52420.55,60,52440,60,0,3510
BANKNIFTY-III.NFO,26/12/2024,10:15:45,52472.6,52421.1,60,52440,60,0,3510
BANKNIFTY-III.NFO,26/12/2024,10:15:46,52472.6,52429.65,60,52440,60,0,3510
BANKNIFTY-III.NFO,26/12/2024,10:15:48,52472.6,52425.25,60,52440,60,0,3510
BANKNIFTY-III.NFO,26/12/2024,10:15:50,52472.6,52424.35,60,52440,60,0,3510
BANKNIFTY-III.NFO,26/12/2024,10:15:51,52472.6,52424.3,60,52440,60,0,3510
BANKNIFTY-III.NFO,26/12/2024,10:15:53,52472.6,52433.95,60,52440,60,0,3510
BANKNIFTY-III.NFO,26/12/2024,10:15:54,52472.6,52430.85,60,52440,60,0,3510
BANKNIFTY-III.NFO,26/12/2024,10:15:56,52472.6,52431.85,60,52440,60,0,3510
BANKNIFTY-III.NFO,26/12/2024,10:15:58,52440,52449.35,60,52484.9,30,60,3540
BANKNIFTY-III.NFO,26/12/2024,10:15:58,52440,52449.35,60,52484.9,30,0,3540
BANKNIFTY-III.NFO,26/12/2024,10:15:59,52440,52448.3,60,52484.9,30,0,3540
BANKNIFTY-III.NFO,26/12/2024,10:16:01,52440,52451.3,60,52484.9,30,0,3540
BANKNIFTY-III.NFO,26/12/2024,10:16:06,52440,52437.5,60,52484.9,30,0,3540
BANKNIFTY-III.NFO,26/12/2024,10:16:09,52440,52444.35,60,52484.9,30,0,3540
BANKNIFTY-III.NFO,26/12/2024,10:16:11,52440,52451.75,120,52484.9,30,0,3540
