Ticker,Date,Time,LTP,BuyPrice,BuyQty,SellPrice,SellQty,LTQ,OpenInterest
NIFTY-I.NFO,26/12/2024,09:15:00,23806.4,23785.85,75,23795.4,100,1125,5721775
NIFTY-I.NFO,26/12/2024,09:15:00,23806.4,23785.85,75,23795.4,100,0,5721775
NIFTY-I.NFO,26/12/2024,09:15:00,23806.4,23785.85,75,23795.4,100,0,5721775
NIFTY-I.NFO,26/12/2024,09:15:00,23783.4,23785.85,75,23795.4,100,0,5721775
NIFTY-I.NFO,26/12/2024,09:15:01,23789.3,23790.9,100,23799.6,25,850,5721775
NIFTY-I.NFO,26/12/2024,09:15:03,23800,23791.7,100,23800.05,50,1075,5721775
NIFTY-I.NFO,26/12/2024,09:15:04,23798.2,23797,150,23798.2,25,725,5721775
NIFTY-I.NFO,26/12/2024,09:15:06,23805.05,23798.2,25,23804.5,100,500,5721775
NIFTY-I.NFO,26/12/2024,09:15:08,23804,23804.85,50,23810,150,725,5721775
NIFTY-I.NFO,26/12/2024,09:15:08,23807.8,23804.85,50,23810,150,0,5721775
NIFTY-I.NFO,26/12/2024,09:15:09,23810,23806.6,175,23810,50,300,5721775
NIFTY-I.NFO,26/12/2024,09:15:09,23810,23806.6,175,23810,50,0,5721775
NIFTY-I.NFO,26/12/2024,09:15:11,23804.8,23801.4,25,23804.45,475,10800,5721775
NIFTY-I.NFO,26/12/2024,09:15:11,23810.05,23801.4,25,23804.45,475,0,5721775
NIFTY-I.NFO,26/12/2024,09:15:13,23800.5,23800.5,150,23806.6,600,275,5721775
NIFTY-I.NFO,26/12/2024,09:15:14,23800,23799.35,250,23800,2925,12150,5721775
NIFTY-I.NFO,26/12/2024,09:15:16,23798,23798.5,275,23800,25,3400,5721775
NIFTY-I.NFO,26/12/2024,09:15:18,23800,23800,4950,23804.1,125,1525,5721775
NIFTY-I.NFO,26/12/2024,09:15:19,23800,23800,4650,23804.8,25,1225,5721775
NIFTY-I.NFO,26/12/2024,09:15:21,23800.75,23801.35,450,23804.8,25,150,5721775
NIFTY-I.NFO,26/12/2024,09:15:23,23803.15,23803.4,225,23805,75,2675,5721775
NIFTY-I.NFO,26/12/2024,09:15:24,23810,23805.5,250,23810,375,350,5721775
NIFTY-I.NFO,26/12/2024,09:15:26,23814.95,23810.9,125,23815,550,1750,5721775
NIFTY-I.NFO,26/12/2024,09:15:26,23814.95,23810.9,125,23815,550,0,5721775
NIFTY-I.NFO,26/12/2024,09:15:27,23816.1,23812.4,100,23818.7,50,1725,5721775
NIFTY-I.NFO,26/12/2024,09:15:27,23816.1,23812.4,100,23818.7,50,0,5721775
NIFTY-I.NFO,26/12/2024,09:15:29,23810.5,23810,100,23815.9,100,275,5721775
NIFTY-I.NFO,26/12/2024,09:15:29,23818.05,23810,100,23815.9,100,0,5721775
NIFTY-I.NFO,26/12/2024,09:15:31,23810.05,23812,75,23816.1,25,250,5721775
NIFTY-I.NFO,26/12/2024,09:15:32,23812.8,23814,500,23814.95,50,3475,5721775
NIFTY-I.NFO,26/12/2024,09:15:34,23820,23817.25,375,23820,800,425,5714625
NIFTY-I.NFO,26/12/2024,09:15:34,23820,23817.25,375,23820,800,0,5714625
NIFTY-I.NFO,26/12/2024,09:15:36,23818.85,23817.55,100,23820,675,525,5714625
NIFTY-I.NFO,26/12/2024,09:15:37,23820,23815.3,375,23820,625,1850,5714625
NIFTY-I.NFO,26/12/2024,09:15:39,23811.05,23810.55,25,23814,25,275,5714625
NIFTY-I.NFO,26/12/2024,09:15:41,23817.5,23817.15,25,23820,750,600,5714625
NIFTY-I.NFO,26/12/2024,09:15:42,23814.9,23815.15,250,23820,700,975,5714625
NIFTY-I.NFO,26/12/2024,09:15:44,23817.5,23817.5,250,23820,700,175,5714625
NIFTY-I.NFO,26/12/2024,09:15:45,23815,23815,2175,23817.2,25,450,5714625
NIFTY-I.NFO,26/12/2024,09:15:47,23815,23815,2050,23815.15,725,575,5714625
NIFTY-I.NFO,26/12/2024,09:15:49,23810,23810,9500,23810.55,1150,2375,5714625
NIFTY-I.NFO,26/12/2024,09:15:50,23810.55,23810,9500,23810.55,600,550,5714625
NIFTY-I.NFO,26/12/2024,09:15:52,23815.15,23811,1175,23814.75,100,1025,5714625
NIFTY-I.NFO,26/12/2024,09:15:54,23811,23811,1075,23815.15,500,100,5714625
NIFTY-I.NFO,26/12/2024,09:15:55,23812.55,23812.5,250,23815.15,500,1625,5714625
NIFTY-I.NFO,26/12/2024,09:15:57,23813.85,23813.6,25,23815.15,425,2125,5714625
NIFTY-I.NFO,26/12/2024,09:15:58,23812.2,23811.65,125,23814,50,625,5714625
NIFTY-I.NFO,26/12/2024,09:16:00,23815.15,23811,325,23815.15,450,1575,5714625
NIFTY-I.NFO,26/12/2024,09:16:02,23811,23811,100,23812.2,50,475,5714625
NIFTY-I.NFO,26/12/2024,09:16:03,23817.25,23812,175,23817.5,50,1350,5714625
NIFTY-I.NFO,26/12/2024,09:16:05,23810,23811.3,150,23812.2,100,150,5714625
NIFTY-I.NFO,26/12/2024,09:16:07,23813.85,23811.95,250,23814,25,300,5714625
NIFTY-I.NFO,26/12/2024,09:16:08,23811.55,23811.35,375,23814,25,100,5714625
NIFTY-I.NFO,26/12/2024,09:16:10,23812.45,23812.45,350,23814,25,325,5714625
NIFTY-I.NFO,26/12/2024,09:16:12,23812.5,23812.4,25,23814.75,200,425,5714625
NIFTY-I.NFO,26/12/2024,09:16:13,23812.75,23812.75,250,23813.85,25,450,5714625
NIFTY-I.NFO,26/12/2024,09:16:15,23813.35,23813.85,500,23814.75,25,675,5714625
NIFTY-I.NFO,26/12/2024,09:16:16,23813.85,23813.9,550,23819.7,25,1350,5714625
NIFTY-I.NFO,26/12/2024,09:16:18,23814.55,23814.35,50,23815,50,875,5714625
NIFTY-I.NFO,26/12/2024,09:16:20,23819.05,23815,25,23820,1775,400,5714625
NIFTY-I.NFO,26/12/2024,09:16:21,23815.5,23815.5,225,23816.25,25,275,5714625
NIFTY-I.NFO,26/12/2024,09:16:23,23815.6,23815.6,300,23820,1675,350,5714625
NIFTY-I.NFO,26/12/2024,09:16:25,23817,23818.15,200,23820,1575,425,5714625
NIFTY-I.NFO,26/12/2024,09:16:26,23820,23816.95,25,23820,775,875,5714625
NIFTY-I.NFO,26/12/2024,09:16:28,23816.25,23816.25,750,23820,775,475,5714625
NIFTY-I.NFO,26/12/2024,09:16:29,23821,23820,7975,23821,50,4650,5714625
NIFTY-I.NFO,26/12/2024,09:16:29,23821,23820,7975,23821,50,0,5714625
NIFTY-I.NFO,26/12/2024,09:16:31,23820,23820,7450,23821.15,400,600,5714625
NIFTY-I.NFO,26/12/2024,09:16:33,23820,23820,7275,23821.15,400,200,5714625
NIFTY-I.NFO,26/12/2024,09:16:34,23820.6,23820,6175,23820.7,25,2100,5714625
NIFTY-I.NFO,26/12/2024,09:16:34,23821.15,23820,6175,23820.7,25,0,5714625
NIFTY-I.NFO,26/12/2024,09:16:36,23821.25,23820,5375,23821.65,625,1950,5714625
NIFTY-I.NFO,26/12/2024,09:16:36,23821.4,23820,5375,23821.65,625,0,5714625
NIFTY-I.NFO,26/12/2024,09:16:38,23821.65,23820,5150,23821.65,500,375,5714625
NIFTY-I.NFO,26/12/2024,09:16:38,23821.65,23820,5150,23821.65,500,0,5714625
NIFTY-I.NFO,26/12/2024,09:16:39,23820,23820,4925,23821.65,250,525,5714625
NIFTY-I.NFO,26/12/2024,09:16:41,23820,23820,4600,23821.65,275,450,5714625
NIFTY-I.NFO,26/12/2024,09:16:42,23820.55,23820,4450,23820.55,650,200,5714625
NIFTY-I.NFO,26/12/2024,09:16:44,23820.55,23820,875,23820.55,600,3700,5714625
NIFTY-I.NFO,26/12/2024,09:16:46,23820,23820.05,250,23820.55,425,350,5714625
NIFTY-I.NFO,26/12/2024,09:16:47,23821.65,23820.55,600,23821.65,125,1050,5714625
NIFTY-I.NFO,26/12/2024,09:16:49,23821.3,23821.3,25,23821.45,25,300,5714625
NIFTY-I.NFO,26/12/2024,09:16:51,23820,23818.75,375,23820,75,1500,5714625
NIFTY-I.NFO,26/12/2024,09:16:51,23822,23818.75,375,23820,75,0,5714625
NIFTY-I.NFO,26/12/2024,09:16:52,23823,23822.5,25,23823,1000,600,5714625
NIFTY-I.NFO,26/12/2024,09:16:52,23823,23822.5,25,23823,1000,0,5714625
NIFTY-I.NFO,26/12/2024,09:16:54,23823,23822.7,125,23823,950,350,5714625
NIFTY-I.NFO,26/12/2024,09:16:56,23824,23824.15,400,23825,1700,1725,5714625
NIFTY-I.NFO,26/12/2024,09:16:56,23825,23824.15,400,23825,1700,0,5714625
NIFTY-I.NFO,26/12/2024,09:16:57,23826.5,23826.5,200,23828,450,2425,5714625
NIFTY-I.NFO,26/12/2024,09:16:57,23828,23826.5,200,23828,450,0,5714625
NIFTY-I.NFO,26/12/2024,09:16:59,23827.25,23826.75,475,23828,325,725,5714625
NIFTY-I.NFO,26/12/2024,09:17:01,23830,23828.5,150,23830,375,1500,5714625
NIFTY-I.NFO,26/12/2024,09:17:01,23830,23828.5,150,23830,375,0,5714625
NIFTY-I.NFO,26/12/2024,09:17:02,23830,23828,1275,23831.4,25,1025,5714625
NIFTY-I.NFO,26/12/2024,09:17:04,23833.25,23831.4,250,23832.5,25,1375,5714625
NIFTY-I.NFO,26/12/2024,09:17:04,23833.25,23831.4,250,23832.5,25,0,5714625
NIFTY-I.NFO,26/12/2024,09:17:06,23832.2,23831.8,25,23832.6,500,325,5714625
NIFTY-I.NFO,26/12/2024,09:17:07,23831.4,23831.4,275,23833.75,500,11025,5714625
NIFTY-I.NFO,26/12/2024,09:17:07,23835,23831.4,275,23833.75,500,0,5714625
NIFTY-I.NFO,26/12/2024,09:17:09,23828,23828,925,23830,25,375,5714625
NIFTY-I.NFO,26/12/2024,09:17:11,23829,23828,525,23831,75,1800,5714625
NIFTY-I.NFO,26/12/2024,09:17:12,23831.4,23829.6,125,23831.4,25,3625,5714625
NIFTY-I.NFO,26/12/2024,09:17:14,23828.4,23828.5,250,23833,350,2675,5714625
NIFTY-I.NFO,26/12/2024,09:17:16,23825.75,23826.35,150,23832.65,525,500,5714625
NIFTY-I.NFO,26/12/2024,09:17:17,23826.35,23826.95,125,23828.4,100,1525,5714625
NIFTY-I.NFO,26/12/2024,09:17:19,23827.75,23829.25,125,23831.1,25,15575,5714625
NIFTY-I.NFO,26/12/2024,09:17:21,23833,23829.4,25,23833,325,550,5714625
NIFTY-I.NFO,26/12/2024,09:17:23,23831.1,23830.85,25,23832,100,2100,5714625
NIFTY-I.NFO,26/12/2024,09:17:24,23833.45,23833.45,175,23835,75,950,5714625
NIFTY-I.NFO,26/12/2024,09:17:26,23835,23830,750,23835,75,325,5714625
NIFTY-I.NFO,26/12/2024,09:17:28,23830.85,23830,750,23830.85,50,150,5714625
NIFTY-I.NFO,26/12/2024,09:17:29,23833.7,23833.9,50,23836,50,650,5714625
NIFTY-I.NFO,26/12/2024,09:17:29,23835.4,23833.9,50,23836,50,0,5714625
NIFTY-I.NFO,26/12/2024,09:17:31,23835.5,23835.4,125,23836.9,50,1900,5714625
NIFTY-I.NFO,26/12/2024,09:17:31,23836,23835.4,125,23836.9,50,0,5714625
NIFTY-I.NFO,26/12/2024,09:17:33,23835.2,23835.75,150,23836.9,50,1675,5714625
NIFTY-I.NFO,26/12/2024,09:17:33,23836.5,23835.75,150,23836.9,50,0,5714625
NIFTY-I.NFO,26/12/2024,09:17:34,23836.95,23836.75,1050,23838,725,425,5714625
NIFTY-I.NFO,26/12/2024,09:17:34,23838,23836.75,1050,23838,725,0,5714625
NIFTY-I.NFO,26/12/2024,09:17:36,23839.9,23840.3,25,23841.55,25,3275,5714625
NIFTY-I.NFO,26/12/2024,09:17:36,23841,23840.3,25,23841.55,25,0,5714625
NIFTY-I.NFO,26/12/2024,09:17:38,23841.55,23838.8,125,23841.7,25,350,5714625
NIFTY-I.NFO,26/12/2024,09:17:38,23841.55,23838.8,125,23841.7,25,0,5714625
NIFTY-I.NFO,26/12/2024,09:17:39,23848.8,23843.35,150,23848.75,100,2825,5714625
NIFTY-I.NFO,26/12/2024,09:17:39,23848.8,23843.35,150,23848.75,100,0,5714625
NIFTY-I.NFO,26/12/2024,09:17:41,23845,23843.5,275,23848.8,9750,650,5714625
NIFTY-I.NFO,26/12/2024,09:17:43,23848.8,23846.3,375,23848.8,8775,1825,5714625
NIFTY-I.NFO,26/12/2024,09:17:44,23846,23843.25,175,23848.75,50,225,5714625
NIFTY-I.NFO,26/12/2024,09:17:46,23848.8,23845.3,50,23848.8,8625,325,5714625
NIFTY-I.NFO,26/12/2024,09:17:48,23845.95,23845.25,25,23848,25,225,5714625
NIFTY-I.NFO,26/12/2024,09:17:49,23843.05,23842.75,25,23846,25,1175,5714625
NIFTY-I.NFO,26/12/2024,09:17:51,23848.8,23847.15,25,23848.8,8675,225,5714625
NIFTY-I.NFO,26/12/2024,09:17:53,23847.95,23847.5,25,23848.8,8500,525,5714625
NIFTY-I.NFO,26/12/2024,09:17:54,23846.1,23846.1,100,23848,75,525,5714625
NIFTY-I.NFO,26/12/2024,09:17:56,23848.25,23848.25,75,23848.8,8375,1550,5714625
NIFTY-I.NFO,26/12/2024,09:17:58,23848.1,23848,25,23848.8,6900,2175,5714625
NIFTY-I.NFO,26/12/2024,09:17:59,23846,23845.5,250,23848,325,250,5714625
NIFTY-I.NFO,26/12/2024,09:18:01,23848.8,23848,25,23848.8,6550,1450,5714625
NIFTY-I.NFO,26/12/2024,09:18:03,23845.5,23845.2,25,23848,50,1350,5714625
NIFTY-I.NFO,26/12/2024,09:18:04,23846.7,23846.9,250,23848,25,475,5714625
NIFTY-I.NFO,26/12/2024,09:18:06,23848,23847.3,25,23848.45,125,450,5714625
NIFTY-I.NFO,26/12/2024,09:18:08,23847.5,23847.5,25,23848,75,2400,5714625
NIFTY-I.NFO,26/12/2024,09:18:09,23845.15,23845.75,125,23846,75,2975,5714625
NIFTY-I.NFO,26/12/2024,09:18:11,23847.85,23847.85,75,23848,25,700,5714625
NIFTY-I.NFO,26/12/2024,09:18:13,23845,23845,200,23846.55,125,1500,5714625
NIFTY-I.NFO,26/12/2024,09:18:14,23842.5,23843.3,125,23845.75,1000,625,5714625
NIFTY-I.NFO,26/12/2024,09:18:16,23843.5,23843.55,25,23845,875,500,5714625
NIFTY-I.NFO,26/12/2024,09:18:18,23845,23844.95,25,23845,1050,525,5714625
NIFTY-I.NFO,26/12/2024,09:18:19,23844.6,23844.75,25,23845,550,825,5714625
NIFTY-I.NFO,26/12/2024,09:18:21,23844.05,23843.55,450,23844.05,100,575,5714625
NIFTY-I.NFO,26/12/2024,09:18:23,23844,23842.85,250,23844,325,2000,5714625
NIFTY-I.NFO,26/12/2024,09:18:24,23842.7,23842.7,25,23843.15,125,1200,5714625
NIFTY-I.NFO,26/12/2024,09:18:26,23840.65,23840.65,125,23842,125,1150,5714625
NIFTY-I.NFO,26/12/2024,09:18:28,23841.2,23841.2,25,23842,325,1200,5714625
NIFTY-I.NFO,26/12/2024,09:18:29,23841.2,23840.1,125,23842,150,275,5714625
NIFTY-I.NFO,26/12/2024,09:18:31,23841.2,23842,100,23843,25,1025,5714625
NIFTY-I.NFO,26/12/2024,09:18:33,23838.6,23837.9,250,23842.95,100,1075,5714625
NIFTY-I.NFO,26/12/2024,09:18:34,23837.65,23838.45,25,23840,25,375,5714625
NIFTY-I.NFO,26/12/2024,09:18:36,23837.25,23840,75,23842,100,350,5678850
NIFTY-I.NFO,26/12/2024,09:18:38,23839.25,23839.35,875,23842,50,375,5678850
NIFTY-I.NFO,26/12/2024,09:18:39,23842,23842.4,125,23842.7,100,1050,5678850
NIFTY-I.NFO,26/12/2024,09:18:41,23839.65,23839.7,300,23842.7,75,1425,5678850
NIFTY-I.NFO,26/12/2024,09:18:43,23839.3,23839.65,25,23839.7,125,1875,5678850
NIFTY-I.NFO,26/12/2024,09:18:44,23839.5,23839.45,325,23842,75,325,5678850
NIFTY-I.NFO,26/12/2024,09:18:46,23839.65,23838.3,325,23839.65,100,225,5678850
NIFTY-I.NFO,26/12/2024,09:18:48,23839,23838.65,50,23839.65,75,650,5678850
NIFTY-I.NFO,26/12/2024,09:18:49,23840,23839,75,23840,100,300,5678850
NIFTY-I.NFO,26/12/2024,09:18:51,23840.55,23840,50,23840.7,75,200,5678850
NIFTY-I.NFO,26/12/2024,09:18:53,23838.85,23839.05,25,23842,225,425,5678850
NIFTY-I.NFO,26/12/2024,09:18:54,23839.05,23839.2,475,23840.55,75,25,5678850
NIFTY-I.NFO,26/12/2024,09:18:56,23840,23840,25,23840.55,50,100,5678850
NIFTY-I.NFO,26/12/2024,09:18:58,23840,23838.05,25,23840,25,675,5678850
NIFTY-I.NFO,26/12/2024,09:18:59,23836.7,23835.7,175,23837.45,25,1375,5678850
NIFTY-I.NFO,26/12/2024,09:19:01,23837.45,23837.6,25,23837.85,25,50,5678850
NIFTY-I.NFO,26/12/2024,09:19:03,23838.75,23838.75,175,23840,300,350,5678850
NIFTY-I.NFO,26/12/2024,09:19:04,23839.05,23839.05,425,23840,1825,300,5678850
NIFTY-I.NFO,26/12/2024,09:19:06,23841.65,23841.85,25,23842.15,25,3225,5678850
NIFTY-I.NFO,26/12/2024,09:19:08,23840.45,23840,75,23843.55,150,375,5678850
NIFTY-I.NFO,26/12/2024,09:19:09,23841.25,23840.35,250,23843.55,150,1175,5678850
NIFTY-I.NFO,26/12/2024,09:19:11,23843.55,23839.25,25,23842.3,25,150,5678850
NIFTY-I.NFO,26/12/2024,09:19:13,23839.35,23840.85,25,23842.3,25,25,5678850
NIFTY-I.NFO,26/12/2024,09:19:14,23844.35,23842.4,25,23844.6,50,775,5678850
NIFTY-I.NFO,26/12/2024,09:19:16,23844.05,23844.1,350,23844.6,50,150,5678850
NIFTY-I.NFO,26/12/2024,09:19:18,23844.8,23844.6,150,23844.8,175,2350,5678850
NIFTY-I.NFO,26/12/2024,09:19:19,23843.05,23843.05,300,23844.2,525,525,5678850
NIFTY-I.NFO,26/12/2024,09:19:21,23844.55,23844.55,25,23844.6,1700,8950,5678850
NIFTY-I.NFO,26/12/2024,09:19:23,23843.1,23843.25,50,23844.6,1775,275,5678850
NIFTY-I.NFO,26/12/2024,09:19:24,23845.2,23845.65,250,23846,25,2850,5678850
NIFTY-I.NFO,26/12/2024,09:19:26,23845.35,23846.15,125,23846.7,25,50,5678850
NIFTY-I.NFO,26/12/2024,09:19:28,23848.8,23848.4,150,23849,650,1225,5678850
NIFTY-I.NFO,26/12/2024,09:19:29,23850,23849.25,25,23850,4950,2175,5678850
NIFTY-I.NFO,26/12/2024,09:19:29,23850,23849.25,25,23850,4950,0,5678850
NIFTY-I.NFO,26/12/2024,09:19:31,23850,23849.9,250,23850,2750,3100,5678850
NIFTY-I.NFO,26/12/2024,09:19:33,23850,23849.55,225,23850,2500,700,5678850
NIFTY-I.NFO,26/12/2024,09:19:34,23850.2,23850.55,50,23853,75,3850,5678850
NIFTY-I.NFO,26/12/2024,09:19:34,23852.7,23850.55,50,23853,75,0,5678850
NIFTY-I.NFO,26/12/2024,09:19:36,23849.6,23849.45,25,23850,50,75,5678850
NIFTY-I.NFO,26/12/2024,09:19:38,23849.45,23849,25,23849.25,75,25,5678850
NIFTY-I.NFO,26/12/2024,09:19:39,23850.1,23849.4,25,23850,25,1475,5678850
NIFTY-I.NFO,26/12/2024,09:19:41,23850,23850,450,23852,100,600,5678850
NIFTY-I.NFO,26/12/2024,09:19:43,23850.05,23850.05,225,23854,25,1150,5678850
NIFTY-I.NFO,26/12/2024,09:19:43,23854.5,23850.05,225,23854,25,0,5678850
NIFTY-I.NFO,26/12/2024,09:19:44,23854.5,23850,250,23853.9,25,125,5678850
NIFTY-I.NFO,26/12/2024,09:19:46,23849.45,23849.45,175,23853.9,25,650,5678850
NIFTY-I.NFO,26/12/2024,09:19:48,23850,23850.25,250,23853.9,25,150,5678850
NIFTY-I.NFO,26/12/2024,09:19:49,23850.35,23850.05,250,23853.5,75,50,5678850
NIFTY-I.NFO,26/12/2024,09:19:51,23849.25,23849.25,25,23849.45,25,450,5678850
NIFTY-I.NFO,26/12/2024,09:19:53,23849.45,23849.25,25,23849.45,100,725,5678850
NIFTY-I.NFO,26/12/2024,09:19:54,23848,23849.55,25,23850,650,850,5678850
NIFTY-I.NFO,26/12/2024,09:19:56,23847.05,23847.05,25,23850,650,200,5678850
NIFTY-I.NFO,26/12/2024,09:19:58,23846.75,23846.9,50,23849.25,75,525,5678850
NIFTY-I.NFO,26/12/2024,09:19:59,23847.3,23847.05,25,23849.25,50,100,5678850
NIFTY-I.NFO,26/12/2024,09:20:01,23850.1,23849.55,25,23851.65,75,1225,5678850
NIFTY-I.NFO,26/12/2024,09:20:03,23854.55,23854.05,25,23855,150,3050,5678850
NIFTY-I.NFO,26/12/2024,09:20:03,23855,23854.05,25,23855,150,0,5678850
NIFTY-I.NFO,26/12/2024,09:20:04,23855.7,23855.65,50,23856.75,25,350,5678850
NIFTY-I.NFO,26/12/2024,09:20:04,23856,23855.65,50,23856.75,25,0,5678850
NIFTY-I.NFO,26/12/2024,09:20:06,23860,23859.2,50,23860,1050,1875,5678850
NIFTY-I.NFO,26/12/2024,09:20:06,23860,23859.2,50,23860,1050,0,5678850
NIFTY-I.NFO,26/12/2024,09:20:08,23860,23857.85,125,23860,575,825,5678850
NIFTY-I.NFO,26/12/2024,09:20:09,23860,23859.55,50,23860.8,75,1800,5678850
NIFTY-I.NFO,26/12/2024,09:20:11,23859.2,23858.25,375,23860,50,1575,5678850
NIFTY-I.NFO,26/12/2024,09:20:11,23860.9,23858.25,375,23860,50,0,5678850
NIFTY-I.NFO,26/12/2024,09:20:13,23860,23857.55,25,23860,50,550,5678850
NIFTY-I.NFO,26/12/2024,09:20:14,23857.5,23857.5,25,23860,50,200,5678850
NIFTY-I.NFO,26/12/2024,09:20:14,23861.75,23857.5,25,23860,50,0,5678850
NIFTY-I.NFO,26/12/2024,09:20:16,23856,23857.05,25,23857.55,50,375,5678850
NIFTY-I.NFO,26/12/2024,09:20:18,23860,23860,500,23860.05,75,350,5678850
NIFTY-I.NFO,26/12/2024,09:20:19,23860,23860,100,23861.4,500,500,5678850
NIFTY-I.NFO,26/12/2024,09:20:21,23860,23856.05,25,23860.05,25,1975,5678850
NIFTY-I.NFO,26/12/2024,09:20:23,23854,23853.55,125,23859.15,25,250,5678850
NIFTY-I.NFO,26/12/2024,09:20:24,23858.25,23852.75,50,23858.75,25,150,5678850
NIFTY-I.NFO,26/12/2024,09:20:26,23853.65,23853.55,50,23859,25,150,5678850
NIFTY-I.NFO,26/12/2024,09:20:28,23853.4,23853.45,325,23858.05,50,650,5678850
NIFTY-I.NFO,26/12/2024,09:20:29,23853.45,23853.3,25,23857.75,50,100,5678850
NIFTY-I.NFO,26/12/2024,09:20:31,23852.55,23852.55,350,23858.25,525,1600,5678850
NIFTY-I.NFO,26/12/2024,09:20:32,23850.4,23850.4,975,23856,25,275,5678850
NIFTY-I.NFO,26/12/2024,09:20:34,23850.7,23850.75,50,23852.55,25,725,5678850
NIFTY-I.NFO,26/12/2024,09:20:36,23853.3,23852.55,75,23856,25,75,5678850
NIFTY-I.NFO,26/12/2024,09:20:37,23851.2,23851.2,25,23852.55,50,1650,5678850
NIFTY-I.NFO,26/12/2024,09:20:39,23851.2,23850.6,450,23851.2,25,500,5678850
NIFTY-I.NFO,26/12/2024,09:20:41,23857.75,23853.55,50,23856,400,1150,5678850
NIFTY-I.NFO,26/12/2024,09:20:42,23854,23854,75,23856,350,100,5678850
NIFTY-I.NFO,26/12/2024,09:20:44,23852.45,23852.85,125,23856,325,175,5678850
NIFTY-I.NFO,26/12/2024,09:20:46,23852.9,23853.1,25,23855,50,475,5678850
NIFTY-I.NFO,26/12/2024,09:20:47,23853.6,23853.95,125,23855,50,225,5678850
NIFTY-I.NFO,26/12/2024,09:20:49,23855.3,23855.45,100,23856,325,525,5678850
NIFTY-I.NFO,26/12/2024,09:20:51,23856,23855.85,225,23857.75,425,925,5678850
NIFTY-I.NFO,26/12/2024,09:20:52,23854.95,23855.3,250,23857.05,250,75,5678850
NIFTY-I.NFO,26/12/2024,09:20:54,23855.85,23854.6,125,23857.05,25,325,5678850
NIFTY-I.NFO,26/12/2024,09:20:56,23854.75,23854.6,250,23855,50,5275,5678850
NIFTY-I.NFO,26/12/2024,09:20:57,23854.6,23853.9,25,23854.6,1325,925,5678850
NIFTY-I.NFO,26/12/2024,09:20:59,23853.3,23853.5,250,23854.6,1275,475,5678850
NIFTY-I.NFO,26/12/2024,09:21:01,23854.6,23854.25,275,23854.6,1125,1075,5678850
NIFTY-I.NFO,26/12/2024,09:21:02,23854.6,23853.5,250,23854,25,175,5678850
NIFTY-I.NFO,26/12/2024,09:21:04,23854.6,23854.3,125,23854.6,475,650,5678850
NIFTY-I.NFO,26/12/2024,09:21:06,23854.6,23853.15,125,23854.6,425,325,5678850
NIFTY-I.NFO,26/12/2024,09:21:07,23851.55,23853.45,25,23853.8,25,500,5678850
NIFTY-I.NFO,26/12/2024,09:21:09,23854.6,23850.55,125,23854.6,275,1075,5678850
NIFTY-I.NFO,26/12/2024,09:21:11,23850.55,23850.75,125,23853,200,125,5678850
NIFTY-I.NFO,26/12/2024,09:21:12,23849.6,23850.6,250,23853,200,5175,5678850
NIFTY-I.NFO,26/12/2024,09:21:14,23850.7,23850,100,23850.7,1775,75,5678850
NIFTY-I.NFO,26/12/2024,09:21:16,23850.7,23850,50,23850.7,1525,325,5678850
NIFTY-I.NFO,26/12/2024,09:21:17,23850.1,23850.1,225,23850.7,475,1250,5678850
NIFTY-I.NFO,26/12/2024,09:21:19,23853.8,23850.85,25,23853.8,150,1725,5678850
NIFTY-I.NFO,26/12/2024,09:21:21,23850.75,23850.75,600,23851.1,350,1200,5678850
NIFTY-I.NFO,26/12/2024,09:21:22,23851.1,23851.15,250,23853.8,25,475,5678850
NIFTY-I.NFO,26/12/2024,09:21:24,23851.65,23853.7,50,23853.8,25,50,5678850
NIFTY-I.NFO,26/12/2024,09:21:26,23853.8,23853.85,150,23853.9,50,1100,5678850
NIFTY-I.NFO,26/12/2024,09:21:27,23853.1,23853.05,75,23853.15,225,1475,5678850
NIFTY-I.NFO,26/12/2024,09:21:29,23853.15,23852.1,250,23853.15,175,50,5678850
NIFTY-I.NFO,26/12/2024,09:21:31,23854,23853.2,125,23854,350,800,5678850
NIFTY-I.NFO,26/12/2024,09:21:32,23851.75,23852.35,25,23853,25,475,5678850
NIFTY-I.NFO,26/12/2024,09:21:34,23853,23853,50,23854,350,125,5678850
NIFTY-I.NFO,26/12/2024,09:21:35,23851.1,23851.1,375,23851.65,25,250,5690400
NIFTY-I.NFO,26/12/2024,09:21:37,23854,23851.65,25,23852.35,25,1150,5690400
NIFTY-I.NFO,26/12/2024,09:21:39,23852.35,23852.35,25,23853,175,75,5690400
NIFTY-I.NFO,26/12/2024,09:21:41,23852.05,23851.65,100,23853,175,250,5690400
NIFTY-I.NFO,26/12/2024,09:21:42,23851.7,23851.65,50,23852.35,25,150,5690400
NIFTY-I.NFO,26/12/2024,09:21:44,23851.1,23851.1,250,23851.65,600,175,5690400
NIFTY-I.NFO,26/12/2024,09:21:45,23850.15,23851.25,250,23851.65,600,400,5690400
NIFTY-I.NFO,26/12/2024,09:21:47,23851.65,23851.2,50,23851.7,175,1725,5690400
NIFTY-I.NFO,26/12/2024,09:21:49,23851.55,23851.75,25,23853,225,650,5690400
NIFTY-I.NFO,26/12/2024,09:21:50,23854,23853.65,25,23854,475,1575,5690400
NIFTY-I.NFO,26/12/2024,09:21:52,23855,23854.85,125,23855,875,1250,5690400
NIFTY-I.NFO,26/12/2024,09:21:54,23856.65,23856.55,25,23859.05,50,1450,5690400
NIFTY-I.NFO,26/12/2024,09:21:55,23859.05,23859.05,25,23859.7,25,225,5690400
NIFTY-I.NFO,26/12/2024,09:21:57,23859,23855.5,25,23859,475,600,5690400
NIFTY-I.NFO,26/12/2024,09:21:59,23854.95,23855.15,150,23856.55,75,2200,5690400
NIFTY-I.NFO,26/12/2024,09:22:00,23857.95,23853,25,23857.95,100,100,5690400
NIFTY-I.NFO,26/12/2024,09:22:02,23851.3,23851.3,200,23855,25,50,5690400
NIFTY-I.NFO,26/12/2024,09:22:04,23855,23855,325,23856.8,100,150,5690400
NIFTY-I.NFO,26/12/2024,09:22:05,23855,23855,1725,23857.1,25,100,5690400
NIFTY-I.NFO,26/12/2024,09:22:07,23855,23855,1325,23857,500,400,5690400
NIFTY-I.NFO,26/12/2024,09:22:09,23858,23856.8,175,23858,125,650,5690400
NIFTY-I.NFO,26/12/2024,09:22:10,23859,23858.5,225,23859,425,200,5690400
NIFTY-I.NFO,26/12/2024,09:22:12,23860,23860,200,23860.55,1075,1800,5690400
NIFTY-I.NFO,26/12/2024,09:22:14,23860,23860,125,23860.5,25,75,5690400
NIFTY-I.NFO,26/12/2024,09:22:15,23860.55,23859.4,300,23860.55,800,825,5690400
NIFTY-I.NFO,26/12/2024,09:22:17,23859,23858.2,25,23860,700,125,5690400
NIFTY-I.NFO,26/12/2024,09:22:19,23860,23858,100,23860,1275,200,5690400
NIFTY-I.NFO,26/12/2024,09:22:20,23860,23857.8,125,23860,1025,350,5690400
NIFTY-I.NFO,26/12/2024,09:22:22,23860,23857.15,25,23860,350,950,5690400
NIFTY-I.NFO,26/12/2024,09:22:24,23857.15,23856.65,125,23860,475,25,5690400
NIFTY-I.NFO,26/12/2024,09:22:25,23856,23856,225,23857.15,25,275,5690400
NIFTY-I.NFO,26/12/2024,09:22:27,23859.5,23857.5,125,23859.5,25,575,5690400
NIFTY-I.NFO,26/12/2024,09:22:29,23859.5,23857.5,125,23857.8,25,325,5690400
NIFTY-I.NFO,26/12/2024,09:22:30,23860,23859.8,25,23860,2450,600,5690400
NIFTY-I.NFO,26/12/2024,09:22:32,23860.3,23860.3,25,23860.65,25,5175,5690400
NIFTY-I.NFO,26/12/2024,09:22:34,23860.2,23860.2,175,23860.65,25,300,5690400
NIFTY-I.NFO,26/12/2024,09:22:35,23861.7,23861.7,25,23861.9,25,1825,5690400
NIFTY-I.NFO,26/12/2024,09:22:37,23860.3,23860.25,125,23861.7,300,650,5690400
NIFTY-I.NFO,26/12/2024,09:22:37,23862,23860.25,125,23861.7,300,0,5690400
NIFTY-I.NFO,26/12/2024,09:22:39,23859.2,23859.2,125,23859.8,25,875,5690400
NIFTY-I.NFO,26/12/2024,09:22:40,23862,23861.9,100,23862,300,425,5690400
NIFTY-I.NFO,26/12/2024,09:22:42,23860.5,23860.5,50,23862,325,600,5690400
NIFTY-I.NFO,26/12/2024,09:22:44,23861.95,23862,25,23862.6,25,375,5690400
NIFTY-I.NFO,26/12/2024,09:22:45,23862,23861.95,50,23862,175,600,5690400
NIFTY-I.NFO,26/12/2024,09:22:45,23863,23861.95,50,23862,175,0,5690400
NIFTY-I.NFO,26/12/2024,09:22:47,23861.95,23860.1,125,23863,150,525,5690400
NIFTY-I.NFO,26/12/2024,09:22:49,23861,23860.65,125,23861,50,475,5690400
NIFTY-I.NFO,26/12/2024,09:22:50,23859.7,23859.55,250,23860,25,300,5690400
NIFTY-I.NFO,26/12/2024,09:22:52,23860.05,23859.65,125,23861,25,150,5690400
NIFTY-I.NFO,26/12/2024,09:22:54,23862,23860.05,200,23862,525,250,5690400
NIFTY-I.NFO,26/12/2024,09:22:55,23862,23859.35,25,23860,25,0,5690400
NIFTY-I.NFO,26/12/2024,09:22:57,23860,23860,25,23861.4,75,1525,5690400
NIFTY-I.NFO,26/12/2024,09:22:59,23859.3,23853.35,125,23858.5,575,50,5690400
NIFTY-I.NFO,26/12/2024,09:23:00,23859.3,23853.05,125,23858.6,500,225,5690400
NIFTY-I.NFO,26/12/2024,09:23:02,23853,23853,100,23858.55,550,925,5690400
NIFTY-I.NFO,26/12/2024,09:23:04,23855.95,23852.45,100,23855.3,25,125,5690400
NIFTY-I.NFO,26/12/2024,09:23:05,23851.4,23851.45,100,23853.35,175,75,5690400
NIFTY-I.NFO,26/12/2024,09:23:07,23851.1,23851.65,25,23853,25,1250,5690400
NIFTY-I.NFO,26/12/2024,09:23:09,23851,23851.05,150,23853,25,75,5690400
NIFTY-I.NFO,26/12/2024,09:23:10,23853.35,23850.4,250,23855.95,25,200,5690400
NIFTY-I.NFO,26/12/2024,09:23:12,23850.75,23850.75,500,23851,200,475,5690400
NIFTY-I.NFO,26/12/2024,09:23:14,23852,23851.9,125,23853.35,75,1425,5690400
NIFTY-I.NFO,26/12/2024,09:23:15,23853.35,23851.95,50,23853.35,50,150,5690400
NIFTY-I.NFO,26/12/2024,09:23:17,23851.95,23851.95,125,23855,125,450,5690400
NIFTY-I.NFO,26/12/2024,09:23:19,23855,23855,150,23859,50,250,5690400
NIFTY-I.NFO,26/12/2024,09:23:20,23851.55,23854.3,125,23855.65,25,10100,5690400
NIFTY-I.NFO,26/12/2024,09:23:22,23855,23853.95,25,23855,375,250,5690400
NIFTY-I.NFO,26/12/2024,09:23:24,23855,23853.6,25,23855,275,325,5690400
NIFTY-I.NFO,26/12/2024,09:23:25,23855,23855,350,23858.95,100,350,5690400
NIFTY-I.NFO,26/12/2024,09:23:27,23856,23855,400,23856,25,200,5690400
NIFTY-I.NFO,26/12/2024,09:23:29,23855,23855,175,23859,200,700,5690400
NIFTY-I.NFO,26/12/2024,09:23:30,23855.3,23855.4,225,23859,250,1200,5690400
NIFTY-I.NFO,26/12/2024,09:23:32,23859,23855,125,23859,200,50,5690400
NIFTY-I.NFO,26/12/2024,09:23:34,23854.65,23855,25,23855.3,75,1000,5690400
NIFTY-I.NFO,26/12/2024,09:23:35,23854.6,23854,150,23855,250,200,5690400
NIFTY-I.NFO,26/12/2024,09:23:37,23855,23853.2,250,23854,25,325,5690400
NIFTY-I.NFO,26/12/2024,09:23:39,23855,23854,25,23854.65,50,75,5690400
NIFTY-I.NFO,26/12/2024,09:23:40,23854.65,23854,100,23855,175,275,5690400
NIFTY-I.NFO,26/12/2024,09:23:42,23855,23855.9,25,23856,25,675,5690400
NIFTY-I.NFO,26/12/2024,09:23:44,23854,23854,100,23855,50,125,5690400
NIFTY-I.NFO,26/12/2024,09:23:45,23853.05,23850.45,250,23855,75,275,5690400
NIFTY-I.NFO,26/12/2024,09:23:47,23851.05,23850.8,150,23854,500,200,5690400
NIFTY-I.NFO,26/12/2024,09:23:49,23850,23853.05,250,23854,500,100,5690400
NIFTY-I.NFO,26/12/2024,09:23:51,23850.5,23850,800,23850.5,25,1200,5690400
NIFTY-I.NFO,26/12/2024,09:23:52,23850.5,23850.5,1525,23852.9,500,275,5690400
NIFTY-I.NFO,26/12/2024,09:23:54,23850.5,23850.5,825,23851.3,500,1225,5690400
NIFTY-I.NFO,26/12/2024,09:23:56,23850.5,23850,425,23851.7,25,1000,5690400
NIFTY-I.NFO,26/12/2024,09:23:57,23847,23847.55,225,23850,75,575,5690400
NIFTY-I.NFO,26/12/2024,09:23:59,23849.1,23849.65,75,23850.5,75,325,5690400
NIFTY-I.NFO,26/12/2024,09:24:01,23849.95,23849.95,25,23850,50,400,5690400
NIFTY-I.NFO,26/12/2024,09:24:02,23848,23848,150,23850,50,1700,5690400
NIFTY-I.NFO,26/12/2024,09:24:04,23848.9,23848.1,25,23848.9,300,400,5690400
NIFTY-I.NFO,26/12/2024,09:24:06,23848.9,23847.55,250,23848.9,200,1150,5690400
NIFTY-I.NFO,26/12/2024,09:24:07,23848.9,23846.35,75,23848.9,150,2900,5690400
NIFTY-I.NFO,26/12/2024,09:24:09,23846.6,23846.6,25,23848,1500,2500,5690400
NIFTY-I.NFO,26/12/2024,09:24:10,23848,23844.35,25,23848,200,1650,5690400
NIFTY-I.NFO,26/12/2024,09:24:12,23844.5,23844.5,125,23846.6,50,275,5690400
NIFTY-I.NFO,26/12/2024,09:24:14,23844,23844.5,25,23847.95,50,300,5690400
NIFTY-I.NFO,26/12/2024,09:24:15,23848.85,23844.05,25,23844.5,1500,250,5690400
NIFTY-I.NFO,26/12/2024,09:24:17,23844.5,23844.3,175,23844.5,2675,575,5690400
NIFTY-I.NFO,26/12/2024,09:24:19,23844.3,23844.3,25,23844.5,2275,550,5690400
NIFTY-I.NFO,26/12/2024,09:24:20,23844.6,23844.9,125,23848,25,3925,5690400
NIFTY-I.NFO,26/12/2024,09:24:22,23845.2,23845.15,100,23847,100,550,5690400
NIFTY-I.NFO,26/12/2024,09:24:24,23847,23845.25,250,23847,75,100,5690400
NIFTY-I.NFO,26/12/2024,09:24:25,23843.8,23843.75,25,23847,75,75,5690400
NIFTY-I.NFO,26/12/2024,09:24:27,23844.05,23841.85,50,23844.05,1275,1575,5690400
NIFTY-I.NFO,26/12/2024,09:24:29,23843.1,23842.75,25,23843.75,100,375,5690400
NIFTY-I.NFO,26/12/2024,09:24:30,23843.75,23842.65,25,23844.05,1275,150,5690400
NIFTY-I.NFO,26/12/2024,09:24:32,23841.85,23841.9,25,23844.05,1275,2125,5690400
NIFTY-I.NFO,26/12/2024,09:24:34,23842.7,23842.65,225,23844,25,250,5690400
NIFTY-I.NFO,26/12/2024,09:24:35,23842.5,23842.6,25,23844.05,1175,2900,5692975
NIFTY-I.NFO,26/12/2024,09:24:37,23843.25,23843.25,225,23844,275,375,5692975
NIFTY-I.NFO,26/12/2024,09:24:39,23844,23844.25,350,23844.7,25,1775,5692975
NIFTY-I.NFO,26/12/2024,09:24:40,23845.95,23846,175,23847,100,275,5692975
NIFTY-I.NFO,26/12/2024,09:24:42,23847,23846.15,250,23847,75,375,5692975
NIFTY-I.NFO,26/12/2024,09:24:44,23847,23847,25,23848,25,2250,5692975
NIFTY-I.NFO,26/12/2024,09:24:45,23848,23847.7,125,23849,75,75,5692975
NIFTY-I.NFO,26/12/2024,09:24:47,23850,23846.95,25,23850,1175,1050,5692975
NIFTY-I.NFO,26/12/2024,09:24:49,23846,23844.55,125,23846,25,150,5692975
NIFTY-I.NFO,26/12/2024,09:24:50,23843.2,23844.1,25,23845.95,25,3200,5692975
NIFTY-I.NFO,26/12/2024,09:24:52,23843,23842.95,250,23845.35,25,950,5692975
NIFTY-I.NFO,26/12/2024,09:24:54,23843,23843.05,225,23844.1,50,475,5692975
NIFTY-I.NFO,26/12/2024,09:24:55,23842.3,23842.55,25,23846.95,50,575,5692975
NIFTY-I.NFO,26/12/2024,09:24:57,23843,23843,350,23844.55,400,75,5692975
NIFTY-I.NFO,26/12/2024,09:24:59,23843.05,23845.45,125,23846.95,75,675,5692975
NIFTY-I.NFO,26/12/2024,09:25:00,23845,23845,3325,23846.95,75,450,5692975
NIFTY-I.NFO,26/12/2024,09:25:02,23845,23845,3575,23846.95,75,150,5692975
NIFTY-I.NFO,26/12/2024,09:25:04,23845,23845,3425,23846.95,25,1375,5692975
NIFTY-I.NFO,26/12/2024,09:25:05,23847,23845,3300,23847,450,175,5692975
NIFTY-I.NFO,26/12/2024,09:25:07,23845,23845,3200,23847,375,175,5692975
NIFTY-I.NFO,26/12/2024,09:25:09,23850,23848.95,125,23850,1525,625,5692975
NIFTY-I.NFO,26/12/2024,09:25:10,23849.35,23849.45,25,23850,1775,1450,5692975
NIFTY-I.NFO,26/12/2024,09:25:12,23850.15,23850.2,25,23851,125,2175,5692975
NIFTY-I.NFO,26/12/2024,09:25:14,23849.05,23849.05,75,23851,125,1375,5692975
NIFTY-I.NFO,26/12/2024,09:25:15,23850.75,23850.75,200,23851,175,75,5692975
NIFTY-I.NFO,26/12/2024,09:25:17,23849.55,23849.65,125,23850,900,2450,5692975
NIFTY-I.NFO,26/12/2024,09:25:19,23850,23850,100,23850.95,100,1450,5692975
NIFTY-I.NFO,26/12/2024,09:25:20,23852,23851.1,125,23852,675,475,5692975
NIFTY-I.NFO,26/12/2024,09:25:22,23850.1,23850.4,25,23852,250,625,5692975
NIFTY-I.NFO,26/12/2024,09:25:24,23850,23850,375,23850.95,25,75,5692975
NIFTY-I.NFO,26/12/2024,09:25:25,23850,23850,225,23851,25,275,5692975
NIFTY-I.NFO,26/12/2024,09:25:27,23850,23850,125,23850.4,50,125,5692975
NIFTY-I.NFO,26/12/2024,09:25:29,23850,23850,100,23850.25,25,100,5692975
NIFTY-I.NFO,26/12/2024,09:25:30,23849.2,23849.2,350,23850,25,150,5692975
NIFTY-I.NFO,26/12/2024,09:25:32,23850.4,23850.05,25,23851.1,25,650,5692975
NIFTY-I.NFO,26/12/2024,09:25:34,23850.9,23849.2,300,23852,400,275,5692975
NIFTY-I.NFO,26/12/2024,09:25:35,23850.05,23850.05,100,23852,400,225,5692975
NIFTY-I.NFO,26/12/2024,09:25:37,23850.05,23850.05,50,23850.4,25,50,5692975
NIFTY-I.NFO,26/12/2024,09:25:38,23850,23849.2,225,23850.4,50,75,5692975
NIFTY-I.NFO,26/12/2024,09:25:40,23849.2,23849.2,150,23849.85,50,200,5692975
NIFTY-I.NFO,26/12/2024,09:25:42,23848,23845,1050,23848,25,200,5692975
NIFTY-I.NFO,26/12/2024,09:25:43,23846.15,23845,1025,23846.85,50,50,5692975
NIFTY-I.NFO,26/12/2024,09:25:45,23845,23845,1000,23845.65,25,25,5692975
NIFTY-I.NFO,26/12/2024,09:25:47,23841.1,23841.1,50,23843.25,25,1175,5692975
NIFTY-I.NFO,26/12/2024,09:25:48,23840.1,23840.1,100,23843.25,25,100,5692975
NIFTY-I.NFO,26/12/2024,09:25:50,23839,23837,25,23839,275,475,5692975
NIFTY-I.NFO,26/12/2024,09:25:52,23839,23839,25,23840.1,100,875,5692975
NIFTY-I.NFO,26/12/2024,09:25:54,23838.6,23838.65,125,23840.3,25,350,5692975
NIFTY-I.NFO,26/12/2024,09:25:55,23838.15,23838.15,100,23839,1750,175,5692975
NIFTY-I.NFO,26/12/2024,09:25:57,23838.15,23838.15,100,23839,1500,600,5692975
NIFTY-I.NFO,26/12/2024,09:25:59,23838.1,23836.35,125,23838,25,600,5692975
NIFTY-I.NFO,26/12/2024,09:26:00,23838.35,23838.25,25,23839,1100,400,5692975
NIFTY-I.NFO,26/12/2024,09:26:02,23838,23838,200,23839,925,325,5692975
NIFTY-I.NFO,26/12/2024,09:26:03,23838.35,23836.1,125,23838.65,50,525,5692975
NIFTY-I.NFO,26/12/2024,09:26:05,23836.1,23836.1,50,23838.15,25,75,5692975
NIFTY-I.NFO,26/12/2024,09:26:07,23834.85,23834.7,25,23834.85,25,1275,5692975
NIFTY-I.NFO,26/12/2024,09:26:08,23836,23836.15,125,23838,325,625,5692975
NIFTY-I.NFO,26/12/2024,09:26:10,23836.85,23837.5,25,23838,325,1050,5692975
NIFTY-I.NFO,26/12/2024,09:26:12,23837.55,23837.55,50,23838,175,475,5692975
NIFTY-I.NFO,26/12/2024,09:26:13,23838.65,23838.65,275,23839,350,450,5692975
NIFTY-I.NFO,26/12/2024,09:26:15,23838.7,23838.7,25,23839.65,25,750,5692975
NIFTY-I.NFO,26/12/2024,09:26:17,23836.65,23837.85,125,23838,125,1050,5692975
NIFTY-I.NFO,26/12/2024,09:26:18,23834.85,23834.1,375,23834.85,4575,2850,5692975
NIFTY-I.NFO,26/12/2024,09:26:20,23834.85,23834.15,75,23834.85,2975,1725,5692975
NIFTY-I.NFO,26/12/2024,09:26:22,23834.85,23834.45,50,23834.85,3000,0,5692975
NIFTY-I.NFO,26/12/2024,09:26:23,23835.45,23835.45,50,23836.65,50,3050,5692975
NIFTY-I.NFO,26/12/2024,09:26:25,23835,23835.35,75,23836.65,50,150,5692975
NIFTY-I.NFO,26/12/2024,09:26:27,23836.7,23836.7,50,23837.85,25,600,5692975
NIFTY-I.NFO,26/12/2024,09:26:28,23836.4,23836.25,475,23837.85,25,225,5692975
NIFTY-I.NFO,26/12/2024,09:26:30,23834.9,23834.9,25,23838,125,300,5692975
NIFTY-I.NFO,26/12/2024,09:26:32,23834.9,23835,25,23838,125,0,5692975
NIFTY-I.NFO,26/12/2024,09:26:33,23833.35,23833.1,50,23833.35,75,200,5692975
NIFTY-I.NFO,26/12/2024,09:26:35,23833.35,23833,200,23833.35,50,50,5692975
NIFTY-I.NFO,26/12/2024,09:26:37,23833.35,23833,175,23833.35,100,175,5692975
NIFTY-I.NFO,26/12/2024,09:26:38,23833,23832.4,25,23833.35,50,250,5692975
NIFTY-I.NFO,26/12/2024,09:26:40,23833.35,23833.35,700,23834.05,25,125,5692975
NIFTY-I.NFO,26/12/2024,09:26:42,23831,23831,175,23831.2,25,225,5692975
NIFTY-I.NFO,26/12/2024,09:26:43,23828.8,23828.6,50,23830,50,1100,5692975
NIFTY-I.NFO,26/12/2024,09:26:45,23829.7,23829.7,25,23830,25,325,5692975
NIFTY-I.NFO,26/12/2024,09:26:47,23830,23828.1,25,23832.95,75,400,5692975
NIFTY-I.NFO,26/12/2024,09:26:48,23830,23830.25,25,23833.35,325,400,5692975
NIFTY-I.NFO,26/12/2024,09:26:50,23831.15,23831.15,50,23833.35,50,375,5692975
NIFTY-I.NFO,26/12/2024,09:26:52,23830.7,23830.7,50,23833,175,1125,5692975
NIFTY-I.NFO,26/12/2024,09:26:53,23830.6,23830.7,100,23831,25,250,5692975
NIFTY-I.NFO,26/12/2024,09:26:55,23830.95,23831,25,23831.15,100,600,5692975
NIFTY-I.NFO,26/12/2024,09:26:57,23831.35,23831.35,100,23833,225,175,5692975
NIFTY-I.NFO,26/12/2024,09:26:58,23831.7,23831.6,125,23833,225,375,5692975
NIFTY-I.NFO,26/12/2024,09:27:00,23832.15,23832.15,100,23833,200,50,5692975
NIFTY-I.NFO,26/12/2024,09:27:02,23833,23832.65,125,23833.35,25,325,5692975
NIFTY-I.NFO,26/12/2024,09:27:03,23832.7,23832.7,25,23834,100,125,5692975
NIFTY-I.NFO,26/12/2024,09:27:05,23834,23833,25,23834,25,175,5692975
NIFTY-I.NFO,26/12/2024,09:27:07,23832.8,23833.45,25,23834,25,250,5692975
NIFTY-I.NFO,26/12/2024,09:27:08,23831.5,23832.15,25,23833,125,5000,5692975
NIFTY-I.NFO,26/12/2024,09:27:10,23834,23834,75,23835,125,800,5692975
NIFTY-I.NFO,26/12/2024,09:27:12,23833.2,23832.6,25,23832.7,250,200,5692975
NIFTY-I.NFO,26/12/2024,09:27:13,23831.4,23831.8,25,23832.7,200,850,5692975
NIFTY-I.NFO,26/12/2024,09:27:15,23831.5,23831.5,125,23832.7,125,100,5692975
NIFTY-I.NFO,26/12/2024,09:27:17,23834,23833.35,25,23835,250,200,5692975
NIFTY-I.NFO,26/12/2024,09:27:18,23835,23834.2,200,23835,225,125,5692975
NIFTY-I.NFO,26/12/2024,09:27:20,23835.95,23836.6,25,23837.65,50,475,5692975
NIFTY-I.NFO,26/12/2024,09:27:22,23840,23839.85,150,23840,475,875,5692975
NIFTY-I.NFO,26/12/2024,09:27:23,23838.6,23838.55,125,23841,50,775,5692975
NIFTY-I.NFO,26/12/2024,09:27:25,23840.4,23841.8,25,23842,100,250,5692975
NIFTY-I.NFO,26/12/2024,09:27:27,23844,23843.45,225,23845,150,275,5692975
NIFTY-I.NFO,26/12/2024,09:27:28,23849,23845,25,23849,650,325,5692975
NIFTY-I.NFO,26/12/2024,09:27:30,23848.65,23844.4,525,23849,625,650,5692975
NIFTY-I.NFO,26/12/2024,09:27:32,23845.85,23847.7,125,23848,25,100,5692975
NIFTY-I.NFO,26/12/2024,09:27:33,23850.05,23850,225,23850.05,250,1900,5692975
NIFTY-I.NFO,26/12/2024,09:27:35,23852.2,23852.7,125,23855,550,1600,5692925
NIFTY-I.NFO,26/12/2024,09:27:37,23858.05,23858.05,25,23859.95,75,1550,5692925
NIFTY-I.NFO,26/12/2024,09:27:38,23860,23858.1,50,23860,1875,475,5692925
NIFTY-I.NFO,26/12/2024,09:27:40,23852.5,23854,25,23858.7,50,600,5692925
NIFTY-I.NFO,26/12/2024,09:27:42,23857.2,23850.75,150,23856.75,500,825,5692925
NIFTY-I.NFO,26/12/2024,09:27:43,23857.45,23852.7,225,23854,25,150,5692925
NIFTY-I.NFO,26/12/2024,09:27:45,23854.55,23855.4,225,23857.2,100,225,5692925
NIFTY-I.NFO,26/12/2024,09:27:47,23855.35,23855.1,25,23860,1725,400,5692925
NIFTY-I.NFO,26/12/2024,09:27:48,23860,23855.1,250,23860,1700,275,5692925
NIFTY-I.NFO,26/12/2024,09:27:50,23855.7,23855.8,75,23857.2,25,425,5692925
NIFTY-I.NFO,26/12/2024,09:27:52,23860,23857.2,150,23860,1325,650,5692925
NIFTY-I.NFO,26/12/2024,09:27:53,23860,23859.2,25,23860,1925,350,5692925
NIFTY-I.NFO,26/12/2024,09:27:55,23860.2,23860,175,23861.45,25,10275,5692925
NIFTY-I.NFO,26/12/2024,09:27:55,23865,23860,175,23861.45,25,0,5692925
NIFTY-I.NFO,26/12/2024,09:27:57,23863.85,23860,100,23863.85,500,200,5692925
NIFTY-I.NFO,26/12/2024,09:27:59,23861.45,23860,100,23863.8,500,250,5692925
NIFTY-I.NFO,26/12/2024,09:28:00,23865,23860.8,150,23865,350,750,5692925
NIFTY-I.NFO,26/12/2024,09:28:02,23869,23863.25,25,23869,1850,5300,5692925
NIFTY-I.NFO,26/12/2024,09:28:02,23869,23863.25,25,23869,1850,0,5692925
NIFTY-I.NFO,26/12/2024,09:28:04,23866.4,23865.15,50,23869,1725,350,5692925
NIFTY-I.NFO,26/12/2024,09:28:05,23865.2,23864,25,23868.05,525,650,5692925
NIFTY-I.NFO,26/12/2024,09:28:07,23868.1,23865,25,23868.1,25,1000,5692925
NIFTY-I.NFO,26/12/2024,09:28:09,23864.1,23864,25,23865.15,25,100,5692925
NIFTY-I.NFO,26/12/2024,09:28:10,23868.05,23864.1,525,23868.15,25,425,5692925
NIFTY-I.NFO,26/12/2024,09:28:12,23867.5,23866.55,425,23868.3,25,175,5692925
NIFTY-I.NFO,26/12/2024,09:28:14,23866.55,23866.55,50,23867.55,25,550,5692925
NIFTY-I.NFO,26/12/2024,09:28:15,23864.1,23864.1,475,23867.2,275,300,5692925
NIFTY-I.NFO,26/12/2024,09:28:17,23864.05,23861.45,250,23863.95,25,1050,5692925
NIFTY-I.NFO,26/12/2024,09:28:19,23863.1,23861.45,125,23863.1,75,475,5692925
NIFTY-I.NFO,26/12/2024,09:28:20,23862.8,23860,25,23862.45,125,425,5692925
NIFTY-I.NFO,26/12/2024,09:28:22,23860.95,23857.85,25,23860.6,50,525,5692925
NIFTY-I.NFO,26/12/2024,09:28:24,23857.85,23855.15,25,23857.85,225,325,5692925
NIFTY-I.NFO,26/12/2024,09:28:25,23854.3,23852.3,25,23854.3,100,575,5692925
NIFTY-I.NFO,26/12/2024,09:28:27,23852.2,23852.2,50,23852.3,100,400,5692925
NIFTY-I.NFO,26/12/2024,09:28:28,23852.2,23853.05,25,23858.05,50,275,5692925
NIFTY-I.NFO,26/12/2024,09:28:30,23855,23851.4,25,23857.5,100,225,5692925
NIFTY-I.NFO,26/12/2024,09:28:32,23855,23850,225,23855.15,25,125,5692925
NIFTY-I.NFO,26/12/2024,09:28:33,23850,23847.5,100,23850,250,275,5692925
NIFTY-I.NFO,26/12/2024,09:28:35,23847.85,23847.8,250,23850,225,2000,5692925
NIFTY-I.NFO,26/12/2024,09:28:37,23850,23848.6,25,23850,125,150,5692925
NIFTY-I.NFO,26/12/2024,09:28:38,23848.5,23847.3,50,23849.95,50,75,5692925
NIFTY-I.NFO,26/12/2024,09:28:40,23850,23849,25,23850,175,1225,5692925
NIFTY-I.NFO,26/12/2024,09:28:42,23850,23849.35,50,23850,500,250,5692925
NIFTY-I.NFO,26/12/2024,09:28:43,23847.65,23849,25,23849.35,475,750,5692925
NIFTY-I.NFO,26/12/2024,09:28:45,23847.5,23847.55,75,23850,900,650,5692925
NIFTY-I.NFO,26/12/2024,09:28:47,23850,23849,75,23850,750,500,5692925
NIFTY-I.NFO,26/12/2024,09:28:48,23850,23847,250,23850,600,275,5692925
NIFTY-I.NFO,26/12/2024,09:28:50,23850,23846.6,125,23850,425,175,5692925
NIFTY-I.NFO,26/12/2024,09:28:52,23850,23846.5,125,23850,225,200,5692925
NIFTY-I.NFO,26/12/2024,09:28:53,23847.6,23847.2,75,23847.6,375,425,5692925
NIFTY-I.NFO,26/12/2024,09:28:55,23850,23848.05,25,23850,275,450,5692925
NIFTY-I.NFO,26/12/2024,09:28:57,23850,23847.1,125,23850,275,25,5692925
NIFTY-I.NFO,26/12/2024,09:28:58,23847.1,23846.95,100,23847.1,25,175,5692925
NIFTY-I.NFO,26/12/2024,09:29:00,23846.7,23848.05,25,23850,750,225,5692925
NIFTY-I.NFO,26/12/2024,09:29:02,23844,23843.35,25,23847.25,25,1350,5692925
NIFTY-I.NFO,26/12/2024,09:29:03,23846.5,23840.6,25,23846.5,25,350,5692925
NIFTY-I.NFO,26/12/2024,09:29:05,23841.1,23845,25,23846.15,25,100,5692925
NIFTY-I.NFO,26/12/2024,09:29:07,23840.05,23840.05,75,23845.3,25,225,5692925
NIFTY-I.NFO,26/12/2024,09:29:08,23840.05,23840.05,50,23843.05,50,75,5692925
NIFTY-I.NFO,26/12/2024,09:29:10,23835.5,23835.5,325,23838.3,25,300,5692925
NIFTY-I.NFO,26/12/2024,09:29:12,23834.6,23838.3,25,23841.45,100,875,5692925
NIFTY-I.NFO,26/12/2024,09:29:13,23833.65,23835.1,25,23839.4,100,375,5692925
NIFTY-I.NFO,26/12/2024,09:29:15,23836.2,23835.3,25,23838.2,125,75,5692925
NIFTY-I.NFO,26/12/2024,09:29:17,23833.3,23831.35,125,23834.6,25,325,5692925
NIFTY-I.NFO,26/12/2024,09:29:18,23835.3,23835.25,25,23838.1,25,100,5692925
NIFTY-I.NFO,26/12/2024,09:29:20,23829.7,23829.65,125,23830,25,650,5692925
NIFTY-I.NFO,26/12/2024,09:29:22,23834.6,23833,125,23834.55,75,500,5692925
NIFTY-I.NFO,26/12/2024,09:29:23,23835.3,23833,100,23837.65,75,125,5692925
NIFTY-I.NFO,26/12/2024,09:29:25,23833,23831.6,100,23833,1550,300,5692925
NIFTY-I.NFO,26/12/2024,09:29:27,23831,23831,200,23833,1050,800,5692925
NIFTY-I.NFO,26/12/2024,09:29:28,23831,23831,125,23833,875,375,5692925
NIFTY-I.NFO,26/12/2024,09:29:30,23833,23832.05,25,23833,50,1000,5692925
NIFTY-I.NFO,26/12/2024,09:29:32,23834.75,23834.75,25,23835,425,2825,5692925
NIFTY-I.NFO,26/12/2024,09:29:33,23834.35,23834.25,100,23835,375,150,5692925
NIFTY-I.NFO,26/12/2024,09:29:35,23840,23836.1,25,23840,175,475,5692925
NIFTY-I.NFO,26/12/2024,09:29:37,23840,23836.9,25,23840,50,200,5692925
NIFTY-I.NFO,26/12/2024,09:29:38,23833.85,23834,25,23839.95,50,775,5692925
NIFTY-I.NFO,26/12/2024,09:29:40,23836.9,23836.75,125,23836.9,625,275,5692925
NIFTY-I.NFO,26/12/2024,09:29:42,23836.6,23835.25,200,23836.9,600,125,5692925
NIFTY-I.NFO,26/12/2024,09:29:43,23836.85,23837,75,23840,425,1150,5692925
NIFTY-I.NFO,26/12/2024,09:29:45,23840,23836.15,225,23836.75,50,575,5692925
NIFTY-I.NFO,26/12/2024,09:29:47,23840,23840,50,23840.05,75,200,5692925
NIFTY-I.NFO,26/12/2024,09:29:48,23837.45,23840.05,50,23840.15,25,125,5692925
NIFTY-I.NFO,26/12/2024,09:29:50,23840.15,23840.1,50,23840.15,25,100,5692925
NIFTY-I.NFO,26/12/2024,09:29:52,23841.1,23840.15,25,23841.1,50,100,5692925
NIFTY-I.NFO,26/12/2024,09:29:53,23844.15,23839.85,25,23844.15,75,675,5692925
NIFTY-I.NFO,26/12/2024,09:29:55,23844.15,23840.15,25,23844.85,50,50,5692925
NIFTY-I.NFO,26/12/2024,09:29:57,23838.25,23839.15,75,23840,100,175,5692925
NIFTY-I.NFO,26/12/2024,09:29:58,23839.2,23840,25,23840.15,50,200,5692925
NIFTY-I.NFO,26/12/2024,09:30:00,23839.85,23838.95,25,23839.85,250,350,5692925
NIFTY-I.NFO,26/12/2024,09:30:02,23840,23841,25,23845,275,525,5692925
NIFTY-I.NFO,26/12/2024,09:30:03,23841.8,23841.8,50,23845,175,950,5692925
NIFTY-I.NFO,26/12/2024,09:30:05,23845,23841.75,25,23845,150,200,5692925
NIFTY-I.NFO,26/12/2024,09:30:07,23845,23845,25,23847.75,75,200,5692925
NIFTY-I.NFO,26/12/2024,09:30:09,23845,23841.8,25,23846.6,50,350,5692925
NIFTY-I.NFO,26/12/2024,09:30:10,23840.7,23840.4,100,23845,50,650,5692925
NIFTY-I.NFO,26/12/2024,09:30:12,23846.9,23840.4,150,23846.3,25,925,5692925
NIFTY-I.NFO,26/12/2024,09:30:14,23846.3,23840.4,50,23845,25,50,5692925
NIFTY-I.NFO,26/12/2024,09:30:15,23845,23845,25,23846.95,25,425,5692925
NIFTY-I.NFO,26/12/2024,09:30:17,23840,23840,125,23844.7,50,400,5692925
NIFTY-I.NFO,26/12/2024,09:30:19,23844.7,23840,125,23840.4,150,50,5692925
NIFTY-I.NFO,26/12/2024,09:30:20,23842.4,23843.05,25,23845.7,25,275,5692925
NIFTY-I.NFO,26/12/2024,09:30:22,23840,23839.85,50,23840,150,275,5692925
NIFTY-I.NFO,26/12/2024,09:30:24,23837.8,23842,25,23843,25,425,5692925
NIFTY-I.NFO,26/12/2024,09:30:25,23842,23841.1,25,23843.05,50,450,5692925
NIFTY-I.NFO,26/12/2024,09:30:27,23843.05,23840,575,23842.75,25,50,5692925
NIFTY-I.NFO,26/12/2024,09:30:29,23841.7,23840.05,25,23841.55,50,275,5692925
NIFTY-I.NFO,26/12/2024,09:30:30,23841.25,23840,400,23841.25,25,550,5692925
NIFTY-I.NFO,26/12/2024,09:30:32,23840,23840,350,23841.65,25,275,5692925
NIFTY-I.NFO,26/12/2024,09:30:34,23840,23840,275,23841.7,25,75,5692925
NIFTY-I.NFO,26/12/2024,09:30:35,23840,23840.15,25,23841.05,25,400,5692925
NIFTY-I.NFO,26/12/2024,09:30:37,23839.1,23835,50,23839.75,50,975,5669800
NIFTY-I.NFO,26/12/2024,09:30:39,23839.75,23839.75,50,23840,25,100,5669800
NIFTY-I.NFO,26/12/2024,09:30:40,23841.05,23835.45,50,23841.4,25,400,5669800
NIFTY-I.NFO,26/12/2024,09:30:42,23832.9,23833.3,100,23839.1,25,125,5669800
NIFTY-I.NFO,26/12/2024,09:30:44,23839.25,23839.35,25,23839.75,50,50,5669800
NIFTY-I.NFO,26/12/2024,09:30:45,23840,23836,500,23840,200,275,5669800
NIFTY-I.NFO,26/12/2024,09:30:47,23840,23836.05,100,23840,175,50,5669800
NIFTY-I.NFO,26/12/2024,09:30:49,23840.4,23836.15,125,23840.4,25,300,5669800
NIFTY-I.NFO,26/12/2024,09:30:50,23840,23836.8,25,23840.4,25,1050,5669800
NIFTY-I.NFO,26/12/2024,09:30:52,23840.4,23840,75,23841,125,375,5669800
NIFTY-I.NFO,26/12/2024,09:30:54,23841,23838.15,25,23841,75,150,5669800
NIFTY-I.NFO,26/12/2024,09:30:55,23837.5,23838.2,25,23840,50,300,5669800
NIFTY-I.NFO,26/12/2024,09:30:57,23839.45,23841.25,25,23844.75,25,925,5669800
NIFTY-I.NFO,26/12/2024,09:30:59,23838.25,23840.5,25,23843.2,25,150,5669800
NIFTY-I.NFO,26/12/2024,09:31:00,23839.15,23839.15,25,23839.45,25,350,5669800
NIFTY-I.NFO,26/12/2024,09:31:02,23844.35,23840.4,25,23844.5,125,425,5669800
NIFTY-I.NFO,26/12/2024,09:31:04,23844.35,23843.2,75,23844.6,25,0,5669800
NIFTY-I.NFO,26/12/2024,09:31:05,23843.2,23843.2,25,23845,1475,225,5669800
NIFTY-I.NFO,26/12/2024,09:31:07,23845,23843.2,25,23845,1350,150,5669800
NIFTY-I.NFO,26/12/2024,09:31:09,23842.1,23843.25,25,23845,1300,250,5669800
NIFTY-I.NFO,26/12/2024,09:31:10,23845,23839.8,125,23845,925,1025,5669800
NIFTY-I.NFO,26/12/2024,09:31:12,23844.75,23839.85,25,23844.7,25,75,5669800
NIFTY-I.NFO,26/12/2024,09:31:14,23840,23840,25,23843.15,50,50,5669800
NIFTY-I.NFO,26/12/2024,09:31:15,23840,23840.05,25,23844.35,50,175,5669800
NIFTY-I.NFO,26/12/2024,09:31:17,23843.4,23840.1,25,23842.8,75,375,5669800
NIFTY-I.NFO,26/12/2024,09:31:19,23842.35,23839,150,23841.85,50,150,5669800
NIFTY-I.NFO,26/12/2024,09:31:20,23841.2,23839.05,25,23841.35,25,300,5669800
NIFTY-I.NFO,26/12/2024,09:31:22,23841.2,23840,125,23841.2,25,225,5669800
NIFTY-I.NFO,26/12/2024,09:31:24,23841.2,23839,150,23840.7,25,450,5669800
NIFTY-I.NFO,26/12/2024,09:31:25,23839,23838.05,25,23839.95,25,325,5669800
NIFTY-I.NFO,26/12/2024,09:31:27,23839,23838.05,25,23839,550,75,5669800
NIFTY-I.NFO,26/12/2024,09:31:29,23839,23838.05,25,23839,1850,925,5669800
NIFTY-I.NFO,26/12/2024,09:31:30,23836.45,23836.55,225,23838,700,200,5669800
NIFTY-I.NFO,26/12/2024,09:31:32,23837.1,23836.85,125,23838,700,75,5669800
NIFTY-I.NFO,26/12/2024,09:31:34,23838,23835.35,25,23838,650,1725,5669800
NIFTY-I.NFO,26/12/2024,09:31:35,23836,23835.95,125,23838,550,275,5669800
NIFTY-I.NFO,26/12/2024,09:31:37,23838,23836,150,23838,225,350,5669800
NIFTY-I.NFO,26/12/2024,09:31:39,23838,23836.1,25,23838,125,125,5669800
NIFTY-I.NFO,26/12/2024,09:31:40,23838,23836.15,25,23838,50,100,5669800
NIFTY-I.NFO,26/12/2024,09:31:42,23839,23839,125,23840,250,275,5669800
NIFTY-I.NFO,26/12/2024,09:31:44,23836.3,23836.3,100,23840,125,525,5669800
NIFTY-I.NFO,26/12/2024,09:31:45,23840,23836.75,50,23840,25,575,5669800
NIFTY-I.NFO,26/12/2024,09:31:47,23840.05,23836.8,25,23839,25,75,5669800
NIFTY-I.NFO,26/12/2024,09:31:49,23840.2,23840,100,23840.65,25,150,5669800
NIFTY-I.NFO,26/12/2024,09:31:50,23840.2,23839,25,23840.2,125,800,5669800
NIFTY-I.NFO,26/12/2024,09:31:52,23844.3,23844.3,25,23845,1650,325,5669800
NIFTY-I.NFO,26/12/2024,09:31:54,23840.2,23840,50,23843.8,25,100,5669800
NIFTY-I.NFO,26/12/2024,09:31:55,23837.25,23836.65,125,23840,100,550,5669800
NIFTY-I.NFO,26/12/2024,09:31:57,23836.85,23836.7,25,23842.4,25,600,5669800
NIFTY-I.NFO,26/12/2024,09:31:59,23836.85,23836.75,50,23841.7,25,25,5669800
NIFTY-I.NFO,26/12/2024,09:32:00,23836.1,23837.05,25,23839,50,150,5669800
NIFTY-I.NFO,26/12/2024,09:32:02,23839,23837.05,50,23840,25,75,5669800
NIFTY-I.NFO,26/12/2024,09:32:04,23837.65,23837.6,250,23842,25,250,5669800
NIFTY-I.NFO,26/12/2024,09:32:05,23837.8,23842,25,23843.9,25,800,5669800
NIFTY-I.NFO,26/12/2024,09:32:07,23839.2,23838.95,125,23840,75,75,5669800
NIFTY-I.NFO,26/12/2024,09:32:09,23840,23839.25,125,23842,75,150,5669800
NIFTY-I.NFO,26/12/2024,09:32:10,23842,23840,500,23842,75,225,5669800
NIFTY-I.NFO,26/12/2024,09:32:12,23842,23840,350,23842,50,200,5669800
NIFTY-I.NFO,26/12/2024,09:32:14,23842,23842,50,23844.3,25,100,5669800
NIFTY-I.NFO,26/12/2024,09:32:15,23842,23840,300,23842,75,175,5669800
NIFTY-I.NFO,26/12/2024,09:32:17,23843.3,23843.3,100,23845,1675,525,5669800
NIFTY-I.NFO,26/12/2024,09:32:19,23848.8,23846.05,125,23848.8,50,2000,5669800
NIFTY-I.NFO,26/12/2024,09:32:20,23846.3,23846.3,125,23847,50,50,5669800
NIFTY-I.NFO,26/12/2024,09:32:22,23850,23845.35,25,23849.95,100,700,5669800
NIFTY-I.NFO,26/12/2024,09:32:24,23844,23844,25,23845,50,100,5669800
NIFTY-I.NFO,26/12/2024,09:32:25,23845,23843.8,25,23845,25,275,5669800
NIFTY-I.NFO,26/12/2024,09:32:27,23845.55,23845.7,125,23846.4,500,150,5669800
NIFTY-I.NFO,26/12/2024,09:32:29,23846.7,23848,25,23850,1525,925,5669800
NIFTY-I.NFO,26/12/2024,09:32:30,23848.6,23849.3,250,23850,1450,125,5669800
NIFTY-I.NFO,26/12/2024,09:32:32,23850,23848.95,125,23850,1275,225,5669800
NIFTY-I.NFO,26/12/2024,09:32:34,23850,23849.8,250,23850,1175,150,5669800
NIFTY-I.NFO,26/12/2024,09:32:35,23850,23850,50,23855,75,1825,5669800
NIFTY-I.NFO,26/12/2024,09:32:37,23849.9,23850.35,25,23854.85,50,75,5669800
NIFTY-I.NFO,26/12/2024,09:32:39,23852.65,23848.65,25,23852.75,50,75,5669800
NIFTY-I.NFO,26/12/2024,09:32:40,23851.7,23848.3,50,23850.35,25,175,5669800
NIFTY-I.NFO,26/12/2024,09:32:42,23848.65,23848.35,25,23848.65,50,250,5669800
NIFTY-I.NFO,26/12/2024,09:32:44,23848.65,23848.65,50,23849.3,50,350,5669800
NIFTY-I.NFO,26/12/2024,09:32:45,23850,23848.65,25,23850.9,25,175,5669800
NIFTY-I.NFO,26/12/2024,09:32:47,23848.65,23847.05,25,23850.7,25,50,5669800
NIFTY-I.NFO,26/12/2024,09:32:49,23851.3,23847.05,25,23852.35,25,500,5669800
NIFTY-I.NFO,26/12/2024,09:32:50,23849,23849,25,23851.55,25,25,5669800
NIFTY-I.NFO,26/12/2024,09:32:52,23847.05,23847.05,25,23851.75,100,1850,5669800
NIFTY-I.NFO,26/12/2024,09:32:54,23845.5,23847.1,25,23848.35,25,325,5669800
NIFTY-I.NFO,26/12/2024,09:32:55,23848.35,23848.35,25,23851.3,50,175,5669800
NIFTY-I.NFO,26/12/2024,09:32:57,23845.6,23846.7,25,23851.15,100,375,5669800
NIFTY-I.NFO,26/12/2024,09:32:59,23846.25,23846.25,50,23850,150,75,5669800
NIFTY-I.NFO,26/12/2024,09:33:00,23846.3,23846.3,100,23850,150,50,5669800
NIFTY-I.NFO,26/12/2024,09:33:02,23846.3,23846.3,75,23850,50,200,5669800
NIFTY-I.NFO,26/12/2024,09:33:04,23849.9,23846.1,25,23849.9,75,475,5669800
NIFTY-I.NFO,26/12/2024,09:33:05,23842.85,23842.6,125,23848.85,75,250,5669800
NIFTY-I.NFO,26/12/2024,09:33:07,23843.55,23843.55,25,23848.75,50,75,5669800
NIFTY-I.NFO,26/12/2024,09:33:09,23847.1,23842.65,25,23846.75,25,25,5669800
NIFTY-I.NFO,26/12/2024,09:33:10,23846.75,23842.7,25,23846.85,25,225,5669800
NIFTY-I.NFO,26/12/2024,09:33:12,23844.95,23843.55,25,23844.95,25,25,5669800
NIFTY-I.NFO,26/12/2024,09:33:14,23842.7,23842.6,25,23842.7,50,75,5669800
NIFTY-I.NFO,26/12/2024,09:33:15,23842.6,23840.05,825,23842.6,50,350,5669800
NIFTY-I.NFO,26/12/2024,09:33:17,23842.6,23840.05,825,23842.5,25,0,5669800
NIFTY-I.NFO,26/12/2024,09:33:19,23840,23840,200,23841.5,150,975,5669800
NIFTY-I.NFO,26/12/2024,09:33:20,23839,23837.5,25,23839.75,25,475,5669800
NIFTY-I.NFO,26/12/2024,09:33:22,23837.5,23836.85,25,23838.35,50,25,5669800
NIFTY-I.NFO,26/12/2024,09:33:24,23838.05,23836,400,23837.1,50,150,5669800
NIFTY-I.NFO,26/12/2024,09:33:25,23831,23831,300,23833.25,25,1550,5669800
NIFTY-I.NFO,26/12/2024,09:33:27,23833.25,23831.05,25,23834.75,25,25,5669800
NIFTY-I.NFO,26/12/2024,09:33:29,23831.05,23831.1,25,23833,25,125,5669800
NIFTY-I.NFO,26/12/2024,09:33:30,23835.95,23833,75,23835.1,50,175,5669800
NIFTY-I.NFO,26/12/2024,09:33:32,23831,23831,300,23831.15,425,175,5669800
NIFTY-I.NFO,26/12/2024,09:33:34,23831,23830.75,25,23831,625,525,5669800
NIFTY-I.NFO,26/12/2024,09:33:35,23831,23830.8,25,23831,275,1375,5669800
NIFTY-I.NFO,26/12/2024,09:33:37,23831.55,23833.7,25,23835,125,675,5668800
NIFTY-I.NFO,26/12/2024,09:33:39,23830.1,23830.1,75,23835,125,200,5668800
NIFTY-I.NFO,26/12/2024,09:33:40,23835,23831.9,25,23835.25,25,275,5668800
NIFTY-I.NFO,26/12/2024,09:33:42,23830.1,23835.25,25,23835.95,25,50,5668800
NIFTY-I.NFO,26/12/2024,09:33:44,23832.25,23832.25,25,23836.7,25,75,5668800
NIFTY-I.NFO,26/12/2024,09:33:45,23837.05,23835,100,23836.95,25,300,5668800
NIFTY-I.NFO,26/12/2024,09:33:47,23835,23833.15,25,23835.3,25,100,5668800
NIFTY-I.NFO,26/12/2024,09:33:49,23831.55,23831.55,25,23834.55,25,400,5668800
NIFTY-I.NFO,26/12/2024,09:33:50,23830,23831.6,50,23835,200,375,5668800
NIFTY-I.NFO,26/12/2024,09:33:52,23830,23831.65,25,23832.25,50,175,5668800
NIFTY-I.NFO,26/12/2024,09:33:54,23831.5,23831.7,25,23832.25,25,250,5668800
NIFTY-I.NFO,26/12/2024,09:33:55,23831.85,23832.3,100,23836.4,25,1325,5668800
NIFTY-I.NFO,26/12/2024,09:33:57,23836.2,23832.5,25,23835,150,75,5668800
NIFTY-I.NFO,26/12/2024,09:33:59,23835,23832.55,25,23835,125,25,5668800
NIFTY-I.NFO,26/12/2024,09:34:00,23835,23832.6,25,23834.55,25,125,5668800
NIFTY-I.NFO,26/12/2024,09:34:02,23835,23832.3,175,23835,50,2650,5668800
NIFTY-I.NFO,26/12/2024,09:34:04,23834.95,23831.2,25,23835,50,150,5668800
NIFTY-I.NFO,26/12/2024,09:34:05,23832.45,23832.4,250,23839.05,75,2625,5668800
NIFTY-I.NFO,26/12/2024,09:34:07,23837.8,23836,200,23838.3,75,5500,5668800
NIFTY-I.NFO,26/12/2024,09:34:09,23831.3,23832,25,23836.25,100,2075,5668800
NIFTY-I.NFO,26/12/2024,09:34:10,23830,23829,75,23830,50,825,5668800
NIFTY-I.NFO,26/12/2024,09:34:12,23828.6,23831.05,25,23832.8,1500,650,5668800
NIFTY-I.NFO,26/12/2024,09:34:14,23831,23828,25,23831.05,25,125,5668800
NIFTY-I.NFO,26/12/2024,09:34:15,23826.55,23826.85,125,23831.05,1500,4400,5668800
NIFTY-I.NFO,26/12/2024,09:34:17,23828.3,23828.3,25,23828.6,150,625,5668800
NIFTY-I.NFO,26/12/2024,09:34:19,23829.05,23829.05,25,23831,100,400,5668800
NIFTY-I.NFO,26/12/2024,09:34:20,23829.05,23829,25,23831,100,1550,5668800
NIFTY-I.NFO,26/12/2024,09:34:22,23828,23825.35,125,23829.1,50,550,5668800
NIFTY-I.NFO,26/12/2024,09:34:24,23831.05,23829.1,25,23831,100,225,5668800
NIFTY-I.NFO,26/12/2024,09:34:25,23829.05,23825.1,125,23829.05,300,425,5668800
NIFTY-I.NFO,26/12/2024,09:34:27,23826,23823.1,275,23826,9875,1900,5668800
NIFTY-I.NFO,26/12/2024,09:34:29,23823.05,23824.25,100,23826,9350,725,5668800
NIFTY-I.NFO,26/12/2024,09:34:31,23826,23824.8,50,23826,8050,1750,5668800
NIFTY-I.NFO,26/12/2024,09:34:32,23826,23825.95,1200,23826,2650,5550,5668800
NIFTY-I.NFO,26/12/2024,09:34:34,23827.5,23829.35,125,23831.05,1250,4875,5668800
NIFTY-I.NFO,26/12/2024,09:34:36,23828.35,23828.65,125,23831.05,925,3925,5668800
NIFTY-I.NFO,26/12/2024,09:34:37,23830,23830,475,23831.05,600,375,5668800
NIFTY-I.NFO,26/12/2024,09:34:39,23829.05,23829.05,50,23831.05,600,700,5668800
NIFTY-I.NFO,26/12/2024,09:34:41,23829.05,23826,25,23830.9,100,150,5668800
NIFTY-I.NFO,26/12/2024,09:34:42,23826.9,23826.8,25,23830,25,50,5668800
NIFTY-I.NFO,26/12/2024,09:34:44,23826,23825.85,25,23831.05,525,625,5668800
NIFTY-I.NFO,26/12/2024,09:34:46,23831,23831,250,23831.05,525,900,5668800
NIFTY-I.NFO,26/12/2024,09:34:47,23825.95,23826.05,800,23831.05,275,1125,5668800
NIFTY-I.NFO,26/12/2024,09:34:49,23831,23826.05,25,23831.05,150,375,5668800
NIFTY-I.NFO,26/12/2024,09:34:51,23831,23831.05,25,23834.55,100,550,5668800
NIFTY-I.NFO,26/12/2024,09:34:52,23831,23830,25,23831,75,1150,5668800
NIFTY-I.NFO,26/12/2024,09:34:54,23830,23826,600,23831.35,25,775,5668800
NIFTY-I.NFO,26/12/2024,09:34:56,23826.05,23826.05,25,23826.9,9675,750,5668800
NIFTY-I.NFO,26/12/2024,09:34:57,23826.05,23826,650,23826.9,9025,700,5668800
NIFTY-I.NFO,26/12/2024,09:34:59,23826.9,23826.85,650,23826.9,2575,6450,5668800
NIFTY-I.NFO,26/12/2024,09:35:01,23827.7,23829.5,25,23831,500,3175,5668800
NIFTY-I.NFO,26/12/2024,09:35:02,23831,23828,125,23831,300,475,5668800
NIFTY-I.NFO,26/12/2024,09:35:04,23831.05,23831.05,75,23834.95,75,550,5668800
NIFTY-I.NFO,26/12/2024,09:35:06,23834.25,23828.15,150,23833,25,325,5668800
NIFTY-I.NFO,26/12/2024,09:35:07,23834.6,23831.05,25,23834.3,25,125,5668800
NIFTY-I.NFO,26/12/2024,09:35:09,23831.05,23828.05,25,23832.8,50,75,5668800
NIFTY-I.NFO,26/12/2024,09:35:11,23834.35,23827.7,25,23834.15,100,450,5668800
NIFTY-I.NFO,26/12/2024,09:35:12,23834.35,23827.05,25,23833,300,0,5668800
NIFTY-I.NFO,26/12/2024,09:35:14,23831.5,23827.1,25,23832.25,25,650,5668800
NIFTY-I.NFO,26/12/2024,09:35:16,23831.9,23827.1,50,23832.1,25,275,5668800
NIFTY-I.NFO,26/12/2024,09:35:17,23826.9,23827.1,25,23831.15,125,150,5668800
NIFTY-I.NFO,26/12/2024,09:35:19,23826.9,23826.9,450,23831.55,50,375,5668800
NIFTY-I.NFO,26/12/2024,09:35:21,23828.05,23828.05,175,23829.8,25,125,5668800
NIFTY-I.NFO,26/12/2024,09:35:22,23828.3,23826,1000,23829,25,1100,5668800
NIFTY-I.NFO,26/12/2024,09:35:24,23825.5,23825,75,23826,25,1575,5668800
NIFTY-I.NFO,26/12/2024,09:35:26,23818.4,23819.15,100,23820,25,1650,5668800
NIFTY-I.NFO,26/12/2024,09:35:27,23821.25,23821.3,100,23823,50,200,5668800
NIFTY-I.NFO,26/12/2024,09:35:29,23821.1,23822.15,25,23823,50,525,5668800
NIFTY-I.NFO,26/12/2024,09:35:31,23820,23820.45,25,23823,25,675,5668800
NIFTY-I.NFO,26/12/2024,09:35:32,23820,23820,1375,23823,25,25,5668800
NIFTY-I.NFO,26/12/2024,09:35:34,23822,23820.4,50,23822,100,525,5668800
NIFTY-I.NFO,26/12/2024,09:35:36,23822.2,23822.2,200,23824,1425,275,5668800
NIFTY-I.NFO,26/12/2024,09:35:37,23824,23822.45,25,23824,1375,75,5668800
NIFTY-I.NFO,26/12/2024,09:35:39,23824,23822.5,25,23824,425,950,5668800
NIFTY-I.NFO,26/12/2024,09:35:41,23821.4,23821.4,25,23822.45,500,1075,5668800
NIFTY-I.NFO,26/12/2024,09:35:42,23822,23821.4,25,23822,25,100,5668800
NIFTY-I.NFO,26/12/2024,09:35:44,23822,23820.1,25,23822.45,500,150,5668800
NIFTY-I.NFO,26/12/2024,09:35:46,23822.45,23820.15,25,23822.45,350,775,5668800
NIFTY-I.NFO,26/12/2024,09:35:47,23822.45,23820.1,25,23822.45,325,275,5668800
NIFTY-I.NFO,26/12/2024,09:35:49,23820,23820.2,25,23821.95,25,350,5668800
NIFTY-I.NFO,26/12/2024,09:35:51,23820,23820.2,25,23822,75,200,5668800
NIFTY-I.NFO,26/12/2024,09:35:52,23822.45,23820.2,25,23822.45,325,425,5668800
NIFTY-I.NFO,26/12/2024,09:35:54,23820,23820,500,23822.45,275,275,5668800
NIFTY-I.NFO,26/12/2024,09:35:56,23820.75,23820,400,23822.5,50,725,5668800
NIFTY-I.NFO,26/12/2024,09:35:57,23822.55,23822.55,25,23824,25,275,5668800
NIFTY-I.NFO,26/12/2024,09:35:59,23821,23820,350,23825,200,150,5668800
NIFTY-I.NFO,26/12/2024,09:36:01,23820,23820,150,23823.4,25,200,5668800
NIFTY-I.NFO,26/12/2024,09:36:02,23820,23819.4,25,23820,1300,900,5668800
NIFTY-I.NFO,26/12/2024,09:36:04,23820,23818.5,100,23820,1150,625,5668800
NIFTY-I.NFO,26/12/2024,09:36:06,23820,23818,450,23820,75,1200,5668800
NIFTY-I.NFO,26/12/2024,09:36:07,23820.2,23820.05,25,23822,25,375,5668800
NIFTY-I.NFO,26/12/2024,09:36:09,23822,23820,1025,23822.45,100,175,5668800
NIFTY-I.NFO,26/12/2024,09:36:11,23820,23822.45,25,23823.15,25,775,5668800
NIFTY-I.NFO,26/12/2024,09:36:12,23822,23820.4,50,23823.15,25,125,5668800
NIFTY-I.NFO,26/12/2024,09:36:14,23823.15,23820.3,25,23823.4,25,75,5668800
NIFTY-I.NFO,26/12/2024,09:36:16,23823.4,23823.4,25,23825,225,275,5668800
NIFTY-I.NFO,26/12/2024,09:36:17,23823.15,23821,25,23825,175,100,5668800
NIFTY-I.NFO,26/12/2024,09:36:19,23825.5,23825.1,25,23825.5,25,300,5668800
NIFTY-I.NFO,26/12/2024,09:36:21,23825,23825,75,23825.75,25,475,5668800
NIFTY-I.NFO,26/12/2024,09:36:22,23825.5,23826.1,25,23827,25,125,5668800
NIFTY-I.NFO,26/12/2024,09:36:24,23823.4,23824.85,25,23826,125,525,5668800
NIFTY-I.NFO,26/12/2024,09:36:26,23828.05,23826.1,25,23828.05,25,525,5668800
NIFTY-I.NFO,26/12/2024,09:36:27,23826.1,23826.1,25,23828.05,25,25,5668800
NIFTY-I.NFO,26/12/2024,09:36:29,23826.1,23826.1,25,23827.4,25,0,5668800
NIFTY-I.NFO,26/12/2024,09:36:31,23826.1,23825.75,25,23828,100,350,5668800
NIFTY-I.NFO,26/12/2024,09:36:32,23826.1,23825.75,50,23825.95,100,50,5668800
NIFTY-I.NFO,26/12/2024,09:36:34,23825.5,23824.85,25,23825.45,50,625,5668800
NIFTY-I.NFO,26/12/2024,09:36:36,23821,23821.05,25,23825.5,475,350,5668800
NIFTY-I.NFO,26/12/2024,09:36:37,23824.85,23821.2,100,23825.5,325,300,5641475
NIFTY-I.NFO,26/12/2024,09:36:39,23823.85,23823.85,25,23825.4,125,100,5641475
NIFTY-I.NFO,26/12/2024,09:36:41,23825.4,23823.85,25,23825.4,100,75,5641475
NIFTY-I.NFO,26/12/2024,09:36:42,23825.4,23823.85,25,23825,25,0,5641475
NIFTY-I.NFO,26/12/2024,09:36:44,23825,23823.5,25,23825.4,100,25,5641475
NIFTY-I.NFO,26/12/2024,09:36:46,23825.4,23823.5,25,23823.85,25,150,5641475
NIFTY-I.NFO,26/12/2024,09:36:47,23824.05,23823.45,25,23824.95,50,275,5641475
NIFTY-I.NFO,26/12/2024,09:36:49,23824.05,23823.4,25,23824.95,25,0,5641475
NIFTY-I.NFO,26/12/2024,09:36:51,23824.95,23823.35,25,23825,50,25,5641475
NIFTY-I.NFO,26/12/2024,09:36:52,23824.95,23823.3,25,23825,75,350,5641475
NIFTY-I.NFO,26/12/2024,09:36:54,23824,23822.85,25,23825,100,250,5641475
NIFTY-I.NFO,26/12/2024,09:36:56,23822,23822.85,25,23823.35,300,175,5641475
NIFTY-I.NFO,26/12/2024,09:36:57,23822,23821.75,25,23822,8450,1875,5641475
NIFTY-I.NFO,26/12/2024,09:36:59,23822,23820.8,25,23822,7575,875,5641475
NIFTY-I.NFO,26/12/2024,09:37:01,23820.75,23820.5,100,23822,6875,800,5641475
NIFTY-I.NFO,26/12/2024,09:37:02,23820,23821.7,25,23822,6875,150,5641475
NIFTY-I.NFO,26/12/2024,09:37:04,23820,23820,650,23820.8,825,200,5641475
NIFTY-I.NFO,26/12/2024,09:37:06,23820.8,23820.3,150,23820.8,625,250,5641475
NIFTY-I.NFO,26/12/2024,09:37:07,23819.2,23819.2,25,23820.8,475,1475,5641475
NIFTY-I.NFO,26/12/2024,09:37:09,23822,23821.35,100,23822,125,6825,5641475
NIFTY-I.NFO,26/12/2024,09:37:11,23823.3,23823.2,25,23823.55,25,800,5641475
NIFTY-I.NFO,26/12/2024,09:37:12,23823.55,23821.5,50,23824,225,275,5641475
NIFTY-I.NFO,26/12/2024,09:37:14,23821.4,23822,25,23824,225,25,5641475
NIFTY-I.NFO,26/12/2024,09:37:16,23825,23824.6,25,23825,100,500,5641475
NIFTY-I.NFO,26/12/2024,09:37:17,23825.4,23825,25,23825.5,700,2100,5641475
NIFTY-I.NFO,26/12/2024,09:37:19,23825.5,23823.7,100,23825.5,625,225,5641475
NIFTY-I.NFO,26/12/2024,09:37:21,23825.5,23823.85,150,23825.5,575,125,5641475
NIFTY-I.NFO,26/12/2024,09:37:22,23830,23826.6,300,23830,775,1175,5641475
NIFTY-I.NFO,26/12/2024,09:37:24,23830,23826.95,25,23830,725,75,5641475
NIFTY-I.NFO,26/12/2024,09:37:26,23825.3,23828,25,23829,50,1425,5641475
NIFTY-I.NFO,26/12/2024,09:37:27,23827,23825.8,25,23827,100,925,5641475
NIFTY-I.NFO,26/12/2024,09:37:29,23827.3,23827,25,23828,25,250,5641475
NIFTY-I.NFO,26/12/2024,09:37:31,23829,23827,25,23829.35,125,50,5641475
NIFTY-I.NFO,26/12/2024,09:37:32,23825,23827,25,23828.45,100,150,5641475
NIFTY-I.NFO,26/12/2024,09:37:34,23822.1,23822.1,25,23828.3,100,125,5641475
NIFTY-I.NFO,26/12/2024,09:37:36,23830.3,23824.05,25,23829.85,100,1925,5641475
NIFTY-I.NFO,26/12/2024,09:37:37,23824,23824.8,300,23830,25,450,5641475
NIFTY-I.NFO,26/12/2024,09:37:39,23824,23825,25,23830,25,500,5641475
NIFTY-I.NFO,26/12/2024,09:37:41,23830,23824.35,150,23829.8,25,200,5641475
NIFTY-I.NFO,26/12/2024,09:37:42,23824.4,23825.05,150,23830.35,25,25,5641475
NIFTY-I.NFO,26/12/2024,09:37:44,23824.95,23824.95,100,23830,50,75,5641475
NIFTY-I.NFO,26/12/2024,09:37:46,23824.95,23824.85,875,23830,50,375,5641475
NIFTY-I.NFO,26/12/2024,09:37:47,23825.15,23826.15,25,23829.85,25,350,5641475
NIFTY-I.NFO,26/12/2024,09:37:49,23824.6,23827.65,25,23830,50,75,5641475
NIFTY-I.NFO,26/12/2024,09:37:51,23827.8,23827.8,25,23829.8,25,75,5641475
NIFTY-I.NFO,26/12/2024,09:37:52,23829.45,23827.9,25,23829.6,25,175,5641475
NIFTY-I.NFO,26/12/2024,09:37:54,23829.6,23829.6,25,23829.9,25,225,5641475
NIFTY-I.NFO,26/12/2024,09:37:56,23830,23829.6,25,23830.05,25,200,5641475
NIFTY-I.NFO,26/12/2024,09:37:57,23830,23828.2,25,23829.6,25,100,5641475
NIFTY-I.NFO,26/12/2024,09:37:59,23829.65,23829.6,25,23830.15,25,100,5641475
NIFTY-I.NFO,26/12/2024,09:38:01,23826.2,23825.15,25,23828.75,50,250,5641475
NIFTY-I.NFO,26/12/2024,09:38:02,23825.15,23825.15,25,23828.1,25,50,5641475
NIFTY-I.NFO,26/12/2024,09:38:04,23828.1,23828.1,25,23829.35,100,450,5641475
NIFTY-I.NFO,26/12/2024,09:38:06,23828.1,23829.35,25,23829.95,25,175,5641475
NIFTY-I.NFO,26/12/2024,09:38:07,23829.35,23829.35,25,23830,800,275,5641475
NIFTY-I.NFO,26/12/2024,09:38:09,23825,23825,25,23829.25,100,125,5641475
NIFTY-I.NFO,26/12/2024,09:38:11,23825,23825,50,23828.6,100,0,5641475
NIFTY-I.NFO,26/12/2024,09:38:12,23825,23825,25,23829.6,250,100,5641475
NIFTY-I.NFO,26/12/2024,09:38:14,23829.35,23825,25,23829.6,250,1125,5641475
NIFTY-I.NFO,26/12/2024,09:38:16,23829.6,23825.5,575,23829.6,200,275,5641475
NIFTY-I.NFO,26/12/2024,09:38:17,23829.6,23826.15,75,23829.6,125,600,5641475
NIFTY-I.NFO,26/12/2024,09:38:19,23829.6,23827.65,25,23829.6,50,75,5641475
NIFTY-I.NFO,26/12/2024,09:38:21,23829.95,23829.6,100,23829.95,125,1450,5641475
NIFTY-I.NFO,26/12/2024,09:38:22,23829.65,23829.6,100,23829.95,125,25,5641475
NIFTY-I.NFO,26/12/2024,09:38:24,23829.6,23827.75,125,23829.95,125,250,5641475
NIFTY-I.NFO,26/12/2024,09:38:26,23829.95,23829.95,50,23830,250,900,5641475
NIFTY-I.NFO,26/12/2024,09:38:27,23829.95,23830,50,23830.35,25,625,5641475
NIFTY-I.NFO,26/12/2024,09:38:29,23830,23828,1000,23830,25,125,5641475
NIFTY-I.NFO,26/12/2024,09:38:31,23830.35,23830.6,25,23831,25,225,5641475
NIFTY-I.NFO,26/12/2024,09:38:32,23828.1,23828.1,25,23830.9,25,200,5641475
NIFTY-I.NFO,26/12/2024,09:38:34,23830,23828.1,25,23831,25,75,5641475
NIFTY-I.NFO,26/12/2024,09:38:36,23830.35,23829.95,25,23830.35,100,200,5641475
NIFTY-I.NFO,26/12/2024,09:38:37,23833.8,23832.3,25,23834,25,350,5641475
NIFTY-I.NFO,26/12/2024,09:38:39,23834,23832.35,25,23834.55,50,25,5641475
NIFTY-I.NFO,26/12/2024,09:38:41,23831.2,23831.3,25,23835,1525,175,5641475
NIFTY-I.NFO,26/12/2024,09:38:43,23835,23831.35,25,23835,1275,275,5641475
NIFTY-I.NFO,26/12/2024,09:38:44,23831,23831.05,25,23834.85,125,100,5641475
NIFTY-I.NFO,26/12/2024,09:38:46,23833,23832.05,25,23832.35,50,200,5641475
NIFTY-I.NFO,26/12/2024,09:38:48,23831.05,23831,975,23833.3,25,875,5641475
NIFTY-I.NFO,26/12/2024,09:38:49,23833.05,23831,975,23832.35,150,100,5641475
NIFTY-I.NFO,26/12/2024,09:38:51,23832.3,23831,975,23832.3,25,425,5641475
NIFTY-I.NFO,26/12/2024,09:38:53,23832.3,23829.05,25,23832.3,25,1125,5641475
NIFTY-I.NFO,26/12/2024,09:38:54,23832.3,23829.05,25,23832.9,25,25,5641475
NIFTY-I.NFO,26/12/2024,09:38:56,23833.6,23833.6,25,23834.95,25,300,5641475
NIFTY-I.NFO,26/12/2024,09:38:58,23832.35,23832,25,23832.3,100,225,5641475
NIFTY-I.NFO,26/12/2024,09:38:59,23833.6,23833.65,25,23835,1225,200,5641475
NIFTY-I.NFO,26/12/2024,09:39:01,23832.3,23832.3,125,23835,1225,150,5641475
NIFTY-I.NFO,26/12/2024,09:39:03,23835,23832,25,23835,1025,450,5641475
NIFTY-I.NFO,26/12/2024,09:39:04,23830.3,23831.75,100,23833.65,25,425,5641475
NIFTY-I.NFO,26/12/2024,09:39:06,23840,23837,50,23840.6,50,1725,5641475
NIFTY-I.NFO,26/12/2024,09:39:08,23840,23837.85,100,23842.35,75,250,5641475
NIFTY-I.NFO,26/12/2024,09:39:09,23840.1,23840.55,25,23842.35,50,700,5641475
NIFTY-I.NFO,26/12/2024,09:39:11,23842.35,23842.35,450,23845,425,375,5641475
NIFTY-I.NFO,26/12/2024,09:39:13,23842.35,23842.35,325,23845,375,225,5641475
NIFTY-I.NFO,26/12/2024,09:39:14,23845.3,23845.85,50,23847,25,1350,5641475
NIFTY-I.NFO,26/12/2024,09:39:16,23850,23848.95,225,23850,2675,625,5641475
NIFTY-I.NFO,26/12/2024,09:39:18,23845,23848,25,23849.9,50,500,5641475
NIFTY-I.NFO,26/12/2024,09:39:19,23848.3,23843,25,23847.4,150,100,5641475
NIFTY-I.NFO,26/12/2024,09:39:21,23847.4,23843.5,25,23846.45,100,25,5641475
NIFTY-I.NFO,26/12/2024,09:39:23,23843.5,23843.5,25,23847.4,50,175,5641475
NIFTY-I.NFO,26/12/2024,09:39:24,23846.9,23843,25,23846.9,25,25,5641475
NIFTY-I.NFO,26/12/2024,09:39:26,23848,23847.15,75,23847.95,25,200,5641475
NIFTY-I.NFO,26/12/2024,09:39:28,23848,23847.2,25,23848,75,275,5641475
NIFTY-I.NFO,26/12/2024,09:39:29,23842.6,23842.35,25,23847.45,25,1200,5641475
NIFTY-I.NFO,26/12/2024,09:39:31,23846.95,23840.35,50,23846.05,25,1075,5641475
NIFTY-I.NFO,26/12/2024,09:39:32,23840.2,23840.05,1000,23845.4,25,900,5641475
NIFTY-I.NFO,26/12/2024,09:39:34,23844.5,23840.05,1050,23843.2,50,1200,5641475
NIFTY-I.NFO,26/12/2024,09:39:36,23840.05,23840.05,625,23844.15,100,625,5641475
NIFTY-I.NFO,26/12/2024,09:39:37,23840.05,23840.05,600,23843.15,25,50,5641475
NIFTY-I.NFO,26/12/2024,09:39:39,23843,23840.05,275,23842.95,25,375,5630325
NIFTY-I.NFO,26/12/2024,09:39:41,23840.05,23842.95,25,23844.05,100,150,5630325
NIFTY-I.NFO,26/12/2024,09:39:42,23842.95,23840.05,225,23843.4,25,25,5630325
NIFTY-I.NFO,26/12/2024,09:39:44,23840.05,23840.05,25,23842.55,100,250,5630325
NIFTY-I.NFO,26/12/2024,09:39:46,23840,23834.6,225,23840,75,475,5630325
NIFTY-I.NFO,26/12/2024,09:39:47,23840.1,23833.25,100,23839.85,100,600,5630325
NIFTY-I.NFO,26/12/2024,09:39:49,23839.3,23833.1,225,23839.45,125,75,5630325
NIFTY-I.NFO,26/12/2024,09:39:51,23839.3,23830.65,100,23836.8,50,250,5630325
NIFTY-I.NFO,26/12/2024,09:39:52,23835.5,23833,775,23835.5,25,250,5630325
NIFTY-I.NFO,26/12/2024,09:39:54,23833,23830,1100,23833.5,25,775,5630325
NIFTY-I.NFO,26/12/2024,09:39:56,23833.55,23830,1050,23833.6,25,525,5630325
NIFTY-I.NFO,26/12/2024,09:39:57,23832.95,23830,925,23832.85,100,200,5630325
NIFTY-I.NFO,26/12/2024,09:39:59,23830,23827.15,25,23830.4,25,1325,5630325
NIFTY-I.NFO,26/12/2024,09:40:01,23825,23825,150,23826.5,25,500,5630325
NIFTY-I.NFO,26/12/2024,09:40:02,23822.65,23826.5,25,23829.9,25,725,5630325
NIFTY-I.NFO,26/12/2024,09:40:04,23827.75,23825,25,23828,50,350,5630325
NIFTY-I.NFO,26/12/2024,09:40:06,23821.1,23821.1,75,23825,500,325,5630325
NIFTY-I.NFO,26/12/2024,09:40:07,23827.4,23826.1,25,23827.4,25,850,5630325
NIFTY-I.NFO,26/12/2024,09:40:09,23822,23822,975,23826.9,25,100,5630325
NIFTY-I.NFO,26/12/2024,09:40:11,23826.9,23822,200,23826.85,25,2175,5630325
NIFTY-I.NFO,26/12/2024,09:40:12,23826.85,23822.05,50,23827.6,25,325,5630325
NIFTY-I.NFO,26/12/2024,09:40:14,23821.95,23822.1,50,23828,25,3125,5630325
NIFTY-I.NFO,26/12/2024,09:40:16,23827.45,23821,225,23827.4,50,325,5630325
NIFTY-I.NFO,26/12/2024,09:40:17,23821.15,23821,225,23827.25,100,425,5630325
NIFTY-I.NFO,26/12/2024,09:40:19,23827.25,23827.55,25,23828.4,25,100,5630325
NIFTY-I.NFO,26/12/2024,09:40:21,23827.25,23827.55,25,23829.05,25,0,5630325
NIFTY-I.NFO,26/12/2024,09:40:22,23823.85,23823.75,150,23825,325,275,5630325
NIFTY-I.NFO,26/12/2024,09:40:24,23827,23826.85,25,23827.6,100,475,5630325
NIFTY-I.NFO,26/12/2024,09:40:26,23825.3,23829.2,25,23830,275,200,5630325
NIFTY-I.NFO,26/12/2024,09:40:27,23829.2,23826.1,100,23827.6,150,325,5630325
NIFTY-I.NFO,26/12/2024,09:40:29,23830,23828.75,25,23830,200,350,5630325
NIFTY-I.NFO,26/12/2024,09:40:31,23830,23826.6,25,23830,125,1125,5630325
NIFTY-I.NFO,26/12/2024,09:40:32,23827.8,23827.8,25,23830.4,25,175,5630325
NIFTY-I.NFO,26/12/2024,09:40:34,23827.2,23827,25,23830,25,75,5630325
NIFTY-I.NFO,26/12/2024,09:40:36,23826.05,23826.05,125,23830,75,300,5630325
NIFTY-I.NFO,26/12/2024,09:40:37,23826.05,23826.05,75,23830,100,50,5630325
NIFTY-I.NFO,26/12/2024,09:40:39,23824.35,23824,25,23829.8,100,600,5630325
NIFTY-I.NFO,26/12/2024,09:40:41,23830,23824.7,100,23831.3,25,325,5630325
NIFTY-I.NFO,26/12/2024,09:40:42,23824.55,23824.25,25,23830.3,50,150,5630325
NIFTY-I.NFO,26/12/2024,09:40:44,23824.15,23824.2,100,23830,200,400,5630325
NIFTY-I.NFO,26/12/2024,09:40:46,23831.7,23830,25,23831.85,25,725,5630325
NIFTY-I.NFO,26/12/2024,09:40:48,23824.8,23824.75,100,23830,25,350,5630325
NIFTY-I.NFO,26/12/2024,09:40:49,23824.5,23830,25,23831.1,100,225,5630325
NIFTY-I.NFO,26/12/2024,09:40:51,23831.1,23826.3,25,23830.95,75,275,5630325
NIFTY-I.NFO,26/12/2024,09:40:53,23831.25,23830.95,25,23831.3,25,125,5630325
NIFTY-I.NFO,26/12/2024,09:40:54,23831.3,23825.1,25,23830.65,50,100,5630325
NIFTY-I.NFO,26/12/2024,09:40:56,23826.8,23830.65,25,23831.15,25,350,5630325
NIFTY-I.NFO,26/12/2024,09:40:58,23829.8,23826.85,25,23829.75,25,675,5630325
NIFTY-I.NFO,26/12/2024,09:40:59,23824.5,23830.35,25,23830.7,25,425,5630325
NIFTY-I.NFO,26/12/2024,09:41:01,23831.3,23827.1,25,23831,50,500,5630325
NIFTY-I.NFO,26/12/2024,09:41:03,23827.15,23827.15,75,23829.95,25,100,5630325
NIFTY-I.NFO,26/12/2024,09:41:04,23830.35,23830.35,25,23830.65,25,275,5630325
NIFTY-I.NFO,26/12/2024,09:41:06,23830,23826.85,25,23831.7,25,275,5630325
NIFTY-I.NFO,26/12/2024,09:41:08,23830,23826.85,25,23831.25,25,300,5630325
NIFTY-I.NFO,26/12/2024,09:41:09,23827.35,23827.35,50,23831.25,25,75,5630325
NIFTY-I.NFO,26/12/2024,09:41:11,23827.1,23827.4,50,23831,75,525,5630325
NIFTY-I.NFO,26/12/2024,09:41:13,23827.1,23827.45,25,23831,100,75,5630325
NIFTY-I.NFO,26/12/2024,09:41:14,23827.45,23827.45,25,23831,75,175,5630325
NIFTY-I.NFO,26/12/2024,09:41:16,23827.5,23830,25,23832.05,25,200,5630325
NIFTY-I.NFO,26/12/2024,09:41:18,23827.5,23830,25,23832.5,25,0,5630325
NIFTY-I.NFO,26/12/2024,09:41:19,23832.5,23832.5,25,23833,100,275,5630325
NIFTY-I.NFO,26/12/2024,09:41:21,23829.45,23833,25,23833.95,25,250,5630325
NIFTY-I.NFO,26/12/2024,09:41:23,23833,23829.05,50,23830,25,25,5630325
NIFTY-I.NFO,26/12/2024,09:41:24,23829.05,23830.9,25,23831.7,25,250,5630325
NIFTY-I.NFO,26/12/2024,09:41:26,23827.1,23827.1,550,23829.6,25,225,5630325
NIFTY-I.NFO,26/12/2024,09:41:28,23827.1,23829.6,25,23829.75,25,525,5630325
NIFTY-I.NFO,26/12/2024,09:41:29,23828.65,23827.1,400,23828.7,50,200,5630325
NIFTY-I.NFO,26/12/2024,09:41:31,23828.65,23827.1,425,23827.95,50,0,5630325
NIFTY-I.NFO,26/12/2024,09:41:32,23822.65,23823.1,25,23823.45,250,2250,5630325
NIFTY-I.NFO,26/12/2024,09:41:34,23823.45,23823.45,25,23825.15,25,450,5630325
NIFTY-I.NFO,26/12/2024,09:41:36,23821,23821,100,23825.3,250,275,5630325
NIFTY-I.NFO,26/12/2024,09:41:37,23819.1,23819.1,25,23822,125,1200,5630325
NIFTY-I.NFO,26/12/2024,09:41:39,23817.75,23817.7,25,23821.75,25,150,5630325
NIFTY-I.NFO,26/12/2024,09:41:41,23816.05,23817.7,25,23822.75,50,225,5630325
NIFTY-I.NFO,26/12/2024,09:41:42,23817.7,23817.7,25,23821.25,250,725,5630325
NIFTY-I.NFO,26/12/2024,09:41:44,23815,23811.45,50,23815,25,850,5630325
NIFTY-I.NFO,26/12/2024,09:41:46,23815.1,23815.05,25,23818.2,100,675,5630325
NIFTY-I.NFO,26/12/2024,09:41:47,23812.45,23819.1,25,23819.9,100,1050,5630325
NIFTY-I.NFO,26/12/2024,09:41:49,23813.2,23813.15,650,23817.7,50,675,5630325
NIFTY-I.NFO,26/12/2024,09:41:51,23819.1,23819.1,25,23819.15,25,125,5630325
NIFTY-I.NFO,26/12/2024,09:41:52,23819,23818.55,25,23819,25,350,5630325
NIFTY-I.NFO,26/12/2024,09:41:54,23820.5,23818.55,25,23821.6,50,50,5630325
NIFTY-I.NFO,26/12/2024,09:41:56,23819.9,23817.75,25,23820.65,100,250,5630325
NIFTY-I.NFO,26/12/2024,09:41:57,23814.8,23813.5,25,23819,50,225,5630325
NIFTY-I.NFO,26/12/2024,09:41:59,23812.95,23813.5,25,23814,4975,175,5630325
NIFTY-I.NFO,26/12/2024,09:42:01,23812.7,23812.45,25,23814,4050,950,5630325
NIFTY-I.NFO,26/12/2024,09:42:02,23814,23812.45,25,23814,3600,450,5630325
NIFTY-I.NFO,26/12/2024,09:42:04,23813.65,23813.75,100,23814,3375,350,5630325
NIFTY-I.NFO,26/12/2024,09:42:06,23814,23813.75,50,23814,1450,2100,5630325
NIFTY-I.NFO,26/12/2024,09:42:07,23814,23812.45,50,23814,975,925,5630325
NIFTY-I.NFO,26/12/2024,09:42:09,23814,23813.7,100,23815.1,25,2175,5630325
NIFTY-I.NFO,26/12/2024,09:42:11,23816,23816,25,23817.75,25,100,5630325
NIFTY-I.NFO,26/12/2024,09:42:12,23817,23817,375,23818.55,100,200,5630325
NIFTY-I.NFO,26/12/2024,09:42:14,23817,23814,550,23819.35,50,375,5630325
NIFTY-I.NFO,26/12/2024,09:42:16,23814,23814,500,23818.7,25,200,5630325
NIFTY-I.NFO,26/12/2024,09:42:17,23815,23815,50,23817,275,150,5630325
NIFTY-I.NFO,26/12/2024,09:42:19,23815.3,23815.35,1025,23817,175,1375,5630325
NIFTY-I.NFO,26/12/2024,09:42:21,23819,23817,25,23819,25,275,5630325
NIFTY-I.NFO,26/12/2024,09:42:22,23819,23817,25,23820,1275,25,5630325
NIFTY-I.NFO,26/12/2024,09:42:24,23818.45,23817,25,23820,1200,275,5630325
NIFTY-I.NFO,26/12/2024,09:42:26,23820,23816.05,25,23820,975,450,5630325
NIFTY-I.NFO,26/12/2024,09:42:27,23819,23816.05,25,23820,750,1500,5630325
NIFTY-I.NFO,26/12/2024,09:42:29,23818.45,23817,100,23818.45,25,250,5630325
NIFTY-I.NFO,26/12/2024,09:42:31,23818.45,23819.05,25,23820,600,25,5630325
NIFTY-I.NFO,26/12/2024,09:42:32,23817.15,23817,100,23820,500,175,5630325
NIFTY-I.NFO,26/12/2024,09:42:34,23820,23817,75,23820,250,300,5630325
NIFTY-I.NFO,26/12/2024,09:42:36,23820.05,23820.1,25,23822,125,1025,5630325
NIFTY-I.NFO,26/12/2024,09:42:37,23816.15,23817.05,25,23820.05,25,325,5630325
NIFTY-I.NFO,26/12/2024,09:42:39,23817.05,23821.1,25,23822,125,100,5626600
NIFTY-I.NFO,26/12/2024,09:42:41,23822,23817.05,25,23822,50,125,5626600
NIFTY-I.NFO,26/12/2024,09:42:42,23816.1,23817.05,25,23821.95,100,450,5626600
NIFTY-I.NFO,26/12/2024,09:42:44,23816,23816.1,25,23821.2,100,150,5626600
NIFTY-I.NFO,26/12/2024,09:42:46,23821,23816.7,25,23821.95,50,175,5626600
NIFTY-I.NFO,26/12/2024,09:42:47,23821,23817.2,25,23821.95,50,150,5626600
NIFTY-I.NFO,26/12/2024,09:42:49,23821,23817.25,25,23821.15,50,0,5626600
NIFTY-I.NFO,26/12/2024,09:42:51,23819.95,23817.15,25,23819.95,50,750,5626600
NIFTY-I.NFO,26/12/2024,09:42:52,23818.8,23815.15,25,23817.85,25,275,5626600
NIFTY-I.NFO,26/12/2024,09:42:54,23818.2,23813.7,25,23818.3,25,475,5626600
NIFTY-I.NFO,26/12/2024,09:42:56,23817.15,23813.8,25,23818.3,25,150,5626600
NIFTY-I.NFO,26/12/2024,09:42:57,23818.2,23815,25,23817.65,25,50,5626600
NIFTY-I.NFO,26/12/2024,09:42:59,23815.05,23815.05,25,23817.85,25,275,5626600
NIFTY-I.NFO,26/12/2024,09:43:01,23815.05,23815.1,25,23818.65,25,75,5626600
NIFTY-I.NFO,26/12/2024,09:43:02,23818.2,23814.3,25,23818.8,250,225,5626600
NIFTY-I.NFO,26/12/2024,09:43:04,23814.35,23814.35,25,23815,825,200,5626600
NIFTY-I.NFO,26/12/2024,09:43:06,23811.45,23812.45,25,23815,550,875,5626600
NIFTY-I.NFO,26/12/2024,09:43:07,23815,23812.45,25,23815,450,525,5626600
NIFTY-I.NFO,26/12/2024,09:43:09,23811.35,23811.55,50,23815,450,150,5626600
NIFTY-I.NFO,26/12/2024,09:43:11,23811.55,23811.3,25,23815,450,150,5626600
NIFTY-I.NFO,26/12/2024,09:43:12,23811.35,23811.5,25,23815,200,375,5626600
NIFTY-I.NFO,26/12/2024,09:43:14,23815,23815.05,25,23816.4,25,225,5626600
NIFTY-I.NFO,26/12/2024,09:43:16,23810.35,23813.55,25,23815,25,775,5626600
NIFTY-I.NFO,26/12/2024,09:43:17,23812.5,23812.5,25,23817.8,125,75,5626600
NIFTY-I.NFO,26/12/2024,09:43:19,23812.05,23811.7,50,23815.05,25,100,5626600
NIFTY-I.NFO,26/12/2024,09:43:21,23811.75,23815.05,100,23817.65,25,900,5626600
NIFTY-I.NFO,26/12/2024,09:43:22,23817.9,23815.05,75,23818.05,25,225,5626600
NIFTY-I.NFO,26/12/2024,09:43:24,23817.55,23811.1,25,23817.2,100,275,5626600
NIFTY-I.NFO,26/12/2024,09:43:26,23816.95,23811.15,25,23815.8,100,175,5626600
NIFTY-I.NFO,26/12/2024,09:43:27,23812.5,23812,75,23814.15,125,225,5626600
NIFTY-I.NFO,26/12/2024,09:43:29,23813.05,23812,50,23813.2,50,150,5626600
NIFTY-I.NFO,26/12/2024,09:43:31,23813.7,23812,25,23813.7,25,200,5626600
NIFTY-I.NFO,26/12/2024,09:43:32,23812,23811.35,25,23813.15,25,625,5626600
NIFTY-I.NFO,26/12/2024,09:43:34,23816,23811.35,25,23815.95,25,225,5626600
NIFTY-I.NFO,26/12/2024,09:43:36,23815.95,23811.65,50,23817.2,25,150,5626600
NIFTY-I.NFO,26/12/2024,09:43:37,23810.1,23810.25,100,23816.45,100,350,5626600
NIFTY-I.NFO,26/12/2024,09:43:39,23816.05,23810.5,625,23816.05,50,475,5626600
NIFTY-I.NFO,26/12/2024,09:43:41,23810.5,23810.5,575,23815.3,75,100,5626600
NIFTY-I.NFO,26/12/2024,09:43:42,23814.9,23810.5,425,23815.05,50,300,5626600
NIFTY-I.NFO,26/12/2024,09:43:44,23814.9,23810.5,425,23815,375,0,5626600
NIFTY-I.NFO,26/12/2024,09:43:46,23810.5,23810,50,23815,400,775,5626600
NIFTY-I.NFO,26/12/2024,09:43:47,23815,23810,75,23815,375,300,5626600
NIFTY-I.NFO,26/12/2024,09:43:49,23810.05,23810.05,375,23815,250,375,5626600
NIFTY-I.NFO,26/12/2024,09:43:51,23810.15,23810.05,375,23815.8,50,1075,5626600
NIFTY-I.NFO,26/12/2024,09:43:52,23810.05,23810.05,100,23814,25,350,5626600
NIFTY-I.NFO,26/12/2024,09:43:54,23810.05,23811,25,23813.7,100,0,5626600
NIFTY-I.NFO,26/12/2024,09:43:56,23813.75,23810.1,25,23813.65,75,275,5626600
NIFTY-I.NFO,26/12/2024,09:43:57,23810.05,23810.05,175,23810.5,50,100,5626600
NIFTY-I.NFO,26/12/2024,09:43:59,23810.5,23812.5,25,23813.6,50,50,5626600
NIFTY-I.NFO,26/12/2024,09:44:01,23810.05,23810.05,150,23812.8,25,150,5626600
NIFTY-I.NFO,26/12/2024,09:44:02,23810.05,23812.8,25,23813.55,25,0,5626600
NIFTY-I.NFO,26/12/2024,09:44:04,23813.55,23810.5,25,23813.9,25,75,5626600
NIFTY-I.NFO,26/12/2024,09:44:06,23813.9,23810.5,75,23814,50,150,5626600
NIFTY-I.NFO,26/12/2024,09:44:07,23813.9,23810.5,75,23813.95,25,225,5626600
NIFTY-I.NFO,26/12/2024,09:44:09,23810,23810,100,23813.35,25,500,5626600
NIFTY-I.NFO,26/12/2024,09:44:11,23810,23810,75,23813.2,75,100,5626600
NIFTY-I.NFO,26/12/2024,09:44:12,23807.6,23807.5,800,23807.6,2450,500,5626600
NIFTY-I.NFO,26/12/2024,09:44:14,23804.6,23809,100,23811.15,50,3225,5626600
NIFTY-I.NFO,26/12/2024,09:44:16,23804.2,23804.7,300,23811.3,25,525,5626600
NIFTY-I.NFO,26/12/2024,09:44:17,23805.55,23805.5,325,23809.05,50,375,5626600
NIFTY-I.NFO,26/12/2024,09:44:19,23809.05,23809.05,50,23810,50,125,5626600
NIFTY-I.NFO,26/12/2024,09:44:21,23809.05,23805.95,25,23809.05,425,250,5626600
NIFTY-I.NFO,26/12/2024,09:44:22,23809.05,23805.85,25,23808.7,50,250,5626600
NIFTY-I.NFO,26/12/2024,09:44:24,23805.1,23805.1,25,23809.95,50,200,5626600
NIFTY-I.NFO,26/12/2024,09:44:26,23809.05,23806,25,23811.8,25,675,5626600
NIFTY-I.NFO,26/12/2024,09:44:27,23813.8,23811.8,25,23813.75,25,875,5626600
NIFTY-I.NFO,26/12/2024,09:44:29,23808.1,23808.5,150,23813.95,25,200,5626600
NIFTY-I.NFO,26/12/2024,09:44:30,23808.6,23808.75,100,23810,100,100,5626600
NIFTY-I.NFO,26/12/2024,09:44:32,23810,23807.45,50,23813.95,75,100,5626600
NIFTY-I.NFO,26/12/2024,09:44:34,23810,23808.75,25,23810,275,100,5626600
NIFTY-I.NFO,26/12/2024,09:44:35,23810,23808.6,50,23810,125,375,5626600
NIFTY-I.NFO,26/12/2024,09:44:37,23810,23807.3,25,23810,75,125,5626600
NIFTY-I.NFO,26/12/2024,09:44:39,23810,23807.9,25,23810,50,50,5626600
NIFTY-I.NFO,26/12/2024,09:44:40,23806.9,23808,600,23812.3,50,1100,5626600
NIFTY-I.NFO,26/12/2024,09:44:42,23808,23808,525,23810,100,100,5626600
NIFTY-I.NFO,26/12/2024,09:44:43,23810,23808,525,23810,75,100,5626600
NIFTY-I.NFO,26/12/2024,09:44:45,23808,23808,100,23813.75,50,725,5626600
NIFTY-I.NFO,26/12/2024,09:44:47,23808.75,23808.85,25,23814.9,50,375,5626600
NIFTY-I.NFO,26/12/2024,09:44:48,23814,23810.8,25,23814,125,150,5626600
NIFTY-I.NFO,26/12/2024,09:44:50,23815,23814,25,23815,1150,275,5626600
NIFTY-I.NFO,26/12/2024,09:44:52,23814,23810.8,25,23815,1175,25,5626600
NIFTY-I.NFO,26/12/2024,09:44:53,23810.1,23810.1,25,23815,1150,125,5626600
NIFTY-I.NFO,26/12/2024,09:44:55,23815,23812.15,50,23815,1000,350,5626600
NIFTY-I.NFO,26/12/2024,09:44:57,23813,23812.2,25,23814.45,25,50,5626600
NIFTY-I.NFO,26/12/2024,09:44:58,23814.95,23812.25,25,23813,50,175,5626600
NIFTY-I.NFO,26/12/2024,09:45:00,23811.7,23811.7,125,23815,750,550,5626600
NIFTY-I.NFO,26/12/2024,09:45:02,23811.25,23811.65,25,23814.95,25,700,5626600
NIFTY-I.NFO,26/12/2024,09:45:03,23812.3,23812.3,25,23815,725,250,5626600
NIFTY-I.NFO,26/12/2024,09:45:05,23812.35,23812.35,25,23815,725,175,5626600
NIFTY-I.NFO,26/12/2024,09:45:06,23815,23813.45,250,23815,650,500,5626600
NIFTY-I.NFO,26/12/2024,09:45:08,23815.5,23815,125,23816,25,975,5626600
NIFTY-I.NFO,26/12/2024,09:45:10,23817.85,23818.7,25,23819,25,300,5626600
NIFTY-I.NFO,26/12/2024,09:45:11,23820,23817.1,25,23820,1150,400,5626600
NIFTY-I.NFO,26/12/2024,09:45:13,23817.15,23817.15,25,23820,1125,150,5626600
NIFTY-I.NFO,26/12/2024,09:45:15,23820,23817.2,25,23820,975,300,5626600
NIFTY-I.NFO,26/12/2024,09:45:16,23817.25,23817.25,25,23820,775,250,5626600
NIFTY-I.NFO,26/12/2024,09:45:18,23815.5,23817.15,25,23820,775,425,5626600
NIFTY-I.NFO,26/12/2024,09:45:20,23820,23817.2,25,23820,600,475,5626600
NIFTY-I.NFO,26/12/2024,09:45:21,23815.5,23817.25,25,23820,525,75,5626600
NIFTY-I.NFO,26/12/2024,09:45:23,23820,23817.3,25,23820,125,400,5626600
NIFTY-I.NFO,26/12/2024,09:45:24,23814.85,23817.35,25,23819.85,100,125,5626600
NIFTY-I.NFO,26/12/2024,09:45:26,23821,23820,25,23821,50,475,5626600
NIFTY-I.NFO,26/12/2024,09:45:28,23820,23817.85,25,23822,75,225,5626600
NIFTY-I.NFO,26/12/2024,09:45:29,23820,23817.25,25,23819.6,25,50,5626600
NIFTY-I.NFO,26/12/2024,09:45:31,23819.8,23820.05,25,23821.95,25,200,5626600
NIFTY-I.NFO,26/12/2024,09:45:33,23820,23820,225,23821.2,25,75,5626600
NIFTY-I.NFO,26/12/2024,09:45:34,23820,23820,350,23820.65,50,50,5626600
NIFTY-I.NFO,26/12/2024,09:45:36,23820,23817.9,25,23820,300,475,5626600
NIFTY-I.NFO,26/12/2024,09:45:38,23819.9,23817.9,25,23820,100,200,5626600
NIFTY-I.NFO,26/12/2024,09:45:39,23815,23815,25,23816.95,25,75,5618200
NIFTY-I.NFO,26/12/2024,09:45:41,23816.65,23814.85,50,23817.1,50,325,5618200
NIFTY-I.NFO,26/12/2024,09:45:43,23810.1,23813,25,23816.35,50,350,5618200
NIFTY-I.NFO,26/12/2024,09:45:44,23816.15,23815,150,23816.1,25,100,5618200
NIFTY-I.NFO,26/12/2024,09:45:46,23815,23813,25,23816.4,50,375,5618200
NIFTY-I.NFO,26/12/2024,09:45:48,23815,23811.2,25,23814.2,50,250,5618200
NIFTY-I.NFO,26/12/2024,09:45:49,23815,23814.2,25,23815.35,50,125,5618200
NIFTY-I.NFO,26/12/2024,09:45:51,23814,23814,375,23814.65,75,375,5618200
NIFTY-I.NFO,26/12/2024,09:45:53,23810,23811.2,25,23814.2,25,525,5618200
NIFTY-I.NFO,26/12/2024,09:45:54,23811.25,23811.25,25,23813.35,50,50,5618200
NIFTY-I.NFO,26/12/2024,09:45:56,23811,23811.25,25,23812.75,50,325,5618200
NIFTY-I.NFO,26/12/2024,09:45:58,23812.6,23810.6,25,23812.6,25,275,5618200
NIFTY-I.NFO,26/12/2024,09:45:59,23805.65,23808.45,25,23811.6,50,1250,5618200
NIFTY-I.NFO,26/12/2024,09:46:01,23811.6,23808.45,25,23811.65,50,25,5618200
NIFTY-I.NFO,26/12/2024,09:46:03,23810.8,23808.45,25,23809.45,25,150,5618200
NIFTY-I.NFO,26/12/2024,09:46:04,23807.3,23807.3,25,23809.9,25,600,5618200
NIFTY-I.NFO,26/12/2024,09:46:06,23808.45,23807.25,25,23810,500,2000,5618200
NIFTY-I.NFO,26/12/2024,09:46:08,23807.3,23807.3,25,23810,800,200,5618200
NIFTY-I.NFO,26/12/2024,09:46:09,23810,23807.3,25,23810,425,500,5618200
NIFTY-I.NFO,26/12/2024,09:46:11,23810.05,23810.1,25,23810.6,50,475,5618200
NIFTY-I.NFO,26/12/2024,09:46:13,23803.8,23804.05,25,23806,625,825,5618200
NIFTY-I.NFO,26/12/2024,09:46:14,23803.3,23809.35,25,23809.6,50,975,5618200
NIFTY-I.NFO,26/12/2024,09:46:16,23803.25,23804,25,23809.55,25,700,5618200
NIFTY-I.NFO,26/12/2024,09:46:18,23803.6,23803.55,75,23807.3,50,750,5618200
NIFTY-I.NFO,26/12/2024,09:46:19,23808.05,23807.8,25,23807.95,25,275,5618200
NIFTY-I.NFO,26/12/2024,09:46:21,23805.1,23805.1,200,23807,125,175,5618200
NIFTY-I.NFO,26/12/2024,09:46:23,23807.1,23805.1,200,23807.65,25,250,5618200
NIFTY-I.NFO,26/12/2024,09:46:24,23805.1,23805.1,25,23806.55,25,200,5618200
NIFTY-I.NFO,26/12/2024,09:46:26,23801.3,23802.85,75,23805,25,625,5618200
NIFTY-I.NFO,26/12/2024,09:46:28,23805.8,23805.85,25,23807,100,250,5618200
NIFTY-I.NFO,26/12/2024,09:46:29,23805.8,23804.15,25,23805.8,150,1000,5618200
NIFTY-I.NFO,26/12/2024,09:46:31,23805.8,23803.35,25,23805.8,50,1700,5618200
NIFTY-I.NFO,26/12/2024,09:46:33,23805.8,23805.8,50,23806,25,325,5618200
NIFTY-I.NFO,26/12/2024,09:46:34,23805.8,23806.55,25,23807,225,100,5618200
NIFTY-I.NFO,26/12/2024,09:46:36,23807.8,23807.2,50,23807.8,175,2125,5618200
NIFTY-I.NFO,26/12/2024,09:46:38,23807.8,23804.8,25,23807.8,125,50,5618200
NIFTY-I.NFO,26/12/2024,09:46:39,23805.1,23804,25,23805.1,225,50,5618200
NIFTY-I.NFO,26/12/2024,09:46:41,23804.15,23805.55,25,23807,25,450,5618200
NIFTY-I.NFO,26/12/2024,09:46:43,23807.8,23807,300,23807.8,75,125,5618200
NIFTY-I.NFO,26/12/2024,09:46:44,23807,23807,225,23807.1,50,75,5618200
NIFTY-I.NFO,26/12/2024,09:46:46,23807,23807,150,23807.15,25,275,5618200
NIFTY-I.NFO,26/12/2024,09:46:48,23809,23807.6,25,23809,250,575,5618200
NIFTY-I.NFO,26/12/2024,09:46:49,23807.6,23807,50,23808.25,25,1125,5618200
NIFTY-I.NFO,26/12/2024,09:46:51,23808.25,23808.25,25,23808.55,25,25,5618200
NIFTY-I.NFO,26/12/2024,09:46:53,23809,23805,25,23809,175,975,5618200
NIFTY-I.NFO,26/12/2024,09:46:54,23809,23805,25,23809,100,100,5618200
NIFTY-I.NFO,26/12/2024,09:46:56,23809,23803.65,75,23809,50,500,5618200
NIFTY-I.NFO,26/12/2024,09:46:58,23809,23807.8,25,23809,100,25,5618200
NIFTY-I.NFO,26/12/2024,09:46:59,23809,23809,350,23809.2,125,650,5618200
NIFTY-I.NFO,26/12/2024,09:47:01,23809.2,23809,150,23809.2,25,250,5618200
NIFTY-I.NFO,26/12/2024,09:47:03,23809.35,23809.35,400,23810,1650,225,5618200
NIFTY-I.NFO,26/12/2024,09:47:04,23809.35,23809.35,175,23810,1625,250,5618200
NIFTY-I.NFO,26/12/2024,09:47:06,23809.35,23809.35,150,23810,1450,200,5618200
NIFTY-I.NFO,26/12/2024,09:47:08,23809.5,23809.65,25,23810,2150,225,5618200
NIFTY-I.NFO,26/12/2024,09:47:09,23810,23809.95,25,23810,700,1475,5618200
NIFTY-I.NFO,26/12/2024,09:47:11,23810,23809.65,25,23810,600,175,5618200
NIFTY-I.NFO,26/12/2024,09:47:13,23811.35,23812.5,25,23813,25,700,5618200
NIFTY-I.NFO,26/12/2024,09:47:14,23813,23813,25,23813.85,100,5075,5618200
NIFTY-I.NFO,26/12/2024,09:47:16,23812.75,23810,75,23812.55,25,350,5618200
NIFTY-I.NFO,26/12/2024,09:47:18,23812.55,23812.55,25,23813,575,50,5618200
NIFTY-I.NFO,26/12/2024,09:47:19,23812.8,23810.05,25,23811.7,25,400,5618200
NIFTY-I.NFO,26/12/2024,09:47:21,23810,23810,50,23813,625,50,5618200
NIFTY-I.NFO,26/12/2024,09:47:23,23810,23810,50,23811.5,25,0,5618200
NIFTY-I.NFO,26/12/2024,09:47:24,23810,23809,125,23810,950,175,5618200
NIFTY-I.NFO,26/12/2024,09:47:26,23810,23809,125,23810,1750,350,5618200
NIFTY-I.NFO,26/12/2024,09:47:28,23809,23807.6,375,23809,525,525,5618200
NIFTY-I.NFO,26/12/2024,09:47:29,23809,23808.75,100,23809,50,550,5618200
NIFTY-I.NFO,26/12/2024,09:47:31,23809.3,23809.3,25,23810,1625,125,5618200
NIFTY-I.NFO,26/12/2024,09:47:33,23810,23809.3,25,23810,1150,50,5618200
NIFTY-I.NFO,26/12/2024,09:47:34,23810,23809.25,25,23810,125,575,5618200
NIFTY-I.NFO,26/12/2024,09:47:36,23812,23809.25,25,23812.55,100,225,5618200
NIFTY-I.NFO,26/12/2024,09:47:38,23810,23809.3,25,23812.55,100,50,5618200
NIFTY-I.NFO,26/12/2024,09:47:39,23810,23809.7,50,23812.55,100,0,5618200
NIFTY-I.NFO,26/12/2024,09:47:41,23810,23811.65,25,23812.55,100,0,5618200
NIFTY-I.NFO,26/12/2024,09:47:43,23809.65,23811.65,25,23812.55,100,200,5618200
NIFTY-I.NFO,26/12/2024,09:47:44,23811.65,23811.65,25,23812.55,100,25,5618200
NIFTY-I.NFO,26/12/2024,09:47:46,23811.65,23811.85,100,23814,25,400,5618200
NIFTY-I.NFO,26/12/2024,09:47:48,23811.65,23812.65,25,23814,25,250,5618200
NIFTY-I.NFO,26/12/2024,09:47:49,23814,23813.85,125,23814.9,25,125,5618200
NIFTY-I.NFO,26/12/2024,09:47:51,23813.1,23813.05,25,23815,325,500,5618200
NIFTY-I.NFO,26/12/2024,09:47:53,23815,23815.45,25,23817,25,350,5618200
NIFTY-I.NFO,26/12/2024,09:47:54,23815.45,23812.65,25,23814,100,25,5618200
NIFTY-I.NFO,26/12/2024,09:47:56,23815,23814.65,25,23815,375,1275,5618200
NIFTY-I.NFO,26/12/2024,09:47:58,23812.05,23813.65,25,23814.95,475,100,5618200
NIFTY-I.NFO,26/12/2024,09:47:59,23814.95,23813.65,25,23814.95,925,100,5618200
NIFTY-I.NFO,26/12/2024,09:48:01,23814.95,23811.65,25,23814.95,550,675,5618200
NIFTY-I.NFO,26/12/2024,09:48:03,23814.95,23811.65,25,23814.95,375,175,5618200
NIFTY-I.NFO,26/12/2024,09:48:04,23814.95,23813.65,25,23814.95,375,0,5618200
NIFTY-I.NFO,26/12/2024,09:48:06,23812,23814.95,25,23815,650,17100,5618200
NIFTY-I.NFO,26/12/2024,09:48:08,23815,23814.85,25,23815,100,575,5618200
NIFTY-I.NFO,26/12/2024,09:48:09,23815,23815,500,23815.55,50,100,5618200
NIFTY-I.NFO,26/12/2024,09:48:11,23815,23815,250,23815.05,25,250,5618200
NIFTY-I.NFO,26/12/2024,09:48:13,23814.85,23811.65,25,23813.75,25,300,5618200
NIFTY-I.NFO,26/12/2024,09:48:14,23811.65,23811,25,23812.95,25,75,5618200
NIFTY-I.NFO,26/12/2024,09:48:16,23813.35,23812.95,25,23814.4,25,150,5618200
NIFTY-I.NFO,26/12/2024,09:48:18,23812.95,23812.65,25,23814.25,25,25,5618200
NIFTY-I.NFO,26/12/2024,09:48:19,23815,23814.25,25,23814.8,50,300,5618200
NIFTY-I.NFO,26/12/2024,09:48:21,23814.35,23812.65,25,23814.4,50,50,5618200
NIFTY-I.NFO,26/12/2024,09:48:23,23811,23810,75,23812.55,525,50,5618200
NIFTY-I.NFO,26/12/2024,09:48:24,23812.55,23810,75,23812.55,350,200,5618200
NIFTY-I.NFO,26/12/2024,09:48:26,23812.55,23810,75,23812.55,225,200,5618200
NIFTY-I.NFO,26/12/2024,09:48:28,23812.55,23809.3,75,23812.55,150,500,5618200
NIFTY-I.NFO,26/12/2024,09:48:29,23812.55,23808.7,25,23812.55,50,100,5618200
NIFTY-I.NFO,26/12/2024,09:48:31,23812.55,23812.55,25,23814.95,50,75,5618200
NIFTY-I.NFO,26/12/2024,09:48:33,23809.4,23809.1,75,23814.95,50,525,5618200
NIFTY-I.NFO,26/12/2024,09:48:34,23814.95,23810.05,100,23814.95,25,25,5618200
NIFTY-I.NFO,26/12/2024,09:48:36,23814.95,23814.95,25,23815,1725,150,5618200
NIFTY-I.NFO,26/12/2024,09:48:38,23815,23810.5,125,23815,1700,25,5618200
NIFTY-I.NFO,26/12/2024,09:48:39,23811.75,23811.75,25,23815,1750,50,5592200
NIFTY-I.NFO,26/12/2024,09:48:41,23815,23810.15,25,23815,1675,225,5592200
NIFTY-I.NFO,26/12/2024,09:48:43,23815,23810.5,25,23815,1625,225,5592200
NIFTY-I.NFO,26/12/2024,09:48:44,23815,23810.15,25,23815,1475,575,5592200
NIFTY-I.NFO,26/12/2024,09:48:46,23815,23810.15,25,23814.95,25,200,5592200
NIFTY-I.NFO,26/12/2024,09:48:48,23815,23810.15,25,23814.6,100,50,5592200
NIFTY-I.NFO,26/12/2024,09:48:49,23813.4,23810.15,25,23813.45,50,150,5592200
NIFTY-I.NFO,26/12/2024,09:48:51,23813.4,23809.65,25,23811.5,50,0,5592200
NIFTY-I.NFO,26/12/2024,09:48:53,23807.6,23807.6,75,23809.95,50,375,5592200
NIFTY-I.NFO,26/12/2024,09:48:54,23811.1,23807.6,25,23811.3,50,225,5592200
NIFTY-I.NFO,26/12/2024,09:48:56,23811.1,23807.6,25,23810.6,25,0,5592200
NIFTY-I.NFO,26/12/2024,09:48:58,23807.6,23807,75,23809,25,600,5592200
NIFTY-I.NFO,26/12/2024,09:48:59,23809,23809,25,23811,25,25,5592200
NIFTY-I.NFO,26/12/2024,09:49:01,23810.95,23807.25,25,23811.1,150,150,5592200
NIFTY-I.NFO,26/12/2024,09:49:03,23811.1,23811.25,25,23813.05,25,225,5592200
NIFTY-I.NFO,26/12/2024,09:49:05,23813.05,23813.05,25,23814,25,225,5592200
NIFTY-I.NFO,26/12/2024,09:49:06,23813.05,23810.7,25,23812,50,25,5592200
NIFTY-I.NFO,26/12/2024,09:49:08,23808.7,23807,100,23810.05,25,200,5592200
NIFTY-I.NFO,26/12/2024,09:49:10,23807,23807,75,23809.05,25,25,5592200
NIFTY-I.NFO,26/12/2024,09:49:11,23807,23807,75,23808.4,25,0,5592200
NIFTY-I.NFO,26/12/2024,09:49:13,23803,23803,75,23806.6,75,600,5592200
NIFTY-I.NFO,26/12/2024,09:49:15,23801,23801,700,23805.2,50,800,5592200
NIFTY-I.NFO,26/12/2024,09:49:16,23801,23805.2,25,23806,25,300,5592200
NIFTY-I.NFO,26/12/2024,09:49:18,23801,23801.65,25,23806.6,25,150,5592200
NIFTY-I.NFO,26/12/2024,09:49:20,23802,23805.65,50,23806.9,25,125,5592200
NIFTY-I.NFO,26/12/2024,09:49:21,23801.15,23801.45,25,23803,25,1900,5592200
NIFTY-I.NFO,26/12/2024,09:49:23,23801,23803,50,23805,450,150,5592200
NIFTY-I.NFO,26/12/2024,09:49:25,23805,23801,525,23805,350,275,5592200
NIFTY-I.NFO,26/12/2024,09:49:26,23803,23801.3,75,23803,125,1550,5592200
NIFTY-I.NFO,26/12/2024,09:49:28,23803,23803,25,23805,350,325,5592200
NIFTY-I.NFO,26/12/2024,09:49:30,23805,23801.35,25,23805,225,500,5592200
NIFTY-I.NFO,26/12/2024,09:49:31,23801.15,23801.1,25,23805,200,400,5592200
NIFTY-I.NFO,26/12/2024,09:49:33,23805,23802.25,75,23805,275,50,5592200
NIFTY-I.NFO,26/12/2024,09:49:35,23805,23801.75,25,23805,150,250,5592200
NIFTY-I.NFO,26/12/2024,09:49:36,23805,23801.2,25,23805,50,525,5592200
NIFTY-I.NFO,26/12/2024,09:49:38,23801.25,23805.05,25,23805.2,100,1050,5592200
NIFTY-I.NFO,26/12/2024,09:49:40,23805.2,23805,150,23805.2,75,150,5592200
NIFTY-I.NFO,26/12/2024,09:49:41,23807.1,23805.2,25,23807.3,125,300,5592200
NIFTY-I.NFO,26/12/2024,09:49:43,23800.05,23800,525,23805,25,175,5592200
NIFTY-I.NFO,26/12/2024,09:49:45,23805.05,23800,525,23805.05,1400,425,5592200
NIFTY-I.NFO,26/12/2024,09:49:46,23800,23800,475,23805.05,1375,75,5592200
NIFTY-I.NFO,26/12/2024,09:49:48,23802.35,23801.1,50,23805.05,1375,400,5592200
NIFTY-I.NFO,26/12/2024,09:49:50,23805,23800.9,50,23805,400,250,5592200
NIFTY-I.NFO,26/12/2024,09:49:51,23801.95,23801.2,150,23805.05,1375,425,5592200
NIFTY-I.NFO,26/12/2024,09:49:53,23801.35,23801.4,475,23805.05,1350,575,5592200
NIFTY-I.NFO,26/12/2024,09:49:55,23805.05,23800.45,25,23805.05,1225,125,5592200
NIFTY-I.NFO,26/12/2024,09:49:56,23805,23802,25,23805,50,25,5592200
NIFTY-I.NFO,26/12/2024,09:49:58,23805.05,23801.15,25,23805.05,1075,275,5592200
NIFTY-I.NFO,26/12/2024,09:50:00,23805.05,23801,25,23805.05,925,450,5592200
NIFTY-I.NFO,26/12/2024,09:50:01,23800,23800,275,23805,500,475,5592200
NIFTY-I.NFO,26/12/2024,09:50:03,23805,23800,450,23805,275,225,5592200
NIFTY-I.NFO,26/12/2024,09:50:05,23805,23800.85,50,23805,175,150,5592200
NIFTY-I.NFO,26/12/2024,09:50:06,23800.9,23800.6,50,23805,150,75,5592200
NIFTY-I.NFO,26/12/2024,09:50:08,23805,23800.25,25,23805,100,275,5592200
NIFTY-I.NFO,26/12/2024,09:50:10,23800,23799,50,23803.85,100,750,5592200
NIFTY-I.NFO,26/12/2024,09:50:11,23797.9,23798.05,25,23802.15,50,675,5592200
NIFTY-I.NFO,26/12/2024,09:50:13,23795.8,23798.05,25,23802.05,100,375,5592200
NIFTY-I.NFO,26/12/2024,09:50:15,23803.95,23798.05,25,23803.2,100,275,5592200
NIFTY-I.NFO,26/12/2024,09:50:16,23798.4,23798.4,50,23800,25,450,5592200
NIFTY-I.NFO,26/12/2024,09:50:18,23801.1,23801.1,25,23804,175,150,5592200
NIFTY-I.NFO,26/12/2024,09:50:20,23804,23800.45,25,23804,75,225,5592200
NIFTY-I.NFO,26/12/2024,09:50:21,23801.45,23801.45,50,23804,50,375,5592200
NIFTY-I.NFO,26/12/2024,09:50:23,23804,23802.05,25,23804.95,25,100,5592200
NIFTY-I.NFO,26/12/2024,09:50:25,23804.9,23802,25,23804.5,75,200,5592200
NIFTY-I.NFO,26/12/2024,09:50:26,23801.1,23801.1,925,23802,25,100,5592200
NIFTY-I.NFO,26/12/2024,09:50:28,23801.1,23801.1,850,23802,50,200,5592200
NIFTY-I.NFO,26/12/2024,09:50:30,23801.1,23802,25,23804,25,300,5592200
NIFTY-I.NFO,26/12/2024,09:50:31,23801.1,23801.1,75,23803.5,75,600,5592200
NIFTY-I.NFO,26/12/2024,09:50:33,23801.1,23800.65,25,23802.7,250,75,5592200
NIFTY-I.NFO,26/12/2024,09:50:35,23802,23799.75,25,23802,50,275,5592200
NIFTY-I.NFO,26/12/2024,09:50:36,23802,23801.1,1000,23801.45,250,75,5592200
NIFTY-I.NFO,26/12/2024,09:50:38,23801.1,23799.65,25,23801.4,75,1250,5592200
NIFTY-I.NFO,26/12/2024,09:50:40,23802.95,23801.45,25,23803.05,100,50,5592200
NIFTY-I.NFO,26/12/2024,09:50:41,23799.9,23799.9,25,23803.6,100,425,5592200
NIFTY-I.NFO,26/12/2024,09:50:43,23803.55,23803.7,25,23804,100,100,5592200
NIFTY-I.NFO,26/12/2024,09:50:45,23802.25,23802.25,25,23804,25,250,5592200
NIFTY-I.NFO,26/12/2024,09:50:46,23804,23802.35,25,23803.6,250,375,5592200
NIFTY-I.NFO,26/12/2024,09:50:48,23803.55,23800.7,25,23803,50,500,5592200
NIFTY-I.NFO,26/12/2024,09:50:50,23797.75,23800.7,25,23803.7,25,225,5592200
NIFTY-I.NFO,26/12/2024,09:50:51,23803.9,23801.9,25,23803.9,100,175,5592200
NIFTY-I.NFO,26/12/2024,09:50:53,23800,23798.2,25,23800,625,475,5592200
NIFTY-I.NFO,26/12/2024,09:50:55,23801.3,23803.45,25,23803.9,25,800,5592200
NIFTY-I.NFO,26/12/2024,09:50:56,23803.95,23803.95,25,23804,100,100,5592200
NIFTY-I.NFO,26/12/2024,09:50:58,23803.95,23797.15,50,23802.45,100,350,5592200
NIFTY-I.NFO,26/12/2024,09:51:00,23801.3,23797.3,25,23800.55,25,50,5592200
NIFTY-I.NFO,26/12/2024,09:51:01,23795.25,23797.3,25,23800.35,75,1200,5592200
NIFTY-I.NFO,26/12/2024,09:51:03,23802.6,23801.25,25,23802.35,250,675,5592200
NIFTY-I.NFO,26/12/2024,09:51:05,23796.4,23796.4,25,23801.3,50,200,5592200
NIFTY-I.NFO,26/12/2024,09:51:06,23801.3,23801.3,25,23802.45,50,200,5592200
NIFTY-I.NFO,26/12/2024,09:51:08,23801.3,23801.3,25,23803,50,325,5592200
NIFTY-I.NFO,26/12/2024,09:51:10,23800,23798.3,25,23800.45,875,150,5592200
NIFTY-I.NFO,26/12/2024,09:51:11,23798.95,23798.6,100,23800.45,400,525,5592200
NIFTY-I.NFO,26/12/2024,09:51:13,23803,23798.35,175,23802.7,75,950,5592200
NIFTY-I.NFO,26/12/2024,09:51:15,23800,23800,150,23802,50,225,5592200
NIFTY-I.NFO,26/12/2024,09:51:16,23802,23802,25,23802.7,75,125,5592200
