Ticker,Date,Time,LTP,BuyPrice,BuyQty,SellPrice,SellQty,LTQ,OpenInterest
BANKNIFTY-III.NFO,01/11/2024,18:00:40,52635,52640.05,60,52699.95,45,45,4305
BANKNIFTY-III.NFO,01/11/2024,18:00:40,52699.95,52640.05,60,52699.95,45,0,4305
BANKNIFTY-III.NFO,01/11/2024,18:00:40,52699.95,52640.05,60,52699.95,45,0,4305
BANKNIFTY-III.NFO,01/11/2024,18:00:40,52635,52640.05,60,52699.95,45,0,4305
BANKNIFTY-III.NFO,01/11/2024,18:01:34,52698.95,52627.3,30,52698.95,60,90,4380
BANKNIFTY-III.NFO,01/11/2024,18:02:14,52670,52635.25,60,52697.95,30,75,4380
BANKNIFTY-III.NFO,01/11/2024,18:02:53,52644.1,52643.6,45,52679.95,60,165,4380
BANKNIFTY-III.NFO,01/11/2024,18:03:15,52644.1,52631.35,45,52650.3,15,0,4380
BANKNIFTY-III.NFO,01/11/2024,18:03:19,52644.1,52627.2,75,52650.3,15,0,4380
BANKNIFTY-III.NFO,01/11/2024,18:03:20,52644.1,52629,45,52650.3,15,0,4380
BANKNIFTY-III.NFO,01/11/2024,18:03:22,52644.1,52637,45,52644,15,0,4380
BANKNIFTY-III.NFO,01/11/2024,18:03:24,52644.1,52639.7,45,52644,15,0,4380
BANKNIFTY-III.NFO,01/11/2024,18:03:25,52644,52644.15,45,52650.3,15,15,4380
BANKNIFTY-III.NFO,01/11/2024,18:03:27,52644,52644.15,45,52650.3,15,0,4380
BANKNIFTY-III.NFO,01/11/2024,18:03:30,52644.1,52640,15,52650.3,15,60,4380
BANKNIFTY-III.NFO,01/11/2024,18:03:32,52640,52636.25,30,52650.3,15,15,4380
BANKNIFTY-III.NFO,01/11/2024,18:03:34,52640,52640.15,30,52650.3,15,0,4380
BANKNIFTY-III.NFO,01/11/2024,18:03:35,52640,52637.65,30,52650.3,15,0,4380
BANKNIFTY-III.NFO,01/11/2024,18:03:37,52640,52640.85,30,52650.3,15,0,4380
BANKNIFTY-III.NFO,01/11/2024,18:03:38,52640,52638.8,30,52650.3,15,0,4380
BANKNIFTY-III.NFO,01/11/2024,18:03:40,52640,52638.25,30,52650.3,15,0,4380
BANKNIFTY-III.NFO,01/11/2024,18:03:42,52640,52638.95,30,52650.3,15,0,4380
BANKNIFTY-III.NFO,01/11/2024,18:03:43,52640,52640.55,30,52650.3,15,0,4380
BANKNIFTY-III.NFO,01/11/2024,18:03:45,52640,52640,15,52650.3,15,15,4380
BANKNIFTY-III.NFO,01/11/2024,18:03:48,52640,52640.65,30,52650.3,15,0,4380
BANKNIFTY-III.NFO,01/11/2024,18:03:50,52640,52640,30,52650.3,15,0,4380
BANKNIFTY-III.NFO,01/11/2024,18:03:51,52640,52640.7,30,52650.3,15,0,4380
BANKNIFTY-III.NFO,01/11/2024,18:03:53,52640,52640,30,52650.3,15,0,4380
BANKNIFTY-III.NFO,01/11/2024,18:03:54,52640,52640.15,30,52650.3,15,0,4380
BANKNIFTY-III.NFO,01/11/2024,18:03:56,52641.05,52642.15,135,52650.3,15,15,4380
BANKNIFTY-III.NFO,01/11/2024,18:03:57,52644.15,52643.05,135,52650.3,15,15,4380
BANKNIFTY-III.NFO,01/11/2024,18:03:59,52644.15,52643.9,30,52650.3,15,0,4380
BANKNIFTY-III.NFO,01/11/2024,18:04:01,52644.15,52644.85,30,52650.3,15,0,4380
BANKNIFTY-III.NFO,01/11/2024,18:04:02,52644.15,52647.9,165,52650.3,15,0,4380
BANKNIFTY-III.NFO,01/11/2024,18:04:04,52644.15,52646.35,30,52650.3,15,0,4380
BANKNIFTY-III.NFO,01/11/2024,18:04:05,52644.15,52645.9,135,52650.3,15,0,4380
BANKNIFTY-III.NFO,01/11/2024,18:04:07,52645.65,52644.75,30,52650.3,15,15,4380
BANKNIFTY-III.NFO,01/11/2024,18:04:09,52645.65,52642.4,135,52650.3,15,0,4380
BANKNIFTY-III.NFO,01/11/2024,18:04:10,52645.65,52646,15,52650.3,15,0,4380
BANKNIFTY-III.NFO,01/11/2024,18:04:35,52646,52645.65,30,52650.3,15,15,4575
BANKNIFTY-III.NFO,01/11/2024,18:04:37,52646,52645.65,30,52650.3,15,0,4575
BANKNIFTY-III.NFO,01/11/2024,18:04:38,52646,52645.65,30,52650,15,0,4575
BANKNIFTY-III.NFO,01/11/2024,18:05:00,52645.65,52645.65,15,52650.3,15,15,4575
BANKNIFTY-III.NFO,01/11/2024,18:05:01,52645.65,52645.65,15,52650.3,15,0,4575
BANKNIFTY-III.NFO,01/11/2024,18:05:27,52645.65,52645,15,52650.3,15,15,4575
BANKNIFTY-III.NFO,01/11/2024,18:05:29,52645.65,52645,15,52650.3,15,0,4575
BANKNIFTY-III.NFO,01/11/2024,18:05:31,52650.3,52650.3,75,52665.6,60,15,4575
BANKNIFTY-III.NFO,01/11/2024,18:05:32,52650.3,52650.3,75,52671.4,60,0,4575
BANKNIFTY-III.NFO,01/11/2024,18:05:35,52650.3,52650.3,75,52671.2,60,0,4575
BANKNIFTY-III.NFO,01/11/2024,18:05:37,52650.3,52650.3,75,52664.75,60,0,4575
BANKNIFTY-III.NFO,01/11/2024,18:05:39,52650.3,52645,15,52651.85,60,75,4575
BANKNIFTY-III.NFO,01/11/2024,18:05:40,52650.3,52645,15,52667.1,60,0,4575
BANKNIFTY-III.NFO,01/11/2024,18:05:42,52667.1,52645,15,52671.3,60,15,4575
BANKNIFTY-III.NFO,01/11/2024,18:05:44,52667.1,52645,15,52671.1,60,0,4575
BANKNIFTY-III.NFO,01/11/2024,18:05:45,52667.1,52645,15,52670.8,60,0,4575
BANKNIFTY-III.NFO,01/11/2024,18:05:47,52667.1,52645,15,52671.4,60,0,4575
BANKNIFTY-III.NFO,01/11/2024,18:05:49,52667.1,52645,15,52670.8,60,0,4575
BANKNIFTY-III.NFO,01/11/2024,18:05:50,52667.1,52645,15,52670.2,60,0,4575
BANKNIFTY-III.NFO,01/11/2024,18:05:52,52667.1,52645,15,52669.6,60,0,4575
BANKNIFTY-III.NFO,01/11/2024,18:05:53,52667.1,52645,15,52669.5,60,0,4575
BANKNIFTY-III.NFO,01/11/2024,18:05:55,52667.1,52645,15,52666.55,60,0,4575
BANKNIFTY-III.NFO,01/11/2024,18:05:57,52667.1,52645,15,52657.75,60,0,4575
BANKNIFTY-III.NFO,01/11/2024,18:05:58,52667.1,52645,15,52666.95,60,0,4575
BANKNIFTY-III.NFO,01/11/2024,18:06:02,52667.1,52645,15,52660.05,60,0,4575
BANKNIFTY-III.NFO,01/11/2024,18:06:03,52667.1,52645,15,52666.55,60,0,4575
BANKNIFTY-III.NFO,01/11/2024,18:06:06,52667.1,52645,15,52664.95,60,0,4575
BANKNIFTY-III.NFO,01/11/2024,18:06:10,52667.1,52645,15,52663.45,60,0,4575
BANKNIFTY-III.NFO,01/11/2024,18:06:13,52667.1,52645,15,52664.95,60,0,4575
BANKNIFTY-III.NFO,01/11/2024,18:06:27,52667.1,52645,15,52663.65,60,0,4575
BANKNIFTY-III.NFO,01/11/2024,18:06:28,52667.1,52645,15,52663.55,60,0,4575
BANKNIFTY-III.NFO,01/11/2024,18:06:30,52667.1,52645,15,52663.65,60,0,4575
BANKNIFTY-III.NFO,01/11/2024,18:06:36,52667.1,52645,15,52659.05,60,0,4575
BANKNIFTY-III.NFO,01/11/2024,18:06:38,52667.1,52645,15,52657.1,60,0,4575
BANKNIFTY-III.NFO,01/11/2024,18:06:40,52667.1,52645,15,52656.7,60,0,4575
BANKNIFTY-III.NFO,01/11/2024,18:06:41,52667.1,52645,15,52655.95,60,0,4575
BANKNIFTY-III.NFO,01/11/2024,18:06:43,52667.1,52645,15,52655.45,60,0,4575
BANKNIFTY-III.NFO,01/11/2024,18:06:44,52667.1,52645,15,52655.05,60,0,4575
BANKNIFTY-III.NFO,01/11/2024,18:06:46,52645,52640,30,52654.65,60,15,4575
BANKNIFTY-III.NFO,01/11/2024,18:06:48,52645,52640,30,52654.25,60,0,4575
BANKNIFTY-III.NFO,01/11/2024,18:06:49,52645,52640,30,52653.85,60,0,4575
BANKNIFTY-III.NFO,01/11/2024,18:06:51,52640,52640,15,52653.45,60,15,4575
BANKNIFTY-III.NFO,01/11/2024,18:06:52,52640,52640,15,52655.65,60,0,4575
BANKNIFTY-III.NFO,01/11/2024,18:06:58,52640,52640,15,52649.45,60,0,4575
BANKNIFTY-III.NFO,01/11/2024,18:07:08,52640,52640,15,52646.95,60,0,4575
BANKNIFTY-III.NFO,01/11/2024,18:07:10,52640,52640,15,52647.95,60,0,4575
BANKNIFTY-III.NFO,01/11/2024,18:07:11,52640,52640,15,52648.75,60,0,4575
BANKNIFTY-III.NFO,01/11/2024,18:07:13,52640,52640,15,52647.6,60,0,4575
BANKNIFTY-III.NFO,01/11/2024,18:07:14,52640,52640,15,52648.95,60,0,4575
BANKNIFTY-III.NFO,01/11/2024,18:07:19,52640,52640,15,52646.75,60,0,4575
BANKNIFTY-III.NFO,01/11/2024,18:07:22,52640,52640,15,52648.55,60,0,4575
BANKNIFTY-III.NFO,01/11/2024,18:07:24,52640,52640,15,52649.15,60,0,4575
BANKNIFTY-III.NFO,01/11/2024,18:07:26,52640,52640,15,52648,60,0,4575
BANKNIFTY-III.NFO,01/11/2024,18:07:27,52640,52640,15,52649.95,60,0,4575
BANKNIFTY-III.NFO,01/11/2024,18:07:31,52640,52630,45,52649.95,60,15,4725
BANKNIFTY-III.NFO,01/11/2024,18:07:32,52640,52630,45,52640,15,0,4725
BANKNIFTY-III.NFO,01/11/2024,18:07:37,52640,52630.05,15,52640,15,0,4725
BANKNIFTY-III.NFO,01/11/2024,18:07:46,52640,52630,45,52640,15,0,4725
BANKNIFTY-III.NFO,01/11/2024,18:07:47,52630,52630.05,15,52649.95,60,15,4725
BANKNIFTY-III.NFO,01/11/2024,18:07:47,52630,52630.05,15,52649.95,60,0,4725
BANKNIFTY-III.NFO,01/11/2024,18:07:49,52630,52630.05,15,52649.95,60,0,4725
BANKNIFTY-III.NFO,01/11/2024,18:07:55,52630,52630.05,15,52641,45,0,4725
BANKNIFTY-III.NFO,01/11/2024,18:07:57,52630,52631.05,15,52641,45,0,4725
BANKNIFTY-III.NFO,01/11/2024,18:07:59,52630,52635,150,52641,45,0,4725
BANKNIFTY-III.NFO,01/11/2024,18:08:06,52630,52635,180,52641,45,0,4725
BANKNIFTY-III.NFO,01/11/2024,18:08:18,52641,52645,105,52649.95,60,45,4725
BANKNIFTY-III.NFO,01/11/2024,18:08:19,52641,52645,105,52649.95,60,0,4725
BANKNIFTY-III.NFO,01/11/2024,18:08:39,52649.95,52645,105,52649.95,60,30,4725
BANKNIFTY-III.NFO,01/11/2024,18:08:40,52649.95,52645,105,52649.95,60,0,4725
BANKNIFTY-III.NFO,01/11/2024,18:08:43,52649.95,52645,105,52650,45,0,4725
BANKNIFTY-III.NFO,01/11/2024,18:09:25,52650,52650,15,52660.95,60,90,4725
BANKNIFTY-III.NFO,01/11/2024,18:10:14,52650,52650,15,52660.95,60,30,4725
BANKNIFTY-III.NFO,01/11/2024,18:10:16,52650,52650,15,52660.95,60,0,4725
BANKNIFTY-III.NFO,01/11/2024,18:10:20,52650,52650,15,52658.15,60,0,4725
BANKNIFTY-III.NFO,01/11/2024,18:10:21,52650,52650,15,52660.85,60,0,4725
BANKNIFTY-III.NFO,01/11/2024,18:10:23,52650,52650,15,52655.65,45,0,4725
BANKNIFTY-III.NFO,01/11/2024,18:10:26,52650,52628.1,45,52655.65,30,30,4725
BANKNIFTY-III.NFO,01/11/2024,18:10:28,52650,52629.75,45,52655.65,30,0,4725
BANKNIFTY-III.NFO,01/11/2024,18:10:29,52650,52632.85,45,52660.35,45,0,4725
BANKNIFTY-III.NFO,01/11/2024,18:10:31,52650,52630.1,45,52659.9,45,0,4725
BANKNIFTY-III.NFO,01/11/2024,18:10:32,52650,52631.35,45,52659.75,45,0,4725
BANKNIFTY-III.NFO,01/11/2024,18:10:34,52650,52635.2,45,52659.75,45,0,4725
BANKNIFTY-III.NFO,01/11/2024,18:10:36,52650,52636.55,45,52659.75,45,0,4725
BANKNIFTY-III.NFO,01/11/2024,18:10:37,52650,52638.45,45,52659.75,45,0,4725
BANKNIFTY-III.NFO,01/11/2024,18:10:39,52650,52636.4,45,52659.75,45,0,4725
BANKNIFTY-III.NFO,01/11/2024,18:10:42,52650,52631.75,45,52659.75,45,0,4725
BANKNIFTY-III.NFO,01/11/2024,18:10:44,52650,52635.85,45,52659.75,45,0,4725
BANKNIFTY-III.NFO,01/11/2024,18:10:45,52650,52633.8,45,52656.9,45,0,4725
BANKNIFTY-III.NFO,01/11/2024,18:10:47,52650,52631.1,45,52656.9,45,0,4725
BANKNIFTY-III.NFO,01/11/2024,18:10:49,52650,52635.1,45,52656.9,45,0,4725
BANKNIFTY-III.NFO,01/11/2024,18:10:50,52650,52631.1,45,52656.7,45,0,4725
BANKNIFTY-III.NFO,01/11/2024,18:10:52,52650,52635.1,45,52660.85,60,0,4725
BANKNIFTY-III.NFO,01/11/2024,18:10:54,52650,52635.1,45,52660.4,60,0,4725
BANKNIFTY-III.NFO,01/11/2024,18:10:55,52650,52635.1,45,52657.7,60,0,4725
BANKNIFTY-III.NFO,01/11/2024,18:10:57,52650,52631.1,45,52656.85,45,0,4725
BANKNIFTY-III.NFO,01/11/2024,18:10:58,52650,52632.45,45,52656.85,45,0,4725
BANKNIFTY-III.NFO,01/11/2024,18:11:00,52650,52628,45,52656.1,45,0,4725
BANKNIFTY-III.NFO,01/11/2024,18:11:05,52650,52630.1,45,52655.65,45,0,4725
BANKNIFTY-III.NFO,01/11/2024,18:11:07,52650,52630.1,45,52659.95,60,0,4725
BANKNIFTY-III.NFO,01/11/2024,18:11:08,52650,52626.05,45,52655.8,45,0,4725
BANKNIFTY-III.NFO,01/11/2024,18:11:10,52650,52626.9,45,52656.2,60,0,4725
BANKNIFTY-III.NFO,01/11/2024,18:11:11,52650,52627.55,45,52655.65,45,0,4725
BANKNIFTY-III.NFO,01/11/2024,18:11:13,52650,52628.35,45,52660.95,60,0,4725
BANKNIFTY-III.NFO,01/11/2024,18:11:15,52650,52628.75,45,52660.95,60,0,4725
BANKNIFTY-III.NFO,01/11/2024,18:11:17,52650,52629.25,45,52655.95,45,0,4725
BANKNIFTY-III.NFO,01/11/2024,18:11:18,52645.05,52629.55,45,52655.95,45,15,4725
BANKNIFTY-III.NFO,01/11/2024,18:11:20,52645.05,52628.6,45,52655.9,60,0,4905
BANKNIFTY-III.NFO,01/11/2024,18:11:22,52645.05,52628.6,45,52660.1,60,0,4905
BANKNIFTY-III.NFO,01/11/2024,18:11:23,52645.05,52628.6,45,52660.95,60,0,4905
BANKNIFTY-III.NFO,01/11/2024,18:11:25,52645.05,52628.35,45,52660.95,60,0,4905
BANKNIFTY-III.NFO,01/11/2024,18:11:26,52645.05,52632,45,52645.05,15,0,4905
BANKNIFTY-III.NFO,01/11/2024,18:11:28,52645.05,52632.3,45,52645.05,15,0,4905
BANKNIFTY-III.NFO,01/11/2024,18:11:29,52645.05,52633.45,45,52645.05,15,0,4905
BANKNIFTY-III.NFO,01/11/2024,18:11:31,52645.05,52633.65,45,52645.05,15,0,4905
BANKNIFTY-III.NFO,01/11/2024,18:11:33,52645.05,52632.8,45,52645.05,15,0,4905
BANKNIFTY-III.NFO,01/11/2024,18:11:34,52645.05,52632.55,45,52645.05,15,0,4905
BANKNIFTY-III.NFO,01/11/2024,18:11:36,52645.05,52630.75,45,52645.05,15,0,4905
BANKNIFTY-III.NFO,01/11/2024,18:11:37,52645.05,52630.9,45,52645.05,15,0,4905
BANKNIFTY-III.NFO,01/11/2024,18:11:39,52645.05,52631.25,45,52645.05,15,0,4905
BANKNIFTY-III.NFO,01/11/2024,18:11:40,52645.05,52630.6,45,52645.05,15,0,4905
BANKNIFTY-III.NFO,01/11/2024,18:11:42,52645.05,52630.25,75,52645.05,15,0,4905
BANKNIFTY-III.NFO,01/11/2024,18:11:43,52645.05,52629.1,45,52645.05,15,0,4905
BANKNIFTY-III.NFO,01/11/2024,18:11:45,52645.05,52626.6,45,52645.05,15,0,4905
BANKNIFTY-III.NFO,01/11/2024,18:11:47,52645.05,52627.35,45,52644.95,45,0,4905
BANKNIFTY-III.NFO,01/11/2024,18:11:48,52645.05,52628.65,45,52645.05,15,0,4905
BANKNIFTY-III.NFO,01/11/2024,18:11:50,52645.05,52627.6,45,52644.95,45,0,4905
BANKNIFTY-III.NFO,01/11/2024,18:11:51,52627.6,52627.55,30,52644.95,45,45,4905
BANKNIFTY-III.NFO,01/11/2024,18:11:51,52627.6,52627.55,30,52644.95,45,0,4905
BANKNIFTY-III.NFO,01/11/2024,18:11:53,52627.6,52627.05,30,52644.95,45,0,4905
BANKNIFTY-III.NFO,01/11/2024,18:11:55,52627.6,52624.6,30,52643.6,45,0,4905
BANKNIFTY-III.NFO,01/11/2024,18:11:56,52627.6,52618,30,52639.7,45,0,4905
BANKNIFTY-III.NFO,01/11/2024,18:11:58,52627.6,52613.45,45,52644.3,60,0,4905
BANKNIFTY-III.NFO,01/11/2024,18:12:00,52627.6,52610.15,45,52643.4,60,0,4905
BANKNIFTY-III.NFO,01/11/2024,18:12:01,52627.6,52610.15,45,52638.75,60,0,4905
BANKNIFTY-III.NFO,01/11/2024,18:12:03,52627.6,52610.15,45,52641.65,60,0,4905
BANKNIFTY-III.NFO,01/11/2024,18:12:04,52627.6,52610.15,45,52644.8,60,0,4905
BANKNIFTY-III.NFO,01/11/2024,18:12:06,52627.6,52610.15,45,52643,60,0,4905
BANKNIFTY-III.NFO,01/11/2024,18:12:08,52627.6,52615.85,30,52643,60,0,4905
BANKNIFTY-III.NFO,01/11/2024,18:12:09,52627.6,52614.85,30,52627.6,15,0,4905
BANKNIFTY-III.NFO,01/11/2024,18:12:11,52627.6,52613.35,30,52627.6,15,0,4905
BANKNIFTY-III.NFO,01/11/2024,18:12:13,52627.6,52614.4,30,52627.6,15,0,4905
BANKNIFTY-III.NFO,01/11/2024,18:12:14,52627.6,52613.4,15,52627.6,15,0,4905
BANKNIFTY-III.NFO,01/11/2024,18:12:17,52627.6,52612,30,52627.6,15,0,4905
BANKNIFTY-III.NFO,01/11/2024,18:12:19,52627.6,52612.5,30,52627.6,15,0,4905
BANKNIFTY-III.NFO,01/11/2024,18:12:21,52627.6,52613.9,15,52627.6,15,0,4905
BANKNIFTY-III.NFO,01/11/2024,18:12:22,52627.6,52614.85,30,52627.6,15,0,4905
BANKNIFTY-III.NFO,01/11/2024,18:12:24,52627.6,52612.85,30,52627.6,15,0,4905
BANKNIFTY-III.NFO,01/11/2024,18:12:27,52627.6,52614,30,52627.6,15,0,4905
BANKNIFTY-III.NFO,01/11/2024,18:12:29,52627.6,52614.05,30,52627.6,15,0,4905
BANKNIFTY-III.NFO,01/11/2024,18:12:30,52627.6,52614.45,30,52627.6,15,0,4905
BANKNIFTY-III.NFO,01/11/2024,18:12:32,52627.6,52619,30,52627.6,15,0,4905
BANKNIFTY-III.NFO,01/11/2024,18:12:34,52627.6,52617.65,30,52627.6,15,0,4905
BANKNIFTY-III.NFO,01/11/2024,18:12:37,52627.6,52615.9,30,52627.6,15,0,4905
BANKNIFTY-III.NFO,01/11/2024,18:12:38,52627.6,52616.05,30,52627.6,15,0,4905
BANKNIFTY-III.NFO,01/11/2024,18:12:40,52627.6,52615.9,30,52627.6,15,0,4905
BANKNIFTY-III.NFO,01/11/2024,18:12:42,52627.6,52617.05,30,52627.6,15,0,4905
BANKNIFTY-III.NFO,01/11/2024,18:12:43,52627.6,52618.15,30,52627.6,15,0,4905
BANKNIFTY-III.NFO,01/11/2024,18:12:45,52627.6,52615.65,135,52645.8,60,0,4905
BANKNIFTY-III.NFO,01/11/2024,18:12:46,52627.6,52613.65,135,52648.05,60,0,4905
BANKNIFTY-III.NFO,01/11/2024,18:12:48,52627.6,52619.25,30,52639.7,45,0,4905
BANKNIFTY-III.NFO,01/11/2024,18:12:50,52627.6,52619.8,30,52639.7,45,0,4905
BANKNIFTY-III.NFO,01/11/2024,18:12:51,52627.6,52621.4,30,52641.5,45,0,4905
BANKNIFTY-III.NFO,01/11/2024,18:12:53,52627.6,52622.45,30,52641.45,60,0,4905
BANKNIFTY-III.NFO,01/11/2024,18:12:54,52620.9,52621.85,30,52641.5,45,15,4905
BANKNIFTY-III.NFO,01/11/2024,18:12:54,52620.9,52621.85,30,52641.5,45,0,4905
BANKNIFTY-III.NFO,01/11/2024,18:12:56,52620.9,52621.25,30,52641.5,45,0,4905
BANKNIFTY-III.NFO,01/11/2024,18:12:58,52620.9,52622.65,30,52641.5,45,0,4905
BANKNIFTY-III.NFO,01/11/2024,18:12:59,52620.9,52622.1,45,52641.5,45,0,4905
BANKNIFTY-III.NFO,01/11/2024,18:13:01,52620.9,52622.8,45,52639.85,45,0,4905
BANKNIFTY-III.NFO,01/11/2024,18:13:03,52620.9,52622.8,45,52642.9,45,0,4905
BANKNIFTY-III.NFO,01/11/2024,18:13:04,52620.9,52623.55,45,52639.15,45,0,4905
BANKNIFTY-III.NFO,01/11/2024,18:13:06,52620.9,52618.7,30,52638.25,45,0,4905
BANKNIFTY-III.NFO,01/11/2024,18:13:07,52620.9,52618.35,30,52642.25,60,0,4905
BANKNIFTY-III.NFO,01/11/2024,18:13:09,52620.9,52620.2,30,52637.65,45,0,4905
BANKNIFTY-III.NFO,01/11/2024,18:13:11,52620.9,52620.45,30,52639.75,45,0,4905
BANKNIFTY-III.NFO,01/11/2024,18:13:12,52620.9,52620.95,30,52642.6,45,0,4905
BANKNIFTY-III.NFO,01/11/2024,18:13:14,52620.9,52627,30,52642.95,60,0,4905
BANKNIFTY-III.NFO,01/11/2024,18:13:15,52620.9,52625.65,30,52643,90,0,4905
BANKNIFTY-III.NFO,01/11/2024,18:13:17,52620.9,52629.25,30,52642.8,45,0,4905
BANKNIFTY-III.NFO,01/11/2024,18:13:18,52620.9,52620.9,15,52642.95,60,0,4905
BANKNIFTY-III.NFO,01/11/2024,18:13:20,52620.9,52620.9,15,52637.65,45,0,4905
BANKNIFTY-III.NFO,01/11/2024,18:13:21,52620.9,52625.2,30,52643,90,0,4905
BANKNIFTY-III.NFO,01/11/2024,18:13:23,52620.9,52627.75,30,52643,90,0,4905
BANKNIFTY-III.NFO,01/11/2024,18:13:25,52620.9,52627.9,30,52642.8,45,0,4905
BANKNIFTY-III.NFO,01/11/2024,18:13:26,52620.9,52628,30,52642.8,45,0,4905
BANKNIFTY-III.NFO,01/11/2024,18:13:28,52628,52623.15,45,52642.8,45,15,4965
BANKNIFTY-III.NFO,01/11/2024,18:13:29,52628.1,52623.15,45,52641.65,45,15,4965
BANKNIFTY-III.NFO,01/11/2024,18:13:31,52628.1,52625.45,30,52641.65,45,0,4965
BANKNIFTY-III.NFO,01/11/2024,18:13:32,52628.1,52625.2,45,52649.65,60,0,4965
BANKNIFTY-III.NFO,01/11/2024,18:13:34,52628.1,52628.85,30,52645.65,45,0,4965
BANKNIFTY-III.NFO,01/11/2024,18:13:35,52628.85,52623.05,45,52645.05,45,30,4965
BANKNIFTY-III.NFO,01/11/2024,18:13:37,52628.85,52627.65,30,52645.05,45,0,4965
BANKNIFTY-III.NFO,01/11/2024,18:13:39,52628.85,52627.35,30,52649.55,60,0,4965
BANKNIFTY-III.NFO,01/11/2024,18:13:40,52628.85,52628.15,30,52645.7,45,0,4965
BANKNIFTY-III.NFO,01/11/2024,18:13:42,52628.85,52627.35,30,52645.65,60,0,4965
BANKNIFTY-III.NFO,01/11/2024,18:13:43,52628.85,52630.8,30,52645.95,60,0,4965
BANKNIFTY-III.NFO,01/11/2024,18:13:45,52628.85,52630.8,30,52649.95,60,0,4965
BANKNIFTY-III.NFO,01/11/2024,18:13:47,52628.85,52626.65,30,52646.1,60,0,4965
BANKNIFTY-III.NFO,01/11/2024,18:13:48,52628.85,52624.95,30,52630,15,0,4965
BANKNIFTY-III.NFO,01/11/2024,18:13:50,52628.85,52623.35,30,52630,15,0,4965
BANKNIFTY-III.NFO,01/11/2024,18:13:51,52628.85,52624.65,30,52630,15,0,4965
BANKNIFTY-III.NFO,01/11/2024,18:13:53,52628.85,52624.55,30,52630,15,0,4965
BANKNIFTY-III.NFO,01/11/2024,18:13:54,52628.85,52623.6,30,52630,15,0,4965
BANKNIFTY-III.NFO,01/11/2024,18:13:56,52628.85,52620.9,15,52649.95,60,0,4965
BANKNIFTY-III.NFO,01/11/2024,18:14:05,52628.85,52620.9,15,52644.45,60,0,4965
BANKNIFTY-III.NFO,01/11/2024,18:14:07,52628.85,52620.9,15,52639.35,60,0,4965
BANKNIFTY-III.NFO,01/11/2024,18:14:08,52628.85,52620.9,15,52644.15,60,0,4965
BANKNIFTY-III.NFO,01/11/2024,18:14:10,52628.85,52620.9,15,52649.95,60,0,4965
BANKNIFTY-III.NFO,01/11/2024,18:14:11,52628.85,52620.9,15,52639.5,60,0,4965
BANKNIFTY-III.NFO,01/11/2024,18:14:13,52628.85,52620.9,15,52644,60,0,4965
BANKNIFTY-III.NFO,01/11/2024,18:14:14,52628.85,52620.9,15,52647.75,60,0,4965
BANKNIFTY-III.NFO,01/11/2024,18:14:15,52628.85,52620.9,15,52637.4,60,0,4965
BANKNIFTY-III.NFO,01/11/2024,18:14:17,52628.85,52620.9,15,52649.95,60,0,4965
BANKNIFTY-III.NFO,01/11/2024,18:14:18,52628.85,52620.9,15,52638.15,60,0,4965
BANKNIFTY-III.NFO,01/11/2024,18:14:20,52620.9,52610.35,135,52643.85,60,15,4965
BANKNIFTY-III.NFO,01/11/2024,18:14:22,52620.9,52610.35,135,52640.25,60,0,4965
BANKNIFTY-III.NFO,01/11/2024,18:14:23,52620.9,52613.8,30,52649.95,60,0,4965
BANKNIFTY-III.NFO,01/11/2024,18:14:25,52620.9,52610.95,135,52639.05,60,0,4965
BANKNIFTY-III.NFO,01/11/2024,18:14:26,52620.9,52603.6,75,52640.25,60,0,4965
BANKNIFTY-III.NFO,01/11/2024,18:14:28,52620.9,52613.25,30,52637,45,0,4965
BANKNIFTY-III.NFO,01/11/2024,18:14:30,52620.9,52610.9,135,52640.25,60,0,4965
BANKNIFTY-III.NFO,01/11/2024,18:14:31,52620.9,52610.9,135,52643.85,60,0,4965
BANKNIFTY-III.NFO,01/11/2024,18:14:33,52620.9,52610.9,135,52644.3,60,0,4965
BANKNIFTY-III.NFO,01/11/2024,18:14:35,52620.9,52610.9,135,52648.8,60,0,4965
BANKNIFTY-III.NFO,01/11/2024,18:14:36,52620.9,52610.25,135,52643.55,60,0,4965
BANKNIFTY-III.NFO,01/11/2024,18:14:38,52620.9,52610.25,135,52639.8,60,0,4965
BANKNIFTY-III.NFO,01/11/2024,18:14:39,52620.9,52610.25,135,52643.7,60,0,4965
BANKNIFTY-III.NFO,01/11/2024,18:14:41,52620.9,52609.4,135,52642.5,60,0,4965
BANKNIFTY-III.NFO,01/11/2024,18:14:42,52620.9,52609.4,135,52640.85,60,0,4965
BANKNIFTY-III.NFO,01/11/2024,18:14:44,52620.9,52608.8,135,52649.95,60,0,4965
BANKNIFTY-III.NFO,01/11/2024,18:14:45,52620.9,52600,30,52649.95,60,0,4965
BANKNIFTY-III.NFO,01/11/2024,18:14:47,52647.45,52605.95,15,52647.45,60,15,4965
BANKNIFTY-III.NFO,01/11/2024,18:14:49,52647.45,52603.9,15,52649.95,60,0,4965
BANKNIFTY-III.NFO,01/11/2024,18:14:50,52647.45,52603.9,15,52644.3,60,0,4965
BANKNIFTY-III.NFO,01/11/2024,18:14:52,52647.45,52600.05,15,52648.2,60,0,4965
BANKNIFTY-III.NFO,01/11/2024,18:14:54,52647.45,52600.05,15,52634.85,60,0,4965
BANKNIFTY-III.NFO,01/11/2024,18:14:55,52647.45,52600.05,15,52639.7,60,0,4965
BANKNIFTY-III.NFO,01/11/2024,18:14:57,52647.45,52601,15,52639.25,60,0,4965
BANKNIFTY-III.NFO,01/11/2024,18:14:58,52647.45,52601,15,52629.8,45,0,4965
BANKNIFTY-III.NFO,01/11/2024,18:15:00,52647.45,52601.9,15,52640.25,60,0,4965
BANKNIFTY-III.NFO,01/11/2024,18:15:02,52647.45,52601.9,15,52636.2,60,0,4965
BANKNIFTY-III.NFO,01/11/2024,18:15:03,52647.45,52601.9,15,52639.6,60,0,4965
BANKNIFTY-III.NFO,01/11/2024,18:15:05,52647.45,52604.1,15,52641,60,0,4965
BANKNIFTY-III.NFO,01/11/2024,18:15:07,52647.45,52602.6,15,52634.85,60,0,4965
BANKNIFTY-III.NFO,01/11/2024,18:15:08,52647.45,52602.6,15,52634.95,60,0,4965
BANKNIFTY-III.NFO,01/11/2024,18:15:10,52647.45,52602.6,15,52639.65,60,0,4965
BANKNIFTY-III.NFO,01/11/2024,18:15:11,52647.45,52613.05,15,52634.9,45,0,4965
BANKNIFTY-III.NFO,01/11/2024,18:15:13,52647.45,52600.05,15,52639.95,60,0,4965
BANKNIFTY-III.NFO,01/11/2024,18:15:15,52647.45,52602.65,15,52639.95,60,0,4965
BANKNIFTY-III.NFO,01/11/2024,18:15:17,52647.45,52602.65,15,52634.9,60,0,4965
BANKNIFTY-III.NFO,01/11/2024,18:15:19,52647.45,52602.55,15,52638.65,60,0,4965
BANKNIFTY-III.NFO,01/11/2024,18:15:20,52647.45,52602.55,15,52636.7,60,0,4965
BANKNIFTY-III.NFO,01/11/2024,18:15:22,52647.45,52607.65,15,52635.8,60,0,4965
BANKNIFTY-III.NFO,01/11/2024,18:15:23,52647.45,52602.2,15,52636.85,60,0,4965
BANKNIFTY-III.NFO,01/11/2024,18:15:25,52647.45,52602.3,15,52636.55,60,0,4965
BANKNIFTY-III.NFO,01/11/2024,18:15:27,52647.45,52602.2,15,52638.95,60,0,4965
BANKNIFTY-III.NFO,01/11/2024,18:15:28,52647.45,52604.3,15,52639.95,60,0,4965
BANKNIFTY-III.NFO,01/11/2024,18:15:30,52647.45,52604.5,15,52635.95,60,0,4965
BANKNIFTY-III.NFO,01/11/2024,18:15:31,52604.25,52608.1,30,52632.1,45,90,4965
BANKNIFTY-III.NFO,01/11/2024,18:15:31,52604.25,52608.1,30,52632.1,45,0,4965
BANKNIFTY-III.NFO,01/11/2024,18:15:33,52604.25,52604.3,15,52639.95,60,0,4965
BANKNIFTY-III.NFO,01/11/2024,18:15:35,52604.25,52604.7,120,52639.95,60,0,4965
BANKNIFTY-III.NFO,01/11/2024,18:15:36,52604.25,52601.9,120,52639.95,60,0,4965
BANKNIFTY-III.NFO,01/11/2024,18:15:39,52604.25,52601.9,120,52636.05,60,0,4965
BANKNIFTY-III.NFO,01/11/2024,18:15:41,52604.25,52600,30,52638.5,60,0,4965
BANKNIFTY-III.NFO,01/11/2024,18:15:43,52604.25,52601.8,120,52639.35,60,0,4965
BANKNIFTY-III.NFO,01/11/2024,18:15:44,52604.25,52603.2,120,52636.55,60,0,4965
BANKNIFTY-III.NFO,01/11/2024,18:15:46,52604.25,52602.8,120,52639.1,60,0,4965
BANKNIFTY-III.NFO,01/11/2024,18:15:48,52604.25,52607.4,45,52635.1,45,0,4965
BANKNIFTY-III.NFO,01/11/2024,18:15:49,52604.25,52612.95,30,52637.9,60,0,4965
BANKNIFTY-III.NFO,01/11/2024,18:15:51,52604.25,52612.6,30,52630,45,0,4965
BANKNIFTY-III.NFO,01/11/2024,18:15:53,52604.25,52612.7,30,52630,45,0,4965
BANKNIFTY-III.NFO,01/11/2024,18:15:54,52604.25,52610.9,45,52630,45,0,4965
BANKNIFTY-III.NFO,01/11/2024,18:15:56,52604.25,52611.55,30,52630,45,0,4965
BANKNIFTY-III.NFO,01/11/2024,18:15:57,52604.25,52613.75,30,52630,45,0,4965
BANKNIFTY-III.NFO,01/11/2024,18:15:59,52604.25,52611.7,30,52630,45,0,4965
BANKNIFTY-III.NFO,01/11/2024,18:16:01,52604.25,52613.9,30,52630,45,0,4965
BANKNIFTY-III.NFO,01/11/2024,18:16:02,52604.25,52610.9,30,52629.8,45,0,4965
BANKNIFTY-III.NFO,01/11/2024,18:16:04,52604.25,52611.25,30,52629.9,45,0,4965
BANKNIFTY-III.NFO,01/11/2024,18:16:06,52604.25,52611.65,30,52629.9,45,0,4965
BANKNIFTY-III.NFO,01/11/2024,18:16:07,52604.25,52612.15,30,52628.25,45,0,4965
BANKNIFTY-III.NFO,01/11/2024,18:16:09,52604.25,52610.35,30,52629.8,45,0,4965
BANKNIFTY-III.NFO,01/11/2024,18:16:11,52604.25,52610.8,30,52628.85,45,0,4965
BANKNIFTY-III.NFO,01/11/2024,18:16:12,52604.25,52611.5,30,52629.9,45,0,4965
BANKNIFTY-III.NFO,01/11/2024,18:16:14,52604.25,52611.6,30,52629.75,45,0,4965
BANKNIFTY-III.NFO,01/11/2024,18:16:15,52604.25,52612.6,30,52630,45,0,4965
BANKNIFTY-III.NFO,01/11/2024,18:16:17,52604.25,52614.1,30,52630,45,0,4965
BANKNIFTY-III.NFO,01/11/2024,18:16:19,52604.25,52613.8,30,52630,45,0,4965
BANKNIFTY-III.NFO,01/11/2024,18:16:20,52604.25,52604.25,15,52639.95,60,0,4965
BANKNIFTY-III.NFO,01/11/2024,18:16:22,52604.25,52611.2,30,52637.6,60,0,4965
BANKNIFTY-III.NFO,01/11/2024,18:16:24,52604.25,52611.9,30,52635.35,60,0,4965
BANKNIFTY-III.NFO,01/11/2024,18:16:25,52604.25,52613.55,30,52632.35,60,0,4965
BANKNIFTY-III.NFO,01/11/2024,18:16:27,52604.25,52612.25,30,52631.45,60,0,4965
BANKNIFTY-III.NFO,01/11/2024,18:16:29,52604.25,52604.25,15,52639.95,60,0,4965
BANKNIFTY-III.NFO,01/11/2024,18:16:32,52604.25,52604,15,52639.95,60,15,5100
BANKNIFTY-III.NFO,01/11/2024,18:16:33,52604.25,52604,15,52639.95,60,0,5100
BANKNIFTY-III.NFO,01/11/2024,18:16:35,52604.25,52604.2,45,52634.55,60,0,5100
BANKNIFTY-III.NFO,01/11/2024,18:16:37,52604.25,52612.75,30,52639.95,60,0,5100
BANKNIFTY-III.NFO,01/11/2024,18:16:38,52604.25,52604,15,52639.95,60,0,5100
BANKNIFTY-III.NFO,01/11/2024,18:17:00,52604.25,52620.15,30,52634.65,45,0,5100
BANKNIFTY-III.NFO,01/11/2024,18:17:01,52604.25,52623.1,30,52634.65,45,0,5100
BANKNIFTY-III.NFO,01/11/2024,18:17:03,52604.25,52619.8,30,52634.9,60,0,5100
BANKNIFTY-III.NFO,01/11/2024,18:17:05,52604.25,52623.15,30,52636.7,45,0,5100
BANKNIFTY-III.NFO,01/11/2024,18:17:06,52604.25,52622.65,30,52635.2,45,0,5100
BANKNIFTY-III.NFO,01/11/2024,18:17:08,52604.25,52623.2,30,52635.2,45,0,5100
BANKNIFTY-III.NFO,01/11/2024,18:17:10,52604.25,52620.15,30,52639.85,60,0,5100
BANKNIFTY-III.NFO,01/11/2024,18:17:11,52604.25,52620.65,30,52634.9,60,0,5100
BANKNIFTY-III.NFO,01/11/2024,18:17:13,52604.25,52620.8,30,52636.4,60,0,5100
BANKNIFTY-III.NFO,01/11/2024,18:17:17,52604.25,52619,30,52639.85,60,0,5100
BANKNIFTY-III.NFO,01/11/2024,18:17:19,52619.05,52618.65,15,52639.95,60,15,5100
BANKNIFTY-III.NFO,01/11/2024,18:17:20,52619.05,52618,15,52639.95,60,0,5100
BANKNIFTY-III.NFO,01/11/2024,18:17:23,52619.05,52616.95,15,52639.95,60,0,5100
BANKNIFTY-III.NFO,01/11/2024,18:17:27,52619.05,52615.05,15,52638.2,60,0,5100
BANKNIFTY-III.NFO,01/11/2024,18:17:28,52619.05,52615,15,52637,60,0,5100
BANKNIFTY-III.NFO,01/11/2024,18:17:30,52619.05,52615.1,15,52636.55,60,0,5100
BANKNIFTY-III.NFO,01/11/2024,18:17:32,52619.05,52614,15,52629.95,60,0,5100
BANKNIFTY-III.NFO,01/11/2024,18:17:33,52604.1,52604.1,30,52638.65,60,30,5100
BANKNIFTY-III.NFO,01/11/2024,18:17:33,52604.1,52604.1,30,52638.65,60,0,5100
BANKNIFTY-III.NFO,01/11/2024,18:17:35,52604.1,52604.1,30,52623.95,60,0,5100
BANKNIFTY-III.NFO,01/11/2024,18:17:37,52604.1,52604.1,30,52637.6,60,0,5100
BANKNIFTY-III.NFO,01/11/2024,18:17:38,52604.1,52604.1,30,52633.1,60,0,5100
BANKNIFTY-III.NFO,01/11/2024,18:17:40,52604.1,52604.1,30,52630.1,60,0,5100
BANKNIFTY-III.NFO,01/11/2024,18:17:41,52604.1,52604.1,30,52633.7,60,0,5100
BANKNIFTY-III.NFO,01/11/2024,18:17:43,52604.1,52604,15,52636.85,60,0,5100
BANKNIFTY-III.NFO,01/11/2024,18:17:45,52604.1,52604,15,52634.45,60,0,5100
BANKNIFTY-III.NFO,01/11/2024,18:17:46,52604.1,52604,15,52635.35,60,0,5100
BANKNIFTY-III.NFO,01/11/2024,18:17:48,52604.1,52604,15,52624.4,60,0,5100
BANKNIFTY-III.NFO,01/11/2024,18:17:50,52604.1,52604,15,52626.8,60,0,5100
BANKNIFTY-III.NFO,01/11/2024,18:17:51,52604.1,52604,15,52634.2,60,0,5100
BANKNIFTY-III.NFO,01/11/2024,18:17:53,52600,52595.15,15,52619.9,60,60,5100
BANKNIFTY-III.NFO,01/11/2024,18:17:53,52600,52595.15,15,52619.9,60,0,5100
BANKNIFTY-III.NFO,01/11/2024,18:17:55,52595.15,52580.05,45,52618.15,60,15,5100
BANKNIFTY-III.NFO,01/11/2024,18:17:55,52595.15,52580.05,45,52618.15,60,0,5100
BANKNIFTY-III.NFO,01/11/2024,18:17:56,52595.15,52580.05,45,52614.1,60,0,5100
BANKNIFTY-III.NFO,01/11/2024,18:17:58,52595.15,52580.05,45,52601.95,60,0,5100
BANKNIFTY-III.NFO,01/11/2024,18:18:00,52595.15,52580.05,45,52594.6,45,0,5100
BANKNIFTY-III.NFO,01/11/2024,18:18:01,52595.15,52580.05,45,52600.75,60,0,5100
BANKNIFTY-III.NFO,01/11/2024,18:18:03,52595.15,52580,735,52596.3,60,0,5100
BANKNIFTY-III.NFO,01/11/2024,18:18:04,52595.15,52580.05,45,52598.3,60,0,5100
BANKNIFTY-III.NFO,01/11/2024,18:18:06,52595.15,52580.05,45,52601.15,60,0,5100
BANKNIFTY-III.NFO,01/11/2024,18:18:08,52595.15,52580.05,45,52613.4,60,0,5100
BANKNIFTY-III.NFO,01/11/2024,18:18:09,52595.15,52557.1,45,52612.9,60,0,5100
BANKNIFTY-III.NFO,01/11/2024,18:18:11,52595.15,52558.4,45,52608.6,60,0,5100
BANKNIFTY-III.NFO,01/11/2024,18:18:13,52595.15,52560.35,45,52602.35,60,0,5100
BANKNIFTY-III.NFO,01/11/2024,18:18:14,52595.15,52562.95,45,52599.25,45,0,5100
BANKNIFTY-III.NFO,01/11/2024,18:18:15,52595.15,52564.45,45,52609.6,60,0,5100
BANKNIFTY-III.NFO,01/11/2024,18:18:17,52595.15,52560.95,45,52609.7,60,0,5100
BANKNIFTY-III.NFO,01/11/2024,18:18:19,52595.15,52567.5,45,52595.05,45,0,5100
BANKNIFTY-III.NFO,01/11/2024,18:18:20,52595.15,52561.75,45,52595.05,45,0,5100
BANKNIFTY-III.NFO,01/11/2024,18:18:22,52595.15,52567.55,45,52595.05,45,0,5100
BANKNIFTY-III.NFO,01/11/2024,18:18:23,52595.05,52558.4,45,52595.05,15,30,5100
BANKNIFTY-III.NFO,01/11/2024,18:18:23,52595.05,52558.4,45,52595.05,15,0,5100
BANKNIFTY-III.NFO,01/11/2024,18:18:25,52592.35,52567.45,60,52592.35,30,75,5100
BANKNIFTY-III.NFO,01/11/2024,18:18:25,52592.35,52567.45,60,52592.35,30,0,5100
BANKNIFTY-III.NFO,01/11/2024,18:18:27,52592.35,52567.45,60,52592.35,30,0,5100
BANKNIFTY-III.NFO,01/11/2024,18:18:28,52592.35,52564.45,60,52590.1,45,0,5100
BANKNIFTY-III.NFO,01/11/2024,18:18:30,52592.35,52561.05,60,52590.1,45,0,5100
BANKNIFTY-III.NFO,01/11/2024,18:18:32,52592.35,52565.95,60,52590.1,45,0,5100
BANKNIFTY-III.NFO,01/11/2024,18:18:33,52592.35,52556.25,60,52592.2,45,0,5100
BANKNIFTY-III.NFO,01/11/2024,18:18:35,52592.35,52564.7,60,52590.1,45,0,5100
BANKNIFTY-III.NFO,01/11/2024,18:18:38,52592.35,52564.4,60,52590.1,45,0,5100
BANKNIFTY-III.NFO,01/11/2024,18:18:40,52592.35,52552.4,60,52594.4,15,0,5100
BANKNIFTY-III.NFO,01/11/2024,18:18:41,52592.35,52560.7,60,52589.8,45,0,5100
BANKNIFTY-III.NFO,01/11/2024,18:18:43,52592.35,52556.5,60,52593.5,15,0,5100
BANKNIFTY-III.NFO,01/11/2024,18:18:44,52592.35,52562.65,60,52595.1,15,0,5100
BANKNIFTY-III.NFO,01/11/2024,18:18:46,52592.35,52552.55,60,52589.3,15,0,5100
BANKNIFTY-III.NFO,01/11/2024,18:18:48,52592.35,52564.4,60,52589.9,15,0,5100
BANKNIFTY-III.NFO,01/11/2024,18:18:49,52592.35,52552.8,60,52586.75,15,0,5100
BANKNIFTY-III.NFO,01/11/2024,18:18:51,52585.45,52571.5,45,52590,15,60,5100
BANKNIFTY-III.NFO,01/11/2024,18:18:51,52585.4,52571.5,45,52590,15,0,5100
BANKNIFTY-III.NFO,01/11/2024,18:18:52,52585.45,52553.5,60,52589.8,45,0,5100
BANKNIFTY-III.NFO,01/11/2024,18:18:54,52585.45,52562.5,60,52589.8,45,0,5100
BANKNIFTY-III.NFO,01/11/2024,18:18:57,52585.45,52561.45,60,52589.8,45,0,5100
BANKNIFTY-III.NFO,01/11/2024,18:19:05,52579.9,52561.9,60,52595.15,225,60,5100
BANKNIFTY-III.NFO,01/11/2024,18:19:05,52579.9,52561.9,60,52595.15,225,0,5100
BANKNIFTY-III.NFO,01/11/2024,18:19:07,52579.9,52555.75,60,52590,30,0,5100
BANKNIFTY-III.NFO,01/11/2024,18:19:09,52579.9,52554.4,60,52590,30,0,5100
BANKNIFTY-III.NFO,01/11/2024,18:19:10,52579.9,52553.65,60,52590,30,0,5100
BANKNIFTY-III.NFO,01/11/2024,18:19:12,52579.9,52550.95,60,52590,30,0,5100
BANKNIFTY-III.NFO,01/11/2024,18:19:14,52579.9,52558.45,60,52590,30,0,5100
BANKNIFTY-III.NFO,01/11/2024,18:19:15,52557.25,52556.95,60,52589.95,15,15,5100
BANKNIFTY-III.NFO,01/11/2024,18:19:15,52557.25,52556.95,60,52589.95,15,0,5100
BANKNIFTY-III.NFO,01/11/2024,18:19:17,52557.25,52549.1,60,52589.95,15,0,5100
BANKNIFTY-III.NFO,01/11/2024,18:19:19,52557.25,52545.95,60,52586.6,15,0,5100
BANKNIFTY-III.NFO,01/11/2024,18:19:21,52557.25,52542.6,60,52581.8,15,0,5100
BANKNIFTY-III.NFO,01/11/2024,18:19:22,52557.25,52542,15,52578.9,15,0,5100
BANKNIFTY-III.NFO,01/11/2024,18:19:24,52522.35,52526.95,60,52571.05,60,45,5100
BANKNIFTY-III.NFO,01/11/2024,18:19:24,52522.35,52526.95,60,52571.05,60,0,5100
BANKNIFTY-III.NFO,01/11/2024,18:19:26,52557.25,52523.95,60,52568.9,60,15,5100
BANKNIFTY-III.NFO,01/11/2024,18:19:27,52557.25,52518.05,60,52566.15,60,0,5100
BANKNIFTY-III.NFO,01/11/2024,18:19:29,52542,52521.7,60,52565.75,60,30,5100
BANKNIFTY-III.NFO,01/11/2024,18:19:30,52542,52523.4,60,52565.35,60,0,5310
BANKNIFTY-III.NFO,01/11/2024,18:19:32,52542,52522.9,60,52576.1,60,0,5310
BANKNIFTY-III.NFO,01/11/2024,18:19:34,52542,52518.05,60,52575.7,60,0,5310
BANKNIFTY-III.NFO,01/11/2024,18:19:35,52542,52516.65,60,52572.8,60,0,5310
BANKNIFTY-III.NFO,01/11/2024,18:19:37,52542,52520.65,60,52575.3,60,210,5310
BANKNIFTY-III.NFO,01/11/2024,18:19:39,52542,52523.9,60,52577.95,60,0,5310
BANKNIFTY-III.NFO,01/11/2024,18:19:40,52542,52520.15,60,52582.45,60,0,5310
BANKNIFTY-III.NFO,01/11/2024,18:19:42,52542,52521.15,60,52583.2,60,0,5310
BANKNIFTY-III.NFO,01/11/2024,18:19:43,52542,52531.85,60,52580.45,60,0,5310
BANKNIFTY-III.NFO,01/11/2024,18:19:45,52542,52525.2,60,52581.85,60,0,5310
BANKNIFTY-III.NFO,01/11/2024,18:19:47,52542,52532.1,60,52580.95,60,0,5310
BANKNIFTY-III.NFO,01/11/2024,18:19:48,52542,52527.75,60,52580.45,60,0,5310
BANKNIFTY-III.NFO,01/11/2024,18:19:50,52542,52531.8,60,52580.05,60,0,5310
BANKNIFTY-III.NFO,01/11/2024,18:19:51,52542,52526.05,60,52579.65,60,0,5310
BANKNIFTY-III.NFO,01/11/2024,18:19:53,52533.65,52537,45,52586.85,60,15,5310
BANKNIFTY-III.NFO,01/11/2024,18:19:55,52533.65,52531.05,45,52586.95,60,0,5310
BANKNIFTY-III.NFO,01/11/2024,18:19:56,52533.65,52534.4,45,52589.95,60,0,5310
BANKNIFTY-III.NFO,01/11/2024,18:19:59,52533.65,52541.1,45,52589.95,60,0,5310
BANKNIFTY-III.NFO,01/11/2024,18:20:01,52533.65,52562.9,45,52589.95,60,0,5310
BANKNIFTY-III.NFO,01/11/2024,18:20:03,52533.65,52544.15,45,52589.95,60,0,5310
BANKNIFTY-III.NFO,01/11/2024,18:20:04,52533.65,52550.45,45,52589.95,60,0,5310
BANKNIFTY-III.NFO,01/11/2024,18:20:06,52533.65,52540.7,45,52589.95,60,0,5310
BANKNIFTY-III.NFO,01/11/2024,18:20:08,52533.65,52544.35,45,52589.95,60,0,5310
BANKNIFTY-III.NFO,01/11/2024,18:20:09,52533.65,52549,45,52589.95,60,0,5310
BANKNIFTY-III.NFO,01/11/2024,18:20:11,52533.65,52541.1,45,52589.95,60,0,5310
BANKNIFTY-III.NFO,01/11/2024,18:20:13,52533.65,52545.75,45,52589.95,60,0,5310
BANKNIFTY-III.NFO,01/11/2024,18:20:14,52533.65,52548.15,45,52589.95,60,0,5310
BANKNIFTY-III.NFO,01/11/2024,18:20:16,52533.65,52543.85,45,52589.95,60,0,5310
BANKNIFTY-III.NFO,01/11/2024,18:20:18,52533.65,52545.95,45,52589.95,60,0,5310
BANKNIFTY-III.NFO,01/11/2024,18:20:19,52533.65,52561.6,45,52589.95,60,0,5310
BANKNIFTY-III.NFO,01/11/2024,18:20:21,52533.65,52544.6,45,52589.95,60,0,5310
BANKNIFTY-III.NFO,01/11/2024,18:20:23,52533.65,52545.8,45,52589.95,60,0,5310
BANKNIFTY-III.NFO,01/11/2024,18:20:24,52533.65,52546.25,45,52589.95,60,0,5310
BANKNIFTY-III.NFO,01/11/2024,18:20:26,52533.65,52547.75,45,52589.95,60,0,5310
BANKNIFTY-III.NFO,01/11/2024,18:20:28,52533.65,52549.4,45,52589.95,60,0,5310
BANKNIFTY-III.NFO,01/11/2024,18:20:29,52533.65,52550.6,45,52589.95,60,0,5310
BANKNIFTY-III.NFO,01/11/2024,18:20:31,52551.2,52551.2,30,52589.95,60,15,5310
BANKNIFTY-III.NFO,01/11/2024,18:20:32,52551.2,52552.4,30,52589.95,60,0,5310
BANKNIFTY-III.NFO,01/11/2024,18:20:34,52551.2,52552.2,30,52589.95,60,0,5310
BANKNIFTY-III.NFO,01/11/2024,18:20:36,52551.2,52555.05,30,52589.95,60,0,5310
BANKNIFTY-III.NFO,01/11/2024,18:20:37,52551.2,52558.55,30,52589.95,60,0,5310
BANKNIFTY-III.NFO,01/11/2024,18:20:39,52551.2,52558.2,45,52589.95,60,0,5310
BANKNIFTY-III.NFO,01/11/2024,18:20:41,52551.2,52558.55,30,52589.95,60,0,5310
BANKNIFTY-III.NFO,01/11/2024,18:20:42,52551.2,52558.8,30,52589.95,60,0,5310
BANKNIFTY-III.NFO,01/11/2024,18:20:44,52551.2,52553.3,30,52589.95,60,0,5310
BANKNIFTY-III.NFO,01/11/2024,18:20:45,52551.2,52570,15,52588.8,60,0,5310
BANKNIFTY-III.NFO,01/11/2024,18:20:49,52551.2,52570,15,52591.85,60,0,5310
BANKNIFTY-III.NFO,01/11/2024,18:20:50,52551.2,52547.8,30,52594.6,60,0,5310
BANKNIFTY-III.NFO,01/11/2024,18:20:52,52551.2,52555,30,52594,60,0,5310
BANKNIFTY-III.NFO,01/11/2024,18:20:54,52551.2,52557,30,52594.9,60,0,5310
BANKNIFTY-III.NFO,01/11/2024,18:20:55,52551.2,52554.3,30,52593.1,60,0,5310
BANKNIFTY-III.NFO,01/11/2024,18:20:57,52551.2,52557.6,30,52593.05,60,0,5310
BANKNIFTY-III.NFO,01/11/2024,18:20:59,52551.2,52551.25,30,52594.9,60,0,5310
BANKNIFTY-III.NFO,01/11/2024,18:21:00,52551.2,52555.5,30,52594.7,60,0,5310
BANKNIFTY-III.NFO,01/11/2024,18:21:02,52551.2,52557,30,52594.7,60,0,5310
BANKNIFTY-III.NFO,01/11/2024,18:21:03,52551.2,52554.3,30,52594.7,60,0,5310
BANKNIFTY-III.NFO,01/11/2024,18:21:05,52551.2,52554.45,30,52598.3,60,0,5310
BANKNIFTY-III.NFO,01/11/2024,18:21:07,52551.2,52552.8,30,52598.95,60,0,5310
BANKNIFTY-III.NFO,01/11/2024,18:21:08,52551.2,52551.3,30,52598.6,60,0,5310
BANKNIFTY-III.NFO,01/11/2024,18:21:10,52551.2,52555.5,30,52598.95,60,0,5310
BANKNIFTY-III.NFO,01/11/2024,18:21:12,52551.2,52560.9,30,52598.95,60,0,5310
BANKNIFTY-III.NFO,01/11/2024,18:21:13,52551.2,52555.65,30,52598.95,60,0,5310
BANKNIFTY-III.NFO,01/11/2024,18:21:15,52551.2,52564.65,30,52598.75,60,0,5310
BANKNIFTY-III.NFO,01/11/2024,18:21:17,52551.2,52567.5,30,52598.95,60,0,5310
BANKNIFTY-III.NFO,01/11/2024,18:21:18,52551.2,52571.65,30,52598.95,60,0,5310
BANKNIFTY-III.NFO,01/11/2024,18:21:20,52551.2,52576.05,30,52598.95,60,0,5310
BANKNIFTY-III.NFO,01/11/2024,18:21:22,52551.2,52575.15,30,52598.95,60,0,5310
BANKNIFTY-III.NFO,01/11/2024,18:21:23,52551.2,52574.3,30,52598.95,60,0,5310
BANKNIFTY-III.NFO,01/11/2024,18:21:25,52551.2,52572.05,60,52598.95,60,0,5310
BANKNIFTY-III.NFO,01/11/2024,18:21:27,52551.2,52573.65,30,52598.95,60,0,5310
BANKNIFTY-III.NFO,01/11/2024,18:21:28,52551.2,52570.75,30,52598.95,60,0,5310
BANKNIFTY-III.NFO,01/11/2024,18:21:30,52551.2,52569.85,30,52598.95,60,0,5310
BANKNIFTY-III.NFO,01/11/2024,18:21:31,52551.2,52571,30,52598.95,60,0,5310
BANKNIFTY-III.NFO,01/11/2024,18:21:33,52551.2,52572.65,30,52598.95,60,0,5310
BANKNIFTY-III.NFO,01/11/2024,18:21:36,52551.2,52568.2,30,52598.95,60,0,5310
BANKNIFTY-III.NFO,01/11/2024,18:21:38,52551.2,52572.25,30,52598.95,60,0,5310
BANKNIFTY-III.NFO,01/11/2024,18:21:40,52551.2,52565.4,30,52598.95,60,0,5310
BANKNIFTY-III.NFO,01/11/2024,18:21:41,52551.2,52567.35,30,52599.95,60,0,5310
BANKNIFTY-III.NFO,01/11/2024,18:21:43,52551.2,52572.3,30,52599.95,60,0,5310
BANKNIFTY-III.NFO,01/11/2024,18:21:45,52551.2,52567.35,30,52599.95,60,0,5310
BANKNIFTY-III.NFO,01/11/2024,18:21:46,52551.2,52562.4,30,52599.95,60,0,5310
BANKNIFTY-III.NFO,01/11/2024,18:21:48,52551.2,52571.25,30,52599.95,60,0,5310
BANKNIFTY-III.NFO,01/11/2024,18:21:53,52551.2,52558.8,30,52599.95,60,0,5310
BANKNIFTY-III.NFO,01/11/2024,18:21:54,52551.2,52564.35,30,52599.95,60,0,5310
BANKNIFTY-III.NFO,01/11/2024,18:21:56,52551.2,52561.5,30,52599.95,60,0,5310
BANKNIFTY-III.NFO,01/11/2024,18:21:57,52551.2,52562.55,30,52599.95,60,0,5310
BANKNIFTY-III.NFO,01/11/2024,18:21:59,52551.2,52556.4,30,52599.95,60,0,5310
BANKNIFTY-III.NFO,01/11/2024,18:22:00,52551.2,52564.5,30,52599.95,60,0,5310
BANKNIFTY-III.NFO,01/11/2024,18:22:02,52551.2,52560.7,30,52599.95,60,0,5310
BANKNIFTY-III.NFO,01/11/2024,18:22:03,52551.2,52561.15,30,52599.95,60,0,5310
BANKNIFTY-III.NFO,01/11/2024,18:22:05,52551.2,52562.6,30,52599.95,60,0,5310
BANKNIFTY-III.NFO,01/11/2024,18:22:08,52551.2,52558.1,30,52599.95,60,0,5310
BANKNIFTY-III.NFO,01/11/2024,18:22:10,52551.2,52561.4,30,52599.95,60,0,5310
BANKNIFTY-III.NFO,01/11/2024,18:22:11,52551.2,52552.2,180,52599.95,60,0,5310
BANKNIFTY-III.NFO,01/11/2024,18:22:13,52551.2,52560.55,30,52599.95,60,0,5310
BANKNIFTY-III.NFO,01/11/2024,18:22:14,52551.2,52553.45,30,52599.95,60,0,5310
BANKNIFTY-III.NFO,01/11/2024,18:22:16,52551.2,52554.9,30,52598.15,60,0,5310
BANKNIFTY-III.NFO,01/11/2024,18:22:19,52551.2,52553.5,30,52598.15,60,0,5310
BANKNIFTY-III.NFO,01/11/2024,18:22:21,52551.2,52551.25,30,52587.55,60,0,5310
BANKNIFTY-III.NFO,01/11/2024,18:22:22,52551.2,52551.25,30,52587.3,60,0,5310
BANKNIFTY-III.NFO,01/11/2024,18:22:24,52551.2,52551.25,30,52584.45,60,0,5310
BANKNIFTY-III.NFO,01/11/2024,18:22:26,52551.2,52551.2,15,52580.65,60,0,5310
BANKNIFTY-III.NFO,01/11/2024,18:22:27,52551.2,52551.25,30,52581.6,60,0,5310
BANKNIFTY-III.NFO,01/11/2024,18:22:29,52551.2,52551.2,15,52579.25,60,0,5310
BANKNIFTY-III.NFO,01/11/2024,18:22:31,52551.2,52551.2,15,52576.25,60,0,5310
BANKNIFTY-III.NFO,01/11/2024,18:22:32,52551.2,52551.2,15,52572.1,60,0,5310
BANKNIFTY-III.NFO,01/11/2024,18:22:34,52551.2,52551.2,15,52568.8,60,0,5310
BANKNIFTY-III.NFO,01/11/2024,18:22:35,52551.2,52551.2,15,52562.5,60,0,5310
BANKNIFTY-III.NFO,01/11/2024,18:22:37,52551.2,52551.2,15,52565.15,60,0,5310
BANKNIFTY-III.NFO,01/11/2024,18:22:39,52551.2,52551,15,52565.55,60,15,5580
BANKNIFTY-III.NFO,01/11/2024,18:22:40,52551.2,52551,15,52551.2,120,60,5580
BANKNIFTY-III.NFO,01/11/2024,18:22:42,52551.2,52551,15,52551.15,60,0,5580
BANKNIFTY-III.NFO,01/11/2024,18:23:00,52551.2,52551,15,52551.2,135,0,5580
BANKNIFTY-III.NFO,01/11/2024,18:23:07,52551.2,52551,15,52551.15,60,0,5580
BANKNIFTY-III.NFO,01/11/2024,18:23:12,52551.2,52535.05,30,52551.15,60,0,5580
BANKNIFTY-III.NFO,01/11/2024,18:23:19,52551.2,52535.05,30,52551.2,150,0,5580
BANKNIFTY-III.NFO,01/11/2024,18:23:22,52551.2,52535.05,30,52551.15,60,0,5580
BANKNIFTY-III.NFO,01/11/2024,18:23:30,52551.2,52535,45,52551.15,60,0,5580
BANKNIFTY-III.NFO,01/11/2024,18:23:57,52551.2,52535.05,30,52551.15,60,0,5580
BANKNIFTY-III.NFO,01/11/2024,18:23:58,52551.2,52535,45,52551.15,60,0,5580
BANKNIFTY-III.NFO,01/11/2024,18:24:00,52551.2,52535.05,30,52551.2,150,0,5580
BANKNIFTY-III.NFO,01/11/2024,18:24:01,52551.2,52542.55,30,52551.2,150,0,5580
BANKNIFTY-III.NFO,01/11/2024,18:24:03,52551.2,52542.05,30,52551.2,150,0,5580
BANKNIFTY-III.NFO,01/11/2024,18:24:05,52551.2,52543.45,30,52551.2,150,0,5580
BANKNIFTY-III.NFO,01/11/2024,18:24:06,52551.2,52540.1,30,52551.2,150,0,5580
BANKNIFTY-III.NFO,01/11/2024,18:24:08,52551.2,52540.9,30,52551.2,150,0,5580
BANKNIFTY-III.NFO,01/11/2024,18:24:10,52551.2,52540.15,30,52551.2,150,0,5580
BANKNIFTY-III.NFO,01/11/2024,18:24:11,52551.2,52540.85,30,52551.2,150,0,5580
BANKNIFTY-III.NFO,01/11/2024,18:24:13,52535,52539.1,30,52551.2,150,75,5580
BANKNIFTY-III.NFO,01/11/2024,18:24:14,52535,52535.85,30,52551.2,150,0,5580
BANKNIFTY-III.NFO,01/11/2024,18:24:16,52535,52535.9,30,52551.15,60,0,5580
BANKNIFTY-III.NFO,01/11/2024,18:24:17,52535,52535,15,52551.15,60,0,5580
BANKNIFTY-III.NFO,01/11/2024,18:24:21,52535,52535.1,45,52551.15,60,0,5580
BANKNIFTY-III.NFO,01/11/2024,18:24:22,52535.1,52535.1,30,52551.15,60,15,5580
BANKNIFTY-III.NFO,01/11/2024,18:24:24,52535.1,52535.1,15,52551.15,60,15,5580
BANKNIFTY-III.NFO,01/11/2024,18:24:26,52535.1,52535,15,52551.15,60,0,5580
BANKNIFTY-III.NFO,01/11/2024,18:24:27,52551.15,52535.05,15,52551.15,60,15,5580
BANKNIFTY-III.NFO,01/11/2024,18:24:29,52551.15,52535.05,15,52551.15,60,0,5580
BANKNIFTY-III.NFO,01/11/2024,18:24:30,52551.15,52536,30,52551.15,60,0,5580
BANKNIFTY-III.NFO,01/11/2024,18:24:32,52551.15,52535,15,52551.15,60,0,5580
BANKNIFTY-III.NFO,01/11/2024,18:25:54,52551.15,52535.05,15,52551.15,60,0,5580
BANKNIFTY-III.NFO,01/11/2024,18:25:56,52551.15,52536.3,15,52551.2,135,0,5580
BANKNIFTY-III.NFO,01/11/2024,18:25:57,52551.15,52539.2,15,52551.2,135,0,5580
BANKNIFTY-III.NFO,01/11/2024,18:25:59,52551.15,52544.8,15,52551.2,135,0,5580
BANKNIFTY-III.NFO,01/11/2024,18:26:01,52551.2,52543.1,15,52551.2,45,90,5715
BANKNIFTY-III.NFO,01/11/2024,18:26:02,52551.2,52538.1,15,52587.45,60,45,5715
BANKNIFTY-III.NFO,01/11/2024,18:26:04,52551.2,52538.1,60,52586.3,60,0,5715
BANKNIFTY-III.NFO,01/11/2024,18:26:07,52541.85,52537.65,15,52577.35,60,15,5715
BANKNIFTY-III.NFO,01/11/2024,18:26:09,52541.85,52541.1,15,52576.2,60,0,5715
BANKNIFTY-III.NFO,01/11/2024,18:26:11,52541.85,52538.15,15,52579.75,60,0,5715
BANKNIFTY-III.NFO,01/11/2024,18:26:12,52541.85,52542.25,15,52582,60,0,5715
BANKNIFTY-III.NFO,01/11/2024,18:26:14,52541.85,52545.8,15,52584.9,60,0,5715
BANKNIFTY-III.NFO,01/11/2024,18:26:16,52541.85,52548.5,15,52583.9,60,0,5715
BANKNIFTY-III.NFO,01/11/2024,18:26:17,52541.85,52550,15,52586.05,60,0,5715
BANKNIFTY-III.NFO,01/11/2024,18:26:19,52541.85,52551.4,15,52595.8,60,0,5715
BANKNIFTY-III.NFO,01/11/2024,18:26:21,52541.85,52552,15,52593.8,60,0,5715
BANKNIFTY-III.NFO,01/11/2024,18:26:22,52541.85,52555.15,15,52598.85,60,0,5715
BANKNIFTY-III.NFO,01/11/2024,18:26:24,52541.85,52559.35,15,52598.95,60,0,5715
BANKNIFTY-III.NFO,01/11/2024,18:26:26,52541.85,52571,15,52598.95,60,0,5715
BANKNIFTY-III.NFO,01/11/2024,18:26:27,52541.85,52570.5,15,52598.95,60,0,5715
BANKNIFTY-III.NFO,01/11/2024,18:26:29,52541.85,52571.35,15,52598.95,60,0,5715
BANKNIFTY-III.NFO,01/11/2024,18:26:31,52541.85,52572.75,45,52598.95,60,0,5715
BANKNIFTY-III.NFO,01/11/2024,18:26:32,52541.85,52573.65,15,52598.95,60,0,5715
BANKNIFTY-III.NFO,01/11/2024,18:26:34,52598.95,52577.75,30,52598.95,60,15,5715
BANKNIFTY-III.NFO,01/11/2024,18:26:36,52598.95,52582.3,30,52598.95,60,0,5715
BANKNIFTY-III.NFO,01/11/2024,18:26:37,52598.95,52581.5,30,52599.95,60,0,5715
BANKNIFTY-III.NFO,01/11/2024,18:26:39,52598.95,52577.85,30,52599.95,60,0,5715
BANKNIFTY-III.NFO,01/11/2024,18:26:41,52598.95,52576.5,30,52599.95,60,0,5715
BANKNIFTY-III.NFO,01/11/2024,18:26:42,52598.95,52576.65,30,52599.95,60,0,5715
BANKNIFTY-III.NFO,01/11/2024,18:26:44,52598.95,52576.15,30,52599.95,60,0,5715
BANKNIFTY-III.NFO,01/11/2024,18:26:46,52598.95,52576.55,30,52599.95,60,0,5715
BANKNIFTY-III.NFO,01/11/2024,18:26:47,52598.95,52579.35,30,52599.95,60,0,5715
BANKNIFTY-III.NFO,01/11/2024,18:26:49,52598.95,52579.25,30,52599.95,60,0,5715
BANKNIFTY-III.NFO,01/11/2024,18:26:51,52598.95,52581.1,30,52595,15,0,5715
BANKNIFTY-III.NFO,01/11/2024,18:26:52,52598.95,52584.25,30,52595,15,0,5715
BANKNIFTY-III.NFO,01/11/2024,18:26:54,52598.95,52585.1,30,52595,15,0,5715
BANKNIFTY-III.NFO,01/11/2024,18:26:56,52598.95,52584.35,30,52595,15,0,5715
BANKNIFTY-III.NFO,01/11/2024,18:26:57,52598.95,52581.5,30,52595,15,0,5715
BANKNIFTY-III.NFO,01/11/2024,18:26:59,52598.95,52579.5,30,52595,15,0,5715
BANKNIFTY-III.NFO,01/11/2024,18:27:01,52598.95,52575.8,30,52595,15,0,5715
BANKNIFTY-III.NFO,01/11/2024,18:27:02,52598.95,52577.15,30,52594.95,60,0,5715
BANKNIFTY-III.NFO,01/11/2024,18:27:04,52598.95,52572.75,30,52594.95,60,0,5715
BANKNIFTY-III.NFO,01/11/2024,18:27:06,52598.95,52565.95,30,52594.95,60,0,5715
BANKNIFTY-III.NFO,01/11/2024,18:27:07,52598.95,52562.5,30,52594.95,60,0,5715
BANKNIFTY-III.NFO,01/11/2024,18:27:09,52598.95,52565,30,52594.95,60,0,5715
BANKNIFTY-III.NFO,01/11/2024,18:27:11,52598.95,52565.75,30,52594.95,60,0,5715
BANKNIFTY-III.NFO,01/11/2024,18:27:12,52598.95,52568.05,30,52594.95,60,0,5715
BANKNIFTY-III.NFO,01/11/2024,18:27:14,52598.95,52569.8,30,52594.95,60,0,5715
BANKNIFTY-III.NFO,01/11/2024,18:27:15,52598.95,52570.65,30,52594.95,60,0,5715
BANKNIFTY-III.NFO,01/11/2024,18:27:17,52598.95,52570.1,30,52594.95,60,0,5715
BANKNIFTY-III.NFO,01/11/2024,18:27:19,52598.95,52568.7,30,52594.95,60,0,5715
BANKNIFTY-III.NFO,01/11/2024,18:27:20,52598.95,52569.65,30,52594.95,60,0,5715
BANKNIFTY-III.NFO,01/11/2024,18:27:22,52598.95,52572.65,30,52594.95,60,0,5715
BANKNIFTY-III.NFO,01/11/2024,18:27:25,52598.95,52572.45,30,52594.95,60,0,5715
BANKNIFTY-III.NFO,01/11/2024,18:27:27,52598.95,52572.3,30,52594.95,60,0,5715
BANKNIFTY-III.NFO,01/11/2024,18:27:30,52598.95,52569.65,30,52594.95,60,0,5715
BANKNIFTY-III.NFO,01/11/2024,18:27:32,52598.95,52568.95,30,52594.95,60,0,5715
BANKNIFTY-III.NFO,01/11/2024,18:27:33,52598.95,52569.85,30,52594.95,60,0,5715
BANKNIFTY-III.NFO,01/11/2024,18:27:35,52598.95,52568.75,30,52594.05,60,0,5715
BANKNIFTY-III.NFO,01/11/2024,18:27:37,52598.95,52563.55,30,52594.95,60,0,5715
BANKNIFTY-III.NFO,01/11/2024,18:27:38,52598.95,52555.1,30,52594.95,60,0,5715
BANKNIFTY-III.NFO,01/11/2024,18:27:40,52598.95,52554.95,30,52594.95,60,0,5715
BANKNIFTY-III.NFO,01/11/2024,18:27:42,52598.95,52551.6,45,52594.95,60,0,5715
BANKNIFTY-III.NFO,01/11/2024,18:27:43,52598.95,52563.65,30,52594.95,60,0,5715
BANKNIFTY-III.NFO,01/11/2024,18:27:45,52598.95,52554.65,30,52594.95,60,0,5715
BANKNIFTY-III.NFO,01/11/2024,18:27:46,52598.95,52556.15,30,52593.9,60,0,5715
BANKNIFTY-III.NFO,01/11/2024,18:27:48,52598.95,52552.85,30,52593.15,60,0,5715
BANKNIFTY-III.NFO,01/11/2024,18:27:50,52598.95,52550.75,30,52591.25,60,0,5715
BANKNIFTY-III.NFO,01/11/2024,18:27:51,52598.95,52555.3,30,52586.6,60,0,5715
BANKNIFTY-III.NFO,01/11/2024,18:27:53,52598.95,52552.25,30,52586.3,60,0,5715
BANKNIFTY-III.NFO,01/11/2024,18:27:55,52598.95,52552.25,30,52586.45,60,0,5715
BANKNIFTY-III.NFO,01/11/2024,18:27:56,52598.95,52552.25,30,52586.9,60,0,5715
BANKNIFTY-III.NFO,01/11/2024,18:27:58,52598.95,52552.55,30,52586.95,60,0,5715
BANKNIFTY-III.NFO,01/11/2024,18:28:00,52598.95,52545,30,52586.25,60,0,5715
BANKNIFTY-III.NFO,01/11/2024,18:28:01,52598.95,52540.95,30,52586.25,60,0,5715
BANKNIFTY-III.NFO,01/11/2024,18:28:03,52598.95,52547.75,30,52586.9,60,0,5715
BANKNIFTY-III.NFO,01/11/2024,18:28:05,52598.95,52551.5,30,52593.25,60,0,5715
BANKNIFTY-III.NFO,01/11/2024,18:28:06,52598.95,52546.15,30,52591.25,60,0,5715
BANKNIFTY-III.NFO,01/11/2024,18:28:08,52598.95,52541.35,30,52588.35,60,0,5715
BANKNIFTY-III.NFO,01/11/2024,18:28:10,52598.95,52552.35,30,52586.7,60,0,5715
BANKNIFTY-III.NFO,01/11/2024,18:28:11,52598.95,52540.3,30,52587.2,60,0,5715
BANKNIFTY-III.NFO,01/11/2024,18:28:13,52598.95,52541.65,30,52588.35,60,0,5715
BANKNIFTY-III.NFO,01/11/2024,18:28:14,52598.95,52540.3,30,52588.25,60,0,5715
BANKNIFTY-III.NFO,01/11/2024,18:28:15,52598.95,52544.65,30,52592,60,0,5715
BANKNIFTY-III.NFO,01/11/2024,18:28:17,52598.95,52543.45,30,52588.75,60,0,5715
BANKNIFTY-III.NFO,01/11/2024,18:28:19,52598.95,52546.25,30,52587.9,60,0,5715
BANKNIFTY-III.NFO,01/11/2024,18:28:20,52598.95,52546.25,30,52585.1,60,0,5715
BANKNIFTY-III.NFO,01/11/2024,18:28:22,52598.95,52546.25,30,52586.4,60,0,5715
BANKNIFTY-III.NFO,01/11/2024,18:28:24,52598.95,52540.95,30,52586,60,0,5715
BANKNIFTY-III.NFO,01/11/2024,18:28:27,52598.95,52541.35,30,52584.85,60,0,5715
BANKNIFTY-III.NFO,01/11/2024,18:28:29,52598.95,52544.95,30,52584.85,60,0,5715
BANKNIFTY-III.NFO,01/11/2024,18:28:30,52598.95,52541.85,30,52594.65,60,0,5715
BANKNIFTY-III.NFO,01/11/2024,18:28:32,52598.95,52554.6,30,52594.95,60,0,5715
BANKNIFTY-III.NFO,01/11/2024,18:28:34,52598.95,52555.75,30,52594.95,60,0,5715
BANKNIFTY-III.NFO,01/11/2024,18:28:35,52555.7,52547.2,150,52593.5,60,75,5850
BANKNIFTY-III.NFO,01/11/2024,18:28:37,52555.7,52547.4,45,52592.9,60,0,5850
BANKNIFTY-III.NFO,01/11/2024,18:28:38,52555.7,52547.4,45,52592.3,60,0,5850
BANKNIFTY-III.NFO,01/11/2024,18:28:40,52555.7,52547.4,45,52590.8,60,0,5850
BANKNIFTY-III.NFO,01/11/2024,18:28:42,52555.7,52547.4,45,52587.5,60,0,5850
BANKNIFTY-III.NFO,01/11/2024,18:28:43,52555.7,52542.5,45,52584.95,60,0,5850
BANKNIFTY-III.NFO,01/11/2024,18:28:45,52555.7,52554.1,30,52582.25,60,0,5850
BANKNIFTY-III.NFO,01/11/2024,18:28:47,52555.7,52554.05,30,52579.1,60,0,5850
BANKNIFTY-III.NFO,01/11/2024,18:28:48,52555.7,52554.15,30,52576.1,60,0,5850
BANKNIFTY-III.NFO,01/11/2024,18:28:50,52555.7,52554.35,30,52576.1,60,0,5850
BANKNIFTY-III.NFO,01/11/2024,18:28:52,52555.7,52555.6,30,52592.1,60,0,5850
BANKNIFTY-III.NFO,01/11/2024,18:28:53,52555.7,52545.15,45,52589.85,60,0,5850
BANKNIFTY-III.NFO,01/11/2024,18:28:55,52555.7,52545.15,45,52583.7,60,0,5850
BANKNIFTY-III.NFO,01/11/2024,18:28:56,52555.7,52553.35,30,52581.9,60,0,5850
BANKNIFTY-III.NFO,01/11/2024,18:28:58,52552.2,52552.2,30,52576.5,60,15,5850
BANKNIFTY-III.NFO,01/11/2024,18:29:00,52555.7,52540.65,45,52590.3,60,15,5850
BANKNIFTY-III.NFO,01/11/2024,18:29:01,52555.7,52540.65,45,52587.15,60,0,5850
BANKNIFTY-III.NFO,01/11/2024,18:29:03,52555.7,52540.65,45,52582,60,0,5850
BANKNIFTY-III.NFO,01/11/2024,18:29:05,52555.7,52553.15,30,52580.35,60,0,5850
BANKNIFTY-III.NFO,01/11/2024,18:29:06,52555.7,52556.45,45,52576.15,60,0,5850
BANKNIFTY-III.NFO,01/11/2024,18:29:08,52555.7,52545.1,45,52582.05,60,0,5850
BANKNIFTY-III.NFO,01/11/2024,18:29:09,52555.7,52555.7,30,52579.95,60,0,5850
BANKNIFTY-III.NFO,01/11/2024,18:29:11,52555.7,52554.8,30,52578.3,60,0,5850
BANKNIFTY-III.NFO,01/11/2024,18:29:13,52555.7,52555.75,30,52583.85,60,0,5850
BANKNIFTY-III.NFO,01/11/2024,18:29:14,52555.7,52556.7,30,52583.1,60,0,5850
BANKNIFTY-III.NFO,01/11/2024,18:29:16,52580.85,52557.15,15,52584.95,60,15,5850
BANKNIFTY-III.NFO,01/11/2024,18:29:18,52580.85,52553.45,15,52577.95,60,0,5850
BANKNIFTY-III.NFO,01/11/2024,18:29:19,52580.85,52553.95,15,52577.95,60,0,5850
BANKNIFTY-III.NFO,01/11/2024,18:29:21,52580.85,52553.9,15,52576.65,60,0,5850
BANKNIFTY-III.NFO,01/11/2024,18:29:23,52580.85,52552.6,45,52575.6,60,0,5850
BANKNIFTY-III.NFO,01/11/2024,18:29:24,52580.85,52552.75,15,52574.25,60,0,5850
BANKNIFTY-III.NFO,01/11/2024,18:29:26,52580.85,52556.25,15,52576.4,60,0,5850
BANKNIFTY-III.NFO,01/11/2024,18:29:27,52580.85,52552.9,15,52577.55,60,0,5850
BANKNIFTY-III.NFO,01/11/2024,18:29:29,52580.85,52552.9,45,52575.75,60,0,5850
BANKNIFTY-III.NFO,01/11/2024,18:29:31,52580.85,52551.95,15,52575.2,60,0,5850
BANKNIFTY-III.NFO,01/11/2024,18:29:32,52580.85,52551.3,15,52574.6,60,0,5850
BANKNIFTY-III.NFO,01/11/2024,18:29:34,52580.85,52552.3,15,52575.3,60,0,5850
BANKNIFTY-III.NFO,01/11/2024,18:29:36,52580.85,52552.3,15,52574.4,60,0,5850
BANKNIFTY-III.NFO,01/11/2024,18:29:37,52580.85,52552.7,15,52574.5,60,0,5850
BANKNIFTY-III.NFO,01/11/2024,18:29:39,52580.85,52552.8,15,52574.6,60,0,5850
BANKNIFTY-III.NFO,01/11/2024,18:29:41,52580.85,52552.7,15,52574.4,60,0,5850
BANKNIFTY-III.NFO,01/11/2024,18:29:42,52580.85,52552.7,15,52575.15,60,0,5850
BANKNIFTY-III.NFO,01/11/2024,18:29:44,52580.85,52555.25,15,52577.8,60,0,5850
BANKNIFTY-III.NFO,01/11/2024,18:29:45,52580.85,52555.7,45,52577.8,60,0,5850
BANKNIFTY-III.NFO,01/11/2024,18:29:47,52580.85,52555.65,15,52577.8,60,0,5850
BANKNIFTY-III.NFO,01/11/2024,18:29:49,52580.85,52567.1,15,52577.85,45,0,5850
BANKNIFTY-III.NFO,01/11/2024,18:29:50,52580.85,52561,15,52577.85,45,0,5850
BANKNIFTY-III.NFO,01/11/2024,18:29:52,52580.85,52561.55,15,52577.85,45,0,5850
BANKNIFTY-III.NFO,01/11/2024,18:29:54,52580.85,52561.45,15,52577.85,45,0,5850
BANKNIFTY-III.NFO,01/11/2024,18:29:55,52580.85,52560.95,15,52577.85,45,0,5850
BANKNIFTY-III.NFO,01/11/2024,18:29:57,52580.85,52557.95,15,52575.6,60,0,5850
BANKNIFTY-III.NFO,01/11/2024,18:29:59,52580.85,52558.25,15,52575.45,60,0,5850
BANKNIFTY-III.NFO,01/11/2024,18:30:00,52580.85,52558.9,15,52575.5,45,0,5850
BANKNIFTY-III.NFO,01/11/2024,18:30:02,52580.85,52557.9,15,52575.55,45,0,5850
BANKNIFTY-III.NFO,01/11/2024,18:30:04,52580.85,52559.6,15,52575.55,45,0,5850
BANKNIFTY-III.NFO,01/11/2024,18:30:05,52580.85,52562.05,15,52577.95,45,0,5850
BANKNIFTY-III.NFO,01/11/2024,18:30:07,52580.85,52561,15,52577.95,60,0,5850
BANKNIFTY-III.NFO,01/11/2024,18:30:09,52580.85,52564.05,15,52578,15,0,5850
BANKNIFTY-III.NFO,01/11/2024,18:30:10,52580.85,52564,15,52578,15,0,5850
BANKNIFTY-III.NFO,01/11/2024,18:30:12,52580.85,52565.3,45,52578,15,0,5850
BANKNIFTY-III.NFO,01/11/2024,18:30:14,52566,52566.7,30,52578,15,15,5850
BANKNIFTY-III.NFO,01/11/2024,18:30:16,52566,52567.1,30,52577.8,45,0,5850
BANKNIFTY-III.NFO,01/11/2024,18:30:17,52566,52567.8,30,52577.8,45,0,5850
BANKNIFTY-III.NFO,01/11/2024,18:30:19,52566,52569.5,30,52577.8,45,0,5850
BANKNIFTY-III.NFO,01/11/2024,18:30:21,52566,52570.05,30,52578,15,0,5850
BANKNIFTY-III.NFO,01/11/2024,18:30:22,52566,52569.35,30,52578,15,0,5850
BANKNIFTY-III.NFO,01/11/2024,18:30:24,52566,52572.65,30,52578,15,0,5850
BANKNIFTY-III.NFO,01/11/2024,18:30:26,52566,52572.75,30,52578,15,0,5850
BANKNIFTY-III.NFO,01/11/2024,18:30:29,52574.2,52560.4,45,52578,15,15,5850
BANKNIFTY-III.NFO,01/11/2024,18:30:31,52574.2,52575.95,30,52578,15,0,5850
BANKNIFTY-III.NFO,01/11/2024,18:30:32,52574.2,52575.15,30,52578,15,0,5850
BANKNIFTY-III.NFO,01/11/2024,18:30:34,52574.2,52568.45,30,52578,15,0,5850
BANKNIFTY-III.NFO,01/11/2024,18:30:36,52574.2,52568.2,30,52578,15,0,5850
BANKNIFTY-III.NFO,01/11/2024,18:30:37,52574.2,52568.45,30,52578,15,0,5850
BANKNIFTY-III.NFO,01/11/2024,18:30:39,52574.2,52570.15,30,52578,15,0,5850
BANKNIFTY-III.NFO,01/11/2024,18:30:41,52574.2,52569.45,30,52578,15,0,5850
BANKNIFTY-III.NFO,01/11/2024,18:30:42,52574.2,52570.6,30,52578,15,0,5850
BANKNIFTY-III.NFO,01/11/2024,18:30:44,52574.2,52574.2,15,52578,15,0,5850
BANKNIFTY-III.NFO,01/11/2024,18:30:47,52574.2,52574.2,15,52577.95,60,0,5850
BANKNIFTY-III.NFO,01/11/2024,18:30:49,52574.2,52574.2,15,52578,15,0,5850
BANKNIFTY-III.NFO,01/11/2024,18:31:02,52574.2,52574.2,15,52577.95,60,0,5850
BANKNIFTY-III.NFO,01/11/2024,18:31:09,52574.2,52555.2,45,52572.8,60,15,5850
BANKNIFTY-III.NFO,01/11/2024,18:31:10,52574.2,52555.2,45,52572.8,60,0,5850
BANKNIFTY-III.NFO,01/11/2024,18:31:12,52574.2,52557.25,30,52576.1,60,0,5850
BANKNIFTY-III.NFO,01/11/2024,18:31:14,52574.2,52559.05,30,52576.1,60,0,5850
BANKNIFTY-III.NFO,01/11/2024,18:31:15,52574.2,52557.95,30,52575.45,60,0,5850
BANKNIFTY-III.NFO,01/11/2024,18:31:17,52574.2,52560.4,30,52577.95,60,0,5850
BANKNIFTY-III.NFO,01/11/2024,18:31:18,52574.2,52559.35,30,52577.95,60,0,5850
BANKNIFTY-III.NFO,01/11/2024,18:31:20,52574.2,52559.4,30,52577.95,60,0,5850
BANKNIFTY-III.NFO,01/11/2024,18:31:22,52574.2,52558.35,30,52577.95,60,0,5850
BANKNIFTY-III.NFO,01/11/2024,18:31:23,52574.2,52559.05,30,52575.4,60,0,5850
BANKNIFTY-III.NFO,01/11/2024,18:31:25,52574.2,52559.6,30,52575.5,45,0,5850
BANKNIFTY-III.NFO,01/11/2024,18:31:27,52574.2,52560.5,30,52575.45,60,0,5850
BANKNIFTY-III.NFO,01/11/2024,18:31:28,52574.2,52556.7,30,52574.15,45,0,5850
BANKNIFTY-III.NFO,01/11/2024,18:31:30,52543.7,52546.05,75,52574.15,45,150,5850
BANKNIFTY-III.NFO,01/11/2024,18:31:31,52543.7,52558.5,30,52574.15,45,0,5850
BANKNIFTY-III.NFO,01/11/2024,18:31:33,52543.7,52558.85,30,52574.15,45,0,5850
BANKNIFTY-III.NFO,01/11/2024,18:31:35,52543.7,52558.7,30,52574.15,45,0,5850
BANKNIFTY-III.NFO,01/11/2024,18:31:36,52543.7,52558.15,30,52576.05,60,0,5850
BANKNIFTY-III.NFO,01/11/2024,18:31:38,52543.7,52558.2,30,52575.45,60,0,5850
BANKNIFTY-III.NFO,01/11/2024,18:31:39,52543.7,52558.9,30,52575.5,45,0,5850
BANKNIFTY-III.NFO,01/11/2024,18:31:41,52543.7,52558.35,30,52575.5,45,0,5850
BANKNIFTY-III.NFO,01/11/2024,18:31:42,52543.7,52558.65,30,52575.5,45,0,5850
BANKNIFTY-III.NFO,01/11/2024,18:31:46,52543.7,52559.2,30,52575.5,45,0,5850
BANKNIFTY-III.NFO,01/11/2024,18:31:47,52543.7,52558.4,30,52575.5,45,0,5850
BANKNIFTY-III.NFO,01/11/2024,18:31:49,52543.7,52560.85,30,52575.5,45,0,5850
BANKNIFTY-III.NFO,01/11/2024,18:31:50,52543.7,52560.25,30,52575.5,45,0,5850
BANKNIFTY-III.NFO,01/11/2024,18:31:52,52543.7,52561.85,30,52575.5,45,0,5850
BANKNIFTY-III.NFO,01/11/2024,18:31:54,52543.7,52562.6,30,52575.5,45,0,5850
BANKNIFTY-III.NFO,01/11/2024,18:31:55,52543.7,52572.75,30,52578,15,0,5850
BANKNIFTY-III.NFO,01/11/2024,18:31:57,52543.7,52566.5,30,52578,15,0,5850
BANKNIFTY-III.NFO,01/11/2024,18:31:59,52543.7,52567,30,52578,15,0,5850
BANKNIFTY-III.NFO,01/11/2024,18:32:00,52543.7,52564.05,30,52578,15,0,5850
BANKNIFTY-III.NFO,01/11/2024,18:32:02,52543.7,52564.2,30,52578,15,0,5850
BANKNIFTY-III.NFO,01/11/2024,18:32:04,52543.7,52564.6,30,52578,15,0,5850
BANKNIFTY-III.NFO,01/11/2024,18:32:05,52543.7,52564.85,30,52578,15,0,5850
BANKNIFTY-III.NFO,01/11/2024,18:32:08,52543.7,52565.2,30,52578,15,0,5850
BANKNIFTY-III.NFO,01/11/2024,18:32:10,52543.7,52565.25,30,52577.95,60,0,5850
BANKNIFTY-III.NFO,01/11/2024,18:32:12,52543.7,52563.7,30,52578,15,0,5850
BANKNIFTY-III.NFO,01/11/2024,18:32:13,52564.4,52563.95,30,52578,15,15,6045
BANKNIFTY-III.NFO,01/11/2024,18:32:15,52564.4,52563.1,30,52577.9,45,0,6045
BANKNIFTY-III.NFO,01/11/2024,18:32:16,52564.4,52562.85,30,52577.9,45,0,6045
BANKNIFTY-III.NFO,01/11/2024,18:32:18,52564.4,52563.2,30,52577.6,45,0,6045
BANKNIFTY-III.NFO,01/11/2024,18:32:20,52564.4,52561.7,45,52577.25,60,0,6045
BANKNIFTY-III.NFO,01/11/2024,18:32:21,52564.4,52562.05,45,52577.25,60,0,6045
BANKNIFTY-III.NFO,01/11/2024,18:32:30,52564.4,52562.05,45,52577.1,60,0,6045
BANKNIFTY-III.NFO,01/11/2024,18:32:31,52564.4,52562.05,45,52576.2,60,0,6045
BANKNIFTY-III.NFO,01/11/2024,18:32:34,52564.4,52557.45,30,52577.95,60,0,6045
BANKNIFTY-III.NFO,01/11/2024,18:32:36,52564.4,52550.2,30,52577.95,60,0,6045
BANKNIFTY-III.NFO,01/11/2024,18:32:38,52564.4,52552.05,30,52577.95,60,0,6045
BANKNIFTY-III.NFO,01/11/2024,18:32:39,52564.4,52554.8,30,52577.95,60,0,6045
BANKNIFTY-III.NFO,01/11/2024,18:32:41,52564.4,52555.05,30,52577.95,60,0,6045
BANKNIFTY-III.NFO,01/11/2024,18:32:43,52564.4,52555.3,45,52572.75,45,0,6045
BANKNIFTY-III.NFO,01/11/2024,18:32:46,52564.4,52555.3,45,52572.7,60,0,6045
BANKNIFTY-III.NFO,01/11/2024,18:32:48,52564.4,52555.3,45,52574.1,45,0,6045
BANKNIFTY-III.NFO,01/11/2024,18:32:49,52564.4,52556.9,30,52574.1,45,0,6045
BANKNIFTY-III.NFO,01/11/2024,18:32:51,52564.4,52556.35,30,52573.8,45,0,6045
BANKNIFTY-III.NFO,01/11/2024,18:32:52,52564.4,52558.45,30,52573.8,45,0,6045
BANKNIFTY-III.NFO,01/11/2024,18:32:54,52564.4,52559.4,30,52573.8,45,0,6045
BANKNIFTY-III.NFO,01/11/2024,18:32:56,52564.4,52563.15,30,52573.8,45,0,6045
BANKNIFTY-III.NFO,01/11/2024,18:32:58,52564.4,52564.35,30,52578,15,0,6045
BANKNIFTY-III.NFO,01/11/2024,18:32:59,52564.4,52562.95,30,52578,15,0,6045
BANKNIFTY-III.NFO,01/11/2024,18:33:01,52564.4,52561.75,30,52578,15,0,6045
BANKNIFTY-III.NFO,01/11/2024,18:33:03,52564.4,52561.2,30,52578,15,0,6045
BANKNIFTY-III.NFO,01/11/2024,18:33:04,52564.4,52561.7,30,52578,15,0,6045
BANKNIFTY-III.NFO,01/11/2024,18:33:06,52561.7,52561.25,30,52578,15,15,6045
BANKNIFTY-III.NFO,01/11/2024,18:33:08,52561.7,52560.8,30,52578,15,0,6045
BANKNIFTY-III.NFO,01/11/2024,18:33:09,52561.7,52561.05,30,52578,15,0,6045
BANKNIFTY-III.NFO,01/11/2024,18:33:11,52561.7,52559.1,30,52577.95,60,0,6045
BANKNIFTY-III.NFO,01/11/2024,18:33:13,52561.7,52559.4,30,52578,15,0,6045
BANKNIFTY-III.NFO,01/11/2024,18:33:14,52561.7,52558.75,30,52577.95,60,0,6045
BANKNIFTY-III.NFO,01/11/2024,18:33:15,52561.7,52558.5,30,52577.95,60,0,6045
BANKNIFTY-III.NFO,01/11/2024,18:33:17,52578,52560.6,30,52584.5,60,15,6045
BANKNIFTY-III.NFO,01/11/2024,18:33:19,52578,52560.7,45,52582.55,60,0,6045
BANKNIFTY-III.NFO,01/11/2024,18:33:20,52578,52562.85,45,52579.9,45,0,6045
BANKNIFTY-III.NFO,01/11/2024,18:33:22,52578,52563.15,30,52579.75,45,0,6045
BANKNIFTY-III.NFO,01/11/2024,18:33:24,52578,52563.45,30,52584.95,60,0,6045
BANKNIFTY-III.NFO,01/11/2024,18:33:25,52578,52561.55,30,52584.95,60,0,6045
BANKNIFTY-III.NFO,01/11/2024,18:33:28,52578,52578,15,52584.95,60,0,6045
BANKNIFTY-III.NFO,01/11/2024,18:33:30,52578,52578,15,52583.2,60,0,6045
BANKNIFTY-III.NFO,01/11/2024,18:33:32,52578,52578,15,52582.8,45,0,6045
BANKNIFTY-III.NFO,01/11/2024,18:33:33,52578,52578,15,52581.75,45,0,6045
BANKNIFTY-III.NFO,01/11/2024,18:33:35,52578,52578,15,52581,45,0,6045
BANKNIFTY-III.NFO,01/11/2024,18:33:36,52578,52578,15,52580.55,45,0,6045
BANKNIFTY-III.NFO,01/11/2024,18:33:38,52578,52578,15,52580.25,45,0,6045
BANKNIFTY-III.NFO,01/11/2024,18:33:40,52578,52578,15,52579.65,45,0,6045
BANKNIFTY-III.NFO,01/11/2024,18:33:44,52578,52578,15,52584.4,60,0,6045
BANKNIFTY-III.NFO,01/11/2024,18:33:46,52578,52578,15,52583.35,60,0,6045
BANKNIFTY-III.NFO,01/11/2024,18:33:47,52578,52578,15,52579.95,45,0,6045
BANKNIFTY-III.NFO,01/11/2024,18:33:50,52578,52578,15,52584.95,60,0,6045
BANKNIFTY-III.NFO,01/11/2024,18:33:57,52578,52578,15,52581.85,60,0,6045
BANKNIFTY-III.NFO,01/11/2024,18:33:58,52578,52578,15,52579.8,45,0,6045
BANKNIFTY-III.NFO,01/11/2024,18:34:00,52578,52578,15,52581.9,60,0,6045
BANKNIFTY-III.NFO,01/11/2024,18:34:02,52578,52578,15,52582.15,60,0,6045
BANKNIFTY-III.NFO,01/11/2024,18:34:03,52578,52578,15,52582.65,60,0,6045
BANKNIFTY-III.NFO,01/11/2024,18:34:05,52578,52578,15,52579.85,45,0,6045
BANKNIFTY-III.NFO,01/11/2024,18:34:06,52579.65,52561.1,45,52579.65,30,15,6045
BANKNIFTY-III.NFO,01/11/2024,18:34:08,52579.65,52561.35,45,52579.65,30,0,6045
BANKNIFTY-III.NFO,01/11/2024,18:34:10,52579.65,52562.8,30,52579.65,30,0,6045
BANKNIFTY-III.NFO,01/11/2024,18:34:11,52579.65,52562.15,30,52584.95,60,0,6045
BANKNIFTY-III.NFO,01/11/2024,18:34:13,52579.65,52563.25,30,52584.95,60,0,6045
BANKNIFTY-III.NFO,01/11/2024,18:34:14,52579.65,52563.2,45,52580.7,45,0,6045
BANKNIFTY-III.NFO,01/11/2024,18:34:18,52579.65,52563.6,30,52584.95,60,0,6045
BANKNIFTY-III.NFO,01/11/2024,18:34:19,52579.65,52562.5,30,52584.95,60,0,6045
BANKNIFTY-III.NFO,01/11/2024,18:34:21,52579.65,52563.45,30,52584.95,60,0,6045
BANKNIFTY-III.NFO,01/11/2024,18:34:23,52579.65,52564.05,30,52584.95,60,0,6045
BANKNIFTY-III.NFO,01/11/2024,18:34:24,52579.65,52564.6,30,52584.95,60,0,6045
BANKNIFTY-III.NFO,01/11/2024,18:34:26,52579.65,52566,30,52582.6,45,0,6045
BANKNIFTY-III.NFO,01/11/2024,18:34:28,52579.65,52564,30,52584.95,60,0,6045
BANKNIFTY-III.NFO,01/11/2024,18:34:29,52579.65,52560.45,30,52584.95,60,0,6045
BANKNIFTY-III.NFO,01/11/2024,18:34:31,52579.65,52559.45,30,52584.95,60,0,6045
BANKNIFTY-III.NFO,01/11/2024,18:34:32,52579.65,52560.7,30,52584.95,60,0,6045
BANKNIFTY-III.NFO,01/11/2024,18:34:34,52579.65,52561.05,30,52584.95,60,0,6045
BANKNIFTY-III.NFO,01/11/2024,18:34:36,52579.65,52560.95,30,52584.95,60,0,6045
BANKNIFTY-III.NFO,01/11/2024,18:34:37,52579.65,52557.95,30,52584.95,60,0,6045
BANKNIFTY-III.NFO,01/11/2024,18:34:39,52579.65,52558.1,30,52575.7,60,15,6045
BANKNIFTY-III.NFO,01/11/2024,18:34:41,52579.65,52555.05,30,52573.6,60,0,6105
BANKNIFTY-III.NFO,01/11/2024,18:34:42,52579.65,52554.1,45,52579.75,60,0,6105
BANKNIFTY-III.NFO,01/11/2024,18:34:44,52579.65,52554.1,45,52575.55,60,0,6105
BANKNIFTY-III.NFO,01/11/2024,18:34:46,52579.65,52554.75,45,52576.45,60,0,6105
BANKNIFTY-III.NFO,01/11/2024,18:34:47,52579.65,52557.95,30,52577.65,60,0,6105
BANKNIFTY-III.NFO,01/11/2024,18:34:49,52579.65,52557.95,30,52579.15,60,0,6105
BANKNIFTY-III.NFO,01/11/2024,18:34:50,52579.65,52557.95,30,52577.65,60,0,6105
BANKNIFTY-III.NFO,01/11/2024,18:34:52,52579.65,52559,30,52577.7,60,0,6105
BANKNIFTY-III.NFO,01/11/2024,18:34:54,52579.65,52559,30,52582.95,60,0,6105
BANKNIFTY-III.NFO,01/11/2024,18:34:55,52579.65,52559,30,52578.8,60,0,6105
BANKNIFTY-III.NFO,01/11/2024,18:34:57,52579.65,52559,30,52578.5,60,0,6105
BANKNIFTY-III.NFO,01/11/2024,18:35:00,52579.65,52559,30,52582.95,60,0,6105
BANKNIFTY-III.NFO,01/11/2024,18:35:04,52579.65,52559.05,30,52582.95,60,0,6105
BANKNIFTY-III.NFO,01/11/2024,18:35:05,52579.65,52561.1,30,52582.95,60,0,6105
BANKNIFTY-III.NFO,01/11/2024,18:35:07,52579.65,52559.05,30,52582.95,60,0,6105
BANKNIFTY-III.NFO,01/11/2024,18:35:08,52579.65,52559,30,52582.95,60,0,6105
BANKNIFTY-III.NFO,01/11/2024,18:35:10,52579.65,52559.2,30,52579.6,60,0,6105
BANKNIFTY-III.NFO,01/11/2024,18:35:12,52579.65,52559.55,30,52579.6,60,0,6105
BANKNIFTY-III.NFO,01/11/2024,18:35:13,52579.65,52559.9,30,52579.6,60,0,6105
BANKNIFTY-III.NFO,01/11/2024,18:35:15,52579.65,52562,30,52579.6,60,0,6105
BANKNIFTY-III.NFO,01/11/2024,18:35:16,52579.65,52561.5,30,52579.6,60,0,6105
BANKNIFTY-III.NFO,01/11/2024,18:35:18,52579.65,52561.75,30,52577.95,60,0,6105
BANKNIFTY-III.NFO,01/11/2024,18:35:20,52579.65,52558.65,30,52577.95,60,0,6105
BANKNIFTY-III.NFO,01/11/2024,18:35:21,52579.65,52559.45,30,52577.95,60,0,6105
BANKNIFTY-III.NFO,01/11/2024,18:35:23,52579.65,52560,30,52577.95,60,0,6105
BANKNIFTY-III.NFO,01/11/2024,18:35:25,52579.65,52559.45,30,52577.95,60,0,6105
BANKNIFTY-III.NFO,01/11/2024,18:35:26,52579.65,52558.2,30,52577.95,60,0,6105
BANKNIFTY-III.NFO,01/11/2024,18:35:28,52579.65,52559,30,52577.95,60,0,6105
BANKNIFTY-III.NFO,01/11/2024,18:35:30,52579.65,52561.5,30,52578,15,0,6105
BANKNIFTY-III.NFO,01/11/2024,18:35:31,52579.65,52561.55,30,52578,15,0,6105
BANKNIFTY-III.NFO,01/11/2024,18:35:33,52579.65,52562.35,30,52578,15,0,6105
BANKNIFTY-III.NFO,01/11/2024,18:35:35,52579.65,52561.7,30,52577.95,60,0,6105
BANKNIFTY-III.NFO,01/11/2024,18:35:39,52579.65,52560.5,30,52577.95,60,0,6105
BANKNIFTY-III.NFO,01/11/2024,18:35:48,52579.65,52558.45,30,52577.95,60,0,6105
BANKNIFTY-III.NFO,01/11/2024,18:35:49,52579.65,52557.8,30,52570,15,0,6105
BANKNIFTY-III.NFO,01/11/2024,18:35:51,52579.65,52558.1,30,52570,15,0,6105
BANKNIFTY-III.NFO,01/11/2024,18:35:53,52579.65,52558.65,30,52570,15,0,6105
BANKNIFTY-III.NFO,01/11/2024,18:35:54,52579.65,52557.1,30,52570,15,0,6105
BANKNIFTY-III.NFO,01/11/2024,18:35:56,52579.65,52557.15,30,52570,15,0,6105
BANKNIFTY-III.NFO,01/11/2024,18:35:57,52579.65,52557,30,52570,15,0,6105
BANKNIFTY-III.NFO,01/11/2024,18:35:59,52579.65,52556.95,30,52570,15,0,6105
BANKNIFTY-III.NFO,01/11/2024,18:36:01,52579.65,52557.3,30,52570,15,0,6105
BANKNIFTY-III.NFO,01/11/2024,18:36:02,52579.65,52560.55,30,52570,15,0,6105
BANKNIFTY-III.NFO,01/11/2024,18:36:04,52579.65,52558.4,30,52570,15,0,6105
BANKNIFTY-III.NFO,01/11/2024,18:36:06,52579.65,52558.15,30,52570,15,0,6105
BANKNIFTY-III.NFO,01/11/2024,18:36:07,52579.65,52556.2,30,52570,15,0,6105
BANKNIFTY-III.NFO,01/11/2024,18:36:09,52579.65,52556.05,30,52570,15,0,6105
BANKNIFTY-III.NFO,01/11/2024,18:36:11,52579.65,52557.25,30,52570,15,0,6105
BANKNIFTY-III.NFO,01/11/2024,18:36:12,52579.65,52557.1,30,52570,15,0,6105
BANKNIFTY-III.NFO,01/11/2024,18:36:14,52579.65,52556.85,30,52570,15,0,6105
BANKNIFTY-III.NFO,01/11/2024,18:36:18,52558.4,52556.85,30,52578.95,60,15,6105
BANKNIFTY-III.NFO,01/11/2024,18:36:20,52558.4,52556.05,30,52578.95,60,0,6105
BANKNIFTY-III.NFO,01/11/2024,18:36:21,52558.4,52556.1,30,52578.95,60,0,6105
BANKNIFTY-III.NFO,01/11/2024,18:36:23,52558.4,52556.05,30,52578.95,60,0,6105
BANKNIFTY-III.NFO,01/11/2024,18:36:26,52558.4,52556.15,30,52578.95,60,0,6105
BANKNIFTY-III.NFO,01/11/2024,18:36:28,52558.4,52556.75,30,52578.95,60,0,6105
BANKNIFTY-III.NFO,01/11/2024,18:36:30,52558.4,52556.95,30,52578.95,60,0,6105
BANKNIFTY-III.NFO,01/11/2024,18:36:31,52558.4,52557.2,30,52578.95,60,0,6105
BANKNIFTY-III.NFO,01/11/2024,18:36:33,52558.4,52557.4,30,52578.95,60,0,6105
BANKNIFTY-III.NFO,01/11/2024,18:36:34,52558.4,52556.65,30,52577.95,60,0,6105
BANKNIFTY-III.NFO,01/11/2024,18:36:36,52560,52556.55,30,52577.95,60,15,6105
BANKNIFTY-III.NFO,01/11/2024,18:36:38,52560,52556.55,30,52577.95,60,0,6105
BANKNIFTY-III.NFO,01/11/2024,18:36:39,52560,52557.1,30,52577.95,60,0,6105
BANKNIFTY-III.NFO,01/11/2024,18:36:41,52560,52559,30,52577.95,60,0,6105
BANKNIFTY-III.NFO,01/11/2024,18:36:43,52560,52558.95,30,52577.95,60,0,6105
BANKNIFTY-III.NFO,01/11/2024,18:36:44,52560,52560,30,52577.95,60,0,6105
BANKNIFTY-III.NFO,01/11/2024,18:36:46,52560,52559.1,30,52577.95,60,0,6105
BANKNIFTY-III.NFO,01/11/2024,18:36:47,52560,52556.6,30,52577.95,60,0,6105
BANKNIFTY-III.NFO,01/11/2024,18:36:49,52560,52556.5,30,52577.95,60,0,6105
BANKNIFTY-III.NFO,01/11/2024,18:36:51,52560,52556.7,30,52577.95,60,0,6105
BANKNIFTY-III.NFO,01/11/2024,18:36:52,52560,52556.5,30,52577.95,60,0,6105
BANKNIFTY-III.NFO,01/11/2024,18:36:54,52560,52556,30,52577.95,60,0,6105
BANKNIFTY-III.NFO,01/11/2024,18:36:57,52560,52556.05,30,52577.95,60,0,6105
BANKNIFTY-III.NFO,01/11/2024,18:36:59,52560,52556.85,30,52576.95,60,0,6105
BANKNIFTY-III.NFO,01/11/2024,18:37:00,52560,52556,30,52576.95,60,0,6105
BANKNIFTY-III.NFO,01/11/2024,18:37:04,52560,52556.05,30,52576.95,60,0,6105
BANKNIFTY-III.NFO,01/11/2024,18:37:05,52560,52556,30,52576.95,60,0,6105
BANKNIFTY-III.NFO,01/11/2024,18:37:07,52560,52556.75,30,52576.95,60,0,6105
BANKNIFTY-III.NFO,01/11/2024,18:37:09,52560,52556.15,30,52576.95,60,0,6105
BANKNIFTY-III.NFO,01/11/2024,18:37:10,52560,52557.35,30,52576.95,60,0,6105
BANKNIFTY-III.NFO,01/11/2024,18:37:12,52557.35,52558.3,30,52576.95,60,15,6105
BANKNIFTY-III.NFO,01/11/2024,18:37:13,52557.35,52558.2,30,52576.95,60,0,6105
BANKNIFTY-III.NFO,01/11/2024,18:37:15,52557.35,52556.75,30,52576.95,60,0,6105
BANKNIFTY-III.NFO,01/11/2024,18:37:17,52557.35,52556.5,30,52576.95,60,0,6105
BANKNIFTY-III.NFO,01/11/2024,18:37:18,52557.35,52557.55,30,52576.95,60,0,6105
BANKNIFTY-III.NFO,01/11/2024,18:37:20,52557.35,52558.55,30,52576.95,60,0,6105
BANKNIFTY-III.NFO,01/11/2024,18:37:22,52557.35,52560.15,30,52576.95,60,0,6105
BANKNIFTY-III.NFO,01/11/2024,18:37:25,52557.35,52558.9,30,52576.95,60,0,6105
BANKNIFTY-III.NFO,01/11/2024,18:37:27,52557.35,52556.95,30,52576.95,60,0,6105
BANKNIFTY-III.NFO,01/11/2024,18:37:28,52557.35,52558.7,30,52576.95,60,0,6105
BANKNIFTY-III.NFO,01/11/2024,18:37:30,52557.35,52557.1,30,52576.95,60,0,6105
BANKNIFTY-III.NFO,01/11/2024,18:37:31,52557.35,52555.35,30,52576.95,60,0,6105
BANKNIFTY-III.NFO,01/11/2024,18:37:33,52557.35,52556.05,30,52576.95,60,0,6105
BANKNIFTY-III.NFO,01/11/2024,18:37:35,52557.35,52557.1,30,52576.95,60,0,6105
BANKNIFTY-III.NFO,01/11/2024,18:37:36,52557.35,52555.4,30,52576.95,60,0,6105
BANKNIFTY-III.NFO,01/11/2024,18:37:38,52557.35,52553.75,30,52576.95,60,0,6105
BANKNIFTY-III.NFO,01/11/2024,18:37:40,52557.35,52535,15,52576.95,60,0,6105
BANKNIFTY-III.NFO,01/11/2024,18:37:43,52557.35,52547.75,30,52576.95,60,0,6105
BANKNIFTY-III.NFO,01/11/2024,18:37:44,52557.35,52543.65,30,52558,15,0,6105
BANKNIFTY-III.NFO,01/11/2024,18:37:46,52557.35,52543.2,30,52558,15,0,6105
BANKNIFTY-III.NFO,01/11/2024,18:37:48,52557.35,52540.7,30,52557.95,60,0,6105
BANKNIFTY-III.NFO,01/11/2024,18:37:49,52557.35,52540.45,30,52557.95,60,0,6105
BANKNIFTY-III.NFO,01/11/2024,18:37:51,52557.35,52540.25,30,52557.95,60,0,6105
BANKNIFTY-III.NFO,01/11/2024,18:37:53,52557.35,52535.4,30,52557.95,60,0,6105
BANKNIFTY-III.NFO,01/11/2024,18:37:54,52557.35,52535,15,52557.95,60,0,6105
BANKNIFTY-III.NFO,01/11/2024,18:37:57,52557.35,52536.7,30,52557.95,60,0,6105
BANKNIFTY-III.NFO,01/11/2024,18:37:59,52557.35,52535,15,52557.95,60,0,6105
BANKNIFTY-III.NFO,01/11/2024,18:38:01,52557.35,52536.45,30,52557.95,60,0,6105
BANKNIFTY-III.NFO,01/11/2024,18:38:02,52557.35,52537.95,30,52557.95,60,0,6105
BANKNIFTY-III.NFO,01/11/2024,18:38:04,52557.35,52537.1,30,52557.95,60,0,6105
BANKNIFTY-III.NFO,01/11/2024,18:38:05,52557.35,52537.35,30,52557.95,60,0,6105
BANKNIFTY-III.NFO,01/11/2024,18:38:07,52557.35,52537.85,30,52557.95,60,0,6105
BANKNIFTY-III.NFO,01/11/2024,18:38:09,52557.35,52538.2,30,52557.95,60,0,6105
BANKNIFTY-III.NFO,01/11/2024,18:38:10,52557.35,52537.3,30,52557.95,60,0,6105
BANKNIFTY-III.NFO,01/11/2024,18:38:12,52557.35,52536.85,30,52557.95,60,0,6105
BANKNIFTY-III.NFO,01/11/2024,18:38:13,52557.35,52536.7,30,52557.95,60,0,6105
BANKNIFTY-III.NFO,01/11/2024,18:38:15,52557.35,52538.15,30,52557.95,60,0,6105
BANKNIFTY-III.NFO,01/11/2024,18:38:17,52557.35,52542.05,30,52557.95,60,0,6105
BANKNIFTY-III.NFO,01/11/2024,18:38:18,52557.35,52543.4,30,52558,15,0,6105
BANKNIFTY-III.NFO,01/11/2024,18:38:20,52557.35,52542.2,30,52557.95,60,0,6105
BANKNIFTY-III.NFO,01/11/2024,18:38:22,52557.35,52545.35,30,52558,15,0,6105
BANKNIFTY-III.NFO,01/11/2024,18:38:23,52557.35,52546.25,30,52558,15,0,6105
BANKNIFTY-III.NFO,01/11/2024,18:38:25,52557.35,52543.85,30,52557.95,60,0,6105
BANKNIFTY-III.NFO,01/11/2024,18:38:26,52557.35,52543.8,30,52557.95,60,0,6105
BANKNIFTY-III.NFO,01/11/2024,18:38:28,52557.35,52543.45,30,52557.95,60,0,6105
BANKNIFTY-III.NFO,01/11/2024,18:38:30,52557.35,52542.15,30,52557.95,60,0,6105
BANKNIFTY-III.NFO,01/11/2024,18:38:31,52557.35,52543.25,30,52557.95,60,0,6105
BANKNIFTY-III.NFO,01/11/2024,18:38:33,52557.35,52544.85,30,52557.3,60,0,6105
BANKNIFTY-III.NFO,01/11/2024,18:38:34,52557.35,52544.55,30,52557.3,60,0,6105
BANKNIFTY-III.NFO,01/11/2024,18:38:36,52557.35,52544.1,30,52557.3,60,0,6105
BANKNIFTY-III.NFO,01/11/2024,18:38:38,52557.35,52545.45,30,52557.3,60,0,6105
BANKNIFTY-III.NFO,01/11/2024,18:38:39,52557.35,52544.4,30,52557.3,60,0,6105
BANKNIFTY-III.NFO,01/11/2024,18:38:41,52557.35,52543.9,30,52557.3,60,0,6105
BANKNIFTY-III.NFO,01/11/2024,18:38:42,52557.35,52546,30,52557.3,60,0,6105
BANKNIFTY-III.NFO,01/11/2024,18:38:46,52557.35,52544.6,30,52557.3,60,0,6105
BANKNIFTY-III.NFO,01/11/2024,18:38:47,52557.35,52544.85,30,52557.3,60,0,6105
BANKNIFTY-III.NFO,01/11/2024,18:38:49,52557.35,52543.65,30,52557.3,60,0,6105
BANKNIFTY-III.NFO,01/11/2024,18:38:51,52557.35,52543.75,30,52557.3,60,0,6105
BANKNIFTY-III.NFO,01/11/2024,18:38:52,52557.35,52543.7,30,52557.3,60,0,6105
BANKNIFTY-III.NFO,01/11/2024,18:38:54,52557.35,52543.95,30,52557.3,60,0,6105
BANKNIFTY-III.NFO,01/11/2024,18:38:56,52557.35,52543.45,30,52557.3,60,0,6105
BANKNIFTY-III.NFO,01/11/2024,18:38:57,52557.35,52543.5,30,52557.3,60,0,6105
BANKNIFTY-III.NFO,01/11/2024,18:38:59,52557.35,52544.35,30,52557.3,60,0,6105
BANKNIFTY-III.NFO,01/11/2024,18:39:00,52557.35,52543.5,30,52557.3,60,0,6105
BANKNIFTY-III.NFO,01/11/2024,18:39:02,52557.35,52543.75,30,52557.3,60,0,6105
BANKNIFTY-III.NFO,01/11/2024,18:39:04,52557.35,52543.55,30,52557.3,60,0,6105
BANKNIFTY-III.NFO,01/11/2024,18:39:07,52557.35,52545.05,30,52557.3,60,0,6105
BANKNIFTY-III.NFO,01/11/2024,18:39:10,52557.35,52545,30,52557.3,60,0,6105
BANKNIFTY-III.NFO,01/11/2024,18:39:12,52557.35,52542.45,30,52557.3,60,0,6105
BANKNIFTY-III.NFO,01/11/2024,18:39:13,52557.35,52542.5,30,52557.3,60,0,6105
BANKNIFTY-III.NFO,01/11/2024,18:39:15,52557.35,52542.25,30,52557.3,60,0,6105
BANKNIFTY-III.NFO,01/11/2024,18:39:16,52557.35,52541.6,30,52557.3,60,0,6105
BANKNIFTY-III.NFO,01/11/2024,18:39:18,52557.35,52538.6,30,52557.3,60,0,6105
BANKNIFTY-III.NFO,01/11/2024,18:39:20,52557.35,52540.2,30,52557.3,60,0,6105
BANKNIFTY-III.NFO,01/11/2024,18:39:21,52557.35,52539.5,30,52557.3,60,0,6105
BANKNIFTY-III.NFO,01/11/2024,18:39:23,52557.35,52539.15,30,52557.3,60,0,6105
BANKNIFTY-III.NFO,01/11/2024,18:39:25,52557.35,52539.8,30,52557.3,60,0,6105
BANKNIFTY-III.NFO,01/11/2024,18:39:26,52557.35,52539.4,30,52557.3,60,0,6105
BANKNIFTY-III.NFO,01/11/2024,18:39:28,52557.35,52538.1,30,52557.3,60,0,6105
BANKNIFTY-III.NFO,01/11/2024,18:39:31,52557.35,52537.95,30,52557.3,60,0,6105
BANKNIFTY-III.NFO,01/11/2024,18:39:33,52557.35,52538.5,30,52557.3,60,0,6105
BANKNIFTY-III.NFO,01/11/2024,18:39:34,52557.35,52536.05,30,52557.3,60,0,6105
BANKNIFTY-III.NFO,01/11/2024,18:39:36,52557.35,52536.75,30,52557.3,60,0,6105
BANKNIFTY-III.NFO,01/11/2024,18:39:38,52557.35,52537.05,30,52557.3,60,0,6105
BANKNIFTY-III.NFO,01/11/2024,18:39:39,52557.35,52535.9,30,52557.3,60,0,6105
BANKNIFTY-III.NFO,01/11/2024,18:39:41,52557.35,52535.65,30,52557.3,60,0,6105
BANKNIFTY-III.NFO,01/11/2024,18:39:42,52557.35,52537,30,52557.3,60,0,6105
BANKNIFTY-III.NFO,01/11/2024,18:39:44,52557.35,52537.45,30,52557.3,60,0,6105
BANKNIFTY-III.NFO,01/11/2024,18:39:46,52557.35,52537.4,30,52557.3,60,0,6105
BANKNIFTY-III.NFO,01/11/2024,18:39:47,52557.35,52538.15,30,52557.3,60,0,6105
BANKNIFTY-III.NFO,01/11/2024,18:39:49,52557.35,52538,30,52557.3,60,0,6105
BANKNIFTY-III.NFO,01/11/2024,18:39:51,52557.35,52538.3,30,52557.3,60,0,6105
BANKNIFTY-III.NFO,01/11/2024,18:39:52,52557.35,52537.65,30,52557.3,60,0,6105
BANKNIFTY-III.NFO,01/11/2024,18:39:57,52557.35,52538.45,30,52557.3,60,0,6105
BANKNIFTY-III.NFO,01/11/2024,18:39:59,52557.35,52538.55,30,52557.3,60,0,6105
BANKNIFTY-III.NFO,01/11/2024,18:40:00,52538.15,52535,15,52557.3,60,15,6105
BANKNIFTY-III.NFO,01/11/2024,18:40:02,52538.15,52537.9,30,52557.3,60,0,6105
BANKNIFTY-III.NFO,01/11/2024,18:40:04,52538.15,52537.95,30,52557.3,60,0,6105
BANKNIFTY-III.NFO,01/11/2024,18:40:05,52538.15,52536.95,30,52557.3,60,0,6105
BANKNIFTY-III.NFO,01/11/2024,18:40:07,52538.15,52538.15,15,52557.3,60,0,6105
BANKNIFTY-III.NFO,01/11/2024,18:40:08,52538.15,52538.85,30,52557.3,60,0,6105
BANKNIFTY-III.NFO,01/11/2024,18:40:10,52538.15,52538.15,15,52557.3,60,0,6105
BANKNIFTY-III.NFO,01/11/2024,18:40:12,52538.15,52538.2,30,52557.3,60,0,6105
BANKNIFTY-III.NFO,01/11/2024,18:40:13,52538.15,52538.15,15,52557.3,60,0,6105
BANKNIFTY-III.NFO,01/11/2024,18:40:26,52538.15,52538.4,30,52557.3,60,0,6105
BANKNIFTY-III.NFO,01/11/2024,18:40:28,52538.15,52538.15,15,52557.3,60,0,6105
BANKNIFTY-III.NFO,01/11/2024,18:41:20,52538.15,52535,30,52557.3,60,15,6120
BANKNIFTY-III.NFO,01/11/2024,18:41:22,52538.15,52535,30,52557.3,60,0,6120
BANKNIFTY-III.NFO,01/11/2024,18:41:43,52538.15,52540.6,30,52557.3,60,0,6120
BANKNIFTY-III.NFO,01/11/2024,18:41:45,52538.15,52546.85,30,52557.35,150,0,6120
BANKNIFTY-III.NFO,01/11/2024,18:41:46,52538.15,52543.6,30,52557.3,60,0,6120
BANKNIFTY-III.NFO,01/11/2024,18:41:48,52538.15,52540.65,30,52557.3,60,0,6120
BANKNIFTY-III.NFO,01/11/2024,18:41:50,52538.15,52540.05,30,52557.3,60,0,6120
BANKNIFTY-III.NFO,01/11/2024,18:41:51,52538.15,52539.35,30,52557.3,60,0,6120
BANKNIFTY-III.NFO,01/11/2024,18:41:53,52538.15,52537.95,30,52557.3,60,0,6120
BANKNIFTY-III.NFO,01/11/2024,18:41:55,52538.15,52539.05,30,52557.3,60,0,6120
BANKNIFTY-III.NFO,01/11/2024,18:41:56,52538.15,52540.15,30,52557.3,60,0,6120
BANKNIFTY-III.NFO,01/11/2024,18:41:58,52538.15,52538.35,30,52557.3,60,0,6120
BANKNIFTY-III.NFO,01/11/2024,18:42:00,52538.15,52539.7,30,52557.3,60,0,6120
BANKNIFTY-III.NFO,01/11/2024,18:42:01,52538.15,52537.65,30,52557.3,60,0,6120
BANKNIFTY-III.NFO,01/11/2024,18:42:03,52538.15,52538.5,30,52557.3,60,0,6120
BANKNIFTY-III.NFO,01/11/2024,18:42:05,52538.15,52539.15,30,52557.3,60,0,6120
BANKNIFTY-III.NFO,01/11/2024,18:42:06,52538.15,52540.1,30,52557.3,60,0,6120
BANKNIFTY-III.NFO,01/11/2024,18:42:08,52538.15,52539.25,30,52557.3,60,0,6120
BANKNIFTY-III.NFO,01/11/2024,18:42:09,52538.15,52539.4,30,52557.3,60,0,6120
BANKNIFTY-III.NFO,01/11/2024,18:42:11,52538.15,52537.2,30,52557.3,60,0,6120
BANKNIFTY-III.NFO,01/11/2024,18:42:13,52538.15,52538.25,30,52557.3,60,0,6120
BANKNIFTY-III.NFO,01/11/2024,18:42:15,52539.15,52535,30,52557.3,60,15,6120
BANKNIFTY-III.NFO,01/11/2024,18:42:16,52539.15,52536.4,30,52557.3,60,0,6120
BANKNIFTY-III.NFO,01/11/2024,18:42:18,52539.15,52535.6,30,52557.3,60,0,6120
BANKNIFTY-III.NFO,01/11/2024,18:42:19,52539.15,52535.05,30,52557.3,60,0,6120
BANKNIFTY-III.NFO,01/11/2024,18:42:21,52539.15,52536.15,30,52557.3,60,0,6120
BANKNIFTY-III.NFO,01/11/2024,18:42:23,52539.15,52535.35,30,52557.3,60,0,6120
BANKNIFTY-III.NFO,01/11/2024,18:42:24,52539.15,52535,30,52557.3,60,0,6120
BANKNIFTY-III.NFO,01/11/2024,18:42:26,52535,52535,15,52557.3,60,15,6120
BANKNIFTY-III.NFO,01/11/2024,18:42:28,52535,52535,15,52557.3,60,0,6120
BANKNIFTY-III.NFO,01/11/2024,18:42:39,52535,52534.3,30,52557.3,60,15,6120
BANKNIFTY-III.NFO,01/11/2024,18:42:41,52535,52533.65,30,52557.3,60,0,6120
BANKNIFTY-III.NFO,01/11/2024,18:42:42,52535,52535.25,30,52557.3,60,0,6120
BANKNIFTY-III.NFO,01/11/2024,18:42:47,52535,52536.35,30,52557.3,60,0,6120
BANKNIFTY-III.NFO,01/11/2024,18:42:48,52535,52536.05,30,52557.3,60,0,6120
BANKNIFTY-III.NFO,01/11/2024,18:42:50,52535,52536.2,30,52557.3,60,0,6120
BANKNIFTY-III.NFO,01/11/2024,18:42:52,52535,52536.05,30,52557.3,60,0,6120
BANKNIFTY-III.NFO,01/11/2024,18:42:53,52535,52534.7,30,52557.3,60,0,6120
BANKNIFTY-III.NFO,01/11/2024,18:42:55,52535,52535.3,30,52557.3,60,0,6120
BANKNIFTY-III.NFO,01/11/2024,18:42:57,52535,52534.85,30,52557.3,60,0,6120
BANKNIFTY-III.NFO,01/11/2024,18:43:00,52535,52535.35,30,52557.3,60,0,6120
BANKNIFTY-III.NFO,01/11/2024,18:43:02,52535,52535.4,30,52557.3,60,0,6120
BANKNIFTY-III.NFO,01/11/2024,18:43:03,52535,52534.6,30,52557.3,60,0,6120
BANKNIFTY-III.NFO,01/11/2024,18:43:05,52535,52533.6,30,52557.3,60,0,6120
BANKNIFTY-III.NFO,01/11/2024,18:43:06,52535,52532.85,30,52557.3,60,0,6120
BANKNIFTY-III.NFO,01/11/2024,18:43:08,52535,52532.8,30,52557.3,60,0,6120
BANKNIFTY-III.NFO,01/11/2024,18:43:11,52535,52533,30,52557.3,60,0,6120
BANKNIFTY-III.NFO,01/11/2024,18:43:13,52535,52531.85,30,52557.3,60,0,6120
BANKNIFTY-III.NFO,01/11/2024,18:43:14,52535,52531.7,30,52557.3,60,0,6120
BANKNIFTY-III.NFO,01/11/2024,18:43:16,52535,52531.6,30,52557.3,60,0,6120
BANKNIFTY-III.NFO,01/11/2024,18:43:17,52535,52531.35,30,52557.3,60,0,6120
BANKNIFTY-III.NFO,01/11/2024,18:43:19,52535,52530.45,30,52557.3,60,0,6120
BANKNIFTY-III.NFO,01/11/2024,18:43:21,52535,52530.5,30,52557.3,60,0,6120
BANKNIFTY-III.NFO,01/11/2024,18:43:22,52530.5,52530.45,30,52557.3,60,15,6120
BANKNIFTY-III.NFO,01/11/2024,18:43:24,52530.5,52530,15,52557.3,60,0,6120
BANKNIFTY-III.NFO,01/11/2024,18:43:35,52530.5,52530,15,52553.65,60,0,6120
BANKNIFTY-III.NFO,01/11/2024,18:43:37,52530.5,52530,15,52554.9,60,0,6120
BANKNIFTY-III.NFO,01/11/2024,18:43:38,52530.5,52530,15,52555.4,60,0,6120
BANKNIFTY-III.NFO,01/11/2024,18:43:42,52530.5,52530,15,52554.3,60,0,6120
BANKNIFTY-III.NFO,01/11/2024,18:43:56,52530,52515,15,52554.55,60,15,6165
BANKNIFTY-III.NFO,01/11/2024,18:43:58,52530,52525.15,30,52557.3,60,0,6165
BANKNIFTY-III.NFO,01/11/2024,18:44:00,52530,52515,15,52556.05,60,0,6165
BANKNIFTY-III.NFO,01/11/2024,18:44:01,52530,52526.3,30,52555.75,60,0,6165
BANKNIFTY-III.NFO,01/11/2024,18:44:03,52530,52515,15,52555.35,60,0,6165
BANKNIFTY-III.NFO,01/11/2024,18:44:04,52530,52515,15,52554.95,60,0,6165
BANKNIFTY-III.NFO,01/11/2024,18:44:06,52530,52515,15,52555,60,0,6165
BANKNIFTY-III.NFO,01/11/2024,18:44:08,52515,52510,15,52554.7,60,15,6165
BANKNIFTY-III.NFO,01/11/2024,18:44:08,52515,52510,15,52554.7,60,0,6165
BANKNIFTY-III.NFO,01/11/2024,18:44:09,52515,52510,15,52554.7,60,0,6165
BANKNIFTY-III.NFO,01/11/2024,18:44:11,52515,52510.05,15,52555,60,0,6165
BANKNIFTY-III.NFO,01/11/2024,18:44:15,52515,52523.9,30,52553.7,60,0,6165
BANKNIFTY-III.NFO,01/11/2024,18:44:16,52515,52524.75,30,52553.7,60,0,6165
BANKNIFTY-III.NFO,01/11/2024,18:44:18,52515,52524.8,30,52553.7,60,0,6165
BANKNIFTY-III.NFO,01/11/2024,18:44:20,52515,52524.5,30,52552.95,60,0,6165
BANKNIFTY-III.NFO,01/11/2024,18:44:21,52515,52523.9,30,52551.7,60,0,6165
BANKNIFTY-III.NFO,01/11/2024,18:44:23,52515,52523.9,30,52557.3,60,0,6165
BANKNIFTY-III.NFO,01/11/2024,18:44:24,52515,52523.15,30,52552.55,60,0,6165
BANKNIFTY-III.NFO,01/11/2024,18:44:26,52515,52510.05,15,52552.55,60,0,6165
BANKNIFTY-III.NFO,01/11/2024,18:44:28,52515,52521.45,30,52548.05,60,0,6165
BANKNIFTY-III.NFO,01/11/2024,18:44:29,52515,52521.4,30,52548.05,60,0,6165
BANKNIFTY-III.NFO,01/11/2024,18:44:31,52515,52519.2,30,52547.15,60,0,6165
BANKNIFTY-III.NFO,01/11/2024,18:44:33,52515,52520,30,52557.3,60,0,6165
BANKNIFTY-III.NFO,01/11/2024,18:44:34,52515,52521.15,30,52550.5,60,0,6165
BANKNIFTY-III.NFO,01/11/2024,18:44:36,52515,52520.75,30,52550.5,60,0,6165
BANKNIFTY-III.NFO,01/11/2024,18:44:38,52521.8,52510.05,15,52552.55,60,15,6165
BANKNIFTY-III.NFO,01/11/2024,18:44:39,52521.8,52510.05,15,52552.55,60,0,6165
BANKNIFTY-III.NFO,01/11/2024,18:44:41,52521.8,52521.9,30,52550,60,0,6165
BANKNIFTY-III.NFO,01/11/2024,18:44:43,52521.8,52522.85,30,52557.3,60,0,6165
BANKNIFTY-III.NFO,01/11/2024,18:44:44,52521.8,52511.2,75,52557.3,135,0,6165
BANKNIFTY-III.NFO,01/11/2024,18:44:46,52521.8,52525.95,30,52555.65,60,0,6165
BANKNIFTY-III.NFO,01/11/2024,18:44:48,52521.8,52513.45,75,52555.65,60,0,6165
BANKNIFTY-III.NFO,01/11/2024,18:44:49,52521.8,52525.45,30,52554.55,60,0,6165
BANKNIFTY-III.NFO,01/11/2024,18:44:51,52521.8,52527.8,30,52556,60,0,6165
BANKNIFTY-III.NFO,01/11/2024,18:44:52,52521.8,52529.35,30,52557.3,60,0,6165
BANKNIFTY-III.NFO,01/11/2024,18:44:54,52521.8,52531.6,30,52557.3,60,0,6165
BANKNIFTY-III.NFO,01/11/2024,18:44:56,52521.8,52530.3,30,52557.3,60,0,6165
BANKNIFTY-III.NFO,01/11/2024,18:44:57,52521.8,52530.45,30,52557.3,60,0,6165
BANKNIFTY-III.NFO,01/11/2024,18:44:59,52521.8,52527.65,30,52557.3,60,0,6165
BANKNIFTY-III.NFO,01/11/2024,18:45:01,52521.8,52512.1,15,52557.3,60,0,6165
BANKNIFTY-III.NFO,01/11/2024,18:45:02,52521.8,52524.9,30,52541.8,15,0,6165
BANKNIFTY-III.NFO,01/11/2024,18:45:04,52521.8,52525.2,30,52541.8,15,0,6165
BANKNIFTY-III.NFO,01/11/2024,18:45:06,52521.8,52524.45,30,52541.8,15,0,6165
BANKNIFTY-III.NFO,01/11/2024,18:45:07,52521.8,52527.8,30,52541.8,15,0,6165
BANKNIFTY-III.NFO,01/11/2024,18:45:09,52521.8,52528.4,30,52541.8,15,0,6165
BANKNIFTY-III.NFO,01/11/2024,18:45:11,52521.8,52527.3,30,52541.8,15,0,6165
BANKNIFTY-III.NFO,01/11/2024,18:45:12,52541.8,52528.45,30,52557.3,60,15,6165
BANKNIFTY-III.NFO,01/11/2024,18:45:14,52541.8,52529.05,30,52557.3,60,0,6165
BANKNIFTY-III.NFO,01/11/2024,18:45:15,52541.8,52531.25,30,52557.3,60,0,6165
BANKNIFTY-III.NFO,01/11/2024,18:45:17,52541.8,52530.35,30,52557.3,60,0,6165
BANKNIFTY-III.NFO,01/11/2024,18:45:19,52541.8,52530.85,30,52557.3,60,0,6165
BANKNIFTY-III.NFO,01/11/2024,18:45:20,52541.8,52531.05,30,52557.3,60,0,6165
BANKNIFTY-III.NFO,01/11/2024,18:45:22,52541.8,52530.85,30,52557.3,60,0,6165
BANKNIFTY-III.NFO,01/11/2024,18:45:24,52541.8,52539.05,30,52557.3,60,0,6165
BANKNIFTY-III.NFO,01/11/2024,18:45:25,52541.8,52535.9,30,52557.3,60,0,6165
BANKNIFTY-III.NFO,01/11/2024,18:45:27,52541.8,52536.2,30,52557.3,60,0,6165
BANKNIFTY-III.NFO,01/11/2024,18:45:28,52541.8,52536.95,30,52557.3,60,0,6165
BANKNIFTY-III.NFO,01/11/2024,18:45:30,52541.8,52536.85,30,52557.3,60,0,6165
BANKNIFTY-III.NFO,01/11/2024,18:45:32,52541.8,52533.7,30,52557.3,60,0,6165
BANKNIFTY-III.NFO,01/11/2024,18:45:33,52541.8,52534.95,30,52557.3,60,0,6165
BANKNIFTY-III.NFO,01/11/2024,18:45:35,52541.8,52536.15,30,52557.3,60,0,6165
BANKNIFTY-III.NFO,01/11/2024,18:45:36,52541.8,52534.9,30,52557.3,60,0,6165
BANKNIFTY-III.NFO,01/11/2024,18:45:38,52541.8,52534.8,30,52557.3,60,0,6165
BANKNIFTY-III.NFO,01/11/2024,18:45:40,52541.8,52535.15,30,52557.3,60,0,6165
BANKNIFTY-III.NFO,01/11/2024,18:45:41,52541.8,52534.2,30,52557.3,60,0,6165
BANKNIFTY-III.NFO,01/11/2024,18:45:43,52541.8,52532.35,30,52557.3,60,0,6165
BANKNIFTY-III.NFO,01/11/2024,18:45:44,52541.8,52531.6,30,52557.3,60,0,6165
BANKNIFTY-III.NFO,01/11/2024,18:45:46,52541.8,52527.5,30,52557.3,60,0,6165
BANKNIFTY-III.NFO,01/11/2024,18:45:47,52541.8,52527.35,30,52555.9,60,0,6165
BANKNIFTY-III.NFO,01/11/2024,18:45:49,52541.8,52529.25,30,52557.3,60,0,6165
BANKNIFTY-III.NFO,01/11/2024,18:45:51,52541.8,52531,30,52557.3,60,0,6165
BANKNIFTY-III.NFO,01/11/2024,18:45:52,52541.8,52530.5,30,52557.3,60,0,6165
BANKNIFTY-III.NFO,01/11/2024,18:45:54,52541.8,52530.4,30,52557.3,60,0,6165
BANKNIFTY-III.NFO,01/11/2024,18:45:57,52541.8,52530.8,30,52557.3,60,0,6165
BANKNIFTY-III.NFO,01/11/2024,18:45:59,52541.8,52531,30,52557.3,60,0,6165
BANKNIFTY-III.NFO,01/11/2024,18:46:00,52541.8,52530.8,30,52557.3,60,0,6165
BANKNIFTY-III.NFO,01/11/2024,18:46:02,52541.8,52533.65,30,52557.3,60,0,6165
BANKNIFTY-III.NFO,01/11/2024,18:46:03,52541.8,52533.15,30,52557.3,60,0,6165
BANKNIFTY-III.NFO,01/11/2024,18:46:05,52541.8,52531.8,30,52557.3,60,0,6165
BANKNIFTY-III.NFO,01/11/2024,18:46:07,52541.8,52531.65,30,52557.3,60,0,6165
BANKNIFTY-III.NFO,01/11/2024,18:46:08,52541.8,52531.85,30,52557.3,60,0,6165
BANKNIFTY-III.NFO,01/11/2024,18:46:10,52541.8,52531.4,30,52557.3,60,0,6165
BANKNIFTY-III.NFO,01/11/2024,18:46:12,52541.8,52532,30,52557.3,60,0,6165
BANKNIFTY-III.NFO,01/11/2024,18:46:19,52541.8,52529.55,30,52557.3,60,0,6165
BANKNIFTY-III.NFO,01/11/2024,18:46:21,52541.8,52528.3,30,52557.3,135,0,6165
BANKNIFTY-III.NFO,01/11/2024,18:46:23,52541.8,52530.4,30,52541.8,15,0,6165
BANKNIFTY-III.NFO,01/11/2024,18:46:24,52541.8,52528.9,30,52541.8,15,0,6165
BANKNIFTY-III.NFO,01/11/2024,18:46:26,52541.8,52528.4,30,52541.8,15,0,6165
BANKNIFTY-III.NFO,01/11/2024,18:46:28,52541.8,52530.35,30,52541.8,15,0,6165
BANKNIFTY-III.NFO,01/11/2024,18:46:29,52541.8,52530.1,30,52541.8,15,0,6165
BANKNIFTY-III.NFO,01/11/2024,18:46:31,52541.8,52529.7,30,52541.8,15,0,6165
BANKNIFTY-III.NFO,01/11/2024,18:46:33,52541.8,52529.8,30,52541.8,15,0,6165
BANKNIFTY-III.NFO,01/11/2024,18:46:34,52541.8,52529.7,30,52541.8,15,0,6165
BANKNIFTY-III.NFO,01/11/2024,18:46:37,52541.8,52531,30,52541.8,15,0,6165
BANKNIFTY-III.NFO,01/11/2024,18:46:39,52541.8,52526.55,30,52541.8,15,0,6165
BANKNIFTY-III.NFO,01/11/2024,18:46:40,52541.8,52527.5,30,52541.8,15,0,6165
BANKNIFTY-III.NFO,01/11/2024,18:46:42,52557.3,52530.45,45,52557.3,60,30,6165
BANKNIFTY-III.NFO,01/11/2024,18:46:44,52557.3,52529.8,15,52557.3,60,0,6165
BANKNIFTY-III.NFO,01/11/2024,18:46:45,52557.3,52529.6,15,52557.3,60,0,6165
BANKNIFTY-III.NFO,01/11/2024,18:46:47,52557.3,52528.55,15,52557.3,60,0,6165
BANKNIFTY-III.NFO,01/11/2024,18:46:49,52557.3,52528.2,15,52557.3,60,0,6165
BANKNIFTY-III.NFO,01/11/2024,18:46:50,52557.3,52529.35,15,52557.3,60,0,6165
BANKNIFTY-III.NFO,01/11/2024,18:46:52,52557.3,52530.65,15,52557.3,60,0,6165
BANKNIFTY-III.NFO,01/11/2024,18:46:54,52557.3,52529.9,15,52557.3,60,0,6165
BANKNIFTY-III.NFO,01/11/2024,18:46:55,52557.3,52528.7,15,52557.3,60,0,6165
BANKNIFTY-III.NFO,01/11/2024,18:46:57,52557.3,52528.5,15,52557.3,60,0,6165
BANKNIFTY-III.NFO,01/11/2024,18:47:00,52557.3,52528.95,15,52557.3,60,0,6165
BANKNIFTY-III.NFO,01/11/2024,18:47:02,52557.3,52529.1,15,52557.3,60,0,6165
BANKNIFTY-III.NFO,01/11/2024,18:47:04,52557.3,52527.65,15,52557.3,60,0,6165
BANKNIFTY-III.NFO,01/11/2024,18:47:05,52557.3,52529.55,15,52557.3,60,0,6165
BANKNIFTY-III.NFO,01/11/2024,18:47:07,52557.3,52515.2,15,52557.3,60,0,6165
BANKNIFTY-III.NFO,01/11/2024,18:47:09,52557.3,52513.35,15,52557.3,60,0,6165
BANKNIFTY-III.NFO,01/11/2024,18:47:10,52557.3,52512.15,15,52557.3,60,0,6165
BANKNIFTY-III.NFO,01/11/2024,18:47:12,52557.3,52512.45,15,52557.3,60,0,6165
BANKNIFTY-III.NFO,01/11/2024,18:47:14,52557.3,52529.8,15,52557.3,60,0,6165
BANKNIFTY-III.NFO,01/11/2024,18:47:15,52557.3,52513.3,15,52557.3,60,0,6165
BANKNIFTY-III.NFO,01/11/2024,18:47:17,52557.3,52525.9,15,52557.3,60,0,6165
BANKNIFTY-III.NFO,01/11/2024,18:47:18,52527.95,52512.1,15,52557.3,60,30,6165
BANKNIFTY-III.NFO,01/11/2024,18:47:20,52527.95,52514.35,75,52556.75,60,0,6165
BANKNIFTY-III.NFO,01/11/2024,18:47:22,52527.95,52514.4,15,52557.3,60,0,6165
BANKNIFTY-III.NFO,01/11/2024,18:47:23,52527.95,52534,30,52556.7,60,0,6165
BANKNIFTY-III.NFO,01/11/2024,18:47:25,52527.95,52534,30,52556.95,60,0,6165
BANKNIFTY-III.NFO,01/11/2024,18:47:28,52527.95,52534,30,52557.3,60,0,6165
BANKNIFTY-III.NFO,01/11/2024,18:47:41,52527.95,52534,60,52557.3,60,0,6165
BANKNIFTY-III.NFO,01/11/2024,18:48:18,52557.3,52534,60,52557.3,60,30,6165
BANKNIFTY-III.NFO,01/11/2024,18:48:20,52557.3,52534.05,30,52557.3,60,0,6165
BANKNIFTY-III.NFO,01/11/2024,18:48:35,52557.3,52536.55,30,52557.3,60,0,6165
BANKNIFTY-III.NFO,01/11/2024,18:48:36,52557.3,52534.95,30,52557.3,60,0,6165
BANKNIFTY-III.NFO,01/11/2024,18:48:38,52557.3,52534.05,30,52557.3,60,0,6165
BANKNIFTY-III.NFO,01/11/2024,18:48:40,52557.3,52537,30,52557.3,60,0,6165
BANKNIFTY-III.NFO,01/11/2024,18:48:43,52557.3,52538.85,30,52557.35,150,0,6165
BANKNIFTY-III.NFO,01/11/2024,18:48:45,52557.3,52542,30,52557.35,150,0,6165
BANKNIFTY-III.NFO,01/11/2024,18:48:46,52557.3,52545.15,30,52557.35,150,0,6165
BANKNIFTY-III.NFO,01/11/2024,18:48:48,52557.3,52545.7,30,52557.35,150,0,6165
BANKNIFTY-III.NFO,01/11/2024,18:48:50,52557.3,52546.5,60,52557.35,150,0,6165
BANKNIFTY-III.NFO,01/11/2024,18:48:51,52557.3,52545.15,30,52557.35,150,0,6165
BANKNIFTY-III.NFO,01/11/2024,18:48:53,52557.3,52540.4,30,52557.35,150,0,6165
BANKNIFTY-III.NFO,01/11/2024,18:48:55,52557.3,52543.15,30,52557.35,150,0,6165
BANKNIFTY-III.NFO,01/11/2024,18:48:56,52557.3,52541.55,30,52557.3,60,0,6165
BANKNIFTY-III.NFO,01/11/2024,18:48:58,52557.3,52536.35,30,52557.3,60,0,6165
BANKNIFTY-III.NFO,01/11/2024,18:49:00,52557.3,52540.1,30,52557.3,60,0,6165
BANKNIFTY-III.NFO,01/11/2024,18:49:01,52557.3,52536.05,30,52557.3,60,0,6165
BANKNIFTY-III.NFO,01/11/2024,18:49:03,52557.3,52537.5,30,52557.3,60,0,6165
BANKNIFTY-III.NFO,01/11/2024,18:49:05,52557.3,52535.8,30,52557.3,60,0,6165
BANKNIFTY-III.NFO,01/11/2024,18:49:06,52557.3,52538.7,30,52557.3,60,0,6165
BANKNIFTY-III.NFO,01/11/2024,18:49:08,52557.3,52538.35,30,52557.3,60,0,6165
BANKNIFTY-III.NFO,01/11/2024,18:49:10,52557.3,52538.95,30,52557.3,60,0,6165
BANKNIFTY-III.NFO,01/11/2024,18:49:11,52557.3,52537.7,30,52557.3,60,0,6165
BANKNIFTY-III.NFO,01/11/2024,18:49:13,52557.3,52538.35,30,52557.3,60,0,6165
BANKNIFTY-III.NFO,01/11/2024,18:49:16,52557.3,52538.45,30,52557.3,60,0,6165
BANKNIFTY-III.NFO,01/11/2024,18:49:18,52557.3,52535.8,150,52557.3,60,0,6165
BANKNIFTY-III.NFO,01/11/2024,18:49:19,52557.3,52537.4,30,52557.3,60,0,6165
BANKNIFTY-III.NFO,01/11/2024,18:49:21,52557.3,52535.15,30,52557.3,75,0,6165
BANKNIFTY-III.NFO,01/11/2024,18:49:22,52557.3,52534.4,30,52557.3,75,0,6165
BANKNIFTY-III.NFO,01/11/2024,18:49:26,52557.3,52539.05,30,52557.3,75,0,6165
BANKNIFTY-III.NFO,01/11/2024,18:49:27,52557.3,52539.2,30,52557.3,75,0,6165
BANKNIFTY-III.NFO,01/11/2024,18:49:29,52542.25,52538.25,15,52557.3,60,15,6165
BANKNIFTY-III.NFO,01/11/2024,18:49:31,52542.25,52538.4,15,52557.3,60,0,6165
BANKNIFTY-III.NFO,01/11/2024,18:49:32,52542.25,52539.8,15,52557.3,60,0,6165
BANKNIFTY-III.NFO,01/11/2024,18:49:34,52542.25,52539.1,15,52557.3,60,0,6165
BANKNIFTY-III.NFO,01/11/2024,18:49:37,52542.25,52542.3,15,52557.3,60,0,6165
BANKNIFTY-III.NFO,01/11/2024,18:49:42,52542.25,52542.25,15,52557.3,60,0,6165
BANKNIFTY-III.NFO,01/11/2024,18:49:44,52542.25,52542.3,15,52557.3,60,0,6165
BANKNIFTY-III.NFO,01/11/2024,18:49:47,52542.25,52542.25,15,52557.3,60,0,6165
BANKNIFTY-III.NFO,01/11/2024,18:49:50,52542.25,52542.3,15,52557.3,60,0,6165
BANKNIFTY-III.NFO,01/11/2024,18:49:52,52542.25,52542.25,15,52557.3,60,0,6165
BANKNIFTY-III.NFO,01/11/2024,18:49:57,52542.25,52542.3,15,52557.3,60,0,6165
BANKNIFTY-III.NFO,01/11/2024,18:49:59,52542.25,52542.25,15,52557.3,60,0,6165
BANKNIFTY-III.NFO,01/11/2024,18:50:16,52542.25,52537.25,15,52542.25,15,15,6180
BANKNIFTY-III.NFO,01/11/2024,18:50:18,52542.25,52537,15,52542.25,15,0,6180
BANKNIFTY-III.NFO,01/11/2024,18:50:19,52542.25,52537.75,15,52542.25,15,0,6180
BANKNIFTY-III.NFO,01/11/2024,18:50:21,52542.25,52537,15,52542.25,15,0,6180
BANKNIFTY-III.NFO,01/11/2024,18:50:24,52542.25,52536.55,15,52542.25,15,0,6180
BANKNIFTY-III.NFO,01/11/2024,18:50:29,52542.25,52539.35,15,52540,30,0,6180
BANKNIFTY-III.NFO,01/11/2024,18:50:31,52542.25,52538.95,15,52540,30,0,6180
BANKNIFTY-III.NFO,01/11/2024,18:50:37,52538.95,52536.75,120,52540,30,15,6180
BANKNIFTY-III.NFO,01/11/2024,18:50:39,52538.95,52534,90,52540,30,0,6180
BANKNIFTY-III.NFO,01/11/2024,18:50:41,52538.95,52534.05,120,52536,30,0,6180
BANKNIFTY-III.NFO,01/11/2024,18:50:42,52538.95,52535.7,30,52536,30,0,6180
BANKNIFTY-III.NFO,01/11/2024,18:50:44,52536,52535.95,30,52557.3,60,30,6180
BANKNIFTY-III.NFO,01/11/2024,18:50:46,52536,52535.25,90,52557.3,60,0,6180
BANKNIFTY-III.NFO,01/11/2024,18:50:49,52536,52535.5,30,52557.3,60,0,6180
BANKNIFTY-III.NFO,01/11/2024,18:50:50,52535.95,52535.9,30,52557.3,60,15,6180
BANKNIFTY-III.NFO,01/11/2024,18:50:52,52535.95,52536.7,90,52557.3,60,0,6180
BANKNIFTY-III.NFO,01/11/2024,18:50:54,52535.95,52534.4,90,52557.3,60,0,6180
BANKNIFTY-III.NFO,01/11/2024,18:50:57,52535.95,52534.85,90,52557.3,60,0,6180
BANKNIFTY-III.NFO,01/11/2024,18:50:59,52535.95,52535.55,90,52557.3,60,0,6180
BANKNIFTY-III.NFO,01/11/2024,18:51:00,52535.95,52534.65,90,52557.3,60,0,6180
BANKNIFTY-III.NFO,01/11/2024,18:51:02,52535.95,52535.45,90,52535.95,30,0,6180
BANKNIFTY-III.NFO,01/11/2024,18:51:05,52535.95,52534.65,90,52535.95,30,0,6180
BANKNIFTY-III.NFO,01/11/2024,18:51:10,52535.95,52534.05,90,52535.95,30,0,6180
BANKNIFTY-III.NFO,01/11/2024,18:51:11,52535.95,52534.1,90,52535,30,0,6180
BANKNIFTY-III.NFO,01/11/2024,18:51:13,52535,52535.85,60,52557.3,60,30,6180
BANKNIFTY-III.NFO,01/11/2024,18:51:15,52535,52535.85,60,52557.3,60,0,6180
BANKNIFTY-III.NFO,01/11/2024,18:51:16,52535,52535.15,60,52557.3,60,0,6180
BANKNIFTY-III.NFO,01/11/2024,18:51:18,52535,52535.9,75,52557.3,60,0,6180
BANKNIFTY-III.NFO,01/11/2024,18:51:21,52535.85,52534.9,45,52557.3,60,30,6180
BANKNIFTY-III.NFO,01/11/2024,18:51:22,52535,52535.35,45,52557.3,60,15,6180
BANKNIFTY-III.NFO,01/11/2024,18:51:24,52535,52535.35,45,52557.3,60,0,6180
BANKNIFTY-III.NFO,01/11/2024,18:51:26,52535,52534.6,45,52557.3,60,0,6180
BANKNIFTY-III.NFO,01/11/2024,18:51:27,52535,52536.3,45,52557.3,60,0,6180
BANKNIFTY-III.NFO,01/11/2024,18:51:29,52537.25,52537.45,30,52557.3,60,15,6180
BANKNIFTY-III.NFO,01/11/2024,18:51:31,52537.25,52537.65,30,52557.3,60,0,6180
BANKNIFTY-III.NFO,01/11/2024,18:51:32,52537.25,52536.65,30,52557.3,60,0,6180
BANKNIFTY-III.NFO,01/11/2024,18:51:34,52537.25,52534,60,52557.3,60,0,6180
BANKNIFTY-III.NFO,01/11/2024,18:51:35,52537.25,52536.5,30,52557.3,60,0,6180
BANKNIFTY-III.NFO,01/11/2024,18:51:37,52537.25,52535.7,30,52557.3,60,0,6180
BANKNIFTY-III.NFO,01/11/2024,18:51:40,52537.25,52536.95,30,52557.3,60,0,6180
BANKNIFTY-III.NFO,01/11/2024,18:51:42,52537.25,52536,30,52557.3,60,0,6180
BANKNIFTY-III.NFO,01/11/2024,18:51:43,52537.25,52537.55,30,52557.3,60,0,6180
BANKNIFTY-III.NFO,01/11/2024,18:51:45,52537.25,52554,30,52557.3,60,0,6180
BANKNIFTY-III.NFO,01/11/2024,18:52:02,52537.25,52554,30,52557.35,150,0,6180
BANKNIFTY-III.NFO,01/11/2024,18:52:04,52537.25,52554,60,52557.35,150,0,6180
BANKNIFTY-III.NFO,01/11/2024,18:52:05,52537.25,52554,60,52557.3,60,0,6180
BANKNIFTY-III.NFO,01/11/2024,18:52:07,52554,52554,45,52557.3,60,15,6180
