Ticker,Date,Time,LTP,BuyPrice,BuyQty,SellPrice,SellQty,LTQ,OpenInterest
NIFTY-III.NFO,01/11/2024,18:00:00,24406.65,24580.1,375,24739.85,300,25,0
NIFTY-III.NFO,01/11/2024,18:00:00,24406.65,24580.1,375,24739.85,300,0,0
NIFTY-III.NFO,01/11/2024,18:00:00,24406.65,24580.1,375,24739.85,300,0,0
NIFTY-III.NFO,01/11/2024,18:00:00,24406.65,24580.1,375,24739.85,300,0,0
NIFTY-III.NFO,01/11/2024,18:01:30,24650,24630.85,50,24647,25,2275,1475
NIFTY-III.NFO,01/11/2024,18:01:30,24679.1,24630.85,50,24647,25,0,1475
NIFTY-III.NFO,01/11/2024,18:02:57,24650.05,24650,25,24660,25,1450,1475
NIFTY-III.NFO,01/11/2024,18:02:57,24679.95,24650,25,24660,25,0,1475
NIFTY-III.NFO,01/11/2024,18:04:09,24652.55,24652.6,50,24669.95,100,575,1475
NIFTY-III.NFO,01/11/2024,18:05:18,24659.95,24640.45,100,24660,25,3150,3600
NIFTY-III.NFO,01/11/2024,18:06:29,24640,24635.35,100,24654.95,100,1100,3600
NIFTY-III.NFO,01/11/2024,18:07:15,24650,24640.05,250,24654.95,100,500,3600
NIFTY-III.NFO,01/11/2024,18:07:17,24640.05,24640.05,250,24654.95,100,25,3600
NIFTY-III.NFO,01/11/2024,18:07:18,24640.05,24640.05,250,24654.95,100,0,3600
NIFTY-III.NFO,01/11/2024,18:07:26,24640.2,24640.2,100,24654.95,50,275,7425
NIFTY-III.NFO,01/11/2024,18:07:28,24640.2,24640.4,100,24654.95,50,0,7425
NIFTY-III.NFO,01/11/2024,18:07:30,24640.2,24640.5,100,24654.95,50,0,7425
NIFTY-III.NFO,01/11/2024,18:07:31,24640.2,24640.25,100,24654.95,50,0,7425
NIFTY-III.NFO,01/11/2024,18:07:33,24640.2,24640.05,100,24654.95,50,0,7425
NIFTY-III.NFO,01/11/2024,18:07:39,24650,24640.05,100,24655,25,75,7425
NIFTY-III.NFO,01/11/2024,18:07:41,24650,24645,25,24655,25,0,7425
NIFTY-III.NFO,01/11/2024,18:07:42,24645,24640.15,100,24655,25,25,7425
NIFTY-III.NFO,01/11/2024,18:07:44,24640.35,24640.35,200,24654.95,200,100,7425
NIFTY-III.NFO,01/11/2024,18:07:46,24640.35,24640.55,200,24654.95,200,0,7425
NIFTY-III.NFO,01/11/2024,18:07:47,24640.35,24640.15,200,24654.95,200,0,7425
NIFTY-III.NFO,01/11/2024,18:07:49,24640.35,24650,25,24654.95,200,0,7425
NIFTY-III.NFO,01/11/2024,18:07:52,24650,24640.4,200,24654.95,200,25,7425
NIFTY-III.NFO,01/11/2024,18:07:54,24650,24640.4,200,24654.95,200,0,7425
NIFTY-III.NFO,01/11/2024,18:07:59,24640.4,24640.4,100,24654.95,200,100,7425
NIFTY-III.NFO,01/11/2024,18:08:00,24640.4,24640.4,100,24654.95,200,0,7425
NIFTY-III.NFO,01/11/2024,18:08:07,24640.4,24650,25,24654.95,200,0,7425
NIFTY-III.NFO,01/11/2024,18:08:15,24641.05,24641.05,25,24654.95,200,100,7425
NIFTY-III.NFO,01/11/2024,18:08:17,24641.05,24641.05,25,24654.95,200,0,7425
NIFTY-III.NFO,01/11/2024,18:08:18,24650,24641.05,25,24654.95,200,100,7425
NIFTY-III.NFO,01/11/2024,18:08:20,24650,24641.05,25,24654.95,200,0,7425
NIFTY-III.NFO,01/11/2024,18:08:21,24650,24641.25,25,24654.95,200,0,7425
NIFTY-III.NFO,01/11/2024,18:08:23,24650,24641.75,25,24654.95,200,0,7425
NIFTY-III.NFO,01/11/2024,18:08:25,24650,24644.35,25,24654.95,200,0,7425
NIFTY-III.NFO,01/11/2024,18:08:26,24650,24645.7,25,24654.95,200,0,7425
NIFTY-III.NFO,01/11/2024,18:08:28,24650,24643.6,25,24654.95,200,0,7425
NIFTY-III.NFO,01/11/2024,18:08:30,24650,24644.7,25,24654.95,200,0,7425
NIFTY-III.NFO,01/11/2024,18:08:31,24650,24641.35,25,24654.95,200,0,7425
NIFTY-III.NFO,01/11/2024,18:08:33,24644.7,24641.55,25,24654.95,200,25,7425
NIFTY-III.NFO,01/11/2024,18:08:35,24641.6,24641.05,250,24654.95,200,50,7425
NIFTY-III.NFO,01/11/2024,18:08:36,24641.55,24641.05,250,24654.95,200,25,7425
NIFTY-III.NFO,01/11/2024,18:08:38,24645,24641.05,250,24654.95,200,100,7425
NIFTY-III.NFO,01/11/2024,18:08:40,24650,24641.05,250,24654.95,200,50,7425
NIFTY-III.NFO,01/11/2024,18:08:41,24650,24641.05,250,24655,25,0,7425
NIFTY-III.NFO,01/11/2024,18:08:43,24650,24641.25,75,24656.3,25,50,7425
NIFTY-III.NFO,01/11/2024,18:08:45,24642.15,24642.15,50,24659.9,200,50,7425
NIFTY-III.NFO,01/11/2024,18:08:46,24642.15,24643.6,75,24659.9,200,0,7425
NIFTY-III.NFO,01/11/2024,18:08:48,24642.15,24644.05,75,24659.9,200,0,7425
NIFTY-III.NFO,01/11/2024,18:08:49,24650,24644.15,75,24659.9,200,325,7425
NIFTY-III.NFO,01/11/2024,18:08:51,24644.25,24652.95,25,24659.95,25,325,7425
NIFTY-III.NFO,01/11/2024,18:08:53,24644.25,24653.45,75,24659.95,25,0,7425
NIFTY-III.NFO,01/11/2024,18:08:54,24644.25,24653.75,75,24659.95,25,0,7425
NIFTY-III.NFO,01/11/2024,18:08:56,24653.75,24654.3,75,24659.95,25,25,7425
NIFTY-III.NFO,01/11/2024,18:08:57,24653.75,24654.35,250,24659.95,25,0,7425
NIFTY-III.NFO,01/11/2024,18:08:59,24653.75,24654.75,75,24659.95,25,0,7425
NIFTY-III.NFO,01/11/2024,18:09:01,24653.75,24654.45,75,24659.95,25,0,7425
NIFTY-III.NFO,01/11/2024,18:09:02,24660,24654.6,50,24660,300,100,7425
NIFTY-III.NFO,01/11/2024,18:09:04,24660,24654.65,250,24660,125,175,7425
NIFTY-III.NFO,01/11/2024,18:09:06,24660,24660,25,24664.95,200,125,7425
NIFTY-III.NFO,01/11/2024,18:09:07,24660,24660.2,75,24664.95,200,0,7425
NIFTY-III.NFO,01/11/2024,18:09:09,24664.95,24660.2,75,24664.95,200,25,7425
NIFTY-III.NFO,01/11/2024,18:09:10,24664.95,24660.2,75,24664.95,200,0,7425
NIFTY-III.NFO,01/11/2024,18:09:14,24664.95,24654.9,50,24664.95,200,25,7425
NIFTY-III.NFO,01/11/2024,18:09:15,24664.95,24648.3,50,24664.95,200,0,7425
NIFTY-III.NFO,01/11/2024,18:09:17,24664.95,24648.4,50,24664.95,250,0,7425
NIFTY-III.NFO,01/11/2024,18:09:19,24664.95,24648.6,50,24664.95,250,0,7425
NIFTY-III.NFO,01/11/2024,18:09:20,24648.8,24648.8,25,24664.95,250,25,7425
NIFTY-III.NFO,01/11/2024,18:09:22,24648.8,24649,25,24664.95,250,0,7425
NIFTY-III.NFO,01/11/2024,18:09:24,24648.8,24649.2,25,24664.95,250,0,7425
NIFTY-III.NFO,01/11/2024,18:09:25,24648.8,24649.3,25,24664.95,250,0,7425
NIFTY-III.NFO,01/11/2024,18:09:27,24648.8,24649.5,25,24664.95,250,0,7425
NIFTY-III.NFO,01/11/2024,18:09:29,24657.95,24649.7,25,24664.95,250,25,7425
NIFTY-III.NFO,01/11/2024,18:09:30,24657.95,24649.9,25,24664.95,250,0,7425
NIFTY-III.NFO,01/11/2024,18:09:32,24657.95,24658,25,24664.95,250,0,7425
NIFTY-III.NFO,01/11/2024,18:09:34,24657.95,24650.3,25,24664.95,250,0,7425
NIFTY-III.NFO,01/11/2024,18:09:35,24650.35,24658,25,24664.95,250,250,7425
NIFTY-III.NFO,01/11/2024,18:09:37,24664.95,24658.05,250,24664.9,200,25,7425
NIFTY-III.NFO,01/11/2024,18:09:39,24664.95,24658,25,24664.9,200,0,7425
NIFTY-III.NFO,01/11/2024,18:09:40,24658,24658.05,250,24664.9,200,25,7425
NIFTY-III.NFO,01/11/2024,18:09:42,24658,24658,25,24664.9,200,0,7425
NIFTY-III.NFO,01/11/2024,18:09:45,24660,24658.05,250,24664.95,200,50,7425
NIFTY-III.NFO,01/11/2024,18:09:47,24660,24658.05,250,24664.95,200,0,7425
NIFTY-III.NFO,01/11/2024,18:09:49,24660,24660.05,250,24663.95,200,0,7425
NIFTY-III.NFO,01/11/2024,18:09:52,24660,24657,250,24663.95,200,300,7425
NIFTY-III.NFO,01/11/2024,18:09:54,24660,24657,250,24663.95,200,0,7425
NIFTY-III.NFO,01/11/2024,18:09:56,24660,24657.2,75,24663.95,200,0,7425
NIFTY-III.NFO,01/11/2024,18:09:57,24660,24657,250,24659.95,200,0,7425
NIFTY-III.NFO,01/11/2024,18:09:59,24659.95,24657,250,24659.95,200,25,7425
NIFTY-III.NFO,01/11/2024,18:10:01,24659.95,24657,250,24659.95,200,25,7425
NIFTY-III.NFO,01/11/2024,18:10:02,24657,24653.65,250,24659.95,200,50,7425
NIFTY-III.NFO,01/11/2024,18:10:04,24659.95,24653.65,250,24659.95,200,125,7425
NIFTY-III.NFO,01/11/2024,18:10:06,24659.95,24653.65,250,24659.95,200,0,7425
NIFTY-III.NFO,01/11/2024,18:10:07,24659.95,24653.65,250,24659.95,175,25,7425
NIFTY-III.NFO,01/11/2024,18:10:09,24659.95,24653.65,250,24659.95,175,0,7425
NIFTY-III.NFO,01/11/2024,18:10:11,24654.5,24653.6,25,24659.95,175,100,7425
NIFTY-III.NFO,01/11/2024,18:10:12,24654.5,24654.65,250,24660,100,0,7425
NIFTY-III.NFO,01/11/2024,18:10:14,24659.15,24654.6,25,24659.95,175,75,7425
NIFTY-III.NFO,01/11/2024,18:11:08,24655.15,24660,1250,24669.95,200,825,10450
NIFTY-III.NFO,01/11/2024,18:12:05,24670,24670,400,24680,75,2850,10450
NIFTY-III.NFO,01/11/2024,18:12:05,24680,24670,400,24680,75,0,10450
NIFTY-III.NFO,01/11/2024,18:13:00,24678.15,24672,75,24678.75,175,325,10450
NIFTY-III.NFO,01/11/2024,18:13:16,24672,24670.05,200,24675,25,75,10450
NIFTY-III.NFO,01/11/2024,18:13:18,24672,24670,425,24675,25,0,10450
NIFTY-III.NFO,01/11/2024,18:13:21,24680,24680,75,24680.8,125,350,10450
NIFTY-III.NFO,01/11/2024,18:13:23,24680,24680,75,24681.5,125,0,10450
NIFTY-III.NFO,01/11/2024,18:13:24,24680,24680,75,24682.35,125,0,10450
NIFTY-III.NFO,01/11/2024,18:13:26,24680,24680,25,24682.3,125,50,10450
NIFTY-III.NFO,01/11/2024,18:13:28,24680,24680,25,24682.3,125,0,10450
NIFTY-III.NFO,01/11/2024,18:13:29,24680,24680,25,24681.6,125,0,10450
NIFTY-III.NFO,01/11/2024,18:13:31,24680,24670.55,200,24681.6,125,25,12575
NIFTY-III.NFO,01/11/2024,18:13:33,24680,24670.55,200,24682,125,0,12575
NIFTY-III.NFO,01/11/2024,18:13:36,24680,24671.25,200,24680,25,0,12575
NIFTY-III.NFO,01/11/2024,18:13:38,24680,24670.65,200,24680,25,0,12575
NIFTY-III.NFO,01/11/2024,18:13:39,24680,24670.65,200,24680,50,0,12575
NIFTY-III.NFO,01/11/2024,18:13:41,24680,24672.7,200,24680,50,0,12575
NIFTY-III.NFO,01/11/2024,18:13:43,24672.85,24672.4,200,24680,50,25,12575
NIFTY-III.NFO,01/11/2024,18:13:44,24672.85,24673.45,200,24679.95,25,0,12575
NIFTY-III.NFO,01/11/2024,18:13:46,24672.85,24670.65,200,24679.95,25,0,12575
NIFTY-III.NFO,01/11/2024,18:13:52,24670.65,24670.65,200,24680,50,25,12575
NIFTY-III.NFO,01/11/2024,18:13:54,24670.65,24670.65,200,24672,25,0,12575
NIFTY-III.NFO,01/11/2024,18:13:57,24670.65,24670.05,200,24672,25,0,12575
NIFTY-III.NFO,01/11/2024,18:13:59,24670.65,24670.05,200,24670.65,25,0,12575
NIFTY-III.NFO,01/11/2024,18:14:04,24670.65,24665.05,200,24670.65,25,0,12575
NIFTY-III.NFO,01/11/2024,18:14:07,24670.65,24665.35,200,24670.65,25,0,12575
NIFTY-III.NFO,01/11/2024,18:14:12,24670.65,24665.65,200,24670.65,25,0,12575
NIFTY-III.NFO,01/11/2024,18:14:14,24670.65,24665.95,200,24670.65,25,0,12575
NIFTY-III.NFO,01/11/2024,18:14:16,24670.65,24665.55,200,24670.65,25,0,12575
NIFTY-III.NFO,01/11/2024,18:14:18,24670,24670,75,24670.65,25,25,12575
NIFTY-III.NFO,01/11/2024,18:14:19,24670,24670,75,24670.65,25,0,12575
NIFTY-III.NFO,01/11/2024,18:14:23,24670,24670,50,24670.65,25,25,12575
NIFTY-III.NFO,01/11/2024,18:14:25,24670,24670,50,24670.65,25,0,12575
NIFTY-III.NFO,01/11/2024,18:14:36,24670,24670,100,24670.65,25,0,12575
NIFTY-III.NFO,01/11/2024,18:14:39,24670,24670,75,24671.95,50,25,12575
NIFTY-III.NFO,01/11/2024,18:14:41,24670,24670,75,24671.95,50,0,12575
NIFTY-III.NFO,01/11/2024,18:14:43,24670,24670,50,24671.95,50,25,12575
NIFTY-III.NFO,01/11/2024,18:14:44,24670,24670,25,24671.95,50,25,12575
NIFTY-III.NFO,01/11/2024,18:14:46,24670,24670,25,24671.95,50,0,12575
NIFTY-III.NFO,01/11/2024,18:14:51,24670,24656.45,200,24671.95,50,25,12575
NIFTY-III.NFO,01/11/2024,18:14:52,24670,24657.05,200,24671.95,50,0,12575
NIFTY-III.NFO,01/11/2024,18:14:54,24670,24657.65,200,24671.6,50,0,12575
NIFTY-III.NFO,01/11/2024,18:14:56,24670,24658.25,200,24671.95,50,0,12575
NIFTY-III.NFO,01/11/2024,18:14:57,24670,24657.25,200,24671.95,50,0,12575
NIFTY-III.NFO,01/11/2024,18:14:59,24670,24661.3,200,24671.95,50,0,12575
NIFTY-III.NFO,01/11/2024,18:15:01,24670,24662.6,200,24671.95,50,0,12575
NIFTY-III.NFO,01/11/2024,18:15:02,24661.3,24655.75,200,24671.95,75,25,12575
NIFTY-III.NFO,01/11/2024,18:15:04,24661.3,24660.45,200,24671.95,75,0,12575
NIFTY-III.NFO,01/11/2024,18:15:06,24661.3,24659.25,200,24669.95,75,0,12575
NIFTY-III.NFO,01/11/2024,18:15:07,24661.3,24656,200,24669.95,75,0,12575
NIFTY-III.NFO,01/11/2024,18:15:09,24661.3,24656.75,200,24669.95,75,0,12575
NIFTY-III.NFO,01/11/2024,18:15:11,24661.3,24656.4,200,24669.95,75,0,12575
NIFTY-III.NFO,01/11/2024,18:15:12,24661.3,24660.55,200,24669.95,75,0,12575
NIFTY-III.NFO,01/11/2024,18:15:14,24661.3,24655.35,200,24669.95,75,0,12575
NIFTY-III.NFO,01/11/2024,18:15:15,24661.3,24660.5,200,24669.95,75,0,12575
NIFTY-III.NFO,01/11/2024,18:15:17,24661.3,24658.9,200,24669.95,75,0,12575
NIFTY-III.NFO,01/11/2024,18:15:19,24661.3,24655.9,200,24669.95,75,0,12575
NIFTY-III.NFO,01/11/2024,18:15:20,24661.3,24654,200,24669.95,75,0,12575
NIFTY-III.NFO,01/11/2024,18:15:22,24661.3,24654.6,200,24669.95,75,0,12575
NIFTY-III.NFO,01/11/2024,18:15:24,24661.3,24658.3,200,24669.95,75,0,12575
NIFTY-III.NFO,01/11/2024,18:15:25,24661.3,24654.85,200,24669.3,75,0,12575
NIFTY-III.NFO,01/11/2024,18:15:27,24661.3,24655.95,200,24669.15,75,0,12575
NIFTY-III.NFO,01/11/2024,18:15:29,24661.3,24654.3,200,24661.3,25,0,12575
NIFTY-III.NFO,01/11/2024,18:15:30,24661.3,24654.45,200,24661.3,25,0,12575
NIFTY-III.NFO,01/11/2024,18:15:32,24661.3,24656.5,75,24661,25,0,12575
NIFTY-III.NFO,01/11/2024,18:15:35,24661.3,24655.15,75,24660,1000,0,12575
NIFTY-III.NFO,01/11/2024,18:15:39,24661.3,24654.05,200,24660,1000,0,12575
NIFTY-III.NFO,01/11/2024,18:15:40,24661.3,24654.35,200,24660,1000,0,12575
NIFTY-III.NFO,01/11/2024,18:15:42,24661.3,24654.1,75,24659.95,75,0,12575
NIFTY-III.NFO,01/11/2024,18:15:44,24661.3,24654,25,24659.95,75,0,12575
NIFTY-III.NFO,01/11/2024,18:15:59,24659.95,24654,25,24659.95,25,50,12575
NIFTY-III.NFO,01/11/2024,18:16:00,24659.95,24654,25,24659.95,25,0,12575
NIFTY-III.NFO,01/11/2024,18:16:09,24659.95,24654,25,24660,1025,0,12575
NIFTY-III.NFO,01/11/2024,18:16:10,24659.95,24654.05,200,24660,1025,0,12575
NIFTY-III.NFO,01/11/2024,18:16:14,24659.95,24654.15,200,24659,25,0,12575
NIFTY-III.NFO,01/11/2024,18:16:16,24655.4,24655.4,200,24659,25,25,12575
NIFTY-III.NFO,01/11/2024,18:16:17,24656.1,24657.6,75,24660,1025,50,12575
NIFTY-III.NFO,01/11/2024,18:16:19,24656.1,24656.3,200,24660,1025,0,12575
NIFTY-III.NFO,01/11/2024,18:16:21,24656.65,24656.45,75,24660,1025,400,12575
NIFTY-III.NFO,01/11/2024,18:16:22,24656.65,24656.85,25,24660,1025,0,12575
NIFTY-III.NFO,01/11/2024,18:16:24,24660,24656.95,25,24660,950,75,12575
NIFTY-III.NFO,01/11/2024,18:16:25,24660,24657.15,75,24660,950,0,12575
NIFTY-III.NFO,01/11/2024,18:16:27,24660,24656.25,25,24660,825,125,12575
NIFTY-III.NFO,01/11/2024,18:16:29,24660,24656.25,25,24660,750,75,13175
NIFTY-III.NFO,01/11/2024,18:16:30,24660,24656.25,25,24660,675,75,13175
NIFTY-III.NFO,01/11/2024,18:16:32,24660,24656.3,150,24660,225,450,13175
NIFTY-III.NFO,01/11/2024,18:16:33,24660,24656.25,25,24660,250,0,13175
NIFTY-III.NFO,01/11/2024,18:16:35,24660,24656.5,150,24660,250,0,13175
NIFTY-III.NFO,01/11/2024,18:16:37,24660,24657.35,250,24660,250,0,13175
NIFTY-III.NFO,01/11/2024,18:16:38,24660,24656.65,250,24660,250,0,13175
NIFTY-III.NFO,01/11/2024,18:16:40,24660,24656.65,250,24660,225,25,13175
NIFTY-III.NFO,01/11/2024,18:16:42,24660,24656.65,250,24660,175,50,13175
NIFTY-III.NFO,01/11/2024,18:16:43,24660,24656.55,25,24660,175,0,13175
NIFTY-III.NFO,01/11/2024,18:16:45,24660,24657.05,25,24660,175,0,13175
NIFTY-III.NFO,01/11/2024,18:16:46,24660,24657.5,75,24660,175,0,13175
NIFTY-III.NFO,01/11/2024,18:16:48,24660,24657.6,25,24660,175,0,13175
NIFTY-III.NFO,01/11/2024,18:16:50,24661.3,24657.45,250,24664.95,200,225,13175
NIFTY-III.NFO,01/11/2024,18:16:51,24661.3,24657.45,250,24664.95,200,0,13175
NIFTY-III.NFO,01/11/2024,18:16:56,24661.3,24657.55,250,24664.95,200,0,13175
NIFTY-III.NFO,01/11/2024,18:16:58,24664.95,24657.45,250,24664.95,200,25,13175
NIFTY-III.NFO,01/11/2024,18:16:59,24664.95,24657.45,250,24664.95,200,0,13175
NIFTY-III.NFO,01/11/2024,18:17:06,24664.95,24661.3,25,24664.95,200,0,13175
NIFTY-III.NFO,01/11/2024,18:17:09,24660,24658,25,24664.95,200,100,13175
NIFTY-III.NFO,01/11/2024,18:17:10,24660,24657.95,25,24664.95,200,0,13175
NIFTY-III.NFO,01/11/2024,18:17:14,24660,24656.4,175,24664.95,200,0,13175
NIFTY-III.NFO,01/11/2024,18:17:16,24664.95,24655.85,200,24664.95,175,50,13175
NIFTY-III.NFO,01/11/2024,18:17:17,24664.95,24657.95,25,24664.95,175,0,13175
NIFTY-III.NFO,01/11/2024,18:17:19,24664.95,24656.75,200,24664.95,175,0,13175
NIFTY-III.NFO,01/11/2024,18:17:21,24664.95,24660,25,24664.95,175,0,13175
NIFTY-III.NFO,01/11/2024,18:17:22,24660,24657.25,200,24664.95,175,50,13175
NIFTY-III.NFO,01/11/2024,18:17:24,24660,24660.1,25,24664.95,175,0,13175
NIFTY-III.NFO,01/11/2024,18:17:26,24660,24660.3,25,24664.95,175,0,13175
NIFTY-III.NFO,01/11/2024,18:17:27,24660,24660,25,24664.95,175,0,13175
NIFTY-III.NFO,01/11/2024,18:17:29,24660,24656.9,200,24664.95,175,25,13175
NIFTY-III.NFO,01/11/2024,18:17:31,24660,24656.8,200,24664.95,175,25,13175
NIFTY-III.NFO,01/11/2024,18:17:32,24660,24657.15,200,24664.95,175,0,13175
NIFTY-III.NFO,01/11/2024,18:17:34,24657.25,24657.2,25,24663.95,200,25,13175
NIFTY-III.NFO,01/11/2024,18:17:35,24657.25,24657.25,250,24663.95,200,0,13175
NIFTY-III.NFO,01/11/2024,18:17:37,24663.95,24660,25,24663.95,175,25,13175
NIFTY-III.NFO,01/11/2024,18:17:39,24663.95,24660,25,24663.95,175,0,13175
NIFTY-III.NFO,01/11/2024,18:17:40,24657.3,24657.45,25,24663.95,175,200,13175
NIFTY-III.NFO,01/11/2024,18:17:42,24657.3,24657.6,250,24663.95,175,0,13175
NIFTY-III.NFO,01/11/2024,18:17:44,24657.3,24657.2,25,24663.95,175,0,13175
NIFTY-III.NFO,01/11/2024,18:17:45,24657.3,24659,100,24663.95,175,0,13175
NIFTY-III.NFO,01/11/2024,18:17:47,24657.3,24659,100,24663.35,175,0,13175
NIFTY-III.NFO,01/11/2024,18:17:50,24657.3,24659,100,24663.45,175,0,13175
NIFTY-III.NFO,01/11/2024,18:17:52,24659,24659,75,24662.95,175,25,13175
NIFTY-III.NFO,01/11/2024,18:17:54,24659,24659,75,24662.95,175,0,13175
NIFTY-III.NFO,01/11/2024,18:17:55,24660,24659,75,24660,325,225,13175
NIFTY-III.NFO,01/11/2024,18:17:57,24660,24659,75,24660,325,0,13175
NIFTY-III.NFO,01/11/2024,18:17:59,24660,24659,75,24662.95,175,350,13175
NIFTY-III.NFO,01/11/2024,18:18:00,24660,24659,75,24662.8,175,0,13175
NIFTY-III.NFO,01/11/2024,18:18:02,24660,24659,75,24662.65,175,0,13175
NIFTY-III.NFO,01/11/2024,18:18:04,24660,24660,50,24662.8,175,0,13175
NIFTY-III.NFO,01/11/2024,18:18:05,24660,24660,50,24661.1,175,0,13175
NIFTY-III.NFO,01/11/2024,18:18:07,24660,24660,50,24661.95,175,0,13175
NIFTY-III.NFO,01/11/2024,18:18:09,24660,24660,50,24662.3,250,0,13175
NIFTY-III.NFO,01/11/2024,18:18:10,24660,24660,50,24662.45,175,0,13175
NIFTY-III.NFO,01/11/2024,18:18:12,24660,24660,25,24661.75,175,25,13175
NIFTY-III.NFO,01/11/2024,18:18:13,24660,24660,25,24661.8,175,0,13175
NIFTY-III.NFO,01/11/2024,18:18:15,24660,24660,25,24662.45,175,0,13175
NIFTY-III.NFO,01/11/2024,18:18:17,24660,24660,25,24661.1,175,0,13175
NIFTY-III.NFO,01/11/2024,18:18:18,24660,24659,75,24659.95,175,25,13175
NIFTY-III.NFO,01/11/2024,18:18:20,24660,24659,75,24660,500,0,13175
NIFTY-III.NFO,01/11/2024,18:18:22,24660,24659,75,24659.95,175,0,13175
NIFTY-III.NFO,01/11/2024,18:18:25,24659.95,24659,75,24659.35,150,25,13175
NIFTY-III.NFO,01/11/2024,18:18:27,24658.9,24651.1,75,24659.95,200,675,13175
NIFTY-III.NFO,01/11/2024,18:18:28,24658.65,24651.25,75,24658.55,200,50,13175
NIFTY-III.NFO,01/11/2024,18:18:30,24658.65,24651.3,175,24659.1,200,0,13175
NIFTY-III.NFO,01/11/2024,18:18:32,24658.65,24651.4,175,24659.1,200,0,13175
NIFTY-III.NFO,01/11/2024,18:18:33,24658.65,24656,25,24658.8,200,0,13175
NIFTY-III.NFO,01/11/2024,18:18:35,24658.65,24656,25,24658.3,200,0,13175
NIFTY-III.NFO,01/11/2024,18:18:37,24658.65,24656,25,24658.35,200,0,13175
NIFTY-III.NFO,01/11/2024,18:18:38,24658.65,24656,25,24659.8,200,0,13175
NIFTY-III.NFO,01/11/2024,18:18:40,24658.65,24656,25,24658.55,200,0,13175
NIFTY-III.NFO,01/11/2024,18:18:42,24658.65,24656,25,24659.95,200,0,13175
NIFTY-III.NFO,01/11/2024,18:18:43,24658.65,24656,25,24658.7,200,0,13175
NIFTY-III.NFO,01/11/2024,18:18:50,24658.65,24656,25,24658.1,200,0,13175
NIFTY-III.NFO,01/11/2024,18:18:52,24656,24650.3,25,24655.95,200,25,13175
NIFTY-III.NFO,01/11/2024,18:18:54,24656,24648.3,75,24655.95,200,0,13175
NIFTY-III.NFO,01/11/2024,18:18:55,24656,24647.8,75,24655.95,200,0,13175
NIFTY-III.NFO,01/11/2024,18:18:59,24656,24647.8,75,24654.3,200,0,13175
NIFTY-III.NFO,01/11/2024,18:19:00,24654,24647.8,75,24653.35,150,75,13175
NIFTY-III.NFO,01/11/2024,18:19:02,24654,24646.7,75,24653.35,150,0,13175
NIFTY-III.NFO,01/11/2024,18:19:04,24642.5,24642.9,50,24652.35,75,425,13175
NIFTY-III.NFO,01/11/2024,18:19:05,24642.5,24644.4,50,24653.3,200,0,13175
NIFTY-III.NFO,01/11/2024,18:19:07,24642.5,24644.85,50,24655.95,200,0,13175
NIFTY-III.NFO,01/11/2024,18:19:08,24653.95,24646.05,50,24653.35,200,25,13175
NIFTY-III.NFO,01/11/2024,18:19:10,24654.8,24646.25,75,24653.35,75,25,13175
NIFTY-III.NFO,01/11/2024,18:19:12,24654.8,24645.8,75,24653.35,200,0,13175
NIFTY-III.NFO,01/11/2024,18:19:13,24654.8,24645.55,75,24653.35,200,0,13175
NIFTY-III.NFO,01/11/2024,18:19:16,24646.3,24643,75,24653.2,200,50,13175
NIFTY-III.NFO,01/11/2024,18:19:18,24646.3,24644.35,75,24653.95,200,0,13175
NIFTY-III.NFO,01/11/2024,18:19:19,24646.3,24645.4,75,24653.3,200,0,13175
NIFTY-III.NFO,01/11/2024,18:19:21,24646.3,24645,75,24652.7,200,0,13175
NIFTY-III.NFO,01/11/2024,18:19:23,24646.3,24643.55,75,24655.25,200,0,13175
NIFTY-III.NFO,01/11/2024,18:19:24,24650.9,24644.65,75,24655.95,200,175,13175
NIFTY-III.NFO,01/11/2024,18:19:26,24640.15,24641,125,24652.1,200,125,13175
NIFTY-III.NFO,01/11/2024,18:19:27,24640.15,24642.8,125,24655.1,200,0,13175
NIFTY-III.NFO,01/11/2024,18:19:29,24640.15,24640.15,125,24655.95,200,0,13175
NIFTY-III.NFO,01/11/2024,18:19:32,24640.15,24642.05,125,24654.8,200,0,13175
NIFTY-III.NFO,01/11/2024,18:19:34,24640.15,24640.55,125,24655.95,200,0,13175
NIFTY-III.NFO,01/11/2024,18:19:36,24640.15,24642.65,125,24654.7,200,0,13175
NIFTY-III.NFO,01/11/2024,18:19:37,24640.15,24640.85,125,24654.95,200,0,13175
NIFTY-III.NFO,01/11/2024,18:19:39,24640.15,24642.9,125,24654.95,200,0,13175
NIFTY-III.NFO,01/11/2024,18:19:40,24640.15,24640.85,125,24654.95,200,0,13175
NIFTY-III.NFO,01/11/2024,18:19:42,24631,24643.5,25,24649.9,100,700,15750
NIFTY-III.NFO,01/11/2024,18:19:44,24631,24643.5,25,24649.9,100,0,15750
NIFTY-III.NFO,01/11/2024,18:19:50,24640,24634,275,24649.9,100,50,15750
NIFTY-III.NFO,01/11/2024,18:19:52,24640,24638.2,250,24649.9,100,0,15750
NIFTY-III.NFO,01/11/2024,18:19:54,24645,24644.4,25,24649.9,100,25,15750
NIFTY-III.NFO,01/11/2024,18:19:55,24645,24644.4,25,24649.9,100,0,15750
NIFTY-III.NFO,01/11/2024,18:19:59,24649.9,24639.3,25,24654.95,200,250,15750
NIFTY-III.NFO,01/11/2024,18:20:00,24649.9,24642.15,250,24655,25,0,15750
NIFTY-III.NFO,01/11/2024,18:20:02,24649.9,24649.95,75,24655,25,0,15750
NIFTY-III.NFO,01/11/2024,18:20:04,24656,24651.5,75,24657.95,200,50,15750
NIFTY-III.NFO,01/11/2024,18:20:05,24646.05,24646.2,75,24657.95,200,50,15750
NIFTY-III.NFO,01/11/2024,18:20:07,24646.05,24646.7,25,24657.95,200,0,15750
NIFTY-III.NFO,01/11/2024,18:20:09,24646.05,24646.9,25,24657.95,200,0,15750
NIFTY-III.NFO,01/11/2024,18:20:10,24646.05,24647.1,25,24657.95,200,0,15750
NIFTY-III.NFO,01/11/2024,18:20:12,24646.05,24651.7,75,24658,25,0,15750
NIFTY-III.NFO,01/11/2024,18:20:14,24646.05,24651.5,25,24658,25,0,15750
NIFTY-III.NFO,01/11/2024,18:20:15,24646.05,24647.65,25,24657.95,200,0,15750
NIFTY-III.NFO,01/11/2024,18:20:16,24646.05,24647.75,25,24657.95,200,0,15750
NIFTY-III.NFO,01/11/2024,18:20:18,24646.05,24646.05,275,24657.95,200,0,15750
NIFTY-III.NFO,01/11/2024,18:20:20,24657.95,24651.65,25,24657.95,200,25,15750
NIFTY-III.NFO,01/11/2024,18:20:21,24657.95,24652.35,25,24658,25,0,15750
NIFTY-III.NFO,01/11/2024,18:20:23,24657.95,24651.05,25,24657.95,200,0,15750
NIFTY-III.NFO,01/11/2024,18:20:25,24657.95,24651.75,25,24657.95,200,0,15750
NIFTY-III.NFO,01/11/2024,18:20:26,24648.35,24648.4,25,24657.95,200,100,15750
NIFTY-III.NFO,01/11/2024,18:20:28,24648.35,24651.7,25,24657.95,200,0,15750
NIFTY-III.NFO,01/11/2024,18:20:33,24657.95,24648.85,25,24657.95,200,25,15750
NIFTY-III.NFO,01/11/2024,18:20:35,24657.95,24649.55,25,24657.95,200,0,15750
NIFTY-III.NFO,01/11/2024,18:20:36,24657.95,24649.5,275,24657.95,200,0,15750
NIFTY-III.NFO,01/11/2024,18:20:38,24648.35,24651.2,25,24657.95,200,200,15750
NIFTY-III.NFO,01/11/2024,18:20:40,24648.35,24651.2,25,24657.95,200,0,15750
NIFTY-III.NFO,01/11/2024,18:20:43,24648.35,24647.55,25,24657.95,200,0,15750
NIFTY-III.NFO,01/11/2024,18:20:44,24648.35,24648.15,25,24657.95,200,0,15750
NIFTY-III.NFO,01/11/2024,18:20:46,24657.5,24648.85,25,24657.95,200,25,15750
NIFTY-III.NFO,01/11/2024,18:20:48,24657.5,24646.3,25,24657.95,200,0,15750
NIFTY-III.NFO,01/11/2024,18:20:49,24657.5,24646.9,25,24657.95,200,0,15750
NIFTY-III.NFO,01/11/2024,18:20:51,24657.5,24647.6,25,24657.95,200,0,15750
NIFTY-III.NFO,01/11/2024,18:20:53,24657.5,24648.2,25,24657.95,200,0,15750
NIFTY-III.NFO,01/11/2024,18:20:54,24657,24648.8,25,24657.95,200,25,15750
NIFTY-III.NFO,01/11/2024,18:20:56,24657,24649.2,25,24657.95,200,0,15750
NIFTY-III.NFO,01/11/2024,18:20:58,24657,24646.95,25,24657.95,200,0,15750
NIFTY-III.NFO,01/11/2024,18:20:59,24657,24647.55,25,24657.95,200,0,15750
NIFTY-III.NFO,01/11/2024,18:21:01,24657,24648.25,25,24657.95,200,0,15750
NIFTY-III.NFO,01/11/2024,18:21:02,24657,24648.75,25,24657.95,200,0,15750
NIFTY-III.NFO,01/11/2024,18:21:04,24656.95,24649.2,25,24656.95,150,250,15750
NIFTY-III.NFO,01/11/2024,18:21:06,24656.95,24650.4,25,24656.95,150,0,15750
NIFTY-III.NFO,01/11/2024,18:21:07,24656.95,24647.15,200,24656.95,150,0,15750
NIFTY-III.NFO,01/11/2024,18:21:09,24656.95,24647.75,200,24656.95,175,0,15750
NIFTY-III.NFO,01/11/2024,18:21:10,24656.95,24648.35,200,24656.95,175,0,15750
NIFTY-III.NFO,01/11/2024,18:21:12,24656.95,24650.2,25,24656.95,175,0,15750
NIFTY-III.NFO,01/11/2024,18:21:14,24656.95,24650.2,25,24656.95,150,25,15750
NIFTY-III.NFO,01/11/2024,18:21:35,24656.95,24650.25,275,24655.95,75,50,15750
NIFTY-III.NFO,01/11/2024,18:22:38,24650,24645,25,24656.45,75,500,17250
NIFTY-III.NFO,01/11/2024,18:23:15,24645,24641.05,200,24655,25,275,17250
NIFTY-III.NFO,01/11/2024,18:23:16,24645,24641.65,200,24655,25,0,17250
NIFTY-III.NFO,01/11/2024,18:23:18,24645,24644.05,200,24650,25,25,17250
NIFTY-III.NFO,01/11/2024,18:23:20,24645,24645,100,24650,25,0,17250
NIFTY-III.NFO,01/11/2024,18:23:26,24657,24645,100,24657,675,500,17250
NIFTY-III.NFO,01/11/2024,18:23:28,24657,24645,100,24657,675,0,17250
NIFTY-III.NFO,01/11/2024,18:23:30,24633.55,24640.55,200,24656.95,200,650,17250
NIFTY-III.NFO,01/11/2024,18:23:31,24633.55,24638.35,200,24656,200,0,17250
NIFTY-III.NFO,01/11/2024,18:23:33,24633.55,24639.05,200,24656,200,0,17250
NIFTY-III.NFO,01/11/2024,18:23:34,24660,24639.55,200,24656.8,125,500,17250
NIFTY-III.NFO,01/11/2024,18:23:36,24660,24640.05,200,24656.8,125,0,17250
NIFTY-III.NFO,01/11/2024,18:23:38,24660,24640.55,200,24656.8,125,0,17250
NIFTY-III.NFO,01/11/2024,18:23:42,24660,24640.75,200,24656.8,125,0,17250
NIFTY-III.NFO,01/11/2024,18:23:46,24660,24640.95,200,24656.15,125,0,17250
NIFTY-III.NFO,01/11/2024,18:23:47,24660,24650,25,24656.15,125,0,17250
NIFTY-III.NFO,01/11/2024,18:23:52,24660,24650,25,24656.85,125,0,17250
NIFTY-III.NFO,01/11/2024,18:23:57,24660,24650,25,24655,25,0,17250
NIFTY-III.NFO,01/11/2024,18:23:59,24660,24650,25,24655,75,0,17250
NIFTY-III.NFO,01/11/2024,18:24:02,24655,24650,25,24655,50,25,17250
NIFTY-III.NFO,01/11/2024,18:24:03,24655,24650,25,24655,50,0,17250
NIFTY-III.NFO,01/11/2024,18:24:05,24660,24650,25,24658.5,100,500,17250
NIFTY-III.NFO,01/11/2024,18:24:07,24660,24650,25,24658.95,75,0,17250
NIFTY-III.NFO,01/11/2024,18:24:08,24660,24650,25,24659.15,125,0,17250
NIFTY-III.NFO,01/11/2024,18:24:12,24660,24650,25,24658.4,100,0,17250
NIFTY-III.NFO,01/11/2024,18:24:35,24658.4,24650,25,24657.9,100,25,17250
NIFTY-III.NFO,01/11/2024,18:25:37,24660,24645.35,200,24660,600,1200,19775
NIFTY-III.NFO,01/11/2024,18:26:30,24659.8,24654.3,200,24660,175,1075,19775
NIFTY-III.NFO,01/11/2024,18:27:16,24660.7,24657.5,175,24668.95,200,850,19775
NIFTY-III.NFO,01/11/2024,18:27:17,24660.7,24656.5,175,24668.95,200,0,19775
NIFTY-III.NFO,01/11/2024,18:27:21,24656.5,24657.25,250,24668.95,200,1000,19775
NIFTY-III.NFO,01/11/2024,18:27:22,24656.5,24660,50,24668.95,200,0,19775
NIFTY-III.NFO,01/11/2024,18:27:24,24656.5,24660,50,24665,25,0,19775
NIFTY-III.NFO,01/11/2024,18:27:29,24660,24657.05,250,24665,25,50,19775
NIFTY-III.NFO,01/11/2024,18:27:31,24660,24657.05,250,24665,25,0,19775
NIFTY-III.NFO,01/11/2024,18:27:32,24664.95,24656.1,50,24664.95,200,75,19775
NIFTY-III.NFO,01/11/2024,18:27:34,24664.95,24656.1,50,24664.95,200,0,19775
NIFTY-III.NFO,01/11/2024,18:27:36,24664.95,24655.05,50,24664.95,200,0,19775
NIFTY-III.NFO,01/11/2024,18:27:37,24664.95,24654.85,75,24664.95,200,25,19775
NIFTY-III.NFO,01/11/2024,18:27:39,24664.95,24654.85,75,24664.95,200,0,19775
NIFTY-III.NFO,01/11/2024,18:27:40,24656.1,24654.9,75,24664.95,200,600,19775
NIFTY-III.NFO,01/11/2024,18:27:42,24656.1,24654.9,75,24664.95,200,0,19775
NIFTY-III.NFO,01/11/2024,18:27:44,24656.1,24655.2,75,24664.95,200,0,19775
NIFTY-III.NFO,01/11/2024,18:27:45,24656.1,24654.9,75,24664.95,200,0,19775
NIFTY-III.NFO,01/11/2024,18:27:52,24656.1,24654.3,75,24664.95,200,0,19775
NIFTY-III.NFO,01/11/2024,18:27:54,24669.5,24653.1,200,24669.3,125,500,19775
NIFTY-III.NFO,01/11/2024,18:27:55,24669.5,24654.2,200,24669.3,125,0,19775
NIFTY-III.NFO,01/11/2024,18:28:05,24669.5,24654.05,200,24669.75,125,0,19775
NIFTY-III.NFO,01/11/2024,18:28:08,24654.05,24654.05,200,24669.45,150,25,19775
NIFTY-III.NFO,01/11/2024,18:28:10,24654.05,24654.05,200,24669.2,150,0,19775
NIFTY-III.NFO,01/11/2024,18:28:12,24654.05,24654.05,175,24669.2,200,75,19775
NIFTY-III.NFO,01/11/2024,18:28:13,24654.05,24654.05,175,24669.2,200,0,19775
NIFTY-III.NFO,01/11/2024,18:28:31,24654.05,24652.75,175,24668.05,200,50,19775
NIFTY-III.NFO,01/11/2024,18:29:32,24649,24647.1,150,24654.05,25,25,23625
NIFTY-III.NFO,01/11/2024,18:30:33,24654.05,24651.65,50,24655,100,300,23625
NIFTY-III.NFO,01/11/2024,18:31:25,24659.95,24651.55,100,24659.5,25,375,23625
NIFTY-III.NFO,01/11/2024,18:32:17,24665.95,24653.05,175,24664.35,200,525,24075
NIFTY-III.NFO,01/11/2024,18:33:15,24650.2,24651.65,25,24653.05,100,275,24075
NIFTY-III.NFO,01/11/2024,18:33:16,24650.2,24651.65,25,24653.05,100,0,24075
NIFTY-III.NFO,01/11/2024,18:33:19,24653.05,24651.65,25,24662.95,200,100,24075
NIFTY-III.NFO,01/11/2024,18:33:21,24653.05,24651.65,25,24662.95,200,0,24075
NIFTY-III.NFO,01/11/2024,18:33:26,24663.75,24651.7,200,24664.4,200,250,24075
NIFTY-III.NFO,01/11/2024,18:33:28,24663.75,24651.7,200,24664.4,200,0,24075
NIFTY-III.NFO,01/11/2024,18:33:29,24664.4,24651.7,200,24664.4,175,25,24075
NIFTY-III.NFO,01/11/2024,18:33:31,24665.7,24651.95,200,24665.7,50,250,24075
NIFTY-III.NFO,01/11/2024,18:33:33,24665.7,24651.7,200,24665.35,50,0,24075
NIFTY-III.NFO,01/11/2024,18:33:36,24665.95,24651.7,200,24665.35,50,250,24075
NIFTY-III.NFO,01/11/2024,18:33:37,24665.95,24651.7,200,24665.35,50,0,24075
NIFTY-III.NFO,01/11/2024,18:33:47,24665.95,24651.7,200,24665,25,0,24075
NIFTY-III.NFO,01/11/2024,18:33:50,24665.95,24651.7,200,24665,50,0,24075
NIFTY-III.NFO,01/11/2024,18:34:00,24651.7,24651.7,200,24664.95,50,50,24075
NIFTY-III.NFO,01/11/2024,18:34:02,24651.7,24651.7,200,24664.95,50,0,24075
NIFTY-III.NFO,01/11/2024,18:34:08,24651.7,24651.8,200,24664.95,50,0,24075
NIFTY-III.NFO,01/11/2024,18:34:10,24651.7,24651.7,200,24664.95,50,0,24075
NIFTY-III.NFO,01/11/2024,18:34:12,24651.7,24652.05,200,24664.95,50,0,24075
NIFTY-III.NFO,01/11/2024,18:34:29,24652.05,24652.65,200,24664.95,75,25,24075
NIFTY-III.NFO,01/11/2024,18:35:22,24655.05,24655.05,50,24663.95,200,425,25300
NIFTY-III.NFO,01/11/2024,18:36:13,24655.05,24652.6,25,24663.95,200,100,25300
NIFTY-III.NFO,01/11/2024,18:37:13,24658,24653,50,24663.95,200,100,25300
NIFTY-III.NFO,01/11/2024,18:38:17,24663.95,24653.05,100,24663.55,200,100,25300
NIFTY-III.NFO,01/11/2024,18:39:09,24653.55,24653.55,100,24661.95,200,200,25650
NIFTY-III.NFO,01/11/2024,18:40:13,24655.05,24655.05,200,24662.95,200,650,25650
NIFTY-III.NFO,01/11/2024,18:41:17,24653.55,24653.5,50,24658.5,200,325,26250
NIFTY-III.NFO,01/11/2024,18:42:17,24653.5,24653,50,24657.95,150,100,26250
NIFTY-III.NFO,01/11/2024,18:43:08,24653,24653,25,24654.95,100,125,26250
NIFTY-III.NFO,01/11/2024,18:44:15,24653,24651,50,24652.95,100,25,26250
NIFTY-III.NFO,01/11/2024,18:45:16,24650,24644.05,200,24650,225,125,26350
NIFTY-III.NFO,01/11/2024,18:46:11,24644.05,24644.05,225,24645,100,725,26350
NIFTY-III.NFO,01/11/2024,18:47:11,24645,24645,75,24653.95,200,525,27150
NIFTY-III.NFO,01/11/2024,18:48:09,24649.95,24645,100,24650,300,200,27150
NIFTY-III.NFO,01/11/2024,18:49:14,24645,24645,50,24649.9,200,125,27150
NIFTY-III.NFO,01/11/2024,18:50:09,24644,24644,25,24649.95,200,150,27200
NIFTY-III.NFO,01/11/2024,18:51:08,24649,24645.45,25,24648.95,200,50,27200
NIFTY-III.NFO,01/11/2024,18:52:10,24640.05,24640.75,25,24645,25,200,27200
NIFTY-III.NFO,01/11/2024,18:53:17,24645,24640.5,75,24648.65,100,175,27525
NIFTY-III.NFO,01/11/2024,18:54:18,24651,24650,25,24653,100,825,27525
NIFTY-III.NFO,01/11/2024,18:55:12,24650,24650,50,24651,150,250,27525
NIFTY-III.NFO,01/11/2024,18:56:14,24645,24645,50,24650,50,250,28575
NIFTY-III.NFO,01/11/2024,18:57:05,24645,24641.05,275,24650,250,625,28575
NIFTY-III.NFO,01/11/2024,18:57:57,24645,24643.05,250,24650,275,525,28575
NIFTY-III.NFO,01/11/2024,18:58:15,24650,24645.15,25,24649,25,25,28575
NIFTY-III.NFO,01/11/2024,18:58:17,24650,24645.2,250,24649,25,0,28575
NIFTY-III.NFO,01/11/2024,18:58:18,24650,24645.2,250,24650,575,100,28575
NIFTY-III.NFO,01/11/2024,18:58:20,24650,24645.25,25,24650,575,0,28575
NIFTY-III.NFO,01/11/2024,18:58:22,24650,24645.05,275,24650,575,0,28575
NIFTY-III.NFO,01/11/2024,18:58:33,24650,24645.05,275,24650,525,50,28575
NIFTY-III.NFO,01/11/2024,18:58:35,24650,24645.05,275,24650,525,0,28575
NIFTY-III.NFO,01/11/2024,18:58:37,24650,24645.05,275,24650,500,25,29925
NIFTY-III.NFO,01/11/2024,18:58:38,24650,24645.05,275,24650,500,0,29925
NIFTY-III.NFO,01/11/2024,18:58:43,24650,24645.05,275,24649,100,0,29925
NIFTY-III.NFO,01/11/2024,18:58:45,24650,24646.15,25,24649,100,0,29925
NIFTY-III.NFO,01/11/2024,18:58:46,24650,24646.2,250,24649,100,0,29925
NIFTY-III.NFO,01/11/2024,18:58:48,24650,24646,25,24649,100,0,29925
NIFTY-III.NFO,01/11/2024,18:58:53,24650,24646,25,24650,500,0,29925
NIFTY-III.NFO,01/11/2024,18:58:56,24641.05,24641.6,250,24650,175,325,29925
NIFTY-III.NFO,01/11/2024,18:58:58,24641.05,24641.75,25,24650,175,0,29925
NIFTY-III.NFO,01/11/2024,18:59:00,24641.05,24641.95,25,24650,175,0,29925
NIFTY-III.NFO,01/11/2024,18:59:01,24641.05,24642.15,25,24650,175,0,29925
NIFTY-III.NFO,01/11/2024,18:59:03,24641.05,24642.3,250,24650,175,0,29925
NIFTY-III.NFO,01/11/2024,18:59:05,24641.05,24642.5,250,24650,175,0,29925
NIFTY-III.NFO,01/11/2024,18:59:06,24641.05,24642.65,25,24650,200,0,29925
NIFTY-III.NFO,01/11/2024,18:59:08,24642.8,24641.1,250,24650,200,250,29925
NIFTY-III.NFO,01/11/2024,18:59:09,24642.8,24641.25,25,24650,200,0,29925
NIFTY-III.NFO,01/11/2024,18:59:11,24642.8,24641.4,250,24650,200,0,29925
NIFTY-III.NFO,01/11/2024,18:59:13,24642.8,24641.55,25,24650,200,0,29925
NIFTY-III.NFO,01/11/2024,18:59:14,24642.8,24641.75,25,24650,200,0,29925
NIFTY-III.NFO,01/11/2024,18:59:48,24650,24642.85,275,24650,50,225,29925
NIFTY-III.NFO,01/11/2024,19:00:09,24642.85,24643,250,24650,100,200,29925
