Ticker,Date,Time,LTP,BuyPrice,BuyQty,SellPrice,SellQty,LTQ,OpenInterest
NIFTY-II.NFO,01/11/2024,18:00:01,24540,24527.2,75,24561,100,100,0
NIFTY-II.NFO,01/11/2024,18:00:01,24527.2,24527.2,75,24561,100,0,0
NIFTY-II.NFO,01/11/2024,18:00:01,24559.3,24527.2,75,24561,100,0,0
NIFTY-II.NFO,01/11/2024,18:00:01,24527.2,24527.2,75,24561,100,0,0
NIFTY-II.NFO,01/11/2024,18:00:02,24510.05,24510.05,100,24544.65,100,100,1031350
NIFTY-II.NFO,01/11/2024,18:00:02,24510.05,24510.05,100,24544.65,100,0,1031350
NIFTY-II.NFO,01/11/2024,18:00:03,24505,24505.05,100,24524.95,100,400,1031350
NIFTY-II.NFO,01/11/2024,18:00:03,24505,24505.05,100,24524.95,100,0,1031350
NIFTY-II.NFO,01/11/2024,18:00:04,24514.9,24520.35,250,24525,125,150,1031350
NIFTY-II.NFO,01/11/2024,18:00:06,24549.6,24524.6,50,24547.2,100,275,1031350
NIFTY-II.NFO,01/11/2024,18:00:07,24516.05,24506.55,75,24515.9,100,625,1031350
NIFTY-II.NFO,01/11/2024,18:00:09,24511.85,24510.45,75,24523.1,100,150,1031350
NIFTY-II.NFO,01/11/2024,18:00:10,24510.05,24515.5,100,24535.4,25,175,1031350
NIFTY-II.NFO,01/11/2024,18:00:11,24523.6,24516.75,100,24533.25,50,275,1031350
NIFTY-II.NFO,01/11/2024,18:00:13,24533.15,24516.15,25,24533.15,100,925,1031350
NIFTY-II.NFO,01/11/2024,18:00:14,24533.05,24514,100,24543.1,50,125,1031350
NIFTY-II.NFO,01/11/2024,18:00:15,24542.8,24515.25,100,24537.9,25,25,1031350
NIFTY-II.NFO,01/11/2024,18:00:17,24511.95,24511.85,25,24536,100,525,1031350
NIFTY-II.NFO,01/11/2024,18:00:18,24511.95,24511.9,250,24533.4,100,0,1031350
NIFTY-II.NFO,01/11/2024,18:00:20,24532.5,24517.15,25,24531.9,100,150,1031350
NIFTY-II.NFO,01/11/2024,18:00:21,24532.5,24517.15,25,24531.7,100,0,1031350
NIFTY-II.NFO,01/11/2024,18:00:23,24531.6,24512.8,25,24531.6,100,150,1031350
NIFTY-II.NFO,01/11/2024,18:00:24,24531.6,24513.55,25,24531.1,100,0,1031350
NIFTY-II.NFO,01/11/2024,18:00:26,24513.15,24512.2,100,24532.45,100,525,1031350
NIFTY-II.NFO,01/11/2024,18:00:27,24513.15,24514,75,24531.55,100,0,1031350
NIFTY-II.NFO,01/11/2024,18:00:29,24514.95,24513.15,25,24516.05,225,75,1031350
NIFTY-II.NFO,01/11/2024,18:00:30,24516.05,24513.15,25,24516.05,200,50,1031350
NIFTY-II.NFO,01/11/2024,18:00:32,24513,24513.15,125,24516.05,200,50,1031350
NIFTY-II.NFO,01/11/2024,18:00:33,24514,24513.45,250,24516.05,200,25,1031350
NIFTY-II.NFO,01/11/2024,18:00:34,24516.05,24515,200,24516.05,150,50,1031350
NIFTY-II.NFO,01/11/2024,18:00:36,24516.05,24516.05,150,24531.35,100,175,1031350
NIFTY-II.NFO,01/11/2024,18:00:37,24516.05,24516.05,125,24529.85,100,25,1031350
NIFTY-II.NFO,01/11/2024,18:00:39,24516.05,24516.05,75,24529.65,100,50,1031350
NIFTY-II.NFO,01/11/2024,18:00:40,24516.05,24516.05,50,24528.95,100,25,1031350
NIFTY-II.NFO,01/11/2024,18:00:42,24516.05,24516.05,50,24529.55,100,0,1031350
NIFTY-II.NFO,01/11/2024,18:00:43,24529.55,24517.35,75,24529.55,100,50,1031350
NIFTY-II.NFO,01/11/2024,18:00:45,24518.05,24518.05,100,24527.85,75,125,1031350
NIFTY-II.NFO,01/11/2024,18:00:46,24518.05,24520.05,100,24529.45,75,0,1031350
NIFTY-II.NFO,01/11/2024,18:00:48,24518.05,24520.05,100,24529.05,75,0,1031350
NIFTY-II.NFO,01/11/2024,18:00:49,24518.05,24520.05,100,24527,75,0,1031350
NIFTY-II.NFO,01/11/2024,18:00:51,24518.05,24520,25,24528.7,75,0,1031350
NIFTY-II.NFO,01/11/2024,18:00:52,24527.3,24520.05,100,24526.6,250,50,1031350
NIFTY-II.NFO,01/11/2024,18:00:54,24527.2,24520,25,24524.55,250,25,1031350
NIFTY-II.NFO,01/11/2024,18:00:55,24520,24518.05,50,24525.4,250,25,1031350
NIFTY-II.NFO,01/11/2024,18:00:56,24518.05,24518.05,25,24522.6,250,100,1031350
NIFTY-II.NFO,01/11/2024,18:00:58,24521,24518.05,25,24522,25,25,1031350
NIFTY-II.NFO,01/11/2024,18:00:59,24516.05,24516.05,100,24521.95,250,125,1031350
NIFTY-II.NFO,01/11/2024,18:01:01,24521.95,24520,200,24522.9,250,50,1031350
NIFTY-II.NFO,01/11/2024,18:01:02,24521.95,24520,200,24520.25,250,0,1031350
NIFTY-II.NFO,01/11/2024,18:01:04,24520,24520,175,24520.5,250,25,1031350
NIFTY-II.NFO,01/11/2024,18:01:05,24520,24520,100,24520.65,250,100,1031350
NIFTY-II.NFO,01/11/2024,18:01:06,24520,24518.75,100,24519.5,175,100,1031350
NIFTY-II.NFO,01/11/2024,18:01:08,24518.7,24516.35,100,24521.8,100,75,1031350
NIFTY-II.NFO,01/11/2024,18:01:09,24518.7,24516.1,100,24523.35,100,0,1031350
NIFTY-II.NFO,01/11/2024,18:01:11,24518.7,24516.1,100,24520.85,100,0,1031350
NIFTY-II.NFO,01/11/2024,18:01:12,24518.7,24516.1,100,24520,100,0,1031350
NIFTY-II.NFO,01/11/2024,18:01:13,24516.55,24516.05,100,24521.7,100,125,1031350
NIFTY-II.NFO,01/11/2024,18:01:15,24516.55,24516.05,125,24518.7,25,0,1031350
NIFTY-II.NFO,01/11/2024,18:01:16,24516.1,24516.1,100,24518.7,25,50,1031350
NIFTY-II.NFO,01/11/2024,18:01:18,24529.8,24517.3,100,24530,25,350,1031350
NIFTY-II.NFO,01/11/2024,18:01:19,24518.7,24518.7,100,24530,25,25,1031350
NIFTY-II.NFO,01/11/2024,18:01:20,24520.05,24518.75,100,24531.55,100,200,1031350
NIFTY-II.NFO,01/11/2024,18:01:22,24520.05,24519.95,100,24531.6,25,0,1031350
NIFTY-II.NFO,01/11/2024,18:01:23,24518.75,24518.75,75,24531.55,100,25,1031350
NIFTY-II.NFO,01/11/2024,18:01:25,24532,24519.9,50,24532,25,100,1031350
NIFTY-II.NFO,01/11/2024,18:01:26,24532,24522.85,50,24532,25,0,1031350
NIFTY-II.NFO,01/11/2024,18:01:27,24532,24524.2,50,24532,25,0,1031350
NIFTY-II.NFO,01/11/2024,18:01:29,24521.35,24521.9,75,24532.3,75,125,1032100
NIFTY-II.NFO,01/11/2024,18:01:30,24521.35,24519.05,200,24532.3,75,0,1032100
NIFTY-II.NFO,01/11/2024,18:01:31,24521.35,24520.2,125,24532.5,75,0,1032100
NIFTY-II.NFO,01/11/2024,18:01:33,24532.5,24520.85,125,24532.5,50,25,1032100
NIFTY-II.NFO,01/11/2024,18:01:34,24522,24522,50,24532.5,50,25,1032100
NIFTY-II.NFO,01/11/2024,18:01:35,24522,24521.9,125,24532.5,50,25,1032100
NIFTY-II.NFO,01/11/2024,18:01:37,24521,24521.65,75,24530,25,325,1032100
NIFTY-II.NFO,01/11/2024,18:01:38,24532.5,24524.4,25,24539.95,75,100,1032100
NIFTY-II.NFO,01/11/2024,18:01:40,24540,24540.25,50,24542.8,25,225,1032100
NIFTY-II.NFO,01/11/2024,18:01:41,24540,24542,75,24542.8,25,0,1032100
NIFTY-II.NFO,01/11/2024,18:01:43,24542.8,24537.35,50,24543,25,25,1032100
NIFTY-II.NFO,01/11/2024,18:01:44,24534.45,24536,75,24543,25,25,1032100
NIFTY-II.NFO,01/11/2024,18:01:45,24540,24540,25,24543,25,25,1032100
NIFTY-II.NFO,01/11/2024,18:01:47,24540,24540,25,24543,25,0,1032100
NIFTY-II.NFO,01/11/2024,18:01:48,24540,24539.95,25,24543,25,25,1032100
NIFTY-II.NFO,01/11/2024,18:01:50,24540,24539.95,25,24543,25,0,1032100
NIFTY-II.NFO,01/11/2024,18:01:51,24534.05,24533.8,125,24543,25,100,1032100
NIFTY-II.NFO,01/11/2024,18:01:52,24543,24543.05,50,24549.95,100,50,1032100
NIFTY-II.NFO,01/11/2024,18:01:54,24543.05,24534.3,100,24549.45,100,50,1032100
NIFTY-II.NFO,01/11/2024,18:01:55,24543.05,24540.05,75,24549.3,100,0,1032100
NIFTY-II.NFO,01/11/2024,18:01:57,24539.95,24531.95,25,24539.15,125,25,1032100
NIFTY-II.NFO,01/11/2024,18:01:58,24539.95,24531.6,25,24539.15,125,0,1032100
NIFTY-II.NFO,01/11/2024,18:02:00,24539.15,24531.45,25,24539.15,75,50,1032100
NIFTY-II.NFO,01/11/2024,18:02:01,24543.05,24531.65,125,24542.8,100,125,1032100
NIFTY-II.NFO,01/11/2024,18:02:02,24539.95,24532.7,125,24546.3,100,25,1032100
NIFTY-II.NFO,01/11/2024,18:02:04,24539.95,24533.35,125,24540,25,0,1032100
NIFTY-II.NFO,01/11/2024,18:02:05,24535.6,24532.05,125,24540,25,50,1032100
NIFTY-II.NFO,01/11/2024,18:02:07,24530.85,24531.4,475,24540,25,150,1032100
NIFTY-II.NFO,01/11/2024,18:02:08,24530.85,24530.95,475,24540,25,0,1032100
NIFTY-II.NFO,01/11/2024,18:02:10,24540,24532.25,75,24543,25,25,1032100
NIFTY-II.NFO,01/11/2024,18:02:11,24532.25,24532.3,25,24543,25,50,1032100
NIFTY-II.NFO,01/11/2024,18:02:13,24534.2,24533.65,25,24543,25,50,1032100
NIFTY-II.NFO,01/11/2024,18:02:14,24534.2,24533.65,25,24543,25,0,1032100
NIFTY-II.NFO,01/11/2024,18:02:15,24534.2,24533.65,25,24541.25,75,0,1032100
NIFTY-II.NFO,01/11/2024,18:02:17,24534.2,24533.65,25,24542.95,100,0,1032100
NIFTY-II.NFO,01/11/2024,18:02:18,24534.2,24531.5,25,24542.95,100,0,1032100
NIFTY-II.NFO,01/11/2024,18:02:20,24534.2,24531.95,25,24540.8,75,0,1032100
NIFTY-II.NFO,01/11/2024,18:02:21,24542.95,24531.7,25,24542.95,100,50,1032100
NIFTY-II.NFO,01/11/2024,18:02:22,24530.85,24531.55,25,24534.2,25,150,1032100
NIFTY-II.NFO,01/11/2024,18:02:24,24530.3,24532.35,25,24534.2,25,75,1032100
NIFTY-II.NFO,01/11/2024,18:02:25,24534.2,24535.5,25,24540,25,50,1032100
NIFTY-II.NFO,01/11/2024,18:02:27,24534.2,24535.5,25,24540,25,0,1032100
NIFTY-II.NFO,01/11/2024,18:02:29,24532.7,24535.7,75,24540,25,100,1032100
NIFTY-II.NFO,01/11/2024,18:02:31,24535.7,24535.5,25,24540,25,25,1032100
NIFTY-II.NFO,01/11/2024,18:02:32,24535.7,24535.95,75,24540,125,0,1032100
NIFTY-II.NFO,01/11/2024,18:02:34,24540,24532.95,25,24535.7,25,150,1032100
NIFTY-II.NFO,01/11/2024,18:02:35,24535.7,24532.35,100,24540,225,525,1032100
NIFTY-II.NFO,01/11/2024,18:02:37,24535.7,24538.2,25,24540,250,0,1032100
NIFTY-II.NFO,01/11/2024,18:02:38,24538.2,24533.9,25,24535.7,25,25,1032100
NIFTY-II.NFO,01/11/2024,18:02:39,24530.3,24535.7,25,24540,350,525,1032100
NIFTY-II.NFO,01/11/2024,18:02:41,24530.3,24535.7,25,24540,350,0,1032100
NIFTY-II.NFO,01/11/2024,18:02:42,24530.3,24535.7,25,24540,475,0,1032100
NIFTY-II.NFO,01/11/2024,18:02:44,24532.95,24533.05,125,24540,450,575,1032100
NIFTY-II.NFO,01/11/2024,18:02:45,24532.5,24532.9,75,24540,450,50,1032100
NIFTY-II.NFO,01/11/2024,18:02:47,24532.5,24532.9,75,24538.2,25,0,1032100
NIFTY-II.NFO,01/11/2024,18:02:48,24532.5,24534.75,25,24538.2,25,0,1032100
NIFTY-II.NFO,01/11/2024,18:02:49,24533.65,24532.9,75,24533.65,400,100,1032100
NIFTY-II.NFO,01/11/2024,18:02:51,24529.3,24530,25,24533.65,400,525,1032100
NIFTY-II.NFO,01/11/2024,18:02:52,24533.65,24530.05,25,24533.65,525,25,1032100
NIFTY-II.NFO,01/11/2024,18:02:54,24533.65,24530.1,25,24533.65,475,50,1032100
NIFTY-II.NFO,01/11/2024,18:02:55,24530.55,24530.6,25,24533.65,475,25,1032100
NIFTY-II.NFO,01/11/2024,18:02:56,24533.65,24530.4,25,24533.65,450,650,1032100
NIFTY-II.NFO,01/11/2024,18:02:58,24533.65,24530.55,25,24533.65,400,50,1032100
NIFTY-II.NFO,01/11/2024,18:02:59,24533.65,24530.6,25,24533.65,400,0,1032100
NIFTY-II.NFO,01/11/2024,18:03:01,24533.65,24530,25,24533.65,700,750,1032100
NIFTY-II.NFO,01/11/2024,18:03:02,24533.65,24530.05,25,24533.65,675,25,1032100
NIFTY-II.NFO,01/11/2024,18:03:04,24530.35,24530.3,25,24532.5,25,25,1032100
NIFTY-II.NFO,01/11/2024,18:03:05,24533.65,24532.85,25,24533.65,650,450,1032100
NIFTY-II.NFO,01/11/2024,18:03:06,24532.85,24533.05,25,24533.65,475,200,1032100
NIFTY-II.NFO,01/11/2024,18:03:08,24533.65,24533.1,25,24533.65,400,75,1032100
NIFTY-II.NFO,01/11/2024,18:03:09,24538,24532.6,25,24540,500,450,1032100
NIFTY-II.NFO,01/11/2024,18:03:11,24538,24532.85,250,24540,500,0,1032100
NIFTY-II.NFO,01/11/2024,18:03:12,24540,24534.25,250,24540,475,25,1032100
NIFTY-II.NFO,01/11/2024,18:03:14,24540,24534.9,25,24540,475,0,1032100
NIFTY-II.NFO,01/11/2024,18:03:16,24536.2,24535.15,250,24538,25,275,1032100
NIFTY-II.NFO,01/11/2024,18:03:17,24538,24535.1,25,24540,225,175,1032100
NIFTY-II.NFO,01/11/2024,18:03:19,24535.1,24535.3,25,24540,225,25,1032100
NIFTY-II.NFO,01/11/2024,18:03:21,24535.1,24534,75,24540,225,0,1032100
NIFTY-II.NFO,01/11/2024,18:03:22,24535.1,24534.4,25,24540,225,0,1032100
NIFTY-II.NFO,01/11/2024,18:03:24,24535.1,24534.4,25,24534.9,25,0,1032100
NIFTY-II.NFO,01/11/2024,18:03:26,24534.9,24533.65,25,24540,325,25,1032100
NIFTY-II.NFO,01/11/2024,18:03:27,24533.7,24534.6,75,24540,325,100,1032100
NIFTY-II.NFO,01/11/2024,18:03:29,24535.1,24534.75,25,24540,325,25,1032100
NIFTY-II.NFO,01/11/2024,18:03:31,24535.1,24535,25,24540,325,0,1032100
NIFTY-II.NFO,01/11/2024,18:03:32,24540,24535.5,25,24540,175,150,1032100
NIFTY-II.NFO,01/11/2024,18:03:34,24540,24538.3,25,24540,125,50,1032100
NIFTY-II.NFO,01/11/2024,18:03:36,24544,24537.8,25,24545,25,500,1032100
NIFTY-II.NFO,01/11/2024,18:03:37,24544,24538.9,225,24544.8,75,0,1032100
NIFTY-II.NFO,01/11/2024,18:03:39,24540.6,24540.75,25,24544.8,75,50,1032100
NIFTY-II.NFO,01/11/2024,18:03:41,24539.45,24539.35,25,24544,25,50,1032100
NIFTY-II.NFO,01/11/2024,18:03:42,24548.95,24540,75,24548.95,100,225,1032100
NIFTY-II.NFO,01/11/2024,18:03:44,24548.95,24542.75,125,24548.95,100,25,1032100
NIFTY-II.NFO,01/11/2024,18:03:46,24542.75,24542.75,100,24548.95,100,25,1032100
NIFTY-II.NFO,01/11/2024,18:03:47,24542.75,24542.75,100,24548.95,100,0,1032100
NIFTY-II.NFO,01/11/2024,18:03:49,24542.75,24542.95,125,24548.95,100,0,1032100
NIFTY-II.NFO,01/11/2024,18:03:51,24540.15,24541.05,25,24548.95,100,25,1032100
NIFTY-II.NFO,01/11/2024,18:03:52,24540.8,24542.75,50,24548.95,100,75,1032100
NIFTY-II.NFO,01/11/2024,18:03:54,24540.8,24542.75,75,24545,25,0,1032100
NIFTY-II.NFO,01/11/2024,18:03:56,24545,24542.75,75,24548.95,100,25,1032100
NIFTY-II.NFO,01/11/2024,18:03:57,24538.05,24542.7,25,24542.95,25,750,1032100
NIFTY-II.NFO,01/11/2024,18:03:59,24548.95,24541.2,25,24548.95,100,625,1032100
NIFTY-II.NFO,01/11/2024,18:04:01,24548.95,24541,25,24548.95,100,0,1032100
NIFTY-II.NFO,01/11/2024,18:04:04,24534.5,24539.95,25,24548.95,100,575,1032100
NIFTY-II.NFO,01/11/2024,18:04:06,24540.3,24539.95,25,24548.95,100,25,1032100
NIFTY-II.NFO,01/11/2024,18:04:07,24540.3,24548,25,24548.95,100,0,1032100
NIFTY-II.NFO,01/11/2024,18:04:09,24545.85,24539.35,25,24545.85,100,50,1032100
NIFTY-II.NFO,01/11/2024,18:04:11,24532.1,24538.85,25,24548.95,100,800,1032100
NIFTY-II.NFO,01/11/2024,18:04:12,24539.8,24534.7,75,24539.8,100,75,1032100
NIFTY-II.NFO,01/11/2024,18:04:14,24539.8,24533.35,25,24539.3,100,0,1032100
NIFTY-II.NFO,01/11/2024,18:04:16,24521.3,24533.2,25,24538.35,100,550,1032100
NIFTY-II.NFO,01/11/2024,18:04:18,24521.3,24534.8,25,24538.6,100,0,1032100
NIFTY-II.NFO,01/11/2024,18:04:20,24533.75,24534.25,25,24539.55,100,50,1032100
NIFTY-II.NFO,01/11/2024,18:04:21,24537.5,24532.5,25,24537.45,100,625,1032100
NIFTY-II.NFO,01/11/2024,18:04:23,24537.5,24533.5,25,24538.9,100,0,1032100
NIFTY-II.NFO,01/11/2024,18:04:25,24532.8,24532.95,25,24536.65,100,75,1032100
NIFTY-II.NFO,01/11/2024,18:04:26,24522.6,24527.55,75,24535.05,100,450,1034575
NIFTY-II.NFO,01/11/2024,18:04:28,24522.85,24527.9,25,24533,25,175,1034575
NIFTY-II.NFO,01/11/2024,18:04:30,24522.85,24527.9,25,24532.3,75,0,1034575
NIFTY-II.NFO,01/11/2024,18:04:31,24527.3,24526.35,25,24532.55,100,25,1034575
NIFTY-II.NFO,01/11/2024,18:04:33,24526.35,24527.8,25,24534.95,100,25,1034575
NIFTY-II.NFO,01/11/2024,18:04:35,24527.8,24526.35,25,24533,25,50,1034575
NIFTY-II.NFO,01/11/2024,18:04:36,24526.35,24526.35,25,24534.95,100,25,1034575
NIFTY-II.NFO,01/11/2024,18:04:38,24526.35,24524.05,150,24535,25,0,1034575
NIFTY-II.NFO,01/11/2024,18:04:40,24524.05,24524.9,25,24534.95,100,25,1034575
NIFTY-II.NFO,01/11/2024,18:04:41,24524.9,24526,25,24536.8,100,25,1034575
NIFTY-II.NFO,01/11/2024,18:04:43,24533.8,24526,25,24536.35,100,100,1034575
NIFTY-II.NFO,01/11/2024,18:04:45,24526.05,24526,25,24536.35,100,50,1034575
NIFTY-II.NFO,01/11/2024,18:04:46,24526.05,24526,25,24537.15,100,0,1034575
NIFTY-II.NFO,01/11/2024,18:04:48,24536.35,24524.9,25,24536.3,100,75,1034575
NIFTY-II.NFO,01/11/2024,18:04:50,24520,24525.3,25,24535.75,100,1500,1034575
NIFTY-II.NFO,01/11/2024,18:04:51,24525.8,24524.6,25,24538.25,100,125,1034575
NIFTY-II.NFO,01/11/2024,18:04:53,24525.8,24524.6,25,24537.95,100,0,1034575
NIFTY-II.NFO,01/11/2024,18:04:55,24525.65,24525.6,25,24535.45,100,175,1034575
NIFTY-II.NFO,01/11/2024,18:04:56,24525.6,24526,25,24535.5,25,25,1034575
NIFTY-II.NFO,01/11/2024,18:04:58,24527.75,24526.75,125,24535.5,25,25,1034575
NIFTY-II.NFO,01/11/2024,18:05:00,24532.7,24527.3,25,24535.5,25,275,1034575
NIFTY-II.NFO,01/11/2024,18:05:01,24535.5,24527.3,25,24539.25,100,25,1034575
NIFTY-II.NFO,01/11/2024,18:05:03,24527.6,24527.55,25,24535,25,175,1034575
NIFTY-II.NFO,01/11/2024,18:05:05,24535,24530.1,25,24538.3,100,125,1034575
NIFTY-II.NFO,01/11/2024,18:05:06,24535,24530.1,25,24537.45,250,0,1034575
NIFTY-II.NFO,01/11/2024,18:05:08,24535,24530.1,25,24537.55,100,0,1034575
NIFTY-II.NFO,01/11/2024,18:05:10,24535,24530.1,25,24535,50,50,1034575
NIFTY-II.NFO,01/11/2024,18:05:11,24530.1,24530.05,25,24535,50,25,1034575
NIFTY-II.NFO,01/11/2024,18:05:13,24530.1,24530,25,24535,350,0,1034575
NIFTY-II.NFO,01/11/2024,18:05:15,24534.95,24530,25,24535,325,50,1034575
NIFTY-II.NFO,01/11/2024,18:05:16,24532.55,24530,25,24535,325,75,1034575
NIFTY-II.NFO,01/11/2024,18:05:18,24532.55,24531,25,24535,325,0,1034575
NIFTY-II.NFO,01/11/2024,18:05:19,24531,24530,25,24530.1,25,25,1034575
NIFTY-II.NFO,01/11/2024,18:05:21,24525.35,24527.25,25,24534.95,100,100,1034575
NIFTY-II.NFO,01/11/2024,18:05:23,24527.55,24527.55,25,24534.95,100,25,1034575
NIFTY-II.NFO,01/11/2024,18:05:25,24534.95,24528.1,50,24534.95,100,100,1034575
NIFTY-II.NFO,01/11/2024,18:05:26,24528.25,24527.1,25,24534.95,100,25,1034575
NIFTY-II.NFO,01/11/2024,18:05:28,24528.25,24525.55,25,24533.4,100,0,1034575
NIFTY-II.NFO,01/11/2024,18:05:30,24528.25,24525.9,25,24533.95,100,0,1034575
NIFTY-II.NFO,01/11/2024,18:05:31,24533.65,24525.9,25,24533.65,100,25,1034575
NIFTY-II.NFO,01/11/2024,18:05:33,24533.65,24525.9,25,24533.95,100,0,1034575
NIFTY-II.NFO,01/11/2024,18:05:35,24532.9,24525.9,25,24532.9,50,50,1034575
NIFTY-II.NFO,01/11/2024,18:05:36,24532.9,24525.9,25,24532.6,25,25,1034575
NIFTY-II.NFO,01/11/2024,18:05:38,24531.7,24525.9,25,24531.75,75,200,1034575
NIFTY-II.NFO,01/11/2024,18:05:39,24531.15,24525.9,25,24530.2,250,125,1034575
NIFTY-II.NFO,01/11/2024,18:05:41,24531.15,24525.9,50,24526.65,250,0,1034575
NIFTY-II.NFO,01/11/2024,18:05:43,24525.9,24523.5,125,24524.9,250,50,1034575
NIFTY-II.NFO,01/11/2024,18:05:44,24525.9,24523.65,25,24530.05,250,0,1034575
NIFTY-II.NFO,01/11/2024,18:05:46,24530.95,24523.65,25,24531.9,250,150,1034575
NIFTY-II.NFO,01/11/2024,18:05:48,24530.95,24523.65,25,24530,50,0,1034575
NIFTY-II.NFO,01/11/2024,18:05:49,24529.35,24523.5,125,24529.2,250,50,1034575
NIFTY-II.NFO,01/11/2024,18:05:51,24525.75,24523.8,25,24530,25,25,1034575
NIFTY-II.NFO,01/11/2024,18:05:53,24527.45,24524,125,24529.3,250,25,1034575
NIFTY-II.NFO,01/11/2024,18:05:54,24530,24524.3,25,24531,250,25,1034575
NIFTY-II.NFO,01/11/2024,18:05:56,24525,24524,125,24530,25,25,1034575
NIFTY-II.NFO,01/11/2024,18:05:58,24525,24524,125,24530,350,0,1034575
NIFTY-II.NFO,01/11/2024,18:05:59,24525,24524.15,100,24530,350,0,1034575
NIFTY-II.NFO,01/11/2024,18:06:01,24525,24524.15,100,24530,375,900,1034575
NIFTY-II.NFO,01/11/2024,18:06:03,24525.05,24524.45,100,24530,350,150,1034575
NIFTY-II.NFO,01/11/2024,18:06:04,24525.05,24524.75,100,24530,350,0,1034575
NIFTY-II.NFO,01/11/2024,18:06:06,24525.05,24525.05,75,24530,375,75,1034575
NIFTY-II.NFO,01/11/2024,18:06:08,24530,24525.05,75,24530,350,25,1034575
NIFTY-II.NFO,01/11/2024,18:06:09,24530,24525.6,75,24530,100,275,1034575
NIFTY-II.NFO,01/11/2024,18:06:11,24530.7,24525.65,75,24533.6,100,275,1034575
NIFTY-II.NFO,01/11/2024,18:06:13,24520.75,24525.4,25,24530,25,600,1034575
NIFTY-II.NFO,01/11/2024,18:06:14,24530.05,24525.6,100,24533.65,25,50,1034575
NIFTY-II.NFO,01/11/2024,18:06:16,24533.65,24525.6,100,24533.9,100,25,1034575
NIFTY-II.NFO,01/11/2024,18:06:18,24525.25,24525.25,25,24530,50,650,1034575
NIFTY-II.NFO,01/11/2024,18:06:19,24525.25,24526.05,25,24530,25,100,1034575
NIFTY-II.NFO,01/11/2024,18:06:21,24524.5,24525.15,25,24533.95,250,425,1034575
NIFTY-II.NFO,01/11/2024,18:06:23,24521.75,24524.55,25,24533.9,100,600,1034575
NIFTY-II.NFO,01/11/2024,18:06:24,24533.9,24525.85,25,24533.9,100,50,1034575
NIFTY-II.NFO,01/11/2024,18:06:26,24533.9,24526.4,50,24533.9,100,25,1034575
NIFTY-II.NFO,01/11/2024,18:06:28,24523.15,24525.45,25,24533.9,100,125,1034575
NIFTY-II.NFO,01/11/2024,18:06:29,24523.15,24526.05,25,24533.9,100,0,1034575
NIFTY-II.NFO,01/11/2024,18:06:33,24520.65,24526.05,25,24533.9,100,500,1034575
NIFTY-II.NFO,01/11/2024,18:06:34,24520.65,24526.05,25,24533.9,100,0,1034575
NIFTY-II.NFO,01/11/2024,18:06:36,24525.75,24525.9,25,24533.9,100,25,1034575
NIFTY-II.NFO,01/11/2024,18:06:38,24525.75,24526.9,25,24532.95,100,0,1034575
NIFTY-II.NFO,01/11/2024,18:06:39,24533,24527.4,25,24533,50,100,1034575
NIFTY-II.NFO,01/11/2024,18:06:41,24527.4,24527.9,25,24533,50,50,1034575
NIFTY-II.NFO,01/11/2024,18:06:42,24527.4,24528.55,25,24533,50,0,1034575
NIFTY-II.NFO,01/11/2024,18:06:44,24523.2,24528.8,25,24533,50,600,1034575
NIFTY-II.NFO,01/11/2024,18:06:46,24533,24528.8,50,24533.45,250,75,1034575
NIFTY-II.NFO,01/11/2024,18:06:47,24532.95,24529.75,25,24533.45,200,75,1034575
NIFTY-II.NFO,01/11/2024,18:06:49,24533.45,24529.05,25,24533.45,125,100,1034575
NIFTY-II.NFO,01/11/2024,18:06:51,24533.45,24529.4,25,24533.45,125,0,1034575
NIFTY-II.NFO,01/11/2024,18:06:54,24533.45,24529.4,25,24533.45,100,25,1034575
NIFTY-II.NFO,01/11/2024,18:06:55,24524.55,24528.25,25,24532,25,600,1034575
NIFTY-II.NFO,01/11/2024,18:06:57,24524.55,24528.25,25,24532,25,0,1034575
NIFTY-II.NFO,01/11/2024,18:07:00,24524.55,24528.1,25,24532,25,0,1034575
NIFTY-II.NFO,01/11/2024,18:07:02,24532.95,24528.1,25,24533,25,50,1034575
NIFTY-II.NFO,01/11/2024,18:07:04,24532.95,24528.1,25,24533,25,0,1034575
NIFTY-II.NFO,01/11/2024,18:07:05,24532.95,24530,25,24533,25,0,1034575
NIFTY-II.NFO,01/11/2024,18:07:07,24532.95,24530,25,24532.95,25,25,1034575
NIFTY-II.NFO,01/11/2024,18:07:08,24532.95,24529.2,25,24532.95,125,0,1034575
NIFTY-II.NFO,01/11/2024,18:07:10,24527.85,24528.9,25,24532.9,100,50,1034575
NIFTY-II.NFO,01/11/2024,18:07:12,24527.85,24528.9,25,24532.9,100,0,1034575
NIFTY-II.NFO,01/11/2024,18:07:13,24532.9,24528.5,25,24532.9,100,150,1034575
NIFTY-II.NFO,01/11/2024,18:07:15,24532.9,24526.1,25,24532.9,100,0,1034575
NIFTY-II.NFO,01/11/2024,18:07:18,24532.9,24525.45,50,24528.5,175,50,1034575
NIFTY-II.NFO,01/11/2024,18:07:20,24532.9,24525.45,75,24528.5,175,0,1034575
NIFTY-II.NFO,01/11/2024,18:07:25,24532.9,24525.45,50,24528.5,175,0,1034575
NIFTY-II.NFO,01/11/2024,18:07:26,24525.1,24525.35,25,24528.5,175,225,1038400
NIFTY-II.NFO,01/11/2024,18:07:28,24528.5,24525.35,50,24528.5,150,25,1038400
NIFTY-II.NFO,01/11/2024,18:07:30,24528.5,24525.35,50,24528.5,150,0,1038400
NIFTY-II.NFO,01/11/2024,18:07:31,24528.5,24525.35,25,24528.5,150,0,1038400
NIFTY-II.NFO,01/11/2024,18:07:33,24528.5,24525.15,25,24528.45,75,0,1038400
NIFTY-II.NFO,01/11/2024,18:07:35,24523.75,24525.1,25,24528.5,150,250,1038400
NIFTY-II.NFO,01/11/2024,18:07:36,24528.5,24525.1,25,24528.5,100,50,1038400
NIFTY-II.NFO,01/11/2024,18:07:38,24525.1,24525.1,25,24530.3,75,175,1038400
NIFTY-II.NFO,01/11/2024,18:07:39,24525.1,24525.5,25,24530.3,75,0,1038400
NIFTY-II.NFO,01/11/2024,18:07:41,24525.1,24525.6,25,24530.35,25,0,1038400
NIFTY-II.NFO,01/11/2024,18:07:43,24525.5,24526.1,25,24530.35,25,75,1038400
NIFTY-II.NFO,01/11/2024,18:07:44,24525.5,24526.15,25,24530.35,25,0,1038400
NIFTY-II.NFO,01/11/2024,18:07:46,24531.95,24526,25,24531.95,50,100,1038400
NIFTY-II.NFO,01/11/2024,18:07:48,24531.95,24525.5,25,24531.95,50,1500,1038400
NIFTY-II.NFO,01/11/2024,18:07:49,24531.95,24525.5,50,24531.95,50,0,1038400
NIFTY-II.NFO,01/11/2024,18:07:53,24525.5,24525.25,125,24531.95,50,25,1038400
NIFTY-II.NFO,01/11/2024,18:07:54,24525.5,24525.1,25,24531.95,50,0,1038400
NIFTY-II.NFO,01/11/2024,18:07:56,24525.5,24526.15,25,24531.95,50,0,1038400
NIFTY-II.NFO,01/11/2024,18:07:58,24525.5,24526.15,25,24530.5,25,0,1038400
NIFTY-II.NFO,01/11/2024,18:08:01,24525.5,24526.15,25,24530.45,50,0,1038400
NIFTY-II.NFO,01/11/2024,18:08:03,24530.45,24525.35,25,24530.45,25,25,1038400
NIFTY-II.NFO,01/11/2024,18:08:04,24530,24525.35,25,24530,25,50,1038400
NIFTY-II.NFO,01/11/2024,18:08:06,24530,24525.8,25,24530,1000,0,1038400
NIFTY-II.NFO,01/11/2024,18:08:09,24525.35,24525.8,25,24530,1000,50,1038400
NIFTY-II.NFO,01/11/2024,18:08:11,24530,24525.5,25,24530,550,450,1038400
NIFTY-II.NFO,01/11/2024,18:08:12,24530,24525.5,25,24530,525,25,1038400
NIFTY-II.NFO,01/11/2024,18:08:14,24530,24525.5,25,24530,525,0,1038400
NIFTY-II.NFO,01/11/2024,18:08:17,24526,24526,25,24530,500,150,1038400
NIFTY-II.NFO,01/11/2024,18:08:18,24525.95,24526.3,25,24530,450,150,1038400
NIFTY-II.NFO,01/11/2024,18:08:20,24526.3,24526.1,25,24530,375,100,1038400
NIFTY-II.NFO,01/11/2024,18:08:22,24530,24526.15,100,24530,325,50,1038400
NIFTY-II.NFO,01/11/2024,18:08:23,24530,24526.5,100,24530,125,200,1038400
NIFTY-II.NFO,01/11/2024,18:08:25,24530,24526.45,25,24530,50,1600,1038400
NIFTY-II.NFO,01/11/2024,18:08:27,24526.5,24526.5,50,24530,50,75,1038400
NIFTY-II.NFO,01/11/2024,18:08:28,24530,24526.5,50,24530,25,50,1038400
NIFTY-II.NFO,01/11/2024,18:08:30,24530,24526.5,50,24530,25,25,1038400
NIFTY-II.NFO,01/11/2024,18:08:32,24526.5,24526.5,25,24530,25,50,1038400
NIFTY-II.NFO,01/11/2024,18:08:33,24526.45,24526.8,25,24530,25,50,1038400
NIFTY-II.NFO,01/11/2024,18:08:35,24530,24527.45,25,24530.5,25,25,1038400
NIFTY-II.NFO,01/11/2024,18:08:36,24527.45,24527.45,25,24530.5,25,25,1038400
NIFTY-II.NFO,01/11/2024,18:08:38,24526.25,24527.5,25,24529,25,275,1038400
NIFTY-II.NFO,01/11/2024,18:08:40,24530,24526.8,25,24530,175,100,1038400
NIFTY-II.NFO,01/11/2024,18:08:41,24530.7,24528.1,25,24532,50,250,1038400
NIFTY-II.NFO,01/11/2024,18:08:43,24530.7,24530.6,25,24532,50,0,1038400
NIFTY-II.NFO,01/11/2024,18:08:45,24533,24532.5,25,24533,125,125,1038400
NIFTY-II.NFO,01/11/2024,18:08:46,24533.45,24531.7,25,24534,25,150,1038400
NIFTY-II.NFO,01/11/2024,18:08:48,24534,24533.75,25,24535,1350,25,1038400
NIFTY-II.NFO,01/11/2024,18:08:50,24535,24533.95,25,24535,1225,500,1038400
NIFTY-II.NFO,01/11/2024,18:08:51,24535,24534.1,25,24535,1150,375,1038400
NIFTY-II.NFO,01/11/2024,18:08:53,24535,24534.65,25,24535,975,200,1038400
NIFTY-II.NFO,01/11/2024,18:08:54,24535,24534.65,25,24535,725,250,1038400
NIFTY-II.NFO,01/11/2024,18:08:56,24535,24534.8,25,24535,500,250,1038400
NIFTY-II.NFO,01/11/2024,18:08:58,24535,24534.8,25,24535,225,275,1038400
NIFTY-II.NFO,01/11/2024,18:08:59,24535,24534.85,25,24535,100,125,1038400
NIFTY-II.NFO,01/11/2024,18:09:01,24535,24534.5,50,24535,25,75,1038400
NIFTY-II.NFO,01/11/2024,18:09:03,24535,24534.8,25,24537,50,100,1038400
NIFTY-II.NFO,01/11/2024,18:09:04,24535,24534.9,25,24537,50,175,1038400
NIFTY-II.NFO,01/11/2024,18:09:06,24538,24536,25,24539.95,25,200,1038400
NIFTY-II.NFO,01/11/2024,18:09:07,24536.2,24536.1,150,24539.95,25,25,1038400
NIFTY-II.NFO,01/11/2024,18:09:09,24540,24536.4,25,24540,1050,50,1038400
NIFTY-II.NFO,01/11/2024,18:09:11,24540,24536.4,25,24540,1025,25,1038400
NIFTY-II.NFO,01/11/2024,18:09:12,24540,24537,50,24540,1000,25,1038400
NIFTY-II.NFO,01/11/2024,18:09:14,24540,24537,50,24540,925,75,1038400
NIFTY-II.NFO,01/11/2024,18:09:15,24540,24537,50,24540,900,25,1038400
NIFTY-II.NFO,01/11/2024,18:09:16,24540,24537,50,24540,850,50,1038400
NIFTY-II.NFO,01/11/2024,18:09:18,24540,24537,25,24540,825,50,1038400
NIFTY-II.NFO,01/11/2024,18:09:20,24540,24536.35,25,24540,650,225,1038400
NIFTY-II.NFO,01/11/2024,18:09:21,24540,24536.65,25,24540,450,200,1038400
NIFTY-II.NFO,01/11/2024,18:09:23,24540,24537.2,25,24540,375,75,1038400
NIFTY-II.NFO,01/11/2024,18:09:25,24540,24537.5,25,24540,125,250,1038400
NIFTY-II.NFO,01/11/2024,18:09:26,24540,24537.5,50,24540,125,0,1038400
NIFTY-II.NFO,01/11/2024,18:09:28,24540,24538.45,25,24540,100,25,1038400
NIFTY-II.NFO,01/11/2024,18:09:30,24540,24538.7,25,24540,75,50,1038400
NIFTY-II.NFO,01/11/2024,18:09:31,24543.95,24538.6,25,24543.95,100,150,1038400
NIFTY-II.NFO,01/11/2024,18:09:33,24543.95,24538.85,25,24543.95,100,25,1038400
NIFTY-II.NFO,01/11/2024,18:09:35,24540,24538.65,25,24544.95,50,225,1038400
NIFTY-II.NFO,01/11/2024,18:09:36,24540,24538.65,25,24544.95,50,0,1038400
NIFTY-II.NFO,01/11/2024,18:09:38,24540,24539.45,25,24544.95,50,75,1038400
NIFTY-II.NFO,01/11/2024,18:09:40,24540,24539.45,25,24544.95,50,0,1038400
NIFTY-II.NFO,01/11/2024,18:09:43,24540,24540,200,24544.95,50,0,1038400
NIFTY-II.NFO,01/11/2024,18:09:45,24544.95,24540,50,24544.95,25,175,1038400
NIFTY-II.NFO,01/11/2024,18:09:46,24535,24538.9,25,24544.95,100,500,1038400
NIFTY-II.NFO,01/11/2024,18:09:48,24535,24539.15,25,24544.95,100,0,1038400
NIFTY-II.NFO,01/11/2024,18:09:52,24539.2,24538.4,25,24544.95,100,25,1038400
NIFTY-II.NFO,01/11/2024,18:09:53,24533.9,24535.1,50,24544.95,100,500,1038400
NIFTY-II.NFO,01/11/2024,18:09:55,24535,24535.8,25,24542.75,100,225,1038400
NIFTY-II.NFO,01/11/2024,18:09:57,24535,24535.8,25,24543.55,100,0,1038400
NIFTY-II.NFO,01/11/2024,18:09:58,24535,24535.9,25,24542.15,100,0,1038400
NIFTY-II.NFO,01/11/2024,18:10:00,24531.05,24535.85,25,24539.95,100,500,1038400
NIFTY-II.NFO,01/11/2024,18:10:02,24531.05,24535.85,25,24540,25,0,1038400
NIFTY-II.NFO,01/11/2024,18:10:05,24537.3,24536.6,25,24540,25,125,1038400
NIFTY-II.NFO,01/11/2024,18:10:07,24531.55,24535.9,25,24540,25,600,1038400
NIFTY-II.NFO,01/11/2024,18:10:08,24531.55,24535.9,25,24540,25,0,1038400
NIFTY-II.NFO,01/11/2024,18:10:10,24535.9,24535.9,25,24540,100,25,1038400
NIFTY-II.NFO,01/11/2024,18:10:12,24535.55,24536.25,25,24540,100,175,1038400
NIFTY-II.NFO,01/11/2024,18:10:13,24543.95,24536.5,100,24543.95,100,800,1038400
NIFTY-II.NFO,01/11/2024,18:10:15,24536.5,24536.15,75,24543.95,100,25,1038400
NIFTY-II.NFO,01/11/2024,18:10:16,24536.5,24536.15,75,24543.95,100,0,1038400
NIFTY-II.NFO,01/11/2024,18:10:18,24543.95,24536.45,75,24543.95,100,75,1038400
NIFTY-II.NFO,01/11/2024,18:10:20,24537.55,24536.8,75,24544,25,50,1038400
NIFTY-II.NFO,01/11/2024,18:10:21,24537.55,24537.25,75,24544,25,0,1038400
NIFTY-II.NFO,01/11/2024,18:10:23,24537.55,24537.8,75,24544,25,0,1038400
NIFTY-II.NFO,01/11/2024,18:10:25,24537.55,24539.95,75,24544,25,0,1038400
NIFTY-II.NFO,01/11/2024,18:10:26,24539.2,24540.75,25,24544,25,25,1038400
NIFTY-II.NFO,01/11/2024,18:10:28,24540.75,24540.8,50,24544,25,25,1043125
NIFTY-II.NFO,01/11/2024,18:10:30,24538.5,24540.45,25,24544,25,300,1043125
NIFTY-II.NFO,01/11/2024,18:10:31,24541,24540.75,25,24544,25,525,1043125
NIFTY-II.NFO,01/11/2024,18:10:33,24541,24540.75,25,24544,25,0,1043125
NIFTY-II.NFO,01/11/2024,18:10:36,24541,24540.9,25,24544,25,0,1043125
NIFTY-II.NFO,01/11/2024,18:10:38,24544,24541.1,25,24545,175,25,1043125
NIFTY-II.NFO,01/11/2024,18:10:40,24538.05,24540.8,25,24545,175,500,1043125
NIFTY-II.NFO,01/11/2024,18:10:41,24538.05,24540.8,25,24545,175,0,1043125
NIFTY-II.NFO,01/11/2024,18:10:43,24540.8,24540.55,25,24545,175,25,1043125
NIFTY-II.NFO,01/11/2024,18:10:45,24545,24541.85,25,24545,125,75,1043125
NIFTY-II.NFO,01/11/2024,18:10:46,24545,24541.85,25,24545,225,0,1043125
NIFTY-II.NFO,01/11/2024,18:10:48,24545,24541.3,25,24545,175,550,1043125
NIFTY-II.NFO,01/11/2024,18:10:50,24545,24541.35,25,24545,150,200,1043125
NIFTY-II.NFO,01/11/2024,18:10:51,24545,24541.75,25,24545,150,0,1043125
NIFTY-II.NFO,01/11/2024,18:10:53,24545,24541.9,25,24545,125,50,1043125
NIFTY-II.NFO,01/11/2024,18:10:54,24545,24542.55,25,24545,125,0,1043125
NIFTY-II.NFO,01/11/2024,18:10:56,24545,24542.65,25,24545,125,0,1043125
NIFTY-II.NFO,01/11/2024,18:10:58,24542.55,24543.1,25,24545,125,50,1043125
NIFTY-II.NFO,01/11/2024,18:10:59,24542.55,24543.1,25,24545,450,0,1043125
NIFTY-II.NFO,01/11/2024,18:11:03,24538.05,24542.6,25,24545,475,400,1043125
NIFTY-II.NFO,01/11/2024,18:11:04,24538.05,24542.85,25,24545,475,0,1043125
NIFTY-II.NFO,01/11/2024,18:11:06,24545,24543,25,24545,375,100,1043125
NIFTY-II.NFO,01/11/2024,18:11:08,24543.05,24543.65,25,24545,375,25,1043125
NIFTY-II.NFO,01/11/2024,18:11:09,24543.05,24544.35,75,24545,375,0,1043125
NIFTY-II.NFO,01/11/2024,18:11:11,24544.3,24544.2,50,24545,375,25,1043125
NIFTY-II.NFO,01/11/2024,18:11:13,24544.2,24544.2,25,24545,375,25,1043125
NIFTY-II.NFO,01/11/2024,18:11:14,24544.2,24544.2,25,24545,375,0,1043125
NIFTY-II.NFO,01/11/2024,18:11:16,24542.9,24542.9,25,24543.05,75,200,1043125
NIFTY-II.NFO,01/11/2024,18:11:17,24543.05,24543.4,50,24545,400,75,1043125
NIFTY-II.NFO,01/11/2024,18:11:19,24543.05,24543.5,25,24545,400,0,1043125
NIFTY-II.NFO,01/11/2024,18:11:21,24545,24543.55,50,24545,375,25,1043125
NIFTY-II.NFO,01/11/2024,18:11:22,24545,24543.45,25,24545,375,0,1043125
NIFTY-II.NFO,01/11/2024,18:11:24,24545,24542.85,25,24545,375,0,1043125
NIFTY-II.NFO,01/11/2024,18:11:26,24545,24543.2,25,24545,325,50,1043125
NIFTY-II.NFO,01/11/2024,18:11:27,24542.9,24542.75,25,24545,500,150,1043125
NIFTY-II.NFO,01/11/2024,18:11:29,24545,24542.85,25,24545,475,50,1043125
NIFTY-II.NFO,01/11/2024,18:11:31,24545,24542.9,25,24545,475,0,1043125
NIFTY-II.NFO,01/11/2024,18:11:32,24545,24542.95,25,24545,500,0,1043125
NIFTY-II.NFO,01/11/2024,18:11:34,24543.1,24543.1,25,24545,500,50,1043125
NIFTY-II.NFO,01/11/2024,18:11:35,24543.1,24542.7,25,24545,525,25,1043125
NIFTY-II.NFO,01/11/2024,18:11:37,24543.1,24542.75,25,24545,525,0,1043125
NIFTY-II.NFO,01/11/2024,18:11:39,24543.1,24542.85,25,24545,525,0,1043125
NIFTY-II.NFO,01/11/2024,18:11:40,24543.1,24542.15,25,24545,525,0,1043125
NIFTY-II.NFO,01/11/2024,18:11:42,24542.15,24542,25,24543.1,50,50,1043125
NIFTY-II.NFO,01/11/2024,18:11:44,24542.15,24542,25,24543.1,50,0,1043125
NIFTY-II.NFO,01/11/2024,18:11:45,24543.05,24542,25,24543.05,100,50,1043125
NIFTY-II.NFO,01/11/2024,18:11:47,24543.05,24542.6,25,24543.05,100,75,1043125
NIFTY-II.NFO,01/11/2024,18:11:49,24543.05,24542.6,25,24543.1,50,0,1043125
NIFTY-II.NFO,01/11/2024,18:11:50,24543.05,24542.6,25,24543.1,75,0,1043125
NIFTY-II.NFO,01/11/2024,18:11:52,24543.05,24542.15,25,24543.05,25,0,1043125
NIFTY-II.NFO,01/11/2024,18:11:53,24542.15,24542,25,24543.05,25,25,1043125
NIFTY-II.NFO,01/11/2024,18:11:55,24543.05,24542,25,24543.1,75,25,1043125
NIFTY-II.NFO,01/11/2024,18:11:57,24539.8,24540.5,25,24543.1,75,100,1043125
NIFTY-II.NFO,01/11/2024,18:11:58,24540.5,24539.05,25,24543.05,100,25,1043125
NIFTY-II.NFO,01/11/2024,18:12:00,24543.05,24539.25,50,24543.1,75,100,1043125
NIFTY-II.NFO,01/11/2024,18:12:02,24543.05,24539.4,25,24543.1,75,0,1043125
NIFTY-II.NFO,01/11/2024,18:12:03,24543.05,24539.95,25,24543.1,75,0,1043125
NIFTY-II.NFO,01/11/2024,18:12:06,24543.05,24540.6,25,24543.1,75,0,1043125
NIFTY-II.NFO,01/11/2024,18:12:08,24543.1,24540.6,25,24543.1,50,25,1043125
NIFTY-II.NFO,01/11/2024,18:12:10,24543.1,24540.6,25,24543.1,50,0,1043125
NIFTY-II.NFO,01/11/2024,18:12:12,24545,24539.35,25,24545,425,250,1043125
NIFTY-II.NFO,01/11/2024,18:12:13,24539.35,24539.25,25,24545,425,25,1043125
NIFTY-II.NFO,01/11/2024,18:12:15,24539.35,24539.3,25,24543.05,500,0,1043125
NIFTY-II.NFO,01/11/2024,18:12:18,24539.3,24539.3,25,24543.05,500,25,1043125
NIFTY-II.NFO,01/11/2024,18:12:20,24539.3,24539.05,25,24543.05,500,0,1043125
NIFTY-II.NFO,01/11/2024,18:12:21,24543.05,24539.2,25,24543.05,125,375,1043125
NIFTY-II.NFO,01/11/2024,18:12:23,24539.2,24539.2,25,24543.05,125,25,1043125
NIFTY-II.NFO,01/11/2024,18:12:25,24539.2,24539.7,125,24543.05,125,0,1043125
NIFTY-II.NFO,01/11/2024,18:12:26,24539.2,24539.2,150,24543.05,125,0,1043125
NIFTY-II.NFO,01/11/2024,18:12:28,24539.2,24539.45,75,24543.05,125,0,1043125
NIFTY-II.NFO,01/11/2024,18:12:30,24539.45,24539.55,25,24543.05,125,25,1043125
NIFTY-II.NFO,01/11/2024,18:12:31,24539.45,24539.4,75,24543.05,125,75,1043125
NIFTY-II.NFO,01/11/2024,18:12:33,24543.05,24539.5,75,24545,450,125,1043125
NIFTY-II.NFO,01/11/2024,18:12:35,24543.05,24539.7,125,24545,450,0,1043125
NIFTY-II.NFO,01/11/2024,18:12:36,24545,24539.85,75,24545,425,25,1043125
NIFTY-II.NFO,01/11/2024,18:12:38,24545,24540.05,75,24545,450,0,1043125
NIFTY-II.NFO,01/11/2024,18:12:40,24545,24539.9,75,24545,450,0,1043125
NIFTY-II.NFO,01/11/2024,18:12:41,24545,24541.2,75,24545,400,75,1043125
NIFTY-II.NFO,01/11/2024,18:12:43,24545,24541.85,25,24545,400,0,1043125
NIFTY-II.NFO,01/11/2024,18:12:45,24545,24542.45,75,24545,400,0,1043125
NIFTY-II.NFO,01/11/2024,18:12:46,24545,24542.95,75,24545,50,350,1043125
NIFTY-II.NFO,01/11/2024,18:12:48,24545,24543.55,75,24545,50,0,1043125
NIFTY-II.NFO,01/11/2024,18:12:50,24545,24543.75,25,24545,75,0,1043125
NIFTY-II.NFO,01/11/2024,18:12:51,24543.55,24543.55,75,24546,50,225,1043125
NIFTY-II.NFO,01/11/2024,18:12:53,24540.95,24541.05,75,24546,50,25,1043125
NIFTY-II.NFO,01/11/2024,18:12:55,24540.95,24542.65,25,24546,50,0,1043125
NIFTY-II.NFO,01/11/2024,18:12:56,24540.95,24541.2,75,24546,50,0,1043125
NIFTY-II.NFO,01/11/2024,18:12:58,24541.75,24542.6,75,24545,25,25,1043125
NIFTY-II.NFO,01/11/2024,18:13:00,24541.2,24541.75,50,24546,50,75,1043125
NIFTY-II.NFO,01/11/2024,18:13:01,24541.2,24540.6,125,24545,100,0,1043125
NIFTY-II.NFO,01/11/2024,18:13:03,24545,24545,175,24546,50,100,1043125
NIFTY-II.NFO,01/11/2024,18:13:05,24545,24545,175,24546,50,0,1043125
NIFTY-II.NFO,01/11/2024,18:13:10,24545,24545,125,24546,50,50,1043125
NIFTY-II.NFO,01/11/2024,18:13:11,24545,24545,50,24546,50,75,1043125
NIFTY-II.NFO,01/11/2024,18:13:13,24545,24543.15,25,24546,50,50,1043125
NIFTY-II.NFO,01/11/2024,18:13:15,24545,24542.25,25,24546,50,0,1043125
NIFTY-II.NFO,01/11/2024,18:13:16,24545,24545,75,24546,50,25,1043125
NIFTY-II.NFO,01/11/2024,18:13:18,24545,24545,75,24546,50,0,1043125
NIFTY-II.NFO,01/11/2024,18:13:20,24546,24545,75,24546,25,25,1043125
NIFTY-II.NFO,01/11/2024,18:13:21,24545,24545,25,24546,25,50,1043125
NIFTY-II.NFO,01/11/2024,18:13:23,24545,24544.25,25,24546,25,25,1043125
NIFTY-II.NFO,01/11/2024,18:13:25,24544.25,24544.75,25,24546,125,25,1043125
NIFTY-II.NFO,01/11/2024,18:13:26,24545,24544.75,25,24545,25,75,1043125
NIFTY-II.NFO,01/11/2024,18:13:28,24545,24544.75,25,24546,125,25,1044850
NIFTY-II.NFO,01/11/2024,18:13:30,24545,24544.75,25,24546,125,0,1044850
NIFTY-II.NFO,01/11/2024,18:13:31,24545,24544.8,25,24546,150,0,1044850
NIFTY-II.NFO,01/11/2024,18:13:33,24546,24544.85,25,24546,100,50,1044850
NIFTY-II.NFO,01/11/2024,18:13:35,24546,24544.85,25,24546,50,50,1044850
NIFTY-II.NFO,01/11/2024,18:13:36,24546,24547.3,50,24548,200,50,1044850
NIFTY-II.NFO,01/11/2024,18:13:38,24548,24548.2,25,24548.9,25,400,1044850
NIFTY-II.NFO,01/11/2024,18:13:40,24547.4,24547.9,25,24548.9,25,75,1044850
NIFTY-II.NFO,01/11/2024,18:13:41,24549.05,24547.6,25,24550,1525,100,1044850
NIFTY-II.NFO,01/11/2024,18:13:43,24547.4,24547.2,25,24547.4,100,75,1044850
NIFTY-II.NFO,01/11/2024,18:13:45,24547.4,24548.9,25,24550,1525,100,1044850
NIFTY-II.NFO,01/11/2024,18:13:46,24547.4,24548.9,25,24550,1525,0,1044850
NIFTY-II.NFO,01/11/2024,18:13:48,24548.9,24546.6,25,24550,1525,25,1044850
NIFTY-II.NFO,01/11/2024,18:13:50,24550,24546.6,25,24550,1450,75,1044850
NIFTY-II.NFO,01/11/2024,18:13:51,24550,24546.6,25,24550,1450,0,1044850
NIFTY-II.NFO,01/11/2024,18:13:55,24546,24546.2,25,24548.9,25,50,1044850
NIFTY-II.NFO,01/11/2024,18:13:56,24546,24546.2,25,24548.9,25,0,1044850
NIFTY-II.NFO,01/11/2024,18:14:00,24548.9,24546.2,25,24550,1425,25,1044850
NIFTY-II.NFO,01/11/2024,18:14:06,24548.9,24546.2,25,24550,1475,0,1044850
NIFTY-II.NFO,01/11/2024,18:14:08,24546.2,24546.2,25,24550,1475,25,1044850
NIFTY-II.NFO,01/11/2024,18:14:10,24550,24546.2,25,24550,1450,25,1044850
NIFTY-II.NFO,01/11/2024,18:14:11,24550,24546.2,25,24550,1450,0,1044850
NIFTY-II.NFO,01/11/2024,18:14:15,24546.2,24546,125,24549.95,50,25,1044850
NIFTY-II.NFO,01/11/2024,18:14:16,24544.6,24545.9,25,24549.95,50,300,1044850
NIFTY-II.NFO,01/11/2024,18:14:18,24543.95,24545.6,25,24549,50,275,1044850
NIFTY-II.NFO,01/11/2024,18:14:20,24543.95,24545.6,25,24549,50,0,1044850
NIFTY-II.NFO,01/11/2024,18:14:21,24543.95,24545.6,25,24548.55,25,0,1044850
NIFTY-II.NFO,01/11/2024,18:14:23,24543.95,24545.75,25,24548.55,25,0,1044850
NIFTY-II.NFO,01/11/2024,18:14:25,24543.95,24546.35,25,24548.55,25,0,1044850
NIFTY-II.NFO,01/11/2024,18:14:26,24543.95,24545.15,25,24546.2,25,0,1044850
NIFTY-II.NFO,01/11/2024,18:14:28,24545.15,24544.6,50,24546.2,25,25,1044850
NIFTY-II.NFO,01/11/2024,18:14:30,24546.2,24545,50,24547.8,50,25,1044850
NIFTY-II.NFO,01/11/2024,18:14:31,24546.2,24545,75,24547.8,225,0,1044850
NIFTY-II.NFO,01/11/2024,18:14:33,24547.75,24545,75,24547.85,250,200,1044850
NIFTY-II.NFO,01/11/2024,18:14:34,24548.1,24545,75,24548.05,250,50,1044850
NIFTY-II.NFO,01/11/2024,18:14:36,24547.95,24545,75,24547.65,250,50,1044850
NIFTY-II.NFO,01/11/2024,18:14:38,24547.65,24545,75,24546.4,250,25,1044850
NIFTY-II.NFO,01/11/2024,18:14:39,24547.65,24545,75,24547.4,250,0,1044850
NIFTY-II.NFO,01/11/2024,18:14:41,24547.75,24547.75,25,24548.45,75,300,1044850
NIFTY-II.NFO,01/11/2024,18:14:43,24547.75,24547.75,25,24548.45,75,0,1044850
NIFTY-II.NFO,01/11/2024,18:14:44,24547.75,24545,25,24548.25,75,75,1044850
NIFTY-II.NFO,01/11/2024,18:14:46,24548.25,24545,25,24547.55,175,25,1044850
NIFTY-II.NFO,01/11/2024,18:14:48,24543.75,24543.8,25,24546.65,50,250,1044850
NIFTY-II.NFO,01/11/2024,18:14:49,24543.75,24541.9,25,24545.7,50,0,1044850
NIFTY-II.NFO,01/11/2024,18:14:51,24543.75,24543.75,25,24544.65,175,0,1044850
NIFTY-II.NFO,01/11/2024,18:14:53,24545.55,24543.75,25,24545.55,25,25,1044850
NIFTY-II.NFO,01/11/2024,18:14:54,24543.75,24541.2,25,24545.2,25,25,1044850
NIFTY-II.NFO,01/11/2024,18:14:56,24544.55,24540.2,25,24543.85,150,75,1044850
NIFTY-II.NFO,01/11/2024,18:14:58,24543.75,24540.2,25,24545.55,150,25,1044850
NIFTY-II.NFO,01/11/2024,18:14:59,24543.75,24542,25,24545.55,400,0,1044850
NIFTY-II.NFO,01/11/2024,18:15:01,24543.75,24542,25,24546.35,150,0,1044850
NIFTY-II.NFO,01/11/2024,18:15:04,24543.75,24542,25,24546,250,0,1044850
NIFTY-II.NFO,01/11/2024,18:15:06,24543.75,24542,25,24545.5,150,0,1044850
NIFTY-II.NFO,01/11/2024,18:15:07,24540,24540.4,25,24545.3,250,75,1044850
NIFTY-II.NFO,01/11/2024,18:15:09,24540,24541.4,25,24546.3,150,0,1044850
NIFTY-II.NFO,01/11/2024,18:15:11,24541,24540.85,25,24541,175,200,1044850
NIFTY-II.NFO,01/11/2024,18:15:12,24540.45,24540,175,24541,175,25,1044850
NIFTY-II.NFO,01/11/2024,18:15:14,24540.45,24540,175,24541,175,0,1044850
NIFTY-II.NFO,01/11/2024,18:15:19,24540,24540,150,24541,175,25,1044850
NIFTY-II.NFO,01/11/2024,18:15:21,24541,24538,25,24541,150,250,1044850
NIFTY-II.NFO,01/11/2024,18:15:22,24541,24538,25,24541,150,0,1044850
NIFTY-II.NFO,01/11/2024,18:15:26,24541,24540,50,24541,150,0,1044850
NIFTY-II.NFO,01/11/2024,18:15:27,24540,24540,25,24540.9,75,150,1044850
NIFTY-II.NFO,01/11/2024,18:15:29,24539.9,24538,25,24539.9,25,50,1044850
NIFTY-II.NFO,01/11/2024,18:15:31,24539.85,24538,25,24539.9,25,150,1044850
NIFTY-II.NFO,01/11/2024,18:15:32,24539.85,24538,25,24540.9,75,0,1044850
NIFTY-II.NFO,01/11/2024,18:15:34,24539.85,24538,25,24540.95,75,0,1044850
NIFTY-II.NFO,01/11/2024,18:15:36,24539.85,24538,25,24539.85,25,25,1044850
NIFTY-II.NFO,01/11/2024,18:15:37,24533.6,24534.05,25,24539.8,100,150,1044850
NIFTY-II.NFO,01/11/2024,18:15:39,24536,24534.05,25,24539.8,100,25,1044850
NIFTY-II.NFO,01/11/2024,18:15:41,24536,24534.05,25,24539.85,25,0,1044850
NIFTY-II.NFO,01/11/2024,18:15:42,24536,24533.55,25,24539.8,100,0,1044850
NIFTY-II.NFO,01/11/2024,18:15:44,24533.55,24532.7,75,24539.8,100,50,1044850
NIFTY-II.NFO,01/11/2024,18:15:46,24539.8,24533.6,75,24539.8,100,75,1044850
NIFTY-II.NFO,01/11/2024,18:15:47,24536,24536,50,24539.8,100,50,1044850
NIFTY-II.NFO,01/11/2024,18:15:49,24536,24536,50,24539.8,100,0,1044850
NIFTY-II.NFO,01/11/2024,18:15:56,24536,24533.6,150,24539.8,100,50,1044850
NIFTY-II.NFO,01/11/2024,18:15:57,24536,24533.65,100,24539.85,25,0,1044850
NIFTY-II.NFO,01/11/2024,18:16:01,24536,24533.65,100,24539,25,0,1044850
NIFTY-II.NFO,01/11/2024,18:16:02,24536,24533.75,100,24536,25,0,1044850
NIFTY-II.NFO,01/11/2024,18:16:07,24536,24535.15,25,24536,25,0,1044850
NIFTY-II.NFO,01/11/2024,18:16:09,24536,24535.65,100,24536,75,0,1044850
NIFTY-II.NFO,01/11/2024,18:16:11,24540,24535.75,100,24540,675,125,1044850
NIFTY-II.NFO,01/11/2024,18:16:12,24535.75,24535.65,100,24540,675,25,1044850
NIFTY-II.NFO,01/11/2024,18:16:14,24535.75,24535.65,100,24540,675,0,1044850
NIFTY-II.NFO,01/11/2024,18:16:15,24535.75,24535.65,100,24540,300,0,1044850
NIFTY-II.NFO,01/11/2024,18:16:17,24535.75,24536.8,75,24540,300,0,1044850
NIFTY-II.NFO,01/11/2024,18:16:19,24535.75,24536.9,100,24540,300,0,1044850
NIFTY-II.NFO,01/11/2024,18:16:20,24540,24537.3,75,24540,250,25,1044850
NIFTY-II.NFO,01/11/2024,18:16:22,24540,24537.7,75,24539,25,0,1044850
NIFTY-II.NFO,01/11/2024,18:16:27,24540,24537.55,25,24539,25,0,1044850
NIFTY-II.NFO,01/11/2024,18:16:28,24540,24537.6,75,24539,25,0,1044850
NIFTY-II.NFO,01/11/2024,18:16:32,24539,24537.7,75,24540,250,25,1046725
NIFTY-II.NFO,01/11/2024,18:16:33,24539,24537.55,25,24540,250,0,1046725
NIFTY-II.NFO,01/11/2024,18:16:35,24539,24537.6,75,24540,275,0,1046725
NIFTY-II.NFO,01/11/2024,18:16:38,24539,24538.1,25,24540,300,0,1046725
NIFTY-II.NFO,01/11/2024,18:16:40,24538.85,24538.1,25,24539,625,25,1046725
NIFTY-II.NFO,01/11/2024,18:16:41,24538.85,24538.1,25,24539,625,0,1046725
NIFTY-II.NFO,01/11/2024,18:16:43,24538.7,24538.7,25,24539,575,225,1046725
NIFTY-II.NFO,01/11/2024,18:16:45,24538.7,24538.7,25,24539,575,25,1046725
NIFTY-II.NFO,01/11/2024,18:16:46,24538.7,24538.7,25,24539,575,0,1046725
NIFTY-II.NFO,01/11/2024,18:16:48,24539,24537.6,25,24539,550,125,1046725
NIFTY-II.NFO,01/11/2024,18:16:49,24539,24537.4,25,24539,525,250,1046725
NIFTY-II.NFO,01/11/2024,18:16:51,24538,24537.9,25,24539,525,100,1046725
NIFTY-II.NFO,01/11/2024,18:16:52,24538,24537.95,25,24539,525,0,1046725
NIFTY-II.NFO,01/11/2024,18:16:54,24534.15,24537.65,25,24540,250,525,1046725
NIFTY-II.NFO,01/11/2024,18:16:56,24534.15,24537.65,25,24540,250,0,1046725
NIFTY-II.NFO,01/11/2024,18:17:00,24534.15,24538.6,25,24540,275,0,1046725
NIFTY-II.NFO,01/11/2024,18:17:02,24540,24540,225,24540.35,25,275,1046725
NIFTY-II.NFO,01/11/2024,18:17:04,24540,24540,225,24540.35,25,0,1046725
NIFTY-II.NFO,01/11/2024,18:17:07,24540,24540,200,24540.35,25,25,1046725
NIFTY-II.NFO,01/11/2024,18:17:09,24540,24540,125,24540.35,25,75,1046725
NIFTY-II.NFO,01/11/2024,18:17:10,24540,24540,125,24540.35,25,0,1046725
NIFTY-II.NFO,01/11/2024,18:17:16,24540,24540,75,24541,25,50,1046725
NIFTY-II.NFO,01/11/2024,18:17:17,24540,24540,50,24541,25,25,1046725
NIFTY-II.NFO,01/11/2024,18:17:19,24540,24540,50,24541,25,0,1046725
NIFTY-II.NFO,01/11/2024,18:17:22,24541,24540.6,25,24546.95,100,25,1046725
NIFTY-II.NFO,01/11/2024,18:17:24,24540,24540.65,25,24546.95,100,300,1046725
NIFTY-II.NFO,01/11/2024,18:17:25,24540.65,24540.4,50,24546.95,100,25,1046725
NIFTY-II.NFO,01/11/2024,18:17:27,24540.65,24540,25,24546.95,100,0,1046725
NIFTY-II.NFO,01/11/2024,18:17:30,24537.85,24538.05,25,24540,250,75,1046725
NIFTY-II.NFO,01/11/2024,18:17:32,24537.85,24538.05,25,24540,250,0,1046725
NIFTY-II.NFO,01/11/2024,18:17:35,24537.85,24538.7,25,24540,250,0,1046725
NIFTY-II.NFO,01/11/2024,18:17:37,24540,24538.8,25,24546.95,100,275,1046725
NIFTY-II.NFO,01/11/2024,18:17:38,24540,24538.8,25,24546.95,100,0,1046725
NIFTY-II.NFO,01/11/2024,18:17:40,24540,24538.8,25,24540,25,0,1046725
NIFTY-II.NFO,01/11/2024,18:17:42,24538.4,24538.8,25,24540,50,150,1046725
NIFTY-II.NFO,01/11/2024,18:17:43,24538.4,24537.9,25,24540,50,0,1046725
NIFTY-II.NFO,01/11/2024,18:17:45,24538.4,24539.1,25,24540,50,0,1046725
NIFTY-II.NFO,01/11/2024,18:17:47,24538.4,24538.75,25,24540,50,0,1046725
NIFTY-II.NFO,01/11/2024,18:17:48,24540,24538.3,25,24540,25,25,1046725
NIFTY-II.NFO,01/11/2024,18:17:50,24540,24538.3,25,24540,25,0,1046725
NIFTY-II.NFO,01/11/2024,18:17:53,24540,24538.3,25,24540,50,0,1046725
NIFTY-II.NFO,01/11/2024,18:17:55,24536.55,24535.85,25,24540,50,225,1046725
NIFTY-II.NFO,01/11/2024,18:17:57,24543.85,24535.9,75,24542.5,100,150,1046725
NIFTY-II.NFO,01/11/2024,18:17:58,24536.25,24536.75,25,24544.95,100,375,1046725
NIFTY-II.NFO,01/11/2024,18:18:00,24536.75,24536.35,50,24538.3,25,25,1046725
NIFTY-II.NFO,01/11/2024,18:18:02,24536.75,24536.55,25,24538.3,25,0,1046725
NIFTY-II.NFO,01/11/2024,18:18:07,24536.75,24536.55,25,24538.3,50,0,1046725
NIFTY-II.NFO,01/11/2024,18:18:12,24538.3,24536.55,25,24538.3,25,25,1046725
NIFTY-II.NFO,01/11/2024,18:18:13,24538.3,24535.55,25,24538.3,25,0,1046725
NIFTY-II.NFO,01/11/2024,18:18:26,24536.55,24535,150,24538.15,100,25,1046725
NIFTY-II.NFO,01/11/2024,18:18:27,24535,24531.1,25,24538.25,100,150,1046725
NIFTY-II.NFO,01/11/2024,18:18:29,24535,24531.1,25,24538.15,100,0,1046725
NIFTY-II.NFO,01/11/2024,18:18:30,24535,24531.3,25,24538,100,0,1046725
NIFTY-II.NFO,01/11/2024,18:18:32,24535,24531.9,25,24538,100,0,1046725
NIFTY-II.NFO,01/11/2024,18:18:34,24535,24531.4,25,24538,100,0,1046725
NIFTY-II.NFO,01/11/2024,18:18:35,24535,24531.4,25,24537.7,100,0,1046725
NIFTY-II.NFO,01/11/2024,18:18:37,24535,24531.6,25,24535,50,0,1046725
NIFTY-II.NFO,01/11/2024,18:18:39,24535,24532.05,25,24535,50,0,1046725
NIFTY-II.NFO,01/11/2024,18:18:42,24532.05,24531.65,25,24535,50,25,1046725
NIFTY-II.NFO,01/11/2024,18:18:44,24532.05,24531.65,25,24535,50,0,1046725
NIFTY-II.NFO,01/11/2024,18:18:45,24532.05,24531.65,25,24532,50,0,1046725
NIFTY-II.NFO,01/11/2024,18:18:47,24531.65,24531.6,25,24532,50,25,1046725
NIFTY-II.NFO,01/11/2024,18:18:49,24531.65,24531.6,25,24532,50,0,1046725
NIFTY-II.NFO,01/11/2024,18:18:54,24531.65,24530,75,24531,50,0,1046725
NIFTY-II.NFO,01/11/2024,18:19:00,24530,24525.9,25,24530.9,75,75,1046725
NIFTY-II.NFO,01/11/2024,18:19:02,24530,24526.25,25,24530.9,75,0,1046725
NIFTY-II.NFO,01/11/2024,18:19:04,24530,24525.75,25,24530.95,75,0,1046725
NIFTY-II.NFO,01/11/2024,18:19:05,24530,24525.75,25,24531,50,0,1046725
NIFTY-II.NFO,01/11/2024,18:19:09,24530,24526.35,25,24531,250,25,1046725
NIFTY-II.NFO,01/11/2024,18:19:10,24530,24526.5,25,24531,250,0,1046725
NIFTY-II.NFO,01/11/2024,18:19:12,24530,24526.5,25,24531,250,25,1046725
NIFTY-II.NFO,01/11/2024,18:19:14,24526.45,24525.9,125,24531,225,100,1046725
NIFTY-II.NFO,01/11/2024,18:19:16,24526.45,24527,200,24531,250,0,1046725
NIFTY-II.NFO,01/11/2024,18:19:17,24531,24527,200,24531,150,100,1046725
NIFTY-II.NFO,01/11/2024,18:19:19,24531,24527,200,24531,150,0,1046725
NIFTY-II.NFO,01/11/2024,18:19:22,24527,24527,175,24530.8,100,25,1046725
NIFTY-II.NFO,01/11/2024,18:19:24,24527,24527,175,24529.9,250,0,1046725
NIFTY-II.NFO,01/11/2024,18:19:25,24527,24525,175,24530.55,100,175,1046725
NIFTY-II.NFO,01/11/2024,18:19:27,24527,24525,175,24530.55,100,0,1046725
NIFTY-II.NFO,01/11/2024,18:19:29,24527,24525,175,24530,100,0,1046725
NIFTY-II.NFO,01/11/2024,18:19:30,24527,24525,175,24529.9,100,0,1046725
NIFTY-II.NFO,01/11/2024,18:19:32,24527,24525,175,24530.4,100,0,1046725
NIFTY-II.NFO,01/11/2024,18:19:34,24527,24527,25,24530.35,100,0,1046725
NIFTY-II.NFO,01/11/2024,18:19:35,24527,24525,175,24529.75,350,25,1048875
NIFTY-II.NFO,01/11/2024,18:19:37,24527,24525,175,24529.7,100,0,1048875
NIFTY-II.NFO,01/11/2024,18:19:39,24527,24525,225,24530.85,350,0,1048875
NIFTY-II.NFO,01/11/2024,18:19:40,24527,24525,225,24530.2,100,0,1048875
NIFTY-II.NFO,01/11/2024,18:19:42,24527,24525,225,24530.95,100,0,1048875
NIFTY-II.NFO,01/11/2024,18:19:43,24527,24525,225,24530,25,0,1048875
NIFTY-II.NFO,01/11/2024,18:19:45,24527,24525,275,24530,25,0,1048875
NIFTY-II.NFO,01/11/2024,18:19:48,24527,24525,300,24530,25,0,1048875
NIFTY-II.NFO,01/11/2024,18:19:50,24527,24525.05,25,24530,25,0,1048875
NIFTY-II.NFO,01/11/2024,18:19:52,24527,24525.05,25,24530,50,0,1048875
NIFTY-II.NFO,01/11/2024,18:19:53,24527,24525.1,25,24530,50,0,1048875
NIFTY-II.NFO,01/11/2024,18:19:55,24525.1,24525.3,25,24530,50,25,1048875
NIFTY-II.NFO,01/11/2024,18:19:57,24525.1,24525.5,25,24530,50,0,1048875
NIFTY-II.NFO,01/11/2024,18:19:58,24525.95,24525.95,75,24530,50,200,1048875
NIFTY-II.NFO,01/11/2024,18:20:00,24525,24526.3,25,24530,25,325,1048875
NIFTY-II.NFO,01/11/2024,18:20:02,24530,24530.6,25,24531,175,25,1048875
NIFTY-II.NFO,01/11/2024,18:20:03,24532.05,24532.05,25,24535,25,225,1048875
NIFTY-II.NFO,01/11/2024,18:20:05,24532.05,24531.7,25,24535,25,25,1048875
NIFTY-II.NFO,01/11/2024,18:20:07,24532.05,24530.55,25,24535,25,0,1048875
NIFTY-II.NFO,01/11/2024,18:20:08,24530.55,24530.15,75,24530.6,25,25,1048875
NIFTY-II.NFO,01/11/2024,18:20:10,24530.6,24530.6,25,24535,25,25,1048875
NIFTY-II.NFO,01/11/2024,18:20:12,24530.6,24532.15,25,24535,25,0,1048875
NIFTY-II.NFO,01/11/2024,18:20:13,24530.6,24532.5,25,24535,25,0,1048875
NIFTY-II.NFO,01/11/2024,18:20:15,24539,24531.2,50,24537.3,75,100,1048875
NIFTY-II.NFO,01/11/2024,18:20:16,24539,24531.8,25,24538.95,100,0,1048875
NIFTY-II.NFO,01/11/2024,18:20:20,24539,24532.3,25,24539,50,50,1048875
NIFTY-II.NFO,01/11/2024,18:20:21,24532.3,24532.6,50,24539,50,25,1048875
NIFTY-II.NFO,01/11/2024,18:20:23,24532.3,24531.65,25,24539,50,0,1048875
NIFTY-II.NFO,01/11/2024,18:20:25,24532.3,24533.15,25,24539,50,0,1048875
NIFTY-II.NFO,01/11/2024,18:20:26,24532.3,24532,50,24539,250,0,1048875
NIFTY-II.NFO,01/11/2024,18:20:28,24532.3,24533.75,25,24539,250,0,1048875
NIFTY-II.NFO,01/11/2024,18:20:30,24533.85,24533.8,25,24539,250,25,1048875
NIFTY-II.NFO,01/11/2024,18:20:31,24533.15,24533.5,25,24538.95,100,50,1048875
NIFTY-II.NFO,01/11/2024,18:20:33,24533.15,24533.5,25,24538.95,100,0,1048875
NIFTY-II.NFO,01/11/2024,18:20:35,24530.7,24533.65,25,24538.95,300,250,1048875
NIFTY-II.NFO,01/11/2024,18:20:36,24530.7,24533.8,25,24538.9,100,0,1048875
NIFTY-II.NFO,01/11/2024,18:20:38,24538.9,24533.8,25,24538.95,200,50,1048875
NIFTY-II.NFO,01/11/2024,18:20:40,24538.9,24533.8,25,24538.95,200,0,1048875
NIFTY-II.NFO,01/11/2024,18:20:43,24538.9,24533.8,25,24538.9,100,0,1048875
NIFTY-II.NFO,01/11/2024,18:20:46,24533.8,24533.5,25,24538.9,100,25,1048875
NIFTY-II.NFO,01/11/2024,18:20:48,24533.8,24533.5,25,24538.9,100,25,1048875
NIFTY-II.NFO,01/11/2024,18:20:49,24533.8,24533.5,25,24538.9,100,0,1048875
NIFTY-II.NFO,01/11/2024,18:20:53,24538.9,24533.15,25,24538.9,100,50,1048875
NIFTY-II.NFO,01/11/2024,18:20:54,24538.9,24533.15,25,24538.9,100,0,1048875
NIFTY-II.NFO,01/11/2024,18:20:56,24538.9,24533.2,25,24538.9,100,0,1048875
NIFTY-II.NFO,01/11/2024,18:20:58,24533.2,24533.15,25,24538.9,100,25,1048875
NIFTY-II.NFO,01/11/2024,18:20:59,24533.2,24533.15,25,24538.9,100,0,1048875
NIFTY-II.NFO,01/11/2024,18:21:01,24533.2,24533.2,25,24538.9,100,0,1048875
NIFTY-II.NFO,01/11/2024,18:21:02,24533.2,24533.5,25,24538.9,100,0,1048875
NIFTY-II.NFO,01/11/2024,18:21:04,24533.15,24530.8,75,24538.9,100,250,1048875
NIFTY-II.NFO,01/11/2024,18:21:06,24538.9,24531.1,100,24538.9,100,25,1048875
NIFTY-II.NFO,01/11/2024,18:21:07,24538.9,24531.3,100,24538.9,100,0,1048875
NIFTY-II.NFO,01/11/2024,18:21:12,24538.9,24531.3,125,24538.9,100,0,1048875
NIFTY-II.NFO,01/11/2024,18:21:14,24535,24531.3,125,24538.9,125,25,1048875
NIFTY-II.NFO,01/11/2024,18:21:16,24535,24531.3,125,24538.9,125,0,1048875
NIFTY-II.NFO,01/11/2024,18:21:18,24535,24531.65,100,24538.9,125,0,1048875
NIFTY-II.NFO,01/11/2024,18:21:21,24531.65,24531.65,50,24538.9,125,50,1048875
NIFTY-II.NFO,01/11/2024,18:21:23,24531.65,24531.55,50,24538.9,125,0,1048875
NIFTY-II.NFO,01/11/2024,18:21:28,24538.9,24531.65,75,24538.85,100,25,1048875
NIFTY-II.NFO,01/11/2024,18:21:29,24538.9,24531.65,75,24538.85,100,0,1048875
NIFTY-II.NFO,01/11/2024,18:21:31,24531.65,24531.65,25,24537.95,100,50,1048875
NIFTY-II.NFO,01/11/2024,18:21:32,24535,24531.65,25,24538,75,50,1048875
NIFTY-II.NFO,01/11/2024,18:21:34,24530.85,24530.85,150,24531.65,25,75,1048875
NIFTY-II.NFO,01/11/2024,18:21:36,24530.85,24531.55,25,24531.65,25,0,1048875
NIFTY-II.NFO,01/11/2024,18:21:37,24530.85,24530.6,25,24531.65,25,0,1048875
NIFTY-II.NFO,01/11/2024,18:21:39,24531.65,24530.6,25,24537.95,100,25,1048875
NIFTY-II.NFO,01/11/2024,18:21:41,24531.65,24530.85,25,24538,75,0,1048875
NIFTY-II.NFO,01/11/2024,18:21:42,24532,24531.7,25,24537.95,100,25,1048875
NIFTY-II.NFO,01/11/2024,18:21:44,24537.95,24531.7,25,24537.95,100,25,1048875
NIFTY-II.NFO,01/11/2024,18:21:46,24537,24531.7,25,24537,50,25,1048875
NIFTY-II.NFO,01/11/2024,18:21:47,24531.1,24531.25,25,24537,50,75,1048875
NIFTY-II.NFO,01/11/2024,18:21:49,24531.1,24531.25,25,24537,50,0,1048875
NIFTY-II.NFO,01/11/2024,18:21:51,24531.1,24531.1,200,24536.95,100,0,1048875
NIFTY-II.NFO,01/11/2024,18:21:52,24531.1,24531.15,25,24537,50,0,1048875
NIFTY-II.NFO,01/11/2024,18:21:54,24531.15,24531.1,200,24536.95,100,25,1048875
NIFTY-II.NFO,01/11/2024,18:21:56,24531.1,24530.4,25,24536.95,100,200,1048875
NIFTY-II.NFO,01/11/2024,18:21:57,24531.1,24531.1,25,24536,50,0,1048875
NIFTY-II.NFO,01/11/2024,18:21:59,24531.1,24530.2,25,24535.95,100,0,1048875
NIFTY-II.NFO,01/11/2024,18:22:01,24530.2,24530.2,25,24531.1,25,25,1048875
NIFTY-II.NFO,01/11/2024,18:22:02,24534,24530.2,25,24535.95,100,125,1048875
NIFTY-II.NFO,01/11/2024,18:22:04,24534,24530.65,25,24536,50,0,1048875
NIFTY-II.NFO,01/11/2024,18:22:06,24534,24530.7,25,24534,25,0,1048875
NIFTY-II.NFO,01/11/2024,18:22:07,24534,24530.6,25,24534,25,0,1048875
NIFTY-II.NFO,01/11/2024,18:22:10,24534,24530.85,25,24535.95,100,25,1048875
NIFTY-II.NFO,01/11/2024,18:22:12,24534,24530.85,25,24534,50,0,1048875
NIFTY-II.NFO,01/11/2024,18:22:14,24534,24530.05,25,24534,50,0,1048875
NIFTY-II.NFO,01/11/2024,18:22:19,24534,24530.05,25,24536.85,100,50,1048875
NIFTY-II.NFO,01/11/2024,18:22:20,24534,24530.05,25,24536.85,100,0,1048875
NIFTY-II.NFO,01/11/2024,18:22:22,24534,24530.05,25,24537.4,100,0,1048875
NIFTY-II.NFO,01/11/2024,18:22:24,24534,24530,25,24537.4,100,0,1048875
NIFTY-II.NFO,01/11/2024,18:22:25,24534,24530,25,24536.45,100,0,1048875
NIFTY-II.NFO,01/11/2024,18:22:27,24534,24530,25,24535.7,100,50,1048875
NIFTY-II.NFO,01/11/2024,18:22:29,24534,24530,25,24535.4,100,0,1048875
NIFTY-II.NFO,01/11/2024,18:22:30,24530,24528.15,25,24530,125,150,1050450
NIFTY-II.NFO,01/11/2024,18:22:32,24530,24528.3,25,24530,125,0,1050450
NIFTY-II.NFO,01/11/2024,18:22:34,24530,24525.1,25,24530,125,0,1050450
NIFTY-II.NFO,01/11/2024,18:22:35,24530,24525.95,25,24530,125,0,1050450
NIFTY-II.NFO,01/11/2024,18:22:37,24525.1,24525.65,25,24525.9,100,125,1050450
NIFTY-II.NFO,01/11/2024,18:22:39,24525.9,24525.75,25,24525.9,75,50,1050450
NIFTY-II.NFO,01/11/2024,18:22:40,24525.9,24525.75,25,24530,150,75,1050450
NIFTY-II.NFO,01/11/2024,18:22:42,24525.9,24525.75,25,24530,150,0,1050450
NIFTY-II.NFO,01/11/2024,18:22:43,24525.1,24526.55,25,24530,150,75,1050450
NIFTY-II.NFO,01/11/2024,18:22:45,24525.1,24526.55,25,24529.9,75,0,1050450
NIFTY-II.NFO,01/11/2024,18:22:47,24525.1,24526.85,25,24530,150,0,1050450
NIFTY-II.NFO,01/11/2024,18:22:48,24526.95,24526.95,25,24530,150,25,1050450
NIFTY-II.NFO,01/11/2024,18:22:50,24525.85,24525.85,75,24530,125,125,1050450
NIFTY-II.NFO,01/11/2024,18:22:52,24525.85,24527.3,25,24530,125,0,1050450
NIFTY-II.NFO,01/11/2024,18:22:53,24527.5,24526.05,25,24530,125,75,1050450
NIFTY-II.NFO,01/11/2024,18:22:55,24525.1,24525.35,25,24530,100,625,1050450
NIFTY-II.NFO,01/11/2024,18:22:57,24525.1,24525.4,25,24530,100,0,1050450
NIFTY-II.NFO,01/11/2024,18:22:58,24525.1,24525.45,25,24530,100,0,1050450
NIFTY-II.NFO,01/11/2024,18:23:00,24525.1,24526,25,24530,100,0,1050450
NIFTY-II.NFO,01/11/2024,18:23:02,24526,24525.6,25,24530,100,25,1050450
NIFTY-II.NFO,01/11/2024,18:23:03,24526,24525.7,25,24530,100,0,1050450
NIFTY-II.NFO,01/11/2024,18:23:05,24530,24525.7,25,24530,75,25,1050450
NIFTY-II.NFO,01/11/2024,18:23:06,24530,24525.7,25,24529,75,0,1050450
NIFTY-II.NFO,01/11/2024,18:23:11,24530,24525.1,25,24529,75,0,1050450
NIFTY-II.NFO,01/11/2024,18:23:13,24523.75,24525.1,25,24529,75,200,1050450
NIFTY-II.NFO,01/11/2024,18:23:16,24523.75,24525.45,25,24529,75,0,1050450
NIFTY-II.NFO,01/11/2024,18:23:18,24525.45,24525.5,25,24529,75,25,1050450
NIFTY-II.NFO,01/11/2024,18:23:19,24525.5,24525.5,25,24529,50,50,1050450
NIFTY-II.NFO,01/11/2024,18:23:21,24525.5,24525.55,25,24529,50,25,1050450
NIFTY-II.NFO,01/11/2024,18:23:23,24525.5,24525.55,25,24529,50,0,1050450
NIFTY-II.NFO,01/11/2024,18:23:28,24529,24524.5,25,24529,25,50,1050450
NIFTY-II.NFO,01/11/2024,18:23:30,24529,24524.6,25,24529,25,0,1050450
NIFTY-II.NFO,01/11/2024,18:23:31,24529,24524.6,25,24529,50,25,1050450
NIFTY-II.NFO,01/11/2024,18:23:33,24529,24524.6,25,24529,50,0,1050450
NIFTY-II.NFO,01/11/2024,18:23:41,24520.9,24524,25,24529,50,500,1050450
NIFTY-II.NFO,01/11/2024,18:23:43,24520.9,24524,25,24529,50,0,1050450
NIFTY-II.NFO,01/11/2024,18:23:45,24520.5,24523.6,25,24529,250,375,1050450
NIFTY-II.NFO,01/11/2024,18:23:46,24520.5,24523.6,25,24529,250,0,1050450
NIFTY-II.NFO,01/11/2024,18:23:48,24523.7,24523.7,25,24529,250,25,1050450
NIFTY-II.NFO,01/11/2024,18:23:50,24523.7,24523.7,25,24529,250,0,1050450
NIFTY-II.NFO,01/11/2024,18:23:51,24522.5,24523.4,25,24529,250,100,1050450
NIFTY-II.NFO,01/11/2024,18:23:53,24522.5,24523.65,25,24529,250,0,1050450
NIFTY-II.NFO,01/11/2024,18:23:56,24522.5,24524.2,25,24525,200,0,1050450
NIFTY-II.NFO,01/11/2024,18:24:01,24522,24524.1,25,24525,200,200,1050450
NIFTY-II.NFO,01/11/2024,18:24:03,24523.85,24522.35,50,24525,200,75,1050450
NIFTY-II.NFO,01/11/2024,18:24:04,24522,24524.45,25,24528,75,200,1050450
NIFTY-II.NFO,01/11/2024,18:24:06,24522,24525.15,25,24528,75,0,1050450
NIFTY-II.NFO,01/11/2024,18:24:08,24528,24525.15,25,24528,50,25,1050450
NIFTY-II.NFO,01/11/2024,18:24:09,24528,24525.15,25,24528,50,0,1050450
NIFTY-II.NFO,01/11/2024,18:24:11,24522.05,24524.95,25,24528,50,500,1050450
NIFTY-II.NFO,01/11/2024,18:24:13,24522.05,24524.95,25,24528,50,0,1050450
NIFTY-II.NFO,01/11/2024,18:24:14,24522.05,24524.1,25,24528,50,0,1050450
NIFTY-II.NFO,01/11/2024,18:24:15,24522.05,24524.3,25,24528,50,0,1050450
NIFTY-II.NFO,01/11/2024,18:24:18,24522.05,24524.35,25,24528,50,0,1050450
NIFTY-II.NFO,01/11/2024,18:24:20,24528,24524.45,25,24528,25,25,1050450
NIFTY-II.NFO,01/11/2024,18:24:21,24528,24524.45,25,24528,25,0,1050450
NIFTY-II.NFO,01/11/2024,18:24:23,24528,24524.7,25,24528,25,0,1050450
NIFTY-II.NFO,01/11/2024,18:24:25,24529.95,24524.7,25,24529.95,100,100,1050450
NIFTY-II.NFO,01/11/2024,18:24:26,24529.95,24524.7,25,24530,175,0,1050450
NIFTY-II.NFO,01/11/2024,18:24:28,24529.95,24524.7,25,24529.95,100,0,1050450
NIFTY-II.NFO,01/11/2024,18:24:30,24529.95,24524.7,25,24530,175,0,1050450
NIFTY-II.NFO,01/11/2024,18:24:31,24529.95,24524.85,25,24529.95,25,0,1050450
NIFTY-II.NFO,01/11/2024,18:24:33,24529.95,24524.85,25,24529.9,100,0,1050450
NIFTY-II.NFO,01/11/2024,18:24:35,24524.85,24524.4,25,24528,25,50,1050450
NIFTY-II.NFO,01/11/2024,18:24:36,24524.85,24524.55,25,24528,25,0,1050450
NIFTY-II.NFO,01/11/2024,18:24:43,24524.55,24524,25,24528,25,25,1050450
NIFTY-II.NFO,01/11/2024,18:24:44,24528,24524,25,24529.9,100,25,1050450
NIFTY-II.NFO,01/11/2024,18:24:46,24529.9,24524,25,24529.9,100,25,1050450
NIFTY-II.NFO,01/11/2024,18:24:48,24529.9,24524.2,25,24529.9,100,0,1050450
NIFTY-II.NFO,01/11/2024,18:24:49,24524.2,24524.1,25,24529.9,100,25,1050450
NIFTY-II.NFO,01/11/2024,18:24:51,24524.2,24524.8,250,24529.95,25,0,1050450
NIFTY-II.NFO,01/11/2024,18:24:53,24524.2,24524.25,100,24529.95,25,0,1050450
NIFTY-II.NFO,01/11/2024,18:24:54,24524.2,24524.3,25,24529.95,25,0,1050450
NIFTY-II.NFO,01/11/2024,18:24:56,24520.25,24523.8,25,24529.95,25,900,1050450
NIFTY-II.NFO,01/11/2024,18:24:58,24520.25,24523.9,25,24529.9,25,0,1050450
NIFTY-II.NFO,01/11/2024,18:25:01,24524.05,24524.05,25,24529.9,25,50,1050450
NIFTY-II.NFO,01/11/2024,18:25:03,24524.05,24524.05,25,24529.9,25,0,1050450
NIFTY-II.NFO,01/11/2024,18:25:04,24524.05,24524.1,25,24529.9,25,0,1050450
NIFTY-II.NFO,01/11/2024,18:25:07,24524.05,24524.05,25,24529.9,25,50,1050450
NIFTY-II.NFO,01/11/2024,18:25:09,24524.05,24525.55,25,24529.9,25,0,1050450
NIFTY-II.NFO,01/11/2024,18:25:11,24529.9,24525.55,25,24530,200,25,1050450
NIFTY-II.NFO,01/11/2024,18:25:12,24529.9,24525.6,25,24529.9,25,0,1050450
NIFTY-II.NFO,01/11/2024,18:25:18,24526.9,24526.75,25,24529.9,25,25,1050450
NIFTY-II.NFO,01/11/2024,18:25:19,24529.9,24526.75,25,24530,200,25,1050450
NIFTY-II.NFO,01/11/2024,18:25:21,24529.9,24525.85,25,24530,200,0,1050450
NIFTY-II.NFO,01/11/2024,18:25:23,24525.85,24525.75,25,24530,200,25,1050450
NIFTY-II.NFO,01/11/2024,18:25:24,24525.85,24525.8,25,24530,200,0,1050450
NIFTY-II.NFO,01/11/2024,18:25:26,24525.45,24525.8,25,24530,200,50,1050450
NIFTY-II.NFO,01/11/2024,18:25:28,24525.45,24525.8,25,24530,200,0,1050450
NIFTY-II.NFO,01/11/2024,18:25:29,24525.45,24525.8,25,24530,400,0,1050450
NIFTY-II.NFO,01/11/2024,18:25:33,24530,24525.8,25,24530,375,25,1052300
NIFTY-II.NFO,01/11/2024,18:25:34,24530,24525.8,25,24530,375,0,1052300
NIFTY-II.NFO,01/11/2024,18:25:36,24530,24525.9,25,24529,25,0,1052300
NIFTY-II.NFO,01/11/2024,18:25:43,24530,24525.9,25,24530,175,375,1052300
NIFTY-II.NFO,01/11/2024,18:25:44,24530,24525.9,25,24529.95,100,0,1052300
NIFTY-II.NFO,01/11/2024,18:25:46,24530,24526,25,24529.95,100,0,1052300
NIFTY-II.NFO,01/11/2024,18:25:49,24530,24526.15,25,24529.95,100,0,1052300
NIFTY-II.NFO,01/11/2024,18:25:51,24526.15,24525.95,25,24530,175,50,1052300
NIFTY-II.NFO,01/11/2024,18:25:53,24526.15,24526.05,25,24530,175,0,1052300
NIFTY-II.NFO,01/11/2024,18:25:54,24526.15,24526.4,25,24530,200,0,1052300
NIFTY-II.NFO,01/11/2024,18:25:58,24526.15,24526.4,25,24530,200,25,1052300
NIFTY-II.NFO,01/11/2024,18:25:59,24526.15,24527.2,25,24530,200,0,1052300
NIFTY-II.NFO,01/11/2024,18:26:01,24526.4,24527.7,25,24530,200,50,1052300
NIFTY-II.NFO,01/11/2024,18:26:03,24526.4,24528.1,25,24530,200,0,1052300
NIFTY-II.NFO,01/11/2024,18:26:04,24526.4,24527.4,25,24530,200,0,1052300
NIFTY-II.NFO,01/11/2024,18:26:06,24526.4,24528.1,25,24530,200,0,1052300
NIFTY-II.NFO,01/11/2024,18:26:08,24528.1,24527.6,25,24530,200,25,1052300
NIFTY-II.NFO,01/11/2024,18:26:13,24528.05,24528.5,25,24530,225,25,1052300
NIFTY-II.NFO,01/11/2024,18:26:14,24528.05,24529.35,25,24530,225,0,1052300
NIFTY-II.NFO,01/11/2024,18:26:16,24530,24529.85,25,24530,50,175,1052300
NIFTY-II.NFO,01/11/2024,18:26:18,24530.4,24530.5,25,24534.95,75,75,1052300
NIFTY-II.NFO,01/11/2024,18:26:19,24530.9,24531.15,25,24534.95,75,25,1052300
NIFTY-II.NFO,01/11/2024,18:26:21,24530.9,24531.55,25,24535,75,0,1052300
NIFTY-II.NFO,01/11/2024,18:26:23,24535,24533.3,25,24535,50,25,1052300
NIFTY-II.NFO,01/11/2024,18:26:24,24535,24533,25,24535,50,0,1052300
NIFTY-II.NFO,01/11/2024,18:26:26,24535,24534.05,25,24535,25,25,1052300
NIFTY-II.NFO,01/11/2024,18:26:28,24530.65,24535.3,25,24538.3,75,150,1052300
NIFTY-II.NFO,01/11/2024,18:26:29,24530.15,24535.35,25,24538.95,100,500,1052300
NIFTY-II.NFO,01/11/2024,18:26:31,24530.15,24535.3,25,24538.95,100,0,1052300
NIFTY-II.NFO,01/11/2024,18:26:33,24536,24535.6,25,24539,250,75,1052300
NIFTY-II.NFO,01/11/2024,18:26:34,24536.25,24537,25,24539,250,125,1052300
NIFTY-II.NFO,01/11/2024,18:26:36,24536.25,24538.15,25,24539,250,0,1052300
NIFTY-II.NFO,01/11/2024,18:26:38,24539,24538.55,25,24539,225,25,1052300
NIFTY-II.NFO,01/11/2024,18:26:39,24539,24538,25,24539,175,50,1052300
NIFTY-II.NFO,01/11/2024,18:26:41,24538,24536.35,25,24539,175,25,1052300
NIFTY-II.NFO,01/11/2024,18:26:43,24538,24536.35,25,24539,175,0,1052300
NIFTY-II.NFO,01/11/2024,18:26:44,24539,24537,25,24539,150,25,1052300
NIFTY-II.NFO,01/11/2024,18:26:46,24539,24538.1,75,24539,150,0,1052300
NIFTY-II.NFO,01/11/2024,18:26:48,24539,24538,25,24539,75,75,1052300
NIFTY-II.NFO,01/11/2024,18:26:49,24539,24537.95,25,24539,50,50,1052300
NIFTY-II.NFO,01/11/2024,18:26:51,24539,24538.15,75,24539,25,25,1052300
NIFTY-II.NFO,01/11/2024,18:26:53,24539,24539.6,50,24540,1350,25,1052300
NIFTY-II.NFO,01/11/2024,18:26:54,24540,24536.7,250,24540,1275,75,1052300
NIFTY-II.NFO,01/11/2024,18:26:56,24540,24537.85,25,24540,1275,0,1052300
NIFTY-II.NFO,01/11/2024,18:26:58,24540,24538.3,25,24540,1000,275,1052300
NIFTY-II.NFO,01/11/2024,18:26:59,24540,24538.5,25,24540,1000,0,1052300
NIFTY-II.NFO,01/11/2024,18:27:01,24540,24537.8,25,24540,975,25,1052300
NIFTY-II.NFO,01/11/2024,18:27:03,24537.9,24536.5,25,24539,50,125,1052300
NIFTY-II.NFO,01/11/2024,18:27:04,24537.2,24536.85,25,24540,950,225,1052300
NIFTY-II.NFO,01/11/2024,18:27:06,24537.2,24536.85,25,24540,950,0,1052300
NIFTY-II.NFO,01/11/2024,18:27:09,24537.2,24535.95,25,24540,950,0,1052300
NIFTY-II.NFO,01/11/2024,18:27:11,24537.2,24536.6,25,24540,950,0,1052300
NIFTY-II.NFO,01/11/2024,18:27:13,24536.6,24535.65,25,24540,950,25,1052300
NIFTY-II.NFO,01/11/2024,18:27:14,24536.6,24536.05,25,24540,950,0,1052300
NIFTY-II.NFO,01/11/2024,18:27:17,24536.6,24536.65,25,24540,950,0,1052300
NIFTY-II.NFO,01/11/2024,18:27:20,24536.6,24536.1,25,24540,950,0,1052300
NIFTY-II.NFO,01/11/2024,18:27:22,24533.55,24536.1,25,24539.95,100,200,1052300
NIFTY-II.NFO,01/11/2024,18:27:23,24536.6,24536.1,25,24539.95,100,25,1052300
NIFTY-II.NFO,01/11/2024,18:27:25,24536.6,24536.1,25,24539.95,100,0,1052300
NIFTY-II.NFO,01/11/2024,18:27:30,24536.6,24536,25,24537,25,0,1052300
NIFTY-II.NFO,01/11/2024,18:27:33,24535.2,24534.95,25,24539.95,100,75,1052300
NIFTY-II.NFO,01/11/2024,18:27:35,24536.6,24534.35,50,24539.95,100,25,1052300
NIFTY-II.NFO,01/11/2024,18:27:37,24536.6,24534.05,25,24539.95,100,0,1052300
NIFTY-II.NFO,01/11/2024,18:27:38,24536.6,24534.3,25,24539.95,100,0,1052300
NIFTY-II.NFO,01/11/2024,18:27:40,24532.7,24532.7,25,24539.95,100,600,1052300
NIFTY-II.NFO,01/11/2024,18:27:41,24532.7,24533.95,25,24539.95,100,0,1052300
NIFTY-II.NFO,01/11/2024,18:27:43,24539.95,24536.6,25,24539.95,100,25,1052300
NIFTY-II.NFO,01/11/2024,18:27:45,24539.95,24536.6,25,24539.95,100,0,1052300
NIFTY-II.NFO,01/11/2024,18:27:53,24539.95,24533.65,25,24539.95,100,25,1052300
NIFTY-II.NFO,01/11/2024,18:27:55,24539.95,24532.95,25,24539.95,100,0,1052300
NIFTY-II.NFO,01/11/2024,18:27:57,24539.95,24533.05,25,24539.95,200,0,1052300
NIFTY-II.NFO,01/11/2024,18:28:00,24539.95,24539,25,24539.95,200,0,1052300
NIFTY-II.NFO,01/11/2024,18:28:02,24539.95,24539,25,24539.9,100,25,1052300
NIFTY-II.NFO,01/11/2024,18:28:03,24539.95,24539,25,24539.9,100,0,1052300
NIFTY-II.NFO,01/11/2024,18:28:10,24539,24532.7,25,24539.9,100,25,1052300
NIFTY-II.NFO,01/11/2024,18:28:11,24539,24532.2,25,24539.9,100,0,1052300
NIFTY-II.NFO,01/11/2024,18:28:13,24539,24532.6,25,24539.9,100,0,1052300
NIFTY-II.NFO,01/11/2024,18:28:15,24539,24533.3,25,24539.9,100,0,1052300
NIFTY-II.NFO,01/11/2024,18:28:17,24539,24532.45,25,24539.9,100,0,1052300
NIFTY-II.NFO,01/11/2024,18:28:18,24539,24535,125,24539.9,100,0,1052300
NIFTY-II.NFO,01/11/2024,18:28:20,24534.35,24533.45,125,24539.9,100,100,1052300
NIFTY-II.NFO,01/11/2024,18:28:22,24533.25,24533.5,125,24539.9,100,50,1052300
NIFTY-II.NFO,01/11/2024,18:28:23,24533.25,24539,25,24539.9,100,0,1052300
NIFTY-II.NFO,01/11/2024,18:28:25,24539,24533.4,125,24539.9,100,25,1052300
NIFTY-II.NFO,01/11/2024,18:28:27,24539,24533.25,125,24539.9,100,0,1052300
NIFTY-II.NFO,01/11/2024,18:28:28,24539,24530,50,24536.15,100,0,1052300
NIFTY-II.NFO,01/11/2024,18:28:30,24530.6,24532.6,125,24539.9,100,25,1053400
NIFTY-II.NFO,01/11/2024,18:28:32,24530.6,24533.25,125,24539.9,100,0,1053400
NIFTY-II.NFO,01/11/2024,18:28:35,24530.6,24533.45,125,24539.9,100,0,1053400
NIFTY-II.NFO,01/11/2024,18:28:37,24530.6,24532.85,125,24539.7,100,0,1053400
NIFTY-II.NFO,01/11/2024,18:28:38,24532.85,24533.25,125,24539.9,100,25,1053400
NIFTY-II.NFO,01/11/2024,18:28:40,24532.85,24533.9,125,24538.95,100,0,1053400
NIFTY-II.NFO,01/11/2024,18:28:42,24532.85,24533.1,125,24538.95,100,0,1053400
NIFTY-II.NFO,01/11/2024,18:28:45,24538.95,24533.1,125,24538.95,100,25,1053400
NIFTY-II.NFO,01/11/2024,18:28:47,24538.95,24533.15,125,24538.95,100,0,1053400
NIFTY-II.NFO,01/11/2024,18:28:50,24538.95,24531.8,125,24538.95,100,0,1053400
NIFTY-II.NFO,01/11/2024,18:28:52,24533.1,24533.5,125,24538.95,100,100,1053400
NIFTY-II.NFO,01/11/2024,18:28:53,24533.1,24533.5,125,24538.95,100,0,1053400
NIFTY-II.NFO,01/11/2024,18:28:55,24533.1,24532.65,125,24538.95,100,0,1053400
NIFTY-II.NFO,01/11/2024,18:28:57,24538.95,24532.65,125,24538.95,75,25,1053400
NIFTY-II.NFO,01/11/2024,18:28:58,24538.95,24530,75,24534.7,75,0,1053400
NIFTY-II.NFO,01/11/2024,18:29:00,24535.6,24530.15,50,24536.5,50,225,1053400
NIFTY-II.NFO,01/11/2024,18:29:02,24535.6,24534.7,25,24535.25,50,0,1053400
NIFTY-II.NFO,01/11/2024,18:29:03,24529.4,24530.5,125,24536.15,50,50,1053400
NIFTY-II.NFO,01/11/2024,18:29:05,24529.4,24530.5,125,24535.1,50,0,1053400
NIFTY-II.NFO,01/11/2024,18:29:07,24529.4,24529.25,125,24534.85,50,0,1053400
NIFTY-II.NFO,01/11/2024,18:29:10,24534.75,24529.25,125,24534.55,250,25,1053400
NIFTY-II.NFO,01/11/2024,18:29:11,24534.75,24529.25,125,24533.9,175,0,1053400
NIFTY-II.NFO,01/11/2024,18:29:16,24534.75,24529.25,125,24534.85,250,0,1053400
NIFTY-II.NFO,01/11/2024,18:29:18,24534.75,24529.25,125,24533.85,175,0,1053400
NIFTY-II.NFO,01/11/2024,18:29:21,24534.75,24529.25,125,24533.5,25,0,1053400
NIFTY-II.NFO,01/11/2024,18:29:23,24534.75,24529.25,125,24532.65,175,0,1053400
NIFTY-II.NFO,01/11/2024,18:29:24,24534.75,24529.25,125,24532.3,225,0,1053400
NIFTY-II.NFO,01/11/2024,18:29:26,24529.25,24528.8,125,24532.25,225,25,1053400
NIFTY-II.NFO,01/11/2024,18:29:28,24529.25,24528.1,25,24531.85,225,0,1053400
NIFTY-II.NFO,01/11/2024,18:29:29,24526.3,24527.7,125,24531.1,225,200,1053400
NIFTY-II.NFO,01/11/2024,18:29:31,24526.3,24526.8,125,24530.55,175,0,1053400
NIFTY-II.NFO,01/11/2024,18:29:33,24526.3,24526.8,125,24528,50,0,1053400
NIFTY-II.NFO,01/11/2024,18:29:34,24526.3,24526.15,125,24528,50,0,1053400
NIFTY-II.NFO,01/11/2024,18:29:36,24524.9,24526.2,125,24528,50,250,1053400
NIFTY-II.NFO,01/11/2024,18:29:37,24526.2,24526.15,125,24528,50,75,1053400
NIFTY-II.NFO,01/11/2024,18:29:39,24528,24526.15,125,24528,25,25,1053400
NIFTY-II.NFO,01/11/2024,18:29:41,24526.15,24526,25,24528,25,25,1053400
NIFTY-II.NFO,01/11/2024,18:29:42,24524.5,24525.7,175,24528,25,250,1053400
NIFTY-II.NFO,01/11/2024,18:29:44,24524.5,24525.75,25,24528,25,0,1053400
NIFTY-II.NFO,01/11/2024,18:29:46,24525.75,24526,25,24528,25,50,1053400
NIFTY-II.NFO,01/11/2024,18:29:47,24530,24526.35,50,24532.05,75,50,1053400
NIFTY-II.NFO,01/11/2024,18:29:49,24527.65,24530.45,25,24538.8,100,100,1053400
NIFTY-II.NFO,01/11/2024,18:29:51,24529,24529.6,50,24537.1,100,75,1053400
NIFTY-II.NFO,01/11/2024,18:29:52,24529,24529.15,50,24537.4,100,0,1053400
NIFTY-II.NFO,01/11/2024,18:29:54,24529,24529.55,50,24537.2,100,0,1053400
NIFTY-II.NFO,01/11/2024,18:29:55,24529,24529.55,50,24537.1,100,0,1053400
NIFTY-II.NFO,01/11/2024,18:29:57,24529,24529,50,24535.9,100,0,1053400
NIFTY-II.NFO,01/11/2024,18:29:59,24529,24529.1,25,24536.9,100,0,1053400
NIFTY-II.NFO,01/11/2024,18:30:00,24536.9,24529.1,25,24536.9,100,25,1053400
NIFTY-II.NFO,01/11/2024,18:30:04,24536.9,24529.35,25,24537.9,100,0,1053400
NIFTY-II.NFO,01/11/2024,18:30:05,24529.7,24530.5,50,24537.9,100,25,1053400
NIFTY-II.NFO,01/11/2024,18:30:07,24529.7,24529.5,25,24537.5,100,0,1053400
NIFTY-II.NFO,01/11/2024,18:30:09,24529.7,24530.3,25,24538.9,100,0,1053400
NIFTY-II.NFO,01/11/2024,18:30:10,24529.7,24529.95,25,24538.6,325,0,1053400
NIFTY-II.NFO,01/11/2024,18:30:12,24529.7,24530.35,25,24538.9,100,0,1053400
NIFTY-II.NFO,01/11/2024,18:30:13,24537.9,24530.6,25,24538.9,100,25,1053400
NIFTY-II.NFO,01/11/2024,18:30:15,24537.9,24530.55,50,24538.9,100,0,1053400
NIFTY-II.NFO,01/11/2024,18:30:16,24537.9,24530.6,75,24536.75,75,0,1053400
NIFTY-II.NFO,01/11/2024,18:30:18,24537.9,24530.6,75,24538.9,100,0,1053400
NIFTY-II.NFO,01/11/2024,18:30:20,24537.9,24530.95,25,24537,100,0,1053400
NIFTY-II.NFO,01/11/2024,18:30:21,24531,24531,150,24536.95,100,100,1053400
NIFTY-II.NFO,01/11/2024,18:30:23,24531,24531.15,25,24536.85,75,0,1053400
NIFTY-II.NFO,01/11/2024,18:30:25,24536.85,24531,150,24536.85,50,50,1053400
NIFTY-II.NFO,01/11/2024,18:30:26,24536.85,24531.3,50,24536.85,50,0,1053400
NIFTY-II.NFO,01/11/2024,18:30:28,24536.85,24531.4,25,24538.9,100,50,1053400
NIFTY-II.NFO,01/11/2024,18:30:30,24531,24531.4,50,24538.9,100,25,1053400
NIFTY-II.NFO,01/11/2024,18:30:31,24531,24531,75,24538.9,100,100,1053400
NIFTY-II.NFO,01/11/2024,18:30:33,24531,24531,75,24538.9,100,0,1053400
NIFTY-II.NFO,01/11/2024,18:30:40,24538.9,24531.45,25,24538.9,100,25,1053400
NIFTY-II.NFO,01/11/2024,18:30:41,24538.9,24531.45,25,24538.9,100,0,1053400
NIFTY-II.NFO,01/11/2024,18:30:43,24531.45,24531.4,25,24538.9,100,25,1053400
NIFTY-II.NFO,01/11/2024,18:30:44,24538.9,24531.45,25,24538.9,100,25,1053400
NIFTY-II.NFO,01/11/2024,18:30:46,24538.9,24531.05,25,24538.9,100,0,1053400
NIFTY-II.NFO,01/11/2024,18:30:48,24538.9,24531,75,24538.9,100,25,1053400
NIFTY-II.NFO,01/11/2024,18:30:49,24538.9,24531.05,50,24538.9,100,0,1053400
NIFTY-II.NFO,01/11/2024,18:30:51,24531,24531,25,24538.9,100,50,1053400
NIFTY-II.NFO,01/11/2024,18:30:53,24531,24531.15,50,24538.9,100,0,1053400
NIFTY-II.NFO,01/11/2024,18:30:54,24531.55,24531.3,50,24538.9,100,25,1053400
NIFTY-II.NFO,01/11/2024,18:30:56,24531.55,24531.15,50,24538.9,100,0,1053400
NIFTY-II.NFO,01/11/2024,18:30:59,24531.55,24531.05,50,24538.9,100,0,1053400
NIFTY-II.NFO,01/11/2024,18:31:01,24531.05,24531.05,25,24538.9,100,25,1053400
NIFTY-II.NFO,01/11/2024,18:31:03,24531.05,24531,25,24537.95,100,0,1053400
NIFTY-II.NFO,01/11/2024,18:31:04,24531.05,24531.05,25,24535.4,100,0,1053400
NIFTY-II.NFO,01/11/2024,18:31:06,24531.05,24531,25,24537.35,100,25,1053400
NIFTY-II.NFO,01/11/2024,18:31:08,24531.05,24531,25,24538.55,100,0,1053400
NIFTY-II.NFO,01/11/2024,18:31:09,24531.05,24531,25,24538.3,100,0,1053400
NIFTY-II.NFO,01/11/2024,18:31:11,24531.05,24531,25,24536.95,100,0,1053400
NIFTY-II.NFO,01/11/2024,18:31:13,24531.05,24531,25,24538.8,100,0,1053400
NIFTY-II.NFO,01/11/2024,18:31:16,24531.05,24531.05,25,24538.8,100,75,1053400
NIFTY-II.NFO,01/11/2024,18:31:18,24531.05,24531.05,25,24538.8,100,0,1053400
NIFTY-II.NFO,01/11/2024,18:31:19,24531.05,24531.15,25,24538.75,100,0,1053400
NIFTY-II.NFO,01/11/2024,18:31:21,24531.05,24531.1,25,24538.75,100,25,1053400
NIFTY-II.NFO,01/11/2024,18:31:23,24531.05,24531.1,25,24538.75,100,0,1053400
NIFTY-II.NFO,01/11/2024,18:31:29,24531.1,24531.05,25,24538.75,100,25,1053400
NIFTY-II.NFO,01/11/2024,18:31:31,24531.1,24533.7,125,24538.75,100,25,1053400
NIFTY-II.NFO,01/11/2024,18:31:33,24533.7,24532.7,25,24538.75,100,75,1053575
NIFTY-II.NFO,01/11/2024,18:31:34,24530,24530.3,50,24538.75,100,200,1053575
NIFTY-II.NFO,01/11/2024,18:31:36,24538.75,24530.55,25,24538.75,100,25,1053575
NIFTY-II.NFO,01/11/2024,18:31:38,24538.75,24531.15,25,24538.75,100,0,1053575
NIFTY-II.NFO,01/11/2024,18:31:39,24538.75,24531.15,25,24538.65,100,25,1053575
NIFTY-II.NFO,01/11/2024,18:31:41,24538.75,24531.3,25,24538.65,100,0,1053575
NIFTY-II.NFO,01/11/2024,18:31:43,24538.75,24531.3,25,24538.75,100,0,1053575
NIFTY-II.NFO,01/11/2024,18:31:44,24538.75,24532.25,75,24538.75,100,0,1053575
NIFTY-II.NFO,01/11/2024,18:31:46,24538.75,24531.4,25,24538.75,100,0,1053575
NIFTY-II.NFO,01/11/2024,18:31:48,24538.75,24531.55,25,24538.75,100,0,1053575
NIFTY-II.NFO,01/11/2024,18:31:49,24538.75,24531.35,25,24538.75,100,0,1053575
NIFTY-II.NFO,01/11/2024,18:31:51,24538.75,24530.8,25,24538.75,200,0,1053575
NIFTY-II.NFO,01/11/2024,18:31:53,24538.75,24531.2,25,24538.75,200,0,1053575
NIFTY-II.NFO,01/11/2024,18:31:54,24538.75,24531.4,25,24538.75,200,0,1053575
NIFTY-II.NFO,01/11/2024,18:31:56,24538.75,24532.55,25,24538.75,250,0,1053575
NIFTY-II.NFO,01/11/2024,18:31:58,24538.75,24532.55,25,24538.7,100,50,1053575
NIFTY-II.NFO,01/11/2024,18:31:59,24538.75,24532.55,25,24538.7,100,0,1053575
NIFTY-II.NFO,01/11/2024,18:32:04,24538.75,24532.15,50,24538.7,100,0,1053575
NIFTY-II.NFO,01/11/2024,18:32:06,24538.7,24532.5,25,24538.7,100,25,1053575
NIFTY-II.NFO,01/11/2024,18:32:07,24529.95,24532.75,50,24538.7,100,250,1053575
NIFTY-II.NFO,01/11/2024,18:32:09,24529.95,24532.1,50,24538.7,125,0,1053575
NIFTY-II.NFO,01/11/2024,18:32:11,24529.95,24530.8,50,24538.7,125,0,1053575
NIFTY-II.NFO,01/11/2024,18:32:12,24529.95,24531.3,50,24538.7,125,0,1053575
NIFTY-II.NFO,01/11/2024,18:32:14,24529,24530.9,50,24538.6,100,250,1053575
NIFTY-II.NFO,01/11/2024,18:32:15,24529,24530.3,25,24536.4,100,0,1053575
NIFTY-II.NFO,01/11/2024,18:32:17,24529,24530.6,50,24536.95,100,0,1053575
NIFTY-II.NFO,01/11/2024,18:32:20,24536.95,24531.05,25,24536.95,100,25,1053575
NIFTY-II.NFO,01/11/2024,18:32:22,24536.95,24531.05,25,24537.6,100,0,1053575
NIFTY-II.NFO,01/11/2024,18:32:24,24536.95,24531.05,25,24537.3,100,0,1053575
NIFTY-II.NFO,01/11/2024,18:32:27,24536.95,24531.05,25,24535.95,100,0,1053575
NIFTY-II.NFO,01/11/2024,18:32:33,24531.05,24529.3,25,24535.95,100,25,1053575
NIFTY-II.NFO,01/11/2024,18:32:35,24531.05,24529.2,75,24532.8,100,0,1053575
NIFTY-II.NFO,01/11/2024,18:32:37,24532.8,24529.2,75,24531,50,25,1053575
NIFTY-II.NFO,01/11/2024,18:32:38,24532.8,24529.2,75,24530,25,0,1053575
NIFTY-II.NFO,01/11/2024,18:32:40,24530,24529.1,75,24531,50,25,1053575
NIFTY-II.NFO,01/11/2024,18:32:42,24530,24530,25,24531,50,0,1053575
NIFTY-II.NFO,01/11/2024,18:32:45,24531,24530,25,24531,25,25,1053575
NIFTY-II.NFO,01/11/2024,18:32:47,24531,24530,25,24531,25,0,1053575
NIFTY-II.NFO,01/11/2024,18:32:48,24530,24529,150,24535.45,100,25,1053575
NIFTY-II.NFO,01/11/2024,18:32:50,24530,24529,150,24535.2,100,0,1053575
NIFTY-II.NFO,01/11/2024,18:32:52,24530,24529,275,24535.2,100,0,1053575
NIFTY-II.NFO,01/11/2024,18:32:53,24530,24529,150,24535.2,100,0,1053575
NIFTY-II.NFO,01/11/2024,18:32:55,24530,24529,150,24535.5,100,0,1053575
NIFTY-II.NFO,01/11/2024,18:32:57,24534.95,24529,150,24534.95,100,25,1053575
NIFTY-II.NFO,01/11/2024,18:32:58,24534.95,24529.05,75,24535,25,0,1053575
NIFTY-II.NFO,01/11/2024,18:33:08,24535,24529.05,75,24536.5,100,25,1053575
NIFTY-II.NFO,01/11/2024,18:33:10,24535,24529.05,75,24536.5,100,0,1053575
NIFTY-II.NFO,01/11/2024,18:33:11,24535,24529.05,75,24536.5,325,0,1053575
NIFTY-II.NFO,01/11/2024,18:33:13,24535,24529.05,75,24535,25,25,1053575
NIFTY-II.NFO,01/11/2024,18:33:15,24535,24529.05,75,24535,25,0,1053575
NIFTY-II.NFO,01/11/2024,18:33:16,24535,24529.05,75,24530,25,0,1053575
NIFTY-II.NFO,01/11/2024,18:33:18,24535,24529.3,25,24530,25,0,1053575
NIFTY-II.NFO,01/11/2024,18:33:20,24536.7,24529.05,150,24536.9,25,400,1053575
NIFTY-II.NFO,01/11/2024,18:33:21,24536.7,24530,100,24536.9,100,0,1053575
NIFTY-II.NFO,01/11/2024,18:33:26,24536.7,24530,100,24536.65,25,0,1053575
NIFTY-II.NFO,01/11/2024,18:33:29,24536.7,24530.7,25,24536.65,25,0,1053575
NIFTY-II.NFO,01/11/2024,18:33:31,24536.7,24531.3,50,24536.9,50,125,1053575
NIFTY-II.NFO,01/11/2024,18:33:33,24530.05,24529.95,100,24536.9,75,25,1053575
NIFTY-II.NFO,01/11/2024,18:33:34,24530.05,24530.3,50,24536.9,75,0,1053575
NIFTY-II.NFO,01/11/2024,18:33:36,24530.05,24530.65,50,24536.9,75,0,1053575
NIFTY-II.NFO,01/11/2024,18:33:37,24530.05,24530.85,50,24536.9,75,0,1053575
NIFTY-II.NFO,01/11/2024,18:33:41,24529,24531.05,25,24536.9,100,250,1053575
NIFTY-II.NFO,01/11/2024,18:33:42,24529,24531.1,50,24535.5,50,0,1053575
NIFTY-II.NFO,01/11/2024,18:33:44,24529,24530.55,25,24535.5,50,0,1053575
NIFTY-II.NFO,01/11/2024,18:33:46,24529,24530.95,50,24535.5,50,0,1053575
NIFTY-II.NFO,01/11/2024,18:33:47,24526.3,24531.1,25,24535.5,50,250,1053575
NIFTY-II.NFO,01/11/2024,18:33:49,24526.3,24531.3,50,24535.5,50,0,1053575
NIFTY-II.NFO,01/11/2024,18:33:51,24526.3,24531.1,75,24535.5,50,0,1053575
NIFTY-II.NFO,01/11/2024,18:33:57,24530,24530,25,24535.5,50,225,1053575
NIFTY-II.NFO,01/11/2024,18:33:59,24530,24530.4,25,24535.5,50,0,1053575
NIFTY-II.NFO,01/11/2024,18:34:04,24530,24531.65,25,24535,25,0,1053575
NIFTY-II.NFO,01/11/2024,18:34:05,24530,24531.2,25,24535,25,0,1053575
NIFTY-II.NFO,01/11/2024,18:34:07,24530,24531.9,50,24535,25,0,1053575
NIFTY-II.NFO,01/11/2024,18:34:09,24530,24531.3,50,24535,25,0,1053575
NIFTY-II.NFO,01/11/2024,18:34:10,24530,24531,50,24535,25,0,1053575
NIFTY-II.NFO,01/11/2024,18:34:12,24532,24530.55,25,24535,25,150,1053575
NIFTY-II.NFO,01/11/2024,18:34:13,24532,24531.2,50,24535,25,0,1053575
NIFTY-II.NFO,01/11/2024,18:34:16,24532,24531.05,50,24535,25,0,1053575
NIFTY-II.NFO,01/11/2024,18:34:17,24532,24531.55,50,24535,25,0,1053575
NIFTY-II.NFO,01/11/2024,18:34:22,24532,24531.45,50,24535,25,0,1053575
NIFTY-II.NFO,01/11/2024,18:34:24,24532,24532.2,25,24535.5,50,125,1053575
NIFTY-II.NFO,01/11/2024,18:34:26,24532,24532,50,24535.5,50,0,1053575
NIFTY-II.NFO,01/11/2024,18:34:29,24532,24532,25,24535.5,50,0,1053575
NIFTY-II.NFO,01/11/2024,18:34:32,24536.9,24532,25,24536.9,100,75,1053575
NIFTY-II.NFO,01/11/2024,18:34:34,24536.9,24532.1,250,24536.9,100,0,1054900
NIFTY-II.NFO,01/11/2024,18:34:36,24536.9,24532.1,250,24536.95,25,0,1054900
NIFTY-II.NFO,01/11/2024,18:34:39,24536.9,24532.1,250,24536.9,100,0,1054900
NIFTY-II.NFO,01/11/2024,18:34:42,24536.9,24532.1,250,24536.9,100,25,1054900
NIFTY-II.NFO,01/11/2024,18:34:44,24536.9,24532.1,250,24536.9,100,0,1054900
NIFTY-II.NFO,01/11/2024,18:34:47,24536.9,24532.1,250,24536.9,100,25,1054900
NIFTY-II.NFO,01/11/2024,18:34:49,24532.1,24532.1,200,24536.9,100,50,1054900
NIFTY-II.NFO,01/11/2024,18:34:50,24532.1,24532.1,200,24536.9,100,0,1054900
NIFTY-II.NFO,01/11/2024,18:34:56,24532.1,24532.1,175,24536.9,125,25,1054900
NIFTY-II.NFO,01/11/2024,18:34:57,24532.1,24532.1,250,24536.9,125,0,1054900
NIFTY-II.NFO,01/11/2024,18:35:02,24532.1,24532.1,250,24536.9,25,0,1054900
NIFTY-II.NFO,01/11/2024,18:35:07,24532.1,24536,75,24536.9,25,0,1054900
NIFTY-II.NFO,01/11/2024,18:35:17,24536.95,24532.1,200,24537.55,100,75,1054900
NIFTY-II.NFO,01/11/2024,18:35:18,24536.95,24532.1,200,24537.55,100,0,1054900
NIFTY-II.NFO,01/11/2024,18:35:23,24532.1,24532.1,175,24537.55,100,25,1054900
NIFTY-II.NFO,01/11/2024,18:35:25,24532.1,24532.1,175,24537.55,100,0,1054900
NIFTY-II.NFO,01/11/2024,18:35:28,24532.1,24532.1,150,24537.55,100,25,1054900
NIFTY-II.NFO,01/11/2024,18:35:30,24532.1,24532.1,150,24537.55,100,0,1054900
NIFTY-II.NFO,01/11/2024,18:35:32,24532.1,24532.1,150,24536.95,50,0,1054900
NIFTY-II.NFO,01/11/2024,18:35:41,24532.1,24532.1,125,24537.55,100,50,1054900
NIFTY-II.NFO,01/11/2024,18:35:43,24532.1,24532.1,125,24537.55,100,0,1054900
NIFTY-II.NFO,01/11/2024,18:35:45,24532.1,24532.1,100,24537.55,100,25,1054900
NIFTY-II.NFO,01/11/2024,18:35:46,24532.1,24532.1,100,24537.55,100,0,1054900
NIFTY-II.NFO,01/11/2024,18:35:48,24532.1,24532.1,50,24537.55,100,50,1054900
NIFTY-II.NFO,01/11/2024,18:35:50,24532.1,24532.5,25,24537.55,100,0,1054900
NIFTY-II.NFO,01/11/2024,18:35:53,24532.5,24532.1,50,24537.55,100,25,1054900
NIFTY-II.NFO,01/11/2024,18:35:54,24532.5,24532.1,50,24537.55,100,0,1054900
NIFTY-II.NFO,01/11/2024,18:35:56,24532.5,24532.1,50,24537,25,0,1054900
NIFTY-II.NFO,01/11/2024,18:35:59,24532.5,24532.1,50,24536.95,100,0,1054900
NIFTY-II.NFO,01/11/2024,18:36:01,24536.95,24532.1,25,24537,25,25,1054900
NIFTY-II.NFO,01/11/2024,18:36:03,24536.95,24532.1,25,24536.95,100,0,1054900
NIFTY-II.NFO,01/11/2024,18:36:04,24536.95,24532.1,25,24537,25,0,1054900
NIFTY-II.NFO,01/11/2024,18:36:08,24537.55,24532.1,25,24537.55,25,100,1054900
NIFTY-II.NFO,01/11/2024,18:36:09,24537.6,24532.1,25,24538,25,50,1054900
NIFTY-II.NFO,01/11/2024,18:36:11,24537.6,24532.1,25,24538,25,0,1054900
NIFTY-II.NFO,01/11/2024,18:36:13,24538,24532.1,25,24538.25,250,50,1054900
NIFTY-II.NFO,01/11/2024,18:36:14,24538,24532.1,25,24538,75,0,1054900
NIFTY-II.NFO,01/11/2024,18:36:15,24538,24532.1,25,24537.9,75,0,1054900
NIFTY-II.NFO,01/11/2024,18:36:16,24532.1,24530.05,100,24537.8,250,25,1054900
NIFTY-II.NFO,01/11/2024,18:36:18,24532.1,24530,75,24537.6,75,0,1054900
NIFTY-II.NFO,01/11/2024,18:36:20,24532.1,24530,75,24537.65,75,0,1054900
NIFTY-II.NFO,01/11/2024,18:36:21,24532.1,24530.05,100,24537.15,250,0,1054900
NIFTY-II.NFO,01/11/2024,18:36:23,24532.1,24530,75,24537.15,250,0,1054900
NIFTY-II.NFO,01/11/2024,18:36:25,24532.1,24530,100,24537.1,75,0,1054900
NIFTY-II.NFO,01/11/2024,18:36:26,24532.1,24530,100,24537.05,75,0,1054900
NIFTY-II.NFO,01/11/2024,18:36:28,24536.7,24531,250,24536.9,75,25,1054900
NIFTY-II.NFO,01/11/2024,18:36:29,24536.7,24531,250,24537.1,150,0,1054900
NIFTY-II.NFO,01/11/2024,18:36:31,24536.7,24535,50,24537.1,150,0,1054900
NIFTY-II.NFO,01/11/2024,18:36:33,24536.7,24535,50,24536.9,25,0,1054900
NIFTY-II.NFO,01/11/2024,18:36:34,24536.7,24535,50,24537.25,25,0,1054900
NIFTY-II.NFO,01/11/2024,18:36:36,24535,24535,25,24537.25,25,25,1054900
NIFTY-II.NFO,01/11/2024,18:36:38,24535,24531,250,24535,100,25,1054900
NIFTY-II.NFO,01/11/2024,18:36:39,24535,24531,250,24535,100,0,1054900
NIFTY-II.NFO,01/11/2024,18:36:41,24535,24531.9,25,24535,100,0,1054900
NIFTY-II.NFO,01/11/2024,18:36:42,24535,24531.75,25,24535,100,0,1054900
NIFTY-II.NFO,01/11/2024,18:36:44,24535,24534.35,50,24535,100,0,1054900
NIFTY-II.NFO,01/11/2024,18:36:46,24536.55,24536.5,50,24536.7,25,150,1054900
NIFTY-II.NFO,01/11/2024,18:36:47,24536.55,24536.05,50,24536.7,25,0,1054900
NIFTY-II.NFO,01/11/2024,18:36:49,24536.55,24535.65,50,24536.7,25,0,1054900
NIFTY-II.NFO,01/11/2024,18:36:51,24536.55,24534.85,25,24536.7,25,0,1054900
NIFTY-II.NFO,01/11/2024,18:36:52,24536.55,24535,25,24536.7,25,0,1054900
NIFTY-II.NFO,01/11/2024,18:36:56,24536.55,24535.05,25,24536.7,25,0,1054900
NIFTY-II.NFO,01/11/2024,18:36:59,24531.1,24533.4,25,24536.7,25,225,1054900
NIFTY-II.NFO,01/11/2024,18:37:01,24531.1,24532.5,50,24536.7,25,0,1054900
NIFTY-II.NFO,01/11/2024,18:37:02,24531.1,24531.45,50,24536.7,25,0,1054900
NIFTY-II.NFO,01/11/2024,18:37:04,24531.1,24534.95,25,24536.7,25,100,1054900
NIFTY-II.NFO,01/11/2024,18:37:06,24531.7,24532.05,50,24536.7,25,50,1054900
NIFTY-II.NFO,01/11/2024,18:37:08,24531.7,24531.5,50,24536.7,25,0,1054900
NIFTY-II.NFO,01/11/2024,18:37:09,24531.7,24531.9,50,24536.7,25,0,1054900
NIFTY-II.NFO,01/11/2024,18:37:11,24531.7,24532.1,50,24536.7,25,0,1054900
NIFTY-II.NFO,01/11/2024,18:37:13,24531.7,24531.9,25,24536.7,25,0,1054900
NIFTY-II.NFO,01/11/2024,18:37:14,24531.7,24532.15,50,24536.7,25,0,1054900
NIFTY-II.NFO,01/11/2024,18:37:15,24531.7,24532.1,50,24536.7,25,0,1054900
NIFTY-II.NFO,01/11/2024,18:37:18,24531.7,24532.7,50,24536.7,25,0,1054900
NIFTY-II.NFO,01/11/2024,18:37:20,24532.2,24531.25,100,24538.7,25,350,1054900
NIFTY-II.NFO,01/11/2024,18:37:22,24532.2,24533.1,25,24538.7,25,0,1054900
NIFTY-II.NFO,01/11/2024,18:37:23,24531.25,24532.65,25,24538.7,75,50,1054900
NIFTY-II.NFO,01/11/2024,18:37:25,24531.25,24533.15,125,24538.75,75,0,1054900
NIFTY-II.NFO,01/11/2024,18:37:27,24531.25,24533,125,24538.7,75,0,1054900
NIFTY-II.NFO,01/11/2024,18:37:28,24531.25,24533.2,125,24538.7,75,0,1054900
NIFTY-II.NFO,01/11/2024,18:37:30,24531.25,24532.6,125,24538.7,75,0,1054900
NIFTY-II.NFO,01/11/2024,18:37:32,24531.25,24531.2,275,24538.7,75,0,1054900
NIFTY-II.NFO,01/11/2024,18:37:33,24531.7,24531.2,150,24538.7,75,25,1055200
NIFTY-II.NFO,01/11/2024,18:37:35,24531.7,24531.2,150,24531.7,25,0,1055200
NIFTY-II.NFO,01/11/2024,18:37:37,24531.2,24531.2,50,24531.7,25,100,1055200
NIFTY-II.NFO,01/11/2024,18:37:38,24531.2,24531.2,50,24531.7,25,0,1055200
NIFTY-II.NFO,01/11/2024,18:37:40,24531.2,24531.2,25,24531.7,25,25,1055200
NIFTY-II.NFO,01/11/2024,18:37:42,24531.2,24531.2,25,24531.7,25,0,1055200
NIFTY-II.NFO,01/11/2024,18:37:47,24531.2,24531,300,24531.7,25,25,1055200
NIFTY-II.NFO,01/11/2024,18:37:48,24531.2,24531,300,24531.7,25,0,1055200
NIFTY-II.NFO,01/11/2024,18:37:52,24531.7,24531.7,25,24534.95,75,25,1055200
NIFTY-II.NFO,01/11/2024,18:37:53,24531.7,24531,300,24531.1,25,25,1055200
NIFTY-II.NFO,01/11/2024,18:37:55,24531.7,24531,300,24531.1,25,0,1055200
NIFTY-II.NFO,01/11/2024,18:37:58,24531,24531,175,24531.1,25,125,1055200
NIFTY-II.NFO,01/11/2024,18:38:00,24531.1,24536,25,24536.6,75,25,1055200
NIFTY-II.NFO,01/11/2024,18:38:02,24536,24531,175,24536.65,75,25,1055200
NIFTY-II.NFO,01/11/2024,18:38:03,24531,24531,150,24536.55,150,25,1055200
NIFTY-II.NFO,01/11/2024,18:38:05,24531.2,24531,150,24536.35,75,50,1055200
NIFTY-II.NFO,01/11/2024,18:38:07,24531.2,24531,150,24536.15,75,0,1055200
NIFTY-II.NFO,01/11/2024,18:38:08,24531.2,24531.25,50,24536.35,75,0,1055200
NIFTY-II.NFO,01/11/2024,18:38:10,24531.2,24531.15,25,24536.35,75,0,1055200
NIFTY-II.NFO,01/11/2024,18:38:12,24531.1,24531.2,25,24536.35,75,25,1055200
NIFTY-II.NFO,01/11/2024,18:38:13,24531.1,24531.2,25,24536.25,75,0,1055200
NIFTY-II.NFO,01/11/2024,18:38:15,24536.25,24531.2,25,24536.25,50,25,1055200
NIFTY-II.NFO,01/11/2024,18:38:17,24536.25,24531.2,25,24536.25,25,0,1055200
NIFTY-II.NFO,01/11/2024,18:38:20,24536.25,24531.2,25,24536,25,0,1055200
NIFTY-II.NFO,01/11/2024,18:38:23,24536.25,24531.2,150,24536,25,0,1055200
NIFTY-II.NFO,01/11/2024,18:38:25,24536.25,24531.5,25,24535.95,25,0,1055200
NIFTY-II.NFO,01/11/2024,18:38:26,24536.25,24531.2,25,24535.95,25,0,1055200
NIFTY-II.NFO,01/11/2024,18:38:28,24531,24531,100,24531.2,100,75,1055200
NIFTY-II.NFO,01/11/2024,18:38:30,24531.2,24531,100,24535.9,25,100,1055200
NIFTY-II.NFO,01/11/2024,18:38:31,24531,24530.4,125,24535.9,25,100,1055200
NIFTY-II.NFO,01/11/2024,18:38:33,24531,24530.95,125,24535.9,25,0,1055200
NIFTY-II.NFO,01/11/2024,18:38:35,24531,24530.85,125,24535.9,25,0,1055200
NIFTY-II.NFO,01/11/2024,18:38:36,24531,24530.4,125,24535.85,25,0,1055200
NIFTY-II.NFO,01/11/2024,18:38:38,24535.8,24530,25,24535,25,100,1055200
NIFTY-II.NFO,01/11/2024,18:38:40,24535.8,24530,25,24535,25,0,1055200
NIFTY-II.NFO,01/11/2024,18:38:41,24530,24530.1,125,24535,25,25,1055200
NIFTY-II.NFO,01/11/2024,18:38:43,24535,24529.95,125,24535.85,25,25,1055200
NIFTY-II.NFO,01/11/2024,18:38:44,24535,24529.25,125,24536,25,0,1055200
NIFTY-II.NFO,01/11/2024,18:38:46,24535,24529.35,125,24536,25,0,1055200
NIFTY-II.NFO,01/11/2024,18:38:47,24535,24529.6,125,24536,25,0,1055200
NIFTY-II.NFO,01/11/2024,18:38:49,24535,24530.1,125,24536,25,0,1055200
NIFTY-II.NFO,01/11/2024,18:38:51,24535,24529.75,125,24535,75,0,1055200
NIFTY-II.NFO,01/11/2024,18:38:52,24535,24529.4,250,24535,25,50,1055200
NIFTY-II.NFO,01/11/2024,18:38:54,24535,24530.05,250,24535,25,0,1055200
NIFTY-II.NFO,01/11/2024,18:38:57,24535,24530.3,250,24535,25,0,1055200
NIFTY-II.NFO,01/11/2024,18:38:58,24530.3,24530.4,250,24535,25,25,1055200
NIFTY-II.NFO,01/11/2024,18:39:00,24530.3,24530.55,25,24535,25,0,1055200
NIFTY-II.NFO,01/11/2024,18:39:01,24530.3,24531.1,250,24535,25,0,1055200
NIFTY-II.NFO,01/11/2024,18:39:06,24530.3,24531.1,250,24534,25,0,1055200
NIFTY-II.NFO,01/11/2024,18:39:19,24534,24531.1,225,24535,25,50,1055200
NIFTY-II.NFO,01/11/2024,18:39:20,24531.1,24531.1,200,24535,25,25,1055200
NIFTY-II.NFO,01/11/2024,18:39:22,24531.1,24531.1,200,24535,25,0,1055200
NIFTY-II.NFO,01/11/2024,18:39:25,24528.05,24529,250,24535,25,250,1055200
NIFTY-II.NFO,01/11/2024,18:39:27,24528.05,24529.1,250,24535,25,0,1055200
NIFTY-II.NFO,01/11/2024,18:39:30,24528.05,24529.1,250,24531,25,0,1055200
NIFTY-II.NFO,01/11/2024,18:39:32,24529,24528.9,250,24531,25,250,1055200
NIFTY-II.NFO,01/11/2024,18:39:34,24529,24528.9,250,24531,25,0,1055200
NIFTY-II.NFO,01/11/2024,18:39:35,24531,24531,75,24535,25,25,1055200
NIFTY-II.NFO,01/11/2024,18:39:37,24531,24531,75,24531.2,25,0,1055200
NIFTY-II.NFO,01/11/2024,18:39:40,24531,24531.1,250,24531.2,25,0,1055200
NIFTY-II.NFO,01/11/2024,18:39:44,24535,24531.1,250,24535.7,25,50,1055200
NIFTY-II.NFO,01/11/2024,18:39:45,24535,24531.1,250,24535.6,25,0,1055200
NIFTY-II.NFO,01/11/2024,18:39:48,24535.6,24531.1,250,24535.6,75,75,1055200
NIFTY-II.NFO,01/11/2024,18:39:50,24535.6,24531.2,25,24535.6,75,0,1055200
NIFTY-II.NFO,01/11/2024,18:39:53,24531.2,24531.1,250,24535,25,25,1055200
NIFTY-II.NFO,01/11/2024,18:39:55,24531.2,24531.1,250,24535,25,0,1055200
NIFTY-II.NFO,01/11/2024,18:39:58,24535,24531.1,250,24535.35,75,25,1055200
NIFTY-II.NFO,01/11/2024,18:40:00,24534.3,24531.1,250,24534.25,75,25,1055200
NIFTY-II.NFO,01/11/2024,18:40:02,24534.3,24531.1,250,24534.55,125,0,1055200
NIFTY-II.NFO,01/11/2024,18:40:03,24534.3,24531.1,250,24534.3,250,0,1055200
NIFTY-II.NFO,01/11/2024,18:40:05,24534.3,24531.1,250,24534.55,125,0,1055200
NIFTY-II.NFO,01/11/2024,18:40:07,24534.3,24531.1,250,24535.65,125,0,1055200
NIFTY-II.NFO,01/11/2024,18:40:08,24534.3,24531.1,250,24535.6,250,0,1055200
NIFTY-II.NFO,01/11/2024,18:40:10,24534.3,24531.1,250,24535.25,75,0,1055200
NIFTY-II.NFO,01/11/2024,18:40:12,24534.3,24531,75,24536,50,0,1055200
NIFTY-II.NFO,01/11/2024,18:40:13,24534.3,24531,75,24535.65,250,0,1055200
NIFTY-II.NFO,01/11/2024,18:40:15,24534.3,24531,75,24535,50,0,1055200
NIFTY-II.NFO,01/11/2024,18:40:20,24534.3,24531,75,24534.3,150,0,1055200
NIFTY-II.NFO,01/11/2024,18:40:33,24534.3,24531,75,24534.3,175,0,1055200
NIFTY-II.NFO,01/11/2024,18:40:35,24534.3,24531,75,24534.3,225,0,1055200
NIFTY-II.NFO,01/11/2024,18:40:36,24534.3,24531,75,24533.05,25,0,1055200
NIFTY-II.NFO,01/11/2024,18:40:43,24530,24530,25,24533.05,25,400,1055400
NIFTY-II.NFO,01/11/2024,18:40:45,24530,24530,25,24533.05,25,0,1055400
NIFTY-II.NFO,01/11/2024,18:40:50,24530,24528.05,100,24533.05,25,50,1055400
NIFTY-II.NFO,01/11/2024,18:40:51,24531,24528,100,24530.4,225,25,1055400
NIFTY-II.NFO,01/11/2024,18:40:53,24531,24528,100,24531.3,75,0,1055400
NIFTY-II.NFO,01/11/2024,18:40:55,24531,24528,100,24532.5,125,0,1055400
NIFTY-II.NFO,01/11/2024,18:40:56,24531,24528.15,25,24532.5,125,0,1055400
NIFTY-II.NFO,01/11/2024,18:40:58,24531,24528,100,24532.4,75,0,1055400
NIFTY-II.NFO,01/11/2024,18:41:00,24531,24530,50,24531.95,75,0,1055400
NIFTY-II.NFO,01/11/2024,18:41:01,24531,24530,50,24531.45,200,0,1055400
NIFTY-II.NFO,01/11/2024,18:41:03,24530,24528,100,24529.15,25,50,1055400
NIFTY-II.NFO,01/11/2024,18:41:05,24530,24528,100,24528.15,425,0,1055400
NIFTY-II.NFO,01/11/2024,18:41:06,24528,24526.5,25,24527.9,25,100,1055400
NIFTY-II.NFO,01/11/2024,18:41:08,24528,24526.5,25,24528.35,25,0,1055400
NIFTY-II.NFO,01/11/2024,18:41:10,24528,24526.5,25,24528.5,125,0,1055400
NIFTY-II.NFO,01/11/2024,18:41:11,24528,24526.5,25,24530.65,25,0,1055400
NIFTY-II.NFO,01/11/2024,18:41:13,24525.05,24525,25,24529.75,225,75,1055400
NIFTY-II.NFO,01/11/2024,18:41:15,24526.5,24524.75,250,24530,25,125,1055400
NIFTY-II.NFO,01/11/2024,18:41:16,24526.5,24524.6,250,24529.95,75,0,1055400
NIFTY-II.NFO,01/11/2024,18:41:18,24529.95,24524.55,250,24530,25,25,1055400
NIFTY-II.NFO,01/11/2024,18:41:19,24529.95,24524.5,250,24529.95,50,0,1055400
NIFTY-II.NFO,01/11/2024,18:41:21,24529.95,24523.8,250,24529.55,50,0,1055400
NIFTY-II.NFO,01/11/2024,18:41:23,24529.95,24523.15,250,24529.15,50,0,1055400
NIFTY-II.NFO,01/11/2024,18:41:24,24529.95,24523.05,25,24529.15,50,0,1055400
NIFTY-II.NFO,01/11/2024,18:41:26,24523.25,24523.05,25,24529.15,50,25,1055400
NIFTY-II.NFO,01/11/2024,18:41:27,24523.25,24523.1,100,24529.95,50,0,1055400
NIFTY-II.NFO,01/11/2024,18:41:29,24523.25,24523.05,25,24529.95,50,0,1055400
NIFTY-II.NFO,01/11/2024,18:41:31,24523.25,24523.75,25,24529.95,50,0,1055400
NIFTY-II.NFO,01/11/2024,18:41:32,24523.25,24523.85,50,24529.95,50,0,1055400
NIFTY-II.NFO,01/11/2024,18:41:34,24523.25,24524.1,25,24529.95,50,0,1055400
NIFTY-II.NFO,01/11/2024,18:41:36,24523.25,24523.8,25,24529.95,50,0,1055400
NIFTY-II.NFO,01/11/2024,18:41:37,24523.25,24524,25,24529.95,50,0,1055400
NIFTY-II.NFO,01/11/2024,18:41:42,24524,24524,25,24529.95,50,25,1055400
NIFTY-II.NFO,01/11/2024,18:41:44,24524,24526.1,25,24530,25,0,1055400
NIFTY-II.NFO,01/11/2024,18:41:46,24524,24524.2,25,24529.95,50,25,1055400
NIFTY-II.NFO,01/11/2024,18:41:47,24524,24524.2,25,24529.95,50,0,1055400
NIFTY-II.NFO,01/11/2024,18:41:51,24530,24523.9,25,24530.3,25,175,1055400
NIFTY-II.NFO,01/11/2024,18:41:52,24530,24523.9,25,24530.3,25,0,1055400
NIFTY-II.NFO,01/11/2024,18:41:54,24530,24524.6,25,24530.3,25,0,1055400
NIFTY-II.NFO,01/11/2024,18:41:55,24530,24523.9,25,24530.3,25,0,1055400
NIFTY-II.NFO,01/11/2024,18:41:57,24530,24523.95,100,24530.3,25,0,1055400
NIFTY-II.NFO,01/11/2024,18:41:58,24530,24525.25,50,24530.2,250,0,1055400
NIFTY-II.NFO,01/11/2024,18:42:00,24525.25,24525.25,25,24530.2,250,25,1055400
NIFTY-II.NFO,01/11/2024,18:42:02,24525.25,24525.25,25,24530.2,250,0,1055400
NIFTY-II.NFO,01/11/2024,18:42:07,24530.2,24525.25,25,24530.2,225,25,1055400
NIFTY-II.NFO,01/11/2024,18:42:08,24530.2,24525.25,25,24530.2,225,0,1055400
NIFTY-II.NFO,01/11/2024,18:42:10,24525,24525.45,50,24530.2,225,50,1055400
NIFTY-II.NFO,01/11/2024,18:42:11,24525,24524,25,24530.2,225,0,1055400
NIFTY-II.NFO,01/11/2024,18:42:15,24525,24524.05,25,24530.2,225,0,1055400
NIFTY-II.NFO,01/11/2024,18:42:16,24525,24524.05,25,24529.65,25,0,1055400
NIFTY-II.NFO,01/11/2024,18:42:18,24525,24524.05,25,24529.5,25,0,1055400
NIFTY-II.NFO,01/11/2024,18:42:20,24525,24524,25,24530.2,225,25,1055400
NIFTY-II.NFO,01/11/2024,18:42:21,24530,24524,25,24530.2,225,25,1055400
NIFTY-II.NFO,01/11/2024,18:42:23,24530,24524,25,24530.2,225,0,1055400
NIFTY-II.NFO,01/11/2024,18:42:25,24530,24524.1,50,24529.55,225,0,1055400
NIFTY-II.NFO,01/11/2024,18:42:26,24523,24522.8,25,24529.55,225,100,1055400
NIFTY-II.NFO,01/11/2024,18:42:28,24529.55,24522.85,250,24529.55,200,25,1055400
NIFTY-II.NFO,01/11/2024,18:42:30,24529.55,24522.9,25,24529.55,200,0,1055400
NIFTY-II.NFO,01/11/2024,18:42:34,24529.55,24524.4,50,24529.55,200,0,1055400
NIFTY-II.NFO,01/11/2024,18:42:36,24529.55,24524.55,50,24529.55,200,0,1055400
NIFTY-II.NFO,01/11/2024,18:42:38,24529.55,24523.5,250,24529.55,200,0,1055400
NIFTY-II.NFO,01/11/2024,18:42:39,24529.55,24523.6,250,24529.55,200,0,1055400
NIFTY-II.NFO,01/11/2024,18:42:41,24529.55,24523.7,250,24529.55,200,0,1055400
NIFTY-II.NFO,01/11/2024,18:42:43,24529.55,24524,50,24529.9,25,0,1055400
NIFTY-II.NFO,01/11/2024,18:42:44,24529.55,24524.55,50,24529.9,25,0,1055400
NIFTY-II.NFO,01/11/2024,18:42:46,24529.9,24524.6,25,24530,25,25,1055400
NIFTY-II.NFO,01/11/2024,18:42:48,24529.9,24524.3,250,24530,25,0,1055400
NIFTY-II.NFO,01/11/2024,18:42:49,24529.9,24524,50,24530,25,0,1055400
NIFTY-II.NFO,01/11/2024,18:42:51,24529.9,24524.1,250,24530,25,0,1055400
NIFTY-II.NFO,01/11/2024,18:42:53,24529.9,24524,300,24530,25,0,1055400
NIFTY-II.NFO,01/11/2024,18:42:54,24529.9,24524,50,24529.9,25,0,1055400
NIFTY-II.NFO,01/11/2024,18:42:58,24529.9,24524.4,250,24529.9,25,0,1055400
NIFTY-II.NFO,01/11/2024,18:42:59,24529.9,24524.45,50,24529.9,25,0,1055400
NIFTY-II.NFO,01/11/2024,18:43:01,24529.9,24524,50,24529.9,25,0,1055400
NIFTY-II.NFO,01/11/2024,18:43:03,24529.9,24524,50,24529.7,250,0,1055400
NIFTY-II.NFO,01/11/2024,18:43:04,24529.9,24524,50,24529.9,25,0,1055400
NIFTY-II.NFO,01/11/2024,18:43:07,24524,24524,25,24529.9,25,25,1055400
NIFTY-II.NFO,01/11/2024,18:43:09,24524,24524,25,24529.7,250,0,1055400
