Ticker,Date,Time,LTP,BuyPrice,BuyQty,SellPrice,SellQty,LTQ,OpenInterest
BANKNIFTY-I.NFO,01/04/2025,09:15:00,51683.95,51542.6,120,51581.95,60,3450,0
BANKNIFTY-I.NFO,01/04/2025,09:15:00,51683.95,51542.6,120,51581.95,60,0,0
BANKNIFTY-I.NFO,01/04/2025,09:15:00,51683.95,51542.6,120,51581.95,60,0,0
BANKNIFTY-I.NFO,01/04/2025,09:15:00,51538,51542.6,120,51581.95,60,0,0
BANKNIFTY-I.NFO,01/04/2025,09:15:01,51580,51560.15,120,51579.85,150,1410,2692290
BANKNIFTY-I.NFO,01/04/2025,09:15:03,51564.65,51566.35,30,51581.95,60,2220,2692290
BANKNIFTY-I.NFO,01/04/2025,09:15:04,51580.95,51567.15,30,51580.95,120,1980,2692290
BANKNIFTY-I.NFO,01/04/2025,09:15:06,51590.8,51578.15,90,51590.8,60,2640,2692290
BANKNIFTY-I.NFO,01/04/2025,09:15:07,51599.85,51599.65,30,51599.85,60,600,2692290
BANKNIFTY-I.NFO,01/04/2025,09:15:09,51566.55,51568.4,180,51592.3,120,780,2692290
BANKNIFTY-I.NFO,01/04/2025,09:15:10,51598.55,51592.3,150,51599.65,60,960,2692290
BANKNIFTY-I.NFO,01/04/2025,09:15:12,51592.35,51598.15,150,51619.85,120,1140,2692290
BANKNIFTY-I.NFO,01/04/2025,09:15:13,51603.55,51603,120,51619.85,30,720,2692290
BANKNIFTY-I.NFO,01/04/2025,09:15:15,51616.35,51600.05,30,51616.35,90,1980,2692290
BANKNIFTY-I.NFO,01/04/2025,09:15:17,51592.55,51592.4,30,51598.15,90,1710,2692290
BANKNIFTY-I.NFO,01/04/2025,09:15:18,51607.9,51584.1,120,51607.85,120,1260,2692290
BANKNIFTY-I.NFO,01/04/2025,09:15:20,51605.5,51600,60,51607.75,30,210,2692290
BANKNIFTY-I.NFO,01/04/2025,09:15:21,51634.35,51622.15,150,51645.95,120,450,2692290
BANKNIFTY-I.NFO,01/04/2025,09:15:23,51630.55,51625,60,51630.9,30,270,2692290
BANKNIFTY-I.NFO,01/04/2025,09:15:24,51631.6,51620,30,51631.9,30,150,2692290
BANKNIFTY-I.NFO,01/04/2025,09:15:26,51632,51616.4,120,51633.25,120,510,2692290
BANKNIFTY-I.NFO,01/04/2025,09:15:27,51616.8,51616.8,120,51634.8,30,120,2692290
BANKNIFTY-I.NFO,01/04/2025,09:15:29,51632,51616.4,150,51634.55,120,510,2692290
BANKNIFTY-I.NFO,01/04/2025,09:15:31,51616.7,51616.35,30,51629.05,90,120,2690430
BANKNIFTY-I.NFO,01/04/2025,09:15:32,51632.25,51619.2,90,51631.4,30,360,2690430
BANKNIFTY-I.NFO,01/04/2025,09:15:34,51646.4,51639,60,51646.45,30,270,2690430
BANKNIFTY-I.NFO,01/04/2025,09:15:35,51639.4,51640,9570,51646.5,30,1560,2690430
BANKNIFTY-I.NFO,01/04/2025,09:15:37,51650,51640.05,120,51650,60,990,2690430
BANKNIFTY-I.NFO,01/04/2025,09:15:38,51671.15,51661,90,51672,150,330,2690430
BANKNIFTY-I.NFO,01/04/2025,09:15:40,51664.6,51664.75,210,51682.5,150,1350,2690430
BANKNIFTY-I.NFO,01/04/2025,09:15:42,51665.05,51665.05,30,51680.4,150,270,2690430
BANKNIFTY-I.NFO,01/04/2025,09:15:43,51665,51665,7950,51677.9,30,1320,2690430
BANKNIFTY-I.NFO,01/04/2025,09:15:45,51665.05,51665.05,30,51679.9,150,720,2690430
BANKNIFTY-I.NFO,01/04/2025,09:15:46,51683.45,51680.2,30,51683.85,60,420,2690430
BANKNIFTY-I.NFO,01/04/2025,09:15:48,51682.85,51665.05,120,51683.8,120,300,2690430
BANKNIFTY-I.NFO,01/04/2025,09:15:49,51677.55,51665.1,60,51680.15,90,300,2690430
BANKNIFTY-I.NFO,01/04/2025,09:15:51,51665.05,51665,7950,51672,120,600,2690430
BANKNIFTY-I.NFO,01/04/2025,09:15:53,51671.75,51677.55,30,51680.15,60,420,2690430
BANKNIFTY-I.NFO,01/04/2025,09:15:54,51678.4,51665,7740,51680.1,60,330,2690430
BANKNIFTY-I.NFO,01/04/2025,09:15:56,51677.55,51672.05,60,51677.55,30,90,2690430
BANKNIFTY-I.NFO,01/04/2025,09:15:57,51680.15,51680.1,30,51680.2,60,60,2690430
BANKNIFTY-I.NFO,01/04/2025,09:15:59,51679.95,51672.05,60,51674.95,120,630,2690430
BANKNIFTY-I.NFO,01/04/2025,09:15:59,51686.2,51672.05,60,51674.95,120,0,2690430
BANKNIFTY-I.NFO,01/04/2025,09:16:00,51656.25,51650,330,51654.2,210,1440,2690430
BANKNIFTY-I.NFO,01/04/2025,09:16:02,51649.6,51642,30,51649,60,630,2690430
BANKNIFTY-I.NFO,01/04/2025,09:16:03,51625.05,51625,210,51637.15,30,840,2690430
BANKNIFTY-I.NFO,01/04/2025,09:16:05,51629.45,51629.45,30,51637.6,30,1650,2690430
BANKNIFTY-I.NFO,01/04/2025,09:16:06,51643.3,51630,150,51643.05,180,90,2690430
BANKNIFTY-I.NFO,01/04/2025,09:16:08,51645,51630,300,51640,60,1020,2690430
BANKNIFTY-I.NFO,01/04/2025,09:16:10,51640,51630.25,120,51640,30,60,2690430
BANKNIFTY-I.NFO,01/04/2025,09:16:11,51634.1,51640,60,51649.45,180,150,2690430
BANKNIFTY-I.NFO,01/04/2025,09:16:13,51650.95,51639.3,30,51651,60,180,2690430
BANKNIFTY-I.NFO,01/04/2025,09:16:14,51656.35,51665.65,120,51674.65,30,990,2690430
BANKNIFTY-I.NFO,01/04/2025,09:16:16,51669.85,51667.85,120,51679.9,30,390,2690430
BANKNIFTY-I.NFO,01/04/2025,09:16:17,51685,51678.65,30,51690.55,90,300,2690430
BANKNIFTY-I.NFO,01/04/2025,09:16:19,51691.85,51685.1,30,51693,1230,150,2690430
BANKNIFTY-I.NFO,01/04/2025,09:16:19,51693,51685.1,30,51693,1230,0,2690430
BANKNIFTY-I.NFO,01/04/2025,09:16:20,51693,51692.1,90,51693,810,420,2690430
BANKNIFTY-I.NFO,01/04/2025,09:16:22,51700.15,51700.25,240,51707.4,30,1620,2690430
BANKNIFTY-I.NFO,01/04/2025,09:16:22,51707.95,51700.25,240,51707.4,30,0,2690430
BANKNIFTY-I.NFO,01/04/2025,09:16:24,51705.45,51701.25,60,51708,30,60,2690430
BANKNIFTY-I.NFO,01/04/2025,09:16:25,51707.65,51707.95,60,51714.1,30,120,2690430
BANKNIFTY-I.NFO,01/04/2025,09:16:25,51709,51707.95,60,51714.1,30,0,2690430
BANKNIFTY-I.NFO,01/04/2025,09:16:27,51727.9,51715.4,60,51727.15,90,270,2690430
BANKNIFTY-I.NFO,01/04/2025,09:16:27,51727.9,51715.4,60,51727.15,90,0,2690430
BANKNIFTY-I.NFO,01/04/2025,09:16:28,51715.4,51715.4,90,51724.3,60,330,2690430
BANKNIFTY-I.NFO,01/04/2025,09:16:30,51722.6,51715.4,90,51720.4,30,630,2690430
BANKNIFTY-I.NFO,01/04/2025,09:16:31,51722.55,51718.95,120,51719.6,150,540,2690430
BANKNIFTY-I.NFO,01/04/2025,09:16:33,51718.95,51718.95,60,51720,420,210,2690430
BANKNIFTY-I.NFO,01/04/2025,09:16:34,51714.1,51714.1,1080,51720,450,780,2690430
BANKNIFTY-I.NFO,01/04/2025,09:16:36,51720,51718.95,60,51720,390,180,2690430
BANKNIFTY-I.NFO,01/04/2025,09:16:37,51714.1,51714.1,1020,51718.5,150,210,2690430
BANKNIFTY-I.NFO,01/04/2025,09:16:39,51707.4,51700.55,30,51702.5,30,1230,2690430
BANKNIFTY-I.NFO,01/04/2025,09:16:40,51702.8,51700,270,51702.05,150,690,2690430
BANKNIFTY-I.NFO,01/04/2025,09:16:42,51700.15,51700,210,51710,30,120,2690430
BANKNIFTY-I.NFO,01/04/2025,09:16:43,51700.75,51700,210,51711.85,60,120,2690430
BANKNIFTY-I.NFO,01/04/2025,09:16:45,51713.8,51700.45,30,51713.75,30,90,2690430
BANKNIFTY-I.NFO,01/04/2025,09:16:47,51700.25,51700.1,60,51711.3,150,630,2690430
BANKNIFTY-I.NFO,01/04/2025,09:16:48,51702.2,51702.2,60,51711.3,90,120,2690430
BANKNIFTY-I.NFO,01/04/2025,09:16:50,51711.85,51713.8,60,51720,90,600,2690430
BANKNIFTY-I.NFO,01/04/2025,09:16:51,51710.05,51710,180,51721.95,30,720,2690430
BANKNIFTY-I.NFO,01/04/2025,09:16:53,51717.1,51710,150,51718.65,60,90,2690430
BANKNIFTY-I.NFO,01/04/2025,09:16:54,51710,51700.45,30,51710.05,30,300,2690430
BANKNIFTY-I.NFO,01/04/2025,09:16:56,51713.3,51696.95,60,51714.4,150,660,2690430
BANKNIFTY-I.NFO,01/04/2025,09:16:57,51700,51686.6,60,51703.65,90,300,2690430
BANKNIFTY-I.NFO,01/04/2025,09:16:59,51699.6,51685.2,90,51701.75,30,150,2690430
BANKNIFTY-I.NFO,01/04/2025,09:17:00,51710.05,51703.7,60,51719.5,30,240,2690430
BANKNIFTY-I.NFO,01/04/2025,09:17:02,51709.55,51713.35,60,51719.5,90,120,2690430
BANKNIFTY-I.NFO,01/04/2025,09:17:03,51721.85,51719.55,60,51725,60,480,2690430
BANKNIFTY-I.NFO,01/04/2025,09:17:05,51719.55,51719.95,30,51725,30,60,2690430
BANKNIFTY-I.NFO,01/04/2025,09:17:07,51740,51740,1260,51740.85,30,4800,2690430
BANKNIFTY-I.NFO,01/04/2025,09:17:07,51740,51740,1260,51740.85,30,0,2690430
BANKNIFTY-I.NFO,01/04/2025,09:17:08,51740,51740,1200,51740.85,90,60,2690430
BANKNIFTY-I.NFO,01/04/2025,09:17:10,51748.8,51750,210,51754.6,30,1380,2690430
BANKNIFTY-I.NFO,01/04/2025,09:17:10,51750.4,51750,210,51754.6,30,0,2690430
BANKNIFTY-I.NFO,01/04/2025,09:17:11,51743.1,51740.85,30,51750,30,540,2690430
BANKNIFTY-I.NFO,01/04/2025,09:17:11,51755.45,51740.85,30,51750,30,0,2690430
BANKNIFTY-I.NFO,01/04/2025,09:17:13,51748.25,51742.6,30,51746,30,240,2690430
BANKNIFTY-I.NFO,01/04/2025,09:17:14,51748.25,51742.7,60,51749.05,30,300,2690430
BANKNIFTY-I.NFO,01/04/2025,09:17:16,51751.35,51748.65,30,51751.35,90,120,2690430
BANKNIFTY-I.NFO,01/04/2025,09:17:17,51752,51752,390,51753.25,60,1230,2690430
BANKNIFTY-I.NFO,01/04/2025,09:17:19,51761.2,51753.4,30,51759.65,150,1440,2690430
BANKNIFTY-I.NFO,01/04/2025,09:17:19,51761.2,51753.4,30,51759.65,150,0,2690430
BANKNIFTY-I.NFO,01/04/2025,09:17:21,51753.25,51746.55,30,51754.1,150,330,2690430
BANKNIFTY-I.NFO,01/04/2025,09:17:22,51749.05,51750.15,30,51751.2,150,240,2690430
BANKNIFTY-I.NFO,01/04/2025,09:17:24,51751.45,51748.25,30,51752.9,30,1200,2690430
BANKNIFTY-I.NFO,01/04/2025,09:17:25,51753.25,51749.45,30,51758.05,120,150,2690430
BANKNIFTY-I.NFO,01/04/2025,09:17:27,51751.45,51751,30,51752,90,150,2690430
BANKNIFTY-I.NFO,01/04/2025,09:17:29,51750.35,51750.2,30,51752.05,60,240,2690430
BANKNIFTY-I.NFO,01/04/2025,09:17:30,51752,51752,120,51753.4,60,90,2690430
BANKNIFTY-I.NFO,01/04/2025,09:17:32,51761.2,51761.2,210,51766.55,150,600,2690430
BANKNIFTY-I.NFO,01/04/2025,09:17:33,51761.8,51761.45,30,51762.1,60,120,2690430
BANKNIFTY-I.NFO,01/04/2025,09:17:33,51762,51761.45,30,51762.1,60,0,2690430
BANKNIFTY-I.NFO,01/04/2025,09:17:35,51761.95,51761.2,90,51765.4,150,510,2690430
BANKNIFTY-I.NFO,01/04/2025,09:17:35,51762.6,51761.2,90,51765.4,150,0,2690430
BANKNIFTY-I.NFO,01/04/2025,09:17:36,51761.2,51761.2,30,51762.35,30,240,2690430
BANKNIFTY-I.NFO,01/04/2025,09:17:38,51762.45,51761.3,30,51772,90,90,2690430
BANKNIFTY-I.NFO,01/04/2025,09:17:39,51770.95,51762.75,30,51769.9,30,60,2690430
BANKNIFTY-I.NFO,01/04/2025,09:17:39,51770.95,51762.75,30,51769.9,30,0,2690430
BANKNIFTY-I.NFO,01/04/2025,09:17:41,51755.75,51755,90,51760,180,150,2690430
BANKNIFTY-I.NFO,01/04/2025,09:17:43,51753.65,51753.4,30,51753.45,150,210,2690430
BANKNIFTY-I.NFO,01/04/2025,09:17:44,51747.05,51744.5,60,51746.65,150,810,2690430
BANKNIFTY-I.NFO,01/04/2025,09:17:46,51742.8,51740.6,300,51742.8,240,120,2690430
BANKNIFTY-I.NFO,01/04/2025,09:17:47,51745.35,51740,30,51745.6,30,840,2690430
BANKNIFTY-I.NFO,01/04/2025,09:17:49,51731.7,51737.75,300,51740.6,30,60,2690430
BANKNIFTY-I.NFO,01/04/2025,09:17:50,51740.55,51734.55,300,51738.5,30,150,2690430
BANKNIFTY-I.NFO,01/04/2025,09:17:52,51736.85,51736.6,150,51737,150,60,2690430
BANKNIFTY-I.NFO,01/04/2025,09:17:54,51740,51735.95,150,51740.55,60,1020,2690430
BANKNIFTY-I.NFO,01/04/2025,09:17:55,51738.15,51735.25,150,51736.85,30,60,2690430
BANKNIFTY-I.NFO,01/04/2025,09:17:57,51736.85,51729.75,150,51739.35,150,420,2690430
BANKNIFTY-I.NFO,01/04/2025,09:17:58,51728.95,51727.85,300,51735.65,30,180,2690430
BANKNIFTY-I.NFO,01/04/2025,09:18:00,51738.35,51725.05,90,51737.55,60,1200,2690430
BANKNIFTY-I.NFO,01/04/2025,09:18:01,51725.05,51725,30,51727.5,30,180,2690430
BANKNIFTY-I.NFO,01/04/2025,09:18:03,51722.5,51722.25,300,51723.8,30,60,2690430
BANKNIFTY-I.NFO,01/04/2025,09:18:05,51722.25,51713.35,60,51722.25,120,570,2690430
BANKNIFTY-I.NFO,01/04/2025,09:18:06,51731.8,51716.95,60,51734.95,30,1170,2690430
BANKNIFTY-I.NFO,01/04/2025,09:18:08,51730.05,51730.05,30,51736.85,30,180,2690430
BANKNIFTY-I.NFO,01/04/2025,09:18:09,51738.15,51730.1,60,51740,180,120,2690430
BANKNIFTY-I.NFO,01/04/2025,09:18:11,51731.25,51732.45,90,51745.35,30,540,2690430
BANKNIFTY-I.NFO,01/04/2025,09:18:13,51739.95,51740,60,51748.7,30,210,2690430
BANKNIFTY-I.NFO,01/04/2025,09:18:14,51752.4,51740.35,60,51752.4,30,960,2690430
BANKNIFTY-I.NFO,01/04/2025,09:18:16,51740.35,51735.1,30,51744.1,90,750,2690430
BANKNIFTY-I.NFO,01/04/2025,09:18:18,51746.05,51730.1,60,51740.35,150,720,2690430
BANKNIFTY-I.NFO,01/04/2025,09:18:19,51748.15,51732.15,120,51749.6,30,1110,2690430
BANKNIFTY-I.NFO,01/04/2025,09:18:21,51748.15,51732.45,90,51749.9,60,0,2690430
BANKNIFTY-I.NFO,01/04/2025,09:18:23,51732.45,51735.1,30,51744.55,30,60,2690430
BANKNIFTY-I.NFO,01/04/2025,09:18:24,51732,51730.3,30,51738.25,120,120,2690430
BANKNIFTY-I.NFO,01/04/2025,09:18:26,51730.3,51730.05,60,51734.05,60,60,2690430
BANKNIFTY-I.NFO,01/04/2025,09:18:28,51720.3,51720,240,51727.5,60,150,2690430
BANKNIFTY-I.NFO,01/04/2025,09:18:29,51720.3,51720,90,51720.3,60,270,2690430
BANKNIFTY-I.NFO,01/04/2025,09:18:31,51720.05,51714.1,30,51727.15,30,840,2712060
BANKNIFTY-I.NFO,01/04/2025,09:18:33,51730,51727.5,30,51730,990,180,2712060
BANKNIFTY-I.NFO,01/04/2025,09:18:34,51727.5,51720.3,90,51725.25,60,60,2712060
BANKNIFTY-I.NFO,01/04/2025,09:18:36,51710.85,51710.8,30,51721.85,30,690,2712060
BANKNIFTY-I.NFO,01/04/2025,09:18:38,51722,51720,30,51722.5,30,30,2712060
BANKNIFTY-I.NFO,01/04/2025,09:18:39,51720,51716.45,30,51723.2,30,150,2712060
BANKNIFTY-I.NFO,01/04/2025,09:18:41,51716.7,51716.65,30,51720,90,30,2712060
BANKNIFTY-I.NFO,01/04/2025,09:18:43,51720,51710.85,30,51718.15,30,240,2712060
BANKNIFTY-I.NFO,01/04/2025,09:18:44,51700.1,51700,420,51711.1,30,930,2712060
BANKNIFTY-I.NFO,01/04/2025,09:18:46,51709.35,51694.1,30,51709.3,60,720,2712060
BANKNIFTY-I.NFO,01/04/2025,09:18:48,51682,51698.05,30,51702.15,60,630,2712060
BANKNIFTY-I.NFO,01/04/2025,09:18:49,51698.05,51688.85,60,51702.2,60,30,2712060
BANKNIFTY-I.NFO,01/04/2025,09:18:51,51702.2,51700.1,30,51713.85,60,120,2712060
BANKNIFTY-I.NFO,01/04/2025,09:18:53,51700,51700,780,51709.45,60,90,2712060
BANKNIFTY-I.NFO,01/04/2025,09:18:54,51700,51700,690,51702.95,30,90,2712060
BANKNIFTY-I.NFO,01/04/2025,09:18:56,51695,51695,120,51701.55,60,720,2712060
BANKNIFTY-I.NFO,01/04/2025,09:18:58,51699.7,51695,120,51697,60,150,2712060
BANKNIFTY-I.NFO,01/04/2025,09:18:59,51674.65,51671.05,30,51684.55,60,390,2712060
BANKNIFTY-I.NFO,01/04/2025,09:19:01,51685.55,51670.85,60,51689.45,60,60,2712060
BANKNIFTY-I.NFO,01/04/2025,09:19:03,51666,51660.9,30,51678.1,120,690,2712060
BANKNIFTY-I.NFO,01/04/2025,09:19:04,51654,51654.25,30,51673.95,30,870,2712060
BANKNIFTY-I.NFO,01/04/2025,09:19:06,51673.85,51670,180,51673.85,60,90,2712060
BANKNIFTY-I.NFO,01/04/2025,09:19:08,51670,51670,60,51678,30,210,2712060
BANKNIFTY-I.NFO,01/04/2025,09:19:09,51667,51666.5,60,51678,30,870,2712060
BANKNIFTY-I.NFO,01/04/2025,09:19:11,51678,51674.4,60,51692.5,60,960,2712060
BANKNIFTY-I.NFO,01/04/2025,09:19:13,51674.4,51673.95,30,51687.65,60,60,2712060
BANKNIFTY-I.NFO,01/04/2025,09:19:14,51682.2,51679.55,30,51684,90,30,2712060
BANKNIFTY-I.NFO,01/04/2025,09:19:16,51684,51679.55,90,51684,60,30,2712060
BANKNIFTY-I.NFO,01/04/2025,09:19:17,51680,51674.4,30,51679.65,30,120,2712060
BANKNIFTY-I.NFO,01/04/2025,09:19:19,51670,51655,60,51669.95,60,240,2712060
BANKNIFTY-I.NFO,01/04/2025,09:19:21,51654,51653.4,30,51666.65,60,360,2712060
BANKNIFTY-I.NFO,01/04/2025,09:19:22,51651,51650,210,51653.95,30,210,2712060
BANKNIFTY-I.NFO,01/04/2025,09:19:24,51653.9,51650,210,51653.9,60,390,2712060
BANKNIFTY-I.NFO,01/04/2025,09:19:26,51640.1,51640,300,51652.05,30,330,2712060
BANKNIFTY-I.NFO,01/04/2025,09:19:27,51640.05,51640.05,30,51650,30,120,2712060
BANKNIFTY-I.NFO,01/04/2025,09:19:29,51650,51655.85,60,51668,180,630,2712060
BANKNIFTY-I.NFO,01/04/2025,09:19:31,51654.7,51654.8,30,51673.05,90,480,2712060
BANKNIFTY-I.NFO,01/04/2025,09:19:32,51656.4,51657.1,30,51675,120,60,2712060
BANKNIFTY-I.NFO,01/04/2025,09:19:34,51656.4,51653.9,30,51671.1,90,0,2712060
BANKNIFTY-I.NFO,01/04/2025,09:19:36,51653.9,51650,180,51656.1,30,30,2712060
BANKNIFTY-I.NFO,01/04/2025,09:19:37,51671.1,51655,30,51671.1,30,1200,2712060
BANKNIFTY-I.NFO,01/04/2025,09:19:39,51660,51655.05,60,51672.8,90,120,2712060
BANKNIFTY-I.NFO,01/04/2025,09:19:40,51655.05,51669.25,30,51672.8,30,30,2712060
BANKNIFTY-I.NFO,01/04/2025,09:19:42,51669.25,51656.7,30,51663.6,30,90,2712060
BANKNIFTY-I.NFO,01/04/2025,09:19:44,51653.95,51660,90,51662.6,30,120,2712060
BANKNIFTY-I.NFO,01/04/2025,09:19:45,51655.05,51654,30,51670.2,30,1050,2712060
BANKNIFTY-I.NFO,01/04/2025,09:19:47,51655.05,51654,30,51668,30,30,2712060
BANKNIFTY-I.NFO,01/04/2025,09:19:49,51670.9,51665,90,51670,150,360,2712060
BANKNIFTY-I.NFO,01/04/2025,09:19:50,51655.1,51665,60,51668.95,30,180,2712060
BANKNIFTY-I.NFO,01/04/2025,09:19:52,51661.3,51655.05,30,51657.55,30,510,2712060
BANKNIFTY-I.NFO,01/04/2025,09:19:54,51660.05,51655.05,30,51659.7,90,900,2712060
BANKNIFTY-I.NFO,01/04/2025,09:19:55,51660.05,51655.1,30,51657.6,90,0,2712060
BANKNIFTY-I.NFO,01/04/2025,09:19:57,51670,51657.75,90,51670,840,450,2712060
BANKNIFTY-I.NFO,01/04/2025,09:19:58,51657.7,51657.55,60,51670,840,300,2712060
BANKNIFTY-I.NFO,01/04/2025,09:20:00,51655,51655,30,51656.35,30,180,2712060
BANKNIFTY-I.NFO,01/04/2025,09:20:02,51654.1,51653.95,1470,51662.7,30,690,2712060
BANKNIFTY-I.NFO,01/04/2025,09:20:03,51653.95,51653.95,1320,51664.65,150,960,2712060
BANKNIFTY-I.NFO,01/04/2025,09:20:05,51653.95,51653.95,1290,51657.35,30,30,2712060
BANKNIFTY-I.NFO,01/04/2025,09:20:07,51653.95,51653.95,1260,51655.7,30,960,2712060
BANKNIFTY-I.NFO,01/04/2025,09:20:09,51653.95,51653.95,1200,51663.95,30,180,2712060
BANKNIFTY-I.NFO,01/04/2025,09:20:10,51664.15,51653.95,1200,51664.65,150,420,2712060
BANKNIFTY-I.NFO,01/04/2025,09:20:12,51664.15,51653.95,1260,51661.4,60,0,2712060
BANKNIFTY-I.NFO,01/04/2025,09:20:13,51665.5,51657.4,30,51665.75,30,30,2712060
BANKNIFTY-I.NFO,01/04/2025,09:20:15,51664,51657.45,30,51665.1,30,30,2712060
BANKNIFTY-I.NFO,01/04/2025,09:20:17,51665,51661,30,51665,630,300,2712060
BANKNIFTY-I.NFO,01/04/2025,09:20:18,51656.1,51655.3,30,51655.45,90,240,2712060
BANKNIFTY-I.NFO,01/04/2025,09:20:20,51654.7,51653.95,1230,51654.7,60,60,2712060
BANKNIFTY-I.NFO,01/04/2025,09:20:22,51653.95,51653.95,1050,51654.2,60,180,2712060
BANKNIFTY-I.NFO,01/04/2025,09:20:23,51654.2,51655.45,210,51656.15,30,60,2712060
BANKNIFTY-I.NFO,01/04/2025,09:20:25,51653.95,51653.95,810,51655.3,60,450,2712060
BANKNIFTY-I.NFO,01/04/2025,09:20:27,51640,51638,30,51642.45,30,1890,2712060
BANKNIFTY-I.NFO,01/04/2025,09:20:28,51641.3,51641.35,60,51648.2,30,480,2712060
BANKNIFTY-I.NFO,01/04/2025,09:20:30,51645,51641.4,30,51649.9,90,60,2712060
BANKNIFTY-I.NFO,01/04/2025,09:20:32,51654.15,51641.45,120,51654.15,90,90,2712060
BANKNIFTY-I.NFO,01/04/2025,09:20:33,51641.45,51641.5,30,51653.8,90,60,2712060
BANKNIFTY-I.NFO,01/04/2025,09:20:35,51640,51636.05,30,51642.05,30,480,2712060
BANKNIFTY-I.NFO,01/04/2025,09:20:37,51630,51630,330,51640.65,150,270,2712060
BANKNIFTY-I.NFO,01/04/2025,09:20:38,51642.1,51642.15,30,51645,30,300,2712060
BANKNIFTY-I.NFO,01/04/2025,09:20:40,51632.05,51630.25,90,51645.55,30,120,2712060
BANKNIFTY-I.NFO,01/04/2025,09:20:42,51647.35,51640,30,51643.6,60,60,2712060
BANKNIFTY-I.NFO,01/04/2025,09:20:43,51640,51630.35,30,51643.25,30,420,2712060
BANKNIFTY-I.NFO,01/04/2025,09:20:45,51639.75,51625.05,120,51640,30,330,2712060
BANKNIFTY-I.NFO,01/04/2025,09:20:47,51640,51630,150,51643.65,60,60,2712060
BANKNIFTY-I.NFO,01/04/2025,09:20:48,51625.05,51628.3,330,51644.25,30,180,2712060
BANKNIFTY-I.NFO,01/04/2025,09:20:50,51648.05,51636.95,120,51647.95,30,150,2712060
BANKNIFTY-I.NFO,01/04/2025,09:20:52,51654.7,51650.6,30,51666.65,30,270,2712060
BANKNIFTY-I.NFO,01/04/2025,09:20:53,51654.1,51651.1,90,51666.65,30,60,2712060
BANKNIFTY-I.NFO,01/04/2025,09:20:55,51666.6,51653.6,60,51666.65,30,60,2712060
BANKNIFTY-I.NFO,01/04/2025,09:20:57,51642.05,51642.1,30,51663.2,30,270,2712060
BANKNIFTY-I.NFO,01/04/2025,09:20:58,51648.6,51648.6,30,51666.65,30,30,2712060
BANKNIFTY-I.NFO,01/04/2025,09:21:00,51650.8,51656.45,30,51666.65,90,150,2712060
BANKNIFTY-I.NFO,01/04/2025,09:21:02,51676.8,51677.2,60,51695.45,30,330,2712060
BANKNIFTY-I.NFO,01/04/2025,09:21:03,51704.6,51701.3,30,51715,30,240,2712060
BANKNIFTY-I.NFO,01/04/2025,09:21:05,51714,51701.3,30,51709,30,750,2712060
BANKNIFTY-I.NFO,01/04/2025,09:21:07,51701.3,51701.35,30,51715,30,30,2712060
BANKNIFTY-I.NFO,01/04/2025,09:21:08,51695.8,51698.4,30,51715,30,60,2712060
BANKNIFTY-I.NFO,01/04/2025,09:21:10,51706.75,51706.55,60,51715,30,180,2712060
BANKNIFTY-I.NFO,01/04/2025,09:21:12,51714.95,51706.55,120,51715,30,330,2712060
BANKNIFTY-I.NFO,01/04/2025,09:21:13,51720,51706.7,60,51720,60,180,2712060
BANKNIFTY-I.NFO,01/04/2025,09:21:15,51706.6,51699.4,90,51720.05,150,1140,2712060
BANKNIFTY-I.NFO,01/04/2025,09:21:17,51699.8,51699.45,60,51710,30,60,2712060
BANKNIFTY-I.NFO,01/04/2025,09:21:18,51699.55,51699.5,60,51710,30,60,2712060
BANKNIFTY-I.NFO,01/04/2025,09:21:20,51699.65,51699.6,60,51715.8,60,600,2712060
BANKNIFTY-I.NFO,01/04/2025,09:21:22,51699.65,51700.1,60,51719.95,30,120,2712060
BANKNIFTY-I.NFO,01/04/2025,09:21:23,51699.6,51700.1,60,51712.8,60,150,2712060
BANKNIFTY-I.NFO,01/04/2025,09:21:25,51719.95,51700.75,30,51720,30,270,2712060
BANKNIFTY-I.NFO,01/04/2025,09:21:27,51700.75,51700.75,30,51715.05,60,60,2712060
BANKNIFTY-I.NFO,01/04/2025,09:21:28,51714.6,51700.85,30,51718.35,90,60,2712060
BANKNIFTY-I.NFO,01/04/2025,09:21:30,51700.85,51700.85,90,51711.05,60,150,2712060
BANKNIFTY-I.NFO,01/04/2025,09:21:31,51700.85,51695.8,30,51701.05,60,360,2720730
BANKNIFTY-I.NFO,01/04/2025,09:21:33,51695.95,51695.9,30,51700.85,30,30,2720730
BANKNIFTY-I.NFO,01/04/2025,09:21:35,51705,51695.9,120,51710.6,60,180,2720730
BANKNIFTY-I.NFO,01/04/2025,09:21:36,51705,51700.75,600,51707.85,60,0,2720730
BANKNIFTY-I.NFO,01/04/2025,09:21:38,51700.75,51700.8,180,51707.85,30,30,2720730
BANKNIFTY-I.NFO,01/04/2025,09:21:40,51700.75,51700.05,30,51705.85,120,1140,2720730
BANKNIFTY-I.NFO,01/04/2025,09:21:41,51700.1,51700.1,30,51700.85,120,30,2720730
BANKNIFTY-I.NFO,01/04/2025,09:21:43,51700.1,51700.15,30,51700.85,120,0,2720730
BANKNIFTY-I.NFO,01/04/2025,09:21:45,51709.6,51706.05,30,51709.95,60,150,2720730
BANKNIFTY-I.NFO,01/04/2025,09:21:46,51709.6,51706.05,120,51709.9,60,0,2720730
BANKNIFTY-I.NFO,01/04/2025,09:21:50,51703.25,51695.8,30,51701.6,60,750,2720730
BANKNIFTY-I.NFO,01/04/2025,09:21:51,51702.95,51695.85,60,51702.5,30,270,2720730
BANKNIFTY-I.NFO,01/04/2025,09:21:53,51702.5,51695.9,60,51703.45,30,150,2720730
BANKNIFTY-I.NFO,01/04/2025,09:21:55,51680.35,51680.35,30,51695.15,30,180,2720730
BANKNIFTY-I.NFO,01/04/2025,09:21:56,51680.4,51680.35,60,51693.7,120,90,2720730
BANKNIFTY-I.NFO,01/04/2025,09:21:58,51694.8,51692.6,360,51709.45,60,90,2720730
BANKNIFTY-I.NFO,01/04/2025,09:22:00,51697.7,51699.8,90,51710,90,30,2720730
BANKNIFTY-I.NFO,01/04/2025,09:22:01,51696.2,51699.8,60,51709.85,60,270,2720730
BANKNIFTY-I.NFO,01/04/2025,09:22:03,51710,51710,30,51715,30,120,2720730
BANKNIFTY-I.NFO,01/04/2025,09:22:05,51710,51710.05,30,51715,30,0,2720730
BANKNIFTY-I.NFO,01/04/2025,09:22:06,51719.95,51710.05,60,51714.95,30,90,2720730
BANKNIFTY-I.NFO,01/04/2025,09:22:08,51710,51709.85,300,51714.9,30,210,2720730
BANKNIFTY-I.NFO,01/04/2025,09:22:10,51709.15,51709.15,270,51714.1,60,360,2720730
BANKNIFTY-I.NFO,01/04/2025,09:22:11,51714.5,51709.15,330,51715.55,60,120,2720730
BANKNIFTY-I.NFO,01/04/2025,09:22:13,51700,51696.15,300,51705.2,120,390,2720730
BANKNIFTY-I.NFO,01/04/2025,09:22:14,51700,51696.15,300,51701.9,60,0,2720730
BANKNIFTY-I.NFO,01/04/2025,09:22:16,51680,51675,90,51680,510,930,2720730
BANKNIFTY-I.NFO,01/04/2025,09:22:18,51679.6,51675,90,51678.8,30,30,2720730
BANKNIFTY-I.NFO,01/04/2025,09:22:20,51660.55,51660.3,30,51671.1,60,420,2720730
BANKNIFTY-I.NFO,01/04/2025,09:22:21,51660.55,51661.05,120,51673.3,60,0,2720730
BANKNIFTY-I.NFO,01/04/2025,09:22:23,51661.05,51661.05,120,51669.15,60,30,2720730
BANKNIFTY-I.NFO,01/04/2025,09:22:25,51660.3,51655,210,51662.6,30,480,2720730
BANKNIFTY-I.NFO,01/04/2025,09:22:26,51655.05,51655.05,60,51671.8,30,180,2720730
BANKNIFTY-I.NFO,01/04/2025,09:22:28,51656.7,51665,30,51679.7,60,150,2720730
BANKNIFTY-I.NFO,01/04/2025,09:22:30,51665.05,51665,60,51677.05,30,30,2720730
BANKNIFTY-I.NFO,01/04/2025,09:22:31,51665.05,51665,90,51675.9,180,0,2720730
BANKNIFTY-I.NFO,01/04/2025,09:22:33,51675.45,51666.65,60,51674.8,30,30,2720730
BANKNIFTY-I.NFO,01/04/2025,09:22:35,51668.4,51669.05,90,51680,510,300,2720730
BANKNIFTY-I.NFO,01/04/2025,09:22:36,51668.4,51669.05,90,51679.95,60,0,2720730
BANKNIFTY-I.NFO,01/04/2025,09:22:38,51679.95,51674.8,60,51680,510,120,2720730
BANKNIFTY-I.NFO,01/04/2025,09:22:40,51679.95,51674.8,150,51679.65,60,240,2720730
BANKNIFTY-I.NFO,01/04/2025,09:22:41,51679.95,51674.85,120,51679.8,60,0,2720730
BANKNIFTY-I.NFO,01/04/2025,09:22:43,51674.85,51674.85,120,51676.15,60,60,2720730
BANKNIFTY-I.NFO,01/04/2025,09:22:45,51676.1,51674.9,30,51675.3,60,120,2720730
BANKNIFTY-I.NFO,01/04/2025,09:22:46,51665,51674.95,30,51675.25,60,330,2720730
BANKNIFTY-I.NFO,01/04/2025,09:22:48,51674.95,51663.95,60,51675.25,60,30,2720730
BANKNIFTY-I.NFO,01/04/2025,09:22:50,51664.9,51669.05,90,51675.25,60,240,2720730
BANKNIFTY-I.NFO,01/04/2025,09:22:51,51675.25,51669.35,120,51679.85,60,30,2720730
BANKNIFTY-I.NFO,01/04/2025,09:22:53,51675,51669.35,90,51679,30,30,2720730
BANKNIFTY-I.NFO,01/04/2025,09:22:55,51669.35,51669.35,90,51679,90,60,2720730
BANKNIFTY-I.NFO,01/04/2025,09:22:56,51669.35,51669.35,90,51679,90,0,2720730
BANKNIFTY-I.NFO,01/04/2025,09:22:58,51669.35,51675.25,30,51678.95,90,0,2720730
BANKNIFTY-I.NFO,01/04/2025,09:23:00,51671.65,51659.95,30,51671.65,30,330,2720730
BANKNIFTY-I.NFO,01/04/2025,09:23:01,51671.65,51660,60,51664.95,90,30,2720730
BANKNIFTY-I.NFO,01/04/2025,09:23:03,51664.9,51660.5,90,51665,450,180,2720730
BANKNIFTY-I.NFO,01/04/2025,09:23:05,51668.9,51675,30,51678.85,30,780,2720730
BANKNIFTY-I.NFO,01/04/2025,09:23:06,51679,51675.05,210,51693.35,30,60,2720730
BANKNIFTY-I.NFO,01/04/2025,09:23:08,51679,51684.65,30,51700,90,0,2720730
BANKNIFTY-I.NFO,01/04/2025,09:23:10,51699.95,51691.65,60,51699.95,90,60,2720730
BANKNIFTY-I.NFO,01/04/2025,09:23:11,51699.95,51694.95,30,51699.9,90,0,2720730
BANKNIFTY-I.NFO,01/04/2025,09:23:13,51700,51694.95,90,51700,60,150,2720730
BANKNIFTY-I.NFO,01/04/2025,09:23:15,51694.95,51679.05,90,51699.65,90,90,2720730
BANKNIFTY-I.NFO,01/04/2025,09:23:16,51681.1,51679,60,51694.25,60,30,2720730
BANKNIFTY-I.NFO,01/04/2025,09:23:18,51697.55,51679,90,51694.1,60,30,2720730
BANKNIFTY-I.NFO,01/04/2025,09:23:20,51679,51681.1,30,51692.85,60,30,2720730
BANKNIFTY-I.NFO,01/04/2025,09:23:21,51692.75,51681.1,60,51689.5,60,90,2720730
BANKNIFTY-I.NFO,01/04/2025,09:23:23,51681.3,51681.3,270,51689.5,150,840,2720730
BANKNIFTY-I.NFO,01/04/2025,09:23:25,51681.3,51681.3,390,51684.9,60,30,2720730
BANKNIFTY-I.NFO,01/04/2025,09:23:26,51681.3,51681.35,150,51689.15,120,30,2720730
BANKNIFTY-I.NFO,01/04/2025,09:23:28,51681.35,51681.35,120,51692,60,60,2720730
BANKNIFTY-I.NFO,01/04/2025,09:23:30,51681.45,51681.35,90,51681.6,30,60,2720730
BANKNIFTY-I.NFO,01/04/2025,09:23:31,51670.6,51670,60,51681.45,60,360,2720730
BANKNIFTY-I.NFO,01/04/2025,09:23:33,51670.6,51670,60,51681.4,60,0,2720730
BANKNIFTY-I.NFO,01/04/2025,09:23:35,51670,51670.6,30,51677.5,60,60,2720730
BANKNIFTY-I.NFO,01/04/2025,09:23:36,51661,51661,60,51675.8,60,60,2720730
BANKNIFTY-I.NFO,01/04/2025,09:23:38,51661,51661,120,51669.05,60,0,2720730
BANKNIFTY-I.NFO,01/04/2025,09:23:39,51655.45,51660.6,30,51668.15,60,300,2720730
BANKNIFTY-I.NFO,01/04/2025,09:23:41,51655.45,51662.75,60,51666.95,60,0,2720730
BANKNIFTY-I.NFO,01/04/2025,09:23:43,51655,51651.1,30,51659.5,30,450,2720730
BANKNIFTY-I.NFO,01/04/2025,09:23:44,51650,51650,180,51659.4,60,180,2720730
BANKNIFTY-I.NFO,01/04/2025,09:23:46,51650,51650,180,51655.6,60,0,2720730
BANKNIFTY-I.NFO,01/04/2025,09:23:48,51651.6,51650.05,60,51651.6,30,30,2720730
BANKNIFTY-I.NFO,01/04/2025,09:23:49,51656.75,51650.1,60,51659.15,120,60,2720730
BANKNIFTY-I.NFO,01/04/2025,09:23:51,51658.55,51650.1,60,51658.8,60,30,2720730
BANKNIFTY-I.NFO,01/04/2025,09:23:53,51658.55,51650.35,90,51659.05,60,0,2720730
BANKNIFTY-I.NFO,01/04/2025,09:23:54,51659.5,51657.1,150,51676.1,60,90,2720730
BANKNIFTY-I.NFO,01/04/2025,09:23:56,51664.2,51661.95,120,51676.15,30,60,2720730
BANKNIFTY-I.NFO,01/04/2025,09:23:58,51660,51660,30,51669,60,90,2720730
BANKNIFTY-I.NFO,01/04/2025,09:23:59,51671.65,51660,30,51668,30,60,2720730
BANKNIFTY-I.NFO,01/04/2025,09:24:01,51671.65,51660,30,51661.55,30,0,2720730
BANKNIFTY-I.NFO,01/04/2025,09:24:03,51650.25,51650.15,30,51652.95,30,480,2720730
BANKNIFTY-I.NFO,01/04/2025,09:24:04,51650.25,51650.05,30,51651.45,90,0,2720730
BANKNIFTY-I.NFO,01/04/2025,09:24:06,51664.2,51656,60,51670.75,60,270,2720730
BANKNIFTY-I.NFO,01/04/2025,09:24:08,51656.25,51656,30,51669.6,30,210,2720730
BANKNIFTY-I.NFO,01/04/2025,09:24:09,51656.25,51656,60,51669.55,30,0,2720730
BANKNIFTY-I.NFO,01/04/2025,09:24:11,51656.25,51656,60,51666.6,30,0,2720730
BANKNIFTY-I.NFO,01/04/2025,09:24:13,51665.45,51656.05,30,51664.7,30,30,2720730
BANKNIFTY-I.NFO,01/04/2025,09:24:14,51660,51656.1,30,51662.1,60,30,2720730
BANKNIFTY-I.NFO,01/04/2025,09:24:16,51656.05,51658.7,60,51678.85,60,300,2720730
BANKNIFTY-I.NFO,01/04/2025,09:24:18,51656.05,51661.2,60,51674.75,30,0,2720730
BANKNIFTY-I.NFO,01/04/2025,09:24:19,51667.05,51666.45,60,51674.75,30,90,2720730
BANKNIFTY-I.NFO,01/04/2025,09:24:21,51672.7,51672.4,30,51684.1,30,150,2720730
BANKNIFTY-I.NFO,01/04/2025,09:24:23,51672.7,51669.4,60,51680,30,0,2720730
BANKNIFTY-I.NFO,01/04/2025,09:24:24,51682.85,51672.8,30,51682.85,60,90,2720730
BANKNIFTY-I.NFO,01/04/2025,09:24:26,51682.85,51668,30,51680,60,60,2720730
BANKNIFTY-I.NFO,01/04/2025,09:24:28,51680,51668.65,60,51680,90,30,2720730
BANKNIFTY-I.NFO,01/04/2025,09:24:31,51680,51668.65,30,51679.9,60,0,2720730
BANKNIFTY-I.NFO,01/04/2025,09:24:33,51679.9,51675,30,51679.9,60,30,2724540
BANKNIFTY-I.NFO,01/04/2025,09:24:34,51685,51684.4,30,51697.55,30,2160,2724540
BANKNIFTY-I.NFO,01/04/2025,09:24:36,51687.85,51693.4,60,51697.55,30,120,2724540
BANKNIFTY-I.NFO,01/04/2025,09:24:38,51687.85,51693.4,30,51697.55,30,0,2724540
BANKNIFTY-I.NFO,01/04/2025,09:24:39,51693.4,51687.5,150,51697.5,60,30,2724540
BANKNIFTY-I.NFO,01/04/2025,09:24:41,51685.3,51685.3,30,51693.4,30,90,2724540
BANKNIFTY-I.NFO,01/04/2025,09:24:43,51682.7,51680,30,51690.6,60,30,2724540
BANKNIFTY-I.NFO,01/04/2025,09:24:44,51682.7,51680,30,51687.75,30,0,2724540
BANKNIFTY-I.NFO,01/04/2025,09:24:46,51680,51672.65,60,51680,390,90,2724540
BANKNIFTY-I.NFO,01/04/2025,09:24:47,51680,51668.7,30,51680,390,0,2724540
BANKNIFTY-I.NFO,01/04/2025,09:24:49,51680,51668.7,30,51678.75,90,30,2724540
BANKNIFTY-I.NFO,01/04/2025,09:24:51,51680,51668.7,30,51678.3,120,0,2724540
BANKNIFTY-I.NFO,01/04/2025,09:24:52,51668.65,51660,30,51669.55,60,210,2724540
BANKNIFTY-I.NFO,01/04/2025,09:24:54,51668.65,51660,30,51668.95,90,0,2724540
BANKNIFTY-I.NFO,01/04/2025,09:24:56,51668.65,51660,150,51668.95,120,0,2724540
BANKNIFTY-I.NFO,01/04/2025,09:24:57,51660,51660,90,51668.95,120,150,2724540
BANKNIFTY-I.NFO,01/04/2025,09:24:59,51664.75,51660,120,51668.95,30,330,2724540
BANKNIFTY-I.NFO,01/04/2025,09:25:01,51665.1,51655,30,51664.2,90,360,2724540
BANKNIFTY-I.NFO,01/04/2025,09:25:02,51665.1,51655,30,51662.55,30,0,2724540
BANKNIFTY-I.NFO,01/04/2025,09:25:04,51658,51655,30,51659.9,30,30,2724540
BANKNIFTY-I.NFO,01/04/2025,09:25:06,51655.15,51655,30,51659.75,90,30,2724540
BANKNIFTY-I.NFO,01/04/2025,09:25:07,51655.15,51655,30,51659.6,90,0,2724540
BANKNIFTY-I.NFO,01/04/2025,09:25:09,51652.05,51652.05,60,51657.15,90,150,2724540
BANKNIFTY-I.NFO,01/04/2025,09:25:11,51652.05,51652,60,51655.55,180,90,2724540
BANKNIFTY-I.NFO,01/04/2025,09:25:12,51653.75,51650,420,51651.45,60,210,2724540
BANKNIFTY-I.NFO,01/04/2025,09:25:14,51650,51650,90,51651.5,150,330,2724540
BANKNIFTY-I.NFO,01/04/2025,09:25:16,51650,51650,150,51651.5,150,0,2724540
BANKNIFTY-I.NFO,01/04/2025,09:25:17,51651.5,51650,240,51651.5,120,30,2724540
BANKNIFTY-I.NFO,01/04/2025,09:25:19,51649,51648,30,51650.1,60,870,2724540
BANKNIFTY-I.NFO,01/04/2025,09:25:21,51640,51640,180,51646.75,60,240,2724540
BANKNIFTY-I.NFO,01/04/2025,09:25:22,51640,51640,150,51644.9,30,150,2724540
BANKNIFTY-I.NFO,01/04/2025,09:25:24,51644.9,51640.2,60,51644.85,30,30,2724540
BANKNIFTY-I.NFO,01/04/2025,09:25:25,51642.45,51640,30,51642.45,180,180,2724540
BANKNIFTY-I.NFO,01/04/2025,09:25:27,51644.85,51640.2,120,51650,90,510,2724540
BANKNIFTY-I.NFO,01/04/2025,09:25:29,51650,51640.2,30,51650,120,60,2724540
BANKNIFTY-I.NFO,01/04/2025,09:25:30,51642.35,51642.3,30,51650,90,60,2724540
BANKNIFTY-I.NFO,01/04/2025,09:25:32,51653.75,51652.5,30,51655,60,480,2724540
BANKNIFTY-I.NFO,01/04/2025,09:25:34,51653.75,51652.55,30,51655,60,0,2724540
BANKNIFTY-I.NFO,01/04/2025,09:25:35,51645.05,51647.75,90,51654.95,30,600,2724540
BANKNIFTY-I.NFO,01/04/2025,09:25:37,51645.05,51647.75,90,51654.95,60,0,2724540
BANKNIFTY-I.NFO,01/04/2025,09:25:39,51655,51652.55,90,51665.1,30,210,2724540
BANKNIFTY-I.NFO,01/04/2025,09:25:40,51655,51648.8,120,51665.1,30,0,2724540
BANKNIFTY-I.NFO,01/04/2025,09:25:42,51650.2,51652.25,180,51665.1,60,30,2724540
BANKNIFTY-I.NFO,01/04/2025,09:25:44,51650.2,51651,60,51665.1,60,0,2724540
BANKNIFTY-I.NFO,01/04/2025,09:25:45,51650.2,51651,60,51659.4,180,0,2724540
BANKNIFTY-I.NFO,01/04/2025,09:25:47,51650.2,51651,60,51655,30,0,2724540
BANKNIFTY-I.NFO,01/04/2025,09:25:49,51650.2,51651,60,51655,90,0,2724540
BANKNIFTY-I.NFO,01/04/2025,09:25:50,51660,51658.85,150,51665.1,30,150,2724540
BANKNIFTY-I.NFO,01/04/2025,09:25:52,51658.9,51658.9,60,51676.25,240,60,2724540
BANKNIFTY-I.NFO,01/04/2025,09:25:54,51658.9,51658.9,30,51665.8,60,30,2724540
BANKNIFTY-I.NFO,01/04/2025,09:25:55,51663.3,51651,60,51661.85,150,990,2724540
BANKNIFTY-I.NFO,01/04/2025,09:25:57,51673.15,51654.1,60,51674.35,150,150,2724540
BANKNIFTY-I.NFO,01/04/2025,09:25:59,51666.05,51654.1,60,51665.7,60,60,2724540
BANKNIFTY-I.NFO,01/04/2025,09:26:00,51666.05,51654.1,120,51661.85,90,0,2724540
BANKNIFTY-I.NFO,01/04/2025,09:26:02,51662.7,51655.05,30,51662.5,30,870,2724540
BANKNIFTY-I.NFO,01/04/2025,09:26:04,51650.2,51650.2,30,51661.4,30,150,2724540
BANKNIFTY-I.NFO,01/04/2025,09:26:05,51650.2,51650.2,30,51662.65,30,0,2724540
BANKNIFTY-I.NFO,01/04/2025,09:26:07,51650.2,51650.2,30,51662.65,120,180,2724540
BANKNIFTY-I.NFO,01/04/2025,09:26:09,51650.2,51650.25,240,51662.65,30,0,2724540
BANKNIFTY-I.NFO,01/04/2025,09:26:10,51662.7,51664.8,30,51679.95,30,240,2724540
BANKNIFTY-I.NFO,01/04/2025,09:26:12,51662.7,51672.8,60,51680,30,0,2724540
BANKNIFTY-I.NFO,01/04/2025,09:26:14,51672.8,51672.8,60,51680,30,720,2724540
BANKNIFTY-I.NFO,01/04/2025,09:26:15,51679.95,51680.1,90,51688,60,60,2724540
BANKNIFTY-I.NFO,01/04/2025,09:26:17,51688,51682.35,90,51699.85,120,90,2724540
BANKNIFTY-I.NFO,01/04/2025,09:26:19,51688,51688,60,51699.6,90,0,2724540
BANKNIFTY-I.NFO,01/04/2025,09:26:20,51688,51688,90,51697.8,60,30,2724540
BANKNIFTY-I.NFO,01/04/2025,09:26:22,51692.65,51688,90,51693.2,60,30,2724540
BANKNIFTY-I.NFO,01/04/2025,09:26:24,51688,51660.35,60,51676.95,30,90,2724540
BANKNIFTY-I.NFO,01/04/2025,09:26:25,51690,51676.95,60,51694.25,60,1140,2724540
BANKNIFTY-I.NFO,01/04/2025,09:26:27,51697.55,51688,30,51695.1,30,30,2724540
BANKNIFTY-I.NFO,01/04/2025,09:26:29,51688,51679.95,30,51693.6,60,30,2724540
BANKNIFTY-I.NFO,01/04/2025,09:26:30,51688,51684.75,120,51699.95,120,0,2724540
BANKNIFTY-I.NFO,01/04/2025,09:26:32,51698.65,51687.5,60,51699.95,60,90,2724540
BANKNIFTY-I.NFO,01/04/2025,09:26:34,51700,51692.5,120,51700,90,240,2724540
BANKNIFTY-I.NFO,01/04/2025,09:26:35,51699.9,51697.6,60,51710,60,180,2724540
BANKNIFTY-I.NFO,01/04/2025,09:26:37,51699.9,51698.45,60,51710,60,0,2724540
BANKNIFTY-I.NFO,01/04/2025,09:26:39,51710,51700.45,60,51712,30,60,2724540
BANKNIFTY-I.NFO,01/04/2025,09:26:40,51699.9,51692.65,60,51709.3,30,120,2724540
BANKNIFTY-I.NFO,01/04/2025,09:26:42,51692.65,51687.95,120,51708.2,60,60,2724540
BANKNIFTY-I.NFO,01/04/2025,09:26:44,51692.65,51688,60,51707.2,60,0,2724540
BANKNIFTY-I.NFO,01/04/2025,09:26:45,51692.65,51688,60,51699.8,60,0,2724540
BANKNIFTY-I.NFO,01/04/2025,09:26:47,51699.45,51688,60,51694.3,60,180,2724540
BANKNIFTY-I.NFO,01/04/2025,09:26:49,51692.85,51688.05,60,51699.95,30,90,2724540
BANKNIFTY-I.NFO,01/04/2025,09:26:50,51692.85,51688.05,60,51696.2,30,0,2724540
BANKNIFTY-I.NFO,01/04/2025,09:26:52,51692.85,51688.15,30,51698.3,60,0,2724540
BANKNIFTY-I.NFO,01/04/2025,09:26:54,51692.85,51688.15,60,51700,270,0,2724540
BANKNIFTY-I.NFO,01/04/2025,09:26:55,51692.85,51688.15,60,51690,270,0,2724540
BANKNIFTY-I.NFO,01/04/2025,09:26:57,51690,51693.65,60,51713.75,60,270,2724540
BANKNIFTY-I.NFO,01/04/2025,09:26:59,51718.9,51693.65,60,51707.85,30,120,2724540
BANKNIFTY-I.NFO,01/04/2025,09:27:00,51693.65,51688.5,30,51693.05,60,120,2724540
BANKNIFTY-I.NFO,01/04/2025,09:27:02,51693.65,51688.5,30,51693.05,60,0,2724540
BANKNIFTY-I.NFO,01/04/2025,09:27:04,51693.65,51688.55,60,51693.05,60,0,2724540
BANKNIFTY-I.NFO,01/04/2025,09:27:05,51692.25,51692.45,90,51714.15,60,150,2724540
BANKNIFTY-I.NFO,01/04/2025,09:27:07,51692.25,51688.55,60,51707.15,30,0,2724540
BANKNIFTY-I.NFO,01/04/2025,09:27:09,51692.25,51695.9,60,51717.25,30,0,2724540
BANKNIFTY-I.NFO,01/04/2025,09:27:10,51692.75,51697.1,60,51710.7,30,90,2724540
BANKNIFTY-I.NFO,01/04/2025,09:27:12,51716.85,51695.15,90,51716.8,60,90,2724540
BANKNIFTY-I.NFO,01/04/2025,09:27:14,51706,51703.9,60,51710,30,240,2724540
BANKNIFTY-I.NFO,01/04/2025,09:27:15,51703.9,51703.6,60,51719,30,150,2724540
BANKNIFTY-I.NFO,01/04/2025,09:27:17,51703.9,51711.35,60,51719,30,0,2724540
BANKNIFTY-I.NFO,01/04/2025,09:27:18,51719,51706.5,90,51719,30,60,2724540
BANKNIFTY-I.NFO,01/04/2025,09:27:20,51719,51711.7,60,51719,30,0,2724540
BANKNIFTY-I.NFO,01/04/2025,09:27:22,51719,51709.65,210,51719.95,60,30,2724540
BANKNIFTY-I.NFO,01/04/2025,09:27:23,51711.85,51707.35,60,51719.95,90,30,2724540
BANKNIFTY-I.NFO,01/04/2025,09:27:25,51719.95,51707.4,60,51719.95,90,30,2724540
BANKNIFTY-I.NFO,01/04/2025,09:27:27,51716.45,51707.35,30,51716.8,60,930,2724540
BANKNIFTY-I.NFO,01/04/2025,09:27:28,51716.45,51707.4,30,51714.6,30,0,2724540
BANKNIFTY-I.NFO,01/04/2025,09:27:31,51720,51710.05,60,51720,600,480,2724540
BANKNIFTY-I.NFO,01/04/2025,09:27:33,51720,51710.1,60,51720,600,0,2728020
BANKNIFTY-I.NFO,01/04/2025,09:27:35,51714.85,51710.9,90,51720,570,90,2728020
BANKNIFTY-I.NFO,01/04/2025,09:27:36,51714.85,51710.9,30,51720,570,0,2728020
BANKNIFTY-I.NFO,01/04/2025,09:27:38,51714.85,51710.9,90,51716.05,60,0,2728020
BANKNIFTY-I.NFO,01/04/2025,09:27:40,51710.9,51710,60,51710.9,90,120,2728020
BANKNIFTY-I.NFO,01/04/2025,09:27:41,51710,51699.7,150,51719.9,90,60,2728020
BANKNIFTY-I.NFO,01/04/2025,09:27:43,51710,51702.55,60,51710.25,30,0,2728020
BANKNIFTY-I.NFO,01/04/2025,09:27:45,51707.3,51708,90,51720,660,30,2728020
BANKNIFTY-I.NFO,01/04/2025,09:27:46,51720,51703.6,60,51720,660,30,2728020
BANKNIFTY-I.NFO,01/04/2025,09:27:48,51720,51704.6,60,51720,660,30,2728020
BANKNIFTY-I.NFO,01/04/2025,09:27:50,51720,51707.75,60,51720,570,30,2728020
BANKNIFTY-I.NFO,01/04/2025,09:27:51,51730,51727.05,60,51730,150,930,2728020
BANKNIFTY-I.NFO,01/04/2025,09:27:53,51734,51734.5,30,51735,30,360,2728020
BANKNIFTY-I.NFO,01/04/2025,09:27:55,51734.5,51734.5,30,51740,420,150,2728020
BANKNIFTY-I.NFO,01/04/2025,09:27:56,51732.4,51730.5,60,51740,420,90,2728020
BANKNIFTY-I.NFO,01/04/2025,09:27:58,51732.4,51730.5,30,51739.95,30,0,2728020
BANKNIFTY-I.NFO,01/04/2025,09:28:00,51739.8,51734.3,30,51739.8,30,90,2728020
BANKNIFTY-I.NFO,01/04/2025,09:28:01,51740,51739.75,30,51745,30,420,2728020
BANKNIFTY-I.NFO,01/04/2025,09:28:03,51741.2,51739.8,60,51745,30,60,2728020
BANKNIFTY-I.NFO,01/04/2025,09:28:04,51740,51739.8,60,51744.95,150,180,2728020
BANKNIFTY-I.NFO,01/04/2025,09:28:06,51739.8,51739.8,30,51744.95,150,60,2728020
BANKNIFTY-I.NFO,01/04/2025,09:28:08,51744.2,51723.6,30,51743,30,210,2728020
BANKNIFTY-I.NFO,01/04/2025,09:28:09,51744.2,51725.8,60,51739.8,30,0,2728020
BANKNIFTY-I.NFO,01/04/2025,09:28:11,51739.55,51728.75,30,51739.8,30,30,2728020
BANKNIFTY-I.NFO,01/04/2025,09:28:13,51732.5,51737.7,30,51739.8,30,30,2728020
BANKNIFTY-I.NFO,01/04/2025,09:28:14,51749,51737.75,60,51748.95,150,360,2728020
BANKNIFTY-I.NFO,01/04/2025,09:28:16,51749,51737.8,60,51749,180,0,2728020
BANKNIFTY-I.NFO,01/04/2025,09:28:18,51744.95,51744.2,60,51744.95,120,60,2728020
BANKNIFTY-I.NFO,01/04/2025,09:28:19,51744.95,51739,60,51744.95,90,180,2728020
BANKNIFTY-I.NFO,01/04/2025,09:28:21,51740.5,51739.4,60,51744.95,60,90,2728020
BANKNIFTY-I.NFO,01/04/2025,09:28:23,51744.95,51739.85,90,51749,270,60,2728020
BANKNIFTY-I.NFO,01/04/2025,09:28:24,51752.45,51749.95,150,51753.9,60,990,2728020
BANKNIFTY-I.NFO,01/04/2025,09:28:26,51749.95,51750.55,90,51755.9,90,180,2728020
BANKNIFTY-I.NFO,01/04/2025,09:28:28,51755,51750.95,90,51755,30,30,2728020
BANKNIFTY-I.NFO,01/04/2025,09:28:29,51750.95,51750.95,30,51755,30,60,2728020
BANKNIFTY-I.NFO,01/04/2025,09:28:31,51751.05,51749.95,90,51754.95,120,150,2728020
BANKNIFTY-I.NFO,01/04/2025,09:28:33,51743.8,51730.25,90,51743.8,60,180,2728020
BANKNIFTY-I.NFO,01/04/2025,09:28:34,51743.75,51730.45,30,51743.8,60,30,2728020
BANKNIFTY-I.NFO,01/04/2025,09:28:36,51743.8,51732.35,30,51743.8,60,30,2728020
BANKNIFTY-I.NFO,01/04/2025,09:28:38,51743.8,51732.35,90,51743.75,30,0,2728020
BANKNIFTY-I.NFO,01/04/2025,09:28:39,51726.9,51732.4,30,51743.75,90,750,2728020
BANKNIFTY-I.NFO,01/04/2025,09:28:41,51743.7,51736.55,30,51750,30,60,2728020
BANKNIFTY-I.NFO,01/04/2025,09:28:43,51743.7,51740.7,90,51750,60,0,2728020
BANKNIFTY-I.NFO,01/04/2025,09:28:44,51743.7,51740.75,30,51749.9,30,0,2728020
BANKNIFTY-I.NFO,01/04/2025,09:28:46,51743.7,51745.05,30,51749.9,30,0,2728020
BANKNIFTY-I.NFO,01/04/2025,09:28:48,51750,51745.05,30,51750,90,150,2728020
BANKNIFTY-I.NFO,01/04/2025,09:28:49,51750,51745.1,30,51750,90,30,2728020
BANKNIFTY-I.NFO,01/04/2025,09:28:51,51745.1,51745.2,30,51750,90,150,2728020
BANKNIFTY-I.NFO,01/04/2025,09:28:53,51769.95,51765.7,30,51770,90,1410,2728020
BANKNIFTY-I.NFO,01/04/2025,09:28:54,51768.65,51765.75,30,51775,150,270,2728020
BANKNIFTY-I.NFO,01/04/2025,09:28:56,51767.05,51767.85,30,51775,90,150,2728020
BANKNIFTY-I.NFO,01/04/2025,09:28:58,51779.05,51772.3,30,51782.35,30,750,2728020
BANKNIFTY-I.NFO,01/04/2025,09:28:58,51780,51772.3,30,51782.35,30,0,2728020
BANKNIFTY-I.NFO,01/04/2025,09:28:59,51771.95,51772.3,30,51782.35,30,300,2728020
BANKNIFTY-I.NFO,01/04/2025,09:29:01,51783.65,51772.3,30,51783.65,30,210,2728020
BANKNIFTY-I.NFO,01/04/2025,09:29:01,51786.75,51772.3,30,51783.65,30,0,2728020
BANKNIFTY-I.NFO,01/04/2025,09:29:03,51786.8,51781.4,30,51788.6,30,60,2728020
BANKNIFTY-I.NFO,01/04/2025,09:29:03,51786.8,51781.4,30,51788.6,30,0,2728020
BANKNIFTY-I.NFO,01/04/2025,09:29:04,51784.25,51782.5,30,51799.9,30,1560,2728020
BANKNIFTY-I.NFO,01/04/2025,09:29:04,51800,51782.5,30,51799.9,30,0,2728020
BANKNIFTY-I.NFO,01/04/2025,09:29:06,51782.5,51780,60,51796.3,30,30,2728020
BANKNIFTY-I.NFO,01/04/2025,09:29:08,51789,51783.65,30,51786.65,30,90,2728020
BANKNIFTY-I.NFO,01/04/2025,09:29:09,51775,51765.85,30,51781.55,30,270,2728020
BANKNIFTY-I.NFO,01/04/2025,09:29:11,51781.95,51765.85,30,51786.55,60,210,2728020
BANKNIFTY-I.NFO,01/04/2025,09:29:13,51765.85,51760.05,60,51780.95,60,90,2728020
BANKNIFTY-I.NFO,01/04/2025,09:29:14,51765.85,51760,30,51780.95,30,90,2728020
BANKNIFTY-I.NFO,01/04/2025,09:29:16,51760,51758.55,60,51779.75,30,60,2728020
BANKNIFTY-I.NFO,01/04/2025,09:29:18,51783.9,51761.1,30,51782.6,90,90,2728020
BANKNIFTY-I.NFO,01/04/2025,09:29:19,51761.1,51751.2,60,51772,150,540,2728020
BANKNIFTY-I.NFO,01/04/2025,09:29:21,51772,51750.05,30,51770,60,30,2728020
BANKNIFTY-I.NFO,01/04/2025,09:29:23,51750.05,51750.05,30,51765.15,30,60,2728020
BANKNIFTY-I.NFO,01/04/2025,09:29:24,51760,51750.05,30,51761.3,30,30,2728020
BANKNIFTY-I.NFO,01/04/2025,09:29:26,51750.05,51750.05,30,51759.45,120,180,2728020
BANKNIFTY-I.NFO,01/04/2025,09:29:27,51750.05,51750,60,51750.05,120,120,2728020
BANKNIFTY-I.NFO,01/04/2025,09:29:29,51750,51741.2,30,51750,210,450,2728020
BANKNIFTY-I.NFO,01/04/2025,09:29:31,51741.6,51741.6,30,51750,90,60,2728020
BANKNIFTY-I.NFO,01/04/2025,09:29:32,51750.1,51750.05,120,51762.95,30,180,2728020
BANKNIFTY-I.NFO,01/04/2025,09:29:34,51750.1,51750.05,120,51762.9,30,0,2728020
BANKNIFTY-I.NFO,01/04/2025,09:29:36,51750.1,51750.05,120,51762.2,90,0,2728020
BANKNIFTY-I.NFO,01/04/2025,09:29:37,51750,51740,30,51750.05,90,180,2728020
BANKNIFTY-I.NFO,01/04/2025,09:29:39,51750,51740,30,51750,90,0,2728020
BANKNIFTY-I.NFO,01/04/2025,09:29:41,51750,51740,30,51749.95,90,0,2728020
BANKNIFTY-I.NFO,01/04/2025,09:29:42,51749.95,51732.95,30,51749.95,60,90,2728020
BANKNIFTY-I.NFO,01/04/2025,09:29:44,51731,51726.2,30,51746.85,120,60,2728020
BANKNIFTY-I.NFO,01/04/2025,09:29:46,51727.2,51726,30,51740.85,30,30,2728020
BANKNIFTY-I.NFO,01/04/2025,09:29:47,51741.05,51726.85,300,51741.15,60,30,2728020
BANKNIFTY-I.NFO,01/04/2025,09:29:49,51741.15,51727.15,30,51741.15,30,30,2728020
BANKNIFTY-I.NFO,01/04/2025,09:29:51,51731.05,51731.05,30,51745,30,60,2728020
BANKNIFTY-I.NFO,01/04/2025,09:29:52,51731.05,51732.85,30,51744.95,30,0,2728020
BANKNIFTY-I.NFO,01/04/2025,09:29:54,51731.05,51732.9,30,51744,150,0,2728020
BANKNIFTY-I.NFO,01/04/2025,09:29:56,51731.05,51736.25,30,51744,180,0,2728020
BANKNIFTY-I.NFO,01/04/2025,09:29:57,51739.8,51732.85,30,51743.95,90,30,2728020
BANKNIFTY-I.NFO,01/04/2025,09:29:59,51732.85,51732,60,51736,210,30,2728020
BANKNIFTY-I.NFO,01/04/2025,09:30:01,51732,51731,30,51736,150,120,2728020
BANKNIFTY-I.NFO,01/04/2025,09:30:02,51727.2,51726.05,30,51736,60,150,2728020
BANKNIFTY-I.NFO,01/04/2025,09:30:04,51727.2,51726,30,51732,60,0,2728020
BANKNIFTY-I.NFO,01/04/2025,09:30:06,51726,51725,60,51732,120,30,2728020
BANKNIFTY-I.NFO,01/04/2025,09:30:07,51732,51726.95,30,51733,30,120,2728020
BANKNIFTY-I.NFO,01/04/2025,09:30:09,51738.85,51742.2,210,51749.1,30,150,2728020
BANKNIFTY-I.NFO,01/04/2025,09:30:11,51735.25,51735.5,150,51750,180,450,2728020
BANKNIFTY-I.NFO,01/04/2025,09:30:12,51735.25,51734.55,150,51750,180,0,2728020
BANKNIFTY-I.NFO,01/04/2025,09:30:14,51735.25,51731.75,30,51749.75,90,0,2728020
BANKNIFTY-I.NFO,01/04/2025,09:30:17,51727.55,51725,60,51735,120,120,2728020
BANKNIFTY-I.NFO,01/04/2025,09:30:19,51727.55,51725,60,51734.9,90,0,2728020
BANKNIFTY-I.NFO,01/04/2025,09:30:22,51735,51735.25,120,51741.15,30,270,2728020
BANKNIFTY-I.NFO,01/04/2025,09:30:24,51741.15,51741.6,30,51750,120,30,2728020
BANKNIFTY-I.NFO,01/04/2025,09:30:25,51750,51739.2,150,51750,60,120,2728020
BANKNIFTY-I.NFO,01/04/2025,09:30:27,51755,51743.05,60,51763.2,180,150,2728020
BANKNIFTY-I.NFO,01/04/2025,09:30:29,51757.75,51750.05,60,51767.6,120,150,2728020
BANKNIFTY-I.NFO,01/04/2025,09:30:30,51756.6,51757.6,30,51774.95,60,30,2728020
BANKNIFTY-I.NFO,01/04/2025,09:30:32,51756.6,51755.75,30,51767.95,60,0,2728020
BANKNIFTY-I.NFO,01/04/2025,09:30:34,51750,51735.05,30,51752.5,120,60,2727540
BANKNIFTY-I.NFO,01/04/2025,09:30:35,51750,51734.9,30,51749.55,120,0,2727540
BANKNIFTY-I.NFO,01/04/2025,09:30:37,51748.25,51734.9,30,51747.7,60,30,2727540
BANKNIFTY-I.NFO,01/04/2025,09:30:39,51734.9,51728,30,51742.9,210,30,2727540
BANKNIFTY-I.NFO,01/04/2025,09:30:40,51728,51727,30,51740.6,180,210,2727540
BANKNIFTY-I.NFO,01/04/2025,09:30:42,51740.55,51733.65,300,51740.6,30,210,2727540
BANKNIFTY-I.NFO,01/04/2025,09:30:44,51740.55,51729.9,60,51749.6,120,0,2727540
BANKNIFTY-I.NFO,01/04/2025,09:30:45,51728,51727,30,51741,180,30,2727540
BANKNIFTY-I.NFO,01/04/2025,09:30:47,51728,51727,30,51740.85,30,0,2727540
BANKNIFTY-I.NFO,01/04/2025,09:30:49,51727.55,51725,90,51740.8,90,60,2727540
BANKNIFTY-I.NFO,01/04/2025,09:30:50,51727.55,51730.15,30,51739.95,150,0,2727540
BANKNIFTY-I.NFO,01/04/2025,09:30:52,51730.15,51725,90,51739.95,240,30,2727540
BANKNIFTY-I.NFO,01/04/2025,09:30:54,51730.15,51725.2,60,51739.9,420,0,2727540
BANKNIFTY-I.NFO,01/04/2025,09:30:55,51724.15,51721.45,120,51739.85,210,330,2727540
BANKNIFTY-I.NFO,01/04/2025,09:30:57,51721.45,51720,300,51731.8,300,30,2727540
BANKNIFTY-I.NFO,01/04/2025,09:30:59,51714.65,51714.65,60,51732.85,240,690,2727540
BANKNIFTY-I.NFO,01/04/2025,09:31:01,51720,51715.1,30,51720,300,60,2727540
BANKNIFTY-I.NFO,01/04/2025,09:31:02,51716.3,51716.3,60,51720,300,90,2727540
BANKNIFTY-I.NFO,01/04/2025,09:31:04,51720,51726.25,60,51730,90,300,2727540
BANKNIFTY-I.NFO,01/04/2025,09:31:06,51720,51726.4,60,51730,120,0,2727540
BANKNIFTY-I.NFO,01/04/2025,09:31:07,51720.1,51715.65,60,51730,120,60,2727540
BANKNIFTY-I.NFO,01/04/2025,09:31:09,51720,51715,30,51728.95,180,30,2727540
BANKNIFTY-I.NFO,01/04/2025,09:31:11,51728.85,51715,30,51725.5,150,30,2727540
BANKNIFTY-I.NFO,01/04/2025,09:31:12,51728.85,51715,30,51724.35,120,0,2727540
BANKNIFTY-I.NFO,01/04/2025,09:31:14,51720,51714.6,60,51723.75,270,60,2727540
BANKNIFTY-I.NFO,01/04/2025,09:31:16,51714.6,51710,180,51714.55,90,60,2727540
BANKNIFTY-I.NFO,01/04/2025,09:31:17,51710,51706,180,51709.6,120,180,2727540
BANKNIFTY-I.NFO,01/04/2025,09:31:19,51706,51706,150,51709.6,90,30,2727540
BANKNIFTY-I.NFO,01/04/2025,09:31:21,51709.6,51706,120,51709.6,60,60,2727540
BANKNIFTY-I.NFO,01/04/2025,09:31:22,51706.9,51701.35,30,51706.85,90,180,2727540
BANKNIFTY-I.NFO,01/04/2025,09:31:24,51709.6,51705.85,30,51709.95,30,90,2727540
BANKNIFTY-I.NFO,01/04/2025,09:31:26,51701,51701,180,51704.1,90,90,2727540
BANKNIFTY-I.NFO,01/04/2025,09:31:27,51701,51700.5,30,51715.65,150,210,2727540
BANKNIFTY-I.NFO,01/04/2025,09:31:29,51700.5,51702.35,30,51719.95,60,30,2727540
BANKNIFTY-I.NFO,01/04/2025,09:31:31,51700.5,51706.55,60,51719.9,30,0,2727540
BANKNIFTY-I.NFO,01/04/2025,09:31:32,51712.55,51711.2,60,51720,30,90,2727540
BANKNIFTY-I.NFO,01/04/2025,09:31:34,51707.4,51703.35,60,51723,150,360,2727540
BANKNIFTY-I.NFO,01/04/2025,09:31:35,51707.4,51703.65,300,51723.45,60,0,2727540
BANKNIFTY-I.NFO,01/04/2025,09:31:37,51707.4,51707.4,90,51726.15,120,0,2727540
BANKNIFTY-I.NFO,01/04/2025,09:31:39,51707.4,51707,30,51720.4,210,0,2727540
BANKNIFTY-I.NFO,01/04/2025,09:31:40,51707.4,51707,30,51720.7,60,0,2727540
BANKNIFTY-I.NFO,01/04/2025,09:31:42,51724.5,51711,60,51730.6,150,210,2727540
BANKNIFTY-I.NFO,01/04/2025,09:31:44,51724.5,51708.65,60,51727.35,180,0,2727540
BANKNIFTY-I.NFO,01/04/2025,09:31:45,51724.5,51707,30,51721.15,60,0,2727540
BANKNIFTY-I.NFO,01/04/2025,09:31:47,51721.15,51707,30,51719.9,150,150,2727540
BANKNIFTY-I.NFO,01/04/2025,09:31:49,51721.15,51708.75,30,51715,120,0,2727540
BANKNIFTY-I.NFO,01/04/2025,09:31:50,51721.15,51708.75,30,51714.95,150,0,2727540
BANKNIFTY-I.NFO,01/04/2025,09:31:52,51721.15,51708.8,60,51714.9,150,0,2727540
BANKNIFTY-I.NFO,01/04/2025,09:31:53,51714.85,51701.05,60,51714.85,120,210,2727540
BANKNIFTY-I.NFO,01/04/2025,09:31:55,51714.85,51701,30,51713.8,270,0,2727540
BANKNIFTY-I.NFO,01/04/2025,09:31:57,51700,51700,90,51710.25,330,450,2727540
BANKNIFTY-I.NFO,01/04/2025,09:31:58,51700,51700,90,51710.25,180,0,2727540
BANKNIFTY-I.NFO,01/04/2025,09:32:00,51700,51700,90,51710,150,0,2727540
BANKNIFTY-I.NFO,01/04/2025,09:32:02,51698,51690,120,51702.7,180,210,2727540
BANKNIFTY-I.NFO,01/04/2025,09:32:03,51700,51690,120,51698.35,90,30,2727540
BANKNIFTY-I.NFO,01/04/2025,09:32:05,51680.3,51680.15,30,51692.3,180,150,2727540
BANKNIFTY-I.NFO,01/04/2025,09:32:07,51680.3,51680.15,30,51692.1,30,0,2727540
BANKNIFTY-I.NFO,01/04/2025,09:32:08,51680,51679.95,30,51691.9,120,90,2727540
BANKNIFTY-I.NFO,01/04/2025,09:32:10,51680,51680,60,51691.8,120,0,2727540
BANKNIFTY-I.NFO,01/04/2025,09:32:12,51680,51679.95,30,51690.45,30,0,2727540
BANKNIFTY-I.NFO,01/04/2025,09:32:13,51679.95,51676,30,51680,150,30,2727540
BANKNIFTY-I.NFO,01/04/2025,09:32:15,51680,51681.2,60,51699.95,60,240,2727540
BANKNIFTY-I.NFO,01/04/2025,09:32:17,51680.05,51680.05,60,51698.05,180,30,2727540
BANKNIFTY-I.NFO,01/04/2025,09:32:18,51680.05,51680,120,51687.45,30,0,2727540
BANKNIFTY-I.NFO,01/04/2025,09:32:20,51680.05,51680,120,51687.8,60,30,2727540
BANKNIFTY-I.NFO,01/04/2025,09:32:22,51680,51680,120,51687.8,150,30,2727540
BANKNIFTY-I.NFO,01/04/2025,09:32:23,51687.8,51680,90,51687.8,60,120,2727540
BANKNIFTY-I.NFO,01/04/2025,09:32:25,51680,51680,60,51692.45,60,30,2727540
BANKNIFTY-I.NFO,01/04/2025,09:32:26,51685,51685.85,60,51700,60,120,2727540
BANKNIFTY-I.NFO,01/04/2025,09:32:28,51689.4,51689.35,60,51700,120,90,2727540
BANKNIFTY-I.NFO,01/04/2025,09:32:30,51700,51689.55,60,51700,60,60,2727540
BANKNIFTY-I.NFO,01/04/2025,09:32:31,51700,51689.55,60,51700,90,0,2727540
BANKNIFTY-I.NFO,01/04/2025,09:32:33,51686.75,51682.95,60,51699.9,30,150,2727540
BANKNIFTY-I.NFO,01/04/2025,09:32:35,51700,51684.65,60,51704.8,90,90,2727540
BANKNIFTY-I.NFO,01/04/2025,09:32:36,51700,51683.8,120,51703.75,150,0,2727540
BANKNIFTY-I.NFO,01/04/2025,09:32:38,51700,51687.8,30,51702.3,90,0,2727540
BANKNIFTY-I.NFO,01/04/2025,09:32:40,51700,51687.8,30,51698.85,90,0,2727540
BANKNIFTY-I.NFO,01/04/2025,09:32:41,51700,51687.8,30,51699.1,150,0,2727540
BANKNIFTY-I.NFO,01/04/2025,09:32:43,51700,51689.8,180,51699.1,90,0,2727540
BANKNIFTY-I.NFO,01/04/2025,09:32:44,51700,51690.05,60,51699.1,90,0,2727540
BANKNIFTY-I.NFO,01/04/2025,09:32:46,51690.05,51692.5,60,51699.1,90,30,2727540
BANKNIFTY-I.NFO,01/04/2025,09:32:48,51700.9,51696.1,60,51717,180,180,2727540
BANKNIFTY-I.NFO,01/04/2025,09:32:49,51700.9,51697.85,90,51716.3,90,0,2727540
BANKNIFTY-I.NFO,01/04/2025,09:32:51,51700.9,51700.65,60,51716,60,0,2727540
BANKNIFTY-I.NFO,01/04/2025,09:32:53,51714.5,51699,30,51712.9,60,60,2727540
BANKNIFTY-I.NFO,01/04/2025,09:32:54,51700,51690,30,51705.45,60,90,2727540
BANKNIFTY-I.NFO,01/04/2025,09:32:56,51700,51690,30,51698.7,30,0,2727540
BANKNIFTY-I.NFO,01/04/2025,09:32:57,51700,51690.05,60,51698.7,30,0,2727540
BANKNIFTY-I.NFO,01/04/2025,09:32:59,51700,51690.15,60,51706.75,120,0,2727540
BANKNIFTY-I.NFO,01/04/2025,09:33:01,51700,51695.6,90,51706.8,120,0,2727540
BANKNIFTY-I.NFO,01/04/2025,09:33:02,51700,51698.6,60,51706.8,120,30,2727540
BANKNIFTY-I.NFO,01/04/2025,09:33:04,51706.8,51693.5,30,51706.8,60,960,2727540
BANKNIFTY-I.NFO,01/04/2025,09:33:06,51692.5,51691.8,270,51706.8,60,120,2727540
BANKNIFTY-I.NFO,01/04/2025,09:33:07,51692.5,51690.9,30,51706.8,60,0,2727540
BANKNIFTY-I.NFO,01/04/2025,09:33:09,51700,51690,30,51704.1,60,120,2727540
BANKNIFTY-I.NFO,01/04/2025,09:33:11,51690,51686.75,30,51701.35,60,60,2727540
BANKNIFTY-I.NFO,01/04/2025,09:33:12,51700,51686.75,30,51700.55,60,150,2727540
BANKNIFTY-I.NFO,01/04/2025,09:33:14,51699.5,51686.75,30,51699.7,60,30,2727540
BANKNIFTY-I.NFO,01/04/2025,09:33:16,51690.05,51690.05,270,51700.85,60,30,2727540
BANKNIFTY-I.NFO,01/04/2025,09:33:17,51690.05,51695.45,30,51700.7,60,0,2727540
BANKNIFTY-I.NFO,01/04/2025,09:33:19,51698.25,51697.9,30,51716.35,60,150,2727540
BANKNIFTY-I.NFO,01/04/2025,09:33:21,51698.25,51706.85,30,51716.4,60,0,2727540
BANKNIFTY-I.NFO,01/04/2025,09:33:22,51698.25,51703.15,30,51716.35,30,0,2727540
BANKNIFTY-I.NFO,01/04/2025,09:33:24,51698.25,51701.95,30,51716.4,90,0,2727540
BANKNIFTY-I.NFO,01/04/2025,09:33:25,51698.25,51701.6,30,51716.4,90,0,2727540
BANKNIFTY-I.NFO,01/04/2025,09:33:27,51698.25,51710.7,30,51716.4,90,0,2727540
BANKNIFTY-I.NFO,01/04/2025,09:33:29,51717,51718.75,30,51735.8,30,870,2727540
BANKNIFTY-I.NFO,01/04/2025,09:33:30,51717,51711.75,30,51718.75,120,0,2727540
BANKNIFTY-I.NFO,01/04/2025,09:33:32,51718.75,51722.9,30,51740,30,120,2727540
BANKNIFTY-I.NFO,01/04/2025,09:33:34,51718.75,51724.95,30,51740,30,0,2727540
BANKNIFTY-I.NFO,01/04/2025,09:33:35,51736.3,51736.3,120,51753,60,180,2726400
BANKNIFTY-I.NFO,01/04/2025,09:33:37,51753.35,51747.95,60,51754,30,30,2726400
BANKNIFTY-I.NFO,01/04/2025,09:33:39,51754,51748.3,30,51754.95,60,60,2726400
BANKNIFTY-I.NFO,01/04/2025,09:33:40,51754,51748.35,30,51754.9,60,0,2726400
BANKNIFTY-I.NFO,01/04/2025,09:33:42,51754,51748.4,30,51755,30,180,2726400
BANKNIFTY-I.NFO,01/04/2025,09:33:44,51751.8,51751.7,30,51760,30,60,2726400
BANKNIFTY-I.NFO,01/04/2025,09:33:45,51760,51750,30,51757.95,60,30,2726400
BANKNIFTY-I.NFO,01/04/2025,09:33:47,51736.3,51729.45,30,51749.05,120,180,2726400
BANKNIFTY-I.NFO,01/04/2025,09:33:49,51736.3,51729.55,30,51748.3,60,0,2726400
BANKNIFTY-I.NFO,01/04/2025,09:33:50,51736.3,51731.1,30,51744,300,0,2726400
BANKNIFTY-I.NFO,01/04/2025,09:33:52,51736.3,51726.5,300,51743.55,60,0,2726400
BANKNIFTY-I.NFO,01/04/2025,09:33:54,51743.1,51724.9,30,51743.1,30,60,2726400
BANKNIFTY-I.NFO,01/04/2025,09:33:55,51743.1,51721.6,300,51739.3,60,0,2726400
BANKNIFTY-I.NFO,01/04/2025,09:33:57,51737.55,51721.1,30,51737.55,30,60,2726400
BANKNIFTY-I.NFO,01/04/2025,09:33:59,51737.4,51719.3,30,51737.2,180,30,2726400
BANKNIFTY-I.NFO,01/04/2025,09:34:00,51739,51732.7,30,51739,270,150,2726400
BANKNIFTY-I.NFO,01/04/2025,09:34:02,51743.95,51744.45,30,51750,1020,300,2726400
BANKNIFTY-I.NFO,01/04/2025,09:34:04,51750,51742.75,30,51750,990,30,2726400
BANKNIFTY-I.NFO,01/04/2025,09:34:05,51750,51739.3,60,51749.95,30,60,2726400
BANKNIFTY-I.NFO,01/04/2025,09:34:07,51749.95,51744.15,30,51750,960,60,2726400
BANKNIFTY-I.NFO,01/04/2025,09:34:09,51749.95,51739.35,180,51750,960,0,2726400
BANKNIFTY-I.NFO,01/04/2025,09:34:10,51749.95,51743.7,300,51750,1020,0,2726400
BANKNIFTY-I.NFO,01/04/2025,09:34:12,51750,51741.1,210,51750,690,330,2726400
BANKNIFTY-I.NFO,01/04/2025,09:34:13,51750,51740.7,30,51750,570,120,2726400
BANKNIFTY-I.NFO,01/04/2025,09:34:15,51743.5,51737,30,51749.95,60,120,2726400
BANKNIFTY-I.NFO,01/04/2025,09:34:17,51737,51741,30,51749.95,60,30,2726400
BANKNIFTY-I.NFO,01/04/2025,09:34:18,51749.95,51749.1,90,51750,480,60,2726400
BANKNIFTY-I.NFO,01/04/2025,09:34:20,51749.1,51749.1,30,51749.9,30,60,2726400
BANKNIFTY-I.NFO,01/04/2025,09:34:22,51749.1,51741.2,180,51749.9,60,30,2726400
BANKNIFTY-I.NFO,01/04/2025,09:34:23,51766.9,51753.75,30,51769.9,90,990,2726400
BANKNIFTY-I.NFO,01/04/2025,09:34:25,51766.9,51758.5,30,51770,90,0,2726400
BANKNIFTY-I.NFO,01/04/2025,09:34:27,51766.9,51756.25,30,51769.95,60,0,2726400
BANKNIFTY-I.NFO,01/04/2025,09:34:28,51766.9,51753.75,30,51769.65,60,0,2726400
BANKNIFTY-I.NFO,01/04/2025,09:34:30,51765.3,51765.3,60,51769.55,30,30,2726400
BANKNIFTY-I.NFO,01/04/2025,09:34:32,51760.75,51758.05,60,51769.55,30,90,2726400
BANKNIFTY-I.NFO,01/04/2025,09:34:33,51760.75,51758.05,30,51769.55,30,0,2726400
BANKNIFTY-I.NFO,01/04/2025,09:34:35,51766.9,51767,60,51769.95,30,60,2726400
BANKNIFTY-I.NFO,01/04/2025,09:34:37,51766.9,51759.15,30,51769.95,30,0,2726400
BANKNIFTY-I.NFO,01/04/2025,09:34:38,51766.9,51761.6,60,51769.95,30,0,2726400
BANKNIFTY-I.NFO,01/04/2025,09:34:40,51769.9,51761.15,30,51769.9,30,90,2726400
BANKNIFTY-I.NFO,01/04/2025,09:34:42,51772.4,51767.9,30,51775,150,240,2726400
BANKNIFTY-I.NFO,01/04/2025,09:34:43,51772.4,51772.85,150,51775,150,0,2726400
BANKNIFTY-I.NFO,01/04/2025,09:34:45,51770,51769.95,30,51772.85,30,150,2726400
BANKNIFTY-I.NFO,01/04/2025,09:34:47,51775.3,51775,60,51775.35,30,150,2726400
BANKNIFTY-I.NFO,01/04/2025,09:34:48,51777,51775,60,51780,90,60,2726400
BANKNIFTY-I.NFO,01/04/2025,09:34:50,51777,51775,90,51779.9,30,210,2726400
BANKNIFTY-I.NFO,01/04/2025,09:34:52,51775,51775,60,51781.5,60,90,2726400
BANKNIFTY-I.NFO,01/04/2025,09:34:53,51775,51770.55,30,51780,60,60,2726400
BANKNIFTY-I.NFO,01/04/2025,09:34:55,51779.95,51772.05,150,51781.5,60,30,2726400
BANKNIFTY-I.NFO,01/04/2025,09:34:57,51780,51770.55,30,51781.4,120,30,2726400
BANKNIFTY-I.NFO,01/04/2025,09:34:58,51780,51770.55,30,51781.2,180,0,2726400
BANKNIFTY-I.NFO,01/04/2025,09:35:00,51780,51770.55,30,51774.9,60,0,2726400
BANKNIFTY-I.NFO,01/04/2025,09:35:02,51774.85,51774.45,30,51780,60,330,2726400
BANKNIFTY-I.NFO,01/04/2025,09:35:03,51774.85,51773.5,60,51780,60,0,2726400
BANKNIFTY-I.NFO,01/04/2025,09:35:05,51774.85,51774.05,90,51779.95,30,0,2726400
BANKNIFTY-I.NFO,01/04/2025,09:35:07,51777,51776.3,60,51777,60,60,2726400
BANKNIFTY-I.NFO,01/04/2025,09:35:08,51777,51774.2,30,51779.95,60,60,2726400
BANKNIFTY-I.NFO,01/04/2025,09:35:10,51774.85,51774.2,60,51779.85,90,90,2726400
BANKNIFTY-I.NFO,01/04/2025,09:35:12,51773.9,51760.75,30,51771.75,60,240,2726400
BANKNIFTY-I.NFO,01/04/2025,09:35:13,51767.55,51765.05,30,51770.45,90,120,2726400
BANKNIFTY-I.NFO,01/04/2025,09:35:15,51767.55,51766.45,210,51770.45,90,0,2726400
BANKNIFTY-I.NFO,01/04/2025,09:35:17,51777,51776.5,30,51779.95,30,150,2726400
BANKNIFTY-I.NFO,01/04/2025,09:35:18,51778.45,51778.25,120,51781.6,90,1260,2726400
BANKNIFTY-I.NFO,01/04/2025,09:35:20,51780.75,51780,900,51780.75,30,90,2726400
BANKNIFTY-I.NFO,01/04/2025,09:35:22,51780.75,51780,600,51780.75,30,420,2726400
BANKNIFTY-I.NFO,01/04/2025,09:35:23,51780.05,51780.4,60,51781.55,30,360,2726400
BANKNIFTY-I.NFO,01/04/2025,09:35:25,51783,51781,30,51783.9,30,270,2726400
BANKNIFTY-I.NFO,01/04/2025,09:35:27,51783.9,51780,330,51783.9,30,30,2726400
BANKNIFTY-I.NFO,01/04/2025,09:35:28,51783.9,51780,330,51783.9,30,30,2726400
BANKNIFTY-I.NFO,01/04/2025,09:35:30,51779.95,51774.25,300,51783.85,90,360,2726400
BANKNIFTY-I.NFO,01/04/2025,09:35:32,51781.5,51765.75,60,51774.8,300,1020,2726400
BANKNIFTY-I.NFO,01/04/2025,09:35:33,51764.8,51767.2,30,51774.8,30,540,2726400
BANKNIFTY-I.NFO,01/04/2025,09:35:35,51775,51767.8,60,51774.75,30,120,2726400
BANKNIFTY-I.NFO,01/04/2025,09:35:37,51774.75,51767.55,60,51774.75,90,60,2726400
BANKNIFTY-I.NFO,01/04/2025,09:35:38,51770,51759.4,60,51770,180,420,2726400
BANKNIFTY-I.NFO,01/04/2025,09:35:40,51769.95,51764.05,150,51769.95,120,30,2726400
BANKNIFTY-I.NFO,01/04/2025,09:35:42,51759.45,51764.05,30,51769.9,180,90,2726400
BANKNIFTY-I.NFO,01/04/2025,09:35:43,51764.05,51764.05,30,51769.9,240,60,2726400
BANKNIFTY-I.NFO,01/04/2025,09:35:45,51763.25,51750,60,51759.9,120,390,2726400
BANKNIFTY-I.NFO,01/04/2025,09:35:47,51750,51742.3,120,51759.9,150,60,2726400
BANKNIFTY-I.NFO,01/04/2025,09:35:48,51743.95,51742.45,60,51759.9,150,90,2726400
BANKNIFTY-I.NFO,01/04/2025,09:35:50,51753.9,51752.8,180,51759.85,30,270,2726400
BANKNIFTY-I.NFO,01/04/2025,09:35:52,51753.8,51753.35,30,51759.85,60,30,2726400
BANKNIFTY-I.NFO,01/04/2025,09:35:53,51759.85,51759,60,51759.85,30,180,2726400
BANKNIFTY-I.NFO,01/04/2025,09:35:55,51758,51759,60,51759.85,30,240,2726400
BANKNIFTY-I.NFO,01/04/2025,09:35:56,51759.85,51755,60,51759.85,30,240,2726400
BANKNIFTY-I.NFO,01/04/2025,09:35:58,51755,51755,30,51759.85,30,270,2726400
BANKNIFTY-I.NFO,01/04/2025,09:36:00,51760.95,51768.35,150,51770,90,210,2726400
BANKNIFTY-I.NFO,01/04/2025,09:36:01,51766.85,51768.1,30,51770,150,210,2726400
BANKNIFTY-I.NFO,01/04/2025,09:36:03,51770,51769.05,30,51770,30,120,2726400
BANKNIFTY-I.NFO,01/04/2025,09:36:05,51770,51773.7,60,51774.75,30,90,2726400
BANKNIFTY-I.NFO,01/04/2025,09:36:06,51780,51777.95,180,51783,30,150,2726400
BANKNIFTY-I.NFO,01/04/2025,09:36:08,51781.6,51780.6,90,51783.9,30,90,2726400
BANKNIFTY-I.NFO,01/04/2025,09:36:10,51788.35,51786.3,60,51788.7,30,420,2726400
BANKNIFTY-I.NFO,01/04/2025,09:36:11,51786.95,51785,30,51788.7,30,330,2726400
BANKNIFTY-I.NFO,01/04/2025,09:36:13,51788.7,51785.75,150,51788.7,30,60,2726400
BANKNIFTY-I.NFO,01/04/2025,09:36:15,51785,51783.15,30,51785,60,90,2726400
BANKNIFTY-I.NFO,01/04/2025,09:36:16,51785,51784.4,90,51788.7,30,330,2726400
BANKNIFTY-I.NFO,01/04/2025,09:36:18,51788.7,51779.75,330,51788.7,30,60,2726400
BANKNIFTY-I.NFO,01/04/2025,09:36:20,51788.65,51785,60,51788.6,30,30,2726400
BANKNIFTY-I.NFO,01/04/2025,09:36:21,51788.6,51773.95,270,51788.6,150,360,2726400
BANKNIFTY-I.NFO,01/04/2025,09:36:23,51785,51772.15,270,51785,60,30,2726400
BANKNIFTY-I.NFO,01/04/2025,09:36:25,51767.85,51764.95,240,51779.3,90,90,2726400
BANKNIFTY-I.NFO,01/04/2025,09:36:26,51786.5,51767.9,60,51784.9,90,120,2726400
BANKNIFTY-I.NFO,01/04/2025,09:36:28,51784.5,51767.85,300,51781.95,30,60,2726400
BANKNIFTY-I.NFO,01/04/2025,09:36:30,51784.5,51767.9,270,51783.7,30,0,2726400
BANKNIFTY-I.NFO,01/04/2025,09:36:31,51770.95,51779.8,30,51785,60,90,2726400
BANKNIFTY-I.NFO,01/04/2025,09:36:33,51781.55,51781.65,60,51785,60,30,2726400
BANKNIFTY-I.NFO,01/04/2025,09:36:35,51779.8,51774.85,60,51788.55,60,120,2727060
BANKNIFTY-I.NFO,01/04/2025,09:36:36,51779.8,51780.4,60,51788.55,30,0,2727060
BANKNIFTY-I.NFO,01/04/2025,09:36:38,51779.95,51779.8,60,51788.6,60,30,2727060
BANKNIFTY-I.NFO,01/04/2025,09:36:40,51779.95,51781.85,60,51788.55,60,0,2727060
BANKNIFTY-I.NFO,01/04/2025,09:36:41,51782.35,51783.05,60,51788.55,60,30,2727060
BANKNIFTY-I.NFO,01/04/2025,09:36:43,51780,51778.15,60,51780,30,90,2727060
BANKNIFTY-I.NFO,01/04/2025,09:36:45,51780,51779.7,60,51788.55,30,30,2727060
BANKNIFTY-I.NFO,01/04/2025,09:36:46,51780,51778.4,60,51788.55,30,0,2727060
BANKNIFTY-I.NFO,01/04/2025,09:36:48,51783.1,51782.95,120,51788.55,30,90,2727060
BANKNIFTY-I.NFO,01/04/2025,09:36:50,51788.7,51785.95,60,51789.95,30,150,2727060
BANKNIFTY-I.NFO,01/04/2025,09:36:51,51788.8,51789.4,60,51790,60,60,2727060
BANKNIFTY-I.NFO,01/04/2025,09:36:53,51790,51790,90,51791,30,360,2727060
BANKNIFTY-I.NFO,01/04/2025,09:36:55,51791,51791,180,51791.45,30,180,2727060
BANKNIFTY-I.NFO,01/04/2025,09:36:56,51791,51791,180,51791.45,30,0,2727060
BANKNIFTY-I.NFO,01/04/2025,09:36:58,51788.7,51784.4,300,51795.8,30,780,2727060
BANKNIFTY-I.NFO,01/04/2025,09:37:00,51799,51784.35,60,51798.95,90,420,2727060
BANKNIFTY-I.NFO,01/04/2025,09:37:01,51798.95,51784.8,60,51798.95,60,30,2727060
BANKNIFTY-I.NFO,01/04/2025,09:37:03,51798.95,51786.7,300,51799,180,60,2727060
BANKNIFTY-I.NFO,01/04/2025,09:37:05,51786.45,51786.7,30,51798.95,60,90,2727060
BANKNIFTY-I.NFO,01/04/2025,09:37:06,51786.45,51790,30,51798.95,120,0,2727060
BANKNIFTY-I.NFO,01/04/2025,09:37:08,51799.25,51786.75,30,51799.35,90,600,2727060
BANKNIFTY-I.NFO,01/04/2025,09:37:10,51799.25,51786.75,30,51799.4,30,0,2727060
BANKNIFTY-I.NFO,01/04/2025,09:37:11,51785.1,51786,150,51798.25,60,60,2727060
BANKNIFTY-I.NFO,01/04/2025,09:37:13,51785.1,51786,150,51786.75,30,0,2727060
BANKNIFTY-I.NFO,01/04/2025,09:37:15,51785.1,51786.45,150,51786.6,30,0,2727060
BANKNIFTY-I.NFO,01/04/2025,09:37:16,51799.4,51796.8,30,51799.3,30,180,2727060
BANKNIFTY-I.NFO,01/04/2025,09:37:18,51811,51806.1,30,51816.95,30,2820,2727060
BANKNIFTY-I.NFO,01/04/2025,09:37:18,51811,51806.1,30,51816.95,30,0,2727060
BANKNIFTY-I.NFO,01/04/2025,09:37:20,51811,51808.2,30,51816.85,30,0,2727060
BANKNIFTY-I.NFO,01/04/2025,09:37:21,51810.25,51805,360,51816.2,210,60,2727060
BANKNIFTY-I.NFO,01/04/2025,09:37:23,51810.35,51797.15,60,51815,30,480,2727060
BANKNIFTY-I.NFO,01/04/2025,09:37:25,51816.8,51792.2,60,51812.75,180,780,2727060
BANKNIFTY-I.NFO,01/04/2025,09:37:25,51816.8,51792.2,60,51812.75,180,0,2727060
BANKNIFTY-I.NFO,01/04/2025,09:37:26,51786.9,51787.25,60,51806.35,60,150,2727060
BANKNIFTY-I.NFO,01/04/2025,09:37:28,51786.9,51792.4,60,51806.35,30,0,2727060
BANKNIFTY-I.NFO,01/04/2025,09:37:30,51813.75,51802,30,51816.8,60,510,2727060
BANKNIFTY-I.NFO,01/04/2025,09:37:31,51813.75,51802.1,60,51816.8,30,0,2727060
BANKNIFTY-I.NFO,01/04/2025,09:37:33,51802.1,51806.7,150,51815,30,30,2727060
BANKNIFTY-I.NFO,01/04/2025,09:37:35,51805.55,51806.6,120,51814.95,60,60,2727060
BANKNIFTY-I.NFO,01/04/2025,09:37:36,51814.95,51805.45,120,51814.95,30,60,2727060
BANKNIFTY-I.NFO,01/04/2025,09:37:38,51817,51816.5,60,51818,540,150,2727060
BANKNIFTY-I.NFO,01/04/2025,09:37:38,51817,51816.5,60,51818,540,0,2727060
BANKNIFTY-I.NFO,01/04/2025,09:37:40,51818,51816.65,60,51818,150,420,2727060
BANKNIFTY-I.NFO,01/04/2025,09:37:40,51818,51816.65,60,51818,150,0,2727060
BANKNIFTY-I.NFO,01/04/2025,09:37:41,51816.5,51816.5,30,51816.65,60,120,2727060
BANKNIFTY-I.NFO,01/04/2025,09:37:43,51818,51817.3,180,51818.55,60,270,2727060
BANKNIFTY-I.NFO,01/04/2025,09:37:45,51815.45,51816.75,30,51817.3,180,330,2727060
BANKNIFTY-I.NFO,01/04/2025,09:37:45,51818.55,51816.75,30,51817.3,180,0,2727060
BANKNIFTY-I.NFO,01/04/2025,09:37:46,51816.75,51809.9,30,51817.3,30,60,2727060
BANKNIFTY-I.NFO,01/04/2025,09:37:48,51809.7,51809.75,60,51818,30,60,2727060
BANKNIFTY-I.NFO,01/04/2025,09:37:50,51809.7,51809.7,60,51817.85,60,0,2727060
BANKNIFTY-I.NFO,01/04/2025,09:37:51,51809.7,51802.15,30,51809.7,30,150,2727060
BANKNIFTY-I.NFO,01/04/2025,09:37:53,51802.15,51802.1,30,51809.6,90,30,2727060
BANKNIFTY-I.NFO,01/04/2025,09:37:55,51786.3,51785,30,51799.95,90,1290,2727060
BANKNIFTY-I.NFO,01/04/2025,09:37:56,51786.3,51785,30,51799.85,240,0,2727060
BANKNIFTY-I.NFO,01/04/2025,09:37:58,51783.75,51781.35,30,51799.75,210,150,2727060
BANKNIFTY-I.NFO,01/04/2025,09:38:00,51781.35,51785,30,51798.95,270,30,2727060
BANKNIFTY-I.NFO,01/04/2025,09:38:01,51785,51785,30,51797.15,240,30,2727060
BANKNIFTY-I.NFO,01/04/2025,09:38:03,51785,51785.15,30,51797.05,120,0,2727060
BANKNIFTY-I.NFO,01/04/2025,09:38:05,51785,51785.3,30,51797.05,30,0,2727060
BANKNIFTY-I.NFO,01/04/2025,09:38:06,51785,51788.75,150,51795,360,0,2727060
BANKNIFTY-I.NFO,01/04/2025,09:38:08,51795,51785.35,30,51795,330,210,2727060
BANKNIFTY-I.NFO,01/04/2025,09:38:10,51782.4,51781.95,30,51785.35,240,60,2727060
BANKNIFTY-I.NFO,01/04/2025,09:38:11,51783.65,51782,30,51795,90,720,2727060
BANKNIFTY-I.NFO,01/04/2025,09:38:13,51795,51786.45,150,51795,60,60,2727060
BANKNIFTY-I.NFO,01/04/2025,09:38:15,51795,51789.6,30,51795,30,30,2727060
BANKNIFTY-I.NFO,01/04/2025,09:38:16,51795,51789.6,60,51795,60,0,2727060
BANKNIFTY-I.NFO,01/04/2025,09:38:18,51791.5,51790.45,30,51795,60,120,2727060
BANKNIFTY-I.NFO,01/04/2025,09:38:20,51795,51790.45,60,51795,270,30,2727060
BANKNIFTY-I.NFO,01/04/2025,09:38:21,51794.95,51790.45,30,51794.95,90,120,2727060
BANKNIFTY-I.NFO,01/04/2025,09:38:23,51783.85,51783.6,300,51794.95,90,90,2727060
BANKNIFTY-I.NFO,01/04/2025,09:38:25,51794.95,51784.7,150,51794,60,90,2727060
BANKNIFTY-I.NFO,01/04/2025,09:38:26,51789.25,51788.6,180,51794,60,30,2727060
BANKNIFTY-I.NFO,01/04/2025,09:38:28,51790.6,51791,30,51795,270,90,2727060
BANKNIFTY-I.NFO,01/04/2025,09:38:30,51797,51797.6,30,51810,60,330,2727060
BANKNIFTY-I.NFO,01/04/2025,09:38:31,51809.95,51795.8,30,51809.9,60,30,2727060
BANKNIFTY-I.NFO,01/04/2025,09:38:33,51809.95,51800.4,30,51809.9,30,0,2727060
BANKNIFTY-I.NFO,01/04/2025,09:38:35,51800.45,51800.4,90,51809.85,30,30,2727060
BANKNIFTY-I.NFO,01/04/2025,09:38:36,51800.4,51802.95,150,51804.65,90,60,2727060
BANKNIFTY-I.NFO,01/04/2025,09:38:38,51802.95,51801.9,30,51804.65,60,90,2727060
BANKNIFTY-I.NFO,01/04/2025,09:38:40,51802.25,51797.6,60,51804.65,90,180,2727060
BANKNIFTY-I.NFO,01/04/2025,09:38:41,51804.65,51800.5,30,51804.65,90,90,2727060
BANKNIFTY-I.NFO,01/04/2025,09:38:43,51804.65,51800.5,60,51804.65,90,0,2727060
BANKNIFTY-I.NFO,01/04/2025,09:38:45,51804.65,51800.5,60,51804.65,120,0,2727060
BANKNIFTY-I.NFO,01/04/2025,09:38:46,51800.5,51800.5,30,51802.95,150,150,2727060
BANKNIFTY-I.NFO,01/04/2025,09:38:48,51794,51786.55,300,51802.1,150,120,2727060
BANKNIFTY-I.NFO,01/04/2025,09:38:50,51801.25,51786.55,60,51798.85,90,30,2727060
BANKNIFTY-I.NFO,01/04/2025,09:38:51,51786.55,51783.4,300,51798.85,180,210,2727060
BANKNIFTY-I.NFO,01/04/2025,09:38:53,51786.55,51783.5,210,51798.75,150,0,2727060
BANKNIFTY-I.NFO,01/04/2025,09:38:55,51782.8,51786.35,60,51798.65,30,30,2727060
BANKNIFTY-I.NFO,01/04/2025,09:38:56,51782.8,51791.55,180,51798.65,90,0,2727060
BANKNIFTY-I.NFO,01/04/2025,09:38:58,51782.8,51794.4,120,51798.65,90,0,2727060
BANKNIFTY-I.NFO,01/04/2025,09:38:59,51798.65,51791.85,60,51798.9,30,150,2727060
BANKNIFTY-I.NFO,01/04/2025,09:39:01,51798.65,51792.4,180,51798.9,60,0,2727060
BANKNIFTY-I.NFO,01/04/2025,09:39:03,51800,51797.6,150,51800,60,90,2727060
BANKNIFTY-I.NFO,01/04/2025,09:39:04,51800,51795,60,51800,120,0,2727060
BANKNIFTY-I.NFO,01/04/2025,09:39:06,51799.95,51795,30,51799.95,30,90,2727060
BANKNIFTY-I.NFO,01/04/2025,09:39:08,51800,51798.15,150,51802.95,150,90,2727060
BANKNIFTY-I.NFO,01/04/2025,09:39:09,51805,51805.65,330,51807.55,30,210,2727060
BANKNIFTY-I.NFO,01/04/2025,09:39:11,51810,51808.5,30,51810,60,240,2727060
BANKNIFTY-I.NFO,01/04/2025,09:39:13,51812,51811.9,30,51812,780,270,2727060
BANKNIFTY-I.NFO,01/04/2025,09:39:14,51818,51812.6,60,51819.9,30,930,2727060
BANKNIFTY-I.NFO,01/04/2025,09:39:16,51819.9,51822.3,150,51825,480,390,2727060
BANKNIFTY-I.NFO,01/04/2025,09:39:16,51820,51822.3,150,51825,480,0,2727060
BANKNIFTY-I.NFO,01/04/2025,09:39:17,51825,51821.45,150,51825,150,720,2727060
BANKNIFTY-I.NFO,01/04/2025,09:39:17,51825,51821.45,150,51825,150,0,2727060
BANKNIFTY-I.NFO,01/04/2025,09:39:19,51827.3,51825.65,150,51827.3,30,330,2727060
BANKNIFTY-I.NFO,01/04/2025,09:39:19,51827.3,51825.65,150,51827.3,30,0,2727060
BANKNIFTY-I.NFO,01/04/2025,09:39:21,51828.85,51827.9,30,51830,390,330,2727060
BANKNIFTY-I.NFO,01/04/2025,09:39:21,51829,51827.9,30,51830,390,0,2727060
BANKNIFTY-I.NFO,01/04/2025,09:39:22,51828.95,51829.1,150,51830,210,660,2727060
BANKNIFTY-I.NFO,01/04/2025,09:39:22,51830,51829.1,150,51830,210,0,2727060
BANKNIFTY-I.NFO,01/04/2025,09:39:24,51833,51833,30,51834.4,60,390,2727060
BANKNIFTY-I.NFO,01/04/2025,09:39:24,51833,51833,30,51834.4,60,0,2727060
BANKNIFTY-I.NFO,01/04/2025,09:39:26,51830,51830,390,51834.4,90,90,2727060
BANKNIFTY-I.NFO,01/04/2025,09:39:26,51834.4,51830,390,51834.4,90,0,2727060
BANKNIFTY-I.NFO,01/04/2025,09:39:27,51830,51833,30,51834.4,90,0,2727060
BANKNIFTY-I.NFO,01/04/2025,09:39:29,51830,51830,510,51834.4,90,60,2727060
BANKNIFTY-I.NFO,01/04/2025,09:39:31,51841.3,51831.35,150,51843,270,1200,2727060
BANKNIFTY-I.NFO,01/04/2025,09:39:31,51841.3,51831.35,150,51843,270,0,2727060
BANKNIFTY-I.NFO,01/04/2025,09:39:32,51842,51841.15,30,51843,60,300,2727060
BANKNIFTY-I.NFO,01/04/2025,09:39:32,51843,51841.15,30,51843,60,0,2727060
BANKNIFTY-I.NFO,01/04/2025,09:39:34,51837.35,51835.25,300,51843,60,30,2723700
BANKNIFTY-I.NFO,01/04/2025,09:39:36,51831.85,51830.3,180,51845,1380,990,2723700
BANKNIFTY-I.NFO,01/04/2025,09:39:36,51845,51830.3,180,51845,1380,0,2723700
BANKNIFTY-I.NFO,01/04/2025,09:39:37,51840,51835.15,60,51845,1410,30,2723700
BANKNIFTY-I.NFO,01/04/2025,09:39:39,51834,51832.95,300,51842,30,120,2723700
BANKNIFTY-I.NFO,01/04/2025,09:39:41,51832.95,51834.55,30,51845,1410,60,2723700
BANKNIFTY-I.NFO,01/04/2025,09:39:42,51832.95,51843.65,60,51845,1410,0,2723700
BANKNIFTY-I.NFO,01/04/2025,09:39:44,51845,51835.15,30,51845,1020,390,2723700
BANKNIFTY-I.NFO,01/04/2025,09:39:46,51845,51840.3,150,51845,960,180,2723700
BANKNIFTY-I.NFO,01/04/2025,09:39:47,51845,51835.95,60,51845,930,30,2723700
BANKNIFTY-I.NFO,01/04/2025,09:39:49,51843.65,51839.05,30,51843.65,30,90,2723700
BANKNIFTY-I.NFO,01/04/2025,09:39:50,51843.65,51837.6,270,51845,840,120,2723700
BANKNIFTY-I.NFO,01/04/2025,09:39:52,51835,51832.95,90,51839.3,30,990,2723700
BANKNIFTY-I.NFO,01/04/2025,09:39:54,51845,51840.05,90,51845,360,660,2723700
BANKNIFTY-I.NFO,01/04/2025,09:39:55,51842.15,51844.1,30,51845,450,540,2723700
BANKNIFTY-I.NFO,01/04/2025,09:39:57,51842.15,51841.75,120,51845,510,0,2723700
BANKNIFTY-I.NFO,01/04/2025,09:39:59,51844.8,51841.8,30,51844.8,300,30,2723700
BANKNIFTY-I.NFO,01/04/2025,09:40:00,51846.75,51846.85,150,51849,90,840,2723700
BANKNIFTY-I.NFO,01/04/2025,09:40:00,51846.75,51846.85,150,51849,90,0,2723700
BANKNIFTY-I.NFO,01/04/2025,09:40:02,51861,51860.05,30,51861,570,2370,2723700
BANKNIFTY-I.NFO,01/04/2025,09:40:02,51861,51860.05,30,51861,570,0,2723700
BANKNIFTY-I.NFO,01/04/2025,09:40:04,51861,51845.85,30,51861,570,120,2723700
BANKNIFTY-I.NFO,01/04/2025,09:40:05,51845.95,51847.7,150,51849.7,90,30,2723700
BANKNIFTY-I.NFO,01/04/2025,09:40:07,51850,51860,30,51861,510,120,2723700
BANKNIFTY-I.NFO,01/04/2025,09:40:09,51861,51859.85,150,51861,390,180,2723700
BANKNIFTY-I.NFO,01/04/2025,09:40:10,51865,51864.4,30,51865,60,480,2723700
BANKNIFTY-I.NFO,01/04/2025,09:40:10,51865,51864.4,30,51865,60,0,2723700
BANKNIFTY-I.NFO,01/04/2025,09:40:12,51866.2,51861.75,30,51866.8,30,330,2723700
BANKNIFTY-I.NFO,01/04/2025,09:40:12,51866.2,51861.75,30,51866.8,30,0,2723700
BANKNIFTY-I.NFO,01/04/2025,09:40:14,51861,51860,30,51868,90,90,2723700
BANKNIFTY-I.NFO,01/04/2025,09:40:14,51868,51860,30,51868,90,0,2723700
BANKNIFTY-I.NFO,01/04/2025,09:40:15,51854.05,51853.5,210,51868,180,150,2723700
BANKNIFTY-I.NFO,01/04/2025,09:40:17,51852.2,51848.2,150,51860,60,120,2723700
BANKNIFTY-I.NFO,01/04/2025,09:40:19,51860.3,51848.9,300,51863.3,60,90,2723700
BANKNIFTY-I.NFO,01/04/2025,09:40:20,51848.9,51847.75,210,51863.3,60,120,2723700
BANKNIFTY-I.NFO,01/04/2025,09:40:22,51852.7,51854.85,210,51867,150,30,2723700
BANKNIFTY-I.NFO,01/04/2025,09:40:24,51852.7,51850,30,51860.3,30,0,2723700
BANKNIFTY-I.NFO,01/04/2025,09:40:25,51836.2,51836.2,30,51854.85,90,450,2723700
BANKNIFTY-I.NFO,01/04/2025,09:40:27,51838.25,51842.35,30,51853.4,60,120,2723700
BANKNIFTY-I.NFO,01/04/2025,09:40:29,51835.45,51835.45,30,51850,210,120,2723700
BANKNIFTY-I.NFO,01/04/2025,09:40:30,51835.45,51835.45,30,51850,240,0,2723700
BANKNIFTY-I.NFO,01/04/2025,09:40:32,51850,51841.45,30,51850,210,30,2723700
BANKNIFTY-I.NFO,01/04/2025,09:40:34,51841.2,51842.1,30,51850,240,150,2723700
BANKNIFTY-I.NFO,01/04/2025,09:40:35,51853.5,51854.85,30,51860.3,30,300,2723700
BANKNIFTY-I.NFO,01/04/2025,09:40:37,51854.85,51846.4,30,51862.35,90,60,2723700
BANKNIFTY-I.NFO,01/04/2025,09:40:38,51842.55,51842.8,60,51852.7,60,120,2723700
BANKNIFTY-I.NFO,01/04/2025,09:40:40,51862.35,51839.7,450,51853.5,30,360,2723700
BANKNIFTY-I.NFO,01/04/2025,09:40:42,51857.3,51837.1,90,51858.6,210,900,2723700
BANKNIFTY-I.NFO,01/04/2025,09:40:43,51849.05,51840,30,51849,60,60,2723700
BANKNIFTY-I.NFO,01/04/2025,09:40:45,51840,51835.45,90,51842.4,30,150,2723700
BANKNIFTY-I.NFO,01/04/2025,09:40:47,51840,51835.45,90,51844.85,30,0,2723700
BANKNIFTY-I.NFO,01/04/2025,09:40:48,51843.25,51835.45,120,51845.4,90,60,2723700
BANKNIFTY-I.NFO,01/04/2025,09:40:50,51833,51833,120,51835,240,150,2723700
BANKNIFTY-I.NFO,01/04/2025,09:40:52,51833,51833,120,51835,240,0,2723700
BANKNIFTY-I.NFO,01/04/2025,09:40:55,51835,51843.25,900,51850,90,270,2723700
BANKNIFTY-I.NFO,01/04/2025,09:40:57,51843.3,51843.3,30,51850,90,30,2723700
BANKNIFTY-I.NFO,01/04/2025,09:40:58,51843.3,51844,60,51850,90,0,2723700
BANKNIFTY-I.NFO,01/04/2025,09:41:00,51857.4,51856.95,60,51861,60,210,2723700
BANKNIFTY-I.NFO,01/04/2025,09:41:02,51856.95,51853.25,240,51861,60,30,2723700
BANKNIFTY-I.NFO,01/04/2025,09:41:03,51855.3,51851.6,60,51860,60,90,2723700
BANKNIFTY-I.NFO,01/04/2025,09:41:05,51861,51860.5,30,51861,30,90,2723700
BANKNIFTY-I.NFO,01/04/2025,09:41:07,51870,51857,150,51873.2,30,1260,2723700
BANKNIFTY-I.NFO,01/04/2025,09:41:07,51875,51857,150,51873.2,30,0,2723700
BANKNIFTY-I.NFO,01/04/2025,09:41:08,51870,51857,150,51865.05,30,0,2723700
BANKNIFTY-I.NFO,01/04/2025,09:41:10,51870,51857.05,30,51861,330,0,2723700
BANKNIFTY-I.NFO,01/04/2025,09:41:12,51861,51857,180,51861,270,90,2723700
BANKNIFTY-I.NFO,01/04/2025,09:41:13,51860.5,51858.4,180,51875,120,510,2723700
BANKNIFTY-I.NFO,01/04/2025,09:41:15,51858.85,51858.95,60,51870,90,30,2723700
BANKNIFTY-I.NFO,01/04/2025,09:41:17,51878,51861.65,90,51879.9,120,1080,2723700
BANKNIFTY-I.NFO,01/04/2025,09:41:17,51879.9,51861.65,90,51879.9,120,0,2723700
BANKNIFTY-I.NFO,01/04/2025,09:41:18,51879.95,51865.55,150,51879,30,450,2723700
BANKNIFTY-I.NFO,01/04/2025,09:41:18,51879.95,51865.55,150,51879,30,0,2723700
BANKNIFTY-I.NFO,01/04/2025,09:41:20,51879.95,51870.4,60,51872.3,90,0,2723700
BANKNIFTY-I.NFO,01/04/2025,09:41:21,51862.6,51862.7,120,51879.95,60,720,2723700
BANKNIFTY-I.NFO,01/04/2025,09:41:23,51857.7,51857.05,120,51869.95,30,150,2723700
BANKNIFTY-I.NFO,01/04/2025,09:41:25,51857.7,51857,180,51861,210,0,2723700
BANKNIFTY-I.NFO,01/04/2025,09:41:26,51861,51860,90,51861,150,60,2723700
BANKNIFTY-I.NFO,01/04/2025,09:41:28,51849.05,51843.7,300,51859.65,90,660,2723700
BANKNIFTY-I.NFO,01/04/2025,09:41:30,51849.05,51843.95,300,51859.95,60,0,2723700
BANKNIFTY-I.NFO,01/04/2025,09:41:32,51844,51833.35,90,51852.45,90,30,2723700
BANKNIFTY-I.NFO,01/04/2025,09:41:33,51849.05,51833.05,90,51851.85,120,60,2723700
BANKNIFTY-I.NFO,01/04/2025,09:41:35,51833.05,51833,120,51845.75,60,60,2723700
BANKNIFTY-I.NFO,01/04/2025,09:41:37,51833.05,51833,120,51842.95,30,0,2723700
BANKNIFTY-I.NFO,01/04/2025,09:41:38,51833.05,51833.05,30,51843,60,30,2723700
BANKNIFTY-I.NFO,01/04/2025,09:41:40,51833.05,51838.25,60,51842,360,0,2723700
BANKNIFTY-I.NFO,01/04/2025,09:41:42,51835,51835,90,51842,360,90,2723700
BANKNIFTY-I.NFO,01/04/2025,09:41:43,51835,51835,90,51841.95,60,0,2723700
BANKNIFTY-I.NFO,01/04/2025,09:41:45,51835,51835,60,51840,360,30,2723700
BANKNIFTY-I.NFO,01/04/2025,09:41:47,51839.95,51833,150,51840,240,210,2723700
BANKNIFTY-I.NFO,01/04/2025,09:41:48,51839.95,51838.75,30,51840,240,0,2723700
BANKNIFTY-I.NFO,01/04/2025,09:41:50,51839.95,51839.25,30,51840,240,0,2723700
BANKNIFTY-I.NFO,01/04/2025,09:41:52,51848.1,51835,60,51840,90,270,2723700
BANKNIFTY-I.NFO,01/04/2025,09:41:53,51840,51839.25,30,51848,120,540,2723700
BANKNIFTY-I.NFO,01/04/2025,09:41:55,51840,51841.4,30,51848,120,0,2723700
BANKNIFTY-I.NFO,01/04/2025,09:41:57,51840.95,51842.35,30,51848,120,810,2723700
BANKNIFTY-I.NFO,01/04/2025,09:41:58,51848.95,51845.85,30,51851,60,150,2723700
BANKNIFTY-I.NFO,01/04/2025,09:42:00,51853.65,51851.8,60,51860,150,240,2723700
BANKNIFTY-I.NFO,01/04/2025,09:42:02,51860,51857.75,150,51861,120,180,2723700
BANKNIFTY-I.NFO,01/04/2025,09:42:03,51862,51863,30,51870,30,330,2723700
BANKNIFTY-I.NFO,01/04/2025,09:42:05,51870,51869.8,30,51875,30,600,2723700
BANKNIFTY-I.NFO,01/04/2025,09:42:07,51877.05,51873.8,150,51879,30,150,2723700
BANKNIFTY-I.NFO,01/04/2025,09:42:08,51877.05,51871.6,120,51878.95,30,0,2723700
BANKNIFTY-I.NFO,01/04/2025,09:42:10,51880,51873.35,150,51880,480,90,2723700
BANKNIFTY-I.NFO,01/04/2025,09:42:10,51880,51873.35,150,51880,480,0,2723700
BANKNIFTY-I.NFO,01/04/2025,09:42:12,51880,51876.1,150,51880,330,150,2723700
BANKNIFTY-I.NFO,01/04/2025,09:42:13,51880,51875,150,51880,270,30,2723700
BANKNIFTY-I.NFO,01/04/2025,09:42:15,51875,51875,120,51880,240,60,2723700
BANKNIFTY-I.NFO,01/04/2025,09:42:16,51879.85,51875,90,51880,240,150,2723700
BANKNIFTY-I.NFO,01/04/2025,09:42:18,51880,51875,90,51880,1110,60,2723700
BANKNIFTY-I.NFO,01/04/2025,09:42:20,51871.65,51870,60,51880,1110,120,2723700
BANKNIFTY-I.NFO,01/04/2025,09:42:21,51870,51870.3,60,51880,1110,120,2723700
BANKNIFTY-I.NFO,01/04/2025,09:42:23,51881,51878.95,30,51881.1,30,1260,2723700
BANKNIFTY-I.NFO,01/04/2025,09:42:23,51881,51878.95,30,51881.1,30,0,2723700
BANKNIFTY-I.NFO,01/04/2025,09:42:25,51880,51870.3,150,51880,120,240,2723700
BANKNIFTY-I.NFO,01/04/2025,09:42:26,51871,51867.9,120,51873.3,60,210,2723700
BANKNIFTY-I.NFO,01/04/2025,09:42:28,51873.3,51869,150,51873.3,30,90,2723700
BANKNIFTY-I.NFO,01/04/2025,09:42:30,51873.65,51872.65,60,51880,150,150,2723700
BANKNIFTY-I.NFO,01/04/2025,09:42:31,51870.35,51866.65,30,51876.35,30,60,2723700
BANKNIFTY-I.NFO,01/04/2025,09:42:33,51873.3,51874.8,150,51880,180,30,2723700
BANKNIFTY-I.NFO,01/04/2025,09:42:35,51874.95,51865,30,51873.25,90,240,2721090
BANKNIFTY-I.NFO,01/04/2025,09:42:36,51877,51870,150,51879.7,150,1020,2721090
BANKNIFTY-I.NFO,01/04/2025,09:42:38,51877,51870,750,51874.8,60,0,2721090
BANKNIFTY-I.NFO,01/04/2025,09:42:40,51877,51871.3,180,51873.3,270,0,2721090
BANKNIFTY-I.NFO,01/04/2025,09:42:41,51872.6,51870.3,60,51877,60,300,2721090
BANKNIFTY-I.NFO,01/04/2025,09:42:43,51872.6,51870.1,150,51877,60,0,2721090
BANKNIFTY-I.NFO,01/04/2025,09:42:45,51870,51870,630,51879,270,240,2721090
BANKNIFTY-I.NFO,01/04/2025,09:42:46,51870.35,51870,570,51879,210,510,2721090
BANKNIFTY-I.NFO,01/04/2025,09:42:48,51879,51872.1,300,51879,90,510,2721090
BANKNIFTY-I.NFO,01/04/2025,09:42:50,51879,51871.8,60,51875.55,90,0,2721090
BANKNIFTY-I.NFO,01/04/2025,09:42:51,51875.55,51876.3,150,51879,90,150,2721090
BANKNIFTY-I.NFO,01/04/2025,09:42:53,51875.05,51870.55,60,51877.65,30,60,2721090
BANKNIFTY-I.NFO,01/04/2025,09:42:55,51879,51879,120,51880,150,240,2721090
BANKNIFTY-I.NFO,01/04/2025,09:42:56,51879,51879,120,51879.5,30,0,2721090
BANKNIFTY-I.NFO,01/04/2025,09:42:58,51879,51879,60,51880,180,60,2721090
BANKNIFTY-I.NFO,01/04/2025,09:43:00,51880,51879,60,51880,90,120,2721090
BANKNIFTY-I.NFO,01/04/2025,09:43:01,51879,51876.05,60,51879,270,210,2721090
BANKNIFTY-I.NFO,01/04/2025,09:43:01,51884,51876.05,60,51879,270,0,2721090
BANKNIFTY-I.NFO,01/04/2025,09:43:03,51877.55,51877.4,30,51879,270,90,2721090
BANKNIFTY-I.NFO,01/04/2025,09:43:05,51883.25,51881.9,30,51885,30,390,2721090
BANKNIFTY-I.NFO,01/04/2025,09:43:06,51883.45,51882.45,240,51885,30,90,2721090
BANKNIFTY-I.NFO,01/04/2025,09:43:08,51883.45,51881.65,30,51883.95,30,0,2721090
BANKNIFTY-I.NFO,01/04/2025,09:43:10,51885.75,51883.7,60,51890,270,150,2721090
BANKNIFTY-I.NFO,01/04/2025,09:43:10,51885.75,51883.7,60,51890,270,0,2721090
BANKNIFTY-I.NFO,01/04/2025,09:43:11,51883.25,51878,600,51885,60,30,2721090
BANKNIFTY-I.NFO,01/04/2025,09:43:13,51878,51878,480,51883.45,30,120,2721090
BANKNIFTY-I.NFO,01/04/2025,09:43:15,51883.45,51878,480,51884.95,120,30,2721090
BANKNIFTY-I.NFO,01/04/2025,09:43:16,51878,51878,450,51884.9,150,60,2721090
BANKNIFTY-I.NFO,01/04/2025,09:43:18,51878,51878,480,51884.9,120,30,2721090
BANKNIFTY-I.NFO,01/04/2025,09:43:20,51878,51878,450,51884.85,60,30,2721090
BANKNIFTY-I.NFO,01/04/2025,09:43:21,51878,51878.7,30,51884.9,30,30,2721090
BANKNIFTY-I.NFO,01/04/2025,09:43:23,51878,51878.1,30,51884.9,30,0,2721090
BANKNIFTY-I.NFO,01/04/2025,09:43:25,51878.25,51878,420,51885,120,30,2721090
BANKNIFTY-I.NFO,01/04/2025,09:43:26,51878.25,51878,420,51878.25,120,0,2721090
BANKNIFTY-I.NFO,01/04/2025,09:43:28,51878,51878,180,51878.25,120,240,2721090
BANKNIFTY-I.NFO,01/04/2025,09:43:30,51878,51878,120,51878.25,120,60,2721090
BANKNIFTY-I.NFO,01/04/2025,09:43:31,51870,51861,30,51876.45,300,810,2721090
BANKNIFTY-I.NFO,01/04/2025,09:43:33,51861.6,51861,30,51874.95,180,30,2721090
BANKNIFTY-I.NFO,01/04/2025,09:43:34,51861.6,51861,60,51873.3,60,90,2721090
BANKNIFTY-I.NFO,01/04/2025,09:43:36,51861,51853,30,51868.5,150,90,2721090
BANKNIFTY-I.NFO,01/04/2025,09:43:38,51851,51851.05,30,51864.45,90,120,2721090
BANKNIFTY-I.NFO,01/04/2025,09:43:40,51851,51851,60,51859.75,120,30,2721090
BANKNIFTY-I.NFO,01/04/2025,09:43:41,51851,51851,90,51852.4,120,0,2721090
BANKNIFTY-I.NFO,01/04/2025,09:43:43,51850,51850,90,51850.85,120,120,2721090
BANKNIFTY-I.NFO,01/04/2025,09:43:45,51850.25,51854.9,90,51861,30,150,2721090
BANKNIFTY-I.NFO,01/04/2025,09:43:46,51867.35,51869.75,30,51872,150,90,2721090
BANKNIFTY-I.NFO,01/04/2025,09:43:48,51872,51871.5,210,51872,30,180,2721090
BANKNIFTY-I.NFO,01/04/2025,09:43:50,51880.6,51880.6,30,51881,30,210,2721090
BANKNIFTY-I.NFO,01/04/2025,09:43:51,51885,51883.65,60,51885,60,90,2721090
BANKNIFTY-I.NFO,01/04/2025,09:43:53,51893,51891.85,30,51894,120,360,2721090
BANKNIFTY-I.NFO,01/04/2025,09:43:53,51893,51891.85,30,51894,120,0,2721090
BANKNIFTY-I.NFO,01/04/2025,09:43:55,51894,51891.35,60,51894,30,90,2721090
BANKNIFTY-I.NFO,01/04/2025,09:43:55,51894,51891.35,60,51894,30,0,2721090
BANKNIFTY-I.NFO,01/04/2025,09:43:56,51894,51890.95,60,51894,30,0,2721090
BANKNIFTY-I.NFO,01/04/2025,09:43:58,51894,51890,540,51893,60,30,2721090
BANKNIFTY-I.NFO,01/04/2025,09:44:00,51894.8,51890.65,60,51895,270,120,2721090
BANKNIFTY-I.NFO,01/04/2025,09:44:00,51894.8,51890.65,60,51895,270,0,2721090
BANKNIFTY-I.NFO,01/04/2025,09:44:01,51890.65,51890.35,60,51896.8,150,540,2721090
BANKNIFTY-I.NFO,01/04/2025,09:44:01,51896.8,51890.35,60,51896.8,150,0,2721090
BANKNIFTY-I.NFO,01/04/2025,09:44:03,51889.5,51889.5,120,51896.8,150,30,2721090
BANKNIFTY-I.NFO,01/04/2025,09:44:05,51889.5,51876.15,60,51891.4,30,150,2721090
BANKNIFTY-I.NFO,01/04/2025,09:44:06,51888.75,51879.95,210,51888.7,60,90,2721090
BANKNIFTY-I.NFO,01/04/2025,09:44:08,51888.75,51868.25,300,51879.9,90,0,2721090
BANKNIFTY-I.NFO,01/04/2025,09:44:10,51888.75,51872.65,30,51879.9,90,0,2721090
BANKNIFTY-I.NFO,01/04/2025,09:44:11,51888.75,51874.65,30,51879.9,90,0,2721090
BANKNIFTY-I.NFO,01/04/2025,09:44:13,51880,51879.9,90,51888,360,270,2721090
BANKNIFTY-I.NFO,01/04/2025,09:44:15,51881.9,51883.8,60,51888,300,90,2721090
BANKNIFTY-I.NFO,01/04/2025,09:44:16,51888,51886.05,60,51888,180,120,2721090
BANKNIFTY-I.NFO,01/04/2025,09:44:18,51884.05,51884.4,30,51888,90,150,2721090
BANKNIFTY-I.NFO,01/04/2025,09:44:19,51888,51888,30,51890,60,90,2721090
BANKNIFTY-I.NFO,01/04/2025,09:44:21,51888,51888,30,51890,90,0,2721090
BANKNIFTY-I.NFO,01/04/2025,09:44:23,51888,51881.85,60,51890,60,60,2721090
BANKNIFTY-I.NFO,01/04/2025,09:44:24,51888,51879.2,30,51888,60,0,2721090
BANKNIFTY-I.NFO,01/04/2025,09:44:26,51888,51877.55,60,51884.05,330,0,2721090
BANKNIFTY-I.NFO,01/04/2025,09:44:28,51876.1,51875.1,30,51884.05,360,150,2721090
BANKNIFTY-I.NFO,01/04/2025,09:44:29,51875.45,51881.6,30,51884.05,360,30,2721090
BANKNIFTY-I.NFO,01/04/2025,09:44:31,51883.45,51883,30,51884.05,180,210,2721090
BANKNIFTY-I.NFO,01/04/2025,09:44:32,51884.05,51883.9,30,51888,30,180,2721090
BANKNIFTY-I.NFO,01/04/2025,09:44:34,51880.1,51880.1,30,51883,30,30,2721090
BANKNIFTY-I.NFO,01/04/2025,09:44:36,51883,51880,120,51883,60,30,2721090
BANKNIFTY-I.NFO,01/04/2025,09:44:37,51881.15,51881.6,30,51884,30,210,2721090
BANKNIFTY-I.NFO,01/04/2025,09:44:39,51884,51880,90,51884.05,960,30,2721090
BANKNIFTY-I.NFO,01/04/2025,09:44:40,51880,51878.9,60,51880,90,90,2721090
BANKNIFTY-I.NFO,01/04/2025,09:44:42,51880,51881.75,30,51884.05,900,90,2721090
BANKNIFTY-I.NFO,01/04/2025,09:44:44,51884.05,51884.25,180,51888,30,900,2721090
BANKNIFTY-I.NFO,01/04/2025,09:44:45,51884.75,51880.85,30,51888,90,90,2721090
BANKNIFTY-I.NFO,01/04/2025,09:44:47,51881.65,51880.6,30,51884.25,30,30,2721090
BANKNIFTY-I.NFO,01/04/2025,09:44:48,51888,51880,60,51888,30,90,2721090
BANKNIFTY-I.NFO,01/04/2025,09:44:50,51888,51880,60,51885.95,120,0,2721090
BANKNIFTY-I.NFO,01/04/2025,09:44:52,51880,51871.45,30,51880,90,60,2721090
BANKNIFTY-I.NFO,01/04/2025,09:44:53,51879.5,51879.2,30,51886,60,120,2721090
BANKNIFTY-I.NFO,01/04/2025,09:44:55,51881.95,51881.7,30,51886,60,30,2721090
BANKNIFTY-I.NFO,01/04/2025,09:44:57,51881.95,51884.4,150,51886,60,0,2721090
BANKNIFTY-I.NFO,01/04/2025,09:44:58,51884.4,51883.95,30,51886,60,30,2721090
BANKNIFTY-I.NFO,01/04/2025,09:45:00,51890,51888,60,51890,90,210,2721090
BANKNIFTY-I.NFO,01/04/2025,09:45:02,51886.3,51886.9,30,51893,30,210,2721090
BANKNIFTY-I.NFO,01/04/2025,09:45:03,51896.8,51890.75,180,51896.8,90,210,2721090
BANKNIFTY-I.NFO,01/04/2025,09:45:05,51896.8,51894.15,30,51897.9,30,90,2721090
BANKNIFTY-I.NFO,01/04/2025,09:45:07,51900.85,51897.95,30,51903,930,1740,2721090
BANKNIFTY-I.NFO,01/04/2025,09:45:07,51900.85,51897.95,30,51903,930,0,2721090
BANKNIFTY-I.NFO,01/04/2025,09:45:08,51903,51900.1,30,51903,360,660,2721090
BANKNIFTY-I.NFO,01/04/2025,09:45:08,51903,51900.1,30,51903,360,0,2721090
BANKNIFTY-I.NFO,01/04/2025,09:45:10,51903,51904.3,30,51905,90,360,2721090
BANKNIFTY-I.NFO,01/04/2025,09:45:12,51904.55,51897.9,30,51909,30,330,2721090
BANKNIFTY-I.NFO,01/04/2025,09:45:12,51906.65,51897.9,30,51909,30,0,2721090
BANKNIFTY-I.NFO,01/04/2025,09:45:13,51889.2,51889,30,51909.7,210,3450,2721090
BANKNIFTY-I.NFO,01/04/2025,09:45:13,51914.9,51889,30,51909.7,210,0,2721090
BANKNIFTY-I.NFO,01/04/2025,09:45:15,51905.9,51895.9,30,51911.75,60,30,2721090
BANKNIFTY-I.NFO,01/04/2025,09:45:17,51920,51919.6,240,51920,30,480,2721090
BANKNIFTY-I.NFO,01/04/2025,09:45:17,51920,51919.6,240,51920,30,0,2721090
BANKNIFTY-I.NFO,01/04/2025,09:45:18,51919.9,51919.6,90,51919.9,90,240,2721090
BANKNIFTY-I.NFO,01/04/2025,09:45:20,51919.6,51919.6,60,51920,90,120,2721090
BANKNIFTY-I.NFO,01/04/2025,09:45:22,51907,51894.4,30,51909,60,450,2721090
BANKNIFTY-I.NFO,01/04/2025,09:45:23,51897,51888,90,51899,60,270,2721090
BANKNIFTY-I.NFO,01/04/2025,09:45:25,51903.95,51888,90,51903.9,60,750,2721090
BANKNIFTY-I.NFO,01/04/2025,09:45:27,51903.9,51888.65,30,51903.9,30,30,2721090
BANKNIFTY-I.NFO,01/04/2025,09:45:28,51903.9,51900,30,51906,120,0,2721090
BANKNIFTY-I.NFO,01/04/2025,09:45:30,51903.9,51900,30,51906,60,90,2721090
BANKNIFTY-I.NFO,01/04/2025,09:45:32,51914.95,51898.05,30,51915.95,60,270,2721090
BANKNIFTY-I.NFO,01/04/2025,09:45:33,51910,51903.9,60,51910.15,30,60,2721090
BANKNIFTY-I.NFO,01/04/2025,09:45:35,51903.9,51888.1,30,51904.15,60,60,2718390
BANKNIFTY-I.NFO,01/04/2025,09:45:37,51904.75,51888.1,30,51904.05,30,30,2718390
BANKNIFTY-I.NFO,01/04/2025,09:45:38,51884.7,51880.45,90,51899.35,30,390,2718390
BANKNIFTY-I.NFO,01/04/2025,09:45:40,51899.45,51880.6,300,51898.1,60,60,2718390
BANKNIFTY-I.NFO,01/04/2025,09:45:42,51899.45,51878.35,30,51896.4,60,0,2718390
BANKNIFTY-I.NFO,01/04/2025,09:45:43,51878.35,51877.3,120,51896.35,60,60,2718390
BANKNIFTY-I.NFO,01/04/2025,09:45:45,51900,51884.7,30,51899.85,60,210,2718390
BANKNIFTY-I.NFO,01/04/2025,09:45:47,51899.55,51876.6,120,51894.2,30,60,2718390
BANKNIFTY-I.NFO,01/04/2025,09:45:48,51898.3,51880.45,120,51898.35,30,150,2718390
BANKNIFTY-I.NFO,01/04/2025,09:45:50,51900,51883,30,51899.95,30,60,2718390
BANKNIFTY-I.NFO,01/04/2025,09:45:52,51880.45,51876.65,60,51880.45,90,270,2718390
BANKNIFTY-I.NFO,01/04/2025,09:45:53,51880.45,51878.2,60,51880.45,150,0,2718390
BANKNIFTY-I.NFO,01/04/2025,09:45:55,51880.45,51875,60,51880.45,60,90,2718390
BANKNIFTY-I.NFO,01/04/2025,09:45:57,51880.45,51875,60,51876.15,30,0,2718390
BANKNIFTY-I.NFO,01/04/2025,09:45:58,51880.45,51875,60,51875.05,150,0,2718390
BANKNIFTY-I.NFO,01/04/2025,09:46:00,51875,51870,90,51875.05,210,60,2718390
BANKNIFTY-I.NFO,01/04/2025,09:46:02,51870,51868,90,51875.05,180,150,2718390
BANKNIFTY-I.NFO,01/04/2025,09:46:03,51865.85,51862,150,51874.95,60,120,2718390
BANKNIFTY-I.NFO,01/04/2025,09:46:05,51854.4,51854.2,60,51865.85,90,360,2718390
BANKNIFTY-I.NFO,01/04/2025,09:46:07,51865.8,51860.55,60,51865.85,150,30,2718390
BANKNIFTY-I.NFO,01/04/2025,09:46:08,51865.8,51864.85,90,51875.05,60,210,2718390
BANKNIFTY-I.NFO,01/04/2025,09:46:10,51875.05,51872.95,30,51875.05,30,150,2718390
BANKNIFTY-I.NFO,01/04/2025,09:46:12,51875.1,51872.5,60,51880,30,150,2718390
BANKNIFTY-I.NFO,01/04/2025,09:46:13,51875.1,51866.25,30,51870,300,0,2718390
BANKNIFTY-I.NFO,01/04/2025,09:46:15,51865,51862.5,30,51870,360,60,2718390
BANKNIFTY-I.NFO,01/04/2025,09:46:16,51863.15,51860.9,60,51870,420,30,2718390
BANKNIFTY-I.NFO,01/04/2025,09:46:18,51863.15,51860.55,60,51865.8,90,0,2718390
BANKNIFTY-I.NFO,01/04/2025,09:46:20,51865,51858,30,51865,90,90,2718390
BANKNIFTY-I.NFO,01/04/2025,09:46:21,51865,51857.4,60,51865,180,30,2718390
BANKNIFTY-I.NFO,01/04/2025,09:46:23,51865,51861.05,30,51865,180,0,2718390
BANKNIFTY-I.NFO,01/04/2025,09:46:25,51865,51861.35,30,51865,300,0,2718390
BANKNIFTY-I.NFO,01/04/2025,09:46:26,51863.45,51864.1,30,51865,300,30,2718390
BANKNIFTY-I.NFO,01/04/2025,09:46:28,51865,51858,30,51865,240,60,2718390
BANKNIFTY-I.NFO,01/04/2025,09:46:30,51865,51858.75,30,51865,240,0,2718390
BANKNIFTY-I.NFO,01/04/2025,09:46:31,51865,51858.7,30,51865,240,0,2718390
BANKNIFTY-I.NFO,01/04/2025,09:46:33,51860.35,51859.7,30,51865,240,90,2718390
BANKNIFTY-I.NFO,01/04/2025,09:46:35,51860.35,51857.6,30,51864,180,0,2718390
BANKNIFTY-I.NFO,01/04/2025,09:46:36,51864,51853.7,300,51864,30,30,2718390
BANKNIFTY-I.NFO,01/04/2025,09:46:38,51852.55,51852.55,30,51863.95,180,120,2718390
BANKNIFTY-I.NFO,01/04/2025,09:46:40,51863.95,51851,60,51863.95,180,90,2718390
BANKNIFTY-I.NFO,01/04/2025,09:46:41,51863.95,51851,60,51863.45,240,30,2718390
BANKNIFTY-I.NFO,01/04/2025,09:46:43,51851,51850.85,30,51857.1,60,90,2718390
BANKNIFTY-I.NFO,01/04/2025,09:46:45,51854,51850.85,30,51857.05,60,30,2718390
BANKNIFTY-I.NFO,01/04/2025,09:46:46,51857.05,51850.85,30,51857.05,30,30,2718390
BANKNIFTY-I.NFO,01/04/2025,09:46:48,51850,51850,300,51857.05,150,60,2718390
BANKNIFTY-I.NFO,01/04/2025,09:46:50,51850,51850,240,51857.05,150,60,2718390
BANKNIFTY-I.NFO,01/04/2025,09:46:51,51850,51850.15,60,51857.05,150,0,2718390
BANKNIFTY-I.NFO,01/04/2025,09:46:53,51850.85,51850,240,51850.85,120,30,2718390
BANKNIFTY-I.NFO,01/04/2025,09:46:55,51850,51850,210,51850.85,150,30,2718390
BANKNIFTY-I.NFO,01/04/2025,09:46:56,51850.85,51850.25,60,51855,120,150,2718390
BANKNIFTY-I.NFO,01/04/2025,09:46:58,51850,51850,180,51855,120,60,2718390
BANKNIFTY-I.NFO,01/04/2025,09:46:59,51851,51851,30,51855,120,60,2718390
BANKNIFTY-I.NFO,01/04/2025,09:47:01,51850,51850,90,51851,60,150,2718390
BANKNIFTY-I.NFO,01/04/2025,09:47:03,51850,51850,180,51851,30,30,2718390
BANKNIFTY-I.NFO,01/04/2025,09:47:04,51855,51855.65,60,51860,30,150,2718390
BANKNIFTY-I.NFO,01/04/2025,09:47:06,51860,51852.85,60,51860,60,30,2718390
BANKNIFTY-I.NFO,01/04/2025,09:47:08,51865.8,51866.45,120,51875,300,240,2718390
BANKNIFTY-I.NFO,01/04/2025,09:47:09,51875,51869.4,60,51875,270,30,2718390
BANKNIFTY-I.NFO,01/04/2025,09:47:11,51875,51872.3,60,51875,300,0,2718390
BANKNIFTY-I.NFO,01/04/2025,09:47:13,51875,51873.75,60,51875,120,240,2718390
BANKNIFTY-I.NFO,01/04/2025,09:47:14,51868.6,51868.65,30,51874.4,90,30,2718390
BANKNIFTY-I.NFO,01/04/2025,09:47:16,51874.35,51870.65,30,51874.35,30,120,2718390
BANKNIFTY-I.NFO,01/04/2025,09:47:18,51875,51872.6,90,51875,30,90,2718390
BANKNIFTY-I.NFO,01/04/2025,09:47:19,51873.8,51866.95,60,51875,90,30,2718390
BANKNIFTY-I.NFO,01/04/2025,09:47:21,51875,51874.35,30,51878,30,180,2718390
BANKNIFTY-I.NFO,01/04/2025,09:47:23,51880,51875.6,60,51880.45,30,150,2718390
BANKNIFTY-I.NFO,01/04/2025,09:47:24,51885,51877.6,60,51880.45,60,90,2718390
BANKNIFTY-I.NFO,01/04/2025,09:47:26,51880.45,51885,30,51887.95,60,90,2718390
BANKNIFTY-I.NFO,01/04/2025,09:47:28,51873.85,51868.9,60,51879.25,300,60,2718390
BANKNIFTY-I.NFO,01/04/2025,09:47:29,51873.85,51860.9,120,51874.05,60,0,2718390
BANKNIFTY-I.NFO,01/04/2025,09:47:31,51861.45,51863.9,150,51873.3,120,60,2718390
BANKNIFTY-I.NFO,01/04/2025,09:47:32,51873.3,51870.9,60,51885,30,120,2718390
BANKNIFTY-I.NFO,01/04/2025,09:47:34,51871.95,51874.2,30,51877.95,30,60,2718390
BANKNIFTY-I.NFO,01/04/2025,09:47:36,51877.95,51875.35,60,51885,30,60,2718390
BANKNIFTY-I.NFO,01/04/2025,09:47:37,51877.95,51876,30,51885,30,0,2718390
BANKNIFTY-I.NFO,01/04/2025,09:47:39,51877.95,51875.7,30,51885,60,0,2718390
BANKNIFTY-I.NFO,01/04/2025,09:47:41,51877.95,51879.25,30,51885,60,0,2718390
BANKNIFTY-I.NFO,01/04/2025,09:47:42,51878.7,51878.8,30,51885,30,180,2718390
BANKNIFTY-I.NFO,01/04/2025,09:47:44,51878.7,51876.5,30,51881.9,60,0,2718390
BANKNIFTY-I.NFO,01/04/2025,09:47:46,51882.05,51882.85,30,51888,30,210,2718390
BANKNIFTY-I.NFO,01/04/2025,09:47:47,51885.45,51886.45,30,51888,30,30,2718390
BANKNIFTY-I.NFO,01/04/2025,09:47:49,51888.7,51888.55,30,51892.9,30,420,2718390
BANKNIFTY-I.NFO,01/04/2025,09:47:51,51888.7,51890.3,30,51892.9,30,0,2718390
BANKNIFTY-I.NFO,01/04/2025,09:47:52,51892.9,51892.5,60,51900,60,30,2718390
BANKNIFTY-I.NFO,01/04/2025,09:47:54,51892.6,51892.5,30,51900,60,30,2718390
BANKNIFTY-I.NFO,01/04/2025,09:47:56,51900.1,51892.5,30,51902.45,90,210,2718390
BANKNIFTY-I.NFO,01/04/2025,09:47:57,51903,51892.5,30,51903.95,60,120,2718390
BANKNIFTY-I.NFO,01/04/2025,09:47:59,51892.5,51888.75,30,51892.5,150,30,2718390
BANKNIFTY-I.NFO,01/04/2025,09:48:01,51892.5,51890.2,30,51892.5,150,0,2718390
BANKNIFTY-I.NFO,01/04/2025,09:48:02,51887.65,51885.55,300,51892.5,150,60,2718390
BANKNIFTY-I.NFO,01/04/2025,09:48:04,51884.2,51884.25,60,51892.5,180,30,2718390
BANKNIFTY-I.NFO,01/04/2025,09:48:06,51884.2,51889.4,30,51892.5,180,0,2718390
BANKNIFTY-I.NFO,01/04/2025,09:48:07,51884.2,51888,60,51892.5,150,0,2718390
BANKNIFTY-I.NFO,01/04/2025,09:48:09,51884.2,51887.55,120,51892.5,150,0,2718390
BANKNIFTY-I.NFO,01/04/2025,09:48:10,51884.2,51890.2,30,51892.5,150,0,2718390
BANKNIFTY-I.NFO,01/04/2025,09:48:12,51890.2,51885,30,51892.5,180,30,2718390
BANKNIFTY-I.NFO,01/04/2025,09:48:14,51892.5,51881.6,300,51892.5,180,60,2718390
BANKNIFTY-I.NFO,01/04/2025,09:48:16,51889.95,51880.2,30,51890,60,30,2718390
BANKNIFTY-I.NFO,01/04/2025,09:48:17,51880.2,51880,120,51888.55,60,30,2718390
BANKNIFTY-I.NFO,01/04/2025,09:48:19,51880.2,51880,120,51888.35,210,0,2718390
BANKNIFTY-I.NFO,01/04/2025,09:48:21,51880,51875,30,51883.95,60,120,2718390
BANKNIFTY-I.NFO,01/04/2025,09:48:22,51880,51875,30,51884.2,60,0,2718390
BANKNIFTY-I.NFO,01/04/2025,09:48:24,51884.2,51883.6,60,51890,60,90,2718390
BANKNIFTY-I.NFO,01/04/2025,09:48:26,51890.5,51891.4,60,51900,30,180,2718390
BANKNIFTY-I.NFO,01/04/2025,09:48:27,51890.5,51889.15,30,51900,30,0,2718390
BANKNIFTY-I.NFO,01/04/2025,09:48:29,51893.6,51893.25,30,51900,30,30,2718390
BANKNIFTY-I.NFO,01/04/2025,09:48:30,51894.85,51894.75,30,51900,30,30,2718390
BANKNIFTY-I.NFO,01/04/2025,09:48:32,51902.5,51892.5,30,51909.5,90,150,2718390
BANKNIFTY-I.NFO,01/04/2025,09:48:34,51909.65,51891.95,30,51906.55,60,390,2718390
BANKNIFTY-I.NFO,01/04/2025,09:48:35,51909.65,51892.15,30,51906.95,90,0,2718390
BANKNIFTY-I.NFO,01/04/2025,09:48:37,51892.1,51882.6,30,51889.9,210,90,2717850
BANKNIFTY-I.NFO,01/04/2025,09:48:38,51889.9,51881,60,51889.9,240,30,2717850
BANKNIFTY-I.NFO,01/04/2025,09:48:40,51881,51881,30,51888.35,120,30,2717850
BANKNIFTY-I.NFO,01/04/2025,09:48:42,51881,51880,150,51886.1,180,30,2717850
BANKNIFTY-I.NFO,01/04/2025,09:48:43,51881,51880,150,51886.1,180,0,2717850
BANKNIFTY-I.NFO,01/04/2025,09:48:45,51881,51880,150,51885.65,60,0,2717850
BANKNIFTY-I.NFO,01/04/2025,09:48:46,51876.1,51875.75,60,51880,90,180,2717850
BANKNIFTY-I.NFO,01/04/2025,09:48:48,51876.1,51875,30,51880,90,0,2717850
BANKNIFTY-I.NFO,01/04/2025,09:48:50,51880,51875.55,60,51880,60,30,2717850
BANKNIFTY-I.NFO,01/04/2025,09:48:51,51880,51875.2,30,51880,90,0,2717850
BANKNIFTY-I.NFO,01/04/2025,09:48:53,51880,51875.2,30,51879.95,120,0,2717850
BANKNIFTY-I.NFO,01/04/2025,09:48:54,51880,51875.2,30,51879.9,120,0,2717850
BANKNIFTY-I.NFO,01/04/2025,09:48:56,51875.05,51875,30,51879.8,120,60,2717850
BANKNIFTY-I.NFO,01/04/2025,09:48:58,51875.05,51875,60,51879.75,120,0,2717850
BANKNIFTY-I.NFO,01/04/2025,09:48:59,51866,51860,180,51872.6,210,150,2717850
BANKNIFTY-I.NFO,01/04/2025,09:49:01,51866,51865.3,90,51872.6,30,120,2717850
BANKNIFTY-I.NFO,01/04/2025,09:49:03,51872.6,51866.7,60,51872.6,30,120,2717850
BANKNIFTY-I.NFO,01/04/2025,09:49:04,51872.6,51864.35,60,51872.6,60,0,2717850
BANKNIFTY-I.NFO,01/04/2025,09:49:06,51872.6,51869,60,51872.6,60,0,2717850
BANKNIFTY-I.NFO,01/04/2025,09:49:08,51872.6,51866.95,30,51872.6,60,0,2717850
BANKNIFTY-I.NFO,01/04/2025,09:49:09,51868.05,51860.05,60,51865,240,30,2717850
