Ticker,Date,Time,LTP,BuyPrice,BuyQty,SellPrice,SellQty,LTQ,OpenInterest
BANKNIFTY-II.NFO,01/04/2025,09:15:00,51625,51671.05,150,51724.9,60,360,806070
BANKNIFTY-II.NFO,01/04/2025,09:15:00,51625,51671.05,150,51724.9,60,0,806070
BANKNIFTY-II.NFO,01/04/2025,09:15:00,51724.95,51671.05,150,51724.9,60,0,806070
BANKNIFTY-II.NFO,01/04/2025,09:15:00,51624.95,51671.05,150,51724.9,60,0,806070
BANKNIFTY-II.NFO,01/04/2025,09:15:01,51724.95,51706.35,120,51725,30,60,806070
BANKNIFTY-II.NFO,01/04/2025,09:15:03,51706.55,51711.15,120,51758.6,30,150,806070
BANKNIFTY-II.NFO,01/04/2025,09:15:03,51751,51711.15,120,51758.6,30,0,806070
BANKNIFTY-II.NFO,01/04/2025,09:15:04,51768.5,51717.9,120,51766.55,30,180,806070
BANKNIFTY-II.NFO,01/04/2025,09:15:04,51768.75,51717.9,120,51766.55,30,0,806070
BANKNIFTY-II.NFO,01/04/2025,09:15:06,51712.85,51722.65,120,51774.85,30,30,806070
BANKNIFTY-II.NFO,01/04/2025,09:15:08,51712.85,51762.2,60,51768.2,30,0,806070
BANKNIFTY-II.NFO,01/04/2025,09:15:09,51762.4,51722.05,120,51753,30,150,806070
BANKNIFTY-II.NFO,01/04/2025,09:15:11,51762.4,51729.95,120,51774.55,60,0,806070
BANKNIFTY-II.NFO,01/04/2025,09:15:12,51774.55,51762.45,120,51775,30,30,806070
BANKNIFTY-II.NFO,01/04/2025,09:15:12,51774.55,51762.45,120,51775,30,0,806070
BANKNIFTY-II.NFO,01/04/2025,09:15:14,51774.55,51765.25,120,51775,30,0,806070
BANKNIFTY-II.NFO,01/04/2025,09:15:15,51774.55,51769.15,120,51775,30,0,806070
BANKNIFTY-II.NFO,01/04/2025,09:15:17,51762.75,51762.4,150,51774.95,120,180,806070
BANKNIFTY-II.NFO,01/04/2025,09:15:18,51762.4,51762.75,120,51774.9,30,30,806070
BANKNIFTY-II.NFO,01/04/2025,09:15:20,51775,51765.7,120,51791.75,120,120,806070
BANKNIFTY-II.NFO,01/04/2025,09:15:20,51775,51765.7,120,51791.75,120,0,806070
BANKNIFTY-II.NFO,01/04/2025,09:15:21,51795.2,51769.6,120,51795.2,30,30,806070
BANKNIFTY-II.NFO,01/04/2025,09:15:21,51795.2,51769.6,120,51795.2,30,0,806070
BANKNIFTY-II.NFO,01/04/2025,09:15:23,51775,51775.05,120,51795.1,120,30,806070
BANKNIFTY-II.NFO,01/04/2025,09:15:25,51775,51775.05,120,51795,30,0,806070
BANKNIFTY-II.NFO,01/04/2025,09:15:26,51775.95,51775.95,120,51795.1,120,330,806070
BANKNIFTY-II.NFO,01/04/2025,09:15:28,51792.05,51778.55,120,51794.6,30,120,806070
BANKNIFTY-II.NFO,01/04/2025,09:15:29,51792.05,51780,30,51794.6,30,0,806070
BANKNIFTY-II.NFO,01/04/2025,09:15:31,51792.05,51780,30,51794.55,30,0,806070
BANKNIFTY-II.NFO,01/04/2025,09:15:32,51780.8,51780.8,120,51794.5,30,30,806070
BANKNIFTY-II.NFO,01/04/2025,09:15:34,51794.35,51780,30,51794.35,30,30,805830
BANKNIFTY-II.NFO,01/04/2025,09:15:36,51794.35,51780.05,60,51794.35,30,0,805830
BANKNIFTY-II.NFO,01/04/2025,09:15:37,51795.25,51794.55,120,51807,60,270,805830
BANKNIFTY-II.NFO,01/04/2025,09:15:37,51795.25,51794.55,120,51807,60,0,805830
BANKNIFTY-II.NFO,01/04/2025,09:15:39,51807,51810.55,120,51824,30,90,805830
BANKNIFTY-II.NFO,01/04/2025,09:15:39,51807,51810.55,120,51824,30,0,805830
BANKNIFTY-II.NFO,01/04/2025,09:15:40,51824,51819.25,120,51842.95,120,30,805830
BANKNIFTY-II.NFO,01/04/2025,09:15:40,51824,51819.25,120,51842.95,120,0,805830
BANKNIFTY-II.NFO,01/04/2025,09:15:42,51824,51820.3,120,51846.2,30,0,805830
BANKNIFTY-II.NFO,01/04/2025,09:15:44,51820.3,51820.3,90,51843.45,120,60,805830
BANKNIFTY-II.NFO,01/04/2025,09:15:45,51841.95,51815.2,120,51841.95,60,30,805830
BANKNIFTY-II.NFO,01/04/2025,09:15:45,51841.95,51815.2,120,51841.95,60,0,805830
BANKNIFTY-II.NFO,01/04/2025,09:15:47,51820.25,51822.95,120,51847.2,30,30,805830
BANKNIFTY-II.NFO,01/04/2025,09:15:48,51818.8,51818.8,30,51841.6,30,90,805830
BANKNIFTY-II.NFO,01/04/2025,09:15:50,51818.8,51818.8,30,51841.6,30,0,805830
BANKNIFTY-II.NFO,01/04/2025,09:15:51,51841.5,51820.4,120,51843.65,30,90,805830
BANKNIFTY-II.NFO,01/04/2025,09:15:53,51820.4,51830,60,51840.95,150,30,805830
BANKNIFTY-II.NFO,01/04/2025,09:15:54,51830,51830,30,51841,30,30,805830
BANKNIFTY-II.NFO,01/04/2025,09:15:56,51830,51830,30,51841,30,0,805830
BANKNIFTY-II.NFO,01/04/2025,09:15:58,51830,51830,30,51840.95,90,0,805830
BANKNIFTY-II.NFO,01/04/2025,09:15:59,51830,51820.3,150,51836.95,60,30,805830
BANKNIFTY-II.NFO,01/04/2025,09:16:01,51818.45,51800,30,51818.4,120,300,805830
BANKNIFTY-II.NFO,01/04/2025,09:16:02,51818.45,51800,30,51814.8,150,0,805830
BANKNIFTY-II.NFO,01/04/2025,09:16:04,51800,51785.05,60,51799.95,150,30,805830
BANKNIFTY-II.NFO,01/04/2025,09:16:05,51800,51785.2,120,51806.35,150,0,805830
BANKNIFTY-II.NFO,01/04/2025,09:16:07,51802.55,51800,30,51812.95,90,60,805830
BANKNIFTY-II.NFO,01/04/2025,09:16:08,51802.55,51800,30,51802.75,60,0,805830
BANKNIFTY-II.NFO,01/04/2025,09:16:10,51800,51785.05,120,51815.85,60,30,805830
BANKNIFTY-II.NFO,01/04/2025,09:16:11,51800,51785,30,51807.3,60,0,805830
BANKNIFTY-II.NFO,01/04/2025,09:16:13,51800,51789.05,120,51817,60,0,805830
BANKNIFTY-II.NFO,01/04/2025,09:16:15,51851.6,51804.95,30,51843.4,30,210,805830
BANKNIFTY-II.NFO,01/04/2025,09:16:15,51851.6,51804.95,30,51843.4,30,0,805830
BANKNIFTY-II.NFO,01/04/2025,09:16:16,51851.6,51819.45,120,51856.05,30,0,805830
BANKNIFTY-II.NFO,01/04/2025,09:16:18,51851.6,51825.65,120,51861.3,30,0,805830
BANKNIFTY-II.NFO,01/04/2025,09:16:19,51851.6,51828.35,120,51861.4,30,0,805830
BANKNIFTY-II.NFO,01/04/2025,09:16:21,51851.6,51842.55,360,51878.45,30,0,805830
BANKNIFTY-II.NFO,01/04/2025,09:16:22,51851.6,51850.85,360,51885,60,0,805830
BANKNIFTY-II.NFO,01/04/2025,09:16:24,51851.6,51855.7,360,51886.9,30,0,805830
BANKNIFTY-II.NFO,01/04/2025,09:16:26,51851.6,51864.35,60,51895,60,0,805830
BANKNIFTY-II.NFO,01/04/2025,09:16:27,51851.6,51867,360,51893.25,30,0,805830
BANKNIFTY-II.NFO,01/04/2025,09:16:29,51851.6,51855.1,360,51883.8,30,0,805830
BANKNIFTY-II.NFO,01/04/2025,09:16:30,51851.6,51852.25,360,51880.4,60,0,805830
BANKNIFTY-II.NFO,01/04/2025,09:16:32,51878.65,51856.65,360,51883.1,30,30,805830
BANKNIFTY-II.NFO,01/04/2025,09:16:32,51878.65,51856.65,360,51883.1,30,0,805830
BANKNIFTY-II.NFO,01/04/2025,09:16:33,51878.65,51858.55,390,51879.9,30,0,805830
BANKNIFTY-II.NFO,01/04/2025,09:16:35,51878.65,51858.65,360,51882.55,30,0,805830
BANKNIFTY-II.NFO,01/04/2025,09:16:36,51878.65,51858.65,360,51882.4,30,0,805830
BANKNIFTY-II.NFO,01/04/2025,09:16:38,51858.65,51852.6,330,51879.9,30,30,805830
BANKNIFTY-II.NFO,01/04/2025,09:16:39,51858.65,51850,60,51866.6,30,0,805830
BANKNIFTY-II.NFO,01/04/2025,09:16:41,51858.65,51850,60,51866.75,60,0,805830
BANKNIFTY-II.NFO,01/04/2025,09:16:42,51858.65,51850.05,330,51870,30,0,805830
BANKNIFTY-II.NFO,01/04/2025,09:16:44,51858.65,51850.25,360,51874.8,60,0,805830
BANKNIFTY-II.NFO,01/04/2025,09:16:45,51858.65,51850.3,330,51870.45,60,0,805830
BANKNIFTY-II.NFO,01/04/2025,09:16:47,51858.65,51850.1,330,51872.5,30,0,805830
BANKNIFTY-II.NFO,01/04/2025,09:16:48,51858.65,51851.1,390,51881.1,30,0,805830
BANKNIFTY-II.NFO,01/04/2025,09:16:50,51858.65,51862.25,330,51890.95,30,0,805830
BANKNIFTY-II.NFO,01/04/2025,09:16:51,51858.65,51862.25,330,51886.7,60,0,805830
BANKNIFTY-II.NFO,01/04/2025,09:16:53,51858.65,51850.1,330,51876.05,30,0,805830
BANKNIFTY-II.NFO,01/04/2025,09:16:55,51858.65,51850.05,360,51870.1,30,0,805830
BANKNIFTY-II.NFO,01/04/2025,09:16:56,51870.1,51850.05,360,51873.75,30,30,805830
BANKNIFTY-II.NFO,01/04/2025,09:16:58,51870.1,51850,30,51864.35,30,0,805830
BANKNIFTY-II.NFO,01/04/2025,09:16:59,51870.1,51850,60,51868.95,30,0,805830
BANKNIFTY-II.NFO,01/04/2025,09:17:01,51873.35,51853.3,330,51882.85,30,60,805830
BANKNIFTY-II.NFO,01/04/2025,09:17:02,51873.35,51865,330,51889.6,60,0,805830
BANKNIFTY-II.NFO,01/04/2025,09:17:04,51873.35,51872.6,330,51895,60,0,805830
BANKNIFTY-II.NFO,01/04/2025,09:17:05,51873.35,51866.35,360,51891.2,30,0,805830
BANKNIFTY-II.NFO,01/04/2025,09:17:07,51897,51876.35,330,51900.3,60,60,805830
BANKNIFTY-II.NFO,01/04/2025,09:17:07,51897,51876.35,330,51900.3,60,0,805830
BANKNIFTY-II.NFO,01/04/2025,09:17:09,51897,51879.3,360,51903.95,30,0,805830
BANKNIFTY-II.NFO,01/04/2025,09:17:10,51897,51887.05,330,51910,30,0,805830
BANKNIFTY-II.NFO,01/04/2025,09:17:12,51897,51887.05,360,51908.4,30,0,805830
BANKNIFTY-II.NFO,01/04/2025,09:17:13,51905.95,51884.9,330,51910,30,60,805830
BANKNIFTY-II.NFO,01/04/2025,09:17:13,51905.95,51884.9,330,51910,30,0,805830
BANKNIFTY-II.NFO,01/04/2025,09:17:15,51905.95,51886.1,330,51910,30,0,805830
BANKNIFTY-II.NFO,01/04/2025,09:17:16,51905.95,51887,30,51910,30,0,805830
BANKNIFTY-II.NFO,01/04/2025,09:17:18,51913.35,51887,30,51914.4,30,60,805830
BANKNIFTY-II.NFO,01/04/2025,09:17:18,51913.35,51887,30,51914.4,30,0,805830
BANKNIFTY-II.NFO,01/04/2025,09:17:19,51913.35,51894.8,30,51913.35,30,0,805830
BANKNIFTY-II.NFO,01/04/2025,09:17:21,51913.35,51889.1,30,51912.9,30,0,805830
BANKNIFTY-II.NFO,01/04/2025,09:17:23,51913.35,51889.75,30,51912,30,0,805830
BANKNIFTY-II.NFO,01/04/2025,09:17:24,51911.6,51889.75,30,51911.95,30,60,805830
BANKNIFTY-II.NFO,01/04/2025,09:17:26,51911.6,51889.75,30,51913.35,30,0,805830
BANKNIFTY-II.NFO,01/04/2025,09:17:27,51911.6,51893.8,30,51913.35,30,0,805830
BANKNIFTY-II.NFO,01/04/2025,09:17:29,51911.6,51889.75,30,51911.6,30,0,805830
BANKNIFTY-II.NFO,01/04/2025,09:17:32,51911.6,51893.5,30,51911.6,60,0,805830
BANKNIFTY-II.NFO,01/04/2025,09:17:34,51911.6,51897.6,30,51911.6,60,0,805830
BANKNIFTY-II.NFO,01/04/2025,09:17:35,51911.6,51897.6,30,51911.6,90,0,805830
BANKNIFTY-II.NFO,01/04/2025,09:17:37,51911.6,51901.75,30,51911.6,90,0,805830
BANKNIFTY-II.NFO,01/04/2025,09:17:38,51907.5,51907.5,30,51936.2,60,150,805830
BANKNIFTY-II.NFO,01/04/2025,09:17:40,51932.75,51901.85,30,51931.05,30,30,805830
BANKNIFTY-II.NFO,01/04/2025,09:17:40,51932.75,51901.85,30,51931.05,30,0,805830
BANKNIFTY-II.NFO,01/04/2025,09:17:41,51932.75,51900,60,51916.8,30,0,805830
BANKNIFTY-II.NFO,01/04/2025,09:17:43,51932.75,51900,30,51913.1,30,0,805830
BANKNIFTY-II.NFO,01/04/2025,09:17:44,51932.75,51900,30,51903.8,30,0,805830
BANKNIFTY-II.NFO,01/04/2025,09:17:46,51900,51881.3,30,51904.3,30,30,805830
BANKNIFTY-II.NFO,01/04/2025,09:17:48,51900,51881.3,30,51903.95,60,0,805830
BANKNIFTY-II.NFO,01/04/2025,09:17:49,51900,51880.3,30,51903.25,30,0,805830
BANKNIFTY-II.NFO,01/04/2025,09:17:51,51900,51877.3,30,51898.4,30,0,805830
BANKNIFTY-II.NFO,01/04/2025,09:17:52,51900,51876.35,30,51898.4,60,0,805830
BANKNIFTY-II.NFO,01/04/2025,09:17:54,51900,51876.35,30,51897.95,30,0,805830
BANKNIFTY-II.NFO,01/04/2025,09:17:56,51900,51876.35,30,51899.3,30,0,805830
BANKNIFTY-II.NFO,01/04/2025,09:17:57,51900,51876.1,30,51898.6,30,0,805830
BANKNIFTY-II.NFO,01/04/2025,09:17:59,51900,51876.1,30,51898.05,60,0,805830
BANKNIFTY-II.NFO,01/04/2025,09:18:00,51900,51876.1,30,51897.95,30,0,805830
BANKNIFTY-II.NFO,01/04/2025,09:18:02,51900,51870,30,51886.65,60,0,805830
BANKNIFTY-II.NFO,01/04/2025,09:18:03,51900,51870,30,51884.3,30,0,805830
BANKNIFTY-II.NFO,01/04/2025,09:18:05,51900,51870.15,30,51893.1,30,0,805830
BANKNIFTY-II.NFO,01/04/2025,09:18:07,51900,51870.05,30,51898.2,60,0,805830
BANKNIFTY-II.NFO,01/04/2025,09:18:08,51870.4,51878.2,30,51900,90,30,805830
BANKNIFTY-II.NFO,01/04/2025,09:18:10,51870.4,51879,30,51900,90,0,805830
BANKNIFTY-II.NFO,01/04/2025,09:18:11,51870.4,51883.25,30,51900,90,0,805830
BANKNIFTY-II.NFO,01/04/2025,09:18:13,51870.4,51885.5,30,51900,90,0,805830
BANKNIFTY-II.NFO,01/04/2025,09:18:15,51900,51890.7,30,51900,60,30,805830
BANKNIFTY-II.NFO,01/04/2025,09:18:16,51900,51885,60,51900,60,0,805830
BANKNIFTY-II.NFO,01/04/2025,09:18:19,51900,51885.05,60,51900,90,0,805830
BANKNIFTY-II.NFO,01/04/2025,09:18:23,51900,51885.05,60,51900,60,60,805830
BANKNIFTY-II.NFO,01/04/2025,09:18:24,51900,51885.1,30,51895.1,30,0,805830
BANKNIFTY-II.NFO,01/04/2025,09:18:26,51900,51885.1,30,51894.85,30,0,805830
BANKNIFTY-II.NFO,01/04/2025,09:18:28,51900,51885.1,30,51889.7,30,0,805830
BANKNIFTY-II.NFO,01/04/2025,09:18:29,51885.1,51870,60,51884.9,30,30,805830
BANKNIFTY-II.NFO,01/04/2025,09:18:31,51885.1,51870,60,51886.8,30,0,805560
BANKNIFTY-II.NFO,01/04/2025,09:18:33,51885.1,51870.05,30,51892.95,60,0,805560
BANKNIFTY-II.NFO,01/04/2025,09:18:34,51885.1,51880,60,51886.25,30,0,805560
BANKNIFTY-II.NFO,01/04/2025,09:18:36,51885.1,51880,60,51882.15,120,0,805560
BANKNIFTY-II.NFO,01/04/2025,09:18:38,51883.05,51880,60,51883.05,60,30,805560
BANKNIFTY-II.NFO,01/04/2025,09:18:39,51883.05,51880,60,51888.8,30,0,805560
BANKNIFTY-II.NFO,01/04/2025,09:18:41,51883.05,51880,60,51886.4,30,0,805560
BANKNIFTY-II.NFO,01/04/2025,09:18:43,51880,51870,60,51877.45,30,60,805560
BANKNIFTY-II.NFO,01/04/2025,09:18:44,51870,51860,60,51872.7,60,90,805560
BANKNIFTY-II.NFO,01/04/2025,09:18:46,51870,51860,30,51866.45,30,0,805560
BANKNIFTY-II.NFO,01/04/2025,09:18:48,51851.2,51850.05,60,51866.1,30,60,805560
BANKNIFTY-II.NFO,01/04/2025,09:18:49,51851.2,51850.05,60,51867.85,60,0,805560
BANKNIFTY-II.NFO,01/04/2025,09:18:51,51851.2,51850.5,60,51871.85,60,90,805560
BANKNIFTY-II.NFO,01/04/2025,09:18:53,51851.2,51850.05,60,51867.8,30,0,805560
BANKNIFTY-II.NFO,01/04/2025,09:18:54,51851.2,51850,30,51862.65,60,0,805560
BANKNIFTY-II.NFO,01/04/2025,09:18:56,51851.2,51850,30,51858.4,30,0,805560
BANKNIFTY-II.NFO,01/04/2025,09:18:58,51851.2,51850,30,51856.75,30,0,805560
BANKNIFTY-II.NFO,01/04/2025,09:18:59,51850,51829,30,51845.4,30,30,805560
BANKNIFTY-II.NFO,01/04/2025,09:19:01,51847.9,51825.05,30,51847.75,60,30,805560
BANKNIFTY-II.NFO,01/04/2025,09:19:03,51847.9,51819.25,30,51836.05,60,0,805560
BANKNIFTY-II.NFO,01/04/2025,09:19:04,51847.9,51813.5,30,51835.3,30,0,805560
BANKNIFTY-II.NFO,01/04/2025,09:19:06,51847.9,51817.35,30,51848.55,60,0,805560
BANKNIFTY-II.NFO,01/04/2025,09:19:08,51847.9,51821.6,30,51845.35,30,0,805560
BANKNIFTY-II.NFO,01/04/2025,09:19:09,51848.75,51822.8,30,51848.3,30,120,805560
BANKNIFTY-II.NFO,01/04/2025,09:19:11,51848.75,51829.5,30,51850,90,0,805560
BANKNIFTY-II.NFO,01/04/2025,09:19:13,51848.75,51829.5,30,51847.35,60,0,805560
BANKNIFTY-II.NFO,01/04/2025,09:19:14,51848.75,51827.55,30,51850,90,0,805560
BANKNIFTY-II.NFO,01/04/2025,09:19:16,51848.75,51827.55,30,51846,30,0,805560
BANKNIFTY-II.NFO,01/04/2025,09:19:18,51848.75,51822.1,30,51839.35,30,0,805560
BANKNIFTY-II.NFO,01/04/2025,09:19:19,51848.75,51810.65,30,51828.9,30,0,805560
BANKNIFTY-II.NFO,01/04/2025,09:19:21,51811.25,51811.9,30,51828.3,30,60,805560
BANKNIFTY-II.NFO,01/04/2025,09:19:23,51811.25,51801.7,30,51816.7,60,0,805560
BANKNIFTY-II.NFO,01/04/2025,09:19:24,51811.25,51801,60,51815.9,30,0,805560
BANKNIFTY-II.NFO,01/04/2025,09:19:26,51811.25,51801,60,51814.45,60,0,805560
BANKNIFTY-II.NFO,01/04/2025,09:19:28,51801.05,51801.15,30,51820.1,30,90,805560
BANKNIFTY-II.NFO,01/04/2025,09:19:29,51801.05,51806.55,30,51833.7,30,0,805560
BANKNIFTY-II.NFO,01/04/2025,09:19:31,51801.05,51809.85,60,51833.5,30,0,805560
BANKNIFTY-II.NFO,01/04/2025,09:19:33,51801.05,51812.75,30,51838.85,60,0,805560
BANKNIFTY-II.NFO,01/04/2025,09:19:34,51801.05,51806.9,30,51823.6,30,0,805560
BANKNIFTY-II.NFO,01/04/2025,09:19:36,51801.05,51801,60,51814.75,30,0,805560
BANKNIFTY-II.NFO,01/04/2025,09:19:37,51801.05,51805.85,60,51829.9,90,0,805560
BANKNIFTY-II.NFO,01/04/2025,09:19:39,51801.05,51808.3,60,51832.9,30,0,805560
BANKNIFTY-II.NFO,01/04/2025,09:19:41,51801.05,51811.45,60,51830.8,30,0,805560
BANKNIFTY-II.NFO,01/04/2025,09:19:42,51801.05,51801.7,30,51820.4,30,0,805560
BANKNIFTY-II.NFO,01/04/2025,09:19:44,51824,51802.45,30,51823.05,30,30,805560
BANKNIFTY-II.NFO,01/04/2025,09:19:46,51824,51807.2,30,51811.25,90,0,805560
BANKNIFTY-II.NFO,01/04/2025,09:19:47,51824,51804.7,30,51811.25,90,0,805560
BANKNIFTY-II.NFO,01/04/2025,09:19:49,51811.25,51809.5,90,51815,30,90,805560
BANKNIFTY-II.NFO,01/04/2025,09:19:51,51811.25,51806.35,30,51815,30,0,805560
BANKNIFTY-II.NFO,01/04/2025,09:19:52,51811.25,51801.1,30,51815,30,0,805560
BANKNIFTY-II.NFO,01/04/2025,09:19:54,51811.25,51801.15,30,51815,30,0,805560
BANKNIFTY-II.NFO,01/04/2025,09:19:56,51811.25,51801.1,60,51815,30,0,805560
BANKNIFTY-II.NFO,01/04/2025,09:19:57,51811.25,51807.55,60,51815,30,0,805560
BANKNIFTY-II.NFO,01/04/2025,09:19:59,51811.25,51804.3,60,51815,30,0,805560
BANKNIFTY-II.NFO,01/04/2025,09:20:00,51811.25,51801.1,30,51815,30,0,805560
BANKNIFTY-II.NFO,01/04/2025,09:20:04,51811.25,51801.1,60,51815,30,0,805560
BANKNIFTY-II.NFO,01/04/2025,09:20:05,51811.25,51801.05,60,51814.1,30,0,805560
BANKNIFTY-II.NFO,01/04/2025,09:20:07,51811.25,51801.05,60,51811.25,30,0,805560
BANKNIFTY-II.NFO,01/04/2025,09:20:09,51811.25,51801.1,30,51811.25,60,0,805560
BANKNIFTY-II.NFO,01/04/2025,09:20:10,51811.25,51801.1,60,51811.25,60,0,805560
BANKNIFTY-II.NFO,01/04/2025,09:20:12,51801.1,51801.1,30,51811.25,60,30,805560
BANKNIFTY-II.NFO,01/04/2025,09:20:14,51800,51798.45,30,51800,60,900,805560
BANKNIFTY-II.NFO,01/04/2025,09:20:15,51800,51798.45,30,51800,60,0,805560
BANKNIFTY-II.NFO,01/04/2025,09:20:17,51811.25,51801,30,51811.25,30,90,805560
BANKNIFTY-II.NFO,01/04/2025,09:20:19,51811.25,51795.05,30,51811.2,30,0,805560
BANKNIFTY-II.NFO,01/04/2025,09:20:20,51811.25,51795,30,51811.2,30,0,805560
BANKNIFTY-II.NFO,01/04/2025,09:20:22,51811.25,51795,30,51799,30,0,805560
BANKNIFTY-II.NFO,01/04/2025,09:20:24,51811.25,51795.45,30,51799,30,0,805560
BANKNIFTY-II.NFO,01/04/2025,09:20:25,51811.25,51795,30,51799,30,0,805560
BANKNIFTY-II.NFO,01/04/2025,09:20:27,51795,51789,30,51799,30,30,805560
BANKNIFTY-II.NFO,01/04/2025,09:20:29,51795,51789,30,51795,30,0,805560
BANKNIFTY-II.NFO,01/04/2025,09:20:30,51795,51789.05,60,51795,30,0,805560
BANKNIFTY-II.NFO,01/04/2025,09:20:32,51795,51789.05,30,51795,30,0,805560
BANKNIFTY-II.NFO,01/04/2025,09:20:34,51795,51789.05,60,51795,30,0,805560
BANKNIFTY-II.NFO,01/04/2025,09:20:35,51795,51789,30,51794.95,30,0,805560
BANKNIFTY-II.NFO,01/04/2025,09:20:39,51795,51789,30,51796,30,0,805560
BANKNIFTY-II.NFO,01/04/2025,09:20:42,51789,51780.05,60,51795.95,30,30,805560
BANKNIFTY-II.NFO,01/04/2025,09:20:44,51789,51780.05,60,51796,30,0,805560
BANKNIFTY-II.NFO,01/04/2025,09:20:45,51796,51780,30,51796.6,30,30,805560
BANKNIFTY-II.NFO,01/04/2025,09:20:47,51796,51780.05,60,51798.5,60,0,805560
BANKNIFTY-II.NFO,01/04/2025,09:20:49,51796,51780.05,60,51800.3,30,0,805560
BANKNIFTY-II.NFO,01/04/2025,09:20:50,51796,51788.6,30,51812.95,30,0,805560
BANKNIFTY-II.NFO,01/04/2025,09:20:52,51803.35,51803.3,60,51813.6,30,60,805560
BANKNIFTY-II.NFO,01/04/2025,09:20:54,51803.35,51804.85,30,51813.6,30,0,805560
BANKNIFTY-II.NFO,01/04/2025,09:20:55,51803.35,51800.4,30,51813.6,30,0,805560
BANKNIFTY-II.NFO,01/04/2025,09:20:57,51803.35,51794.95,30,51813.6,30,0,805560
BANKNIFTY-II.NFO,01/04/2025,09:20:59,51800,51795.4,60,51813.55,60,30,805560
BANKNIFTY-II.NFO,01/04/2025,09:21:00,51813.6,51812.4,30,51832.6,30,30,805560
BANKNIFTY-II.NFO,01/04/2025,09:21:02,51813.6,51828.35,30,51850,780,0,805560
BANKNIFTY-II.NFO,01/04/2025,09:21:04,51850,51847.2,30,51850,450,300,805560
BANKNIFTY-II.NFO,01/04/2025,09:21:05,51850,51840.2,30,51850,360,90,805560
BANKNIFTY-II.NFO,01/04/2025,09:21:07,51850,51845.8,30,51850,330,30,805560
BANKNIFTY-II.NFO,01/04/2025,09:21:09,51850,51845.9,30,51850,330,0,805560
BANKNIFTY-II.NFO,01/04/2025,09:21:10,51850,51849.6,30,51856,30,330,805560
BANKNIFTY-II.NFO,01/04/2025,09:21:12,51856,51856,750,51880.55,30,30,805560
BANKNIFTY-II.NFO,01/04/2025,09:21:14,51856,51856,750,51880.15,30,0,805560
BANKNIFTY-II.NFO,01/04/2025,09:21:15,51856,51856,750,51875.25,30,0,805560
BANKNIFTY-II.NFO,01/04/2025,09:21:17,51856,51856,750,51867.9,30,0,805560
BANKNIFTY-II.NFO,01/04/2025,09:21:19,51869.35,51856,750,51869.35,30,30,805560
BANKNIFTY-II.NFO,01/04/2025,09:21:20,51867.9,51856,780,51867.25,30,30,805560
BANKNIFTY-II.NFO,01/04/2025,09:21:22,51867.9,51856,780,51868.6,60,0,805560
BANKNIFTY-II.NFO,01/04/2025,09:21:24,51867.9,51856,780,51869.3,30,0,805560
BANKNIFTY-II.NFO,01/04/2025,09:21:25,51867.9,51856.05,30,51873.3,30,0,805560
BANKNIFTY-II.NFO,01/04/2025,09:21:27,51867.9,51856,30,51867.1,60,0,805560
BANKNIFTY-II.NFO,01/04/2025,09:21:29,51867,51843.15,30,51865.15,30,30,805560
BANKNIFTY-II.NFO,01/04/2025,09:21:30,51867,51833.15,30,51855.85,30,0,805560
BANKNIFTY-II.NFO,01/04/2025,09:21:32,51867,51833.25,60,51855.25,30,0,805560
BANKNIFTY-II.NFO,01/04/2025,09:21:33,51867,51833.25,60,51856.1,30,0,805560
BANKNIFTY-II.NFO,01/04/2025,09:21:35,51867,51856,30,51861.1,30,0,805560
BANKNIFTY-II.NFO,01/04/2025,09:21:37,51856,51837.45,30,51860.35,30,30,805080
BANKNIFTY-II.NFO,01/04/2025,09:21:38,51856,51840.8,30,51862.2,30,0,805080
BANKNIFTY-II.NFO,01/04/2025,09:21:40,51861.7,51834.3,30,51862.15,60,600,805080
BANKNIFTY-II.NFO,01/04/2025,09:21:42,51861.7,51839.25,30,51863.75,30,0,805080
BANKNIFTY-II.NFO,01/04/2025,09:21:43,51861.7,51843.2,30,51865.45,30,0,805080
BANKNIFTY-II.NFO,01/04/2025,09:21:45,51861.7,51845.55,30,51867.95,30,0,805080
BANKNIFTY-II.NFO,01/04/2025,09:21:47,51861.7,51861.7,30,51865.3,30,0,805080
BANKNIFTY-II.NFO,01/04/2025,09:21:48,51861.7,51861.7,30,51867.3,30,0,805080
BANKNIFTY-II.NFO,01/04/2025,09:21:50,51861.7,51836.65,30,51855.4,30,30,805080
BANKNIFTY-II.NFO,01/04/2025,09:21:52,51861.7,51837.05,30,51858.4,30,0,805080
BANKNIFTY-II.NFO,01/04/2025,09:21:53,51861.7,51836.75,30,51854,30,0,805080
BANKNIFTY-II.NFO,01/04/2025,09:21:55,51861.7,51830,30,51848.9,30,0,805080
BANKNIFTY-II.NFO,01/04/2025,09:21:57,51861.7,51824.3,30,51842.75,30,0,805080
BANKNIFTY-II.NFO,01/04/2025,09:21:58,51861.7,51843.7,30,51866.8,30,0,805080
BANKNIFTY-II.NFO,01/04/2025,09:22:00,51861.7,51850.55,60,51868,30,0,805080
BANKNIFTY-II.NFO,01/04/2025,09:22:02,51861.7,51849.3,30,51868,30,0,805080
BANKNIFTY-II.NFO,01/04/2025,09:22:03,51861.7,51853.75,30,51868,30,0,805080
BANKNIFTY-II.NFO,01/04/2025,09:22:05,51861.7,51858,30,51868,30,0,805080
BANKNIFTY-II.NFO,01/04/2025,09:22:07,51861.7,51856.1,30,51868,30,0,805080
BANKNIFTY-II.NFO,01/04/2025,09:22:08,51861.7,51854.15,30,51868,30,0,805080
BANKNIFTY-II.NFO,01/04/2025,09:22:10,51861.7,51849.3,30,51868,30,0,805080
BANKNIFTY-II.NFO,01/04/2025,09:22:12,51861.7,51854.05,30,51860.2,30,0,805080
BANKNIFTY-II.NFO,01/04/2025,09:22:13,51854.05,51840.4,30,51861.4,30,30,805080
BANKNIFTY-II.NFO,01/04/2025,09:22:15,51854.05,51837.95,30,51857.8,30,0,805080
BANKNIFTY-II.NFO,01/04/2025,09:22:16,51854.05,51818.15,30,51837.2,30,0,805080
BANKNIFTY-II.NFO,01/04/2025,09:22:18,51854.05,51811.8,30,51830.5,30,0,805080
BANKNIFTY-II.NFO,01/04/2025,09:22:20,51854.05,51808.55,30,51827.65,30,0,805080
BANKNIFTY-II.NFO,01/04/2025,09:22:22,51854.05,51808.6,30,51828.2,30,0,805080
BANKNIFTY-II.NFO,01/04/2025,09:22:23,51854.05,51805,30,51825.75,30,0,805080
BANKNIFTY-II.NFO,01/04/2025,09:22:25,51854.05,51800.2,30,51824.3,30,0,805080
BANKNIFTY-II.NFO,01/04/2025,09:22:27,51854.05,51802.55,90,51827.85,30,0,805080
BANKNIFTY-II.NFO,01/04/2025,09:22:28,51854.05,51806.15,30,51838.85,30,0,805080
BANKNIFTY-II.NFO,01/04/2025,09:22:30,51854.05,51810.5,60,51831.35,30,0,805080
BANKNIFTY-II.NFO,01/04/2025,09:22:32,51854.05,51810.8,60,51834.25,30,0,805080
BANKNIFTY-II.NFO,01/04/2025,09:22:33,51854.05,51834.9,30,51843.85,30,0,805080
BANKNIFTY-II.NFO,01/04/2025,09:22:35,51854.05,51837.9,30,51846.6,30,0,805080
BANKNIFTY-II.NFO,01/04/2025,09:22:37,51843.05,51817.9,60,51844.55,30,60,805080
BANKNIFTY-II.NFO,01/04/2025,09:22:38,51843.05,51819.15,60,51843.15,30,0,805080
BANKNIFTY-II.NFO,01/04/2025,09:22:40,51843.05,51816.4,30,51833.8,30,0,805080
BANKNIFTY-II.NFO,01/04/2025,09:22:42,51843.05,51816.75,30,51837.6,30,0,805080
BANKNIFTY-II.NFO,01/04/2025,09:22:43,51843.05,51811.15,30,51834.2,60,0,805080
BANKNIFTY-II.NFO,01/04/2025,09:22:45,51843.05,51811.15,30,51832.15,30,0,805080
BANKNIFTY-II.NFO,01/04/2025,09:22:47,51843.05,51812.75,30,51836,30,0,805080
BANKNIFTY-II.NFO,01/04/2025,09:22:48,51816,51814.85,30,51843.85,30,30,805080
BANKNIFTY-II.NFO,01/04/2025,09:22:50,51816,51815,30,51847.95,30,0,805080
BANKNIFTY-II.NFO,01/04/2025,09:22:52,51816,51819.05,30,51849.6,30,0,805080
BANKNIFTY-II.NFO,01/04/2025,09:22:53,51816,51816.35,30,51846.9,30,0,805080
BANKNIFTY-II.NFO,01/04/2025,09:22:55,51816,51814.25,30,51842.2,30,0,805080
BANKNIFTY-II.NFO,01/04/2025,09:22:57,51816,51814.45,30,51844.15,30,0,805080
BANKNIFTY-II.NFO,01/04/2025,09:22:58,51816,51815.15,30,51840.85,30,0,805080
BANKNIFTY-II.NFO,01/04/2025,09:23:00,51816,51811.35,30,51831,30,0,805080
BANKNIFTY-II.NFO,01/04/2025,09:23:02,51816,51820.05,30,51831.9,30,0,805080
BANKNIFTY-II.NFO,01/04/2025,09:23:03,51816,51830.05,60,51847.2,30,0,805080
BANKNIFTY-II.NFO,01/04/2025,09:23:05,51816,51840.05,30,51849.35,30,0,805080
BANKNIFTY-II.NFO,01/04/2025,09:23:07,51816,51840.05,30,51854.9,30,0,805080
BANKNIFTY-II.NFO,01/04/2025,09:23:08,51816,51845.1,30,51860,60,0,805080
BANKNIFTY-II.NFO,01/04/2025,09:23:10,51816,51850.1,30,51860,60,0,805080
BANKNIFTY-II.NFO,01/04/2025,09:23:12,51860,51850.55,60,51860,30,30,805080
BANKNIFTY-II.NFO,01/04/2025,09:23:13,51860,51844.1,30,51859.95,30,0,805080
BANKNIFTY-II.NFO,01/04/2025,09:23:15,51860,51840.05,60,51857.55,30,0,805080
BANKNIFTY-II.NFO,01/04/2025,09:23:17,51860,51840.05,30,51853,30,0,805080
BANKNIFTY-II.NFO,01/04/2025,09:23:18,51860,51835.1,30,51854.2,30,0,805080
BANKNIFTY-II.NFO,01/04/2025,09:23:20,51860,51835.05,30,51852.05,30,0,805080
BANKNIFTY-II.NFO,01/04/2025,09:23:22,51860,51830.05,60,51848,30,0,805080
BANKNIFTY-II.NFO,01/04/2025,09:23:23,51860,51830.1,30,51844.9,30,660,805080
BANKNIFTY-II.NFO,01/04/2025,09:23:25,51860,51825.1,30,51842.9,30,0,805080
BANKNIFTY-II.NFO,01/04/2025,09:23:26,51860,51825.55,60,51844.9,30,0,805080
BANKNIFTY-II.NFO,01/04/2025,09:23:28,51860,51830.1,30,51849.9,30,0,805080
BANKNIFTY-II.NFO,01/04/2025,09:23:30,51860,51830.1,30,51844.95,30,0,805080
BANKNIFTY-II.NFO,01/04/2025,09:23:31,51860,51815.9,30,51829.9,30,0,805080
BANKNIFTY-II.NFO,01/04/2025,09:23:33,51834.9,51815.4,30,51829.95,30,60,805080
BANKNIFTY-II.NFO,01/04/2025,09:23:35,51829.95,51815.35,30,51829.95,30,30,805080
BANKNIFTY-II.NFO,01/04/2025,09:23:36,51829.95,51813.25,30,51829.95,30,0,805080
BANKNIFTY-II.NFO,01/04/2025,09:23:38,51829.95,51807.65,30,51819.95,30,0,805080
BANKNIFTY-II.NFO,01/04/2025,09:23:40,51827.85,51807.65,30,51819.95,30,120,805080
BANKNIFTY-II.NFO,01/04/2025,09:23:41,51827.85,51806.4,30,51819.95,30,0,805080
BANKNIFTY-II.NFO,01/04/2025,09:23:43,51827.85,51800.5,30,51814.95,30,0,805080
BANKNIFTY-II.NFO,01/04/2025,09:23:46,51812.65,51800,210,51811.5,30,30,805080
BANKNIFTY-II.NFO,01/04/2025,09:23:48,51812.65,51800.1,30,51818.9,30,0,805080
BANKNIFTY-II.NFO,01/04/2025,09:23:50,51812.65,51800.05,30,51815.7,120,0,805080
BANKNIFTY-II.NFO,01/04/2025,09:23:51,51816.2,51800.05,60,51819,120,30,805080
BANKNIFTY-II.NFO,01/04/2025,09:23:53,51816.2,51810.1,60,51819.65,30,0,805080
BANKNIFTY-II.NFO,01/04/2025,09:23:55,51811.3,51815.2,30,51819.65,30,30,805080
BANKNIFTY-II.NFO,01/04/2025,09:23:56,51811.3,51816.05,30,51819.65,30,0,805080
BANKNIFTY-II.NFO,01/04/2025,09:23:58,51811.3,51806.95,30,51819.65,30,0,805080
BANKNIFTY-II.NFO,01/04/2025,09:24:00,51811.3,51807.9,60,51819.65,30,0,805080
BANKNIFTY-II.NFO,01/04/2025,09:24:01,51819.6,51805.05,90,51819.65,30,30,805080
BANKNIFTY-II.NFO,01/04/2025,09:24:03,51819.6,51805.05,30,51818.3,30,0,805080
BANKNIFTY-II.NFO,01/04/2025,09:24:05,51819.6,51811.3,30,51822.7,120,0,805080
BANKNIFTY-II.NFO,01/04/2025,09:24:06,51814.3,51815.1,60,51833.45,150,60,805080
BANKNIFTY-II.NFO,01/04/2025,09:24:08,51814.3,51811.35,60,51830.7,30,0,805080
BANKNIFTY-II.NFO,01/04/2025,09:24:10,51814.3,51815.05,30,51828.8,30,0,805080
BANKNIFTY-II.NFO,01/04/2025,09:24:11,51814.3,51815.05,30,51826.7,30,0,805080
BANKNIFTY-II.NFO,01/04/2025,09:24:13,51811.3,51805.75,30,51824.3,30,30,805080
BANKNIFTY-II.NFO,01/04/2025,09:24:15,51805.05,51805.1,30,51824.4,30,60,805080
BANKNIFTY-II.NFO,01/04/2025,09:24:16,51805.05,51825.05,30,51838.95,30,0,805080
BANKNIFTY-II.NFO,01/04/2025,09:24:18,51805.05,51835.05,30,51845.15,30,0,805080
BANKNIFTY-II.NFO,01/04/2025,09:24:20,51805.05,51825.85,30,51844.2,30,0,805080
BANKNIFTY-II.NFO,01/04/2025,09:24:21,51805.05,51835.1,60,51852.65,30,0,805080
BANKNIFTY-II.NFO,01/04/2025,09:24:23,51805.05,51840.05,30,51852.65,30,0,805080
BANKNIFTY-II.NFO,01/04/2025,09:24:25,51805.05,51830.1,30,51847.7,30,0,805080
BANKNIFTY-II.NFO,01/04/2025,09:24:26,51805.05,51835.05,30,51848.25,30,0,805080
BANKNIFTY-II.NFO,01/04/2025,09:24:28,51805.05,51835.05,30,51848.55,150,0,805080
BANKNIFTY-II.NFO,01/04/2025,09:24:30,51805.05,51822.4,30,51838.65,30,0,805080
BANKNIFTY-II.NFO,01/04/2025,09:24:31,51805.05,51830.1,60,51847.5,30,0,805080
BANKNIFTY-II.NFO,01/04/2025,09:24:33,51805.05,51835.1,60,51851.95,30,0,805080
BANKNIFTY-II.NFO,01/04/2025,09:24:35,51805.05,51845.1,120,51860,30,0,805080
BANKNIFTY-II.NFO,01/04/2025,09:24:36,51805.05,51851,60,51860,30,0,805080
BANKNIFTY-II.NFO,01/04/2025,09:24:38,51860,51860.05,30,51869.9,30,30,804990
BANKNIFTY-II.NFO,01/04/2025,09:24:40,51860,51860,420,51865.95,30,0,804990
BANKNIFTY-II.NFO,01/04/2025,09:24:41,51860,51850,300,51861,30,420,804990
BANKNIFTY-II.NFO,01/04/2025,09:24:43,51850,51830.15,30,51848.45,30,300,804990
BANKNIFTY-II.NFO,01/04/2025,09:24:44,51850,51830.15,30,51849.95,30,0,804990
BANKNIFTY-II.NFO,01/04/2025,09:24:46,51850,51835.1,60,51852.2,30,0,804990
BANKNIFTY-II.NFO,01/04/2025,09:24:48,51850,51826.2,30,51844.05,30,0,804990
BANKNIFTY-II.NFO,01/04/2025,09:24:49,51850,51820.65,30,51834.95,30,0,804990
BANKNIFTY-II.NFO,01/04/2025,09:24:53,51850,51811.75,30,51824.95,30,0,804990
BANKNIFTY-II.NFO,01/04/2025,09:24:54,51850,51814.1,30,51834.9,30,0,804990
BANKNIFTY-II.NFO,01/04/2025,09:24:56,51850,51830,30,51836.65,30,0,804990
BANKNIFTY-II.NFO,01/04/2025,09:24:58,51850,51830,30,51839.65,30,0,804990
BANKNIFTY-II.NFO,01/04/2025,09:24:59,51850,51830,30,51835.05,30,0,804990
BANKNIFTY-II.NFO,01/04/2025,09:25:01,51830,51805.7,30,51824.55,30,30,804990
BANKNIFTY-II.NFO,01/04/2025,09:25:03,51830,51805.65,60,51824.9,30,0,804990
BANKNIFTY-II.NFO,01/04/2025,09:25:04,51830,51815.1,30,51824.9,30,0,804990
BANKNIFTY-II.NFO,01/04/2025,09:25:06,51830,51815.1,30,51824.25,30,0,804990
BANKNIFTY-II.NFO,01/04/2025,09:25:08,51830,51815.1,30,51820.1,30,0,804990
BANKNIFTY-II.NFO,01/04/2025,09:25:09,51815.1,51805.15,30,51814.95,30,30,804990
BANKNIFTY-II.NFO,01/04/2025,09:25:11,51805,51805,60,51812.45,30,30,804990
BANKNIFTY-II.NFO,01/04/2025,09:25:13,51805,51805,60,51814.85,180,0,804990
BANKNIFTY-II.NFO,01/04/2025,09:25:14,51805,51805,60,51814.95,30,0,804990
BANKNIFTY-II.NFO,01/04/2025,09:25:16,51805,51805.4,60,51814.95,30,0,804990
BANKNIFTY-II.NFO,01/04/2025,09:25:17,51805,51805,120,51814.95,30,510,804990
BANKNIFTY-II.NFO,01/04/2025,09:25:19,51805,51805,120,51806.65,30,0,804990
BANKNIFTY-II.NFO,01/04/2025,09:25:21,51805,51805,120,51805.95,30,0,804990
BANKNIFTY-II.NFO,01/04/2025,09:25:22,51805,51800.5,30,51809.5,30,120,804990
BANKNIFTY-II.NFO,01/04/2025,09:25:24,51805,51800.55,60,51816.95,30,0,804990
BANKNIFTY-II.NFO,01/04/2025,09:25:26,51805,51800.55,60,51815.45,30,0,804990
BANKNIFTY-II.NFO,01/04/2025,09:25:27,51805,51803.5,60,51821.15,30,0,804990
BANKNIFTY-II.NFO,01/04/2025,09:25:29,51805,51801.3,60,51814.95,30,0,804990
BANKNIFTY-II.NFO,01/04/2025,09:25:31,51814.95,51807.65,30,51823,30,30,804990
BANKNIFTY-II.NFO,01/04/2025,09:25:32,51814.95,51814.95,60,51826.75,30,0,804990
BANKNIFTY-II.NFO,01/04/2025,09:25:34,51814.95,51813.35,60,51829.9,30,0,804990
BANKNIFTY-II.NFO,01/04/2025,09:25:36,51814.95,51810.1,60,51827.3,30,0,804990
BANKNIFTY-II.NFO,01/04/2025,09:25:37,51814.95,51810.05,60,51824.35,30,0,804990
BANKNIFTY-II.NFO,01/04/2025,09:25:39,51814.95,51815.1,60,51831.2,30,0,804990
BANKNIFTY-II.NFO,01/04/2025,09:25:41,51814.95,51812.2,30,51829.9,30,0,804990
BANKNIFTY-II.NFO,01/04/2025,09:25:42,51814.95,51811,60,51814.95,30,0,804990
BANKNIFTY-II.NFO,01/04/2025,09:25:44,51814.95,51807.85,60,51814.95,30,0,804990
BANKNIFTY-II.NFO,01/04/2025,09:25:46,51814.95,51805.1,30,51814.95,60,0,804990
BANKNIFTY-II.NFO,01/04/2025,09:25:47,51814.95,51805,90,51814.95,60,0,804990
BANKNIFTY-II.NFO,01/04/2025,09:25:49,51814.95,51805.65,30,51814.95,30,0,804990
BANKNIFTY-II.NFO,01/04/2025,09:25:51,51814.95,51823.6,30,51843.4,30,30,804990
BANKNIFTY-II.NFO,01/04/2025,09:25:52,51814.95,51817.25,30,51834.7,30,0,804990
BANKNIFTY-II.NFO,01/04/2025,09:25:54,51814.95,51807.2,30,51824.9,30,0,804990
BANKNIFTY-II.NFO,01/04/2025,09:25:56,51814.95,51805.1,30,51822.75,60,810,804990
BANKNIFTY-II.NFO,01/04/2025,09:25:57,51814.95,51813.35,30,51829.95,30,0,804990
BANKNIFTY-II.NFO,01/04/2025,09:25:59,51832.7,51805.1,30,51821.15,30,150,804990
BANKNIFTY-II.NFO,01/04/2025,09:26:01,51832.7,51805.05,60,51819.95,30,0,804990
BANKNIFTY-II.NFO,01/04/2025,09:26:02,51832.7,51814.95,30,51817.85,150,480,804990
BANKNIFTY-II.NFO,01/04/2025,09:26:04,51832.7,51814.95,30,51821,30,0,804990
BANKNIFTY-II.NFO,01/04/2025,09:26:06,51805,51805.05,60,51819.95,30,60,804990
BANKNIFTY-II.NFO,01/04/2025,09:26:07,51805,51810.8,30,51824.95,30,0,804990
BANKNIFTY-II.NFO,01/04/2025,09:26:09,51805,51814.15,30,51832.75,60,0,804990
BANKNIFTY-II.NFO,01/04/2025,09:26:11,51840.85,51823.5,30,51840.85,90,60,804990
BANKNIFTY-II.NFO,01/04/2025,09:26:12,51840.85,51831,30,51850.25,30,0,804990
BANKNIFTY-II.NFO,01/04/2025,09:26:14,51840.85,51833,60,51849.95,30,0,804990
BANKNIFTY-II.NFO,01/04/2025,09:26:16,51840.85,51841.75,30,51860.3,30,0,804990
BANKNIFTY-II.NFO,01/04/2025,09:26:17,51840.85,51842.15,60,51859.95,30,0,804990
BANKNIFTY-II.NFO,01/04/2025,09:26:19,51840.85,51840.4,30,51857.7,30,0,804990
BANKNIFTY-II.NFO,01/04/2025,09:26:21,51840.85,51836.95,30,51849.95,30,0,804990
BANKNIFTY-II.NFO,01/04/2025,09:26:22,51840.85,51833.75,30,51849.95,30,0,804990
BANKNIFTY-II.NFO,01/04/2025,09:26:24,51840.85,51825.1,30,51842.8,90,30,804990
BANKNIFTY-II.NFO,01/04/2025,09:26:26,51840.85,51838.85,30,51858.05,30,0,804990
BANKNIFTY-II.NFO,01/04/2025,09:26:27,51849.95,51850,270,51853.2,60,30,804990
BANKNIFTY-II.NFO,01/04/2025,09:26:29,51853.85,51850,270,51853.05,30,150,804990
BANKNIFTY-II.NFO,01/04/2025,09:26:30,51853.85,51850.05,60,51865.4,30,0,804990
BANKNIFTY-II.NFO,01/04/2025,09:26:32,51866.65,51850.05,60,51866.9,90,30,804990
BANKNIFTY-II.NFO,01/04/2025,09:26:34,51866.65,51855.65,30,51874.95,30,0,804990
BANKNIFTY-II.NFO,01/04/2025,09:26:36,51866.65,51860.3,30,51877.4,30,0,804990
BANKNIFTY-II.NFO,01/04/2025,09:26:37,51875,51875,180,51876.75,30,90,804990
BANKNIFTY-II.NFO,01/04/2025,09:26:39,51875,51875,60,51881.95,30,120,804990
BANKNIFTY-II.NFO,01/04/2025,09:26:41,51875,51853.65,30,51864.95,30,60,804990
BANKNIFTY-II.NFO,01/04/2025,09:26:42,51875,51851.3,30,51869.75,30,0,804990
BANKNIFTY-II.NFO,01/04/2025,09:26:44,51875,51849.15,30,51864.95,30,0,804990
BANKNIFTY-II.NFO,01/04/2025,09:26:46,51864.95,51839.7,30,51855.7,30,30,804990
BANKNIFTY-II.NFO,01/04/2025,09:26:47,51855.6,51840.7,30,51854.95,30,30,804990
BANKNIFTY-II.NFO,01/04/2025,09:26:49,51855.6,51840.1,30,51859.4,30,0,804990
BANKNIFTY-II.NFO,01/04/2025,09:26:51,51855.6,51837.2,30,51853.7,60,0,804990
BANKNIFTY-II.NFO,01/04/2025,09:26:52,51855.6,51838,30,51854.95,30,0,804990
BANKNIFTY-II.NFO,01/04/2025,09:26:54,51861.2,51843.5,30,51859.95,30,60,804990
BANKNIFTY-II.NFO,01/04/2025,09:26:55,51861.2,51845.1,30,51863.85,30,0,804990
BANKNIFTY-II.NFO,01/04/2025,09:26:57,51861.2,51855.1,30,51873.75,60,0,804990
BANKNIFTY-II.NFO,01/04/2025,09:26:59,51861.2,51846.1,30,51859.95,30,0,804990
BANKNIFTY-II.NFO,01/04/2025,09:27:00,51861.2,51836.2,30,51849.95,30,0,804990
BANKNIFTY-II.NFO,01/04/2025,09:27:02,51861.2,51837.75,30,51854.95,30,0,804990
BANKNIFTY-II.NFO,01/04/2025,09:27:04,51861.2,51852.2,30,51873.9,30,0,804990
BANKNIFTY-II.NFO,01/04/2025,09:27:05,51861.2,51854,30,51869.95,30,0,804990
BANKNIFTY-II.NFO,01/04/2025,09:27:07,51861.2,51850.1,30,51869.9,30,0,804990
BANKNIFTY-II.NFO,01/04/2025,09:27:09,51861.2,51856.4,30,51876.8,30,0,804990
BANKNIFTY-II.NFO,01/04/2025,09:27:10,51861.2,51861.25,60,51879.95,30,0,804990
BANKNIFTY-II.NFO,01/04/2025,09:27:14,51861.2,51864.15,30,51879.95,30,0,804990
BANKNIFTY-II.NFO,01/04/2025,09:27:15,51861.2,51866.55,30,51879.95,30,0,804990
BANKNIFTY-II.NFO,01/04/2025,09:27:17,51861.2,51872.55,30,51888.1,30,0,804990
BANKNIFTY-II.NFO,01/04/2025,09:27:19,51870.05,51870.05,60,51879.95,60,30,804990
BANKNIFTY-II.NFO,01/04/2025,09:27:20,51870.05,51872.45,30,51879.95,60,0,804990
BANKNIFTY-II.NFO,01/04/2025,09:27:22,51870.05,51870.95,30,51879.95,30,0,804990
BANKNIFTY-II.NFO,01/04/2025,09:27:24,51870.05,51870.1,30,51879.95,30,0,804990
BANKNIFTY-II.NFO,01/04/2025,09:27:25,51870.05,51870,300,51879.9,30,0,804990
BANKNIFTY-II.NFO,01/04/2025,09:27:27,51870.05,51870,300,51877.15,30,0,804990
BANKNIFTY-II.NFO,01/04/2025,09:27:29,51870.05,51870,300,51877.45,150,0,804990
BANKNIFTY-II.NFO,01/04/2025,09:27:30,51870.05,51870,300,51879.95,30,0,804990
BANKNIFTY-II.NFO,01/04/2025,09:27:32,51870.05,51871.35,60,51879.95,30,0,804990
BANKNIFTY-II.NFO,01/04/2025,09:27:33,51879.95,51870.1,30,51884.9,30,30,801840
BANKNIFTY-II.NFO,01/04/2025,09:27:35,51879.95,51871.7,30,51888.1,30,0,801840
BANKNIFTY-II.NFO,01/04/2025,09:27:37,51879.95,51870.05,30,51883.6,30,0,801840
BANKNIFTY-II.NFO,01/04/2025,09:27:38,51879.95,51870.05,30,51878.4,60,0,801840
BANKNIFTY-II.NFO,01/04/2025,09:27:40,51879.95,51870.05,30,51873.05,150,0,801840
BANKNIFTY-II.NFO,01/04/2025,09:27:42,51879.95,51870.05,30,51879.75,30,0,801840
BANKNIFTY-II.NFO,01/04/2025,09:27:43,51871.7,51870.2,30,51884.95,30,30,801840
BANKNIFTY-II.NFO,01/04/2025,09:27:47,51871.7,51870.2,60,51884.55,150,0,801840
BANKNIFTY-II.NFO,01/04/2025,09:27:48,51871.7,51870.35,60,51884.9,30,0,801840
BANKNIFTY-II.NFO,01/04/2025,09:27:50,51871.7,51877.55,30,51888.1,30,0,801840
BANKNIFTY-II.NFO,01/04/2025,09:27:52,51888.1,51887.95,60,51900,120,30,801840
BANKNIFTY-II.NFO,01/04/2025,09:27:53,51888.1,51893.95,30,51900,120,0,801840
BANKNIFTY-II.NFO,01/04/2025,09:27:55,51888.1,51892.95,30,51900,120,0,801840
BANKNIFTY-II.NFO,01/04/2025,09:27:57,51888.1,51889.8,30,51900,120,0,801840
BANKNIFTY-II.NFO,01/04/2025,09:27:58,51900,51900,210,51906.7,30,150,801840
BANKNIFTY-II.NFO,01/04/2025,09:28:00,51900,51900,210,51914.45,30,0,801840
BANKNIFTY-II.NFO,01/04/2025,09:28:02,51900,51900.45,60,51919.9,30,0,801840
BANKNIFTY-II.NFO,01/04/2025,09:28:03,51900,51900.05,30,51914.65,30,30,801840
BANKNIFTY-II.NFO,01/04/2025,09:28:05,51900,51900.05,30,51915.35,30,0,801840
BANKNIFTY-II.NFO,01/04/2025,09:28:06,51900.25,51900,180,51911.8,150,30,801840
BANKNIFTY-II.NFO,01/04/2025,09:28:08,51900.25,51900,180,51900.95,30,0,801840
BANKNIFTY-II.NFO,01/04/2025,09:28:10,51900,51895,30,51899.25,30,180,801840
BANKNIFTY-II.NFO,01/04/2025,09:28:11,51919.8,51895.35,90,51916.35,30,900,801840
BANKNIFTY-II.NFO,01/04/2025,09:28:13,51900,51895.4,30,51912.2,30,30,801840
BANKNIFTY-II.NFO,01/04/2025,09:28:15,51900,51895.05,30,51900,30,0,801840
BANKNIFTY-II.NFO,01/04/2025,09:28:18,51900,51899.5,30,51918.35,60,30,801840
BANKNIFTY-II.NFO,01/04/2025,09:28:20,51915.85,51901.8,30,51919.95,30,30,801840
BANKNIFTY-II.NFO,01/04/2025,09:28:21,51915.85,51903.1,60,51919.55,60,0,801840
BANKNIFTY-II.NFO,01/04/2025,09:28:23,51915.85,51901.15,30,51914.95,30,0,801840
BANKNIFTY-II.NFO,01/04/2025,09:28:25,51915.85,51919.6,30,51921.05,30,0,801840
BANKNIFTY-II.NFO,01/04/2025,09:28:26,51915.85,51917.9,30,51921.05,30,0,801840
BANKNIFTY-II.NFO,01/04/2025,09:28:28,51915.85,51918.45,30,51921.05,30,0,801840
BANKNIFTY-II.NFO,01/04/2025,09:28:30,51915.85,51908.05,30,51919.8,30,0,801840
BANKNIFTY-II.NFO,01/04/2025,09:28:31,51915.85,51895,30,51909.9,60,0,801840
BANKNIFTY-II.NFO,01/04/2025,09:28:33,51915.85,51897.4,30,51911.75,30,0,801840
BANKNIFTY-II.NFO,01/04/2025,09:28:35,51915.85,51895.3,30,51913,150,0,801840
BANKNIFTY-II.NFO,01/04/2025,09:28:36,51915.85,51901.1,30,51913.15,150,0,801840
BANKNIFTY-II.NFO,01/04/2025,09:28:38,51915.85,51895,30,51908.05,30,0,801840
BANKNIFTY-II.NFO,01/04/2025,09:28:40,51915.85,51900.25,30,51915,60,0,801840
BANKNIFTY-II.NFO,01/04/2025,09:28:41,51906.9,51900.75,60,51915,60,30,801840
BANKNIFTY-II.NFO,01/04/2025,09:28:43,51906.9,51900.05,30,51914.95,60,0,801840
BANKNIFTY-II.NFO,01/04/2025,09:28:45,51906.9,51900,300,51914.95,90,0,801840
BANKNIFTY-II.NFO,01/04/2025,09:28:46,51906.9,51904.05,60,51915,60,0,801840
BANKNIFTY-II.NFO,01/04/2025,09:28:48,51906.9,51905.65,30,51915,60,0,801840
BANKNIFTY-II.NFO,01/04/2025,09:28:50,51906.9,51905.85,60,51915,60,0,801840
BANKNIFTY-II.NFO,01/04/2025,09:28:51,51919.8,51917.45,60,51921.05,30,90,801840
BANKNIFTY-II.NFO,01/04/2025,09:28:53,51921.05,51928.35,60,51940,30,30,801840
BANKNIFTY-II.NFO,01/04/2025,09:28:55,51921.05,51926.15,120,51939.9,30,0,801840
BANKNIFTY-II.NFO,01/04/2025,09:28:56,51928.15,51928.9,60,51939.6,30,30,801840
BANKNIFTY-II.NFO,01/04/2025,09:28:58,51929.25,51930.75,30,51940,30,30,801840
BANKNIFTY-II.NFO,01/04/2025,09:29:00,51929.25,51930.1,60,51940,30,0,801840
BANKNIFTY-II.NFO,01/04/2025,09:29:01,51929.25,51929.75,30,51940,30,0,801840
BANKNIFTY-II.NFO,01/04/2025,09:29:03,51940,51941.05,30,51949.95,30,30,801840
BANKNIFTY-II.NFO,01/04/2025,09:29:03,51940,51941.05,30,51949.95,30,0,801840
BANKNIFTY-II.NFO,01/04/2025,09:29:05,51950,51943.75,30,51954.95,30,60,801840
BANKNIFTY-II.NFO,01/04/2025,09:29:05,51950,51943.75,30,51954.95,30,0,801840
BANKNIFTY-II.NFO,01/04/2025,09:29:06,51937.9,51942.85,120,51964.25,30,60,801840
BANKNIFTY-II.NFO,01/04/2025,09:29:06,51959.9,51942.85,120,51964.25,30,0,801840
BANKNIFTY-II.NFO,01/04/2025,09:29:08,51959.9,51935.6,30,51954.15,30,30,801840
BANKNIFTY-II.NFO,01/04/2025,09:29:10,51959.9,51925.05,30,51938.35,30,0,801840
BANKNIFTY-II.NFO,01/04/2025,09:29:11,51959.9,51925.1,30,51941.95,30,0,801840
BANKNIFTY-II.NFO,01/04/2025,09:29:13,51959.9,51925.05,30,51941.1,30,0,801840
BANKNIFTY-II.NFO,01/04/2025,09:29:15,51959.9,51922.45,30,51943.05,30,0,801840
BANKNIFTY-II.NFO,01/04/2025,09:29:16,51959.9,51925.2,30,51942,30,0,801840
BANKNIFTY-II.NFO,01/04/2025,09:29:18,51959.9,51930.05,30,51943.3,30,0,801840
BANKNIFTY-II.NFO,01/04/2025,09:29:20,51959.9,51920.05,30,51933.45,30,0,801840
BANKNIFTY-II.NFO,01/04/2025,09:29:21,51959.9,51920.05,30,51931.35,30,0,801840
BANKNIFTY-II.NFO,01/04/2025,09:29:23,51959.9,51906.6,30,51925.4,30,0,801840
BANKNIFTY-II.NFO,01/04/2025,09:29:24,51924.9,51905.05,60,51920.4,150,30,801840
BANKNIFTY-II.NFO,01/04/2025,09:29:26,51924.9,51900.6,30,51919.95,30,0,801840
BANKNIFTY-II.NFO,01/04/2025,09:29:28,51924.9,51896.6,30,51914.25,150,0,801840
BANKNIFTY-II.NFO,01/04/2025,09:29:29,51924.9,51906.4,30,51928,60,0,801840
BANKNIFTY-II.NFO,01/04/2025,09:29:31,51900.35,51908.8,60,51930.75,30,180,801840
BANKNIFTY-II.NFO,01/04/2025,09:29:33,51900.35,51905.1,30,51922.35,30,0,801840
BANKNIFTY-II.NFO,01/04/2025,09:29:34,51924.8,51905.7,30,51924.8,30,30,801840
BANKNIFTY-II.NFO,01/04/2025,09:29:36,51924.8,51902.45,30,51919.9,30,0,801840
BANKNIFTY-II.NFO,01/04/2025,09:29:38,51924.8,51895.35,30,51913.4,30,0,801840
BANKNIFTY-II.NFO,01/04/2025,09:29:39,51924.8,51895.4,60,51912.25,90,0,801840
BANKNIFTY-II.NFO,01/04/2025,09:29:41,51924.8,51895.3,60,51911.45,30,0,801840
BANKNIFTY-II.NFO,01/04/2025,09:29:43,51924.8,51896.25,60,51914.65,30,0,801840
BANKNIFTY-II.NFO,01/04/2025,09:29:44,51924.8,51895,30,51906.7,30,0,801840
BANKNIFTY-II.NFO,01/04/2025,09:29:46,51900,51900,150,51901.95,30,150,801840
BANKNIFTY-II.NFO,01/04/2025,09:29:48,51902.85,51900,150,51908.8,30,30,801840
BANKNIFTY-II.NFO,01/04/2025,09:29:49,51902.85,51900,150,51906.25,30,0,801840
BANKNIFTY-II.NFO,01/04/2025,09:29:51,51902.85,51895.05,30,51907.7,30,0,801840
BANKNIFTY-II.NFO,01/04/2025,09:29:53,51902.85,51895,30,51907.4,30,0,801840
BANKNIFTY-II.NFO,01/04/2025,09:29:54,51902.85,51900.05,60,51914.35,30,0,801840
BANKNIFTY-II.NFO,01/04/2025,09:29:56,51902.85,51900.1,60,51910,300,0,801840
BANKNIFTY-II.NFO,01/04/2025,09:29:57,51902.85,51900,30,51905.1,30,0,801840
BANKNIFTY-II.NFO,01/04/2025,09:29:59,51902.85,51900.05,30,51904.65,30,0,801840
BANKNIFTY-II.NFO,01/04/2025,09:30:01,51902.85,51900,30,51907.55,30,0,801840
BANKNIFTY-II.NFO,01/04/2025,09:30:02,51902.85,51900,30,51906.1,30,0,801840
BANKNIFTY-II.NFO,01/04/2025,09:30:04,51900,51885,30,51896.4,30,30,801840
BANKNIFTY-II.NFO,01/04/2025,09:30:06,51900,51885.3,30,51900.65,30,0,801840
BANKNIFTY-II.NFO,01/04/2025,09:30:07,51900,51890.3,30,51900,300,0,801840
BANKNIFTY-II.NFO,01/04/2025,09:30:09,51900,51910.05,30,51921.7,60,330,801840
BANKNIFTY-II.NFO,01/04/2025,09:30:11,51900,51905.05,30,51917.65,60,0,801840
BANKNIFTY-II.NFO,01/04/2025,09:30:12,51900,51905.05,30,51915.9,30,0,801840
BANKNIFTY-II.NFO,01/04/2025,09:30:14,51900,51900.05,30,51909.4,30,0,801840
BANKNIFTY-II.NFO,01/04/2025,09:30:16,51900,51900.05,30,51905.95,30,0,801840
BANKNIFTY-II.NFO,01/04/2025,09:30:17,51900,51900,180,51900.35,60,150,801840
BANKNIFTY-II.NFO,01/04/2025,09:30:19,51900,51900.05,30,51902.25,60,30,801840
BANKNIFTY-II.NFO,01/04/2025,09:30:21,51900,51900.05,180,51906.95,60,0,801840
BANKNIFTY-II.NFO,01/04/2025,09:30:22,51915,51910.05,30,51920.4,120,30,801840
BANKNIFTY-II.NFO,01/04/2025,09:30:24,51915,51910.05,30,51921.5,30,0,801840
BANKNIFTY-II.NFO,01/04/2025,09:30:26,51921.3,51910.15,60,51924.25,30,30,801840
BANKNIFTY-II.NFO,01/04/2025,09:30:27,51920.05,51910.05,30,51922.65,30,30,801840
BANKNIFTY-II.NFO,01/04/2025,09:30:29,51920.05,51915.1,30,51930.85,30,0,801840
BANKNIFTY-II.NFO,01/04/2025,09:30:31,51920.05,51925.05,30,51936.85,60,0,801840
BANKNIFTY-II.NFO,01/04/2025,09:30:32,51920.05,51910.2,60,51927.9,60,0,801840
BANKNIFTY-II.NFO,01/04/2025,09:30:34,51920.05,51911,150,51919.6,30,0,801840
BANKNIFTY-II.NFO,01/04/2025,09:30:36,51911,51900.05,30,51911.45,30,150,800760
BANKNIFTY-II.NFO,01/04/2025,09:30:37,51911,51900.05,30,51910.45,30,0,800760
BANKNIFTY-II.NFO,01/04/2025,09:30:39,51911,51900,30,51903.2,60,0,800760
BANKNIFTY-II.NFO,01/04/2025,09:30:41,51911,51900.05,30,51906.45,60,0,800760
BANKNIFTY-II.NFO,01/04/2025,09:30:42,51911,51910.05,30,51915.55,60,0,800760
BANKNIFTY-II.NFO,01/04/2025,09:30:44,51911,51900,30,51905.3,60,0,800760
BANKNIFTY-II.NFO,01/04/2025,09:30:46,51891.75,51901,300,51903.5,60,30,800760
BANKNIFTY-II.NFO,01/04/2025,09:30:47,51891.75,51901,300,51902.05,30,0,800760
BANKNIFTY-II.NFO,01/04/2025,09:30:49,51901,51901,120,51903.2,30,180,800760
BANKNIFTY-II.NFO,01/04/2025,09:30:51,51901,51901,120,51903.9,30,0,800760
BANKNIFTY-II.NFO,01/04/2025,09:30:52,51901,51890.05,30,51901.65,60,120,800760
BANKNIFTY-II.NFO,01/04/2025,09:30:54,51901,51890.05,30,51902.75,30,0,800760
BANKNIFTY-II.NFO,01/04/2025,09:30:56,51901,51885.6,30,51900.7,60,0,800760
BANKNIFTY-II.NFO,01/04/2025,09:30:57,51894.45,51884,30,51886.55,30,60,800760
BANKNIFTY-II.NFO,01/04/2025,09:30:59,51894.45,51884,30,51892.5,60,0,800760
BANKNIFTY-II.NFO,01/04/2025,09:31:01,51894.45,51884,30,51891.4,30,0,800760
BANKNIFTY-II.NFO,01/04/2025,09:31:03,51894.45,51885.4,60,51902.85,60,0,800760
BANKNIFTY-II.NFO,01/04/2025,09:31:04,51894.45,51895.1,30,51909.2,30,0,800760
BANKNIFTY-II.NFO,01/04/2025,09:31:06,51894.45,51890.2,30,51907.7,30,0,800760
BANKNIFTY-II.NFO,01/04/2025,09:31:08,51894.45,51885.05,30,51898.45,30,0,800760
BANKNIFTY-II.NFO,01/04/2025,09:31:09,51894.45,51884,30,51893.35,30,0,800760
BANKNIFTY-II.NFO,01/04/2025,09:31:11,51894.45,51884,30,51888.2,30,0,800760
BANKNIFTY-II.NFO,01/04/2025,09:31:13,51894.45,51880,30,51888.35,30,0,800760
BANKNIFTY-II.NFO,01/04/2025,09:31:14,51894.45,51880,30,51883.45,30,0,800760
BANKNIFTY-II.NFO,01/04/2025,09:31:16,51880,51863.6,30,51880.15,30,30,800760
BANKNIFTY-II.NFO,01/04/2025,09:31:18,51877.95,51865.05,30,51877,30,30,800760
BANKNIFTY-II.NFO,01/04/2025,09:31:19,51877.95,51870.05,30,51882.25,30,0,800760
BANKNIFTY-II.NFO,01/04/2025,09:31:21,51877.95,51865.05,30,51877.15,30,0,800760
BANKNIFTY-II.NFO,01/04/2025,09:31:23,51877.95,51855.6,60,51871.85,90,0,800760
BANKNIFTY-II.NFO,01/04/2025,09:31:24,51877.95,51865.05,30,51876.9,30,0,800760
BANKNIFTY-II.NFO,01/04/2025,09:31:26,51860.1,51865.05,30,51876.1,30,60,800760
BANKNIFTY-II.NFO,01/04/2025,09:31:28,51860.1,51861,60,51877.3,30,0,800760
BANKNIFTY-II.NFO,01/04/2025,09:31:29,51860.1,51870.1,30,51885.4,30,0,800760
BANKNIFTY-II.NFO,01/04/2025,09:31:31,51860.1,51875.1,30,51890.1,30,0,800760
BANKNIFTY-II.NFO,01/04/2025,09:31:32,51860.1,51885.05,30,51897.35,30,0,800760
BANKNIFTY-II.NFO,01/04/2025,09:31:34,51860.1,51875.05,30,51888.25,30,0,800760
BANKNIFTY-II.NFO,01/04/2025,09:31:36,51860.1,51885.05,30,51895.45,30,0,800760
BANKNIFTY-II.NFO,01/04/2025,09:31:37,51860.1,51875.05,30,51884.7,30,0,800760
BANKNIFTY-II.NFO,01/04/2025,09:31:39,51860.1,51870.05,30,51883.05,30,0,800760
BANKNIFTY-II.NFO,01/04/2025,09:31:41,51860.1,51870.1,60,51884.8,30,0,800760
BANKNIFTY-II.NFO,01/04/2025,09:31:42,51860.1,51880.05,30,51892.85,30,0,800760
BANKNIFTY-II.NFO,01/04/2025,09:31:44,51860.1,51875.05,30,51889.1,30,0,800760
BANKNIFTY-II.NFO,01/04/2025,09:31:46,51860.1,51870.05,30,51883.25,30,0,800760
BANKNIFTY-II.NFO,01/04/2025,09:31:47,51860.1,51870.05,30,51883.95,30,0,800760
BANKNIFTY-II.NFO,01/04/2025,09:31:49,51860.1,51875.05,30,51884.7,30,0,800760
BANKNIFTY-II.NFO,01/04/2025,09:31:50,51860.1,51880.05,30,51887.85,30,0,800760
BANKNIFTY-II.NFO,01/04/2025,09:31:52,51860.1,51880.05,30,51887.95,30,0,800760
BANKNIFTY-II.NFO,01/04/2025,09:31:54,51860.1,51870.05,30,51880.5,30,0,800760
BANKNIFTY-II.NFO,01/04/2025,09:31:55,51860.1,51862,300,51874.9,30,0,800760
BANKNIFTY-II.NFO,01/04/2025,09:31:57,51862,51862,270,51871.55,30,30,800760
BANKNIFTY-II.NFO,01/04/2025,09:31:59,51862,51862.05,60,51876.85,30,0,800760
BANKNIFTY-II.NFO,01/04/2025,09:32:00,51862,51862.05,60,51876.8,30,0,800760
BANKNIFTY-II.NFO,01/04/2025,09:32:02,51862,51862,270,51866.35,30,0,800760
BANKNIFTY-II.NFO,01/04/2025,09:32:04,51862,51862,180,51864.45,30,90,800760
BANKNIFTY-II.NFO,01/04/2025,09:32:05,51860.1,51850,30,51856.6,30,210,800760
BANKNIFTY-II.NFO,01/04/2025,09:32:07,51860.1,51850,30,51861.2,30,0,800760
BANKNIFTY-II.NFO,01/04/2025,09:32:09,51860.1,51850,30,51859.4,30,0,800760
BANKNIFTY-II.NFO,01/04/2025,09:32:10,51860.1,51850,60,51864.8,30,0,800760
BANKNIFTY-II.NFO,01/04/2025,09:32:12,51860.1,51850,30,51858.8,30,0,800760
BANKNIFTY-II.NFO,01/04/2025,09:32:14,51860.1,51850,30,51854.8,60,0,800760
BANKNIFTY-II.NFO,01/04/2025,09:32:15,51860.1,51850.05,30,51864.3,30,0,800760
BANKNIFTY-II.NFO,01/04/2025,09:32:17,51860.1,51850,30,51861.1,30,0,800760
BANKNIFTY-II.NFO,01/04/2025,09:32:19,51860.1,51850,30,51853.5,30,0,800760
BANKNIFTY-II.NFO,01/04/2025,09:32:20,51860.1,51850,30,51854.4,30,0,800760
BANKNIFTY-II.NFO,01/04/2025,09:32:22,51860.1,51850,30,51858.8,30,0,800760
BANKNIFTY-II.NFO,01/04/2025,09:32:24,51860.1,51850,30,51859.15,30,0,800760
BANKNIFTY-II.NFO,01/04/2025,09:32:25,51860.1,51850,30,51864.25,30,0,800760
BANKNIFTY-II.NFO,01/04/2025,09:32:27,51860.1,51850.55,30,51868.85,60,0,800760
BANKNIFTY-II.NFO,01/04/2025,09:32:28,51860.1,51852.85,60,51873.05,60,0,800760
BANKNIFTY-II.NFO,01/04/2025,09:32:30,51860.1,51855.1,30,51878.55,30,30,800760
BANKNIFTY-II.NFO,01/04/2025,09:32:32,51860.1,51855.1,30,51870.5,30,0,800760
BANKNIFTY-II.NFO,01/04/2025,09:32:33,51860.1,51855.1,30,51872.5,30,0,800760
BANKNIFTY-II.NFO,01/04/2025,09:32:35,51860.1,51852.15,60,51869.2,30,0,800760
BANKNIFTY-II.NFO,01/04/2025,09:32:37,51860.1,51852.15,30,51868.65,30,0,800760
BANKNIFTY-II.NFO,01/04/2025,09:32:38,51860.1,51852,60,51865.85,30,0,800760
BANKNIFTY-II.NFO,01/04/2025,09:32:40,51860.1,51852,60,51863.85,30,0,800760
BANKNIFTY-II.NFO,01/04/2025,09:32:41,51860.1,51852,60,51863.95,30,0,800760
BANKNIFTY-II.NFO,01/04/2025,09:32:43,51860.1,51852.85,60,51869.9,60,0,800760
BANKNIFTY-II.NFO,01/04/2025,09:32:45,51860.1,51855.1,60,51872.85,60,0,800760
BANKNIFTY-II.NFO,01/04/2025,09:32:46,51860.1,51860.3,30,51878.8,60,0,800760
BANKNIFTY-II.NFO,01/04/2025,09:32:48,51860.1,51865.1,30,51880.35,30,0,800760
BANKNIFTY-II.NFO,01/04/2025,09:32:50,51860.1,51865.3,30,51882.5,60,0,800760
BANKNIFTY-II.NFO,01/04/2025,09:32:51,51860.1,51865.1,30,51882.3,30,0,800760
BANKNIFTY-II.NFO,01/04/2025,09:32:53,51860.1,51861.15,60,51877,30,0,800760
BANKNIFTY-II.NFO,01/04/2025,09:32:54,51860.1,51861,300,51867.35,30,0,800760
BANKNIFTY-II.NFO,01/04/2025,09:32:56,51860.1,51861,300,51868.2,60,0,800760
BANKNIFTY-II.NFO,01/04/2025,09:32:58,51860.1,51861,300,51873.2,30,0,800760
BANKNIFTY-II.NFO,01/04/2025,09:32:59,51860.1,51861,300,51869.4,30,0,800760
BANKNIFTY-II.NFO,01/04/2025,09:33:01,51860.1,51865.3,30,51883.35,90,0,800760
BANKNIFTY-II.NFO,01/04/2025,09:33:03,51860.1,51870.05,30,51880.5,30,0,800760
BANKNIFTY-II.NFO,01/04/2025,09:33:04,51860.1,51865.05,30,51876.65,30,0,800760
BANKNIFTY-II.NFO,01/04/2025,09:33:06,51860.1,51865.05,30,51876.3,60,0,800760
BANKNIFTY-II.NFO,01/04/2025,09:33:08,51860.1,51865.05,30,51876.95,30,0,800760
BANKNIFTY-II.NFO,01/04/2025,09:33:09,51860.1,51861,300,51866.55,30,0,800760
BANKNIFTY-II.NFO,01/04/2025,09:33:11,51860.1,51861,300,51863.85,60,0,800760
BANKNIFTY-II.NFO,01/04/2025,09:33:13,51860.1,51860.1,30,51864.25,30,0,800760
BANKNIFTY-II.NFO,01/04/2025,09:33:14,51860.1,51860.1,30,51863.6,60,0,800760
BANKNIFTY-II.NFO,01/04/2025,09:33:16,51860.1,51865,30,51868.45,60,0,800760
BANKNIFTY-II.NFO,01/04/2025,09:33:18,51860.1,51865.4,30,51886.35,30,0,800760
BANKNIFTY-II.NFO,01/04/2025,09:33:19,51860.1,51870.1,30,51883.75,30,0,800760
BANKNIFTY-II.NFO,01/04/2025,09:33:21,51860.1,51880.05,30,51890.9,30,0,800760
BANKNIFTY-II.NFO,01/04/2025,09:33:22,51860.1,51880.05,30,51890.05,30,0,800760
BANKNIFTY-II.NFO,01/04/2025,09:33:24,51860.1,51870.1,30,51887.85,30,0,800760
BANKNIFTY-II.NFO,01/04/2025,09:33:26,51860.1,51875.1,30,51890.75,60,0,800760
BANKNIFTY-II.NFO,01/04/2025,09:33:27,51860.1,51880.1,30,51896.6,60,0,800760
BANKNIFTY-II.NFO,01/04/2025,09:33:29,51860.1,51890.05,30,51900.85,30,780,800760
BANKNIFTY-II.NFO,01/04/2025,09:33:31,51860.1,51883.75,30,51895.15,30,0,800760
BANKNIFTY-II.NFO,01/04/2025,09:33:32,51885.1,51890.1,30,51906.45,30,30,800760
BANKNIFTY-II.NFO,01/04/2025,09:33:34,51885.1,51905.1,30,51920.15,30,0,800760
BANKNIFTY-II.NFO,01/04/2025,09:33:36,51885.1,51905.1,60,51922.6,30,0,800760
BANKNIFTY-II.NFO,01/04/2025,09:33:37,51885.1,51908.35,30,51924.95,30,0,800760
BANKNIFTY-II.NFO,01/04/2025,09:33:39,51885.1,51912.7,30,51929.9,60,0,800760
BANKNIFTY-II.NFO,01/04/2025,09:33:41,51885.1,51905.1,30,51919.95,30,0,800760
BANKNIFTY-II.NFO,01/04/2025,09:33:42,51885.1,51910.3,30,51931.05,30,0,800760
BANKNIFTY-II.NFO,01/04/2025,09:33:44,51885.1,51914.55,90,51932.7,30,0,800760
BANKNIFTY-II.NFO,01/04/2025,09:33:46,51885.1,51901.05,30,51914.8,30,0,800760
BANKNIFTY-II.NFO,01/04/2025,09:33:47,51901,51901,240,51913.3,30,60,799410
BANKNIFTY-II.NFO,01/04/2025,09:33:49,51901,51901,240,51914.4,30,0,799410
BANKNIFTY-II.NFO,01/04/2025,09:33:51,51901,51901.15,30,51919.95,30,0,799410
BANKNIFTY-II.NFO,01/04/2025,09:33:52,51901,51901,240,51911.3,30,0,799410
BANKNIFTY-II.NFO,01/04/2025,09:33:54,51901,51901,240,51912.2,30,0,799410
BANKNIFTY-II.NFO,01/04/2025,09:33:56,51901,51901,240,51906.85,30,0,799410
BANKNIFTY-II.NFO,01/04/2025,09:33:57,51901,51901,240,51905.8,30,0,799410
BANKNIFTY-II.NFO,01/04/2025,09:33:59,51901,51901,270,51905,60,0,799410
BANKNIFTY-II.NFO,01/04/2025,09:34:01,51901,51905.2,60,51922.95,30,0,799410
BANKNIFTY-II.NFO,01/04/2025,09:34:02,51901,51915.05,30,51929.35,30,0,799410
BANKNIFTY-II.NFO,01/04/2025,09:34:04,51901,51910.1,60,51926.25,30,0,799410
BANKNIFTY-II.NFO,01/04/2025,09:34:06,51901,51915.05,30,51927.25,30,0,799410
BANKNIFTY-II.NFO,01/04/2025,09:34:07,51901,51915.05,30,51927.5,30,0,799410
BANKNIFTY-II.NFO,01/04/2025,09:34:09,51901,51905.4,30,51924.5,60,0,799410
BANKNIFTY-II.NFO,01/04/2025,09:34:10,51901,51910.3,30,51929.55,60,0,799410
BANKNIFTY-II.NFO,01/04/2025,09:34:12,51901,51910.15,30,51926.65,30,0,799410
BANKNIFTY-II.NFO,01/04/2025,09:34:14,51901,51911.15,60,51929.45,30,0,799410
BANKNIFTY-II.NFO,01/04/2025,09:34:15,51920.7,51911,240,51918.4,30,30,799410
BANKNIFTY-II.NFO,01/04/2025,09:34:17,51920.7,51911.05,90,51924.95,30,0,799410
BANKNIFTY-II.NFO,01/04/2025,09:34:19,51920.7,51911.45,60,51924.95,30,0,799410
BANKNIFTY-II.NFO,01/04/2025,09:34:20,51920.7,51911,240,51924.8,30,0,799410
BANKNIFTY-II.NFO,01/04/2025,09:34:22,51920.7,51911.15,60,51928.6,30,0,799410
BANKNIFTY-II.NFO,01/04/2025,09:34:24,51920.7,51920.5,30,51936.95,30,0,799410
BANKNIFTY-II.NFO,01/04/2025,09:34:25,51920.7,51921.4,30,51938.35,30,0,799410
BANKNIFTY-II.NFO,01/04/2025,09:34:27,51920.7,51921.1,30,51938.3,60,0,799410
BANKNIFTY-II.NFO,01/04/2025,09:34:29,51920.7,51925,240,51938.35,30,0,799410
BANKNIFTY-II.NFO,01/04/2025,09:34:30,51925.55,51925.05,30,51938.35,30,60,799410
BANKNIFTY-II.NFO,01/04/2025,09:34:32,51925.55,51925.1,60,51938.35,30,0,799410
BANKNIFTY-II.NFO,01/04/2025,09:34:34,51925.55,51925.1,30,51938.35,30,0,799410
BANKNIFTY-II.NFO,01/04/2025,09:34:35,51925.55,51930.1,60,51938.35,30,0,799410
BANKNIFTY-II.NFO,01/04/2025,09:34:37,51938.35,51927.05,60,51940,30,30,799410
BANKNIFTY-II.NFO,01/04/2025,09:34:39,51940,51940,210,51947.25,60,30,799410
BANKNIFTY-II.NFO,01/04/2025,09:34:40,51940,51940,90,51949.9,30,120,799410
BANKNIFTY-II.NFO,01/04/2025,09:34:42,51938,51935.1,30,51949.95,60,150,799410
BANKNIFTY-II.NFO,01/04/2025,09:34:44,51950,51940.1,60,51954.9,60,90,799410
BANKNIFTY-II.NFO,01/04/2025,09:34:45,51940.05,51935.5,30,51954.95,30,30,799410
BANKNIFTY-II.NFO,01/04/2025,09:34:47,51940.05,51940.05,30,51954.4,60,0,799410
BANKNIFTY-II.NFO,01/04/2025,09:34:49,51940.05,51940.1,60,51956.6,60,0,799410
BANKNIFTY-II.NFO,01/04/2025,09:34:50,51940.05,51935.1,60,51953.1,30,0,799410
BANKNIFTY-II.NFO,01/04/2025,09:34:52,51940.05,51930.55,30,51951.2,30,0,799410
BANKNIFTY-II.NFO,01/04/2025,09:34:54,51940.05,51935.1,30,51950.4,30,0,799410
BANKNIFTY-II.NFO,01/04/2025,09:34:55,51940.05,51940.1,30,51957.7,30,0,799410
BANKNIFTY-II.NFO,01/04/2025,09:34:57,51940.05,51930.3,30,51949.7,60,0,799410
BANKNIFTY-II.NFO,01/04/2025,09:34:59,51940.05,51931.2,60,51948.25,60,0,799410
BANKNIFTY-II.NFO,01/04/2025,09:35:00,51940.05,51935.05,30,51946.8,30,0,799410
BANKNIFTY-II.NFO,01/04/2025,09:35:02,51957.1,51945.05,30,51958.85,30,30,799410
BANKNIFTY-II.NFO,01/04/2025,09:35:04,51958.85,51940.7,30,51958.85,30,30,799410
BANKNIFTY-II.NFO,01/04/2025,09:35:05,51958.85,51945.05,30,51959.3,90,0,799410
BANKNIFTY-II.NFO,01/04/2025,09:35:07,51956.95,51945.05,30,51959.85,30,30,799410
BANKNIFTY-II.NFO,01/04/2025,09:35:09,51956.95,51945.05,30,51957.9,30,0,799410
BANKNIFTY-II.NFO,01/04/2025,09:35:10,51956.95,51929.2,60,51948.8,60,0,799410
BANKNIFTY-II.NFO,01/04/2025,09:35:12,51956.95,51925.05,30,51937.5,30,0,799410
BANKNIFTY-II.NFO,01/04/2025,09:35:14,51956.95,51935.05,30,51947.35,30,0,799410
BANKNIFTY-II.NFO,01/04/2025,09:35:15,51956.95,51935.05,30,51950.25,30,0,799410
BANKNIFTY-II.NFO,01/04/2025,09:35:17,51956.95,51945.05,30,51955.05,30,0,799410
BANKNIFTY-II.NFO,01/04/2025,09:35:19,51956.95,51942.65,120,51955.05,30,0,799410
BANKNIFTY-II.NFO,01/04/2025,09:35:20,51956.95,51950,30,51955.05,30,0,799410
BANKNIFTY-II.NFO,01/04/2025,09:35:24,51956.95,51950.1,300,51955.05,30,0,799410
BANKNIFTY-II.NFO,01/04/2025,09:35:25,51956.95,51950.1,300,51959.9,90,60,799410
BANKNIFTY-II.NFO,01/04/2025,09:35:27,51956.95,51950.1,300,51958.85,30,0,799410
BANKNIFTY-II.NFO,01/04/2025,09:35:29,51956.95,51950.1,300,51959,30,0,799410
BANKNIFTY-II.NFO,01/04/2025,09:35:30,51950.1,51950.1,210,51950.2,30,120,799410
BANKNIFTY-II.NFO,01/04/2025,09:35:32,51950.1,51930.05,30,51945.5,30,210,799410
BANKNIFTY-II.NFO,01/04/2025,09:35:34,51950.1,51940.05,30,51952.65,30,0,799410
BANKNIFTY-II.NFO,01/04/2025,09:35:35,51950.1,51940.05,30,51953,30,0,799410
BANKNIFTY-II.NFO,01/04/2025,09:35:37,51950.1,51926,30,51945.65,30,0,799410
BANKNIFTY-II.NFO,01/04/2025,09:35:38,51950.1,51930.05,30,51943.55,30,0,799410
BANKNIFTY-II.NFO,01/04/2025,09:35:40,51935.05,51935.05,30,51948.4,30,30,799410
BANKNIFTY-II.NFO,01/04/2025,09:35:42,51935.05,51921.4,30,51937.7,30,0,799410
BANKNIFTY-II.NFO,01/04/2025,09:35:43,51935.05,51916.15,30,51933.6,30,0,799410
BANKNIFTY-II.NFO,01/04/2025,09:35:45,51935.05,51908.85,30,51925.5,30,0,799410
BANKNIFTY-II.NFO,01/04/2025,09:35:47,51935.05,51915.05,30,51928.05,30,0,799410
BANKNIFTY-II.NFO,01/04/2025,09:35:48,51935.05,51915.05,30,51926.25,30,0,799410
BANKNIFTY-II.NFO,01/04/2025,09:35:50,51935.05,51925.05,60,51937.8,30,0,799410
BANKNIFTY-II.NFO,01/04/2025,09:35:52,51935.05,51925.05,30,51937.15,30,0,799410
BANKNIFTY-II.NFO,01/04/2025,09:35:53,51935.05,51930.05,30,51939.8,30,0,799410
BANKNIFTY-II.NFO,01/04/2025,09:35:55,51935.05,51930.05,30,51939.8,30,30,799410
BANKNIFTY-II.NFO,01/04/2025,09:35:57,51935.05,51930.05,30,51939.25,30,0,799410
BANKNIFTY-II.NFO,01/04/2025,09:35:58,51935.05,51925.2,30,51939.8,30,0,799410
BANKNIFTY-II.NFO,01/04/2025,09:36:00,51935.05,51940.05,30,51949.95,30,0,799410
BANKNIFTY-II.NFO,01/04/2025,09:36:05,51935.05,51945.05,60,51959.7,30,0,799410
BANKNIFTY-II.NFO,01/04/2025,09:36:07,51935.05,51945.4,30,51959.9,90,0,799410
BANKNIFTY-II.NFO,01/04/2025,09:36:08,51935.05,51950.15,120,51959.9,90,0,799410
BANKNIFTY-II.NFO,01/04/2025,09:36:10,51935.05,51947.9,30,51959.9,90,0,799410
BANKNIFTY-II.NFO,01/04/2025,09:36:12,51935.05,51951.05,60,51959.9,90,0,799410
BANKNIFTY-II.NFO,01/04/2025,09:36:15,51935.05,51951.05,30,51959.9,90,0,799410
BANKNIFTY-II.NFO,01/04/2025,09:36:17,51935.05,51951,300,51959.9,90,0,799410
BANKNIFTY-II.NFO,01/04/2025,09:36:18,51935.05,51951,300,51955.2,30,0,799410
BANKNIFTY-II.NFO,01/04/2025,09:36:20,51951,51951,60,51959.9,90,240,799410
BANKNIFTY-II.NFO,01/04/2025,09:36:22,51951,51935.05,60,51952.25,60,60,799410
BANKNIFTY-II.NFO,01/04/2025,09:36:23,51951,51935.5,30,51954,30,0,799410
BANKNIFTY-II.NFO,01/04/2025,09:36:25,51951,51925.6,30,51945.95,60,0,799410
BANKNIFTY-II.NFO,01/04/2025,09:36:27,51951,51930.9,30,51949.25,30,0,799410
BANKNIFTY-II.NFO,01/04/2025,09:36:28,51951,51930.6,60,51950.35,60,0,799410
BANKNIFTY-II.NFO,01/04/2025,09:36:30,51951,51940.05,30,51952,30,0,799410
BANKNIFTY-II.NFO,01/04/2025,09:36:32,51951,51941.45,30,51950,30,0,799410
BANKNIFTY-II.NFO,01/04/2025,09:36:33,51951,51946.25,30,51950,30,0,799410
BANKNIFTY-II.NFO,01/04/2025,09:36:35,51951,51939.45,60,51950,30,0,799410
BANKNIFTY-II.NFO,01/04/2025,09:36:37,51951,51944.85,30,51950,30,0,799410
BANKNIFTY-II.NFO,01/04/2025,09:36:38,51951,51941.5,30,51950,30,0,799410
BANKNIFTY-II.NFO,01/04/2025,09:36:40,51950,51945.4,60,51959.85,60,30,798840
BANKNIFTY-II.NFO,01/04/2025,09:36:42,51945.4,51945.85,60,51959.85,60,30,798840
BANKNIFTY-II.NFO,01/04/2025,09:36:43,51945.4,51945.1,30,51959.75,30,0,798840
BANKNIFTY-II.NFO,01/04/2025,09:36:45,51945.4,51945.1,60,51959.85,60,0,798840
BANKNIFTY-II.NFO,01/04/2025,09:36:47,51945.4,51945.05,30,51958.9,30,0,798840
BANKNIFTY-II.NFO,01/04/2025,09:36:48,51945.15,51953.25,30,51959.9,90,60,798840
BANKNIFTY-II.NFO,01/04/2025,09:36:50,51945.15,51950.1,60,51959.9,90,0,798840
BANKNIFTY-II.NFO,01/04/2025,09:36:52,51945.15,51950.4,60,51959.9,90,0,798840
BANKNIFTY-II.NFO,01/04/2025,09:36:53,51959.9,51950.1,60,51959.9,30,60,798840
BANKNIFTY-II.NFO,01/04/2025,09:36:55,51959.9,51950.25,30,51959.9,30,0,798840
BANKNIFTY-II.NFO,01/04/2025,09:36:57,51959.9,51946.55,30,51959.9,30,0,798840
BANKNIFTY-II.NFO,01/04/2025,09:36:58,51959.9,51946.65,30,51959.9,30,0,798840
BANKNIFTY-II.NFO,01/04/2025,09:37:00,51959.9,51950.1,60,51965.85,30,30,798840
BANKNIFTY-II.NFO,01/04/2025,09:37:02,51959.9,51950.4,30,51968.8,30,0,798840
BANKNIFTY-II.NFO,01/04/2025,09:37:03,51959.9,51947.95,30,51966.4,60,0,798840
BANKNIFTY-II.NFO,01/04/2025,09:37:05,51959.9,51945.45,60,51961.95,30,0,798840
BANKNIFTY-II.NFO,01/04/2025,09:37:07,51959.9,51945.4,30,51960.6,30,0,798840
BANKNIFTY-II.NFO,01/04/2025,09:37:08,51959.9,51945.2,30,51966.05,30,0,798840
BANKNIFTY-II.NFO,01/04/2025,09:37:10,51959.9,51950.1,60,51966.6,30,0,798840
BANKNIFTY-II.NFO,01/04/2025,09:37:12,51959.9,51941.2,60,51957.45,30,0,798840
BANKNIFTY-II.NFO,01/04/2025,09:37:13,51959.9,51945.1,60,51961.35,30,0,798840
BANKNIFTY-II.NFO,01/04/2025,09:37:15,51959.9,51955.05,30,51964.3,30,0,798840
BANKNIFTY-II.NFO,01/04/2025,09:37:17,51960.05,51955.5,60,51974.95,60,30,798840
BANKNIFTY-II.NFO,01/04/2025,09:37:17,51960.05,51955.5,60,51974.95,60,0,798840
BANKNIFTY-II.NFO,01/04/2025,09:37:18,51960.05,51965.3,60,51975,30,0,798840
BANKNIFTY-II.NFO,01/04/2025,09:37:20,51960.05,51960.6,60,51975,30,0,798840
BANKNIFTY-II.NFO,01/04/2025,09:37:22,51960.05,51952.45,30,51974.45,30,0,798840
BANKNIFTY-II.NFO,01/04/2025,09:37:23,51960.05,51960.1,30,51974.95,60,0,798840
BANKNIFTY-II.NFO,01/04/2025,09:37:25,51960.05,51955.2,60,51974.3,60,0,798840
BANKNIFTY-II.NFO,01/04/2025,09:37:27,51960.05,51952.2,30,51967.6,30,0,798840
BANKNIFTY-II.NFO,01/04/2025,09:37:28,51960.05,51960.05,90,51973.2,30,0,798840
BANKNIFTY-II.NFO,01/04/2025,09:37:30,51960.05,51962.7,30,51975,30,0,798840
BANKNIFTY-II.NFO,01/04/2025,09:37:32,51960.05,51966.05,30,51975,30,0,798840
BANKNIFTY-II.NFO,01/04/2025,09:37:33,51960.05,51972.05,30,51975,30,0,798840
BANKNIFTY-II.NFO,01/04/2025,09:37:35,51975.05,51975.05,240,51979,30,60,798840
BANKNIFTY-II.NFO,01/04/2025,09:37:35,51975.05,51975.05,240,51979,30,0,798840
BANKNIFTY-II.NFO,01/04/2025,09:37:37,51975.05,51975.05,240,51979,30,0,798840
BANKNIFTY-II.NFO,01/04/2025,09:37:38,51980,51978.6,30,51980,30,60,798840
BANKNIFTY-II.NFO,01/04/2025,09:37:38,51980,51978.6,30,51980,30,0,798840
BANKNIFTY-II.NFO,01/04/2025,09:37:40,51980,51977.75,60,51989.95,60,30,798840
BANKNIFTY-II.NFO,01/04/2025,09:37:42,51980,51975.8,150,51989.95,60,0,798840
BANKNIFTY-II.NFO,01/04/2025,09:37:43,51980,51978.55,30,51989.95,30,0,798840
BANKNIFTY-II.NFO,01/04/2025,09:37:45,51980,51978.5,30,51989.9,60,0,798840
BANKNIFTY-II.NFO,01/04/2025,09:37:48,51980,51978.5,30,51989.5,30,0,798840
BANKNIFTY-II.NFO,01/04/2025,09:37:50,51980,51978.5,30,51983.9,30,0,798840
BANKNIFTY-II.NFO,01/04/2025,09:37:52,51975.05,51975.05,210,51977.5,30,30,798840
BANKNIFTY-II.NFO,01/04/2025,09:37:53,51960.05,51960.15,30,51969.6,60,270,798840
BANKNIFTY-II.NFO,01/04/2025,09:37:55,51960.05,51945.7,60,51964.7,60,60,798840
BANKNIFTY-II.NFO,01/04/2025,09:37:57,51960.05,51942.95,60,51959.9,60,0,798840
BANKNIFTY-II.NFO,01/04/2025,09:37:58,51960.05,51945.1,30,51961.55,30,0,798840
BANKNIFTY-II.NFO,01/04/2025,09:38:00,51960.05,51941.05,60,51960.65,30,0,798840
BANKNIFTY-II.NFO,01/04/2025,09:38:02,51960.05,51950.05,30,51961.75,60,0,798840
BANKNIFTY-II.NFO,01/04/2025,09:38:03,51960.05,51950.05,30,51963.7,60,0,798840
BANKNIFTY-II.NFO,01/04/2025,09:38:05,51960.05,51950.05,30,51966.65,60,0,798840
BANKNIFTY-II.NFO,01/04/2025,09:38:07,51960.05,51955.05,30,51970.2,30,0,798840
BANKNIFTY-II.NFO,01/04/2025,09:38:08,51960.05,51955.05,30,51965.15,30,0,798840
BANKNIFTY-II.NFO,01/04/2025,09:38:10,51960.05,51950.1,60,51969.35,60,0,798840
BANKNIFTY-II.NFO,01/04/2025,09:38:12,51965.2,51950.05,30,51962.4,30,30,798840
BANKNIFTY-II.NFO,01/04/2025,09:38:13,51965.2,51955.1,30,51970.9,30,0,798840
BANKNIFTY-II.NFO,01/04/2025,09:38:15,51965.2,51960.05,30,51972.8,30,0,798840
BANKNIFTY-II.NFO,01/04/2025,09:38:17,51965.2,51955.1,60,51970.4,90,0,798840
BANKNIFTY-II.NFO,01/04/2025,09:38:18,51965.2,51960.05,30,51973.5,30,0,798840
BANKNIFTY-II.NFO,01/04/2025,09:38:20,51965.2,51955.05,30,51965,30,0,798840
BANKNIFTY-II.NFO,01/04/2025,09:38:23,51965.2,51946.2,30,51964.5,60,0,798840
BANKNIFTY-II.NFO,01/04/2025,09:38:25,51965.2,51950.1,30,51965,30,0,798840
BANKNIFTY-II.NFO,01/04/2025,09:38:27,51965.2,51955.1,30,51965,30,0,798840
BANKNIFTY-II.NFO,01/04/2025,09:38:28,51965.2,51956.65,30,51965,30,0,798840
BANKNIFTY-II.NFO,01/04/2025,09:38:30,51965,51965.05,30,51980.05,30,30,798840
BANKNIFTY-II.NFO,01/04/2025,09:38:32,51965.2,51960.1,60,51979.5,30,30,798840
BANKNIFTY-II.NFO,01/04/2025,09:38:33,51965.2,51965.1,30,51981.65,30,0,798840
BANKNIFTY-II.NFO,01/04/2025,09:38:35,51965.1,51965.05,30,51982.95,30,30,798840
BANKNIFTY-II.NFO,01/04/2025,09:38:37,51965.1,51970.1,30,51984.6,30,0,798840
BANKNIFTY-II.NFO,01/04/2025,09:38:38,51965.1,51970.1,30,51984.55,60,0,798840
BANKNIFTY-II.NFO,01/04/2025,09:38:40,51965.1,51965.1,30,51980.35,30,0,798840
BANKNIFTY-II.NFO,01/04/2025,09:38:42,51965.1,51965.1,30,51981.7,30,0,798840
BANKNIFTY-II.NFO,01/04/2025,09:38:43,51965.1,51965.05,30,51980.05,30,0,798840
BANKNIFTY-II.NFO,01/04/2025,09:38:45,51965.1,51965.05,30,51979.55,30,0,798840
BANKNIFTY-II.NFO,01/04/2025,09:38:47,51965.1,51952.05,30,51971.8,60,0,798840
BANKNIFTY-II.NFO,01/04/2025,09:38:48,51965.1,51944.85,30,51963.85,60,0,798840
BANKNIFTY-II.NFO,01/04/2025,09:38:50,51959.15,51945.1,30,51962.85,30,30,798840
BANKNIFTY-II.NFO,01/04/2025,09:38:52,51959.15,51946,30,51960.15,30,0,798840
BANKNIFTY-II.NFO,01/04/2025,09:38:53,51959.15,51943.45,30,51959.25,30,0,798840
BANKNIFTY-II.NFO,01/04/2025,09:38:55,51950.1,51950.1,30,51965.1,90,30,798840
BANKNIFTY-II.NFO,01/04/2025,09:38:56,51950.1,51955.1,30,51965.1,90,0,798840
BANKNIFTY-II.NFO,01/04/2025,09:38:58,51950.1,51955.3,30,51965.1,90,0,798840
BANKNIFTY-II.NFO,01/04/2025,09:39:00,51950.1,51953.25,30,51965.1,90,0,798840
BANKNIFTY-II.NFO,01/04/2025,09:39:01,51950.1,51956.7,60,51965.1,90,0,798840
BANKNIFTY-II.NFO,01/04/2025,09:39:03,51950.1,51959.3,30,51965.1,90,0,798840
BANKNIFTY-II.NFO,01/04/2025,09:39:05,51950.1,51956.5,30,51965.1,90,0,798840
BANKNIFTY-II.NFO,01/04/2025,09:39:06,51950.1,51954.4,60,51965.1,90,0,798840
BANKNIFTY-II.NFO,01/04/2025,09:39:08,51954.85,51962.95,150,51965.1,90,30,798840
BANKNIFTY-II.NFO,01/04/2025,09:39:10,51965.1,51968.15,180,51980,60,90,798840
BANKNIFTY-II.NFO,01/04/2025,09:39:11,51965.1,51970.2,30,51980,60,0,798840
BANKNIFTY-II.NFO,01/04/2025,09:39:13,51965.1,51973.6,150,51980,60,0,798840
BANKNIFTY-II.NFO,01/04/2025,09:39:15,51965.1,51973.6,30,51980,60,0,798840
BANKNIFTY-II.NFO,01/04/2025,09:39:16,51989.95,51985.05,30,51995.85,30,90,798840
BANKNIFTY-II.NFO,01/04/2025,09:39:16,51989.95,51985.05,30,51995.85,30,0,798840
BANKNIFTY-II.NFO,01/04/2025,09:39:18,51989.95,51985.05,30,51995.85,30,0,798840
BANKNIFTY-II.NFO,01/04/2025,09:39:19,51989.95,51986.8,150,51995.85,30,0,798840
BANKNIFTY-II.NFO,01/04/2025,09:39:21,51989.95,51990.6,150,51995.85,30,0,798840
BANKNIFTY-II.NFO,01/04/2025,09:39:23,51989.95,51991.35,150,51995.85,30,0,798840
BANKNIFTY-II.NFO,01/04/2025,09:39:25,51989.95,51991.3,300,51995.85,30,0,798840
BANKNIFTY-II.NFO,01/04/2025,09:39:26,51989.95,51990.05,30,51995.85,30,0,798840
BANKNIFTY-II.NFO,01/04/2025,09:39:28,51987.1,51987.5,30,51995.85,30,30,798840
BANKNIFTY-II.NFO,01/04/2025,09:39:29,51987.1,51984.5,30,51995.85,30,0,798840
BANKNIFTY-II.NFO,01/04/2025,09:39:31,51987.1,51992.55,150,51995.85,30,0,798840
BANKNIFTY-II.NFO,01/04/2025,09:39:33,52019.9,51998.55,30,52008.85,30,150,798840
BANKNIFTY-II.NFO,01/04/2025,09:39:33,52019.9,51998.55,30,52008.85,30,0,798840
BANKNIFTY-II.NFO,01/04/2025,09:39:34,52019.9,51995.45,30,52008.85,30,0,798840
BANKNIFTY-II.NFO,01/04/2025,09:39:36,52019.9,52005,30,52008.85,30,0,798840
BANKNIFTY-II.NFO,01/04/2025,09:39:49,52000.35,51995.35,30,52008.85,30,90,798930
BANKNIFTY-II.NFO,01/04/2025,09:39:51,52008.85,52005.95,60,52020,60,30,798930
BANKNIFTY-II.NFO,01/04/2025,09:39:52,52008.85,52005.05,30,52019.15,30,0,798930
BANKNIFTY-II.NFO,01/04/2025,09:39:54,52008.85,52000.75,30,52008.85,120,0,798930
BANKNIFTY-II.NFO,01/04/2025,09:39:56,52008.85,52005.1,30,52008.85,120,0,798930
BANKNIFTY-II.NFO,01/04/2025,09:39:57,52008.85,52003.65,90,52008.85,120,0,798930
BANKNIFTY-II.NFO,01/04/2025,09:39:59,52008.85,52005.2,90,52008.85,120,0,798930
BANKNIFTY-II.NFO,01/04/2025,09:40:01,52008.85,52011,30,52020,60,120,798930
BANKNIFTY-II.NFO,01/04/2025,09:40:02,52025,52020.05,30,52034.95,30,90,798930
BANKNIFTY-II.NFO,01/04/2025,09:40:02,52025,52020.05,30,52034.95,30,0,798930
BANKNIFTY-II.NFO,01/04/2025,09:40:04,52025,52015.05,30,52029.3,60,0,798930
BANKNIFTY-II.NFO,01/04/2025,09:40:06,52028.4,52020.05,30,52032.6,30,60,798930
BANKNIFTY-II.NFO,01/04/2025,09:40:06,52028.4,52020.05,30,52032.6,30,0,798930
BANKNIFTY-II.NFO,01/04/2025,09:40:07,52032.65,52025.05,30,52040.05,60,30,798930
BANKNIFTY-II.NFO,01/04/2025,09:40:07,52032.65,52025.05,30,52040.05,60,0,798930
BANKNIFTY-II.NFO,01/04/2025,09:40:09,52032.65,52025.05,30,52040.4,60,0,798930
BANKNIFTY-II.NFO,01/04/2025,09:40:11,52032.65,52032.65,30,52044.7,30,0,798930
BANKNIFTY-II.NFO,01/04/2025,09:40:12,52032.65,52032.65,30,52043.1,60,0,798930
BANKNIFTY-II.NFO,01/04/2025,09:40:14,52032.65,52021,300,52033.45,60,30,798930
BANKNIFTY-II.NFO,01/04/2025,09:40:16,52032.65,52021,300,52032.75,30,0,798930
BANKNIFTY-II.NFO,01/04/2025,09:40:17,52032.65,52021,300,52026.6,30,0,798930
BANKNIFTY-II.NFO,01/04/2025,09:40:19,52032.65,52021,300,52028.9,60,0,798930
BANKNIFTY-II.NFO,01/04/2025,09:40:21,52032.65,52021,300,52031.75,30,0,798930
BANKNIFTY-II.NFO,01/04/2025,09:40:22,52032.65,52021,300,52032.6,30,0,798930
BANKNIFTY-II.NFO,01/04/2025,09:40:24,52032.65,52021,300,52029.5,30,0,798930
BANKNIFTY-II.NFO,01/04/2025,09:40:26,52021,52000,300,52016.95,30,300,798930
BANKNIFTY-II.NFO,01/04/2025,09:40:27,52021,52005.6,30,52024.75,30,0,798930
BANKNIFTY-II.NFO,01/04/2025,09:40:29,52021,52000.2,30,52019,60,0,798930
BANKNIFTY-II.NFO,01/04/2025,09:40:31,52021,52005.05,30,52019.65,30,0,798930
BANKNIFTY-II.NFO,01/04/2025,09:40:32,52020.8,52015.05,30,52026.65,30,300,798930
BANKNIFTY-II.NFO,01/04/2025,09:40:34,52020.8,52015.05,30,52027.6,60,0,798930
BANKNIFTY-II.NFO,01/04/2025,09:40:36,52015.05,52020.05,30,52032.5,30,30,798930
BANKNIFTY-II.NFO,01/04/2025,09:40:37,52027.85,52005.85,60,52026.85,30,30,798930
BANKNIFTY-II.NFO,01/04/2025,09:40:39,52024.75,52010.1,60,52024.75,30,30,798930
BANKNIFTY-II.NFO,01/04/2025,09:40:40,52027.95,52015.05,30,52024.65,120,30,798930
BANKNIFTY-II.NFO,01/04/2025,09:40:42,52027.95,52000.4,60,52020.9,60,0,798930
BANKNIFTY-II.NFO,01/04/2025,09:40:44,52027.95,52000,300,52012.15,60,0,798930
BANKNIFTY-II.NFO,01/04/2025,09:40:45,52027.95,52000,300,52003.85,60,0,798930
BANKNIFTY-II.NFO,01/04/2025,09:40:47,52027.95,52000,300,52005.95,60,0,798930
BANKNIFTY-II.NFO,01/04/2025,09:40:49,52027.95,52000,300,52006.8,60,0,798930
BANKNIFTY-II.NFO,01/04/2025,09:40:50,52000,52000,270,52005.65,60,30,798930
BANKNIFTY-II.NFO,01/04/2025,09:40:52,52000,52000,210,52010,60,60,798930
BANKNIFTY-II.NFO,01/04/2025,09:40:54,52000,52000.2,60,52014.45,60,0,798930
BANKNIFTY-II.NFO,01/04/2025,09:40:55,52020.4,52005.3,60,52026.6,60,30,798930
BANKNIFTY-II.NFO,01/04/2025,09:40:57,52020.4,52006.6,60,52024.95,30,0,798930
BANKNIFTY-II.NFO,01/04/2025,09:40:59,52020.4,52010.5,60,52026.65,30,0,798930
BANKNIFTY-II.NFO,01/04/2025,09:41:00,52020.4,52019.75,60,52026.65,30,0,798930
BANKNIFTY-II.NFO,01/04/2025,09:41:02,52026.65,52028,180,52032.65,90,30,798930
BANKNIFTY-II.NFO,01/04/2025,09:41:04,52026.65,52028,180,52032.65,90,0,798930
BANKNIFTY-II.NFO,01/04/2025,09:41:09,52026.65,52028,180,52032.05,60,0,798930
BANKNIFTY-II.NFO,01/04/2025,09:41:10,52026.65,52028,180,52032.45,60,0,798930
BANKNIFTY-II.NFO,01/04/2025,09:41:12,52032.65,52028,180,52032.65,60,30,798930
BANKNIFTY-II.NFO,01/04/2025,09:41:14,52032.65,52028,180,52032.65,60,0,798930
BANKNIFTY-II.NFO,01/04/2025,09:41:17,52032.65,52028.45,60,52032.65,90,0,798930
BANKNIFTY-II.NFO,01/04/2025,09:41:19,52032.65,52033.35,90,52049.85,60,120,798930
BANKNIFTY-II.NFO,01/04/2025,09:41:20,52032.65,52036.4,90,52050,90,0,798930
BANKNIFTY-II.NFO,01/04/2025,09:41:22,52032.65,52033,180,52041.95,60,0,798930
BANKNIFTY-II.NFO,01/04/2025,09:41:24,52032.65,52033,180,52034.35,60,0,798930
BANKNIFTY-II.NFO,01/04/2025,09:41:25,52032.65,52033,180,52039.9,60,0,798930
BANKNIFTY-II.NFO,01/04/2025,09:41:27,52028,52011.5,90,52027.9,60,360,798930
BANKNIFTY-II.NFO,01/04/2025,09:41:27,52033,52011.5,90,52027.9,60,0,798930
BANKNIFTY-II.NFO,01/04/2025,09:41:29,52012,52005.05,60,52019.95,60,30,798930
BANKNIFTY-II.NFO,01/04/2025,09:41:30,52012,52015.05,30,52025,30,0,798930
BANKNIFTY-II.NFO,01/04/2025,09:41:32,52012,52011,300,52016.6,30,0,798930
BANKNIFTY-II.NFO,01/04/2025,09:41:34,52014,51995.05,60,52011.2,30,330,798930
BANKNIFTY-II.NFO,01/04/2025,09:41:35,52014,52000.05,30,52012.5,60,0,798930
BANKNIFTY-II.NFO,01/04/2025,09:41:37,52013.2,51995.25,60,52014.1,30,30,798930
BANKNIFTY-II.NFO,01/04/2025,09:41:39,52013.2,52000.05,30,52011.85,30,0,798930
BANKNIFTY-II.NFO,01/04/2025,09:41:40,52013.2,51995.5,60,52012,30,0,798930
BANKNIFTY-II.NFO,01/04/2025,09:41:42,52013.2,52000.1,60,52012,30,0,798930
BANKNIFTY-II.NFO,01/04/2025,09:41:44,52013.2,52000.25,90,52012,30,0,798930
BANKNIFTY-II.NFO,01/04/2025,09:41:45,52013.2,51995.2,60,52010.85,30,0,798930
BANKNIFTY-II.NFO,01/04/2025,09:41:47,52013.2,51995.1,60,52009.95,30,0,798930
BANKNIFTY-II.NFO,01/04/2025,09:41:49,52013.2,52000,30,52011.35,30,0,798930
BANKNIFTY-II.NFO,01/04/2025,09:41:50,52013.2,52000.05,60,52009.95,30,0,798930
BANKNIFTY-II.NFO,01/04/2025,09:41:52,52013.2,52000.15,60,52012,30,0,798930
BANKNIFTY-II.NFO,01/04/2025,09:41:54,52013.2,52005.1,90,52012,30,0,798930
BANKNIFTY-II.NFO,01/04/2025,09:41:55,52012,52010.05,30,52022.8,30,30,798930
BANKNIFTY-II.NFO,01/04/2025,09:41:57,52012,52015.05,30,52030.65,30,0,798930
BANKNIFTY-II.NFO,01/04/2025,09:41:59,52015.1,52011.85,60,52015.1,30,90,798930
BANKNIFTY-II.NFO,01/04/2025,09:42:00,52020.3,52020.2,90,52039.4,60,150,798930
BANKNIFTY-II.NFO,01/04/2025,09:42:02,52039.25,52030.05,30,52040.95,30,120,798930
BANKNIFTY-II.NFO,01/04/2025,09:42:02,52039.25,52030.05,30,52040.95,30,0,798930
BANKNIFTY-II.NFO,01/04/2025,09:42:04,52030.1,52030.1,90,52046.45,30,30,798930
BANKNIFTY-II.NFO,01/04/2025,09:42:05,52030.1,52035.1,90,52049.95,30,0,798930
BANKNIFTY-II.NFO,01/04/2025,09:42:07,52030.1,52035.4,60,52050,120,0,798930
BANKNIFTY-II.NFO,01/04/2025,09:42:09,52030.1,52035.1,90,52049.95,30,0,798930
BANKNIFTY-II.NFO,01/04/2025,09:42:10,52030.1,52036.2,90,52050,150,0,798930
BANKNIFTY-II.NFO,01/04/2025,09:42:12,52030.1,52038.6,60,52050,150,0,798930
BANKNIFTY-II.NFO,01/04/2025,09:42:14,52030.1,52036.35,90,52050,150,0,798930
BANKNIFTY-II.NFO,01/04/2025,09:42:15,52030.1,52030.1,90,52049.7,60,0,798930
BANKNIFTY-II.NFO,01/04/2025,09:42:17,52030.1,52030.25,60,52049.9,60,0,798930
BANKNIFTY-II.NFO,01/04/2025,09:42:18,52030.1,52030.15,90,52044.95,30,0,798930
BANKNIFTY-II.NFO,01/04/2025,09:42:20,52044.95,52031.75,180,52044.95,30,30,798930
BANKNIFTY-II.NFO,01/04/2025,09:42:20,52044.95,52031.75,180,52044.95,30,0,798930
BANKNIFTY-II.NFO,01/04/2025,09:42:22,52044.95,52033.9,60,52044.95,30,0,798930
BANKNIFTY-II.NFO,01/04/2025,09:42:23,52044.95,52040.55,150,52050,150,0,798930
BANKNIFTY-II.NFO,01/04/2025,09:42:25,52044.95,52033.95,150,52049.95,30,0,798930
BANKNIFTY-II.NFO,01/04/2025,09:42:27,52044.95,52030.1,30,52044.9,60,0,798930
BANKNIFTY-II.NFO,01/04/2025,09:42:28,52044.95,52044.95,180,52050,150,120,798930
BANKNIFTY-II.NFO,01/04/2025,09:42:30,52044.95,52044.95,150,52050,150,30,798930
BANKNIFTY-II.NFO,01/04/2025,09:42:32,52044.95,52044.95,120,52050,150,30,798930
BANKNIFTY-II.NFO,01/04/2025,09:42:33,52044.95,52044.95,120,52050,150,0,798930
BANKNIFTY-II.NFO,01/04/2025,09:42:35,52044.95,52030.1,30,52039.8,60,420,798360
BANKNIFTY-II.NFO,01/04/2025,09:42:35,52050.1,52030.1,30,52039.8,60,0,798360
BANKNIFTY-II.NFO,01/04/2025,09:42:37,52044.95,52030.1,30,52039.95,30,0,798360
BANKNIFTY-II.NFO,01/04/2025,09:42:38,52044.95,52030.3,60,52044.95,30,0,798360
BANKNIFTY-II.NFO,01/04/2025,09:42:40,52044.95,52033.35,150,52044.95,30,0,798360
BANKNIFTY-II.NFO,01/04/2025,09:42:42,52044.95,52030.15,90,52044.95,30,0,798360
BANKNIFTY-II.NFO,01/04/2025,09:42:43,52044.95,52030.5,30,52044.95,30,30,798360
BANKNIFTY-II.NFO,01/04/2025,09:42:45,52044.95,52031.4,60,52044.95,30,0,798360
BANKNIFTY-II.NFO,01/04/2025,09:42:47,52044.95,52032.25,60,52044.95,30,0,798360
BANKNIFTY-II.NFO,01/04/2025,09:42:48,52044.95,52035,60,52049.95,30,0,798360
BANKNIFTY-II.NFO,01/04/2025,09:42:50,52044.95,52036.4,60,52049.95,30,0,798360
BANKNIFTY-II.NFO,01/04/2025,09:42:52,52044.95,52038.35,90,52049.95,30,0,798360
BANKNIFTY-II.NFO,01/04/2025,09:42:53,52050,52050,150,52057.2,60,150,798360
BANKNIFTY-II.NFO,01/04/2025,09:42:55,52050,52035.95,60,52049.95,30,150,798360
BANKNIFTY-II.NFO,01/04/2025,09:42:57,52050,52039,60,52059.1,60,0,798360
BANKNIFTY-II.NFO,01/04/2025,09:42:58,52050,52040.7,60,52054.95,30,0,798360
BANKNIFTY-II.NFO,01/04/2025,09:43:00,52049.95,52050,270,52063.55,60,30,798360
BANKNIFTY-II.NFO,01/04/2025,09:43:02,52049.95,52050,270,52057.5,30,0,798360
BANKNIFTY-II.NFO,01/04/2025,09:43:03,52049.95,52050,270,52058.9,60,0,798360
BANKNIFTY-II.NFO,01/04/2025,09:43:05,52049.95,52050,270,52063.35,60,0,798360
BANKNIFTY-II.NFO,01/04/2025,09:43:07,52063.35,52050.15,60,52064.9,60,30,798360
BANKNIFTY-II.NFO,01/04/2025,09:43:07,52063.35,52050.15,60,52064.9,60,0,798360
BANKNIFTY-II.NFO,01/04/2025,09:43:08,52063.35,52050.2,60,52063.9,30,0,798360
BANKNIFTY-II.NFO,01/04/2025,09:43:10,52063.35,52050.05,60,52064.9,60,0,798360
BANKNIFTY-II.NFO,01/04/2025,09:43:12,52063.35,52050,270,52060.55,60,0,798360
BANKNIFTY-II.NFO,01/04/2025,09:43:13,52063.35,52050,270,52058.4,60,0,798360
BANKNIFTY-II.NFO,01/04/2025,09:43:15,52050,52040.05,30,52050.5,60,270,798360
BANKNIFTY-II.NFO,01/04/2025,09:43:17,52050,52035.1,60,52050.65,60,0,798360
BANKNIFTY-II.NFO,01/04/2025,09:43:18,52050,52035.65,60,52054.05,60,0,798360
BANKNIFTY-II.NFO,01/04/2025,09:43:20,52050,52040.05,30,52055.4,60,0,798360
BANKNIFTY-II.NFO,01/04/2025,09:43:22,52050,52040.95,60,52061.9,60,0,798360
BANKNIFTY-II.NFO,01/04/2025,09:43:23,52050,52042.25,30,52062.55,60,0,798360
BANKNIFTY-II.NFO,01/04/2025,09:43:25,52050,52050,60,52058.45,60,0,798360
BANKNIFTY-II.NFO,01/04/2025,09:43:27,52050,52050,60,52056.9,60,0,798360
BANKNIFTY-II.NFO,01/04/2025,09:43:28,52050,52050,60,52054.65,60,60,798360
BANKNIFTY-II.NFO,01/04/2025,09:43:30,52050,52030.8,30,52049.8,60,60,798360
BANKNIFTY-II.NFO,01/04/2025,09:43:32,52050,52022.1,60,52040.2,60,0,798360
BANKNIFTY-II.NFO,01/04/2025,09:43:33,52050,52026.2,60,52044.7,60,0,798360
BANKNIFTY-II.NFO,01/04/2025,09:43:35,52050,52026,60,52042.7,60,0,798360
BANKNIFTY-II.NFO,01/04/2025,09:43:37,52050,52019.6,60,52034.95,30,0,798360
BANKNIFTY-II.NFO,01/04/2025,09:43:38,52050,52018,60,52035.2,60,0,798360
BANKNIFTY-II.NFO,01/04/2025,09:43:40,52050,52013.45,30,52029.8,60,0,798360
BANKNIFTY-II.NFO,01/04/2025,09:43:42,52050,52010.8,30,52028.4,60,0,798360
BANKNIFTY-II.NFO,01/04/2025,09:43:43,52012.3,52012.4,60,52030.35,60,30,798360
BANKNIFTY-II.NFO,01/04/2025,09:43:45,52012.3,52024.45,150,52044.95,30,0,798360
BANKNIFTY-II.NFO,01/04/2025,09:43:47,52012.3,52032.4,60,52051.9,60,0,798360
BANKNIFTY-II.NFO,01/04/2025,09:43:48,52012.3,52038.35,180,52054.95,30,0,798360
BANKNIFTY-II.NFO,01/04/2025,09:43:50,52043.05,52044.1,60,52059.95,30,60,798360
BANKNIFTY-II.NFO,01/04/2025,09:43:52,52043.05,52047.45,30,52064.95,30,0,798360
BANKNIFTY-II.NFO,01/04/2025,09:43:53,52043.05,52054.4,60,52064.95,30,0,798360
BANKNIFTY-II.NFO,01/04/2025,09:43:55,52043.05,52055.9,60,52064.95,30,0,798360
BANKNIFTY-II.NFO,01/04/2025,09:43:57,52043.05,52060.1,300,52073.95,30,0,798360
BANKNIFTY-II.NFO,01/04/2025,09:43:58,52043.05,52060.1,300,52073.15,60,0,798360
BANKNIFTY-II.NFO,01/04/2025,09:44:00,52043.05,52060.6,30,52074.95,60,0,798360
BANKNIFTY-II.NFO,01/04/2025,09:44:02,52043.05,52060.25,30,52069.95,30,0,798360
BANKNIFTY-II.NFO,01/04/2025,09:44:03,52060.1,52060.1,240,52069.95,30,60,798360
BANKNIFTY-II.NFO,01/04/2025,09:44:05,52060.1,52040.1,30,52057.45,60,240,798360
BANKNIFTY-II.NFO,01/04/2025,09:44:07,52038.55,52045.1,60,52061.9,90,240,798360
BANKNIFTY-II.NFO,01/04/2025,09:44:08,52038.55,52035.1,90,52052,90,0,798360
BANKNIFTY-II.NFO,01/04/2025,09:44:10,52038.55,52040.1,60,52056.85,60,0,798360
BANKNIFTY-II.NFO,01/04/2025,09:44:12,52038.55,52040.1,60,52056.9,90,0,798360
BANKNIFTY-II.NFO,01/04/2025,09:44:13,52064.35,52050.05,30,52064.25,60,30,798360
BANKNIFTY-II.NFO,01/04/2025,09:44:13,52064.35,52050.05,30,52064.25,60,0,798360
BANKNIFTY-II.NFO,01/04/2025,09:44:15,52064.35,52055.1,30,52067.95,30,0,798360
BANKNIFTY-II.NFO,01/04/2025,09:44:17,52064.35,52053.65,30,52067.95,30,0,798360
BANKNIFTY-II.NFO,01/04/2025,09:44:18,52064.35,52050.05,30,52067.7,60,0,798360
BANKNIFTY-II.NFO,01/04/2025,09:44:20,52064.35,52055.05,30,52069.4,90,0,798360
BANKNIFTY-II.NFO,01/04/2025,09:44:21,52064.35,52050.15,30,52066.45,90,0,798360
BANKNIFTY-II.NFO,01/04/2025,09:44:23,52064.35,52050.05,30,52064.65,90,0,798360
BANKNIFTY-II.NFO,01/04/2025,09:44:25,52064.35,52050.05,30,52062.8,90,0,798360
BANKNIFTY-II.NFO,01/04/2025,09:44:26,52064.35,52050.05,30,52063.85,60,0,798360
BANKNIFTY-II.NFO,01/04/2025,09:44:28,52063.75,52045.05,30,52060,90,60,798360
BANKNIFTY-II.NFO,01/04/2025,09:44:30,52063.75,52045.8,60,52063.95,90,0,798360
BANKNIFTY-II.NFO,01/04/2025,09:44:31,52063.75,52047.2,60,52064.35,60,0,798360
BANKNIFTY-II.NFO,01/04/2025,09:44:33,52063.75,52045.3,90,52062.8,60,0,798360
BANKNIFTY-II.NFO,01/04/2025,09:44:34,52063.75,52046.8,60,52062.9,60,0,798360
BANKNIFTY-II.NFO,01/04/2025,09:44:36,52063.75,52045.4,60,52062.95,30,0,798360
BANKNIFTY-II.NFO,01/04/2025,09:44:38,52063.75,52046.9,60,52063.9,60,0,798360
BANKNIFTY-II.NFO,01/04/2025,09:44:39,52063.75,52042.5,60,52059.95,60,0,798360
BANKNIFTY-II.NFO,01/04/2025,09:44:41,52063.75,52045.1,90,52059.95,30,0,798360
BANKNIFTY-II.NFO,01/04/2025,09:44:42,52063,52046.35,30,52064,30,30,798360
BANKNIFTY-II.NFO,01/04/2025,09:44:44,52063,52047.85,60,52064.95,30,0,798360
BANKNIFTY-II.NFO,01/04/2025,09:44:46,52063,52045.2,60,52064.05,60,0,798360
BANKNIFTY-II.NFO,01/04/2025,09:44:47,52063,52046.4,60,52064.8,60,0,798360
BANKNIFTY-II.NFO,01/04/2025,09:44:49,52063,52045.1,30,52062,90,0,798360
BANKNIFTY-II.NFO,01/04/2025,09:44:50,52063,52036.9,60,52057.9,60,0,798360
BANKNIFTY-II.NFO,01/04/2025,09:44:52,52063,52038.2,60,52054.6,90,0,798360
BANKNIFTY-II.NFO,01/04/2025,09:44:54,52063,52042.8,60,52064.1,60,0,798360
BANKNIFTY-II.NFO,01/04/2025,09:44:55,52063,52046.1,90,52064.7,60,0,798360
BANKNIFTY-II.NFO,01/04/2025,09:44:57,52047.1,52047.3,30,52064.8,60,30,798360
BANKNIFTY-II.NFO,01/04/2025,09:44:59,52047.1,52048.7,30,52064.95,30,0,798360
BANKNIFTY-II.NFO,01/04/2025,09:45:00,52047.1,52046.05,60,52064.7,90,0,798360
BANKNIFTY-II.NFO,01/04/2025,09:45:02,52047.1,52049.65,30,52064.95,30,0,798360
BANKNIFTY-II.NFO,01/04/2025,09:45:04,52049.95,52056.15,30,52074.9,60,30,798360
BANKNIFTY-II.NFO,01/04/2025,09:45:05,52049.95,52058.95,30,52074.95,30,0,798360
BANKNIFTY-II.NFO,01/04/2025,09:45:07,52049.95,52063.15,30,52079.8,60,0,798360
BANKNIFTY-II.NFO,01/04/2025,09:45:09,52049.95,52062.6,30,52079.9,60,0,798360
BANKNIFTY-II.NFO,01/04/2025,09:45:10,52049.95,52069.8,30,52088.8,60,0,798360
BANKNIFTY-II.NFO,01/04/2025,09:45:12,52049.95,52062.25,30,52079.95,60,0,798360
BANKNIFTY-II.NFO,01/04/2025,09:45:14,52049.95,52060.15,30,52074.9,30,0,798360
BANKNIFTY-II.NFO,01/04/2025,09:45:15,52049.95,52066,30,52080,30,0,798360
BANKNIFTY-II.NFO,01/04/2025,09:45:17,52072.25,52076.9,150,52090,60,150,798360
BANKNIFTY-II.NFO,01/04/2025,09:45:17,52080,52076.9,150,52090,60,0,798360
BANKNIFTY-II.NFO,01/04/2025,09:45:19,52072.25,52074.75,150,52089.95,30,0,798360
BANKNIFTY-II.NFO,01/04/2025,09:45:20,52072.25,52066.05,150,52084.95,30,0,798360
BANKNIFTY-II.NFO,01/04/2025,09:45:22,52072.25,52060.1,300,52069.7,60,0,798360
BANKNIFTY-II.NFO,01/04/2025,09:45:24,52072.25,52060.1,300,52065.25,90,0,798360
BANKNIFTY-II.NFO,01/04/2025,09:45:25,52072.25,52060.1,300,52068.2,60,0,798360
BANKNIFTY-II.NFO,01/04/2025,09:45:27,52072.25,52060.1,300,52069.9,60,0,798360
BANKNIFTY-II.NFO,01/04/2025,09:45:29,52072.25,52060.15,60,52074.9,60,0,798360
BANKNIFTY-II.NFO,01/04/2025,09:45:30,52072.25,52060.15,60,52074.95,60,0,798360
BANKNIFTY-II.NFO,01/04/2025,09:45:34,52072.25,52060.1,300,52074.9,90,0,798360
BANKNIFTY-II.NFO,01/04/2025,09:45:35,52072.25,52060.1,300,52067.45,90,0,798360
BANKNIFTY-II.NFO,01/04/2025,09:45:37,52060.1,52060.1,270,52069.05,90,30,797550
BANKNIFTY-II.NFO,01/04/2025,09:45:39,52060.1,52060.1,240,52064.9,60,30,797550
BANKNIFTY-II.NFO,01/04/2025,09:45:40,52060.1,52060.1,180,52061.75,90,60,797550
BANKNIFTY-II.NFO,01/04/2025,09:45:42,52060.1,52060.1,150,52061.8,60,30,797550
BANKNIFTY-II.NFO,01/04/2025,09:45:44,52060.1,52060.1,120,52064.25,60,30,797550
BANKNIFTY-II.NFO,01/04/2025,09:45:45,52060.1,52060.1,120,52063.8,90,0,797550
BANKNIFTY-II.NFO,01/04/2025,09:45:47,52060.1,52040.25,60,52054.95,30,120,797550
BANKNIFTY-II.NFO,01/04/2025,09:45:49,52060.1,52043.35,150,52059.95,30,0,797550
BANKNIFTY-II.NFO,01/04/2025,09:45:50,52060.1,52044.05,60,52059.95,30,0,797550
BANKNIFTY-II.NFO,01/04/2025,09:45:52,52060.1,52040.1,60,52058.8,60,0,797550
BANKNIFTY-II.NFO,01/04/2025,09:45:54,52060.1,52040.1,90,52059.85,60,0,797550
BANKNIFTY-II.NFO,01/04/2025,09:45:55,52060.1,52040.05,30,52056.4,60,0,797550
BANKNIFTY-II.NFO,01/04/2025,09:45:57,52060.1,52030.35,150,52050,60,0,797550
BANKNIFTY-II.NFO,01/04/2025,09:45:59,52060.1,52035.1,60,52050,60,0,797550
BANKNIFTY-II.NFO,01/04/2025,09:46:00,52060.1,52026.15,60,52047.9,60,0,797550
BANKNIFTY-II.NFO,01/04/2025,09:46:02,52060.1,52020.15,60,52041.4,90,0,797550
BANKNIFTY-II.NFO,01/04/2025,09:46:04,52060.1,52015.35,60,52037.6,60,0,797550
BANKNIFTY-II.NFO,01/04/2025,09:46:05,52060.1,52020.1,90,52038.1,90,0,797550
BANKNIFTY-II.NFO,01/04/2025,09:46:07,52060.1,52026.65,60,52045.75,90,0,797550
BANKNIFTY-II.NFO,01/04/2025,09:46:09,52060.1,52026.65,60,52044.9,60,0,797550
BANKNIFTY-II.NFO,01/04/2025,09:46:10,52060.1,52035.1,60,52049.95,30,0,797550
BANKNIFTY-II.NFO,01/04/2025,09:46:12,52060.1,52035.05,30,52049.5,60,0,797550
BANKNIFTY-II.NFO,01/04/2025,09:46:14,52060.1,52030.05,30,52047.75,90,0,797550
BANKNIFTY-II.NFO,01/04/2025,09:46:15,52060.1,52030.05,30,52045.1,90,0,797550
BANKNIFTY-II.NFO,01/04/2025,09:46:17,52060.1,52030.05,30,52040.75,90,0,797550
BANKNIFTY-II.NFO,01/04/2025,09:46:19,52060.1,52030.05,30,52043.2,60,0,797550
BANKNIFTY-II.NFO,01/04/2025,09:46:20,52060.1,52030.05,30,52041.7,60,0,797550
BANKNIFTY-II.NFO,01/04/2025,09:46:22,52060.1,52030.05,30,52044.15,90,0,797550
BANKNIFTY-II.NFO,01/04/2025,09:46:24,52060.1,52030.05,30,52043.4,90,0,797550
BANKNIFTY-II.NFO,01/04/2025,09:46:25,52060.1,52030.05,30,52039.5,60,0,797550
BANKNIFTY-II.NFO,01/04/2025,09:46:27,52060.1,52030.05,30,52040.9,90,0,797550
BANKNIFTY-II.NFO,01/04/2025,09:46:29,52060.1,52025.05,30,52039.8,90,0,797550
BANKNIFTY-II.NFO,01/04/2025,09:46:30,52060.1,52025.1,90,52042.1,60,0,797550
BANKNIFTY-II.NFO,01/04/2025,09:46:32,52060.1,52025.05,30,52040.6,90,0,797550
BANKNIFTY-II.NFO,01/04/2025,09:46:34,52060.1,52025.1,90,52044.8,90,0,797550
BANKNIFTY-II.NFO,01/04/2025,09:46:35,52060.1,52025.1,90,52042.4,90,0,797550
BANKNIFTY-II.NFO,01/04/2025,09:46:37,52060.1,52020.05,30,52033.25,60,0,797550
BANKNIFTY-II.NFO,01/04/2025,09:46:39,52060.1,52015.05,30,52031.3,60,0,797550
BANKNIFTY-II.NFO,01/04/2025,09:46:40,52060.1,52015.05,30,52031.5,90,0,797550
BANKNIFTY-II.NFO,01/04/2025,09:46:42,52060.1,52010.1,60,52026.9,150,0,797550
BANKNIFTY-II.NFO,01/04/2025,09:46:44,52060.1,52005.15,90,52026.3,60,0,797550
BANKNIFTY-II.NFO,01/04/2025,09:46:45,52060.1,52005.05,60,52024.8,60,0,797550
BANKNIFTY-II.NFO,01/04/2025,09:46:47,52060.1,52005.1,60,52024.6,60,0,797550
BANKNIFTY-II.NFO,01/04/2025,09:46:48,52060.1,52005.1,60,52024.85,60,0,797550
BANKNIFTY-II.NFO,01/04/2025,09:46:50,52060.1,52013.95,150,52034.9,60,0,797550
BANKNIFTY-II.NFO,01/04/2025,09:46:52,52060.1,52013.95,60,52030.8,30,0,797550
BANKNIFTY-II.NFO,01/04/2025,09:46:53,52060.1,52010.1,90,52028.85,60,0,797550
BANKNIFTY-II.NFO,01/04/2025,09:46:55,52060.1,52005.1,60,52024.95,30,0,797550
BANKNIFTY-II.NFO,01/04/2025,09:46:57,52060.1,52011.25,60,52033.65,60,0,797550
BANKNIFTY-II.NFO,01/04/2025,09:46:58,52060.1,52010.1,90,52029.1,90,0,797550
BANKNIFTY-II.NFO,01/04/2025,09:47:00,52060.1,52009.65,150,52015,60,0,797550
BANKNIFTY-II.NFO,01/04/2025,09:47:02,52060.1,52005.8,30,52015,60,0,797550
BANKNIFTY-II.NFO,01/04/2025,09:47:03,52015,52015.1,60,52034.7,60,90,797550
BANKNIFTY-II.NFO,01/04/2025,09:47:05,52034.7,52020.95,30,52042.75,60,30,797550
BANKNIFTY-II.NFO,01/04/2025,09:47:06,52034.7,52020.1,30,52038.15,60,0,797550
BANKNIFTY-II.NFO,01/04/2025,09:47:08,52034.7,52030.5,30,52049.05,60,0,797550
BANKNIFTY-II.NFO,01/04/2025,09:47:10,52034.7,52030.35,30,52049.85,60,0,797550
BANKNIFTY-II.NFO,01/04/2025,09:47:11,52034.7,52035.9,30,52050,30,0,797550
BANKNIFTY-II.NFO,01/04/2025,09:47:13,52035.05,52035.05,30,52049.7,60,120,797550
BANKNIFTY-II.NFO,01/04/2025,09:47:15,52035.05,52030.9,30,52049.7,90,0,797550
BANKNIFTY-II.NFO,01/04/2025,09:47:16,52035.05,52035.05,30,52049.9,60,0,797550
BANKNIFTY-II.NFO,01/04/2025,09:47:18,52035.05,52040.05,30,52049.95,30,0,797550
BANKNIFTY-II.NFO,01/04/2025,09:47:20,52035.05,52035.05,30,52049.05,90,0,797550
BANKNIFTY-II.NFO,01/04/2025,09:47:21,52035.05,52040.05,30,52049.95,30,0,797550
BANKNIFTY-II.NFO,01/04/2025,09:47:25,52037.55,52040.05,30,52049.95,30,90,797550
BANKNIFTY-II.NFO,01/04/2025,09:47:26,52037.55,52033.55,30,52049.9,60,0,797550
BANKNIFTY-II.NFO,01/04/2025,09:47:28,52037.55,52025.05,30,52044.4,90,0,797550
BANKNIFTY-II.NFO,01/04/2025,09:47:30,52037.55,52025.05,30,52041.2,90,0,797550
BANKNIFTY-II.NFO,01/04/2025,09:47:31,52037.55,52035.05,30,52049.8,90,0,797550
BANKNIFTY-II.NFO,01/04/2025,09:47:33,52037.55,52035.05,30,52049.9,60,0,797550
BANKNIFTY-II.NFO,01/04/2025,09:47:35,52037.55,52035.1,60,52049.95,30,0,797550
BANKNIFTY-II.NFO,01/04/2025,09:47:36,52037.55,52040.05,30,52049.95,30,0,797550
BANKNIFTY-II.NFO,01/04/2025,09:47:38,52037.55,52037.65,30,52049.95,30,0,797550
BANKNIFTY-II.NFO,01/04/2025,09:47:40,52037.55,52038.7,90,52049.95,30,0,797550
BANKNIFTY-II.NFO,01/04/2025,09:47:41,52037.55,52042.5,300,52049.95,30,0,797550
BANKNIFTY-II.NFO,01/04/2025,09:47:43,52037.55,52038.9,300,52049.95,30,0,797550
BANKNIFTY-II.NFO,01/04/2025,09:47:44,52050.1,52050.1,180,52061.7,60,120,797550
BANKNIFTY-II.NFO,01/04/2025,09:47:46,52050.1,52050.1,150,52064.55,90,30,797550
BANKNIFTY-II.NFO,01/04/2025,09:47:48,52050.25,52055.05,30,52072.6,60,30,797550
BANKNIFTY-II.NFO,01/04/2025,09:47:49,52050.25,52055.05,30,52071.2,90,0,797550
BANKNIFTY-II.NFO,01/04/2025,09:47:51,52055.05,52055.05,30,52072.2,90,30,797550
BANKNIFTY-II.NFO,01/04/2025,09:47:53,52055.05,52050.1,150,52069.9,60,30,797550
BANKNIFTY-II.NFO,01/04/2025,09:47:54,52055.05,52050.95,60,52072.15,60,0,797550
BANKNIFTY-II.NFO,01/04/2025,09:47:56,52055.05,52050.1,180,52069.9,120,0,797550
BANKNIFTY-II.NFO,01/04/2025,09:47:58,52055.05,52055.05,30,52069.9,150,0,797550
BANKNIFTY-II.NFO,01/04/2025,09:48:01,52055.05,52055.05,30,52069.9,150,30,797550
BANKNIFTY-II.NFO,01/04/2025,09:48:03,52055.1,52055.1,120,52068.8,150,30,797550
BANKNIFTY-II.NFO,01/04/2025,09:48:04,52055.1,52055.1,90,52068.8,150,30,797550
BANKNIFTY-II.NFO,01/04/2025,09:48:06,52055.1,52055.1,90,52070.8,60,0,797550
BANKNIFTY-II.NFO,01/04/2025,09:48:08,52055.1,52055.1,60,52067.65,30,30,797550
BANKNIFTY-II.NFO,01/04/2025,09:48:09,52055.1,52055.05,60,52069.15,90,60,797550
BANKNIFTY-II.NFO,01/04/2025,09:48:11,52055.05,52055.05,30,52070.3,60,30,797550
BANKNIFTY-II.NFO,01/04/2025,09:48:13,52055.05,52045.05,30,52063.5,60,0,797550
BANKNIFTY-II.NFO,01/04/2025,09:48:14,52055.05,52045.05,30,52059.9,60,0,797550
BANKNIFTY-II.NFO,01/04/2025,09:48:16,52055.05,52040.05,30,52056.9,60,0,797550
BANKNIFTY-II.NFO,01/04/2025,09:48:18,52055.05,52035.05,60,52054.4,60,0,797550
BANKNIFTY-II.NFO,01/04/2025,09:48:19,52055.05,52035.05,30,52052.8,90,0,797550
BANKNIFTY-II.NFO,01/04/2025,09:48:21,52055.05,52030.05,60,52049.45,60,0,797550
BANKNIFTY-II.NFO,01/04/2025,09:48:23,52055.05,52030.05,60,52049,30,0,797550
BANKNIFTY-II.NFO,01/04/2025,09:48:24,52059,52050.1,60,52069.7,60,30,797550
BANKNIFTY-II.NFO,01/04/2025,09:48:26,52059,52060.05,30,52074.4,60,0,797550
BANKNIFTY-II.NFO,01/04/2025,09:48:28,52059,52060.05,30,52072.9,90,0,797550
BANKNIFTY-II.NFO,01/04/2025,09:48:29,52061,52061,270,52074.8,90,30,797550
BANKNIFTY-II.NFO,01/04/2025,09:48:31,52061,52061,270,52073.2,90,0,797550
BANKNIFTY-II.NFO,01/04/2025,09:48:32,52061,52061,240,52073.65,60,30,797550
BANKNIFTY-II.NFO,01/04/2025,09:48:34,52061,52061,210,52072.35,60,30,797550
BANKNIFTY-II.NFO,01/04/2025,09:48:36,52061,52061,210,52071.3,90,0,797550
BANKNIFTY-II.NFO,01/04/2025,09:48:37,52061,52061,210,52062.4,60,0,797550
BANKNIFTY-II.NFO,01/04/2025,09:48:39,52061,52061,210,52062.5,90,0,797550
BANKNIFTY-II.NFO,01/04/2025,09:48:40,52061,52033.35,30,52050.8,60,210,797430
BANKNIFTY-II.NFO,01/04/2025,09:48:42,52030.6,52030.05,60,52046.3,60,90,797430
BANKNIFTY-II.NFO,01/04/2025,09:48:44,52042.3,52030.1,30,52050.85,60,30,797430
BANKNIFTY-II.NFO,01/04/2025,09:48:45,52042.3,52045.05,30,52061.95,60,0,797430
BANKNIFTY-II.NFO,01/04/2025,09:48:47,52042.3,52040.05,30,52058.25,60,0,797430
BANKNIFTY-II.NFO,01/04/2025,09:48:48,52042.3,52040.05,30,52056.85,60,0,797430
BANKNIFTY-II.NFO,01/04/2025,09:48:50,52042.3,52040.05,30,52058.6,60,0,797430
BANKNIFTY-II.NFO,01/04/2025,09:48:52,52042.3,52035.5,30,52054.9,60,0,797430
BANKNIFTY-II.NFO,01/04/2025,09:48:53,52042.3,52035.2,30,52054.25,90,0,797430
BANKNIFTY-II.NFO,01/04/2025,09:48:55,52040,52035.05,30,52054,60,30,797430
BANKNIFTY-II.NFO,01/04/2025,09:48:56,52025.4,52025.4,90,52049.8,60,30,797430
BANKNIFTY-II.NFO,01/04/2025,09:48:58,52025.4,52025.05,30,52044.8,60,0,797430
BANKNIFTY-II.NFO,01/04/2025,09:49:00,52025.3,52025.05,30,52039.95,30,30,797430
BANKNIFTY-II.NFO,01/04/2025,09:49:01,52025.1,52031.2,150,52052.2,60,30,797430
BANKNIFTY-II.NFO,01/04/2025,09:49:03,52025.1,52030.05,30,52049.6,60,0,797430
BANKNIFTY-II.NFO,01/04/2025,09:49:05,52025.1,52030.05,60,52049.9,60,0,797430
BANKNIFTY-II.NFO,01/04/2025,09:49:06,52025.1,52035.05,30,52051.65,90,0,797430
BANKNIFTY-II.NFO,01/04/2025,09:49:08,52025.1,52030.05,30,52046.95,60,0,797430
BANKNIFTY-II.NFO,01/04/2025,09:49:10,52025.1,52030.05,30,52042.3,60,0,797430
BANKNIFTY-II.NFO,01/04/2025,09:49:11,52025.1,52020.05,30,52037.3,60,0,797430
BANKNIFTY-II.NFO,01/04/2025,09:49:13,52025.1,52010.05,60,52028.95,90,0,797430
BANKNIFTY-II.NFO,01/04/2025,09:49:14,52025.1,52010.75,30,52027.25,30,0,797430
BANKNIFTY-II.NFO,01/04/2025,09:49:16,52025.1,52015.05,30,52025.95,30,0,797430
BANKNIFTY-II.NFO,01/04/2025,09:49:19,52025.1,52015.05,30,52025.85,30,0,797430
BANKNIFTY-II.NFO,01/04/2025,09:49:21,52025.1,52015.05,30,52025.75,30,0,797430
BANKNIFTY-II.NFO,01/04/2025,09:49:23,52015.05,52005.1,30,52020.35,30,30,797430
BANKNIFTY-II.NFO,01/04/2025,09:49:24,52015.05,52005.05,30,52019.75,30,0,797430
BANKNIFTY-II.NFO,01/04/2025,09:49:26,52010.05,52015.05,30,52027.05,30,30,797430
BANKNIFTY-II.NFO,01/04/2025,09:49:27,52010.05,52005.05,60,52022.75,30,0,797430
BANKNIFTY-II.NFO,01/04/2025,09:49:29,52010.05,52010.05,30,52021.95,30,0,797430
BANKNIFTY-II.NFO,01/04/2025,09:49:31,52011.6,52010.55,150,52029.6,60,30,797430
BANKNIFTY-II.NFO,01/04/2025,09:49:32,52011.6,52020.05,30,52034.2,90,0,797430
BANKNIFTY-II.NFO,01/04/2025,09:49:34,52011.6,52015.05,60,52033.3,90,0,797430
BANKNIFTY-II.NFO,01/04/2025,09:49:36,52011.6,52020.05,30,52033.6,60,0,797430
BANKNIFTY-II.NFO,01/04/2025,09:49:37,52011.6,52011.6,60,52032.1,60,0,797430
BANKNIFTY-II.NFO,01/04/2025,09:49:39,52011.6,52011.6,60,52029.9,120,0,797430
BANKNIFTY-II.NFO,01/04/2025,09:49:40,52011.6,52015.05,60,52032.95,60,0,797430
BANKNIFTY-II.NFO,01/04/2025,09:49:42,52011.6,52015.05,30,52031.45,60,0,797430
BANKNIFTY-II.NFO,01/04/2025,09:49:44,52011.6,52011.6,30,52024.75,90,0,797430
BANKNIFTY-II.NFO,01/04/2025,09:49:45,52011.6,52015.05,30,52027.4,90,0,797430
BANKNIFTY-II.NFO,01/04/2025,09:49:47,52027.2,52011.6,30,52025.9,90,30,797430
BANKNIFTY-II.NFO,01/04/2025,09:49:48,52027.2,52011.65,30,52029.65,60,0,797430
BANKNIFTY-II.NFO,01/04/2025,09:49:50,52027.2,52024.3,30,52043.3,60,0,797430
BANKNIFTY-II.NFO,01/04/2025,09:49:52,52027.2,52030.1,60,52049.9,90,0,797430
BANKNIFTY-II.NFO,01/04/2025,09:49:53,52027.2,52035.1,30,52053.6,60,0,797430
BANKNIFTY-II.NFO,01/04/2025,09:49:55,52027.2,52036.2,60,52054.5,60,0,797430
BANKNIFTY-II.NFO,01/04/2025,09:49:57,52035.05,52030.4,30,52049,60,30,797430
BANKNIFTY-II.NFO,01/04/2025,09:49:58,52035.05,52035.1,30,52053.25,60,0,797430
BANKNIFTY-II.NFO,01/04/2025,09:50:00,52035.05,52035.25,30,52049.9,60,0,797430
BANKNIFTY-II.NFO,01/04/2025,09:50:02,52035.05,52035.05,30,52049.8,60,0,797430
BANKNIFTY-II.NFO,01/04/2025,09:50:03,52035.05,52027.7,30,52044.9,60,0,797430
BANKNIFTY-II.NFO,01/04/2025,09:50:05,52035.05,52030.1,30,52044.95,30,0,797430
BANKNIFTY-II.NFO,01/04/2025,09:50:07,52035.05,52025.1,300,52039.85,60,0,797430
BANKNIFTY-II.NFO,01/04/2025,09:50:08,52035.05,52025.1,300,52034.5,90,0,797430
BANKNIFTY-II.NFO,01/04/2025,09:50:10,52035.05,52025.15,60,52045.75,90,0,797430
BANKNIFTY-II.NFO,01/04/2025,09:50:11,52035.05,52030.1,60,52048.95,90,0,797430
BANKNIFTY-II.NFO,01/04/2025,09:50:13,52035.05,52032,30,52049.9,60,0,797430
BANKNIFTY-II.NFO,01/04/2025,09:50:15,52035.05,52033.9,30,52049.9,60,0,797430
BANKNIFTY-II.NFO,01/04/2025,09:50:16,52035.05,52035.1,60,52054.3,60,0,797430
BANKNIFTY-II.NFO,01/04/2025,09:50:18,52054.95,52039.2,30,52059.5,60,30,797430
BANKNIFTY-II.NFO,01/04/2025,09:50:19,52054.95,52035.8,30,52054.75,60,0,797430
BANKNIFTY-II.NFO,01/04/2025,09:50:21,52054.95,52050,300,52053.25,90,0,797430
BANKNIFTY-II.NFO,01/04/2025,09:50:23,52050,52020.2,60,52036.2,30,300,797430
BANKNIFTY-II.NFO,01/04/2025,09:50:24,52050,52022.2,60,52034.8,30,0,797430
BANKNIFTY-II.NFO,01/04/2025,09:50:26,52025.1,52025.1,60,52044.2,90,30,797430
BANKNIFTY-II.NFO,01/04/2025,09:50:28,52025.1,52026.75,90,52044.85,60,0,797430
BANKNIFTY-II.NFO,01/04/2025,09:50:29,52025.1,52025.1,90,52043.8,90,0,797430
BANKNIFTY-II.NFO,01/04/2025,09:50:31,52025.1,52025.1,60,52042.4,60,0,797430
