Ticker,Date,Time,LTP,BuyPrice,BuyQty,SellPrice,SellQty,LTQ,OpenInterest
BANKNIFTY-II.NFO,06/09/2024,09:15:00,51910,51838.5,60,51920.25,60,120,177120
BANKNIFTY-II.NFO,06/09/2024,09:15:00,51910,51838.5,60,51920.25,60,0,177120
BANKNIFTY-II.NFO,06/09/2024,09:15:00,51910,51838.5,60,51920.25,60,0,177120
BANKNIFTY-II.NFO,06/09/2024,09:15:00,51900,51838.5,60,51920.25,60,0,177120
BANKNIFTY-II.NFO,06/09/2024,09:15:01,51900,51911,30,51924.6,60,0,177120
BANKNIFTY-II.NFO,06/09/2024,09:15:02,51929.65,51911.65,60,51939.95,150,120,177120
BANKNIFTY-II.NFO,06/09/2024,09:15:02,51929.65,51911.65,60,51939.95,150,0,177120
BANKNIFTY-II.NFO,06/09/2024,09:15:04,51922.15,51897.15,60,51925.35,150,210,177120
BANKNIFTY-II.NFO,06/09/2024,09:15:04,51890.6,51897.15,60,51925.35,150,0,177120
BANKNIFTY-II.NFO,06/09/2024,09:15:05,51917.2,51881.05,90,51917.1,30,195,177120
BANKNIFTY-II.NFO,06/09/2024,09:15:05,51883.7,51881.05,90,51917.1,30,0,177120
BANKNIFTY-II.NFO,06/09/2024,09:15:07,51880.05,51880.05,60,51911.65,15,45,177120
BANKNIFTY-II.NFO,06/09/2024,09:15:07,51880.05,51880.05,60,51911.65,15,0,177120
BANKNIFTY-II.NFO,06/09/2024,09:15:08,51915.4,51881.75,90,51918.35,30,330,177120
BANKNIFTY-II.NFO,06/09/2024,09:15:10,51922.15,51890.35,90,51920.55,60,30,177120
BANKNIFTY-II.NFO,06/09/2024,09:15:11,51922.15,51894.4,60,51914.1,150,30,177120
BANKNIFTY-II.NFO,06/09/2024,09:15:13,51881.95,51882,60,51914.65,60,330,177120
BANKNIFTY-II.NFO,06/09/2024,09:15:14,51900,51882.2,60,51914.6,30,75,177120
BANKNIFTY-II.NFO,06/09/2024,09:15:16,51900,51900.05,60,51921.2,30,0,177120
BANKNIFTY-II.NFO,06/09/2024,09:15:18,51900,51900,30,51918.45,150,0,177120
BANKNIFTY-II.NFO,06/09/2024,09:15:19,51900,51900.05,60,51914.65,15,0,177120
BANKNIFTY-II.NFO,06/09/2024,09:15:21,51900,51900,60,51914.65,15,0,177120
BANKNIFTY-II.NFO,06/09/2024,09:15:22,51923.95,51900.05,60,51916.45,105,30,177360
BANKNIFTY-II.NFO,06/09/2024,09:15:24,51919.4,51900,225,51912.2,60,60,177360
BANKNIFTY-II.NFO,06/09/2024,09:15:26,51919.4,51900.05,60,51919.85,45,0,177360
BANKNIFTY-II.NFO,06/09/2024,09:15:27,51919.25,51916.45,15,51922.7,45,15,177360
BANKNIFTY-II.NFO,06/09/2024,09:15:29,51924.4,51916.45,15,51935.05,165,45,177360
BANKNIFTY-II.NFO,06/09/2024,09:15:31,51916.45,51901.15,60,51931.45,150,45,177360
BANKNIFTY-II.NFO,06/09/2024,09:15:31,51935.05,51901.15,60,51931.45,150,0,177360
BANKNIFTY-II.NFO,06/09/2024,09:15:32,51931.55,51901.7,60,51935.4,30,120,177360
BANKNIFTY-II.NFO,06/09/2024,09:15:34,51930.2,51919.4,15,51925,30,15,177360
BANKNIFTY-II.NFO,06/09/2024,09:15:36,51900.05,51920,15,51920.45,30,45,177360
BANKNIFTY-II.NFO,06/09/2024,09:15:37,51919.45,51909,15,51922.6,30,270,177360
BANKNIFTY-II.NFO,06/09/2024,09:15:39,51920.45,51909,15,51917.05,90,15,177360
BANKNIFTY-II.NFO,06/09/2024,09:15:41,51900,51900,375,51909,285,105,177360
BANKNIFTY-II.NFO,06/09/2024,09:15:42,51910.2,51904.55,60,51915,300,60,177360
BANKNIFTY-II.NFO,06/09/2024,09:15:44,51914.45,51900.05,60,51914.6,300,105,177360
BANKNIFTY-II.NFO,06/09/2024,09:15:45,51914.45,51900.05,75,51914.6,300,0,177360
BANKNIFTY-II.NFO,06/09/2024,09:15:47,51914.45,51905,45,51914.6,300,0,177360
BANKNIFTY-II.NFO,06/09/2024,09:15:50,51914.45,51905.05,75,51914.6,300,0,177360
BANKNIFTY-II.NFO,06/09/2024,09:15:52,51914.45,51905.05,15,51914.6,300,0,177360
BANKNIFTY-II.NFO,06/09/2024,09:15:54,51914.6,51905,45,51914.8,45,75,177360
BANKNIFTY-II.NFO,06/09/2024,09:15:55,51914.55,51905,45,51914.8,45,15,177360
BANKNIFTY-II.NFO,06/09/2024,09:15:57,51914.55,51905,45,51915.2,30,0,177360
BANKNIFTY-II.NFO,06/09/2024,09:15:58,51914.55,51905,45,51915.25,300,0,177360
BANKNIFTY-II.NFO,06/09/2024,09:16:00,51905,51905,30,51913.4,150,15,177360
BANKNIFTY-II.NFO,06/09/2024,09:16:02,51900,51900,420,51907.45,30,195,177360
BANKNIFTY-II.NFO,06/09/2024,09:16:03,51900,51891.05,60,51901.8,60,420,177360
BANKNIFTY-II.NFO,06/09/2024,09:16:05,51896.7,51891,45,51897.2,75,30,177360
BANKNIFTY-II.NFO,06/09/2024,09:16:07,51895.85,51891,45,51901.95,15,180,177360
BANKNIFTY-II.NFO,06/09/2024,09:16:08,51895.85,51891,45,51905.05,15,0,177360
BANKNIFTY-II.NFO,06/09/2024,09:16:10,51894.45,51890,75,51894.9,300,450,177360
BANKNIFTY-II.NFO,06/09/2024,09:16:12,51894.9,51890,75,51895.85,15,15,177360
BANKNIFTY-II.NFO,06/09/2024,09:16:13,51894.9,51890,75,51895.05,300,0,177360
BANKNIFTY-II.NFO,06/09/2024,09:16:15,51895.05,51894.9,15,51895.85,15,270,177360
BANKNIFTY-II.NFO,06/09/2024,09:16:16,51895.85,51894.9,15,51895.85,75,15,177360
BANKNIFTY-II.NFO,06/09/2024,09:16:18,51894.9,51890,75,51896.45,105,15,177360
BANKNIFTY-II.NFO,06/09/2024,09:16:20,51893.35,51890,75,51895.45,45,195,177360
BANKNIFTY-II.NFO,06/09/2024,09:16:21,51890,51890,60,51896.2,15,15,177360
BANKNIFTY-II.NFO,06/09/2024,09:16:23,51890,51890,45,51896.55,45,15,177360
BANKNIFTY-II.NFO,06/09/2024,09:16:25,51890,51880,120,51890.75,135,45,177360
BANKNIFTY-II.NFO,06/09/2024,09:16:26,51880,51880,90,51886.75,45,210,177360
BANKNIFTY-II.NFO,06/09/2024,09:16:26,51880,51880,90,51886.75,45,0,177360
BANKNIFTY-II.NFO,06/09/2024,09:16:28,51887.55,51880,105,51884.45,135,15,177360
BANKNIFTY-II.NFO,06/09/2024,09:16:30,51880,51875.05,30,51880,30,105,177360
BANKNIFTY-II.NFO,06/09/2024,09:16:31,51886.6,51877.05,60,51881.3,15,465,177360
BANKNIFTY-II.NFO,06/09/2024,09:16:31,51875.05,51877.05,60,51881.3,15,0,177360
BANKNIFTY-II.NFO,06/09/2024,09:16:33,51880,51875.1,75,51881.2,300,30,177360
BANKNIFTY-II.NFO,06/09/2024,09:16:34,51880,51875.05,15,51881.2,300,0,177360
BANKNIFTY-II.NFO,06/09/2024,09:16:36,51880,51880,15,51881.2,300,0,177360
BANKNIFTY-II.NFO,06/09/2024,09:16:38,51880,51880,30,51881,60,15,177360
BANKNIFTY-II.NFO,06/09/2024,09:16:39,51880,51880,75,51880.8,75,15,177360
BANKNIFTY-II.NFO,06/09/2024,09:16:41,51880,51880,75,51880.35,60,0,177360
BANKNIFTY-II.NFO,06/09/2024,09:16:43,51880,51880,60,51881.2,300,15,177360
BANKNIFTY-II.NFO,06/09/2024,09:16:44,51880,51880,60,51881.2,300,0,177360
BANKNIFTY-II.NFO,06/09/2024,09:16:46,51881.2,51880,180,51881.25,60,15,177360
BANKNIFTY-II.NFO,06/09/2024,09:16:47,51881.2,51880,195,51882.75,300,0,177360
BANKNIFTY-II.NFO,06/09/2024,09:16:49,51880,51880,165,51882.5,300,105,177360
BANKNIFTY-II.NFO,06/09/2024,09:16:51,51880,51880,180,51882.15,300,0,177360
BANKNIFTY-II.NFO,06/09/2024,09:16:52,51882.3,51880,180,51882,60,45,177360
BANKNIFTY-II.NFO,06/09/2024,09:16:54,51880,51880,150,51882.5,60,30,177360
BANKNIFTY-II.NFO,06/09/2024,09:16:56,51871.2,51871.45,60,51882.5,60,285,177360
BANKNIFTY-II.NFO,06/09/2024,09:16:56,51871.2,51871.45,60,51882.5,60,0,177360
BANKNIFTY-II.NFO,06/09/2024,09:16:57,51871.2,51871.15,15,51878.4,15,0,177360
BANKNIFTY-II.NFO,06/09/2024,09:16:59,51877.65,51871.15,15,51877.55,30,30,177360
BANKNIFTY-II.NFO,06/09/2024,09:17:01,51871.15,51871,15,51871.15,45,15,177360
BANKNIFTY-II.NFO,06/09/2024,09:17:01,51871.15,51871,15,51871.15,45,0,177360
BANKNIFTY-II.NFO,06/09/2024,09:17:02,51870,51868,15,51869.05,45,105,177360
BANKNIFTY-II.NFO,06/09/2024,09:17:02,51870,51868,15,51869.05,45,0,177360
BANKNIFTY-II.NFO,06/09/2024,09:17:04,51868,51860.05,60,51871,90,15,177360
BANKNIFTY-II.NFO,06/09/2024,09:17:04,51868,51860.05,60,51871,90,0,177360
BANKNIFTY-II.NFO,06/09/2024,09:17:05,51871,51870,60,51871,45,30,177360
BANKNIFTY-II.NFO,06/09/2024,09:17:07,51870,51866,450,51866.5,315,60,177360
BANKNIFTY-II.NFO,06/09/2024,09:17:09,51866.1,51866,435,51866.15,285,30,177360
BANKNIFTY-II.NFO,06/09/2024,09:17:09,51866,51866,435,51866.15,285,0,177360
BANKNIFTY-II.NFO,06/09/2024,09:17:10,51866.1,51866,435,51866.15,300,0,177360
BANKNIFTY-II.NFO,06/09/2024,09:17:12,51866.15,51866,435,51866.15,285,30,177360
BANKNIFTY-II.NFO,06/09/2024,09:17:14,51866,51866,390,51869.4,240,75,177360
BANKNIFTY-II.NFO,06/09/2024,09:17:15,51866,51866,390,51869.4,300,0,177360
BANKNIFTY-II.NFO,06/09/2024,09:17:17,51866,51866,390,51869.4,315,0,177360
BANKNIFTY-II.NFO,06/09/2024,09:17:19,51874.2,51868.1,60,51879.5,270,360,177360
BANKNIFTY-II.NFO,06/09/2024,09:17:20,51874.2,51867.2,60,51874.2,300,0,177360
BANKNIFTY-II.NFO,06/09/2024,09:17:22,51874.2,51867.1,90,51874.8,300,0,177360
BANKNIFTY-II.NFO,06/09/2024,09:17:23,51877.2,51867.6,60,51877.2,285,15,177360
BANKNIFTY-II.NFO,06/09/2024,09:17:25,51877.2,51870.05,60,51877.2,300,0,177360
BANKNIFTY-II.NFO,06/09/2024,09:17:27,51877.2,51870,15,51877.15,15,0,177360
BANKNIFTY-II.NFO,06/09/2024,09:17:28,51877.2,51870,15,51877.2,300,0,177360
BANKNIFTY-II.NFO,06/09/2024,09:17:30,51877.2,51870,15,51877.9,15,15,177360
BANKNIFTY-II.NFO,06/09/2024,09:17:32,51877.2,51870,15,51878.2,15,0,177360
BANKNIFTY-II.NFO,06/09/2024,09:17:33,51877.45,51870,30,51877.5,300,15,177360
BANKNIFTY-II.NFO,06/09/2024,09:17:36,51877.45,51870,30,51875.5,75,0,177360
BANKNIFTY-II.NFO,06/09/2024,09:17:38,51875.25,51870,30,51876.15,30,15,177360
BANKNIFTY-II.NFO,06/09/2024,09:17:40,51875.25,51870.2,15,51876.75,30,0,177360
BANKNIFTY-II.NFO,06/09/2024,09:17:41,51877.15,51870.2,15,51876.8,15,15,177360
BANKNIFTY-II.NFO,06/09/2024,09:17:43,51877.15,51870.2,15,51877.5,300,0,177360
BANKNIFTY-II.NFO,06/09/2024,09:17:45,51871,51870,15,51871.35,15,30,177360
BANKNIFTY-II.NFO,06/09/2024,09:17:46,51871.85,51870,255,51872.25,15,15,177360
BANKNIFTY-II.NFO,06/09/2024,09:17:48,51871.85,51870,255,51872,15,0,177360
BANKNIFTY-II.NFO,06/09/2024,09:17:50,51872.7,51871,30,51872.85,300,75,177360
BANKNIFTY-II.NFO,06/09/2024,09:17:51,51872.7,51870,270,51872.85,300,0,177360
BANKNIFTY-II.NFO,06/09/2024,09:17:53,51872.85,51871,30,51874.75,300,60,177360
BANKNIFTY-II.NFO,06/09/2024,09:17:54,51872.85,51872.7,45,51873.25,300,0,177360
BANKNIFTY-II.NFO,06/09/2024,09:17:56,51873.4,51875,30,51875.25,300,30,177360
BANKNIFTY-II.NFO,06/09/2024,09:17:58,51875.25,51874.05,60,51879,300,15,177360
BANKNIFTY-II.NFO,06/09/2024,09:17:59,51875.25,51872.75,60,51875.7,300,0,177360
BANKNIFTY-II.NFO,06/09/2024,09:18:01,51875.4,51872.7,60,51876.8,300,75,177360
BANKNIFTY-II.NFO,06/09/2024,09:18:02,51875.4,51872.7,75,51876.05,300,0,177360
BANKNIFTY-II.NFO,06/09/2024,09:18:04,51876.05,51875,15,51876.85,300,90,177360
BANKNIFTY-II.NFO,06/09/2024,09:18:06,51876.85,51875,15,51876.85,15,60,177360
BANKNIFTY-II.NFO,06/09/2024,09:18:07,51877.35,51875,15,51876.55,15,45,177360
BANKNIFTY-II.NFO,06/09/2024,09:18:09,51877.35,51875,15,51877.4,300,0,177360
BANKNIFTY-II.NFO,06/09/2024,09:18:12,51877.95,51875.25,15,51878.1,300,75,177360
BANKNIFTY-II.NFO,06/09/2024,09:18:14,51877.95,51875.25,15,51878.1,300,0,177360
BANKNIFTY-II.NFO,06/09/2024,09:18:17,51877.95,51877,15,51878.1,300,0,177360
BANKNIFTY-II.NFO,06/09/2024,09:18:19,51877,51875.25,15,51878.1,345,15,177360
BANKNIFTY-II.NFO,06/09/2024,09:18:20,51877,51875.25,15,51877.8,75,0,177360
BANKNIFTY-II.NFO,06/09/2024,09:18:22,51877.8,51873.4,75,51878.1,300,75,176595
BANKNIFTY-II.NFO,06/09/2024,09:18:24,51877.8,51873.4,75,51878.1,300,0,176595
BANKNIFTY-II.NFO,06/09/2024,09:18:25,51878.1,51873.4,75,51878.25,300,15,176595
BANKNIFTY-II.NFO,06/09/2024,09:18:27,51876,51873.4,75,51875.4,75,30,176595
BANKNIFTY-II.NFO,06/09/2024,09:18:29,51875.65,51873.4,45,51876.45,75,60,176595
BANKNIFTY-II.NFO,06/09/2024,09:18:30,51875.65,51873.4,45,51878.25,300,0,176595
BANKNIFTY-II.NFO,06/09/2024,09:18:32,51875.65,51873.4,45,51877,75,0,176595
BANKNIFTY-II.NFO,06/09/2024,09:18:34,51875.65,51873.4,45,51878.15,90,0,176595
BANKNIFTY-II.NFO,06/09/2024,09:18:35,51875.65,51873.4,45,51878.25,300,0,176595
BANKNIFTY-II.NFO,06/09/2024,09:18:37,51875.65,51875.65,15,51878.25,300,0,176595
BANKNIFTY-II.NFO,06/09/2024,09:18:39,51875.65,51873.4,45,51875.75,15,15,176595
BANKNIFTY-II.NFO,06/09/2024,09:18:40,51872.7,51870,300,51872.6,15,75,176595
BANKNIFTY-II.NFO,06/09/2024,09:18:42,51870,51870,330,51873.05,75,15,176595
BANKNIFTY-II.NFO,06/09/2024,09:18:44,51875.95,51870,405,51875.4,75,30,176595
BANKNIFTY-II.NFO,06/09/2024,09:18:45,51875.95,51870,405,51876,75,0,176595
BANKNIFTY-II.NFO,06/09/2024,09:18:47,51875.95,51872.7,15,51873.65,75,0,176595
BANKNIFTY-II.NFO,06/09/2024,09:18:49,51872.7,51870,405,51872.4,75,15,176595
BANKNIFTY-II.NFO,06/09/2024,09:18:50,51872.7,51870,405,51872.7,30,0,176595
BANKNIFTY-II.NFO,06/09/2024,09:18:54,51870,51870,360,51870.2,150,75,176595
BANKNIFTY-II.NFO,06/09/2024,09:18:55,51870,51870,135,51870.7,30,180,176595
BANKNIFTY-II.NFO,06/09/2024,09:18:57,51870,51867.35,15,51870.7,30,135,176595
BANKNIFTY-II.NFO,06/09/2024,09:18:59,51870.7,51867.35,15,51870.7,15,15,176595
BANKNIFTY-II.NFO,06/09/2024,09:19:00,51870.7,51870,15,51870.7,15,0,176595
BANKNIFTY-II.NFO,06/09/2024,09:19:04,51866.15,51866,345,51866.15,270,105,176595
BANKNIFTY-II.NFO,06/09/2024,09:19:05,51866.15,51866,345,51866.15,270,0,176595
BANKNIFTY-II.NFO,06/09/2024,09:19:09,51866.15,51866,345,51866.15,225,90,176595
BANKNIFTY-II.NFO,06/09/2024,09:19:10,51866.15,51866,345,51866.15,225,0,176595
BANKNIFTY-II.NFO,06/09/2024,09:19:12,51866,51866,330,51866.15,195,30,176595
BANKNIFTY-II.NFO,06/09/2024,09:19:14,51860,51860,60,51864.05,15,390,176595
BANKNIFTY-II.NFO,06/09/2024,09:19:14,51860,51860,60,51864.05,15,0,176595
BANKNIFTY-II.NFO,06/09/2024,09:19:15,51862.6,51855.05,60,51863,15,285,176595
BANKNIFTY-II.NFO,06/09/2024,09:19:15,51859.45,51855.05,60,51863,15,0,176595
BANKNIFTY-II.NFO,06/09/2024,09:19:17,51862.6,51855,60,51860.65,15,0,176595
BANKNIFTY-II.NFO,06/09/2024,09:19:19,51855,51854.1,15,51856.75,15,60,176595
BANKNIFTY-II.NFO,06/09/2024,09:19:19,51855,51854.1,15,51856.75,15,0,176595
BANKNIFTY-II.NFO,06/09/2024,09:19:21,51852,51852,45,51856.7,15,30,176595
BANKNIFTY-II.NFO,06/09/2024,09:19:21,51852,51852,45,51856.7,15,0,176595
BANKNIFTY-II.NFO,06/09/2024,09:19:22,51857,51852.05,60,51862.6,15,15,176595
BANKNIFTY-II.NFO,06/09/2024,09:19:24,51857,51852,45,51861.05,30,0,176595
BANKNIFTY-II.NFO,06/09/2024,09:19:26,51857,51852,45,51859.1,105,0,176595
BANKNIFTY-II.NFO,06/09/2024,09:19:27,51850,51850.05,60,51858.65,15,240,176595
BANKNIFTY-II.NFO,06/09/2024,09:19:27,51850,51850.05,60,51858.65,15,0,176595
BANKNIFTY-II.NFO,06/09/2024,09:19:29,51855.4,51850,195,51856.25,15,30,176595
BANKNIFTY-II.NFO,06/09/2024,09:19:31,51856.7,51850,195,51856.6,15,15,176595
BANKNIFTY-II.NFO,06/09/2024,09:19:32,51850,51850,180,51850.65,30,15,176595
BANKNIFTY-II.NFO,06/09/2024,09:19:34,51850,51850,150,51853.95,15,30,176595
BANKNIFTY-II.NFO,06/09/2024,09:19:36,51850,51848,525,51850.3,240,150,176595
BANKNIFTY-II.NFO,06/09/2024,09:19:37,51850,51848,525,51850,150,0,176595
BANKNIFTY-II.NFO,06/09/2024,09:19:39,51850,51848.05,60,51850,150,0,176595
BANKNIFTY-II.NFO,06/09/2024,09:19:41,51850,51848.05,75,51850,150,0,176595
BANKNIFTY-II.NFO,06/09/2024,09:19:42,51850,51848,525,51850,135,15,176595
BANKNIFTY-II.NFO,06/09/2024,09:19:44,51850,51848,525,51848.15,300,0,176595
BANKNIFTY-II.NFO,06/09/2024,09:19:49,51848.15,51848,525,51848.15,255,45,176595
BANKNIFTY-II.NFO,06/09/2024,09:19:49,51848.15,51848,525,51848.15,255,0,176595
BANKNIFTY-II.NFO,06/09/2024,09:19:51,51848.15,51848,525,51848.15,255,0,176595
BANKNIFTY-II.NFO,06/09/2024,09:19:53,51848.15,51848,525,51848.15,285,15,176595
BANKNIFTY-II.NFO,06/09/2024,09:19:54,51848.15,51848,525,51849.3,300,0,176595
BANKNIFTY-II.NFO,06/09/2024,09:19:56,51848.15,51848,525,51848.35,315,0,176595
BANKNIFTY-II.NFO,06/09/2024,09:19:57,51848.15,51848,525,51848.15,315,0,176595
BANKNIFTY-II.NFO,06/09/2024,09:20:01,51848.15,51848,525,51848.15,15,0,176595
BANKNIFTY-II.NFO,06/09/2024,09:20:02,51844,51840,15,51845,30,540,176595
BANKNIFTY-II.NFO,06/09/2024,09:20:02,51844,51840,15,51845,30,0,176595
BANKNIFTY-II.NFO,06/09/2024,09:20:04,51840,51840,15,51842.95,45,15,176595
BANKNIFTY-II.NFO,06/09/2024,09:20:04,51840,51840,15,51842.95,45,0,176595
BANKNIFTY-II.NFO,06/09/2024,09:20:06,51840,51835,15,51839,30,15,176595
BANKNIFTY-II.NFO,06/09/2024,09:20:07,51842,51835,15,51838.35,30,15,176595
BANKNIFTY-II.NFO,06/09/2024,09:20:09,51835,51830,60,51836.65,30,30,176595
BANKNIFTY-II.NFO,06/09/2024,09:20:09,51835,51830,60,51836.65,30,0,176595
BANKNIFTY-II.NFO,06/09/2024,09:20:11,51835,51830,60,51833.65,150,0,176595
BANKNIFTY-II.NFO,06/09/2024,09:20:12,51835,51830,45,51837.35,15,30,176595
BANKNIFTY-II.NFO,06/09/2024,09:20:12,51830,51830,45,51837.35,15,0,176595
BANKNIFTY-II.NFO,06/09/2024,09:20:14,51830.05,51830,45,51832.75,15,15,176595
BANKNIFTY-II.NFO,06/09/2024,09:20:16,51830.05,51830,45,51834.55,15,0,176595
BANKNIFTY-II.NFO,06/09/2024,09:20:17,51839.75,51830.05,75,51839,30,30,176595
BANKNIFTY-II.NFO,06/09/2024,09:20:19,51839.75,51830.05,75,51840,15,0,176595
BANKNIFTY-II.NFO,06/09/2024,09:20:20,51830.1,51833.65,60,51840,15,15,176595
BANKNIFTY-II.NFO,06/09/2024,09:20:22,51830.1,51833.85,60,51840,15,0,176595
BANKNIFTY-II.NFO,06/09/2024,09:20:24,51830.1,51830,60,51837.2,15,0,176595
BANKNIFTY-II.NFO,06/09/2024,09:20:25,51830,51830,30,51835.15,15,15,176595
BANKNIFTY-II.NFO,06/09/2024,09:20:27,51830,51830.1,15,51835.15,15,0,176595
BANKNIFTY-II.NFO,06/09/2024,09:20:29,51830.1,51830.1,195,51837.05,60,75,176595
BANKNIFTY-II.NFO,06/09/2024,09:20:30,51830.1,51830.1,195,51837.65,15,0,176595
BANKNIFTY-II.NFO,06/09/2024,09:20:32,51830.1,51830,30,51833.35,120,195,176595
BANKNIFTY-II.NFO,06/09/2024,09:20:34,51830.7,51830,60,51833.8,120,60,176595
BANKNIFTY-II.NFO,06/09/2024,09:20:35,51832.2,51830.05,60,51833.7,120,15,176595
BANKNIFTY-II.NFO,06/09/2024,09:20:37,51832.75,51834.7,60,51840,15,105,176595
BANKNIFTY-II.NFO,06/09/2024,09:20:39,51832.75,51834.7,60,51840,15,0,176595
BANKNIFTY-II.NFO,06/09/2024,09:20:40,51834.7,51834.55,45,51840,15,15,176595
BANKNIFTY-II.NFO,06/09/2024,09:20:42,51840,51834.7,60,51840.2,120,15,176595
BANKNIFTY-II.NFO,06/09/2024,09:20:44,51840,51835.15,45,51843.15,120,0,176595
BANKNIFTY-II.NFO,06/09/2024,09:20:45,51840,51836.75,45,51842.6,120,0,176595
BANKNIFTY-II.NFO,06/09/2024,09:20:47,51840,51839.05,45,51845.7,120,0,176595
BANKNIFTY-II.NFO,06/09/2024,09:20:49,51839,51838.7,15,51845.55,120,75,176595
BANKNIFTY-II.NFO,06/09/2024,09:20:50,51839,51840,45,51847.15,120,0,176595
BANKNIFTY-II.NFO,06/09/2024,09:20:52,51845,51840,15,51845.25,120,30,176595
BANKNIFTY-II.NFO,06/09/2024,09:20:54,51837.25,51837.25,30,51847.4,120,45,176595
BANKNIFTY-II.NFO,06/09/2024,09:20:55,51837.25,51837.15,60,51846.35,120,0,176595
BANKNIFTY-II.NFO,06/09/2024,09:20:57,51837.25,51837.25,15,51844,60,0,176595
BANKNIFTY-II.NFO,06/09/2024,09:21:00,51837.25,51837.25,15,51842.65,90,0,176595
BANKNIFTY-II.NFO,06/09/2024,09:21:02,51844,51830.75,60,51844,45,45,176595
BANKNIFTY-II.NFO,06/09/2024,09:21:04,51844,51837.25,75,51844,30,0,176595
BANKNIFTY-II.NFO,06/09/2024,09:21:05,51844,51837.25,75,51844,45,0,176595
BANKNIFTY-II.NFO,06/09/2024,09:21:07,51844,51837.25,165,51844,30,0,176595
BANKNIFTY-II.NFO,06/09/2024,09:21:09,51844,51837.25,165,51844.7,225,105,176595
BANKNIFTY-II.NFO,06/09/2024,09:21:10,51844.4,51840.9,60,51848.65,210,90,176595
BANKNIFTY-II.NFO,06/09/2024,09:21:12,51844.4,51838.95,60,51848.9,300,0,176595
BANKNIFTY-II.NFO,06/09/2024,09:21:14,51844.4,51842.4,60,51848.95,300,0,176595
BANKNIFTY-II.NFO,06/09/2024,09:21:15,51844.4,51846,90,51850,15,0,176595
BANKNIFTY-II.NFO,06/09/2024,09:21:17,51850,51850,15,51855.05,300,15,176595
BANKNIFTY-II.NFO,06/09/2024,09:21:19,51850,51850,15,51853.2,300,0,176595
BANKNIFTY-II.NFO,06/09/2024,09:21:20,51850,51850,15,51852.3,60,0,176595
BANKNIFTY-II.NFO,06/09/2024,09:21:22,51852.35,51850,15,51853.7,45,90,177480
BANKNIFTY-II.NFO,06/09/2024,09:21:24,51852.35,51850,15,51852.5,15,0,177480
BANKNIFTY-II.NFO,06/09/2024,09:21:25,51852.35,51850,15,51852.4,300,0,177480
BANKNIFTY-II.NFO,06/09/2024,09:21:27,51852.35,51850,15,51852.35,45,0,177480
BANKNIFTY-II.NFO,06/09/2024,09:21:29,51852.35,51850,15,51852.4,345,0,177480
BANKNIFTY-II.NFO,06/09/2024,09:21:30,51842.05,51843.7,60,51853.4,45,45,177480
BANKNIFTY-II.NFO,06/09/2024,09:21:32,51852.35,51843.7,60,51850,15,15,177480
BANKNIFTY-II.NFO,06/09/2024,09:21:34,51852.35,51842,15,51850,15,0,177480
BANKNIFTY-II.NFO,06/09/2024,09:21:35,51852.35,51842.3,60,51850,15,0,177480
BANKNIFTY-II.NFO,06/09/2024,09:21:37,51850,51843.4,60,51852.75,30,15,177480
BANKNIFTY-II.NFO,06/09/2024,09:21:39,51850,51847.5,60,51856.95,30,0,177480
BANKNIFTY-II.NFO,06/09/2024,09:21:40,51850,51848.55,60,51857.15,30,0,177480
BANKNIFTY-II.NFO,06/09/2024,09:21:42,51850,51847.35,60,51856.85,30,0,177480
BANKNIFTY-II.NFO,06/09/2024,09:21:44,51857.15,51849,60,51856.95,300,30,177480
BANKNIFTY-II.NFO,06/09/2024,09:21:45,51857.15,51845.9,60,51855.2,300,0,177480
BANKNIFTY-II.NFO,06/09/2024,09:21:47,51857.15,51842.4,60,51853.3,315,0,177480
BANKNIFTY-II.NFO,06/09/2024,09:21:49,51857.15,51842,15,51852.4,300,0,177480
BANKNIFTY-II.NFO,06/09/2024,09:21:50,51857.15,51842,15,51853.55,315,0,177480
BANKNIFTY-II.NFO,06/09/2024,09:21:52,51851.15,51845.7,60,51853.6,285,15,177480
BANKNIFTY-II.NFO,06/09/2024,09:21:54,51851.15,51850,15,51855.9,300,0,177480
BANKNIFTY-II.NFO,06/09/2024,09:21:55,51851.15,51851.15,60,51861.9,300,0,177480
BANKNIFTY-II.NFO,06/09/2024,09:21:57,51850.1,51850,15,51856.35,300,45,177480
BANKNIFTY-II.NFO,06/09/2024,09:21:59,51850.1,51850,15,51856.9,300,0,177480
BANKNIFTY-II.NFO,06/09/2024,09:22:00,51856.9,51850,15,51856.65,300,45,177480
BANKNIFTY-II.NFO,06/09/2024,09:22:02,51856.9,51850.1,30,51857.75,300,0,177480
BANKNIFTY-II.NFO,06/09/2024,09:22:04,51856.9,51850.15,30,51859.9,300,0,177480
BANKNIFTY-II.NFO,06/09/2024,09:22:05,51856.9,51851.1,15,51863.3,300,0,177480
BANKNIFTY-II.NFO,06/09/2024,09:22:07,51856.9,51856.9,45,51859,300,0,177480
BANKNIFTY-II.NFO,06/09/2024,09:22:09,51856.9,51850.1,45,51856.85,315,45,177480
BANKNIFTY-II.NFO,06/09/2024,09:22:10,51856.9,51852,15,51861.05,270,30,177480
BANKNIFTY-II.NFO,06/09/2024,09:22:12,51856.9,51852,30,51859.75,300,0,177480
BANKNIFTY-II.NFO,06/09/2024,09:22:14,51856.9,51852,30,51858.45,300,0,177480
BANKNIFTY-II.NFO,06/09/2024,09:22:15,51856.9,51852,30,51860.95,150,0,177480
BANKNIFTY-II.NFO,06/09/2024,09:22:17,51856.9,51852,30,51857.6,300,0,177480
BANKNIFTY-II.NFO,06/09/2024,09:22:19,51856.9,51852,30,51858.1,300,0,177480
BANKNIFTY-II.NFO,06/09/2024,09:22:20,51856.9,51852,30,51856.9,300,0,177480
BANKNIFTY-II.NFO,06/09/2024,09:22:22,51856.9,51852,30,51855.75,150,0,177480
BANKNIFTY-II.NFO,06/09/2024,09:22:24,51856.9,51852,30,51856.55,15,0,177480
BANKNIFTY-II.NFO,06/09/2024,09:22:25,51856.9,51852,30,51856.65,150,0,177480
BANKNIFTY-II.NFO,06/09/2024,09:22:27,51856.9,51852,30,51855.85,150,0,177480
BANKNIFTY-II.NFO,06/09/2024,09:22:29,51856.9,51852,30,51856.75,30,0,177480
BANKNIFTY-II.NFO,06/09/2024,09:22:30,51856.9,51852,30,51855.8,15,0,177480
BANKNIFTY-II.NFO,06/09/2024,09:22:32,51856.9,51852,30,51854.8,15,0,177480
BANKNIFTY-II.NFO,06/09/2024,09:22:34,51852,51852,15,51860.35,300,15,177480
BANKNIFTY-II.NFO,06/09/2024,09:22:35,51860.4,51852,15,51860.7,270,30,177480
BANKNIFTY-II.NFO,06/09/2024,09:22:37,51860.4,51852.05,75,51861,300,0,177480
BANKNIFTY-II.NFO,06/09/2024,09:22:39,51860.4,51856,15,51863.6,300,0,177480
BANKNIFTY-II.NFO,06/09/2024,09:22:40,51860.4,51856,30,51865.2,300,0,177480
BANKNIFTY-II.NFO,06/09/2024,09:22:42,51860.4,51856,30,51860.4,15,0,177480
BANKNIFTY-II.NFO,06/09/2024,09:22:44,51856,51855.55,60,51860.4,15,15,177480
BANKNIFTY-II.NFO,06/09/2024,09:22:45,51860.4,51854.6,60,51866.05,300,15,177480
BANKNIFTY-II.NFO,06/09/2024,09:22:47,51860.4,51851.9,75,51866.3,345,0,177480
BANKNIFTY-II.NFO,06/09/2024,09:22:49,51860.4,51860.4,30,51865.7,345,0,177480
BANKNIFTY-II.NFO,06/09/2024,09:22:50,51864.2,51860.4,30,51864,150,15,177480
BANKNIFTY-II.NFO,06/09/2024,09:22:52,51864.2,51860.4,30,51862.95,150,0,177480
BANKNIFTY-II.NFO,06/09/2024,09:22:54,51863.2,51856,30,51863.85,270,30,177480
BANKNIFTY-II.NFO,06/09/2024,09:22:55,51863.2,51856,30,51864.65,300,0,177480
BANKNIFTY-II.NFO,06/09/2024,09:22:57,51863.2,51863.2,15,51865,60,0,177480
BANKNIFTY-II.NFO,06/09/2024,09:22:59,51865,51863.2,15,51865,45,15,177480
BANKNIFTY-II.NFO,06/09/2024,09:23:00,51865,51863.2,15,51865,45,0,177480
BANKNIFTY-II.NFO,06/09/2024,09:23:04,51865,51859.15,60,51865,30,15,177480
BANKNIFTY-II.NFO,06/09/2024,09:23:05,51865,51859.1,60,51865,30,0,177480
BANKNIFTY-II.NFO,06/09/2024,09:23:07,51865,51856.05,60,51865,30,0,177480
BANKNIFTY-II.NFO,06/09/2024,09:23:09,51865,51856,30,51865,30,0,177480
BANKNIFTY-II.NFO,06/09/2024,09:23:10,51863.85,51856,30,51863.9,285,15,177480
BANKNIFTY-II.NFO,06/09/2024,09:23:12,51863.85,51856,30,51863.9,285,0,177480
BANKNIFTY-II.NFO,06/09/2024,09:23:14,51863.85,51856,30,51865,30,0,177480
BANKNIFTY-II.NFO,06/09/2024,09:23:15,51863.85,51856.05,15,51863.9,300,0,177480
BANKNIFTY-II.NFO,06/09/2024,09:23:17,51863.85,51856,30,51863.9,300,0,177480
BANKNIFTY-II.NFO,06/09/2024,09:23:19,51863.85,51856,30,51864.05,300,0,177480
BANKNIFTY-II.NFO,06/09/2024,09:23:20,51863.9,51856,30,51863.9,285,15,177480
BANKNIFTY-II.NFO,06/09/2024,09:23:24,51863.9,51856,30,51863.9,195,150,177480
BANKNIFTY-II.NFO,06/09/2024,09:23:25,51863.9,51856,30,51863.9,300,0,177480
BANKNIFTY-II.NFO,06/09/2024,09:23:32,51851.05,51851,15,51861.4,45,45,177480
BANKNIFTY-II.NFO,06/09/2024,09:23:34,51851.05,51851.05,60,51862.75,30,0,177480
BANKNIFTY-II.NFO,06/09/2024,09:23:35,51851.05,51851.65,60,51863.85,15,0,177480
BANKNIFTY-II.NFO,06/09/2024,09:23:37,51851.05,51860,15,51861.9,195,0,177480
BANKNIFTY-II.NFO,06/09/2024,09:23:39,51860,51851,15,51861.6,15,15,177480
BANKNIFTY-II.NFO,06/09/2024,09:23:40,51860,51851.05,60,51861.6,30,0,177480
BANKNIFTY-II.NFO,06/09/2024,09:23:42,51860,51851,15,51860.4,30,0,177480
BANKNIFTY-II.NFO,06/09/2024,09:23:44,51860,51851,15,51857.05,30,0,177480
BANKNIFTY-II.NFO,06/09/2024,09:23:45,51860,51851,15,51854.6,30,0,177480
BANKNIFTY-II.NFO,06/09/2024,09:23:47,51850,51845.1,15,51850.95,45,90,177480
BANKNIFTY-II.NFO,06/09/2024,09:23:49,51850.65,51845.1,15,51847,15,30,177480
BANKNIFTY-II.NFO,06/09/2024,09:23:50,51845,51840,30,51844.65,15,30,177480
BANKNIFTY-II.NFO,06/09/2024,09:23:52,51845,51840,30,51846.45,120,0,177480
BANKNIFTY-II.NFO,06/09/2024,09:23:54,51840,51837.25,90,51839.85,300,30,177480
BANKNIFTY-II.NFO,06/09/2024,09:23:55,51837.25,51835,105,51837.45,300,90,177480
BANKNIFTY-II.NFO,06/09/2024,09:23:57,51837.25,51835,105,51839.05,300,0,177480
BANKNIFTY-II.NFO,06/09/2024,09:23:59,51839.1,51835,105,51839.2,300,45,177480
BANKNIFTY-II.NFO,06/09/2024,09:24:01,51839.1,51835,105,51837.25,15,0,177480
BANKNIFTY-II.NFO,06/09/2024,09:24:02,51839.1,51835,105,51836.75,300,0,177480
BANKNIFTY-II.NFO,06/09/2024,09:24:04,51831,51830,120,51831.75,90,120,177480
BANKNIFTY-II.NFO,06/09/2024,09:24:06,51832.7,51830,120,51835.15,300,15,177480
BANKNIFTY-II.NFO,06/09/2024,09:24:07,51836.75,51830,75,51837.25,30,60,177480
BANKNIFTY-II.NFO,06/09/2024,09:24:09,51830,51830,60,51835.6,315,75,177480
BANKNIFTY-II.NFO,06/09/2024,09:24:11,51830,51830,75,51834.65,165,0,177480
BANKNIFTY-II.NFO,06/09/2024,09:24:12,51830,51830,75,51835.4,300,0,177480
BANKNIFTY-II.NFO,06/09/2024,09:24:14,51835.4,51830,75,51837.25,15,180,177480
BANKNIFTY-II.NFO,06/09/2024,09:24:16,51837.25,51830,75,51837.15,300,15,177480
BANKNIFTY-II.NFO,06/09/2024,09:24:17,51830.65,51830.15,45,51831.75,120,45,177480
BANKNIFTY-II.NFO,06/09/2024,09:24:19,51830.65,51830.15,45,51837.75,315,0,177480
BANKNIFTY-II.NFO,06/09/2024,09:24:20,51830.65,51830.15,45,51837.65,300,0,177480
BANKNIFTY-II.NFO,06/09/2024,09:24:22,51830.65,51830.2,60,51840,15,0,177480
BANKNIFTY-II.NFO,06/09/2024,09:24:24,51830.65,51835.4,15,51840,15,0,177480
BANKNIFTY-II.NFO,06/09/2024,09:24:25,51830.65,51835.4,15,51838.7,120,0,177480
BANKNIFTY-II.NFO,06/09/2024,09:24:27,51835.4,51830.15,45,51837.5,150,15,177510
BANKNIFTY-II.NFO,06/09/2024,09:24:29,51835.4,51830,90,51839.25,150,0,177510
BANKNIFTY-II.NFO,06/09/2024,09:24:30,51835.4,51830,90,51839.95,150,0,177510
BANKNIFTY-II.NFO,06/09/2024,09:24:32,51835.4,51830.05,60,51841.65,120,0,177510
BANKNIFTY-II.NFO,06/09/2024,09:24:34,51835.4,51830.05,75,51841.95,15,0,177510
BANKNIFTY-II.NFO,06/09/2024,09:24:35,51826.55,51826.05,75,51840.4,15,105,177510
BANKNIFTY-II.NFO,06/09/2024,09:24:35,51826.55,51826.05,75,51840.4,15,0,177510
BANKNIFTY-II.NFO,06/09/2024,09:24:37,51826.55,51827.1,75,51840.4,30,0,177510
BANKNIFTY-II.NFO,06/09/2024,09:24:39,51826.55,51825.15,60,51838,15,0,177510
BANKNIFTY-II.NFO,06/09/2024,09:24:40,51826.55,51825.15,60,51835.95,30,0,177510
BANKNIFTY-II.NFO,06/09/2024,09:24:42,51826.55,51825.1,30,51834.65,30,0,177510
BANKNIFTY-II.NFO,06/09/2024,09:24:44,51825.1,51826,15,51835.55,15,15,177510
BANKNIFTY-II.NFO,06/09/2024,09:24:44,51825.1,51826,15,51835.55,15,0,177510
BANKNIFTY-II.NFO,06/09/2024,09:24:45,51825.1,51826,15,51834.45,30,0,177510
BANKNIFTY-II.NFO,06/09/2024,09:24:47,51826,51825.1,30,51831.25,15,15,177510
BANKNIFTY-II.NFO,06/09/2024,09:24:49,51826,51825.1,30,51834.15,30,0,177510
BANKNIFTY-II.NFO,06/09/2024,09:24:50,51826,51825.1,30,51832.05,30,0,177510
BANKNIFTY-II.NFO,06/09/2024,09:24:52,51826,51825.1,30,51832.1,30,0,177510
BANKNIFTY-II.NFO,06/09/2024,09:24:54,51826,51825.1,30,51832.95,30,0,177510
BANKNIFTY-II.NFO,06/09/2024,09:24:55,51826,51825.15,60,51834.1,135,0,177510
BANKNIFTY-II.NFO,06/09/2024,09:24:57,51826,51825.15,60,51835.6,15,0,177510
BANKNIFTY-II.NFO,06/09/2024,09:24:59,51826,51825.45,60,51836.15,300,0,177510
BANKNIFTY-II.NFO,06/09/2024,09:25:00,51826,51826.45,75,51837.9,15,0,177510
BANKNIFTY-II.NFO,06/09/2024,09:25:02,51826,51825.15,60,51836,30,0,177510
BANKNIFTY-II.NFO,06/09/2024,09:25:04,51825.15,51825.15,60,51835.3,60,45,177510
BANKNIFTY-II.NFO,06/09/2024,09:25:05,51825.15,51825.15,60,51834.9,75,0,177510
BANKNIFTY-II.NFO,06/09/2024,09:25:07,51825.15,51825.15,60,51835.85,60,0,177510
BANKNIFTY-II.NFO,06/09/2024,09:25:09,51834.8,51825.1,30,51833.75,45,15,177510
BANKNIFTY-II.NFO,06/09/2024,09:25:10,51833.8,51825.15,60,51835.4,105,60,177510
BANKNIFTY-II.NFO,06/09/2024,09:25:12,51833.8,51825.1,30,51833.25,105,0,177510
BANKNIFTY-II.NFO,06/09/2024,09:25:14,51833.8,51825.1,30,51832.6,105,0,177510
BANKNIFTY-II.NFO,06/09/2024,09:25:15,51833.8,51825.1,30,51831.4,105,0,177510
BANKNIFTY-II.NFO,06/09/2024,09:25:17,51833.8,51830,15,51833.5,120,0,177510
BANKNIFTY-II.NFO,06/09/2024,09:25:18,51833.8,51830,15,51830.75,105,0,177510
BANKNIFTY-II.NFO,06/09/2024,09:25:20,51830,51825.1,30,51830.7,90,15,177510
BANKNIFTY-II.NFO,06/09/2024,09:25:22,51830,51825.1,30,51831.35,90,0,177510
BANKNIFTY-II.NFO,06/09/2024,09:25:23,51830,51825.1,30,51829.2,90,0,177510
BANKNIFTY-II.NFO,06/09/2024,09:25:25,51830,51825.1,30,51831.6,90,0,177510
BANKNIFTY-II.NFO,06/09/2024,09:25:27,51830,51825.1,30,51830.55,90,0,177510
BANKNIFTY-II.NFO,06/09/2024,09:25:28,51830.55,51825.1,30,51831.55,75,15,177510
BANKNIFTY-II.NFO,06/09/2024,09:25:30,51832.5,51825.1,30,51833.1,300,45,177510
BANKNIFTY-II.NFO,06/09/2024,09:25:32,51832.5,51825.1,30,51832.95,300,0,177510
BANKNIFTY-II.NFO,06/09/2024,09:25:33,51832.5,51825.1,30,51831.15,30,0,177510
BANKNIFTY-II.NFO,06/09/2024,09:25:35,51832.5,51825.1,30,51828.95,30,0,177510
BANKNIFTY-II.NFO,06/09/2024,09:25:37,51828.8,51825.1,30,51829.4,15,15,177510
BANKNIFTY-II.NFO,06/09/2024,09:25:38,51830,51825.1,30,51832.55,150,15,177510
BANKNIFTY-II.NFO,06/09/2024,09:25:40,51830,51826.3,30,51833.25,300,0,177510
BANKNIFTY-II.NFO,06/09/2024,09:25:42,51830,51827.35,45,51835.55,300,0,177510
BANKNIFTY-II.NFO,06/09/2024,09:25:43,51830,51825.75,30,51835.65,300,0,177510
BANKNIFTY-II.NFO,06/09/2024,09:25:45,51830,51826.85,45,51835.5,300,0,177510
BANKNIFTY-II.NFO,06/09/2024,09:25:47,51835.5,51827.9,90,51835.95,15,45,177510
BANKNIFTY-II.NFO,06/09/2024,09:25:48,51835.5,51832.3,60,51839.95,15,0,177510
BANKNIFTY-II.NFO,06/09/2024,09:25:50,51835.5,51838.5,60,51847.95,300,0,177510
BANKNIFTY-II.NFO,06/09/2024,09:25:52,51834.4,51833.85,60,51845.9,45,45,177510
BANKNIFTY-II.NFO,06/09/2024,09:25:53,51834.4,51832.65,60,51843.9,45,0,177510
BANKNIFTY-II.NFO,06/09/2024,09:25:55,51834.4,51832.65,60,51843.6,45,0,177510
BANKNIFTY-II.NFO,06/09/2024,09:25:57,51834.4,51832.65,60,51843.9,45,0,177510
BANKNIFTY-II.NFO,06/09/2024,09:25:58,51843.9,51832.65,60,51843.9,30,15,177510
BANKNIFTY-II.NFO,06/09/2024,09:26:00,51843.9,51833.1,75,51843.95,15,0,177510
BANKNIFTY-II.NFO,06/09/2024,09:26:02,51843.9,51834.45,75,51843.95,15,0,177510
BANKNIFTY-II.NFO,06/09/2024,09:26:04,51843.95,51834.45,75,51843.95,15,15,177510
BANKNIFTY-II.NFO,06/09/2024,09:26:05,51843.95,51834.45,75,51845,300,15,177510
BANKNIFTY-II.NFO,06/09/2024,09:26:07,51843.95,51834.45,75,51841.95,15,0,177510
BANKNIFTY-II.NFO,06/09/2024,09:26:09,51843.95,51837.95,75,51849.9,30,0,177510
BANKNIFTY-II.NFO,06/09/2024,09:26:10,51843.95,51838.45,75,51850.15,30,0,177510
BANKNIFTY-II.NFO,06/09/2024,09:26:12,51843.95,51837.25,60,51849.4,60,0,177510
BANKNIFTY-II.NFO,06/09/2024,09:26:14,51843.95,51837.25,60,51850.45,60,0,177510
BANKNIFTY-II.NFO,06/09/2024,09:26:15,51843.95,51837.25,60,51849.9,60,0,177510
BANKNIFTY-II.NFO,06/09/2024,09:26:17,51843.95,51834.45,75,51845.95,15,0,177510
BANKNIFTY-II.NFO,06/09/2024,09:26:18,51843.95,51834.45,75,51845.9,60,0,177510
BANKNIFTY-II.NFO,06/09/2024,09:26:20,51845.9,51834.45,75,51843.95,15,30,177510
BANKNIFTY-II.NFO,06/09/2024,09:26:22,51845.9,51834.45,75,51843.95,15,0,177510
BANKNIFTY-II.NFO,06/09/2024,09:26:23,51834.45,51834.45,75,51843.95,15,15,177510
BANKNIFTY-II.NFO,06/09/2024,09:26:25,51834.45,51835.75,90,51847.95,15,0,177510
BANKNIFTY-II.NFO,06/09/2024,09:26:27,51834.45,51835,60,51847.75,60,0,177510
BANKNIFTY-II.NFO,06/09/2024,09:26:28,51834.45,51835.2,75,51847.95,15,0,177510
BANKNIFTY-II.NFO,06/09/2024,09:26:30,51835.2,51835.25,60,51847.85,45,15,177510
BANKNIFTY-II.NFO,06/09/2024,09:26:32,51835.2,51834.5,75,51845.2,300,0,177510
BANKNIFTY-II.NFO,06/09/2024,09:26:33,51835.2,51834.5,75,51845.4,300,0,177510
BANKNIFTY-II.NFO,06/09/2024,09:26:35,51835.2,51834.5,75,51846,330,0,177510
BANKNIFTY-II.NFO,06/09/2024,09:26:37,51835.2,51834.5,75,51845.8,300,0,177510
BANKNIFTY-II.NFO,06/09/2024,09:26:38,51835.2,51836.4,90,51845.95,15,0,177510
BANKNIFTY-II.NFO,06/09/2024,09:26:40,51847.95,51837.75,90,51849.95,15,15,177510
BANKNIFTY-II.NFO,06/09/2024,09:26:42,51847.95,51838.9,60,51852.8,75,0,177510
BANKNIFTY-II.NFO,06/09/2024,09:26:43,51839.15,51839.45,45,51851.9,60,45,177510
BANKNIFTY-II.NFO,06/09/2024,09:26:45,51839.15,51839.95,45,51853.1,90,0,177510
BANKNIFTY-II.NFO,06/09/2024,09:26:50,51839.15,51839.95,45,51853,60,0,177510
BANKNIFTY-II.NFO,06/09/2024,09:26:52,51839.15,51842,30,51854.55,90,0,177510
BANKNIFTY-II.NFO,06/09/2024,09:26:53,51853.9,51840.5,60,51853.9,45,45,177510
BANKNIFTY-II.NFO,06/09/2024,09:26:55,51853.9,51840.5,60,51853.9,75,0,177510
BANKNIFTY-II.NFO,06/09/2024,09:26:57,51853.9,51840.05,75,51851.9,45,0,177510
BANKNIFTY-II.NFO,06/09/2024,09:26:58,51853.9,51840.85,90,51851.9,45,0,177510
BANKNIFTY-II.NFO,06/09/2024,09:27:00,51853.9,51842.1,60,51851.95,15,0,177510
BANKNIFTY-II.NFO,06/09/2024,09:27:02,51858.2,51847.7,60,51858.8,285,15,177510
BANKNIFTY-II.NFO,06/09/2024,09:27:03,51858.65,51842.35,60,51855.9,45,15,177510
BANKNIFTY-II.NFO,06/09/2024,09:27:05,51858.65,51844.35,60,51853.9,45,0,177510
BANKNIFTY-II.NFO,06/09/2024,09:27:07,51858.65,51845.2,30,51853.9,45,0,177510
BANKNIFTY-II.NFO,06/09/2024,09:27:10,51858.65,51845.2,15,51853.9,45,0,177510
BANKNIFTY-II.NFO,06/09/2024,09:27:12,51840.7,51840.05,75,51851.9,45,45,177510
BANKNIFTY-II.NFO,06/09/2024,09:27:13,51840.7,51840.9,75,51851.9,45,0,177510
BANKNIFTY-II.NFO,06/09/2024,09:27:15,51840.7,51840.7,15,51851.9,90,0,177510
BANKNIFTY-II.NFO,06/09/2024,09:27:17,51840.7,51840.7,15,51851.9,60,0,177510
BANKNIFTY-II.NFO,06/09/2024,09:27:18,51840.7,51840.7,15,51849.2,90,0,177510
BANKNIFTY-II.NFO,06/09/2024,09:27:20,51840.7,51840.7,15,51848.4,45,0,177510
BANKNIFTY-II.NFO,06/09/2024,09:27:22,51847.8,51841,15,51847.8,30,15,177510
BANKNIFTY-II.NFO,06/09/2024,09:27:23,51847.8,51841.1,15,51848.6,30,0,177690
BANKNIFTY-II.NFO,06/09/2024,09:27:25,51847.8,51841.1,15,51848.95,30,0,177690
BANKNIFTY-II.NFO,06/09/2024,09:27:27,51847.8,51841.1,15,51848.35,195,0,177690
BANKNIFTY-II.NFO,06/09/2024,09:27:28,51847.8,51841.1,15,51847.65,195,0,177690
BANKNIFTY-II.NFO,06/09/2024,09:27:30,51841.1,51841.05,15,51847.9,45,15,177690
BANKNIFTY-II.NFO,06/09/2024,09:27:32,51841.1,51841.05,15,51846.8,75,0,177690
BANKNIFTY-II.NFO,06/09/2024,09:27:33,51841.25,51841,15,51843.9,45,15,177690
BANKNIFTY-II.NFO,06/09/2024,09:27:35,51840,51832.65,45,51841.2,30,225,177690
BANKNIFTY-II.NFO,06/09/2024,09:27:37,51841.2,51832.65,45,51840.7,60,15,177690
BANKNIFTY-II.NFO,06/09/2024,09:27:38,51841.2,51832.65,45,51841.25,45,15,177690
BANKNIFTY-II.NFO,06/09/2024,09:27:40,51841.2,51832.65,45,51839.9,45,0,177690
BANKNIFTY-II.NFO,06/09/2024,09:27:42,51841.2,51832.65,45,51838.2,150,0,177690
BANKNIFTY-II.NFO,06/09/2024,09:27:43,51832.65,51832.65,30,51835.65,150,15,177690
BANKNIFTY-II.NFO,06/09/2024,09:27:45,51832.65,51832.65,30,51836.7,150,0,177690
BANKNIFTY-II.NFO,06/09/2024,09:27:47,51832.65,51832.65,30,51838,150,0,177690
BANKNIFTY-II.NFO,06/09/2024,09:27:48,51832.65,51832.65,30,51839.15,150,0,177690
BANKNIFTY-II.NFO,06/09/2024,09:27:50,51832.65,51832.65,30,51838.25,150,0,177690
BANKNIFTY-II.NFO,06/09/2024,09:27:52,51832.65,51832.65,30,51840.85,150,0,177690
BANKNIFTY-II.NFO,06/09/2024,09:27:53,51832.65,51832.7,60,51841.1,75,0,177690
BANKNIFTY-II.NFO,06/09/2024,09:27:55,51832.65,51832.7,75,51841.1,75,0,177690
BANKNIFTY-II.NFO,06/09/2024,09:27:58,51832.65,51832.7,60,51841.1,75,0,177690
BANKNIFTY-II.NFO,06/09/2024,09:28:00,51832.65,51832.65,30,51841.1,75,0,177690
BANKNIFTY-II.NFO,06/09/2024,09:28:03,51841.1,51836.15,60,51848.35,300,75,177690
BANKNIFTY-II.NFO,06/09/2024,09:28:05,51841.1,51842.2,75,51851.2,300,0,177690
BANKNIFTY-II.NFO,06/09/2024,09:28:07,51841.1,51839.65,60,51847.25,300,0,177690
BANKNIFTY-II.NFO,06/09/2024,09:28:08,51841.1,51839.95,60,51847.2,300,0,177690
BANKNIFTY-II.NFO,06/09/2024,09:28:10,51841.1,51835.65,60,51847.55,300,0,177690
BANKNIFTY-II.NFO,06/09/2024,09:28:12,51841.1,51833.4,60,51843.65,300,0,177690
BANKNIFTY-II.NFO,06/09/2024,09:28:13,51841.1,51841.1,15,51848.55,300,0,177690
BANKNIFTY-II.NFO,06/09/2024,09:28:15,51841.1,51841.45,75,51849.45,300,0,177690
BANKNIFTY-II.NFO,06/09/2024,09:28:17,51841.1,51841.15,75,51849.1,300,0,177690
BANKNIFTY-II.NFO,06/09/2024,09:28:19,51841.1,51846.6,60,51856.4,300,0,177690
BANKNIFTY-II.NFO,06/09/2024,09:28:20,51841.1,51848.5,75,51861.05,300,0,177690
BANKNIFTY-II.NFO,06/09/2024,09:28:22,51862.1,51848.55,60,51862.1,315,15,177690
BANKNIFTY-II.NFO,06/09/2024,09:28:24,51862.1,51851.2,60,51864.1,180,0,177690
BANKNIFTY-II.NFO,06/09/2024,09:28:25,51862.1,51852.75,75,51865,30,0,177690
BANKNIFTY-II.NFO,06/09/2024,09:28:27,51865,51864.35,150,51870,60,30,177690
BANKNIFTY-II.NFO,06/09/2024,09:28:29,51873.9,51871.55,60,51880,30,90,177690
BANKNIFTY-II.NFO,06/09/2024,09:28:30,51873.9,51867.3,60,51880,30,0,177690
BANKNIFTY-II.NFO,06/09/2024,09:28:32,51873.9,51870.15,60,51880,30,0,177690
BANKNIFTY-II.NFO,06/09/2024,09:28:34,51873.9,51874.15,15,51880,30,0,177690
BANKNIFTY-II.NFO,06/09/2024,09:28:35,51873.9,51874,90,51880,30,0,177690
BANKNIFTY-II.NFO,06/09/2024,09:28:37,51873.9,51876.85,15,51880,30,0,177690
BANKNIFTY-II.NFO,06/09/2024,09:28:39,51870.65,51866,75,51879.95,30,15,177690
BANKNIFTY-II.NFO,06/09/2024,09:28:40,51870.65,51870,15,51879.2,60,0,177690
BANKNIFTY-II.NFO,06/09/2024,09:28:42,51870.65,51870,15,51879.95,15,0,177690
BANKNIFTY-II.NFO,06/09/2024,09:28:50,51870.65,51870,15,51879.75,60,0,177690
BANKNIFTY-II.NFO,06/09/2024,09:28:52,51870.65,51871.6,75,51880,30,0,177690
BANKNIFTY-II.NFO,06/09/2024,09:28:54,51880,51875.15,60,51883.8,15,60,177690
BANKNIFTY-II.NFO,06/09/2024,09:28:55,51880,51874.35,60,51883.75,45,0,177690
BANKNIFTY-II.NFO,06/09/2024,09:28:57,51880,51870,15,51882.15,75,0,177690
BANKNIFTY-II.NFO,06/09/2024,09:28:59,51883.75,51871.75,75,51883.75,15,30,177690
BANKNIFTY-II.NFO,06/09/2024,09:29:00,51883.8,51871.05,60,51885.55,180,30,177690
BANKNIFTY-II.NFO,06/09/2024,09:29:02,51885.8,51877.2,75,51890.85,30,15,177690
BANKNIFTY-II.NFO,06/09/2024,09:29:04,51885.8,51880.3,15,51894.9,180,0,177690
BANKNIFTY-II.NFO,06/09/2024,09:29:05,51895,51883.3,60,51897.65,30,15,177690
BANKNIFTY-II.NFO,06/09/2024,09:29:07,51895,51883.6,15,51900.65,60,0,177690
BANKNIFTY-II.NFO,06/09/2024,09:29:09,51895,51875,60,51888.95,90,0,177690
BANKNIFTY-II.NFO,06/09/2024,09:29:10,51895,51871.35,60,51887.1,180,0,177690
BANKNIFTY-II.NFO,06/09/2024,09:29:12,51895,51873.9,75,51886.95,135,0,177690
BANKNIFTY-II.NFO,06/09/2024,09:29:14,51895,51876.65,60,51889.6,90,0,177690
BANKNIFTY-II.NFO,06/09/2024,09:29:15,51890.15,51872.3,60,51886.6,180,45,177690
BANKNIFTY-II.NFO,06/09/2024,09:29:17,51890.15,51872.7,105,51886.95,120,0,177690
BANKNIFTY-II.NFO,06/09/2024,09:29:18,51890.15,51873.95,60,51886.75,105,0,177690
BANKNIFTY-II.NFO,06/09/2024,09:29:20,51890.15,51873.9,60,51885.25,120,0,177690
BANKNIFTY-II.NFO,06/09/2024,09:29:22,51890.15,51873.9,60,51885.05,120,0,177690
BANKNIFTY-II.NFO,06/09/2024,09:29:23,51890.15,51870.05,75,51883.1,90,0,177690
BANKNIFTY-II.NFO,06/09/2024,09:29:25,51890.15,51870,30,51881.4,135,0,177690
BANKNIFTY-II.NFO,06/09/2024,09:29:27,51881.45,51870,30,51879.7,120,30,177690
BANKNIFTY-II.NFO,06/09/2024,09:29:28,51881.45,51870,30,51879.4,90,0,177690
BANKNIFTY-II.NFO,06/09/2024,09:29:30,51870,51870,15,51878.55,45,15,177690
BANKNIFTY-II.NFO,06/09/2024,09:29:32,51870,51870,15,51879.05,330,0,177690
BANKNIFTY-II.NFO,06/09/2024,09:29:33,51870,51870,15,51879.05,135,0,177690
BANKNIFTY-II.NFO,06/09/2024,09:29:35,51870,51870,15,51879.2,120,0,177690
BANKNIFTY-II.NFO,06/09/2024,09:29:37,51870,51870,15,51880.45,345,0,177690
BANKNIFTY-II.NFO,06/09/2024,09:29:38,51870,51870.05,60,51881.45,120,0,177690
BANKNIFTY-II.NFO,06/09/2024,09:29:40,51870,51870,15,51879.5,330,0,177690
BANKNIFTY-II.NFO,06/09/2024,09:29:42,51870.05,51870,15,51879.4,90,45,177690
BANKNIFTY-II.NFO,06/09/2024,09:29:43,51870.05,51870.05,60,51879.25,300,0,177690
BANKNIFTY-II.NFO,06/09/2024,09:29:45,51870.05,51870,90,51879.2,90,0,177690
BANKNIFTY-II.NFO,06/09/2024,09:29:47,51870.05,51870,90,51875.95,300,0,177690
BANKNIFTY-II.NFO,06/09/2024,09:29:48,51870.05,51870,90,51877.6,150,0,177690
BANKNIFTY-II.NFO,06/09/2024,09:29:50,51870.05,51870,90,51877.75,90,0,177690
BANKNIFTY-II.NFO,06/09/2024,09:29:52,51870.05,51870,90,51878.2,390,0,177690
BANKNIFTY-II.NFO,06/09/2024,09:29:53,51870.05,51872.55,75,51882.65,300,0,177690
BANKNIFTY-II.NFO,06/09/2024,09:29:55,51883.4,51870.75,75,51883.6,45,15,177690
BANKNIFTY-II.NFO,06/09/2024,09:29:57,51883.4,51876.45,75,51888.55,45,0,177690
BANKNIFTY-II.NFO,06/09/2024,09:29:58,51883.4,51874.9,75,51888.4,45,0,177690
BANKNIFTY-II.NFO,06/09/2024,09:30:00,51883.4,51875.25,60,51889.15,90,0,177690
BANKNIFTY-II.NFO,06/09/2024,09:30:02,51876.5,51875.85,15,51890.45,90,60,177690
BANKNIFTY-II.NFO,06/09/2024,09:30:03,51876.5,51883.4,60,51886.95,330,0,177690
BANKNIFTY-II.NFO,06/09/2024,09:30:05,51883.4,51870.95,15,51884,300,60,177690
BANKNIFTY-II.NFO,06/09/2024,09:30:07,51883.4,51878.55,15,51891.9,60,0,177690
BANKNIFTY-II.NFO,06/09/2024,09:30:08,51883.4,51875.6,30,51889.9,90,0,177690
BANKNIFTY-II.NFO,06/09/2024,09:30:10,51875.85,51875.8,45,51889.9,60,45,177690
BANKNIFTY-II.NFO,06/09/2024,09:30:12,51889.9,51874,30,51886.5,75,30,177690
BANKNIFTY-II.NFO,06/09/2024,09:30:13,51889.9,51874,30,51886.3,105,0,177690
BANKNIFTY-II.NFO,06/09/2024,09:30:15,51889.9,51874,30,51886.55,60,0,177690
BANKNIFTY-II.NFO,06/09/2024,09:30:17,51889.9,51880,150,51886.55,90,0,177690
BANKNIFTY-II.NFO,06/09/2024,09:30:18,51889.9,51880,150,51884.3,105,0,177690
BANKNIFTY-II.NFO,06/09/2024,09:30:20,51880,51874,45,51884.15,90,165,177690
BANKNIFTY-II.NFO,06/09/2024,09:30:22,51880,51874,60,51884.4,300,0,177690
BANKNIFTY-II.NFO,06/09/2024,09:30:23,51880,51873.95,15,51884.2,90,0,177690
BANKNIFTY-II.NFO,06/09/2024,09:30:25,51880,51873.95,15,51883.3,105,0,177690
BANKNIFTY-II.NFO,06/09/2024,09:30:27,51880,51873.95,15,51882.7,60,0,177690
BANKNIFTY-II.NFO,06/09/2024,09:30:29,51880,51873.95,15,51881.85,60,0,177690
BANKNIFTY-II.NFO,06/09/2024,09:30:30,51870,51870,75,51881.7,105,60,178320
BANKNIFTY-II.NFO,06/09/2024,09:30:32,51880,51870,75,51879.95,60,15,178320
BANKNIFTY-II.NFO,06/09/2024,09:30:34,51880,51870.05,15,51880.45,90,0,178320
BANKNIFTY-II.NFO,06/09/2024,09:30:35,51880,51870,75,51879.95,105,0,178320
BANKNIFTY-II.NFO,06/09/2024,09:30:37,51866.85,51867.3,45,51879.95,75,105,178320
BANKNIFTY-II.NFO,06/09/2024,09:30:39,51867.3,51867.2,60,51879.95,105,45,178320
BANKNIFTY-II.NFO,06/09/2024,09:30:40,51867.3,51870.6,60,51879.95,90,0,178320
BANKNIFTY-II.NFO,06/09/2024,09:30:42,51867.3,51868.4,75,51879.95,60,0,178320
BANKNIFTY-II.NFO,06/09/2024,09:30:44,51871,51869.05,45,51882.1,60,30,178320
BANKNIFTY-II.NFO,06/09/2024,09:30:45,51871,51880.1,15,51890.25,300,0,178320
BANKNIFTY-II.NFO,06/09/2024,09:30:47,51871,51879.95,30,51890.7,60,0,178320
BANKNIFTY-II.NFO,06/09/2024,09:30:49,51871,51881.1,15,51893.05,60,0,178320
BANKNIFTY-II.NFO,06/09/2024,09:30:50,51871,51881.85,15,51893.25,60,0,178320
BANKNIFTY-II.NFO,06/09/2024,09:30:52,51871,51886.1,15,51897,60,0,178320
BANKNIFTY-II.NFO,06/09/2024,09:30:54,51898.65,51886.25,60,51898.65,345,75,178320
BANKNIFTY-II.NFO,06/09/2024,09:30:55,51898.65,51887.3,105,51901.25,45,0,178320
BANKNIFTY-II.NFO,06/09/2024,09:30:57,51902.05,51879.3,75,51895.75,90,150,178320
BANKNIFTY-II.NFO,06/09/2024,09:30:59,51902.05,51878.1,75,51893.2,105,0,178320
BANKNIFTY-II.NFO,06/09/2024,09:31:00,51892,51875.65,60,51891.45,45,75,178320
BANKNIFTY-II.NFO,06/09/2024,09:31:02,51892,51876,120,51889.95,300,0,178320
BANKNIFTY-II.NFO,06/09/2024,09:31:04,51892,51880.55,60,51891.5,300,0,178320
BANKNIFTY-II.NFO,06/09/2024,09:31:05,51892,51876.6,60,51892.15,15,0,178320
BANKNIFTY-II.NFO,06/09/2024,09:31:07,51892,51877.75,75,51892.1,345,15,178320
BANKNIFTY-II.NFO,06/09/2024,09:31:09,51892,51876.45,75,51890,300,0,178320
BANKNIFTY-II.NFO,06/09/2024,09:31:10,51879.85,51878.3,75,51893,90,45,178320
BANKNIFTY-II.NFO,06/09/2024,09:31:12,51892.15,51883,60,51894.55,60,15,178320
BANKNIFTY-II.NFO,06/09/2024,09:31:14,51892.15,51886.45,90,51897.9,45,0,178320
BANKNIFTY-II.NFO,06/09/2024,09:31:15,51893.6,51893.6,15,51900,30,15,178320
BANKNIFTY-II.NFO,06/09/2024,09:31:17,51899.95,51883.75,75,51899.95,75,15,178320
BANKNIFTY-II.NFO,06/09/2024,09:31:18,51900.7,51884.05,75,51900.5,135,90,178320
BANKNIFTY-II.NFO,06/09/2024,09:31:20,51900.7,51882.4,75,51898.65,45,0,178320
BANKNIFTY-II.NFO,06/09/2024,09:31:22,51900.7,51881.7,105,51897.95,45,0,178320
BANKNIFTY-II.NFO,06/09/2024,09:31:23,51900.7,51881.7,75,51896.25,45,0,178320
BANKNIFTY-II.NFO,06/09/2024,09:31:25,51900.7,51881.7,75,51896.65,45,0,178320
BANKNIFTY-II.NFO,06/09/2024,09:31:27,51897.6,51882.5,60,51897.25,60,15,178320
BANKNIFTY-II.NFO,06/09/2024,09:31:28,51897.6,51881.85,75,51896.6,105,0,178320
BANKNIFTY-II.NFO,06/09/2024,09:31:30,51897.6,51897.95,30,51900.2,90,0,178320
BANKNIFTY-II.NFO,06/09/2024,09:31:32,51897.6,51897.95,30,51900.05,45,0,178320
BANKNIFTY-II.NFO,06/09/2024,09:31:33,51897.95,51884.1,75,51899.65,105,30,178320
BANKNIFTY-II.NFO,06/09/2024,09:31:35,51897.95,51881.25,60,51896.85,60,0,178320
BANKNIFTY-II.NFO,06/09/2024,09:31:36,51897.3,51881.5,105,51897,105,15,178320
BANKNIFTY-II.NFO,06/09/2024,09:31:38,51896.75,51881.4,75,51896.95,90,15,178320
BANKNIFTY-II.NFO,06/09/2024,09:31:40,51896.75,51881.15,75,51897.1,45,0,178320
BANKNIFTY-II.NFO,06/09/2024,09:31:41,51896.75,51886,90,51902.3,30,0,178320
BANKNIFTY-II.NFO,06/09/2024,09:31:43,51896.75,51886.45,60,51902.3,15,0,178320
BANKNIFTY-II.NFO,06/09/2024,09:31:45,51896.75,51888.85,75,51902.3,15,0,178320
BANKNIFTY-II.NFO,06/09/2024,09:31:48,51896.75,51886.85,60,51902.3,60,0,178320
BANKNIFTY-II.NFO,06/09/2024,09:31:50,51896.75,51886.85,75,51902,75,0,178320
BANKNIFTY-II.NFO,06/09/2024,09:31:51,51896.75,51887.15,75,51901.05,30,0,178320
BANKNIFTY-II.NFO,06/09/2024,09:31:53,51896.75,51887.45,135,51902.1,30,0,178320
BANKNIFTY-II.NFO,06/09/2024,09:31:54,51903.2,51887.8,75,51903.55,75,45,178320
BANKNIFTY-II.NFO,06/09/2024,09:31:56,51903.2,51891.8,75,51907.45,45,0,178320
BANKNIFTY-II.NFO,06/09/2024,09:31:58,51903.2,51888.1,75,51903.95,105,0,178320
BANKNIFTY-II.NFO,06/09/2024,09:31:59,51903.2,51888.1,60,51904.65,120,0,178320
BANKNIFTY-II.NFO,06/09/2024,09:32:01,51903.2,51888.2,75,51903.35,90,0,178320
BANKNIFTY-II.NFO,06/09/2024,09:32:03,51903.2,51888.2,60,51902.3,120,0,178320
BANKNIFTY-II.NFO,06/09/2024,09:32:04,51903.2,51885.15,120,51900.7,120,0,178320
BANKNIFTY-II.NFO,06/09/2024,09:32:06,51903.2,51885.15,120,51898,120,0,178320
BANKNIFTY-II.NFO,06/09/2024,09:32:08,51903.2,51880.05,75,51893.9,120,0,178320
BANKNIFTY-II.NFO,06/09/2024,09:32:09,51903.2,51880.05,60,51893.1,90,0,178320
BANKNIFTY-II.NFO,06/09/2024,09:32:11,51903.2,51882.7,75,51897.8,75,0,178320
BANKNIFTY-II.NFO,06/09/2024,09:32:13,51903.2,51886.75,60,51901.15,300,0,178320
BANKNIFTY-II.NFO,06/09/2024,09:32:14,51903.2,51886.75,60,51900.45,195,0,178320
BANKNIFTY-II.NFO,06/09/2024,09:32:16,51903.2,51886.75,60,51898.4,105,0,178320
BANKNIFTY-II.NFO,06/09/2024,09:32:18,51903.2,51886.7,60,51898.7,75,0,178320
BANKNIFTY-II.NFO,06/09/2024,09:32:19,51903.2,51886.75,75,51900.3,105,0,178320
BANKNIFTY-II.NFO,06/09/2024,09:32:21,51903.2,51886.75,75,51901.35,90,0,178320
BANKNIFTY-II.NFO,06/09/2024,09:32:23,51903.2,51886.75,60,51901.15,75,0,178320
BANKNIFTY-II.NFO,06/09/2024,09:32:24,51903.2,51886.75,60,51900.45,45,0,178320
BANKNIFTY-II.NFO,06/09/2024,09:32:26,51903.2,51886.75,60,51900.35,105,0,178320
BANKNIFTY-II.NFO,06/09/2024,09:32:28,51903.2,51886.75,60,51900.9,45,0,178320
BANKNIFTY-II.NFO,06/09/2024,09:32:29,51903.2,51887.3,60,51903.9,15,0,178320
BANKNIFTY-II.NFO,06/09/2024,09:32:31,51888.25,51886.75,75,51903.35,180,75,178320
BANKNIFTY-II.NFO,06/09/2024,09:32:33,51888.25,51886.75,75,51902.1,105,0,178320
BANKNIFTY-II.NFO,06/09/2024,09:32:34,51888.25,51886.75,60,51901.05,90,0,178320
BANKNIFTY-II.NFO,06/09/2024,09:32:36,51888.25,51886.95,120,51899.75,90,0,178320
BANKNIFTY-II.NFO,06/09/2024,09:32:38,51888.25,51886.95,135,51899.75,90,0,178320
BANKNIFTY-II.NFO,06/09/2024,09:32:40,51888.25,51886.95,120,51899.9,180,0,178320
BANKNIFTY-II.NFO,06/09/2024,09:32:41,51888.25,51886.1,120,51898.4,105,0,178320
BANKNIFTY-II.NFO,06/09/2024,09:32:43,51898.4,51886.2,120,51902.3,60,15,178320
BANKNIFTY-II.NFO,06/09/2024,09:32:45,51898.4,51886.6,60,51897.05,90,0,178320
BANKNIFTY-II.NFO,06/09/2024,09:32:46,51897.05,51886.6,60,51897.3,120,30,178320
BANKNIFTY-II.NFO,06/09/2024,09:32:48,51897.05,51886.6,60,51897.15,45,0,178320
BANKNIFTY-II.NFO,06/09/2024,09:32:50,51897.05,51886.6,60,51895.6,30,0,178320
BANKNIFTY-II.NFO,06/09/2024,09:32:51,51897.05,51885.05,60,51893.9,45,0,178320
BANKNIFTY-II.NFO,06/09/2024,09:32:53,51885.1,51885.2,30,51895.6,45,30,178320
BANKNIFTY-II.NFO,06/09/2024,09:32:55,51885.1,51885.25,75,51897.75,15,0,178320
BANKNIFTY-II.NFO,06/09/2024,09:32:56,51885.1,51885.8,75,51900.35,60,0,178320
BANKNIFTY-II.NFO,06/09/2024,09:32:58,51885.1,51886.15,60,51898.65,60,0,178320
BANKNIFTY-II.NFO,06/09/2024,09:33:00,51885.1,51884.95,30,51894.65,45,0,178320
BANKNIFTY-II.NFO,06/09/2024,09:33:01,51885.1,51884.95,30,51894.3,45,0,178320
BANKNIFTY-II.NFO,06/09/2024,09:33:05,51885,51885,15,51894.55,60,15,178320
BANKNIFTY-II.NFO,06/09/2024,09:33:06,51885,51885,15,51894.5,45,0,178320
BANKNIFTY-II.NFO,06/09/2024,09:33:08,51885,51885,15,51894.5,60,0,178320
BANKNIFTY-II.NFO,06/09/2024,09:33:10,51885,51885,15,51894.2,45,0,178320
BANKNIFTY-II.NFO,06/09/2024,09:33:11,51885,51885,60,51894.2,60,15,178320
BANKNIFTY-II.NFO,06/09/2024,09:33:13,51885,51885,60,51891.1,60,0,178320
BANKNIFTY-II.NFO,06/09/2024,09:33:15,51885,51886.5,60,51891.3,45,0,178320
BANKNIFTY-II.NFO,06/09/2024,09:33:16,51885,51882.9,60,51885,15,0,178320
BANKNIFTY-II.NFO,06/09/2024,09:33:18,51881.65,51881,60,51885,15,90,178320
BANKNIFTY-II.NFO,06/09/2024,09:33:19,51881.65,51881.1,60,51885,15,0,178320
BANKNIFTY-II.NFO,06/09/2024,09:33:21,51881.65,51881.2,60,51885,15,0,178320
BANKNIFTY-II.NFO,06/09/2024,09:33:23,51881.65,51880.85,60,51885,15,0,178320
BANKNIFTY-II.NFO,06/09/2024,09:33:24,51881.65,51880.55,60,51885,15,0,178320
BANKNIFTY-II.NFO,06/09/2024,09:33:26,51881.65,51881.85,60,51885,15,0,178320
BANKNIFTY-II.NFO,06/09/2024,09:33:28,51885,51882.35,60,51891,45,15,178410
BANKNIFTY-II.NFO,06/09/2024,09:33:29,51885,51881.7,60,51890.8,15,0,178410
BANKNIFTY-II.NFO,06/09/2024,09:33:31,51881.7,51880.65,15,51889.45,60,45,178410
BANKNIFTY-II.NFO,06/09/2024,09:33:33,51879.6,51878.4,60,51890.3,45,45,178410
BANKNIFTY-II.NFO,06/09/2024,09:33:34,51879.6,51877.3,75,51890.3,45,0,178410
BANKNIFTY-II.NFO,06/09/2024,09:33:36,51879.6,51880,15,51889,60,0,178410
BANKNIFTY-II.NFO,06/09/2024,09:33:38,51879.6,51880,15,51887.55,60,0,178410
BANKNIFTY-II.NFO,06/09/2024,09:33:39,51879.6,51880,15,51887.2,60,0,178410
BANKNIFTY-II.NFO,06/09/2024,09:33:41,51880,51866.8,75,51882.75,30,15,178410
BANKNIFTY-II.NFO,06/09/2024,09:33:43,51880,51867.75,60,51879.6,45,0,178410
BANKNIFTY-II.NFO,06/09/2024,09:33:44,51880,51865.75,60,51877.25,60,0,178410
BANKNIFTY-II.NFO,06/09/2024,09:33:46,51880,51865.05,60,51876.9,120,0,178410
BANKNIFTY-II.NFO,06/09/2024,09:33:48,51880,51865.05,60,51876.55,45,0,178410
BANKNIFTY-II.NFO,06/09/2024,09:33:49,51880,51865.05,60,51878.25,45,0,178410
BANKNIFTY-II.NFO,06/09/2024,09:33:51,51880,51865.9,60,51880.35,60,0,178410
BANKNIFTY-II.NFO,06/09/2024,09:33:53,51865.9,51865.95,60,51875,30,30,178410
BANKNIFTY-II.NFO,06/09/2024,09:33:54,51875,51866.35,60,51875,15,15,178410
BANKNIFTY-II.NFO,06/09/2024,09:33:56,51875,51865.05,60,51875,45,0,178410
BANKNIFTY-II.NFO,06/09/2024,09:33:58,51875,51865.05,60,51874.95,90,0,178410
BANKNIFTY-II.NFO,06/09/2024,09:33:59,51875,51865.05,60,51875,15,0,178410
BANKNIFTY-II.NFO,06/09/2024,09:34:03,51875,51865,75,51874.95,75,0,178410
BANKNIFTY-II.NFO,06/09/2024,09:34:04,51875,51867,60,51874.95,60,0,178410
BANKNIFTY-II.NFO,06/09/2024,09:34:06,51875,51866.95,60,51874.95,90,0,178410
BANKNIFTY-II.NFO,06/09/2024,09:34:08,51874.95,51866.95,60,51874.95,45,15,178410
BANKNIFTY-II.NFO,06/09/2024,09:34:11,51874.95,51866.95,60,51875,30,0,178410
BANKNIFTY-II.NFO,06/09/2024,09:34:13,51874.95,51867.2,60,51874.95,60,0,178410
BANKNIFTY-II.NFO,06/09/2024,09:34:14,51874.95,51867.2,60,51874.95,75,0,178410
BANKNIFTY-II.NFO,06/09/2024,09:34:16,51874.95,51865.75,60,51873.8,60,0,178410
BANKNIFTY-II.NFO,06/09/2024,09:34:18,51874.95,51866.4,60,51874.95,60,0,178410
BANKNIFTY-II.NFO,06/09/2024,09:34:19,51874.95,51869.3,60,51875,45,0,178410
BANKNIFTY-II.NFO,06/09/2024,09:34:21,51874.95,51869.3,60,51875,15,0,178410
BANKNIFTY-II.NFO,06/09/2024,09:34:23,51874.95,51869.7,60,51875,15,0,178410
BANKNIFTY-II.NFO,06/09/2024,09:34:24,51874.95,51871.55,60,51875,15,0,178410
BANKNIFTY-II.NFO,06/09/2024,09:34:26,51874.95,51872.65,60,51875,15,0,178410
BANKNIFTY-II.NFO,06/09/2024,09:34:28,51874.95,51873.6,60,51875,15,0,178410
BANKNIFTY-II.NFO,06/09/2024,09:34:33,51874.95,51872.9,60,51875,15,0,178410
BANKNIFTY-II.NFO,06/09/2024,09:34:34,51874.95,51865.75,75,51875,15,0,178410
BANKNIFTY-II.NFO,06/09/2024,09:34:36,51874.95,51865.05,60,51875,15,0,178410
BANKNIFTY-II.NFO,06/09/2024,09:34:38,51874.95,51865,30,51871.4,45,0,178410
BANKNIFTY-II.NFO,06/09/2024,09:34:39,51874.95,51865,30,51873.1,75,0,178410
BANKNIFTY-II.NFO,06/09/2024,09:34:41,51874.95,51865,30,51873.05,30,0,178410
BANKNIFTY-II.NFO,06/09/2024,09:34:43,51865,51862.3,75,51874.4,30,30,178410
BANKNIFTY-II.NFO,06/09/2024,09:34:44,51873.85,51862.8,60,51874.7,30,15,178410
BANKNIFTY-II.NFO,06/09/2024,09:34:46,51873.85,51862.15,60,51872.45,30,0,178410
BANKNIFTY-II.NFO,06/09/2024,09:34:48,51873.95,51863.3,60,51874.8,45,15,178410
BANKNIFTY-II.NFO,06/09/2024,09:34:49,51873.95,51863.85,60,51874.95,30,0,178410
BANKNIFTY-II.NFO,06/09/2024,09:34:51,51873.95,51862.6,60,51874.6,75,0,178410
BANKNIFTY-II.NFO,06/09/2024,09:34:53,51873.95,51865.15,60,51874.95,15,0,178410
BANKNIFTY-II.NFO,06/09/2024,09:34:55,51873.95,51864.95,60,51874.95,15,0,178410
BANKNIFTY-II.NFO,06/09/2024,09:34:56,51873.95,51862.15,60,51874.95,60,0,178410
BANKNIFTY-II.NFO,06/09/2024,09:34:58,51873.95,51863.9,60,51874.95,15,0,178410
BANKNIFTY-II.NFO,06/09/2024,09:35:00,51873.95,51867.4,30,51874.95,15,0,178410
BANKNIFTY-II.NFO,06/09/2024,09:35:01,51865.55,51866,60,51874.95,15,15,178410
BANKNIFTY-II.NFO,06/09/2024,09:35:03,51865.55,51872.15,75,51874.95,15,0,178410
BANKNIFTY-II.NFO,06/09/2024,09:35:05,51865.55,51872.45,75,51874.95,15,0,178410
BANKNIFTY-II.NFO,06/09/2024,09:35:06,51874.95,51870,60,51875,15,15,178410
BANKNIFTY-II.NFO,06/09/2024,09:35:08,51874.95,51866.6,75,51875,15,0,178410
BANKNIFTY-II.NFO,06/09/2024,09:35:10,51874.95,51866.2,60,51875,15,0,178410
BANKNIFTY-II.NFO,06/09/2024,09:35:11,51874.95,51868.6,60,51875,15,0,178410
BANKNIFTY-II.NFO,06/09/2024,09:35:13,51874.95,51867.9,75,51875,15,0,178410
BANKNIFTY-II.NFO,06/09/2024,09:35:15,51874.95,51867.9,60,51875,15,0,178410
BANKNIFTY-II.NFO,06/09/2024,09:35:16,51874.95,51868.1,75,51875,15,0,178410
BANKNIFTY-II.NFO,06/09/2024,09:35:18,51874.95,51868.2,60,51875,15,0,178410
BANKNIFTY-II.NFO,06/09/2024,09:35:20,51874.95,51868.2,75,51875,15,0,178410
BANKNIFTY-II.NFO,06/09/2024,09:35:21,51874.95,51868.8,75,51875,15,0,178410
BANKNIFTY-II.NFO,06/09/2024,09:35:25,51874.95,51866.8,75,51875,15,0,178410
BANKNIFTY-II.NFO,06/09/2024,09:35:26,51874.95,51864.95,15,51874.85,30,15,178410
BANKNIFTY-II.NFO,06/09/2024,09:35:28,51874.95,51864.95,15,51875,15,0,178410
BANKNIFTY-II.NFO,06/09/2024,09:35:30,51874.95,51865,60,51875,15,0,178410
BANKNIFTY-II.NFO,06/09/2024,09:35:31,51874.95,51864.95,15,51874.75,45,0,178410
BANKNIFTY-II.NFO,06/09/2024,09:35:33,51874.95,51864.95,15,51874.9,75,0,178410
BANKNIFTY-II.NFO,06/09/2024,09:35:35,51874.95,51864.95,15,51874.95,75,0,178410
BANKNIFTY-II.NFO,06/09/2024,09:35:36,51874.95,51864.95,15,51874.95,45,0,178410
BANKNIFTY-II.NFO,06/09/2024,09:35:38,51874.95,51864.95,15,51873.25,45,0,178410
BANKNIFTY-II.NFO,06/09/2024,09:35:40,51874.45,51864.95,15,51874.45,135,15,178410
BANKNIFTY-II.NFO,06/09/2024,09:35:41,51874.45,51864.95,15,51873.6,45,0,178410
BANKNIFTY-II.NFO,06/09/2024,09:35:43,51874.45,51864.95,15,51874.85,45,0,178410
BANKNIFTY-II.NFO,06/09/2024,09:35:45,51874.45,51864.95,15,51871.5,15,0,178410
BANKNIFTY-II.NFO,06/09/2024,09:35:46,51874.45,51864.95,15,51869.75,75,0,178410
BANKNIFTY-II.NFO,06/09/2024,09:35:48,51874.45,51864.95,15,51868.8,105,0,178410
BANKNIFTY-II.NFO,06/09/2024,09:35:50,51874.45,51864.95,15,51869.7,105,0,178410
BANKNIFTY-II.NFO,06/09/2024,09:35:51,51874.45,51864.95,15,51869.1,90,0,178410
BANKNIFTY-II.NFO,06/09/2024,09:35:53,51874.45,51864.95,15,51867,75,0,178410
BANKNIFTY-II.NFO,06/09/2024,09:35:55,51866.95,51864.95,15,51867,60,15,178410
BANKNIFTY-II.NFO,06/09/2024,09:35:56,51866.95,51865,300,51867.25,60,0,178410
BANKNIFTY-II.NFO,06/09/2024,09:35:58,51866.95,51865,300,51867.05,60,0,178410
BANKNIFTY-II.NFO,06/09/2024,09:36:00,51866.95,51865,300,51866.8,60,0,178410
BANKNIFTY-II.NFO,06/09/2024,09:36:01,51866.95,51865,300,51866.55,60,0,178410
BANKNIFTY-II.NFO,06/09/2024,09:36:03,51865,51865,255,51865.6,75,45,178410
BANKNIFTY-II.NFO,06/09/2024,09:36:05,51865,51865,195,51865.55,75,60,178410
BANKNIFTY-II.NFO,06/09/2024,09:36:06,51865,51865,165,51865.55,60,30,178410
BANKNIFTY-II.NFO,06/09/2024,09:36:08,51862.1,51862.1,15,51865.4,60,210,178410
BANKNIFTY-II.NFO,06/09/2024,09:36:10,51862.1,51860,60,51863.9,15,15,178410
BANKNIFTY-II.NFO,06/09/2024,09:36:11,51862.1,51860,60,51863.5,315,0,178410
BANKNIFTY-II.NFO,06/09/2024,09:36:13,51862.1,51860,60,51861.75,60,0,178410
BANKNIFTY-II.NFO,06/09/2024,09:36:15,51860,51860,45,51861.45,315,15,178410
BANKNIFTY-II.NFO,06/09/2024,09:36:16,51860,51851.05,120,51861.25,75,45,178410
BANKNIFTY-II.NFO,06/09/2024,09:36:18,51860,51851.05,60,51861.95,15,0,178410
BANKNIFTY-II.NFO,06/09/2024,09:36:20,51860,51851,15,51859.2,45,0,178410
BANKNIFTY-II.NFO,06/09/2024,09:36:21,51860,51851.05,60,51858.55,300,0,178410
BANKNIFTY-II.NFO,06/09/2024,09:36:23,51860,51851,15,51859,45,0,178410
BANKNIFTY-II.NFO,06/09/2024,09:36:25,51860,51851.05,60,51858.65,300,0,178410
BANKNIFTY-II.NFO,06/09/2024,09:36:26,51860,51851,30,51858.65,300,0,178410
BANKNIFTY-II.NFO,06/09/2024,09:36:28,51851,51851,15,51858.6,15,15,178800
BANKNIFTY-II.NFO,06/09/2024,09:36:30,51851,51851,15,51856.15,60,0,178800
BANKNIFTY-II.NFO,06/09/2024,09:36:31,51851,51851,15,51856,60,0,178800
BANKNIFTY-II.NFO,06/09/2024,09:36:33,51850,51850,15,51854.2,300,210,178800
BANKNIFTY-II.NFO,06/09/2024,09:36:35,51850,51842.65,60,51849.95,30,15,178800
BANKNIFTY-II.NFO,06/09/2024,09:36:36,51840,51837.05,60,51841.95,15,45,178800
BANKNIFTY-II.NFO,06/09/2024,09:36:38,51840,51838.5,60,51848.05,300,0,178800
BANKNIFTY-II.NFO,06/09/2024,09:36:40,51840,51840.55,60,51851.45,300,0,178800
BANKNIFTY-II.NFO,06/09/2024,09:36:41,51840,51840.35,60,51847.9,30,0,178800
BANKNIFTY-II.NFO,06/09/2024,09:36:43,51840,51840.35,60,51844.7,300,0,178800
BANKNIFTY-II.NFO,06/09/2024,09:36:45,51840,51840.35,60,51845.95,30,0,178800
BANKNIFTY-II.NFO,06/09/2024,09:36:46,51840,51837,60,51840.4,300,75,178800
BANKNIFTY-II.NFO,06/09/2024,09:36:48,51840,51837,60,51841.95,15,0,178800
BANKNIFTY-II.NFO,06/09/2024,09:36:50,51840,51837,60,51840.7,300,0,178800
BANKNIFTY-II.NFO,06/09/2024,09:36:51,51840,51837,60,51840.45,300,0,178800
BANKNIFTY-II.NFO,06/09/2024,09:36:53,51840,51837,60,51843.45,30,0,178800
BANKNIFTY-II.NFO,06/09/2024,09:36:55,51840,51837,60,51838.7,300,0,178800
BANKNIFTY-II.NFO,06/09/2024,09:36:57,51836.55,51836,15,51836.6,15,75,178800
BANKNIFTY-II.NFO,06/09/2024,09:36:58,51820,51818,30,51820.9,15,615,178800
BANKNIFTY-II.NFO,06/09/2024,09:36:58,51820,51818,30,51820.9,15,0,178800
BANKNIFTY-II.NFO,06/09/2024,09:37:00,51802,51801,105,51802,120,405,178800
BANKNIFTY-II.NFO,06/09/2024,09:37:00,51802,51801,105,51802,120,0,178800
BANKNIFTY-II.NFO,06/09/2024,09:37:02,51800,51800.45,60,51803.8,15,870,178800
BANKNIFTY-II.NFO,06/09/2024,09:37:02,51800,51800.45,60,51803.8,15,0,178800
BANKNIFTY-II.NFO,06/09/2024,09:37:03,51800,51792.05,30,51799.95,15,300,178800
BANKNIFTY-II.NFO,06/09/2024,09:37:03,51799.2,51792.05,30,51799.95,15,0,178800
BANKNIFTY-II.NFO,06/09/2024,09:37:05,51800,51792,15,51795.2,150,0,178800
BANKNIFTY-II.NFO,06/09/2024,09:37:07,51755.95,51755.4,45,51757.95,15,1590,178800
BANKNIFTY-II.NFO,06/09/2024,09:37:07,51743.65,51755.4,45,51757.95,15,0,178800
BANKNIFTY-II.NFO,06/09/2024,09:37:08,51781.4,51783.25,60,51785,30,285,178800
BANKNIFTY-II.NFO,06/09/2024,09:37:10,51793.3,51768.55,45,51781.95,15,180,178800
BANKNIFTY-II.NFO,06/09/2024,09:37:12,51793.3,51778.05,30,51789.95,15,0,178800
BANKNIFTY-II.NFO,06/09/2024,09:37:13,51793.3,51773.05,30,51785.45,30,0,178800
BANKNIFTY-II.NFO,06/09/2024,09:37:15,51793.3,51786.95,60,51794.55,60,0,178800
BANKNIFTY-II.NFO,06/09/2024,09:37:17,51783.95,51785.15,30,51793.3,15,15,178800
BANKNIFTY-II.NFO,06/09/2024,09:37:18,51783.95,51787.4,30,51793.3,15,0,178800
BANKNIFTY-II.NFO,06/09/2024,09:37:20,51793.3,51782.8,30,51796.85,30,15,178800
BANKNIFTY-II.NFO,06/09/2024,09:37:22,51793.3,51780.5,45,51791.95,15,0,178800
BANKNIFTY-II.NFO,06/09/2024,09:37:23,51793.3,51780,75,51791.9,60,0,178800
BANKNIFTY-II.NFO,06/09/2024,09:37:25,51793.3,51783,15,51793.75,60,0,178800
BANKNIFTY-II.NFO,06/09/2024,09:37:27,51784.25,51783.4,30,51793.95,15,30,178800
BANKNIFTY-II.NFO,06/09/2024,09:37:28,51787.65,51780,75,51788.25,60,120,178800
BANKNIFTY-II.NFO,06/09/2024,09:37:30,51787.65,51782.65,60,51789,60,0,178800
BANKNIFTY-II.NFO,06/09/2024,09:37:32,51787.65,51780.75,30,51791.25,330,0,178800
BANKNIFTY-II.NFO,06/09/2024,09:37:33,51787.65,51781.1,60,51789.9,60,0,178800
BANKNIFTY-II.NFO,06/09/2024,09:37:35,51787.65,51787,75,51791,60,0,178800
BANKNIFTY-II.NFO,06/09/2024,09:37:37,51787,51787.65,15,51793.9,60,15,178800
BANKNIFTY-II.NFO,06/09/2024,09:37:38,51796.4,51789.2,45,51799.35,60,45,178800
BANKNIFTY-II.NFO,06/09/2024,09:37:40,51796.4,51787.85,30,51799.75,60,0,178800
BANKNIFTY-II.NFO,06/09/2024,09:37:42,51799.4,51791.5,30,51804.85,60,30,178800
BANKNIFTY-II.NFO,06/09/2024,09:37:43,51787.65,51792.55,30,51801.95,15,165,178800
BANKNIFTY-II.NFO,06/09/2024,09:37:45,51787.65,51792.1,30,51803.9,75,0,178800
BANKNIFTY-II.NFO,06/09/2024,09:37:47,51787.65,51790.45,30,51801.5,60,0,178800
BANKNIFTY-II.NFO,06/09/2024,09:37:48,51787.65,51791.3,60,51801.8,60,0,178800
BANKNIFTY-II.NFO,06/09/2024,09:37:50,51787.65,51793.15,30,51804.1,60,0,178800
BANKNIFTY-II.NFO,06/09/2024,09:37:52,51787.65,51795.4,60,51800.8,300,0,178800
BANKNIFTY-II.NFO,06/09/2024,09:37:53,51802.85,51795.4,60,51802.85,60,30,178800
BANKNIFTY-II.NFO,06/09/2024,09:37:55,51802.85,51793.15,60,51802.1,300,0,178800
BANKNIFTY-II.NFO,06/09/2024,09:37:57,51802.85,51799.1,60,51802.1,300,0,178800
BANKNIFTY-II.NFO,06/09/2024,09:37:58,51793.85,51796.85,75,51804.85,300,15,178800
BANKNIFTY-II.NFO,06/09/2024,09:38:00,51793.85,51805.15,30,51813.35,300,0,178800
BANKNIFTY-II.NFO,06/09/2024,09:38:02,51793.85,51803.3,15,51814.6,60,0,178800
BANKNIFTY-II.NFO,06/09/2024,09:38:03,51793.85,51797.05,15,51807.9,60,0,178800
BANKNIFTY-II.NFO,06/09/2024,09:38:05,51793.85,51799.25,15,51806.35,300,0,178800
BANKNIFTY-II.NFO,06/09/2024,09:38:07,51793.85,51799.3,30,51808.1,300,0,178800
BANKNIFTY-II.NFO,06/09/2024,09:38:08,51793.85,51795.45,60,51802.95,300,0,178800
BANKNIFTY-II.NFO,06/09/2024,09:38:10,51803.85,51793.9,15,51804.75,60,75,178800
BANKNIFTY-II.NFO,06/09/2024,09:38:12,51803.85,51799.45,60,51802,15,0,178800
BANKNIFTY-II.NFO,06/09/2024,09:38:13,51803.85,51793.85,30,51801.95,60,0,178800
BANKNIFTY-II.NFO,06/09/2024,09:38:15,51803.85,51794.4,15,51802,15,0,178800
BANKNIFTY-II.NFO,06/09/2024,09:38:17,51803.85,51800.55,60,51802,15,0,178800
BANKNIFTY-II.NFO,06/09/2024,09:38:18,51802,51799.95,75,51805.35,300,15,178800
BANKNIFTY-II.NFO,06/09/2024,09:38:20,51802,51801.7,30,51808.1,300,0,178800
BANKNIFTY-II.NFO,06/09/2024,09:38:22,51802,51800.35,60,51803.9,60,0,178800
BANKNIFTY-II.NFO,06/09/2024,09:38:23,51802,51800,15,51803.95,60,0,178800
BANKNIFTY-II.NFO,06/09/2024,09:38:25,51802,51800,15,51804.1,60,0,178800
BANKNIFTY-II.NFO,06/09/2024,09:38:27,51802,51800,15,51800.95,15,0,178800
BANKNIFTY-II.NFO,06/09/2024,09:38:28,51800.95,51800,15,51805.2,300,15,178800
BANKNIFTY-II.NFO,06/09/2024,09:38:30,51800.95,51800,15,51804.25,300,0,178800
BANKNIFTY-II.NFO,06/09/2024,09:38:32,51800,51798.85,60,51804.15,60,15,178800
BANKNIFTY-II.NFO,06/09/2024,09:38:33,51804.2,51794.45,30,51804.55,60,15,178800
BANKNIFTY-II.NFO,06/09/2024,09:38:35,51804.2,51800,30,51804.6,60,0,178800
BANKNIFTY-II.NFO,06/09/2024,09:38:37,51800,51800,15,51803.6,75,15,178800
BANKNIFTY-II.NFO,06/09/2024,09:38:38,51800,51794,60,51801.55,60,30,178800
BANKNIFTY-II.NFO,06/09/2024,09:38:40,51800,51793.85,30,51800,15,15,178800
BANKNIFTY-II.NFO,06/09/2024,09:38:42,51800,51793.85,30,51799.7,60,0,178800
BANKNIFTY-II.NFO,06/09/2024,09:38:43,51799.8,51793.85,30,51799.5,60,15,178800
BANKNIFTY-II.NFO,06/09/2024,09:38:45,51799.8,51793.85,30,51798.65,60,0,178800
BANKNIFTY-II.NFO,06/09/2024,09:38:47,51793.85,51790.75,30,51793,120,30,178800
BANKNIFTY-II.NFO,06/09/2024,09:38:48,51793,51795.05,60,51800,15,120,178800
BANKNIFTY-II.NFO,06/09/2024,09:38:50,51793,51795.25,60,51800,15,0,178800
BANKNIFTY-II.NFO,06/09/2024,09:38:52,51803.85,51794.2,60,51803.75,45,60,178800
BANKNIFTY-II.NFO,06/09/2024,09:38:53,51793.45,51792.95,60,51803.65,45,15,178800
BANKNIFTY-II.NFO,06/09/2024,09:38:55,51793.45,51794.25,60,51803.7,45,0,178800
BANKNIFTY-II.NFO,06/09/2024,09:38:57,51792.6,51792.55,60,51802.3,45,15,178800
BANKNIFTY-II.NFO,06/09/2024,09:38:58,51792.6,51790.05,60,51801.2,45,0,178800
BANKNIFTY-II.NFO,06/09/2024,09:39:00,51792.6,51790,15,51798.25,60,0,178800
BANKNIFTY-II.NFO,06/09/2024,09:39:02,51798.1,51792.7,60,51798.1,15,15,178800
BANKNIFTY-II.NFO,06/09/2024,09:39:04,51794.2,51793.4,30,51799.65,285,15,178800
BANKNIFTY-II.NFO,06/09/2024,09:39:05,51794.2,51791.8,60,51794.8,300,0,178800
BANKNIFTY-II.NFO,06/09/2024,09:39:07,51795.45,51791.65,60,51796,285,15,178800
BANKNIFTY-II.NFO,06/09/2024,09:39:09,51795.45,51791.65,60,51795.95,300,0,178800
BANKNIFTY-II.NFO,06/09/2024,09:39:10,51794.2,51791.45,30,51795.9,300,15,178800
BANKNIFTY-II.NFO,06/09/2024,09:39:12,51791.85,51793.05,60,51795,90,15,178800
BANKNIFTY-II.NFO,06/09/2024,09:39:14,51791.85,51790.15,60,51795,90,0,178800
BANKNIFTY-II.NFO,06/09/2024,09:39:15,51791.85,51790.45,60,51795,90,0,178800
BANKNIFTY-II.NFO,06/09/2024,09:39:18,51790,51790.45,60,51795,90,30,178800
BANKNIFTY-II.NFO,06/09/2024,09:39:20,51790,51790,30,51794.95,15,0,178800
BANKNIFTY-II.NFO,06/09/2024,09:39:22,51790,51788.35,60,51790,90,30,178800
BANKNIFTY-II.NFO,06/09/2024,09:39:23,51790,51788.35,60,51790,90,0,178800
BANKNIFTY-II.NFO,06/09/2024,09:39:25,51790,51788.75,60,51790,60,30,179430
BANKNIFTY-II.NFO,06/09/2024,09:39:27,51790,51788.8,60,51790,60,0,179430
BANKNIFTY-II.NFO,06/09/2024,09:39:28,51790,51788,120,51790,45,15,179430
BANKNIFTY-II.NFO,06/09/2024,09:39:30,51788,51787.95,60,51790,45,120,179430
BANKNIFTY-II.NFO,06/09/2024,09:39:32,51788,51789.5,60,51790,45,0,179430
BANKNIFTY-II.NFO,06/09/2024,09:39:33,51790,51789.5,15,51794,30,90,179430
BANKNIFTY-II.NFO,06/09/2024,09:39:35,51791.4,51791.35,75,51794,30,15,179430
BANKNIFTY-II.NFO,06/09/2024,09:39:37,51790.25,51790.05,135,51794,30,75,179430
BANKNIFTY-II.NFO,06/09/2024,09:39:38,51790.25,51791.55,60,51794,30,0,179430
BANKNIFTY-II.NFO,06/09/2024,09:39:40,51790.25,51790,105,51794,30,0,179430
BANKNIFTY-II.NFO,06/09/2024,09:39:42,51790.25,51790.2,60,51792.2,300,0,179430
BANKNIFTY-II.NFO,06/09/2024,09:39:43,51790.95,51790.5,15,51791.55,285,15,179430
BANKNIFTY-II.NFO,06/09/2024,09:39:45,51790.95,51790.5,15,51793.35,15,0,179430
BANKNIFTY-II.NFO,06/09/2024,09:39:47,51790.95,51790.5,15,51791.65,300,0,179430
BANKNIFTY-II.NFO,06/09/2024,09:39:48,51790.95,51790.25,15,51790.95,15,0,179430
BANKNIFTY-II.NFO,06/09/2024,09:39:50,51790.25,51790,105,51790.9,15,15,179430
BANKNIFTY-II.NFO,06/09/2024,09:39:52,51789.7,51787.65,30,51790.9,15,120,179430
BANKNIFTY-II.NFO,06/09/2024,09:39:53,51789.7,51788.1,45,51790.9,15,0,179430
BANKNIFTY-II.NFO,06/09/2024,09:39:55,51787.75,51787.65,30,51790.9,30,105,179430
BANKNIFTY-II.NFO,06/09/2024,09:39:57,51787.65,51787.65,15,51790.9,15,15,179430
BANKNIFTY-II.NFO,06/09/2024,09:39:58,51787.65,51787,210,51790.9,15,15,179430
BANKNIFTY-II.NFO,06/09/2024,09:40:00,51787.65,51787,210,51789.1,60,0,179430
BANKNIFTY-II.NFO,06/09/2024,09:40:02,51785,51780.85,60,51788.45,75,225,179430
BANKNIFTY-II.NFO,06/09/2024,09:40:03,51785.65,51780.05,60,51790.95,300,60,179430
BANKNIFTY-II.NFO,06/09/2024,09:40:05,51784.1,51784.1,30,51789.75,60,30,179430
BANKNIFTY-II.NFO,06/09/2024,09:40:07,51784.1,51781.35,15,51787.65,60,15,179430
BANKNIFTY-II.NFO,06/09/2024,09:40:08,51788.4,51780,120,51786.35,60,15,179430
BANKNIFTY-II.NFO,06/09/2024,09:40:10,51788.4,51780,120,51787,60,0,179430
BANKNIFTY-II.NFO,06/09/2024,09:40:12,51788.4,51780,120,51785.1,60,0,179430
BANKNIFTY-II.NFO,06/09/2024,09:40:13,51780,51775,15,51780,165,150,179430
BANKNIFTY-II.NFO,06/09/2024,09:40:15,51780,51775,15,51778.35,60,0,179430
BANKNIFTY-II.NFO,06/09/2024,09:40:17,51775.65,51770,15,51773.5,60,30,179430
BANKNIFTY-II.NFO,06/09/2024,09:40:18,51775.65,51770,15,51774.35,60,0,179430
BANKNIFTY-II.NFO,06/09/2024,09:40:20,51775.65,51770,15,51772.8,150,0,179430
BANKNIFTY-II.NFO,06/09/2024,09:40:22,51766.15,51766.15,45,51770.65,15,60,179430
BANKNIFTY-II.NFO,06/09/2024,09:40:23,51766.7,51766.7,15,51770.55,15,30,179430
BANKNIFTY-II.NFO,06/09/2024,09:40:25,51768.35,51768.35,45,51775.6,15,45,179430
BANKNIFTY-II.NFO,06/09/2024,09:40:27,51768.35,51766.85,60,51775.65,30,0,179430
BANKNIFTY-II.NFO,06/09/2024,09:40:28,51768.35,51770.2,60,51775,150,0,179430
BANKNIFTY-II.NFO,06/09/2024,09:40:30,51764,51764.45,60,51770.1,150,15,179430
BANKNIFTY-II.NFO,06/09/2024,09:40:32,51764,51764.25,60,51768.3,30,30,179430
BANKNIFTY-II.NFO,06/09/2024,09:40:33,51764.55,51764.55,45,51769.8,30,15,179430
BANKNIFTY-II.NFO,06/09/2024,09:40:35,51764.55,51764.65,45,51769.8,30,0,179430
BANKNIFTY-II.NFO,06/09/2024,09:40:37,51764.65,51765.15,30,51769.8,30,15,179430
BANKNIFTY-II.NFO,06/09/2024,09:40:38,51765.15,51765.35,60,51769.8,30,30,179430
BANKNIFTY-II.NFO,06/09/2024,09:40:40,51765.45,51767.35,60,51772.55,15,60,179430
BANKNIFTY-II.NFO,06/09/2024,09:40:42,51765.45,51770.4,75,51775.65,15,0,179430
BANKNIFTY-II.NFO,06/09/2024,09:40:43,51771.1,51771.1,45,51771.75,15,15,179430
BANKNIFTY-II.NFO,06/09/2024,09:40:45,51771.1,51770.25,60,51773.1,255,45,179430
BANKNIFTY-II.NFO,06/09/2024,09:40:47,51770.15,51770.15,45,51772.85,285,30,179430
BANKNIFTY-II.NFO,06/09/2024,09:40:48,51770.15,51767.05,60,51772.6,15,0,179430
BANKNIFTY-II.NFO,06/09/2024,09:40:50,51770.15,51769.3,60,51772.6,15,0,179430
BANKNIFTY-II.NFO,06/09/2024,09:40:52,51770.15,51770,15,51772.7,300,0,179430
BANKNIFTY-II.NFO,06/09/2024,09:40:53,51770.15,51770,15,51772.95,300,0,179430
BANKNIFTY-II.NFO,06/09/2024,09:40:55,51772.65,51769.8,60,51773.25,285,30,179430
BANKNIFTY-II.NFO,06/09/2024,09:40:57,51772.65,51766.05,60,51770.7,15,0,179430
BANKNIFTY-II.NFO,06/09/2024,09:40:58,51772.65,51766.55,60,51769.55,150,0,179430
BANKNIFTY-II.NFO,06/09/2024,09:41:00,51766.55,51766.55,45,51769,15,15,179430
BANKNIFTY-II.NFO,06/09/2024,09:41:02,51766.55,51765.15,60,51768.35,150,45,179430
BANKNIFTY-II.NFO,06/09/2024,09:41:03,51766.55,51766.85,60,51768,15,0,179430
BANKNIFTY-II.NFO,06/09/2024,09:41:05,51765,51765,15,51765.55,150,75,179430
BANKNIFTY-II.NFO,06/09/2024,09:41:07,51760,51759,60,51762.1,150,120,179430
BANKNIFTY-II.NFO,06/09/2024,09:41:08,51755,51759,60,51762.2,15,15,179430
BANKNIFTY-II.NFO,06/09/2024,09:41:10,51755,51758,60,51764,300,0,179430
BANKNIFTY-II.NFO,06/09/2024,09:41:12,51755,51757.2,60,51762.6,120,0,179430
BANKNIFTY-II.NFO,06/09/2024,09:41:14,51755,51755.8,60,51758.3,120,0,179430
BANKNIFTY-II.NFO,06/09/2024,09:41:15,51753.9,51751,30,51753.5,150,255,179430
BANKNIFTY-II.NFO,06/09/2024,09:41:17,51750,51750,225,51752.5,150,165,179430
BANKNIFTY-II.NFO,06/09/2024,09:41:19,51753.45,51750,165,51754.05,150,45,179430
BANKNIFTY-II.NFO,06/09/2024,09:41:20,51753.45,51750,165,51750.15,150,0,179430
BANKNIFTY-II.NFO,06/09/2024,09:41:22,51753.45,51750,165,51753.2,150,0,179430
BANKNIFTY-II.NFO,06/09/2024,09:41:24,51750,51750,150,51753.95,150,30,179430
BANKNIFTY-II.NFO,06/09/2024,09:41:25,51750,51750,120,51752.15,150,30,179430
BANKNIFTY-II.NFO,06/09/2024,09:41:27,51750,51747.3,60,51750.85,150,120,179430
BANKNIFTY-II.NFO,06/09/2024,09:41:29,51750.35,51746.35,60,51749.45,150,165,179430
BANKNIFTY-II.NFO,06/09/2024,09:41:29,51743.25,51746.35,60,51749.45,150,0,179430
BANKNIFTY-II.NFO,06/09/2024,09:41:30,51745.1,51748.3,60,51751.85,75,75,179430
BANKNIFTY-II.NFO,06/09/2024,09:41:32,51749.4,51746.3,60,51749.4,135,30,179430
BANKNIFTY-II.NFO,06/09/2024,09:41:34,51749.4,51744.3,60,51749.75,75,0,179430
BANKNIFTY-II.NFO,06/09/2024,09:41:35,51748.35,51745.45,30,51750,15,15,179430
BANKNIFTY-II.NFO,06/09/2024,09:41:37,51750,51754.75,45,51764.25,60,15,179430
BANKNIFTY-II.NFO,06/09/2024,09:41:39,51754,51755.2,60,51762.7,300,30,179430
BANKNIFTY-II.NFO,06/09/2024,09:41:40,51754,51754.45,75,51760.35,300,0,179430
BANKNIFTY-II.NFO,06/09/2024,09:41:42,51754.2,51751.65,45,51757.3,300,15,179430
BANKNIFTY-II.NFO,06/09/2024,09:41:44,51754.2,51750,15,51752.6,300,0,179430
BANKNIFTY-II.NFO,06/09/2024,09:41:45,51750,51750.8,60,51756.25,285,30,179430
BANKNIFTY-II.NFO,06/09/2024,09:41:47,51750.8,51751.15,45,51760.15,60,15,179430
BANKNIFTY-II.NFO,06/09/2024,09:41:49,51751.2,51752.1,60,51759.95,60,15,179430
BANKNIFTY-II.NFO,06/09/2024,09:41:50,51761,51756,45,51763.4,60,45,179430
BANKNIFTY-II.NFO,06/09/2024,09:41:52,51761,51756,45,51763.05,60,0,179430
BANKNIFTY-II.NFO,06/09/2024,09:41:54,51761,51752.5,15,51762.45,60,0,179430
BANKNIFTY-II.NFO,06/09/2024,09:41:55,51750,51749.4,30,51755.95,60,15,179430
BANKNIFTY-II.NFO,06/09/2024,09:41:57,51750,51750,60,51755.95,15,0,179430
BANKNIFTY-II.NFO,06/09/2024,09:41:59,51750,51751.55,75,51756,15,0,179430
BANKNIFTY-II.NFO,06/09/2024,09:42:00,51756,51755.05,60,51760.95,60,15,179430
BANKNIFTY-II.NFO,06/09/2024,09:42:02,51756,51752.8,60,51760.4,60,0,179430
BANKNIFTY-II.NFO,06/09/2024,09:42:04,51761.2,51752.8,60,51760.15,45,300,179430
BANKNIFTY-II.NFO,06/09/2024,09:42:05,51761.2,51757.85,60,51759.95,45,0,179430
BANKNIFTY-II.NFO,06/09/2024,09:42:07,51759.05,51753,60,51759.45,45,15,179430
BANKNIFTY-II.NFO,06/09/2024,09:42:09,51759.05,51756,15,51759.85,45,0,179430
BANKNIFTY-II.NFO,06/09/2024,09:42:10,51759.05,51756,15,51760.8,45,0,179430
BANKNIFTY-II.NFO,06/09/2024,09:42:12,51759.05,51756,15,51761,300,0,179430
BANKNIFTY-II.NFO,06/09/2024,09:42:14,51761.6,51756,15,51761.75,285,15,179430
BANKNIFTY-II.NFO,06/09/2024,09:42:15,51761.6,51758,30,51763.55,285,0,179430
BANKNIFTY-II.NFO,06/09/2024,09:42:17,51761.6,51758.85,60,51763.95,300,0,179430
BANKNIFTY-II.NFO,06/09/2024,09:42:19,51761.6,51761.45,60,51765,60,0,179430
BANKNIFTY-II.NFO,06/09/2024,09:42:20,51761.6,51763.1,75,51765,60,0,179430
BANKNIFTY-II.NFO,06/09/2024,09:42:22,51761.6,51763.2,60,51765,60,0,179430
BANKNIFTY-II.NFO,06/09/2024,09:42:24,51761.6,51758.15,60,51765,60,0,179430
BANKNIFTY-II.NFO,06/09/2024,09:42:25,51761.6,51759,60,51762.1,300,0,179430
BANKNIFTY-II.NFO,06/09/2024,09:42:27,51761.6,51758.3,60,51761.65,300,0,179430
BANKNIFTY-II.NFO,06/09/2024,09:42:29,51761.65,51758.5,60,51762.25,300,15,179430
BANKNIFTY-II.NFO,06/09/2024,09:42:30,51761.65,51758,60,51765,60,0,180255
BANKNIFTY-II.NFO,06/09/2024,09:42:32,51761.65,51759.55,60,51764.95,15,0,180255
BANKNIFTY-II.NFO,06/09/2024,09:42:35,51761.65,51759.2,30,51764.95,15,0,180255
BANKNIFTY-II.NFO,06/09/2024,09:42:37,51765,51760.05,30,51765,45,30,180255
BANKNIFTY-II.NFO,06/09/2024,09:42:39,51765,51761.65,90,51764.95,60,0,180255
BANKNIFTY-II.NFO,06/09/2024,09:42:40,51761.65,51758,45,51762.15,60,90,180255
BANKNIFTY-II.NFO,06/09/2024,09:42:42,51761.65,51758.3,60,51762.25,300,0,180255
BANKNIFTY-II.NFO,06/09/2024,09:42:44,51761.65,51760.55,60,51763.9,300,0,180255
BANKNIFTY-II.NFO,06/09/2024,09:42:47,51761.65,51760,60,51762.3,300,0,180255
BANKNIFTY-II.NFO,06/09/2024,09:42:49,51761.65,51761.65,30,51763.95,300,0,180255
BANKNIFTY-II.NFO,06/09/2024,09:42:50,51761.65,51761.65,15,51765,45,15,180255
BANKNIFTY-II.NFO,06/09/2024,09:42:52,51761.65,51761.65,15,51765,45,0,180255
BANKNIFTY-II.NFO,06/09/2024,09:42:55,51761.65,51758.85,60,51761.65,60,15,180255
BANKNIFTY-II.NFO,06/09/2024,09:42:57,51761.65,51758.85,60,51761.65,60,0,180255
BANKNIFTY-II.NFO,06/09/2024,09:42:59,51761.65,51758.85,75,51761.65,60,0,180255
BANKNIFTY-II.NFO,06/09/2024,09:43:00,51761.65,51761.65,30,51765,45,60,180255
BANKNIFTY-II.NFO,06/09/2024,09:43:02,51761.65,51761.8,60,51765,45,0,180255
BANKNIFTY-II.NFO,06/09/2024,09:43:04,51761.65,51761.1,75,51765,45,0,180255
BANKNIFTY-II.NFO,06/09/2024,09:43:05,51761.65,51761,15,51765,45,0,180255
BANKNIFTY-II.NFO,06/09/2024,09:43:09,51761.65,51761,15,51764.95,45,0,180255
BANKNIFTY-II.NFO,06/09/2024,09:43:10,51761.65,51761,15,51761.65,15,0,180255
BANKNIFTY-II.NFO,06/09/2024,09:43:12,51761,51758,15,51761,285,15,180255
BANKNIFTY-II.NFO,06/09/2024,09:43:14,51761,51758,15,51760.9,45,0,180255
BANKNIFTY-II.NFO,06/09/2024,09:43:16,51761.3,51758,15,51761.3,75,300,180255
BANKNIFTY-II.NFO,06/09/2024,09:43:17,51761.3,51758,15,51761.5,75,0,180255
BANKNIFTY-II.NFO,06/09/2024,09:43:19,51761.3,51758,15,51763.75,45,0,180255
BANKNIFTY-II.NFO,06/09/2024,09:43:20,51761.3,51758,15,51764.3,45,0,180255
BANKNIFTY-II.NFO,06/09/2024,09:43:22,51761.3,51761.3,15,51764.1,45,0,180255
BANKNIFTY-II.NFO,06/09/2024,09:43:24,51761.3,51761.3,15,51765,45,0,180255
BANKNIFTY-II.NFO,06/09/2024,09:43:25,51765,51761.75,45,51766.55,15,45,180255
BANKNIFTY-II.NFO,06/09/2024,09:43:27,51765,51761.3,15,51766.5,45,0,180255
BANKNIFTY-II.NFO,06/09/2024,09:43:29,51765.15,51761.3,15,51763.4,30,15,180255
BANKNIFTY-II.NFO,06/09/2024,09:43:30,51765.15,51761.3,15,51765.2,30,0,180255
BANKNIFTY-II.NFO,06/09/2024,09:43:32,51755.3,51764.05,60,51766.55,15,150,180255
BANKNIFTY-II.NFO,06/09/2024,09:43:34,51755.3,51763,60,51766.55,15,0,180255
BANKNIFTY-II.NFO,06/09/2024,09:43:35,51755.3,51762.7,60,51766.55,315,0,180255
BANKNIFTY-II.NFO,06/09/2024,09:43:37,51769.25,51764.95,60,51772.15,30,300,180255
BANKNIFTY-II.NFO,06/09/2024,09:43:39,51769.25,51764.65,60,51772.65,30,0,180255
BANKNIFTY-II.NFO,06/09/2024,09:43:40,51772.65,51763.55,60,51771.25,300,15,180255
BANKNIFTY-II.NFO,06/09/2024,09:43:42,51771.15,51763.35,60,51771.85,15,75,180255
BANKNIFTY-II.NFO,06/09/2024,09:43:44,51770,51761.3,15,51765.45,150,15,180255
BANKNIFTY-II.NFO,06/09/2024,09:43:45,51760,51757,60,51767.95,30,180,180255
BANKNIFTY-II.NFO,06/09/2024,09:43:47,51768.5,51756.8,30,51767.9,105,90,180255
BANKNIFTY-II.NFO,06/09/2024,09:43:49,51768.5,51763.9,225,51767.5,105,0,180255
BANKNIFTY-II.NFO,06/09/2024,09:43:50,51768.5,51763.9,225,51768.1,120,0,180255
BANKNIFTY-II.NFO,06/09/2024,09:43:52,51768.5,51763.9,225,51768.15,90,0,180255
BANKNIFTY-II.NFO,06/09/2024,09:43:54,51768.5,51763.9,225,51768.15,75,0,180255
BANKNIFTY-II.NFO,06/09/2024,09:43:55,51763.9,51763.9,210,51767.1,120,15,180255
BANKNIFTY-II.NFO,06/09/2024,09:43:57,51763.9,51763.9,210,51767.6,75,0,180255
BANKNIFTY-II.NFO,06/09/2024,09:43:59,51763.9,51763.9,210,51767.45,120,0,180255
BANKNIFTY-II.NFO,06/09/2024,09:44:00,51763.9,51764.1,75,51771.1,30,0,180255
BANKNIFTY-II.NFO,06/09/2024,09:44:02,51763.9,51763.9,225,51771.05,90,0,180255
BANKNIFTY-II.NFO,06/09/2024,09:44:04,51763.9,51767.35,60,51773.3,300,0,180255
BANKNIFTY-II.NFO,06/09/2024,09:44:05,51763.9,51767.9,75,51773.75,300,0,180255
BANKNIFTY-II.NFO,06/09/2024,09:44:07,51777.25,51769.95,60,51778.9,300,60,180255
BANKNIFTY-II.NFO,06/09/2024,09:44:09,51777.25,51771.25,90,51778.45,300,0,180255
BANKNIFTY-II.NFO,06/09/2024,09:44:10,51777.25,51768.95,60,51778.2,15,0,180255
BANKNIFTY-II.NFO,06/09/2024,09:44:12,51778.3,51768.9,60,51778.25,15,210,180255
BANKNIFTY-II.NFO,06/09/2024,09:44:14,51778.3,51766.55,75,51777.2,105,0,180255
BANKNIFTY-II.NFO,06/09/2024,09:44:15,51776.5,51764.7,60,51775.2,90,15,180255
BANKNIFTY-II.NFO,06/09/2024,09:44:17,51776.5,51765.65,60,51775.35,15,0,180255
BANKNIFTY-II.NFO,06/09/2024,09:44:19,51776.5,51768.2,45,51778.3,90,0,180255
BANKNIFTY-II.NFO,06/09/2024,09:44:20,51776.5,51770,30,51779.9,120,0,180255
BANKNIFTY-II.NFO,06/09/2024,09:44:22,51778.3,51775,30,51778.3,15,15,180255
BANKNIFTY-II.NFO,06/09/2024,09:44:24,51775,51770,30,51778.3,15,30,180255
BANKNIFTY-II.NFO,06/09/2024,09:44:25,51775,51770,30,51778.3,15,0,180255
BANKNIFTY-II.NFO,06/09/2024,09:44:27,51770,51767.05,60,51776.25,45,30,180255
BANKNIFTY-II.NFO,06/09/2024,09:44:29,51770,51767.1,60,51774.7,300,0,180255
BANKNIFTY-II.NFO,06/09/2024,09:44:30,51774,51765.3,15,51775.15,45,195,180255
BANKNIFTY-II.NFO,06/09/2024,09:44:32,51774,51766.3,60,51773.1,105,0,180255
BANKNIFTY-II.NFO,06/09/2024,09:44:34,51766.3,51765.95,60,51771.75,300,60,180255
BANKNIFTY-II.NFO,06/09/2024,09:44:35,51771.5,51765.3,15,51772.9,150,135,180255
BANKNIFTY-II.NFO,06/09/2024,09:44:37,51774.6,51765.4,75,51774.75,240,90,180255
BANKNIFTY-II.NFO,06/09/2024,09:44:39,51774.6,51764.25,60,51774.1,90,0,180255
BANKNIFTY-II.NFO,06/09/2024,09:44:40,51774.6,51766.1,60,51776.7,300,0,180255
BANKNIFTY-II.NFO,06/09/2024,09:44:42,51774.6,51765,75,51776,75,0,180255
BANKNIFTY-II.NFO,06/09/2024,09:44:44,51774.6,51766.35,75,51776.75,300,0,180255
BANKNIFTY-II.NFO,06/09/2024,09:44:45,51774.6,51767.55,60,51777.85,15,0,180255
BANKNIFTY-II.NFO,06/09/2024,09:44:47,51774.6,51769.55,75,51778.3,15,0,180255
BANKNIFTY-II.NFO,06/09/2024,09:44:49,51774.6,51770.15,75,51778.3,15,0,180255
BANKNIFTY-II.NFO,06/09/2024,09:44:50,51774.6,51771,75,51778.3,15,0,180255
BANKNIFTY-II.NFO,06/09/2024,09:44:52,51774.6,51770.7,75,51778.3,15,0,180255
BANKNIFTY-II.NFO,06/09/2024,09:44:54,51778.3,51768.7,75,51780.15,90,15,180255
BANKNIFTY-II.NFO,06/09/2024,09:44:55,51778.3,51768.3,75,51779.95,30,0,180255
BANKNIFTY-II.NFO,06/09/2024,09:44:57,51778.3,51768.75,60,51777,15,0,180255
BANKNIFTY-II.NFO,06/09/2024,09:44:59,51778.3,51767.4,60,51777,15,0,180255
BANKNIFTY-II.NFO,06/09/2024,09:45:00,51774.6,51763.95,60,51774.55,45,15,180255
BANKNIFTY-II.NFO,06/09/2024,09:45:02,51774.6,51763.9,15,51769.2,30,0,180255
BANKNIFTY-II.NFO,06/09/2024,09:45:04,51767.2,51763.9,15,51767.15,15,30,180255
BANKNIFTY-II.NFO,06/09/2024,09:45:05,51763.9,51760,90,51766.75,30,15,180255
BANKNIFTY-II.NFO,06/09/2024,09:45:07,51760,51758.95,60,51762.35,300,90,180255
BANKNIFTY-II.NFO,06/09/2024,09:45:09,51758.25,51754.55,60,51759.35,255,60,180255
BANKNIFTY-II.NFO,06/09/2024,09:45:10,51755.8,51751.7,75,51759.4,240,60,180255
BANKNIFTY-II.NFO,06/09/2024,09:45:12,51755.8,51751.7,15,51758.2,15,0,180255
BANKNIFTY-II.NFO,06/09/2024,09:45:14,51755.8,51751.7,15,51756.1,45,0,180255
BANKNIFTY-II.NFO,06/09/2024,09:45:15,51750,51750,255,51754.55,30,75,180255
BANKNIFTY-II.NFO,06/09/2024,09:45:17,51750,51750,255,51754.5,45,0,180255
BANKNIFTY-II.NFO,06/09/2024,09:45:19,51751.65,51750,225,51754.5,45,90,180255
BANKNIFTY-II.NFO,06/09/2024,09:45:21,51753.4,51755.1,60,51758.8,300,75,180255
BANKNIFTY-II.NFO,06/09/2024,09:45:22,51758.75,51752,135,51758.7,45,15,180255
BANKNIFTY-II.NFO,06/09/2024,09:45:24,51758.75,51752,135,51758.05,45,0,180255
BANKNIFTY-II.NFO,06/09/2024,09:45:26,51750,51747.2,60,51757.55,15,360,181140
BANKNIFTY-II.NFO,06/09/2024,09:45:27,51759.65,51751.05,75,51759.65,255,45,181140
BANKNIFTY-II.NFO,06/09/2024,09:45:29,51759.65,51758.75,15,51759.65,15,0,181140
BANKNIFTY-II.NFO,06/09/2024,09:45:31,51754.1,51754.05,15,51759.65,300,105,181140
BANKNIFTY-II.NFO,06/09/2024,09:45:32,51754.1,51756.05,30,51764.45,300,0,181140
BANKNIFTY-II.NFO,06/09/2024,09:45:34,51754.1,51760.05,15,51767.3,300,0,181140
BANKNIFTY-II.NFO,06/09/2024,09:45:36,51754.1,51762,45,51767.45,300,0,181140
BANKNIFTY-II.NFO,06/09/2024,09:45:37,51754.1,51761.05,30,51767.75,300,0,181140
BANKNIFTY-II.NFO,06/09/2024,09:45:39,51768.95,51761.05,15,51769.35,15,60,181140
BANKNIFTY-II.NFO,06/09/2024,09:45:41,51768.95,51763.05,15,51770,15,0,181140
BANKNIFTY-II.NFO,06/09/2024,09:45:42,51770,51767.15,30,51776.25,15,15,181140
BANKNIFTY-II.NFO,06/09/2024,09:45:44,51770,51762.05,30,51771.85,300,0,181140
BANKNIFTY-II.NFO,06/09/2024,09:45:46,51770,51759.95,15,51771.1,60,0,181140
BANKNIFTY-II.NFO,06/09/2024,09:45:47,51767.25,51756.6,60,51763.4,60,45,181140
BANKNIFTY-II.NFO,06/09/2024,09:45:49,51755.35,51753.45,60,51762.2,60,15,181140
BANKNIFTY-II.NFO,06/09/2024,09:45:51,51753.55,51750,75,51753.5,30,15,181140
BANKNIFTY-II.NFO,06/09/2024,09:45:52,51750,51750,30,51752.75,60,60,181140
BANKNIFTY-II.NFO,06/09/2024,09:45:54,51750,51750,15,51754.1,15,15,181140
BANKNIFTY-II.NFO,06/09/2024,09:45:56,51753.1,51745.15,15,51748.35,45,45,181140
BANKNIFTY-II.NFO,06/09/2024,09:45:57,51745,51740.9,60,51748.85,45,45,181140
BANKNIFTY-II.NFO,06/09/2024,09:45:59,51740.9,51740.5,60,51749.85,300,15,181140
BANKNIFTY-II.NFO,06/09/2024,09:45:59,51740.9,51740.5,60,51749.85,300,0,181140
BANKNIFTY-II.NFO,06/09/2024,09:46:01,51749.4,51740.3,15,51742.1,15,30,181140
BANKNIFTY-II.NFO,06/09/2024,09:46:02,51740.3,51740.35,60,51747.95,315,15,181140
BANKNIFTY-II.NFO,06/09/2024,09:46:02,51740.3,51740.35,60,51747.95,315,0,181140
BANKNIFTY-II.NFO,06/09/2024,09:46:04,51749.55,51742.75,60,51749.95,315,15,181140
BANKNIFTY-II.NFO,06/09/2024,09:46:06,51749.55,51745.65,60,51751.1,300,0,181140
BANKNIFTY-II.NFO,06/09/2024,09:46:07,51749.4,51744.6,75,51753.15,15,30,181140
BANKNIFTY-II.NFO,06/09/2024,09:46:09,51753.65,51745.9,60,51753,105,120,181140
BANKNIFTY-II.NFO,06/09/2024,09:46:11,51753.65,51742.6,60,51751.85,30,0,181140
BANKNIFTY-II.NFO,06/09/2024,09:46:12,51753.65,51740,315,51747.95,75,0,181140
BANKNIFTY-II.NFO,06/09/2024,09:46:14,51753.65,51740,315,51749,105,0,181140
BANKNIFTY-II.NFO,06/09/2024,09:46:16,51729,51729,435,51732.4,15,750,181140
BANKNIFTY-II.NFO,06/09/2024,09:46:16,51729,51729,435,51732.4,15,0,181140
BANKNIFTY-II.NFO,06/09/2024,09:46:17,51729,51729,375,51736.45,165,60,181140
BANKNIFTY-II.NFO,06/09/2024,09:46:19,51731.4,51729,375,51732.1,150,15,181140
BANKNIFTY-II.NFO,06/09/2024,09:46:21,51733.05,51729,375,51733.45,150,15,181140
BANKNIFTY-II.NFO,06/09/2024,09:46:22,51733.05,51729,375,51730.2,150,0,181140
BANKNIFTY-II.NFO,06/09/2024,09:46:24,51729,51729,90,51732.8,150,285,181140
BANKNIFTY-II.NFO,06/09/2024,09:46:26,51729,51729,90,51734.45,15,0,181140
BANKNIFTY-II.NFO,06/09/2024,09:46:27,51729,51729,90,51734,300,0,181140
BANKNIFTY-II.NFO,06/09/2024,09:46:29,51723.55,51720,15,51720.95,75,390,181140
BANKNIFTY-II.NFO,06/09/2024,09:46:29,51723.55,51720,15,51720.95,75,0,181140
BANKNIFTY-II.NFO,06/09/2024,09:46:31,51720,51717.45,30,51726.7,300,15,181140
BANKNIFTY-II.NFO,06/09/2024,09:46:31,51720,51717.45,30,51726.7,300,0,181140
BANKNIFTY-II.NFO,06/09/2024,09:46:32,51714,51710,60,51716,90,150,181140
BANKNIFTY-II.NFO,06/09/2024,09:46:32,51714,51710,60,51716,90,0,181140
BANKNIFTY-II.NFO,06/09/2024,09:46:34,51714,51710.65,60,51718.5,45,0,181140
BANKNIFTY-II.NFO,06/09/2024,09:46:36,51714,51710,60,51716.5,300,0,181140
BANKNIFTY-II.NFO,06/09/2024,09:46:37,51711.8,51707.55,15,51711.1,75,135,181140
BANKNIFTY-II.NFO,06/09/2024,09:46:37,51710,51707.55,15,51711.1,75,0,181140
BANKNIFTY-II.NFO,06/09/2024,09:46:39,51710.75,51705.15,60,51707.05,150,30,181140
BANKNIFTY-II.NFO,06/09/2024,09:46:39,51707.55,51705.15,60,51707.05,150,0,181140
BANKNIFTY-II.NFO,06/09/2024,09:46:41,51705.05,51701,45,51703.2,150,75,181140
BANKNIFTY-II.NFO,06/09/2024,09:46:41,51702.15,51701,45,51703.2,150,0,181140
BANKNIFTY-II.NFO,06/09/2024,09:46:42,51700,51700.05,30,51707.95,150,300,181140
BANKNIFTY-II.NFO,06/09/2024,09:46:42,51700,51700.05,30,51707.95,150,0,181140
BANKNIFTY-II.NFO,06/09/2024,09:46:44,51704.4,51700,330,51705.05,150,15,181140
BANKNIFTY-II.NFO,06/09/2024,09:46:46,51700,51700,270,51700.25,60,60,181140
BANKNIFTY-II.NFO,06/09/2024,09:46:47,51699,51689.85,30,51695.95,15,420,181140
BANKNIFTY-II.NFO,06/09/2024,09:46:47,51699,51689.85,30,51695.95,15,0,181140
BANKNIFTY-II.NFO,06/09/2024,09:46:49,51697.5,51689,120,51695.75,135,225,181140
BANKNIFTY-II.NFO,06/09/2024,09:46:49,51689.9,51689,120,51695.75,135,0,181140
BANKNIFTY-II.NFO,06/09/2024,09:46:51,51698.2,51689.35,75,51699.2,60,150,181140
BANKNIFTY-II.NFO,06/09/2024,09:46:51,51689,51689.35,75,51699.2,60,0,181140
BANKNIFTY-II.NFO,06/09/2024,09:46:52,51691.2,51691.1,180,51699.1,45,15,181140
BANKNIFTY-II.NFO,06/09/2024,09:46:54,51691.95,51691.25,180,51699.45,135,15,181140
BANKNIFTY-II.NFO,06/09/2024,09:46:56,51691.95,51683.5,60,51693.5,45,0,181140
BANKNIFTY-II.NFO,06/09/2024,09:46:57,51691.95,51690.4,30,51697.95,15,0,181140
BANKNIFTY-II.NFO,06/09/2024,09:46:59,51698.2,51704.45,75,51710,15,30,181140
BANKNIFTY-II.NFO,06/09/2024,09:47:01,51698.2,51693.5,15,51702.65,15,0,181140
BANKNIFTY-II.NFO,06/09/2024,09:47:02,51698.2,51693.5,15,51697.9,45,0,181140
BANKNIFTY-II.NFO,06/09/2024,09:47:04,51698.2,51693.6,30,51700,15,0,181140
BANKNIFTY-II.NFO,06/09/2024,09:47:06,51693.6,51695.05,75,51700,15,30,181140
BANKNIFTY-II.NFO,06/09/2024,09:47:07,51700,51693.5,15,51698.6,300,15,181140
BANKNIFTY-II.NFO,06/09/2024,09:47:09,51698,51696.3,15,51699,270,30,181140
BANKNIFTY-II.NFO,06/09/2024,09:47:11,51698.2,51696.3,15,51698,15,15,181140
BANKNIFTY-II.NFO,06/09/2024,09:47:12,51698.2,51696.3,30,51700,315,0,181140
BANKNIFTY-II.NFO,06/09/2024,09:47:14,51695,51691.1,30,51698.15,300,30,181140
BANKNIFTY-II.NFO,06/09/2024,09:47:16,51692.45,51691.3,30,51700.65,30,60,181140
BANKNIFTY-II.NFO,06/09/2024,09:47:17,51692.45,51690,45,51696.45,45,0,181140
BANKNIFTY-II.NFO,06/09/2024,09:47:19,51690,51690,30,51694,30,15,181140
BANKNIFTY-II.NFO,06/09/2024,09:47:20,51690,51690,45,51698,300,0,181140
BANKNIFTY-II.NFO,06/09/2024,09:47:22,51690,51690,105,51697.25,75,0,181140
BANKNIFTY-II.NFO,06/09/2024,09:47:24,51690,51690.15,180,51697.6,30,0,181140
BANKNIFTY-II.NFO,06/09/2024,09:47:25,51690.95,51684.9,30,51693.95,15,120,181140
BANKNIFTY-II.NFO,06/09/2024,09:47:27,51690.95,51687.9,15,51695.85,45,0,181140
BANKNIFTY-II.NFO,06/09/2024,09:47:29,51690.95,51690.95,15,51694.25,45,0,181140
BANKNIFTY-II.NFO,06/09/2024,09:47:31,51690.95,51686.8,180,51694.45,45,15,181140
BANKNIFTY-II.NFO,06/09/2024,09:47:32,51691.95,51687,180,51693.45,15,30,181140
BANKNIFTY-II.NFO,06/09/2024,09:47:34,51697.95,51689.5,75,51698,300,30,181140
BANKNIFTY-II.NFO,06/09/2024,09:47:36,51690,51690.15,45,51698,300,15,181140
BANKNIFTY-II.NFO,06/09/2024,09:47:37,51697.95,51690,15,51698,75,15,181140
BANKNIFTY-II.NFO,06/09/2024,09:47:39,51690,51688.3,75,51697.95,15,15,181140
BANKNIFTY-II.NFO,06/09/2024,09:47:41,51690,51689.5,75,51698,75,0,181140
BANKNIFTY-II.NFO,06/09/2024,09:47:42,51698,51689.55,60,51698,360,15,181140
BANKNIFTY-II.NFO,06/09/2024,09:47:44,51698,51688.9,105,51697.85,300,0,181140
BANKNIFTY-II.NFO,06/09/2024,09:47:46,51698,51686.95,60,51691.9,300,0,181140
BANKNIFTY-II.NFO,06/09/2024,09:47:47,51687.2,51690,60,51692.3,300,15,181140
BANKNIFTY-II.NFO,06/09/2024,09:47:47,51687.2,51690,60,51692.3,300,0,181140
BANKNIFTY-II.NFO,06/09/2024,09:47:49,51687.2,51690.05,60,51692.25,300,0,181140
BANKNIFTY-II.NFO,06/09/2024,09:47:51,51687.2,51693.25,60,51696.15,300,0,181140
BANKNIFTY-II.NFO,06/09/2024,09:47:52,51687.2,51690,30,51694.1,300,0,181140
BANKNIFTY-II.NFO,06/09/2024,09:47:54,51687.2,51690.65,90,51698,60,0,181140
BANKNIFTY-II.NFO,06/09/2024,09:47:56,51687.2,51690,30,51692,60,0,181140
BANKNIFTY-II.NFO,06/09/2024,09:47:57,51690,51689.45,60,51692,60,30,181140
BANKNIFTY-II.NFO,06/09/2024,09:47:59,51687.35,51685.2,45,51692,60,300,181140
BANKNIFTY-II.NFO,06/09/2024,09:48:01,51692,51693.9,30,51698.7,300,75,181140
BANKNIFTY-II.NFO,06/09/2024,09:48:02,51699.55,51689.65,30,51699.95,30,90,181140
BANKNIFTY-II.NFO,06/09/2024,09:48:04,51699.55,51692.3,60,51699.6,300,0,181140
BANKNIFTY-II.NFO,06/09/2024,09:48:06,51699.55,51692.6,30,51699.7,300,0,181140
BANKNIFTY-II.NFO,06/09/2024,09:48:07,51693.2,51693.15,15,51700,15,15,181140
BANKNIFTY-II.NFO,06/09/2024,09:48:09,51700,51700,15,51706.45,300,15,181140
BANKNIFTY-II.NFO,06/09/2024,09:48:11,51700,51700.55,15,51707.45,300,0,181140
BANKNIFTY-II.NFO,06/09/2024,09:48:12,51714.8,51703.25,60,51713.95,60,105,181140
BANKNIFTY-II.NFO,06/09/2024,09:48:14,51714.8,51706.85,60,51714.95,300,0,181140
BANKNIFTY-II.NFO,06/09/2024,09:48:16,51714.8,51707.3,30,51714.95,300,0,181140
BANKNIFTY-II.NFO,06/09/2024,09:48:17,51714.8,51713.8,30,51719.9,300,0,181140
BANKNIFTY-II.NFO,06/09/2024,09:48:19,51714.8,51716.95,30,51720.9,300,0,181140
BANKNIFTY-II.NFO,06/09/2024,09:48:20,51714.8,51715.35,30,51720.85,300,0,181140
BANKNIFTY-II.NFO,06/09/2024,09:48:22,51714.8,51716.4,60,51721.5,300,0,181140
BANKNIFTY-II.NFO,06/09/2024,09:48:24,51714.8,51710.85,60,51717.9,300,0,181140
BANKNIFTY-II.NFO,06/09/2024,09:48:25,51714.8,51701.05,30,51712.85,60,0,181140
BANKNIFTY-II.NFO,06/09/2024,09:48:27,51712.95,51714.8,15,51718.8,300,15,182460
BANKNIFTY-II.NFO,06/09/2024,09:48:29,51712.95,51714.8,15,51715,15,0,182460
BANKNIFTY-II.NFO,06/09/2024,09:48:30,51715,51715.2,60,51723.55,60,15,182460
BANKNIFTY-II.NFO,06/09/2024,09:48:32,51715.1,51715.2,45,51721.4,300,15,182460
BANKNIFTY-II.NFO,06/09/2024,09:48:34,51715.1,51720.5,30,51731.7,60,0,182460
BANKNIFTY-II.NFO,06/09/2024,09:48:35,51715.1,51720.7,45,51730.7,75,0,182460
BANKNIFTY-II.NFO,06/09/2024,09:48:37,51715.1,51720.7,45,51728.45,300,0,182460
BANKNIFTY-II.NFO,06/09/2024,09:48:39,51715.1,51719.9,45,51728.15,300,0,182460
BANKNIFTY-II.NFO,06/09/2024,09:48:40,51715.1,51718.55,60,51726.4,60,0,182460
BANKNIFTY-II.NFO,06/09/2024,09:48:42,51715.1,51720.5,30,51731.75,75,0,182460
BANKNIFTY-II.NFO,06/09/2024,09:48:44,51715.1,51722.35,30,51730.8,60,0,182460
BANKNIFTY-II.NFO,06/09/2024,09:48:45,51722.2,51722.2,30,51731.9,60,30,182460
BANKNIFTY-II.NFO,06/09/2024,09:48:47,51725.95,51723.05,60,51733.05,60,75,182460
BANKNIFTY-II.NFO,06/09/2024,09:48:49,51720.7,51720.65,120,51729.9,75,60,182460
BANKNIFTY-II.NFO,06/09/2024,09:48:50,51721.05,51720,15,51728.5,105,60,182460
BANKNIFTY-II.NFO,06/09/2024,09:48:52,51720,51716.7,30,51725,135,15,182460
BANKNIFTY-II.NFO,06/09/2024,09:48:54,51719.85,51717.65,45,51726.95,60,60,182460
BANKNIFTY-II.NFO,06/09/2024,09:48:55,51717.75,51717.75,60,51726,135,45,182460
BANKNIFTY-II.NFO,06/09/2024,09:48:57,51717.75,51715,150,51725,135,45,182460
BANKNIFTY-II.NFO,06/09/2024,09:48:59,51717.75,51715.25,30,51726.95,75,0,182460
BANKNIFTY-II.NFO,06/09/2024,09:49:00,51717.75,51725,15,51728,195,0,182460
BANKNIFTY-II.NFO,06/09/2024,09:49:02,51727.6,51718.25,30,51727.95,75,75,182460
BANKNIFTY-II.NFO,06/09/2024,09:49:04,51723.85,51722.6,45,51730.2,300,30,182460
BANKNIFTY-II.NFO,06/09/2024,09:49:05,51723.85,51726.8,45,51735.2,300,0,182460
BANKNIFTY-II.NFO,06/09/2024,09:49:07,51725.3,51727.55,60,51736,120,15,182460
BANKNIFTY-II.NFO,06/09/2024,09:49:09,51727.55,51727.85,60,51735,120,30,182460
BANKNIFTY-II.NFO,06/09/2024,09:49:10,51732,51728.85,60,51734,105,30,182460
BANKNIFTY-II.NFO,06/09/2024,09:49:12,51725.6,51725,60,51730,105,45,182460
BANKNIFTY-II.NFO,06/09/2024,09:49:14,51718.25,51715,150,51723.95,15,90,182460
BANKNIFTY-II.NFO,06/09/2024,09:49:15,51718.25,51720.2,60,51727,300,0,182460
BANKNIFTY-II.NFO,06/09/2024,09:49:17,51718.25,51720.05,120,51722.45,15,0,182460
BANKNIFTY-II.NFO,06/09/2024,09:49:18,51720.05,51720.05,75,51727,105,45,182460
BANKNIFTY-II.NFO,06/09/2024,09:49:20,51720.05,51721.6,75,51729.95,15,0,182460
BANKNIFTY-II.NFO,06/09/2024,09:49:22,51720.05,51724.3,120,51730.85,60,0,182460
BANKNIFTY-II.NFO,06/09/2024,09:49:23,51720.05,51728.4,120,51733.95,60,0,182460
BANKNIFTY-II.NFO,06/09/2024,09:49:25,51726.7,51728.6,120,51734,300,15,182460
BANKNIFTY-II.NFO,06/09/2024,09:49:27,51726.7,51728.6,120,51733.9,300,0,182460
BANKNIFTY-II.NFO,06/09/2024,09:49:29,51732.95,51726.7,15,51731.55,60,75,182460
BANKNIFTY-II.NFO,06/09/2024,09:49:30,51725,51722.55,120,51731.9,60,30,182460
BANKNIFTY-II.NFO,06/09/2024,09:49:32,51722.55,51722.55,105,51730.95,75,15,182460
BANKNIFTY-II.NFO,06/09/2024,09:49:34,51731.9,51725,15,51731.75,120,15,182460
BANKNIFTY-II.NFO,06/09/2024,09:49:35,51731.9,51726.65,105,51732.35,300,0,182460
BANKNIFTY-II.NFO,06/09/2024,09:49:37,51734.5,51729.1,120,51734.45,120,60,182460
BANKNIFTY-II.NFO,06/09/2024,09:49:39,51732.95,51725,15,51729.95,120,30,182460
BANKNIFTY-II.NFO,06/09/2024,09:49:40,51725,51722.25,60,51728.95,120,15,182460
BANKNIFTY-II.NFO,06/09/2024,09:49:42,51721.65,51720.5,60,51726.65,105,30,182460
BANKNIFTY-II.NFO,06/09/2024,09:49:44,51721.65,51720,15,51725.95,120,0,182460
BANKNIFTY-II.NFO,06/09/2024,09:49:45,51717.2,51717.2,105,51721.95,105,60,182460
BANKNIFTY-II.NFO,06/09/2024,09:49:47,51717.2,51717.2,105,51725.95,105,0,182460
BANKNIFTY-II.NFO,06/09/2024,09:49:49,51718.4,51717,90,51721.95,120,15,182460
BANKNIFTY-II.NFO,06/09/2024,09:49:50,51717,51715.2,120,51723.9,105,30,182460
BANKNIFTY-II.NFO,06/09/2024,09:49:52,51715.35,51715.35,105,51722.3,105,15,182460
BANKNIFTY-II.NFO,06/09/2024,09:49:54,51713.5,51711.95,120,51718.8,120,300,182460
BANKNIFTY-II.NFO,06/09/2024,09:49:55,51713.5,51708.45,120,51716.85,105,0,182460
BANKNIFTY-II.NFO,06/09/2024,09:49:57,51713.5,51713.4,120,51720.95,105,0,182460
BANKNIFTY-II.NFO,06/09/2024,09:49:59,51713.5,51712.2,120,51718.95,105,0,182460
BANKNIFTY-II.NFO,06/09/2024,09:50:00,51713.5,51711.9,120,51717.95,105,0,182460
BANKNIFTY-II.NFO,06/09/2024,09:50:02,51713.5,51713,120,51719,105,0,182460
BANKNIFTY-II.NFO,06/09/2024,09:50:04,51713.5,51713.75,120,51719,105,0,182460
BANKNIFTY-II.NFO,06/09/2024,09:50:05,51713.5,51713.5,45,51721.15,30,315,182460
BANKNIFTY-II.NFO,06/09/2024,09:50:07,51713.5,51713.5,30,51719.05,45,15,182460
BANKNIFTY-II.NFO,06/09/2024,09:50:09,51713.5,51713.5,30,51720.35,30,0,182460
BANKNIFTY-II.NFO,06/09/2024,09:50:10,51713.5,51713.7,120,51718,15,0,182460
BANKNIFTY-II.NFO,06/09/2024,09:50:12,51713.5,51709.3,120,51718.15,45,45,182460
BANKNIFTY-II.NFO,06/09/2024,09:50:14,51713.5,51707.8,60,51710.2,30,0,182460
BANKNIFTY-II.NFO,06/09/2024,09:50:15,51714.55,51706.7,120,51714.55,300,45,182460
BANKNIFTY-II.NFO,06/09/2024,09:50:17,51706,51705.75,120,51713.7,30,15,182460
BANKNIFTY-II.NFO,06/09/2024,09:50:19,51713.5,51705.8,120,51713.85,300,30,182460
BANKNIFTY-II.NFO,06/09/2024,09:50:21,51715.6,51705,15,51712.2,60,15,182460
BANKNIFTY-II.NFO,06/09/2024,09:50:22,51705,51700,285,51706.7,165,15,182460
BANKNIFTY-II.NFO,06/09/2024,09:50:24,51700,51700,270,51703.85,15,15,182460
BANKNIFTY-II.NFO,06/09/2024,09:50:26,51700,51700,180,51703.95,315,90,182460
BANKNIFTY-II.NFO,06/09/2024,09:50:27,51700,51700,180,51703.8,300,0,182460
BANKNIFTY-II.NFO,06/09/2024,09:50:29,51700,51700,180,51706.15,300,0,182460
BANKNIFTY-II.NFO,06/09/2024,09:50:31,51700,51700,165,51703.55,300,15,182460
BANKNIFTY-II.NFO,06/09/2024,09:50:32,51698,51693.2,15,51699.6,30,555,182460
BANKNIFTY-II.NFO,06/09/2024,09:50:34,51701.95,51693.2,15,51702.3,30,15,182460
BANKNIFTY-II.NFO,06/09/2024,09:50:36,51701.95,51696,120,51706.55,30,0,182460
BANKNIFTY-II.NFO,06/09/2024,09:50:37,51701.95,51693.2,15,51699.8,30,0,182460
BANKNIFTY-II.NFO,06/09/2024,09:50:39,51701.95,51693.2,15,51701.7,30,0,182460
BANKNIFTY-II.NFO,06/09/2024,09:50:41,51693.2,51691.6,120,51700,15,15,182460
BANKNIFTY-II.NFO,06/09/2024,09:50:42,51693.2,51691.35,135,51700,15,0,182460
BANKNIFTY-II.NFO,06/09/2024,09:50:44,51700,51694.15,135,51700,30,15,182460
BANKNIFTY-II.NFO,06/09/2024,09:50:46,51700,51692.8,120,51700,15,15,182460
BANKNIFTY-II.NFO,06/09/2024,09:50:47,51700,51690,105,51699.7,30,0,182460
