Ticker,Date,Time,LTP,BuyPrice,BuyQty,SellPrice,SellQty,LTQ,OpenInterest
NIFTY-II.NFO,06/09/2024,09:15:00,25340,25325,25,25327.1,100,100,1093775
NIFTY-II.NFO,06/09/2024,09:15:00,25340,25325,25,25327.1,100,0,1093775
NIFTY-II.NFO,06/09/2024,09:15:00,25340,25325,25,25327.1,100,0,1093775
NIFTY-II.NFO,06/09/2024,09:15:00,25340,25325,25,25327.1,100,0,1093775
NIFTY-II.NFO,06/09/2024,09:15:01,25321.45,25316,100,25328.35,25,125,1093775
NIFTY-II.NFO,06/09/2024,09:15:01,25321.45,25316,100,25328.35,25,0,1093775
NIFTY-II.NFO,06/09/2024,09:15:03,25325.05,25325,25,25335.5,100,325,1093775
NIFTY-II.NFO,06/09/2024,09:15:03,25314.25,25325,25,25335.5,100,0,1093775
NIFTY-II.NFO,06/09/2024,09:15:04,25331,25325.05,100,25337.65,100,125,1093775
NIFTY-II.NFO,06/09/2024,09:15:05,25331,25320.05,100,25331.4,50,275,1093775
NIFTY-II.NFO,06/09/2024,09:15:07,25332.4,25327.1,25,25330.65,125,50,1093775
NIFTY-II.NFO,06/09/2024,09:15:08,25323.75,25317.25,100,25328.85,75,425,1093775
NIFTY-II.NFO,06/09/2024,09:15:10,25318.25,25315.15,100,25327.25,75,125,1093775
NIFTY-II.NFO,06/09/2024,09:15:11,25314.75,25318.3,100,25320,25,50,1093775
NIFTY-II.NFO,06/09/2024,09:15:12,25323.75,25318.3,100,25326.55,75,50,1093775
NIFTY-II.NFO,06/09/2024,09:15:14,25323.75,25318.25,50,25322.75,75,0,1093775
NIFTY-II.NFO,06/09/2024,09:15:15,25323.2,25318.25,50,25323.25,75,75,1093775
NIFTY-II.NFO,06/09/2024,09:15:17,25320,25318.25,50,25320,50,50,1093775
NIFTY-II.NFO,06/09/2024,09:15:18,25320,25318.25,50,25324.4,125,175,1093775
NIFTY-II.NFO,06/09/2024,09:15:20,25320,25318.25,50,25324.95,125,50,1093775
NIFTY-II.NFO,06/09/2024,09:15:21,25322.8,25320,25,25322.95,125,50,1094350
NIFTY-II.NFO,06/09/2024,09:15:23,25318.25,25316,25,25318.5,125,100,1094350
NIFTY-II.NFO,06/09/2024,09:15:24,25314,25312.8,25,25315.2,125,250,1094350
NIFTY-II.NFO,06/09/2024,09:15:24,25314,25312.8,25,25315.2,125,0,1094350
NIFTY-II.NFO,06/09/2024,09:15:26,25320,25312.85,100,25320.4,250,50,1094350
NIFTY-II.NFO,06/09/2024,09:15:27,25322.5,25318.25,25,25322.3,125,50,1094350
NIFTY-II.NFO,06/09/2024,09:15:29,25320,25316,100,25324.5,175,100,1094350
NIFTY-II.NFO,06/09/2024,09:15:30,25324.45,25322.45,25,25324.75,75,75,1094350
NIFTY-II.NFO,06/09/2024,09:15:32,25324.75,25320.85,50,25324.75,25,50,1094350
NIFTY-II.NFO,06/09/2024,09:15:33,25324.75,25315.5,25,25323.35,175,0,1094350
NIFTY-II.NFO,06/09/2024,09:15:35,25324.75,25313.85,50,25313.9,25,0,1094350
NIFTY-II.NFO,06/09/2024,09:15:36,25313.9,25318,500,25320.25,50,100,1094350
NIFTY-II.NFO,06/09/2024,09:15:36,25313.9,25318,500,25320.25,50,0,1094350
NIFTY-II.NFO,06/09/2024,09:15:38,25320.9,25312.9,100,25319.9,300,675,1094350
NIFTY-II.NFO,06/09/2024,09:15:39,25320.9,25312.35,50,25317.45,75,0,1094350
NIFTY-II.NFO,06/09/2024,09:15:41,25312.5,25312.45,50,25317.4,25,125,1094350
NIFTY-II.NFO,06/09/2024,09:15:41,25312.5,25312.45,50,25317.4,25,0,1094350
NIFTY-II.NFO,06/09/2024,09:15:42,25319.9,25313.3,175,25319.55,125,125,1094350
NIFTY-II.NFO,06/09/2024,09:15:44,25321,25312.5,100,25319,300,525,1094350
NIFTY-II.NFO,06/09/2024,09:15:45,25321,25312.45,50,25316.3,75,0,1094350
NIFTY-II.NFO,06/09/2024,09:15:47,25317.45,25315,25,25319.8,150,50,1094350
NIFTY-II.NFO,06/09/2024,09:15:49,25315.05,25312.5,50,25316.25,75,100,1094350
NIFTY-II.NFO,06/09/2024,09:15:50,25315.05,25312.5,50,25316.75,100,0,1094350
NIFTY-II.NFO,06/09/2024,09:15:52,25315.05,25312.5,125,25317,25,0,1094350
NIFTY-II.NFO,06/09/2024,09:15:53,25317,25312.5,50,25316.75,100,25,1094350
NIFTY-II.NFO,06/09/2024,09:15:55,25315.05,25312.5,50,25315.05,25,50,1094350
NIFTY-II.NFO,06/09/2024,09:15:56,25312.5,25312.5,25,25315,50,50,1094350
NIFTY-II.NFO,06/09/2024,09:15:58,25315,25312.5,25,25316.75,50,50,1094350
NIFTY-II.NFO,06/09/2024,09:15:59,25316.35,25312,50,25315.9,125,75,1094350
NIFTY-II.NFO,06/09/2024,09:16:01,25315.9,25312,50,25313.6,75,75,1094350
NIFTY-II.NFO,06/09/2024,09:16:03,25311.05,25311,125,25311.2,300,850,1094350
NIFTY-II.NFO,06/09/2024,09:16:03,25311.05,25311,125,25311.2,300,0,1094350
NIFTY-II.NFO,06/09/2024,09:16:04,25308,25308,150,25309.25,100,1425,1094350
NIFTY-II.NFO,06/09/2024,09:16:04,25308,25308,150,25309.25,100,0,1094350
NIFTY-II.NFO,06/09/2024,09:16:06,25305.4,25303,25,25306.55,25,450,1094350
NIFTY-II.NFO,06/09/2024,09:16:06,25304.9,25303,25,25306.55,25,0,1094350
NIFTY-II.NFO,06/09/2024,09:16:07,25305.4,25303,25,25306,25,0,1094350
NIFTY-II.NFO,06/09/2024,09:16:09,25305.4,25306,25,25307.65,125,0,1094350
NIFTY-II.NFO,06/09/2024,09:16:10,25306,25306.05,50,25307.75,75,75,1094350
NIFTY-II.NFO,06/09/2024,09:16:12,25306.05,25308,100,25311.85,375,275,1094350
NIFTY-II.NFO,06/09/2024,09:16:13,25308,25308,150,25313.7,25,25,1094350
NIFTY-II.NFO,06/09/2024,09:16:15,25313.45,25308,150,25313.45,300,25,1094350
NIFTY-II.NFO,06/09/2024,09:16:17,25312.65,25308,75,25313,300,25,1094350
NIFTY-II.NFO,06/09/2024,09:16:18,25308,25308,50,25310.35,250,50,1094350
NIFTY-II.NFO,06/09/2024,09:16:20,25308,25306.05,25,25308.85,250,100,1094350
NIFTY-II.NFO,06/09/2024,09:16:21,25308,25306.05,25,25307.6,125,0,1094350
NIFTY-II.NFO,06/09/2024,09:16:23,25305.6,25305.4,50,25305.75,125,75,1094350
NIFTY-II.NFO,06/09/2024,09:16:25,25305.4,25305,25,25306.1,250,75,1094350
NIFTY-II.NFO,06/09/2024,09:16:26,25302.75,25302.1,100,25306.85,125,225,1094350
NIFTY-II.NFO,06/09/2024,09:16:26,25302.75,25302.1,100,25306.85,125,0,1094350
NIFTY-II.NFO,06/09/2024,09:16:28,25302.2,25302.05,25,25307,25,50,1094350
NIFTY-II.NFO,06/09/2024,09:16:28,25302.2,25302.05,25,25307,25,0,1094350
NIFTY-II.NFO,06/09/2024,09:16:30,25307.7,25302.1,175,25307.7,125,225,1094350
NIFTY-II.NFO,06/09/2024,09:16:30,25302.1,25302.1,175,25307.7,125,0,1094350
NIFTY-II.NFO,06/09/2024,09:16:31,25309.6,25306.85,25,25309.65,125,75,1094350
NIFTY-II.NFO,06/09/2024,09:16:33,25308.6,25305.55,50,25308.7,125,50,1094350
NIFTY-II.NFO,06/09/2024,09:16:34,25305.55,25305.55,25,25308.5,125,50,1094350
NIFTY-II.NFO,06/09/2024,09:16:36,25308.5,25303.05,100,25309.3,125,50,1094350
NIFTY-II.NFO,06/09/2024,09:16:38,25309.25,25304.05,100,25309.3,375,50,1094350
NIFTY-II.NFO,06/09/2024,09:16:39,25304.05,25304.05,175,25305.55,50,100,1094350
NIFTY-II.NFO,06/09/2024,09:16:41,25305.55,25304.55,100,25309.95,25,50,1094350
NIFTY-II.NFO,06/09/2024,09:16:43,25309.3,25304,25,25308.7,25,50,1094350
NIFTY-II.NFO,06/09/2024,09:16:44,25307.8,25304.05,100,25309.1,125,400,1094350
NIFTY-II.NFO,06/09/2024,09:16:46,25309.3,25309.3,100,25310,50,50,1094350
NIFTY-II.NFO,06/09/2024,09:16:48,25309.3,25309.3,150,25309.75,25,50,1094350
NIFTY-II.NFO,06/09/2024,09:16:49,25310,25309.3,150,25312.8,125,50,1094350
NIFTY-II.NFO,06/09/2024,09:16:51,25309.3,25309.3,125,25312.75,125,25,1094350
NIFTY-II.NFO,06/09/2024,09:16:52,25312.9,25309.3,25,25312.15,250,75,1094350
NIFTY-II.NFO,06/09/2024,09:16:54,25312.9,25310,100,25311.65,75,0,1094350
NIFTY-II.NFO,06/09/2024,09:16:56,25308,25307.8,100,25310.1,125,175,1094350
NIFTY-II.NFO,06/09/2024,09:16:57,25306.65,25305,50,25306.7,75,350,1094350
NIFTY-II.NFO,06/09/2024,09:16:59,25307.4,25305.05,25,25307.3,75,25,1094350
NIFTY-II.NFO,06/09/2024,09:17:01,25305,25305,25,25306.35,125,125,1094350
NIFTY-II.NFO,06/09/2024,09:17:02,25303.05,25303,525,25304.9,125,200,1094350
NIFTY-II.NFO,06/09/2024,09:17:04,25303,25303,475,25305.8,75,50,1094350
NIFTY-II.NFO,06/09/2024,09:17:05,25305.7,25303,450,25304.8,75,150,1094350
NIFTY-II.NFO,06/09/2024,09:17:07,25305.65,25303,450,25306.05,75,25,1094350
NIFTY-II.NFO,06/09/2024,09:17:09,25305,25303,450,25305.15,75,25,1094350
NIFTY-II.NFO,06/09/2024,09:17:10,25305.15,25303,450,25303.4,50,50,1094350
NIFTY-II.NFO,06/09/2024,09:17:12,25303.5,25302,275,25302.5,25,550,1094350
NIFTY-II.NFO,06/09/2024,09:17:14,25303.5,25302,275,25302.5,50,0,1094350
NIFTY-II.NFO,06/09/2024,09:17:15,25303.5,25302,275,25302.5,25,0,1094350
NIFTY-II.NFO,06/09/2024,09:17:17,25302.05,25302.05,175,25305.75,25,75,1094350
NIFTY-II.NFO,06/09/2024,09:17:17,25302.05,25302.05,175,25305.75,25,0,1094350
NIFTY-II.NFO,06/09/2024,09:17:18,25302.05,25305.1,100,25308,25,0,1094350
NIFTY-II.NFO,06/09/2024,09:17:20,25305.1,25305.1,100,25308,25,25,1094350
NIFTY-II.NFO,06/09/2024,09:17:22,25305.1,25304.35,100,25308,25,0,1094350
NIFTY-II.NFO,06/09/2024,09:17:23,25308,25303.55,175,25309.1,150,25,1094350
NIFTY-II.NFO,06/09/2024,09:17:25,25303.55,25303.55,150,25308.25,150,50,1094350
NIFTY-II.NFO,06/09/2024,09:17:27,25303.55,25303.5,50,25307.8,125,0,1094350
NIFTY-II.NFO,06/09/2024,09:17:28,25307.7,25306,75,25307.55,25,125,1094350
NIFTY-II.NFO,06/09/2024,09:17:30,25308.25,25306,75,25308.25,75,100,1094350
NIFTY-II.NFO,06/09/2024,09:17:32,25308.25,25306,150,25309.45,100,25,1094350
NIFTY-II.NFO,06/09/2024,09:17:33,25308.25,25306,150,25308.25,25,0,1094350
NIFTY-II.NFO,06/09/2024,09:17:35,25308.25,25306,150,25309.05,75,25,1094350
NIFTY-II.NFO,06/09/2024,09:17:37,25308.25,25306,75,25308.4,150,0,1094350
NIFTY-II.NFO,06/09/2024,09:17:38,25308.25,25306.05,100,25309.5,25,0,1094350
NIFTY-II.NFO,06/09/2024,09:17:40,25308.25,25306.05,100,25310,275,0,1094350
NIFTY-II.NFO,06/09/2024,09:17:41,25308.25,25306.15,175,25310,275,0,1094350
NIFTY-II.NFO,06/09/2024,09:17:43,25308,25306.15,175,25308,75,25,1094350
NIFTY-II.NFO,06/09/2024,09:17:45,25308,25306.15,175,25308,75,0,1094350
NIFTY-II.NFO,06/09/2024,09:17:46,25308,25306.1,50,25308,75,0,1094350
NIFTY-II.NFO,06/09/2024,09:17:48,25308,25306.05,100,25308,75,50,1094350
NIFTY-II.NFO,06/09/2024,09:17:50,25308,25306.15,100,25308,50,25,1094350
NIFTY-II.NFO,06/09/2024,09:17:51,25308,25306.2,50,25309.55,75,50,1094350
NIFTY-II.NFO,06/09/2024,09:17:53,25308,25306.2,50,25309.55,75,0,1094350
NIFTY-II.NFO,06/09/2024,09:17:54,25308,25308,200,25309.55,75,0,1094350
NIFTY-II.NFO,06/09/2024,09:17:58,25310,25308,275,25310,225,50,1094350
NIFTY-II.NFO,06/09/2024,09:17:59,25310,25308,225,25310,225,0,1094350
NIFTY-II.NFO,06/09/2024,09:18:01,25308,25308,200,25310,250,100,1094350
NIFTY-II.NFO,06/09/2024,09:18:03,25308,25308,200,25308.4,200,75,1094350
NIFTY-II.NFO,06/09/2024,09:18:04,25308,25307,25,25307.45,200,200,1094350
NIFTY-II.NFO,06/09/2024,09:18:06,25303.5,25303.05,50,25306.05,75,475,1094350
NIFTY-II.NFO,06/09/2024,09:18:07,25305.7,25303.05,50,25305.75,25,75,1094350
NIFTY-II.NFO,06/09/2024,09:18:09,25306.2,25303.05,150,25306.85,25,100,1094350
NIFTY-II.NFO,06/09/2024,09:18:11,25306.2,25303.05,50,25306.55,75,0,1094350
NIFTY-II.NFO,06/09/2024,09:18:12,25306.55,25305.7,250,25306.35,50,100,1094350
NIFTY-II.NFO,06/09/2024,09:18:14,25306.55,25305.7,250,25306.5,50,0,1094350
NIFTY-II.NFO,06/09/2024,09:18:17,25307.3,25305.7,250,25307,25,100,1094350
NIFTY-II.NFO,06/09/2024,09:18:19,25305,25303.05,50,25305.7,125,275,1094350
NIFTY-II.NFO,06/09/2024,09:18:21,25305.05,25303.05,50,25305.05,125,25,1094350
NIFTY-II.NFO,06/09/2024,09:18:22,25303.05,25303,75,25304.4,125,50,1092650
NIFTY-II.NFO,06/09/2024,09:18:24,25303.05,25303,75,25304.4,125,0,1092650
NIFTY-II.NFO,06/09/2024,09:18:25,25302,25302,100,25302.6,125,350,1092650
NIFTY-II.NFO,06/09/2024,09:18:25,25302,25302,100,25302.6,125,0,1092650
NIFTY-II.NFO,06/09/2024,09:18:27,25300,25300,1200,25300.7,25,950,1092650
NIFTY-II.NFO,06/09/2024,09:18:27,25300,25300,1200,25300.7,25,0,1092650
NIFTY-II.NFO,06/09/2024,09:18:29,25295,25294.55,25,25295,25,2150,1092650
NIFTY-II.NFO,06/09/2024,09:18:29,25294.4,25294.55,25,25295,25,0,1092650
NIFTY-II.NFO,06/09/2024,09:18:30,25299.3,25294.05,100,25298.75,100,200,1092650
NIFTY-II.NFO,06/09/2024,09:18:32,25298.75,25293.95,25,25295.5,25,175,1092650
NIFTY-II.NFO,06/09/2024,09:18:32,25294,25293.95,25,25295.5,25,0,1092650
NIFTY-II.NFO,06/09/2024,09:18:34,25298.75,25292.85,25,25297,275,0,1092650
NIFTY-II.NFO,06/09/2024,09:18:35,25297,25292.85,25,25296.85,25,5025,1092650
NIFTY-II.NFO,06/09/2024,09:18:37,25296.85,25292.85,50,25296.95,150,25,1092650
NIFTY-II.NFO,06/09/2024,09:18:39,25296.95,25292.85,25,25294.55,125,25,1092650
NIFTY-II.NFO,06/09/2024,09:18:40,25296.95,25291,25,25292.85,50,0,1092650
NIFTY-II.NFO,06/09/2024,09:18:42,25294.4,25291,25,25294.05,125,125,1092650
NIFTY-II.NFO,06/09/2024,09:18:42,25292.85,25291,25,25294.05,125,0,1092650
NIFTY-II.NFO,06/09/2024,09:18:44,25291,25290,1475,25294,75,25,1092650
NIFTY-II.NFO,06/09/2024,09:18:44,25291,25290,1475,25294,75,0,1092650
NIFTY-II.NFO,06/09/2024,09:18:45,25290,25290.05,100,25296.05,25,25,1092650
NIFTY-II.NFO,06/09/2024,09:18:45,25290,25290.05,100,25296.05,25,0,1092650
NIFTY-II.NFO,06/09/2024,09:18:47,25291.65,25290.1,100,25295.3,50,25,1092650
NIFTY-II.NFO,06/09/2024,09:18:49,25290.1,25291.05,175,25295.9,25,25,1092650
NIFTY-II.NFO,06/09/2024,09:18:50,25296.05,25291.05,150,25296.35,125,125,1092650
NIFTY-II.NFO,06/09/2024,09:18:52,25291.05,25291.3,50,25296.35,150,25,1092650
NIFTY-II.NFO,06/09/2024,09:18:53,25295.85,25291,100,25295.05,100,50,1092650
NIFTY-II.NFO,06/09/2024,09:18:55,25295.85,25291.1,175,25296.5,100,0,1092650
NIFTY-II.NFO,06/09/2024,09:18:57,25295.85,25292.8,175,25296.85,25,0,1092650
NIFTY-II.NFO,06/09/2024,09:18:58,25296.85,25293.45,175,25298.7,100,25,1092650
NIFTY-II.NFO,06/09/2024,09:19:00,25292.35,25292.35,75,25295,25,125,1092650
NIFTY-II.NFO,06/09/2024,09:19:02,25295,25292.15,100,25297.8,100,25,1092650
NIFTY-II.NFO,06/09/2024,09:19:03,25295,25291.05,25,25295.45,100,0,1092650
NIFTY-II.NFO,06/09/2024,09:19:05,25294.6,25291.05,25,25294.65,100,50,1092650
NIFTY-II.NFO,06/09/2024,09:19:07,25294.2,25291.05,25,25293.95,25,50,1092650
NIFTY-II.NFO,06/09/2024,09:19:08,25293,25291,100,25294.65,100,25,1092650
NIFTY-II.NFO,06/09/2024,09:19:10,25293,25292.55,25,25293.95,100,0,1092650
NIFTY-II.NFO,06/09/2024,09:19:12,25295.1,25292.55,25,25295.1,75,75,1092650
NIFTY-II.NFO,06/09/2024,09:19:13,25295.05,25290.15,175,25294.9,25,200,1092650
NIFTY-II.NFO,06/09/2024,09:19:15,25295.05,25293,25,25295.05,25,0,1092650
NIFTY-II.NFO,06/09/2024,09:19:17,25295.05,25293,25,25293.8,25,0,1092650
NIFTY-II.NFO,06/09/2024,09:19:19,25293,25292,250,25293.8,25,25,1092650
NIFTY-II.NFO,06/09/2024,09:19:20,25293,25292,250,25293.1,125,0,1092650
NIFTY-II.NFO,06/09/2024,09:19:22,25293.5,25292,250,25293.65,25,75,1092650
NIFTY-II.NFO,06/09/2024,09:19:24,25293.65,25292,250,25295.5,25,25,1092650
NIFTY-II.NFO,06/09/2024,09:19:25,25293.65,25292,250,25294.85,25,0,1092650
NIFTY-II.NFO,06/09/2024,09:19:27,25294.85,25292,300,25294.1,125,25,1092650
NIFTY-II.NFO,06/09/2024,09:19:29,25294.85,25292,300,25293.3,125,0,1092650
NIFTY-II.NFO,06/09/2024,09:19:30,25290,25290,1000,25292.75,125,1025,1092650
NIFTY-II.NFO,06/09/2024,09:19:32,25290,25290,975,25292.75,125,25,1092650
NIFTY-II.NFO,06/09/2024,09:19:34,25290,25290,950,25292.25,125,25,1092650
NIFTY-II.NFO,06/09/2024,09:19:35,25290,25290,950,25292.25,125,0,1092650
NIFTY-II.NFO,06/09/2024,09:19:37,25292.25,25290,950,25292.2,125,25,1092650
NIFTY-II.NFO,06/09/2024,09:19:39,25292.25,25290,1050,25292.4,125,0,1092650
NIFTY-II.NFO,06/09/2024,09:19:40,25292.4,25292,25,25292.65,25,25,1092650
NIFTY-II.NFO,06/09/2024,09:19:42,25292,25290,1100,25292.6,25,25,1092650
NIFTY-II.NFO,06/09/2024,09:19:44,25290,25290,1075,25292.2,225,50,1092650
NIFTY-II.NFO,06/09/2024,09:19:45,25292.2,25290,1025,25292.1,100,50,1092650
NIFTY-II.NFO,06/09/2024,09:19:47,25292.2,25290,1050,25292.1,100,0,1092650
NIFTY-II.NFO,06/09/2024,09:19:49,25291.2,25290,1075,25291.55,250,25,1092650
NIFTY-II.NFO,06/09/2024,09:19:50,25291.2,25290.05,25,25291.55,75,0,1092650
NIFTY-II.NFO,06/09/2024,09:19:52,25291.2,25290.05,25,25291.2,75,0,1092650
NIFTY-II.NFO,06/09/2024,09:19:54,25290.95,25290,1000,25290.95,25,75,1092650
NIFTY-II.NFO,06/09/2024,09:19:55,25290,25290,550,25290.4,25,475,1092650
NIFTY-II.NFO,06/09/2024,09:19:57,25290.5,25290,425,25290.6,50,175,1092650
NIFTY-II.NFO,06/09/2024,09:19:59,25289,25288,50,25289.5,25,450,1092650
NIFTY-II.NFO,06/09/2024,09:19:59,25289,25288,50,25289.5,25,0,1092650
NIFTY-II.NFO,06/09/2024,09:20:00,25285.1,25285,125,25289.8,25,400,1092650
NIFTY-II.NFO,06/09/2024,09:20:00,25285.1,25285,125,25289.8,25,0,1092650
NIFTY-II.NFO,06/09/2024,09:20:02,25280.9,25280.4,25,25289,100,625,1092650
NIFTY-II.NFO,06/09/2024,09:20:02,25280.9,25280.4,25,25289,100,0,1092650
NIFTY-II.NFO,06/09/2024,09:20:04,25281.05,25280,625,25284.75,25,75,1092650
NIFTY-II.NFO,06/09/2024,09:20:04,25280.1,25280,625,25284.75,25,0,1092650
NIFTY-II.NFO,06/09/2024,09:20:05,25281.05,25280,625,25284.4,25,0,1092650
NIFTY-II.NFO,06/09/2024,09:20:07,25281.05,25280,625,25283.6,100,0,1092650
NIFTY-II.NFO,06/09/2024,09:20:09,25283.35,25280,575,25283.4,100,125,1092650
NIFTY-II.NFO,06/09/2024,09:20:09,25280,25280,575,25283.4,100,0,1092650
NIFTY-II.NFO,06/09/2024,09:20:10,25284.25,25280,650,25284.25,75,175,1092650
NIFTY-II.NFO,06/09/2024,09:20:12,25284.4,25280.15,25,25284.45,50,375,1092650
NIFTY-II.NFO,06/09/2024,09:20:14,25285,25280.15,100,25285,25,100,1092650
NIFTY-II.NFO,06/09/2024,09:20:15,25280,25280,300,25283.6,200,275,1092650
NIFTY-II.NFO,06/09/2024,09:20:17,25280,25280.6,25,25285,25,25,1092650
NIFTY-II.NFO,06/09/2024,09:20:19,25284.6,25280.15,100,25284.95,50,25,1092650
NIFTY-II.NFO,06/09/2024,09:20:20,25281.15,25280.2,50,25285,50,75,1092650
NIFTY-II.NFO,06/09/2024,09:20:22,25285,25284.55,100,25288.85,25,50,1092650
NIFTY-II.NFO,06/09/2024,09:20:24,25284.55,25282.85,100,25288.85,25,25,1092650
NIFTY-II.NFO,06/09/2024,09:20:25,25282.75,25282.15,100,25288,25,25,1092650
NIFTY-II.NFO,06/09/2024,09:20:27,25284.6,25284.6,150,25285,25,25,1092650
NIFTY-II.NFO,06/09/2024,09:20:29,25285,25284.6,150,25289.95,25,25,1092650
NIFTY-II.NFO,06/09/2024,09:20:30,25284.6,25285,175,25290,50,25,1092650
NIFTY-II.NFO,06/09/2024,09:20:32,25284.6,25285.75,25,25290,50,0,1092650
NIFTY-II.NFO,06/09/2024,09:20:34,25284.6,25285.95,75,25290,75,0,1092650
NIFTY-II.NFO,06/09/2024,09:20:35,25286.2,25286.1,75,25290,50,50,1092650
NIFTY-II.NFO,06/09/2024,09:20:37,25286.2,25286.6,100,25289.75,25,0,1092650
NIFTY-II.NFO,06/09/2024,09:20:39,25286.2,25287,100,25289.75,25,0,1092650
NIFTY-II.NFO,06/09/2024,09:20:40,25286.2,25287,75,25289.75,25,0,1092650
NIFTY-II.NFO,06/09/2024,09:20:42,25287.05,25287,75,25290,25,50,1092650
NIFTY-II.NFO,06/09/2024,09:20:44,25290,25289,100,25290.95,25,25,1092650
NIFTY-II.NFO,06/09/2024,09:20:45,25295,25290.25,75,25295,75,225,1092650
NIFTY-II.NFO,06/09/2024,09:20:47,25290.4,25290.4,150,25296.55,100,325,1092650
NIFTY-II.NFO,06/09/2024,09:20:49,25296.55,25290.7,225,25295,25,100,1092650
NIFTY-II.NFO,06/09/2024,09:20:50,25296.55,25290.9,100,25295,25,0,1092650
NIFTY-II.NFO,06/09/2024,09:20:52,25295,25291.95,25,25295,25,25,1092650
NIFTY-II.NFO,06/09/2024,09:20:54,25296.95,25291.55,100,25296.35,25,50,1092650
NIFTY-II.NFO,06/09/2024,09:20:55,25295.25,25290.05,100,25295.65,25,25,1092650
NIFTY-II.NFO,06/09/2024,09:20:57,25295.55,25290.05,175,25296.05,125,125,1092650
NIFTY-II.NFO,06/09/2024,09:20:59,25295.55,25290.4,175,25296.8,250,0,1092650
NIFTY-II.NFO,06/09/2024,09:21:00,25290.35,25290.35,25,25293.4,75,50,1092650
NIFTY-II.NFO,06/09/2024,09:21:02,25294.45,25290.35,25,25294.8,75,25,1092650
NIFTY-II.NFO,06/09/2024,09:21:04,25294.35,25290,100,25295.4,100,50,1092650
NIFTY-II.NFO,06/09/2024,09:21:05,25290.3,25290.05,25,25294.8,75,75,1092650
NIFTY-II.NFO,06/09/2024,09:21:07,25290,25290.05,25,25295.55,325,75,1092650
NIFTY-II.NFO,06/09/2024,09:21:09,25290,25290.8,25,25295.3,325,0,1092650
NIFTY-II.NFO,06/09/2024,09:21:10,25296.5,25290.85,150,25296.65,25,75,1092650
NIFTY-II.NFO,06/09/2024,09:21:12,25290.85,25292.6,100,25297.7,25,25,1092650
NIFTY-II.NFO,06/09/2024,09:21:14,25298.2,25292.95,125,25299.45,25,25,1092650
NIFTY-II.NFO,06/09/2024,09:21:15,25298.2,25296.1,50,25300,50,0,1092650
NIFTY-II.NFO,06/09/2024,09:21:17,25298.2,25295.5,75,25300,50,0,1092650
NIFTY-II.NFO,06/09/2024,09:21:19,25298.2,25295.35,100,25300,50,0,1092650
NIFTY-II.NFO,06/09/2024,09:21:22,25298.2,25295.35,175,25300,25,0,1092650
NIFTY-II.NFO,06/09/2024,09:21:25,25296.05,25296.05,100,25300,25,50,1091625
NIFTY-II.NFO,06/09/2024,09:21:27,25296.05,25296.2,100,25300,25,0,1091625
NIFTY-II.NFO,06/09/2024,09:21:30,25296.05,25296,25,25300,25,75,1091625
NIFTY-II.NFO,06/09/2024,09:21:32,25296.3,25296.3,100,25300,25,50,1091625
NIFTY-II.NFO,06/09/2024,09:21:34,25300,25296.05,125,25301.55,100,50,1091625
NIFTY-II.NFO,06/09/2024,09:21:35,25300,25300,75,25301.6,25,0,1091625
NIFTY-II.NFO,06/09/2024,09:21:37,25300,25300,50,25301.6,25,25,1091625
NIFTY-II.NFO,06/09/2024,09:21:39,25302.85,25300,50,25302.8,100,50,1091625
NIFTY-II.NFO,06/09/2024,09:21:40,25302.85,25300,100,25302.35,350,0,1091625
NIFTY-II.NFO,06/09/2024,09:21:42,25302.85,25300,125,25303.05,100,0,1091625
NIFTY-II.NFO,06/09/2024,09:21:44,25300,25300,100,25304,100,50,1091625
NIFTY-II.NFO,06/09/2024,09:21:45,25300,25296.95,50,25302.5,175,100,1091625
NIFTY-II.NFO,06/09/2024,09:21:47,25300,25296.05,25,25299.8,100,0,1091625
NIFTY-II.NFO,06/09/2024,09:21:49,25296,25295,50,25297.35,100,50,1091625
NIFTY-II.NFO,06/09/2024,09:21:50,25295,25295,25,25296.65,175,25,1091625
NIFTY-II.NFO,06/09/2024,09:21:52,25295.1,25291.8,50,25297.25,100,50,1091625
NIFTY-II.NFO,06/09/2024,09:21:54,25295.1,25291.8,50,25296.3,200,0,1091625
NIFTY-II.NFO,06/09/2024,09:21:55,25295.1,25293.6,125,25300.6,175,0,1091625
NIFTY-II.NFO,06/09/2024,09:21:57,25299.05,25295.1,50,25298.25,100,25,1091625
NIFTY-II.NFO,06/09/2024,09:21:59,25299.05,25295.1,50,25298.75,100,0,1091625
NIFTY-II.NFO,06/09/2024,09:22:00,25297.8,25295.1,50,25299.1,100,25,1091625
NIFTY-II.NFO,06/09/2024,09:22:02,25297.8,25295.1,100,25299.1,250,0,1091625
NIFTY-II.NFO,06/09/2024,09:22:04,25297.8,25296.05,100,25300,25,0,1091625
NIFTY-II.NFO,06/09/2024,09:22:05,25297.8,25296.05,175,25300,25,0,1091625
NIFTY-II.NFO,06/09/2024,09:22:07,25297.8,25296.05,100,25300,25,0,1091625
NIFTY-II.NFO,06/09/2024,09:22:09,25299.75,25296,25,25299.75,75,50,1091625
NIFTY-II.NFO,06/09/2024,09:22:10,25301,25296.25,175,25301.55,100,100,1091625
NIFTY-II.NFO,06/09/2024,09:22:12,25301,25295.5,225,25301.45,100,0,1091625
NIFTY-II.NFO,06/09/2024,09:22:14,25301.35,25297.8,25,25300.9,75,25,1091625
NIFTY-II.NFO,06/09/2024,09:22:15,25300,25297.8,25,25300.8,75,25,1091625
NIFTY-II.NFO,06/09/2024,09:22:17,25300,25297.8,25,25301.15,75,0,1091625
NIFTY-II.NFO,06/09/2024,09:22:19,25301.2,25297.8,25,25301.2,125,100,1091625
NIFTY-II.NFO,06/09/2024,09:22:20,25300,25300,125,25300.3,225,50,1091625
NIFTY-II.NFO,06/09/2024,09:22:22,25300,25300,50,25301.1,225,75,1091625
NIFTY-II.NFO,06/09/2024,09:22:24,25300,25300,50,25301.55,225,0,1091625
NIFTY-II.NFO,06/09/2024,09:22:25,25300,25300,50,25300.75,225,0,1091625
NIFTY-II.NFO,06/09/2024,09:22:27,25301.05,25300,1250,25301.85,125,25,1091625
NIFTY-II.NFO,06/09/2024,09:22:29,25301.05,25300,1250,25302,125,0,1091625
NIFTY-II.NFO,06/09/2024,09:22:30,25301.05,25300,1250,25300.75,125,50,1091625
NIFTY-II.NFO,06/09/2024,09:22:32,25300,25300,1175,25300.75,125,75,1091625
NIFTY-II.NFO,06/09/2024,09:22:34,25300,25300,1150,25302.8,125,50,1091625
NIFTY-II.NFO,06/09/2024,09:22:35,25300,25300,1150,25302.15,125,0,1091625
NIFTY-II.NFO,06/09/2024,09:22:37,25301.95,25300,1150,25302.85,375,125,1091625
NIFTY-II.NFO,06/09/2024,09:22:39,25300,25300,1125,25301,25,25,1091625
NIFTY-II.NFO,06/09/2024,09:22:40,25301,25300.05,175,25303.85,125,25,1091625
NIFTY-II.NFO,06/09/2024,09:22:42,25301,25300.05,175,25304.35,125,0,1091625
NIFTY-II.NFO,06/09/2024,09:22:45,25301,25300.45,100,25304.95,125,0,1091625
NIFTY-II.NFO,06/09/2024,09:22:47,25301,25301,25,25305.6,250,0,1091625
NIFTY-II.NFO,06/09/2024,09:22:49,25301,25301,25,25304.9,125,0,1091625
NIFTY-II.NFO,06/09/2024,09:22:50,25301,25301.05,175,25305.5,125,0,1091625
NIFTY-II.NFO,06/09/2024,09:22:52,25302.85,25302.15,175,25302.85,1775,25,1091625
NIFTY-II.NFO,06/09/2024,09:22:54,25302.85,25302.15,250,25302.85,1775,0,1091625
NIFTY-II.NFO,06/09/2024,09:22:55,25302.85,25302.8,150,25302.85,1450,325,1091625
NIFTY-II.NFO,06/09/2024,09:22:57,25302.85,25303.6,100,25308,25,1450,1091625
NIFTY-II.NFO,06/09/2024,09:22:59,25308,25306.2,100,25310,50,50,1091625
NIFTY-II.NFO,06/09/2024,09:23:00,25308,25303.95,100,25309.85,75,0,1091625
NIFTY-II.NFO,06/09/2024,09:23:02,25308,25306.05,25,25309.9,175,0,1091625
NIFTY-II.NFO,06/09/2024,09:23:04,25308,25305.1,175,25309.65,125,0,1091625
NIFTY-II.NFO,06/09/2024,09:23:05,25308,25303.1,100,25307.55,250,0,1091625
NIFTY-II.NFO,06/09/2024,09:23:07,25308.3,25302.2,100,25306.7,50,1100,1091625
NIFTY-II.NFO,06/09/2024,09:23:09,25302.15,25302.15,150,25306.55,250,25,1091625
NIFTY-II.NFO,06/09/2024,09:23:10,25302.15,25302.15,150,25304.8,50,0,1091625
NIFTY-II.NFO,06/09/2024,09:23:12,25302.15,25302.15,150,25304,50,0,1091625
NIFTY-II.NFO,06/09/2024,09:23:14,25303,25303,50,25303.8,225,100,1091625
NIFTY-II.NFO,06/09/2024,09:23:15,25302.15,25302.15,125,25304,50,75,1091625
NIFTY-II.NFO,06/09/2024,09:23:17,25302.15,25302.15,75,25303.7,100,50,1091625
NIFTY-II.NFO,06/09/2024,09:23:19,25302.15,25302.15,50,25303.7,75,50,1091625
NIFTY-II.NFO,06/09/2024,09:23:20,25303,25302.15,50,25303.65,250,50,1091625
NIFTY-II.NFO,06/09/2024,09:23:22,25303,25302.15,50,25303.9,325,0,1091625
NIFTY-II.NFO,06/09/2024,09:23:24,25302,25301,150,25302.75,75,100,1091625
NIFTY-II.NFO,06/09/2024,09:23:25,25302,25301,150,25303,125,0,1091625
NIFTY-II.NFO,06/09/2024,09:23:27,25302,25301,150,25302.95,25,0,1091625
NIFTY-II.NFO,06/09/2024,09:23:29,25303,25301,150,25302.55,125,25,1091625
NIFTY-II.NFO,06/09/2024,09:23:30,25303,25301,150,25301.8,125,0,1091625
NIFTY-II.NFO,06/09/2024,09:23:32,25299.8,25295.1,75,25299.55,50,425,1091625
NIFTY-II.NFO,06/09/2024,09:23:34,25299.8,25295.1,75,25298.6,250,0,1091625
NIFTY-II.NFO,06/09/2024,09:23:35,25298.3,25295.4,25,25298.95,75,25,1091625
NIFTY-II.NFO,06/09/2024,09:23:37,25298.3,25295.1,75,25298.7,75,0,1091625
NIFTY-II.NFO,06/09/2024,09:23:39,25295.1,25295.1,50,25298.1,150,25,1091625
NIFTY-II.NFO,06/09/2024,09:23:40,25295.1,25295.1,25,25298.05,75,25,1091625
NIFTY-II.NFO,06/09/2024,09:23:42,25295.1,25296.1,100,25299.5,125,0,1091625
NIFTY-II.NFO,06/09/2024,09:23:44,25299.5,25295.9,100,25300,50,25,1091625
NIFTY-II.NFO,06/09/2024,09:23:45,25299.5,25295.7,100,25299.9,50,0,1091625
NIFTY-II.NFO,06/09/2024,09:23:47,25299.5,25295.1,75,25297.85,125,0,1091625
NIFTY-II.NFO,06/09/2024,09:23:49,25299.5,25295.1,75,25298.65,125,0,1091625
NIFTY-II.NFO,06/09/2024,09:23:50,25299.5,25295.1,75,25297.4,50,0,1091625
NIFTY-II.NFO,06/09/2024,09:23:52,25297.4,25295.1,75,25297.4,50,25,1091625
NIFTY-II.NFO,06/09/2024,09:23:54,25297.95,25296.65,175,25297.85,25,25,1091625
NIFTY-II.NFO,06/09/2024,09:23:55,25296.65,25295.1,75,25297.1,100,175,1091625
NIFTY-II.NFO,06/09/2024,09:23:57,25296.65,25295.15,25,25298.45,50,0,1091625
NIFTY-II.NFO,06/09/2024,09:23:59,25298.6,25295.2,100,25298.6,50,25,1091625
NIFTY-II.NFO,06/09/2024,09:24:00,25298.6,25296,150,25298.6,25,25,1091625
NIFTY-II.NFO,06/09/2024,09:24:02,25298.6,25298.45,25,25298.6,25,0,1091625
NIFTY-II.NFO,06/09/2024,09:24:04,25298.45,25295.15,25,25298.55,50,25,1091625
NIFTY-II.NFO,06/09/2024,09:24:05,25298.55,25296.65,25,25298.35,25,25,1091625
NIFTY-II.NFO,06/09/2024,09:24:07,25296.65,25296,25,25298.6,250,25,1091625
NIFTY-II.NFO,06/09/2024,09:24:09,25295.1,25295.05,100,25298.6,250,100,1091625
NIFTY-II.NFO,06/09/2024,09:24:10,25295.1,25298,25,25298.6,250,0,1091625
NIFTY-II.NFO,06/09/2024,09:24:12,25295.1,25298,25,25298.55,25,0,1091625
NIFTY-II.NFO,06/09/2024,09:24:14,25295.65,25295.5,150,25298.55,25,275,1091625
NIFTY-II.NFO,06/09/2024,09:24:15,25295.65,25297.1,25,25298.55,25,0,1091625
NIFTY-II.NFO,06/09/2024,09:24:17,25298.45,25295,300,25298.45,150,150,1091625
NIFTY-II.NFO,06/09/2024,09:24:19,25298.45,25295,300,25298.5,25,0,1091625
NIFTY-II.NFO,06/09/2024,09:24:20,25298.5,25295.05,25,25298.45,125,25,1091625
NIFTY-II.NFO,06/09/2024,09:24:22,25298.5,25295.05,50,25299.35,150,0,1091625
NIFTY-II.NFO,06/09/2024,09:24:24,25298.5,25295.05,25,25298.15,100,0,1091625
NIFTY-II.NFO,06/09/2024,09:24:25,25298.5,25295.05,25,25297.9,275,0,1091625
NIFTY-II.NFO,06/09/2024,09:24:27,25298.5,25295,300,25297.85,25,0,1091625
NIFTY-II.NFO,06/09/2024,09:24:29,25298.5,25295.4,25,25297.85,25,0,1091625
NIFTY-II.NFO,06/09/2024,09:24:30,25297.85,25298.5,75,25299.35,125,25,1092200
NIFTY-II.NFO,06/09/2024,09:24:32,25298.5,25296.05,25,25299.9,100,75,1092200
NIFTY-II.NFO,06/09/2024,09:24:34,25298.5,25295.45,75,25298.5,25,0,1092200
NIFTY-II.NFO,06/09/2024,09:24:35,25299.95,25295.05,25,25298.9,125,125,1092200
NIFTY-II.NFO,06/09/2024,09:24:37,25299.35,25296.05,25,25299.55,125,25,1092200
NIFTY-II.NFO,06/09/2024,09:24:39,25299.35,25295.05,50,25299.5,100,0,1092200
NIFTY-II.NFO,06/09/2024,09:24:40,25299.35,25295,200,25299.35,25,0,1092200
NIFTY-II.NFO,06/09/2024,09:24:42,25299.5,25295,200,25298.65,150,25,1092200
NIFTY-II.NFO,06/09/2024,09:24:44,25299.5,25295.05,25,25298.25,125,0,1092200
NIFTY-II.NFO,06/09/2024,09:24:45,25298.25,25295,200,25298.6,125,25,1092200
NIFTY-II.NFO,06/09/2024,09:24:47,25298.25,25295,200,25298.7,100,0,1092200
NIFTY-II.NFO,06/09/2024,09:24:49,25295,25297,25,25298.75,375,50,1092200
NIFTY-II.NFO,06/09/2024,09:24:50,25295,25297,25,25297.35,250,0,1092200
NIFTY-II.NFO,06/09/2024,09:24:52,25297,25295,150,25296.45,225,25,1092200
NIFTY-II.NFO,06/09/2024,09:24:54,25297,25295,150,25297.1,225,0,1092200
NIFTY-II.NFO,06/09/2024,09:24:55,25297,25295,175,25296.35,225,0,1092200
NIFTY-II.NFO,06/09/2024,09:24:57,25295,25292.4,100,25296.5,225,175,1092200
NIFTY-II.NFO,06/09/2024,09:24:59,25295,25293.1,100,25297,225,0,1092200
NIFTY-II.NFO,06/09/2024,09:25:00,25293.1,25295,25,25297,250,50,1092200
NIFTY-II.NFO,06/09/2024,09:25:02,25293.1,25295,50,25295.85,225,0,1092200
NIFTY-II.NFO,06/09/2024,09:25:04,25294.9,25292.1,25,25295.8,100,75,1092200
NIFTY-II.NFO,06/09/2024,09:25:05,25294.9,25293,25,25295.05,150,0,1092200
NIFTY-II.NFO,06/09/2024,09:25:07,25294.9,25293,25,25295.65,150,0,1092200
NIFTY-II.NFO,06/09/2024,09:25:09,25293,25292.1,50,25295.7,150,25,1092200
NIFTY-II.NFO,06/09/2024,09:25:10,25293,25292.1,25,25295.8,250,0,1092200
NIFTY-II.NFO,06/09/2024,09:25:12,25294.5,25292.1,25,25294.5,175,100,1092200
NIFTY-II.NFO,06/09/2024,09:25:14,25294.5,25292.1,25,25293.7,150,0,1092200
NIFTY-II.NFO,06/09/2024,09:25:15,25294.5,25292.1,25,25294,150,0,1092200
NIFTY-II.NFO,06/09/2024,09:25:17,25294.5,25292.1,25,25294.15,100,0,1092200
NIFTY-II.NFO,06/09/2024,09:25:19,25294.15,25292.1,25,25294.05,150,25,1092200
NIFTY-II.NFO,06/09/2024,09:25:20,25291.4,25291,25,25291.75,75,100,1092200
NIFTY-II.NFO,06/09/2024,09:25:22,25291.4,25291,25,25292.35,75,0,1092200
NIFTY-II.NFO,06/09/2024,09:25:25,25292.5,25291,25,25292.5,75,100,1092200
NIFTY-II.NFO,06/09/2024,09:25:27,25292.5,25291,25,25292.5,75,0,1092200
NIFTY-II.NFO,06/09/2024,09:25:30,25292.5,25291.15,125,25294,25,75,1092200
NIFTY-II.NFO,06/09/2024,09:25:32,25291.15,25291.45,125,25294,25,75,1092200
NIFTY-II.NFO,06/09/2024,09:25:34,25294.5,25291.45,75,25294.5,225,50,1092200
NIFTY-II.NFO,06/09/2024,09:25:35,25294.5,25291,25,25293.95,75,0,1092200
NIFTY-II.NFO,06/09/2024,09:25:37,25294.5,25291.6,25,25294.05,75,0,1092200
NIFTY-II.NFO,06/09/2024,09:25:39,25293.95,25291.6,25,25294.5,225,25,1092200
NIFTY-II.NFO,06/09/2024,09:25:40,25293.95,25292.15,125,25294.5,225,0,1092200
NIFTY-II.NFO,06/09/2024,09:25:42,25293.95,25292.9,50,25294.5,225,0,1092200
NIFTY-II.NFO,06/09/2024,09:25:44,25293.95,25292.8,25,25294.5,225,0,1092200
NIFTY-II.NFO,06/09/2024,09:25:45,25293.95,25292.85,125,25294.5,225,0,1092200
NIFTY-II.NFO,06/09/2024,09:25:47,25293.95,25292.8,150,25294.5,225,0,1092200
NIFTY-II.NFO,06/09/2024,09:25:49,25294.5,25293.85,50,25294.5,200,25,1092200
NIFTY-II.NFO,06/09/2024,09:25:50,25294.5,25293.95,50,25295,25,200,1092200
NIFTY-II.NFO,06/09/2024,09:25:52,25294.5,25294.25,50,25295,25,0,1092200
NIFTY-II.NFO,06/09/2024,09:25:55,25294.5,25293.95,50,25295,25,0,1092200
NIFTY-II.NFO,06/09/2024,09:25:57,25295,25294.55,50,25297,250,25,1092200
NIFTY-II.NFO,06/09/2024,09:25:59,25295,25294.85,50,25297,250,0,1092200
NIFTY-II.NFO,06/09/2024,09:26:00,25295,25295.45,50,25297,250,0,1092200
NIFTY-II.NFO,06/09/2024,09:26:02,25295,25296,300,25297,250,0,1092200
NIFTY-II.NFO,06/09/2024,09:26:04,25295,25296.05,125,25297,250,0,1092200
NIFTY-II.NFO,06/09/2024,09:26:05,25295,25296.15,50,25297,250,0,1092200
NIFTY-II.NFO,06/09/2024,09:26:07,25297,25296.6,125,25299.75,25,250,1092200
NIFTY-II.NFO,06/09/2024,09:26:09,25297,25297.45,50,25299.75,25,0,1092200
NIFTY-II.NFO,06/09/2024,09:26:10,25297,25297.8,75,25299.75,25,0,1092200
NIFTY-II.NFO,06/09/2024,09:26:12,25297,25298.7,25,25300,125,0,1092200
NIFTY-II.NFO,06/09/2024,09:26:14,25297,25298.75,50,25300,125,0,1092200
NIFTY-II.NFO,06/09/2024,09:26:15,25297,25298.7,100,25300,125,0,1092200
NIFTY-II.NFO,06/09/2024,09:26:17,25297,25297.5,25,25300,50,0,1092200
NIFTY-II.NFO,06/09/2024,09:26:19,25297,25297,50,25299.7,25,0,1092200
NIFTY-II.NFO,06/09/2024,09:26:20,25300,25300,50,25300.3,50,250,1092200
NIFTY-II.NFO,06/09/2024,09:26:22,25300,25300,50,25300.55,50,0,1092200
NIFTY-II.NFO,06/09/2024,09:26:24,25300,25297,150,25301.2,50,50,1092200
NIFTY-II.NFO,06/09/2024,09:26:25,25302.1,25298.05,75,25302.3,25,75,1092200
NIFTY-II.NFO,06/09/2024,09:26:27,25302.1,25300,25,25302.15,250,0,1092200
NIFTY-II.NFO,06/09/2024,09:26:29,25302.15,25299.7,150,25302.3,25,50,1092200
NIFTY-II.NFO,06/09/2024,09:26:30,25302.15,25299.7,150,25302.05,250,0,1092200
NIFTY-II.NFO,06/09/2024,09:26:32,25301.35,25297,50,25301.4,250,225,1092200
NIFTY-II.NFO,06/09/2024,09:26:34,25300,25297.65,25,25301.1,25,50,1092200
NIFTY-II.NFO,06/09/2024,09:26:35,25297.65,25297,75,25299.85,250,25,1092200
NIFTY-II.NFO,06/09/2024,09:26:37,25298.95,25297,50,25298.9,250,75,1092200
NIFTY-II.NFO,06/09/2024,09:26:39,25298.95,25297,50,25297.85,25,0,1092200
NIFTY-II.NFO,06/09/2024,09:26:40,25298,25297.05,25,25300.3,25,25,1092200
NIFTY-II.NFO,06/09/2024,09:26:42,25300,25297,50,25300.5,250,75,1092200
NIFTY-II.NFO,06/09/2024,09:26:44,25300,25297.05,100,25300.95,25,0,1092200
NIFTY-II.NFO,06/09/2024,09:26:45,25300,25297.05,50,25300,25,0,1092200
NIFTY-II.NFO,06/09/2024,09:26:47,25300,25297.05,25,25300,25,0,1092200
NIFTY-II.NFO,06/09/2024,09:26:49,25300,25297.05,50,25301,250,25,1092200
NIFTY-II.NFO,06/09/2024,09:26:50,25300,25298.05,100,25301.55,25,0,1092200
NIFTY-II.NFO,06/09/2024,09:26:52,25300,25297.05,25,25301.15,250,0,1092200
NIFTY-II.NFO,06/09/2024,09:26:54,25300,25297.9,25,25300.95,25,0,1092200
NIFTY-II.NFO,06/09/2024,09:26:55,25300,25297.25,25,25300,25,0,1092200
NIFTY-II.NFO,06/09/2024,09:26:57,25300,25297.25,25,25300.85,25,25,1092200
NIFTY-II.NFO,06/09/2024,09:26:59,25300,25297.1,25,25300.9,25,0,1092200
NIFTY-II.NFO,06/09/2024,09:27:00,25300,25297.1,25,25300.85,25,0,1092200
NIFTY-II.NFO,06/09/2024,09:27:02,25300,25297.1,25,25300.7,25,0,1092200
NIFTY-II.NFO,06/09/2024,09:27:04,25300,25297.1,25,25299.95,25,0,1092200
NIFTY-II.NFO,06/09/2024,09:27:05,25299.9,25297.15,25,25299.9,25,525,1092200
NIFTY-II.NFO,06/09/2024,09:27:07,25300,25294,50,25298,25,25,1092200
NIFTY-II.NFO,06/09/2024,09:27:09,25300,25294.05,25,25297.85,25,0,1092200
NIFTY-II.NFO,06/09/2024,09:27:10,25300,25294.35,25,25297.75,25,0,1092200
NIFTY-II.NFO,06/09/2024,09:27:12,25300,25295,75,25297.65,25,0,1092200
NIFTY-II.NFO,06/09/2024,09:27:14,25295,25295,50,25297,25,25,1092200
NIFTY-II.NFO,06/09/2024,09:27:15,25297.35,25295,50,25296.85,25,50,1092200
NIFTY-II.NFO,06/09/2024,09:27:17,25297.35,25295,50,25296,25,0,1092200
NIFTY-II.NFO,06/09/2024,09:27:19,25297.35,25295,50,25295.85,25,0,1092200
NIFTY-II.NFO,06/09/2024,09:27:20,25297.35,25295,50,25295.95,25,0,1092200
NIFTY-II.NFO,06/09/2024,09:27:22,25296,25295.4,100,25296,100,25,1092200
NIFTY-II.NFO,06/09/2024,09:27:24,25294,25293,75,25295.95,25,200,1091925
NIFTY-II.NFO,06/09/2024,09:27:25,25293,25293,50,25295.95,250,25,1091925
NIFTY-II.NFO,06/09/2024,09:27:27,25293,25293,50,25296,100,0,1091925
NIFTY-II.NFO,06/09/2024,09:27:29,25293,25293,25,25296,175,0,1091925
NIFTY-II.NFO,06/09/2024,09:27:30,25293,25293,25,25295.55,250,0,1091925
NIFTY-II.NFO,06/09/2024,09:27:32,25293,25293,25,25295.9,175,0,1091925
NIFTY-II.NFO,06/09/2024,09:27:34,25294.7,25293,25,25293.6,25,25,1091925
NIFTY-II.NFO,06/09/2024,09:27:35,25291,25290.5,25,25291.2,25,150,1091925
NIFTY-II.NFO,06/09/2024,09:27:37,25290.5,25290,875,25292,100,25,1091925
NIFTY-II.NFO,06/09/2024,09:27:39,25290,25290.05,100,25294.4,25,50,1091925
NIFTY-II.NFO,06/09/2024,09:27:40,25290,25291.05,25,25294.55,100,0,1091925
NIFTY-II.NFO,06/09/2024,09:27:42,25292,25291,25,25293.2,25,25,1091925
NIFTY-II.NFO,06/09/2024,09:27:44,25292,25291.05,25,25293.45,25,0,1091925
NIFTY-II.NFO,06/09/2024,09:27:45,25292,25291,25,25294.9,275,0,1091925
NIFTY-II.NFO,06/09/2024,09:27:47,25294.85,25291,25,25294.95,25,25,1091925
NIFTY-II.NFO,06/09/2024,09:27:49,25294.85,25291.1,25,25294.95,25,0,1091925
NIFTY-II.NFO,06/09/2024,09:27:50,25291.1,25291.15,25,25295.15,125,25,1091925
NIFTY-II.NFO,06/09/2024,09:27:52,25291.1,25291.4,175,25295.15,100,0,1091925
NIFTY-II.NFO,06/09/2024,09:27:54,25291.1,25294.85,25,25295.6,25,0,1091925
NIFTY-II.NFO,06/09/2024,09:27:55,25291.1,25294.85,25,25295.5,25,0,1091925
NIFTY-II.NFO,06/09/2024,09:27:57,25291.1,25294.85,25,25297.2,225,0,1091925
NIFTY-II.NFO,06/09/2024,09:27:59,25294.85,25293.05,25,25296.75,75,25,1091925
NIFTY-II.NFO,06/09/2024,09:28:00,25294.85,25294.25,25,25298,125,0,1091925
NIFTY-II.NFO,06/09/2024,09:28:02,25294.05,25294.8,25,25298,25,350,1091925
NIFTY-II.NFO,06/09/2024,09:28:04,25300,25301.05,25,25304.75,25,350,1091925
NIFTY-II.NFO,06/09/2024,09:28:05,25300,25302.05,25,25306.3,250,0,1091925
NIFTY-II.NFO,06/09/2024,09:28:07,25299.05,25301.05,25,25305.05,25,25,1091925
NIFTY-II.NFO,06/09/2024,09:28:09,25299.05,25302.05,25,25306.25,100,0,1091925
NIFTY-II.NFO,06/09/2024,09:28:10,25299.05,25298.95,25,25303.95,175,0,1091925
NIFTY-II.NFO,06/09/2024,09:28:12,25299.05,25300.05,25,25304.45,100,0,1091925
NIFTY-II.NFO,06/09/2024,09:28:14,25299.05,25301.05,25,25305.9,100,0,1091925
NIFTY-II.NFO,06/09/2024,09:28:15,25299.05,25302.1,50,25306.5,25,0,1091925
NIFTY-II.NFO,06/09/2024,09:28:17,25308,25305,100,25309.2,100,50,1091925
NIFTY-II.NFO,06/09/2024,09:28:18,25305,25306.3,75,25310,175,25,1091925
NIFTY-II.NFO,06/09/2024,09:28:20,25310,25308.05,25,25310,150,25,1091925
NIFTY-II.NFO,06/09/2024,09:28:22,25310,25309.55,25,25310,150,0,1091925
NIFTY-II.NFO,06/09/2024,09:28:23,25310,25311.05,25,25315.3,50,150,1091925
NIFTY-II.NFO,06/09/2024,09:28:25,25310,25313.4,100,25317,50,0,1091925
NIFTY-II.NFO,06/09/2024,09:28:27,25310,25317.05,25,25320,150,0,1091925
NIFTY-II.NFO,06/09/2024,09:28:28,25310,25315.55,100,25320,150,0,1091925
NIFTY-II.NFO,06/09/2024,09:28:30,25320,25313.05,100,25318.5,50,50,1091925
NIFTY-II.NFO,06/09/2024,09:28:32,25313.75,25314.2,25,25319.75,100,25,1091925
NIFTY-II.NFO,06/09/2024,09:28:33,25313.75,25316.05,25,25319.95,50,0,1091925
NIFTY-II.NFO,06/09/2024,09:28:35,25316.05,25316.05,25,25320,100,100,1091925
NIFTY-II.NFO,06/09/2024,09:28:37,25320,25318,75,25320,50,50,1091925
NIFTY-II.NFO,06/09/2024,09:28:38,25320,25317.85,25,25320,25,50,1091925
NIFTY-II.NFO,06/09/2024,09:28:40,25320,25316.25,25,25320,25,0,1091925
NIFTY-II.NFO,06/09/2024,09:28:42,25320,25316.05,125,25320,50,75,1091925
NIFTY-II.NFO,06/09/2024,09:28:44,25320,25316.05,125,25320,50,0,1091925
NIFTY-II.NFO,06/09/2024,09:28:45,25320,25316.15,25,25320,25,525,1091925
NIFTY-II.NFO,06/09/2024,09:28:47,25316.65,25316.7,250,25320,50,25,1091925
NIFTY-II.NFO,06/09/2024,09:28:49,25320,25318.5,250,25320,50,50,1091925
NIFTY-II.NFO,06/09/2024,09:28:50,25320,25316.35,250,25320,150,0,1091925
NIFTY-II.NFO,06/09/2024,09:28:52,25320,25317.1,250,25320,125,25,1091925
NIFTY-II.NFO,06/09/2024,09:28:54,25323.95,25319.55,25,25323.65,100,200,1091925
NIFTY-II.NFO,06/09/2024,09:28:55,25324,25319.55,25,25323.95,100,25,1091925
NIFTY-II.NFO,06/09/2024,09:28:57,25320,25319.05,25,25323.55,100,100,1091925
NIFTY-II.NFO,06/09/2024,09:28:59,25327.3,25323.05,275,25327.45,50,575,1091925
NIFTY-II.NFO,06/09/2024,09:29:00,25327.35,25324.8,200,25327.4,50,200,1091925
NIFTY-II.NFO,06/09/2024,09:29:02,25328,25325.1,100,25329.75,25,100,1091925
NIFTY-II.NFO,06/09/2024,09:29:04,25330,25327.95,150,25330,650,225,1091925
NIFTY-II.NFO,06/09/2024,09:29:05,25330,25328.6,100,25330,375,300,1091925
NIFTY-II.NFO,06/09/2024,09:29:07,25330,25326.3,100,25330,325,50,1091925
NIFTY-II.NFO,06/09/2024,09:29:09,25330,25326.35,100,25330,300,25,1091925
NIFTY-II.NFO,06/09/2024,09:29:10,25329.95,25324.35,25,25329.95,25,50,1091925
NIFTY-II.NFO,06/09/2024,09:29:12,25327,25327,25,25328.65,50,25,1091925
NIFTY-II.NFO,06/09/2024,09:29:14,25329.1,25327.05,25,25330,950,25,1091925
NIFTY-II.NFO,06/09/2024,09:29:15,25329.1,25327.1,25,25329.15,50,0,1091925
NIFTY-II.NFO,06/09/2024,09:29:17,25327.2,25327.15,50,25329.55,125,50,1091925
NIFTY-II.NFO,06/09/2024,09:29:19,25329.95,25327.2,100,25329.95,125,50,1091925
NIFTY-II.NFO,06/09/2024,09:29:20,25327.2,25327.2,75,25329,125,25,1091925
NIFTY-II.NFO,06/09/2024,09:29:22,25327.1,25327,25,25328.45,125,225,1091925
NIFTY-II.NFO,06/09/2024,09:29:24,25327.6,25324,75,25327.55,400,150,1091925
NIFTY-II.NFO,06/09/2024,09:29:25,25324,25324,50,25327.2,150,50,1091925
NIFTY-II.NFO,06/09/2024,09:29:27,25327.2,25324,50,25327.2,350,100,1091925
NIFTY-II.NFO,06/09/2024,09:29:29,25327.2,25324.1,50,25327.55,400,0,1091925
NIFTY-II.NFO,06/09/2024,09:29:30,25324.05,25324.1,25,25326.5,125,75,1091925
NIFTY-II.NFO,06/09/2024,09:29:32,25324.05,25324.05,25,25324.85,125,50,1091925
NIFTY-II.NFO,06/09/2024,09:29:34,25324.05,25320.05,75,25324.85,125,25,1091925
NIFTY-II.NFO,06/09/2024,09:29:35,25320.05,25320.1,50,25325.35,125,25,1091925
NIFTY-II.NFO,06/09/2024,09:29:37,25320.05,25320.1,50,25324.05,25,0,1091925
NIFTY-II.NFO,06/09/2024,09:29:39,25320.05,25320.2,25,25324.65,100,0,1091925
NIFTY-II.NFO,06/09/2024,09:29:40,25317.85,25320.05,25,25325.05,225,400,1091925
NIFTY-II.NFO,06/09/2024,09:29:42,25317.85,25318.05,25,25323.1,225,0,1091925
NIFTY-II.NFO,06/09/2024,09:29:44,25323.95,25319.05,25,25324.2,400,150,1091925
NIFTY-II.NFO,06/09/2024,09:29:45,25323.95,25318.1,100,25324.2,400,0,1091925
NIFTY-II.NFO,06/09/2024,09:29:47,25324.15,25318.1,100,25323.9,225,25,1091925
NIFTY-II.NFO,06/09/2024,09:29:49,25324.15,25319.05,25,25324.2,400,0,1091925
NIFTY-II.NFO,06/09/2024,09:29:50,25324.15,25318.3,100,25324.2,400,0,1091925
NIFTY-II.NFO,06/09/2024,09:29:52,25323.1,25323.15,50,25324.2,275,25,1091925
NIFTY-II.NFO,06/09/2024,09:29:54,25324.75,25323.2,175,25328,50,75,1091925
NIFTY-II.NFO,06/09/2024,09:29:55,25324.75,25323.2,150,25327.9,25,0,1091925
NIFTY-II.NFO,06/09/2024,09:29:57,25324.75,25324.7,150,25328,25,0,1091925
NIFTY-II.NFO,06/09/2024,09:29:59,25324.8,25324.1,175,25328,25,150,1091925
NIFTY-II.NFO,06/09/2024,09:30:00,25324.8,25323.1,975,25328,150,0,1091925
NIFTY-II.NFO,06/09/2024,09:30:02,25328.6,25323.15,100,25329,175,50,1091925
NIFTY-II.NFO,06/09/2024,09:30:04,25329,25323.55,175,25329,25,50,1091925
NIFTY-II.NFO,06/09/2024,09:30:05,25329,25325.55,175,25329,25,0,1091925
NIFTY-II.NFO,06/09/2024,09:30:07,25330,25329,25,25330,1100,75,1091925
NIFTY-II.NFO,06/09/2024,09:30:09,25330,25329.25,150,25330,950,175,1091925
NIFTY-II.NFO,06/09/2024,09:30:10,25330,25329.3,100,25330,875,125,1091925
NIFTY-II.NFO,06/09/2024,09:30:12,25328,25328.5,25,25330,875,500,1091925
NIFTY-II.NFO,06/09/2024,09:30:14,25330,25327.35,25,25329.05,50,25,1091925
NIFTY-II.NFO,06/09/2024,09:30:15,25329.05,25327.8,25,25329.05,25,1025,1091925
NIFTY-II.NFO,06/09/2024,09:30:17,25329.05,25327.7,25,25329.05,25,0,1091925
NIFTY-II.NFO,06/09/2024,09:30:18,25329.85,25326.75,125,25329.8,225,100,1091925
NIFTY-II.NFO,06/09/2024,09:30:20,25325,25323.85,25,25325,975,25,1091925
NIFTY-II.NFO,06/09/2024,09:30:22,25325.65,25325.25,175,25329,25,1000,1091925
NIFTY-II.NFO,06/09/2024,09:30:23,25329,25326,125,25330,875,25,1092875
NIFTY-II.NFO,06/09/2024,09:30:25,25326.75,25329.1,975,25330,875,25,1092875
NIFTY-II.NFO,06/09/2024,09:30:27,25329.1,25329.1,925,25330,850,75,1092875
NIFTY-II.NFO,06/09/2024,09:30:28,25329.1,25329.1,925,25330,850,0,1092875
NIFTY-II.NFO,06/09/2024,09:30:35,25329.1,25329.1,950,25330,850,0,1092875
NIFTY-II.NFO,06/09/2024,09:30:37,25326.05,25326.15,125,25330,875,1000,1092875
NIFTY-II.NFO,06/09/2024,09:30:38,25330,25328.35,50,25330,850,25,1092875
NIFTY-II.NFO,06/09/2024,09:30:40,25328.35,25327.8,50,25330,850,25,1092875
NIFTY-II.NFO,06/09/2024,09:30:42,25328.35,25328.5,50,25330,850,0,1092875
NIFTY-II.NFO,06/09/2024,09:30:43,25327.95,25326.75,125,25330,825,1075,1092875
NIFTY-II.NFO,06/09/2024,09:30:45,25334,25330.05,25,25334,25,900,1092875
NIFTY-II.NFO,06/09/2024,09:30:47,25334,25332.05,50,25334,25,0,1092875
NIFTY-II.NFO,06/09/2024,09:30:48,25338.5,25333.95,50,25338.95,100,75,1092875
NIFTY-II.NFO,06/09/2024,09:30:50,25338.5,25335.15,50,25340,25,0,1092875
NIFTY-II.NFO,06/09/2024,09:30:52,25337.9,25338.05,25,25340,25,1025,1092875
NIFTY-II.NFO,06/09/2024,09:30:53,25337.9,25339,25,25340,25,0,1092875
NIFTY-II.NFO,06/09/2024,09:30:55,25344.25,25338.85,50,25343.95,75,175,1092875
NIFTY-II.NFO,06/09/2024,09:30:55,25344.45,25338.85,50,25343.95,75,0,1092875
NIFTY-II.NFO,06/09/2024,09:30:57,25344.25,25337.7,25,25342.45,175,0,1092875
NIFTY-II.NFO,06/09/2024,09:30:58,25337.7,25336.3,75,25341.25,225,50,1092875
NIFTY-II.NFO,06/09/2024,09:31:00,25335.25,25335.1,75,25340.2,225,25,1092875
NIFTY-II.NFO,06/09/2024,09:31:02,25341.7,25336.1,75,25340.8,100,50,1092875
NIFTY-II.NFO,06/09/2024,09:31:04,25341.7,25337.8,75,25343.35,100,0,1092875
NIFTY-II.NFO,06/09/2024,09:31:05,25341.7,25337.8,75,25341.65,50,0,1092875
NIFTY-II.NFO,06/09/2024,09:31:07,25341.65,25337.1,50,25343.95,100,1050,1092875
NIFTY-II.NFO,06/09/2024,09:31:09,25341.65,25337.05,25,25342.75,50,0,1092875
NIFTY-II.NFO,06/09/2024,09:31:10,25336.45,25338.05,175,25343.75,175,1000,1092875
NIFTY-II.NFO,06/09/2024,09:31:12,25336.45,25339.45,25,25344,25,0,1092875
NIFTY-II.NFO,06/09/2024,09:31:14,25339.35,25340.8,250,25344,25,1125,1092875
NIFTY-II.NFO,06/09/2024,09:31:15,25344.25,25344.25,25,25344.8,25,550,1092875
NIFTY-II.NFO,06/09/2024,09:31:17,25344.8,25344.25,25,25347,50,25,1092875
NIFTY-II.NFO,06/09/2024,09:31:17,25344.8,25344.25,25,25347,50,0,1092875
NIFTY-II.NFO,06/09/2024,09:31:19,25344.3,25344.95,25,25345,25,50,1092875
NIFTY-II.NFO,06/09/2024,09:31:19,25347,25344.95,25,25345,25,0,1092875
NIFTY-II.NFO,06/09/2024,09:31:20,25345,25344.25,25,25346.4,175,25,1092875
NIFTY-II.NFO,06/09/2024,09:31:22,25344.25,25343.95,25,25344.25,75,50,1092875
NIFTY-II.NFO,06/09/2024,09:31:24,25344.25,25340.4,25,25344.25,75,0,1092875
NIFTY-II.NFO,06/09/2024,09:31:25,25344.25,25340.55,25,25344.25,75,0,1092875
NIFTY-II.NFO,06/09/2024,09:31:27,25345,25340.9,25,25344.95,175,125,1092875
NIFTY-II.NFO,06/09/2024,09:31:29,25345,25344.25,25,25345,50,0,1092875
NIFTY-II.NFO,06/09/2024,09:31:30,25340,25342.9,50,25345,50,1025,1092875
NIFTY-II.NFO,06/09/2024,09:31:32,25345,25342.95,25,25345,25,25,1092875
NIFTY-II.NFO,06/09/2024,09:31:34,25345,25341.1,25,25344.75,25,0,1092875
NIFTY-II.NFO,06/09/2024,09:31:35,25345,25340.9,25,25344.5,225,0,1092875
NIFTY-II.NFO,06/09/2024,09:31:37,25345,25341,25,25343.95,175,0,1092875
NIFTY-II.NFO,06/09/2024,09:31:39,25343.95,25340.9,25,25343.95,175,25,1092875
NIFTY-II.NFO,06/09/2024,09:31:40,25340.35,25340.15,25,25343.95,75,50,1092875
NIFTY-II.NFO,06/09/2024,09:31:42,25340.35,25341.8,25,25344,1000,0,1092875
NIFTY-II.NFO,06/09/2024,09:31:44,25344,25342.1,25,25344,875,125,1092875
NIFTY-II.NFO,06/09/2024,09:31:45,25347,25345.85,25,25349,25,975,1092875
NIFTY-II.NFO,06/09/2024,09:31:47,25344.55,25344.1,25,25348.95,100,25,1092875
NIFTY-II.NFO,06/09/2024,09:31:49,25345,25344.45,25,25348.95,100,25,1092875
NIFTY-II.NFO,06/09/2024,09:31:50,25344,25343.55,50,25349,25,25,1092875
NIFTY-II.NFO,06/09/2024,09:31:52,25344,25345.6,25,25349,25,0,1092875
NIFTY-II.NFO,06/09/2024,09:31:54,25349,25345.4,50,25349.9,75,25,1092875
NIFTY-II.NFO,06/09/2024,09:31:54,25349,25345.4,50,25349.9,75,0,1092875
NIFTY-II.NFO,06/09/2024,09:31:55,25345.1,25346.4,250,25349.9,75,675,1092875
NIFTY-II.NFO,06/09/2024,09:31:57,25345.1,25348.85,250,25349.9,75,0,1092875
NIFTY-II.NFO,06/09/2024,09:31:59,25348.4,25347,25,25349.9,75,25,1092875
NIFTY-II.NFO,06/09/2024,09:32:00,25348.4,25344,50,25349.75,100,0,1092875
NIFTY-II.NFO,06/09/2024,09:32:02,25345,25345.05,25,25349.9,75,2500,1092875
NIFTY-II.NFO,06/09/2024,09:32:04,25345.05,25345.05,25,25349.35,175,25,1092875
NIFTY-II.NFO,06/09/2024,09:32:05,25345.05,25344,50,25348.1,100,25,1092875
NIFTY-II.NFO,06/09/2024,09:32:07,25345.05,25344,50,25346.7,175,0,1092875
NIFTY-II.NFO,06/09/2024,09:32:09,25344.75,25344,50,25345.45,100,25,1092875
NIFTY-II.NFO,06/09/2024,09:32:10,25344.75,25344,50,25345.15,100,0,1092875
NIFTY-II.NFO,06/09/2024,09:32:12,25341.05,25342.45,50,25347,25,125,1092875
NIFTY-II.NFO,06/09/2024,09:32:14,25345,25343.7,50,25347,25,25,1092875
NIFTY-II.NFO,06/09/2024,09:32:15,25345.05,25343.05,25,25347.95,175,50,1092875
NIFTY-II.NFO,06/09/2024,09:32:17,25345.05,25343,25,25345.5,175,0,1092875
NIFTY-II.NFO,06/09/2024,09:32:18,25345.05,25341.15,25,25345.45,175,0,1092875
NIFTY-II.NFO,06/09/2024,09:32:20,25345.05,25341.55,50,25346.65,225,0,1092875
NIFTY-II.NFO,06/09/2024,09:32:22,25345.05,25341.15,25,25345,100,0,1092875
NIFTY-II.NFO,06/09/2024,09:32:23,25345.05,25340.55,25,25344.35,225,0,1092875
NIFTY-II.NFO,06/09/2024,09:32:25,25345.05,25340.75,25,25344.95,175,0,1092875
NIFTY-II.NFO,06/09/2024,09:32:27,25344.95,25341.05,25,25344.95,175,25,1092875
NIFTY-II.NFO,06/09/2024,09:32:28,25344.95,25341.05,25,25345,100,0,1092875
NIFTY-II.NFO,06/09/2024,09:32:30,25344.95,25341.05,25,25345,200,0,1092875
NIFTY-II.NFO,06/09/2024,09:32:32,25344.95,25341,25,25344.95,175,0,1092875
NIFTY-II.NFO,06/09/2024,09:32:33,25344.95,25340,325,25341.05,25,25,1092875
NIFTY-II.NFO,06/09/2024,09:32:35,25341.05,25340,300,25342.8,175,25,1092875
NIFTY-II.NFO,06/09/2024,09:32:36,25341.05,25340,300,25341.45,175,0,1092875
NIFTY-II.NFO,06/09/2024,09:32:40,25340,25335,25,25339.35,175,300,1092875
NIFTY-II.NFO,06/09/2024,09:32:41,25340,25335.05,50,25340.1,175,0,1092875
NIFTY-II.NFO,06/09/2024,09:32:43,25338.25,25339.05,25,25343.95,100,25,1092875
NIFTY-II.NFO,06/09/2024,09:32:45,25342.8,25337.85,50,25343.75,175,50,1092875
NIFTY-II.NFO,06/09/2024,09:32:46,25342.8,25337.85,175,25340,25,0,1092875
NIFTY-II.NFO,06/09/2024,09:32:48,25337.45,25338.65,50,25340,25,600,1092875
NIFTY-II.NFO,06/09/2024,09:32:49,25337.45,25338.65,50,25340,25,0,1092875
NIFTY-II.NFO,06/09/2024,09:32:51,25337.45,25337.85,50,25340,25,0,1092875
NIFTY-II.NFO,06/09/2024,09:32:53,25340,25337.85,50,25341.95,175,25,1092875
NIFTY-II.NFO,06/09/2024,09:32:54,25340,25338.3,250,25342,100,0,1092875
NIFTY-II.NFO,06/09/2024,09:32:56,25340,25340.45,250,25342,125,0,1092875
NIFTY-II.NFO,06/09/2024,09:32:58,25341.3,25341.35,25,25342,125,25,1092875
NIFTY-II.NFO,06/09/2024,09:32:59,25341.3,25338.75,50,25342,125,0,1092875
NIFTY-II.NFO,06/09/2024,09:33:01,25341.3,25338.15,50,25342,125,0,1092875
NIFTY-II.NFO,06/09/2024,09:33:03,25341.3,25341.3,25,25341.95,100,0,1092875
NIFTY-II.NFO,06/09/2024,09:33:06,25341.3,25340,25,25341.95,100,25,1092875
NIFTY-II.NFO,06/09/2024,09:33:07,25341.3,25340,25,25341,100,0,1092875
NIFTY-II.NFO,06/09/2024,09:33:09,25341.3,25340,25,25341,125,0,1092875
NIFTY-II.NFO,06/09/2024,09:33:11,25341,25340,25,25341,175,25,1092875
NIFTY-II.NFO,06/09/2024,09:33:12,25341,25340,25,25340.05,150,0,1092875
NIFTY-II.NFO,06/09/2024,09:33:14,25340,25337.45,25,25340.3,100,25,1092875
NIFTY-II.NFO,06/09/2024,09:33:16,25335,25335.5,25,25339.75,100,475,1092875
NIFTY-II.NFO,06/09/2024,09:33:17,25340.3,25335.5,25,25340.6,100,25,1092875
NIFTY-II.NFO,06/09/2024,09:33:19,25340.3,25335.5,75,25340.5,225,0,1092875
NIFTY-II.NFO,06/09/2024,09:33:21,25340.3,25334.85,50,25339.8,175,0,1092875
NIFTY-II.NFO,06/09/2024,09:33:22,25339.15,25333.1,75,25338.65,100,25,1092875
NIFTY-II.NFO,06/09/2024,09:33:24,25339.15,25334.95,25,25339.95,175,0,1092875
NIFTY-II.NFO,06/09/2024,09:33:26,25339.95,25335.2,100,25339.95,25,150,1099200
NIFTY-II.NFO,06/09/2024,09:33:27,25335.3,25336.15,150,25340,25,25,1099200
NIFTY-II.NFO,06/09/2024,09:33:29,25335.3,25336.75,100,25340,25,0,1099200
NIFTY-II.NFO,06/09/2024,09:33:31,25335.3,25337.75,50,25340,25,0,1099200
NIFTY-II.NFO,06/09/2024,09:33:32,25335.3,25339.95,25,25340,25,0,1099200
NIFTY-II.NFO,06/09/2024,09:33:36,25337.75,25337.2,50,25339,575,50,1099200
NIFTY-II.NFO,06/09/2024,09:33:37,25337.75,25336.6,50,25339,575,0,1099200
NIFTY-II.NFO,06/09/2024,09:33:41,25337.75,25336.15,100,25339,575,0,1099200
NIFTY-II.NFO,06/09/2024,09:33:42,25337.75,25334.75,100,25339,575,0,1099200
NIFTY-II.NFO,06/09/2024,09:33:44,25337.75,25336.05,200,25339,575,0,1099200
NIFTY-II.NFO,06/09/2024,09:33:46,25334.65,25334.8,50,25339,575,500,1099200
NIFTY-II.NFO,06/09/2024,09:33:47,25334.65,25334.6,125,25339,575,0,1099200
NIFTY-II.NFO,06/09/2024,09:33:49,25334.65,25334.2,50,25338.95,175,0,1099200
NIFTY-II.NFO,06/09/2024,09:33:51,25334.65,25333.75,100,25338.95,175,0,1099200
NIFTY-II.NFO,06/09/2024,09:33:52,25334.65,25333.1,50,25338.95,175,0,1099200
NIFTY-II.NFO,06/09/2024,09:33:54,25333.15,25333.85,25,25339,600,25,1099200
NIFTY-II.NFO,06/09/2024,09:33:56,25333.15,25334.4,50,25338.65,225,0,1099200
NIFTY-II.NFO,06/09/2024,09:33:57,25333,25333,25,25335.05,100,25,1099200
NIFTY-II.NFO,06/09/2024,09:33:59,25333,25333,25,25335.55,175,0,1099200
NIFTY-II.NFO,06/09/2024,09:34:01,25333,25333,25,25336.3,225,0,1099200
NIFTY-II.NFO,06/09/2024,09:34:02,25333,25333,25,25337.05,175,0,1099200
NIFTY-II.NFO,06/09/2024,09:34:04,25333,25333,25,25335.5,100,0,1099200
NIFTY-II.NFO,06/09/2024,09:34:06,25333,25333,25,25335.55,175,0,1099200
NIFTY-II.NFO,06/09/2024,09:34:09,25333,25330.1,50,25335.6,225,25,1099200
NIFTY-II.NFO,06/09/2024,09:34:11,25333,25330.6,150,25336.75,175,0,1099200
NIFTY-II.NFO,06/09/2024,09:34:12,25333,25333,25,25335,25,0,1099200
NIFTY-II.NFO,06/09/2024,09:34:14,25335,25331,125,25335.95,100,100,1099200
NIFTY-II.NFO,06/09/2024,09:34:16,25336.9,25331.3,100,25337.45,200,500,1099200
NIFTY-II.NFO,06/09/2024,09:34:17,25336.45,25330.3,25,25335.65,100,50,1099200
NIFTY-II.NFO,06/09/2024,09:34:19,25336.45,25330.65,100,25333,125,0,1099200
NIFTY-II.NFO,06/09/2024,09:34:20,25336.45,25330.6,25,25333,125,0,1099200
NIFTY-II.NFO,06/09/2024,09:34:22,25336.45,25330.75,25,25333,125,0,1099200
NIFTY-II.NFO,06/09/2024,09:34:24,25333,25332.15,175,25333,75,50,1099200
NIFTY-II.NFO,06/09/2024,09:34:25,25333,25332.45,175,25336.45,25,75,1099200
NIFTY-II.NFO,06/09/2024,09:34:27,25333,25331.5,175,25336.45,25,0,1099200
NIFTY-II.NFO,06/09/2024,09:34:29,25333,25331.35,175,25336.45,25,0,1099200
NIFTY-II.NFO,06/09/2024,09:34:30,25333,25331.5,175,25335,75,0,1099200
NIFTY-II.NFO,06/09/2024,09:34:32,25333,25331.8,25,25335,75,0,1099200
NIFTY-II.NFO,06/09/2024,09:34:34,25333,25331,25,25334.95,25,0,1099200
NIFTY-II.NFO,06/09/2024,09:34:35,25333,25331,50,25334.95,25,0,1099200
NIFTY-II.NFO,06/09/2024,09:34:37,25333,25331.65,25,25334.7,150,0,1099200
NIFTY-II.NFO,06/09/2024,09:34:39,25333,25331,25,25333.55,150,0,1099200
NIFTY-II.NFO,06/09/2024,09:34:40,25333,25331,25,25333.25,150,0,1099200
NIFTY-II.NFO,06/09/2024,09:34:42,25333,25331,25,25333.45,100,0,1099200
NIFTY-II.NFO,06/09/2024,09:34:44,25333,25331,25,25334.7,25,0,1099200
NIFTY-II.NFO,06/09/2024,09:34:45,25333,25331,25,25334,100,0,1099200
NIFTY-II.NFO,06/09/2024,09:34:47,25333,25331,50,25333.05,25,0,1099200
NIFTY-II.NFO,06/09/2024,09:34:49,25333,25331,50,25333.2,100,0,1099200
NIFTY-II.NFO,06/09/2024,09:34:50,25331.95,25331,50,25332,250,25,1099200
NIFTY-II.NFO,06/09/2024,09:34:52,25331,25331,25,25333,25,25,1099200
NIFTY-II.NFO,06/09/2024,09:34:54,25331,25331,25,25333,25,0,1099200
NIFTY-II.NFO,06/09/2024,09:34:55,25333,25331,50,25335,150,25,1099200
NIFTY-II.NFO,06/09/2024,09:34:57,25330,25330,25,25333.95,50,400,1099200
NIFTY-II.NFO,06/09/2024,09:34:59,25330,25330,25,25333.4,50,0,1099200
NIFTY-II.NFO,06/09/2024,09:35:00,25330,25330,25,25334,50,0,1099200
NIFTY-II.NFO,06/09/2024,09:35:02,25330,25331.5,100,25335,150,0,1099200
NIFTY-II.NFO,06/09/2024,09:35:04,25331.95,25332,100,25335,175,25,1099200
NIFTY-II.NFO,06/09/2024,09:35:05,25331.95,25332,100,25335,175,0,1099200
NIFTY-II.NFO,06/09/2024,09:35:07,25332,25332.05,175,25335,175,25,1099200
NIFTY-II.NFO,06/09/2024,09:35:09,25332,25330.65,175,25335,175,0,1099200
NIFTY-II.NFO,06/09/2024,09:35:10,25332,25330.2,100,25334.95,25,0,1099200
NIFTY-II.NFO,06/09/2024,09:35:12,25332,25330.4,100,25335,175,0,1099200
NIFTY-II.NFO,06/09/2024,09:35:14,25332,25330.7,175,25335,175,0,1099200
NIFTY-II.NFO,06/09/2024,09:35:15,25332,25331.45,25,25334.95,25,25,1099200
NIFTY-II.NFO,06/09/2024,09:35:17,25332,25331.45,25,25332,50,0,1099200
NIFTY-II.NFO,06/09/2024,09:35:19,25332,25330.4,25,25332,50,0,1099200
NIFTY-II.NFO,06/09/2024,09:35:21,25332,25330.4,25,25332,25,25,1099200
NIFTY-II.NFO,06/09/2024,09:35:22,25332,25330.45,175,25332,25,0,1099200
NIFTY-II.NFO,06/09/2024,09:35:24,25332,25331.15,175,25335,75,25,1099200
NIFTY-II.NFO,06/09/2024,09:35:26,25332,25332,25,25334.95,25,0,1099200
NIFTY-II.NFO,06/09/2024,09:35:27,25332,25332,25,25334.1,25,0,1099200
NIFTY-II.NFO,06/09/2024,09:35:29,25332,25332,25,25334.85,25,0,1099200
NIFTY-II.NFO,06/09/2024,09:35:31,25334.25,25330,50,25334.4,125,50,1099200
NIFTY-II.NFO,06/09/2024,09:35:32,25334.25,25330,50,25333.1,50,0,1099200
NIFTY-II.NFO,06/09/2024,09:35:34,25334.25,25330,50,25333.55,125,0,1099200
NIFTY-II.NFO,06/09/2024,09:35:36,25334.25,25330.3,25,25334.35,50,0,1099200
NIFTY-II.NFO,06/09/2024,09:35:37,25334.25,25330,50,25332.95,125,0,1099200
NIFTY-II.NFO,06/09/2024,09:35:39,25334.25,25330,50,25332.5,125,0,1099200
NIFTY-II.NFO,06/09/2024,09:35:41,25334.25,25330,50,25332.75,125,0,1099200
NIFTY-II.NFO,06/09/2024,09:35:42,25334.25,25330,50,25332.75,50,0,1099200
NIFTY-II.NFO,06/09/2024,09:35:44,25334.25,25330,50,25333.55,125,0,1099200
NIFTY-II.NFO,06/09/2024,09:35:46,25334.25,25330,50,25332,125,0,1099200
NIFTY-II.NFO,06/09/2024,09:35:47,25330.7,25325.45,25,25330.5,125,75,1099200
NIFTY-II.NFO,06/09/2024,09:35:49,25330.7,25325.1,25,25329.5,50,0,1099200
NIFTY-II.NFO,06/09/2024,09:35:51,25330,25325.8,25,25329.6,125,75,1099200
NIFTY-II.NFO,06/09/2024,09:35:52,25330,25325.8,50,25330.25,125,0,1099200
NIFTY-II.NFO,06/09/2024,09:35:54,25329.6,25325.8,50,25329.6,100,25,1099200
NIFTY-II.NFO,06/09/2024,09:35:56,25325.95,25325.8,25,25330.7,125,25,1099200
NIFTY-II.NFO,06/09/2024,09:35:57,25325.95,25327.05,25,25330.05,50,0,1099200
NIFTY-II.NFO,06/09/2024,09:35:59,25325.95,25327.05,25,25330.7,50,0,1099200
NIFTY-II.NFO,06/09/2024,09:36:01,25325.95,25325.15,100,25329.65,50,0,1099200
NIFTY-II.NFO,06/09/2024,09:36:02,25325.95,25323,100,25327.3,50,0,1099200
NIFTY-II.NFO,06/09/2024,09:36:04,25325.95,25323.75,100,25328.65,50,0,1099200
NIFTY-II.NFO,06/09/2024,09:36:06,25325.95,25323.7,25,25328.45,50,0,1099200
NIFTY-II.NFO,06/09/2024,09:36:07,25325.95,25322.9,25,25327.5,50,0,1099200
NIFTY-II.NFO,06/09/2024,09:36:09,25321.35,25322.25,25,25326.5,50,350,1099200
NIFTY-II.NFO,06/09/2024,09:36:11,25321.35,25321.35,25,25325.25,50,0,1099200
NIFTY-II.NFO,06/09/2024,09:36:12,25321.35,25321.35,25,25325.05,50,0,1099200
NIFTY-II.NFO,06/09/2024,09:36:14,25321.35,25321.4,25,25325.05,50,0,1099200
NIFTY-II.NFO,06/09/2024,09:36:16,25324.3,25320.05,75,25324.3,25,50,1099200
NIFTY-II.NFO,06/09/2024,09:36:17,25319,25317.65,25,25319.9,25,1025,1099200
NIFTY-II.NFO,06/09/2024,09:36:19,25319.9,25318.35,25,25322.4,50,50,1099200
NIFTY-II.NFO,06/09/2024,09:36:21,25321.85,25318.35,25,25322.4,50,100,1099200
NIFTY-II.NFO,06/09/2024,09:36:22,25321.85,25318.4,50,25322.95,25,0,1099200
NIFTY-II.NFO,06/09/2024,09:36:24,25321.85,25320.05,25,25324.35,50,0,1099200
NIFTY-II.NFO,06/09/2024,09:36:26,25321.85,25320.85,25,25325.7,175,0,1099200
NIFTY-II.NFO,06/09/2024,09:36:27,25325.55,25320.85,25,25325.55,175,25,1100375
NIFTY-II.NFO,06/09/2024,09:36:29,25325.55,25321.2,25,25325.3,100,0,1100375
NIFTY-II.NFO,06/09/2024,09:36:31,25325.55,25317.45,50,25323.1,100,0,1100375
NIFTY-II.NFO,06/09/2024,09:36:32,25317.3,25317.1,25,25322.15,100,50,1100375
NIFTY-II.NFO,06/09/2024,09:36:34,25317.3,25317.1,25,25320.7,175,0,1100375
NIFTY-II.NFO,06/09/2024,09:36:36,25310,25307.05,50,25309.95,25,175,1100375
NIFTY-II.NFO,06/09/2024,09:36:37,25309.65,25307,25,25309.75,50,50,1100375
NIFTY-II.NFO,06/09/2024,09:36:39,25307,25306.85,50,25312.65,175,25,1100375
NIFTY-II.NFO,06/09/2024,09:36:41,25307,25307.65,25,25311.75,50,0,1100375
NIFTY-II.NFO,06/09/2024,09:36:42,25307,25306.85,25,25310.9,150,0,1100375
NIFTY-II.NFO,06/09/2024,09:36:44,25307,25306.65,25,25311.4,225,0,1100375
NIFTY-II.NFO,06/09/2024,09:36:46,25307,25305,75,25306.3,150,0,1100375
NIFTY-II.NFO,06/09/2024,09:36:47,25305,25300.55,50,25305.85,100,75,1100375
NIFTY-II.NFO,06/09/2024,09:36:49,25305,25300,375,25303.25,50,0,1100375
NIFTY-II.NFO,06/09/2024,09:36:51,25300,25300,225,25303.9,100,125,1100375
NIFTY-II.NFO,06/09/2024,09:36:52,25302.7,25300,200,25302.75,50,50,1100375
NIFTY-II.NFO,06/09/2024,09:36:54,25304.05,25300.35,25,25303.95,150,25,1100375
NIFTY-II.NFO,06/09/2024,09:36:56,25300.05,25300,200,25300.5,100,25,1100375
NIFTY-II.NFO,06/09/2024,09:36:57,25295.2,25293,25,25295.9,100,250,1100375
NIFTY-II.NFO,06/09/2024,09:36:59,25286,25285,250,25286.15,175,1275,1100375
NIFTY-II.NFO,06/09/2024,09:37:01,25280,25280,300,25281.4,125,1250,1100375
NIFTY-II.NFO,06/09/2024,09:37:02,25282.85,25280,300,25281.25,125,50,1100375
NIFTY-II.NFO,06/09/2024,09:37:04,25276.95,25272.05,25,25274.8,125,1575,1100375
NIFTY-II.NFO,06/09/2024,09:37:04,25272.1,25272.05,25,25274.8,125,0,1100375
NIFTY-II.NFO,06/09/2024,09:37:06,25268,25268,1225,25270,75,1700,1100375
NIFTY-II.NFO,06/09/2024,09:37:06,25268,25268,1225,25270,75,0,1100375
NIFTY-II.NFO,06/09/2024,09:37:07,25263.95,25264.05,50,25264.95,25,1725,1100375
NIFTY-II.NFO,06/09/2024,09:37:07,25261.05,25264.05,50,25264.95,25,0,1100375
NIFTY-II.NFO,06/09/2024,09:37:09,25261.05,25260.1,50,25263.35,75,125,1100375
NIFTY-II.NFO,06/09/2024,09:37:11,25260,25260,350,25263.95,25,1725,1100375
NIFTY-II.NFO,06/09/2024,09:37:11,25260,25260,350,25263.95,25,0,1100375
NIFTY-II.NFO,06/09/2024,09:37:12,25262.95,25260.3,50,25263.95,25,200,1100375
NIFTY-II.NFO,06/09/2024,09:37:14,25263.95,25263.2,50,25266.95,25,175,1100375
NIFTY-II.NFO,06/09/2024,09:37:16,25268.9,25266.05,100,25269.95,25,75,1100375
NIFTY-II.NFO,06/09/2024,09:37:17,25273.65,25273.25,25,25276.85,50,200,1100375
NIFTY-II.NFO,06/09/2024,09:37:19,25276.95,25274.45,50,25277.95,25,950,1100375
NIFTY-II.NFO,06/09/2024,09:37:21,25274.15,25274.9,25,25277.95,25,825,1100375
NIFTY-II.NFO,06/09/2024,09:37:22,25276.7,25276.15,125,25279.65,50,100,1100375
NIFTY-II.NFO,06/09/2024,09:37:24,25277.9,25276.15,25,25277.95,25,25,1100375
NIFTY-II.NFO,06/09/2024,09:37:26,25272.95,25271.25,75,25273.95,25,350,1100375
NIFTY-II.NFO,06/09/2024,09:37:27,25272.95,25270,25,25271.25,25,0,1100375
NIFTY-II.NFO,06/09/2024,09:37:29,25267.95,25264.55,25,25268.95,25,1025,1100375
NIFTY-II.NFO,06/09/2024,09:37:31,25271.95,25269.4,25,25272.55,50,75,1100375
NIFTY-II.NFO,06/09/2024,09:37:32,25271.95,25269.95,25,25272.4,100,0,1100375
NIFTY-II.NFO,06/09/2024,09:37:34,25269.95,25269.5,25,25270.95,25,50,1100375
NIFTY-II.NFO,06/09/2024,09:37:36,25269.1,25266.05,25,25268.85,150,75,1100375
NIFTY-II.NFO,06/09/2024,09:37:37,25269.65,25266.45,50,25268.95,25,250,1100375
NIFTY-II.NFO,06/09/2024,09:37:39,25266.45,25269.65,25,25272.8,100,25,1100375
NIFTY-II.NFO,06/09/2024,09:37:41,25272,25269.05,150,25271.95,25,200,1100375
NIFTY-II.NFO,06/09/2024,09:37:43,25277.65,25273.1,25,25277.65,125,50,1100375
NIFTY-II.NFO,06/09/2024,09:37:44,25279.8,25274.5,25,25278.95,25,100,1100375
NIFTY-II.NFO,06/09/2024,09:37:46,25279.8,25272.7,25,25276.95,25,0,1100375
NIFTY-II.NFO,06/09/2024,09:37:48,25274.05,25271.75,50,25274.95,25,150,1100375
NIFTY-II.NFO,06/09/2024,09:37:49,25275.8,25271.45,150,25274.95,100,50,1100375
NIFTY-II.NFO,06/09/2024,09:37:51,25275.8,25270.55,25,25273.75,50,0,1100375
NIFTY-II.NFO,06/09/2024,09:37:53,25273.95,25270.55,25,25273.3,325,50,1100375
NIFTY-II.NFO,06/09/2024,09:37:54,25270.55,25270.4,25,25273.05,250,50,1100375
NIFTY-II.NFO,06/09/2024,09:37:56,25273.05,25270.4,25,25274.55,250,25,1100375
NIFTY-II.NFO,06/09/2024,09:37:58,25273.05,25270,575,25270.85,250,0,1100375
NIFTY-II.NFO,06/09/2024,09:37:59,25270.05,25270,625,25274.4,25,75,1100375
NIFTY-II.NFO,06/09/2024,09:38:01,25273.35,25273.35,50,25275.8,75,300,1100375
NIFTY-II.NFO,06/09/2024,09:38:03,25273.35,25273.2,100,25275.8,75,0,1100375
NIFTY-II.NFO,06/09/2024,09:38:04,25273.2,25273.05,75,25276.4,325,275,1100375
NIFTY-II.NFO,06/09/2024,09:38:06,25273.05,25273.35,50,25278.4,50,50,1100375
NIFTY-II.NFO,06/09/2024,09:38:08,25277.05,25273.35,50,25276,25,100,1100375
NIFTY-II.NFO,06/09/2024,09:38:09,25273.05,25272,25,25273.35,25,125,1100375
NIFTY-II.NFO,06/09/2024,09:38:11,25272,25270.05,25,25273,250,25,1100375
NIFTY-II.NFO,06/09/2024,09:38:13,25270,25270,650,25270.55,325,75,1100375
NIFTY-II.NFO,06/09/2024,09:38:14,25271.15,25268.05,50,25273.3,450,3575,1100375
NIFTY-II.NFO,06/09/2024,09:38:16,25273,25269.15,125,25273.35,25,25,1100375
NIFTY-II.NFO,06/09/2024,09:38:18,25269.4,25270,50,25273.35,25,50,1100375
NIFTY-II.NFO,06/09/2024,09:38:19,25269.4,25270,75,25273.35,25,0,1100375
NIFTY-II.NFO,06/09/2024,09:38:21,25269.4,25272,50,25273.35,25,0,1100375
NIFTY-II.NFO,06/09/2024,09:38:22,25272,25272,25,25273.35,25,25,1100375
NIFTY-II.NFO,06/09/2024,09:38:24,25270,25268,25,25270,1150,150,1100375
NIFTY-II.NFO,06/09/2024,09:38:26,25270,25269,25,25270,1150,0,1100375
NIFTY-II.NFO,06/09/2024,09:38:27,25270,25268,25,25270,1075,100,1100375
NIFTY-II.NFO,06/09/2024,09:38:29,25266.05,25266,100,25270,1075,150,1100375
NIFTY-II.NFO,06/09/2024,09:38:31,25269.9,25266,100,25269.95,50,100,1100375
NIFTY-II.NFO,06/09/2024,09:38:32,25269.95,25266,125,25269.95,25,25,1100375
NIFTY-II.NFO,06/09/2024,09:38:34,25270,25266.15,25,25270,1075,25,1100375
NIFTY-II.NFO,06/09/2024,09:38:36,25269.7,25266.05,50,25269.65,250,1500,1100375
NIFTY-II.NFO,06/09/2024,09:38:37,25268.35,25266.05,50,25268.3,50,800,1100375
NIFTY-II.NFO,06/09/2024,09:38:39,25266,25266,75,25268.35,50,75,1100375
NIFTY-II.NFO,06/09/2024,09:38:41,25267.95,25267,25,25268.35,25,100,1100375
NIFTY-II.NFO,06/09/2024,09:38:42,25262.9,25260.25,25,25263.4,500,175,1100375
NIFTY-II.NFO,06/09/2024,09:38:44,25262.7,25260.25,25,25264,250,50,1100375
NIFTY-II.NFO,06/09/2024,09:38:46,25262.95,25260.25,25,25262.75,225,25,1100375
NIFTY-II.NFO,06/09/2024,09:38:47,25262.2,25261.95,50,25264.2,25,25,1100375
NIFTY-II.NFO,06/09/2024,09:38:49,25265.5,25260.3,50,25264.35,250,50,1100375
NIFTY-II.NFO,06/09/2024,09:38:51,25264.95,25262.35,50,25266.95,25,75,1100375
NIFTY-II.NFO,06/09/2024,09:38:52,25264.95,25262.3,50,25267.1,125,0,1100375
NIFTY-II.NFO,06/09/2024,09:38:54,25269.25,25265,125,25269.35,250,600,1100375
NIFTY-II.NFO,06/09/2024,09:38:56,25265,25264.2,25,25268.35,125,75,1100375
NIFTY-II.NFO,06/09/2024,09:38:57,25267.6,25265.5,25,25267.75,125,275,1100375
NIFTY-II.NFO,06/09/2024,09:38:59,25264.6,25262.2,25,25264.85,125,150,1100375
NIFTY-II.NFO,06/09/2024,09:39:01,25264.6,25262.2,25,25263.45,350,0,1100375
NIFTY-II.NFO,06/09/2024,09:39:02,25263.5,25260.25,25,25263.2,225,50,1100375
NIFTY-II.NFO,06/09/2024,09:39:04,25265,25262.45,100,25267.85,225,25,1100375
NIFTY-II.NFO,06/09/2024,09:39:06,25263.5,25261.1,125,25263.5,25,125,1100375
NIFTY-II.NFO,06/09/2024,09:39:07,25263.5,25263.5,100,25267.75,25,25,1100375
NIFTY-II.NFO,06/09/2024,09:39:09,25263.5,25263.5,125,25264.95,50,0,1100375
NIFTY-II.NFO,06/09/2024,09:39:11,25267.75,25267.2,125,25270,25,100,1100375
NIFTY-II.NFO,06/09/2024,09:39:12,25270,25270,475,25271.25,125,50,1100375
NIFTY-II.NFO,06/09/2024,09:39:14,25270,25263.6,50,25268.15,225,500,1100375
NIFTY-II.NFO,06/09/2024,09:39:16,25267.4,25263.5,25,25267.75,250,25,1100375
NIFTY-II.NFO,06/09/2024,09:39:17,25267.75,25263.5,25,25267.1,125,25,1100375
NIFTY-II.NFO,06/09/2024,09:39:19,25263.5,25264.7,100,25268.6,125,25,1100375
NIFTY-II.NFO,06/09/2024,09:39:21,25267.15,25264,50,25266.7,100,25,1100375
NIFTY-II.NFO,06/09/2024,09:39:22,25264,25264,25,25265.55,125,50,1100375
NIFTY-II.NFO,06/09/2024,09:39:24,25265.85,25263.5,25,25264.95,250,1025,1100375
NIFTY-II.NFO,06/09/2024,09:39:26,25263.2,25263.2,450,25263.25,100,1425,1095900
NIFTY-II.NFO,06/09/2024,09:39:27,25261,25261,25,25261.95,250,475,1095900
NIFTY-II.NFO,06/09/2024,09:39:29,25261,25260.25,25,25261,150,25,1095900
NIFTY-II.NFO,06/09/2024,09:39:31,25260.25,25260.2,25,25260.95,125,50,1095900
NIFTY-II.NFO,06/09/2024,09:39:32,25260.2,25260.1,25,25262.1,125,25,1095900
NIFTY-II.NFO,06/09/2024,09:39:34,25261,25262.5,125,25266.2,125,25,1095900
NIFTY-II.NFO,06/09/2024,09:39:36,25261,25263.05,25,25266.25,250,0,1095900
NIFTY-II.NFO,06/09/2024,09:39:37,25263.55,25263.55,100,25267.15,25,25,1095900
NIFTY-II.NFO,06/09/2024,09:39:39,25261.15,25264.65,50,25267.15,25,1025,1095900
NIFTY-II.NFO,06/09/2024,09:39:41,25261.15,25263.25,75,25267.15,25,0,1095900
NIFTY-II.NFO,06/09/2024,09:39:42,25261.15,25261.1,75,25266.45,100,0,1095900
NIFTY-II.NFO,06/09/2024,09:39:44,25265.05,25262.8,75,25267.15,25,25,1095900
NIFTY-II.NFO,06/09/2024,09:39:46,25267.95,25265.75,100,25267.75,25,500,1095900
NIFTY-II.NFO,06/09/2024,09:39:47,25267.75,25264.75,100,25268,25,25,1095900
NIFTY-II.NFO,06/09/2024,09:39:49,25267.95,25265.05,25,25268,25,25,1095900
NIFTY-II.NFO,06/09/2024,09:39:51,25265.05,25262.45,100,25267.45,100,25,1095900
NIFTY-II.NFO,06/09/2024,09:39:52,25265.05,25263.65,175,25268,25,0,1095900
NIFTY-II.NFO,06/09/2024,09:39:54,25267.75,25265.05,25,25268,25,50,1095900
NIFTY-II.NFO,06/09/2024,09:39:56,25265.5,25265.7,100,25270,50,50,1095900
NIFTY-II.NFO,06/09/2024,09:39:57,25270,25270.05,25,25274.45,50,50,1095900
NIFTY-II.NFO,06/09/2024,09:39:59,25269.1,25268.65,175,25273.7,75,50,1095900
NIFTY-II.NFO,06/09/2024,09:40:01,25265.05,25265,25,25266.8,250,25,1095900
NIFTY-II.NFO,06/09/2024,09:40:02,25265.05,25267.35,100,25271.95,50,0,1095900
NIFTY-II.NFO,06/09/2024,09:40:04,25272.25,25265.45,100,25270.35,125,200,1095900
NIFTY-II.NFO,06/09/2024,09:40:06,25265.05,25265,25,25267.5,100,25,1095900
NIFTY-II.NFO,06/09/2024,09:40:07,25262.05,25262,50,25265.25,25,50,1095900
NIFTY-II.NFO,06/09/2024,09:40:09,25262.05,25262,50,25264.3,25,0,1095900
NIFTY-II.NFO,06/09/2024,09:40:11,25261,25260.75,25,25262.2,250,125,1095900
NIFTY-II.NFO,06/09/2024,09:40:12,25260.6,25260.1,25,25260.4,250,625,1095900
NIFTY-II.NFO,06/09/2024,09:40:14,25256.5,25255,25,25256.5,50,2250,1095900
NIFTY-II.NFO,06/09/2024,09:40:14,25255,25255,25,25256.5,50,0,1095900
NIFTY-II.NFO,06/09/2024,09:40:16,25255,25252.3,25,25255.05,225,75,1095900
NIFTY-II.NFO,06/09/2024,09:40:17,25255,25252.3,25,25255.55,25,50,1095900
NIFTY-II.NFO,06/09/2024,09:40:19,25255,25252.3,25,25253.85,75,0,1095900
NIFTY-II.NFO,06/09/2024,09:40:21,25254.75,25252.45,100,25255.85,25,100,1095900
NIFTY-II.NFO,06/09/2024,09:40:21,25253.65,25252.45,100,25255.85,25,0,1095900
NIFTY-II.NFO,06/09/2024,09:40:22,25255.55,25253.15,100,25256.3,25,25,1095900
NIFTY-II.NFO,06/09/2024,09:40:24,25255,25255,25,25258.45,175,50,1095900
NIFTY-II.NFO,06/09/2024,09:40:26,25255,25255,50,25258.5,25,0,1095900
NIFTY-II.NFO,06/09/2024,09:40:27,25255.05,25253.35,75,25258.4,100,975,1095900
NIFTY-II.NFO,06/09/2024,09:40:27,25253.05,25253.35,75,25258.4,100,0,1095900
NIFTY-II.NFO,06/09/2024,09:40:29,25255,25253,50,25255.05,25,25,1095900
NIFTY-II.NFO,06/09/2024,09:40:31,25253,25253,25,25255.65,100,25,1095900
NIFTY-II.NFO,06/09/2024,09:40:31,25253,25253,25,25255.65,100,0,1095900
NIFTY-II.NFO,06/09/2024,09:40:32,25255.45,25252.3,25,25255.3,100,75,1095900
NIFTY-II.NFO,06/09/2024,09:40:34,25252.3,25252.45,75,25255.65,25,25,1095900
NIFTY-II.NFO,06/09/2024,09:40:34,25252.3,25252.45,75,25255.65,25,0,1095900
NIFTY-II.NFO,06/09/2024,09:40:36,25253,25253.15,75,25256.5,25,25,1095900
NIFTY-II.NFO,06/09/2024,09:40:37,25253.15,25252.45,100,25256.5,25,25,1095900
NIFTY-II.NFO,06/09/2024,09:40:39,25253.15,25253.9,50,25256.5,25,0,1095900
NIFTY-II.NFO,06/09/2024,09:40:40,25253.45,25252.75,50,25256.5,25,100,1095900
NIFTY-II.NFO,06/09/2024,09:40:42,25253.45,25254.25,50,25256.5,25,0,1095900
NIFTY-II.NFO,06/09/2024,09:40:44,25253.45,25252.9,25,25256.5,25,0,1095900
NIFTY-II.NFO,06/09/2024,09:40:45,25253.45,25253.45,25,25256.5,25,0,1095900
NIFTY-II.NFO,06/09/2024,09:40:47,25255,25253.45,25,25256.15,75,25,1095900
NIFTY-II.NFO,06/09/2024,09:40:49,25253.45,25252.3,25,25256,125,25,1095900
NIFTY-II.NFO,06/09/2024,09:40:50,25253.45,25252.3,25,25256.35,150,0,1095900
NIFTY-II.NFO,06/09/2024,09:40:52,25256.35,25253.45,50,25256.5,25,50,1095900
NIFTY-II.NFO,06/09/2024,09:40:54,25256.35,25253.7,75,25256.5,25,0,1095900
NIFTY-II.NFO,06/09/2024,09:40:55,25253.75,25253.7,25,25256.35,25,25,1095900
NIFTY-II.NFO,06/09/2024,09:40:57,25253.75,25253,100,25256.3,100,0,1095900
NIFTY-II.NFO,06/09/2024,09:40:58,25253.75,25253.05,50,25256.35,25,0,1095900
NIFTY-II.NFO,06/09/2024,09:41:00,25253,25253,50,25253.7,25,50,1095900
NIFTY-II.NFO,06/09/2024,09:41:02,25253,25253,250,25253.7,25,50,1095900
NIFTY-II.NFO,06/09/2024,09:41:03,25253,25253,250,25253.7,25,0,1095900
NIFTY-II.NFO,06/09/2024,09:41:05,25252,25252,50,25252.15,100,450,1095900
NIFTY-II.NFO,06/09/2024,09:41:05,25252,25252,50,25252.15,100,0,1095900
NIFTY-II.NFO,06/09/2024,09:41:07,25245.55,25245.05,25,25245.5,75,4525,1095900
NIFTY-II.NFO,06/09/2024,09:41:07,25245.55,25245.05,25,25245.5,75,0,1095900
NIFTY-II.NFO,06/09/2024,09:41:08,25246.2,25243.35,100,25247.1,50,450,1095900
NIFTY-II.NFO,06/09/2024,09:41:08,25243,25243.35,100,25247.1,50,0,1095900
NIFTY-II.NFO,06/09/2024,09:41:10,25246.2,25244.05,50,25247.9,50,0,1095900
NIFTY-II.NFO,06/09/2024,09:41:12,25244.05,25243.25,100,25246.2,25,25,1095900
NIFTY-II.NFO,06/09/2024,09:41:13,25246.2,25242.45,50,25246.7,25,25,1095900
NIFTY-II.NFO,06/09/2024,09:41:15,25243,25242,750,25242.6,25,50,1095900
NIFTY-II.NFO,06/09/2024,09:41:17,25242.6,25242,300,25242.6,25,675,1095900
NIFTY-II.NFO,06/09/2024,09:41:17,25242,25242,300,25242.6,25,0,1095900
NIFTY-II.NFO,06/09/2024,09:41:18,25240,25240,150,25240.85,100,775,1095900
NIFTY-II.NFO,06/09/2024,09:41:18,25240,25240,150,25240.85,100,0,1095900
NIFTY-II.NFO,06/09/2024,09:41:20,25240,25240.05,50,25242.65,25,0,1095900
NIFTY-II.NFO,06/09/2024,09:41:22,25240,25240.1,50,25242.65,25,100,1095900
NIFTY-II.NFO,06/09/2024,09:41:23,25244.05,25244.05,25,25244.25,25,50,1095900
NIFTY-II.NFO,06/09/2024,09:41:25,25246.6,25241.45,50,25245.3,25,75,1095900
NIFTY-II.NFO,06/09/2024,09:41:27,25240.5,25240.05,50,25244.3,50,50,1095900
NIFTY-II.NFO,06/09/2024,09:41:28,25243.95,25240.75,50,25245,25,25,1095900
NIFTY-II.NFO,06/09/2024,09:41:30,25245,25241.15,50,25245.2,50,200,1095900
NIFTY-II.NFO,06/09/2024,09:41:32,25245.2,25241.25,50,25245.3,250,25,1095900
NIFTY-II.NFO,06/09/2024,09:41:33,25241,25240.05,50,25244,25,25,1095900
NIFTY-II.NFO,06/09/2024,09:41:35,25241,25240.55,125,25244,25,0,1095900
NIFTY-II.NFO,06/09/2024,09:41:37,25245.75,25243.55,100,25245.75,50,50,1095900
NIFTY-II.NFO,06/09/2024,09:41:38,25248.35,25250,25,25252.45,125,100,1095900
NIFTY-II.NFO,06/09/2024,09:41:40,25251.1,25250.1,25,25251.55,50,300,1095900
NIFTY-II.NFO,06/09/2024,09:41:42,25249.95,25245.05,125,25250,250,50,1095900
NIFTY-II.NFO,06/09/2024,09:41:43,25249.95,25241.4,50,25243.7,25,0,1095900
NIFTY-II.NFO,06/09/2024,09:41:45,25240,25240.4,50,25244.3,25,275,1095900
NIFTY-II.NFO,06/09/2024,09:41:47,25244.75,25240.4,50,25244.8,250,150,1095900
NIFTY-II.NFO,06/09/2024,09:41:48,25244.75,25241.1,50,25244.3,25,0,1095900
NIFTY-II.NFO,06/09/2024,09:41:50,25247.2,25242.75,25,25246.25,250,125,1095900
NIFTY-II.NFO,06/09/2024,09:41:52,25247.2,25242.75,25,25246.25,250,0,1095900
NIFTY-II.NFO,06/09/2024,09:41:53,25247.2,25242.75,25,25245,250,0,1095900
NIFTY-II.NFO,06/09/2024,09:41:55,25239,25239,25,25240,125,1050,1095900
NIFTY-II.NFO,06/09/2024,09:41:55,25239,25239,25,25240,125,0,1095900
NIFTY-II.NFO,06/09/2024,09:41:57,25240.45,25239,25,25241.8,250,75,1095900
NIFTY-II.NFO,06/09/2024,09:41:58,25241.8,25239,25,25241.9,250,25,1095900
NIFTY-II.NFO,06/09/2024,09:42:00,25241.9,25239,25,25243,25,25,1095900
NIFTY-II.NFO,06/09/2024,09:42:02,25241.4,25239,25,25240.8,200,1050,1095900
NIFTY-II.NFO,06/09/2024,09:42:03,25241.4,25240,25,25241.9,200,0,1095900
NIFTY-II.NFO,06/09/2024,09:42:05,25241,25240,200,25241.1,25,125,1095900
NIFTY-II.NFO,06/09/2024,09:42:07,25241.1,25240,200,25241.4,25,25,1095900
NIFTY-II.NFO,06/09/2024,09:42:08,25240,25240.05,75,25241.4,25,25,1095900
NIFTY-II.NFO,06/09/2024,09:42:10,25240.05,25240.05,50,25242.8,25,75,1095900
NIFTY-II.NFO,06/09/2024,09:42:12,25242.8,25240.05,50,25240.45,25,25,1095900
NIFTY-II.NFO,06/09/2024,09:42:13,25240.8,25240.8,625,25241.75,25,375,1095900
NIFTY-II.NFO,06/09/2024,09:42:15,25240.8,25240.8,600,25241.75,25,25,1095900
NIFTY-II.NFO,06/09/2024,09:42:17,25240.8,25240.85,150,25241.75,25,0,1095900
NIFTY-II.NFO,06/09/2024,09:42:19,25241.75,25240.8,725,25243.95,125,25,1095900
NIFTY-II.NFO,06/09/2024,09:42:20,25242.05,25242.25,125,25244,25,75,1095900
NIFTY-II.NFO,06/09/2024,09:42:22,25246.65,25241.75,175,25246.5,250,75,1095900
NIFTY-II.NFO,06/09/2024,09:42:24,25246.65,25241.8,150,25243.8,50,0,1095900
NIFTY-II.NFO,06/09/2024,09:42:25,25246.65,25241.85,50,25242.75,50,0,1095900
NIFTY-II.NFO,06/09/2024,09:42:27,25241.75,25241.2,25,25242.9,100,250,1095750
NIFTY-II.NFO,06/09/2024,09:42:29,25241.75,25241.25,75,25243.05,250,0,1095750
NIFTY-II.NFO,06/09/2024,09:42:30,25241.75,25241.25,75,25243.85,250,0,1095750
NIFTY-II.NFO,06/09/2024,09:42:32,25243.85,25241.2,25,25244.35,25,25,1095750
NIFTY-II.NFO,06/09/2024,09:42:34,25244.8,25241.85,25,25245,25,50,1095750
NIFTY-II.NFO,06/09/2024,09:42:35,25244.8,25241.85,25,25244.15,225,0,1095750
NIFTY-II.NFO,06/09/2024,09:42:37,25244.95,25241.85,25,25244.95,225,100,1095750
NIFTY-II.NFO,06/09/2024,09:42:39,25244.95,25241.85,25,25244.1,375,0,1095750
NIFTY-II.NFO,06/09/2024,09:42:40,25240.8,25240,475,25240.4,100,700,1095750
NIFTY-II.NFO,06/09/2024,09:42:42,25240,25239,25,25241,25,550,1095750
NIFTY-II.NFO,06/09/2024,09:42:44,25241.05,25239,25,25242.75,25,25,1095750
NIFTY-II.NFO,06/09/2024,09:42:45,25242.65,25240.05,25,25241.9,250,25,1095750
NIFTY-II.NFO,06/09/2024,09:42:47,25242.65,25241.05,25,25241.1,200,0,1095750
NIFTY-II.NFO,06/09/2024,09:42:49,25241.1,25240.05,25,25242.55,125,75,1095750
NIFTY-II.NFO,06/09/2024,09:42:50,25240,25239,25,25241.2,125,75,1095750
NIFTY-II.NFO,06/09/2024,09:42:52,25240,25239,50,25241.2,125,0,1095750
NIFTY-II.NFO,06/09/2024,09:42:54,25239,25239,25,25241.6,250,25,1095750
NIFTY-II.NFO,06/09/2024,09:42:55,25236.35,25236.25,25,25237.35,25,250,1095750
NIFTY-II.NFO,06/09/2024,09:42:55,25236.35,25236.25,25,25237.35,25,0,1095750
NIFTY-II.NFO,06/09/2024,09:42:57,25237.35,25237.95,100,25242,75,25,1095750
NIFTY-II.NFO,06/09/2024,09:42:59,25237.35,25237.65,175,25241.8,250,0,1095750
NIFTY-II.NFO,06/09/2024,09:43:00,25242,25239.3,75,25242,50,25,1095750
NIFTY-II.NFO,06/09/2024,09:43:02,25242,25239,25,25242,50,0,1095750
NIFTY-II.NFO,06/09/2024,09:43:04,25242,25239,25,25240.45,50,0,1095750
NIFTY-II.NFO,06/09/2024,09:43:05,25239.75,25239,25,25240,150,50,1095750
NIFTY-II.NFO,06/09/2024,09:43:07,25239.75,25239,25,25240.45,25,0,1095750
NIFTY-II.NFO,06/09/2024,09:43:09,25239.75,25240,100,25240.45,25,0,1095750
NIFTY-II.NFO,06/09/2024,09:43:10,25240.05,25239,75,25240.05,25,225,1095750
NIFTY-II.NFO,06/09/2024,09:43:12,25239.75,25239,75,25239.75,25,25,1095750
NIFTY-II.NFO,06/09/2024,09:43:14,25239,25239,25,25240,25,50,1095750
NIFTY-II.NFO,06/09/2024,09:43:15,25239,25239,25,25240,25,0,1095750
NIFTY-II.NFO,06/09/2024,09:43:17,25240,25239,25,25240.45,25,25,1095750
NIFTY-II.NFO,06/09/2024,09:43:19,25240.45,25240.3,25,25241.9,25,25,1095750
NIFTY-II.NFO,06/09/2024,09:43:20,25240.45,25240.3,25,25242,50,0,1095750
NIFTY-II.NFO,06/09/2024,09:43:25,25242.65,25243.15,75,25245,25,75,1095750
NIFTY-II.NFO,06/09/2024,09:43:27,25242.65,25243.15,75,25245,25,0,1095750
NIFTY-II.NFO,06/09/2024,09:43:29,25244.95,25240.45,175,25243.95,25,50,1095750
NIFTY-II.NFO,06/09/2024,09:43:30,25240,25239,175,25240,225,225,1095750
NIFTY-II.NFO,06/09/2024,09:43:32,25240,25240.95,100,25244.95,50,225,1095750
NIFTY-II.NFO,06/09/2024,09:43:34,25244.95,25241.15,125,25245,25,25,1095750
NIFTY-II.NFO,06/09/2024,09:43:35,25245.5,25240,25,25243.65,25,50,1095750
NIFTY-II.NFO,06/09/2024,09:43:37,25243.7,25240,25,25243.85,225,25,1095750
NIFTY-II.NFO,06/09/2024,09:43:39,25242.7,25240,25,25243.85,425,25,1095750
NIFTY-II.NFO,06/09/2024,09:43:40,25242.7,25240,25,25242.1,25,0,1095750
NIFTY-II.NFO,06/09/2024,09:43:42,25242.7,25240,25,25242.8,250,0,1095750
NIFTY-II.NFO,06/09/2024,09:43:44,25240,25239,100,25240.4,325,25,1095750
NIFTY-II.NFO,06/09/2024,09:43:45,25240,25239,100,25240.7,200,25,1095750
NIFTY-II.NFO,06/09/2024,09:43:47,25239,25239,75,25239.95,225,50,1095750
NIFTY-II.NFO,06/09/2024,09:43:49,25239,25238.25,25,25239.35,25,100,1095750
NIFTY-II.NFO,06/09/2024,09:43:50,25239,25238.25,25,25240.75,25,0,1095750
NIFTY-II.NFO,06/09/2024,09:43:52,25239,25238.25,25,25239.45,200,25,1095750
NIFTY-II.NFO,06/09/2024,09:43:54,25239,25238.25,25,25240.9,200,0,1095750
NIFTY-II.NFO,06/09/2024,09:43:55,25239,25239,25,25239.65,125,0,1095750
NIFTY-II.NFO,06/09/2024,09:43:57,25239,25239,25,25241.95,625,0,1095750
NIFTY-II.NFO,06/09/2024,09:43:59,25239,25239.55,50,25241,325,0,1095750
NIFTY-II.NFO,06/09/2024,09:44:00,25239,25241,175,25243.7,25,0,1095750
NIFTY-II.NFO,06/09/2024,09:44:02,25239,25239.55,50,25242.45,25,0,1095750
NIFTY-II.NFO,06/09/2024,09:44:04,25239,25243,75,25243.7,25,0,1095750
NIFTY-II.NFO,06/09/2024,09:44:05,25239,25243.15,100,25243.7,25,0,1095750
NIFTY-II.NFO,06/09/2024,09:44:07,25243.2,25243.7,125,25245,25,75,1095750
NIFTY-II.NFO,06/09/2024,09:44:09,25245,25247.35,75,25250,75,25,1095750
NIFTY-II.NFO,06/09/2024,09:44:10,25250,25244.4,100,25249.4,50,50,1095750
NIFTY-II.NFO,06/09/2024,09:44:12,25248.55,25246,50,25249.15,125,100,1095750
NIFTY-II.NFO,06/09/2024,09:44:14,25248.55,25246,50,25249.8,75,0,1095750
NIFTY-II.NFO,06/09/2024,09:44:15,25248.55,25246,50,25248.8,200,0,1095750
NIFTY-II.NFO,06/09/2024,09:44:17,25248.8,25248.8,25,25250,25,225,1095750
NIFTY-II.NFO,06/09/2024,09:44:18,25250,25250.8,175,25255,50,25,1095750
NIFTY-II.NFO,06/09/2024,09:44:20,25250,25248.85,175,25253.75,50,0,1095750
NIFTY-II.NFO,06/09/2024,09:44:22,25253.95,25248.85,175,25253.55,50,25,1095750
NIFTY-II.NFO,06/09/2024,09:44:23,25253.95,25252,25,25253.7,75,0,1095750
NIFTY-II.NFO,06/09/2024,09:44:25,25253.7,25250,50,25253.15,125,50,1095750
NIFTY-II.NFO,06/09/2024,09:44:27,25253.15,25250,50,25252.4,250,25,1095750
NIFTY-II.NFO,06/09/2024,09:44:28,25250.8,25250,50,25250.7,25,50,1095750
NIFTY-II.NFO,06/09/2024,09:44:30,25250.05,25248.55,50,25249.9,25,150,1095750
NIFTY-II.NFO,06/09/2024,09:44:32,25248,25243.7,50,25248.5,25,100,1095750
NIFTY-II.NFO,06/09/2024,09:44:34,25243.7,25241.6,175,25247.35,50,50,1095750
NIFTY-II.NFO,06/09/2024,09:44:35,25247.4,25241,175,25246.55,50,25,1095750
NIFTY-II.NFO,06/09/2024,09:44:37,25247.4,25244.4,150,25249.8,50,0,1095750
NIFTY-II.NFO,06/09/2024,09:44:39,25247.4,25243.4,175,25249.05,50,0,1095750
NIFTY-II.NFO,06/09/2024,09:44:40,25247.4,25245.75,175,25250.2,25,0,1095750
NIFTY-II.NFO,06/09/2024,09:44:42,25247.4,25245.05,200,25250.35,50,0,1095750
NIFTY-II.NFO,06/09/2024,09:44:44,25247.4,25245.3,175,25249.55,50,0,1095750
NIFTY-II.NFO,06/09/2024,09:44:45,25247.4,25247.6,175,25252.55,25,0,1095750
NIFTY-II.NFO,06/09/2024,09:44:47,25252.5,25247.45,175,25252.5,25,25,1095750
NIFTY-II.NFO,06/09/2024,09:44:49,25252.5,25248.35,100,25253.25,25,0,1095750
NIFTY-II.NFO,06/09/2024,09:44:50,25252.5,25250,100,25252.25,25,0,1095750
NIFTY-II.NFO,06/09/2024,09:44:52,25250,25249.1,100,25253,25,25,1095750
NIFTY-II.NFO,06/09/2024,09:44:54,25250,25248.6,175,25254,50,0,1095750
NIFTY-II.NFO,06/09/2024,09:44:55,25252,25247.1,175,25252.3,25,50,1095750
NIFTY-II.NFO,06/09/2024,09:44:57,25252.5,25247.2,100,25252.6,100,150,1095750
NIFTY-II.NFO,06/09/2024,09:44:59,25252.45,25246.3,100,25251.35,50,100,1095750
NIFTY-II.NFO,06/09/2024,09:45:00,25250,25245,25,25250.55,50,25,1095750
NIFTY-II.NFO,06/09/2024,09:45:02,25245,25241,25,25243.45,25,25,1095750
NIFTY-II.NFO,06/09/2024,09:45:04,25241,25240,575,25241,25,75,1095750
NIFTY-II.NFO,06/09/2024,09:45:05,25240,25239,150,25240,100,575,1095750
NIFTY-II.NFO,06/09/2024,09:45:07,25236.05,25236.05,75,25240,25,625,1095750
NIFTY-II.NFO,06/09/2024,09:45:07,25236.05,25236.05,75,25240,25,0,1095750
NIFTY-II.NFO,06/09/2024,09:45:09,25232.15,25232,575,25234.15,50,800,1095750
NIFTY-II.NFO,06/09/2024,09:45:09,25232.15,25232,575,25234.15,50,0,1095750
NIFTY-II.NFO,06/09/2024,09:45:10,25230,25230,700,25232.45,50,1075,1095750
NIFTY-II.NFO,06/09/2024,09:45:10,25230,25230,700,25232.45,50,0,1095750
NIFTY-II.NFO,06/09/2024,09:45:12,25230.15,25230,650,25231.45,25,125,1095750
NIFTY-II.NFO,06/09/2024,09:45:14,25225,25225,150,25228,25,1175,1095750
NIFTY-II.NFO,06/09/2024,09:45:14,25225,25225,150,25228,25,0,1095750
NIFTY-II.NFO,06/09/2024,09:45:15,25222.6,25222,75,25223,25,275,1095750
NIFTY-II.NFO,06/09/2024,09:45:15,25222.6,25222,75,25223,25,0,1095750
NIFTY-II.NFO,06/09/2024,09:45:17,25223.2,25220,425,25223.5,150,250,1095750
NIFTY-II.NFO,06/09/2024,09:45:17,25220,25220,425,25223.5,150,0,1095750
NIFTY-II.NFO,06/09/2024,09:45:19,25218.1,25218.05,50,25223.05,75,700,1095750
NIFTY-II.NFO,06/09/2024,09:45:19,25217,25218.05,50,25223.05,75,0,1095750
NIFTY-II.NFO,06/09/2024,09:45:20,25222.5,25223.3,100,25227.1,125,200,1095750
NIFTY-II.NFO,06/09/2024,09:45:22,25225.05,25225.1,25,25228,25,25,1095750
NIFTY-II.NFO,06/09/2024,09:45:24,25223.9,25222.7,25,25227.3,175,175,1095750
NIFTY-II.NFO,06/09/2024,09:45:25,25225.05,25222.45,25,25224.9,50,25,1095750
NIFTY-II.NFO,06/09/2024,09:45:27,25225.05,25222.45,25,25225.8,125,0,1095750
NIFTY-II.NFO,06/09/2024,09:45:29,25225.05,25223.8,25,25225.65,25,0,1095750
NIFTY-II.NFO,06/09/2024,09:45:30,25221.25,25223.95,25,25225.85,150,425,1093800
NIFTY-II.NFO,06/09/2024,09:45:32,25221.25,25226.2,125,25228,50,0,1093800
NIFTY-II.NFO,06/09/2024,09:45:34,25225.85,25227.25,25,25228,25,325,1093800
NIFTY-II.NFO,06/09/2024,09:45:35,25227.35,25229.05,25,25233.15,125,100,1093800
NIFTY-II.NFO,06/09/2024,09:45:37,25227.35,25229.75,350,25233,25,0,1093800
NIFTY-II.NFO,06/09/2024,09:45:39,25227.35,25229.7,25,25234.65,100,0,1093800
NIFTY-II.NFO,06/09/2024,09:45:40,25233,25228.85,25,25233.8,100,50,1093800
NIFTY-II.NFO,06/09/2024,09:45:42,25228.85,25229.45,25,25233.6,100,75,1093800
NIFTY-II.NFO,06/09/2024,09:45:44,25228.85,25228.7,25,25230,25,0,1093800
NIFTY-II.NFO,06/09/2024,09:45:45,25228.85,25226.85,50,25230,25,0,1093800
NIFTY-II.NFO,06/09/2024,09:45:47,25225,25223.2,25,25224.15,100,125,1093800
NIFTY-II.NFO,06/09/2024,09:45:49,25223.35,25220.4,25,25224.3,25,275,1093800
NIFTY-II.NFO,06/09/2024,09:45:50,25220,25218.1,25,25221.15,50,150,1093800
NIFTY-II.NFO,06/09/2024,09:45:52,25220,25218.1,25,25220,75,0,1093800
NIFTY-II.NFO,06/09/2024,09:45:54,25217,25216.05,25,25218.55,75,50,1093800
NIFTY-II.NFO,06/09/2024,09:45:55,25215,25215,375,25216.55,75,225,1093800
NIFTY-II.NFO,06/09/2024,09:45:55,25215,25215,375,25216.55,75,0,1093800
NIFTY-II.NFO,06/09/2024,09:45:57,25216.3,25215,375,25216,25,25,1093800
NIFTY-II.NFO,06/09/2024,09:45:59,25212,25211.5,25,25214.75,100,425,1093800
NIFTY-II.NFO,06/09/2024,09:45:59,25212,25211.5,25,25214.75,100,0,1093800
NIFTY-II.NFO,06/09/2024,09:46:00,25215.1,25211.1,25,25211.5,50,150,1093800
NIFTY-II.NFO,06/09/2024,09:46:00,25211.5,25211.1,25,25211.5,50,0,1093800
NIFTY-II.NFO,06/09/2024,09:46:02,25209,25208,50,25208.95,100,500,1093800
NIFTY-II.NFO,06/09/2024,09:46:02,25209,25208,50,25208.95,100,0,1093800
NIFTY-II.NFO,06/09/2024,09:46:04,25210.6,25207,50,25208.8,150,75,1093800
NIFTY-II.NFO,06/09/2024,09:46:04,25208,25207,50,25208.8,150,0,1093800
NIFTY-II.NFO,06/09/2024,09:46:05,25207,25205.8,175,25207.4,75,125,1093800
NIFTY-II.NFO,06/09/2024,09:46:05,25205.8,25205.8,175,25207.4,75,0,1093800
NIFTY-II.NFO,06/09/2024,09:46:07,25205.85,25206,50,25209.95,75,150,1093800
NIFTY-II.NFO,06/09/2024,09:46:09,25213,25209.05,25,25213.9,100,50,1093800
NIFTY-II.NFO,06/09/2024,09:46:10,25211.45,25206.95,25,25211.4,75,75,1093800
NIFTY-II.NFO,06/09/2024,09:46:12,25210,25205.8,175,25209.25,75,75,1093800
NIFTY-II.NFO,06/09/2024,09:46:14,25208.3,25205.85,25,25208.05,125,250,1093800
NIFTY-II.NFO,06/09/2024,09:46:15,25207,25205.85,25,25208,100,175,1093800
NIFTY-II.NFO,06/09/2024,09:46:17,25206.8,25205.85,125,25208,25,50,1093800
NIFTY-II.NFO,06/09/2024,09:46:19,25207.7,25206,25,25206.9,250,100,1093800
NIFTY-II.NFO,06/09/2024,09:46:20,25205.8,25205.1,125,25208.95,250,300,1093800
NIFTY-II.NFO,06/09/2024,09:46:22,25205.8,25207.45,25,25208.6,75,0,1093800
NIFTY-II.NFO,06/09/2024,09:46:24,25207.45,25205.05,25,25207.7,250,25,1093800
NIFTY-II.NFO,06/09/2024,09:46:25,25208,25208,125,25209.65,250,50,1093800
NIFTY-II.NFO,06/09/2024,09:46:27,25209.35,25208,125,25210,225,25,1093800
NIFTY-II.NFO,06/09/2024,09:46:29,25208,25205.1,100,25208.95,25,125,1093800
NIFTY-II.NFO,06/09/2024,09:46:30,25208.05,25207.2,50,25210,225,25,1093800
NIFTY-II.NFO,06/09/2024,09:46:32,25208,25205.05,25,25207.6,75,25,1093800
NIFTY-II.NFO,06/09/2024,09:46:34,25208,25205.05,25,25207.05,75,0,1093800
NIFTY-II.NFO,06/09/2024,09:46:35,25208.9,25208,25,25208.7,25,175,1093800
NIFTY-II.NFO,06/09/2024,09:46:37,25206.1,25205,350,25205.05,50,100,1093800
NIFTY-II.NFO,06/09/2024,09:46:37,25205.05,25205,350,25205.05,50,0,1093800
NIFTY-II.NFO,06/09/2024,09:46:39,25206.05,25205,375,25205.55,25,550,1093800
NIFTY-II.NFO,06/09/2024,09:46:40,25201,25200.1,100,25201.2,75,2075,1093800
NIFTY-II.NFO,06/09/2024,09:46:40,25201,25200.1,100,25201.2,75,0,1093800
NIFTY-II.NFO,06/09/2024,09:46:42,25201,25201.5,25,25202.8,50,0,1093800
NIFTY-II.NFO,06/09/2024,09:46:44,25201,25200.1,100,25204.25,250,800,1093800
NIFTY-II.NFO,06/09/2024,09:46:45,25201,25200,1400,25201.05,200,1350,1093800
NIFTY-II.NFO,06/09/2024,09:46:45,25200,25200,1400,25201.05,200,0,1093800
NIFTY-II.NFO,06/09/2024,09:46:47,25198,25195.1,25,25198.85,250,1525,1093800
NIFTY-II.NFO,06/09/2024,09:46:47,25198,25195.1,25,25198.85,250,0,1093800
NIFTY-II.NFO,06/09/2024,09:46:49,25198.95,25195.2,25,25199.35,250,50,1093800
NIFTY-II.NFO,06/09/2024,09:46:49,25196.55,25195.2,25,25199.35,250,0,1093800
NIFTY-II.NFO,06/09/2024,09:46:50,25199.1,25195.15,125,25199.4,375,25,1093800
NIFTY-II.NFO,06/09/2024,09:46:52,25199.8,25196.1,100,25199.95,25,575,1093800
NIFTY-II.NFO,06/09/2024,09:46:54,25196.1,25197.85,50,25200.6,50,25,1093800
NIFTY-II.NFO,06/09/2024,09:46:54,25196.1,25197.85,50,25200.6,50,0,1093800
NIFTY-II.NFO,06/09/2024,09:46:55,25199.8,25196.1,25,25199.75,25,25,1093800
NIFTY-II.NFO,06/09/2024,09:46:57,25199.3,25196.15,50,25199.8,25,25,1093800
NIFTY-II.NFO,06/09/2024,09:46:59,25200.25,25197.75,50,25200.8,100,550,1093800
NIFTY-II.NFO,06/09/2024,09:47:00,25205,25200.5,25,25204.95,50,150,1093800
NIFTY-II.NFO,06/09/2024,09:47:02,25205,25199.9,175,25203.55,25,0,1093800
NIFTY-II.NFO,06/09/2024,09:47:04,25202.55,25202.35,50,25205,150,75,1093800
NIFTY-II.NFO,06/09/2024,09:47:05,25205,25202.7,100,25205,125,25,1093800
NIFTY-II.NFO,06/09/2024,09:47:07,25205,25202.2,150,25205,125,0,1093800
NIFTY-II.NFO,06/09/2024,09:47:09,25202.35,25201.55,100,25205,75,550,1093800
NIFTY-II.NFO,06/09/2024,09:47:10,25202.05,25202.05,175,25207.2,100,100,1093800
NIFTY-II.NFO,06/09/2024,09:47:12,25205,25205,50,25208.85,50,150,1093800
NIFTY-II.NFO,06/09/2024,09:47:14,25205,25205,200,25209.65,50,0,1093800
NIFTY-II.NFO,06/09/2024,09:47:15,25211.5,25205.7,125,25211.4,100,150,1093800
NIFTY-II.NFO,06/09/2024,09:47:17,25211.5,25207.05,75,25211.65,200,0,1093800
NIFTY-II.NFO,06/09/2024,09:47:19,25213,25209.05,25,25213,175,50,1093800
NIFTY-II.NFO,06/09/2024,09:47:20,25210,25209,50,25213,150,100,1093800
NIFTY-II.NFO,06/09/2024,09:47:22,25208.15,25209.65,50,25211.9,100,50,1093800
NIFTY-II.NFO,06/09/2024,09:47:24,25211.1,25207.05,25,25211.85,100,75,1093800
NIFTY-II.NFO,06/09/2024,09:47:25,25205,25205,175,25207.65,250,325,1093800
NIFTY-II.NFO,06/09/2024,09:47:27,25209.25,25205,275,25209.2,150,175,1093800
NIFTY-II.NFO,06/09/2024,09:47:29,25206.85,25205,300,25207.6,150,150,1093800
NIFTY-II.NFO,06/09/2024,09:47:30,25208.15,25205,300,25207.45,225,50,1093800
NIFTY-II.NFO,06/09/2024,09:47:32,25205,25205,250,25205.15,150,175,1093800
NIFTY-II.NFO,06/09/2024,09:47:34,25208.75,25205.05,50,25208.8,75,75,1093800
NIFTY-II.NFO,06/09/2024,09:47:35,25208.75,25205.4,25,25208.8,75,0,1093800
NIFTY-II.NFO,06/09/2024,09:47:37,25208.75,25206.1,50,25209.6,100,0,1093800
NIFTY-II.NFO,06/09/2024,09:47:39,25205.8,25206.25,100,25209.7,25,150,1093800
NIFTY-II.NFO,06/09/2024,09:47:40,25210.8,25210,150,25211,25,50,1093800
NIFTY-II.NFO,06/09/2024,09:47:42,25211,25210,150,25211.75,25,25,1093800
NIFTY-II.NFO,06/09/2024,09:47:44,25209.05,25208.65,100,25213.35,25,275,1093800
NIFTY-II.NFO,06/09/2024,09:47:45,25213.35,25210.8,25,25211.85,125,25,1093800
NIFTY-II.NFO,06/09/2024,09:47:47,25206,25207.9,100,25211.15,100,75,1093800
NIFTY-II.NFO,06/09/2024,09:47:49,25212.65,25210.8,25,25212.95,75,25,1093800
NIFTY-II.NFO,06/09/2024,09:47:50,25212.95,25210.8,25,25213.2,25,75,1093800
NIFTY-II.NFO,06/09/2024,09:47:52,25210.8,25206.95,100,25212.4,500,75,1093800
NIFTY-II.NFO,06/09/2024,09:47:54,25212.5,25209.5,100,25215.15,50,100,1093800
NIFTY-II.NFO,06/09/2024,09:47:55,25212.5,25210,100,25214.8,175,0,1093800
NIFTY-II.NFO,06/09/2024,09:47:57,25214.95,25208.9,100,25213.55,50,75,1093800
NIFTY-II.NFO,06/09/2024,09:47:59,25209.05,25209.2,25,25214.2,175,25,1093800
NIFTY-II.NFO,06/09/2024,09:48:00,25213,25208.8,150,25213.7,25,100,1093800
NIFTY-II.NFO,06/09/2024,09:48:02,25214.45,25210.5,175,25214.85,25,150,1093800
NIFTY-II.NFO,06/09/2024,09:48:03,25214.45,25211,175,25214.85,25,0,1093800
NIFTY-II.NFO,06/09/2024,09:48:05,25214.45,25211.15,175,25214.35,50,0,1093800
NIFTY-II.NFO,06/09/2024,09:48:07,25214.85,25212.85,25,25214.4,75,75,1093800
NIFTY-II.NFO,06/09/2024,09:48:08,25218.05,25216.75,100,25220,25,425,1093800
NIFTY-II.NFO,06/09/2024,09:48:10,25218.05,25218.15,100,25220,25,0,1093800
NIFTY-II.NFO,06/09/2024,09:48:12,25219.1,25217.3,25,25222.35,50,50,1093800
NIFTY-II.NFO,06/09/2024,09:48:13,25219.1,25217.4,25,25221.8,50,0,1093800
NIFTY-II.NFO,06/09/2024,09:48:15,25219.1,25214.05,100,25219.45,50,0,1093800
NIFTY-II.NFO,06/09/2024,09:48:17,25220.9,25218.05,100,25221.2,50,375,1093800
NIFTY-II.NFO,06/09/2024,09:48:18,25218.05,25218.05,75,25220,75,50,1093800
NIFTY-II.NFO,06/09/2024,09:48:20,25218.05,25218.05,75,25220,75,0,1093800
NIFTY-II.NFO,06/09/2024,09:48:21,25220,25218.1,100,25220,25,50,1093800
NIFTY-II.NFO,06/09/2024,09:48:23,25220,25218.05,75,25222.7,50,25,1093800
NIFTY-II.NFO,06/09/2024,09:48:25,25218.05,25218.05,25,25219.1,125,75,1093800
NIFTY-II.NFO,06/09/2024,09:48:26,25218.85,25214.35,50,25218.95,25,100,1095050
NIFTY-II.NFO,06/09/2024,09:48:28,25218.85,25215.1,25,25219.1,50,0,1095050
NIFTY-II.NFO,06/09/2024,09:48:30,25214.3,25214.2,25,25218.45,500,75,1095050
NIFTY-II.NFO,06/09/2024,09:48:31,25214.2,25214.25,25,25218.6,250,75,1095050
NIFTY-II.NFO,06/09/2024,09:48:33,25218.05,25218.35,175,25223.5,500,50,1095050
NIFTY-II.NFO,06/09/2024,09:48:35,25218.05,25218.9,100,25224.65,50,0,1095050
NIFTY-II.NFO,06/09/2024,09:48:36,25218.3,25218.2,175,25219.9,50,25,1095050
NIFTY-II.NFO,06/09/2024,09:48:38,25218.3,25218.65,25,25219.9,50,0,1095050
NIFTY-II.NFO,06/09/2024,09:48:40,25218.5,25218.5,200,25219.9,50,50,1095050
NIFTY-II.NFO,06/09/2024,09:48:41,25220.75,25218.9,25,25220,25,75,1095050
NIFTY-II.NFO,06/09/2024,09:48:43,25218.5,25218.95,25,25220,25,25,1095050
NIFTY-II.NFO,06/09/2024,09:48:45,25220,25219.3,25,25223.35,50,25,1095050
NIFTY-II.NFO,06/09/2024,09:48:46,25220,25221.3,50,25225,25,0,1095050
NIFTY-II.NFO,06/09/2024,09:48:48,25223.9,25218.9,25,25223.35,100,300,1095050
NIFTY-II.NFO,06/09/2024,09:48:50,25218.85,25219.4,25,25223.8,100,50,1095050
NIFTY-II.NFO,06/09/2024,09:48:51,25218.85,25218.5,250,25221.85,100,0,1095050
NIFTY-II.NFO,06/09/2024,09:48:53,25221.3,25218.5,250,25221.7,75,25,1095050
NIFTY-II.NFO,06/09/2024,09:48:55,25221.3,25218.5,250,25220.3,250,0,1095050
NIFTY-II.NFO,06/09/2024,09:48:56,25220.85,25218.5,100,25220.55,50,175,1095050
NIFTY-II.NFO,06/09/2024,09:48:58,25220.55,25218.5,100,25220.85,25,25,1095050
NIFTY-II.NFO,06/09/2024,09:49:00,25222.35,25220.85,25,25223.9,50,75,1095050
NIFTY-II.NFO,06/09/2024,09:49:02,25222.5,25218.5,100,25221.85,250,75,1095050
NIFTY-II.NFO,06/09/2024,09:49:03,25217.5,25219.8,100,25223.85,50,300,1095050
NIFTY-II.NFO,06/09/2024,09:49:05,25223.85,25219.45,175,25224.2,50,50,1095050
NIFTY-II.NFO,06/09/2024,09:49:07,25223.85,25221.85,25,25224.75,50,0,1095050
NIFTY-II.NFO,06/09/2024,09:49:08,25223.85,25221.85,25,25224.95,50,0,1095050
NIFTY-II.NFO,06/09/2024,09:49:10,25224.1,25221.85,25,25223.7,25,25,1095050
NIFTY-II.NFO,06/09/2024,09:49:12,25221.85,25221.65,25,25223.8,25,25,1095050
NIFTY-II.NFO,06/09/2024,09:49:13,25222.25,25218,25,25221.45,125,100,1095050
NIFTY-II.NFO,06/09/2024,09:49:15,25217.55,25214.9,25,25218.75,50,250,1095050
NIFTY-II.NFO,06/09/2024,09:49:17,25218.45,25212.7,100,25218.15,500,150,1095050
NIFTY-II.NFO,06/09/2024,09:49:18,25217.25,25213.65,25,25217.6,200,75,1095050
NIFTY-II.NFO,06/09/2024,09:49:20,25213.65,25213.45,25,25217.55,250,50,1095050
NIFTY-II.NFO,06/09/2024,09:49:22,25211.9,25212.6,25,25216.4,50,300,1095050
NIFTY-II.NFO,06/09/2024,09:49:23,25211.9,25212.55,100,25217,175,0,1095050
NIFTY-II.NFO,06/09/2024,09:49:25,25217.6,25212.5,25,25217,100,100,1095050
NIFTY-II.NFO,06/09/2024,09:49:27,25217.6,25213.6,175,25218,25,0,1095050
NIFTY-II.NFO,06/09/2024,09:49:28,25217.2,25213,25,25217.1,50,100,1095050
NIFTY-II.NFO,06/09/2024,09:49:30,25215.85,25211.15,50,25215.85,100,25,1095050
NIFTY-II.NFO,06/09/2024,09:49:32,25215.85,25211.15,75,25215.45,200,0,1095050
NIFTY-II.NFO,06/09/2024,09:49:33,25215.85,25211.2,75,25216,100,0,1095050
NIFTY-II.NFO,06/09/2024,09:49:35,25211.15,25211.8,25,25215,25,100,1095050
NIFTY-II.NFO,06/09/2024,09:49:37,25211.15,25213.15,125,25217.95,50,0,1095050
NIFTY-II.NFO,06/09/2024,09:49:38,25211.15,25211.8,25,25215.6,100,0,1095050
NIFTY-II.NFO,06/09/2024,09:49:40,25214.85,25211.15,50,25214.15,175,150,1095050
NIFTY-II.NFO,06/09/2024,09:49:42,25214.15,25211.5,25,25214.25,175,25,1095050
NIFTY-II.NFO,06/09/2024,09:49:43,25210.15,25210,75,25210.45,175,350,1095050
NIFTY-II.NFO,06/09/2024,09:49:45,25208.65,25206.2,25,25208.65,75,475,1095050
NIFTY-II.NFO,06/09/2024,09:49:47,25209.5,25206.1,25,25209.6,475,300,1095050
NIFTY-II.NFO,06/09/2024,09:49:48,25206.1,25206.6,25,25210,100,25,1095050
NIFTY-II.NFO,06/09/2024,09:49:50,25205.25,25206.6,25,25210.7,200,300,1095050
NIFTY-II.NFO,06/09/2024,09:49:52,25211.45,25206.65,50,25209,25,50,1095050
NIFTY-II.NFO,06/09/2024,09:49:53,25211.45,25206.9,25,25210.8,175,0,1095050
NIFTY-II.NFO,06/09/2024,09:49:55,25206.25,25207.7,25,25211.5,200,125,1095050
NIFTY-II.NFO,06/09/2024,09:49:57,25207.7,25209.8,175,25214.3,250,50,1095050
NIFTY-II.NFO,06/09/2024,09:49:58,25212,25209.75,25,25213.3,175,75,1095050
NIFTY-II.NFO,06/09/2024,09:50:00,25212,25209.75,25,25210.95,25,0,1095050
NIFTY-II.NFO,06/09/2024,09:50:01,25209.75,25206.2,25,25210.1,200,25,1095050
NIFTY-II.NFO,06/09/2024,09:50:03,25209.75,25206.2,25,25208,250,0,1095050
NIFTY-II.NFO,06/09/2024,09:50:05,25209.75,25206.2,25,25207.65,175,0,1095050
NIFTY-II.NFO,06/09/2024,09:50:06,25209.75,25206.2,25,25207.7,200,0,1095050
NIFTY-II.NFO,06/09/2024,09:50:08,25209.75,25206.2,25,25207.45,25,0,1095050
NIFTY-II.NFO,06/09/2024,09:50:10,25209.75,25206.25,525,25209.9,25,0,1095050
NIFTY-II.NFO,06/09/2024,09:50:11,25208.9,25206.2,25,25208.9,25,25,1095050
NIFTY-II.NFO,06/09/2024,09:50:13,25206.2,25206,125,25207.9,200,275,1095050
NIFTY-II.NFO,06/09/2024,09:50:15,25205,25205,150,25205.4,200,400,1095050
NIFTY-II.NFO,06/09/2024,09:50:16,25205,25203.15,25,25206.5,475,150,1095050
NIFTY-II.NFO,06/09/2024,09:50:18,25202.05,25202,475,25206.2,200,125,1095050
NIFTY-II.NFO,06/09/2024,09:50:19,25206.2,25203.7,25,25207.15,50,100,1095050
NIFTY-II.NFO,06/09/2024,09:50:21,25202.7,25202.65,25,25205.95,250,25,1095050
NIFTY-II.NFO,06/09/2024,09:50:23,25199.3,25199,75,25199.15,25,1375,1095050
NIFTY-II.NFO,06/09/2024,09:50:24,25196.1,25195,225,25196.7,50,300,1095050
NIFTY-II.NFO,06/09/2024,09:50:24,25196,25195,225,25196.7,50,0,1095050
NIFTY-II.NFO,06/09/2024,09:50:26,25195,25195,150,25196.05,500,75,1095050
NIFTY-II.NFO,06/09/2024,09:50:26,25195,25195,150,25196.05,500,0,1095050
NIFTY-II.NFO,06/09/2024,09:50:28,25195,25196,425,25198.15,400,0,1095050
NIFTY-II.NFO,06/09/2024,09:50:29,25196,25195,150,25195.55,500,425,1095050
NIFTY-II.NFO,06/09/2024,09:50:31,25192.95,25191,125,25193,175,275,1095050
NIFTY-II.NFO,06/09/2024,09:50:31,25192,25191,125,25193,175,0,1095050
NIFTY-II.NFO,06/09/2024,09:50:33,25190,25185.25,50,25189.4,50,1150,1095050
NIFTY-II.NFO,06/09/2024,09:50:33,25190,25185.25,50,25189.4,50,0,1095050
NIFTY-II.NFO,06/09/2024,09:50:34,25183.6,25183.75,425,25188.95,200,1125,1095050
NIFTY-II.NFO,06/09/2024,09:50:34,25180,25183.75,425,25188.95,200,0,1095050
NIFTY-II.NFO,06/09/2024,09:50:36,25187.55,25185.1,175,25189.5,250,50,1095050
NIFTY-II.NFO,06/09/2024,09:50:38,25189.2,25187.35,25,25189.1,200,25,1095050
NIFTY-II.NFO,06/09/2024,09:50:39,25185.35,25186.35,25,25189,25,75,1095050
NIFTY-II.NFO,06/09/2024,09:50:41,25185.35,25186.85,25,25190.55,200,0,1095050
NIFTY-II.NFO,06/09/2024,09:50:43,25185.35,25187.25,175,25190.65,25,0,1095050
