Ticker,Date,Time,LTP,BuyPrice,BuyQty,SellPrice,SellQty,LTQ,OpenInterest
BANKNIFTY-III.NFO,10/10/2024,09:15:03,52120.95,52130.4,60,52175.85,30,105,116685
BANKNIFTY-III.NFO,10/10/2024,09:15:03,52121,52130.4,60,52175.85,30,0,116685
BANKNIFTY-III.NFO,10/10/2024,09:15:03,52121,52130.4,60,52175.85,30,0,116685
BANKNIFTY-III.NFO,10/10/2024,09:15:03,52111.1,52130.4,60,52175.85,30,0,116685
BANKNIFTY-III.NFO,10/10/2024,09:15:05,52174.75,52152.3,30,52186.65,345,30,116685
BANKNIFTY-III.NFO,10/10/2024,09:15:05,52174.75,52152.3,30,52186.65,345,0,116685
BANKNIFTY-III.NFO,10/10/2024,09:15:06,52152.6,52147.2,30,52185.15,15,30,116685
BANKNIFTY-III.NFO,10/10/2024,09:15:06,52186.55,52147.2,30,52185.15,15,0,116685
BANKNIFTY-III.NFO,10/10/2024,09:15:07,52183.6,52133.1,60,52179.35,15,15,116685
BANKNIFTY-III.NFO,10/10/2024,09:15:09,52183.6,52115.55,60,52169.9,15,0,116685
BANKNIFTY-III.NFO,10/10/2024,09:15:10,52183.6,52120.35,60,52164.35,15,0,116685
BANKNIFTY-III.NFO,10/10/2024,09:15:12,52183.6,52117.4,60,52160.6,15,0,116685
BANKNIFTY-III.NFO,10/10/2024,09:15:14,52184.95,52134.65,60,52184.65,30,15,116685
BANKNIFTY-III.NFO,10/10/2024,09:15:15,52184.95,52137.5,30,52178.3,45,0,116685
BANKNIFTY-III.NFO,10/10/2024,09:15:17,52184.95,52147.4,30,52182.8,15,0,116685
BANKNIFTY-III.NFO,10/10/2024,09:15:18,52184.95,52146.75,60,52182.4,15,0,116685
BANKNIFTY-III.NFO,10/10/2024,09:15:20,52181.75,52142.3,30,52181.55,15,15,116805
BANKNIFTY-III.NFO,10/10/2024,09:15:22,52181.75,52147.7,15,52180.75,15,0,116805
BANKNIFTY-III.NFO,10/10/2024,09:15:23,52181.75,52148.85,30,52180.65,15,0,116805
BANKNIFTY-III.NFO,10/10/2024,09:15:25,52179.95,52134.9,60,52179.05,15,30,116805
BANKNIFTY-III.NFO,10/10/2024,09:15:26,52179.95,52137.7,15,52142.25,15,0,116805
BANKNIFTY-III.NFO,10/10/2024,09:15:28,52179.95,52135.8,15,52142.25,15,0,116805
BANKNIFTY-III.NFO,10/10/2024,09:15:29,52142.25,52142.95,15,52178.4,15,15,116805
BANKNIFTY-III.NFO,10/10/2024,09:15:31,52142.25,52144.8,15,52177,15,0,116805
BANKNIFTY-III.NFO,10/10/2024,09:15:32,52142.25,52166.75,60,52186.55,30,0,116805
BANKNIFTY-III.NFO,10/10/2024,09:15:34,52142.25,52164.4,75,52186.3,15,0,116805
BANKNIFTY-III.NFO,10/10/2024,09:15:36,52142.25,52163.65,75,52185.75,15,0,116805
BANKNIFTY-III.NFO,10/10/2024,09:15:37,52142.25,52167.3,75,52186.55,30,0,116805
BANKNIFTY-III.NFO,10/10/2024,09:15:39,52142.25,52172.8,75,52186.55,30,0,116805
BANKNIFTY-III.NFO,10/10/2024,09:15:45,52172.8,52169.6,60,52186.55,30,15,116805
BANKNIFTY-III.NFO,10/10/2024,09:15:46,52172.8,52169.6,60,52186.55,30,0,116805
BANKNIFTY-III.NFO,10/10/2024,09:15:48,52186.5,52162.4,60,52186.45,15,30,116805
BANKNIFTY-III.NFO,10/10/2024,09:15:49,52186.45,52156.5,60,52186.25,15,15,116805
BANKNIFTY-III.NFO,10/10/2024,09:15:51,52186.45,52155.2,60,52185.95,390,0,116805
BANKNIFTY-III.NFO,10/10/2024,09:15:53,52186.45,52152.45,15,52185.2,15,0,116805
BANKNIFTY-III.NFO,10/10/2024,09:15:54,52186.45,52145.7,15,52179.1,15,0,116805
BANKNIFTY-III.NFO,10/10/2024,09:15:56,52186.45,52142.25,45,52163.1,15,0,116805
BANKNIFTY-III.NFO,10/10/2024,09:15:57,52163.05,52142.25,45,52163.1,15,15,116805
BANKNIFTY-III.NFO,10/10/2024,09:15:59,52163.1,52142.25,60,52166.3,15,15,116805
BANKNIFTY-III.NFO,10/10/2024,09:16:01,52163.1,52142.25,60,52166.25,15,0,116805
BANKNIFTY-III.NFO,10/10/2024,09:16:02,52163.1,52142.4,60,52174.45,15,0,116805
BANKNIFTY-III.NFO,10/10/2024,09:16:04,52163.1,52154.3,60,52179,90,0,116805
BANKNIFTY-III.NFO,10/10/2024,09:16:05,52163.1,52154.3,60,52178.95,375,0,116805
BANKNIFTY-III.NFO,10/10/2024,09:16:07,52163,52163,15,52178.2,30,15,116805
BANKNIFTY-III.NFO,10/10/2024,09:16:08,52163,52163,15,52177.6,15,0,116805
BANKNIFTY-III.NFO,10/10/2024,09:16:10,52163,52145.45,60,52176.9,15,15,116805
BANKNIFTY-III.NFO,10/10/2024,09:16:11,52163,52149.1,60,52176.35,15,0,116805
BANKNIFTY-III.NFO,10/10/2024,09:16:13,52163,52154.7,60,52176.2,15,0,116805
BANKNIFTY-III.NFO,10/10/2024,09:16:15,52151.2,52154.75,60,52176.25,60,150,116805
BANKNIFTY-III.NFO,10/10/2024,09:16:16,52154.75,52154.75,45,52183,60,15,116805
BANKNIFTY-III.NFO,10/10/2024,09:16:18,52154.75,52161.55,60,52186.55,45,0,116805
BANKNIFTY-III.NFO,10/10/2024,09:16:19,52186.55,52161.55,60,52186.5,60,15,116805
BANKNIFTY-III.NFO,10/10/2024,09:16:21,52161.55,52161.55,45,52186.5,60,15,116805
BANKNIFTY-III.NFO,10/10/2024,09:16:22,52161.55,52161.55,45,52186.5,60,0,116805
BANKNIFTY-III.NFO,10/10/2024,09:16:26,52161.55,52157.25,30,52186.5,60,0,116805
BANKNIFTY-III.NFO,10/10/2024,09:16:27,52187.45,52164.6,60,52192.2,30,105,116805
BANKNIFTY-III.NFO,10/10/2024,09:16:27,52187.45,52164.6,60,52192.2,30,0,116805
BANKNIFTY-III.NFO,10/10/2024,09:16:29,52187.45,52167.15,60,52197.9,30,0,116805
BANKNIFTY-III.NFO,10/10/2024,09:16:35,52187.45,52190,15,52197.9,30,0,116805
BANKNIFTY-III.NFO,10/10/2024,09:16:37,52187.45,52190,15,52199.95,30,0,116805
BANKNIFTY-III.NFO,10/10/2024,09:16:38,52187.45,52190.05,60,52200,45,0,116805
BANKNIFTY-III.NFO,10/10/2024,09:16:40,52187.45,52190.05,75,52200,60,0,116805
BANKNIFTY-III.NFO,10/10/2024,09:16:42,52187.45,52190,15,52199.95,30,0,116805
BANKNIFTY-III.NFO,10/10/2024,09:16:46,52199.95,52190,15,52199.95,15,15,116805
BANKNIFTY-III.NFO,10/10/2024,09:16:46,52199.95,52190,15,52199.95,15,0,116805
BANKNIFTY-III.NFO,10/10/2024,09:16:48,52199.95,52190,15,52199.95,15,0,116805
BANKNIFTY-III.NFO,10/10/2024,09:16:53,52199.95,52190,15,52199.65,30,0,116805
BANKNIFTY-III.NFO,10/10/2024,09:16:54,52199.95,52190,15,52199.6,15,0,116805
BANKNIFTY-III.NFO,10/10/2024,09:16:56,52199.95,52190,15,52199.3,15,0,116805
BANKNIFTY-III.NFO,10/10/2024,09:16:58,52199.95,52190,15,52199.75,30,0,116805
BANKNIFTY-III.NFO,10/10/2024,09:16:59,52199.95,52190,15,52199.95,15,0,116805
BANKNIFTY-III.NFO,10/10/2024,09:17:01,52199.95,52190,15,52200,75,30,116805
BANKNIFTY-III.NFO,10/10/2024,09:17:02,52187.45,52154.25,60,52183.25,30,30,116805
BANKNIFTY-III.NFO,10/10/2024,09:17:04,52187.45,52155.15,60,52185.5,30,0,116805
BANKNIFTY-III.NFO,10/10/2024,09:17:05,52187.45,52155.65,60,52184.75,30,0,116805
BANKNIFTY-III.NFO,10/10/2024,09:17:07,52187.45,52147.65,60,52178.2,60,0,116805
BANKNIFTY-III.NFO,10/10/2024,09:17:09,52187.45,52144.55,90,52168.15,15,0,116805
BANKNIFTY-III.NFO,10/10/2024,09:17:10,52187.45,52148.75,60,52172.45,15,0,116805
BANKNIFTY-III.NFO,10/10/2024,09:17:12,52187.45,52145.55,60,52171.4,15,0,116805
BANKNIFTY-III.NFO,10/10/2024,09:17:14,52187.45,52143,15,52161.2,15,0,116805
BANKNIFTY-III.NFO,10/10/2024,09:17:15,52142.25,52118.55,60,52145.55,15,45,116805
BANKNIFTY-III.NFO,10/10/2024,09:17:17,52142.25,52130.9,60,52156.25,30,0,116805
BANKNIFTY-III.NFO,10/10/2024,09:17:18,52142.25,52129.05,75,52153.1,15,0,116805
BANKNIFTY-III.NFO,10/10/2024,09:17:20,52142.25,52123.45,60,52147.75,15,0,116805
BANKNIFTY-III.NFO,10/10/2024,09:17:22,52142.25,52136.55,60,52159.8,15,0,116805
BANKNIFTY-III.NFO,10/10/2024,09:17:23,52142.25,52136.55,75,52159.8,15,0,116805
BANKNIFTY-III.NFO,10/10/2024,09:17:25,52142.25,52125.5,75,52150.45,15,0,116805
BANKNIFTY-III.NFO,10/10/2024,09:17:26,52142.25,52124,60,52149.1,15,0,116805
BANKNIFTY-III.NFO,10/10/2024,09:17:28,52142.25,52123.15,60,52149.05,15,0,116805
BANKNIFTY-III.NFO,10/10/2024,09:17:30,52148.95,52123.65,60,52149,15,15,116805
BANKNIFTY-III.NFO,10/10/2024,09:17:31,52148.95,52118.5,60,52145.3,15,0,116805
BANKNIFTY-III.NFO,10/10/2024,09:17:33,52148.95,52104.35,60,52137.75,30,0,116805
BANKNIFTY-III.NFO,10/10/2024,09:17:34,52148.95,52108.95,60,52138.05,30,0,116805
BANKNIFTY-III.NFO,10/10/2024,09:17:36,52148.95,52115.05,60,52148.35,30,0,116805
BANKNIFTY-III.NFO,10/10/2024,09:17:38,52148.95,52119.95,90,52148.35,30,0,116805
BANKNIFTY-III.NFO,10/10/2024,09:17:39,52148.95,52119.95,90,52148.15,30,0,116805
BANKNIFTY-III.NFO,10/10/2024,09:17:41,52148.95,52116.05,60,52147.5,30,0,116805
BANKNIFTY-III.NFO,10/10/2024,09:17:42,52148.95,52116.05,60,52146,30,0,116805
BANKNIFTY-III.NFO,10/10/2024,09:17:44,52148.95,52116.05,60,52145.5,30,0,116805
BANKNIFTY-III.NFO,10/10/2024,09:17:46,52148.95,52118.45,60,52148.4,15,0,116805
BANKNIFTY-III.NFO,10/10/2024,09:17:47,52148.95,52148.95,60,52155.45,15,90,116805
BANKNIFTY-III.NFO,10/10/2024,09:17:49,52148.95,52148.95,45,52154.85,15,15,116805
BANKNIFTY-III.NFO,10/10/2024,09:17:50,52148.95,52148.95,45,52153.85,30,0,116805
BANKNIFTY-III.NFO,10/10/2024,09:17:52,52148.95,52148.95,15,52153.25,30,30,116805
BANKNIFTY-III.NFO,10/10/2024,09:17:54,52129.05,52130.45,105,52151.2,15,30,116805
BANKNIFTY-III.NFO,10/10/2024,09:17:55,52129.05,52130.6,60,52150.7,30,0,116805
BANKNIFTY-III.NFO,10/10/2024,09:17:57,52129.05,52131.5,60,52150.2,15,0,116805
BANKNIFTY-III.NFO,10/10/2024,09:17:59,52129.05,52131.1,60,52149.8,30,0,116805
BANKNIFTY-III.NFO,10/10/2024,09:18:00,52128.05,52128.05,75,52149.2,15,15,116805
BANKNIFTY-III.NFO,10/10/2024,09:18:02,52128.05,52132.6,105,52151.5,30,0,116805
BANKNIFTY-III.NFO,10/10/2024,09:18:03,52128.05,52140.35,75,52159.85,30,0,116805
BANKNIFTY-III.NFO,10/10/2024,09:18:05,52128.05,52140.5,105,52159.8,15,0,116805
BANKNIFTY-III.NFO,10/10/2024,09:18:07,52128.05,52137.35,75,52159.85,30,0,116805
BANKNIFTY-III.NFO,10/10/2024,09:18:08,52128.05,52132,60,52154.25,15,0,116805
BANKNIFTY-III.NFO,10/10/2024,09:18:10,52128.05,52129.55,60,52151.1,15,0,116805
BANKNIFTY-III.NFO,10/10/2024,09:18:12,52128.05,52134.05,75,52153.75,15,0,116805
BANKNIFTY-III.NFO,10/10/2024,09:18:14,52128.05,52132.5,75,52153.75,15,0,116805
BANKNIFTY-III.NFO,10/10/2024,09:18:15,52153.75,52131.65,60,52153.8,15,15,116805
BANKNIFTY-III.NFO,10/10/2024,09:18:17,52153.75,52132.85,60,52153.8,15,0,116805
BANKNIFTY-III.NFO,10/10/2024,09:18:19,52153.75,52134.55,90,52150,15,0,116805
BANKNIFTY-III.NFO,10/10/2024,09:18:20,52136.65,52139.35,60,52150,15,15,117075
BANKNIFTY-III.NFO,10/10/2024,09:18:22,52136.65,52133.15,75,52150,15,0,117075
BANKNIFTY-III.NFO,10/10/2024,09:18:24,52136.65,52138.4,60,52150,15,0,117075
BANKNIFTY-III.NFO,10/10/2024,09:18:25,52136.65,52137.85,75,52150,15,0,117075
BANKNIFTY-III.NFO,10/10/2024,09:18:27,52136.65,52133.95,75,52150,15,0,117075
BANKNIFTY-III.NFO,10/10/2024,09:18:29,52136.65,52128.85,75,52149.95,15,0,117075
BANKNIFTY-III.NFO,10/10/2024,09:18:30,52136.65,52140.05,60,52150,15,0,117075
BANKNIFTY-III.NFO,10/10/2024,09:18:32,52136.65,52140,15,52150,30,0,117075
BANKNIFTY-III.NFO,10/10/2024,09:18:37,52136.65,52140,15,52149.7,15,0,117075
BANKNIFTY-III.NFO,10/10/2024,09:18:38,52136.65,52140,15,52149.65,45,0,117075
BANKNIFTY-III.NFO,10/10/2024,09:18:40,52136.65,52140,15,52149.95,15,0,117075
BANKNIFTY-III.NFO,10/10/2024,09:18:42,52136.65,52140,15,52149.95,30,0,117075
BANKNIFTY-III.NFO,10/10/2024,09:18:43,52136.65,52140,15,52149.8,15,0,117075
BANKNIFTY-III.NFO,10/10/2024,09:18:47,52136.65,52140,15,52149.95,15,0,117075
BANKNIFTY-III.NFO,10/10/2024,09:18:52,52136.65,52140,15,52150,30,0,117075
BANKNIFTY-III.NFO,10/10/2024,09:18:55,52136.65,52140.05,60,52150,15,0,117075
BANKNIFTY-III.NFO,10/10/2024,09:18:58,52136.65,52140.05,60,52150,30,0,117075
BANKNIFTY-III.NFO,10/10/2024,09:19:00,52136.65,52145,15,52148.8,15,0,117075
BANKNIFTY-III.NFO,10/10/2024,09:19:02,52136.65,52145.05,60,52149.4,15,0,117075
BANKNIFTY-III.NFO,10/10/2024,09:19:03,52136.65,52145.05,60,52147.3,15,0,117075
BANKNIFTY-III.NFO,10/10/2024,09:19:05,52136.65,52145.05,60,52149.4,15,0,117075
BANKNIFTY-III.NFO,10/10/2024,09:19:07,52145.05,52145,15,52150,15,15,117075
BANKNIFTY-III.NFO,10/10/2024,09:19:08,52145.05,52145.05,60,52150,15,0,117075
BANKNIFTY-III.NFO,10/10/2024,09:19:09,52145.05,52145,15,52150,15,0,117075
BANKNIFTY-III.NFO,10/10/2024,09:19:16,52145.05,52145,15,52146.3,15,0,117075
BANKNIFTY-III.NFO,10/10/2024,09:19:18,52145.05,52145,15,52149.35,15,0,117075
BANKNIFTY-III.NFO,10/10/2024,09:19:19,52146.65,52140,15,52146.05,15,15,117075
BANKNIFTY-III.NFO,10/10/2024,09:19:21,52140,52138,30,52138.9,15,15,117075
BANKNIFTY-III.NFO,10/10/2024,09:19:23,52140,52138,30,52142.65,15,0,117075
BANKNIFTY-III.NFO,10/10/2024,09:19:24,52138,52138,15,52143.5,15,15,117075
BANKNIFTY-III.NFO,10/10/2024,09:19:26,52138,52138,15,52143.6,15,0,117075
BANKNIFTY-III.NFO,10/10/2024,09:19:28,52138,52138,15,52139.85,15,0,117075
BANKNIFTY-III.NFO,10/10/2024,09:19:29,52138,52138,15,52140.95,15,0,117075
BANKNIFTY-III.NFO,10/10/2024,09:19:31,52138,52138,15,52140.15,15,0,117075
BANKNIFTY-III.NFO,10/10/2024,09:19:33,52138,52118.65,60,52133.25,15,15,117075
BANKNIFTY-III.NFO,10/10/2024,09:19:34,52138,52115.95,75,52133.4,15,0,117075
BANKNIFTY-III.NFO,10/10/2024,09:19:36,52138,52124.75,90,52139.6,15,0,117075
BANKNIFTY-III.NFO,10/10/2024,09:19:38,52138,52121.65,75,52136.5,15,0,117075
BANKNIFTY-III.NFO,10/10/2024,09:19:39,52138,52122.35,60,52136.55,15,0,117075
BANKNIFTY-III.NFO,10/10/2024,09:19:41,52138,52120.4,60,52134.2,15,0,117075
BANKNIFTY-III.NFO,10/10/2024,09:19:43,52138,52123.45,105,52139.85,30,0,117075
BANKNIFTY-III.NFO,10/10/2024,09:19:44,52138,52126.65,75,52143.05,30,0,117075
BANKNIFTY-III.NFO,10/10/2024,09:19:46,52138,52124.5,75,52140.8,15,0,117075
BANKNIFTY-III.NFO,10/10/2024,09:19:48,52138,52122.65,60,52136.2,15,0,117075
BANKNIFTY-III.NFO,10/10/2024,09:19:49,52138,52122.2,60,52136.35,15,0,117075
BANKNIFTY-III.NFO,10/10/2024,09:19:51,52138,52125,75,52140.3,15,0,117075
BANKNIFTY-III.NFO,10/10/2024,09:19:53,52138,52125.55,75,52141.55,15,0,117075
BANKNIFTY-III.NFO,10/10/2024,09:19:54,52138,52126.25,75,52143.1,30,0,117075
BANKNIFTY-III.NFO,10/10/2024,09:19:56,52138,52128.85,75,52147,75,0,117075
BANKNIFTY-III.NFO,10/10/2024,09:19:57,52138,52127.65,75,52144.6,30,0,117075
BANKNIFTY-III.NFO,10/10/2024,09:19:59,52138,52124.5,75,52139.75,15,0,117075
BANKNIFTY-III.NFO,10/10/2024,09:20:01,52138,52119.25,60,52133.25,15,0,117075
BANKNIFTY-III.NFO,10/10/2024,09:20:02,52138,52110.45,60,52127.6,15,0,117075
BANKNIFTY-III.NFO,10/10/2024,09:20:04,52138,52113.5,60,52127.25,15,0,117075
BANKNIFTY-III.NFO,10/10/2024,09:20:06,52138,52114.4,60,52130.65,15,0,117075
BANKNIFTY-III.NFO,10/10/2024,09:20:07,52138,52117.8,60,52132,30,0,117075
BANKNIFTY-III.NFO,10/10/2024,09:20:09,52138,52119.3,90,52135.1,45,0,117075
BANKNIFTY-III.NFO,10/10/2024,09:20:10,52138,52118.9,60,52135.05,30,0,117075
BANKNIFTY-III.NFO,10/10/2024,09:20:12,52138,52117.7,60,52131.15,15,0,117075
BANKNIFTY-III.NFO,10/10/2024,09:20:14,52138,52109.9,60,52130.4,15,0,117075
BANKNIFTY-III.NFO,10/10/2024,09:20:15,52138,52115,75,52133.65,15,0,117075
BANKNIFTY-III.NFO,10/10/2024,09:20:17,52138,52119.9,60,52134.55,30,0,117075
BANKNIFTY-III.NFO,10/10/2024,09:20:19,52138,52113.45,90,52124.7,15,0,117075
BANKNIFTY-III.NFO,10/10/2024,09:20:20,52138,52103.25,75,52118.8,15,0,117075
BANKNIFTY-III.NFO,10/10/2024,09:20:22,52138,52104.55,30,52113.85,15,0,117075
BANKNIFTY-III.NFO,10/10/2024,09:20:24,52138,52103.15,60,52116.7,15,0,117075
BANKNIFTY-III.NFO,10/10/2024,09:20:25,52138,52102.15,75,52119.85,15,0,117075
BANKNIFTY-III.NFO,10/10/2024,09:20:27,52119,52106.65,60,52121.8,30,15,117075
BANKNIFTY-III.NFO,10/10/2024,09:20:28,52119,52109.2,30,52122.8,30,0,117075
BANKNIFTY-III.NFO,10/10/2024,09:20:30,52119,52115.2,45,52132.45,30,0,117075
BANKNIFTY-III.NFO,10/10/2024,09:20:32,52119,52112.4,30,52131.8,60,0,117075
BANKNIFTY-III.NFO,10/10/2024,09:20:33,52119,52110.6,30,52130.6,90,0,117075
BANKNIFTY-III.NFO,10/10/2024,09:20:35,52119,52105.4,45,52123.05,45,0,117075
BANKNIFTY-III.NFO,10/10/2024,09:20:37,52119,52107.5,30,52127.6,30,0,117075
BANKNIFTY-III.NFO,10/10/2024,09:20:38,52119,52107.8,45,52125,45,0,117075
BANKNIFTY-III.NFO,10/10/2024,09:20:40,52119,52105.7,30,52118.95,30,0,117075
BANKNIFTY-III.NFO,10/10/2024,09:20:43,52119,52107.1,30,52119,15,0,117075
BANKNIFTY-III.NFO,10/10/2024,09:20:45,52119,52107.4,30,52119,15,0,117075
BANKNIFTY-III.NFO,10/10/2024,09:20:46,52119,52106.25,105,52119,15,0,117075
BANKNIFTY-III.NFO,10/10/2024,09:20:48,52107.5,52106.35,105,52119,15,30,117075
BANKNIFTY-III.NFO,10/10/2024,09:20:48,52107.5,52106.35,105,52119,15,0,117075
BANKNIFTY-III.NFO,10/10/2024,09:20:50,52107.5,52105.9,75,52119,15,0,117075
BANKNIFTY-III.NFO,10/10/2024,09:20:53,52107.5,52108.7,105,52119,15,0,117075
BANKNIFTY-III.NFO,10/10/2024,09:20:54,52107.5,52108.8,75,52119,15,0,117075
BANKNIFTY-III.NFO,10/10/2024,09:20:56,52107.5,52106.05,60,52119,15,0,117075
BANKNIFTY-III.NFO,10/10/2024,09:20:57,52107.5,52107.85,60,52119,15,0,117075
BANKNIFTY-III.NFO,10/10/2024,09:20:59,52107.5,52108.55,75,52119,15,0,117075
BANKNIFTY-III.NFO,10/10/2024,09:21:01,52107.5,52114.65,60,52119,15,0,117075
BANKNIFTY-III.NFO,10/10/2024,09:21:02,52107.5,52111.25,75,52119,15,0,117075
BANKNIFTY-III.NFO,10/10/2024,09:21:04,52107.5,52107.85,75,52119,15,0,117075
BANKNIFTY-III.NFO,10/10/2024,09:21:06,52107.5,52107.5,15,52119,15,0,117075
BANKNIFTY-III.NFO,10/10/2024,09:21:07,52107.5,52102.2,75,52118.95,30,15,117075
BANKNIFTY-III.NFO,10/10/2024,09:21:09,52107.5,52101.55,60,52118.95,45,0,117075
BANKNIFTY-III.NFO,10/10/2024,09:21:10,52107.5,52102.95,60,52118.95,45,0,117075
BANKNIFTY-III.NFO,10/10/2024,09:21:12,52107.5,52102.65,75,52118.95,45,0,117075
BANKNIFTY-III.NFO,10/10/2024,09:21:14,52107.5,52102.25,75,52118.95,45,0,117075
BANKNIFTY-III.NFO,10/10/2024,09:21:15,52107.5,52101.75,75,52118.95,45,0,117075
BANKNIFTY-III.NFO,10/10/2024,09:21:17,52107.5,52103.4,60,52118.95,45,0,117075
BANKNIFTY-III.NFO,10/10/2024,09:21:19,52107.5,52103.95,60,52119,15,0,117075
BANKNIFTY-III.NFO,10/10/2024,09:21:20,52107.5,52104.4,60,52118.95,45,0,117075
BANKNIFTY-III.NFO,10/10/2024,09:21:22,52107.5,52102.8,90,52118.95,45,0,117075
BANKNIFTY-III.NFO,10/10/2024,09:21:24,52107.5,52102.85,30,52118.95,45,0,117075
BANKNIFTY-III.NFO,10/10/2024,09:21:25,52107.5,52101.05,75,52118.65,45,0,117075
BANKNIFTY-III.NFO,10/10/2024,09:21:27,52107.5,52101,15,52107.5,15,0,117075
BANKNIFTY-III.NFO,10/10/2024,09:21:30,52100,52100,150,52107.5,15,30,117135
BANKNIFTY-III.NFO,10/10/2024,09:21:30,52100,52100,150,52107.5,15,0,117135
BANKNIFTY-III.NFO,10/10/2024,09:21:32,52100,52100,150,52107.5,15,0,117135
BANKNIFTY-III.NFO,10/10/2024,09:21:34,52100,52100,150,52107.45,30,0,117135
BANKNIFTY-III.NFO,10/10/2024,09:21:35,52100,52100,150,52107.5,15,0,117135
BANKNIFTY-III.NFO,10/10/2024,09:21:37,52100,52100,150,52107.45,30,0,117135
BANKNIFTY-III.NFO,10/10/2024,09:21:40,52100,52100,135,52107.45,30,15,117135
BANKNIFTY-III.NFO,10/10/2024,09:21:42,52100,52100,135,52107.45,30,0,117135
BANKNIFTY-III.NFO,10/10/2024,09:21:45,52100,52100,135,52107.5,15,0,117135
BANKNIFTY-III.NFO,10/10/2024,09:21:48,52100,52100.05,30,52107.5,15,0,117135
BANKNIFTY-III.NFO,10/10/2024,09:21:54,52100,52100.55,30,52107.5,15,0,117135
BANKNIFTY-III.NFO,10/10/2024,09:21:55,52100,52100.55,45,52107.5,15,0,117135
BANKNIFTY-III.NFO,10/10/2024,09:21:57,52100,52101.95,45,52107.5,15,0,117135
BANKNIFTY-III.NFO,10/10/2024,09:21:58,52100,52102.6,60,52107.5,15,0,117135
BANKNIFTY-III.NFO,10/10/2024,09:22:00,52100,52104.05,30,52107.5,15,0,117135
BANKNIFTY-III.NFO,10/10/2024,09:22:01,52100,52102.45,30,52107.5,15,0,117135
BANKNIFTY-III.NFO,10/10/2024,09:22:03,52100,52100,135,52107.5,15,0,117135
BANKNIFTY-III.NFO,10/10/2024,09:22:11,52100,52100,120,52107.5,15,15,117135
BANKNIFTY-III.NFO,10/10/2024,09:22:13,52100,52100,120,52107.5,15,0,117135
BANKNIFTY-III.NFO,10/10/2024,09:22:15,52100,52100,165,52107.5,15,0,117135
BANKNIFTY-III.NFO,10/10/2024,09:22:16,52100,52100,165,52107.5,30,0,117135
BANKNIFTY-III.NFO,10/10/2024,09:22:21,52100,52100,150,52107.5,15,15,117135
BANKNIFTY-III.NFO,10/10/2024,09:22:23,52100,52100.05,60,52116.15,30,0,117135
BANKNIFTY-III.NFO,10/10/2024,09:22:25,52100,52100,105,52112.85,75,0,117135
BANKNIFTY-III.NFO,10/10/2024,09:22:26,52100,52100.05,60,52115.55,30,0,117135
BANKNIFTY-III.NFO,10/10/2024,09:22:28,52100,52101.25,60,52117.95,30,0,117135
BANKNIFTY-III.NFO,10/10/2024,09:22:29,52100,52100.05,60,52117.85,30,0,117135
BANKNIFTY-III.NFO,10/10/2024,09:22:31,52100,52100.05,75,52118,30,0,117135
BANKNIFTY-III.NFO,10/10/2024,09:22:33,52100,52101.1,75,52119.15,30,0,117135
BANKNIFTY-III.NFO,10/10/2024,09:22:34,52100,52102.4,60,52119.8,30,0,117135
BANKNIFTY-III.NFO,10/10/2024,09:22:36,52100.05,52100.05,75,52116.4,60,15,117135
BANKNIFTY-III.NFO,10/10/2024,09:22:37,52100.05,52100.05,60,52115.55,45,0,117135
BANKNIFTY-III.NFO,10/10/2024,09:22:39,52100.05,52101.05,60,52115.05,60,0,117135
BANKNIFTY-III.NFO,10/10/2024,09:22:41,52100.05,52101.05,60,52114.65,15,0,117135
BANKNIFTY-III.NFO,10/10/2024,09:22:42,52100.05,52101.05,60,52114.35,45,0,117135
BANKNIFTY-III.NFO,10/10/2024,09:22:44,52100,52100.05,15,52114.1,30,90,117135
BANKNIFTY-III.NFO,10/10/2024,09:22:46,52100,52100,120,52105.1,45,0,117135
BANKNIFTY-III.NFO,10/10/2024,09:22:47,52099,52090,15,52102.15,60,150,117135
BANKNIFTY-III.NFO,10/10/2024,09:22:47,52099,52090,15,52102.15,60,0,117135
BANKNIFTY-III.NFO,10/10/2024,09:22:49,52099,52090,15,52103.45,75,0,117135
BANKNIFTY-III.NFO,10/10/2024,09:22:51,52099,52090.05,15,52106.4,60,0,117135
BANKNIFTY-III.NFO,10/10/2024,09:22:52,52099,52090,15,52102.3,75,0,117135
BANKNIFTY-III.NFO,10/10/2024,09:22:54,52099,52090.05,30,52105.35,60,0,117135
BANKNIFTY-III.NFO,10/10/2024,09:22:56,52099,52090,15,52102.8,60,0,117135
BANKNIFTY-III.NFO,10/10/2024,09:22:57,52099,52090,15,52103.05,60,0,117135
BANKNIFTY-III.NFO,10/10/2024,09:22:59,52099,52090.05,30,52106.6,75,0,117135
BANKNIFTY-III.NFO,10/10/2024,09:23:00,52099,52096.55,15,52115.65,75,0,117135
BANKNIFTY-III.NFO,10/10/2024,09:23:02,52099,52099.7,30,52117.25,60,0,117135
BANKNIFTY-III.NFO,10/10/2024,09:23:04,52099,52099,30,52116.25,75,0,117135
BANKNIFTY-III.NFO,10/10/2024,09:23:05,52099,52099.35,30,52115.95,75,0,117135
BANKNIFTY-III.NFO,10/10/2024,09:23:07,52099,52101.65,15,52119.75,75,0,117135
BANKNIFTY-III.NFO,10/10/2024,09:23:09,52099,52101.6,15,52119.6,75,0,117135
BANKNIFTY-III.NFO,10/10/2024,09:23:10,52099,52101.55,30,52119,75,0,117135
BANKNIFTY-III.NFO,10/10/2024,09:23:12,52099,52101.3,15,52118.2,75,0,117135
BANKNIFTY-III.NFO,10/10/2024,09:23:14,52099,52103.3,30,52120.35,75,0,117135
BANKNIFTY-III.NFO,10/10/2024,09:23:15,52099,52105.05,30,52119.8,15,0,117135
BANKNIFTY-III.NFO,10/10/2024,09:23:17,52099,52108.05,15,52119.8,15,0,117135
BANKNIFTY-III.NFO,10/10/2024,09:23:19,52099,52108.4,30,52125.75,60,0,117135
BANKNIFTY-III.NFO,10/10/2024,09:23:20,52099,52109.1,30,52125.55,60,0,117135
BANKNIFTY-III.NFO,10/10/2024,09:23:22,52107.45,52107.4,45,52124.7,75,15,117135
BANKNIFTY-III.NFO,10/10/2024,09:23:24,52107.45,52107.4,45,52124.5,75,0,117135
BANKNIFTY-III.NFO,10/10/2024,09:23:25,52107.45,52107.4,45,52124.7,60,0,117135
BANKNIFTY-III.NFO,10/10/2024,09:23:27,52107.45,52105.8,45,52123.9,75,0,117135
BANKNIFTY-III.NFO,10/10/2024,09:23:29,52107.45,52105.8,45,52128.8,60,0,117135
BANKNIFTY-III.NFO,10/10/2024,09:23:30,52107.45,52107.5,30,52128.1,105,0,117135
BANKNIFTY-III.NFO,10/10/2024,09:23:32,52107.45,52107.45,30,52123.65,60,0,117135
BANKNIFTY-III.NFO,10/10/2024,09:23:33,52107.45,52107.45,30,52123.45,60,0,117135
BANKNIFTY-III.NFO,10/10/2024,09:23:35,52107.45,52107.45,30,52123.15,60,0,117135
BANKNIFTY-III.NFO,10/10/2024,09:23:37,52107.45,52107.45,30,52122.9,15,0,117135
BANKNIFTY-III.NFO,10/10/2024,09:23:38,52107.45,52107.5,45,52122.9,15,0,117135
BANKNIFTY-III.NFO,10/10/2024,09:23:40,52107.45,52107.5,45,52127.95,75,0,117135
BANKNIFTY-III.NFO,10/10/2024,09:23:45,52107.45,52107.45,30,52124.15,75,0,117135
BANKNIFTY-III.NFO,10/10/2024,09:23:47,52107.45,52107.45,15,52119.1,60,0,117135
BANKNIFTY-III.NFO,10/10/2024,09:23:48,52107.45,52107.45,15,52115.25,60,0,117135
BANKNIFTY-III.NFO,10/10/2024,09:23:50,52107.45,52107.45,15,52116.1,75,0,117135
BANKNIFTY-III.NFO,10/10/2024,09:23:52,52107.45,52107.45,15,52114.75,60,0,117135
BANKNIFTY-III.NFO,10/10/2024,09:23:53,52107.45,52091.9,30,52110.75,75,0,117135
BANKNIFTY-III.NFO,10/10/2024,09:23:58,52107.45,52091.1,45,52108.35,75,0,117135
BANKNIFTY-III.NFO,10/10/2024,09:24:00,52108.35,52090.05,15,52106.25,60,15,117135
BANKNIFTY-III.NFO,10/10/2024,09:24:02,52108.35,52090,15,52105.25,60,0,117135
BANKNIFTY-III.NFO,10/10/2024,09:24:03,52108.35,52090.05,15,52105.25,75,0,117135
BANKNIFTY-III.NFO,10/10/2024,09:24:05,52107.45,52095.55,75,52113.3,60,150,117135
BANKNIFTY-III.NFO,10/10/2024,09:24:06,52107.45,52095.55,75,52112.5,45,0,117135
BANKNIFTY-III.NFO,10/10/2024,09:24:08,52107.45,52092.55,60,52108.4,45,0,117135
BANKNIFTY-III.NFO,10/10/2024,09:24:10,52107.45,52090.4,60,52108.15,45,0,117135
BANKNIFTY-III.NFO,10/10/2024,09:24:12,52107.45,52093.3,60,52110.45,45,0,117135
BANKNIFTY-III.NFO,10/10/2024,09:24:13,52107.45,52094.5,60,52111.65,45,0,117135
BANKNIFTY-III.NFO,10/10/2024,09:24:15,52107.45,52097.8,60,52114.75,45,0,117135
BANKNIFTY-III.NFO,10/10/2024,09:24:17,52107.45,52102.2,60,52118.2,45,0,117135
BANKNIFTY-III.NFO,10/10/2024,09:24:18,52107.45,52105.7,75,52118.1,30,0,117135
BANKNIFTY-III.NFO,10/10/2024,09:24:21,52107.45,52107.55,60,52118.1,30,0,117135
BANKNIFTY-III.NFO,10/10/2024,09:24:23,52107.45,52107.5,75,52118.1,30,0,117135
BANKNIFTY-III.NFO,10/10/2024,09:24:25,52107.45,52107.85,60,52128.1,45,0,117135
BANKNIFTY-III.NFO,10/10/2024,09:24:26,52107.45,52107.85,60,52126.2,60,0,117135
BANKNIFTY-III.NFO,10/10/2024,09:24:28,52107.45,52107.85,60,52124.25,45,0,117135
BANKNIFTY-III.NFO,10/10/2024,09:24:30,52107.45,52107.85,60,52123.75,45,0,117135
BANKNIFTY-III.NFO,10/10/2024,09:24:31,52107.45,52108.15,60,52125.75,45,0,117135
BANKNIFTY-III.NFO,10/10/2024,09:24:33,52107.45,52108.15,60,52128.45,45,0,117135
BANKNIFTY-III.NFO,10/10/2024,09:24:34,52107.45,52111.15,60,52130.85,60,0,117135
BANKNIFTY-III.NFO,10/10/2024,09:24:36,52111.25,52111.15,60,52131.55,60,15,117345
BANKNIFTY-III.NFO,10/10/2024,09:24:38,52111.25,52111.15,60,52127.35,60,0,117345
BANKNIFTY-III.NFO,10/10/2024,09:24:39,52111.25,52111.15,60,52127.4,30,0,117345
BANKNIFTY-III.NFO,10/10/2024,09:24:41,52111.25,52114.35,60,52131,60,0,117345
BANKNIFTY-III.NFO,10/10/2024,09:24:43,52111.25,52118.95,60,52136.45,60,0,117345
BANKNIFTY-III.NFO,10/10/2024,09:24:44,52111.25,52116.85,60,52135.8,75,0,117345
BANKNIFTY-III.NFO,10/10/2024,09:24:46,52111.25,52114.15,60,52132.05,45,0,117345
BANKNIFTY-III.NFO,10/10/2024,09:24:48,52111.25,52110.85,60,52116.85,15,0,117345
BANKNIFTY-III.NFO,10/10/2024,09:24:54,52110.85,52111.95,45,52116.85,15,15,117345
BANKNIFTY-III.NFO,10/10/2024,09:24:56,52110.85,52113.65,60,52116.85,15,0,117345
BANKNIFTY-III.NFO,10/10/2024,09:24:57,52116.85,52116.5,45,52132.75,60,15,117345
BANKNIFTY-III.NFO,10/10/2024,09:24:59,52116.85,52116,90,52132.55,60,0,117345
BANKNIFTY-III.NFO,10/10/2024,09:25:01,52116.85,52119.7,75,52132.4,15,0,117345
BANKNIFTY-III.NFO,10/10/2024,09:25:02,52116.85,52122,60,52133,15,0,117345
BANKNIFTY-III.NFO,10/10/2024,09:25:04,52116.85,52122.35,90,52133,15,0,117345
BANKNIFTY-III.NFO,10/10/2024,09:25:06,52116.85,52121.7,60,52133,15,0,117345
BANKNIFTY-III.NFO,10/10/2024,09:25:07,52116.85,52120.3,60,52133,15,0,117345
BANKNIFTY-III.NFO,10/10/2024,09:25:09,52116.85,52121.7,45,52133,15,0,117345
BANKNIFTY-III.NFO,10/10/2024,09:25:12,52116.85,52126.75,60,52133,15,0,117345
BANKNIFTY-III.NFO,10/10/2024,09:25:14,52116.85,52128.1,60,52133,15,0,117345
BANKNIFTY-III.NFO,10/10/2024,09:25:15,52116.85,52129.1,60,52133,15,0,117345
BANKNIFTY-III.NFO,10/10/2024,09:25:17,52133,52132.9,45,52147.2,30,15,117345
BANKNIFTY-III.NFO,10/10/2024,09:25:19,52147.2,52144.35,75,52150,30,30,117345
BANKNIFTY-III.NFO,10/10/2024,09:25:20,52150,52148.05,45,52162.65,105,30,117345
BANKNIFTY-III.NFO,10/10/2024,09:25:22,52147.7,52143.5,15,52162,60,75,117345
BANKNIFTY-III.NFO,10/10/2024,09:25:24,52147.7,52147.2,30,52160.8,60,0,117345
BANKNIFTY-III.NFO,10/10/2024,09:25:25,52147.7,52147.2,15,52159.4,30,0,117345
BANKNIFTY-III.NFO,10/10/2024,09:25:27,52147.7,52147.2,15,52156.7,75,0,117345
BANKNIFTY-III.NFO,10/10/2024,09:25:28,52147.7,52147.2,15,52157,75,0,117345
BANKNIFTY-III.NFO,10/10/2024,09:25:30,52147.7,52147.2,15,52157.8,60,0,117345
BANKNIFTY-III.NFO,10/10/2024,09:25:31,52147.7,52147.2,15,52156.8,75,0,117345
BANKNIFTY-III.NFO,10/10/2024,09:25:33,52147.7,52147.2,15,52147.7,15,0,117345
BANKNIFTY-III.NFO,10/10/2024,09:25:36,52147.2,52133,15,52147,30,15,117345
BANKNIFTY-III.NFO,10/10/2024,09:25:38,52147,52133,15,52147,15,15,117345
BANKNIFTY-III.NFO,10/10/2024,09:25:40,52147,52133,15,52146.05,60,0,117345
BANKNIFTY-III.NFO,10/10/2024,09:25:41,52147,52133,15,52141.05,75,0,117345
BANKNIFTY-III.NFO,10/10/2024,09:25:43,52147,52133,15,52141.95,75,0,117345
BANKNIFTY-III.NFO,10/10/2024,09:25:45,52147,52133,15,52143.15,60,0,117345
BANKNIFTY-III.NFO,10/10/2024,09:25:46,52147,52133,15,52139.4,105,0,117345
BANKNIFTY-III.NFO,10/10/2024,09:25:48,52147,52133,15,52138.5,75,0,117345
BANKNIFTY-III.NFO,10/10/2024,09:25:49,52147,52133,15,52136.75,60,0,117345
BANKNIFTY-III.NFO,10/10/2024,09:25:51,52133,52111.75,30,52129,105,15,117345
BANKNIFTY-III.NFO,10/10/2024,09:25:53,52133,52115.35,30,52133.75,60,0,117345
BANKNIFTY-III.NFO,10/10/2024,09:25:54,52133,52112.85,30,52130.9,75,0,117345
BANKNIFTY-III.NFO,10/10/2024,09:25:56,52133,52116.8,15,52134.5,60,0,117345
BANKNIFTY-III.NFO,10/10/2024,09:25:57,52133,52111.9,30,52130.8,60,0,117345
BANKNIFTY-III.NFO,10/10/2024,09:25:59,52133,52108.55,30,52126.6,75,0,117345
BANKNIFTY-III.NFO,10/10/2024,09:26:01,52133,52108.05,15,52123.45,75,0,117345
BANKNIFTY-III.NFO,10/10/2024,09:26:02,52133,52108,15,52121.55,75,0,117345
BANKNIFTY-III.NFO,10/10/2024,09:26:04,52133,52108,15,52119.45,60,0,117345
BANKNIFTY-III.NFO,10/10/2024,09:26:05,52133,52108,15,52120.85,90,0,117345
BANKNIFTY-III.NFO,10/10/2024,09:26:10,52133,52108.95,15,52125.9,75,0,117345
BANKNIFTY-III.NFO,10/10/2024,09:26:12,52133,52108.05,15,52124.35,75,0,117345
BANKNIFTY-III.NFO,10/10/2024,09:26:13,52133,52108,15,52122.3,75,0,117345
BANKNIFTY-III.NFO,10/10/2024,09:26:15,52133,52108,15,52117.35,60,0,117345
BANKNIFTY-III.NFO,10/10/2024,09:26:17,52133,52108,15,52118,75,0,117345
BANKNIFTY-III.NFO,10/10/2024,09:26:18,52133,52108,15,52110.05,45,0,117345
BANKNIFTY-III.NFO,10/10/2024,09:26:25,52133,52108,15,52108.05,45,0,117345
BANKNIFTY-III.NFO,10/10/2024,09:26:30,52108,52100,45,52108,30,15,117345
BANKNIFTY-III.NFO,10/10/2024,09:26:32,52108,52100,45,52108,30,0,117345
BANKNIFTY-III.NFO,10/10/2024,09:26:33,52108,52100,45,52107.95,75,0,117345
BANKNIFTY-III.NFO,10/10/2024,09:26:35,52100,52100,15,52104.1,60,30,117345
BANKNIFTY-III.NFO,10/10/2024,09:26:37,52100,52100,15,52104.4,60,0,117345
BANKNIFTY-III.NFO,10/10/2024,09:26:38,52100,52100,15,52107,60,0,117345
BANKNIFTY-III.NFO,10/10/2024,09:26:40,52100,52100,15,52106.85,15,0,117345
BANKNIFTY-III.NFO,10/10/2024,09:26:42,52100,52100,15,52107.95,60,0,117345
BANKNIFTY-III.NFO,10/10/2024,09:26:43,52100,52090.65,30,52100,15,15,117345
BANKNIFTY-III.NFO,10/10/2024,09:26:45,52100,52090.35,30,52100,45,0,117345
BANKNIFTY-III.NFO,10/10/2024,09:26:46,52100,52091.15,15,52100,45,0,117345
BANKNIFTY-III.NFO,10/10/2024,09:26:48,52100,52088,15,52100,45,0,117345
BANKNIFTY-III.NFO,10/10/2024,09:26:50,52100,52089,30,52100,45,0,117345
BANKNIFTY-III.NFO,10/10/2024,09:26:51,52100,52088.3,30,52100,45,0,117345
BANKNIFTY-III.NFO,10/10/2024,09:26:53,52100,52093.7,15,52100,45,0,117345
BANKNIFTY-III.NFO,10/10/2024,09:26:55,52100,52092.85,30,52100,45,0,117345
BANKNIFTY-III.NFO,10/10/2024,09:26:56,52100,52089.3,15,52100,45,0,117345
BANKNIFTY-III.NFO,10/10/2024,09:26:58,52100,52092.05,15,52100,45,0,117345
BANKNIFTY-III.NFO,10/10/2024,09:26:59,52092.05,52087.2,30,52100,30,15,117345
BANKNIFTY-III.NFO,10/10/2024,09:26:59,52092.05,52087.2,30,52100,30,0,117345
BANKNIFTY-III.NFO,10/10/2024,09:27:01,52092.05,52091.7,60,52100,30,0,117345
BANKNIFTY-III.NFO,10/10/2024,09:27:03,52092.05,52092.4,30,52100,30,0,117345
BANKNIFTY-III.NFO,10/10/2024,09:27:04,52092.05,52093.15,30,52100,30,0,117345
BANKNIFTY-III.NFO,10/10/2024,09:27:06,52100,52097.3,30,52121.2,30,30,117345
BANKNIFTY-III.NFO,10/10/2024,09:27:08,52100,52097.3,30,52116.15,105,0,117345
BANKNIFTY-III.NFO,10/10/2024,09:27:09,52100,52093.15,30,52113.85,60,0,117345
BANKNIFTY-III.NFO,10/10/2024,09:27:11,52100,52093.15,45,52110.85,90,0,117345
BANKNIFTY-III.NFO,10/10/2024,09:27:13,52100,52087.2,30,52108.65,75,0,117345
BANKNIFTY-III.NFO,10/10/2024,09:27:16,52100,52100,60,52109.55,75,0,117345
BANKNIFTY-III.NFO,10/10/2024,09:27:19,52100,52100,60,52108.8,60,0,117345
BANKNIFTY-III.NFO,10/10/2024,09:27:21,52100,52100,60,52110.25,60,0,117345
BANKNIFTY-III.NFO,10/10/2024,09:27:22,52100,52100,60,52111.4,60,0,117345
BANKNIFTY-III.NFO,10/10/2024,09:27:24,52100,52100,60,52108.2,75,0,117345
BANKNIFTY-III.NFO,10/10/2024,09:27:26,52100,52100,60,52109.15,75,0,117345
BANKNIFTY-III.NFO,10/10/2024,09:27:27,52100,52100,60,52108.15,75,0,117345
BANKNIFTY-III.NFO,10/10/2024,09:27:29,52100,52100,60,52110.9,75,0,117345
BANKNIFTY-III.NFO,10/10/2024,09:27:31,52100,52100,60,52109,75,0,117345
BANKNIFTY-III.NFO,10/10/2024,09:27:32,52100,52100,60,52106.9,75,0,117345
BANKNIFTY-III.NFO,10/10/2024,09:27:36,52100,52085.05,30,52099.95,60,60,117315
BANKNIFTY-III.NFO,10/10/2024,09:27:37,52100,52085.05,45,52100,15,0,117315
BANKNIFTY-III.NFO,10/10/2024,09:27:45,52100,52096.45,30,52100,15,0,117315
BANKNIFTY-III.NFO,10/10/2024,09:27:47,52100,52100.9,30,52119.75,105,15,117315
BANKNIFTY-III.NFO,10/10/2024,09:27:49,52100,52095.3,30,52114.15,75,0,117315
BANKNIFTY-III.NFO,10/10/2024,09:27:50,52100,52093.35,45,52111.25,60,0,117315
BANKNIFTY-III.NFO,10/10/2024,09:27:52,52100,52091,45,52109.75,75,0,117315
BANKNIFTY-III.NFO,10/10/2024,09:27:54,52100,52100,15,52112.05,105,0,117315
BANKNIFTY-III.NFO,10/10/2024,09:27:55,52100,52100,15,52110.95,75,0,117315
BANKNIFTY-III.NFO,10/10/2024,09:27:57,52100,52100,15,52110.3,75,0,117315
BANKNIFTY-III.NFO,10/10/2024,09:27:59,52100,52100,15,52112.95,75,0,117315
BANKNIFTY-III.NFO,10/10/2024,09:28:00,52100,52100.05,30,52115.5,15,0,117315
BANKNIFTY-III.NFO,10/10/2024,09:28:07,52100,52100.05,45,52120.05,60,0,117315
BANKNIFTY-III.NFO,10/10/2024,09:28:09,52100,52100.05,45,52119.95,60,0,117315
BANKNIFTY-III.NFO,10/10/2024,09:28:09,52100,52100.05,45,52119.75,60,0,117315
BANKNIFTY-III.NFO,10/10/2024,09:28:11,52100,52100,15,52115.35,105,0,117315
BANKNIFTY-III.NFO,10/10/2024,09:28:13,52100,52100,15,52111.65,75,0,117315
BANKNIFTY-III.NFO,10/10/2024,09:28:14,52100,52100,15,52110.25,90,0,117315
BANKNIFTY-III.NFO,10/10/2024,09:28:16,52100,52100,15,52114.65,75,0,117315
BANKNIFTY-III.NFO,10/10/2024,09:28:18,52100,52100.05,45,52117.25,75,0,117315
BANKNIFTY-III.NFO,10/10/2024,09:28:19,52100,52100.05,45,52120,15,0,117315
BANKNIFTY-III.NFO,10/10/2024,09:28:21,52100,52103.75,30,52120,15,0,117315
BANKNIFTY-III.NFO,10/10/2024,09:28:24,52100,52101.55,45,52120,45,0,117315
BANKNIFTY-III.NFO,10/10/2024,09:28:26,52100.05,52100,30,52117.25,75,15,117315
BANKNIFTY-III.NFO,10/10/2024,09:28:28,52100.05,52100,30,52117.25,60,0,117315
BANKNIFTY-III.NFO,10/10/2024,09:28:29,52100.05,52100.05,30,52119.35,75,0,117315
BANKNIFTY-III.NFO,10/10/2024,09:28:31,52100.05,52100.05,45,52119.2,75,0,117315
BANKNIFTY-III.NFO,10/10/2024,09:28:32,52100.05,52100,30,52119.05,75,0,117315
BANKNIFTY-III.NFO,10/10/2024,09:28:34,52100.05,52100,30,52115.25,60,0,117315
BANKNIFTY-III.NFO,10/10/2024,09:28:36,52100.05,52100,15,52114.55,75,0,117315
BANKNIFTY-III.NFO,10/10/2024,09:28:37,52100.05,52100,30,52114.75,60,0,117315
BANKNIFTY-III.NFO,10/10/2024,09:28:39,52100.05,52100,15,52114.1,60,0,117315
BANKNIFTY-III.NFO,10/10/2024,09:28:41,52100.05,52100,30,52116.05,75,0,117315
BANKNIFTY-III.NFO,10/10/2024,09:28:42,52100.05,52100.05,30,52119.35,75,0,117315
BANKNIFTY-III.NFO,10/10/2024,09:28:44,52105,52100.05,30,52120,15,15,117315
BANKNIFTY-III.NFO,10/10/2024,09:28:46,52105,52104.1,45,52120,15,0,117315
BANKNIFTY-III.NFO,10/10/2024,09:28:52,52105,52104.1,15,52120,15,0,117315
BANKNIFTY-III.NFO,10/10/2024,09:28:56,52105,52100.05,45,52118.35,75,0,117315
BANKNIFTY-III.NFO,10/10/2024,09:28:57,52105,52100,30,52118.05,75,0,117315
BANKNIFTY-III.NFO,10/10/2024,09:28:59,52105,52100,30,52117.7,75,0,117315
BANKNIFTY-III.NFO,10/10/2024,09:29:01,52105,52100.05,30,52120,30,0,117315
BANKNIFTY-III.NFO,10/10/2024,09:29:02,52105,52101.5,30,52120,30,0,117315
BANKNIFTY-III.NFO,10/10/2024,09:29:04,52105,52104.1,30,52120,15,0,117315
BANKNIFTY-III.NFO,10/10/2024,09:29:06,52105,52105.6,30,52120,15,0,117315
BANKNIFTY-III.NFO,10/10/2024,09:29:07,52105,52109.55,30,52120,15,0,117315
BANKNIFTY-III.NFO,10/10/2024,09:29:10,52105,52109.85,30,52120,15,0,117315
BANKNIFTY-III.NFO,10/10/2024,09:29:12,52105,52110.7,30,52120,15,0,117315
BANKNIFTY-III.NFO,10/10/2024,09:29:13,52105,52112.8,45,52120,15,0,117315
BANKNIFTY-III.NFO,10/10/2024,09:29:15,52130.15,52117.7,15,52132.95,60,75,117315
BANKNIFTY-III.NFO,10/10/2024,09:29:17,52130.15,52116.05,60,52132.95,60,0,117315
BANKNIFTY-III.NFO,10/10/2024,09:29:18,52130.15,52118.95,75,52133,15,0,117315
BANKNIFTY-III.NFO,10/10/2024,09:29:20,52130.15,52117.9,75,52132.95,60,0,117315
BANKNIFTY-III.NFO,10/10/2024,09:29:21,52130.15,52117.25,75,52132.95,60,0,117315
BANKNIFTY-III.NFO,10/10/2024,09:29:23,52130.15,52115.7,60,52132.95,60,0,117315
BANKNIFTY-III.NFO,10/10/2024,09:29:25,52130.15,52116.5,75,52132.95,60,0,117315
BANKNIFTY-III.NFO,10/10/2024,09:29:26,52130.15,52118.2,60,52133,15,0,117315
BANKNIFTY-III.NFO,10/10/2024,09:29:28,52130.15,52122.3,75,52133,15,0,117315
BANKNIFTY-III.NFO,10/10/2024,09:29:29,52130.15,52122.25,60,52133,15,0,117315
BANKNIFTY-III.NFO,10/10/2024,09:29:31,52130.15,52125.05,60,52133,15,0,117315
BANKNIFTY-III.NFO,10/10/2024,09:29:33,52130.15,52121.7,75,52130.15,75,0,117315
BANKNIFTY-III.NFO,10/10/2024,09:29:34,52130.15,52123.3,60,52130.15,75,0,117315
BANKNIFTY-III.NFO,10/10/2024,09:29:36,52130.15,52124.8,30,52130.15,75,0,117315
BANKNIFTY-III.NFO,10/10/2024,09:29:38,52130.15,52123.8,30,52130.15,75,0,117315
BANKNIFTY-III.NFO,10/10/2024,09:29:39,52130.15,52122.3,75,52130.15,75,0,117315
BANKNIFTY-III.NFO,10/10/2024,09:29:41,52130.15,52123.8,45,52130.15,75,0,117315
BANKNIFTY-III.NFO,10/10/2024,09:29:42,52130.15,52125.15,30,52130.15,75,0,117315
BANKNIFTY-III.NFO,10/10/2024,09:29:44,52130.15,52124.75,45,52130.15,75,0,117315
BANKNIFTY-III.NFO,10/10/2024,09:29:46,52130.15,52124.4,45,52130.15,75,0,117315
BANKNIFTY-III.NFO,10/10/2024,09:29:47,52130.15,52124.85,30,52130.15,75,0,117315
BANKNIFTY-III.NFO,10/10/2024,09:29:49,52130.15,52126.65,30,52130.15,75,0,117315
BANKNIFTY-III.NFO,10/10/2024,09:29:50,52130.15,52126.45,60,52130.15,15,60,117315
BANKNIFTY-III.NFO,10/10/2024,09:29:52,52130.15,52125.8,75,52130.15,15,0,117315
BANKNIFTY-III.NFO,10/10/2024,09:29:54,52130.15,52126,75,52130.15,15,0,117315
BANKNIFTY-III.NFO,10/10/2024,09:29:55,52130.15,52125,75,52130.15,15,0,117315
BANKNIFTY-III.NFO,10/10/2024,09:29:57,52130.15,52125.5,105,52130.15,15,0,117315
BANKNIFTY-III.NFO,10/10/2024,09:29:59,52130.15,52128.35,105,52133,15,15,117315
BANKNIFTY-III.NFO,10/10/2024,09:30:00,52133,52129.05,75,52135,15,15,117315
BANKNIFTY-III.NFO,10/10/2024,09:30:02,52135,52133.55,75,52150,75,15,117315
BANKNIFTY-III.NFO,10/10/2024,09:30:04,52150,52135.25,75,52150,45,15,117315
BANKNIFTY-III.NFO,10/10/2024,09:30:05,52150,52137.25,60,52150,45,0,117315
BANKNIFTY-III.NFO,10/10/2024,09:30:07,52150,52137.45,75,52150,45,0,117315
BANKNIFTY-III.NFO,10/10/2024,09:30:09,52150,52138.75,105,52150,45,0,117315
BANKNIFTY-III.NFO,10/10/2024,09:30:09,52150,52140.05,105,52150,45,0,117315
BANKNIFTY-III.NFO,10/10/2024,09:30:11,52150,52142.25,75,52150,45,0,117315
BANKNIFTY-III.NFO,10/10/2024,09:30:13,52150,52141.4,60,52150,45,0,117315
BANKNIFTY-III.NFO,10/10/2024,09:30:14,52150,52141.85,75,52150,45,0,117315
BANKNIFTY-III.NFO,10/10/2024,09:30:16,52150,52149.6,60,52150,45,0,117315
BANKNIFTY-III.NFO,10/10/2024,09:30:18,52172.35,52146.4,60,52165.25,90,60,117315
BANKNIFTY-III.NFO,10/10/2024,09:30:19,52172.35,52148.55,75,52166.8,90,0,117315
BANKNIFTY-III.NFO,10/10/2024,09:30:21,52172.35,52165.25,15,52170.4,90,0,117315
BANKNIFTY-III.NFO,10/10/2024,09:30:23,52172.35,52165.25,15,52174.95,15,0,117315
BANKNIFTY-III.NFO,10/10/2024,09:30:24,52175,52165.3,60,52185.9,60,15,117330
BANKNIFTY-III.NFO,10/10/2024,09:30:26,52175,52167.95,105,52185.25,45,0,117330
BANKNIFTY-III.NFO,10/10/2024,09:30:28,52175,52163.7,75,52181.5,60,0,117330
BANKNIFTY-III.NFO,10/10/2024,09:30:29,52175,52167.45,60,52185.9,60,0,117330
BANKNIFTY-III.NFO,10/10/2024,09:30:31,52175,52174.85,60,52190,45,0,117330
BANKNIFTY-III.NFO,10/10/2024,09:30:33,52175,52169.75,75,52189.55,60,0,117330
BANKNIFTY-III.NFO,10/10/2024,09:30:34,52175,52166.85,75,52185.55,60,0,117330
BANKNIFTY-III.NFO,10/10/2024,09:30:36,52170.45,52170.45,30,52188.35,75,75,117330
BANKNIFTY-III.NFO,10/10/2024,09:30:38,52170.45,52171.6,15,52189.3,75,0,117330
BANKNIFTY-III.NFO,10/10/2024,09:30:39,52170.45,52172.8,15,52189.95,60,0,117330
BANKNIFTY-III.NFO,10/10/2024,09:30:41,52170.45,52169.85,15,52185.55,75,0,117330
BANKNIFTY-III.NFO,10/10/2024,09:30:43,52170.45,52163.4,15,52180.75,60,0,117330
BANKNIFTY-III.NFO,10/10/2024,09:30:44,52170.45,52161.1,30,52179.55,45,0,117330
BANKNIFTY-III.NFO,10/10/2024,09:30:46,52170.45,52179.9,15,52183.55,75,0,117330
BANKNIFTY-III.NFO,10/10/2024,09:30:48,52179.9,52156.8,15,52176.75,60,15,117330
BANKNIFTY-III.NFO,10/10/2024,09:30:49,52179.9,52161.5,30,52181,75,0,117330
BANKNIFTY-III.NFO,10/10/2024,09:30:51,52179.9,52161.1,15,52179.35,60,0,117330
BANKNIFTY-III.NFO,10/10/2024,09:30:53,52179.9,52156.8,60,52174.7,45,0,117330
BANKNIFTY-III.NFO,10/10/2024,09:30:54,52179.9,52154.15,30,52171.65,60,0,117330
BANKNIFTY-III.NFO,10/10/2024,09:30:56,52179.9,52157.75,30,52175.4,75,0,117330
BANKNIFTY-III.NFO,10/10/2024,09:30:58,52179.9,52157.15,30,52174.05,75,0,117330
BANKNIFTY-III.NFO,10/10/2024,09:30:59,52179.9,52158.95,30,52177.25,75,0,117330
BANKNIFTY-III.NFO,10/10/2024,09:31:01,52179.9,52159.8,15,52177.8,75,0,117330
BANKNIFTY-III.NFO,10/10/2024,09:31:03,52179.9,52162.05,60,52180.45,75,0,117330
BANKNIFTY-III.NFO,10/10/2024,09:31:04,52179.9,52163.45,30,52180.45,75,0,117330
BANKNIFTY-III.NFO,10/10/2024,09:31:06,52179.9,52161.05,30,52179.55,75,0,117330
BANKNIFTY-III.NFO,10/10/2024,09:31:08,52179.9,52163.75,30,52180.85,75,0,117330
BANKNIFTY-III.NFO,10/10/2024,09:31:12,52179.9,52161.85,30,52179.35,75,0,117330
BANKNIFTY-III.NFO,10/10/2024,09:31:14,52179.9,52162.25,15,52179.35,75,0,117330
BANKNIFTY-III.NFO,10/10/2024,09:31:15,52179.9,52166.35,30,52185.5,60,0,117330
BANKNIFTY-III.NFO,10/10/2024,09:31:17,52179.9,52167.6,60,52185.1,75,0,117330
BANKNIFTY-III.NFO,10/10/2024,09:31:19,52179.9,52165.75,30,52183.6,105,0,117330
BANKNIFTY-III.NFO,10/10/2024,09:31:20,52179.9,52166.55,60,52185.5,60,0,117330
BANKNIFTY-III.NFO,10/10/2024,09:31:22,52179.9,52167.8,15,52186.25,75,0,117330
BANKNIFTY-III.NFO,10/10/2024,09:31:24,52179.9,52174.5,30,52189.95,60,0,117330
BANKNIFTY-III.NFO,10/10/2024,09:31:25,52179.9,52173.75,15,52189.95,75,0,117330
BANKNIFTY-III.NFO,10/10/2024,09:31:27,52179.9,52171.25,30,52188.4,60,0,117330
BANKNIFTY-III.NFO,10/10/2024,09:31:29,52179.9,52166.6,30,52185.15,75,0,117330
BANKNIFTY-III.NFO,10/10/2024,09:31:30,52179.9,52170.9,15,52189,60,0,117330
BANKNIFTY-III.NFO,10/10/2024,09:31:32,52188.6,52171.85,45,52189.7,60,15,117330
BANKNIFTY-III.NFO,10/10/2024,09:31:34,52188.6,52174.95,30,52190,45,0,117330
BANKNIFTY-III.NFO,10/10/2024,09:31:35,52188.6,52174.3,45,52190,45,0,117330
BANKNIFTY-III.NFO,10/10/2024,09:31:37,52188.6,52169.7,45,52188.85,60,0,117330
BANKNIFTY-III.NFO,10/10/2024,09:31:39,52188.6,52171.3,30,52189.95,75,0,117330
BANKNIFTY-III.NFO,10/10/2024,09:31:40,52188.6,52171.7,45,52189.95,75,0,117330
BANKNIFTY-III.NFO,10/10/2024,09:31:42,52188.6,52167.15,45,52185.4,75,0,117330
BANKNIFTY-III.NFO,10/10/2024,09:31:44,52188.6,52162.8,45,52182,60,0,117330
BANKNIFTY-III.NFO,10/10/2024,09:31:45,52188.6,52167.55,30,52185.4,75,0,117330
BANKNIFTY-III.NFO,10/10/2024,09:31:47,52188.6,52166.6,45,52185.7,75,0,117330
BANKNIFTY-III.NFO,10/10/2024,09:31:49,52188.6,52173.3,30,52189.95,75,0,117330
BANKNIFTY-III.NFO,10/10/2024,09:31:50,52188.6,52168.05,45,52186.65,105,0,117330
BANKNIFTY-III.NFO,10/10/2024,09:31:52,52159.45,52156.85,30,52178.3,75,150,117330
BANKNIFTY-III.NFO,10/10/2024,09:31:54,52159.45,52156.85,30,52173.45,30,0,117330
BANKNIFTY-III.NFO,10/10/2024,09:31:55,52159.45,52157.6,30,52179.15,45,0,117330
BANKNIFTY-III.NFO,10/10/2024,09:31:57,52159.45,52161.15,45,52179.75,15,0,117330
BANKNIFTY-III.NFO,10/10/2024,09:31:59,52159.45,52156.8,45,52175.95,30,0,117330
BANKNIFTY-III.NFO,10/10/2024,09:32:00,52159.45,52156.85,30,52172,30,0,117330
BANKNIFTY-III.NFO,10/10/2024,09:32:02,52159.45,52148.9,45,52167.9,30,0,117330
BANKNIFTY-III.NFO,10/10/2024,09:32:04,52159.45,52148.9,45,52167.2,30,0,117330
BANKNIFTY-III.NFO,10/10/2024,09:32:05,52159.45,52149.05,45,52167.1,15,0,117330
BANKNIFTY-III.NFO,10/10/2024,09:32:07,52159.45,52151.3,30,52169.25,15,0,117330
BANKNIFTY-III.NFO,10/10/2024,09:32:09,52159.45,52155.5,30,52172.55,15,0,117330
BANKNIFTY-III.NFO,10/10/2024,09:32:10,52159.45,52154.05,30,52172.8,60,0,117330
BANKNIFTY-III.NFO,10/10/2024,09:32:12,52159.45,52159.6,45,52178.5,60,0,117330
BANKNIFTY-III.NFO,10/10/2024,09:32:14,52159.45,52156.2,45,52176.6,60,0,117330
BANKNIFTY-III.NFO,10/10/2024,09:32:15,52159.45,52159.15,45,52177.6,60,0,117330
BANKNIFTY-III.NFO,10/10/2024,09:32:17,52159.45,52160.35,45,52178.5,60,0,117330
BANKNIFTY-III.NFO,10/10/2024,09:32:19,52159.45,52161.85,15,52179.7,60,0,117330
BANKNIFTY-III.NFO,10/10/2024,09:32:20,52159.45,52161.8,30,52179.7,60,0,117330
BANKNIFTY-III.NFO,10/10/2024,09:32:22,52159.45,52163.65,60,52180.7,60,0,117330
BANKNIFTY-III.NFO,10/10/2024,09:32:24,52159.45,52163.65,45,52183.85,60,0,117330
BANKNIFTY-III.NFO,10/10/2024,09:32:25,52159.45,52161.75,45,52179.95,75,0,117330
BANKNIFTY-III.NFO,10/10/2024,09:32:27,52159.45,52161.85,45,52179.95,75,0,117330
BANKNIFTY-III.NFO,10/10/2024,09:32:29,52159.45,52162.75,30,52179.95,75,0,117330
BANKNIFTY-III.NFO,10/10/2024,09:32:30,52159.45,52162.75,45,52179.95,75,0,117330
BANKNIFTY-III.NFO,10/10/2024,09:32:32,52159.45,52156.25,45,52176.95,105,0,117330
BANKNIFTY-III.NFO,10/10/2024,09:32:34,52159.45,52157.95,30,52175.1,60,0,117330
BANKNIFTY-III.NFO,10/10/2024,09:32:35,52159.45,52159.45,45,52178.4,60,0,117330
BANKNIFTY-III.NFO,10/10/2024,09:32:37,52159.45,52160.95,45,52179.95,75,0,117330
BANKNIFTY-III.NFO,10/10/2024,09:32:39,52159.45,52159.65,30,52178.45,75,0,117330
BANKNIFTY-III.NFO,10/10/2024,09:32:40,52159.45,52160.6,30,52178.45,75,0,117330
BANKNIFTY-III.NFO,10/10/2024,09:32:42,52159.45,52159.3,30,52177.95,60,0,117330
BANKNIFTY-III.NFO,10/10/2024,09:32:44,52159.45,52162.7,30,52179.95,75,0,117330
BANKNIFTY-III.NFO,10/10/2024,09:32:45,52159.45,52163.65,60,52179.95,75,0,117330
BANKNIFTY-III.NFO,10/10/2024,09:32:47,52159.45,52163.1,15,52179.95,75,0,117330
BANKNIFTY-III.NFO,10/10/2024,09:32:52,52159.45,52163.6,30,52179.95,75,0,117330
BANKNIFTY-III.NFO,10/10/2024,09:32:53,52159.45,52163.55,15,52179.95,75,0,117330
BANKNIFTY-III.NFO,10/10/2024,09:32:55,52156.95,52156.55,30,52174.65,60,15,117330
BANKNIFTY-III.NFO,10/10/2024,09:32:57,52156.95,52156.6,15,52172.45,75,0,117330
BANKNIFTY-III.NFO,10/10/2024,09:32:58,52156.95,52156.6,15,52171.35,60,0,117330
BANKNIFTY-III.NFO,10/10/2024,09:33:00,52156.95,52157.4,30,52173.95,15,0,117330
BANKNIFTY-III.NFO,10/10/2024,09:33:02,52158.6,52158.6,15,52177.5,60,15,117330
BANKNIFTY-III.NFO,10/10/2024,09:33:03,52158.6,52155.15,30,52173.95,75,0,117330
BANKNIFTY-III.NFO,10/10/2024,09:33:07,52158.6,52155.15,15,52173.05,75,0,117330
BANKNIFTY-III.NFO,10/10/2024,09:33:08,52158.6,52155.15,30,52173.05,75,0,117330
BANKNIFTY-III.NFO,10/10/2024,09:33:09,52158.6,52155.15,15,52173.05,75,0,117330
BANKNIFTY-III.NFO,10/10/2024,09:33:11,52150.4,52153.6,30,52169.45,15,150,117330
BANKNIFTY-III.NFO,10/10/2024,09:33:13,52150.4,52156.8,30,52172.35,60,0,117330
BANKNIFTY-III.NFO,10/10/2024,09:33:14,52150.4,52157.5,30,52172.4,15,0,117330
BANKNIFTY-III.NFO,10/10/2024,09:33:16,52150.4,52156.7,30,52172.35,60,0,117330
BANKNIFTY-III.NFO,10/10/2024,09:33:18,52150.4,52155.7,30,52172.35,60,0,117330
BANKNIFTY-III.NFO,10/10/2024,09:33:20,52150.4,52160.4,30,52178.3,60,0,117330
BANKNIFTY-III.NFO,10/10/2024,09:33:21,52150.4,52160.2,30,52177.85,75,0,117330
BANKNIFTY-III.NFO,10/10/2024,09:33:23,52150.4,52158.85,30,52177.55,105,0,117330
BANKNIFTY-III.NFO,10/10/2024,09:33:25,52150.4,52158.65,30,52177.4,90,0,117330
BANKNIFTY-III.NFO,10/10/2024,09:33:26,52150.4,52153.25,30,52172.5,90,0,117330
BANKNIFTY-III.NFO,10/10/2024,09:33:28,52150.4,52151.5,15,52168.1,90,0,117330
BANKNIFTY-III.NFO,10/10/2024,09:33:30,52150.4,52150.6,30,52168,90,0,117330
BANKNIFTY-III.NFO,10/10/2024,09:33:31,52150.4,52150.65,15,52168,90,0,117330
BANKNIFTY-III.NFO,10/10/2024,09:33:33,52150.4,52146.55,30,52157.4,60,0,117330
BANKNIFTY-III.NFO,10/10/2024,09:33:35,52150.4,52133.5,30,52155.2,75,0,117330
BANKNIFTY-III.NFO,10/10/2024,09:33:36,52150.4,52139.1,30,52159.5,75,0,117330
BANKNIFTY-III.NFO,10/10/2024,09:33:38,52150.4,52140.35,15,52157.65,60,0,117330
BANKNIFTY-III.NFO,10/10/2024,09:33:40,52150.4,52131.7,15,52148.6,105,0,117330
BANKNIFTY-III.NFO,10/10/2024,09:33:41,52150.4,52131.85,15,52150.35,60,0,117330
BANKNIFTY-III.NFO,10/10/2024,09:33:43,52150.4,52131.9,15,52150.35,60,0,117330
BANKNIFTY-III.NFO,10/10/2024,09:33:44,52150.4,52132.05,15,52149.15,60,0,117330
BANKNIFTY-III.NFO,10/10/2024,09:33:46,52150.4,52133.75,15,52151.85,60,0,117330
BANKNIFTY-III.NFO,10/10/2024,09:33:48,52150.4,52136.1,15,52153.6,60,0,117330
BANKNIFTY-III.NFO,10/10/2024,09:33:49,52150.4,52130.5,75,52148.05,60,0,117330
BANKNIFTY-III.NFO,10/10/2024,09:33:51,52150.4,52130.65,15,52146.1,90,0,117330
BANKNIFTY-III.NFO,10/10/2024,09:33:53,52150.4,52130.75,15,52148.7,90,0,117330
BANKNIFTY-III.NFO,10/10/2024,09:33:54,52150.4,52130.85,15,52144.95,60,0,117330
BANKNIFTY-III.NFO,10/10/2024,09:33:56,52150.4,52130.9,15,52143.9,90,0,117330
BANKNIFTY-III.NFO,10/10/2024,09:33:58,52150.4,52122.75,75,52139.15,75,0,117330
BANKNIFTY-III.NFO,10/10/2024,09:33:59,52150.4,52121.2,30,52141.55,60,0,117330
BANKNIFTY-III.NFO,10/10/2024,09:34:01,52150.4,52124.75,30,52143.35,60,0,117330
BANKNIFTY-III.NFO,10/10/2024,09:34:02,52146.15,52127.4,90,52146.4,60,90,117615
BANKNIFTY-III.NFO,10/10/2024,09:34:04,52146.15,52128.65,60,52145.7,90,0,117615
BANKNIFTY-III.NFO,10/10/2024,09:34:06,52146.15,52123.7,60,52141.5,105,0,117615
BANKNIFTY-III.NFO,10/10/2024,09:34:07,52146.15,52116.65,60,52137.15,60,0,117615
BANKNIFTY-III.NFO,10/10/2024,09:34:09,52146.15,52117.65,60,52136.55,60,0,117615
BANKNIFTY-III.NFO,10/10/2024,09:34:10,52146.15,52120.55,60,52138.8,60,0,117615
BANKNIFTY-III.NFO,10/10/2024,09:34:12,52146.15,52121.6,60,52139.1,60,0,117615
BANKNIFTY-III.NFO,10/10/2024,09:34:14,52146.15,52120.3,60,52138.6,90,0,117615
BANKNIFTY-III.NFO,10/10/2024,09:34:15,52146.15,52118.9,60,52137.35,75,0,117615
BANKNIFTY-III.NFO,10/10/2024,09:34:17,52146.15,52117.45,60,52135.95,60,0,117615
BANKNIFTY-III.NFO,10/10/2024,09:34:19,52146.15,52112.25,60,52130.7,60,0,117615
BANKNIFTY-III.NFO,10/10/2024,09:34:20,52146.15,52112.55,60,52130.7,60,0,117615
BANKNIFTY-III.NFO,10/10/2024,09:34:22,52146.15,52113,60,52130.4,60,0,117615
BANKNIFTY-III.NFO,10/10/2024,09:34:24,52146.15,52110.45,15,52128.15,60,0,117615
BANKNIFTY-III.NFO,10/10/2024,09:34:25,52106.55,52111.05,15,52124.6,75,150,117615
BANKNIFTY-III.NFO,10/10/2024,09:34:27,52106.55,52111,15,52120.5,75,0,117615
BANKNIFTY-III.NFO,10/10/2024,09:34:29,52106.55,52111,15,52123.55,90,0,117615
BANKNIFTY-III.NFO,10/10/2024,09:34:30,52106.55,52111,15,52124.8,75,0,117615
BANKNIFTY-III.NFO,10/10/2024,09:34:32,52106.55,52111.6,30,52131,60,0,117615
BANKNIFTY-III.NFO,10/10/2024,09:34:34,52106.55,52111.1,15,52129.1,60,0,117615
BANKNIFTY-III.NFO,10/10/2024,09:34:35,52106.55,52115,15,52133.45,75,0,117615
BANKNIFTY-III.NFO,10/10/2024,09:34:37,52106.55,52115.1,15,52133.45,75,0,117615
BANKNIFTY-III.NFO,10/10/2024,09:34:39,52106.55,52111,15,52124.55,75,0,117615
BANKNIFTY-III.NFO,10/10/2024,09:34:40,52106.55,52111,15,52121.15,60,0,117615
BANKNIFTY-III.NFO,10/10/2024,09:34:42,52106.55,52111,15,52126.55,105,0,117615
BANKNIFTY-III.NFO,10/10/2024,09:34:43,52106.55,52111,15,52122.95,105,0,117615
BANKNIFTY-III.NFO,10/10/2024,09:34:45,52106.55,52111,15,52118.3,60,0,117615
BANKNIFTY-III.NFO,10/10/2024,09:34:47,52106.55,52111,15,52118.55,60,0,117615
BANKNIFTY-III.NFO,10/10/2024,09:34:48,52106.55,52111,15,52117.65,75,0,117615
BANKNIFTY-III.NFO,10/10/2024,09:34:50,52106.55,52111,15,52117.65,60,0,117615
BANKNIFTY-III.NFO,10/10/2024,09:34:52,52120.4,52111,15,52123.3,105,45,117615
BANKNIFTY-III.NFO,10/10/2024,09:34:53,52120.4,52111,15,52124.1,90,0,117615
BANKNIFTY-III.NFO,10/10/2024,09:34:55,52120.4,52111,15,52115,75,0,117615
BANKNIFTY-III.NFO,10/10/2024,09:34:57,52111,52100,15,52116.2,60,15,117615
BANKNIFTY-III.NFO,10/10/2024,09:34:58,52114.7,52100,15,52112.85,60,15,117615
BANKNIFTY-III.NFO,10/10/2024,09:35:00,52114.7,52100,15,52111.05,105,0,117615
BANKNIFTY-III.NFO,10/10/2024,09:35:02,52114.7,52100,15,52110,90,0,117615
BANKNIFTY-III.NFO,10/10/2024,09:35:03,52114.7,52100,15,52107.75,60,0,117615
BANKNIFTY-III.NFO,10/10/2024,09:35:05,52114.7,52100,15,52105.45,60,0,117615
BANKNIFTY-III.NFO,10/10/2024,09:35:06,52114.7,52100,15,52108.75,90,0,117615
BANKNIFTY-III.NFO,10/10/2024,09:35:08,52114.7,52100,15,52111,75,0,117615
BANKNIFTY-III.NFO,10/10/2024,09:35:11,52114.7,52100,15,52108.7,105,0,117615
BANKNIFTY-III.NFO,10/10/2024,09:35:12,52114.7,52100,15,52105.05,75,0,117615
BANKNIFTY-III.NFO,10/10/2024,09:35:14,52114.7,52100,15,52102.3,60,0,117615
BANKNIFTY-III.NFO,10/10/2024,09:35:15,52105.3,52100,15,52106.65,30,75,117615
BANKNIFTY-III.NFO,10/10/2024,09:35:17,52105.3,52100,15,52106.65,30,0,117615
BANKNIFTY-III.NFO,10/10/2024,09:35:19,52105.3,52100,15,52109.75,15,0,117615
BANKNIFTY-III.NFO,10/10/2024,09:35:22,52105.3,52100,15,52113.7,15,0,117615
BANKNIFTY-III.NFO,10/10/2024,09:35:23,52100,52092.7,30,52110.1,30,15,117615
BANKNIFTY-III.NFO,10/10/2024,09:35:25,52100,52088.8,60,52105.95,30,0,117615
BANKNIFTY-III.NFO,10/10/2024,09:35:27,52100,52090.05,60,52105.4,30,0,117615
BANKNIFTY-III.NFO,10/10/2024,09:35:28,52100,52094,30,52108.7,45,0,117615
BANKNIFTY-III.NFO,10/10/2024,09:35:30,52100,52092.15,30,52108.5,30,0,117615
BANKNIFTY-III.NFO,10/10/2024,09:35:31,52106.05,52089.95,60,52107.7,30,15,117615
BANKNIFTY-III.NFO,10/10/2024,09:35:33,52106.05,52095.5,30,52100,15,0,117615
BANKNIFTY-III.NFO,10/10/2024,09:35:34,52100,52101.6,15,52115.45,45,15,117615
BANKNIFTY-III.NFO,10/10/2024,09:35:36,52100,52106.05,15,52122.7,30,0,117615
BANKNIFTY-III.NFO,10/10/2024,09:35:37,52100,52107.8,15,52122.7,30,0,117615
BANKNIFTY-III.NFO,10/10/2024,09:35:39,52100,52107.2,60,52125.5,15,0,117615
BANKNIFTY-III.NFO,10/10/2024,09:35:41,52100,52108.5,60,52125.5,15,0,117615
BANKNIFTY-III.NFO,10/10/2024,09:35:42,52100,52109.25,60,52127.45,15,0,117615
BANKNIFTY-III.NFO,10/10/2024,09:35:44,52100,52109.55,60,52127.4,30,0,117615
BANKNIFTY-III.NFO,10/10/2024,09:35:46,52100,52107.4,60,52126.8,30,0,117615
BANKNIFTY-III.NFO,10/10/2024,09:35:47,52100,52100.3,60,52120,30,0,117615
BANKNIFTY-III.NFO,10/10/2024,09:35:49,52100,52100.05,60,52119.05,30,0,117615
BANKNIFTY-III.NFO,10/10/2024,09:35:50,52100,52100,15,52119.05,30,0,117615
BANKNIFTY-III.NFO,10/10/2024,09:35:52,52086.85,52086.5,60,52108.25,60,150,117615
BANKNIFTY-III.NFO,10/10/2024,09:35:52,52086.85,52086.5,60,52108.25,60,0,117615
BANKNIFTY-III.NFO,10/10/2024,09:35:54,52086.85,52088.9,60,52104.9,30,0,117615
BANKNIFTY-III.NFO,10/10/2024,09:35:55,52086.85,52090.4,90,52107.5,15,0,117615
BANKNIFTY-III.NFO,10/10/2024,09:35:57,52086.85,52091.3,90,52108.4,15,0,117615
BANKNIFTY-III.NFO,10/10/2024,09:35:59,52086.85,52092.1,60,52108.4,15,0,117615
BANKNIFTY-III.NFO,10/10/2024,09:36:00,52086.85,52092.6,60,52108.35,60,0,117615
BANKNIFTY-III.NFO,10/10/2024,09:36:02,52086.85,52092.6,90,52108.35,60,0,117615
BANKNIFTY-III.NFO,10/10/2024,09:36:05,52086.85,52092.7,90,52112.3,15,0,117615
BANKNIFTY-III.NFO,10/10/2024,09:36:07,52086.85,52093.95,60,52111.75,60,0,117615
BANKNIFTY-III.NFO,10/10/2024,09:36:08,52086.85,52093.95,90,52112.9,15,0,117615
BANKNIFTY-III.NFO,10/10/2024,09:36:10,52086.85,52093.95,90,52112.85,60,0,117615
BANKNIFTY-III.NFO,10/10/2024,09:36:12,52086.85,52094.05,90,52113.35,15,0,117615
BANKNIFTY-III.NFO,10/10/2024,09:36:14,52086.85,52094.35,90,52113.35,15,0,117615
BANKNIFTY-III.NFO,10/10/2024,09:36:15,52086.85,52094.65,90,52115,15,0,117615
BANKNIFTY-III.NFO,10/10/2024,09:36:17,52086.85,52095.15,90,52115.3,15,0,117615
BANKNIFTY-III.NFO,10/10/2024,09:36:19,52086.85,52103.15,90,52122.2,15,0,117615
BANKNIFTY-III.NFO,10/10/2024,09:36:20,52086.85,52105.7,90,52126.1,15,0,117615
BANKNIFTY-III.NFO,10/10/2024,09:36:22,52086.85,52108.45,90,52128.9,60,0,117615
BANKNIFTY-III.NFO,10/10/2024,09:36:24,52086.85,52110.15,60,52127.1,105,0,117615
BANKNIFTY-III.NFO,10/10/2024,09:36:25,52086.85,52103.9,90,52124.35,60,0,117615
BANKNIFTY-III.NFO,10/10/2024,09:36:27,52086.85,52103.9,90,52123.65,15,0,117615
BANKNIFTY-III.NFO,10/10/2024,09:36:28,52086.85,52100.05,90,52119.25,90,0,117615
BANKNIFTY-III.NFO,10/10/2024,09:36:30,52086.85,52100.25,90,52120.05,15,0,117615
BANKNIFTY-III.NFO,10/10/2024,09:36:32,52086.85,52101.45,90,52120.05,15,0,117615
BANKNIFTY-III.NFO,10/10/2024,09:36:33,52086.85,52104.5,90,52123.65,15,0,117615
BANKNIFTY-III.NFO,10/10/2024,09:36:35,52086.85,52105.9,60,52124.2,60,0,117615
BANKNIFTY-III.NFO,10/10/2024,09:36:37,52086.85,52099.65,90,52120.3,90,0,117615
BANKNIFTY-III.NFO,10/10/2024,09:36:38,52086.85,52101.75,90,52120.35,15,0,117615
BANKNIFTY-III.NFO,10/10/2024,09:36:40,52086.85,52105.4,90,52125.75,15,0,117615
BANKNIFTY-III.NFO,10/10/2024,09:36:41,52086.85,52115.45,90,52135,15,0,117615
BANKNIFTY-III.NFO,10/10/2024,09:36:43,52146.2,52123.4,60,52146.4,30,450,117795
BANKNIFTY-III.NFO,10/10/2024,09:36:45,52146.2,52130,30,52150.7,30,0,117795
BANKNIFTY-III.NFO,10/10/2024,09:36:46,52146.2,52135.4,45,52157.7,30,0,117795
BANKNIFTY-III.NFO,10/10/2024,09:36:48,52146.2,52136.8,30,52158.35,30,0,117795
BANKNIFTY-III.NFO,10/10/2024,09:36:50,52146.2,52131.65,30,52146.2,15,0,117795
BANKNIFTY-III.NFO,10/10/2024,09:36:51,52146.2,52132.95,30,52146.2,15,0,117795
BANKNIFTY-III.NFO,10/10/2024,09:36:53,52146.2,52140.1,45,52146.2,15,0,117795
BANKNIFTY-III.NFO,10/10/2024,09:36:56,52146.2,52136.2,45,52146.2,15,0,117795
BANKNIFTY-III.NFO,10/10/2024,09:36:58,52146.2,52136.2,30,52146.2,15,0,117795
BANKNIFTY-III.NFO,10/10/2024,09:37:01,52146.2,52136.2,45,52146.2,15,0,117795
BANKNIFTY-III.NFO,10/10/2024,09:37:03,52146.2,52136.8,45,52146.2,15,0,117795
BANKNIFTY-III.NFO,10/10/2024,09:37:05,52146.2,52136.9,45,52146.2,15,0,117795
BANKNIFTY-III.NFO,10/10/2024,09:37:06,52146.2,52137.7,45,52146.2,15,0,117795
BANKNIFTY-III.NFO,10/10/2024,09:37:08,52146.2,52140.1,30,52146.2,15,0,117795
BANKNIFTY-III.NFO,10/10/2024,09:37:09,52146.2,52141.1,30,52146.2,15,0,117795
BANKNIFTY-III.NFO,10/10/2024,09:37:11,52146.2,52139.75,75,52146.2,15,0,117795
BANKNIFTY-III.NFO,10/10/2024,09:37:13,52146.2,52136.2,45,52146.2,15,0,117795
BANKNIFTY-III.NFO,10/10/2024,09:37:14,52146.2,52134.45,30,52146.2,15,0,117795
BANKNIFTY-III.NFO,10/10/2024,09:37:16,52146.2,52125.75,60,52146.15,30,0,117795
BANKNIFTY-III.NFO,10/10/2024,09:37:17,52146.2,52123.9,15,52145.15,30,0,117795
BANKNIFTY-III.NFO,10/10/2024,09:37:19,52146.2,52123.65,30,52139.5,30,0,117795
BANKNIFTY-III.NFO,10/10/2024,09:37:21,52146.2,52123.65,30,52137.55,30,0,117795
BANKNIFTY-III.NFO,10/10/2024,09:37:22,52146.2,52123.65,30,52134.65,30,0,117795
BANKNIFTY-III.NFO,10/10/2024,09:37:24,52146.2,52123.65,30,52133.5,30,0,117795
BANKNIFTY-III.NFO,10/10/2024,09:37:26,52146.2,52123.65,30,52134.7,30,0,117795
BANKNIFTY-III.NFO,10/10/2024,09:37:29,52146.2,52123.7,60,52139.35,30,0,117795
BANKNIFTY-III.NFO,10/10/2024,09:37:31,52146.2,52123.7,60,52142.1,30,0,117795
BANKNIFTY-III.NFO,10/10/2024,09:37:32,52146.2,52123.7,75,52141.75,30,0,117795
BANKNIFTY-III.NFO,10/10/2024,09:37:34,52146.2,52123.7,75,52140.7,30,0,117795
BANKNIFTY-III.NFO,10/10/2024,09:37:35,52146.2,52123.7,60,52140.2,60,0,117795
BANKNIFTY-III.NFO,10/10/2024,09:37:37,52146.2,52123.7,75,52140.2,30,0,117795
BANKNIFTY-III.NFO,10/10/2024,09:37:39,52146.2,52123.7,75,52142.9,30,0,117795
BANKNIFTY-III.NFO,10/10/2024,09:37:40,52146.2,52123.7,75,52142.7,30,0,117795
BANKNIFTY-III.NFO,10/10/2024,09:37:42,52146.2,52128.3,60,52146.2,15,0,117795
BANKNIFTY-III.NFO,10/10/2024,09:37:44,52146.2,52131.65,105,52146.2,15,0,117795
BANKNIFTY-III.NFO,10/10/2024,09:37:45,52146.2,52136.9,60,52146.2,15,0,117795
BANKNIFTY-III.NFO,10/10/2024,09:37:49,52146.2,52134.4,105,52146.2,15,0,117795
BANKNIFTY-III.NFO,10/10/2024,09:37:50,52136.7,52137.4,75,52146.2,15,15,117795
BANKNIFTY-III.NFO,10/10/2024,09:37:52,52136.7,52136.85,105,52146.2,15,0,117795
BANKNIFTY-III.NFO,10/10/2024,09:37:54,52136.7,52133.65,75,52146.2,15,0,117795
BANKNIFTY-III.NFO,10/10/2024,09:37:55,52136.7,52130.4,75,52146.2,45,0,117795
BANKNIFTY-III.NFO,10/10/2024,09:37:57,52136.7,52132.15,90,52146.2,15,0,117795
BANKNIFTY-III.NFO,10/10/2024,09:37:59,52136.7,52134.5,75,52146.2,15,0,117795
BANKNIFTY-III.NFO,10/10/2024,09:38:00,52136.7,52133.6,75,52146.2,15,0,117795
BANKNIFTY-III.NFO,10/10/2024,09:38:02,52133.6,52131.85,60,52146.2,15,15,117795
BANKNIFTY-III.NFO,10/10/2024,09:38:03,52133.6,52132.4,60,52146.2,15,0,117795
BANKNIFTY-III.NFO,10/10/2024,09:38:05,52133.6,52134.65,75,52146.2,15,0,117795
BANKNIFTY-III.NFO,10/10/2024,09:38:07,52133.6,52134.9,75,52146.2,15,0,117795
BANKNIFTY-III.NFO,10/10/2024,09:38:08,52133.6,52135.35,60,52146.2,15,0,117795
BANKNIFTY-III.NFO,10/10/2024,09:38:13,52133.6,52135.35,90,52146.2,15,0,117795
BANKNIFTY-III.NFO,10/10/2024,09:38:14,52133.6,52133.6,60,52146.2,15,0,117795
BANKNIFTY-III.NFO,10/10/2024,09:38:16,52133.6,52124.95,60,52143.8,30,0,117795
BANKNIFTY-III.NFO,10/10/2024,09:38:17,52124.65,52124.65,60,52145.35,45,15,117795
BANKNIFTY-III.NFO,10/10/2024,09:38:19,52124.65,52127.55,60,52146.2,45,0,117795
BANKNIFTY-III.NFO,10/10/2024,09:38:21,52124.65,52128.05,60,52145.85,45,0,117795
BANKNIFTY-III.NFO,10/10/2024,09:38:22,52124.65,52130.25,105,52147.4,45,0,117795
BANKNIFTY-III.NFO,10/10/2024,09:38:24,52124.65,52128.25,60,52145.25,45,0,117795
BANKNIFTY-III.NFO,10/10/2024,09:38:25,52124.65,52125.85,60,52146.5,45,0,117795
BANKNIFTY-III.NFO,10/10/2024,09:38:27,52124.65,52132.85,75,52149.65,45,0,117795
BANKNIFTY-III.NFO,10/10/2024,09:38:29,52124.65,52127.35,60,52146.95,45,0,117795
BANKNIFTY-III.NFO,10/10/2024,09:38:30,52146.65,52124.65,60,52141.45,60,15,117795
BANKNIFTY-III.NFO,10/10/2024,09:38:32,52146.65,52124.65,60,52141.45,60,0,117795
BANKNIFTY-III.NFO,10/10/2024,09:38:34,52146.65,52123.7,75,52140.85,30,0,117795
BANKNIFTY-III.NFO,10/10/2024,09:38:35,52146.65,52123.7,75,52138.85,30,0,117795
BANKNIFTY-III.NFO,10/10/2024,09:38:37,52146.65,52123.7,75,52142.15,30,0,117795
BANKNIFTY-III.NFO,10/10/2024,09:38:38,52146.65,52123.7,75,52140.45,30,0,117795
BANKNIFTY-III.NFO,10/10/2024,09:38:41,52146.65,52126.65,90,52145,30,0,117795
BANKNIFTY-III.NFO,10/10/2024,09:38:43,52146.65,52127.8,75,52145.1,30,0,117795
BANKNIFTY-III.NFO,10/10/2024,09:38:44,52145.1,52127.05,60,52143.95,30,15,117795
BANKNIFTY-III.NFO,10/10/2024,09:38:46,52141.35,52125,60,52141.35,15,15,117795
BANKNIFTY-III.NFO,10/10/2024,09:38:48,52141.35,52123.7,75,52139.95,15,0,117795
BANKNIFTY-III.NFO,10/10/2024,09:38:49,52141.35,52123.7,75,52141.15,15,0,117795
BANKNIFTY-III.NFO,10/10/2024,09:38:51,52141.35,52123.65,45,52136.1,15,0,117795
BANKNIFTY-III.NFO,10/10/2024,09:38:52,52141.35,52123.65,30,52133.95,30,0,117795
BANKNIFTY-III.NFO,10/10/2024,09:38:54,52141.35,52123.65,30,52133.5,15,0,117795
BANKNIFTY-III.NFO,10/10/2024,09:38:57,52141.35,52123.65,30,52134.95,15,0,117795
BANKNIFTY-III.NFO,10/10/2024,09:38:59,52141.35,52123.65,30,52134.9,15,0,117795
BANKNIFTY-III.NFO,10/10/2024,09:39:01,52141.35,52123.65,30,52134.95,15,0,117795
BANKNIFTY-III.NFO,10/10/2024,09:39:02,52141.35,52126.25,90,52143.35,15,0,117795
BANKNIFTY-III.NFO,10/10/2024,09:39:04,52141.35,52124.2,60,52141.6,15,0,117795
BANKNIFTY-III.NFO,10/10/2024,09:39:05,52141.35,52123.65,30,52138.3,15,0,117795
BANKNIFTY-III.NFO,10/10/2024,09:39:07,52141.35,52123.7,75,52137.7,15,0,117795
BANKNIFTY-III.NFO,10/10/2024,09:39:09,52141.35,52123.7,75,52140.2,15,0,117795
BANKNIFTY-III.NFO,10/10/2024,09:39:11,52141.35,52127.95,75,52143.35,30,0,117795
BANKNIFTY-III.NFO,10/10/2024,09:39:13,52141.35,52128.25,75,52145.15,15,0,117795
BANKNIFTY-III.NFO,10/10/2024,09:39:15,52141.35,52128.3,105,52145.6,15,0,117795
BANKNIFTY-III.NFO,10/10/2024,09:39:16,52141.35,52132.85,105,52148.7,30,0,117795
BANKNIFTY-III.NFO,10/10/2024,09:39:18,52141.35,52139.7,105,52155.25,15,0,117795
BANKNIFTY-III.NFO,10/10/2024,09:39:20,52141.35,52139.7,105,52155.95,15,0,117795
BANKNIFTY-III.NFO,10/10/2024,09:39:21,52141.35,52133.45,75,52150.6,15,0,117795
BANKNIFTY-III.NFO,10/10/2024,09:39:23,52141.35,52133.15,90,52151,15,0,117795
BANKNIFTY-III.NFO,10/10/2024,09:39:25,52141.35,52128.35,60,52145.85,30,0,117795
BANKNIFTY-III.NFO,10/10/2024,09:39:26,52141.35,52127.15,60,52147.35,15,0,117795
BANKNIFTY-III.NFO,10/10/2024,09:39:28,52146.5,52128.9,105,52146.5,15,15,118110
BANKNIFTY-III.NFO,10/10/2024,09:39:30,52146.5,52129.2,75,52146.15,15,0,118110
BANKNIFTY-III.NFO,10/10/2024,09:39:31,52146.5,52130.6,90,52149.9,15,0,118110
BANKNIFTY-III.NFO,10/10/2024,09:39:33,52146.5,52136,75,52150,30,0,118110
BANKNIFTY-III.NFO,10/10/2024,09:39:35,52146.5,52133.75,75,52150,30,0,118110
BANKNIFTY-III.NFO,10/10/2024,09:39:36,52146.5,52135.45,60,52150,30,0,118110
BANKNIFTY-III.NFO,10/10/2024,09:39:38,52146.5,52133.45,75,52150,30,0,118110
BANKNIFTY-III.NFO,10/10/2024,09:39:41,52146.5,52135.8,90,52150,30,0,118110
BANKNIFTY-III.NFO,10/10/2024,09:39:43,52146.5,52136.7,90,52150,30,0,118110
BANKNIFTY-III.NFO,10/10/2024,09:39:46,52146.5,52137.6,60,52150,30,0,118110
BANKNIFTY-III.NFO,10/10/2024,09:39:48,52146.5,52142.15,75,52150,30,0,118110
BANKNIFTY-III.NFO,10/10/2024,09:39:49,52146.5,52138.65,75,52150,30,0,118110
BANKNIFTY-III.NFO,10/10/2024,09:39:51,52146.5,52142.3,60,52150,30,0,118110
BANKNIFTY-III.NFO,10/10/2024,09:39:53,52146.5,52146.5,15,52150,30,0,118110
BANKNIFTY-III.NFO,10/10/2024,09:39:58,52146.5,52148.45,90,52150,30,0,118110
BANKNIFTY-III.NFO,10/10/2024,09:39:59,52146.5,52146.55,60,52150,30,0,118110
BANKNIFTY-III.NFO,10/10/2024,09:40:01,52146.5,52146.5,15,52150,30,0,118110
BANKNIFTY-III.NFO,10/10/2024,09:40:04,52146.5,52147.6,15,52150,30,0,118110
BANKNIFTY-III.NFO,10/10/2024,09:40:06,52146.5,52148.45,60,52150,30,0,118110
BANKNIFTY-III.NFO,10/10/2024,09:40:07,52146.5,52147.65,60,52150,30,0,118110
BANKNIFTY-III.NFO,10/10/2024,09:40:09,52146.5,52148.3,90,52150,30,0,118110
BANKNIFTY-III.NFO,10/10/2024,09:40:11,52146.5,52147.65,60,52150,30,0,118110
BANKNIFTY-III.NFO,10/10/2024,09:40:13,52146.5,52147.65,75,52150,30,0,118110
BANKNIFTY-III.NFO,10/10/2024,09:40:14,52146.5,52147.65,60,52150,30,0,118110
BANKNIFTY-III.NFO,10/10/2024,09:40:16,52146.5,52147.65,75,52150,30,0,118110
BANKNIFTY-III.NFO,10/10/2024,09:40:18,52146.5,52148.55,60,52150,30,0,118110
BANKNIFTY-III.NFO,10/10/2024,09:40:19,52146.5,52147.65,60,52150,30,0,118110
BANKNIFTY-III.NFO,10/10/2024,09:40:21,52146.5,52147.6,15,52150,30,0,118110
BANKNIFTY-III.NFO,10/10/2024,09:40:38,52146.5,52147.65,60,52150,30,0,118110
BANKNIFTY-III.NFO,10/10/2024,09:40:39,52146.5,52147.85,60,52150,30,0,118110
BANKNIFTY-III.NFO,10/10/2024,09:40:41,52146.5,52148.85,60,52150,30,0,118110
BANKNIFTY-III.NFO,10/10/2024,09:40:43,52146.5,52147.8,60,52150,30,0,118110
BANKNIFTY-III.NFO,10/10/2024,09:40:44,52146.5,52147.65,60,52150,30,0,118110
BANKNIFTY-III.NFO,10/10/2024,09:40:48,52147.6,52146.5,15,52150,30,15,118110
BANKNIFTY-III.NFO,10/10/2024,09:40:49,52147.6,52146.5,15,52150,90,0,118110
BANKNIFTY-III.NFO,10/10/2024,09:40:53,52146.5,52135.55,75,52150,90,15,118110
BANKNIFTY-III.NFO,10/10/2024,09:40:54,52150,52141.95,60,52150,45,45,118110
BANKNIFTY-III.NFO,10/10/2024,09:40:56,52150,52141.95,60,52150,45,0,118110
BANKNIFTY-III.NFO,10/10/2024,09:40:58,52150,52140.6,90,52150,15,30,118110
BANKNIFTY-III.NFO,10/10/2024,09:40:59,52150,52141.25,60,52150,15,0,118110
BANKNIFTY-III.NFO,10/10/2024,09:41:01,52150,52142.25,105,52150,15,0,118110
BANKNIFTY-III.NFO,10/10/2024,09:41:02,52150,52142.6,60,52150,15,0,118110
BANKNIFTY-III.NFO,10/10/2024,09:41:04,52150,52143.65,60,52150,15,0,118110
BANKNIFTY-III.NFO,10/10/2024,09:41:07,52150,52143.65,75,52150,15,0,118110
BANKNIFTY-III.NFO,10/10/2024,09:41:09,52150,52143.65,60,52150,15,0,118110
BANKNIFTY-III.NFO,10/10/2024,09:41:11,52150,52141.95,60,52150,15,0,118110
BANKNIFTY-III.NFO,10/10/2024,09:41:12,52150,52142.3,60,52150,15,0,118110
BANKNIFTY-III.NFO,10/10/2024,09:41:14,52150,52139.3,105,52150,15,0,118110
BANKNIFTY-III.NFO,10/10/2024,09:41:15,52150,52142.15,60,52150,15,0,118110
BANKNIFTY-III.NFO,10/10/2024,09:41:17,52142.25,52142.25,60,52150,15,30,118110
BANKNIFTY-III.NFO,10/10/2024,09:41:19,52142.25,52144.3,90,52150,15,0,118110
BANKNIFTY-III.NFO,10/10/2024,09:41:20,52142.25,52143.8,60,52150,15,0,118110
BANKNIFTY-III.NFO,10/10/2024,09:41:22,52142.25,52146.3,60,52150,15,0,118110
BANKNIFTY-III.NFO,10/10/2024,09:41:23,52142.25,52146,60,52150,15,0,118110
BANKNIFTY-III.NFO,10/10/2024,09:41:25,52150,52154.5,60,52172.05,45,15,118110
BANKNIFTY-III.NFO,10/10/2024,09:41:27,52150,52150.55,60,52168.15,45,0,118110
BANKNIFTY-III.NFO,10/10/2024,09:41:28,52150,52152.1,60,52169.95,45,0,118110
BANKNIFTY-III.NFO,10/10/2024,09:41:30,52150,52152.85,60,52169.95,45,0,118110
BANKNIFTY-III.NFO,10/10/2024,09:41:31,52150,52153.25,60,52170.85,45,0,118110
BANKNIFTY-III.NFO,10/10/2024,09:41:35,52150,52151.45,60,52170.95,45,0,118110
BANKNIFTY-III.NFO,10/10/2024,09:41:36,52150,52150.25,60,52167.75,45,0,118110
BANKNIFTY-III.NFO,10/10/2024,09:41:38,52150,52151.25,60,52169.85,45,0,118110
BANKNIFTY-III.NFO,10/10/2024,09:41:41,52150,52151.05,60,52167.15,45,0,118110
BANKNIFTY-III.NFO,10/10/2024,09:41:42,52150,52151.05,90,52169.15,75,0,118110
BANKNIFTY-III.NFO,10/10/2024,09:41:44,52150,52151.05,75,52168.35,45,0,118110
BANKNIFTY-III.NFO,10/10/2024,09:41:46,52150,52151.25,60,52169.75,75,0,118110
BANKNIFTY-III.NFO,10/10/2024,09:41:47,52150,52151.25,60,52171.05,45,0,118110
BANKNIFTY-III.NFO,10/10/2024,09:41:49,52150,52153.3,90,52171.05,45,0,118110
BANKNIFTY-III.NFO,10/10/2024,09:41:51,52150,52152.25,60,52169.35,45,0,118110
BANKNIFTY-III.NFO,10/10/2024,09:41:55,52150,52152.25,60,52169.25,45,0,118110
BANKNIFTY-III.NFO,10/10/2024,09:42:00,52150,52150.35,60,52170.25,45,0,118110
BANKNIFTY-III.NFO,10/10/2024,09:42:02,52150,52151.35,90,52169.95,45,0,118110
BANKNIFTY-III.NFO,10/10/2024,09:42:03,52150,52151.3,75,52168.6,75,0,118110
BANKNIFTY-III.NFO,10/10/2024,09:42:05,52150,52155.35,90,52174.6,45,0,118110
BANKNIFTY-III.NFO,10/10/2024,09:42:07,52150,52155.25,60,52171.35,45,0,118110
BANKNIFTY-III.NFO,10/10/2024,09:42:10,52150,52155.45,60,52173.65,75,0,118110
BANKNIFTY-III.NFO,10/10/2024,09:42:12,52150,52155.25,60,52175.05,45,0,118110
BANKNIFTY-III.NFO,10/10/2024,09:42:13,52150,52155.25,60,52175.75,45,0,118110
BANKNIFTY-III.NFO,10/10/2024,09:42:15,52150,52154.05,60,52171.9,45,0,118110
BANKNIFTY-III.NFO,10/10/2024,09:42:17,52150,52152.3,60,52167.8,45,0,118110
BANKNIFTY-III.NFO,10/10/2024,09:42:19,52150,52150.5,60,52170.35,30,0,118110
BANKNIFTY-III.NFO,10/10/2024,09:42:20,52150,52150.5,60,52167.9,45,0,118110
BANKNIFTY-III.NFO,10/10/2024,09:42:22,52150,52151.6,60,52169.8,45,0,118110
BANKNIFTY-III.NFO,10/10/2024,09:42:24,52150,52151.4,60,52171.9,45,0,118110
BANKNIFTY-III.NFO,10/10/2024,09:42:25,52150,52151.4,60,52167.6,45,0,118110
BANKNIFTY-III.NFO,10/10/2024,09:42:27,52150,52151.4,60,52170.3,45,0,118110
BANKNIFTY-III.NFO,10/10/2024,09:42:29,52150,52157.7,90,52176.1,45,0,118110
BANKNIFTY-III.NFO,10/10/2024,09:42:30,52150,52161,60,52178.7,30,0,118110
BANKNIFTY-III.NFO,10/10/2024,09:42:32,52150,52167,60,52180,15,0,118110
BANKNIFTY-III.NFO,10/10/2024,09:42:34,52150,52164,60,52180,15,0,118110
BANKNIFTY-III.NFO,10/10/2024,09:42:35,52150,52164.95,60,52180,15,0,118110
BANKNIFTY-III.NFO,10/10/2024,09:42:37,52150,52163.7,60,52179.05,45,0,118110
BANKNIFTY-III.NFO,10/10/2024,09:42:39,52150,52167,90,52180,15,0,118110
BANKNIFTY-III.NFO,10/10/2024,09:42:40,52150,52169.7,60,52180,15,0,118110
BANKNIFTY-III.NFO,10/10/2024,09:42:47,52150,52172.05,75,52185,60,0,118110
BANKNIFTY-III.NFO,10/10/2024,09:42:53,52150,52167.9,60,52185,60,0,118110
BANKNIFTY-III.NFO,10/10/2024,09:42:57,52150,52168.3,90,52185,60,0,118110
BANKNIFTY-III.NFO,10/10/2024,09:42:58,52150,52169.85,60,52185,60,0,118110
BANKNIFTY-III.NFO,10/10/2024,09:43:00,52150,52176.9,75,52185,60,0,118110
BANKNIFTY-III.NFO,10/10/2024,09:43:02,52177.1,52175.3,75,52180,15,30,118005
BANKNIFTY-III.NFO,10/10/2024,09:43:03,52177.1,52174.8,75,52180,15,0,118005
BANKNIFTY-III.NFO,10/10/2024,09:43:05,52177.1,52170.6,60,52180,15,0,118005
BANKNIFTY-III.NFO,10/10/2024,09:43:06,52177.1,52170,75,52180,15,0,118005
BANKNIFTY-III.NFO,10/10/2024,09:43:08,52177.1,52170.1,105,52180,15,0,118005
BANKNIFTY-III.NFO,10/10/2024,09:43:10,52177.1,52171.65,60,52180,15,0,118005
BANKNIFTY-III.NFO,10/10/2024,09:43:11,52177.1,52170.4,75,52180,15,0,118005
BANKNIFTY-III.NFO,10/10/2024,09:43:13,52177.1,52170.6,75,52180,15,0,118005
BANKNIFTY-III.NFO,10/10/2024,09:43:15,52177.1,52170.7,75,52180,15,0,118005
BANKNIFTY-III.NFO,10/10/2024,09:43:16,52177.1,52171.1,75,52180,15,0,118005
BANKNIFTY-III.NFO,10/10/2024,09:43:18,52177.1,52165.2,60,52180,15,0,118005
BANKNIFTY-III.NFO,10/10/2024,09:43:20,52177.1,52169.2,60,52180,15,0,118005
BANKNIFTY-III.NFO,10/10/2024,09:43:21,52177.1,52174.4,75,52180,15,0,118005
BANKNIFTY-III.NFO,10/10/2024,09:43:23,52193.7,52184,60,52199,30,105,118005
BANKNIFTY-III.NFO,10/10/2024,09:43:25,52200,52198.9,75,52220.55,30,225,118005
BANKNIFTY-III.NFO,10/10/2024,09:43:25,52200,52198.9,75,52220.55,30,0,118005
BANKNIFTY-III.NFO,10/10/2024,09:43:26,52200,52201.8,60,52223.3,75,0,118005
BANKNIFTY-III.NFO,10/10/2024,09:43:28,52200,52200.1,60,52217.7,60,0,118005
BANKNIFTY-III.NFO,10/10/2024,09:43:30,52200,52198.95,60,52216.05,30,0,118005
BANKNIFTY-III.NFO,10/10/2024,09:43:31,52200,52199.3,60,52218.6,60,0,118005
BANKNIFTY-III.NFO,10/10/2024,09:43:33,52200,52195.3,60,52216.1,75,0,118005
BANKNIFTY-III.NFO,10/10/2024,09:43:35,52200,52196.75,90,52215.35,60,0,118005
BANKNIFTY-III.NFO,10/10/2024,09:43:36,52200,52198.1,60,52215.1,60,0,118005
BANKNIFTY-III.NFO,10/10/2024,09:43:38,52200,52198.5,75,52218.55,60,0,118005
BANKNIFTY-III.NFO,10/10/2024,09:43:40,52198.55,52199.95,45,52219,45,15,118005
BANKNIFTY-III.NFO,10/10/2024,09:43:41,52198.55,52207.35,60,52226.55,75,0,118005
BANKNIFTY-III.NFO,10/10/2024,09:43:43,52198.55,52204.45,45,52221.6,30,0,118005
BANKNIFTY-III.NFO,10/10/2024,09:43:45,52204.75,52205.05,45,52221.6,30,15,118005
BANKNIFTY-III.NFO,10/10/2024,09:43:45,52204.75,52205.05,45,52221.6,30,0,118005
BANKNIFTY-III.NFO,10/10/2024,09:43:46,52204.75,52199.45,30,52219.95,75,0,118005
BANKNIFTY-III.NFO,10/10/2024,09:43:48,52204.75,52201.15,30,52220.15,75,0,118005
BANKNIFTY-III.NFO,10/10/2024,09:43:50,52204.75,52202.85,45,52220.35,75,0,118005
BANKNIFTY-III.NFO,10/10/2024,09:43:51,52204.75,52205.8,45,52223,105,0,118005
BANKNIFTY-III.NFO,10/10/2024,09:43:53,52204.75,52202.85,45,52219.95,30,0,118005
BANKNIFTY-III.NFO,10/10/2024,09:43:54,52204.75,52203.45,30,52218.8,45,0,118005
BANKNIFTY-III.NFO,10/10/2024,09:43:56,52204.75,52203.55,30,52218.2,75,0,118005
BANKNIFTY-III.NFO,10/10/2024,09:43:58,52204.75,52204.15,45,52220,15,0,118005
BANKNIFTY-III.NFO,10/10/2024,09:43:59,52204.75,52204.65,45,52220,15,0,118005
BANKNIFTY-III.NFO,10/10/2024,09:44:01,52204.75,52202.5,45,52219.95,75,0,118005
BANKNIFTY-III.NFO,10/10/2024,09:44:03,52204.75,52202.7,30,52218.45,60,0,118005
BANKNIFTY-III.NFO,10/10/2024,09:44:04,52204.75,52198.2,30,52215.9,45,0,118005
BANKNIFTY-III.NFO,10/10/2024,09:44:06,52204.75,52198.15,30,52216.55,60,0,118005
BANKNIFTY-III.NFO,10/10/2024,09:44:08,52204.75,52198.15,45,52215.2,60,0,118005
BANKNIFTY-III.NFO,10/10/2024,09:44:10,52204.75,52198,45,52216.45,75,0,118005
BANKNIFTY-III.NFO,10/10/2024,09:44:12,52204.75,52199,45,52215.45,30,0,118005
BANKNIFTY-III.NFO,10/10/2024,09:44:13,52204.75,52198.3,30,52213.75,45,0,118005
BANKNIFTY-III.NFO,10/10/2024,09:44:15,52204.75,52199.8,45,52215.95,30,0,118005
BANKNIFTY-III.NFO,10/10/2024,09:44:16,52204.75,52200.65,30,52216.8,30,0,118005
BANKNIFTY-III.NFO,10/10/2024,09:44:18,52219.05,52200.7,60,52218.2,30,150,118005
BANKNIFTY-III.NFO,10/10/2024,09:44:18,52219.05,52200.7,60,52218.2,30,0,118005
BANKNIFTY-III.NFO,10/10/2024,09:44:20,52204,52202.3,105,52204,15,45,118005
BANKNIFTY-III.NFO,10/10/2024,09:44:21,52204,52204.25,105,52219.95,30,15,118005
BANKNIFTY-III.NFO,10/10/2024,09:44:23,52204,52206.9,75,52220,15,0,118005
BANKNIFTY-III.NFO,10/10/2024,09:44:25,52204,52204.1,75,52219.95,30,0,118005
BANKNIFTY-III.NFO,10/10/2024,09:44:26,52204,52204.2,75,52219.95,30,0,118005
BANKNIFTY-III.NFO,10/10/2024,09:44:28,52204,52205.35,75,52219.95,30,0,118005
BANKNIFTY-III.NFO,10/10/2024,09:44:30,52204,52206.55,30,52219.95,30,0,118005
BANKNIFTY-III.NFO,10/10/2024,09:44:31,52204,52207.05,30,52219.95,30,0,118005
BANKNIFTY-III.NFO,10/10/2024,09:44:33,52204,52204,150,52218.75,45,0,118005
BANKNIFTY-III.NFO,10/10/2024,09:44:35,52204,52204,150,52218.25,45,0,118005
BANKNIFTY-III.NFO,10/10/2024,09:44:36,52204,52205.15,30,52219.95,45,0,118005
BANKNIFTY-III.NFO,10/10/2024,09:44:38,52204,52206.2,30,52219.95,30,0,118005
BANKNIFTY-III.NFO,10/10/2024,09:44:39,52204,52205.2,75,52219.95,30,0,118005
BANKNIFTY-III.NFO,10/10/2024,09:44:41,52204,52204.6,60,52219.95,30,0,118005
BANKNIFTY-III.NFO,10/10/2024,09:44:43,52204,52200.65,60,52204.75,15,0,118005
BANKNIFTY-III.NFO,10/10/2024,09:44:44,52200.65,52200.1,60,52204.75,15,15,118005
BANKNIFTY-III.NFO,10/10/2024,09:44:46,52200.65,52197.7,60,52204.75,15,0,118005
BANKNIFTY-III.NFO,10/10/2024,09:44:48,52200.65,52199.1,60,52204.75,15,0,118005
BANKNIFTY-III.NFO,10/10/2024,09:44:49,52200.65,52197.7,60,52204.75,15,0,118005
BANKNIFTY-III.NFO,10/10/2024,09:44:51,52200.65,52201.05,60,52204.75,15,0,118005
BANKNIFTY-III.NFO,10/10/2024,09:44:53,52200.65,52201.8,60,52204.75,15,0,118005
BANKNIFTY-III.NFO,10/10/2024,09:44:54,52200.65,52205.25,60,52220,15,0,118005
BANKNIFTY-III.NFO,10/10/2024,09:44:56,52200.65,52204.95,60,52220,30,0,118005
BANKNIFTY-III.NFO,10/10/2024,09:44:58,52200.65,52207.7,105,52220,15,0,118005
BANKNIFTY-III.NFO,10/10/2024,09:44:59,52200.65,52201.45,75,52219.85,45,0,118005
BANKNIFTY-III.NFO,10/10/2024,09:45:01,52200.65,52205.85,90,52219.95,45,0,118005
BANKNIFTY-III.NFO,10/10/2024,09:45:02,52200.65,52206.75,30,52219.95,45,0,118005
BANKNIFTY-III.NFO,10/10/2024,09:45:04,52220,52220.3,75,52234.15,30,15,118005
BANKNIFTY-III.NFO,10/10/2024,09:45:04,52220,52220.3,75,52234.15,30,0,118005
BANKNIFTY-III.NFO,10/10/2024,09:45:06,52217.4,52225.65,45,52243.15,75,15,118005
BANKNIFTY-III.NFO,10/10/2024,09:45:07,52217.4,52218.95,30,52236.1,75,0,118005
BANKNIFTY-III.NFO,10/10/2024,09:45:09,52217.4,52211.35,30,52228.6,105,0,118005
BANKNIFTY-III.NFO,10/10/2024,09:45:11,52217.4,52214.4,45,52233.05,60,0,118005
BANKNIFTY-III.NFO,10/10/2024,09:45:12,52235.5,52216.45,75,52237.65,15,150,118005
BANKNIFTY-III.NFO,10/10/2024,09:45:12,52235.5,52216.45,75,52237.65,15,0,118005
BANKNIFTY-III.NFO,10/10/2024,09:45:14,52235.5,52220,30,52240.65,45,0,118005
BANKNIFTY-III.NFO,10/10/2024,09:45:16,52223.2,52227,30,52246.05,150,15,118005
BANKNIFTY-III.NFO,10/10/2024,09:45:17,52223.2,52227.2,45,52246.05,150,0,118005
BANKNIFTY-III.NFO,10/10/2024,09:45:19,52223.2,52227.25,30,52246.05,150,0,118005
BANKNIFTY-III.NFO,10/10/2024,09:45:21,52223.2,52230.55,30,52248.1,105,0,118005
BANKNIFTY-III.NFO,10/10/2024,09:45:22,52233.3,52232.05,15,52249.9,60,15,118005
BANKNIFTY-III.NFO,10/10/2024,09:45:24,52233.3,52227.95,30,52249.9,60,0,118005
BANKNIFTY-III.NFO,10/10/2024,09:45:26,52233.3,52228.35,30,52249.9,60,0,118005
BANKNIFTY-III.NFO,10/10/2024,09:45:27,52233.3,52228.4,30,52249.9,60,0,118005
BANKNIFTY-III.NFO,10/10/2024,09:45:29,52233.3,52226.8,45,52246.85,60,0,118005
BANKNIFTY-III.NFO,10/10/2024,09:45:31,52233.3,52227.7,45,52246.85,60,0,118005
BANKNIFTY-III.NFO,10/10/2024,09:45:32,52250,52224.6,45,52248.55,75,165,117855
BANKNIFTY-III.NFO,10/10/2024,09:45:32,52250,52224.6,45,52248.55,75,0,117855
BANKNIFTY-III.NFO,10/10/2024,09:45:34,52250,52225.75,30,52248.55,45,0,117855
BANKNIFTY-III.NFO,10/10/2024,09:45:36,52248.55,52227.35,45,52249.15,75,15,117855
BANKNIFTY-III.NFO,10/10/2024,09:45:37,52228.45,52228.45,15,52249.15,45,15,117855
BANKNIFTY-III.NFO,10/10/2024,09:45:39,52228.45,52228.05,30,52248.35,75,0,117855
BANKNIFTY-III.NFO,10/10/2024,09:45:41,52250,52228.05,30,52250,60,150,117855
BANKNIFTY-III.NFO,10/10/2024,09:45:42,52250,52228.05,30,52250,120,0,117855
BANKNIFTY-III.NFO,10/10/2024,09:45:44,52250,52227.95,15,52249.95,105,0,117855
BANKNIFTY-III.NFO,10/10/2024,09:45:46,52250,52224.6,15,52249.9,45,0,117855
BANKNIFTY-III.NFO,10/10/2024,09:45:47,52250,52224.6,15,52249.75,45,0,117855
BANKNIFTY-III.NFO,10/10/2024,09:45:49,52250,52223.75,60,52249.65,60,0,117855
BANKNIFTY-III.NFO,10/10/2024,09:45:51,52250,52223.75,60,52249.4,225,0,117855
BANKNIFTY-III.NFO,10/10/2024,09:45:52,52250,52223.75,60,52249.2,45,0,117855
BANKNIFTY-III.NFO,10/10/2024,09:45:54,52250,52221.45,60,52240,75,0,117855
BANKNIFTY-III.NFO,10/10/2024,09:45:56,52250,52220.05,75,52239.9,75,0,117855
BANKNIFTY-III.NFO,10/10/2024,09:45:57,52250,52221.75,60,52239.9,30,0,117855
BANKNIFTY-III.NFO,10/10/2024,09:45:59,52250,52222.05,60,52239.9,30,0,117855
BANKNIFTY-III.NFO,10/10/2024,09:46:01,52221.9,52221,60,52239.85,45,15,117855
BANKNIFTY-III.NFO,10/10/2024,09:46:02,52221.9,52221.75,60,52239.65,15,0,117855
BANKNIFTY-III.NFO,10/10/2024,09:46:04,52221.9,52220.4,60,52239.25,30,0,117855
BANKNIFTY-III.NFO,10/10/2024,09:46:06,52221.9,52222.95,60,52238.85,15,0,117855
BANKNIFTY-III.NFO,10/10/2024,09:46:07,52221.9,52223,60,52239.95,15,0,117855
BANKNIFTY-III.NFO,10/10/2024,09:46:09,52243.15,52227.4,15,52248.8,45,150,117855
BANKNIFTY-III.NFO,10/10/2024,09:46:11,52243.15,52224.6,15,52248.45,45,0,117855
BANKNIFTY-III.NFO,10/10/2024,09:46:13,52248.25,52220.65,15,52244.6,135,150,117855
BANKNIFTY-III.NFO,10/10/2024,09:46:14,52211.25,52205.9,15,52235.4,15,120,117855
BANKNIFTY-III.NFO,10/10/2024,09:46:16,52211.25,52205.95,60,52234.4,15,0,117855
BANKNIFTY-III.NFO,10/10/2024,09:46:18,52211.25,52207.35,60,52233.95,15,0,117855
BANKNIFTY-III.NFO,10/10/2024,09:46:19,52211.25,52208.35,60,52233.75,45,0,117855
BANKNIFTY-III.NFO,10/10/2024,09:46:21,52211.25,52212.9,60,52243.45,105,0,117855
BANKNIFTY-III.NFO,10/10/2024,09:46:23,52211.25,52215.4,60,52242.95,15,0,117855
BANKNIFTY-III.NFO,10/10/2024,09:46:24,52211.25,52217.3,60,52242.8,45,0,117855
BANKNIFTY-III.NFO,10/10/2024,09:46:26,52211.25,52224.7,75,52248.95,120,0,117855
BANKNIFTY-III.NFO,10/10/2024,09:46:28,52211.25,52224.7,75,52248.85,45,0,117855
BANKNIFTY-III.NFO,10/10/2024,09:46:29,52211.25,52225.35,60,52248.85,45,0,117855
BANKNIFTY-III.NFO,10/10/2024,09:46:31,52211.25,52225.45,60,52248.8,60,0,117855
BANKNIFTY-III.NFO,10/10/2024,09:46:33,52211.25,52227.95,90,52249,15,0,117855
BANKNIFTY-III.NFO,10/10/2024,09:46:34,52211.25,52230.55,60,52248.7,15,0,117855
BANKNIFTY-III.NFO,10/10/2024,09:46:36,52250,52230.55,60,52249.95,120,45,117855
BANKNIFTY-III.NFO,10/10/2024,09:46:38,52250,52230.45,60,52249.95,105,0,117855
BANKNIFTY-III.NFO,10/10/2024,09:46:41,52250,52230.45,60,52249.95,120,0,117855
BANKNIFTY-III.NFO,10/10/2024,09:46:43,52230.4,52229.85,60,52249.95,120,15,117855
BANKNIFTY-III.NFO,10/10/2024,09:46:45,52230.4,52229.85,60,52249.95,120,0,117855
BANKNIFTY-III.NFO,10/10/2024,09:46:46,52230.4,52225.35,60,52249.95,120,0,117855
BANKNIFTY-III.NFO,10/10/2024,09:46:48,52230.45,52228.45,60,52249.95,120,15,117855
BANKNIFTY-III.NFO,10/10/2024,09:46:50,52230.45,52224.4,75,52230.4,60,0,117855
BANKNIFTY-III.NFO,10/10/2024,09:46:54,52230.45,52222.15,60,52230.4,60,0,117855
BANKNIFTY-III.NFO,10/10/2024,09:46:56,52230.45,52222.45,60,52230.4,60,0,117855
BANKNIFTY-III.NFO,10/10/2024,09:46:58,52222.55,52222.55,60,52230.4,60,15,117855
BANKNIFTY-III.NFO,10/10/2024,09:47:03,52222.55,52223.8,60,52230.4,60,0,117855
BANKNIFTY-III.NFO,10/10/2024,09:47:04,52222.55,52221.2,75,52230.4,60,0,117855
BANKNIFTY-III.NFO,10/10/2024,09:47:06,52222.55,52222,60,52230.4,60,0,117855
BANKNIFTY-III.NFO,10/10/2024,09:47:08,52222.55,52222.4,60,52244.95,30,0,117855
BANKNIFTY-III.NFO,10/10/2024,09:47:09,52222.55,52222.6,60,52240,15,0,117855
BANKNIFTY-III.NFO,10/10/2024,09:47:11,52222.55,52223.9,60,52240,15,0,117855
BANKNIFTY-III.NFO,10/10/2024,09:47:16,52222.55,52222.55,75,52240,15,0,117855
BANKNIFTY-III.NFO,10/10/2024,09:47:18,52222.55,52222.55,75,52239.95,30,0,117855
BANKNIFTY-III.NFO,10/10/2024,09:47:21,52239.95,52228.55,75,52240,15,30,117855
BANKNIFTY-III.NFO,10/10/2024,09:47:23,52239.95,52227.9,60,52240,15,0,117855
BANKNIFTY-III.NFO,10/10/2024,09:47:24,52239.95,52228.9,60,52240,30,0,117855
BANKNIFTY-III.NFO,10/10/2024,09:47:26,52239.95,52229.35,45,52240,30,0,117855
BANKNIFTY-III.NFO,10/10/2024,09:47:31,52239.95,52229.65,45,52240,30,0,117855
BANKNIFTY-III.NFO,10/10/2024,09:47:33,52239.95,52230.55,45,52237,15,0,117855
BANKNIFTY-III.NFO,10/10/2024,09:47:39,52239.95,52226.4,75,52237,15,0,117855
BANKNIFTY-III.NFO,10/10/2024,09:47:41,52239.95,52229.25,45,52237,15,0,117855
BANKNIFTY-III.NFO,10/10/2024,09:47:42,52239.95,52230.45,45,52237,15,0,117855
BANKNIFTY-III.NFO,10/10/2024,09:47:44,52239.95,52232.05,75,52237,15,0,117855
BANKNIFTY-III.NFO,10/10/2024,09:47:46,52240,52241.95,75,52250,210,30,117855
BANKNIFTY-III.NFO,10/10/2024,09:47:47,52250,52244.9,30,52250,135,75,117855
BANKNIFTY-III.NFO,10/10/2024,09:47:49,52250,52243.65,75,52250,135,0,117855
BANKNIFTY-III.NFO,10/10/2024,09:47:51,52250,52245.6,30,52250,135,0,117855
BANKNIFTY-III.NFO,10/10/2024,09:47:52,52250,52244.05,45,52250,135,0,117855
BANKNIFTY-III.NFO,10/10/2024,09:47:54,52250,52244.75,45,52250,135,0,117855
BANKNIFTY-III.NFO,10/10/2024,09:47:56,52250,52245.75,45,52250,135,0,117855
BANKNIFTY-III.NFO,10/10/2024,09:47:57,52250,52243.6,45,52250,135,0,117855
BANKNIFTY-III.NFO,10/10/2024,09:47:59,52250,52241.15,45,52250,135,0,117855
BANKNIFTY-III.NFO,10/10/2024,09:48:01,52250,52244.85,45,52250,135,0,117855
BANKNIFTY-III.NFO,10/10/2024,09:48:02,52250,52244.45,30,52250,135,0,117855
BANKNIFTY-III.NFO,10/10/2024,09:48:04,52250,52245.05,30,52250,135,0,117855
BANKNIFTY-III.NFO,10/10/2024,09:48:05,52250,52246.35,15,52250,135,0,117855
BANKNIFTY-III.NFO,10/10/2024,09:48:07,52250,52253.55,60,52260,30,135,117855
BANKNIFTY-III.NFO,10/10/2024,09:48:09,52260,52262.15,75,52268,15,30,117855
BANKNIFTY-III.NFO,10/10/2024,09:48:09,52260,52262.15,75,52268,15,0,117855
BANKNIFTY-III.NFO,10/10/2024,09:48:10,52268,52260.3,45,52275.9,15,15,117855
BANKNIFTY-III.NFO,10/10/2024,09:48:10,52268,52260.3,45,52275.9,15,0,117855
BANKNIFTY-III.NFO,10/10/2024,09:48:11,52268,52267.85,30,52275.9,15,0,117855
BANKNIFTY-III.NFO,10/10/2024,09:48:13,52268,52267.85,45,52275.9,15,0,117855
BANKNIFTY-III.NFO,10/10/2024,09:48:15,52268,52267.75,30,52275.9,15,0,117855
BANKNIFTY-III.NFO,10/10/2024,09:48:16,52275.9,52270.4,30,52280,15,15,117855
BANKNIFTY-III.NFO,10/10/2024,09:48:16,52275.9,52270.4,30,52280,15,0,117855
BANKNIFTY-III.NFO,10/10/2024,09:48:18,52275.9,52268.9,15,52275,45,0,117855
BANKNIFTY-III.NFO,10/10/2024,09:48:20,52275.9,52270.25,45,52275,45,0,117855
BANKNIFTY-III.NFO,10/10/2024,09:48:21,52275.9,52271.35,30,52275,45,0,117855
BANKNIFTY-III.NFO,10/10/2024,09:48:23,52275.9,52265.05,45,52275,45,0,117855
BANKNIFTY-III.NFO,10/10/2024,09:48:25,52275.9,52267.35,30,52275,45,0,117855
BANKNIFTY-III.NFO,10/10/2024,09:48:26,52275.9,52265.2,105,52275,45,0,117855
BANKNIFTY-III.NFO,10/10/2024,09:48:28,52275.9,52263.95,30,52275,45,0,117855
BANKNIFTY-III.NFO,10/10/2024,09:48:30,52275.9,52267.9,15,52275,45,0,117855
BANKNIFTY-III.NFO,10/10/2024,09:48:31,52275.9,52265.25,30,52275,45,0,117855
BANKNIFTY-III.NFO,10/10/2024,09:48:33,52275.9,52263.45,90,52275,45,0,117855
BANKNIFTY-III.NFO,10/10/2024,09:48:34,52275.9,52261.15,60,52275,45,0,117855
BANKNIFTY-III.NFO,10/10/2024,09:48:36,52275.9,52261.35,60,52275,45,0,117855
BANKNIFTY-III.NFO,10/10/2024,09:48:38,52275.9,52264.95,60,52275,45,0,117855
BANKNIFTY-III.NFO,10/10/2024,09:48:39,52275.9,52264.65,75,52275,45,0,117855
BANKNIFTY-III.NFO,10/10/2024,09:48:41,52275.9,52267.35,60,52275,45,0,117855
BANKNIFTY-III.NFO,10/10/2024,09:48:43,52275.9,52270.2,30,52275,45,0,117855
BANKNIFTY-III.NFO,10/10/2024,09:48:44,52275.9,52269.25,75,52275,45,0,117855
BANKNIFTY-III.NFO,10/10/2024,09:48:46,52275.9,52267.15,75,52275,45,0,117855
BANKNIFTY-III.NFO,10/10/2024,09:48:48,52275.9,52266.75,60,52275,45,0,117855
BANKNIFTY-III.NFO,10/10/2024,09:48:49,52275.9,52264.7,75,52275,45,0,117855
BANKNIFTY-III.NFO,10/10/2024,09:48:51,52275.9,52263.05,75,52275,45,0,117855
BANKNIFTY-III.NFO,10/10/2024,09:48:53,52275.9,52257.65,15,52275,90,0,117855
BANKNIFTY-III.NFO,10/10/2024,09:48:54,52275.9,52254.75,30,52275,90,0,117855
BANKNIFTY-III.NFO,10/10/2024,09:48:56,52275.9,52255.95,30,52275,150,0,117855
BANKNIFTY-III.NFO,10/10/2024,09:48:58,52275.9,52255.4,45,52275,150,0,117855
BANKNIFTY-III.NFO,10/10/2024,09:48:59,52275.9,52253.4,45,52275,150,0,117855
BANKNIFTY-III.NFO,10/10/2024,09:49:01,52275.9,52250,30,52275,150,0,117855
BANKNIFTY-III.NFO,10/10/2024,09:49:03,52275.9,52250.05,30,52272,75,0,117855
BANKNIFTY-III.NFO,10/10/2024,09:49:04,52271.95,52250.05,30,52271.95,120,15,117645
BANKNIFTY-III.NFO,10/10/2024,09:49:06,52271.95,52250,30,52271.9,60,0,117645
BANKNIFTY-III.NFO,10/10/2024,09:49:08,52271.95,52250.05,45,52272,75,0,117645
BANKNIFTY-III.NFO,10/10/2024,09:49:09,52271.95,52250,15,52271.8,45,0,117645
BANKNIFTY-III.NFO,10/10/2024,09:49:11,52271.95,52250,15,52271.5,45,0,117645
BANKNIFTY-III.NFO,10/10/2024,09:49:12,52271.95,52250,15,52271.25,45,0,117645
BANKNIFTY-III.NFO,10/10/2024,09:49:14,52271.95,52250,30,52270.75,45,0,117645
BANKNIFTY-III.NFO,10/10/2024,09:49:16,52249.45,52247.55,45,52270.6,45,75,117645
BANKNIFTY-III.NFO,10/10/2024,09:49:17,52249.45,52248.35,30,52270.5,75,0,117645
BANKNIFTY-III.NFO,10/10/2024,09:49:19,52249.45,52250.95,30,52270.5,45,0,117645
BANKNIFTY-III.NFO,10/10/2024,09:49:21,52249.45,52250.05,30,52270.45,45,0,117645
BANKNIFTY-III.NFO,10/10/2024,09:49:22,52249.45,52251.5,30,52270.5,45,0,117645
BANKNIFTY-III.NFO,10/10/2024,09:49:24,52249.45,52247.65,75,52270.35,45,0,117645
BANKNIFTY-III.NFO,10/10/2024,09:49:26,52249.45,52249.35,60,52270.35,45,0,117645
BANKNIFTY-III.NFO,10/10/2024,09:49:27,52249.45,52250.45,75,52270.25,45,0,117645
BANKNIFTY-III.NFO,10/10/2024,09:49:29,52249.45,52250.35,60,52270.15,45,0,117645
BANKNIFTY-III.NFO,10/10/2024,09:49:31,52249.45,52248.95,30,52270.15,45,0,117645
BANKNIFTY-III.NFO,10/10/2024,09:49:32,52249.45,52249.1,75,52270.15,45,0,117645
BANKNIFTY-III.NFO,10/10/2024,09:49:34,52249.45,52250.4,75,52270.05,45,0,117645
BANKNIFTY-III.NFO,10/10/2024,09:49:36,52249.45,52251,75,52269.95,60,0,117645
BANKNIFTY-III.NFO,10/10/2024,09:49:37,52250.3,52246,75,52269.65,75,45,117645
BANKNIFTY-III.NFO,10/10/2024,09:49:39,52250.3,52244.55,60,52269.35,75,0,117645
BANKNIFTY-III.NFO,10/10/2024,09:49:41,52250.3,52244.65,75,52268.85,75,0,117645
BANKNIFTY-III.NFO,10/10/2024,09:49:42,52250.3,52244.45,90,52268.55,75,0,117645
BANKNIFTY-III.NFO,10/10/2024,09:49:44,52250.3,52244.55,75,52266.85,75,0,117645
BANKNIFTY-III.NFO,10/10/2024,09:49:46,52250.3,52243.85,60,52260,30,0,117645
BANKNIFTY-III.NFO,10/10/2024,09:49:47,52250.3,52245.35,60,52260,15,0,117645
BANKNIFTY-III.NFO,10/10/2024,09:49:49,52250.3,52241.7,60,52260,30,0,117645
BANKNIFTY-III.NFO,10/10/2024,09:49:51,52250.3,52238.9,75,52259.95,75,0,117645
BANKNIFTY-III.NFO,10/10/2024,09:49:52,52250.3,52238.45,60,52259.95,75,0,117645
BANKNIFTY-III.NFO,10/10/2024,09:49:54,52250.3,52236.45,75,52259.25,75,0,117645
BANKNIFTY-III.NFO,10/10/2024,09:49:56,52250.3,52236.45,75,52258.85,75,0,117645
BANKNIFTY-III.NFO,10/10/2024,09:49:57,52250.3,52236.45,75,52258.55,75,0,117645
BANKNIFTY-III.NFO,10/10/2024,09:49:59,52250.3,52236.45,75,52258.25,75,0,117645
BANKNIFTY-III.NFO,10/10/2024,09:50:01,52250.3,52241.35,75,52259.95,60,0,117645
BANKNIFTY-III.NFO,10/10/2024,09:50:02,52250.3,52242.5,75,52260,15,0,117645
BANKNIFTY-III.NFO,10/10/2024,09:50:04,52250.3,52245.1,75,52260,15,0,117645
BANKNIFTY-III.NFO,10/10/2024,09:50:05,52250.3,52244.2,75,52260,15,0,117645
BANKNIFTY-III.NFO,10/10/2024,09:50:07,52250.3,52242.2,75,52259.95,45,0,117645
BANKNIFTY-III.NFO,10/10/2024,09:50:09,52250.3,52237.95,60,52250,15,0,117645
BANKNIFTY-III.NFO,10/10/2024,09:50:11,52250.3,52249,15,52250,15,0,117645
BANKNIFTY-III.NFO,10/10/2024,09:50:21,52249,52236.45,75,52250,15,15,117645
BANKNIFTY-III.NFO,10/10/2024,09:50:22,52249,52242.25,60,52250,15,0,117645
BANKNIFTY-III.NFO,10/10/2024,09:50:24,52249,52248.35,60,52250,15,0,117645
BANKNIFTY-III.NFO,10/10/2024,09:50:26,52249,52248.15,60,52250,15,0,117645
BANKNIFTY-III.NFO,10/10/2024,09:50:27,52249,52246.75,75,52249,15,0,117645
BANKNIFTY-III.NFO,10/10/2024,09:50:29,52249,52246.95,60,52249,15,0,117645
BANKNIFTY-III.NFO,10/10/2024,09:50:31,52249,52247.85,75,52249,15,0,117645
BANKNIFTY-III.NFO,10/10/2024,09:50:32,52249,52247.05,60,52249,15,0,117645
BANKNIFTY-III.NFO,10/10/2024,09:50:34,52249,52247.25,75,52249,15,0,117645
BANKNIFTY-III.NFO,10/10/2024,09:50:36,52249,52247.65,90,52249,15,0,117645
BANKNIFTY-III.NFO,10/10/2024,09:50:37,52249,52247.15,60,52249,15,0,117645
BANKNIFTY-III.NFO,10/10/2024,09:50:39,52249,52247.55,60,52249,15,0,117645
BANKNIFTY-III.NFO,10/10/2024,09:50:41,52250,52248.8,75,52250.3,15,30,117645
BANKNIFTY-III.NFO,10/10/2024,09:50:42,52250,52248.6,75,52250.3,15,0,117645
BANKNIFTY-III.NFO,10/10/2024,09:50:44,52250,52246.9,60,52250.3,15,0,117645
BANKNIFTY-III.NFO,10/10/2024,09:50:46,52250,52246.25,90,52250.3,15,0,117645
BANKNIFTY-III.NFO,10/10/2024,09:50:47,52250,52245.95,60,52250.3,15,0,117645
BANKNIFTY-III.NFO,10/10/2024,09:50:50,52250,52248.8,90,52250.3,15,0,117645
BANKNIFTY-III.NFO,10/10/2024,09:50:52,52250,52246.55,60,52250.3,15,0,117645
BANKNIFTY-III.NFO,10/10/2024,09:50:54,52250,52246.9,90,52250.3,15,0,117645
BANKNIFTY-III.NFO,10/10/2024,09:50:55,52250,52247.35,60,52250,15,0,117645
BANKNIFTY-III.NFO,10/10/2024,09:50:57,52250,52245.95,60,52250,15,0,117645
BANKNIFTY-III.NFO,10/10/2024,09:50:59,52250,52241.65,60,52250,15,0,117645
BANKNIFTY-III.NFO,10/10/2024,09:51:00,52250,52239.4,60,52250,15,0,117645
BANKNIFTY-III.NFO,10/10/2024,09:51:02,52250,52242.2,60,52250,15,0,117645
BANKNIFTY-III.NFO,10/10/2024,09:51:04,52250,52240.15,60,52250,15,0,117645
BANKNIFTY-III.NFO,10/10/2024,09:51:06,52250,52238.55,15,52250,30,0,117645
BANKNIFTY-III.NFO,10/10/2024,09:51:07,52250,52236.6,60,52250,15,0,117645
BANKNIFTY-III.NFO,10/10/2024,09:51:09,52250,52236.45,60,52250,15,0,117645
BANKNIFTY-III.NFO,10/10/2024,09:51:10,52250,52238.05,60,52250,15,0,117645
BANKNIFTY-III.NFO,10/10/2024,09:51:12,52250,52236.4,15,52249.95,60,0,117645
BANKNIFTY-III.NFO,10/10/2024,09:51:15,52250,52237.95,30,52250,15,0,117645
BANKNIFTY-III.NFO,10/10/2024,09:51:17,52250,52236.4,15,52249.95,60,0,117645
BANKNIFTY-III.NFO,10/10/2024,09:51:19,52233.4,52231.3,45,52249.95,60,30,117645
BANKNIFTY-III.NFO,10/10/2024,09:51:20,52232.3,52230.95,45,52249.75,45,30,117645
BANKNIFTY-III.NFO,10/10/2024,09:51:22,52232.3,52229.75,45,52247.85,60,0,117645
BANKNIFTY-III.NFO,10/10/2024,09:51:24,52232.3,52228.7,45,52247.05,60,0,117645
BANKNIFTY-III.NFO,10/10/2024,09:51:25,52232.3,52228.9,45,52247.6,45,0,117645
BANKNIFTY-III.NFO,10/10/2024,09:51:27,52232.3,52229,45,52246.5,45,0,117645
BANKNIFTY-III.NFO,10/10/2024,09:51:29,52232.3,52231.55,15,52247.5,60,0,117645
BANKNIFTY-III.NFO,10/10/2024,09:51:30,52232.3,52230.6,45,52247.5,60,0,117645
BANKNIFTY-III.NFO,10/10/2024,09:51:32,52232.3,52231.2,45,52247.5,60,0,117645
BANKNIFTY-III.NFO,10/10/2024,09:51:33,52232.3,52232.3,30,52247.5,45,0,117645
BANKNIFTY-III.NFO,10/10/2024,09:51:35,52232.3,52230.35,45,52247.5,60,0,117645
BANKNIFTY-III.NFO,10/10/2024,09:51:37,52232.3,52228.7,45,52247.3,45,0,117645
BANKNIFTY-III.NFO,10/10/2024,09:51:38,52232.3,52226.55,45,52244.4,60,0,117645
BANKNIFTY-III.NFO,10/10/2024,09:51:40,52232.3,52227.85,45,52246.15,60,0,117645
BANKNIFTY-III.NFO,10/10/2024,09:51:42,52232.3,52227.85,30,52245.4,45,0,117645
BANKNIFTY-III.NFO,10/10/2024,09:51:43,52232.3,52228.75,45,52246.15,60,0,117645
BANKNIFTY-III.NFO,10/10/2024,09:51:45,52232.3,52229.75,45,52246.15,45,0,117645
BANKNIFTY-III.NFO,10/10/2024,09:51:47,52232.3,52233.1,60,52249.85,60,0,117645
BANKNIFTY-III.NFO,10/10/2024,09:51:48,52232.3,52230.2,105,52248.45,75,0,117645
BANKNIFTY-III.NFO,10/10/2024,09:51:50,52232.3,52231.25,45,52248.35,60,0,117645
BANKNIFTY-III.NFO,10/10/2024,09:51:51,52232.3,52231.95,45,52248.35,60,0,117645
BANKNIFTY-III.NFO,10/10/2024,09:51:53,52232.3,52226.95,45,52246.3,75,0,117645
BANKNIFTY-III.NFO,10/10/2024,09:51:55,52232.3,52226.15,45,52245.3,45,0,117645
BANKNIFTY-III.NFO,10/10/2024,09:51:56,52232.3,52225,30,52243.05,45,0,117645
BANKNIFTY-III.NFO,10/10/2024,09:51:58,52232.3,52222.55,45,52240.65,45,0,117645
BANKNIFTY-III.NFO,10/10/2024,09:52:00,52232.3,52222.15,75,52240.05,60,0,117645
BANKNIFTY-III.NFO,10/10/2024,09:52:01,52232.3,52222.8,75,52240.05,60,0,117645
BANKNIFTY-III.NFO,10/10/2024,09:52:03,52232.3,52222.15,30,52240.05,60,0,117645
BANKNIFTY-III.NFO,10/10/2024,09:52:05,52240.05,52222.3,45,52240.05,45,15,117540
BANKNIFTY-III.NFO,10/10/2024,09:52:06,52240.05,52222.3,30,52240.05,45,0,117540
BANKNIFTY-III.NFO,10/10/2024,09:52:08,52240.05,52219.45,15,52235.5,45,0,117540
BANKNIFTY-III.NFO,10/10/2024,09:52:10,52240.05,52219.45,15,52230.65,45,0,117540
BANKNIFTY-III.NFO,10/10/2024,09:52:11,52240.05,52219.45,15,52233.7,45,0,117540
BANKNIFTY-III.NFO,10/10/2024,09:52:13,52240.05,52219.45,15,52233,30,0,117540
BANKNIFTY-III.NFO,10/10/2024,09:52:15,52240.05,52219.45,15,52231.6,60,0,117540
BANKNIFTY-III.NFO,10/10/2024,09:52:16,52240.05,52219.45,15,52231.6,30,0,117540
BANKNIFTY-III.NFO,10/10/2024,09:52:18,52240.05,52219.45,15,52234.6,45,0,117540
BANKNIFTY-III.NFO,10/10/2024,09:52:20,52240.05,52219.45,15,52232.05,45,0,117540
BANKNIFTY-III.NFO,10/10/2024,09:52:21,52240.05,52219.45,15,52231,60,0,117540
BANKNIFTY-III.NFO,10/10/2024,09:52:23,52240.05,52219.45,15,52230.8,45,0,117540
BANKNIFTY-III.NFO,10/10/2024,09:52:24,52240.05,52219.45,15,52230.5,45,0,117540
BANKNIFTY-III.NFO,10/10/2024,09:52:26,52240.05,52219.45,15,52230.4,45,0,117540
BANKNIFTY-III.NFO,10/10/2024,09:52:28,52240.05,52219.45,15,52232.9,30,0,117540
BANKNIFTY-III.NFO,10/10/2024,09:52:34,52219.45,52212.3,75,52230.15,30,15,117540
BANKNIFTY-III.NFO,10/10/2024,09:52:36,52219.45,52213.4,60,52231,30,0,117540
BANKNIFTY-III.NFO,10/10/2024,09:52:37,52219.45,52214.2,75,52232.6,30,0,117540
BANKNIFTY-III.NFO,10/10/2024,09:52:39,52219.45,52214.2,60,52232,30,0,117540
BANKNIFTY-III.NFO,10/10/2024,09:52:41,52219.45,52214.15,90,52229.95,45,0,117540
BANKNIFTY-III.NFO,10/10/2024,09:52:44,52219.45,52215.1,75,52229.95,30,0,117540
BANKNIFTY-III.NFO,10/10/2024,09:52:45,52219.45,52212.35,75,52229.95,45,0,117540
BANKNIFTY-III.NFO,10/10/2024,09:52:47,52219.45,52216,30,52229.95,30,0,117540
BANKNIFTY-III.NFO,10/10/2024,09:52:49,52219.45,52218.75,60,52230,15,0,117540
BANKNIFTY-III.NFO,10/10/2024,09:52:50,52219.45,52216.25,60,52230,15,0,117540
BANKNIFTY-III.NFO,10/10/2024,09:52:52,52219.45,52214.85,60,52229.95,45,0,117540
BANKNIFTY-III.NFO,10/10/2024,09:52:54,52219.45,52211,15,52227.3,30,0,117540
BANKNIFTY-III.NFO,10/10/2024,09:52:55,52219.45,52211,15,52220.7,30,0,117540
BANKNIFTY-III.NFO,10/10/2024,09:52:57,52219.45,52211,15,52219.7,45,0,117540
BANKNIFTY-III.NFO,10/10/2024,09:52:59,52211,52192.45,75,52209.9,45,15,117540
BANKNIFTY-III.NFO,10/10/2024,09:53:00,52211,52195.95,60,52216.4,30,0,117540
BANKNIFTY-III.NFO,10/10/2024,09:53:02,52211,52200.6,60,52218.9,45,0,117540
BANKNIFTY-III.NFO,10/10/2024,09:53:04,52211,52197.65,75,52215.4,45,0,117540
BANKNIFTY-III.NFO,10/10/2024,09:53:05,52211,52199.1,75,52216.9,45,0,117540
BANKNIFTY-III.NFO,10/10/2024,09:53:07,52211,52197.65,75,52214.6,45,0,117540
BANKNIFTY-III.NFO,10/10/2024,09:53:08,52211,52199.3,75,52216.7,30,0,117540
BANKNIFTY-III.NFO,10/10/2024,09:53:10,52211,52202.25,75,52220.55,45,0,117540
BANKNIFTY-III.NFO,10/10/2024,09:53:12,52211,52201.35,75,52218.65,45,0,117540
BANKNIFTY-III.NFO,10/10/2024,09:53:13,52211,52199.8,75,52217.45,45,0,117540
BANKNIFTY-III.NFO,10/10/2024,09:53:15,52211,52199.85,60,52219.4,45,0,117540
BANKNIFTY-III.NFO,10/10/2024,09:53:17,52211,52202.65,60,52219.35,30,0,117540
BANKNIFTY-III.NFO,10/10/2024,09:53:18,52211,52204.45,75,52224.3,30,0,117540
BANKNIFTY-III.NFO,10/10/2024,09:53:20,52211,52203.25,75,52221.1,75,0,117540
BANKNIFTY-III.NFO,10/10/2024,09:53:21,52211,52204.05,75,52224.3,30,0,117540
BANKNIFTY-III.NFO,10/10/2024,09:53:23,52211,52205.7,105,52222.8,45,0,117540
BANKNIFTY-III.NFO,10/10/2024,09:53:25,52211,52204.35,60,52222.3,45,0,117540
BANKNIFTY-III.NFO,10/10/2024,09:53:26,52211,52203.25,75,52221.6,30,0,117540
BANKNIFTY-III.NFO,10/10/2024,09:53:28,52211,52201.3,15,52218.9,45,0,117540
BANKNIFTY-III.NFO,10/10/2024,09:53:30,52211,52200,150,52214.35,30,0,117540
BANKNIFTY-III.NFO,10/10/2024,09:53:31,52211,52200.05,75,52217.8,45,0,117540
BANKNIFTY-III.NFO,10/10/2024,09:53:33,52211,52200.05,60,52211,75,0,117540
BANKNIFTY-III.NFO,10/10/2024,09:53:36,52211,52200.05,60,52211,60,15,117540
BANKNIFTY-III.NFO,10/10/2024,09:53:38,52200.05,52200.05,60,52211,60,15,117540
