Ticker,Date,Time,LTP,BuyPrice,BuyQty,SellPrice,SellQty,LTQ,OpenInterest
BANKNIFTY-I.NFO,24/04/2025,09:15:00,55244,55230,150,55234.8,90,1560,1230660
BANKNIFTY-I.NFO,24/04/2025,09:15:00,55244,55230,150,55234.8,90,0,1230660
BANKNIFTY-I.NFO,24/04/2025,09:15:00,55335.8,55230,150,55234.8,90,0,1230660
BANKNIFTY-I.NFO,24/04/2025,09:15:00,55220,55230,150,55234.8,90,0,1230660
BANKNIFTY-I.NFO,24/04/2025,09:15:01,55245.8,55230.2,30,55245.8,90,270,1230660
BANKNIFTY-I.NFO,24/04/2025,09:15:02,55244.6,55238.2,30,55249.6,120,30,1230660
BANKNIFTY-I.NFO,24/04/2025,09:15:03,55245.8,55237.8,120,55263.8,120,300,1230660
BANKNIFTY-I.NFO,24/04/2025,09:15:04,55238.8,55247.8,90,55271.8,120,180,1230660
BANKNIFTY-I.NFO,24/04/2025,09:15:05,55278.8,55236.6,30,55259.6,120,90,1230660
BANKNIFTY-I.NFO,24/04/2025,09:15:05,55258.8,55237.2,120,55255,120,30,1230660
BANKNIFTY-I.NFO,24/04/2025,09:15:06,55245.4,55247.4,60,55269.4,120,120,1230660
BANKNIFTY-I.NFO,24/04/2025,09:15:08,55245.6,55260,60,55269.6,30,150,1230660
BANKNIFTY-I.NFO,24/04/2025,09:15:09,55260,55260,30,55273.2,120,90,1230660
BANKNIFTY-I.NFO,24/04/2025,09:15:10,55269,55260,30,55269.2,150,300,1230660
BANKNIFTY-I.NFO,24/04/2025,09:15:11,55260,55249.4,120,55269.8,120,30,1230660
BANKNIFTY-I.NFO,24/04/2025,09:15:12,55249.8,55244.2,120,55265.8,120,30,1230660
BANKNIFTY-I.NFO,24/04/2025,09:15:13,55270.8,55248.4,90,55268,120,90,1230660
BANKNIFTY-I.NFO,24/04/2025,09:15:14,55270.8,55244,360,55258.8,90,0,1230660
BANKNIFTY-I.NFO,24/04/2025,09:15:15,55254,55244,300,55253.2,90,120,1230660
BANKNIFTY-I.NFO,24/04/2025,09:15:16,55244,55228,90,55246.4,120,330,1230660
BANKNIFTY-I.NFO,24/04/2025,09:15:17,55228.4,55233.2,30,55246.4,90,720,1230660
BANKNIFTY-I.NFO,24/04/2025,09:15:18,55231.6,55231.6,90,55248.6,120,720,1230660
BANKNIFTY-I.NFO,24/04/2025,09:15:19,55226.6,55227.2,120,55247.4,60,810,1230660
BANKNIFTY-I.NFO,24/04/2025,09:15:20,55220.4,55218.8,150,55237.4,30,300,1230660
BANKNIFTY-I.NFO,24/04/2025,09:15:21,55229,55225.6,120,55243.2,120,90,1230660
BANKNIFTY-I.NFO,24/04/2025,09:15:23,55243.2,55227.6,30,55241,180,90,1230660
BANKNIFTY-I.NFO,24/04/2025,09:15:24,55243.2,55226,120,55244.6,120,0,1230660
BANKNIFTY-I.NFO,24/04/2025,09:15:25,55222,55222,90,55241,30,60,1230660
BANKNIFTY-I.NFO,24/04/2025,09:15:26,55227.2,55225.4,120,55242.6,120,150,1230660
BANKNIFTY-I.NFO,24/04/2025,09:15:27,55224,55223,150,55241.4,210,960,1230660
BANKNIFTY-I.NFO,24/04/2025,09:15:28,55223,55224.2,30,55240.4,120,120,1230660
BANKNIFTY-I.NFO,24/04/2025,09:15:29,55224.2,55222,120,55224.2,30,600,1230660
BANKNIFTY-I.NFO,24/04/2025,09:15:30,55222.8,55219.6,90,55236.8,120,150,1230660
BANKNIFTY-I.NFO,24/04/2025,09:15:31,55237.4,55224.2,30,55235.4,120,120,1230660
BANKNIFTY-I.NFO,24/04/2025,09:15:33,55218.4,55218.2,90,55234.8,150,150,1230660
BANKNIFTY-I.NFO,24/04/2025,09:15:33,55218.4,55218.2,90,55234.8,150,0,1230660
BANKNIFTY-I.NFO,24/04/2025,09:15:34,55218.2,55222.6,150,55239.4,120,300,1230660
BANKNIFTY-I.NFO,24/04/2025,09:15:34,55218.2,55222.6,150,55239.4,120,0,1230660
BANKNIFTY-I.NFO,24/04/2025,09:15:35,55218.2,55226.4,30,55234,30,0,1230660
BANKNIFTY-I.NFO,24/04/2025,09:15:36,55226,55227.8,90,55234,30,30,1230660
BANKNIFTY-I.NFO,24/04/2025,09:15:37,55228.6,55228.4,60,55243.8,120,60,1230660
BANKNIFTY-I.NFO,24/04/2025,09:15:38,55239.8,55226,30,55239.8,120,180,1230660
BANKNIFTY-I.NFO,24/04/2025,09:15:39,55240,55240,870,55244,30,150,1230660
BANKNIFTY-I.NFO,24/04/2025,09:15:41,55240.6,55222.8,150,55238,270,930,1230660
BANKNIFTY-I.NFO,24/04/2025,09:15:42,55223.6,55225.2,60,55241.6,120,540,1230660
BANKNIFTY-I.NFO,24/04/2025,09:15:43,55225.2,55225.2,120,55241,120,90,1230660
BANKNIFTY-I.NFO,24/04/2025,09:15:44,55225.8,55224.6,60,55241,120,30,1230660
BANKNIFTY-I.NFO,24/04/2025,09:15:45,55225,55222.8,30,55237,180,30,1230660
BANKNIFTY-I.NFO,24/04/2025,09:15:46,55232.6,55215.4,30,55232,120,420,1230660
BANKNIFTY-I.NFO,24/04/2025,09:15:48,55230,55211.2,30,55225.4,150,240,1230660
BANKNIFTY-I.NFO,24/04/2025,09:15:48,55216.2,55211.2,30,55225.4,150,0,1230660
BANKNIFTY-I.NFO,24/04/2025,09:15:49,55225.4,55215,30,55225.4,30,150,1230660
BANKNIFTY-I.NFO,24/04/2025,09:15:50,55225.4,55219.4,150,55220,1170,60,1230660
BANKNIFTY-I.NFO,24/04/2025,09:15:50,55215,55219.4,150,55220,1170,0,1230660
BANKNIFTY-I.NFO,24/04/2025,09:15:51,55220,55222.4,60,55239.6,120,1530,1230660
BANKNIFTY-I.NFO,24/04/2025,09:15:52,55225,55219,60,55237.6,180,30,1230660
BANKNIFTY-I.NFO,24/04/2025,09:15:53,55239.8,55221.8,120,55238.6,120,180,1230660
BANKNIFTY-I.NFO,24/04/2025,09:15:55,55221.8,55220.2,60,55238.8,120,240,1230300
BANKNIFTY-I.NFO,24/04/2025,09:15:56,55237,55226,30,55237.8,120,390,1230300
BANKNIFTY-I.NFO,24/04/2025,09:15:57,55218.8,55220.4,30,55236,90,90,1230300
BANKNIFTY-I.NFO,24/04/2025,09:15:58,55238.4,55218.6,30,55234.8,120,60,1230300
BANKNIFTY-I.NFO,24/04/2025,09:15:59,55238.4,55220,30,55231.4,30,0,1230300
BANKNIFTY-I.NFO,24/04/2025,09:16:01,55229.4,55221.8,30,55235,30,30,1230300
BANKNIFTY-I.NFO,24/04/2025,09:16:02,55232.6,55232.6,120,55237,120,270,1230300
BANKNIFTY-I.NFO,24/04/2025,09:16:03,55232.6,55233.2,60,55237,120,0,1230300
BANKNIFTY-I.NFO,24/04/2025,09:16:04,55237.8,55237.8,90,55250.6,30,210,1230300
BANKNIFTY-I.NFO,24/04/2025,09:16:05,55260,55249,120,55264.8,120,420,1230300
BANKNIFTY-I.NFO,24/04/2025,09:16:07,55251.8,55253.4,120,55270,60,240,1230300
BANKNIFTY-I.NFO,24/04/2025,09:16:08,55264.2,55265.6,30,55270,60,90,1230300
BANKNIFTY-I.NFO,24/04/2025,09:16:09,55270,55265.4,120,55275,30,210,1230300
BANKNIFTY-I.NFO,24/04/2025,09:16:10,55279.6,55270,540,55281,300,510,1230300
BANKNIFTY-I.NFO,24/04/2025,09:16:11,55270,55270,480,55270.4,60,570,1230300
BANKNIFTY-I.NFO,24/04/2025,09:16:13,55264.8,55264.2,60,55271.2,30,510,1230300
BANKNIFTY-I.NFO,24/04/2025,09:16:14,55270,55264.2,60,55270.2,90,30,1230300
BANKNIFTY-I.NFO,24/04/2025,09:16:15,55269,55264.4,90,55272.2,90,420,1230300
BANKNIFTY-I.NFO,24/04/2025,09:16:16,55264.4,55264.2,60,55276.8,90,60,1230300
BANKNIFTY-I.NFO,24/04/2025,09:16:17,55280.8,55264.2,60,55280,120,30,1230300
BANKNIFTY-I.NFO,24/04/2025,09:16:19,55276.4,55276.4,240,55282,30,60,1230300
BANKNIFTY-I.NFO,24/04/2025,09:16:20,55285.4,55276.4,240,55288.6,90,210,1230300
BANKNIFTY-I.NFO,24/04/2025,09:16:21,55279.8,55281,120,55292.8,30,390,1230300
BANKNIFTY-I.NFO,24/04/2025,09:16:22,55283.8,55286,120,55299.8,90,180,1230300
BANKNIFTY-I.NFO,24/04/2025,09:16:24,55300,55296.8,120,55309.8,30,30,1230300
BANKNIFTY-I.NFO,24/04/2025,09:16:25,55287.8,55286.8,120,55300.6,30,180,1230300
BANKNIFTY-I.NFO,24/04/2025,09:16:26,55307.4,55307.4,180,55308.6,30,300,1230300
BANKNIFTY-I.NFO,24/04/2025,09:16:27,55298.8,55309.8,30,55310,30,270,1230300
BANKNIFTY-I.NFO,24/04/2025,09:16:28,55298.8,55309.8,30,55310,30,0,1230300
BANKNIFTY-I.NFO,24/04/2025,09:16:30,55309.8,55308.6,510,55310,30,30,1230300
BANKNIFTY-I.NFO,24/04/2025,09:16:31,55308.6,55290,30,55307.2,150,630,1230300
BANKNIFTY-I.NFO,24/04/2025,09:16:32,55301.4,55289.6,30,55302.4,180,360,1230300
BANKNIFTY-I.NFO,24/04/2025,09:16:33,55306.6,55290,120,55306.8,90,510,1230300
BANKNIFTY-I.NFO,24/04/2025,09:16:35,55297.2,55297.8,120,55309.8,60,120,1230300
BANKNIFTY-I.NFO,24/04/2025,09:16:36,55297.2,55301.6,120,55309.8,60,0,1230300
BANKNIFTY-I.NFO,24/04/2025,09:16:37,55320,55320,60,55324.8,120,150,1230300
BANKNIFTY-I.NFO,24/04/2025,09:16:38,55302.2,55309.8,30,55320.2,120,180,1230300
BANKNIFTY-I.NFO,24/04/2025,09:16:39,55302.2,55310,150,55320.8,30,0,1230300
BANKNIFTY-I.NFO,24/04/2025,09:16:41,55308.4,55306.8,120,55323.2,30,300,1230300
BANKNIFTY-I.NFO,24/04/2025,09:16:42,55308.4,55302.4,60,55318.8,120,0,1230300
BANKNIFTY-I.NFO,24/04/2025,09:16:43,55308.4,55308.2,120,55325.6,30,0,1230300
BANKNIFTY-I.NFO,24/04/2025,09:16:44,55312.6,55318.8,30,55330,30,30,1230300
BANKNIFTY-I.NFO,24/04/2025,09:16:45,55334.6,55320.6,30,55335.6,180,60,1230300
BANKNIFTY-I.NFO,24/04/2025,09:16:47,55334.6,55315.4,90,55332.4,60,0,1230300
BANKNIFTY-I.NFO,24/04/2025,09:16:48,55315.4,55313.6,30,55328.8,120,690,1230300
BANKNIFTY-I.NFO,24/04/2025,09:16:49,55308.4,55315.8,30,55331.2,60,120,1230300
BANKNIFTY-I.NFO,24/04/2025,09:16:50,55327.8,55312.6,30,55329.2,120,150,1230300
BANKNIFTY-I.NFO,24/04/2025,09:16:51,55329.4,55320,30,55327.8,120,210,1230300
BANKNIFTY-I.NFO,24/04/2025,09:16:53,55310.6,55310,30,55313,360,60,1230300
BANKNIFTY-I.NFO,24/04/2025,09:16:54,55310.6,55310,30,55313,360,0,1230300
BANKNIFTY-I.NFO,24/04/2025,09:16:55,55313,55308,30,55313,330,120,1230300
BANKNIFTY-I.NFO,24/04/2025,09:16:56,55313,55308.2,150,55313,300,270,1230300
BANKNIFTY-I.NFO,24/04/2025,09:16:58,55308.6,55311,30,55313,300,210,1230300
BANKNIFTY-I.NFO,24/04/2025,09:16:59,55313,55316.8,30,55329,30,330,1230300
BANKNIFTY-I.NFO,24/04/2025,09:17:00,55316.8,55315.4,30,55329,30,60,1230300
BANKNIFTY-I.NFO,24/04/2025,09:17:01,55329,55329,270,55329.4,60,30,1230300
BANKNIFTY-I.NFO,24/04/2025,09:17:02,55329,55329,240,55340.6,120,300,1230300
BANKNIFTY-I.NFO,24/04/2025,09:17:02,55341.2,55329,240,55340.6,120,0,1230300
BANKNIFTY-I.NFO,24/04/2025,09:17:04,55329,55329,90,55335.8,120,150,1230300
BANKNIFTY-I.NFO,24/04/2025,09:17:05,55334,55314.6,30,55327.4,120,480,1230300
BANKNIFTY-I.NFO,24/04/2025,09:17:06,55314.6,55308.4,300,55325,120,30,1230300
BANKNIFTY-I.NFO,24/04/2025,09:17:07,55308.4,55308.4,270,55310,600,90,1230300
BANKNIFTY-I.NFO,24/04/2025,09:17:08,55310,55312.6,30,55329.8,120,630,1230300
BANKNIFTY-I.NFO,24/04/2025,09:17:10,55330.2,55309,120,55327,120,1230,1230300
BANKNIFTY-I.NFO,24/04/2025,09:17:11,55330.2,55313.8,180,55329.6,60,0,1230300
BANKNIFTY-I.NFO,24/04/2025,09:17:12,55314.6,55315,180,55331.4,30,540,1230300
BANKNIFTY-I.NFO,24/04/2025,09:17:13,55314.6,55317.8,150,55332.4,30,0,1230300
BANKNIFTY-I.NFO,24/04/2025,09:17:14,55314.6,55333.2,30,55333.8,30,0,1230300
BANKNIFTY-I.NFO,24/04/2025,09:17:15,55333.8,55317.2,30,55331.2,120,60,1230300
BANKNIFTY-I.NFO,24/04/2025,09:17:17,55317.2,55317.2,30,55326.2,120,30,1230300
BANKNIFTY-I.NFO,24/04/2025,09:17:18,55317.2,55310,60,55317.2,30,30,1230300
BANKNIFTY-I.NFO,24/04/2025,09:17:19,55310,55308.4,240,55323.6,120,90,1230300
BANKNIFTY-I.NFO,24/04/2025,09:17:20,55310,55309.6,120,55325.4,120,0,1230300
BANKNIFTY-I.NFO,24/04/2025,09:17:21,55308.4,55308.4,240,55323.8,30,60,1230300
BANKNIFTY-I.NFO,24/04/2025,09:17:23,55308.4,55308.4,210,55320.8,60,0,1230300
BANKNIFTY-I.NFO,24/04/2025,09:17:24,55308.4,55310,30,55320,30,30,1230300
BANKNIFTY-I.NFO,24/04/2025,09:17:25,55308.4,55310.4,30,55320,30,0,1230300
BANKNIFTY-I.NFO,24/04/2025,09:17:26,55310,55308.4,210,55317.8,150,150,1230300
BANKNIFTY-I.NFO,24/04/2025,09:17:28,55310,55308.4,210,55310,30,0,1230300
BANKNIFTY-I.NFO,24/04/2025,09:17:30,55310,55308.4,210,55318.2,120,30,1230300
BANKNIFTY-I.NFO,24/04/2025,09:17:31,55310,55308.4,210,55318.2,30,0,1230300
BANKNIFTY-I.NFO,24/04/2025,09:17:32,55310,55308.4,210,55317.8,60,0,1230300
BANKNIFTY-I.NFO,24/04/2025,09:17:33,55310,55308.4,210,55320.2,60,0,1230300
BANKNIFTY-I.NFO,24/04/2025,09:17:35,55310,55309.6,30,55325.8,120,0,1230300
BANKNIFTY-I.NFO,24/04/2025,09:17:36,55310,55315,30,55325.4,30,0,1230300
BANKNIFTY-I.NFO,24/04/2025,09:17:37,55315,55315,30,55319,30,30,1230300
BANKNIFTY-I.NFO,24/04/2025,09:17:38,55315,55315,30,55319,30,0,1230300
BANKNIFTY-I.NFO,24/04/2025,09:17:42,55319,55310,240,55323.4,120,30,1230300
BANKNIFTY-I.NFO,24/04/2025,09:17:43,55319,55315,30,55324.6,30,0,1230300
BANKNIFTY-I.NFO,24/04/2025,09:17:44,55319,55316.2,150,55329,30,0,1230300
BANKNIFTY-I.NFO,24/04/2025,09:17:45,55319,55315,30,55328,120,0,1230300
BANKNIFTY-I.NFO,24/04/2025,09:17:47,55330,55320,30,55332.6,30,90,1230300
BANKNIFTY-I.NFO,24/04/2025,09:17:48,55330,55320,60,55333,30,0,1230300
BANKNIFTY-I.NFO,24/04/2025,09:17:49,55332.2,55320,30,55331.6,90,630,1230300
BANKNIFTY-I.NFO,24/04/2025,09:17:50,55316.6,55317.4,120,55330,30,60,1230300
BANKNIFTY-I.NFO,24/04/2025,09:17:51,55319.2,55319.2,270,55333,30,90,1230300
BANKNIFTY-I.NFO,24/04/2025,09:17:53,55322.8,55322.4,120,55333,30,60,1230300
BANKNIFTY-I.NFO,24/04/2025,09:17:54,55333,55324.2,330,55334,90,30,1230300
BANKNIFTY-I.NFO,24/04/2025,09:17:55,55323.2,55320,90,55324.2,30,60,1230300
BANKNIFTY-I.NFO,24/04/2025,09:17:56,55320,55320,60,55327,90,30,1230300
BANKNIFTY-I.NFO,24/04/2025,09:17:58,55320,55320,60,55322.4,30,0,1230300
BANKNIFTY-I.NFO,24/04/2025,09:17:59,55320,55320,30,55323,30,30,1230300
BANKNIFTY-I.NFO,24/04/2025,09:18:00,55320,55315,120,55323.2,180,30,1230300
BANKNIFTY-I.NFO,24/04/2025,09:18:01,55310,55310,60,55317,60,480,1230300
BANKNIFTY-I.NFO,24/04/2025,09:18:02,55310,55310,30,55317,60,30,1230300
BANKNIFTY-I.NFO,24/04/2025,09:18:04,55317,55310,30,55320,150,60,1230300
BANKNIFTY-I.NFO,24/04/2025,09:18:05,55310,55308.4,210,55317.6,60,30,1230300
BANKNIFTY-I.NFO,24/04/2025,09:18:06,55310,55310,30,55320,60,0,1230300
BANKNIFTY-I.NFO,24/04/2025,09:18:07,55320,55310,60,55324.6,60,60,1230300
BANKNIFTY-I.NFO,24/04/2025,09:18:08,55320,55314.4,150,55325,30,0,1230300
BANKNIFTY-I.NFO,24/04/2025,09:18:10,55330,55317.2,60,55330,480,60,1230300
BANKNIFTY-I.NFO,24/04/2025,09:18:11,55317.2,55315.6,150,55329,60,30,1230300
BANKNIFTY-I.NFO,24/04/2025,09:18:12,55320,55317.2,30,55329,60,60,1230300
BANKNIFTY-I.NFO,24/04/2025,09:18:13,55320,55321.2,30,55329,60,0,1230300
BANKNIFTY-I.NFO,24/04/2025,09:18:14,55330,55323,30,55330,90,510,1230300
BANKNIFTY-I.NFO,24/04/2025,09:18:16,55330,55329.2,150,55333.4,30,90,1230300
BANKNIFTY-I.NFO,24/04/2025,09:18:17,55330,55331.4,150,55333.4,30,0,1230300
BANKNIFTY-I.NFO,24/04/2025,09:18:18,55334,55336.4,150,55339,150,90,1230300
BANKNIFTY-I.NFO,24/04/2025,09:18:19,55342.6,55340.8,30,55350,300,420,1230300
BANKNIFTY-I.NFO,24/04/2025,09:18:19,55349,55340.8,30,55350,300,0,1230300
BANKNIFTY-I.NFO,24/04/2025,09:18:20,55339.2,55333.6,30,55349.8,120,180,1230300
BANKNIFTY-I.NFO,24/04/2025,09:18:22,55337,55334.2,120,55349,30,60,1230300
BANKNIFTY-I.NFO,24/04/2025,09:18:23,55337,55334.6,120,55349.8,30,0,1230300
BANKNIFTY-I.NFO,24/04/2025,09:18:24,55335.6,55337,30,55349.8,30,30,1230300
BANKNIFTY-I.NFO,24/04/2025,09:18:25,55337,55335.2,30,55349.8,30,30,1230300
BANKNIFTY-I.NFO,24/04/2025,09:18:26,55337,55341.6,30,55349.8,30,0,1230300
BANKNIFTY-I.NFO,24/04/2025,09:18:28,55350,55335.8,30,55350,180,930,1230300
BANKNIFTY-I.NFO,24/04/2025,09:18:28,55350,55335.8,30,55350,180,0,1230300
BANKNIFTY-I.NFO,24/04/2025,09:18:29,55350,55335,60,55345,60,0,1230300
BANKNIFTY-I.NFO,24/04/2025,09:18:30,55350,55335,60,55342,120,0,1230300
BANKNIFTY-I.NFO,24/04/2025,09:18:31,55340,55335,60,55345,180,30,1230300
BANKNIFTY-I.NFO,24/04/2025,09:18:32,55331.4,55330,30,55345,60,60,1230300
BANKNIFTY-I.NFO,24/04/2025,09:18:34,55338,55328.6,30,55344.8,120,360,1230300
BANKNIFTY-I.NFO,24/04/2025,09:18:35,55338,55324.4,120,55340.6,120,0,1230300
BANKNIFTY-I.NFO,24/04/2025,09:18:36,55338,55325.8,150,55341,150,0,1230300
BANKNIFTY-I.NFO,24/04/2025,09:18:37,55338,55327.2,30,55343,120,0,1230300
BANKNIFTY-I.NFO,24/04/2025,09:18:38,55325.2,55323.8,30,55339.6,150,30,1230300
BANKNIFTY-I.NFO,24/04/2025,09:18:40,55325.2,55322.4,30,55337.4,120,180,1230300
BANKNIFTY-I.NFO,24/04/2025,09:18:41,55325.2,55322.4,30,55332.6,30,0,1230300
BANKNIFTY-I.NFO,24/04/2025,09:18:42,55325.2,55330,30,55340.6,30,0,1230300
BANKNIFTY-I.NFO,24/04/2025,09:18:43,55325.2,55330,90,55341,30,0,1230300
BANKNIFTY-I.NFO,24/04/2025,09:18:44,55325.2,55330,90,55335,30,0,1230300
BANKNIFTY-I.NFO,24/04/2025,09:18:47,55325.2,55330.4,30,55335,30,0,1230300
BANKNIFTY-I.NFO,24/04/2025,09:18:48,55335,55334.4,30,55344.8,30,30,1230300
BANKNIFTY-I.NFO,24/04/2025,09:18:49,55336.2,55335,30,55344.8,30,60,1230300
BANKNIFTY-I.NFO,24/04/2025,09:18:50,55341,55340.2,30,55344.8,60,60,1230300
BANKNIFTY-I.NFO,24/04/2025,09:18:51,55345,55342.6,60,55348,30,90,1230300
BANKNIFTY-I.NFO,24/04/2025,09:18:53,55345,55340.6,30,55350,420,0,1230300
BANKNIFTY-I.NFO,24/04/2025,09:18:54,55345,55340.6,30,55342.2,30,0,1230300
BANKNIFTY-I.NFO,24/04/2025,09:18:55,55342.2,55340,120,55350,420,90,1226790
BANKNIFTY-I.NFO,24/04/2025,09:18:56,55350,55343,30,55350,390,30,1226790
BANKNIFTY-I.NFO,24/04/2025,09:18:57,55350,55345.2,30,55350,240,150,1226790
BANKNIFTY-I.NFO,24/04/2025,09:18:59,55350,55345.4,120,55350,150,90,1226790
BANKNIFTY-I.NFO,24/04/2025,09:19:00,55345,55345,60,55351,60,330,1226790
BANKNIFTY-I.NFO,24/04/2025,09:19:01,55345,55345,60,55351,60,0,1226790
BANKNIFTY-I.NFO,24/04/2025,09:19:02,55345,55347.6,30,55351,60,0,1226790
BANKNIFTY-I.NFO,24/04/2025,09:19:03,55360,55356.2,30,55360,90,180,1226790
BANKNIFTY-I.NFO,24/04/2025,09:19:03,55360,55356.2,30,55360,90,0,1226790
BANKNIFTY-I.NFO,24/04/2025,09:19:05,55360,55356.2,30,55360,90,0,1226790
BANKNIFTY-I.NFO,24/04/2025,09:19:06,55360,55359.6,30,55369,30,90,1226790
BANKNIFTY-I.NFO,24/04/2025,09:19:07,55360,55361.6,30,55369,30,0,1226790
BANKNIFTY-I.NFO,24/04/2025,09:19:08,55360,55359.8,60,55363.8,240,0,1226790
BANKNIFTY-I.NFO,24/04/2025,09:19:09,55364.2,55359.8,60,55361.2,270,270,1226790
BANKNIFTY-I.NFO,24/04/2025,09:19:09,55364.2,55359.8,60,55361.2,270,0,1226790
BANKNIFTY-I.NFO,24/04/2025,09:19:11,55359.8,55355.2,60,55359.4,120,60,1226790
BANKNIFTY-I.NFO,24/04/2025,09:19:12,55355.2,55355.2,30,55357.2,30,30,1226790
BANKNIFTY-I.NFO,24/04/2025,09:19:13,55355.2,55350,30,55356.2,60,30,1226790
BANKNIFTY-I.NFO,24/04/2025,09:19:14,55355.2,55350,30,55356.6,30,0,1226790
BANKNIFTY-I.NFO,24/04/2025,09:19:15,55355.2,55350.2,30,55359.4,30,0,1226790
BANKNIFTY-I.NFO,24/04/2025,09:19:17,55355.2,55350.2,30,55359.6,30,0,1226790
BANKNIFTY-I.NFO,24/04/2025,09:19:18,55355,55352.2,30,55355,30,30,1226790
BANKNIFTY-I.NFO,24/04/2025,09:19:19,55355,55350.2,30,55355,30,0,1226790
BANKNIFTY-I.NFO,24/04/2025,09:19:20,55355,55353.4,30,55355,30,0,1226790
BANKNIFTY-I.NFO,24/04/2025,09:19:22,55355,55355,30,55359.8,90,300,1226790
BANKNIFTY-I.NFO,24/04/2025,09:19:24,55359.8,55354.8,180,55359.8,60,90,1226790
BANKNIFTY-I.NFO,24/04/2025,09:19:25,55359.8,55358.8,60,55362,30,0,1226790
BANKNIFTY-I.NFO,24/04/2025,09:19:26,55359.8,55360.2,60,55362,30,0,1226790
BANKNIFTY-I.NFO,24/04/2025,09:19:27,55369,55369,30,55370,30,180,1226790
BANKNIFTY-I.NFO,24/04/2025,09:19:27,55369,55369,30,55370,30,0,1226790
BANKNIFTY-I.NFO,24/04/2025,09:19:28,55370,55370.2,30,55375,330,210,1226790
BANKNIFTY-I.NFO,24/04/2025,09:19:28,55370,55370.2,30,55375,330,0,1226790
BANKNIFTY-I.NFO,24/04/2025,09:19:29,55369.4,55367.8,30,55375,330,90,1226790
BANKNIFTY-I.NFO,24/04/2025,09:19:29,55370.2,55367.8,30,55375,330,0,1226790
BANKNIFTY-I.NFO,24/04/2025,09:19:31,55364.6,55365.2,60,55375,300,60,1226790
BANKNIFTY-I.NFO,24/04/2025,09:19:31,55375,55365.2,60,55375,300,0,1226790
BANKNIFTY-I.NFO,24/04/2025,09:19:32,55364.6,55368.2,60,55375,300,0,1226790
BANKNIFTY-I.NFO,24/04/2025,09:19:33,55374,55370.8,30,55375,300,150,1226790
BANKNIFTY-I.NFO,24/04/2025,09:19:34,55369.4,55369.4,180,55373,60,150,1226790
BANKNIFTY-I.NFO,24/04/2025,09:19:35,55375,55369.2,90,55375,180,120,1226790
BANKNIFTY-I.NFO,24/04/2025,09:19:37,55375,55370.8,30,55375,180,0,1226790
BANKNIFTY-I.NFO,24/04/2025,09:19:38,55375,55371.2,30,55375,60,120,1226790
BANKNIFTY-I.NFO,24/04/2025,09:19:39,55371.6,55374.8,30,55380,60,90,1226790
BANKNIFTY-I.NFO,24/04/2025,09:19:40,55374.6,55376.2,120,55380,30,150,1226790
BANKNIFTY-I.NFO,24/04/2025,09:19:40,55380,55376.2,120,55380,30,0,1226790
BANKNIFTY-I.NFO,24/04/2025,09:19:41,55376.2,55376,30,55380,150,600,1226790
BANKNIFTY-I.NFO,24/04/2025,09:19:41,55392.4,55376,30,55380,150,0,1226790
BANKNIFTY-I.NFO,24/04/2025,09:19:43,55382.2,55382,30,55390.4,30,240,1226790
BANKNIFTY-I.NFO,24/04/2025,09:19:44,55377.2,55376.6,90,55381,60,60,1226790
BANKNIFTY-I.NFO,24/04/2025,09:19:45,55376.4,55375,30,55381,60,60,1226790
BANKNIFTY-I.NFO,24/04/2025,09:19:46,55375,55374.4,120,55374.6,30,60,1226790
BANKNIFTY-I.NFO,24/04/2025,09:19:47,55381,55376.6,60,55389,30,60,1226790
BANKNIFTY-I.NFO,24/04/2025,09:19:49,55397.2,55381.6,30,55396.4,60,600,1226790
BANKNIFTY-I.NFO,24/04/2025,09:19:49,55397.2,55381.6,30,55396.4,60,0,1226790
BANKNIFTY-I.NFO,24/04/2025,09:19:50,55381,55375.6,30,55390,90,90,1226790
BANKNIFTY-I.NFO,24/04/2025,09:19:51,55381,55376,150,55390,90,0,1226790
BANKNIFTY-I.NFO,24/04/2025,09:19:52,55376.4,55375,60,55387.4,30,30,1226790
BANKNIFTY-I.NFO,24/04/2025,09:19:53,55390,55381.4,60,55390,60,30,1226790
BANKNIFTY-I.NFO,24/04/2025,09:19:55,55390,55380,60,55389.4,30,0,1226790
BANKNIFTY-I.NFO,24/04/2025,09:19:56,55390,55380.2,120,55390,60,0,1226790
BANKNIFTY-I.NFO,24/04/2025,09:19:57,55380.2,55380.2,30,55390,60,90,1226790
BANKNIFTY-I.NFO,24/04/2025,09:19:58,55380.2,55380.2,30,55390,60,0,1226790
BANKNIFTY-I.NFO,24/04/2025,09:19:59,55380.2,55380,120,55387.8,30,60,1226790
BANKNIFTY-I.NFO,24/04/2025,09:20:01,55380,55379.8,30,55381.6,60,150,1226790
BANKNIFTY-I.NFO,24/04/2025,09:20:02,55380.2,55366.2,30,55380.4,60,90,1226790
BANKNIFTY-I.NFO,24/04/2025,09:20:03,55380.2,55368.4,60,55384.6,60,30,1226790
BANKNIFTY-I.NFO,24/04/2025,09:20:04,55370.2,55365.2,60,55380.4,30,30,1226790
BANKNIFTY-I.NFO,24/04/2025,09:20:05,55365.2,55364.8,60,55380.6,30,90,1226790
BANKNIFTY-I.NFO,24/04/2025,09:20:07,55362.6,55370.8,30,55386,60,60,1226790
BANKNIFTY-I.NFO,24/04/2025,09:20:08,55375.8,55379.2,30,55390,30,90,1226790
BANKNIFTY-I.NFO,24/04/2025,09:20:09,55375.8,55386.4,30,55390,30,0,1226790
BANKNIFTY-I.NFO,24/04/2025,09:20:10,55385,55385.8,180,55390,30,90,1226790
BANKNIFTY-I.NFO,24/04/2025,09:20:12,55390,55391,30,55396,90,30,1226790
BANKNIFTY-I.NFO,24/04/2025,09:20:13,55392.2,55392.2,150,55396,90,30,1226790
BANKNIFTY-I.NFO,24/04/2025,09:20:14,55392.2,55391.6,150,55396,90,0,1226790
BANKNIFTY-I.NFO,24/04/2025,09:20:15,55396,55391.6,30,55396,30,60,1226790
BANKNIFTY-I.NFO,24/04/2025,09:20:16,55396,55391.6,30,55396,30,0,1226790
BANKNIFTY-I.NFO,24/04/2025,09:20:18,55396,55392.2,60,55395.8,30,30,1226790
BANKNIFTY-I.NFO,24/04/2025,09:20:19,55392.2,55385.6,150,55392,60,60,1226790
BANKNIFTY-I.NFO,24/04/2025,09:20:20,55391.8,55385.6,150,55392.2,90,60,1226790
BANKNIFTY-I.NFO,24/04/2025,09:20:21,55385.6,55385.6,120,55387,30,210,1226790
BANKNIFTY-I.NFO,24/04/2025,09:20:23,55385.6,55380,930,55383,30,120,1226790
BANKNIFTY-I.NFO,24/04/2025,09:20:24,55382.2,55380,900,55383,120,60,1226790
BANKNIFTY-I.NFO,24/04/2025,09:20:25,55383,55380,900,55383,90,30,1226790
BANKNIFTY-I.NFO,24/04/2025,09:20:26,55382.8,55380,900,55382.6,30,30,1226790
BANKNIFTY-I.NFO,24/04/2025,09:20:28,55378,55373.2,120,55378,90,930,1226790
BANKNIFTY-I.NFO,24/04/2025,09:20:29,55378,55373,150,55378,90,30,1226790
BANKNIFTY-I.NFO,24/04/2025,09:20:30,55383.2,55367,150,55383.2,90,630,1226790
BANKNIFTY-I.NFO,24/04/2025,09:20:31,55368.6,55364.2,150,55382.6,120,30,1226790
BANKNIFTY-I.NFO,24/04/2025,09:20:32,55368.6,55368.4,180,55380,510,0,1226790
BANKNIFTY-I.NFO,24/04/2025,09:20:34,55379,55367.8,120,55379,240,60,1226790
BANKNIFTY-I.NFO,24/04/2025,09:20:35,55379,55367,60,55379,180,90,1226790
BANKNIFTY-I.NFO,24/04/2025,09:20:36,55379,55361.8,120,55377.8,240,90,1226790
BANKNIFTY-I.NFO,24/04/2025,09:20:37,55361.4,55360.4,120,55376.2,60,30,1226790
BANKNIFTY-I.NFO,24/04/2025,09:20:39,55359,55360.2,150,55375,30,180,1226790
BANKNIFTY-I.NFO,24/04/2025,09:20:40,55359,55358.8,120,55374.6,30,0,1226790
BANKNIFTY-I.NFO,24/04/2025,09:20:41,55359,55355.8,60,55360,60,0,1226790
BANKNIFTY-I.NFO,24/04/2025,09:20:42,55357.2,55356,120,55372.4,30,150,1226790
BANKNIFTY-I.NFO,24/04/2025,09:20:44,55361,55361.6,60,55375,30,90,1226790
BANKNIFTY-I.NFO,24/04/2025,09:20:45,55370,55369,60,55370,30,60,1226790
BANKNIFTY-I.NFO,24/04/2025,09:20:46,55375,55374,300,55379,120,180,1226790
BANKNIFTY-I.NFO,24/04/2025,09:20:47,55375,55371.8,180,55379,120,0,1226790
BANKNIFTY-I.NFO,24/04/2025,09:20:49,55369,55359,120,55369,120,60,1226790
BANKNIFTY-I.NFO,24/04/2025,09:20:50,55369,55358,120,55369,120,0,1226790
BANKNIFTY-I.NFO,24/04/2025,09:20:51,55369,55357.8,270,55369,60,60,1226790
BANKNIFTY-I.NFO,24/04/2025,09:20:52,55372.6,55356.8,120,55371.4,60,120,1226790
BANKNIFTY-I.NFO,24/04/2025,09:20:53,55373,55356.4,60,55371,150,90,1226790
BANKNIFTY-I.NFO,24/04/2025,09:20:55,55368.2,55355,60,55368.4,60,30,1226790
BANKNIFTY-I.NFO,24/04/2025,09:20:56,55368.6,55355,60,55368.2,30,60,1226790
BANKNIFTY-I.NFO,24/04/2025,09:20:57,55355,55354,60,55368.8,180,60,1226790
BANKNIFTY-I.NFO,24/04/2025,09:20:58,55369.4,55356.6,120,55371.8,120,150,1226790
BANKNIFTY-I.NFO,24/04/2025,09:21:00,55369.4,55366.4,120,55370,480,0,1226790
BANKNIFTY-I.NFO,24/04/2025,09:21:01,55367.2,55366.2,300,55370,480,60,1226790
BANKNIFTY-I.NFO,24/04/2025,09:21:02,55368.6,55360,30,55370,480,360,1226790
BANKNIFTY-I.NFO,24/04/2025,09:21:03,55364,55351,30,55364.4,60,180,1226790
BANKNIFTY-I.NFO,24/04/2025,09:21:04,55359.6,55350,90,55360.4,90,180,1226790
BANKNIFTY-I.NFO,24/04/2025,09:21:06,55354,55350,90,55353.6,150,30,1226790
BANKNIFTY-I.NFO,24/04/2025,09:21:07,55352,55350,90,55351,60,360,1226790
BANKNIFTY-I.NFO,24/04/2025,09:21:08,55345,55344,30,55345.4,60,660,1226790
BANKNIFTY-I.NFO,24/04/2025,09:21:09,55350.4,55344,30,55350.6,60,840,1226790
BANKNIFTY-I.NFO,24/04/2025,09:21:11,55344,55336.8,30,55346.2,210,330,1226790
BANKNIFTY-I.NFO,24/04/2025,09:21:12,55348.4,55334.6,30,55348.6,60,30,1226790
BANKNIFTY-I.NFO,24/04/2025,09:21:13,55349.6,55340,30,55350,90,240,1226790
BANKNIFTY-I.NFO,24/04/2025,09:21:14,55349.6,55344,30,55350,30,0,1226790
BANKNIFTY-I.NFO,24/04/2025,09:21:16,55360,55349.6,90,55360,30,60,1226790
BANKNIFTY-I.NFO,24/04/2025,09:21:17,55349.6,55353.6,150,55360,30,30,1226790
BANKNIFTY-I.NFO,24/04/2025,09:21:18,55349.6,55346.6,120,55360,30,0,1226790
BANKNIFTY-I.NFO,24/04/2025,09:21:19,55349.6,55348.2,90,55360,60,0,1226790
BANKNIFTY-I.NFO,24/04/2025,09:21:21,55355,55355,60,55360,60,30,1226790
BANKNIFTY-I.NFO,24/04/2025,09:21:22,55355,55355,30,55360,60,30,1226790
BANKNIFTY-I.NFO,24/04/2025,09:21:23,55355,55349.6,30,55355,150,30,1226790
BANKNIFTY-I.NFO,24/04/2025,09:21:24,55355,55349.6,30,55355,150,0,1226790
BANKNIFTY-I.NFO,24/04/2025,09:21:26,55349.6,55345,60,55355,120,60,1226790
BANKNIFTY-I.NFO,24/04/2025,09:21:27,55349.6,55344,30,55354.6,60,0,1226790
BANKNIFTY-I.NFO,24/04/2025,09:21:28,55354.6,55350,30,55355,150,30,1226790
BANKNIFTY-I.NFO,24/04/2025,09:21:29,55344,55344.8,120,55355,150,270,1226790
BANKNIFTY-I.NFO,24/04/2025,09:21:31,55350,55345.4,60,55355,150,30,1226790
BANKNIFTY-I.NFO,24/04/2025,09:21:32,55346.6,55348.8,30,55355,150,570,1226790
BANKNIFTY-I.NFO,24/04/2025,09:21:33,55355,55354,60,55360,60,750,1226790
BANKNIFTY-I.NFO,24/04/2025,09:21:34,55356.4,55357.8,60,55360,60,30,1226790
BANKNIFTY-I.NFO,24/04/2025,09:21:36,55351.6,55353,60,55360,90,480,1226790
BANKNIFTY-I.NFO,24/04/2025,09:21:37,55351.6,55354.2,60,55355,60,0,1226790
BANKNIFTY-I.NFO,24/04/2025,09:21:38,55350.8,55351,30,55355,60,30,1226790
BANKNIFTY-I.NFO,24/04/2025,09:21:39,55360,55344.2,120,55359.2,360,330,1226790
BANKNIFTY-I.NFO,24/04/2025,09:21:40,55344.2,55345.4,90,55359.6,120,30,1226790
BANKNIFTY-I.NFO,24/04/2025,09:21:42,55344.2,55342.8,90,55355,30,0,1226790
BANKNIFTY-I.NFO,24/04/2025,09:21:43,55344,55344.2,60,55359.2,120,120,1226790
BANKNIFTY-I.NFO,24/04/2025,09:21:44,55359.4,55344.6,60,55359.6,60,180,1226790
BANKNIFTY-I.NFO,24/04/2025,09:21:45,55344.6,55347.8,60,55359.8,240,510,1226790
BANKNIFTY-I.NFO,24/04/2025,09:21:47,55359.8,55351.2,60,55359.8,180,60,1226790
BANKNIFTY-I.NFO,24/04/2025,09:21:48,55359.8,55354.2,60,55359.8,180,0,1226790
BANKNIFTY-I.NFO,24/04/2025,09:21:49,55359.8,55358.8,30,55359.8,150,120,1226790
BANKNIFTY-I.NFO,24/04/2025,09:21:50,55359.8,55358.6,30,55370,480,150,1226790
BANKNIFTY-I.NFO,24/04/2025,09:21:52,55359.8,55358.4,30,55359.8,120,60,1226790
BANKNIFTY-I.NFO,24/04/2025,09:21:53,55359.8,55358.2,30,55359.8,120,0,1226790
BANKNIFTY-I.NFO,24/04/2025,09:21:54,55359.8,55360,180,55370,480,120,1226790
BANKNIFTY-I.NFO,24/04/2025,09:21:55,55359.8,55360.4,60,55370,480,0,1226790
BANKNIFTY-I.NFO,24/04/2025,09:21:57,55360.4,55360.6,30,55370,480,30,1226370
BANKNIFTY-I.NFO,24/04/2025,09:21:58,55363.2,55363.6,90,55370,480,30,1226370
BANKNIFTY-I.NFO,24/04/2025,09:21:59,55370,55365.4,60,55370,450,90,1226370
BANKNIFTY-I.NFO,24/04/2025,09:22:00,55370,55369.2,90,55370,360,120,1226370
BANKNIFTY-I.NFO,24/04/2025,09:22:02,55372,55370.4,120,55375,90,390,1226370
BANKNIFTY-I.NFO,24/04/2025,09:22:03,55369.8,55369,30,55374.8,30,90,1226370
BANKNIFTY-I.NFO,24/04/2025,09:22:04,55380,55370.2,60,55380,30,300,1226370
BANKNIFTY-I.NFO,24/04/2025,09:22:05,55380,55370,330,55384.8,30,30,1226370
BANKNIFTY-I.NFO,24/04/2025,09:22:06,55368.4,55367.4,60,55382.6,60,30,1226370
BANKNIFTY-I.NFO,24/04/2025,09:22:08,55381,55366.8,60,55381.6,60,180,1226370
BANKNIFTY-I.NFO,24/04/2025,09:22:09,55385,55367.6,60,55382.2,120,120,1226370
BANKNIFTY-I.NFO,24/04/2025,09:22:10,55373.6,55365,30,55374,60,30,1226370
BANKNIFTY-I.NFO,24/04/2025,09:22:11,55373.6,55365,30,55369.4,210,0,1226370
BANKNIFTY-I.NFO,24/04/2025,09:22:13,55365,55360,180,55366.2,120,30,1226370
BANKNIFTY-I.NFO,24/04/2025,09:22:14,55365,55360,180,55363.4,120,0,1226370
BANKNIFTY-I.NFO,24/04/2025,09:22:15,55363.8,55360,120,55365,60,120,1226370
BANKNIFTY-I.NFO,24/04/2025,09:22:16,55363.8,55360,120,55366.4,120,0,1226370
BANKNIFTY-I.NFO,24/04/2025,09:22:18,55363.8,55360,120,55367,60,0,1226370
BANKNIFTY-I.NFO,24/04/2025,09:22:19,55363.8,55360,120,55364.2,270,0,1226370
BANKNIFTY-I.NFO,24/04/2025,09:22:20,55363.8,55360,120,55363,210,0,1226370
BANKNIFTY-I.NFO,24/04/2025,09:22:21,55368.2,55360,120,55368.6,60,30,1226370
BANKNIFTY-I.NFO,24/04/2025,09:22:23,55369,55360,120,55368.4,180,90,1226370
BANKNIFTY-I.NFO,24/04/2025,09:22:24,55364.8,55350.2,150,55364.4,30,210,1226370
BANKNIFTY-I.NFO,24/04/2025,09:22:25,55363.8,55360,150,55364.6,150,30,1226370
BANKNIFTY-I.NFO,24/04/2025,09:22:26,55360,55360,120,55365.4,150,30,1226370
BANKNIFTY-I.NFO,24/04/2025,09:22:28,55360,55363.6,120,55373.6,30,0,1226370
BANKNIFTY-I.NFO,24/04/2025,09:22:29,55360,55369.6,150,55373.6,30,30,1226370
BANKNIFTY-I.NFO,24/04/2025,09:22:30,55371.6,55371.4,60,55380,30,60,1226370
BANKNIFTY-I.NFO,24/04/2025,09:22:31,55368,55368.2,120,55380,30,30,1226370
BANKNIFTY-I.NFO,24/04/2025,09:22:33,55382.8,55368.8,60,55382.8,30,90,1226370
BANKNIFTY-I.NFO,24/04/2025,09:22:34,55382.8,55368.4,120,55384.2,30,90,1226370
BANKNIFTY-I.NFO,24/04/2025,09:22:35,55390,55377,120,55380,60,180,1226370
BANKNIFTY-I.NFO,24/04/2025,09:22:36,55380,55375.2,120,55380,30,60,1226370
BANKNIFTY-I.NFO,24/04/2025,09:22:38,55380,55374.6,180,55380,60,0,1226370
BANKNIFTY-I.NFO,24/04/2025,09:22:39,55380,55375.2,150,55389.8,30,60,1226370
BANKNIFTY-I.NFO,24/04/2025,09:22:40,55389.2,55374.8,120,55389.6,30,30,1226370
BANKNIFTY-I.NFO,24/04/2025,09:22:41,55389.2,55374.2,120,55388.6,30,0,1226370
BANKNIFTY-I.NFO,24/04/2025,09:22:43,55374.6,55368.8,180,55383.8,60,30,1226370
BANKNIFTY-I.NFO,24/04/2025,09:22:44,55378.8,55365,30,55378.2,30,60,1226370
BANKNIFTY-I.NFO,24/04/2025,09:22:45,55378.8,55365,30,55377.6,150,0,1226370
BANKNIFTY-I.NFO,24/04/2025,09:22:46,55378.8,55365.2,120,55380,210,0,1226370
BANKNIFTY-I.NFO,24/04/2025,09:22:48,55363.8,55360.2,120,55374.4,30,120,1226370
BANKNIFTY-I.NFO,24/04/2025,09:22:49,55373,55360,150,55371.4,210,30,1226370
BANKNIFTY-I.NFO,24/04/2025,09:22:50,55375.6,55361.6,30,55375.8,150,60,1226370
BANKNIFTY-I.NFO,24/04/2025,09:22:51,55360.6,55367.2,30,55379.6,30,90,1226370
BANKNIFTY-I.NFO,24/04/2025,09:22:53,55360.6,55363.6,150,55378.2,30,0,1226370
BANKNIFTY-I.NFO,24/04/2025,09:22:54,55360.6,55365.4,120,55379.4,30,0,1226370
BANKNIFTY-I.NFO,24/04/2025,09:22:55,55383.2,55371.4,120,55383.6,30,90,1226370
BANKNIFTY-I.NFO,24/04/2025,09:22:56,55383.2,55373.6,120,55385,30,0,1226370
BANKNIFTY-I.NFO,24/04/2025,09:22:58,55383.2,55371.6,30,55385,30,0,1226370
BANKNIFTY-I.NFO,24/04/2025,09:22:59,55373,55383.2,30,55385,30,30,1226370
BANKNIFTY-I.NFO,24/04/2025,09:23:00,55373,55383.2,30,55385,30,0,1226370
BANKNIFTY-I.NFO,24/04/2025,09:23:04,55383.2,55372.2,120,55385,30,30,1226370
BANKNIFTY-I.NFO,24/04/2025,09:23:05,55387.8,55373.6,120,55388,60,210,1226370
BANKNIFTY-I.NFO,24/04/2025,09:23:06,55387.8,55375.2,120,55387,30,30,1226370
BANKNIFTY-I.NFO,24/04/2025,09:23:08,55389.4,55375.8,270,55389.4,30,30,1226370
BANKNIFTY-I.NFO,24/04/2025,09:23:09,55389.4,55387,30,55389.4,30,0,1226370
BANKNIFTY-I.NFO,24/04/2025,09:23:10,55387.6,55374,120,55387.8,30,60,1226370
BANKNIFTY-I.NFO,24/04/2025,09:23:11,55374.6,55374.4,30,55387.4,30,90,1226370
BANKNIFTY-I.NFO,24/04/2025,09:23:13,55374.6,55373.8,180,55387.4,30,0,1226370
BANKNIFTY-I.NFO,24/04/2025,09:23:14,55374.6,55369.4,30,55382.8,30,0,1226370
BANKNIFTY-I.NFO,24/04/2025,09:23:15,55374.6,55370.8,180,55385.4,60,0,1226370
BANKNIFTY-I.NFO,24/04/2025,09:23:16,55374.6,55369,30,55383,60,0,1226370
BANKNIFTY-I.NFO,24/04/2025,09:23:17,55374.6,55367.6,120,55382.8,60,0,1226370
BANKNIFTY-I.NFO,24/04/2025,09:23:19,55374.6,55368,120,55374.6,30,0,1226370
BANKNIFTY-I.NFO,24/04/2025,09:23:20,55374.6,55374.6,120,55383,30,30,1226370
BANKNIFTY-I.NFO,24/04/2025,09:23:21,55374.6,55375,30,55384.4,60,0,1226370
BANKNIFTY-I.NFO,24/04/2025,09:23:22,55374.6,55375,30,55381,30,0,1226370
BANKNIFTY-I.NFO,24/04/2025,09:23:24,55374.6,55377.4,30,55384.8,30,0,1226370
BANKNIFTY-I.NFO,24/04/2025,09:23:25,55378.8,55376.2,30,55384,30,30,1226370
BANKNIFTY-I.NFO,24/04/2025,09:23:26,55378.4,55379.6,30,55385,30,30,1226370
BANKNIFTY-I.NFO,24/04/2025,09:23:27,55379.6,55378.6,60,55385,30,120,1226370
BANKNIFTY-I.NFO,24/04/2025,09:23:29,55385,55375,30,55385,30,30,1226370
BANKNIFTY-I.NFO,24/04/2025,09:23:30,55375,55374.6,120,55384.6,30,30,1226370
BANKNIFTY-I.NFO,24/04/2025,09:23:31,55381.8,55374.6,120,55382.2,60,30,1226370
BANKNIFTY-I.NFO,24/04/2025,09:23:32,55374.6,55374.6,90,55378.6,90,30,1226370
BANKNIFTY-I.NFO,24/04/2025,09:23:34,55374.6,55374.6,90,55380.2,60,0,1226370
BANKNIFTY-I.NFO,24/04/2025,09:23:35,55379.8,55374.8,30,55378.6,60,60,1226370
BANKNIFTY-I.NFO,24/04/2025,09:23:36,55379.8,55374.8,30,55380.6,150,0,1226370
BANKNIFTY-I.NFO,24/04/2025,09:23:37,55374.6,55374,120,55374.8,30,150,1226370
BANKNIFTY-I.NFO,24/04/2025,09:23:39,55374,55374,30,55376.4,150,90,1226370
BANKNIFTY-I.NFO,24/04/2025,09:23:40,55377.4,55374,30,55377.8,60,60,1226370
BANKNIFTY-I.NFO,24/04/2025,09:23:41,55374,55366.4,30,55374,60,30,1226370
BANKNIFTY-I.NFO,24/04/2025,09:23:42,55374,55366.4,30,55374,60,30,1226370
BANKNIFTY-I.NFO,24/04/2025,09:23:43,55374,55372.6,150,55374,60,0,1226370
BANKNIFTY-I.NFO,24/04/2025,09:23:45,55375.2,55376.8,270,55383.8,30,150,1226370
BANKNIFTY-I.NFO,24/04/2025,09:23:46,55375.2,55373.2,30,55378.4,30,0,1226370
BANKNIFTY-I.NFO,24/04/2025,09:23:47,55375.2,55372.8,30,55384.8,180,0,1226370
BANKNIFTY-I.NFO,24/04/2025,09:23:48,55371.6,55372.2,60,55384.8,180,300,1226370
BANKNIFTY-I.NFO,24/04/2025,09:23:50,55371.6,55373.2,30,55384.8,180,0,1226370
BANKNIFTY-I.NFO,24/04/2025,09:23:51,55384.6,55373.2,30,55384.8,180,30,1226370
BANKNIFTY-I.NFO,24/04/2025,09:23:52,55384.6,55374.2,30,55380.8,30,0,1226370
BANKNIFTY-I.NFO,24/04/2025,09:23:53,55384.6,55373.6,90,55379,30,0,1226370
BANKNIFTY-I.NFO,24/04/2025,09:23:54,55384.6,55375.2,30,55379,30,0,1226370
BANKNIFTY-I.NFO,24/04/2025,09:23:56,55384.6,55378.2,30,55379,30,0,1226370
BANKNIFTY-I.NFO,24/04/2025,09:23:57,55384.6,55375.8,30,55384,30,0,1226370
BANKNIFTY-I.NFO,24/04/2025,09:23:58,55375.2,55370.4,30,55384,120,90,1226370
BANKNIFTY-I.NFO,24/04/2025,09:23:59,55375.2,55369.4,60,55383.4,60,0,1226370
BANKNIFTY-I.NFO,24/04/2025,09:24:00,55380,55369.6,30,55378,120,60,1226370
BANKNIFTY-I.NFO,24/04/2025,09:24:02,55380,55369.6,30,55374.6,60,0,1226370
BANKNIFTY-I.NFO,24/04/2025,09:24:03,55369.2,55369.2,60,55372.2,150,90,1226370
BANKNIFTY-I.NFO,24/04/2025,09:24:04,55374.8,55369.4,30,55377.4,60,30,1226370
BANKNIFTY-I.NFO,24/04/2025,09:24:05,55374.8,55369.4,30,55376.6,150,0,1226370
BANKNIFTY-I.NFO,24/04/2025,09:24:07,55374.8,55369.4,30,55372,30,0,1226370
BANKNIFTY-I.NFO,24/04/2025,09:24:09,55372,55369.2,30,55375,30,30,1226370
BANKNIFTY-I.NFO,24/04/2025,09:24:10,55375,55369.2,30,55378.2,210,60,1226370
BANKNIFTY-I.NFO,24/04/2025,09:24:12,55369,55366.6,30,55377,60,60,1226370
BANKNIFTY-I.NFO,24/04/2025,09:24:13,55366.4,55366.2,30,55376.4,210,60,1226370
BANKNIFTY-I.NFO,24/04/2025,09:24:14,55366.2,55369.4,30,55376.4,60,30,1226370
BANKNIFTY-I.NFO,24/04/2025,09:24:15,55366.2,55370,30,55376.4,60,0,1226370
BANKNIFTY-I.NFO,24/04/2025,09:24:16,55370,55369.4,30,55376.2,30,30,1226370
BANKNIFTY-I.NFO,24/04/2025,09:24:18,55370,55369.4,30,55374.8,30,0,1226370
BANKNIFTY-I.NFO,24/04/2025,09:24:19,55370,55369.4,30,55374.8,30,30,1226370
BANKNIFTY-I.NFO,24/04/2025,09:24:20,55370,55369.4,30,55374.8,30,0,1226370
BANKNIFTY-I.NFO,24/04/2025,09:24:21,55370,55369.6,30,55374.8,30,0,1226370
BANKNIFTY-I.NFO,24/04/2025,09:24:23,55370.2,55369.4,120,55374.6,30,120,1226370
BANKNIFTY-I.NFO,24/04/2025,09:24:24,55375.4,55370.2,30,55375.4,60,120,1226370
BANKNIFTY-I.NFO,24/04/2025,09:24:25,55370.4,55369.4,30,55374.8,60,30,1226370
BANKNIFTY-I.NFO,24/04/2025,09:24:26,55370.4,55370,30,55374.8,60,0,1226370
BANKNIFTY-I.NFO,24/04/2025,09:24:27,55370.2,55371.2,30,55374.2,60,60,1226370
BANKNIFTY-I.NFO,24/04/2025,09:24:29,55374.2,55375,90,55376.4,60,60,1226370
BANKNIFTY-I.NFO,24/04/2025,09:24:30,55374.2,55374.4,60,55375,30,0,1226370
BANKNIFTY-I.NFO,24/04/2025,09:24:31,55373.2,55373.4,60,55376.4,60,90,1226370
BANKNIFTY-I.NFO,24/04/2025,09:24:32,55373,55373.2,90,55376.4,60,30,1226370
BANKNIFTY-I.NFO,24/04/2025,09:24:33,55373.2,55373.2,30,55376.4,60,30,1226370
BANKNIFTY-I.NFO,24/04/2025,09:24:35,55372.6,55372.6,60,55376.4,60,90,1226370
BANKNIFTY-I.NFO,24/04/2025,09:24:36,55373.6,55375,90,55377,120,60,1226370
BANKNIFTY-I.NFO,24/04/2025,09:24:37,55373.6,55371.4,330,55377,120,0,1226370
BANKNIFTY-I.NFO,24/04/2025,09:24:38,55371.6,55370,30,55377,120,90,1226370
BANKNIFTY-I.NFO,24/04/2025,09:24:39,55377,55370.4,60,55376.8,30,30,1226370
BANKNIFTY-I.NFO,24/04/2025,09:24:41,55377,55370.4,30,55375,450,0,1226370
BANKNIFTY-I.NFO,24/04/2025,09:24:42,55370.4,55370,60,55375,450,30,1226370
BANKNIFTY-I.NFO,24/04/2025,09:24:43,55375,55370,60,55375,420,30,1226370
BANKNIFTY-I.NFO,24/04/2025,09:24:44,55375,55370,60,55374.8,30,0,1226370
BANKNIFTY-I.NFO,24/04/2025,09:24:45,55370,55370,30,55374.8,30,30,1226370
BANKNIFTY-I.NFO,24/04/2025,09:24:48,55370,55370,30,55374.8,30,30,1226370
BANKNIFTY-I.NFO,24/04/2025,09:24:49,55370,55365,60,55374.8,30,30,1226370
BANKNIFTY-I.NFO,24/04/2025,09:24:50,55365,55365,30,55374.8,150,30,1226370
BANKNIFTY-I.NFO,24/04/2025,09:24:51,55365,55367.8,60,55374.8,30,0,1226370
BANKNIFTY-I.NFO,24/04/2025,09:24:53,55365,55367.4,30,55370,90,0,1226370
BANKNIFTY-I.NFO,24/04/2025,09:24:54,55365,55369.4,30,55370,90,0,1226370
BANKNIFTY-I.NFO,24/04/2025,09:24:55,55368,55366.8,30,55374.8,30,120,1225710
BANKNIFTY-I.NFO,24/04/2025,09:24:56,55368,55366.8,60,55371.8,30,30,1225710
BANKNIFTY-I.NFO,24/04/2025,09:24:57,55365,55363.8,240,55371.8,30,420,1225710
BANKNIFTY-I.NFO,24/04/2025,09:24:59,55365,55368.2,150,55371.8,30,0,1225710
BANKNIFTY-I.NFO,24/04/2025,09:25:00,55366.4,55366,30,55371.8,30,90,1225710
BANKNIFTY-I.NFO,24/04/2025,09:25:01,55368,55364.4,60,55374.8,30,780,1225710
BANKNIFTY-I.NFO,24/04/2025,09:25:02,55368,55360.2,30,55374.2,120,0,1225710
BANKNIFTY-I.NFO,24/04/2025,09:25:04,55374.6,55360.2,30,55374.4,120,120,1225710
BANKNIFTY-I.NFO,24/04/2025,09:25:05,55374.6,55360.2,30,55372.8,120,0,1225710
BANKNIFTY-I.NFO,24/04/2025,09:25:06,55374.6,55360.2,30,55372.4,270,0,1225710
BANKNIFTY-I.NFO,24/04/2025,09:25:07,55374.6,55365,210,55371.8,30,0,1225710
BANKNIFTY-I.NFO,24/04/2025,09:25:10,55374.6,55365,210,55373,30,0,1225710
BANKNIFTY-I.NFO,24/04/2025,09:25:11,55365,55365,180,55371.6,180,30,1225710
BANKNIFTY-I.NFO,24/04/2025,09:25:12,55365,55365,210,55371.4,150,0,1225710
BANKNIFTY-I.NFO,24/04/2025,09:25:13,55365,55360,90,55365,30,210,1225710
BANKNIFTY-I.NFO,24/04/2025,09:25:15,55360,55360,60,55369.6,120,30,1225710
BANKNIFTY-I.NFO,24/04/2025,09:25:16,55360,55360,30,55372.8,120,30,1225710
BANKNIFTY-I.NFO,24/04/2025,09:25:17,55362.2,55364.8,600,55373,30,60,1225710
BANKNIFTY-I.NFO,24/04/2025,09:25:19,55362.2,55365,90,55372,30,0,1225710
BANKNIFTY-I.NFO,24/04/2025,09:25:20,55362.2,55366,600,55367.4,60,0,1225710
BANKNIFTY-I.NFO,24/04/2025,09:25:21,55367.4,55367.4,150,55369,30,60,1225710
BANKNIFTY-I.NFO,24/04/2025,09:25:22,55369.2,55366.8,90,55369.4,30,60,1225710
BANKNIFTY-I.NFO,24/04/2025,09:25:23,55366.2,55365.2,30,55371.6,30,120,1225710
BANKNIFTY-I.NFO,24/04/2025,09:25:25,55365,55365,30,55371.6,30,60,1225710
BANKNIFTY-I.NFO,24/04/2025,09:25:26,55365,55365,30,55371.2,180,0,1225710
BANKNIFTY-I.NFO,24/04/2025,09:25:27,55365,55360,60,55370.8,120,30,1225710
BANKNIFTY-I.NFO,24/04/2025,09:25:28,55365,55360,60,55371.6,120,0,1225710
BANKNIFTY-I.NFO,24/04/2025,09:25:30,55365,55363,30,55370.2,60,0,1225710
BANKNIFTY-I.NFO,24/04/2025,09:25:31,55365,55367,30,55370.2,60,0,1225710
BANKNIFTY-I.NFO,24/04/2025,09:25:32,55370.6,55370.4,120,55371.8,30,240,1225710
BANKNIFTY-I.NFO,24/04/2025,09:25:33,55377,55375,60,55378,30,330,1225710
BANKNIFTY-I.NFO,24/04/2025,09:25:35,55378,55377.2,120,55380,60,30,1225710
BANKNIFTY-I.NFO,24/04/2025,09:25:36,55380,55375.2,60,55378.6,30,30,1225710
BANKNIFTY-I.NFO,24/04/2025,09:25:37,55376.8,55376.6,120,55384,60,420,1225710
BANKNIFTY-I.NFO,24/04/2025,09:25:38,55381,55380.6,60,55384,60,60,1225710
BANKNIFTY-I.NFO,24/04/2025,09:25:40,55380,55380,420,55384,60,120,1225710
BANKNIFTY-I.NFO,24/04/2025,09:25:41,55380,55380,390,55384,60,30,1225710
BANKNIFTY-I.NFO,24/04/2025,09:25:42,55380,55380,360,55384,60,30,1225710
BANKNIFTY-I.NFO,24/04/2025,09:25:43,55390,55389,180,55394,120,300,1225710
BANKNIFTY-I.NFO,24/04/2025,09:25:44,55394,55391.8,60,55394,90,30,1225710
BANKNIFTY-I.NFO,24/04/2025,09:25:46,55393.4,55393.4,30,55394,90,30,1225710
BANKNIFTY-I.NFO,24/04/2025,09:25:47,55415,55405,30,55414.8,30,990,1225710
BANKNIFTY-I.NFO,24/04/2025,09:25:47,55415.2,55405,30,55414.8,30,0,1225710
BANKNIFTY-I.NFO,24/04/2025,09:25:48,55421.8,55410.4,180,55428.4,120,240,1225710
BANKNIFTY-I.NFO,24/04/2025,09:25:48,55421.8,55410.4,180,55428.4,120,0,1225710
BANKNIFTY-I.NFO,24/04/2025,09:25:49,55429.4,55429.4,90,55431.8,60,210,1225710
BANKNIFTY-I.NFO,24/04/2025,09:25:49,55432,55429.4,90,55431.8,60,0,1225710
BANKNIFTY-I.NFO,24/04/2025,09:25:51,55428.8,55426,30,55431.6,30,210,1225710
BANKNIFTY-I.NFO,24/04/2025,09:25:52,55426,55422,30,55424,30,180,1225710
BANKNIFTY-I.NFO,24/04/2025,09:25:52,55432.4,55422,30,55424,30,0,1225710
BANKNIFTY-I.NFO,24/04/2025,09:25:53,55406.6,55406.6,30,55418.6,90,180,1225710
BANKNIFTY-I.NFO,24/04/2025,09:25:54,55428.8,55412.6,120,55428.6,30,60,1225710
BANKNIFTY-I.NFO,24/04/2025,09:25:56,55423,55418,30,55422.2,90,30,1225710
BANKNIFTY-I.NFO,24/04/2025,09:25:57,55433.6,55425.2,120,55436,30,240,1225710
BANKNIFTY-I.NFO,24/04/2025,09:25:57,55433.6,55425.2,120,55436,30,0,1225710
BANKNIFTY-I.NFO,24/04/2025,09:25:58,55436,55428.8,30,55437,90,30,1225710
BANKNIFTY-I.NFO,24/04/2025,09:25:58,55436,55428.8,30,55437,90,0,1225710
BANKNIFTY-I.NFO,24/04/2025,09:25:59,55421.4,55418,30,55420.8,90,300,1225710
BANKNIFTY-I.NFO,24/04/2025,09:26:01,55421.4,55429.4,30,55433.6,60,0,1225710
BANKNIFTY-I.NFO,24/04/2025,09:26:02,55439.4,55437.6,30,55440.2,90,270,1225710
BANKNIFTY-I.NFO,24/04/2025,09:26:02,55443,55437.6,30,55440.2,90,0,1225710
BANKNIFTY-I.NFO,24/04/2025,09:26:03,55429.4,55415.4,150,55432.4,30,60,1225710
BANKNIFTY-I.NFO,24/04/2025,09:26:04,55429.4,55424.6,120,55439.8,30,0,1225710
BANKNIFTY-I.NFO,24/04/2025,09:26:05,55429.4,55434.4,150,55445,30,0,1225710
BANKNIFTY-I.NFO,24/04/2025,09:26:07,55435.6,55434,30,55445,30,30,1225710
BANKNIFTY-I.NFO,24/04/2025,09:26:08,55435.6,55422.8,30,55437.6,150,0,1225710
BANKNIFTY-I.NFO,24/04/2025,09:26:09,55439.8,55422.8,30,55438.6,120,1500,1225710
BANKNIFTY-I.NFO,24/04/2025,09:26:10,55439.8,55425,30,55438.4,60,0,1225710
BANKNIFTY-I.NFO,24/04/2025,09:26:12,55437.2,55425,30,55437.8,30,120,1225710
BANKNIFTY-I.NFO,24/04/2025,09:26:13,55425,55422.8,30,55433.4,90,30,1225710
BANKNIFTY-I.NFO,24/04/2025,09:26:14,55425,55422.8,30,55431.6,60,60,1225710
BANKNIFTY-I.NFO,24/04/2025,09:26:15,55425,55422.8,30,55432.6,60,0,1225710
BANKNIFTY-I.NFO,24/04/2025,09:26:17,55422.8,55420,30,55429.8,30,30,1225710
BANKNIFTY-I.NFO,24/04/2025,09:26:18,55422.8,55420,30,55430.2,60,30,1225710
BANKNIFTY-I.NFO,24/04/2025,09:26:19,55422.8,55420,30,55428.2,60,0,1225710
BANKNIFTY-I.NFO,24/04/2025,09:26:20,55422.8,55420,30,55430.4,60,0,1225710
BANKNIFTY-I.NFO,24/04/2025,09:26:21,55422.8,55420,30,55422.8,30,0,1225710
BANKNIFTY-I.NFO,24/04/2025,09:26:23,55420,55420,300,55422.8,60,30,1225710
BANKNIFTY-I.NFO,24/04/2025,09:26:24,55420,55420,300,55422.8,60,0,1225710
BANKNIFTY-I.NFO,24/04/2025,09:26:25,55421.8,55420,180,55422.2,60,150,1225710
BANKNIFTY-I.NFO,24/04/2025,09:26:26,55409.8,55402.4,420,55418,180,240,1225710
BANKNIFTY-I.NFO,24/04/2025,09:26:28,55420.2,55413.4,150,55422.8,90,150,1225710
BANKNIFTY-I.NFO,24/04/2025,09:26:29,55410.4,55410.4,120,55422.8,90,30,1225710
BANKNIFTY-I.NFO,24/04/2025,09:26:30,55422.8,55409.8,120,55422.8,60,30,1225710
BANKNIFTY-I.NFO,24/04/2025,09:26:31,55422.8,55409,120,55422.8,60,0,1225710
BANKNIFTY-I.NFO,24/04/2025,09:26:33,55409.6,55409.8,150,55422.8,60,150,1225710
BANKNIFTY-I.NFO,24/04/2025,09:26:34,55409.6,55410.6,120,55422.8,60,0,1225710
BANKNIFTY-I.NFO,24/04/2025,09:26:35,55409.6,55414,240,55422.8,60,30,1225710
BANKNIFTY-I.NFO,24/04/2025,09:26:36,55432.2,55418,180,55434,60,300,1225710
BANKNIFTY-I.NFO,24/04/2025,09:26:38,55430.4,55412.8,120,55427.6,150,90,1225710
BANKNIFTY-I.NFO,24/04/2025,09:26:39,55430.4,55410.8,120,55420,60,0,1225710
BANKNIFTY-I.NFO,24/04/2025,09:26:40,55430.4,55415,120,55420,60,0,1225710
BANKNIFTY-I.NFO,24/04/2025,09:26:41,55420,55421.2,120,55432,30,60,1225710
BANKNIFTY-I.NFO,24/04/2025,09:26:43,55435.8,55430.4,30,55433.2,30,90,1225710
BANKNIFTY-I.NFO,24/04/2025,09:26:44,55435.8,55430.4,30,55432.8,30,0,1225710
BANKNIFTY-I.NFO,24/04/2025,09:26:45,55415.4,55414.2,150,55429.6,30,60,1225710
BANKNIFTY-I.NFO,24/04/2025,09:26:46,55430,55411.8,120,55427.6,60,1200,1225710
BANKNIFTY-I.NFO,24/04/2025,09:26:48,55410.8,55410,60,55425.4,210,180,1225710
BANKNIFTY-I.NFO,24/04/2025,09:26:49,55425.2,55410,60,55422.8,180,210,1225710
BANKNIFTY-I.NFO,24/04/2025,09:26:50,55425.2,55410,60,55420.2,60,0,1225710
BANKNIFTY-I.NFO,24/04/2025,09:26:51,55410,55410.4,30,55420,30,30,1225710
BANKNIFTY-I.NFO,24/04/2025,09:26:52,55410,55410.4,30,55418.4,30,0,1225710
BANKNIFTY-I.NFO,24/04/2025,09:26:54,55410.4,55410,30,55420.2,60,30,1225710
BANKNIFTY-I.NFO,24/04/2025,09:26:55,55410,55409.6,450,55420.2,60,30,1225710
BANKNIFTY-I.NFO,24/04/2025,09:26:56,55410,55410,300,55420.2,60,0,1225710
BANKNIFTY-I.NFO,24/04/2025,09:26:57,55411.6,55410.2,120,55420.2,60,60,1225710
BANKNIFTY-I.NFO,24/04/2025,09:26:59,55410.6,55411.4,120,55420.2,60,60,1225710
BANKNIFTY-I.NFO,24/04/2025,09:27:00,55414.2,55410.2,120,55420.2,60,90,1225710
BANKNIFTY-I.NFO,24/04/2025,09:27:01,55414.2,55411.2,120,55420.2,60,0,1225710
BANKNIFTY-I.NFO,24/04/2025,09:27:02,55414.2,55419,30,55420,30,0,1225710
BANKNIFTY-I.NFO,24/04/2025,09:27:03,55425,55421,150,55425,30,120,1225710
BANKNIFTY-I.NFO,24/04/2025,09:27:05,55425,55421.6,300,55425,30,0,1225710
BANKNIFTY-I.NFO,24/04/2025,09:27:06,55438.4,55420.6,300,55437,60,630,1225710
BANKNIFTY-I.NFO,24/04/2025,09:27:07,55438,55427,120,55439.8,120,120,1225710
BANKNIFTY-I.NFO,24/04/2025,09:27:08,55437.4,55423.2,120,55437,30,120,1225710
BANKNIFTY-I.NFO,24/04/2025,09:27:10,55437.4,55436.8,60,55439.8,120,0,1225710
BANKNIFTY-I.NFO,24/04/2025,09:27:11,55439.8,55427.4,120,55439.8,30,270,1225710
BANKNIFTY-I.NFO,24/04/2025,09:27:12,55439.8,55433.8,120,55439.8,30,0,1225710
BANKNIFTY-I.NFO,24/04/2025,09:27:13,55439.8,55430.6,120,55439.8,30,0,1225710
BANKNIFTY-I.NFO,24/04/2025,09:27:15,55440,55431,120,55440,120,90,1225710
BANKNIFTY-I.NFO,24/04/2025,09:27:16,55448,55432,60,55447.6,60,1200,1225710
BANKNIFTY-I.NFO,24/04/2025,09:27:16,55448,55432,60,55447.6,60,0,1225710
BANKNIFTY-I.NFO,24/04/2025,09:27:17,55449.6,55432.6,150,55447.8,30,60,1225710
BANKNIFTY-I.NFO,24/04/2025,09:27:17,55449.6,55432.6,150,55447.8,30,0,1225710
BANKNIFTY-I.NFO,24/04/2025,09:27:18,55430.8,55430.8,120,55445.8,30,60,1225710
BANKNIFTY-I.NFO,24/04/2025,09:27:19,55430.8,55430,360,55443.4,30,0,1225710
BANKNIFTY-I.NFO,24/04/2025,09:27:21,55441.6,55430,360,55443.2,30,60,1225710
BANKNIFTY-I.NFO,24/04/2025,09:27:22,55441.6,55433,60,55449.2,30,0,1225710
BANKNIFTY-I.NFO,24/04/2025,09:27:23,55441.6,55430,360,55444,120,30,1225710
BANKNIFTY-I.NFO,24/04/2025,09:27:24,55441.6,55430,360,55436,60,0,1225710
BANKNIFTY-I.NFO,24/04/2025,09:27:26,55441.6,55431.4,120,55446.4,60,0,1225710
BANKNIFTY-I.NFO,24/04/2025,09:27:27,55440,55430,360,55443.8,30,30,1225710
BANKNIFTY-I.NFO,24/04/2025,09:27:28,55440,55430,360,55440.2,60,0,1225710
BANKNIFTY-I.NFO,24/04/2025,09:27:29,55439.4,55430,330,55439.6,150,60,1225710
BANKNIFTY-I.NFO,24/04/2025,09:27:30,55430.8,55430,330,55441.8,60,30,1225710
BANKNIFTY-I.NFO,24/04/2025,09:27:32,55440,55432,30,55440.2,30,330,1225710
BANKNIFTY-I.NFO,24/04/2025,09:27:33,55447.6,55431.4,150,55447.4,150,1530,1225710
BANKNIFTY-I.NFO,24/04/2025,09:27:34,55447.6,55430,150,55444.4,210,0,1225710
BANKNIFTY-I.NFO,24/04/2025,09:27:35,55448.2,55432.8,150,55448.2,90,90,1225710
BANKNIFTY-I.NFO,24/04/2025,09:27:36,55448.2,55430.8,120,55446.6,30,0,1225710
BANKNIFTY-I.NFO,24/04/2025,09:27:38,55444.8,55430,150,55444.4,30,180,1225710
BANKNIFTY-I.NFO,24/04/2025,09:27:39,55445,55430.2,150,55445.2,30,30,1225710
BANKNIFTY-I.NFO,24/04/2025,09:27:40,55445,55430,150,55442.6,30,0,1225710
BANKNIFTY-I.NFO,24/04/2025,09:27:41,55445,55430,150,55440.6,30,60,1225710
BANKNIFTY-I.NFO,24/04/2025,09:27:42,55445,55430.6,120,55444,30,60,1225710
BANKNIFTY-I.NFO,24/04/2025,09:27:43,55429,55427.2,120,55443.4,180,420,1225710
BANKNIFTY-I.NFO,24/04/2025,09:27:45,55447.4,55427.4,270,55443.6,30,1530,1225710
BANKNIFTY-I.NFO,24/04/2025,09:27:46,55446,55428.8,120,55444.8,90,30,1225710
BANKNIFTY-I.NFO,24/04/2025,09:27:47,55446,55427,180,55439.2,210,30,1225710
BANKNIFTY-I.NFO,24/04/2025,09:27:48,55446,55430,300,55440.8,90,300,1225710
BANKNIFTY-I.NFO,24/04/2025,09:27:49,55446,55430,300,55442.6,60,0,1225710
BANKNIFTY-I.NFO,24/04/2025,09:27:51,55430,55430,270,55440.4,30,30,1225710
BANKNIFTY-I.NFO,24/04/2025,09:27:52,55438.8,55430,270,55439.4,180,90,1225710
BANKNIFTY-I.NFO,24/04/2025,09:27:53,55438.8,55430,270,55436.2,30,30,1225710
BANKNIFTY-I.NFO,24/04/2025,09:27:54,55430,55430,240,55438.6,30,60,1225710
BANKNIFTY-I.NFO,24/04/2025,09:27:55,55430,55430,210,55439.4,180,30,1225710
BANKNIFTY-I.NFO,24/04/2025,09:27:57,55430,55430,210,55439.2,180,0,1225710
BANKNIFTY-I.NFO,24/04/2025,09:27:58,55437.8,55430,210,55435.6,240,30,1220280
BANKNIFTY-I.NFO,24/04/2025,09:27:59,55434.8,55430,210,55434.4,60,30,1220280
BANKNIFTY-I.NFO,24/04/2025,09:28:00,55434.8,55430,240,55439.8,60,30,1220280
BANKNIFTY-I.NFO,24/04/2025,09:28:01,55434.8,55430,240,55439.2,60,0,1220280
BANKNIFTY-I.NFO,24/04/2025,09:28:03,55438.6,55430,180,55439.2,300,150,1220280
BANKNIFTY-I.NFO,24/04/2025,09:28:04,55439.8,55430,180,55442.2,30,1500,1220280
BANKNIFTY-I.NFO,24/04/2025,09:28:05,55439.8,55431.4,180,55438,30,0,1220280
BANKNIFTY-I.NFO,24/04/2025,09:28:06,55438,55434.2,120,55444.2,30,30,1220280
BANKNIFTY-I.NFO,24/04/2025,09:28:07,55438,55435,120,55437.8,30,0,1220280
BANKNIFTY-I.NFO,24/04/2025,09:28:09,55438,55434.8,30,55437.8,30,60,1220280
BANKNIFTY-I.NFO,24/04/2025,09:28:10,55438,55434.8,30,55437.8,30,0,1220280
BANKNIFTY-I.NFO,24/04/2025,09:28:12,55434.8,55430.2,120,55437.8,30,30,1220280
BANKNIFTY-I.NFO,24/04/2025,09:28:14,55434.8,55430,180,55437.8,30,0,1220280
BANKNIFTY-I.NFO,24/04/2025,09:28:16,55434.8,55434.8,30,55437.8,30,60,1220280
BANKNIFTY-I.NFO,24/04/2025,09:28:17,55431.6,55435.4,150,55451,30,3510,1220280
BANKNIFTY-I.NFO,24/04/2025,09:28:17,55452.4,55435.4,150,55451,30,0,1220280
BANKNIFTY-I.NFO,24/04/2025,09:28:19,55451,55437.6,120,55451.4,30,270,1220280
BANKNIFTY-I.NFO,24/04/2025,09:28:20,55435.4,55434,300,55449.2,30,360,1220280
BANKNIFTY-I.NFO,24/04/2025,09:28:21,55451,55435.6,240,55450.6,30,60,1220280
BANKNIFTY-I.NFO,24/04/2025,09:28:22,55439.2,55440.6,90,55450,30,30,1220280
BANKNIFTY-I.NFO,24/04/2025,09:28:24,55437.8,55439,120,55450,30,30,1220280
BANKNIFTY-I.NFO,24/04/2025,09:28:25,55437.8,55442.8,90,55450,30,60,1220280
BANKNIFTY-I.NFO,24/04/2025,09:28:26,55450,55441.4,90,55455,30,120,1220280
BANKNIFTY-I.NFO,24/04/2025,09:28:27,55450,55440.6,60,55451,30,0,1220280
BANKNIFTY-I.NFO,24/04/2025,09:28:28,55450,55438,60,55451,30,0,1220280
BANKNIFTY-I.NFO,24/04/2025,09:28:30,55451,55438,60,55451,30,30,1220280
BANKNIFTY-I.NFO,24/04/2025,09:28:31,55451,55442.2,120,55451,30,0,1220280
BANKNIFTY-I.NFO,24/04/2025,09:28:32,55443.2,55440.2,90,55451,30,30,1220280
BANKNIFTY-I.NFO,24/04/2025,09:28:33,55443.2,55440.4,150,55451,30,210,1220280
BANKNIFTY-I.NFO,24/04/2025,09:28:35,55445.8,55447.6,30,55451,30,300,1220280
BANKNIFTY-I.NFO,24/04/2025,09:28:36,55463.8,55460.4,60,55462.8,30,720,1220280
BANKNIFTY-I.NFO,24/04/2025,09:28:36,55464,55460.4,60,55462.8,30,0,1220280
BANKNIFTY-I.NFO,24/04/2025,09:28:37,55460.4,55446,30,55461.6,210,90,1220280
BANKNIFTY-I.NFO,24/04/2025,09:28:38,55446,55447.6,60,55463,60,360,1220280
BANKNIFTY-I.NFO,24/04/2025,09:28:40,55462.8,55450,120,55465.8,120,30,1220280
BANKNIFTY-I.NFO,24/04/2025,09:28:41,55462.8,55451,30,55465.4,120,0,1220280
BANKNIFTY-I.NFO,24/04/2025,09:28:42,55462.8,55451,30,55460.4,180,0,1220280
BANKNIFTY-I.NFO,24/04/2025,09:28:43,55440.4,55440.2,90,55455.8,120,930,1220280
BANKNIFTY-I.NFO,24/04/2025,09:28:45,55454.6,55445.6,30,55460.8,120,30,1220280
BANKNIFTY-I.NFO,24/04/2025,09:28:46,55454.6,55443,30,55456.4,120,0,1220280
BANKNIFTY-I.NFO,24/04/2025,09:28:47,55454.6,55443,30,55451.4,120,0,1220280
BANKNIFTY-I.NFO,24/04/2025,09:28:48,55432.2,55431.6,30,55445.4,120,330,1220280
BANKNIFTY-I.NFO,24/04/2025,09:28:50,55432.2,55431.6,30,55444,120,0,1220280
BANKNIFTY-I.NFO,24/04/2025,09:28:51,55431.6,55430.4,60,55444.4,120,90,1220280
BANKNIFTY-I.NFO,24/04/2025,09:28:52,55431.6,55430.4,60,55442,120,0,1220280
BANKNIFTY-I.NFO,24/04/2025,09:28:53,55430.6,55430.4,60,55444.6,180,30,1220280
BANKNIFTY-I.NFO,24/04/2025,09:28:54,55430.6,55430.4,60,55442.8,150,0,1220280
BANKNIFTY-I.NFO,24/04/2025,09:28:56,55430.6,55430.4,60,55440.8,150,0,1220280
BANKNIFTY-I.NFO,24/04/2025,09:28:57,55430.6,55430.4,60,55441.2,180,0,1220280
BANKNIFTY-I.NFO,24/04/2025,09:28:58,55430.6,55430.4,60,55439.8,30,0,1220280
BANKNIFTY-I.NFO,24/04/2025,09:28:59,55430.4,55430.4,30,55437.4,150,60,1220280
BANKNIFTY-I.NFO,24/04/2025,09:29:00,55430.6,55430.4,30,55435,150,30,1220280
BANKNIFTY-I.NFO,24/04/2025,09:29:02,55430.4,55430,240,55431.4,150,30,1220280
BANKNIFTY-I.NFO,24/04/2025,09:29:03,55427,55427,150,55431.2,150,450,1220280
BANKNIFTY-I.NFO,24/04/2025,09:29:04,55432,55427.2,30,55430.6,150,30,1220280
BANKNIFTY-I.NFO,24/04/2025,09:29:05,55427.2,55427,150,55430.6,150,30,1220280
BANKNIFTY-I.NFO,24/04/2025,09:29:07,55430.6,55427,150,55429.8,150,180,1220280
BANKNIFTY-I.NFO,24/04/2025,09:29:08,55430.6,55427,150,55430.6,120,0,1220280
BANKNIFTY-I.NFO,24/04/2025,09:29:10,55427,55427,120,55430.6,120,60,1220280
BANKNIFTY-I.NFO,24/04/2025,09:29:12,55430.6,55427,120,55430.6,90,30,1220280
BANKNIFTY-I.NFO,24/04/2025,09:29:13,55430.6,55431.2,30,55444.4,150,90,1220280
BANKNIFTY-I.NFO,24/04/2025,09:29:14,55430.6,55435.8,30,55449.4,150,0,1220280
BANKNIFTY-I.NFO,24/04/2025,09:29:15,55430.6,55431.6,30,55446,150,0,1220280
BANKNIFTY-I.NFO,24/04/2025,09:29:17,55430.6,55434.6,60,55448,150,0,1220280
BANKNIFTY-I.NFO,24/04/2025,09:29:18,55434.4,55437.4,60,55452.6,120,90,1220280
BANKNIFTY-I.NFO,24/04/2025,09:29:19,55434.4,55439,60,55452.4,150,0,1220280
BANKNIFTY-I.NFO,24/04/2025,09:29:20,55434.4,55439,60,55448.8,150,0,1220280
BANKNIFTY-I.NFO,24/04/2025,09:29:21,55451,55439,180,55452.6,150,330,1220280
BANKNIFTY-I.NFO,24/04/2025,09:29:23,55452.4,55442,60,55449.8,150,900,1220280
BANKNIFTY-I.NFO,24/04/2025,09:29:24,55452.4,55442.8,180,55450.8,150,0,1220280
BANKNIFTY-I.NFO,24/04/2025,09:29:25,55452.4,55442.8,180,55453.6,150,0,1220280
BANKNIFTY-I.NFO,24/04/2025,09:29:26,55452.4,55448.6,30,55450,30,0,1220280
BANKNIFTY-I.NFO,24/04/2025,09:29:28,55452.4,55448.6,30,55450,60,0,1220280
BANKNIFTY-I.NFO,24/04/2025,09:29:29,55448.2,55442.8,180,55448.2,30,180,1220280
BANKNIFTY-I.NFO,24/04/2025,09:29:30,55448,55442.8,180,55443.8,30,30,1220280
BANKNIFTY-I.NFO,24/04/2025,09:29:31,55447.6,55442.8,180,55444.4,30,390,1220280
BANKNIFTY-I.NFO,24/04/2025,09:29:33,55447.6,55442.8,180,55446.4,150,0,1220280
BANKNIFTY-I.NFO,24/04/2025,09:29:34,55450,55442.8,180,55451.4,30,30,1220280
BANKNIFTY-I.NFO,24/04/2025,09:29:35,55450,55442.8,180,55451.6,30,0,1220280
BANKNIFTY-I.NFO,24/04/2025,09:29:36,55450,55442.8,180,55448.4,30,0,1220280
BANKNIFTY-I.NFO,24/04/2025,09:29:38,55450,55442.8,180,55446.8,60,0,1220280
BANKNIFTY-I.NFO,24/04/2025,09:29:39,55442.8,55441.8,330,55444.6,30,420,1220280
BANKNIFTY-I.NFO,24/04/2025,09:29:40,55441.8,55441.8,240,55447.4,60,90,1220280
BANKNIFTY-I.NFO,24/04/2025,09:29:42,55441.8,55441.8,240,55445.4,30,0,1220280
BANKNIFTY-I.NFO,24/04/2025,09:29:43,55446.8,55441.8,240,55447.4,30,30,1220280
BANKNIFTY-I.NFO,24/04/2025,09:29:44,55446.8,55441.8,240,55449.4,30,0,1220280
BANKNIFTY-I.NFO,24/04/2025,09:29:45,55446.8,55441.8,240,55449,30,0,1220280
BANKNIFTY-I.NFO,24/04/2025,09:29:47,55441.8,55441.8,210,55445.6,180,30,1220280
BANKNIFTY-I.NFO,24/04/2025,09:29:48,55441.8,55441.8,150,55444.4,30,60,1220280
BANKNIFTY-I.NFO,24/04/2025,09:29:49,55441.8,55441.8,150,55446.2,30,0,1220280
BANKNIFTY-I.NFO,24/04/2025,09:29:50,55441.8,55441.8,150,55446.6,30,0,1220280
BANKNIFTY-I.NFO,24/04/2025,09:29:51,55441.8,55441.8,150,55446.8,30,0,1220280
BANKNIFTY-I.NFO,24/04/2025,09:29:53,55441.8,55442,30,55444.6,30,0,1220280
BANKNIFTY-I.NFO,24/04/2025,09:29:54,55441.8,55442,30,55446.8,30,0,1220280
BANKNIFTY-I.NFO,24/04/2025,09:29:55,55451.8,55441.8,90,55452.4,30,210,1220280
BANKNIFTY-I.NFO,24/04/2025,09:29:56,55451.8,55441.8,90,55451.8,30,0,1220280
BANKNIFTY-I.NFO,24/04/2025,09:29:58,55441.8,55441.8,90,55449.6,90,60,1220280
BANKNIFTY-I.NFO,24/04/2025,09:29:59,55441.8,55441.8,90,55450.2,60,0,1220280
BANKNIFTY-I.NFO,24/04/2025,09:30:00,55451.6,55441.8,90,55451.8,60,60,1220280
BANKNIFTY-I.NFO,24/04/2025,09:30:01,55452,55441.8,90,55449.2,30,270,1220280
BANKNIFTY-I.NFO,24/04/2025,09:30:03,55451.8,55441.8,90,55445,30,900,1220280
BANKNIFTY-I.NFO,24/04/2025,09:30:04,55451.8,55441.8,90,55445,30,0,1220280
BANKNIFTY-I.NFO,24/04/2025,09:30:08,55441.8,55441.8,60,55450,30,30,1220280
BANKNIFTY-I.NFO,24/04/2025,09:30:09,55441.8,55441.8,60,55453,30,0,1220280
BANKNIFTY-I.NFO,24/04/2025,09:30:10,55442,55442.4,120,55453,30,60,1220280
BANKNIFTY-I.NFO,24/04/2025,09:30:11,55442,55442,120,55453,30,0,1220280
BANKNIFTY-I.NFO,24/04/2025,09:30:13,55457.4,55442.4,150,55457.4,180,90,1220280
BANKNIFTY-I.NFO,24/04/2025,09:30:14,55442,55442,120,55455.8,30,30,1220280
BANKNIFTY-I.NFO,24/04/2025,09:30:15,55442,55441.8,30,55449.4,60,0,1220280
BANKNIFTY-I.NFO,24/04/2025,09:30:16,55448.6,55441.8,30,55447.4,30,90,1220280
BANKNIFTY-I.NFO,24/04/2025,09:30:18,55441.8,55434.4,30,55442,30,30,1220280
BANKNIFTY-I.NFO,24/04/2025,09:30:19,55444,55434.4,30,55442.4,60,900,1220280
BANKNIFTY-I.NFO,24/04/2025,09:30:20,55444,55434.4,30,55446.2,30,0,1220280
BANKNIFTY-I.NFO,24/04/2025,09:30:21,55444,55434.4,30,55446,60,0,1220280
BANKNIFTY-I.NFO,24/04/2025,09:30:23,55444,55434.4,30,55444,60,0,1220280
BANKNIFTY-I.NFO,24/04/2025,09:30:24,55444,55434.4,30,55443.4,30,0,1220280
BANKNIFTY-I.NFO,24/04/2025,09:30:25,55444,55434.4,30,55444,60,0,1220280
BANKNIFTY-I.NFO,24/04/2025,09:30:26,55444,55434.6,120,55444,60,0,1220280
BANKNIFTY-I.NFO,24/04/2025,09:30:28,55444,55435.8,120,55444,60,0,1220280
BANKNIFTY-I.NFO,24/04/2025,09:30:29,55444,55436.8,120,55444,30,30,1220280
BANKNIFTY-I.NFO,24/04/2025,09:30:30,55444,55437.8,270,55444,30,0,1220280
BANKNIFTY-I.NFO,24/04/2025,09:30:31,55444,55437.2,120,55444,30,0,1220280
BANKNIFTY-I.NFO,24/04/2025,09:30:32,55444,55436.6,120,55444,30,0,1220280
BANKNIFTY-I.NFO,24/04/2025,09:30:34,55444,55437,120,55444,30,0,1220280
BANKNIFTY-I.NFO,24/04/2025,09:30:35,55436.6,55438,120,55444,30,30,1220280
BANKNIFTY-I.NFO,24/04/2025,09:30:36,55436.6,55440.2,120,55444,30,0,1220280
BANKNIFTY-I.NFO,24/04/2025,09:30:37,55444,55444.4,60,55450,60,30,1220280
BANKNIFTY-I.NFO,24/04/2025,09:30:39,55444,55445.6,120,55450,60,0,1220280
BANKNIFTY-I.NFO,24/04/2025,09:30:40,55444,55445,120,55450,60,0,1220280
BANKNIFTY-I.NFO,24/04/2025,09:30:41,55444,55443.2,60,55444,30,0,1220280
BANKNIFTY-I.NFO,24/04/2025,09:30:42,55443.2,55436.8,120,55444,30,60,1220280
BANKNIFTY-I.NFO,24/04/2025,09:30:44,55443.2,55441.8,210,55444,30,0,1220280
BANKNIFTY-I.NFO,24/04/2025,09:30:45,55445,55444.6,120,55450,60,60,1220280
BANKNIFTY-I.NFO,24/04/2025,09:30:46,55445,55445.4,120,55450,60,0,1220280
BANKNIFTY-I.NFO,24/04/2025,09:30:47,55446,55446,120,55450,60,30,1220280
BANKNIFTY-I.NFO,24/04/2025,09:30:49,55446,55446.8,120,55450,60,0,1220280
BANKNIFTY-I.NFO,24/04/2025,09:30:50,55450,55445.8,60,55450,30,60,1220280
BANKNIFTY-I.NFO,24/04/2025,09:30:51,55450,55443.6,180,55450,30,0,1220280
BANKNIFTY-I.NFO,24/04/2025,09:30:52,55460.6,55445,120,55459.4,30,600,1220280
BANKNIFTY-I.NFO,24/04/2025,09:30:54,55443.4,55457.8,60,55460.4,30,30,1220280
BANKNIFTY-I.NFO,24/04/2025,09:30:55,55457.8,55444.6,120,55458.2,30,60,1220280
BANKNIFTY-I.NFO,24/04/2025,09:30:56,55444.6,55445,30,55457.8,30,60,1212000
BANKNIFTY-I.NFO,24/04/2025,09:30:57,55444.6,55457.8,60,55461.8,30,0,1212000
BANKNIFTY-I.NFO,24/04/2025,09:30:58,55457.8,55457.8,30,55461.8,30,30,1212000
BANKNIFTY-I.NFO,24/04/2025,09:31:00,55461.2,55457.8,30,55461.2,60,30,1212000
BANKNIFTY-I.NFO,24/04/2025,09:31:01,55456.2,55445,30,55449,30,90,1212000
BANKNIFTY-I.NFO,24/04/2025,09:31:02,55456.2,55445,30,55446.2,30,0,1212000
BANKNIFTY-I.NFO,24/04/2025,09:31:03,55443.6,55434.4,30,55442.8,90,270,1212000
BANKNIFTY-I.NFO,24/04/2025,09:31:05,55441.2,55434.4,30,55440.4,120,390,1212000
BANKNIFTY-I.NFO,24/04/2025,09:31:06,55434.4,55431.2,300,55442.4,30,30,1212000
BANKNIFTY-I.NFO,24/04/2025,09:31:07,55434.4,55432.6,120,55444,30,0,1212000
BANKNIFTY-I.NFO,24/04/2025,09:31:08,55434.4,55431.2,300,55443,30,60,1212000
BANKNIFTY-I.NFO,24/04/2025,09:31:10,55434.4,55433.2,180,55447.6,60,330,1212000
BANKNIFTY-I.NFO,24/04/2025,09:31:11,55434.4,55434.8,120,55449.2,90,0,1212000
BANKNIFTY-I.NFO,24/04/2025,09:31:12,55434.4,55436.2,540,55450,180,0,1212000
BANKNIFTY-I.NFO,24/04/2025,09:31:13,55434.4,55436.2,390,55450,480,0,1212000
BANKNIFTY-I.NFO,24/04/2025,09:31:14,55437.2,55436.6,390,55450,330,360,1212000
BANKNIFTY-I.NFO,24/04/2025,09:31:16,55438.8,55440.2,60,55450,330,30,1212000
BANKNIFTY-I.NFO,24/04/2025,09:31:17,55438.8,55437.6,300,55450,360,0,1212000
BANKNIFTY-I.NFO,24/04/2025,09:31:18,55438.8,55438.2,60,55450,390,0,1212000
BANKNIFTY-I.NFO,24/04/2025,09:31:19,55446,55435.8,270,55445.2,30,60,1212000
BANKNIFTY-I.NFO,24/04/2025,09:31:20,55443.6,55440,30,55443,30,300,1212000
BANKNIFTY-I.NFO,24/04/2025,09:31:22,55440,55434.2,300,55440.8,60,30,1212000
BANKNIFTY-I.NFO,24/04/2025,09:31:23,55434.2,55434.2,300,55440.2,30,30,1212000
BANKNIFTY-I.NFO,24/04/2025,09:31:24,55439.6,55434.2,300,55435.4,30,30,1212000
BANKNIFTY-I.NFO,24/04/2025,09:31:25,55435.4,55434.2,300,55444.6,30,30,1212000
BANKNIFTY-I.NFO,24/04/2025,09:31:27,55435.4,55435.6,120,55450,390,0,1212000
BANKNIFTY-I.NFO,24/04/2025,09:31:28,55435.8,55436,60,55450,390,60,1212000
BANKNIFTY-I.NFO,24/04/2025,09:31:29,55437.6,55434.2,300,55446.6,30,30,1212000
BANKNIFTY-I.NFO,24/04/2025,09:31:30,55434.2,55435.2,270,55446,30,180,1212000
BANKNIFTY-I.NFO,24/04/2025,09:31:31,55434.2,55434.2,300,55444.4,30,0,1212000
BANKNIFTY-I.NFO,24/04/2025,09:31:33,55434.2,55434.2,300,55435.8,60,0,1212000
BANKNIFTY-I.NFO,24/04/2025,09:31:34,55434.2,55434,120,55435.8,60,0,1212000
BANKNIFTY-I.NFO,24/04/2025,09:31:36,55434.2,55435,30,55435.8,60,0,1212000
BANKNIFTY-I.NFO,24/04/2025,09:31:39,55435,55434,120,55435,60,60,1212000
BANKNIFTY-I.NFO,24/04/2025,09:31:40,55435,55434,120,55435,30,30,1212000
BANKNIFTY-I.NFO,24/04/2025,09:31:41,55435,55434,120,55435,120,0,1212000
BANKNIFTY-I.NFO,24/04/2025,09:31:42,55435,55434.2,60,55435,90,60,1212000
BANKNIFTY-I.NFO,24/04/2025,09:31:43,55435.8,55434.4,120,55448.8,30,120,1212000
BANKNIFTY-I.NFO,24/04/2025,09:31:45,55435,55434.2,30,55447.2,60,30,1212000
BANKNIFTY-I.NFO,24/04/2025,09:31:46,55435,55435,150,55447.8,30,0,1212000
BANKNIFTY-I.NFO,24/04/2025,09:31:47,55435,55435,150,55447,60,0,1212000
BANKNIFTY-I.NFO,24/04/2025,09:31:48,55435,55435,150,55443.4,30,0,1212000
BANKNIFTY-I.NFO,24/04/2025,09:31:49,55431.2,55431,60,55445,30,450,1212000
BANKNIFTY-I.NFO,24/04/2025,09:31:51,55445.6,55431,60,55443.6,30,90,1212000
BANKNIFTY-I.NFO,24/04/2025,09:31:52,55431.2,55430.4,60,55445.8,60,180,1212000
BANKNIFTY-I.NFO,24/04/2025,09:31:53,55431.2,55432.4,30,55447.6,150,0,1212000
BANKNIFTY-I.NFO,24/04/2025,09:31:54,55446.8,55432.4,60,55446.6,30,120,1212000
BANKNIFTY-I.NFO,24/04/2025,09:31:56,55446.8,55432.8,90,55447.4,30,0,1212000
BANKNIFTY-I.NFO,24/04/2025,09:31:57,55446.8,55433.4,60,55440,30,0,1212000
BANKNIFTY-I.NFO,24/04/2025,09:31:58,55446.8,55432,60,55440,60,0,1212000
BANKNIFTY-I.NFO,24/04/2025,09:31:59,55446.8,55436.4,60,55440,60,0,1212000
BANKNIFTY-I.NFO,24/04/2025,09:32:00,55440,55440,30,55445.6,30,60,1212000
BANKNIFTY-I.NFO,24/04/2025,09:32:02,55445.6,55446.4,60,55450,360,60,1212000
BANKNIFTY-I.NFO,24/04/2025,09:32:03,55448,55449.2,120,55455,30,540,1212000
BANKNIFTY-I.NFO,24/04/2025,09:32:04,55448,55453.6,60,55455,30,0,1212000
BANKNIFTY-I.NFO,24/04/2025,09:32:05,55455,55454,30,55456,30,30,1212000
BANKNIFTY-I.NFO,24/04/2025,09:32:07,55455,55448.8,210,55456,30,0,1212000
BANKNIFTY-I.NFO,24/04/2025,09:32:08,55450.6,55448.6,30,55456,30,60,1212000
BANKNIFTY-I.NFO,24/04/2025,09:32:09,55447.2,55447.4,60,55458,30,60,1212000
BANKNIFTY-I.NFO,24/04/2025,09:32:10,55450.2,55449.4,60,55458,30,150,1212000
BANKNIFTY-I.NFO,24/04/2025,09:32:12,55458,55448.8,30,55460,30,30,1212000
BANKNIFTY-I.NFO,24/04/2025,09:32:13,55458,55455.2,60,55460,30,0,1212000
BANKNIFTY-I.NFO,24/04/2025,09:32:14,55460,55457.8,240,55462.8,30,60,1212000
BANKNIFTY-I.NFO,24/04/2025,09:32:15,55481.4,55476,30,55481.4,120,1380,1212000
BANKNIFTY-I.NFO,24/04/2025,09:32:15,55483,55476,30,55481.4,120,0,1212000
BANKNIFTY-I.NFO,24/04/2025,09:32:17,55478.4,55459.8,120,55475.2,30,630,1212000
BANKNIFTY-I.NFO,24/04/2025,09:32:18,55476.8,55460.8,150,55476.4,60,30,1212000
BANKNIFTY-I.NFO,24/04/2025,09:32:19,55473,55458.2,150,55474.4,120,60,1212000
BANKNIFTY-I.NFO,24/04/2025,09:32:20,55478,55460.8,120,55476.8,30,90,1212000
BANKNIFTY-I.NFO,24/04/2025,09:32:22,55460.6,55463,330,55478.4,30,150,1212000
BANKNIFTY-I.NFO,24/04/2025,09:32:23,55475,55463,120,55478.4,60,120,1212000
BANKNIFTY-I.NFO,24/04/2025,09:32:24,55475,55465.2,120,55480.4,30,0,1212000
BANKNIFTY-I.NFO,24/04/2025,09:32:25,55475,55464.6,60,55476.8,30,0,1212000
BANKNIFTY-I.NFO,24/04/2025,09:32:27,55465.2,55465,30,55476.8,30,30,1212000
BANKNIFTY-I.NFO,24/04/2025,09:32:28,55476.8,55465,30,55475,150,30,1212000
BANKNIFTY-I.NFO,24/04/2025,09:32:29,55464,55464.2,60,55475,150,120,1212000
BANKNIFTY-I.NFO,24/04/2025,09:32:30,55464,55471.4,120,55475,150,0,1212000
BANKNIFTY-I.NFO,24/04/2025,09:32:32,55469.2,55467.8,60,55475,90,120,1212000
BANKNIFTY-I.NFO,24/04/2025,09:32:33,55475,55464,30,55475,60,30,1212000
BANKNIFTY-I.NFO,24/04/2025,09:32:34,55475,55464.2,60,55475,60,0,1212000
BANKNIFTY-I.NFO,24/04/2025,09:32:35,55464,55455.2,300,55468.6,30,60,1212000
BANKNIFTY-I.NFO,24/04/2025,09:32:36,55455,55452.4,120,55464,30,30,1212000
BANKNIFTY-I.NFO,24/04/2025,09:32:38,55464,55450,210,55462.4,30,30,1212000
BANKNIFTY-I.NFO,24/04/2025,09:32:39,55462.6,55451.2,270,55464.8,120,30,1212000
BANKNIFTY-I.NFO,24/04/2025,09:32:40,55462.6,55462.4,60,55467.6,30,0,1212000
BANKNIFTY-I.NFO,24/04/2025,09:32:41,55462.6,55462.4,300,55469,30,0,1212000
BANKNIFTY-I.NFO,24/04/2025,09:32:43,55471.2,55470.2,60,55472.4,90,90,1212000
BANKNIFTY-I.NFO,24/04/2025,09:32:44,55462.4,55455.4,240,55462.4,90,270,1212000
BANKNIFTY-I.NFO,24/04/2025,09:32:45,55468,55455.4,210,55470.6,30,150,1212000
BANKNIFTY-I.NFO,24/04/2025,09:32:46,55460.2,55460,240,55473,30,60,1212000
BANKNIFTY-I.NFO,24/04/2025,09:32:48,55475,55475,60,55476,30,60,1212000
BANKNIFTY-I.NFO,24/04/2025,09:32:49,55475,55476.6,30,55479.2,30,1020,1212000
BANKNIFTY-I.NFO,24/04/2025,09:32:50,55475,55476.6,30,55480,120,0,1212000
BANKNIFTY-I.NFO,24/04/2025,09:32:51,55468,55463,150,55479.8,30,210,1212000
BANKNIFTY-I.NFO,24/04/2025,09:32:53,55477,55462,30,55476.4,120,660,1212000
BANKNIFTY-I.NFO,24/04/2025,09:32:54,55476.6,55462.2,300,55470,150,990,1212000
BANKNIFTY-I.NFO,24/04/2025,09:32:55,55476.6,55465,30,55470,150,0,1212000
BANKNIFTY-I.NFO,24/04/2025,09:32:56,55470.6,55470,30,55475.6,60,30,1212000
BANKNIFTY-I.NFO,24/04/2025,09:32:58,55470,55465,60,55470.2,90,90,1212000
BANKNIFTY-I.NFO,24/04/2025,09:32:59,55469.4,55465.2,30,55472.6,60,90,1212000
BANKNIFTY-I.NFO,24/04/2025,09:33:00,55475.6,55465.4,30,55476.6,60,1080,1212000
BANKNIFTY-I.NFO,24/04/2025,09:33:01,55476.2,55470.2,30,55472.8,30,120,1212000
BANKNIFTY-I.NFO,24/04/2025,09:33:03,55470.2,55465.4,30,55472.4,30,90,1212000
BANKNIFTY-I.NFO,24/04/2025,09:33:04,55476.4,55465.6,30,55474,30,60,1212000
BANKNIFTY-I.NFO,24/04/2025,09:33:05,55465.6,55465.4,30,55473.8,30,120,1212000
BANKNIFTY-I.NFO,24/04/2025,09:33:06,55465.6,55465.6,30,55473.6,90,0,1212000
BANKNIFTY-I.NFO,24/04/2025,09:33:08,55465.6,55473.8,30,55475.6,180,30,1212000
BANKNIFTY-I.NFO,24/04/2025,09:33:09,55465.6,55473.8,30,55477,30,0,1212000
BANKNIFTY-I.NFO,24/04/2025,09:33:10,55473.8,55468,30,55477,30,30,1212000
BANKNIFTY-I.NFO,24/04/2025,09:33:11,55473.8,55468.2,30,55477,30,0,1212000
BANKNIFTY-I.NFO,24/04/2025,09:33:12,55484.2,55468.8,150,55483,30,270,1212000
BANKNIFTY-I.NFO,24/04/2025,09:33:12,55484.2,55468.8,150,55483,30,0,1212000
BANKNIFTY-I.NFO,24/04/2025,09:33:14,55470.2,55470.2,90,55485,180,480,1212000
BANKNIFTY-I.NFO,24/04/2025,09:33:15,55470.2,55468.6,30,55481.2,150,0,1212000
BANKNIFTY-I.NFO,24/04/2025,09:33:16,55470.2,55468.6,30,55476.8,180,0,1212000
BANKNIFTY-I.NFO,24/04/2025,09:33:17,55473.4,55468.6,30,55473.6,150,120,1212000
BANKNIFTY-I.NFO,24/04/2025,09:33:19,55472.8,55468.6,30,55474,90,90,1212000
BANKNIFTY-I.NFO,24/04/2025,09:33:20,55474.2,55460.4,150,55474.8,60,30,1212000
BANKNIFTY-I.NFO,24/04/2025,09:33:21,55478,55470,60,55477,30,330,1212000
BANKNIFTY-I.NFO,24/04/2025,09:33:22,55478,55470.2,30,55473.8,30,0,1212000
BANKNIFTY-I.NFO,24/04/2025,09:33:23,55475.4,55474.6,30,55477.2,30,30,1212000
BANKNIFTY-I.NFO,24/04/2025,09:33:25,55475.4,55475.4,60,55479.4,30,60,1212000
BANKNIFTY-I.NFO,24/04/2025,09:33:26,55475.4,55475.4,60,55476.8,30,0,1212000
BANKNIFTY-I.NFO,24/04/2025,09:33:27,55474.6,55470,60,55473.6,60,90,1212000
BANKNIFTY-I.NFO,24/04/2025,09:33:28,55474,55470.2,30,55477,60,30,1212000
BANKNIFTY-I.NFO,24/04/2025,09:33:29,55477.8,55470.2,30,55478.2,90,120,1212000
BANKNIFTY-I.NFO,24/04/2025,09:33:31,55478.2,55470.4,30,55481.8,30,60,1212000
BANKNIFTY-I.NFO,24/04/2025,09:33:32,55470.4,55470.2,30,55472.2,30,60,1212000
BANKNIFTY-I.NFO,24/04/2025,09:33:33,55475.2,55470.2,30,55475.2,30,150,1212000
BANKNIFTY-I.NFO,24/04/2025,09:33:34,55475.4,55470,60,55476.8,60,60,1212000
BANKNIFTY-I.NFO,24/04/2025,09:33:36,55475.4,55476.8,30,55477.8,30,0,1212000
BANKNIFTY-I.NFO,24/04/2025,09:33:37,55470,55470,30,55476.4,30,90,1212000
BANKNIFTY-I.NFO,24/04/2025,09:33:38,55477.4,55470,30,55474.4,30,30,1212000
BANKNIFTY-I.NFO,24/04/2025,09:33:39,55477.4,55470,30,55475.4,30,0,1212000
BANKNIFTY-I.NFO,24/04/2025,09:33:40,55471,55470,30,55478.8,30,30,1212000
BANKNIFTY-I.NFO,24/04/2025,09:33:42,55475.4,55470,30,55475.8,30,30,1212000
BANKNIFTY-I.NFO,24/04/2025,09:33:43,55477.6,55470,30,55478.4,30,30,1212000
BANKNIFTY-I.NFO,24/04/2025,09:33:44,55477.6,55470,30,55475.4,30,0,1212000
BANKNIFTY-I.NFO,24/04/2025,09:33:45,55474.6,55470.2,30,55474.2,30,30,1212000
BANKNIFTY-I.NFO,24/04/2025,09:33:46,55474.6,55470.2,30,55472,150,0,1212000
BANKNIFTY-I.NFO,24/04/2025,09:33:48,55470,55460.2,300,55468.6,30,60,1212000
BANKNIFTY-I.NFO,24/04/2025,09:33:49,55460.2,55461.4,240,55466,60,60,1212000
BANKNIFTY-I.NFO,24/04/2025,09:33:50,55460.2,55460,120,55463.4,30,30,1212000
BANKNIFTY-I.NFO,24/04/2025,09:33:51,55460,55460,90,55462,30,30,1212000
BANKNIFTY-I.NFO,24/04/2025,09:33:52,55460,55450.2,300,55460.8,150,180,1212000
BANKNIFTY-I.NFO,24/04/2025,09:33:54,55458,55450.2,300,55462.2,60,30,1212000
BANKNIFTY-I.NFO,24/04/2025,09:33:55,55450.6,55459.6,210,55462.8,150,390,1212000
BANKNIFTY-I.NFO,24/04/2025,09:33:56,55457,55450.2,240,55457.8,30,120,1209150
BANKNIFTY-I.NFO,24/04/2025,09:33:57,55454.4,55450.2,240,55454,60,30,1209150
BANKNIFTY-I.NFO,24/04/2025,09:33:59,55451.2,55450,300,55450.4,30,300,1209150
BANKNIFTY-I.NFO,24/04/2025,09:34:00,55440,55431.2,30,55440.2,60,480,1209150
BANKNIFTY-I.NFO,24/04/2025,09:34:01,55431,55430,210,55435.6,30,90,1209150
BANKNIFTY-I.NFO,24/04/2025,09:34:02,55420,55420,30,55424.4,120,450,1209150
BANKNIFTY-I.NFO,24/04/2025,09:34:04,55410,55409,30,55412,90,90,1209150
BANKNIFTY-I.NFO,24/04/2025,09:34:05,55412,55409.2,150,55412,30,60,1209150
BANKNIFTY-I.NFO,24/04/2025,09:34:06,55410.6,55412.8,120,55420,60,120,1209150
BANKNIFTY-I.NFO,24/04/2025,09:34:07,55414.2,55415.6,180,55420,60,150,1209150
BANKNIFTY-I.NFO,24/04/2025,09:34:08,55421.4,55421.2,390,55437.8,60,120,1209150
BANKNIFTY-I.NFO,24/04/2025,09:34:10,55421.4,55427.4,90,55440,30,0,1209150
BANKNIFTY-I.NFO,24/04/2025,09:34:11,55431.4,55436,120,55440,30,30,1209150
BANKNIFTY-I.NFO,24/04/2025,09:34:12,55431.4,55437.8,120,55440,30,0,1209150
BANKNIFTY-I.NFO,24/04/2025,09:34:13,55450,55443.8,30,55455.2,150,120,1209150
BANKNIFTY-I.NFO,24/04/2025,09:34:15,55450,55436.8,30,55443.8,30,0,1209150
BANKNIFTY-I.NFO,24/04/2025,09:34:16,55450,55436.8,30,55447,30,0,1209150
BANKNIFTY-I.NFO,24/04/2025,09:34:17,55436.8,55434,150,55451,30,150,1209150
BANKNIFTY-I.NFO,24/04/2025,09:34:19,55449.4,55434,120,55446.4,60,60,1209150
BANKNIFTY-I.NFO,24/04/2025,09:34:20,55436.8,55435,120,55446.4,60,90,1209150
BANKNIFTY-I.NFO,24/04/2025,09:34:21,55438.6,55440,120,55446.4,60,60,1209150
BANKNIFTY-I.NFO,24/04/2025,09:34:22,55446.4,55446.4,30,55448,30,60,1209150
BANKNIFTY-I.NFO,24/04/2025,09:34:23,55446.4,55446.4,30,55448,30,0,1209150
BANKNIFTY-I.NFO,24/04/2025,09:34:25,55446.4,55438.2,30,55448,30,30,1209150
BANKNIFTY-I.NFO,24/04/2025,09:34:26,55446.4,55435.6,30,55446,30,0,1209150
BANKNIFTY-I.NFO,24/04/2025,09:34:27,55439.2,55437.4,30,55448,30,60,1209150
BANKNIFTY-I.NFO,24/04/2025,09:34:28,55437.4,55441,60,55448,30,60,1209150
BANKNIFTY-I.NFO,24/04/2025,09:34:30,55441,55441.2,30,55448,30,210,1209150
BANKNIFTY-I.NFO,24/04/2025,09:34:31,55441,55438.8,60,55448,30,120,1209150
BANKNIFTY-I.NFO,24/04/2025,09:34:32,55440.4,55441.4,120,55448,30,90,1209150
BANKNIFTY-I.NFO,24/04/2025,09:34:33,55448,55435.8,180,55449,60,30,1209150
BANKNIFTY-I.NFO,24/04/2025,09:34:34,55448,55436.4,210,55449,60,30,1209150
BANKNIFTY-I.NFO,24/04/2025,09:34:36,55448,55442.8,150,55449,60,0,1209150
BANKNIFTY-I.NFO,24/04/2025,09:34:37,55441.4,55440.2,30,55449,60,30,1209150
BANKNIFTY-I.NFO,24/04/2025,09:34:38,55449,55445.4,150,55449,30,30,1209150
BANKNIFTY-I.NFO,24/04/2025,09:34:39,55460,55449.8,150,55460,300,150,1209150
BANKNIFTY-I.NFO,24/04/2025,09:34:41,55460,55445.8,60,55460,300,0,1209150
BANKNIFTY-I.NFO,24/04/2025,09:34:42,55449.2,55449.2,60,55460,300,30,1209150
BANKNIFTY-I.NFO,24/04/2025,09:34:43,55449.2,55449.8,30,55460,330,30,1209150
BANKNIFTY-I.NFO,24/04/2025,09:34:44,55449.2,55449.2,60,55460,330,90,1209150
BANKNIFTY-I.NFO,24/04/2025,09:34:46,55449.2,55449.8,60,55460,360,0,1209150
BANKNIFTY-I.NFO,24/04/2025,09:34:47,55460,55449.2,60,55460,330,30,1209150
BANKNIFTY-I.NFO,24/04/2025,09:34:48,55460,55450.2,60,55460,270,60,1209150
BANKNIFTY-I.NFO,24/04/2025,09:34:49,55460,55456,150,55460,300,0,1209150
BANKNIFTY-I.NFO,24/04/2025,09:34:50,55460,55455.8,60,55460,150,150,1209150
BANKNIFTY-I.NFO,24/04/2025,09:34:52,55460,55458.4,150,55460,60,90,1209150
BANKNIFTY-I.NFO,24/04/2025,09:34:53,55460,55452.6,60,55460,60,0,1209150
BANKNIFTY-I.NFO,24/04/2025,09:34:54,55460,55453.6,60,55462.2,30,60,1209150
BANKNIFTY-I.NFO,24/04/2025,09:34:55,55450.6,55460,150,55462.2,30,420,1209150
BANKNIFTY-I.NFO,24/04/2025,09:34:57,55474.4,55461.4,150,55473.4,30,120,1209150
BANKNIFTY-I.NFO,24/04/2025,09:34:58,55474.4,55460,60,55472.2,30,0,1209150
BANKNIFTY-I.NFO,24/04/2025,09:34:59,55474.4,55460.6,60,55472.8,30,0,1209150
BANKNIFTY-I.NFO,24/04/2025,09:35:00,55474.4,55462.6,150,55475,60,0,1209150
BANKNIFTY-I.NFO,24/04/2025,09:35:02,55475,55460.2,60,55475,120,60,1209150
BANKNIFTY-I.NFO,24/04/2025,09:35:03,55461.2,55463.4,150,55475.2,60,150,1209150
BANKNIFTY-I.NFO,24/04/2025,09:35:04,55465.6,55463.2,60,55470,30,60,1209150
BANKNIFTY-I.NFO,24/04/2025,09:35:05,55470,55470.2,30,55475,30,30,1209150
BANKNIFTY-I.NFO,24/04/2025,09:35:07,55475.2,55470.6,30,55475.2,30,60,1209150
BANKNIFTY-I.NFO,24/04/2025,09:35:08,55477.4,55475.4,30,55478,30,120,1209150
BANKNIFTY-I.NFO,24/04/2025,09:35:09,55475.4,55475.4,60,55484.2,180,60,1209150
BANKNIFTY-I.NFO,24/04/2025,09:35:10,55475.4,55475.4,60,55485,30,0,1209150
BANKNIFTY-I.NFO,24/04/2025,09:35:12,55472.6,55469.8,30,55485,120,990,1209150
BANKNIFTY-I.NFO,24/04/2025,09:35:12,55487.4,55469.8,30,55485,120,0,1209150
BANKNIFTY-I.NFO,24/04/2025,09:35:13,55481.4,55470,60,55485.6,180,360,1209150
BANKNIFTY-I.NFO,24/04/2025,09:35:14,55489.8,55477,150,55490,120,150,1209150
BANKNIFTY-I.NFO,24/04/2025,09:35:14,55489.8,55477,150,55490,120,0,1209150
BANKNIFTY-I.NFO,24/04/2025,09:35:15,55489,55478.4,150,55490,120,30,1209150
BANKNIFTY-I.NFO,24/04/2025,09:35:17,55493.6,55481,180,55493.6,60,360,1209150
BANKNIFTY-I.NFO,24/04/2025,09:35:17,55493.6,55481,180,55493.6,60,0,1209150
BANKNIFTY-I.NFO,24/04/2025,09:35:18,55499.8,55484.4,240,55499.8,180,1410,1209150
BANKNIFTY-I.NFO,24/04/2025,09:35:18,55499.8,55484.4,240,55499.8,180,0,1209150
BANKNIFTY-I.NFO,24/04/2025,09:35:19,55500,55494.4,30,55500,360,390,1209150
BANKNIFTY-I.NFO,24/04/2025,09:35:19,55500,55494.4,30,55500,360,0,1209150
BANKNIFTY-I.NFO,24/04/2025,09:35:20,55500,55497,150,55500,270,90,1209150
BANKNIFTY-I.NFO,24/04/2025,09:35:22,55494.4,55493.6,30,55500,180,120,1209150
BANKNIFTY-I.NFO,24/04/2025,09:35:23,55500,55493.6,30,55500,90,90,1209150
BANKNIFTY-I.NFO,24/04/2025,09:35:24,55501.2,55501.2,240,55511.2,150,270,1209150
BANKNIFTY-I.NFO,24/04/2025,09:35:24,55501.2,55501.2,240,55511.2,150,0,1209150
BANKNIFTY-I.NFO,24/04/2025,09:35:25,55519.4,55516,30,55520,30,900,1209150
BANKNIFTY-I.NFO,24/04/2025,09:35:25,55519.4,55516,30,55520,30,0,1209150
BANKNIFTY-I.NFO,24/04/2025,09:35:26,55520,55516,30,55520.8,30,90,1209150
BANKNIFTY-I.NFO,24/04/2025,09:35:26,55521.2,55516,30,55520.8,30,0,1209150
BANKNIFTY-I.NFO,24/04/2025,09:35:28,55520.4,55511.4,150,55521,60,660,1209150
BANKNIFTY-I.NFO,24/04/2025,09:35:29,55529,55515.4,240,55530.6,150,720,1209150
BANKNIFTY-I.NFO,24/04/2025,09:35:29,55529,55515.4,240,55530.6,150,0,1209150
BANKNIFTY-I.NFO,24/04/2025,09:35:30,55530.6,55520,30,55529.6,30,90,1209150
BANKNIFTY-I.NFO,24/04/2025,09:35:30,55530.6,55520,30,55529.6,30,0,1209150
BANKNIFTY-I.NFO,24/04/2025,09:35:31,55530.2,55526,30,55530,30,30,1209150
BANKNIFTY-I.NFO,24/04/2025,09:35:33,55532,55530.4,30,55535,30,270,1209150
BANKNIFTY-I.NFO,24/04/2025,09:35:33,55532,55530.4,30,55535,30,0,1209150
BANKNIFTY-I.NFO,24/04/2025,09:35:34,55535,55529.6,270,55535,30,90,1209150
BANKNIFTY-I.NFO,24/04/2025,09:35:34,55535,55529.6,270,55535,30,0,1209150
BANKNIFTY-I.NFO,24/04/2025,09:35:35,55538.6,55533,30,55537.6,30,360,1209150
BANKNIFTY-I.NFO,24/04/2025,09:35:35,55540,55533,30,55537.6,30,0,1209150
BANKNIFTY-I.NFO,24/04/2025,09:35:36,55535.4,55530.8,60,55535.4,30,420,1209150
BANKNIFTY-I.NFO,24/04/2025,09:35:38,55530.8,55533.2,30,55538,30,30,1209150
BANKNIFTY-I.NFO,24/04/2025,09:35:39,55548.4,55536.8,30,55550,300,240,1209150
BANKNIFTY-I.NFO,24/04/2025,09:35:39,55548.4,55536.8,30,55550,300,0,1209150
BANKNIFTY-I.NFO,24/04/2025,09:35:40,55538.6,55536.4,60,55546.6,30,120,1209150
BANKNIFTY-I.NFO,24/04/2025,09:35:40,55549,55536.4,60,55546.6,30,0,1209150
BANKNIFTY-I.NFO,24/04/2025,09:35:41,55544,55536.4,60,55547.2,30,330,1209150
BANKNIFTY-I.NFO,24/04/2025,09:35:43,55548.4,55545,30,55548.2,30,330,1209150
BANKNIFTY-I.NFO,24/04/2025,09:35:44,55550,55545,30,55549.6,60,180,1209150
BANKNIFTY-I.NFO,24/04/2025,09:35:44,55550,55545,30,55549.6,60,0,1209150
BANKNIFTY-I.NFO,24/04/2025,09:35:45,55545,55548.8,30,55550,210,30,1209150
BANKNIFTY-I.NFO,24/04/2025,09:35:46,55550,55548.8,30,55550,30,180,1209150
BANKNIFTY-I.NFO,24/04/2025,09:35:48,55549,55549,60,55551,330,330,1209150
BANKNIFTY-I.NFO,24/04/2025,09:35:49,55548.2,55544,60,55548.2,60,390,1209150
BANKNIFTY-I.NFO,24/04/2025,09:35:50,55551,55550,30,55551,270,90,1209150
BANKNIFTY-I.NFO,24/04/2025,09:35:50,55551,55550,30,55551,270,0,1209150
BANKNIFTY-I.NFO,24/04/2025,09:35:51,55543.4,55548.2,30,55549.8,60,120,1209150
BANKNIFTY-I.NFO,24/04/2025,09:35:53,55546.2,55532,240,55546.8,30,90,1209150
BANKNIFTY-I.NFO,24/04/2025,09:35:54,55544.6,55530.8,30,55541.2,60,60,1209150
BANKNIFTY-I.NFO,24/04/2025,09:35:55,55541.8,55530.6,180,55543.6,30,60,1209150
BANKNIFTY-I.NFO,24/04/2025,09:35:56,55530.8,55530.8,420,55545,90,60,1209150
BANKNIFTY-I.NFO,24/04/2025,09:35:58,55530.8,55532.6,270,55545,90,0,1209150
BANKNIFTY-I.NFO,24/04/2025,09:35:59,55546.2,55544.4,240,55551,60,330,1209150
BANKNIFTY-I.NFO,24/04/2025,09:36:00,55545.4,55547.2,240,55555,180,150,1209150
BANKNIFTY-I.NFO,24/04/2025,09:36:00,55551.2,55547.2,240,55555,180,0,1209150
BANKNIFTY-I.NFO,24/04/2025,09:36:01,55555,55551,240,55560,30,180,1209150
BANKNIFTY-I.NFO,24/04/2025,09:36:01,55555,55551,240,55560,30,0,1209150
BANKNIFTY-I.NFO,24/04/2025,09:36:03,55556.8,55556.6,60,55567.4,60,870,1209150
BANKNIFTY-I.NFO,24/04/2025,09:36:03,55576.4,55556.6,60,55567.4,60,0,1209150
BANKNIFTY-I.NFO,24/04/2025,09:36:04,55567.4,55556.8,240,55572,180,30,1209150
BANKNIFTY-I.NFO,24/04/2025,09:36:05,55568.4,55556.8,240,55571.4,30,30,1209150
BANKNIFTY-I.NFO,24/04/2025,09:36:06,55563.2,55556.6,30,55564.2,60,600,1209150
BANKNIFTY-I.NFO,24/04/2025,09:36:08,55562.6,55546.6,240,55562.6,30,210,1209150
BANKNIFTY-I.NFO,24/04/2025,09:36:09,55557,55539.8,240,55555.8,30,90,1209150
BANKNIFTY-I.NFO,24/04/2025,09:36:10,55558.4,55550.6,150,55558.6,60,330,1209150
BANKNIFTY-I.NFO,24/04/2025,09:36:11,55549.2,55535.6,240,55550.6,30,420,1209150
BANKNIFTY-I.NFO,24/04/2025,09:36:13,55549.6,55536.2,240,55551.2,60,60,1209150
BANKNIFTY-I.NFO,24/04/2025,09:36:14,55552.8,55537.2,30,55550.2,90,390,1209150
BANKNIFTY-I.NFO,24/04/2025,09:36:15,55546.2,55536.4,600,55545.2,30,30,1209150
BANKNIFTY-I.NFO,24/04/2025,09:36:16,55545.4,55532.2,240,55545.4,30,570,1209150
BANKNIFTY-I.NFO,24/04/2025,09:36:18,55548.2,55532.4,240,55536.4,30,60,1209150
BANKNIFTY-I.NFO,24/04/2025,09:36:19,55536.4,55532.2,600,55544,30,30,1209150
BANKNIFTY-I.NFO,24/04/2025,09:36:20,55531,55532.2,240,55547,30,420,1209150
BANKNIFTY-I.NFO,24/04/2025,09:36:21,55548.2,55531.6,240,55547.2,30,60,1209150
BANKNIFTY-I.NFO,24/04/2025,09:36:23,55548.2,55531,480,55543.4,90,30,1209150
BANKNIFTY-I.NFO,24/04/2025,09:36:24,55548.2,55532.4,240,55542.6,60,0,1209150
BANKNIFTY-I.NFO,24/04/2025,09:36:25,55531.8,55535.8,180,55546.4,30,120,1209150
BANKNIFTY-I.NFO,24/04/2025,09:36:26,55548.6,55540,240,55555,30,90,1209150
BANKNIFTY-I.NFO,24/04/2025,09:36:28,55548.6,55544.8,30,55555,30,0,1209150
BANKNIFTY-I.NFO,24/04/2025,09:36:29,55547.8,55544.8,30,55547,60,90,1209150
BANKNIFTY-I.NFO,24/04/2025,09:36:30,55531,55531,90,55534.2,30,180,1209150
BANKNIFTY-I.NFO,24/04/2025,09:36:31,55530.4,55529,30,55531.4,90,330,1209150
BANKNIFTY-I.NFO,24/04/2025,09:36:33,55526.6,55511,30,55523,30,1140,1209150
BANKNIFTY-I.NFO,24/04/2025,09:36:34,55524,55509,30,55522.4,30,480,1209150
BANKNIFTY-I.NFO,24/04/2025,09:36:35,55510,55504.2,30,55517.4,30,660,1209150
BANKNIFTY-I.NFO,24/04/2025,09:36:37,55518,55503.4,30,55515,60,60,1209150
BANKNIFTY-I.NFO,24/04/2025,09:36:38,55514.2,55501.6,120,55515.4,60,330,1209150
BANKNIFTY-I.NFO,24/04/2025,09:36:39,55516.6,55509.4,240,55526.6,30,420,1209150
BANKNIFTY-I.NFO,24/04/2025,09:36:40,55516.6,55521,90,55529.8,60,30,1209150
BANKNIFTY-I.NFO,24/04/2025,09:36:42,55525,55525,270,55529.4,90,30,1209150
BANKNIFTY-I.NFO,24/04/2025,09:36:43,55522.2,55517.8,30,55519.6,60,390,1209150
BANKNIFTY-I.NFO,24/04/2025,09:36:44,55510.8,55515.6,90,55521.8,60,90,1209150
BANKNIFTY-I.NFO,24/04/2025,09:36:45,55510.8,55515.4,30,55524,60,0,1209150
BANKNIFTY-I.NFO,24/04/2025,09:36:47,55523,55515.4,30,55521.8,90,60,1209150
BANKNIFTY-I.NFO,24/04/2025,09:36:48,55523,55515.4,30,55519.2,90,0,1209150
BANKNIFTY-I.NFO,24/04/2025,09:36:49,55519.2,55515.4,30,55516.4,30,30,1209150
BANKNIFTY-I.NFO,24/04/2025,09:36:50,55515.6,55510.2,90,55518.8,90,90,1209150
BANKNIFTY-I.NFO,24/04/2025,09:36:52,55510,55505,30,55512,60,90,1209150
BANKNIFTY-I.NFO,24/04/2025,09:36:53,55505,55500.2,60,55505.8,90,30,1209150
BANKNIFTY-I.NFO,24/04/2025,09:36:54,55500,55500,600,55503.2,60,240,1209150
BANKNIFTY-I.NFO,24/04/2025,09:36:55,55500,55492,30,55495.4,30,600,1209150
BANKNIFTY-I.NFO,24/04/2025,09:36:57,55492,55491,30,55493.8,60,60,1209150
BANKNIFTY-I.NFO,24/04/2025,09:36:58,55475,55475.4,240,55491.2,30,120,1201470
BANKNIFTY-I.NFO,24/04/2025,09:36:59,55490.4,55473.6,240,55488.8,180,60,1201470
BANKNIFTY-I.NFO,24/04/2025,09:37:00,55490.4,55476.2,270,55491,30,0,1201470
BANKNIFTY-I.NFO,24/04/2025,09:37:02,55470,55466.8,300,55482.6,30,180,1201470
BANKNIFTY-I.NFO,24/04/2025,09:37:03,55474.4,55460.4,90,55472.4,120,30,1201470
BANKNIFTY-I.NFO,24/04/2025,09:37:04,55474.4,55460.4,90,55472.6,30,0,1201470
BANKNIFTY-I.NFO,24/04/2025,09:37:05,55474.4,55463.4,240,55474.6,30,0,1201470
BANKNIFTY-I.NFO,24/04/2025,09:37:06,55474.4,55469.8,390,55474.6,30,0,1201470
BANKNIFTY-I.NFO,24/04/2025,09:37:08,55480,55482.8,240,55489,210,60,1201470
BANKNIFTY-I.NFO,24/04/2025,09:37:09,55489,55483.8,240,55489,150,60,1201470
BANKNIFTY-I.NFO,24/04/2025,09:37:10,55490,55483.6,240,55490,30,180,1201470
BANKNIFTY-I.NFO,24/04/2025,09:37:11,55492,55490.4,180,55495,30,720,1201470
BANKNIFTY-I.NFO,24/04/2025,09:37:13,55495,55490.6,180,55500,210,30,1201470
BANKNIFTY-I.NFO,24/04/2025,09:37:14,55487,55489.2,180,55500,210,120,1201470
BANKNIFTY-I.NFO,24/04/2025,09:37:15,55500,55489,30,55498.6,150,30,1201470
BANKNIFTY-I.NFO,24/04/2025,09:37:16,55483,55484.6,150,55495,120,630,1201470
BANKNIFTY-I.NFO,24/04/2025,09:37:18,55489,55490,450,55495,120,30,1201470
BANKNIFTY-I.NFO,24/04/2025,09:37:19,55489,55491.4,150,55495,120,0,1201470
BANKNIFTY-I.NFO,24/04/2025,09:37:20,55495,55495.6,60,55500,30,210,1201470
BANKNIFTY-I.NFO,24/04/2025,09:37:21,55496,55495.2,150,55510.2,240,90,1201470
BANKNIFTY-I.NFO,24/04/2025,09:37:23,55490,55495.2,90,55496.8,60,60,1201470
BANKNIFTY-I.NFO,24/04/2025,09:37:24,55490,55490,360,55494.6,120,120,1201470
BANKNIFTY-I.NFO,24/04/2025,09:37:25,55490,55490,150,55494.4,150,240,1201470
BANKNIFTY-I.NFO,24/04/2025,09:37:26,55490,55490,120,55493.6,150,30,1201470
BANKNIFTY-I.NFO,24/04/2025,09:37:27,55490,55483,90,55491,240,150,1201470
BANKNIFTY-I.NFO,24/04/2025,09:37:29,55486.6,55483,90,55485,30,30,1201470
BANKNIFTY-I.NFO,24/04/2025,09:37:30,55483,55475,60,55483.6,150,90,1201470
BANKNIFTY-I.NFO,24/04/2025,09:37:31,55481.6,55475,60,55478.4,30,60,1201470
BANKNIFTY-I.NFO,24/04/2025,09:37:32,55479.6,55468.4,240,55483.4,150,540,1201470
BANKNIFTY-I.NFO,24/04/2025,09:37:34,55467.8,55465.8,120,55479.2,150,30,1201470
BANKNIFTY-I.NFO,24/04/2025,09:37:35,55466.2,55466.4,150,55480.4,150,30,1201470
BANKNIFTY-I.NFO,24/04/2025,09:37:36,55466.2,55462.2,240,55478,240,0,1201470
BANKNIFTY-I.NFO,24/04/2025,09:37:37,55466.2,55460.6,90,55474.8,150,0,1201470
BANKNIFTY-I.NFO,24/04/2025,09:37:39,55464.2,55464.6,60,55478.8,150,300,1201470
BANKNIFTY-I.NFO,24/04/2025,09:37:40,55480,55464,150,55478.4,120,90,1201470
BANKNIFTY-I.NFO,24/04/2025,09:37:41,55465.4,55465.8,90,55477,90,60,1201470
BANKNIFTY-I.NFO,24/04/2025,09:37:42,55462.2,55461.2,30,55476.8,240,30,1201470
BANKNIFTY-I.NFO,24/04/2025,09:37:44,55474.8,55460.4,90,55473.4,90,30,1201470
BANKNIFTY-I.NFO,24/04/2025,09:37:45,55474.8,55468.8,150,55477,90,0,1201470
BANKNIFTY-I.NFO,24/04/2025,09:37:46,55477,55477.6,30,55490,30,90,1201470
BANKNIFTY-I.NFO,24/04/2025,09:37:47,55477,55481,150,55490,30,0,1201470
BANKNIFTY-I.NFO,24/04/2025,09:37:49,55479.4,55482,150,55490,30,30,1201470
BANKNIFTY-I.NFO,24/04/2025,09:37:50,55495,55485.2,150,55495,270,60,1201470
BANKNIFTY-I.NFO,24/04/2025,09:37:51,55495,55481.8,150,55495,270,0,1201470
BANKNIFTY-I.NFO,24/04/2025,09:37:52,55480.2,55478,150,55490,90,30,1201470
BANKNIFTY-I.NFO,24/04/2025,09:37:53,55480.2,55476.4,30,55490.8,90,0,1201470
BANKNIFTY-I.NFO,24/04/2025,09:37:55,55490.4,55477.8,150,55488.2,30,30,1201470
BANKNIFTY-I.NFO,24/04/2025,09:37:56,55490.4,55487,150,55492,270,0,1201470
BANKNIFTY-I.NFO,24/04/2025,09:37:57,55492,55491,150,55492,150,150,1201470
BANKNIFTY-I.NFO,24/04/2025,09:37:58,55495,55493.4,150,55496,120,180,1201470
BANKNIFTY-I.NFO,24/04/2025,09:38:00,55503,55500,30,55502,30,330,1201470
BANKNIFTY-I.NFO,24/04/2025,09:38:01,55490.2,55491.2,30,55493.4,30,330,1201470
BANKNIFTY-I.NFO,24/04/2025,09:38:02,55503.4,55484.4,120,55500.2,240,180,1201470
BANKNIFTY-I.NFO,24/04/2025,09:38:03,55480.2,55475,30,55491.6,240,30,1201470
BANKNIFTY-I.NFO,24/04/2025,09:38:05,55491.6,55472,120,55486.6,60,90,1201470
BANKNIFTY-I.NFO,24/04/2025,09:38:06,55491.6,55477.8,120,55494.2,240,0,1201470
BANKNIFTY-I.NFO,24/04/2025,09:38:07,55491.6,55482.6,30,55497.8,60,0,1201470
BANKNIFTY-I.NFO,24/04/2025,09:38:08,55497.4,55481.8,60,55496,30,60,1201470
BANKNIFTY-I.NFO,24/04/2025,09:38:10,55497.4,55478.4,120,55492.4,30,0,1201470
BANKNIFTY-I.NFO,24/04/2025,09:38:11,55497.4,55481.2,30,55494,30,0,1201470
BANKNIFTY-I.NFO,24/04/2025,09:38:12,55497.4,55482.4,30,55495.8,30,0,1201470
BANKNIFTY-I.NFO,24/04/2025,09:38:13,55497.4,55487.6,150,55496.8,30,0,1201470
BANKNIFTY-I.NFO,24/04/2025,09:38:15,55497.4,55488.4,120,55496.6,30,0,1201470
BANKNIFTY-I.NFO,24/04/2025,09:38:16,55497.4,55484.4,120,55496.6,30,0,1201470
BANKNIFTY-I.NFO,24/04/2025,09:38:17,55497.4,55485.6,210,55496.4,30,0,1201470
BANKNIFTY-I.NFO,24/04/2025,09:38:18,55497.4,55481.6,60,55495.4,30,0,1201470
BANKNIFTY-I.NFO,24/04/2025,09:38:20,55492.6,55479.6,150,55492.6,30,60,1201470
BANKNIFTY-I.NFO,24/04/2025,09:38:21,55492.6,55484.4,60,55495,30,0,1201470
BANKNIFTY-I.NFO,24/04/2025,09:38:22,55492.6,55484,150,55494.8,30,0,1201470
BANKNIFTY-I.NFO,24/04/2025,09:38:23,55492.6,55486.2,30,55494.6,30,0,1201470
BANKNIFTY-I.NFO,24/04/2025,09:38:25,55490,55478,180,55488.8,60,30,1201470
BANKNIFTY-I.NFO,24/04/2025,09:38:26,55478,55478,90,55487.8,30,300,1201470
BANKNIFTY-I.NFO,24/04/2025,09:38:27,55478,55478,90,55485,30,0,1201470
BANKNIFTY-I.NFO,24/04/2025,09:38:28,55478,55478,90,55480.6,60,0,1201470
BANKNIFTY-I.NFO,24/04/2025,09:38:30,55478,55478,60,55484.2,30,60,1201470
BANKNIFTY-I.NFO,24/04/2025,09:38:31,55478,55478,60,55483.2,30,0,1201470
BANKNIFTY-I.NFO,24/04/2025,09:38:32,55478,55478,60,55484,30,0,1201470
BANKNIFTY-I.NFO,24/04/2025,09:38:33,55478,55478,60,55481.2,30,0,1201470
BANKNIFTY-I.NFO,24/04/2025,09:38:35,55478,55478,60,55482.8,30,0,1201470
BANKNIFTY-I.NFO,24/04/2025,09:38:36,55478,55478,60,55482.4,30,0,1201470
BANKNIFTY-I.NFO,24/04/2025,09:38:37,55482.6,55480,270,55483,30,90,1201470
BANKNIFTY-I.NFO,24/04/2025,09:38:38,55482.6,55480,270,55484.4,30,0,1201470
BANKNIFTY-I.NFO,24/04/2025,09:38:40,55484.6,55480,270,55488.8,270,60,1201470
BANKNIFTY-I.NFO,24/04/2025,09:38:41,55482.4,55482.4,30,55484.4,30,30,1201470
BANKNIFTY-I.NFO,24/04/2025,09:38:42,55482.4,55480,270,55482.4,30,30,1201470
BANKNIFTY-I.NFO,24/04/2025,09:38:43,55478,55472,30,55478,30,330,1201470
BANKNIFTY-I.NFO,24/04/2025,09:38:45,55480.4,55472,30,55479,30,30,1201470
BANKNIFTY-I.NFO,24/04/2025,09:38:46,55480.8,55480.8,150,55487.2,30,30,1201470
BANKNIFTY-I.NFO,24/04/2025,09:38:47,55480.8,55479.8,60,55493.4,30,30,1201470
BANKNIFTY-I.NFO,24/04/2025,09:38:48,55480,55473.8,60,55487.2,30,30,1201470
BANKNIFTY-I.NFO,24/04/2025,09:38:50,55474.4,55474.6,120,55488.2,30,150,1201470
BANKNIFTY-I.NFO,24/04/2025,09:38:51,55474.4,55474.4,30,55483,60,270,1201470
BANKNIFTY-I.NFO,24/04/2025,09:38:52,55474.4,55474.8,30,55483.6,30,0,1201470
BANKNIFTY-I.NFO,24/04/2025,09:38:53,55474.4,55472,30,55483.4,180,0,1201470
BANKNIFTY-I.NFO,24/04/2025,09:38:55,55474.4,55475.2,30,55483.6,30,90,1201470
BANKNIFTY-I.NFO,24/04/2025,09:38:56,55474.4,55476,30,55483.6,30,0,1201470
BANKNIFTY-I.NFO,24/04/2025,09:38:57,55474.4,55473.6,30,55483.6,30,0,1201470
BANKNIFTY-I.NFO,24/04/2025,09:38:58,55474.4,55472.4,150,55485,60,0,1201470
BANKNIFTY-I.NFO,24/04/2025,09:39:00,55474.4,55479.8,120,55487,30,0,1201470
BANKNIFTY-I.NFO,24/04/2025,09:39:01,55484.8,55479.8,120,55480,30,60,1201470
BANKNIFTY-I.NFO,24/04/2025,09:39:02,55483,55480,30,55483,60,330,1201470
BANKNIFTY-I.NFO,24/04/2025,09:39:03,55479.8,55479.8,30,55483,60,60,1201470
BANKNIFTY-I.NFO,24/04/2025,09:39:05,55479.8,55479.8,30,55484.2,30,0,1201470
BANKNIFTY-I.NFO,24/04/2025,09:39:06,55485,55485.2,30,55487.6,240,30,1201470
BANKNIFTY-I.NFO,24/04/2025,09:39:07,55480,55480,30,55485,30,60,1201470
BANKNIFTY-I.NFO,24/04/2025,09:39:08,55486.4,55480,30,55486.8,60,60,1201470
BANKNIFTY-I.NFO,24/04/2025,09:39:10,55486.2,55480,30,55490,90,120,1201470
BANKNIFTY-I.NFO,24/04/2025,09:39:11,55489.8,55481,30,55489.8,30,30,1201470
BANKNIFTY-I.NFO,24/04/2025,09:39:12,55489.8,55477.4,120,55489.8,30,0,1201470
BANKNIFTY-I.NFO,24/04/2025,09:39:13,55489.8,55481,90,55490,90,0,1201470
BANKNIFTY-I.NFO,24/04/2025,09:39:15,55481,55481,60,55484.2,120,30,1201470
BANKNIFTY-I.NFO,24/04/2025,09:39:16,55481,55481,60,55484.2,120,0,1201470
BANKNIFTY-I.NFO,24/04/2025,09:39:17,55484.2,55481,60,55484.2,30,90,1201470
BANKNIFTY-I.NFO,24/04/2025,09:39:18,55484.2,55481,60,55487,120,0,1201470
BANKNIFTY-I.NFO,24/04/2025,09:39:20,55484.2,55481,60,55486.2,30,0,1201470
BANKNIFTY-I.NFO,24/04/2025,09:39:21,55486,55481,60,55486.8,30,60,1201470
BANKNIFTY-I.NFO,24/04/2025,09:39:22,55489.8,55489.8,30,55490,90,60,1201470
BANKNIFTY-I.NFO,24/04/2025,09:39:23,55481,55477.8,30,55481,150,300,1201470
BANKNIFTY-I.NFO,24/04/2025,09:39:24,55481,55474.6,30,55481,120,30,1201470
BANKNIFTY-I.NFO,24/04/2025,09:39:26,55474,55472.6,30,55475.4,30,30,1201470
BANKNIFTY-I.NFO,24/04/2025,09:39:27,55475.4,55472,30,55480,30,30,1201470
BANKNIFTY-I.NFO,24/04/2025,09:39:28,55477.6,55472,30,55479.2,30,30,1201470
BANKNIFTY-I.NFO,24/04/2025,09:39:29,55480,55472,30,55479,30,120,1201470
BANKNIFTY-I.NFO,24/04/2025,09:39:31,55472,55470,60,55477.8,60,30,1201470
BANKNIFTY-I.NFO,24/04/2025,09:39:32,55481,55471,300,55481,90,30,1201470
BANKNIFTY-I.NFO,24/04/2025,09:39:33,55469,55467,30,55478.2,30,90,1201470
BANKNIFTY-I.NFO,24/04/2025,09:39:34,55467,55466,30,55477.2,30,60,1201470
BANKNIFTY-I.NFO,24/04/2025,09:39:36,55467,55466,30,55478,30,0,1201470
BANKNIFTY-I.NFO,24/04/2025,09:39:37,55466,55465,60,55476.2,240,30,1201470
BANKNIFTY-I.NFO,24/04/2025,09:39:38,55465,55465,30,55476.2,270,30,1201470
BANKNIFTY-I.NFO,24/04/2025,09:39:39,55465,55463.8,30,55479,240,30,1201470
BANKNIFTY-I.NFO,24/04/2025,09:39:41,55465,55462.8,60,55469,90,30,1201470
BANKNIFTY-I.NFO,24/04/2025,09:39:42,55469,55470,60,55475,150,90,1201470
BANKNIFTY-I.NFO,24/04/2025,09:39:43,55469,55470,60,55475,150,0,1201470
BANKNIFTY-I.NFO,24/04/2025,09:39:44,55469,55471.6,30,55475,150,0,1201470
BANKNIFTY-I.NFO,24/04/2025,09:39:47,55475,55468,30,55475,120,30,1201470
BANKNIFTY-I.NFO,24/04/2025,09:39:48,55475,55468,30,55475,180,0,1201470
BANKNIFTY-I.NFO,24/04/2025,09:39:50,55475,55471.6,30,55475,180,60,1201470
BANKNIFTY-I.NFO,24/04/2025,09:39:52,55475,55477,120,55485,30,180,1201470
BANKNIFTY-I.NFO,24/04/2025,09:39:53,55475,55477.2,30,55485,30,0,1201470
BANKNIFTY-I.NFO,24/04/2025,09:39:54,55477.2,55476.6,180,55485,30,60,1201470
BANKNIFTY-I.NFO,24/04/2025,09:39:55,55477.2,55475.8,30,55485,30,0,1201470
BANKNIFTY-I.NFO,24/04/2025,09:39:56,55477.2,55472.6,150,55485,30,0,1201470
BANKNIFTY-I.NFO,24/04/2025,09:39:58,55477.2,55477.2,60,55480,90,0,1201470
BANKNIFTY-I.NFO,24/04/2025,09:39:59,55480,55477.2,60,55479.8,30,30,1199820
BANKNIFTY-I.NFO,24/04/2025,09:40:00,55480,55477.2,60,55479.8,30,0,1199820
BANKNIFTY-I.NFO,24/04/2025,09:40:03,55477.2,55469,30,55478.6,270,60,1199820
BANKNIFTY-I.NFO,24/04/2025,09:40:04,55468,55467,30,55480,360,30,1199820
BANKNIFTY-I.NFO,24/04/2025,09:40:05,55468,55468.6,30,55480,120,0,1199820
BANKNIFTY-I.NFO,24/04/2025,09:40:06,55469.4,55473.2,30,55480,120,30,1199820
BANKNIFTY-I.NFO,24/04/2025,09:40:07,55469.4,55470,30,55480,120,0,1199820
BANKNIFTY-I.NFO,24/04/2025,09:40:09,55471.2,55473.2,150,55480,120,30,1199820
BANKNIFTY-I.NFO,24/04/2025,09:40:10,55471.2,55470,30,55479.8,30,0,1199820
BANKNIFTY-I.NFO,24/04/2025,09:40:11,55467.4,55467,30,55479.8,30,30,1199820
BANKNIFTY-I.NFO,24/04/2025,09:40:12,55467.4,55467,30,55468.8,30,0,1199820
BANKNIFTY-I.NFO,24/04/2025,09:40:14,55467,55465,30,55468.8,30,30,1199820
BANKNIFTY-I.NFO,24/04/2025,09:40:15,55467,55460,150,55465,30,0,1199820
BANKNIFTY-I.NFO,24/04/2025,09:40:16,55467,55460,30,55465,30,0,1199820
BANKNIFTY-I.NFO,24/04/2025,09:40:17,55456.2,55455.8,90,55465,30,60,1199820
BANKNIFTY-I.NFO,24/04/2025,09:40:19,55456.2,55455.2,180,55465,30,0,1199820
BANKNIFTY-I.NFO,24/04/2025,09:40:20,55455.8,55456.4,150,55465,30,30,1199820
BANKNIFTY-I.NFO,24/04/2025,09:40:21,55455.8,55455.4,30,55460,30,0,1199820
BANKNIFTY-I.NFO,24/04/2025,09:40:22,55455,55460,30,55465,30,90,1199820
BANKNIFTY-I.NFO,24/04/2025,09:40:24,55460,55454.2,30,55465,30,30,1199820
BANKNIFTY-I.NFO,24/04/2025,09:40:25,55460,55450.2,30,55464.8,270,0,1199820
BANKNIFTY-I.NFO,24/04/2025,09:40:26,55449,55449.6,30,55464.2,240,180,1199820
BANKNIFTY-I.NFO,24/04/2025,09:40:27,55449,55447.6,180,55460,30,0,1199820
BANKNIFTY-I.NFO,24/04/2025,09:40:28,55451.6,55452,30,55460,30,30,1199820
BANKNIFTY-I.NFO,24/04/2025,09:40:30,55451.4,55453,120,55460,30,180,1199820
BANKNIFTY-I.NFO,24/04/2025,09:40:31,55454.2,55446.8,240,55460,30,30,1199820
BANKNIFTY-I.NFO,24/04/2025,09:40:32,55454.2,55449,30,55452,90,0,1199820
BANKNIFTY-I.NFO,24/04/2025,09:40:36,55448.8,55450,30,55454.2,90,990,1199820
BANKNIFTY-I.NFO,24/04/2025,09:40:37,55460,55455,90,55465,60,120,1199820
BANKNIFTY-I.NFO,24/04/2025,09:40:38,55460,55453.6,30,55465,60,0,1199820
BANKNIFTY-I.NFO,24/04/2025,09:40:40,55462,55459,30,55465,60,90,1199820
BANKNIFTY-I.NFO,24/04/2025,09:40:41,55460.2,55458.6,90,55465,90,510,1199820
BANKNIFTY-I.NFO,24/04/2025,09:40:42,55460.2,55458,180,55465,90,0,1199820
BANKNIFTY-I.NFO,24/04/2025,09:40:43,55465,55464.6,150,55468.8,30,90,1199820
BANKNIFTY-I.NFO,24/04/2025,09:40:45,55468.8,55465.8,90,55469,30,30,1199820
BANKNIFTY-I.NFO,24/04/2025,09:40:46,55468.8,55456.2,150,55469,30,0,1199820
BANKNIFTY-I.NFO,24/04/2025,09:40:47,55468.8,55454.2,30,55468.8,240,0,1199820
BANKNIFTY-I.NFO,24/04/2025,09:40:48,55468.8,55455.4,30,55469,30,30,1199820
BANKNIFTY-I.NFO,24/04/2025,09:40:49,55468.8,55456.2,30,55469,30,0,1199820
BANKNIFTY-I.NFO,24/04/2025,09:40:51,55456,55454.8,30,55468.8,240,30,1199820
BANKNIFTY-I.NFO,24/04/2025,09:40:52,55456,55456.6,30,55469,30,0,1199820
BANKNIFTY-I.NFO,24/04/2025,09:40:53,55451,55451.4,30,55464.2,270,60,1199820
BANKNIFTY-I.NFO,24/04/2025,09:40:54,55452,55450,60,55466.6,270,60,1199820
BANKNIFTY-I.NFO,24/04/2025,09:40:56,55452,55450,60,55456.2,30,0,1199820
BANKNIFTY-I.NFO,24/04/2025,09:40:57,55452,55455,60,55455.2,30,0,1199820
BANKNIFTY-I.NFO,24/04/2025,09:40:58,55455.2,55455.2,30,55456.4,30,60,1199820
BANKNIFTY-I.NFO,24/04/2025,09:41:00,55456.4,55455,30,55460.4,30,90,1199820
BANKNIFTY-I.NFO,24/04/2025,09:41:01,55455,55448.8,30,55455.2,30,30,1199820
BANKNIFTY-I.NFO,24/04/2025,09:41:02,55455,55448.8,30,55455,30,0,1199820
BANKNIFTY-I.NFO,24/04/2025,09:41:03,55448.8,55445,30,55449.8,240,60,1199820
BANKNIFTY-I.NFO,24/04/2025,09:41:04,55445,55444,30,55444.8,60,30,1199820
BANKNIFTY-I.NFO,24/04/2025,09:41:06,55445,55444,30,55444.8,60,0,1199820
BANKNIFTY-I.NFO,24/04/2025,09:41:07,55444,55440,30,55444.8,60,30,1199820
BANKNIFTY-I.NFO,24/04/2025,09:41:08,55440,55439.2,150,55440,30,210,1199820
BANKNIFTY-I.NFO,24/04/2025,09:41:09,55448,55447.6,270,55455.2,30,150,1199820
BANKNIFTY-I.NFO,24/04/2025,09:41:11,55450,55451.8,30,55455.2,30,90,1199820
BANKNIFTY-I.NFO,24/04/2025,09:41:12,55455.2,55455.2,30,55460.6,30,30,1199820
BANKNIFTY-I.NFO,24/04/2025,09:41:13,55465.2,55460.6,30,55467.6,120,120,1199820
BANKNIFTY-I.NFO,24/04/2025,09:41:14,55467.6,55460.6,30,55467.6,60,90,1199820
BANKNIFTY-I.NFO,24/04/2025,09:41:16,55467.6,55460.6,30,55465,30,0,1199820
BANKNIFTY-I.NFO,24/04/2025,09:41:17,55460.6,55455.2,30,55465,30,30,1199820
BANKNIFTY-I.NFO,24/04/2025,09:41:18,55465,55450.6,120,55467.4,240,30,1199820
BANKNIFTY-I.NFO,24/04/2025,09:41:19,55451,55450.8,90,55466.6,240,30,1199820
BANKNIFTY-I.NFO,24/04/2025,09:41:20,55465.2,55451,150,55467,270,150,1199820
BANKNIFTY-I.NFO,24/04/2025,09:41:22,55450.4,55450.8,150,55465.2,30,90,1199820
BANKNIFTY-I.NFO,24/04/2025,09:41:23,55460,55455.8,60,55465.2,30,30,1199820
BANKNIFTY-I.NFO,24/04/2025,09:41:24,55467.4,55455.8,30,55466.6,30,120,1199820
BANKNIFTY-I.NFO,24/04/2025,09:41:25,55467.6,55455.8,30,55465.2,30,60,1199820
