Ticker,Date,Time,LTP,BuyPrice,BuyQty,SellPrice,SellQty,LTQ,OpenInterest
BANKNIFTY-I.NFO,07/04/2025,09:15:00,49901.2,49750.05,270,49868.95,210,5940,2284350
BANKNIFTY-I.NFO,07/04/2025,09:15:00,49901.2,49750.05,270,49868.95,210,0,2284350
BANKNIFTY-I.NFO,07/04/2025,09:15:00,49949,49750.05,270,49868.95,210,0,2284350
BANKNIFTY-I.NFO,07/04/2025,09:15:00,49701.5,49750.05,270,49868.95,210,0,2284350
BANKNIFTY-I.NFO,07/04/2025,09:15:01,49850.1,49850.1,30,49869,90,6690,2284350
BANKNIFTY-I.NFO,07/04/2025,09:15:03,49804.35,49804.35,240,49894.65,60,17460,2284350
BANKNIFTY-I.NFO,07/04/2025,09:15:04,49952.95,49899.95,210,49952.95,150,21270,2284350
BANKNIFTY-I.NFO,07/04/2025,09:15:04,49953,49899.95,210,49952.95,150,0,2284350
BANKNIFTY-I.NFO,07/04/2025,09:15:05,50077.5,50003.9,270,50077.5,150,13800,2284350
BANKNIFTY-I.NFO,07/04/2025,09:15:05,50077.7,50003.9,270,50077.5,150,0,2284350
BANKNIFTY-I.NFO,07/04/2025,09:15:06,50199.95,50175.95,60,50199.95,60,7920,2284350
BANKNIFTY-I.NFO,07/04/2025,09:15:06,50200,50175.95,60,50199.95,60,0,2284350
BANKNIFTY-I.NFO,07/04/2025,09:15:08,50196.6,50167.35,120,50196.65,30,25230,2284350
BANKNIFTY-I.NFO,07/04/2025,09:15:09,50216.1,50216.1,150,50249.95,120,13080,2284350
BANKNIFTY-I.NFO,07/04/2025,09:15:09,50250,50216.1,150,50249.95,120,0,2284350
BANKNIFTY-I.NFO,07/04/2025,09:15:11,50276.45,50276.45,120,50299.95,120,19290,2284350
BANKNIFTY-I.NFO,07/04/2025,09:15:11,50314.95,50276.45,120,50299.95,120,0,2284350
BANKNIFTY-I.NFO,07/04/2025,09:15:13,50240.45,50240.45,120,50287.75,240,15600,2284350
BANKNIFTY-I.NFO,07/04/2025,09:15:13,50319.95,50240.45,120,50287.75,240,0,2284350
BANKNIFTY-I.NFO,07/04/2025,09:15:15,50299.65,50288.05,30,50299.95,60,13740,2284350
BANKNIFTY-I.NFO,07/04/2025,09:15:16,50268.35,50268.45,240,50299.95,210,8010,2284350
BANKNIFTY-I.NFO,07/04/2025,09:15:18,50287.75,50287.75,480,50299.9,120,9330,2284350
BANKNIFTY-I.NFO,07/04/2025,09:15:20,50119.15,50100.05,240,50119.2,120,17280,2284350
BANKNIFTY-I.NFO,07/04/2025,09:15:22,50123.25,50123.25,30,50127.85,30,7590,2284350
BANKNIFTY-I.NFO,07/04/2025,09:15:25,50102.85,50102.85,120,50132.35,120,9270,2334870
BANKNIFTY-I.NFO,07/04/2025,09:15:27,50123.15,50118.2,90,50146.85,150,10080,2334870
BANKNIFTY-I.NFO,07/04/2025,09:15:30,50218.15,50205.1,90,50207.5,30,12060,2334870
BANKNIFTY-I.NFO,07/04/2025,09:15:32,50248.85,50220.9,90,50249,60,4680,2334870
BANKNIFTY-I.NFO,07/04/2025,09:15:33,50208.5,50207.5,900,50253.7,120,4110,2334870
BANKNIFTY-I.NFO,07/04/2025,09:15:35,50254.35,50254.35,30,50261.1,30,4050,2334870
BANKNIFTY-I.NFO,07/04/2025,09:15:37,50259.8,50259.8,60,50287.7,90,2370,2334870
BANKNIFTY-I.NFO,07/04/2025,09:15:38,50250.2,50250.3,90,50281.2,30,3210,2334870
BANKNIFTY-I.NFO,07/04/2025,09:15:40,50294.95,50289.1,30,50300,390,2730,2334870
BANKNIFTY-I.NFO,07/04/2025,09:15:42,50300,50278.15,30,50299.95,60,7560,2334870
BANKNIFTY-I.NFO,07/04/2025,09:15:42,50320,50278.15,30,50299.95,60,0,2334870
BANKNIFTY-I.NFO,07/04/2025,09:15:43,50294.15,50273.25,90,50296.1,60,4920,2334870
BANKNIFTY-I.NFO,07/04/2025,09:15:45,50299.9,50296.15,120,50325,30,3240,2334870
BANKNIFTY-I.NFO,07/04/2025,09:15:46,50343.4,50321.5,60,50343.25,150,2400,2334870
BANKNIFTY-I.NFO,07/04/2025,09:15:46,50344.95,50321.5,60,50343.25,150,0,2334870
BANKNIFTY-I.NFO,07/04/2025,09:15:47,50347.75,50347.75,120,50379.35,30,5220,2334870
BANKNIFTY-I.NFO,07/04/2025,09:15:47,50400,50347.75,120,50379.35,30,0,2334870
BANKNIFTY-I.NFO,07/04/2025,09:15:49,50371.45,50352.2,150,50371.45,90,2340,2334870
BANKNIFTY-I.NFO,07/04/2025,09:15:50,50381.45,50365.25,30,50381.45,90,3450,2334870
BANKNIFTY-I.NFO,07/04/2025,09:15:52,50370.05,50370.05,30,50370.75,30,1830,2334870
BANKNIFTY-I.NFO,07/04/2025,09:15:53,50365.15,50365.15,30,50369.95,30,4830,2334870
BANKNIFTY-I.NFO,07/04/2025,09:15:55,50384.8,50384.8,120,50399.75,30,2310,2334870
BANKNIFTY-I.NFO,07/04/2025,09:15:56,50400.85,50400.85,90,50424.95,120,3570,2334870
BANKNIFTY-I.NFO,07/04/2025,09:15:56,50424.95,50400.85,90,50424.95,120,0,2334870
BANKNIFTY-I.NFO,07/04/2025,09:15:58,50437.5,50432.45,60,50437.9,120,1860,2334870
BANKNIFTY-I.NFO,07/04/2025,09:15:58,50439.05,50432.45,60,50437.9,120,0,2334870
BANKNIFTY-I.NFO,07/04/2025,09:16:00,50427.9,50427.65,120,50438.35,30,4440,2334870
BANKNIFTY-I.NFO,07/04/2025,09:16:00,50474.7,50427.65,120,50438.35,30,0,2334870
BANKNIFTY-I.NFO,07/04/2025,09:16:02,50445.7,50438.35,30,50445.7,30,1740,2334870
BANKNIFTY-I.NFO,07/04/2025,09:16:04,50401.6,50401.6,90,50417.35,60,3210,2334870
BANKNIFTY-I.NFO,07/04/2025,09:16:06,50417.4,50441.5,30,50448,30,4410,2334870
BANKNIFTY-I.NFO,07/04/2025,09:16:07,50452.45,50422.45,30,50441.75,150,2100,2334870
BANKNIFTY-I.NFO,07/04/2025,09:16:09,50441.45,50426,90,50441.45,120,780,2334870
BANKNIFTY-I.NFO,07/04/2025,09:16:10,50414.35,50400.05,60,50414.35,90,1470,2334870
BANKNIFTY-I.NFO,07/04/2025,09:16:12,50405,50405,570,50421,120,1140,2334870
BANKNIFTY-I.NFO,07/04/2025,09:16:13,50441.4,50420,300,50441.4,30,1290,2334870
BANKNIFTY-I.NFO,07/04/2025,09:16:14,50434.5,50434.4,210,50436.3,120,1560,2334870
BANKNIFTY-I.NFO,07/04/2025,09:16:16,50434.45,50409.7,120,50436.25,30,2670,2334870
BANKNIFTY-I.NFO,07/04/2025,09:16:17,50538.75,50529,30,50589,30,5160,2334870
BANKNIFTY-I.NFO,07/04/2025,09:16:17,50577.5,50529,30,50589,30,0,2334870
BANKNIFTY-I.NFO,07/04/2025,09:16:18,50664.4,50629.9,30,50664.4,60,6990,2334870
BANKNIFTY-I.NFO,07/04/2025,09:16:18,50665.65,50629.9,30,50664.4,60,0,2334870
BANKNIFTY-I.NFO,07/04/2025,09:16:20,50648.75,50648.1,60,50659.5,30,2700,2334870
BANKNIFTY-I.NFO,07/04/2025,09:16:20,50694.7,50648.1,60,50659.5,30,0,2334870
BANKNIFTY-I.NFO,07/04/2025,09:16:22,50601.55,50554.25,60,50609.9,30,3300,2334870
BANKNIFTY-I.NFO,07/04/2025,09:16:23,50593.5,50558.05,210,50586.7,30,2610,2334870
BANKNIFTY-I.NFO,07/04/2025,09:16:25,50586.4,50581,90,50586.65,30,870,2334870
BANKNIFTY-I.NFO,07/04/2025,09:16:26,50672.5,50662.8,30,50680.35,30,3180,2334870
BANKNIFTY-I.NFO,07/04/2025,09:16:27,50728.8,50730.1,30,50749.95,150,2520,2334870
BANKNIFTY-I.NFO,07/04/2025,09:16:27,50750,50730.1,30,50749.95,150,0,2334870
BANKNIFTY-I.NFO,07/04/2025,09:16:29,50737.85,50713.85,30,50737.75,60,3000,2334870
BANKNIFTY-I.NFO,07/04/2025,09:16:29,50784.95,50713.85,30,50737.75,60,0,2334870
BANKNIFTY-I.NFO,07/04/2025,09:16:30,50662.05,50659.05,60,50694.2,210,3240,2334870
BANKNIFTY-I.NFO,07/04/2025,09:16:32,50673.05,50673.05,510,50685.8,60,2670,2334870
BANKNIFTY-I.NFO,07/04/2025,09:16:33,50650,50625,30,50649.9,60,2760,2334870
BANKNIFTY-I.NFO,07/04/2025,09:16:34,50653.85,50635.2,330,50653.65,90,1860,2334870
BANKNIFTY-I.NFO,07/04/2025,09:16:35,50600,50605.05,180,50622.35,120,2610,2334870
BANKNIFTY-I.NFO,07/04/2025,09:16:37,50599.95,50588.95,30,50599.95,90,1860,2334870
BANKNIFTY-I.NFO,07/04/2025,09:16:38,50633.75,50638.9,30,50650.9,60,5760,2334870
BANKNIFTY-I.NFO,07/04/2025,09:16:39,50614.25,50622.25,90,50634.2,60,1980,2334870
BANKNIFTY-I.NFO,07/04/2025,09:16:41,50606.45,50597.35,30,50616.55,30,3600,2334870
BANKNIFTY-I.NFO,07/04/2025,09:16:43,50605.2,50605.2,30,50622,60,2640,2334870
BANKNIFTY-I.NFO,07/04/2025,09:16:44,50607.4,50605.25,30,50616.5,60,1620,2334870
BANKNIFTY-I.NFO,07/04/2025,09:16:46,50600,50557.8,30,50592.2,60,2910,2334870
BANKNIFTY-I.NFO,07/04/2025,09:16:47,50553.6,50542.55,30,50553.6,60,1410,2334870
BANKNIFTY-I.NFO,07/04/2025,09:16:49,50520.9,50525.55,150,50542.4,30,1500,2334870
BANKNIFTY-I.NFO,07/04/2025,09:16:50,50525.55,50511.7,30,50536.3,30,630,2334870
BANKNIFTY-I.NFO,07/04/2025,09:16:52,50553.3,50560.5,30,50580.35,150,3390,2334870
BANKNIFTY-I.NFO,07/04/2025,09:16:53,50539.8,50539.8,30,50560.35,90,2040,2334870
BANKNIFTY-I.NFO,07/04/2025,09:16:55,50544.5,50527.25,30,50544.4,120,2040,2334870
BANKNIFTY-I.NFO,07/04/2025,09:16:56,50526.4,50526.55,90,50551.25,60,1380,2334870
BANKNIFTY-I.NFO,07/04/2025,09:16:57,50533.15,50533.15,30,50542.85,30,1080,2334870
BANKNIFTY-I.NFO,07/04/2025,09:16:58,50539.85,50523,30,50539.3,120,990,2334870
BANKNIFTY-I.NFO,07/04/2025,09:17:00,50530.35,50521,30,50530.4,120,600,2334870
BANKNIFTY-I.NFO,07/04/2025,09:17:01,50509.2,50511,30,50524.95,60,3330,2334870
BANKNIFTY-I.NFO,07/04/2025,09:17:02,50511,50500.15,90,50510.9,60,2190,2334870
BANKNIFTY-I.NFO,07/04/2025,09:17:04,50530.2,50516.6,120,50530.05,60,2040,2334870
BANKNIFTY-I.NFO,07/04/2025,09:17:05,50500.7,50500,300,50516.55,60,2730,2334870
BANKNIFTY-I.NFO,07/04/2025,09:17:07,50514.2,50520.65,120,50549.8,30,4440,2334870
BANKNIFTY-I.NFO,07/04/2025,09:17:08,50520.65,50511.05,60,50521.85,60,1230,2334870
BANKNIFTY-I.NFO,07/04/2025,09:17:10,50507.85,50490.3,30,50507.85,150,2970,2334870
BANKNIFTY-I.NFO,07/04/2025,09:17:11,50490.3,50484.8,30,50490.3,150,1890,2334870
BANKNIFTY-I.NFO,07/04/2025,09:17:13,50495.1,50492.85,30,50503.35,330,4140,2334870
BANKNIFTY-I.NFO,07/04/2025,09:17:14,50485,50483.3,30,50484.95,30,1950,2334870
BANKNIFTY-I.NFO,07/04/2025,09:17:16,50455.8,50454.5,60,50455.8,60,1950,2334870
BANKNIFTY-I.NFO,07/04/2025,09:17:17,50467.95,50466.55,30,50494,240,5010,2334870
BANKNIFTY-I.NFO,07/04/2025,09:17:19,50476.55,50476.65,240,50491.15,90,2790,2334870
BANKNIFTY-I.NFO,07/04/2025,09:17:20,50471.5,50471.5,150,50485.2,30,3000,2334870
BANKNIFTY-I.NFO,07/04/2025,09:17:22,50475.45,50475.45,60,50479,330,3420,2334870
BANKNIFTY-I.NFO,07/04/2025,09:17:23,50468.95,50469.05,240,50474.7,30,2820,2334870
BANKNIFTY-I.NFO,07/04/2025,09:17:24,50467.2,50455.8,450,50467.2,60,3540,2334870
BANKNIFTY-I.NFO,07/04/2025,09:17:26,50475,50472.6,30,50484.5,30,2130,2334870
BANKNIFTY-I.NFO,07/04/2025,09:17:27,50461.9,50460.65,90,50467.95,60,3480,2334870
BANKNIFTY-I.NFO,07/04/2025,09:17:29,50468,50464.5,30,50467.7,240,2040,2334870
BANKNIFTY-I.NFO,07/04/2025,09:17:30,50463.4,50461.1,60,50466.95,210,1440,2334870
BANKNIFTY-I.NFO,07/04/2025,09:17:32,50462,50462,210,50468,90,3210,2334870
BANKNIFTY-I.NFO,07/04/2025,09:17:33,50462.3,50464.55,60,50467,120,1830,2334870
BANKNIFTY-I.NFO,07/04/2025,09:17:35,50466.35,50466.05,60,50490.4,60,4200,2334870
BANKNIFTY-I.NFO,07/04/2025,09:17:36,50469.25,50469.25,60,50495.25,90,1530,2334870
BANKNIFTY-I.NFO,07/04/2025,09:17:38,50469.25,50464.5,30,50469.2,120,1500,2334870
BANKNIFTY-I.NFO,07/04/2025,09:17:39,50453.95,50454.05,120,50460.85,90,1200,2334870
BANKNIFTY-I.NFO,07/04/2025,09:17:41,50454.65,50451.1,30,50454,90,1830,2334870
BANKNIFTY-I.NFO,07/04/2025,09:17:42,50446.05,50434.5,150,50446.05,90,1980,2334870
BANKNIFTY-I.NFO,07/04/2025,09:17:44,50433.95,50417.55,60,50433.95,60,2070,2334870
BANKNIFTY-I.NFO,07/04/2025,09:17:45,50415.25,50412.7,60,50429.95,90,1200,2334870
BANKNIFTY-I.NFO,07/04/2025,09:17:47,50426.25,50406.2,60,50429.95,60,3510,2334870
BANKNIFTY-I.NFO,07/04/2025,09:17:48,50420.05,50420.05,30,50428,120,960,2334870
BANKNIFTY-I.NFO,07/04/2025,09:17:50,50409.4,50407.1,30,50409.45,540,5310,2334870
BANKNIFTY-I.NFO,07/04/2025,09:17:51,50407.2,50407.95,90,50408.15,30,1320,2334870
BANKNIFTY-I.NFO,07/04/2025,09:17:52,50405.7,50400.1,300,50405.9,300,1740,2334870
BANKNIFTY-I.NFO,07/04/2025,09:17:54,50377.4,50371.95,30,50393.05,90,2100,2334870
BANKNIFTY-I.NFO,07/04/2025,09:17:55,50366.1,50365.65,30,50366.1,180,810,2334870
BANKNIFTY-I.NFO,07/04/2025,09:17:56,50366,50355.1,60,50369.65,90,1650,2334870
BANKNIFTY-I.NFO,07/04/2025,09:17:57,50355.1,50347.9,30,50355,30,2790,2334870
BANKNIFTY-I.NFO,07/04/2025,09:17:58,50349.6,50349.65,30,50355.05,90,1350,2334870
BANKNIFTY-I.NFO,07/04/2025,09:18:00,50343.2,50339.7,30,50341.4,120,1050,2334870
BANKNIFTY-I.NFO,07/04/2025,09:18:01,50328.45,50327.45,30,50348.5,90,660,2334870
BANKNIFTY-I.NFO,07/04/2025,09:18:02,50349.95,50348.55,30,50369.95,120,2250,2334870
BANKNIFTY-I.NFO,07/04/2025,09:18:04,50343.2,50344.55,60,50372.85,120,2490,2334870
BANKNIFTY-I.NFO,07/04/2025,09:18:05,50321.7,50317.35,60,50321.7,90,2490,2334870
BANKNIFTY-I.NFO,07/04/2025,09:18:06,50317,50315.7,30,50339.6,90,2310,2334870
BANKNIFTY-I.NFO,07/04/2025,09:18:08,50315.3,50315,30,50335.25,180,2490,2334870
BANKNIFTY-I.NFO,07/04/2025,09:18:09,50312.5,50309.2,150,50312.5,90,1590,2334870
BANKNIFTY-I.NFO,07/04/2025,09:18:10,50302,50301,270,50314.55,120,1110,2334870
BANKNIFTY-I.NFO,07/04/2025,09:18:11,50300,50300,10110,50319.05,150,2400,2334870
BANKNIFTY-I.NFO,07/04/2025,09:18:13,50325,50327.7,30,50348.2,90,2010,2334870
BANKNIFTY-I.NFO,07/04/2025,09:18:14,50320.2,50318.95,30,50320.2,60,1080,2334870
BANKNIFTY-I.NFO,07/04/2025,09:18:15,50302.15,50302.15,270,50320.7,120,2310,2334870
BANKNIFTY-I.NFO,07/04/2025,09:18:16,50304.35,50307.2,30,50326.9,60,1440,2334870
BANKNIFTY-I.NFO,07/04/2025,09:18:17,50311.05,50315.9,30,50327.65,30,1320,2334870
BANKNIFTY-I.NFO,07/04/2025,09:18:18,50322.1,50304.85,60,50327.7,240,1860,2334870
BANKNIFTY-I.NFO,07/04/2025,09:18:19,50307.65,50305.45,30,50314.5,90,330,2334870
BANKNIFTY-I.NFO,07/04/2025,09:18:20,50309.5,50308.45,30,50316.8,30,1890,2334870
BANKNIFTY-I.NFO,07/04/2025,09:18:21,50302.25,50300,6990,50314.05,90,1860,2334870
BANKNIFTY-I.NFO,07/04/2025,09:18:22,50300,50300,6450,50310.3,90,990,2334870
BANKNIFTY-I.NFO,07/04/2025,09:18:23,50300.3,50300.3,30,50314.45,90,720,2334870
BANKNIFTY-I.NFO,07/04/2025,09:18:24,50300,50301.5,60,50316.45,60,2040,2334870
BANKNIFTY-I.NFO,07/04/2025,09:18:25,50313.85,50300,5520,50317.1,90,480,2333940
BANKNIFTY-I.NFO,07/04/2025,09:18:26,50300,50300,2100,50300.05,30,4230,2333940
BANKNIFTY-I.NFO,07/04/2025,09:18:28,50284.35,50284.35,30,50288.65,90,4110,2333940
BANKNIFTY-I.NFO,07/04/2025,09:18:29,50275.35,50278.05,30,50285.6,30,630,2333940
BANKNIFTY-I.NFO,07/04/2025,09:18:30,50265.55,50261.6,30,50278.85,90,1530,2333940
BANKNIFTY-I.NFO,07/04/2025,09:18:31,50259.8,50259.8,420,50267.65,120,1050,2333940
BANKNIFTY-I.NFO,07/04/2025,09:18:32,50251.7,50250,570,50251.65,150,1830,2333940
BANKNIFTY-I.NFO,07/04/2025,09:18:33,50250,50250.05,30,50265.05,120,1260,2333940
BANKNIFTY-I.NFO,07/04/2025,09:18:34,50255.1,50250.05,60,50267.4,120,720,2333940
BANKNIFTY-I.NFO,07/04/2025,09:18:36,50251.15,50250.05,30,50264.55,60,750,2333940
BANKNIFTY-I.NFO,07/04/2025,09:18:37,50240.7,50240.45,30,50260.7,90,990,2333940
BANKNIFTY-I.NFO,07/04/2025,09:18:38,50256.8,50237.7,60,50258.1,90,1170,2333940
BANKNIFTY-I.NFO,07/04/2025,09:18:39,50275.6,50244.15,150,50278.9,150,2940,2333940
BANKNIFTY-I.NFO,07/04/2025,09:18:40,50243.3,50242.2,150,50261.6,90,1560,2333940
BANKNIFTY-I.NFO,07/04/2025,09:18:41,50221.65,50223.65,30,50240,90,900,2333940
BANKNIFTY-I.NFO,07/04/2025,09:18:42,50210,50205.15,120,50210.3,150,1110,2333940
BANKNIFTY-I.NFO,07/04/2025,09:18:43,50203.2,50200,1080,50210.2,90,1200,2333940
BANKNIFTY-I.NFO,07/04/2025,09:18:44,50200,50200,510,50212.1,30,1140,2333940
BANKNIFTY-I.NFO,07/04/2025,09:18:45,50190,50185.9,30,50199.95,90,720,2333940
BANKNIFTY-I.NFO,07/04/2025,09:18:47,50189.55,50185,30,50198.45,30,390,2333940
BANKNIFTY-I.NFO,07/04/2025,09:18:48,50179.85,50179.05,30,50183.1,60,570,2333940
BANKNIFTY-I.NFO,07/04/2025,09:18:49,50170.15,50166.8,30,50183.05,60,2250,2333940
BANKNIFTY-I.NFO,07/04/2025,09:18:50,50163.8,50161,30,50181.25,30,1110,2333940
BANKNIFTY-I.NFO,07/04/2025,09:18:51,50165.9,50159.45,30,50177.8,30,450,2333940
BANKNIFTY-I.NFO,07/04/2025,09:18:52,50159.45,50155.2,150,50168.6,60,3060,2333940
BANKNIFTY-I.NFO,07/04/2025,09:18:53,50175.65,50175.35,30,50179.95,90,1470,2333940
BANKNIFTY-I.NFO,07/04/2025,09:18:54,50171.75,50168.5,120,50177.55,60,960,2333940
BANKNIFTY-I.NFO,07/04/2025,09:18:56,50160,50160,60,50173.05,30,1890,2333940
BANKNIFTY-I.NFO,07/04/2025,09:18:57,50156.45,50155.2,60,50161,30,960,2333940
BANKNIFTY-I.NFO,07/04/2025,09:18:58,50153.05,50156.65,90,50169.35,60,1620,2333940
BANKNIFTY-I.NFO,07/04/2025,09:18:59,50172.5,50156.2,30,50172.45,60,2160,2333940
BANKNIFTY-I.NFO,07/04/2025,09:19:00,50203.4,50189.85,30,50205.9,60,2700,2333940
BANKNIFTY-I.NFO,07/04/2025,09:19:01,50209.15,50178.55,60,50206.1,150,1380,2333940
BANKNIFTY-I.NFO,07/04/2025,09:19:03,50209.7,50210.15,60,50239.4,120,3510,2333940
BANKNIFTY-I.NFO,07/04/2025,09:19:04,50209.7,50206.05,1530,50209.7,180,1350,2333940
BANKNIFTY-I.NFO,07/04/2025,09:19:05,50206.05,50174.55,120,50201.45,30,2040,2333940
BANKNIFTY-I.NFO,07/04/2025,09:19:06,50165.45,50165.15,90,50185.7,60,2820,2333940
BANKNIFTY-I.NFO,07/04/2025,09:19:07,50159.75,50152.35,120,50163.9,60,2490,2333940
BANKNIFTY-I.NFO,07/04/2025,09:19:08,50171.6,50171.6,120,50178.15,30,1530,2333940
BANKNIFTY-I.NFO,07/04/2025,09:19:09,50142.15,50120,30,50137.85,120,2550,2333940
BANKNIFTY-I.NFO,07/04/2025,09:19:09,50142.15,50120,30,50132.7,90,0,2333940
BANKNIFTY-I.NFO,07/04/2025,09:19:11,50154.35,50129.85,150,50159.25,60,720,2333940
BANKNIFTY-I.NFO,07/04/2025,09:19:12,50159.35,50134.55,120,50154,30,750,2333940
BANKNIFTY-I.NFO,07/04/2025,09:19:13,50132.7,50132.7,60,50139.35,120,1230,2333940
BANKNIFTY-I.NFO,07/04/2025,09:19:14,50132.7,50140,90,50150,90,1560,2333940
BANKNIFTY-I.NFO,07/04/2025,09:19:15,50138.5,50153.05,30,50156.2,210,1560,2333940
BANKNIFTY-I.NFO,07/04/2025,09:19:16,50140,50133.25,60,50139.85,210,1320,2333940
BANKNIFTY-I.NFO,07/04/2025,09:19:18,50120.55,50117.85,30,50127.1,90,870,2333940
BANKNIFTY-I.NFO,07/04/2025,09:19:19,50120,50116,30,50128.1,30,2550,2333940
BANKNIFTY-I.NFO,07/04/2025,09:19:20,50110,50110,810,50119.05,120,480,2333940
BANKNIFTY-I.NFO,07/04/2025,09:19:21,50111.05,50110,810,50125.75,60,990,2333940
BANKNIFTY-I.NFO,07/04/2025,09:19:23,50120.95,50122.3,60,50135.9,30,1230,2333940
BANKNIFTY-I.NFO,07/04/2025,09:19:24,50112,50110,840,50126.45,30,660,2333940
BANKNIFTY-I.NFO,07/04/2025,09:19:25,50110,50108,1620,50113.3,60,1590,2333940
BANKNIFTY-I.NFO,07/04/2025,09:19:26,50115.25,50108.1,150,50127.25,30,780,2333940
BANKNIFTY-I.NFO,07/04/2025,09:19:27,50110,50109.45,60,50126.75,60,1020,2333940
BANKNIFTY-I.NFO,07/04/2025,09:19:29,50114.85,50110,30,50120.05,30,870,2333940
BANKNIFTY-I.NFO,07/04/2025,09:19:30,50127.4,50127.4,90,50139.35,90,1230,2333940
BANKNIFTY-I.NFO,07/04/2025,09:19:31,50139.35,50123.65,30,50127.4,60,1260,2333940
BANKNIFTY-I.NFO,07/04/2025,09:19:32,50121.95,50124.4,30,50127.3,30,690,2333940
BANKNIFTY-I.NFO,07/04/2025,09:19:33,50125,50110,30,50126.05,120,930,2333940
BANKNIFTY-I.NFO,07/04/2025,09:19:34,50126.05,50126.05,60,50130,30,960,2333940
BANKNIFTY-I.NFO,07/04/2025,09:19:36,50127.35,50120.05,120,50127.35,30,750,2333940
BANKNIFTY-I.NFO,07/04/2025,09:19:37,50116.9,50115.25,60,50116.95,60,1080,2333940
BANKNIFTY-I.NFO,07/04/2025,09:19:38,50128.6,50116.6,120,50129.15,90,960,2333940
BANKNIFTY-I.NFO,07/04/2025,09:19:39,50129.4,50129.4,30,50134.8,120,1050,2333940
BANKNIFTY-I.NFO,07/04/2025,09:19:41,50107.8,50101.05,90,50110,60,3480,2333940
BANKNIFTY-I.NFO,07/04/2025,09:19:42,50100.35,50100.35,60,50112.85,60,1290,2333940
BANKNIFTY-I.NFO,07/04/2025,09:19:43,50100.15,50100.15,90,50107.95,30,1230,2333940
BANKNIFTY-I.NFO,07/04/2025,09:19:44,50100.05,50100,2040,50100.05,90,1470,2333940
BANKNIFTY-I.NFO,07/04/2025,09:19:45,50100,50100,1710,50100.35,60,1080,2333940
BANKNIFTY-I.NFO,07/04/2025,09:19:47,50114.75,50100.6,180,50116.5,30,1710,2333940
BANKNIFTY-I.NFO,07/04/2025,09:19:48,50100.35,50100.35,60,50109.4,180,660,2333940
BANKNIFTY-I.NFO,07/04/2025,09:19:49,50100,50100.35,30,50107.9,60,720,2333940
BANKNIFTY-I.NFO,07/04/2025,09:19:50,50066.55,50057.3,90,50086.2,210,13200,2333940
BANKNIFTY-I.NFO,07/04/2025,09:19:52,50057.35,50056.5,30,50065.05,120,1260,2333940
BANKNIFTY-I.NFO,07/04/2025,09:19:53,50058.75,50048.95,90,50058.8,30,810,2333940
BANKNIFTY-I.NFO,07/04/2025,09:19:54,50059.1,50053.75,30,50060.4,30,450,2333940
BANKNIFTY-I.NFO,07/04/2025,09:19:55,50055.2,50054.65,30,50070.4,120,450,2333940
BANKNIFTY-I.NFO,07/04/2025,09:19:57,50070.45,50070.45,120,50074.95,120,780,2333940
BANKNIFTY-I.NFO,07/04/2025,09:19:58,50063.4,50063.35,30,50076.8,30,1200,2333940
BANKNIFTY-I.NFO,07/04/2025,09:19:59,50057.9,50050.95,30,50063.45,90,1050,2333940
BANKNIFTY-I.NFO,07/04/2025,09:20:00,50051,50040,30,50052.8,90,1920,2333940
BANKNIFTY-I.NFO,07/04/2025,09:20:01,50026.05,50026.7,30,50036.8,60,960,2333940
BANKNIFTY-I.NFO,07/04/2025,09:20:02,50011,50011,30,50019.3,150,600,2333940
BANKNIFTY-I.NFO,07/04/2025,09:20:04,50001.25,50001.4,120,50010.9,30,1350,2333940
BANKNIFTY-I.NFO,07/04/2025,09:20:05,50010.95,50001.2,600,50010.95,90,1080,2333940
BANKNIFTY-I.NFO,07/04/2025,09:20:06,50001.15,50001,1230,50001.2,120,960,2333940
BANKNIFTY-I.NFO,07/04/2025,09:20:07,49991.2,49966.05,120,49987.75,150,5610,2333940
BANKNIFTY-I.NFO,07/04/2025,09:20:09,49978.4,49993.35,30,49996.1,150,1470,2333940
BANKNIFTY-I.NFO,07/04/2025,09:20:10,49986.45,49985.85,30,49995.9,60,1440,2333940
BANKNIFTY-I.NFO,07/04/2025,09:20:11,49992.8,49988.05,30,49992.8,30,4740,2333940
BANKNIFTY-I.NFO,07/04/2025,09:20:12,49957.3,49957.35,60,49975.5,90,990,2333940
BANKNIFTY-I.NFO,07/04/2025,09:20:13,49972.05,49971.85,30,49989.5,60,810,2333940
BANKNIFTY-I.NFO,07/04/2025,09:20:15,49952.9,49949.85,30,49973.5,120,1590,2333940
BANKNIFTY-I.NFO,07/04/2025,09:20:16,49958.25,49948.15,120,49962.3,90,450,2333940
BANKNIFTY-I.NFO,07/04/2025,09:20:17,49955.2,49956.45,120,49967,30,870,2333940
BANKNIFTY-I.NFO,07/04/2025,09:20:18,49946.7,49946.65,30,49952.2,30,660,2333940
BANKNIFTY-I.NFO,07/04/2025,09:20:20,49967.9,49954.65,90,49980.6,60,3780,2333940
BANKNIFTY-I.NFO,07/04/2025,09:20:21,49952.2,49952.2,420,49957.45,90,1470,2333940
BANKNIFTY-I.NFO,07/04/2025,09:20:22,49967.65,49967.65,60,49969.1,60,2400,2333940
BANKNIFTY-I.NFO,07/04/2025,09:20:23,49979.3,49980.5,30,49985.7,60,1170,2333940
BANKNIFTY-I.NFO,07/04/2025,09:20:24,49987,49980.75,30,49989.05,30,1290,2333940
BANKNIFTY-I.NFO,07/04/2025,09:20:26,49980.75,49971.2,30,49988.75,90,1020,2333940
BANKNIFTY-I.NFO,07/04/2025,09:20:27,49960.2,49960,30,49970.95,30,2400,2333940
BANKNIFTY-I.NFO,07/04/2025,09:20:28,49951,49950.9,30,49959.8,30,1500,2333940
BANKNIFTY-I.NFO,07/04/2025,09:20:29,49967.65,49966.5,30,49967.6,30,630,2333940
BANKNIFTY-I.NFO,07/04/2025,09:20:30,49989,49979.75,30,49989,60,1650,2333940
BANKNIFTY-I.NFO,07/04/2025,09:20:32,49989,49989,30,49991.5,30,450,2333940
BANKNIFTY-I.NFO,07/04/2025,09:20:33,49959.95,49950.9,30,49970.6,90,1230,2333940
BANKNIFTY-I.NFO,07/04/2025,09:20:34,49952.75,49952.25,90,49975.3,90,2280,2333940
BANKNIFTY-I.NFO,07/04/2025,09:20:35,49978.3,49973.15,30,49978.3,30,420,2333940
BANKNIFTY-I.NFO,07/04/2025,09:20:36,49964.1,49960,30,49964.05,30,1530,2333940
BANKNIFTY-I.NFO,07/04/2025,09:20:38,49962.1,49959.55,30,49962.1,180,1140,2333940
BANKNIFTY-I.NFO,07/04/2025,09:20:39,49975.25,49968.1,30,49978.75,60,1860,2333940
BANKNIFTY-I.NFO,07/04/2025,09:20:40,49974.45,49978.55,30,49979.75,90,810,2333940
BANKNIFTY-I.NFO,07/04/2025,09:20:41,49991.3,49991,30,49999.45,30,1770,2333940
BANKNIFTY-I.NFO,07/04/2025,09:20:42,49979.75,49981.25,30,49984.1,60,1410,2333940
BANKNIFTY-I.NFO,07/04/2025,09:20:44,49963.45,49966.25,30,49971.8,30,840,2333940
BANKNIFTY-I.NFO,07/04/2025,09:20:45,49979.45,49975.8,60,49989.75,60,840,2333940
BANKNIFTY-I.NFO,07/04/2025,09:20:46,49975.8,49975.8,30,49982.2,30,480,2333940
BANKNIFTY-I.NFO,07/04/2025,09:20:47,49986.05,49986.1,60,49987.85,30,510,2333940
BANKNIFTY-I.NFO,07/04/2025,09:20:48,50020,50028.6,30,50048.1,30,2070,2333940
BANKNIFTY-I.NFO,07/04/2025,09:20:50,50027.4,50025.9,30,50032.9,30,930,2333940
BANKNIFTY-I.NFO,07/04/2025,09:20:51,50057.1,50038,60,50052.3,150,1470,2333940
BANKNIFTY-I.NFO,07/04/2025,09:20:52,50016.6,50016.65,30,50022.9,30,1590,2333940
BANKNIFTY-I.NFO,07/04/2025,09:20:53,50063.7,50034.45,30,50053.95,30,2340,2333940
BANKNIFTY-I.NFO,07/04/2025,09:20:54,50099.7,50068.15,120,50096.95,180,4020,2333940
BANKNIFTY-I.NFO,07/04/2025,09:20:55,50068.65,50069.05,90,50070.7,30,330,2333940
BANKNIFTY-I.NFO,07/04/2025,09:20:57,50076.6,50077.8,30,50082.3,120,1620,2333940
BANKNIFTY-I.NFO,07/04/2025,09:20:58,50074.35,50077.05,90,50085.6,30,1530,2333940
BANKNIFTY-I.NFO,07/04/2025,09:20:59,50077.05,50077.05,30,50081.5,120,1230,2333940
BANKNIFTY-I.NFO,07/04/2025,09:21:00,50084.7,50082.2,30,50084.7,90,1470,2333940
BANKNIFTY-I.NFO,07/04/2025,09:21:01,50074.35,50073.6,30,50093.15,120,1590,2333940
BANKNIFTY-I.NFO,07/04/2025,09:21:02,50091.6,50091.1,30,50097.8,60,300,2333940
BANKNIFTY-I.NFO,07/04/2025,09:21:04,50088.1,50086,30,50097.4,30,2160,2333940
BANKNIFTY-I.NFO,07/04/2025,09:21:05,50086,50082.55,60,50087.45,60,2070,2333940
BANKNIFTY-I.NFO,07/04/2025,09:21:06,50125,50099.45,150,50126.05,150,3180,2333940
BANKNIFTY-I.NFO,07/04/2025,09:21:07,50122.5,50122.5,90,50132.45,120,1380,2333940
BANKNIFTY-I.NFO,07/04/2025,09:21:08,50139.4,50137.45,30,50146.7,30,1350,2333940
BANKNIFTY-I.NFO,07/04/2025,09:21:10,50124.9,50123.15,240,50124.9,30,2040,2333940
BANKNIFTY-I.NFO,07/04/2025,09:21:11,50108.25,50108.25,30,50132.25,90,4710,2333940
BANKNIFTY-I.NFO,07/04/2025,09:21:12,50114.25,50107.4,60,50114.25,60,2340,2333940
BANKNIFTY-I.NFO,07/04/2025,09:21:13,50130,50132.25,240,50139.8,30,2730,2333940
BANKNIFTY-I.NFO,07/04/2025,09:21:15,50145.05,50133.25,240,50145.2,30,1470,2333940
BANKNIFTY-I.NFO,07/04/2025,09:21:16,50156.2,50156.2,120,50175.75,240,1890,2333940
BANKNIFTY-I.NFO,07/04/2025,09:21:17,50190.1,50188.3,30,50197.95,30,1860,2333940
BANKNIFTY-I.NFO,07/04/2025,09:21:18,50194,50169.7,270,50194,120,4200,2333940
BANKNIFTY-I.NFO,07/04/2025,09:21:20,50196.2,50195.7,30,50196.25,180,960,2333940
BANKNIFTY-I.NFO,07/04/2025,09:21:21,50230.3,50224.3,30,50230.35,30,1920,2333940
BANKNIFTY-I.NFO,07/04/2025,09:21:22,50206.65,50207.45,30,50212.45,30,990,2333940
BANKNIFTY-I.NFO,07/04/2025,09:21:23,50224.5,50217.9,30,50233.05,30,1050,2333940
BANKNIFTY-I.NFO,07/04/2025,09:21:25,50220,50217.9,30,50230.95,210,1200,2333940
BANKNIFTY-I.NFO,07/04/2025,09:21:26,50230.85,50213.5,240,50221.65,30,960,2361660
BANKNIFTY-I.NFO,07/04/2025,09:21:27,50233.7,50222.15,30,50233.7,240,3180,2361660
BANKNIFTY-I.NFO,07/04/2025,09:21:28,50216.3,50205.95,30,50216.3,240,1050,2361660
BANKNIFTY-I.NFO,07/04/2025,09:21:29,50221.25,50212.45,30,50221.25,240,2070,2361660
BANKNIFTY-I.NFO,07/04/2025,09:21:31,50201.35,50201.05,90,50201.75,60,1620,2361660
BANKNIFTY-I.NFO,07/04/2025,09:21:32,50209.9,50209.3,30,50209.9,120,900,2361660
BANKNIFTY-I.NFO,07/04/2025,09:21:33,50230,50229.35,30,50235.25,150,1290,2361660
BANKNIFTY-I.NFO,07/04/2025,09:21:34,50264.05,50261.15,60,50275.2,240,2910,2361660
BANKNIFTY-I.NFO,07/04/2025,09:21:36,50261.15,50261.15,30,50271.6,240,990,2361660
BANKNIFTY-I.NFO,07/04/2025,09:21:37,50295.1,50270.6,270,50289.55,30,2670,2361660
BANKNIFTY-I.NFO,07/04/2025,09:21:38,50289.55,50276.95,240,50289.55,120,1200,2361660
BANKNIFTY-I.NFO,07/04/2025,09:21:39,50286.75,50286.4,90,50295.05,60,1140,2361660
BANKNIFTY-I.NFO,07/04/2025,09:21:41,50300,50300,120,50309.95,240,2130,2361660
BANKNIFTY-I.NFO,07/04/2025,09:21:42,50300.05,50300,60,50306.05,60,1050,2361660
BANKNIFTY-I.NFO,07/04/2025,09:21:43,50322.5,50322,60,50325,30,2340,2361660
BANKNIFTY-I.NFO,07/04/2025,09:21:44,50344,50340,30,50347.55,240,1320,2361660
BANKNIFTY-I.NFO,07/04/2025,09:21:45,50343.7,50340,30,50343.65,120,900,2361660
BANKNIFTY-I.NFO,07/04/2025,09:21:47,50362.2,50355.9,60,50365.6,30,1350,2361660
BANKNIFTY-I.NFO,07/04/2025,09:21:48,50352.9,50350.05,180,50366.95,240,1560,2361660
BANKNIFTY-I.NFO,07/04/2025,09:21:49,50355.9,50355.75,150,50371.3,240,480,2361660
BANKNIFTY-I.NFO,07/04/2025,09:21:50,50370.95,50368.9,240,50370.95,210,3480,2361660
BANKNIFTY-I.NFO,07/04/2025,09:21:51,50397.75,50386.45,240,50412.25,270,1170,2361660
BANKNIFTY-I.NFO,07/04/2025,09:21:53,50386.45,50379.55,270,50403.6,60,1200,2361660
BANKNIFTY-I.NFO,07/04/2025,09:21:54,50379.5,50375.05,240,50379.5,150,660,2361660
BANKNIFTY-I.NFO,07/04/2025,09:21:55,50401.15,50400,240,50410.15,150,1230,2361660
BANKNIFTY-I.NFO,07/04/2025,09:21:56,50427,50426.05,30,50448.85,240,2790,2361660
BANKNIFTY-I.NFO,07/04/2025,09:21:57,50432.35,50432.1,30,50438.35,90,2010,2361660
BANKNIFTY-I.NFO,07/04/2025,09:21:59,50410.15,50402.8,30,50410.15,330,750,2361660
BANKNIFTY-I.NFO,07/04/2025,09:22:00,50438.35,50427.8,120,50440.6,30,1770,2361660
BANKNIFTY-I.NFO,07/04/2025,09:22:01,50427.8,50421.45,120,50433.3,30,1470,2361660
BANKNIFTY-I.NFO,07/04/2025,09:22:02,50421.45,50401.5,30,50421.1,60,900,2361660
BANKNIFTY-I.NFO,07/04/2025,09:22:03,50395.65,50394.5,60,50402.2,30,2940,2361660
BANKNIFTY-I.NFO,07/04/2025,09:22:04,50411.3,50410.75,30,50411.3,120,1350,2361660
BANKNIFTY-I.NFO,07/04/2025,09:22:05,50450,50409.35,150,50435.85,30,3030,2361660
BANKNIFTY-I.NFO,07/04/2025,09:22:06,50444.35,50415.8,30,50441.9,90,6180,2361660
BANKNIFTY-I.NFO,07/04/2025,09:22:08,50429.95,50411.65,30,50429.95,60,2340,2361660
BANKNIFTY-I.NFO,07/04/2025,09:22:09,50429.95,50419.7,60,50436.05,60,1890,2361660
BANKNIFTY-I.NFO,07/04/2025,09:22:10,50402.2,50402.2,1290,50406.45,60,2310,2361660
BANKNIFTY-I.NFO,07/04/2025,09:22:11,50419,50406.8,30,50419.95,30,960,2361660
BANKNIFTY-I.NFO,07/04/2025,09:22:12,50420,50407.65,60,50420,30,2460,2361660
BANKNIFTY-I.NFO,07/04/2025,09:22:14,50416.4,50416.15,30,50416.4,210,360,2361660
BANKNIFTY-I.NFO,07/04/2025,09:22:15,50415.8,50415.8,150,50420.8,30,930,2361660
BANKNIFTY-I.NFO,07/04/2025,09:22:16,50407.25,50407.25,30,50412.3,30,1950,2361660
BANKNIFTY-I.NFO,07/04/2025,09:22:17,50390.5,50392.5,30,50398.9,30,870,2361660
BANKNIFTY-I.NFO,07/04/2025,09:22:18,50393.95,50397.3,90,50417.45,90,2940,2361660
BANKNIFTY-I.NFO,07/04/2025,09:22:19,50400.65,50390.55,30,50400.65,60,450,2361660
BANKNIFTY-I.NFO,07/04/2025,09:22:21,50390,50380.1,60,50390,270,810,2361660
BANKNIFTY-I.NFO,07/04/2025,09:22:22,50393,50385.65,30,50396.75,60,390,2361660
BANKNIFTY-I.NFO,07/04/2025,09:22:23,50370.05,50370,60,50383.3,120,630,2361660
BANKNIFTY-I.NFO,07/04/2025,09:22:24,50356.25,50355.9,30,50356.25,150,750,2361660
BANKNIFTY-I.NFO,07/04/2025,09:22:26,50349.9,50361.3,60,50363.5,30,930,2361660
BANKNIFTY-I.NFO,07/04/2025,09:22:27,50351.05,50351.05,30,50363.45,60,660,2361660
BANKNIFTY-I.NFO,07/04/2025,09:22:28,50325,50320.35,30,50325,210,1590,2361660
BANKNIFTY-I.NFO,07/04/2025,09:22:29,50345,50326,30,50345.25,30,570,2361660
BANKNIFTY-I.NFO,07/04/2025,09:22:30,50326.85,50325,30,50326.8,30,390,2361660
BANKNIFTY-I.NFO,07/04/2025,09:22:31,50300,50307.05,60,50326.75,30,2670,2361660
BANKNIFTY-I.NFO,07/04/2025,09:22:33,50325.8,50321.9,120,50325.7,90,1440,2361660
BANKNIFTY-I.NFO,07/04/2025,09:22:34,50328,50321.9,90,50328,30,660,2361660
BANKNIFTY-I.NFO,07/04/2025,09:22:35,50322.5,50325.8,30,50340.1,30,420,2361660
BANKNIFTY-I.NFO,07/04/2025,09:22:36,50345,50345,630,50353.1,600,480,2361660
BANKNIFTY-I.NFO,07/04/2025,09:22:37,50338.95,50330,30,50339,300,870,2361660
BANKNIFTY-I.NFO,07/04/2025,09:22:38,50319.9,50307.25,60,50319.85,30,810,2361660
BANKNIFTY-I.NFO,07/04/2025,09:22:40,50320.45,50310.2,120,50320.4,60,1320,2361660
BANKNIFTY-I.NFO,07/04/2025,09:22:41,50300,50300,1830,50301.4,90,1290,2361660
BANKNIFTY-I.NFO,07/04/2025,09:22:42,50301.65,50300.1,60,50315.1,60,960,2361660
BANKNIFTY-I.NFO,07/04/2025,09:22:43,50315.1,50300.6,90,50318.5,30,720,2361660
BANKNIFTY-I.NFO,07/04/2025,09:22:44,50300.1,50300.05,180,50300.1,60,540,2361660
BANKNIFTY-I.NFO,07/04/2025,09:22:45,50320,50301.5,30,50320,30,360,2361660
BANKNIFTY-I.NFO,07/04/2025,09:22:46,50302.05,50301.55,60,50302,30,570,2361660
BANKNIFTY-I.NFO,07/04/2025,09:22:47,50314.5,50301.55,90,50314.35,30,300,2361660
BANKNIFTY-I.NFO,07/04/2025,09:22:48,50301.4,50300.6,30,50301.55,30,390,2361660
BANKNIFTY-I.NFO,07/04/2025,09:22:49,50300.65,50300.65,90,50317.3,60,720,2361660
BANKNIFTY-I.NFO,07/04/2025,09:22:51,50316.5,50301.25,30,50316.5,30,390,2361660
BANKNIFTY-I.NFO,07/04/2025,09:22:52,50301.3,50301.3,120,50314.4,30,450,2361660
BANKNIFTY-I.NFO,07/04/2025,09:22:53,50315,50314.4,30,50320.3,30,1410,2361660
BANKNIFTY-I.NFO,07/04/2025,09:22:54,50302.85,50301.4,30,50314.35,30,150,2361660
BANKNIFTY-I.NFO,07/04/2025,09:22:55,50304.95,50302.95,120,50304.95,30,270,2361660
BANKNIFTY-I.NFO,07/04/2025,09:22:56,50305,50300,660,50305,60,1110,2361660
BANKNIFTY-I.NFO,07/04/2025,09:22:57,50314.25,50303.1,60,50314.25,150,1080,2361660
BANKNIFTY-I.NFO,07/04/2025,09:22:58,50314.25,50300.05,90,50306.45,60,0,2361660
BANKNIFTY-I.NFO,07/04/2025,09:22:59,50300.1,50300.1,90,50317.95,30,1470,2361660
BANKNIFTY-I.NFO,07/04/2025,09:23:01,50320.45,50319.15,30,50325,300,750,2361660
BANKNIFTY-I.NFO,07/04/2025,09:23:02,50348.6,50352.2,30,50369.4,90,1740,2361660
BANKNIFTY-I.NFO,07/04/2025,09:23:03,50369.85,50345.45,30,50350,30,840,2361660
BANKNIFTY-I.NFO,07/04/2025,09:23:04,50345.35,50336.15,30,50349.9,30,750,2361660
BANKNIFTY-I.NFO,07/04/2025,09:23:06,50352.35,50350,180,50352.45,210,240,2361660
BANKNIFTY-I.NFO,07/04/2025,09:23:07,50350,50350,60,50352.4,30,180,2361660
BANKNIFTY-I.NFO,07/04/2025,09:23:08,50350,50335.85,60,50358.65,30,330,2361660
BANKNIFTY-I.NFO,07/04/2025,09:23:09,50350,50350.35,30,50364.8,30,570,2361660
BANKNIFTY-I.NFO,07/04/2025,09:23:10,50370.05,50365.1,30,50370.05,360,660,2361660
BANKNIFTY-I.NFO,07/04/2025,09:23:11,50370.05,50353.6,30,50365.1,30,420,2361660
BANKNIFTY-I.NFO,07/04/2025,09:23:12,50350,50344.65,60,50356.25,30,660,2361660
BANKNIFTY-I.NFO,07/04/2025,09:23:13,50368.25,50341.25,60,50357.85,60,630,2361660
BANKNIFTY-I.NFO,07/04/2025,09:23:15,50349.95,50341.35,30,50350,120,360,2361660
BANKNIFTY-I.NFO,07/04/2025,09:23:16,50369.9,50368.5,30,50370.05,240,450,2361660
BANKNIFTY-I.NFO,07/04/2025,09:23:17,50368.5,50356.45,60,50368.5,270,1020,2361660
BANKNIFTY-I.NFO,07/04/2025,09:23:18,50368.4,50347.15,60,50368.45,30,630,2361660
BANKNIFTY-I.NFO,07/04/2025,09:23:19,50347.15,50340,30,50347.15,60,630,2361660
BANKNIFTY-I.NFO,07/04/2025,09:23:21,50353.5,50340.1,30,50353.5,90,660,2361660
BANKNIFTY-I.NFO,07/04/2025,09:23:22,50340.05,50331.5,30,50340.1,210,240,2361660
BANKNIFTY-I.NFO,07/04/2025,09:23:23,50331.45,50331.5,30,50346.6,30,840,2361660
BANKNIFTY-I.NFO,07/04/2025,09:23:24,50353.35,50340.15,60,50353.35,60,720,2361660
BANKNIFTY-I.NFO,07/04/2025,09:23:26,50330.95,50327.2,60,50348,60,1080,2361660
BANKNIFTY-I.NFO,07/04/2025,09:23:27,50349.75,50334.75,60,50352.05,30,660,2361660
BANKNIFTY-I.NFO,07/04/2025,09:23:28,50351.9,50350,540,50352,30,750,2361660
BANKNIFTY-I.NFO,07/04/2025,09:23:29,50351.95,50350,180,50351.95,150,660,2361660
BANKNIFTY-I.NFO,07/04/2025,09:23:30,50345.65,50347.75,30,50350,60,330,2361660
BANKNIFTY-I.NFO,07/04/2025,09:23:32,50355.5,50344.25,60,50362.35,60,1290,2361660
BANKNIFTY-I.NFO,07/04/2025,09:23:33,50350,50340,30,50349,90,1440,2361660
BANKNIFTY-I.NFO,07/04/2025,09:23:34,50340.05,50332,60,50343.4,90,390,2361660
BANKNIFTY-I.NFO,07/04/2025,09:23:35,50313.95,50325,900,50328.05,30,210,2361660
BANKNIFTY-I.NFO,07/04/2025,09:23:37,50325.65,50325,750,50326.4,90,210,2361660
BANKNIFTY-I.NFO,07/04/2025,09:23:38,50329.05,50325,720,50329,30,840,2361660
BANKNIFTY-I.NFO,07/04/2025,09:23:39,50306.95,50301.4,30,50312.2,90,1560,2361660
BANKNIFTY-I.NFO,07/04/2025,09:23:40,50300.15,50294.55,30,50300.2,60,1710,2361660
BANKNIFTY-I.NFO,07/04/2025,09:23:42,50281,50275.25,60,50293.15,90,450,2361660
BANKNIFTY-I.NFO,07/04/2025,09:23:43,50275.3,50275.25,30,50281,60,960,2361660
BANKNIFTY-I.NFO,07/04/2025,09:23:44,50275.65,50275.2,240,50279.2,30,570,2361660
BANKNIFTY-I.NFO,07/04/2025,09:23:45,50270.5,50265.45,30,50270.5,270,1200,2361660
BANKNIFTY-I.NFO,07/04/2025,09:23:46,50267.75,50267.8,90,50293.95,60,1500,2361660
BANKNIFTY-I.NFO,07/04/2025,09:23:48,50267.8,50267.8,30,50280,60,330,2361660
BANKNIFTY-I.NFO,07/04/2025,09:23:49,50260.85,50255.9,30,50262.3,30,1080,2361660
BANKNIFTY-I.NFO,07/04/2025,09:23:50,50250.05,50250.05,180,50254,30,600,2361660
BANKNIFTY-I.NFO,07/04/2025,09:23:51,50250,50235.25,30,50247.4,30,480,2361660
BANKNIFTY-I.NFO,07/04/2025,09:23:53,50254.25,50234.65,90,50255.9,120,1560,2361660
BANKNIFTY-I.NFO,07/04/2025,09:23:54,50263.45,50245.6,180,50263.45,180,1440,2361660
BANKNIFTY-I.NFO,07/04/2025,09:23:55,50251.45,50246.1,30,50265.25,60,780,2361660
BANKNIFTY-I.NFO,07/04/2025,09:23:56,50238.15,50235,30,50251.35,30,390,2361660
BANKNIFTY-I.NFO,07/04/2025,09:23:58,50252.4,50245,120,50249.6,30,690,2361660
BANKNIFTY-I.NFO,07/04/2025,09:23:59,50230.6,50229.05,30,50250.85,60,570,2361660
BANKNIFTY-I.NFO,07/04/2025,09:24:00,50263.45,50248.7,150,50263.45,60,750,2361660
BANKNIFTY-I.NFO,07/04/2025,09:24:01,50238.8,50237.2,60,50254.8,30,540,2361660
BANKNIFTY-I.NFO,07/04/2025,09:24:03,50247.8,50246.95,30,50256.6,90,840,2361660
BANKNIFTY-I.NFO,07/04/2025,09:24:04,50263.4,50244.95,30,50263.35,60,420,2361660
BANKNIFTY-I.NFO,07/04/2025,09:24:05,50256.6,50256.6,30,50263.45,30,210,2361660
BANKNIFTY-I.NFO,07/04/2025,09:24:06,50251.05,50255.55,30,50263.45,30,690,2361660
BANKNIFTY-I.NFO,07/04/2025,09:24:08,50243.8,50241.5,30,50243.95,240,510,2361660
BANKNIFTY-I.NFO,07/04/2025,09:24:09,50236.75,50230,30,50236.7,60,390,2361660
BANKNIFTY-I.NFO,07/04/2025,09:24:10,50213.25,50213.2,30,50227,30,600,2361660
BANKNIFTY-I.NFO,07/04/2025,09:24:11,50226.95,50213.3,30,50227.05,60,360,2361660
BANKNIFTY-I.NFO,07/04/2025,09:24:12,50226.95,50213.4,30,50226.95,30,660,2361660
BANKNIFTY-I.NFO,07/04/2025,09:24:14,50227,50226.65,30,50227,30,60,2361660
BANKNIFTY-I.NFO,07/04/2025,09:24:15,50213.5,50213.8,150,50235.3,60,1800,2361660
BANKNIFTY-I.NFO,07/04/2025,09:24:16,50220.05,50220.05,60,50229.95,30,390,2361660
BANKNIFTY-I.NFO,07/04/2025,09:24:17,50213.85,50213.85,30,50219.5,30,300,2361660
BANKNIFTY-I.NFO,07/04/2025,09:24:19,50220,50211,30,50220.05,30,180,2361660
BANKNIFTY-I.NFO,07/04/2025,09:24:20,50213.85,50211.15,30,50219.2,150,180,2361660
BANKNIFTY-I.NFO,07/04/2025,09:24:21,50229.85,50211.2,90,50229.9,30,720,2361660
BANKNIFTY-I.NFO,07/04/2025,09:24:22,50225.6,50221.15,90,50241.95,30,630,2361660
BANKNIFTY-I.NFO,07/04/2025,09:24:24,50244.55,50228.85,90,50252.2,30,780,2361660
BANKNIFTY-I.NFO,07/04/2025,09:24:25,50242,50228.85,30,50237,150,720,2361660
BANKNIFTY-I.NFO,07/04/2025,09:24:26,50227.95,50220.05,30,50235.4,150,600,2361450
BANKNIFTY-I.NFO,07/04/2025,09:24:27,50250,50234.55,30,50250.75,60,360,2361450
BANKNIFTY-I.NFO,07/04/2025,09:24:29,50245.15,50245,30,50250.75,60,240,2361450
BANKNIFTY-I.NFO,07/04/2025,09:24:30,50270.35,50270.8,30,50289.05,30,990,2361450
BANKNIFTY-I.NFO,07/04/2025,09:24:31,50271.35,50262.1,30,50274.2,30,390,2361450
BANKNIFTY-I.NFO,07/04/2025,09:24:32,50274.95,50275.3,30,50290.05,150,1050,2361450
BANKNIFTY-I.NFO,07/04/2025,09:24:34,50275.65,50260.65,30,50272.85,30,630,2361450
BANKNIFTY-I.NFO,07/04/2025,09:24:35,50250.1,50250,90,50257.95,30,660,2361450
BANKNIFTY-I.NFO,07/04/2025,09:24:36,50240.3,50240.35,30,50247.5,30,420,2361450
BANKNIFTY-I.NFO,07/04/2025,09:24:37,50239.1,50233.95,30,50248.7,30,330,2361450
BANKNIFTY-I.NFO,07/04/2025,09:24:39,50239.35,50234.15,210,50247.1,150,510,2361450
BANKNIFTY-I.NFO,07/04/2025,09:24:40,50255.5,50255.5,90,50271.8,30,510,2361450
BANKNIFTY-I.NFO,07/04/2025,09:24:41,50262.55,50262.55,120,50281.55,30,540,2361450
BANKNIFTY-I.NFO,07/04/2025,09:24:42,50270.85,50262.7,60,50270.7,30,390,2361450
BANKNIFTY-I.NFO,07/04/2025,09:24:43,50271.3,50255.75,120,50275.75,150,1290,2361450
BANKNIFTY-I.NFO,07/04/2025,09:24:45,50263.55,50256,90,50262.2,150,480,2361450
BANKNIFTY-I.NFO,07/04/2025,09:24:46,50256,50255.85,120,50262.35,30,330,2361450
BANKNIFTY-I.NFO,07/04/2025,09:24:47,50267.45,50256.05,210,50267.55,60,570,2361450
BANKNIFTY-I.NFO,07/04/2025,09:24:48,50275.6,50259.95,30,50274.8,30,390,2361450
BANKNIFTY-I.NFO,07/04/2025,09:24:50,50284.75,50272.2,30,50284.8,30,480,2361450
BANKNIFTY-I.NFO,07/04/2025,09:24:51,50272.25,50272.25,30,50283.8,30,990,2361450
BANKNIFTY-I.NFO,07/04/2025,09:24:52,50288.4,50272.2,750,50287.35,30,1200,2361450
BANKNIFTY-I.NFO,07/04/2025,09:24:53,50286.2,50272.25,150,50284.8,30,360,2361450
BANKNIFTY-I.NFO,07/04/2025,09:24:54,50290.35,50285.85,90,50299.95,30,900,2361450
BANKNIFTY-I.NFO,07/04/2025,09:24:56,50290.35,50290.35,270,50299.6,30,1020,2361450
BANKNIFTY-I.NFO,07/04/2025,09:24:57,50290.35,50285.8,30,50297.25,60,600,2361450
BANKNIFTY-I.NFO,07/04/2025,09:24:58,50274.1,50274.1,30,50287.25,30,1320,2361450
BANKNIFTY-I.NFO,07/04/2025,09:24:59,50296.8,50279.05,30,50293.4,30,30,2361450
BANKNIFTY-I.NFO,07/04/2025,09:25:01,50272.15,50272.25,30,50290.25,30,780,2361450
BANKNIFTY-I.NFO,07/04/2025,09:25:02,50275.55,50277.4,60,50295.7,30,750,2361450
BANKNIFTY-I.NFO,07/04/2025,09:25:03,50280.05,50280.05,120,50291.1,30,300,2361450
BANKNIFTY-I.NFO,07/04/2025,09:25:04,50290.1,50280.15,90,50293.65,30,420,2361450
BANKNIFTY-I.NFO,07/04/2025,09:25:05,50280.15,50280.25,30,50292.25,30,180,2361450
BANKNIFTY-I.NFO,07/04/2025,09:25:07,50293.7,50293.7,60,50297.85,30,450,2361450
BANKNIFTY-I.NFO,07/04/2025,09:25:08,50293.65,50280.9,90,50297.8,30,330,2361450
BANKNIFTY-I.NFO,07/04/2025,09:25:09,50298.85,50294.05,30,50299.85,30,1080,2361450
BANKNIFTY-I.NFO,07/04/2025,09:25:10,50301.8,50294.2,150,50302.1,300,240,2361450
BANKNIFTY-I.NFO,07/04/2025,09:25:12,50300.45,50300.45,60,50302.2,30,300,2361450
BANKNIFTY-I.NFO,07/04/2025,09:25:13,50294.05,50280.25,30,50294.1,30,480,2361450
BANKNIFTY-I.NFO,07/04/2025,09:25:14,50280.3,50280.4,30,50291.4,30,150,2361450
BANKNIFTY-I.NFO,07/04/2025,09:25:15,50291.25,50280.4,450,50290.65,30,510,2361450
BANKNIFTY-I.NFO,07/04/2025,09:25:17,50302.35,50302.35,30,50303.85,300,750,2361450
BANKNIFTY-I.NFO,07/04/2025,09:25:18,50292.4,50282.3,90,50296.7,30,810,2361450
BANKNIFTY-I.NFO,07/04/2025,09:25:19,50282.35,50282.4,30,50294.4,30,150,2361450
BANKNIFTY-I.NFO,07/04/2025,09:25:20,50273.95,50258.95,90,50277.1,60,2790,2361450
BANKNIFTY-I.NFO,07/04/2025,09:25:21,50273.75,50256.65,30,50274.75,30,630,2361450
BANKNIFTY-I.NFO,07/04/2025,09:25:23,50256.7,50251,30,50262.5,60,210,2361450
BANKNIFTY-I.NFO,07/04/2025,09:25:24,50250,50250,120,50260.45,60,450,2361450
BANKNIFTY-I.NFO,07/04/2025,09:25:25,50256.95,50250.05,90,50257.3,30,570,2361450
BANKNIFTY-I.NFO,07/04/2025,09:25:26,50265.25,50264.35,60,50275,30,2070,2361450
BANKNIFTY-I.NFO,07/04/2025,09:25:27,50257.1,50253.15,150,50272.1,60,330,2361450
BANKNIFTY-I.NFO,07/04/2025,09:25:28,50256.35,50240.1,210,50256.05,30,570,2361450
BANKNIFTY-I.NFO,07/04/2025,09:25:29,50257.25,50240.15,30,50256.85,60,750,2361450
BANKNIFTY-I.NFO,07/04/2025,09:25:31,50246.15,50246.15,30,50256.05,30,390,2361450
BANKNIFTY-I.NFO,07/04/2025,09:25:32,50256.1,50256.15,300,50264.3,90,330,2361450
BANKNIFTY-I.NFO,07/04/2025,09:25:33,50268.95,50264.3,210,50270,30,600,2361450
BANKNIFTY-I.NFO,07/04/2025,09:25:34,50252,50264.3,30,50271.95,30,1020,2361450
BANKNIFTY-I.NFO,07/04/2025,09:25:35,50257.1,50257.1,60,50263.4,60,390,2361450
BANKNIFTY-I.NFO,07/04/2025,09:25:36,50257.1,50257.1,60,50263.4,60,390,2361450
BANKNIFTY-I.NFO,07/04/2025,09:25:37,50250,50250,450,50257.15,90,690,2361450
BANKNIFTY-I.NFO,07/04/2025,09:25:39,50257.15,50257.15,30,50266.45,30,600,2361450
BANKNIFTY-I.NFO,07/04/2025,09:25:40,50267.05,50264.4,30,50267.9,30,90,2361450
BANKNIFTY-I.NFO,07/04/2025,09:25:41,50240.05,50240,60,50250,60,450,2361450
BANKNIFTY-I.NFO,07/04/2025,09:25:42,50244.5,50244.5,60,50265.8,30,360,2361450
BANKNIFTY-I.NFO,07/04/2025,09:25:43,50265.3,50243.25,30,50265.4,60,270,2361450
BANKNIFTY-I.NFO,07/04/2025,09:25:44,50250,50250,30,50263.95,30,330,2361450
BANKNIFTY-I.NFO,07/04/2025,09:25:45,50264.45,50251.25,60,50264.45,30,90,2361450
BANKNIFTY-I.NFO,07/04/2025,09:25:46,50264.4,50252.8,90,50267.9,30,210,2361450
BANKNIFTY-I.NFO,07/04/2025,09:25:47,50261.75,50261.75,150,50266.5,300,240,2361450
BANKNIFTY-I.NFO,07/04/2025,09:25:48,50266.6,50266.8,210,50268.6,30,600,2361450
BANKNIFTY-I.NFO,07/04/2025,09:25:49,50266.6,50266.5,30,50266.6,30,510,2361450
BANKNIFTY-I.NFO,07/04/2025,09:25:50,50266.95,50266.95,90,50270,30,480,2361450
BANKNIFTY-I.NFO,07/04/2025,09:25:52,50270.1,50264.45,30,50278.95,30,330,2361450
BANKNIFTY-I.NFO,07/04/2025,09:25:53,50274.3,50256.05,60,50270.85,30,300,2361450
BANKNIFTY-I.NFO,07/04/2025,09:25:54,50266.25,50250.05,60,50266.5,120,990,2361450
BANKNIFTY-I.NFO,07/04/2025,09:25:55,50260.1,50251.15,30,50264.8,30,360,2361450
BANKNIFTY-I.NFO,07/04/2025,09:25:56,50251.1,50244.7,30,50261.05,30,690,2361450
BANKNIFTY-I.NFO,07/04/2025,09:25:58,50260,50252.55,30,50266.7,30,30,2361450
BANKNIFTY-I.NFO,07/04/2025,09:25:58,50253.2,50258.3,90,50279.95,30,60,2361450
BANKNIFTY-I.NFO,07/04/2025,09:26:00,50275,50268.65,120,50280,30,90,2361450
BANKNIFTY-I.NFO,07/04/2025,09:26:01,50267.55,50270.55,90,50278.5,30,420,2361450
BANKNIFTY-I.NFO,07/04/2025,09:26:02,50286.8,50270.8,60,50284.4,30,270,2361450
BANKNIFTY-I.NFO,07/04/2025,09:26:03,50277.8,50277.85,30,50288.4,30,300,2361450
BANKNIFTY-I.NFO,07/04/2025,09:26:04,50279.1,50281.65,90,50297.6,30,600,2361450
BANKNIFTY-I.NFO,07/04/2025,09:26:05,50300,50286.05,60,50303.65,30,90,2361450
BANKNIFTY-I.NFO,07/04/2025,09:26:06,50308.4,50308.95,60,50324.5,30,360,2361450
BANKNIFTY-I.NFO,07/04/2025,09:26:07,50311.7,50313,60,50332.55,30,300,2361450
BANKNIFTY-I.NFO,07/04/2025,09:26:09,50345.7,50345.7,90,50349.95,30,480,2361450
BANKNIFTY-I.NFO,07/04/2025,09:26:10,50330.95,50333.1,90,50348.7,30,390,2361450
BANKNIFTY-I.NFO,07/04/2025,09:26:11,50351.1,50345,30,50356.75,60,720,2361450
BANKNIFTY-I.NFO,07/04/2025,09:26:12,50351.55,50351.55,120,50354.5,30,420,2361450
BANKNIFTY-I.NFO,07/04/2025,09:26:13,50332.65,50332.65,60,50341.85,30,1110,2361450
BANKNIFTY-I.NFO,07/04/2025,09:26:14,50341.85,50332.8,60,50345.65,30,480,2361450
BANKNIFTY-I.NFO,07/04/2025,09:26:15,50343,50332.8,90,50346.15,30,150,2361450
BANKNIFTY-I.NFO,07/04/2025,09:26:17,50322.75,50321.45,60,50338.95,30,510,2361450
BANKNIFTY-I.NFO,07/04/2025,09:26:18,50329.9,50315.4,60,50332.8,30,210,2361450
BANKNIFTY-I.NFO,07/04/2025,09:26:19,50331.85,50317.2,60,50335.1,30,60,2361450
BANKNIFTY-I.NFO,07/04/2025,09:26:20,50314.9,50318.15,30,50327.1,30,240,2361450
BANKNIFTY-I.NFO,07/04/2025,09:26:22,50327.95,50309.85,60,50329.45,30,690,2361450
BANKNIFTY-I.NFO,07/04/2025,09:26:23,50294,50275,30,50289.65,30,510,2361450
BANKNIFTY-I.NFO,07/04/2025,09:26:24,50265.35,50265.3,30,50270.8,60,570,2361450
BANKNIFTY-I.NFO,07/04/2025,09:26:25,50266.2,50261.55,120,50269.55,60,690,2361450
BANKNIFTY-I.NFO,07/04/2025,09:26:27,50273.25,50265.35,60,50271.8,30,990,2361450
BANKNIFTY-I.NFO,07/04/2025,09:26:28,50250,50250,150,50262.05,30,1170,2361450
BANKNIFTY-I.NFO,07/04/2025,09:26:29,50250.05,50250,120,50264.7,30,300,2361450
BANKNIFTY-I.NFO,07/04/2025,09:26:30,50250,50248.05,60,50264.75,30,720,2361450
BANKNIFTY-I.NFO,07/04/2025,09:26:32,50315.9,50315.85,60,50331.4,60,1830,2361450
BANKNIFTY-I.NFO,07/04/2025,09:26:33,50314.1,50314.15,30,50329.65,90,630,2361450
BANKNIFTY-I.NFO,07/04/2025,09:26:34,50322.8,50322.85,60,50341.55,60,1140,2361450
BANKNIFTY-I.NFO,07/04/2025,09:26:35,50348.55,50331.9,30,50348.8,30,1230,2361450
BANKNIFTY-I.NFO,07/04/2025,09:26:37,50341.95,50350,60,50357.05,60,1050,2361450
BANKNIFTY-I.NFO,07/04/2025,09:26:38,50361.55,50359,30,50378.65,30,1080,2361450
BANKNIFTY-I.NFO,07/04/2025,09:26:39,50370.15,50370.15,90,50371.7,30,690,2361450
BANKNIFTY-I.NFO,07/04/2025,09:26:40,50367.3,50361.6,30,50370.45,30,480,2361450
BANKNIFTY-I.NFO,07/04/2025,09:26:42,50370.5,50370.5,150,50380,30,570,2361450
BANKNIFTY-I.NFO,07/04/2025,09:26:43,50384.05,50377.55,90,50385,120,1140,2361450
BANKNIFTY-I.NFO,07/04/2025,09:26:44,50370.4,50377.55,60,50384.25,30,900,2361450
BANKNIFTY-I.NFO,07/04/2025,09:26:45,50377.55,50377.55,60,50386.75,30,810,2361450
BANKNIFTY-I.NFO,07/04/2025,09:26:47,50367.25,50367.25,120,50381.25,30,990,2361450
BANKNIFTY-I.NFO,07/04/2025,09:26:48,50374.6,50375.55,60,50386.65,60,360,2361450
BANKNIFTY-I.NFO,07/04/2025,09:26:49,50398.7,50380.75,90,50398.75,180,750,2361450
BANKNIFTY-I.NFO,07/04/2025,09:26:50,50376.85,50376.85,90,50377.95,60,1080,2361450
BANKNIFTY-I.NFO,07/04/2025,09:26:51,50380.3,50380.3,240,50386.15,30,330,2361450
BANKNIFTY-I.NFO,07/04/2025,09:26:53,50380.3,50362.2,30,50375.55,30,420,2361450
BANKNIFTY-I.NFO,07/04/2025,09:26:54,50375.6,50375.6,120,50380.55,30,1110,2361450
BANKNIFTY-I.NFO,07/04/2025,09:26:55,50383.55,50372.85,30,50387.8,30,240,2361450
BANKNIFTY-I.NFO,07/04/2025,09:26:56,50381.9,50367.25,30,50377.65,60,810,2361450
BANKNIFTY-I.NFO,07/04/2025,09:26:57,50360,50360,30,50370.8,210,570,2361450
BANKNIFTY-I.NFO,07/04/2025,09:26:59,50365.1,50365.1,240,50370,420,300,2361450
BANKNIFTY-I.NFO,07/04/2025,09:27:00,50365.1,50350.05,30,50365.1,240,540,2361450
BANKNIFTY-I.NFO,07/04/2025,09:27:01,50350,50339.4,30,50350,120,600,2361450
BANKNIFTY-I.NFO,07/04/2025,09:27:02,50345.1,50343.1,60,50345.1,30,810,2361450
BANKNIFTY-I.NFO,07/04/2025,09:27:03,50346,50331.05,60,50349.75,30,1470,2361450
BANKNIFTY-I.NFO,07/04/2025,09:27:05,50326.2,50325.65,60,50326.2,120,1110,2361450
BANKNIFTY-I.NFO,07/04/2025,09:27:06,50326.2,50325,30,50326.2,90,780,2361450
BANKNIFTY-I.NFO,07/04/2025,09:27:07,50326.2,50316.35,60,50340.45,30,390,2361450
BANKNIFTY-I.NFO,07/04/2025,09:27:08,50316.35,50316.35,270,50329.05,30,510,2361450
BANKNIFTY-I.NFO,07/04/2025,09:27:10,50329.1,50314,30,50335.2,30,300,2361450
BANKNIFTY-I.NFO,07/04/2025,09:27:11,50336.2,50336.2,180,50344.4,30,240,2361450
BANKNIFTY-I.NFO,07/04/2025,09:27:12,50349.15,50348.55,30,50364.7,30,960,2361450
BANKNIFTY-I.NFO,07/04/2025,09:27:13,50372.1,50357.75,30,50376.1,60,1200,2361450
BANKNIFTY-I.NFO,07/04/2025,09:27:15,50377.95,50361.8,120,50378,90,1050,2361450
BANKNIFTY-I.NFO,07/04/2025,09:27:16,50384,50384,270,50391.75,30,750,2361450
BANKNIFTY-I.NFO,07/04/2025,09:27:17,50383.15,50383.15,120,50383.95,30,2010,2361450
BANKNIFTY-I.NFO,07/04/2025,09:27:18,50367.95,50365.9,30,50387.95,60,1350,2361450
BANKNIFTY-I.NFO,07/04/2025,09:27:20,50390.55,50390.55,30,50395.55,30,720,2361450
BANKNIFTY-I.NFO,07/04/2025,09:27:21,50390.5,50371.1,60,50390.2,60,600,2361450
BANKNIFTY-I.NFO,07/04/2025,09:27:22,50371.7,50352.75,30,50374.45,60,930,2361450
BANKNIFTY-I.NFO,07/04/2025,09:27:23,50374.55,50353.45,60,50376.3,90,750,2361450
BANKNIFTY-I.NFO,07/04/2025,09:27:25,50356.8,50353.5,60,50367.95,30,540,2361450
BANKNIFTY-I.NFO,07/04/2025,09:27:26,50353.55,50348.1,30,50368.55,60,300,2361450
BANKNIFTY-I.NFO,07/04/2025,09:27:27,50372,50352.6,120,50374.65,30,1230,2358180
BANKNIFTY-I.NFO,07/04/2025,09:27:28,50374.4,50354.35,60,50374.45,30,750,2358180
BANKNIFTY-I.NFO,07/04/2025,09:27:30,50374.45,50360.05,60,50374.45,30,360,2358180
BANKNIFTY-I.NFO,07/04/2025,09:27:31,50385.35,50360.35,60,50374.5,180,1020,2358180
BANKNIFTY-I.NFO,07/04/2025,09:27:32,50367.05,50368.3,60,50388.25,60,270,2358180
BANKNIFTY-I.NFO,07/04/2025,09:27:33,50375.2,50370.45,30,50388.25,60,330,2358180
BANKNIFTY-I.NFO,07/04/2025,09:27:35,50374.85,50359.05,60,50374.85,30,870,2358180
BANKNIFTY-I.NFO,07/04/2025,09:27:36,50388.3,50371.65,60,50390,60,540,2358180
BANKNIFTY-I.NFO,07/04/2025,09:27:37,50364.25,50366.15,30,50388.8,120,570,2358180
BANKNIFTY-I.NFO,07/04/2025,09:27:38,50372.7,50372.65,60,50389.95,60,390,2358180
BANKNIFTY-I.NFO,07/04/2025,09:27:39,50373.7,50371.25,60,50389.95,60,360,2358180
BANKNIFTY-I.NFO,07/04/2025,09:27:41,50367.5,50368.25,60,50387.95,90,810,2358180
BANKNIFTY-I.NFO,07/04/2025,09:27:42,50370.5,50370.15,60,50389.85,60,570,2358180
BANKNIFTY-I.NFO,07/04/2025,09:27:43,50365.05,50365,300,50365.05,150,210,2358180
BANKNIFTY-I.NFO,07/04/2025,09:27:44,50365,50353.2,30,50372.6,60,330,2358180
BANKNIFTY-I.NFO,07/04/2025,09:27:46,50380,50372.65,30,50380,30,330,2358180
BANKNIFTY-I.NFO,07/04/2025,09:27:47,50387.85,50371.85,30,50387.9,30,360,2358180
BANKNIFTY-I.NFO,07/04/2025,09:27:48,50369.45,50365.1,30,50369.45,60,240,2358180
BANKNIFTY-I.NFO,07/04/2025,09:27:49,50389.9,50384.35,90,50390,180,450,2358180
BANKNIFTY-I.NFO,07/04/2025,09:27:50,50390,50377.5,90,50390,60,390,2358180
BANKNIFTY-I.NFO,07/04/2025,09:27:52,50397.95,50397.95,120,50398.75,180,720,2358180
BANKNIFTY-I.NFO,07/04/2025,09:27:53,50390.1,50390.1,180,50394.3,30,780,2358180
BANKNIFTY-I.NFO,07/04/2025,09:27:54,50385.4,50367.5,120,50384.45,30,330,2358180
BANKNIFTY-I.NFO,07/04/2025,09:27:55,50379,50367.5,90,50379,30,150,2358180
BANKNIFTY-I.NFO,07/04/2025,09:27:57,50390.1,50380.15,60,50390.1,90,780,2358180
BANKNIFTY-I.NFO,07/04/2025,09:27:58,50380.35,50380.6,60,50390.1,60,990,2358180
BANKNIFTY-I.NFO,07/04/2025,09:27:59,50397.85,50397.85,210,50398.75,180,660,2358180
BANKNIFTY-I.NFO,07/04/2025,09:28:00,50398.8,50397.85,270,50399,60,570,2358180
BANKNIFTY-I.NFO,07/04/2025,09:28:02,50399,50399,270,50399.9,30,690,2358180
BANKNIFTY-I.NFO,07/04/2025,09:28:03,50397.75,50380.75,90,50398.95,60,330,2358180
BANKNIFTY-I.NFO,07/04/2025,09:28:04,50394.65,50380.85,60,50396.9,30,90,2358180
BANKNIFTY-I.NFO,07/04/2025,09:28:05,50391.2,50391.2,180,50397.7,60,420,2358180
BANKNIFTY-I.NFO,07/04/2025,09:28:07,50390,50383.65,60,50399,90,540,2358180
BANKNIFTY-I.NFO,07/04/2025,09:28:08,50402.25,50402.65,60,50410,30,2370,2358180
BANKNIFTY-I.NFO,07/04/2025,09:28:09,50413.2,50412.5,30,50429.95,30,810,2358180
BANKNIFTY-I.NFO,07/04/2025,09:28:10,50411.25,50399.45,60,50421.6,120,450,2358180
BANKNIFTY-I.NFO,07/04/2025,09:28:12,50397.1,50390.05,30,50397.1,60,1110,2358180
BANKNIFTY-I.NFO,07/04/2025,09:28:13,50389.2,50385,30,50398,270,510,2358180
BANKNIFTY-I.NFO,07/04/2025,09:28:14,50393.2,50377.05,30,50395.9,60,540,2358180
BANKNIFTY-I.NFO,07/04/2025,09:28:15,50396,50398.3,30,50412.3,60,780,2358180
BANKNIFTY-I.NFO,07/04/2025,09:28:16,50398.3,50396,180,50404.1,90,360,2358180
BANKNIFTY-I.NFO,07/04/2025,09:28:18,50396,50392.65,60,50411.15,60,270,2358180
BANKNIFTY-I.NFO,07/04/2025,09:28:19,50400.6,50400.55,30,50415.35,30,420,2358180
BANKNIFTY-I.NFO,07/04/2025,09:28:20,50417.5,50400,30,50400.55,60,540,2358180
BANKNIFTY-I.NFO,07/04/2025,09:28:21,50400,50395.1,30,50400,60,60,2358180
BANKNIFTY-I.NFO,07/04/2025,09:28:23,50400.55,50398,30,50400.55,60,300,2358180
BANKNIFTY-I.NFO,07/04/2025,09:28:24,50411.9,50400.55,30,50411.9,60,210,2358180
BANKNIFTY-I.NFO,07/04/2025,09:28:25,50410.65,50406.6,30,50411.85,30,480,2358180
BANKNIFTY-I.NFO,07/04/2025,09:28:26,50411.9,50409.85,60,50417.5,120,420,2358180
BANKNIFTY-I.NFO,07/04/2025,09:28:28,50414.8,50414.8,180,50416.15,30,540,2358180
BANKNIFTY-I.NFO,07/04/2025,09:28:29,50412.25,50398.85,30,50415.8,60,930,2358180
BANKNIFTY-I.NFO,07/04/2025,09:28:30,50395.8,50391.9,30,50406.2,30,540,2358180
BANKNIFTY-I.NFO,07/04/2025,09:28:31,50408,50398.8,90,50410,30,660,2358180
BANKNIFTY-I.NFO,07/04/2025,09:28:32,50410,50404,60,50423.75,90,630,2358180
BANKNIFTY-I.NFO,07/04/2025,09:28:34,50417,50412.8,90,50427.9,60,450,2358180
BANKNIFTY-I.NFO,07/04/2025,09:28:35,50411.85,50406.7,30,50411.85,90,1200,2358180
BANKNIFTY-I.NFO,07/04/2025,09:28:36,50402.45,50402.45,60,50415.8,60,210,2358180
BANKNIFTY-I.NFO,07/04/2025,09:28:37,50411.8,50411.8,60,50411.85,210,300,2358180
BANKNIFTY-I.NFO,07/04/2025,09:28:39,50411.85,50411.85,180,50415.85,30,390,2358180
BANKNIFTY-I.NFO,07/04/2025,09:28:40,50405.75,50405.3,30,50411.85,60,420,2358180
BANKNIFTY-I.NFO,07/04/2025,09:28:41,50411.85,50411.85,90,50414,30,210,2358180
BANKNIFTY-I.NFO,07/04/2025,09:28:42,50402.8,50400,360,50408.35,60,300,2358180
BANKNIFTY-I.NFO,07/04/2025,09:28:43,50391.95,50391.9,60,50400,150,930,2358180
BANKNIFTY-I.NFO,07/04/2025,09:28:45,50399.95,50387.4,30,50399.9,30,1140,2358180
BANKNIFTY-I.NFO,07/04/2025,09:28:46,50377.35,50378.95,60,50391.9,60,360,2358180
BANKNIFTY-I.NFO,07/04/2025,09:28:47,50390.05,50390.05,60,50391.35,210,330,2358180
BANKNIFTY-I.NFO,07/04/2025,09:28:48,50377.8,50380.65,30,50385.45,30,510,2358180
BANKNIFTY-I.NFO,07/04/2025,09:28:50,50391.35,50391.2,60,50396.05,30,1200,2358180
BANKNIFTY-I.NFO,07/04/2025,09:28:51,50415.1,50400.45,30,50419.05,60,840,2358180
BANKNIFTY-I.NFO,07/04/2025,09:28:52,50417.4,50397.8,120,50417.2,120,1590,2358180
BANKNIFTY-I.NFO,07/04/2025,09:28:53,50406.7,50392.9,120,50406.65,30,960,2358180
BANKNIFTY-I.NFO,07/04/2025,09:28:55,50403.9,50381.3,60,50390,60,990,2358180
BANKNIFTY-I.NFO,07/04/2025,09:28:56,50380.95,50381.05,30,50392.1,30,1020,2358180
BANKNIFTY-I.NFO,07/04/2025,09:28:57,50392.1,50392.1,270,50398.95,120,30,2358180
BANKNIFTY-I.NFO,07/04/2025,09:28:58,50393.9,50392.15,30,50410.8,120,570,2358180
BANKNIFTY-I.NFO,07/04/2025,09:28:59,50392.1,50392.1,120,50399.95,150,240,2358180
BANKNIFTY-I.NFO,07/04/2025,09:29:01,50395.35,50381.45,120,50392.6,60,1050,2358180
BANKNIFTY-I.NFO,07/04/2025,09:29:02,50391.65,50391.65,210,50398.95,120,240,2358180
BANKNIFTY-I.NFO,07/04/2025,09:29:03,50378.75,50377.05,120,50394.15,60,390,2358180
BANKNIFTY-I.NFO,07/04/2025,09:29:04,50377.05,50377.05,330,50383.4,30,720,2358180
BANKNIFTY-I.NFO,07/04/2025,09:29:06,50382.1,50382.1,30,50385.1,30,570,2358180
BANKNIFTY-I.NFO,07/04/2025,09:29:07,50392.15,50379.75,30,50392.05,60,1770,2358180
BANKNIFTY-I.NFO,07/04/2025,09:29:08,50390.95,50375.9,30,50395.9,90,1170,2358180
BANKNIFTY-I.NFO,07/04/2025,09:29:09,50383.3,50383.3,30,50394.15,30,480,2358180
BANKNIFTY-I.NFO,07/04/2025,09:29:10,50380.15,50381.65,150,50390,90,1440,2358180
BANKNIFTY-I.NFO,07/04/2025,09:29:12,50399.5,50384.7,30,50399.4,180,330,2358180
BANKNIFTY-I.NFO,07/04/2025,09:29:13,50378.8,50381,30,50392.75,120,1200,2358180
BANKNIFTY-I.NFO,07/04/2025,09:29:14,50380.95,50382.3,120,50399.95,30,570,2358180
BANKNIFTY-I.NFO,07/04/2025,09:29:15,50391.5,50391.35,30,50400,120,420,2358180
BANKNIFTY-I.NFO,07/04/2025,09:29:17,50398.85,50398.85,30,50401.75,30,810,2358180
BANKNIFTY-I.NFO,07/04/2025,09:29:18,50388.3,50387.7,30,50400.95,30,540,2358180
BANKNIFTY-I.NFO,07/04/2025,09:29:19,50409.75,50394.5,120,50409.8,60,780,2358180
BANKNIFTY-I.NFO,07/04/2025,09:29:20,50393.7,50393.7,120,50406.2,60,300,2358180
BANKNIFTY-I.NFO,07/04/2025,09:29:21,50371.2,50371.3,30,50380.85,30,600,2358180
BANKNIFTY-I.NFO,07/04/2025,09:29:23,50352.05,50351.25,60,50367.35,120,510,2358180
BANKNIFTY-I.NFO,07/04/2025,09:29:24,50355.15,50351,330,50361.85,60,210,2358180
BANKNIFTY-I.NFO,07/04/2025,09:29:25,50353.8,50336,30,50339.6,30,930,2358180
BANKNIFTY-I.NFO,07/04/2025,09:29:26,50330,50330,60,50344.1,120,300,2358180
BANKNIFTY-I.NFO,07/04/2025,09:29:27,50329.1,50327.25,30,50340.2,120,540,2358180
BANKNIFTY-I.NFO,07/04/2025,09:29:29,50339.55,50325.05,30,50339.15,120,210,2358180
BANKNIFTY-I.NFO,07/04/2025,09:29:30,50340.2,50340.2,90,50347.9,120,360,2358180
BANKNIFTY-I.NFO,07/04/2025,09:29:31,50345,50332.45,30,50345.95,90,150,2358180
BANKNIFTY-I.NFO,07/04/2025,09:29:32,50341.25,50341.8,30,50358.3,60,630,2358180
BANKNIFTY-I.NFO,07/04/2025,09:29:34,50358.25,50347.45,60,50362.8,120,150,2358180
BANKNIFTY-I.NFO,07/04/2025,09:29:35,50332.65,50332.15,240,50348.9,180,210,2358180
BANKNIFTY-I.NFO,07/04/2025,09:29:36,50340.1,50330.6,90,50340.2,30,240,2358180
BANKNIFTY-I.NFO,07/04/2025,09:29:37,50330.55,50331.7,180,50339.35,90,90,2358180
BANKNIFTY-I.NFO,07/04/2025,09:29:38,50330.05,50330,30,50343.5,120,630,2358180
BANKNIFTY-I.NFO,07/04/2025,09:29:40,50334.5,50335.75,60,50339.25,30,300,2358180
BANKNIFTY-I.NFO,07/04/2025,09:29:41,50327.05,50327.85,30,50330,240,810,2358180
BANKNIFTY-I.NFO,07/04/2025,09:29:42,50315.85,50312.1,30,50321,30,960,2358180
BANKNIFTY-I.NFO,07/04/2025,09:29:43,50311,50310.2,30,50323.85,180,150,2358180
BANKNIFTY-I.NFO,07/04/2025,09:29:45,50302.1,50301.05,30,50307.1,180,1320,2358180
BANKNIFTY-I.NFO,07/04/2025,09:29:46,50301,50301,30,50314.25,120,210,2358180
BANKNIFTY-I.NFO,07/04/2025,09:29:47,50300.4,50302.65,30,50307.1,30,360,2358180
BANKNIFTY-I.NFO,07/04/2025,09:29:48,50320.45,50312.65,90,50320.3,30,300,2358180
BANKNIFTY-I.NFO,07/04/2025,09:29:49,50312.3,50312.7,90,50325,750,420,2358180
BANKNIFTY-I.NFO,07/04/2025,09:29:51,50312.7,50312,30,50325,750,390,2358180
BANKNIFTY-I.NFO,07/04/2025,09:29:52,50319.95,50317.9,30,50325,300,690,2358180
BANKNIFTY-I.NFO,07/04/2025,09:29:53,50350,50343,60,50366.55,210,750,2358180
BANKNIFTY-I.NFO,07/04/2025,09:29:54,50360.7,50343.05,120,50360.7,90,1020,2358180
BANKNIFTY-I.NFO,07/04/2025,09:29:55,50347.1,50349.05,120,50367.5,60,180,2358180
BANKNIFTY-I.NFO,07/04/2025,09:29:56,50361.3,50347.8,120,50361.3,30,300,2358180
BANKNIFTY-I.NFO,07/04/2025,09:29:58,50322.45,50322.45,90,50332,30,420,2358180
BANKNIFTY-I.NFO,07/04/2025,09:29:59,50301.85,50290,30,50301.85,60,1620,2358180
BANKNIFTY-I.NFO,07/04/2025,09:30:00,50297.6,50297.25,150,50315.05,30,1080,2358180
BANKNIFTY-I.NFO,07/04/2025,09:30:01,50306,50306.15,120,50327.75,90,1320,2358180
BANKNIFTY-I.NFO,07/04/2025,09:30:03,50318.65,50307.4,120,50323.55,60,420,2358180
BANKNIFTY-I.NFO,07/04/2025,09:30:04,50309.55,50309.55,60,50322.1,150,420,2358180
BANKNIFTY-I.NFO,07/04/2025,09:30:05,50300,50293.75,120,50314.5,120,300,2358180
BANKNIFTY-I.NFO,07/04/2025,09:30:06,50313.75,50297.7,120,50317.95,180,510,2358180
BANKNIFTY-I.NFO,07/04/2025,09:30:08,50307.55,50307.55,90,50322.8,30,210,2358180
BANKNIFTY-I.NFO,07/04/2025,09:30:09,50325,50314.95,150,50325,150,240,2358180
BANKNIFTY-I.NFO,07/04/2025,09:30:10,50331.2,50328.85,60,50338.95,30,330,2358180
BANKNIFTY-I.NFO,07/04/2025,09:30:11,50344.55,50338.3,90,50353,30,60,2358180
BANKNIFTY-I.NFO,07/04/2025,09:30:12,50332.15,50322.95,60,50341.15,120,270,2358180
BANKNIFTY-I.NFO,07/04/2025,09:30:14,50319.15,50321.35,30,50329.65,60,210,2358180
BANKNIFTY-I.NFO,07/04/2025,09:30:15,50329.2,50329.2,30,50349.15,120,360,2358180
BANKNIFTY-I.NFO,07/04/2025,09:30:16,50317.5,50319.3,30,50342.9,120,150,2358180
BANKNIFTY-I.NFO,07/04/2025,09:30:17,50326.45,50325.3,60,50342.35,120,150,2358180
BANKNIFTY-I.NFO,07/04/2025,09:30:19,50330.35,50321.35,30,50330,30,120,2358180
BANKNIFTY-I.NFO,07/04/2025,09:30:20,50328.4,50330,30,50345.55,120,240,2358180
BANKNIFTY-I.NFO,07/04/2025,09:30:21,50323.55,50323,30,50339.65,120,600,2358180
BANKNIFTY-I.NFO,07/04/2025,09:30:22,50328.85,50320.25,30,50328.85,30,90,2358180
BANKNIFTY-I.NFO,07/04/2025,09:30:24,50330,50316.1,30,50331.75,120,150,2358180
BANKNIFTY-I.NFO,07/04/2025,09:30:25,50320.65,50310,30,50320.65,90,210,2358180
BANKNIFTY-I.NFO,07/04/2025,09:30:26,50312.3,50310.05,120,50325.75,120,360,2358180
BANKNIFTY-I.NFO,07/04/2025,09:30:27,50310.05,50311.5,120,50322.3,60,60,2364270
BANKNIFTY-I.NFO,07/04/2025,09:30:29,50329,50325.45,30,50346.85,150,120,2364270
BANKNIFTY-I.NFO,07/04/2025,09:30:30,50354.5,50336.85,150,50352.3,120,90,2364270
BANKNIFTY-I.NFO,07/04/2025,09:30:31,50328.1,50323.5,60,50338.6,120,60,2364270
BANKNIFTY-I.NFO,07/04/2025,09:30:32,50329.7,50336.45,30,50353.5,150,90,2364270
BANKNIFTY-I.NFO,07/04/2025,09:30:34,50323.5,50318.45,60,50323.5,30,120,2364270
BANKNIFTY-I.NFO,07/04/2025,09:30:35,50324.55,50318.5,60,50334.65,120,210,2364270
BANKNIFTY-I.NFO,07/04/2025,09:30:36,50317.75,50321.15,60,50341.5,120,300,2364270
BANKNIFTY-I.NFO,07/04/2025,09:30:37,50317.75,50336.1,30,50350.85,120,0,2364270
BANKNIFTY-I.NFO,07/04/2025,09:30:39,50337.3,50337.7,90,50352.2,120,90,2364270
BANKNIFTY-I.NFO,07/04/2025,09:30:40,50337.75,50337.7,60,50356.75,120,60,2364270
BANKNIFTY-I.NFO,07/04/2025,09:30:41,50338.75,50341.9,60,50359.95,120,60,2364270
BANKNIFTY-I.NFO,07/04/2025,09:30:42,50358.25,50348.4,90,50358.1,30,210,2364270
BANKNIFTY-I.NFO,07/04/2025,09:30:43,50349.8,50348.45,30,50358.95,30,270,2364270
BANKNIFTY-I.NFO,07/04/2025,09:30:45,50350,50351.65,60,50360,60,630,2364270
BANKNIFTY-I.NFO,07/04/2025,09:30:46,50354.95,50356.85,30,50360,30,420,2364270
BANKNIFTY-I.NFO,07/04/2025,09:30:47,50366,50354.8,30,50372.5,120,60,2364270
BANKNIFTY-I.NFO,07/04/2025,09:30:48,50355.25,50354.1,30,50372.5,120,120,2364270
BANKNIFTY-I.NFO,07/04/2025,09:30:50,50355.3,50352,30,50355.3,150,540,2364270
BANKNIFTY-I.NFO,07/04/2025,09:30:51,50355.3,50343.75,60,50355.25,90,30,2364270
BANKNIFTY-I.NFO,07/04/2025,09:30:52,50349.7,50348.35,30,50354.8,30,270,2364270
BANKNIFTY-I.NFO,07/04/2025,09:30:53,50346.5,50347.25,30,50354.1,60,300,2364270
BANKNIFTY-I.NFO,07/04/2025,09:30:54,50350,50348.1,60,50355.3,1050,450,2364270
BANKNIFTY-I.NFO,07/04/2025,09:30:56,50362.4,50362.35,30,50379.7,120,1590,2364270
BANKNIFTY-I.NFO,07/04/2025,09:30:57,50391.55,50391.8,60,50404.95,90,1410,2364270
BANKNIFTY-I.NFO,07/04/2025,09:30:58,50393.75,50397.3,150,50405,60,120,2364270
BANKNIFTY-I.NFO,07/04/2025,09:30:59,50403.45,50403.45,30,50415,120,450,2364270
BANKNIFTY-I.NFO,07/04/2025,09:31:01,50401.55,50390,120,50397.5,120,360,2364270
BANKNIFTY-I.NFO,07/04/2025,09:31:02,50381.6,50370.95,30,50389.95,120,450,2364270
BANKNIFTY-I.NFO,07/04/2025,09:31:03,50420,50415,90,50422,30,1830,2364270
BANKNIFTY-I.NFO,07/04/2025,09:31:04,50408,50415,60,50424.75,30,360,2364270
BANKNIFTY-I.NFO,07/04/2025,09:31:06,50411.05,50404.75,30,50422.85,120,210,2364270
BANKNIFTY-I.NFO,07/04/2025,09:31:07,50401.8,50392.15,60,50401.8,30,510,2364270
BANKNIFTY-I.NFO,07/04/2025,09:31:08,50401.8,50394.15,60,50401.8,60,390,2364270
BANKNIFTY-I.NFO,07/04/2025,09:31:09,50404.95,50403.9,30,50415,60,600,2364270
BANKNIFTY-I.NFO,07/04/2025,09:31:10,50415,50414.65,210,50419.45,600,360,2364270
BANKNIFTY-I.NFO,07/04/2025,09:31:12,50410.1,50402.4,30,50410,60,120,2364270
BANKNIFTY-I.NFO,07/04/2025,09:31:13,50389.9,50380,30,50394.55,120,540,2364270
BANKNIFTY-I.NFO,07/04/2025,09:31:14,50402,50395.05,120,50409.95,30,720,2364270
BANKNIFTY-I.NFO,07/04/2025,09:31:15,50409.95,50400.35,150,50410.1,300,390,2364270
BANKNIFTY-I.NFO,07/04/2025,09:31:16,50396.75,50393.75,150,50410.05,30,120,2364270
BANKNIFTY-I.NFO,07/04/2025,09:31:17,50409.85,50399.9,60,50409.85,60,540,2364270
BANKNIFTY-I.NFO,07/04/2025,09:31:19,50410.05,50400.1,60,50410.1,90,150,2364270
BANKNIFTY-I.NFO,07/04/2025,09:31:20,50408.4,50408.5,60,50419,60,240,2364270
BANKNIFTY-I.NFO,07/04/2025,09:31:21,50412.1,50409.6,150,50423.35,120,690,2364270
BANKNIFTY-I.NFO,07/04/2025,09:31:22,50411.2,50411.1,90,50424.25,120,270,2364270
BANKNIFTY-I.NFO,07/04/2025,09:31:24,50413.15,50406.65,30,50424.95,120,270,2364270
BANKNIFTY-I.NFO,07/04/2025,09:31:25,50396,50390.85,30,50407.55,120,570,2364270
BANKNIFTY-I.NFO,07/04/2025,09:31:26,50390.75,50390.55,30,50407.55,120,480,2364270
BANKNIFTY-I.NFO,07/04/2025,09:31:27,50388.3,50379.25,30,50390.5,120,480,2364270
BANKNIFTY-I.NFO,07/04/2025,09:31:28,50383.25,50380,60,50390.55,120,630,2364270
BANKNIFTY-I.NFO,07/04/2025,09:31:30,50371.75,50370.05,30,50390.35,120,180,2364270
BANKNIFTY-I.NFO,07/04/2025,09:31:31,50370.85,50370,180,50388.75,120,240,2364270
BANKNIFTY-I.NFO,07/04/2025,09:31:32,50364.8,50364.7,30,50383.3,150,390,2364270
BANKNIFTY-I.NFO,07/04/2025,09:31:33,50364.8,50364.3,30,50370,1800,0,2364270
BANKNIFTY-I.NFO,07/04/2025,09:31:35,50370,50365.8,90,50370,1290,600,2364270
BANKNIFTY-I.NFO,07/04/2025,09:31:36,50392.45,50379.4,60,50403.4,120,1920,2364270
BANKNIFTY-I.NFO,07/04/2025,09:31:37,50416.5,50402.6,120,50416.55,60,1260,2364270
BANKNIFTY-I.NFO,07/04/2025,09:31:38,50416.35,50412.8,30,50416.4,30,390,2364270
BANKNIFTY-I.NFO,07/04/2025,09:31:40,50423.4,50421.4,30,50425,150,600,2364270
BANKNIFTY-I.NFO,07/04/2025,09:31:41,50425.6,50425.55,60,50439.05,120,630,2364270
BANKNIFTY-I.NFO,07/04/2025,09:31:42,50434.45,50431.35,150,50439.1,30,240,2364270
BANKNIFTY-I.NFO,07/04/2025,09:31:43,50449,50439.1,30,50449,240,510,2364270
BANKNIFTY-I.NFO,07/04/2025,09:31:44,50449.5,50440,30,50450,810,720,2364270
BANKNIFTY-I.NFO,07/04/2025,09:31:46,50460.65,50464.45,240,50475,240,1740,2364270
BANKNIFTY-I.NFO,07/04/2025,09:31:47,50489.65,50483.95,60,50489.55,240,420,2364270
BANKNIFTY-I.NFO,07/04/2025,09:31:48,50483.95,50480.7,240,50483.95,30,330,2364270
BANKNIFTY-I.NFO,07/04/2025,09:31:49,50489.5,50473.95,240,50489.45,390,90,2364270
BANKNIFTY-I.NFO,07/04/2025,09:31:51,50490,50480.15,30,50490,570,240,2364270
BANKNIFTY-I.NFO,07/04/2025,09:31:52,50490,50487.8,240,50490,360,870,2364270
BANKNIFTY-I.NFO,07/04/2025,09:31:53,50490,50484,60,50490,120,240,2364270
BANKNIFTY-I.NFO,07/04/2025,09:31:54,50489.9,50475.05,60,50489.35,240,420,2364270
BANKNIFTY-I.NFO,07/04/2025,09:31:56,50455,50437.55,210,50456.6,240,480,2364270
BANKNIFTY-I.NFO,07/04/2025,09:31:57,50460.35,50462.3,210,50477.9,270,180,2364270
BANKNIFTY-I.NFO,07/04/2025,09:31:58,50477.35,50477.35,150,50488.95,60,450,2364270
BANKNIFTY-I.NFO,07/04/2025,09:31:59,50490,50490,210,50497.95,30,150,2364270
BANKNIFTY-I.NFO,07/04/2025,09:32:01,50497.8,50493.1,150,50497.9,60,210,2364270
BANKNIFTY-I.NFO,07/04/2025,09:32:02,50490.05,50480.05,30,50496.05,240,780,2364270
BANKNIFTY-I.NFO,07/04/2025,09:32:03,50481.25,50467.45,240,50484.75,240,1200,2364270
BANKNIFTY-I.NFO,07/04/2025,09:32:04,50476.85,50477,180,50491.25,270,210,2364270
BANKNIFTY-I.NFO,07/04/2025,09:32:06,50493.3,50479.8,30,50491.15,270,180,2364270
BANKNIFTY-I.NFO,07/04/2025,09:32:07,50482.5,50463.95,30,50482.5,120,600,2364270
BANKNIFTY-I.NFO,07/04/2025,09:32:08,50472.35,50456.6,30,50473.75,60,690,2364270
BANKNIFTY-I.NFO,07/04/2025,09:32:09,50448.35,50453.45,30,50472.1,30,210,2364270
BANKNIFTY-I.NFO,07/04/2025,09:32:11,50456.95,50455.4,240,50476.85,30,240,2364270
BANKNIFTY-I.NFO,07/04/2025,09:32:12,50476.85,50455.05,240,50473.75,60,60,2364270
BANKNIFTY-I.NFO,07/04/2025,09:32:13,50461,50457.4,240,50471.95,30,180,2364270
BANKNIFTY-I.NFO,07/04/2025,09:32:14,50485.35,50480,30,50485.05,60,420,2364270
BANKNIFTY-I.NFO,07/04/2025,09:32:15,50467.55,50465.9,240,50477.5,60,480,2364270
BANKNIFTY-I.NFO,07/04/2025,09:32:17,50477.55,50480.55,240,50490.05,30,690,2364270
BANKNIFTY-I.NFO,07/04/2025,09:32:18,50481.7,50481.7,210,50483.8,30,570,2364270
BANKNIFTY-I.NFO,07/04/2025,09:32:19,50488.05,50486.4,30,50488.1,60,870,2364270
BANKNIFTY-I.NFO,07/04/2025,09:32:20,50485.9,50486.4,60,50488.05,30,270,2364270
BANKNIFTY-I.NFO,07/04/2025,09:32:22,50487.4,50488.7,30,50498,90,420,2364270
BANKNIFTY-I.NFO,07/04/2025,09:32:23,50496.7,50496.3,30,50498,90,570,2364270
BANKNIFTY-I.NFO,07/04/2025,09:32:24,50498,50487.6,60,50497.95,30,300,2364270
BANKNIFTY-I.NFO,07/04/2025,09:32:25,50498.9,50487.75,300,50498.9,60,330,2364270
BANKNIFTY-I.NFO,07/04/2025,09:32:26,50498.9,50490.85,30,50498.4,30,150,2364270
BANKNIFTY-I.NFO,07/04/2025,09:32:28,50488.05,50488.1,30,50490.85,30,360,2364270
BANKNIFTY-I.NFO,07/04/2025,09:32:29,50491.75,50490.8,180,50499.65,30,570,2364270
BANKNIFTY-I.NFO,07/04/2025,09:32:30,50477.5,50473.75,30,50479.85,90,570,2364270
BANKNIFTY-I.NFO,07/04/2025,09:32:31,50483.65,50473.55,240,50486,30,420,2364270
BANKNIFTY-I.NFO,07/04/2025,09:32:33,50489.4,50473.55,30,50489.1,60,750,2364270
BANKNIFTY-I.NFO,07/04/2025,09:32:34,50479.85,50474.35,30,50485.35,30,300,2364270
BANKNIFTY-I.NFO,07/04/2025,09:32:35,50473.6,50470.05,30,50484.85,60,60,2364270
BANKNIFTY-I.NFO,07/04/2025,09:32:36,50489.8,50470.75,60,50488.25,60,150,2364270
BANKNIFTY-I.NFO,07/04/2025,09:32:38,50481.75,50472.1,30,50489.15,60,240,2364270
BANKNIFTY-I.NFO,07/04/2025,09:32:39,50480,50475.75,90,50486.6,30,180,2364270
BANKNIFTY-I.NFO,07/04/2025,09:32:40,50490,50478.8,60,50490,240,300,2364270
BANKNIFTY-I.NFO,07/04/2025,09:32:41,50486,50478.65,60,50490,210,270,2364270
BANKNIFTY-I.NFO,07/04/2025,09:32:43,50490,50483.3,60,50490,60,240,2364270
BANKNIFTY-I.NFO,07/04/2025,09:32:44,50490,50488.1,30,50490,180,240,2364270
BANKNIFTY-I.NFO,07/04/2025,09:32:45,50480,50480,30,50494,30,510,2364270
BANKNIFTY-I.NFO,07/04/2025,09:32:46,50486.3,50471.1,30,50478.35,30,210,2364270
BANKNIFTY-I.NFO,07/04/2025,09:32:48,50467.15,50464.35,60,50479.95,60,240,2364270
BANKNIFTY-I.NFO,07/04/2025,09:32:49,50494.85,50487.65,240,50499,30,540,2364270
BANKNIFTY-I.NFO,07/04/2025,09:32:50,50499,50495.05,60,50499.7,150,90,2364270
BANKNIFTY-I.NFO,07/04/2025,09:32:51,50490,50490,30,50499.65,120,210,2364270
BANKNIFTY-I.NFO,07/04/2025,09:32:52,50499.7,50480.05,240,50499,60,330,2364270
BANKNIFTY-I.NFO,07/04/2025,09:32:54,50479.95,50466.25,240,50482.3,90,300,2364270
BANKNIFTY-I.NFO,07/04/2025,09:32:55,50467.45,50469.45,30,50480.05,30,120,2364270
BANKNIFTY-I.NFO,07/04/2025,09:32:56,50468.5,50463.35,30,50468.5,1380,210,2364270
BANKNIFTY-I.NFO,07/04/2025,09:32:57,50468.5,50460,90,50468.5,1380,60,2364270
BANKNIFTY-I.NFO,07/04/2025,09:32:59,50460,50452.05,30,50460.25,30,480,2364270
BANKNIFTY-I.NFO,07/04/2025,09:33:00,50468.5,50461.5,270,50468.5,90,2970,2364270
BANKNIFTY-I.NFO,07/04/2025,09:33:01,50457.6,50456.65,240,50464.95,30,1050,2364270
BANKNIFTY-I.NFO,07/04/2025,09:33:02,50470,50469.15,270,50482.3,60,1140,2364270
BANKNIFTY-I.NFO,07/04/2025,09:33:04,50482.3,50484.5,30,50494.8,90,120,2364270
BANKNIFTY-I.NFO,07/04/2025,09:33:05,50470,50464.95,600,50477.7,300,1140,2364270
BANKNIFTY-I.NFO,07/04/2025,09:33:06,50451.45,50453.95,210,50472.15,300,810,2364270
BANKNIFTY-I.NFO,07/04/2025,09:33:07,50450.2,50450.2,210,50466.55,300,330,2364270
BANKNIFTY-I.NFO,07/04/2025,09:33:08,50451.35,50450.7,180,50466.45,270,420,2364270
BANKNIFTY-I.NFO,07/04/2025,09:33:10,50450.15,50450.15,480,50450.35,30,870,2364270
BANKNIFTY-I.NFO,07/04/2025,09:33:11,50428.05,50434.35,30,50449.05,270,1140,2364270
BANKNIFTY-I.NFO,07/04/2025,09:33:12,50435.2,50433.1,150,50450.15,270,240,2364270
BANKNIFTY-I.NFO,07/04/2025,09:33:13,50435.2,50441.85,60,50459.25,240,0,2364270
BANKNIFTY-I.NFO,07/04/2025,09:33:15,50450,50430.7,60,50444.25,240,120,2364270
BANKNIFTY-I.NFO,07/04/2025,09:33:16,50434.15,50430.4,60,50436.25,360,270,2364270
BANKNIFTY-I.NFO,07/04/2025,09:33:17,50430.1,50430.1,60,50436.2,210,270,2364270
BANKNIFTY-I.NFO,07/04/2025,09:33:18,50430.1,50431.1,30,50436.15,30,60,2364270
BANKNIFTY-I.NFO,07/04/2025,09:33:20,50436.25,50434.3,120,50436.25,90,330,2364270
BANKNIFTY-I.NFO,07/04/2025,09:33:21,50430.1,50430.1,30,50443.9,240,300,2364270
BANKNIFTY-I.NFO,07/04/2025,09:33:22,50420.4,50420,30,50436.2,240,330,2364270
BANKNIFTY-I.NFO,07/04/2025,09:33:23,50430,50424.45,60,50440.05,240,90,2364270
BANKNIFTY-I.NFO,07/04/2025,09:33:25,50428.8,50416.9,30,50428.8,210,180,2364270
BANKNIFTY-I.NFO,07/04/2025,09:33:26,50425.8,50425.55,180,50444.55,240,630,2364270
BANKNIFTY-I.NFO,07/04/2025,09:33:27,50428.7,50422.9,90,50431.7,240,210,2364270
BANKNIFTY-I.NFO,07/04/2025,09:33:28,50427.1,50415.1,30,50429.2,240,540,2353020
BANKNIFTY-I.NFO,07/04/2025,09:33:29,50425.1,50420.1,60,50427.75,240,120,2353020
BANKNIFTY-I.NFO,07/04/2025,09:33:31,50416.6,50420,90,50431.05,240,390,2353020
BANKNIFTY-I.NFO,07/04/2025,09:33:32,50420,50420,60,50430.95,240,150,2353020
BANKNIFTY-I.NFO,07/04/2025,09:33:33,50425.55,50415.55,90,50425.55,150,210,2353020
BANKNIFTY-I.NFO,07/04/2025,09:33:34,50416.9,50416.9,30,50425.55,210,480,2353020
BANKNIFTY-I.NFO,07/04/2025,09:33:36,50425.6,50416.9,90,50425.6,2070,570,2353020
BANKNIFTY-I.NFO,07/04/2025,09:33:37,50447.9,50423.7,120,50434.95,60,2370,2353020
BANKNIFTY-I.NFO,07/04/2025,09:33:38,50425.55,50414,120,50428.05,120,120,2353020
BANKNIFTY-I.NFO,07/04/2025,09:33:39,50423.05,50421.05,60,50435,30,690,2353020
BANKNIFTY-I.NFO,07/04/2025,09:33:41,50428.55,50426.8,60,50447.8,180,600,2353020
BANKNIFTY-I.NFO,07/04/2025,09:33:42,50419.45,50428.6,30,50436.75,120,1530,2353020
BANKNIFTY-I.NFO,07/04/2025,09:33:43,50425,50417.95,30,50423.65,60,780,2353020
BANKNIFTY-I.NFO,07/04/2025,09:33:44,50420.95,50418.75,30,50435.25,180,540,2353020
BANKNIFTY-I.NFO,07/04/2025,09:33:45,50409.75,50408.35,30,50419.2,30,270,2353020
BANKNIFTY-I.NFO,07/04/2025,09:33:47,50409.7,50412.65,30,50419.2,1800,180,2353020
BANKNIFTY-I.NFO,07/04/2025,09:33:48,50419.1,50402.7,30,50410.3,60,510,2353020
BANKNIFTY-I.NFO,07/04/2025,09:33:49,50408.95,50411.4,30,50419.2,1860,360,2353020
BANKNIFTY-I.NFO,07/04/2025,09:33:50,50408.45,50406.45,60,50419.2,1770,450,2353020
BANKNIFTY-I.NFO,07/04/2025,09:33:52,50419.2,50406.05,60,50419.2,1440,330,2353020
BANKNIFTY-I.NFO,07/04/2025,09:33:53,50405,50407.9,30,50419.2,1440,60,2353020
BANKNIFTY-I.NFO,07/04/2025,09:33:54,50417.35,50414.85,30,50419.2,1320,330,2353020
BANKNIFTY-I.NFO,07/04/2025,09:33:55,50447,50430.5,30,50443.65,150,2310,2353020
BANKNIFTY-I.NFO,07/04/2025,09:33:57,50427.35,50425.85,30,50443.15,120,690,2353020
BANKNIFTY-I.NFO,07/04/2025,09:33:58,50426.8,50426.8,90,50430.55,60,390,2353020
BANKNIFTY-I.NFO,07/04/2025,09:33:59,50443.1,50426.8,60,50446,180,480,2353020
BANKNIFTY-I.NFO,07/04/2025,09:34:00,50444.6,50428.25,30,50444.4,30,300,2353020
BANKNIFTY-I.NFO,07/04/2025,09:34:01,50428.6,50424,180,50435,90,300,2353020
BANKNIFTY-I.NFO,07/04/2025,09:34:03,50426.5,50424,60,50426.5,30,180,2353020
BANKNIFTY-I.NFO,07/04/2025,09:34:04,50440.05,50424.05,60,50438.25,120,240,2353020
BANKNIFTY-I.NFO,07/04/2025,09:34:05,50422.75,50422.9,30,50438.2,30,210,2353020
BANKNIFTY-I.NFO,07/04/2025,09:34:06,50438.25,50437.7,240,50438.25,630,840,2353020
BANKNIFTY-I.NFO,07/04/2025,09:34:08,50438.25,50437.7,150,50444.9,120,780,2353020
BANKNIFTY-I.NFO,07/04/2025,09:34:09,50432.25,50432.05,90,50444.95,270,240,2353020
BANKNIFTY-I.NFO,07/04/2025,09:34:10,50420.15,50419.5,30,50438.85,180,90,2353020
BANKNIFTY-I.NFO,07/04/2025,09:34:11,50442.4,50424.65,120,50442.35,120,330,2353020
BANKNIFTY-I.NFO,07/04/2025,09:34:13,50434.25,50434.55,120,50444.95,240,300,2353020
BANKNIFTY-I.NFO,07/04/2025,09:34:14,50447.9,50443,30,50447.9,390,570,2353020
BANKNIFTY-I.NFO,07/04/2025,09:34:15,50450,50446.6,60,50450,750,450,2353020
BANKNIFTY-I.NFO,07/04/2025,09:34:16,50450,50444.4,30,50450,570,180,2353020
BANKNIFTY-I.NFO,07/04/2025,09:34:17,50444.95,50444.4,30,50450.85,120,120,2353020
BANKNIFTY-I.NFO,07/04/2025,09:34:19,50450,50441.6,30,50450.9,510,90,2353020
BANKNIFTY-I.NFO,07/04/2025,09:34:20,50449.55,50422.9,30,50446.6,210,630,2353020
BANKNIFTY-I.NFO,07/04/2025,09:34:21,50433,50417.15,120,50435.6,90,450,2353020
BANKNIFTY-I.NFO,07/04/2025,09:34:22,50424.8,50418.05,120,50436.2,30,390,2353020
BANKNIFTY-I.NFO,07/04/2025,09:34:24,50415,50412.35,30,50426.55,30,120,2353020
BANKNIFTY-I.NFO,07/04/2025,09:34:25,50401.05,50401,90,50423,30,270,2353020
BANKNIFTY-I.NFO,07/04/2025,09:34:26,50418.25,50401,120,50420.35,60,390,2353020
BANKNIFTY-I.NFO,07/04/2025,09:34:27,50417.85,50400.95,240,50415.1,30,30,2353020
BANKNIFTY-I.NFO,07/04/2025,09:34:28,50408.05,50400.9,150,50408.1,30,120,2353020
BANKNIFTY-I.NFO,07/04/2025,09:34:30,50382.75,50382.6,30,50395.85,30,1140,2353020
BANKNIFTY-I.NFO,07/04/2025,09:34:31,50381,50380.65,30,50393.2,60,60,2353020
BANKNIFTY-I.NFO,07/04/2025,09:34:32,50380,50376.4,30,50380.9,30,270,2353020
BANKNIFTY-I.NFO,07/04/2025,09:34:33,50381,50375,120,50381,150,180,2353020
BANKNIFTY-I.NFO,07/04/2025,09:34:35,50375.8,50375,60,50392.15,120,330,2353020
BANKNIFTY-I.NFO,07/04/2025,09:34:36,50375,50373.2,120,50391.35,60,60,2353020
BANKNIFTY-I.NFO,07/04/2025,09:34:37,50367.8,50366.15,120,50386.7,120,30,2353020
BANKNIFTY-I.NFO,07/04/2025,09:34:38,50386.65,50368.05,120,50386.65,60,420,2353020
BANKNIFTY-I.NFO,07/04/2025,09:34:39,50361,50358.3,120,50375.9,60,90,2353020
BANKNIFTY-I.NFO,07/04/2025,09:34:41,50375,50360.55,120,50377.1,90,90,2353020
BANKNIFTY-I.NFO,07/04/2025,09:34:42,50354.6,50355,30,50364.95,120,120,2353020
BANKNIFTY-I.NFO,07/04/2025,09:34:43,50350.85,50350.95,120,50369.85,60,1350,2353020
BANKNIFTY-I.NFO,07/04/2025,09:34:44,50369.2,50351.15,120,50369.6,30,360,2353020
BANKNIFTY-I.NFO,07/04/2025,09:34:46,50361.65,50351.15,30,50365.8,30,180,2353020
BANKNIFTY-I.NFO,07/04/2025,09:34:47,50354.6,50356.55,150,50369.85,480,90,2353020
BANKNIFTY-I.NFO,07/04/2025,09:34:48,50360.45,50363.65,60,50377.4,480,330,2353020
BANKNIFTY-I.NFO,07/04/2025,09:34:49,50396,50386.8,120,50400,30,600,2353020
BANKNIFTY-I.NFO,07/04/2025,09:34:50,50399.95,50385.15,60,50399.2,90,30,2353020
BANKNIFTY-I.NFO,07/04/2025,09:34:52,50391.25,50391.9,120,50408,60,210,2353020
BANKNIFTY-I.NFO,07/04/2025,09:34:53,50401.9,50382.7,120,50401.4,120,360,2353020
BANKNIFTY-I.NFO,07/04/2025,09:34:54,50398.7,50387.6,60,50398.75,30,90,2353020
BANKNIFTY-I.NFO,07/04/2025,09:34:55,50398.3,50383.2,90,50399.05,120,150,2353020
BANKNIFTY-I.NFO,07/04/2025,09:34:57,50399,50400.8,120,50422.55,120,1230,2353020
BANKNIFTY-I.NFO,07/04/2025,09:34:58,50422.55,50405.1,120,50422.55,120,180,2353020
BANKNIFTY-I.NFO,07/04/2025,09:34:59,50416.6,50400,30,50410.65,60,150,2353020
BANKNIFTY-I.NFO,07/04/2025,09:35:00,50400,50385.95,150,50404.35,150,120,2353020
BANKNIFTY-I.NFO,07/04/2025,09:35:02,50407.55,50392.6,120,50407.55,60,360,2353020
BANKNIFTY-I.NFO,07/04/2025,09:35:03,50407.55,50397.9,120,50415.6,120,180,2353020
BANKNIFTY-I.NFO,07/04/2025,09:35:04,50400.15,50400,30,50418.4,30,180,2353020
BANKNIFTY-I.NFO,07/04/2025,09:35:05,50415.65,50404.25,30,50419,90,120,2353020
BANKNIFTY-I.NFO,07/04/2025,09:35:07,50418.65,50407.55,60,50416.75,30,120,2353020
BANKNIFTY-I.NFO,07/04/2025,09:35:08,50407.5,50400,30,50416.9,30,150,2353020
BANKNIFTY-I.NFO,07/04/2025,09:35:09,50384.05,50384.05,60,50408.55,30,180,2353020
BANKNIFTY-I.NFO,07/04/2025,09:35:10,50399.15,50376.75,120,50397.7,30,90,2353020
BANKNIFTY-I.NFO,07/04/2025,09:35:11,50386.65,50380.6,150,50386.6,30,150,2353020
BANKNIFTY-I.NFO,07/04/2025,09:35:13,50386.65,50386.6,30,50386.65,150,240,2353020
BANKNIFTY-I.NFO,07/04/2025,09:35:14,50386.6,50386.6,30,50396.9,30,270,2353020
BANKNIFTY-I.NFO,07/04/2025,09:35:15,50381.65,50380.9,240,50399.95,240,150,2353020
BANKNIFTY-I.NFO,07/04/2025,09:35:16,50399.95,50386.7,210,50399.95,30,120,2353020
BANKNIFTY-I.NFO,07/04/2025,09:35:18,50402.25,50386.85,150,50402.6,240,450,2353020
BANKNIFTY-I.NFO,07/04/2025,09:35:19,50386.85,50388.7,150,50408.85,240,150,2353020
BANKNIFTY-I.NFO,07/04/2025,09:35:20,50380.75,50374.55,60,50396.8,240,450,2353020
BANKNIFTY-I.NFO,07/04/2025,09:35:21,50365.05,50365.05,90,50380.7,240,150,2353020
BANKNIFTY-I.NFO,07/04/2025,09:35:23,50386.65,50380.2,270,50401.15,240,420,2353020
BANKNIFTY-I.NFO,07/04/2025,09:35:24,50384.85,50382.1,150,50402.45,240,210,2353020
BANKNIFTY-I.NFO,07/04/2025,09:35:25,50382.1,50374.4,30,50382.1,150,150,2353020
BANKNIFTY-I.NFO,07/04/2025,09:35:26,50381.2,50365.5,300,50382.05,240,60,2353020
BANKNIFTY-I.NFO,07/04/2025,09:35:27,50382.05,50366.9,180,50382.1,210,150,2353020
BANKNIFTY-I.NFO,07/04/2025,09:35:29,50356,50357.85,30,50371.75,240,450,2353020
BANKNIFTY-I.NFO,07/04/2025,09:35:30,50360.25,50360,30,50365.1,30,150,2353020
BANKNIFTY-I.NFO,07/04/2025,09:35:31,50360.1,50360.85,240,50379.4,240,300,2353020
BANKNIFTY-I.NFO,07/04/2025,09:35:32,50383.85,50378.3,60,50383.85,30,540,2353020
BANKNIFTY-I.NFO,07/04/2025,09:35:34,50377.1,50375.75,60,50393.2,240,300,2353020
BANKNIFTY-I.NFO,07/04/2025,09:35:35,50372.15,50364.35,60,50383.8,240,240,2353020
BANKNIFTY-I.NFO,07/04/2025,09:35:36,50363.9,50363.9,60,50372.1,240,120,2353020
BANKNIFTY-I.NFO,07/04/2025,09:35:37,50372.1,50362.75,30,50372.15,60,150,2353020
BANKNIFTY-I.NFO,07/04/2025,09:35:38,50370,50361.1,30,50372.15,60,150,2353020
BANKNIFTY-I.NFO,07/04/2025,09:35:40,50350,50348.75,30,50365.9,240,1170,2353020
BANKNIFTY-I.NFO,07/04/2025,09:35:41,50356,50350.25,30,50370.3,240,60,2353020
BANKNIFTY-I.NFO,07/04/2025,09:35:42,50346.15,50344.25,30,50362.3,240,30,2353020
BANKNIFTY-I.NFO,07/04/2025,09:35:43,50336.15,50331,30,50348.3,270,240,2353020
BANKNIFTY-I.NFO,07/04/2025,09:35:45,50330,50330,240,50346.65,240,330,2353020
BANKNIFTY-I.NFO,07/04/2025,09:35:46,50340.2,50330.05,30,50342.55,240,150,2353020
BANKNIFTY-I.NFO,07/04/2025,09:35:47,50330.05,50330.05,30,50340,90,300,2353020
BANKNIFTY-I.NFO,07/04/2025,09:35:48,50330,50330,90,50343.7,60,150,2353020
BANKNIFTY-I.NFO,07/04/2025,09:35:49,50330,50325.75,60,50340,270,120,2353020
BANKNIFTY-I.NFO,07/04/2025,09:35:51,50321,50320,90,50327.45,30,780,2353020
BANKNIFTY-I.NFO,07/04/2025,09:35:52,50320.95,50321,30,50331.55,270,150,2353020
BANKNIFTY-I.NFO,07/04/2025,09:35:53,50320.9,50316.45,150,50335.05,240,150,2353020
BANKNIFTY-I.NFO,07/04/2025,09:35:54,50342.8,50344.65,180,50358.7,30,330,2353020
BANKNIFTY-I.NFO,07/04/2025,09:35:55,50356.05,50334.75,150,50355.65,240,210,2353020
BANKNIFTY-I.NFO,07/04/2025,09:35:56,50352.8,50335.05,60,50350.4,240,630,2353020
BANKNIFTY-I.NFO,07/04/2025,09:35:58,50330.35,50326.05,180,50340.85,30,180,2353020
BANKNIFTY-I.NFO,07/04/2025,09:35:59,50354.2,50334.15,240,50353.1,240,240,2353020
BANKNIFTY-I.NFO,07/04/2025,09:36:00,50352.4,50326.05,60,50347.75,240,90,2353020
BANKNIFTY-I.NFO,07/04/2025,09:36:01,50333.4,50323.7,240,50342.25,360,90,2353020
BANKNIFTY-I.NFO,07/04/2025,09:36:02,50316.45,50316.55,180,50321,330,240,2353020
BANKNIFTY-I.NFO,07/04/2025,09:36:04,50332.25,50319.3,180,50332.25,30,450,2353020
BANKNIFTY-I.NFO,07/04/2025,09:36:05,50328.05,50327.55,60,50346.85,240,270,2353020
BANKNIFTY-I.NFO,07/04/2025,09:36:06,50321.55,50316.45,90,50326.65,30,240,2353020
BANKNIFTY-I.NFO,07/04/2025,09:36:07,50336,50326.65,30,50336,240,240,2353020
BANKNIFTY-I.NFO,07/04/2025,09:36:08,50316.4,50315.25,60,50334.1,240,120,2353020
BANKNIFTY-I.NFO,07/04/2025,09:36:10,50337.35,50337.35,60,50339.1,120,450,2353020
BANKNIFTY-I.NFO,07/04/2025,09:36:11,50350,50348.1,60,50353.05,30,480,2353020
BANKNIFTY-I.NFO,07/04/2025,09:36:12,50356.4,50350,90,50357.8,30,90,2353020
BANKNIFTY-I.NFO,07/04/2025,09:36:13,50344.95,50342.8,30,50350.65,240,150,2353020
BANKNIFTY-I.NFO,07/04/2025,09:36:14,50336.1,50324.05,30,50336.1,330,630,2353020
BANKNIFTY-I.NFO,07/04/2025,09:36:16,50323.85,50320,180,50323.85,90,420,2353020
BANKNIFTY-I.NFO,07/04/2025,09:36:17,50317.85,50314.05,30,50323.1,300,420,2353020
BANKNIFTY-I.NFO,07/04/2025,09:36:18,50321.3,50316,30,50321.3,240,150,2353020
BANKNIFTY-I.NFO,07/04/2025,09:36:19,50316,50311.4,30,50319.25,300,60,2353020
BANKNIFTY-I.NFO,07/04/2025,09:36:20,50313.5,50312.85,30,50313.5,240,270,2353020
BANKNIFTY-I.NFO,07/04/2025,09:36:22,50310.7,50300.05,30,50310.7,60,1350,2353020
BANKNIFTY-I.NFO,07/04/2025,09:36:23,50313.5,50300,2160,50313.55,300,120,2353020
BANKNIFTY-I.NFO,07/04/2025,09:36:24,50300,50300,1740,50309.4,480,510,2353020
BANKNIFTY-I.NFO,07/04/2025,09:36:25,50294.35,50287.7,30,50294.35,540,2640,2353020
BANKNIFTY-I.NFO,07/04/2025,09:36:27,50283.7,50270.7,120,50283.75,570,1230,2353020
BANKNIFTY-I.NFO,07/04/2025,09:36:28,50279.6,50270.05,30,50279.6,120,420,2353020
BANKNIFTY-I.NFO,07/04/2025,09:36:29,50279.5,50270,30,50279.5,300,960,2349870
BANKNIFTY-I.NFO,07/04/2025,09:36:30,50275,50269.9,30,50273.1,300,510,2349870
BANKNIFTY-I.NFO,07/04/2025,09:36:31,50264.15,50264.1,60,50269.9,60,630,2349870
BANKNIFTY-I.NFO,07/04/2025,09:36:33,50270,50262,30,50275.05,240,480,2349870
BANKNIFTY-I.NFO,07/04/2025,09:36:34,50268.4,50261.2,30,50268.4,90,240,2349870
BANKNIFTY-I.NFO,07/04/2025,09:36:35,50268.65,50270.85,270,50275.5,90,510,2349870
BANKNIFTY-I.NFO,07/04/2025,09:36:36,50287.35,50271.8,60,50289.1,240,630,2349870
BANKNIFTY-I.NFO,07/04/2025,09:36:37,50272.4,50289.1,240,50291.15,30,450,2349870
BANKNIFTY-I.NFO,07/04/2025,09:36:39,50305.1,50294.7,150,50302.55,30,750,2349870
BANKNIFTY-I.NFO,07/04/2025,09:36:40,50302.6,50300.05,30,50302.6,90,150,2349870
BANKNIFTY-I.NFO,07/04/2025,09:36:41,50337.1,50321.65,30,50330.05,30,870,2349870
BANKNIFTY-I.NFO,07/04/2025,09:36:42,50333.6,50320.55,30,50337.3,240,540,2349870
BANKNIFTY-I.NFO,07/04/2025,09:36:43,50343.35,50343.35,30,50350,30,360,2349870
BANKNIFTY-I.NFO,07/04/2025,09:36:45,50350.25,50349.8,120,50355.55,90,840,2349870
BANKNIFTY-I.NFO,07/04/2025,09:36:46,50342.8,50337.1,30,50342.85,90,270,2349870
BANKNIFTY-I.NFO,07/04/2025,09:36:47,50354.7,50349,150,50354.7,180,480,2349870
BANKNIFTY-I.NFO,07/04/2025,09:36:48,50355.4,50351.7,60,50360.6,90,960,2349870
BANKNIFTY-I.NFO,07/04/2025,09:36:49,50354.85,50350.15,60,50354.85,90,120,2349870
BANKNIFTY-I.NFO,07/04/2025,09:36:51,50348.95,50342.15,30,50347.9,90,420,2349870
BANKNIFTY-I.NFO,07/04/2025,09:36:52,50351.8,50351.8,60,50357.55,90,360,2349870
BANKNIFTY-I.NFO,07/04/2025,09:36:53,50343.05,50337.55,30,50343.05,60,420,2349870
BANKNIFTY-I.NFO,07/04/2025,09:36:54,50334.9,50327.05,60,50334.9,120,210,2349870
BANKNIFTY-I.NFO,07/04/2025,09:36:55,50323.85,50317.55,120,50324.9,120,60,2349870
BANKNIFTY-I.NFO,07/04/2025,09:36:57,50321.75,50323.6,60,50335.6,30,390,2349870
BANKNIFTY-I.NFO,07/04/2025,09:36:58,50300,50295.05,120,50302,90,240,2349870
BANKNIFTY-I.NFO,07/04/2025,09:36:59,50316.75,50302.1,90,50303.05,90,450,2349870
BANKNIFTY-I.NFO,07/04/2025,09:37:00,50302.85,50307.7,150,50311.65,90,510,2349870
BANKNIFTY-I.NFO,07/04/2025,09:37:02,50311.65,50305.95,30,50311.65,120,30,2349870
BANKNIFTY-I.NFO,07/04/2025,09:37:03,50290.9,50290.65,30,50296.3,90,180,2349870
BANKNIFTY-I.NFO,07/04/2025,09:37:04,50287.15,50285.4,90,50297.25,30,570,2349870
BANKNIFTY-I.NFO,07/04/2025,09:37:05,50281,50280.7,90,50287.75,90,210,2349870
BANKNIFTY-I.NFO,07/04/2025,09:37:07,50270.6,50267.4,30,50271.6,90,720,2349870
BANKNIFTY-I.NFO,07/04/2025,09:37:08,50299.95,50287.05,30,50299.95,210,690,2349870
BANKNIFTY-I.NFO,07/04/2025,09:37:09,50287.5,50283.35,30,50293.45,90,690,2349870
BANKNIFTY-I.NFO,07/04/2025,09:37:10,50273.55,50270.95,150,50280.9,90,900,2349870
BANKNIFTY-I.NFO,07/04/2025,09:37:11,50268.95,50267,30,50270.75,30,150,2349870
BANKNIFTY-I.NFO,07/04/2025,09:37:13,50270.75,50265,30,50267,30,300,2349870
BANKNIFTY-I.NFO,07/04/2025,09:37:14,50265.1,50263,30,50266.65,90,210,2349870
BANKNIFTY-I.NFO,07/04/2025,09:37:15,50265,50261,210,50265,180,240,2349870
BANKNIFTY-I.NFO,07/04/2025,09:37:16,50262.6,50262.5,30,50267.35,90,480,2349870
BANKNIFTY-I.NFO,07/04/2025,09:37:18,50268.6,50261.8,30,50268.6,120,180,2349870
BANKNIFTY-I.NFO,07/04/2025,09:37:19,50266.6,50262.25,30,50266.6,90,360,2349870
BANKNIFTY-I.NFO,07/04/2025,09:37:20,50270.9,50271.55,30,50278.85,90,180,2349870
BANKNIFTY-I.NFO,07/04/2025,09:37:21,50278.85,50268.75,30,50274.35,90,240,2349870
BANKNIFTY-I.NFO,07/04/2025,09:37:23,50268.6,50263.45,30,50269.5,90,270,2349870
BANKNIFTY-I.NFO,07/04/2025,09:37:24,50269.4,50261.35,30,50266.6,90,210,2349870
BANKNIFTY-I.NFO,07/04/2025,09:37:25,50266.6,50263.9,30,50266.6,90,120,2349870
BANKNIFTY-I.NFO,07/04/2025,09:37:26,50307.15,50285.6,60,50307.15,210,1050,2349870
BANKNIFTY-I.NFO,07/04/2025,09:37:27,50295.15,50295.8,60,50300.75,90,360,2349870
BANKNIFTY-I.NFO,07/04/2025,09:37:29,50304.65,50307.25,30,50312.85,90,150,2349870
BANKNIFTY-I.NFO,07/04/2025,09:37:30,50312.85,50307.85,60,50315.1,90,60,2349870
BANKNIFTY-I.NFO,07/04/2025,09:37:31,50303.65,50303.6,30,50307.85,30,420,2349870
BANKNIFTY-I.NFO,07/04/2025,09:37:32,50304.85,50296.45,120,50302.05,90,180,2349870
BANKNIFTY-I.NFO,07/04/2025,09:37:34,50315.4,50305.35,180,50312.05,90,330,2349870
BANKNIFTY-I.NFO,07/04/2025,09:37:35,50319.8,50312.6,150,50319.8,90,120,2349870
BANKNIFTY-I.NFO,07/04/2025,09:37:36,50311.2,50322.95,60,50337.95,90,150,2349870
BANKNIFTY-I.NFO,07/04/2025,09:37:37,50337.85,50332.5,30,50338.1,90,450,2349870
BANKNIFTY-I.NFO,07/04/2025,09:37:38,50322.05,50325.15,30,50330.7,90,60,2349870
BANKNIFTY-I.NFO,07/04/2025,09:37:40,50330.7,50325.05,30,50329.7,30,90,2349870
BANKNIFTY-I.NFO,07/04/2025,09:37:41,50323.35,50318.55,30,50324.45,120,90,2349870
BANKNIFTY-I.NFO,07/04/2025,09:37:42,50329.45,50332.85,30,50338.2,120,120,2349870
BANKNIFTY-I.NFO,07/04/2025,09:37:43,50323.7,50326.25,150,50338.15,90,90,2349870
BANKNIFTY-I.NFO,07/04/2025,09:37:44,50323.5,50312.05,30,50318.6,90,1020,2349870
BANKNIFTY-I.NFO,07/04/2025,09:37:46,50300.05,50300.8,180,50311.25,90,60,2349870
BANKNIFTY-I.NFO,07/04/2025,09:37:47,50304.45,50299.1,30,50304.65,90,1110,2349870
BANKNIFTY-I.NFO,07/04/2025,09:37:48,50280.15,50280.4,30,50288.2,90,150,2349870
BANKNIFTY-I.NFO,07/04/2025,09:37:49,50280.25,50272,30,50277.5,90,240,2349870
BANKNIFTY-I.NFO,07/04/2025,09:37:51,50277.55,50275.8,30,50277.55,90,60,2349870
BANKNIFTY-I.NFO,07/04/2025,09:37:52,50283.85,50280.7,120,50285.25,90,150,2349870
BANKNIFTY-I.NFO,07/04/2025,09:37:53,50280,50277.8,150,50280,90,1890,2349870
BANKNIFTY-I.NFO,07/04/2025,09:37:54,50280.7,50279.45,120,50280.7,60,150,2349870
BANKNIFTY-I.NFO,07/04/2025,09:37:56,50280,50280.05,30,50289.9,90,1320,2349870
BANKNIFTY-I.NFO,07/04/2025,09:37:57,50319.1,50318.05,30,50338.6,60,720,2349870
BANKNIFTY-I.NFO,07/04/2025,09:37:58,50321.45,50318.05,60,50323.65,90,30,2349870
BANKNIFTY-I.NFO,07/04/2025,09:37:59,50308.85,50303.2,120,50308.85,30,150,2349870
BANKNIFTY-I.NFO,07/04/2025,09:38:01,50290,50280.1,120,50289.8,90,240,2349870
BANKNIFTY-I.NFO,07/04/2025,09:38:02,50289.8,50286.45,150,50294.15,120,90,2349870
BANKNIFTY-I.NFO,07/04/2025,09:38:03,50289.25,50280.25,30,50288.45,120,60,2349870
BANKNIFTY-I.NFO,07/04/2025,09:38:04,50288.35,50280,120,50285.45,120,120,2349870
BANKNIFTY-I.NFO,07/04/2025,09:38:06,50280.4,50280,30,50280.4,60,150,2349870
BANKNIFTY-I.NFO,07/04/2025,09:38:07,50280.65,50282.65,60,50285.4,60,240,2349870
BANKNIFTY-I.NFO,07/04/2025,09:38:08,50285.4,50280,30,50285.45,90,150,2349870
BANKNIFTY-I.NFO,07/04/2025,09:38:09,50280,50275.4,30,50285.45,90,120,2349870
BANKNIFTY-I.NFO,07/04/2025,09:38:10,50275,50276.85,30,50286.2,90,60,2349870
BANKNIFTY-I.NFO,07/04/2025,09:38:12,50275,50280,60,50283.15,90,0,2349870
BANKNIFTY-I.NFO,07/04/2025,09:38:13,50285.5,50281.85,30,50286.55,90,30,2349870
BANKNIFTY-I.NFO,07/04/2025,09:38:14,50285.5,50280,60,50286.55,90,0,2349870
BANKNIFTY-I.NFO,07/04/2025,09:38:15,50286.55,50283,120,50286.55,90,150,2349870
BANKNIFTY-I.NFO,07/04/2025,09:38:16,50278.6,50272.7,30,50278.6,90,570,2349870
BANKNIFTY-I.NFO,07/04/2025,09:38:17,50273.4,50273.85,120,50278.6,120,150,2349870
BANKNIFTY-I.NFO,07/04/2025,09:38:18,50278.6,50273.85,90,50279.3,120,90,2349870
BANKNIFTY-I.NFO,07/04/2025,09:38:20,50279.1,50279.6,60,50280,390,900,2349870
BANKNIFTY-I.NFO,07/04/2025,09:38:21,50289.55,50288.45,30,50294.95,90,690,2349870
BANKNIFTY-I.NFO,07/04/2025,09:38:22,50300.5,50300.9,30,50306.1,90,480,2349870
BANKNIFTY-I.NFO,07/04/2025,09:38:23,50298.35,50296.35,60,50303.3,90,420,2349870
BANKNIFTY-I.NFO,07/04/2025,09:38:25,50286.15,50281.7,60,50290.35,90,30,2349870
BANKNIFTY-I.NFO,07/04/2025,09:38:26,50282.9,50283.95,30,50289.15,90,270,2349870
BANKNIFTY-I.NFO,07/04/2025,09:38:27,50289.15,50282.75,60,50286.8,90,30,2349870
BANKNIFTY-I.NFO,07/04/2025,09:38:28,50286.8,50281.55,30,50286.75,90,150,2349870
BANKNIFTY-I.NFO,07/04/2025,09:38:29,50275.25,50276.55,270,50280.7,90,30,2349870
BANKNIFTY-I.NFO,07/04/2025,09:38:31,50290,50285.5,30,50290,1050,1050,2349870
BANKNIFTY-I.NFO,07/04/2025,09:38:32,50290,50282.9,30,50290,210,960,2349870
BANKNIFTY-I.NFO,07/04/2025,09:38:33,50281.45,50275.05,30,50281.45,90,240,2349870
BANKNIFTY-I.NFO,07/04/2025,09:38:34,50281.45,50282.8,60,50285.3,90,240,2349870
BANKNIFTY-I.NFO,07/04/2025,09:38:36,50290,50280,150,50289.4,120,120,2349870
BANKNIFTY-I.NFO,07/04/2025,09:38:37,50290,50280,150,50284.95,30,0,2349870
BANKNIFTY-I.NFO,07/04/2025,09:38:38,50280.55,50280,480,50284.95,30,60,2349870
BANKNIFTY-I.NFO,07/04/2025,09:38:39,50290,50289.25,60,50292.7,90,300,2349870
BANKNIFTY-I.NFO,07/04/2025,09:38:40,50285.1,50280,510,50286.95,90,270,2349870
BANKNIFTY-I.NFO,07/04/2025,09:38:42,50288.6,50287,30,50299.85,90,1110,2349870
BANKNIFTY-I.NFO,07/04/2025,09:38:43,50284.35,50284.25,30,50292.25,90,60,2349870
BANKNIFTY-I.NFO,07/04/2025,09:38:44,50283.3,50282.9,60,50284.25,30,60,2349870
BANKNIFTY-I.NFO,07/04/2025,09:38:45,50275,50270,150,50275.35,90,1260,2349870
BANKNIFTY-I.NFO,07/04/2025,09:38:46,50276.1,50271.5,30,50277.1,30,270,2349870
BANKNIFTY-I.NFO,07/04/2025,09:38:48,50276.05,50270,120,50276.05,60,630,2349870
BANKNIFTY-I.NFO,07/04/2025,09:38:49,50283.5,50276.8,810,50279.55,9000,300,2349870
BANKNIFTY-I.NFO,07/04/2025,09:38:50,50265.75,50261,270,50266.3,90,1410,2349870
BANKNIFTY-I.NFO,07/04/2025,09:38:51,50261,50261.05,60,50266.25,90,30,2349870
BANKNIFTY-I.NFO,07/04/2025,09:38:53,50261,50263.7,60,50270.75,90,0,2349870
BANKNIFTY-I.NFO,07/04/2025,09:38:54,50272.25,50267.9,60,50275,90,180,2349870
BANKNIFTY-I.NFO,07/04/2025,09:38:55,50276.8,50267.7,120,50273.65,90,330,2349870
BANKNIFTY-I.NFO,07/04/2025,09:38:56,50274.8,50267.75,30,50275.95,90,60,2349870
BANKNIFTY-I.NFO,07/04/2025,09:38:58,50278.25,50267.8,60,50273.5,90,120,2349870
BANKNIFTY-I.NFO,07/04/2025,09:38:59,50286.45,50282.1,60,50288.55,30,120,2349870
BANKNIFTY-I.NFO,07/04/2025,09:39:00,50270.25,50267.8,60,50277.1,120,60,2349870
BANKNIFTY-I.NFO,07/04/2025,09:39:01,50270.25,50267.8,30,50272.65,120,0,2349870
BANKNIFTY-I.NFO,07/04/2025,09:39:03,50267.75,50261.1,30,50266.3,120,180,2349870
BANKNIFTY-I.NFO,07/04/2025,09:39:04,50283.75,50282.1,120,50290,1110,420,2349870
BANKNIFTY-I.NFO,07/04/2025,09:39:05,50290,50286.2,30,50290,120,990,2349870
BANKNIFTY-I.NFO,07/04/2025,09:39:06,50288.75,50287.45,150,50290,30,120,2349870
BANKNIFTY-I.NFO,07/04/2025,09:39:07,50290,50283.05,150,50290.3,90,60,2349870
BANKNIFTY-I.NFO,07/04/2025,09:39:09,50289.25,50281.65,150,50289.25,90,360,2349870
BANKNIFTY-I.NFO,07/04/2025,09:39:10,50292.75,50281.75,60,50287.15,90,30,2349870
BANKNIFTY-I.NFO,07/04/2025,09:39:11,50286.5,50286.1,30,50293.45,90,150,2349870
BANKNIFTY-I.NFO,07/04/2025,09:39:12,50286.5,50283.3,120,50289.55,90,0,2349870
BANKNIFTY-I.NFO,07/04/2025,09:39:13,50299.95,50286.55,30,50294.7,30,690,2349870
BANKNIFTY-I.NFO,07/04/2025,09:39:15,50284.45,50286.8,120,50290,30,150,2349870
BANKNIFTY-I.NFO,07/04/2025,09:39:16,50290.8,50281.95,60,50290.8,120,90,2349870
BANKNIFTY-I.NFO,07/04/2025,09:39:17,50290.8,50278.25,30,50284.7,90,0,2349870
BANKNIFTY-I.NFO,07/04/2025,09:39:18,50282.8,50275.1,60,50282.8,90,120,2349870
BANKNIFTY-I.NFO,07/04/2025,09:39:19,50299.95,50285.95,60,50290,780,180,2349870
BANKNIFTY-I.NFO,07/04/2025,09:39:20,50287.05,50283.05,60,50290,240,570,2349870
BANKNIFTY-I.NFO,07/04/2025,09:39:22,50284.55,50275.05,30,50283.9,90,180,2349870
BANKNIFTY-I.NFO,07/04/2025,09:39:23,50276.75,50276.3,60,50282.8,90,30,2349870
BANKNIFTY-I.NFO,07/04/2025,09:39:24,50275.05,50273.55,30,50278.9,30,30,2349870
BANKNIFTY-I.NFO,07/04/2025,09:39:25,50275.05,50274.85,30,50280.65,150,0,2349870
BANKNIFTY-I.NFO,07/04/2025,09:39:26,50278.9,50275,90,50280.1,120,90,2349870
BANKNIFTY-I.NFO,07/04/2025,09:39:28,50282.8,50275.45,30,50282.8,30,120,2349870
BANKNIFTY-I.NFO,07/04/2025,09:39:29,50282.8,50275,60,50280.9,120,0,2362830
BANKNIFTY-I.NFO,07/04/2025,09:39:30,50276.3,50270,30,50277.8,90,150,2362830
BANKNIFTY-I.NFO,07/04/2025,09:39:31,50270,50266.3,4530,50272.15,90,60,2362830
BANKNIFTY-I.NFO,07/04/2025,09:39:33,50276.35,50266.95,60,50278.65,90,60,2362830
BANKNIFTY-I.NFO,07/04/2025,09:39:34,50285.8,50287.55,60,50303.25,270,23190,2362830
BANKNIFTY-I.NFO,07/04/2025,09:39:35,50295.35,50276.25,30,50292.95,270,390,2362830
BANKNIFTY-I.NFO,07/04/2025,09:39:36,50295.35,50278.3,30,50287.7,150,0,2362830
BANKNIFTY-I.NFO,07/04/2025,09:39:38,50278.3,50273.9,30,50283.45,180,30,2362830
BANKNIFTY-I.NFO,07/04/2025,09:39:39,50283,50276.25,30,50283.4,30,30,2362830
BANKNIFTY-I.NFO,07/04/2025,09:39:40,50283.05,50283.55,30,50286.45,9000,90,2362830
BANKNIFTY-I.NFO,07/04/2025,09:39:41,50281.95,50282.35,60,50286.95,9000,90,2362830
BANKNIFTY-I.NFO,07/04/2025,09:39:42,50295.75,50286.8,60,50287,9000,300,2362830
BANKNIFTY-I.NFO,07/04/2025,09:39:44,50291.2,50285.15,30,50287.15,9000,240,2362830
BANKNIFTY-I.NFO,07/04/2025,09:39:45,50287.2,50276.85,120,50287.15,30,360,2362830
BANKNIFTY-I.NFO,07/04/2025,09:39:46,50277.15,50277.9,60,50287.15,60,90,2362830
BANKNIFTY-I.NFO,07/04/2025,09:39:47,50281.15,50270,60,50281.15,150,180,2362830
BANKNIFTY-I.NFO,07/04/2025,09:39:49,50280,50272.55,60,50280,60,60,2362830
BANKNIFTY-I.NFO,07/04/2025,09:39:50,50287.85,50275.5,30,50280.1,9000,180,2362830
BANKNIFTY-I.NFO,07/04/2025,09:39:51,50287.85,50270,360,50275.5,120,0,2362830
BANKNIFTY-I.NFO,07/04/2025,09:39:52,50278.4,50270,150,50275.8,120,420,2362830
BANKNIFTY-I.NFO,07/04/2025,09:39:53,50272,50266.3,4500,50273.85,120,240,2362830
BANKNIFTY-I.NFO,07/04/2025,09:39:55,50258.05,50255.6,30,50263.75,120,5160,2362830
BANKNIFTY-I.NFO,07/04/2025,09:39:56,50245.1,50245.05,60,50256.45,150,1890,2362830
BANKNIFTY-I.NFO,07/04/2025,09:39:57,50255,50255,60,50261.15,90,360,2362830
BANKNIFTY-I.NFO,07/04/2025,09:39:58,50256.1,50255,60,50265.95,120,120,2362830
BANKNIFTY-I.NFO,07/04/2025,09:40:00,50255,50246,60,50257.4,180,120,2362830
BANKNIFTY-I.NFO,07/04/2025,09:40:01,50229.85,50226.8,60,50234.8,120,810,2362830
BANKNIFTY-I.NFO,07/04/2025,09:40:02,50228.7,50220.85,120,50228.65,90,660,2362830
BANKNIFTY-I.NFO,07/04/2025,09:40:03,50233.7,50220,450,50229.75,90,150,2362830
BANKNIFTY-I.NFO,07/04/2025,09:40:05,50228.6,50223.1,30,50228.15,120,60,2362830
BANKNIFTY-I.NFO,07/04/2025,09:40:06,50220,50220,420,50225,90,120,2362830
BANKNIFTY-I.NFO,07/04/2025,09:40:07,50220,50220,360,50224.7,180,60,2362830
BANKNIFTY-I.NFO,07/04/2025,09:40:08,50214.6,50205.9,30,50213.1,90,1110,2362830
BANKNIFTY-I.NFO,07/04/2025,09:40:10,50202,50202,1440,50206.45,60,1170,2362830
BANKNIFTY-I.NFO,07/04/2025,09:40:11,50231.35,50220.7,30,50231.35,90,300,2362830
BANKNIFTY-I.NFO,07/04/2025,09:40:12,50225.75,50224.8,60,50234.15,90,90,2362830
BANKNIFTY-I.NFO,07/04/2025,09:40:13,50234.15,50222.85,120,50239.2,90,180,2362830
BANKNIFTY-I.NFO,07/04/2025,09:40:15,50222,50220,60,50230.9,120,120,2362830
BANKNIFTY-I.NFO,07/04/2025,09:40:16,50224.2,50225.4,60,50234.15,150,180,2362830
BANKNIFTY-I.NFO,07/04/2025,09:40:17,50258.9,50247.95,30,50258.3,30,330,2362830
BANKNIFTY-I.NFO,07/04/2025,09:40:18,50255.3,50248.6,120,50257.2,30,300,2362830
BANKNIFTY-I.NFO,07/04/2025,09:40:20,50252.8,50244.85,60,50256.3,90,90,2362830
BANKNIFTY-I.NFO,07/04/2025,09:40:21,50252.8,50234.2,60,50244.15,90,0,2362830
BANKNIFTY-I.NFO,07/04/2025,09:40:22,50244.9,50234.15,390,50244.9,120,360,2362830
BANKNIFTY-I.NFO,07/04/2025,09:40:23,50234.15,50234.15,90,50237.5,30,690,2362830
BANKNIFTY-I.NFO,07/04/2025,09:40:25,50253.2,50246.1,30,50253.2,90,180,2362830
BANKNIFTY-I.NFO,07/04/2025,09:40:26,50255.65,50247.65,60,50256.15,90,90,2362830
BANKNIFTY-I.NFO,07/04/2025,09:40:27,50255,50250,390,50255,90,450,2362830
BANKNIFTY-I.NFO,07/04/2025,09:40:28,50253.6,50255.05,60,50259.8,9000,180,2362830
BANKNIFTY-I.NFO,07/04/2025,09:40:29,50253.1,50250,270,50255.05,120,150,2362830
BANKNIFTY-I.NFO,07/04/2025,09:40:31,50259.75,50251.25,120,50255.9,9000,240,2362830
BANKNIFTY-I.NFO,07/04/2025,09:40:32,50255.55,50250,270,50255.7,60,510,2362830
BANKNIFTY-I.NFO,07/04/2025,09:40:33,50252.15,50247.15,480,50252.15,60,450,2362830
