Ticker,Date,Time,LTP,BuyPrice,BuyQty,SellPrice,SellQty,LTQ,OpenInterest
NIFTY-III.NFO,05/05/2025,09:15:03,24705,24707.5,75,24747.4,150,225,203550
NIFTY-III.NFO,05/05/2025,09:15:03,24707.1,24707.5,75,24747.4,150,0,203550
NIFTY-III.NFO,05/05/2025,09:15:03,24718.3,24707.5,75,24747.4,150,0,203550
NIFTY-III.NFO,05/05/2025,09:15:03,24705,24707.5,75,24747.4,150,0,203550
NIFTY-III.NFO,05/05/2025,09:15:05,24748.3,24717.5,150,24747.8,75,525,203550
NIFTY-III.NFO,05/05/2025,09:15:05,24748.3,24717.5,150,24747.8,75,0,203550
NIFTY-III.NFO,05/05/2025,09:15:07,24748.3,24731.1,150,24747.8,75,0,203550
NIFTY-III.NFO,05/05/2025,09:15:08,24754.6,24732.4,150,24760,75,300,203550
NIFTY-III.NFO,05/05/2025,09:15:08,24754.6,24732.4,150,24760,75,0,203550
NIFTY-III.NFO,05/05/2025,09:15:10,24754.6,24741.7,150,24768,450,0,203550
NIFTY-III.NFO,05/05/2025,09:15:11,24768,24733.8,150,24767.9,75,150,203550
NIFTY-III.NFO,05/05/2025,09:15:11,24768,24733.8,150,24767.9,75,0,203550
NIFTY-III.NFO,05/05/2025,09:15:13,24768,24740.3,150,24754,75,0,203550
NIFTY-III.NFO,05/05/2025,09:15:15,24768,24736,150,24754,75,0,203550
NIFTY-III.NFO,05/05/2025,09:15:16,24768,24725.5,150,24753.7,75,0,203550
NIFTY-III.NFO,05/05/2025,09:15:18,24768,24728.3,150,24754,75,0,203550
NIFTY-III.NFO,05/05/2025,09:15:20,24768,24743.1,150,24754,75,0,203550
NIFTY-III.NFO,05/05/2025,09:15:21,24768,24742.5,150,24754,75,0,203550
NIFTY-III.NFO,05/05/2025,09:15:23,24746.3,24746.3,150,24754,75,150,204450
NIFTY-III.NFO,05/05/2025,09:15:24,24754,24738.6,150,24762.4,75,150,204450
NIFTY-III.NFO,05/05/2025,09:15:26,24754,24748.2,150,24764.9,150,0,204450
NIFTY-III.NFO,05/05/2025,09:15:28,24754,24751.2,150,24764.7,75,0,204450
NIFTY-III.NFO,05/05/2025,09:15:29,24754,24751.3,150,24764.9,150,0,204450
NIFTY-III.NFO,05/05/2025,09:15:31,24754,24757.4,150,24765,75,0,204450
NIFTY-III.NFO,05/05/2025,09:15:33,24754,24755.9,150,24764.9,150,0,204450
NIFTY-III.NFO,05/05/2025,09:15:34,24754,24760.4,150,24765,75,0,204450
NIFTY-III.NFO,05/05/2025,09:15:36,24754.1,24754.1,75,24767.9,150,150,204450
NIFTY-III.NFO,05/05/2025,09:15:38,24754.1,24757.3,225,24767.9,225,0,204450
NIFTY-III.NFO,05/05/2025,09:15:39,24754.1,24757.8,225,24767.9,225,0,204450
NIFTY-III.NFO,05/05/2025,09:15:41,24754.1,24754.1,150,24767.7,150,0,204450
NIFTY-III.NFO,05/05/2025,09:15:43,24754.1,24754.1,150,24763.9,150,0,204450
NIFTY-III.NFO,05/05/2025,09:15:44,24754.1,24754.1,150,24762.5,150,0,204450
NIFTY-III.NFO,05/05/2025,09:15:46,24754.1,24754.8,225,24763.8,150,0,204450
NIFTY-III.NFO,05/05/2025,09:15:47,24754.1,24756.3,225,24765.1,150,0,204450
NIFTY-III.NFO,05/05/2025,09:15:49,24754.1,24757.2,225,24767.2,150,0,204450
NIFTY-III.NFO,05/05/2025,09:15:51,24754.1,24755.1,150,24767.2,150,0,204450
NIFTY-III.NFO,05/05/2025,09:15:52,24754.1,24755.1,150,24764.9,225,0,204450
NIFTY-III.NFO,05/05/2025,09:15:54,24755,24755.8,150,24764.9,225,75,204450
NIFTY-III.NFO,05/05/2025,09:15:56,24755,24756.9,150,24764.9,225,0,204450
NIFTY-III.NFO,05/05/2025,09:15:57,24755,24754.2,150,24764.9,225,0,204450
NIFTY-III.NFO,05/05/2025,09:15:59,24755,24754.1,150,24764.9,225,0,204450
NIFTY-III.NFO,05/05/2025,09:16:01,24759.5,24741.2,150,24759.5,75,300,204450
NIFTY-III.NFO,05/05/2025,09:16:02,24759.5,24739.5,75,24758.2,150,0,204450
NIFTY-III.NFO,05/05/2025,09:16:04,24759.5,24737.2,150,24753.5,225,0,204450
NIFTY-III.NFO,05/05/2025,09:16:05,24753.5,24733.7,75,24752.8,75,75,204450
NIFTY-III.NFO,05/05/2025,09:16:07,24753.5,24731,150,24745.4,75,0,204450
NIFTY-III.NFO,05/05/2025,09:16:09,24753.5,24732.4,150,24745.4,75,0,204450
NIFTY-III.NFO,05/05/2025,09:16:10,24729.1,24728.8,150,24740.8,75,75,204450
NIFTY-III.NFO,05/05/2025,09:16:12,24728.5,24725.1,150,24739,150,300,204450
NIFTY-III.NFO,05/05/2025,09:16:14,24728.5,24730.3,150,24739,150,0,204450
NIFTY-III.NFO,05/05/2025,09:16:15,24728.5,24729.1,75,24740.8,150,0,204450
NIFTY-III.NFO,05/05/2025,09:16:17,24728.5,24726.7,75,24740.8,150,0,204450
NIFTY-III.NFO,05/05/2025,09:16:19,24728.5,24728.6,150,24739.9,150,0,204450
NIFTY-III.NFO,05/05/2025,09:16:20,24728.5,24730.7,150,24739.9,225,0,204450
NIFTY-III.NFO,05/05/2025,09:16:22,24728.5,24730.4,75,24735,75,0,204450
NIFTY-III.NFO,05/05/2025,09:16:24,24728.5,24729,75,24735,150,0,204450
NIFTY-III.NFO,05/05/2025,09:16:25,24728.6,24728.5,75,24735,75,450,204450
NIFTY-III.NFO,05/05/2025,09:16:27,24728.6,24728.5,75,24734.9,150,0,204450
NIFTY-III.NFO,05/05/2025,09:16:30,24728.5,24722.4,225,24729,150,75,204450
NIFTY-III.NFO,05/05/2025,09:16:32,24728.5,24720.1,450,24729,150,0,204450
NIFTY-III.NFO,05/05/2025,09:16:34,24728.5,24719.8,225,24729,150,0,204450
NIFTY-III.NFO,05/05/2025,09:16:35,24728.5,24722.7,300,24729,75,0,204450
NIFTY-III.NFO,05/05/2025,09:16:37,24728.5,24715.7,150,24728.9,150,0,204450
NIFTY-III.NFO,05/05/2025,09:16:38,24728.5,24716.9,450,24728.9,150,0,204450
NIFTY-III.NFO,05/05/2025,09:16:40,24728.5,24715.4,75,24728.9,150,0,204450
NIFTY-III.NFO,05/05/2025,09:16:42,24728.5,24716.1,300,24728.9,150,0,204450
NIFTY-III.NFO,05/05/2025,09:16:43,24728.5,24716.1,300,24728.9,225,0,204450
NIFTY-III.NFO,05/05/2025,09:16:45,24728.5,24717.9,75,24728.5,150,0,204450
NIFTY-III.NFO,05/05/2025,09:16:47,24728.5,24719.6,75,24728.5,150,0,204450
NIFTY-III.NFO,05/05/2025,09:16:50,24728.5,24720.6,75,24728.5,75,0,204450
NIFTY-III.NFO,05/05/2025,09:16:52,24720.9,24720.4,225,24728.5,150,75,204450
NIFTY-III.NFO,05/05/2025,09:16:53,24720.9,24720.8,450,24728.5,75,0,204450
NIFTY-III.NFO,05/05/2025,09:16:55,24720.9,24725.4,225,24728.5,75,0,204450
NIFTY-III.NFO,05/05/2025,09:16:57,24720.9,24721.5,75,24728.5,75,0,204450
NIFTY-III.NFO,05/05/2025,09:16:58,24720.9,24723.5,75,24728.5,75,0,204450
NIFTY-III.NFO,05/05/2025,09:17:00,24720.9,24723.5,75,24729,75,0,204450
NIFTY-III.NFO,05/05/2025,09:17:02,24729,24727.5,75,24735,75,75,204450
NIFTY-III.NFO,05/05/2025,09:17:03,24729,24726.1,75,24735,75,0,204450
NIFTY-III.NFO,05/05/2025,09:17:05,24726.1,24726.5,375,24735,75,75,204450
NIFTY-III.NFO,05/05/2025,09:17:07,24726.1,24730.3,225,24735,75,0,204450
NIFTY-III.NFO,05/05/2025,09:17:08,24726.1,24727.6,75,24734.9,225,0,204450
NIFTY-III.NFO,05/05/2025,09:17:10,24726.1,24726.1,150,24734.9,225,0,204450
NIFTY-III.NFO,05/05/2025,09:17:13,24726.1,24730,75,24734.9,225,0,204450
NIFTY-III.NFO,05/05/2025,09:17:15,24726.1,24730,75,24734.8,150,0,204450
NIFTY-III.NFO,05/05/2025,09:17:17,24730,24726.1,150,24734.8,150,75,204450
NIFTY-III.NFO,05/05/2025,09:17:18,24728.5,24726.1,75,24732,75,75,204450
NIFTY-III.NFO,05/05/2025,09:17:20,24726.1,24724.1,525,24732,75,75,204450
NIFTY-III.NFO,05/05/2025,09:17:22,24726.1,24729,75,24732,75,0,204450
NIFTY-III.NFO,05/05/2025,09:17:25,24726.1,24729.9,225,24732,75,0,204450
NIFTY-III.NFO,05/05/2025,09:17:26,24726.1,24729,75,24732,75,0,204450
NIFTY-III.NFO,05/05/2025,09:17:28,24726.1,24730.8,450,24732,75,0,204450
NIFTY-III.NFO,05/05/2025,09:17:30,24732,24729.8,225,24735,75,75,204450
NIFTY-III.NFO,05/05/2025,09:17:31,24732,24733.6,75,24735,75,0,204450
NIFTY-III.NFO,05/05/2025,09:17:35,24735,24735,75,24746.3,150,75,204450
NIFTY-III.NFO,05/05/2025,09:17:36,24735,24735,75,24746.3,150,0,204450
NIFTY-III.NFO,05/05/2025,09:17:38,24735,24734,75,24746.3,150,75,204450
NIFTY-III.NFO,05/05/2025,09:17:40,24735,24734,75,24745.4,150,0,204450
NIFTY-III.NFO,05/05/2025,09:17:41,24735,24735.3,225,24747.2,150,0,204450
NIFTY-III.NFO,05/05/2025,09:17:43,24735,24739.2,75,24749.9,225,0,204450
NIFTY-III.NFO,05/05/2025,09:17:48,24735,24740.6,375,24749.9,225,0,204450
NIFTY-III.NFO,05/05/2025,09:17:50,24740.6,24740.1,225,24749.9,225,75,204450
NIFTY-III.NFO,05/05/2025,09:17:51,24740.6,24742,450,24750,150,0,204450
NIFTY-III.NFO,05/05/2025,09:17:53,24740.6,24742.5,75,24749.9,150,0,204450
NIFTY-III.NFO,05/05/2025,09:17:56,24740.6,24741.3,75,24749.9,225,0,204450
NIFTY-III.NFO,05/05/2025,09:17:59,24740.6,24742.1,75,24749.9,225,0,204450
NIFTY-III.NFO,05/05/2025,09:18:01,24740.6,24741,150,24749.9,225,0,204450
NIFTY-III.NFO,05/05/2025,09:18:03,24740.6,24741,75,24749.9,225,0,204450
NIFTY-III.NFO,05/05/2025,09:18:06,24740.6,24741,75,24744.9,150,0,204450
NIFTY-III.NFO,05/05/2025,09:18:08,24740.6,24741,75,24744.9,225,0,204450
NIFTY-III.NFO,05/05/2025,09:18:11,24741,24740,75,24744.9,225,75,204450
NIFTY-III.NFO,05/05/2025,09:18:13,24741,24740,75,24744.9,225,0,204450
NIFTY-III.NFO,05/05/2025,09:18:18,24740,24735,150,24744.2,225,75,204225
NIFTY-III.NFO,05/05/2025,09:18:19,24740,24735,150,24744.2,225,0,204225
NIFTY-III.NFO,05/05/2025,09:18:21,24740,24735,150,24743.4,225,0,204225
NIFTY-III.NFO,05/05/2025,09:18:23,24740,24735,150,24741,150,0,204225
NIFTY-III.NFO,05/05/2025,09:18:25,24740,24735,150,24740.6,150,0,204225
NIFTY-III.NFO,05/05/2025,09:18:28,24735,24730,75,24738.8,150,450,204225
NIFTY-III.NFO,05/05/2025,09:18:30,24735,24730,75,24738.8,150,0,204225
NIFTY-III.NFO,05/05/2025,09:18:31,24735,24730,75,24738.5,150,0,204225
NIFTY-III.NFO,05/05/2025,09:18:33,24735,24730.1,75,24739.9,150,0,204225
NIFTY-III.NFO,05/05/2025,09:18:35,24735,24730.1,75,24739.9,75,0,204225
NIFTY-III.NFO,05/05/2025,09:18:36,24735,24730.1,75,24740,150,0,204225
NIFTY-III.NFO,05/05/2025,09:18:38,24735,24732.3,75,24740,75,0,204225
NIFTY-III.NFO,05/05/2025,09:18:40,24735,24733.8,75,24740,300,75,204225
NIFTY-III.NFO,05/05/2025,09:18:41,24735,24733.7,75,24740,300,0,204225
NIFTY-III.NFO,05/05/2025,09:18:43,24735,24734.8,75,24740,300,0,204225
NIFTY-III.NFO,05/05/2025,09:18:45,24735,24733.7,150,24740,300,0,204225
NIFTY-III.NFO,05/05/2025,09:18:46,24735,24730.1,75,24739.8,150,0,204225
NIFTY-III.NFO,05/05/2025,09:18:48,24735,24733.3,75,24740,300,0,204225
NIFTY-III.NFO,05/05/2025,09:18:50,24735,24734.4,150,24740,300,0,204225
NIFTY-III.NFO,05/05/2025,09:18:51,24735,24734.4,150,24740,75,0,204225
NIFTY-III.NFO,05/05/2025,09:18:55,24735,24736.9,225,24740,75,0,204225
NIFTY-III.NFO,05/05/2025,09:18:56,24740,24738.8,150,24749.9,150,75,204225
NIFTY-III.NFO,05/05/2025,09:18:58,24740,24738.8,150,24749.9,150,0,204225
NIFTY-III.NFO,05/05/2025,09:19:00,24740,24741,75,24750,450,0,204225
NIFTY-III.NFO,05/05/2025,09:19:01,24740,24742.2,150,24745,75,0,204225
NIFTY-III.NFO,05/05/2025,09:19:03,24740,24741,150,24745,75,0,204225
NIFTY-III.NFO,05/05/2025,09:19:06,24740,24741.1,150,24745,75,0,204225
NIFTY-III.NFO,05/05/2025,09:19:08,24740,24739.5,150,24745,75,0,204225
NIFTY-III.NFO,05/05/2025,09:19:10,24740,24739.9,75,24745,75,0,204225
NIFTY-III.NFO,05/05/2025,09:19:11,24740,24740.1,150,24745,75,0,204225
NIFTY-III.NFO,05/05/2025,09:19:13,24740,24741.3,150,24745,75,0,204225
NIFTY-III.NFO,05/05/2025,09:19:15,24740,24742.6,150,24745,75,0,204225
NIFTY-III.NFO,05/05/2025,09:19:16,24745,24744.9,150,24750,150,75,204225
NIFTY-III.NFO,05/05/2025,09:19:18,24745,24748,75,24750,150,0,204225
NIFTY-III.NFO,05/05/2025,09:19:20,24745,24745.6,150,24750,150,0,204225
NIFTY-III.NFO,05/05/2025,09:19:21,24745,24744,75,24745,75,0,204225
NIFTY-III.NFO,05/05/2025,09:19:23,24745,24745.3,75,24750,150,75,204225
NIFTY-III.NFO,05/05/2025,09:19:25,24745,24745.9,450,24750,150,0,204225
NIFTY-III.NFO,05/05/2025,09:19:26,24745,24746.4,150,24750,150,0,204225
NIFTY-III.NFO,05/05/2025,09:19:28,24745,24745,75,24750,150,0,204225
NIFTY-III.NFO,05/05/2025,09:19:30,24745,24745,150,24750,150,0,204225
NIFTY-III.NFO,05/05/2025,09:19:31,24745,24745,75,24749.9,225,0,204225
NIFTY-III.NFO,05/05/2025,09:19:33,24745,24745,75,24749.9,150,0,204225
NIFTY-III.NFO,05/05/2025,09:19:38,24745,24734.4,75,24746.7,150,75,204225
NIFTY-III.NFO,05/05/2025,09:19:40,24745,24734.1,75,24746.7,150,0,204225
NIFTY-III.NFO,05/05/2025,09:19:41,24745,24734.9,75,24745.4,150,0,204225
NIFTY-III.NFO,05/05/2025,09:19:43,24735,24734.6,225,24745.4,150,300,204225
NIFTY-III.NFO,05/05/2025,09:19:45,24747.9,24733.8,150,24747.2,150,600,204225
NIFTY-III.NFO,05/05/2025,09:19:46,24747.9,24740,75,24747.2,150,0,204225
NIFTY-III.NFO,05/05/2025,09:19:48,24747.2,24740,75,24747.7,75,75,204225
NIFTY-III.NFO,05/05/2025,09:19:51,24747.2,24740.1,225,24749.4,75,0,204225
NIFTY-III.NFO,05/05/2025,09:19:53,24747.2,24740.2,150,24745,75,0,204225
NIFTY-III.NFO,05/05/2025,09:19:55,24747.2,24740.1,225,24745,75,0,204225
NIFTY-III.NFO,05/05/2025,09:19:56,24740.1,24740,75,24745,75,75,204225
NIFTY-III.NFO,05/05/2025,09:19:58,24744.9,24736.8,150,24744.9,150,75,204225
NIFTY-III.NFO,05/05/2025,09:20:00,24744.9,24736.1,225,24744.9,75,0,204225
NIFTY-III.NFO,05/05/2025,09:20:01,24744.9,24735.5,225,24744.9,75,0,204225
NIFTY-III.NFO,05/05/2025,09:20:03,24744.9,24739.2,225,24745,75,0,204225
NIFTY-III.NFO,05/05/2025,09:20:05,24744.9,24741.4,225,24745,75,0,204225
NIFTY-III.NFO,05/05/2025,09:20:06,24744.9,24741.5,150,24745,75,0,204225
NIFTY-III.NFO,05/05/2025,09:20:08,24744.9,24739.9,225,24745,75,0,204225
NIFTY-III.NFO,05/05/2025,09:20:10,24744.9,24737.1,150,24744.9,150,0,204225
NIFTY-III.NFO,05/05/2025,09:20:11,24744.9,24735.8,150,24744.9,75,0,204225
NIFTY-III.NFO,05/05/2025,09:20:13,24744.9,24739.3,225,24745,75,0,204225
NIFTY-III.NFO,05/05/2025,09:20:15,24744.9,24739.3,150,24745,75,0,204225
NIFTY-III.NFO,05/05/2025,09:20:16,24744.9,24733.4,150,24744.9,150,0,204225
NIFTY-III.NFO,05/05/2025,09:20:18,24744.9,24734.8,150,24744.9,150,0,204225
NIFTY-III.NFO,05/05/2025,09:20:20,24736.4,24736.3,150,24744.9,225,75,204225
NIFTY-III.NFO,05/05/2025,09:20:21,24736.4,24734.5,150,24744.9,225,0,204225
NIFTY-III.NFO,05/05/2025,09:20:23,24736.4,24739.3,225,24744,75,0,204225
NIFTY-III.NFO,05/05/2025,09:20:25,24736.4,24741.9,225,24744,75,0,204225
NIFTY-III.NFO,05/05/2025,09:20:26,24739.5,24740.7,150,24744,75,1500,204225
NIFTY-III.NFO,05/05/2025,09:20:28,24744.9,24745,75,24749.9,150,150,204225
NIFTY-III.NFO,05/05/2025,09:20:30,24744.9,24745,75,24748.5,150,0,204225
NIFTY-III.NFO,05/05/2025,09:20:31,24741.2,24739.3,75,24749.9,150,300,204225
NIFTY-III.NFO,05/05/2025,09:20:33,24741.2,24740.2,150,24749.9,225,0,204225
NIFTY-III.NFO,05/05/2025,09:20:34,24741.2,24742.6,150,24744,75,0,204225
NIFTY-III.NFO,05/05/2025,09:20:39,24741.2,24741.6,225,24744,75,0,204225
NIFTY-III.NFO,05/05/2025,09:20:41,24741.2,24743.8,150,24744,75,0,204225
NIFTY-III.NFO,05/05/2025,09:20:43,24744,24743.9,150,24750,600,75,204225
NIFTY-III.NFO,05/05/2025,09:20:45,24744,24741.9,300,24749.8,150,0,204225
NIFTY-III.NFO,05/05/2025,09:20:46,24744,24742.8,150,24750,825,0,204225
NIFTY-III.NFO,05/05/2025,09:20:48,24744,24739.8,75,24749.9,225,0,204225
NIFTY-III.NFO,05/05/2025,09:20:50,24744,24741.5,75,24749.9,225,0,204225
NIFTY-III.NFO,05/05/2025,09:20:53,24744,24741.7,225,24749.9,225,0,204225
NIFTY-III.NFO,05/05/2025,09:20:55,24744,24741.1,300,24748.9,225,0,204225
NIFTY-III.NFO,05/05/2025,09:20:56,24744,24741.4,150,24748.9,225,0,204225
NIFTY-III.NFO,05/05/2025,09:20:58,24744,24741.3,300,24748.9,225,0,204225
NIFTY-III.NFO,05/05/2025,09:21:00,24744,24743.5,300,24744,75,0,204225
NIFTY-III.NFO,05/05/2025,09:21:01,24744,24742.4,300,24749,75,75,204225
NIFTY-III.NFO,05/05/2025,09:21:03,24744,24741,150,24749,75,0,204225
NIFTY-III.NFO,05/05/2025,09:21:05,24744,24743.5,150,24749,75,0,204225
NIFTY-III.NFO,05/05/2025,09:21:06,24744,24743.8,300,24749,75,0,204225
NIFTY-III.NFO,05/05/2025,09:21:08,24744,24743.3,300,24749,75,0,204225
NIFTY-III.NFO,05/05/2025,09:21:10,24744,24742.2,300,24749,75,0,204225
NIFTY-III.NFO,05/05/2025,09:21:11,24744,24738.9,225,24748.9,225,0,204225
NIFTY-III.NFO,05/05/2025,09:21:13,24744,24744,75,24748.9,225,0,204225
NIFTY-III.NFO,05/05/2025,09:21:18,24744,24744,75,24749,75,0,204225
NIFTY-III.NFO,05/05/2025,09:21:21,24744,24744.7,225,24749,75,0,204225
NIFTY-III.NFO,05/05/2025,09:21:24,24744,24744.8,225,24749,75,0,204225
NIFTY-III.NFO,05/05/2025,09:21:26,24744,24744,75,24748.9,225,0,204225
NIFTY-III.NFO,05/05/2025,09:21:28,24744,24733.6,75,24748.9,225,75,203775
NIFTY-III.NFO,05/05/2025,09:21:29,24744,24732.2,75,24748.9,225,75,203775
NIFTY-III.NFO,05/05/2025,09:21:31,24744,24732.1,300,24743,150,0,203775
NIFTY-III.NFO,05/05/2025,09:21:33,24744,24730,75,24742,150,0,203775
NIFTY-III.NFO,05/05/2025,09:21:34,24744,24730,75,24735.8,150,0,203775
NIFTY-III.NFO,05/05/2025,09:21:36,24744,24730,75,24737.1,150,0,203775
NIFTY-III.NFO,05/05/2025,09:21:43,24724.9,24719.5,75,24731.8,225,300,203775
NIFTY-III.NFO,05/05/2025,09:21:44,24724.9,24716.2,75,24729.5,150,0,203775
NIFTY-III.NFO,05/05/2025,09:21:46,24724.9,24715,150,24724.8,150,0,203775
NIFTY-III.NFO,05/05/2025,09:21:49,24724.9,24716.4,75,24724.8,225,0,203775
NIFTY-III.NFO,05/05/2025,09:21:51,24724.9,24715.9,75,24727.5,225,0,203775
NIFTY-III.NFO,05/05/2025,09:21:53,24724.9,24715,150,24724.7,225,0,203775
NIFTY-III.NFO,05/05/2025,09:21:56,24724.9,24715.4,75,24724.8,225,0,203775
NIFTY-III.NFO,05/05/2025,09:21:58,24724.9,24715,75,24724.6,150,0,203775
NIFTY-III.NFO,05/05/2025,09:21:59,24724.9,24715,75,24723.8,150,0,203775
NIFTY-III.NFO,05/05/2025,09:22:01,24724.9,24716.3,450,24724.9,75,0,203775
NIFTY-III.NFO,05/05/2025,09:22:03,24724.9,24715,225,24724.8,150,0,203775
NIFTY-III.NFO,05/05/2025,09:22:04,24724.9,24715,150,24721.7,225,0,203775
NIFTY-III.NFO,05/05/2025,09:22:06,24724.9,24715,225,24724.5,150,0,203775
NIFTY-III.NFO,05/05/2025,09:22:08,24724.9,24720.3,150,24724.9,75,0,203775
NIFTY-III.NFO,05/05/2025,09:22:09,24724.9,24720.8,75,24724.9,75,0,203775
NIFTY-III.NFO,05/05/2025,09:22:11,24725,24722.9,375,24733.8,150,525,203775
NIFTY-III.NFO,05/05/2025,09:22:13,24725,24725.2,75,24736.1,150,0,203775
NIFTY-III.NFO,05/05/2025,09:22:14,24725,24727.5,75,24738.8,150,0,203775
NIFTY-III.NFO,05/05/2025,09:22:16,24725,24729.6,300,24739.8,150,0,203775
NIFTY-III.NFO,05/05/2025,09:22:18,24725,24730.4,75,24740,75,0,203775
NIFTY-III.NFO,05/05/2025,09:22:19,24725,24731.1,75,24740,75,0,203775
NIFTY-III.NFO,05/05/2025,09:22:21,24725,24731.7,75,24740,75,0,203775
NIFTY-III.NFO,05/05/2025,09:22:23,24725,24734.7,75,24740,75,0,203775
NIFTY-III.NFO,05/05/2025,09:22:24,24725,24734.2,300,24740,75,0,203775
NIFTY-III.NFO,05/05/2025,09:22:26,24725,24735.4,75,24740,75,0,203775
NIFTY-III.NFO,05/05/2025,09:22:28,24725,24736.1,75,24740,75,0,203775
NIFTY-III.NFO,05/05/2025,09:22:29,24725,24736.4,75,24740,75,0,203775
NIFTY-III.NFO,05/05/2025,09:22:31,24725,24735.8,225,24740,75,0,203775
NIFTY-III.NFO,05/05/2025,09:22:33,24725,24733.1,75,24740,75,0,203775
NIFTY-III.NFO,05/05/2025,09:22:34,24725,24731.1,75,24739.9,150,0,203775
NIFTY-III.NFO,05/05/2025,09:22:36,24725,24728.7,75,24739.4,150,0,203775
NIFTY-III.NFO,05/05/2025,09:22:38,24725,24732.6,375,24740,75,0,203775
NIFTY-III.NFO,05/05/2025,09:22:39,24725,24737,450,24740,75,0,203775
NIFTY-III.NFO,05/05/2025,09:22:41,24725,24736.9,375,24740,75,0,203775
NIFTY-III.NFO,05/05/2025,09:22:43,24725,24736.4,375,24740,75,0,203775
NIFTY-III.NFO,05/05/2025,09:22:44,24725,24738.1,75,24740,75,0,203775
NIFTY-III.NFO,05/05/2025,09:22:46,24736.3,24738.4,375,24740,75,75,203775
NIFTY-III.NFO,05/05/2025,09:22:48,24736.3,24737.6,450,24740,75,0,203775
NIFTY-III.NFO,05/05/2025,09:22:49,24737.9,24739.2,300,24740,75,75,203775
NIFTY-III.NFO,05/05/2025,09:22:51,24737.9,24736,375,24740,75,0,203775
NIFTY-III.NFO,05/05/2025,09:22:53,24737.9,24737.9,375,24740,150,0,203775
NIFTY-III.NFO,05/05/2025,09:22:55,24740,24739.9,75,24748.9,225,225,203775
NIFTY-III.NFO,05/05/2025,09:22:56,24740,24741,75,24748.9,225,0,203775
NIFTY-III.NFO,05/05/2025,09:22:58,24740,24746.1,450,24749,150,0,203775
NIFTY-III.NFO,05/05/2025,09:23:00,24740,24743.5,75,24749,75,0,203775
NIFTY-III.NFO,05/05/2025,09:23:01,24740,24743.1,75,24749,75,0,203775
NIFTY-III.NFO,05/05/2025,09:23:03,24740,24744.2,75,24749,75,0,203775
NIFTY-III.NFO,05/05/2025,09:23:05,24740,24739.6,75,24748.9,225,0,203775
NIFTY-III.NFO,05/05/2025,09:23:06,24740,24740.7,75,24748.9,225,0,203775
NIFTY-III.NFO,05/05/2025,09:23:08,24740,24738.7,75,24748.9,225,0,203775
NIFTY-III.NFO,05/05/2025,09:23:10,24740,24736.1,300,24740,150,0,203775
NIFTY-III.NFO,05/05/2025,09:23:11,24740,24732.3,75,24740,150,0,203775
NIFTY-III.NFO,05/05/2025,09:23:13,24740,24732.4,300,24739.9,225,0,203775
NIFTY-III.NFO,05/05/2025,09:23:15,24740,24730.5,225,24739.9,225,0,203775
NIFTY-III.NFO,05/05/2025,09:23:16,24730.5,24728.2,75,24739.9,225,75,203775
NIFTY-III.NFO,05/05/2025,09:23:18,24730.5,24729.8,75,24739.9,225,0,203775
NIFTY-III.NFO,05/05/2025,09:23:20,24730.5,24724.7,150,24730,150,0,203775
NIFTY-III.NFO,05/05/2025,09:23:21,24730.5,24724.9,150,24730,150,0,203775
NIFTY-III.NFO,05/05/2025,09:23:23,24730.5,24723.6,225,24730,150,0,203775
NIFTY-III.NFO,05/05/2025,09:23:24,24730.5,24726.8,375,24730,150,0,203775
NIFTY-III.NFO,05/05/2025,09:23:26,24730.5,24727.7,150,24730,150,0,203775
NIFTY-III.NFO,05/05/2025,09:23:29,24728.7,24729.1,75,24738.3,150,150,203775
NIFTY-III.NFO,05/05/2025,09:23:31,24728.7,24727.7,225,24738.3,150,0,203775
NIFTY-III.NFO,05/05/2025,09:23:33,24728.7,24730.9,675,24740.1,150,0,203775
NIFTY-III.NFO,05/05/2025,09:23:34,24728.7,24731.9,75,24742,150,0,203775
NIFTY-III.NFO,05/05/2025,09:23:36,24732.4,24734.7,150,24743.8,150,300,203775
NIFTY-III.NFO,05/05/2025,09:23:38,24732.4,24732.2,150,24743.6,225,0,203775
NIFTY-III.NFO,05/05/2025,09:23:39,24732.4,24728.2,150,24740.1,150,0,203775
NIFTY-III.NFO,05/05/2025,09:23:41,24732.4,24726.9,150,24740.1,150,0,203775
NIFTY-III.NFO,05/05/2025,09:23:43,24732.4,24725.8,150,24738.2,150,0,203775
NIFTY-III.NFO,05/05/2025,09:23:44,24732.4,24725.8,150,24737.3,150,0,203775
NIFTY-III.NFO,05/05/2025,09:23:46,24732.4,24724.7,150,24737.3,150,0,203775
NIFTY-III.NFO,05/05/2025,09:23:48,24732.4,24730.5,75,24740.1,150,0,203775
NIFTY-III.NFO,05/05/2025,09:23:49,24732.4,24724.7,150,24742.5,150,0,203775
NIFTY-III.NFO,05/05/2025,09:23:51,24732.4,24727.8,150,24739.4,225,0,203775
NIFTY-III.NFO,05/05/2025,09:23:53,24732.4,24727.8,150,24739.2,150,0,203775
NIFTY-III.NFO,05/05/2025,09:23:54,24726.3,24727.2,75,24739.3,150,825,203775
NIFTY-III.NFO,05/05/2025,09:23:56,24726.3,24727.8,75,24739.3,150,0,203775
NIFTY-III.NFO,05/05/2025,09:23:58,24726.3,24728,75,24732.4,75,0,203775
NIFTY-III.NFO,05/05/2025,09:23:59,24726.3,24724.9,75,24732.4,150,0,203775
NIFTY-III.NFO,05/05/2025,09:24:01,24726.3,24724.8,75,24732.4,150,0,203775
NIFTY-III.NFO,05/05/2025,09:24:03,24726.3,24724.9,75,24732.4,150,0,203775
NIFTY-III.NFO,05/05/2025,09:24:04,24726.3,24726,75,24732.4,75,0,203775
NIFTY-III.NFO,05/05/2025,09:24:06,24726.3,24727.3,75,24732.4,75,0,203775
NIFTY-III.NFO,05/05/2025,09:24:08,24726.3,24730.6,75,24732.4,75,0,203775
NIFTY-III.NFO,05/05/2025,09:24:09,24726.3,24726.4,75,24732.4,75,0,203775
NIFTY-III.NFO,05/05/2025,09:24:11,24726.3,24730.9,75,24732.4,75,0,203775
NIFTY-III.NFO,05/05/2025,09:24:13,24726.3,24727.8,75,24732.4,75,0,203775
NIFTY-III.NFO,05/05/2025,09:24:14,24726.3,24724.8,150,24732.4,150,0,203775
NIFTY-III.NFO,05/05/2025,09:24:16,24726.3,24723.1,75,24732.3,150,0,203775
NIFTY-III.NFO,05/05/2025,09:24:18,24726.3,24721.4,75,24723.4,750,0,203775
NIFTY-III.NFO,05/05/2025,09:24:19,24726.3,24718.9,75,24723.4,750,0,203775
NIFTY-III.NFO,05/05/2025,09:24:21,24726.3,24719.2,75,24723.4,750,0,203775
NIFTY-III.NFO,05/05/2025,09:24:23,24726.3,24720.3,75,24723.4,750,0,203775
NIFTY-III.NFO,05/05/2025,09:24:24,24723.4,24725.1,75,24726.3,75,750,202425
NIFTY-III.NFO,05/05/2025,09:24:26,24726.3,24727.7,75,24732.4,75,150,202425
NIFTY-III.NFO,05/05/2025,09:24:28,24726.3,24728.6,75,24732.4,75,0,202425
NIFTY-III.NFO,05/05/2025,09:24:29,24728.6,24730.1,75,24732.4,75,75,202425
NIFTY-III.NFO,05/05/2025,09:24:31,24732.4,24733.1,75,24742.7,150,75,202425
NIFTY-III.NFO,05/05/2025,09:24:33,24732.4,24735.3,75,24744,150,0,202425
NIFTY-III.NFO,05/05/2025,09:24:34,24732.4,24735.6,75,24743.9,225,0,202425
NIFTY-III.NFO,05/05/2025,09:24:36,24732.4,24737,75,24744,75,0,202425
NIFTY-III.NFO,05/05/2025,09:24:38,24732.4,24735.9,75,24744,75,0,202425
NIFTY-III.NFO,05/05/2025,09:24:39,24732.4,24736.4,150,24744,75,0,202425
NIFTY-III.NFO,05/05/2025,09:24:41,24732.4,24738.3,150,24744,75,0,202425
NIFTY-III.NFO,05/05/2025,09:24:43,24732.4,24738.5,75,24744,75,0,202425
NIFTY-III.NFO,05/05/2025,09:24:44,24732.4,24738.8,75,24744,75,0,202425
NIFTY-III.NFO,05/05/2025,09:24:46,24732.4,24740.5,75,24744,75,0,202425
NIFTY-III.NFO,05/05/2025,09:24:48,24744,24744.6,75,24749,150,75,202425
NIFTY-III.NFO,05/05/2025,09:24:49,24744,24742.7,150,24749,150,0,202425
NIFTY-III.NFO,05/05/2025,09:24:51,24744,24745,900,24749,150,0,202425
NIFTY-III.NFO,05/05/2025,09:24:56,24745,24743.1,225,24749,150,900,202425
NIFTY-III.NFO,05/05/2025,09:24:58,24745,24742.2,225,24749,150,0,202425
NIFTY-III.NFO,05/05/2025,09:24:59,24745,24741.5,150,24748.9,225,0,202425
NIFTY-III.NFO,05/05/2025,09:25:01,24745,24740.5,150,24748.9,225,0,202425
NIFTY-III.NFO,05/05/2025,09:25:03,24745,24742,75,24749,150,0,202425
NIFTY-III.NFO,05/05/2025,09:25:05,24745,24742,75,24748.9,150,0,202425
NIFTY-III.NFO,05/05/2025,09:25:06,24745,24741.4,375,24748.9,225,0,202425
NIFTY-III.NFO,05/05/2025,09:25:08,24745,24741.4,75,24745,75,0,202425
NIFTY-III.NFO,05/05/2025,09:25:10,24745,24743.9,75,24745,75,0,202425
NIFTY-III.NFO,05/05/2025,09:25:11,24745,24739.4,75,24745,75,0,202425
NIFTY-III.NFO,05/05/2025,09:25:13,24745,24743.1,75,24745,75,0,202425
NIFTY-III.NFO,05/05/2025,09:25:16,24745,24744,375,24745,75,0,202425
NIFTY-III.NFO,05/05/2025,09:25:18,24745,24740.3,75,24745,225,0,202425
NIFTY-III.NFO,05/05/2025,09:25:19,24745,24739,75,24745,225,0,202425
NIFTY-III.NFO,05/05/2025,09:25:21,24745,24740.2,75,24745,225,0,202425
NIFTY-III.NFO,05/05/2025,09:25:23,24745,24735.1,150,24744.9,225,0,202425
NIFTY-III.NFO,05/05/2025,09:25:24,24744.9,24734.7,150,24744.9,150,75,202425
NIFTY-III.NFO,05/05/2025,09:25:26,24744.9,24735.4,75,24744.9,150,0,202425
NIFTY-III.NFO,05/05/2025,09:25:28,24744.9,24731.9,75,24743.8,75,0,202425
NIFTY-III.NFO,05/05/2025,09:25:29,24744.9,24734.6,75,24743.8,75,0,202425
NIFTY-III.NFO,05/05/2025,09:25:31,24744.9,24730.6,75,24743.8,75,0,202425
NIFTY-III.NFO,05/05/2025,09:25:33,24744.9,24729.9,75,24740.7,75,0,202425
NIFTY-III.NFO,05/05/2025,09:25:34,24744.9,24729.3,75,24739.7,75,0,202425
NIFTY-III.NFO,05/05/2025,09:25:36,24744.9,24728.2,75,24738.9,75,0,202425
NIFTY-III.NFO,05/05/2025,09:25:39,24744.9,24726,75,24736.8,75,0,202425
NIFTY-III.NFO,05/05/2025,09:25:41,24744.9,24730,75,24738.9,75,0,202425
NIFTY-III.NFO,05/05/2025,09:25:43,24744.9,24731.2,75,24739.9,150,0,202425
NIFTY-III.NFO,05/05/2025,09:25:44,24744.9,24732.8,75,24743.8,150,0,202425
NIFTY-III.NFO,05/05/2025,09:25:46,24744.9,24731.5,75,24742.3,150,0,202425
NIFTY-III.NFO,05/05/2025,09:25:49,24744.9,24727.6,75,24741.1,150,0,202425
NIFTY-III.NFO,05/05/2025,09:25:51,24744.9,24726.2,75,24737.1,150,0,202425
NIFTY-III.NFO,05/05/2025,09:25:53,24744.9,24728.5,75,24739.5,150,0,202425
NIFTY-III.NFO,05/05/2025,09:25:54,24744.9,24729.9,75,24741.1,150,0,202425
NIFTY-III.NFO,05/05/2025,09:25:56,24744.9,24730.5,75,24741.1,150,0,202425
NIFTY-III.NFO,05/05/2025,09:25:58,24744.9,24730,75,24740,150,0,202425
NIFTY-III.NFO,05/05/2025,09:25:59,24744.9,24733.9,75,24743.8,150,0,202425
NIFTY-III.NFO,05/05/2025,09:26:01,24744.9,24737.2,150,24745,225,0,202425
NIFTY-III.NFO,05/05/2025,09:26:03,24744.9,24739.1,75,24745,225,0,202425
NIFTY-III.NFO,05/05/2025,09:26:04,24744.9,24740.7,75,24745,225,0,202425
NIFTY-III.NFO,05/05/2025,09:26:06,24744.9,24742.8,75,24745,225,0,202425
NIFTY-III.NFO,05/05/2025,09:26:08,24744.9,24742.7,75,24745,225,0,202425
NIFTY-III.NFO,05/05/2025,09:26:09,24744.9,24742.2,75,24745,225,0,202425
NIFTY-III.NFO,05/05/2025,09:26:11,24744.9,24742.5,150,24745,225,0,202425
NIFTY-III.NFO,05/05/2025,09:26:13,24744.9,24741,75,24745,225,0,202425
NIFTY-III.NFO,05/05/2025,09:26:14,24742.1,24742.8,75,24745,225,75,202425
NIFTY-III.NFO,05/05/2025,09:26:16,24742.1,24741.8,75,24745,225,0,202425
NIFTY-III.NFO,05/05/2025,09:26:18,24742.1,24743.7,375,24745,225,0,202425
NIFTY-III.NFO,05/05/2025,09:26:19,24742.1,24740.6,75,24745,225,0,202425
NIFTY-III.NFO,05/05/2025,09:26:21,24742.1,24741.4,150,24745,225,0,202425
NIFTY-III.NFO,05/05/2025,09:26:23,24745,24735.3,375,24744.9,225,75,202425
NIFTY-III.NFO,05/05/2025,09:26:24,24745,24737.6,75,24747.3,150,0,202425
NIFTY-III.NFO,05/05/2025,09:26:26,24745,24739.1,75,24747.3,150,0,202425
NIFTY-III.NFO,05/05/2025,09:26:28,24745,24740.7,75,24748,150,0,202425
NIFTY-III.NFO,05/05/2025,09:26:29,24745,24742.5,375,24748,150,0,202425
NIFTY-III.NFO,05/05/2025,09:26:31,24745,24744.9,375,24748,150,0,202425
NIFTY-III.NFO,05/05/2025,09:26:33,24745,24745.9,75,24748,150,0,202425
NIFTY-III.NFO,05/05/2025,09:26:34,24748,24748.2,375,24749,150,150,202425
NIFTY-III.NFO,05/05/2025,09:26:36,24755,24756.5,75,24759,75,1050,202425
NIFTY-III.NFO,05/05/2025,09:26:38,24760,24757.7,375,24762,75,150,202425
NIFTY-III.NFO,05/05/2025,09:26:39,24760,24757.9,75,24762,75,0,202425
NIFTY-III.NFO,05/05/2025,09:26:43,24760,24755.9,75,24762,75,0,202425
NIFTY-III.NFO,05/05/2025,09:26:44,24760,24758.1,375,24762,75,0,202425
NIFTY-III.NFO,05/05/2025,09:26:46,24760,24757.2,75,24762,75,0,202425
NIFTY-III.NFO,05/05/2025,09:26:48,24760,24760,75,24762,75,0,202425
NIFTY-III.NFO,05/05/2025,09:26:49,24760,24760,75,24764.9,225,0,202425
NIFTY-III.NFO,05/05/2025,09:26:51,24760,24760,75,24765,75,0,202425
NIFTY-III.NFO,05/05/2025,09:26:53,24761.2,24760.1,75,24765,75,75,202425
NIFTY-III.NFO,05/05/2025,09:26:54,24761.2,24760,75,24764.9,225,0,202425
NIFTY-III.NFO,05/05/2025,09:26:56,24761.2,24760.3,75,24765,75,0,202425
NIFTY-III.NFO,05/05/2025,09:26:58,24761.2,24760,75,24764.9,225,0,202425
NIFTY-III.NFO,05/05/2025,09:26:59,24761.2,24760,75,24765,75,0,202425
NIFTY-III.NFO,05/05/2025,09:27:01,24761.2,24761.5,375,24765,75,0,202425
NIFTY-III.NFO,05/05/2025,09:27:03,24770,24770.8,75,24772,75,375,202425
NIFTY-III.NFO,05/05/2025,09:27:03,24770,24770.8,75,24772,75,0,202425
NIFTY-III.NFO,05/05/2025,09:27:04,24770,24767.5,150,24772,75,0,202425
NIFTY-III.NFO,05/05/2025,09:27:06,24772,24769.8,300,24775,225,75,202425
NIFTY-III.NFO,05/05/2025,09:27:06,24772,24769.8,300,24775,225,0,202425
NIFTY-III.NFO,05/05/2025,09:27:08,24775,24772.6,150,24775,150,75,202425
NIFTY-III.NFO,05/05/2025,09:27:08,24775,24772.6,150,24775,150,0,202425
NIFTY-III.NFO,05/05/2025,09:27:09,24775,24777.2,75,24778,75,150,202425
NIFTY-III.NFO,05/05/2025,09:27:11,24778,24775,75,24780,75,75,202425
NIFTY-III.NFO,05/05/2025,09:27:11,24778,24775,75,24780,75,0,202425
NIFTY-III.NFO,05/05/2025,09:27:13,24778,24772,225,24779.9,150,0,202425
NIFTY-III.NFO,05/05/2025,09:27:16,24778,24774.1,75,24780,150,0,202425
NIFTY-III.NFO,05/05/2025,09:27:18,24778,24774.5,75,24780,150,0,202425
NIFTY-III.NFO,05/05/2025,09:27:20,24778,24772.1,75,24780,150,0,202425
NIFTY-III.NFO,05/05/2025,09:27:21,24778,24775.6,75,24784.7,75,0,202425
NIFTY-III.NFO,05/05/2025,09:27:23,24778,24775,75,24784.6,150,0,202425
NIFTY-III.NFO,05/05/2025,09:27:24,24778,24775,75,24778,75,0,202425
NIFTY-III.NFO,05/05/2025,09:27:26,24778,24776.4,150,24778,75,0,202425
NIFTY-III.NFO,05/05/2025,09:27:29,24778,24778.5,75,24787.9,150,75,202350
NIFTY-III.NFO,05/05/2025,09:27:31,24778,24775.8,150,24787.9,150,0,202350
NIFTY-III.NFO,05/05/2025,09:27:33,24778,24775,75,24787.3,150,0,202350
NIFTY-III.NFO,05/05/2025,09:27:34,24778,24775,75,24779.9,150,0,202350
NIFTY-III.NFO,05/05/2025,09:27:36,24775,24772,225,24779.9,150,75,202350
NIFTY-III.NFO,05/05/2025,09:27:38,24775,24772,225,24779.4,150,0,202350
NIFTY-III.NFO,05/05/2025,09:27:39,24775,24772,225,24779.4,525,0,202350
NIFTY-III.NFO,05/05/2025,09:27:41,24772,24765,150,24775.5,150,225,202350
NIFTY-III.NFO,05/05/2025,09:27:43,24772,24765,150,24775.5,150,0,202350
NIFTY-III.NFO,05/05/2025,09:27:44,24772,24765.9,150,24775.5,150,0,202350
NIFTY-III.NFO,05/05/2025,09:27:46,24772,24767,150,24775.5,150,0,202350
NIFTY-III.NFO,05/05/2025,09:27:48,24772,24770.8,75,24772,375,75,202350
NIFTY-III.NFO,05/05/2025,09:27:49,24772,24770.8,75,24772,375,0,202350
NIFTY-III.NFO,05/05/2025,09:27:51,24772,24771.7,225,24772,375,0,202350
NIFTY-III.NFO,05/05/2025,09:27:53,24772,24771.1,75,24772,225,150,202350
NIFTY-III.NFO,05/05/2025,09:27:54,24772,24771,225,24775,75,225,202350
NIFTY-III.NFO,05/05/2025,09:27:56,24772,24771.4,75,24775,75,0,202350
NIFTY-III.NFO,05/05/2025,09:27:58,24772,24769.3,150,24775,75,0,202350
NIFTY-III.NFO,05/05/2025,09:27:59,24772,24771.8,75,24775,75,0,202350
NIFTY-III.NFO,05/05/2025,09:28:01,24772,24770.9,75,24775,75,0,202350
NIFTY-III.NFO,05/05/2025,09:28:03,24772,24770,75,24774.9,225,0,202350
NIFTY-III.NFO,05/05/2025,09:28:06,24772,24770,75,24774.1,150,0,202350
NIFTY-III.NFO,05/05/2025,09:28:08,24772,24770,75,24772.9,150,0,202350
NIFTY-III.NFO,05/05/2025,09:28:09,24770,24761.1,300,24771.3,150,75,202350
NIFTY-III.NFO,05/05/2025,09:28:11,24770,24762.6,75,24772.4,150,0,202350
NIFTY-III.NFO,05/05/2025,09:28:13,24770,24761.1,75,24772.4,150,0,202350
NIFTY-III.NFO,05/05/2025,09:28:14,24770,24760.9,150,24772,150,0,202350
NIFTY-III.NFO,05/05/2025,09:28:16,24770,24760,75,24769.5,150,0,202350
NIFTY-III.NFO,05/05/2025,09:28:18,24770,24760,75,24765.9,150,0,202350
NIFTY-III.NFO,05/05/2025,09:28:26,24760,24751.7,75,24764.3,150,75,202350
NIFTY-III.NFO,05/05/2025,09:28:28,24760,24751.4,75,24762.9,150,0,202350
NIFTY-III.NFO,05/05/2025,09:28:30,24760,24752.6,75,24762.9,150,0,202350
NIFTY-III.NFO,05/05/2025,09:28:31,24760,24750,75,24756.8,150,0,202350
NIFTY-III.NFO,05/05/2025,09:28:33,24760,24750,75,24753.9,150,0,202350
NIFTY-III.NFO,05/05/2025,09:28:35,24760,24750,75,24753.7,225,0,202350
NIFTY-III.NFO,05/05/2025,09:28:36,24760,24750,75,24753.6,150,0,202350
NIFTY-III.NFO,05/05/2025,09:28:38,24750,24742.7,300,24753,150,75,202350
NIFTY-III.NFO,05/05/2025,09:28:40,24750,24742.7,75,24753,150,0,202350
NIFTY-III.NFO,05/05/2025,09:28:41,24750,24747.9,300,24756.8,150,0,202350
NIFTY-III.NFO,05/05/2025,09:28:43,24750,24747.6,75,24756.8,150,0,202350
NIFTY-III.NFO,05/05/2025,09:28:45,24750,24748.8,150,24758.8,150,0,202350
NIFTY-III.NFO,05/05/2025,09:28:46,24750,24748.8,75,24759.6,150,0,202350
NIFTY-III.NFO,05/05/2025,09:28:48,24750,24749.7,75,24761.8,150,0,202350
NIFTY-III.NFO,05/05/2025,09:28:50,24750,24749.7,75,24760,225,0,202350
NIFTY-III.NFO,05/05/2025,09:28:53,24750,24749.7,75,24759.9,150,0,202350
NIFTY-III.NFO,05/05/2025,09:28:56,24750,24748.2,75,24759.9,150,0,202350
NIFTY-III.NFO,05/05/2025,09:28:58,24750,24744.1,75,24755.8,150,0,202350
NIFTY-III.NFO,05/05/2025,09:29:00,24750,24745.7,300,24755.9,75,0,202350
NIFTY-III.NFO,05/05/2025,09:29:01,24750,24748.7,75,24759.2,150,0,202350
NIFTY-III.NFO,05/05/2025,09:29:05,24750,24751.8,225,24760,150,0,202350
NIFTY-III.NFO,05/05/2025,09:29:06,24750,24751.8,75,24760,225,0,202350
NIFTY-III.NFO,05/05/2025,09:29:08,24750,24752.8,75,24760,150,0,202350
NIFTY-III.NFO,05/05/2025,09:29:10,24750,24751.3,150,24760,225,0,202350
NIFTY-III.NFO,05/05/2025,09:29:11,24750,24752.4,150,24760,150,0,202350
NIFTY-III.NFO,05/05/2025,09:29:13,24750,24753.6,150,24760,150,0,202350
NIFTY-III.NFO,05/05/2025,09:29:16,24750,24751.4,150,24760,225,0,202350
NIFTY-III.NFO,05/05/2025,09:29:18,24750,24747.8,150,24759.9,150,0,202350
NIFTY-III.NFO,05/05/2025,09:29:20,24750,24747,75,24758.3,225,0,202350
NIFTY-III.NFO,05/05/2025,09:29:21,24750,24745.7,75,24756.9,150,0,202350
NIFTY-III.NFO,05/05/2025,09:29:23,24750,24746.6,300,24756.9,150,0,202350
NIFTY-III.NFO,05/05/2025,09:29:24,24750,24748.5,75,24758.3,150,0,202350
NIFTY-III.NFO,05/05/2025,09:29:26,24750,24746.6,75,24758,150,0,202350
NIFTY-III.NFO,05/05/2025,09:29:28,24750,24744.1,75,24757.2,150,0,202350
NIFTY-III.NFO,05/05/2025,09:29:30,24750,24744.1,150,24756.4,150,0,202350
NIFTY-III.NFO,05/05/2025,09:29:31,24750,24749.4,225,24759.4,150,0,202350
NIFTY-III.NFO,05/05/2025,09:29:33,24750,24752.3,75,24760,150,0,202350
NIFTY-III.NFO,05/05/2025,09:29:35,24750,24752.7,75,24760,150,0,202350
NIFTY-III.NFO,05/05/2025,09:29:36,24750,24752.1,75,24760,225,0,202350
NIFTY-III.NFO,05/05/2025,09:29:38,24750,24750.1,75,24759.9,150,0,202350
NIFTY-III.NFO,05/05/2025,09:29:40,24750,24746.9,75,24759.9,150,0,202350
NIFTY-III.NFO,05/05/2025,09:29:41,24750,24750.3,75,24759.9,150,0,202350
NIFTY-III.NFO,05/05/2025,09:29:43,24750,24750.6,75,24759.9,150,0,202350
NIFTY-III.NFO,05/05/2025,09:29:45,24750,24750,150,24759.9,150,0,202350
NIFTY-III.NFO,05/05/2025,09:29:46,24750,24751.2,300,24760,300,0,202350
NIFTY-III.NFO,05/05/2025,09:29:48,24750,24752.8,75,24760,225,0,202350
NIFTY-III.NFO,05/05/2025,09:29:50,24750,24750,150,24755,75,0,202350
NIFTY-III.NFO,05/05/2025,09:29:51,24750,24750,75,24755,75,0,202350
NIFTY-III.NFO,05/05/2025,09:29:53,24750,24750,75,24754.9,225,0,202350
NIFTY-III.NFO,05/05/2025,09:29:56,24750,24750,75,24754.8,150,0,202350
NIFTY-III.NFO,05/05/2025,09:29:58,24750,24740.5,150,24752.1,150,75,202350
NIFTY-III.NFO,05/05/2025,09:30:00,24750,24738.8,150,24749.8,150,0,202350
NIFTY-III.NFO,05/05/2025,09:30:01,24750,24740,375,24750.1,150,0,202350
NIFTY-III.NFO,05/05/2025,09:30:03,24750,24737.2,225,24748.9,225,0,202350
NIFTY-III.NFO,05/05/2025,09:30:05,24750,24727.6,75,24738.7,150,0,202350
NIFTY-III.NFO,05/05/2025,09:30:06,24750,24730.9,300,24741,150,0,202350
NIFTY-III.NFO,05/05/2025,09:30:08,24750,24730.1,75,24739.7,150,0,202350
NIFTY-III.NFO,05/05/2025,09:30:10,24750,24728.8,300,24738.4,150,0,202350
NIFTY-III.NFO,05/05/2025,09:30:11,24750,24730.2,75,24740.5,150,0,202350
NIFTY-III.NFO,05/05/2025,09:30:13,24750,24734.9,300,24744.3,150,0,202350
NIFTY-III.NFO,05/05/2025,09:30:15,24750,24736,300,24744.6,150,0,202350
NIFTY-III.NFO,05/05/2025,09:30:16,24750,24739.4,375,24745.6,75,0,202350
NIFTY-III.NFO,05/05/2025,09:30:18,24750,24740.6,225,24745.6,75,0,202350
NIFTY-III.NFO,05/05/2025,09:30:20,24750,24740,300,24749.7,150,0,202350
NIFTY-III.NFO,05/05/2025,09:30:21,24740,24739.7,150,24749.7,150,75,201675
NIFTY-III.NFO,05/05/2025,09:30:23,24750,24745.4,300,24755,75,150,201675
NIFTY-III.NFO,05/05/2025,09:30:25,24750,24745.1,75,24754.9,225,0,201675
NIFTY-III.NFO,05/05/2025,09:30:26,24750,24742.7,75,24748,75,0,201675
NIFTY-III.NFO,05/05/2025,09:30:28,24750,24739.8,75,24748,150,0,201675
NIFTY-III.NFO,05/05/2025,09:30:30,24736.8,24736.6,225,24747.9,225,225,201675
NIFTY-III.NFO,05/05/2025,09:30:31,24736.8,24732.7,225,24744.6,150,0,201675
NIFTY-III.NFO,05/05/2025,09:30:33,24736.8,24736.8,75,24747,150,0,201675
NIFTY-III.NFO,05/05/2025,09:30:35,24736.8,24736.2,75,24746.7,150,0,201675
NIFTY-III.NFO,05/05/2025,09:30:36,24736.8,24736.4,75,24746.7,150,0,201675
NIFTY-III.NFO,05/05/2025,09:30:38,24736.8,24732.1,75,24743.5,150,0,201675
NIFTY-III.NFO,05/05/2025,09:30:40,24736.8,24735,225,24745.2,150,0,201675
NIFTY-III.NFO,05/05/2025,09:30:41,24736.8,24739.2,225,24745,75,0,201675
NIFTY-III.NFO,05/05/2025,09:30:43,24745,24744.5,225,24754.5,75,75,201675
NIFTY-III.NFO,05/05/2025,09:30:45,24745,24745.1,300,24750,75,0,201675
NIFTY-III.NFO,05/05/2025,09:30:46,24745,24744.6,225,24750,75,0,201675
NIFTY-III.NFO,05/05/2025,09:30:48,24745,24748.8,225,24750,75,0,201675
NIFTY-III.NFO,05/05/2025,09:30:50,24750,24751.9,150,24755,75,75,201675
NIFTY-III.NFO,05/05/2025,09:30:51,24750,24751.2,150,24755,75,0,201675
NIFTY-III.NFO,05/05/2025,09:30:53,24750,24751.3,150,24755,75,0,201675
NIFTY-III.NFO,05/05/2025,09:30:55,24750,24750.3,150,24755,75,0,201675
NIFTY-III.NFO,05/05/2025,09:30:56,24750,24749.4,150,24759.4,150,0,201675
NIFTY-III.NFO,05/05/2025,09:30:58,24750,24748.5,75,24759.4,150,0,201675
NIFTY-III.NFO,05/05/2025,09:31:00,24750,24748.4,75,24750,75,0,201675
NIFTY-III.NFO,05/05/2025,09:31:01,24750,24746.6,75,24757,150,75,201675
NIFTY-III.NFO,05/05/2025,09:31:03,24750,24744.1,75,24755.1,150,0,201675
NIFTY-III.NFO,05/05/2025,09:31:05,24750,24745,150,24756.4,150,0,201675
NIFTY-III.NFO,05/05/2025,09:31:06,24746.6,24747.7,150,24756.4,150,75,201675
NIFTY-III.NFO,05/05/2025,09:31:08,24746.6,24753.4,150,24760,225,0,201675
NIFTY-III.NFO,05/05/2025,09:31:10,24746.6,24750.2,150,24759.6,150,0,201675
NIFTY-III.NFO,05/05/2025,09:31:11,24760,24753.5,150,24760,150,75,201675
NIFTY-III.NFO,05/05/2025,09:31:13,24760,24754.7,75,24760,150,0,201675
NIFTY-III.NFO,05/05/2025,09:31:15,24760,24754.2,75,24760,225,0,201675
NIFTY-III.NFO,05/05/2025,09:31:16,24760,24752.8,75,24760,300,0,201675
NIFTY-III.NFO,05/05/2025,09:31:18,24760,24750.5,150,24759.9,150,0,201675
NIFTY-III.NFO,05/05/2025,09:31:20,24759.9,24747.1,150,24758.5,600,75,201675
NIFTY-III.NFO,05/05/2025,09:31:21,24759.9,24744.4,75,24755.3,150,0,201675
NIFTY-III.NFO,05/05/2025,09:31:23,24759.9,24746.4,75,24757.8,150,0,201675
NIFTY-III.NFO,05/05/2025,09:31:24,24759.9,24746.6,75,24756.5,225,0,201675
NIFTY-III.NFO,05/05/2025,09:31:26,24759.9,24745.6,75,24756.5,225,0,201675
NIFTY-III.NFO,05/05/2025,09:31:28,24759.9,24747.1,75,24756.5,225,0,201675
NIFTY-III.NFO,05/05/2025,09:31:29,24759.9,24746.9,75,24757.1,150,0,201675
NIFTY-III.NFO,05/05/2025,09:31:31,24759.9,24750.6,75,24759.2,150,0,201675
NIFTY-III.NFO,05/05/2025,09:31:33,24759.9,24751.5,75,24759.9,225,0,201675
NIFTY-III.NFO,05/05/2025,09:31:34,24747.4,24747.7,75,24759.2,150,75,201675
NIFTY-III.NFO,05/05/2025,09:31:36,24747.4,24747.7,75,24758.9,150,0,201675
NIFTY-III.NFO,05/05/2025,09:31:38,24747.4,24744.1,150,24756.1,150,0,201675
NIFTY-III.NFO,05/05/2025,09:31:40,24747.4,24739.1,225,24750.2,150,0,201675
NIFTY-III.NFO,05/05/2025,09:31:41,24747.4,24738.5,75,24749.3,150,0,201675
NIFTY-III.NFO,05/05/2025,09:31:43,24747.4,24737.6,75,24747.9,150,0,201675
NIFTY-III.NFO,05/05/2025,09:31:45,24747.4,24736.7,75,24747.9,150,0,201675
NIFTY-III.NFO,05/05/2025,09:31:46,24747,24736,150,24745.7,150,150,201675
NIFTY-III.NFO,05/05/2025,09:31:48,24747,24737.1,150,24747,150,0,201675
NIFTY-III.NFO,05/05/2025,09:31:50,24747,24734.7,75,24745.6,150,0,201675
NIFTY-III.NFO,05/05/2025,09:31:51,24747,24734.9,300,24745.6,150,0,201675
NIFTY-III.NFO,05/05/2025,09:31:53,24747,24732.5,150,24741.5,150,0,201675
NIFTY-III.NFO,05/05/2025,09:31:55,24747,24732,150,24742.6,150,0,201675
NIFTY-III.NFO,05/05/2025,09:31:56,24747,24735.4,75,24745.3,150,0,201675
NIFTY-III.NFO,05/05/2025,09:31:58,24747,24735.1,75,24745.3,150,0,201675
NIFTY-III.NFO,05/05/2025,09:32:00,24747,24735.4,75,24745.6,150,0,201675
NIFTY-III.NFO,05/05/2025,09:32:01,24747,24735.1,150,24745.5,225,0,201675
NIFTY-III.NFO,05/05/2025,09:32:03,24747,24734,150,24745,150,0,201675
NIFTY-III.NFO,05/05/2025,09:32:05,24747,24735.4,150,24747,150,0,201675
NIFTY-III.NFO,05/05/2025,09:32:06,24747,24734.1,150,24744.6,150,0,201675
NIFTY-III.NFO,05/05/2025,09:32:08,24747,24736.1,150,24747,150,0,201675
NIFTY-III.NFO,05/05/2025,09:32:10,24747,24736.6,150,24746.9,150,0,201675
NIFTY-III.NFO,05/05/2025,09:32:11,24747,24738.3,150,24747,150,0,201675
NIFTY-III.NFO,05/05/2025,09:32:13,24747,24738,150,24746.9,150,0,201675
NIFTY-III.NFO,05/05/2025,09:32:15,24747,24738.1,150,24747,150,0,201675
NIFTY-III.NFO,05/05/2025,09:32:16,24747,24741.7,150,24747,75,0,201675
NIFTY-III.NFO,05/05/2025,09:32:18,24747,24739,150,24747,150,0,201675
NIFTY-III.NFO,05/05/2025,09:32:20,24747,24738.9,150,24747,75,0,201675
NIFTY-III.NFO,05/05/2025,09:32:21,24747,24738.4,150,24747,150,0,201675
NIFTY-III.NFO,05/05/2025,09:32:23,24747,24737,150,24746.9,150,0,201675
NIFTY-III.NFO,05/05/2025,09:32:26,24747,24735.5,75,24745,225,0,201675
NIFTY-III.NFO,05/05/2025,09:32:28,24747,24735.5,75,24743.3,150,0,201675
NIFTY-III.NFO,05/05/2025,09:32:30,24747,24738.1,225,24746.9,150,0,201675
NIFTY-III.NFO,05/05/2025,09:32:31,24739.9,24741.8,75,24747,75,75,201675
NIFTY-III.NFO,05/05/2025,09:32:33,24739.9,24742.9,75,24747,75,0,201675
NIFTY-III.NFO,05/05/2025,09:32:35,24739.9,24742.6,75,24747,75,0,201675
NIFTY-III.NFO,05/05/2025,09:32:36,24739.9,24740,75,24747,75,0,201675
NIFTY-III.NFO,05/05/2025,09:32:40,24739.9,24739.1,75,24748.8,75,75,201675
NIFTY-III.NFO,05/05/2025,09:32:41,24739.9,24738.6,75,24749.9,150,0,201675
NIFTY-III.NFO,05/05/2025,09:32:43,24739.9,24738.9,75,24748.2,150,0,201675
NIFTY-III.NFO,05/05/2025,09:32:45,24739.9,24735.9,75,24746.6,150,0,201675
NIFTY-III.NFO,05/05/2025,09:32:46,24739.9,24735.5,75,24742.3,525,0,201675
NIFTY-III.NFO,05/05/2025,09:32:48,24739.9,24735.5,75,24742,150,0,201675
NIFTY-III.NFO,05/05/2025,09:32:50,24739.9,24735.5,75,24741.2,225,0,201675
NIFTY-III.NFO,05/05/2025,09:32:53,24735.5,24730,75,24735.3,150,75,201675
NIFTY-III.NFO,05/05/2025,09:32:55,24735.5,24730,75,24737.3,150,0,201675
NIFTY-III.NFO,05/05/2025,09:32:58,24735.5,24730,75,24734.7,150,0,201675
NIFTY-III.NFO,05/05/2025,09:33:00,24725,24720,75,24725.3,150,225,201675
NIFTY-III.NFO,05/05/2025,09:33:01,24720,24715,225,24722.5,150,75,201675
NIFTY-III.NFO,05/05/2025,09:33:03,24720,24715,225,24722.9,150,0,201675
NIFTY-III.NFO,05/05/2025,09:33:05,24720,24715,225,24724,150,0,201675
NIFTY-III.NFO,05/05/2025,09:33:06,24720,24715.1,75,24724.7,150,0,201675
NIFTY-III.NFO,05/05/2025,09:33:08,24720,24715,225,24722.1,150,0,201675
NIFTY-III.NFO,05/05/2025,09:33:10,24720,24715,225,24722.4,150,0,201675
NIFTY-III.NFO,05/05/2025,09:33:11,24720,24715,225,24721.4,150,0,201675
NIFTY-III.NFO,05/05/2025,09:33:13,24720,24715,225,24722.5,150,0,201675
NIFTY-III.NFO,05/05/2025,09:33:15,24720,24715.1,75,24720,75,0,201675
NIFTY-III.NFO,05/05/2025,09:33:18,24720,24715.1,225,24720,75,0,201675
NIFTY-III.NFO,05/05/2025,09:33:20,24720,24715,150,24720,75,0,201675
NIFTY-III.NFO,05/05/2025,09:33:21,24720,24715,150,24719,150,0,201675
NIFTY-III.NFO,05/05/2025,09:33:23,24720,24715,150,24720,75,0,201675
NIFTY-III.NFO,05/05/2025,09:33:25,24720,24715,150,24719.9,150,0,201675
NIFTY-III.NFO,05/05/2025,09:33:26,24715,24715,75,24720.4,150,75,201225
NIFTY-III.NFO,05/05/2025,09:33:28,24715,24715,75,24717.7,225,0,201225
NIFTY-III.NFO,05/05/2025,09:33:30,24715,24715,75,24719.5,150,0,201225
NIFTY-III.NFO,05/05/2025,09:33:31,24715,24705,150,24714.8,600,75,201225
NIFTY-III.NFO,05/05/2025,09:33:33,24715,24707,75,24716.6,150,0,201225
NIFTY-III.NFO,05/05/2025,09:33:34,24715,24705.1,75,24716.4,150,0,201225
NIFTY-III.NFO,05/05/2025,09:33:36,24715,24705.1,75,24714.3,150,0,201225
NIFTY-III.NFO,05/05/2025,09:33:38,24715,24705.1,75,24715.6,150,0,201225
NIFTY-III.NFO,05/05/2025,09:33:39,24715,24705,150,24713,150,0,201225
NIFTY-III.NFO,05/05/2025,09:33:41,24715,24705,150,24709.2,150,0,201225
NIFTY-III.NFO,05/05/2025,09:33:43,24715,24705.1,75,24714.9,150,0,201225
NIFTY-III.NFO,05/05/2025,09:33:44,24715,24705.1,75,24714.5,150,0,201225
NIFTY-III.NFO,05/05/2025,09:33:46,24715,24705,150,24713.4,150,0,201225
NIFTY-III.NFO,05/05/2025,09:33:48,24715,24711.8,225,24721.7,150,0,201225
NIFTY-III.NFO,05/05/2025,09:33:49,24715,24716.3,75,24727,150,0,201225
NIFTY-III.NFO,05/05/2025,09:33:51,24715,24713.9,75,24724.9,75,0,201225
NIFTY-III.NFO,05/05/2025,09:33:53,24715,24716,75,24725.7,75,0,201225
NIFTY-III.NFO,05/05/2025,09:33:54,24715,24714,75,24725.1,225,0,201225
NIFTY-III.NFO,05/05/2025,09:33:56,24715,24712.3,75,24722.6,75,0,201225
NIFTY-III.NFO,05/05/2025,09:33:58,24715,24711.8,225,24723.5,150,0,201225
NIFTY-III.NFO,05/05/2025,09:34:00,24715,24718.6,75,24728,75,0,201225
NIFTY-III.NFO,05/05/2025,09:34:01,24715,24714.2,75,24726.5,525,0,201225
NIFTY-III.NFO,05/05/2025,09:34:03,24715,24717.4,75,24727.1,75,0,201225
NIFTY-III.NFO,05/05/2025,09:34:04,24714.6,24714.5,150,24725.4,75,75,201225
NIFTY-III.NFO,05/05/2025,09:34:06,24714.6,24716.1,150,24726,75,0,201225
NIFTY-III.NFO,05/05/2025,09:34:08,24714.6,24713.1,75,24724.6,525,0,201225
NIFTY-III.NFO,05/05/2025,09:34:09,24714.6,24711.2,150,24721.7,150,0,201225
NIFTY-III.NFO,05/05/2025,09:34:11,24714.6,24711.2,150,24721.2,75,0,201225
NIFTY-III.NFO,05/05/2025,09:34:13,24714.6,24713.8,150,24725.4,225,0,201225
NIFTY-III.NFO,05/05/2025,09:34:14,24714.6,24713.3,150,24714,75,0,201225
NIFTY-III.NFO,05/05/2025,09:34:16,24714,24715,150,24725.4,75,75,201225
NIFTY-III.NFO,05/05/2025,09:34:18,24714,24715.3,225,24727.4,150,0,201225
NIFTY-III.NFO,05/05/2025,09:34:19,24714,24715.9,150,24726.8,75,0,201225
NIFTY-III.NFO,05/05/2025,09:34:21,24714,24722.4,150,24731.9,75,0,201225
NIFTY-III.NFO,05/05/2025,09:34:23,24714,24720.9,225,24731.5,75,0,201225
NIFTY-III.NFO,05/05/2025,09:34:24,24714,24721.3,75,24731,150,0,201225
NIFTY-III.NFO,05/05/2025,09:34:26,24714,24718.5,150,24730.1,525,0,201225
NIFTY-III.NFO,05/05/2025,09:34:28,24714,24724.6,150,24729.2,150,0,201225
NIFTY-III.NFO,05/05/2025,09:34:29,24724.6,24714,75,24723.3,225,150,201225
NIFTY-III.NFO,05/05/2025,09:34:31,24724.6,24717.9,150,24727.3,150,0,201225
NIFTY-III.NFO,05/05/2025,09:34:33,24724.6,24716.3,150,24727.3,150,0,201225
NIFTY-III.NFO,05/05/2025,09:34:34,24724.6,24715.6,150,24725.9,150,0,201225
NIFTY-III.NFO,05/05/2025,09:34:36,24724.6,24714,75,24725.3,150,0,201225
NIFTY-III.NFO,05/05/2025,09:34:38,24724.6,24714,75,24721.6,225,0,201225
NIFTY-III.NFO,05/05/2025,09:34:39,24724.6,24714,75,24721.5,150,0,201225
NIFTY-III.NFO,05/05/2025,09:34:41,24724.6,24714,75,24719.3,150,0,201225
NIFTY-III.NFO,05/05/2025,09:34:44,24724.6,24714.5,150,24724.3,150,0,201225
NIFTY-III.NFO,05/05/2025,09:34:46,24724.6,24715.6,150,24725,150,0,201225
NIFTY-III.NFO,05/05/2025,09:34:48,24715.6,24720,75,24729.5,150,75,201225
NIFTY-III.NFO,05/05/2025,09:34:49,24715.6,24721,75,24731.7,150,0,201225
NIFTY-III.NFO,05/05/2025,09:34:51,24715.6,24721.9,150,24732.3,150,0,201225
NIFTY-III.NFO,05/05/2025,09:34:53,24715.6,24721.2,75,24731.3,225,0,201225
NIFTY-III.NFO,05/05/2025,09:34:54,24715.6,24720,75,24727.6,150,0,201225
NIFTY-III.NFO,05/05/2025,09:34:56,24715.6,24720,75,24726.8,225,0,201225
NIFTY-III.NFO,05/05/2025,09:34:58,24715.6,24720,75,24725.4,150,0,201225
NIFTY-III.NFO,05/05/2025,09:34:59,24715.6,24720,75,24725.2,225,0,201225
NIFTY-III.NFO,05/05/2025,09:35:01,24717.9,24719.6,75,24728.6,150,150,201225
NIFTY-III.NFO,05/05/2025,09:35:03,24717.9,24721.8,75,24730.9,150,0,201225
NIFTY-III.NFO,05/05/2025,09:35:04,24717.9,24720.4,150,24730.7,225,0,201225
NIFTY-III.NFO,05/05/2025,09:35:06,24717.9,24715.8,75,24727.7,225,0,201225
NIFTY-III.NFO,05/05/2025,09:35:08,24717.9,24716.6,150,24727.9,150,0,201225
NIFTY-III.NFO,05/05/2025,09:35:09,24717.9,24717.4,75,24728.6,525,0,201225
NIFTY-III.NFO,05/05/2025,09:35:11,24717.9,24715.6,225,24725.9,150,0,201225
NIFTY-III.NFO,05/05/2025,09:35:13,24717.9,24718,75,24724.7,150,0,201225
NIFTY-III.NFO,05/05/2025,09:35:14,24717.9,24718,75,24723.2,525,0,201225
NIFTY-III.NFO,05/05/2025,09:35:16,24717.9,24718,75,24721.3,150,0,201225
NIFTY-III.NFO,05/05/2025,09:35:18,24717.9,24718,75,24726.2,150,0,201225
NIFTY-III.NFO,05/05/2025,09:35:19,24717.9,24718,75,24728.2,150,0,201225
NIFTY-III.NFO,05/05/2025,09:35:21,24718,24716.3,75,24726.8,150,75,201225
NIFTY-III.NFO,05/05/2025,09:35:23,24718,24722.3,150,24731.7,225,0,201225
NIFTY-III.NFO,05/05/2025,09:35:24,24718,24721.2,150,24731.6,150,0,201225
NIFTY-III.NFO,05/05/2025,09:35:26,24718,24721.8,225,24731.8,75,0,201225
NIFTY-III.NFO,05/05/2025,09:35:28,24718,24723.6,225,24731.8,75,0,201225
NIFTY-III.NFO,05/05/2025,09:35:29,24718,24726,75,24731.8,75,0,201225
NIFTY-III.NFO,05/05/2025,09:35:31,24718,24725,150,24731.8,75,0,201225
NIFTY-III.NFO,05/05/2025,09:35:33,24718,24724.4,150,24731.8,75,0,201225
NIFTY-III.NFO,05/05/2025,09:35:34,24718,24723.1,150,24731.8,150,0,201225
NIFTY-III.NFO,05/05/2025,09:35:36,24718,24724.9,225,24734.8,75,0,201225
NIFTY-III.NFO,05/05/2025,09:35:38,24718,24723.7,75,24734.7,150,0,201225
NIFTY-III.NFO,05/05/2025,09:35:39,24718,24726.6,75,24735,150,0,201225
NIFTY-III.NFO,05/05/2025,09:35:41,24718,24728.5,150,24735,75,0,201225
NIFTY-III.NFO,05/05/2025,09:35:43,24718,24727.5,150,24735,150,0,201225
NIFTY-III.NFO,05/05/2025,09:35:44,24718,24728.4,150,24735,75,0,201225
NIFTY-III.NFO,05/05/2025,09:35:46,24718,24732.6,150,24735,150,0,201225
NIFTY-III.NFO,05/05/2025,09:35:48,24718,24728.7,75,24735,150,0,201225
NIFTY-III.NFO,05/05/2025,09:35:49,24718,24728.4,75,24735,150,0,201225
NIFTY-III.NFO,05/05/2025,09:35:51,24718,24729.5,75,24735,150,0,201225
NIFTY-III.NFO,05/05/2025,09:35:53,24718,24729.9,150,24735,150,0,201225
NIFTY-III.NFO,05/05/2025,09:35:54,24718,24730.1,75,24735,150,0,201225
NIFTY-III.NFO,05/05/2025,09:35:56,24718,24726.7,75,24734.9,75,0,201225
NIFTY-III.NFO,05/05/2025,09:35:58,24718,24725.1,75,24734.9,225,0,201225
NIFTY-III.NFO,05/05/2025,09:35:59,24718,24727.7,225,24735,150,0,201225
NIFTY-III.NFO,05/05/2025,09:36:01,24718,24729.1,150,24735,150,0,201225
NIFTY-III.NFO,05/05/2025,09:36:03,24718,24729.5,75,24735,150,0,201225
NIFTY-III.NFO,05/05/2025,09:36:04,24718,24731.4,150,24735,150,0,201225
NIFTY-III.NFO,05/05/2025,09:36:06,24735,24733.1,150,24742.9,150,150,201225
NIFTY-III.NFO,05/05/2025,09:36:08,24735,24732.9,150,24742.9,150,0,201225
NIFTY-III.NFO,05/05/2025,09:36:09,24735,24736.6,75,24745.8,150,0,201225
NIFTY-III.NFO,05/05/2025,09:36:11,24735,24736.5,225,24747.3,150,0,201225
NIFTY-III.NFO,05/05/2025,09:36:13,24735,24731.1,225,24741.6,150,0,201225
NIFTY-III.NFO,05/05/2025,09:36:14,24735,24734,150,24743,150,0,201225
NIFTY-III.NFO,05/05/2025,09:36:16,24735,24734.5,75,24743,150,0,201225
NIFTY-III.NFO,05/05/2025,09:36:18,24735,24733.7,150,24743,150,0,201225
NIFTY-III.NFO,05/05/2025,09:36:19,24735,24733.5,75,24743,150,0,201225
NIFTY-III.NFO,05/05/2025,09:36:21,24735,24729.9,150,24740.9,525,0,201225
NIFTY-III.NFO,05/05/2025,09:36:23,24735,24726.8,150,24737.4,150,0,201225
NIFTY-III.NFO,05/05/2025,09:36:24,24735,24726,150,24737.4,150,0,201225
NIFTY-III.NFO,05/05/2025,09:36:26,24735,24726,150,24736.9,225,0,201225
NIFTY-III.NFO,05/05/2025,09:36:28,24735,24728.7,150,24738.4,150,0,201225
NIFTY-III.NFO,05/05/2025,09:36:29,24735,24725.8,150,24737.5,525,0,201225
NIFTY-III.NFO,05/05/2025,09:36:31,24735,24727,75,24736.7,150,0,201225
NIFTY-III.NFO,05/05/2025,09:36:33,24735,24729.6,150,24739.5,150,0,201225
NIFTY-III.NFO,05/05/2025,09:36:34,24735,24725.4,150,24735.7,150,0,201225
NIFTY-III.NFO,05/05/2025,09:36:36,24735,24722,75,24733.8,525,0,201225
NIFTY-III.NFO,05/05/2025,09:36:38,24735,24722.7,150,24733,150,0,201225
NIFTY-III.NFO,05/05/2025,09:36:39,24735,24722.6,150,24732.7,150,0,201225
NIFTY-III.NFO,05/05/2025,09:36:41,24735,24719.7,75,24730.3,150,0,201225
NIFTY-III.NFO,05/05/2025,09:36:43,24735,24718.3,75,24728.3,225,0,201225
NIFTY-III.NFO,05/05/2025,09:36:44,24735,24719.6,75,24729.6,150,0,201225
NIFTY-III.NFO,05/05/2025,09:36:46,24735,24718.3,75,24729.6,150,0,201225
NIFTY-III.NFO,05/05/2025,09:36:48,24735,24719.6,75,24729.6,150,0,201225
NIFTY-III.NFO,05/05/2025,09:36:49,24735,24722.8,150,24732.7,150,0,201225
NIFTY-III.NFO,05/05/2025,09:36:53,24735,24725.5,150,24735.7,150,0,201225
NIFTY-III.NFO,05/05/2025,09:36:54,24735,24726.4,150,24736.2,150,0,201225
NIFTY-III.NFO,05/05/2025,09:36:56,24735,24728,150,24737.8,150,0,201225
NIFTY-III.NFO,05/05/2025,09:36:58,24735,24729.1,75,24738.8,225,0,201225
NIFTY-III.NFO,05/05/2025,09:36:59,24735,24727,150,24737.2,225,0,201225
NIFTY-III.NFO,05/05/2025,09:37:01,24735,24724.2,75,24735.1,150,0,201225
NIFTY-III.NFO,05/05/2025,09:37:03,24735,24724.9,150,24735.1,150,0,201225
NIFTY-III.NFO,05/05/2025,09:37:04,24735,24727.4,75,24737.1,150,0,201225
NIFTY-III.NFO,05/05/2025,09:37:06,24735,24726.8,150,24737.1,150,0,201225
NIFTY-III.NFO,05/05/2025,09:37:08,24735,24727.1,150,24737.1,150,0,201225
NIFTY-III.NFO,05/05/2025,09:37:09,24735,24735,75,24738.5,225,0,201225
NIFTY-III.NFO,05/05/2025,09:37:11,24735,24735,75,24739.4,150,0,201225
NIFTY-III.NFO,05/05/2025,09:37:13,24735,24735,75,24739.9,150,0,201225
NIFTY-III.NFO,05/05/2025,09:37:14,24735,24735,75,24741.5,75,0,201225
NIFTY-III.NFO,05/05/2025,09:37:16,24735,24735,75,24743.8,225,0,201225
NIFTY-III.NFO,05/05/2025,09:37:18,24743.8,24730.9,75,24742.3,150,75,201300
NIFTY-III.NFO,05/05/2025,09:37:19,24743.8,24732.4,75,24742.4,75,0,201300
NIFTY-III.NFO,05/05/2025,09:37:21,24743.8,24732.5,75,24742.1,75,0,201300
NIFTY-III.NFO,05/05/2025,09:37:23,24743.8,24731.9,75,24743,150,0,201300
NIFTY-III.NFO,05/05/2025,09:37:25,24743.8,24731.9,75,24742.6,150,0,201300
NIFTY-III.NFO,05/05/2025,09:37:26,24743.8,24734.6,75,24744.9,75,0,201300
NIFTY-III.NFO,05/05/2025,09:37:28,24743.8,24736.1,75,24746.9,150,0,201300
NIFTY-III.NFO,05/05/2025,09:37:30,24743.8,24745.5,75,24750,75,0,201300
NIFTY-III.NFO,05/05/2025,09:37:31,24743.8,24746.5,75,24750,75,0,201300
NIFTY-III.NFO,05/05/2025,09:37:33,24743.8,24744.6,75,24750,75,0,201300
NIFTY-III.NFO,05/05/2025,09:37:35,24743.8,24744.8,75,24750,75,0,201300
NIFTY-III.NFO,05/05/2025,09:37:36,24743.8,24744.2,75,24750,75,0,201300
NIFTY-III.NFO,05/05/2025,09:37:38,24743.8,24740.1,75,24749.9,225,0,201300
NIFTY-III.NFO,05/05/2025,09:37:40,24743.8,24737.9,75,24748.9,150,0,201300
NIFTY-III.NFO,05/05/2025,09:37:41,24743.8,24737.4,75,24748.3,150,0,201300
NIFTY-III.NFO,05/05/2025,09:37:43,24743.8,24736.6,75,24747.3,150,0,201300
NIFTY-III.NFO,05/05/2025,09:37:45,24746.8,24737.4,75,24746.8,150,75,201300
NIFTY-III.NFO,05/05/2025,09:37:46,24746.8,24739.6,75,24748.6,150,0,201300
NIFTY-III.NFO,05/05/2025,09:37:48,24746.8,24736.8,225,24747.3,225,0,201300
NIFTY-III.NFO,05/05/2025,09:37:50,24746.8,24733.3,75,24744,150,0,201300
NIFTY-III.NFO,05/05/2025,09:37:51,24746.8,24737.8,75,24748.9,150,0,201300
NIFTY-III.NFO,05/05/2025,09:37:53,24746.8,24739.9,75,24749.9,225,0,201300
NIFTY-III.NFO,05/05/2025,09:37:55,24746.8,24740.6,75,24750,150,0,201300
NIFTY-III.NFO,05/05/2025,09:37:56,24746.8,24743,75,24750,75,0,201300
NIFTY-III.NFO,05/05/2025,09:37:58,24746.8,24743.8,75,24750,75,0,201300
NIFTY-III.NFO,05/05/2025,09:38:00,24746.8,24739.5,75,24749.9,225,0,201300
NIFTY-III.NFO,05/05/2025,09:38:01,24746.8,24738.9,75,24749.3,225,0,201300
NIFTY-III.NFO,05/05/2025,09:38:03,24746.8,24741.9,75,24750,150,0,201300
NIFTY-III.NFO,05/05/2025,09:38:05,24746.8,24740,150,24749.9,225,0,201300
NIFTY-III.NFO,05/05/2025,09:38:06,24746.8,24740.1,75,24749.9,225,0,201300
NIFTY-III.NFO,05/05/2025,09:38:08,24746.8,24741.8,75,24749.9,225,0,201300
NIFTY-III.NFO,05/05/2025,09:38:10,24746.8,24738.9,75,24749.8,150,0,201300
NIFTY-III.NFO,05/05/2025,09:38:11,24746.8,24736.8,75,24746.4,150,0,201300
NIFTY-III.NFO,05/05/2025,09:38:13,24746.8,24737.1,75,24747.4,150,0,201300
NIFTY-III.NFO,05/05/2025,09:38:15,24746.8,24740.9,75,24749.9,150,0,201300
NIFTY-III.NFO,05/05/2025,09:38:16,24746.8,24742.7,75,24748,75,0,201300
NIFTY-III.NFO,05/05/2025,09:38:18,24746.8,24743.5,150,24748,75,0,201300
NIFTY-III.NFO,05/05/2025,09:38:20,24746.8,24743.4,75,24748,75,0,201300
NIFTY-III.NFO,05/05/2025,09:38:21,24746.8,24740.2,150,24747.9,150,0,201300
NIFTY-III.NFO,05/05/2025,09:38:25,24746.8,24731.6,75,24744,150,0,201300
NIFTY-III.NFO,05/05/2025,09:38:26,24746.8,24732.4,75,24742.8,150,0,201300
NIFTY-III.NFO,05/05/2025,09:38:28,24746.8,24731.4,75,24741.1,150,0,201300
NIFTY-III.NFO,05/05/2025,09:38:30,24746.8,24725.5,75,24737.8,150,0,201300
NIFTY-III.NFO,05/05/2025,09:38:31,24746.8,24727.9,75,24737.8,150,0,201300
NIFTY-III.NFO,05/05/2025,09:38:33,24746.8,24726.7,75,24737.9,225,0,201300
NIFTY-III.NFO,05/05/2025,09:38:35,24746.8,24726.6,150,24737.8,150,0,201300
NIFTY-III.NFO,05/05/2025,09:38:36,24734.8,24724.8,225,24734.8,150,150,201300
NIFTY-III.NFO,05/05/2025,09:38:38,24734.8,24724.2,75,24734.6,225,0,201300
NIFTY-III.NFO,05/05/2025,09:38:40,24734.8,24723.3,75,24733.9,150,0,201300
NIFTY-III.NFO,05/05/2025,09:38:41,24734.8,24723.2,75,24732.9,225,0,201300
NIFTY-III.NFO,05/05/2025,09:38:43,24734.8,24722.5,75,24732.5,150,0,201300
NIFTY-III.NFO,05/05/2025,09:38:45,24734.8,24723.7,300,24733.9,150,0,201300
NIFTY-III.NFO,05/05/2025,09:38:46,24734.8,24724.1,75,24733.9,150,0,201300
NIFTY-III.NFO,05/05/2025,09:38:48,24734.8,24723.7,150,24733.7,225,0,201300
NIFTY-III.NFO,05/05/2025,09:38:50,24734.8,24722.6,150,24733.9,150,0,201300
NIFTY-III.NFO,05/05/2025,09:38:53,24734.8,24718.1,150,24729.5,150,0,201300
NIFTY-III.NFO,05/05/2025,09:38:55,24734.8,24719.1,75,24729.5,150,0,201300
NIFTY-III.NFO,05/05/2025,09:38:56,24734.8,24718,225,24728.3,150,0,201300
NIFTY-III.NFO,05/05/2025,09:38:58,24734.8,24719.4,150,24728.3,150,0,201300
NIFTY-III.NFO,05/05/2025,09:39:00,24734.8,24718.5,150,24728.6,150,0,201300
NIFTY-III.NFO,05/05/2025,09:39:01,24734.8,24722.8,150,24730,75,0,201300
NIFTY-III.NFO,05/05/2025,09:39:03,24734.8,24719.6,150,24729.9,225,0,201300
NIFTY-III.NFO,05/05/2025,09:39:05,24734.8,24719.3,150,24729.8,150,0,201300
NIFTY-III.NFO,05/05/2025,09:39:06,24734.8,24718.1,150,24727.7,150,0,201300
NIFTY-III.NFO,05/05/2025,09:39:08,24734.8,24718,225,24727.2,150,0,201300
NIFTY-III.NFO,05/05/2025,09:39:10,24734.8,24718,225,24726.3,150,0,201300
NIFTY-III.NFO,05/05/2025,09:39:11,24734.8,24718,225,24726,150,0,201300
NIFTY-III.NFO,05/05/2025,09:39:13,24734.8,24718,225,24726.9,150,0,201300
NIFTY-III.NFO,05/05/2025,09:39:15,24734.8,24718,225,24726.4,150,0,201300
NIFTY-III.NFO,05/05/2025,09:39:16,24734.8,24721.1,150,24729.8,75,0,201300
NIFTY-III.NFO,05/05/2025,09:39:18,24734.8,24721,150,24730,150,0,201300
NIFTY-III.NFO,05/05/2025,09:39:20,24725,24722.7,150,24732.8,150,75,201300
NIFTY-III.NFO,05/05/2025,09:39:21,24725,24721.4,150,24732.1,225,0,201300
NIFTY-III.NFO,05/05/2025,09:39:23,24725,24718.8,150,24729.8,150,0,201300
NIFTY-III.NFO,05/05/2025,09:39:25,24725,24719.9,150,24729.9,75,0,201300
NIFTY-III.NFO,05/05/2025,09:39:26,24725,24725,75,24730.2,525,0,201300
NIFTY-III.NFO,05/05/2025,09:39:28,24725,24718.1,150,24728.6,150,75,201300
NIFTY-III.NFO,05/05/2025,09:39:30,24725,24719.6,150,24729,75,0,201300
NIFTY-III.NFO,05/05/2025,09:39:31,24725,24719.7,150,24732,150,0,201300
NIFTY-III.NFO,05/05/2025,09:39:33,24725,24721.2,150,24731.2,75,0,201300
NIFTY-III.NFO,05/05/2025,09:39:35,24725,24722.1,150,24732.6,75,0,201300
NIFTY-III.NFO,05/05/2025,09:39:36,24725,24721.1,225,24731.9,75,0,201300
NIFTY-III.NFO,05/05/2025,09:39:38,24725,24718.2,150,24729.8,150,0,201300
NIFTY-III.NFO,05/05/2025,09:39:40,24725,24720.4,150,24729.9,75,0,201300
NIFTY-III.NFO,05/05/2025,09:39:41,24725,24721.5,150,24730,375,0,201300
NIFTY-III.NFO,05/05/2025,09:39:43,24725,24719.4,300,24730,375,0,201300
NIFTY-III.NFO,05/05/2025,09:39:45,24725,24723.7,150,24730,300,0,201300
NIFTY-III.NFO,05/05/2025,09:39:46,24725,24721.6,150,24730,375,0,201300
NIFTY-III.NFO,05/05/2025,09:39:48,24725,24726.4,150,24730,300,0,201300
NIFTY-III.NFO,05/05/2025,09:39:50,24725,24723.1,150,24730,300,0,201300
NIFTY-III.NFO,05/05/2025,09:39:51,24725,24725.2,375,24730,300,0,201300
NIFTY-III.NFO,05/05/2025,09:39:53,24725,24727.3,150,24730,300,0,201300
NIFTY-III.NFO,05/05/2025,09:39:55,24725,24725.1,150,24730,300,0,201300
NIFTY-III.NFO,05/05/2025,09:39:56,24725,24727.6,150,24730,300,0,201300
NIFTY-III.NFO,05/05/2025,09:39:58,24725,24728.6,150,24730,300,0,201300
NIFTY-III.NFO,05/05/2025,09:40:00,24725,24729,150,24730,300,0,201300
NIFTY-III.NFO,05/05/2025,09:40:01,24730,24728.6,150,24739.6,150,300,201300
NIFTY-III.NFO,05/05/2025,09:40:03,24730,24731.3,150,24742.2,150,0,201300
NIFTY-III.NFO,05/05/2025,09:40:05,24730,24730.2,150,24741.3,150,0,201300
NIFTY-III.NFO,05/05/2025,09:40:06,24730,24732,150,24741.4,75,0,201300
NIFTY-III.NFO,05/05/2025,09:40:08,24730,24731,150,24741.6,150,0,201300
NIFTY-III.NFO,05/05/2025,09:40:10,24730,24732.9,150,24742.2,150,0,201300
NIFTY-III.NFO,05/05/2025,09:40:11,24730,24735.7,150,24744.7,150,0,201300
NIFTY-III.NFO,05/05/2025,09:40:13,24730,24732.5,150,24743.2,225,0,201300
NIFTY-III.NFO,05/05/2025,09:40:15,24730,24729.8,150,24740,150,0,201300
NIFTY-III.NFO,05/05/2025,09:40:16,24730,24730.7,150,24740,150,0,201300
NIFTY-III.NFO,05/05/2025,09:40:18,24730,24730.7,150,24741.3,150,0,201300
NIFTY-III.NFO,05/05/2025,09:40:20,24730,24733.4,150,24742.3,150,0,201300
NIFTY-III.NFO,05/05/2025,09:40:21,24730,24733.4,150,24743.1,150,0,201300
NIFTY-III.NFO,05/05/2025,09:40:23,24730,24735.6,75,24745.1,150,0,201300
NIFTY-III.NFO,05/05/2025,09:40:25,24730,24731.6,75,24742.6,150,0,201300
NIFTY-III.NFO,05/05/2025,09:40:26,24730,24733.7,150,24743.1,150,0,201300
NIFTY-III.NFO,05/05/2025,09:40:28,24730,24730.6,150,24741.6,525,0,201300
NIFTY-III.NFO,05/05/2025,09:40:30,24730,24727.4,225,24738.1,225,0,201300
NIFTY-III.NFO,05/05/2025,09:40:31,24730,24727.4,225,24736.7,150,0,201300
NIFTY-III.NFO,05/05/2025,09:40:33,24730,24730,75,24736.1,525,0,201300
NIFTY-III.NFO,05/05/2025,09:40:35,24730,24730,75,24735.5,150,0,201300
NIFTY-III.NFO,05/05/2025,09:40:36,24730,24730,75,24737.3,150,0,201300
NIFTY-III.NFO,05/05/2025,09:40:41,24730,24730,75,24740.3,150,0,201300
NIFTY-III.NFO,05/05/2025,09:40:43,24730,24730.1,150,24739.4,150,0,201300
NIFTY-III.NFO,05/05/2025,09:40:45,24730,24730,75,24739.4,150,0,201300
NIFTY-III.NFO,05/05/2025,09:40:46,24730,24722.3,225,24733.8,150,75,201300
NIFTY-III.NFO,05/05/2025,09:40:48,24730,24722.4,150,24732.8,225,0,201300
NIFTY-III.NFO,05/05/2025,09:40:50,24730,24720.1,150,24729.6,225,0,201300
NIFTY-III.NFO,05/05/2025,09:40:51,24730,24720.1,150,24729.8,150,0,201300
NIFTY-III.NFO,05/05/2025,09:40:53,24730,24720.8,150,24731.1,150,0,201300
NIFTY-III.NFO,05/05/2025,09:40:55,24730,24720.4,150,24730.4,150,0,201300
NIFTY-III.NFO,05/05/2025,09:40:56,24730,24721.9,150,24732.2,75,0,201300
NIFTY-III.NFO,05/05/2025,09:40:58,24730,24724.9,150,24734.9,75,0,201300
NIFTY-III.NFO,05/05/2025,09:41:00,24730,24726.1,150,24737.2,225,0,201300
NIFTY-III.NFO,05/05/2025,09:41:01,24730,24728.6,150,24739.4,150,0,201300
NIFTY-III.NFO,05/05/2025,09:41:03,24730,24728.7,150,24739.4,150,0,201300
NIFTY-III.NFO,05/05/2025,09:41:05,24730,24725.4,150,24738.4,150,0,201300
NIFTY-III.NFO,05/05/2025,09:41:06,24730,24725.3,150,24736,525,0,201300
NIFTY-III.NFO,05/05/2025,09:41:08,24730,24725.7,150,24736.4,525,0,201300
NIFTY-III.NFO,05/05/2025,09:41:10,24730,24726.5,150,24736.4,150,0,201300
NIFTY-III.NFO,05/05/2025,09:41:11,24730,24726.3,150,24735.9,150,0,201300
NIFTY-III.NFO,05/05/2025,09:41:13,24730,24727.9,150,24737.1,150,0,201300
NIFTY-III.NFO,05/05/2025,09:41:15,24730,24728,150,24738.4,150,0,201300
NIFTY-III.NFO,05/05/2025,09:41:16,24730,24727.5,150,24737.6,150,0,201300
NIFTY-III.NFO,05/05/2025,09:41:18,24730,24728,150,24737.6,150,0,201300
NIFTY-III.NFO,05/05/2025,09:41:20,24730,24724.2,150,24734.9,150,0,201300
NIFTY-III.NFO,05/05/2025,09:41:21,24730,24724.5,150,24735.1,225,0,201300
NIFTY-III.NFO,05/05/2025,09:41:23,24730,24724,150,24734.2,225,0,201300
NIFTY-III.NFO,05/05/2025,09:41:25,24730,24723.4,150,24733.5,150,0,201300
NIFTY-III.NFO,05/05/2025,09:41:26,24730,24721.8,150,24731.8,150,0,201300
NIFTY-III.NFO,05/05/2025,09:41:28,24730,24720.1,150,24729.3,150,0,201300
NIFTY-III.NFO,05/05/2025,09:41:35,24730,24725.8,300,24735,75,0,201300
NIFTY-III.NFO,05/05/2025,09:41:36,24730,24722.3,150,24733,225,0,201300
NIFTY-III.NFO,05/05/2025,09:41:38,24730,24723.5,150,24732.9,150,0,201300
NIFTY-III.NFO,05/05/2025,09:41:40,24730,24723.3,150,24732.9,150,0,201300
NIFTY-III.NFO,05/05/2025,09:41:43,24730,24728,150,24737.3,150,0,201300
NIFTY-III.NFO,05/05/2025,09:41:45,24730,24729.5,150,24738.1,150,0,201300
NIFTY-III.NFO,05/05/2025,09:41:46,24730,24730.2,150,24739.9,150,0,201300
NIFTY-III.NFO,05/05/2025,09:41:48,24730,24731,150,24739.9,150,0,201300
NIFTY-III.NFO,05/05/2025,09:41:50,24730,24730.7,150,24739.9,150,0,201300
NIFTY-III.NFO,05/05/2025,09:41:51,24730,24731.1,150,24740.4,75,0,201300
NIFTY-III.NFO,05/05/2025,09:41:53,24730,24731.1,150,24741.6,150,0,201300
NIFTY-III.NFO,05/05/2025,09:41:55,24730,24728.2,150,24738.7,150,0,201300
NIFTY-III.NFO,05/05/2025,09:41:56,24730,24728.9,150,24738.5,75,0,201300
NIFTY-III.NFO,05/05/2025,09:41:58,24730,24730.7,150,24739.8,75,0,201300
NIFTY-III.NFO,05/05/2025,09:42:00,24730,24726.9,150,24738.7,150,0,201300
NIFTY-III.NFO,05/05/2025,09:42:01,24730,24728,150,24738,150,0,201300
NIFTY-III.NFO,05/05/2025,09:42:03,24730,24729.1,150,24739.2,75,0,201300
NIFTY-III.NFO,05/05/2025,09:42:05,24730,24730.6,150,24741.6,150,0,201300
NIFTY-III.NFO,05/05/2025,09:42:06,24730,24731.9,150,24741.6,150,0,201300
NIFTY-III.NFO,05/05/2025,09:42:08,24732.3,24732.7,75,24742.8,150,75,201300
NIFTY-III.NFO,05/05/2025,09:42:10,24732.3,24733.8,150,24742.8,150,0,201300
NIFTY-III.NFO,05/05/2025,09:42:11,24732.3,24735,150,24745.1,150,0,201300
NIFTY-III.NFO,05/05/2025,09:42:13,24732.3,24738.2,525,24749.9,150,0,201300
NIFTY-III.NFO,05/05/2025,09:42:15,24732.3,24737,75,24748.6,150,0,201300
NIFTY-III.NFO,05/05/2025,09:42:16,24732.3,24735.9,150,24747.3,225,0,201300
NIFTY-III.NFO,05/05/2025,09:42:18,24732.3,24734.9,75,24745.5,150,0,201300
NIFTY-III.NFO,05/05/2025,09:42:20,24732.3,24733.9,75,24744.4,150,0,201300
NIFTY-III.NFO,05/05/2025,09:42:22,24732.3,24735,75,24744.4,150,0,201300
NIFTY-III.NFO,05/05/2025,09:42:23,24732.3,24735,75,24744.9,150,0,201300
NIFTY-III.NFO,05/05/2025,09:42:25,24732.3,24735.2,225,24745,75,0,201300
NIFTY-III.NFO,05/05/2025,09:42:27,24732.3,24735.5,150,24745.7,225,0,201300
NIFTY-III.NFO,05/05/2025,09:42:28,24732.3,24734.1,150,24745.4,150,0,201300
NIFTY-III.NFO,05/05/2025,09:42:30,24732.3,24734.6,75,24744.7,150,0,201300
NIFTY-III.NFO,05/05/2025,09:42:32,24732.3,24736.3,150,24746.6,75,0,201300
NIFTY-III.NFO,05/05/2025,09:42:33,24732.3,24734.5,150,24745.2,225,0,201300
NIFTY-III.NFO,05/05/2025,09:42:35,24732.3,24730.3,150,24742,150,0,201300
NIFTY-III.NFO,05/05/2025,09:42:37,24732.3,24732.4,150,24741.5,150,0,201300
NIFTY-III.NFO,05/05/2025,09:42:38,24732.3,24735,75,24745.1,150,0,201300
NIFTY-III.NFO,05/05/2025,09:42:40,24732.3,24734,150,24744.4,150,0,201300
NIFTY-III.NFO,05/05/2025,09:42:42,24732.3,24736.6,75,24746.2,150,0,201300
NIFTY-III.NFO,05/05/2025,09:42:43,24732.3,24736.6,75,24746.5,150,0,201300
NIFTY-III.NFO,05/05/2025,09:42:45,24732.3,24732.4,150,24742.3,525,0,201300
NIFTY-III.NFO,05/05/2025,09:42:47,24732.3,24732.3,75,24740.7,150,0,201300
NIFTY-III.NFO,05/05/2025,09:42:48,24732.3,24732.3,75,24741.7,150,0,201300
NIFTY-III.NFO,05/05/2025,09:42:50,24732.3,24732.3,75,24739.7,150,0,201300
NIFTY-III.NFO,05/05/2025,09:42:52,24732.3,24732.3,75,24740.2,150,0,201300
NIFTY-III.NFO,05/05/2025,09:42:53,24732.3,24732.3,75,24737.4,150,0,201300
NIFTY-III.NFO,05/05/2025,09:42:55,24732.3,24732.3,75,24739.1,150,0,201300
NIFTY-III.NFO,05/05/2025,09:42:57,24732.3,24732.3,75,24738.4,150,0,201300
NIFTY-III.NFO,05/05/2025,09:42:58,24732.3,24732.3,75,24739.8,150,0,201300
NIFTY-III.NFO,05/05/2025,09:43:00,24732.3,24732.3,75,24736.7,150,0,201300
NIFTY-III.NFO,05/05/2025,09:43:02,24732.3,24732.3,75,24738.7,150,0,201300
NIFTY-III.NFO,05/05/2025,09:43:03,24732.3,24732.3,75,24741.2,150,0,201300
NIFTY-III.NFO,05/05/2025,09:43:05,24732.3,24732.4,150,24742.6,150,0,201300
NIFTY-III.NFO,05/05/2025,09:43:07,24733.3,24734.8,75,24744.2,150,225,201375
NIFTY-III.NFO,05/05/2025,09:43:08,24733.3,24734.9,75,24745.8,150,0,201375
NIFTY-III.NFO,05/05/2025,09:43:10,24733.3,24735.9,75,24745.8,150,0,201375
NIFTY-III.NFO,05/05/2025,09:43:13,24733.3,24737.2,75,24748.9,150,0,201375
NIFTY-III.NFO,05/05/2025,09:43:15,24733.3,24735.9,75,24746.6,150,0,201375
NIFTY-III.NFO,05/05/2025,09:43:17,24733.3,24735,75,24744.2,150,0,201375
NIFTY-III.NFO,05/05/2025,09:43:18,24733.3,24737.3,75,24746.6,150,0,201375
NIFTY-III.NFO,05/05/2025,09:43:20,24733.3,24736.7,75,24746.6,150,0,201375
NIFTY-III.NFO,05/05/2025,09:43:21,24733.3,24734.9,75,24745.8,225,0,201375
NIFTY-III.NFO,05/05/2025,09:43:23,24733.3,24734.3,75,24744.8,150,0,201375
NIFTY-III.NFO,05/05/2025,09:43:26,24733.3,24735.2,150,24745.4,150,0,201375
NIFTY-III.NFO,05/05/2025,09:43:28,24733.3,24737.4,75,24746.5,150,0,201375
NIFTY-III.NFO,05/05/2025,09:43:30,24733.3,24736.5,75,24747.6,150,0,201375
NIFTY-III.NFO,05/05/2025,09:43:31,24733.3,24737.8,75,24747.6,150,0,201375
NIFTY-III.NFO,05/05/2025,09:43:33,24733.3,24737.9,75,24749.2,150,0,201375
NIFTY-III.NFO,05/05/2025,09:43:35,24733.3,24742.2,75,24750,150,0,201375
NIFTY-III.NFO,05/05/2025,09:43:36,24733.3,24742.8,75,24750,150,0,201375
NIFTY-III.NFO,05/05/2025,09:43:38,24733.3,24743.4,75,24750,150,0,201375
NIFTY-III.NFO,05/05/2025,09:43:40,24733.3,24742.7,75,24750,225,0,201375
NIFTY-III.NFO,05/05/2025,09:43:41,24733.3,24739.6,75,24749.9,150,0,201375
NIFTY-III.NFO,05/05/2025,09:43:43,24733.3,24740.6,150,24750,225,0,201375
NIFTY-III.NFO,05/05/2025,09:43:45,24733.3,24743,150,24750,150,0,201375
NIFTY-III.NFO,05/05/2025,09:43:46,24733.3,24744.9,75,24750,150,0,201375
NIFTY-III.NFO,05/05/2025,09:43:48,24733.3,24745.3,75,24750,150,0,201375
NIFTY-III.NFO,05/05/2025,09:43:50,24750,24751.5,75,24755,75,150,201375
NIFTY-III.NFO,05/05/2025,09:43:51,24750,24753.2,75,24755,75,0,201375
NIFTY-III.NFO,05/05/2025,09:43:53,24750,24749.3,75,24755,75,0,201375
NIFTY-III.NFO,05/05/2025,09:43:55,24750,24747.6,75,24755,75,0,201375
NIFTY-III.NFO,05/05/2025,09:43:56,24750,24750.3,75,24755,75,0,201375
NIFTY-III.NFO,05/05/2025,09:43:58,24750,24750.8,75,24755,75,0,201375
NIFTY-III.NFO,05/05/2025,09:44:00,24750,24747.3,75,24755,150,0,201375
NIFTY-III.NFO,05/05/2025,09:44:01,24750,24746.7,150,24754.9,225,0,201375
NIFTY-III.NFO,05/05/2025,09:44:03,24750,24744.8,150,24754.9,225,0,201375
NIFTY-III.NFO,05/05/2025,09:44:05,24750,24745.4,75,24754.9,225,0,201375
NIFTY-III.NFO,05/05/2025,09:44:06,24750,24746.8,75,24754.9,225,0,201375
NIFTY-III.NFO,05/05/2025,09:44:08,24750,24749,75,24754.8,150,0,201375
NIFTY-III.NFO,05/05/2025,09:44:10,24750,24750,225,24754.8,150,0,201375
NIFTY-III.NFO,05/05/2025,09:44:13,24750,24750,225,24754.9,225,0,201375
NIFTY-III.NFO,05/05/2025,09:44:15,24750,24749,75,24754.4,150,225,201375
NIFTY-III.NFO,05/05/2025,09:44:16,24750,24749,75,24754.8,150,0,201375
NIFTY-III.NFO,05/05/2025,09:44:18,24750,24749,75,24755,150,0,201375
NIFTY-III.NFO,05/05/2025,09:44:20,24750,24749,75,24755,75,0,201375
NIFTY-III.NFO,05/05/2025,09:44:21,24750,24749,75,24754.9,150,0,201375
NIFTY-III.NFO,05/05/2025,09:44:23,24750,24749,75,24755,75,0,201375
NIFTY-III.NFO,05/05/2025,09:44:25,24750,24749,75,24752,150,0,201375
NIFTY-III.NFO,05/05/2025,09:44:26,24750,24749,75,24751.5,600,0,201375
NIFTY-III.NFO,05/05/2025,09:44:28,24749,24739.2,75,24749.7,150,75,201375
NIFTY-III.NFO,05/05/2025,09:44:30,24749,24740,75,24749.5,225,0,201375
NIFTY-III.NFO,05/05/2025,09:44:31,24749,24741.5,75,24750.6,150,0,201375
NIFTY-III.NFO,05/05/2025,09:44:33,24749,24743.5,75,24753,150,0,201375
NIFTY-III.NFO,05/05/2025,09:44:35,24749,24746,75,24754.9,225,0,201375
NIFTY-III.NFO,05/05/2025,09:44:36,24749,24747.3,150,24755,75,0,201375
NIFTY-III.NFO,05/05/2025,09:44:38,24749,24748.9,75,24755,225,0,201375
NIFTY-III.NFO,05/05/2025,09:44:40,24749,24750,150,24755,225,0,201375
NIFTY-III.NFO,05/05/2025,09:44:41,24749,24752.1,75,24755,225,0,201375
NIFTY-III.NFO,05/05/2025,09:44:43,24749,24751.4,75,24755,225,0,201375
NIFTY-III.NFO,05/05/2025,09:44:45,24749,24752.2,75,24755,225,0,201375
NIFTY-III.NFO,05/05/2025,09:44:46,24749,24752.1,150,24755,225,0,201375
NIFTY-III.NFO,05/05/2025,09:44:48,24749,24750.2,150,24755,225,0,201375
NIFTY-III.NFO,05/05/2025,09:44:50,24749,24750.6,150,24755,225,0,201375
NIFTY-III.NFO,05/05/2025,09:44:51,24749,24749.5,150,24755,225,0,201375
NIFTY-III.NFO,05/05/2025,09:44:53,24749,24748.6,225,24755,225,0,201375
NIFTY-III.NFO,05/05/2025,09:44:55,24749,24748.6,75,24755,225,0,201375
NIFTY-III.NFO,05/05/2025,09:44:56,24749,24750.4,150,24755,225,0,201375
NIFTY-III.NFO,05/05/2025,09:44:58,24749,24746.8,75,24754.9,225,0,201375
NIFTY-III.NFO,05/05/2025,09:45:00,24749,24747.5,150,24754.9,225,0,201375
NIFTY-III.NFO,05/05/2025,09:45:01,24749,24749,75,24755,225,0,201375
NIFTY-III.NFO,05/05/2025,09:45:03,24749,24749.3,75,24755,225,0,201375
NIFTY-III.NFO,05/05/2025,09:45:05,24749,24753,150,24755,225,0,201375
NIFTY-III.NFO,05/05/2025,09:45:08,24760,24760.9,75,24768.8,150,375,201375
NIFTY-III.NFO,05/05/2025,09:45:10,24760,24763.5,75,24770,150,0,201375
NIFTY-III.NFO,05/05/2025,09:45:11,24760,24763.7,75,24770,150,0,201375
NIFTY-III.NFO,05/05/2025,09:45:13,24760,24763.4,75,24770,150,0,201375
NIFTY-III.NFO,05/05/2025,09:45:15,24760,24764.4,150,24770,150,0,201375
NIFTY-III.NFO,05/05/2025,09:45:16,24760,24761.9,75,24769.9,150,0,201375
NIFTY-III.NFO,05/05/2025,09:45:18,24760,24761.9,75,24770,225,0,201375
NIFTY-III.NFO,05/05/2025,09:45:20,24760,24761.8,150,24769.9,150,0,201375
NIFTY-III.NFO,05/05/2025,09:45:21,24760,24760.7,75,24768.9,150,0,201375
NIFTY-III.NFO,05/05/2025,09:45:23,24760,24760.9,75,24768.9,150,0,201375
NIFTY-III.NFO,05/05/2025,09:45:25,24760,24759.5,150,24768.9,150,0,201375
NIFTY-III.NFO,05/05/2025,09:45:26,24760,24755.7,150,24764.9,150,0,201375
NIFTY-III.NFO,05/05/2025,09:45:28,24760,24753.4,225,24764.7,600,0,201375
NIFTY-III.NFO,05/05/2025,09:45:29,24760,24755.3,75,24764.7,225,0,201375
NIFTY-III.NFO,05/05/2025,09:45:31,24760,24756.2,150,24764.9,225,0,201375
NIFTY-III.NFO,05/05/2025,09:45:33,24760,24756.8,75,24764.8,150,0,201375
NIFTY-III.NFO,05/05/2025,09:45:34,24760,24757.2,75,24764.9,225,0,201375
NIFTY-III.NFO,05/05/2025,09:45:36,24760,24757.6,150,24764.9,225,0,201375
NIFTY-III.NFO,05/05/2025,09:45:38,24760,24752.9,75,24764.6,225,0,201375
NIFTY-III.NFO,05/05/2025,09:45:39,24760,24754.5,150,24764,150,0,201375
NIFTY-III.NFO,05/05/2025,09:45:41,24760,24754.8,75,24764.5,150,0,201375
NIFTY-III.NFO,05/05/2025,09:45:43,24760,24755.3,225,24764.5,150,0,201375
NIFTY-III.NFO,05/05/2025,09:45:44,24760,24757,150,24764.8,150,0,201375
NIFTY-III.NFO,05/05/2025,09:45:46,24760,24757.3,75,24764.9,150,0,201375
NIFTY-III.NFO,05/05/2025,09:45:48,24760,24756.9,75,24764.9,150,0,201375
NIFTY-III.NFO,05/05/2025,09:45:49,24760,24759.2,75,24765,75,0,201375
NIFTY-III.NFO,05/05/2025,09:45:51,24760,24760.8,150,24765,75,0,201375
NIFTY-III.NFO,05/05/2025,09:45:53,24760,24762.5,150,24765,75,0,201375
NIFTY-III.NFO,05/05/2025,09:45:56,24760,24762.7,150,24765,150,0,201375
NIFTY-III.NFO,05/05/2025,09:45:58,24765,24764.2,150,24766,75,150,201600
NIFTY-III.NFO,05/05/2025,09:45:59,24766,24765.1,150,24769,75,75,201600
NIFTY-III.NFO,05/05/2025,09:46:01,24766,24760.7,225,24768.9,150,0,201600
NIFTY-III.NFO,05/05/2025,09:46:02,24766,24762,75,24769,150,0,201600
NIFTY-III.NFO,05/05/2025,09:46:04,24766,24762,75,24768.9,150,0,201600
NIFTY-III.NFO,05/05/2025,09:46:06,24766,24762,75,24769,150,0,201600
NIFTY-III.NFO,05/05/2025,09:46:07,24766,24762.5,150,24769,150,0,201600
NIFTY-III.NFO,05/05/2025,09:46:11,24766,24762,75,24768.8,150,0,201600
NIFTY-III.NFO,05/05/2025,09:46:12,24766,24762,75,24768.5,150,0,201600
NIFTY-III.NFO,05/05/2025,09:46:14,24766,24762,75,24766.8,150,0,201600
NIFTY-III.NFO,05/05/2025,09:46:16,24766.2,24754.9,150,24764.9,150,75,201600
NIFTY-III.NFO,05/05/2025,09:46:17,24766.2,24754,150,24763.5,225,0,201600
NIFTY-III.NFO,05/05/2025,09:46:19,24766.2,24751.8,75,24763.5,300,0,201600
NIFTY-III.NFO,05/05/2025,09:46:21,24766.2,24752.5,75,24761.5,150,0,201600
NIFTY-III.NFO,05/05/2025,09:46:22,24766.2,24753.7,150,24763.1,150,0,201600
NIFTY-III.NFO,05/05/2025,09:46:24,24766.2,24753.8,75,24763.1,150,0,201600
NIFTY-III.NFO,05/05/2025,09:46:26,24766.2,24754.9,75,24764.7,225,0,201600
NIFTY-III.NFO,05/05/2025,09:46:27,24766.2,24754.8,150,24764.5,225,0,201600
NIFTY-III.NFO,05/05/2025,09:46:29,24766.2,24754.9,75,24764.4,225,0,201600
NIFTY-III.NFO,05/05/2025,09:46:31,24766.2,24756.4,75,24765.5,150,0,201600
NIFTY-III.NFO,05/05/2025,09:46:32,24766.2,24758.4,75,24767.1,150,0,201600
NIFTY-III.NFO,05/05/2025,09:46:34,24766.2,24758.3,150,24767.1,150,0,201600
NIFTY-III.NFO,05/05/2025,09:46:36,24766.2,24758.4,150,24768.2,150,0,201600
NIFTY-III.NFO,05/05/2025,09:46:37,24766.2,24759.3,150,24768.2,150,0,201600
NIFTY-III.NFO,05/05/2025,09:46:39,24766.2,24760.4,150,24768.5,150,0,201600
NIFTY-III.NFO,05/05/2025,09:46:41,24766.2,24757.6,75,24768.9,225,0,201600
NIFTY-III.NFO,05/05/2025,09:46:42,24766.2,24759,75,24768.4,150,0,201600
NIFTY-III.NFO,05/05/2025,09:46:44,24766.2,24759.5,75,24768.9,225,0,201600
NIFTY-III.NFO,05/05/2025,09:46:46,24766.2,24758.9,75,24768.8,150,0,201600
NIFTY-III.NFO,05/05/2025,09:46:47,24766.2,24756.7,150,24765.7,150,0,201600
NIFTY-III.NFO,05/05/2025,09:46:49,24766.2,24758.7,150,24766.5,225,0,201600
NIFTY-III.NFO,05/05/2025,09:46:51,24766.2,24756.4,375,24765.4,150,0,201600
NIFTY-III.NFO,05/05/2025,09:46:52,24766.2,24754.1,75,24762.9,150,0,201600
NIFTY-III.NFO,05/05/2025,09:46:54,24766.2,24757,150,24765.4,150,0,201600
NIFTY-III.NFO,05/05/2025,09:46:56,24766.2,24755.9,150,24765.4,150,0,201600
NIFTY-III.NFO,05/05/2025,09:46:57,24766.2,24754,75,24763.4,150,0,201600
NIFTY-III.NFO,05/05/2025,09:46:59,24766.2,24756.7,150,24765.4,300,0,201600
NIFTY-III.NFO,05/05/2025,09:47:01,24766.2,24756.8,75,24765.9,150,0,201600
NIFTY-III.NFO,05/05/2025,09:47:02,24766.2,24754.9,75,24764.8,150,0,201600
NIFTY-III.NFO,05/05/2025,09:47:04,24766.2,24755.6,150,24763.9,225,0,201600
NIFTY-III.NFO,05/05/2025,09:47:06,24766.2,24754.9,75,24763.7,225,0,201600
NIFTY-III.NFO,05/05/2025,09:47:07,24766.2,24754.3,150,24761.5,225,0,201600
NIFTY-III.NFO,05/05/2025,09:47:09,24754.9,24754.4,75,24764.1,150,75,201600
NIFTY-III.NFO,05/05/2025,09:47:11,24754.9,24756.3,150,24765.1,75,0,201600
NIFTY-III.NFO,05/05/2025,09:47:12,24754.9,24754.4,75,24762.5,150,0,201600
NIFTY-III.NFO,05/05/2025,09:47:14,24754.9,24750.4,225,24759.3,150,0,201600
NIFTY-III.NFO,05/05/2025,09:47:16,24754.9,24748.4,75,24757.7,150,0,201600
NIFTY-III.NFO,05/05/2025,09:47:17,24754.9,24748.1,75,24757.7,150,0,201600
NIFTY-III.NFO,05/05/2025,09:47:19,24754.9,24751.1,75,24760.4,150,0,201600
NIFTY-III.NFO,05/05/2025,09:47:21,24754.9,24750.6,75,24760.4,150,0,201600
NIFTY-III.NFO,05/05/2025,09:47:22,24754.9,24750.6,75,24760.2,225,0,201600
NIFTY-III.NFO,05/05/2025,09:47:24,24754.9,24749.9,75,24759,75,0,201600
NIFTY-III.NFO,05/05/2025,09:47:27,24754.9,24750.5,75,24760.2,75,0,201600
NIFTY-III.NFO,05/05/2025,09:47:29,24754.9,24749.9,75,24759.3,150,0,201600
NIFTY-III.NFO,05/05/2025,09:47:31,24754.9,24749.7,75,24758.9,150,0,201600
NIFTY-III.NFO,05/05/2025,09:47:32,24754.9,24747.7,75,24758.5,150,0,201600
NIFTY-III.NFO,05/05/2025,09:47:34,24754.9,24747.1,75,24757.4,225,0,201600
NIFTY-III.NFO,05/05/2025,09:47:36,24754.9,24743.5,75,24752.7,150,0,201600
NIFTY-III.NFO,05/05/2025,09:47:37,24754.9,24739.6,75,24751.9,225,0,201600
NIFTY-III.NFO,05/05/2025,09:47:39,24754.9,24742.1,75,24751.9,75,0,201600
NIFTY-III.NFO,05/05/2025,09:47:41,24754.9,24744.6,75,24754.4,75,0,201600
NIFTY-III.NFO,05/05/2025,09:47:42,24754.9,24745.8,75,24756.1,150,0,201600
NIFTY-III.NFO,05/05/2025,09:47:44,24754.9,24748.3,75,24757.6,150,0,201600
NIFTY-III.NFO,05/05/2025,09:47:46,24754.9,24746.9,150,24757.9,225,0,201600
NIFTY-III.NFO,05/05/2025,09:47:47,24754.9,24748.4,75,24757.8,150,0,201600
NIFTY-III.NFO,05/05/2025,09:47:49,24754.9,24747,75,24756.4,150,0,201600
NIFTY-III.NFO,05/05/2025,09:47:52,24756.5,24747,150,24756.7,150,75,201600
NIFTY-III.NFO,05/05/2025,09:47:54,24756.5,24748.1,75,24757.8,150,0,201600
NIFTY-III.NFO,05/05/2025,09:47:56,24756.5,24751.3,75,24761.7,150,0,201600
NIFTY-III.NFO,05/05/2025,09:47:57,24756.5,24751.8,75,24761.7,150,0,201600
NIFTY-III.NFO,05/05/2025,09:47:59,24756.5,24752.4,75,24762.5,150,0,201600
NIFTY-III.NFO,05/05/2025,09:48:01,24756.5,24751.2,75,24761.2,150,0,201600
NIFTY-III.NFO,05/05/2025,09:48:02,24756.5,24752.1,150,24761.3,75,0,201600
NIFTY-III.NFO,05/05/2025,09:48:04,24756.5,24756.5,75,24762.2,150,0,201600
NIFTY-III.NFO,05/05/2025,09:48:07,24756.5,24756.5,75,24759.9,150,0,201600
NIFTY-III.NFO,05/05/2025,09:48:09,24756.5,24745.9,75,24756.5,600,75,201600
NIFTY-III.NFO,05/05/2025,09:48:11,24756.5,24745.9,75,24756.1,150,0,201600
NIFTY-III.NFO,05/05/2025,09:48:12,24756.5,24743.6,75,24754.1,150,0,201600
NIFTY-III.NFO,05/05/2025,09:48:14,24756.5,24744.4,75,24754.3,225,0,201600
NIFTY-III.NFO,05/05/2025,09:48:16,24756.5,24744.1,75,24754.1,150,0,201600
NIFTY-III.NFO,05/05/2025,09:48:17,24756.5,24743.7,75,24753.6,225,0,201600
NIFTY-III.NFO,05/05/2025,09:48:19,24756.5,24743.7,75,24753.6,75,0,201600
NIFTY-III.NFO,05/05/2025,09:48:21,24756.5,24742.6,75,24752.9,225,0,201600
NIFTY-III.NFO,05/05/2025,09:48:23,24756.5,24741.7,75,24751.2,150,0,201600
NIFTY-III.NFO,05/05/2025,09:48:24,24756.5,24742.1,75,24751.2,300,0,201600
NIFTY-III.NFO,05/05/2025,09:48:26,24756.5,24738.6,75,24749.1,150,0,201600
NIFTY-III.NFO,05/05/2025,09:48:28,24756.5,24739.4,75,24749.1,150,0,201600
NIFTY-III.NFO,05/05/2025,09:48:29,24756.5,24740,150,24750.1,150,0,201600
NIFTY-III.NFO,05/05/2025,09:48:31,24756.5,24740.3,150,24750.1,150,0,201600
NIFTY-III.NFO,05/05/2025,09:48:32,24740.1,24740.1,150,24750.1,150,75,201600
NIFTY-III.NFO,05/05/2025,09:48:34,24740.1,24740.7,75,24750.1,150,0,201450
NIFTY-III.NFO,05/05/2025,09:48:36,24740.1,24740.1,150,24750.1,150,0,201450
NIFTY-III.NFO,05/05/2025,09:48:37,24740.1,24740.7,150,24750.4,150,0,201450
NIFTY-III.NFO,05/05/2025,09:48:39,24740.1,24742.7,150,24752.4,75,0,201450
NIFTY-III.NFO,05/05/2025,09:48:41,24740.1,24745.1,75,24754.4,150,0,201450
NIFTY-III.NFO,05/05/2025,09:48:42,24740.1,24744.2,75,24753.8,150,0,201450
NIFTY-III.NFO,05/05/2025,09:48:44,24740.1,24742.6,75,24752.1,225,0,201450
NIFTY-III.NFO,05/05/2025,09:48:46,24740.1,24743.9,150,24753.2,150,0,201450
NIFTY-III.NFO,05/05/2025,09:48:47,24740.1,24743.7,75,24753.2,150,0,201450
NIFTY-III.NFO,05/05/2025,09:48:49,24740.1,24743.4,150,24752.9,150,0,201450
NIFTY-III.NFO,05/05/2025,09:48:51,24740.1,24741.9,75,24751.6,375,0,201450
NIFTY-III.NFO,05/05/2025,09:48:52,24740.1,24740.9,150,24750.6,150,0,201450
NIFTY-III.NFO,05/05/2025,09:48:54,24740.1,24739.8,225,24749.8,75,0,201450
NIFTY-III.NFO,05/05/2025,09:48:56,24740.1,24741.8,75,24751.8,150,0,201450
NIFTY-III.NFO,05/05/2025,09:48:57,24740.1,24741.5,75,24751.6,225,0,201450
NIFTY-III.NFO,05/05/2025,09:48:59,24740.1,24744.1,75,24753.8,150,0,201450
NIFTY-III.NFO,05/05/2025,09:49:01,24740.1,24744.7,75,24754.1,150,0,201450
NIFTY-III.NFO,05/05/2025,09:49:02,24740.1,24747.1,75,24756.2,75,0,201450
NIFTY-III.NFO,05/05/2025,09:49:04,24740.1,24748.9,150,24757.8,450,0,201450
NIFTY-III.NFO,05/05/2025,09:49:06,24740.1,24752.1,150,24759,75,0,201450
NIFTY-III.NFO,05/05/2025,09:49:07,24740.1,24751,150,24759,150,0,201450
NIFTY-III.NFO,05/05/2025,09:49:09,24740.1,24751.6,75,24759,75,0,201450
NIFTY-III.NFO,05/05/2025,09:49:10,24740.1,24751.1,225,24759,150,0,201450
NIFTY-III.NFO,05/05/2025,09:49:12,24740.1,24752.4,75,24759,75,0,201450
NIFTY-III.NFO,05/05/2025,09:49:14,24740.1,24752.3,150,24759,75,0,201450
NIFTY-III.NFO,05/05/2025,09:49:15,24740.1,24751.9,150,24759,75,0,201450
NIFTY-III.NFO,05/05/2025,09:49:17,24740.1,24752.8,150,24759,75,0,201450
NIFTY-III.NFO,05/05/2025,09:49:19,24740.1,24752.2,150,24759,75,0,201450
NIFTY-III.NFO,05/05/2025,09:49:20,24740.1,24751.9,75,24759,150,0,201450
NIFTY-III.NFO,05/05/2025,09:49:22,24740.1,24751.3,150,24759,150,0,201450
NIFTY-III.NFO,05/05/2025,09:49:24,24740.1,24750.4,150,24759,150,0,201450
NIFTY-III.NFO,05/05/2025,09:49:25,24740.1,24751.6,150,24759,75,0,201450
NIFTY-III.NFO,05/05/2025,09:49:27,24740.1,24751.4,150,24759,150,0,201450
NIFTY-III.NFO,05/05/2025,09:49:29,24740.1,24749.1,75,24758.9,150,0,201450
NIFTY-III.NFO,05/05/2025,09:49:30,24740.1,24748.5,75,24758.9,150,0,201450
NIFTY-III.NFO,05/05/2025,09:49:32,24740.1,24748.4,150,24758.7,225,0,201450
NIFTY-III.NFO,05/05/2025,09:49:34,24740.1,24751.3,225,24759,150,0,201450
NIFTY-III.NFO,05/05/2025,09:49:35,24740.1,24748.4,225,24758.9,225,0,201450
NIFTY-III.NFO,05/05/2025,09:49:37,24740.1,24746.6,75,24756.9,150,0,201450
NIFTY-III.NFO,05/05/2025,09:49:39,24740.1,24747.7,150,24751,75,0,201450
NIFTY-III.NFO,05/05/2025,09:49:42,24740.1,24748.4,75,24751,75,0,201450
NIFTY-III.NFO,05/05/2025,09:49:44,24751,24750.8,75,24759,75,75,201450
NIFTY-III.NFO,05/05/2025,09:49:45,24751,24753.7,75,24759,75,0,201450
NIFTY-III.NFO,05/05/2025,09:49:47,24751,24754.2,150,24759,75,0,201450
NIFTY-III.NFO,05/05/2025,09:49:49,24751,24757.1,150,24759,75,0,201450
NIFTY-III.NFO,05/05/2025,09:49:50,24751,24757.6,75,24759,75,0,201450
NIFTY-III.NFO,05/05/2025,09:49:54,24759,24758.9,150,24766.2,150,75,201450
NIFTY-III.NFO,05/05/2025,09:49:55,24759,24757.7,75,24766.2,225,0,201450
NIFTY-III.NFO,05/05/2025,09:49:57,24759,24756.9,75,24766,150,0,201450
NIFTY-III.NFO,05/05/2025,09:50:00,24759,24755.6,225,24766,150,0,201450
NIFTY-III.NFO,05/05/2025,09:50:02,24759,24758.5,75,24766.2,225,0,201450
NIFTY-III.NFO,05/05/2025,09:50:04,24759,24758.9,75,24759,75,0,201450
NIFTY-III.NFO,05/05/2025,09:50:05,24759,24761.9,150,24766.2,150,75,201450
NIFTY-III.NFO,05/05/2025,09:50:07,24759,24761.5,75,24766.2,150,0,201450
NIFTY-III.NFO,05/05/2025,09:50:09,24759,24759.4,225,24766.2,150,0,201450
NIFTY-III.NFO,05/05/2025,09:50:10,24759,24759.8,150,24766.2,225,0,201450
NIFTY-III.NFO,05/05/2025,09:50:12,24759,24759.1,225,24766.2,225,0,201450
NIFTY-III.NFO,05/05/2025,09:50:14,24759,24759.9,150,24766.2,150,0,201450
NIFTY-III.NFO,05/05/2025,09:50:17,24759,24757.6,225,24766.1,225,0,201450
NIFTY-III.NFO,05/05/2025,09:50:19,24759,24758.4,150,24766.1,225,0,201450
NIFTY-III.NFO,05/05/2025,09:50:21,24759,24756.2,75,24766.1,225,0,201450
NIFTY-III.NFO,05/05/2025,09:50:22,24759,24754.8,75,24764.4,150,0,201450
NIFTY-III.NFO,05/05/2025,09:50:24,24759,24751.6,75,24762.5,150,0,201450
NIFTY-III.NFO,05/05/2025,09:50:25,24759,24750.7,75,24761.2,150,0,201450
NIFTY-III.NFO,05/05/2025,09:50:27,24759,24750.3,75,24760.3,225,0,201450
NIFTY-III.NFO,05/05/2025,09:50:29,24759,24752.1,75,24761.5,150,0,201450
NIFTY-III.NFO,05/05/2025,09:50:30,24759,24755.1,75,24764,150,0,201450
NIFTY-III.NFO,05/05/2025,09:50:32,24759,24755.6,225,24764.9,150,0,201450
NIFTY-III.NFO,05/05/2025,09:50:37,24759,24757.1,225,24766.1,225,0,201450
NIFTY-III.NFO,05/05/2025,09:50:39,24759,24757.8,225,24766.1,225,0,201450
NIFTY-III.NFO,05/05/2025,09:50:40,24759,24758.3,150,24766.2,225,0,201450
NIFTY-III.NFO,05/05/2025,09:50:42,24759,24754.8,75,24766.1,150,0,201450
NIFTY-III.NFO,05/05/2025,09:50:44,24759,24756.8,150,24766.1,150,0,201450
NIFTY-III.NFO,05/05/2025,09:50:45,24759,24758.7,150,24766.1,225,0,201450
NIFTY-III.NFO,05/05/2025,09:50:47,24759,24758,75,24766.1,225,0,201450
NIFTY-III.NFO,05/05/2025,09:50:49,24759,24759.2,150,24766.2,225,0,201450
NIFTY-III.NFO,05/05/2025,09:50:50,24759,24758.6,150,24766.1,75,0,201450
NIFTY-III.NFO,05/05/2025,09:50:52,24759,24758.6,75,24766,150,0,201450
NIFTY-III.NFO,05/05/2025,09:50:54,24759,24760.5,225,24766.2,150,0,201450
NIFTY-III.NFO,05/05/2025,09:50:55,24759,24759.5,150,24766.2,225,0,201450
NIFTY-III.NFO,05/05/2025,09:50:57,24759,24760.3,225,24766.2,150,0,201450
NIFTY-III.NFO,05/05/2025,09:50:59,24759,24760.1,225,24766.2,150,0,201450
NIFTY-III.NFO,05/05/2025,09:51:00,24759,24757.7,225,24766.1,225,0,201450
NIFTY-III.NFO,05/05/2025,09:51:02,24759,24758.8,300,24766.2,150,0,201450
NIFTY-III.NFO,05/05/2025,09:51:04,24759,24758.8,150,24759.9,75,0,201450
NIFTY-III.NFO,05/05/2025,09:51:05,24759,24757.8,150,24759.9,75,0,201450
NIFTY-III.NFO,05/05/2025,09:51:07,24759.9,24765.1,75,24766.2,150,75,201450
NIFTY-III.NFO,05/05/2025,09:51:09,24770,24769.5,75,24774.8,75,375,201450
NIFTY-III.NFO,05/05/2025,09:51:10,24775,24775.3,450,24776.2,75,150,201450
NIFTY-III.NFO,05/05/2025,09:51:12,24776.2,24773.1,75,24777,225,75,201450
NIFTY-III.NFO,05/05/2025,09:51:15,24776.2,24774.3,75,24777,225,0,201450
NIFTY-III.NFO,05/05/2025,09:51:17,24776.2,24772.6,150,24777,225,0,201450
NIFTY-III.NFO,05/05/2025,09:51:19,24776.2,24772.1,225,24777,225,0,201450
NIFTY-III.NFO,05/05/2025,09:51:20,24776.2,24771.8,75,24775,75,0,201450
NIFTY-III.NFO,05/05/2025,09:51:22,24776.2,24773.2,75,24775,75,0,201450
NIFTY-III.NFO,05/05/2025,09:51:23,24776.2,24771.5,300,24775,75,0,201450
NIFTY-III.NFO,05/05/2025,09:51:25,24776.2,24772.8,150,24775,75,0,201450
NIFTY-III.NFO,05/05/2025,09:51:28,24776.2,24771.1,75,24775,75,0,201450
NIFTY-III.NFO,05/05/2025,09:51:30,24776.2,24770.9,450,24775,75,0,201450
NIFTY-III.NFO,05/05/2025,09:51:32,24775,24775.6,225,24777,225,75,201300
NIFTY-III.NFO,05/05/2025,09:51:33,24780.9,24787.4,75,24788,75,600,201300
NIFTY-III.NFO,05/05/2025,09:51:33,24780.9,24787.4,75,24788,75,0,201300
NIFTY-III.NFO,05/05/2025,09:51:35,24780.9,24786.1,75,24788,75,0,201300
NIFTY-III.NFO,05/05/2025,09:51:37,24780.9,24786.7,75,24788,75,0,201300
NIFTY-III.NFO,05/05/2025,09:51:38,24780.9,24786.7,300,24788,75,0,201300
NIFTY-III.NFO,05/05/2025,09:51:40,24790,24790.3,225,24797,300,225,201300
NIFTY-III.NFO,05/05/2025,09:51:40,24790,24790.3,225,24797,300,0,201300
NIFTY-III.NFO,05/05/2025,09:51:42,24790,24791.3,75,24797,300,0,201300
NIFTY-III.NFO,05/05/2025,09:51:43,24790,24788.1,75,24796.9,225,0,201300
NIFTY-III.NFO,05/05/2025,09:51:45,24790,24787.1,150,24794.9,150,0,201300
NIFTY-III.NFO,05/05/2025,09:51:47,24790,24787.1,150,24796.1,150,0,201300
NIFTY-III.NFO,05/05/2025,09:51:48,24790,24783.3,75,24790.3,225,0,201300
NIFTY-III.NFO,05/05/2025,09:51:50,24790,24785.2,300,24794.1,150,0,201300
NIFTY-III.NFO,05/05/2025,09:51:52,24790,24786.3,225,24794.9,225,0,201300
NIFTY-III.NFO,05/05/2025,09:51:53,24790,24787.7,75,24790,75,0,201300
NIFTY-III.NFO,05/05/2025,09:51:55,24790,24785.1,75,24790,75,0,201300
NIFTY-III.NFO,05/05/2025,09:51:57,24790,24786.3,300,24790,75,75,201300
NIFTY-III.NFO,05/05/2025,09:51:58,24790,24789.4,75,24790,75,0,201300
NIFTY-III.NFO,05/05/2025,09:52:00,24790,24783.4,225,24790,150,0,201300
NIFTY-III.NFO,05/05/2025,09:52:02,24790,24787.3,375,24790,75,0,201300
NIFTY-III.NFO,05/05/2025,09:52:03,24790,24787.8,75,24790,75,0,201300
NIFTY-III.NFO,05/05/2025,09:52:05,24790,24786.7,225,24790,75,0,201300
NIFTY-III.NFO,05/05/2025,09:52:07,24788.2,24787.9,75,24796,225,75,201300
NIFTY-III.NFO,05/05/2025,09:52:08,24788.2,24787.9,75,24796,225,0,201300
NIFTY-III.NFO,05/05/2025,09:52:10,24788.2,24787.9,75,24794.5,225,0,201300
NIFTY-III.NFO,05/05/2025,09:52:11,24788.2,24787,75,24790,75,0,201300
NIFTY-III.NFO,05/05/2025,09:52:15,24787.7,24788,300,24790,75,75,201300
NIFTY-III.NFO,05/05/2025,09:52:17,24790,24790.4,75,24796.9,150,150,201300
NIFTY-III.NFO,05/05/2025,09:52:18,24790,24789.3,150,24796.2,150,0,201300
NIFTY-III.NFO,05/05/2025,09:52:20,24790,24789.3,150,24796.9,150,0,201300
NIFTY-III.NFO,05/05/2025,09:52:22,24790,24791.4,225,24797,300,0,201300
NIFTY-III.NFO,05/05/2025,09:52:23,24790,24790.9,300,24797,375,0,201300
NIFTY-III.NFO,05/05/2025,09:52:25,24790,24787.4,75,24796.9,150,0,201300
NIFTY-III.NFO,05/05/2025,09:52:27,24790,24787.4,75,24794.6,150,0,201300
NIFTY-III.NFO,05/05/2025,09:52:28,24790,24786.6,375,24793.5,225,0,201300
NIFTY-III.NFO,05/05/2025,09:52:30,24790,24787.7,600,24794.5,225,0,201300
NIFTY-III.NFO,05/05/2025,09:52:32,24790,24783.5,75,24789.9,150,0,201300
NIFTY-III.NFO,05/05/2025,09:52:33,24790,24782.8,225,24790,150,0,201300
NIFTY-III.NFO,05/05/2025,09:52:35,24790,24783.3,300,24790.5,75,300,201300
NIFTY-III.NFO,05/05/2025,09:52:37,24790,24783.9,225,24790.6,150,0,201300
NIFTY-III.NFO,05/05/2025,09:52:38,24790,24784.4,300,24791.6,150,0,201300
NIFTY-III.NFO,05/05/2025,09:52:40,24790,24784.5,600,24791.5,225,0,201300
NIFTY-III.NFO,05/05/2025,09:52:41,24790,24785.1,75,24791.4,150,0,201300
NIFTY-III.NFO,05/05/2025,09:52:43,24790,24782.4,450,24792,225,0,201300
NIFTY-III.NFO,05/05/2025,09:52:45,24790,24782.6,75,24788.9,150,0,201300
NIFTY-III.NFO,05/05/2025,09:52:46,24790,24782.6,300,24789,75,0,201300
NIFTY-III.NFO,05/05/2025,09:52:48,24790,24784.6,225,24792.2,150,0,201300
NIFTY-III.NFO,05/05/2025,09:52:50,24790,24786.5,225,24794.4,150,0,201300
NIFTY-III.NFO,05/05/2025,09:52:51,24790,24787.3,75,24794.5,225,0,201300
NIFTY-III.NFO,05/05/2025,09:52:53,24786.7,24787.5,375,24790,75,75,201300
NIFTY-III.NFO,05/05/2025,09:52:55,24786.7,24788,300,24790,150,0,201300
NIFTY-III.NFO,05/05/2025,09:52:56,24786.7,24788.6,75,24790,150,0,201300
NIFTY-III.NFO,05/05/2025,09:52:58,24786.7,24787.8,75,24790,150,0,201300
NIFTY-III.NFO,05/05/2025,09:53:00,24786.7,24787,75,24790,150,0,201300
NIFTY-III.NFO,05/05/2025,09:53:01,24786.7,24784.3,600,24790,150,0,201300
NIFTY-III.NFO,05/05/2025,09:53:03,24786.7,24784.8,225,24790,150,0,201300
NIFTY-III.NFO,05/05/2025,09:53:05,24786.7,24787,75,24790,150,0,201300
NIFTY-III.NFO,05/05/2025,09:53:08,24786.7,24787,75,24790,675,0,201300
NIFTY-III.NFO,05/05/2025,09:53:15,24790,24785.9,150,24790,525,300,201300
NIFTY-III.NFO,05/05/2025,09:53:16,24790,24787.4,75,24790,525,0,201300
NIFTY-III.NFO,05/05/2025,09:53:18,24790,24787.9,75,24790,525,0,201300
NIFTY-III.NFO,05/05/2025,09:53:20,24790,24787.7,75,24790,525,0,201300
NIFTY-III.NFO,05/05/2025,09:53:21,24790,24788.1,150,24790,525,0,201300
NIFTY-III.NFO,05/05/2025,09:53:23,24790,24788.9,150,24790,525,0,201300
NIFTY-III.NFO,05/05/2025,09:53:25,24790,24791.7,150,24797,300,525,201300
NIFTY-III.NFO,05/05/2025,09:53:26,24798,24797.7,75,24799,375,375,201300
NIFTY-III.NFO,05/05/2025,09:53:26,24798,24797.7,75,24799,375,0,201300
NIFTY-III.NFO,05/05/2025,09:53:28,24798,24795.2,75,24799,375,0,201300
NIFTY-III.NFO,05/05/2025,09:53:30,24798,24796.2,75,24799,375,0,201300
NIFTY-III.NFO,05/05/2025,09:53:31,24798,24792.9,375,24799,450,0,201300
NIFTY-III.NFO,05/05/2025,09:53:33,24798,24794.3,75,24799,375,0,201300
NIFTY-III.NFO,05/05/2025,09:53:35,24798,24793.2,75,24799,450,0,201300
NIFTY-III.NFO,05/05/2025,09:53:36,24798,24795.4,75,24799,375,0,201300
NIFTY-III.NFO,05/05/2025,09:53:38,24798,24793,75,24798.9,225,0,201300
NIFTY-III.NFO,05/05/2025,09:53:40,24798,24793.5,75,24799,375,0,201300
NIFTY-III.NFO,05/05/2025,09:53:41,24798,24795.7,75,24799,375,0,201300
NIFTY-III.NFO,05/05/2025,09:53:43,24798,24796.9,75,24799,375,0,201300
NIFTY-III.NFO,05/05/2025,09:53:45,24798,24794.4,450,24799,375,0,201300
NIFTY-III.NFO,05/05/2025,09:53:46,24798,24796.6,75,24799,375,0,201300
NIFTY-III.NFO,05/05/2025,09:53:48,24798,24795.1,75,24799,375,0,201300
NIFTY-III.NFO,05/05/2025,09:53:50,24798,24794.7,75,24799,375,0,201300
NIFTY-III.NFO,05/05/2025,09:53:53,24798,24794.7,75,24798,75,0,201300
NIFTY-III.NFO,05/05/2025,09:53:55,24798,24793.5,75,24798,75,0,201300
NIFTY-III.NFO,05/05/2025,09:53:56,24798,24795.5,75,24798,75,0,201300
NIFTY-III.NFO,05/05/2025,09:53:58,24798,24795.8,75,24798,75,0,201300
NIFTY-III.NFO,05/05/2025,09:54:00,24798,24797,75,24798,75,0,201300
NIFTY-III.NFO,05/05/2025,09:54:01,24798,24797.5,75,24799,375,75,201300
NIFTY-III.NFO,05/05/2025,09:54:03,24800,24799.6,375,24800,600,1500,201300
NIFTY-III.NFO,05/05/2025,09:54:03,24800,24799.6,375,24800,600,0,201300
NIFTY-III.NFO,05/05/2025,09:54:05,24800,24800.2,75,24800.9,75,600,201300
NIFTY-III.NFO,05/05/2025,09:54:06,24800.9,24801.8,75,24805,75,75,201300
NIFTY-III.NFO,05/05/2025,09:54:06,24800.9,24801.8,75,24805,75,0,201300
NIFTY-III.NFO,05/05/2025,09:54:08,24800.9,24799.6,450,24804.9,75,0,201300
NIFTY-III.NFO,05/05/2025,09:54:10,24800.9,24800.9,75,24804.9,225,0,201300
NIFTY-III.NFO,05/05/2025,09:54:11,24800.9,24800.9,75,24805,75,0,201300
NIFTY-III.NFO,05/05/2025,09:54:13,24800.9,24800.9,75,24805,150,0,201300
NIFTY-III.NFO,05/05/2025,09:54:15,24800.9,24801.1,75,24805,75,0,201300
NIFTY-III.NFO,05/05/2025,09:54:16,24800.9,24800.9,75,24804.9,75,0,201300
NIFTY-III.NFO,05/05/2025,09:54:18,24800.9,24800.9,75,24804.8,150,0,201300
NIFTY-III.NFO,05/05/2025,09:54:20,24800.9,24800.9,75,24805,75,0,201300
NIFTY-III.NFO,05/05/2025,09:54:21,24800.9,24802.7,75,24805,75,0,201300
NIFTY-III.NFO,05/05/2025,09:54:23,24801.6,24803.2,75,24805,75,75,199875
NIFTY-III.NFO,05/05/2025,09:54:23,24801.6,24803.2,75,24805,75,0,199875
NIFTY-III.NFO,05/05/2025,09:54:25,24801.6,24800.9,75,24805,75,0,199875
NIFTY-III.NFO,05/05/2025,09:54:26,24801.6,24801.4,75,24805,75,0,199875
NIFTY-III.NFO,05/05/2025,09:54:28,24801.6,24801.6,75,24805,75,0,199875
NIFTY-III.NFO,05/05/2025,09:54:30,24805,24802.6,75,24810.3,150,75,199875
NIFTY-III.NFO,05/05/2025,09:54:30,24805,24802.6,75,24810.3,150,0,199875
NIFTY-III.NFO,05/05/2025,09:54:31,24805,24802.6,150,24811.8,150,0,199875
NIFTY-III.NFO,05/05/2025,09:54:33,24805,24804.1,75,24811.9,150,0,199875
NIFTY-III.NFO,05/05/2025,09:54:38,24805,24804.1,75,24811.9,225,0,199875
NIFTY-III.NFO,05/05/2025,09:54:40,24805,24806.4,75,24811.9,225,0,199875
NIFTY-III.NFO,05/05/2025,09:54:41,24805,24805.8,75,24811.9,150,0,199875
NIFTY-III.NFO,05/05/2025,09:54:43,24805,24805.7,75,24811.9,150,0,199875
NIFTY-III.NFO,05/05/2025,09:54:45,24805,24805.7,75,24812,150,0,199875
NIFTY-III.NFO,05/05/2025,09:54:46,24805,24806.2,150,24812,75,0,199875
NIFTY-III.NFO,05/05/2025,09:54:48,24805,24809.2,75,24812,75,0,199875
NIFTY-III.NFO,05/05/2025,09:54:50,24809.2,24808.7,150,24812,75,150,199875
NIFTY-III.NFO,05/05/2025,09:54:50,24809.2,24808.7,150,24812,75,0,199875
NIFTY-III.NFO,05/05/2025,09:54:51,24812,24811,375,24815,225,75,199875
NIFTY-III.NFO,05/05/2025,09:54:51,24812,24811,375,24815,225,0,199875
NIFTY-III.NFO,05/05/2025,09:54:53,24812,24811,375,24815,225,0,199875
NIFTY-III.NFO,05/05/2025,09:54:55,24812,24808.8,75,24815,300,0,199875
NIFTY-III.NFO,05/05/2025,09:54:56,24812,24808.8,225,24815,225,0,199875
NIFTY-III.NFO,05/05/2025,09:54:58,24812,24812,75,24815,225,0,199875
NIFTY-III.NFO,05/05/2025,09:55:00,24812,24811.8,75,24815,225,75,199875
NIFTY-III.NFO,05/05/2025,09:55:01,24812,24810.4,450,24815,225,150,199875
NIFTY-III.NFO,05/05/2025,09:55:03,24812,24809.5,375,24815,300,0,199875
NIFTY-III.NFO,05/05/2025,09:55:05,24812,24808.3,375,24814.3,225,0,199875
NIFTY-III.NFO,05/05/2025,09:55:06,24812,24808.1,450,24814.9,225,0,199875
NIFTY-III.NFO,05/05/2025,09:55:08,24812,24808.6,75,24814.9,75,0,199875
NIFTY-III.NFO,05/05/2025,09:55:10,24812,24809.5,375,24815,225,0,199875
NIFTY-III.NFO,05/05/2025,09:55:13,24812,24810,375,24815,225,0,199875
NIFTY-III.NFO,05/05/2025,09:55:15,24812,24813.7,150,24815,225,0,199875
NIFTY-III.NFO,05/05/2025,09:55:16,24815,24814.5,75,24820,150,225,199875
NIFTY-III.NFO,05/05/2025,09:55:16,24815,24814.5,75,24820,150,0,199875
NIFTY-III.NFO,05/05/2025,09:55:18,24815,24812.5,75,24819.9,75,0,199875
NIFTY-III.NFO,05/05/2025,09:55:20,24815,24813.8,75,24820,225,0,199875
NIFTY-III.NFO,05/05/2025,09:55:21,24815,24813.6,75,24820,225,0,199875
NIFTY-III.NFO,05/05/2025,09:55:23,24814.8,24813.1,75,24819.8,150,75,199875
