Ticker,Date,Time,LTP,BuyPrice,BuyQty,SellPrice,SellQty,LTQ,OpenInterest
NIFTY-I.NFO,12/07/2024,09:15:00,24422.2,24421,150,24424.95,50,950,0
NIFTY-I.NFO,12/07/2024,09:15:00,24422.2,24421,150,24424.95,50,0,0
NIFTY-I.NFO,12/07/2024,09:15:00,24425,24421,150,24424.95,50,0,0
NIFTY-I.NFO,12/07/2024,09:15:00,24410.1,24421,150,24424.95,50,0,0
NIFTY-I.NFO,12/07/2024,09:15:01,24416.85,24418.6,100,24424.6,25,5875,13634150
NIFTY-I.NFO,12/07/2024,09:15:02,24412,24411.15,25,24413,100,1725,13634150
NIFTY-I.NFO,12/07/2024,09:15:03,24413.25,24409.3,25,24414,100,2450,13634150
NIFTY-I.NFO,12/07/2024,09:15:03,24405.6,24409.3,25,24414,100,0,13634150
NIFTY-I.NFO,12/07/2024,09:15:04,24409.95,24409.95,50,24412.55,25,2200,13634150
NIFTY-I.NFO,12/07/2024,09:15:05,24413.05,24409.95,25,24413.05,50,775,13634150
NIFTY-I.NFO,12/07/2024,09:15:06,24412.2,24410.15,100,24412.2,25,775,13634150
NIFTY-I.NFO,12/07/2024,09:15:07,24410,24410.85,50,24415,475,2200,13634150
NIFTY-I.NFO,12/07/2024,09:15:08,24416.15,24416.15,25,24419.5,25,2950,13634150
NIFTY-I.NFO,12/07/2024,09:15:09,24413.5,24413.35,125,24414.65,25,3275,13634150
NIFTY-I.NFO,12/07/2024,09:15:10,24417.35,24414.75,175,24416.85,150,3450,13634150
NIFTY-I.NFO,12/07/2024,09:15:11,24410.85,24410,25,24410.85,950,7975,13634150
NIFTY-I.NFO,12/07/2024,09:15:12,24410.1,24410.1,125,24410.85,1300,1075,13634150
NIFTY-I.NFO,12/07/2024,09:15:13,24413,24413,325,24414.75,650,2125,13634150
NIFTY-I.NFO,12/07/2024,09:15:14,24410.6,24410.75,25,24415.2,100,2750,13634150
NIFTY-I.NFO,12/07/2024,09:15:15,24414,24413.25,25,24414.35,150,2200,13634150
NIFTY-I.NFO,12/07/2024,09:15:16,24413.2,24413.2,50,24415,1000,3525,13634150
NIFTY-I.NFO,12/07/2024,09:15:17,24415,24413.05,50,24415,75,1750,13634150
NIFTY-I.NFO,12/07/2024,09:15:18,24413.15,24413.15,25,24415,100,2325,13652325
NIFTY-I.NFO,12/07/2024,09:15:19,24417.9,24415.6,25,24418,25,1375,13652325
NIFTY-I.NFO,12/07/2024,09:15:20,24418.8,24415.4,50,24418.8,250,1500,13652325
NIFTY-I.NFO,12/07/2024,09:15:21,24416.1,24416.15,75,24419.95,150,1500,13652325
NIFTY-I.NFO,12/07/2024,09:15:22,24416.3,24416.6,125,24418.8,25,575,13652325
NIFTY-I.NFO,12/07/2024,09:15:23,24419.95,24415.9,50,24419.95,50,775,13652325
NIFTY-I.NFO,12/07/2024,09:15:24,24413.65,24413.6,25,24415,175,3725,13652325
NIFTY-I.NFO,12/07/2024,09:15:25,24413.05,24413,50,24415,250,1150,13652325
NIFTY-I.NFO,12/07/2024,09:15:26,24414.95,24415.05,25,24416,275,1125,13652325
NIFTY-I.NFO,12/07/2024,09:15:27,24414.8,24415.15,25,24415.9,50,1300,13652325
NIFTY-I.NFO,12/07/2024,09:15:28,24413.6,24414.45,25,24418.45,125,1525,13652325
NIFTY-I.NFO,12/07/2024,09:15:29,24414.2,24414.4,25,24417.35,25,125,13652325
NIFTY-I.NFO,12/07/2024,09:15:30,24413.9,24413.5,50,24417.95,100,925,13652325
NIFTY-I.NFO,12/07/2024,09:15:31,24415,24413.5,125,24414.45,25,400,13652325
NIFTY-I.NFO,12/07/2024,09:15:32,24415.8,24411.2,100,24415.8,100,2425,13652325
NIFTY-I.NFO,12/07/2024,09:15:33,24414.2,24414.25,25,24417.35,275,1175,13652325
NIFTY-I.NFO,12/07/2024,09:15:34,24415,24415,900,24416.45,75,1000,13652325
NIFTY-I.NFO,12/07/2024,09:15:35,24415,24415,825,24417.35,125,75,13652325
NIFTY-I.NFO,12/07/2024,09:15:36,24415,24413.25,50,24415,150,1900,13652325
NIFTY-I.NFO,12/07/2024,09:15:37,24417.4,24413.15,50,24417.2,25,525,13652325
NIFTY-I.NFO,12/07/2024,09:15:38,24413.55,24413.55,575,24415,50,225,13652325
NIFTY-I.NFO,12/07/2024,09:15:39,24413.55,24413.55,25,24414.35,25,700,13652325
NIFTY-I.NFO,12/07/2024,09:15:40,24414.35,24413,875,24414.35,75,200,13652325
NIFTY-I.NFO,12/07/2024,09:15:41,24413.15,24413,700,24413.15,75,575,13652325
NIFTY-I.NFO,12/07/2024,09:15:42,24413,24413,475,24414.05,150,525,13652325
NIFTY-I.NFO,12/07/2024,09:15:43,24413,24412.35,125,24413.55,50,775,13652325
NIFTY-I.NFO,12/07/2024,09:15:44,24414.05,24413.55,500,24414.05,100,600,13652325
NIFTY-I.NFO,12/07/2024,09:15:45,24414.9,24414.75,600,24414.9,250,1250,13652325
NIFTY-I.NFO,12/07/2024,09:15:46,24415.3,24415.25,600,24415.75,25,1825,13652325
NIFTY-I.NFO,12/07/2024,09:15:47,24415.25,24415.25,500,24415.8,25,100,13652325
NIFTY-I.NFO,12/07/2024,09:15:48,24415.25,24415.25,125,24416,125,400,13652325
NIFTY-I.NFO,12/07/2024,09:15:49,24413.55,24413.55,1750,24416.3,25,1725,13652325
NIFTY-I.NFO,12/07/2024,09:15:50,24413.55,24413.55,550,24415.25,225,1250,13652325
NIFTY-I.NFO,12/07/2024,09:15:51,24414.4,24413.95,200,24415.25,425,450,13652325
NIFTY-I.NFO,12/07/2024,09:15:52,24415,24414.5,200,24415.25,50,1250,13652325
NIFTY-I.NFO,12/07/2024,09:15:53,24414.25,24414,50,24417.9,100,2050,13652325
NIFTY-I.NFO,12/07/2024,09:15:54,24413.55,24414.25,25,24417.1,25,675,13652325
NIFTY-I.NFO,12/07/2024,09:15:55,24416,24416,1500,24418.2,25,1525,13652325
NIFTY-I.NFO,12/07/2024,09:15:56,24418.1,24415.95,325,24418.25,25,2550,13652325
NIFTY-I.NFO,12/07/2024,09:15:57,24415.95,24415.95,75,24416.85,25,250,13652325
NIFTY-I.NFO,12/07/2024,09:15:58,24416,24415.9,250,24417.05,175,400,13652325
NIFTY-I.NFO,12/07/2024,09:15:59,24415.9,24415.9,25,24416.85,150,250,13652325
NIFTY-I.NFO,12/07/2024,09:16:00,24416,24415.5,100,24417,250,1450,13652325
NIFTY-I.NFO,12/07/2024,09:16:01,24418.1,24415.05,175,24418,50,1725,13652325
NIFTY-I.NFO,12/07/2024,09:16:02,24418.1,24415.8,100,24418,25,725,13652325
NIFTY-I.NFO,12/07/2024,09:16:03,24417.6,24415.7,100,24417.65,125,25,13652325
NIFTY-I.NFO,12/07/2024,09:16:04,24414.65,24415.35,100,24418.1,25,1275,13652325
NIFTY-I.NFO,12/07/2024,09:16:05,24415.4,24415.35,25,24418.1,375,325,13652325
NIFTY-I.NFO,12/07/2024,09:16:06,24414.2,24414.25,25,24416,375,1500,13652325
NIFTY-I.NFO,12/07/2024,09:16:07,24414.5,24414.75,25,24416,50,975,13652325
NIFTY-I.NFO,12/07/2024,09:16:08,24415.95,24414.45,25,24418,350,625,13652325
NIFTY-I.NFO,12/07/2024,09:16:09,24414.65,24413.15,500,24415,275,1100,13652325
NIFTY-I.NFO,12/07/2024,09:16:10,24412.85,24412.55,250,24412.85,75,825,13652325
NIFTY-I.NFO,12/07/2024,09:16:11,24414.5,24413.3,25,24414.5,125,650,13652325
NIFTY-I.NFO,12/07/2024,09:16:12,24415.9,24414.55,25,24416,25,600,13652325
NIFTY-I.NFO,12/07/2024,09:16:13,24410.75,24410.8,100,24413.25,350,75,13652325
NIFTY-I.NFO,12/07/2024,09:16:14,24411.2,24411.2,25,24413.55,400,275,13652325
NIFTY-I.NFO,12/07/2024,09:16:15,24410.05,24410.7,500,24412.6,325,225,13652325
NIFTY-I.NFO,12/07/2024,09:16:16,24411.1,24411.1,25,24413.3,175,925,13652325
NIFTY-I.NFO,12/07/2024,09:16:17,24410.75,24410,575,24411.35,175,700,13652325
NIFTY-I.NFO,12/07/2024,09:16:18,24410,24409.35,200,24410,50,1350,13652325
NIFTY-I.NFO,12/07/2024,09:16:19,24410.1,24410.4,25,24411.2,50,925,13652325
NIFTY-I.NFO,12/07/2024,09:16:20,24412.3,24411.1,100,24412.6,150,3400,13652325
NIFTY-I.NFO,12/07/2024,09:16:21,24408.9,24408.65,125,24412.55,50,1100,13652325
NIFTY-I.NFO,12/07/2024,09:16:22,24410.8,24410.8,50,24413.3,25,675,13652325
NIFTY-I.NFO,12/07/2024,09:16:23,24410.5,24410.5,250,24413.7,150,575,13652325
NIFTY-I.NFO,12/07/2024,09:16:24,24410,24410,50,24410.8,1375,525,13652325
NIFTY-I.NFO,12/07/2024,09:16:25,24409.2,24409.2,125,24410.5,2075,425,13652325
NIFTY-I.NFO,12/07/2024,09:16:26,24410,24410.1,200,24410.5,2025,1700,13652325
NIFTY-I.NFO,12/07/2024,09:16:27,24410.55,24410.5,25,24410.55,300,3950,13652325
NIFTY-I.NFO,12/07/2024,09:16:28,24410.8,24410.45,500,24413.35,150,2675,13652325
NIFTY-I.NFO,12/07/2024,09:16:29,24411.15,24411.15,125,24412.95,125,525,13652325
NIFTY-I.NFO,12/07/2024,09:16:30,24410.5,24410.05,500,24410.4,25,625,13652325
NIFTY-I.NFO,12/07/2024,09:16:31,24409.85,24409.65,500,24409.8,25,175,13652325
NIFTY-I.NFO,12/07/2024,09:16:32,24410,24409.5,125,24410.4,125,350,13652325
NIFTY-I.NFO,12/07/2024,09:16:33,24410.4,24410.4,175,24410.45,125,175,13652325
NIFTY-I.NFO,12/07/2024,09:16:34,24410.4,24410.4,150,24410.5,75,300,13652325
NIFTY-I.NFO,12/07/2024,09:16:35,24409.75,24409.75,75,24410.5,50,475,13652325
NIFTY-I.NFO,12/07/2024,09:16:36,24411.15,24411.15,25,24412,50,825,13652325
NIFTY-I.NFO,12/07/2024,09:16:37,24412,24412.1,500,24413,175,300,13652325
NIFTY-I.NFO,12/07/2024,09:16:38,24411.35,24411.35,100,24413.45,25,1825,13652325
NIFTY-I.NFO,12/07/2024,09:16:39,24411.4,24410.95,150,24413.35,150,1050,13652325
NIFTY-I.NFO,12/07/2024,09:16:40,24413.4,24412,650,24412.05,50,875,13652325
NIFTY-I.NFO,12/07/2024,09:16:41,24413.35,24410.4,25,24413.4,350,1850,13652325
NIFTY-I.NFO,12/07/2024,09:16:42,24410.25,24410.25,25,24412,25,425,13652325
NIFTY-I.NFO,12/07/2024,09:16:43,24410.25,24409.6,25,24411.1,125,125,13652325
NIFTY-I.NFO,12/07/2024,09:16:44,24410.25,24409.75,50,24411.1,125,250,13652325
NIFTY-I.NFO,12/07/2024,09:16:45,24410.2,24409.9,250,24412,325,550,13652325
NIFTY-I.NFO,12/07/2024,09:16:46,24409.35,24409.45,125,24411,25,200,13652325
NIFTY-I.NFO,12/07/2024,09:16:47,24411.8,24410.55,50,24411.8,75,475,13652325
NIFTY-I.NFO,12/07/2024,09:16:48,24408.85,24409.15,500,24411.2,25,400,13652325
NIFTY-I.NFO,12/07/2024,09:16:49,24409.15,24408.8,50,24410.2,150,200,13652325
NIFTY-I.NFO,12/07/2024,09:16:50,24408.15,24408.75,50,24410.5,225,400,13652325
NIFTY-I.NFO,12/07/2024,09:16:51,24409.05,24408.75,50,24410.5,125,275,13652325
NIFTY-I.NFO,12/07/2024,09:16:52,24408.2,24408.3,500,24409.05,25,50,13652325
NIFTY-I.NFO,12/07/2024,09:16:53,24408.35,24408.35,25,24409.05,150,175,13652325
NIFTY-I.NFO,12/07/2024,09:16:54,24408.75,24408.6,150,24409.05,150,475,13652325
NIFTY-I.NFO,12/07/2024,09:16:55,24408.6,24407.9,125,24408.3,100,725,13652325
NIFTY-I.NFO,12/07/2024,09:16:56,24408.3,24408.25,100,24408.3,175,1825,13652325
NIFTY-I.NFO,12/07/2024,09:16:57,24408.3,24408.2,50,24408.3,300,450,13652325
NIFTY-I.NFO,12/07/2024,09:16:58,24408.2,24407.35,50,24408.2,350,550,13652325
NIFTY-I.NFO,12/07/2024,09:16:59,24407.95,24408,25,24408.2,75,775,13652325
NIFTY-I.NFO,12/07/2024,09:17:00,24407.4,24407.1,25,24407.4,50,550,13652325
NIFTY-I.NFO,12/07/2024,09:17:01,24407.05,24407.05,25,24407.4,125,650,13652325
NIFTY-I.NFO,12/07/2024,09:17:02,24407.55,24406.3,100,24407.6,350,1725,13652325
NIFTY-I.NFO,12/07/2024,09:17:03,24408,24407.75,75,24408,250,175,13652325
NIFTY-I.NFO,12/07/2024,09:17:04,24408.65,24408.05,100,24408.65,575,2375,13652325
NIFTY-I.NFO,12/07/2024,09:17:05,24409.65,24409.2,500,24409.75,150,1500,13652325
NIFTY-I.NFO,12/07/2024,09:17:06,24409.15,24408.8,500,24409.15,100,1850,13652325
NIFTY-I.NFO,12/07/2024,09:17:07,24409.5,24409.55,500,24410,25,925,13652325
NIFTY-I.NFO,12/07/2024,09:17:08,24409.55,24409.75,100,24410.5,1200,1700,13652325
NIFTY-I.NFO,12/07/2024,09:17:09,24409.15,24408.5,50,24409.45,125,925,13652325
NIFTY-I.NFO,12/07/2024,09:17:10,24409.25,24407.1,1175,24409.55,175,1050,13652325
NIFTY-I.NFO,12/07/2024,09:17:11,24407.7,24407.75,25,24408.3,100,625,13652325
NIFTY-I.NFO,12/07/2024,09:17:12,24407.3,24407.3,200,24408.3,25,200,13652325
NIFTY-I.NFO,12/07/2024,09:17:13,24407.5,24407.3,50,24407.4,25,725,13652325
NIFTY-I.NFO,12/07/2024,09:17:14,24407.35,24407.35,50,24407.4,25,75,13652325
NIFTY-I.NFO,12/07/2024,09:17:15,24407.95,24407.95,100,24408.35,25,1275,13652325
NIFTY-I.NFO,12/07/2024,09:17:16,24408.3,24408.6,500,24409.75,25,325,13652325
NIFTY-I.NFO,12/07/2024,09:17:17,24409.8,24408.75,75,24410,100,425,13652325
NIFTY-I.NFO,12/07/2024,09:17:18,24410.1,24409.05,500,24410,50,300,13652325
NIFTY-I.NFO,12/07/2024,09:17:19,24410.1,24408.25,500,24410,175,0,13652325
NIFTY-I.NFO,12/07/2024,09:17:20,24408.35,24408.5,500,24409,25,250,13652325
NIFTY-I.NFO,12/07/2024,09:17:21,24409.2,24409.8,50,24410,125,200,13652325
NIFTY-I.NFO,12/07/2024,09:17:22,24407.35,24407.35,175,24408.6,100,1375,13652325
NIFTY-I.NFO,12/07/2024,09:17:23,24405.6,24405.6,1375,24406.3,300,1750,13652325
NIFTY-I.NFO,12/07/2024,09:17:24,24406.3,24405.75,50,24406.3,175,375,13652325
NIFTY-I.NFO,12/07/2024,09:17:25,24404.45,24404.05,25,24404.5,100,2975,13652325
NIFTY-I.NFO,12/07/2024,09:17:25,24403.75,24404.05,25,24404.5,100,0,13652325
NIFTY-I.NFO,12/07/2024,09:17:26,24404.65,24404.9,125,24405.6,25,975,13652325
NIFTY-I.NFO,12/07/2024,09:17:27,24408.35,24405.85,75,24407.25,100,400,13652325
NIFTY-I.NFO,12/07/2024,09:17:28,24406.45,24406.45,175,24407.55,25,150,13652325
NIFTY-I.NFO,12/07/2024,09:17:29,24407.55,24406.45,425,24407.45,50,25,13652325
NIFTY-I.NFO,12/07/2024,09:17:30,24407.55,24406.85,25,24408.25,125,0,13652325
NIFTY-I.NFO,12/07/2024,09:17:31,24406.45,24406.45,125,24407.2,25,875,13652325
NIFTY-I.NFO,12/07/2024,09:17:32,24407.9,24406.6,25,24407.9,25,400,13652325
NIFTY-I.NFO,12/07/2024,09:17:33,24407.25,24407.2,400,24407.7,125,1550,13652325
NIFTY-I.NFO,12/07/2024,09:17:34,24406.45,24406.25,100,24406.45,350,650,13652325
NIFTY-I.NFO,12/07/2024,09:17:35,24405.4,24405.9,125,24406.2,50,2400,13652325
NIFTY-I.NFO,12/07/2024,09:17:36,24403.55,24404.2,125,24405.2,125,1850,13652325
NIFTY-I.NFO,12/07/2024,09:17:36,24403.55,24404.2,125,24405.2,125,0,13652325
NIFTY-I.NFO,12/07/2024,09:17:37,24403.55,24404.45,125,24405.55,125,0,13652325
NIFTY-I.NFO,12/07/2024,09:17:38,24405.55,24405,25,24405.35,125,350,13652325
NIFTY-I.NFO,12/07/2024,09:17:39,24405.35,24405.1,25,24405.35,650,675,13652325
NIFTY-I.NFO,12/07/2024,09:17:40,24405.35,24405,25,24405.35,425,550,13652325
NIFTY-I.NFO,12/07/2024,09:17:41,24405.35,24404.55,25,24405.35,375,175,13652325
NIFTY-I.NFO,12/07/2024,09:17:42,24404.65,24404.65,100,24404.8,1000,50,13652325
NIFTY-I.NFO,12/07/2024,09:17:43,24404.3,24404.3,25,24404.95,125,1125,13652325
NIFTY-I.NFO,12/07/2024,09:17:44,24404.6,24404.4,500,24404.85,125,225,13652325
NIFTY-I.NFO,12/07/2024,09:17:45,24403.9,24402.8,125,24403.9,100,1375,13652325
NIFTY-I.NFO,12/07/2024,09:17:45,24402.9,24402.8,125,24403.9,100,0,13652325
NIFTY-I.NFO,12/07/2024,09:17:46,24401.5,24401.5,25,24401.7,75,1800,13652325
NIFTY-I.NFO,12/07/2024,09:17:46,24401.4,24401.5,25,24401.7,75,0,13652325
NIFTY-I.NFO,12/07/2024,09:17:47,24404,24403.6,25,24404.35,775,300,13652325
NIFTY-I.NFO,12/07/2024,09:17:48,24403.4,24404.3,500,24404.35,750,275,13652325
NIFTY-I.NFO,12/07/2024,09:17:49,24404.35,24404.5,500,24405,7300,1275,13652325
NIFTY-I.NFO,12/07/2024,09:17:50,24403.7,24403.7,25,24403.95,775,500,13652325
NIFTY-I.NFO,12/07/2024,09:17:51,24405,24403.6,25,24403.75,100,1750,13652325
NIFTY-I.NFO,12/07/2024,09:17:52,24402.85,24403.15,50,24403.95,200,275,13652325
NIFTY-I.NFO,12/07/2024,09:17:53,24403.9,24403.55,50,24403.95,75,675,13652325
NIFTY-I.NFO,12/07/2024,09:17:54,24403.35,24403,25,24403.55,125,650,13652325
NIFTY-I.NFO,12/07/2024,09:17:55,24402,24401.95,25,24402.7,450,350,13652325
NIFTY-I.NFO,12/07/2024,09:17:56,24403.9,24402.65,50,24403.45,125,6675,13652325
NIFTY-I.NFO,12/07/2024,09:17:57,24404,24403.7,175,24404,950,275,13652325
NIFTY-I.NFO,12/07/2024,09:17:58,24404.4,24404.1,125,24404.65,125,1300,13652325
NIFTY-I.NFO,12/07/2024,09:17:59,24403.95,24403.9,200,24403.95,25,900,13652325
NIFTY-I.NFO,12/07/2024,09:18:00,24403.7,24403.95,25,24405,8250,1450,13652325
NIFTY-I.NFO,12/07/2024,09:18:01,24405,24404.7,500,24405,8175,550,13652325
NIFTY-I.NFO,12/07/2024,09:18:02,24405,24404.75,500,24405,8125,75,13652325
NIFTY-I.NFO,12/07/2024,09:18:03,24402,24401.9,500,24402,50,275,13652325
NIFTY-I.NFO,12/07/2024,09:18:04,24403.2,24402.4,25,24403.2,100,525,13652325
NIFTY-I.NFO,12/07/2024,09:18:05,24402.3,24402.2,25,24402.8,125,475,13652325
NIFTY-I.NFO,12/07/2024,09:18:06,24401.95,24401.85,150,24402.9,125,275,13652325
NIFTY-I.NFO,12/07/2024,09:18:07,24401.95,24401.75,25,24402.9,125,50,13652325
NIFTY-I.NFO,12/07/2024,09:18:08,24401.35,24401,1550,24401.35,100,725,13652325
NIFTY-I.NFO,12/07/2024,09:18:08,24401.05,24401,1550,24401.35,100,0,13652325
NIFTY-I.NFO,12/07/2024,09:18:09,24400.55,24400.55,300,24400.8,250,2500,13652325
NIFTY-I.NFO,12/07/2024,09:18:09,24400.55,24400.55,300,24400.8,250,0,13652325
NIFTY-I.NFO,12/07/2024,09:18:10,24400.95,24400.95,25,24401,750,2300,13652325
NIFTY-I.NFO,12/07/2024,09:18:11,24401.35,24401.35,75,24401.95,25,2650,13652325
NIFTY-I.NFO,12/07/2024,09:18:12,24402.4,24401.2,100,24402.4,575,1725,13652325
NIFTY-I.NFO,12/07/2024,09:18:12,24400.45,24401.2,100,24402.4,575,0,13652325
NIFTY-I.NFO,12/07/2024,09:18:13,24401.6,24402.1,100,24402.4,575,25,13652325
NIFTY-I.NFO,12/07/2024,09:18:14,24402.3,24402,100,24402.1,25,400,13652325
NIFTY-I.NFO,12/07/2024,09:18:15,24402,24401,50,24403,275,1125,13652325
NIFTY-I.NFO,12/07/2024,09:18:16,24401.3,24401,50,24403,25,150,13652325
NIFTY-I.NFO,12/07/2024,09:18:17,24400.1,24400.05,125,24401.6,500,50,13652325
NIFTY-I.NFO,12/07/2024,09:18:17,24400.1,24400.05,125,24401.6,500,0,13652325
NIFTY-I.NFO,12/07/2024,09:18:18,24400,24400,1875,24401.15,775,500,13679300
NIFTY-I.NFO,12/07/2024,09:18:18,24400,24400,1875,24401.15,775,0,13679300
NIFTY-I.NFO,12/07/2024,09:18:19,24400.3,24400.15,500,24401.15,775,25,13679300
NIFTY-I.NFO,12/07/2024,09:18:20,24400,24400.35,500,24401.15,775,25,13679300
NIFTY-I.NFO,12/07/2024,09:18:21,24400,24400,1825,24400.2,150,75,13679300
NIFTY-I.NFO,12/07/2024,09:18:22,24397.5,24398.55,500,24399.95,50,2100,13679300
NIFTY-I.NFO,12/07/2024,09:18:22,24397.5,24398.55,500,24399.95,50,0,13679300
NIFTY-I.NFO,12/07/2024,09:18:24,24397.9,24399.65,500,24400,125,375,13679300
NIFTY-I.NFO,12/07/2024,09:18:25,24401,24400.55,500,24401.15,1950,2175,13679300
NIFTY-I.NFO,12/07/2024,09:18:27,24398.85,24398.9,500,24401.15,1950,225,13679300
NIFTY-I.NFO,12/07/2024,09:18:28,24398.15,24398.65,25,24400,75,375,13679300
NIFTY-I.NFO,12/07/2024,09:18:30,24398,24395.05,175,24398,100,25850,13679300
NIFTY-I.NFO,12/07/2024,09:18:30,24394.95,24395.05,175,24398,100,0,13679300
NIFTY-I.NFO,12/07/2024,09:18:32,24395.05,24396.15,150,24398.25,25,50,13679300
NIFTY-I.NFO,12/07/2024,09:18:33,24396.7,24395.95,25,24396.7,700,225,13679300
NIFTY-I.NFO,12/07/2024,09:18:35,24396.7,24395.95,500,24396.7,750,100,13679300
NIFTY-I.NFO,12/07/2024,09:18:37,24395,24394.05,50,24395,1125,275,13679300
NIFTY-I.NFO,12/07/2024,09:18:38,24392.8,24392.55,25,24394.05,50,725,13679300
NIFTY-I.NFO,12/07/2024,09:18:38,24392.8,24392.55,25,24394.05,50,0,13679300
NIFTY-I.NFO,12/07/2024,09:18:40,24392.55,24392.55,475,24394.05,100,50,13679300
NIFTY-I.NFO,12/07/2024,09:18:40,24392.55,24392.55,475,24394.05,100,0,13679300
NIFTY-I.NFO,12/07/2024,09:18:42,24392.25,24392.25,400,24393.8,50,200,13679300
NIFTY-I.NFO,12/07/2024,09:18:42,24392.25,24392.25,400,24393.8,50,0,13679300
NIFTY-I.NFO,12/07/2024,09:18:43,24390.3,24390,425,24391.4,50,900,13679300
NIFTY-I.NFO,12/07/2024,09:18:43,24390,24390,425,24391.4,50,0,13679300
NIFTY-I.NFO,12/07/2024,09:18:45,24390,24390,400,24391,525,175,13679300
NIFTY-I.NFO,12/07/2024,09:18:47,24391,24390.05,400,24391,375,1000,13679300
NIFTY-I.NFO,12/07/2024,09:18:48,24390,24389.9,25,24390,3525,1650,13679300
NIFTY-I.NFO,12/07/2024,09:18:48,24389.85,24389.9,25,24390,3525,0,13679300
NIFTY-I.NFO,12/07/2024,09:18:50,24389.85,24389.8,25,24389.85,375,6550,13679300
NIFTY-I.NFO,12/07/2024,09:18:50,24389.75,24389.8,25,24389.85,375,0,13679300
NIFTY-I.NFO,12/07/2024,09:18:52,24390.75,24390.65,500,24392.25,475,1225,13679300
NIFTY-I.NFO,12/07/2024,09:18:52,24389.7,24390.65,500,24392.25,475,0,13679300
NIFTY-I.NFO,12/07/2024,09:18:53,24392.25,24390.85,25,24392.25,425,1175,13679300
NIFTY-I.NFO,12/07/2024,09:18:55,24392,24390.55,25,24392,75,375,13679300
NIFTY-I.NFO,12/07/2024,09:18:56,24390.7,24390.55,200,24390.7,575,1250,13679300
NIFTY-I.NFO,12/07/2024,09:18:58,24390.1,24390.3,500,24390.75,50,775,13679300
NIFTY-I.NFO,12/07/2024,09:19:00,24390.85,24389.85,125,24391.35,100,1500,13679300
NIFTY-I.NFO,12/07/2024,09:19:01,24386.75,24386,500,24387.2,50,2100,13679300
NIFTY-I.NFO,12/07/2024,09:19:01,24386.75,24386,500,24387.2,50,0,13679300
NIFTY-I.NFO,12/07/2024,09:19:03,24388.65,24388.45,300,24390,150,775,13679300
NIFTY-I.NFO,12/07/2024,09:19:04,24387.4,24387.05,500,24389.95,50,1500,13679300
NIFTY-I.NFO,12/07/2024,09:19:04,24386.4,24387.05,500,24389.95,50,0,13679300
NIFTY-I.NFO,12/07/2024,09:19:06,24389.75,24387.1,300,24389.8,50,625,13679300
NIFTY-I.NFO,12/07/2024,09:19:06,24386.3,24387.1,300,24389.8,50,0,13679300
NIFTY-I.NFO,12/07/2024,09:19:08,24387.65,24387.3,100,24390,325,1500,13679300
NIFTY-I.NFO,12/07/2024,09:19:09,24387.35,24387.35,125,24390,275,1550,13679300
NIFTY-I.NFO,12/07/2024,09:19:11,24386.55,24386.35,525,24387.35,75,250,13679300
NIFTY-I.NFO,12/07/2024,09:19:13,24387,24387.15,200,24387.95,700,1000,13679300
NIFTY-I.NFO,12/07/2024,09:19:14,24390,24387.3,25,24390,100,1100,13679300
NIFTY-I.NFO,12/07/2024,09:19:16,24386.6,24387.5,200,24387.95,25,1700,13679300
NIFTY-I.NFO,12/07/2024,09:19:18,24387.95,24387.4,1850,24390,225,200,13679300
NIFTY-I.NFO,12/07/2024,09:19:19,24387.4,24387.4,1625,24387.85,25,275,13679300
NIFTY-I.NFO,12/07/2024,09:19:21,24387.4,24387.4,1275,24388,400,375,13679300
NIFTY-I.NFO,12/07/2024,09:19:22,24388.2,24387.45,50,24389.95,25,625,13679300
NIFTY-I.NFO,12/07/2024,09:19:24,24389.95,24388.2,200,24390,300,1050,13679300
NIFTY-I.NFO,12/07/2024,09:19:26,24388.75,24388.65,75,24390,275,300,13679300
NIFTY-I.NFO,12/07/2024,09:19:27,24390,24389.05,200,24390,275,100,13679300
NIFTY-I.NFO,12/07/2024,09:19:29,24390,24388.05,25,24390,200,700,13679300
NIFTY-I.NFO,12/07/2024,09:19:31,24389.05,24389.1,150,24390,175,150,13679300
NIFTY-I.NFO,12/07/2024,09:19:32,24390,24390,100,24390.1,600,575,13679300
NIFTY-I.NFO,12/07/2024,09:19:34,24388.05,24388.1,150,24390.1,600,325,13679300
NIFTY-I.NFO,12/07/2024,09:19:36,24390.1,24390.1,50,24390.2,150,725,13679300
NIFTY-I.NFO,12/07/2024,09:19:37,24392.55,24390.65,100,24392.55,100,450,13679300
NIFTY-I.NFO,12/07/2024,09:19:39,24392.55,24392.05,25,24392.55,75,500,13679300
NIFTY-I.NFO,12/07/2024,09:19:41,24394,24392.55,25,24394,1050,475,13679300
NIFTY-I.NFO,12/07/2024,09:19:42,24392.55,24392.05,300,24394,1000,100,13679300
NIFTY-I.NFO,12/07/2024,09:19:44,24391.05,24391.05,300,24392.6,125,50,13679300
NIFTY-I.NFO,12/07/2024,09:19:46,24394,24390.75,300,24394,1175,450,13679300
NIFTY-I.NFO,12/07/2024,09:19:47,24390.85,24391.6,50,24394,975,725,13679300
NIFTY-I.NFO,12/07/2024,09:19:49,24394,24391.8,50,24394,1500,1100,13679300
NIFTY-I.NFO,12/07/2024,09:19:50,24393.95,24393.95,25,24394,900,900,13679300
NIFTY-I.NFO,12/07/2024,09:19:52,24391.05,24391.05,50,24393.8,150,1100,13679300
NIFTY-I.NFO,12/07/2024,09:19:54,24391.05,24391.05,225,24393,25,275,13679300
NIFTY-I.NFO,12/07/2024,09:19:55,24390.2,24390,125,24391.35,25,1150,13679300
NIFTY-I.NFO,12/07/2024,09:19:57,24389.1,24389.1,675,24389.95,25,225,13679300
NIFTY-I.NFO,12/07/2024,09:19:59,24390,24389.2,25,24390,50,300,13679300
NIFTY-I.NFO,12/07/2024,09:20:00,24387.05,24385.1,25,24388.25,25,29975,13679300
NIFTY-I.NFO,12/07/2024,09:20:00,24383,24385.1,25,24388.25,25,0,13679300
NIFTY-I.NFO,12/07/2024,09:20:02,24387.2,24388.65,25,24389.05,25,1375,13679300
NIFTY-I.NFO,12/07/2024,09:20:04,24387.05,24387,100,24389.05,25,200,13679300
NIFTY-I.NFO,12/07/2024,09:20:05,24392,24388,25,24391.6,50,1975,13679300
NIFTY-I.NFO,12/07/2024,09:20:07,24388.35,24388.65,200,24392.5,100,475,13679300
NIFTY-I.NFO,12/07/2024,09:20:08,24389.7,24389.9,25,24392.95,25,200,13679300
NIFTY-I.NFO,12/07/2024,09:20:10,24388.9,24389.6,100,24392,25,225,13679300
NIFTY-I.NFO,12/07/2024,09:20:12,24393,24391.55,25,24393,25,150,13679300
NIFTY-I.NFO,12/07/2024,09:20:13,24390.35,24390.35,50,24392.95,175,50,13679300
NIFTY-I.NFO,12/07/2024,09:20:15,24392,24392,125,24392.9,25,100,13679300
NIFTY-I.NFO,12/07/2024,09:20:16,24392.65,24390,25,24392.55,25,1325,13679300
NIFTY-I.NFO,12/07/2024,09:20:18,24390.35,24388.85,125,24390.35,75,200,13679300
NIFTY-I.NFO,12/07/2024,09:20:20,24388.85,24388.85,100,24390,200,200,13679300
NIFTY-I.NFO,12/07/2024,09:20:21,24390,24388.85,125,24390,150,100,13679300
NIFTY-I.NFO,12/07/2024,09:20:23,24392.65,24390.7,125,24392.65,25,800,13679300
NIFTY-I.NFO,12/07/2024,09:20:25,24392.65,24391.4,100,24391.95,25,275,13679300
NIFTY-I.NFO,12/07/2024,09:20:26,24390.55,24390.55,25,24390.8,50,250,13679300
NIFTY-I.NFO,12/07/2024,09:20:28,24390.35,24390.35,650,24391.95,25,425,13679300
NIFTY-I.NFO,12/07/2024,09:20:29,24392,24390.35,625,24392,475,300,13679300
NIFTY-I.NFO,12/07/2024,09:20:31,24390.35,24390.35,450,24391.55,75,450,13679300
NIFTY-I.NFO,12/07/2024,09:20:32,24390.6,24390.05,50,24390.65,200,600,13679300
NIFTY-I.NFO,12/07/2024,09:20:34,24390.05,24390.05,275,24390.6,25,75,13679300
NIFTY-I.NFO,12/07/2024,09:20:36,24390.65,24390.3,25,24390.65,50,300,13679300
NIFTY-I.NFO,12/07/2024,09:20:37,24390.05,24390.3,225,24390.5,25,50,13679300
NIFTY-I.NFO,12/07/2024,09:20:39,24390.2,24390.25,100,24390.65,25,650,13679300
NIFTY-I.NFO,12/07/2024,09:20:40,24392.1,24392.1,100,24392.6,25,900,13679300
NIFTY-I.NFO,12/07/2024,09:20:42,24392.1,24391.7,100,24392.65,225,350,13679300
NIFTY-I.NFO,12/07/2024,09:20:44,24393.95,24393.2,100,24393.95,25,450,13679300
NIFTY-I.NFO,12/07/2024,09:20:45,24396.2,24395.05,125,24396.7,175,2200,13679300
NIFTY-I.NFO,12/07/2024,09:20:47,24396.15,24396.55,100,24396.65,25,575,13679300
NIFTY-I.NFO,12/07/2024,09:20:48,24396.15,24394.15,100,24396.4,100,350,13679300
NIFTY-I.NFO,12/07/2024,09:20:50,24394.6,24395.8,100,24396.65,25,150,13679300
NIFTY-I.NFO,12/07/2024,09:20:52,24396.65,24395.55,100,24396.65,25,375,13679300
NIFTY-I.NFO,12/07/2024,09:20:53,24396.95,24397.55,75,24398.8,25,725,13679300
NIFTY-I.NFO,12/07/2024,09:20:55,24399,24398.9,100,24399.95,125,425,13679300
NIFTY-I.NFO,12/07/2024,09:20:57,24397.55,24399,25,24399.95,25,1550,13679300
NIFTY-I.NFO,12/07/2024,09:20:58,24396.4,24396.7,25,24398.85,25,575,13679300
NIFTY-I.NFO,12/07/2024,09:21:00,24397.5,24394.1,100,24397.35,100,675,13679300
NIFTY-I.NFO,12/07/2024,09:21:01,24392.65,24392.85,25,24395.75,75,675,13679300
NIFTY-I.NFO,12/07/2024,09:21:03,24391.55,24393.05,350,24395,25,12050,13679300
NIFTY-I.NFO,12/07/2024,09:21:05,24395.35,24394.05,250,24395.35,25,175,13679300
NIFTY-I.NFO,12/07/2024,09:21:07,24395.75,24395.75,1700,24398.15,25,600,13679300
NIFTY-I.NFO,12/07/2024,09:21:08,24395.75,24396.5,200,24398.75,150,175,13679300
NIFTY-I.NFO,12/07/2024,09:21:10,24396.05,24396.05,50,24398.55,25,375,13679300
NIFTY-I.NFO,12/07/2024,09:21:12,24395.75,24395.75,1425,24396.45,25,300,13679300
NIFTY-I.NFO,12/07/2024,09:21:13,24397.95,24396.85,50,24398,475,500,13679300
NIFTY-I.NFO,12/07/2024,09:21:15,24398,24397.9,75,24399,25,525,13679300
NIFTY-I.NFO,12/07/2024,09:21:16,24398,24397.9,75,24398.45,25,75,13679300
NIFTY-I.NFO,12/07/2024,09:21:18,24396.85,24397.05,25,24397.95,25,200,13679300
NIFTY-I.NFO,12/07/2024,09:21:20,24396.1,24396.35,25,24398.85,75,800,13728075
NIFTY-I.NFO,12/07/2024,09:21:21,24396.5,24396.5,125,24398.05,25,150,13728075
NIFTY-I.NFO,12/07/2024,09:21:23,24397.2,24397.15,50,24398.9,25,1175,13728075
NIFTY-I.NFO,12/07/2024,09:21:25,24397,24397,100,24397.8,25,150,13728075
NIFTY-I.NFO,12/07/2024,09:21:26,24397,24396.3,100,24396.95,25,150,13728075
NIFTY-I.NFO,12/07/2024,09:21:28,24396.45,24396.6,125,24396.9,25,150,13728075
NIFTY-I.NFO,12/07/2024,09:21:29,24396.1,24396.35,25,24396.5,75,450,13728075
NIFTY-I.NFO,12/07/2024,09:21:31,24397.85,24397,150,24397.85,25,825,13728075
NIFTY-I.NFO,12/07/2024,09:21:33,24397.55,24397.55,50,24398.4,25,350,13728075
NIFTY-I.NFO,12/07/2024,09:21:34,24397.6,24397.9,50,24398.4,25,800,13728075
NIFTY-I.NFO,12/07/2024,09:21:36,24397.45,24398,250,24398.6,125,875,13728075
NIFTY-I.NFO,12/07/2024,09:21:38,24399.95,24399.15,100,24399.9,25,550,13728075
NIFTY-I.NFO,12/07/2024,09:21:39,24401,24400.5,100,24401.3,75,1850,13728075
NIFTY-I.NFO,12/07/2024,09:21:41,24401.3,24401.5,225,24402,150,850,13728075
NIFTY-I.NFO,12/07/2024,09:21:43,24403.35,24401.5,300,24403.4,250,450,13728075
NIFTY-I.NFO,12/07/2024,09:21:44,24404,24403,325,24404,175,175,13728075
NIFTY-I.NFO,12/07/2024,09:21:46,24403.5,24403.5,50,24403.9,25,525,13728075
NIFTY-I.NFO,12/07/2024,09:21:48,24404,24403.8,150,24404,25,300,13728075
NIFTY-I.NFO,12/07/2024,09:21:49,24404.25,24404.15,100,24404.9,25,400,13728075
NIFTY-I.NFO,12/07/2024,09:21:51,24405,24404.45,75,24405,2200,1000,13728075
NIFTY-I.NFO,12/07/2024,09:21:53,24404.45,24404.45,250,24405,2175,100,13728075
NIFTY-I.NFO,12/07/2024,09:21:54,24404.45,24404.45,50,24405,1050,1350,13728075
NIFTY-I.NFO,12/07/2024,09:21:56,24405.4,24405,450,24405.3,150,1275,13728075
NIFTY-I.NFO,12/07/2024,09:21:58,24405.55,24405,850,24405.55,175,250,13728075
NIFTY-I.NFO,12/07/2024,09:21:59,24405.55,24405,1825,24405.6,150,250,13728075
NIFTY-I.NFO,12/07/2024,09:22:01,24406.6,24405.65,25,24406.55,150,350,13728075
NIFTY-I.NFO,12/07/2024,09:22:03,24406.95,24406.95,125,24407.4,150,675,13728075
NIFTY-I.NFO,12/07/2024,09:22:04,24406.95,24406.95,75,24408.85,25,2750,13728075
NIFTY-I.NFO,12/07/2024,09:22:06,24409.35,24407.5,100,24409.35,150,100,13728075
NIFTY-I.NFO,12/07/2024,09:22:08,24410,24408.95,75,24410.95,100,2100,13728075
NIFTY-I.NFO,12/07/2024,09:22:09,24409.45,24407.65,200,24409.5,150,250,13728075
NIFTY-I.NFO,12/07/2024,09:22:11,24409.8,24408.95,250,24409.8,175,425,13728075
NIFTY-I.NFO,12/07/2024,09:22:13,24408.55,24408.45,250,24409.8,125,100,13728075
NIFTY-I.NFO,12/07/2024,09:22:14,24409.4,24409.45,125,24410.75,25,800,13728075
NIFTY-I.NFO,12/07/2024,09:22:16,24414.9,24412.25,50,24415,125,4925,13728075
NIFTY-I.NFO,12/07/2024,09:22:17,24416,24416.5,225,24417,25,4225,13728075
NIFTY-I.NFO,12/07/2024,09:22:19,24416.5,24416.5,50,24417.9,675,275,13728075
NIFTY-I.NFO,12/07/2024,09:22:21,24417.5,24417.5,125,24417.9,625,325,13728075
NIFTY-I.NFO,12/07/2024,09:22:22,24414.15,24412.55,25,24414.25,25,1200,13728075
NIFTY-I.NFO,12/07/2024,09:22:24,24414.85,24411.2,50,24415.05,50,175,13728075
NIFTY-I.NFO,12/07/2024,09:22:26,24414.95,24411.25,200,24414.9,25,725,13728075
NIFTY-I.NFO,12/07/2024,09:22:27,24414.7,24411.25,150,24414.3,25,1525,13728075
NIFTY-I.NFO,12/07/2024,09:22:29,24416.05,24411.65,100,24416.05,25,300,13728075
NIFTY-I.NFO,12/07/2024,09:22:31,24415.45,24411.15,100,24415.4,25,200,13728075
NIFTY-I.NFO,12/07/2024,09:22:32,24414,24414,350,24416.05,50,275,13728075
NIFTY-I.NFO,12/07/2024,09:22:34,24414,24414,225,24414.85,50,725,13728075
NIFTY-I.NFO,12/07/2024,09:22:36,24414,24414,200,24415.3,150,675,13728075
NIFTY-I.NFO,12/07/2024,09:22:37,24413.4,24412.65,25,24413.5,50,825,13728075
NIFTY-I.NFO,12/07/2024,09:22:39,24414,24411.75,50,24414,875,600,13728075
NIFTY-I.NFO,12/07/2024,09:22:41,24412,24411.8,50,24412,400,1000,13728075
NIFTY-I.NFO,12/07/2024,09:22:42,24416.05,24414,175,24416.1,25,1800,13728075
NIFTY-I.NFO,12/07/2024,09:22:44,24415,24415,200,24416.2,25,550,13728075
NIFTY-I.NFO,12/07/2024,09:22:46,24416.85,24415,175,24416.8,25,475,13728075
NIFTY-I.NFO,12/07/2024,09:22:47,24417,24415.5,25,24417,4025,1025,13728075
NIFTY-I.NFO,12/07/2024,09:22:49,24415.45,24415.45,50,24416.95,25,475,13728075
NIFTY-I.NFO,12/07/2024,09:22:51,24416.95,24416.05,25,24416.85,25,100,13728075
NIFTY-I.NFO,12/07/2024,09:22:52,24414,24414.35,100,24417,2725,1925,13728075
NIFTY-I.NFO,12/07/2024,09:22:54,24415.45,24415.05,25,24416.9,25,75,13728075
NIFTY-I.NFO,12/07/2024,09:22:56,24416.1,24411.9,75,24416.05,25,1625,13728075
NIFTY-I.NFO,12/07/2024,09:22:57,24415.2,24414,100,24415.2,50,200,13728075
NIFTY-I.NFO,12/07/2024,09:22:59,24415.55,24414,75,24415.45,25,100,13728075
NIFTY-I.NFO,12/07/2024,09:23:01,24416.6,24414,200,24416.55,25,200,13728075
NIFTY-I.NFO,12/07/2024,09:23:02,24412.2,24412.5,250,24415.55,25,275,13728075
NIFTY-I.NFO,12/07/2024,09:23:04,24416.45,24413,150,24416.5,25,575,13728075
NIFTY-I.NFO,12/07/2024,09:23:05,24416,24412.65,250,24416,25,75,13728075
NIFTY-I.NFO,12/07/2024,09:23:07,24415.4,24412.1,150,24415.4,25,25,13728075
NIFTY-I.NFO,12/07/2024,09:23:09,24415.4,24413.35,250,24415.4,50,0,13728075
NIFTY-I.NFO,12/07/2024,09:23:10,24415.4,24413.3,25,24415.4,50,100,13728075
NIFTY-I.NFO,12/07/2024,09:23:12,24417,24413.3,325,24416.6,150,1150,13728075
NIFTY-I.NFO,12/07/2024,09:23:14,24417,24416.3,300,24417,1225,450,13728075
NIFTY-I.NFO,12/07/2024,09:23:15,24419,24416.5,100,24418,25,2550,13728075
NIFTY-I.NFO,12/07/2024,09:23:17,24416.75,24416.95,25,24417.85,25,50,13728075
NIFTY-I.NFO,12/07/2024,09:23:19,24419,24418.1,50,24419.2,25,950,13728075
NIFTY-I.NFO,12/07/2024,09:23:20,24420,24420,1175,24420.95,25,2200,13728075
NIFTY-I.NFO,12/07/2024,09:23:22,24420,24420,1075,24424.05,25,2975,13728075
NIFTY-I.NFO,12/07/2024,09:23:24,24420.15,24420.05,50,24423.65,25,5475,13728075
NIFTY-I.NFO,12/07/2024,09:23:25,24422.7,24418.35,200,24421.95,125,300,13728075
NIFTY-I.NFO,12/07/2024,09:23:27,24417.95,24417.6,25,24417.8,25,475,13728075
NIFTY-I.NFO,12/07/2024,09:23:29,24422,24417.6,175,24418.05,100,575,13728075
NIFTY-I.NFO,12/07/2024,09:23:30,24421.65,24417.85,25,24421.65,25,600,13728075
NIFTY-I.NFO,12/07/2024,09:23:32,24421.4,24418,25,24421.45,25,375,13728075
NIFTY-I.NFO,12/07/2024,09:23:33,24422,24418.3,25,24422,450,675,13728075
NIFTY-I.NFO,12/07/2024,09:23:35,24417.8,24417.8,75,24420.9,25,150,13728075
NIFTY-I.NFO,12/07/2024,09:23:37,24416.65,24416.65,75,24418.3,25,1450,13728075
NIFTY-I.NFO,12/07/2024,09:23:38,24422.3,24417.8,25,24422.25,25,1200,13728075
NIFTY-I.NFO,12/07/2024,09:23:40,24418.45,24418.15,50,24422,25,225,13728075
NIFTY-I.NFO,12/07/2024,09:23:42,24418.15,24420.9,150,24421.95,25,50,13728075
NIFTY-I.NFO,12/07/2024,09:23:43,24418.25,24418.25,125,24422,550,275,13728075
NIFTY-I.NFO,12/07/2024,09:23:45,24420.15,24419.75,125,24422,525,975,13728075
NIFTY-I.NFO,12/07/2024,09:23:46,24422,24419,50,24422,875,50,13728075
NIFTY-I.NFO,12/07/2024,09:23:48,24419,24419,25,24421,25,125,13728075
NIFTY-I.NFO,12/07/2024,09:23:50,24419,24418.3,125,24422,1400,100,13728075
NIFTY-I.NFO,12/07/2024,09:23:51,24418.45,24418.4,225,24422,1400,25,13728075
NIFTY-I.NFO,12/07/2024,09:23:53,24421,24419.45,25,24419.5,25,600,13728075
NIFTY-I.NFO,12/07/2024,09:23:55,24422,24420.9,50,24422,1400,275,13728075
NIFTY-I.NFO,12/07/2024,09:23:56,24422,24420.1,25,24421,100,225,13728075
NIFTY-I.NFO,12/07/2024,09:23:58,24419.45,24419.35,25,24419.75,125,350,13728075
NIFTY-I.NFO,12/07/2024,09:23:59,24421.9,24419.9,25,24422,1525,625,13728075
NIFTY-I.NFO,12/07/2024,09:24:01,24420.7,24420.6,125,24422,1525,275,13728075
NIFTY-I.NFO,12/07/2024,09:24:03,24421.95,24420.55,125,24422,1500,50,13728075
NIFTY-I.NFO,12/07/2024,09:24:04,24422,24420.3,125,24421.95,25,475,13728075
NIFTY-I.NFO,12/07/2024,09:24:06,24421.2,24420.7,25,24421.9,100,125,13728075
NIFTY-I.NFO,12/07/2024,09:24:08,24420.5,24420.5,275,24421.95,100,175,13728075
NIFTY-I.NFO,12/07/2024,09:24:09,24420.65,24420.5,375,24421.95,25,150,13728075
NIFTY-I.NFO,12/07/2024,09:24:11,24420.5,24421.05,25,24422,1375,150,13728075
NIFTY-I.NFO,12/07/2024,09:24:12,24422,24420.7,25,24422,400,1075,13728075
NIFTY-I.NFO,12/07/2024,09:24:14,24421.95,24421.95,325,24422,325,250,13728075
NIFTY-I.NFO,12/07/2024,09:24:16,24421.45,24421.45,25,24422,300,1550,13728075
NIFTY-I.NFO,12/07/2024,09:24:17,24421.95,24421.4,25,24422,225,175,13728075
NIFTY-I.NFO,12/07/2024,09:24:19,24420,24420,125,24421.85,25,400,13728075
NIFTY-I.NFO,12/07/2024,09:24:21,24419.45,24419.4,25,24421.45,75,100,13732050
NIFTY-I.NFO,12/07/2024,09:24:22,24419.45,24419,125,24420,25,0,13732050
NIFTY-I.NFO,12/07/2024,09:24:24,24419.45,24419,300,24419.45,25,0,13732050
NIFTY-I.NFO,12/07/2024,09:24:25,24419.35,24419.25,125,24419.35,25,75,13732050
NIFTY-I.NFO,12/07/2024,09:24:27,24419.4,24418.85,350,24420,175,1150,13732050
NIFTY-I.NFO,12/07/2024,09:24:28,24417.6,24418,25,24419.4,50,475,13732050
NIFTY-I.NFO,12/07/2024,09:24:30,24417.6,24418.05,125,24419.4,50,0,13732050
NIFTY-I.NFO,12/07/2024,09:24:32,24420,24418.7,125,24420,350,225,13732050
NIFTY-I.NFO,12/07/2024,09:24:33,24420,24418.05,150,24419.4,650,0,13732050
NIFTY-I.NFO,12/07/2024,09:24:35,24419.4,24418.85,150,24419.4,575,250,13732050
NIFTY-I.NFO,12/07/2024,09:24:36,24419.5,24418.65,125,24419.5,100,1800,13732050
NIFTY-I.NFO,12/07/2024,09:24:38,24419.3,24419.05,125,24419.5,25,225,13732050
NIFTY-I.NFO,12/07/2024,09:24:39,24418,24417.8,25,24418.5,150,100,13732050
NIFTY-I.NFO,12/07/2024,09:24:41,24417.65,24417.65,25,24418.45,25,200,13732050
NIFTY-I.NFO,12/07/2024,09:24:43,24417.65,24417.55,50,24417.85,150,800,13732050
NIFTY-I.NFO,12/07/2024,09:24:44,24420,24418.5,175,24420,425,1225,13732050
NIFTY-I.NFO,12/07/2024,09:24:46,24418.75,24418.85,125,24420,425,1325,13732050
NIFTY-I.NFO,12/07/2024,09:24:47,24420,24418.25,25,24420,325,175,13732050
NIFTY-I.NFO,12/07/2024,09:24:49,24419.4,24418,125,24419.4,100,25,13732050
NIFTY-I.NFO,12/07/2024,09:24:51,24419.4,24418.1,125,24419.4,100,0,13732050
NIFTY-I.NFO,12/07/2024,09:24:52,24419.4,24419.4,175,24420,575,325,13732050
NIFTY-I.NFO,12/07/2024,09:24:54,24419.4,24419.4,75,24420,975,100,13732050
NIFTY-I.NFO,12/07/2024,09:24:55,24420,24419.6,150,24420,125,925,13732050
NIFTY-I.NFO,12/07/2024,09:24:57,24419.95,24419.9,25,24421,25,675,13732050
NIFTY-I.NFO,12/07/2024,09:24:59,24419.3,24419.4,225,24420,625,325,13732050
NIFTY-I.NFO,12/07/2024,09:25:00,24420.25,24420.25,250,24421,25,650,13732050
NIFTY-I.NFO,12/07/2024,09:25:02,24420.25,24420.65,200,24421,25,50,13732050
NIFTY-I.NFO,12/07/2024,09:25:03,24422,24421.95,150,24422.2,25,650,13732050
NIFTY-I.NFO,12/07/2024,09:25:05,24425,24425,175,24427.45,50,6900,13732050
NIFTY-I.NFO,12/07/2024,09:25:05,24428.85,24425,175,24427.45,50,0,13732050
NIFTY-I.NFO,12/07/2024,09:25:07,24427.55,24425,125,24427.6,25,325,13732050
NIFTY-I.NFO,12/07/2024,09:25:08,24426,24425.05,100,24426,1475,225,13732050
NIFTY-I.NFO,12/07/2024,09:25:10,24425,24424.45,150,24426,450,1300,13732050
NIFTY-I.NFO,12/07/2024,09:25:12,24425,24424.25,175,24425,175,575,13732050
NIFTY-I.NFO,12/07/2024,09:25:13,24422.15,24421.85,50,24425,150,75,13732050
NIFTY-I.NFO,12/07/2024,09:25:15,24426,24424.6,125,24426,25,375,13732050
NIFTY-I.NFO,12/07/2024,09:25:16,24428.85,24427,200,24428.5,25,600,13732050
NIFTY-I.NFO,12/07/2024,09:25:18,24433.5,24430,200,24432.7,25,9850,13732050
NIFTY-I.NFO,12/07/2024,09:25:18,24434,24430,200,24432.7,25,0,13732050
NIFTY-I.NFO,12/07/2024,09:25:20,24432.4,24428.75,200,24432.05,25,575,13732050
NIFTY-I.NFO,12/07/2024,09:25:21,24432.2,24430.05,25,24432.15,25,325,13732050
NIFTY-I.NFO,12/07/2024,09:25:23,24430.35,24427.05,50,24430,25,725,13732050
NIFTY-I.NFO,12/07/2024,09:25:25,24427.05,24428.7,150,24432.35,25,75,13732050
NIFTY-I.NFO,12/07/2024,09:25:26,24430.1,24430.15,25,24433.95,25,400,13732050
NIFTY-I.NFO,12/07/2024,09:25:28,24429.25,24429.3,125,24431.45,25,1875,13732050
NIFTY-I.NFO,12/07/2024,09:25:30,24430.05,24430.05,125,24432.85,25,325,13732050
NIFTY-I.NFO,12/07/2024,09:25:31,24434,24430.6,125,24434,1600,300,13732050
NIFTY-I.NFO,12/07/2024,09:25:33,24430,24430,950,24432.65,50,850,13732050
NIFTY-I.NFO,12/07/2024,09:25:35,24430.35,24430.05,25,24432,775,225,13732050
NIFTY-I.NFO,12/07/2024,09:25:36,24430.35,24429.35,1200,24431.6,25,1175,13732050
NIFTY-I.NFO,12/07/2024,09:25:38,24432,24430.1,50,24432,725,1000,13732050
NIFTY-I.NFO,12/07/2024,09:25:40,24431.95,24429.4,100,24431.85,25,275,13732050
NIFTY-I.NFO,12/07/2024,09:25:41,24430.05,24429.4,100,24431.85,25,175,13732050
NIFTY-I.NFO,12/07/2024,09:25:43,24432,24430,25,24431.95,75,1925,13732050
NIFTY-I.NFO,12/07/2024,09:25:45,24430.05,24430.05,275,24432.7,50,400,13732050
NIFTY-I.NFO,12/07/2024,09:25:46,24430.1,24430.1,50,24433.75,25,2200,13732050
NIFTY-I.NFO,12/07/2024,09:25:48,24432.7,24432.7,50,24434,1375,400,13732050
NIFTY-I.NFO,12/07/2024,09:25:50,24434,24432.95,100,24434,1250,275,13732050
NIFTY-I.NFO,12/07/2024,09:25:51,24434,24433.15,125,24434,775,550,13732050
NIFTY-I.NFO,12/07/2024,09:25:53,24431.35,24431.35,50,24432.7,50,1475,13732050
NIFTY-I.NFO,12/07/2024,09:25:53,24434.4,24431.35,50,24432.7,50,0,13732050
NIFTY-I.NFO,12/07/2024,09:25:54,24432.7,24431.7,200,24434.8,150,875,13732050
NIFTY-I.NFO,12/07/2024,09:25:54,24434.8,24431.7,200,24434.8,150,0,13732050
NIFTY-I.NFO,12/07/2024,09:25:56,24433.3,24433.25,75,24434.95,175,400,13732050
NIFTY-I.NFO,12/07/2024,09:25:56,24434.95,24433.25,75,24434.95,175,0,13732050
NIFTY-I.NFO,12/07/2024,09:25:58,24433.65,24433.7,325,24435,2525,750,13732050
NIFTY-I.NFO,12/07/2024,09:25:58,24435,24433.7,325,24435,2525,0,13732050
NIFTY-I.NFO,12/07/2024,09:25:59,24434.35,24434.35,125,24435,2275,675,13732050
NIFTY-I.NFO,12/07/2024,09:26:01,24435.5,24434.8,100,24435.5,200,2300,13732050
NIFTY-I.NFO,12/07/2024,09:26:01,24435.5,24434.8,100,24435.5,200,0,13732050
NIFTY-I.NFO,12/07/2024,09:26:03,24436,24434.9,100,24436,500,850,13732050
NIFTY-I.NFO,12/07/2024,09:26:03,24436,24434.9,100,24436,500,0,13732050
NIFTY-I.NFO,12/07/2024,09:26:04,24434.35,24434.15,75,24434.35,400,275,13732050
NIFTY-I.NFO,12/07/2024,09:26:06,24436,24435.4,100,24436,225,625,13732050
NIFTY-I.NFO,12/07/2024,09:26:08,24438.5,24438.2,25,24438.95,25,1100,13732050
NIFTY-I.NFO,12/07/2024,09:26:08,24438.9,24438.2,25,24438.95,25,0,13732050
NIFTY-I.NFO,12/07/2024,09:26:09,24437.9,24438.7,150,24440,4900,1325,13732050
NIFTY-I.NFO,12/07/2024,09:26:09,24440,24438.7,150,24440,4900,0,13732050
NIFTY-I.NFO,12/07/2024,09:26:11,24440,24438.55,25,24440,4700,250,13732050
NIFTY-I.NFO,12/07/2024,09:26:12,24440,24439.95,25,24440,2525,2400,13732050
NIFTY-I.NFO,12/07/2024,09:26:14,24443.25,24443.25,25,24444,6100,4575,13732050
NIFTY-I.NFO,12/07/2024,09:26:14,24444,24443.25,25,24444,6100,0,13732050
NIFTY-I.NFO,12/07/2024,09:26:16,24443.05,24440.05,75,24443.3,200,1650,13732050
NIFTY-I.NFO,12/07/2024,09:26:17,24440.05,24440.05,50,24443.5,150,600,13732050
NIFTY-I.NFO,12/07/2024,09:26:19,24444,24441.75,75,24443.9,25,300,13732050
NIFTY-I.NFO,12/07/2024,09:26:21,24444,24443.3,75,24444,525,5775,13732050
NIFTY-I.NFO,12/07/2024,09:26:22,24447,24445.15,100,24447,500,6425,13732050
NIFTY-I.NFO,12/07/2024,09:26:22,24447,24445.15,100,24447,500,0,13732050
NIFTY-I.NFO,12/07/2024,09:26:24,24447,24445.05,100,24447.2,50,1025,13732050
NIFTY-I.NFO,12/07/2024,09:26:25,24445.1,24445.1,75,24446,25,225,13732050
NIFTY-I.NFO,12/07/2024,09:26:25,24447.2,24445.1,75,24446,25,0,13732050
NIFTY-I.NFO,12/07/2024,09:26:27,24447.5,24445.45,100,24447.5,150,975,13732050
NIFTY-I.NFO,12/07/2024,09:26:27,24447.5,24445.45,100,24447.5,150,0,13732050
NIFTY-I.NFO,12/07/2024,09:26:29,24446,24446.05,100,24447,175,400,13732050
NIFTY-I.NFO,12/07/2024,09:26:30,24447,24446.05,225,24447,150,175,13732050
NIFTY-I.NFO,12/07/2024,09:26:32,24446.1,24446.1,50,24447,25,500,13732050
NIFTY-I.NFO,12/07/2024,09:26:32,24447.55,24446.1,50,24447,25,0,13732050
NIFTY-I.NFO,12/07/2024,09:26:34,24445.05,24445.05,75,24446.05,575,1175,13732050
NIFTY-I.NFO,12/07/2024,09:26:35,24445,24445,9725,24445.15,100,650,13732050
NIFTY-I.NFO,12/07/2024,09:26:37,24445.5,24446.1,1200,24447,75,975,13732050
NIFTY-I.NFO,12/07/2024,09:26:39,24447.4,24447.55,75,24448,1175,925,13732050
NIFTY-I.NFO,12/07/2024,09:26:39,24448,24447.55,75,24448,1175,0,13732050
NIFTY-I.NFO,12/07/2024,09:26:40,24450,24449.2,200,24450,9725,14100,13732050
NIFTY-I.NFO,12/07/2024,09:26:40,24450,24449.2,200,24450,9725,0,13732050
NIFTY-I.NFO,12/07/2024,09:26:42,24451.55,24451.35,400,24451.7,800,19050,13732050
NIFTY-I.NFO,12/07/2024,09:26:42,24451.55,24451.35,400,24451.7,800,0,13732050
NIFTY-I.NFO,12/07/2024,09:26:44,24450.8,24450.8,125,24451.7,575,700,13732050
NIFTY-I.NFO,12/07/2024,09:26:44,24451.7,24450.8,125,24451.7,575,0,13732050
NIFTY-I.NFO,12/07/2024,09:26:45,24451.7,24450.05,100,24451.7,325,675,13732050
NIFTY-I.NFO,12/07/2024,09:26:47,24451.35,24450.95,25,24451.35,475,900,13732050
NIFTY-I.NFO,12/07/2024,09:26:47,24451.85,24450.95,25,24451.35,475,0,13732050
NIFTY-I.NFO,12/07/2024,09:26:49,24452,24451.55,75,24452,975,1625,13732050
NIFTY-I.NFO,12/07/2024,09:26:49,24452,24451.55,75,24452,975,0,13732050
NIFTY-I.NFO,12/07/2024,09:26:50,24452.3,24452.15,25,24452.3,400,3125,13732050
NIFTY-I.NFO,12/07/2024,09:26:50,24452.3,24452.15,25,24452.3,400,0,13732050
NIFTY-I.NFO,12/07/2024,09:26:52,24451.6,24451.55,25,24452.75,350,3250,13732050
NIFTY-I.NFO,12/07/2024,09:26:52,24452.75,24451.55,25,24452.75,350,0,13732050
NIFTY-I.NFO,12/07/2024,09:26:53,24451.4,24451.4,75,24452,225,750,13732050
NIFTY-I.NFO,12/07/2024,09:26:55,24452,24451.4,50,24452,125,475,13732050
NIFTY-I.NFO,12/07/2024,09:26:57,24452.05,24452.05,25,24453.35,375,6550,13732050
NIFTY-I.NFO,12/07/2024,09:26:57,24453.35,24452.05,25,24453.35,375,0,13732050
NIFTY-I.NFO,12/07/2024,09:26:58,24453.5,24453,125,24453.5,600,1000,13732050
NIFTY-I.NFO,12/07/2024,09:26:58,24453.5,24453,125,24453.5,600,0,13732050
NIFTY-I.NFO,12/07/2024,09:27:00,24452.05,24452,775,24453.5,600,300,13732050
NIFTY-I.NFO,12/07/2024,09:27:01,24455.05,24455,600,24455.1,25,4750,13732050
NIFTY-I.NFO,12/07/2024,09:27:01,24455.05,24455,600,24455.1,25,0,13732050
NIFTY-I.NFO,12/07/2024,09:27:03,24453,24452.4,100,24453.95,50,2050,13732050
NIFTY-I.NFO,12/07/2024,09:27:03,24457,24452.4,100,24453.95,50,0,13732050
NIFTY-I.NFO,12/07/2024,09:27:05,24455.9,24452.65,100,24455.8,50,1125,13732050
NIFTY-I.NFO,12/07/2024,09:27:06,24455,24455,350,24456.1,25,1175,13732050
NIFTY-I.NFO,12/07/2024,09:27:08,24453,24453,125,24454.9,25,775,13732050
NIFTY-I.NFO,12/07/2024,09:27:09,24454,24451.35,250,24453.5,175,325,13732050
NIFTY-I.NFO,12/07/2024,09:27:11,24452.55,24452.35,200,24453.5,50,275,13732050
NIFTY-I.NFO,12/07/2024,09:27:13,24452.9,24452.55,225,24454,25,950,13732050
NIFTY-I.NFO,12/07/2024,09:27:14,24454.25,24453.6,275,24454.65,125,775,13732050
NIFTY-I.NFO,12/07/2024,09:27:16,24453,24453,725,24453.4,250,925,13732050
NIFTY-I.NFO,12/07/2024,09:27:17,24454,24453.5,250,24455,200,900,13732050
NIFTY-I.NFO,12/07/2024,09:27:19,24455,24453.1,150,24454.85,25,200,13732050
NIFTY-I.NFO,12/07/2024,09:27:20,24453.1,24453.1,175,24453.6,1000,175,13743025
NIFTY-I.NFO,12/07/2024,09:27:22,24453.1,24453.1,25,24453.6,825,325,13743025
NIFTY-I.NFO,12/07/2024,09:27:23,24453.55,24453.55,225,24456.35,25,1850,13743025
NIFTY-I.NFO,12/07/2024,09:27:25,24453,24453,2500,24453.1,25,750,13743025
NIFTY-I.NFO,12/07/2024,09:27:27,24453,24452,1000,24453.1,25,3800,13743025
NIFTY-I.NFO,12/07/2024,09:27:28,24452.5,24452,875,24453.35,100,2150,13743025
NIFTY-I.NFO,12/07/2024,09:27:30,24452,24452,625,24453.35,100,4225,13743025
NIFTY-I.NFO,12/07/2024,09:27:31,24453.25,24452,475,24453.25,150,300,13743025
NIFTY-I.NFO,12/07/2024,09:27:33,24457,24455.05,150,24457,25,1025,13743025
NIFTY-I.NFO,12/07/2024,09:27:34,24458,24454.9,200,24458,100,900,13743025
NIFTY-I.NFO,12/07/2024,09:27:34,24458,24454.9,200,24458,100,0,13743025
NIFTY-I.NFO,12/07/2024,09:27:36,24455,24455,225,24456.6,25,575,13743025
NIFTY-I.NFO,12/07/2024,09:27:38,24458,24453.4,50,24457.35,50,1250,13743025
NIFTY-I.NFO,12/07/2024,09:27:39,24456.05,24452,500,24453.35,250,1425,13743025
NIFTY-I.NFO,12/07/2024,09:27:41,24455,24455.2,275,24458.1,25,1050,13743025
NIFTY-I.NFO,12/07/2024,09:27:42,24455.25,24455.25,275,24456,25,400,13743025
NIFTY-I.NFO,12/07/2024,09:27:44,24455.3,24455.3,250,24457.7,25,325,13743025
NIFTY-I.NFO,12/07/2024,09:27:46,24457,24457.05,150,24458.95,25,1250,13743025
NIFTY-I.NFO,12/07/2024,09:27:46,24459,24457.05,150,24458.95,25,0,13743025
NIFTY-I.NFO,12/07/2024,09:27:47,24459,24457.1,125,24458.45,25,475,13743025
NIFTY-I.NFO,12/07/2024,09:27:49,24455.5,24455.5,100,24459.25,25,3250,13743025
NIFTY-I.NFO,12/07/2024,09:27:49,24460,24455.5,100,24459.25,25,0,13743025
NIFTY-I.NFO,12/07/2024,09:27:50,24457.05,24455.9,75,24459.8,50,600,13743025
NIFTY-I.NFO,12/07/2024,09:27:52,24457.1,24457.1,125,24458,125,125,13743025
NIFTY-I.NFO,12/07/2024,09:27:53,24457.1,24457.1,75,24459,25,275,13743025
NIFTY-I.NFO,12/07/2024,09:27:55,24455.9,24455.95,150,24457.05,25,1075,13743025
NIFTY-I.NFO,12/07/2024,09:27:57,24458.95,24455.95,25,24457.1,1000,375,13743025
NIFTY-I.NFO,12/07/2024,09:27:58,24455.9,24456.05,50,24457.1,500,1200,13743025
NIFTY-I.NFO,12/07/2024,09:28:00,24457.1,24457.15,175,24458,300,600,13743025
NIFTY-I.NFO,12/07/2024,09:28:01,24454,24454.15,100,24456.05,50,650,13743025
NIFTY-I.NFO,12/07/2024,09:28:03,24453.25,24455,275,24456.4,25,625,13743025
NIFTY-I.NFO,12/07/2024,09:28:04,24455,24455,1625,24455.9,125,300,13743025
NIFTY-I.NFO,12/07/2024,09:28:06,24453.1,24453,50,24455,150,2125,13743025
NIFTY-I.NFO,12/07/2024,09:28:08,24454.8,24452.05,125,24453.25,25,275,13743025
NIFTY-I.NFO,12/07/2024,09:28:09,24453.15,24450.45,300,24453.25,50,1500,13743025
NIFTY-I.NFO,12/07/2024,09:28:11,24451.4,24451.4,350,24453.2,25,1575,13743025
NIFTY-I.NFO,12/07/2024,09:28:12,24450.4,24451.9,200,24454,75,1400,13743025
NIFTY-I.NFO,12/07/2024,09:28:14,24454.95,24451.4,75,24454.95,25,2275,13743025
NIFTY-I.NFO,12/07/2024,09:28:15,24454.05,24454.05,100,24455,150,275,13743025
NIFTY-I.NFO,12/07/2024,09:28:17,24453.4,24453.4,150,24455,375,225,13743025
NIFTY-I.NFO,12/07/2024,09:28:18,24453.9,24453.9,225,24455,400,275,13743025
NIFTY-I.NFO,12/07/2024,09:28:20,24455,24454.95,125,24455,50,2025,13743025
NIFTY-I.NFO,12/07/2024,09:28:21,24456.75,24456.75,25,24458.9,25,2025,13743025
NIFTY-I.NFO,12/07/2024,09:28:23,24457.4,24457.4,50,24459,750,950,13743025
NIFTY-I.NFO,12/07/2024,09:28:25,24455.25,24456.4,250,24457,25,275,13743025
NIFTY-I.NFO,12/07/2024,09:28:26,24457,24455.4,250,24456.75,25,275,13743025
NIFTY-I.NFO,12/07/2024,09:28:28,24455.4,24455,50,24456.4,25,550,13743025
NIFTY-I.NFO,12/07/2024,09:28:30,24455.05,24455.9,250,24456.4,25,1500,13743025
NIFTY-I.NFO,12/07/2024,09:28:31,24458,24457.5,25,24458,475,1075,13743025
NIFTY-I.NFO,12/07/2024,09:28:33,24456.4,24456.4,900,24457,25,125,13743025
NIFTY-I.NFO,12/07/2024,09:28:34,24456.4,24456.4,800,24458.8,150,875,13743025
NIFTY-I.NFO,12/07/2024,09:28:36,24456.4,24456.4,500,24458.8,100,500,13743025
NIFTY-I.NFO,12/07/2024,09:28:37,24456.4,24456.4,150,24458.9,25,1575,13743025
NIFTY-I.NFO,12/07/2024,09:28:39,24458.85,24456,25,24456.4,25,375,13743025
NIFTY-I.NFO,12/07/2024,09:28:41,24459,24456,25,24458.85,25,425,13743025
NIFTY-I.NFO,12/07/2024,09:28:42,24459.1,24456.2,50,24459,25,1000,13743025
NIFTY-I.NFO,12/07/2024,09:28:44,24456.75,24456.4,125,24458,50,500,13743025
NIFTY-I.NFO,12/07/2024,09:28:45,24459,24456.4,75,24459.05,25,500,13743025
NIFTY-I.NFO,12/07/2024,09:28:47,24457.4,24456.65,25,24457,25,1250,13743025
NIFTY-I.NFO,12/07/2024,09:28:49,24456.55,24456.45,25,24456.6,50,425,13743025
NIFTY-I.NFO,12/07/2024,09:28:50,24456.75,24455.35,25,24458.65,50,375,13743025
NIFTY-I.NFO,12/07/2024,09:28:52,24458.4,24455.7,25,24458.75,25,275,13743025
NIFTY-I.NFO,12/07/2024,09:28:53,24459.6,24456.65,1175,24459,25,425,13743025
NIFTY-I.NFO,12/07/2024,09:28:55,24458.8,24456.65,1025,24458.75,25,325,13743025
NIFTY-I.NFO,12/07/2024,09:28:57,24457,24456.65,775,24459.1,50,475,13743025
NIFTY-I.NFO,12/07/2024,09:28:58,24453.3,24454,25,24456,975,1800,13743025
NIFTY-I.NFO,12/07/2024,09:29:00,24455.9,24455.85,125,24459,50,1725,13743025
NIFTY-I.NFO,12/07/2024,09:29:01,24457.3,24457.2,100,24459.9,200,525,13743025
NIFTY-I.NFO,12/07/2024,09:29:03,24459,24457.9,100,24459.9,175,200,13743025
NIFTY-I.NFO,12/07/2024,09:29:04,24457.95,24457.9,200,24459.9,150,175,13743025
NIFTY-I.NFO,12/07/2024,09:29:06,24460,24458.55,100,24460,14000,1350,13743025
NIFTY-I.NFO,12/07/2024,09:29:08,24458.55,24458.55,50,24459,75,150,13743025
NIFTY-I.NFO,12/07/2024,09:29:09,24457.95,24457.45,100,24460,12375,2375,13743025
NIFTY-I.NFO,12/07/2024,09:29:11,24460,24458.3,125,24460,12275,225,13743025
NIFTY-I.NFO,12/07/2024,09:29:12,24460,24459.75,100,24460,11425,1175,13743025
NIFTY-I.NFO,12/07/2024,09:29:14,24459.7,24459.45,25,24460,7300,4475,13743025
NIFTY-I.NFO,12/07/2024,09:29:16,24460,24458.65,100,24460,6800,2250,13743025
NIFTY-I.NFO,12/07/2024,09:29:17,24459.35,24459.35,725,24459.7,25,400,13743025
NIFTY-I.NFO,12/07/2024,09:29:19,24459.35,24459.35,525,24459.7,50,225,13743025
NIFTY-I.NFO,12/07/2024,09:29:20,24459.75,24459.7,100,24460,7000,200,13743025
NIFTY-I.NFO,12/07/2024,09:29:22,24461,24461.1,100,24461.9,25,8625,13743025
NIFTY-I.NFO,12/07/2024,09:29:22,24461,24461.1,100,24461.9,25,0,13743025
NIFTY-I.NFO,12/07/2024,09:29:24,24462,24462,1275,24464.35,25,3100,13743025
NIFTY-I.NFO,12/07/2024,09:29:24,24465,24462,1275,24464.35,25,0,13743025
NIFTY-I.NFO,12/07/2024,09:29:25,24464.5,24464.5,150,24467.65,25,11500,13743025
NIFTY-I.NFO,12/07/2024,09:29:25,24468.55,24464.5,150,24467.65,25,0,13743025
NIFTY-I.NFO,12/07/2024,09:29:27,24467,24463.85,175,24468.3,25,1425,13743025
NIFTY-I.NFO,12/07/2024,09:29:28,24462.05,24462,1100,24464.5,50,575,13743025
NIFTY-I.NFO,12/07/2024,09:29:30,24462,24462,975,24464.9,125,450,13743025
NIFTY-I.NFO,12/07/2024,09:29:32,24462,24462,850,24465,200,450,13743025
NIFTY-I.NFO,12/07/2024,09:29:33,24462,24462,900,24465.5,25,1025,13743025
NIFTY-I.NFO,12/07/2024,09:29:35,24462.15,24462.15,225,24465,250,1350,13743025
NIFTY-I.NFO,12/07/2024,09:29:37,24462,24462,625,24464.65,25,850,13743025
NIFTY-I.NFO,12/07/2024,09:29:38,24465,24465,300,24466.9,25,2975,13743025
NIFTY-I.NFO,12/07/2024,09:29:40,24466,24463.3,50,24466,50,600,13743025
NIFTY-I.NFO,12/07/2024,09:29:42,24465,24463.9,50,24465,200,675,13743025
NIFTY-I.NFO,12/07/2024,09:29:43,24468.8,24466.35,200,24468.85,25,1700,13743025
NIFTY-I.NFO,12/07/2024,09:29:43,24468.8,24466.35,200,24468.85,25,0,13743025
NIFTY-I.NFO,12/07/2024,09:29:45,24468,24466.45,100,24468,25,350,13743025
NIFTY-I.NFO,12/07/2024,09:29:45,24468.85,24466.45,100,24468,25,0,13743025
NIFTY-I.NFO,12/07/2024,09:29:46,24466.25,24466.05,100,24468.9,25,850,13743025
NIFTY-I.NFO,12/07/2024,09:29:48,24467.4,24467.4,75,24468.8,25,1075,13743025
NIFTY-I.NFO,12/07/2024,09:29:48,24468.9,24467.4,75,24468.8,25,0,13743025
NIFTY-I.NFO,12/07/2024,09:29:50,24467.75,24467.65,200,24469.6,25,1175,13743025
NIFTY-I.NFO,12/07/2024,09:29:50,24469.5,24467.65,200,24469.6,25,0,13743025
NIFTY-I.NFO,12/07/2024,09:29:51,24468,24468,150,24469.9,50,1550,13743025
NIFTY-I.NFO,12/07/2024,09:29:51,24469.9,24468,150,24469.9,50,0,13743025
NIFTY-I.NFO,12/07/2024,09:29:53,24468.9,24468.8,75,24468.9,75,575,13743025
NIFTY-I.NFO,12/07/2024,09:29:55,24469.15,24469.15,100,24469.95,975,2350,13743025
NIFTY-I.NFO,12/07/2024,09:29:55,24469.95,24469.15,100,24469.95,975,0,13743025
NIFTY-I.NFO,12/07/2024,09:29:56,24470,24469.65,150,24470,1150,3500,13743025
NIFTY-I.NFO,12/07/2024,09:29:56,24470,24469.65,150,24470,1150,0,13743025
NIFTY-I.NFO,12/07/2024,09:29:58,24470.5,24470.45,125,24470.5,1225,5300,13743025
NIFTY-I.NFO,12/07/2024,09:29:58,24470.5,24470.45,125,24470.5,1225,0,13743025
NIFTY-I.NFO,12/07/2024,09:30:00,24473.2,24473,2450,24474.65,75,8575,13743025
NIFTY-I.NFO,12/07/2024,09:30:00,24474.9,24473,2450,24474.65,75,0,13743025
NIFTY-I.NFO,12/07/2024,09:30:01,24473,24473,2250,24475,150,5125,13743025
NIFTY-I.NFO,12/07/2024,09:30:01,24475,24473,2250,24475,150,0,13743025
NIFTY-I.NFO,12/07/2024,09:30:03,24475.25,24473,1200,24474.75,25,2700,13743025
NIFTY-I.NFO,12/07/2024,09:30:03,24476,24473,1200,24474.75,25,0,13743025
NIFTY-I.NFO,12/07/2024,09:30:05,24474.8,24470.65,125,24473,25,3175,13743025
NIFTY-I.NFO,12/07/2024,09:30:06,24474.8,24471.25,75,24474.7,25,2500,13743025
NIFTY-I.NFO,12/07/2024,09:30:06,24476.35,24471.25,75,24474.7,25,0,13743025
NIFTY-I.NFO,12/07/2024,09:30:08,24472,24470,1125,24471.9,125,2350,13743025
NIFTY-I.NFO,12/07/2024,09:30:10,24469.05,24464,125,24468.5,25,6925,13743025
NIFTY-I.NFO,12/07/2024,09:30:11,24467.65,24463.8,50,24467.75,25,2325,13743025
NIFTY-I.NFO,12/07/2024,09:30:13,24466.95,24462.75,25,24466.5,25,1800,13743025
NIFTY-I.NFO,12/07/2024,09:30:15,24462,24462.05,50,24465.9,100,625,13743025
NIFTY-I.NFO,12/07/2024,09:30:16,24464,24463,425,24467,125,2325,13743025
NIFTY-I.NFO,12/07/2024,09:30:18,24462,24461.05,25,24463.8,25,1000,13743025
NIFTY-I.NFO,12/07/2024,09:30:20,24464,24462.2,25,24465.05,25,550,13743025
NIFTY-I.NFO,12/07/2024,09:30:21,24458.95,24458.75,75,24463.05,25,1450,13770025
NIFTY-I.NFO,12/07/2024,09:30:23,24459.9,24460,25,24460.05,100,625,13770025
NIFTY-I.NFO,12/07/2024,09:30:24,24460,24459.9,250,24460,25,325,13770025
NIFTY-I.NFO,12/07/2024,09:30:26,24459.9,24459.85,25,24459.9,25,875,13770025
NIFTY-I.NFO,12/07/2024,09:30:28,24460.6,24460.6,25,24463.15,75,875,13770025
NIFTY-I.NFO,12/07/2024,09:30:29,24460.3,24460.3,400,24463.15,75,1050,13770025
NIFTY-I.NFO,12/07/2024,09:30:31,24460.4,24459.65,25,24461,25,225,13770025
NIFTY-I.NFO,12/07/2024,09:30:32,24462.05,24459.55,50,24459.65,25,175,13770025
NIFTY-I.NFO,12/07/2024,09:30:34,24460,24458.85,25,24460,1950,1175,13770025
NIFTY-I.NFO,12/07/2024,09:30:35,24459.35,24459.75,250,24460,1950,125,13770025
NIFTY-I.NFO,12/07/2024,09:30:37,24461,24461,100,24463,75,3425,13770025
NIFTY-I.NFO,12/07/2024,09:30:39,24459.35,24459.3,50,24460.6,25,275,13770025
NIFTY-I.NFO,12/07/2024,09:30:40,24460.3,24460.3,225,24461,375,575,13770025
NIFTY-I.NFO,12/07/2024,09:30:42,24460.05,24460.3,150,24460.4,75,825,13770025
NIFTY-I.NFO,12/07/2024,09:30:43,24459.65,24459.65,25,24462.2,25,800,13770025
NIFTY-I.NFO,12/07/2024,09:30:45,24460.4,24459.75,25,24460.4,75,125,13770025
NIFTY-I.NFO,12/07/2024,09:30:47,24459.35,24459.35,150,24460,600,600,13770025
NIFTY-I.NFO,12/07/2024,09:30:48,24460,24459.35,25,24460,600,250,13770025
NIFTY-I.NFO,12/07/2024,09:30:50,24460.3,24460.05,200,24460.3,125,1050,13770025
NIFTY-I.NFO,12/07/2024,09:30:51,24459.15,24459.15,25,24459.3,50,3125,13770025
NIFTY-I.NFO,12/07/2024,09:30:53,24459.75,24459.75,25,24460,3500,350,13770025
NIFTY-I.NFO,12/07/2024,09:30:55,24463,24462.45,25,24463,675,4425,13770025
NIFTY-I.NFO,12/07/2024,09:30:56,24463.4,24463.35,50,24463.85,50,1275,13770025
NIFTY-I.NFO,12/07/2024,09:30:58,24461.55,24462.6,100,24463,25,200,13770025
NIFTY-I.NFO,12/07/2024,09:30:59,24462.65,24462.65,50,24462.9,150,875,13770025
NIFTY-I.NFO,12/07/2024,09:31:01,24462.9,24461.6,25,24462.9,100,125,13770025
NIFTY-I.NFO,12/07/2024,09:31:03,24463.85,24462.8,125,24464.8,75,625,13770025
NIFTY-I.NFO,12/07/2024,09:31:04,24462.45,24462.4,375,24463,100,250,13770025
NIFTY-I.NFO,12/07/2024,09:31:06,24462.65,24462.65,150,24462.8,25,500,13770025
NIFTY-I.NFO,12/07/2024,09:31:08,24463.95,24464,25,24465,225,575,13770025
NIFTY-I.NFO,12/07/2024,09:31:09,24467.45,24467.45,100,24468,100,1100,13770025
NIFTY-I.NFO,12/07/2024,09:31:11,24470,24469,125,24472.4,700,3575,13770025
NIFTY-I.NFO,12/07/2024,09:31:12,24467.45,24469,75,24471.35,25,1225,13770025
NIFTY-I.NFO,12/07/2024,09:31:14,24468,24468.2,25,24472.2,250,825,13770025
NIFTY-I.NFO,12/07/2024,09:31:16,24469.95,24469.95,75,24470,100,875,13770025
NIFTY-I.NFO,12/07/2024,09:31:17,24473,24469.55,75,24473.2,25,1425,13770025
NIFTY-I.NFO,12/07/2024,09:31:19,24473.85,24471.3,75,24473.9,25,875,13770025
NIFTY-I.NFO,12/07/2024,09:31:20,24470,24470.25,125,24470.8,150,1200,13770025
NIFTY-I.NFO,12/07/2024,09:31:22,24473.55,24471.3,25,24473.2,75,1900,13770025
NIFTY-I.NFO,12/07/2024,09:31:24,24473.05,24470.8,1125,24473.1,50,375,13770025
NIFTY-I.NFO,12/07/2024,09:31:25,24470.8,24470.8,1075,24473,25,75,13770025
NIFTY-I.NFO,12/07/2024,09:31:27,24469,24469,800,24470,175,1550,13770025
NIFTY-I.NFO,12/07/2024,09:31:29,24470.8,24469,750,24469.2,1500,975,13770025
NIFTY-I.NFO,12/07/2024,09:31:30,24469.2,24469,725,24469.2,1300,300,13770025
NIFTY-I.NFO,12/07/2024,09:31:32,24469,24469,875,24469.2,750,900,13770025
NIFTY-I.NFO,12/07/2024,09:31:34,24467,24467,300,24467.45,200,2550,13770025
NIFTY-I.NFO,12/07/2024,09:31:35,24467,24467,75,24467.35,50,275,13770025
NIFTY-I.NFO,12/07/2024,09:31:37,24470.45,24466.4,25,24470.2,25,1875,13770025
NIFTY-I.NFO,12/07/2024,09:31:39,24467.45,24464.25,25,24466.1,25,775,13770025
NIFTY-I.NFO,12/07/2024,09:31:40,24467,24464.4,125,24467,200,125,13770025
NIFTY-I.NFO,12/07/2024,09:31:42,24467,24464,50,24467,150,100,13770025
NIFTY-I.NFO,12/07/2024,09:31:44,24462.7,24463.35,25,24466.5,25,375,13770025
NIFTY-I.NFO,12/07/2024,09:31:45,24465,24463.45,25,24465,700,425,13770025
NIFTY-I.NFO,12/07/2024,09:31:47,24461.95,24462.35,25,24464.95,350,375,13770025
NIFTY-I.NFO,12/07/2024,09:31:49,24462.55,24462.5,50,24462.7,100,550,13770025
NIFTY-I.NFO,12/07/2024,09:31:50,24462.5,24462.5,225,24462.55,25,300,13770025
NIFTY-I.NFO,12/07/2024,09:31:52,24460.35,24460.35,425,24462.4,350,850,13770025
NIFTY-I.NFO,12/07/2024,09:31:53,24460.35,24460.35,75,24462,550,375,13770025
NIFTY-I.NFO,12/07/2024,09:31:55,24460,24460,1425,24460.35,175,950,13770025
NIFTY-I.NFO,12/07/2024,09:31:57,24460.35,24460.05,125,24462,500,1525,13770025
NIFTY-I.NFO,12/07/2024,09:31:58,24460.45,24460.55,25,24460.9,100,650,13770025
NIFTY-I.NFO,12/07/2024,09:32:00,24460.55,24460.55,25,24462,600,1175,13770025
NIFTY-I.NFO,12/07/2024,09:32:02,24460,24459.3,25,24460.55,25,450,13770025
NIFTY-I.NFO,12/07/2024,09:32:03,24460,24458.9,25,24460,350,550,13770025
NIFTY-I.NFO,12/07/2024,09:32:05,24458.9,24459.15,25,24460,400,300,13770025
NIFTY-I.NFO,12/07/2024,09:32:07,24459,24458.55,50,24459.25,50,875,13770025
NIFTY-I.NFO,12/07/2024,09:32:08,24458.05,24458.05,25,24458.1,175,925,13770025
NIFTY-I.NFO,12/07/2024,09:32:10,24458.05,24456.1,25,24458.4,100,1025,13770025
NIFTY-I.NFO,12/07/2024,09:32:12,24456.7,24457.2,25,24458,25,3025,13770025
NIFTY-I.NFO,12/07/2024,09:32:13,24456.55,24456.5,25,24457.2,425,1275,13770025
NIFTY-I.NFO,12/07/2024,09:32:15,24452.65,24453.3,25,24455.2,175,1550,13770025
NIFTY-I.NFO,12/07/2024,09:32:17,24451.25,24451,25,24451.25,400,850,13770025
NIFTY-I.NFO,12/07/2024,09:32:18,24451.7,24452.25,100,24452.65,50,900,13770025
NIFTY-I.NFO,12/07/2024,09:32:20,24452,24451.95,225,24453.05,75,675,13770025
NIFTY-I.NFO,12/07/2024,09:32:22,24452.25,24451,25,24452.45,150,800,13770025
NIFTY-I.NFO,12/07/2024,09:32:23,24450.75,24450.6,25,24450.75,75,625,13770025
NIFTY-I.NFO,12/07/2024,09:32:25,24450,24450,725,24450.6,50,1250,13770025
NIFTY-I.NFO,12/07/2024,09:32:27,24451.15,24451.1,25,24451.15,50,1100,13770025
NIFTY-I.NFO,12/07/2024,09:32:28,24452.6,24452.4,25,24455.2,50,1025,13770025
NIFTY-I.NFO,12/07/2024,09:32:30,24452,24452.6,25,24455.2,50,275,13770025
NIFTY-I.NFO,12/07/2024,09:32:32,24456.85,24452.6,25,24455.2,50,400,13770025
NIFTY-I.NFO,12/07/2024,09:32:33,24450.8,24450.85,25,24454.5,25,550,13770025
NIFTY-I.NFO,12/07/2024,09:32:35,24450.9,24451.15,25,24452.4,100,7550,13770025
NIFTY-I.NFO,12/07/2024,09:32:37,24452,24452.2,25,24452.6,975,2000,13770025
NIFTY-I.NFO,12/07/2024,09:32:38,24452.8,24452.8,100,24454,125,1800,13770025
NIFTY-I.NFO,12/07/2024,09:32:40,24452.75,24452.7,125,24454,300,1050,13770025
NIFTY-I.NFO,12/07/2024,09:32:42,24454.65,24454.7,125,24455,350,800,13770025
NIFTY-I.NFO,12/07/2024,09:32:43,24455.6,24456.3,50,24459.55,25,1500,13770025
NIFTY-I.NFO,12/07/2024,09:32:45,24456.45,24456.65,25,24458.45,25,100,13770025
NIFTY-I.NFO,12/07/2024,09:32:47,24456.7,24456.7,275,24458.3,25,250,13770025
NIFTY-I.NFO,12/07/2024,09:32:48,24454.2,24454.15,275,24455,400,625,13770025
NIFTY-I.NFO,12/07/2024,09:32:50,24455,24454.3,125,24455,375,150,13770025
NIFTY-I.NFO,12/07/2024,09:32:51,24454.3,24454.25,100,24455,500,50,13770025
NIFTY-I.NFO,12/07/2024,09:32:53,24454.3,24454.4,50,24455,475,250,13770025
NIFTY-I.NFO,12/07/2024,09:32:55,24454.35,24454.25,25,24454.3,1775,700,13770025
NIFTY-I.NFO,12/07/2024,09:32:56,24454.3,24454.15,25,24454.3,850,1100,13770025
NIFTY-I.NFO,12/07/2024,09:32:58,24455,24454.95,100,24455,75,1475,13770025
NIFTY-I.NFO,12/07/2024,09:33:00,24454.15,24455,50,24456,450,2025,13770025
NIFTY-I.NFO,12/07/2024,09:33:01,24455,24455.25,25,24456,450,700,13770025
NIFTY-I.NFO,12/07/2024,09:33:03,24459.5,24455,25,24457.3,175,2225,13770025
NIFTY-I.NFO,12/07/2024,09:33:05,24455,24454.9,75,24455,1075,1100,13770025
NIFTY-I.NFO,12/07/2024,09:33:06,24458,24456.65,25,24458,100,1550,13770025
NIFTY-I.NFO,12/07/2024,09:33:08,24457.95,24456.75,25,24458,125,675,13770025
NIFTY-I.NFO,12/07/2024,09:33:10,24456.65,24455.75,75,24456.65,1500,600,13770025
NIFTY-I.NFO,12/07/2024,09:33:11,24455.75,24455.05,25,24455.75,400,325,13770025
NIFTY-I.NFO,12/07/2024,09:33:13,24455,24455,75,24455.75,1800,1550,13770025
NIFTY-I.NFO,12/07/2024,09:33:15,24455.75,24455.7,100,24455.75,1375,1100,13770025
NIFTY-I.NFO,12/07/2024,09:33:16,24458.3,24458.4,200,24460,13150,2875,13770025
NIFTY-I.NFO,12/07/2024,09:33:18,24460.95,24460.95,50,24464.6,50,14300,13770025
NIFTY-I.NFO,12/07/2024,09:33:20,24460.85,24460.45,50,24460.85,750,5150,13770025
NIFTY-I.NFO,12/07/2024,09:33:21,24460.85,24461.65,25,24463.9,125,800,13786475
NIFTY-I.NFO,12/07/2024,09:33:23,24461.3,24461.05,25,24463.85,125,550,13786475
NIFTY-I.NFO,12/07/2024,09:33:24,24459.8,24460.4,25,24461.3,25,400,13786475
NIFTY-I.NFO,12/07/2024,09:33:26,24462,24461.6,25,24463.9,25,300,13786475
NIFTY-I.NFO,12/07/2024,09:33:28,24460.9,24460.3,50,24461,25,800,13786475
NIFTY-I.NFO,12/07/2024,09:33:29,24464.25,24460.95,50,24464.3,50,325,13786475
NIFTY-I.NFO,12/07/2024,09:33:31,24461.2,24460.9,50,24461.2,25,200,13786475
NIFTY-I.NFO,12/07/2024,09:33:33,24463.05,24460,25,24463.1,125,200,13786475
NIFTY-I.NFO,12/07/2024,09:33:34,24460.85,24460.05,275,24461.2,250,75,13786475
NIFTY-I.NFO,12/07/2024,09:33:36,24460.55,24460.55,25,24461,25,200,13786475
NIFTY-I.NFO,12/07/2024,09:33:38,24462,24462,25,24465,1700,200,13786475
NIFTY-I.NFO,12/07/2024,09:33:39,24464.7,24460.75,25,24465,400,825,13786475
NIFTY-I.NFO,12/07/2024,09:33:41,24461.05,24461,25,24464.2,125,225,13786475
NIFTY-I.NFO,12/07/2024,09:33:43,24461,24461.15,75,24465,475,225,13786475
NIFTY-I.NFO,12/07/2024,09:33:44,24465,24465,100,24466.95,25,725,13786475
NIFTY-I.NFO,12/07/2024,09:33:46,24461.7,24461.05,50,24464.2,450,350,13786475
NIFTY-I.NFO,12/07/2024,09:33:47,24461.1,24461.1,25,24462.95,25,350,13786475
NIFTY-I.NFO,12/07/2024,09:33:49,24460.65,24460.65,25,24462.9,225,1475,13786475
NIFTY-I.NFO,12/07/2024,09:33:51,24462.65,24460.65,25,24462.4,25,325,13786475
NIFTY-I.NFO,12/07/2024,09:33:52,24459.95,24459,50,24459.95,25,400,13786475
NIFTY-I.NFO,12/07/2024,09:33:54,24460,24459.95,150,24460,525,1250,13786475
NIFTY-I.NFO,12/07/2024,09:33:56,24458.2,24458.4,25,24459.95,25,1225,13786475
NIFTY-I.NFO,12/07/2024,09:33:57,24458.45,24458.45,275,24458.5,50,725,13786475
NIFTY-I.NFO,12/07/2024,09:33:59,24458.45,24458,100,24458.45,75,500,13786475
NIFTY-I.NFO,12/07/2024,09:34:01,24458,24457,25,24458,25,425,13786475
NIFTY-I.NFO,12/07/2024,09:34:02,24457.1,24457,25,24457.95,25,500,13786475
NIFTY-I.NFO,12/07/2024,09:34:04,24457,24456.4,25,24457.1,1725,450,13786475
NIFTY-I.NFO,12/07/2024,09:34:05,24457,24456.6,25,24456.8,25,250,13786475
NIFTY-I.NFO,12/07/2024,09:34:07,24458.05,24458,1325,24458.05,3350,1975,13786475
NIFTY-I.NFO,12/07/2024,09:34:09,24458,24458,1125,24458.05,2675,1075,13786475
NIFTY-I.NFO,12/07/2024,09:34:10,24458,24458,725,24458.05,2325,850,13786475
NIFTY-I.NFO,12/07/2024,09:34:12,24458,24458,350,24458.05,1775,775,13786475
NIFTY-I.NFO,12/07/2024,09:34:14,24458,24457,125,24457.85,225,1725,13786475
NIFTY-I.NFO,12/07/2024,09:34:15,24455.45,24455.45,100,24455.9,25,800,13786475
NIFTY-I.NFO,12/07/2024,09:34:17,24456.4,24456.4,25,24457,75,700,13786475
NIFTY-I.NFO,12/07/2024,09:34:18,24456.45,24456.8,25,24456.95,50,525,13786475
NIFTY-I.NFO,12/07/2024,09:34:20,24457,24457.2,200,24458,4175,375,13786475
NIFTY-I.NFO,12/07/2024,09:34:22,24455.8,24456.45,25,24457.95,25,2700,13786475
NIFTY-I.NFO,12/07/2024,09:34:23,24458,24457.1,225,24458,3275,1150,13786475
NIFTY-I.NFO,12/07/2024,09:34:25,24460,24458.65,200,24460,1125,6000,13786475
NIFTY-I.NFO,12/07/2024,09:34:27,24460,24460,1775,24460.5,150,1800,13786475
NIFTY-I.NFO,12/07/2024,09:34:28,24458.05,24458.05,50,24460.1,225,2425,13786475
NIFTY-I.NFO,12/07/2024,09:34:30,24460,24458.05,50,24459.05,800,875,13786475
NIFTY-I.NFO,12/07/2024,09:34:31,24458.05,24457.2,250,24458.05,100,2075,13786475
NIFTY-I.NFO,12/07/2024,09:34:33,24458.1,24457.6,25,24459.05,700,925,13786475
NIFTY-I.NFO,12/07/2024,09:34:35,24458.15,24458.05,25,24458.15,125,325,13786475
NIFTY-I.NFO,12/07/2024,09:34:37,24455.4,24455,525,24455.35,25,275,13786475
NIFTY-I.NFO,12/07/2024,09:34:38,24457.2,24457.2,550,24457.45,125,600,13786475
NIFTY-I.NFO,12/07/2024,09:34:40,24457.25,24457.25,25,24457.6,50,550,13786475
NIFTY-I.NFO,12/07/2024,09:34:41,24457.2,24455.4,25,24457.1,150,825,13786475
NIFTY-I.NFO,12/07/2024,09:34:43,24456.8,24455,500,24456.8,350,450,13786475
NIFTY-I.NFO,12/07/2024,09:34:45,24455,24455,200,24456.75,50,825,13786475
NIFTY-I.NFO,12/07/2024,09:34:46,24455.1,24455.1,25,24456.75,25,1825,13786475
NIFTY-I.NFO,12/07/2024,09:34:48,24456.8,24456.8,550,24457,25,350,13786475
NIFTY-I.NFO,12/07/2024,09:34:50,24457.65,24457.55,100,24457.65,325,875,13786475
NIFTY-I.NFO,12/07/2024,09:34:51,24458.15,24458.15,100,24458.85,50,1025,13786475
NIFTY-I.NFO,12/07/2024,09:34:53,24458.25,24458.3,350,24458.85,25,100,13786475
NIFTY-I.NFO,12/07/2024,09:34:55,24460,24460,150,24462,300,1300,13786475
NIFTY-I.NFO,12/07/2024,09:34:56,24460,24460,525,24462.05,200,1350,13786475
NIFTY-I.NFO,12/07/2024,09:34:58,24460,24460,800,24462.1,75,425,13786475
NIFTY-I.NFO,12/07/2024,09:34:59,24461.95,24460,950,24461.5,125,200,13786475
NIFTY-I.NFO,12/07/2024,09:35:01,24461.5,24460,350,24461.2,50,875,13786475
NIFTY-I.NFO,12/07/2024,09:35:03,24457.05,24458.3,125,24460,75,625,13786475
NIFTY-I.NFO,12/07/2024,09:35:04,24458.3,24458.35,200,24459.95,50,50,13786475
NIFTY-I.NFO,12/07/2024,09:35:06,24460,24460,150,24461.2,275,850,13786475
NIFTY-I.NFO,12/07/2024,09:35:08,24460,24460,225,24461,75,250,13786475
NIFTY-I.NFO,12/07/2024,09:35:09,24460.2,24457,25,24458.35,200,625,13786475
NIFTY-I.NFO,12/07/2024,09:35:11,24458.35,24457,50,24458.35,225,100,13786475
NIFTY-I.NFO,12/07/2024,09:35:12,24458.35,24458.75,25,24460,100,550,13786475
NIFTY-I.NFO,12/07/2024,09:35:14,24461.95,24459.25,50,24461.95,75,475,13786475
NIFTY-I.NFO,12/07/2024,09:35:16,24462,24459.3,25,24461.95,50,625,13786475
NIFTY-I.NFO,12/07/2024,09:35:17,24459.3,24459.3,25,24461.05,50,100,13786475
NIFTY-I.NFO,12/07/2024,09:35:19,24461.05,24459.3,25,24461.05,25,100,13786475
NIFTY-I.NFO,12/07/2024,09:35:21,24458.8,24458.8,50,24459.3,125,75,13786475
NIFTY-I.NFO,12/07/2024,09:35:22,24458.15,24457.05,25,24458.95,25,100,13786475
NIFTY-I.NFO,12/07/2024,09:35:24,24456.6,24455.4,25,24458.1,25,100,13786475
NIFTY-I.NFO,12/07/2024,09:35:25,24455,24455,125,24455.85,50,225,13786475
NIFTY-I.NFO,12/07/2024,09:35:27,24455.9,24455,100,24455.85,75,150,13786475
NIFTY-I.NFO,12/07/2024,09:35:29,24454.35,24455,25,24456.65,25,325,13786475
NIFTY-I.NFO,12/07/2024,09:35:30,24455,24453.9,125,24455,50,200,13786475
NIFTY-I.NFO,12/07/2024,09:35:32,24454,24453.9,150,24455,50,75,13786475
NIFTY-I.NFO,12/07/2024,09:35:34,24454.05,24454.85,25,24455,75,100,13786475
NIFTY-I.NFO,12/07/2024,09:35:35,24455.5,24455.35,25,24455.85,25,175,13786475
NIFTY-I.NFO,12/07/2024,09:35:37,24455.4,24455,25,24457.35,150,200,13786475
NIFTY-I.NFO,12/07/2024,09:35:39,24455.05,24455.05,25,24456.9,125,50,13786475
NIFTY-I.NFO,12/07/2024,09:35:40,24453.8,24453.7,375,24453.8,25,225,13786475
NIFTY-I.NFO,12/07/2024,09:35:42,24453.8,24453.75,25,24455,75,100,13786475
NIFTY-I.NFO,12/07/2024,09:35:44,24455,24453.35,125,24454.9,50,225,13786475
NIFTY-I.NFO,12/07/2024,09:35:45,24453.75,24453.4,125,24453.75,75,700,13786475
NIFTY-I.NFO,12/07/2024,09:35:47,24455.05,24455.05,50,24456.1,150,350,13786475
NIFTY-I.NFO,12/07/2024,09:35:49,24455.15,24455.2,50,24455.85,50,75,13786475
NIFTY-I.NFO,12/07/2024,09:35:50,24452.7,24452.55,25,24453.8,25,400,13786475
NIFTY-I.NFO,12/07/2024,09:35:52,24452.7,24452.7,100,24455,25,125,13786475
NIFTY-I.NFO,12/07/2024,09:35:53,24455.5,24452.5,125,24455.5,125,325,13786475
NIFTY-I.NFO,12/07/2024,09:35:55,24452,24452.05,525,24452.7,25,325,13786475
NIFTY-I.NFO,12/07/2024,09:35:57,24453.4,24453.4,50,24455.05,250,275,13786475
NIFTY-I.NFO,12/07/2024,09:35:58,24452,24452,2975,24452.05,50,225,13786475
NIFTY-I.NFO,12/07/2024,09:36:00,24452.45,24452,2975,24453,25,475,13786475
NIFTY-I.NFO,12/07/2024,09:36:02,24454.2,24453.95,75,24455.2,75,475,13786475
NIFTY-I.NFO,12/07/2024,09:36:03,24457.05,24457.05,150,24458,25,650,13786475
NIFTY-I.NFO,12/07/2024,09:36:05,24459.95,24459.5,50,24460,800,250,13786475
NIFTY-I.NFO,12/07/2024,09:36:07,24460,24460,1675,24460.55,25,1550,13786475
NIFTY-I.NFO,12/07/2024,09:36:08,24460.9,24456.9,25,24460.9,25,6550,13786475
NIFTY-I.NFO,12/07/2024,09:36:10,24460.95,24460,350,24460.85,25,1350,13786475
NIFTY-I.NFO,12/07/2024,09:36:12,24460.9,24457.3,25,24459.8,25,1075,13786475
NIFTY-I.NFO,12/07/2024,09:36:13,24456.25,24456.05,25,24456.25,525,700,13786475
NIFTY-I.NFO,12/07/2024,09:36:15,24457.3,24455.55,25,24459.45,25,1650,13786475
NIFTY-I.NFO,12/07/2024,09:36:17,24455.2,24455.15,150,24459.4,25,1725,13786475
NIFTY-I.NFO,12/07/2024,09:36:18,24459.35,24456.25,75,24459.45,25,1350,13786475
NIFTY-I.NFO,12/07/2024,09:36:20,24459,24456.25,50,24458.4,125,600,13786475
NIFTY-I.NFO,12/07/2024,09:36:22,24457.4,24455.3,1050,24458.25,50,750,13782950
NIFTY-I.NFO,12/07/2024,09:36:23,24458.15,24455.3,925,24457.5,50,550,13782950
NIFTY-I.NFO,12/07/2024,09:36:25,24455.3,24455.3,400,24458.2,25,925,13782950
NIFTY-I.NFO,12/07/2024,09:36:27,24458.15,24454.55,50,24458.15,25,1000,13782950
NIFTY-I.NFO,12/07/2024,09:36:28,24458.35,24453,25,24456.6,25,675,13782950
NIFTY-I.NFO,12/07/2024,09:36:30,24455.25,24452,1800,24455.25,50,2275,13782950
NIFTY-I.NFO,12/07/2024,09:36:32,24452,24452,1625,24452.95,25,925,13782950
NIFTY-I.NFO,12/07/2024,09:36:33,24454.55,24452.4,50,24454.55,25,525,13782950
NIFTY-I.NFO,12/07/2024,09:36:35,24455,24453,25,24455.3,300,300,13782950
NIFTY-I.NFO,12/07/2024,09:36:37,24455.3,24453,200,24455.3,75,300,13782950
NIFTY-I.NFO,12/07/2024,09:36:38,24452.7,24455.3,25,24456.35,25,650,13782950
NIFTY-I.NFO,12/07/2024,09:36:40,24456.25,24452.7,25,24456.55,50,450,13782950
NIFTY-I.NFO,12/07/2024,09:36:42,24456.05,24456.05,25,24458,100,275,13782950
NIFTY-I.NFO,12/07/2024,09:36:43,24456.05,24456.05,75,24459.3,25,425,13782950
NIFTY-I.NFO,12/07/2024,09:36:45,24453.9,24455.2,25,24459.2,75,425,13782950
NIFTY-I.NFO,12/07/2024,09:36:47,24459.35,24456,100,24459.75,25,225,13782950
NIFTY-I.NFO,12/07/2024,09:36:48,24459.35,24456.3,25,24459.3,125,175,13782950
NIFTY-I.NFO,12/07/2024,09:36:50,24456.3,24456.3,150,24460,600,300,13782950
NIFTY-I.NFO,12/07/2024,09:36:52,24458.15,24458.15,50,24459.95,225,125,13782950
NIFTY-I.NFO,12/07/2024,09:36:53,24459.45,24455.3,25,24458.1,25,375,13782950
NIFTY-I.NFO,12/07/2024,09:36:55,24455.3,24454.8,50,24459.05,125,700,13782950
NIFTY-I.NFO,12/07/2024,09:36:57,24454.8,24454.9,50,24458.8,25,300,13782950
NIFTY-I.NFO,12/07/2024,09:36:58,24459.4,24455.1,25,24458.15,125,375,13782950
NIFTY-I.NFO,12/07/2024,09:37:00,24455.1,24454.2,125,24455.1,25,125,13782950
NIFTY-I.NFO,12/07/2024,09:37:02,24454.2,24453.85,25,24457.55,25,575,13782950
NIFTY-I.NFO,12/07/2024,09:37:03,24457.3,24455,25,24457.55,25,325,13782950
NIFTY-I.NFO,12/07/2024,09:37:05,24452.9,24452.45,25,24454,200,575,13782950
NIFTY-I.NFO,12/07/2024,09:37:07,24455.1,24454.05,50,24457.3,25,525,13782950
NIFTY-I.NFO,12/07/2024,09:37:08,24454.1,24454.05,50,24457.7,25,150,13782950
NIFTY-I.NFO,12/07/2024,09:37:10,24453.45,24452.8,50,24457,25,550,13782950
NIFTY-I.NFO,12/07/2024,09:37:12,24452,24452.05,25,24456.45,425,1300,13782950
NIFTY-I.NFO,12/07/2024,09:37:13,24452.65,24452.65,75,24454.1,50,125,13782950
NIFTY-I.NFO,12/07/2024,09:37:15,24456.5,24453,25,24456.55,25,300,13782950
NIFTY-I.NFO,12/07/2024,09:37:17,24456.85,24453.3,25,24457.35,100,925,13782950
NIFTY-I.NFO,12/07/2024,09:37:18,24452.7,24453.85,25,24456.05,350,25,13782950
NIFTY-I.NFO,12/07/2024,09:37:20,24453.85,24453.85,200,24456.05,350,50,13782950
NIFTY-I.NFO,12/07/2024,09:37:22,24453.85,24453.85,200,24456.05,350,0,13782950
NIFTY-I.NFO,12/07/2024,09:37:23,24453.9,24454.7,25,24455,500,75,13782950
NIFTY-I.NFO,12/07/2024,09:37:25,24455,24454.7,75,24455,450,250,13782950
NIFTY-I.NFO,12/07/2024,09:37:26,24455,24455.25,75,24456.5,100,450,13782950
NIFTY-I.NFO,12/07/2024,09:37:28,24453.9,24453.15,25,24456.5,50,200,13782950
NIFTY-I.NFO,12/07/2024,09:37:30,24453.5,24452.1,25,24455,25,25,13782950
NIFTY-I.NFO,12/07/2024,09:37:31,24455,24453,75,24456.45,100,25,13782950
NIFTY-I.NFO,12/07/2024,09:37:33,24452.3,24452.45,25,24456.75,100,400,13782950
NIFTY-I.NFO,12/07/2024,09:37:35,24452,24452.65,25,24456,25,50,13782950
NIFTY-I.NFO,12/07/2024,09:37:36,24452,24452,400,24452.65,25,0,13782950
NIFTY-I.NFO,12/07/2024,09:37:38,24452.65,24452.05,25,24455,25,625,13782950
NIFTY-I.NFO,12/07/2024,09:37:40,24452.05,24451,225,24454.95,100,75,13782950
NIFTY-I.NFO,12/07/2024,09:37:41,24445.6,24446.05,25,24446.9,25,1550,13782950
NIFTY-I.NFO,12/07/2024,09:37:43,24446.05,24448.6,150,24449,100,200,13782950
NIFTY-I.NFO,12/07/2024,09:37:44,24446.75,24448.55,150,24449,100,875,13782950
NIFTY-I.NFO,12/07/2024,09:37:46,24447.1,24447.05,25,24449,100,575,13782950
NIFTY-I.NFO,12/07/2024,09:37:48,24446.8,24446.85,125,24448.6,25,75,13782950
NIFTY-I.NFO,12/07/2024,09:37:49,24447.1,24448.55,25,24449,50,100,13782950
NIFTY-I.NFO,12/07/2024,09:37:51,24448.55,24445.8,125,24448.7,350,150,13782950
NIFTY-I.NFO,12/07/2024,09:37:53,24447,24446.5,50,24449.5,50,75,13782950
NIFTY-I.NFO,12/07/2024,09:37:54,24447.25,24447.25,25,24450,600,450,13782950
NIFTY-I.NFO,12/07/2024,09:37:56,24447,24446.6,25,24450,575,350,13782950
NIFTY-I.NFO,12/07/2024,09:37:58,24447.05,24447.05,125,24450,675,925,13782950
NIFTY-I.NFO,12/07/2024,09:37:59,24448.2,24448.8,25,24450,575,150,13782950
NIFTY-I.NFO,12/07/2024,09:38:01,24450.25,24450.6,25,24452,300,775,13782950
NIFTY-I.NFO,12/07/2024,09:38:02,24450.7,24450.2,150,24452,225,250,13782950
NIFTY-I.NFO,12/07/2024,09:38:04,24451.6,24451.8,125,24452,250,150,13782950
NIFTY-I.NFO,12/07/2024,09:38:06,24450.85,24450.35,150,24450.8,25,550,13782950
NIFTY-I.NFO,12/07/2024,09:38:07,24450.2,24449.55,25,24450,50,425,13782950
NIFTY-I.NFO,12/07/2024,09:38:09,24450.2,24448.6,25,24450,50,0,13782950
NIFTY-I.NFO,12/07/2024,09:38:11,24448.95,24448.95,50,24449.55,75,25,13782950
NIFTY-I.NFO,12/07/2024,09:38:12,24448.95,24448.95,25,24450.2,200,150,13782950
NIFTY-I.NFO,12/07/2024,09:38:14,24450,24448.95,25,24450,25,75,13782950
NIFTY-I.NFO,12/07/2024,09:38:15,24450,24449,75,24450.2,175,525,13782950
NIFTY-I.NFO,12/07/2024,09:38:17,24450.85,24449,275,24450.8,100,1575,13782950
NIFTY-I.NFO,12/07/2024,09:38:19,24450.85,24449,475,24450.75,600,0,13782950
NIFTY-I.NFO,12/07/2024,09:38:20,24449,24447.25,100,24449.2,450,700,13782950
NIFTY-I.NFO,12/07/2024,09:38:22,24449,24447.25,125,24449,175,275,13782950
NIFTY-I.NFO,12/07/2024,09:38:23,24448.95,24446.55,50,24448.95,350,625,13782950
NIFTY-I.NFO,12/07/2024,09:38:25,24449,24447.55,25,24449,575,275,13782950
NIFTY-I.NFO,12/07/2024,09:38:27,24449,24447.9,50,24449,1175,200,13782950
NIFTY-I.NFO,12/07/2024,09:38:28,24450.75,24449.8,200,24450.75,375,1550,13782950
NIFTY-I.NFO,12/07/2024,09:38:30,24449.8,24449.8,175,24449.95,25,325,13782950
NIFTY-I.NFO,12/07/2024,09:38:31,24449.85,24449.85,100,24450,50,75,13782950
NIFTY-I.NFO,12/07/2024,09:38:33,24452,24450.35,25,24452,375,475,13782950
NIFTY-I.NFO,12/07/2024,09:38:35,24452,24450.7,50,24452,350,650,13782950
NIFTY-I.NFO,12/07/2024,09:38:36,24450.7,24450.2,250,24452,175,250,13782950
NIFTY-I.NFO,12/07/2024,09:38:38,24452,24451.4,25,24452,50,400,13782950
NIFTY-I.NFO,12/07/2024,09:38:40,24452.2,24452.2,50,24454.95,350,500,13782950
NIFTY-I.NFO,12/07/2024,09:38:41,24454.95,24452.3,25,24454.95,450,550,13782950
NIFTY-I.NFO,12/07/2024,09:38:43,24452.6,24452.55,75,24454.95,50,100,13782950
NIFTY-I.NFO,12/07/2024,09:38:44,24452,24452,25,24454.05,250,250,13782950
NIFTY-I.NFO,12/07/2024,09:38:46,24450.7,24450.6,125,24450.7,2325,675,13782950
NIFTY-I.NFO,12/07/2024,09:38:48,24453.15,24451.2,150,24453.75,25,2475,13782950
NIFTY-I.NFO,12/07/2024,09:38:49,24453.4,24451.2,50,24453.55,125,125,13782950
NIFTY-I.NFO,12/07/2024,09:38:51,24453.8,24452,25,24453.75,125,275,13782950
NIFTY-I.NFO,12/07/2024,09:38:52,24450,24450,175,24452,100,550,13782950
NIFTY-I.NFO,12/07/2024,09:38:54,24452,24449.95,100,24452,75,325,13782950
NIFTY-I.NFO,12/07/2024,09:38:56,24452,24450.55,100,24452,50,75,13782950
NIFTY-I.NFO,12/07/2024,09:38:58,24452.8,24450.55,125,24453.25,125,100,13782950
NIFTY-I.NFO,12/07/2024,09:38:59,24453.3,24452,100,24453.6,200,50,13782950
NIFTY-I.NFO,12/07/2024,09:39:01,24452.95,24450.55,100,24452,50,225,13782950
NIFTY-I.NFO,12/07/2024,09:39:02,24450.55,24450,25,24451.55,225,325,13782950
NIFTY-I.NFO,12/07/2024,09:39:04,24452.3,24449.8,75,24451.9,325,225,13782950
NIFTY-I.NFO,12/07/2024,09:39:06,24451.7,24449.8,75,24452.8,300,125,13782950
NIFTY-I.NFO,12/07/2024,09:39:07,24449.8,24449.8,75,24452.2,625,150,13782950
NIFTY-I.NFO,12/07/2024,09:39:09,24449.8,24449.8,25,24451.6,625,50,13782950
NIFTY-I.NFO,12/07/2024,09:39:11,24451.6,24449,625,24451.65,200,425,13782950
NIFTY-I.NFO,12/07/2024,09:39:12,24450,24449,650,24449.8,25,25,13782950
NIFTY-I.NFO,12/07/2024,09:39:14,24449,24449,725,24449.15,50,50,13782950
NIFTY-I.NFO,12/07/2024,09:39:16,24449,24449,650,24449.15,25,100,13782950
NIFTY-I.NFO,12/07/2024,09:39:17,24449.05,24449.05,50,24449.15,25,50,13782950
NIFTY-I.NFO,12/07/2024,09:39:19,24449.05,24449.05,50,24451.85,300,925,13782950
NIFTY-I.NFO,12/07/2024,09:39:20,24451.9,24449.15,25,24452.45,350,250,13782950
NIFTY-I.NFO,12/07/2024,09:39:22,24450.8,24449.15,25,24452.1,300,700,13782950
NIFTY-I.NFO,12/07/2024,09:39:24,24452,24449.15,75,24452,25,600,13784450
NIFTY-I.NFO,12/07/2024,09:39:25,24452.95,24450.25,50,24452.95,25,100,13784450
NIFTY-I.NFO,12/07/2024,09:39:27,24450.75,24450.75,75,24452,75,125,13784450
NIFTY-I.NFO,12/07/2024,09:39:29,24451.95,24449,475,24452,50,175,13784450
NIFTY-I.NFO,12/07/2024,09:39:30,24449.65,24449.95,100,24450.75,25,150,13784450
NIFTY-I.NFO,12/07/2024,09:39:32,24450,24449.95,50,24451,25,675,13784450
NIFTY-I.NFO,12/07/2024,09:39:34,24450.5,24450.5,50,24452,250,100,13784450
NIFTY-I.NFO,12/07/2024,09:39:35,24450,24449.8,25,24452.7,25,375,13784450
NIFTY-I.NFO,12/07/2024,09:39:37,24453,24453.5,25,24454,25,300,13784450
NIFTY-I.NFO,12/07/2024,09:39:39,24454,24451.4,25,24452.95,100,1100,13784450
NIFTY-I.NFO,12/07/2024,09:39:40,24452.95,24453.3,100,24455,1225,200,13784450
NIFTY-I.NFO,12/07/2024,09:39:42,24455,24453.35,225,24455,1200,25,13784450
NIFTY-I.NFO,12/07/2024,09:39:44,24455,24453.35,325,24454.95,25,25,13784450
NIFTY-I.NFO,12/07/2024,09:39:45,24454,24453.35,275,24454.95,50,75,13784450
NIFTY-I.NFO,12/07/2024,09:39:47,24453.35,24454.15,50,24454.95,50,175,13784450
NIFTY-I.NFO,12/07/2024,09:39:49,24454.15,24453.35,125,24454.95,50,50,13784450
NIFTY-I.NFO,12/07/2024,09:39:50,24453.35,24453.35,100,24454.9,150,50,13784450
NIFTY-I.NFO,12/07/2024,09:39:52,24452,24452,75,24454.2,450,200,13784450
NIFTY-I.NFO,12/07/2024,09:39:54,24454.15,24452.05,25,24454.15,25,50,13784450
NIFTY-I.NFO,12/07/2024,09:39:55,24453.4,24453.45,150,24455,1825,900,13784450
NIFTY-I.NFO,12/07/2024,09:39:57,24453.4,24453.4,50,24454.95,25,100,13784450
NIFTY-I.NFO,12/07/2024,09:39:59,24452.55,24452.5,25,24454.8,550,125,13784450
NIFTY-I.NFO,12/07/2024,09:40:00,24453.2,24451.8,25,24453.15,125,400,13784450
NIFTY-I.NFO,12/07/2024,09:40:02,24453.2,24451.8,100,24454,225,0,13784450
NIFTY-I.NFO,12/07/2024,09:40:04,24449.6,24450.8,25,24452.8,25,5175,13784450
NIFTY-I.NFO,12/07/2024,09:40:05,24452.35,24450.1,125,24453.15,25,500,13784450
NIFTY-I.NFO,12/07/2024,09:40:07,24450.85,24450.85,50,24454.25,300,3125,13784450
NIFTY-I.NFO,12/07/2024,09:40:09,24456.2,24450.25,125,24453.45,125,3075,13784450
NIFTY-I.NFO,12/07/2024,09:40:10,24451.55,24451.5,25,24454.95,25,175,13784450
NIFTY-I.NFO,12/07/2024,09:40:12,24454.15,24451.75,75,24454,25,25,13784450
NIFTY-I.NFO,12/07/2024,09:40:14,24449.65,24450,50,24452.4,25,5500,13784450
NIFTY-I.NFO,12/07/2024,09:40:15,24451.05,24450.8,375,24452.85,25,125,13784450
NIFTY-I.NFO,12/07/2024,09:40:17,24450.85,24450.85,25,24453.85,125,100,13784450
NIFTY-I.NFO,12/07/2024,09:40:19,24454.4,24452.35,25,24454.95,200,525,13784450
NIFTY-I.NFO,12/07/2024,09:40:20,24454.55,24452.35,100,24454.6,125,675,13784450
NIFTY-I.NFO,12/07/2024,09:40:22,24452.35,24450.65,325,24453.7,25,125,13784450
NIFTY-I.NFO,12/07/2024,09:40:24,24450.8,24450.65,300,24450.8,2800,350,13784450
NIFTY-I.NFO,12/07/2024,09:40:25,24450,24449.65,250,24450,25,675,13784450
NIFTY-I.NFO,12/07/2024,09:40:27,24450,24449.65,325,24450,75,0,13784450
NIFTY-I.NFO,12/07/2024,09:40:28,24449.65,24449.65,350,24450,75,25,13784450
NIFTY-I.NFO,12/07/2024,09:40:30,24450,24449.65,325,24450.75,25,100,13784450
NIFTY-I.NFO,12/07/2024,09:40:32,24449.95,24449.8,75,24449.95,25,25,13784450
NIFTY-I.NFO,12/07/2024,09:40:33,24449.95,24449.85,25,24449.95,25,100,13784450
NIFTY-I.NFO,12/07/2024,09:40:35,24449.95,24449.9,50,24450,200,125,13784450
NIFTY-I.NFO,12/07/2024,09:40:37,24450.45,24450.1,400,24450.75,25,250,13784450
NIFTY-I.NFO,12/07/2024,09:40:38,24450.1,24449.9,25,24450.75,25,450,13784450
NIFTY-I.NFO,12/07/2024,09:40:40,24449.65,24449,650,24449.65,25,225,13784450
NIFTY-I.NFO,12/07/2024,09:40:41,24449.65,24449,675,24449.6,25,0,13784450
NIFTY-I.NFO,12/07/2024,09:40:43,24449.65,24449,750,24449.9,25,50,13784450
NIFTY-I.NFO,12/07/2024,09:40:45,24449.9,24449.65,25,24449.9,25,50,13784450
NIFTY-I.NFO,12/07/2024,09:40:46,24449.75,24449.8,25,24449.9,25,75,13784450
NIFTY-I.NFO,12/07/2024,09:40:48,24450.8,24450.25,25,24450.75,25,250,13784450
NIFTY-I.NFO,12/07/2024,09:40:49,24449,24449,550,24450.8,2650,250,13784450
NIFTY-I.NFO,12/07/2024,09:40:51,24449,24449,525,24450,25,100,13784450
NIFTY-I.NFO,12/07/2024,09:40:53,24450.8,24450.65,125,24450.8,2300,550,13784450
NIFTY-I.NFO,12/07/2024,09:40:54,24451.85,24451.85,100,24452.8,25,2475,13784450
NIFTY-I.NFO,12/07/2024,09:40:56,24451.95,24452.3,125,24454.9,350,250,13784450
NIFTY-I.NFO,12/07/2024,09:40:58,24454.9,24452.1,50,24455,1275,250,13784450
NIFTY-I.NFO,12/07/2024,09:40:59,24451.25,24451.3,50,24454.7,350,400,13784450
NIFTY-I.NFO,12/07/2024,09:41:01,24455,24454.15,100,24455,1075,275,13784450
NIFTY-I.NFO,12/07/2024,09:41:02,24455.6,24457.35,75,24458.9,25,1875,13784450
NIFTY-I.NFO,12/07/2024,09:41:04,24458.9,24457.5,50,24459,150,125,13784450
NIFTY-I.NFO,12/07/2024,09:41:06,24458.9,24457.5,100,24459,250,0,13784450
NIFTY-I.NFO,12/07/2024,09:41:07,24456.05,24456.05,50,24459,25,725,13784450
NIFTY-I.NFO,12/07/2024,09:41:09,24460,24457.55,50,24460.4,350,1775,13784450
NIFTY-I.NFO,12/07/2024,09:41:11,24460.4,24457.55,50,24460.45,25,300,13784450
NIFTY-I.NFO,12/07/2024,09:41:12,24461,24459.15,50,24460.75,300,250,13784450
NIFTY-I.NFO,12/07/2024,09:41:14,24460.45,24460.45,125,24461.4,200,225,13784450
NIFTY-I.NFO,12/07/2024,09:41:15,24459.85,24456.8,75,24460,100,175,13784450
NIFTY-I.NFO,12/07/2024,09:41:17,24462.05,24461.15,25,24462.1,125,3050,13784450
NIFTY-I.NFO,12/07/2024,09:41:19,24462.1,24460.7,250,24462,25,250,13784450
NIFTY-I.NFO,12/07/2024,09:41:20,24464,24460.7,275,24464,550,375,13784450
NIFTY-I.NFO,12/07/2024,09:41:22,24463.3,24460.7,250,24463.35,125,50,13784450
NIFTY-I.NFO,12/07/2024,09:41:23,24464.5,24461,50,24464.5,25,550,13784450
NIFTY-I.NFO,12/07/2024,09:41:25,24463.3,24461.55,125,24464.2,125,75,13784450
NIFTY-I.NFO,12/07/2024,09:41:27,24464.2,24461.55,150,24464.15,25,575,13784450
NIFTY-I.NFO,12/07/2024,09:41:28,24464.65,24461.6,125,24464.65,25,300,13784450
NIFTY-I.NFO,12/07/2024,09:41:30,24461.6,24461.6,250,24464.55,25,125,13784450
NIFTY-I.NFO,12/07/2024,09:41:32,24464.9,24463.35,50,24464.9,125,150,13784450
NIFTY-I.NFO,12/07/2024,09:41:33,24463.9,24461.6,325,24463.9,25,75,13784450
NIFTY-I.NFO,12/07/2024,09:41:35,24461.6,24461.6,275,24464.15,25,325,13784450
NIFTY-I.NFO,12/07/2024,09:41:36,24464,24462,25,24463.7,125,100,13784450
NIFTY-I.NFO,12/07/2024,09:41:38,24461.6,24461.6,275,24463.05,25,125,13784450
NIFTY-I.NFO,12/07/2024,09:41:40,24464.65,24461.6,200,24464,50,425,13784450
NIFTY-I.NFO,12/07/2024,09:41:41,24461.6,24461.6,225,24463.9,50,75,13784450
NIFTY-I.NFO,12/07/2024,09:41:43,24461.4,24460,50,24462.25,125,475,13784450
NIFTY-I.NFO,12/07/2024,09:41:45,24461.4,24460,175,24461.55,25,0,13784450
NIFTY-I.NFO,12/07/2024,09:41:46,24456.2,24457.2,50,24460.3,300,900,13784450
NIFTY-I.NFO,12/07/2024,09:41:48,24457.2,24457.2,25,24458.55,50,225,13784450
NIFTY-I.NFO,12/07/2024,09:41:50,24458.7,24457.2,125,24458.65,50,200,13784450
NIFTY-I.NFO,12/07/2024,09:41:51,24457.8,24455.4,100,24457.95,25,300,13784450
NIFTY-I.NFO,12/07/2024,09:41:53,24455.4,24455.45,25,24457.2,25,175,13784450
NIFTY-I.NFO,12/07/2024,09:41:55,24455.75,24455.55,100,24457.2,25,50,13784450
NIFTY-I.NFO,12/07/2024,09:41:56,24456.05,24455.85,125,24459.7,350,50,13784450
NIFTY-I.NFO,12/07/2024,09:41:58,24456,24455.45,25,24459.65,125,375,13784450
NIFTY-I.NFO,12/07/2024,09:41:59,24455.7,24455.7,25,24455.85,500,175,13784450
NIFTY-I.NFO,12/07/2024,09:42:01,24455.85,24455.45,25,24455.85,2075,275,13784450
NIFTY-I.NFO,12/07/2024,09:42:03,24455.85,24455.7,175,24455.85,1900,175,13784450
NIFTY-I.NFO,12/07/2024,09:42:04,24455.85,24455.7,175,24455.85,1875,25,13784450
NIFTY-I.NFO,12/07/2024,09:42:06,24455.45,24455.4,50,24455.45,1575,1850,13784450
NIFTY-I.NFO,12/07/2024,09:42:08,24454.65,24455.4,25,24455.45,1575,525,13784450
NIFTY-I.NFO,12/07/2024,09:42:09,24455.8,24455.65,25,24455.8,25,1625,13784450
NIFTY-I.NFO,12/07/2024,09:42:11,24455.4,24455.35,50,24455.4,600,1250,13784450
NIFTY-I.NFO,12/07/2024,09:42:12,24455.4,24455.35,175,24455.4,375,250,13784450
NIFTY-I.NFO,12/07/2024,09:42:14,24455.3,24455,75,24455.35,325,200,13784450
NIFTY-I.NFO,12/07/2024,09:42:16,24455.4,24455.25,150,24455.65,25,2600,13784450
NIFTY-I.NFO,12/07/2024,09:42:17,24455.45,24455.45,25,24455.65,25,50,13784450
NIFTY-I.NFO,12/07/2024,09:42:19,24455.45,24455.45,50,24455.6,25,50,13784450
NIFTY-I.NFO,12/07/2024,09:42:21,24458.65,24455.45,125,24458.2,325,525,13784450
NIFTY-I.NFO,12/07/2024,09:42:22,24455.45,24455.45,225,24458.15,25,50,13785825
NIFTY-I.NFO,12/07/2024,09:42:24,24455.45,24455.25,225,24455.4,25,300,13785825
NIFTY-I.NFO,12/07/2024,09:42:25,24455.45,24455.25,225,24455.45,1375,200,13785825
NIFTY-I.NFO,12/07/2024,09:42:27,24455.25,24455.25,375,24455.45,3175,50,13785825
NIFTY-I.NFO,12/07/2024,09:42:29,24455.25,24455.25,475,24455.45,3125,75,13785825
NIFTY-I.NFO,12/07/2024,09:42:30,24455.4,24455.35,75,24455.45,2825,400,13785825
NIFTY-I.NFO,12/07/2024,09:42:32,24459,24457.8,50,24459.95,350,3000,13785825
NIFTY-I.NFO,12/07/2024,09:42:34,24458.85,24458.25,50,24460,150,75,13785825
NIFTY-I.NFO,12/07/2024,09:42:35,24460,24459,125,24460,100,100,13785825
NIFTY-I.NFO,12/07/2024,09:42:37,24460,24459.45,125,24461.6,25,1900,13785825
NIFTY-I.NFO,12/07/2024,09:42:39,24459.45,24459.45,125,24461.3,100,100,13785825
NIFTY-I.NFO,12/07/2024,09:42:40,24460,24459.45,225,24461.55,100,50,13785825
NIFTY-I.NFO,12/07/2024,09:42:42,24459.45,24459,150,24459.45,1475,1200,13785825
NIFTY-I.NFO,12/07/2024,09:42:43,24462.05,24460,100,24461.85,125,1525,13785825
NIFTY-I.NFO,12/07/2024,09:42:45,24460,24459.25,50,24459.4,25,250,13785825
NIFTY-I.NFO,12/07/2024,09:42:47,24459.25,24455.95,50,24459.45,1475,1000,13785825
NIFTY-I.NFO,12/07/2024,09:42:48,24459.25,24459.25,250,24459.45,1425,75,13785825
NIFTY-I.NFO,12/07/2024,09:42:50,24459.25,24455.95,25,24459.25,1225,600,13785825
NIFTY-I.NFO,12/07/2024,09:42:52,24456.15,24456.1,25,24459.25,1225,50,13785825
NIFTY-I.NFO,12/07/2024,09:42:53,24459.25,24455.85,75,24459.25,850,775,13785825
NIFTY-I.NFO,12/07/2024,09:42:55,24459.25,24457.6,50,24459.25,675,175,13785825
NIFTY-I.NFO,12/07/2024,09:42:56,24459.45,24458.35,100,24459.45,1350,725,13785825
NIFTY-I.NFO,12/07/2024,09:42:58,24459.45,24458.4,50,24460,75,1375,13785825
NIFTY-I.NFO,12/07/2024,09:43:00,24460.4,24460.65,125,24462,50,175,13785825
NIFTY-I.NFO,12/07/2024,09:43:01,24462.7,24462.9,50,24464,150,250,13785825
NIFTY-I.NFO,12/07/2024,09:43:03,24464,24462.9,100,24464,325,75,13785825
NIFTY-I.NFO,12/07/2024,09:43:05,24464,24461.6,125,24464,300,2100,13785825
NIFTY-I.NFO,12/07/2024,09:43:06,24463.95,24461.6,250,24464,175,75,13785825
NIFTY-I.NFO,12/07/2024,09:43:08,24461.6,24461.6,150,24464.1,125,325,13785825
NIFTY-I.NFO,12/07/2024,09:43:10,24461.55,24460.05,50,24464,225,1850,13785825
NIFTY-I.NFO,12/07/2024,09:43:11,24464,24460,1600,24463.95,400,350,13785825
NIFTY-I.NFO,12/07/2024,09:43:13,24460,24460,1525,24463.75,275,225,13785825
NIFTY-I.NFO,12/07/2024,09:43:14,24463.75,24460,1750,24464.1,375,175,13785825
NIFTY-I.NFO,12/07/2024,09:43:16,24464.35,24460.45,175,24464.2,150,25,13785825
NIFTY-I.NFO,12/07/2024,09:43:18,24460.45,24460.45,175,24463.4,225,125,13785825
NIFTY-I.NFO,12/07/2024,09:43:19,24460.45,24460.45,250,24463.15,225,50,13785825
NIFTY-I.NFO,12/07/2024,09:43:21,24463.75,24461.55,100,24463.8,25,200,13785825
NIFTY-I.NFO,12/07/2024,09:43:23,24463.95,24462.55,175,24463.8,25,175,13785825
NIFTY-I.NFO,12/07/2024,09:43:24,24463.95,24462.6,300,24463.95,25,875,13785825
NIFTY-I.NFO,12/07/2024,09:43:26,24463.8,24464,50,24465,1200,450,13785825
NIFTY-I.NFO,12/07/2024,09:43:28,24464,24464,200,24464.75,50,25,13785825
NIFTY-I.NFO,12/07/2024,09:43:29,24464,24464,175,24464.75,25,325,13785825
NIFTY-I.NFO,12/07/2024,09:43:31,24465,24464.75,600,24465,1075,225,13785825
NIFTY-I.NFO,12/07/2024,09:43:33,24464.75,24464.75,525,24465,1125,350,13785825
NIFTY-I.NFO,12/07/2024,09:43:34,24464.75,24464.75,450,24465,800,975,13785825
NIFTY-I.NFO,12/07/2024,09:43:36,24465,24464,275,24465,575,600,13785825
NIFTY-I.NFO,12/07/2024,09:43:38,24465,24462.6,125,24465.5,200,1000,13785825
NIFTY-I.NFO,12/07/2024,09:43:39,24464.75,24464.75,100,24465,50,225,13785825
NIFTY-I.NFO,12/07/2024,09:43:41,24465.85,24464.75,450,24466,650,100,13785825
NIFTY-I.NFO,12/07/2024,09:43:42,24465.05,24464,200,24465,200,750,13785825
NIFTY-I.NFO,12/07/2024,09:43:44,24465.1,24464,325,24465,150,200,13785825
NIFTY-I.NFO,12/07/2024,09:43:46,24465,24464,1775,24466,525,125,13785825
NIFTY-I.NFO,12/07/2024,09:43:47,24465.9,24465,25,24465.9,275,175,13785825
NIFTY-I.NFO,12/07/2024,09:43:49,24464,24462.25,100,24464.15,125,1950,13785825
NIFTY-I.NFO,12/07/2024,09:43:51,24464.2,24462.25,225,24464.4,225,625,13785825
NIFTY-I.NFO,12/07/2024,09:43:52,24463.75,24464.2,125,24464.75,25,225,13785825
NIFTY-I.NFO,12/07/2024,09:43:54,24465.8,24464.2,125,24465.8,75,125,13785825
NIFTY-I.NFO,12/07/2024,09:43:56,24464.55,24462.25,125,24464.4,125,275,13785825
NIFTY-I.NFO,12/07/2024,09:43:57,24464.15,24463,25,24464.2,300,150,13785825
NIFTY-I.NFO,12/07/2024,09:43:59,24464.2,24463,25,24464.2,50,200,13785825
NIFTY-I.NFO,12/07/2024,09:44:00,24464.55,24463,50,24464.5,325,200,13785825
NIFTY-I.NFO,12/07/2024,09:44:02,24464.2,24462.25,125,24464.15,250,100,13785825
NIFTY-I.NFO,12/07/2024,09:44:04,24463.25,24461.6,75,24463.2,50,350,13785825
NIFTY-I.NFO,12/07/2024,09:44:05,24463,24462.25,25,24463.8,150,75,13785825
NIFTY-I.NFO,12/07/2024,09:44:07,24463.15,24460,1550,24463.15,150,600,13785825
NIFTY-I.NFO,12/07/2024,09:44:09,24463.15,24460,1675,24462.2,200,0,13785825
NIFTY-I.NFO,12/07/2024,09:44:10,24462,24462,325,24462.95,25,1350,13785825
NIFTY-I.NFO,12/07/2024,09:44:12,24461.7,24460.05,25,24461.75,225,725,13785825
NIFTY-I.NFO,12/07/2024,09:44:13,24460.9,24460,325,24460.95,25,2100,13785825
NIFTY-I.NFO,12/07/2024,09:44:15,24461.05,24460,25,24461.9,225,450,13785825
NIFTY-I.NFO,12/07/2024,09:44:17,24461.9,24460,350,24461.95,50,75,13785825
NIFTY-I.NFO,12/07/2024,09:44:18,24461.95,24460,475,24461.95,25,25,13785825
NIFTY-I.NFO,12/07/2024,09:44:20,24460,24458,25,24460.25,25,825,13785825
NIFTY-I.NFO,12/07/2024,09:44:22,24460.35,24458,50,24460.35,25,2400,13785825
NIFTY-I.NFO,12/07/2024,09:44:23,24460.3,24458,175,24460.05,25,550,13785825
NIFTY-I.NFO,12/07/2024,09:44:25,24459.9,24458,150,24459.9,25,50,13785825
NIFTY-I.NFO,12/07/2024,09:44:26,24458.65,24459.45,100,24461.95,25,300,13785825
NIFTY-I.NFO,12/07/2024,09:44:28,24463,24459.45,150,24461.45,25,75,13785825
NIFTY-I.NFO,12/07/2024,09:44:30,24459.45,24459.45,100,24460.55,25,50,13785825
NIFTY-I.NFO,12/07/2024,09:44:31,24459.45,24459.45,175,24460.4,150,75,13785825
NIFTY-I.NFO,12/07/2024,09:44:33,24459.45,24459.45,175,24459.9,25,150,13785825
NIFTY-I.NFO,12/07/2024,09:44:35,24459.45,24459.45,475,24460.4,75,150,13785825
NIFTY-I.NFO,12/07/2024,09:44:36,24459.45,24459.45,425,24460.4,50,75,13785825
NIFTY-I.NFO,12/07/2024,09:44:38,24459.45,24459.45,400,24462.05,25,400,13785825
NIFTY-I.NFO,12/07/2024,09:44:40,24459.5,24459.55,200,24460.9,25,75,13785825
NIFTY-I.NFO,12/07/2024,09:44:41,24462.55,24460,100,24460.6,25,50,13785825
NIFTY-I.NFO,12/07/2024,09:44:43,24456.75,24460.15,200,24460.45,25,1825,13785825
NIFTY-I.NFO,12/07/2024,09:44:44,24460.3,24460.2,475,24460.45,25,50,13785825
NIFTY-I.NFO,12/07/2024,09:44:46,24460.3,24460.25,50,24460.45,50,125,13785825
NIFTY-I.NFO,12/07/2024,09:44:48,24460.25,24460.25,25,24460.45,50,50,13785825
NIFTY-I.NFO,12/07/2024,09:44:49,24460.3,24460.3,100,24460.45,50,250,13785825
NIFTY-I.NFO,12/07/2024,09:44:51,24457.85,24457.85,75,24460.45,50,500,13785825
NIFTY-I.NFO,12/07/2024,09:44:53,24457.55,24457.9,25,24460.15,50,75,13785825
NIFTY-I.NFO,12/07/2024,09:44:54,24460.15,24460,25,24460.3,225,75,13785825
NIFTY-I.NFO,12/07/2024,09:44:56,24460.15,24460,75,24460.3,225,0,13785825
NIFTY-I.NFO,12/07/2024,09:44:58,24460.45,24460.35,75,24462.65,25,375,13785825
NIFTY-I.NFO,12/07/2024,09:44:59,24460.35,24460.35,200,24461.9,25,225,13785825
NIFTY-I.NFO,12/07/2024,09:45:01,24460.4,24460.35,200,24462.4,50,250,13785825
NIFTY-I.NFO,12/07/2024,09:45:02,24460.35,24460.35,125,24461.9,25,125,13785825
NIFTY-I.NFO,12/07/2024,09:45:04,24460.35,24460.4,75,24462.8,25,150,13785825
NIFTY-I.NFO,12/07/2024,09:45:06,24460.45,24460.45,100,24462.45,25,100,13785825
NIFTY-I.NFO,12/07/2024,09:45:07,24460.55,24460.5,25,24462.75,25,475,13785825
NIFTY-I.NFO,12/07/2024,09:45:09,24460.55,24461,125,24462.75,25,0,13785825
NIFTY-I.NFO,12/07/2024,09:45:11,24461,24460.5,100,24460.7,25,150,13785825
NIFTY-I.NFO,12/07/2024,09:45:12,24462.75,24460.5,125,24462.75,25,75,13785825
NIFTY-I.NFO,12/07/2024,09:45:14,24461.75,24460.5,175,24461.75,25,75,13785825
NIFTY-I.NFO,12/07/2024,09:45:16,24460.3,24460.3,25,24460.5,50,700,13785825
NIFTY-I.NFO,12/07/2024,09:45:17,24460.35,24458,25,24459.85,25,150,13785825
NIFTY-I.NFO,12/07/2024,09:45:19,24461.9,24461.9,700,24462,75,825,13785825
NIFTY-I.NFO,12/07/2024,09:45:20,24461.1,24458,50,24460.8,25,900,13785825
NIFTY-I.NFO,12/07/2024,09:45:22,24461.1,24461.95,1125,24462,50,450,13785825
NIFTY-I.NFO,12/07/2024,09:45:23,24462.05,24461.95,925,24463.55,100,300,13786550
NIFTY-I.NFO,12/07/2024,09:45:25,24463,24462,1500,24463,25,1425,13786550
NIFTY-I.NFO,12/07/2024,09:45:27,24461.6,24462,125,24463.1,25,1775,13786550
NIFTY-I.NFO,12/07/2024,09:45:28,24464,24459.85,100,24464,75,300,13786550
NIFTY-I.NFO,12/07/2024,09:45:30,24462,24461.55,50,24463.95,25,200,13786550
NIFTY-I.NFO,12/07/2024,09:45:32,24464.2,24463.1,1500,24464.4,25,375,13786550
NIFTY-I.NFO,12/07/2024,09:45:33,24464,24463.1,1325,24464.4,50,225,13786550
NIFTY-I.NFO,12/07/2024,09:45:35,24463.1,24463.1,1400,24464,25,50,13786550
NIFTY-I.NFO,12/07/2024,09:45:37,24463.1,24463.1,1475,24464,75,50,13786550
NIFTY-I.NFO,12/07/2024,09:45:38,24465,24464,1500,24465,950,200,13786550
NIFTY-I.NFO,12/07/2024,09:45:40,24465,24465,450,24465.8,75,1175,13786550
NIFTY-I.NFO,12/07/2024,09:45:42,24465,24465,200,24465.8,175,325,13786550
NIFTY-I.NFO,12/07/2024,09:45:43,24465,24464,1550,24465.6,225,450,13786550
NIFTY-I.NFO,12/07/2024,09:45:45,24465.95,24464,1525,24465.9,25,1275,13786550
NIFTY-I.NFO,12/07/2024,09:45:47,24463.1,24463.1,1500,24463.25,25,1675,13786550
NIFTY-I.NFO,12/07/2024,09:45:48,24462,24462,200,24462.95,25,1600,13786550
NIFTY-I.NFO,12/07/2024,09:45:50,24461.55,24461.55,25,24462.4,25,525,13786550
NIFTY-I.NFO,12/07/2024,09:45:52,24457.8,24458,150,24460.45,25,300,13786550
NIFTY-I.NFO,12/07/2024,09:45:53,24461.9,24460,100,24461.9,25,150,13786550
NIFTY-I.NFO,12/07/2024,09:45:55,24463.05,24463.05,1750,24463.7,25,275,13786550
NIFTY-I.NFO,12/07/2024,09:45:57,24463.8,24463.05,2100,24463.85,25,125,13786550
NIFTY-I.NFO,12/07/2024,09:45:58,24458.15,24458,50,24461.05,350,2325,13786550
NIFTY-I.NFO,12/07/2024,09:46:00,24457.7,24458.3,200,24461.05,350,75,13786550
NIFTY-I.NFO,12/07/2024,09:46:02,24461,24458.2,25,24461,350,50,13786550
NIFTY-I.NFO,12/07/2024,09:46:03,24461.05,24459.5,50,24461.55,25,25,13786550
NIFTY-I.NFO,12/07/2024,09:46:05,24465,24462.65,25,24465,225,125,13786550
NIFTY-I.NFO,12/07/2024,09:46:07,24465,24462.65,400,24465,125,450,13786550
NIFTY-I.NFO,12/07/2024,09:46:08,24465,24462.95,100,24465,100,0,13786550
NIFTY-I.NFO,12/07/2024,09:46:10,24463.35,24462.65,400,24465,150,100,13786550
NIFTY-I.NFO,12/07/2024,09:46:11,24462.65,24462.65,325,24462.95,25,75,13786550
NIFTY-I.NFO,12/07/2024,09:46:13,24464.05,24462.65,300,24464.05,25,75,13786550
NIFTY-I.NFO,12/07/2024,09:46:15,24462.65,24462.65,250,24465,75,200,13786550
NIFTY-I.NFO,12/07/2024,09:46:16,24464.95,24462,225,24464.95,450,75,13786550
NIFTY-I.NFO,12/07/2024,09:46:18,24464.95,24461.95,325,24462,50,0,13786550
NIFTY-I.NFO,12/07/2024,09:46:19,24464.95,24461.95,200,24464.95,450,250,13786550
NIFTY-I.NFO,12/07/2024,09:46:21,24464.95,24461.95,200,24464.95,350,100,13786550
NIFTY-I.NFO,12/07/2024,09:46:22,24461.95,24461.95,175,24464.95,450,25,13786550
NIFTY-I.NFO,12/07/2024,09:46:24,24461.95,24461.95,200,24464.95,500,0,13786550
NIFTY-I.NFO,12/07/2024,09:46:26,24464.8,24461.95,200,24462.7,25,650,13786550
NIFTY-I.NFO,12/07/2024,09:46:27,24464.9,24461.55,125,24461.95,50,250,13786550
NIFTY-I.NFO,12/07/2024,09:46:29,24462.65,24461.55,125,24465,625,75,13786550
NIFTY-I.NFO,12/07/2024,09:46:31,24461.55,24462,25,24464,175,125,13786550
NIFTY-I.NFO,12/07/2024,09:46:32,24464,24462,25,24464,150,25,13786550
NIFTY-I.NFO,12/07/2024,09:46:34,24464,24462,25,24464,50,0,13786550
NIFTY-I.NFO,12/07/2024,09:46:36,24464.95,24464,50,24464.9,200,375,13786550
NIFTY-I.NFO,12/07/2024,09:46:37,24464,24462,25,24465,750,125,13786550
NIFTY-I.NFO,12/07/2024,09:46:39,24461.55,24461.55,50,24464.95,100,100,13786550
NIFTY-I.NFO,12/07/2024,09:46:41,24464,24461.55,25,24464.65,225,375,13786550
