Ticker,Date,Time,LTP,BuyPrice,BuyQty,SellPrice,SellQty,LTQ,OpenInterest
NIFTY-III.NFO,12/07/2024,09:15:01,24654.95,24652.5,100,24675.9,75,50,259425
NIFTY-III.NFO,12/07/2024,09:15:01,24655,24652.5,100,24675.9,75,0,259425
NIFTY-III.NFO,12/07/2024,09:15:01,24655,24652.5,100,24675.9,75,0,259425
NIFTY-III.NFO,12/07/2024,09:15:01,24654.95,24652.5,100,24675.9,75,0,259425
NIFTY-III.NFO,12/07/2024,09:15:02,24655,24651.6,100,24670.85,75,0,259425
NIFTY-III.NFO,12/07/2024,09:15:03,24655,24642.55,100,24665.2,75,0,259425
NIFTY-III.NFO,12/07/2024,09:15:04,24655,24643.15,100,24655.85,75,0,259425
NIFTY-III.NFO,12/07/2024,09:15:05,24655,24643.35,100,24655.85,75,0,259425
NIFTY-III.NFO,12/07/2024,09:15:06,24655.9,24644.15,100,24655.9,425,50,259425
NIFTY-III.NFO,12/07/2024,09:15:06,24655.9,24644.15,100,24655.9,425,0,259425
NIFTY-III.NFO,12/07/2024,09:15:06,24650,24644.15,100,24655.9,425,0,259425
NIFTY-III.NFO,12/07/2024,09:15:07,24655.85,24644.65,100,24655.85,50,25,259425
NIFTY-III.NFO,12/07/2024,09:15:08,24655.9,24647.3,100,24655.9,125,350,259425
NIFTY-III.NFO,12/07/2024,09:15:09,24655.9,24647.7,100,24666,25,125,259425
NIFTY-III.NFO,12/07/2024,09:15:10,24655.9,24648.1,100,24666,25,0,259425
NIFTY-III.NFO,12/07/2024,09:15:11,24667.05,24648.4,100,24665.8,25,50,259425
NIFTY-III.NFO,12/07/2024,09:15:11,24667.05,24648.4,100,24665.8,25,0,259425
NIFTY-III.NFO,12/07/2024,09:15:12,24646.45,24647.35,100,24655,50,50,259425
NIFTY-III.NFO,12/07/2024,09:15:12,24646.45,24647.35,100,24655,50,0,259425
NIFTY-III.NFO,12/07/2024,09:15:13,24646.45,24646.55,100,24655,75,0,259425
NIFTY-III.NFO,12/07/2024,09:15:14,24655,24646.75,100,24665.95,50,75,259425
NIFTY-III.NFO,12/07/2024,09:15:15,24655,24646.95,100,24666.55,50,0,259425
NIFTY-III.NFO,12/07/2024,09:15:16,24648.15,24648.15,100,24667.2,75,25,259425
NIFTY-III.NFO,12/07/2024,09:15:17,24648.15,24648.35,100,24667.35,75,0,259425
NIFTY-III.NFO,12/07/2024,09:15:18,24648.15,24649.1,100,24663.95,75,0,259425
NIFTY-III.NFO,12/07/2024,09:15:19,24648.15,24649.2,100,24663.95,75,0,259425
NIFTY-III.NFO,12/07/2024,09:15:20,24650.8,24650.9,100,24663.95,100,25,258975
NIFTY-III.NFO,12/07/2024,09:15:21,24660,24651.45,50,24663.95,100,75,258975
NIFTY-III.NFO,12/07/2024,09:15:22,24652.25,24653,275,24664,125,100,258975
NIFTY-III.NFO,12/07/2024,09:15:23,24652.25,24653.1,275,24664,125,0,258975
NIFTY-III.NFO,12/07/2024,09:15:24,24653.1,24653.2,250,24663.95,100,50,258975
NIFTY-III.NFO,12/07/2024,09:15:25,24653.1,24653.3,250,24663.85,100,0,258975
NIFTY-III.NFO,12/07/2024,09:15:26,24653.1,24653.4,250,24663.85,100,0,258975
NIFTY-III.NFO,12/07/2024,09:15:27,24653.1,24653.5,250,24663.85,100,0,258975
NIFTY-III.NFO,12/07/2024,09:15:28,24653.1,24653.6,250,24663.85,100,0,258975
NIFTY-III.NFO,12/07/2024,09:15:29,24653.1,24653.7,250,24663.85,100,0,258975
NIFTY-III.NFO,12/07/2024,09:15:30,24653.1,24653.8,250,24663.85,100,0,258975
NIFTY-III.NFO,12/07/2024,09:15:31,24653.1,24653.85,25,24663.85,100,0,258975
NIFTY-III.NFO,12/07/2024,09:15:32,24653.1,24653.9,250,24663.85,100,0,258975
NIFTY-III.NFO,12/07/2024,09:15:33,24655,24654,250,24663.85,100,75,258975
NIFTY-III.NFO,12/07/2024,09:15:34,24654.05,24654.1,250,24663.85,100,25,258975
NIFTY-III.NFO,12/07/2024,09:15:35,24654.2,24654.2,250,24663.85,100,150,258975
NIFTY-III.NFO,12/07/2024,09:15:36,24654.2,24654.25,25,24663.85,100,0,258975
NIFTY-III.NFO,12/07/2024,09:15:37,24654.3,24654.3,250,24663.85,100,25,258975
NIFTY-III.NFO,12/07/2024,09:15:38,24654.3,24654.4,250,24664.95,100,0,258975
NIFTY-III.NFO,12/07/2024,09:15:39,24654.45,24654.5,250,24664.95,175,75,258975
NIFTY-III.NFO,12/07/2024,09:15:40,24654.45,24654.6,325,24664.95,175,0,258975
NIFTY-III.NFO,12/07/2024,09:15:41,24654.45,24654.7,250,24664.95,175,0,258975
NIFTY-III.NFO,12/07/2024,09:15:42,24654.75,24654.75,100,24664.95,175,25,258975
NIFTY-III.NFO,12/07/2024,09:15:43,24654.75,24654.8,250,24660,275,0,258975
NIFTY-III.NFO,12/07/2024,09:15:44,24655.05,24655.05,250,24660,275,100,258975
NIFTY-III.NFO,12/07/2024,09:15:45,24655.05,24655.15,325,24660,200,0,258975
NIFTY-III.NFO,12/07/2024,09:15:46,24660,24655.25,250,24660,175,25,258975
NIFTY-III.NFO,12/07/2024,09:15:47,24660,24655.35,325,24660,175,0,258975
NIFTY-III.NFO,12/07/2024,09:15:48,24660,24655.4,25,24660,175,0,258975
NIFTY-III.NFO,12/07/2024,09:15:49,24660,24655.45,250,24660,175,0,258975
NIFTY-III.NFO,12/07/2024,09:15:50,24660,24655.55,325,24660,175,0,258975
NIFTY-III.NFO,12/07/2024,09:15:51,24660,24655.65,250,24660,175,0,258975
NIFTY-III.NFO,12/07/2024,09:15:52,24660,24655.75,325,24660,175,0,258975
NIFTY-III.NFO,12/07/2024,09:15:53,24660,24655.85,250,24660,175,0,258975
NIFTY-III.NFO,12/07/2024,09:15:54,24660,24655.95,250,24664.95,175,175,258975
NIFTY-III.NFO,12/07/2024,09:15:55,24660,24656.05,325,24660,150,0,258975
NIFTY-III.NFO,12/07/2024,09:15:56,24660,24656.15,250,24660,175,0,258975
NIFTY-III.NFO,12/07/2024,09:15:57,24660,24656.25,325,24660,175,0,258975
NIFTY-III.NFO,12/07/2024,09:15:58,24660,24656.35,250,24660,200,0,258975
NIFTY-III.NFO,12/07/2024,09:15:59,24660,24656.4,100,24660,200,0,258975
NIFTY-III.NFO,12/07/2024,09:16:00,24660,24656.45,250,24660,275,0,258975
NIFTY-III.NFO,12/07/2024,09:16:01,24660,24656.55,250,24660,200,0,258975
NIFTY-III.NFO,12/07/2024,09:16:02,24660,24656.65,325,24660,150,50,258975
NIFTY-III.NFO,12/07/2024,09:16:03,24660,24656.65,325,24660,50,250,258975
NIFTY-III.NFO,12/07/2024,09:16:04,24660,24656.65,325,24660,50,0,258975
NIFTY-III.NFO,12/07/2024,09:16:05,24660,24656.65,325,24664.95,100,50,258975
NIFTY-III.NFO,12/07/2024,09:16:06,24660,24656.65,325,24664.95,175,0,258975
NIFTY-III.NFO,12/07/2024,09:16:10,24655,24653.1,25,24655,1325,100,258975
NIFTY-III.NFO,12/07/2024,09:16:11,24655,24653.1,25,24655,1325,0,258975
NIFTY-III.NFO,12/07/2024,09:16:12,24653.1,24650,125,24655,1325,25,258975
NIFTY-III.NFO,12/07/2024,09:16:13,24653.1,24650,125,24655,1325,0,258975
NIFTY-III.NFO,12/07/2024,09:16:14,24653.1,24650.15,250,24655,1325,0,258975
NIFTY-III.NFO,12/07/2024,09:16:15,24653.1,24650.15,125,24655,1325,0,258975
NIFTY-III.NFO,12/07/2024,09:16:17,24650.15,24650,125,24653.85,75,125,258975
NIFTY-III.NFO,12/07/2024,09:16:18,24650.15,24650,125,24653.85,75,0,258975
NIFTY-III.NFO,12/07/2024,09:16:19,24655,24650.05,150,24655,675,725,258975
NIFTY-III.NFO,12/07/2024,09:16:20,24650.05,24650.05,25,24655,675,50,258975
NIFTY-III.NFO,12/07/2024,09:16:21,24650.05,24650,125,24655,675,0,258975
NIFTY-III.NFO,12/07/2024,09:16:22,24650.05,24650.05,150,24655,675,0,258975
NIFTY-III.NFO,12/07/2024,09:16:24,24650.05,24650.15,25,24654.95,100,25,258975
NIFTY-III.NFO,12/07/2024,09:16:25,24650.05,24650.15,25,24654.95,100,0,258975
NIFTY-III.NFO,12/07/2024,09:16:26,24650.15,24650,125,24655,675,25,258975
NIFTY-III.NFO,12/07/2024,09:16:27,24650.15,24650,125,24655,675,0,258975
NIFTY-III.NFO,12/07/2024,09:16:30,24655,24650,125,24655,650,25,258975
NIFTY-III.NFO,12/07/2024,09:16:31,24655,24650,125,24654.95,100,0,258975
NIFTY-III.NFO,12/07/2024,09:16:34,24655,24650,125,24655,650,0,258975
NIFTY-III.NFO,12/07/2024,09:16:35,24654.95,24654.95,25,24655,575,175,258975
NIFTY-III.NFO,12/07/2024,09:16:36,24654.95,24654.95,25,24655,575,0,258975
NIFTY-III.NFO,12/07/2024,09:16:37,24652,24650.9,150,24655,575,50,258975
NIFTY-III.NFO,12/07/2024,09:16:38,24652,24650.3,75,24655,575,0,258975
NIFTY-III.NFO,12/07/2024,09:16:39,24652,24650.55,75,24655,650,0,258975
NIFTY-III.NFO,12/07/2024,09:16:40,24652,24650.05,75,24654.95,100,0,258975
NIFTY-III.NFO,12/07/2024,09:16:41,24650.05,24650.05,50,24654.95,100,25,258975
NIFTY-III.NFO,12/07/2024,09:16:42,24650.05,24650.05,50,24654.95,100,0,258975
NIFTY-III.NFO,12/07/2024,09:16:44,24650.05,24650.05,50,24655,650,0,258975
NIFTY-III.NFO,12/07/2024,09:16:45,24655,24650,125,24654.95,175,25,258975
NIFTY-III.NFO,12/07/2024,09:16:46,24655,24650.05,50,24654.95,175,0,258975
NIFTY-III.NFO,12/07/2024,09:16:47,24655,24650.05,125,24655,550,0,258975
NIFTY-III.NFO,12/07/2024,09:16:48,24654.95,24650,125,24654.9,100,25,258975
NIFTY-III.NFO,12/07/2024,09:16:49,24655,24650,125,24654.4,75,200,258975
NIFTY-III.NFO,12/07/2024,09:16:50,24655,24650,125,24653.4,25,0,258975
NIFTY-III.NFO,12/07/2024,09:16:53,24655,24650,125,24652.75,100,0,258975
NIFTY-III.NFO,12/07/2024,09:16:54,24655,24650,125,24652.65,25,0,258975
NIFTY-III.NFO,12/07/2024,09:16:55,24655,24650,125,24652.95,100,0,258975
NIFTY-III.NFO,12/07/2024,09:16:56,24655,24650,150,24652.95,25,0,258975
NIFTY-III.NFO,12/07/2024,09:16:57,24655,24650,150,24652.95,75,0,258975
NIFTY-III.NFO,12/07/2024,09:17:00,24655,24650,150,24652.95,150,0,258975
NIFTY-III.NFO,12/07/2024,09:17:01,24650,24650,100,24650.95,75,50,258975
NIFTY-III.NFO,12/07/2024,09:17:02,24650,24650,100,24650.6,25,0,258975
NIFTY-III.NFO,12/07/2024,09:17:03,24652.9,24650,100,24653,100,25,258975
NIFTY-III.NFO,12/07/2024,09:17:04,24652.9,24650,100,24652.85,50,0,258975
NIFTY-III.NFO,12/07/2024,09:17:05,24652.9,24650,100,24653,25,0,258975
NIFTY-III.NFO,12/07/2024,09:17:07,24650,24649.15,100,24653,25,100,258975
NIFTY-III.NFO,12/07/2024,09:17:08,24647.5,24647.5,100,24653,25,25,258975
NIFTY-III.NFO,12/07/2024,09:17:09,24647.5,24648.25,175,24653,25,0,258975
NIFTY-III.NFO,12/07/2024,09:17:10,24647.5,24647.05,100,24652.95,100,0,258975
NIFTY-III.NFO,12/07/2024,09:17:11,24647.5,24647.05,175,24652.3,50,0,258975
NIFTY-III.NFO,12/07/2024,09:17:12,24647.5,24647.05,175,24652.9,100,0,258975
NIFTY-III.NFO,12/07/2024,09:17:13,24647.5,24647,100,24652.35,100,0,258975
NIFTY-III.NFO,12/07/2024,09:17:14,24647.5,24647.65,175,24652.95,100,0,258975
NIFTY-III.NFO,12/07/2024,09:17:17,24648.4,24648.4,175,24653,25,75,258975
NIFTY-III.NFO,12/07/2024,09:17:18,24648.4,24652.95,500,24653,25,0,258975
NIFTY-III.NFO,12/07/2024,09:17:22,24652.95,24652.95,475,24653,25,25,258975
NIFTY-III.NFO,12/07/2024,09:17:23,24652.95,24652.95,400,24653,100,75,258975
NIFTY-III.NFO,12/07/2024,09:17:24,24653,24653.05,250,24653.75,75,150,258975
NIFTY-III.NFO,12/07/2024,09:17:25,24653,24653.05,250,24653.75,75,0,258975
NIFTY-III.NFO,12/07/2024,09:17:27,24653,24653.05,250,24655,675,0,258975
NIFTY-III.NFO,12/07/2024,09:17:29,24653,24653.05,250,24655,750,0,258975
NIFTY-III.NFO,12/07/2024,09:17:30,24653,24653.05,250,24655,675,0,258975
NIFTY-III.NFO,12/07/2024,09:17:33,24653,24653.05,250,24655,700,0,258975
NIFTY-III.NFO,12/07/2024,09:17:34,24653,24653.05,250,24655,775,0,258975
NIFTY-III.NFO,12/07/2024,09:17:35,24653.05,24653.05,200,24655,775,50,258975
NIFTY-III.NFO,12/07/2024,09:17:36,24653.05,24652.75,200,24655,800,0,258975
NIFTY-III.NFO,12/07/2024,09:17:40,24653.05,24652.75,200,24655,725,0,258975
NIFTY-III.NFO,12/07/2024,09:17:41,24653.05,24652.75,200,24653.05,100,0,258975
NIFTY-III.NFO,12/07/2024,09:17:42,24652.75,24652.75,175,24653.05,100,25,258975
NIFTY-III.NFO,12/07/2024,09:17:43,24652.75,24652.75,175,24653.05,100,0,258975
NIFTY-III.NFO,12/07/2024,09:17:45,24652.75,24652.75,175,24653.05,175,0,258975
NIFTY-III.NFO,12/07/2024,09:17:46,24652.75,24642.15,100,24653.05,175,175,258975
NIFTY-III.NFO,12/07/2024,09:17:47,24642.15,24645.35,100,24653,25,25,258975
NIFTY-III.NFO,12/07/2024,09:17:47,24642.15,24645.35,100,24653,25,0,258975
NIFTY-III.NFO,12/07/2024,09:17:48,24642.15,24645.35,100,24652.7,25,0,258975
NIFTY-III.NFO,12/07/2024,09:17:49,24642.15,24645.55,100,24652.7,25,0,258975
NIFTY-III.NFO,12/07/2024,09:17:50,24642.15,24645.65,175,24652.7,100,0,258975
NIFTY-III.NFO,12/07/2024,09:17:51,24642.15,24645.65,425,24652.7,100,0,258975
NIFTY-III.NFO,12/07/2024,09:17:52,24642.15,24645.75,100,24652.7,100,0,258975
NIFTY-III.NFO,12/07/2024,09:17:53,24642.15,24645.7,100,24652.7,100,0,258975
NIFTY-III.NFO,12/07/2024,09:17:55,24642.15,24643.85,175,24652.7,100,0,258975
NIFTY-III.NFO,12/07/2024,09:17:56,24642.15,24644.7,100,24652.7,100,0,258975
NIFTY-III.NFO,12/07/2024,09:17:57,24642.15,24645,100,24652.7,100,0,258975
NIFTY-III.NFO,12/07/2024,09:17:58,24642.15,24645.1,175,24652.7,100,0,258975
NIFTY-III.NFO,12/07/2024,09:18:01,24642.15,24645.25,175,24652.7,100,0,258975
NIFTY-III.NFO,12/07/2024,09:18:02,24642.15,24645.8,100,24652.7,100,0,258975
NIFTY-III.NFO,12/07/2024,09:18:03,24642.15,24645.15,100,24652.7,100,0,258975
NIFTY-III.NFO,12/07/2024,09:18:04,24642.15,24642.65,175,24645,50,0,258975
NIFTY-III.NFO,12/07/2024,09:18:05,24642.15,24643.6,100,24645,50,0,258975
NIFTY-III.NFO,12/07/2024,09:18:06,24642.15,24643.7,100,24645,50,0,258975
NIFTY-III.NFO,12/07/2024,09:18:07,24642.15,24641.85,100,24645,50,0,258975
NIFTY-III.NFO,12/07/2024,09:18:08,24642.15,24641.1,100,24645,50,0,258975
NIFTY-III.NFO,12/07/2024,09:18:10,24642.15,24641.1,175,24645,50,0,258975
NIFTY-III.NFO,12/07/2024,09:18:11,24642.15,24642.55,100,24645,50,0,258975
NIFTY-III.NFO,12/07/2024,09:18:12,24642.15,24642.55,175,24645,50,0,258975
NIFTY-III.NFO,12/07/2024,09:18:13,24642.15,24642.6,100,24645,50,0,258975
NIFTY-III.NFO,12/07/2024,09:18:17,24642.15,24640.85,425,24645,50,0,258975
NIFTY-III.NFO,12/07/2024,09:18:18,24642.15,24640.15,175,24645,50,0,258975
NIFTY-III.NFO,12/07/2024,09:18:19,24642.15,24640.95,100,24645,50,0,258975
NIFTY-III.NFO,12/07/2024,09:18:20,24642.15,24640.25,175,24645,50,0,258975
NIFTY-III.NFO,12/07/2024,09:18:23,24642.15,24640.05,175,24645,125,0,258975
NIFTY-III.NFO,12/07/2024,09:18:24,24642.15,24640.05,175,24645,50,0,258975
NIFTY-III.NFO,12/07/2024,09:18:26,24642.15,24641.2,175,24645,50,0,258975
NIFTY-III.NFO,12/07/2024,09:18:29,24642.15,24641,250,24644.95,25,0,258975
NIFTY-III.NFO,12/07/2024,09:18:31,24644.95,24641,250,24644.95,75,25,260225
NIFTY-III.NFO,12/07/2024,09:18:32,24644.95,24641,250,24641.05,25,0,260225
NIFTY-III.NFO,12/07/2024,09:18:37,24641.05,24641.05,300,24643.3,75,25,260225
NIFTY-III.NFO,12/07/2024,09:18:37,24641.05,24641.05,300,24643.3,75,0,260225
NIFTY-III.NFO,12/07/2024,09:18:39,24641.05,24641.05,300,24643.3,75,0,260225
NIFTY-III.NFO,12/07/2024,09:18:41,24643.75,24641,250,24644.65,75,300,260225
NIFTY-III.NFO,12/07/2024,09:18:42,24641,24641,200,24644.65,75,50,260225
NIFTY-III.NFO,12/07/2024,09:18:42,24641,24641,200,24644.65,75,0,260225
NIFTY-III.NFO,12/07/2024,09:18:44,24641,24641,200,24644.65,75,0,260225
NIFTY-III.NFO,12/07/2024,09:18:45,24641,24641,200,24643.4,225,0,260225
NIFTY-III.NFO,12/07/2024,09:18:47,24641,24641,150,24642.9,200,100,260225
NIFTY-III.NFO,12/07/2024,09:18:49,24641,24641,150,24643.6,225,0,260225
NIFTY-III.NFO,12/07/2024,09:18:51,24641,24641,100,24642.95,200,100,260225
NIFTY-III.NFO,12/07/2024,09:18:52,24641,24641,100,24643.7,200,0,260225
NIFTY-III.NFO,12/07/2024,09:18:54,24641,24641,100,24643.75,25,0,260225
NIFTY-III.NFO,12/07/2024,09:18:55,24641,24641,50,24643.75,100,50,260225
NIFTY-III.NFO,12/07/2024,09:18:57,24641,24641,50,24643.75,25,0,260225
NIFTY-III.NFO,12/07/2024,09:18:59,24641,24640,150,24643.45,200,50,260225
NIFTY-III.NFO,12/07/2024,09:19:00,24640,24633.05,25,24639.2,200,150,260225
NIFTY-III.NFO,12/07/2024,09:19:00,24640,24633.05,25,24639.2,200,0,260225
NIFTY-III.NFO,12/07/2024,09:19:02,24640,24633.1,100,24640.15,75,0,260225
NIFTY-III.NFO,12/07/2024,09:19:05,24640,24633.1,175,24639.65,75,0,260225
NIFTY-III.NFO,12/07/2024,09:19:07,24633.1,24633.1,175,24639.6,25,25,260225
NIFTY-III.NFO,12/07/2024,09:19:07,24633.1,24633.1,175,24639.6,25,0,260225
NIFTY-III.NFO,12/07/2024,09:19:08,24633.1,24633.1,175,24639.95,25,0,260225
NIFTY-III.NFO,12/07/2024,09:19:10,24633.1,24633.1,175,24639.55,25,0,260225
NIFTY-III.NFO,12/07/2024,09:19:15,24633.1,24633.15,100,24639.95,25,0,260225
NIFTY-III.NFO,12/07/2024,09:19:17,24633.1,24633.6,100,24639.95,100,0,260225
NIFTY-III.NFO,12/07/2024,09:19:18,24633.1,24633.1,175,24639.3,25,0,260225
NIFTY-III.NFO,12/07/2024,09:19:20,24633.1,24633.1,175,24639.15,25,0,260225
NIFTY-III.NFO,12/07/2024,09:19:22,24630,24629.65,125,24630,150,1850,260225
NIFTY-III.NFO,12/07/2024,09:19:22,24630,24629.65,125,24630,150,0,260225
NIFTY-III.NFO,12/07/2024,09:19:23,24630,24629.65,125,24633.1,25,150,260225
NIFTY-III.NFO,12/07/2024,09:19:25,24630,24629.8,125,24639.15,100,50,260225
NIFTY-III.NFO,12/07/2024,09:19:27,24630,24630.6,125,24639.15,100,0,260225
NIFTY-III.NFO,12/07/2024,09:19:28,24630,24630.65,25,24639.15,100,0,260225
NIFTY-III.NFO,12/07/2024,09:19:30,24630.65,24629.9,275,24639.15,100,25,260225
NIFTY-III.NFO,12/07/2024,09:19:31,24630.65,24631.5,50,24639.15,100,0,260225
NIFTY-III.NFO,12/07/2024,09:19:33,24630.65,24630.5,25,24639.15,100,0,260225
NIFTY-III.NFO,12/07/2024,09:19:35,24639.15,24631.45,25,24639.2,75,25,260225
NIFTY-III.NFO,12/07/2024,09:19:36,24639.15,24632.9,25,24640,225,0,260225
NIFTY-III.NFO,12/07/2024,09:19:38,24639.15,24639.15,175,24640,150,25,260225
NIFTY-III.NFO,12/07/2024,09:19:40,24639.15,24639.15,150,24640,150,25,260225
NIFTY-III.NFO,12/07/2024,09:19:41,24639.15,24639.15,150,24640,150,0,260225
NIFTY-III.NFO,12/07/2024,09:19:43,24640,24633.4,25,24640,25,150,260225
NIFTY-III.NFO,12/07/2024,09:19:45,24640,24631.9,25,24639.95,100,0,260225
NIFTY-III.NFO,12/07/2024,09:19:46,24640,24633.75,25,24640,25,0,260225
NIFTY-III.NFO,12/07/2024,09:19:48,24640,24634.55,25,24640,25,0,260225
NIFTY-III.NFO,12/07/2024,09:19:50,24640,24633.55,25,24639.95,100,0,260225
NIFTY-III.NFO,12/07/2024,09:19:51,24640,24633.8,25,24640,100,0,260225
NIFTY-III.NFO,12/07/2024,09:19:53,24640,24632.8,25,24633.8,25,0,260225
NIFTY-III.NFO,12/07/2024,09:19:54,24633.8,24630.25,25,24637.05,100,25,260225
NIFTY-III.NFO,12/07/2024,09:19:56,24633.8,24631.15,25,24637.8,100,0,260225
NIFTY-III.NFO,12/07/2024,09:19:58,24633.8,24631,25,24637.8,100,0,260225
NIFTY-III.NFO,12/07/2024,09:19:59,24633.8,24631.45,25,24638.5,100,0,260225
NIFTY-III.NFO,12/07/2024,09:20:01,24633.8,24629.5,25,24638.65,100,0,260225
NIFTY-III.NFO,12/07/2024,09:20:03,24633.8,24630.35,25,24638.65,100,0,260225
NIFTY-III.NFO,12/07/2024,09:20:04,24633.8,24630.4,25,24638.65,100,0,260225
NIFTY-III.NFO,12/07/2024,09:20:06,24633.8,24630.2,25,24638.65,100,0,260225
NIFTY-III.NFO,12/07/2024,09:20:08,24633.8,24632,25,24639.35,100,0,260225
NIFTY-III.NFO,12/07/2024,09:20:09,24633.8,24632.1,25,24639.95,100,0,260225
NIFTY-III.NFO,12/07/2024,09:20:11,24632.95,24633.7,125,24639.95,175,25,260225
NIFTY-III.NFO,12/07/2024,09:20:12,24632.95,24633.7,125,24639.95,175,0,260225
NIFTY-III.NFO,12/07/2024,09:20:14,24632.95,24632.5,125,24639.95,175,0,260225
NIFTY-III.NFO,12/07/2024,09:20:16,24632.95,24631.9,50,24639.95,175,0,260225
NIFTY-III.NFO,12/07/2024,09:20:19,24632.95,24631,200,24639.95,175,0,260225
NIFTY-III.NFO,12/07/2024,09:20:21,24632.95,24631,450,24639.95,175,0,260225
NIFTY-III.NFO,12/07/2024,09:20:22,24632.95,24632.55,125,24639.95,175,0,260225
NIFTY-III.NFO,12/07/2024,09:20:24,24632.95,24634.05,50,24639.95,175,0,260225
NIFTY-III.NFO,12/07/2024,09:20:26,24632.95,24635,25,24639.95,175,0,260225
NIFTY-III.NFO,12/07/2024,09:20:27,24632.95,24633.3,25,24639.95,175,0,260225
NIFTY-III.NFO,12/07/2024,09:20:29,24632.95,24633.3,150,24639.95,175,0,260225
NIFTY-III.NFO,12/07/2024,09:20:30,24632.95,24632.65,25,24639.95,175,0,260225
NIFTY-III.NFO,12/07/2024,09:20:32,24631.9,24631.9,75,24639.95,200,100,260225
NIFTY-III.NFO,12/07/2024,09:20:34,24631.9,24632.35,50,24639.95,200,25,260225
NIFTY-III.NFO,12/07/2024,09:20:35,24631.9,24633.2,50,24639.95,200,0,260225
NIFTY-III.NFO,12/07/2024,09:20:37,24631.9,24632.4,50,24639.95,200,0,260225
NIFTY-III.NFO,12/07/2024,09:20:38,24631.9,24632.5,50,24639.95,200,0,260225
NIFTY-III.NFO,12/07/2024,09:20:40,24632.9,24633.2,100,24639.95,200,25,260225
NIFTY-III.NFO,12/07/2024,09:20:41,24632.9,24633.65,25,24639.95,200,0,260225
NIFTY-III.NFO,12/07/2024,09:20:43,24632.9,24634.7,25,24639.95,25,0,260225
NIFTY-III.NFO,12/07/2024,09:20:45,24639.95,24636.75,50,24640,100,25,260225
NIFTY-III.NFO,12/07/2024,09:20:46,24639.95,24635.95,50,24640,100,0,260225
NIFTY-III.NFO,12/07/2024,09:20:48,24639.95,24636.1,225,24640,100,0,260225
NIFTY-III.NFO,12/07/2024,09:20:49,24639.95,24637.3,50,24640,100,0,260225
NIFTY-III.NFO,12/07/2024,09:20:51,24639.95,24637.5,50,24639.95,100,0,260225
NIFTY-III.NFO,12/07/2024,09:20:53,24639.95,24639.15,50,24639.95,75,25,260225
NIFTY-III.NFO,12/07/2024,09:20:54,24639.95,24639.65,100,24640,200,75,260225
NIFTY-III.NFO,12/07/2024,09:20:56,24640,24639.5,100,24644.95,100,200,260225
NIFTY-III.NFO,12/07/2024,09:20:58,24640,24638.9,100,24644.95,175,0,260225
NIFTY-III.NFO,12/07/2024,09:20:59,24644.95,24636.65,25,24640,25,25,260225
NIFTY-III.NFO,12/07/2024,09:21:01,24644.95,24633.7,25,24639.95,100,0,260225
NIFTY-III.NFO,12/07/2024,09:21:03,24644.95,24634.7,25,24639.95,175,0,260225
NIFTY-III.NFO,12/07/2024,09:21:04,24644.95,24634.75,25,24639.95,175,0,260225
NIFTY-III.NFO,12/07/2024,09:21:06,24644.95,24637,25,24640,25,0,260225
NIFTY-III.NFO,12/07/2024,09:21:08,24644.95,24636.3,25,24640,25,0,260225
NIFTY-III.NFO,12/07/2024,09:21:09,24644.95,24637.8,25,24640,25,0,260225
NIFTY-III.NFO,12/07/2024,09:21:11,24644.95,24635.1,25,24640,25,0,260225
NIFTY-III.NFO,12/07/2024,09:21:13,24637.35,24637.95,25,24640,25,100,260225
NIFTY-III.NFO,12/07/2024,09:21:14,24640,24638.75,25,24644.95,275,50,260225
NIFTY-III.NFO,12/07/2024,09:21:16,24640,24638.75,25,24644.9,100,0,260225
NIFTY-III.NFO,12/07/2024,09:21:18,24640,24638.2,25,24644.9,100,0,260225
NIFTY-III.NFO,12/07/2024,09:21:24,24640,24638.6,25,24640,25,0,260225
NIFTY-III.NFO,12/07/2024,09:21:25,24640,24640,25,24643.65,100,25,259575
NIFTY-III.NFO,12/07/2024,09:21:27,24640,24640,25,24643.65,100,0,259575
NIFTY-III.NFO,12/07/2024,09:21:29,24640,24640,25,24644.75,100,0,259575
NIFTY-III.NFO,12/07/2024,09:21:30,24640,24640,25,24644.9,100,0,259575
NIFTY-III.NFO,12/07/2024,09:21:32,24644.9,24638.25,25,24644.9,175,25,259575
NIFTY-III.NFO,12/07/2024,09:21:34,24644.9,24639.2,25,24644.9,175,0,259575
NIFTY-III.NFO,12/07/2024,09:21:35,24644.9,24639.3,25,24644.9,175,0,259575
NIFTY-III.NFO,12/07/2024,09:21:37,24637,24637.85,125,24644.9,175,2000,259575
NIFTY-III.NFO,12/07/2024,09:21:38,24637,24637.85,125,24644.95,100,0,259575
NIFTY-III.NFO,12/07/2024,09:21:40,24637,24639.6,125,24644.95,100,0,259575
NIFTY-III.NFO,12/07/2024,09:21:42,24637,24640.5,125,24644.95,100,0,259575
NIFTY-III.NFO,12/07/2024,09:21:43,24645,24640.55,25,24645,50,125,259575
NIFTY-III.NFO,12/07/2024,09:21:45,24645,24641.5,125,24645,50,0,259575
NIFTY-III.NFO,12/07/2024,09:21:47,24645,24640.3,25,24645,50,0,259575
NIFTY-III.NFO,12/07/2024,09:21:48,24645,24642.5,50,24645,50,25,259575
NIFTY-III.NFO,12/07/2024,09:21:50,24642.55,24643.15,50,24645,25,50,259575
NIFTY-III.NFO,12/07/2024,09:21:52,24648.75,24642.6,75,24649.95,175,125,259575
NIFTY-III.NFO,12/07/2024,09:21:53,24648.75,24642.25,75,24649.95,175,0,259575
NIFTY-III.NFO,12/07/2024,09:21:55,24648.75,24642.9,75,24649.95,175,0,259575
NIFTY-III.NFO,12/07/2024,09:21:57,24648.75,24645,50,24649.95,175,0,259575
NIFTY-III.NFO,12/07/2024,09:21:58,24648.75,24645.05,75,24649.95,100,0,259575
NIFTY-III.NFO,12/07/2024,09:22:00,24648.75,24645,50,24649.95,100,0,259575
NIFTY-III.NFO,12/07/2024,09:22:02,24648.75,24645.05,75,24650,150,0,259575
NIFTY-III.NFO,12/07/2024,09:22:03,24648.75,24645.35,75,24650,150,0,259575
NIFTY-III.NFO,12/07/2024,09:22:05,24650,24645.05,75,24650,375,25,259575
NIFTY-III.NFO,12/07/2024,09:22:07,24650,24647.95,75,24650,300,75,259575
NIFTY-III.NFO,12/07/2024,09:22:08,24648.75,24645.45,75,24648.75,25,150,259575
NIFTY-III.NFO,12/07/2024,09:22:10,24648.75,24646.2,75,24650,175,25,259575
NIFTY-III.NFO,12/07/2024,09:22:12,24648.75,24646.3,75,24650,175,0,259575
NIFTY-III.NFO,12/07/2024,09:22:13,24648.75,24646.5,75,24650,175,0,259575
NIFTY-III.NFO,12/07/2024,09:22:15,24652.75,24650.35,75,24652.75,25,200,259575
NIFTY-III.NFO,12/07/2024,09:22:17,24652.75,24651.15,75,24655,575,25,259575
NIFTY-III.NFO,12/07/2024,09:22:18,24655,24653.75,75,24655,25,550,259575
NIFTY-III.NFO,12/07/2024,09:22:20,24653.6,24654.15,125,24657,25,150,259575
NIFTY-III.NFO,12/07/2024,09:22:21,24653.6,24651.45,25,24656.95,100,0,259575
NIFTY-III.NFO,12/07/2024,09:22:23,24653.6,24648.45,375,24656.95,175,0,259575
NIFTY-III.NFO,12/07/2024,09:22:25,24648.45,24648.6,125,24656.95,175,125,259575
NIFTY-III.NFO,12/07/2024,09:22:26,24648.45,24648.05,25,24656.95,175,0,259575
NIFTY-III.NFO,12/07/2024,09:22:28,24648.45,24647.85,125,24656.95,175,0,259575
NIFTY-III.NFO,12/07/2024,09:22:30,24648.45,24649.25,125,24656.95,175,0,259575
NIFTY-III.NFO,12/07/2024,09:22:31,24648.45,24648.8,125,24653.6,25,0,259575
NIFTY-III.NFO,12/07/2024,09:22:33,24653.6,24649.6,25,24656.9,100,25,259575
NIFTY-III.NFO,12/07/2024,09:22:35,24653.6,24649.8,25,24655,250,0,259575
NIFTY-III.NFO,12/07/2024,09:22:36,24653.6,24650,25,24655,250,0,259575
NIFTY-III.NFO,12/07/2024,09:22:38,24649.15,24649.5,125,24654.95,175,50,259575
NIFTY-III.NFO,12/07/2024,09:22:40,24649.15,24648.4,25,24654.95,175,0,259575
NIFTY-III.NFO,12/07/2024,09:22:41,24649.15,24650.2,125,24655,250,0,259575
NIFTY-III.NFO,12/07/2024,09:22:43,24651.05,24651.1,25,24654.95,100,50,259575
NIFTY-III.NFO,12/07/2024,09:22:45,24654.95,24650.35,50,24655,225,50,259575
NIFTY-III.NFO,12/07/2024,09:22:46,24654.95,24650.65,75,24655,225,25,259575
NIFTY-III.NFO,12/07/2024,09:22:48,24654.95,24650.85,75,24655,225,0,259575
NIFTY-III.NFO,12/07/2024,09:22:50,24654.95,24651.05,75,24655,225,0,259575
NIFTY-III.NFO,12/07/2024,09:22:51,24654.95,24651.55,75,24655,225,0,259575
NIFTY-III.NFO,12/07/2024,09:22:53,24654.95,24651.85,75,24655,225,0,259575
NIFTY-III.NFO,12/07/2024,09:22:54,24654.95,24651.25,75,24655,225,0,259575
NIFTY-III.NFO,12/07/2024,09:22:56,24654.95,24650,25,24654.95,175,0,259575
NIFTY-III.NFO,12/07/2024,09:22:58,24654.95,24650.1,75,24654.95,175,0,259575
NIFTY-III.NFO,12/07/2024,09:22:59,24654.95,24650.15,25,24654.95,175,0,259575
NIFTY-III.NFO,12/07/2024,09:23:01,24654.95,24650.3,75,24654.95,100,0,259575
NIFTY-III.NFO,12/07/2024,09:23:03,24654.95,24650.05,75,24654.95,175,0,259575
NIFTY-III.NFO,12/07/2024,09:23:04,24654.95,24650.2,75,24654.95,100,0,259575
NIFTY-III.NFO,12/07/2024,09:23:06,24654.95,24650.4,75,24654.95,100,0,259575
NIFTY-III.NFO,12/07/2024,09:23:08,24654.95,24650.3,75,24655,225,0,259575
NIFTY-III.NFO,12/07/2024,09:23:09,24654.95,24651.05,75,24655,225,0,259575
NIFTY-III.NFO,12/07/2024,09:23:11,24654.95,24651.15,75,24655,225,0,259575
NIFTY-III.NFO,12/07/2024,09:23:13,24654.95,24650.85,75,24655,250,0,259575
NIFTY-III.NFO,12/07/2024,09:23:14,24655,24654.65,75,24655,175,75,259575
NIFTY-III.NFO,12/07/2024,09:23:16,24655,24654,75,24658.95,100,175,259575
NIFTY-III.NFO,12/07/2024,09:23:18,24655,24654.75,75,24659,25,0,259575
NIFTY-III.NFO,12/07/2024,09:23:19,24653.5,24655.8,125,24659,25,100,259575
NIFTY-III.NFO,12/07/2024,09:23:21,24655.95,24656.8,125,24659,25,25,259575
NIFTY-III.NFO,12/07/2024,09:23:23,24657.85,24656.15,250,24660,300,175,259575
NIFTY-III.NFO,12/07/2024,09:23:24,24657.85,24655.3,125,24660,200,0,259575
NIFTY-III.NFO,12/07/2024,09:23:26,24655.7,24655.95,125,24660,200,50,259575
NIFTY-III.NFO,12/07/2024,09:23:28,24655.7,24655.25,225,24659.95,175,0,259575
NIFTY-III.NFO,12/07/2024,09:23:29,24655.7,24655.95,125,24660,200,0,259575
NIFTY-III.NFO,12/07/2024,09:23:31,24655.7,24655.3,125,24659.95,100,0,259575
NIFTY-III.NFO,12/07/2024,09:23:32,24655.7,24654.55,125,24659.95,175,0,259575
NIFTY-III.NFO,12/07/2024,09:23:34,24655.7,24655.85,125,24660,100,0,259575
NIFTY-III.NFO,12/07/2024,09:23:36,24655.7,24654.9,125,24659.95,175,0,259575
NIFTY-III.NFO,12/07/2024,09:23:37,24655.7,24653.85,125,24659.95,175,0,259575
NIFTY-III.NFO,12/07/2024,09:23:39,24655.7,24655.25,125,24659.95,100,0,259575
NIFTY-III.NFO,12/07/2024,09:23:40,24655.7,24655.2,250,24660,100,0,259575
NIFTY-III.NFO,12/07/2024,09:23:42,24655.7,24654.05,25,24659.95,175,0,259575
NIFTY-III.NFO,12/07/2024,09:23:44,24655.7,24655.5,125,24660,100,0,259575
NIFTY-III.NFO,12/07/2024,09:23:45,24655.7,24657.5,125,24660,100,0,259575
NIFTY-III.NFO,12/07/2024,09:23:47,24655.7,24655.8,225,24660,100,0,259575
NIFTY-III.NFO,12/07/2024,09:23:49,24655.7,24655.85,150,24659.95,100,0,259575
NIFTY-III.NFO,12/07/2024,09:23:50,24655.7,24655.55,125,24659.95,100,0,259575
NIFTY-III.NFO,12/07/2024,09:23:52,24655.7,24656.15,125,24660,100,0,259575
NIFTY-III.NFO,12/07/2024,09:23:53,24655.7,24656.85,250,24660,100,0,259575
NIFTY-III.NFO,12/07/2024,09:23:55,24660,24657.45,100,24663.95,175,100,259575
NIFTY-III.NFO,12/07/2024,09:23:57,24657.45,24657,125,24663.95,175,25,259575
NIFTY-III.NFO,12/07/2024,09:23:58,24657.45,24656.8,250,24663.95,175,0,259575
NIFTY-III.NFO,12/07/2024,09:24:02,24657.45,24658.25,125,24663.95,100,0,259575
NIFTY-III.NFO,12/07/2024,09:24:03,24657.45,24658.1,125,24663.95,100,0,259575
NIFTY-III.NFO,12/07/2024,09:24:05,24657.45,24657.75,125,24663.95,175,0,259575
NIFTY-III.NFO,12/07/2024,09:24:07,24657.45,24657.2,125,24663.95,175,0,259575
NIFTY-III.NFO,12/07/2024,09:24:08,24657.45,24657.2,200,24663.95,175,0,259575
NIFTY-III.NFO,12/07/2024,09:24:10,24657.45,24657.85,125,24660,25,0,259575
NIFTY-III.NFO,12/07/2024,09:24:11,24660,24658.5,125,24663.95,100,25,259575
NIFTY-III.NFO,12/07/2024,09:24:13,24660,24658.3,125,24663.95,100,0,259575
NIFTY-III.NFO,12/07/2024,09:24:15,24660,24658.15,75,24663.95,175,0,259575
NIFTY-III.NFO,12/07/2024,09:24:16,24660,24657.15,125,24663.95,175,0,259575
NIFTY-III.NFO,12/07/2024,09:24:18,24660,24657.55,125,24663.95,175,0,259575
NIFTY-III.NFO,12/07/2024,09:24:20,24660,24657.65,125,24663.95,175,0,259575
NIFTY-III.NFO,12/07/2024,09:24:21,24657.65,24660,50,24663.95,175,25,257575
NIFTY-III.NFO,12/07/2024,09:24:23,24660,24660,50,24663.95,175,25,257575
NIFTY-III.NFO,12/07/2024,09:24:24,24660,24660,50,24663.95,175,0,257575
NIFTY-III.NFO,12/07/2024,09:24:26,24660,24660,25,24663.95,175,25,257575
NIFTY-III.NFO,12/07/2024,09:24:28,24660,24660,25,24663.95,175,0,257575
NIFTY-III.NFO,12/07/2024,09:24:32,24660,24655.65,125,24663.95,175,25,257575
NIFTY-III.NFO,12/07/2024,09:24:34,24660,24656.25,200,24660,50,0,257575
NIFTY-III.NFO,12/07/2024,09:24:35,24660,24656.65,125,24660,50,0,257575
NIFTY-III.NFO,12/07/2024,09:24:37,24660,24657.35,125,24660,75,0,257575
NIFTY-III.NFO,12/07/2024,09:24:39,24660,24656.65,125,24660,75,0,257575
NIFTY-III.NFO,12/07/2024,09:24:40,24660,24655.8,125,24660,325,0,257575
NIFTY-III.NFO,12/07/2024,09:24:42,24660,24656,125,24660,325,0,257575
NIFTY-III.NFO,12/07/2024,09:24:43,24660,24656.05,250,24660,325,0,257575
NIFTY-III.NFO,12/07/2024,09:24:45,24660,24656.8,125,24660,350,0,257575
NIFTY-III.NFO,12/07/2024,09:24:47,24660,24656.5,125,24660,350,0,257575
NIFTY-III.NFO,12/07/2024,09:24:48,24660,24656.5,125,24660,375,0,257575
NIFTY-III.NFO,12/07/2024,09:24:50,24660,24655.75,125,24660,375,0,257575
NIFTY-III.NFO,12/07/2024,09:24:51,24660,24656.4,125,24660,375,0,257575
NIFTY-III.NFO,12/07/2024,09:24:53,24660,24655.8,125,24660,425,0,257575
NIFTY-III.NFO,12/07/2024,09:24:55,24660,24656.35,200,24660,275,150,257575
NIFTY-III.NFO,12/07/2024,09:24:56,24660,24657.8,125,24660,275,0,257575
NIFTY-III.NFO,12/07/2024,09:24:58,24660,24657.75,125,24660,275,0,257575
NIFTY-III.NFO,12/07/2024,09:24:59,24660,24657.85,125,24660,275,0,257575
NIFTY-III.NFO,12/07/2024,09:25:03,24660,24659.2,125,24660,50,225,257575
NIFTY-III.NFO,12/07/2024,09:25:04,24660.25,24660.3,25,24664.95,100,125,257575
NIFTY-III.NFO,12/07/2024,09:25:06,24660.4,24660.35,25,24664.95,100,100,257575
NIFTY-III.NFO,12/07/2024,09:25:08,24660.4,24660.4,75,24665,125,0,257575
NIFTY-III.NFO,12/07/2024,09:25:09,24660.35,24659.8,50,24664.95,100,25,257575
NIFTY-III.NFO,12/07/2024,09:25:11,24660.35,24659.9,50,24664.95,100,0,257575
NIFTY-III.NFO,12/07/2024,09:25:12,24660.35,24658.8,125,24664.95,175,0,257575
NIFTY-III.NFO,12/07/2024,09:25:14,24660.35,24659.95,50,24664.95,100,0,257575
NIFTY-III.NFO,12/07/2024,09:25:16,24660.35,24660.6,50,24665,125,0,257575
NIFTY-III.NFO,12/07/2024,09:25:17,24660.35,24661.95,125,24665,125,0,257575
NIFTY-III.NFO,12/07/2024,09:25:19,24670,24666.9,50,24670,250,250,257575
NIFTY-III.NFO,12/07/2024,09:25:19,24670,24666.9,50,24670,250,0,257575
NIFTY-III.NFO,12/07/2024,09:25:20,24665,24665.95,125,24670,250,75,257575
NIFTY-III.NFO,12/07/2024,09:25:22,24665,24663.1,125,24669.95,175,0,257575
NIFTY-III.NFO,12/07/2024,09:25:24,24669.95,24662.9,75,24669.9,100,75,257575
NIFTY-III.NFO,12/07/2024,09:25:25,24664.25,24664.85,175,24669.95,100,25,257575
NIFTY-III.NFO,12/07/2024,09:25:27,24664.25,24666.6,50,24668,25,0,257575
NIFTY-III.NFO,12/07/2024,09:25:29,24664.25,24665.35,50,24668,25,0,257575
NIFTY-III.NFO,12/07/2024,09:25:31,24668,24665.95,175,24670,250,25,257575
NIFTY-III.NFO,12/07/2024,09:25:32,24668,24665.05,25,24669.95,100,0,257575
NIFTY-III.NFO,12/07/2024,09:25:34,24668,24665.15,25,24669.95,175,0,257575
NIFTY-III.NFO,12/07/2024,09:25:36,24668,24665,100,24669.95,100,0,257575
NIFTY-III.NFO,12/07/2024,09:25:37,24668,24665.85,50,24670,250,0,257575
NIFTY-III.NFO,12/07/2024,09:25:39,24668,24665.35,25,24669.95,100,0,257575
NIFTY-III.NFO,12/07/2024,09:25:40,24665,24665,75,24669.95,175,25,257575
NIFTY-III.NFO,12/07/2024,09:25:42,24665,24665.05,125,24669.95,175,0,257575
NIFTY-III.NFO,12/07/2024,09:25:44,24665,24665,75,24669.95,175,0,257575
NIFTY-III.NFO,12/07/2024,09:25:45,24665,24665.85,50,24670,250,0,257575
NIFTY-III.NFO,12/07/2024,09:25:47,24665,24667.15,25,24670,250,0,257575
NIFTY-III.NFO,12/07/2024,09:25:49,24665,24667.95,50,24670,175,0,257575
NIFTY-III.NFO,12/07/2024,09:25:50,24668.95,24668.9,125,24670,175,50,257575
NIFTY-III.NFO,12/07/2024,09:25:52,24670,24666.6,125,24674.85,175,175,257575
NIFTY-III.NFO,12/07/2024,09:25:54,24670,24667.25,250,24674.85,175,0,257575
NIFTY-III.NFO,12/07/2024,09:25:55,24668.05,24668.15,125,24674.85,175,25,257575
NIFTY-III.NFO,12/07/2024,09:25:57,24668.05,24670.95,125,24674.9,25,0,257575
NIFTY-III.NFO,12/07/2024,09:25:58,24671,24671.85,250,24674.9,25,50,257575
NIFTY-III.NFO,12/07/2024,09:25:58,24671,24671.85,250,24674.9,25,0,257575
NIFTY-III.NFO,12/07/2024,09:26:00,24671,24671.25,125,24674.9,25,0,257575
NIFTY-III.NFO,12/07/2024,09:26:02,24671,24672,125,24674.9,25,0,257575
NIFTY-III.NFO,12/07/2024,09:26:03,24671,24670.95,250,24674.9,25,0,257575
NIFTY-III.NFO,12/07/2024,09:26:05,24671,24671.5,125,24674.9,25,0,257575
NIFTY-III.NFO,12/07/2024,09:26:07,24671,24673.35,75,24674.9,25,0,257575
NIFTY-III.NFO,12/07/2024,09:26:08,24675,24673.6,125,24675,175,100,257575
NIFTY-III.NFO,12/07/2024,09:26:08,24675,24673.6,125,24675,175,0,257575
NIFTY-III.NFO,12/07/2024,09:26:10,24679,24676.35,125,24680,700,250,257575
NIFTY-III.NFO,12/07/2024,09:26:10,24679,24676.35,125,24680,700,0,257575
NIFTY-III.NFO,12/07/2024,09:26:11,24675,24676.4,125,24680,700,50,257575
NIFTY-III.NFO,12/07/2024,09:26:13,24676.9,24678.15,125,24680,650,225,257575
NIFTY-III.NFO,12/07/2024,09:26:13,24680,24678.15,125,24680,650,0,257575
NIFTY-III.NFO,12/07/2024,09:26:15,24676.9,24677.2,125,24680,650,0,257575
NIFTY-III.NFO,12/07/2024,09:26:16,24676.9,24675.15,25,24679.95,100,0,257575
NIFTY-III.NFO,12/07/2024,09:26:18,24676.9,24677.4,125,24680,650,0,257575
NIFTY-III.NFO,12/07/2024,09:26:20,24676.9,24678.4,25,24680,675,0,257575
NIFTY-III.NFO,12/07/2024,09:26:21,24680.95,24679.45,75,24683.95,100,825,257575
NIFTY-III.NFO,12/07/2024,09:26:21,24680.95,24679.45,75,24683.95,100,0,257575
NIFTY-III.NFO,12/07/2024,09:26:23,24680.95,24680.35,25,24684,50,0,257575
NIFTY-III.NFO,12/07/2024,09:26:24,24680.95,24680.35,150,24684,50,0,257575
NIFTY-III.NFO,12/07/2024,09:26:26,24680.95,24681.05,125,24684,50,0,257575
NIFTY-III.NFO,12/07/2024,09:26:28,24680.95,24681.85,125,24684,50,0,257575
NIFTY-III.NFO,12/07/2024,09:26:29,24680.95,24681.8,250,24684,50,0,257575
NIFTY-III.NFO,12/07/2024,09:26:31,24680.6,24681.25,25,24684,50,25,257575
NIFTY-III.NFO,12/07/2024,09:26:33,24681.25,24680.1,25,24684,50,25,257575
NIFTY-III.NFO,12/07/2024,09:26:33,24681.25,24680.1,25,24684,50,0,257575
NIFTY-III.NFO,12/07/2024,09:26:34,24680.6,24680.1,25,24680.6,50,25,257575
NIFTY-III.NFO,12/07/2024,09:26:36,24680.6,24680.4,125,24680.6,50,0,257575
NIFTY-III.NFO,12/07/2024,09:26:38,24683,24683.05,125,24684,50,100,257575
NIFTY-III.NFO,12/07/2024,09:26:38,24683,24683.05,125,24684,50,0,257575
NIFTY-III.NFO,12/07/2024,09:26:39,24685,24684.55,375,24688,75,100,257575
NIFTY-III.NFO,12/07/2024,09:26:39,24685,24684.55,375,24688,75,0,257575
NIFTY-III.NFO,12/07/2024,09:26:41,24688,24688,125,24689,25,75,257575
NIFTY-III.NFO,12/07/2024,09:26:41,24688,24688,125,24689,25,0,257575
NIFTY-III.NFO,12/07/2024,09:26:43,24686.75,24686.5,125,24689.9,50,75,257575
NIFTY-III.NFO,12/07/2024,09:26:43,24689,24686.5,125,24689.9,50,0,257575
NIFTY-III.NFO,12/07/2024,09:26:44,24686.75,24687.25,125,24689.9,50,0,257575
NIFTY-III.NFO,12/07/2024,09:26:46,24686.75,24687.3,125,24688,75,0,257575
NIFTY-III.NFO,12/07/2024,09:26:47,24688,24688.55,125,24689.9,50,75,257575
NIFTY-III.NFO,12/07/2024,09:26:49,24689.9,24689.2,125,24689.9,25,25,257575
NIFTY-III.NFO,12/07/2024,09:26:49,24689.9,24689.2,125,24689.9,25,0,257575
NIFTY-III.NFO,12/07/2024,09:26:51,24700,24690.75,100,24699.95,100,3750,257575
NIFTY-III.NFO,12/07/2024,09:26:51,24700,24690.75,100,24699.95,100,0,257575
NIFTY-III.NFO,12/07/2024,09:26:52,24700,24690.7,75,24699.95,100,0,257575
NIFTY-III.NFO,12/07/2024,09:26:54,24689.15,24689.15,50,24698.85,100,525,257575
NIFTY-III.NFO,12/07/2024,09:26:56,24690,24689.1,75,24696.7,100,25,257575
NIFTY-III.NFO,12/07/2024,09:26:57,24690,24698.85,50,24699.2,100,0,257575
NIFTY-III.NFO,12/07/2024,09:26:59,24690,24698.85,50,24699.95,100,0,257575
NIFTY-III.NFO,12/07/2024,09:27:00,24694.65,24690.5,100,24697.95,50,1875,257575
NIFTY-III.NFO,12/07/2024,09:27:00,24703.9,24690.5,100,24697.95,50,0,257575
NIFTY-III.NFO,12/07/2024,09:27:02,24694.65,24692.2,225,24697.75,75,0,257575
NIFTY-III.NFO,12/07/2024,09:27:04,24694.65,24690.5,100,24697.95,50,0,257575
NIFTY-III.NFO,12/07/2024,09:27:05,24694.65,24691.05,100,24694.65,25,0,257575
NIFTY-III.NFO,12/07/2024,09:27:07,24697.95,24694.65,25,24698,50,75,257575
NIFTY-III.NFO,12/07/2024,09:27:08,24698,24694.65,25,24698,25,25,257575
NIFTY-III.NFO,12/07/2024,09:27:10,24698,24691.65,75,24698.95,125,225,257575
NIFTY-III.NFO,12/07/2024,09:27:12,24698,24694.65,25,24699,25,0,257575
NIFTY-III.NFO,12/07/2024,09:27:13,24698,24694.65,100,24698,25,0,257575
NIFTY-III.NFO,12/07/2024,09:27:16,24698,24694.65,25,24698,25,0,257575
NIFTY-III.NFO,12/07/2024,09:27:18,24698,24694.65,100,24699,25,25,257575
NIFTY-III.NFO,12/07/2024,09:27:19,24698,24694.65,25,24698,200,0,257575
NIFTY-III.NFO,12/07/2024,09:27:26,24698,24694.65,25,24698,250,0,257575
NIFTY-III.NFO,12/07/2024,09:27:27,24698,24694.65,25,24697.1,125,0,257575
NIFTY-III.NFO,12/07/2024,09:27:29,24698,24694.65,25,24698,275,0,257575
NIFTY-III.NFO,12/07/2024,09:27:30,24698,24694,400,24698,225,50,257575
NIFTY-III.NFO,12/07/2024,09:27:32,24698,24694.05,175,24698,225,0,255075
NIFTY-III.NFO,12/07/2024,09:27:35,24694.05,24694.05,125,24698,225,275,255075
NIFTY-III.NFO,12/07/2024,09:27:37,24694,24694,275,24698,225,100,255075
NIFTY-III.NFO,12/07/2024,09:27:38,24694,24694.05,50,24698,225,0,255075
NIFTY-III.NFO,12/07/2024,09:27:40,24694,24694,275,24698,225,0,255075
NIFTY-III.NFO,12/07/2024,09:27:41,24694,24694.05,50,24698,225,0,255075
NIFTY-III.NFO,12/07/2024,09:27:43,24694,24694,425,24698,75,150,255075
NIFTY-III.NFO,12/07/2024,09:27:45,24694,24694,400,24698,75,25,255075
NIFTY-III.NFO,12/07/2024,09:27:46,24694,24694,375,24694.05,25,25,255075
NIFTY-III.NFO,12/07/2024,09:27:48,24694,24694,425,24698,75,50,255075
NIFTY-III.NFO,12/07/2024,09:27:50,24694,24694,425,24697,25,0,255075
NIFTY-III.NFO,12/07/2024,09:27:51,24698,24694.95,200,24698,50,75,255075
NIFTY-III.NFO,12/07/2024,09:27:53,24698,24695.15,75,24698,25,50,255075
NIFTY-III.NFO,12/07/2024,09:27:54,24694,24694,375,24698,25,25,255075
NIFTY-III.NFO,12/07/2024,09:27:56,24694,24694,375,24698,25,0,255075
NIFTY-III.NFO,12/07/2024,09:27:59,24694,24694.6,75,24698,25,0,255075
NIFTY-III.NFO,12/07/2024,09:28:00,24694,24694,350,24698,25,0,255075
NIFTY-III.NFO,12/07/2024,09:28:02,24694,24694,275,24698,25,0,255075
NIFTY-III.NFO,12/07/2024,09:28:04,24698,24694,350,24699,25,25,255075
NIFTY-III.NFO,12/07/2024,09:28:05,24698,24694,275,24698.95,100,0,255075
NIFTY-III.NFO,12/07/2024,09:28:08,24698,24694,275,24696.2,100,0,255075
NIFTY-III.NFO,12/07/2024,09:28:10,24698,24694,300,24697.7,100,0,255075
NIFTY-III.NFO,12/07/2024,09:28:13,24698,24694,300,24698.75,100,0,255075
NIFTY-III.NFO,12/07/2024,09:28:16,24694,24694,125,24698.95,100,175,255075
NIFTY-III.NFO,12/07/2024,09:28:17,24694,24694,125,24698,25,0,255075
NIFTY-III.NFO,12/07/2024,09:28:19,24694,24694,200,24698,75,0,255075
NIFTY-III.NFO,12/07/2024,09:28:21,24694,24694,200,24698,100,0,255075
NIFTY-III.NFO,12/07/2024,09:28:22,24694,24694.8,150,24698,100,0,255075
NIFTY-III.NFO,12/07/2024,09:28:24,24694,24694,200,24696,125,0,255075
NIFTY-III.NFO,12/07/2024,09:28:25,24694,24694,125,24696,125,0,255075
NIFTY-III.NFO,12/07/2024,09:28:27,24694,24694,200,24696,125,0,255075
NIFTY-III.NFO,12/07/2024,09:28:29,24694,24694,175,24696,100,50,255075
NIFTY-III.NFO,12/07/2024,09:28:30,24694,24694,150,24696,100,25,255075
NIFTY-III.NFO,12/07/2024,09:28:32,24694,24694,150,24696,100,0,255075
NIFTY-III.NFO,12/07/2024,09:28:33,24694,24694,75,24696,100,0,255075
NIFTY-III.NFO,12/07/2024,09:28:35,24694,24694,50,24696,100,25,255075
NIFTY-III.NFO,12/07/2024,09:28:37,24694,24694,50,24696,100,0,255075
NIFTY-III.NFO,12/07/2024,09:28:41,24694,24694,125,24696,100,0,255075
NIFTY-III.NFO,12/07/2024,09:28:43,24694,24694,75,24696,100,0,255075
NIFTY-III.NFO,12/07/2024,09:28:45,24694,24694.3,200,24696,100,25,255075
NIFTY-III.NFO,12/07/2024,09:28:46,24694,24694,75,24696,100,0,255075
NIFTY-III.NFO,12/07/2024,09:28:48,24694,24694.2,200,24695.9,300,0,255075
NIFTY-III.NFO,12/07/2024,09:28:49,24694,24694.2,125,24695.9,300,0,255075
NIFTY-III.NFO,12/07/2024,09:28:51,24694,24694,75,24695.9,300,0,255075
NIFTY-III.NFO,12/07/2024,09:28:52,24694,24694.3,250,24695.9,300,0,255075
NIFTY-III.NFO,12/07/2024,09:28:54,24694,24694,50,24695.9,300,25,255075
NIFTY-III.NFO,12/07/2024,09:28:56,24694,24694,50,24695.9,300,0,255075
NIFTY-III.NFO,12/07/2024,09:28:59,24694,24694,25,24695.9,300,25,255075
NIFTY-III.NFO,12/07/2024,09:29:00,24694,24694.55,125,24695.9,300,0,255075
NIFTY-III.NFO,12/07/2024,09:29:02,24695.9,24694,100,24695.9,175,125,255075
NIFTY-III.NFO,12/07/2024,09:29:04,24696,24696.3,250,24698,150,300,255075
NIFTY-III.NFO,12/07/2024,09:29:05,24696.3,24695.5,125,24698,150,50,255075
NIFTY-III.NFO,12/07/2024,09:29:07,24696.3,24695.65,75,24698,150,0,255075
NIFTY-III.NFO,12/07/2024,09:29:08,24698,24696.05,125,24698,125,25,255075
NIFTY-III.NFO,12/07/2024,09:29:10,24698,24696.6,325,24698,125,0,255075
NIFTY-III.NFO,12/07/2024,09:29:12,24698,24695.8,325,24699,75,125,255075
NIFTY-III.NFO,12/07/2024,09:29:13,24709.95,24698.35,100,24707.5,125,7400,255075
NIFTY-III.NFO,12/07/2024,09:29:13,24729.4,24698.35,100,24707.5,125,0,255075
NIFTY-III.NFO,12/07/2024,09:29:15,24709.95,24698.3,75,24707.4,25,0,255075
NIFTY-III.NFO,12/07/2024,09:29:16,24709.95,24698.3,75,24705,50,0,255075
NIFTY-III.NFO,12/07/2024,09:29:18,24704.35,24696.6,100,24700,25,25,255075
NIFTY-III.NFO,12/07/2024,09:29:21,24700,24698.25,100,24705,50,50,255075
NIFTY-III.NFO,12/07/2024,09:29:23,24705,24705.15,150,24709.15,100,50,255075
NIFTY-III.NFO,12/07/2024,09:29:24,24708.75,24704.55,100,24707.65,25,200,255075
NIFTY-III.NFO,12/07/2024,09:29:26,24708.75,24701.35,175,24709.3,25,0,255075
NIFTY-III.NFO,12/07/2024,09:29:28,24701.35,24704.25,75,24709.3,50,25,255075
NIFTY-III.NFO,12/07/2024,09:29:29,24701.35,24707.65,125,24708.4,50,0,255075
NIFTY-III.NFO,12/07/2024,09:29:31,24708.4,24706.45,100,24708.45,100,75,255075
NIFTY-III.NFO,12/07/2024,09:29:32,24708.4,24706.45,100,24707.95,100,0,255075
NIFTY-III.NFO,12/07/2024,09:29:34,24706.45,24707.1,75,24708.6,100,25,255075
NIFTY-III.NFO,12/07/2024,09:29:36,24706.45,24705.95,75,24708.6,100,0,255075
NIFTY-III.NFO,12/07/2024,09:29:37,24706.45,24707.9,75,24708.05,100,0,255075
NIFTY-III.NFO,12/07/2024,09:29:39,24708.05,24707.9,75,24708,100,25,255075
NIFTY-III.NFO,12/07/2024,09:29:41,24708,24706.45,50,24708,25,75,255075
NIFTY-III.NFO,12/07/2024,09:29:42,24708,24706.45,50,24708,25,0,255075
NIFTY-III.NFO,12/07/2024,09:29:44,24708,24709.75,50,24709.95,800,75,255075
NIFTY-III.NFO,12/07/2024,09:29:46,24708,24709.1,125,24709.95,800,0,255075
NIFTY-III.NFO,12/07/2024,09:29:47,24710,24709.65,75,24710,75,875,255075
NIFTY-III.NFO,12/07/2024,09:29:49,24710,24707.95,75,24710,75,0,255075
NIFTY-III.NFO,12/07/2024,09:29:50,24708.3,24708.6,100,24710,75,50,255075
NIFTY-III.NFO,12/07/2024,09:29:52,24710,24709.9,250,24711,25,75,255075
NIFTY-III.NFO,12/07/2024,09:29:54,24710,24709.95,100,24710,50,0,255075
NIFTY-III.NFO,12/07/2024,09:29:55,24710,24709.95,125,24711,25,100,255075
NIFTY-III.NFO,12/07/2024,09:29:57,24711,24710.6,125,24715,25,25,255075
NIFTY-III.NFO,12/07/2024,09:29:59,24713.5,24713.5,100,24718.05,100,75,255075
NIFTY-III.NFO,12/07/2024,09:30:00,24713.5,24713.55,25,24715.7,25,0,255075
NIFTY-III.NFO,12/07/2024,09:30:02,24713.5,24713.5,25,24713.65,250,0,255075
NIFTY-III.NFO,12/07/2024,09:30:04,24713.5,24712,175,24713.2,25,0,255075
NIFTY-III.NFO,12/07/2024,09:30:05,24713.65,24712,175,24713,25,25,255075
NIFTY-III.NFO,12/07/2024,09:30:07,24713.65,24711.4,175,24712.1,25,0,255075
NIFTY-III.NFO,12/07/2024,09:30:09,24710,24708.9,175,24713.4,100,25,255075
NIFTY-III.NFO,12/07/2024,09:30:10,24710,24708.45,50,24710.2,175,0,255075
NIFTY-III.NFO,12/07/2024,09:30:12,24710,24708.45,50,24709.45,100,0,255075
NIFTY-III.NFO,12/07/2024,09:30:14,24710,24708.45,50,24709.25,250,0,255075
NIFTY-III.NFO,12/07/2024,09:30:15,24705,24705.75,150,24709.4,175,75,255075
NIFTY-III.NFO,12/07/2024,09:30:17,24705,24705.75,150,24709.3,175,0,255075
NIFTY-III.NFO,12/07/2024,09:30:19,24705,24704.3,150,24706.8,100,0,255075
NIFTY-III.NFO,12/07/2024,09:30:20,24705,24704.25,25,24705.75,100,0,255075
NIFTY-III.NFO,12/07/2024,09:30:22,24704.25,24702.9,125,24706.75,175,25,250350
NIFTY-III.NFO,12/07/2024,09:30:23,24704.25,24704.5,125,24706.95,175,0,250350
NIFTY-III.NFO,12/07/2024,09:30:25,24704.5,24704.4,125,24707,225,25,250350
NIFTY-III.NFO,12/07/2024,09:30:26,24704.4,24704.3,125,24707,175,75,250350
NIFTY-III.NFO,12/07/2024,09:30:28,24704.4,24705.45,125,24707,175,0,250350
NIFTY-III.NFO,12/07/2024,09:30:30,24707,24705.25,125,24707,150,50,250350
NIFTY-III.NFO,12/07/2024,09:30:31,24707,24703.95,125,24706.95,175,0,250350
NIFTY-III.NFO,12/07/2024,09:30:33,24703.95,24703.85,125,24705.45,25,75,250350
NIFTY-III.NFO,12/07/2024,09:30:34,24703.25,24703.65,100,24705.45,50,25,250350
NIFTY-III.NFO,12/07/2024,09:30:36,24703.65,24704.1,75,24705.45,50,25,250350
NIFTY-III.NFO,12/07/2024,09:30:37,24703.65,24704.1,75,24705.45,50,0,250350
NIFTY-III.NFO,12/07/2024,09:30:39,24703.65,24704.1,75,24704.25,25,0,250350
NIFTY-III.NFO,12/07/2024,09:30:41,24706.95,24704.35,25,24706.95,75,100,250350
NIFTY-III.NFO,12/07/2024,09:30:42,24706.95,24703.7,25,24704.1,125,0,250350
NIFTY-III.NFO,12/07/2024,09:30:44,24703.7,24702.4,150,24703.65,350,25,250350
NIFTY-III.NFO,12/07/2024,09:30:45,24703.7,24700.05,100,24703.65,350,0,250350
NIFTY-III.NFO,12/07/2024,09:30:47,24703.7,24701.7,150,24703.65,350,0,250350
NIFTY-III.NFO,12/07/2024,09:30:50,24703.65,24701.75,100,24703.65,325,25,250350
NIFTY-III.NFO,12/07/2024,09:30:52,24703.65,24701.7,150,24703.65,375,0,250350
NIFTY-III.NFO,12/07/2024,09:30:53,24703.65,24701.75,175,24702,50,125,250350
NIFTY-III.NFO,12/07/2024,09:30:55,24701.75,24703.35,75,24703.65,250,100,250350
NIFTY-III.NFO,12/07/2024,09:30:57,24703.65,24702.6,150,24704,25,250,250350
NIFTY-III.NFO,12/07/2024,09:30:58,24702.25,24702.25,125,24703.65,50,25,250350
NIFTY-III.NFO,12/07/2024,09:31:00,24704.1,24700.05,125,24703.65,25,150,250350
NIFTY-III.NFO,12/07/2024,09:31:01,24704.1,24700.05,125,24703.65,25,0,250350
NIFTY-III.NFO,12/07/2024,09:31:03,24704.1,24702.15,125,24703.65,125,0,250350
NIFTY-III.NFO,12/07/2024,09:31:06,24702.65,24702.65,50,24703.65,125,200,250350
NIFTY-III.NFO,12/07/2024,09:31:08,24703.65,24704,75,24704.1,50,125,250350
NIFTY-III.NFO,12/07/2024,09:31:10,24705,24705.75,75,24707,150,100,250350
NIFTY-III.NFO,12/07/2024,09:31:11,24707,24705.95,75,24707,125,25,250350
NIFTY-III.NFO,12/07/2024,09:31:13,24707,24705.95,75,24707,100,25,250350
NIFTY-III.NFO,12/07/2024,09:31:14,24705.95,24706.45,75,24707,75,50,250350
NIFTY-III.NFO,12/07/2024,09:31:16,24707.9,24708.8,200,24708.95,50,125,250350
NIFTY-III.NFO,12/07/2024,09:31:18,24710,24708.8,75,24710,100,100,250350
NIFTY-III.NFO,12/07/2024,09:31:19,24709.85,24709.85,75,24713,25,150,250350
NIFTY-III.NFO,12/07/2024,09:31:21,24709.85,24708.7,75,24713,25,0,250350
NIFTY-III.NFO,12/07/2024,09:31:22,24709.85,24709.35,225,24713,25,0,250350
NIFTY-III.NFO,12/07/2024,09:31:24,24709.85,24709.35,75,24713,25,0,250350
NIFTY-III.NFO,12/07/2024,09:31:26,24709.85,24708.55,75,24711,25,0,250350
NIFTY-III.NFO,12/07/2024,09:31:27,24712.95,24710,25,24712.95,100,50,250350
NIFTY-III.NFO,12/07/2024,09:31:29,24712.95,24710,25,24712.95,100,0,250350
NIFTY-III.NFO,12/07/2024,09:31:31,24712.95,24710,25,24710.95,100,25,250350
NIFTY-III.NFO,12/07/2024,09:31:32,24710,24709.85,75,24710.95,100,25,250350
NIFTY-III.NFO,12/07/2024,09:31:34,24710,24709.85,75,24710.95,175,0,250350
NIFTY-III.NFO,12/07/2024,09:31:36,24709.85,24707,25,24709.95,100,75,250350
NIFTY-III.NFO,12/07/2024,09:31:37,24709.95,24707,25,24709.95,175,50,250350
NIFTY-III.NFO,12/07/2024,09:31:39,24707,24702.4,175,24709.95,175,25,250350
NIFTY-III.NFO,12/07/2024,09:31:41,24707,24703.45,100,24709.95,175,0,250350
NIFTY-III.NFO,12/07/2024,09:31:42,24709.95,24702.9,150,24709.95,75,100,250350
NIFTY-III.NFO,12/07/2024,09:31:44,24709.95,24702.35,100,24709.95,75,0,250350
NIFTY-III.NFO,12/07/2024,09:31:46,24709.95,24702.45,75,24709.75,75,0,250350
NIFTY-III.NFO,12/07/2024,09:31:47,24709.95,24702.5,100,24709.65,75,0,250350
NIFTY-III.NFO,12/07/2024,09:31:49,24709.95,24701.35,100,24709.65,75,0,250350
NIFTY-III.NFO,12/07/2024,09:31:51,24709.15,24701.2,100,24709.15,25,50,250350
NIFTY-III.NFO,12/07/2024,09:31:52,24709.15,24700.05,175,24708.5,75,0,250350
NIFTY-III.NFO,12/07/2024,09:31:54,24709.15,24700.05,175,24706.65,75,0,250350
NIFTY-III.NFO,12/07/2024,09:31:57,24709.15,24700.1,100,24706.65,75,0,250350
NIFTY-III.NFO,12/07/2024,09:31:59,24709.15,24700.1,100,24707.9,75,0,250350
NIFTY-III.NFO,12/07/2024,09:32:01,24700.1,24698.55,75,24704.95,175,225,250350
NIFTY-III.NFO,12/07/2024,09:32:02,24700.1,24698.55,75,24704.95,175,0,250350
NIFTY-III.NFO,12/07/2024,09:32:04,24697.5,24696.75,50,24704.85,100,25,250350
NIFTY-III.NFO,12/07/2024,09:32:05,24697.5,24698,50,24704.9,100,0,250350
NIFTY-III.NFO,12/07/2024,09:32:07,24697.95,24697.3,250,24697.5,50,125,250350
NIFTY-III.NFO,12/07/2024,09:32:09,24697.5,24697.15,325,24704.9,100,50,250350
NIFTY-III.NFO,12/07/2024,09:32:10,24697.5,24695.55,200,24703.65,100,0,250350
NIFTY-III.NFO,12/07/2024,09:32:12,24697.5,24696.5,325,24702.3,100,0,250350
NIFTY-III.NFO,12/07/2024,09:32:14,24695,24694.65,75,24702.3,100,225,250350
NIFTY-III.NFO,12/07/2024,09:32:16,24695,24694,25,24699.1,175,0,250350
NIFTY-III.NFO,12/07/2024,09:32:17,24695,24694,25,24696.75,175,0,250350
NIFTY-III.NFO,12/07/2024,09:32:19,24695,24694,25,24699.35,100,0,250350
NIFTY-III.NFO,12/07/2024,09:32:21,24695,24694,25,24697.5,250,0,250350
NIFTY-III.NFO,12/07/2024,09:32:22,24695,24694,25,24696.85,175,0,250350
NIFTY-III.NFO,12/07/2024,09:32:24,24695,24694,25,24695.4,75,0,250350
NIFTY-III.NFO,12/07/2024,09:32:26,24695,24694,25,24695.6,75,0,250350
NIFTY-III.NFO,12/07/2024,09:32:27,24695,24694,25,24695,25,25,250350
NIFTY-III.NFO,12/07/2024,09:32:29,24695,24694,25,24695,25,0,250350
NIFTY-III.NFO,12/07/2024,09:32:42,24695,24694.65,150,24695,50,0,250350
NIFTY-III.NFO,12/07/2024,09:32:44,24696.15,24696.15,50,24700,75,75,250350
NIFTY-III.NFO,12/07/2024,09:32:45,24696.15,24696.25,75,24700,75,0,250350
NIFTY-III.NFO,12/07/2024,09:32:47,24696.15,24694,100,24699.25,75,0,250350
NIFTY-III.NFO,12/07/2024,09:32:49,24696.15,24694,25,24699.95,175,0,250350
NIFTY-III.NFO,12/07/2024,09:32:50,24696.15,24694,350,24696.25,25,0,250350
NIFTY-III.NFO,12/07/2024,09:32:52,24696.15,24694,25,24696.25,50,0,250350
NIFTY-III.NFO,12/07/2024,09:32:54,24696.15,24694.45,250,24696.25,50,0,250350
NIFTY-III.NFO,12/07/2024,09:32:57,24696.15,24694,275,24696.25,25,0,250350
NIFTY-III.NFO,12/07/2024,09:32:59,24699.85,24695.1,75,24700,75,125,250350
NIFTY-III.NFO,12/07/2024,09:33:00,24699.85,24694.5,150,24699.95,75,0,250350
NIFTY-III.NFO,12/07/2024,09:33:02,24699.85,24695.4,75,24700,75,0,250350
NIFTY-III.NFO,12/07/2024,09:33:04,24699.85,24694.25,150,24699.95,175,0,250350
NIFTY-III.NFO,12/07/2024,09:33:05,24694.25,24695,50,24699.95,75,25,250350
NIFTY-III.NFO,12/07/2024,09:33:07,24694.25,24695,50,24700,150,0,250350
NIFTY-III.NFO,12/07/2024,09:33:08,24694.25,24695,50,24699.95,75,0,250350
NIFTY-III.NFO,12/07/2024,09:33:10,24694.25,24694.3,50,24699.95,175,0,250350
NIFTY-III.NFO,12/07/2024,09:33:12,24694.25,24695,125,24700,150,0,250350
NIFTY-III.NFO,12/07/2024,09:33:13,24694.25,24694.2,50,24699.95,175,0,250350
NIFTY-III.NFO,12/07/2024,09:33:15,24694.25,24696.3,125,24700,75,0,250350
NIFTY-III.NFO,12/07/2024,09:33:17,24694.25,24698.75,50,24700,100,0,250350
NIFTY-III.NFO,12/07/2024,09:33:18,24700,24700.45,100,24703.65,25,150,250350
NIFTY-III.NFO,12/07/2024,09:33:20,24700,24699.8,225,24703.65,25,0,250350
NIFTY-III.NFO,12/07/2024,09:33:22,24700,24701.2,225,24703.65,25,0,250350
NIFTY-III.NFO,12/07/2024,09:33:23,24700,24699.85,25,24703.65,25,0,250350
NIFTY-III.NFO,12/07/2024,09:33:25,24700,24701.15,25,24703.65,25,0,250350
NIFTY-III.NFO,12/07/2024,09:33:28,24700,24700,25,24703.65,25,0,250350
NIFTY-III.NFO,12/07/2024,09:33:30,24700.65,24701.25,225,24703.65,25,25,250400
NIFTY-III.NFO,12/07/2024,09:33:32,24700.65,24699.95,225,24703.65,25,0,250400
NIFTY-III.NFO,12/07/2024,09:33:37,24701,24701.15,250,24703.65,25,25,250400
NIFTY-III.NFO,12/07/2024,09:33:38,24701,24701.95,325,24703.65,25,0,250400
NIFTY-III.NFO,12/07/2024,09:33:40,24701,24701.35,250,24703.65,25,0,250400
NIFTY-III.NFO,12/07/2024,09:33:43,24701,24702.15,250,24703.65,25,0,250400
NIFTY-III.NFO,12/07/2024,09:33:45,24701,24702.3,250,24703.65,25,0,250400
NIFTY-III.NFO,12/07/2024,09:33:46,24701,24701.55,250,24703.65,25,0,250400
NIFTY-III.NFO,12/07/2024,09:33:48,24701,24701.55,250,24702,25,0,250400
NIFTY-III.NFO,12/07/2024,09:33:50,24701,24699.5,250,24700,200,0,250400
NIFTY-III.NFO,12/07/2024,09:33:51,24701,24698.8,250,24699.5,25,0,250400
NIFTY-III.NFO,12/07/2024,09:33:53,24701,24697.7,250,24699.5,25,0,250400
NIFTY-III.NFO,12/07/2024,09:33:55,24699.5,24699,250,24700,200,25,250400
NIFTY-III.NFO,12/07/2024,09:33:56,24699.5,24698.3,250,24700,200,0,250400
NIFTY-III.NFO,12/07/2024,09:33:59,24699.5,24697.1,250,24700,200,0,250400
NIFTY-III.NFO,12/07/2024,09:34:01,24699.5,24695.75,250,24699.8,100,0,250400
NIFTY-III.NFO,12/07/2024,09:34:03,24699.5,24697.1,250,24700,200,0,250400
NIFTY-III.NFO,12/07/2024,09:34:04,24699.5,24697.05,250,24699,50,0,250400
NIFTY-III.NFO,12/07/2024,09:34:08,24699,24697.2,250,24699,25,25,250400
NIFTY-III.NFO,12/07/2024,09:34:09,24699,24698,250,24699,25,0,250400
NIFTY-III.NFO,12/07/2024,09:34:11,24699,24696.8,250,24699,25,0,250400
NIFTY-III.NFO,12/07/2024,09:34:14,24699,24695.35,250,24699,50,0,250400
NIFTY-III.NFO,12/07/2024,09:34:16,24699,24696.05,250,24699,50,0,250400
NIFTY-III.NFO,12/07/2024,09:34:17,24699,24696.2,250,24699,50,0,250400
NIFTY-III.NFO,12/07/2024,09:34:19,24699,24695.85,250,24699,50,0,250400
NIFTY-III.NFO,12/07/2024,09:34:21,24699,24696.5,250,24699,50,0,250400
NIFTY-III.NFO,12/07/2024,09:34:22,24699,24696.7,250,24699,50,0,250400
NIFTY-III.NFO,12/07/2024,09:34:24,24699,24698.85,250,24699,50,0,250400
NIFTY-III.NFO,12/07/2024,09:34:26,24699,24699.7,200,24700,200,50,250400
NIFTY-III.NFO,12/07/2024,09:34:27,24700,24698.95,75,24701,25,200,250400
NIFTY-III.NFO,12/07/2024,09:34:29,24700,24700,25,24701,25,0,250400
NIFTY-III.NFO,12/07/2024,09:34:34,24700,24696.35,75,24700.95,100,25,250400
NIFTY-III.NFO,12/07/2024,09:34:36,24700,24694.45,75,24700.95,175,0,250400
NIFTY-III.NFO,12/07/2024,09:34:37,24700,24694.45,75,24699.15,175,0,250400
NIFTY-III.NFO,12/07/2024,09:34:39,24700,24695.1,75,24700,100,0,250400
NIFTY-III.NFO,12/07/2024,09:34:40,24700,24695.15,75,24700,100,0,250400
NIFTY-III.NFO,12/07/2024,09:34:42,24700,24694.45,75,24700,100,0,250400
NIFTY-III.NFO,12/07/2024,09:34:44,24699.15,24699.15,25,24700.6,100,100,250400
NIFTY-III.NFO,12/07/2024,09:34:45,24700.6,24699.15,25,24699.95,175,50,250400
NIFTY-III.NFO,12/07/2024,09:34:47,24700.6,24699.15,25,24699.95,100,0,250400
NIFTY-III.NFO,12/07/2024,09:34:49,24700.6,24699.15,25,24700,25,0,250400
NIFTY-III.NFO,12/07/2024,09:34:58,24700.6,24699.15,25,24703.6,100,75,250400
NIFTY-III.NFO,12/07/2024,09:35:07,24700.6,24699.15,25,24700,75,0,250400
NIFTY-III.NFO,12/07/2024,09:35:10,24699.15,24695.25,50,24700,100,125,250400
NIFTY-III.NFO,12/07/2024,09:35:11,24695.6,24695.2,25,24700,100,25,250400
NIFTY-III.NFO,12/07/2024,09:35:13,24695.6,24696.6,100,24700,25,0,250400
NIFTY-III.NFO,12/07/2024,09:35:15,24695.6,24695.85,25,24700,175,0,250400
NIFTY-III.NFO,12/07/2024,09:35:16,24700,24695.45,25,24700,225,25,250400
NIFTY-III.NFO,12/07/2024,09:35:18,24700,24696.1,25,24700,150,0,250400
NIFTY-III.NFO,12/07/2024,09:35:20,24700,24696.15,25,24700,150,0,250400
NIFTY-III.NFO,12/07/2024,09:35:21,24700,24695.45,25,24700,150,0,250400
NIFTY-III.NFO,12/07/2024,09:35:23,24700,24694.45,25,24699.95,100,0,250400
NIFTY-III.NFO,12/07/2024,09:35:24,24700,24694.05,25,24699.95,100,0,250400
NIFTY-III.NFO,12/07/2024,09:35:26,24700,24694,25,24698.1,75,0,250400
NIFTY-III.NFO,12/07/2024,09:35:28,24692.8,24692.7,500,24697.4,75,200,250400
NIFTY-III.NFO,12/07/2024,09:35:29,24692.8,24692.7,75,24698.65,100,0,250400
NIFTY-III.NFO,12/07/2024,09:35:31,24692.75,24692.45,25,24692.8,25,25,250400
NIFTY-III.NFO,12/07/2024,09:35:33,24692.8,24692.45,200,24698.2,75,25,250400
NIFTY-III.NFO,12/07/2024,09:35:34,24697.65,24693.3,200,24697.65,25,50,250400
NIFTY-III.NFO,12/07/2024,09:35:36,24697.65,24694.4,125,24700,25,0,250400
NIFTY-III.NFO,12/07/2024,09:35:38,24697.65,24692.85,200,24698.95,100,0,250400
NIFTY-III.NFO,12/07/2024,09:35:39,24692.85,24692.5,75,24698.95,100,25,250400
NIFTY-III.NFO,12/07/2024,09:35:41,24692.85,24691.95,200,24698.7,175,0,250400
NIFTY-III.NFO,12/07/2024,09:35:43,24691.3,24691,500,24696.7,100,25,250400
NIFTY-III.NFO,12/07/2024,09:35:44,24691.3,24691.9,575,24697.9,100,0,250400
NIFTY-III.NFO,12/07/2024,09:35:47,24691.3,24691.2,100,24697.9,100,0,250400
NIFTY-III.NFO,12/07/2024,09:35:51,24691.3,24691.2,75,24697.9,100,0,250400
NIFTY-III.NFO,12/07/2024,09:35:52,24691.3,24690.35,575,24697.9,100,0,250400
NIFTY-III.NFO,12/07/2024,09:35:54,24691.3,24690,150,24697.9,100,0,250400
NIFTY-III.NFO,12/07/2024,09:35:56,24691.3,24690.95,325,24697.9,100,0,250400
NIFTY-III.NFO,12/07/2024,09:35:57,24691.3,24690,150,24697.9,100,0,250400
NIFTY-III.NFO,12/07/2024,09:35:59,24691.3,24690.5,575,24697.75,100,0,250400
NIFTY-III.NFO,12/07/2024,09:36:02,24691.3,24693.2,575,24698.95,100,0,250400
NIFTY-III.NFO,12/07/2024,09:36:04,24691.3,24695.7,575,24698,25,0,250400
NIFTY-III.NFO,12/07/2024,09:36:05,24691.3,24695.7,500,24698,25,0,250400
NIFTY-III.NFO,12/07/2024,09:36:07,24698,24695.75,150,24699,25,25,250400
NIFTY-III.NFO,12/07/2024,09:36:09,24698,24695.5,575,24699,25,0,250400
NIFTY-III.NFO,12/07/2024,09:36:10,24698,24694.7,125,24699,25,0,250400
NIFTY-III.NFO,12/07/2024,09:36:12,24698,24694.5,500,24699,100,0,250400
NIFTY-III.NFO,12/07/2024,09:36:14,24698,24693.15,100,24698.95,175,0,250400
NIFTY-III.NFO,12/07/2024,09:36:15,24698,24693.25,25,24698.95,175,0,250400
NIFTY-III.NFO,12/07/2024,09:36:17,24698,24693.05,100,24698.95,175,0,250400
NIFTY-III.NFO,12/07/2024,09:36:19,24698,24693.35,100,24698.95,175,0,250400
NIFTY-III.NFO,12/07/2024,09:36:20,24698,24695,75,24698.95,175,0,250400
NIFTY-III.NFO,12/07/2024,09:36:22,24698,24695,75,24697.95,175,0,250400
NIFTY-III.NFO,12/07/2024,09:36:24,24697.95,24695,75,24697.95,175,25,250800
NIFTY-III.NFO,12/07/2024,09:36:26,24695,24692.6,25,24697.95,175,75,250800
NIFTY-III.NFO,12/07/2024,09:36:27,24695,24691.65,25,24697.95,175,0,250800
NIFTY-III.NFO,12/07/2024,09:36:29,24695,24691.3,25,24697.95,175,0,250800
NIFTY-III.NFO,12/07/2024,09:36:31,24695,24691.3,25,24691.65,25,0,250800
NIFTY-III.NFO,12/07/2024,09:36:32,24691.65,24691.35,100,24697.9,100,25,250800
NIFTY-III.NFO,12/07/2024,09:36:34,24691.65,24691.3,100,24697.9,100,0,250800
NIFTY-III.NFO,12/07/2024,09:36:36,24691.3,24690.2,25,24691.65,50,50,250800
NIFTY-III.NFO,12/07/2024,09:36:37,24691.65,24691.4,25,24697.9,100,100,250800
NIFTY-III.NFO,12/07/2024,09:36:39,24691.65,24689.8,125,24697.9,100,0,250800
NIFTY-III.NFO,12/07/2024,09:36:41,24691.65,24692.1,100,24698.95,175,0,250800
NIFTY-III.NFO,12/07/2024,09:36:42,24693.95,24695,125,24698.95,100,25,250800
NIFTY-III.NFO,12/07/2024,09:36:44,24693.95,24695,125,24698.95,175,0,250800
NIFTY-III.NFO,12/07/2024,09:36:46,24693.95,24695,125,24699,25,0,250800
NIFTY-III.NFO,12/07/2024,09:36:48,24695,24695,75,24699,25,50,250800
NIFTY-III.NFO,12/07/2024,09:36:49,24695,24695,75,24698.95,100,0,250800
NIFTY-III.NFO,12/07/2024,09:36:51,24695,24695,50,24698.95,100,25,250800
NIFTY-III.NFO,12/07/2024,09:36:53,24695,24695,75,24698.95,175,0,250800
NIFTY-III.NFO,12/07/2024,09:36:59,24698,24695,25,24698.95,175,50,250800
NIFTY-III.NFO,12/07/2024,09:37:01,24695,24690.75,100,24698.95,175,25,250800
NIFTY-III.NFO,12/07/2024,09:37:03,24695,24690.8,25,24698.95,175,0,250800
NIFTY-III.NFO,12/07/2024,09:37:06,24695,24691.25,575,24698.95,175,0,250800
NIFTY-III.NFO,12/07/2024,09:37:08,24695,24691.3,25,24697.95,100,0,250800
NIFTY-III.NFO,12/07/2024,09:37:09,24695,24691.25,75,24697.95,100,0,250800
NIFTY-III.NFO,12/07/2024,09:37:11,24695,24690.35,125,24695,100,0,250800
NIFTY-III.NFO,12/07/2024,09:37:13,24695,24690.65,500,24695,100,0,250800
NIFTY-III.NFO,12/07/2024,09:37:14,24695,24689.8,625,24695,125,0,250800
NIFTY-III.NFO,12/07/2024,09:37:16,24695,24689.2,25,24694.95,100,0,250800
NIFTY-III.NFO,12/07/2024,09:37:17,24695,24690.65,625,24695,125,0,250800
NIFTY-III.NFO,12/07/2024,09:37:19,24695,24691.45,500,24695,50,0,250800
NIFTY-III.NFO,12/07/2024,09:37:21,24695,24690.95,100,24695,50,0,250800
NIFTY-III.NFO,12/07/2024,09:37:22,24695,24690.95,25,24695,50,0,250800
NIFTY-III.NFO,12/07/2024,09:37:24,24695,24691.15,25,24695,50,0,250800
NIFTY-III.NFO,12/07/2024,09:37:26,24695,24692.05,100,24695,50,0,250800
NIFTY-III.NFO,12/07/2024,09:37:27,24695,24692.05,25,24695,50,0,250800
NIFTY-III.NFO,12/07/2024,09:37:29,24695,24691.05,575,24695,50,0,250800
NIFTY-III.NFO,12/07/2024,09:37:31,24695,24690.55,250,24695,50,0,250800
NIFTY-III.NFO,12/07/2024,09:37:32,24695,24690.05,25,24694.95,75,0,250800
NIFTY-III.NFO,12/07/2024,09:37:34,24695,24689.05,25,24694.9,100,0,250800
NIFTY-III.NFO,12/07/2024,09:37:35,24695,24690.25,500,24695,125,0,250800
NIFTY-III.NFO,12/07/2024,09:37:37,24695,24689.5,575,24695,125,0,250800
NIFTY-III.NFO,12/07/2024,09:37:39,24695,24689.15,100,24694.9,100,0,250800
NIFTY-III.NFO,12/07/2024,09:37:40,24695,24689,25,24694.95,100,0,250800
NIFTY-III.NFO,12/07/2024,09:37:42,24695,24689,25,24692.25,100,0,250800
NIFTY-III.NFO,12/07/2024,09:37:44,24695,24689,25,24691.35,75,0,250800
NIFTY-III.NFO,12/07/2024,09:37:45,24695,24689,25,24691.55,100,0,250800
NIFTY-III.NFO,12/07/2024,09:37:47,24695,24689,25,24691.85,175,0,250800
NIFTY-III.NFO,12/07/2024,09:37:50,24695,24689,25,24692.8,175,0,250800
NIFTY-III.NFO,12/07/2024,09:37:52,24695,24689,25,24693.7,175,0,250800
NIFTY-III.NFO,12/07/2024,09:37:57,24689,24686,100,24693.7,175,25,250800
NIFTY-III.NFO,12/07/2024,09:37:58,24689,24686.65,575,24693.7,175,0,250800
NIFTY-III.NFO,12/07/2024,09:38:00,24689,24687.75,75,24694.4,100,0,250800
NIFTY-III.NFO,12/07/2024,09:38:02,24689,24688.65,200,24694.95,100,0,250800
NIFTY-III.NFO,12/07/2024,09:38:03,24689,24689.55,75,24694.95,100,0,250800
NIFTY-III.NFO,12/07/2024,09:38:05,24689,24689.55,75,24694.95,175,0,250800
NIFTY-III.NFO,12/07/2024,09:38:06,24689,24688.35,75,24694.95,175,0,250800
NIFTY-III.NFO,12/07/2024,09:38:08,24689,24687.35,75,24694.95,175,0,250800
NIFTY-III.NFO,12/07/2024,09:38:11,24689,24686.05,25,24689,25,0,250800
NIFTY-III.NFO,12/07/2024,09:38:13,24689,24686.1,25,24689,25,0,250800
NIFTY-III.NFO,12/07/2024,09:38:18,24689,24686.1,25,24688,25,0,250800
NIFTY-III.NFO,12/07/2024,09:38:21,24689,24686,25,24688,25,0,250800
NIFTY-III.NFO,12/07/2024,09:38:26,24686,24685.45,500,24688,25,25,250800
NIFTY-III.NFO,12/07/2024,09:38:27,24686,24686.25,500,24688,25,0,250800
NIFTY-III.NFO,12/07/2024,09:38:29,24688,24687.05,575,24692,100,25,250800
NIFTY-III.NFO,12/07/2024,09:38:31,24688,24687.05,100,24692,100,0,250800
NIFTY-III.NFO,12/07/2024,09:38:32,24688,24687.8,500,24692,25,0,250800
NIFTY-III.NFO,12/07/2024,09:38:34,24688,24687.8,575,24692,25,0,250800
NIFTY-III.NFO,12/07/2024,09:38:36,24688,24687.9,25,24692,25,0,250800
NIFTY-III.NFO,12/07/2024,09:38:37,24688,24688.7,575,24692,25,0,250800
NIFTY-III.NFO,12/07/2024,09:38:39,24688,24688.75,100,24692,25,0,250800
NIFTY-III.NFO,12/07/2024,09:38:40,24688,24690.3,500,24692,25,0,250800
NIFTY-III.NFO,12/07/2024,09:38:42,24688,24689.6,25,24692,25,0,250800
NIFTY-III.NFO,12/07/2024,09:38:44,24688,24688,375,24692,25,0,250800
NIFTY-III.NFO,12/07/2024,09:38:45,24688,24688.9,25,24692,25,0,250800
NIFTY-III.NFO,12/07/2024,09:38:47,24688,24689.3,500,24692,25,0,250800
NIFTY-III.NFO,12/07/2024,09:38:48,24688,24688.7,500,24692,25,0,250800
NIFTY-III.NFO,12/07/2024,09:38:50,24688,24688.65,125,24692,25,0,250800
NIFTY-III.NFO,12/07/2024,09:38:52,24688,24687.85,25,24692,25,0,250800
NIFTY-III.NFO,12/07/2024,09:38:53,24688,24687.75,500,24692,100,0,250800
NIFTY-III.NFO,12/07/2024,09:38:55,24688,24686.95,25,24692,100,0,250800
NIFTY-III.NFO,12/07/2024,09:38:57,24688,24687.65,25,24691.95,100,0,250800
NIFTY-III.NFO,12/07/2024,09:39:00,24688,24687.65,25,24691.95,175,50,250800
NIFTY-III.NFO,12/07/2024,09:39:02,24688,24687.65,25,24691.95,175,0,250800
NIFTY-III.NFO,12/07/2024,09:39:03,24688,24686.15,25,24691.95,175,0,250800
NIFTY-III.NFO,12/07/2024,09:39:07,24688,24686.25,25,24691.95,175,0,250800
NIFTY-III.NFO,12/07/2024,09:39:08,24688,24686.25,100,24691.95,175,0,250800
NIFTY-III.NFO,12/07/2024,09:39:13,24688,24686.25,25,24691.95,175,0,250800
NIFTY-III.NFO,12/07/2024,09:39:15,24688,24686.25,100,24691.95,175,0,250800
NIFTY-III.NFO,12/07/2024,09:39:21,24688,24686.25,100,24691.95,225,0,250800
NIFTY-III.NFO,12/07/2024,09:39:23,24688,24686.25,25,24688,25,0,250800
NIFTY-III.NFO,12/07/2024,09:39:25,24688,24687,25,24691.5,100,25,250825
NIFTY-III.NFO,12/07/2024,09:39:26,24688,24687.75,500,24691.5,25,25,250825
NIFTY-III.NFO,12/07/2024,09:39:28,24688,24687.15,25,24691.5,100,0,250825
NIFTY-III.NFO,12/07/2024,09:39:30,24688,24687.1,500,24691.5,25,0,250825
NIFTY-III.NFO,12/07/2024,09:39:31,24688,24688.75,500,24691.5,25,0,250825
NIFTY-III.NFO,12/07/2024,09:39:33,24688,24687.2,25,24691.5,25,0,250825
NIFTY-III.NFO,12/07/2024,09:39:35,24688,24688,500,24691.5,25,0,250825
NIFTY-III.NFO,12/07/2024,09:39:38,24688,24688.85,25,24691.5,25,0,250825
NIFTY-III.NFO,12/07/2024,09:39:39,24688,24688.85,575,24691.5,25,0,250825
NIFTY-III.NFO,12/07/2024,09:39:41,24688,24691.3,25,24691.5,25,0,250825
NIFTY-III.NFO,12/07/2024,09:39:43,24688,24690.3,25,24691.5,25,0,250825
NIFTY-III.NFO,12/07/2024,09:39:44,24691.95,24690.3,25,24692,25,75,250825
NIFTY-III.NFO,12/07/2024,09:39:46,24691.95,24689.95,525,24692,25,0,250825
NIFTY-III.NFO,12/07/2024,09:39:53,24691.95,24689.95,500,24692,25,0,250825
NIFTY-III.NFO,12/07/2024,09:39:54,24691.95,24690.75,500,24692,25,0,250825
NIFTY-III.NFO,12/07/2024,09:39:56,24692,24692.5,25,24693,25,25,250825
NIFTY-III.NFO,12/07/2024,09:39:58,24692,24691.65,500,24693,25,0,250825
NIFTY-III.NFO,12/07/2024,09:39:59,24692,24690.15,250,24693,25,0,250825
NIFTY-III.NFO,12/07/2024,09:40:01,24692,24689.3,250,24693,25,0,250825
NIFTY-III.NFO,12/07/2024,09:40:03,24692,24688.65,25,24693,25,0,250825
NIFTY-III.NFO,12/07/2024,09:40:04,24692,24688.5,250,24692.95,175,0,250825
NIFTY-III.NFO,12/07/2024,09:40:06,24692,24689.35,250,24693,25,0,250825
NIFTY-III.NFO,12/07/2024,09:40:08,24692,24688.55,250,24693,100,0,250825
NIFTY-III.NFO,12/07/2024,09:40:09,24692,24688.55,250,24692.95,75,0,250825
NIFTY-III.NFO,12/07/2024,09:40:11,24692,24690.2,250,24693,25,0,250825
NIFTY-III.NFO,12/07/2024,09:40:13,24692,24688.7,250,24693,25,0,250825
NIFTY-III.NFO,12/07/2024,09:40:16,24692,24689.3,250,24693,25,0,250825
NIFTY-III.NFO,12/07/2024,09:40:19,24692,24689.35,25,24692.95,175,0,250825
NIFTY-III.NFO,12/07/2024,09:40:23,24692,24687.65,25,24691.6,175,0,250825
NIFTY-III.NFO,12/07/2024,09:40:24,24692,24686.1,25,24691.6,175,0,250825
NIFTY-III.NFO,12/07/2024,09:40:26,24692,24686.1,25,24689.95,175,0,250825
NIFTY-III.NFO,12/07/2024,09:40:27,24692,24686.1,25,24689.9,75,0,250825
NIFTY-III.NFO,12/07/2024,09:40:29,24692,24686.1,25,24689.85,100,0,250825
NIFTY-III.NFO,12/07/2024,09:40:31,24692,24686.1,25,24689.95,100,0,250825
NIFTY-III.NFO,12/07/2024,09:40:32,24692,24686.1,25,24690,100,0,250825
NIFTY-III.NFO,12/07/2024,09:40:34,24692,24686.1,25,24689.95,100,0,250825
NIFTY-III.NFO,12/07/2024,09:40:42,24692,24686.3,25,24690,50,0,250825
NIFTY-III.NFO,12/07/2024,09:40:44,24689.95,24686.3,25,24689.95,100,25,250825
NIFTY-III.NFO,12/07/2024,09:40:45,24689.95,24686.3,25,24689.95,100,0,250825
NIFTY-III.NFO,12/07/2024,09:40:47,24686.1,24686.25,25,24690,50,50,250825
NIFTY-III.NFO,12/07/2024,09:40:49,24686.1,24686.4,25,24690,50,0,250825
NIFTY-III.NFO,12/07/2024,09:40:50,24686.1,24686.2,25,24689.95,75,0,250825
NIFTY-III.NFO,12/07/2024,09:40:52,24686,24685.75,25,24689.95,75,100,250825
NIFTY-III.NFO,12/07/2024,09:40:53,24686,24689.8,500,24689.95,75,0,250825
NIFTY-III.NFO,12/07/2024,09:40:55,24690,24689.8,500,24691.65,25,175,250825
NIFTY-III.NFO,12/07/2024,09:40:57,24690,24689.75,200,24691.65,25,0,250825
NIFTY-III.NFO,12/07/2024,09:40:58,24691.65,24689,100,24694.8,100,25,250825
NIFTY-III.NFO,12/07/2024,09:41:00,24691.65,24691.35,575,24695,1025,0,250825
NIFTY-III.NFO,12/07/2024,09:41:01,24691.65,24693.6,250,24695,1025,0,250825
NIFTY-III.NFO,12/07/2024,09:41:03,24695,24696.55,100,24699,50,1025,250825
NIFTY-III.NFO,12/07/2024,09:41:05,24695,24693.9,25,24699,50,0,250825
NIFTY-III.NFO,12/07/2024,09:41:06,24695,24694,100,24698.95,100,0,250825
NIFTY-III.NFO,12/07/2024,09:41:08,24699,24694.7,50,24699,25,25,250825
NIFTY-III.NFO,12/07/2024,09:41:10,24699,24694.8,75,24699,25,0,250825
NIFTY-III.NFO,12/07/2024,09:41:13,24699,24695,100,24699,25,0,250825
NIFTY-III.NFO,12/07/2024,09:41:14,24695,24695.05,100,24699,50,50,250825
NIFTY-III.NFO,12/07/2024,09:41:16,24699,24695.25,75,24699.95,25,50,250825
NIFTY-III.NFO,12/07/2024,09:41:18,24696.5,24696.65,450,24699.95,25,25,250825
NIFTY-III.NFO,12/07/2024,09:41:19,24696.5,24696.35,100,24699.95,25,0,250825
NIFTY-III.NFO,12/07/2024,09:41:21,24696.5,24696.6,25,24699.95,25,0,250825
NIFTY-III.NFO,12/07/2024,09:41:24,24700,24697.05,25,24700,150,500,250825
NIFTY-III.NFO,12/07/2024,09:41:26,24700,24697.05,25,24700,100,50,250825
NIFTY-III.NFO,12/07/2024,09:41:27,24700,24697.2,25,24700,100,0,250825
NIFTY-III.NFO,12/07/2024,09:41:29,24700,24697.2,100,24700,50,50,250825
NIFTY-III.NFO,12/07/2024,09:41:32,24700,24697.35,100,24701.95,100,50,250825
NIFTY-III.NFO,12/07/2024,09:41:34,24700,24697.35,100,24701.95,100,0,250825
NIFTY-III.NFO,12/07/2024,09:41:36,24700,24700,50,24701.95,100,0,250825
NIFTY-III.NFO,12/07/2024,09:41:39,24700,24700,25,24701.95,100,25,250825
NIFTY-III.NFO,12/07/2024,09:41:40,24700,24700,25,24701.95,100,0,250825
NIFTY-III.NFO,12/07/2024,09:41:42,24700,24696.05,100,24701.95,175,25,250825
NIFTY-III.NFO,12/07/2024,09:41:44,24700,24700,25,24701.95,175,0,250825
NIFTY-III.NFO,12/07/2024,09:41:47,24700,24691.95,100,24699.65,100,25,250825
NIFTY-III.NFO,12/07/2024,09:41:49,24700,24693.2,25,24698.65,100,0,250825
NIFTY-III.NFO,12/07/2024,09:41:50,24700,24692.65,25,24697.95,175,0,250825
NIFTY-III.NFO,12/07/2024,09:41:54,24700,24692.65,100,24698.75,175,0,250825
NIFTY-III.NFO,12/07/2024,09:41:55,24700,24692.65,225,24699.1,100,0,250825
NIFTY-III.NFO,12/07/2024,09:41:57,24700,24692.65,100,24699.1,100,0,250825
NIFTY-III.NFO,12/07/2024,09:41:58,24700,24692.8,200,24699.7,100,0,250825
NIFTY-III.NFO,12/07/2024,09:42:00,24700,24691.8,25,24699.4,100,0,250825
NIFTY-III.NFO,12/07/2024,09:42:02,24700,24692.25,100,24696.9,75,0,250825
NIFTY-III.NFO,12/07/2024,09:42:03,24700,24692.25,25,24696.75,150,0,250825
NIFTY-III.NFO,12/07/2024,09:42:05,24700,24692.5,25,24697.05,150,0,250825
NIFTY-III.NFO,12/07/2024,09:42:07,24700,24692.5,25,24696.6,75,0,250825
NIFTY-III.NFO,12/07/2024,09:42:08,24700,24693.05,125,24696.6,75,0,250825
NIFTY-III.NFO,12/07/2024,09:42:10,24700,24693.85,125,24696.6,75,0,250825
NIFTY-III.NFO,12/07/2024,09:42:11,24700,24693.25,200,24699.95,175,0,250825
NIFTY-III.NFO,12/07/2024,09:42:13,24700,24693.25,75,24699.95,175,0,250825
NIFTY-III.NFO,12/07/2024,09:42:16,24700,24694.25,200,24699.95,175,0,250825
NIFTY-III.NFO,12/07/2024,09:42:18,24700,24693.25,75,24699.95,175,0,250825
NIFTY-III.NFO,12/07/2024,09:42:20,24700,24693.45,200,24699.95,175,0,250825
NIFTY-III.NFO,12/07/2024,09:42:21,24700,24693.45,75,24699.95,175,0,250825
NIFTY-III.NFO,12/07/2024,09:42:31,24700,24695.15,200,24700,125,0,250825
NIFTY-III.NFO,12/07/2024,09:42:33,24700,24695.6,75,24700,125,0,250825
NIFTY-III.NFO,12/07/2024,09:42:34,24700,24698.05,200,24700,100,25,252250
NIFTY-III.NFO,12/07/2024,09:42:36,24700,24697.4,200,24700,100,0,252250
NIFTY-III.NFO,12/07/2024,09:42:38,24696.45,24696.25,25,24700,100,50,252250
NIFTY-III.NFO,12/07/2024,09:42:39,24696.45,24696.25,25,24700,100,0,252250
NIFTY-III.NFO,12/07/2024,09:42:41,24696.45,24696.25,100,24700,100,0,252250
NIFTY-III.NFO,12/07/2024,09:42:43,24696.45,24696.25,25,24700,100,0,252250
NIFTY-III.NFO,12/07/2024,09:42:46,24699.55,24696.25,25,24699.95,175,50,252250
NIFTY-III.NFO,12/07/2024,09:42:47,24699.55,24694.25,200,24699.95,175,0,252250
NIFTY-III.NFO,12/07/2024,09:42:49,24699.55,24694.95,25,24699.95,175,0,252250
NIFTY-III.NFO,12/07/2024,09:42:51,24699.55,24694.95,200,24700,125,0,252250
NIFTY-III.NFO,12/07/2024,09:42:52,24699.55,24694.95,125,24699.95,175,0,252250
NIFTY-III.NFO,12/07/2024,09:42:54,24699.55,24694.35,200,24699.95,175,0,252250
NIFTY-III.NFO,12/07/2024,09:42:56,24699.55,24697.4,125,24700,150,0,252250
NIFTY-III.NFO,12/07/2024,09:42:57,24699.55,24696.8,125,24700,150,0,252250
NIFTY-III.NFO,12/07/2024,09:42:59,24699.55,24696.35,325,24700,150,0,252250
NIFTY-III.NFO,12/07/2024,09:43:01,24699.55,24699.9,125,24700,150,0,252250
NIFTY-III.NFO,12/07/2024,09:43:02,24699.95,24698.45,125,24702,25,175,252250
NIFTY-III.NFO,12/07/2024,09:43:04,24699.95,24699.2,125,24702,25,0,252250
NIFTY-III.NFO,12/07/2024,09:43:05,24699.95,24699,125,24702,25,0,252250
NIFTY-III.NFO,12/07/2024,09:43:07,24699.95,24699.65,125,24702,25,0,252250
NIFTY-III.NFO,12/07/2024,09:43:09,24699.95,24699.05,125,24702,25,0,252250
NIFTY-III.NFO,12/07/2024,09:43:10,24699.95,24697.9,125,24702,25,0,252250
NIFTY-III.NFO,12/07/2024,09:43:15,24699.95,24699.25,125,24702,25,0,252250
NIFTY-III.NFO,12/07/2024,09:43:17,24699.95,24697.1,200,24702,25,0,252250
NIFTY-III.NFO,12/07/2024,09:43:18,24699.95,24698.1,125,24702,25,0,252250
NIFTY-III.NFO,12/07/2024,09:43:20,24699.95,24698.7,200,24702,25,0,252250
NIFTY-III.NFO,12/07/2024,09:43:22,24699.95,24700.1,125,24702,25,0,252250
NIFTY-III.NFO,12/07/2024,09:43:23,24702,24702.55,25,24703.65,25,25,252250
NIFTY-III.NFO,12/07/2024,09:43:25,24702,24701.2,125,24702,75,0,252250
NIFTY-III.NFO,12/07/2024,09:43:27,24702,24700,125,24702,75,0,252250
NIFTY-III.NFO,12/07/2024,09:43:28,24702,24702.3,25,24703.65,25,75,252250
NIFTY-III.NFO,12/07/2024,09:43:30,24702,24701.15,125,24703.65,25,0,252250
NIFTY-III.NFO,12/07/2024,09:43:35,24702,24700.55,125,24703.65,25,0,252250
NIFTY-III.NFO,12/07/2024,09:43:37,24702,24699.5,125,24703.6,75,0,252250
NIFTY-III.NFO,12/07/2024,09:43:38,24702,24700.25,125,24703.65,25,0,252250
NIFTY-III.NFO,12/07/2024,09:43:40,24702,24700.3,50,24702,25,0,252250
NIFTY-III.NFO,12/07/2024,09:43:42,24702,24701,125,24702,25,0,252250
NIFTY-III.NFO,12/07/2024,09:43:43,24702,24699.55,50,24702,25,0,252250
NIFTY-III.NFO,12/07/2024,09:43:45,24702,24700.35,125,24702,25,0,252250
NIFTY-III.NFO,12/07/2024,09:43:48,24702,24702,25,24703.65,25,25,252250
NIFTY-III.NFO,12/07/2024,09:43:50,24702,24702,25,24703.6,100,0,252250
NIFTY-III.NFO,12/07/2024,09:43:51,24702,24702,25,24703.6,100,25,252250
NIFTY-III.NFO,12/07/2024,09:43:53,24702,24702,25,24703.65,25,0,252250
NIFTY-III.NFO,12/07/2024,09:43:56,24702,24702,25,24703.6,100,0,252250
NIFTY-III.NFO,12/07/2024,09:43:58,24702,24702,75,24703.6,100,0,252250
NIFTY-III.NFO,12/07/2024,09:44:03,24702,24702,75,24703.6,175,0,252250
NIFTY-III.NFO,12/07/2024,09:44:04,24702,24702,75,24703.6,100,0,252250
NIFTY-III.NFO,12/07/2024,09:44:06,24702,24702,50,24703.6,175,25,252250
NIFTY-III.NFO,12/07/2024,09:44:08,24702,24702,50,24703.6,175,0,252250
NIFTY-III.NFO,12/07/2024,09:44:09,24702,24702,25,24703.6,175,25,252250
NIFTY-III.NFO,12/07/2024,09:44:11,24702,24702,25,24703.6,175,0,252250
NIFTY-III.NFO,12/07/2024,09:44:13,24702,24700,100,24702.7,175,25,252250
NIFTY-III.NFO,12/07/2024,09:44:14,24702,24700,100,24701.95,175,0,252250
NIFTY-III.NFO,12/07/2024,09:44:16,24702,24700,100,24701.95,100,0,252250
NIFTY-III.NFO,12/07/2024,09:44:19,24702,24700,100,24701.95,175,0,252250
NIFTY-III.NFO,12/07/2024,09:44:27,24702,24700,100,24702,50,0,252250
NIFTY-III.NFO,12/07/2024,09:44:29,24702,24700,100,24701.95,100,0,252250
NIFTY-III.NFO,12/07/2024,09:44:30,24700,24695.4,200,24701.95,175,100,252250
NIFTY-III.NFO,12/07/2024,09:44:32,24701.95,24696.05,125,24701.9,100,25,252250
NIFTY-III.NFO,12/07/2024,09:44:34,24701.95,24695.3,200,24701.95,50,0,252250
NIFTY-III.NFO,12/07/2024,09:44:35,24701.95,24695.95,200,24701.95,25,25,252250
NIFTY-III.NFO,12/07/2024,09:44:37,24701.95,24695.95,200,24701.95,25,0,252250
NIFTY-III.NFO,12/07/2024,09:44:39,24701.95,24695.45,200,24701.9,100,0,252250
NIFTY-III.NFO,12/07/2024,09:44:40,24701.95,24695.2,125,24701.9,100,0,252250
NIFTY-III.NFO,12/07/2024,09:44:42,24701.95,24695.65,125,24701.9,100,0,252250
NIFTY-III.NFO,12/07/2024,09:44:44,24701.95,24695.75,125,24701.9,100,0,252250
NIFTY-III.NFO,12/07/2024,09:44:45,24701.95,24695.85,125,24701.95,25,0,252250
NIFTY-III.NFO,12/07/2024,09:44:47,24701.95,24696.25,200,24701.95,25,0,252250
NIFTY-III.NFO,12/07/2024,09:44:48,24701.95,24696.25,200,24700,25,0,252250
NIFTY-III.NFO,12/07/2024,09:44:52,24696.25,24695.3,200,24700,25,25,252250
NIFTY-III.NFO,12/07/2024,09:44:53,24696.25,24695.3,200,24700,25,0,252250
NIFTY-III.NFO,12/07/2024,09:44:55,24696.25,24696,200,24700,125,0,252250
NIFTY-III.NFO,12/07/2024,09:44:57,24696.25,24696.05,200,24700,125,0,252250
NIFTY-III.NFO,12/07/2024,09:44:58,24696.25,24697.15,125,24700,125,0,252250
NIFTY-III.NFO,12/07/2024,09:45:00,24696.25,24695.95,175,24700,125,0,252250
NIFTY-III.NFO,12/07/2024,09:45:02,24696.05,24696.15,200,24700,125,25,252250
NIFTY-III.NFO,12/07/2024,09:45:03,24696.05,24696.9,200,24700,125,0,252250
NIFTY-III.NFO,12/07/2024,09:45:05,24696.05,24697.95,125,24700,125,0,252250
NIFTY-III.NFO,12/07/2024,09:45:06,24696.05,24698.6,125,24700,125,0,252250
NIFTY-III.NFO,12/07/2024,09:45:08,24696.05,24698,125,24700,125,0,252250
NIFTY-III.NFO,12/07/2024,09:45:10,24696.05,24697.4,125,24700,125,0,252250
NIFTY-III.NFO,12/07/2024,09:45:11,24696.05,24697.05,125,24700,125,0,252250
NIFTY-III.NFO,12/07/2024,09:45:13,24700,24697.15,125,24700,100,25,252250
NIFTY-III.NFO,12/07/2024,09:45:15,24700,24696.1,50,24700,100,0,252250
NIFTY-III.NFO,12/07/2024,09:45:16,24700,24696.05,125,24700,100,0,252250
NIFTY-III.NFO,12/07/2024,09:45:18,24700,24697.45,50,24700,100,0,252250
NIFTY-III.NFO,12/07/2024,09:45:21,24700,24695.95,125,24700,125,0,252250
NIFTY-III.NFO,12/07/2024,09:45:23,24700,24697.5,50,24700,125,0,252250
NIFTY-III.NFO,12/07/2024,09:45:24,24700,24695.55,125,24700,125,0,252250
NIFTY-III.NFO,12/07/2024,09:45:26,24700,24697.55,50,24700,125,0,252250
NIFTY-III.NFO,12/07/2024,09:45:28,24700,24696.45,150,24700,125,0,252250
NIFTY-III.NFO,12/07/2024,09:45:29,24700,24697.55,175,24700,125,0,252250
NIFTY-III.NFO,12/07/2024,09:45:31,24700,24698.65,50,24700,125,0,252250
NIFTY-III.NFO,12/07/2024,09:45:33,24700,24699.95,25,24701.95,25,175,252475
NIFTY-III.NFO,12/07/2024,09:45:34,24700,24699.45,125,24701.95,25,0,252475
NIFTY-III.NFO,12/07/2024,09:45:36,24700.1,24700.35,125,24701.95,25,50,252475
NIFTY-III.NFO,12/07/2024,09:45:38,24700.1,24699.15,125,24701.95,25,0,252475
NIFTY-III.NFO,12/07/2024,09:45:39,24700.1,24699.8,125,24701.95,25,0,252475
NIFTY-III.NFO,12/07/2024,09:45:41,24700.1,24700.55,50,24701.95,25,0,252475
NIFTY-III.NFO,12/07/2024,09:45:44,24700.1,24699.55,50,24701.95,25,0,252475
NIFTY-III.NFO,12/07/2024,09:45:46,24700.1,24698.65,50,24701.9,100,0,252475
NIFTY-III.NFO,12/07/2024,09:45:48,24700.1,24698.65,50,24701.95,25,0,252475
NIFTY-III.NFO,12/07/2024,09:45:49,24700.1,24697.55,50,24701.9,100,0,252475
NIFTY-III.NFO,12/07/2024,09:45:51,24700.1,24696.45,200,24701.9,175,0,252475
NIFTY-III.NFO,12/07/2024,09:45:53,24700.1,24697.1,125,24701.5,75,0,252475
NIFTY-III.NFO,12/07/2024,09:45:54,24700.1,24698.6,50,24701.9,100,0,252475
NIFTY-III.NFO,12/07/2024,09:45:58,24700.1,24696.5,125,24701.9,175,0,252475
NIFTY-III.NFO,12/07/2024,09:45:59,24700.1,24696.55,125,24701.45,175,0,252475
NIFTY-III.NFO,12/07/2024,09:46:01,24700.1,24696.75,125,24701.3,100,0,252475
NIFTY-III.NFO,12/07/2024,09:46:03,24700.1,24696.1,125,24701.25,100,0,252475
NIFTY-III.NFO,12/07/2024,09:46:04,24700.1,24700.2,75,24701.95,25,0,252475
NIFTY-III.NFO,12/07/2024,09:46:06,24700.1,24700.6,125,24701.95,25,0,252475
NIFTY-III.NFO,12/07/2024,09:46:07,24700.6,24700.5,100,24701.95,25,25,252475
NIFTY-III.NFO,12/07/2024,09:46:09,24700.6,24701.8,100,24701.95,25,0,252475
NIFTY-III.NFO,12/07/2024,09:46:11,24700.6,24700.1,25,24701.95,25,0,252475
NIFTY-III.NFO,12/07/2024,09:46:12,24700.6,24700.1,25,24700.6,25,0,252475
NIFTY-III.NFO,12/07/2024,09:46:14,24700.6,24700.15,25,24700.6,25,0,252475
NIFTY-III.NFO,12/07/2024,09:46:16,24700.6,24700.1,25,24700.6,25,0,252475
NIFTY-III.NFO,12/07/2024,09:46:22,24700.6,24699.35,100,24701.95,25,25,252475
NIFTY-III.NFO,12/07/2024,09:46:23,24700,24700.05,75,24701.95,25,25,252475
NIFTY-III.NFO,12/07/2024,09:46:25,24700,24698.8,75,24701.95,25,0,252475
NIFTY-III.NFO,12/07/2024,09:46:26,24700,24698.35,75,24701.95,25,0,252475
NIFTY-III.NFO,12/07/2024,09:46:28,24700,24699.7,75,24701.95,25,0,252475
NIFTY-III.NFO,12/07/2024,09:46:30,24700,24698.5,75,24701.95,25,0,252475
NIFTY-III.NFO,12/07/2024,09:46:31,24700,24698.5,75,24700,25,0,252475
NIFTY-III.NFO,12/07/2024,09:46:36,24700,24698.5,75,24701.95,25,25,252475
NIFTY-III.NFO,12/07/2024,09:46:38,24700,24699.15,75,24701.95,25,25,252475
NIFTY-III.NFO,12/07/2024,09:46:40,24700,24698.6,125,24701.95,25,0,252475
NIFTY-III.NFO,12/07/2024,09:46:43,24700,24697.75,200,24701.95,25,0,252475
NIFTY-III.NFO,12/07/2024,09:46:45,24700,24697.4,150,24701.9,100,0,252475
NIFTY-III.NFO,12/07/2024,09:46:46,24700,24696.8,150,24701.9,175,0,252475
NIFTY-III.NFO,12/07/2024,09:46:48,24700,24697.5,75,24700,225,0,252475
NIFTY-III.NFO,12/07/2024,09:46:50,24700,24696.5,50,24698.65,50,0,252475
NIFTY-III.NFO,12/07/2024,09:46:51,24698.65,24695.7,75,24698.65,25,25,252475
NIFTY-III.NFO,12/07/2024,09:46:53,24698.65,24695.7,75,24699.95,100,25,252475
NIFTY-III.NFO,12/07/2024,09:46:55,24698.65,24695.65,75,24699.95,175,0,252475
NIFTY-III.NFO,12/07/2024,09:46:56,24698.65,24696.35,75,24700,225,0,252475
NIFTY-III.NFO,12/07/2024,09:46:58,24698.65,24695.65,75,24699.95,100,0,252475
NIFTY-III.NFO,12/07/2024,09:47:00,24698.65,24695.05,150,24699.95,100,0,252475
NIFTY-III.NFO,12/07/2024,09:47:03,24698.65,24695.7,75,24699.95,100,0,252475
NIFTY-III.NFO,12/07/2024,09:47:05,24698.65,24695.1,75,24699.95,175,0,252475
NIFTY-III.NFO,12/07/2024,09:47:10,24698.65,24694.8,75,24699.95,175,0,252475
NIFTY-III.NFO,12/07/2024,09:47:11,24698.65,24694.2,150,24699.95,175,0,252475
NIFTY-III.NFO,12/07/2024,09:47:13,24698.65,24694.85,150,24699.95,175,0,252475
NIFTY-III.NFO,12/07/2024,09:47:15,24698.65,24694.2,150,24699.95,175,0,252475
NIFTY-III.NFO,12/07/2024,09:47:18,24698.65,24694.2,75,24699.95,175,0,252475
NIFTY-III.NFO,12/07/2024,09:47:20,24698.65,24694.8,150,24699.95,175,0,252475
NIFTY-III.NFO,12/07/2024,09:47:21,24698.65,24695.5,150,24700,225,0,252475
NIFTY-III.NFO,12/07/2024,09:47:23,24698.65,24695.55,75,24699.95,100,0,252475
NIFTY-III.NFO,12/07/2024,09:47:25,24698.65,24694.15,150,24699.95,175,0,252475
NIFTY-III.NFO,12/07/2024,09:47:26,24699.95,24694.2,100,24699.9,100,25,252475
NIFTY-III.NFO,12/07/2024,09:47:28,24699.95,24694.9,100,24699.95,100,0,252475
NIFTY-III.NFO,12/07/2024,09:47:30,24699.95,24694.95,125,24699.95,175,25,252475
NIFTY-III.NFO,12/07/2024,09:47:31,24699.95,24694.25,75,24699.95,175,25,252475
NIFTY-III.NFO,12/07/2024,09:47:33,24699.95,24693.55,225,24699.95,175,0,252475
NIFTY-III.NFO,12/07/2024,09:47:35,24699.95,24694.3,150,24699.95,175,0,252475
NIFTY-III.NFO,12/07/2024,09:47:38,24699.95,24693.65,75,24699.95,175,0,252475
NIFTY-III.NFO,12/07/2024,09:47:39,24699.95,24694.95,75,24699.95,175,0,252475
NIFTY-III.NFO,12/07/2024,09:47:41,24699.95,24694.95,150,24699.95,175,0,252475
NIFTY-III.NFO,12/07/2024,09:47:42,24699.95,24694.15,225,24699.95,175,0,252475
NIFTY-III.NFO,12/07/2024,09:47:46,24699.95,24693.55,150,24699.95,175,0,252475
NIFTY-III.NFO,12/07/2024,09:47:47,24699.95,24694.2,150,24699.95,175,0,252475
NIFTY-III.NFO,12/07/2024,09:47:49,24699.95,24694.2,150,24699.8,175,0,252475
NIFTY-III.NFO,12/07/2024,09:47:54,24699.95,24694.2,75,24699.8,175,0,252475
NIFTY-III.NFO,12/07/2024,09:47:55,24699.95,24694.85,150,24699.85,175,0,252475
NIFTY-III.NFO,12/07/2024,09:47:57,24699.95,24694.85,75,24699.85,175,0,252475
NIFTY-III.NFO,12/07/2024,09:47:58,24699.95,24693.85,75,24698.55,150,0,252475
NIFTY-III.NFO,12/07/2024,09:48:00,24699.95,24694.85,150,24699.95,175,0,252475
NIFTY-III.NFO,12/07/2024,09:48:02,24699.95,24695.4,75,24700,250,0,252475
NIFTY-III.NFO,12/07/2024,09:48:03,24699.95,24695.45,150,24700,250,0,252475
NIFTY-III.NFO,12/07/2024,09:48:05,24699.95,24696.1,75,24700,250,0,252475
NIFTY-III.NFO,12/07/2024,09:48:06,24699.95,24696.75,75,24700,250,0,252475
NIFTY-III.NFO,12/07/2024,09:48:08,24700,24696.15,150,24700,200,50,252475
NIFTY-III.NFO,12/07/2024,09:48:10,24700,24694.25,150,24699.95,175,25,252475
NIFTY-III.NFO,12/07/2024,09:48:11,24700,24694.4,75,24699.95,175,0,252475
NIFTY-III.NFO,12/07/2024,09:48:13,24700,24695.15,75,24700,175,0,252475
NIFTY-III.NFO,12/07/2024,09:48:14,24700,24694.9,150,24700,175,0,252475
NIFTY-III.NFO,12/07/2024,09:48:16,24700,24695.55,125,24700,150,50,252475
NIFTY-III.NFO,12/07/2024,09:48:18,24700,24694.95,125,24699.95,175,25,252475
NIFTY-III.NFO,12/07/2024,09:48:19,24700,24694.95,125,24699.95,175,0,252475
NIFTY-III.NFO,12/07/2024,09:48:21,24700,24695.4,50,24699.95,175,0,252475
NIFTY-III.NFO,12/07/2024,09:48:23,24700,24694.8,50,24699.95,175,0,252475
NIFTY-III.NFO,12/07/2024,09:48:24,24700,24694.8,125,24699.95,175,0,252475
NIFTY-III.NFO,12/07/2024,09:48:26,24700,24695.45,125,24699.95,100,0,252475
NIFTY-III.NFO,12/07/2024,09:48:27,24700,24695.45,50,24699.95,100,0,252475
NIFTY-III.NFO,12/07/2024,09:48:29,24700,24695.45,125,24700,150,0,252475
NIFTY-III.NFO,12/07/2024,09:48:31,24699.95,24694,175,24699.95,125,175,252725
NIFTY-III.NFO,12/07/2024,09:48:32,24699.95,24694.45,175,24699.95,125,0,252725
NIFTY-III.NFO,12/07/2024,09:48:35,24699.95,24695.6,50,24699.95,50,0,252725
NIFTY-III.NFO,12/07/2024,09:48:37,24699.95,24694.55,175,24699.95,100,25,252725
NIFTY-III.NFO,12/07/2024,09:48:39,24699.95,24695.85,175,24700,475,0,252725
NIFTY-III.NFO,12/07/2024,09:48:40,24699.95,24695.9,75,24700,475,0,252725
NIFTY-III.NFO,12/07/2024,09:48:42,24700,24694.7,250,24699.95,100,25,252725
NIFTY-III.NFO,12/07/2024,09:48:44,24700,24695.45,175,24700,425,25,252725
NIFTY-III.NFO,12/07/2024,09:48:45,24700,24694.8,175,24700,475,50,252725
NIFTY-III.NFO,12/07/2024,09:48:47,24700,24695.45,175,24700,375,25,252725
NIFTY-III.NFO,12/07/2024,09:48:48,24700,24696.1,175,24700,325,50,252725
NIFTY-III.NFO,12/07/2024,09:48:50,24700,24696.85,100,24700,300,25,252725
NIFTY-III.NFO,12/07/2024,09:48:52,24700,24694.7,150,24700,250,50,252725
NIFTY-III.NFO,12/07/2024,09:48:53,24700,24694.75,100,24700,275,25,252725
NIFTY-III.NFO,12/07/2024,09:48:55,24700,24695.4,175,24700,275,0,252725
NIFTY-III.NFO,12/07/2024,09:48:57,24700,24696.1,100,24700,250,25,252725
NIFTY-III.NFO,12/07/2024,09:48:58,24700,24696.75,100,24700,250,0,252725
NIFTY-III.NFO,12/07/2024,09:49:00,24700,24696.8,175,24700,250,0,252725
NIFTY-III.NFO,12/07/2024,09:49:01,24700,24696.2,175,24700,250,0,252725
NIFTY-III.NFO,12/07/2024,09:49:03,24700,24695.65,175,24700,250,0,252725
NIFTY-III.NFO,12/07/2024,09:49:05,24700,24695.7,175,24700,250,0,252725
NIFTY-III.NFO,12/07/2024,09:49:06,24700,24697,175,24700,250,0,252725
NIFTY-III.NFO,12/07/2024,09:49:08,24700,24696.95,75,24700,250,25,252725
NIFTY-III.NFO,12/07/2024,09:49:10,24700,24697,175,24700,200,50,252725
NIFTY-III.NFO,12/07/2024,09:49:11,24700,24697,175,24700,275,25,252725
NIFTY-III.NFO,12/07/2024,09:49:13,24700,24698.05,75,24700,250,125,252725
NIFTY-III.NFO,12/07/2024,09:49:14,24700,24699,50,24700,100,150,252725
NIFTY-III.NFO,12/07/2024,09:49:16,24701,24699.85,150,24701,25,125,252725
NIFTY-III.NFO,12/07/2024,09:49:18,24702,24702,200,24704,25,100,252725
NIFTY-III.NFO,12/07/2024,09:49:19,24702,24702,200,24704,25,0,252725
NIFTY-III.NFO,12/07/2024,09:49:23,24704,24702,200,24705,125,25,252725
NIFTY-III.NFO,12/07/2024,09:49:24,24704,24702,200,24705,125,0,252725
NIFTY-III.NFO,12/07/2024,09:49:26,24704,24702,275,24705,125,0,252725
NIFTY-III.NFO,12/07/2024,09:49:27,24704,24702.55,125,24705,125,0,252725
NIFTY-III.NFO,12/07/2024,09:49:29,24704,24702.6,50,24705,125,0,252725
NIFTY-III.NFO,12/07/2024,09:49:31,24704,24702.6,125,24705,125,0,252725
NIFTY-III.NFO,12/07/2024,09:49:32,24704,24702.6,50,24705,125,0,252725
NIFTY-III.NFO,12/07/2024,09:49:34,24704,24702,200,24705,100,0,252725
NIFTY-III.NFO,12/07/2024,09:49:39,24704,24702,200,24704.6,125,0,252725
NIFTY-III.NFO,12/07/2024,09:49:42,24704,24702,200,24704,100,0,252725
NIFTY-III.NFO,12/07/2024,09:49:47,24704,24702,200,24704,25,0,252725
NIFTY-III.NFO,12/07/2024,09:49:48,24704,24702,200,24704,100,0,252725
NIFTY-III.NFO,12/07/2024,09:49:53,24704,24702,200,24704,25,0,252725
NIFTY-III.NFO,12/07/2024,09:49:58,24704,24700,25,24704,100,0,252725
NIFTY-III.NFO,12/07/2024,09:50:00,24704,24700.05,100,24704,50,0,252725
NIFTY-III.NFO,12/07/2024,09:50:01,24704,24700,25,24704,125,0,252725
NIFTY-III.NFO,12/07/2024,09:50:05,24704,24700.05,100,24704,50,0,252725
NIFTY-III.NFO,12/07/2024,09:50:06,24704,24700,25,24704,125,0,252725
NIFTY-III.NFO,12/07/2024,09:50:10,24704,24700.05,100,24704,50,0,252725
NIFTY-III.NFO,12/07/2024,09:50:11,24704,24700,25,24704,125,0,252725
NIFTY-III.NFO,12/07/2024,09:50:13,24704,24700.05,100,24703,50,0,252725
NIFTY-III.NFO,12/07/2024,09:50:15,24704,24700,25,24703,50,0,252725
NIFTY-III.NFO,12/07/2024,09:50:16,24703,24700,25,24703,25,25,252725
NIFTY-III.NFO,12/07/2024,09:50:18,24703,24703,25,24704,50,25,252725
NIFTY-III.NFO,12/07/2024,09:50:20,24703,24703,25,24704,50,0,252725
NIFTY-III.NFO,12/07/2024,09:50:21,24703,24700.05,175,24704,50,25,252725
NIFTY-III.NFO,12/07/2024,09:50:23,24703,24700.05,100,24704,50,0,252725
NIFTY-III.NFO,12/07/2024,09:50:24,24703,24700,25,24704,50,0,252725
NIFTY-III.NFO,12/07/2024,09:50:26,24703,24700,25,24704,125,0,252725
NIFTY-III.NFO,12/07/2024,09:50:31,24704,24700,25,24704.6,125,50,252725
NIFTY-III.NFO,12/07/2024,09:50:33,24704,24700.05,175,24704.6,50,0,252725
NIFTY-III.NFO,12/07/2024,09:50:34,24704,24700,25,24704.6,50,0,252725
NIFTY-III.NFO,12/07/2024,09:50:36,24704,24700,25,24704.25,175,0,252725
NIFTY-III.NFO,12/07/2024,09:50:37,24704,24700,25,24704,25,0,252725
NIFTY-III.NFO,12/07/2024,09:50:42,24704,24700,25,24704,200,0,252725
NIFTY-III.NFO,12/07/2024,09:50:45,24704,24700,25,24703.3,175,0,252725
NIFTY-III.NFO,12/07/2024,09:50:47,24704,24700,25,24703.8,175,0,252725
NIFTY-III.NFO,12/07/2024,09:50:49,24704,24701,200,24704.6,125,25,252725
NIFTY-III.NFO,12/07/2024,09:50:50,24704,24701.05,100,24704.6,50,0,252725
NIFTY-III.NFO,12/07/2024,09:50:52,24704.6,24701.05,175,24704.6,25,25,252725
NIFTY-III.NFO,12/07/2024,09:50:54,24704.6,24701,200,24704.6,25,0,252725
NIFTY-III.NFO,12/07/2024,09:50:55,24704.6,24701.05,175,24704.6,25,0,252725
NIFTY-III.NFO,12/07/2024,09:50:58,24704.6,24704.6,25,24705,125,25,252725
NIFTY-III.NFO,12/07/2024,09:51:00,24704.6,24704.6,25,24705,125,0,252725
NIFTY-III.NFO,12/07/2024,09:51:01,24705,24701.05,175,24705,50,75,252725
NIFTY-III.NFO,12/07/2024,09:51:03,24705,24701.05,175,24705,50,0,252725
NIFTY-III.NFO,12/07/2024,09:51:05,24705,24701.05,100,24705,50,0,252725
NIFTY-III.NFO,12/07/2024,09:51:06,24705,24701,200,24705,50,0,252725
NIFTY-III.NFO,12/07/2024,09:51:09,24705,24701,200,24705,25,25,252725
NIFTY-III.NFO,12/07/2024,09:51:11,24705,24701.05,100,24705,25,0,252725
NIFTY-III.NFO,12/07/2024,09:51:13,24705.6,24701.05,175,24706.95,175,75,252725
NIFTY-III.NFO,12/07/2024,09:51:14,24705.6,24701.05,175,24706.95,175,0,252725
NIFTY-III.NFO,12/07/2024,09:51:16,24705.6,24701.05,175,24706.95,75,0,252725
NIFTY-III.NFO,12/07/2024,09:51:17,24705.6,24701.05,175,24706.45,175,0,252725
NIFTY-III.NFO,12/07/2024,09:51:19,24705.6,24701,200,24705.25,175,0,252725
NIFTY-III.NFO,12/07/2024,09:51:21,24705.6,24701,200,24705.25,100,0,252725
NIFTY-III.NFO,12/07/2024,09:51:23,24704.6,24701,200,24705.4,200,100,252725
NIFTY-III.NFO,12/07/2024,09:51:24,24704.6,24701,200,24705.4,200,0,252725
NIFTY-III.NFO,12/07/2024,09:51:29,24704.6,24701,200,24701.65,125,0,252725
NIFTY-III.NFO,12/07/2024,09:51:31,24700,24694,100,24698.95,325,225,253400
NIFTY-III.NFO,12/07/2024,09:51:33,24698.85,24694,100,24695.4,125,25,253400
NIFTY-III.NFO,12/07/2024,09:51:34,24698.85,24694,100,24694.35,125,0,253400
NIFTY-III.NFO,12/07/2024,09:51:36,24698.85,24694,100,24695.7,125,0,253400
NIFTY-III.NFO,12/07/2024,09:51:38,24698.85,24694,100,24695.3,125,0,253400
NIFTY-III.NFO,12/07/2024,09:51:39,24694,24691,50,24694.1,125,100,253400
NIFTY-III.NFO,12/07/2024,09:51:41,24694,24691,50,24693.45,125,0,253400
NIFTY-III.NFO,12/07/2024,09:51:43,24694,24690,75,24694.1,75,0,253400
NIFTY-III.NFO,12/07/2024,09:51:44,24690,24690,50,24695.4,125,25,253400
NIFTY-III.NFO,12/07/2024,09:51:46,24690,24690,50,24695.4,125,0,253400
NIFTY-III.NFO,12/07/2024,09:51:48,24690,24690.05,100,24695.4,125,0,253400
NIFTY-III.NFO,12/07/2024,09:51:49,24690,24690.05,100,24695.65,125,0,253400
NIFTY-III.NFO,12/07/2024,09:51:51,24690,24690,50,24693.45,125,0,253400
NIFTY-III.NFO,12/07/2024,09:51:52,24687.8,24685.5,100,24693.4,75,125,253400
NIFTY-III.NFO,12/07/2024,09:51:54,24687.8,24688,25,24693.35,75,0,253400
NIFTY-III.NFO,12/07/2024,09:51:56,24687.8,24688.05,175,24693.05,75,0,253400
NIFTY-III.NFO,12/07/2024,09:51:57,24687.8,24688.05,100,24692.95,75,0,253400
NIFTY-III.NFO,12/07/2024,09:51:59,24687.8,24688,25,24692.95,75,0,253400
NIFTY-III.NFO,12/07/2024,09:52:01,24687.8,24688,25,24689.9,150,0,253400
NIFTY-III.NFO,12/07/2024,09:52:02,24687.8,24688,25,24689.7,150,0,253400
NIFTY-III.NFO,12/07/2024,09:52:04,24688,24685,25,24686.8,25,25,253400
NIFTY-III.NFO,12/07/2024,09:52:06,24685,24682.05,25,24684.6,150,25,253400
NIFTY-III.NFO,12/07/2024,09:52:07,24682.05,24680,50,24680.75,75,25,253400
NIFTY-III.NFO,12/07/2024,09:52:09,24680,24677,500,24678.75,75,50,253400
NIFTY-III.NFO,12/07/2024,09:52:11,24682.7,24680,25,24681.2,75,75,253400
NIFTY-III.NFO,12/07/2024,09:52:12,24682.7,24680,25,24683.7,275,0,253400
NIFTY-III.NFO,12/07/2024,09:52:14,24682.7,24680,25,24682.25,275,0,253400
NIFTY-III.NFO,12/07/2024,09:52:15,24682.7,24680,50,24684,200,0,253400
NIFTY-III.NFO,12/07/2024,09:52:17,24680,24677,500,24680,225,50,253400
NIFTY-III.NFO,12/07/2024,09:52:19,24680,24677.05,175,24680,150,0,253400
NIFTY-III.NFO,12/07/2024,09:52:23,24682.7,24680.05,100,24684.9,100,175,253400
NIFTY-III.NFO,12/07/2024,09:52:24,24682.7,24683.25,100,24684.9,25,0,253400
NIFTY-III.NFO,12/07/2024,09:52:26,24682.7,24681.05,100,24684.9,25,0,253400
NIFTY-III.NFO,12/07/2024,09:52:28,24682.7,24682.15,100,24684.9,25,0,253400
NIFTY-III.NFO,12/07/2024,09:52:29,24682.7,24680.25,100,24684.9,25,0,253400
NIFTY-III.NFO,12/07/2024,09:52:31,24684.9,24683.65,100,24688,25,25,253400
NIFTY-III.NFO,12/07/2024,09:52:33,24684.9,24682.85,175,24688,25,0,253400
NIFTY-III.NFO,12/07/2024,09:52:34,24684.9,24682,175,24688,25,0,253400
NIFTY-III.NFO,12/07/2024,09:52:36,24684.9,24684.3,100,24688,25,0,253400
NIFTY-III.NFO,12/07/2024,09:52:38,24684.9,24683.05,100,24688,25,0,253400
NIFTY-III.NFO,12/07/2024,09:52:39,24684.9,24684.25,100,24688,25,0,253400
NIFTY-III.NFO,12/07/2024,09:52:41,24684.9,24685.2,100,24688,25,0,253400
NIFTY-III.NFO,12/07/2024,09:52:43,24684.9,24684.6,175,24688,25,0,253400
NIFTY-III.NFO,12/07/2024,09:52:44,24684.9,24684.05,100,24688,25,0,253400
NIFTY-III.NFO,12/07/2024,09:52:46,24684.9,24683,100,24688,100,25,253400
NIFTY-III.NFO,12/07/2024,09:52:48,24684.9,24683,175,24688,25,0,253400
NIFTY-III.NFO,12/07/2024,09:52:51,24684.9,24683.35,100,24688,25,0,253400
NIFTY-III.NFO,12/07/2024,09:52:54,24684.9,24682.8,175,24688,100,0,253400
NIFTY-III.NFO,12/07/2024,09:52:56,24684.9,24681.85,100,24688,100,0,253400
NIFTY-III.NFO,12/07/2024,09:52:57,24684.9,24680.05,100,24688,100,0,253400
NIFTY-III.NFO,12/07/2024,09:52:59,24684.9,24680.45,100,24687.8,150,0,253400
NIFTY-III.NFO,12/07/2024,09:53:01,24684.9,24684.9,25,24687.8,75,0,253400
NIFTY-III.NFO,12/07/2024,09:53:02,24684.9,24684.9,25,24686.6,75,0,253400
NIFTY-III.NFO,12/07/2024,09:53:05,24684.9,24684.9,25,24688,100,0,253400
NIFTY-III.NFO,12/07/2024,09:53:10,24684.9,24684.95,175,24688,25,0,253400
NIFTY-III.NFO,12/07/2024,09:53:12,24684.9,24685.1,175,24688,25,0,253400
NIFTY-III.NFO,12/07/2024,09:53:14,24688,24688,100,24693.8,100,25,253400
NIFTY-III.NFO,12/07/2024,09:53:15,24688.05,24688.1,100,24693.75,100,25,253400
NIFTY-III.NFO,12/07/2024,09:53:17,24688.2,24688.25,100,24693.75,50,25,253400
NIFTY-III.NFO,12/07/2024,09:53:18,24693.75,24688.35,175,24693.75,75,50,253400
NIFTY-III.NFO,12/07/2024,09:53:20,24693.75,24687.35,100,24693.8,100,0,253400
NIFTY-III.NFO,12/07/2024,09:53:22,24693.7,24687.45,100,24693.6,150,25,253400
NIFTY-III.NFO,12/07/2024,09:53:24,24693.7,24687.45,100,24693.6,150,0,253400
NIFTY-III.NFO,12/07/2024,09:53:25,24693.6,24685.9,100,24693.45,125,25,253400
NIFTY-III.NFO,12/07/2024,09:53:27,24693.6,24684.9,175,24692,125,0,253400
NIFTY-III.NFO,12/07/2024,09:53:29,24692,24684.9,100,24690.75,100,25,253400
NIFTY-III.NFO,12/07/2024,09:53:30,24692,24684.9,175,24690.75,100,0,253400
NIFTY-III.NFO,12/07/2024,09:53:32,24690.75,24684.9,175,24691.95,50,25,253400
NIFTY-III.NFO,12/07/2024,09:53:33,24690.75,24684.9,175,24692,100,0,253400
NIFTY-III.NFO,12/07/2024,09:53:35,24690.75,24684.95,100,24692,100,0,253400
NIFTY-III.NFO,12/07/2024,09:53:37,24692,24684.95,100,24692,75,25,253400
NIFTY-III.NFO,12/07/2024,09:53:38,24692,24684.95,100,24692,75,0,253400
NIFTY-III.NFO,12/07/2024,09:53:42,24692,24684.95,175,24692,75,0,253400
NIFTY-III.NFO,12/07/2024,09:53:43,24692,24684.95,175,24692,100,0,253400
NIFTY-III.NFO,12/07/2024,09:53:47,24692,24684.95,175,24691.65,75,0,253400
NIFTY-III.NFO,12/07/2024,09:53:48,24692,24684.9,100,24689.2,125,0,253400
NIFTY-III.NFO,12/07/2024,09:53:50,24692,24684.9,100,24688.35,75,0,253400
NIFTY-III.NFO,12/07/2024,09:53:52,24692,24684.9,175,24690.3,75,0,253400
NIFTY-III.NFO,12/07/2024,09:53:53,24692,24685,100,24690.95,125,0,253400
NIFTY-III.NFO,12/07/2024,09:53:55,24692,24684.9,100,24690.3,125,0,253400
NIFTY-III.NFO,12/07/2024,09:53:56,24692,24684.9,175,24690.3,75,0,253400
NIFTY-III.NFO,12/07/2024,09:53:58,24692,24684.9,175,24691.5,125,0,253400
NIFTY-III.NFO,12/07/2024,09:54:00,24692,24684.95,75,24691.5,125,0,253400
NIFTY-III.NFO,12/07/2024,09:54:01,24692,24685,100,24691.5,125,0,253400
NIFTY-III.NFO,12/07/2024,09:54:03,24692,24685,100,24691.5,75,0,253400
NIFTY-III.NFO,12/07/2024,09:54:05,24692,24684.9,175,24691.5,200,0,253400
NIFTY-III.NFO,12/07/2024,09:54:06,24692,24684.95,100,24691.05,75,0,253400
NIFTY-III.NFO,12/07/2024,09:54:08,24692,24684.95,175,24691.05,75,0,253400
NIFTY-III.NFO,12/07/2024,09:54:09,24692,24684.95,175,24692,200,0,253400
NIFTY-III.NFO,12/07/2024,09:54:16,24692,24684.95,175,24691.25,125,0,253400
NIFTY-III.NFO,12/07/2024,09:54:18,24692,24684.95,175,24691.25,75,0,253400
NIFTY-III.NFO,12/07/2024,09:54:19,24692,24684.9,100,24688,75,0,253400
NIFTY-III.NFO,12/07/2024,09:54:21,24692,24684.9,100,24689.35,75,0,253400
NIFTY-III.NFO,12/07/2024,09:54:23,24692,24684.9,100,24688.9,125,0,253400
NIFTY-III.NFO,12/07/2024,09:54:25,24692,24684.9,100,24689.5,125,0,253400
NIFTY-III.NFO,12/07/2024,09:54:28,24692,24684.9,100,24687.55,150,0,253400
NIFTY-III.NFO,12/07/2024,09:54:30,24692,24684.9,100,24688.9,200,0,253400
NIFTY-III.NFO,12/07/2024,09:54:31,24692,24684.9,100,24688.9,125,0,253400
NIFTY-III.NFO,12/07/2024,09:54:33,24684.9,24684.9,75,24688.55,200,25,253475
NIFTY-III.NFO,12/07/2024,09:54:35,24684.9,24684.9,50,24688.45,125,25,253475
NIFTY-III.NFO,12/07/2024,09:54:36,24684.9,24680.05,175,24687.05,125,50,253475
NIFTY-III.NFO,12/07/2024,09:54:38,24684.9,24680.05,175,24687.05,75,0,253475
NIFTY-III.NFO,12/07/2024,09:54:40,24684.9,24681.1,100,24688.2,125,0,253475
NIFTY-III.NFO,12/07/2024,09:54:41,24684.9,24681.1,100,24688.25,125,0,253475
