Ticker,Date,Time,LTP,BuyPrice,BuyQty,SellPrice,SellQty,LTQ,OpenInterest
NIFTY-I.NFO,05/11/2024,09:15:00,24074.5,24081.85,50,24085,25,1200,11149425
NIFTY-I.NFO,05/11/2024,09:15:00,24074.5,24081.85,50,24085,25,0,11149425
NIFTY-I.NFO,05/11/2024,09:15:00,24085,24081.85,50,24085,25,0,11149425
NIFTY-I.NFO,05/11/2024,09:15:00,24050.25,24081.85,50,24085,25,0,11149425
NIFTY-I.NFO,05/11/2024,09:15:01,24081.95,24081.9,175,24085,50,1300,11149425
NIFTY-I.NFO,05/11/2024,09:15:01,24090.85,24081.9,175,24085,50,0,11149425
NIFTY-I.NFO,05/11/2024,09:15:03,24063.1,24063.15,25,24073.4,100,9300,11149425
NIFTY-I.NFO,05/11/2024,09:15:03,24095,24063.15,25,24073.4,100,0,11149425
NIFTY-I.NFO,05/11/2024,09:15:05,24060.05,24060.05,25,24061.55,25,3150,11149425
NIFTY-I.NFO,05/11/2024,09:15:06,24056.1,24056.1,25,24060,4925,6050,11149425
NIFTY-I.NFO,05/11/2024,09:15:08,24066.75,24059.25,100,24066.95,50,12225,11149425
NIFTY-I.NFO,05/11/2024,09:15:08,24049.25,24059.25,100,24066.95,50,0,11149425
NIFTY-I.NFO,05/11/2024,09:15:09,24068.5,24068.5,75,24075.6,100,3000,11149425
NIFTY-I.NFO,05/11/2024,09:15:11,24075.85,24075.45,25,24082.05,100,2500,11149425
NIFTY-I.NFO,05/11/2024,09:15:13,24080.1,24080.5,50,24084,75,1400,11149425
NIFTY-I.NFO,05/11/2024,09:15:14,24082,24082,525,24086,25,2825,11149425
NIFTY-I.NFO,05/11/2024,09:15:16,24085,24085,375,24088.7,100,1675,11149425
NIFTY-I.NFO,05/11/2024,09:15:18,24092.9,24089.9,25,24093.6,250,2775,11149425
NIFTY-I.NFO,05/11/2024,09:15:19,24092.8,24092.8,25,24095.7,75,400,11149425
NIFTY-I.NFO,05/11/2024,09:15:21,24092.8,24092.8,650,24098,100,2000,11149425
NIFTY-I.NFO,05/11/2024,09:15:21,24098,24092.8,650,24098,100,0,11149425
NIFTY-I.NFO,05/11/2024,09:15:22,24093,24093,525,24096.85,25,6400,11149425
NIFTY-I.NFO,05/11/2024,09:15:24,24095,24092.7,75,24095,125,4350,11149425
NIFTY-I.NFO,05/11/2024,09:15:26,24098.55,24097,75,24098.6,100,3275,11149425
NIFTY-I.NFO,05/11/2024,09:15:26,24099,24097,75,24098.6,100,0,11149425
NIFTY-I.NFO,05/11/2024,09:15:27,24095.1,24095.05,100,24100.2,25,3200,11149425
NIFTY-I.NFO,05/11/2024,09:15:27,24102.1,24095.05,100,24100.2,25,0,11149425
NIFTY-I.NFO,05/11/2024,09:15:29,24092.1,24092.1,475,24093.1,25,2950,11149425
NIFTY-I.NFO,05/11/2024,09:15:31,24087.2,24078.45,100,24084.4,125,7425,11149425
NIFTY-I.NFO,05/11/2024,09:15:32,24074.45,24070.35,125,24074.35,25,4300,11149425
NIFTY-I.NFO,05/11/2024,09:15:34,24074.5,24073.6,50,24074.5,75,1900,11149425
NIFTY-I.NFO,05/11/2024,09:15:36,24074.55,24074.15,200,24077.95,50,3350,11149425
NIFTY-I.NFO,05/11/2024,09:15:37,24072.6,24073.2,25,24076.75,100,3050,11149425
NIFTY-I.NFO,05/11/2024,09:15:39,24072.55,24072.05,25,24073.95,75,2025,11149425
NIFTY-I.NFO,05/11/2024,09:15:41,24061.6,24060.55,125,24061.05,100,10125,11149425
NIFTY-I.NFO,05/11/2024,09:15:42,24060.65,24058.15,125,24060.7,25,6525,11149425
NIFTY-I.NFO,05/11/2024,09:15:44,24056.55,24056.55,25,24058.85,75,5075,11149425
NIFTY-I.NFO,05/11/2024,09:15:45,24060.55,24055.25,250,24060.45,25,4700,11156825
NIFTY-I.NFO,05/11/2024,09:15:47,24057.7,24057.5,25,24059.7,125,1875,11156825
NIFTY-I.NFO,05/11/2024,09:15:49,24058.2,24057.55,25,24060.25,250,1075,11156825
NIFTY-I.NFO,05/11/2024,09:15:50,24056.95,24057.05,50,24057.65,25,3650,11156825
NIFTY-I.NFO,05/11/2024,09:15:52,24056.55,24057.05,25,24057.75,50,3500,11156825
NIFTY-I.NFO,05/11/2024,09:15:54,24057.05,24057.05,25,24057.15,25,1600,11156825
NIFTY-I.NFO,05/11/2024,09:15:55,24056,24055,325,24056,250,2725,11156825
NIFTY-I.NFO,05/11/2024,09:15:57,24060.2,24060.2,1525,24063.2,175,3825,11156825
NIFTY-I.NFO,05/11/2024,09:15:59,24066.85,24066.35,125,24070.8,75,2000,11156825
NIFTY-I.NFO,05/11/2024,09:16:00,24067.75,24067.7,250,24069.6,100,900,11156825
NIFTY-I.NFO,05/11/2024,09:16:02,24076.3,24072.85,25,24076.3,25,2300,11156825
NIFTY-I.NFO,05/11/2024,09:16:04,24084.5,24079.8,300,24084.5,25,1225,11156825
NIFTY-I.NFO,05/11/2024,09:16:05,24079.8,24077.15,125,24082.4,25,1650,11156825
NIFTY-I.NFO,05/11/2024,09:16:07,24083.2,24079.75,200,24083.2,25,250,11156825
NIFTY-I.NFO,05/11/2024,09:16:09,24081.95,24080.2,1550,24083.15,25,1975,11156825
NIFTY-I.NFO,05/11/2024,09:16:10,24072.45,24075,1000,24077.05,25,1875,11156825
NIFTY-I.NFO,05/11/2024,09:16:12,24081.9,24079.05,25,24081.9,25,1275,11156825
NIFTY-I.NFO,05/11/2024,09:16:14,24084.95,24082.7,275,24084.95,25,2350,11156825
NIFTY-I.NFO,05/11/2024,09:16:15,24083.65,24083.65,50,24087.2,25,2800,11156825
NIFTY-I.NFO,05/11/2024,09:16:17,24092.95,24088.5,25,24092.9,25,850,11156825
NIFTY-I.NFO,05/11/2024,09:16:19,24086.6,24086.9,250,24090.7,25,2625,11156825
NIFTY-I.NFO,05/11/2024,09:16:20,24085.15,24086.05,25,24089.45,75,1050,11156825
NIFTY-I.NFO,05/11/2024,09:16:22,24086.05,24085.55,250,24088.95,25,600,11156825
NIFTY-I.NFO,05/11/2024,09:16:24,24087.9,24088.5,75,24092.95,25,525,11156825
NIFTY-I.NFO,05/11/2024,09:16:25,24090.3,24090.7,25,24094.95,25,1525,11156825
NIFTY-I.NFO,05/11/2024,09:16:27,24098.4,24094.7,25,24098,25,1300,11156825
NIFTY-I.NFO,05/11/2024,09:16:29,24093.75,24093.85,75,24096.9,25,525,11156825
NIFTY-I.NFO,05/11/2024,09:16:30,24102.05,24103.8,25,24104.95,25,8750,11156825
NIFTY-I.NFO,05/11/2024,09:16:32,24108,24103.85,125,24107.95,175,1350,11156825
NIFTY-I.NFO,05/11/2024,09:16:32,24108,24103.85,125,24107.95,175,0,11156825
NIFTY-I.NFO,05/11/2024,09:16:34,24105.25,24103.85,75,24105.25,100,1325,11156825
NIFTY-I.NFO,05/11/2024,09:16:34,24109,24103.85,75,24105.25,100,0,11156825
NIFTY-I.NFO,05/11/2024,09:16:35,24105.2,24105.6,175,24107.9,25,2575,11156825
NIFTY-I.NFO,05/11/2024,09:16:35,24111.15,24105.6,175,24107.9,25,0,11156825
NIFTY-I.NFO,05/11/2024,09:16:37,24115,24110.75,100,24116.95,50,1000,11156825
NIFTY-I.NFO,05/11/2024,09:16:37,24115,24110.75,100,24116.95,50,0,11156825
NIFTY-I.NFO,05/11/2024,09:16:38,24112.45,24116.95,250,24118,50,1325,11156825
NIFTY-I.NFO,05/11/2024,09:16:38,24117.9,24116.95,250,24118,50,0,11156825
NIFTY-I.NFO,05/11/2024,09:16:40,24120,24116.95,350,24120,2375,1375,11156825
NIFTY-I.NFO,05/11/2024,09:16:40,24120,24116.95,350,24120,2375,0,11156825
NIFTY-I.NFO,05/11/2024,09:16:42,24116.95,24116.95,350,24120,1500,1150,11156825
NIFTY-I.NFO,05/11/2024,09:16:43,24118.5,24118.5,100,24119,50,2875,11156825
NIFTY-I.NFO,05/11/2024,09:16:43,24122,24118.5,100,24119,50,0,11156825
NIFTY-I.NFO,05/11/2024,09:16:45,24121.4,24117,100,24121.4,375,1750,11156825
NIFTY-I.NFO,05/11/2024,09:16:45,24123.55,24117,100,24121.4,375,0,11156825
NIFTY-I.NFO,05/11/2024,09:16:47,24120,24117,375,24120,250,275,11156825
NIFTY-I.NFO,05/11/2024,09:16:48,24117,24117,400,24118.75,250,825,11156825
NIFTY-I.NFO,05/11/2024,09:16:50,24119,24118.5,25,24118.85,25,1475,11156825
NIFTY-I.NFO,05/11/2024,09:16:52,24118.6,24115,1600,24118.55,25,2500,11156825
NIFTY-I.NFO,05/11/2024,09:16:52,24124.25,24115,1600,24118.55,25,0,11156825
NIFTY-I.NFO,05/11/2024,09:16:53,24118.2,24115,1550,24118.75,25,525,11156825
NIFTY-I.NFO,05/11/2024,09:16:55,24116.55,24115.1,25,24116.45,25,525,11156825
NIFTY-I.NFO,05/11/2024,09:16:57,24110.9,24111.2,25,24114.55,25,2550,11156825
NIFTY-I.NFO,05/11/2024,09:16:58,24108.4,24108.4,25,24113.05,25,7125,11156825
NIFTY-I.NFO,05/11/2024,09:17:00,24116.25,24112.55,100,24116.5,25,1075,11156825
NIFTY-I.NFO,05/11/2024,09:17:02,24125,24118.15,125,24123.95,50,1725,11156825
NIFTY-I.NFO,05/11/2024,09:17:02,24125,24118.15,125,24123.95,50,0,11156825
NIFTY-I.NFO,05/11/2024,09:17:03,24117.2,24117.15,25,24122.85,100,725,11156825
NIFTY-I.NFO,05/11/2024,09:17:05,24124.95,24120,50,24122.95,75,625,11156825
NIFTY-I.NFO,05/11/2024,09:17:07,24118,24113.65,25,24119.4,25,1075,11156825
NIFTY-I.NFO,05/11/2024,09:17:08,24118.5,24113.65,175,24118.45,25,1550,11156825
NIFTY-I.NFO,05/11/2024,09:17:10,24111.2,24112.2,25,24116.95,25,1125,11156825
NIFTY-I.NFO,05/11/2024,09:17:12,24115.05,24111.1,25,24115.9,475,525,11156825
NIFTY-I.NFO,05/11/2024,09:17:13,24109.95,24112.45,25,24113.85,25,2025,11156825
NIFTY-I.NFO,05/11/2024,09:17:15,24114.75,24114.65,75,24114.75,25,3475,11156825
NIFTY-I.NFO,05/11/2024,09:17:16,24115.65,24115.55,25,24117.95,25,2375,11156825
NIFTY-I.NFO,05/11/2024,09:17:18,24117.95,24114,100,24117.75,25,325,11156825
NIFTY-I.NFO,05/11/2024,09:17:20,24120.25,24118.5,25,24120.25,25,1300,11156825
NIFTY-I.NFO,05/11/2024,09:17:21,24120.5,24119.1,100,24122.6,25,375,11156825
NIFTY-I.NFO,05/11/2024,09:17:23,24119.1,24118.4,25,24119,25,400,11156825
NIFTY-I.NFO,05/11/2024,09:17:25,24120.85,24119.3,125,24122.9,375,1400,11156825
NIFTY-I.NFO,05/11/2024,09:17:27,24117.25,24116.05,25,24119.95,350,375,11156825
NIFTY-I.NFO,05/11/2024,09:17:28,24120.25,24119.3,125,24122.4,375,1425,11156825
NIFTY-I.NFO,05/11/2024,09:17:30,24120.5,24122,25,24125,25,4750,11156825
NIFTY-I.NFO,05/11/2024,09:17:32,24128.95,24126,75,24128.95,100,600,11156825
NIFTY-I.NFO,05/11/2024,09:17:32,24128.95,24126,75,24128.95,100,0,11156825
NIFTY-I.NFO,05/11/2024,09:17:33,24127,24127,75,24127.95,25,750,11156825
NIFTY-I.NFO,05/11/2024,09:17:33,24129,24127,75,24127.95,25,0,11156825
NIFTY-I.NFO,05/11/2024,09:17:35,24126.55,24126.55,25,24129.95,25,925,11156825
NIFTY-I.NFO,05/11/2024,09:17:35,24129.95,24126.55,25,24129.95,25,0,11156825
NIFTY-I.NFO,05/11/2024,09:17:37,24128.6,24127.4,25,24128.65,25,1275,11156825
NIFTY-I.NFO,05/11/2024,09:17:37,24130,24127.4,25,24128.65,25,0,11156825
NIFTY-I.NFO,05/11/2024,09:17:38,24132.6,24132.85,25,24137.1,350,5075,11156825
NIFTY-I.NFO,05/11/2024,09:17:38,24138,24132.85,25,24137.1,350,0,11156825
NIFTY-I.NFO,05/11/2024,09:17:40,24135.7,24133.05,25,24135.85,25,750,11156825
NIFTY-I.NFO,05/11/2024,09:17:42,24135.75,24132.05,25,24135.75,25,500,11156825
NIFTY-I.NFO,05/11/2024,09:17:43,24135.9,24132.4,25,24135.9,25,1800,11156825
NIFTY-I.NFO,05/11/2024,09:17:43,24139.4,24132.4,25,24135.9,25,0,11156825
NIFTY-I.NFO,05/11/2024,09:17:45,24133.2,24132,100,24132.75,25,2250,11156825
NIFTY-I.NFO,05/11/2024,09:17:47,24130,24130,150,24133.6,25,1975,11156825
NIFTY-I.NFO,05/11/2024,09:17:48,24132,24130.15,25,24132,25,575,11156825
NIFTY-I.NFO,05/11/2024,09:17:50,24135.75,24135,8100,24135.9,25,1525,11156825
NIFTY-I.NFO,05/11/2024,09:17:52,24135.9,24135.05,175,24135.75,25,375,11156825
NIFTY-I.NFO,05/11/2024,09:17:53,24135.1,24135.1,275,24135.65,25,275,11156825
NIFTY-I.NFO,05/11/2024,09:17:55,24135.7,24135.15,175,24135.65,50,3125,11156825
NIFTY-I.NFO,05/11/2024,09:17:57,24135,24135,5750,24137.45,100,875,11156825
NIFTY-I.NFO,05/11/2024,09:17:58,24135,24135,4650,24135.15,25,1575,11156825
NIFTY-I.NFO,05/11/2024,09:18:00,24137.65,24135,4025,24137.65,25,1375,11156825
NIFTY-I.NFO,05/11/2024,09:18:02,24138,24135.05,50,24138,50,1125,11156825
NIFTY-I.NFO,05/11/2024,09:18:03,24135.05,24136,25,24137.65,25,175,11156825
NIFTY-I.NFO,05/11/2024,09:18:05,24134.4,24132,100,24134.35,125,9075,11156825
NIFTY-I.NFO,05/11/2024,09:18:07,24130,24130,300,24133,75,1450,11156825
NIFTY-I.NFO,05/11/2024,09:18:08,24133.15,24130.85,25,24134.95,375,250,11156825
NIFTY-I.NFO,05/11/2024,09:18:10,24132.7,24132.05,25,24132.7,900,1875,11156825
NIFTY-I.NFO,05/11/2024,09:18:12,24135.25,24135,25,24135.65,25,2075,11156825
NIFTY-I.NFO,05/11/2024,09:18:13,24132.7,24132.55,25,24134.95,75,625,11156825
NIFTY-I.NFO,05/11/2024,09:18:15,24132,24132.05,25,24134.1,25,175,11156825
NIFTY-I.NFO,05/11/2024,09:18:17,24130.9,24130.9,200,24131.7,25,675,11156825
NIFTY-I.NFO,05/11/2024,09:18:18,24130,24130,525,24132.6,25,950,11156825
NIFTY-I.NFO,05/11/2024,09:18:20,24128,24128.95,25,24129.95,25,1225,11156825
NIFTY-I.NFO,05/11/2024,09:18:22,24128.15,24128.05,25,24128.9,25,1100,11156825
NIFTY-I.NFO,05/11/2024,09:18:23,24123.55,24123.55,25,24124.8,150,5425,11156825
NIFTY-I.NFO,05/11/2024,09:18:25,24118.75,24118.75,50,24118.95,25,1100,11156825
NIFTY-I.NFO,05/11/2024,09:18:27,24118.15,24117.95,125,24118.15,25,1750,11156825
NIFTY-I.NFO,05/11/2024,09:18:28,24121.65,24121.65,75,24125,50,1550,11156825
NIFTY-I.NFO,05/11/2024,09:18:30,24121.65,24121.65,25,24124,50,325,11156825
NIFTY-I.NFO,05/11/2024,09:18:32,24120.5,24116.45,25,24118.15,75,450,11156825
NIFTY-I.NFO,05/11/2024,09:18:33,24122.4,24120,500,24122.3,500,425,11156825
NIFTY-I.NFO,05/11/2024,09:18:35,24120.5,24120,450,24121.5,75,175,11156825
NIFTY-I.NFO,05/11/2024,09:18:37,24120,24120,400,24120.45,50,500,11156825
NIFTY-I.NFO,05/11/2024,09:18:38,24120.15,24120,125,24120.45,100,475,11156825
NIFTY-I.NFO,05/11/2024,09:18:40,24120.7,24122.6,75,24123.5,100,725,11156825
NIFTY-I.NFO,05/11/2024,09:18:42,24125.85,24123.45,25,24127.65,100,1500,11156825
NIFTY-I.NFO,05/11/2024,09:18:43,24123.45,24122.25,100,24124.8,100,1075,11156825
NIFTY-I.NFO,05/11/2024,09:18:45,24118,24118,25,24120.95,25,375,11156825
NIFTY-I.NFO,05/11/2024,09:18:47,24123.05,24123.35,75,24123.7,25,775,11170875
NIFTY-I.NFO,05/11/2024,09:18:48,24123.6,24123.7,25,24124.4,25,350,11170875
NIFTY-I.NFO,05/11/2024,09:18:50,24123.5,24123.7,100,24124.35,25,450,11170875
NIFTY-I.NFO,05/11/2024,09:18:52,24118.7,24118.7,50,24120.25,25,1350,11170875
NIFTY-I.NFO,05/11/2024,09:18:53,24121.65,24121.75,50,24122.95,25,1125,11170875
NIFTY-I.NFO,05/11/2024,09:18:55,24118.15,24118.05,125,24121.1,25,325,11170875
NIFTY-I.NFO,05/11/2024,09:18:57,24125.25,24122.9,25,24128.8,25,5000,11170875
NIFTY-I.NFO,05/11/2024,09:18:58,24124.3,24124.3,75,24124.6,25,675,11170875
NIFTY-I.NFO,05/11/2024,09:19:00,24124.85,24124.85,100,24127.3,25,275,11170875
NIFTY-I.NFO,05/11/2024,09:19:02,24124.85,24124.85,25,24127.35,25,1650,11170875
NIFTY-I.NFO,05/11/2024,09:19:03,24131.65,24131.8,25,24131.95,100,1625,11170875
NIFTY-I.NFO,05/11/2024,09:19:05,24130.5,24130.5,25,24131.4,25,775,11170875
NIFTY-I.NFO,05/11/2024,09:19:07,24129.95,24129.55,75,24131.15,100,1350,11170875
NIFTY-I.NFO,05/11/2024,09:19:08,24131.35,24131.15,500,24131.4,100,1275,11170875
NIFTY-I.NFO,05/11/2024,09:19:10,24133.5,24132.3,250,24133.65,75,1500,11170875
NIFTY-I.NFO,05/11/2024,09:19:12,24134.95,24134.65,50,24135,750,1575,11170875
NIFTY-I.NFO,05/11/2024,09:19:13,24135.4,24134.9,50,24137,50,1150,11170875
NIFTY-I.NFO,05/11/2024,09:19:15,24135,24135,100,24135.25,150,500,11170875
NIFTY-I.NFO,05/11/2024,09:19:16,24136.55,24135,100,24136.4,25,1125,11170875
NIFTY-I.NFO,05/11/2024,09:19:18,24136.6,24136.45,25,24136.6,50,650,11170875
NIFTY-I.NFO,05/11/2024,09:19:20,24143.95,24142.95,75,24145,325,5500,11170875
NIFTY-I.NFO,05/11/2024,09:19:20,24144.95,24142.95,75,24145,325,0,11170875
NIFTY-I.NFO,05/11/2024,09:19:21,24149.7,24146.75,25,24149.7,25,2025,11170875
NIFTY-I.NFO,05/11/2024,09:19:21,24149.95,24146.75,25,24149.7,25,0,11170875
NIFTY-I.NFO,05/11/2024,09:19:23,24148.25,24149.7,25,24149.95,25,900,11170875
NIFTY-I.NFO,05/11/2024,09:19:23,24150,24149.7,25,24149.95,25,0,11170875
NIFTY-I.NFO,05/11/2024,09:19:25,24146.75,24146.75,700,24149.8,50,1150,11170875
NIFTY-I.NFO,05/11/2024,09:19:26,24154.95,24153.1,25,24155,1075,13100,11170875
NIFTY-I.NFO,05/11/2024,09:19:26,24155,24153.1,25,24155,1075,0,11170875
NIFTY-I.NFO,05/11/2024,09:19:28,24155.35,24155.05,75,24155.3,25,1750,11170875
NIFTY-I.NFO,05/11/2024,09:19:28,24155.35,24155.05,75,24155.3,25,0,11170875
NIFTY-I.NFO,05/11/2024,09:19:30,24152.65,24150,50,24153.05,1050,1575,11170875
NIFTY-I.NFO,05/11/2024,09:19:32,24148.25,24148.25,25,24151.1,375,5800,11170875
NIFTY-I.NFO,05/11/2024,09:19:33,24148.25,24148.25,325,24149.2,25,875,11170875
NIFTY-I.NFO,05/11/2024,09:19:35,24149.95,24149.6,25,24151.95,125,1650,11170875
NIFTY-I.NFO,05/11/2024,09:19:37,24150,24150,250,24152.7,25,3875,11170875
NIFTY-I.NFO,05/11/2024,09:19:38,24151.45,24151.85,450,24154.35,25,475,11170875
NIFTY-I.NFO,05/11/2024,09:19:40,24154.3,24150.55,75,24154.35,25,425,11170875
NIFTY-I.NFO,05/11/2024,09:19:42,24151.65,24151.95,25,24154.6,25,625,11170875
NIFTY-I.NFO,05/11/2024,09:19:43,24151.8,24151.8,975,24155.05,25,2650,11170875
NIFTY-I.NFO,05/11/2024,09:19:43,24156.9,24151.8,975,24155.05,25,0,11170875
NIFTY-I.NFO,05/11/2024,09:19:45,24154.6,24152.8,25,24154.6,25,875,11170875
NIFTY-I.NFO,05/11/2024,09:19:47,24152.9,24152.85,200,24154.75,25,425,11170875
NIFTY-I.NFO,05/11/2024,09:19:48,24152.9,24152.05,25,24153.15,25,625,11170875
NIFTY-I.NFO,05/11/2024,09:19:50,24151.8,24151.8,575,24152,25,625,11170875
NIFTY-I.NFO,05/11/2024,09:19:52,24155.5,24152.3,725,24155.5,25,3175,11170875
NIFTY-I.NFO,05/11/2024,09:19:52,24158.95,24152.3,725,24155.5,25,0,11170875
NIFTY-I.NFO,05/11/2024,09:19:53,24155.05,24154,25,24157.05,25,1400,11170875
NIFTY-I.NFO,05/11/2024,09:19:55,24154,24154,25,24154.85,25,700,11170875
NIFTY-I.NFO,05/11/2024,09:19:57,24159,24155.85,100,24159,1075,3925,11170875
NIFTY-I.NFO,05/11/2024,09:19:57,24159,24155.85,100,24159,1075,0,11170875
NIFTY-I.NFO,05/11/2024,09:19:58,24156.35,24157.15,25,24159,600,950,11170875
NIFTY-I.NFO,05/11/2024,09:20:00,24155.85,24155.85,550,24157.75,25,3800,11170875
NIFTY-I.NFO,05/11/2024,09:20:00,24160,24155.85,550,24157.75,25,0,11170875
NIFTY-I.NFO,05/11/2024,09:20:02,24151.4,24148.1,50,24153.55,125,37400,11170875
NIFTY-I.NFO,05/11/2024,09:20:03,24149.5,24148.15,25,24148.6,25,425,11170875
NIFTY-I.NFO,05/11/2024,09:20:05,24150,24150.6,450,24152.45,25,325,11170875
NIFTY-I.NFO,05/11/2024,09:20:07,24153.5,24153.4,25,24154.9,25,1050,11170875
NIFTY-I.NFO,05/11/2024,09:20:08,24154.95,24154.65,75,24154.85,25,750,11170875
NIFTY-I.NFO,05/11/2024,09:20:10,24152.95,24152.15,25,24153.1,25,1750,11170875
NIFTY-I.NFO,05/11/2024,09:20:12,24152.1,24150.1,300,24151.1,25,950,11170875
NIFTY-I.NFO,05/11/2024,09:20:13,24146.3,24146.35,125,24147.75,25,4550,11170875
NIFTY-I.NFO,05/11/2024,09:20:15,24148.05,24144.7,75,24147.65,25,625,11170875
NIFTY-I.NFO,05/11/2024,09:20:17,24147.4,24148.9,25,24149.85,25,1750,11170875
NIFTY-I.NFO,05/11/2024,09:20:18,24146.9,24146.9,25,24149.15,25,1550,11170875
NIFTY-I.NFO,05/11/2024,09:20:20,24146.25,24145.9,25,24146.3,25,525,11170875
NIFTY-I.NFO,05/11/2024,09:20:22,24146.2,24146.2,25,24148.2,25,825,11170875
NIFTY-I.NFO,05/11/2024,09:20:23,24137.2,24136.9,25,24140.35,100,1475,11170875
NIFTY-I.NFO,05/11/2024,09:20:25,24137,24137,25,24139.7,75,225,11170875
NIFTY-I.NFO,05/11/2024,09:20:27,24135.1,24135.15,25,24137.65,150,425,11170875
NIFTY-I.NFO,05/11/2024,09:20:28,24135.1,24135.1,425,24136.45,75,650,11170875
NIFTY-I.NFO,05/11/2024,09:20:30,24135.05,24135,25,24135.05,25,2150,11170875
NIFTY-I.NFO,05/11/2024,09:20:32,24133.05,24132.65,25,24135,225,1075,11170875
NIFTY-I.NFO,05/11/2024,09:20:33,24135.05,24132.4,50,24135.3,325,1925,11170875
NIFTY-I.NFO,05/11/2024,09:20:35,24131.05,24131,25,24133.8,50,525,11170875
NIFTY-I.NFO,05/11/2024,09:20:37,24132.05,24132.05,25,24133.25,25,650,11170875
NIFTY-I.NFO,05/11/2024,09:20:38,24131.7,24131.7,1450,24134.65,25,300,11170875
NIFTY-I.NFO,05/11/2024,09:20:40,24130,24130,275,24131.45,75,2175,11170875
NIFTY-I.NFO,05/11/2024,09:20:42,24133.25,24133.25,350,24134.3,125,625,11170875
NIFTY-I.NFO,05/11/2024,09:20:43,24130,24130,50,24132.9,100,550,11170875
NIFTY-I.NFO,05/11/2024,09:20:45,24130,24130,100,24132.55,375,725,11170875
NIFTY-I.NFO,05/11/2024,09:20:47,24127.85,24130,125,24130.95,225,1000,11170875
NIFTY-I.NFO,05/11/2024,09:20:48,24128.6,24128.3,25,24129.85,100,2275,11170875
NIFTY-I.NFO,05/11/2024,09:20:50,24131,24128.3,500,24130.95,25,1650,11170875
NIFTY-I.NFO,05/11/2024,09:20:52,24131.55,24130.55,150,24133.2,100,725,11170875
NIFTY-I.NFO,05/11/2024,09:20:53,24130.55,24130.55,100,24132.85,100,1525,11170875
NIFTY-I.NFO,05/11/2024,09:20:55,24127.7,24128.05,125,24130.7,250,1025,11170875
NIFTY-I.NFO,05/11/2024,09:20:57,24127.3,24127.75,125,24128.2,25,375,11170875
NIFTY-I.NFO,05/11/2024,09:20:58,24124.9,24124.8,50,24127,25,375,11170875
NIFTY-I.NFO,05/11/2024,09:21:00,24124.8,24124.8,200,24127.45,100,575,11170875
NIFTY-I.NFO,05/11/2024,09:21:02,24129.65,24128.65,25,24129.45,75,1900,11170875
NIFTY-I.NFO,05/11/2024,09:21:03,24130.6,24130.7,25,24130.85,25,775,11170875
NIFTY-I.NFO,05/11/2024,09:21:05,24130.7,24130.25,25,24131,25,675,11170875
NIFTY-I.NFO,05/11/2024,09:21:07,24127.95,24127.95,50,24130.7,475,1850,11170875
NIFTY-I.NFO,05/11/2024,09:21:08,24128.85,24128.3,25,24130.65,125,2400,11170875
NIFTY-I.NFO,05/11/2024,09:21:10,24127.15,24127.15,225,24128.3,25,500,11170875
NIFTY-I.NFO,05/11/2024,09:21:12,24129.25,24129.25,25,24129.95,50,775,11170875
NIFTY-I.NFO,05/11/2024,09:21:13,24129.8,24130.1,1675,24132.9,100,650,11170875
NIFTY-I.NFO,05/11/2024,09:21:15,24130.75,24130.2,75,24132,125,225,11170875
NIFTY-I.NFO,05/11/2024,09:21:17,24134,24130.2,25,24133.05,375,1850,11170875
NIFTY-I.NFO,05/11/2024,09:21:18,24130.2,24130.2,725,24130.9,25,300,11170875
NIFTY-I.NFO,05/11/2024,09:21:20,24130.35,24130.4,50,24131.6,100,725,11170875
NIFTY-I.NFO,05/11/2024,09:21:22,24131.85,24130.3,1400,24131.85,75,550,11170875
NIFTY-I.NFO,05/11/2024,09:21:23,24130.7,24130.7,75,24131.85,75,500,11170875
NIFTY-I.NFO,05/11/2024,09:21:25,24133.45,24131.05,25,24133.45,75,775,11170875
NIFTY-I.NFO,05/11/2024,09:21:27,24130.7,24130.7,450,24131.25,25,1450,11170875
NIFTY-I.NFO,05/11/2024,09:21:28,24125.5,24125.5,325,24125.55,50,5950,11170875
NIFTY-I.NFO,05/11/2024,09:21:30,24115.9,24115.9,175,24116.85,75,11100,11170875
NIFTY-I.NFO,05/11/2024,09:21:32,24117.1,24114.75,25,24117.1,375,1175,11170875
NIFTY-I.NFO,05/11/2024,09:21:33,24114.75,24114.75,50,24117.75,400,625,11170875
NIFTY-I.NFO,05/11/2024,09:21:35,24115.8,24116.95,100,24117.15,100,450,11170875
NIFTY-I.NFO,05/11/2024,09:21:37,24116.8,24116.3,125,24119.15,25,1050,11170875
NIFTY-I.NFO,05/11/2024,09:21:38,24116.35,24116.35,75,24118.8,100,725,11170875
NIFTY-I.NFO,05/11/2024,09:21:40,24112.8,24112.8,50,24114.95,50,4325,11170875
NIFTY-I.NFO,05/11/2024,09:21:42,24112.8,24112.8,75,24114.05,75,750,11170875
NIFTY-I.NFO,05/11/2024,09:21:43,24113.3,24113.3,125,24115.3,100,975,11170875
NIFTY-I.NFO,05/11/2024,09:21:45,24111.6,24111.7,75,24113.7,25,650,11170875
NIFTY-I.NFO,05/11/2024,09:21:47,24112.65,24112.65,200,24114.7,25,1125,11214825
NIFTY-I.NFO,05/11/2024,09:21:48,24114.7,24112.65,125,24114.55,25,275,11214825
NIFTY-I.NFO,05/11/2024,09:21:50,24112.75,24112.7,125,24114.65,25,375,11214825
NIFTY-I.NFO,05/11/2024,09:21:52,24114.5,24114.5,150,24114.95,25,650,11214825
NIFTY-I.NFO,05/11/2024,09:21:53,24119.95,24117.6,100,24120.6,100,1100,11214825
NIFTY-I.NFO,05/11/2024,09:21:55,24123.6,24123.55,250,24123.6,25,475,11214825
NIFTY-I.NFO,05/11/2024,09:21:57,24123.55,24123.55,1050,24123.6,25,2375,11214825
NIFTY-I.NFO,05/11/2024,09:21:58,24123.55,24121.55,100,24123.5,25,1350,11214825
NIFTY-I.NFO,05/11/2024,09:22:00,24122.5,24121,150,24122.55,25,450,11214825
NIFTY-I.NFO,05/11/2024,09:22:02,24122.85,24121.6,125,24123.35,50,550,11214825
NIFTY-I.NFO,05/11/2024,09:22:03,24121.75,24121.65,150,24123.15,100,650,11214825
NIFTY-I.NFO,05/11/2024,09:22:05,24123.4,24122.1,25,24123.55,50,1000,11214825
NIFTY-I.NFO,05/11/2024,09:22:07,24124.85,24124.2,75,24124.85,25,1050,11214825
NIFTY-I.NFO,05/11/2024,09:22:08,24124.2,24124.2,725,24124.4,100,925,11214825
NIFTY-I.NFO,05/11/2024,09:22:10,24124.25,24123.15,125,24124.45,50,2050,11214825
NIFTY-I.NFO,05/11/2024,09:22:12,24123.55,24123.15,100,24123.55,25,200,11214825
NIFTY-I.NFO,05/11/2024,09:22:13,24124.6,24124.5,425,24124.85,50,625,11214825
NIFTY-I.NFO,05/11/2024,09:22:15,24124.55,24124.55,150,24127,100,2650,11214825
NIFTY-I.NFO,05/11/2024,09:22:17,24126.65,24126.65,25,24127.25,75,500,11214825
NIFTY-I.NFO,05/11/2024,09:22:18,24128.7,24129.5,200,24129.6,100,800,11214825
NIFTY-I.NFO,05/11/2024,09:22:20,24129.5,24129.5,2525,24131.3,25,1250,11214825
NIFTY-I.NFO,05/11/2024,09:22:22,24127.2,24125,600,24127.15,25,3300,11214825
NIFTY-I.NFO,05/11/2024,09:22:23,24123,24122,325,24124.55,25,1250,11214825
NIFTY-I.NFO,05/11/2024,09:22:25,24127.7,24122.05,150,24123.55,25,5550,11214825
NIFTY-I.NFO,05/11/2024,09:22:27,24127.4,24127,100,24129.5,25,600,11214825
NIFTY-I.NFO,05/11/2024,09:22:28,24128,24128,200,24128.9,25,200,11214825
NIFTY-I.NFO,05/11/2024,09:22:30,24127.35,24127.35,25,24127.9,100,900,11214825
NIFTY-I.NFO,05/11/2024,09:22:32,24127.35,24127.35,1000,24127.75,25,350,11214825
NIFTY-I.NFO,05/11/2024,09:22:33,24127.35,24127.4,125,24127.95,100,775,11214825
NIFTY-I.NFO,05/11/2024,09:22:35,24124.5,24124.5,175,24125.45,25,2125,11214825
NIFTY-I.NFO,05/11/2024,09:22:37,24124.55,24124.55,25,24124.6,100,525,11214825
NIFTY-I.NFO,05/11/2024,09:22:38,24123.15,24123.1,225,24123.85,100,425,11214825
NIFTY-I.NFO,05/11/2024,09:22:40,24126.05,24126.25,250,24126.8,125,625,11214825
NIFTY-I.NFO,05/11/2024,09:22:42,24126.05,24126.05,1575,24126.45,75,950,11214825
NIFTY-I.NFO,05/11/2024,09:22:43,24125.2,24123,25,24125.1,375,1950,11214825
NIFTY-I.NFO,05/11/2024,09:22:45,24122.75,24122.2,225,24123,50,300,11214825
NIFTY-I.NFO,05/11/2024,09:22:47,24123,24123,25,24123.2,50,450,11214825
NIFTY-I.NFO,05/11/2024,09:22:48,24125.7,24124,25,24125.7,75,425,11214825
NIFTY-I.NFO,05/11/2024,09:22:50,24125,24125,1175,24125.1,25,775,11214825
NIFTY-I.NFO,05/11/2024,09:22:52,24125,24125,325,24125.05,25,1025,11214825
NIFTY-I.NFO,05/11/2024,09:22:53,24125.05,24125.05,125,24125.1,50,875,11214825
NIFTY-I.NFO,05/11/2024,09:22:55,24125.05,24125.2,25,24126.45,100,1975,11214825
NIFTY-I.NFO,05/11/2024,09:22:57,24125.7,24125.95,175,24126.9,100,850,11214825
NIFTY-I.NFO,05/11/2024,09:22:58,24126.1,24125.75,100,24126.95,50,225,11214825
NIFTY-I.NFO,05/11/2024,09:23:00,24125,24125,1725,24126.7,100,1775,11214825
NIFTY-I.NFO,05/11/2024,09:23:02,24125,24125,1200,24125.05,100,450,11214825
NIFTY-I.NFO,05/11/2024,09:23:03,24124.85,24124.45,675,24124.9,25,1325,11214825
NIFTY-I.NFO,05/11/2024,09:23:05,24114.9,24114.9,125,24116.95,25,3375,11214825
NIFTY-I.NFO,05/11/2024,09:23:07,24116.3,24116.35,125,24116.55,25,475,11214825
NIFTY-I.NFO,05/11/2024,09:23:08,24118,24119.3,100,24119.95,125,675,11214825
NIFTY-I.NFO,05/11/2024,09:23:10,24119.3,24119.3,175,24121.2,100,375,11214825
NIFTY-I.NFO,05/11/2024,09:23:12,24119.9,24120.4,50,24121.9,100,250,11214825
NIFTY-I.NFO,05/11/2024,09:23:13,24128.7,24125.65,200,24128.8,375,1775,11214825
NIFTY-I.NFO,05/11/2024,09:23:15,24125.65,24125.65,400,24127.15,100,525,11214825
NIFTY-I.NFO,05/11/2024,09:23:17,24120.6,24120.3,25,24122.55,25,1000,11214825
NIFTY-I.NFO,05/11/2024,09:23:18,24124.65,24121.05,250,24123.8,375,300,11214825
NIFTY-I.NFO,05/11/2024,09:23:20,24121.85,24121.05,375,24123.55,100,75,11214825
NIFTY-I.NFO,05/11/2024,09:23:22,24121.9,24121.9,200,24123.5,75,250,11214825
NIFTY-I.NFO,05/11/2024,09:23:23,24123.5,24123.65,25,24124.6,75,225,11214825
NIFTY-I.NFO,05/11/2024,09:23:25,24123.65,24123.65,750,24124.6,75,300,11214825
NIFTY-I.NFO,05/11/2024,09:23:27,24124.3,24120,75,24122.6,375,1125,11214825
NIFTY-I.NFO,05/11/2024,09:23:28,24120.9,24120.7,25,24123.4,375,75,11214825
NIFTY-I.NFO,05/11/2024,09:23:30,24118.5,24118.3,100,24121.35,400,575,11214825
NIFTY-I.NFO,05/11/2024,09:23:32,24118.05,24118.1,100,24120.9,375,225,11214825
NIFTY-I.NFO,05/11/2024,09:23:33,24120.75,24118.15,200,24119.25,25,275,11214825
NIFTY-I.NFO,05/11/2024,09:23:35,24118.2,24117.25,225,24121.55,100,475,11214825
NIFTY-I.NFO,05/11/2024,09:23:37,24117.25,24117.25,125,24120.65,100,175,11214825
NIFTY-I.NFO,05/11/2024,09:23:38,24120.25,24120.25,50,24123.4,75,1300,11214825
NIFTY-I.NFO,05/11/2024,09:23:40,24120.25,24119.2,25,24119.95,25,0,11214825
NIFTY-I.NFO,05/11/2024,09:23:41,24119.95,24119.5,25,24120,50,300,11214825
NIFTY-I.NFO,05/11/2024,09:23:43,24120.25,24120,25,24120.25,25,150,11214825
NIFTY-I.NFO,05/11/2024,09:23:45,24121.85,24122.45,75,24124.3,25,250,11214825
NIFTY-I.NFO,05/11/2024,09:23:46,24122.75,24122.65,150,24124.65,775,325,11214825
NIFTY-I.NFO,05/11/2024,09:23:48,24122.75,24122.65,175,24124.65,750,75,11214825
NIFTY-I.NFO,05/11/2024,09:23:50,24122.65,24122.8,25,24124,25,150,11214825
NIFTY-I.NFO,05/11/2024,09:23:51,24122.65,24122.65,175,24123.7,100,550,11214825
NIFTY-I.NFO,05/11/2024,09:23:53,24118.15,24118.1,125,24120.25,25,1500,11214825
NIFTY-I.NFO,05/11/2024,09:23:55,24119.45,24118.45,25,24120,100,150,11214825
NIFTY-I.NFO,05/11/2024,09:23:56,24120.75,24118.45,25,24120.75,75,600,11214825
NIFTY-I.NFO,05/11/2024,09:23:58,24120.5,24120.65,125,24121.8,75,50,11214825
NIFTY-I.NFO,05/11/2024,09:24:00,24126.45,24124.8,25,24128.95,100,2800,11214825
NIFTY-I.NFO,05/11/2024,09:24:02,24128,24125.15,100,24129.3,100,1175,11214825
NIFTY-I.NFO,05/11/2024,09:24:03,24126.4,24125.45,100,24129.85,125,350,11214825
NIFTY-I.NFO,05/11/2024,09:24:05,24125.2,24125.2,50,24129,100,225,11214825
NIFTY-I.NFO,05/11/2024,09:24:07,24129.15,24125.4,100,24129.95,100,150,11214825
NIFTY-I.NFO,05/11/2024,09:24:08,24125.45,24125.45,25,24129.95,100,500,11214825
NIFTY-I.NFO,05/11/2024,09:24:10,24129.95,24125.5,100,24129.95,75,575,11214825
NIFTY-I.NFO,05/11/2024,09:24:12,24126.55,24126.1,225,24129.05,375,300,11214825
NIFTY-I.NFO,05/11/2024,09:24:13,24129.6,24126.55,125,24129.85,100,575,11214825
NIFTY-I.NFO,05/11/2024,09:24:15,24126.55,24126.55,275,24129.05,75,575,11214825
NIFTY-I.NFO,05/11/2024,09:24:16,24126.55,24126.55,200,24128.95,50,150,11214825
NIFTY-I.NFO,05/11/2024,09:24:18,24126.55,24126.55,275,24128.95,25,150,11214825
NIFTY-I.NFO,05/11/2024,09:24:20,24129.6,24129.55,125,24132.45,475,1425,11214825
NIFTY-I.NFO,05/11/2024,09:24:21,24132.95,24129.45,125,24132.95,100,100,11214825
NIFTY-I.NFO,05/11/2024,09:24:23,24129.45,24129.95,125,24133,100,175,11214825
NIFTY-I.NFO,05/11/2024,09:24:25,24130.5,24130.55,100,24135.6,100,1550,11214825
NIFTY-I.NFO,05/11/2024,09:24:26,24134.4,24131.1,450,24134,25,75,11214825
NIFTY-I.NFO,05/11/2024,09:24:28,24132.95,24132.95,250,24134,50,200,11214825
NIFTY-I.NFO,05/11/2024,09:24:30,24135.2,24136.4,125,24136.85,75,450,11214825
NIFTY-I.NFO,05/11/2024,09:24:31,24137.95,24137.55,225,24139.9,1700,675,11214825
NIFTY-I.NFO,05/11/2024,09:24:33,24138.1,24138.1,225,24139.85,25,500,11214825
NIFTY-I.NFO,05/11/2024,09:24:35,24139.9,24135.65,225,24139.85,100,3175,11214825
NIFTY-I.NFO,05/11/2024,09:24:36,24139.9,24137.8,225,24139.9,950,275,11214825
NIFTY-I.NFO,05/11/2024,09:24:38,24144,24142.4,175,24144,75,23400,11214825
NIFTY-I.NFO,05/11/2024,09:24:40,24142.4,24142.4,425,24144.45,50,300,11214825
NIFTY-I.NFO,05/11/2024,09:24:41,24138.4,24142.4,175,24143.95,50,3975,11214825
NIFTY-I.NFO,05/11/2024,09:24:43,24143.25,24142.4,100,24143.45,25,150,11214825
NIFTY-I.NFO,05/11/2024,09:24:45,24142.9,24142.4,125,24144.9,25,125,11214825
NIFTY-I.NFO,05/11/2024,09:24:46,24142.4,24140,125,24142.4,625,450,11214825
NIFTY-I.NFO,05/11/2024,09:24:48,24142.35,24140,175,24142.4,625,50,11257725
NIFTY-I.NFO,05/11/2024,09:24:50,24140.1,24140.1,1275,24141.55,100,825,11257725
NIFTY-I.NFO,05/11/2024,09:24:51,24135.8,24135.8,375,24139.2,25,1625,11257725
NIFTY-I.NFO,05/11/2024,09:24:53,24140.7,24139.3,25,24141.9,100,150,11257725
NIFTY-I.NFO,05/11/2024,09:24:55,24139.3,24139.3,425,24139.8,50,75,11257725
NIFTY-I.NFO,05/11/2024,09:24:56,24139.3,24139.3,325,24139.65,50,125,11257725
NIFTY-I.NFO,05/11/2024,09:24:58,24142,24140.9,125,24142,75,125,11257725
NIFTY-I.NFO,05/11/2024,09:25:00,24140.9,24140.9,50,24141.45,50,175,11257725
NIFTY-I.NFO,05/11/2024,09:25:01,24140.9,24140.9,25,24142.4,525,400,11257725
NIFTY-I.NFO,05/11/2024,09:25:03,24143.95,24142.8,25,24143.95,100,700,11257725
NIFTY-I.NFO,05/11/2024,09:25:05,24142.8,24141.2,125,24142.8,75,325,11257725
NIFTY-I.NFO,05/11/2024,09:25:06,24141.7,24141.65,175,24143.95,100,375,11257725
NIFTY-I.NFO,05/11/2024,09:25:08,24144,24144,150,24144.9,100,350,11257725
NIFTY-I.NFO,05/11/2024,09:25:10,24144,24142.75,25,24144,125,425,11257725
NIFTY-I.NFO,05/11/2024,09:25:11,24146.9,24144.85,50,24146.9,75,1025,11257725
NIFTY-I.NFO,05/11/2024,09:25:13,24146.45,24145,1450,24146.45,75,775,11257725
NIFTY-I.NFO,05/11/2024,09:25:15,24146.45,24145.2,25,24145.7,25,75,11257725
NIFTY-I.NFO,05/11/2024,09:25:16,24145.05,24145.05,25,24147.6,50,425,11257725
NIFTY-I.NFO,05/11/2024,09:25:18,24145.05,24145.05,200,24146.3,25,275,11257725
NIFTY-I.NFO,05/11/2024,09:25:20,24146.6,24145.05,350,24147,75,100,11257725
NIFTY-I.NFO,05/11/2024,09:25:21,24147,24146.3,200,24147,50,225,11257725
NIFTY-I.NFO,05/11/2024,09:25:23,24147,24146.3,200,24147,100,100,11257725
NIFTY-I.NFO,05/11/2024,09:25:25,24145,24145,1325,24146.25,75,1325,11257725
NIFTY-I.NFO,05/11/2024,09:25:26,24148,24147.5,125,24148,100,150,11257725
NIFTY-I.NFO,05/11/2024,09:25:28,24155,24154,125,24155,475,4100,11257725
NIFTY-I.NFO,05/11/2024,09:25:30,24154.75,24153.95,175,24156,25,1325,11257725
NIFTY-I.NFO,05/11/2024,09:25:31,24158,24155,25,24158.95,200,1650,11257725
NIFTY-I.NFO,05/11/2024,09:25:33,24156.75,24154.75,25,24158.5,25,400,11257725
NIFTY-I.NFO,05/11/2024,09:25:35,24158.55,24155,75,24158.85,25,1075,11257725
NIFTY-I.NFO,05/11/2024,09:25:36,24159,24156.1,75,24159.65,25,925,11257725
NIFTY-I.NFO,05/11/2024,09:25:38,24159.65,24157,50,24160,825,350,11257725
NIFTY-I.NFO,05/11/2024,09:25:40,24159.55,24157,325,24158.9,25,250,11257725
NIFTY-I.NFO,05/11/2024,09:25:41,24156.8,24152.3,125,24156.85,25,550,11257725
NIFTY-I.NFO,05/11/2024,09:25:43,24155.2,24152,1675,24154.85,50,175,11257725
NIFTY-I.NFO,05/11/2024,09:25:45,24159,24155.4,25,24158.7,25,775,11257725
NIFTY-I.NFO,05/11/2024,09:25:46,24154.65,24156.45,25,24157.5,75,125,11257725
NIFTY-I.NFO,05/11/2024,09:25:48,24155.25,24155,1350,24155.3,25,625,11257725
NIFTY-I.NFO,05/11/2024,09:25:50,24156.45,24155,1325,24157.95,75,750,11257725
NIFTY-I.NFO,05/11/2024,09:25:51,24155,24155,1175,24156.6,125,250,11257725
NIFTY-I.NFO,05/11/2024,09:25:53,24155,24155,1150,24155.1,250,325,11257725
NIFTY-I.NFO,05/11/2024,09:25:55,24152.15,24152,1400,24152.35,100,2025,11257725
NIFTY-I.NFO,05/11/2024,09:25:56,24145,24144,175,24148,100,7475,11257725
NIFTY-I.NFO,05/11/2024,09:25:58,24150.65,24144.8,125,24150.55,250,125,11257725
NIFTY-I.NFO,05/11/2024,09:26:00,24145,24142,25,24144.8,50,350,11257725
NIFTY-I.NFO,05/11/2024,09:26:01,24140,24140,100,24140.35,100,350,11257725
NIFTY-I.NFO,05/11/2024,09:26:03,24139.8,24139.8,75,24142,100,425,11257725
NIFTY-I.NFO,05/11/2024,09:26:05,24140.5,24134.8,150,24140.9,25,1150,11257725
NIFTY-I.NFO,05/11/2024,09:26:06,24139.1,24139.1,200,24140,75,125,11257725
NIFTY-I.NFO,05/11/2024,09:26:08,24138.35,24140,25,24141,25,450,11257725
NIFTY-I.NFO,05/11/2024,09:26:09,24140,24140,75,24142.75,100,525,11257725
NIFTY-I.NFO,05/11/2024,09:26:11,24142.7,24142.6,100,24144.25,100,75,11257725
NIFTY-I.NFO,05/11/2024,09:26:13,24142.85,24142.75,50,24143.2,875,50,11257725
NIFTY-I.NFO,05/11/2024,09:26:14,24143.7,24142.75,50,24143.55,100,325,11257725
NIFTY-I.NFO,05/11/2024,09:26:16,24142.75,24141,25,24142.8,100,650,11257725
NIFTY-I.NFO,05/11/2024,09:26:18,24142.25,24141,25,24141.6,100,100,11257725
NIFTY-I.NFO,05/11/2024,09:26:20,24138.95,24136.2,125,24138.65,150,1000,11257725
NIFTY-I.NFO,05/11/2024,09:26:21,24139.85,24138.4,25,24141,50,175,11257725
NIFTY-I.NFO,05/11/2024,09:26:23,24144.9,24141.05,125,24144.95,625,1475,11257725
NIFTY-I.NFO,05/11/2024,09:26:25,24140,24141.05,125,24143.55,25,175,11257725
NIFTY-I.NFO,05/11/2024,09:26:26,24141.45,24141.05,300,24142.25,25,75,11257725
NIFTY-I.NFO,05/11/2024,09:26:28,24139.85,24138,50,24140.15,625,625,11257725
NIFTY-I.NFO,05/11/2024,09:26:30,24138,24138,100,24139.75,25,150,11257725
NIFTY-I.NFO,05/11/2024,09:26:31,24140,24140,200,24140.95,100,1425,11257725
NIFTY-I.NFO,05/11/2024,09:26:33,24140,24140,50,24140.8,100,175,11257725
NIFTY-I.NFO,05/11/2024,09:26:35,24140,24140,50,24141,225,250,11257725
NIFTY-I.NFO,05/11/2024,09:26:36,24140,24138.25,25,24140,75,250,11257725
NIFTY-I.NFO,05/11/2024,09:26:38,24140,24136,50,24138.15,100,150,11257725
NIFTY-I.NFO,05/11/2024,09:26:40,24136,24135.2,225,24139.9,100,325,11257725
NIFTY-I.NFO,05/11/2024,09:26:41,24140,24138.65,175,24140.95,25,475,11257725
NIFTY-I.NFO,05/11/2024,09:26:43,24140.75,24141.05,125,24142.25,25,525,11257725
NIFTY-I.NFO,05/11/2024,09:26:45,24140,24138.3,225,24142.65,100,275,11257725
NIFTY-I.NFO,05/11/2024,09:26:46,24141.1,24141.1,250,24144,25,200,11257725
NIFTY-I.NFO,05/11/2024,09:26:48,24141.1,24141.15,125,24141.65,25,0,11257725
NIFTY-I.NFO,05/11/2024,09:26:50,24141.2,24139,275,24141.55,125,150,11257725
NIFTY-I.NFO,05/11/2024,09:26:51,24142.65,24142.65,2975,24143.35,250,1125,11257725
NIFTY-I.NFO,05/11/2024,09:26:53,24142.65,24142.65,2200,24143.95,100,900,11257725
NIFTY-I.NFO,05/11/2024,09:26:55,24145,24145,25,24147.95,100,500,11257725
NIFTY-I.NFO,05/11/2024,09:26:56,24147.05,24142.65,2100,24147.05,125,100,11257725
NIFTY-I.NFO,05/11/2024,09:26:58,24148,24146.4,150,24148,75,225,11257725
NIFTY-I.NFO,05/11/2024,09:27:00,24148,24146.55,150,24147.3,25,50,11257725
NIFTY-I.NFO,05/11/2024,09:27:01,24147.3,24146.4,100,24147.3,25,175,11257725
NIFTY-I.NFO,05/11/2024,09:27:03,24146.05,24147.8,125,24149.65,50,200,11257725
NIFTY-I.NFO,05/11/2024,09:27:05,24147.9,24147.8,75,24149.85,25,50,11257725
NIFTY-I.NFO,05/11/2024,09:27:06,24150,24148,500,24150,800,300,11257725
NIFTY-I.NFO,05/11/2024,09:27:08,24150,24148,575,24150,725,175,11257725
NIFTY-I.NFO,05/11/2024,09:27:10,24150,24148,600,24150,675,100,11257725
NIFTY-I.NFO,05/11/2024,09:27:11,24149.95,24148,450,24149.95,100,175,11257725
NIFTY-I.NFO,05/11/2024,09:27:13,24149.95,24148.05,75,24150,700,50,11257725
NIFTY-I.NFO,05/11/2024,09:27:15,24150,24148.05,175,24150,9725,125,11257725
NIFTY-I.NFO,05/11/2024,09:27:16,24149.85,24148.05,175,24149.9,50,50,11257725
NIFTY-I.NFO,05/11/2024,09:27:18,24149.9,24148.05,225,24149.6,75,50,11257725
NIFTY-I.NFO,05/11/2024,09:27:20,24149.95,24148.05,475,24149.95,50,25,11257725
NIFTY-I.NFO,05/11/2024,09:27:21,24158,24156.85,125,24158,225,11325,11257725
NIFTY-I.NFO,05/11/2024,09:27:23,24156.85,24156.85,125,24159.75,50,575,11257725
NIFTY-I.NFO,05/11/2024,09:27:25,24157.55,24156.85,750,24157.5,25,75,11257725
NIFTY-I.NFO,05/11/2024,09:27:26,24156.9,24156.9,325,24157,25,200,11257725
NIFTY-I.NFO,05/11/2024,09:27:28,24156.35,24150.9,50,24155.65,175,1625,11257725
NIFTY-I.NFO,05/11/2024,09:27:30,24150.85,24150,125,24150.85,175,250,11257725
NIFTY-I.NFO,05/11/2024,09:27:31,24146.65,24145,25,24149.05,50,3525,11257725
NIFTY-I.NFO,05/11/2024,09:27:33,24147.2,24141.2,150,24145.75,175,150,11257725
NIFTY-I.NFO,05/11/2024,09:27:35,24149.95,24145.05,50,24151.2,50,1200,11257725
NIFTY-I.NFO,05/11/2024,09:27:36,24148.75,24145,50,24148.9,50,150,11257725
NIFTY-I.NFO,05/11/2024,09:27:38,24147.75,24145,50,24147.4,50,50,11257725
NIFTY-I.NFO,05/11/2024,09:27:40,24143.75,24144.65,300,24147.35,25,100,11257725
NIFTY-I.NFO,05/11/2024,09:27:41,24144.7,24141.5,25,24145.5,75,525,11257725
NIFTY-I.NFO,05/11/2024,09:27:43,24141.2,24141.2,125,24143.55,250,500,11257725
NIFTY-I.NFO,05/11/2024,09:27:45,24135,24133,150,24135.75,75,7850,11257725
NIFTY-I.NFO,05/11/2024,09:27:46,24135,24132,150,24135.8,175,225,11257725
NIFTY-I.NFO,05/11/2024,09:27:48,24131.2,24131,75,24133.5,50,125,11257725
NIFTY-I.NFO,05/11/2024,09:27:50,24130.25,24126.65,150,24131.7,50,975,11271800
NIFTY-I.NFO,05/11/2024,09:27:51,24130.9,24128.25,125,24131.95,50,50,11271800
NIFTY-I.NFO,05/11/2024,09:27:53,24130.25,24130,25,24133.5,500,175,11271800
NIFTY-I.NFO,05/11/2024,09:27:55,24130,24129.25,100,24134.35,50,725,11271800
NIFTY-I.NFO,05/11/2024,09:27:56,24131.75,24125.85,150,24131.75,25,150,11271800
NIFTY-I.NFO,05/11/2024,09:27:58,24125.55,24125.9,300,24129.65,150,175,11271800
NIFTY-I.NFO,05/11/2024,09:28:00,24130,24130,50,24131.1,175,125,11271800
NIFTY-I.NFO,05/11/2024,09:28:01,24130,24130,275,24133.6,125,2875,11271800
NIFTY-I.NFO,05/11/2024,09:28:03,24130.75,24128,50,24130.8,50,350,11271800
NIFTY-I.NFO,05/11/2024,09:28:05,24130,24130,50,24132.4,25,550,11271800
NIFTY-I.NFO,05/11/2024,09:28:06,24127.95,24125.05,100,24128,4950,275,11271800
NIFTY-I.NFO,05/11/2024,09:28:08,24125,24125,1775,24128,5175,250,11271800
NIFTY-I.NFO,05/11/2024,09:28:10,24125,24125,1675,24128,5525,400,11271800
NIFTY-I.NFO,05/11/2024,09:28:11,24125,24121.85,125,24125.7,100,1750,11271800
NIFTY-I.NFO,05/11/2024,09:28:13,24121.6,24121.15,125,24125.4,25,100,11271800
NIFTY-I.NFO,05/11/2024,09:28:15,24121.6,24121.6,150,24124.95,175,200,11271800
NIFTY-I.NFO,05/11/2024,09:28:16,24121.6,24121.6,275,24124.95,650,75,11271800
NIFTY-I.NFO,05/11/2024,09:28:18,24122.55,24122.35,200,24124.95,1100,275,11271800
NIFTY-I.NFO,05/11/2024,09:28:20,24125,24125,125,24127.85,100,2900,11271800
NIFTY-I.NFO,05/11/2024,09:28:21,24128,24125.05,125,24128,4500,100,11271800
NIFTY-I.NFO,05/11/2024,09:28:23,24128,24125.05,350,24128,4450,225,11271800
NIFTY-I.NFO,05/11/2024,09:28:25,24125.8,24125.05,300,24128,4400,400,11271800
NIFTY-I.NFO,05/11/2024,09:28:26,24127.1,24125,125,24127.1,25,425,11271800
NIFTY-I.NFO,05/11/2024,09:28:28,24124.95,24122,125,24127.35,50,325,11271800
NIFTY-I.NFO,05/11/2024,09:28:30,24121.6,24121.6,200,24125,25,450,11271800
NIFTY-I.NFO,05/11/2024,09:28:31,24120.75,24120.2,200,24125,25,975,11271800
NIFTY-I.NFO,05/11/2024,09:28:33,24120.75,24121,125,24125,575,0,11271800
NIFTY-I.NFO,05/11/2024,09:28:35,24122.4,24122,400,24126.8,25,925,11271800
NIFTY-I.NFO,05/11/2024,09:28:36,24122,24122,225,24125,25,100,11271800
NIFTY-I.NFO,05/11/2024,09:28:38,24122,24122,300,24125.45,25,450,11271800
NIFTY-I.NFO,05/11/2024,09:28:40,24125,24121,25,24124.35,25,450,11271800
NIFTY-I.NFO,05/11/2024,09:28:41,24121.95,24121.05,175,24121.95,125,50,11271800
NIFTY-I.NFO,05/11/2024,09:28:43,24121.05,24121.05,75,24121.85,50,225,11271800
NIFTY-I.NFO,05/11/2024,09:28:45,24115.6,24115.6,125,24120.35,50,10525,11271800
NIFTY-I.NFO,05/11/2024,09:28:46,24115.45,24115.55,150,24120.8,200,775,11271800
NIFTY-I.NFO,05/11/2024,09:28:48,24115.7,24116.1,200,24120.8,150,200,11271800
NIFTY-I.NFO,05/11/2024,09:28:50,24120.8,24116.1,300,24120.8,1100,125,11271800
NIFTY-I.NFO,05/11/2024,09:28:51,24120.75,24120.85,50,24124.9,25,2175,11271800
NIFTY-I.NFO,05/11/2024,09:28:53,24120.85,24120.95,150,24124.9,25,175,11271800
NIFTY-I.NFO,05/11/2024,09:28:55,24121.7,24121,200,24124,50,1275,11271800
NIFTY-I.NFO,05/11/2024,09:28:56,24125,24125.55,50,24127,125,800,11271800
NIFTY-I.NFO,05/11/2024,09:28:58,24126.55,24126.1,150,24131.5,50,4875,11271800
NIFTY-I.NFO,05/11/2024,09:29:00,24126.1,24125,100,24125.6,200,200,11271800
NIFTY-I.NFO,05/11/2024,09:29:01,24125,24125.05,350,24129,500,2550,11271800
NIFTY-I.NFO,05/11/2024,09:29:03,24129,24125.95,225,24129,2675,725,11271800
NIFTY-I.NFO,05/11/2024,09:29:05,24127.35,24127.2,275,24129,2675,150,11271800
NIFTY-I.NFO,05/11/2024,09:29:06,24129,24125.1,25,24129,2650,75,11271800
NIFTY-I.NFO,05/11/2024,09:29:08,24130,24129.4,25,24134,75,2800,11271800
NIFTY-I.NFO,05/11/2024,09:29:10,24134.1,24131.5,50,24133.9,50,150,11271800
NIFTY-I.NFO,05/11/2024,09:29:11,24134.6,24130.35,250,24134.6,25,75,11271800
NIFTY-I.NFO,05/11/2024,09:29:13,24131.45,24133.05,25,24135,700,50,11271800
NIFTY-I.NFO,05/11/2024,09:29:15,24131.5,24132.55,250,24135,700,100,11271800
NIFTY-I.NFO,05/11/2024,09:29:16,24135,24132,350,24134.1,25,25,11271800
NIFTY-I.NFO,05/11/2024,09:29:18,24132.55,24131.8,175,24134.6,75,125,11271800
NIFTY-I.NFO,05/11/2024,09:29:20,24131.8,24131.8,50,24134.5,50,175,11271800
NIFTY-I.NFO,05/11/2024,09:29:21,24131.8,24128.75,25,24131.8,25,425,11271800
NIFTY-I.NFO,05/11/2024,09:29:23,24127.7,24126.55,50,24131.95,100,125,11271800
NIFTY-I.NFO,05/11/2024,09:29:25,24131.7,24126.55,50,24130.25,100,150,11271800
NIFTY-I.NFO,05/11/2024,09:29:26,24130,24126.55,50,24129.5,350,250,11271800
NIFTY-I.NFO,05/11/2024,09:29:28,24126.6,24125.3,150,24130,150,350,11271800
NIFTY-I.NFO,05/11/2024,09:29:30,24125.95,24127.35,350,24128,100,50,11271800
NIFTY-I.NFO,05/11/2024,09:29:31,24128,24127.35,100,24127.85,25,100,11271800
NIFTY-I.NFO,05/11/2024,09:29:33,24125.8,24121,375,24125.25,25,875,11271800
NIFTY-I.NFO,05/11/2024,09:29:35,24124.75,24121,275,24124.8,175,25,11271800
NIFTY-I.NFO,05/11/2024,09:29:36,24124.8,24121,375,24124.45,125,25,11271800
NIFTY-I.NFO,05/11/2024,09:29:38,24121,24121,300,24124.5,150,75,11271800
NIFTY-I.NFO,05/11/2024,09:29:40,24121,24121,150,24122.45,125,50,11271800
NIFTY-I.NFO,05/11/2024,09:29:41,24118.8,24115.7,25,24119.45,150,300,11271800
NIFTY-I.NFO,05/11/2024,09:29:43,24115.75,24115.75,275,24118.2,150,25,11271800
NIFTY-I.NFO,05/11/2024,09:29:45,24115.75,24115.75,25,24117,150,400,11271800
NIFTY-I.NFO,05/11/2024,09:29:46,24114,24110.4,150,24114,875,1575,11271800
NIFTY-I.NFO,05/11/2024,09:29:48,24113.3,24110.1,375,24113.3,25,50,11271800
NIFTY-I.NFO,05/11/2024,09:29:50,24110.1,24110.1,325,24113.8,50,100,11271800
NIFTY-I.NFO,05/11/2024,09:29:51,24110.1,24110.1,275,24113.35,50,150,11271800
NIFTY-I.NFO,05/11/2024,09:29:53,24113.35,24110.1,25,24113.35,850,1575,11271800
NIFTY-I.NFO,05/11/2024,09:29:55,24110.1,24110,650,24113.35,575,375,11271800
NIFTY-I.NFO,05/11/2024,09:29:56,24111,24110,625,24113,50,50,11271800
NIFTY-I.NFO,05/11/2024,09:29:58,24110,24110,350,24110.1,75,275,11271800
NIFTY-I.NFO,05/11/2024,09:30:00,24113,24110.1,50,24113,1750,225,11271800
NIFTY-I.NFO,05/11/2024,09:30:01,24111.35,24110.1,25,24113.8,3050,175,11271800
NIFTY-I.NFO,05/11/2024,09:30:03,24110.1,24110,325,24113.8,3025,175,11271800
NIFTY-I.NFO,05/11/2024,09:30:05,24119.6,24116.6,100,24120,25,3500,11271800
NIFTY-I.NFO,05/11/2024,09:30:06,24117.6,24114.55,25,24119.75,25,225,11271800
NIFTY-I.NFO,05/11/2024,09:30:08,24113.75,24114.2,50,24120.75,50,1950,11271800
NIFTY-I.NFO,05/11/2024,09:30:10,24115,24115.05,25,24119.75,25,125,11271800
NIFTY-I.NFO,05/11/2024,09:30:11,24115.4,24116.15,75,24121.6,75,125,11271800
NIFTY-I.NFO,05/11/2024,09:30:13,24116.15,24116.55,150,24121.6,25,50,11271800
NIFTY-I.NFO,05/11/2024,09:30:15,24121.75,24118.5,325,24121.75,2125,175,11271800
NIFTY-I.NFO,05/11/2024,09:30:16,24118.5,24118.5,175,24120.95,100,25,11271800
NIFTY-I.NFO,05/11/2024,09:30:18,24120,24119.75,125,24120,25,75,11271800
NIFTY-I.NFO,05/11/2024,09:30:20,24116.15,24115.4,150,24118.05,25,525,11271800
NIFTY-I.NFO,05/11/2024,09:30:21,24117.75,24114.25,200,24118.7,25,925,11271800
NIFTY-I.NFO,05/11/2024,09:30:23,24116.15,24116.25,125,24120,2525,100,11271800
NIFTY-I.NFO,05/11/2024,09:30:25,24120,24117.7,275,24120,3900,125,11271800
NIFTY-I.NFO,05/11/2024,09:30:26,24117.7,24117.7,350,24120,3825,125,11271800
NIFTY-I.NFO,05/11/2024,09:30:28,24120,24119.75,300,24120,2850,1075,11271800
NIFTY-I.NFO,05/11/2024,09:30:30,24120,24117.75,50,24120,3025,150,11271800
NIFTY-I.NFO,05/11/2024,09:30:31,24119.95,24117.75,100,24119.95,375,50,11271800
NIFTY-I.NFO,05/11/2024,09:30:33,24114,24114,250,24117.35,100,300,11271800
NIFTY-I.NFO,05/11/2024,09:30:35,24110.1,24110.1,200,24112.95,100,500,11271800
NIFTY-I.NFO,05/11/2024,09:30:36,24110,24110,475,24110.05,225,475,11271800
NIFTY-I.NFO,05/11/2024,09:30:38,24110,24106.75,300,24109.95,175,1225,11271800
NIFTY-I.NFO,05/11/2024,09:30:40,24105,24104,50,24104.9,25,425,11271800
NIFTY-I.NFO,05/11/2024,09:30:42,24107.5,24106.75,150,24109.95,2200,750,11271800
NIFTY-I.NFO,05/11/2024,09:30:43,24106.75,24106.75,50,24109.95,2200,75,11271800
NIFTY-I.NFO,05/11/2024,09:30:45,24114.2,24112.55,25,24115,25,3675,11271800
NIFTY-I.NFO,05/11/2024,09:30:47,24114.75,24115.9,50,24119.95,400,725,11271800
NIFTY-I.NFO,05/11/2024,09:30:48,24115.05,24115.6,150,24119.95,350,75,11271800
NIFTY-I.NFO,05/11/2024,09:30:50,24120,24116.55,25,24119.85,25,425,11259000
NIFTY-I.NFO,05/11/2024,09:30:52,24112,24113.35,50,24119.05,125,1925,11259000
NIFTY-I.NFO,05/11/2024,09:30:53,24119.9,24114.95,50,24119.95,2275,425,11259000
NIFTY-I.NFO,05/11/2024,09:30:55,24114.95,24114.2,100,24118.6,125,200,11259000
NIFTY-I.NFO,05/11/2024,09:30:57,24115,24114.45,100,24118.6,2225,75,11259000
NIFTY-I.NFO,05/11/2024,09:30:58,24124.1,24122.65,50,24125,350,4250,11259000
NIFTY-I.NFO,05/11/2024,09:31:00,24119.55,24119.55,25,24124.65,50,700,11259000
NIFTY-I.NFO,05/11/2024,09:31:02,24121.75,24121.95,500,24125,25,100,11259000
NIFTY-I.NFO,05/11/2024,09:31:03,24124.1,24122.15,200,24125.65,25,100,11259000
NIFTY-I.NFO,05/11/2024,09:31:05,24125,24125.45,50,24127.35,25,250,11259000
NIFTY-I.NFO,05/11/2024,09:31:07,24125.45,24125.45,100,24127.35,25,125,11259000
NIFTY-I.NFO,05/11/2024,09:31:08,24125,24119.45,150,24125.1,75,250,11259000
NIFTY-I.NFO,05/11/2024,09:31:10,24124.45,24119.45,275,24124.45,25,175,11259000
NIFTY-I.NFO,05/11/2024,09:31:12,24124.45,24119.7,25,24124.5,25,25,11259000
NIFTY-I.NFO,05/11/2024,09:31:13,24125.1,24119.85,125,24124.3,25,300,11259000
NIFTY-I.NFO,05/11/2024,09:31:15,24119.9,24119.9,125,24123.75,25,50,11259000
NIFTY-I.NFO,05/11/2024,09:31:17,24119.95,24120.95,25,24123.75,1450,250,11259000
NIFTY-I.NFO,05/11/2024,09:31:18,24123.75,24122.95,25,24123.75,1375,75,11259000
NIFTY-I.NFO,05/11/2024,09:31:20,24122.95,24122.95,75,24124.3,25,1475,11259000
NIFTY-I.NFO,05/11/2024,09:31:22,24124.3,24122.95,50,24124.3,575,150,11259000
NIFTY-I.NFO,05/11/2024,09:31:23,24124.3,24122.95,75,24123.05,25,75,11259000
NIFTY-I.NFO,05/11/2024,09:31:25,24123.25,24122.95,50,24124.3,475,75,11259000
NIFTY-I.NFO,05/11/2024,09:31:27,24124.3,24122.95,250,24124.3,25,50,11259000
NIFTY-I.NFO,05/11/2024,09:31:28,24124.45,24124.3,125,24124.45,350,1850,11259000
NIFTY-I.NFO,05/11/2024,09:31:30,24125,24124.95,25,24127.7,50,600,11259000
NIFTY-I.NFO,05/11/2024,09:31:32,24125.2,24125,50,24128,100,75,11259000
NIFTY-I.NFO,05/11/2024,09:31:33,24124.1,24124.5,75,24128,125,1850,11259000
NIFTY-I.NFO,05/11/2024,09:31:35,24124.9,24125.2,25,24128,75,150,11259000
NIFTY-I.NFO,05/11/2024,09:31:37,24124.9,24125.2,200,24128,75,0,11259000
NIFTY-I.NFO,05/11/2024,09:31:38,24124.9,24125.2,200,24127,50,0,11259000
NIFTY-I.NFO,05/11/2024,09:31:40,24127,24125.75,75,24127,1675,650,11259000
NIFTY-I.NFO,05/11/2024,09:31:42,24125.75,24125.85,200,24127,1475,225,11259000
NIFTY-I.NFO,05/11/2024,09:31:43,24127,24125.85,375,24127,1450,25,11259000
NIFTY-I.NFO,05/11/2024,09:31:45,24127,24125.85,375,24127,3125,125,11259000
NIFTY-I.NFO,05/11/2024,09:31:47,24120.1,24119.95,25,24122.3,950,675,11259000
NIFTY-I.NFO,05/11/2024,09:31:48,24122.3,24121.5,75,24122.3,675,350,11259000
NIFTY-I.NFO,05/11/2024,09:31:50,24123.3,24122,25,24123.3,675,25,11259000
NIFTY-I.NFO,05/11/2024,09:31:52,24123.3,24122,525,24122.9,75,125,11259000
NIFTY-I.NFO,05/11/2024,09:31:53,24123.3,24122.4,25,24123.3,725,575,11259000
NIFTY-I.NFO,05/11/2024,09:31:55,24122.4,24122.4,400,24122.65,25,100,11259000
NIFTY-I.NFO,05/11/2024,09:31:57,24121.4,24119,25,24121.4,150,1350,11259000
NIFTY-I.NFO,05/11/2024,09:31:58,24123.3,24119,100,24123.25,100,2975,11259000
NIFTY-I.NFO,05/11/2024,09:32:00,24123.25,24121.4,25,24123.25,150,50,11259000
NIFTY-I.NFO,05/11/2024,09:32:02,24123.25,24121.8,50,24125.75,250,700,11259000
NIFTY-I.NFO,05/11/2024,09:32:03,24122.8,24121.8,250,24125.7,50,75,11259000
NIFTY-I.NFO,05/11/2024,09:32:05,24121.8,24121.95,25,24125.7,50,25,11259000
NIFTY-I.NFO,05/11/2024,09:32:07,24123,24123.25,25,24125.7,700,125,11259000
NIFTY-I.NFO,05/11/2024,09:32:08,24123.25,24123.25,175,24125.75,2525,100,11259000
NIFTY-I.NFO,05/11/2024,09:32:10,24125.75,24124.15,25,24125.75,2475,150,11259000
NIFTY-I.NFO,05/11/2024,09:32:12,24128,24127.55,200,24130,525,4400,11259000
NIFTY-I.NFO,05/11/2024,09:32:13,24131,24129.25,375,24132,50,550,11259000
NIFTY-I.NFO,05/11/2024,09:32:15,24134,24131.05,100,24134.15,25,1950,11259000
NIFTY-I.NFO,05/11/2024,09:32:17,24131.55,24131.05,525,24134.15,25,25,11259000
NIFTY-I.NFO,05/11/2024,09:32:18,24133.7,24131.05,450,24133.45,150,25,11259000
NIFTY-I.NFO,05/11/2024,09:32:20,24131.05,24130,1000,24131.05,475,525,11259000
NIFTY-I.NFO,05/11/2024,09:32:22,24128,24125.75,25,24128.7,75,2125,11259000
NIFTY-I.NFO,05/11/2024,09:32:23,24125.8,24122,225,24126.45,25,225,11259000
NIFTY-I.NFO,05/11/2024,09:32:25,24127.3,24127.15,100,24131.05,1225,75,11259000
NIFTY-I.NFO,05/11/2024,09:32:27,24130.55,24130,900,24130.15,25,25,11259000
NIFTY-I.NFO,05/11/2024,09:32:28,24130,24130,525,24130.15,1075,400,11259000
NIFTY-I.NFO,05/11/2024,09:32:30,24128.4,24126.2,25,24130,225,575,11259000
NIFTY-I.NFO,05/11/2024,09:32:32,24130,24126.05,200,24130,375,275,11259000
NIFTY-I.NFO,05/11/2024,09:32:33,24130,24127.05,200,24130,425,275,11259000
NIFTY-I.NFO,05/11/2024,09:32:35,24130.55,24129.75,100,24131.05,25,1325,11259000
NIFTY-I.NFO,05/11/2024,09:32:37,24130.25,24130.9,100,24134.15,25,125,11259000
NIFTY-I.NFO,05/11/2024,09:32:38,24130.95,24131.55,100,24135,650,425,11259000
NIFTY-I.NFO,05/11/2024,09:32:40,24132.2,24132.5,25,24135,600,75,11259000
NIFTY-I.NFO,05/11/2024,09:32:42,24135,24132.5,25,24134.95,100,150,11259000
NIFTY-I.NFO,05/11/2024,09:32:43,24134.45,24132.5,100,24134.15,150,625,11259000
NIFTY-I.NFO,05/11/2024,09:32:45,24134.15,24132.5,275,24134.15,350,50,11259000
NIFTY-I.NFO,05/11/2024,09:32:47,24134.15,24132.5,475,24134.15,1050,50,11259000
NIFTY-I.NFO,05/11/2024,09:32:48,24134.15,24133,50,24134.15,900,50,11259000
NIFTY-I.NFO,05/11/2024,09:32:50,24134.15,24133,375,24134.15,825,200,11259000
NIFTY-I.NFO,05/11/2024,09:32:52,24134.15,24133,425,24134.15,750,325,11259000
NIFTY-I.NFO,05/11/2024,09:32:53,24134.15,24133,425,24134.15,675,100,11259000
NIFTY-I.NFO,05/11/2024,09:32:55,24135,24133,425,24135,475,625,11259000
NIFTY-I.NFO,05/11/2024,09:32:57,24128,24126.95,25,24128.8,25,1350,11259000
NIFTY-I.NFO,05/11/2024,09:32:58,24130.4,24128,600,24130.05,25,525,11259000
NIFTY-I.NFO,05/11/2024,09:33:00,24126.95,24128.05,100,24129.85,125,700,11259000
NIFTY-I.NFO,05/11/2024,09:33:02,24130.6,24128.05,200,24130.65,100,150,11259000
NIFTY-I.NFO,05/11/2024,09:33:03,24130.75,24128.05,225,24130.75,725,75,11259000
NIFTY-I.NFO,05/11/2024,09:33:05,24128.75,24128.05,325,24130.75,700,25,11259000
NIFTY-I.NFO,05/11/2024,09:33:07,24131.1,24128.05,325,24131.5,700,25,11259000
NIFTY-I.NFO,05/11/2024,09:33:08,24130,24128.05,100,24132.5,125,250,11259000
NIFTY-I.NFO,05/11/2024,09:33:10,24132,24128.2,25,24132,1075,300,11259000
NIFTY-I.NFO,05/11/2024,09:33:12,24128.15,24126.65,250,24131.25,25,250,11259000
NIFTY-I.NFO,05/11/2024,09:33:13,24126.65,24126.65,125,24129.6,175,50,11259000
NIFTY-I.NFO,05/11/2024,09:33:15,24130,24126.65,100,24129,325,150,11259000
NIFTY-I.NFO,05/11/2024,09:33:17,24125.55,24125,50,24127.65,100,125,11259000
NIFTY-I.NFO,05/11/2024,09:33:18,24125.55,24125,50,24127.05,225,0,11259000
NIFTY-I.NFO,05/11/2024,09:33:20,24122.15,24122,50,24126.5,200,225,11259000
NIFTY-I.NFO,05/11/2024,09:33:22,24122.75,24122,50,24122.75,175,150,11259000
NIFTY-I.NFO,05/11/2024,09:33:23,24122,24121.6,25,24122,150,50,11259000
NIFTY-I.NFO,05/11/2024,09:33:25,24122,24120.3,50,24120.65,25,75,11259000
NIFTY-I.NFO,05/11/2024,09:33:27,24121.6,24120.3,175,24121.6,50,50,11259000
NIFTY-I.NFO,05/11/2024,09:33:28,24122,24120.3,50,24122,675,100,11259000
NIFTY-I.NFO,05/11/2024,09:33:30,24120,24120,50,24122.25,250,250,11259000
NIFTY-I.NFO,05/11/2024,09:33:32,24120,24118.8,100,24118.9,25,50,11259000
NIFTY-I.NFO,05/11/2024,09:33:33,24118.8,24118,25,24119.35,125,450,11259000
NIFTY-I.NFO,05/11/2024,09:33:35,24117.9,24117.8,125,24120,25,75,11259000
NIFTY-I.NFO,05/11/2024,09:33:37,24117.8,24118,25,24120,700,50,11259000
NIFTY-I.NFO,05/11/2024,09:33:38,24117.8,24118,25,24120,700,0,11259000
NIFTY-I.NFO,05/11/2024,09:33:40,24118,24117,325,24120,700,525,11259000
NIFTY-I.NFO,05/11/2024,09:33:42,24116.05,24116.1,200,24118,50,1350,11259000
NIFTY-I.NFO,05/11/2024,09:33:43,24116,24115.2,50,24116,775,525,11259000
NIFTY-I.NFO,05/11/2024,09:33:45,24116,24115,200,24116,500,325,11259000
NIFTY-I.NFO,05/11/2024,09:33:47,24115,24114.75,450,24116,475,1325,11259000
NIFTY-I.NFO,05/11/2024,09:33:48,24116.2,24116.45,275,24120,75,1475,11259000
NIFTY-I.NFO,05/11/2024,09:33:50,24114.65,24116.05,25,24120,175,1250,11259475
NIFTY-I.NFO,05/11/2024,09:33:52,24114.45,24114.5,75,24120,200,150,11259475
NIFTY-I.NFO,05/11/2024,09:33:53,24118.4,24115.45,100,24119,625,200,11259475
NIFTY-I.NFO,05/11/2024,09:33:55,24116.45,24115.95,50,24119,550,200,11259475
NIFTY-I.NFO,05/11/2024,09:33:57,24115.25,24114.05,25,24119,450,75,11259475
NIFTY-I.NFO,05/11/2024,09:33:58,24114,24113.2,475,24118.85,50,200,11259475
NIFTY-I.NFO,05/11/2024,09:34:00,24114.45,24112.3,75,24116,225,175,11259475
NIFTY-I.NFO,05/11/2024,09:34:02,24112.3,24112.6,650,24116,100,200,11259475
NIFTY-I.NFO,05/11/2024,09:34:03,24114.7,24113.1,425,24118.8,50,325,11259475
NIFTY-I.NFO,05/11/2024,09:34:05,24118.7,24114.05,25,24118.8,25,150,11259475
NIFTY-I.NFO,05/11/2024,09:34:07,24115,24114.75,125,24116,25,275,11259475
NIFTY-I.NFO,05/11/2024,09:34:08,24114.75,24114.7,25,24118.7,50,50,11259475
NIFTY-I.NFO,05/11/2024,09:34:10,24114.75,24114.7,25,24117.7,100,0,11259475
NIFTY-I.NFO,05/11/2024,09:34:12,24114.7,24114.5,25,24118.3,100,25,11259475
NIFTY-I.NFO,05/11/2024,09:34:13,24114.5,24114.45,50,24114.5,75,150,11259475
NIFTY-I.NFO,05/11/2024,09:34:15,24113.4,24116,25,24118.3,250,175,11259475
NIFTY-I.NFO,05/11/2024,09:34:17,24114.45,24114.4,25,24118.75,675,350,11259475
NIFTY-I.NFO,05/11/2024,09:34:18,24113.4,24112.45,25,24117.7,25,350,11259475
NIFTY-I.NFO,05/11/2024,09:34:20,24112.45,24114.5,50,24117,100,400,11259475
NIFTY-I.NFO,05/11/2024,09:34:22,24112.15,24112.8,175,24114.5,225,100,11259475
NIFTY-I.NFO,05/11/2024,09:34:23,24111,24111,50,24112.8,175,250,11259475
NIFTY-I.NFO,05/11/2024,09:34:25,24111.95,24111.95,75,24112.8,300,525,11259475
NIFTY-I.NFO,05/11/2024,09:34:27,24115,24115,175,24117,100,850,11259475
NIFTY-I.NFO,05/11/2024,09:34:28,24114.45,24115.2,350,24119.95,50,1075,11259475
NIFTY-I.NFO,05/11/2024,09:34:30,24115.35,24114.95,250,24119.7,50,150,11259475
NIFTY-I.NFO,05/11/2024,09:34:32,24113.4,24111.45,150,24117.55,225,225,11259475
NIFTY-I.NFO,05/11/2024,09:34:33,24111.45,24111.95,50,24117.8,200,100,11259475
NIFTY-I.NFO,05/11/2024,09:34:35,24115.4,24110.95,25,24115.3,100,200,11259475
NIFTY-I.NFO,05/11/2024,09:34:37,24110,24110,525,24115,25,325,11259475
NIFTY-I.NFO,05/11/2024,09:34:38,24110.95,24110.15,150,24115.9,25,75,11259475
NIFTY-I.NFO,05/11/2024,09:34:40,24115.65,24111,125,24113,25,75,11259475
NIFTY-I.NFO,05/11/2024,09:34:42,24113,24111.05,275,24113,250,25,11259475
NIFTY-I.NFO,05/11/2024,09:34:43,24113,24111.1,250,24113,175,575,11259475
NIFTY-I.NFO,05/11/2024,09:34:45,24114.1,24111.1,325,24115,75,275,11259475
NIFTY-I.NFO,05/11/2024,09:34:47,24111.1,24111.3,150,24115,75,25,11259475
NIFTY-I.NFO,05/11/2024,09:34:48,24111.3,24111.3,275,24115,75,50,11259475
NIFTY-I.NFO,05/11/2024,09:34:50,24111.3,24111.3,250,24114.95,25,25,11259475
NIFTY-I.NFO,05/11/2024,09:34:52,24115,24111.35,200,24115,75,100,11259475
NIFTY-I.NFO,05/11/2024,09:34:53,24115,24113.45,25,24115.4,950,75,11259475
NIFTY-I.NFO,05/11/2024,09:34:55,24115.4,24113.45,100,24113.95,25,100,11259475
NIFTY-I.NFO,05/11/2024,09:34:57,24113.95,24113.45,300,24115,125,25,11259475
NIFTY-I.NFO,05/11/2024,09:34:58,24113.85,24113.45,325,24115,75,125,11259475
NIFTY-I.NFO,05/11/2024,09:35:00,24110.95,24110.2,1775,24110.95,75,900,11259475
NIFTY-I.NFO,05/11/2024,09:35:02,24110.95,24110.85,125,24115,150,125,11259475
NIFTY-I.NFO,05/11/2024,09:35:03,24113.45,24112.85,25,24115,75,150,11259475
NIFTY-I.NFO,05/11/2024,09:35:05,24113.05,24113.45,25,24115,100,25,11259475
NIFTY-I.NFO,05/11/2024,09:35:07,24113.7,24112.1,25,24113.7,25,75,11259475
NIFTY-I.NFO,05/11/2024,09:35:08,24110.8,24110.75,25,24113.7,75,125,11259475
NIFTY-I.NFO,05/11/2024,09:35:10,24110.75,24110.65,25,24113.15,25,100,11259475
NIFTY-I.NFO,05/11/2024,09:35:12,24110.75,24110.65,25,24110.95,75,0,11259475
NIFTY-I.NFO,05/11/2024,09:35:13,24110.45,24110.4,125,24110.95,75,50,11259475
NIFTY-I.NFO,05/11/2024,09:35:15,24110.45,24110.4,125,24110.65,100,0,11259475
NIFTY-I.NFO,05/11/2024,09:35:17,24110.4,24110.8,25,24110.95,50,175,11259475
NIFTY-I.NFO,05/11/2024,09:35:18,24110.8,24110.2,1475,24110.95,150,525,11259475
NIFTY-I.NFO,05/11/2024,09:35:20,24107.8,24107,75,24107.8,75,2200,11259475
NIFTY-I.NFO,05/11/2024,09:35:22,24106.3,24106,550,24106.3,175,150,11259475
NIFTY-I.NFO,05/11/2024,09:35:23,24105.05,24105,825,24105.05,75,875,11259475
NIFTY-I.NFO,05/11/2024,09:35:25,24105,24105,325,24106.5,125,575,11259475
NIFTY-I.NFO,05/11/2024,09:35:27,24104.8,24104.8,50,24106.3,125,375,11259475
NIFTY-I.NFO,05/11/2024,09:35:28,24103,24102.2,125,24106.35,125,350,11259475
NIFTY-I.NFO,05/11/2024,09:35:30,24104,24102.95,125,24105,75,400,11259475
NIFTY-I.NFO,05/11/2024,09:35:32,24105,24104.45,50,24104.75,25,250,11259475
NIFTY-I.NFO,05/11/2024,09:35:33,24104.45,24104.45,250,24106.8,100,250,11259475
NIFTY-I.NFO,05/11/2024,09:35:35,24105.95,24105.95,225,24109,25,400,11259475
NIFTY-I.NFO,05/11/2024,09:35:37,24111.8,24109.45,75,24113,1000,375,11259475
NIFTY-I.NFO,05/11/2024,09:35:38,24105.05,24105,25,24110.7,100,375,11259475
NIFTY-I.NFO,05/11/2024,09:35:40,24107.95,24107.3,50,24113,1375,75,11259475
NIFTY-I.NFO,05/11/2024,09:35:42,24112.4,24110.95,25,24112.4,175,50,11259475
NIFTY-I.NFO,05/11/2024,09:35:43,24113,24110,600,24113,900,200,11259475
NIFTY-I.NFO,05/11/2024,09:35:45,24113,24110,575,24113,600,325,11259475
NIFTY-I.NFO,05/11/2024,09:35:47,24116.15,24111.45,125,24115.9,200,1025,11259475
NIFTY-I.NFO,05/11/2024,09:35:48,24115.3,24110.05,125,24115,175,175,11259475
NIFTY-I.NFO,05/11/2024,09:35:50,24114.4,24111.95,25,24113,25,75,11259475
NIFTY-I.NFO,05/11/2024,09:35:52,24110,24110,450,24112.75,200,125,11259475
NIFTY-I.NFO,05/11/2024,09:35:53,24113.3,24107.8,125,24112.5,175,750,11259475
NIFTY-I.NFO,05/11/2024,09:35:55,24108.9,24111.45,175,24111.6,25,100,11259475
NIFTY-I.NFO,05/11/2024,09:35:57,24112.25,24110.45,125,24112.95,125,200,11259475
NIFTY-I.NFO,05/11/2024,09:35:58,24111.95,24111.95,175,24114,525,650,11259475
NIFTY-I.NFO,05/11/2024,09:36:00,24112.25,24110.95,150,24113.95,100,100,11259475
NIFTY-I.NFO,05/11/2024,09:36:02,24111.75,24111.95,100,24113.3,150,50,11259475
NIFTY-I.NFO,05/11/2024,09:36:03,24111.45,24113.85,200,24114,400,350,11259475
NIFTY-I.NFO,05/11/2024,09:36:05,24115.35,24115.35,250,24118.6,175,3150,11259475
NIFTY-I.NFO,05/11/2024,09:36:07,24119,24116.35,100,24119.05,175,175,11259475
NIFTY-I.NFO,05/11/2024,09:36:08,24116.35,24117.35,75,24119.95,150,25,11259475
NIFTY-I.NFO,05/11/2024,09:36:10,24115.85,24113.95,25,24118.25,100,100,11259475
NIFTY-I.NFO,05/11/2024,09:36:12,24115.5,24113.95,125,24115.5,1150,775,11259475
NIFTY-I.NFO,05/11/2024,09:36:13,24115.5,24116.9,200,24120,225,1150,11259475
NIFTY-I.NFO,05/11/2024,09:36:15,24116.9,24116.9,125,24120,300,450,11259475
NIFTY-I.NFO,05/11/2024,09:36:16,24120,24116.9,125,24120,250,50,11259475
NIFTY-I.NFO,05/11/2024,09:36:18,24116.9,24116.9,100,24120,225,150,11259475
NIFTY-I.NFO,05/11/2024,09:36:20,24117.5,24117.15,25,24119.9,150,175,11259475
NIFTY-I.NFO,05/11/2024,09:36:21,24119.6,24117.15,100,24119.6,100,475,11259475
NIFTY-I.NFO,05/11/2024,09:36:23,24114,24110.45,200,24116.4,75,1150,11259475
NIFTY-I.NFO,05/11/2024,09:36:25,24117.5,24112.4,25,24117.5,150,575,11259475
NIFTY-I.NFO,05/11/2024,09:36:26,24117.2,24113.45,25,24118,175,300,11259475
NIFTY-I.NFO,05/11/2024,09:36:28,24116.95,24113.45,275,24115.95,25,125,11259475
NIFTY-I.NFO,05/11/2024,09:36:30,24110,24108,25,24109.65,50,850,11259475
NIFTY-I.NFO,05/11/2024,09:36:31,24105,24105,800,24105.15,25,275,11259475
NIFTY-I.NFO,05/11/2024,09:36:33,24102.25,24102.25,125,24104.95,75,900,11259475
NIFTY-I.NFO,05/11/2024,09:36:35,24101.8,24101.75,125,24103.75,100,300,11259475
NIFTY-I.NFO,05/11/2024,09:36:36,24101.8,24101.15,125,24102.9,100,125,11259475
NIFTY-I.NFO,05/11/2024,09:36:38,24093.05,24093.05,50,24097,225,5800,11259475
NIFTY-I.NFO,05/11/2024,09:36:40,24097,24093.05,150,24097,175,2200,11259475
NIFTY-I.NFO,05/11/2024,09:36:41,24097,24094.9,125,24097,25,550,11259475
NIFTY-I.NFO,05/11/2024,09:36:43,24099,24097.75,200,24099.3,25,525,11259475
NIFTY-I.NFO,05/11/2024,09:36:45,24098.05,24097.75,250,24100.85,75,300,11259475
NIFTY-I.NFO,05/11/2024,09:36:46,24099.5,24098.75,125,24099.5,75,225,11259475
NIFTY-I.NFO,05/11/2024,09:36:48,24102.15,24100.25,300,24102.15,50,625,11259475
NIFTY-I.NFO,05/11/2024,09:36:50,24100.25,24100.25,250,24102.8,75,1000,11259475
NIFTY-I.NFO,05/11/2024,09:36:51,24101.7,24100.25,200,24101.7,25,700,11242700
NIFTY-I.NFO,05/11/2024,09:36:53,24103.75,24103.75,150,24104.15,75,1050,11242700
NIFTY-I.NFO,05/11/2024,09:36:55,24108.15,24105.75,275,24108.5,75,1025,11242700
NIFTY-I.NFO,05/11/2024,09:36:56,24108.15,24107.25,300,24108.15,50,1425,11242700
NIFTY-I.NFO,05/11/2024,09:36:58,24104.25,24104.25,50,24107.05,100,200,11242700
NIFTY-I.NFO,05/11/2024,09:37:00,24106.25,24104.75,75,24108.2,75,325,11242700
NIFTY-I.NFO,05/11/2024,09:37:01,24106.6,24104.25,300,24106.95,75,425,11242700
NIFTY-I.NFO,05/11/2024,09:37:03,24105.75,24104.75,150,24108,50,250,11242700
NIFTY-I.NFO,05/11/2024,09:37:05,24106.55,24104.75,425,24107.1,75,100,11242700
NIFTY-I.NFO,05/11/2024,09:37:06,24100.25,24100.4,125,24105.15,75,525,11242700
NIFTY-I.NFO,05/11/2024,09:37:08,24100.45,24100,275,24103.75,75,125,11242700
NIFTY-I.NFO,05/11/2024,09:37:10,24100.1,24098.25,25,24100.25,25,300,11242700
NIFTY-I.NFO,05/11/2024,09:37:11,24098.25,24098.25,400,24102.2,75,375,11242700
NIFTY-I.NFO,05/11/2024,09:37:13,24097.3,24097.3,1050,24102.25,100,625,11242700
NIFTY-I.NFO,05/11/2024,09:37:14,24101.45,24101.45,150,24102.25,50,350,11242700
NIFTY-I.NFO,05/11/2024,09:37:16,24097.3,24097.3,100,24100,75,1025,11242700
NIFTY-I.NFO,05/11/2024,09:37:18,24095,24095,425,24099.85,75,875,11242700
NIFTY-I.NFO,05/11/2024,09:37:19,24096.8,24096.95,200,24101.75,25,150,11242700
NIFTY-I.NFO,05/11/2024,09:37:21,24100,24096.95,200,24100,550,125,11242700
NIFTY-I.NFO,05/11/2024,09:37:23,24096.1,24097.5,25,24100,500,350,11242700
NIFTY-I.NFO,05/11/2024,09:37:25,24099.65,24099.35,25,24101.75,125,725,11242700
NIFTY-I.NFO,05/11/2024,09:37:26,24103.75,24101.35,125,24104.25,50,1075,11242700
NIFTY-I.NFO,05/11/2024,09:37:28,24105,24103.05,125,24105.15,50,425,11242700
NIFTY-I.NFO,05/11/2024,09:37:30,24100.65,24100.65,275,24101.25,25,750,11242700
NIFTY-I.NFO,05/11/2024,09:37:31,24099.65,24095.8,225,24096.85,25,450,11242700
NIFTY-I.NFO,05/11/2024,09:37:33,24100.65,24096.55,25,24100.65,100,325,11242700
NIFTY-I.NFO,05/11/2024,09:37:35,24099.75,24099.7,250,24103.8,75,700,11242700
NIFTY-I.NFO,05/11/2024,09:37:36,24104,24099.7,350,24104.75,75,425,11242700
NIFTY-I.NFO,05/11/2024,09:37:38,24100.15,24100.15,275,24104.8,75,450,11242700
NIFTY-I.NFO,05/11/2024,09:37:40,24100.15,24100.65,225,24103.1,25,325,11242700
NIFTY-I.NFO,05/11/2024,09:37:41,24099.85,24100.7,175,24103.4,75,475,11242700
NIFTY-I.NFO,05/11/2024,09:37:43,24100.7,24100.7,375,24104,25,250,11242700
NIFTY-I.NFO,05/11/2024,09:37:45,24101.5,24101.75,25,24104.85,75,175,11242700
NIFTY-I.NFO,05/11/2024,09:37:46,24104.05,24100.7,275,24104.9,25,250,11242700
NIFTY-I.NFO,05/11/2024,09:37:48,24100.9,24102.5,25,24105,150,25,11242700
NIFTY-I.NFO,05/11/2024,09:37:50,24105,24102,25,24105,50,300,11242700
NIFTY-I.NFO,05/11/2024,09:37:51,24100.75,24100.55,25,24104.75,75,275,11242700
NIFTY-I.NFO,05/11/2024,09:37:53,24101.85,24101.2,25,24104.85,75,125,11242700
NIFTY-I.NFO,05/11/2024,09:37:55,24102.6,24100,200,24100.7,50,125,11242700
NIFTY-I.NFO,05/11/2024,09:37:56,24100.15,24100,225,24100.7,25,200,11242700
NIFTY-I.NFO,05/11/2024,09:37:58,24102,24101.45,25,24103.3,75,275,11242700
NIFTY-I.NFO,05/11/2024,09:38:00,24102.65,24103.25,25,24104.4,25,225,11242700
NIFTY-I.NFO,05/11/2024,09:38:01,24106.6,24107.35,200,24108,100,900,11242700
NIFTY-I.NFO,05/11/2024,09:38:03,24109,24107.15,375,24109.5,50,200,11242700
NIFTY-I.NFO,05/11/2024,09:38:05,24110.9,24110,50,24114,25,1225,11242700
NIFTY-I.NFO,05/11/2024,09:38:06,24112.95,24107.75,75,24113.15,200,300,11242700
NIFTY-I.NFO,05/11/2024,09:38:08,24109,24109.15,200,24110,25,50,11242700
NIFTY-I.NFO,05/11/2024,09:38:10,24114.05,24108.65,175,24114,100,125,11242700
NIFTY-I.NFO,05/11/2024,09:38:11,24114.05,24110.15,125,24114.4,50,0,11242700
NIFTY-I.NFO,05/11/2024,09:38:13,24113,24110.15,25,24113,50,275,11242700
NIFTY-I.NFO,05/11/2024,09:38:15,24113,24110.15,100,24114.4,100,150,11242700
NIFTY-I.NFO,05/11/2024,09:38:16,24111,24108.15,75,24113.4,200,275,11242700
NIFTY-I.NFO,05/11/2024,09:38:18,24107.95,24107.95,50,24112.6,200,25,11242700
NIFTY-I.NFO,05/11/2024,09:38:20,24110.1,24107.2,25,24111.65,200,125,11242700
NIFTY-I.NFO,05/11/2024,09:38:21,24105,24105,125,24106.95,200,175,11242700
NIFTY-I.NFO,05/11/2024,09:38:23,24103.3,24102.2,75,24106.65,225,275,11242700
NIFTY-I.NFO,05/11/2024,09:38:25,24102.5,24102.5,50,24107.3,200,200,11242700
NIFTY-I.NFO,05/11/2024,09:38:26,24106.1,24102.05,75,24106.1,200,275,11242700
NIFTY-I.NFO,05/11/2024,09:38:28,24105.85,24102,50,24106.75,175,50,11242700
NIFTY-I.NFO,05/11/2024,09:38:30,24101.15,24100.2,1675,24104.65,150,375,11242700
NIFTY-I.NFO,05/11/2024,09:38:31,24103,24100.2,1675,24101.2,25,200,11242700
NIFTY-I.NFO,05/11/2024,09:38:33,24100.2,24100.2,1425,24103.05,125,175,11242700
NIFTY-I.NFO,05/11/2024,09:38:35,24100.2,24100.2,1400,24102.7,175,175,11242700
NIFTY-I.NFO,05/11/2024,09:38:36,24100.2,24100.2,350,24102.1,200,1150,11242700
NIFTY-I.NFO,05/11/2024,09:38:38,24100.2,24101,1100,24104.95,100,25,11242700
NIFTY-I.NFO,05/11/2024,09:38:40,24104.95,24101.2,150,24104.95,25,100,11242700
NIFTY-I.NFO,05/11/2024,09:38:41,24102,24102,25,24104.55,200,75,11242700
NIFTY-I.NFO,05/11/2024,09:38:43,24101,24101,950,24104.5,125,125,11242700
NIFTY-I.NFO,05/11/2024,09:38:45,24101,24101,850,24103.15,200,200,11242700
NIFTY-I.NFO,05/11/2024,09:38:46,24101,24101,925,24102,75,100,11242700
NIFTY-I.NFO,05/11/2024,09:38:48,24102,24103.15,25,24105,75,125,11242700
NIFTY-I.NFO,05/11/2024,09:38:50,24107.15,24102.65,275,24107.2,125,1275,11242700
NIFTY-I.NFO,05/11/2024,09:38:51,24103.15,24103.15,250,24107.2,150,50,11242700
NIFTY-I.NFO,05/11/2024,09:38:53,24107,24102.65,275,24107.2,125,375,11242700
NIFTY-I.NFO,05/11/2024,09:38:55,24102,24102,350,24103.9,200,150,11242700
NIFTY-I.NFO,05/11/2024,09:38:56,24099.25,24095,175,24099.75,100,2600,11242700
NIFTY-I.NFO,05/11/2024,09:38:58,24095,24095.35,25,24100.1,225,250,11242700
NIFTY-I.NFO,05/11/2024,09:39:00,24101.45,24096,225,24100.95,150,1025,11242700
NIFTY-I.NFO,05/11/2024,09:39:01,24095.65,24095.65,250,24096.95,25,450,11242700
NIFTY-I.NFO,05/11/2024,09:39:03,24096,24096,325,24098.75,75,125,11242700
NIFTY-I.NFO,05/11/2024,09:39:05,24092.35,24092.35,75,24097.85,150,825,11242700
NIFTY-I.NFO,05/11/2024,09:39:06,24097.55,24093.65,300,24099.05,150,50,11242700
NIFTY-I.NFO,05/11/2024,09:39:08,24091.55,24091.55,200,24096.9,150,225,11242700
NIFTY-I.NFO,05/11/2024,09:39:10,24092.45,24092.45,50,24097.5,200,225,11242700
NIFTY-I.NFO,05/11/2024,09:39:11,24092,24091.45,150,24096.4,100,575,11242700
NIFTY-I.NFO,05/11/2024,09:39:13,24092.1,24092,925,24097.55,175,750,11242700
NIFTY-I.NFO,05/11/2024,09:39:14,24096.05,24092,525,24096.1,200,500,11242700
NIFTY-I.NFO,05/11/2024,09:39:16,24096.45,24092.05,50,24096.9,100,300,11242700
NIFTY-I.NFO,05/11/2024,09:39:18,24096.95,24092,975,24095,25,150,11242700
NIFTY-I.NFO,05/11/2024,09:39:19,24095,24092.9,300,24096.95,75,200,11242700
NIFTY-I.NFO,05/11/2024,09:39:21,24095.65,24095.3,75,24099.95,100,200,11242700
NIFTY-I.NFO,05/11/2024,09:39:23,24099.45,24095.3,200,24099.8,100,1875,11242700
NIFTY-I.NFO,05/11/2024,09:39:24,24095.3,24095.3,300,24098.8,75,350,11242700
NIFTY-I.NFO,05/11/2024,09:39:26,24095.35,24095.3,100,24098.65,100,125,11242700
NIFTY-I.NFO,05/11/2024,09:39:28,24092.65,24092.65,350,24093.35,25,200,11242700
NIFTY-I.NFO,05/11/2024,09:39:29,24095,24094.1,125,24095.3,150,250,11242700
NIFTY-I.NFO,05/11/2024,09:39:31,24095.3,24094.65,125,24095.3,75,100,11242700
NIFTY-I.NFO,05/11/2024,09:39:33,24095.15,24094.65,25,24096.45,50,225,11242700
NIFTY-I.NFO,05/11/2024,09:39:34,24098.05,24092.9,225,24098.35,200,525,11242700
NIFTY-I.NFO,05/11/2024,09:39:36,24093.85,24094.15,100,24096.95,500,1500,11242700
NIFTY-I.NFO,05/11/2024,09:39:38,24098.55,24096,225,24100,550,700,11242700
NIFTY-I.NFO,05/11/2024,09:39:39,24094.15,24094.9,100,24099.6,150,1400,11242700
NIFTY-I.NFO,05/11/2024,09:39:41,24096,24096,275,24099.9,100,100,11242700
NIFTY-I.NFO,05/11/2024,09:39:43,24093.35,24094.15,25,24097.65,100,325,11242700
NIFTY-I.NFO,05/11/2024,09:39:45,24097.75,24092.95,100,24097.75,175,75,11242700
NIFTY-I.NFO,05/11/2024,09:39:46,24092.2,24093,25,24097.85,200,275,11242700
NIFTY-I.NFO,05/11/2024,09:39:48,24095,24093.7,25,24095,1875,200,11242700
NIFTY-I.NFO,05/11/2024,09:39:50,24095,24093.3,25,24095,1775,100,11242700
NIFTY-I.NFO,05/11/2024,09:39:51,24092,24092,800,24094,675,125,11245150
NIFTY-I.NFO,05/11/2024,09:39:53,24092.5,24092,25,24092.5,100,825,11245150
NIFTY-I.NFO,05/11/2024,09:39:55,24092.5,24091.1,5025,24091.45,150,150,11245150
NIFTY-I.NFO,05/11/2024,09:39:56,24094.1,24093.1,175,24095,1625,425,11245150
NIFTY-I.NFO,05/11/2024,09:39:58,24096,24095,25,24096,25,1725,11245150
NIFTY-I.NFO,05/11/2024,09:40:00,24095,24095,25,24097.95,100,300,11245150
NIFTY-I.NFO,05/11/2024,09:40:01,24097,24095.6,25,24097,50,300,11245150
NIFTY-I.NFO,05/11/2024,09:40:03,24100.2,24101,200,24101.9,300,1225,11245150
NIFTY-I.NFO,05/11/2024,09:40:05,24100.6,24100.6,125,24104,175,350,11245150
NIFTY-I.NFO,05/11/2024,09:40:06,24101.2,24102.45,25,24104.9,25,125,11245150
NIFTY-I.NFO,05/11/2024,09:40:08,24101.35,24101,125,24105.95,200,700,11245150
NIFTY-I.NFO,05/11/2024,09:40:10,24104.4,24100,25,24104.8,150,175,11245150
NIFTY-I.NFO,05/11/2024,09:40:11,24100.25,24100,25,24103.95,150,25,11245150
NIFTY-I.NFO,05/11/2024,09:40:13,24100,24100.4,125,24102.85,50,525,11245150
NIFTY-I.NFO,05/11/2024,09:40:15,24100.25,24099.8,50,24100.25,75,275,11245150
NIFTY-I.NFO,05/11/2024,09:40:16,24100,24100,75,24104,150,250,11245150
NIFTY-I.NFO,05/11/2024,09:40:18,24104,24099.5,250,24104.8,150,125,11245150
NIFTY-I.NFO,05/11/2024,09:40:20,24100,24099.95,175,24104.65,125,225,11245150
NIFTY-I.NFO,05/11/2024,09:40:21,24101,24101.25,225,24105,275,100,11245150
NIFTY-I.NFO,05/11/2024,09:40:23,24107,24105.1,25,24107.95,25,325,11245150
NIFTY-I.NFO,05/11/2024,09:40:25,24107.95,24105.05,175,24108,75,150,11245150
NIFTY-I.NFO,05/11/2024,09:40:26,24108,24107,300,24109,150,175,11245150
NIFTY-I.NFO,05/11/2024,09:40:28,24110,24107.95,250,24110,25,325,11245150
NIFTY-I.NFO,05/11/2024,09:40:30,24109.45,24104.9,25,24109.3,175,375,11245150
NIFTY-I.NFO,05/11/2024,09:40:31,24104,24103.6,250,24105.05,375,625,11245150
NIFTY-I.NFO,05/11/2024,09:40:33,24105.05,24104,75,24105.05,100,575,11245150
NIFTY-I.NFO,05/11/2024,09:40:35,24104.9,24104.25,75,24104.9,1575,550,11245150
NIFTY-I.NFO,05/11/2024,09:40:36,24104.9,24104.35,75,24104.9,1650,75,11245150
NIFTY-I.NFO,05/11/2024,09:40:38,24106.95,24104.35,200,24109.45,25,1950,11245150
NIFTY-I.NFO,05/11/2024,09:40:40,24104.35,24104.35,175,24106.35,500,75,11245150
NIFTY-I.NFO,05/11/2024,09:40:41,24103.45,24101.25,75,24103.45,25,375,11245150
NIFTY-I.NFO,05/11/2024,09:40:43,24101.45,24100.7,75,24104.45,200,25,11245150
NIFTY-I.NFO,05/11/2024,09:40:45,24104.45,24104.05,400,24106,100,50,11245150
NIFTY-I.NFO,05/11/2024,09:40:46,24106.3,24106.25,25,24109,25,150,11245150
NIFTY-I.NFO,05/11/2024,09:40:48,24105.75,24106.1,200,24109,25,125,11245150
NIFTY-I.NFO,05/11/2024,09:40:50,24105.1,24104.35,25,24105.1,25,75,11245150
NIFTY-I.NFO,05/11/2024,09:40:51,24104.65,24104.5,125,24108.9,125,75,11245150
NIFTY-I.NFO,05/11/2024,09:40:53,24108.8,24104.35,150,24109,25,150,11245150
NIFTY-I.NFO,05/11/2024,09:40:55,24105.15,24105.35,25,24107.45,25,75,11245150
NIFTY-I.NFO,05/11/2024,09:40:56,24106.35,24104.35,25,24106.3,25,125,11245150
NIFTY-I.NFO,05/11/2024,09:40:58,24104.35,24103.9,300,24108.95,25,150,11245150
NIFTY-I.NFO,05/11/2024,09:41:00,24106.45,24104,275,24108.75,125,175,11245150
NIFTY-I.NFO,05/11/2024,09:41:01,24103.5,24101,50,24104.1,25,600,11245150
NIFTY-I.NFO,05/11/2024,09:41:03,24104.35,24103.3,50,24104.35,125,675,11245150
NIFTY-I.NFO,05/11/2024,09:41:05,24103.9,24105.9,75,24108,25,200,11245150
NIFTY-I.NFO,05/11/2024,09:41:06,24104.05,24103.7,75,24105.9,500,150,11245150
NIFTY-I.NFO,05/11/2024,09:41:08,24104,24103.35,25,24104.35,25,50,11245150
NIFTY-I.NFO,05/11/2024,09:41:10,24104.35,24103.35,25,24106,125,25,11245150
NIFTY-I.NFO,05/11/2024,09:41:11,24103,24101,950,24103.35,125,125,11245150
NIFTY-I.NFO,05/11/2024,09:41:13,24101,24101,925,24104.3,200,25,11245150
NIFTY-I.NFO,05/11/2024,09:41:15,24100,24100,875,24102.2,200,1000,11245150
NIFTY-I.NFO,05/11/2024,09:41:16,24100,24100,850,24101,150,100,11245150
NIFTY-I.NFO,05/11/2024,09:41:18,24102,24100,950,24104,75,550,11245150
NIFTY-I.NFO,05/11/2024,09:41:20,24100,24100,975,24102,25,50,11245150
NIFTY-I.NFO,05/11/2024,09:41:21,24103,24100.65,175,24104.35,100,50,11245150
NIFTY-I.NFO,05/11/2024,09:41:23,24103,24100.65,150,24103,25,275,11245150
NIFTY-I.NFO,05/11/2024,09:41:25,24100.65,24101,25,24101.25,25,25,11245150
NIFTY-I.NFO,05/11/2024,09:41:26,24101,24100.7,75,24103.65,175,100,11245150
NIFTY-I.NFO,05/11/2024,09:41:28,24100.2,24100.05,25,24103.8,225,100,11245150
NIFTY-I.NFO,05/11/2024,09:41:30,24104.55,24100,700,24105.7,125,2025,11245150
NIFTY-I.NFO,05/11/2024,09:41:31,24100.15,24100,900,24105.6,225,125,11245150
NIFTY-I.NFO,05/11/2024,09:41:33,24105,24100,800,24103.25,25,1925,11245150
NIFTY-I.NFO,05/11/2024,09:41:35,24100,24100,550,24103.2,100,50,11245150
NIFTY-I.NFO,05/11/2024,09:41:36,24105,24101,575,24105.35,100,1475,11245150
NIFTY-I.NFO,05/11/2024,09:41:38,24101,24101,650,24103.7,100,125,11245150
NIFTY-I.NFO,05/11/2024,09:41:40,24101,24101.05,200,24104.95,100,25,11245150
NIFTY-I.NFO,05/11/2024,09:41:41,24101.25,24101.05,225,24104.95,50,175,11245150
NIFTY-I.NFO,05/11/2024,09:41:43,24101.05,24101.05,125,24104.95,25,125,11245150
NIFTY-I.NFO,05/11/2024,09:41:45,24103.7,24101.1,75,24104.95,25,50,11245150
NIFTY-I.NFO,05/11/2024,09:41:46,24099.55,24096.05,25,24099.9,25,1350,11245150
NIFTY-I.NFO,05/11/2024,09:41:48,24101.75,24097.5,25,24102,50,175,11245150
NIFTY-I.NFO,05/11/2024,09:41:50,24100,24098.15,25,24102.9,50,100,11245150
NIFTY-I.NFO,05/11/2024,09:41:51,24096.5,24098.35,25,24102.05,50,75,11245150
NIFTY-I.NFO,05/11/2024,09:41:53,24101.95,24098.4,25,24098.8,25,25,11245150
NIFTY-I.NFO,05/11/2024,09:41:55,24100,24100,525,24101,50,50,11245150
NIFTY-I.NFO,05/11/2024,09:41:56,24100,24096.05,200,24100.05,25,525,11245150
NIFTY-I.NFO,05/11/2024,09:41:58,24097.85,24099.95,25,24100,50,125,11245150
NIFTY-I.NFO,05/11/2024,09:42:00,24100.35,24098.25,25,24102,150,100,11245150
NIFTY-I.NFO,05/11/2024,09:42:01,24099.7,24097.65,100,24102.8,100,425,11245150
NIFTY-I.NFO,05/11/2024,09:42:03,24101.3,24097.65,25,24101.3,100,50,11245150
NIFTY-I.NFO,05/11/2024,09:42:05,24097.65,24097.65,100,24102.35,100,225,11245150
NIFTY-I.NFO,05/11/2024,09:42:06,24097.65,24099.1,25,24102.75,25,250,11245150
NIFTY-I.NFO,05/11/2024,09:42:08,24100,24100,50,24102.15,25,275,11245150
NIFTY-I.NFO,05/11/2024,09:42:10,24099.75,24099,25,24102.05,25,75,11245150
NIFTY-I.NFO,05/11/2024,09:42:11,24102.25,24100.3,75,24102.95,25,175,11245150
NIFTY-I.NFO,05/11/2024,09:42:13,24101.9,24101.5,200,24105,25,250,11245150
NIFTY-I.NFO,05/11/2024,09:42:15,24105,24101.3,50,24105.35,25,50,11245150
NIFTY-I.NFO,05/11/2024,09:42:16,24105,24100.35,50,24105.35,50,0,11245150
NIFTY-I.NFO,05/11/2024,09:42:18,24100,24100,425,24101.9,25,50,11245150
NIFTY-I.NFO,05/11/2024,09:42:20,24100,24100,525,24101.9,25,0,11245150
NIFTY-I.NFO,05/11/2024,09:42:21,24100,24100,225,24101.9,100,200,11245150
NIFTY-I.NFO,05/11/2024,09:42:23,24101.9,24100,125,24101.9,50,150,11245150
NIFTY-I.NFO,05/11/2024,09:42:25,24097,24097,25,24100,50,175,11245150
NIFTY-I.NFO,05/11/2024,09:42:26,24096.25,24096.05,125,24099.95,100,25,11245150
NIFTY-I.NFO,05/11/2024,09:42:28,24097.05,24096.05,225,24099.95,25,50,11245150
NIFTY-I.NFO,05/11/2024,09:42:30,24097.35,24096.05,100,24099.95,100,75,11245150
NIFTY-I.NFO,05/11/2024,09:42:31,24096.05,24096.05,50,24097.05,25,50,11245150
NIFTY-I.NFO,05/11/2024,09:42:33,24096,24096,200,24097.05,125,100,11245150
NIFTY-I.NFO,05/11/2024,09:42:35,24095,24095,750,24095.9,100,425,11245150
NIFTY-I.NFO,05/11/2024,09:42:36,24096,24095,550,24095.9,100,250,11245150
NIFTY-I.NFO,05/11/2024,09:42:38,24095.9,24095,150,24095.9,50,450,11245150
NIFTY-I.NFO,05/11/2024,09:42:40,24095,24095,75,24095.9,50,100,11245150
NIFTY-I.NFO,05/11/2024,09:42:41,24092,24092,300,24094,75,175,11245150
NIFTY-I.NFO,05/11/2024,09:42:43,24090,24090,1325,24092.2,100,925,11245150
NIFTY-I.NFO,05/11/2024,09:42:45,24092.2,24091.3,100,24095,75,825,11245150
NIFTY-I.NFO,05/11/2024,09:42:46,24090,24090,1275,24094.8,100,100,11245150
NIFTY-I.NFO,05/11/2024,09:42:48,24094.95,24090.4,100,24094.95,425,50,11245150
NIFTY-I.NFO,05/11/2024,09:42:50,24094.45,24090,925,24094.35,100,500,11245150
NIFTY-I.NFO,05/11/2024,09:42:51,24090,24090,700,24093.15,25,275,11243700
NIFTY-I.NFO,05/11/2024,09:42:53,24090.1,24090.15,25,24095,175,250,11243700
NIFTY-I.NFO,05/11/2024,09:42:55,24091.7,24091.35,25,24095,150,100,11243700
NIFTY-I.NFO,05/11/2024,09:42:56,24093,24092.9,25,24095,175,50,11243700
NIFTY-I.NFO,05/11/2024,09:42:58,24096.4,24095.25,25,24099.95,100,375,11243700
NIFTY-I.NFO,05/11/2024,09:43:00,24091.65,24091.8,100,24097.4,375,75,11243700
NIFTY-I.NFO,05/11/2024,09:43:01,24098.4,24091,50,24096.45,375,200,11243700
NIFTY-I.NFO,05/11/2024,09:43:03,24093.15,24093.05,350,24096.4,125,50,11243700
NIFTY-I.NFO,05/11/2024,09:43:05,24093.05,24091.15,100,24093.05,975,450,11243700
NIFTY-I.NFO,05/11/2024,09:43:06,24093,24091.6,25,24093,50,150,11243700
NIFTY-I.NFO,05/11/2024,09:43:08,24093.05,24092.05,100,24093.05,900,225,11243700
NIFTY-I.NFO,05/11/2024,09:43:10,24093.4,24093.8,125,24098,25,1000,11243700
NIFTY-I.NFO,05/11/2024,09:43:11,24096.45,24095.95,125,24096.45,50,125,11243700
NIFTY-I.NFO,05/11/2024,09:43:13,24094.1,24095,25,24099,100,250,11243700
NIFTY-I.NFO,05/11/2024,09:43:15,24095.45,24095.05,125,24099,100,125,11243700
NIFTY-I.NFO,05/11/2024,09:43:16,24096.25,24093.1,25,24096.25,75,200,11243700
NIFTY-I.NFO,05/11/2024,09:43:18,24094.7,24096,275,24099,25,200,11243700
NIFTY-I.NFO,05/11/2024,09:43:20,24096.35,24095.5,25,24099.35,100,200,11243700
NIFTY-I.NFO,05/11/2024,09:43:21,24097.85,24094.8,150,24099.95,50,125,11243700
NIFTY-I.NFO,05/11/2024,09:43:23,24094.7,24094,25,24098.45,125,75,11243700
NIFTY-I.NFO,05/11/2024,09:43:25,24093,24095.4,125,24099.95,25,150,11243700
NIFTY-I.NFO,05/11/2024,09:43:26,24092.05,24092,25,24096.9,200,200,11243700
NIFTY-I.NFO,05/11/2024,09:43:28,24092.05,24094,25,24094.45,25,0,11243700
NIFTY-I.NFO,05/11/2024,09:43:30,24094.55,24094.55,150,24098,25,300,11243700
NIFTY-I.NFO,05/11/2024,09:43:31,24094.55,24095.55,150,24098,25,0,11243700
NIFTY-I.NFO,05/11/2024,09:43:33,24097.8,24096.95,25,24097.05,25,325,11243700
NIFTY-I.NFO,05/11/2024,09:43:35,24095.15,24095,25,24095.6,225,175,11243700
NIFTY-I.NFO,05/11/2024,09:43:36,24093,24092.1,25,24093,25,125,11243700
NIFTY-I.NFO,05/11/2024,09:43:38,24094.9,24094.65,75,24096.95,150,200,11243700
NIFTY-I.NFO,05/11/2024,09:43:40,24093,24093.1,125,24096.95,250,225,11243700
NIFTY-I.NFO,05/11/2024,09:43:41,24093,24093.8,75,24095.25,100,0,11243700
NIFTY-I.NFO,05/11/2024,09:43:43,24095.25,24093.4,25,24096.95,250,100,11243700
NIFTY-I.NFO,05/11/2024,09:43:45,24092.55,24092.55,175,24096.85,200,175,11243700
NIFTY-I.NFO,05/11/2024,09:43:46,24092.55,24092.55,100,24096.75,150,150,11243700
NIFTY-I.NFO,05/11/2024,09:43:48,24096.7,24092.35,125,24096.7,25,225,11243700
NIFTY-I.NFO,05/11/2024,09:43:50,24096.7,24093.05,25,24096.7,25,75,11243700
NIFTY-I.NFO,05/11/2024,09:43:51,24093.55,24093.75,200,24096.95,150,75,11243700
NIFTY-I.NFO,05/11/2024,09:43:53,24095,24093,100,24095,75,75,11243700
NIFTY-I.NFO,05/11/2024,09:43:55,24093.05,24093,50,24096.15,125,100,11243700
NIFTY-I.NFO,05/11/2024,09:43:56,24096.15,24093,50,24096.1,225,25,11243700
NIFTY-I.NFO,05/11/2024,09:43:58,24095.85,24092.2,25,24095.85,175,200,11243700
NIFTY-I.NFO,05/11/2024,09:44:00,24091.9,24091.95,250,24095.8,175,200,11243700
NIFTY-I.NFO,05/11/2024,09:44:01,24090.5,24090.05,50,24090.15,25,175,11243700
NIFTY-I.NFO,05/11/2024,09:44:03,24092,24090,2875,24093,50,125,11243700
NIFTY-I.NFO,05/11/2024,09:44:05,24093,24090.5,25,24095,675,175,11243700
NIFTY-I.NFO,05/11/2024,09:44:07,24090.5,24091.9,100,24093.55,500,25,11243700
NIFTY-I.NFO,05/11/2024,09:44:08,24093.55,24091.9,100,24093.55,475,25,11243700
NIFTY-I.NFO,05/11/2024,09:44:10,24093.55,24091.65,25,24093.55,450,250,11243700
NIFTY-I.NFO,05/11/2024,09:44:12,24093.55,24093,25,24093.55,400,75,11243700
NIFTY-I.NFO,05/11/2024,09:44:13,24093.35,24092.1,250,24093.55,375,150,11243700
NIFTY-I.NFO,05/11/2024,09:44:15,24093.85,24093.2,100,24094,275,525,11243700
NIFTY-I.NFO,05/11/2024,09:44:17,24093.25,24093,50,24094,375,25,11243700
NIFTY-I.NFO,05/11/2024,09:44:18,24090,24090,2650,24093,100,175,11243700
NIFTY-I.NFO,05/11/2024,09:44:20,24093,24090.6,250,24093,200,25,11243700
NIFTY-I.NFO,05/11/2024,09:44:22,24091.5,24090.45,200,24093,175,75,11243700
NIFTY-I.NFO,05/11/2024,09:44:23,24092.05,24090.05,25,24093,175,75,11243700
NIFTY-I.NFO,05/11/2024,09:44:25,24087.6,24087,75,24089.3,200,3450,11243700
NIFTY-I.NFO,05/11/2024,09:44:27,24087,24087,25,24089.3,150,175,11243700
NIFTY-I.NFO,05/11/2024,09:44:28,24086,24086.9,300,24088.7,425,100,11243700
NIFTY-I.NFO,05/11/2024,09:44:30,24089.55,24086.85,75,24088.85,500,125,11243700
NIFTY-I.NFO,05/11/2024,09:44:32,24086,24085.3,25,24086.1,225,575,11243700
NIFTY-I.NFO,05/11/2024,09:44:33,24086,24085.05,25,24086,200,175,11243700
NIFTY-I.NFO,05/11/2024,09:44:35,24084.25,24084.1,25,24086,475,525,11243700
NIFTY-I.NFO,05/11/2024,09:44:37,24085,24084.35,300,24086.85,25,1150,11243700
NIFTY-I.NFO,05/11/2024,09:44:38,24085.5,24085.3,125,24086.85,25,100,11243700
NIFTY-I.NFO,05/11/2024,09:44:40,24083.5,24083.95,25,24085.5,500,525,11243700
NIFTY-I.NFO,05/11/2024,09:44:42,24082.5,24082.3,25,24085,125,175,11243700
NIFTY-I.NFO,05/11/2024,09:44:43,24082.1,24082.1,875,24083.95,125,175,11243700
NIFTY-I.NFO,05/11/2024,09:44:45,24082.25,24082.15,25,24083.95,1225,150,11243700
NIFTY-I.NFO,05/11/2024,09:44:47,24082.1,24082.35,75,24083.95,1200,275,11243700
NIFTY-I.NFO,05/11/2024,09:44:48,24083.95,24082.15,25,24083.95,975,625,11243700
NIFTY-I.NFO,05/11/2024,09:44:50,24083.95,24082.95,125,24083.9,100,50,11243700
NIFTY-I.NFO,05/11/2024,09:44:52,24085,24085.05,25,24086.6,50,1600,11243700
NIFTY-I.NFO,05/11/2024,09:44:53,24090,24088.1,25,24090,175,275,11243700
NIFTY-I.NFO,05/11/2024,09:44:55,24088.4,24087.9,25,24089.9,525,125,11243700
NIFTY-I.NFO,05/11/2024,09:44:57,24090,24088.85,50,24090,25,300,11243700
NIFTY-I.NFO,05/11/2024,09:44:58,24090,24089.65,50,24092,150,425,11243700
NIFTY-I.NFO,05/11/2024,09:45:00,24091.95,24091,25,24091.95,150,200,11243700
NIFTY-I.NFO,05/11/2024,09:45:02,24092.15,24092.65,125,24093,125,575,11243700
NIFTY-I.NFO,05/11/2024,09:45:03,24096,24095.85,200,24096,150,1300,11243700
NIFTY-I.NFO,05/11/2024,09:45:05,24092.9,24093.2,975,24095.4,500,275,11243700
NIFTY-I.NFO,05/11/2024,09:45:07,24095,24094.4,25,24095.95,500,25,11243700
NIFTY-I.NFO,05/11/2024,09:45:08,24096,24094.95,25,24096.15,25,50,11243700
NIFTY-I.NFO,05/11/2024,09:45:10,24096.1,24095.4,25,24096.1,50,150,11243700
NIFTY-I.NFO,05/11/2024,09:45:12,24094.95,24095.05,25,24096,125,75,11243700
NIFTY-I.NFO,05/11/2024,09:45:13,24095.4,24095.2,25,24096,400,300,11243700
NIFTY-I.NFO,05/11/2024,09:45:15,24095.95,24095.15,25,24095.9,200,75,11243700
NIFTY-I.NFO,05/11/2024,09:45:17,24095.85,24095.4,25,24095.85,225,75,11243700
NIFTY-I.NFO,05/11/2024,09:45:18,24095.4,24095.45,25,24095.75,200,175,11243700
NIFTY-I.NFO,05/11/2024,09:45:20,24095.7,24093.9,25,24095.7,375,1825,11243700
NIFTY-I.NFO,05/11/2024,09:45:22,24093.05,24092.85,25,24095,150,225,11243700
NIFTY-I.NFO,05/11/2024,09:45:23,24094.5,24094.75,100,24094.9,150,175,11243700
NIFTY-I.NFO,05/11/2024,09:45:25,24096.95,24095.1,25,24096.95,50,675,11243700
NIFTY-I.NFO,05/11/2024,09:45:27,24097.85,24095.4,50,24096,25,275,11243700
NIFTY-I.NFO,05/11/2024,09:45:28,24092.05,24091.7,25,24095.5,175,125,11243700
NIFTY-I.NFO,05/11/2024,09:45:30,24090.05,24090.05,325,24092.8,100,125,11243700
NIFTY-I.NFO,05/11/2024,09:45:32,24085.05,24085.05,225,24085.5,25,450,11243700
NIFTY-I.NFO,05/11/2024,09:45:33,24085.15,24085.2,25,24085.5,100,100,11243700
NIFTY-I.NFO,05/11/2024,09:45:35,24082.4,24082.7,25,24084.45,400,200,11243700
NIFTY-I.NFO,05/11/2024,09:45:37,24082.8,24083.25,275,24084.45,100,75,11243700
NIFTY-I.NFO,05/11/2024,09:45:38,24082.2,24082.15,275,24083.25,50,125,11243700
NIFTY-I.NFO,05/11/2024,09:45:40,24082.1,24082.1,750,24082.8,25,125,11243700
NIFTY-I.NFO,05/11/2024,09:45:42,24082.2,24082.1,500,24082.8,250,150,11243700
NIFTY-I.NFO,05/11/2024,09:45:43,24082.1,24082.1,350,24082.2,75,175,11243700
NIFTY-I.NFO,05/11/2024,09:45:45,24081.85,24081.7,50,24082.1,25,475,11243700
NIFTY-I.NFO,05/11/2024,09:45:47,24082.1,24081.3,75,24082.1,250,375,11243700
NIFTY-I.NFO,05/11/2024,09:45:48,24082,24082,100,24082.1,275,75,11243700
NIFTY-I.NFO,05/11/2024,09:45:50,24081.7,24081.85,25,24082,125,100,11243700
NIFTY-I.NFO,05/11/2024,09:45:52,24082.15,24082.1,325,24085,125,800,11241750
NIFTY-I.NFO,05/11/2024,09:45:53,24082.2,24082.2,25,24084.95,50,100,11241750
NIFTY-I.NFO,05/11/2024,09:45:55,24084.95,24082.1,75,24084.95,100,125,11241750
NIFTY-I.NFO,05/11/2024,09:45:57,24082.1,24082.1,50,24084.85,75,75,11241750
NIFTY-I.NFO,05/11/2024,09:45:58,24085,24081.3,50,24084.95,100,250,11241750
NIFTY-I.NFO,05/11/2024,09:46:00,24085,24081.5,25,24084.95,100,0,11241750
NIFTY-I.NFO,05/11/2024,09:46:02,24082.35,24082.35,25,24084.4,100,125,11241750
NIFTY-I.NFO,05/11/2024,09:46:03,24081,24081,375,24084.3,100,250,11241750
NIFTY-I.NFO,05/11/2024,09:46:05,24082.2,24083.25,125,24085.2,100,625,11241750
NIFTY-I.NFO,05/11/2024,09:46:07,24082.1,24082,25,24086.85,50,225,11241750
NIFTY-I.NFO,05/11/2024,09:46:08,24082,24082.8,25,24087.4,50,150,11241750
NIFTY-I.NFO,05/11/2024,09:46:10,24085,24085,200,24087.95,25,1300,11241750
NIFTY-I.NFO,05/11/2024,09:46:12,24081,24082,25,24084,400,325,11241750
NIFTY-I.NFO,05/11/2024,09:46:13,24081,24081,325,24084.45,25,75,11241750
NIFTY-I.NFO,05/11/2024,09:46:15,24081.1,24081.05,50,24085,25,75,11241750
NIFTY-I.NFO,05/11/2024,09:46:16,24081.45,24081.4,150,24083.8,400,300,11241750
NIFTY-I.NFO,05/11/2024,09:46:18,24083.15,24081,375,24084.85,100,275,11241750
NIFTY-I.NFO,05/11/2024,09:46:20,24081,24081,275,24081.1,25,275,11241750
NIFTY-I.NFO,05/11/2024,09:46:22,24082,24082,175,24084.95,75,250,11241750
NIFTY-I.NFO,05/11/2024,09:46:23,24081,24081,225,24084.95,75,200,11241750
NIFTY-I.NFO,05/11/2024,09:46:25,24081,24081,400,24085.45,100,650,11241750
NIFTY-I.NFO,05/11/2024,09:46:27,24081.5,24082,200,24083.9,25,475,11241750
NIFTY-I.NFO,05/11/2024,09:46:28,24084.9,24082.65,1075,24087.1,25,1000,11241750
NIFTY-I.NFO,05/11/2024,09:46:30,24087.85,24082.15,25,24084.95,25,275,11241750
NIFTY-I.NFO,05/11/2024,09:46:32,24087.85,24082.15,25,24084.95,25,0,11241750
NIFTY-I.NFO,05/11/2024,09:46:33,24082.35,24082.85,25,24084.95,25,150,11241750
NIFTY-I.NFO,05/11/2024,09:46:35,24082.7,24082.3,25,24084.8,25,75,11241750
NIFTY-I.NFO,05/11/2024,09:46:37,24084.8,24082.3,25,24084.2,25,50,11241750
NIFTY-I.NFO,05/11/2024,09:46:38,24082,24082,75,24083.8,25,125,11241750
NIFTY-I.NFO,05/11/2024,09:46:40,24081.2,24081.1,75,24084,25,125,11241750
NIFTY-I.NFO,05/11/2024,09:46:42,24080.8,24080.65,50,24081.45,25,200,11241750
NIFTY-I.NFO,05/11/2024,09:46:43,24081.45,24080.1,900,24081.45,25,100,11241750
NIFTY-I.NFO,05/11/2024,09:46:45,24080.1,24080.1,800,24081.45,25,100,11241750
NIFTY-I.NFO,05/11/2024,09:46:47,24080.1,24080.1,675,24081.45,25,175,11241750
NIFTY-I.NFO,05/11/2024,09:46:48,24080.6,24080.05,125,24080.6,25,850,11241750
NIFTY-I.NFO,05/11/2024,09:46:50,24080.6,24080,1700,24080.6,25,1375,11241750
NIFTY-I.NFO,05/11/2024,09:46:52,24080,24080,1675,24080.05,25,200,11241750
NIFTY-I.NFO,05/11/2024,09:46:53,24080,24080,1175,24080.05,125,550,11241750
NIFTY-I.NFO,05/11/2024,09:46:55,24078.5,24078.3,500,24080.05,25,1550,11241750
NIFTY-I.NFO,05/11/2024,09:46:57,24080.6,24078.3,175,24080.6,25,625,11241750
NIFTY-I.NFO,05/11/2024,09:46:58,24077.25,24077.25,25,24078.25,25,825,11241750
NIFTY-I.NFO,05/11/2024,09:47:00,24077.45,24077.4,50,24078.25,25,250,11241750
NIFTY-I.NFO,05/11/2024,09:47:02,24080.95,24078.3,450,24080.95,25,725,11241750
NIFTY-I.NFO,05/11/2024,09:47:03,24078.75,24078.3,25,24078.75,25,125,11241750
NIFTY-I.NFO,05/11/2024,09:47:05,24078.75,24078.45,25,24078.75,25,100,11241750
NIFTY-I.NFO,05/11/2024,09:47:07,24079.25,24079.2,25,24079.95,25,500,11241750
NIFTY-I.NFO,05/11/2024,09:47:08,24079.2,24078.6,100,24079.15,25,75,11241750
NIFTY-I.NFO,05/11/2024,09:47:10,24078,24078,900,24079.15,225,250,11241750
NIFTY-I.NFO,05/11/2024,09:47:12,24078,24078,800,24079.1,25,150,11241750
NIFTY-I.NFO,05/11/2024,09:47:13,24078.05,24078,825,24079.05,25,50,11241750
NIFTY-I.NFO,05/11/2024,09:47:15,24079,24078.2,975,24079,25,50,11241750
NIFTY-I.NFO,05/11/2024,09:47:16,24081,24081.35,25,24083,425,1300,11241750
NIFTY-I.NFO,05/11/2024,09:47:18,24083.4,24082.6,25,24083.95,25,500,11241750
NIFTY-I.NFO,05/11/2024,09:47:20,24087,24085,2750,24087.65,25,375,11241750
NIFTY-I.NFO,05/11/2024,09:47:21,24085,24085,2650,24087.45,25,100,11241750
NIFTY-I.NFO,05/11/2024,09:47:23,24085,24085,2500,24086.65,25,175,11241750
NIFTY-I.NFO,05/11/2024,09:47:25,24083.8,24079.15,150,24083.8,25,2775,11241750
NIFTY-I.NFO,05/11/2024,09:47:26,24084.25,24080.2,25,24084.15,50,375,11241750
NIFTY-I.NFO,05/11/2024,09:47:28,24078.75,24078.05,25,24078.7,25,375,11241750
NIFTY-I.NFO,05/11/2024,09:47:30,24075,24075,4525,24077.1,25,3700,11241750
NIFTY-I.NFO,05/11/2024,09:47:31,24075,24075,1950,24077.9,50,2700,11241750
NIFTY-I.NFO,05/11/2024,09:47:33,24076.85,24073.05,25,24076,25,2125,11241750
NIFTY-I.NFO,05/11/2024,09:47:35,24075,24073,25,24076.7,50,300,11241750
NIFTY-I.NFO,05/11/2024,09:47:36,24079.4,24073.65,50,24079.5,25,2700,11241750
NIFTY-I.NFO,05/11/2024,09:47:38,24075,24072,25,24076.5,25,1125,11241750
NIFTY-I.NFO,05/11/2024,09:47:40,24074,24074,625,24074.95,25,375,11241750
NIFTY-I.NFO,05/11/2024,09:47:41,24072,24071.05,25,24074.5,25,225,11241750
NIFTY-I.NFO,05/11/2024,09:47:43,24073.3,24070,950,24073.05,25,475,11241750
NIFTY-I.NFO,05/11/2024,09:47:45,24066,24066.05,100,24068.95,25,1375,11241750
NIFTY-I.NFO,05/11/2024,09:47:46,24066,24065,125,24066,25,600,11241750
NIFTY-I.NFO,05/11/2024,09:47:48,24065.95,24065,125,24065.95,25,1400,11241750
NIFTY-I.NFO,05/11/2024,09:47:50,24066.2,24066.2,25,24068.9,25,1250,11241750
NIFTY-I.NFO,05/11/2024,09:47:51,24068.9,24066.4,25,24068.85,25,725,11241750
NIFTY-I.NFO,05/11/2024,09:47:53,24066.6,24066.25,25,24068.8,25,125,11241750
NIFTY-I.NFO,05/11/2024,09:47:55,24066.4,24067,25,24068.6,25,425,11241750
NIFTY-I.NFO,05/11/2024,09:47:56,24066.9,24066.95,125,24068.6,550,75,11241750
NIFTY-I.NFO,05/11/2024,09:47:58,24067.1,24067.55,375,24068.6,550,325,11241750
NIFTY-I.NFO,05/11/2024,09:47:59,24068.5,24068.5,25,24071.95,25,2500,11241750
NIFTY-I.NFO,05/11/2024,09:48:01,24071.85,24068.5,25,24071.85,25,150,11241750
NIFTY-I.NFO,05/11/2024,09:48:03,24069.9,24068.95,25,24069.8,25,50,11241750
NIFTY-I.NFO,05/11/2024,09:48:04,24073.85,24072.35,25,24074,150,700,11241750
NIFTY-I.NFO,05/11/2024,09:48:06,24075.1,24075.1,225,24076.35,25,800,11241750
NIFTY-I.NFO,05/11/2024,09:48:08,24072.35,24073.1,50,24077.95,25,700,11241750
NIFTY-I.NFO,05/11/2024,09:48:09,24075.1,24074.25,25,24077.9,25,800,11241750
NIFTY-I.NFO,05/11/2024,09:48:11,24075.05,24073.7,25,24077.85,25,1225,11241750
NIFTY-I.NFO,05/11/2024,09:48:13,24071.8,24071.9,200,24074.95,25,75,11241750
NIFTY-I.NFO,05/11/2024,09:48:14,24074.9,24073.25,75,24074.9,25,175,11241750
NIFTY-I.NFO,05/11/2024,09:48:16,24074.9,24074.35,25,24074.85,25,50,11241750
NIFTY-I.NFO,05/11/2024,09:48:18,24072.45,24073.1,925,24074.7,25,125,11241750
NIFTY-I.NFO,05/11/2024,09:48:19,24074.65,24072,325,24074.65,25,100,11241750
NIFTY-I.NFO,05/11/2024,09:48:21,24072.45,24073.55,25,24074.85,25,250,11241750
NIFTY-I.NFO,05/11/2024,09:48:23,24080,24078.05,25,24080,200,625,11241750
NIFTY-I.NFO,05/11/2024,09:48:24,24079.35,24079.25,25,24079.95,25,150,11241750
NIFTY-I.NFO,05/11/2024,09:48:26,24074.3,24075.65,125,24079.95,200,300,11241750
NIFTY-I.NFO,05/11/2024,09:48:28,24079.95,24074,50,24077.8,25,25,11241750
NIFTY-I.NFO,05/11/2024,09:48:29,24073,24073,225,24077.75,25,75,11241750
NIFTY-I.NFO,05/11/2024,09:48:31,24077.75,24073,200,24077.75,125,100,11241750
NIFTY-I.NFO,05/11/2024,09:48:33,24073,24073.9,225,24074.65,25,800,11241750
NIFTY-I.NFO,05/11/2024,09:48:34,24078,24073.25,25,24078.2,100,200,11241750
NIFTY-I.NFO,05/11/2024,09:48:36,24072.5,24074,325,24077.5,100,150,11241750
NIFTY-I.NFO,05/11/2024,09:48:38,24079.45,24075,25,24079.5,25,100,11241750
NIFTY-I.NFO,05/11/2024,09:48:39,24079.95,24075,25,24079.95,100,50,11241750
NIFTY-I.NFO,05/11/2024,09:48:41,24074.7,24074.65,350,24079.95,50,225,11241750
NIFTY-I.NFO,05/11/2024,09:48:43,24080,24074.65,225,24080,225,600,11241750
NIFTY-I.NFO,05/11/2024,09:48:44,24074.65,24075,1200,24079,25,50,11241750
NIFTY-I.NFO,05/11/2024,09:48:46,24079.9,24075,1200,24079.9,100,75,11241750
NIFTY-I.NFO,05/11/2024,09:48:48,24079.9,24075.2,125,24079.95,25,0,11241750
NIFTY-I.NFO,05/11/2024,09:48:49,24079.95,24075,1175,24080.15,75,650,11241750
NIFTY-I.NFO,05/11/2024,09:48:51,24080.7,24076.35,50,24080.95,100,175,11241750
NIFTY-I.NFO,05/11/2024,09:48:53,24080.95,24079.6,25,24080.95,25,225,11252425
NIFTY-I.NFO,05/11/2024,09:48:54,24084.9,24083,250,24084.9,25,125,11252425
NIFTY-I.NFO,05/11/2024,09:48:56,24084.9,24084.9,50,24085,50,200,11252425
NIFTY-I.NFO,05/11/2024,09:48:58,24084.9,24084.9,25,24085,50,25,11252425
NIFTY-I.NFO,05/11/2024,09:48:59,24084.9,24083,250,24084.95,50,25,11252425
NIFTY-I.NFO,05/11/2024,09:49:01,24084.9,24080,75,24084.7,125,525,11252425
NIFTY-I.NFO,05/11/2024,09:49:03,24084.15,24080,75,24083.4,175,25,11252425
NIFTY-I.NFO,05/11/2024,09:49:04,24079.95,24077,100,24079.95,50,125,11252425
NIFTY-I.NFO,05/11/2024,09:49:06,24077,24077,75,24080,25,325,11252425
NIFTY-I.NFO,05/11/2024,09:49:08,24081.65,24076.4,25,24084,50,875,11252425
NIFTY-I.NFO,05/11/2024,09:49:09,24081,24076.7,125,24082.3,100,25,11252425
NIFTY-I.NFO,05/11/2024,09:49:11,24077.7,24075.7,25,24081.6,175,1250,11252425
NIFTY-I.NFO,05/11/2024,09:49:13,24077.7,24075.35,100,24081.6,75,0,11252425
NIFTY-I.NFO,05/11/2024,09:49:14,24075.45,24075.95,50,24082.35,75,200,11252425
NIFTY-I.NFO,05/11/2024,09:49:16,24079.15,24077.1,150,24083.5,75,75,11252425
NIFTY-I.NFO,05/11/2024,09:49:18,24077.35,24077,100,24083.1,175,25,11252425
NIFTY-I.NFO,05/11/2024,09:49:19,24083.3,24082.35,50,24084,200,50,11252425
NIFTY-I.NFO,05/11/2024,09:49:21,24083.3,24082.35,50,24083.95,300,0,11252425
NIFTY-I.NFO,05/11/2024,09:49:23,24079.15,24075.7,50,24081.05,25,100,11252425
NIFTY-I.NFO,05/11/2024,09:49:24,24079.15,24075,1225,24077.7,25,0,11252425
NIFTY-I.NFO,05/11/2024,09:49:26,24071,24071,1050,24071.85,25,5150,11252425
NIFTY-I.NFO,05/11/2024,09:49:28,24068,24066,400,24069.6,50,1475,11252425
NIFTY-I.NFO,05/11/2024,09:49:29,24070.05,24066.3,100,24069.6,200,75,11252425
NIFTY-I.NFO,05/11/2024,09:49:31,24069.6,24066.05,100,24069.6,175,100,11252425
NIFTY-I.NFO,05/11/2024,09:49:33,24068.15,24066.3,100,24069.6,175,50,11252425
NIFTY-I.NFO,05/11/2024,09:49:34,24066.05,24066.05,25,24069.6,75,150,11252425
NIFTY-I.NFO,05/11/2024,09:49:36,24065.8,24065.5,50,24069.55,25,450,11252425
NIFTY-I.NFO,05/11/2024,09:49:38,24067,24066.25,100,24071.95,100,450,11252425
NIFTY-I.NFO,05/11/2024,09:49:39,24065.3,24065.55,175,24068.15,250,50,11252425
NIFTY-I.NFO,05/11/2024,09:49:41,24067.9,24067.7,75,24068.15,75,925,11252425
NIFTY-I.NFO,05/11/2024,09:49:43,24067.7,24068.15,25,24072.35,25,125,11252425
NIFTY-I.NFO,05/11/2024,09:49:44,24072.35,24068.1,100,24074.05,75,150,11252425
NIFTY-I.NFO,05/11/2024,09:49:46,24073.05,24068.15,25,24072.55,75,25,11252425
NIFTY-I.NFO,05/11/2024,09:49:48,24068.15,24069.2,50,24074.3,50,50,11252425
NIFTY-I.NFO,05/11/2024,09:49:49,24074.15,24069.15,100,24074.65,100,25,11252425
NIFTY-I.NFO,05/11/2024,09:49:51,24074.5,24069.1,50,24074.3,100,275,11252425
NIFTY-I.NFO,05/11/2024,09:49:53,24074.35,24069.6,25,24075.55,25,725,11252425
NIFTY-I.NFO,05/11/2024,09:49:54,24070.9,24071.35,50,24074.45,25,50,11252425
NIFTY-I.NFO,05/11/2024,09:49:56,24073.95,24069.3,175,24073.95,25,75,11252425
NIFTY-I.NFO,05/11/2024,09:49:58,24070,24070,75,24073.95,25,25,11252425
NIFTY-I.NFO,05/11/2024,09:49:59,24073.95,24069.6,50,24073.9,25,725,11252425
NIFTY-I.NFO,05/11/2024,09:50:01,24070.4,24070.4,50,24071.95,25,150,11252425
NIFTY-I.NFO,05/11/2024,09:50:03,24072,24072.55,225,24073.85,25,425,11252425
NIFTY-I.NFO,05/11/2024,09:50:04,24075,24075,1775,24079.1,25,775,11252425
NIFTY-I.NFO,05/11/2024,09:50:06,24075,24075,1025,24077.85,25,750,11252425
NIFTY-I.NFO,05/11/2024,09:50:08,24080.15,24075,1025,24079.95,25,1650,11252425
NIFTY-I.NFO,05/11/2024,09:50:09,24075,24075,725,24079.85,25,325,11252425
NIFTY-I.NFO,05/11/2024,09:50:11,24079.55,24075,725,24079.25,25,25,11252425
NIFTY-I.NFO,05/11/2024,09:50:13,24080.45,24075.55,125,24080.45,25,50,11252425
NIFTY-I.NFO,05/11/2024,09:50:14,24076.1,24076.35,225,24081.85,25,1450,11252425
NIFTY-I.NFO,05/11/2024,09:50:16,24076.45,24075.1,125,24080.8,225,50,11252425
NIFTY-I.NFO,05/11/2024,09:50:18,24079.45,24075,100,24077.95,25,25,11252425
NIFTY-I.NFO,05/11/2024,09:50:19,24075,24073.8,25,24074.95,25,200,11252425
NIFTY-I.NFO,05/11/2024,09:50:21,24071.95,24071.95,25,24075.4,25,125,11252425
NIFTY-I.NFO,05/11/2024,09:50:23,24075,24071.95,25,24075.35,125,25,11252425
NIFTY-I.NFO,05/11/2024,09:50:24,24075.35,24071.95,50,24075.35,25,50,11252425
NIFTY-I.NFO,05/11/2024,09:50:26,24072,24071.95,50,24075.3,25,50,11252425
NIFTY-I.NFO,05/11/2024,09:50:28,24072,24073.05,125,24075.25,25,0,11252425
NIFTY-I.NFO,05/11/2024,09:50:29,24073.05,24073.9,175,24075.2,25,125,11252425
NIFTY-I.NFO,05/11/2024,09:50:31,24072.6,24072.8,25,24074.55,25,125,11252425
